symbol,Date,quote_time,ask_price,norm_ask_price,ask_size,bid_price,norm_bid_price,bid_size,last_trade_price,norm_last_trade_price,last_trade_size,mark_price,norm_mark_price,volume,Volume
IWM191004P147,2019-10-03,2019-10-02 09:20:05,1.29,0.9699,45,1.26,0.9473,95,1.2,0.9022,120,1.275,0.9586,5062,705
IWM191004P147,2019-10-03,2019-10-02 09:20:06,1.3,0.9774,83,1.25,0.9398,114,1.2,0.9022,120,1.275,0.9586,5062,0
IWM191004P147,2019-10-03,2019-10-02 09:20:06,1.3,0.9774,69,1.27,0.9548,61,1.2,0.9022,120,1.285,0.9661,5062,0
IWM191004P147,2019-10-03,2019-10-02 09:20:07,1.28,0.9624,24,1.25,0.9398,59,1.2,0.9022,120,1.265,0.9511,5062,0
IWM191004P147,2019-10-03,2019-10-02 09:20:08,1.29,0.9699,10,1.27,0.9548,107,1.2,0.9022,120,1.28,0.9624,5062,0
IWM191004P147,2019-10-03,2019-10-02 09:20:08,1.3,0.9774,10,1.28,0.9624,55,1.2,0.9022,120,1.29,0.9699,5062,0
IWM191004P147,2019-10-03,2019-10-02 09:20:09,1.3,0.9774,29,1.27,0.9548,121,1.2,0.9022,120,1.285,0.9661,5062,0
IWM191004P147,2019-10-03,2019-10-02 09:20:10,1.3,0.9774,36,1.28,0.9624,15,1.2,0.9022,120,1.29,0.9699,5062,0
IWM191004P147,2019-10-03,2019-10-02 09:20:10,1.3,0.9774,29,1.28,0.9624,15,1.2,0.9022,120,1.29,0.9699,5062,0
IWM191004P147,2019-10-03,2019-10-02 09:20:11,1.28,0.9624,100,1.25,0.9398,75,1.2,0.9022,120,1.265,0.9511,5062,0
IWM191004P147,2019-10-03,2019-10-02 09:20:11,1.27,0.9548,175,1.22,0.9172,223,1.2,0.9022,120,1.245,0.936,5062,0
IWM191004P147,2019-10-03,2019-10-02 09:20:12,1.28,0.9624,153,1.23,0.9248,16,1.2,0.9022,120,1.255,0.9436,5062,0
IWM191004P147,2019-10-03,2019-10-02 09:20:13,1.26,0.9473,117,1.24,0.9323,12,1.2,0.9022,120,1.25,0.9398,5062,0
IWM191004P147,2019-10-03,2019-10-02 09:20:13,1.27,0.9548,93,1.25,0.9398,12,1.2,0.9022,120,1.26,0.9473,5062,0
IWM191004P147,2019-10-03,2019-10-02 09:20:14,1.28,0.9624,223,1.26,0.9473,4,1.2,0.9022,120,1.27,0.9548,5062,0
IWM191004P147,2019-10-03,2019-10-02 09:20:15,1.27,0.9548,81,1.25,0.9398,5,1.2,0.9022,120,1.26,0.9473,5062,0
IWM191004P147,2019-10-03,2019-10-02 09:20:15,1.27,0.9548,81,1.24,0.9323,32,1.2,0.9022,120,1.255,0.9436,5062,0
IWM191004P147,2019-10-03,2019-10-02 09:20:16,1.27,0.9548,12,1.25,0.9398,24,1.2,0.9022,120,1.26,0.9473,5062,0
IWM191004P147,2019-10-03,2019-10-02 09:20:17,1.27,0.9548,9,1.25,0.9398,32,1.2,0.9022,120,1.26,0.9473,5062,0
IWM191004P147,2019-10-03,2019-10-02 09:20:17,1.27,0.9548,23,1.24,0.9323,107,1.2,0.9022,120,1.255,0.9436,5062,0
IWM191004P147,2019-10-03,2019-10-02 09:20:18,1.27,0.9548,17,1.25,0.9398,20,1.2,0.9022,120,1.26,0.9473,5062,0
IWM191004P147,2019-10-03,2019-10-02 09:20:18,1.27,0.9548,31,1.24,0.9323,103,1.2,0.9022,120,1.255,0.9436,5062,0
IWM191004P147,2019-10-03,2019-10-02 09:20:19,1.27,0.9548,327,1.24,0.9323,62,1.2,0.9022,120,1.255,0.9436,5062,0
IWM191004P147,2019-10-03,2019-10-02 09:20:20,1.26,0.9473,178,1.24,0.9323,19,1.2,0.9022,120,1.25,0.9398,5062,0
IWM191004P147,2019-10-03,2019-10-02 09:20:20,1.26,0.9473,65,1.24,0.9323,15,1.2,0.9022,120,1.25,0.9398,5062,0
IWM191004P147,2019-10-03,2019-10-02 09:20:21,1.25,0.9398,22,1.24,0.9323,12,1.2,0.9022,120,1.245,0.936,5062,0
IWM191004P147,2019-10-03,2019-10-02 09:20:21,1.25,0.9398,13,1.23,0.9248,32,1.2,0.9022,120,1.24,0.9323,5062,0
IWM191004P147,2019-10-03,2019-10-02 09:20:22,1.26,0.9473,116,1.24,0.9323,12,1.2,0.9022,120,1.25,0.9398,5062,0
IWM191004P147,2019-10-03,2019-10-02 09:20:23,1.26,0.9473,65,1.24,0.9323,5,1.2,0.9022,120,1.25,0.9398,5062,0
IWM191004P147,2019-10-03,2019-10-02 09:20:23,1.26,0.9473,53,1.24,0.9323,19,1.2,0.9022,120,1.25,0.9398,5062,0
IWM191004P147,2019-10-03,2019-10-02 09:20:24,1.26,0.9473,37,1.24,0.9323,20,1.2,0.9022,120,1.25,0.9398,5062,0
IWM191004P147,2019-10-03,2019-10-02 09:20:25,1.26,0.9473,37,1.24,0.9323,20,1.2,0.9022,120,1.25,0.9398,5062,0
IWM191004P147,2019-10-03,2019-10-02 09:20:25,1.26,0.9473,37,1.24,0.9323,31,1.2,0.9022,120,1.25,0.9398,5062,0
IWM191004P147,2019-10-03,2019-10-02 09:20:26,1.26,0.9473,20,1.25,0.9398,5,1.2,0.9022,120,1.255,0.9436,5062,0
IWM191004P147,2019-10-03,2019-10-02 09:20:26,1.26,0.9473,21,1.25,0.9398,5,1.2,0.9022,120,1.255,0.9436,5062,0
IWM191004P147,2019-10-03,2019-10-02 09:20:27,1.26,0.9473,20,1.25,0.9398,5,1.2,0.9022,120,1.255,0.9436,5062,0
IWM191004P147,2019-10-03,2019-10-02 09:20:28,1.27,0.9548,3,1.26,0.9473,2,1.2,0.9022,120,1.265,0.9511,5062,0
IWM191004P147,2019-10-03,2019-10-02 09:20:28,1.27,0.9548,26,1.25,0.9398,25,1.2,0.9022,120,1.26,0.9473,5062,0
IWM191004P147,2019-10-03,2019-10-02 09:20:29,1.28,0.9624,20,1.26,0.9473,25,1.2,0.9022,120,1.27,0.9548,5062,0
IWM191004P147,2019-10-03,2019-10-02 09:20:30,1.28,0.9624,257,1.26,0.9473,25,1.2,0.9022,120,1.27,0.9548,5062,0
IWM191004P147,2019-10-03,2019-10-02 09:20:30,1.28,0.9624,253,1.25,0.9398,110,1.2,0.9022,120,1.265,0.9511,5062,0
IWM191004P147,2019-10-03,2019-10-02 09:20:31,1.28,0.9624,241,1.25,0.9398,101,1.2,0.9022,120,1.265,0.9511,5062,0
IWM191004P147,2019-10-03,2019-10-02 09:20:31,1.28,0.9624,317,1.25,0.9398,118,1.2,0.9022,120,1.265,0.9511,5062,0
IWM191004P147,2019-10-03,2019-10-02 09:20:32,1.28,0.9624,183,1.25,0.9398,118,1.2,0.9022,120,1.265,0.9511,5062,0
IWM191004P147,2019-10-03,2019-10-02 09:20:33,1.27,0.9548,17,1.26,0.9473,11,1.2,0.9022,120,1.265,0.9511,5062,0
IWM191004P147,2019-10-03,2019-10-02 09:20:33,1.28,0.9624,183,1.25,0.9398,118,1.2,0.9022,120,1.265,0.9511,5062,0
IWM191004P147,2019-10-03,2019-10-02 09:20:34,1.27,0.9548,21,1.25,0.9398,35,1.2,0.9022,120,1.26,0.9473,5062,0
IWM191004P147,2019-10-03,2019-10-02 09:20:35,1.28,0.9624,162,1.25,0.9398,161,1.2,0.9022,120,1.265,0.9511,5062,0
IWM191004P147,2019-10-03,2019-10-02 09:20:35,1.27,0.9548,12,1.26,0.9473,8,1.2,0.9022,120,1.265,0.9511,5062,0
IWM191004P147,2019-10-03,2019-10-02 09:20:36,1.27,0.9548,10,1.25,0.9398,110,1.2,0.9022,120,1.26,0.9473,5062,0
IWM191004P147,2019-10-03,2019-10-02 09:20:36,1.27,0.9548,1,1.25,0.9398,110,1.2,0.9022,120,1.26,0.9473,5062,0
IWM191004P147,2019-10-03,2019-10-02 09:20:37,1.27,0.9548,87,1.25,0.9398,19,1.2,0.9022,120,1.26,0.9473,5062,0
IWM191004P147,2019-10-03,2019-10-02 09:20:37,1.27,0.9548,132,1.24,0.9323,138,1.2,0.9022,120,1.255,0.9436,5062,0
IWM191004P147,2019-10-03,2019-10-02 09:20:38,1.27,0.9548,171,1.24,0.9323,138,1.2,0.9022,120,1.255,0.9436,5062,0
IWM191004P147,2019-10-03,2019-10-02 09:20:39,1.27,0.9548,134,1.25,0.9398,35,1.2,0.9022,120,1.26,0.9473,5062,0
IWM191004P147,2019-10-03,2019-10-02 09:20:39,1.28,0.9624,249,1.25,0.9398,35,1.2,0.9022,120,1.265,0.9511,5062,0
IWM191004P147,2019-10-03,2019-10-02 09:20:40,1.27,0.9548,151,1.25,0.9398,20,1.2,0.9022,120,1.26,0.9473,5062,0
IWM191004P147,2019-10-03,2019-10-02 09:20:41,1.27,0.9548,151,1.26,0.9473,4,1.2,0.9022,120,1.265,0.9511,5062,0
IWM191004P147,2019-10-03,2019-10-02 09:20:41,1.27,0.9548,70,1.25,0.9398,11,1.2,0.9022,120,1.26,0.9473,5062,0
IWM191004P147,2019-10-03,2019-10-02 09:20:42,1.27,0.9548,57,1.25,0.9398,24,1.2,0.9022,120,1.26,0.9473,5062,0
IWM191004P147,2019-10-03,2019-10-02 09:20:43,1.27,0.9548,57,1.25,0.9398,24,1.2,0.9022,120,1.26,0.9473,5062,0
IWM191004P147,2019-10-03,2019-10-02 09:20:43,1.27,0.9548,57,1.25,0.9398,20,1.2,0.9022,120,1.26,0.9473,5062,0
IWM191004P147,2019-10-03,2019-10-02 09:20:44,1.27,0.9548,57,1.26,0.9473,4,1.2,0.9022,120,1.265,0.9511,5062,0
IWM191004P147,2019-10-03,2019-10-02 09:20:45,1.27,0.9548,71,1.25,0.9398,32,1.2,0.9022,120,1.26,0.9473,5062,0
IWM191004P147,2019-10-03,2019-10-02 09:20:45,1.27,0.9548,41,1.26,0.9473,5,1.2,0.9022,120,1.265,0.9511,5062,0
IWM191004P147,2019-10-03,2019-10-02 09:20:46,1.27,0.9548,34,1.26,0.9473,25,1.27,0.9548,100,1.265,0.9511,5162,100
IWM191004P147,2019-10-03,2019-10-02 09:20:46,1.28,0.9624,201,1.26,0.9473,25,1.27,0.9548,100,1.27,0.9548,5162,0
IWM191004P147,2019-10-03,2019-10-02 09:20:47,1.28,0.9624,201,1.26,0.9473,25,1.27,0.9548,100,1.27,0.9548,5162,0
IWM191004P147,2019-10-03,2019-10-02 09:20:47,1.28,0.9624,158,1.25,0.9398,68,1.27,0.9548,100,1.265,0.9511,5162,0
IWM191004P147,2019-10-03,2019-10-02 09:20:48,1.28,0.9624,168,1.25,0.9398,115,1.27,0.9548,100,1.265,0.9511,5162,0
IWM191004P147,2019-10-03,2019-10-02 09:20:49,1.27,0.9548,12,1.26,0.9473,11,1.27,0.9548,100,1.265,0.9511,5162,0
IWM191004P147,2019-10-03,2019-10-02 09:20:49,1.28,0.9624,64,1.26,0.9473,19,1.27,0.9548,100,1.27,0.9548,5162,0
IWM191004P147,2019-10-03,2019-10-02 09:20:50,1.27,0.9548,283,1.25,0.9398,31,1.27,0.9548,100,1.26,0.9473,5162,0
IWM191004P147,2019-10-03,2019-10-02 09:20:51,1.28,0.9624,165,1.25,0.9398,110,1.27,0.9548,100,1.265,0.9511,5162,0
IWM191004P147,2019-10-03,2019-10-02 09:20:51,1.27,0.9548,198,1.25,0.9398,31,1.27,0.9548,100,1.26,0.9473,5162,0
IWM191004P147,2019-10-03,2019-10-02 09:20:52,1.28,0.9624,30,1.25,0.9398,100,1.27,0.9548,100,1.265,0.9511,5162,0
IWM191004P147,2019-10-03,2019-10-02 09:20:52,1.28,0.9624,439,1.25,0.9398,60,1.27,0.9548,100,1.265,0.9511,5162,0
IWM191004P147,2019-10-03,2019-10-02 09:20:53,1.28,0.9624,81,1.25,0.9398,100,1.27,0.9548,100,1.265,0.9511,5162,0
IWM191004P147,2019-10-03,2019-10-02 09:20:54,1.28,0.9624,62,1.25,0.9398,136,1.27,0.9548,100,1.265,0.9511,5162,0
IWM191004P147,2019-10-03,2019-10-02 09:20:54,1.27,0.9548,21,1.25,0.9398,27,1.27,0.9548,100,1.26,0.9473,5162,0
IWM191004P147,2019-10-03,2019-10-02 09:20:55,1.27,0.9548,26,1.25,0.9398,20,1.27,0.9548,100,1.26,0.9473,5162,0
IWM191004P147,2019-10-03,2019-10-02 09:20:55,1.27,0.9548,36,1.25,0.9398,20,1.27,0.9548,100,1.26,0.9473,5162,0
IWM191004P147,2019-10-03,2019-10-02 09:20:56,1.27,0.9548,36,1.25,0.9398,31,1.27,0.9548,100,1.26,0.9473,5162,0
IWM191004P147,2019-10-03,2019-10-02 09:20:56,1.28,0.9624,117,1.25,0.9398,31,1.27,0.9548,100,1.265,0.9511,5162,0
IWM191004P147,2019-10-03,2019-10-02 09:20:57,1.27,0.9548,75,1.25,0.9398,35,1.27,0.9548,100,1.26,0.9473,5162,0
IWM191004P147,2019-10-03,2019-10-02 09:20:58,1.27,0.9548,74,1.25,0.9398,35,1.27,0.9548,100,1.26,0.9473,5162,0
IWM191004P147,2019-10-03,2019-10-02 09:20:58,1.27,0.9548,49,1.25,0.9398,31,1.27,0.9548,100,1.26,0.9473,5162,0
IWM191004P147,2019-10-03,2019-10-02 09:20:59,1.27,0.9548,73,1.25,0.9398,20,1.27,0.9548,100,1.26,0.9473,5162,0
IWM191004P147,2019-10-03,2019-10-02 09:21:00,1.27,0.9548,73,1.25,0.9398,20,1.27,0.9548,100,1.26,0.9473,5162,0
IWM191004P147,2019-10-03,2019-10-02 09:21:00,1.27,0.9548,31,1.25,0.9398,24,1.27,0.9548,100,1.26,0.9473,5162,0
IWM191004P147,2019-10-03,2019-10-02 09:21:01,1.27,0.9548,146,1.25,0.9398,28,1.27,0.9548,100,1.26,0.9473,5162,0
IWM191004P147,2019-10-03,2019-10-02 09:21:01,1.27,0.9548,3,1.25,0.9398,25,1.27,0.9548,100,1.26,0.9473,5162,0
IWM191004P147,2019-10-03,2019-10-02 09:21:02,1.27,0.9548,340,1.25,0.9398,2,1.27,0.9548,100,1.26,0.9473,5162,0
IWM191004P147,2019-10-03,2019-10-02 09:21:03,1.27,0.9548,424,1.24,0.9323,106,1.27,0.9548,100,1.255,0.9436,5162,0
IWM191004P147,2019-10-03,2019-10-02 09:21:03,1.27,0.9548,108,1.25,0.9398,24,1.27,0.9548,100,1.26,0.9473,5162,0
IWM191004P147,2019-10-03,2019-10-02 09:21:04,1.27,0.9548,288,1.24,0.9323,60,1.27,0.9548,100,1.255,0.9436,5162,0
IWM191004P147,2019-10-03,2019-10-02 09:21:04,1.27,0.9548,313,1.25,0.9398,31,1.27,0.9548,100,1.26,0.9473,5162,0
IWM191004P147,2019-10-03,2019-10-02 09:21:06,1.27,0.9548,94,1.24,0.9323,148,1.27,0.9548,100,1.255,0.9436,5162,0
IWM191004P147,2019-10-03,2019-10-02 09:21:09,1.27,0.9548,61,1.25,0.9398,30,1.27,0.9548,100,1.26,0.9473,5162,0
IWM191004P147,2019-10-03,2019-10-02 09:21:10,1.26,0.9473,3,1.24,0.9323,35,1.27,0.9548,100,1.25,0.9398,5162,0
IWM191004P147,2019-10-03,2019-10-02 09:21:18,1.27,0.9548,30,1.25,0.9398,28,1.27,0.9548,100,1.26,0.9473,5162,0
IWM191004P147,2019-10-03,2019-10-02 09:21:20,1.28,0.9624,207,1.26,0.9473,2,1.27,0.9548,100,1.27,0.9548,5162,0
IWM191004P147,2019-10-03,2019-10-02 09:21:25,1.27,0.9548,107,1.25,0.9398,24,1.27,0.9548,100,1.26,0.9473,5162,0
IWM191004P147,2019-10-03,2019-10-02 09:21:28,1.26,0.9473,20,1.25,0.9398,3,1.27,0.9548,100,1.255,0.9436,5162,0
IWM191004P147,2019-10-03,2019-10-02 09:21:34,1.25,0.9398,1,1.23,0.9248,65,1.25,0.9398,3,1.24,0.9323,5165,3
IWM191004P147,2019-10-03,2019-10-02 09:21:35,1.26,0.9473,98,1.23,0.9248,78,1.25,0.9398,3,1.245,0.936,5165,0
IWM191004P147,2019-10-03,2019-10-02 09:21:36,1.26,0.9473,10,1.24,0.9323,25,1.25,0.9398,3,1.25,0.9398,5165,0
IWM191004P147,2019-10-03,2019-10-02 09:21:53,1.27,0.9548,71,1.25,0.9398,120,1.25,0.9398,3,1.26,0.9473,5165,0
IWM191004P147,2019-10-03,2019-10-02 09:21:58,1.28,0.9624,70,1.26,0.9473,23,1.25,0.9398,3,1.27,0.9548,5165,0
IWM191004P147,2019-10-03,2019-10-02 09:22:00,1.28,0.9624,81,1.26,0.9473,21,1.25,0.9398,3,1.27,0.9548,5165,0
IWM191004P147,2019-10-03,2019-10-02 09:22:04,1.25,0.9398,9,1.23,0.9248,155,1.25,0.9398,3,1.24,0.9323,5165,0
IWM191004P147,2019-10-03,2019-10-02 09:22:09,1.25,0.9398,169,1.22,0.9172,175,1.25,0.9398,3,1.235,0.9285,5165,0
IWM191004P147,2019-10-03,2019-10-02 09:22:15,1.24,0.9323,20,1.21,0.9097,174,1.25,0.9398,3,1.225,0.921,5165,0
IWM191004P147,2019-10-03,2019-10-02 09:22:18,1.24,0.9323,4,1.22,0.9172,211,1.25,0.9398,3,1.23,0.9248,5165,0
IWM191004P147,2019-10-03,2019-10-02 09:22:20,1.25,0.9398,93,1.23,0.9248,15,1.25,0.9398,3,1.24,0.9323,5165,0
IWM191004P147,2019-10-03,2019-10-02 09:22:31,1.25,0.9398,4,1.23,0.9248,114,1.25,0.9398,3,1.24,0.9323,5165,0
IWM191004P147,2019-10-03,2019-10-02 09:22:34,1.26,0.9473,110,1.24,0.9323,64,1.25,0.9398,3,1.25,0.9398,5165,0
IWM191004P147,2019-10-03,2019-10-02 09:22:39,1.26,0.9473,10,1.24,0.9323,73,1.25,0.9398,3,1.25,0.9398,5165,0
IWM191004P147,2019-10-03,2019-10-02 09:22:40,1.26,0.9473,27,1.24,0.9323,73,1.25,0.9398,3,1.25,0.9398,5165,0
IWM191004P147,2019-10-03,2019-10-02 09:22:42,1.26,0.9473,27,1.24,0.9323,32,1.25,0.9398,3,1.25,0.9398,5165,0
IWM191004P147,2019-10-03,2019-10-02 09:22:45,1.26,0.9473,322,1.23,0.9248,35,1.25,0.9398,3,1.245,0.936,5165,0
IWM191004P147,2019-10-03,2019-10-02 09:22:48,1.25,0.9398,14,1.23,0.9248,18,1.25,0.9398,3,1.24,0.9323,5165,0
IWM191004P147,2019-10-03,2019-10-02 09:22:51,1.25,0.9398,83,1.22,0.9172,164,1.25,0.9398,3,1.235,0.9285,5165,0
IWM191004P147,2019-10-03,2019-10-02 09:22:57,1.25,0.9398,16,1.23,0.9248,64,1.25,0.9398,3,1.24,0.9323,5165,0
IWM191004P147,2019-10-03,2019-10-02 09:22:59,1.25,0.9398,3,1.23,0.9248,148,1.25,0.9398,3,1.24,0.9323,5165,0
IWM191004P147,2019-10-03,2019-10-02 09:23:00,1.26,0.9473,71,1.24,0.9323,12,1.25,0.9398,3,1.25,0.9398,5165,0
IWM191004P147,2019-10-03,2019-10-02 09:23:03,1.26,0.9473,128,1.24,0.9323,1,1.25,0.9398,3,1.25,0.9398,5165,0
IWM191004P147,2019-10-03,2019-10-02 09:23:06,1.25,0.9398,82,1.23,0.9248,35,1.25,0.9398,3,1.24,0.9323,5165,0
IWM191004P147,2019-10-03,2019-10-02 09:23:08,1.25,0.9398,111,1.23,0.9248,72,1.25,0.9398,3,1.24,0.9323,5165,0
IWM191004P147,2019-10-03,2019-10-02 09:23:09,1.25,0.9398,12,1.23,0.9248,121,1.25,0.9398,3,1.24,0.9323,5165,0
IWM191004P147,2019-10-03,2019-10-02 09:23:10,1.25,0.9398,26,1.22,0.9172,162,1.26,0.9473,1,1.235,0.9285,5166,1
IWM191004P147,2019-10-03,2019-10-02 09:23:12,1.25,0.9398,71,1.22,0.9172,190,1.26,0.9473,1,1.235,0.9285,5166,0
IWM191004P147,2019-10-03,2019-10-02 09:23:12,1.25,0.9398,172,1.22,0.9172,190,1.26,0.9473,1,1.235,0.9285,5166,0
IWM191004P147,2019-10-03,2019-10-02 09:23:14,1.25,0.9398,197,1.22,0.9172,167,1.26,0.9473,1,1.235,0.9285,5166,0
IWM191004P147,2019-10-03,2019-10-02 09:23:15,1.24,0.9323,61,1.22,0.9172,19,1.26,0.9473,1,1.23,0.9248,5166,0
IWM191004P147,2019-10-03,2019-10-02 09:23:18,1.24,0.9323,63,1.22,0.9172,1,1.26,0.9473,1,1.23,0.9248,5166,0
IWM191004P147,2019-10-03,2019-10-02 09:23:19,1.25,0.9398,126,1.22,0.9172,20,1.26,0.9473,1,1.235,0.9285,5166,0
IWM191004P147,2019-10-03,2019-10-02 09:23:21,1.24,0.9323,90,1.22,0.9172,70,1.26,0.9473,1,1.23,0.9248,5166,0
IWM191004P147,2019-10-03,2019-10-02 09:23:22,1.24,0.9323,38,1.22,0.9172,70,1.26,0.9473,1,1.23,0.9248,5166,0
IWM191004P147,2019-10-03,2019-10-02 09:23:26,1.24,0.9323,70,1.22,0.9172,11,1.26,0.9473,1,1.23,0.9248,5166,0
IWM191004P147,2019-10-03,2019-10-02 09:23:27,1.24,0.9323,1,1.22,0.9172,116,1.26,0.9473,1,1.23,0.9248,5166,0
IWM191004P147,2019-10-03,2019-10-02 09:23:29,1.24,0.9323,10,1.23,0.9248,1,1.26,0.9473,1,1.235,0.9285,5166,0
IWM191004P147,2019-10-03,2019-10-02 09:23:30,1.25,0.9398,69,1.23,0.9248,1,1.26,0.9473,1,1.24,0.9323,5166,0
IWM191004P147,2019-10-03,2019-10-02 09:23:34,1.24,0.9323,15,1.22,0.9172,116,1.26,0.9473,1,1.23,0.9248,5166,0
IWM191004P147,2019-10-03,2019-10-02 09:23:36,1.24,0.9323,27,1.22,0.9172,116,1.26,0.9473,1,1.23,0.9248,5166,0
IWM191004P147,2019-10-03,2019-10-02 09:23:37,1.24,0.9323,21,1.23,0.9248,1,1.26,0.9473,1,1.235,0.9285,5166,0
IWM191004P147,2019-10-03,2019-10-02 09:23:38,1.24,0.9323,16,1.23,0.9248,10,1.26,0.9473,1,1.235,0.9285,5166,0
IWM191004P147,2019-10-03,2019-10-02 09:23:39,1.24,0.9323,37,1.22,0.9172,12,1.26,0.9473,1,1.23,0.9248,5166,0
IWM191004P147,2019-10-03,2019-10-02 09:23:45,1.23,0.9248,21,1.21,0.9097,114,1.26,0.9473,1,1.22,0.9172,5166,0
IWM191004P147,2019-10-03,2019-10-02 09:23:45,1.23,0.9248,10,1.21,0.9097,150,1.26,0.9473,1,1.22,0.9172,5166,0
IWM191004P147,2019-10-03,2019-10-02 09:23:47,1.23,0.9248,1,1.21,0.9097,114,1.26,0.9473,1,1.22,0.9172,5166,0
IWM191004P147,2019-10-03,2019-10-02 09:23:49,1.23,0.9248,23,1.21,0.9097,76,1.26,0.9473,1,1.22,0.9172,5166,0
IWM191004P147,2019-10-03,2019-10-02 09:23:51,1.23,0.9248,23,1.21,0.9097,112,1.26,0.9473,1,1.22,0.9172,5166,0
IWM191004P147,2019-10-03,2019-10-02 09:23:52,1.23,0.9248,86,1.2,0.9022,215,1.26,0.9473,1,1.215,0.9135,5166,0
IWM191004P147,2019-10-03,2019-10-02 09:23:53,1.21,0.9097,4,1.2,0.9022,163,1.26,0.9473,1,1.205,0.906,5166,0
IWM191004P147,2019-10-03,2019-10-02 09:23:55,1.21,0.9097,7,1.2,0.9022,10,1.26,0.9473,1,1.205,0.906,5166,0
IWM191004P147,2019-10-03,2019-10-02 09:23:58,1.22,0.9172,141,1.19,0.8947,137,1.26,0.9473,1,1.205,0.906,5166,0
IWM191004P147,2019-10-03,2019-10-02 09:24:00,1.22,0.9172,43,1.19,0.8947,136,1.26,0.9473,1,1.205,0.906,5166,0
IWM191004P147,2019-10-03,2019-10-02 09:24:03,1.23,0.9248,175,1.2,0.9022,78,1.19,0.8947,3,1.215,0.9135,5169,3
IWM191004P147,2019-10-03,2019-10-02 09:24:05,1.23,0.9248,231,1.2,0.9022,104,1.19,0.8947,3,1.215,0.9135,5169,0
IWM191004P147,2019-10-03,2019-10-02 09:24:06,1.23,0.9248,195,1.2,0.9022,123,1.19,0.8947,3,1.215,0.9135,5169,0
IWM191004P147,2019-10-03,2019-10-02 09:24:07,1.23,0.9248,189,1.21,0.9097,9,1.19,0.8947,3,1.22,0.9172,5169,0
IWM191004P147,2019-10-03,2019-10-02 09:24:13,1.22,0.9172,60,1.2,0.9022,20,1.19,0.8947,3,1.21,0.9097,5169,0
IWM191004P147,2019-10-03,2019-10-02 09:24:14,1.22,0.9172,6,1.21,0.9097,19,1.19,0.8947,3,1.215,0.9135,5169,0
IWM191004P147,2019-10-03,2019-10-02 09:24:15,1.23,0.9248,90,1.2,0.9022,206,1.19,0.8947,3,1.215,0.9135,5169,0
IWM191004P147,2019-10-03,2019-10-02 09:24:17,1.23,0.9248,98,1.21,0.9097,48,1.19,0.8947,3,1.22,0.9172,5169,0
IWM191004P147,2019-10-03,2019-10-02 09:24:18,1.23,0.9248,21,1.21,0.9097,161,1.19,0.8947,3,1.22,0.9172,5169,0
IWM191004P147,2019-10-03,2019-10-02 09:24:19,1.23,0.9248,42,1.21,0.9097,48,1.19,0.8947,3,1.22,0.9172,5169,0
IWM191004P147,2019-10-03,2019-10-02 09:24:21,1.2,0.9022,39,1.18,0.8872,28,1.19,0.8947,3,1.19,0.8947,5169,0
IWM191004P147,2019-10-03,2019-10-02 09:24:22,1.2,0.9022,68,1.18,0.8872,39,1.19,0.8947,3,1.19,0.8947,5169,0
IWM191004P147,2019-10-03,2019-10-02 09:24:24,1.2,0.9022,45,1.17,0.8796,183,1.19,0.8947,3,1.185,0.8909,5169,0
IWM191004P147,2019-10-03,2019-10-02 09:24:25,1.19,0.8947,27,1.17,0.8796,87,1.19,0.8947,3,1.18,0.8872,5169,0
IWM191004P147,2019-10-03,2019-10-02 09:24:27,1.19,0.8947,24,1.17,0.8796,148,1.19,0.8947,3,1.18,0.8872,5169,0
IWM191004P147,2019-10-03,2019-10-02 09:24:28,1.19,0.8947,42,1.17,0.8796,15,1.19,0.8947,3,1.18,0.8872,5169,0
IWM191004P147,2019-10-03,2019-10-02 09:24:29,1.19,0.8947,67,1.16,0.8721,173,1.19,0.8947,3,1.175,0.8834,5169,0
IWM191004P147,2019-10-03,2019-10-02 09:24:31,1.18,0.8872,155,1.15,0.8646,107,1.19,0.8947,3,1.165,0.8759,5169,0
IWM191004P147,2019-10-03,2019-10-02 09:24:48,1.15,0.8646,2,1.13,0.8496,129,1.19,0.8947,3,1.14,0.8571,5169,0
IWM191004P147,2019-10-03,2019-10-02 09:24:51,1.15,0.8646,15,1.13,0.8496,131,1.13,0.8496,1,1.14,0.8571,5189,20
IWM191004P147,2019-10-03,2019-10-02 09:24:51,1.15,0.8646,15,1.13,0.8496,131,1.13,0.8496,1,1.14,0.8571,5189,0
IWM191004P147,2019-10-03,2019-10-02 09:24:53,1.15,0.8646,65,1.13,0.8496,96,1.13,0.8496,1,1.14,0.8571,5189,0
IWM191004P147,2019-10-03,2019-10-02 09:24:55,1.15,0.8646,20,1.13,0.8496,45,1.13,0.8496,1,1.14,0.8571,5189,0
IWM191004P147,2019-10-03,2019-10-02 09:24:56,1.16,0.8721,81,1.13,0.8496,225,1.13,0.8496,1,1.145,0.8609,5189,0
IWM191004P147,2019-10-03,2019-10-02 09:25:04,1.2,0.9022,23,1.17,0.8796,111,1.13,0.8496,1,1.185,0.8909,5189,0
IWM191004P147,2019-10-03,2019-10-02 09:25:05,1.2,0.9022,24,1.17,0.8796,216,1.13,0.8496,1,1.185,0.8909,5189,0
IWM191004P147,2019-10-03,2019-10-02 09:25:06,1.2,0.9022,2,1.17,0.8796,103,1.13,0.8496,1,1.185,0.8909,5189,0
IWM191004P147,2019-10-03,2019-10-02 09:25:06,1.2,0.9022,20,1.17,0.8796,220,1.13,0.8496,1,1.185,0.8909,5189,0
IWM191004P147,2019-10-03,2019-10-02 09:25:07,1.21,0.9097,79,1.18,0.8872,103,1.13,0.8496,1,1.195,0.8984,5189,0
IWM191004P147,2019-10-03,2019-10-02 09:25:08,1.2,0.9022,2,1.19,0.8947,8,1.13,0.8496,1,1.195,0.8984,5189,0
IWM191004P147,2019-10-03,2019-10-02 09:25:08,1.21,0.9097,57,1.18,0.8872,125,1.13,0.8496,1,1.195,0.8984,5189,0
IWM191004P147,2019-10-03,2019-10-02 09:25:09,1.2,0.9022,169,1.17,0.8796,20,1.13,0.8496,1,1.185,0.8909,5189,0
IWM191004P147,2019-10-03,2019-10-02 09:25:09,1.2,0.9022,22,1.17,0.8796,216,1.13,0.8496,1,1.185,0.8909,5189,0
IWM191004P147,2019-10-03,2019-10-02 09:25:10,1.2,0.9022,106,1.17,0.8796,20,1.13,0.8496,1,1.185,0.8909,5189,0
IWM191004P147,2019-10-03,2019-10-02 09:25:10,1.2,0.9022,131,1.18,0.8872,5,1.13,0.8496,1,1.19,0.8947,5189,0
IWM191004P147,2019-10-03,2019-10-02 09:25:11,1.2,0.9022,50,1.18,0.8872,5,1.13,0.8496,1,1.19,0.8947,5189,0
IWM191004P147,2019-10-03,2019-10-02 09:25:12,1.2,0.9022,89,1.17,0.8796,87,1.13,0.8496,1,1.185,0.8909,5189,0
IWM191004P147,2019-10-03,2019-10-02 09:25:12,1.2,0.9022,98,1.17,0.8796,87,1.13,0.8496,1,1.185,0.8909,5189,0
IWM191004P147,2019-10-03,2019-10-02 09:25:13,1.2,0.9022,213,1.17,0.8796,10,1.13,0.8496,1,1.185,0.8909,5189,0
IWM191004P147,2019-10-03,2019-10-02 09:25:13,1.2,0.9022,206,1.17,0.8796,20,1.13,0.8496,1,1.185,0.8909,5189,0
IWM191004P147,2019-10-03,2019-10-02 09:25:14,1.19,0.8947,26,1.17,0.8796,12,1.13,0.8496,1,1.18,0.8872,5189,0
IWM191004P147,2019-10-03,2019-10-02 09:25:15,1.19,0.8947,145,1.17,0.8796,10,1.13,0.8496,1,1.18,0.8872,5189,0
IWM191004P147,2019-10-03,2019-10-02 09:25:16,1.19,0.8947,382,1.15,0.8646,234,1.13,0.8496,1,1.17,0.8796,5189,0
IWM191004P147,2019-10-03,2019-10-02 09:25:17,1.17,0.8796,13,1.15,0.8646,119,1.13,0.8496,1,1.16,0.8721,5189,0
IWM191004P147,2019-10-03,2019-10-02 09:25:17,1.17,0.8796,13,1.15,0.8646,95,1.13,0.8496,1,1.16,0.8721,5189,0
IWM191004P147,2019-10-03,2019-10-02 09:25:18,1.17,0.8796,58,1.15,0.8646,76,1.13,0.8496,1,1.16,0.8721,5189,0
IWM191004P147,2019-10-03,2019-10-02 09:25:18,1.17,0.8796,53,1.15,0.8646,95,1.13,0.8496,1,1.16,0.8721,5189,0
IWM191004P147,2019-10-03,2019-10-02 09:25:19,1.17,0.8796,139,1.15,0.8646,75,1.13,0.8496,1,1.16,0.8721,5189,0
IWM191004P147,2019-10-03,2019-10-02 09:25:20,1.16,0.8721,50,1.14,0.8571,185,1.13,0.8496,1,1.15,0.8646,5189,0
IWM191004P147,2019-10-03,2019-10-02 09:25:20,1.16,0.8721,22,1.14,0.8571,185,1.13,0.8496,1,1.15,0.8646,5189,0
IWM191004P147,2019-10-03,2019-10-02 09:25:21,1.16,0.8721,50,1.14,0.8571,155,1.13,0.8496,1,1.15,0.8646,5189,0
IWM191004P147,2019-10-03,2019-10-02 09:25:22,1.16,0.8721,50,1.14,0.8571,145,1.13,0.8496,1,1.15,0.8646,5189,0
IWM191004P147,2019-10-03,2019-10-02 09:25:22,1.16,0.8721,112,1.13,0.8496,193,1.13,0.8496,1,1.145,0.8609,5189,0
IWM191004P147,2019-10-03,2019-10-02 09:25:23,1.15,0.8646,32,1.14,0.8571,15,1.13,0.8496,1,1.145,0.8609,5189,0
IWM191004P147,2019-10-03,2019-10-02 09:25:24,1.15,0.8646,83,1.13,0.8496,75,1.13,0.8496,1,1.14,0.8571,5189,0
IWM191004P147,2019-10-03,2019-10-02 09:25:24,1.15,0.8646,98,1.13,0.8496,75,1.13,0.8496,1,1.14,0.8571,5189,0
IWM191004P147,2019-10-03,2019-10-02 09:25:25,1.15,0.8646,44,1.13,0.8496,127,1.13,0.8496,1,1.14,0.8571,5189,0
IWM191004P147,2019-10-03,2019-10-02 09:25:25,1.15,0.8646,92,1.13,0.8496,75,1.13,0.8496,1,1.14,0.8571,5189,0
IWM191004P147,2019-10-03,2019-10-02 09:25:26,1.15,0.8646,68,1.14,0.8571,21,1.14,0.8571,5,1.145,0.8609,5194,5
IWM191004P147,2019-10-03,2019-10-02 09:25:27,1.15,0.8646,95,1.13,0.8496,108,1.14,0.8571,5,1.14,0.8571,5194,0
IWM191004P147,2019-10-03,2019-10-02 09:25:28,1.15,0.8646,95,1.13,0.8496,75,1.14,0.8571,5,1.14,0.8571,5194,0
IWM191004P147,2019-10-03,2019-10-02 09:25:28,1.14,0.8571,21,1.12,0.8421,113,1.14,0.8571,5,1.13,0.8496,5194,0
IWM191004P147,2019-10-03,2019-10-02 09:25:29,1.14,0.8571,46,1.13,0.8496,21,1.14,0.8571,5,1.135,0.8533,5194,0
IWM191004P147,2019-10-03,2019-10-02 09:25:30,1.14,0.8571,36,1.12,0.8421,95,1.14,0.8571,5,1.13,0.8496,5194,0
IWM191004P147,2019-10-03,2019-10-02 09:25:30,1.14,0.8571,36,1.13,0.8496,10,1.14,0.8571,5,1.135,0.8533,5194,0
IWM191004P147,2019-10-03,2019-10-02 09:25:31,1.14,0.8571,36,1.12,0.8421,95,1.14,0.8571,5,1.13,0.8496,5194,0
IWM191004P147,2019-10-03,2019-10-02 09:25:32,1.15,0.8646,23,1.13,0.8496,226,1.14,0.8571,5,1.14,0.8571,5194,0
IWM191004P147,2019-10-03,2019-10-02 09:25:32,1.15,0.8646,62,1.13,0.8496,120,1.14,0.8571,5,1.14,0.8571,5194,0
IWM191004P147,2019-10-03,2019-10-02 09:25:33,1.15,0.8646,52,1.13,0.8496,166,1.14,0.8571,5,1.14,0.8571,5194,0
IWM191004P147,2019-10-03,2019-10-02 09:25:33,1.15,0.8646,71,1.13,0.8496,166,1.14,0.8571,5,1.14,0.8571,5194,0
IWM191004P147,2019-10-03,2019-10-02 09:25:34,1.16,0.8721,55,1.13,0.8496,229,1.14,0.8571,5,1.145,0.8609,5194,0
IWM191004P147,2019-10-03,2019-10-02 09:25:35,1.15,0.8646,11,1.14,0.8571,36,1.14,0.8571,5,1.145,0.8609,5194,0
IWM191004P147,2019-10-03,2019-10-02 09:25:35,1.16,0.8721,82,1.14,0.8571,121,1.14,0.8571,5,1.15,0.8646,5194,0
IWM191004P147,2019-10-03,2019-10-02 09:25:36,1.16,0.8721,82,1.14,0.8571,121,1.14,0.8571,5,1.15,0.8646,5194,0
IWM191004P147,2019-10-03,2019-10-02 09:25:37,1.17,0.8796,93,1.15,0.8646,125,1.14,0.8571,5,1.16,0.8721,5194,0
IWM191004P147,2019-10-03,2019-10-02 09:25:37,1.16,0.8721,11,1.14,0.8571,223,1.14,0.8571,5,1.15,0.8646,5194,0
IWM191004P147,2019-10-03,2019-10-02 09:25:38,1.17,0.8796,150,1.15,0.8646,120,1.14,0.8571,5,1.16,0.8721,5194,0
IWM191004P147,2019-10-03,2019-10-02 09:25:39,1.17,0.8796,150,1.15,0.8646,124,1.14,0.8571,5,1.16,0.8721,5194,0
IWM191004P147,2019-10-03,2019-10-02 09:25:39,1.17,0.8796,170,1.15,0.8646,91,1.14,0.8571,5,1.16,0.8721,5194,0
IWM191004P147,2019-10-03,2019-10-02 09:25:40,1.17,0.8796,150,1.15,0.8646,124,1.14,0.8571,5,1.16,0.8721,5194,0
IWM191004P147,2019-10-03,2019-10-02 09:25:40,1.17,0.8796,150,1.15,0.8646,120,1.14,0.8571,5,1.16,0.8721,5194,0
IWM191004P147,2019-10-03,2019-10-02 09:25:41,1.17,0.8796,55,1.16,0.8721,16,1.14,0.8571,5,1.165,0.8759,5194,0
IWM191004P147,2019-10-03,2019-10-02 09:25:42,1.17,0.8796,61,1.16,0.8721,173,1.14,0.8571,5,1.165,0.8759,5194,0
IWM191004P147,2019-10-03,2019-10-02 09:25:42,1.17,0.8796,45,1.16,0.8721,80,1.14,0.8571,5,1.165,0.8759,5194,0
IWM191004P147,2019-10-03,2019-10-02 09:25:43,1.17,0.8796,45,1.16,0.8721,127,1.14,0.8571,5,1.165,0.8759,5194,0
IWM191004P147,2019-10-03,2019-10-02 09:25:43,1.17,0.8796,80,1.16,0.8721,21,1.14,0.8571,5,1.165,0.8759,5194,0
IWM191004P147,2019-10-03,2019-10-02 09:25:44,1.17,0.8796,80,1.15,0.8646,83,1.14,0.8571,5,1.16,0.8721,5194,0
IWM191004P147,2019-10-03,2019-10-02 09:25:45,1.17,0.8796,262,1.15,0.8646,11,1.14,0.8571,5,1.16,0.8721,5194,0
IWM191004P147,2019-10-03,2019-10-02 09:25:45,1.17,0.8796,176,1.15,0.8646,91,1.14,0.8571,5,1.16,0.8721,5194,0
IWM191004P147,2019-10-03,2019-10-02 09:25:46,1.17,0.8796,133,1.15,0.8646,91,1.14,0.8571,5,1.16,0.8721,5194,0
IWM191004P147,2019-10-03,2019-10-02 09:25:46,1.17,0.8796,156,1.15,0.8646,91,1.14,0.8571,5,1.16,0.8721,5194,0
IWM191004P147,2019-10-03,2019-10-02 09:25:47,1.17,0.8796,185,1.15,0.8646,83,1.14,0.8571,5,1.16,0.8721,5194,0
IWM191004P147,2019-10-03,2019-10-02 09:25:48,1.17,0.8796,188,1.15,0.8646,82,1.14,0.8571,5,1.16,0.8721,5194,0
IWM191004P147,2019-10-03,2019-10-02 09:25:48,1.17,0.8796,188,1.15,0.8646,11,1.14,0.8571,5,1.16,0.8721,5194,0
IWM191004P147,2019-10-03,2019-10-02 09:25:49,1.17,0.8796,168,1.15,0.8646,106,1.14,0.8571,5,1.16,0.8721,5194,0
IWM191004P147,2019-10-03,2019-10-02 09:25:49,1.17,0.8796,188,1.15,0.8646,11,1.14,0.8571,5,1.16,0.8721,5194,0
IWM191004P147,2019-10-03,2019-10-02 09:25:50,1.17,0.8796,168,1.15,0.8646,83,1.14,0.8571,5,1.16,0.8721,5194,0
IWM191004P147,2019-10-03,2019-10-02 09:25:51,1.17,0.8796,168,1.15,0.8646,88,1.14,0.8571,5,1.16,0.8721,5194,0
IWM191004P147,2019-10-03,2019-10-02 09:25:51,1.17,0.8796,168,1.15,0.8646,83,1.14,0.8571,5,1.16,0.8721,5194,0
IWM191004P147,2019-10-03,2019-10-02 09:25:52,1.17,0.8796,121,1.15,0.8646,172,1.14,0.8571,5,1.16,0.8721,5194,0
IWM191004P147,2019-10-03,2019-10-02 09:25:53,1.17,0.8796,144,1.15,0.8646,167,1.14,0.8571,5,1.16,0.8721,5194,0
IWM191004P147,2019-10-03,2019-10-02 09:25:53,1.17,0.8796,144,1.15,0.8646,92,1.14,0.8571,5,1.16,0.8721,5194,0
IWM191004P147,2019-10-03,2019-10-02 09:25:54,1.17,0.8796,144,1.15,0.8646,92,1.14,0.8571,5,1.16,0.8721,5194,0
IWM191004P147,2019-10-03,2019-10-02 09:25:54,1.17,0.8796,169,1.15,0.8646,16,1.14,0.8571,5,1.16,0.8721,5194,0
IWM191004P147,2019-10-03,2019-10-02 09:25:55,1.16,0.8721,21,1.15,0.8646,16,1.14,0.8571,5,1.155,0.8684,5194,0
IWM191004P147,2019-10-03,2019-10-02 09:25:56,1.16,0.8721,43,1.15,0.8646,10,1.14,0.8571,5,1.155,0.8684,5194,0
IWM191004P147,2019-10-03,2019-10-02 09:25:56,1.16,0.8721,70,1.14,0.8571,76,1.14,0.8571,5,1.15,0.8646,5194,0
IWM191004P147,2019-10-03,2019-10-02 09:25:57,1.16,0.8721,157,1.14,0.8571,10,1.14,0.8571,5,1.15,0.8646,5194,0
IWM191004P147,2019-10-03,2019-10-02 09:25:58,1.16,0.8721,208,1.13,0.8496,118,1.14,0.8571,5,1.145,0.8609,5194,0
IWM191004P147,2019-10-03,2019-10-02 09:25:58,1.16,0.8721,173,1.14,0.8571,10,1.14,0.8571,5,1.15,0.8646,5194,0
IWM191004P147,2019-10-03,2019-10-02 09:25:59,1.16,0.8721,276,1.13,0.8496,139,1.14,0.8571,5,1.145,0.8609,5194,0
IWM191004P147,2019-10-03,2019-10-02 09:26:00,1.16,0.8721,352,1.13,0.8496,139,1.14,0.8571,5,1.145,0.8609,5194,0
IWM191004P147,2019-10-03,2019-10-02 09:26:00,1.16,0.8721,634,1.13,0.8496,107,1.14,0.8571,5,1.145,0.8609,5194,0
IWM191004P147,2019-10-03,2019-10-02 09:26:01,1.15,0.8646,90,1.13,0.8496,1,1.14,0.8571,5,1.14,0.8571,5194,0
IWM191004P147,2019-10-03,2019-10-02 09:26:02,1.14,0.8571,8,1.12,0.8421,116,1.14,0.8571,5,1.13,0.8496,5194,0
IWM191004P147,2019-10-03,2019-10-02 09:26:02,1.14,0.8571,8,1.12,0.8421,185,1.14,0.8571,5,1.13,0.8496,5194,0
IWM191004P147,2019-10-03,2019-10-02 09:26:03,1.14,0.8571,11,1.12,0.8421,210,1.14,0.8571,5,1.13,0.8496,5194,0
IWM191004P147,2019-10-03,2019-10-02 09:26:03,1.14,0.8571,11,1.12,0.8421,190,1.14,0.8571,5,1.13,0.8496,5194,0
IWM191004P147,2019-10-03,2019-10-02 09:26:04,1.14,0.8571,21,1.12,0.8421,105,1.14,0.8571,5,1.13,0.8496,5194,0
IWM191004P147,2019-10-03,2019-10-02 09:26:05,1.14,0.8571,187,1.11,0.8345,244,1.14,0.8571,5,1.125,0.8458,5194,0
IWM191004P147,2019-10-03,2019-10-02 09:26:05,1.14,0.8571,85,1.11,0.8345,206,1.14,0.8571,5,1.125,0.8458,5194,0
IWM191004P147,2019-10-03,2019-10-02 09:26:06,1.14,0.8571,176,1.11,0.8345,227,1.14,0.8571,5,1.125,0.8458,5194,0
IWM191004P147,2019-10-03,2019-10-02 09:26:07,1.14,0.8571,174,1.11,0.8345,227,1.14,0.8571,5,1.125,0.8458,5194,0
IWM191004P147,2019-10-03,2019-10-02 09:26:08,1.12,0.8421,3,1.11,0.8345,21,1.14,0.8571,5,1.115,0.8383,5194,0
IWM191004P147,2019-10-03,2019-10-02 09:26:08,1.12,0.8421,8,1.11,0.8345,21,1.14,0.8571,5,1.115,0.8383,5194,0
IWM191004P147,2019-10-03,2019-10-02 09:26:09,1.13,0.8496,251,1.11,0.8345,21,1.14,0.8571,5,1.12,0.8421,5194,0
IWM191004P147,2019-10-03,2019-10-02 09:26:10,1.12,0.8421,9,1.11,0.8345,21,1.14,0.8571,5,1.115,0.8383,5194,0
IWM191004P147,2019-10-03,2019-10-02 09:26:13,1.13,0.8496,32,1.11,0.8345,21,1.14,0.8571,5,1.12,0.8421,5194,0
IWM191004P147,2019-10-03,2019-10-02 09:26:14,1.13,0.8496,33,1.11,0.8345,100,1.14,0.8571,5,1.12,0.8421,5194,0
IWM191004P147,2019-10-03,2019-10-02 09:26:15,1.13,0.8496,33,1.11,0.8345,105,1.14,0.8571,5,1.12,0.8421,5194,0
IWM191004P147,2019-10-03,2019-10-02 09:26:16,1.13,0.8496,3,1.11,0.8345,170,1.14,0.8571,5,1.12,0.8421,5194,0
IWM191004P147,2019-10-03,2019-10-02 09:26:17,1.14,0.8571,37,1.12,0.8421,175,1.14,0.8571,5,1.13,0.8496,5194,0
IWM191004P147,2019-10-03,2019-10-02 09:26:18,1.14,0.8571,40,1.12,0.8421,57,1.14,0.8571,5,1.13,0.8496,5194,0
IWM191004P147,2019-10-03,2019-10-02 09:26:21,1.14,0.8571,88,1.11,0.8345,217,1.14,0.8571,5,1.125,0.8458,5194,0
IWM191004P147,2019-10-03,2019-10-02 09:26:22,1.13,0.8496,120,1.1,0.827,228,1.14,0.8571,5,1.115,0.8383,5194,0
IWM191004P147,2019-10-03,2019-10-02 09:26:25,1.13,0.8496,95,1.11,0.8345,10,1.14,0.8571,5,1.12,0.8421,5194,0
IWM191004P147,2019-10-03,2019-10-02 09:26:26,1.13,0.8496,73,1.11,0.8345,5,1.14,0.8571,5,1.12,0.8421,5194,0
IWM191004P147,2019-10-03,2019-10-02 09:26:27,1.14,0.8571,145,1.11,0.8345,189,1.14,0.8571,5,1.125,0.8458,5194,0
IWM191004P147,2019-10-03,2019-10-02 09:26:29,1.14,0.8571,3,1.12,0.8421,88,1.14,0.8571,5,1.13,0.8496,5194,0
IWM191004P147,2019-10-03,2019-10-02 09:26:30,1.14,0.8571,28,1.12,0.8421,56,1.14,0.8571,5,1.13,0.8496,5194,0
IWM191004P147,2019-10-03,2019-10-02 09:26:31,1.14,0.8571,28,1.12,0.8421,46,1.14,0.8571,5,1.13,0.8496,5194,0
IWM191004P147,2019-10-03,2019-10-02 09:26:32,1.13,0.8496,8,1.12,0.8421,46,1.14,0.8571,5,1.125,0.8458,5194,0
IWM191004P147,2019-10-03,2019-10-02 09:26:33,1.13,0.8496,8,1.12,0.8421,1,1.14,0.8571,5,1.125,0.8458,5194,0
IWM191004P147,2019-10-03,2019-10-02 09:26:34,1.13,0.8496,11,1.12,0.8421,1,1.14,0.8571,5,1.125,0.8458,5194,0
IWM191004P147,2019-10-03,2019-10-02 09:26:35,1.13,0.8496,11,1.11,0.8345,114,1.14,0.8571,5,1.12,0.8421,5194,0
IWM191004P147,2019-10-03,2019-10-02 09:26:37,1.13,0.8496,38,1.11,0.8345,59,1.14,0.8571,5,1.12,0.8421,5194,0
IWM191004P147,2019-10-03,2019-10-02 09:26:38,1.13,0.8496,60,1.11,0.8345,48,1.14,0.8571,5,1.12,0.8421,5194,0
IWM191004P147,2019-10-03,2019-10-02 09:26:46,1.13,0.8496,3,1.11,0.8345,285,1.14,0.8571,5,1.12,0.8421,5194,0
IWM191004P147,2019-10-03,2019-10-02 09:26:48,1.15,0.8646,226,1.12,0.8421,237,1.14,0.8571,5,1.135,0.8533,5194,0
IWM191004P147,2019-10-03,2019-10-02 09:26:49,1.15,0.8646,109,1.13,0.8496,154,1.14,0.8571,5,1.14,0.8571,5194,0
IWM191004P147,2019-10-03,2019-10-02 09:26:50,1.16,0.8721,27,1.14,0.8571,75,1.14,0.8571,5,1.15,0.8646,5194,0
IWM191004P147,2019-10-03,2019-10-02 09:26:51,1.16,0.8721,27,1.15,0.8646,21,1.14,0.8571,5,1.155,0.8684,5194,0
IWM191004P147,2019-10-03,2019-10-02 09:26:52,1.16,0.8721,6,1.14,0.8571,146,1.14,0.8571,5,1.15,0.8646,5194,0
IWM191004P147,2019-10-03,2019-10-02 09:26:54,1.16,0.8721,11,1.15,0.8646,8,1.14,0.8571,5,1.155,0.8684,5194,0
IWM191004P147,2019-10-03,2019-10-02 09:26:55,1.16,0.8721,11,1.15,0.8646,16,1.14,0.8571,5,1.155,0.8684,5194,0
IWM191004P147,2019-10-03,2019-10-02 09:26:56,1.17,0.8796,155,1.15,0.8646,16,1.14,0.8571,5,1.16,0.8721,5194,0
IWM191004P147,2019-10-03,2019-10-02 09:26:57,1.17,0.8796,77,1.15,0.8646,174,1.14,0.8571,5,1.16,0.8721,5194,0
IWM191004P147,2019-10-03,2019-10-02 09:26:59,1.17,0.8796,59,1.15,0.8646,117,1.14,0.8571,5,1.16,0.8721,5194,0
IWM191004P147,2019-10-03,2019-10-02 09:26:59,1.17,0.8796,68,1.15,0.8646,116,1.14,0.8571,5,1.16,0.8721,5194,0
IWM191004P147,2019-10-03,2019-10-02 09:27:01,1.17,0.8796,85,1.14,0.8571,213,1.14,0.8571,5,1.155,0.8684,5194,0
IWM191004P147,2019-10-03,2019-10-02 09:27:05,1.16,0.8721,11,1.14,0.8571,247,1.14,0.8571,5,1.15,0.8646,5194,0
IWM191004P147,2019-10-03,2019-10-02 09:27:06,1.16,0.8721,3,1.14,0.8571,56,1.14,0.8571,5,1.15,0.8646,5194,0
IWM191004P147,2019-10-03,2019-10-02 09:27:08,1.17,0.8796,142,1.15,0.8646,12,1.14,0.8571,5,1.16,0.8721,5194,0
IWM191004P147,2019-10-03,2019-10-02 09:27:10,1.16,0.8721,105,1.13,0.8496,169,1.14,0.8571,5,1.145,0.8609,5194,0
IWM191004P147,2019-10-03,2019-10-02 09:27:12,1.15,0.8646,252,1.12,0.8421,200,1.14,0.8571,5,1.135,0.8533,5194,0
IWM191004P147,2019-10-03,2019-10-02 09:27:25,1.11,0.8345,4,1.09,0.8195,270,1.14,0.8571,5,1.1,0.827,5194,0
IWM191004P147,2019-10-03,2019-10-02 09:27:27,1.11,0.8345,21,1.09,0.8195,134,1.14,0.8571,5,1.1,0.827,5194,0
IWM191004P147,2019-10-03,2019-10-02 09:27:28,1.11,0.8345,10,1.09,0.8195,109,1.14,0.8571,5,1.1,0.827,5194,0
IWM191004P147,2019-10-03,2019-10-02 09:27:30,1.11,0.8345,10,1.09,0.8195,127,1.14,0.8571,5,1.1,0.827,5194,0
IWM191004P147,2019-10-03,2019-10-02 09:27:31,1.11,0.8345,10,1.09,0.8195,177,1.14,0.8571,5,1.1,0.827,5194,0
IWM191004P147,2019-10-03,2019-10-02 09:27:32,1.11,0.8345,1,1.09,0.8195,217,1.14,0.8571,5,1.1,0.827,5194,0
IWM191004P147,2019-10-03,2019-10-02 09:27:33,1.11,0.8345,11,1.09,0.8195,211,1.14,0.8571,5,1.1,0.827,5194,0
IWM191004P147,2019-10-03,2019-10-02 09:27:34,1.11,0.8345,78,1.09,0.8195,50,1.14,0.8571,5,1.1,0.827,5194,0
IWM191004P147,2019-10-03,2019-10-02 09:27:35,1.11,0.8345,41,1.09,0.8195,109,1.14,0.8571,5,1.1,0.827,5194,0
IWM191004P147,2019-10-03,2019-10-02 09:27:37,1.12,0.8421,4,1.1,0.827,21,1.14,0.8571,5,1.11,0.8345,5194,0
IWM191004P147,2019-10-03,2019-10-02 09:27:39,1.12,0.8421,25,1.1,0.827,111,1.14,0.8571,5,1.11,0.8345,5194,0
IWM191004P147,2019-10-03,2019-10-02 09:27:42,1.12,0.8421,25,1.1,0.827,214,1.14,0.8571,5,1.11,0.8345,5194,0
IWM191004P147,2019-10-03,2019-10-02 09:27:45,1.12,0.8421,4,1.11,0.8345,21,1.14,0.8571,5,1.115,0.8383,5194,0
IWM191004P147,2019-10-03,2019-10-02 09:27:46,1.12,0.8421,10,1.1,0.827,86,1.14,0.8571,5,1.11,0.8345,5194,0
IWM191004P147,2019-10-03,2019-10-02 09:27:48,1.11,0.8345,10,1.09,0.8195,176,1.14,0.8571,5,1.1,0.827,5194,0
IWM191004P147,2019-10-03,2019-10-02 09:27:49,1.11,0.8345,37,1.09,0.8195,10,1.14,0.8571,5,1.1,0.827,5194,0
IWM191004P147,2019-10-03,2019-10-02 09:27:50,1.11,0.8345,83,1.08,0.812,213,1.14,0.8571,5,1.095,0.8233,5194,0
IWM191004P147,2019-10-03,2019-10-02 09:27:51,1.11,0.8345,43,1.08,0.812,259,1.14,0.8571,5,1.095,0.8233,5194,0
IWM191004P147,2019-10-03,2019-10-02 09:27:52,1.11,0.8345,63,1.09,0.8195,24,1.14,0.8571,5,1.1,0.827,5194,0
IWM191004P147,2019-10-03,2019-10-02 09:27:54,1.11,0.8345,198,1.09,0.8195,24,1.14,0.8571,5,1.1,0.827,5194,0
IWM191004P147,2019-10-03,2019-10-02 09:27:56,1.12,0.8421,63,1.09,0.8195,219,1.14,0.8571,5,1.105,0.8308,5194,0
IWM191004P147,2019-10-03,2019-10-02 09:27:59,1.11,0.8345,6,1.09,0.8195,219,1.14,0.8571,5,1.1,0.827,5194,0
IWM191004P147,2019-10-03,2019-10-02 09:28:00,1.11,0.8345,19,1.1,0.827,21,1.14,0.8571,5,1.105,0.8308,5194,0
IWM191004P147,2019-10-03,2019-10-02 09:28:02,1.11,0.8345,83,1.09,0.8195,5,1.14,0.8571,5,1.1,0.827,5194,0
IWM191004P147,2019-10-03,2019-10-02 09:28:04,1.11,0.8345,32,1.09,0.8195,106,1.14,0.8571,5,1.1,0.827,5194,0
IWM191004P147,2019-10-03,2019-10-02 09:28:24,1.11,0.8345,139,1.09,0.8195,10,1.14,0.8571,5,1.1,0.827,5194,0
IWM191004P147,2019-10-03,2019-10-02 09:28:26,1.11,0.8345,59,1.09,0.8195,2,1.14,0.8571,5,1.1,0.827,5194,0
IWM191004P147,2019-10-03,2019-10-02 09:28:27,1.11,0.8345,152,1.09,0.8195,19,1.14,0.8571,5,1.1,0.827,5194,0
IWM191004P147,2019-10-03,2019-10-02 09:28:27,1.11,0.8345,218,1.09,0.8195,27,1.14,0.8571,5,1.1,0.827,5194,0
IWM191004P147,2019-10-03,2019-10-02 09:28:28,1.11,0.8345,152,1.09,0.8195,27,1.14,0.8571,5,1.1,0.827,5194,0
IWM191004P147,2019-10-03,2019-10-02 09:28:30,1.1,0.827,41,1.08,0.812,138,1.14,0.8571,5,1.09,0.8195,5194,0
IWM191004P147,2019-10-03,2019-10-02 09:28:31,1.1,0.827,66,1.08,0.812,52,1.14,0.8571,5,1.09,0.8195,5194,0
IWM191004P147,2019-10-03,2019-10-02 09:28:32,1.1,0.827,81,1.08,0.812,32,1.14,0.8571,5,1.09,0.8195,5194,0
IWM191004P147,2019-10-03,2019-10-02 09:28:33,1.09,0.8195,6,1.08,0.812,10,1.14,0.8571,5,1.085,0.8157,5194,0
IWM191004P147,2019-10-03,2019-10-02 09:28:34,1.09,0.8195,18,1.07,0.8045,50,1.14,0.8571,5,1.08,0.812,5194,0
IWM191004P147,2019-10-03,2019-10-02 09:28:35,1.09,0.8195,21,1.08,0.812,1,1.14,0.8571,5,1.085,0.8157,5194,0
IWM191004P147,2019-10-03,2019-10-02 09:28:37,1.09,0.8195,21,1.08,0.812,1,1.14,0.8571,5,1.085,0.8157,5194,0
IWM191004P147,2019-10-03,2019-10-02 09:28:38,1.09,0.8195,21,1.08,0.812,10,1.14,0.8571,5,1.085,0.8157,5194,0
IWM191004P147,2019-10-03,2019-10-02 09:28:39,1.09,0.8195,21,1.08,0.812,5,1.14,0.8571,5,1.085,0.8157,5194,0
IWM191004P147,2019-10-03,2019-10-02 09:28:41,1.09,0.8195,29,1.07,0.8045,82,1.14,0.8571,5,1.08,0.812,5194,0
IWM191004P147,2019-10-03,2019-10-02 09:28:44,1.09,0.8195,178,1.07,0.8045,25,1.14,0.8571,5,1.08,0.812,5194,0
IWM191004P147,2019-10-03,2019-10-02 09:28:49,1.1,0.827,35,1.08,0.812,38,1.14,0.8571,5,1.09,0.8195,5194,0
IWM191004P147,2019-10-03,2019-10-02 09:28:54,1.1,0.827,34,1.08,0.812,206,1.14,0.8571,5,1.09,0.8195,5194,0
IWM191004P147,2019-10-03,2019-10-02 09:29:02,1.09,0.8195,38,1.07,0.8045,53,1.14,0.8571,5,1.08,0.812,5194,0
IWM191004P147,2019-10-03,2019-10-02 09:29:06,1.08,0.812,178,1.05,0.7894,328,1.14,0.8571,5,1.065,0.8007,5194,0
IWM191004P147,2019-10-03,2019-10-02 09:29:08,1.08,0.812,298,1.05,0.7894,94,1.14,0.8571,5,1.065,0.8007,5194,0
IWM191004P147,2019-10-03,2019-10-02 09:29:11,1.07,0.8045,57,1.06,0.7969,2,1.14,0.8571,5,1.065,0.8007,5194,0
IWM191004P147,2019-10-03,2019-10-02 09:29:11,1.09,0.8195,167,1.06,0.7969,207,1.14,0.8571,5,1.075,0.8082,5194,0
IWM191004P147,2019-10-03,2019-10-02 09:29:13,1.08,0.812,69,1.06,0.7969,38,1.14,0.8571,5,1.07,0.8045,5194,0
IWM191004P147,2019-10-03,2019-10-02 09:29:13,1.08,0.812,280,1.06,0.7969,26,1.14,0.8571,5,1.07,0.8045,5194,0
IWM191004P147,2019-10-03,2019-10-02 09:29:24,1.11,0.8345,157,1.08,0.812,139,1.14,0.8571,5,1.095,0.8233,5194,0
IWM191004P147,2019-10-03,2019-10-02 09:29:25,1.11,0.8345,157,1.08,0.812,99,1.14,0.8571,5,1.095,0.8233,5194,0
IWM191004P147,2019-10-03,2019-10-02 09:29:28,1.11,0.8345,11,1.09,0.8195,125,1.14,0.8571,5,1.1,0.827,5194,0
IWM191004P147,2019-10-03,2019-10-02 09:29:31,1.1,0.827,40,1.09,0.8195,1,1.14,0.8571,5,1.095,0.8233,5194,0
IWM191004P147,2019-10-03,2019-10-02 09:29:44,1.09,0.8195,102,1.07,0.8045,20,1.14,0.8571,5,1.08,0.812,5194,0
IWM191004P147,2019-10-03,2019-10-02 09:29:50,1.09,0.8195,150,1.06,0.7969,124,1.14,0.8571,5,1.075,0.8082,5194,0
IWM191004P147,2019-10-03,2019-10-02 09:29:51,1.09,0.8195,224,1.06,0.7969,252,1.14,0.8571,5,1.075,0.8082,5194,0
IWM191004P147,2019-10-03,2019-10-02 09:29:53,1.09,0.8195,121,1.07,0.8045,20,1.14,0.8571,5,1.08,0.812,5194,0
IWM191004P147,2019-10-03,2019-10-02 09:29:55,1.09,0.8195,32,1.07,0.8045,20,1.14,0.8571,5,1.08,0.812,5194,0
IWM191004P147,2019-10-03,2019-10-02 09:29:56,1.09,0.8195,32,1.07,0.8045,48,1.14,0.8571,5,1.08,0.812,5194,0
IWM191004P147,2019-10-03,2019-10-02 09:29:57,1.09,0.8195,98,1.07,0.8045,29,1.09,0.8195,1,1.08,0.812,5195,1
IWM191004P147,2019-10-03,2019-10-02 09:29:59,1.09,0.8195,158,1.05,0.7894,86,1.09,0.8195,1,1.07,0.8045,5195,0
IWM191004P147,2019-10-03,2019-10-03 09:30:00,1.33,1.0,31,1.18,0.8872,5,1.29,0.9699,10,1.255,0.9436,0,0
IWM191004P147,2019-10-03,2019-10-03 09:30:01,1.33,1.0,31,1.18,0.8872,5,1.29,0.9699,10,1.255,0.9436,0,0
IWM191004P147,2019-10-03,2019-10-03 09:30:02,1.34,1.0075,31,1.2,0.9022,31,1.29,0.9699,10,1.27,0.9548,0,0
IWM191004P147,2019-10-03,2019-10-03 09:30:03,1.32,0.9924,46,1.19,0.8947,46,1.29,0.9699,10,1.255,0.9436,0,0
IWM191004P147,2019-10-03,2019-10-03 09:30:03,1.32,0.9924,47,1.19,0.8947,47,1.29,0.9699,10,1.255,0.9436,0,0
IWM191004P147,2019-10-03,2019-10-03 09:30:04,1.32,0.9924,47,1.19,0.8947,16,1.29,0.9699,10,1.255,0.9436,0,0
IWM191004P147,2019-10-03,2019-10-03 09:30:04,1.31,0.9849,46,1.2,0.9022,16,1.29,0.9699,10,1.255,0.9436,0,0
IWM191004P147,2019-10-03,2019-10-03 09:30:05,1.28,0.9624,45,1.2,0.9022,45,1.29,0.9699,10,1.24,0.9323,0,0
IWM191004P147,2019-10-03,2019-10-03 09:30:05,1.27,0.9548,45,1.2,0.9022,45,1.29,0.9699,10,1.235,0.9285,0,0
IWM191004P147,2019-10-03,2019-10-03 09:30:06,1.27,0.9548,138,1.2,0.9022,45,1.29,0.9699,10,1.235,0.9285,0,0
IWM191004P147,2019-10-03,2019-10-03 09:30:06,1.27,0.9548,45,1.2,0.9022,45,1.29,0.9699,10,1.235,0.9285,0,0
IWM191004P147,2019-10-03,2019-10-03 09:30:07,1.27,0.9548,45,1.2,0.9022,25,1.29,0.9699,10,1.235,0.9285,0,0
IWM191004P147,2019-10-03,2019-10-03 09:30:07,1.26,0.9473,128,1.2,0.9022,25,1.29,0.9699,10,1.23,0.9248,0,0
IWM191004P147,2019-10-03,2019-10-03 09:30:08,1.26,0.9473,112,1.2,0.9022,25,1.29,0.9699,10,1.23,0.9248,0,0
IWM191004P147,2019-10-03,2019-10-03 09:30:08,1.26,0.9473,45,1.2,0.9022,25,1.29,0.9699,10,1.23,0.9248,0,0
IWM191004P147,2019-10-03,2019-10-03 09:30:09,1.26,0.9473,187,1.2,0.9022,25,1.29,0.9699,10,1.23,0.9248,0,0
IWM191004P147,2019-10-03,2019-10-03 09:30:10,1.26,0.9473,187,1.2,0.9022,5,1.29,0.9699,10,1.23,0.9248,0,0
IWM191004P147,2019-10-03,2019-10-03 09:30:11,1.26,0.9473,39,1.2,0.9022,5,1.29,0.9699,10,1.23,0.9248,0,0
IWM191004P147,2019-10-03,2019-10-03 09:30:11,1.28,0.9624,187,1.2,0.9022,245,1.29,0.9699,10,1.24,0.9323,0,0
IWM191004P147,2019-10-03,2019-10-03 09:30:12,1.28,0.9624,10,1.22,0.9172,75,1.29,0.9699,10,1.25,0.9398,0,0
IWM191004P147,2019-10-03,2019-10-03 09:30:12,1.28,0.9624,10,1.23,0.9248,75,1.29,0.9699,10,1.255,0.9436,0,0
IWM191004P147,2019-10-03,2019-10-03 09:30:13,1.29,0.9699,187,1.23,0.9248,29,1.29,0.9699,10,1.26,0.9473,0,0
IWM191004P147,2019-10-03,2019-10-03 09:30:13,1.3,0.9774,187,1.23,0.9248,89,1.29,0.9699,10,1.265,0.9511,0,0
IWM191004P147,2019-10-03,2019-10-03 09:30:14,1.29,0.9699,238,1.23,0.9248,20,1.29,0.9699,10,1.26,0.9473,0,0
IWM191004P147,2019-10-03,2019-10-03 09:30:14,1.3,0.9774,187,1.23,0.9248,78,1.29,0.9699,10,1.265,0.9511,0,0
IWM191004P147,2019-10-03,2019-10-03 09:30:15,1.29,0.9699,187,1.23,0.9248,5,1.29,0.9699,10,1.26,0.9473,0,0
IWM191004P147,2019-10-03,2019-10-03 09:30:15,1.28,0.9624,112,1.23,0.9248,5,1.29,0.9699,10,1.255,0.9436,0,0
IWM191004P147,2019-10-03,2019-10-03 09:30:16,1.26,0.9473,112,1.2,0.9022,6,1.29,0.9699,10,1.23,0.9248,0,0
IWM191004P147,2019-10-03,2019-10-03 09:30:16,1.25,0.9398,198,1.2,0.9022,5,1.29,0.9699,10,1.225,0.921,0,0
IWM191004P147,2019-10-03,2019-10-03 09:30:17,1.25,0.9398,64,1.2,0.9022,5,1.29,0.9699,10,1.225,0.921,0,0
IWM191004P147,2019-10-03,2019-10-03 09:30:17,1.27,0.9548,36,1.2,0.9022,12,1.29,0.9699,10,1.235,0.9285,0,0
IWM191004P147,2019-10-03,2019-10-03 09:30:18,1.27,0.9548,112,1.2,0.9022,12,1.29,0.9699,10,1.235,0.9285,0,0
IWM191004P147,2019-10-03,2019-10-03 09:30:19,1.27,0.9548,20,1.2,0.9022,12,1.29,0.9699,10,1.235,0.9285,0,0
IWM191004P147,2019-10-03,2019-10-03 09:30:19,1.27,0.9548,30,1.2,0.9022,216,1.29,0.9699,10,1.235,0.9285,0,0
IWM191004P147,2019-10-03,2019-10-03 09:30:20,1.27,0.9548,117,1.2,0.9022,99,1.29,0.9699,10,1.235,0.9285,0,0
IWM191004P147,2019-10-03,2019-10-03 09:30:20,1.27,0.9548,30,1.2,0.9022,216,1.29,0.9699,10,1.235,0.9285,0,0
IWM191004P147,2019-10-03,2019-10-03 09:30:21,1.27,0.9548,20,1.21,0.9097,126,1.29,0.9699,10,1.24,0.9323,0,0
IWM191004P147,2019-10-03,2019-10-03 09:30:21,1.3,0.9774,216,1.21,0.9097,250,1.29,0.9699,10,1.255,0.9436,0,0
IWM191004P147,2019-10-03,2019-10-03 09:30:22,1.29,0.9699,138,1.22,0.9172,112,1.29,0.9699,10,1.255,0.9436,0,0
IWM191004P147,2019-10-03,2019-10-03 09:30:22,1.29,0.9699,10,1.24,0.9323,148,1.29,0.9699,10,1.265,0.9511,0,0
IWM191004P147,2019-10-03,2019-10-03 09:30:23,1.32,0.9924,47,1.25,0.9398,112,1.29,0.9699,10,1.285,0.9661,0,0
IWM191004P147,2019-10-03,2019-10-03 09:30:23,1.35,1.015,1,1.28,0.9624,112,1.29,0.9699,10,1.315,0.9887,0,0
IWM191004P147,2019-10-03,2019-10-03 09:30:24,1.35,1.015,115,1.28,0.9624,198,1.29,0.9699,10,1.315,0.9887,0,0
IWM191004P147,2019-10-03,2019-10-03 09:30:24,1.35,1.015,151,1.28,0.9624,59,1.29,0.9699,10,1.315,0.9887,0,0
IWM191004P147,2019-10-03,2019-10-03 09:30:25,1.35,1.015,20,1.29,0.9699,154,1.29,0.9699,10,1.32,0.9924,0,0
IWM191004P147,2019-10-03,2019-10-03 09:30:25,1.35,1.015,20,1.29,0.9699,183,1.29,0.9699,10,1.32,0.9924,0,0
IWM191004P147,2019-10-03,2019-10-03 09:30:26,1.35,1.015,20,1.29,0.9699,255,1.29,0.9699,10,1.32,0.9924,0,0
IWM191004P147,2019-10-03,2019-10-03 09:30:26,1.35,1.015,171,1.29,0.9699,198,1.29,0.9699,10,1.32,0.9924,0,0
IWM191004P147,2019-10-03,2019-10-03 09:30:27,1.35,1.015,171,1.29,0.9699,198,1.29,0.9699,10,1.32,0.9924,0,0
IWM191004P147,2019-10-03,2019-10-03 09:30:27,1.35,1.015,20,1.29,0.9699,91,1.29,0.9699,10,1.32,0.9924,0,0
IWM191004P147,2019-10-03,2019-10-03 09:30:28,1.35,1.015,20,1.29,0.9699,308,1.29,0.9699,10,1.32,0.9924,0,0
IWM191004P147,2019-10-03,2019-10-03 09:30:29,1.35,1.015,289,1.29,0.9699,44,1.29,0.9699,10,1.32,0.9924,0,0
IWM191004P147,2019-10-03,2019-10-03 09:30:29,1.35,1.015,364,1.28,0.9624,33,1.29,0.9699,10,1.315,0.9887,0,0
IWM191004P147,2019-10-03,2019-10-03 09:30:30,1.33,1.0,244,1.28,0.9624,20,1.29,0.9699,10,1.305,0.9812,0,0
IWM191004P147,2019-10-03,2019-10-03 09:30:30,1.34,1.0075,257,1.28,0.9624,20,1.29,0.9699,10,1.31,0.9849,0,0
IWM191004P147,2019-10-03,2019-10-03 09:30:31,1.33,1.0,43,1.29,0.9699,20,1.29,0.9699,10,1.31,0.9849,0,0
IWM191004P147,2019-10-03,2019-10-03 09:30:32,1.34,1.0075,161,1.3,0.9774,20,1.29,0.9699,10,1.32,0.9924,0,0
IWM191004P147,2019-10-03,2019-10-03 09:30:32,1.33,1.0,20,1.3,0.9774,20,1.29,0.9699,10,1.315,0.9887,0,0
IWM191004P147,2019-10-03,2019-10-03 09:30:33,1.34,1.0075,10,1.31,0.9849,20,1.29,0.9699,10,1.325,0.9962,0,0
IWM191004P147,2019-10-03,2019-10-03 09:30:33,1.35,1.015,122,1.31,0.9849,20,1.29,0.9699,10,1.33,1.0,0,0
IWM191004P147,2019-10-03,2019-10-03 09:30:34,1.35,1.015,77,1.32,0.9924,20,1.29,0.9699,10,1.335,1.0037,0,0
IWM191004P147,2019-10-03,2019-10-03 09:30:34,1.35,1.015,36,1.32,0.9924,20,1.29,0.9699,10,1.335,1.0037,0,0
IWM191004P147,2019-10-03,2019-10-03 09:30:35,1.37,1.03,232,1.34,1.0075,20,1.29,0.9699,10,1.355,1.0187,0,0
IWM191004P147,2019-10-03,2019-10-03 09:30:35,1.37,1.03,323,1.34,1.0075,20,1.29,0.9699,10,1.355,1.0187,0,0
IWM191004P147,2019-10-03,2019-10-03 09:30:36,1.37,1.03,232,1.34,1.0075,20,1.29,0.9699,10,1.355,1.0187,0,0
IWM191004P147,2019-10-03,2019-10-03 09:30:36,1.37,1.03,211,1.35,1.015,20,1.29,0.9699,10,1.36,1.0225,0,0
IWM191004P147,2019-10-03,2019-10-03 09:30:37,1.37,1.03,156,1.35,1.015,2,1.29,0.9699,10,1.36,1.0225,0,0
IWM191004P147,2019-10-03,2019-10-03 09:30:38,1.37,1.03,37,1.35,1.015,22,1.29,0.9699,10,1.36,1.0225,0,0
IWM191004P147,2019-10-03,2019-10-03 09:30:39,1.39,1.0451,49,1.35,1.015,22,1.29,0.9699,10,1.37,1.03,0,0
IWM191004P147,2019-10-03,2019-10-03 09:30:39,1.39,1.0451,21,1.35,1.015,22,1.29,0.9699,10,1.37,1.03,0,0
IWM191004P147,2019-10-03,2019-10-03 09:30:40,1.39,1.0451,328,1.35,1.015,22,1.29,0.9699,10,1.37,1.03,0,0
IWM191004P147,2019-10-03,2019-10-03 09:30:40,1.39,1.0451,386,1.34,1.0075,22,1.29,0.9699,10,1.365,1.0263,0,0
IWM191004P147,2019-10-03,2019-10-03 09:30:41,1.38,1.0375,90,1.34,1.0075,22,1.29,0.9699,10,1.36,1.0225,0,0
IWM191004P147,2019-10-03,2019-10-03 09:30:41,1.39,1.0451,285,1.34,1.0075,22,1.29,0.9699,10,1.365,1.0263,0,0
IWM191004P147,2019-10-03,2019-10-03 09:30:42,1.38,1.0375,90,1.34,1.0075,22,1.29,0.9699,10,1.36,1.0225,0,0
IWM191004P147,2019-10-03,2019-10-03 09:30:43,1.37,1.03,10,1.35,1.015,22,1.29,0.9699,10,1.36,1.0225,0,0
IWM191004P147,2019-10-03,2019-10-03 09:30:43,1.37,1.03,58,1.34,1.0075,22,1.29,0.9699,10,1.355,1.0187,0,0
IWM191004P147,2019-10-03,2019-10-03 09:30:44,1.37,1.03,20,1.35,1.015,22,1.29,0.9699,10,1.36,1.0225,0,0
IWM191004P147,2019-10-03,2019-10-03 09:30:45,1.37,1.03,30,1.35,1.015,22,1.29,0.9699,10,1.36,1.0225,0,0
IWM191004P147,2019-10-03,2019-10-03 09:30:45,1.39,1.0451,37,1.35,1.015,22,1.29,0.9699,10,1.37,1.03,0,0
IWM191004P147,2019-10-03,2019-10-03 09:30:46,1.39,1.0451,36,1.36,1.0225,22,1.29,0.9699,10,1.375,1.0338,0,0
IWM191004P147,2019-10-03,2019-10-03 09:30:46,1.39,1.0451,36,1.37,1.03,20,1.29,0.9699,10,1.38,1.0375,0,0
IWM191004P147,2019-10-03,2019-10-03 09:30:47,1.39,1.0451,36,1.37,1.03,20,1.29,0.9699,10,1.38,1.0375,0,0
IWM191004P147,2019-10-03,2019-10-03 09:30:48,1.39,1.0451,36,1.37,1.03,20,1.29,0.9699,10,1.38,1.0375,0,0
IWM191004P147,2019-10-03,2019-10-03 09:30:49,1.39,1.0451,36,1.36,1.0225,20,1.29,0.9699,10,1.375,1.0338,0,0
IWM191004P147,2019-10-03,2019-10-03 09:30:49,1.39,1.0451,59,1.36,1.0225,20,1.29,0.9699,10,1.375,1.0338,0,0
IWM191004P147,2019-10-03,2019-10-03 09:30:50,1.39,1.0451,56,1.36,1.0225,20,1.29,0.9699,10,1.375,1.0338,0,0
IWM191004P147,2019-10-03,2019-10-03 09:30:50,1.39,1.0451,70,1.36,1.0225,20,1.29,0.9699,10,1.375,1.0338,0,0
IWM191004P147,2019-10-03,2019-10-03 09:30:51,1.39,1.0451,30,1.36,1.0225,22,1.29,0.9699,10,1.375,1.0338,0,0
IWM191004P147,2019-10-03,2019-10-03 09:30:52,1.39,1.0451,45,1.36,1.0225,20,1.29,0.9699,10,1.375,1.0338,0,0
IWM191004P147,2019-10-03,2019-10-03 09:30:52,1.39,1.0451,30,1.36,1.0225,22,1.29,0.9699,10,1.375,1.0338,0,0
IWM191004P147,2019-10-03,2019-10-03 09:30:53,1.39,1.0451,92,1.36,1.0225,20,1.29,0.9699,10,1.375,1.0338,0,0
IWM191004P147,2019-10-03,2019-10-03 09:30:53,1.39,1.0451,85,1.35,1.015,22,1.29,0.9699,10,1.37,1.03,0,0
IWM191004P147,2019-10-03,2019-10-03 09:30:54,1.39,1.0451,82,1.36,1.0225,20,1.29,0.9699,10,1.375,1.0338,0,0
IWM191004P147,2019-10-03,2019-10-03 09:30:55,1.39,1.0451,82,1.36,1.0225,20,1.29,0.9699,10,1.375,1.0338,0,0
IWM191004P147,2019-10-03,2019-10-03 09:30:55,1.39,1.0451,81,1.36,1.0225,20,1.29,0.9699,10,1.375,1.0338,0,0
IWM191004P147,2019-10-03,2019-10-03 09:30:56,1.39,1.0451,81,1.36,1.0225,20,1.29,0.9699,10,1.375,1.0338,0,0
IWM191004P147,2019-10-03,2019-10-03 09:30:57,1.38,1.0375,265,1.35,1.015,22,1.29,0.9699,10,1.365,1.0263,0,0
IWM191004P147,2019-10-03,2019-10-03 09:30:57,1.38,1.0375,346,1.34,1.0075,22,1.29,0.9699,10,1.36,1.0225,0,0
IWM191004P147,2019-10-03,2019-10-03 09:30:58,1.38,1.0375,230,1.34,1.0075,20,1.29,0.9699,10,1.36,1.0225,0,0
IWM191004P147,2019-10-03,2019-10-03 09:30:59,1.38,1.0375,128,1.35,1.015,22,1.29,0.9699,10,1.365,1.0263,0,0
IWM191004P147,2019-10-03,2019-10-03 09:30:59,1.38,1.0375,149,1.35,1.015,22,1.29,0.9699,10,1.365,1.0263,0,0
IWM191004P147,2019-10-03,2019-10-03 09:31:00,1.37,1.03,26,1.33,1.0,22,1.29,0.9699,10,1.35,1.015,0,0
IWM191004P147,2019-10-03,2019-10-03 09:31:00,1.38,1.0375,56,1.35,1.015,22,1.29,0.9699,10,1.365,1.0263,0,0
IWM191004P147,2019-10-03,2019-10-03 09:31:01,1.39,1.0451,144,1.36,1.0225,20,1.29,0.9699,10,1.375,1.0338,0,0
IWM191004P147,2019-10-03,2019-10-03 09:31:01,1.39,1.0451,67,1.35,1.015,22,1.29,0.9699,10,1.37,1.03,0,0
IWM191004P147,2019-10-03,2019-10-03 09:31:02,1.39,1.0451,67,1.35,1.015,22,1.29,0.9699,10,1.37,1.03,0,0
IWM191004P147,2019-10-03,2019-10-03 09:31:03,1.39,1.0451,74,1.35,1.015,22,1.29,0.9699,10,1.37,1.03,0,0
IWM191004P147,2019-10-03,2019-10-03 09:31:04,1.39,1.0451,74,1.35,1.015,22,1.29,0.9699,10,1.37,1.03,0,0
IWM191004P147,2019-10-03,2019-10-03 09:31:05,1.39,1.0451,74,1.35,1.015,22,1.29,0.9699,10,1.37,1.03,0,0
IWM191004P147,2019-10-03,2019-10-03 09:31:06,1.39,1.0451,74,1.35,1.015,22,1.29,0.9699,10,1.37,1.03,0,0
IWM191004P147,2019-10-03,2019-10-03 09:31:06,1.41,1.0601,26,1.37,1.03,51,1.29,0.9699,10,1.39,1.0451,0,0
IWM191004P147,2019-10-03,2019-10-03 09:31:07,1.42,1.0676,10,1.37,1.03,22,1.29,0.9699,10,1.395,1.0488,0,0
IWM191004P147,2019-10-03,2019-10-03 09:31:07,1.42,1.0676,30,1.39,1.0451,20,1.29,0.9699,10,1.405,1.0563,0,0
IWM191004P147,2019-10-03,2019-10-03 09:31:08,1.42,1.0676,30,1.39,1.0451,20,1.29,0.9699,10,1.405,1.0563,0,0
IWM191004P147,2019-10-03,2019-10-03 09:31:09,1.44,1.0827,126,1.39,1.0451,5,1.29,0.9699,10,1.415,1.0639,0,0
IWM191004P147,2019-10-03,2019-10-03 09:31:09,1.42,1.0676,30,1.4,1.0526,20,1.29,0.9699,10,1.41,1.0601,0,0
IWM191004P147,2019-10-03,2019-10-03 09:31:10,1.44,1.0827,177,1.38,1.0375,23,1.29,0.9699,10,1.41,1.0601,0,0
IWM191004P147,2019-10-03,2019-10-03 09:31:10,1.44,1.0827,304,1.39,1.0451,1,1.29,0.9699,10,1.415,1.0639,0,0
IWM191004P147,2019-10-03,2019-10-03 09:31:11,1.44,1.0827,46,1.39,1.0451,26,1.29,0.9699,10,1.415,1.0639,0,0
IWM191004P147,2019-10-03,2019-10-03 09:31:11,1.44,1.0827,46,1.4,1.0526,22,1.29,0.9699,10,1.42,1.0676,0,0
IWM191004P147,2019-10-03,2019-10-03 09:31:12,1.45,1.0902,31,1.41,1.0601,2,1.29,0.9699,10,1.43,1.0751,0,0
IWM191004P147,2019-10-03,2019-10-03 09:31:12,1.45,1.0902,33,1.41,1.0601,2,1.29,0.9699,10,1.43,1.0751,0,0
IWM191004P147,2019-10-03,2019-10-03 09:31:13,1.45,1.0902,36,1.42,1.0676,20,1.29,0.9699,10,1.435,1.0789,0,0
IWM191004P147,2019-10-03,2019-10-03 09:31:14,1.45,1.0902,57,1.42,1.0676,20,1.29,0.9699,10,1.435,1.0789,0,0
IWM191004P147,2019-10-03,2019-10-03 09:31:14,1.45,1.0902,46,1.41,1.0601,20,1.29,0.9699,10,1.43,1.0751,0,0
IWM191004P147,2019-10-03,2019-10-03 09:31:15,1.45,1.0902,36,1.42,1.0676,20,1.29,0.9699,10,1.435,1.0789,0,0
IWM191004P147,2019-10-03,2019-10-03 09:31:15,1.45,1.0902,57,1.42,1.0676,20,1.29,0.9699,10,1.435,1.0789,0,0
IWM191004P147,2019-10-03,2019-10-03 09:31:16,1.45,1.0902,36,1.42,1.0676,20,1.29,0.9699,10,1.435,1.0789,0,0
IWM191004P147,2019-10-03,2019-10-03 09:31:17,1.45,1.0902,46,1.43,1.0751,20,1.29,0.9699,10,1.44,1.0827,0,0
IWM191004P147,2019-10-03,2019-10-03 09:31:17,1.45,1.0902,46,1.42,1.0676,20,1.29,0.9699,10,1.435,1.0789,0,0
IWM191004P147,2019-10-03,2019-10-03 09:31:18,1.45,1.0902,46,1.42,1.0676,22,1.29,0.9699,10,1.435,1.0789,0,0
IWM191004P147,2019-10-03,2019-10-03 09:31:18,1.45,1.0902,36,1.43,1.0751,20,1.29,0.9699,10,1.44,1.0827,0,0
IWM191004P147,2019-10-03,2019-10-03 09:31:19,1.45,1.0902,36,1.43,1.0751,18,1.29,0.9699,10,1.44,1.0827,0,0
IWM191004P147,2019-10-03,2019-10-03 09:31:19,1.48,1.1127,36,1.44,1.0827,22,1.29,0.9699,10,1.46,1.0977,0,0
IWM191004P147,2019-10-03,2019-10-03 09:31:20,1.48,1.1127,51,1.44,1.0827,20,1.29,0.9699,10,1.46,1.0977,0,0
IWM191004P147,2019-10-03,2019-10-03 09:31:21,1.47,1.1052,55,1.43,1.0751,22,1.29,0.9699,10,1.45,1.0902,0,0
IWM191004P147,2019-10-03,2019-10-03 09:31:21,1.47,1.1052,34,1.43,1.0751,22,1.29,0.9699,10,1.45,1.0902,0,0
IWM191004P147,2019-10-03,2019-10-03 09:31:22,1.45,1.0902,278,1.4,1.0526,22,1.29,0.9699,10,1.425,1.0714,0,0
IWM191004P147,2019-10-03,2019-10-03 09:31:22,1.46,1.0977,31,1.42,1.0676,22,1.29,0.9699,10,1.44,1.0827,0,0
IWM191004P147,2019-10-03,2019-10-03 09:31:23,1.45,1.0902,5,1.41,1.0601,54,1.29,0.9699,10,1.43,1.0751,0,0
IWM191004P147,2019-10-03,2019-10-03 09:31:23,1.45,1.0902,94,1.41,1.0601,22,1.29,0.9699,10,1.43,1.0751,0,0
IWM191004P147,2019-10-03,2019-10-03 09:31:24,1.47,1.1052,258,1.43,1.0751,20,1.29,0.9699,10,1.45,1.0902,0,0
IWM191004P147,2019-10-03,2019-10-03 09:31:24,1.45,1.0902,5,1.43,1.0751,20,1.29,0.9699,10,1.44,1.0827,0,0
IWM191004P147,2019-10-03,2019-10-03 09:31:25,1.47,1.1052,258,1.43,1.0751,20,1.29,0.9699,10,1.45,1.0902,0,0
IWM191004P147,2019-10-03,2019-10-03 09:31:25,1.47,1.1052,262,1.43,1.0751,22,1.29,0.9699,10,1.45,1.0902,0,0
IWM191004P147,2019-10-03,2019-10-03 09:31:26,1.47,1.1052,152,1.43,1.0751,20,1.29,0.9699,10,1.45,1.0902,0,0
IWM191004P147,2019-10-03,2019-10-03 09:31:26,1.47,1.1052,43,1.43,1.0751,22,1.29,0.9699,10,1.45,1.0902,0,0
IWM191004P147,2019-10-03,2019-10-03 09:31:27,1.46,1.0977,20,1.42,1.0676,22,1.29,0.9699,10,1.44,1.0827,0,0
IWM191004P147,2019-10-03,2019-10-03 09:31:27,1.47,1.1052,152,1.43,1.0751,20,1.29,0.9699,10,1.45,1.0902,0,0
IWM191004P147,2019-10-03,2019-10-03 09:31:28,1.45,1.0902,20,1.42,1.0676,20,1.29,0.9699,10,1.435,1.0789,0,0
IWM191004P147,2019-10-03,2019-10-03 09:31:28,1.45,1.0902,112,1.42,1.0676,22,1.29,0.9699,10,1.435,1.0789,0,0
IWM191004P147,2019-10-03,2019-10-03 09:31:29,1.45,1.0902,26,1.42,1.0676,20,1.29,0.9699,10,1.435,1.0789,0,0
IWM191004P147,2019-10-03,2019-10-03 09:31:29,1.45,1.0902,41,1.42,1.0676,22,1.29,0.9699,10,1.435,1.0789,0,0
IWM191004P147,2019-10-03,2019-10-03 09:31:30,1.45,1.0902,41,1.42,1.0676,20,1.29,0.9699,10,1.435,1.0789,0,0
IWM191004P147,2019-10-03,2019-10-03 09:31:30,1.45,1.0902,20,1.42,1.0676,22,1.29,0.9699,10,1.435,1.0789,0,0
IWM191004P147,2019-10-03,2019-10-03 09:31:31,1.45,1.0902,30,1.42,1.0676,22,1.29,0.9699,10,1.435,1.0789,0,0
IWM191004P147,2019-10-03,2019-10-03 09:31:31,1.44,1.0827,21,1.43,1.0751,4,1.29,0.9699,10,1.435,1.0789,0,0
IWM191004P147,2019-10-03,2019-10-03 09:31:32,1.39,1.0451,20,1.36,1.0225,22,1.29,0.9699,10,1.375,1.0338,0,0
IWM191004P147,2019-10-03,2019-10-03 09:31:32,1.43,1.0751,1,1.4,1.0526,1,1.29,0.9699,10,1.415,1.0639,0,0
IWM191004P147,2019-10-03,2019-10-03 09:31:33,1.39,1.0451,31,1.36,1.0225,22,1.29,0.9699,10,1.375,1.0338,0,0
IWM191004P147,2019-10-03,2019-10-03 09:31:33,1.39,1.0451,41,1.35,1.015,28,1.29,0.9699,10,1.37,1.03,0,0
IWM191004P147,2019-10-03,2019-10-03 09:31:34,1.39,1.0451,41,1.36,1.0225,5,1.29,0.9699,10,1.375,1.0338,0,0
IWM191004P147,2019-10-03,2019-10-03 09:31:35,1.37,1.03,28,1.34,1.0075,17,1.29,0.9699,10,1.355,1.0187,0,0
IWM191004P147,2019-10-03,2019-10-03 09:31:35,1.37,1.03,30,1.34,1.0075,25,1.29,0.9699,10,1.355,1.0187,0,0
IWM191004P147,2019-10-03,2019-10-03 09:31:36,1.37,1.03,30,1.34,1.0075,3,1.29,0.9699,10,1.355,1.0187,0,0
IWM191004P147,2019-10-03,2019-10-03 09:31:36,1.37,1.03,40,1.34,1.0075,9,1.29,0.9699,10,1.355,1.0187,0,0
IWM191004P147,2019-10-03,2019-10-03 09:31:37,1.36,1.0225,30,1.33,1.0,12,1.29,0.9699,10,1.345,1.0112,0,0
IWM191004P147,2019-10-03,2019-10-03 09:31:37,1.36,1.0225,25,1.33,1.0,33,1.29,0.9699,10,1.345,1.0112,0,0
IWM191004P147,2019-10-03,2019-10-03 09:31:38,1.34,1.0075,20,1.3,0.9774,42,1.29,0.9699,10,1.32,0.9924,0,0
IWM191004P147,2019-10-03,2019-10-03 09:31:38,1.36,1.0225,37,1.31,0.9849,36,1.29,0.9699,10,1.335,1.0037,0,0
IWM191004P147,2019-10-03,2019-10-03 09:31:39,1.34,1.0075,43,1.31,0.9849,11,1.29,0.9699,10,1.325,0.9962,0,0
IWM191004P147,2019-10-03,2019-10-03 09:31:40,1.34,1.0075,48,1.31,0.9849,53,1.29,0.9699,10,1.325,0.9962,0,0
IWM191004P147,2019-10-03,2019-10-03 09:31:40,1.33,1.0,28,1.29,0.9699,9,1.29,0.9699,10,1.31,0.9849,0,0
IWM191004P147,2019-10-03,2019-10-03 09:31:41,1.33,1.0,20,1.3,0.9774,1,1.29,0.9699,10,1.315,0.9887,0,0
IWM191004P147,2019-10-03,2019-10-03 09:31:41,1.33,1.0,41,1.3,0.9774,1,1.29,0.9699,10,1.315,0.9887,0,0
IWM191004P147,2019-10-03,2019-10-03 09:31:42,1.33,1.0,269,1.3,0.9774,1,1.29,0.9699,10,1.315,0.9887,0,0
IWM191004P147,2019-10-03,2019-10-03 09:31:42,1.33,1.0,41,1.3,0.9774,11,1.29,0.9699,10,1.315,0.9887,0,0
IWM191004P147,2019-10-03,2019-10-03 09:31:43,1.32,0.9924,20,1.28,0.9624,80,1.29,0.9699,10,1.3,0.9774,0,0
IWM191004P147,2019-10-03,2019-10-03 09:31:43,1.32,0.9924,38,1.3,0.9774,3,1.29,0.9699,10,1.31,0.9849,0,0
IWM191004P147,2019-10-03,2019-10-03 09:31:44,1.3,0.9774,23,1.3,0.9774,3,1.29,0.9699,10,1.3,0.9774,0,0
IWM191004P147,2019-10-03,2019-10-03 09:31:44,1.32,0.9924,30,1.29,0.9699,3,1.29,0.9699,10,1.305,0.9812,0,0
IWM191004P147,2019-10-03,2019-10-03 09:31:45,1.32,0.9924,30,1.28,0.9624,47,1.29,0.9699,10,1.3,0.9774,0,0
IWM191004P147,2019-10-03,2019-10-03 09:31:45,1.32,0.9924,20,1.28,0.9624,61,1.29,0.9699,10,1.3,0.9774,0,0
IWM191004P147,2019-10-03,2019-10-03 09:31:46,1.34,1.0075,20,1.3,0.9774,20,1.29,0.9699,10,1.32,0.9924,0,0
IWM191004P147,2019-10-03,2019-10-03 09:31:46,1.34,1.0075,20,1.31,0.9849,25,1.29,0.9699,10,1.325,0.9962,0,0
IWM191004P147,2019-10-03,2019-10-03 09:31:47,1.32,0.9924,32,1.29,0.9699,1,1.29,0.9699,10,1.305,0.9812,0,0
IWM191004P147,2019-10-03,2019-10-03 09:31:47,1.33,1.0,9,1.3,0.9774,3,1.29,0.9699,10,1.315,0.9887,0,0
IWM191004P147,2019-10-03,2019-10-03 09:31:48,1.31,0.9849,25,1.28,0.9624,33,1.29,0.9699,10,1.295,0.9736,0,0
IWM191004P147,2019-10-03,2019-10-03 09:31:48,1.31,0.9849,23,1.28,0.9624,49,1.29,0.9699,10,1.295,0.9736,0,0
IWM191004P147,2019-10-03,2019-10-03 09:31:49,1.3,0.9774,23,1.27,0.9548,55,1.29,0.9699,10,1.285,0.9661,0,0
IWM191004P147,2019-10-03,2019-10-03 09:31:49,1.3,0.9774,23,1.27,0.9548,56,1.29,0.9699,10,1.285,0.9661,0,0
IWM191004P147,2019-10-03,2019-10-03 09:31:50,1.3,0.9774,30,1.27,0.9548,57,1.29,0.9699,10,1.285,0.9661,0,0
IWM191004P147,2019-10-03,2019-10-03 09:31:50,1.29,0.9699,26,1.26,0.9473,25,1.29,0.9699,10,1.275,0.9586,0,0
IWM191004P147,2019-10-03,2019-10-03 09:31:51,1.28,0.9624,35,1.26,0.9473,16,1.29,0.9699,10,1.27,0.9548,0,0
IWM191004P147,2019-10-03,2019-10-03 09:31:51,1.28,0.9624,35,1.26,0.9473,52,1.29,0.9699,10,1.27,0.9548,0,0
IWM191004P147,2019-10-03,2019-10-03 09:31:52,1.26,0.9473,23,1.24,0.9323,12,1.29,0.9699,10,1.25,0.9398,0,0
IWM191004P147,2019-10-03,2019-10-03 09:31:52,1.28,0.9624,23,1.26,0.9473,52,1.29,0.9699,10,1.27,0.9548,0,0
IWM191004P147,2019-10-03,2019-10-03 09:31:53,1.29,0.9699,127,1.24,0.9323,25,1.29,0.9699,10,1.265,0.9511,0,0
IWM191004P147,2019-10-03,2019-10-03 09:31:53,1.26,0.9473,23,1.24,0.9323,13,1.29,0.9699,10,1.25,0.9398,0,0
IWM191004P147,2019-10-03,2019-10-03 09:31:54,1.29,0.9699,20,1.25,0.9398,18,1.29,0.9699,10,1.27,0.9548,0,0
IWM191004P147,2019-10-03,2019-10-03 09:31:55,1.28,0.9624,27,1.26,0.9473,3,1.29,0.9699,10,1.27,0.9548,0,0
IWM191004P147,2019-10-03,2019-10-03 09:31:55,1.28,0.9624,26,1.26,0.9473,3,1.29,0.9699,10,1.27,0.9548,0,0
IWM191004P147,2019-10-03,2019-10-03 09:31:56,1.27,0.9548,23,1.26,0.9473,13,1.29,0.9699,10,1.265,0.9511,0,0
IWM191004P147,2019-10-03,2019-10-03 09:31:56,1.28,0.9624,37,1.26,0.9473,13,1.29,0.9699,10,1.27,0.9548,0,0
IWM191004P147,2019-10-03,2019-10-03 09:31:57,1.27,0.9548,23,1.25,0.9398,4,1.29,0.9699,10,1.26,0.9473,0,0
IWM191004P147,2019-10-03,2019-10-03 09:31:58,1.3,0.9774,20,1.26,0.9473,46,1.29,0.9699,10,1.28,0.9624,0,0
IWM191004P147,2019-10-03,2019-10-03 09:31:58,1.28,0.9624,23,1.25,0.9398,18,1.29,0.9699,10,1.265,0.9511,0,0
IWM191004P147,2019-10-03,2019-10-03 09:31:59,1.32,0.9924,30,1.27,0.9548,37,1.29,0.9699,10,1.295,0.9736,0,0
IWM191004P147,2019-10-03,2019-10-03 09:31:59,1.3,0.9774,20,1.27,0.9548,28,1.29,0.9699,10,1.285,0.9661,0,0
IWM191004P147,2019-10-03,2019-10-03 09:32:00,1.3,0.9774,20,1.27,0.9548,3,1.29,0.9699,10,1.285,0.9661,0,0
IWM191004P147,2019-10-03,2019-10-03 09:32:00,1.3,0.9774,20,1.27,0.9548,47,1.29,0.9699,10,1.285,0.9661,0,0
IWM191004P147,2019-10-03,2019-10-03 09:32:01,1.32,0.9924,20,1.28,0.9624,53,1.29,0.9699,10,1.3,0.9774,0,0
IWM191004P147,2019-10-03,2019-10-03 09:32:01,1.33,1.0,20,1.29,0.9699,42,1.29,0.9699,10,1.31,0.9849,0,0
IWM191004P147,2019-10-03,2019-10-03 09:32:02,1.32,0.9924,30,1.28,0.9624,23,1.29,0.9699,10,1.3,0.9774,0,0
IWM191004P147,2019-10-03,2019-10-03 09:32:02,1.32,0.9924,36,1.28,0.9624,48,1.29,0.9699,10,1.3,0.9774,0,0
IWM191004P147,2019-10-03,2019-10-03 09:32:03,1.32,0.9924,5,1.28,0.9624,55,1.29,0.9699,10,1.3,0.9774,0,0
IWM191004P147,2019-10-03,2019-10-03 09:32:03,1.32,0.9924,70,1.28,0.9624,83,1.29,0.9699,10,1.3,0.9774,0,0
IWM191004P147,2019-10-03,2019-10-03 09:32:04,1.29,0.9699,24,1.27,0.9548,18,1.29,0.9699,10,1.28,0.9624,0,0
IWM191004P147,2019-10-03,2019-10-03 09:32:04,1.3,0.9774,44,1.27,0.9548,10,1.29,0.9699,10,1.285,0.9661,0,0
IWM191004P147,2019-10-03,2019-10-03 09:32:05,1.3,0.9774,74,1.26,0.9473,54,1.29,0.9699,10,1.28,0.9624,0,0
IWM191004P147,2019-10-03,2019-10-03 09:32:05,1.28,0.9624,24,1.26,0.9473,10,1.29,0.9699,10,1.27,0.9548,0,0
IWM191004P147,2019-10-03,2019-10-03 09:32:06,1.28,0.9624,53,1.24,0.9323,1,1.29,0.9699,10,1.26,0.9473,0,0
IWM191004P147,2019-10-03,2019-10-03 09:32:06,1.27,0.9548,119,1.23,0.9248,30,1.29,0.9699,10,1.25,0.9398,0,0
IWM191004P147,2019-10-03,2019-10-03 09:32:07,1.27,0.9548,305,1.22,0.9172,60,1.29,0.9699,10,1.245,0.936,0,0
IWM191004P147,2019-10-03,2019-10-03 09:32:07,1.24,0.9323,20,1.21,0.9097,74,1.29,0.9699,10,1.225,0.921,0,0
IWM191004P147,2019-10-03,2019-10-03 09:32:08,1.23,0.9248,20,1.2,0.9022,26,1.29,0.9699,10,1.215,0.9135,0,0
IWM191004P147,2019-10-03,2019-10-03 09:32:08,1.23,0.9248,16,1.2,0.9022,12,1.29,0.9699,10,1.215,0.9135,0,0
IWM191004P147,2019-10-03,2019-10-03 09:32:09,1.24,0.9323,50,1.2,0.9022,34,1.29,0.9699,10,1.22,0.9172,0,0
IWM191004P147,2019-10-03,2019-10-03 09:32:09,1.22,0.9172,16,1.2,0.9022,32,1.29,0.9699,10,1.21,0.9097,0,0
IWM191004P147,2019-10-03,2019-10-03 09:32:10,1.2,0.9022,29,1.18,0.8872,14,1.29,0.9699,10,1.19,0.8947,0,0
IWM191004P147,2019-10-03,2019-10-03 09:32:10,1.22,0.9172,28,1.19,0.8947,10,1.29,0.9699,10,1.205,0.906,0,0
IWM191004P147,2019-10-03,2019-10-03 09:32:11,1.2,0.9022,61,1.18,0.8872,10,1.29,0.9699,10,1.19,0.8947,0,0
IWM191004P147,2019-10-03,2019-10-03 09:32:11,1.2,0.9022,27,1.18,0.8872,10,1.29,0.9699,10,1.19,0.8947,0,0
IWM191004P147,2019-10-03,2019-10-03 09:32:12,1.21,0.9097,24,1.18,0.8872,48,1.29,0.9699,10,1.195,0.8984,0,0
IWM191004P147,2019-10-03,2019-10-03 09:32:13,1.22,0.9172,32,1.2,0.9022,12,1.29,0.9699,10,1.21,0.9097,0,0
IWM191004P147,2019-10-03,2019-10-03 09:32:13,1.22,0.9172,32,1.19,0.8947,58,1.29,0.9699,10,1.205,0.906,0,0
IWM191004P147,2019-10-03,2019-10-03 09:32:14,1.22,0.9172,48,1.2,0.9022,4,1.29,0.9699,10,1.21,0.9097,0,0
IWM191004P147,2019-10-03,2019-10-03 09:32:14,1.22,0.9172,32,1.19,0.8947,78,1.29,0.9699,10,1.205,0.906,0,0
IWM191004P147,2019-10-03,2019-10-03 09:32:15,1.25,0.9398,34,1.22,0.9172,20,1.29,0.9699,10,1.235,0.9285,0,0
IWM191004P147,2019-10-03,2019-10-03 09:32:15,1.25,0.9398,28,1.2,0.9022,18,1.29,0.9699,10,1.225,0.921,0,0
IWM191004P147,2019-10-03,2019-10-03 09:32:16,1.25,0.9398,3,1.22,0.9172,42,1.29,0.9699,10,1.235,0.9285,0,0
IWM191004P147,2019-10-03,2019-10-03 09:32:16,1.26,0.9473,71,1.22,0.9172,20,1.29,0.9699,10,1.24,0.9323,0,0
IWM191004P147,2019-10-03,2019-10-03 09:32:17,1.25,0.9398,16,1.22,0.9172,38,1.29,0.9699,10,1.235,0.9285,0,0
IWM191004P147,2019-10-03,2019-10-03 09:32:17,1.25,0.9398,35,1.22,0.9172,18,1.29,0.9699,10,1.235,0.9285,0,0
IWM191004P147,2019-10-03,2019-10-03 09:32:18,1.25,0.9398,47,1.22,0.9172,18,1.29,0.9699,10,1.235,0.9285,0,0
IWM191004P147,2019-10-03,2019-10-03 09:32:19,1.24,0.9323,35,1.21,0.9097,14,1.29,0.9699,10,1.225,0.921,0,0
IWM191004P147,2019-10-03,2019-10-03 09:32:19,1.25,0.9398,47,1.22,0.9172,38,1.29,0.9699,10,1.235,0.9285,0,0
IWM191004P147,2019-10-03,2019-10-03 09:32:20,1.23,0.9248,21,1.2,0.9022,42,1.29,0.9699,10,1.215,0.9135,0,0
IWM191004P147,2019-10-03,2019-10-03 09:32:20,1.23,0.9248,79,1.2,0.9022,42,1.29,0.9699,10,1.215,0.9135,0,0
IWM191004P147,2019-10-03,2019-10-03 09:32:21,1.22,0.9172,42,1.18,0.8872,75,1.29,0.9699,10,1.2,0.9022,0,0
IWM191004P147,2019-10-03,2019-10-03 09:32:21,1.22,0.9172,30,1.19,0.8947,27,1.29,0.9699,10,1.205,0.906,0,0
IWM191004P147,2019-10-03,2019-10-03 09:32:22,1.2,0.9022,51,1.17,0.8796,18,1.29,0.9699,10,1.185,0.8909,0,0
IWM191004P147,2019-10-03,2019-10-03 09:32:22,1.21,0.9097,52,1.18,0.8872,7,1.29,0.9699,10,1.195,0.8984,0,0
IWM191004P147,2019-10-03,2019-10-03 09:32:23,1.2,0.9022,51,1.17,0.8796,20,1.29,0.9699,10,1.185,0.8909,0,0
IWM191004P147,2019-10-03,2019-10-03 09:32:23,1.2,0.9022,51,1.18,0.8872,6,1.29,0.9699,10,1.19,0.8947,0,0
IWM191004P147,2019-10-03,2019-10-03 09:32:24,1.22,0.9172,46,1.18,0.8872,28,1.29,0.9699,10,1.2,0.9022,0,0
IWM191004P147,2019-10-03,2019-10-03 09:32:24,1.2,0.9022,94,1.18,0.8872,6,1.29,0.9699,10,1.19,0.8947,0,0
IWM191004P147,2019-10-03,2019-10-03 09:32:25,1.22,0.9172,12,1.19,0.8947,45,1.29,0.9699,10,1.205,0.906,0,0
IWM191004P147,2019-10-03,2019-10-03 09:32:25,1.22,0.9172,35,1.19,0.8947,28,1.29,0.9699,10,1.205,0.906,0,0
IWM191004P147,2019-10-03,2019-10-03 09:32:26,1.22,0.9172,23,1.19,0.8947,40,1.29,0.9699,10,1.205,0.906,0,0
IWM191004P147,2019-10-03,2019-10-03 09:32:26,1.23,0.9248,20,1.2,0.9022,39,1.29,0.9699,10,1.215,0.9135,0,0
IWM191004P147,2019-10-03,2019-10-03 09:32:27,1.21,0.9097,33,1.18,0.8872,48,1.29,0.9699,10,1.195,0.8984,0,0
IWM191004P147,2019-10-03,2019-10-03 09:32:27,1.22,0.9172,27,1.19,0.8947,20,1.29,0.9699,10,1.205,0.906,0,0
IWM191004P147,2019-10-03,2019-10-03 09:32:28,1.22,0.9172,14,1.18,0.8872,43,1.29,0.9699,10,1.2,0.9022,0,0
IWM191004P147,2019-10-03,2019-10-03 09:32:28,1.21,0.9097,33,1.18,0.8872,48,1.29,0.9699,10,1.195,0.8984,0,0
IWM191004P147,2019-10-03,2019-10-03 09:32:29,1.22,0.9172,2,1.19,0.8947,40,1.29,0.9699,10,1.205,0.906,0,0
IWM191004P147,2019-10-03,2019-10-03 09:32:29,1.22,0.9172,58,1.18,0.8872,46,1.29,0.9699,10,1.2,0.9022,0,0
IWM191004P147,2019-10-03,2019-10-03 09:32:30,1.22,0.9172,2,1.19,0.8947,31,1.29,0.9699,10,1.205,0.906,0,0
IWM191004P147,2019-10-03,2019-10-03 09:32:30,1.22,0.9172,78,1.18,0.8872,37,1.29,0.9699,10,1.2,0.9022,0,0
IWM191004P147,2019-10-03,2019-10-03 09:32:31,1.22,0.9172,102,1.18,0.8872,26,1.29,0.9699,10,1.2,0.9022,0,0
IWM191004P147,2019-10-03,2019-10-03 09:32:31,1.22,0.9172,77,1.18,0.8872,12,1.29,0.9699,10,1.2,0.9022,0,0
IWM191004P147,2019-10-03,2019-10-03 09:32:32,1.21,0.9097,104,1.17,0.8796,3,1.29,0.9699,10,1.19,0.8947,0,0
IWM191004P147,2019-10-03,2019-10-03 09:32:32,1.22,0.9172,77,1.18,0.8872,1,1.29,0.9699,10,1.2,0.9022,0,0
IWM191004P147,2019-10-03,2019-10-03 09:32:33,1.2,0.9022,33,1.17,0.8796,20,1.29,0.9699,10,1.185,0.8909,0,0
IWM191004P147,2019-10-03,2019-10-03 09:32:33,1.21,0.9097,196,1.17,0.8796,46,1.29,0.9699,10,1.19,0.8947,0,0
IWM191004P147,2019-10-03,2019-10-03 09:32:34,1.2,0.9022,33,1.17,0.8796,1,1.29,0.9699,10,1.185,0.8909,0,0
IWM191004P147,2019-10-03,2019-10-03 09:32:34,1.2,0.9022,33,1.17,0.8796,20,1.29,0.9699,10,1.185,0.8909,0,0
IWM191004P147,2019-10-03,2019-10-03 09:32:35,1.2,0.9022,32,1.16,0.8721,22,1.29,0.9699,10,1.18,0.8872,0,0
IWM191004P147,2019-10-03,2019-10-03 09:32:35,1.2,0.9022,23,1.16,0.8721,22,1.29,0.9699,10,1.18,0.8872,0,0
IWM191004P147,2019-10-03,2019-10-03 09:32:36,1.2,0.9022,33,1.17,0.8796,20,1.29,0.9699,10,1.185,0.8909,0,0
IWM191004P147,2019-10-03,2019-10-03 09:32:36,1.2,0.9022,33,1.18,0.8872,9,1.29,0.9699,10,1.19,0.8947,0,0
IWM191004P147,2019-10-03,2019-10-03 09:32:37,1.2,0.9022,33,1.17,0.8796,17,1.29,0.9699,10,1.185,0.8909,0,0
IWM191004P147,2019-10-03,2019-10-03 09:32:37,1.22,0.9172,23,1.19,0.8947,15,1.29,0.9699,10,1.205,0.906,0,0
IWM191004P147,2019-10-03,2019-10-03 09:32:38,1.21,0.9097,23,1.18,0.8872,22,1.29,0.9699,10,1.195,0.8984,0,0
IWM191004P147,2019-10-03,2019-10-03 09:32:38,1.22,0.9172,24,1.18,0.8872,20,1.29,0.9699,10,1.2,0.9022,0,0
IWM191004P147,2019-10-03,2019-10-03 09:32:39,1.19,0.8947,1,1.17,0.8796,30,1.29,0.9699,10,1.18,0.8872,0,0
IWM191004P147,2019-10-03,2019-10-03 09:32:39,1.2,0.9022,23,1.17,0.8796,36,1.29,0.9699,10,1.185,0.8909,0,0
IWM191004P147,2019-10-03,2019-10-03 09:32:40,1.19,0.8947,1,1.16,0.8721,40,1.29,0.9699,10,1.175,0.8834,0,0
IWM191004P147,2019-10-03,2019-10-03 09:32:41,1.19,0.8947,1,1.16,0.8721,49,1.29,0.9699,10,1.175,0.8834,0,0
IWM191004P147,2019-10-03,2019-10-03 09:32:41,1.19,0.8947,23,1.16,0.8721,49,1.29,0.9699,10,1.175,0.8834,0,0
IWM191004P147,2019-10-03,2019-10-03 09:32:42,1.2,0.9022,37,1.17,0.8796,23,1.19,0.8947,1,1.185,0.8909,1,0
IWM191004P147,2019-10-03,2019-10-03 09:32:42,1.21,0.9097,24,1.18,0.8872,24,1.19,0.8947,1,1.195,0.8984,1,1
IWM191004P147,2019-10-03,2019-10-03 09:32:43,1.18,0.8872,36,1.15,0.8646,22,1.19,0.8947,1,1.165,0.8759,1,0
IWM191004P147,2019-10-03,2019-10-03 09:32:43,1.18,0.8872,53,1.15,0.8646,20,1.19,0.8947,1,1.165,0.8759,1,0
IWM191004P147,2019-10-03,2019-10-03 09:32:44,1.18,0.8872,37,1.16,0.8721,7,1.19,0.8947,1,1.17,0.8796,1,0
IWM191004P147,2019-10-03,2019-10-03 09:32:44,1.19,0.8947,93,1.16,0.8721,2,1.19,0.8947,1,1.175,0.8834,1,0
IWM191004P147,2019-10-03,2019-10-03 09:32:45,1.19,0.8947,79,1.16,0.8721,29,1.19,0.8947,1,1.175,0.8834,1,0
IWM191004P147,2019-10-03,2019-10-03 09:32:45,1.18,0.8872,10,1.16,0.8721,7,1.19,0.8947,1,1.17,0.8796,1,0
IWM191004P147,2019-10-03,2019-10-03 09:32:46,1.19,0.8947,79,1.16,0.8721,29,1.19,0.8947,1,1.175,0.8834,1,0
IWM191004P147,2019-10-03,2019-10-03 09:32:46,1.19,0.8947,22,1.16,0.8721,43,1.19,0.8947,1,1.175,0.8834,1,0
IWM191004P147,2019-10-03,2019-10-03 09:32:47,1.19,0.8947,12,1.17,0.8796,12,1.19,0.8947,1,1.18,0.8872,1,0
IWM191004P147,2019-10-03,2019-10-03 09:32:47,1.2,0.9022,109,1.16,0.8721,50,1.19,0.8947,1,1.18,0.8872,1,0
IWM191004P147,2019-10-03,2019-10-03 09:32:48,1.2,0.9022,180,1.17,0.8796,1,1.19,0.8947,1,1.185,0.8909,1,0
IWM191004P147,2019-10-03,2019-10-03 09:32:48,1.2,0.9022,138,1.17,0.8796,30,1.19,0.8947,1,1.185,0.8909,1,0
IWM191004P147,2019-10-03,2019-10-03 09:32:49,1.2,0.9022,12,1.17,0.8796,33,1.19,0.8947,1,1.185,0.8909,1,0
IWM191004P147,2019-10-03,2019-10-03 09:32:49,1.2,0.9022,27,1.17,0.8796,22,1.19,0.8947,1,1.185,0.8909,1,0
IWM191004P147,2019-10-03,2019-10-03 09:32:50,1.22,0.9172,34,1.18,0.8872,20,1.19,0.8947,1,1.2,0.9022,1,0
IWM191004P147,2019-10-03,2019-10-03 09:32:50,1.21,0.9097,50,1.16,0.8721,2,1.19,0.8947,1,1.185,0.8909,1,0
IWM191004P147,2019-10-03,2019-10-03 09:32:51,1.21,0.9097,50,1.16,0.8721,2,1.19,0.8947,1,1.185,0.8909,1,0
IWM191004P147,2019-10-03,2019-10-03 09:32:51,1.21,0.9097,492,1.16,0.8721,2,1.19,0.8947,1,1.185,0.8909,1,0
IWM191004P147,2019-10-03,2019-10-03 09:32:52,1.2,0.9022,125,1.17,0.8796,20,1.19,0.8947,1,1.185,0.8909,1,0
IWM191004P147,2019-10-03,2019-10-03 09:32:52,1.2,0.9022,115,1.17,0.8796,20,1.19,0.8947,1,1.185,0.8909,1,0
IWM191004P147,2019-10-03,2019-10-03 09:32:53,1.2,0.9022,178,1.18,0.8872,7,1.19,0.8947,1,1.19,0.8947,1,0
IWM191004P147,2019-10-03,2019-10-03 09:32:53,1.2,0.9022,163,1.17,0.8796,31,1.19,0.8947,1,1.185,0.8909,1,0
IWM191004P147,2019-10-03,2019-10-03 09:32:54,1.2,0.9022,10,1.18,0.8872,7,1.19,0.8947,1,1.19,0.8947,1,0
IWM191004P147,2019-10-03,2019-10-03 09:32:54,1.21,0.9097,93,1.18,0.8872,31,1.19,0.8947,1,1.195,0.8984,1,0
IWM191004P147,2019-10-03,2019-10-03 09:32:55,1.21,0.9097,93,1.18,0.8872,31,1.19,0.8947,1,1.195,0.8984,1,0
IWM191004P147,2019-10-03,2019-10-03 09:32:55,1.21,0.9097,121,1.18,0.8872,46,1.19,0.8947,1,1.195,0.8984,1,0
IWM191004P147,2019-10-03,2019-10-03 09:32:56,1.21,0.9097,120,1.18,0.8872,15,1.19,0.8947,1,1.195,0.8984,1,0
IWM191004P147,2019-10-03,2019-10-03 09:32:56,1.21,0.9097,150,1.18,0.8872,10,1.19,0.8947,1,1.195,0.8984,1,0
IWM191004P147,2019-10-03,2019-10-03 09:32:57,1.21,0.9097,10,1.18,0.8872,10,1.19,0.8947,1,1.195,0.8984,1,0
IWM191004P147,2019-10-03,2019-10-03 09:32:57,1.22,0.9172,96,1.19,0.8947,36,1.19,0.8947,1,1.205,0.906,1,0
IWM191004P147,2019-10-03,2019-10-03 09:32:58,1.22,0.9172,17,1.19,0.8947,36,1.19,0.8947,1,1.205,0.906,1,0
IWM191004P147,2019-10-03,2019-10-03 09:32:58,1.22,0.9172,17,1.19,0.8947,3,1.19,0.8947,1,1.205,0.906,1,0
IWM191004P147,2019-10-03,2019-10-03 09:32:59,1.22,0.9172,102,1.19,0.8947,13,1.19,0.8947,1,1.205,0.906,1,0
IWM191004P147,2019-10-03,2019-10-03 09:32:59,1.22,0.9172,165,1.2,0.9022,6,1.19,0.8947,1,1.21,0.9097,1,0
IWM191004P147,2019-10-03,2019-10-03 09:33:00,1.22,0.9172,165,1.2,0.9022,6,1.19,0.8947,1,1.21,0.9097,1,0
IWM191004P147,2019-10-03,2019-10-03 09:33:01,1.21,0.9097,60,1.18,0.8872,20,1.19,0.8947,1,1.195,0.8984,1,0
IWM191004P147,2019-10-03,2019-10-03 09:33:01,1.21,0.9097,188,1.18,0.8872,2,1.19,0.8947,1,1.195,0.8984,1,0
IWM191004P147,2019-10-03,2019-10-03 09:33:02,1.21,0.9097,206,1.18,0.8872,25,1.19,0.8947,1,1.195,0.8984,1,0
IWM191004P147,2019-10-03,2019-10-03 09:33:02,1.21,0.9097,190,1.18,0.8872,2,1.19,0.8947,1,1.195,0.8984,1,0
IWM191004P147,2019-10-03,2019-10-03 09:33:03,1.21,0.9097,21,1.19,0.8947,9,1.19,0.8947,1,1.2,0.9022,1,0
IWM191004P147,2019-10-03,2019-10-03 09:33:03,1.2,0.9022,37,1.17,0.8796,22,1.19,0.8947,1,1.185,0.8909,1,0
IWM191004P147,2019-10-03,2019-10-03 09:33:04,1.2,0.9022,37,1.17,0.8796,20,1.19,0.8947,1,1.185,0.8909,1,0
IWM191004P147,2019-10-03,2019-10-03 09:33:04,1.19,0.8947,33,1.17,0.8796,5,1.19,0.8947,1,1.18,0.8872,1,0
IWM191004P147,2019-10-03,2019-10-03 09:33:05,1.19,0.8947,20,1.16,0.8721,9,1.19,0.8947,1,1.175,0.8834,1,0
IWM191004P147,2019-10-03,2019-10-03 09:33:05,1.18,0.8872,56,1.16,0.8721,9,1.19,0.8947,1,1.17,0.8796,1,0
IWM191004P147,2019-10-03,2019-10-03 09:33:06,1.19,0.8947,32,1.16,0.8721,14,1.19,0.8947,1,1.175,0.8834,1,0
IWM191004P147,2019-10-03,2019-10-03 09:33:06,1.19,0.8947,28,1.16,0.8721,12,1.19,0.8947,1,1.175,0.8834,1,0
IWM191004P147,2019-10-03,2019-10-03 09:33:07,1.2,0.9022,110,1.17,0.8796,3,1.19,0.8947,1,1.185,0.8909,1,0
IWM191004P147,2019-10-03,2019-10-03 09:33:07,1.2,0.9022,20,1.17,0.8796,54,1.19,0.8947,1,1.185,0.8909,1,0
IWM191004P147,2019-10-03,2019-10-03 09:33:08,1.21,0.9097,83,1.19,0.8947,9,1.19,0.8947,1,1.2,0.9022,1,0
IWM191004P147,2019-10-03,2019-10-03 09:33:08,1.21,0.9097,68,1.17,0.8796,32,1.19,0.8947,1,1.19,0.8947,1,0
IWM191004P147,2019-10-03,2019-10-03 09:33:09,1.21,0.9097,83,1.18,0.8872,28,1.19,0.8947,1,1.195,0.8984,1,0
IWM191004P147,2019-10-03,2019-10-03 09:33:09,1.21,0.9097,40,1.19,0.8947,12,1.19,0.8947,1,1.2,0.9022,1,0
IWM191004P147,2019-10-03,2019-10-03 09:33:10,1.2,0.9022,71,1.17,0.8796,36,1.19,0.8947,1,1.185,0.8909,1,0
IWM191004P147,2019-10-03,2019-10-03 09:33:10,1.2,0.9022,159,1.16,0.8721,40,1.19,0.8947,1,1.18,0.8872,1,0
IWM191004P147,2019-10-03,2019-10-03 09:33:11,1.2,0.9022,294,1.16,0.8721,36,1.19,0.8947,1,1.18,0.8872,1,0
IWM191004P147,2019-10-03,2019-10-03 09:33:11,1.2,0.9022,294,1.16,0.8721,54,1.19,0.8947,1,1.18,0.8872,1,0
IWM191004P147,2019-10-03,2019-10-03 09:33:12,1.19,0.8947,38,1.15,0.8646,56,1.19,0.8947,1,1.17,0.8796,1,0
IWM191004P147,2019-10-03,2019-10-03 09:33:12,1.19,0.8947,104,1.16,0.8721,9,1.19,0.8947,1,1.175,0.8834,1,0
IWM191004P147,2019-10-03,2019-10-03 09:33:13,1.19,0.8947,241,1.16,0.8721,32,1.19,0.8947,1,1.175,0.8834,1,0
IWM191004P147,2019-10-03,2019-10-03 09:33:13,1.19,0.8947,205,1.16,0.8721,9,1.19,0.8947,1,1.175,0.8834,1,0
IWM191004P147,2019-10-03,2019-10-03 09:33:14,1.19,0.8947,248,1.16,0.8721,32,1.19,0.8947,1,1.175,0.8834,1,0
IWM191004P147,2019-10-03,2019-10-03 09:33:14,1.19,0.8947,248,1.15,0.8646,26,1.19,0.8947,1,1.17,0.8796,1,0
IWM191004P147,2019-10-03,2019-10-03 09:33:15,1.18,0.8872,17,1.15,0.8646,2,1.19,0.8947,1,1.165,0.8759,1,0
IWM191004P147,2019-10-03,2019-10-03 09:33:15,1.19,0.8947,266,1.15,0.8646,2,1.19,0.8947,1,1.17,0.8796,1,0
IWM191004P147,2019-10-03,2019-10-03 09:33:16,1.18,0.8872,51,1.15,0.8646,18,1.19,0.8947,1,1.165,0.8759,1,0
IWM191004P147,2019-10-03,2019-10-03 09:33:16,1.17,0.8796,1,1.14,0.8571,32,1.19,0.8947,1,1.155,0.8684,1,0
IWM191004P147,2019-10-03,2019-10-03 09:33:17,1.17,0.8796,162,1.14,0.8571,32,1.19,0.8947,1,1.155,0.8684,1,0
IWM191004P147,2019-10-03,2019-10-03 09:33:17,1.17,0.8796,139,1.14,0.8571,47,1.19,0.8947,1,1.155,0.8684,1,0
IWM191004P147,2019-10-03,2019-10-03 09:33:18,1.16,0.8721,153,1.13,0.8496,23,1.19,0.8947,1,1.145,0.8609,1,0
IWM191004P147,2019-10-03,2019-10-03 09:33:19,1.16,0.8721,11,1.14,0.8571,2,1.19,0.8947,1,1.15,0.8646,1,0
IWM191004P147,2019-10-03,2019-10-03 09:33:19,1.16,0.8721,75,1.14,0.8571,2,1.19,0.8947,1,1.15,0.8646,1,0
IWM191004P147,2019-10-03,2019-10-03 09:33:20,1.16,0.8721,11,1.14,0.8571,1,1.19,0.8947,1,1.15,0.8646,1,0
IWM191004P147,2019-10-03,2019-10-03 09:33:21,1.18,0.8872,3,1.16,0.8721,27,1.19,0.8947,1,1.17,0.8796,1,0
IWM191004P147,2019-10-03,2019-10-03 09:33:21,1.18,0.8872,9,1.15,0.8646,78,1.19,0.8947,1,1.165,0.8759,1,0
IWM191004P147,2019-10-03,2019-10-03 09:33:22,1.18,0.8872,29,1.14,0.8571,16,1.19,0.8947,1,1.16,0.8721,1,0
IWM191004P147,2019-10-03,2019-10-03 09:33:23,1.18,0.8872,108,1.14,0.8571,36,1.19,0.8947,1,1.16,0.8721,1,0
IWM191004P147,2019-10-03,2019-10-03 09:33:24,1.17,0.8796,53,1.14,0.8571,20,1.19,0.8947,1,1.155,0.8684,1,0
IWM191004P147,2019-10-03,2019-10-03 09:33:24,1.17,0.8796,19,1.15,0.8646,6,1.19,0.8947,1,1.16,0.8721,1,0
IWM191004P147,2019-10-03,2019-10-03 09:33:25,1.18,0.8872,14,1.15,0.8646,69,1.19,0.8947,1,1.165,0.8759,1,0
IWM191004P147,2019-10-03,2019-10-03 09:33:25,1.18,0.8872,14,1.15,0.8646,1,1.19,0.8947,1,1.165,0.8759,1,0
IWM191004P147,2019-10-03,2019-10-03 09:33:26,1.18,0.8872,17,1.15,0.8646,47,1.19,0.8947,1,1.165,0.8759,1,0
IWM191004P147,2019-10-03,2019-10-03 09:33:26,1.18,0.8872,17,1.15,0.8646,59,1.19,0.8947,1,1.165,0.8759,1,0
IWM191004P147,2019-10-03,2019-10-03 09:33:27,1.18,0.8872,168,1.15,0.8646,31,1.19,0.8947,1,1.165,0.8759,1,0
IWM191004P147,2019-10-03,2019-10-03 09:33:27,1.18,0.8872,85,1.15,0.8646,31,1.19,0.8947,1,1.165,0.8759,1,0
IWM191004P147,2019-10-03,2019-10-03 09:33:28,1.18,0.8872,168,1.15,0.8646,31,1.19,0.8947,1,1.165,0.8759,1,0
IWM191004P147,2019-10-03,2019-10-03 09:33:28,1.16,0.8721,98,1.13,0.8496,24,1.19,0.8947,1,1.145,0.8609,1,0
IWM191004P147,2019-10-03,2019-10-03 09:33:29,1.17,0.8796,51,1.13,0.8496,50,1.19,0.8947,1,1.15,0.8646,1,0
IWM191004P147,2019-10-03,2019-10-03 09:33:29,1.16,0.8721,34,1.13,0.8496,12,1.19,0.8947,1,1.145,0.8609,1,0
IWM191004P147,2019-10-03,2019-10-03 09:33:30,1.16,0.8721,34,1.13,0.8496,12,1.19,0.8947,1,1.145,0.8609,1,0
IWM191004P147,2019-10-03,2019-10-03 09:33:30,1.16,0.8721,59,1.13,0.8496,30,1.19,0.8947,1,1.145,0.8609,1,0
IWM191004P147,2019-10-03,2019-10-03 09:33:31,1.17,0.8796,159,1.13,0.8496,53,1.19,0.8947,1,1.15,0.8646,1,0
IWM191004P147,2019-10-03,2019-10-03 09:33:31,1.17,0.8796,99,1.15,0.8646,5,1.19,0.8947,1,1.16,0.8721,1,0
IWM191004P147,2019-10-03,2019-10-03 09:33:32,1.17,0.8796,187,1.12,0.8421,36,1.19,0.8947,1,1.145,0.8609,1,0
IWM191004P147,2019-10-03,2019-10-03 09:33:32,1.17,0.8796,144,1.13,0.8496,95,1.19,0.8947,1,1.15,0.8646,1,0
IWM191004P147,2019-10-03,2019-10-03 09:33:33,1.14,0.8571,28,1.11,0.8345,33,1.19,0.8947,1,1.125,0.8458,1,0
IWM191004P147,2019-10-03,2019-10-03 09:33:33,1.14,0.8571,78,1.1,0.827,40,1.19,0.8947,1,1.12,0.8421,1,0
IWM191004P147,2019-10-03,2019-10-03 09:33:34,1.14,0.8571,121,1.11,0.8345,8,1.19,0.8947,1,1.125,0.8458,1,0
IWM191004P147,2019-10-03,2019-10-03 09:33:34,1.13,0.8496,20,1.1,0.827,50,1.19,0.8947,1,1.115,0.8383,1,0
IWM191004P147,2019-10-03,2019-10-03 09:33:35,1.13,0.8496,23,1.1,0.827,45,1.19,0.8947,1,1.115,0.8383,1,0
IWM191004P147,2019-10-03,2019-10-03 09:33:35,1.13,0.8496,27,1.11,0.8345,3,1.19,0.8947,1,1.12,0.8421,1,0
IWM191004P147,2019-10-03,2019-10-03 09:33:36,1.13,0.8496,79,1.1,0.827,45,1.19,0.8947,1,1.115,0.8383,1,0
IWM191004P147,2019-10-03,2019-10-03 09:33:36,1.13,0.8496,54,1.1,0.827,45,1.19,0.8947,1,1.115,0.8383,1,0
IWM191004P147,2019-10-03,2019-10-03 09:33:37,1.12,0.8421,3,1.1,0.827,78,1.19,0.8947,1,1.11,0.8345,1,0
IWM191004P147,2019-10-03,2019-10-03 09:33:37,1.12,0.8421,3,1.1,0.827,58,1.19,0.8947,1,1.11,0.8345,1,0
IWM191004P147,2019-10-03,2019-10-03 09:33:38,1.12,0.8421,3,1.1,0.827,78,1.19,0.8947,1,1.11,0.8345,1,0
IWM191004P147,2019-10-03,2019-10-03 09:33:38,1.12,0.8421,3,1.1,0.827,79,1.19,0.8947,1,1.11,0.8345,1,0
IWM191004P147,2019-10-03,2019-10-03 09:33:39,1.12,0.8421,3,1.1,0.827,84,1.19,0.8947,1,1.11,0.8345,1,0
IWM191004P147,2019-10-03,2019-10-03 09:33:39,1.12,0.8421,3,1.1,0.827,80,1.19,0.8947,1,1.11,0.8345,1,0
IWM191004P147,2019-10-03,2019-10-03 09:33:40,1.12,0.8421,3,1.1,0.827,185,1.19,0.8947,1,1.11,0.8345,1,0
IWM191004P147,2019-10-03,2019-10-03 09:33:40,1.14,0.8571,34,1.1,0.827,78,1.12,0.8421,3,1.12,0.8421,4,3
IWM191004P147,2019-10-03,2019-10-03 09:33:41,1.14,0.8571,51,1.11,0.8345,79,1.12,0.8421,3,1.125,0.8458,4,0
IWM191004P147,2019-10-03,2019-10-03 09:33:41,1.14,0.8571,48,1.1,0.827,78,1.12,0.8421,3,1.12,0.8421,4,0
IWM191004P147,2019-10-03,2019-10-03 09:33:42,1.14,0.8571,52,1.11,0.8345,80,1.12,0.8421,3,1.125,0.8458,4,0
IWM191004P147,2019-10-03,2019-10-03 09:33:43,1.14,0.8571,34,1.11,0.8345,53,1.12,0.8421,3,1.125,0.8458,4,0
IWM191004P147,2019-10-03,2019-10-03 09:33:43,1.13,0.8496,2,1.11,0.8345,62,1.12,0.8421,3,1.12,0.8421,4,0
IWM191004P147,2019-10-03,2019-10-03 09:33:44,1.13,0.8496,5,1.11,0.8345,56,1.12,0.8421,3,1.12,0.8421,4,0
IWM191004P147,2019-10-03,2019-10-03 09:33:44,1.14,0.8571,20,1.12,0.8421,13,1.12,0.8421,3,1.13,0.8496,4,0
IWM191004P147,2019-10-03,2019-10-03 09:33:45,1.13,0.8496,2,1.11,0.8345,65,1.12,0.8421,3,1.12,0.8421,4,0
IWM191004P147,2019-10-03,2019-10-03 09:33:45,1.15,0.8646,27,1.11,0.8345,74,1.12,0.8421,3,1.13,0.8496,4,0
IWM191004P147,2019-10-03,2019-10-03 09:33:46,1.15,0.8646,25,1.12,0.8421,18,1.12,0.8421,3,1.135,0.8533,4,0
IWM191004P147,2019-10-03,2019-10-03 09:33:46,1.14,0.8571,25,1.11,0.8345,54,1.12,0.8421,3,1.125,0.8458,4,0
IWM191004P147,2019-10-03,2019-10-03 09:33:47,1.14,0.8571,10,1.12,0.8421,32,1.12,0.8421,3,1.13,0.8496,4,0
IWM191004P147,2019-10-03,2019-10-03 09:33:47,1.14,0.8571,3,1.12,0.8421,30,1.12,0.8421,3,1.13,0.8496,4,0
IWM191004P147,2019-10-03,2019-10-03 09:33:48,1.14,0.8571,33,1.12,0.8421,36,1.12,0.8421,3,1.13,0.8496,4,0
IWM191004P147,2019-10-03,2019-10-03 09:33:48,1.14,0.8571,28,1.11,0.8345,48,1.12,0.8421,3,1.125,0.8458,4,0
IWM191004P147,2019-10-03,2019-10-03 09:33:49,1.15,0.8646,29,1.13,0.8496,3,1.12,0.8421,3,1.14,0.8571,4,0
IWM191004P147,2019-10-03,2019-10-03 09:33:50,1.15,0.8646,65,1.12,0.8421,22,1.12,0.8421,3,1.135,0.8533,4,0
IWM191004P147,2019-10-03,2019-10-03 09:33:50,1.15,0.8646,5,1.13,0.8496,39,1.12,0.8421,3,1.14,0.8571,4,0
IWM191004P147,2019-10-03,2019-10-03 09:33:51,1.15,0.8646,58,1.12,0.8421,51,1.12,0.8421,3,1.135,0.8533,4,0
IWM191004P147,2019-10-03,2019-10-03 09:33:51,1.15,0.8646,65,1.12,0.8421,51,1.12,0.8421,3,1.135,0.8533,4,0
IWM191004P147,2019-10-03,2019-10-03 09:33:52,1.13,0.8496,45,1.09,0.8195,38,1.12,0.8421,3,1.11,0.8345,4,0
IWM191004P147,2019-10-03,2019-10-03 09:33:52,1.13,0.8496,64,1.1,0.827,21,1.12,0.8421,3,1.115,0.8383,4,0
IWM191004P147,2019-10-03,2019-10-03 09:33:53,1.11,0.8345,3,1.09,0.8195,53,1.12,0.8421,3,1.1,0.827,4,0
IWM191004P147,2019-10-03,2019-10-03 09:33:53,1.11,0.8345,10,1.09,0.8195,53,1.12,0.8421,3,1.1,0.827,4,0
IWM191004P147,2019-10-03,2019-10-03 09:33:54,1.12,0.8421,34,1.1,0.827,15,1.12,0.8421,3,1.11,0.8345,4,0
IWM191004P147,2019-10-03,2019-10-03 09:33:54,1.11,0.8345,5,1.09,0.8195,38,1.12,0.8421,3,1.1,0.827,4,0
IWM191004P147,2019-10-03,2019-10-03 09:33:55,1.11,0.8345,8,1.09,0.8195,29,1.12,0.8421,3,1.1,0.827,4,0
IWM191004P147,2019-10-03,2019-10-03 09:33:55,1.11,0.8345,3,1.09,0.8195,52,1.12,0.8421,3,1.1,0.827,4,0
IWM191004P147,2019-10-03,2019-10-03 09:33:56,1.12,0.8421,20,1.09,0.8195,33,1.12,0.8421,3,1.105,0.8308,4,0
IWM191004P147,2019-10-03,2019-10-03 09:33:56,1.11,0.8345,11,1.09,0.8195,22,1.12,0.8421,3,1.1,0.827,4,0
IWM191004P147,2019-10-03,2019-10-03 09:33:57,1.12,0.8421,10,1.1,0.827,20,1.12,0.8421,3,1.11,0.8345,4,0
IWM191004P147,2019-10-03,2019-10-03 09:33:57,1.12,0.8421,10,1.09,0.8195,65,1.12,0.8421,3,1.105,0.8308,4,0
IWM191004P147,2019-10-03,2019-10-03 09:33:58,1.11,0.8345,5,1.09,0.8195,46,1.12,0.8421,3,1.1,0.827,4,0
IWM191004P147,2019-10-03,2019-10-03 09:33:58,1.12,0.8421,52,1.09,0.8195,46,1.12,0.8421,3,1.105,0.8308,4,0
IWM191004P147,2019-10-03,2019-10-03 09:33:59,1.12,0.8421,29,1.1,0.827,15,1.12,0.8421,3,1.11,0.8345,4,0
IWM191004P147,2019-10-03,2019-10-03 09:33:59,1.11,0.8345,3,1.09,0.8195,62,1.12,0.8421,3,1.1,0.827,4,0
IWM191004P147,2019-10-03,2019-10-03 09:34:00,1.13,0.8496,75,1.1,0.827,23,1.12,0.8421,3,1.115,0.8383,4,0
IWM191004P147,2019-10-03,2019-10-03 09:34:00,1.12,0.8421,5,1.1,0.827,20,1.12,0.8421,3,1.11,0.8345,4,0
IWM191004P147,2019-10-03,2019-10-03 09:34:01,1.12,0.8421,13,1.1,0.827,37,1.12,0.8421,3,1.11,0.8345,4,0
IWM191004P147,2019-10-03,2019-10-03 09:34:01,1.12,0.8421,5,1.1,0.827,20,1.12,0.8421,3,1.11,0.8345,4,0
IWM191004P147,2019-10-03,2019-10-03 09:34:02,1.13,0.8496,11,1.11,0.8345,29,1.12,0.8421,3,1.12,0.8421,4,0
IWM191004P147,2019-10-03,2019-10-03 09:34:02,1.13,0.8496,11,1.12,0.8421,9,1.12,0.8421,3,1.125,0.8458,4,0
IWM191004P147,2019-10-03,2019-10-03 09:34:03,1.14,0.8571,23,1.11,0.8345,46,1.12,0.8421,3,1.125,0.8458,4,0
IWM191004P147,2019-10-03,2019-10-03 09:34:04,1.14,0.8571,119,1.11,0.8345,10,1.12,0.8421,3,1.125,0.8458,4,0
IWM191004P147,2019-10-03,2019-10-03 09:34:04,1.14,0.8571,80,1.11,0.8345,46,1.12,0.8421,3,1.125,0.8458,4,0
IWM191004P147,2019-10-03,2019-10-03 09:34:05,1.14,0.8571,40,1.11,0.8345,4,1.12,0.8421,3,1.125,0.8458,4,0
IWM191004P147,2019-10-03,2019-10-03 09:34:05,1.15,0.8646,68,1.13,0.8496,9,1.12,0.8421,3,1.14,0.8571,4,0
IWM191004P147,2019-10-03,2019-10-03 09:34:06,1.13,0.8496,41,1.09,0.8195,62,1.12,0.8421,3,1.11,0.8345,4,0
IWM191004P147,2019-10-03,2019-10-03 09:34:06,1.13,0.8496,156,1.1,0.827,34,1.12,0.8421,3,1.115,0.8383,4,0
IWM191004P147,2019-10-03,2019-10-03 09:34:07,1.13,0.8496,133,1.11,0.8345,5,1.12,0.8421,3,1.12,0.8421,4,0
IWM191004P147,2019-10-03,2019-10-03 09:34:07,1.13,0.8496,199,1.11,0.8345,5,1.12,0.8421,3,1.12,0.8421,4,0
IWM191004P147,2019-10-03,2019-10-03 09:34:08,1.13,0.8496,52,1.11,0.8345,5,1.12,0.8421,3,1.12,0.8421,4,0
IWM191004P147,2019-10-03,2019-10-03 09:34:08,1.13,0.8496,52,1.11,0.8345,33,1.12,0.8421,3,1.12,0.8421,4,0
IWM191004P147,2019-10-03,2019-10-03 09:34:09,1.13,0.8496,13,1.11,0.8345,30,1.12,0.8421,3,1.12,0.8421,4,0
IWM191004P147,2019-10-03,2019-10-03 09:34:09,1.13,0.8496,30,1.11,0.8345,5,1.12,0.8421,3,1.12,0.8421,4,0
IWM191004P147,2019-10-03,2019-10-03 09:34:10,1.11,0.8345,48,1.07,0.8045,50,1.12,0.8421,3,1.09,0.8195,4,0
IWM191004P147,2019-10-03,2019-10-03 09:34:10,1.11,0.8345,2,1.09,0.8195,23,1.12,0.8421,3,1.1,0.827,4,0
IWM191004P147,2019-10-03,2019-10-03 09:34:11,1.1,0.827,12,1.08,0.812,20,1.12,0.8421,3,1.09,0.8195,4,0
IWM191004P147,2019-10-03,2019-10-03 09:34:11,1.11,0.8345,150,1.08,0.812,27,1.12,0.8421,3,1.095,0.8233,4,0
IWM191004P147,2019-10-03,2019-10-03 09:34:12,1.1,0.827,18,1.09,0.8195,11,1.12,0.8421,3,1.095,0.8233,4,0
IWM191004P147,2019-10-03,2019-10-03 09:34:12,1.1,0.827,15,1.08,0.812,53,1.12,0.8421,3,1.09,0.8195,4,0
IWM191004P147,2019-10-03,2019-10-03 09:34:13,1.1,0.827,12,1.08,0.812,52,1.12,0.8421,3,1.09,0.8195,4,0
IWM191004P147,2019-10-03,2019-10-03 09:34:13,1.1,0.827,18,1.09,0.8195,11,1.12,0.8421,3,1.095,0.8233,4,0
IWM191004P147,2019-10-03,2019-10-03 09:34:14,1.1,0.827,40,1.07,0.8045,54,1.12,0.8421,3,1.085,0.8157,4,0
IWM191004P147,2019-10-03,2019-10-03 09:34:14,1.1,0.827,12,1.08,0.812,52,1.12,0.8421,3,1.09,0.8195,4,0
IWM191004P147,2019-10-03,2019-10-03 09:34:15,1.1,0.827,48,1.07,0.8045,55,1.12,0.8421,3,1.085,0.8157,4,0
IWM191004P147,2019-10-03,2019-10-03 09:34:15,1.1,0.827,32,1.07,0.8045,80,1.12,0.8421,3,1.085,0.8157,4,0
IWM191004P147,2019-10-03,2019-10-03 09:34:16,1.1,0.827,32,1.08,0.812,23,1.12,0.8421,3,1.09,0.8195,4,0
IWM191004P147,2019-10-03,2019-10-03 09:34:16,1.11,0.8345,12,1.09,0.8195,20,1.12,0.8421,3,1.1,0.827,4,0
IWM191004P147,2019-10-03,2019-10-03 09:34:17,1.12,0.8421,44,1.08,0.812,55,1.12,0.8421,3,1.1,0.827,4,0
IWM191004P147,2019-10-03,2019-10-03 09:34:18,1.11,0.8345,8,1.09,0.8195,45,1.12,0.8421,3,1.1,0.827,4,0
IWM191004P147,2019-10-03,2019-10-03 09:34:19,1.11,0.8345,15,1.09,0.8195,48,1.12,0.8421,3,1.1,0.827,4,0
IWM191004P147,2019-10-03,2019-10-03 09:34:20,1.11,0.8345,15,1.09,0.8195,48,1.12,0.8421,3,1.1,0.827,4,0
IWM191004P147,2019-10-03,2019-10-03 09:34:20,1.11,0.8345,8,1.09,0.8195,47,1.12,0.8421,3,1.1,0.827,4,0
IWM191004P147,2019-10-03,2019-10-03 09:34:21,1.11,0.8345,8,1.09,0.8195,49,1.12,0.8421,3,1.1,0.827,4,0
IWM191004P147,2019-10-03,2019-10-03 09:34:21,1.11,0.8345,8,1.09,0.8195,47,1.12,0.8421,3,1.1,0.827,4,0
IWM191004P147,2019-10-03,2019-10-03 09:34:22,1.14,0.8571,24,1.12,0.8421,30,1.12,0.8421,3,1.13,0.8496,4,0
IWM191004P147,2019-10-03,2019-10-03 09:34:22,1.14,0.8571,24,1.12,0.8421,16,1.12,0.8421,3,1.13,0.8496,4,0
IWM191004P147,2019-10-03,2019-10-03 09:34:23,1.13,0.8496,10,1.11,0.8345,32,1.12,0.8421,3,1.12,0.8421,4,0
IWM191004P147,2019-10-03,2019-10-03 09:34:24,1.14,0.8571,8,1.12,0.8421,37,1.12,0.8421,3,1.13,0.8496,4,0
IWM191004P147,2019-10-03,2019-10-03 09:34:24,1.15,0.8646,30,1.13,0.8496,12,1.12,0.8421,3,1.14,0.8571,4,0
IWM191004P147,2019-10-03,2019-10-03 09:34:25,1.14,0.8571,8,1.11,0.8345,30,1.13,0.8496,1,1.125,0.8458,5,1
IWM191004P147,2019-10-03,2019-10-03 09:34:25,1.14,0.8571,20,1.11,0.8345,50,1.13,0.8496,1,1.125,0.8458,5,0
IWM191004P147,2019-10-03,2019-10-03 09:34:26,1.14,0.8571,27,1.12,0.8421,8,1.13,0.8496,1,1.13,0.8496,5,0
IWM191004P147,2019-10-03,2019-10-03 09:34:27,1.15,0.8646,34,1.12,0.8421,40,1.13,0.8496,1,1.135,0.8533,5,0
IWM191004P147,2019-10-03,2019-10-03 09:34:27,1.14,0.8571,15,1.12,0.8421,2,1.13,0.8496,1,1.13,0.8496,5,0
IWM191004P147,2019-10-03,2019-10-03 09:34:28,1.17,0.8796,74,1.13,0.8496,16,1.13,0.8496,1,1.15,0.8646,5,0
IWM191004P147,2019-10-03,2019-10-03 09:34:28,1.15,0.8646,32,1.13,0.8496,1,1.13,0.8496,1,1.14,0.8571,5,0
IWM191004P147,2019-10-03,2019-10-03 09:34:29,1.16,0.8721,4,1.15,0.8646,9,1.13,0.8496,1,1.155,0.8684,5,0
IWM191004P147,2019-10-03,2019-10-03 09:34:29,1.16,0.8721,30,1.13,0.8496,37,1.13,0.8496,1,1.145,0.8609,5,0
IWM191004P147,2019-10-03,2019-10-03 09:34:30,1.16,0.8721,45,1.14,0.8571,19,1.13,0.8496,1,1.15,0.8646,5,0
IWM191004P147,2019-10-03,2019-10-03 09:34:30,1.16,0.8721,41,1.13,0.8496,45,1.13,0.8496,1,1.145,0.8609,5,0
IWM191004P147,2019-10-03,2019-10-03 09:34:31,1.17,0.8796,23,1.15,0.8646,17,1.13,0.8496,1,1.16,0.8721,5,0
IWM191004P147,2019-10-03,2019-10-03 09:34:31,1.17,0.8796,32,1.14,0.8571,45,1.13,0.8496,1,1.155,0.8684,5,0
IWM191004P147,2019-10-03,2019-10-03 09:34:32,1.17,0.8796,5,1.15,0.8646,31,1.13,0.8496,1,1.16,0.8721,5,0
IWM191004P147,2019-10-03,2019-10-03 09:34:32,1.18,0.8872,30,1.15,0.8646,59,1.13,0.8496,1,1.165,0.8759,5,0
IWM191004P147,2019-10-03,2019-10-03 09:34:33,1.18,0.8872,34,1.15,0.8646,29,1.13,0.8496,1,1.165,0.8759,5,0
IWM191004P147,2019-10-03,2019-10-03 09:34:33,1.19,0.8947,10,1.15,0.8646,36,1.13,0.8496,1,1.17,0.8796,5,0
IWM191004P147,2019-10-03,2019-10-03 09:34:34,1.2,0.9022,31,1.17,0.8796,28,1.13,0.8496,1,1.185,0.8909,5,0
IWM191004P147,2019-10-03,2019-10-03 09:34:34,1.19,0.8947,5,1.16,0.8721,40,1.13,0.8496,1,1.175,0.8834,5,0
IWM191004P147,2019-10-03,2019-10-03 09:34:35,1.2,0.9022,22,1.18,0.8872,6,1.13,0.8496,1,1.19,0.8947,5,0
IWM191004P147,2019-10-03,2019-10-03 09:34:35,1.19,0.8947,6,1.18,0.8872,6,1.13,0.8496,1,1.185,0.8909,5,0
IWM191004P147,2019-10-03,2019-10-03 09:34:36,1.2,0.9022,7,1.18,0.8872,9,1.13,0.8496,1,1.19,0.8947,5,0
IWM191004P147,2019-10-03,2019-10-03 09:34:36,1.2,0.9022,2,1.17,0.8796,85,1.13,0.8496,1,1.185,0.8909,5,0
IWM191004P147,2019-10-03,2019-10-03 09:34:37,1.2,0.9022,2,1.18,0.8872,37,1.13,0.8496,1,1.19,0.8947,5,0
IWM191004P147,2019-10-03,2019-10-03 09:34:37,1.2,0.9022,8,1.18,0.8872,37,1.13,0.8496,1,1.19,0.8947,5,0
IWM191004P147,2019-10-03,2019-10-03 09:34:38,1.2,0.9022,2,1.18,0.8872,37,1.13,0.8496,1,1.19,0.8947,5,0
IWM191004P147,2019-10-03,2019-10-03 09:34:38,1.23,0.9248,34,1.2,0.9022,19,1.2,0.9022,2,1.215,0.9135,7,2
IWM191004P147,2019-10-03,2019-10-03 09:34:39,1.23,0.9248,10,1.2,0.9022,56,1.2,0.9022,2,1.215,0.9135,7,0
IWM191004P147,2019-10-03,2019-10-03 09:34:39,1.23,0.9248,24,1.21,0.9097,5,1.2,0.9022,2,1.22,0.9172,7,0
IWM191004P147,2019-10-03,2019-10-03 09:34:40,1.24,0.9323,20,1.21,0.9097,26,1.2,0.9022,2,1.225,0.921,7,0
IWM191004P147,2019-10-03,2019-10-03 09:34:40,1.23,0.9248,2,1.21,0.9097,26,1.2,0.9022,2,1.22,0.9172,7,0
IWM191004P147,2019-10-03,2019-10-03 09:34:41,1.26,0.9473,20,1.23,0.9248,20,1.2,0.9022,2,1.245,0.936,7,0
IWM191004P147,2019-10-03,2019-10-03 09:34:41,1.24,0.9323,2,1.21,0.9097,86,1.2,0.9022,2,1.225,0.921,7,0
IWM191004P147,2019-10-03,2019-10-03 09:34:42,1.24,0.9323,23,1.21,0.9097,26,1.2,0.9022,2,1.225,0.921,7,0
IWM191004P147,2019-10-03,2019-10-03 09:34:42,1.24,0.9323,3,1.22,0.9172,38,1.2,0.9022,2,1.23,0.9248,7,0
IWM191004P147,2019-10-03,2019-10-03 09:34:45,1.24,0.9323,186,1.2,0.9022,23,1.2,0.9022,2,1.22,0.9172,7,0
IWM191004P147,2019-10-03,2019-10-03 09:34:45,1.23,0.9248,18,1.21,0.9097,29,1.2,0.9022,2,1.22,0.9172,7,0
IWM191004P147,2019-10-03,2019-10-03 09:34:46,1.22,0.9172,23,1.19,0.8947,5,1.2,0.9022,2,1.205,0.906,7,0
IWM191004P147,2019-10-03,2019-10-03 09:34:46,1.23,0.9248,32,1.21,0.9097,29,1.2,0.9022,2,1.22,0.9172,7,0
IWM191004P147,2019-10-03,2019-10-03 09:34:47,1.21,0.9097,99,1.18,0.8872,29,1.2,0.9022,2,1.195,0.8984,7,0
IWM191004P147,2019-10-03,2019-10-03 09:34:47,1.2,0.9022,85,1.18,0.8872,2,1.2,0.9022,2,1.19,0.8947,7,0
IWM191004P147,2019-10-03,2019-10-03 09:34:48,1.2,0.9022,113,1.17,0.8796,25,1.2,0.9022,2,1.185,0.8909,7,0
IWM191004P147,2019-10-03,2019-10-03 09:34:48,1.19,0.8947,32,1.16,0.8721,23,1.2,0.9022,2,1.175,0.8834,7,0
IWM191004P147,2019-10-03,2019-10-03 09:34:49,1.19,0.8947,29,1.17,0.8796,2,1.2,0.9022,2,1.18,0.8872,7,0
IWM191004P147,2019-10-03,2019-10-03 09:34:49,1.19,0.8947,3,1.17,0.8796,24,1.2,0.9022,2,1.18,0.8872,7,0
IWM191004P147,2019-10-03,2019-10-03 09:34:50,1.2,0.9022,75,1.17,0.8796,24,1.2,0.9022,2,1.185,0.8909,7,0
IWM191004P147,2019-10-03,2019-10-03 09:34:51,1.22,0.9172,101,1.2,0.9022,4,1.2,0.9022,2,1.21,0.9097,7,0
IWM191004P147,2019-10-03,2019-10-03 09:34:51,1.21,0.9097,40,1.18,0.8872,33,1.2,0.9022,2,1.195,0.8984,7,0
IWM191004P147,2019-10-03,2019-10-03 09:34:52,1.21,0.9097,46,1.18,0.8872,34,1.2,0.9022,2,1.195,0.8984,7,0
IWM191004P147,2019-10-03,2019-10-03 09:34:53,1.21,0.9097,129,1.18,0.8872,5,1.2,0.9022,2,1.195,0.8984,7,0
IWM191004P147,2019-10-03,2019-10-03 09:34:53,1.21,0.9097,234,1.18,0.8872,5,1.2,0.9022,2,1.195,0.8984,7,0
IWM191004P147,2019-10-03,2019-10-03 09:34:54,1.2,0.9022,20,1.16,0.8721,22,1.2,0.9022,2,1.18,0.8872,7,0
IWM191004P147,2019-10-03,2019-10-03 09:34:55,1.2,0.9022,119,1.16,0.8721,28,1.2,0.9022,2,1.18,0.8872,7,0
IWM191004P147,2019-10-03,2019-10-03 09:34:55,1.18,0.8872,6,1.16,0.8721,27,1.2,0.9022,2,1.17,0.8796,7,0
IWM191004P147,2019-10-03,2019-10-03 09:34:56,1.18,0.8872,17,1.15,0.8646,37,1.2,0.9022,2,1.165,0.8759,7,0
IWM191004P147,2019-10-03,2019-10-03 09:34:56,1.18,0.8872,47,1.15,0.8646,35,1.2,0.9022,2,1.165,0.8759,7,0
