symbol,Date,quote_time,ask_price,norm_ask_price,ask_size,bid_price,norm_bid_price,bid_size,last_trade_price,norm_last_trade_price,last_trade_size,mark_price,norm_mark_price,volume,Volume
IWM191108P153,2019-11-01,2019-11-01 09:30:00,0.43,1.0,1,0.18,0.4186,1,0.56,1.3023,1,0.305,0.7093,0,0
IWM191108P153,2019-11-01,2019-11-01 09:30:01,0.36,0.8372,20,0.29,0.6744,20,0.56,1.3023,1,0.325,0.7558,0,0
IWM191108P153,2019-11-01,2019-11-01 09:30:01,5.0,11.6279,3,0.0,0.0,0,0.56,1.3023,1,2.5,5.8139,0,0
IWM191108P153,2019-11-01,2019-11-01 09:30:02,0.36,0.8372,20,0.29,0.6744,20,0.56,1.3023,1,0.325,0.7558,0,0
IWM191108P153,2019-11-01,2019-11-01 09:30:03,0.34,0.7906,75,0.29,0.6744,90,0.56,1.3023,1,0.315,0.7325,0,0
IWM191108P153,2019-11-01,2019-11-01 09:30:03,0.36,0.8372,20,0.29,0.6744,20,0.56,1.3023,1,0.325,0.7558,0,0
IWM191108P153,2019-11-01,2019-11-01 09:30:04,0.35,0.8139,90,0.3,0.6976,30,0.56,1.3023,1,0.325,0.7558,0,0
IWM191108P153,2019-11-01,2019-11-01 09:30:04,0.35,0.8139,90,0.29,0.6744,90,0.56,1.3023,1,0.32,0.7441,0,0
IWM191108P153,2019-11-01,2019-11-01 09:30:05,0.35,0.8139,490,0.3,0.6976,75,0.56,1.3023,1,0.325,0.7558,0,0
IWM191108P153,2019-11-01,2019-11-01 09:30:05,0.35,0.8139,379,0.3,0.6976,30,0.56,1.3023,1,0.325,0.7558,0,0
IWM191108P153,2019-11-01,2019-11-01 09:30:06,0.35,0.8139,485,0.3,0.6976,318,0.56,1.3023,1,0.325,0.7558,0,0
IWM191108P153,2019-11-01,2019-11-01 09:30:06,0.35,0.8139,490,0.3,0.6976,75,0.56,1.3023,1,0.325,0.7558,0,0
IWM191108P153,2019-11-01,2019-11-01 09:30:07,0.35,0.8139,485,0.3,0.6976,493,0.56,1.3023,1,0.325,0.7558,0,0
IWM191108P153,2019-11-01,2019-11-01 09:30:08,0.35,0.8139,485,0.3,0.6976,493,0.56,1.3023,1,0.325,0.7558,0,0
IWM191108P153,2019-11-01,2019-11-01 09:30:09,0.35,0.8139,485,0.3,0.6976,243,0.56,1.3023,1,0.325,0.7558,0,0
IWM191108P153,2019-11-01,2019-11-01 09:30:09,0.35,0.8139,614,0.3,0.6976,75,0.56,1.3023,1,0.325,0.7558,0,0
IWM191108P153,2019-11-01,2019-11-01 09:30:10,0.35,0.8139,567,0.3,0.6976,75,0.56,1.3023,1,0.325,0.7558,0,0
IWM191108P153,2019-11-01,2019-11-01 09:30:10,0.35,0.8139,555,0.3,0.6976,75,0.56,1.3023,1,0.325,0.7558,0,0
IWM191108P153,2019-11-01,2019-11-01 09:30:11,0.35,0.8139,301,0.3,0.6976,75,0.56,1.3023,1,0.325,0.7558,0,0
IWM191108P153,2019-11-01,2019-11-01 09:30:12,0.35,0.8139,351,0.3,0.6976,75,0.56,1.3023,1,0.325,0.7558,0,0
IWM191108P153,2019-11-01,2019-11-01 09:30:12,0.35,0.8139,301,0.3,0.6976,75,0.56,1.3023,1,0.325,0.7558,0,0
IWM191108P153,2019-11-01,2019-11-01 09:30:13,0.35,0.8139,59,0.31,0.7209,67,0.56,1.3023,1,0.33,0.7674,0,0
IWM191108P153,2019-11-01,2019-11-01 09:30:13,0.35,0.8139,300,0.31,0.7209,67,0.56,1.3023,1,0.33,0.7674,0,0
IWM191108P153,2019-11-01,2019-11-01 09:30:14,0.35,0.8139,90,0.31,0.7209,67,0.56,1.3023,1,0.33,0.7674,0,0
IWM191108P153,2019-11-01,2019-11-01 09:30:15,0.35,0.8139,90,0.31,0.7209,139,0.56,1.3023,1,0.33,0.7674,0,0
IWM191108P153,2019-11-01,2019-11-01 09:30:15,0.35,0.8139,90,0.32,0.7441,44,0.56,1.3023,1,0.335,0.779,0,0
IWM191108P153,2019-11-01,2019-11-01 09:30:16,0.35,0.8139,80,0.32,0.7441,44,0.56,1.3023,1,0.335,0.779,0,0
IWM191108P153,2019-11-01,2019-11-01 09:30:16,0.35,0.8139,96,0.32,0.7441,44,0.56,1.3023,1,0.335,0.779,0,0
IWM191108P153,2019-11-01,2019-11-01 09:30:17,0.35,0.8139,80,0.32,0.7441,44,0.56,1.3023,1,0.335,0.779,0,0
IWM191108P153,2019-11-01,2019-11-01 09:30:17,0.35,0.8139,80,0.32,0.7441,73,0.56,1.3023,1,0.335,0.779,0,0
IWM191108P153,2019-11-01,2019-11-01 09:30:18,0.35,0.8139,80,0.32,0.7441,298,0.56,1.3023,1,0.335,0.779,0,0
IWM191108P153,2019-11-01,2019-11-01 09:30:18,0.36,0.8372,276,0.33,0.7674,68,0.56,1.3023,1,0.345,0.8023,0,0
IWM191108P153,2019-11-01,2019-11-01 09:30:19,0.36,0.8372,558,0.33,0.7674,71,0.56,1.3023,1,0.345,0.8023,0,0
IWM191108P153,2019-11-01,2019-11-01 09:30:19,0.35,0.8139,243,0.32,0.7441,155,0.56,1.3023,1,0.335,0.779,0,0
IWM191108P153,2019-11-01,2019-11-01 09:30:20,0.35,0.8139,115,0.33,0.7674,78,0.56,1.3023,1,0.34,0.7906,0,0
IWM191108P153,2019-11-01,2019-11-01 09:30:20,0.35,0.8139,218,0.32,0.7441,95,0.56,1.3023,1,0.335,0.779,0,0
IWM191108P153,2019-11-01,2019-11-01 09:30:21,0.36,0.8372,650,0.33,0.7674,75,0.56,1.3023,1,0.345,0.8023,0,0
IWM191108P153,2019-11-01,2019-11-01 09:30:21,0.36,0.8372,576,0.33,0.7674,101,0.56,1.3023,1,0.345,0.8023,0,0
IWM191108P153,2019-11-01,2019-11-01 09:30:22,0.36,0.8372,650,0.33,0.7674,75,0.56,1.3023,1,0.345,0.8023,0,0
IWM191108P153,2019-11-01,2019-11-01 09:30:22,0.36,0.8372,646,0.33,0.7674,75,0.56,1.3023,1,0.345,0.8023,0,0
IWM191108P153,2019-11-01,2019-11-01 09:30:23,0.36,0.8372,570,0.33,0.7674,74,0.56,1.3023,1,0.345,0.8023,0,0
IWM191108P153,2019-11-01,2019-11-01 09:30:23,0.36,0.8372,570,0.33,0.7674,67,0.56,1.3023,1,0.345,0.8023,0,0
IWM191108P153,2019-11-01,2019-11-01 09:30:24,0.36,0.8372,570,0.33,0.7674,74,0.56,1.3023,1,0.345,0.8023,0,0
IWM191108P153,2019-11-01,2019-11-01 09:30:25,0.36,0.8372,645,0.33,0.7674,75,0.56,1.3023,1,0.345,0.8023,0,0
IWM191108P153,2019-11-01,2019-11-01 09:30:25,0.36,0.8372,695,0.33,0.7674,75,0.56,1.3023,1,0.345,0.8023,0,0
IWM191108P153,2019-11-01,2019-11-01 09:30:26,0.35,0.8139,515,0.32,0.7441,153,0.56,1.3023,1,0.335,0.779,0,0
IWM191108P153,2019-11-01,2019-11-01 09:30:26,0.35,0.8139,75,0.32,0.7441,123,0.56,1.3023,1,0.335,0.779,0,0
IWM191108P153,2019-11-01,2019-11-01 09:30:27,0.35,0.8139,565,0.32,0.7441,49,0.56,1.3023,1,0.335,0.779,0,0
IWM191108P153,2019-11-01,2019-11-01 09:30:27,0.35,0.8139,565,0.32,0.7441,95,0.56,1.3023,1,0.335,0.779,0,0
IWM191108P153,2019-11-01,2019-11-01 09:30:28,0.35,0.8139,553,0.32,0.7441,49,0.56,1.3023,1,0.335,0.779,0,0
IWM191108P153,2019-11-01,2019-11-01 09:30:28,0.35,0.8139,669,0.32,0.7441,71,0.56,1.3023,1,0.335,0.779,0,0
IWM191108P153,2019-11-01,2019-11-01 09:30:29,0.35,0.8139,645,0.32,0.7441,68,0.56,1.3023,1,0.335,0.779,0,0
IWM191108P153,2019-11-01,2019-11-01 09:30:30,0.35,0.8139,635,0.32,0.7441,80,0.56,1.3023,1,0.335,0.779,0,0
IWM191108P153,2019-11-01,2019-11-01 09:30:30,0.35,0.8139,645,0.32,0.7441,101,0.56,1.3023,1,0.335,0.779,0,0
IWM191108P153,2019-11-01,2019-11-01 09:30:31,0.35,0.8139,612,0.32,0.7441,80,0.56,1.3023,1,0.335,0.779,0,0
IWM191108P153,2019-11-01,2019-11-01 09:30:32,0.34,0.7906,75,0.31,0.7209,123,0.56,1.3023,1,0.325,0.7558,0,0
IWM191108P153,2019-11-01,2019-11-01 09:30:32,0.34,0.7906,181,0.31,0.7209,111,0.56,1.3023,1,0.325,0.7558,0,0
IWM191108P153,2019-11-01,2019-11-01 09:30:33,0.34,0.7906,214,0.31,0.7209,101,0.56,1.3023,1,0.325,0.7558,0,0
IWM191108P153,2019-11-01,2019-11-01 09:30:33,0.34,0.7906,219,0.31,0.7209,105,0.56,1.3023,1,0.325,0.7558,0,0
IWM191108P153,2019-11-01,2019-11-01 09:30:34,0.34,0.7906,327,0.31,0.7209,105,0.56,1.3023,1,0.325,0.7558,0,0
IWM191108P153,2019-11-01,2019-11-01 09:30:34,0.34,0.7906,377,0.31,0.7209,105,0.56,1.3023,1,0.325,0.7558,0,0
IWM191108P153,2019-11-01,2019-11-01 09:30:35,0.34,0.7906,570,0.31,0.7209,107,0.56,1.3023,1,0.325,0.7558,0,0
IWM191108P153,2019-11-01,2019-11-01 09:30:36,0.34,0.7906,570,0.31,0.7209,107,0.56,1.3023,1,0.325,0.7558,0,0
IWM191108P153,2019-11-01,2019-11-01 09:30:36,0.34,0.7906,620,0.31,0.7209,107,0.56,1.3023,1,0.325,0.7558,0,0
IWM191108P153,2019-11-01,2019-11-01 09:30:37,0.34,0.7906,620,0.31,0.7209,107,0.56,1.3023,1,0.325,0.7558,0,0
IWM191108P153,2019-11-01,2019-11-01 09:30:37,0.34,0.7906,570,0.31,0.7209,107,0.56,1.3023,1,0.325,0.7558,0,0
IWM191108P153,2019-11-01,2019-11-01 09:30:38,0.34,0.7906,570,0.31,0.7209,107,0.56,1.3023,1,0.325,0.7558,0,0
IWM191108P153,2019-11-01,2019-11-01 09:30:38,0.34,0.7906,570,0.31,0.7209,97,0.56,1.3023,1,0.325,0.7558,0,0
IWM191108P153,2019-11-01,2019-11-01 09:30:39,0.34,0.7906,570,0.31,0.7209,122,0.56,1.3023,1,0.325,0.7558,0,0
IWM191108P153,2019-11-01,2019-11-01 09:30:39,0.34,0.7906,620,0.31,0.7209,108,0.56,1.3023,1,0.325,0.7558,0,0
IWM191108P153,2019-11-01,2019-11-01 09:30:40,0.34,0.7906,570,0.31,0.7209,107,0.56,1.3023,1,0.325,0.7558,0,0
IWM191108P153,2019-11-01,2019-11-01 09:30:40,0.34,0.7906,620,0.31,0.7209,107,0.56,1.3023,1,0.325,0.7558,0,0
IWM191108P153,2019-11-01,2019-11-01 09:30:41,0.34,0.7906,570,0.32,0.7441,53,0.56,1.3023,1,0.33,0.7674,0,0
IWM191108P153,2019-11-01,2019-11-01 09:30:41,0.34,0.7906,320,0.32,0.7441,58,0.56,1.3023,1,0.33,0.7674,0,0
IWM191108P153,2019-11-01,2019-11-01 09:30:42,0.34,0.7906,502,0.32,0.7441,159,0.56,1.3023,1,0.33,0.7674,0,0
IWM191108P153,2019-11-01,2019-11-01 09:30:42,0.34,0.7906,317,0.32,0.7441,44,0.56,1.3023,1,0.33,0.7674,0,0
IWM191108P153,2019-11-01,2019-11-01 09:30:43,0.34,0.7906,250,0.31,0.7209,114,0.56,1.3023,1,0.325,0.7558,0,0
IWM191108P153,2019-11-01,2019-11-01 09:30:44,0.34,0.7906,491,0.31,0.7209,103,0.56,1.3023,1,0.325,0.7558,0,0
IWM191108P153,2019-11-01,2019-11-01 09:30:44,0.34,0.7906,597,0.31,0.7209,94,0.56,1.3023,1,0.325,0.7558,0,0
IWM191108P153,2019-11-01,2019-11-01 09:30:45,0.34,0.7906,491,0.31,0.7209,99,0.56,1.3023,1,0.325,0.7558,0,0
IWM191108P153,2019-11-01,2019-11-01 09:30:46,0.34,0.7906,813,0.31,0.7209,144,0.56,1.3023,1,0.325,0.7558,0,0
IWM191108P153,2019-11-01,2019-11-01 09:30:46,0.34,0.7906,638,0.31,0.7209,99,0.56,1.3023,1,0.325,0.7558,0,0
IWM191108P153,2019-11-01,2019-11-01 09:30:47,0.34,0.7906,813,0.31,0.7209,134,0.56,1.3023,1,0.325,0.7558,0,0
IWM191108P153,2019-11-01,2019-11-01 09:30:47,0.34,0.7906,638,0.31,0.7209,53,0.56,1.3023,1,0.325,0.7558,0,0
IWM191108P153,2019-11-01,2019-11-01 09:30:48,0.34,0.7906,870,0.31,0.7209,97,0.56,1.3023,1,0.325,0.7558,0,0
IWM191108P153,2019-11-01,2019-11-01 09:30:49,0.34,0.7906,870,0.31,0.7209,175,0.56,1.3023,1,0.325,0.7558,0,0
IWM191108P153,2019-11-01,2019-11-01 09:30:50,0.33,0.7674,316,0.31,0.7209,170,0.56,1.3023,1,0.32,0.7441,0,0
IWM191108P153,2019-11-01,2019-11-01 09:30:51,0.33,0.7674,67,0.32,0.7441,44,0.56,1.3023,1,0.325,0.7558,0,0
IWM191108P153,2019-11-01,2019-11-01 09:30:51,0.33,0.7674,316,0.31,0.7209,153,0.56,1.3023,1,0.32,0.7441,0,0
IWM191108P153,2019-11-01,2019-11-01 09:30:52,0.34,0.7906,120,0.32,0.7441,83,0.56,1.3023,1,0.33,0.7674,0,0
IWM191108P153,2019-11-01,2019-11-01 09:30:52,0.33,0.7674,67,0.32,0.7441,67,0.56,1.3023,1,0.325,0.7558,0,0
IWM191108P153,2019-11-01,2019-11-01 09:30:53,0.34,0.7906,155,0.32,0.7441,92,0.56,1.3023,1,0.33,0.7674,0,0
IWM191108P153,2019-11-01,2019-11-01 09:30:53,0.34,0.7906,282,0.32,0.7441,71,0.56,1.3023,1,0.33,0.7674,0,0
IWM191108P153,2019-11-01,2019-11-01 09:30:54,0.34,0.7906,121,0.32,0.7441,165,0.56,1.3023,1,0.33,0.7674,0,0
IWM191108P153,2019-11-01,2019-11-01 09:30:54,0.34,0.7906,155,0.32,0.7441,92,0.56,1.3023,1,0.33,0.7674,0,0
IWM191108P153,2019-11-01,2019-11-01 09:30:55,0.34,0.7906,121,0.32,0.7441,140,0.56,1.3023,1,0.33,0.7674,0,0
IWM191108P153,2019-11-01,2019-11-01 09:30:55,0.34,0.7906,121,0.32,0.7441,165,0.56,1.3023,1,0.33,0.7674,0,0
IWM191108P153,2019-11-01,2019-11-01 09:30:56,0.34,0.7906,121,0.32,0.7441,140,0.56,1.3023,1,0.33,0.7674,0,0
IWM191108P153,2019-11-01,2019-11-01 09:30:57,0.34,0.7906,262,0.32,0.7441,140,0.56,1.3023,1,0.33,0.7674,0,0
IWM191108P153,2019-11-01,2019-11-01 09:30:57,0.34,0.7906,501,0.31,0.7209,167,0.56,1.3023,1,0.325,0.7558,0,0
IWM191108P153,2019-11-01,2019-11-01 09:30:58,0.34,0.7906,564,0.31,0.7209,216,0.56,1.3023,1,0.325,0.7558,0,0
IWM191108P153,2019-11-01,2019-11-01 09:30:58,0.34,0.7906,501,0.31,0.7209,216,0.56,1.3023,1,0.325,0.7558,0,0
IWM191108P153,2019-11-01,2019-11-01 09:30:59,0.34,0.7906,1139,0.31,0.7209,203,0.56,1.3023,1,0.325,0.7558,0,0
IWM191108P153,2019-11-01,2019-11-01 09:30:59,0.34,0.7906,564,0.31,0.7209,76,0.56,1.3023,1,0.325,0.7558,0,0
IWM191108P153,2019-11-01,2019-11-01 09:31:00,0.34,0.7906,1044,0.31,0.7209,224,0.56,1.3023,1,0.325,0.7558,0,0
IWM191108P153,2019-11-01,2019-11-01 09:31:00,0.34,0.7906,759,0.31,0.7209,111,0.56,1.3023,1,0.325,0.7558,0,0
IWM191108P153,2019-11-01,2019-11-01 09:31:01,0.33,0.7674,179,0.31,0.7209,159,0.56,1.3023,1,0.32,0.7441,0,0
IWM191108P153,2019-11-01,2019-11-01 09:31:01,0.33,0.7674,130,0.31,0.7209,95,0.56,1.3023,1,0.32,0.7441,0,0
IWM191108P153,2019-11-01,2019-11-01 09:31:02,0.33,0.7674,150,0.31,0.7209,96,0.56,1.3023,1,0.32,0.7441,0,0
IWM191108P153,2019-11-01,2019-11-01 09:31:02,0.33,0.7674,110,0.31,0.7209,113,0.56,1.3023,1,0.32,0.7441,0,0
IWM191108P153,2019-11-01,2019-11-01 09:31:03,0.33,0.7674,77,0.32,0.7441,68,0.56,1.3023,1,0.325,0.7558,0,0
IWM191108P153,2019-11-01,2019-11-01 09:31:04,0.34,0.7906,157,0.32,0.7441,49,0.56,1.3023,1,0.33,0.7674,0,0
IWM191108P153,2019-11-01,2019-11-01 09:31:04,0.33,0.7674,77,0.32,0.7441,49,0.56,1.3023,1,0.325,0.7558,0,0
IWM191108P153,2019-11-01,2019-11-01 09:31:05,0.34,0.7906,171,0.32,0.7441,99,0.56,1.3023,1,0.33,0.7674,0,0
IWM191108P153,2019-11-01,2019-11-01 09:31:06,0.34,0.7906,171,0.32,0.7441,211,0.56,1.3023,1,0.33,0.7674,0,0
IWM191108P153,2019-11-01,2019-11-01 09:31:06,0.34,0.7906,171,0.32,0.7441,172,0.56,1.3023,1,0.33,0.7674,0,0
IWM191108P153,2019-11-01,2019-11-01 09:31:07,0.34,0.7906,171,0.32,0.7441,211,0.56,1.3023,1,0.33,0.7674,0,0
IWM191108P153,2019-11-01,2019-11-01 09:31:07,0.34,0.7906,171,0.32,0.7441,107,0.56,1.3023,1,0.33,0.7674,0,0
IWM191108P153,2019-11-01,2019-11-01 09:31:08,0.34,0.7906,171,0.32,0.7441,108,0.56,1.3023,1,0.33,0.7674,0,0
IWM191108P153,2019-11-01,2019-11-01 09:31:08,0.34,0.7906,171,0.32,0.7441,107,0.56,1.3023,1,0.33,0.7674,0,0
IWM191108P153,2019-11-01,2019-11-01 09:31:09,0.34,0.7906,171,0.32,0.7441,152,0.56,1.3023,1,0.33,0.7674,0,0
IWM191108P153,2019-11-01,2019-11-01 09:31:09,0.34,0.7906,100,0.32,0.7441,44,0.56,1.3023,1,0.33,0.7674,0,0
IWM191108P153,2019-11-01,2019-11-01 09:31:10,0.34,0.7906,335,0.31,0.7209,76,0.56,1.3023,1,0.325,0.7558,0,0
IWM191108P153,2019-11-01,2019-11-01 09:31:10,0.34,0.7906,952,0.31,0.7209,152,0.56,1.3023,1,0.325,0.7558,0,0
IWM191108P153,2019-11-01,2019-11-01 09:31:11,0.34,0.7906,892,0.32,0.7441,49,0.56,1.3023,1,0.33,0.7674,0,0
IWM191108P153,2019-11-01,2019-11-01 09:31:11,0.34,0.7906,892,0.32,0.7441,75,0.56,1.3023,1,0.33,0.7674,0,0
IWM191108P153,2019-11-01,2019-11-01 09:31:12,0.34,0.7906,892,0.32,0.7441,132,0.56,1.3023,1,0.33,0.7674,0,0
IWM191108P153,2019-11-01,2019-11-01 09:31:12,0.34,0.7906,892,0.32,0.7441,75,0.56,1.3023,1,0.33,0.7674,0,0
IWM191108P153,2019-11-01,2019-11-01 09:31:13,0.34,0.7906,892,0.32,0.7441,173,0.56,1.3023,1,0.33,0.7674,0,0
IWM191108P153,2019-11-01,2019-11-01 09:31:13,0.34,0.7906,170,0.32,0.7441,142,0.56,1.3023,1,0.33,0.7674,0,0
IWM191108P153,2019-11-01,2019-11-01 09:31:14,0.34,0.7906,170,0.32,0.7441,143,0.56,1.3023,1,0.33,0.7674,0,0
IWM191108P153,2019-11-01,2019-11-01 09:31:14,0.34,0.7906,299,0.32,0.7441,229,0.56,1.3023,1,0.33,0.7674,0,0
IWM191108P153,2019-11-01,2019-11-01 09:31:15,0.34,0.7906,294,0.32,0.7441,166,0.56,1.3023,1,0.33,0.7674,0,0
IWM191108P153,2019-11-01,2019-11-01 09:31:15,0.34,0.7906,299,0.32,0.7441,115,0.56,1.3023,1,0.33,0.7674,0,0
IWM191108P153,2019-11-01,2019-11-01 09:31:16,0.34,0.7906,294,0.32,0.7441,162,0.56,1.3023,1,0.33,0.7674,0,0
IWM191108P153,2019-11-01,2019-11-01 09:31:16,0.34,0.7906,148,0.32,0.7441,177,0.56,1.3023,1,0.33,0.7674,0,0
IWM191108P153,2019-11-01,2019-11-01 09:31:17,0.34,0.7906,185,0.31,0.7209,70,0.56,1.3023,1,0.325,0.7558,0,0
IWM191108P153,2019-11-01,2019-11-01 09:31:17,0.34,0.7906,388,0.31,0.7209,113,0.56,1.3023,1,0.325,0.7558,0,0
IWM191108P153,2019-11-01,2019-11-01 09:31:18,0.34,0.7906,818,0.31,0.7209,186,0.56,1.3023,1,0.325,0.7558,0,0
IWM191108P153,2019-11-01,2019-11-01 09:31:19,0.34,0.7906,938,0.31,0.7209,311,0.56,1.3023,1,0.325,0.7558,0,0
IWM191108P153,2019-11-01,2019-11-01 09:31:19,0.34,0.7906,938,0.31,0.7209,327,0.56,1.3023,1,0.325,0.7558,0,0
IWM191108P153,2019-11-01,2019-11-01 09:31:20,0.34,0.7906,353,0.32,0.7441,73,0.56,1.3023,1,0.33,0.7674,0,0
IWM191108P153,2019-11-01,2019-11-01 09:31:21,0.34,0.7906,353,0.32,0.7441,88,0.56,1.3023,1,0.33,0.7674,0,0
IWM191108P153,2019-11-01,2019-11-01 09:31:22,0.34,0.7906,353,0.32,0.7441,88,0.56,1.3023,1,0.33,0.7674,0,0
IWM191108P153,2019-11-01,2019-11-01 09:31:22,0.34,0.7906,353,0.32,0.7441,98,0.56,1.3023,1,0.33,0.7674,0,0
IWM191108P153,2019-11-01,2019-11-01 09:31:23,0.34,0.7906,255,0.32,0.7441,50,0.56,1.3023,1,0.33,0.7674,0,0
IWM191108P153,2019-11-01,2019-11-01 09:31:23,0.34,0.7906,255,0.32,0.7441,176,0.56,1.3023,1,0.33,0.7674,0,0
IWM191108P153,2019-11-01,2019-11-01 09:31:24,0.34,0.7906,265,0.32,0.7441,73,0.56,1.3023,1,0.33,0.7674,0,0
IWM191108P153,2019-11-01,2019-11-01 09:31:24,0.34,0.7906,265,0.32,0.7441,49,0.56,1.3023,1,0.33,0.7674,0,0
IWM191108P153,2019-11-01,2019-11-01 09:31:25,0.34,0.7906,110,0.32,0.7441,129,0.56,1.3023,1,0.33,0.7674,0,0
IWM191108P153,2019-11-01,2019-11-01 09:31:25,0.34,0.7906,100,0.32,0.7441,130,0.56,1.3023,1,0.33,0.7674,0,0
IWM191108P153,2019-11-01,2019-11-01 09:31:26,0.34,0.7906,311,0.32,0.7441,6,0.56,1.3023,1,0.33,0.7674,0,0
IWM191108P153,2019-11-01,2019-11-01 09:31:26,0.34,0.7906,349,0.32,0.7441,6,0.56,1.3023,1,0.33,0.7674,0,0
IWM191108P153,2019-11-01,2019-11-01 09:31:27,0.34,0.7906,140,0.32,0.7441,65,0.56,1.3023,1,0.33,0.7674,0,0
IWM191108P153,2019-11-01,2019-11-01 09:31:27,0.34,0.7906,150,0.32,0.7441,97,0.56,1.3023,1,0.33,0.7674,0,0
IWM191108P153,2019-11-01,2019-11-01 09:31:28,0.34,0.7906,140,0.32,0.7441,81,0.56,1.3023,1,0.33,0.7674,0,0
IWM191108P153,2019-11-01,2019-11-01 09:31:28,0.34,0.7906,270,0.32,0.7441,73,0.56,1.3023,1,0.33,0.7674,0,0
IWM191108P153,2019-11-01,2019-11-01 09:31:29,0.34,0.7906,330,0.32,0.7441,134,0.56,1.3023,1,0.33,0.7674,0,0
IWM191108P153,2019-11-01,2019-11-01 09:31:29,0.34,0.7906,309,0.32,0.7441,107,0.56,1.3023,1,0.33,0.7674,0,0
IWM191108P153,2019-11-01,2019-11-01 09:31:30,0.34,0.7906,210,0.32,0.7441,134,0.56,1.3023,1,0.33,0.7674,0,0
IWM191108P153,2019-11-01,2019-11-01 09:31:30,0.34,0.7906,210,0.32,0.7441,145,0.56,1.3023,1,0.33,0.7674,0,0
IWM191108P153,2019-11-01,2019-11-01 09:31:31,0.34,0.7906,349,0.32,0.7441,179,0.56,1.3023,1,0.33,0.7674,0,0
IWM191108P153,2019-11-01,2019-11-01 09:31:31,0.34,0.7906,210,0.32,0.7441,179,0.56,1.3023,1,0.33,0.7674,0,0
IWM191108P153,2019-11-01,2019-11-01 09:31:32,0.34,0.7906,163,0.32,0.7441,179,0.56,1.3023,1,0.33,0.7674,0,0
IWM191108P153,2019-11-01,2019-11-01 09:31:32,0.34,0.7906,153,0.32,0.7441,150,0.56,1.3023,1,0.33,0.7674,0,0
IWM191108P153,2019-11-01,2019-11-01 09:31:33,0.34,0.7906,140,0.32,0.7441,227,0.56,1.3023,1,0.33,0.7674,0,0
IWM191108P153,2019-11-01,2019-11-01 09:31:33,0.34,0.7906,153,0.32,0.7441,150,0.56,1.3023,1,0.33,0.7674,0,0
IWM191108P153,2019-11-01,2019-11-01 09:31:34,0.34,0.7906,130,0.32,0.7441,529,0.56,1.3023,1,0.33,0.7674,0,0
IWM191108P153,2019-11-01,2019-11-01 09:31:34,0.34,0.7906,140,0.32,0.7441,529,0.56,1.3023,1,0.33,0.7674,0,0
IWM191108P153,2019-11-01,2019-11-01 09:31:35,0.34,0.7906,63,0.33,0.7674,170,0.56,1.3023,1,0.335,0.779,0,0
IWM191108P153,2019-11-01,2019-11-01 09:31:35,0.34,0.7906,63,0.33,0.7674,170,0.56,1.3023,1,0.335,0.779,10,10
IWM191108P153,2019-11-01,2019-11-01 09:31:36,0.34,0.7906,79,0.33,0.7674,44,0.34,0.7906,10,0.335,0.779,10,0
IWM191108P153,2019-11-01,2019-11-01 09:31:36,0.34,0.7906,63,0.33,0.7674,133,0.34,0.7906,10,0.335,0.779,10,0
IWM191108P153,2019-11-01,2019-11-01 09:31:37,0.34,0.7906,141,0.32,0.7441,203,0.34,0.7906,10,0.33,0.7674,10,0
IWM191108P153,2019-11-01,2019-11-01 09:31:38,0.34,0.7906,79,0.33,0.7674,88,0.34,0.7906,10,0.335,0.779,10,0
IWM191108P153,2019-11-01,2019-11-01 09:31:38,0.34,0.7906,79,0.33,0.7674,98,0.34,0.7906,10,0.335,0.779,10,0
IWM191108P153,2019-11-01,2019-11-01 09:31:39,0.35,0.8139,147,0.33,0.7674,98,0.34,0.7906,10,0.34,0.7906,10,0
IWM191108P153,2019-11-01,2019-11-01 09:31:39,0.35,0.8139,170,0.33,0.7674,158,0.34,0.7906,10,0.34,0.7906,10,0
IWM191108P153,2019-11-01,2019-11-01 09:31:40,0.35,0.8139,170,0.33,0.7674,266,0.34,0.7906,10,0.34,0.7906,10,0
IWM191108P153,2019-11-01,2019-11-01 09:31:40,0.35,0.8139,170,0.33,0.7674,158,0.34,0.7906,10,0.34,0.7906,10,0
IWM191108P153,2019-11-01,2019-11-01 09:31:41,0.35,0.8139,170,0.33,0.7674,266,0.34,0.7906,10,0.34,0.7906,10,0
IWM191108P153,2019-11-01,2019-11-01 09:31:41,0.35,0.8139,160,0.33,0.7674,266,0.34,0.7906,10,0.34,0.7906,10,0
IWM191108P153,2019-11-01,2019-11-01 09:31:42,0.35,0.8139,160,0.33,0.7674,266,0.34,0.7906,10,0.34,0.7906,10,0
IWM191108P153,2019-11-01,2019-11-01 09:31:42,0.35,0.8139,170,0.34,0.7906,63,0.34,0.7906,10,0.345,0.8023,10,0
IWM191108P153,2019-11-01,2019-11-01 09:31:43,0.35,0.8139,170,0.34,0.7906,70,0.34,0.7906,10,0.345,0.8023,10,0
IWM191108P153,2019-11-01,2019-11-01 09:31:43,0.35,0.8139,50,0.34,0.7906,78,0.34,0.7906,10,0.345,0.8023,10,0
IWM191108P153,2019-11-01,2019-11-01 09:31:44,0.36,0.8372,504,0.33,0.7674,54,0.34,0.7906,10,0.345,0.8023,10,0
IWM191108P153,2019-11-01,2019-11-01 09:31:44,0.35,0.8139,143,0.34,0.7906,72,0.34,0.7906,10,0.345,0.8023,10,0
IWM191108P153,2019-11-01,2019-11-01 09:31:45,0.36,0.8372,854,0.33,0.7674,609,0.34,0.7906,10,0.345,0.8023,10,0
IWM191108P153,2019-11-01,2019-11-01 09:31:46,0.36,0.8372,1021,0.33,0.7674,76,0.34,0.7906,10,0.345,0.8023,10,0
IWM191108P153,2019-11-01,2019-11-01 09:31:46,0.35,0.8139,150,0.33,0.7674,127,0.34,0.7906,10,0.34,0.7906,10,0
IWM191108P153,2019-11-01,2019-11-01 09:31:47,0.35,0.8139,140,0.33,0.7674,167,0.34,0.7906,10,0.34,0.7906,10,0
IWM191108P153,2019-11-01,2019-11-01 09:31:47,0.35,0.8139,140,0.33,0.7674,170,0.34,0.7906,10,0.34,0.7906,10,0
IWM191108P153,2019-11-01,2019-11-01 09:31:48,0.35,0.8139,150,0.33,0.7674,174,0.34,0.7906,10,0.34,0.7906,10,0
IWM191108P153,2019-11-01,2019-11-01 09:31:48,0.35,0.8139,160,0.33,0.7674,608,0.34,0.7906,10,0.34,0.7906,10,0
IWM191108P153,2019-11-01,2019-11-01 09:31:49,0.35,0.8139,278,0.33,0.7674,872,0.34,0.7906,10,0.34,0.7906,10,0
IWM191108P153,2019-11-01,2019-11-01 09:31:49,0.35,0.8139,150,0.33,0.7674,872,0.34,0.7906,10,0.34,0.7906,10,0
IWM191108P153,2019-11-01,2019-11-01 09:31:50,0.35,0.8139,150,0.33,0.7674,793,0.34,0.7906,10,0.34,0.7906,10,0
IWM191108P153,2019-11-01,2019-11-01 09:31:51,0.35,0.8139,150,0.33,0.7674,1058,0.34,0.7906,10,0.34,0.7906,10,0
IWM191108P153,2019-11-01,2019-11-01 09:31:51,0.35,0.8139,150,0.33,0.7674,793,0.34,0.7906,10,0.34,0.7906,10,0
IWM191108P153,2019-11-01,2019-11-01 09:31:52,0.35,0.8139,150,0.34,0.7906,44,0.34,0.7906,10,0.345,0.8023,10,0
IWM191108P153,2019-11-01,2019-11-01 09:31:53,0.35,0.8139,10,0.34,0.7906,110,0.34,0.7906,10,0.345,0.8023,10,0
IWM191108P153,2019-11-01,2019-11-01 09:31:53,0.35,0.8139,150,0.34,0.7906,75,0.34,0.7906,10,0.345,0.8023,10,0
IWM191108P153,2019-11-01,2019-11-01 09:31:54,0.35,0.8139,114,0.34,0.7906,122,0.34,0.7906,10,0.345,0.8023,10,0
IWM191108P153,2019-11-01,2019-11-01 09:31:55,0.35,0.8139,114,0.34,0.7906,522,0.34,0.7906,10,0.345,0.8023,10,0
IWM191108P153,2019-11-01,2019-11-01 09:31:55,0.35,0.8139,114,0.34,0.7906,199,0.34,0.7906,10,0.345,0.8023,10,0
IWM191108P153,2019-11-01,2019-11-01 09:31:56,0.35,0.8139,114,0.34,0.7906,49,0.34,0.7906,10,0.345,0.8023,10,0
IWM191108P153,2019-11-01,2019-11-01 09:31:57,0.35,0.8139,114,0.34,0.7906,67,0.34,0.7906,10,0.345,0.8023,10,0
IWM191108P153,2019-11-01,2019-11-01 09:31:57,0.35,0.8139,114,0.34,0.7906,66,0.34,0.7906,10,0.345,0.8023,10,0
IWM191108P153,2019-11-01,2019-11-01 09:31:58,0.35,0.8139,114,0.34,0.7906,67,0.34,0.7906,10,0.345,0.8023,10,0
IWM191108P153,2019-11-01,2019-11-01 09:31:58,0.36,0.8372,258,0.34,0.7906,83,0.34,0.7906,10,0.35,0.8139,10,0
IWM191108P153,2019-11-01,2019-11-01 09:31:59,0.35,0.8139,83,0.34,0.7906,109,0.34,0.7906,10,0.345,0.8023,10,0
IWM191108P153,2019-11-01,2019-11-01 09:31:59,0.35,0.8139,33,0.34,0.7906,168,0.34,0.7906,10,0.345,0.8023,10,0
IWM191108P153,2019-11-01,2019-11-01 09:32:00,0.35,0.8139,407,0.33,0.7674,44,0.34,0.7906,10,0.34,0.7906,10,0
IWM191108P153,2019-11-01,2019-11-01 09:32:00,0.35,0.8139,314,0.33,0.7674,91,0.34,0.7906,10,0.34,0.7906,10,0
IWM191108P153,2019-11-01,2019-11-01 09:32:01,0.35,0.8139,943,0.33,0.7674,72,0.34,0.7906,10,0.34,0.7906,10,0
IWM191108P153,2019-11-01,2019-11-01 09:32:01,0.35,0.8139,585,0.33,0.7674,75,0.34,0.7906,10,0.34,0.7906,10,0
IWM191108P153,2019-11-01,2019-11-01 09:32:02,0.35,0.8139,150,0.33,0.7674,682,0.34,0.7906,10,0.34,0.7906,10,0
IWM191108P153,2019-11-01,2019-11-01 09:32:02,0.35,0.8139,324,0.33,0.7674,552,0.34,0.7906,10,0.34,0.7906,10,0
IWM191108P153,2019-11-01,2019-11-01 09:32:03,0.36,0.8372,188,0.34,0.7906,49,0.34,0.7906,10,0.35,0.8139,10,0
IWM191108P153,2019-11-01,2019-11-01 09:32:03,0.35,0.8139,150,0.34,0.7906,73,0.34,0.7906,10,0.345,0.8023,10,0
IWM191108P153,2019-11-01,2019-11-01 09:32:04,0.36,0.8372,507,0.34,0.7906,68,0.34,0.7906,10,0.35,0.8139,10,0
IWM191108P153,2019-11-01,2019-11-01 09:32:04,0.36,0.8372,150,0.34,0.7906,604,0.34,0.7906,10,0.35,0.8139,10,0
IWM191108P153,2019-11-01,2019-11-01 09:32:05,0.36,0.8372,150,0.34,0.7906,728,0.34,0.7906,10,0.35,0.8139,10,0
IWM191108P153,2019-11-01,2019-11-01 09:32:05,0.36,0.8372,267,0.34,0.7906,712,0.34,0.7906,10,0.35,0.8139,10,0
IWM191108P153,2019-11-01,2019-11-01 09:32:06,0.36,0.8372,379,0.34,0.7906,902,0.34,0.7906,10,0.35,0.8139,10,0
IWM191108P153,2019-11-01,2019-11-01 09:32:06,0.36,0.8372,267,0.34,0.7906,769,0.34,0.7906,10,0.35,0.8139,10,0
IWM191108P153,2019-11-01,2019-11-01 09:32:07,0.36,0.8372,256,0.34,0.7906,1054,0.34,0.7906,10,0.35,0.8139,10,0
IWM191108P153,2019-11-01,2019-11-01 09:32:08,0.36,0.8372,381,0.34,0.7906,191,0.34,0.7906,10,0.35,0.8139,10,0
IWM191108P153,2019-11-01,2019-11-01 09:32:08,0.36,0.8372,589,0.34,0.7906,956,0.34,0.7906,10,0.35,0.8139,10,0
IWM191108P153,2019-11-01,2019-11-01 09:32:09,0.36,0.8372,391,0.34,0.7906,48,0.34,0.7906,10,0.35,0.8139,10,0
IWM191108P153,2019-11-01,2019-11-01 09:32:09,0.36,0.8372,717,0.34,0.7906,71,0.34,0.7906,10,0.35,0.8139,10,0
IWM191108P153,2019-11-01,2019-11-01 09:32:10,0.36,0.8372,875,0.34,0.7906,109,0.34,0.7906,10,0.35,0.8139,10,0
IWM191108P153,2019-11-01,2019-11-01 09:32:10,0.36,0.8372,309,0.34,0.7906,95,0.34,0.7906,10,0.35,0.8139,10,0
IWM191108P153,2019-11-01,2019-11-01 09:32:11,0.37,0.8604,141,0.34,0.7906,532,0.34,0.7906,10,0.355,0.8255,10,0
IWM191108P153,2019-11-01,2019-11-01 09:32:11,0.36,0.8372,212,0.34,0.7906,93,0.34,0.7906,10,0.35,0.8139,10,0
IWM191108P153,2019-11-01,2019-11-01 09:32:12,0.36,0.8372,798,0.34,0.7906,94,0.34,0.7906,10,0.35,0.8139,10,0
IWM191108P153,2019-11-01,2019-11-01 09:32:12,0.36,0.8372,212,0.34,0.7906,444,0.34,0.7906,10,0.35,0.8139,10,0
IWM191108P153,2019-11-01,2019-11-01 09:32:13,0.36,0.8372,1176,0.34,0.7906,287,0.34,0.7906,10,0.35,0.8139,10,0
IWM191108P153,2019-11-01,2019-11-01 09:32:13,0.36,0.8372,1176,0.34,0.7906,110,0.34,0.7906,10,0.35,0.8139,10,0
IWM191108P153,2019-11-01,2019-11-01 09:32:14,0.36,0.8372,741,0.34,0.7906,81,0.34,0.7906,10,0.35,0.8139,10,0
IWM191108P153,2019-11-01,2019-11-01 09:32:14,0.36,0.8372,1176,0.34,0.7906,330,0.34,0.7906,10,0.35,0.8139,10,0
IWM191108P153,2019-11-01,2019-11-01 09:32:15,0.36,0.8372,702,0.34,0.7906,69,0.34,0.7906,10,0.35,0.8139,10,0
IWM191108P153,2019-11-01,2019-11-01 09:32:15,0.36,0.8372,1530,0.34,0.7906,161,0.34,0.7906,10,0.35,0.8139,10,0
IWM191108P153,2019-11-01,2019-11-01 09:32:16,0.36,0.8372,1288,0.33,0.7674,877,0.34,0.7906,10,0.345,0.8023,10,0
IWM191108P153,2019-11-01,2019-11-01 09:32:16,0.36,0.8372,872,0.33,0.7674,923,0.34,0.7906,10,0.345,0.8023,10,0
IWM191108P153,2019-11-01,2019-11-01 09:32:17,0.35,0.8139,240,0.33,0.7674,816,0.34,0.7906,10,0.34,0.7906,10,0
IWM191108P153,2019-11-01,2019-11-01 09:32:17,0.35,0.8139,240,0.33,0.7674,940,0.34,0.7906,10,0.34,0.7906,10,0
IWM191108P153,2019-11-01,2019-11-01 09:32:18,0.35,0.8139,290,0.33,0.7674,908,0.34,0.7906,10,0.34,0.7906,10,0
IWM191108P153,2019-11-01,2019-11-01 09:32:19,0.35,0.8139,203,0.33,0.7674,616,0.34,0.7906,10,0.34,0.7906,10,0
IWM191108P153,2019-11-01,2019-11-01 09:32:19,0.35,0.8139,132,0.33,0.7674,866,0.34,0.7906,10,0.34,0.7906,10,0
IWM191108P153,2019-11-01,2019-11-01 09:32:20,0.35,0.8139,365,0.33,0.7674,860,0.34,0.7906,10,0.34,0.7906,10,0
IWM191108P153,2019-11-01,2019-11-01 09:32:20,0.35,0.8139,258,0.33,0.7674,566,0.34,0.7906,10,0.34,0.7906,10,0
IWM191108P153,2019-11-01,2019-11-01 09:32:21,0.35,0.8139,694,0.33,0.7674,1081,0.34,0.7906,10,0.34,0.7906,10,0
IWM191108P153,2019-11-01,2019-11-01 09:32:21,0.35,0.8139,365,0.33,0.7674,871,0.34,0.7906,10,0.34,0.7906,10,0
IWM191108P153,2019-11-01,2019-11-01 09:32:22,0.35,0.8139,694,0.33,0.7674,1081,0.34,0.7906,10,0.34,0.7906,10,0
IWM191108P153,2019-11-01,2019-11-01 09:32:23,0.35,0.8139,248,0.33,0.7674,304,0.34,0.7906,10,0.34,0.7906,10,0
IWM191108P153,2019-11-01,2019-11-01 09:32:23,0.35,0.8139,328,0.33,0.7674,631,0.34,0.7906,10,0.34,0.7906,10,0
IWM191108P153,2019-11-01,2019-11-01 09:32:24,0.35,0.8139,702,0.33,0.7674,996,0.34,0.7906,10,0.34,0.7906,10,0
IWM191108P153,2019-11-01,2019-11-01 09:32:24,0.35,0.8139,974,0.33,0.7674,88,0.34,0.7906,10,0.34,0.7906,10,0
IWM191108P153,2019-11-01,2019-11-01 09:32:25,0.35,0.8139,329,0.33,0.7674,264,0.34,0.7906,10,0.34,0.7906,10,0
IWM191108P153,2019-11-01,2019-11-01 09:32:25,0.35,0.8139,946,0.33,0.7674,78,0.34,0.7906,10,0.34,0.7906,10,0
IWM191108P153,2019-11-01,2019-11-01 09:32:26,0.35,0.8139,342,0.33,0.7674,572,0.34,0.7906,10,0.34,0.7906,10,0
IWM191108P153,2019-11-01,2019-11-01 09:32:26,0.35,0.8139,863,0.33,0.7674,112,0.34,0.7906,10,0.34,0.7906,10,0
IWM191108P153,2019-11-01,2019-11-01 09:32:27,0.35,0.8139,544,0.33,0.7674,49,0.34,0.7906,10,0.34,0.7906,10,0
IWM191108P153,2019-11-01,2019-11-01 09:32:27,0.35,0.8139,606,0.33,0.7674,112,0.34,0.7906,10,0.34,0.7906,10,0
IWM191108P153,2019-11-01,2019-11-01 09:32:28,0.35,0.8139,1271,0.33,0.7674,49,0.34,0.7906,10,0.34,0.7906,10,0
IWM191108P153,2019-11-01,2019-11-01 09:32:28,0.35,0.8139,1156,0.33,0.7674,68,0.34,0.7906,10,0.34,0.7906,10,0
IWM191108P153,2019-11-01,2019-11-01 09:32:29,0.35,0.8139,978,0.33,0.7674,125,0.34,0.7906,10,0.34,0.7906,10,0
IWM191108P153,2019-11-01,2019-11-01 09:32:29,0.35,0.8139,978,0.33,0.7674,177,0.34,0.7906,10,0.34,0.7906,10,0
IWM191108P153,2019-11-01,2019-11-01 09:32:30,0.35,0.8139,1226,0.33,0.7674,74,0.34,0.7906,10,0.34,0.7906,10,0
IWM191108P153,2019-11-01,2019-11-01 09:32:30,0.35,0.8139,1073,0.33,0.7674,24,0.34,0.7906,10,0.34,0.7906,10,0
IWM191108P153,2019-11-01,2019-11-01 09:32:31,0.35,0.8139,62,0.33,0.7674,1187,0.34,0.7906,10,0.34,0.7906,10,0
IWM191108P153,2019-11-01,2019-11-01 09:32:31,0.35,0.8139,62,0.33,0.7674,137,0.34,0.7906,10,0.34,0.7906,10,0
IWM191108P153,2019-11-01,2019-11-01 09:32:32,0.35,0.8139,150,0.33,0.7674,1149,0.34,0.7906,10,0.34,0.7906,10,0
IWM191108P153,2019-11-01,2019-11-01 09:32:32,0.35,0.8139,47,0.33,0.7674,1187,0.34,0.7906,10,0.34,0.7906,10,0
IWM191108P153,2019-11-01,2019-11-01 09:32:33,0.35,0.8139,221,0.33,0.7674,130,0.34,0.7906,10,0.34,0.7906,10,0
IWM191108P153,2019-11-01,2019-11-01 09:32:33,0.35,0.8139,217,0.33,0.7674,1118,0.34,0.7906,10,0.34,0.7906,10,0
IWM191108P153,2019-11-01,2019-11-01 09:32:34,0.35,0.8139,150,0.33,0.7674,174,0.34,0.7906,10,0.34,0.7906,10,0
IWM191108P153,2019-11-01,2019-11-01 09:32:34,0.35,0.8139,221,0.33,0.7674,174,0.34,0.7906,10,0.34,0.7906,10,0
IWM191108P153,2019-11-01,2019-11-01 09:32:35,0.35,0.8139,213,0.33,0.7674,439,0.34,0.7906,10,0.34,0.7906,10,0
IWM191108P153,2019-11-01,2019-11-01 09:32:35,0.35,0.8139,150,0.33,0.7674,558,0.34,0.7906,10,0.34,0.7906,10,0
IWM191108P153,2019-11-01,2019-11-01 09:32:36,0.35,0.8139,150,0.33,0.7674,930,0.34,0.7906,10,0.34,0.7906,10,0
IWM191108P153,2019-11-01,2019-11-01 09:32:37,0.35,0.8139,215,0.33,0.7674,499,0.34,0.7906,10,0.34,0.7906,10,0
IWM191108P153,2019-11-01,2019-11-01 09:32:37,0.35,0.8139,215,0.33,0.7674,573,0.34,0.7906,10,0.34,0.7906,10,0
IWM191108P153,2019-11-01,2019-11-01 09:32:38,0.35,0.8139,225,0.33,0.7674,473,0.34,0.7906,10,0.34,0.7906,10,0
IWM191108P153,2019-11-01,2019-11-01 09:32:38,0.35,0.8139,743,0.33,0.7674,299,0.34,0.7906,10,0.34,0.7906,10,0
IWM191108P153,2019-11-01,2019-11-01 09:32:39,0.35,0.8139,37,0.33,0.7674,405,0.34,0.7906,10,0.34,0.7906,10,0
IWM191108P153,2019-11-01,2019-11-01 09:32:39,0.35,0.8139,743,0.33,0.7674,682,0.34,0.7906,10,0.34,0.7906,10,0
IWM191108P153,2019-11-01,2019-11-01 09:32:40,0.35,0.8139,37,0.33,0.7674,960,0.34,0.7906,10,0.34,0.7906,10,0
IWM191108P153,2019-11-01,2019-11-01 09:32:40,0.35,0.8139,37,0.33,0.7674,737,0.34,0.7906,10,0.34,0.7906,10,0
IWM191108P153,2019-11-01,2019-11-01 09:32:41,0.35,0.8139,11,0.33,0.7674,737,0.34,0.7906,10,0.34,0.7906,10,0
IWM191108P153,2019-11-01,2019-11-01 09:32:41,0.36,0.8372,225,0.34,0.7906,10,0.34,0.7906,10,0.35,0.8139,10,0
IWM191108P153,2019-11-01,2019-11-01 09:32:42,0.35,0.8139,88,0.34,0.7906,34,0.34,0.7906,10,0.345,0.8023,10,0
IWM191108P153,2019-11-01,2019-11-01 09:32:42,0.36,0.8372,615,0.34,0.7906,46,0.34,0.7906,10,0.35,0.8139,10,0
IWM191108P153,2019-11-01,2019-11-01 09:32:43,0.36,0.8372,393,0.34,0.7906,356,0.34,0.7906,10,0.35,0.8139,10,0
IWM191108P153,2019-11-01,2019-11-01 09:32:43,0.36,0.8372,909,0.34,0.7906,426,0.34,0.7906,10,0.35,0.8139,10,0
IWM191108P153,2019-11-01,2019-11-01 09:32:44,0.36,0.8372,215,0.34,0.7906,971,0.34,0.7906,10,0.35,0.8139,10,0
IWM191108P153,2019-11-01,2019-11-01 09:32:44,0.36,0.8372,861,0.34,0.7906,426,0.34,0.7906,10,0.35,0.8139,10,0
IWM191108P153,2019-11-01,2019-11-01 09:32:45,0.36,0.8372,316,0.34,0.7906,1122,0.34,0.7906,10,0.35,0.8139,10,0
IWM191108P153,2019-11-01,2019-11-01 09:32:45,0.36,0.8372,436,0.34,0.7906,747,0.34,0.7906,10,0.35,0.8139,10,0
IWM191108P153,2019-11-01,2019-11-01 09:32:46,0.36,0.8372,621,0.34,0.7906,518,0.34,0.7906,10,0.35,0.8139,10,0
IWM191108P153,2019-11-01,2019-11-01 09:32:46,0.36,0.8372,621,0.34,0.7906,606,0.34,0.7906,10,0.35,0.8139,10,0
IWM191108P153,2019-11-01,2019-11-01 09:32:47,0.36,0.8372,671,0.34,0.7906,572,0.34,0.7906,10,0.35,0.8139,10,0
IWM191108P153,2019-11-01,2019-11-01 09:32:47,0.36,0.8372,778,0.34,0.7906,718,0.34,0.7906,10,0.35,0.8139,10,0
IWM191108P153,2019-11-01,2019-11-01 09:32:48,0.36,0.8372,626,0.34,0.7906,764,0.34,0.7906,10,0.35,0.8139,10,0
IWM191108P153,2019-11-01,2019-11-01 09:32:48,0.36,0.8372,891,0.34,0.7906,764,0.34,0.7906,10,0.35,0.8139,10,0
IWM191108P153,2019-11-01,2019-11-01 09:32:49,0.36,0.8372,891,0.34,0.7906,804,0.34,0.7906,10,0.35,0.8139,10,0
IWM191108P153,2019-11-01,2019-11-01 09:32:49,0.36,0.8372,1243,0.34,0.7906,770,0.34,0.7906,10,0.35,0.8139,10,0
IWM191108P153,2019-11-01,2019-11-01 09:32:50,0.36,0.8372,225,0.34,0.7906,506,0.34,0.7906,10,0.35,0.8139,10,0
IWM191108P153,2019-11-01,2019-11-01 09:32:50,0.36,0.8372,442,0.34,0.7906,749,0.34,0.7906,10,0.35,0.8139,10,0
IWM191108P153,2019-11-01,2019-11-01 09:32:51,0.36,0.8372,173,0.34,0.7906,672,0.34,0.7906,10,0.35,0.8139,10,0
IWM191108P153,2019-11-01,2019-11-01 09:32:51,0.36,0.8372,173,0.34,0.7906,830,0.34,0.7906,10,0.35,0.8139,10,0
IWM191108P153,2019-11-01,2019-11-01 09:32:52,0.36,0.8372,173,0.34,0.7906,1097,0.34,0.7906,10,0.35,0.8139,10,0
IWM191108P153,2019-11-01,2019-11-01 09:32:52,0.36,0.8372,173,0.34,0.7906,995,0.34,0.7906,10,0.35,0.8139,10,0
IWM191108P153,2019-11-01,2019-11-01 09:32:53,0.36,0.8372,150,0.34,0.7906,995,0.34,0.7906,10,0.35,0.8139,10,0
IWM191108P153,2019-11-01,2019-11-01 09:32:53,0.36,0.8372,173,0.34,0.7906,1045,0.34,0.7906,10,0.35,0.8139,10,0
IWM191108P153,2019-11-01,2019-11-01 09:32:54,0.36,0.8372,150,0.34,0.7906,931,0.34,0.7906,10,0.35,0.8139,10,0
IWM191108P153,2019-11-01,2019-11-01 09:32:54,0.36,0.8372,239,0.34,0.7906,782,0.34,0.7906,10,0.35,0.8139,10,0
IWM191108P153,2019-11-01,2019-11-01 09:32:55,0.36,0.8372,239,0.34,0.7906,782,0.34,0.7906,10,0.35,0.8139,10,0
IWM191108P153,2019-11-01,2019-11-01 09:32:56,0.36,0.8372,239,0.34,0.7906,1069,0.34,0.7906,10,0.35,0.8139,10,0
IWM191108P153,2019-11-01,2019-11-01 09:32:56,0.36,0.8372,239,0.34,0.7906,782,0.34,0.7906,10,0.35,0.8139,10,0
IWM191108P153,2019-11-01,2019-11-01 09:32:57,0.36,0.8372,239,0.34,0.7906,819,0.34,0.7906,10,0.35,0.8139,10,0
IWM191108P153,2019-11-01,2019-11-01 09:32:58,0.36,0.8372,239,0.34,0.7906,771,0.34,0.7906,10,0.35,0.8139,10,0
IWM191108P153,2019-11-01,2019-11-01 09:32:59,0.36,0.8372,652,0.34,0.7906,753,0.34,0.7906,10,0.35,0.8139,10,0
IWM191108P153,2019-11-01,2019-11-01 09:32:59,0.36,0.8372,652,0.34,0.7906,649,0.34,0.7906,10,0.35,0.8139,10,0
IWM191108P153,2019-11-01,2019-11-01 09:33:00,0.36,0.8372,560,0.34,0.7906,1263,0.34,0.7906,10,0.35,0.8139,10,0
IWM191108P153,2019-11-01,2019-11-01 09:33:00,0.36,0.8372,381,0.35,0.8139,30,0.34,0.7906,10,0.355,0.8255,10,0
IWM191108P153,2019-11-01,2019-11-01 09:33:01,0.36,0.8372,106,0.35,0.8139,30,0.34,0.7906,10,0.355,0.8255,10,0
IWM191108P153,2019-11-01,2019-11-01 09:33:01,0.36,0.8372,151,0.35,0.8139,30,0.34,0.7906,10,0.355,0.8255,10,0
IWM191108P153,2019-11-01,2019-11-01 09:33:02,0.36,0.8372,50,0.35,0.8139,81,0.34,0.7906,10,0.355,0.8255,10,0
IWM191108P153,2019-11-01,2019-11-01 09:33:03,0.36,0.8372,31,0.35,0.8139,180,0.34,0.7906,10,0.355,0.8255,10,0
IWM191108P153,2019-11-01,2019-11-01 09:33:03,0.37,0.8604,865,0.35,0.8139,300,0.34,0.7906,10,0.36,0.8372,10,0
IWM191108P153,2019-11-01,2019-11-01 09:33:04,0.37,0.8604,865,0.35,0.8139,300,0.34,0.7906,10,0.36,0.8372,10,0
IWM191108P153,2019-11-01,2019-11-01 09:33:05,0.37,0.8604,126,0.35,0.8139,160,0.34,0.7906,10,0.36,0.8372,10,0
IWM191108P153,2019-11-01,2019-11-01 09:33:06,0.37,0.8604,99,0.35,0.8139,861,0.34,0.7906,10,0.36,0.8372,10,0
IWM191108P153,2019-11-01,2019-11-01 09:33:06,0.37,0.8604,99,0.35,0.8139,341,0.34,0.7906,10,0.36,0.8372,10,0
IWM191108P153,2019-11-01,2019-11-01 09:33:07,0.37,0.8604,99,0.35,0.8139,861,0.34,0.7906,10,0.36,0.8372,10,0
IWM191108P153,2019-11-01,2019-11-01 09:33:07,0.37,0.8604,99,0.35,0.8139,280,0.34,0.7906,10,0.36,0.8372,10,0
IWM191108P153,2019-11-01,2019-11-01 09:33:08,0.37,0.8604,337,0.35,0.8139,317,0.34,0.7906,10,0.36,0.8372,10,0
IWM191108P153,2019-11-01,2019-11-01 09:33:08,0.37,0.8604,238,0.35,0.8139,276,0.34,0.7906,10,0.36,0.8372,10,0
IWM191108P153,2019-11-01,2019-11-01 09:33:09,0.37,0.8604,604,0.35,0.8139,162,0.34,0.7906,10,0.36,0.8372,10,0
IWM191108P153,2019-11-01,2019-11-01 09:33:09,0.37,0.8604,337,0.35,0.8139,351,0.34,0.7906,10,0.36,0.8372,10,0
IWM191108P153,2019-11-01,2019-11-01 09:33:10,0.37,0.8604,425,0.35,0.8139,227,0.34,0.7906,10,0.36,0.8372,10,0
IWM191108P153,2019-11-01,2019-11-01 09:33:10,0.37,0.8604,453,0.35,0.8139,299,0.34,0.7906,10,0.36,0.8372,10,0
IWM191108P153,2019-11-01,2019-11-01 09:33:11,0.37,0.8604,226,0.35,0.8139,404,0.34,0.7906,10,0.36,0.8372,10,0
IWM191108P153,2019-11-01,2019-11-01 09:33:11,0.37,0.8604,285,0.35,0.8139,404,0.34,0.7906,10,0.36,0.8372,10,0
IWM191108P153,2019-11-01,2019-11-01 09:33:12,0.37,0.8604,825,0.35,0.8139,299,0.34,0.7906,10,0.36,0.8372,10,0
IWM191108P153,2019-11-01,2019-11-01 09:33:12,0.37,0.8604,671,0.35,0.8139,444,0.34,0.7906,10,0.36,0.8372,10,0
IWM191108P153,2019-11-01,2019-11-01 09:33:13,0.37,0.8604,734,0.35,0.8139,296,0.34,0.7906,10,0.36,0.8372,10,0
IWM191108P153,2019-11-01,2019-11-01 09:33:14,0.37,0.8604,932,0.35,0.8139,76,0.34,0.7906,10,0.36,0.8372,10,0
IWM191108P153,2019-11-01,2019-11-01 09:33:14,0.37,0.8604,734,0.35,0.8139,258,0.34,0.7906,10,0.36,0.8372,10,0
IWM191108P153,2019-11-01,2019-11-01 09:33:15,0.36,0.8372,72,0.34,0.7906,1159,0.34,0.7906,10,0.35,0.8139,10,0
IWM191108P153,2019-11-01,2019-11-01 09:33:15,0.36,0.8372,69,0.35,0.8139,76,0.34,0.7906,10,0.355,0.8255,10,0
IWM191108P153,2019-11-01,2019-11-01 09:33:16,0.36,0.8372,286,0.34,0.7906,814,0.34,0.7906,10,0.35,0.8139,10,0
IWM191108P153,2019-11-01,2019-11-01 09:33:17,0.36,0.8372,338,0.34,0.7906,1097,0.34,0.7906,10,0.35,0.8139,10,0
IWM191108P153,2019-11-01,2019-11-01 09:33:17,0.36,0.8372,338,0.34,0.7906,814,0.34,0.7906,10,0.35,0.8139,10,0
IWM191108P153,2019-11-01,2019-11-01 09:33:18,0.36,0.8372,412,0.34,0.7906,373,0.34,0.7906,10,0.35,0.8139,10,0
IWM191108P153,2019-11-01,2019-11-01 09:33:19,0.36,0.8372,430,0.34,0.7906,378,0.34,0.7906,10,0.35,0.8139,10,0
IWM191108P153,2019-11-01,2019-11-01 09:33:19,0.36,0.8372,294,0.34,0.7906,373,0.34,0.7906,10,0.35,0.8139,10,0
IWM191108P153,2019-11-01,2019-11-01 09:33:20,0.36,0.8372,430,0.34,0.7906,421,0.34,0.7906,10,0.35,0.8139,10,0
IWM191108P153,2019-11-01,2019-11-01 09:33:21,0.36,0.8372,146,0.34,0.7906,514,0.34,0.7906,10,0.35,0.8139,10,0
IWM191108P153,2019-11-01,2019-11-01 09:33:21,0.36,0.8372,430,0.34,0.7906,421,0.34,0.7906,10,0.35,0.8139,10,0
IWM191108P153,2019-11-01,2019-11-01 09:33:22,0.36,0.8372,197,0.34,0.7906,209,0.34,0.7906,10,0.35,0.8139,10,0
IWM191108P153,2019-11-01,2019-11-01 09:33:22,0.36,0.8372,197,0.34,0.7906,900,0.34,0.7906,10,0.35,0.8139,10,0
IWM191108P153,2019-11-01,2019-11-01 09:33:23,0.36,0.8372,197,0.34,0.7906,586,0.34,0.7906,10,0.35,0.8139,10,0
IWM191108P153,2019-11-01,2019-11-01 09:33:23,0.36,0.8372,197,0.34,0.7906,647,0.34,0.7906,10,0.35,0.8139,10,0
IWM191108P153,2019-11-01,2019-11-01 09:33:24,0.36,0.8372,197,0.34,0.7906,880,0.34,0.7906,10,0.35,0.8139,10,0
IWM191108P153,2019-11-01,2019-11-01 09:33:25,0.36,0.8372,197,0.34,0.7906,683,0.34,0.7906,10,0.35,0.8139,10,0
IWM191108P153,2019-11-01,2019-11-01 09:33:25,0.36,0.8372,212,0.34,0.7906,937,0.34,0.7906,10,0.35,0.8139,10,0
IWM191108P153,2019-11-01,2019-11-01 09:33:26,0.36,0.8372,212,0.34,0.7906,937,0.34,0.7906,10,0.35,0.8139,10,0
IWM191108P153,2019-11-01,2019-11-01 09:33:27,0.36,0.8372,212,0.34,0.7906,752,0.34,0.7906,10,0.35,0.8139,10,0
IWM191108P153,2019-11-01,2019-11-01 09:33:27,0.36,0.8372,212,0.34,0.7906,536,0.34,0.7906,10,0.35,0.8139,10,0
IWM191108P153,2019-11-01,2019-11-01 09:33:28,0.36,0.8372,42,0.34,0.7906,830,0.34,0.7906,10,0.35,0.8139,10,0
IWM191108P153,2019-11-01,2019-11-01 09:33:28,0.36,0.8372,187,0.34,0.7906,536,0.34,0.7906,10,0.35,0.8139,10,0
IWM191108P153,2019-11-01,2019-11-01 09:33:29,0.36,0.8372,121,0.34,0.7906,970,0.34,0.7906,10,0.35,0.8139,10,0
IWM191108P153,2019-11-01,2019-11-01 09:33:29,0.36,0.8372,121,0.34,0.7906,802,0.34,0.7906,10,0.35,0.8139,10,0
IWM191108P153,2019-11-01,2019-11-01 09:33:30,0.36,0.8372,107,0.34,0.7906,1032,0.34,0.7906,10,0.35,0.8139,10,0
IWM191108P153,2019-11-01,2019-11-01 09:33:30,0.36,0.8372,178,0.34,0.7906,802,0.34,0.7906,10,0.35,0.8139,10,0
IWM191108P153,2019-11-01,2019-11-01 09:33:31,0.37,0.8604,786,0.34,0.7906,865,0.34,0.7906,10,0.355,0.8255,10,0
IWM191108P153,2019-11-01,2019-11-01 09:33:31,0.36,0.8372,63,0.34,0.7906,903,0.34,0.7906,10,0.35,0.8139,10,0
IWM191108P153,2019-11-01,2019-11-01 09:33:32,0.36,0.8372,30,0.35,0.8139,11,0.34,0.7906,10,0.355,0.8255,10,0
IWM191108P153,2019-11-01,2019-11-01 09:33:33,0.37,0.8604,716,0.34,0.7906,865,0.34,0.7906,10,0.355,0.8255,10,0
IWM191108P153,2019-11-01,2019-11-01 09:33:33,0.37,0.8604,716,0.35,0.8139,1,0.34,0.7906,10,0.36,0.8372,10,0
IWM191108P153,2019-11-01,2019-11-01 09:33:34,0.37,0.8604,530,0.34,0.7906,900,0.34,0.7906,10,0.355,0.8255,10,0
IWM191108P153,2019-11-01,2019-11-01 09:33:34,0.37,0.8604,530,0.34,0.7906,754,0.34,0.7906,10,0.355,0.8255,10,0
IWM191108P153,2019-11-01,2019-11-01 09:33:35,0.36,0.8372,170,0.34,0.7906,374,0.34,0.7906,10,0.35,0.8139,10,0
IWM191108P153,2019-11-01,2019-11-01 09:33:35,0.36,0.8372,156,0.34,0.7906,257,0.34,0.7906,10,0.35,0.8139,10,0
IWM191108P153,2019-11-01,2019-11-01 09:33:36,0.36,0.8372,257,0.34,0.7906,474,0.34,0.7906,10,0.35,0.8139,10,0
IWM191108P153,2019-11-01,2019-11-01 09:33:37,0.36,0.8372,173,0.34,0.7906,287,0.34,0.7906,10,0.35,0.8139,10,0
IWM191108P153,2019-11-01,2019-11-01 09:33:37,0.36,0.8372,1084,0.34,0.7906,177,0.34,0.7906,10,0.35,0.8139,10,0
IWM191108P153,2019-11-01,2019-11-01 09:33:38,0.36,0.8372,1032,0.34,0.7906,241,0.34,0.7906,10,0.35,0.8139,10,0
IWM191108P153,2019-11-01,2019-11-01 09:33:38,0.36,0.8372,1167,0.34,0.7906,78,0.34,0.7906,10,0.35,0.8139,10,0
IWM191108P153,2019-11-01,2019-11-01 09:33:39,0.36,0.8372,1082,0.34,0.7906,323,0.34,0.7906,10,0.35,0.8139,10,0
IWM191108P153,2019-11-01,2019-11-01 09:33:39,0.36,0.8372,1082,0.34,0.7906,359,0.34,0.7906,10,0.35,0.8139,10,0
IWM191108P153,2019-11-01,2019-11-01 09:33:40,0.36,0.8372,1082,0.34,0.7906,369,0.34,0.7906,10,0.35,0.8139,10,0
IWM191108P153,2019-11-01,2019-11-01 09:33:40,0.36,0.8372,1082,0.34,0.7906,335,0.34,0.7906,10,0.35,0.8139,10,0
IWM191108P153,2019-11-01,2019-11-01 09:33:41,0.36,0.8372,827,0.34,0.7906,325,0.34,0.7906,10,0.35,0.8139,10,0
IWM191108P153,2019-11-01,2019-11-01 09:33:41,0.36,0.8372,527,0.34,0.7906,404,0.34,0.7906,10,0.35,0.8139,10,0
IWM191108P153,2019-11-01,2019-11-01 09:33:42,0.36,0.8372,683,0.34,0.7906,491,0.34,0.7906,10,0.35,0.8139,10,0
IWM191108P153,2019-11-01,2019-11-01 09:33:42,0.36,0.8372,593,0.34,0.7906,812,0.34,0.7906,10,0.35,0.8139,10,0
IWM191108P153,2019-11-01,2019-11-01 09:33:43,0.36,0.8372,411,0.34,0.7906,1107,0.34,0.7906,10,0.35,0.8139,10,0
IWM191108P153,2019-11-01,2019-11-01 09:33:43,0.36,0.8372,411,0.34,0.7906,1157,0.34,0.7906,10,0.35,0.8139,10,0
IWM191108P153,2019-11-01,2019-11-01 09:33:44,0.36,0.8372,411,0.34,0.7906,1027,0.34,0.7906,10,0.35,0.8139,10,0
IWM191108P153,2019-11-01,2019-11-01 09:33:44,0.36,0.8372,873,0.34,0.7906,751,0.34,0.7906,10,0.35,0.8139,10,0
IWM191108P153,2019-11-01,2019-11-01 09:33:45,0.36,0.8372,900,0.34,0.7906,578,0.34,0.7906,10,0.35,0.8139,10,0
IWM191108P153,2019-11-01,2019-11-01 09:33:45,0.36,0.8372,1362,0.34,0.7906,699,0.34,0.7906,10,0.35,0.8139,10,0
IWM191108P153,2019-11-01,2019-11-01 09:33:46,0.36,0.8372,148,0.34,0.7906,451,0.34,0.7906,10,0.35,0.8139,10,0
IWM191108P153,2019-11-01,2019-11-01 09:33:46,0.36,0.8372,576,0.34,0.7906,52,0.34,0.7906,10,0.35,0.8139,10,0
IWM191108P153,2019-11-01,2019-11-01 09:33:47,0.36,0.8372,640,0.33,0.7674,476,0.34,0.7906,10,0.345,0.8023,10,0
IWM191108P153,2019-11-01,2019-11-01 09:33:47,0.36,0.8372,640,0.33,0.7674,639,0.34,0.7906,10,0.345,0.8023,10,0
IWM191108P153,2019-11-01,2019-11-01 09:33:48,0.36,0.8372,640,0.33,0.7674,639,0.34,0.7906,10,0.345,0.8023,10,0
IWM191108P153,2019-11-01,2019-11-01 09:33:48,0.35,0.8139,22,0.34,0.7906,106,0.34,0.7906,10,0.345,0.8023,10,0
IWM191108P153,2019-11-01,2019-11-01 09:33:49,0.35,0.8139,22,0.34,0.7906,106,0.34,0.7906,10,0.345,0.8023,10,0
IWM191108P153,2019-11-01,2019-11-01 09:33:49,0.35,0.8139,39,0.34,0.7906,106,0.34,0.7906,10,0.345,0.8023,10,0
IWM191108P153,2019-11-01,2019-11-01 09:33:50,0.35,0.8139,59,0.33,0.7674,354,0.34,0.7906,10,0.34,0.7906,10,0
IWM191108P153,2019-11-01,2019-11-01 09:33:50,0.35,0.8139,30,0.34,0.7906,38,0.34,0.7906,10,0.345,0.8023,10,0
IWM191108P153,2019-11-01,2019-11-01 09:33:51,0.35,0.8139,69,0.33,0.7674,738,0.34,0.7906,10,0.34,0.7906,10,0
IWM191108P153,2019-11-01,2019-11-01 09:33:51,0.35,0.8139,143,0.33,0.7674,738,0.34,0.7906,10,0.34,0.7906,10,0
IWM191108P153,2019-11-01,2019-11-01 09:33:52,0.35,0.8139,393,0.34,0.7906,110,0.34,0.7906,10,0.345,0.8023,10,0
IWM191108P153,2019-11-01,2019-11-01 09:33:53,0.36,0.8372,546,0.34,0.7906,120,0.34,0.7906,10,0.35,0.8139,10,0
IWM191108P153,2019-11-01,2019-11-01 09:33:53,0.36,0.8372,105,0.34,0.7906,162,0.34,0.7906,10,0.35,0.8139,10,0
IWM191108P153,2019-11-01,2019-11-01 09:33:54,0.36,0.8372,612,0.33,0.7674,436,0.34,0.7906,10,0.345,0.8023,10,0
IWM191108P153,2019-11-01,2019-11-01 09:33:54,0.36,0.8372,825,0.33,0.7674,503,0.34,0.7906,10,0.345,0.8023,10,0
IWM191108P153,2019-11-01,2019-11-01 09:33:55,0.36,0.8372,825,0.34,0.7906,11,0.34,0.7906,10,0.35,0.8139,10,0
IWM191108P153,2019-11-01,2019-11-01 09:33:55,0.36,0.8372,835,0.33,0.7674,668,0.34,0.7906,10,0.345,0.8023,10,0
IWM191108P153,2019-11-01,2019-11-01 09:33:56,0.36,0.8372,714,0.34,0.7906,116,0.34,0.7906,10,0.35,0.8139,10,0
IWM191108P153,2019-11-01,2019-11-01 09:33:56,0.36,0.8372,714,0.34,0.7906,83,0.34,0.7906,10,0.35,0.8139,10,0
IWM191108P153,2019-11-01,2019-11-01 09:33:57,0.36,0.8372,714,0.34,0.7906,116,0.34,0.7906,10,0.35,0.8139,10,0
IWM191108P153,2019-11-01,2019-11-01 09:33:57,0.36,0.8372,714,0.34,0.7906,124,0.34,0.7906,10,0.35,0.8139,10,0
IWM191108P153,2019-11-01,2019-11-01 09:33:58,0.36,0.8372,764,0.34,0.7906,11,0.34,0.7906,10,0.35,0.8139,10,0
IWM191108P153,2019-11-01,2019-11-01 09:33:58,0.36,0.8372,764,0.34,0.7906,108,0.34,0.7906,10,0.35,0.8139,10,0
IWM191108P153,2019-11-01,2019-11-01 09:33:59,0.36,0.8372,600,0.34,0.7906,10,0.34,0.7906,10,0.35,0.8139,10,0
IWM191108P153,2019-11-01,2019-11-01 09:33:59,0.35,0.8139,1,0.34,0.7906,10,0.34,0.7906,10,0.345,0.8023,10,0
IWM191108P153,2019-11-01,2019-11-01 09:34:00,0.36,0.8372,678,0.33,0.7674,495,0.34,0.7906,10,0.345,0.8023,10,0
IWM191108P153,2019-11-01,2019-11-01 09:34:00,0.35,0.8139,75,0.33,0.7674,431,0.34,0.7906,10,0.34,0.7906,10,0
IWM191108P153,2019-11-01,2019-11-01 09:34:01,0.35,0.8139,249,0.33,0.7674,1220,0.34,0.7906,10,0.34,0.7906,10,0
IWM191108P153,2019-11-01,2019-11-01 09:34:01,0.35,0.8139,265,0.33,0.7674,814,0.34,0.7906,10,0.34,0.7906,10,0
IWM191108P153,2019-11-01,2019-11-01 09:34:02,0.35,0.8139,249,0.33,0.7674,973,0.34,0.7906,10,0.34,0.7906,10,0
IWM191108P153,2019-11-01,2019-11-01 09:34:02,0.35,0.8139,709,0.33,0.7674,764,0.34,0.7906,10,0.34,0.7906,10,0
IWM191108P153,2019-11-01,2019-11-01 09:34:03,0.35,0.8139,1039,0.33,0.7674,467,0.34,0.7906,10,0.34,0.7906,10,0
IWM191108P153,2019-11-01,2019-11-01 09:34:03,0.35,0.8139,1039,0.33,0.7674,501,0.34,0.7906,10,0.34,0.7906,10,0
IWM191108P153,2019-11-01,2019-11-01 09:34:04,0.35,0.8139,613,0.33,0.7674,974,0.34,0.7906,10,0.34,0.7906,10,0
IWM191108P153,2019-11-01,2019-11-01 09:34:04,0.35,0.8139,916,0.33,0.7674,918,0.34,0.7906,10,0.34,0.7906,10,0
IWM191108P153,2019-11-01,2019-11-01 09:34:05,0.35,0.8139,916,0.33,0.7674,313,0.34,0.7906,10,0.34,0.7906,10,0
IWM191108P153,2019-11-01,2019-11-01 09:34:05,0.35,0.8139,1114,0.33,0.7674,431,0.34,0.7906,10,0.34,0.7906,10,0
IWM191108P153,2019-11-01,2019-11-01 09:34:06,0.35,0.8139,632,0.33,0.7674,38,0.34,0.7906,10,0.34,0.7906,10,0
IWM191108P153,2019-11-01,2019-11-01 09:34:06,0.35,0.8139,851,0.33,0.7674,38,0.34,0.7906,10,0.34,0.7906,10,0
IWM191108P153,2019-11-01,2019-11-01 09:34:07,0.35,0.8139,964,0.33,0.7674,38,0.34,0.7906,10,0.34,0.7906,10,0
IWM191108P153,2019-11-01,2019-11-01 09:34:07,0.35,0.8139,1264,0.33,0.7674,38,0.34,0.7906,10,0.34,0.7906,10,0
IWM191108P153,2019-11-01,2019-11-01 09:34:08,0.35,0.8139,954,0.33,0.7674,38,0.34,0.7906,10,0.34,0.7906,10,0
IWM191108P153,2019-11-01,2019-11-01 09:34:08,0.35,0.8139,1097,0.33,0.7674,38,0.34,0.7906,10,0.34,0.7906,10,0
IWM191108P153,2019-11-01,2019-11-01 09:34:09,0.35,0.8139,842,0.33,0.7674,38,0.34,0.7906,10,0.34,0.7906,10,0
IWM191108P153,2019-11-01,2019-11-01 09:34:09,0.35,0.8139,832,0.33,0.7674,38,0.34,0.7906,10,0.34,0.7906,10,0
IWM191108P153,2019-11-01,2019-11-01 09:34:10,0.35,0.8139,832,0.33,0.7674,38,0.34,0.7906,10,0.34,0.7906,10,0
IWM191108P153,2019-11-01,2019-11-01 09:34:10,0.35,0.8139,832,0.33,0.7674,20,0.34,0.7906,10,0.34,0.7906,10,0
IWM191108P153,2019-11-01,2019-11-01 09:34:11,0.35,0.8139,823,0.33,0.7674,107,0.34,0.7906,10,0.34,0.7906,10,0
IWM191108P153,2019-11-01,2019-11-01 09:34:12,0.35,0.8139,126,0.33,0.7674,474,0.34,0.7906,10,0.34,0.7906,10,0
IWM191108P153,2019-11-01,2019-11-01 09:34:12,0.35,0.8139,300,0.33,0.7674,713,0.34,0.7906,10,0.34,0.7906,10,0
IWM191108P153,2019-11-01,2019-11-01 09:34:13,0.35,0.8139,57,0.33,0.7674,584,0.34,0.7906,10,0.34,0.7906,10,0
IWM191108P153,2019-11-01,2019-11-01 09:34:13,0.35,0.8139,126,0.33,0.7674,391,0.34,0.7906,10,0.34,0.7906,10,0
IWM191108P153,2019-11-01,2019-11-01 09:34:14,0.35,0.8139,710,0.33,0.7674,521,0.34,0.7906,10,0.34,0.7906,10,0
IWM191108P153,2019-11-01,2019-11-01 09:34:14,0.35,0.8139,57,0.33,0.7674,760,0.34,0.7906,10,0.34,0.7906,10,0
IWM191108P153,2019-11-01,2019-11-01 09:34:15,0.35,0.8139,760,0.33,0.7674,751,0.34,0.7906,10,0.34,0.7906,10,0
IWM191108P153,2019-11-01,2019-11-01 09:34:15,0.35,0.8139,916,0.33,0.7674,501,0.34,0.7906,10,0.34,0.7906,10,0
IWM191108P153,2019-11-01,2019-11-01 09:34:16,0.35,0.8139,425,0.33,0.7674,72,0.34,0.7906,10,0.34,0.7906,10,0
IWM191108P153,2019-11-01,2019-11-01 09:34:16,0.34,0.7906,48,0.33,0.7674,22,0.34,0.7906,10,0.335,0.779,10,0
IWM191108P153,2019-11-01,2019-11-01 09:34:17,0.35,0.8139,714,0.33,0.7674,22,0.34,0.7906,10,0.34,0.7906,10,0
IWM191108P153,2019-11-01,2019-11-01 09:34:17,0.35,0.8139,1014,0.33,0.7674,22,0.34,0.7906,10,0.34,0.7906,10,0
IWM191108P153,2019-11-01,2019-11-01 09:34:18,0.35,0.8139,493,0.33,0.7674,253,0.34,0.7906,10,0.34,0.7906,10,0
IWM191108P153,2019-11-01,2019-11-01 09:34:18,0.35,0.8139,714,0.33,0.7674,22,0.34,0.7906,10,0.34,0.7906,10,0
IWM191108P153,2019-11-01,2019-11-01 09:34:19,0.35,0.8139,821,0.33,0.7674,432,0.34,0.7906,10,0.34,0.7906,10,0
IWM191108P153,2019-11-01,2019-11-01 09:34:19,0.35,0.8139,821,0.33,0.7674,470,0.34,0.7906,10,0.34,0.7906,10,0
IWM191108P153,2019-11-01,2019-11-01 09:34:20,0.35,0.8139,842,0.33,0.7674,375,0.34,0.7906,10,0.34,0.7906,10,0
IWM191108P153,2019-11-01,2019-11-01 09:34:21,0.35,0.8139,842,0.33,0.7674,62,0.34,0.7906,10,0.34,0.7906,10,0
IWM191108P153,2019-11-01,2019-11-01 09:34:21,0.34,0.7906,47,0.32,0.7441,1020,0.34,0.7906,10,0.33,0.7674,10,0
IWM191108P153,2019-11-01,2019-11-01 09:34:22,0.34,0.7906,47,0.32,0.7441,772,0.34,0.7906,10,0.33,0.7674,10,0
IWM191108P153,2019-11-01,2019-11-01 09:34:22,0.34,0.7906,171,0.32,0.7441,772,0.34,0.7906,10,0.33,0.7674,10,0
IWM191108P153,2019-11-01,2019-11-01 09:34:23,0.34,0.7906,460,0.32,0.7441,126,0.34,0.7906,10,0.33,0.7674,10,0
IWM191108P153,2019-11-01,2019-11-01 09:34:23,0.34,0.7906,515,0.32,0.7441,126,0.34,0.7906,10,0.33,0.7674,10,0
IWM191108P153,2019-11-01,2019-11-01 09:34:24,0.34,0.7906,126,0.32,0.7441,367,0.34,0.7906,10,0.33,0.7674,10,0
IWM191108P153,2019-11-01,2019-11-01 09:34:24,0.34,0.7906,725,0.32,0.7441,138,0.34,0.7906,10,0.33,0.7674,10,0
IWM191108P153,2019-11-01,2019-11-01 09:34:25,0.34,0.7906,442,0.32,0.7441,509,0.34,0.7906,10,0.33,0.7674,10,0
IWM191108P153,2019-11-01,2019-11-01 09:34:25,0.34,0.7906,747,0.32,0.7441,310,0.34,0.7906,10,0.33,0.7674,10,0
IWM191108P153,2019-11-01,2019-11-01 09:34:26,0.34,0.7906,513,0.32,0.7441,560,0.34,0.7906,10,0.33,0.7674,10,0
IWM191108P153,2019-11-01,2019-11-01 09:34:26,0.34,0.7906,733,0.32,0.7441,560,0.34,0.7906,10,0.33,0.7674,10,0
IWM191108P153,2019-11-01,2019-11-01 09:34:27,0.34,0.7906,655,0.32,0.7441,893,0.34,0.7906,10,0.33,0.7674,10,0
IWM191108P153,2019-11-01,2019-11-01 09:34:27,0.34,0.7906,835,0.32,0.7441,977,0.34,0.7906,10,0.33,0.7674,10,0
IWM191108P153,2019-11-01,2019-11-01 09:34:28,0.34,0.7906,637,0.32,0.7441,531,0.34,0.7906,10,0.33,0.7674,10,0
IWM191108P153,2019-11-01,2019-11-01 09:34:28,0.34,0.7906,1021,0.32,0.7441,225,0.34,0.7906,10,0.33,0.7674,10,0
IWM191108P153,2019-11-01,2019-11-01 09:34:29,0.34,0.7906,772,0.32,0.7441,138,0.34,0.7906,10,0.33,0.7674,10,0
IWM191108P153,2019-11-01,2019-11-01 09:34:29,0.34,0.7906,833,0.32,0.7441,124,0.34,0.7906,10,0.33,0.7674,10,0
IWM191108P153,2019-11-01,2019-11-01 09:34:30,0.34,0.7906,833,0.31,0.7209,601,0.34,0.7906,10,0.325,0.7558,10,0
IWM191108P153,2019-11-01,2019-11-01 09:34:30,0.34,0.7906,833,0.32,0.7441,124,0.34,0.7906,10,0.33,0.7674,10,0
IWM191108P153,2019-11-01,2019-11-01 09:34:31,0.34,0.7906,833,0.31,0.7209,1201,0.34,0.7906,10,0.325,0.7558,10,0
IWM191108P153,2019-11-01,2019-11-01 09:34:31,0.34,0.7906,833,0.32,0.7441,3,0.34,0.7906,10,0.33,0.7674,10,0
IWM191108P153,2019-11-01,2019-11-01 09:34:32,0.34,0.7906,845,0.31,0.7209,1074,0.34,0.7906,10,0.325,0.7558,10,0
IWM191108P153,2019-11-01,2019-11-01 09:34:33,0.33,0.7674,328,0.31,0.7209,786,0.34,0.7906,10,0.32,0.7441,10,0
IWM191108P153,2019-11-01,2019-11-01 09:34:33,0.33,0.7674,865,0.31,0.7209,802,0.34,0.7906,10,0.32,0.7441,10,0
IWM191108P153,2019-11-01,2019-11-01 09:34:34,0.33,0.7674,826,0.31,0.7209,537,0.34,0.7906,10,0.32,0.7441,10,0
IWM191108P153,2019-11-01,2019-11-01 09:34:34,0.33,0.7674,753,0.31,0.7209,537,0.34,0.7906,10,0.32,0.7441,10,0
IWM191108P153,2019-11-01,2019-11-01 09:34:35,0.33,0.7674,753,0.31,0.7209,537,0.34,0.7906,10,0.32,0.7441,10,0
IWM191108P153,2019-11-01,2019-11-01 09:34:35,0.33,0.7674,794,0.31,0.7209,537,0.34,0.7906,10,0.32,0.7441,10,0
IWM191108P153,2019-11-01,2019-11-01 09:34:36,0.33,0.7674,606,0.31,0.7209,54,0.34,0.7906,10,0.32,0.7441,10,0
IWM191108P153,2019-11-01,2019-11-01 09:34:36,0.33,0.7674,723,0.31,0.7209,345,0.34,0.7906,10,0.32,0.7441,10,0
IWM191108P153,2019-11-01,2019-11-01 09:34:37,0.32,0.7441,37,0.31,0.7209,49,0.34,0.7906,10,0.315,0.7325,10,0
IWM191108P153,2019-11-01,2019-11-01 09:34:37,0.32,0.7441,37,0.31,0.7209,54,0.34,0.7906,10,0.315,0.7325,10,0
IWM191108P153,2019-11-01,2019-11-01 09:34:38,0.32,0.7441,37,0.31,0.7209,19,0.34,0.7906,10,0.315,0.7325,10,0
IWM191108P153,2019-11-01,2019-11-01 09:34:38,0.32,0.7441,60,0.3,0.6976,880,0.34,0.7906,10,0.31,0.7209,10,0
IWM191108P153,2019-11-01,2019-11-01 09:34:39,0.32,0.7441,100,0.3,0.6976,1029,0.34,0.7906,10,0.31,0.7209,10,0
IWM191108P153,2019-11-01,2019-11-01 09:34:39,0.32,0.7441,100,0.3,0.6976,1030,0.34,0.7906,10,0.31,0.7209,10,0
IWM191108P153,2019-11-01,2019-11-01 09:34:40,0.32,0.7441,27,0.31,0.7209,91,0.34,0.7906,10,0.315,0.7325,10,0
IWM191108P153,2019-11-01,2019-11-01 09:34:40,0.32,0.7441,37,0.3,0.6976,1029,0.34,0.7906,10,0.31,0.7209,10,0
IWM191108P153,2019-11-01,2019-11-01 09:34:41,0.33,0.7674,818,0.31,0.7209,826,0.34,0.7906,10,0.32,0.7441,10,0
IWM191108P153,2019-11-01,2019-11-01 09:34:41,0.32,0.7441,27,0.31,0.7209,175,0.34,0.7906,10,0.315,0.7325,10,0
IWM191108P153,2019-11-01,2019-11-01 09:34:42,0.33,0.7674,871,0.31,0.7209,255,0.34,0.7906,10,0.32,0.7441,10,0
IWM191108P153,2019-11-01,2019-11-01 09:34:42,0.33,0.7674,1169,0.31,0.7209,532,0.34,0.7906,10,0.32,0.7441,10,0
IWM191108P153,2019-11-01,2019-11-01 09:34:43,0.33,0.7674,1128,0.31,0.7209,482,0.34,0.7906,10,0.32,0.7441,10,0
IWM191108P153,2019-11-01,2019-11-01 09:34:43,0.33,0.7674,1123,0.31,0.7209,205,0.34,0.7906,10,0.32,0.7441,10,0
IWM191108P153,2019-11-01,2019-11-01 09:34:44,0.32,0.7441,48,0.31,0.7209,196,0.34,0.7906,10,0.315,0.7325,10,0
IWM191108P153,2019-11-01,2019-11-01 09:34:44,0.33,0.7674,1132,0.31,0.7209,196,0.34,0.7906,10,0.32,0.7441,10,0
IWM191108P153,2019-11-01,2019-11-01 09:34:45,0.33,0.7674,1132,0.31,0.7209,152,0.34,0.7906,10,0.32,0.7441,10,0
IWM191108P153,2019-11-01,2019-11-01 09:34:45,0.33,0.7674,1132,0.31,0.7209,184,0.34,0.7906,10,0.32,0.7441,10,0
IWM191108P153,2019-11-01,2019-11-01 09:34:46,0.33,0.7674,882,0.31,0.7209,152,0.34,0.7906,10,0.32,0.7441,10,0
IWM191108P153,2019-11-01,2019-11-01 09:34:47,0.33,0.7674,430,0.31,0.7209,376,0.34,0.7906,10,0.32,0.7441,10,0
IWM191108P153,2019-11-01,2019-11-01 09:34:47,0.33,0.7674,1008,0.31,0.7209,500,0.34,0.7906,10,0.32,0.7441,10,0
IWM191108P153,2019-11-01,2019-11-01 09:34:48,0.33,0.7674,749,0.31,0.7209,125,0.34,0.7906,10,0.32,0.7441,10,0
IWM191108P153,2019-11-01,2019-11-01 09:34:48,0.33,0.7674,1008,0.31,0.7209,128,0.34,0.7906,10,0.32,0.7441,10,0
IWM191108P153,2019-11-01,2019-11-01 09:34:49,0.33,0.7674,749,0.31,0.7209,139,0.34,0.7906,10,0.32,0.7441,10,0
IWM191108P153,2019-11-01,2019-11-01 09:34:49,0.32,0.7441,1,0.3,0.6976,636,0.34,0.7906,10,0.31,0.7209,10,0
IWM191108P153,2019-11-01,2019-11-01 09:34:50,0.32,0.7441,205,0.3,0.6976,1043,0.34,0.7906,10,0.31,0.7209,10,0
IWM191108P153,2019-11-01,2019-11-01 09:34:50,0.32,0.7441,714,0.3,0.6976,851,0.34,0.7906,10,0.31,0.7209,10,0
IWM191108P153,2019-11-01,2019-11-01 09:34:51,0.32,0.7441,350,0.3,0.6976,978,0.34,0.7906,10,0.31,0.7209,10,0
IWM191108P153,2019-11-01,2019-11-01 09:34:52,0.32,0.7441,350,0.3,0.6976,1032,0.34,0.7906,10,0.31,0.7209,10,0
IWM191108P153,2019-11-01,2019-11-01 09:34:53,0.32,0.7441,430,0.3,0.6976,889,0.34,0.7906,10,0.31,0.7209,10,0
IWM191108P153,2019-11-01,2019-11-01 09:34:53,0.32,0.7441,834,0.3,0.6976,905,0.34,0.7906,10,0.31,0.7209,10,0
IWM191108P153,2019-11-01,2019-11-01 09:34:54,0.32,0.7441,165,0.3,0.6976,905,0.34,0.7906,10,0.31,0.7209,10,0
IWM191108P153,2019-11-01,2019-11-01 09:34:54,0.32,0.7441,233,0.3,0.6976,905,0.34,0.7906,10,0.31,0.7209,10,0
IWM191108P153,2019-11-01,2019-11-01 09:34:55,0.32,0.7441,233,0.3,0.6976,532,0.34,0.7906,10,0.31,0.7209,10,0
IWM191108P153,2019-11-01,2019-11-01 09:34:56,0.32,0.7441,233,0.3,0.6976,581,0.34,0.7906,10,0.31,0.7209,10,0
IWM191108P153,2019-11-01,2019-11-01 09:34:56,0.32,0.7441,182,0.3,0.6976,594,0.34,0.7906,10,0.31,0.7209,10,0
IWM191108P153,2019-11-01,2019-11-01 09:34:57,0.32,0.7441,182,0.3,0.6976,594,0.34,0.7906,10,0.31,0.7209,10,0
IWM191108P153,2019-11-01,2019-11-01 09:34:57,0.32,0.7441,192,0.3,0.6976,580,0.34,0.7906,10,0.31,0.7209,10,0
IWM191108P153,2019-11-01,2019-11-01 09:34:58,0.32,0.7441,99,0.3,0.6976,600,0.34,0.7906,10,0.31,0.7209,10,0
IWM191108P153,2019-11-01,2019-11-01 09:34:58,0.32,0.7441,192,0.3,0.6976,580,0.34,0.7906,10,0.31,0.7209,10,0
IWM191108P153,2019-11-01,2019-11-01 09:34:59,0.32,0.7441,138,0.3,0.6976,600,0.34,0.7906,10,0.31,0.7209,10,0
IWM191108P153,2019-11-01,2019-11-01 09:35:00,0.32,0.7441,200,0.3,0.6976,206,0.34,0.7906,10,0.31,0.7209,10,0
IWM191108P153,2019-11-01,2019-11-01 09:35:00,0.32,0.7441,99,0.3,0.6976,585,0.34,0.7906,10,0.31,0.7209,10,0
IWM191108P153,2019-11-01,2019-11-01 09:35:01,0.32,0.7441,917,0.3,0.6976,246,0.34,0.7906,10,0.31,0.7209,10,0
IWM191108P153,2019-11-01,2019-11-01 09:35:01,0.32,0.7441,628,0.3,0.6976,200,0.34,0.7906,10,0.31,0.7209,10,0
IWM191108P153,2019-11-01,2019-11-01 09:35:02,0.32,0.7441,1133,0.3,0.6976,237,0.34,0.7906,10,0.31,0.7209,10,0
IWM191108P153,2019-11-01,2019-11-01 09:35:02,0.32,0.7441,1133,0.3,0.6976,221,0.34,0.7906,10,0.31,0.7209,10,0
IWM191108P153,2019-11-01,2019-11-01 09:35:03,0.32,0.7441,1199,0.3,0.6976,206,0.34,0.7906,10,0.31,0.7209,10,0
IWM191108P153,2019-11-01,2019-11-01 09:35:03,0.32,0.7441,1281,0.29,0.6744,1239,0.34,0.7906,10,0.305,0.7093,10,0
IWM191108P153,2019-11-01,2019-11-01 09:35:04,0.32,0.7441,1632,0.29,0.6744,1218,0.34,0.7906,10,0.305,0.7093,10,0
IWM191108P153,2019-11-01,2019-11-01 09:35:04,0.32,0.7441,1811,0.29,0.6744,1518,0.34,0.7906,10,0.305,0.7093,10,0
IWM191108P153,2019-11-01,2019-11-01 09:35:05,0.32,0.7441,1632,0.29,0.6744,1218,0.34,0.7906,10,0.305,0.7093,10,0
IWM191108P153,2019-11-01,2019-11-01 09:35:06,0.32,0.7441,1592,0.29,0.6744,1464,0.34,0.7906,10,0.305,0.7093,10,0
IWM191108P153,2019-11-01,2019-11-01 09:35:06,0.32,0.7441,1542,0.29,0.6744,1464,0.34,0.7906,10,0.305,0.7093,10,0
IWM191108P153,2019-11-01,2019-11-01 09:35:07,0.32,0.7441,911,0.3,0.6976,982,0.34,0.7906,10,0.31,0.7209,10,0
IWM191108P153,2019-11-01,2019-11-01 09:35:07,0.32,0.7441,208,0.3,0.6976,908,0.34,0.7906,10,0.31,0.7209,10,0
IWM191108P153,2019-11-01,2019-11-01 09:35:08,0.32,0.7441,106,0.3,0.6976,1118,0.34,0.7906,10,0.31,0.7209,10,0
IWM191108P153,2019-11-01,2019-11-01 09:35:08,0.32,0.7441,139,0.3,0.6976,1065,0.34,0.7906,10,0.31,0.7209,10,0
IWM191108P153,2019-11-01,2019-11-01 09:35:09,0.32,0.7441,106,0.3,0.6976,1056,0.34,0.7906,10,0.31,0.7209,10,0
IWM191108P153,2019-11-01,2019-11-01 09:35:09,0.32,0.7441,148,0.3,0.6976,1063,0.34,0.7906,10,0.31,0.7209,10,0
IWM191108P153,2019-11-01,2019-11-01 09:35:10,0.32,0.7441,545,0.3,0.6976,695,0.34,0.7906,10,0.31,0.7209,10,0
IWM191108P153,2019-11-01,2019-11-01 09:35:11,0.32,0.7441,595,0.3,0.6976,695,0.34,0.7906,10,0.31,0.7209,10,0
IWM191108P153,2019-11-01,2019-11-01 09:35:11,0.32,0.7441,592,0.3,0.6976,695,0.34,0.7906,10,0.31,0.7209,10,0
IWM191108P153,2019-11-01,2019-11-01 09:35:12,0.32,0.7441,642,0.3,0.6976,832,0.34,0.7906,10,0.31,0.7209,10,0
IWM191108P153,2019-11-01,2019-11-01 09:35:13,0.32,0.7441,642,0.3,0.6976,788,0.34,0.7906,10,0.31,0.7209,10,0
IWM191108P153,2019-11-01,2019-11-01 09:35:13,0.32,0.7441,592,0.3,0.6976,772,0.34,0.7906,10,0.31,0.7209,10,0
IWM191108P153,2019-11-01,2019-11-01 09:35:14,0.32,0.7441,642,0.3,0.6976,788,0.34,0.7906,10,0.31,0.7209,10,0
IWM191108P153,2019-11-01,2019-11-01 09:35:14,0.32,0.7441,891,0.3,0.6976,788,0.34,0.7906,10,0.31,0.7209,10,0
IWM191108P153,2019-11-01,2019-11-01 09:35:15,0.32,0.7441,464,0.3,0.6976,1000,0.34,0.7906,10,0.31,0.7209,10,0
IWM191108P153,2019-11-01,2019-11-01 09:35:15,0.32,0.7441,891,0.3,0.6976,788,0.34,0.7906,10,0.31,0.7209,10,0
IWM191108P153,2019-11-01,2019-11-01 09:35:16,0.32,0.7441,418,0.3,0.6976,978,0.34,0.7906,10,0.31,0.7209,10,0
IWM191108P153,2019-11-01,2019-11-01 09:35:17,0.32,0.7441,406,0.3,0.6976,994,0.34,0.7906,10,0.31,0.7209,10,0
IWM191108P153,2019-11-01,2019-11-01 09:35:17,0.32,0.7441,229,0.3,0.6976,978,0.34,0.7906,10,0.31,0.7209,10,0
IWM191108P153,2019-11-01,2019-11-01 09:35:18,0.32,0.7441,249,0.3,0.6976,978,0.34,0.7906,10,0.31,0.7209,10,0
IWM191108P153,2019-11-01,2019-11-01 09:35:18,0.32,0.7441,386,0.3,0.6976,836,0.34,0.7906,10,0.31,0.7209,10,0
IWM191108P153,2019-11-01,2019-11-01 09:35:19,0.32,0.7441,1147,0.3,0.6976,100,0.34,0.7906,10,0.31,0.7209,10,0
IWM191108P153,2019-11-01,2019-11-01 09:35:19,0.32,0.7441,797,0.3,0.6976,100,0.34,0.7906,10,0.31,0.7209,10,0
IWM191108P153,2019-11-01,2019-11-01 09:35:20,0.32,0.7441,1147,0.3,0.6976,100,0.34,0.7906,10,0.31,0.7209,10,0
IWM191108P153,2019-11-01,2019-11-01 09:35:20,0.32,0.7441,1090,0.3,0.6976,140,0.34,0.7906,10,0.31,0.7209,10,0
IWM191108P153,2019-11-01,2019-11-01 09:35:21,0.32,0.7441,864,0.3,0.6976,140,0.34,0.7906,10,0.31,0.7209,10,0
IWM191108P153,2019-11-01,2019-11-01 09:35:21,0.32,0.7441,731,0.3,0.6976,473,0.34,0.7906,10,0.31,0.7209,10,0
IWM191108P153,2019-11-01,2019-11-01 09:35:22,0.32,0.7441,759,0.3,0.6976,510,0.34,0.7906,10,0.31,0.7209,10,0
IWM191108P153,2019-11-01,2019-11-01 09:35:22,0.32,0.7441,532,0.3,0.6976,591,0.34,0.7906,10,0.31,0.7209,10,0
IWM191108P153,2019-11-01,2019-11-01 09:35:23,0.32,0.7441,632,0.3,0.6976,453,0.34,0.7906,10,0.31,0.7209,10,0
IWM191108P153,2019-11-01,2019-11-01 09:35:23,0.32,0.7441,532,0.3,0.6976,510,0.34,0.7906,10,0.31,0.7209,10,0
IWM191108P153,2019-11-01,2019-11-01 09:35:24,0.32,0.7441,582,0.3,0.6976,661,0.34,0.7906,10,0.31,0.7209,10,0
IWM191108P153,2019-11-01,2019-11-01 09:35:24,0.32,0.7441,532,0.3,0.6976,530,0.34,0.7906,10,0.31,0.7209,10,0
IWM191108P153,2019-11-01,2019-11-01 09:35:25,0.32,0.7441,409,0.3,0.6976,962,0.34,0.7906,10,0.31,0.7209,10,0
IWM191108P153,2019-11-01,2019-11-01 09:35:25,0.32,0.7441,582,0.3,0.6976,791,0.34,0.7906,10,0.31,0.7209,10,0
IWM191108P153,2019-11-01,2019-11-01 09:35:26,0.32,0.7441,409,0.3,0.6976,927,0.34,0.7906,10,0.31,0.7209,10,0
IWM191108P153,2019-11-01,2019-11-01 09:35:26,0.32,0.7441,552,0.3,0.6976,927,0.34,0.7906,10,0.31,0.7209,10,0
IWM191108P153,2019-11-01,2019-11-01 09:35:27,0.32,0.7441,552,0.3,0.6976,420,0.34,0.7906,10,0.31,0.7209,10,0
IWM191108P153,2019-11-01,2019-11-01 09:35:27,0.32,0.7441,1241,0.3,0.6976,229,0.34,0.7906,10,0.31,0.7209,10,0
IWM191108P153,2019-11-01,2019-11-01 09:35:28,0.32,0.7441,835,0.3,0.6976,93,0.34,0.7906,10,0.31,0.7209,10,0
IWM191108P153,2019-11-01,2019-11-01 09:35:28,0.32,0.7441,1235,0.3,0.6976,71,0.34,0.7906,10,0.31,0.7209,10,0
IWM191108P153,2019-11-01,2019-11-01 09:35:29,0.32,0.7441,1206,0.3,0.6976,49,0.34,0.7906,10,0.31,0.7209,10,0
IWM191108P153,2019-11-01,2019-11-01 09:35:29,0.31,0.7209,50,0.3,0.6976,49,0.34,0.7906,10,0.305,0.7093,10,0
IWM191108P153,2019-11-01,2019-11-01 09:35:30,0.31,0.7209,50,0.3,0.6976,59,0.34,0.7906,10,0.305,0.7093,10,0
IWM191108P153,2019-11-01,2019-11-01 09:35:31,0.31,0.7209,174,0.3,0.6976,20,0.34,0.7906,10,0.305,0.7093,10,0
IWM191108P153,2019-11-01,2019-11-01 09:35:31,0.31,0.7209,53,0.3,0.6976,20,0.34,0.7906,10,0.305,0.7093,10,0
IWM191108P153,2019-11-01,2019-11-01 09:35:32,0.31,0.7209,192,0.3,0.6976,20,0.34,0.7906,10,0.305,0.7093,10,0
IWM191108P153,2019-11-01,2019-11-01 09:35:32,0.31,0.7209,243,0.29,0.6744,1044,0.34,0.7906,10,0.3,0.6976,10,0
IWM191108P153,2019-11-01,2019-11-01 09:35:33,0.31,0.7209,373,0.29,0.6744,1152,0.34,0.7906,10,0.3,0.6976,10,0
IWM191108P153,2019-11-01,2019-11-01 09:35:33,0.31,0.7209,373,0.29,0.6744,1266,0.34,0.7906,10,0.3,0.6976,10,0
IWM191108P153,2019-11-01,2019-11-01 09:35:34,0.31,0.7209,271,0.29,0.6744,1152,0.34,0.7906,10,0.3,0.6976,10,0
IWM191108P153,2019-11-01,2019-11-01 09:35:34,0.31,0.7209,271,0.29,0.6744,1266,0.34,0.7906,10,0.3,0.6976,10,0
IWM191108P153,2019-11-01,2019-11-01 09:35:35,0.31,0.7209,355,0.29,0.6744,1170,0.34,0.7906,10,0.3,0.6976,10,0
IWM191108P153,2019-11-01,2019-11-01 09:35:35,0.31,0.7209,397,0.29,0.6744,1170,0.34,0.7906,10,0.3,0.6976,10,0
IWM191108P153,2019-11-01,2019-11-01 09:35:36,0.31,0.7209,674,0.29,0.6744,806,0.34,0.7906,10,0.3,0.6976,10,0
IWM191108P153,2019-11-01,2019-11-01 09:35:36,0.31,0.7209,766,0.29,0.6744,1197,0.34,0.7906,10,0.3,0.6976,10,0
IWM191108P153,2019-11-01,2019-11-01 09:35:37,0.31,0.7209,316,0.29,0.6744,1186,0.34,0.7906,10,0.3,0.6976,10,0
IWM191108P153,2019-11-01,2019-11-01 09:35:37,0.31,0.7209,801,0.29,0.6744,1167,0.34,0.7906,10,0.3,0.6976,10,0
IWM191108P153,2019-11-01,2019-11-01 09:35:38,0.31,0.7209,637,0.29,0.6744,1143,0.34,0.7906,10,0.3,0.6976,10,0
IWM191108P153,2019-11-01,2019-11-01 09:35:38,0.31,0.7209,847,0.29,0.6744,1044,0.34,0.7906,10,0.3,0.6976,10,0
IWM191108P153,2019-11-01,2019-11-01 09:35:39,0.31,0.7209,847,0.29,0.6744,778,0.34,0.7906,10,0.3,0.6976,10,0
IWM191108P153,2019-11-01,2019-11-01 09:35:39,0.31,0.7209,897,0.29,0.6744,832,0.34,0.7906,10,0.3,0.6976,10,0
IWM191108P153,2019-11-01,2019-11-01 09:35:40,0.31,0.7209,847,0.29,0.6744,832,0.34,0.7906,10,0.3,0.6976,10,0
IWM191108P153,2019-11-01,2019-11-01 09:35:41,0.31,0.7209,897,0.29,0.6744,832,0.34,0.7906,10,0.3,0.6976,10,0
IWM191108P153,2019-11-01,2019-11-01 09:35:42,0.31,0.7209,847,0.29,0.6744,832,0.34,0.7906,10,0.3,0.6976,10,0
IWM191108P153,2019-11-01,2019-11-01 09:35:43,0.31,0.7209,847,0.29,0.6744,832,0.34,0.7906,10,0.3,0.6976,10,0
IWM191108P153,2019-11-01,2019-11-01 09:35:43,0.31,0.7209,897,0.29,0.6744,832,0.34,0.7906,10,0.3,0.6976,10,0
IWM191108P153,2019-11-01,2019-11-01 09:35:44,0.31,0.7209,847,0.29,0.6744,832,0.34,0.7906,10,0.3,0.6976,10,0
IWM191108P153,2019-11-01,2019-11-01 09:35:44,0.31,0.7209,915,0.29,0.6744,560,0.34,0.7906,10,0.3,0.6976,10,0
IWM191108P153,2019-11-01,2019-11-01 09:35:45,0.31,0.7209,1059,0.29,0.6744,229,0.34,0.7906,10,0.3,0.6976,10,0
IWM191108P153,2019-11-01,2019-11-01 09:35:45,0.31,0.7209,1022,0.29,0.6744,237,0.34,0.7906,10,0.3,0.6976,10,0
IWM191108P153,2019-11-01,2019-11-01 09:35:46,0.31,0.7209,1247,0.29,0.6744,149,0.34,0.7906,10,0.3,0.6976,10,0
IWM191108P153,2019-11-01,2019-11-01 09:35:46,0.31,0.7209,1369,0.29,0.6744,186,0.34,0.7906,10,0.3,0.6976,10,0
IWM191108P153,2019-11-01,2019-11-01 09:35:47,0.31,0.7209,1369,0.29,0.6744,273,0.34,0.7906,10,0.3,0.6976,10,0
IWM191108P153,2019-11-01,2019-11-01 09:35:47,0.31,0.7209,1615,0.29,0.6744,273,0.34,0.7906,10,0.3,0.6976,10,0
IWM191108P153,2019-11-01,2019-11-01 09:35:48,0.31,0.7209,1615,0.29,0.6744,216,0.34,0.7906,10,0.3,0.6976,10,0
IWM191108P153,2019-11-01,2019-11-01 09:35:48,0.31,0.7209,1615,0.29,0.6744,273,0.34,0.7906,10,0.3,0.6976,10,0
IWM191108P153,2019-11-01,2019-11-01 09:35:49,0.31,0.7209,1244,0.29,0.6744,157,0.34,0.7906,10,0.3,0.6976,10,0
IWM191108P153,2019-11-01,2019-11-01 09:35:49,0.31,0.7209,1615,0.29,0.6744,210,0.34,0.7906,10,0.3,0.6976,10,0
IWM191108P153,2019-11-01,2019-11-01 09:35:50,0.31,0.7209,1294,0.29,0.6744,160,0.34,0.7906,10,0.3,0.6976,10,0
IWM191108P153,2019-11-01,2019-11-01 09:35:51,0.31,0.7209,1690,0.29,0.6744,110,0.34,0.7906,10,0.3,0.6976,10,0
IWM191108P153,2019-11-01,2019-11-01 09:35:52,0.31,0.7209,1351,0.29,0.6744,143,0.34,0.7906,10,0.3,0.6976,10,0
IWM191108P153,2019-11-01,2019-11-01 09:35:52,0.31,0.7209,2278,0.29,0.6744,55,0.34,0.7906,10,0.3,0.6976,10,0
IWM191108P153,2019-11-01,2019-11-01 09:35:53,0.3,0.6976,50,0.29,0.6744,124,0.34,0.7906,10,0.295,0.686,10,0
IWM191108P153,2019-11-01,2019-11-01 09:35:53,0.3,0.6976,50,0.29,0.6744,106,0.34,0.7906,10,0.295,0.686,10,0
IWM191108P153,2019-11-01,2019-11-01 09:35:54,0.3,0.6976,170,0.28,0.6511,509,0.34,0.7906,10,0.29,0.6744,10,0
IWM191108P153,2019-11-01,2019-11-01 09:35:54,0.3,0.6976,50,0.29,0.6744,43,0.34,0.7906,10,0.295,0.686,10,0
IWM191108P153,2019-11-01,2019-11-01 09:35:55,0.3,0.6976,358,0.28,0.6511,1166,0.34,0.7906,10,0.29,0.6744,10,0
IWM191108P153,2019-11-01,2019-11-01 09:35:55,0.3,0.6976,328,0.28,0.6511,1007,0.34,0.7906,10,0.29,0.6744,10,0
IWM191108P153,2019-11-01,2019-11-01 09:35:56,0.3,0.6976,818,0.28,0.6511,1294,0.34,0.7906,10,0.29,0.6744,10,0
IWM191108P153,2019-11-01,2019-11-01 09:35:56,0.3,0.6976,991,0.28,0.6511,1336,0.34,0.7906,10,0.29,0.6744,10,0
IWM191108P153,2019-11-01,2019-11-01 09:35:57,0.3,0.6976,225,0.28,0.6511,589,0.34,0.7906,10,0.29,0.6744,10,0
IWM191108P153,2019-11-01,2019-11-01 09:35:57,0.3,0.6976,365,0.28,0.6511,539,0.34,0.7906,10,0.29,0.6744,10,0
IWM191108P153,2019-11-01,2019-11-01 09:35:58,0.3,0.6976,498,0.28,0.6511,953,0.34,0.7906,10,0.29,0.6744,10,0
IWM191108P153,2019-11-01,2019-11-01 09:35:58,0.3,0.6976,237,0.28,0.6511,959,0.34,0.7906,10,0.29,0.6744,10,0
IWM191108P153,2019-11-01,2019-11-01 09:35:59,0.3,0.6976,1098,0.28,0.6511,1441,0.34,0.7906,10,0.29,0.6744,10,0
IWM191108P153,2019-11-01,2019-11-01 09:35:59,0.3,0.6976,986,0.28,0.6511,1570,0.34,0.7906,10,0.29,0.6744,10,0
IWM191108P153,2019-11-01,2019-11-01 09:36:00,0.3,0.6976,927,0.28,0.6511,1697,0.34,0.7906,10,0.29,0.6744,10,0
IWM191108P153,2019-11-01,2019-11-01 09:36:00,0.3,0.6976,755,0.28,0.6511,1697,0.34,0.7906,10,0.29,0.6744,10,0
IWM191108P153,2019-11-01,2019-11-01 09:36:01,0.3,0.6976,689,0.28,0.6511,1713,0.34,0.7906,10,0.29,0.6744,10,0
IWM191108P153,2019-11-01,2019-11-01 09:36:02,0.3,0.6976,549,0.28,0.6511,1713,0.34,0.7906,10,0.29,0.6744,10,0
IWM191108P153,2019-11-01,2019-11-01 09:36:03,0.3,0.6976,633,0.28,0.6511,1714,0.34,0.7906,10,0.29,0.6744,10,0
IWM191108P153,2019-11-01,2019-11-01 09:36:03,0.3,0.6976,679,0.28,0.6511,1664,0.34,0.7906,10,0.29,0.6744,10,0
IWM191108P153,2019-11-01,2019-11-01 09:36:04,0.3,0.6976,766,0.28,0.6511,1664,0.34,0.7906,10,0.29,0.6744,10,0
IWM191108P153,2019-11-01,2019-11-01 09:36:04,0.3,0.6976,946,0.28,0.6511,969,0.34,0.7906,10,0.29,0.6744,10,0
IWM191108P153,2019-11-01,2019-11-01 09:36:05,0.3,0.6976,1286,0.28,0.6511,1077,0.34,0.7906,10,0.29,0.6744,10,0
IWM191108P153,2019-11-01,2019-11-01 09:36:05,0.3,0.6976,996,0.28,0.6511,1000,0.34,0.7906,10,0.29,0.6744,10,0
IWM191108P153,2019-11-01,2019-11-01 09:36:06,0.3,0.6976,996,0.28,0.6511,1000,0.34,0.7906,10,0.29,0.6744,10,0
IWM191108P153,2019-11-01,2019-11-01 09:36:07,0.3,0.6976,996,0.28,0.6511,984,0.34,0.7906,10,0.29,0.6744,10,0
IWM191108P153,2019-11-01,2019-11-01 09:36:07,0.3,0.6976,996,0.28,0.6511,1000,0.34,0.7906,10,0.29,0.6744,10,0
IWM191108P153,2019-11-01,2019-11-01 09:36:08,0.3,0.6976,996,0.28,0.6511,984,0.34,0.7906,10,0.29,0.6744,10,0
IWM191108P153,2019-11-01,2019-11-01 09:36:09,0.3,0.6976,996,0.28,0.6511,984,0.34,0.7906,10,0.29,0.6744,10,0
IWM191108P153,2019-11-01,2019-11-01 09:36:10,0.3,0.6976,996,0.28,0.6511,984,0.34,0.7906,10,0.29,0.6744,10,0
IWM191108P153,2019-11-01,2019-11-01 09:36:10,0.3,0.6976,738,0.28,0.6511,624,0.34,0.7906,10,0.29,0.6744,10,0
IWM191108P153,2019-11-01,2019-11-01 09:36:11,0.3,0.6976,856,0.27,0.6279,153,0.34,0.7906,10,0.285,0.6627,10,0
IWM191108P153,2019-11-01,2019-11-01 09:36:11,0.3,0.6976,660,0.27,0.6279,740,0.34,0.7906,10,0.285,0.6627,10,0
IWM191108P153,2019-11-01,2019-11-01 09:36:12,0.3,0.6976,847,0.27,0.6279,851,0.34,0.7906,10,0.285,0.6627,10,0
IWM191108P153,2019-11-01,2019-11-01 09:36:12,0.3,0.6976,925,0.27,0.6279,815,0.34,0.7906,10,0.285,0.6627,10,0
IWM191108P153,2019-11-01,2019-11-01 09:36:13,0.3,0.6976,909,0.27,0.6279,851,0.34,0.7906,10,0.285,0.6627,10,0
IWM191108P153,2019-11-01,2019-11-01 09:36:13,0.3,0.6976,925,0.27,0.6279,816,0.34,0.7906,10,0.285,0.6627,10,0
IWM191108P153,2019-11-01,2019-11-01 09:36:14,0.3,0.6976,859,0.27,0.6279,851,0.34,0.7906,10,0.285,0.6627,10,0
IWM191108P153,2019-11-01,2019-11-01 09:36:14,0.3,0.6976,682,0.28,0.6511,70,0.34,0.7906,10,0.29,0.6744,10,0
IWM191108P153,2019-11-01,2019-11-01 09:36:15,0.3,0.6976,848,0.28,0.6511,33,0.34,0.7906,10,0.29,0.6744,10,0
IWM191108P153,2019-11-01,2019-11-01 09:36:15,0.3,0.6976,809,0.28,0.6511,33,0.34,0.7906,10,0.29,0.6744,10,0
IWM191108P153,2019-11-01,2019-11-01 09:36:16,0.3,0.6976,848,0.27,0.6279,1007,0.34,0.7906,10,0.285,0.6627,10,0
IWM191108P153,2019-11-01,2019-11-01 09:36:17,0.3,0.6976,848,0.28,0.6511,75,0.34,0.7906,10,0.29,0.6744,10,0
IWM191108P153,2019-11-01,2019-11-01 09:36:17,0.3,0.6976,664,0.28,0.6511,567,0.34,0.7906,10,0.29,0.6744,10,0
IWM191108P153,2019-11-01,2019-11-01 09:36:18,0.3,0.6976,264,0.28,0.6511,648,0.34,0.7906,10,0.29,0.6744,10,0
IWM191108P153,2019-11-01,2019-11-01 09:36:18,0.3,0.6976,606,0.28,0.6511,655,0.34,0.7906,10,0.29,0.6744,10,0
IWM191108P153,2019-11-01,2019-11-01 09:36:19,0.3,0.6976,678,0.28,0.6511,666,0.34,0.7906,10,0.29,0.6744,10,0
IWM191108P153,2019-11-01,2019-11-01 09:36:20,0.3,0.6976,917,0.28,0.6511,736,0.34,0.7906,10,0.29,0.6744,10,0
IWM191108P153,2019-11-01,2019-11-01 09:36:20,0.3,0.6976,771,0.28,0.6511,666,0.34,0.7906,10,0.29,0.6744,10,0
IWM191108P153,2019-11-01,2019-11-01 09:36:21,0.3,0.6976,908,0.28,0.6511,788,0.34,0.7906,10,0.29,0.6744,10,0
IWM191108P153,2019-11-01,2019-11-01 09:36:21,0.3,0.6976,958,0.28,0.6511,891,0.34,0.7906,10,0.29,0.6744,10,0
IWM191108P153,2019-11-01,2019-11-01 09:36:22,0.3,0.6976,1248,0.28,0.6511,334,0.34,0.7906,10,0.29,0.6744,10,0
IWM191108P153,2019-11-01,2019-11-01 09:36:22,0.3,0.6976,694,0.28,0.6511,334,0.34,0.7906,10,0.29,0.6744,10,0
IWM191108P153,2019-11-01,2019-11-01 09:36:23,0.3,0.6976,1264,0.28,0.6511,142,0.34,0.7906,10,0.29,0.6744,10,0
IWM191108P153,2019-11-01,2019-11-01 09:36:23,0.3,0.6976,1264,0.28,0.6511,108,0.34,0.7906,10,0.29,0.6744,10,0
IWM191108P153,2019-11-01,2019-11-01 09:36:24,0.3,0.6976,1264,0.28,0.6511,122,0.34,0.7906,10,0.29,0.6744,10,0
IWM191108P153,2019-11-01,2019-11-01 09:36:24,0.3,0.6976,1264,0.28,0.6511,108,0.34,0.7906,10,0.29,0.6744,10,0
IWM191108P153,2019-11-01,2019-11-01 09:36:25,0.3,0.6976,1264,0.28,0.6511,453,0.34,0.7906,10,0.29,0.6744,10,0
IWM191108P153,2019-11-01,2019-11-01 09:36:25,0.3,0.6976,1280,0.28,0.6511,594,0.34,0.7906,10,0.29,0.6744,10,0
IWM191108P153,2019-11-01,2019-11-01 09:36:26,0.3,0.6976,1496,0.28,0.6511,782,0.34,0.7906,10,0.29,0.6744,10,0
IWM191108P153,2019-11-01,2019-11-01 09:36:26,0.3,0.6976,432,0.28,0.6511,920,0.34,0.7906,10,0.29,0.6744,10,0
IWM191108P153,2019-11-01,2019-11-01 09:36:27,0.3,0.6976,704,0.28,0.6511,920,0.34,0.7906,10,0.29,0.6744,10,0
IWM191108P153,2019-11-01,2019-11-01 09:36:27,0.3,0.6976,432,0.28,0.6511,920,0.34,0.7906,10,0.29,0.6744,10,0
IWM191108P153,2019-11-01,2019-11-01 09:36:28,0.3,0.6976,809,0.28,0.6511,870,0.34,0.7906,10,0.29,0.6744,10,0
IWM191108P153,2019-11-01,2019-11-01 09:36:29,0.3,0.6976,718,0.28,0.6511,806,0.34,0.7906,10,0.29,0.6744,10,0
IWM191108P153,2019-11-01,2019-11-01 09:36:29,0.3,0.6976,768,0.28,0.6511,756,0.34,0.7906,10,0.29,0.6744,10,0
IWM191108P153,2019-11-01,2019-11-01 09:36:30,0.3,0.6976,895,0.28,0.6511,840,0.34,0.7906,10,0.29,0.6744,10,0
IWM191108P153,2019-11-01,2019-11-01 09:36:30,0.3,0.6976,743,0.28,0.6511,644,0.34,0.7906,10,0.29,0.6744,10,0
IWM191108P153,2019-11-01,2019-11-01 09:36:31,0.3,0.6976,735,0.28,0.6511,790,0.34,0.7906,10,0.29,0.6744,10,0
IWM191108P153,2019-11-01,2019-11-01 09:36:31,0.3,0.6976,919,0.28,0.6511,790,0.34,0.7906,10,0.29,0.6744,10,0
IWM191108P153,2019-11-01,2019-11-01 09:36:32,0.3,0.6976,463,0.28,0.6511,476,0.34,0.7906,10,0.29,0.6744,10,0
IWM191108P153,2019-11-01,2019-11-01 09:36:32,0.3,0.6976,741,0.28,0.6511,953,0.34,0.7906,10,0.29,0.6744,10,0
IWM191108P153,2019-11-01,2019-11-01 09:36:33,0.3,0.6976,250,0.28,0.6511,250,0.34,0.7906,10,0.29,0.6744,10,0
IWM191108P153,2019-11-01,2019-11-01 09:36:33,0.3,0.6976,478,0.28,0.6511,734,0.34,0.7906,10,0.29,0.6744,10,0
IWM191108P153,2019-11-01,2019-11-01 09:36:34,0.3,0.6976,697,0.28,0.6511,629,0.34,0.7906,10,0.29,0.6744,10,0
IWM191108P153,2019-11-01,2019-11-01 09:36:34,0.3,0.6976,647,0.28,0.6511,684,0.34,0.7906,10,0.29,0.6744,10,0
IWM191108P153,2019-11-01,2019-11-01 09:36:35,0.3,0.6976,572,0.28,0.6511,755,0.34,0.7906,10,0.29,0.6744,10,0
IWM191108P153,2019-11-01,2019-11-01 09:36:35,0.3,0.6976,829,0.28,0.6511,637,0.34,0.7906,10,0.29,0.6744,10,0
IWM191108P153,2019-11-01,2019-11-01 09:36:36,0.3,0.6976,771,0.28,0.6511,637,0.34,0.7906,10,0.29,0.6744,10,0
IWM191108P153,2019-11-01,2019-11-01 09:36:37,0.3,0.6976,701,0.28,0.6511,637,0.34,0.7906,10,0.29,0.6744,10,0
IWM191108P153,2019-11-01,2019-11-01 09:36:37,0.3,0.6976,720,0.28,0.6511,637,0.34,0.7906,10,0.29,0.6744,10,0
IWM191108P153,2019-11-01,2019-11-01 09:36:38,0.3,0.6976,651,0.28,0.6511,845,0.34,0.7906,10,0.29,0.6744,10,0
IWM191108P153,2019-11-01,2019-11-01 09:36:38,0.3,0.6976,651,0.28,0.6511,795,0.34,0.7906,10,0.29,0.6744,10,0
IWM191108P153,2019-11-01,2019-11-01 09:36:39,0.3,0.6976,661,0.28,0.6511,506,0.34,0.7906,10,0.29,0.6744,10,0
IWM191108P153,2019-11-01,2019-11-01 09:36:39,0.3,0.6976,661,0.28,0.6511,735,0.34,0.7906,10,0.29,0.6744,10,0
IWM191108P153,2019-11-01,2019-11-01 09:36:40,0.3,0.6976,664,0.28,0.6511,506,0.34,0.7906,10,0.29,0.6744,10,0
IWM191108P153,2019-11-01,2019-11-01 09:36:40,0.3,0.6976,714,0.28,0.6511,506,0.34,0.7906,10,0.29,0.6744,10,0
IWM191108P153,2019-11-01,2019-11-01 09:36:41,0.3,0.6976,751,0.28,0.6511,454,0.34,0.7906,10,0.29,0.6744,10,0
IWM191108P153,2019-11-01,2019-11-01 09:36:41,0.3,0.6976,820,0.28,0.6511,161,0.34,0.7906,10,0.29,0.6744,10,0
IWM191108P153,2019-11-01,2019-11-01 09:36:42,0.3,0.6976,892,0.28,0.6511,586,0.34,0.7906,10,0.29,0.6744,10,0
IWM191108P153,2019-11-01,2019-11-01 09:36:42,0.3,0.6976,842,0.28,0.6511,396,0.34,0.7906,10,0.29,0.6744,10,0
IWM191108P153,2019-11-01,2019-11-01 09:36:43,0.3,0.6976,1198,0.28,0.6511,44,0.34,0.7906,10,0.29,0.6744,10,0
IWM191108P153,2019-11-01,2019-11-01 09:36:44,0.29,0.6744,267,0.27,0.6279,1315,0.34,0.7906,10,0.28,0.6511,10,0
IWM191108P153,2019-11-01,2019-11-01 09:36:44,0.3,0.6976,1198,0.28,0.6511,33,0.34,0.7906,10,0.29,0.6744,10,0
IWM191108P153,2019-11-01,2019-11-01 09:36:45,0.29,0.6744,80,0.27,0.6279,1331,0.34,0.7906,10,0.28,0.6511,10,0
IWM191108P153,2019-11-01,2019-11-01 09:36:45,0.29,0.6744,280,0.27,0.6279,1331,0.34,0.7906,10,0.28,0.6511,10,0
IWM191108P153,2019-11-01,2019-11-01 09:36:46,0.29,0.6744,420,0.27,0.6279,1290,0.34,0.7906,10,0.28,0.6511,10,0
IWM191108P153,2019-11-01,2019-11-01 09:36:47,0.29,0.6744,333,0.27,0.6279,1290,0.34,0.7906,10,0.28,0.6511,10,0
IWM191108P153,2019-11-01,2019-11-01 09:36:47,0.29,0.6744,420,0.27,0.6279,1290,0.34,0.7906,10,0.28,0.6511,10,0
IWM191108P153,2019-11-01,2019-11-01 09:36:48,0.29,0.6744,583,0.27,0.6279,1290,0.34,0.7906,10,0.28,0.6511,10,0
IWM191108P153,2019-11-01,2019-11-01 09:36:49,0.29,0.6744,595,0.27,0.6279,1155,0.34,0.7906,10,0.28,0.6511,10,0
IWM191108P153,2019-11-01,2019-11-01 09:36:49,0.29,0.6744,777,0.27,0.6279,1185,0.34,0.7906,10,0.28,0.6511,10,0
IWM191108P153,2019-11-01,2019-11-01 09:36:50,0.29,0.6744,697,0.27,0.6279,1240,0.34,0.7906,10,0.28,0.6511,10,0
IWM191108P153,2019-11-01,2019-11-01 09:36:51,0.29,0.6744,697,0.27,0.6279,1190,0.34,0.7906,10,0.28,0.6511,10,0
IWM191108P153,2019-11-01,2019-11-01 09:36:51,0.29,0.6744,697,0.27,0.6279,1240,0.34,0.7906,10,0.28,0.6511,10,0
IWM191108P153,2019-11-01,2019-11-01 09:36:52,0.29,0.6744,851,0.27,0.6279,1190,0.34,0.7906,10,0.28,0.6511,10,0
IWM191108P153,2019-11-01,2019-11-01 09:36:53,0.29,0.6744,810,0.27,0.6279,826,0.34,0.7906,10,0.28,0.6511,10,0
IWM191108P153,2019-11-01,2019-11-01 09:36:53,0.29,0.6744,981,0.27,0.6279,834,0.34,0.7906,10,0.28,0.6511,10,0
IWM191108P153,2019-11-01,2019-11-01 09:36:54,0.29,0.6744,981,0.27,0.6279,834,0.34,0.7906,10,0.28,0.6511,10,0
IWM191108P153,2019-11-01,2019-11-01 09:36:54,0.29,0.6744,875,0.27,0.6279,747,0.34,0.7906,10,0.28,0.6511,10,0
IWM191108P153,2019-11-01,2019-11-01 09:36:55,0.29,0.6744,859,0.27,0.6279,747,0.34,0.7906,10,0.28,0.6511,10,0
IWM191108P153,2019-11-01,2019-11-01 09:36:55,0.29,0.6744,825,0.27,0.6279,973,0.34,0.7906,10,0.28,0.6511,10,0
IWM191108P153,2019-11-01,2019-11-01 09:36:56,0.29,0.6744,817,0.27,0.6279,909,0.34,0.7906,10,0.28,0.6511,10,0
IWM191108P153,2019-11-01,2019-11-01 09:36:56,0.29,0.6744,867,0.27,0.6279,1108,0.34,0.7906,10,0.28,0.6511,10,0
IWM191108P153,2019-11-01,2019-11-01 09:36:57,0.29,0.6744,817,0.27,0.6279,909,0.34,0.7906,10,0.28,0.6511,10,0
IWM191108P153,2019-11-01,2019-11-01 09:36:58,0.29,0.6744,913,0.27,0.6279,797,0.34,0.7906,10,0.28,0.6511,10,0
IWM191108P153,2019-11-01,2019-11-01 09:36:58,0.29,0.6744,913,0.27,0.6279,662,0.34,0.7906,10,0.28,0.6511,10,0
IWM191108P153,2019-11-01,2019-11-01 09:36:59,0.29,0.6744,937,0.27,0.6279,388,0.34,0.7906,10,0.28,0.6511,10,0
IWM191108P153,2019-11-01,2019-11-01 09:36:59,0.29,0.6744,913,0.27,0.6279,797,0.34,0.7906,10,0.28,0.6511,10,0
IWM191108P153,2019-11-01,2019-11-01 09:37:00,0.29,0.6744,956,0.27,0.6279,184,0.34,0.7906,10,0.28,0.6511,10,0
IWM191108P153,2019-11-01,2019-11-01 09:37:00,0.29,0.6744,956,0.27,0.6279,388,0.34,0.7906,10,0.28,0.6511,10,0
IWM191108P153,2019-11-01,2019-11-01 09:37:01,0.29,0.6744,1035,0.27,0.6279,184,0.34,0.7906,10,0.28,0.6511,10,0
IWM191108P153,2019-11-01,2019-11-01 09:37:01,0.29,0.6744,1056,0.27,0.6279,18,0.34,0.7906,10,0.28,0.6511,10,0
IWM191108P153,2019-11-01,2019-11-01 09:37:02,0.28,0.6511,162,0.26,0.6046,1217,0.34,0.7906,10,0.27,0.6279,10,0
IWM191108P153,2019-11-01,2019-11-01 09:37:03,0.28,0.6511,782,0.26,0.6046,1231,0.34,0.7906,10,0.27,0.6279,10,0
IWM191108P153,2019-11-01,2019-11-01 09:37:03,0.28,0.6511,668,0.26,0.6046,1173,0.34,0.7906,10,0.27,0.6279,10,0
IWM191108P153,2019-11-01,2019-11-01 09:37:04,0.28,0.6511,782,0.26,0.6046,1231,0.34,0.7906,10,0.27,0.6279,10,0
IWM191108P153,2019-11-01,2019-11-01 09:37:05,0.28,0.6511,833,0.26,0.6046,1127,0.34,0.7906,10,0.27,0.6279,10,0
IWM191108P153,2019-11-01,2019-11-01 09:37:06,0.28,0.6511,734,0.26,0.6046,1127,0.34,0.7906,10,0.27,0.6279,10,0
IWM191108P153,2019-11-01,2019-11-01 09:37:07,0.28,0.6511,734,0.26,0.6046,1127,0.34,0.7906,10,0.27,0.6279,10,0
IWM191108P153,2019-11-01,2019-11-01 09:37:08,0.28,0.6511,703,0.26,0.6046,979,0.34,0.7906,10,0.27,0.6279,10,0
IWM191108P153,2019-11-01,2019-11-01 09:37:08,0.28,0.6511,687,0.26,0.6046,946,0.34,0.7906,10,0.27,0.6279,10,0
IWM191108P153,2019-11-01,2019-11-01 09:37:09,0.28,0.6511,687,0.26,0.6046,946,0.34,0.7906,10,0.27,0.6279,10,0
IWM191108P153,2019-11-01,2019-11-01 09:37:09,0.28,0.6511,687,0.26,0.6046,1002,0.34,0.7906,10,0.27,0.6279,10,0
IWM191108P153,2019-11-01,2019-11-01 09:37:10,0.28,0.6511,687,0.26,0.6046,1002,0.34,0.7906,10,0.27,0.6279,10,0
IWM191108P153,2019-11-01,2019-11-01 09:37:10,0.28,0.6511,340,0.26,0.6046,959,0.34,0.7906,10,0.27,0.6279,10,0
IWM191108P153,2019-11-01,2019-11-01 09:37:11,0.28,0.6511,564,0.27,0.6279,20,0.34,0.7906,10,0.275,0.6395,10,0
IWM191108P153,2019-11-01,2019-11-01 09:37:11,0.29,0.6744,2141,0.27,0.6279,20,0.34,0.7906,10,0.28,0.6511,10,0
IWM191108P153,2019-11-01,2019-11-01 09:37:12,0.29,0.6744,2002,0.27,0.6279,655,0.34,0.7906,10,0.28,0.6511,10,0
IWM191108P153,2019-11-01,2019-11-01 09:37:12,0.29,0.6744,1952,0.27,0.6279,623,0.34,0.7906,10,0.28,0.6511,10,0
IWM191108P153,2019-11-01,2019-11-01 09:37:13,0.29,0.6744,2002,0.27,0.6279,383,0.34,0.7906,10,0.28,0.6511,10,0
IWM191108P153,2019-11-01,2019-11-01 09:37:13,0.29,0.6744,2002,0.27,0.6279,642,0.34,0.7906,10,0.28,0.6511,10,0
IWM191108P153,2019-11-01,2019-11-01 09:37:14,0.29,0.6744,2002,0.27,0.6279,413,0.34,0.7906,10,0.28,0.6511,10,0
IWM191108P153,2019-11-01,2019-11-01 09:37:15,0.29,0.6744,2002,0.27,0.6279,413,0.34,0.7906,10,0.28,0.6511,10,0
IWM191108P153,2019-11-01,2019-11-01 09:37:15,0.29,0.6744,2002,0.27,0.6279,371,0.34,0.7906,10,0.28,0.6511,10,0
IWM191108P153,2019-11-01,2019-11-01 09:37:16,0.29,0.6744,2002,0.27,0.6279,451,0.34,0.7906,10,0.28,0.6511,10,0
IWM191108P153,2019-11-01,2019-11-01 09:37:17,0.29,0.6744,2088,0.27,0.6279,357,0.34,0.7906,10,0.28,0.6511,10,0
IWM191108P153,2019-11-01,2019-11-01 09:37:18,0.29,0.6744,2088,0.27,0.6279,357,0.34,0.7906,10,0.28,0.6511,10,0
IWM191108P153,2019-11-01,2019-11-01 09:37:19,0.29,0.6744,2131,0.27,0.6279,416,0.34,0.7906,10,0.28,0.6511,10,0
IWM191108P153,2019-11-01,2019-11-01 09:37:19,0.29,0.6744,2111,0.27,0.6279,479,0.34,0.7906,10,0.28,0.6511,10,0
IWM191108P153,2019-11-01,2019-11-01 09:37:20,0.29,0.6744,2072,0.27,0.6279,475,0.34,0.7906,10,0.28,0.6511,10,0
IWM191108P153,2019-11-01,2019-11-01 09:37:20,0.29,0.6744,2081,0.27,0.6279,475,0.34,0.7906,10,0.28,0.6511,10,0
IWM191108P153,2019-11-01,2019-11-01 09:37:21,0.29,0.6744,1128,0.27,0.6279,1011,0.34,0.7906,10,0.28,0.6511,10,0
IWM191108P153,2019-11-01,2019-11-01 09:37:21,0.29,0.6744,693,0.27,0.6279,1206,0.34,0.7906,10,0.28,0.6511,10,0
IWM191108P153,2019-11-01,2019-11-01 09:37:22,0.29,0.6744,1132,0.27,0.6279,1070,0.34,0.7906,10,0.28,0.6511,10,0
IWM191108P153,2019-11-01,2019-11-01 09:37:22,0.29,0.6744,1082,0.27,0.6279,1070,0.34,0.7906,10,0.28,0.6511,10,0
IWM191108P153,2019-11-01,2019-11-01 09:37:23,0.29,0.6744,1082,0.27,0.6279,1070,0.34,0.7906,10,0.28,0.6511,10,0
IWM191108P153,2019-11-01,2019-11-01 09:37:24,0.29,0.6744,1053,0.27,0.6279,1070,0.34,0.7906,10,0.28,0.6511,10,0
IWM191108P153,2019-11-01,2019-11-01 09:37:24,0.29,0.6744,1103,0.27,0.6279,1070,0.34,0.7906,10,0.28,0.6511,10,0
IWM191108P153,2019-11-01,2019-11-01 09:37:25,0.29,0.6744,1132,0.27,0.6279,1070,0.34,0.7906,10,0.28,0.6511,10,0
IWM191108P153,2019-11-01,2019-11-01 09:37:25,0.29,0.6744,1082,0.27,0.6279,1070,0.34,0.7906,10,0.28,0.6511,10,0
IWM191108P153,2019-11-01,2019-11-01 09:37:26,0.29,0.6744,1082,0.27,0.6279,1070,0.34,0.7906,10,0.28,0.6511,10,0
IWM191108P153,2019-11-01,2019-11-01 09:37:27,0.29,0.6744,1082,0.27,0.6279,1070,0.34,0.7906,10,0.28,0.6511,10,0
IWM191108P153,2019-11-01,2019-11-01 09:37:27,0.29,0.6744,1132,0.27,0.6279,1070,0.34,0.7906,10,0.28,0.6511,10,0
IWM191108P153,2019-11-01,2019-11-01 09:37:28,0.29,0.6744,1203,0.27,0.6279,1094,0.34,0.7906,10,0.28,0.6511,10,0
IWM191108P153,2019-11-01,2019-11-01 09:37:28,0.29,0.6744,779,0.27,0.6279,1070,0.34,0.7906,10,0.28,0.6511,10,0
IWM191108P153,2019-11-01,2019-11-01 09:37:29,0.29,0.6744,1153,0.27,0.6279,1094,0.34,0.7906,10,0.28,0.6511,10,0
IWM191108P153,2019-11-01,2019-11-01 09:37:30,0.29,0.6744,1153,0.27,0.6279,638,0.34,0.7906,10,0.28,0.6511,10,0
IWM191108P153,2019-11-01,2019-11-01 09:37:30,0.29,0.6744,1203,0.27,0.6279,1094,0.34,0.7906,10,0.28,0.6511,10,0
IWM191108P153,2019-11-01,2019-11-01 09:37:31,0.29,0.6744,282,0.27,0.6279,1098,0.34,0.7906,10,0.28,0.6511,10,0
IWM191108P153,2019-11-01,2019-11-01 09:37:31,0.29,0.6744,623,0.27,0.6279,1098,0.34,0.7906,10,0.28,0.6511,10,0
IWM191108P153,2019-11-01,2019-11-01 09:37:32,0.29,0.6744,623,0.27,0.6279,1082,0.34,0.7906,10,0.28,0.6511,10,0
IWM191108P153,2019-11-01,2019-11-01 09:37:32,0.29,0.6744,524,0.27,0.6279,1098,0.34,0.7906,10,0.28,0.6511,10,0
IWM191108P153,2019-11-01,2019-11-01 09:37:33,0.3,0.6976,958,0.28,0.6511,486,0.34,0.7906,10,0.29,0.6744,10,0
IWM191108P153,2019-11-01,2019-11-01 09:37:33,0.29,0.6744,524,0.27,0.6279,1452,0.34,0.7906,10,0.28,0.6511,10,0
IWM191108P153,2019-11-01,2019-11-01 09:37:34,0.3,0.6976,1450,0.28,0.6511,710,0.34,0.7906,10,0.29,0.6744,10,0
IWM191108P153,2019-11-01,2019-11-01 09:37:34,0.3,0.6976,1704,0.28,0.6511,902,0.34,0.7906,10,0.29,0.6744,10,0
IWM191108P153,2019-11-01,2019-11-01 09:37:35,0.3,0.6976,1507,0.28,0.6511,921,0.34,0.7906,10,0.29,0.6744,10,0
IWM191108P153,2019-11-01,2019-11-01 09:37:35,0.3,0.6976,1450,0.28,0.6511,651,0.34,0.7906,10,0.29,0.6744,10,0
IWM191108P153,2019-11-01,2019-11-01 09:37:36,0.3,0.6976,1742,0.28,0.6511,388,0.34,0.7906,10,0.29,0.6744,10,0
IWM191108P153,2019-11-01,2019-11-01 09:37:36,0.3,0.6976,1507,0.28,0.6511,823,0.34,0.7906,10,0.29,0.6744,10,0
IWM191108P153,2019-11-01,2019-11-01 09:37:37,0.3,0.6976,1215,0.28,0.6511,175,0.34,0.7906,10,0.29,0.6744,10,0
IWM191108P153,2019-11-01,2019-11-01 09:37:37,0.3,0.6976,1707,0.28,0.6511,96,0.34,0.7906,10,0.29,0.6744,10,0
IWM191108P153,2019-11-01,2019-11-01 09:37:38,0.3,0.6976,1707,0.27,0.6279,1698,0.34,0.7906,10,0.285,0.6627,10,0
IWM191108P153,2019-11-01,2019-11-01 09:37:38,0.3,0.6976,1707,0.27,0.6279,1487,0.34,0.7906,10,0.285,0.6627,10,0
IWM191108P153,2019-11-01,2019-11-01 09:37:39,0.29,0.6744,120,0.27,0.6279,1625,0.34,0.7906,10,0.28,0.6511,10,0
IWM191108P153,2019-11-01,2019-11-01 09:37:39,0.3,0.6976,1242,0.27,0.6279,1698,0.34,0.7906,10,0.285,0.6627,10,0
IWM191108P153,2019-11-01,2019-11-01 09:37:40,0.29,0.6744,62,0.27,0.6279,1625,0.34,0.7906,10,0.28,0.6511,10,0
IWM191108P153,2019-11-01,2019-11-01 09:37:40,0.29,0.6744,120,0.27,0.6279,1625,0.34,0.7906,10,0.28,0.6511,10,0
IWM191108P153,2019-11-01,2019-11-01 09:37:41,0.3,0.6976,180,0.28,0.6511,1140,0.34,0.7906,10,0.29,0.6744,10,0
IWM191108P153,2019-11-01,2019-11-01 09:37:41,0.3,0.6976,1062,0.27,0.6279,1625,0.34,0.7906,10,0.285,0.6627,10,0
IWM191108P153,2019-11-01,2019-11-01 09:37:42,0.3,0.6976,809,0.28,0.6511,851,0.34,0.7906,10,0.29,0.6744,10,0
IWM191108P153,2019-11-01,2019-11-01 09:37:42,0.3,0.6976,579,0.28,0.6511,1217,0.34,0.7906,10,0.29,0.6744,10,0
IWM191108P153,2019-11-01,2019-11-01 09:37:43,0.3,0.6976,1072,0.28,0.6511,142,0.34,0.7906,10,0.29,0.6744,10,0
IWM191108P153,2019-11-01,2019-11-01 09:37:43,0.3,0.6976,1314,0.28,0.6511,483,0.34,0.7906,10,0.29,0.6744,10,0
IWM191108P153,2019-11-01,2019-11-01 09:37:44,0.3,0.6976,1289,0.28,0.6511,181,0.34,0.7906,10,0.29,0.6744,10,0
IWM191108P153,2019-11-01,2019-11-01 09:37:45,0.3,0.6976,1109,0.28,0.6511,20,0.34,0.7906,10,0.29,0.6744,10,0
IWM191108P153,2019-11-01,2019-11-01 09:37:46,0.29,0.6744,142,0.27,0.6279,1391,0.34,0.7906,10,0.28,0.6511,10,0
IWM191108P153,2019-11-01,2019-11-01 09:37:46,0.29,0.6744,683,0.27,0.6279,1362,0.34,0.7906,10,0.28,0.6511,10,0
IWM191108P153,2019-11-01,2019-11-01 09:37:47,0.29,0.6744,726,0.27,0.6279,1442,0.34,0.7906,10,0.28,0.6511,10,0
IWM191108P153,2019-11-01,2019-11-01 09:37:47,0.29,0.6744,683,0.27,0.6279,1374,0.34,0.7906,10,0.28,0.6511,10,0
IWM191108P153,2019-11-01,2019-11-01 09:37:48,0.29,0.6744,726,0.27,0.6279,1442,0.34,0.7906,10,0.28,0.6511,10,0
IWM191108P153,2019-11-01,2019-11-01 09:37:48,0.29,0.6744,563,0.27,0.6279,1549,0.34,0.7906,10,0.28,0.6511,10,0
IWM191108P153,2019-11-01,2019-11-01 09:37:49,0.29,0.6744,632,0.27,0.6279,1323,0.34,0.7906,10,0.28,0.6511,10,0
IWM191108P153,2019-11-01,2019-11-01 09:37:49,0.29,0.6744,609,0.27,0.6279,1675,0.34,0.7906,10,0.28,0.6511,10,0
IWM191108P153,2019-11-01,2019-11-01 09:37:50,0.29,0.6744,658,0.27,0.6279,1269,0.34,0.7906,10,0.28,0.6511,10,0
IWM191108P153,2019-11-01,2019-11-01 09:37:50,0.29,0.6744,543,0.27,0.6279,1269,0.34,0.7906,10,0.28,0.6511,10,0
IWM191108P153,2019-11-01,2019-11-01 09:37:51,0.29,0.6744,650,0.27,0.6279,1269,0.34,0.7906,10,0.28,0.6511,10,0
IWM191108P153,2019-11-01,2019-11-01 09:37:51,0.29,0.6744,650,0.27,0.6279,1301,0.34,0.7906,10,0.28,0.6511,10,0
IWM191108P153,2019-11-01,2019-11-01 09:37:52,0.29,0.6744,543,0.27,0.6279,1301,0.34,0.7906,10,0.28,0.6511,10,0
IWM191108P153,2019-11-01,2019-11-01 09:37:53,0.29,0.6744,552,0.27,0.6279,1301,0.34,0.7906,10,0.28,0.6511,10,0
IWM191108P153,2019-11-01,2019-11-01 09:37:53,0.29,0.6744,543,0.27,0.6279,1301,0.34,0.7906,10,0.28,0.6511,10,0
IWM191108P153,2019-11-01,2019-11-01 09:37:54,0.29,0.6744,634,0.27,0.6279,1079,0.34,0.7906,10,0.28,0.6511,10,0
IWM191108P153,2019-11-01,2019-11-01 09:37:54,0.29,0.6744,552,0.27,0.6279,1079,0.34,0.7906,10,0.28,0.6511,10,0
IWM191108P153,2019-11-01,2019-11-01 09:37:55,0.29,0.6744,499,0.27,0.6279,1451,0.34,0.7906,10,0.28,0.6511,10,0
IWM191108P153,2019-11-01,2019-11-01 09:37:55,0.29,0.6744,580,0.27,0.6279,1451,0.34,0.7906,10,0.28,0.6511,10,0
IWM191108P153,2019-11-01,2019-11-01 09:37:56,0.29,0.6744,721,0.27,0.6279,1299,0.34,0.7906,10,0.28,0.6511,10,0
IWM191108P153,2019-11-01,2019-11-01 09:37:56,0.29,0.6744,569,0.27,0.6279,1049,0.34,0.7906,10,0.28,0.6511,10,0
IWM191108P153,2019-11-01,2019-11-01 09:37:57,0.29,0.6744,569,0.27,0.6279,1017,0.34,0.7906,10,0.28,0.6511,10,0
IWM191108P153,2019-11-01,2019-11-01 09:37:57,0.29,0.6744,720,0.27,0.6279,1267,0.34,0.7906,10,0.28,0.6511,10,0
IWM191108P153,2019-11-01,2019-11-01 09:37:58,0.29,0.6744,720,0.27,0.6279,1202,0.34,0.7906,10,0.28,0.6511,10,0
IWM191108P153,2019-11-01,2019-11-01 09:37:58,0.29,0.6744,750,0.27,0.6279,938,0.34,0.7906,10,0.28,0.6511,10,0
IWM191108P153,2019-11-01,2019-11-01 09:37:59,0.29,0.6744,767,0.27,0.6279,949,0.34,0.7906,10,0.28,0.6511,10,0
IWM191108P153,2019-11-01,2019-11-01 09:37:59,0.29,0.6744,820,0.27,0.6279,947,0.34,0.7906,10,0.28,0.6511,10,0
IWM191108P153,2019-11-01,2019-11-01 09:38:00,0.29,0.6744,820,0.27,0.6279,1040,0.34,0.7906,10,0.28,0.6511,10,0
IWM191108P153,2019-11-01,2019-11-01 09:38:00,0.29,0.6744,820,0.27,0.6279,947,0.34,0.7906,10,0.28,0.6511,10,0
IWM191108P153,2019-11-01,2019-11-01 09:38:01,0.29,0.6744,960,0.27,0.6279,624,0.34,0.7906,10,0.28,0.6511,10,0
IWM191108P153,2019-11-01,2019-11-01 09:38:01,0.29,0.6744,910,0.27,0.6279,624,0.34,0.7906,10,0.28,0.6511,10,0
IWM191108P153,2019-11-01,2019-11-01 09:38:02,0.29,0.6744,1047,0.27,0.6279,584,0.34,0.7906,10,0.28,0.6511,10,0
IWM191108P153,2019-11-01,2019-11-01 09:38:02,0.29,0.6744,1171,0.27,0.6279,348,0.34,0.7906,10,0.28,0.6511,10,0
IWM191108P153,2019-11-01,2019-11-01 09:38:03,0.29,0.6744,1171,0.27,0.6279,298,0.34,0.7906,10,0.28,0.6511,10,0
IWM191108P153,2019-11-01,2019-11-01 09:38:03,0.29,0.6744,1171,0.27,0.6279,51,0.34,0.7906,10,0.28,0.6511,10,0
IWM191108P153,2019-11-01,2019-11-01 09:38:04,0.29,0.6744,1436,0.27,0.6279,51,0.34,0.7906,10,0.28,0.6511,10,0
IWM191108P153,2019-11-01,2019-11-01 09:38:04,0.29,0.6744,1446,0.26,0.6046,1334,0.34,0.7906,10,0.275,0.6395,10,0
IWM191108P153,2019-11-01,2019-11-01 09:38:05,0.29,0.6744,1446,0.26,0.6046,1593,0.34,0.7906,10,0.275,0.6395,10,0
IWM191108P153,2019-11-01,2019-11-01 09:38:06,0.28,0.6511,383,0.26,0.6046,1593,0.34,0.7906,10,0.27,0.6279,10,0
IWM191108P153,2019-11-01,2019-11-01 09:38:07,0.28,0.6511,383,0.26,0.6046,1572,0.34,0.7906,10,0.27,0.6279,10,0
IWM191108P153,2019-11-01,2019-11-01 09:38:07,0.28,0.6511,383,0.26,0.6046,1622,0.34,0.7906,10,0.27,0.6279,10,0
IWM191108P153,2019-11-01,2019-11-01 09:38:08,0.28,0.6511,436,0.26,0.6046,1556,0.34,0.7906,10,0.27,0.6279,10,0
IWM191108P153,2019-11-01,2019-11-01 09:38:08,0.28,0.6511,383,0.26,0.6046,1556,0.34,0.7906,10,0.27,0.6279,10,0
IWM191108P153,2019-11-01,2019-11-01 09:38:09,0.28,0.6511,502,0.26,0.6046,1419,0.34,0.7906,10,0.27,0.6279,10,0
IWM191108P153,2019-11-01,2019-11-01 09:38:09,0.28,0.6511,773,0.26,0.6046,1556,0.34,0.7906,10,0.27,0.6279,10,0
IWM191108P153,2019-11-01,2019-11-01 09:38:10,0.28,0.6511,416,0.26,0.6046,1312,0.34,0.7906,10,0.27,0.6279,10,0
IWM191108P153,2019-11-01,2019-11-01 09:38:10,0.28,0.6511,887,0.26,0.6046,1349,0.34,0.7906,10,0.27,0.6279,10,0
IWM191108P153,2019-11-01,2019-11-01 09:38:11,0.28,0.6511,903,0.26,0.6046,1357,0.34,0.7906,10,0.27,0.6279,10,0
IWM191108P153,2019-11-01,2019-11-01 09:38:12,0.28,0.6511,918,0.26,0.6046,1440,0.34,0.7906,10,0.27,0.6279,10,0
IWM191108P153,2019-11-01,2019-11-01 09:38:12,0.28,0.6511,918,0.26,0.6046,1536,0.34,0.7906,10,0.27,0.6279,10,0
IWM191108P153,2019-11-01,2019-11-01 09:38:13,0.28,0.6511,678,0.26,0.6046,1490,0.34,0.7906,10,0.27,0.6279,10,0
IWM191108P153,2019-11-01,2019-11-01 09:38:13,0.28,0.6511,678,0.26,0.6046,1530,0.34,0.7906,10,0.27,0.6279,10,0
IWM191108P153,2019-11-01,2019-11-01 09:38:14,0.28,0.6511,692,0.26,0.6046,1725,0.34,0.7906,10,0.27,0.6279,10,0
IWM191108P153,2019-11-01,2019-11-01 09:38:14,0.28,0.6511,811,0.26,0.6046,1725,0.34,0.7906,10,0.27,0.6279,10,0
IWM191108P153,2019-11-01,2019-11-01 09:38:15,0.28,0.6511,642,0.26,0.6046,1596,0.34,0.7906,10,0.27,0.6279,10,0
IWM191108P153,2019-11-01,2019-11-01 09:38:15,0.28,0.6511,732,0.26,0.6046,1546,0.34,0.7906,10,0.27,0.6279,10,0
IWM191108P153,2019-11-01,2019-11-01 09:38:16,0.28,0.6511,679,0.26,0.6046,1705,0.34,0.7906,10,0.27,0.6279,10,0
IWM191108P153,2019-11-01,2019-11-01 09:38:16,0.28,0.6511,706,0.26,0.6046,1705,0.34,0.7906,10,0.27,0.6279,10,0
IWM191108P153,2019-11-01,2019-11-01 09:38:17,0.28,0.6511,679,0.26,0.6046,1705,0.34,0.7906,10,0.27,0.6279,10,0
IWM191108P153,2019-11-01,2019-11-01 09:38:18,0.28,0.6511,429,0.26,0.6046,1705,0.34,0.7906,10,0.27,0.6279,10,0
IWM191108P153,2019-11-01,2019-11-01 09:38:19,0.28,0.6511,429,0.26,0.6046,1705,0.34,0.7906,10,0.27,0.6279,10,0
IWM191108P153,2019-11-01,2019-11-01 09:38:19,0.28,0.6511,457,0.26,0.6046,1705,0.34,0.7906,10,0.27,0.6279,10,0
IWM191108P153,2019-11-01,2019-11-01 09:38:20,0.28,0.6511,706,0.26,0.6046,1705,0.34,0.7906,10,0.27,0.6279,10,0
IWM191108P153,2019-11-01,2019-11-01 09:38:20,0.28,0.6511,425,0.26,0.6046,1705,0.34,0.7906,10,0.27,0.6279,10,0
IWM191108P153,2019-11-01,2019-11-01 09:38:21,0.28,0.6511,46,0.26,0.6046,1412,0.34,0.7906,10,0.27,0.6279,10,0
IWM191108P153,2019-11-01,2019-11-01 09:38:21,0.28,0.6511,23,0.27,0.6279,257,0.34,0.7906,10,0.275,0.6395,10,0
IWM191108P153,2019-11-01,2019-11-01 09:38:22,0.28,0.6511,10,0.27,0.6279,257,0.34,0.7906,10,0.275,0.6395,10,0
IWM191108P153,2019-11-01,2019-11-01 09:38:23,0.28,0.6511,10,0.27,0.6279,282,0.34,0.7906,10,0.275,0.6395,10,0
IWM191108P153,2019-11-01,2019-11-01 09:38:24,0.29,0.6744,1244,0.27,0.6279,1043,0.34,0.7906,10,0.28,0.6511,10,0
IWM191108P153,2019-11-01,2019-11-01 09:38:24,0.29,0.6744,1344,0.27,0.6279,857,0.34,0.7906,10,0.28,0.6511,10,0
IWM191108P153,2019-11-01,2019-11-01 09:38:25,0.29,0.6744,1589,0.27,0.6279,1245,0.34,0.7906,10,0.28,0.6511,10,0
