symbol,Date,quote_time,ask_price,norm_ask_price,ask_size,bid_price,norm_bid_price,bid_size,last_trade_price,norm_last_trade_price,last_trade_size,mark_price,norm_mark_price,volume,Volume
IWM190920C161,2019-09-17,2019-09-17 09:30:00,0.25,1.0,40,0.18,0.72,40,0.34,1.36,2,0.215,0.86,0,0
IWM190920C161,2019-09-17,2019-09-17 09:30:01,0.27,1.08,500,0.15,0.6,500,0.34,1.36,2,0.21,0.84,0,0
IWM190920C161,2019-09-17,2019-09-17 09:30:02,0.27,1.08,500,0.15,0.6,500,0.34,1.36,2,0.21,0.84,0,0
IWM190920C161,2019-09-17,2019-09-17 09:30:03,0.25,1.0,25,0.19,0.76,20,0.34,1.36,2,0.22,0.88,0,0
IWM190920C161,2019-09-17,2019-09-17 09:30:03,0.25,1.0,100,0.19,0.76,80,0.34,1.36,2,0.22,0.88,0,0
IWM190920C161,2019-09-17,2019-09-17 09:30:04,0.25,1.0,100,0.19,0.76,80,0.34,1.36,2,0.22,0.88,0,0
IWM190920C161,2019-09-17,2019-09-17 09:30:05,0.25,1.0,100,0.19,0.76,80,0.34,1.36,2,0.22,0.88,0,0
IWM190920C161,2019-09-17,2019-09-17 09:30:06,0.25,1.0,80,0.19,0.76,80,0.34,1.36,2,0.22,0.88,0,0
IWM190920C161,2019-09-17,2019-09-17 09:30:07,0.25,1.0,80,0.19,0.76,170,0.34,1.36,2,0.22,0.88,0,0
IWM190920C161,2019-09-17,2019-09-17 09:30:07,0.25,1.0,80,0.19,0.76,80,0.34,1.36,2,0.22,0.88,0,0
IWM190920C161,2019-09-17,2019-09-17 09:30:08,0.23,0.92,184,0.2,0.8,80,0.34,1.36,2,0.215,0.86,0,0
IWM190920C161,2019-09-17,2019-09-17 09:30:09,0.23,0.92,184,0.2,0.8,80,0.34,1.36,2,0.215,0.86,0,0
IWM190920C161,2019-09-17,2019-09-17 09:30:09,0.23,0.92,265,0.2,0.8,80,0.34,1.36,2,0.215,0.86,0,0
IWM190920C161,2019-09-17,2019-09-17 09:30:10,0.23,0.92,265,0.2,0.8,80,0.34,1.36,2,0.215,0.86,0,0
IWM190920C161,2019-09-17,2019-09-17 09:30:11,0.23,0.92,275,0.2,0.8,13,0.34,1.36,2,0.215,0.86,0,0
IWM190920C161,2019-09-17,2019-09-17 09:30:11,0.23,0.92,265,0.2,0.8,41,0.34,1.36,2,0.215,0.86,0,0
IWM190920C161,2019-09-17,2019-09-17 09:30:12,0.23,0.92,275,0.2,0.8,13,0.34,1.36,2,0.215,0.86,0,0
IWM190920C161,2019-09-17,2019-09-17 09:30:13,0.23,0.92,275,0.2,0.8,7,0.34,1.36,2,0.215,0.86,0,0
IWM190920C161,2019-09-17,2019-09-17 09:30:13,0.22,0.88,269,0.19,0.76,80,0.34,1.36,2,0.205,0.82,0,0
IWM190920C161,2019-09-17,2019-09-17 09:30:14,0.22,0.88,293,0.19,0.76,6,0.34,1.36,2,0.205,0.82,0,0
IWM190920C161,2019-09-17,2019-09-17 09:30:15,0.21,0.84,34,0.17,0.68,184,0.34,1.36,2,0.19,0.76,0,0
IWM190920C161,2019-09-17,2019-09-17 09:30:15,0.21,0.84,40,0.17,0.68,401,0.34,1.36,2,0.19,0.76,0,0
IWM190920C161,2019-09-17,2019-09-17 09:30:16,0.21,0.84,20,0.17,0.68,298,0.34,1.36,2,0.19,0.76,0,0
IWM190920C161,2019-09-17,2019-09-17 09:30:16,0.2,0.8,47,0.17,0.68,564,0.34,1.36,2,0.185,0.74,0,0
IWM190920C161,2019-09-17,2019-09-17 09:30:17,0.2,0.8,53,0.18,0.72,218,0.34,1.36,2,0.19,0.76,0,0
IWM190920C161,2019-09-17,2019-09-17 09:30:17,0.2,0.8,53,0.17,0.68,432,0.34,1.36,2,0.185,0.74,0,0
IWM190920C161,2019-09-17,2019-09-17 09:30:18,0.2,0.8,20,0.18,0.72,378,0.34,1.36,2,0.19,0.76,0,0
IWM190920C161,2019-09-17,2019-09-17 09:30:18,0.2,0.8,53,0.18,0.72,378,0.34,1.36,2,0.19,0.76,0,0
IWM190920C161,2019-09-17,2019-09-17 09:30:19,0.2,0.8,21,0.17,0.68,607,0.34,1.36,2,0.185,0.74,0,0
IWM190920C161,2019-09-17,2019-09-17 09:30:19,0.2,0.8,21,0.17,0.68,365,0.34,1.36,2,0.185,0.74,0,0
IWM190920C161,2019-09-17,2019-09-17 09:30:20,0.2,0.8,11,0.17,0.68,607,0.34,1.36,2,0.185,0.74,0,0
IWM190920C161,2019-09-17,2019-09-17 09:30:21,0.2,0.8,54,0.17,0.68,177,0.34,1.36,2,0.185,0.74,0,0
IWM190920C161,2019-09-17,2019-09-17 09:30:21,0.2,0.8,11,0.17,0.68,339,0.34,1.36,2,0.185,0.74,0,0
IWM190920C161,2019-09-17,2019-09-17 09:30:22,0.19,0.76,459,0.16,0.64,183,0.34,1.36,2,0.175,0.7,0,0
IWM190920C161,2019-09-17,2019-09-17 09:30:22,0.2,0.8,45,0.16,0.64,202,0.34,1.36,2,0.18,0.72,0,0
IWM190920C161,2019-09-17,2019-09-17 09:30:23,0.18,0.72,70,0.15,0.6,183,0.34,1.36,2,0.165,0.66,0,0
IWM190920C161,2019-09-17,2019-09-17 09:30:23,0.18,0.72,48,0.15,0.6,183,0.34,1.36,2,0.165,0.66,0,0
IWM190920C161,2019-09-17,2019-09-17 09:30:24,0.18,0.72,16,0.15,0.6,183,0.34,1.36,2,0.165,0.66,0,0
IWM190920C161,2019-09-17,2019-09-17 09:30:24,0.18,0.72,267,0.15,0.6,183,0.34,1.36,2,0.165,0.66,0,0
IWM190920C161,2019-09-17,2019-09-17 09:30:25,0.18,0.72,361,0.15,0.6,183,0.34,1.36,2,0.165,0.66,0,0
IWM190920C161,2019-09-17,2019-09-17 09:30:25,0.18,0.72,388,0.15,0.6,150,0.34,1.36,2,0.165,0.66,0,0
IWM190920C161,2019-09-17,2019-09-17 09:30:26,0.18,0.72,150,0.15,0.6,176,0.34,1.36,2,0.165,0.66,0,0
IWM190920C161,2019-09-17,2019-09-17 09:30:26,0.18,0.72,233,0.15,0.6,176,0.34,1.36,2,0.165,0.66,0,0
IWM190920C161,2019-09-17,2019-09-17 09:30:27,0.17,0.68,1,0.15,0.6,363,0.17,0.68,20,0.16,0.64,20,20
IWM190920C161,2019-09-17,2019-09-17 09:30:27,0.18,0.72,853,0.15,0.6,363,0.17,0.68,20,0.165,0.66,20,0
IWM190920C161,2019-09-17,2019-09-17 09:30:28,0.18,0.72,841,0.15,0.6,363,0.17,0.68,20,0.165,0.66,20,0
IWM190920C161,2019-09-17,2019-09-17 09:30:28,0.18,0.72,110,0.14,0.56,40,0.17,0.68,20,0.16,0.64,20,0
IWM190920C161,2019-09-17,2019-09-17 09:30:29,0.18,0.72,280,0.14,0.56,40,0.17,0.68,20,0.16,0.64,20,0
IWM190920C161,2019-09-17,2019-09-17 09:30:30,0.18,0.72,876,0.15,0.6,169,0.17,0.68,20,0.165,0.66,20,0
IWM190920C161,2019-09-17,2019-09-17 09:30:30,0.18,0.72,864,0.15,0.6,169,0.17,0.68,20,0.165,0.66,20,0
IWM190920C161,2019-09-17,2019-09-17 09:30:31,0.18,0.72,456,0.15,0.6,176,0.17,0.68,20,0.165,0.66,20,0
IWM190920C161,2019-09-17,2019-09-17 09:30:31,0.18,0.72,663,0.15,0.6,176,0.17,0.68,20,0.165,0.66,20,0
IWM190920C161,2019-09-17,2019-09-17 09:30:32,0.18,0.72,566,0.15,0.6,421,0.17,0.68,20,0.165,0.66,20,0
IWM190920C161,2019-09-17,2019-09-17 09:30:32,0.18,0.72,817,0.15,0.6,176,0.17,0.68,20,0.165,0.66,20,0
IWM190920C161,2019-09-17,2019-09-17 09:30:33,0.18,0.72,566,0.15,0.6,421,0.17,0.68,20,0.165,0.66,20,0
IWM190920C161,2019-09-17,2019-09-17 09:30:33,0.18,0.72,566,0.15,0.6,586,0.17,0.68,20,0.165,0.66,20,0
IWM190920C161,2019-09-17,2019-09-17 09:30:34,0.18,0.72,212,0.15,0.6,611,0.17,0.68,20,0.165,0.66,20,0
IWM190920C161,2019-09-17,2019-09-17 09:30:34,0.18,0.72,39,0.15,0.6,1135,0.17,0.68,20,0.165,0.66,20,0
IWM190920C161,2019-09-17,2019-09-17 09:30:35,0.19,0.76,578,0.15,0.6,1223,0.17,0.68,20,0.17,0.68,20,0
IWM190920C161,2019-09-17,2019-09-17 09:30:35,0.19,0.76,512,0.15,0.6,1223,0.17,0.68,20,0.17,0.68,20,0
IWM190920C161,2019-09-17,2019-09-17 09:30:36,0.19,0.76,626,0.15,0.6,1223,0.17,0.68,20,0.17,0.68,20,0
IWM190920C161,2019-09-17,2019-09-17 09:30:37,0.19,0.76,593,0.16,0.64,657,0.17,0.68,20,0.175,0.7,20,0
IWM190920C161,2019-09-17,2019-09-17 09:30:37,0.19,0.76,626,0.16,0.64,493,0.17,0.68,20,0.175,0.7,20,0
IWM190920C161,2019-09-17,2019-09-17 09:30:38,0.19,0.76,593,0.16,0.64,804,0.17,0.68,20,0.175,0.7,20,0
IWM190920C161,2019-09-17,2019-09-17 09:30:39,0.19,0.76,593,0.16,0.64,804,0.17,0.68,20,0.175,0.7,20,0
IWM190920C161,2019-09-17,2019-09-17 09:30:40,0.19,0.76,593,0.16,0.64,804,0.17,0.68,20,0.175,0.7,20,0
IWM190920C161,2019-09-17,2019-09-17 09:30:41,0.19,0.76,535,0.16,0.64,20,0.17,0.68,20,0.175,0.7,20,0
IWM190920C161,2019-09-17,2019-09-17 09:30:41,0.19,0.76,535,0.16,0.64,150,0.17,0.68,20,0.175,0.7,20,0
IWM190920C161,2019-09-17,2019-09-17 09:30:42,0.19,0.76,563,0.16,0.64,150,0.17,0.68,20,0.175,0.7,20,0
IWM190920C161,2019-09-17,2019-09-17 09:30:42,0.19,0.76,535,0.16,0.64,150,0.17,0.68,20,0.175,0.7,20,0
IWM190920C161,2019-09-17,2019-09-17 09:30:43,0.19,0.76,150,0.16,0.64,177,0.17,0.68,20,0.175,0.7,20,0
IWM190920C161,2019-09-17,2019-09-17 09:30:43,0.19,0.76,237,0.15,0.6,572,0.17,0.68,20,0.17,0.68,20,0
IWM190920C161,2019-09-17,2019-09-17 09:30:44,0.19,0.76,337,0.16,0.64,263,0.17,0.68,20,0.175,0.7,20,0
IWM190920C161,2019-09-17,2019-09-17 09:30:44,0.19,0.76,150,0.16,0.64,150,0.17,0.68,20,0.175,0.7,20,0
IWM190920C161,2019-09-17,2019-09-17 09:30:45,0.19,0.76,1,0.16,0.64,150,0.17,0.68,20,0.175,0.7,20,0
IWM190920C161,2019-09-17,2019-09-17 09:30:46,0.19,0.76,56,0.16,0.64,150,0.17,0.68,20,0.175,0.7,20,0
IWM190920C161,2019-09-17,2019-09-17 09:30:46,0.19,0.76,150,0.16,0.64,20,0.17,0.68,20,0.175,0.7,20,0
IWM190920C161,2019-09-17,2019-09-17 09:30:47,0.19,0.76,150,0.16,0.64,150,0.17,0.68,20,0.175,0.7,20,0
IWM190920C161,2019-09-17,2019-09-17 09:30:48,0.19,0.76,150,0.16,0.64,250,0.17,0.68,20,0.175,0.7,20,0
IWM190920C161,2019-09-17,2019-09-17 09:30:49,0.19,0.76,150,0.16,0.64,250,0.17,0.68,20,0.175,0.7,20,0
IWM190920C161,2019-09-17,2019-09-17 09:30:50,0.19,0.76,401,0.16,0.64,250,0.17,0.68,20,0.175,0.7,20,0
IWM190920C161,2019-09-17,2019-09-17 09:30:50,0.19,0.76,250,0.16,0.64,250,0.17,0.68,20,0.175,0.7,20,0
IWM190920C161,2019-09-17,2019-09-17 09:30:51,0.19,0.76,510,0.16,0.64,250,0.17,0.68,20,0.175,0.7,20,0
IWM190920C161,2019-09-17,2019-09-17 09:30:51,0.19,0.76,270,0.16,0.64,250,0.17,0.68,20,0.175,0.7,20,0
IWM190920C161,2019-09-17,2019-09-17 09:30:52,0.19,0.76,777,0.16,0.64,250,0.17,0.68,20,0.175,0.7,20,0
IWM190920C161,2019-09-17,2019-09-17 09:30:52,0.19,0.76,358,0.16,0.64,250,0.17,0.68,20,0.175,0.7,20,0
IWM190920C161,2019-09-17,2019-09-17 09:30:53,0.19,0.76,901,0.16,0.64,250,0.17,0.68,20,0.175,0.7,20,0
IWM190920C161,2019-09-17,2019-09-17 09:30:53,0.19,0.76,801,0.16,0.64,250,0.17,0.68,20,0.175,0.7,20,0
IWM190920C161,2019-09-17,2019-09-17 09:30:54,0.19,0.76,901,0.16,0.64,250,0.17,0.68,20,0.175,0.7,20,0
IWM190920C161,2019-09-17,2019-09-17 09:30:55,0.19,0.76,901,0.16,0.64,250,0.17,0.68,20,0.175,0.7,20,0
IWM190920C161,2019-09-17,2019-09-17 09:30:56,0.19,0.76,877,0.16,0.64,250,0.17,0.68,20,0.175,0.7,20,0
IWM190920C161,2019-09-17,2019-09-17 09:30:56,0.19,0.76,1040,0.16,0.64,250,0.17,0.68,20,0.175,0.7,20,0
IWM190920C161,2019-09-17,2019-09-17 09:30:57,0.19,0.76,686,0.16,0.64,196,0.17,0.68,20,0.175,0.7,20,0
IWM190920C161,2019-09-17,2019-09-17 09:30:57,0.19,0.76,948,0.16,0.64,250,0.17,0.68,20,0.175,0.7,20,0
IWM190920C161,2019-09-17,2019-09-17 09:30:58,0.19,0.76,686,0.16,0.64,258,0.17,0.68,20,0.175,0.7,20,0
IWM190920C161,2019-09-17,2019-09-17 09:30:58,0.19,0.76,686,0.16,0.64,791,0.17,0.68,20,0.175,0.7,20,0
IWM190920C161,2019-09-17,2019-09-17 09:30:59,0.19,0.76,686,0.16,0.64,258,0.17,0.68,20,0.175,0.7,20,0
IWM190920C161,2019-09-17,2019-09-17 09:30:59,0.19,0.76,710,0.16,0.64,445,0.17,0.68,20,0.175,0.7,20,0
IWM190920C161,2019-09-17,2019-09-17 09:31:00,0.19,0.76,154,0.16,0.64,158,0.17,0.68,20,0.175,0.7,20,0
IWM190920C161,2019-09-17,2019-09-17 09:31:00,0.19,0.76,13,0.17,0.68,50,0.17,0.68,20,0.18,0.72,20,0
IWM190920C161,2019-09-17,2019-09-17 09:31:01,0.19,0.76,523,0.16,0.64,509,0.17,0.68,20,0.175,0.7,20,0
IWM190920C161,2019-09-17,2019-09-17 09:31:01,0.19,0.76,229,0.16,0.64,158,0.17,0.68,20,0.175,0.7,20,0
IWM190920C161,2019-09-17,2019-09-17 09:31:02,0.19,0.76,499,0.17,0.68,179,0.17,0.68,20,0.18,0.72,20,0
IWM190920C161,2019-09-17,2019-09-17 09:31:02,0.19,0.76,783,0.16,0.64,258,0.17,0.68,20,0.175,0.7,20,0
IWM190920C161,2019-09-17,2019-09-17 09:31:03,0.2,0.8,100,0.17,0.68,379,0.17,0.68,20,0.185,0.74,20,0
IWM190920C161,2019-09-17,2019-09-17 09:31:03,0.2,0.8,1,0.17,0.68,231,0.17,0.68,20,0.185,0.74,20,0
IWM190920C161,2019-09-17,2019-09-17 09:31:04,0.2,0.8,683,0.17,0.68,909,0.17,0.68,20,0.185,0.74,20,0
IWM190920C161,2019-09-17,2019-09-17 09:31:04,0.2,0.8,100,0.17,0.68,379,0.17,0.68,20,0.185,0.74,20,0
IWM190920C161,2019-09-17,2019-09-17 09:31:05,0.2,0.8,551,0.17,0.68,480,0.17,0.68,20,0.185,0.74,20,0
IWM190920C161,2019-09-17,2019-09-17 09:31:05,0.2,0.8,801,0.17,0.68,909,0.17,0.68,20,0.185,0.74,20,0
IWM190920C161,2019-09-17,2019-09-17 09:31:06,0.2,0.8,686,0.17,0.68,377,0.17,0.68,20,0.185,0.74,20,0
IWM190920C161,2019-09-17,2019-09-17 09:31:06,0.2,0.8,150,0.17,0.68,239,0.17,0.68,20,0.185,0.74,20,0
IWM190920C161,2019-09-17,2019-09-17 09:31:07,0.2,0.8,792,0.17,0.68,676,0.17,0.68,20,0.185,0.74,20,0
IWM190920C161,2019-09-17,2019-09-17 09:31:07,0.2,0.8,681,0.17,0.68,273,0.17,0.68,20,0.185,0.74,20,0
IWM190920C161,2019-09-17,2019-09-17 09:31:08,0.2,0.8,180,0.17,0.68,202,0.17,0.68,20,0.185,0.74,20,0
IWM190920C161,2019-09-17,2019-09-17 09:31:09,0.2,0.8,770,0.17,0.68,234,0.17,0.68,20,0.185,0.74,20,0
IWM190920C161,2019-09-17,2019-09-17 09:31:09,0.2,0.8,122,0.17,0.68,234,0.17,0.68,20,0.185,0.74,20,0
IWM190920C161,2019-09-17,2019-09-17 09:31:10,0.2,0.8,188,0.17,0.68,160,0.17,0.68,20,0.185,0.74,20,0
IWM190920C161,2019-09-17,2019-09-17 09:31:10,0.2,0.8,816,0.17,0.68,160,0.17,0.68,20,0.185,0.74,20,0
IWM190920C161,2019-09-17,2019-09-17 09:31:11,0.2,0.8,884,0.17,0.68,160,0.17,0.68,20,0.185,0.74,20,0
IWM190920C161,2019-09-17,2019-09-17 09:31:11,0.2,0.8,884,0.17,0.68,246,0.17,0.68,20,0.185,0.74,20,0
IWM190920C161,2019-09-17,2019-09-17 09:31:12,0.2,0.8,600,0.17,0.68,412,0.17,0.68,20,0.185,0.74,20,0
IWM190920C161,2019-09-17,2019-09-17 09:31:12,0.2,0.8,767,0.17,0.68,278,0.17,0.68,20,0.185,0.74,20,0
IWM190920C161,2019-09-17,2019-09-17 09:31:13,0.2,0.8,600,0.17,0.68,489,0.17,0.68,20,0.185,0.74,20,0
IWM190920C161,2019-09-17,2019-09-17 09:31:13,0.21,0.84,42,0.17,0.68,608,0.17,0.68,20,0.19,0.76,20,0
IWM190920C161,2019-09-17,2019-09-17 09:31:14,0.2,0.8,597,0.17,0.68,600,0.17,0.68,20,0.185,0.74,20,0
IWM190920C161,2019-09-17,2019-09-17 09:31:14,0.2,0.8,597,0.17,0.68,597,0.17,0.68,20,0.185,0.74,20,0
IWM190920C161,2019-09-17,2019-09-17 09:31:15,0.2,0.8,659,0.17,0.68,412,0.17,0.68,20,0.185,0.74,20,0
IWM190920C161,2019-09-17,2019-09-17 09:31:15,0.2,0.8,700,0.17,0.68,501,0.17,0.68,20,0.185,0.74,20,0
IWM190920C161,2019-09-17,2019-09-17 09:31:16,0.2,0.8,664,0.17,0.68,346,0.17,0.68,20,0.185,0.74,20,0
IWM190920C161,2019-09-17,2019-09-17 09:31:16,0.2,0.8,664,0.17,0.68,450,0.17,0.68,20,0.185,0.74,20,0
IWM190920C161,2019-09-17,2019-09-17 09:31:17,0.2,0.8,664,0.17,0.68,450,0.17,0.68,20,0.185,0.74,20,0
IWM190920C161,2019-09-17,2019-09-17 09:31:17,0.2,0.8,664,0.17,0.68,460,0.17,0.68,20,0.185,0.74,20,0
IWM190920C161,2019-09-17,2019-09-17 09:31:18,0.2,0.8,664,0.17,0.68,460,0.17,0.68,20,0.185,0.74,20,0
IWM190920C161,2019-09-17,2019-09-17 09:31:18,0.2,0.8,664,0.17,0.68,450,0.17,0.68,20,0.185,0.74,20,0
IWM190920C161,2019-09-17,2019-09-17 09:31:19,0.2,0.8,467,0.18,0.72,204,0.17,0.68,20,0.19,0.76,20,0
IWM190920C161,2019-09-17,2019-09-17 09:31:19,0.2,0.8,718,0.17,0.68,270,0.17,0.68,20,0.185,0.74,20,0
IWM190920C161,2019-09-17,2019-09-17 09:31:20,0.2,0.8,542,0.18,0.72,204,0.17,0.68,20,0.19,0.76,20,0
IWM190920C161,2019-09-17,2019-09-17 09:31:20,0.2,0.8,302,0.18,0.72,204,0.17,0.68,20,0.19,0.76,20,0
IWM190920C161,2019-09-17,2019-09-17 09:31:21,0.2,0.8,460,0.18,0.72,286,0.17,0.68,20,0.19,0.76,20,0
IWM190920C161,2019-09-17,2019-09-17 09:31:21,0.2,0.8,558,0.18,0.72,375,0.17,0.68,20,0.19,0.76,20,0
IWM190920C161,2019-09-17,2019-09-17 09:31:22,0.2,0.8,558,0.18,0.72,332,0.17,0.68,20,0.19,0.76,20,0
IWM190920C161,2019-09-17,2019-09-17 09:31:23,0.2,0.8,558,0.18,0.72,379,0.17,0.68,20,0.19,0.76,20,0
IWM190920C161,2019-09-17,2019-09-17 09:31:24,0.19,0.76,11,0.17,0.68,338,0.17,0.68,20,0.18,0.72,20,0
IWM190920C161,2019-09-17,2019-09-17 09:31:24,0.2,0.8,444,0.18,0.72,20,0.17,0.68,20,0.19,0.76,20,0
IWM190920C161,2019-09-17,2019-09-17 09:31:25,0.2,0.8,172,0.17,0.68,258,0.17,0.68,20,0.185,0.74,20,0
IWM190920C161,2019-09-17,2019-09-17 09:31:25,0.19,0.76,27,0.17,0.68,408,0.17,0.68,20,0.18,0.72,20,0
IWM190920C161,2019-09-17,2019-09-17 09:31:26,0.2,0.8,150,0.19,0.76,32,0.17,0.68,20,0.195,0.78,20,0
IWM190920C161,2019-09-17,2019-09-17 09:31:26,0.2,0.8,213,0.19,0.76,32,0.17,0.68,20,0.195,0.78,20,0
IWM190920C161,2019-09-17,2019-09-17 09:31:27,0.2,0.8,149,0.19,0.76,32,0.17,0.68,20,0.195,0.78,20,0
IWM190920C161,2019-09-17,2019-09-17 09:31:28,0.21,0.84,540,0.19,0.76,20,0.17,0.68,20,0.2,0.8,20,0
IWM190920C161,2019-09-17,2019-09-17 09:31:28,0.21,0.84,225,0.19,0.76,32,0.17,0.68,20,0.2,0.8,20,0
IWM190920C161,2019-09-17,2019-09-17 09:31:29,0.21,0.84,209,0.18,0.72,195,0.17,0.68,20,0.195,0.78,20,0
IWM190920C161,2019-09-17,2019-09-17 09:31:29,0.21,0.84,332,0.18,0.72,280,0.17,0.68,20,0.195,0.78,20,0
IWM190920C161,2019-09-17,2019-09-17 09:31:30,0.21,0.84,489,0.18,0.72,300,0.17,0.68,20,0.195,0.78,20,0
IWM190920C161,2019-09-17,2019-09-17 09:31:30,0.21,0.84,212,0.18,0.72,300,0.17,0.68,20,0.195,0.78,20,0
IWM190920C161,2019-09-17,2019-09-17 09:31:31,0.21,0.84,811,0.18,0.72,158,0.17,0.68,20,0.195,0.78,20,0
IWM190920C161,2019-09-17,2019-09-17 09:31:31,0.21,0.84,831,0.18,0.72,276,0.17,0.68,20,0.195,0.78,20,0
IWM190920C161,2019-09-17,2019-09-17 09:31:32,0.21,0.84,1272,0.18,0.72,316,0.17,0.68,20,0.195,0.78,20,0
IWM190920C161,2019-09-17,2019-09-17 09:31:32,0.21,0.84,831,0.19,0.76,15,0.17,0.68,20,0.2,0.8,20,0
IWM190920C161,2019-09-17,2019-09-17 09:31:33,0.21,0.84,287,0.18,0.72,189,0.17,0.68,20,0.195,0.78,20,0
IWM190920C161,2019-09-17,2019-09-17 09:31:33,0.21,0.84,831,0.19,0.76,27,0.17,0.68,20,0.2,0.8,20,0
IWM190920C161,2019-09-17,2019-09-17 09:31:34,0.21,0.84,314,0.18,0.72,255,0.17,0.68,20,0.195,0.78,20,0
IWM190920C161,2019-09-17,2019-09-17 09:31:34,0.21,0.84,947,0.18,0.72,97,0.17,0.68,20,0.195,0.78,20,0
IWM190920C161,2019-09-17,2019-09-17 09:31:35,0.21,0.84,261,0.19,0.76,18,0.17,0.68,20,0.2,0.8,20,0
IWM190920C161,2019-09-17,2019-09-17 09:31:35,0.21,0.84,331,0.18,0.72,80,0.17,0.68,20,0.195,0.78,20,0
IWM190920C161,2019-09-17,2019-09-17 09:31:36,0.21,0.84,1008,0.19,0.76,30,0.17,0.68,20,0.2,0.8,20,0
IWM190920C161,2019-09-17,2019-09-17 09:31:36,0.2,0.8,110,0.17,0.68,400,0.17,0.68,20,0.185,0.74,20,0
IWM190920C161,2019-09-17,2019-09-17 09:31:37,0.2,0.8,661,0.17,0.68,530,0.17,0.68,20,0.185,0.74,20,0
IWM190920C161,2019-09-17,2019-09-17 09:31:37,0.2,0.8,661,0.18,0.72,60,0.17,0.68,20,0.19,0.76,20,0
IWM190920C161,2019-09-17,2019-09-17 09:31:38,0.2,0.8,661,0.18,0.72,60,0.17,0.68,20,0.19,0.76,20,0
IWM190920C161,2019-09-17,2019-09-17 09:31:38,0.2,0.8,701,0.18,0.72,60,0.17,0.68,20,0.19,0.76,20,0
IWM190920C161,2019-09-17,2019-09-17 09:31:39,0.2,0.8,701,0.18,0.72,60,0.17,0.68,20,0.19,0.76,20,0
IWM190920C161,2019-09-17,2019-09-17 09:31:40,0.2,0.8,701,0.18,0.72,52,0.17,0.68,20,0.19,0.76,20,0
IWM190920C161,2019-09-17,2019-09-17 09:31:41,0.2,0.8,585,0.18,0.72,347,0.17,0.68,20,0.19,0.76,20,0
IWM190920C161,2019-09-17,2019-09-17 09:31:41,0.2,0.8,585,0.18,0.72,245,0.17,0.68,20,0.19,0.76,20,0
IWM190920C161,2019-09-17,2019-09-17 09:31:42,0.2,0.8,585,0.18,0.72,245,0.17,0.68,20,0.19,0.76,20,0
IWM190920C161,2019-09-17,2019-09-17 09:31:42,0.2,0.8,585,0.19,0.76,3,0.17,0.68,20,0.195,0.78,20,0
IWM190920C161,2019-09-17,2019-09-17 09:31:43,0.2,0.8,597,0.18,0.72,225,0.17,0.68,20,0.19,0.76,20,0
IWM190920C161,2019-09-17,2019-09-17 09:31:43,0.2,0.8,585,0.19,0.76,6,0.17,0.68,20,0.195,0.78,20,0
IWM190920C161,2019-09-17,2019-09-17 09:31:44,0.2,0.8,383,0.19,0.76,17,0.17,0.68,20,0.195,0.78,20,0
IWM190920C161,2019-09-17,2019-09-17 09:31:45,0.2,0.8,383,0.19,0.76,26,0.17,0.68,20,0.195,0.78,20,0
IWM190920C161,2019-09-17,2019-09-17 09:31:45,0.2,0.8,585,0.19,0.76,17,0.17,0.68,20,0.195,0.78,20,0
IWM190920C161,2019-09-17,2019-09-17 09:31:46,0.2,0.8,591,0.19,0.76,17,0.17,0.68,20,0.195,0.78,20,0
IWM190920C161,2019-09-17,2019-09-17 09:31:46,0.2,0.8,605,0.19,0.76,17,0.17,0.68,20,0.195,0.78,20,0
IWM190920C161,2019-09-17,2019-09-17 09:31:47,0.2,0.8,611,0.18,0.72,225,0.2,0.8,5,0.19,0.76,25,0
IWM190920C161,2019-09-17,2019-09-17 09:31:47,0.2,0.8,511,0.18,0.72,225,0.2,0.8,5,0.19,0.76,25,5
IWM190920C161,2019-09-17,2019-09-17 09:31:48,0.2,0.8,587,0.18,0.72,225,0.2,0.8,5,0.19,0.76,25,0
IWM190920C161,2019-09-17,2019-09-17 09:31:48,0.2,0.8,383,0.18,0.72,225,0.2,0.8,5,0.19,0.76,25,0
IWM190920C161,2019-09-17,2019-09-17 09:31:49,0.2,0.8,641,0.18,0.72,305,0.2,0.8,5,0.19,0.76,25,0
IWM190920C161,2019-09-17,2019-09-17 09:31:49,0.2,0.8,622,0.18,0.72,225,0.2,0.8,5,0.19,0.76,25,0
IWM190920C161,2019-09-17,2019-09-17 09:31:50,0.2,0.8,775,0.18,0.72,99,0.2,0.8,5,0.19,0.76,25,0
IWM190920C161,2019-09-17,2019-09-17 09:31:50,0.2,0.8,775,0.18,0.72,225,0.2,0.8,5,0.19,0.76,25,0
IWM190920C161,2019-09-17,2019-09-17 09:31:51,0.2,0.8,693,0.18,0.72,99,0.2,0.8,5,0.19,0.76,25,0
IWM190920C161,2019-09-17,2019-09-17 09:31:52,0.2,0.8,693,0.19,0.76,17,0.2,0.8,5,0.195,0.78,25,0
IWM190920C161,2019-09-17,2019-09-17 09:31:52,0.2,0.8,693,0.19,0.76,26,0.2,0.8,5,0.195,0.78,25,0
IWM190920C161,2019-09-17,2019-09-17 09:31:53,0.2,0.8,693,0.19,0.76,17,0.2,0.8,5,0.195,0.78,25,0
IWM190920C161,2019-09-17,2019-09-17 09:31:54,0.2,0.8,711,0.18,0.72,120,0.2,0.8,5,0.19,0.76,25,0
IWM190920C161,2019-09-17,2019-09-17 09:31:54,0.2,0.8,693,0.19,0.76,19,0.2,0.8,5,0.195,0.78,25,0
IWM190920C161,2019-09-17,2019-09-17 09:31:55,0.2,0.8,693,0.18,0.72,175,0.2,0.8,5,0.19,0.76,25,0
IWM190920C161,2019-09-17,2019-09-17 09:31:55,0.2,0.8,693,0.18,0.72,179,0.2,0.8,5,0.19,0.76,25,0
IWM190920C161,2019-09-17,2019-09-17 09:31:56,0.2,0.8,711,0.18,0.72,225,0.2,0.8,5,0.19,0.76,25,0
IWM190920C161,2019-09-17,2019-09-17 09:31:57,0.2,0.8,716,0.18,0.72,225,0.2,0.8,5,0.19,0.76,25,0
IWM190920C161,2019-09-17,2019-09-17 09:31:58,0.2,0.8,693,0.18,0.72,225,0.2,0.8,5,0.19,0.76,25,0
IWM190920C161,2019-09-17,2019-09-17 09:31:58,0.2,0.8,668,0.18,0.72,225,0.2,0.8,5,0.19,0.76,25,0
IWM190920C161,2019-09-17,2019-09-17 09:31:59,0.2,0.8,668,0.19,0.76,29,0.2,0.8,5,0.195,0.78,25,0
IWM190920C161,2019-09-17,2019-09-17 09:31:59,0.2,0.8,668,0.18,0.72,225,0.2,0.8,5,0.19,0.76,25,0
IWM190920C161,2019-09-17,2019-09-17 09:32:00,0.2,0.8,562,0.18,0.72,225,0.2,0.8,5,0.19,0.76,25,0
IWM190920C161,2019-09-17,2019-09-17 09:32:00,0.2,0.8,438,0.19,0.76,29,0.2,0.8,5,0.195,0.78,25,0
IWM190920C161,2019-09-17,2019-09-17 09:32:01,0.2,0.8,643,0.18,0.72,9,0.2,0.8,5,0.19,0.76,25,0
IWM190920C161,2019-09-17,2019-09-17 09:32:01,0.2,0.8,122,0.18,0.72,6,0.2,0.8,5,0.19,0.76,25,0
IWM190920C161,2019-09-17,2019-09-17 09:32:02,0.2,0.8,653,0.18,0.72,85,0.2,0.8,5,0.19,0.76,25,0
IWM190920C161,2019-09-17,2019-09-17 09:32:02,0.2,0.8,655,0.18,0.72,22,0.2,0.8,5,0.19,0.76,25,0
IWM190920C161,2019-09-17,2019-09-17 09:32:03,0.2,0.8,525,0.18,0.72,118,0.2,0.8,5,0.19,0.76,25,0
IWM190920C161,2019-09-17,2019-09-17 09:32:03,0.2,0.8,543,0.18,0.72,252,0.2,0.8,5,0.19,0.76,25,0
IWM190920C161,2019-09-17,2019-09-17 09:32:04,0.2,0.8,492,0.18,0.72,215,0.2,0.8,5,0.19,0.76,25,0
IWM190920C161,2019-09-17,2019-09-17 09:32:04,0.2,0.8,492,0.18,0.72,275,0.2,0.8,5,0.19,0.76,25,0
IWM190920C161,2019-09-17,2019-09-17 09:32:05,0.2,0.8,492,0.18,0.72,285,0.2,0.8,5,0.19,0.76,25,0
IWM190920C161,2019-09-17,2019-09-17 09:32:05,0.2,0.8,154,0.19,0.76,60,0.2,0.8,5,0.195,0.78,25,0
IWM190920C161,2019-09-17,2019-09-17 09:32:06,0.21,0.84,85,0.19,0.76,31,0.2,0.8,5,0.2,0.8,25,0
IWM190920C161,2019-09-17,2019-09-17 09:32:06,0.2,0.8,154,0.19,0.76,31,0.2,0.8,5,0.195,0.78,25,0
IWM190920C161,2019-09-17,2019-09-17 09:32:07,0.2,0.8,100,0.19,0.76,31,0.2,0.8,5,0.195,0.78,25,0
IWM190920C161,2019-09-17,2019-09-17 09:32:07,0.2,0.8,110,0.19,0.76,31,0.2,0.8,5,0.195,0.78,25,0
IWM190920C161,2019-09-17,2019-09-17 09:32:08,0.2,0.8,150,0.19,0.76,27,0.2,0.8,5,0.195,0.78,25,0
IWM190920C161,2019-09-17,2019-09-17 09:32:09,0.2,0.8,150,0.19,0.76,76,0.2,0.8,5,0.195,0.78,25,0
IWM190920C161,2019-09-17,2019-09-17 09:32:09,0.21,0.84,859,0.19,0.76,76,0.2,0.8,5,0.2,0.8,25,0
IWM190920C161,2019-09-17,2019-09-17 09:32:10,0.21,0.84,746,0.19,0.76,18,0.2,0.8,5,0.2,0.8,25,0
IWM190920C161,2019-09-17,2019-09-17 09:32:10,0.21,0.84,859,0.19,0.76,76,0.2,0.8,5,0.2,0.8,25,0
IWM190920C161,2019-09-17,2019-09-17 09:32:11,0.21,0.84,801,0.19,0.76,60,0.2,0.8,5,0.2,0.8,25,0
IWM190920C161,2019-09-17,2019-09-17 09:32:12,0.21,0.84,801,0.19,0.76,31,0.2,0.8,5,0.2,0.8,25,0
IWM190920C161,2019-09-17,2019-09-17 09:32:13,0.21,0.84,648,0.19,0.76,65,0.2,0.8,5,0.2,0.8,25,0
IWM190920C161,2019-09-17,2019-09-17 09:32:13,0.21,0.84,648,0.2,0.8,13,0.2,0.8,5,0.205,0.82,25,0
IWM190920C161,2019-09-17,2019-09-17 09:32:14,0.21,0.84,657,0.19,0.76,157,0.2,0.8,5,0.2,0.8,25,0
IWM190920C161,2019-09-17,2019-09-17 09:32:14,0.21,0.84,657,0.19,0.76,80,0.2,0.8,5,0.2,0.8,25,0
IWM190920C161,2019-09-17,2019-09-17 09:32:15,0.21,0.84,657,0.19,0.76,124,0.2,0.8,5,0.2,0.8,25,0
IWM190920C161,2019-09-17,2019-09-17 09:32:16,0.21,0.84,782,0.19,0.76,124,0.2,0.8,5,0.2,0.8,25,0
IWM190920C161,2019-09-17,2019-09-17 09:32:16,0.21,0.84,898,0.19,0.76,54,0.2,0.8,5,0.2,0.8,25,0
IWM190920C161,2019-09-17,2019-09-17 09:32:17,0.21,0.84,898,0.19,0.76,32,0.2,0.8,5,0.2,0.8,25,0
IWM190920C161,2019-09-17,2019-09-17 09:32:17,0.21,0.84,912,0.18,0.72,1016,0.2,0.8,5,0.195,0.78,25,0
IWM190920C161,2019-09-17,2019-09-17 09:32:18,0.21,0.84,997,0.19,0.76,22,0.2,0.8,5,0.2,0.8,25,0
IWM190920C161,2019-09-17,2019-09-17 09:32:18,0.21,0.84,1113,0.19,0.76,22,0.2,0.8,5,0.2,0.8,25,0
IWM190920C161,2019-09-17,2019-09-17 09:32:19,0.21,0.84,1531,0.18,0.72,557,0.2,0.8,5,0.195,0.78,25,0
IWM190920C161,2019-09-17,2019-09-17 09:32:19,0.21,0.84,1519,0.18,0.72,425,0.2,0.8,5,0.195,0.78,25,0
IWM190920C161,2019-09-17,2019-09-17 09:32:20,0.21,0.84,1531,0.18,0.72,738,0.2,0.8,5,0.195,0.78,25,0
IWM190920C161,2019-09-17,2019-09-17 09:32:21,0.21,0.84,1147,0.18,0.72,604,0.2,0.8,5,0.195,0.78,25,0
IWM190920C161,2019-09-17,2019-09-17 09:32:21,0.21,0.84,1315,0.18,0.72,604,0.2,0.8,5,0.195,0.78,25,0
IWM190920C161,2019-09-17,2019-09-17 09:32:22,0.21,0.84,1147,0.18,0.72,120,0.2,0.8,5,0.195,0.78,25,0
IWM190920C161,2019-09-17,2019-09-17 09:32:22,0.21,0.84,1147,0.18,0.72,420,0.2,0.8,5,0.195,0.78,25,0
IWM190920C161,2019-09-17,2019-09-17 09:32:23,0.2,0.8,770,0.18,0.72,120,0.2,0.8,5,0.19,0.76,25,0
IWM190920C161,2019-09-17,2019-09-17 09:32:23,0.2,0.8,425,0.18,0.72,120,0.2,0.8,5,0.19,0.76,25,0
IWM190920C161,2019-09-17,2019-09-17 09:32:24,0.2,0.8,770,0.18,0.72,138,0.2,0.8,5,0.19,0.76,25,0
IWM190920C161,2019-09-17,2019-09-17 09:32:25,0.2,0.8,794,0.18,0.72,138,0.2,0.8,5,0.19,0.76,25,0
IWM190920C161,2019-09-17,2019-09-17 09:32:26,0.2,0.8,794,0.18,0.72,138,0.2,0.8,5,0.19,0.76,25,0
IWM190920C161,2019-09-17,2019-09-17 09:32:26,0.2,0.8,944,0.18,0.72,138,0.2,0.8,5,0.19,0.76,25,0
IWM190920C161,2019-09-17,2019-09-17 09:32:27,0.2,0.8,1091,0.17,0.68,250,0.2,0.8,5,0.185,0.74,25,0
IWM190920C161,2019-09-17,2019-09-17 09:32:27,0.2,0.8,1274,0.18,0.72,138,0.2,0.8,5,0.19,0.76,25,0
IWM190920C161,2019-09-17,2019-09-17 09:32:28,0.2,0.8,767,0.17,0.68,1058,0.2,0.8,5,0.185,0.74,25,0
IWM190920C161,2019-09-17,2019-09-17 09:32:28,0.2,0.8,902,0.18,0.72,25,0.2,0.8,5,0.19,0.76,25,0
IWM190920C161,2019-09-17,2019-09-17 09:32:29,0.2,0.8,1211,0.17,0.68,656,0.2,0.8,5,0.185,0.74,25,0
IWM190920C161,2019-09-17,2019-09-17 09:32:29,0.2,0.8,1280,0.17,0.68,282,0.2,0.8,5,0.185,0.74,25,0
IWM190920C161,2019-09-17,2019-09-17 09:32:30,0.2,0.8,902,0.17,0.68,205,0.2,0.8,5,0.185,0.74,25,0
IWM190920C161,2019-09-17,2019-09-17 09:32:30,0.2,0.8,1280,0.18,0.72,29,0.2,0.8,5,0.19,0.76,25,0
IWM190920C161,2019-09-17,2019-09-17 09:32:31,0.2,0.8,1280,0.17,0.68,494,0.2,0.8,5,0.185,0.74,25,0
IWM190920C161,2019-09-17,2019-09-17 09:32:32,0.2,0.8,1280,0.17,0.68,706,0.2,0.8,5,0.185,0.74,25,0
IWM190920C161,2019-09-17,2019-09-17 09:32:33,0.2,0.8,1280,0.17,0.68,545,0.2,0.8,5,0.185,0.74,25,0
IWM190920C161,2019-09-17,2019-09-17 09:32:33,0.2,0.8,1320,0.17,0.68,420,0.2,0.8,5,0.185,0.74,25,0
IWM190920C161,2019-09-17,2019-09-17 09:32:34,0.19,0.76,584,0.17,0.68,533,0.2,0.8,5,0.18,0.72,25,0
IWM190920C161,2019-09-17,2019-09-17 09:32:34,0.2,0.8,1388,0.17,0.68,727,0.2,0.8,5,0.185,0.74,25,0
IWM190920C161,2019-09-17,2019-09-17 09:32:35,0.19,0.76,608,0.17,0.68,533,0.2,0.8,5,0.18,0.72,25,0
IWM190920C161,2019-09-17,2019-09-17 09:32:35,0.19,0.76,584,0.17,0.68,533,0.2,0.8,5,0.18,0.72,25,0
IWM190920C161,2019-09-17,2019-09-17 09:32:36,0.19,0.76,608,0.17,0.68,533,0.2,0.8,5,0.18,0.72,25,0
IWM190920C161,2019-09-17,2019-09-17 09:32:36,0.19,0.76,608,0.17,0.68,205,0.2,0.8,5,0.18,0.72,25,0
IWM190920C161,2019-09-17,2019-09-17 09:32:37,0.19,0.76,608,0.17,0.68,205,0.2,0.8,5,0.18,0.72,25,0
IWM190920C161,2019-09-17,2019-09-17 09:32:37,0.19,0.76,810,0.17,0.68,205,0.2,0.8,5,0.18,0.72,25,0
IWM190920C161,2019-09-17,2019-09-17 09:32:38,0.19,0.76,810,0.18,0.72,17,0.2,0.8,5,0.185,0.74,25,0
IWM190920C161,2019-09-17,2019-09-17 09:32:38,0.19,0.76,810,0.17,0.68,205,0.2,0.8,5,0.18,0.72,25,0
IWM190920C161,2019-09-17,2019-09-17 09:32:39,0.19,0.76,160,0.18,0.72,9,0.2,0.8,5,0.185,0.74,25,0
IWM190920C161,2019-09-17,2019-09-17 09:32:39,0.19,0.76,742,0.18,0.72,17,0.2,0.8,5,0.185,0.74,25,0
IWM190920C161,2019-09-17,2019-09-17 09:32:40,0.19,0.76,611,0.18,0.72,29,0.2,0.8,5,0.185,0.74,25,0
IWM190920C161,2019-09-17,2019-09-17 09:32:41,0.19,0.76,537,0.17,0.68,216,0.2,0.8,5,0.18,0.72,25,0
IWM190920C161,2019-09-17,2019-09-17 09:32:41,0.19,0.76,180,0.18,0.72,13,0.2,0.8,5,0.185,0.74,25,0
IWM190920C161,2019-09-17,2019-09-17 09:32:42,0.19,0.76,180,0.18,0.72,13,0.2,0.8,5,0.185,0.74,25,0
IWM190920C161,2019-09-17,2019-09-17 09:32:42,0.19,0.76,670,0.18,0.72,13,0.2,0.8,5,0.185,0.74,25,0
IWM190920C161,2019-09-17,2019-09-17 09:32:43,0.19,0.76,663,0.18,0.72,23,0.2,0.8,5,0.185,0.74,25,0
IWM190920C161,2019-09-17,2019-09-17 09:32:44,0.19,0.76,656,0.18,0.72,7,0.2,0.8,5,0.185,0.74,25,0
IWM190920C161,2019-09-17,2019-09-17 09:32:44,0.19,0.76,663,0.18,0.72,13,0.2,0.8,5,0.185,0.74,25,0
IWM190920C161,2019-09-17,2019-09-17 09:32:45,0.19,0.76,656,0.18,0.72,7,0.2,0.8,5,0.185,0.74,25,0
IWM190920C161,2019-09-17,2019-09-17 09:32:45,0.19,0.76,656,0.18,0.72,27,0.2,0.8,5,0.185,0.74,25,0
IWM190920C161,2019-09-17,2019-09-17 09:32:46,0.19,0.76,656,0.18,0.72,27,0.2,0.8,5,0.185,0.74,25,0
IWM190920C161,2019-09-17,2019-09-17 09:32:47,0.19,0.76,656,0.18,0.72,27,0.2,0.8,5,0.185,0.74,25,0
IWM190920C161,2019-09-17,2019-09-17 09:32:48,0.19,0.76,140,0.18,0.72,27,0.2,0.8,5,0.185,0.74,25,0
IWM190920C161,2019-09-17,2019-09-17 09:32:48,0.19,0.76,291,0.17,0.68,86,0.2,0.8,5,0.18,0.72,25,0
IWM190920C161,2019-09-17,2019-09-17 09:32:49,0.19,0.76,1175,0.17,0.68,96,0.2,0.8,5,0.18,0.72,25,0
IWM190920C161,2019-09-17,2019-09-17 09:32:49,0.19,0.76,914,0.17,0.68,96,0.2,0.8,5,0.18,0.72,25,0
IWM190920C161,2019-09-17,2019-09-17 09:32:50,0.19,0.76,824,0.17,0.68,96,0.2,0.8,5,0.18,0.72,25,0
IWM190920C161,2019-09-17,2019-09-17 09:32:50,0.19,0.76,914,0.17,0.68,96,0.2,0.8,5,0.18,0.72,25,0
IWM190920C161,2019-09-17,2019-09-17 09:32:51,0.19,0.76,345,0.17,0.68,96,0.2,0.8,5,0.18,0.72,25,0
IWM190920C161,2019-09-17,2019-09-17 09:32:51,0.19,0.76,1137,0.17,0.68,96,0.2,0.8,5,0.18,0.72,25,0
IWM190920C161,2019-09-17,2019-09-17 09:32:52,0.19,0.76,201,0.17,0.68,34,0.2,0.8,5,0.18,0.72,25,0
IWM190920C161,2019-09-17,2019-09-17 09:32:52,0.19,0.76,1130,0.17,0.68,34,0.2,0.8,5,0.18,0.72,25,0
IWM190920C161,2019-09-17,2019-09-17 09:32:53,0.19,0.76,1115,0.17,0.68,34,0.2,0.8,5,0.18,0.72,25,0
IWM190920C161,2019-09-17,2019-09-17 09:32:53,0.19,0.76,1375,0.17,0.68,33,0.2,0.8,5,0.18,0.72,25,0
IWM190920C161,2019-09-17,2019-09-17 09:32:54,0.19,0.76,1393,0.17,0.68,33,0.2,0.8,5,0.18,0.72,25,0
IWM190920C161,2019-09-17,2019-09-17 09:32:54,0.19,0.76,1369,0.17,0.68,33,0.2,0.8,5,0.18,0.72,25,0
IWM190920C161,2019-09-17,2019-09-17 09:32:55,0.19,0.76,1334,0.16,0.64,560,0.2,0.8,5,0.175,0.7,25,0
IWM190920C161,2019-09-17,2019-09-17 09:32:55,0.19,0.76,1369,0.17,0.68,33,0.2,0.8,5,0.18,0.72,25,0
IWM190920C161,2019-09-17,2019-09-17 09:32:56,0.18,0.72,171,0.16,0.64,202,0.2,0.8,5,0.17,0.68,25,0
IWM190920C161,2019-09-17,2019-09-17 09:32:56,0.19,0.76,1163,0.16,0.64,872,0.2,0.8,5,0.175,0.7,25,0
IWM190920C161,2019-09-17,2019-09-17 09:32:57,0.18,0.72,171,0.16,0.64,491,0.2,0.8,5,0.17,0.68,25,0
IWM190920C161,2019-09-17,2019-09-17 09:32:57,0.18,0.72,596,0.16,0.64,491,0.2,0.8,5,0.17,0.68,25,0
IWM190920C161,2019-09-17,2019-09-17 09:32:58,0.18,0.72,613,0.16,0.64,230,0.2,0.8,5,0.17,0.68,25,0
IWM190920C161,2019-09-17,2019-09-17 09:32:58,0.18,0.72,603,0.16,0.64,202,0.2,0.8,5,0.17,0.68,25,0
IWM190920C161,2019-09-17,2019-09-17 09:32:59,0.18,0.72,613,0.16,0.64,470,0.2,0.8,5,0.17,0.68,25,0
IWM190920C161,2019-09-17,2019-09-17 09:32:59,0.18,0.72,613,0.16,0.64,987,0.2,0.8,5,0.17,0.68,25,0
IWM190920C161,2019-09-17,2019-09-17 09:33:00,0.18,0.72,713,0.17,0.68,18,0.2,0.8,5,0.175,0.7,25,0
IWM190920C161,2019-09-17,2019-09-17 09:33:00,0.18,0.72,725,0.16,0.64,230,0.2,0.8,5,0.17,0.68,25,0
IWM190920C161,2019-09-17,2019-09-17 09:33:01,0.18,0.72,725,0.16,0.64,396,0.2,0.8,5,0.17,0.68,25,0
IWM190920C161,2019-09-17,2019-09-17 09:33:01,0.18,0.72,725,0.16,0.64,204,0.2,0.8,5,0.17,0.68,25,0
IWM190920C161,2019-09-17,2019-09-17 09:33:02,0.18,0.72,725,0.16,0.64,204,0.2,0.8,5,0.17,0.68,25,0
IWM190920C161,2019-09-17,2019-09-17 09:33:03,0.18,0.72,534,0.16,0.64,212,0.2,0.8,5,0.17,0.68,25,0
IWM190920C161,2019-09-17,2019-09-17 09:33:03,0.18,0.72,709,0.16,0.64,212,0.2,0.8,5,0.17,0.68,25,0
IWM190920C161,2019-09-17,2019-09-17 09:33:04,0.18,0.72,268,0.16,0.64,100,0.2,0.8,5,0.17,0.68,25,0
IWM190920C161,2019-09-17,2019-09-17 09:33:04,0.18,0.72,313,0.16,0.64,100,0.2,0.8,5,0.17,0.68,25,0
IWM190920C161,2019-09-17,2019-09-17 09:33:05,0.18,0.72,997,0.16,0.64,100,0.2,0.8,5,0.17,0.68,25,0
IWM190920C161,2019-09-17,2019-09-17 09:33:05,0.18,0.72,1078,0.16,0.64,110,0.2,0.8,5,0.17,0.68,25,0
IWM190920C161,2019-09-17,2019-09-17 09:33:06,0.18,0.72,754,0.16,0.64,104,0.2,0.8,5,0.17,0.68,25,0
IWM190920C161,2019-09-17,2019-09-17 09:33:06,0.18,0.72,654,0.16,0.64,49,0.2,0.8,5,0.17,0.68,25,0
IWM190920C161,2019-09-17,2019-09-17 09:33:07,0.18,0.72,921,0.16,0.64,104,0.2,0.8,5,0.17,0.68,25,0
IWM190920C161,2019-09-17,2019-09-17 09:33:07,0.18,0.72,1150,0.16,0.64,104,0.2,0.8,5,0.17,0.68,25,0
IWM190920C161,2019-09-17,2019-09-17 09:33:08,0.18,0.72,1351,0.16,0.64,104,0.2,0.8,5,0.17,0.68,25,0
IWM190920C161,2019-09-17,2019-09-17 09:33:08,0.18,0.72,1150,0.16,0.64,104,0.2,0.8,5,0.17,0.68,25,0
IWM190920C161,2019-09-17,2019-09-17 09:33:09,0.18,0.72,1150,0.16,0.64,104,0.2,0.8,5,0.17,0.68,25,0
IWM190920C161,2019-09-17,2019-09-17 09:33:09,0.18,0.72,1126,0.16,0.64,104,0.2,0.8,5,0.17,0.68,25,0
IWM190920C161,2019-09-17,2019-09-17 09:33:10,0.18,0.72,1121,0.16,0.64,108,0.2,0.8,5,0.17,0.68,25,0
IWM190920C161,2019-09-17,2019-09-17 09:33:10,0.18,0.72,1121,0.16,0.64,150,0.2,0.8,5,0.17,0.68,25,0
IWM190920C161,2019-09-17,2019-09-17 09:33:11,0.17,0.68,150,0.16,0.64,171,0.2,0.8,5,0.165,0.66,25,0
IWM190920C161,2019-09-17,2019-09-17 09:33:11,0.17,0.68,258,0.16,0.64,152,0.2,0.8,5,0.165,0.66,25,0
IWM190920C161,2019-09-17,2019-09-17 09:33:12,0.17,0.68,394,0.16,0.64,112,0.2,0.8,5,0.165,0.66,25,0
IWM190920C161,2019-09-17,2019-09-17 09:33:12,0.17,0.68,281,0.16,0.64,112,0.2,0.8,5,0.165,0.66,25,0
IWM190920C161,2019-09-17,2019-09-17 09:33:13,0.17,0.68,398,0.16,0.64,295,0.2,0.8,5,0.165,0.66,25,0
IWM190920C161,2019-09-17,2019-09-17 09:33:13,0.18,0.72,572,0.16,0.64,535,0.2,0.8,5,0.17,0.68,25,0
IWM190920C161,2019-09-17,2019-09-17 09:33:14,0.18,0.72,376,0.17,0.68,6,0.2,0.8,5,0.175,0.7,25,0
IWM190920C161,2019-09-17,2019-09-17 09:33:14,0.18,0.72,165,0.17,0.68,32,0.2,0.8,5,0.175,0.7,25,0
IWM190920C161,2019-09-17,2019-09-17 09:33:15,0.18,0.72,755,0.17,0.68,6,0.2,0.8,5,0.175,0.7,25,0
IWM190920C161,2019-09-17,2019-09-17 09:33:16,0.18,0.72,993,0.16,0.64,1365,0.2,0.8,5,0.17,0.68,25,0
IWM190920C161,2019-09-17,2019-09-17 09:33:16,0.18,0.72,739,0.17,0.68,6,0.2,0.8,5,0.175,0.7,25,0
IWM190920C161,2019-09-17,2019-09-17 09:33:17,0.18,0.72,61,0.16,0.64,600,0.2,0.8,5,0.17,0.68,25,0
IWM190920C161,2019-09-17,2019-09-17 09:33:17,0.18,0.72,761,0.16,0.64,1315,0.2,0.8,5,0.17,0.68,25,0
IWM190920C161,2019-09-17,2019-09-17 09:33:18,0.18,0.72,199,0.17,0.68,21,0.2,0.8,5,0.175,0.7,25,0
IWM190920C161,2019-09-17,2019-09-17 09:33:19,0.18,0.72,809,0.16,0.64,1021,0.2,0.8,5,0.17,0.68,25,0
IWM190920C161,2019-09-17,2019-09-17 09:33:19,0.18,0.72,895,0.16,0.64,1359,0.2,0.8,5,0.17,0.68,25,0
IWM190920C161,2019-09-17,2019-09-17 09:33:20,0.18,0.72,665,0.17,0.68,50,0.2,0.8,5,0.175,0.7,25,0
IWM190920C161,2019-09-17,2019-09-17 09:33:20,0.18,0.72,110,0.16,0.64,1359,0.2,0.8,5,0.17,0.68,25,0
IWM190920C161,2019-09-17,2019-09-17 09:33:21,0.18,0.72,665,0.17,0.68,32,0.2,0.8,5,0.175,0.7,25,0
IWM190920C161,2019-09-17,2019-09-17 09:33:22,0.18,0.72,441,0.17,0.68,32,0.2,0.8,5,0.175,0.7,25,0
IWM190920C161,2019-09-17,2019-09-17 09:33:23,0.18,0.72,441,0.17,0.68,32,0.2,0.8,5,0.175,0.7,25,0
IWM190920C161,2019-09-17,2019-09-17 09:33:23,0.18,0.72,665,0.17,0.68,92,0.2,0.8,5,0.175,0.7,25,0
IWM190920C161,2019-09-17,2019-09-17 09:33:24,0.18,0.72,665,0.17,0.68,80,0.2,0.8,5,0.175,0.7,25,0
IWM190920C161,2019-09-17,2019-09-17 09:33:25,0.18,0.72,538,0.17,0.68,67,0.2,0.8,5,0.175,0.7,25,0
IWM190920C161,2019-09-17,2019-09-17 09:33:25,0.18,0.72,665,0.17,0.68,80,0.2,0.8,5,0.175,0.7,25,0
IWM190920C161,2019-09-17,2019-09-17 09:33:26,0.18,0.72,615,0.17,0.68,80,0.2,0.8,5,0.175,0.7,25,0
IWM190920C161,2019-09-17,2019-09-17 09:33:26,0.18,0.72,538,0.17,0.68,80,0.2,0.8,5,0.175,0.7,25,0
IWM190920C161,2019-09-17,2019-09-17 09:33:27,0.18,0.72,100,0.17,0.68,18,0.2,0.8,5,0.175,0.7,25,0
IWM190920C161,2019-09-17,2019-09-17 09:33:27,0.18,0.72,154,0.17,0.68,54,0.2,0.8,5,0.175,0.7,25,0
IWM190920C161,2019-09-17,2019-09-17 09:33:28,0.18,0.72,487,0.17,0.68,31,0.2,0.8,5,0.175,0.7,25,0
IWM190920C161,2019-09-17,2019-09-17 09:33:28,0.18,0.72,554,0.17,0.68,31,0.2,0.8,5,0.175,0.7,25,0
IWM190920C161,2019-09-17,2019-09-17 09:33:29,0.18,0.72,554,0.16,0.64,739,0.2,0.8,5,0.17,0.68,25,0
IWM190920C161,2019-09-17,2019-09-17 09:33:29,0.18,0.72,665,0.16,0.64,739,0.2,0.8,5,0.17,0.68,25,0
IWM190920C161,2019-09-17,2019-09-17 09:33:30,0.17,0.68,150,0.16,0.64,80,0.2,0.8,5,0.165,0.66,25,0
IWM190920C161,2019-09-17,2019-09-17 09:33:30,0.18,0.72,878,0.16,0.64,589,0.2,0.8,5,0.17,0.68,25,0
IWM190920C161,2019-09-17,2019-09-17 09:33:31,0.17,0.68,500,0.16,0.64,88,0.2,0.8,5,0.165,0.66,25,0
IWM190920C161,2019-09-17,2019-09-17 09:33:31,0.17,0.68,490,0.16,0.64,36,0.2,0.8,5,0.165,0.66,25,0
IWM190920C161,2019-09-17,2019-09-17 09:33:32,0.17,0.68,548,0.16,0.64,36,0.2,0.8,5,0.165,0.66,25,0
IWM190920C161,2019-09-17,2019-09-17 09:33:33,0.17,0.68,695,0.16,0.64,31,0.2,0.8,5,0.165,0.66,25,0
IWM190920C161,2019-09-17,2019-09-17 09:33:33,0.17,0.68,617,0.16,0.64,31,0.2,0.8,5,0.165,0.66,25,0
IWM190920C161,2019-09-17,2019-09-17 09:33:34,0.17,0.68,626,0.16,0.64,39,0.16,0.64,4,0.165,0.66,29,4
IWM190920C161,2019-09-17,2019-09-17 09:33:34,0.17,0.68,695,0.16,0.64,31,0.2,0.8,5,0.165,0.66,25,0
IWM190920C161,2019-09-17,2019-09-17 09:33:35,0.17,0.68,602,0.16,0.64,31,0.16,0.64,4,0.165,0.66,29,0
IWM190920C161,2019-09-17,2019-09-17 09:33:35,0.17,0.68,692,0.16,0.64,60,0.16,0.64,4,0.165,0.66,29,0
IWM190920C161,2019-09-17,2019-09-17 09:33:36,0.17,0.68,746,0.16,0.64,68,0.16,0.64,4,0.165,0.66,29,0
IWM190920C161,2019-09-17,2019-09-17 09:33:37,0.17,0.68,100,0.16,0.64,73,0.16,0.64,4,0.165,0.66,29,0
IWM190920C161,2019-09-17,2019-09-17 09:33:37,0.17,0.68,746,0.16,0.64,145,0.16,0.64,4,0.165,0.66,29,0
IWM190920C161,2019-09-17,2019-09-17 09:33:38,0.17,0.68,424,0.16,0.64,73,0.16,0.64,4,0.165,0.66,29,0
IWM190920C161,2019-09-17,2019-09-17 09:33:38,0.17,0.68,553,0.16,0.64,69,0.16,0.64,4,0.165,0.66,29,0
IWM190920C161,2019-09-17,2019-09-17 09:33:39,0.17,0.68,424,0.16,0.64,69,0.16,0.64,4,0.165,0.66,29,0
IWM190920C161,2019-09-17,2019-09-17 09:33:40,0.17,0.68,424,0.16,0.64,69,0.16,0.64,4,0.165,0.66,29,0
IWM190920C161,2019-09-17,2019-09-17 09:33:40,0.17,0.68,424,0.16,0.64,9,0.16,0.64,4,0.165,0.66,29,0
IWM190920C161,2019-09-17,2019-09-17 09:33:41,0.17,0.68,424,0.16,0.64,9,0.16,0.64,4,0.165,0.66,29,0
IWM190920C161,2019-09-17,2019-09-17 09:33:42,0.17,0.68,424,0.16,0.64,9,0.16,0.64,4,0.165,0.66,29,0
IWM190920C161,2019-09-17,2019-09-17 09:33:42,0.17,0.68,837,0.16,0.64,14,0.16,0.64,4,0.165,0.66,29,0
IWM190920C161,2019-09-17,2019-09-17 09:33:43,0.17,0.68,152,0.15,0.6,391,0.16,0.64,4,0.16,0.64,29,0
IWM190920C161,2019-09-17,2019-09-17 09:33:43,0.17,0.68,949,0.15,0.6,391,0.16,0.64,4,0.16,0.64,29,0
IWM190920C161,2019-09-17,2019-09-17 09:33:44,0.17,0.68,613,0.15,0.6,216,0.16,0.64,4,0.16,0.64,29,0
IWM190920C161,2019-09-17,2019-09-17 09:33:44,0.17,0.68,613,0.15,0.6,391,0.16,0.64,4,0.16,0.64,29,0
IWM190920C161,2019-09-17,2019-09-17 09:33:45,0.17,0.68,623,0.15,0.6,216,0.16,0.64,4,0.16,0.64,29,0
IWM190920C161,2019-09-17,2019-09-17 09:33:45,0.17,0.68,613,0.15,0.6,216,0.16,0.64,4,0.16,0.64,29,0
IWM190920C161,2019-09-17,2019-09-17 09:33:46,0.17,0.68,1008,0.15,0.6,199,0.16,0.64,4,0.16,0.64,29,0
IWM190920C161,2019-09-17,2019-09-17 09:33:46,0.17,0.68,1032,0.15,0.6,199,0.16,0.64,4,0.16,0.64,29,0
IWM190920C161,2019-09-17,2019-09-17 09:33:47,0.17,0.68,1032,0.15,0.6,199,0.16,0.64,4,0.16,0.64,29,0
IWM190920C161,2019-09-17,2019-09-17 09:33:47,0.17,0.68,910,0.15,0.6,199,0.16,0.64,4,0.16,0.64,29,0
IWM190920C161,2019-09-17,2019-09-17 09:33:48,0.17,0.68,625,0.15,0.6,382,0.16,0.64,4,0.16,0.64,29,0
IWM190920C161,2019-09-17,2019-09-17 09:33:49,0.17,0.68,545,0.16,0.64,27,0.16,0.64,4,0.165,0.66,29,0
IWM190920C161,2019-09-17,2019-09-17 09:33:49,0.17,0.68,602,0.16,0.64,27,0.16,0.64,4,0.165,0.66,29,0
IWM190920C161,2019-09-17,2019-09-17 09:33:50,0.17,0.68,521,0.16,0.64,27,0.16,0.64,4,0.165,0.66,29,0
IWM190920C161,2019-09-17,2019-09-17 09:33:50,0.17,0.68,568,0.16,0.64,31,0.16,0.64,4,0.165,0.66,29,0
IWM190920C161,2019-09-17,2019-09-17 09:33:51,0.17,0.68,536,0.15,0.6,363,0.16,0.64,4,0.16,0.64,29,0
IWM190920C161,2019-09-17,2019-09-17 09:33:52,0.17,0.68,599,0.15,0.6,363,0.16,0.64,4,0.16,0.64,29,0
IWM190920C161,2019-09-17,2019-09-17 09:33:53,0.17,0.68,521,0.16,0.64,36,0.16,0.64,4,0.165,0.66,29,0
IWM190920C161,2019-09-17,2019-09-17 09:33:53,0.17,0.68,521,0.15,0.6,363,0.16,0.64,4,0.16,0.64,29,0
IWM190920C161,2019-09-17,2019-09-17 09:33:54,0.17,0.68,521,0.16,0.64,36,0.16,0.64,4,0.165,0.66,29,0
IWM190920C161,2019-09-17,2019-09-17 09:33:55,0.17,0.68,714,0.16,0.64,36,0.16,0.64,4,0.165,0.66,29,0
IWM190920C161,2019-09-17,2019-09-17 09:33:55,0.17,0.68,511,0.16,0.64,24,0.16,0.64,4,0.165,0.66,29,0
IWM190920C161,2019-09-17,2019-09-17 09:33:56,0.17,0.68,420,0.16,0.64,24,0.16,0.64,4,0.165,0.66,29,0
IWM190920C161,2019-09-17,2019-09-17 09:33:56,0.17,0.68,410,0.16,0.64,76,0.16,0.64,4,0.165,0.66,29,0
IWM190920C161,2019-09-17,2019-09-17 09:33:57,0.17,0.68,420,0.16,0.64,52,0.16,0.64,4,0.165,0.66,29,0
IWM190920C161,2019-09-17,2019-09-17 09:33:58,0.17,0.68,410,0.16,0.64,60,0.16,0.64,4,0.165,0.66,29,0
IWM190920C161,2019-09-17,2019-09-17 09:33:58,0.17,0.68,410,0.16,0.64,52,0.16,0.64,4,0.165,0.66,29,0
IWM190920C161,2019-09-17,2019-09-17 09:33:59,0.17,0.68,520,0.16,0.64,47,0.16,0.64,4,0.165,0.66,29,0
IWM190920C161,2019-09-17,2019-09-17 09:33:59,0.17,0.68,520,0.16,0.64,36,0.16,0.64,4,0.165,0.66,29,0
IWM190920C161,2019-09-17,2019-09-17 09:34:00,0.17,0.68,320,0.15,0.6,298,0.16,0.64,4,0.16,0.64,29,0
IWM190920C161,2019-09-17,2019-09-17 09:34:00,0.17,0.68,420,0.16,0.64,47,0.16,0.64,4,0.165,0.66,29,0
IWM190920C161,2019-09-17,2019-09-17 09:34:01,0.17,0.68,36,0.16,0.64,36,0.16,0.64,4,0.165,0.66,29,0
IWM190920C161,2019-09-17,2019-09-17 09:34:01,0.17,0.68,36,0.15,0.6,298,0.16,0.64,4,0.16,0.64,29,0
IWM190920C161,2019-09-17,2019-09-17 09:34:02,0.17,0.68,446,0.16,0.64,61,0.16,0.64,4,0.165,0.66,29,0
IWM190920C161,2019-09-17,2019-09-17 09:34:03,0.17,0.68,363,0.16,0.64,61,0.16,0.64,4,0.165,0.66,29,0
IWM190920C161,2019-09-17,2019-09-17 09:34:03,0.17,0.68,446,0.16,0.64,61,0.16,0.64,4,0.165,0.66,29,0
IWM190920C161,2019-09-17,2019-09-17 09:34:04,0.17,0.68,363,0.16,0.64,118,0.16,0.64,4,0.165,0.66,29,0
IWM190920C161,2019-09-17,2019-09-17 09:34:05,0.17,0.68,296,0.16,0.64,108,0.16,0.64,4,0.165,0.66,29,0
IWM190920C161,2019-09-17,2019-09-17 09:34:05,0.17,0.68,8,0.16,0.64,225,0.16,0.64,4,0.165,0.66,29,0
IWM190920C161,2019-09-17,2019-09-17 09:34:06,0.17,0.68,8,0.16,0.64,225,0.16,0.64,4,0.165,0.66,29,0
IWM190920C161,2019-09-17,2019-09-17 09:34:06,0.18,0.72,127,0.16,0.64,475,0.16,0.64,4,0.17,0.68,29,0
IWM190920C161,2019-09-17,2019-09-17 09:34:07,0.18,0.72,405,0.16,0.64,295,0.16,0.64,4,0.17,0.68,29,0
IWM190920C161,2019-09-17,2019-09-17 09:34:07,0.18,0.72,127,0.16,0.64,225,0.16,0.64,4,0.17,0.68,29,0
IWM190920C161,2019-09-17,2019-09-17 09:34:08,0.18,0.72,29,0.16,0.64,295,0.16,0.64,4,0.17,0.68,29,0
IWM190920C161,2019-09-17,2019-09-17 09:34:09,0.18,0.72,29,0.16,0.64,295,0.16,0.64,4,0.17,0.68,29,0
IWM190920C161,2019-09-17,2019-09-17 09:34:10,0.18,0.72,29,0.16,0.64,373,0.16,0.64,4,0.17,0.68,29,0
IWM190920C161,2019-09-17,2019-09-17 09:34:10,0.18,0.72,439,0.16,0.64,373,0.16,0.64,4,0.17,0.68,29,0
IWM190920C161,2019-09-17,2019-09-17 09:34:11,0.18,0.72,504,0.16,0.64,472,0.16,0.64,4,0.17,0.68,29,0
IWM190920C161,2019-09-17,2019-09-17 09:34:12,0.18,0.72,30,0.17,0.68,19,0.16,0.64,4,0.175,0.7,29,0
IWM190920C161,2019-09-17,2019-09-17 09:34:12,0.18,0.72,30,0.16,0.64,275,0.16,0.64,4,0.17,0.68,29,0
IWM190920C161,2019-09-17,2019-09-17 09:34:13,0.19,0.76,112,0.17,0.68,80,0.16,0.64,4,0.18,0.72,29,0
IWM190920C161,2019-09-17,2019-09-17 09:34:13,0.19,0.76,180,0.16,0.64,296,0.16,0.64,4,0.175,0.7,29,0
IWM190920C161,2019-09-17,2019-09-17 09:34:14,0.19,0.76,106,0.17,0.68,265,0.16,0.64,4,0.18,0.72,29,0
IWM190920C161,2019-09-17,2019-09-17 09:34:14,0.19,0.76,106,0.17,0.68,152,0.16,0.64,4,0.18,0.72,29,0
IWM190920C161,2019-09-17,2019-09-17 09:34:15,0.19,0.76,100,0.17,0.68,594,0.16,0.64,4,0.18,0.72,29,0
IWM190920C161,2019-09-17,2019-09-17 09:34:15,0.19,0.76,106,0.17,0.68,594,0.16,0.64,4,0.18,0.72,29,0
IWM190920C161,2019-09-17,2019-09-17 09:34:16,0.19,0.76,508,0.17,0.68,594,0.16,0.64,4,0.18,0.72,29,0
IWM190920C161,2019-09-17,2019-09-17 09:34:16,0.19,0.76,527,0.17,0.68,594,0.16,0.64,4,0.18,0.72,29,0
IWM190920C161,2019-09-17,2019-09-17 09:34:17,0.19,0.76,516,0.17,0.68,594,0.16,0.64,4,0.18,0.72,29,0
IWM190920C161,2019-09-17,2019-09-17 09:34:17,0.19,0.76,376,0.17,0.68,719,0.16,0.64,4,0.18,0.72,29,0
IWM190920C161,2019-09-17,2019-09-17 09:34:18,0.19,0.76,400,0.18,0.72,28,0.16,0.64,4,0.185,0.74,29,0
IWM190920C161,2019-09-17,2019-09-17 09:34:19,0.19,0.76,400,0.18,0.72,28,0.16,0.64,4,0.185,0.74,29,0
IWM190920C161,2019-09-17,2019-09-17 09:34:20,0.19,0.76,400,0.18,0.72,33,0.16,0.64,4,0.185,0.74,29,0
IWM190920C161,2019-09-17,2019-09-17 09:34:20,0.19,0.76,400,0.18,0.72,46,0.16,0.64,4,0.185,0.74,29,0
IWM190920C161,2019-09-17,2019-09-17 09:34:21,0.19,0.76,100,0.17,0.68,268,0.16,0.64,4,0.18,0.72,29,0
IWM190920C161,2019-09-17,2019-09-17 09:34:21,0.19,0.76,400,0.18,0.72,33,0.16,0.64,4,0.185,0.74,29,0
IWM190920C161,2019-09-17,2019-09-17 09:34:22,0.19,0.76,440,0.17,0.68,135,0.16,0.64,4,0.18,0.72,29,0
IWM190920C161,2019-09-17,2019-09-17 09:34:22,0.19,0.76,525,0.17,0.68,285,0.16,0.64,4,0.18,0.72,29,0
IWM190920C161,2019-09-17,2019-09-17 09:34:23,0.19,0.76,373,0.18,0.72,54,0.16,0.64,4,0.185,0.74,29,0
IWM190920C161,2019-09-17,2019-09-17 09:34:24,0.19,0.76,383,0.18,0.72,36,0.16,0.64,4,0.185,0.74,29,0
IWM190920C161,2019-09-17,2019-09-17 09:34:25,0.19,0.76,474,0.18,0.72,60,0.16,0.64,4,0.185,0.74,29,0
IWM190920C161,2019-09-17,2019-09-17 09:34:25,0.19,0.76,474,0.18,0.72,36,0.16,0.64,4,0.185,0.74,29,0
IWM190920C161,2019-09-17,2019-09-17 09:34:26,0.19,0.76,383,0.18,0.72,64,0.16,0.64,4,0.185,0.74,29,0
IWM190920C161,2019-09-17,2019-09-17 09:34:27,0.19,0.76,271,0.18,0.72,120,0.16,0.64,4,0.185,0.74,29,0
IWM190920C161,2019-09-17,2019-09-17 09:34:27,0.19,0.76,301,0.18,0.72,100,0.16,0.64,4,0.185,0.74,29,0
IWM190920C161,2019-09-17,2019-09-17 09:34:28,0.19,0.76,334,0.18,0.72,76,0.16,0.64,4,0.185,0.74,29,0
IWM190920C161,2019-09-17,2019-09-17 09:34:29,0.19,0.76,334,0.18,0.72,31,0.16,0.64,4,0.185,0.74,29,0
IWM190920C161,2019-09-17,2019-09-17 09:34:29,0.19,0.76,408,0.18,0.72,28,0.16,0.64,4,0.185,0.74,29,0
IWM190920C161,2019-09-17,2019-09-17 09:34:30,0.19,0.76,334,0.18,0.72,72,0.16,0.64,4,0.185,0.74,29,0
IWM190920C161,2019-09-17,2019-09-17 09:34:31,0.19,0.76,334,0.18,0.72,72,0.16,0.64,4,0.185,0.74,29,0
IWM190920C161,2019-09-17,2019-09-17 09:34:31,0.19,0.76,334,0.18,0.72,57,0.16,0.64,4,0.185,0.74,29,0
IWM190920C161,2019-09-17,2019-09-17 09:34:32,0.19,0.76,442,0.18,0.72,57,0.16,0.64,4,0.185,0.74,29,0
IWM190920C161,2019-09-17,2019-09-17 09:34:32,0.19,0.76,462,0.17,0.68,452,0.16,0.64,4,0.18,0.72,29,0
IWM190920C161,2019-09-17,2019-09-17 09:34:33,0.19,0.76,462,0.17,0.68,452,0.16,0.64,4,0.18,0.72,29,0
IWM190920C161,2019-09-17,2019-09-17 09:34:33,0.19,0.76,608,0.17,0.68,386,0.16,0.64,4,0.18,0.72,29,0
IWM190920C161,2019-09-17,2019-09-17 09:34:34,0.19,0.76,608,0.17,0.68,100,0.16,0.64,4,0.18,0.72,29,0
IWM190920C161,2019-09-17,2019-09-17 09:34:34,0.19,0.76,613,0.17,0.68,100,0.16,0.64,4,0.18,0.72,29,0
IWM190920C161,2019-09-17,2019-09-17 09:34:35,0.19,0.76,1253,0.17,0.68,99,0.16,0.64,4,0.18,0.72,29,0
IWM190920C161,2019-09-17,2019-09-17 09:34:36,0.19,0.76,1253,0.17,0.68,99,0.16,0.64,4,0.18,0.72,29,0
IWM190920C161,2019-09-17,2019-09-17 09:34:37,0.19,0.76,1078,0.17,0.68,26,0.16,0.64,4,0.18,0.72,29,0
IWM190920C161,2019-09-17,2019-09-17 09:34:37,0.19,0.76,1078,0.17,0.68,34,0.16,0.64,4,0.18,0.72,29,0
IWM190920C161,2019-09-17,2019-09-17 09:34:38,0.19,0.76,392,0.17,0.68,6,0.16,0.64,4,0.18,0.72,29,0
IWM190920C161,2019-09-17,2019-09-17 09:34:38,0.19,0.76,190,0.17,0.68,110,0.16,0.64,4,0.18,0.72,29,0
IWM190920C161,2019-09-17,2019-09-17 09:34:39,0.19,0.76,631,0.17,0.68,110,0.16,0.64,4,0.18,0.72,29,0
IWM190920C161,2019-09-17,2019-09-17 09:34:39,0.19,0.76,962,0.17,0.68,110,0.16,0.64,4,0.18,0.72,29,0
IWM190920C161,2019-09-17,2019-09-17 09:34:40,0.19,0.76,669,0.17,0.68,110,0.16,0.64,4,0.18,0.72,29,0
IWM190920C161,2019-09-17,2019-09-17 09:34:40,0.19,0.76,603,0.17,0.68,110,0.16,0.64,4,0.18,0.72,29,0
IWM190920C161,2019-09-17,2019-09-17 09:34:41,0.19,0.76,580,0.17,0.68,253,0.16,0.64,4,0.18,0.72,29,0
IWM190920C161,2019-09-17,2019-09-17 09:34:41,0.19,0.76,386,0.18,0.72,20,0.16,0.64,4,0.185,0.74,29,0
IWM190920C161,2019-09-17,2019-09-17 09:34:42,0.19,0.76,408,0.18,0.72,30,0.16,0.64,4,0.185,0.74,29,0
IWM190920C161,2019-09-17,2019-09-17 09:34:42,0.19,0.76,386,0.18,0.72,56,0.16,0.64,4,0.185,0.74,29,0
IWM190920C161,2019-09-17,2019-09-17 09:34:43,0.19,0.76,386,0.18,0.72,110,0.16,0.64,4,0.185,0.74,29,0
IWM190920C161,2019-09-17,2019-09-17 09:34:44,0.19,0.76,376,0.18,0.72,110,0.16,0.64,4,0.185,0.74,29,0
IWM190920C161,2019-09-17,2019-09-17 09:34:45,0.19,0.76,376,0.18,0.72,110,0.16,0.64,4,0.185,0.74,29,0
IWM190920C161,2019-09-17,2019-09-17 09:34:45,0.19,0.76,314,0.18,0.72,160,0.16,0.64,4,0.185,0.74,29,0
IWM190920C161,2019-09-17,2019-09-17 09:34:46,0.19,0.76,314,0.18,0.72,160,0.16,0.64,4,0.185,0.74,29,0
IWM190920C161,2019-09-17,2019-09-17 09:34:47,0.19,0.76,314,0.18,0.72,160,0.16,0.64,4,0.185,0.74,29,0
IWM190920C161,2019-09-17,2019-09-17 09:34:48,0.19,0.76,314,0.18,0.72,160,0.16,0.64,4,0.185,0.74,29,0
IWM190920C161,2019-09-17,2019-09-17 09:34:49,0.19,0.76,267,0.17,0.68,167,0.16,0.64,4,0.18,0.72,29,0
IWM190920C161,2019-09-17,2019-09-17 09:34:49,0.19,0.76,23,0.17,0.68,250,0.16,0.64,4,0.18,0.72,29,0
IWM190920C161,2019-09-17,2019-09-17 09:34:50,0.19,0.76,1,0.18,0.72,86,0.16,0.64,4,0.185,0.74,29,0
IWM190920C161,2019-09-17,2019-09-17 09:34:50,0.19,0.76,303,0.18,0.72,86,0.16,0.64,4,0.185,0.74,29,0
IWM190920C161,2019-09-17,2019-09-17 09:34:51,0.19,0.76,303,0.18,0.72,110,0.16,0.64,4,0.185,0.74,29,0
IWM190920C161,2019-09-17,2019-09-17 09:34:51,0.19,0.76,303,0.18,0.72,55,0.16,0.64,4,0.185,0.74,29,0
IWM190920C161,2019-09-17,2019-09-17 09:34:52,0.19,0.76,121,0.18,0.72,33,0.16,0.64,4,0.185,0.74,29,0
IWM190920C161,2019-09-17,2019-09-17 09:34:52,0.19,0.76,303,0.18,0.72,55,0.16,0.64,4,0.185,0.74,29,0
IWM190920C161,2019-09-17,2019-09-17 09:34:53,0.21,0.84,286,0.18,0.72,19,0.16,0.64,4,0.195,0.78,29,0
IWM190920C161,2019-09-17,2019-09-17 09:34:53,0.19,0.76,109,0.18,0.72,33,0.16,0.64,4,0.185,0.74,29,0
IWM190920C161,2019-09-17,2019-09-17 09:34:54,0.19,0.76,34,0.18,0.72,170,0.16,0.64,4,0.185,0.74,29,0
IWM190920C161,2019-09-17,2019-09-17 09:34:54,0.2,0.8,20,0.18,0.72,157,0.16,0.64,4,0.19,0.76,29,0
IWM190920C161,2019-09-17,2019-09-17 09:34:55,0.2,0.8,488,0.18,0.72,216,0.16,0.64,4,0.19,0.76,29,0
IWM190920C161,2019-09-17,2019-09-17 09:34:55,0.2,0.8,488,0.18,0.72,157,0.16,0.64,4,0.19,0.76,29,0
IWM190920C161,2019-09-17,2019-09-17 09:34:56,0.19,0.76,288,0.18,0.72,262,0.16,0.64,4,0.185,0.74,29,0
IWM190920C161,2019-09-17,2019-09-17 09:34:56,0.19,0.76,150,0.18,0.72,216,0.16,0.64,4,0.185,0.74,29,0
IWM190920C161,2019-09-17,2019-09-17 09:34:57,0.19,0.76,182,0.18,0.72,112,0.16,0.64,4,0.185,0.74,29,0
IWM190920C161,2019-09-17,2019-09-17 09:34:57,0.19,0.76,229,0.18,0.72,102,0.16,0.64,4,0.185,0.74,29,0
IWM190920C161,2019-09-17,2019-09-17 09:34:58,0.19,0.76,110,0.18,0.72,59,0.16,0.64,4,0.185,0.74,29,0
IWM190920C161,2019-09-17,2019-09-17 09:34:58,0.19,0.76,89,0.18,0.72,40,0.16,0.64,4,0.185,0.74,29,0
IWM190920C161,2019-09-17,2019-09-17 09:34:59,0.19,0.76,357,0.18,0.72,59,0.16,0.64,4,0.185,0.74,29,0
IWM190920C161,2019-09-17,2019-09-17 09:35:00,0.19,0.76,250,0.17,0.68,380,0.16,0.64,4,0.18,0.72,29,0
IWM190920C161,2019-09-17,2019-09-17 09:35:00,0.19,0.76,357,0.18,0.72,59,0.16,0.64,4,0.185,0.74,29,0
IWM190920C161,2019-09-17,2019-09-17 09:35:01,0.2,0.8,800,0.17,0.68,559,0.16,0.64,4,0.185,0.74,29,0
IWM190920C161,2019-09-17,2019-09-17 09:35:01,0.19,0.76,250,0.18,0.72,60,0.16,0.64,4,0.185,0.74,29,0
IWM190920C161,2019-09-17,2019-09-17 09:35:02,0.19,0.76,110,0.18,0.72,22,0.19,0.76,5,0.185,0.74,39,10
IWM190920C161,2019-09-17,2019-09-17 09:35:02,0.19,0.76,112,0.18,0.72,140,0.19,0.76,5,0.185,0.74,39,0
IWM190920C161,2019-09-17,2019-09-17 09:35:03,0.2,0.8,396,0.19,0.76,46,0.19,0.76,5,0.195,0.78,39,0
IWM190920C161,2019-09-17,2019-09-17 09:35:03,0.2,0.8,406,0.18,0.72,140,0.19,0.76,5,0.19,0.76,39,0
IWM190920C161,2019-09-17,2019-09-17 09:35:04,0.2,0.8,406,0.19,0.76,51,0.19,0.76,5,0.195,0.78,39,0
IWM190920C161,2019-09-17,2019-09-17 09:35:05,0.21,0.84,430,0.19,0.76,71,0.19,0.76,5,0.2,0.8,39,0
IWM190920C161,2019-09-17,2019-09-17 09:35:05,0.2,0.8,109,0.19,0.76,71,0.19,0.76,5,0.195,0.78,39,0
IWM190920C161,2019-09-17,2019-09-17 09:35:06,0.2,0.8,100,0.19,0.76,71,0.19,0.76,5,0.195,0.78,39,0
IWM190920C161,2019-09-17,2019-09-17 09:35:06,0.2,0.8,110,0.19,0.76,64,0.19,0.76,5,0.195,0.78,39,0
IWM190920C161,2019-09-17,2019-09-17 09:35:07,0.2,0.8,120,0.18,0.72,431,0.19,0.76,5,0.19,0.76,39,0
IWM190920C161,2019-09-17,2019-09-17 09:35:07,0.2,0.8,12,0.19,0.76,8,0.19,0.76,5,0.195,0.78,39,0
IWM190920C161,2019-09-17,2019-09-17 09:35:08,0.2,0.8,361,0.18,0.72,431,0.19,0.76,5,0.19,0.76,39,0
IWM190920C161,2019-09-17,2019-09-17 09:35:08,0.2,0.8,153,0.18,0.72,258,0.19,0.76,5,0.19,0.76,39,0
IWM190920C161,2019-09-17,2019-09-17 09:35:09,0.2,0.8,153,0.18,0.72,203,0.19,0.76,5,0.19,0.76,39,0
IWM190920C161,2019-09-17,2019-09-17 09:35:09,0.2,0.8,368,0.18,0.72,203,0.19,0.76,5,0.19,0.76,39,0
IWM190920C161,2019-09-17,2019-09-17 09:35:10,0.2,0.8,466,0.18,0.72,135,0.19,0.76,5,0.19,0.76,39,0
IWM190920C161,2019-09-17,2019-09-17 09:35:10,0.2,0.8,230,0.18,0.72,135,0.19,0.76,5,0.19,0.76,39,0
IWM190920C161,2019-09-17,2019-09-17 09:35:11,0.2,0.8,515,0.18,0.72,185,0.19,0.76,5,0.19,0.76,39,0
IWM190920C161,2019-09-17,2019-09-17 09:35:11,0.2,0.8,582,0.18,0.72,310,0.19,0.76,5,0.19,0.76,39,0
IWM190920C161,2019-09-17,2019-09-17 09:35:12,0.2,0.8,515,0.18,0.72,241,0.19,0.76,5,0.19,0.76,39,0
IWM190920C161,2019-09-17,2019-09-17 09:35:12,0.2,0.8,515,0.18,0.72,104,0.19,0.76,5,0.19,0.76,39,0
IWM190920C161,2019-09-17,2019-09-17 09:35:13,0.2,0.8,607,0.18,0.72,35,0.19,0.76,5,0.19,0.76,39,0
IWM190920C161,2019-09-17,2019-09-17 09:35:13,0.2,0.8,801,0.18,0.72,91,0.19,0.76,5,0.19,0.76,39,0
IWM190920C161,2019-09-17,2019-09-17 09:35:14,0.2,0.8,478,0.18,0.72,74,0.19,0.76,5,0.19,0.76,39,0
IWM190920C161,2019-09-17,2019-09-17 09:35:14,0.2,0.8,826,0.18,0.72,42,0.19,0.76,5,0.19,0.76,39,0
IWM190920C161,2019-09-17,2019-09-17 09:35:15,0.2,0.8,820,0.18,0.72,201,0.19,0.76,5,0.19,0.76,39,0
IWM190920C161,2019-09-17,2019-09-17 09:35:15,0.2,0.8,773,0.18,0.72,95,0.19,0.76,5,0.19,0.76,39,0
IWM190920C161,2019-09-17,2019-09-17 09:35:16,0.19,0.76,448,0.18,0.72,17,0.19,0.76,5,0.185,0.74,39,0
IWM190920C161,2019-09-17,2019-09-17 09:35:16,0.19,0.76,449,0.18,0.72,49,0.19,0.76,5,0.185,0.74,39,0
IWM190920C161,2019-09-17,2019-09-17 09:35:17,0.19,0.76,112,0.17,0.68,100,0.19,0.76,5,0.18,0.72,39,0
IWM190920C161,2019-09-17,2019-09-17 09:35:17,0.19,0.76,160,0.17,0.68,81,0.19,0.76,5,0.18,0.72,39,0
IWM190920C161,2019-09-17,2019-09-17 09:35:18,0.18,0.72,7,0.17,0.68,107,0.19,0.76,5,0.175,0.7,39,0
IWM190920C161,2019-09-17,2019-09-17 09:35:19,0.18,0.72,156,0.17,0.68,55,0.19,0.76,5,0.175,0.7,39,0
IWM190920C161,2019-09-17,2019-09-17 09:35:19,0.18,0.72,153,0.17,0.68,80,0.19,0.76,5,0.175,0.7,39,0
IWM190920C161,2019-09-17,2019-09-17 09:35:20,0.18,0.72,153,0.17,0.68,17,0.19,0.76,5,0.175,0.7,39,0
IWM190920C161,2019-09-17,2019-09-17 09:35:20,0.18,0.72,153,0.17,0.68,80,0.19,0.76,5,0.175,0.7,39,0
IWM190920C161,2019-09-17,2019-09-17 09:35:21,0.18,0.72,63,0.17,0.68,106,0.19,0.76,5,0.175,0.7,39,0
IWM190920C161,2019-09-17,2019-09-17 09:35:21,0.18,0.72,113,0.17,0.68,120,0.19,0.76,5,0.175,0.7,39,0
IWM190920C161,2019-09-17,2019-09-17 09:35:22,0.18,0.72,46,0.17,0.68,198,0.19,0.76,5,0.175,0.7,39,0
IWM190920C161,2019-09-17,2019-09-17 09:35:22,0.19,0.76,30,0.17,0.68,94,0.19,0.76,5,0.18,0.72,39,0
IWM190920C161,2019-09-17,2019-09-17 09:35:23,0.19,0.76,264,0.17,0.68,110,0.19,0.76,5,0.18,0.72,39,0
IWM190920C161,2019-09-17,2019-09-17 09:35:23,0.18,0.72,285,0.17,0.68,100,0.19,0.76,5,0.175,0.7,39,0
IWM190920C161,2019-09-17,2019-09-17 09:35:24,0.18,0.72,97,0.17,0.68,100,0.19,0.76,5,0.175,0.7,39,0
IWM190920C161,2019-09-17,2019-09-17 09:35:24,0.18,0.72,285,0.17,0.68,100,0.19,0.76,5,0.175,0.7,39,0
IWM190920C161,2019-09-17,2019-09-17 09:35:25,0.18,0.72,97,0.17,0.68,100,0.19,0.76,5,0.175,0.7,39,0
IWM190920C161,2019-09-17,2019-09-17 09:35:25,0.18,0.72,113,0.17,0.68,58,0.19,0.76,5,0.175,0.7,39,0
IWM190920C161,2019-09-17,2019-09-17 09:35:26,0.18,0.72,381,0.17,0.68,58,0.19,0.76,5,0.175,0.7,39,0
IWM190920C161,2019-09-17,2019-09-17 09:35:26,0.18,0.72,446,0.17,0.68,58,0.19,0.76,5,0.175,0.7,39,0
IWM190920C161,2019-09-17,2019-09-17 09:35:27,0.18,0.72,304,0.17,0.68,44,0.19,0.76,5,0.175,0.7,39,0
IWM190920C161,2019-09-17,2019-09-17 09:35:27,0.18,0.72,304,0.17,0.68,58,0.19,0.76,5,0.175,0.7,39,0
IWM190920C161,2019-09-17,2019-09-17 09:35:28,0.18,0.72,304,0.17,0.68,36,0.19,0.76,5,0.175,0.7,39,0
IWM190920C161,2019-09-17,2019-09-17 09:35:28,0.18,0.72,304,0.17,0.68,44,0.19,0.76,5,0.175,0.7,39,0
IWM190920C161,2019-09-17,2019-09-17 09:35:29,0.18,0.72,304,0.17,0.68,44,0.19,0.76,5,0.175,0.7,39,0
IWM190920C161,2019-09-17,2019-09-17 09:35:30,0.18,0.72,304,0.17,0.68,36,0.19,0.76,5,0.175,0.7,39,0
IWM190920C161,2019-09-17,2019-09-17 09:35:31,0.18,0.72,304,0.17,0.68,36,0.19,0.76,5,0.175,0.7,39,0
IWM190920C161,2019-09-17,2019-09-17 09:35:32,0.18,0.72,304,0.17,0.68,51,0.19,0.76,5,0.175,0.7,39,0
IWM190920C161,2019-09-17,2019-09-17 09:35:32,0.18,0.72,304,0.17,0.68,33,0.19,0.76,5,0.175,0.7,39,0
IWM190920C161,2019-09-17,2019-09-17 09:35:33,0.18,0.72,304,0.17,0.68,51,0.19,0.76,5,0.175,0.7,39,0
IWM190920C161,2019-09-17,2019-09-17 09:35:34,0.18,0.72,304,0.17,0.68,51,0.19,0.76,5,0.175,0.7,39,0
IWM190920C161,2019-09-17,2019-09-17 09:35:35,0.18,0.72,304,0.17,0.68,51,0.19,0.76,5,0.175,0.7,39,0
IWM190920C161,2019-09-17,2019-09-17 09:35:36,0.18,0.72,304,0.17,0.68,51,0.19,0.76,5,0.175,0.7,39,0
IWM190920C161,2019-09-17,2019-09-17 09:35:36,0.18,0.72,304,0.17,0.68,59,0.19,0.76,5,0.175,0.7,39,0
IWM190920C161,2019-09-17,2019-09-17 09:35:37,0.18,0.72,304,0.17,0.68,59,0.19,0.76,5,0.175,0.7,39,0
IWM190920C161,2019-09-17,2019-09-17 09:35:37,0.18,0.72,304,0.17,0.68,95,0.19,0.76,5,0.175,0.7,39,0
IWM190920C161,2019-09-17,2019-09-17 09:35:38,0.18,0.72,304,0.17,0.68,64,0.19,0.76,5,0.175,0.7,39,0
IWM190920C161,2019-09-17,2019-09-17 09:35:39,0.18,0.72,375,0.17,0.68,64,0.19,0.76,5,0.175,0.7,39,0
IWM190920C161,2019-09-17,2019-09-17 09:35:40,0.18,0.72,462,0.17,0.68,45,0.19,0.76,5,0.175,0.7,39,0
IWM190920C161,2019-09-17,2019-09-17 09:35:40,0.18,0.72,462,0.16,0.64,967,0.19,0.76,5,0.17,0.68,39,0
IWM190920C161,2019-09-17,2019-09-17 09:35:41,0.18,0.72,462,0.17,0.68,2,0.19,0.76,5,0.175,0.7,39,0
IWM190920C161,2019-09-17,2019-09-17 09:35:41,0.18,0.72,488,0.17,0.68,2,0.19,0.76,5,0.175,0.7,39,0
IWM190920C161,2019-09-17,2019-09-17 09:35:42,0.18,0.72,488,0.16,0.64,615,0.19,0.76,5,0.17,0.68,39,0
IWM190920C161,2019-09-17,2019-09-17 09:35:42,0.18,0.72,488,0.17,0.68,6,0.19,0.76,5,0.175,0.7,39,0
IWM190920C161,2019-09-17,2019-09-17 09:35:43,0.18,0.72,14,0.17,0.68,31,0.19,0.76,5,0.175,0.7,39,0
IWM190920C161,2019-09-17,2019-09-17 09:35:43,0.18,0.72,864,0.16,0.64,615,0.19,0.76,5,0.17,0.68,39,0
IWM190920C161,2019-09-17,2019-09-17 09:35:44,0.18,0.72,294,0.17,0.68,83,0.19,0.76,5,0.175,0.7,39,0
IWM190920C161,2019-09-17,2019-09-17 09:35:44,0.18,0.72,294,0.17,0.68,91,0.19,0.76,5,0.175,0.7,39,0
IWM190920C161,2019-09-17,2019-09-17 09:35:45,0.18,0.72,294,0.17,0.68,198,0.19,0.76,5,0.175,0.7,39,0
IWM190920C161,2019-09-17,2019-09-17 09:35:45,0.18,0.72,294,0.17,0.68,304,0.19,0.76,5,0.175,0.7,39,0
IWM190920C161,2019-09-17,2019-09-17 09:35:46,0.18,0.72,294,0.17,0.68,110,0.19,0.76,5,0.175,0.7,39,0
IWM190920C161,2019-09-17,2019-09-17 09:35:47,0.18,0.72,230,0.17,0.68,120,0.19,0.76,5,0.175,0.7,39,0
IWM190920C161,2019-09-17,2019-09-17 09:35:48,0.18,0.72,230,0.17,0.68,110,0.19,0.76,5,0.175,0.7,39,0
IWM190920C161,2019-09-17,2019-09-17 09:35:48,0.18,0.72,321,0.17,0.68,110,0.19,0.76,5,0.175,0.7,39,0
IWM190920C161,2019-09-17,2019-09-17 09:35:49,0.18,0.72,321,0.17,0.68,110,0.19,0.76,5,0.175,0.7,39,0
IWM190920C161,2019-09-17,2019-09-17 09:35:50,0.18,0.72,321,0.17,0.68,110,0.19,0.76,5,0.175,0.7,39,0
IWM190920C161,2019-09-17,2019-09-17 09:35:50,0.18,0.72,230,0.17,0.68,120,0.19,0.76,5,0.175,0.7,39,0
IWM190920C161,2019-09-17,2019-09-17 09:35:51,0.18,0.72,267,0.17,0.68,316,0.19,0.76,5,0.175,0.7,39,0
IWM190920C161,2019-09-17,2019-09-17 09:35:51,0.18,0.72,244,0.17,0.68,120,0.19,0.76,5,0.175,0.7,39,0
IWM190920C161,2019-09-17,2019-09-17 09:35:52,0.18,0.72,340,0.17,0.68,316,0.19,0.76,5,0.175,0.7,39,0
IWM190920C161,2019-09-17,2019-09-17 09:35:53,0.18,0.72,340,0.17,0.68,42,0.19,0.76,5,0.175,0.7,39,0
IWM190920C161,2019-09-17,2019-09-17 09:35:54,0.18,0.72,340,0.17,0.68,50,0.19,0.76,5,0.175,0.7,39,0
IWM190920C161,2019-09-17,2019-09-17 09:35:54,0.18,0.72,340,0.17,0.68,42,0.19,0.76,5,0.175,0.7,39,0
IWM190920C161,2019-09-17,2019-09-17 09:35:55,0.18,0.72,396,0.17,0.68,42,0.19,0.76,5,0.175,0.7,39,0
IWM190920C161,2019-09-17,2019-09-17 09:35:56,0.18,0.72,340,0.17,0.68,53,0.19,0.76,5,0.175,0.7,39,0
IWM190920C161,2019-09-17,2019-09-17 09:35:56,0.18,0.72,340,0.17,0.68,42,0.19,0.76,5,0.175,0.7,39,0
IWM190920C161,2019-09-17,2019-09-17 09:35:57,0.18,0.72,340,0.17,0.68,53,0.19,0.76,5,0.175,0.7,39,0
IWM190920C161,2019-09-17,2019-09-17 09:35:57,0.18,0.72,340,0.17,0.68,120,0.19,0.76,5,0.175,0.7,39,0
IWM190920C161,2019-09-17,2019-09-17 09:35:58,0.18,0.72,340,0.17,0.68,120,0.19,0.76,5,0.175,0.7,39,0
IWM190920C161,2019-09-17,2019-09-17 09:35:59,0.18,0.72,152,0.17,0.68,65,0.19,0.76,5,0.175,0.7,39,0
IWM190920C161,2019-09-17,2019-09-17 09:35:59,0.18,0.72,151,0.17,0.68,65,0.19,0.76,5,0.175,0.7,39,0
IWM190920C161,2019-09-17,2019-09-17 09:36:00,0.18,0.72,287,0.17,0.68,120,0.19,0.76,5,0.175,0.7,39,0
IWM190920C161,2019-09-17,2019-09-17 09:36:00,0.18,0.72,359,0.17,0.68,57,0.19,0.76,5,0.175,0.7,39,0
IWM190920C161,2019-09-17,2019-09-17 09:36:01,0.18,0.72,311,0.17,0.68,245,0.19,0.76,5,0.175,0.7,39,0
IWM190920C161,2019-09-17,2019-09-17 09:36:01,0.18,0.72,176,0.17,0.68,284,0.19,0.76,5,0.175,0.7,39,0
IWM190920C161,2019-09-17,2019-09-17 09:36:02,0.18,0.72,184,0.17,0.68,500,0.19,0.76,5,0.175,0.7,39,0
IWM190920C161,2019-09-17,2019-09-17 09:36:02,0.18,0.72,217,0.17,0.68,500,0.19,0.76,5,0.175,0.7,39,0
IWM190920C161,2019-09-17,2019-09-17 09:36:03,0.18,0.72,184,0.17,0.68,500,0.19,0.76,5,0.175,0.7,39,0
IWM190920C161,2019-09-17,2019-09-17 09:36:03,0.18,0.72,60,0.17,0.68,500,0.19,0.76,5,0.175,0.7,39,0
IWM190920C161,2019-09-17,2019-09-17 09:36:04,0.19,0.76,551,0.17,0.68,673,0.19,0.76,5,0.18,0.72,39,0
IWM190920C161,2019-09-17,2019-09-17 09:36:04,0.19,0.76,551,0.17,0.68,883,0.19,0.76,5,0.18,0.72,39,0
IWM190920C161,2019-09-17,2019-09-17 09:36:05,0.19,0.76,369,0.18,0.72,27,0.19,0.76,5,0.185,0.74,39,0
IWM190920C161,2019-09-17,2019-09-17 09:36:05,0.19,0.76,551,0.18,0.72,27,0.19,0.76,5,0.185,0.74,39,0
IWM190920C161,2019-09-17,2019-09-17 09:36:06,0.19,0.76,341,0.18,0.72,73,0.19,0.76,5,0.185,0.74,39,0
IWM190920C161,2019-09-17,2019-09-17 09:36:07,0.19,0.76,416,0.18,0.72,32,0.19,0.76,5,0.185,0.74,39,0
IWM190920C161,2019-09-17,2019-09-17 09:36:07,0.19,0.76,452,0.18,0.72,125,0.19,0.76,5,0.185,0.74,39,0
IWM190920C161,2019-09-17,2019-09-17 09:36:08,0.19,0.76,452,0.18,0.72,58,0.19,0.76,5,0.185,0.74,39,0
IWM190920C161,2019-09-17,2019-09-17 09:36:09,0.19,0.76,452,0.18,0.72,58,0.19,0.76,5,0.185,0.74,39,0
IWM190920C161,2019-09-17,2019-09-17 09:36:10,0.19,0.76,546,0.17,0.68,1281,0.19,0.76,5,0.18,0.72,39,0
IWM190920C161,2019-09-17,2019-09-17 09:36:10,0.19,0.76,546,0.17,0.68,593,0.19,0.76,5,0.18,0.72,39,0
IWM190920C161,2019-09-17,2019-09-17 09:36:11,0.19,0.76,546,0.17,0.68,1281,0.19,0.76,5,0.18,0.72,39,0
IWM190920C161,2019-09-17,2019-09-17 09:36:12,0.19,0.76,546,0.17,0.68,1281,0.19,0.76,5,0.18,0.72,39,0
IWM190920C161,2019-09-17,2019-09-17 09:36:13,0.19,0.76,546,0.17,0.68,1000,0.19,0.76,5,0.18,0.72,39,0
IWM190920C161,2019-09-17,2019-09-17 09:36:13,0.18,0.72,35,0.17,0.68,110,0.19,0.76,5,0.175,0.7,39,0
IWM190920C161,2019-09-17,2019-09-17 09:36:14,0.18,0.72,62,0.17,0.68,110,0.19,0.76,5,0.175,0.7,39,0
IWM190920C161,2019-09-17,2019-09-17 09:36:15,0.18,0.72,63,0.17,0.68,110,0.19,0.76,5,0.175,0.7,39,0
IWM190920C161,2019-09-17,2019-09-17 09:36:15,0.18,0.72,62,0.17,0.68,110,0.19,0.76,5,0.175,0.7,39,0
IWM190920C161,2019-09-17,2019-09-17 09:36:16,0.18,0.72,46,0.17,0.68,110,0.19,0.76,5,0.175,0.7,39,0
IWM190920C161,2019-09-17,2019-09-17 09:36:16,0.18,0.72,64,0.17,0.68,120,0.19,0.76,5,0.175,0.7,39,0
IWM190920C161,2019-09-17,2019-09-17 09:36:17,0.18,0.72,27,0.17,0.68,358,0.19,0.76,5,0.175,0.7,39,0
IWM190920C161,2019-09-17,2019-09-17 09:36:17,0.18,0.72,41,0.17,0.68,110,0.19,0.76,5,0.175,0.7,39,0
IWM190920C161,2019-09-17,2019-09-17 09:36:18,0.19,0.76,563,0.17,0.68,255,0.19,0.76,5,0.18,0.72,39,0
IWM190920C161,2019-09-17,2019-09-17 09:36:18,0.19,0.76,563,0.17,0.68,358,0.19,0.76,5,0.18,0.72,39,0
IWM190920C161,2019-09-17,2019-09-17 09:36:19,0.19,0.76,493,0.17,0.68,543,0.19,0.76,5,0.18,0.72,39,0
IWM190920C161,2019-09-17,2019-09-17 09:36:20,0.19,0.76,493,0.17,0.68,1011,0.19,0.76,5,0.18,0.72,39,0
IWM190920C161,2019-09-17,2019-09-17 09:36:21,0.19,0.76,876,0.17,0.68,1011,0.19,0.76,5,0.18,0.72,39,0
IWM190920C161,2019-09-17,2019-09-17 09:36:21,0.19,0.76,984,0.17,0.68,358,0.19,0.76,5,0.18,0.72,39,0
IWM190920C161,2019-09-17,2019-09-17 09:36:22,0.19,0.76,994,0.17,0.68,410,0.19,0.76,5,0.18,0.72,39,0
IWM190920C161,2019-09-17,2019-09-17 09:36:22,0.19,0.76,984,0.17,0.68,410,0.19,0.76,5,0.18,0.72,39,0
IWM190920C161,2019-09-17,2019-09-17 09:36:23,0.19,0.76,586,0.17,0.68,410,0.19,0.76,5,0.18,0.72,39,0
IWM190920C161,2019-09-17,2019-09-17 09:36:23,0.19,0.76,586,0.17,0.68,641,0.19,0.76,5,0.18,0.72,39,0
IWM190920C161,2019-09-17,2019-09-17 09:36:24,0.19,0.76,1012,0.17,0.68,641,0.19,0.76,5,0.18,0.72,39,0
IWM190920C161,2019-09-17,2019-09-17 09:36:24,0.19,0.76,962,0.17,0.68,641,0.19,0.76,5,0.18,0.72,39,0
IWM190920C161,2019-09-17,2019-09-17 09:36:25,0.19,0.76,921,0.17,0.68,641,0.19,0.76,5,0.18,0.72,39,0
IWM190920C161,2019-09-17,2019-09-17 09:36:26,0.19,0.76,921,0.17,0.68,1094,0.19,0.76,5,0.18,0.72,39,0
IWM190920C161,2019-09-17,2019-09-17 09:36:27,0.19,0.76,586,0.17,0.68,1094,0.19,0.76,5,0.18,0.72,39,0
IWM190920C161,2019-09-17,2019-09-17 09:36:28,0.19,0.76,586,0.17,0.68,1094,0.19,0.76,5,0.18,0.72,39,0
IWM190920C161,2019-09-17,2019-09-17 09:36:29,0.18,0.72,262,0.17,0.68,1094,0.19,0.76,5,0.175,0.7,39,0
IWM190920C161,2019-09-17,2019-09-17 09:36:29,0.19,0.76,927,0.17,0.68,1094,0.19,0.76,5,0.18,0.72,39,0
IWM190920C161,2019-09-17,2019-09-17 09:36:30,0.18,0.72,100,0.17,0.68,166,0.19,0.76,5,0.175,0.7,39,0
IWM190920C161,2019-09-17,2019-09-17 09:36:30,0.18,0.72,405,0.17,0.68,166,0.19,0.76,5,0.175,0.7,39,0
IWM190920C161,2019-09-17,2019-09-17 09:36:31,0.18,0.72,474,0.17,0.68,166,0.19,0.76,5,0.175,0.7,39,0
IWM190920C161,2019-09-17,2019-09-17 09:36:31,0.18,0.72,474,0.17,0.68,150,0.19,0.76,5,0.175,0.7,39,0
IWM190920C161,2019-09-17,2019-09-17 09:36:32,0.18,0.72,474,0.17,0.68,107,0.19,0.76,5,0.175,0.7,39,0
IWM190920C161,2019-09-17,2019-09-17 09:36:33,0.18,0.72,474,0.17,0.68,107,0.19,0.76,5,0.175,0.7,39,0
IWM190920C161,2019-09-17,2019-09-17 09:36:33,0.18,0.72,969,0.17,0.68,107,0.19,0.76,5,0.175,0.7,39,0
IWM190920C161,2019-09-17,2019-09-17 09:36:34,0.18,0.72,974,0.17,0.68,110,0.19,0.76,5,0.175,0.7,39,0
IWM190920C161,2019-09-17,2019-09-17 09:36:34,0.18,0.72,474,0.17,0.68,107,0.19,0.76,5,0.175,0.7,39,0
IWM190920C161,2019-09-17,2019-09-17 09:36:35,0.18,0.72,764,0.17,0.68,110,0.19,0.76,5,0.175,0.7,39,0
IWM190920C161,2019-09-17,2019-09-17 09:36:36,0.18,0.72,764,0.17,0.68,110,0.19,0.76,5,0.175,0.7,39,0
IWM190920C161,2019-09-17,2019-09-17 09:36:37,0.18,0.72,405,0.17,0.68,96,0.19,0.76,5,0.175,0.7,39,0
IWM190920C161,2019-09-17,2019-09-17 09:36:38,0.18,0.72,405,0.17,0.68,96,0.19,0.76,5,0.175,0.7,39,0
IWM190920C161,2019-09-17,2019-09-17 09:36:39,0.18,0.72,405,0.17,0.68,96,0.19,0.76,5,0.175,0.7,39,0
IWM190920C161,2019-09-17,2019-09-17 09:36:40,0.18,0.72,405,0.17,0.68,96,0.19,0.76,5,0.175,0.7,39,0
IWM190920C161,2019-09-17,2019-09-17 09:36:40,0.18,0.72,757,0.17,0.68,96,0.19,0.76,5,0.175,0.7,39,0
IWM190920C161,2019-09-17,2019-09-17 09:36:41,0.18,0.72,362,0.17,0.68,2,0.19,0.76,5,0.175,0.7,39,0
IWM190920C161,2019-09-17,2019-09-17 09:36:41,0.18,0.72,477,0.17,0.68,96,0.19,0.76,5,0.175,0.7,39,0
IWM190920C161,2019-09-17,2019-09-17 09:36:42,0.18,0.72,1084,0.17,0.68,2,0.19,0.76,5,0.175,0.7,39,0
IWM190920C161,2019-09-17,2019-09-17 09:36:42,0.18,0.72,1034,0.17,0.68,2,0.19,0.76,5,0.175,0.7,39,0
IWM190920C161,2019-09-17,2019-09-17 09:36:43,0.17,0.68,412,0.16,0.64,112,0.19,0.76,5,0.165,0.66,39,0
IWM190920C161,2019-09-17,2019-09-17 09:36:43,0.18,0.72,728,0.17,0.68,2,0.19,0.76,5,0.175,0.7,39,0
IWM190920C161,2019-09-17,2019-09-17 09:36:44,0.17,0.68,412,0.16,0.64,112,0.19,0.76,5,0.165,0.66,39,0
IWM190920C161,2019-09-17,2019-09-17 09:36:44,0.17,0.68,412,0.16,0.64,158,0.19,0.76,5,0.165,0.66,39,0
IWM190920C161,2019-09-17,2019-09-17 09:36:45,0.17,0.68,186,0.16,0.64,150,0.19,0.76,5,0.165,0.66,39,0
IWM190920C161,2019-09-17,2019-09-17 09:36:45,0.17,0.68,412,0.16,0.64,158,0.19,0.76,5,0.165,0.66,39,0
IWM190920C161,2019-09-17,2019-09-17 09:36:46,0.17,0.68,53,0.16,0.64,158,0.19,0.76,5,0.165,0.66,39,0
IWM190920C161,2019-09-17,2019-09-17 09:36:46,0.17,0.68,369,0.16,0.64,158,0.19,0.76,5,0.165,0.66,39,0
IWM190920C161,2019-09-17,2019-09-17 09:36:47,0.17,0.68,407,0.16,0.64,110,0.19,0.76,5,0.165,0.66,39,0
IWM190920C161,2019-09-17,2019-09-17 09:36:47,0.17,0.68,369,0.16,0.64,110,0.19,0.76,5,0.165,0.66,39,0
IWM190920C161,2019-09-17,2019-09-17 09:36:48,0.17,0.68,26,0.16,0.64,148,0.19,0.76,5,0.165,0.66,39,0
IWM190920C161,2019-09-17,2019-09-17 09:36:48,0.17,0.68,169,0.16,0.64,20,0.19,0.76,5,0.165,0.66,39,0
IWM190920C161,2019-09-17,2019-09-17 09:36:49,0.17,0.68,59,0.16,0.64,148,0.19,0.76,5,0.165,0.66,39,0
IWM190920C161,2019-09-17,2019-09-17 09:36:49,0.17,0.68,289,0.16,0.64,230,0.19,0.76,5,0.165,0.66,39,0
IWM190920C161,2019-09-17,2019-09-17 09:36:50,0.17,0.68,26,0.16,0.64,230,0.19,0.76,5,0.165,0.66,39,0
IWM190920C161,2019-09-17,2019-09-17 09:36:50,0.17,0.68,321,0.16,0.64,230,0.19,0.76,5,0.165,0.66,39,0
IWM190920C161,2019-09-17,2019-09-17 09:36:51,0.17,0.68,26,0.16,0.64,230,0.19,0.76,5,0.165,0.66,39,0
IWM190920C161,2019-09-17,2019-09-17 09:36:52,0.17,0.68,26,0.16,0.64,148,0.19,0.76,5,0.165,0.66,39,0
IWM190920C161,2019-09-17,2019-09-17 09:36:53,0.17,0.68,290,0.16,0.64,148,0.19,0.76,5,0.165,0.66,39,0
IWM190920C161,2019-09-17,2019-09-17 09:36:53,0.17,0.68,26,0.16,0.64,230,0.19,0.76,5,0.165,0.66,39,0
IWM190920C161,2019-09-17,2019-09-17 09:36:54,0.17,0.68,53,0.16,0.64,441,0.19,0.76,5,0.165,0.66,39,0
IWM190920C161,2019-09-17,2019-09-17 09:36:54,0.17,0.68,26,0.16,0.64,441,0.19,0.76,5,0.165,0.66,39,0
IWM190920C161,2019-09-17,2019-09-17 09:36:55,0.18,0.72,1001,0.16,0.64,626,0.19,0.76,5,0.17,0.68,39,0
IWM190920C161,2019-09-17,2019-09-17 09:36:55,0.17,0.68,26,0.16,0.64,441,0.19,0.76,5,0.165,0.66,39,0
IWM190920C161,2019-09-17,2019-09-17 09:36:56,0.18,0.72,680,0.16,0.64,257,0.19,0.76,5,0.17,0.68,39,0
IWM190920C161,2019-09-17,2019-09-17 09:36:56,0.18,0.72,1001,0.16,0.64,257,0.19,0.76,5,0.17,0.68,39,0
IWM190920C161,2019-09-17,2019-09-17 09:36:57,0.17,0.68,1,0.16,0.64,553,0.19,0.76,5,0.165,0.66,39,0
IWM190920C161,2019-09-17,2019-09-17 09:36:57,0.18,0.72,253,0.16,0.64,553,0.19,0.76,5,0.17,0.68,39,0
IWM190920C161,2019-09-17,2019-09-17 09:36:58,0.18,0.72,253,0.16,0.64,553,0.19,0.76,5,0.17,0.68,39,0
IWM190920C161,2019-09-17,2019-09-17 09:36:58,0.17,0.68,1,0.16,0.64,410,0.19,0.76,5,0.165,0.66,39,0
IWM190920C161,2019-09-17,2019-09-17 09:36:59,0.17,0.68,379,0.16,0.64,154,0.19,0.76,5,0.165,0.66,39,0
IWM190920C161,2019-09-17,2019-09-17 09:36:59,0.17,0.68,77,0.16,0.64,162,0.19,0.76,5,0.165,0.66,39,0
IWM190920C161,2019-09-17,2019-09-17 09:37:00,0.17,0.68,379,0.16,0.64,162,0.19,0.76,5,0.165,0.66,39,0
IWM190920C161,2019-09-17,2019-09-17 09:37:01,0.17,0.68,379,0.16,0.64,54,0.19,0.76,5,0.165,0.66,39,0
IWM190920C161,2019-09-17,2019-09-17 09:37:01,0.17,0.68,379,0.16,0.64,62,0.19,0.76,5,0.165,0.66,39,0
IWM190920C161,2019-09-17,2019-09-17 09:37:02,0.17,0.68,379,0.16,0.64,162,0.19,0.76,5,0.165,0.66,39,0
IWM190920C161,2019-09-17,2019-09-17 09:37:02,0.17,0.68,379,0.16,0.64,62,0.19,0.76,5,0.165,0.66,39,0
IWM190920C161,2019-09-17,2019-09-17 09:37:03,0.17,0.68,379,0.16,0.64,718,0.19,0.76,5,0.165,0.66,39,0
IWM190920C161,2019-09-17,2019-09-17 09:37:04,0.17,0.68,379,0.16,0.64,726,0.19,0.76,5,0.165,0.66,39,0
IWM190920C161,2019-09-17,2019-09-17 09:37:04,0.17,0.68,379,0.16,0.64,876,0.19,0.76,5,0.165,0.66,39,0
IWM190920C161,2019-09-17,2019-09-17 09:37:05,0.17,0.68,100,0.16,0.64,726,0.19,0.76,5,0.165,0.66,39,0
IWM190920C161,2019-09-17,2019-09-17 09:37:05,0.17,0.68,379,0.16,0.64,726,0.19,0.76,5,0.165,0.66,39,0
IWM190920C161,2019-09-17,2019-09-17 09:37:06,0.17,0.68,123,0.16,0.64,726,0.19,0.76,5,0.165,0.66,39,0
IWM190920C161,2019-09-17,2019-09-17 09:37:06,0.17,0.68,112,0.16,0.64,726,0.19,0.76,5,0.165,0.66,39,0
IWM190920C161,2019-09-17,2019-09-17 09:37:07,0.17,0.68,112,0.16,0.64,726,0.19,0.76,5,0.165,0.66,39,0
IWM190920C161,2019-09-17,2019-09-17 09:37:07,0.17,0.68,535,0.16,0.64,726,0.19,0.76,5,0.165,0.66,39,0
IWM190920C161,2019-09-17,2019-09-17 09:37:08,0.17,0.68,535,0.16,0.64,186,0.19,0.76,5,0.165,0.66,39,0
IWM190920C161,2019-09-17,2019-09-17 09:37:09,0.17,0.68,535,0.16,0.64,342,0.19,0.76,5,0.165,0.66,39,0
IWM190920C161,2019-09-17,2019-09-17 09:37:10,0.17,0.68,535,0.16,0.64,831,0.19,0.76,5,0.165,0.66,39,0
IWM190920C161,2019-09-17,2019-09-17 09:37:10,0.18,0.72,278,0.16,0.64,315,0.19,0.76,5,0.17,0.68,39,0
IWM190920C161,2019-09-17,2019-09-17 09:37:11,0.18,0.72,676,0.16,0.64,511,0.19,0.76,5,0.17,0.68,39,0
IWM190920C161,2019-09-17,2019-09-17 09:37:11,0.18,0.72,682,0.16,0.64,511,0.19,0.76,5,0.17,0.68,39,0
IWM190920C161,2019-09-17,2019-09-17 09:37:12,0.18,0.72,610,0.17,0.68,62,0.19,0.76,5,0.175,0.7,39,0
IWM190920C161,2019-09-17,2019-09-17 09:37:13,0.18,0.72,610,0.17,0.68,62,0.19,0.76,5,0.175,0.7,39,0
IWM190920C161,2019-09-17,2019-09-17 09:37:14,0.18,0.72,610,0.17,0.68,25,0.19,0.76,5,0.175,0.7,39,0
IWM190920C161,2019-09-17,2019-09-17 09:37:14,0.18,0.72,1012,0.17,0.68,25,0.19,0.76,5,0.175,0.7,39,0
IWM190920C161,2019-09-17,2019-09-17 09:37:15,0.17,0.68,389,0.16,0.64,799,0.19,0.76,5,0.165,0.66,39,0
IWM190920C161,2019-09-17,2019-09-17 09:37:16,0.17,0.68,389,0.16,0.64,799,0.19,0.76,5,0.165,0.66,39,0
IWM190920C161,2019-09-17,2019-09-17 09:37:16,0.17,0.68,53,0.16,0.64,799,0.19,0.76,5,0.165,0.66,39,0
IWM190920C161,2019-09-17,2019-09-17 09:37:17,0.17,0.68,53,0.16,0.64,799,0.19,0.76,5,0.165,0.66,39,0
IWM190920C161,2019-09-17,2019-09-17 09:37:18,0.17,0.68,53,0.16,0.64,799,0.19,0.76,5,0.165,0.66,39,0
IWM190920C161,2019-09-17,2019-09-17 09:37:19,0.17,0.68,53,0.16,0.64,799,0.19,0.76,5,0.165,0.66,39,0
IWM190920C161,2019-09-17,2019-09-17 09:37:19,0.17,0.68,74,0.16,0.64,799,0.19,0.76,5,0.165,0.66,39,0
IWM190920C161,2019-09-17,2019-09-17 09:37:20,0.17,0.68,75,0.16,0.64,819,0.19,0.76,5,0.165,0.66,39,0
IWM190920C161,2019-09-17,2019-09-17 09:37:20,0.17,0.68,100,0.16,0.64,819,0.19,0.76,5,0.165,0.66,39,0
IWM190920C161,2019-09-17,2019-09-17 09:37:21,0.17,0.68,70,0.16,0.64,411,0.19,0.76,5,0.165,0.66,39,0
IWM190920C161,2019-09-17,2019-09-17 09:37:21,0.17,0.68,191,0.16,0.64,819,0.19,0.76,5,0.165,0.66,39,0
IWM190920C161,2019-09-17,2019-09-17 09:37:22,0.17,0.68,537,0.16,0.64,82,0.19,0.76,5,0.165,0.66,39,0
IWM190920C161,2019-09-17,2019-09-17 09:37:23,0.16,0.64,62,0.15,0.6,765,0.19,0.76,5,0.155,0.62,39,0
IWM190920C161,2019-09-17,2019-09-17 09:37:23,0.17,0.68,857,0.15,0.6,911,0.19,0.76,5,0.16,0.64,39,0
IWM190920C161,2019-09-17,2019-09-17 09:37:24,0.16,0.64,9,0.15,0.6,765,0.19,0.76,5,0.155,0.62,39,0
IWM190920C161,2019-09-17,2019-09-17 09:37:24,0.16,0.64,64,0.15,0.6,765,0.19,0.76,5,0.155,0.62,39,0
IWM190920C161,2019-09-17,2019-09-17 09:37:25,0.17,0.68,631,0.15,0.6,765,0.19,0.76,5,0.16,0.64,39,0
IWM190920C161,2019-09-17,2019-09-17 09:37:25,0.17,0.68,708,0.15,0.6,715,0.19,0.76,5,0.16,0.64,39,0
IWM190920C161,2019-09-17,2019-09-17 09:37:26,0.16,0.64,57,0.15,0.6,765,0.19,0.76,5,0.155,0.62,39,0
IWM190920C161,2019-09-17,2019-09-17 09:37:26,0.16,0.64,101,0.15,0.6,715,0.19,0.76,5,0.155,0.62,39,0
IWM190920C161,2019-09-17,2019-09-17 09:37:27,0.16,0.64,120,0.15,0.6,715,0.19,0.76,5,0.155,0.62,39,0
IWM190920C161,2019-09-17,2019-09-17 09:37:28,0.16,0.64,57,0.15,0.6,765,0.19,0.76,5,0.155,0.62,39,0
IWM190920C161,2019-09-17,2019-09-17 09:37:28,0.16,0.64,64,0.15,0.6,654,0.19,0.76,5,0.155,0.62,39,0
IWM190920C161,2019-09-17,2019-09-17 09:37:29,0.16,0.64,64,0.15,0.6,604,0.19,0.76,5,0.155,0.62,39,0
IWM190920C161,2019-09-17,2019-09-17 09:37:30,0.16,0.64,94,0.15,0.6,737,0.19,0.76,5,0.155,0.62,39,0
IWM190920C161,2019-09-17,2019-09-17 09:37:30,0.16,0.64,274,0.15,0.6,737,0.19,0.76,5,0.155,0.62,39,0
IWM190920C161,2019-09-17,2019-09-17 09:37:31,0.16,0.64,64,0.15,0.6,790,0.19,0.76,5,0.155,0.62,39,0
IWM190920C161,2019-09-17,2019-09-17 09:37:31,0.16,0.64,274,0.15,0.6,790,0.19,0.76,5,0.155,0.62,39,0
IWM190920C161,2019-09-17,2019-09-17 09:37:32,0.16,0.64,64,0.15,0.6,790,0.19,0.76,5,0.155,0.62,39,0
IWM190920C161,2019-09-17,2019-09-17 09:37:32,0.16,0.64,24,0.15,0.6,790,0.19,0.76,5,0.155,0.62,39,0
IWM190920C161,2019-09-17,2019-09-17 09:37:33,0.16,0.64,87,0.15,0.6,840,0.19,0.76,5,0.155,0.62,39,0
IWM190920C161,2019-09-17,2019-09-17 09:37:33,0.16,0.64,55,0.15,0.6,840,0.19,0.76,5,0.155,0.62,39,0
IWM190920C161,2019-09-17,2019-09-17 09:37:34,0.16,0.64,24,0.15,0.6,586,0.19,0.76,5,0.155,0.62,39,0
IWM190920C161,2019-09-17,2019-09-17 09:37:34,0.16,0.64,24,0.15,0.6,840,0.19,0.76,5,0.155,0.62,39,0
IWM190920C161,2019-09-17,2019-09-17 09:37:35,0.16,0.64,24,0.15,0.6,999,0.19,0.76,5,0.155,0.62,39,0
IWM190920C161,2019-09-17,2019-09-17 09:37:36,0.16,0.64,63,0.15,0.6,999,0.19,0.76,5,0.155,0.62,39,0
IWM190920C161,2019-09-17,2019-09-17 09:37:37,0.16,0.64,430,0.15,0.6,680,0.19,0.76,5,0.155,0.62,39,0
IWM190920C161,2019-09-17,2019-09-17 09:37:37,0.16,0.64,63,0.15,0.6,680,0.19,0.76,5,0.155,0.62,39,0
IWM190920C161,2019-09-17,2019-09-17 09:37:38,0.16,0.64,430,0.15,0.6,470,0.19,0.76,5,0.155,0.62,39,0
IWM190920C161,2019-09-17,2019-09-17 09:37:39,0.16,0.64,430,0.15,0.6,470,0.19,0.76,5,0.155,0.62,39,0
IWM190920C161,2019-09-17,2019-09-17 09:37:39,0.16,0.64,430,0.15,0.6,192,0.19,0.76,5,0.155,0.62,39,0
IWM190920C161,2019-09-17,2019-09-17 09:37:40,0.16,0.64,430,0.15,0.6,192,0.19,0.76,5,0.155,0.62,39,0
IWM190920C161,2019-09-17,2019-09-17 09:37:41,0.16,0.64,230,0.14,0.56,924,0.15,0.6,20,0.15,0.6,59,20
IWM190920C161,2019-09-17,2019-09-17 09:37:41,0.16,0.64,430,0.15,0.6,193,0.19,0.76,5,0.155,0.62,39,0
IWM190920C161,2019-09-17,2019-09-17 09:37:42,0.16,0.64,280,0.14,0.56,582,0.15,0.6,20,0.15,0.6,59,0
IWM190920C161,2019-09-17,2019-09-17 09:37:42,0.16,0.64,736,0.14,0.56,582,0.15,0.6,20,0.15,0.6,59,0
IWM190920C161,2019-09-17,2019-09-17 09:37:43,0.16,0.64,746,0.14,0.56,1146,0.15,0.6,20,0.15,0.6,59,0
IWM190920C161,2019-09-17,2019-09-17 09:37:43,0.16,0.64,1000,0.14,0.56,990,0.15,0.6,20,0.15,0.6,59,0
IWM190920C161,2019-09-17,2019-09-17 09:37:44,0.16,0.64,624,0.14,0.56,1006,0.15,0.6,20,0.15,0.6,59,0
IWM190920C161,2019-09-17,2019-09-17 09:37:45,0.16,0.64,960,0.14,0.56,605,0.15,0.6,20,0.15,0.6,59,0
IWM190920C161,2019-09-17,2019-09-17 09:37:45,0.16,0.64,740,0.14,0.56,605,0.15,0.6,20,0.15,0.6,59,0
IWM190920C161,2019-09-17,2019-09-17 09:37:46,0.16,0.64,1000,0.14,0.56,1021,0.15,0.6,20,0.15,0.6,59,0
IWM190920C161,2019-09-17,2019-09-17 09:37:46,0.16,0.64,1000,0.14,0.56,1185,0.15,0.6,20,0.15,0.6,59,0
IWM190920C161,2019-09-17,2019-09-17 09:37:47,0.16,0.64,902,0.14,0.56,212,0.15,0.6,20,0.15,0.6,59,0
IWM190920C161,2019-09-17,2019-09-17 09:37:47,0.16,0.64,750,0.14,0.56,212,0.15,0.6,20,0.15,0.6,59,0
IWM190920C161,2019-09-17,2019-09-17 09:37:48,0.16,0.64,912,0.14,0.56,239,0.15,0.6,20,0.15,0.6,59,0
IWM190920C161,2019-09-17,2019-09-17 09:37:48,0.16,0.64,902,0.14,0.56,239,0.15,0.6,20,0.15,0.6,59,0
IWM190920C161,2019-09-17,2019-09-17 09:37:49,0.16,0.64,912,0.14,0.56,182,0.15,0.6,20,0.15,0.6,59,0
IWM190920C161,2019-09-17,2019-09-17 09:37:49,0.15,0.6,481,0.14,0.56,194,0.15,0.6,20,0.145,0.58,59,0
IWM190920C161,2019-09-17,2019-09-17 09:37:50,0.15,0.6,481,0.14,0.56,399,0.15,0.6,20,0.145,0.58,59,0
IWM190920C161,2019-09-17,2019-09-17 09:37:50,0.15,0.6,39,0.14,0.56,194,0.15,0.6,20,0.145,0.58,59,0
IWM190920C161,2019-09-17,2019-09-17 09:37:51,0.15,0.6,357,0.14,0.56,652,0.15,0.6,20,0.145,0.58,59,0
IWM190920C161,2019-09-17,2019-09-17 09:37:51,0.15,0.6,357,0.14,0.56,963,0.15,0.6,20,0.145,0.58,59,0
IWM190920C161,2019-09-17,2019-09-17 09:37:52,0.16,0.64,600,0.14,0.56,491,0.15,0.6,20,0.15,0.6,59,0
IWM190920C161,2019-09-17,2019-09-17 09:37:52,0.16,0.64,200,0.14,0.56,678,0.15,0.6,20,0.15,0.6,59,0
IWM190920C161,2019-09-17,2019-09-17 09:37:53,0.16,0.64,1072,0.14,0.56,595,0.15,0.6,20,0.15,0.6,59,0
IWM190920C161,2019-09-17,2019-09-17 09:37:53,0.16,0.64,634,0.14,0.56,645,0.15,0.6,20,0.15,0.6,59,0
IWM190920C161,2019-09-17,2019-09-17 09:37:54,0.16,0.64,1072,0.14,0.56,645,0.15,0.6,20,0.15,0.6,59,0
IWM190920C161,2019-09-17,2019-09-17 09:37:55,0.16,0.64,344,0.14,0.56,882,0.15,0.6,20,0.15,0.6,59,0
IWM190920C161,2019-09-17,2019-09-17 09:37:55,0.16,0.64,1072,0.14,0.56,1123,0.15,0.6,20,0.15,0.6,59,0
IWM190920C161,2019-09-17,2019-09-17 09:37:56,0.16,0.64,784,0.14,0.56,110,0.15,0.6,20,0.15,0.6,59,0
IWM190920C161,2019-09-17,2019-09-17 09:37:56,0.16,0.64,333,0.14,0.56,1052,0.15,0.6,20,0.15,0.6,59,0
IWM190920C161,2019-09-17,2019-09-17 09:37:57,0.15,0.6,489,0.14,0.56,204,0.15,0.6,20,0.145,0.58,59,0
IWM190920C161,2019-09-17,2019-09-17 09:37:57,0.15,0.6,489,0.14,0.56,120,0.15,0.6,20,0.145,0.58,59,0
IWM190920C161,2019-09-17,2019-09-17 09:37:58,0.15,0.6,489,0.14,0.56,401,0.15,0.6,20,0.145,0.58,59,0
IWM190920C161,2019-09-17,2019-09-17 09:37:58,0.16,0.64,705,0.14,0.56,623,0.15,0.6,20,0.15,0.6,59,0
IWM190920C161,2019-09-17,2019-09-17 09:37:59,0.16,0.64,695,0.14,0.56,653,0.15,0.6,20,0.15,0.6,59,0
IWM190920C161,2019-09-17,2019-09-17 09:37:59,0.16,0.64,705,0.14,0.56,653,0.15,0.6,20,0.15,0.6,59,0
IWM190920C161,2019-09-17,2019-09-17 09:38:00,0.16,0.64,695,0.14,0.56,1006,0.15,0.6,20,0.15,0.6,59,0
IWM190920C161,2019-09-17,2019-09-17 09:38:01,0.16,0.64,745,0.14,0.56,466,0.15,0.6,20,0.15,0.6,59,0
IWM190920C161,2019-09-17,2019-09-17 09:38:01,0.16,0.64,941,0.14,0.56,521,0.15,0.6,20,0.15,0.6,59,0
IWM190920C161,2019-09-17,2019-09-17 09:38:02,0.16,0.64,941,0.14,0.56,111,0.15,0.6,20,0.15,0.6,59,0
IWM190920C161,2019-09-17,2019-09-17 09:38:02,0.16,0.64,824,0.14,0.56,258,0.15,0.6,20,0.15,0.6,59,0
IWM190920C161,2019-09-17,2019-09-17 09:38:03,0.16,0.64,824,0.14,0.56,354,0.15,0.6,20,0.15,0.6,59,0
IWM190920C161,2019-09-17,2019-09-17 09:38:03,0.16,0.64,933,0.14,0.56,110,0.15,0.6,20,0.15,0.6,59,0
IWM190920C161,2019-09-17,2019-09-17 09:38:04,0.16,0.64,923,0.14,0.56,100,0.15,0.6,20,0.15,0.6,59,0
IWM190920C161,2019-09-17,2019-09-17 09:38:05,0.16,0.64,943,0.14,0.56,213,0.15,0.6,20,0.15,0.6,59,0
IWM190920C161,2019-09-17,2019-09-17 09:38:05,0.16,0.64,943,0.15,0.6,1,0.15,0.6,20,0.155,0.62,59,0
IWM190920C161,2019-09-17,2019-09-17 09:38:06,0.16,0.64,416,0.15,0.6,14,0.15,0.6,20,0.155,0.62,59,0
IWM190920C161,2019-09-17,2019-09-17 09:38:06,0.16,0.64,416,0.15,0.6,35,0.15,0.6,20,0.155,0.62,59,0
IWM190920C161,2019-09-17,2019-09-17 09:38:07,0.16,0.64,1007,0.15,0.6,43,0.15,0.6,20,0.155,0.62,59,0
IWM190920C161,2019-09-17,2019-09-17 09:38:07,0.16,0.64,1007,0.15,0.6,35,0.15,0.6,20,0.155,0.62,59,0
IWM190920C161,2019-09-17,2019-09-17 09:38:08,0.16,0.64,1007,0.15,0.6,43,0.15,0.6,20,0.155,0.62,59,0
IWM190920C161,2019-09-17,2019-09-17 09:38:08,0.16,0.64,1007,0.15,0.6,32,0.15,0.6,20,0.155,0.62,59,0
IWM190920C161,2019-09-17,2019-09-17 09:38:09,0.16,0.64,595,0.15,0.6,32,0.15,0.6,20,0.155,0.62,59,0
IWM190920C161,2019-09-17,2019-09-17 09:38:10,0.16,0.64,595,0.15,0.6,32,0.15,0.6,20,0.155,0.62,59,0
IWM190920C161,2019-09-17,2019-09-17 09:38:11,0.16,0.64,471,0.15,0.6,110,0.15,0.6,20,0.155,0.62,59,0
IWM190920C161,2019-09-17,2019-09-17 09:38:11,0.16,0.64,471,0.15,0.6,77,0.15,0.6,20,0.155,0.62,59,0
IWM190920C161,2019-09-17,2019-09-17 09:38:12,0.16,0.64,96,0.15,0.6,10,0.15,0.6,20,0.155,0.62,59,0
IWM190920C161,2019-09-17,2019-09-17 09:38:12,0.16,0.64,234,0.14,0.56,1039,0.15,0.6,20,0.15,0.6,59,0
IWM190920C161,2019-09-17,2019-09-17 09:38:13,0.16,0.64,263,0.14,0.56,814,0.15,0.6,20,0.15,0.6,59,0
IWM190920C161,2019-09-17,2019-09-17 09:38:13,0.16,0.64,857,0.14,0.56,814,0.15,0.6,20,0.15,0.6,59,0
IWM190920C161,2019-09-17,2019-09-17 09:38:14,0.16,0.64,224,0.14,0.56,418,0.15,0.6,20,0.15,0.6,59,0
IWM190920C161,2019-09-17,2019-09-17 09:38:14,0.16,0.64,664,0.14,0.56,1114,0.15,0.6,20,0.15,0.6,59,0
IWM190920C161,2019-09-17,2019-09-17 09:38:15,0.16,0.64,283,0.14,0.56,335,0.15,0.6,20,0.15,0.6,59,0
IWM190920C161,2019-09-17,2019-09-17 09:38:15,0.16,0.64,608,0.14,0.56,310,0.15,0.6,20,0.15,0.6,59,0
IWM190920C161,2019-09-17,2019-09-17 09:38:16,0.16,0.64,628,0.14,0.56,205,0.15,0.6,20,0.15,0.6,59,0
IWM190920C161,2019-09-17,2019-09-17 09:38:16,0.15,0.6,55,0.14,0.56,327,0.15,0.6,20,0.145,0.58,59,0
IWM190920C161,2019-09-17,2019-09-17 09:38:17,0.15,0.6,55,0.14,0.56,327,0.15,0.6,20,0.145,0.58,59,0
IWM190920C161,2019-09-17,2019-09-17 09:38:18,0.15,0.6,55,0.14,0.56,208,0.15,0.6,20,0.145,0.58,59,0
IWM190920C161,2019-09-17,2019-09-17 09:38:18,0.15,0.6,456,0.14,0.56,370,0.15,0.6,20,0.145,0.58,59,0
IWM190920C161,2019-09-17,2019-09-17 09:38:19,0.15,0.6,456,0.14,0.56,370,0.15,0.6,20,0.145,0.58,59,0
IWM190920C161,2019-09-17,2019-09-17 09:38:20,0.15,0.6,456,0.14,0.56,370,0.15,0.6,20,0.145,0.58,59,0
IWM190920C161,2019-09-17,2019-09-17 09:38:21,0.15,0.6,456,0.14,0.56,370,0.15,0.6,20,0.145,0.58,59,0
IWM190920C161,2019-09-17,2019-09-17 09:38:21,0.15,0.6,456,0.14,0.56,88,0.15,0.6,20,0.145,0.58,59,0
IWM190920C161,2019-09-17,2019-09-17 09:38:22,0.15,0.6,456,0.14,0.56,88,0.15,0.6,20,0.145,0.58,59,0
IWM190920C161,2019-09-17,2019-09-17 09:38:22,0.15,0.6,541,0.14,0.56,88,0.15,0.6,20,0.145,0.58,59,0
IWM190920C161,2019-09-17,2019-09-17 09:38:23,0.15,0.6,456,0.14,0.56,88,0.15,0.6,20,0.145,0.58,59,0
IWM190920C161,2019-09-17,2019-09-17 09:38:23,0.15,0.6,462,0.14,0.56,88,0.15,0.6,20,0.145,0.58,59,0
IWM190920C161,2019-09-17,2019-09-17 09:38:24,0.15,0.6,456,0.14,0.56,88,0.15,0.6,20,0.145,0.58,59,0
IWM190920C161,2019-09-17,2019-09-17 09:38:25,0.15,0.6,456,0.14,0.56,110,0.15,0.6,20,0.145,0.58,59,0
IWM190920C161,2019-09-17,2019-09-17 09:38:25,0.15,0.6,456,0.14,0.56,88,0.15,0.6,20,0.145,0.58,59,0
IWM190920C161,2019-09-17,2019-09-17 09:38:26,0.15,0.6,340,0.14,0.56,206,0.15,0.6,20,0.145,0.58,59,0
IWM190920C161,2019-09-17,2019-09-17 09:38:26,0.15,0.6,456,0.14,0.56,120,0.15,0.6,20,0.145,0.58,59,0
IWM190920C161,2019-09-17,2019-09-17 09:38:27,0.15,0.6,49,0.14,0.56,200,0.15,0.6,20,0.145,0.58,59,0
IWM190920C161,2019-09-17,2019-09-17 09:38:27,0.15,0.6,25,0.14,0.56,203,0.15,0.6,20,0.145,0.58,59,0
IWM190920C161,2019-09-17,2019-09-17 09:38:28,0.16,0.64,986,0.14,0.56,944,0.15,0.6,20,0.15,0.6,59,0
IWM190920C161,2019-09-17,2019-09-17 09:38:29,0.16,0.64,701,0.14,0.56,704,0.15,0.6,20,0.15,0.6,59,0
IWM190920C161,2019-09-17,2019-09-17 09:38:29,0.16,0.64,851,0.14,0.56,612,0.15,0.6,20,0.15,0.6,59,0
IWM190920C161,2019-09-17,2019-09-17 09:38:30,0.16,0.64,851,0.14,0.56,186,0.15,0.6,20,0.15,0.6,59,0
IWM190920C161,2019-09-17,2019-09-17 09:38:30,0.16,0.64,711,0.14,0.56,333,0.15,0.6,20,0.15,0.6,59,0
IWM190920C161,2019-09-17,2019-09-17 09:38:31,0.16,0.64,711,0.14,0.56,333,0.15,0.6,20,0.15,0.6,59,0
IWM190920C161,2019-09-17,2019-09-17 09:38:32,0.16,0.64,703,0.14,0.56,333,0.15,0.6,20,0.15,0.6,59,0
IWM190920C161,2019-09-17,2019-09-17 09:38:32,0.16,0.64,681,0.14,0.56,333,0.15,0.6,20,0.15,0.6,59,0
IWM190920C161,2019-09-17,2019-09-17 09:38:33,0.16,0.64,701,0.15,0.6,9,0.15,0.6,20,0.155,0.62,59,0
IWM190920C161,2019-09-17,2019-09-17 09:38:33,0.16,0.64,703,0.14,0.56,333,0.15,0.6,20,0.15,0.6,59,0
IWM190920C161,2019-09-17,2019-09-17 09:38:34,0.16,0.64,1012,0.15,0.6,9,0.15,0.6,20,0.155,0.62,59,0
IWM190920C161,2019-09-17,2019-09-17 09:38:35,0.16,0.64,600,0.15,0.6,52,0.15,0.6,20,0.155,0.62,59,0
IWM190920C161,2019-09-17,2019-09-17 09:38:35,0.16,0.64,1012,0.15,0.6,44,0.15,0.6,20,0.155,0.62,59,0
IWM190920C161,2019-09-17,2019-09-17 09:38:36,0.16,0.64,979,0.15,0.6,41,0.15,0.6,20,0.155,0.62,59,0
IWM190920C161,2019-09-17,2019-09-17 09:38:36,0.16,0.64,600,0.15,0.6,52,0.15,0.6,20,0.155,0.62,59,0
IWM190920C161,2019-09-17,2019-09-17 09:38:37,0.16,0.64,600,0.15,0.6,50,0.15,0.6,20,0.155,0.62,59,0
IWM190920C161,2019-09-17,2019-09-17 09:38:37,0.16,0.64,600,0.15,0.6,51,0.15,0.6,20,0.155,0.62,59,0
IWM190920C161,2019-09-17,2019-09-17 09:38:38,0.16,0.64,483,0.15,0.6,18,0.15,0.6,20,0.155,0.62,59,0
IWM190920C161,2019-09-17,2019-09-17 09:38:39,0.16,0.64,483,0.15,0.6,34,0.15,0.6,20,0.155,0.62,59,0
IWM190920C161,2019-09-17,2019-09-17 09:38:40,0.16,0.64,483,0.15,0.6,24,0.15,0.6,20,0.155,0.62,59,0
IWM190920C161,2019-09-17,2019-09-17 09:38:41,0.16,0.64,499,0.15,0.6,24,0.15,0.6,20,0.155,0.62,59,0
IWM190920C161,2019-09-17,2019-09-17 09:38:41,0.16,0.64,509,0.15,0.6,24,0.15,0.6,20,0.155,0.62,59,0
IWM190920C161,2019-09-17,2019-09-17 09:38:42,0.15,0.6,15,0.14,0.56,463,0.15,0.6,20,0.145,0.58,59,0
IWM190920C161,2019-09-17,2019-09-17 09:38:42,0.16,0.64,546,0.14,0.56,610,0.15,0.6,20,0.15,0.6,59,0
IWM190920C161,2019-09-17,2019-09-17 09:38:43,0.16,0.64,445,0.14,0.56,668,0.15,0.6,1,0.15,0.6,64,5
IWM190920C161,2019-09-17,2019-09-17 09:38:43,0.16,0.64,445,0.15,0.6,110,0.15,0.6,1,0.155,0.62,64,0
IWM190920C161,2019-09-17,2019-09-17 09:38:44,0.16,0.64,362,0.15,0.6,110,0.15,0.6,1,0.155,0.62,64,0
IWM190920C161,2019-09-17,2019-09-17 09:38:45,0.16,0.64,362,0.15,0.6,110,0.15,0.6,1,0.155,0.62,64,0
IWM190920C161,2019-09-17,2019-09-17 09:38:45,0.16,0.64,100,0.15,0.6,110,0.15,0.6,1,0.155,0.62,64,0
IWM190920C161,2019-09-17,2019-09-17 09:38:46,0.16,0.64,126,0.15,0.6,110,0.15,0.6,1,0.155,0.62,64,0
IWM190920C161,2019-09-17,2019-09-17 09:38:46,0.16,0.64,383,0.15,0.6,110,0.15,0.6,1,0.155,0.62,64,0
IWM190920C161,2019-09-17,2019-09-17 09:38:47,0.16,0.64,383,0.15,0.6,129,0.15,0.6,1,0.155,0.62,64,0
IWM190920C161,2019-09-17,2019-09-17 09:38:47,0.16,0.64,53,0.15,0.6,230,0.15,0.6,1,0.155,0.62,64,0
IWM190920C161,2019-09-17,2019-09-17 09:38:48,0.16,0.64,47,0.15,0.6,230,0.15,0.6,1,0.155,0.62,64,0
IWM190920C161,2019-09-17,2019-09-17 09:38:48,0.16,0.64,53,0.15,0.6,230,0.15,0.6,1,0.155,0.62,64,0
IWM190920C161,2019-09-17,2019-09-17 09:38:49,0.16,0.64,47,0.15,0.6,598,0.15,0.6,1,0.155,0.62,64,0
IWM190920C161,2019-09-17,2019-09-17 09:38:50,0.17,0.68,437,0.15,0.6,877,0.15,0.6,1,0.16,0.64,64,0
IWM190920C161,2019-09-17,2019-09-17 09:38:50,0.16,0.64,3,0.15,0.6,994,0.15,0.6,1,0.155,0.62,64,0
IWM190920C161,2019-09-17,2019-09-17 09:38:51,0.17,0.68,79,0.15,0.6,760,0.15,0.6,1,0.16,0.64,64,0
IWM190920C161,2019-09-17,2019-09-17 09:38:51,0.17,0.68,404,0.16,0.64,90,0.15,0.6,1,0.165,0.66,64,0
IWM190920C161,2019-09-17,2019-09-17 09:38:52,0.17,0.68,404,0.16,0.64,150,0.15,0.6,1,0.165,0.66,64,0
IWM190920C161,2019-09-17,2019-09-17 09:38:52,0.17,0.68,404,0.16,0.64,90,0.15,0.6,1,0.165,0.66,64,0
IWM190920C161,2019-09-17,2019-09-17 09:38:53,0.17,0.68,404,0.16,0.64,150,0.15,0.6,1,0.165,0.66,64,0
IWM190920C161,2019-09-17,2019-09-17 09:38:54,0.17,0.68,414,0.16,0.64,150,0.15,0.6,1,0.165,0.66,64,0
IWM190920C161,2019-09-17,2019-09-17 09:38:54,0.17,0.68,121,0.16,0.64,150,0.15,0.6,1,0.165,0.66,64,0
IWM190920C161,2019-09-17,2019-09-17 09:38:55,0.17,0.68,399,0.16,0.64,114,0.15,0.6,1,0.165,0.66,64,0
IWM190920C161,2019-09-17,2019-09-17 09:38:56,0.17,0.68,409,0.16,0.64,114,0.15,0.6,1,0.165,0.66,64,0
IWM190920C161,2019-09-17,2019-09-17 09:38:56,0.17,0.68,447,0.16,0.64,114,0.15,0.6,1,0.165,0.66,64,0
IWM190920C161,2019-09-17,2019-09-17 09:38:57,0.17,0.68,475,0.16,0.64,59,0.15,0.6,1,0.165,0.66,64,0
IWM190920C161,2019-09-17,2019-09-17 09:38:57,0.17,0.68,475,0.16,0.64,114,0.15,0.6,1,0.165,0.66,64,0
IWM190920C161,2019-09-17,2019-09-17 09:38:58,0.17,0.68,475,0.16,0.64,59,0.15,0.6,1,0.165,0.66,64,0
IWM190920C161,2019-09-17,2019-09-17 09:38:59,0.17,0.68,153,0.16,0.64,105,0.15,0.6,1,0.165,0.66,64,0
IWM190920C161,2019-09-17,2019-09-17 09:38:59,0.17,0.68,127,0.16,0.64,65,0.15,0.6,1,0.165,0.66,64,0
IWM190920C161,2019-09-17,2019-09-17 09:39:00,0.17,0.68,404,0.16,0.64,57,0.15,0.6,1,0.165,0.66,64,0
IWM190920C161,2019-09-17,2019-09-17 09:39:00,0.17,0.68,404,0.16,0.64,65,0.15,0.6,1,0.165,0.66,64,0
IWM190920C161,2019-09-17,2019-09-17 09:39:01,0.17,0.68,98,0.16,0.64,110,0.15,0.6,1,0.165,0.66,64,0
IWM190920C161,2019-09-17,2019-09-17 09:39:01,0.17,0.68,20,0.16,0.64,110,0.15,0.6,1,0.165,0.66,64,0
IWM190920C161,2019-09-17,2019-09-17 09:39:02,0.17,0.68,144,0.16,0.64,50,0.15,0.6,1,0.165,0.66,64,0
IWM190920C161,2019-09-17,2019-09-17 09:39:02,0.17,0.68,359,0.16,0.64,110,0.15,0.6,1,0.165,0.66,64,0
IWM190920C161,2019-09-17,2019-09-17 09:39:03,0.17,0.68,91,0.16,0.64,19,0.15,0.6,1,0.165,0.66,64,0
IWM190920C161,2019-09-17,2019-09-17 09:39:03,0.17,0.68,174,0.16,0.64,54,0.15,0.6,1,0.165,0.66,64,0
IWM190920C161,2019-09-17,2019-09-17 09:39:04,0.17,0.68,91,0.16,0.64,19,0.15,0.6,1,0.165,0.66,64,0
IWM190920C161,2019-09-17,2019-09-17 09:39:04,0.17,0.68,347,0.16,0.64,256,0.15,0.6,1,0.165,0.66,64,0
IWM190920C161,2019-09-17,2019-09-17 09:39:05,0.17,0.68,317,0.16,0.64,256,0.15,0.6,1,0.165,0.66,64,0
IWM190920C161,2019-09-17,2019-09-17 09:39:05,0.17,0.68,347,0.16,0.64,256,0.15,0.6,1,0.165,0.66,64,0
IWM190920C161,2019-09-17,2019-09-17 09:39:06,0.17,0.68,30,0.16,0.64,256,0.15,0.6,1,0.165,0.66,64,0
IWM190920C161,2019-09-17,2019-09-17 09:39:07,0.17,0.68,94,0.16,0.64,256,0.15,0.6,1,0.165,0.66,64,0
IWM190920C161,2019-09-17,2019-09-17 09:39:08,0.17,0.68,315,0.16,0.64,256,0.15,0.6,1,0.165,0.66,64,0
IWM190920C161,2019-09-17,2019-09-17 09:39:09,0.17,0.68,315,0.16,0.64,256,0.15,0.6,1,0.165,0.66,64,0
IWM190920C161,2019-09-17,2019-09-17 09:39:10,0.17,0.68,315,0.16,0.64,179,0.15,0.6,1,0.165,0.66,64,0
IWM190920C161,2019-09-17,2019-09-17 09:39:10,0.17,0.68,315,0.16,0.64,270,0.15,0.6,1,0.165,0.66,64,0
IWM190920C161,2019-09-17,2019-09-17 09:39:11,0.17,0.68,161,0.16,0.64,270,0.15,0.6,1,0.165,0.66,64,0
IWM190920C161,2019-09-17,2019-09-17 09:39:11,0.17,0.68,315,0.16,0.64,270,0.15,0.6,1,0.165,0.66,64,0
IWM190920C161,2019-09-17,2019-09-17 09:39:12,0.18,0.72,283,0.16,0.64,368,0.15,0.6,1,0.17,0.68,64,0
IWM190920C161,2019-09-17,2019-09-17 09:39:12,0.17,0.68,6,0.16,0.64,368,0.15,0.6,1,0.165,0.66,64,0
IWM190920C161,2019-09-17,2019-09-17 09:39:13,0.18,0.72,283,0.16,0.64,1002,0.15,0.6,1,0.17,0.68,64,0
IWM190920C161,2019-09-17,2019-09-17 09:39:13,0.18,0.72,391,0.17,0.68,53,0.15,0.6,1,0.175,0.7,64,0
IWM190920C161,2019-09-17,2019-09-17 09:39:14,0.18,0.72,391,0.17,0.68,61,0.15,0.6,1,0.175,0.7,64,0
IWM190920C161,2019-09-17,2019-09-17 09:39:14,0.18,0.72,391,0.17,0.68,53,0.15,0.6,1,0.175,0.7,64,0
IWM190920C161,2019-09-17,2019-09-17 09:39:15,0.18,0.72,391,0.17,0.68,61,0.15,0.6,1,0.175,0.7,64,0
IWM190920C161,2019-09-17,2019-09-17 09:39:16,0.18,0.72,391,0.17,0.68,53,0.15,0.6,1,0.175,0.7,64,0
IWM190920C161,2019-09-17,2019-09-17 09:39:16,0.18,0.72,322,0.17,0.68,66,0.15,0.6,1,0.175,0.7,64,0
IWM190920C161,2019-09-17,2019-09-17 09:39:17,0.18,0.72,108,0.17,0.68,74,0.15,0.6,1,0.175,0.7,64,0
IWM190920C161,2019-09-17,2019-09-17 09:39:18,0.18,0.72,172,0.17,0.68,66,0.15,0.6,1,0.175,0.7,64,0
IWM190920C161,2019-09-17,2019-09-17 09:39:19,0.18,0.72,490,0.17,0.68,72,0.15,0.6,1,0.175,0.7,64,0
IWM190920C161,2019-09-17,2019-09-17 09:39:19,0.18,0.72,390,0.17,0.68,47,0.15,0.6,1,0.175,0.7,64,0
IWM190920C161,2019-09-17,2019-09-17 09:39:20,0.18,0.72,490,0.17,0.68,72,0.15,0.6,1,0.175,0.7,64,0
IWM190920C161,2019-09-17,2019-09-17 09:39:20,0.17,0.68,207,0.16,0.64,245,0.15,0.6,1,0.165,0.66,64,0
IWM190920C161,2019-09-17,2019-09-17 09:39:21,0.17,0.68,127,0.16,0.64,317,0.15,0.6,1,0.165,0.66,64,0
IWM190920C161,2019-09-17,2019-09-17 09:39:22,0.17,0.68,318,0.16,0.64,312,0.15,0.6,1,0.165,0.66,64,0
IWM190920C161,2019-09-17,2019-09-17 09:39:22,0.17,0.68,317,0.16,0.64,110,0.15,0.6,1,0.165,0.66,64,0
IWM190920C161,2019-09-17,2019-09-17 09:39:23,0.17,0.68,102,0.16,0.64,74,0.15,0.6,1,0.165,0.66,64,0
IWM190920C161,2019-09-17,2019-09-17 09:39:23,0.17,0.68,391,0.16,0.64,110,0.15,0.6,1,0.165,0.66,64,0
IWM190920C161,2019-09-17,2019-09-17 09:39:24,0.17,0.68,264,0.16,0.64,110,0.15,0.6,1,0.165,0.66,64,0
IWM190920C161,2019-09-17,2019-09-17 09:39:24,0.17,0.68,237,0.16,0.64,110,0.15,0.6,1,0.165,0.66,64,0
IWM190920C161,2019-09-17,2019-09-17 09:39:25,0.17,0.68,53,0.16,0.64,110,0.15,0.6,1,0.165,0.66,64,0
IWM190920C161,2019-09-17,2019-09-17 09:39:26,0.17,0.68,97,0.16,0.64,110,0.15,0.6,1,0.165,0.66,64,0
IWM190920C161,2019-09-17,2019-09-17 09:39:26,0.17,0.68,199,0.16,0.64,120,0.15,0.6,1,0.165,0.66,64,0
IWM190920C161,2019-09-17,2019-09-17 09:39:27,0.17,0.68,260,0.16,0.64,120,0.15,0.6,1,0.165,0.66,64,0
IWM190920C161,2019-09-17,2019-09-17 09:39:27,0.17,0.68,113,0.16,0.64,120,0.15,0.6,1,0.165,0.66,64,0
IWM190920C161,2019-09-17,2019-09-17 09:39:28,0.17,0.68,351,0.16,0.64,110,0.15,0.6,1,0.165,0.66,64,0
IWM190920C161,2019-09-17,2019-09-17 09:39:28,0.17,0.68,314,0.16,0.64,120,0.15,0.6,1,0.165,0.66,64,0
IWM190920C161,2019-09-17,2019-09-17 09:39:29,0.17,0.68,62,0.16,0.64,60,0.15,0.6,1,0.165,0.66,64,0
IWM190920C161,2019-09-17,2019-09-17 09:39:29,0.17,0.68,101,0.16,0.64,120,0.15,0.6,1,0.165,0.66,64,0
IWM190920C161,2019-09-17,2019-09-17 09:39:30,0.17,0.68,4,0.16,0.64,175,0.15,0.6,1,0.165,0.66,64,0
IWM190920C161,2019-09-17,2019-09-17 09:39:31,0.17,0.68,39,0.16,0.64,230,0.15,0.6,1,0.165,0.66,64,0
IWM190920C161,2019-09-17,2019-09-17 09:39:31,0.17,0.68,4,0.16,0.64,271,0.15,0.6,1,0.165,0.66,64,0
IWM190920C161,2019-09-17,2019-09-17 09:39:32,0.18,0.72,564,0.17,0.68,3,0.15,0.6,1,0.175,0.7,64,0
IWM190920C161,2019-09-17,2019-09-17 09:39:32,0.18,0.72,564,0.17,0.68,80,0.15,0.6,1,0.175,0.7,64,0
IWM190920C161,2019-09-17,2019-09-17 09:39:33,0.18,0.72,393,0.17,0.68,82,0.15,0.6,1,0.175,0.7,64,0
IWM190920C161,2019-09-17,2019-09-17 09:39:33,0.18,0.72,564,0.17,0.68,82,0.15,0.6,1,0.175,0.7,64,0
IWM190920C161,2019-09-17,2019-09-17 09:39:34,0.18,0.72,373,0.17,0.68,82,0.15,0.6,1,0.175,0.7,64,0
IWM190920C161,2019-09-17,2019-09-17 09:39:35,0.18,0.72,397,0.17,0.68,82,0.15,0.6,1,0.175,0.7,64,0
IWM190920C161,2019-09-17,2019-09-17 09:39:35,0.18,0.72,373,0.17,0.68,82,0.15,0.6,1,0.175,0.7,64,0
IWM190920C161,2019-09-17,2019-09-17 09:39:36,0.18,0.72,69,0.17,0.68,152,0.15,0.6,1,0.175,0.7,64,0
IWM190920C161,2019-09-17,2019-09-17 09:39:36,0.18,0.72,22,0.17,0.68,205,0.15,0.6,1,0.175,0.7,64,0
IWM190920C161,2019-09-17,2019-09-17 09:39:37,0.18,0.72,338,0.17,0.68,152,0.15,0.6,1,0.175,0.7,64,0
IWM190920C161,2019-09-17,2019-09-17 09:39:37,0.18,0.72,469,0.17,0.68,152,0.15,0.6,1,0.175,0.7,64,0
IWM190920C161,2019-09-17,2019-09-17 09:39:38,0.18,0.72,469,0.17,0.68,152,0.15,0.6,1,0.175,0.7,64,0
IWM190920C161,2019-09-17,2019-09-17 09:39:39,0.18,0.72,612,0.16,0.64,1047,0.15,0.6,1,0.17,0.68,64,0
IWM190920C161,2019-09-17,2019-09-17 09:39:40,0.18,0.72,517,0.16,0.64,1158,0.15,0.6,1,0.17,0.68,64,0
IWM190920C161,2019-09-17,2019-09-17 09:39:40,0.17,0.68,87,0.16,0.64,1047,0.15,0.6,1,0.165,0.66,64,0
IWM190920C161,2019-09-17,2019-09-17 09:39:41,0.18,0.72,236,0.17,0.68,137,0.15,0.6,1,0.175,0.7,64,0
IWM190920C161,2019-09-17,2019-09-17 09:39:41,0.18,0.72,517,0.17,0.68,137,0.15,0.6,1,0.175,0.7,64,0
IWM190920C161,2019-09-17,2019-09-17 09:39:42,0.18,0.72,356,0.17,0.68,207,0.15,0.6,1,0.175,0.7,64,0
