symbol,Date,quote_time,ask_price,norm_ask_price,ask_size,bid_price,norm_bid_price,bid_size,last_trade_price,norm_last_trade_price,last_trade_size,mark_price,norm_mark_price,volume,Volume
IWM190920P157,2019-09-18,2019-09-18 09:30:01,1.03,1.0,1,0.94,0.9126,17,0.96,0.932,10,0.985,0.9563,0,0
IWM190920P157,2019-09-18,2019-09-18 09:30:02,1.03,1.0,1,0.95,0.9223,17,0.96,0.932,10,0.99,0.9611,0,0
IWM190920P157,2019-09-18,2019-09-18 09:30:02,1.03,1.0,18,0.94,0.9126,38,0.96,0.932,10,0.985,0.9563,0,0
IWM190920P157,2019-09-18,2019-09-18 09:30:03,1.03,1.0,18,0.94,0.9126,22,0.96,0.932,10,0.985,0.9563,0,0
IWM190920P157,2019-09-18,2019-09-18 09:30:03,1.02,0.9902,164,0.94,0.9126,22,0.96,0.932,10,0.98,0.9514,0,0
IWM190920P157,2019-09-18,2019-09-18 09:30:04,1.02,0.9902,164,0.97,0.9417,1,0.96,0.932,10,0.995,0.966,0,0
IWM190920P157,2019-09-18,2019-09-18 09:30:05,1.02,0.9902,164,0.97,0.9417,1,0.96,0.932,10,0.995,0.966,0,0
IWM190920P157,2019-09-18,2019-09-18 09:30:06,1.02,0.9902,164,0.97,0.9417,1,0.96,0.932,10,0.995,0.966,0,0
IWM190920P157,2019-09-18,2019-09-18 09:30:07,1.01,0.9805,238,0.97,0.9417,1,0.96,0.932,10,0.99,0.9611,0,0
IWM190920P157,2019-09-18,2019-09-18 09:30:07,1.01,0.9805,289,0.97,0.9417,1,0.96,0.932,10,0.99,0.9611,0,0
IWM190920P157,2019-09-18,2019-09-18 09:30:08,1.01,0.9805,182,0.97,0.9417,1,0.96,0.932,10,0.99,0.9611,0,0
IWM190920P157,2019-09-18,2019-09-18 09:30:09,1.01,0.9805,182,0.97,0.9417,1,0.96,0.932,10,0.99,0.9611,0,0
IWM190920P157,2019-09-18,2019-09-18 09:30:10,1.01,0.9805,182,0.97,0.9417,1,0.96,0.932,10,0.99,0.9611,0,0
IWM190920P157,2019-09-18,2019-09-18 09:30:11,1.01,0.9805,182,0.97,0.9417,1,0.96,0.932,10,0.99,0.9611,0,0
IWM190920P157,2019-09-18,2019-09-18 09:30:12,1.0,0.9708,131,0.97,0.9417,1,0.96,0.932,10,0.985,0.9563,0,0
IWM190920P157,2019-09-18,2019-09-18 09:30:12,1.0,0.9708,126,0.97,0.9417,1,0.96,0.932,10,0.985,0.9563,0,0
IWM190920P157,2019-09-18,2019-09-18 09:30:13,1.0,0.9708,1,0.97,0.9417,60,0.96,0.932,10,0.985,0.9563,0,0
IWM190920P157,2019-09-18,2019-09-18 09:30:13,1.0,0.9708,126,0.97,0.9417,60,0.96,0.932,10,0.985,0.9563,0,0
IWM190920P157,2019-09-18,2019-09-18 09:30:14,1.0,0.9708,1,0.97,0.9417,60,0.96,0.932,10,0.985,0.9563,0,0
IWM190920P157,2019-09-18,2019-09-18 09:30:14,1.0,0.9708,1,0.98,0.9514,60,0.96,0.932,10,0.99,0.9611,0,0
IWM190920P157,2019-09-18,2019-09-18 09:30:15,1.0,0.9708,20,0.98,0.9514,60,0.96,0.932,10,0.99,0.9611,0,0
IWM190920P157,2019-09-18,2019-09-18 09:30:15,1.0,0.9708,20,0.97,0.9417,60,0.96,0.932,10,0.985,0.9563,0,0
IWM190920P157,2019-09-18,2019-09-18 09:30:16,1.0,0.9708,134,0.97,0.9417,60,0.96,0.932,10,0.985,0.9563,0,0
IWM190920P157,2019-09-18,2019-09-18 09:30:16,1.0,0.9708,144,0.97,0.9417,60,0.96,0.932,10,0.985,0.9563,0,0
IWM190920P157,2019-09-18,2019-09-18 09:30:17,1.0,0.9708,144,0.97,0.9417,60,0.96,0.932,10,0.985,0.9563,0,0
IWM190920P157,2019-09-18,2019-09-18 09:30:17,1.0,0.9708,5,0.97,0.9417,60,0.96,0.932,10,0.985,0.9563,0,0
IWM190920P157,2019-09-18,2019-09-18 09:30:18,1.0,0.9708,1,0.98,0.9514,152,1.0,0.9708,1,0.99,0.9611,2,2
IWM190920P157,2019-09-18,2019-09-18 09:30:18,1.0,0.9708,1,0.98,0.9514,60,0.96,0.932,10,0.99,0.9611,0,0
IWM190920P157,2019-09-18,2019-09-18 09:30:19,1.02,0.9902,20,0.98,0.9514,152,1.0,0.9708,1,1.0,0.9708,2,0
IWM190920P157,2019-09-18,2019-09-18 09:30:20,1.02,0.9902,20,0.98,0.9514,152,1.0,0.9708,1,1.0,0.9708,2,0
IWM190920P157,2019-09-18,2019-09-18 09:30:20,1.02,0.9902,1,0.99,0.9611,60,1.0,0.9708,1,1.005,0.9757,2,0
IWM190920P157,2019-09-18,2019-09-18 09:30:21,1.04,1.0097,10,0.99,0.9611,105,1.0,0.9708,1,1.015,0.9854,2,0
IWM190920P157,2019-09-18,2019-09-18 09:30:22,1.04,1.0097,10,1.0,0.9708,60,1.0,0.9708,1,1.02,0.9902,2,0
IWM190920P157,2019-09-18,2019-09-18 09:30:22,1.04,1.0097,20,1.0,0.9708,60,1.0,0.9708,1,1.02,0.9902,2,0
IWM190920P157,2019-09-18,2019-09-18 09:30:23,1.04,1.0097,1,1.0,0.9708,60,1.0,0.9708,1,1.02,0.9902,2,0
IWM190920P157,2019-09-18,2019-09-18 09:30:23,1.05,1.0194,20,1.0,0.9708,100,1.0,0.9708,1,1.025,0.9951,2,0
IWM190920P157,2019-09-18,2019-09-18 09:30:24,1.05,1.0194,19,1.02,0.9902,19,1.0,0.9708,1,1.035,1.0048,2,0
IWM190920P157,2019-09-18,2019-09-18 09:30:25,1.06,1.0291,22,1.03,1.0,28,1.0,0.9708,1,1.045,1.0145,2,0
IWM190920P157,2019-09-18,2019-09-18 09:30:25,1.06,1.0291,21,1.02,0.9902,19,1.0,0.9708,1,1.04,1.0097,2,0
IWM190920P157,2019-09-18,2019-09-18 09:30:26,1.07,1.0388,22,1.03,1.0,28,1.0,0.9708,1,1.05,1.0194,2,0
IWM190920P157,2019-09-18,2019-09-18 09:30:26,1.07,1.0388,19,1.03,1.0,60,1.0,0.9708,1,1.05,1.0194,2,0
IWM190920P157,2019-09-18,2019-09-18 09:30:27,1.07,1.0388,19,1.03,1.0,60,1.0,0.9708,1,1.05,1.0194,2,0
IWM190920P157,2019-09-18,2019-09-18 09:30:27,1.05,1.0194,171,1.01,0.9805,80,1.0,0.9708,1,1.03,1.0,2,0
IWM190920P157,2019-09-18,2019-09-18 09:30:28,1.05,1.0194,19,1.01,0.9805,72,1.0,0.9708,1,1.03,1.0,2,0
IWM190920P157,2019-09-18,2019-09-18 09:30:28,1.05,1.0194,22,1.01,0.9805,19,1.0,0.9708,1,1.03,1.0,2,0
IWM190920P157,2019-09-18,2019-09-18 09:30:29,1.04,1.0097,29,1.01,0.9805,72,1.04,1.0097,10,1.025,0.9951,12,0
IWM190920P157,2019-09-18,2019-09-18 09:30:29,1.04,1.0097,29,1.01,0.9805,152,1.04,1.0097,10,1.025,0.9951,12,10
IWM190920P157,2019-09-18,2019-09-18 09:30:30,1.04,1.0097,29,1.01,0.9805,101,1.04,1.0097,10,1.025,0.9951,12,0
IWM190920P157,2019-09-18,2019-09-18 09:30:30,1.04,1.0097,41,1.0,0.9708,112,1.04,1.0097,10,1.02,0.9902,12,0
IWM190920P157,2019-09-18,2019-09-18 09:30:31,1.04,1.0097,279,1.01,0.9805,28,1.04,1.0097,10,1.025,0.9951,12,0
IWM190920P157,2019-09-18,2019-09-18 09:30:31,1.04,1.0097,41,1.0,0.9708,151,1.04,1.0097,10,1.02,0.9902,12,0
IWM190920P157,2019-09-18,2019-09-18 09:30:32,1.04,1.0097,279,1.01,0.9805,28,1.04,1.0097,10,1.025,0.9951,12,0
IWM190920P157,2019-09-18,2019-09-18 09:30:33,1.04,1.0097,279,1.01,0.9805,28,1.04,1.0097,10,1.025,0.9951,12,0
IWM190920P157,2019-09-18,2019-09-18 09:30:33,1.03,1.0,42,1.01,0.9805,28,1.04,1.0097,10,1.02,0.9902,12,0
IWM190920P157,2019-09-18,2019-09-18 09:30:34,1.04,1.0097,245,1.01,0.9805,26,1.04,1.0097,10,1.025,0.9951,12,0
IWM190920P157,2019-09-18,2019-09-18 09:30:34,1.04,1.0097,163,1.01,0.9805,26,1.04,1.0097,10,1.025,0.9951,12,0
IWM190920P157,2019-09-18,2019-09-18 09:30:35,1.04,1.0097,276,1.01,0.9805,131,1.04,1.0097,10,1.025,0.9951,12,0
IWM190920P157,2019-09-18,2019-09-18 09:30:35,1.04,1.0097,245,1.01,0.9805,26,1.04,1.0097,10,1.025,0.9951,12,0
IWM190920P157,2019-09-18,2019-09-18 09:30:36,1.04,1.0097,276,1.01,0.9805,131,1.04,1.0097,10,1.025,0.9951,12,0
IWM190920P157,2019-09-18,2019-09-18 09:30:37,1.04,1.0097,141,1.02,0.9902,35,1.04,1.0097,10,1.03,1.0,12,0
IWM190920P157,2019-09-18,2019-09-18 09:30:37,1.04,1.0097,51,1.01,0.9805,236,1.04,1.0097,10,1.025,0.9951,12,0
IWM190920P157,2019-09-18,2019-09-18 09:30:38,1.04,1.0097,163,1.01,0.9805,236,1.04,1.0097,10,1.025,0.9951,12,0
IWM190920P157,2019-09-18,2019-09-18 09:30:38,1.04,1.0097,51,1.01,0.9805,236,1.04,1.0097,10,1.025,0.9951,12,0
IWM190920P157,2019-09-18,2019-09-18 09:30:39,1.04,1.0097,209,1.01,0.9805,236,1.04,1.0097,10,1.025,0.9951,12,0
IWM190920P157,2019-09-18,2019-09-18 09:30:40,1.04,1.0097,209,1.02,0.9902,39,1.04,1.0097,10,1.03,1.0,12,0
IWM190920P157,2019-09-18,2019-09-18 09:30:40,1.04,1.0097,209,1.01,0.9805,156,1.04,1.0097,10,1.025,0.9951,12,0
IWM190920P157,2019-09-18,2019-09-18 09:30:41,1.04,1.0097,224,1.01,0.9805,145,1.04,1.0097,10,1.025,0.9951,12,0
IWM190920P157,2019-09-18,2019-09-18 09:30:42,1.04,1.0097,200,1.01,0.9805,182,1.04,1.0097,10,1.025,0.9951,12,0
IWM190920P157,2019-09-18,2019-09-18 09:30:43,1.04,1.0097,200,1.01,0.9805,182,1.04,1.0097,10,1.025,0.9951,12,0
IWM190920P157,2019-09-18,2019-09-18 09:30:43,1.04,1.0097,200,1.02,0.9902,79,1.04,1.0097,10,1.03,1.0,12,0
IWM190920P157,2019-09-18,2019-09-18 09:30:44,1.04,1.0097,200,1.02,0.9902,79,1.04,1.0097,10,1.03,1.0,12,0
IWM190920P157,2019-09-18,2019-09-18 09:30:45,1.04,1.0097,200,1.02,0.9902,79,1.04,1.0097,10,1.03,1.0,12,0
IWM190920P157,2019-09-18,2019-09-18 09:30:45,1.04,1.0097,204,1.02,0.9902,20,1.04,1.0097,10,1.03,1.0,12,0
IWM190920P157,2019-09-18,2019-09-18 09:30:46,1.04,1.0097,150,1.01,0.9805,80,1.04,1.0097,10,1.025,0.9951,12,0
IWM190920P157,2019-09-18,2019-09-18 09:30:46,1.04,1.0097,221,1.01,0.9805,204,1.04,1.0097,10,1.025,0.9951,12,0
IWM190920P157,2019-09-18,2019-09-18 09:30:47,1.04,1.0097,41,1.01,0.9805,60,1.04,1.0097,10,1.025,0.9951,12,0
IWM190920P157,2019-09-18,2019-09-18 09:30:47,1.04,1.0097,30,1.01,0.9805,60,1.04,1.0097,10,1.025,0.9951,12,0
IWM190920P157,2019-09-18,2019-09-18 09:30:48,1.04,1.0097,232,1.01,0.9805,127,1.04,1.0097,10,1.025,0.9951,12,0
IWM190920P157,2019-09-18,2019-09-18 09:30:48,1.04,1.0097,41,1.01,0.9805,205,1.04,1.0097,10,1.025,0.9951,12,0
IWM190920P157,2019-09-18,2019-09-18 09:30:49,1.04,1.0097,232,1.01,0.9805,205,1.04,1.0097,10,1.025,0.9951,12,0
IWM190920P157,2019-09-18,2019-09-18 09:30:49,1.04,1.0097,242,1.01,0.9805,127,1.04,1.0097,10,1.025,0.9951,12,0
IWM190920P157,2019-09-18,2019-09-18 09:30:50,1.04,1.0097,313,1.01,0.9805,83,1.04,1.0097,10,1.025,0.9951,12,0
IWM190920P157,2019-09-18,2019-09-18 09:30:50,1.03,1.0,119,1.0,0.9708,74,1.04,1.0097,10,1.015,0.9854,12,0
IWM190920P157,2019-09-18,2019-09-18 09:30:51,1.03,1.0,156,1.01,0.9805,158,1.04,1.0097,10,1.02,0.9902,12,0
IWM190920P157,2019-09-18,2019-09-18 09:30:51,1.03,1.0,176,1.01,0.9805,49,1.04,1.0097,10,1.02,0.9902,12,0
IWM190920P157,2019-09-18,2019-09-18 09:30:52,1.04,1.0097,51,1.01,0.9805,147,1.04,1.0097,10,1.025,0.9951,12,0
IWM190920P157,2019-09-18,2019-09-18 09:30:52,1.03,1.0,114,1.01,0.9805,114,1.04,1.0097,10,1.02,0.9902,12,0
IWM190920P157,2019-09-18,2019-09-18 09:30:53,1.04,1.0097,25,1.02,0.9902,34,1.04,1.0097,10,1.03,1.0,12,0
IWM190920P157,2019-09-18,2019-09-18 09:30:53,1.05,1.0194,7,1.02,0.9902,39,1.04,1.0097,10,1.035,1.0048,12,0
IWM190920P157,2019-09-18,2019-09-18 09:30:54,1.05,1.0194,143,1.02,0.9902,274,1.04,1.0097,10,1.035,1.0048,12,0
IWM190920P157,2019-09-18,2019-09-18 09:30:54,1.05,1.0194,44,1.02,0.9902,19,1.04,1.0097,10,1.035,1.0048,12,0
IWM190920P157,2019-09-18,2019-09-18 09:30:55,1.04,1.0097,224,1.01,0.9805,148,1.04,1.0097,10,1.025,0.9951,12,0
IWM190920P157,2019-09-18,2019-09-18 09:30:55,1.04,1.0097,42,1.01,0.9805,117,1.04,1.0097,10,1.025,0.9951,12,0
IWM190920P157,2019-09-18,2019-09-18 09:30:56,1.04,1.0097,36,1.02,0.9902,86,1.04,1.0097,10,1.03,1.0,12,0
IWM190920P157,2019-09-18,2019-09-18 09:30:56,1.04,1.0097,200,1.02,0.9902,73,1.04,1.0097,10,1.03,1.0,12,0
IWM190920P157,2019-09-18,2019-09-18 09:30:57,1.05,1.0194,29,1.02,0.9902,110,1.04,1.0097,10,1.035,1.0048,12,0
IWM190920P157,2019-09-18,2019-09-18 09:30:57,1.04,1.0097,46,1.02,0.9902,86,1.04,1.0097,10,1.03,1.0,12,0
IWM190920P157,2019-09-18,2019-09-18 09:30:58,1.05,1.0194,228,1.02,0.9902,110,1.04,1.0097,10,1.035,1.0048,12,0
IWM190920P157,2019-09-18,2019-09-18 09:30:59,1.06,1.0291,46,1.03,1.0,60,1.04,1.0097,10,1.045,1.0145,12,0
IWM190920P157,2019-09-18,2019-09-18 09:30:59,1.06,1.0291,290,1.03,1.0,60,1.04,1.0097,10,1.045,1.0145,12,0
IWM190920P157,2019-09-18,2019-09-18 09:31:00,1.06,1.0291,101,1.03,1.0,73,1.04,1.0097,10,1.045,1.0145,12,0
IWM190920P157,2019-09-18,2019-09-18 09:31:00,1.07,1.0388,37,1.05,1.0194,19,1.04,1.0097,10,1.06,1.0291,12,0
IWM190920P157,2019-09-18,2019-09-18 09:31:01,1.08,1.0485,10,1.06,1.0291,30,1.04,1.0097,10,1.07,1.0388,12,0
IWM190920P157,2019-09-18,2019-09-18 09:31:01,1.08,1.0485,19,1.05,1.0194,95,1.04,1.0097,10,1.065,1.0339,12,0
IWM190920P157,2019-09-18,2019-09-18 09:31:02,1.1,1.0679,292,1.07,1.0388,19,1.04,1.0097,10,1.085,1.0533,12,0
IWM190920P157,2019-09-18,2019-09-18 09:31:02,1.08,1.0485,82,1.07,1.0388,19,1.04,1.0097,10,1.075,1.0436,12,0
IWM190920P157,2019-09-18,2019-09-18 09:31:03,1.09,1.0582,19,1.07,1.0388,19,1.04,1.0097,10,1.08,1.0485,12,0
IWM190920P157,2019-09-18,2019-09-18 09:31:04,1.09,1.0582,19,1.07,1.0388,28,1.04,1.0097,10,1.08,1.0485,12,0
IWM190920P157,2019-09-18,2019-09-18 09:31:04,1.09,1.0582,27,1.06,1.0291,95,1.04,1.0097,10,1.075,1.0436,12,0
IWM190920P157,2019-09-18,2019-09-18 09:31:05,1.1,1.0679,43,1.07,1.0388,60,1.04,1.0097,10,1.085,1.0533,12,0
IWM190920P157,2019-09-18,2019-09-18 09:31:05,1.1,1.0679,264,1.07,1.0388,28,1.04,1.0097,10,1.085,1.0533,12,0
IWM190920P157,2019-09-18,2019-09-18 09:31:06,1.11,1.0776,44,1.08,1.0485,19,1.04,1.0097,10,1.095,1.0631,12,0
IWM190920P157,2019-09-18,2019-09-18 09:31:06,1.11,1.0776,10,1.08,1.0485,19,1.04,1.0097,10,1.095,1.0631,12,0
IWM190920P157,2019-09-18,2019-09-18 09:31:07,1.11,1.0776,27,1.08,1.0485,19,1.04,1.0097,10,1.095,1.0631,12,0
IWM190920P157,2019-09-18,2019-09-18 09:31:07,1.11,1.0776,20,1.09,1.0582,19,1.04,1.0097,10,1.1,1.0679,12,0
IWM190920P157,2019-09-18,2019-09-18 09:31:08,1.12,1.0873,236,1.1,1.0679,10,1.04,1.0097,10,1.11,1.0776,12,0
IWM190920P157,2019-09-18,2019-09-18 09:31:08,1.12,1.0873,28,1.09,1.0582,60,1.04,1.0097,10,1.105,1.0728,12,0
IWM190920P157,2019-09-18,2019-09-18 09:31:09,1.12,1.0873,270,1.1,1.0679,29,1.04,1.0097,10,1.11,1.0776,12,0
IWM190920P157,2019-09-18,2019-09-18 09:31:09,1.12,1.0873,236,1.1,1.0679,19,1.04,1.0097,10,1.11,1.0776,12,0
IWM190920P157,2019-09-18,2019-09-18 09:31:10,1.11,1.0776,32,1.08,1.0485,72,1.04,1.0097,10,1.095,1.0631,12,0
IWM190920P157,2019-09-18,2019-09-18 09:31:10,1.12,1.0873,270,1.1,1.0679,19,1.04,1.0097,10,1.11,1.0776,12,0
IWM190920P157,2019-09-18,2019-09-18 09:31:11,1.12,1.0873,34,1.09,1.0582,73,1.04,1.0097,10,1.105,1.0728,12,0
IWM190920P157,2019-09-18,2019-09-18 09:31:11,1.12,1.0873,94,1.09,1.0582,19,1.04,1.0097,10,1.105,1.0728,12,0
IWM190920P157,2019-09-18,2019-09-18 09:31:12,1.12,1.0873,34,1.1,1.0679,19,1.04,1.0097,10,1.11,1.0776,12,0
IWM190920P157,2019-09-18,2019-09-18 09:31:12,1.12,1.0873,116,1.1,1.0679,19,1.04,1.0097,10,1.11,1.0776,12,0
IWM190920P157,2019-09-18,2019-09-18 09:31:13,1.13,1.097,27,1.1,1.0679,19,1.04,1.0097,10,1.115,1.0825,12,0
IWM190920P157,2019-09-18,2019-09-18 09:31:13,1.12,1.0873,23,1.09,1.0582,73,1.04,1.0097,10,1.105,1.0728,12,0
IWM190920P157,2019-09-18,2019-09-18 09:31:14,1.12,1.0873,20,1.1,1.0679,29,1.04,1.0097,10,1.11,1.0776,12,0
IWM190920P157,2019-09-18,2019-09-18 09:31:15,1.11,1.0776,22,1.08,1.0485,60,1.04,1.0097,10,1.095,1.0631,12,0
IWM190920P157,2019-09-18,2019-09-18 09:31:15,1.12,1.0873,99,1.08,1.0485,60,1.04,1.0097,10,1.1,1.0679,12,0
IWM190920P157,2019-09-18,2019-09-18 09:31:16,1.12,1.0873,42,1.08,1.0485,73,1.04,1.0097,10,1.1,1.0679,12,0
IWM190920P157,2019-09-18,2019-09-18 09:31:16,1.12,1.0873,94,1.08,1.0485,60,1.04,1.0097,10,1.1,1.0679,12,0
IWM190920P157,2019-09-18,2019-09-18 09:31:17,1.13,1.097,31,1.1,1.0679,31,1.04,1.0097,10,1.115,1.0825,12,0
IWM190920P157,2019-09-18,2019-09-18 09:31:17,1.13,1.097,20,1.1,1.0679,19,1.04,1.0097,10,1.115,1.0825,12,0
IWM190920P157,2019-09-18,2019-09-18 09:31:18,1.13,1.097,116,1.1,1.0679,31,1.04,1.0097,10,1.115,1.0825,12,0
IWM190920P157,2019-09-18,2019-09-18 09:31:18,1.13,1.097,36,1.1,1.0679,21,1.04,1.0097,10,1.115,1.0825,12,0
IWM190920P157,2019-09-18,2019-09-18 09:31:19,1.13,1.097,36,1.1,1.0679,21,1.04,1.0097,10,1.115,1.0825,12,0
IWM190920P157,2019-09-18,2019-09-18 09:31:20,1.11,1.0776,21,1.09,1.0582,19,1.04,1.0097,10,1.1,1.0679,12,0
IWM190920P157,2019-09-18,2019-09-18 09:31:20,1.12,1.0873,19,1.09,1.0582,19,1.04,1.0097,10,1.105,1.0728,12,0
IWM190920P157,2019-09-18,2019-09-18 09:31:21,1.11,1.0776,42,1.08,1.0485,26,1.04,1.0097,10,1.095,1.0631,12,0
IWM190920P157,2019-09-18,2019-09-18 09:31:22,1.11,1.0776,42,1.08,1.0485,26,1.04,1.0097,10,1.095,1.0631,12,0
IWM190920P157,2019-09-18,2019-09-18 09:31:23,1.1,1.0679,19,1.07,1.0388,28,1.04,1.0097,10,1.085,1.0533,12,0
IWM190920P157,2019-09-18,2019-09-18 09:31:23,1.11,1.0776,42,1.08,1.0485,29,1.04,1.0097,10,1.095,1.0631,12,0
IWM190920P157,2019-09-18,2019-09-18 09:31:24,1.1,1.0679,43,1.07,1.0388,28,1.04,1.0097,10,1.085,1.0533,12,0
IWM190920P157,2019-09-18,2019-09-18 09:31:24,1.1,1.0679,188,1.07,1.0388,28,1.04,1.0097,10,1.085,1.0533,12,0
IWM190920P157,2019-09-18,2019-09-18 09:31:25,1.09,1.0582,43,1.06,1.0291,60,1.04,1.0097,10,1.075,1.0436,12,0
IWM190920P157,2019-09-18,2019-09-18 09:31:25,1.1,1.0679,178,1.07,1.0388,28,1.04,1.0097,10,1.085,1.0533,12,0
IWM190920P157,2019-09-18,2019-09-18 09:31:26,1.09,1.0582,167,1.06,1.0291,60,1.04,1.0097,10,1.075,1.0436,12,0
IWM190920P157,2019-09-18,2019-09-18 09:31:28,1.1,1.0679,33,1.07,1.0388,29,1.04,1.0097,10,1.085,1.0533,12,0
IWM190920P157,2019-09-18,2019-09-18 09:31:29,1.1,1.0679,20,1.08,1.0485,19,1.04,1.0097,10,1.09,1.0582,12,0
IWM190920P157,2019-09-18,2019-09-18 09:31:29,1.1,1.0679,33,1.07,1.0388,29,1.04,1.0097,10,1.085,1.0533,12,0
IWM190920P157,2019-09-18,2019-09-18 09:31:30,1.09,1.0582,41,1.06,1.0291,25,1.09,1.0582,5,1.075,1.0436,17,0
IWM190920P157,2019-09-18,2019-09-18 09:31:30,1.09,1.0582,1,1.07,1.0388,115,1.09,1.0582,5,1.08,1.0485,17,5
IWM190920P157,2019-09-18,2019-09-18 09:31:31,1.09,1.0582,41,1.06,1.0291,25,1.09,1.0582,5,1.075,1.0436,17,0
IWM190920P157,2019-09-18,2019-09-18 09:31:31,1.08,1.0485,36,1.06,1.0291,25,1.09,1.0582,5,1.07,1.0388,17,0
IWM190920P157,2019-09-18,2019-09-18 09:31:32,1.09,1.0582,162,1.06,1.0291,25,1.09,1.0582,5,1.075,1.0436,17,0
IWM190920P157,2019-09-18,2019-09-18 09:31:32,1.09,1.0582,63,1.06,1.0291,38,1.09,1.0582,5,1.075,1.0436,17,0
IWM190920P157,2019-09-18,2019-09-18 09:31:33,1.09,1.0582,27,1.06,1.0291,38,1.09,1.0582,5,1.075,1.0436,17,0
IWM190920P157,2019-09-18,2019-09-18 09:31:33,1.09,1.0582,48,1.06,1.0291,25,1.09,1.0582,5,1.075,1.0436,17,0
IWM190920P157,2019-09-18,2019-09-18 09:31:34,1.09,1.0582,41,1.06,1.0291,38,1.09,1.0582,5,1.075,1.0436,17,0
IWM190920P157,2019-09-18,2019-09-18 09:31:35,1.09,1.0582,27,1.06,1.0291,74,1.09,1.0582,5,1.075,1.0436,17,0
IWM190920P157,2019-09-18,2019-09-18 09:31:35,1.09,1.0582,41,1.06,1.0291,38,1.09,1.0582,5,1.075,1.0436,17,0
IWM190920P157,2019-09-18,2019-09-18 09:31:36,1.09,1.0582,41,1.06,1.0291,86,1.09,1.0582,5,1.075,1.0436,17,0
IWM190920P157,2019-09-18,2019-09-18 09:31:36,1.09,1.0582,27,1.06,1.0291,86,1.09,1.0582,5,1.075,1.0436,17,0
IWM190920P157,2019-09-18,2019-09-18 09:31:37,1.09,1.0582,41,1.06,1.0291,86,1.09,1.0582,5,1.075,1.0436,17,0
IWM190920P157,2019-09-18,2019-09-18 09:31:37,1.09,1.0582,29,1.06,1.0291,60,1.09,1.0582,5,1.075,1.0436,17,0
IWM190920P157,2019-09-18,2019-09-18 09:31:38,1.09,1.0582,39,1.06,1.0291,25,1.09,1.0582,5,1.075,1.0436,17,0
IWM190920P157,2019-09-18,2019-09-18 09:31:38,1.09,1.0582,29,1.06,1.0291,25,1.09,1.0582,5,1.075,1.0436,17,0
IWM190920P157,2019-09-18,2019-09-18 09:31:39,1.09,1.0582,39,1.06,1.0291,25,1.09,1.0582,5,1.075,1.0436,17,0
IWM190920P157,2019-09-18,2019-09-18 09:31:39,1.09,1.0582,52,1.06,1.0291,25,1.09,1.0582,5,1.075,1.0436,17,0
IWM190920P157,2019-09-18,2019-09-18 09:31:40,1.09,1.0582,42,1.06,1.0291,25,1.09,1.0582,5,1.075,1.0436,17,0
IWM190920P157,2019-09-18,2019-09-18 09:31:40,1.09,1.0582,52,1.06,1.0291,38,1.09,1.0582,5,1.075,1.0436,17,0
IWM190920P157,2019-09-18,2019-09-18 09:31:41,1.09,1.0582,42,1.06,1.0291,25,1.09,1.0582,5,1.075,1.0436,17,0
IWM190920P157,2019-09-18,2019-09-18 09:31:41,1.09,1.0582,42,1.06,1.0291,38,1.09,1.0582,5,1.075,1.0436,17,0
IWM190920P157,2019-09-18,2019-09-18 09:31:42,1.09,1.0582,42,1.06,1.0291,38,1.09,1.0582,5,1.075,1.0436,17,0
IWM190920P157,2019-09-18,2019-09-18 09:31:42,1.09,1.0582,23,1.07,1.0388,26,1.09,1.0582,5,1.08,1.0485,17,0
IWM190920P157,2019-09-18,2019-09-18 09:31:43,1.09,1.0582,48,1.06,1.0291,33,1.09,1.0582,5,1.075,1.0436,17,0
IWM190920P157,2019-09-18,2019-09-18 09:31:43,1.09,1.0582,48,1.06,1.0291,23,1.09,1.0582,5,1.075,1.0436,17,0
IWM190920P157,2019-09-18,2019-09-18 09:31:44,1.09,1.0582,48,1.07,1.0388,19,1.09,1.0582,5,1.08,1.0485,17,0
IWM190920P157,2019-09-18,2019-09-18 09:31:45,1.08,1.0485,4,1.06,1.0291,24,1.09,1.0582,5,1.07,1.0388,17,0
IWM190920P157,2019-09-18,2019-09-18 09:31:45,1.09,1.0582,48,1.06,1.0291,24,1.09,1.0582,5,1.075,1.0436,17,0
IWM190920P157,2019-09-18,2019-09-18 09:31:46,1.08,1.0485,10,1.06,1.0291,22,1.09,1.0582,5,1.07,1.0388,17,0
IWM190920P157,2019-09-18,2019-09-18 09:31:46,1.08,1.0485,4,1.06,1.0291,22,1.09,1.0582,5,1.07,1.0388,17,0
IWM190920P157,2019-09-18,2019-09-18 09:31:47,1.1,1.0679,24,1.08,1.0485,21,1.09,1.0582,5,1.09,1.0582,17,0
IWM190920P157,2019-09-18,2019-09-18 09:31:47,1.1,1.0679,24,1.07,1.0388,19,1.09,1.0582,5,1.085,1.0533,17,0
IWM190920P157,2019-09-18,2019-09-18 09:31:48,1.1,1.0679,24,1.08,1.0485,19,1.09,1.0582,5,1.09,1.0582,17,0
IWM190920P157,2019-09-18,2019-09-18 09:31:48,1.1,1.0679,24,1.08,1.0485,21,1.09,1.0582,5,1.09,1.0582,17,0
IWM190920P157,2019-09-18,2019-09-18 09:31:49,1.1,1.0679,159,1.07,1.0388,22,1.09,1.0582,5,1.085,1.0533,17,0
IWM190920P157,2019-09-18,2019-09-18 09:31:49,1.1,1.0679,24,1.08,1.0485,21,1.09,1.0582,5,1.09,1.0582,17,0
IWM190920P157,2019-09-18,2019-09-18 09:31:50,1.1,1.0679,172,1.07,1.0388,33,1.09,1.0582,5,1.085,1.0533,17,0
IWM190920P157,2019-09-18,2019-09-18 09:31:51,1.1,1.0679,162,1.07,1.0388,33,1.09,1.0582,5,1.085,1.0533,17,0
IWM190920P157,2019-09-18,2019-09-18 09:31:51,1.1,1.0679,188,1.07,1.0388,33,1.09,1.0582,5,1.085,1.0533,17,0
IWM190920P157,2019-09-18,2019-09-18 09:31:52,1.1,1.0679,96,1.07,1.0388,33,1.09,1.0582,5,1.085,1.0533,17,0
IWM190920P157,2019-09-18,2019-09-18 09:31:53,1.09,1.0582,53,1.07,1.0388,30,1.09,1.0582,50,1.08,1.0485,67,50
IWM190920P157,2019-09-18,2019-09-18 09:31:53,1.1,1.0679,96,1.07,1.0388,33,1.09,1.0582,5,1.085,1.0533,17,0
IWM190920P157,2019-09-18,2019-09-18 09:31:54,1.08,1.0485,10,1.06,1.0291,88,1.09,1.0582,50,1.07,1.0388,67,0
IWM190920P157,2019-09-18,2019-09-18 09:31:54,1.09,1.0582,30,1.07,1.0388,30,1.09,1.0582,50,1.08,1.0485,67,0
IWM190920P157,2019-09-18,2019-09-18 09:31:55,1.08,1.0485,10,1.06,1.0291,88,1.09,1.0582,50,1.07,1.0388,67,0
IWM190920P157,2019-09-18,2019-09-18 09:31:55,1.08,1.0485,45,1.06,1.0291,10,1.09,1.0582,50,1.07,1.0388,67,0
IWM190920P157,2019-09-18,2019-09-18 09:31:56,1.08,1.0485,45,1.06,1.0291,10,1.09,1.0582,50,1.07,1.0388,67,0
IWM190920P157,2019-09-18,2019-09-18 09:31:57,1.08,1.0485,25,1.05,1.0194,83,1.09,1.0582,50,1.065,1.0339,67,0
IWM190920P157,2019-09-18,2019-09-18 09:31:57,1.08,1.0485,55,1.05,1.0194,83,1.09,1.0582,50,1.065,1.0339,67,0
IWM190920P157,2019-09-18,2019-09-18 09:31:58,1.08,1.0485,47,1.06,1.0291,52,1.09,1.0582,50,1.07,1.0388,67,0
IWM190920P157,2019-09-18,2019-09-18 09:31:58,1.08,1.0485,47,1.06,1.0291,10,1.09,1.0582,50,1.07,1.0388,67,0
IWM190920P157,2019-09-18,2019-09-18 09:31:59,1.08,1.0485,47,1.06,1.0291,28,1.09,1.0582,50,1.07,1.0388,67,0
IWM190920P157,2019-09-18,2019-09-18 09:31:59,1.08,1.0485,49,1.05,1.0194,76,1.09,1.0582,50,1.065,1.0339,67,0
IWM190920P157,2019-09-18,2019-09-18 09:32:00,1.08,1.0485,32,1.06,1.0291,19,1.09,1.0582,50,1.07,1.0388,67,0
IWM190920P157,2019-09-18,2019-09-18 09:32:00,1.08,1.0485,39,1.06,1.0291,21,1.09,1.0582,50,1.07,1.0388,67,0
IWM190920P157,2019-09-18,2019-09-18 09:32:01,1.1,1.0679,56,1.08,1.0485,31,1.09,1.0582,50,1.09,1.0582,67,0
IWM190920P157,2019-09-18,2019-09-18 09:32:01,1.1,1.0679,56,1.08,1.0485,19,1.09,1.0582,50,1.09,1.0582,67,0
IWM190920P157,2019-09-18,2019-09-18 09:32:02,1.1,1.0679,57,1.08,1.0485,38,1.09,1.0582,50,1.09,1.0582,67,0
IWM190920P157,2019-09-18,2019-09-18 09:32:03,1.1,1.0679,69,1.07,1.0388,33,1.09,1.0582,50,1.085,1.0533,67,0
IWM190920P157,2019-09-18,2019-09-18 09:32:03,1.1,1.0679,166,1.07,1.0388,33,1.09,1.0582,50,1.085,1.0533,67,0
IWM190920P157,2019-09-18,2019-09-18 09:32:04,1.1,1.0679,233,1.08,1.0485,27,1.09,1.0582,50,1.09,1.0582,67,0
IWM190920P157,2019-09-18,2019-09-18 09:32:04,1.1,1.0679,169,1.07,1.0388,33,1.09,1.0582,50,1.085,1.0533,67,0
IWM190920P157,2019-09-18,2019-09-18 09:32:05,1.1,1.0679,235,1.07,1.0388,21,1.09,1.0582,50,1.085,1.0533,67,0
IWM190920P157,2019-09-18,2019-09-18 09:32:05,1.1,1.0679,143,1.08,1.0485,27,1.09,1.0582,50,1.09,1.0582,67,0
IWM190920P157,2019-09-18,2019-09-18 09:32:06,1.1,1.0679,274,1.07,1.0388,66,1.1,1.0679,1,1.085,1.0533,68,1
IWM190920P157,2019-09-18,2019-09-18 09:32:06,1.1,1.0679,235,1.07,1.0388,21,1.09,1.0582,50,1.085,1.0533,67,0
IWM190920P157,2019-09-18,2019-09-18 09:32:07,1.1,1.0679,274,1.07,1.0388,39,1.1,1.0679,1,1.085,1.0533,68,0
IWM190920P157,2019-09-18,2019-09-18 09:32:08,1.09,1.0582,248,1.06,1.0291,63,1.1,1.0679,1,1.075,1.0436,68,0
IWM190920P157,2019-09-18,2019-09-18 09:32:08,1.09,1.0582,238,1.07,1.0388,39,1.1,1.0679,1,1.08,1.0485,68,0
IWM190920P157,2019-09-18,2019-09-18 09:32:09,1.08,1.0485,118,1.06,1.0291,75,1.1,1.0679,1,1.07,1.0388,68,0
IWM190920P157,2019-09-18,2019-09-18 09:32:09,1.08,1.0485,95,1.06,1.0291,30,1.1,1.0679,1,1.07,1.0388,68,0
IWM190920P157,2019-09-18,2019-09-18 09:32:10,1.08,1.0485,118,1.06,1.0291,75,1.1,1.0679,1,1.07,1.0388,68,0
IWM190920P157,2019-09-18,2019-09-18 09:32:10,1.08,1.0485,110,1.06,1.0291,75,1.06,1.0291,7,1.07,1.0388,85,17
IWM190920P157,2019-09-18,2019-09-18 09:32:11,1.06,1.0291,11,1.05,1.0194,28,1.06,1.0291,7,1.055,1.0242,85,0
IWM190920P157,2019-09-18,2019-09-18 09:32:11,1.07,1.0388,203,1.05,1.0194,28,1.06,1.0291,7,1.06,1.0291,85,0
IWM190920P157,2019-09-18,2019-09-18 09:32:12,1.06,1.0291,38,1.04,1.0097,28,1.06,1.0291,7,1.05,1.0194,85,0
IWM190920P157,2019-09-18,2019-09-18 09:32:12,1.06,1.0291,34,1.04,1.0097,28,1.06,1.0291,7,1.05,1.0194,85,0
IWM190920P157,2019-09-18,2019-09-18 09:32:13,1.06,1.0291,50,1.05,1.0194,14,1.06,1.0291,7,1.055,1.0242,85,0
IWM190920P157,2019-09-18,2019-09-18 09:32:13,1.06,1.0291,52,1.04,1.0097,28,1.06,1.0291,7,1.05,1.0194,85,0
IWM190920P157,2019-09-18,2019-09-18 09:32:14,1.06,1.0291,50,1.05,1.0194,14,1.06,1.0291,7,1.055,1.0242,85,0
IWM190920P157,2019-09-18,2019-09-18 09:32:14,1.06,1.0291,32,1.04,1.0097,39,1.06,1.0291,7,1.05,1.0194,85,0
IWM190920P157,2019-09-18,2019-09-18 09:32:15,1.06,1.0291,40,1.04,1.0097,75,1.06,1.0291,7,1.05,1.0194,85,0
IWM190920P157,2019-09-18,2019-09-18 09:32:16,1.06,1.0291,40,1.04,1.0097,49,1.06,1.0291,7,1.05,1.0194,85,0
IWM190920P157,2019-09-18,2019-09-18 09:32:16,1.07,1.0388,69,1.05,1.0194,27,1.06,1.0291,7,1.06,1.0291,85,0
IWM190920P157,2019-09-18,2019-09-18 09:32:17,1.07,1.0388,86,1.05,1.0194,27,1.06,1.0291,7,1.06,1.0291,85,0
IWM190920P157,2019-09-18,2019-09-18 09:32:17,1.07,1.0388,80,1.05,1.0194,41,1.06,1.0291,7,1.06,1.0291,85,0
IWM190920P157,2019-09-18,2019-09-18 09:32:18,1.07,1.0388,87,1.05,1.0194,67,1.06,1.0291,7,1.06,1.0291,85,0
IWM190920P157,2019-09-18,2019-09-18 09:32:18,1.08,1.0485,68,1.06,1.0291,20,1.06,1.0291,7,1.07,1.0388,85,0
IWM190920P157,2019-09-18,2019-09-18 09:32:19,1.08,1.0485,95,1.06,1.0291,20,1.06,1.0291,7,1.07,1.0388,85,0
IWM190920P157,2019-09-18,2019-09-18 09:32:20,1.08,1.0485,95,1.06,1.0291,20,1.06,1.0291,7,1.07,1.0388,85,0
IWM190920P157,2019-09-18,2019-09-18 09:32:20,1.08,1.0485,97,1.06,1.0291,20,1.06,1.0291,7,1.07,1.0388,85,0
IWM190920P157,2019-09-18,2019-09-18 09:32:21,1.08,1.0485,97,1.06,1.0291,20,1.06,1.0291,7,1.07,1.0388,85,0
IWM190920P157,2019-09-18,2019-09-18 09:32:22,1.08,1.0485,97,1.06,1.0291,20,1.06,1.0291,7,1.07,1.0388,85,0
IWM190920P157,2019-09-18,2019-09-18 09:32:23,1.08,1.0485,11,1.07,1.0388,20,1.06,1.0291,7,1.075,1.0436,85,0
IWM190920P157,2019-09-18,2019-09-18 09:32:23,1.08,1.0485,15,1.07,1.0388,20,1.06,1.0291,7,1.075,1.0436,85,0
IWM190920P157,2019-09-18,2019-09-18 09:32:24,1.08,1.0485,15,1.07,1.0388,20,1.06,1.0291,7,1.075,1.0436,85,0
IWM190920P157,2019-09-18,2019-09-18 09:32:25,1.09,1.0582,67,1.07,1.0388,20,1.06,1.0291,7,1.08,1.0485,85,0
IWM190920P157,2019-09-18,2019-09-18 09:32:25,1.09,1.0582,67,1.07,1.0388,31,1.06,1.0291,7,1.08,1.0485,85,0
IWM190920P157,2019-09-18,2019-09-18 09:32:26,1.08,1.0485,15,1.07,1.0388,20,1.06,1.0291,7,1.075,1.0436,85,0
IWM190920P157,2019-09-18,2019-09-18 09:32:26,1.09,1.0582,67,1.07,1.0388,26,1.06,1.0291,7,1.08,1.0485,85,0
IWM190920P157,2019-09-18,2019-09-18 09:32:27,1.09,1.0582,67,1.07,1.0388,26,1.06,1.0291,7,1.08,1.0485,85,0
IWM190920P157,2019-09-18,2019-09-18 09:32:28,1.09,1.0582,67,1.07,1.0388,2,1.06,1.0291,7,1.08,1.0485,85,0
IWM190920P157,2019-09-18,2019-09-18 09:32:28,1.09,1.0582,163,1.07,1.0388,25,1.06,1.0291,7,1.08,1.0485,85,0
IWM190920P157,2019-09-18,2019-09-18 09:32:29,1.09,1.0582,163,1.07,1.0388,15,1.06,1.0291,7,1.08,1.0485,85,0
IWM190920P157,2019-09-18,2019-09-18 09:32:29,1.09,1.0582,163,1.07,1.0388,25,1.06,1.0291,7,1.08,1.0485,85,0
IWM190920P157,2019-09-18,2019-09-18 09:32:30,1.09,1.0582,163,1.07,1.0388,20,1.06,1.0291,7,1.08,1.0485,85,0
IWM190920P157,2019-09-18,2019-09-18 09:32:30,1.07,1.0388,11,1.06,1.0291,19,1.06,1.0291,7,1.065,1.0339,85,0
IWM190920P157,2019-09-18,2019-09-18 09:32:31,1.07,1.0388,90,1.05,1.0194,29,1.06,1.0291,7,1.06,1.0291,85,0
IWM190920P157,2019-09-18,2019-09-18 09:32:31,1.07,1.0388,19,1.05,1.0194,27,1.06,1.0291,7,1.06,1.0291,85,0
IWM190920P157,2019-09-18,2019-09-18 09:32:32,1.08,1.0485,132,1.06,1.0291,20,1.06,1.0291,7,1.07,1.0388,85,0
IWM190920P157,2019-09-18,2019-09-18 09:32:32,1.07,1.0388,22,1.05,1.0194,29,1.06,1.0291,7,1.06,1.0291,85,0
IWM190920P157,2019-09-18,2019-09-18 09:32:33,1.08,1.0485,165,1.06,1.0291,20,1.06,1.0291,7,1.07,1.0388,85,0
IWM190920P157,2019-09-18,2019-09-18 09:32:34,1.08,1.0485,184,1.06,1.0291,20,1.06,1.0291,7,1.07,1.0388,85,0
IWM190920P157,2019-09-18,2019-09-18 09:32:35,1.08,1.0485,194,1.06,1.0291,20,1.06,1.0291,7,1.07,1.0388,85,0
IWM190920P157,2019-09-18,2019-09-18 09:32:35,1.08,1.0485,184,1.06,1.0291,19,1.06,1.0291,7,1.07,1.0388,85,0
IWM190920P157,2019-09-18,2019-09-18 09:32:36,1.08,1.0485,77,1.06,1.0291,20,1.06,1.0291,7,1.07,1.0388,85,0
IWM190920P157,2019-09-18,2019-09-18 09:32:37,1.08,1.0485,147,1.06,1.0291,26,1.06,1.0291,7,1.07,1.0388,85,0
IWM190920P157,2019-09-18,2019-09-18 09:32:38,1.08,1.0485,115,1.06,1.0291,26,1.06,1.0291,7,1.07,1.0388,85,0
IWM190920P157,2019-09-18,2019-09-18 09:32:38,1.08,1.0485,147,1.06,1.0291,26,1.06,1.0291,7,1.07,1.0388,85,0
IWM190920P157,2019-09-18,2019-09-18 09:32:39,1.06,1.0291,12,1.05,1.0194,27,1.06,1.0291,7,1.055,1.0242,85,0
IWM190920P157,2019-09-18,2019-09-18 09:32:40,1.06,1.0291,12,1.05,1.0194,27,1.06,1.0291,7,1.055,1.0242,85,0
IWM190920P157,2019-09-18,2019-09-18 09:32:41,1.06,1.0291,12,1.05,1.0194,29,1.06,1.0291,7,1.055,1.0242,85,0
IWM190920P157,2019-09-18,2019-09-18 09:32:41,1.06,1.0291,12,1.05,1.0194,27,1.06,1.0291,7,1.055,1.0242,85,0
IWM190920P157,2019-09-18,2019-09-18 09:32:42,1.07,1.0388,73,1.05,1.0194,29,1.06,1.0291,7,1.06,1.0291,85,0
IWM190920P157,2019-09-18,2019-09-18 09:32:42,1.07,1.0388,128,1.05,1.0194,29,1.06,1.0291,7,1.06,1.0291,85,0
IWM190920P157,2019-09-18,2019-09-18 09:32:43,1.07,1.0388,128,1.05,1.0194,29,1.06,1.0291,7,1.06,1.0291,85,0
IWM190920P157,2019-09-18,2019-09-18 09:32:43,1.07,1.0388,19,1.05,1.0194,27,1.06,1.0291,7,1.06,1.0291,85,0
IWM190920P157,2019-09-18,2019-09-18 09:32:44,1.07,1.0388,19,1.06,1.0291,20,1.06,1.0291,7,1.065,1.0339,85,0
IWM190920P157,2019-09-18,2019-09-18 09:32:44,1.07,1.0388,19,1.06,1.0291,26,1.06,1.0291,7,1.065,1.0339,85,0
IWM190920P157,2019-09-18,2019-09-18 09:32:45,1.07,1.0388,19,1.06,1.0291,26,1.06,1.0291,7,1.065,1.0339,85,0
IWM190920P157,2019-09-18,2019-09-18 09:32:45,1.07,1.0388,19,1.06,1.0291,327,1.06,1.0291,7,1.065,1.0339,85,0
IWM190920P157,2019-09-18,2019-09-18 09:32:46,1.07,1.0388,19,1.06,1.0291,413,1.06,1.0291,7,1.065,1.0339,85,0
IWM190920P157,2019-09-18,2019-09-18 09:32:46,1.09,1.0582,78,1.07,1.0388,26,1.06,1.0291,7,1.08,1.0485,85,0
IWM190920P157,2019-09-18,2019-09-18 09:32:47,1.08,1.0485,6,1.06,1.0291,20,1.06,1.0291,7,1.07,1.0388,85,0
IWM190920P157,2019-09-18,2019-09-18 09:32:47,1.08,1.0485,21,1.06,1.0291,20,1.06,1.0291,7,1.07,1.0388,85,0
IWM190920P157,2019-09-18,2019-09-18 09:32:48,1.08,1.0485,6,1.07,1.0388,19,1.06,1.0291,7,1.075,1.0436,85,0
IWM190920P157,2019-09-18,2019-09-18 09:32:49,1.09,1.0582,14,1.07,1.0388,26,1.06,1.0291,7,1.08,1.0485,85,0
IWM190920P157,2019-09-18,2019-09-18 09:32:49,1.09,1.0582,31,1.07,1.0388,20,1.06,1.0291,7,1.08,1.0485,85,0
IWM190920P157,2019-09-18,2019-09-18 09:32:50,1.09,1.0582,46,1.07,1.0388,26,1.06,1.0291,7,1.08,1.0485,85,0
IWM190920P157,2019-09-18,2019-09-18 09:32:51,1.09,1.0582,115,1.07,1.0388,26,1.06,1.0291,7,1.08,1.0485,85,0
IWM190920P157,2019-09-18,2019-09-18 09:32:51,1.09,1.0582,14,1.07,1.0388,26,1.06,1.0291,7,1.08,1.0485,85,0
IWM190920P157,2019-09-18,2019-09-18 09:32:52,1.09,1.0582,12,1.08,1.0485,25,1.06,1.0291,7,1.085,1.0533,85,0
IWM190920P157,2019-09-18,2019-09-18 09:32:52,1.1,1.0679,164,1.08,1.0485,25,1.06,1.0291,7,1.09,1.0582,85,0
IWM190920P157,2019-09-18,2019-09-18 09:32:53,1.08,1.0485,11,1.07,1.0388,19,1.06,1.0291,7,1.075,1.0436,85,0
IWM190920P157,2019-09-18,2019-09-18 09:32:53,1.08,1.0485,21,1.07,1.0388,20,1.06,1.0291,7,1.075,1.0436,85,0
IWM190920P157,2019-09-18,2019-09-18 09:32:54,1.08,1.0485,3,1.07,1.0388,19,1.06,1.0291,7,1.075,1.0436,85,0
IWM190920P157,2019-09-18,2019-09-18 09:32:54,1.08,1.0485,10,1.06,1.0291,23,1.06,1.0291,7,1.07,1.0388,85,0
IWM190920P157,2019-09-18,2019-09-18 09:32:55,1.09,1.0582,18,1.08,1.0485,19,1.06,1.0291,7,1.085,1.0533,85,0
IWM190920P157,2019-09-18,2019-09-18 09:32:55,1.08,1.0485,3,1.07,1.0388,26,1.06,1.0291,7,1.075,1.0436,85,0
IWM190920P157,2019-09-18,2019-09-18 09:32:56,1.09,1.0582,18,1.07,1.0388,20,1.06,1.0291,7,1.08,1.0485,85,0
IWM190920P157,2019-09-18,2019-09-18 09:32:56,1.09,1.0582,10,1.07,1.0388,20,1.06,1.0291,7,1.08,1.0485,85,0
IWM190920P157,2019-09-18,2019-09-18 09:32:57,1.09,1.0582,10,1.07,1.0388,20,1.06,1.0291,7,1.08,1.0485,85,0
IWM190920P157,2019-09-18,2019-09-18 09:32:58,1.09,1.0582,10,1.07,1.0388,20,1.06,1.0291,7,1.08,1.0485,85,0
IWM190920P157,2019-09-18,2019-09-18 09:32:58,1.1,1.0679,15,1.08,1.0485,20,1.06,1.0291,7,1.09,1.0582,85,0
IWM190920P157,2019-09-18,2019-09-18 09:32:59,1.1,1.0679,5,1.09,1.0582,19,1.09,1.0582,1,1.095,1.0631,86,1
IWM190920P157,2019-09-18,2019-09-18 09:32:59,1.09,1.0582,1,1.08,1.0485,25,1.06,1.0291,7,1.085,1.0533,85,0
IWM190920P157,2019-09-18,2019-09-18 09:33:00,1.1,1.0679,3,1.09,1.0582,25,1.09,1.0582,1,1.095,1.0631,86,0
IWM190920P157,2019-09-18,2019-09-18 09:33:00,1.11,1.0776,145,1.09,1.0582,25,1.09,1.0582,1,1.1,1.0679,86,0
IWM190920P157,2019-09-18,2019-09-18 09:33:01,1.12,1.0873,13,1.1,1.0679,20,1.09,1.0582,1,1.11,1.0776,86,0
IWM190920P157,2019-09-18,2019-09-18 09:33:01,1.13,1.097,38,1.11,1.0776,26,1.09,1.0582,1,1.12,1.0873,86,0
IWM190920P157,2019-09-18,2019-09-18 09:33:02,1.11,1.0776,66,1.09,1.0582,21,1.09,1.0582,1,1.1,1.0679,86,0
IWM190920P157,2019-09-18,2019-09-18 09:33:02,1.12,1.0873,1,1.1,1.0679,30,1.09,1.0582,1,1.11,1.0776,86,0
IWM190920P157,2019-09-18,2019-09-18 09:33:03,1.11,1.0776,5,1.09,1.0582,42,1.09,1.0582,1,1.1,1.0679,86,0
IWM190920P157,2019-09-18,2019-09-18 09:33:03,1.11,1.0776,66,1.09,1.0582,26,1.09,1.0582,1,1.1,1.0679,86,0
IWM190920P157,2019-09-18,2019-09-18 09:33:04,1.1,1.0679,116,1.08,1.0485,30,1.09,1.0582,1,1.09,1.0582,86,0
IWM190920P157,2019-09-18,2019-09-18 09:33:04,1.1,1.0679,37,1.09,1.0582,11,1.09,1.0582,1,1.095,1.0631,86,0
IWM190920P157,2019-09-18,2019-09-18 09:33:05,1.1,1.0679,163,1.08,1.0485,65,1.09,1.0582,1,1.09,1.0582,86,0
IWM190920P157,2019-09-18,2019-09-18 09:33:06,1.1,1.0679,173,1.08,1.0485,22,1.09,1.0582,1,1.09,1.0582,86,0
IWM190920P157,2019-09-18,2019-09-18 09:33:06,1.1,1.0679,163,1.08,1.0485,65,1.09,1.0582,1,1.09,1.0582,86,0
IWM190920P157,2019-09-18,2019-09-18 09:33:07,1.1,1.0679,173,1.08,1.0485,78,1.09,1.0582,1,1.09,1.0582,86,0
IWM190920P157,2019-09-18,2019-09-18 09:33:08,1.1,1.0679,129,1.08,1.0485,78,1.09,1.0582,1,1.09,1.0582,86,0
IWM190920P157,2019-09-18,2019-09-18 09:33:08,1.1,1.0679,163,1.08,1.0485,78,1.09,1.0582,1,1.09,1.0582,86,0
IWM190920P157,2019-09-18,2019-09-18 09:33:09,1.1,1.0679,75,1.08,1.0485,21,1.09,1.0582,1,1.09,1.0582,86,0
IWM190920P157,2019-09-18,2019-09-18 09:33:09,1.1,1.0679,111,1.08,1.0485,21,1.09,1.0582,1,1.09,1.0582,86,0
IWM190920P157,2019-09-18,2019-09-18 09:33:10,1.09,1.0582,29,1.07,1.0388,30,1.09,1.0582,1,1.08,1.0485,86,0
IWM190920P157,2019-09-18,2019-09-18 09:33:10,1.08,1.0485,10,1.07,1.0388,61,1.09,1.0582,1,1.075,1.0436,86,0
IWM190920P157,2019-09-18,2019-09-18 09:33:11,1.09,1.0582,79,1.06,1.0291,71,1.09,1.0582,1,1.075,1.0436,86,0
IWM190920P157,2019-09-18,2019-09-18 09:33:11,1.09,1.0582,79,1.07,1.0388,61,1.09,1.0582,1,1.08,1.0485,86,0
IWM190920P157,2019-09-18,2019-09-18 09:33:12,1.09,1.0582,59,1.07,1.0388,21,1.09,1.0582,1,1.08,1.0485,86,0
IWM190920P157,2019-09-18,2019-09-18 09:33:12,1.09,1.0582,79,1.06,1.0291,58,1.09,1.0582,1,1.075,1.0436,86,0
IWM190920P157,2019-09-18,2019-09-18 09:33:13,1.09,1.0582,19,1.08,1.0485,19,1.09,1.0582,1,1.085,1.0533,86,0
IWM190920P157,2019-09-18,2019-09-18 09:33:13,1.09,1.0582,19,1.07,1.0388,30,1.09,1.0582,1,1.08,1.0485,86,0
IWM190920P157,2019-09-18,2019-09-18 09:33:14,1.1,1.0679,106,1.08,1.0485,86,1.09,1.0582,1,1.09,1.0582,86,0
IWM190920P157,2019-09-18,2019-09-18 09:33:14,1.1,1.0679,96,1.08,1.0485,21,1.09,1.0582,1,1.09,1.0582,86,0
IWM190920P157,2019-09-18,2019-09-18 09:33:15,1.1,1.0679,35,1.08,1.0485,21,1.09,1.0582,1,1.09,1.0582,86,0
IWM190920P157,2019-09-18,2019-09-18 09:33:15,1.1,1.0679,91,1.08,1.0485,20,1.09,1.0582,1,1.09,1.0582,86,0
IWM190920P157,2019-09-18,2019-09-18 09:33:16,1.1,1.0679,104,1.08,1.0485,21,1.09,1.0582,1,1.09,1.0582,86,0
IWM190920P157,2019-09-18,2019-09-18 09:33:16,1.1,1.0679,106,1.07,1.0388,31,1.09,1.0582,1,1.085,1.0533,86,0
IWM190920P157,2019-09-18,2019-09-18 09:33:17,1.1,1.0679,143,1.07,1.0388,56,1.09,1.0582,1,1.085,1.0533,86,0
IWM190920P157,2019-09-18,2019-09-18 09:33:18,1.1,1.0679,143,1.07,1.0388,75,1.09,1.0582,1,1.085,1.0533,86,0
IWM190920P157,2019-09-18,2019-09-18 09:33:18,1.1,1.0679,215,1.07,1.0388,75,1.09,1.0582,1,1.085,1.0533,86,0
IWM190920P157,2019-09-18,2019-09-18 09:33:19,1.1,1.0679,215,1.07,1.0388,75,1.09,1.0582,1,1.085,1.0533,86,0
IWM190920P157,2019-09-18,2019-09-18 09:33:19,1.1,1.0679,215,1.07,1.0388,27,1.09,1.0582,1,1.085,1.0533,86,0
IWM190920P157,2019-09-18,2019-09-18 09:33:20,1.1,1.0679,215,1.07,1.0388,22,1.09,1.0582,1,1.085,1.0533,86,0
IWM190920P157,2019-09-18,2019-09-18 09:33:20,1.09,1.0582,74,1.07,1.0388,22,1.09,1.0582,1,1.08,1.0485,86,0
IWM190920P157,2019-09-18,2019-09-18 09:33:21,1.09,1.0582,79,1.07,1.0388,27,1.09,1.0582,1,1.08,1.0485,86,0
IWM190920P157,2019-09-18,2019-09-18 09:33:21,1.09,1.0582,79,1.07,1.0388,22,1.09,1.0582,1,1.08,1.0485,86,0
IWM190920P157,2019-09-18,2019-09-18 09:33:22,1.09,1.0582,19,1.08,1.0485,21,1.09,1.0582,1,1.085,1.0533,86,0
IWM190920P157,2019-09-18,2019-09-18 09:33:22,1.09,1.0582,19,1.07,1.0388,27,1.09,1.0582,1,1.08,1.0485,86,0
IWM190920P157,2019-09-18,2019-09-18 09:33:23,1.09,1.0582,25,1.07,1.0388,27,1.09,1.0582,1,1.08,1.0485,86,0
IWM190920P157,2019-09-18,2019-09-18 09:33:23,1.09,1.0582,19,1.07,1.0388,22,1.09,1.0582,1,1.08,1.0485,86,0
IWM190920P157,2019-09-18,2019-09-18 09:33:24,1.09,1.0582,25,1.07,1.0388,27,1.09,1.0582,1,1.08,1.0485,86,0
IWM190920P157,2019-09-18,2019-09-18 09:33:25,1.09,1.0582,19,1.08,1.0485,80,1.09,1.0582,1,1.085,1.0533,86,0
IWM190920P157,2019-09-18,2019-09-18 09:33:25,1.09,1.0582,19,1.08,1.0485,21,1.09,1.0582,1,1.085,1.0533,86,0
IWM190920P157,2019-09-18,2019-09-18 09:33:26,1.09,1.0582,19,1.07,1.0388,68,1.09,1.0582,1,1.08,1.0485,86,0
IWM190920P157,2019-09-18,2019-09-18 09:33:26,1.09,1.0582,19,1.08,1.0485,19,1.09,1.0582,1,1.085,1.0533,86,0
IWM190920P157,2019-09-18,2019-09-18 09:33:27,1.1,1.0679,105,1.07,1.0388,22,1.09,1.0582,1,1.085,1.0533,86,0
IWM190920P157,2019-09-18,2019-09-18 09:33:27,1.09,1.0582,8,1.08,1.0485,19,1.09,1.0582,1,1.085,1.0533,86,0
IWM190920P157,2019-09-18,2019-09-18 09:33:28,1.09,1.0582,8,1.08,1.0485,19,1.09,1.0582,1,1.085,1.0533,86,0
IWM190920P157,2019-09-18,2019-09-18 09:33:28,1.09,1.0582,18,1.07,1.0388,22,1.09,1.0582,1,1.08,1.0485,86,0
IWM190920P157,2019-09-18,2019-09-18 09:33:29,1.09,1.0582,157,1.06,1.0291,65,1.09,1.0582,1,1.075,1.0436,86,0
IWM190920P157,2019-09-18,2019-09-18 09:33:29,1.09,1.0582,8,1.07,1.0388,70,1.09,1.0582,1,1.08,1.0485,86,0
IWM190920P157,2019-09-18,2019-09-18 09:33:30,1.09,1.0582,228,1.06,1.0291,26,1.09,1.0582,1,1.075,1.0436,86,0
IWM190920P157,2019-09-18,2019-09-18 09:33:30,1.09,1.0582,193,1.06,1.0291,65,1.09,1.0582,1,1.075,1.0436,86,0
IWM190920P157,2019-09-18,2019-09-18 09:33:31,1.09,1.0582,228,1.06,1.0291,72,1.09,1.0582,1,1.075,1.0436,86,0
IWM190920P157,2019-09-18,2019-09-18 09:33:31,1.08,1.0485,41,1.06,1.0291,102,1.09,1.0582,1,1.07,1.0388,86,0
IWM190920P157,2019-09-18,2019-09-18 09:33:32,1.08,1.0485,41,1.06,1.0291,100,1.09,1.0582,1,1.07,1.0388,86,0
IWM190920P157,2019-09-18,2019-09-18 09:33:33,1.07,1.0388,14,1.06,1.0291,100,1.09,1.0582,1,1.065,1.0339,86,0
IWM190920P157,2019-09-18,2019-09-18 09:33:34,1.07,1.0388,14,1.06,1.0291,100,1.09,1.0582,1,1.065,1.0339,86,0
IWM190920P157,2019-09-18,2019-09-18 09:33:35,1.07,1.0388,14,1.06,1.0291,90,1.09,1.0582,1,1.065,1.0339,86,0
IWM190920P157,2019-09-18,2019-09-18 09:33:35,1.07,1.0388,14,1.06,1.0291,100,1.09,1.0582,1,1.065,1.0339,86,0
IWM190920P157,2019-09-18,2019-09-18 09:33:36,1.07,1.0388,14,1.05,1.0194,139,1.09,1.0582,1,1.06,1.0291,86,0
IWM190920P157,2019-09-18,2019-09-18 09:33:36,1.09,1.0582,40,1.07,1.0388,97,1.09,1.0582,1,1.08,1.0485,86,0
IWM190920P157,2019-09-18,2019-09-18 09:33:37,1.09,1.0582,40,1.07,1.0388,117,1.09,1.0582,1,1.08,1.0485,86,0
IWM190920P157,2019-09-18,2019-09-18 09:33:37,1.09,1.0582,134,1.07,1.0388,103,1.09,1.0582,1,1.08,1.0485,86,0
IWM190920P157,2019-09-18,2019-09-18 09:33:38,1.09,1.0582,134,1.07,1.0388,78,1.09,1.0582,1,1.08,1.0485,86,0
IWM190920P157,2019-09-18,2019-09-18 09:33:39,1.09,1.0582,134,1.07,1.0388,1,1.09,1.0582,1,1.08,1.0485,86,0
IWM190920P157,2019-09-18,2019-09-18 09:33:39,1.09,1.0582,161,1.07,1.0388,1,1.09,1.0582,1,1.08,1.0485,86,0
IWM190920P157,2019-09-18,2019-09-18 09:33:40,1.09,1.0582,161,1.07,1.0388,1,1.09,1.0582,1,1.08,1.0485,86,0
IWM190920P157,2019-09-18,2019-09-18 09:33:41,1.08,1.0485,99,1.07,1.0388,1,1.09,1.0582,1,1.075,1.0436,86,0
IWM190920P157,2019-09-18,2019-09-18 09:33:41,1.07,1.0388,8,1.06,1.0291,25,1.09,1.0582,1,1.065,1.0339,86,0
IWM190920P157,2019-09-18,2019-09-18 09:33:42,1.07,1.0388,8,1.06,1.0291,177,1.09,1.0582,1,1.065,1.0339,86,0
IWM190920P157,2019-09-18,2019-09-18 09:33:42,1.07,1.0388,8,1.06,1.0291,25,1.09,1.0582,1,1.065,1.0339,86,0
IWM190920P157,2019-09-18,2019-09-18 09:33:43,1.07,1.0388,8,1.06,1.0291,201,1.09,1.0582,1,1.065,1.0339,86,0
IWM190920P157,2019-09-18,2019-09-18 09:33:44,1.07,1.0388,8,1.06,1.0291,201,1.09,1.0582,1,1.065,1.0339,86,0
IWM190920P157,2019-09-18,2019-09-18 09:33:45,1.08,1.0485,16,1.06,1.0291,245,1.09,1.0582,1,1.07,1.0388,86,0
IWM190920P157,2019-09-18,2019-09-18 09:33:46,1.08,1.0485,16,1.06,1.0291,245,1.09,1.0582,1,1.07,1.0388,86,0
IWM190920P157,2019-09-18,2019-09-18 09:33:47,1.09,1.0582,7,1.08,1.0485,117,1.09,1.0582,1,1.085,1.0533,86,0
IWM190920P157,2019-09-18,2019-09-18 09:33:47,1.08,1.0485,16,1.06,1.0291,245,1.09,1.0582,1,1.07,1.0388,86,0
IWM190920P157,2019-09-18,2019-09-18 09:33:48,1.09,1.0582,7,1.08,1.0485,117,1.09,1.0582,1,1.085,1.0533,86,0
IWM190920P157,2019-09-18,2019-09-18 09:33:48,1.09,1.0582,20,1.07,1.0388,19,1.09,1.0582,1,1.08,1.0485,86,0
IWM190920P157,2019-09-18,2019-09-18 09:33:49,1.09,1.0582,5,1.08,1.0485,20,1.09,1.0582,1,1.085,1.0533,86,0
IWM190920P157,2019-09-18,2019-09-18 09:33:49,1.09,1.0582,20,1.07,1.0388,42,1.09,1.0582,1,1.08,1.0485,86,0
IWM190920P157,2019-09-18,2019-09-18 09:33:50,1.09,1.0582,5,1.08,1.0485,97,1.09,1.0582,1,1.085,1.0533,86,0
IWM190920P157,2019-09-18,2019-09-18 09:33:50,1.1,1.0679,34,1.08,1.0485,19,1.09,1.0582,1,1.09,1.0582,86,0
IWM190920P157,2019-09-18,2019-09-18 09:33:51,1.09,1.0582,1,1.08,1.0485,103,1.09,1.0582,1,1.085,1.0533,86,0
IWM190920P157,2019-09-18,2019-09-18 09:33:52,1.09,1.0582,1,1.08,1.0485,20,1.09,1.0582,1,1.085,1.0533,86,0
IWM190920P157,2019-09-18,2019-09-18 09:33:53,1.09,1.0582,20,1.08,1.0485,1,1.09,1.0582,1,1.085,1.0533,86,0
IWM190920P157,2019-09-18,2019-09-18 09:33:54,1.09,1.0582,20,1.08,1.0485,1,1.09,1.0582,1,1.085,1.0533,86,0
IWM190920P157,2019-09-18,2019-09-18 09:33:55,1.09,1.0582,69,1.08,1.0485,1,1.09,1.0582,1,1.085,1.0533,86,0
IWM190920P157,2019-09-18,2019-09-18 09:33:55,1.09,1.0582,1,1.08,1.0485,1,1.09,1.0582,1,1.085,1.0533,86,0
IWM190920P157,2019-09-18,2019-09-18 09:33:56,1.09,1.0582,17,1.08,1.0485,20,1.09,1.0582,1,1.085,1.0533,86,0
IWM190920P157,2019-09-18,2019-09-18 09:33:56,1.09,1.0582,1,1.08,1.0485,1,1.09,1.0582,1,1.085,1.0533,86,0
IWM190920P157,2019-09-18,2019-09-18 09:33:57,1.09,1.0582,1,1.08,1.0485,85,1.09,1.0582,1,1.085,1.0533,86,0
IWM190920P157,2019-09-18,2019-09-18 09:33:57,1.09,1.0582,1,1.08,1.0485,117,1.09,1.0582,1,1.085,1.0533,86,0
IWM190920P157,2019-09-18,2019-09-18 09:33:58,1.09,1.0582,1,1.08,1.0485,164,1.09,1.0582,1,1.085,1.0533,86,0
IWM190920P157,2019-09-18,2019-09-18 09:33:58,1.1,1.0679,3,1.09,1.0582,117,1.09,1.0582,1,1.095,1.0631,86,0
IWM190920P157,2019-09-18,2019-09-18 09:33:59,1.1,1.0679,3,1.09,1.0582,73,1.09,1.0582,1,1.095,1.0631,86,0
IWM190920P157,2019-09-18,2019-09-18 09:33:59,1.1,1.0679,15,1.09,1.0582,88,1.09,1.0582,1,1.095,1.0631,86,0
IWM190920P157,2019-09-18,2019-09-18 09:34:00,1.1,1.0679,15,1.09,1.0582,88,1.09,1.0582,1,1.095,1.0631,86,0
IWM190920P157,2019-09-18,2019-09-18 09:34:00,1.11,1.0776,9,1.09,1.0582,88,1.09,1.0582,1,1.1,1.0679,86,0
IWM190920P157,2019-09-18,2019-09-18 09:34:01,1.11,1.0776,12,1.1,1.0679,75,1.09,1.0582,1,1.105,1.0728,86,0
IWM190920P157,2019-09-18,2019-09-18 09:34:01,1.11,1.0776,12,1.1,1.0679,91,1.09,1.0582,1,1.105,1.0728,86,0
IWM190920P157,2019-09-18,2019-09-18 09:34:02,1.11,1.0776,12,1.1,1.0679,111,1.09,1.0582,1,1.105,1.0728,86,0
IWM190920P157,2019-09-18,2019-09-18 09:34:02,1.11,1.0776,10,1.1,1.0679,111,1.09,1.0582,1,1.105,1.0728,86,0
IWM190920P157,2019-09-18,2019-09-18 09:34:03,1.13,1.097,24,1.12,1.0873,21,1.09,1.0582,1,1.125,1.0922,86,0
IWM190920P157,2019-09-18,2019-09-18 09:34:04,1.13,1.097,10,1.12,1.0873,21,1.09,1.0582,1,1.125,1.0922,86,0
IWM190920P157,2019-09-18,2019-09-18 09:34:04,1.13,1.097,10,1.12,1.0873,26,1.09,1.0582,1,1.125,1.0922,86,0
IWM190920P157,2019-09-18,2019-09-18 09:34:05,1.13,1.097,10,1.12,1.0873,77,1.09,1.0582,1,1.125,1.0922,86,0
IWM190920P157,2019-09-18,2019-09-18 09:34:05,1.14,1.1067,15,1.13,1.097,19,1.09,1.0582,1,1.135,1.1019,86,0
IWM190920P157,2019-09-18,2019-09-18 09:34:06,1.15,1.1165,87,1.13,1.097,64,1.09,1.0582,1,1.14,1.1067,86,0
IWM190920P157,2019-09-18,2019-09-18 09:34:06,1.15,1.1165,38,1.13,1.097,21,1.09,1.0582,1,1.14,1.1067,86,0
IWM190920P157,2019-09-18,2019-09-18 09:34:07,1.15,1.1165,38,1.13,1.097,110,1.09,1.0582,1,1.14,1.1067,86,0
IWM190920P157,2019-09-18,2019-09-18 09:34:07,1.15,1.1165,57,1.13,1.097,74,1.09,1.0582,1,1.14,1.1067,86,0
IWM190920P157,2019-09-18,2019-09-18 09:34:08,1.14,1.1067,7,1.12,1.0873,438,1.09,1.0582,1,1.13,1.097,86,0
IWM190920P157,2019-09-18,2019-09-18 09:34:08,1.15,1.1165,44,1.13,1.097,60,1.09,1.0582,1,1.14,1.1067,86,0
IWM190920P157,2019-09-18,2019-09-18 09:34:09,1.14,1.1067,26,1.12,1.0873,288,1.09,1.0582,1,1.13,1.097,86,0
IWM190920P157,2019-09-18,2019-09-18 09:34:09,1.14,1.1067,7,1.12,1.0873,288,1.09,1.0582,1,1.13,1.097,86,0
IWM190920P157,2019-09-18,2019-09-18 09:34:10,1.14,1.1067,7,1.12,1.0873,208,1.09,1.0582,1,1.13,1.097,86,0
IWM190920P157,2019-09-18,2019-09-18 09:34:10,1.14,1.1067,84,1.12,1.0873,95,1.09,1.0582,1,1.13,1.097,86,0
IWM190920P157,2019-09-18,2019-09-18 09:34:11,1.14,1.1067,98,1.12,1.0873,20,1.09,1.0582,1,1.13,1.097,86,0
IWM190920P157,2019-09-18,2019-09-18 09:34:11,1.14,1.1067,106,1.11,1.0776,543,1.09,1.0582,1,1.125,1.0922,86,0
IWM190920P157,2019-09-18,2019-09-18 09:34:12,1.13,1.097,40,1.11,1.0776,21,1.09,1.0582,1,1.12,1.0873,86,0
IWM190920P157,2019-09-18,2019-09-18 09:34:12,1.14,1.1067,106,1.11,1.0776,514,1.09,1.0582,1,1.125,1.0922,86,0
IWM190920P157,2019-09-18,2019-09-18 09:34:13,1.13,1.097,17,1.12,1.0873,21,1.09,1.0582,1,1.125,1.0922,86,0
IWM190920P157,2019-09-18,2019-09-18 09:34:13,1.14,1.1067,47,1.12,1.0873,70,1.09,1.0582,1,1.13,1.097,86,0
IWM190920P157,2019-09-18,2019-09-18 09:34:14,1.14,1.1067,72,1.12,1.0873,76,1.09,1.0582,1,1.13,1.097,86,0
IWM190920P157,2019-09-18,2019-09-18 09:34:14,1.14,1.1067,157,1.12,1.0873,89,1.09,1.0582,1,1.13,1.097,86,0
IWM190920P157,2019-09-18,2019-09-18 09:34:15,1.14,1.1067,47,1.12,1.0873,21,1.09,1.0582,1,1.13,1.097,86,0
IWM190920P157,2019-09-18,2019-09-18 09:34:15,1.14,1.1067,157,1.12,1.0873,21,1.09,1.0582,1,1.13,1.097,86,0
IWM190920P157,2019-09-18,2019-09-18 09:34:16,1.14,1.1067,69,1.12,1.0873,50,1.09,1.0582,1,1.13,1.097,86,0
IWM190920P157,2019-09-18,2019-09-18 09:34:16,1.14,1.1067,47,1.12,1.0873,89,1.09,1.0582,1,1.13,1.097,86,0
IWM190920P157,2019-09-18,2019-09-18 09:34:17,1.14,1.1067,17,1.12,1.0873,141,1.09,1.0582,1,1.13,1.097,86,0
IWM190920P157,2019-09-18,2019-09-18 09:34:17,1.14,1.1067,69,1.11,1.0776,307,1.09,1.0582,1,1.125,1.0922,86,0
IWM190920P157,2019-09-18,2019-09-18 09:34:18,1.14,1.1067,17,1.12,1.0873,481,1.09,1.0582,1,1.13,1.097,86,0
IWM190920P157,2019-09-18,2019-09-18 09:34:19,1.14,1.1067,17,1.12,1.0873,331,1.14,1.1067,1,1.13,1.097,87,1
IWM190920P157,2019-09-18,2019-09-18 09:34:19,1.14,1.1067,17,1.12,1.0873,331,1.14,1.1067,1,1.13,1.097,87,0
IWM190920P157,2019-09-18,2019-09-18 09:34:20,1.14,1.1067,41,1.12,1.0873,331,1.14,1.1067,1,1.13,1.097,87,0
IWM190920P157,2019-09-18,2019-09-18 09:34:20,1.14,1.1067,17,1.12,1.0873,331,1.14,1.1067,1,1.13,1.097,87,0
IWM190920P157,2019-09-18,2019-09-18 09:34:21,1.14,1.1067,36,1.11,1.0776,202,1.14,1.1067,1,1.125,1.0922,87,0
IWM190920P157,2019-09-18,2019-09-18 09:34:21,1.14,1.1067,41,1.12,1.0873,331,1.14,1.1067,1,1.13,1.097,87,0
IWM190920P157,2019-09-18,2019-09-18 09:34:22,1.14,1.1067,96,1.11,1.0776,191,1.14,1.1067,1,1.125,1.0922,87,0
IWM190920P157,2019-09-18,2019-09-18 09:34:23,1.14,1.1067,116,1.11,1.0776,231,1.14,1.1067,1,1.125,1.0922,87,0
IWM190920P157,2019-09-18,2019-09-18 09:34:23,1.14,1.1067,116,1.11,1.0776,181,1.14,1.1067,1,1.125,1.0922,87,0
IWM190920P157,2019-09-18,2019-09-18 09:34:24,1.14,1.1067,74,1.11,1.0776,181,1.14,1.1067,1,1.125,1.0922,87,0
IWM190920P157,2019-09-18,2019-09-18 09:34:24,1.14,1.1067,88,1.12,1.0873,142,1.14,1.1067,1,1.13,1.097,87,0
IWM190920P157,2019-09-18,2019-09-18 09:34:25,1.14,1.1067,110,1.12,1.0873,19,1.14,1.1067,1,1.13,1.097,87,0
IWM190920P157,2019-09-18,2019-09-18 09:34:25,1.14,1.1067,88,1.12,1.0873,142,1.14,1.1067,1,1.13,1.097,87,0
IWM190920P157,2019-09-18,2019-09-18 09:34:26,1.14,1.1067,132,1.11,1.0776,184,1.14,1.1067,1,1.125,1.0922,87,0
IWM190920P157,2019-09-18,2019-09-18 09:34:26,1.14,1.1067,132,1.11,1.0776,303,1.14,1.1067,1,1.125,1.0922,87,0
IWM190920P157,2019-09-18,2019-09-18 09:34:27,1.14,1.1067,161,1.12,1.0873,19,1.14,1.1067,1,1.13,1.097,87,0
IWM190920P157,2019-09-18,2019-09-18 09:34:27,1.14,1.1067,58,1.12,1.0873,121,1.14,1.1067,1,1.13,1.097,87,0
IWM190920P157,2019-09-18,2019-09-18 09:34:28,1.14,1.1067,111,1.12,1.0873,121,1.14,1.1067,1,1.13,1.097,87,0
IWM190920P157,2019-09-18,2019-09-18 09:34:28,1.14,1.1067,71,1.12,1.0873,121,1.14,1.1067,1,1.13,1.097,87,0
IWM190920P157,2019-09-18,2019-09-18 09:34:29,1.14,1.1067,71,1.12,1.0873,121,1.14,1.1067,1,1.13,1.097,87,0
IWM190920P157,2019-09-18,2019-09-18 09:34:29,1.14,1.1067,19,1.13,1.097,114,1.14,1.1067,1,1.135,1.1019,87,0
IWM190920P157,2019-09-18,2019-09-18 09:34:30,1.14,1.1067,27,1.13,1.097,114,1.14,1.1067,1,1.135,1.1019,87,0
IWM190920P157,2019-09-18,2019-09-18 09:34:30,1.14,1.1067,19,1.13,1.097,114,1.14,1.1067,1,1.135,1.1019,87,0
IWM190920P157,2019-09-18,2019-09-18 09:34:31,1.14,1.1067,40,1.12,1.0873,27,1.14,1.1067,1,1.13,1.097,87,0
IWM190920P157,2019-09-18,2019-09-18 09:34:31,1.14,1.1067,62,1.12,1.0873,27,1.14,1.1067,1,1.13,1.097,87,0
IWM190920P157,2019-09-18,2019-09-18 09:34:32,1.15,1.1165,50,1.13,1.097,100,1.14,1.1067,1,1.14,1.1067,87,0
IWM190920P157,2019-09-18,2019-09-18 09:34:32,1.15,1.1165,30,1.13,1.097,50,1.14,1.1067,1,1.14,1.1067,87,0
IWM190920P157,2019-09-18,2019-09-18 09:34:33,1.15,1.1165,37,1.13,1.097,100,1.14,1.1067,1,1.14,1.1067,87,0
IWM190920P157,2019-09-18,2019-09-18 09:34:33,1.15,1.1165,41,1.14,1.1067,25,1.14,1.1067,1,1.145,1.1116,87,0
IWM190920P157,2019-09-18,2019-09-18 09:34:34,1.15,1.1165,41,1.14,1.1067,25,1.14,1.1067,1,1.145,1.1116,87,0
IWM190920P157,2019-09-18,2019-09-18 09:34:34,1.15,1.1165,67,1.13,1.097,115,1.14,1.1067,1,1.14,1.1067,87,0
IWM190920P157,2019-09-18,2019-09-18 09:34:35,1.15,1.1165,68,1.13,1.097,26,1.14,1.1067,1,1.14,1.1067,87,0
IWM190920P157,2019-09-18,2019-09-18 09:34:35,1.15,1.1165,173,1.12,1.0873,126,1.14,1.1067,1,1.135,1.1019,87,0
IWM190920P157,2019-09-18,2019-09-18 09:34:36,1.15,1.1165,17,1.14,1.1067,23,1.14,1.1067,1,1.145,1.1116,87,0
IWM190920P157,2019-09-18,2019-09-18 09:34:36,1.15,1.1165,68,1.13,1.097,23,1.14,1.1067,1,1.14,1.1067,87,0
IWM190920P157,2019-09-18,2019-09-18 09:34:37,1.15,1.1165,17,1.14,1.1067,113,1.14,1.1067,1,1.145,1.1116,87,0
IWM190920P157,2019-09-18,2019-09-18 09:34:37,1.15,1.1165,17,1.14,1.1067,23,1.14,1.1067,1,1.145,1.1116,87,0
IWM190920P157,2019-09-18,2019-09-18 09:34:38,1.15,1.1165,17,1.14,1.1067,109,1.14,1.1067,1,1.145,1.1116,87,0
IWM190920P157,2019-09-18,2019-09-18 09:34:39,1.15,1.1165,17,1.14,1.1067,109,1.14,1.1067,1,1.145,1.1116,87,0
IWM190920P157,2019-09-18,2019-09-18 09:34:39,1.16,1.1262,46,1.14,1.1067,109,1.14,1.1067,1,1.15,1.1165,87,0
IWM190920P157,2019-09-18,2019-09-18 09:34:40,1.16,1.1262,39,1.15,1.1165,78,1.14,1.1067,1,1.155,1.1213,87,0
IWM190920P157,2019-09-18,2019-09-18 09:34:40,1.16,1.1262,39,1.14,1.1067,160,1.14,1.1067,1,1.15,1.1165,87,0
IWM190920P157,2019-09-18,2019-09-18 09:34:41,1.15,1.1165,70,1.12,1.0873,106,1.14,1.1067,1,1.135,1.1019,87,0
IWM190920P157,2019-09-18,2019-09-18 09:34:41,1.16,1.1262,17,1.13,1.097,30,1.14,1.1067,1,1.145,1.1116,87,0
IWM190920P157,2019-09-18,2019-09-18 09:34:42,1.15,1.1165,89,1.12,1.0873,211,1.14,1.1067,1,1.135,1.1019,87,0
IWM190920P157,2019-09-18,2019-09-18 09:34:42,1.15,1.1165,193,1.12,1.0873,157,1.14,1.1067,1,1.135,1.1019,87,0
IWM190920P157,2019-09-18,2019-09-18 09:34:43,1.15,1.1165,183,1.12,1.0873,157,1.14,1.1067,1,1.135,1.1019,87,0
IWM190920P157,2019-09-18,2019-09-18 09:34:44,1.15,1.1165,183,1.12,1.0873,189,1.14,1.1067,1,1.135,1.1019,87,0
IWM190920P157,2019-09-18,2019-09-18 09:34:44,1.15,1.1165,140,1.12,1.0873,189,1.14,1.1067,1,1.135,1.1019,87,0
IWM190920P157,2019-09-18,2019-09-18 09:34:45,1.15,1.1165,140,1.12,1.0873,189,1.14,1.1067,1,1.135,1.1019,87,0
IWM190920P157,2019-09-18,2019-09-18 09:34:45,1.15,1.1165,89,1.13,1.097,92,1.14,1.1067,1,1.14,1.1067,87,0
IWM190920P157,2019-09-18,2019-09-18 09:34:46,1.15,1.1165,89,1.13,1.097,92,1.14,1.1067,1,1.14,1.1067,87,0
IWM190920P157,2019-09-18,2019-09-18 09:34:47,1.15,1.1165,112,1.13,1.097,28,1.14,1.1067,1,1.14,1.1067,87,0
IWM190920P157,2019-09-18,2019-09-18 09:34:47,1.15,1.1165,89,1.13,1.097,95,1.14,1.1067,1,1.14,1.1067,87,0
IWM190920P157,2019-09-18,2019-09-18 09:34:48,1.15,1.1165,112,1.13,1.097,73,1.14,1.1067,1,1.14,1.1067,87,0
IWM190920P157,2019-09-18,2019-09-18 09:34:48,1.15,1.1165,120,1.13,1.097,52,1.14,1.1067,1,1.14,1.1067,87,0
IWM190920P157,2019-09-18,2019-09-18 09:34:49,1.15,1.1165,9,1.14,1.1067,27,1.14,1.1067,1,1.145,1.1116,87,0
IWM190920P157,2019-09-18,2019-09-18 09:34:49,1.15,1.1165,9,1.14,1.1067,88,1.14,1.1067,1,1.145,1.1116,87,0
IWM190920P157,2019-09-18,2019-09-18 09:34:50,1.15,1.1165,16,1.14,1.1067,27,1.14,1.1067,1,1.145,1.1116,87,0
IWM190920P157,2019-09-18,2019-09-18 09:34:50,1.15,1.1165,16,1.14,1.1067,20,1.14,1.1067,1,1.145,1.1116,87,0
IWM190920P157,2019-09-18,2019-09-18 09:34:51,1.15,1.1165,16,1.13,1.097,32,1.14,1.1067,1,1.14,1.1067,87,0
IWM190920P157,2019-09-18,2019-09-18 09:34:51,1.15,1.1165,85,1.13,1.097,83,1.14,1.1067,1,1.14,1.1067,87,0
IWM190920P157,2019-09-18,2019-09-18 09:34:52,1.15,1.1165,85,1.13,1.097,32,1.14,1.1067,1,1.14,1.1067,87,0
IWM190920P157,2019-09-18,2019-09-18 09:34:53,1.15,1.1165,9,1.13,1.097,51,1.14,1.1067,1,1.14,1.1067,87,0
IWM190920P157,2019-09-18,2019-09-18 09:34:53,1.15,1.1165,27,1.13,1.097,51,1.14,1.1067,1,1.14,1.1067,87,0
IWM190920P157,2019-09-18,2019-09-18 09:34:54,1.15,1.1165,9,1.14,1.1067,110,1.14,1.1067,1,1.145,1.1116,87,0
IWM190920P157,2019-09-18,2019-09-18 09:34:55,1.17,1.1359,46,1.14,1.1067,485,1.14,1.1067,1,1.155,1.1213,87,0
IWM190920P157,2019-09-18,2019-09-18 09:34:55,1.17,1.1359,50,1.14,1.1067,110,1.14,1.1067,1,1.155,1.1213,87,0
IWM190920P157,2019-09-18,2019-09-18 09:34:56,1.17,1.1359,47,1.15,1.1165,163,1.14,1.1067,1,1.16,1.1262,87,0
IWM190920P157,2019-09-18,2019-09-18 09:34:57,1.17,1.1359,10,1.16,1.1262,19,1.14,1.1067,1,1.165,1.131,87,0
IWM190920P157,2019-09-18,2019-09-18 09:34:57,1.17,1.1359,10,1.16,1.1262,17,1.14,1.1067,1,1.165,1.131,87,0
IWM190920P157,2019-09-18,2019-09-18 09:34:58,1.17,1.1359,10,1.16,1.1262,17,1.14,1.1067,1,1.165,1.131,87,0
IWM190920P157,2019-09-18,2019-09-18 09:34:58,1.17,1.1359,10,1.16,1.1262,112,1.14,1.1067,1,1.165,1.131,87,0
IWM190920P157,2019-09-18,2019-09-18 09:34:59,1.17,1.1359,1,1.16,1.1262,55,1.14,1.1067,1,1.165,1.131,87,0
IWM190920P157,2019-09-18,2019-09-18 09:34:59,1.17,1.1359,10,1.16,1.1262,17,1.14,1.1067,1,1.165,1.131,87,0
IWM190920P157,2019-09-18,2019-09-18 09:35:00,1.17,1.1359,1,1.16,1.1262,20,1.14,1.1067,1,1.165,1.131,87,0
IWM190920P157,2019-09-18,2019-09-18 09:35:00,1.17,1.1359,10,1.16,1.1262,17,1.14,1.1067,1,1.165,1.131,87,0
IWM190920P157,2019-09-18,2019-09-18 09:35:01,1.19,1.1553,60,1.17,1.1359,60,1.14,1.1067,1,1.18,1.1456,87,0
IWM190920P157,2019-09-18,2019-09-18 09:35:01,1.18,1.1456,3,1.17,1.1359,22,1.14,1.1067,1,1.175,1.1407,87,0
IWM190920P157,2019-09-18,2019-09-18 09:35:02,1.18,1.1456,9,1.17,1.1359,20,1.14,1.1067,1,1.175,1.1407,87,0
IWM190920P157,2019-09-18,2019-09-18 09:35:03,1.18,1.1456,39,1.16,1.1262,168,1.14,1.1067,1,1.17,1.1359,87,0
IWM190920P157,2019-09-18,2019-09-18 09:35:04,1.18,1.1456,9,1.16,1.1262,140,1.14,1.1067,1,1.17,1.1359,87,0
IWM190920P157,2019-09-18,2019-09-18 09:35:04,1.18,1.1456,29,1.16,1.1262,123,1.14,1.1067,1,1.17,1.1359,87,0
IWM190920P157,2019-09-18,2019-09-18 09:35:05,1.18,1.1456,9,1.17,1.1359,144,1.14,1.1067,1,1.175,1.1407,87,0
IWM190920P157,2019-09-18,2019-09-18 09:35:06,1.18,1.1456,9,1.17,1.1359,88,1.14,1.1067,1,1.175,1.1407,87,0
IWM190920P157,2019-09-18,2019-09-18 09:35:06,1.19,1.1553,17,1.18,1.1456,82,1.14,1.1067,1,1.185,1.1504,87,0
IWM190920P157,2019-09-18,2019-09-18 09:35:07,1.19,1.1553,17,1.18,1.1456,85,1.14,1.1067,1,1.185,1.1504,87,0
IWM190920P157,2019-09-18,2019-09-18 09:35:07,1.19,1.1553,119,1.16,1.1262,140,1.14,1.1067,1,1.175,1.1407,87,0
IWM190920P157,2019-09-18,2019-09-18 09:35:08,1.17,1.1359,8,1.16,1.1262,171,1.14,1.1067,1,1.165,1.131,87,0
IWM190920P157,2019-09-18,2019-09-18 09:35:08,1.17,1.1359,11,1.16,1.1262,148,1.14,1.1067,1,1.165,1.131,87,0
IWM190920P157,2019-09-18,2019-09-18 09:35:09,1.17,1.1359,11,1.16,1.1262,68,1.14,1.1067,1,1.165,1.131,87,0
IWM190920P157,2019-09-18,2019-09-18 09:35:09,1.17,1.1359,50,1.15,1.1165,205,1.14,1.1067,1,1.16,1.1262,87,0
IWM190920P157,2019-09-18,2019-09-18 09:35:10,1.16,1.1262,12,1.14,1.1067,23,1.14,1.1067,1,1.15,1.1165,87,0
IWM190920P157,2019-09-18,2019-09-18 09:35:10,1.15,1.1165,8,1.14,1.1067,23,1.14,1.1067,1,1.145,1.1116,87,0
IWM190920P157,2019-09-18,2019-09-18 09:35:11,1.16,1.1262,12,1.15,1.1165,27,1.14,1.1067,1,1.155,1.1213,87,0
IWM190920P157,2019-09-18,2019-09-18 09:35:11,1.16,1.1262,12,1.15,1.1165,23,1.14,1.1067,1,1.155,1.1213,87,0
IWM190920P157,2019-09-18,2019-09-18 09:35:12,1.16,1.1262,36,1.13,1.097,24,1.14,1.1067,1,1.145,1.1116,87,0
IWM190920P157,2019-09-18,2019-09-18 09:35:12,1.17,1.1359,72,1.15,1.1165,50,1.14,1.1067,1,1.16,1.1262,87,0
IWM190920P157,2019-09-18,2019-09-18 09:35:13,1.16,1.1262,54,1.14,1.1067,50,1.14,1.1067,1,1.15,1.1165,87,0
IWM190920P157,2019-09-18,2019-09-18 09:35:14,1.17,1.1359,101,1.14,1.1067,84,1.14,1.1067,1,1.155,1.1213,87,0
IWM190920P157,2019-09-18,2019-09-18 09:35:14,1.17,1.1359,101,1.14,1.1067,241,1.14,1.1067,1,1.155,1.1213,87,0
IWM190920P157,2019-09-18,2019-09-18 09:35:15,1.17,1.1359,58,1.14,1.1067,95,1.14,1.1067,1,1.155,1.1213,87,0
IWM190920P157,2019-09-18,2019-09-18 09:35:15,1.17,1.1359,101,1.14,1.1067,241,1.14,1.1067,1,1.155,1.1213,87,0
IWM190920P157,2019-09-18,2019-09-18 09:35:16,1.17,1.1359,106,1.14,1.1067,50,1.14,1.1067,1,1.155,1.1213,87,0
IWM190920P157,2019-09-18,2019-09-18 09:35:16,1.16,1.1262,38,1.14,1.1067,31,1.14,1.1067,1,1.15,1.1165,87,0
IWM190920P157,2019-09-18,2019-09-18 09:35:17,1.16,1.1262,20,1.14,1.1067,182,1.14,1.1067,1,1.15,1.1165,87,0
IWM190920P157,2019-09-18,2019-09-18 09:35:18,1.16,1.1262,19,1.14,1.1067,186,1.14,1.1067,1,1.15,1.1165,87,0
IWM190920P157,2019-09-18,2019-09-18 09:35:18,1.16,1.1262,38,1.14,1.1067,154,1.14,1.1067,1,1.15,1.1165,87,0
IWM190920P157,2019-09-18,2019-09-18 09:35:19,1.16,1.1262,38,1.14,1.1067,186,1.14,1.1067,1,1.15,1.1165,87,0
IWM190920P157,2019-09-18,2019-09-18 09:35:20,1.16,1.1262,19,1.14,1.1067,186,1.14,1.1067,1,1.15,1.1165,87,0
IWM190920P157,2019-09-18,2019-09-18 09:35:20,1.16,1.1262,38,1.14,1.1067,186,1.14,1.1067,1,1.15,1.1165,87,0
IWM190920P157,2019-09-18,2019-09-18 09:35:21,1.17,1.1359,17,1.15,1.1165,50,1.14,1.1067,1,1.16,1.1262,87,0
IWM190920P157,2019-09-18,2019-09-18 09:35:21,1.16,1.1262,19,1.14,1.1067,186,1.14,1.1067,1,1.15,1.1165,87,0
IWM190920P157,2019-09-18,2019-09-18 09:35:22,1.17,1.1359,17,1.15,1.1165,210,1.14,1.1067,1,1.16,1.1262,87,0
IWM190920P157,2019-09-18,2019-09-18 09:35:23,1.17,1.1359,17,1.15,1.1165,210,1.14,1.1067,1,1.16,1.1262,87,0
IWM190920P157,2019-09-18,2019-09-18 09:35:24,1.2,1.165,2,1.17,1.1359,51,1.14,1.1067,1,1.185,1.1504,87,0
IWM190920P157,2019-09-18,2019-09-18 09:35:24,1.2,1.165,12,1.17,1.1359,54,1.14,1.1067,1,1.185,1.1504,87,0
IWM190920P157,2019-09-18,2019-09-18 09:35:25,1.2,1.165,12,1.17,1.1359,194,1.14,1.1067,1,1.185,1.1504,87,0
IWM190920P157,2019-09-18,2019-09-18 09:35:25,1.2,1.165,12,1.17,1.1359,68,1.14,1.1067,1,1.185,1.1504,87,0
IWM190920P157,2019-09-18,2019-09-18 09:35:26,1.2,1.165,146,1.17,1.1359,169,1.14,1.1067,1,1.185,1.1504,87,0
IWM190920P157,2019-09-18,2019-09-18 09:35:26,1.2,1.165,12,1.18,1.1456,71,1.14,1.1067,1,1.19,1.1553,87,0
IWM190920P157,2019-09-18,2019-09-18 09:35:27,1.18,1.1456,1,1.17,1.1359,23,1.14,1.1067,1,1.175,1.1407,87,0
IWM190920P157,2019-09-18,2019-09-18 09:35:27,1.18,1.1456,19,1.16,1.1262,54,1.14,1.1067,1,1.17,1.1359,87,0
IWM190920P157,2019-09-18,2019-09-18 09:35:28,1.17,1.1359,37,1.15,1.1165,161,1.14,1.1067,1,1.16,1.1262,87,0
IWM190920P157,2019-09-18,2019-09-18 09:35:28,1.17,1.1359,17,1.15,1.1165,161,1.14,1.1067,1,1.16,1.1262,87,0
IWM190920P157,2019-09-18,2019-09-18 09:35:29,1.18,1.1456,27,1.16,1.1262,199,1.14,1.1067,1,1.17,1.1359,87,0
IWM190920P157,2019-09-18,2019-09-18 09:35:29,1.18,1.1456,64,1.16,1.1262,149,1.14,1.1067,1,1.17,1.1359,87,0
IWM190920P157,2019-09-18,2019-09-18 09:35:30,1.19,1.1553,53,1.17,1.1359,39,1.14,1.1067,1,1.18,1.1456,87,0
IWM190920P157,2019-09-18,2019-09-18 09:35:31,1.19,1.1553,96,1.17,1.1359,148,1.14,1.1067,1,1.18,1.1456,87,0
IWM190920P157,2019-09-18,2019-09-18 09:35:31,1.18,1.1456,48,1.16,1.1262,10,1.14,1.1067,1,1.17,1.1359,87,0
IWM190920P157,2019-09-18,2019-09-18 09:35:32,1.18,1.1456,36,1.16,1.1262,51,1.14,1.1067,1,1.17,1.1359,87,0
IWM190920P157,2019-09-18,2019-09-18 09:35:32,1.17,1.1359,1,1.15,1.1165,78,1.14,1.1067,1,1.16,1.1262,87,0
IWM190920P157,2019-09-18,2019-09-18 09:35:33,1.18,1.1456,2,1.16,1.1262,51,1.14,1.1067,1,1.17,1.1359,87,0
IWM190920P157,2019-09-18,2019-09-18 09:35:33,1.18,1.1456,36,1.16,1.1262,51,1.14,1.1067,1,1.17,1.1359,87,0
IWM190920P157,2019-09-18,2019-09-18 09:35:34,1.18,1.1456,2,1.16,1.1262,50,1.14,1.1067,1,1.17,1.1359,87,0
IWM190920P157,2019-09-18,2019-09-18 09:35:34,1.18,1.1456,2,1.16,1.1262,83,1.14,1.1067,1,1.17,1.1359,87,0
IWM190920P157,2019-09-18,2019-09-18 09:35:35,1.18,1.1456,26,1.16,1.1262,50,1.14,1.1067,1,1.17,1.1359,87,0
IWM190920P157,2019-09-18,2019-09-18 09:35:35,1.18,1.1456,2,1.16,1.1262,50,1.14,1.1067,1,1.17,1.1359,87,0
IWM190920P157,2019-09-18,2019-09-18 09:35:36,1.18,1.1456,2,1.16,1.1262,50,1.14,1.1067,1,1.17,1.1359,87,0
IWM190920P157,2019-09-18,2019-09-18 09:35:37,1.18,1.1456,2,1.16,1.1262,50,1.14,1.1067,1,1.17,1.1359,87,0
IWM190920P157,2019-09-18,2019-09-18 09:35:37,1.18,1.1456,2,1.16,1.1262,90,1.14,1.1067,1,1.17,1.1359,87,0
IWM190920P157,2019-09-18,2019-09-18 09:35:38,1.18,1.1456,2,1.16,1.1262,50,1.14,1.1067,1,1.17,1.1359,87,0
IWM190920P157,2019-09-18,2019-09-18 09:35:39,1.18,1.1456,46,1.16,1.1262,50,1.14,1.1067,1,1.17,1.1359,87,0
IWM190920P157,2019-09-18,2019-09-18 09:35:39,1.18,1.1456,97,1.15,1.1165,74,1.14,1.1067,1,1.165,1.131,87,0
IWM190920P157,2019-09-18,2019-09-18 09:35:40,1.16,1.1262,7,1.15,1.1165,27,1.14,1.1067,1,1.155,1.1213,87,0
IWM190920P157,2019-09-18,2019-09-18 09:35:40,1.17,1.1359,39,1.15,1.1165,48,1.14,1.1067,1,1.16,1.1262,87,0
IWM190920P157,2019-09-18,2019-09-18 09:35:41,1.17,1.1359,56,1.15,1.1165,108,1.14,1.1067,1,1.16,1.1262,87,0
IWM190920P157,2019-09-18,2019-09-18 09:35:41,1.17,1.1359,41,1.15,1.1165,50,1.14,1.1067,1,1.16,1.1262,87,0
IWM190920P157,2019-09-18,2019-09-18 09:35:42,1.15,1.1165,7,1.14,1.1067,10,1.14,1.1067,1,1.145,1.1116,87,0
IWM190920P157,2019-09-18,2019-09-18 09:35:42,1.17,1.1359,41,1.15,1.1165,116,1.14,1.1067,1,1.16,1.1262,87,0
IWM190920P157,2019-09-18,2019-09-18 09:35:43,1.15,1.1165,13,1.13,1.097,50,1.14,1.1067,1,1.14,1.1067,87,0
IWM190920P157,2019-09-18,2019-09-18 09:35:44,1.15,1.1165,13,1.13,1.097,190,1.14,1.1067,1,1.14,1.1067,87,0
IWM190920P157,2019-09-18,2019-09-18 09:35:44,1.15,1.1165,3,1.13,1.097,190,1.14,1.1067,1,1.14,1.1067,87,0
IWM190920P157,2019-09-18,2019-09-18 09:35:45,1.15,1.1165,3,1.13,1.097,180,1.14,1.1067,1,1.14,1.1067,87,0
IWM190920P157,2019-09-18,2019-09-18 09:35:46,1.15,1.1165,10,1.13,1.097,122,1.14,1.1067,1,1.14,1.1067,87,0
IWM190920P157,2019-09-18,2019-09-18 09:35:46,1.15,1.1165,3,1.14,1.1067,20,1.14,1.1067,1,1.145,1.1116,87,0
IWM190920P157,2019-09-18,2019-09-18 09:35:47,1.15,1.1165,10,1.13,1.097,160,1.14,1.1067,1,1.14,1.1067,87,0
IWM190920P157,2019-09-18,2019-09-18 09:35:47,1.15,1.1165,10,1.14,1.1067,70,1.14,1.1067,1,1.145,1.1116,87,0
IWM190920P157,2019-09-18,2019-09-18 09:35:48,1.17,1.1359,104,1.14,1.1067,110,1.14,1.1067,1,1.155,1.1213,87,0
IWM190920P157,2019-09-18,2019-09-18 09:35:48,1.17,1.1359,69,1.15,1.1165,20,1.14,1.1067,1,1.16,1.1262,87,0
IWM190920P157,2019-09-18,2019-09-18 09:35:49,1.17,1.1359,69,1.15,1.1165,147,1.14,1.1067,1,1.16,1.1262,87,0
IWM190920P157,2019-09-18,2019-09-18 09:35:49,1.17,1.1359,69,1.15,1.1165,10,1.14,1.1067,1,1.16,1.1262,87,0
IWM190920P157,2019-09-18,2019-09-18 09:35:50,1.17,1.1359,67,1.15,1.1165,20,1.14,1.1067,1,1.16,1.1262,87,0
IWM190920P157,2019-09-18,2019-09-18 09:35:50,1.17,1.1359,42,1.15,1.1165,20,1.14,1.1067,1,1.16,1.1262,87,0
IWM190920P157,2019-09-18,2019-09-18 09:35:51,1.17,1.1359,30,1.15,1.1165,135,1.14,1.1067,1,1.16,1.1262,87,0
IWM190920P157,2019-09-18,2019-09-18 09:35:51,1.17,1.1359,92,1.15,1.1165,20,1.14,1.1067,1,1.16,1.1262,87,0
IWM190920P157,2019-09-18,2019-09-18 09:35:52,1.17,1.1359,9,1.15,1.1165,76,1.14,1.1067,1,1.16,1.1262,87,0
IWM190920P157,2019-09-18,2019-09-18 09:35:52,1.17,1.1359,9,1.15,1.1165,25,1.14,1.1067,1,1.16,1.1262,87,0
IWM190920P157,2019-09-18,2019-09-18 09:35:53,1.17,1.1359,112,1.15,1.1165,20,1.14,1.1067,1,1.16,1.1262,87,0
IWM190920P157,2019-09-18,2019-09-18 09:35:53,1.17,1.1359,110,1.15,1.1165,76,1.14,1.1067,1,1.16,1.1262,87,0
IWM190920P157,2019-09-18,2019-09-18 09:35:54,1.17,1.1359,112,1.15,1.1165,20,1.14,1.1067,1,1.16,1.1262,87,0
IWM190920P157,2019-09-18,2019-09-18 09:35:55,1.15,1.1165,7,1.14,1.1067,90,1.14,1.1067,1,1.145,1.1116,87,0
IWM190920P157,2019-09-18,2019-09-18 09:35:55,1.15,1.1165,12,1.14,1.1067,19,1.14,1.1067,1,1.145,1.1116,87,0
IWM190920P157,2019-09-18,2019-09-18 09:35:56,1.16,1.1262,35,1.14,1.1067,50,1.14,1.1067,1,1.15,1.1165,87,0
IWM190920P157,2019-09-18,2019-09-18 09:35:56,1.16,1.1262,17,1.14,1.1067,244,1.14,1.1067,1,1.15,1.1165,87,0
IWM190920P157,2019-09-18,2019-09-18 09:35:57,1.16,1.1262,17,1.15,1.1165,19,1.14,1.1067,1,1.155,1.1213,87,0
IWM190920P157,2019-09-18,2019-09-18 09:35:58,1.18,1.1456,124,1.16,1.1262,42,1.14,1.1067,1,1.17,1.1359,87,0
IWM190920P157,2019-09-18,2019-09-18 09:35:58,1.18,1.1456,167,1.16,1.1262,42,1.14,1.1067,1,1.17,1.1359,87,0
IWM190920P157,2019-09-18,2019-09-18 09:35:59,1.17,1.1359,35,1.15,1.1165,36,1.14,1.1067,1,1.16,1.1262,87,0
IWM190920P157,2019-09-18,2019-09-18 09:35:59,1.17,1.1359,35,1.15,1.1165,125,1.14,1.1067,1,1.16,1.1262,87,0
IWM190920P157,2019-09-18,2019-09-18 09:36:00,1.18,1.1456,35,1.16,1.1262,99,1.14,1.1067,1,1.17,1.1359,87,0
IWM190920P157,2019-09-18,2019-09-18 09:36:00,1.18,1.1456,35,1.16,1.1262,48,1.14,1.1067,1,1.17,1.1359,87,0
IWM190920P157,2019-09-18,2019-09-18 09:36:01,1.16,1.1262,8,1.15,1.1165,110,1.14,1.1067,1,1.155,1.1213,87,0
IWM190920P157,2019-09-18,2019-09-18 09:36:01,1.17,1.1359,17,1.15,1.1165,191,1.14,1.1067,1,1.16,1.1262,87,0
IWM190920P157,2019-09-18,2019-09-18 09:36:02,1.18,1.1456,31,1.16,1.1262,51,1.14,1.1067,1,1.17,1.1359,87,0
IWM190920P157,2019-09-18,2019-09-18 09:36:02,1.17,1.1359,17,1.16,1.1262,71,1.14,1.1067,1,1.165,1.131,87,0
IWM190920P157,2019-09-18,2019-09-18 09:36:03,1.18,1.1456,17,1.16,1.1262,218,1.14,1.1067,1,1.17,1.1359,87,0
IWM190920P157,2019-09-18,2019-09-18 09:36:04,1.18,1.1456,28,1.16,1.1262,203,1.14,1.1067,1,1.17,1.1359,87,0
IWM190920P157,2019-09-18,2019-09-18 09:36:04,1.18,1.1456,48,1.16,1.1262,51,1.14,1.1067,1,1.17,1.1359,87,0
IWM190920P157,2019-09-18,2019-09-18 09:36:05,1.18,1.1456,33,1.16,1.1262,51,1.14,1.1067,1,1.17,1.1359,87,0
IWM190920P157,2019-09-18,2019-09-18 09:36:05,1.18,1.1456,28,1.16,1.1262,203,1.14,1.1067,1,1.17,1.1359,87,0
IWM190920P157,2019-09-18,2019-09-18 09:36:06,1.18,1.1456,17,1.16,1.1262,191,1.14,1.1067,1,1.17,1.1359,87,0
IWM190920P157,2019-09-18,2019-09-18 09:36:06,1.19,1.1553,36,1.17,1.1359,52,1.14,1.1067,1,1.18,1.1456,87,0
IWM190920P157,2019-09-18,2019-09-18 09:36:07,1.19,1.1553,109,1.17,1.1359,52,1.14,1.1067,1,1.18,1.1456,87,0
IWM190920P157,2019-09-18,2019-09-18 09:36:07,1.19,1.1553,93,1.17,1.1359,29,1.14,1.1067,1,1.18,1.1456,87,0
IWM190920P157,2019-09-18,2019-09-18 09:36:08,1.19,1.1553,143,1.17,1.1359,32,1.14,1.1067,1,1.18,1.1456,87,0
IWM190920P157,2019-09-18,2019-09-18 09:36:08,1.19,1.1553,93,1.17,1.1359,31,1.14,1.1067,1,1.18,1.1456,87,0
IWM190920P157,2019-09-18,2019-09-18 09:36:09,1.19,1.1553,143,1.17,1.1359,100,1.14,1.1067,1,1.18,1.1456,87,0
IWM190920P157,2019-09-18,2019-09-18 09:36:09,1.19,1.1553,143,1.17,1.1359,52,1.14,1.1067,1,1.18,1.1456,87,0
IWM190920P157,2019-09-18,2019-09-18 09:36:10,1.19,1.1553,143,1.17,1.1359,51,1.14,1.1067,1,1.18,1.1456,87,0
IWM190920P157,2019-09-18,2019-09-18 09:36:11,1.19,1.1553,143,1.17,1.1359,149,1.14,1.1067,1,1.18,1.1456,87,0
IWM190920P157,2019-09-18,2019-09-18 09:36:12,1.19,1.1553,42,1.17,1.1359,285,1.14,1.1067,1,1.18,1.1456,87,0
IWM190920P157,2019-09-18,2019-09-18 09:36:12,1.2,1.165,23,1.18,1.1456,68,1.14,1.1067,1,1.19,1.1553,87,0
IWM190920P157,2019-09-18,2019-09-18 09:36:13,1.19,1.1553,50,1.17,1.1359,171,1.14,1.1067,1,1.18,1.1456,87,0
IWM190920P157,2019-09-18,2019-09-18 09:36:14,1.19,1.1553,50,1.17,1.1359,162,1.14,1.1067,1,1.18,1.1456,87,0
IWM190920P157,2019-09-18,2019-09-18 09:36:14,1.19,1.1553,27,1.17,1.1359,207,1.14,1.1067,1,1.18,1.1456,87,0
IWM190920P157,2019-09-18,2019-09-18 09:36:15,1.18,1.1456,41,1.16,1.1262,10,1.14,1.1067,1,1.17,1.1359,87,0
IWM190920P157,2019-09-18,2019-09-18 09:36:15,1.18,1.1456,75,1.16,1.1262,105,1.14,1.1067,1,1.17,1.1359,87,0
IWM190920P157,2019-09-18,2019-09-18 09:36:16,1.17,1.1359,41,1.15,1.1165,171,1.14,1.1067,1,1.16,1.1262,87,0
IWM190920P157,2019-09-18,2019-09-18 09:36:16,1.17,1.1359,11,1.16,1.1262,64,1.14,1.1067,1,1.165,1.131,87,0
IWM190920P157,2019-09-18,2019-09-18 09:36:17,1.16,1.1262,46,1.15,1.1165,171,1.14,1.1067,1,1.155,1.1213,87,0
IWM190920P157,2019-09-18,2019-09-18 09:36:17,1.16,1.1262,46,1.14,1.1067,74,1.14,1.1067,1,1.15,1.1165,87,0
IWM190920P157,2019-09-18,2019-09-18 09:36:18,1.16,1.1262,35,1.14,1.1067,129,1.14,1.1067,1,1.15,1.1165,87,0
IWM190920P157,2019-09-18,2019-09-18 09:36:18,1.16,1.1262,35,1.13,1.097,195,1.14,1.1067,1,1.145,1.1116,87,0
IWM190920P157,2019-09-18,2019-09-18 09:36:19,1.16,1.1262,35,1.13,1.097,219,1.14,1.1067,1,1.145,1.1116,87,0
IWM190920P157,2019-09-18,2019-09-18 09:36:19,1.16,1.1262,35,1.13,1.097,295,1.14,1.1067,1,1.145,1.1116,87,0
IWM190920P157,2019-09-18,2019-09-18 09:36:20,1.16,1.1262,35,1.13,1.097,315,1.14,1.1067,1,1.145,1.1116,87,0
IWM190920P157,2019-09-18,2019-09-18 09:36:20,1.16,1.1262,35,1.13,1.097,295,1.14,1.1067,1,1.145,1.1116,87,0
IWM190920P157,2019-09-18,2019-09-18 09:36:21,1.16,1.1262,35,1.14,1.1067,217,1.14,1.1067,1,1.15,1.1165,87,0
IWM190920P157,2019-09-18,2019-09-18 09:36:21,1.16,1.1262,35,1.14,1.1067,196,1.14,1.1067,1,1.15,1.1165,87,0
IWM190920P157,2019-09-18,2019-09-18 09:36:22,1.14,1.1067,3,1.13,1.097,63,1.14,1.1067,1,1.135,1.1019,87,0
IWM190920P157,2019-09-18,2019-09-18 09:36:23,1.15,1.1165,31,1.13,1.097,63,1.14,1.1067,1,1.14,1.1067,87,0
IWM190920P157,2019-09-18,2019-09-18 09:36:23,1.15,1.1165,28,1.13,1.097,63,1.14,1.1067,1,1.14,1.1067,87,0
IWM190920P157,2019-09-18,2019-09-18 09:36:24,1.14,1.1067,40,1.12,1.0873,219,1.14,1.1067,1,1.13,1.097,87,0
IWM190920P157,2019-09-18,2019-09-18 09:36:24,1.14,1.1067,102,1.12,1.0873,36,1.14,1.1067,1,1.13,1.097,87,0
IWM190920P157,2019-09-18,2019-09-18 09:36:25,1.11,1.0776,10,1.1,1.0679,34,1.14,1.1067,1,1.105,1.0728,87,0
IWM190920P157,2019-09-18,2019-09-18 09:36:25,1.13,1.097,27,1.1,1.0679,29,1.14,1.1067,1,1.115,1.0825,87,0
IWM190920P157,2019-09-18,2019-09-18 09:36:26,1.12,1.0873,36,1.1,1.0679,69,1.14,1.1067,1,1.11,1.0776,87,0
IWM190920P157,2019-09-18,2019-09-18 09:36:26,1.12,1.0873,52,1.1,1.0679,325,1.14,1.1067,1,1.11,1.0776,87,0
IWM190920P157,2019-09-18,2019-09-18 09:36:27,1.12,1.0873,10,1.1,1.0679,248,1.14,1.1067,1,1.11,1.0776,87,0
IWM190920P157,2019-09-18,2019-09-18 09:36:27,1.12,1.0873,10,1.1,1.0679,111,1.14,1.1067,1,1.11,1.0776,87,0
IWM190920P157,2019-09-18,2019-09-18 09:36:28,1.13,1.097,157,1.1,1.0679,304,1.14,1.1067,1,1.115,1.0825,87,0
IWM190920P157,2019-09-18,2019-09-18 09:36:28,1.12,1.0873,7,1.1,1.0679,294,1.14,1.1067,1,1.11,1.0776,87,0
IWM190920P157,2019-09-18,2019-09-18 09:36:29,1.12,1.0873,7,1.1,1.0679,93,1.14,1.1067,1,1.11,1.0776,87,0
IWM190920P157,2019-09-18,2019-09-18 09:36:29,1.12,1.0873,7,1.1,1.0679,274,1.14,1.1067,1,1.11,1.0776,87,0
IWM190920P157,2019-09-18,2019-09-18 09:36:30,1.12,1.0873,7,1.1,1.0679,274,1.14,1.1067,1,1.11,1.0776,87,0
IWM190920P157,2019-09-18,2019-09-18 09:36:31,1.13,1.097,53,1.11,1.0776,56,1.14,1.1067,1,1.12,1.0873,87,0
IWM190920P157,2019-09-18,2019-09-18 09:36:31,1.14,1.1067,130,1.12,1.0873,117,1.14,1.1067,1,1.13,1.097,87,0
IWM190920P157,2019-09-18,2019-09-18 09:36:32,1.13,1.097,49,1.11,1.0776,56,1.14,1.1067,1,1.12,1.0873,87,0
IWM190920P157,2019-09-18,2019-09-18 09:36:32,1.14,1.1067,130,1.12,1.0873,63,1.14,1.1067,1,1.13,1.097,87,0
IWM190920P157,2019-09-18,2019-09-18 09:36:33,1.13,1.097,21,1.1,1.0679,324,1.14,1.1067,1,1.115,1.0825,87,0
IWM190920P157,2019-09-18,2019-09-18 09:36:33,1.13,1.097,17,1.11,1.0776,102,1.14,1.1067,1,1.12,1.0873,87,0
IWM190920P157,2019-09-18,2019-09-18 09:36:34,1.14,1.1067,39,1.12,1.0873,56,1.14,1.1067,1,1.13,1.097,87,0
IWM190920P157,2019-09-18,2019-09-18 09:36:34,1.13,1.097,8,1.12,1.0873,50,1.14,1.1067,1,1.125,1.0922,87,0
IWM190920P157,2019-09-18,2019-09-18 09:36:35,1.13,1.097,8,1.11,1.0776,317,1.14,1.1067,1,1.12,1.0873,87,0
IWM190920P157,2019-09-18,2019-09-18 09:36:35,1.13,1.097,8,1.11,1.0776,235,1.14,1.1067,1,1.12,1.0873,87,0
IWM190920P157,2019-09-18,2019-09-18 09:36:36,1.13,1.097,8,1.11,1.0776,317,1.14,1.1067,1,1.12,1.0873,87,0
IWM190920P157,2019-09-18,2019-09-18 09:36:36,1.13,1.097,8,1.12,1.0873,30,1.14,1.1067,1,1.125,1.0922,87,0
IWM190920P157,2019-09-18,2019-09-18 09:36:37,1.14,1.1067,122,1.12,1.0873,35,1.14,1.1067,1,1.13,1.097,87,0
IWM190920P157,2019-09-18,2019-09-18 09:36:37,1.13,1.097,8,1.12,1.0873,147,1.14,1.1067,1,1.125,1.0922,87,0
IWM190920P157,2019-09-18,2019-09-18 09:36:38,1.14,1.1067,115,1.12,1.0873,35,1.14,1.1067,1,1.13,1.097,87,0
IWM190920P157,2019-09-18,2019-09-18 09:36:39,1.14,1.1067,115,1.12,1.0873,116,1.14,1.1067,1,1.13,1.097,87,0
IWM190920P157,2019-09-18,2019-09-18 09:36:39,1.14,1.1067,115,1.13,1.097,17,1.14,1.1067,1,1.135,1.1019,87,0
IWM190920P157,2019-09-18,2019-09-18 09:36:40,1.15,1.1165,166,1.13,1.097,139,1.14,1.1067,1,1.14,1.1067,87,0
IWM190920P157,2019-09-18,2019-09-18 09:36:40,1.15,1.1165,117,1.13,1.097,169,1.14,1.1067,1,1.14,1.1067,87,0
IWM190920P157,2019-09-18,2019-09-18 09:36:41,1.15,1.1165,39,1.13,1.097,201,1.14,1.1067,1,1.14,1.1067,87,0
IWM190920P157,2019-09-18,2019-09-18 09:36:41,1.15,1.1165,135,1.13,1.097,139,1.14,1.1067,1,1.14,1.1067,87,0
IWM190920P157,2019-09-18,2019-09-18 09:36:42,1.16,1.1262,130,1.14,1.1067,73,1.14,1.1067,1,1.15,1.1165,87,0
IWM190920P157,2019-09-18,2019-09-18 09:36:42,1.16,1.1262,53,1.14,1.1067,57,1.14,1.1067,1,1.15,1.1165,87,0
IWM190920P157,2019-09-18,2019-09-18 09:36:43,1.16,1.1262,130,1.14,1.1067,26,1.14,1.1067,1,1.15,1.1165,87,0
IWM190920P157,2019-09-18,2019-09-18 09:36:44,1.14,1.1067,29,1.13,1.097,20,1.14,1.1067,10,1.135,1.1019,97,0
IWM190920P157,2019-09-18,2019-09-18 09:36:44,1.14,1.1067,38,1.12,1.0873,64,1.14,1.1067,10,1.13,1.097,97,10
IWM190920P157,2019-09-18,2019-09-18 09:36:45,1.14,1.1067,29,1.13,1.097,20,1.14,1.1067,10,1.135,1.1019,97,0
IWM190920P157,2019-09-18,2019-09-18 09:36:45,1.14,1.1067,29,1.12,1.0873,96,1.14,1.1067,10,1.13,1.097,97,0
IWM190920P157,2019-09-18,2019-09-18 09:36:46,1.14,1.1067,9,1.12,1.0873,513,1.14,1.1067,10,1.13,1.097,97,0
IWM190920P157,2019-09-18,2019-09-18 09:36:46,1.14,1.1067,9,1.12,1.0873,566,1.14,1.1067,10,1.13,1.097,97,0
IWM190920P157,2019-09-18,2019-09-18 09:36:47,1.14,1.1067,9,1.13,1.097,32,1.14,1.1067,10,1.135,1.1019,97,0
IWM190920P157,2019-09-18,2019-09-18 09:36:47,1.16,1.1262,17,1.14,1.1067,172,1.14,1.1067,10,1.15,1.1165,97,0
IWM190920P157,2019-09-18,2019-09-18 09:36:48,1.16,1.1262,120,1.14,1.1067,20,1.14,1.1067,10,1.15,1.1165,97,0
IWM190920P157,2019-09-18,2019-09-18 09:36:48,1.16,1.1262,147,1.14,1.1067,20,1.14,1.1067,10,1.15,1.1165,97,0
IWM190920P157,2019-09-18,2019-09-18 09:36:49,1.16,1.1262,179,1.13,1.097,302,1.14,1.1067,10,1.145,1.1116,97,0
IWM190920P157,2019-09-18,2019-09-18 09:36:50,1.15,1.1165,79,1.13,1.097,162,1.14,1.1067,10,1.14,1.1067,97,0
IWM190920P157,2019-09-18,2019-09-18 09:36:50,1.15,1.1165,43,1.13,1.097,302,1.14,1.1067,10,1.14,1.1067,97,0
IWM190920P157,2019-09-18,2019-09-18 09:36:51,1.16,1.1262,42,1.14,1.1067,313,1.14,1.1067,10,1.15,1.1165,97,0
IWM190920P157,2019-09-18,2019-09-18 09:36:51,1.17,1.1359,10,1.14,1.1067,16,1.14,1.1067,10,1.155,1.1213,97,0
IWM190920P157,2019-09-18,2019-09-18 09:36:52,1.17,1.1359,48,1.15,1.1165,59,1.14,1.1067,10,1.16,1.1262,97,0
IWM190920P157,2019-09-18,2019-09-18 09:36:52,1.17,1.1359,53,1.15,1.1165,84,1.14,1.1067,10,1.16,1.1262,97,0
IWM190920P157,2019-09-18,2019-09-18 09:36:53,1.17,1.1359,27,1.16,1.1262,1,1.16,1.1262,10,1.165,1.131,107,10
IWM190920P157,2019-09-18,2019-09-18 09:36:53,1.17,1.1359,21,1.15,1.1165,586,1.14,1.1067,10,1.16,1.1262,97,0
IWM190920P157,2019-09-18,2019-09-18 09:36:54,1.17,1.1359,104,1.15,1.1165,56,1.16,1.1262,10,1.16,1.1262,107,0
IWM190920P157,2019-09-18,2019-09-18 09:36:54,1.18,1.1456,54,1.15,1.1165,238,1.16,1.1262,10,1.165,1.131,107,0
IWM190920P157,2019-09-18,2019-09-18 09:36:55,1.18,1.1456,69,1.16,1.1262,59,1.16,1.1262,10,1.17,1.1359,107,0
IWM190920P157,2019-09-18,2019-09-18 09:36:55,1.18,1.1456,125,1.16,1.1262,29,1.16,1.1262,10,1.17,1.1359,107,0
IWM190920P157,2019-09-18,2019-09-18 09:36:56,1.18,1.1456,125,1.16,1.1262,68,1.16,1.1262,10,1.17,1.1359,107,0
IWM190920P157,2019-09-18,2019-09-18 09:36:56,1.18,1.1456,125,1.16,1.1262,85,1.16,1.1262,10,1.17,1.1359,107,0
IWM190920P157,2019-09-18,2019-09-18 09:36:57,1.18,1.1456,125,1.16,1.1262,121,1.16,1.1262,10,1.17,1.1359,107,0
IWM190920P157,2019-09-18,2019-09-18 09:36:58,1.18,1.1456,163,1.16,1.1262,164,1.16,1.1262,10,1.17,1.1359,107,0
IWM190920P157,2019-09-18,2019-09-18 09:36:59,1.16,1.1262,14,1.15,1.1165,20,1.16,1.1262,10,1.155,1.1213,107,0
IWM190920P157,2019-09-18,2019-09-18 09:36:59,1.18,1.1456,163,1.16,1.1262,52,1.16,1.1262,10,1.17,1.1359,107,0
IWM190920P157,2019-09-18,2019-09-18 09:37:00,1.18,1.1456,36,1.16,1.1262,56,1.16,1.1262,10,1.17,1.1359,107,0
IWM190920P157,2019-09-18,2019-09-18 09:37:00,1.16,1.1262,14,1.14,1.1067,569,1.16,1.1262,10,1.15,1.1165,107,0
IWM190920P157,2019-09-18,2019-09-18 09:37:01,1.18,1.1456,11,1.17,1.1359,24,1.16,1.1262,10,1.175,1.1407,107,0
IWM190920P157,2019-09-18,2019-09-18 09:37:01,1.18,1.1456,17,1.16,1.1262,305,1.16,1.1262,10,1.17,1.1359,107,0
IWM190920P157,2019-09-18,2019-09-18 09:37:02,1.18,1.1456,11,1.16,1.1262,407,1.16,1.1262,10,1.17,1.1359,107,0
IWM190920P157,2019-09-18,2019-09-18 09:37:03,1.19,1.1553,48,1.17,1.1359,122,1.16,1.1262,10,1.18,1.1456,107,0
IWM190920P157,2019-09-18,2019-09-18 09:37:03,1.19,1.1553,22,1.17,1.1359,61,1.16,1.1262,10,1.18,1.1456,107,0
IWM190920P157,2019-09-18,2019-09-18 09:37:04,1.18,1.1456,6,1.18,1.1456,63,1.16,1.1262,10,1.18,1.1456,107,0
IWM190920P157,2019-09-18,2019-09-18 09:37:04,1.2,1.165,49,1.18,1.1456,66,1.16,1.1262,10,1.19,1.1553,107,0
IWM190920P157,2019-09-18,2019-09-18 09:37:05,1.18,1.1456,6,1.17,1.1359,178,1.16,1.1262,10,1.175,1.1407,107,0
IWM190920P157,2019-09-18,2019-09-18 09:37:05,1.19,1.1553,81,1.17,1.1359,16,1.16,1.1262,10,1.18,1.1456,107,0
IWM190920P157,2019-09-18,2019-09-18 09:37:06,1.19,1.1553,39,1.17,1.1359,95,1.16,1.1262,10,1.18,1.1456,107,0
IWM190920P157,2019-09-18,2019-09-18 09:37:06,1.19,1.1553,90,1.17,1.1359,45,1.16,1.1262,10,1.18,1.1456,107,0
IWM190920P157,2019-09-18,2019-09-18 09:37:07,1.19,1.1553,114,1.17,1.1359,24,1.16,1.1262,10,1.18,1.1456,107,0
IWM190920P157,2019-09-18,2019-09-18 09:37:07,1.19,1.1553,114,1.17,1.1359,14,1.16,1.1262,10,1.18,1.1456,107,0
IWM190920P157,2019-09-18,2019-09-18 09:37:08,1.18,1.1456,69,1.16,1.1262,47,1.16,1.1262,10,1.17,1.1359,107,0
IWM190920P157,2019-09-18,2019-09-18 09:37:08,1.18,1.1456,143,1.16,1.1262,19,1.16,1.1262,10,1.17,1.1359,107,0
IWM190920P157,2019-09-18,2019-09-18 09:37:09,1.18,1.1456,70,1.16,1.1262,79,1.16,1.1262,10,1.17,1.1359,107,0
IWM190920P157,2019-09-18,2019-09-18 09:37:09,1.17,1.1359,30,1.15,1.1165,81,1.16,1.1262,10,1.16,1.1262,107,0
IWM190920P157,2019-09-18,2019-09-18 09:37:10,1.17,1.1359,17,1.15,1.1165,205,1.16,1.1262,10,1.16,1.1262,107,0
IWM190920P157,2019-09-18,2019-09-18 09:37:11,1.17,1.1359,17,1.16,1.1262,38,1.16,1.1262,10,1.165,1.131,107,0
IWM190920P157,2019-09-18,2019-09-18 09:37:11,1.17,1.1359,17,1.15,1.1165,225,1.16,1.1262,10,1.16,1.1262,107,0
IWM190920P157,2019-09-18,2019-09-18 09:37:12,1.17,1.1359,17,1.16,1.1262,90,1.16,1.1262,10,1.165,1.131,107,0
IWM190920P157,2019-09-18,2019-09-18 09:37:12,1.17,1.1359,17,1.16,1.1262,116,1.16,1.1262,10,1.165,1.131,107,0
IWM190920P157,2019-09-18,2019-09-18 09:37:13,1.17,1.1359,17,1.16,1.1262,38,1.16,1.1262,10,1.165,1.131,107,0
IWM190920P157,2019-09-18,2019-09-18 09:37:13,1.17,1.1359,17,1.16,1.1262,29,1.16,1.1262,10,1.165,1.131,107,0
IWM190920P157,2019-09-18,2019-09-18 09:37:14,1.18,1.1456,39,1.16,1.1262,132,1.16,1.1262,10,1.17,1.1359,107,0
IWM190920P157,2019-09-18,2019-09-18 09:37:14,1.17,1.1359,17,1.16,1.1262,121,1.16,1.1262,10,1.165,1.131,107,0
IWM190920P157,2019-09-18,2019-09-18 09:37:15,1.18,1.1456,39,1.16,1.1262,121,1.16,1.1262,10,1.17,1.1359,107,0
IWM190920P157,2019-09-18,2019-09-18 09:37:15,1.17,1.1359,9,1.15,1.1165,208,1.16,1.1262,10,1.16,1.1262,107,0
IWM190920P157,2019-09-18,2019-09-18 09:37:16,1.17,1.1359,9,1.15,1.1165,63,1.16,1.1262,10,1.16,1.1262,107,0
IWM190920P157,2019-09-18,2019-09-18 09:37:16,1.17,1.1359,58,1.15,1.1165,82,1.16,1.1262,10,1.16,1.1262,107,0
IWM190920P157,2019-09-18,2019-09-18 09:37:17,1.17,1.1359,58,1.16,1.1262,63,1.16,1.1262,10,1.165,1.131,107,0
IWM190920P157,2019-09-18,2019-09-18 09:37:18,1.17,1.1359,58,1.16,1.1262,116,1.16,1.1262,10,1.165,1.131,107,0
IWM190920P157,2019-09-18,2019-09-18 09:37:18,1.19,1.1553,63,1.17,1.1359,45,1.16,1.1262,10,1.18,1.1456,107,0
IWM190920P157,2019-09-18,2019-09-18 09:37:19,1.19,1.1553,63,1.16,1.1262,205,1.16,1.1262,10,1.175,1.1407,107,0
IWM190920P157,2019-09-18,2019-09-18 09:37:19,1.17,1.1359,29,1.15,1.1165,241,1.16,1.1262,10,1.16,1.1262,107,0
IWM190920P157,2019-09-18,2019-09-18 09:37:20,1.17,1.1359,1,1.15,1.1165,83,1.16,1.1262,10,1.16,1.1262,107,0
IWM190920P157,2019-09-18,2019-09-18 09:37:20,1.17,1.1359,11,1.17,1.1359,3,1.17,1.1359,19,1.17,1.1359,185,78
IWM190920P157,2019-09-18,2019-09-18 09:37:21,1.18,1.1456,36,1.17,1.1359,16,1.17,1.1359,19,1.175,1.1407,185,0
IWM190920P157,2019-09-18,2019-09-18 09:37:22,1.18,1.1456,36,1.17,1.1359,16,1.17,1.1359,19,1.175,1.1407,185,0
IWM190920P157,2019-09-18,2019-09-18 09:37:22,1.19,1.1553,98,1.16,1.1262,68,1.17,1.1359,19,1.175,1.1407,185,0
IWM190920P157,2019-09-18,2019-09-18 09:37:23,1.18,1.1456,8,1.16,1.1262,68,1.17,1.1359,19,1.17,1.1359,185,0
IWM190920P157,2019-09-18,2019-09-18 09:37:23,1.18,1.1456,8,1.16,1.1262,133,1.17,1.1359,19,1.17,1.1359,185,0
IWM190920P157,2019-09-18,2019-09-18 09:37:24,1.18,1.1456,8,1.16,1.1262,133,1.17,1.1359,19,1.17,1.1359,185,0
IWM190920P157,2019-09-18,2019-09-18 09:37:25,1.18,1.1456,39,1.16,1.1262,49,1.17,1.1359,19,1.17,1.1359,185,0
IWM190920P157,2019-09-18,2019-09-18 09:37:25,1.18,1.1456,8,1.16,1.1262,133,1.17,1.1359,19,1.17,1.1359,185,0
IWM190920P157,2019-09-18,2019-09-18 09:37:26,1.18,1.1456,54,1.16,1.1262,49,1.17,1.1359,19,1.17,1.1359,185,0
IWM190920P157,2019-09-18,2019-09-18 09:37:27,1.18,1.1456,61,1.15,1.1165,235,1.17,1.1359,19,1.165,1.131,185,0
IWM190920P157,2019-09-18,2019-09-18 09:37:27,1.18,1.1456,61,1.15,1.1165,241,1.17,1.1359,19,1.165,1.131,185,0
IWM190920P157,2019-09-18,2019-09-18 09:37:28,1.18,1.1456,61,1.16,1.1262,40,1.17,1.1359,19,1.17,1.1359,185,0
IWM190920P157,2019-09-18,2019-09-18 09:37:28,1.18,1.1456,61,1.15,1.1165,235,1.17,1.1359,19,1.165,1.131,185,0
IWM190920P157,2019-09-18,2019-09-18 09:37:29,1.17,1.1359,30,1.15,1.1165,235,1.17,1.1359,19,1.16,1.1262,185,0
IWM190920P157,2019-09-18,2019-09-18 09:37:29,1.15,1.1165,13,1.13,1.097,107,1.17,1.1359,19,1.14,1.1067,185,0
IWM190920P157,2019-09-18,2019-09-18 09:37:30,1.15,1.1165,38,1.13,1.097,107,1.17,1.1359,19,1.14,1.1067,185,0
IWM190920P157,2019-09-18,2019-09-18 09:37:30,1.16,1.1262,48,1.13,1.097,107,1.17,1.1359,19,1.145,1.1116,185,0
IWM190920P157,2019-09-18,2019-09-18 09:37:31,1.15,1.1165,13,1.13,1.097,36,1.17,1.1359,19,1.14,1.1067,185,0
IWM190920P157,2019-09-18,2019-09-18 09:37:31,1.16,1.1262,48,1.13,1.097,161,1.17,1.1359,19,1.145,1.1116,185,0
IWM190920P157,2019-09-18,2019-09-18 09:37:32,1.14,1.1067,19,1.13,1.097,16,1.17,1.1359,19,1.135,1.1019,185,0
IWM190920P157,2019-09-18,2019-09-18 09:37:32,1.15,1.1165,45,1.13,1.097,36,1.17,1.1359,19,1.14,1.1067,185,0
IWM190920P157,2019-09-18,2019-09-18 09:37:33,1.14,1.1067,55,1.12,1.0873,40,1.17,1.1359,19,1.13,1.097,185,0
IWM190920P157,2019-09-18,2019-09-18 09:37:33,1.14,1.1067,26,1.12,1.0873,36,1.17,1.1359,19,1.13,1.097,185,0
IWM190920P157,2019-09-18,2019-09-18 09:37:34,1.14,1.1067,55,1.12,1.0873,40,1.17,1.1359,19,1.13,1.097,185,0
IWM190920P157,2019-09-18,2019-09-18 09:37:34,1.14,1.1067,56,1.12,1.0873,42,1.17,1.1359,19,1.13,1.097,185,0
IWM190920P157,2019-09-18,2019-09-18 09:37:35,1.14,1.1067,56,1.12,1.0873,42,1.17,1.1359,19,1.13,1.097,185,0
IWM190920P157,2019-09-18,2019-09-18 09:37:36,1.13,1.097,28,1.11,1.0776,36,1.17,1.1359,19,1.12,1.0873,185,0
IWM190920P157,2019-09-18,2019-09-18 09:37:36,1.14,1.1067,56,1.12,1.0873,44,1.17,1.1359,19,1.13,1.097,185,0
IWM190920P157,2019-09-18,2019-09-18 09:37:37,1.13,1.097,28,1.11,1.0776,55,1.17,1.1359,19,1.12,1.0873,185,0
IWM190920P157,2019-09-18,2019-09-18 09:37:37,1.13,1.097,28,1.11,1.0776,65,1.17,1.1359,19,1.12,1.0873,185,0
IWM190920P157,2019-09-18,2019-09-18 09:37:38,1.13,1.097,28,1.11,1.0776,66,1.17,1.1359,19,1.12,1.0873,185,0
IWM190920P157,2019-09-18,2019-09-18 09:37:39,1.13,1.097,28,1.11,1.0776,55,1.17,1.1359,19,1.12,1.0873,185,0
IWM190920P157,2019-09-18,2019-09-18 09:37:40,1.13,1.097,28,1.11,1.0776,55,1.17,1.1359,19,1.12,1.0873,185,0
IWM190920P157,2019-09-18,2019-09-18 09:37:41,1.13,1.097,28,1.11,1.0776,55,1.17,1.1359,19,1.12,1.0873,185,0
IWM190920P157,2019-09-18,2019-09-18 09:37:41,1.13,1.097,28,1.11,1.0776,151,1.17,1.1359,19,1.12,1.0873,185,0
IWM190920P157,2019-09-18,2019-09-18 09:37:42,1.13,1.097,28,1.11,1.0776,141,1.17,1.1359,19,1.12,1.0873,185,0
IWM190920P157,2019-09-18,2019-09-18 09:37:42,1.13,1.097,28,1.11,1.0776,243,1.17,1.1359,19,1.12,1.0873,185,0
IWM190920P157,2019-09-18,2019-09-18 09:37:43,1.13,1.097,36,1.11,1.0776,79,1.17,1.1359,19,1.12,1.0873,185,0
IWM190920P157,2019-09-18,2019-09-18 09:37:44,1.13,1.097,9,1.11,1.0776,231,1.17,1.1359,19,1.12,1.0873,185,0
IWM190920P157,2019-09-18,2019-09-18 09:37:44,1.13,1.097,36,1.11,1.0776,79,1.17,1.1359,19,1.12,1.0873,185,0
IWM190920P157,2019-09-18,2019-09-18 09:37:45,1.13,1.097,9,1.11,1.0776,242,1.17,1.1359,19,1.12,1.0873,185,0
IWM190920P157,2019-09-18,2019-09-18 09:37:45,1.13,1.097,9,1.11,1.0776,251,1.17,1.1359,19,1.12,1.0873,185,0
IWM190920P157,2019-09-18,2019-09-18 09:37:46,1.14,1.1067,17,1.12,1.0873,294,1.17,1.1359,19,1.13,1.097,185,0
IWM190920P157,2019-09-18,2019-09-18 09:37:46,1.14,1.1067,17,1.12,1.0873,274,1.17,1.1359,19,1.13,1.097,185,0
IWM190920P157,2019-09-18,2019-09-18 09:37:47,1.14,1.1067,17,1.12,1.0873,321,1.17,1.1359,19,1.13,1.097,185,0
IWM190920P157,2019-09-18,2019-09-18 09:37:48,1.14,1.1067,17,1.12,1.0873,321,1.17,1.1359,19,1.13,1.097,185,0
IWM190920P157,2019-09-18,2019-09-18 09:37:49,1.14,1.1067,17,1.13,1.097,1,1.13,1.097,3,1.135,1.1019,188,0
IWM190920P157,2019-09-18,2019-09-18 09:37:49,1.14,1.1067,17,1.12,1.0873,321,1.13,1.097,3,1.13,1.097,188,3
IWM190920P157,2019-09-18,2019-09-18 09:37:50,1.14,1.1067,94,1.12,1.0873,66,1.13,1.097,3,1.13,1.097,188,0
IWM190920P157,2019-09-18,2019-09-18 09:37:50,1.14,1.1067,94,1.12,1.0873,24,1.13,1.097,2,1.13,1.097,190,2
IWM190920P157,2019-09-18,2019-09-18 09:37:51,1.14,1.1067,25,1.12,1.0873,47,1.13,1.097,2,1.13,1.097,190,0
IWM190920P157,2019-09-18,2019-09-18 09:37:52,1.14,1.1067,25,1.12,1.0873,47,1.13,1.097,2,1.13,1.097,190,0
IWM190920P157,2019-09-18,2019-09-18 09:37:52,1.14,1.1067,25,1.12,1.0873,348,1.13,1.097,2,1.13,1.097,190,0
IWM190920P157,2019-09-18,2019-09-18 09:37:53,1.14,1.1067,25,1.12,1.0873,192,1.13,1.097,2,1.13,1.097,190,0
IWM190920P157,2019-09-18,2019-09-18 09:37:54,1.14,1.1067,69,1.12,1.0873,20,1.13,1.097,2,1.13,1.097,190,0
IWM190920P157,2019-09-18,2019-09-18 09:37:54,1.14,1.1067,90,1.12,1.0873,20,1.13,1.097,2,1.13,1.097,190,0
IWM190920P157,2019-09-18,2019-09-18 09:37:55,1.14,1.1067,90,1.12,1.0873,20,1.13,1.097,2,1.13,1.097,190,0
IWM190920P157,2019-09-18,2019-09-18 09:37:56,1.14,1.1067,17,1.12,1.0873,420,1.13,1.097,2,1.13,1.097,190,0
IWM190920P157,2019-09-18,2019-09-18 09:37:56,1.15,1.1165,40,1.14,1.1067,16,1.13,1.097,2,1.145,1.1116,190,0
IWM190920P157,2019-09-18,2019-09-18 09:37:57,1.15,1.1165,40,1.13,1.097,66,1.13,1.097,2,1.14,1.1067,190,0
IWM190920P157,2019-09-18,2019-09-18 09:37:58,1.15,1.1165,40,1.13,1.097,66,1.13,1.097,2,1.14,1.1067,190,0
IWM190920P157,2019-09-18,2019-09-18 09:37:58,1.15,1.1165,23,1.13,1.097,242,1.13,1.097,2,1.14,1.1067,190,0
IWM190920P157,2019-09-18,2019-09-18 09:37:59,1.15,1.1165,23,1.14,1.1067,16,1.13,1.097,2,1.145,1.1116,190,0
IWM190920P157,2019-09-18,2019-09-18 09:38:00,1.15,1.1165,65,1.14,1.1067,16,1.13,1.097,2,1.145,1.1116,190,0
IWM190920P157,2019-09-18,2019-09-18 09:38:00,1.15,1.1165,21,1.14,1.1067,16,1.13,1.097,2,1.145,1.1116,190,0
IWM190920P157,2019-09-18,2019-09-18 09:38:01,1.14,1.1067,37,1.12,1.0873,65,1.13,1.097,2,1.13,1.097,190,0
IWM190920P157,2019-09-18,2019-09-18 09:38:02,1.15,1.1165,48,1.14,1.1067,13,1.13,1.097,2,1.145,1.1116,190,0
IWM190920P157,2019-09-18,2019-09-18 09:38:02,1.14,1.1067,51,1.12,1.0873,65,1.13,1.097,2,1.13,1.097,190,0
IWM190920P157,2019-09-18,2019-09-18 09:38:03,1.14,1.1067,51,1.12,1.0873,89,1.13,1.097,2,1.13,1.097,190,0
IWM190920P157,2019-09-18,2019-09-18 09:38:04,1.14,1.1067,74,1.12,1.0873,46,1.13,1.097,2,1.13,1.097,190,0
IWM190920P157,2019-09-18,2019-09-18 09:38:04,1.13,1.097,26,1.12,1.0873,41,1.13,1.097,2,1.125,1.0922,190,0
IWM190920P157,2019-09-18,2019-09-18 09:38:05,1.13,1.097,56,1.11,1.0776,22,1.13,1.097,2,1.12,1.0873,190,0
IWM190920P157,2019-09-18,2019-09-18 09:38:06,1.13,1.097,57,1.11,1.0776,43,1.13,1.097,2,1.12,1.0873,190,0
IWM190920P157,2019-09-18,2019-09-18 09:38:07,1.13,1.097,57,1.11,1.0776,43,1.13,1.097,2,1.12,1.0873,190,0
IWM190920P157,2019-09-18,2019-09-18 09:38:08,1.13,1.097,43,1.11,1.0776,43,1.13,1.097,2,1.12,1.0873,190,0
IWM190920P157,2019-09-18,2019-09-18 09:38:08,1.13,1.097,81,1.11,1.0776,43,1.13,1.097,2,1.12,1.0873,190,0
IWM190920P157,2019-09-18,2019-09-18 09:38:09,1.13,1.097,57,1.11,1.0776,62,1.13,1.097,2,1.12,1.0873,190,0
IWM190920P157,2019-09-18,2019-09-18 09:38:09,1.13,1.097,57,1.11,1.0776,43,1.13,1.097,2,1.12,1.0873,190,0
IWM190920P157,2019-09-18,2019-09-18 09:38:10,1.13,1.097,11,1.11,1.0776,141,1.13,1.097,2,1.12,1.0873,190,0
IWM190920P157,2019-09-18,2019-09-18 09:38:10,1.13,1.097,57,1.11,1.0776,62,1.13,1.097,2,1.12,1.0873,190,0
IWM190920P157,2019-09-18,2019-09-18 09:38:11,1.14,1.1067,49,1.13,1.097,20,1.13,1.097,2,1.135,1.1019,190,0
IWM190920P157,2019-09-18,2019-09-18 09:38:11,1.14,1.1067,17,1.13,1.097,24,1.13,1.097,2,1.135,1.1019,190,0
IWM190920P157,2019-09-18,2019-09-18 09:38:12,1.14,1.1067,17,1.13,1.097,24,1.13,1.097,2,1.135,1.1019,190,0
IWM190920P157,2019-09-18,2019-09-18 09:38:13,1.15,1.1165,40,1.13,1.097,64,1.13,1.097,2,1.14,1.1067,190,0
IWM190920P157,2019-09-18,2019-09-18 09:38:13,1.14,1.1067,17,1.13,1.097,24,1.13,1.097,2,1.135,1.1019,190,0
IWM190920P157,2019-09-18,2019-09-18 09:38:14,1.14,1.1067,10,1.13,1.097,13,1.13,1.097,2,1.135,1.1019,190,0
IWM190920P157,2019-09-18,2019-09-18 09:38:14,1.14,1.1067,29,1.13,1.097,13,1.13,1.097,2,1.135,1.1019,190,0
IWM190920P157,2019-09-18,2019-09-18 09:38:15,1.14,1.1067,10,1.12,1.0873,96,1.13,1.097,2,1.13,1.097,190,0
IWM190920P157,2019-09-18,2019-09-18 09:38:16,1.14,1.1067,10,1.12,1.0873,96,1.13,1.097,2,1.13,1.097,190,0
IWM190920P157,2019-09-18,2019-09-18 09:38:16,1.15,1.1165,41,1.13,1.097,58,1.13,1.097,2,1.14,1.1067,190,0
IWM190920P157,2019-09-18,2019-09-18 09:38:17,1.15,1.1165,37,1.14,1.1067,16,1.13,1.097,2,1.145,1.1116,190,0
IWM190920P157,2019-09-18,2019-09-18 09:38:17,1.15,1.1165,41,1.13,1.097,58,1.13,1.097,2,1.14,1.1067,190,0
IWM190920P157,2019-09-18,2019-09-18 09:38:18,1.15,1.1165,37,1.14,1.1067,20,1.13,1.097,2,1.145,1.1116,190,0
IWM190920P157,2019-09-18,2019-09-18 09:38:19,1.15,1.1165,64,1.13,1.097,64,1.13,1.097,2,1.14,1.1067,190,0
IWM190920P157,2019-09-18,2019-09-18 09:38:19,1.14,1.1067,10,1.13,1.097,24,1.13,1.097,2,1.135,1.1019,190,0
IWM190920P157,2019-09-18,2019-09-18 09:38:20,1.14,1.1067,10,1.13,1.097,24,1.13,1.097,2,1.135,1.1019,190,0
IWM190920P157,2019-09-18,2019-09-18 09:38:21,1.14,1.1067,10,1.12,1.0873,63,1.13,1.097,2,1.13,1.097,190,0
IWM190920P157,2019-09-18,2019-09-18 09:38:21,1.15,1.1165,63,1.13,1.097,63,1.13,1.097,2,1.14,1.1067,190,0
IWM190920P157,2019-09-18,2019-09-18 09:38:22,1.13,1.097,22,1.12,1.0873,27,1.13,1.097,2,1.125,1.0922,190,0
IWM190920P157,2019-09-18,2019-09-18 09:38:22,1.14,1.1067,55,1.12,1.0873,10,1.13,1.097,2,1.13,1.097,190,0
IWM190920P157,2019-09-18,2019-09-18 09:38:23,1.13,1.097,72,1.11,1.0776,44,1.13,1.097,2,1.12,1.0873,190,0
IWM190920P157,2019-09-18,2019-09-18 09:38:23,1.13,1.097,72,1.11,1.0776,87,1.13,1.097,2,1.12,1.0873,190,0
IWM190920P157,2019-09-18,2019-09-18 09:38:24,1.13,1.097,72,1.11,1.0776,87,1.13,1.097,2,1.12,1.0873,190,0
IWM190920P157,2019-09-18,2019-09-18 09:38:25,1.13,1.097,72,1.11,1.0776,87,1.13,1.097,2,1.12,1.0873,190,0
IWM190920P157,2019-09-18,2019-09-18 09:38:25,1.14,1.1067,12,1.12,1.0873,96,1.13,1.097,2,1.13,1.097,190,0
IWM190920P157,2019-09-18,2019-09-18 09:38:26,1.14,1.1067,12,1.12,1.0873,122,1.13,1.097,2,1.13,1.097,190,0
IWM190920P157,2019-09-18,2019-09-18 09:38:27,1.14,1.1067,8,1.13,1.097,31,1.13,1.097,2,1.135,1.1019,190,0
IWM190920P157,2019-09-18,2019-09-18 09:38:27,1.14,1.1067,8,1.13,1.097,47,1.13,1.097,2,1.135,1.1019,190,0
IWM190920P157,2019-09-18,2019-09-18 09:38:28,1.14,1.1067,8,1.13,1.097,47,1.13,1.097,2,1.135,1.1019,190,0
IWM190920P157,2019-09-18,2019-09-18 09:38:28,1.14,1.1067,20,1.13,1.097,28,1.13,1.097,2,1.135,1.1019,190,0
IWM190920P157,2019-09-18,2019-09-18 09:38:29,1.14,1.1067,60,1.12,1.0873,67,1.13,1.097,2,1.13,1.097,190,0
IWM190920P157,2019-09-18,2019-09-18 09:38:29,1.14,1.1067,26,1.13,1.097,6,1.13,1.097,2,1.135,1.1019,190,0
IWM190920P157,2019-09-18,2019-09-18 09:38:30,1.14,1.1067,60,1.12,1.0873,67,1.13,1.097,2,1.13,1.097,190,0
IWM190920P157,2019-09-18,2019-09-18 09:38:31,1.13,1.097,56,1.11,1.0776,43,1.13,1.097,2,1.12,1.0873,190,0
IWM190920P157,2019-09-18,2019-09-18 09:38:31,1.13,1.097,56,1.11,1.0776,62,1.13,1.097,2,1.12,1.0873,190,0
IWM190920P157,2019-09-18,2019-09-18 09:38:32,1.14,1.1067,91,1.11,1.0776,97,1.13,1.097,2,1.125,1.0922,190,0
IWM190920P157,2019-09-18,2019-09-18 09:38:33,1.13,1.097,45,1.11,1.0776,62,1.13,1.097,2,1.12,1.0873,190,0
IWM190920P157,2019-09-18,2019-09-18 09:38:33,1.13,1.097,65,1.11,1.0776,67,1.13,1.097,2,1.12,1.0873,190,0
IWM190920P157,2019-09-18,2019-09-18 09:38:34,1.13,1.097,57,1.11,1.0776,86,1.13,1.097,2,1.12,1.0873,190,0
IWM190920P157,2019-09-18,2019-09-18 09:38:34,1.13,1.097,45,1.11,1.0776,62,1.13,1.097,2,1.12,1.0873,190,0
IWM190920P157,2019-09-18,2019-09-18 09:38:35,1.13,1.097,62,1.11,1.0776,62,1.13,1.097,2,1.12,1.0873,190,0
IWM190920P157,2019-09-18,2019-09-18 09:38:36,1.12,1.0873,10,1.11,1.0776,43,1.13,1.097,2,1.115,1.0825,190,0
IWM190920P157,2019-09-18,2019-09-18 09:38:37,1.12,1.0873,10,1.11,1.0776,43,1.13,1.097,2,1.115,1.0825,190,0
IWM190920P157,2019-09-18,2019-09-18 09:38:38,1.12,1.0873,29,1.11,1.0776,20,1.13,1.097,2,1.115,1.0825,190,0
IWM190920P157,2019-09-18,2019-09-18 09:38:38,1.12,1.0873,29,1.11,1.0776,43,1.13,1.097,2,1.115,1.0825,190,0
IWM190920P157,2019-09-18,2019-09-18 09:38:39,1.12,1.0873,76,1.1,1.0679,85,1.13,1.097,2,1.11,1.0776,190,0
IWM190920P157,2019-09-18,2019-09-18 09:38:40,1.12,1.0873,76,1.1,1.0679,85,1.13,1.097,2,1.11,1.0776,190,0
IWM190920P157,2019-09-18,2019-09-18 09:38:41,1.12,1.0873,62,1.1,1.0679,85,1.13,1.097,2,1.11,1.0776,190,0
IWM190920P157,2019-09-18,2019-09-18 09:38:41,1.12,1.0873,76,1.1,1.0679,85,1.13,1.097,2,1.11,1.0776,190,0
IWM190920P157,2019-09-18,2019-09-18 09:38:42,1.12,1.0873,48,1.1,1.0679,77,1.13,1.097,2,1.11,1.0776,190,0
IWM190920P157,2019-09-18,2019-09-18 09:38:42,1.11,1.0776,13,1.1,1.0679,69,1.13,1.097,2,1.105,1.0728,190,0
IWM190920P157,2019-09-18,2019-09-18 09:38:43,1.12,1.0873,29,1.1,1.0679,77,1.13,1.097,2,1.11,1.0776,190,0
IWM190920P157,2019-09-18,2019-09-18 09:38:43,1.12,1.0873,48,1.1,1.0679,77,1.13,1.097,2,1.11,1.0776,190,0
IWM190920P157,2019-09-18,2019-09-18 09:38:44,1.13,1.097,7,1.11,1.0776,92,1.13,1.097,2,1.12,1.0873,190,0
IWM190920P157,2019-09-18,2019-09-18 09:38:44,1.13,1.097,7,1.11,1.0776,102,1.13,1.097,2,1.12,1.0873,190,0
IWM190920P157,2019-09-18,2019-09-18 09:38:45,1.13,1.097,7,1.12,1.0873,69,1.13,1.097,2,1.125,1.0922,190,0
IWM190920P157,2019-09-18,2019-09-18 09:38:45,1.13,1.097,7,1.12,1.0873,61,1.13,1.097,2,1.125,1.0922,190,0
IWM190920P157,2019-09-18,2019-09-18 09:38:46,1.13,1.097,32,1.11,1.0776,28,1.13,1.097,2,1.12,1.0873,190,0
IWM190920P157,2019-09-18,2019-09-18 09:38:46,1.13,1.097,7,1.12,1.0873,69,1.13,1.097,2,1.125,1.0922,190,0
IWM190920P157,2019-09-18,2019-09-18 09:38:47,1.13,1.097,72,1.11,1.0776,56,1.13,1.097,2,1.12,1.0873,190,0
IWM190920P157,2019-09-18,2019-09-18 09:38:47,1.13,1.097,48,1.11,1.0776,37,1.13,1.097,2,1.12,1.0873,190,0
IWM190920P157,2019-09-18,2019-09-18 09:38:48,1.13,1.097,48,1.11,1.0776,37,1.13,1.097,2,1.12,1.0873,190,0
IWM190920P157,2019-09-18,2019-09-18 09:38:49,1.13,1.097,48,1.11,1.0776,37,1.13,1.097,2,1.12,1.0873,190,0
IWM190920P157,2019-09-18,2019-09-18 09:38:49,1.13,1.097,72,1.11,1.0776,56,1.13,1.097,2,1.12,1.0873,190,0
IWM190920P157,2019-09-18,2019-09-18 09:38:50,1.12,1.0873,60,1.11,1.0776,37,1.13,1.097,2,1.115,1.0825,190,0
IWM190920P157,2019-09-18,2019-09-18 09:38:50,1.12,1.0873,41,1.11,1.0776,37,1.13,1.097,2,1.115,1.0825,190,0
IWM190920P157,2019-09-18,2019-09-18 09:38:51,1.12,1.0873,67,1.11,1.0776,37,1.13,1.097,2,1.115,1.0825,190,0
IWM190920P157,2019-09-18,2019-09-18 09:38:52,1.12,1.0873,67,1.11,1.0776,9,1.13,1.097,2,1.115,1.0825,190,0
IWM190920P157,2019-09-18,2019-09-18 09:38:52,1.12,1.0873,67,1.11,1.0776,13,1.13,1.097,2,1.115,1.0825,190,0
IWM190920P157,2019-09-18,2019-09-18 09:38:53,1.12,1.0873,67,1.11,1.0776,13,1.13,1.097,2,1.115,1.0825,190,0
IWM190920P157,2019-09-18,2019-09-18 09:38:54,1.11,1.0776,38,1.1,1.0679,59,1.13,1.097,2,1.105,1.0728,190,0
IWM190920P157,2019-09-18,2019-09-18 09:38:54,1.11,1.0776,31,1.09,1.0582,59,1.13,1.097,2,1.1,1.0679,190,0
