symbol,Date,quote_time,ask_price,norm_ask_price,ask_size,bid_price,norm_bid_price,bid_size,last_trade_price,norm_last_trade_price,last_trade_size,mark_price,norm_mark_price,volume,Volume
IWM191129C164,2019-11-26,2019-11-26 09:32:28,0.11,1.0,674,0.1,0.909,10,0.09,0.8181,40,0.105,0.9545,50,0
IWM191129C164,2019-11-26,2019-11-26 09:32:28,0.11,1.0,674,0.1,0.909,175,0.09,0.8181,40,0.105,0.9545,50,50
IWM191129C164,2019-11-26,2019-11-26 09:32:29,0.11,1.0,726,0.09,0.8181,798,0.09,0.8181,40,0.1,0.909,50,0
IWM191129C164,2019-11-26,2019-11-26 09:32:29,0.11,1.0,726,0.09,0.8181,606,0.09,0.8181,40,0.1,0.909,50,0
IWM191129C164,2019-11-26,2019-11-26 09:32:30,0.11,1.0,542,0.09,0.8181,798,0.09,0.8181,40,0.1,0.909,50,0
IWM191129C164,2019-11-26,2019-11-26 09:32:31,0.11,1.0,869,0.09,0.8181,798,0.09,0.8181,40,0.1,0.909,50,0
IWM191129C164,2019-11-26,2019-11-26 09:32:32,0.11,1.0,986,0.09,0.8181,798,0.09,0.8181,40,0.1,0.909,50,0
IWM191129C164,2019-11-26,2019-11-26 09:32:32,0.1,0.909,156,0.09,0.8181,539,0.09,0.8181,40,0.095,0.8636,50,0
IWM191129C164,2019-11-26,2019-11-26 09:32:33,0.1,0.909,282,0.09,0.8181,788,0.09,0.8181,40,0.095,0.8636,50,0
IWM191129C164,2019-11-26,2019-11-26 09:32:33,0.1,0.909,204,0.09,0.8181,542,0.09,0.8181,40,0.095,0.8636,50,0
IWM191129C164,2019-11-26,2019-11-26 09:32:34,0.1,0.909,282,0.09,0.8181,788,0.09,0.8181,40,0.095,0.8636,50,0
IWM191129C164,2019-11-26,2019-11-26 09:32:35,0.1,0.909,150,0.09,0.8181,788,0.09,0.8181,40,0.095,0.8636,50,0
IWM191129C164,2019-11-26,2019-11-26 09:32:36,0.11,1.0,991,0.09,0.8181,795,0.09,0.8181,40,0.1,0.909,50,0
IWM191129C164,2019-11-26,2019-11-26 09:32:36,0.1,0.909,150,0.09,0.8181,788,0.09,0.8181,40,0.095,0.8636,50,0
IWM191129C164,2019-11-26,2019-11-26 09:32:37,0.11,1.0,1168,0.09,0.8181,788,0.09,0.8181,40,0.1,0.909,50,0
IWM191129C164,2019-11-26,2019-11-26 09:32:38,0.1,0.909,150,0.09,0.8181,788,0.09,0.8181,40,0.095,0.8636,50,0
IWM191129C164,2019-11-26,2019-11-26 09:32:38,0.11,1.0,472,0.09,0.8181,788,0.09,0.8181,40,0.1,0.909,50,0
IWM191129C164,2019-11-26,2019-11-26 09:32:39,0.1,0.909,150,0.09,0.8181,788,0.09,0.8181,40,0.095,0.8636,50,0
IWM191129C164,2019-11-26,2019-11-26 09:32:40,0.1,0.909,200,0.09,0.8181,758,0.09,0.8181,40,0.095,0.8636,50,0
IWM191129C164,2019-11-26,2019-11-26 09:32:41,0.1,0.909,150,0.09,0.8181,788,0.09,0.8181,40,0.095,0.8636,50,0
IWM191129C164,2019-11-26,2019-11-26 09:32:41,0.1,0.909,625,0.09,0.8181,788,0.09,0.8181,40,0.095,0.8636,50,0
IWM191129C164,2019-11-26,2019-11-26 09:32:42,0.11,1.0,1219,0.09,0.8181,795,0.09,0.8181,40,0.1,0.909,50,0
IWM191129C164,2019-11-26,2019-11-26 09:32:42,0.11,1.0,1219,0.09,0.8181,758,0.09,0.8181,40,0.1,0.909,50,0
IWM191129C164,2019-11-26,2019-11-26 09:32:43,0.11,1.0,1219,0.09,0.8181,788,0.09,0.8181,40,0.1,0.909,50,0
IWM191129C164,2019-11-26,2019-11-26 09:32:43,0.1,0.909,150,0.09,0.8181,788,0.09,0.8181,40,0.095,0.8636,50,0
IWM191129C164,2019-11-26,2019-11-26 09:32:44,0.1,0.909,285,0.09,0.8181,788,0.09,0.8181,40,0.095,0.8636,50,0
IWM191129C164,2019-11-26,2019-11-26 09:32:44,0.1,0.909,601,0.09,0.8181,788,0.09,0.8181,40,0.095,0.8636,50,0
IWM191129C164,2019-11-26,2019-11-26 09:32:45,0.1,0.909,226,0.09,0.8181,788,0.09,0.8181,40,0.095,0.8636,50,0
IWM191129C164,2019-11-26,2019-11-26 09:32:46,0.1,0.909,723,0.09,0.8181,716,0.09,0.8181,40,0.095,0.8636,50,0
IWM191129C164,2019-11-26,2019-11-26 09:32:46,0.1,0.909,705,0.09,0.8181,758,0.09,0.8181,40,0.095,0.8636,50,0
IWM191129C164,2019-11-26,2019-11-26 09:32:47,0.1,0.909,659,0.09,0.8181,704,0.09,0.8181,40,0.095,0.8636,50,0
IWM191129C164,2019-11-26,2019-11-26 09:32:47,0.1,0.909,705,0.09,0.8181,704,0.09,0.8181,40,0.095,0.8636,50,0
IWM191129C164,2019-11-26,2019-11-26 09:32:48,0.1,0.909,616,0.09,0.8181,704,0.09,0.8181,40,0.095,0.8636,50,0
IWM191129C164,2019-11-26,2019-11-26 09:32:48,0.1,0.909,649,0.09,0.8181,674,0.09,0.8181,40,0.095,0.8636,50,0
IWM191129C164,2019-11-26,2019-11-26 09:32:49,0.1,0.909,693,0.09,0.8181,704,0.09,0.8181,40,0.095,0.8636,50,0
IWM191129C164,2019-11-26,2019-11-26 09:32:49,0.1,0.909,649,0.09,0.8181,704,0.09,0.8181,40,0.095,0.8636,50,0
IWM191129C164,2019-11-26,2019-11-26 09:32:50,0.1,0.909,693,0.09,0.8181,704,0.09,0.8181,40,0.095,0.8636,50,0
IWM191129C164,2019-11-26,2019-11-26 09:32:51,0.1,0.909,693,0.09,0.8181,704,0.09,0.8181,40,0.095,0.8636,50,0
IWM191129C164,2019-11-26,2019-11-26 09:32:51,0.1,0.909,661,0.09,0.8181,704,0.09,0.8181,40,0.095,0.8636,50,0
IWM191129C164,2019-11-26,2019-11-26 09:32:52,0.1,0.909,476,0.09,0.8181,674,0.09,0.8181,40,0.095,0.8636,50,0
IWM191129C164,2019-11-26,2019-11-26 09:32:53,0.1,0.909,747,0.09,0.8181,704,0.09,0.8181,40,0.095,0.8636,50,0
IWM191129C164,2019-11-26,2019-11-26 09:32:53,0.1,0.909,720,0.09,0.8181,704,0.09,0.8181,40,0.095,0.8636,50,0
IWM191129C164,2019-11-26,2019-11-26 09:32:54,0.1,0.909,720,0.09,0.8181,704,0.09,0.8181,40,0.095,0.8636,50,0
IWM191129C164,2019-11-26,2019-11-26 09:32:55,0.1,0.909,720,0.09,0.8181,704,0.09,0.8181,40,0.095,0.8636,50,0
IWM191129C164,2019-11-26,2019-11-26 09:32:56,0.1,0.909,720,0.09,0.8181,704,0.09,0.8181,40,0.095,0.8636,50,0
IWM191129C164,2019-11-26,2019-11-26 09:32:57,0.1,0.909,720,0.09,0.8181,704,0.09,0.8181,40,0.095,0.8636,50,0
IWM191129C164,2019-11-26,2019-11-26 09:32:58,0.1,0.909,720,0.09,0.8181,704,0.09,0.8181,40,0.095,0.8636,50,0
IWM191129C164,2019-11-26,2019-11-26 09:32:58,0.1,0.909,491,0.09,0.8181,704,0.09,0.8181,40,0.095,0.8636,50,0
IWM191129C164,2019-11-26,2019-11-26 09:32:59,0.1,0.909,491,0.09,0.8181,674,0.09,0.8181,40,0.095,0.8636,50,0
IWM191129C164,2019-11-26,2019-11-26 09:32:59,0.1,0.909,792,0.09,0.8181,704,0.09,0.8181,40,0.095,0.8636,50,0
IWM191129C164,2019-11-26,2019-11-26 09:33:00,0.1,0.909,792,0.09,0.8181,662,0.09,0.8181,40,0.095,0.8636,50,0
IWM191129C164,2019-11-26,2019-11-26 09:33:00,0.1,0.909,792,0.09,0.8181,704,0.09,0.8181,40,0.095,0.8636,50,0
IWM191129C164,2019-11-26,2019-11-26 09:33:01,0.1,0.909,792,0.09,0.8181,714,0.09,0.8181,40,0.095,0.8636,50,0
IWM191129C164,2019-11-26,2019-11-26 09:33:01,0.1,0.909,760,0.09,0.8181,684,0.09,0.8181,40,0.095,0.8636,50,0
IWM191129C164,2019-11-26,2019-11-26 09:33:02,0.1,0.909,760,0.09,0.8181,714,0.09,0.8181,40,0.095,0.8636,50,0
IWM191129C164,2019-11-26,2019-11-26 09:33:03,0.1,0.909,760,0.09,0.8181,714,0.09,0.8181,40,0.095,0.8636,50,0
IWM191129C164,2019-11-26,2019-11-26 09:33:04,0.1,0.909,760,0.09,0.8181,550,0.09,0.8181,40,0.095,0.8636,50,0
IWM191129C164,2019-11-26,2019-11-26 09:33:04,0.1,0.909,760,0.09,0.8181,714,0.09,0.8181,40,0.095,0.8636,50,0
IWM191129C164,2019-11-26,2019-11-26 09:33:05,0.1,0.909,197,0.09,0.8181,730,0.09,0.8181,40,0.095,0.8636,50,0
IWM191129C164,2019-11-26,2019-11-26 09:33:05,0.1,0.909,202,0.09,0.8181,644,0.09,0.8181,40,0.095,0.8636,50,0
IWM191129C164,2019-11-26,2019-11-26 09:33:06,0.1,0.909,197,0.09,0.8181,730,0.09,0.8181,40,0.095,0.8636,50,0
IWM191129C164,2019-11-26,2019-11-26 09:33:07,0.1,0.909,202,0.09,0.8181,730,0.09,0.8181,40,0.095,0.8636,50,0
IWM191129C164,2019-11-26,2019-11-26 09:33:07,0.1,0.909,202,0.09,0.8181,737,0.09,0.8181,40,0.095,0.8636,50,0
IWM191129C164,2019-11-26,2019-11-26 09:33:08,0.1,0.909,33,0.09,0.8181,730,0.09,0.8181,40,0.095,0.8636,50,0
IWM191129C164,2019-11-26,2019-11-26 09:33:08,0.1,0.909,27,0.09,0.8181,707,0.09,0.8181,40,0.095,0.8636,50,0
IWM191129C164,2019-11-26,2019-11-26 09:33:09,0.1,0.909,27,0.09,0.8181,737,0.09,0.8181,40,0.095,0.8636,50,0
IWM191129C164,2019-11-26,2019-11-26 09:33:10,0.11,1.0,1120,0.09,0.8181,737,0.09,0.8181,40,0.1,0.909,50,0
IWM191129C164,2019-11-26,2019-11-26 09:33:11,0.11,1.0,1120,0.09,0.8181,737,0.09,0.8181,40,0.1,0.909,50,0
IWM191129C164,2019-11-26,2019-11-26 09:33:12,0.11,1.0,1120,0.09,0.8181,737,0.09,0.8181,40,0.1,0.909,50,0
IWM191129C164,2019-11-26,2019-11-26 09:33:12,0.11,1.0,1023,0.09,0.8181,737,0.09,0.8181,40,0.1,0.909,50,0
IWM191129C164,2019-11-26,2019-11-26 09:33:13,0.11,1.0,1023,0.09,0.8181,737,0.09,0.8181,40,0.1,0.909,50,0
IWM191129C164,2019-11-26,2019-11-26 09:33:14,0.11,1.0,1023,0.09,0.8181,737,0.09,0.8181,40,0.1,0.909,50,0
IWM191129C164,2019-11-26,2019-11-26 09:33:14,0.1,0.909,190,0.09,0.8181,477,0.09,0.8181,40,0.095,0.8636,50,0
IWM191129C164,2019-11-26,2019-11-26 09:33:15,0.1,0.909,290,0.09,0.8181,470,0.09,0.8181,40,0.095,0.8636,50,0
IWM191129C164,2019-11-26,2019-11-26 09:33:15,0.1,0.909,321,0.09,0.8181,470,0.09,0.8181,40,0.095,0.8636,50,0
IWM191129C164,2019-11-26,2019-11-26 09:33:16,0.1,0.909,551,0.09,0.8181,590,0.09,0.8181,40,0.095,0.8636,50,0
IWM191129C164,2019-11-26,2019-11-26 09:33:16,0.1,0.909,479,0.09,0.8181,590,0.09,0.8181,40,0.095,0.8636,50,0
IWM191129C164,2019-11-26,2019-11-26 09:33:17,0.1,0.909,393,0.09,0.8181,711,0.09,0.8181,40,0.095,0.8636,50,0
IWM191129C164,2019-11-26,2019-11-26 09:33:17,0.1,0.909,551,0.09,0.8181,681,0.09,0.8181,40,0.095,0.8636,50,0
IWM191129C164,2019-11-26,2019-11-26 09:33:18,0.1,0.909,393,0.09,0.8181,711,0.09,0.8181,40,0.095,0.8636,50,0
IWM191129C164,2019-11-26,2019-11-26 09:33:19,0.1,0.909,507,0.09,0.8181,711,0.09,0.8181,40,0.095,0.8636,50,0
IWM191129C164,2019-11-26,2019-11-26 09:33:19,0.1,0.909,531,0.09,0.8181,659,0.09,0.8181,40,0.095,0.8636,50,0
IWM191129C164,2019-11-26,2019-11-26 09:33:20,0.1,0.909,531,0.09,0.8181,659,0.09,0.8181,40,0.095,0.8636,50,0
IWM191129C164,2019-11-26,2019-11-26 09:33:21,0.1,0.909,475,0.09,0.8181,709,0.09,0.8181,40,0.095,0.8636,50,0
IWM191129C164,2019-11-26,2019-11-26 09:33:22,0.1,0.909,150,0.09,0.8181,739,0.09,0.8181,40,0.095,0.8636,50,0
IWM191129C164,2019-11-26,2019-11-26 09:33:22,0.1,0.909,393,0.09,0.8181,507,0.09,0.8181,40,0.095,0.8636,50,0
IWM191129C164,2019-11-26,2019-11-26 09:33:23,0.1,0.909,25,0.09,0.8181,739,0.09,0.8181,40,0.095,0.8636,50,0
IWM191129C164,2019-11-26,2019-11-26 09:33:23,0.11,1.0,964,0.09,0.8181,739,0.09,0.8181,40,0.1,0.909,50,0
IWM191129C164,2019-11-26,2019-11-26 09:33:24,0.11,1.0,954,0.09,0.8181,739,0.09,0.8181,40,0.1,0.909,50,0
IWM191129C164,2019-11-26,2019-11-26 09:33:24,0.11,1.0,1124,0.09,0.8181,709,0.09,0.8181,40,0.1,0.909,50,0
IWM191129C164,2019-11-26,2019-11-26 09:33:25,0.11,1.0,954,0.09,0.8181,739,0.09,0.8181,40,0.1,0.909,50,0
IWM191129C164,2019-11-26,2019-11-26 09:33:25,0.11,1.0,1038,0.09,0.8181,739,0.09,0.8181,40,0.1,0.909,50,0
IWM191129C164,2019-11-26,2019-11-26 09:33:26,0.11,1.0,1038,0.09,0.8181,739,0.09,0.8181,40,0.1,0.909,50,0
IWM191129C164,2019-11-26,2019-11-26 09:33:27,0.11,1.0,1038,0.09,0.8181,739,0.09,0.8181,40,0.1,0.909,50,0
IWM191129C164,2019-11-26,2019-11-26 09:33:28,0.11,1.0,1038,0.09,0.8181,739,0.09,0.8181,40,0.1,0.909,50,0
IWM191129C164,2019-11-26,2019-11-26 09:33:29,0.11,1.0,1038,0.09,0.8181,739,0.09,0.8181,40,0.1,0.909,50,0
IWM191129C164,2019-11-26,2019-11-26 09:33:30,0.11,1.0,1153,0.09,0.8181,709,0.09,0.8181,40,0.1,0.909,50,0
IWM191129C164,2019-11-26,2019-11-26 09:33:30,0.11,1.0,1153,0.09,0.8181,739,0.09,0.8181,40,0.1,0.909,50,0
IWM191129C164,2019-11-26,2019-11-26 09:33:31,0.11,1.0,1153,0.09,0.8181,709,0.09,0.8181,40,0.1,0.909,50,0
IWM191129C164,2019-11-26,2019-11-26 09:33:31,0.11,1.0,1153,0.09,0.8181,739,0.09,0.8181,40,0.1,0.909,50,0
IWM191129C164,2019-11-26,2019-11-26 09:33:32,0.11,1.0,1153,0.1,0.909,13,0.09,0.8181,40,0.105,0.9545,50,0
IWM191129C164,2019-11-26,2019-11-26 09:33:33,0.11,1.0,1153,0.09,0.8181,739,0.09,0.8181,40,0.1,0.909,50,0
IWM191129C164,2019-11-26,2019-11-26 09:33:34,0.11,1.0,1029,0.09,0.8181,739,0.09,0.8181,40,0.1,0.909,50,0
IWM191129C164,2019-11-26,2019-11-26 09:33:35,0.11,1.0,1153,0.09,0.8181,739,0.09,0.8181,40,0.1,0.909,50,0
IWM191129C164,2019-11-26,2019-11-26 09:33:36,0.11,1.0,1029,0.09,0.8181,709,0.09,0.8181,40,0.1,0.909,50,0
IWM191129C164,2019-11-26,2019-11-26 09:33:36,0.11,1.0,1029,0.09,0.8181,739,0.09,0.8181,40,0.1,0.909,50,0
IWM191129C164,2019-11-26,2019-11-26 09:33:37,0.11,1.0,1153,0.09,0.8181,739,0.09,0.8181,40,0.1,0.909,50,0
IWM191129C164,2019-11-26,2019-11-26 09:33:38,0.11,1.0,898,0.1,0.909,192,0.09,0.8181,40,0.105,0.9545,50,0
IWM191129C164,2019-11-26,2019-11-26 09:33:38,0.11,1.0,898,0.1,0.909,43,0.09,0.8181,40,0.105,0.9545,50,0
IWM191129C164,2019-11-26,2019-11-26 09:33:39,0.11,1.0,898,0.1,0.909,192,0.09,0.8181,40,0.105,0.9545,50,0
IWM191129C164,2019-11-26,2019-11-26 09:33:40,0.11,1.0,1047,0.1,0.909,119,0.09,0.8181,40,0.105,0.9545,50,0
IWM191129C164,2019-11-26,2019-11-26 09:33:40,0.11,1.0,1047,0.1,0.909,136,0.09,0.8181,40,0.105,0.9545,50,0
IWM191129C164,2019-11-26,2019-11-26 09:33:41,0.11,1.0,1047,0.1,0.909,136,0.09,0.8181,40,0.105,0.9545,50,0
IWM191129C164,2019-11-26,2019-11-26 09:33:41,0.11,1.0,1047,0.1,0.909,199,0.09,0.8181,40,0.105,0.9545,50,0
IWM191129C164,2019-11-26,2019-11-26 09:33:42,0.11,1.0,1047,0.1,0.909,199,0.09,0.8181,40,0.105,0.9545,50,0
IWM191129C164,2019-11-26,2019-11-26 09:33:43,0.11,1.0,1047,0.1,0.909,136,0.09,0.8181,40,0.105,0.9545,50,0
IWM191129C164,2019-11-26,2019-11-26 09:33:44,0.11,1.0,1047,0.1,0.909,136,0.09,0.8181,40,0.105,0.9545,50,0
IWM191129C164,2019-11-26,2019-11-26 09:33:44,0.11,1.0,1047,0.09,0.8181,524,0.09,0.8181,40,0.1,0.909,50,0
IWM191129C164,2019-11-26,2019-11-26 09:33:45,0.11,1.0,910,0.09,0.8181,794,0.09,0.8181,40,0.1,0.909,50,0
IWM191129C164,2019-11-26,2019-11-26 09:33:45,0.11,1.0,1047,0.09,0.8181,717,0.09,0.8181,40,0.1,0.909,50,0
IWM191129C164,2019-11-26,2019-11-26 09:33:46,0.11,1.0,910,0.09,0.8181,794,0.09,0.8181,40,0.1,0.909,50,0
IWM191129C164,2019-11-26,2019-11-26 09:33:47,0.1,0.909,150,0.09,0.8181,794,0.09,0.8181,40,0.095,0.8636,50,0
IWM191129C164,2019-11-26,2019-11-26 09:33:48,0.1,0.909,158,0.09,0.8181,764,0.09,0.8181,40,0.095,0.8636,50,0
IWM191129C164,2019-11-26,2019-11-26 09:33:48,0.1,0.909,406,0.09,0.8181,794,0.09,0.8181,40,0.095,0.8636,50,0
IWM191129C164,2019-11-26,2019-11-26 09:33:49,0.1,0.909,567,0.09,0.8181,794,0.09,0.8181,40,0.095,0.8636,50,0
IWM191129C164,2019-11-26,2019-11-26 09:33:49,0.1,0.909,406,0.09,0.8181,794,0.09,0.8181,40,0.095,0.8636,50,0
IWM191129C164,2019-11-26,2019-11-26 09:33:50,0.1,0.909,627,0.09,0.8181,794,0.09,0.8181,40,0.095,0.8636,50,0
IWM191129C164,2019-11-26,2019-11-26 09:33:50,0.1,0.909,567,0.09,0.8181,794,0.09,0.8181,40,0.095,0.8636,50,0
IWM191129C164,2019-11-26,2019-11-26 09:33:51,0.1,0.909,567,0.09,0.8181,764,0.09,0.8181,40,0.095,0.8636,50,0
IWM191129C164,2019-11-26,2019-11-26 09:33:51,0.1,0.909,567,0.09,0.8181,794,0.09,0.8181,40,0.095,0.8636,50,0
IWM191129C164,2019-11-26,2019-11-26 09:33:52,0.1,0.909,567,0.09,0.8181,794,0.09,0.8181,40,0.095,0.8636,50,0
IWM191129C164,2019-11-26,2019-11-26 09:33:53,0.1,0.909,567,0.09,0.8181,794,0.09,0.8181,40,0.095,0.8636,50,0
IWM191129C164,2019-11-26,2019-11-26 09:33:53,0.1,0.909,567,0.09,0.8181,516,0.09,0.8181,40,0.095,0.8636,50,0
IWM191129C164,2019-11-26,2019-11-26 09:33:54,0.1,0.909,729,0.09,0.8181,516,0.09,0.8181,40,0.095,0.8636,50,0
IWM191129C164,2019-11-26,2019-11-26 09:33:54,0.1,0.909,567,0.09,0.8181,516,0.09,0.8181,40,0.095,0.8636,50,0
IWM191129C164,2019-11-26,2019-11-26 09:33:55,0.1,0.909,762,0.09,0.8181,794,0.09,0.8181,40,0.095,0.8636,50,0
IWM191129C164,2019-11-26,2019-11-26 09:33:55,0.1,0.909,729,0.09,0.8181,546,0.09,0.8181,40,0.095,0.8636,50,0
IWM191129C164,2019-11-26,2019-11-26 09:33:56,0.1,0.909,729,0.09,0.8181,794,0.09,0.8181,40,0.095,0.8636,50,0
IWM191129C164,2019-11-26,2019-11-26 09:33:58,0.1,0.909,729,0.09,0.8181,794,0.09,0.8181,40,0.095,0.8636,50,0
IWM191129C164,2019-11-26,2019-11-26 09:33:59,0.1,0.909,794,0.09,0.8181,794,0.09,0.8181,40,0.095,0.8636,50,0
IWM191129C164,2019-11-26,2019-11-26 09:33:59,0.1,0.909,729,0.09,0.8181,794,0.09,0.8181,40,0.095,0.8636,50,0
IWM191129C164,2019-11-26,2019-11-26 09:34:00,0.1,0.909,794,0.09,0.8181,794,0.09,0.8181,40,0.095,0.8636,50,0
IWM191129C164,2019-11-26,2019-11-26 09:34:00,0.1,0.909,912,0.09,0.8181,653,0.09,0.8181,40,0.095,0.8636,50,0
IWM191129C164,2019-11-26,2019-11-26 09:34:01,0.1,0.909,984,0.09,0.8181,588,0.09,0.8181,40,0.095,0.8636,50,0
IWM191129C164,2019-11-26,2019-11-26 09:34:02,0.1,0.909,984,0.09,0.8181,309,0.09,0.8181,40,0.095,0.8636,50,0
IWM191129C164,2019-11-26,2019-11-26 09:34:02,0.1,0.909,984,0.09,0.8181,301,0.09,0.8181,40,0.095,0.8636,50,0
IWM191129C164,2019-11-26,2019-11-26 09:34:03,0.1,0.909,984,0.09,0.8181,603,0.09,0.8181,40,0.095,0.8636,50,0
IWM191129C164,2019-11-26,2019-11-26 09:34:03,0.1,0.909,1036,0.09,0.8181,353,0.09,0.8181,40,0.095,0.8636,50,0
IWM191129C164,2019-11-26,2019-11-26 09:34:04,0.1,0.909,1036,0.09,0.8181,306,0.09,0.8181,40,0.095,0.8636,50,0
IWM191129C164,2019-11-26,2019-11-26 09:34:05,0.1,0.909,1126,0.09,0.8181,296,0.09,0.8181,40,0.095,0.8636,50,0
IWM191129C164,2019-11-26,2019-11-26 09:34:06,0.1,0.909,1126,0.09,0.8181,296,0.09,0.8181,40,0.095,0.8636,50,0
IWM191129C164,2019-11-26,2019-11-26 09:34:07,0.1,0.909,1126,0.09,0.8181,296,0.09,0.8181,40,0.095,0.8636,50,0
IWM191129C164,2019-11-26,2019-11-26 09:34:08,0.1,0.909,1126,0.09,0.8181,218,0.09,0.8181,40,0.095,0.8636,50,0
IWM191129C164,2019-11-26,2019-11-26 09:34:08,0.1,0.909,1126,0.09,0.8181,267,0.09,0.8181,40,0.095,0.8636,50,0
IWM191129C164,2019-11-26,2019-11-26 09:34:09,0.1,0.909,1126,0.08,0.7272,837,0.09,0.8181,40,0.09,0.8181,50,0
IWM191129C164,2019-11-26,2019-11-26 09:34:09,0.1,0.909,1126,0.09,0.8181,218,0.09,0.8181,40,0.095,0.8636,50,0
IWM191129C164,2019-11-26,2019-11-26 09:34:10,0.1,0.909,1023,0.08,0.7272,860,0.09,0.8181,40,0.09,0.8181,50,0
IWM191129C164,2019-11-26,2019-11-26 09:34:11,0.1,0.909,932,0.08,0.7272,860,0.09,0.8181,40,0.09,0.8181,50,0
IWM191129C164,2019-11-26,2019-11-26 09:34:12,0.1,0.909,932,0.08,0.7272,860,0.09,0.8181,40,0.09,0.8181,50,0
IWM191129C164,2019-11-26,2019-11-26 09:34:12,0.1,0.909,1061,0.08,0.7272,860,0.09,0.8181,40,0.09,0.8181,50,0
IWM191129C164,2019-11-26,2019-11-26 09:34:13,0.09,0.8181,445,0.08,0.7272,860,0.09,0.8181,40,0.085,0.7727,50,0
IWM191129C164,2019-11-26,2019-11-26 09:34:14,0.09,0.8181,445,0.08,0.7272,860,0.09,0.8181,40,0.085,0.7727,50,0
IWM191129C164,2019-11-26,2019-11-26 09:34:15,0.09,0.8181,20,0.08,0.7272,860,0.09,0.8181,40,0.085,0.7727,50,0
IWM191129C164,2019-11-26,2019-11-26 09:34:15,0.09,0.8181,445,0.08,0.7272,860,0.09,0.8181,40,0.085,0.7727,50,0
IWM191129C164,2019-11-26,2019-11-26 09:34:16,0.1,0.909,901,0.08,0.7272,867,0.09,0.8181,40,0.09,0.8181,50,0
IWM191129C164,2019-11-26,2019-11-26 09:34:16,0.1,0.909,901,0.08,0.7272,830,0.09,0.8181,40,0.09,0.8181,50,0
IWM191129C164,2019-11-26,2019-11-26 09:34:17,0.1,0.909,901,0.08,0.7272,867,0.09,0.8181,40,0.09,0.8181,50,0
IWM191129C164,2019-11-26,2019-11-26 09:34:18,0.1,0.909,901,0.08,0.7272,867,0.09,0.8181,40,0.09,0.8181,50,0
IWM191129C164,2019-11-26,2019-11-26 09:34:19,0.09,0.8181,231,0.08,0.7272,860,0.09,0.8181,40,0.085,0.7727,50,0
IWM191129C164,2019-11-26,2019-11-26 09:34:20,0.09,0.8181,231,0.08,0.7272,860,0.09,0.8181,40,0.085,0.7727,50,0
IWM191129C164,2019-11-26,2019-11-26 09:34:21,0.09,0.8181,231,0.08,0.7272,860,0.09,0.8181,40,0.085,0.7727,50,0
IWM191129C164,2019-11-26,2019-11-26 09:34:22,0.09,0.8181,231,0.08,0.7272,830,0.09,0.8181,40,0.085,0.7727,50,0
IWM191129C164,2019-11-26,2019-11-26 09:34:22,0.09,0.8181,231,0.08,0.7272,860,0.09,0.8181,40,0.085,0.7727,50,0
IWM191129C164,2019-11-26,2019-11-26 09:34:23,0.09,0.8181,472,0.08,0.7272,974,0.09,0.8181,40,0.085,0.7727,50,0
IWM191129C164,2019-11-26,2019-11-26 09:34:23,0.09,0.8181,362,0.08,0.7272,860,0.09,0.8181,40,0.085,0.7727,50,0
IWM191129C164,2019-11-26,2019-11-26 09:34:24,0.09,0.8181,472,0.08,0.7272,974,0.09,0.8181,40,0.085,0.7727,50,0
IWM191129C164,2019-11-26,2019-11-26 09:34:25,0.09,0.8181,472,0.08,0.7272,974,0.09,0.8181,40,0.085,0.7727,50,0
IWM191129C164,2019-11-26,2019-11-26 09:34:26,0.09,0.8181,472,0.08,0.7272,974,0.09,0.8181,40,0.085,0.7727,50,0
IWM191129C164,2019-11-26,2019-11-26 09:34:26,0.1,0.909,702,0.08,0.7272,918,0.09,0.8181,40,0.09,0.8181,50,0
IWM191129C164,2019-11-26,2019-11-26 09:34:27,0.1,0.909,836,0.08,0.7272,1023,0.09,0.8181,40,0.09,0.8181,50,0
IWM191129C164,2019-11-26,2019-11-26 09:34:27,0.1,0.909,702,0.08,0.7272,1023,0.09,0.8181,40,0.09,0.8181,50,0
IWM191129C164,2019-11-26,2019-11-26 09:34:28,0.09,0.8181,169,0.08,0.7272,869,0.09,0.8181,40,0.085,0.7727,50,0
IWM191129C164,2019-11-26,2019-11-26 09:34:28,0.1,0.909,836,0.08,0.7272,1023,0.09,0.8181,40,0.09,0.8181,50,0
IWM191129C164,2019-11-26,2019-11-26 09:34:29,0.09,0.8181,169,0.08,0.7272,1013,0.09,0.8181,40,0.085,0.7727,50,0
IWM191129C164,2019-11-26,2019-11-26 09:34:30,0.1,0.909,861,0.08,0.7272,1013,0.09,0.8181,40,0.09,0.8181,50,0
IWM191129C164,2019-11-26,2019-11-26 09:34:30,0.1,0.909,702,0.08,0.7272,927,0.09,0.8181,40,0.09,0.8181,50,0
IWM191129C164,2019-11-26,2019-11-26 09:34:31,0.1,0.909,861,0.08,0.7272,1013,0.09,0.8181,40,0.09,0.8181,50,0
IWM191129C164,2019-11-26,2019-11-26 09:34:31,0.1,0.909,861,0.09,0.8181,146,0.09,0.8181,40,0.095,0.8636,50,0
IWM191129C164,2019-11-26,2019-11-26 09:34:32,0.1,0.909,861,0.09,0.8181,194,0.09,0.8181,40,0.095,0.8636,50,0
IWM191129C164,2019-11-26,2019-11-26 09:34:32,0.1,0.909,861,0.09,0.8181,269,0.09,0.8181,40,0.095,0.8636,50,0
IWM191129C164,2019-11-26,2019-11-26 09:34:33,0.1,0.909,861,0.09,0.8181,48,0.09,0.8181,40,0.095,0.8636,50,0
IWM191129C164,2019-11-26,2019-11-26 09:34:33,0.1,0.909,861,0.09,0.8181,225,0.09,0.8181,40,0.095,0.8636,50,0
IWM191129C164,2019-11-26,2019-11-26 09:34:34,0.1,0.909,861,0.09,0.8181,242,0.09,0.8181,40,0.095,0.8636,50,0
IWM191129C164,2019-11-26,2019-11-26 09:34:35,0.1,0.909,861,0.09,0.8181,140,0.09,0.8181,40,0.095,0.8636,50,0
IWM191129C164,2019-11-26,2019-11-26 09:34:35,0.1,0.909,861,0.09,0.8181,182,0.09,0.8181,40,0.095,0.8636,50,0
IWM191129C164,2019-11-26,2019-11-26 09:34:36,0.1,0.909,861,0.09,0.8181,140,0.09,0.8181,40,0.095,0.8636,50,0
IWM191129C164,2019-11-26,2019-11-26 09:34:36,0.1,0.909,861,0.09,0.8181,201,0.09,0.8181,40,0.095,0.8636,50,0
IWM191129C164,2019-11-26,2019-11-26 09:34:37,0.1,0.909,861,0.09,0.8181,201,0.09,0.8181,40,0.095,0.8636,50,0
IWM191129C164,2019-11-26,2019-11-26 09:34:38,0.1,0.909,861,0.09,0.8181,246,0.09,0.8181,40,0.095,0.8636,50,0
IWM191129C164,2019-11-26,2019-11-26 09:34:38,0.1,0.909,861,0.09,0.8181,314,0.09,0.8181,40,0.095,0.8636,50,0
IWM191129C164,2019-11-26,2019-11-26 09:34:39,0.1,0.909,861,0.09,0.8181,300,0.09,0.8181,40,0.095,0.8636,50,0
IWM191129C164,2019-11-26,2019-11-26 09:34:40,0.1,0.909,861,0.09,0.8181,131,0.09,0.8181,40,0.095,0.8636,50,0
IWM191129C164,2019-11-26,2019-11-26 09:34:41,0.1,0.909,861,0.09,0.8181,184,0.09,0.8181,40,0.095,0.8636,50,0
IWM191129C164,2019-11-26,2019-11-26 09:34:42,0.1,0.909,861,0.09,0.8181,171,0.09,0.8181,40,0.095,0.8636,50,0
IWM191129C164,2019-11-26,2019-11-26 09:34:43,0.1,0.909,861,0.09,0.8181,228,0.09,0.8181,40,0.095,0.8636,50,0
IWM191129C164,2019-11-26,2019-11-26 09:34:44,0.1,0.909,1018,0.09,0.8181,165,0.09,0.8181,40,0.095,0.8636,50,0
IWM191129C164,2019-11-26,2019-11-26 09:34:44,0.1,0.909,1018,0.09,0.8181,159,0.09,0.8181,40,0.095,0.8636,50,0
IWM191129C164,2019-11-26,2019-11-26 09:34:45,0.1,0.909,1018,0.09,0.8181,131,0.09,0.8181,40,0.095,0.8636,50,0
IWM191129C164,2019-11-26,2019-11-26 09:34:45,0.1,0.909,1018,0.09,0.8181,122,0.09,0.8181,40,0.095,0.8636,50,0
IWM191129C164,2019-11-26,2019-11-26 09:34:46,0.1,0.909,1018,0.08,0.7272,700,0.09,0.8181,40,0.09,0.8181,50,0
IWM191129C164,2019-11-26,2019-11-26 09:34:46,0.09,0.8181,366,0.08,0.7272,1103,0.09,0.8181,40,0.085,0.7727,50,0
IWM191129C164,2019-11-26,2019-11-26 09:34:47,0.09,0.8181,254,0.08,0.7272,1133,0.09,0.8181,40,0.085,0.7727,50,0
IWM191129C164,2019-11-26,2019-11-26 09:34:48,0.09,0.8181,240,0.08,0.7272,1133,0.09,0.8181,40,0.085,0.7727,50,0
IWM191129C164,2019-11-26,2019-11-26 09:34:48,0.09,0.8181,254,0.08,0.7272,1133,0.09,0.8181,40,0.085,0.7727,50,0
IWM191129C164,2019-11-26,2019-11-26 09:34:49,0.09,0.8181,240,0.08,0.7272,1133,0.09,0.8181,40,0.085,0.7727,50,0
IWM191129C164,2019-11-26,2019-11-26 09:34:49,0.09,0.8181,240,0.08,0.7272,1139,0.09,0.8181,40,0.085,0.7727,50,0
IWM191129C164,2019-11-26,2019-11-26 09:34:50,0.09,0.8181,240,0.08,0.7272,1139,0.09,0.8181,40,0.085,0.7727,50,0
IWM191129C164,2019-11-26,2019-11-26 09:34:51,0.09,0.8181,240,0.08,0.7272,1139,0.09,0.8181,40,0.085,0.7727,50,0
IWM191129C164,2019-11-26,2019-11-26 09:34:52,0.09,0.8181,240,0.08,0.7272,1139,0.09,0.8181,40,0.085,0.7727,50,0
IWM191129C164,2019-11-26,2019-11-26 09:34:53,0.09,0.8181,240,0.08,0.7272,1139,0.09,0.8181,40,0.085,0.7727,50,0
IWM191129C164,2019-11-26,2019-11-26 09:34:54,0.09,0.8181,240,0.08,0.7272,1139,0.09,0.8181,40,0.085,0.7727,50,0
IWM191129C164,2019-11-26,2019-11-26 09:34:54,0.09,0.8181,240,0.08,0.7272,1109,0.09,0.8181,40,0.085,0.7727,50,0
IWM191129C164,2019-11-26,2019-11-26 09:34:55,0.09,0.8181,240,0.08,0.7272,1139,0.09,0.8181,40,0.085,0.7727,50,0
IWM191129C164,2019-11-26,2019-11-26 09:34:56,0.1,0.909,712,0.09,0.8181,193,0.09,0.8181,40,0.095,0.8636,50,0
IWM191129C164,2019-11-26,2019-11-26 09:34:56,0.1,0.909,558,0.08,0.7272,1139,0.09,0.8181,40,0.09,0.8181,50,0
IWM191129C164,2019-11-26,2019-11-26 09:34:57,0.1,0.909,747,0.09,0.8181,122,0.09,0.8181,40,0.095,0.8636,50,0
IWM191129C164,2019-11-26,2019-11-26 09:34:58,0.1,0.909,747,0.09,0.8181,122,0.09,0.8181,40,0.095,0.8636,50,0
IWM191129C164,2019-11-26,2019-11-26 09:34:59,0.1,0.909,747,0.09,0.8181,122,0.09,0.8181,40,0.095,0.8636,50,0
IWM191129C164,2019-11-26,2019-11-26 09:35:00,0.1,0.909,590,0.09,0.8181,240,0.09,0.8181,40,0.095,0.8636,50,0
IWM191129C164,2019-11-26,2019-11-26 09:35:00,0.1,0.909,747,0.09,0.8181,134,0.09,0.8181,40,0.095,0.8636,50,0
IWM191129C164,2019-11-26,2019-11-26 09:35:01,0.1,0.909,618,0.09,0.8181,252,0.09,0.8181,40,0.095,0.8636,50,0
IWM191129C164,2019-11-26,2019-11-26 09:35:01,0.1,0.909,455,0.09,0.8181,280,0.09,0.8181,40,0.095,0.8636,50,0
IWM191129C164,2019-11-26,2019-11-26 09:35:02,0.1,0.909,618,0.09,0.8181,128,0.09,0.8181,40,0.095,0.8636,50,0
IWM191129C164,2019-11-26,2019-11-26 09:35:02,0.1,0.909,618,0.09,0.8181,252,0.09,0.8181,40,0.095,0.8636,50,0
IWM191129C164,2019-11-26,2019-11-26 09:35:03,0.1,0.909,618,0.09,0.8181,128,0.09,0.8181,40,0.095,0.8636,50,0
IWM191129C164,2019-11-26,2019-11-26 09:35:04,0.1,0.909,618,0.09,0.8181,128,0.09,0.8181,40,0.095,0.8636,50,0
IWM191129C164,2019-11-26,2019-11-26 09:35:05,0.1,0.909,787,0.09,0.8181,118,0.09,0.8181,40,0.095,0.8636,50,0
IWM191129C164,2019-11-26,2019-11-26 09:35:05,0.1,0.909,832,0.09,0.8181,41,0.09,0.8181,40,0.095,0.8636,50,0
IWM191129C164,2019-11-26,2019-11-26 09:35:06,0.1,0.909,793,0.09,0.8181,146,0.09,0.8181,40,0.095,0.8636,50,0
IWM191129C164,2019-11-26,2019-11-26 09:35:06,0.1,0.909,575,0.09,0.8181,146,0.09,0.8181,40,0.095,0.8636,50,0
IWM191129C164,2019-11-26,2019-11-26 09:35:07,0.1,0.909,618,0.09,0.8181,146,0.09,0.8181,40,0.095,0.8636,50,0
IWM191129C164,2019-11-26,2019-11-26 09:35:08,0.1,0.909,618,0.09,0.8181,146,0.09,0.8181,40,0.095,0.8636,50,0
IWM191129C164,2019-11-26,2019-11-26 09:35:09,0.1,0.909,618,0.09,0.8181,146,0.09,0.8181,40,0.095,0.8636,50,0
IWM191129C164,2019-11-26,2019-11-26 09:35:09,0.1,0.909,420,0.09,0.8181,146,0.09,0.8181,40,0.095,0.8636,50,0
IWM191129C164,2019-11-26,2019-11-26 09:35:10,0.1,0.909,618,0.09,0.8181,225,0.09,0.8181,40,0.095,0.8636,50,0
IWM191129C164,2019-11-26,2019-11-26 09:35:10,0.1,0.909,420,0.09,0.8181,225,0.09,0.8181,40,0.095,0.8636,50,0
IWM191129C164,2019-11-26,2019-11-26 09:35:11,0.1,0.909,618,0.09,0.8181,225,0.09,0.8181,40,0.095,0.8636,50,0
IWM191129C164,2019-11-26,2019-11-26 09:35:12,0.1,0.909,618,0.09,0.8181,225,0.09,0.8181,40,0.095,0.8636,50,0
IWM191129C164,2019-11-26,2019-11-26 09:35:12,0.1,0.909,618,0.09,0.8181,313,0.09,0.8181,40,0.095,0.8636,50,0
IWM191129C164,2019-11-26,2019-11-26 09:35:13,0.1,0.909,618,0.09,0.8181,313,0.09,0.8181,40,0.095,0.8636,50,0
IWM191129C164,2019-11-26,2019-11-26 09:35:14,0.1,0.909,618,0.09,0.8181,313,0.09,0.8181,40,0.095,0.8636,50,0
IWM191129C164,2019-11-26,2019-11-26 09:35:15,0.1,0.909,618,0.09,0.8181,313,0.09,0.8181,40,0.095,0.8636,50,0
IWM191129C164,2019-11-26,2019-11-26 09:35:16,0.1,0.909,618,0.09,0.8181,313,0.09,0.8181,40,0.095,0.8636,50,0
IWM191129C164,2019-11-26,2019-11-26 09:35:16,0.1,0.909,618,0.09,0.8181,244,0.09,0.8181,40,0.095,0.8636,50,0
IWM191129C164,2019-11-26,2019-11-26 09:35:17,0.1,0.909,618,0.09,0.8181,61,0.09,0.8181,40,0.095,0.8636,50,0
IWM191129C164,2019-11-26,2019-11-26 09:35:17,0.1,0.909,618,0.09,0.8181,193,0.09,0.8181,40,0.095,0.8636,50,0
IWM191129C164,2019-11-26,2019-11-26 09:35:18,0.1,0.909,625,0.09,0.8181,171,0.09,0.8181,40,0.095,0.8636,50,0
IWM191129C164,2019-11-26,2019-11-26 09:35:18,0.1,0.909,797,0.09,0.8181,60,0.09,0.8181,40,0.095,0.8636,50,0
IWM191129C164,2019-11-26,2019-11-26 09:35:19,0.1,0.909,797,0.09,0.8181,60,0.09,0.8181,40,0.095,0.8636,50,0
IWM191129C164,2019-11-26,2019-11-26 09:35:19,0.1,0.909,1383,0.09,0.8181,60,0.09,0.8181,40,0.095,0.8636,50,0
IWM191129C164,2019-11-26,2019-11-26 09:35:20,0.1,0.909,1383,0.09,0.8181,60,0.09,0.8181,40,0.095,0.8636,50,0
IWM191129C164,2019-11-26,2019-11-26 09:35:21,0.1,0.909,1383,0.09,0.8181,60,0.09,0.8181,40,0.095,0.8636,50,0
IWM191129C164,2019-11-26,2019-11-26 09:35:22,0.1,0.909,1383,0.09,0.8181,60,0.09,0.8181,40,0.095,0.8636,50,0
IWM191129C164,2019-11-26,2019-11-26 09:35:23,0.1,0.909,1383,0.09,0.8181,60,0.09,0.8181,40,0.095,0.8636,50,0
IWM191129C164,2019-11-26,2019-11-26 09:35:23,0.1,0.909,1383,0.08,0.7272,1411,0.09,0.8181,40,0.09,0.8181,50,0
IWM191129C164,2019-11-26,2019-11-26 09:35:24,0.1,0.909,1383,0.08,0.7272,1975,0.09,0.8181,40,0.09,0.8181,50,0
IWM191129C164,2019-11-26,2019-11-26 09:35:24,0.1,0.909,1383,0.08,0.7272,1982,0.09,0.8181,40,0.09,0.8181,50,0
IWM191129C164,2019-11-26,2019-11-26 09:35:25,0.1,0.909,914,0.08,0.7272,1423,0.09,0.8181,40,0.09,0.8181,50,0
IWM191129C164,2019-11-26,2019-11-26 09:35:25,0.1,0.909,1383,0.08,0.7272,2174,0.09,0.8181,40,0.09,0.8181,50,0
IWM191129C164,2019-11-26,2019-11-26 09:35:26,0.1,0.909,797,0.08,0.7272,1214,0.09,0.8181,40,0.09,0.8181,50,0
IWM191129C164,2019-11-26,2019-11-26 09:35:26,0.1,0.909,914,0.08,0.7272,1221,0.09,0.8181,40,0.09,0.8181,50,0
IWM191129C164,2019-11-26,2019-11-26 09:35:27,0.1,0.909,797,0.08,0.7272,1214,0.09,0.8181,40,0.09,0.8181,50,0
IWM191129C164,2019-11-26,2019-11-26 09:35:27,0.1,0.909,548,0.08,0.7272,877,0.09,0.8181,40,0.09,0.8181,50,0
IWM191129C164,2019-11-26,2019-11-26 09:35:28,0.1,0.909,797,0.08,0.7272,907,0.09,0.8181,40,0.09,0.8181,50,0
IWM191129C164,2019-11-26,2019-11-26 09:35:28,0.1,0.909,797,0.08,0.7272,1246,0.09,0.8181,40,0.09,0.8181,50,0
IWM191129C164,2019-11-26,2019-11-26 09:35:30,0.09,0.8181,13,0.08,0.7272,1186,0.09,0.8181,40,0.085,0.7727,50,0
IWM191129C164,2019-11-26,2019-11-26 09:35:30,0.09,0.8181,13,0.08,0.7272,1813,0.09,0.8181,40,0.085,0.7727,50,0
IWM191129C164,2019-11-26,2019-11-26 09:35:31,0.09,0.8181,209,0.08,0.7272,1813,0.09,0.8181,40,0.085,0.7727,50,0
IWM191129C164,2019-11-26,2019-11-26 09:35:31,0.09,0.8181,163,0.08,0.7272,1813,0.09,0.8181,40,0.085,0.7727,50,0
IWM191129C164,2019-11-26,2019-11-26 09:35:32,0.09,0.8181,652,0.08,0.7272,1805,0.09,0.8181,40,0.085,0.7727,50,0
IWM191129C164,2019-11-26,2019-11-26 09:35:32,0.09,0.8181,955,0.08,0.7272,1805,0.09,0.8181,40,0.085,0.7727,50,0
IWM191129C164,2019-11-26,2019-11-26 09:35:33,0.09,0.8181,955,0.08,0.7272,1805,0.09,0.8181,40,0.085,0.7727,50,0
IWM191129C164,2019-11-26,2019-11-26 09:35:34,0.09,0.8181,1097,0.08,0.7272,1789,0.09,0.8181,40,0.085,0.7727,50,0
IWM191129C164,2019-11-26,2019-11-26 09:35:34,0.09,0.8181,695,0.08,0.7272,1119,0.09,0.8181,40,0.085,0.7727,50,0
IWM191129C164,2019-11-26,2019-11-26 09:35:35,0.09,0.8181,695,0.08,0.7272,1149,0.09,0.8181,40,0.085,0.7727,50,0
IWM191129C164,2019-11-26,2019-11-26 09:35:35,0.09,0.8181,1097,0.08,0.7272,1759,0.09,0.8181,40,0.085,0.7727,50,0
IWM191129C164,2019-11-26,2019-11-26 09:35:36,0.09,0.8181,739,0.08,0.7272,1149,0.09,0.8181,40,0.085,0.7727,50,0
IWM191129C164,2019-11-26,2019-11-26 09:35:37,0.09,0.8181,739,0.08,0.7272,1149,0.09,0.8181,40,0.085,0.7727,50,0
IWM191129C164,2019-11-26,2019-11-26 09:35:38,0.09,0.8181,739,0.08,0.7272,1149,0.09,0.8181,40,0.085,0.7727,50,0
IWM191129C164,2019-11-26,2019-11-26 09:35:39,0.09,0.8181,739,0.08,0.7272,1149,0.09,0.8181,40,0.085,0.7727,50,0
IWM191129C164,2019-11-26,2019-11-26 09:35:40,0.09,0.8181,421,0.08,0.7272,1149,0.09,0.8181,40,0.085,0.7727,50,0
IWM191129C164,2019-11-26,2019-11-26 09:35:41,0.09,0.8181,421,0.08,0.7272,1179,0.09,0.8181,40,0.085,0.7727,50,0
IWM191129C164,2019-11-26,2019-11-26 09:35:42,0.09,0.8181,421,0.08,0.7272,1179,0.09,0.8181,40,0.085,0.7727,50,0
IWM191129C164,2019-11-26,2019-11-26 09:35:43,0.09,0.8181,330,0.08,0.7272,772,0.09,0.8181,40,0.085,0.7727,50,0
IWM191129C164,2019-11-26,2019-11-26 09:35:43,0.09,0.8181,421,0.08,0.7272,1149,0.09,0.8181,40,0.085,0.7727,50,0
IWM191129C164,2019-11-26,2019-11-26 09:35:44,0.09,0.8181,335,0.08,0.7272,856,0.09,0.8181,40,0.085,0.7727,50,0
IWM191129C164,2019-11-26,2019-11-26 09:35:44,0.09,0.8181,335,0.08,0.7272,965,0.09,0.8181,40,0.085,0.7727,50,0
IWM191129C164,2019-11-26,2019-11-26 09:35:45,0.09,0.8181,335,0.08,0.7272,965,0.09,0.8181,40,0.085,0.7727,50,0
IWM191129C164,2019-11-26,2019-11-26 09:35:45,0.09,0.8181,417,0.08,0.7272,1010,0.09,0.8181,40,0.085,0.7727,50,0
IWM191129C164,2019-11-26,2019-11-26 09:35:46,0.09,0.8181,417,0.08,0.7272,1040,0.09,0.8181,40,0.085,0.7727,50,0
IWM191129C164,2019-11-26,2019-11-26 09:35:46,0.09,0.8181,417,0.08,0.7272,980,0.09,0.8181,40,0.085,0.7727,50,0
IWM191129C164,2019-11-26,2019-11-26 09:35:47,0.09,0.8181,417,0.08,0.7272,1043,0.09,0.8181,40,0.085,0.7727,50,0
IWM191129C164,2019-11-26,2019-11-26 09:35:47,0.09,0.8181,417,0.08,0.7272,626,0.09,0.8181,40,0.085,0.7727,50,0
IWM191129C164,2019-11-26,2019-11-26 09:35:48,0.09,0.8181,417,0.08,0.7272,656,0.09,0.8181,40,0.085,0.7727,50,0
IWM191129C164,2019-11-26,2019-11-26 09:35:48,0.09,0.8181,417,0.08,0.7272,948,0.09,0.8181,40,0.085,0.7727,50,0
IWM191129C164,2019-11-26,2019-11-26 09:35:49,0.09,0.8181,305,0.08,0.7272,663,0.09,0.8181,40,0.085,0.7727,50,0
IWM191129C164,2019-11-26,2019-11-26 09:35:49,0.09,0.8181,305,0.08,0.7272,948,0.09,0.8181,40,0.085,0.7727,50,0
IWM191129C164,2019-11-26,2019-11-26 09:35:50,0.09,0.8181,503,0.08,0.7272,1516,0.09,0.8181,40,0.085,0.7727,50,0
IWM191129C164,2019-11-26,2019-11-26 09:35:51,0.09,0.8181,503,0.08,0.7272,1638,0.09,0.8181,40,0.085,0.7727,50,0
IWM191129C164,2019-11-26,2019-11-26 09:35:52,0.09,0.8181,246,0.08,0.7272,784,0.09,0.8181,40,0.085,0.7727,50,0
IWM191129C164,2019-11-26,2019-11-26 09:35:53,0.09,0.8181,246,0.08,0.7272,1302,0.09,0.8181,40,0.085,0.7727,50,0
IWM191129C164,2019-11-26,2019-11-26 09:35:54,0.09,0.8181,246,0.08,0.7272,930,0.09,0.8181,40,0.085,0.7727,50,0
IWM191129C164,2019-11-26,2019-11-26 09:35:54,0.09,0.8181,246,0.08,0.7272,632,0.09,0.8181,40,0.085,0.7727,50,0
IWM191129C164,2019-11-26,2019-11-26 09:35:55,0.09,0.8181,532,0.08,0.7272,1127,0.09,0.8181,40,0.085,0.7727,50,0
IWM191129C164,2019-11-26,2019-11-26 09:35:55,0.09,0.8181,427,0.08,0.7272,1127,0.09,0.8181,40,0.085,0.7727,50,0
IWM191129C164,2019-11-26,2019-11-26 09:35:56,0.09,0.8181,330,0.08,0.7272,751,0.09,0.8181,40,0.085,0.7727,50,0
IWM191129C164,2019-11-26,2019-11-26 09:35:56,0.09,0.8181,532,0.08,0.7272,1222,0.09,0.8181,40,0.085,0.7727,50,0
IWM191129C164,2019-11-26,2019-11-26 09:35:57,0.09,0.8181,443,0.08,0.7272,1247,0.09,0.8181,40,0.085,0.7727,50,0
IWM191129C164,2019-11-26,2019-11-26 09:35:57,0.09,0.8181,246,0.08,0.7272,751,0.09,0.8181,40,0.085,0.7727,50,0
IWM191129C164,2019-11-26,2019-11-26 09:35:58,0.09,0.8181,548,0.08,0.7272,1247,0.09,0.8181,40,0.085,0.7727,50,0
IWM191129C164,2019-11-26,2019-11-26 09:35:59,0.09,0.8181,548,0.08,0.7272,1247,0.09,0.8181,40,0.085,0.7727,50,0
IWM191129C164,2019-11-26,2019-11-26 09:35:59,0.09,0.8181,548,0.08,0.7272,1217,0.09,0.8181,40,0.085,0.7727,50,0
IWM191129C164,2019-11-26,2019-11-26 09:36:00,0.09,0.8181,548,0.08,0.7272,1247,0.09,0.8181,40,0.085,0.7727,50,0
IWM191129C164,2019-11-26,2019-11-26 09:36:01,0.09,0.8181,548,0.08,0.7272,1247,0.09,0.8181,40,0.085,0.7727,50,0
IWM191129C164,2019-11-26,2019-11-26 09:36:02,0.09,0.8181,548,0.08,0.7272,1547,0.09,0.8181,40,0.085,0.7727,50,0
IWM191129C164,2019-11-26,2019-11-26 09:36:03,0.09,0.8181,246,0.08,0.7272,1057,0.09,0.8181,40,0.085,0.7727,50,0
IWM191129C164,2019-11-26,2019-11-26 09:36:04,0.09,0.8181,285,0.08,0.7272,1051,0.09,0.8181,40,0.085,0.7727,50,0
IWM191129C164,2019-11-26,2019-11-26 09:36:04,0.09,0.8181,246,0.08,0.7272,1051,0.09,0.8181,40,0.085,0.7727,50,0
IWM191129C164,2019-11-26,2019-11-26 09:36:05,0.09,0.8181,380,0.08,0.7272,577,0.09,0.8181,40,0.085,0.7727,50,0
IWM191129C164,2019-11-26,2019-11-26 09:36:06,0.09,0.8181,380,0.08,0.7272,599,0.09,0.8181,40,0.085,0.7727,50,0
IWM191129C164,2019-11-26,2019-11-26 09:36:07,0.09,0.8181,412,0.08,0.7272,569,0.09,0.8181,40,0.085,0.7727,50,0
IWM191129C164,2019-11-26,2019-11-26 09:36:07,0.09,0.8181,412,0.08,0.7272,599,0.09,0.8181,40,0.085,0.7727,50,0
IWM191129C164,2019-11-26,2019-11-26 09:36:08,0.09,0.8181,412,0.08,0.7272,569,0.09,0.8181,40,0.085,0.7727,50,0
IWM191129C164,2019-11-26,2019-11-26 09:36:09,0.09,0.8181,491,0.08,0.7272,493,0.09,0.8181,40,0.085,0.7727,50,0
IWM191129C164,2019-11-26,2019-11-26 09:36:09,0.09,0.8181,491,0.08,0.7272,995,0.09,0.8181,40,0.085,0.7727,50,0
IWM191129C164,2019-11-26,2019-11-26 09:36:10,0.09,0.8181,491,0.08,0.7272,995,0.09,0.8181,40,0.085,0.7727,50,0
IWM191129C164,2019-11-26,2019-11-26 09:36:10,0.09,0.8181,491,0.08,0.7272,1001,0.09,0.8181,40,0.085,0.7727,50,0
IWM191129C164,2019-11-26,2019-11-26 09:36:11,0.09,0.8181,491,0.08,0.7272,995,0.09,0.8181,40,0.085,0.7727,50,0
IWM191129C164,2019-11-26,2019-11-26 09:36:11,0.09,0.8181,491,0.08,0.7272,1001,0.09,0.8181,40,0.085,0.7727,50,0
IWM191129C164,2019-11-26,2019-11-26 09:36:12,0.09,0.8181,246,0.08,0.7272,995,0.09,0.8181,40,0.085,0.7727,50,0
IWM191129C164,2019-11-26,2019-11-26 09:36:12,0.09,0.8181,246,0.08,0.7272,1001,0.09,0.8181,40,0.085,0.7727,50,0
IWM191129C164,2019-11-26,2019-11-26 09:36:13,0.09,0.8181,246,0.08,0.7272,965,0.09,0.8181,40,0.085,0.7727,50,0
IWM191129C164,2019-11-26,2019-11-26 09:36:13,0.09,0.8181,246,0.08,0.7272,995,0.09,0.8181,40,0.085,0.7727,50,0
IWM191129C164,2019-11-26,2019-11-26 09:36:14,0.09,0.8181,246,0.08,0.7272,965,0.09,0.8181,40,0.085,0.7727,50,0
IWM191129C164,2019-11-26,2019-11-26 09:36:15,0.09,0.8181,375,0.08,0.7272,965,0.09,0.8181,40,0.085,0.7727,50,0
IWM191129C164,2019-11-26,2019-11-26 09:36:16,0.09,0.8181,246,0.08,0.7272,1043,0.09,0.8181,40,0.085,0.7727,50,0
IWM191129C164,2019-11-26,2019-11-26 09:36:16,0.09,0.8181,246,0.08,0.7272,672,0.09,0.8181,40,0.085,0.7727,50,0
IWM191129C164,2019-11-26,2019-11-26 09:36:17,0.09,0.8181,246,0.08,0.7272,1049,0.09,0.8181,40,0.085,0.7727,50,0
IWM191129C164,2019-11-26,2019-11-26 09:36:18,0.09,0.8181,246,0.08,0.7272,1043,0.09,0.8181,40,0.085,0.7727,50,0
IWM191129C164,2019-11-26,2019-11-26 09:36:19,0.09,0.8181,246,0.08,0.7272,1019,0.09,0.8181,40,0.085,0.7727,50,0
IWM191129C164,2019-11-26,2019-11-26 09:36:19,0.09,0.8181,246,0.08,0.7272,1013,0.09,0.8181,40,0.085,0.7727,50,0
IWM191129C164,2019-11-26,2019-11-26 09:36:20,0.09,0.8181,246,0.08,0.7272,1013,0.09,0.8181,40,0.085,0.7727,50,0
IWM191129C164,2019-11-26,2019-11-26 09:36:20,0.09,0.8181,246,0.08,0.7272,1043,0.09,0.8181,40,0.085,0.7727,50,0
IWM191129C164,2019-11-26,2019-11-26 09:36:21,0.09,0.8181,246,0.08,0.7272,1049,0.09,0.8181,40,0.085,0.7727,50,0
IWM191129C164,2019-11-26,2019-11-26 09:36:22,0.09,0.8181,240,0.08,0.7272,1049,0.09,0.8181,40,0.085,0.7727,50,0
IWM191129C164,2019-11-26,2019-11-26 09:36:23,0.09,0.8181,240,0.08,0.7272,1049,0.09,0.8181,40,0.085,0.7727,50,0
IWM191129C164,2019-11-26,2019-11-26 09:36:24,0.09,0.8181,246,0.08,0.7272,749,0.09,0.8181,40,0.085,0.7727,50,0
IWM191129C164,2019-11-26,2019-11-26 09:36:24,0.09,0.8181,240,0.08,0.7272,1049,0.09,0.8181,40,0.085,0.7727,50,0
IWM191129C164,2019-11-26,2019-11-26 09:36:25,0.09,0.8181,246,0.08,0.7272,958,0.09,0.8181,40,0.085,0.7727,50,0
IWM191129C164,2019-11-26,2019-11-26 09:36:25,0.09,0.8181,240,0.08,0.7272,1049,0.09,0.8181,40,0.085,0.7727,50,0
IWM191129C164,2019-11-26,2019-11-26 09:36:26,0.09,0.8181,240,0.08,0.7272,1049,0.09,0.8181,40,0.085,0.7727,50,0
IWM191129C164,2019-11-26,2019-11-26 09:36:27,0.09,0.8181,240,0.08,0.7272,1049,0.09,0.8181,40,0.085,0.7727,50,0
IWM191129C164,2019-11-26,2019-11-26 09:36:28,0.09,0.8181,433,0.08,0.7272,1049,0.09,0.8181,40,0.085,0.7727,50,0
IWM191129C164,2019-11-26,2019-11-26 09:36:29,0.09,0.8181,403,0.08,0.7272,1049,0.09,0.8181,40,0.085,0.7727,50,0
IWM191129C164,2019-11-26,2019-11-26 09:36:29,0.09,0.8181,403,0.08,0.7272,1050,0.09,0.8181,40,0.085,0.7727,50,0
IWM191129C164,2019-11-26,2019-11-26 09:36:30,0.09,0.8181,403,0.08,0.7272,1050,0.09,0.8181,40,0.085,0.7727,50,0
IWM191129C164,2019-11-26,2019-11-26 09:36:30,0.09,0.8181,433,0.08,0.7272,1050,0.09,0.8181,40,0.085,0.7727,50,0
IWM191129C164,2019-11-26,2019-11-26 09:36:31,0.09,0.8181,403,0.08,0.7272,1050,0.09,0.8181,40,0.085,0.7727,50,0
IWM191129C164,2019-11-26,2019-11-26 09:36:31,0.09,0.8181,433,0.08,0.7272,1050,0.09,0.8181,40,0.085,0.7727,50,0
IWM191129C164,2019-11-26,2019-11-26 09:36:32,0.09,0.8181,718,0.08,0.7272,1651,0.09,0.8181,40,0.085,0.7727,50,0
IWM191129C164,2019-11-26,2019-11-26 09:36:32,0.09,0.8181,433,0.08,0.7272,1050,0.09,0.8181,40,0.085,0.7727,50,0
IWM191129C164,2019-11-26,2019-11-26 09:36:33,0.09,0.8181,688,0.08,0.7272,1651,0.09,0.8181,40,0.085,0.7727,50,0
IWM191129C164,2019-11-26,2019-11-26 09:36:33,0.09,0.8181,718,0.08,0.7272,1651,0.09,0.8181,40,0.085,0.7727,50,0
IWM191129C164,2019-11-26,2019-11-26 09:36:34,0.09,0.8181,718,0.08,0.7272,1651,0.09,0.8181,40,0.085,0.7727,50,0
IWM191129C164,2019-11-26,2019-11-26 09:36:35,0.09,0.8181,688,0.08,0.7272,1651,0.09,0.8181,40,0.085,0.7727,50,0
IWM191129C164,2019-11-26,2019-11-26 09:36:35,0.09,0.8181,718,0.08,0.7272,1644,0.09,0.8181,40,0.085,0.7727,50,0
IWM191129C164,2019-11-26,2019-11-26 09:36:36,0.09,0.8181,718,0.08,0.7272,1644,0.09,0.8181,40,0.085,0.7727,50,0
IWM191129C164,2019-11-26,2019-11-26 09:36:37,0.09,0.8181,433,0.08,0.7272,1043,0.09,0.8181,40,0.085,0.7727,50,0
IWM191129C164,2019-11-26,2019-11-26 09:36:38,0.09,0.8181,433,0.08,0.7272,1043,0.09,0.8181,40,0.085,0.7727,50,0
IWM191129C164,2019-11-26,2019-11-26 09:36:39,0.09,0.8181,630,0.08,0.7272,1650,0.09,0.8181,40,0.085,0.7727,50,0
IWM191129C164,2019-11-26,2019-11-26 09:36:39,0.09,0.8181,433,0.08,0.7272,1043,0.09,0.8181,40,0.085,0.7727,50,0
IWM191129C164,2019-11-26,2019-11-26 09:36:40,0.09,0.8181,630,0.08,0.7272,1650,0.09,0.8181,40,0.085,0.7727,50,0
IWM191129C164,2019-11-26,2019-11-26 09:36:41,0.09,0.8181,751,0.08,0.7272,1649,0.09,0.8181,40,0.085,0.7727,50,0
IWM191129C164,2019-11-26,2019-11-26 09:36:41,0.09,0.8181,433,0.08,0.7272,1650,0.09,0.8181,40,0.085,0.7727,50,0
IWM191129C164,2019-11-26,2019-11-26 09:36:42,0.09,0.8181,246,0.08,0.7272,1650,0.09,0.8181,40,0.085,0.7727,50,0
IWM191129C164,2019-11-26,2019-11-26 09:36:42,0.09,0.8181,403,0.08,0.7272,1650,0.09,0.8181,40,0.085,0.7727,50,0
IWM191129C164,2019-11-26,2019-11-26 09:36:43,0.09,0.8181,452,0.08,0.7272,1650,0.09,0.8181,40,0.085,0.7727,50,0
IWM191129C164,2019-11-26,2019-11-26 09:36:43,0.09,0.8181,528,0.08,0.7272,1650,0.09,0.8181,40,0.085,0.7727,50,0
IWM191129C164,2019-11-26,2019-11-26 09:36:44,0.09,0.8181,558,0.08,0.7272,1650,0.09,0.8181,40,0.085,0.7727,50,0
IWM191129C164,2019-11-26,2019-11-26 09:36:45,0.09,0.8181,528,0.08,0.7272,1650,0.09,0.8181,40,0.085,0.7727,50,0
IWM191129C164,2019-11-26,2019-11-26 09:36:45,0.09,0.8181,558,0.08,0.7272,1650,0.09,0.8181,40,0.085,0.7727,50,0
IWM191129C164,2019-11-26,2019-11-26 09:36:46,0.09,0.8181,528,0.08,0.7272,1173,0.09,0.8181,40,0.085,0.7727,50,0
IWM191129C164,2019-11-26,2019-11-26 09:36:46,0.09,0.8181,528,0.08,0.7272,1650,0.09,0.8181,40,0.085,0.7727,50,0
IWM191129C164,2019-11-26,2019-11-26 09:36:47,0.1,0.909,1858,0.08,0.7272,1275,0.09,0.8181,40,0.09,0.8181,50,0
IWM191129C164,2019-11-26,2019-11-26 09:36:47,0.1,0.909,869,0.08,0.7272,1261,0.09,0.8181,40,0.09,0.8181,50,0
IWM191129C164,2019-11-26,2019-11-26 09:36:48,0.1,0.909,2158,0.08,0.7272,1575,0.09,0.8181,40,0.09,0.8181,50,0
IWM191129C164,2019-11-26,2019-11-26 09:36:49,0.1,0.909,1298,0.08,0.7272,1140,0.09,0.8181,40,0.09,0.8181,50,0
IWM191129C164,2019-11-26,2019-11-26 09:36:49,0.09,0.8181,225,0.08,0.7272,1141,0.09,0.8181,40,0.085,0.7727,50,0
IWM191129C164,2019-11-26,2019-11-26 09:36:50,0.09,0.8181,225,0.08,0.7272,1441,0.09,0.8181,40,0.085,0.7727,50,0
IWM191129C164,2019-11-26,2019-11-26 09:36:50,0.09,0.8181,225,0.08,0.7272,1298,0.09,0.8181,40,0.085,0.7727,50,0
IWM191129C164,2019-11-26,2019-11-26 09:36:51,0.09,0.8181,225,0.08,0.7272,1728,0.09,0.8181,40,0.085,0.7727,50,0
IWM191129C164,2019-11-26,2019-11-26 09:36:52,0.09,0.8181,150,0.08,0.7272,1728,0.09,0.8181,40,0.085,0.7727,50,0
IWM191129C164,2019-11-26,2019-11-26 09:36:53,0.09,0.8181,169,0.08,0.7272,1728,0.09,0.8181,40,0.085,0.7727,50,0
IWM191129C164,2019-11-26,2019-11-26 09:36:54,0.09,0.8181,169,0.08,0.7272,1728,0.09,0.8181,40,0.085,0.7727,50,0
IWM191129C164,2019-11-26,2019-11-26 09:36:54,0.1,0.909,908,0.08,0.7272,1247,0.09,0.8181,40,0.09,0.8181,50,0
IWM191129C164,2019-11-26,2019-11-26 09:36:55,0.1,0.909,1466,0.08,0.7272,1698,0.09,0.8181,40,0.09,0.8181,50,0
IWM191129C164,2019-11-26,2019-11-26 09:36:56,0.1,0.909,1466,0.08,0.7272,1698,0.09,0.8181,40,0.09,0.8181,50,0
IWM191129C164,2019-11-26,2019-11-26 09:36:57,0.09,0.8181,300,0.08,0.7272,1238,0.09,0.8181,40,0.085,0.7727,50,0
IWM191129C164,2019-11-26,2019-11-26 09:36:57,0.09,0.8181,394,0.08,0.7272,1238,0.09,0.8181,40,0.085,0.7727,50,0
IWM191129C164,2019-11-26,2019-11-26 09:36:58,0.09,0.8181,397,0.08,0.7272,1238,0.09,0.8181,40,0.085,0.7727,50,0
IWM191129C164,2019-11-26,2019-11-26 09:36:58,0.09,0.8181,397,0.08,0.7272,1248,0.09,0.8181,40,0.085,0.7727,50,0
IWM191129C164,2019-11-26,2019-11-26 09:36:59,0.09,0.8181,225,0.08,0.7272,1248,0.09,0.8181,40,0.085,0.7727,50,0
IWM191129C164,2019-11-26,2019-11-26 09:36:59,0.09,0.8181,169,0.08,0.7272,1248,0.09,0.8181,40,0.085,0.7727,50,0
IWM191129C164,2019-11-26,2019-11-26 09:37:00,0.09,0.8181,169,0.08,0.7272,1248,0.09,0.8181,40,0.085,0.7727,50,0
IWM191129C164,2019-11-26,2019-11-26 09:37:00,0.09,0.8181,169,0.08,0.7272,1301,0.09,0.8181,40,0.085,0.7727,50,0
IWM191129C164,2019-11-26,2019-11-26 09:37:01,0.09,0.8181,169,0.08,0.7272,1301,0.09,0.8181,40,0.085,0.7727,50,0
IWM191129C164,2019-11-26,2019-11-26 09:37:02,0.09,0.8181,169,0.08,0.7272,1301,0.09,0.8181,40,0.085,0.7727,50,0
IWM191129C164,2019-11-26,2019-11-26 09:37:03,0.1,0.909,1060,0.08,0.7272,1300,0.09,0.8181,40,0.09,0.8181,50,0
IWM191129C164,2019-11-26,2019-11-26 09:37:03,0.09,0.8181,150,0.08,0.7272,1301,0.09,0.8181,40,0.085,0.7727,50,0
IWM191129C164,2019-11-26,2019-11-26 09:37:04,0.09,0.8181,160,0.08,0.7272,1038,0.09,0.8181,40,0.085,0.7727,50,0
IWM191129C164,2019-11-26,2019-11-26 09:37:04,0.09,0.8181,160,0.08,0.7272,648,0.09,0.8181,40,0.085,0.7727,50,0
IWM191129C164,2019-11-26,2019-11-26 09:37:05,0.09,0.8181,160,0.08,0.7272,718,0.09,0.8181,40,0.085,0.7727,50,0
IWM191129C164,2019-11-26,2019-11-26 09:37:05,0.09,0.8181,282,0.08,0.7272,871,0.09,0.8181,40,0.085,0.7727,50,0
IWM191129C164,2019-11-26,2019-11-26 09:37:06,0.09,0.8181,654,0.08,0.7272,1237,0.09,0.8181,40,0.085,0.7727,50,0
IWM191129C164,2019-11-26,2019-11-26 09:37:06,0.09,0.8181,674,0.08,0.7272,1227,0.09,0.8181,40,0.085,0.7727,50,0
IWM191129C164,2019-11-26,2019-11-26 09:37:07,0.09,0.8181,674,0.08,0.7272,1257,0.09,0.8181,40,0.085,0.7727,50,0
IWM191129C164,2019-11-26,2019-11-26 09:37:07,0.09,0.8181,674,0.08,0.7272,1227,0.09,0.8181,40,0.085,0.7727,50,0
IWM191129C164,2019-11-26,2019-11-26 09:37:08,0.09,0.8181,674,0.08,0.7272,715,0.09,0.8181,40,0.085,0.7727,50,0
IWM191129C164,2019-11-26,2019-11-26 09:37:08,0.09,0.8181,674,0.08,0.7272,1257,0.09,0.8181,40,0.085,0.7727,50,0
IWM191129C164,2019-11-26,2019-11-26 09:37:09,0.09,0.8181,797,0.08,0.7272,1086,0.09,0.8181,40,0.085,0.7727,50,0
IWM191129C164,2019-11-26,2019-11-26 09:37:09,0.09,0.8181,837,0.08,0.7272,1120,0.09,0.8181,40,0.085,0.7727,50,0
IWM191129C164,2019-11-26,2019-11-26 09:37:10,0.09,0.8181,633,0.08,0.7272,695,0.09,0.8181,40,0.085,0.7727,50,0
IWM191129C164,2019-11-26,2019-11-26 09:37:10,0.09,0.8181,603,0.08,0.7272,695,0.09,0.8181,40,0.085,0.7727,50,0
IWM191129C164,2019-11-26,2019-11-26 09:37:11,0.09,0.8181,706,0.08,0.7272,775,0.09,0.8181,40,0.085,0.7727,50,0
IWM191129C164,2019-11-26,2019-11-26 09:37:11,0.09,0.8181,751,0.08,0.7272,695,0.09,0.8181,40,0.085,0.7727,50,0
IWM191129C164,2019-11-26,2019-11-26 09:37:12,0.09,0.8181,533,0.08,0.7272,1080,0.09,0.8181,40,0.085,0.7727,50,0
IWM191129C164,2019-11-26,2019-11-26 09:37:12,0.09,0.8181,533,0.08,0.7272,679,0.09,0.8181,40,0.085,0.7727,50,0
IWM191129C164,2019-11-26,2019-11-26 09:37:13,0.09,0.8181,407,0.08,0.7272,775,0.09,0.8181,40,0.085,0.7727,50,0
IWM191129C164,2019-11-26,2019-11-26 09:37:13,0.09,0.8181,451,0.08,0.7272,669,0.09,0.8181,40,0.085,0.7727,50,0
IWM191129C164,2019-11-26,2019-11-26 09:37:14,0.09,0.8181,506,0.08,0.7272,505,0.09,0.8181,40,0.085,0.7727,50,0
IWM191129C164,2019-11-26,2019-11-26 09:37:14,0.09,0.8181,506,0.08,0.7272,105,0.09,0.8181,40,0.085,0.7727,50,0
IWM191129C164,2019-11-26,2019-11-26 09:37:15,0.09,0.8181,506,0.08,0.7272,316,0.09,0.8181,40,0.085,0.7727,50,0
IWM191129C164,2019-11-26,2019-11-26 09:37:15,0.09,0.8181,564,0.08,0.7272,316,0.09,0.8181,40,0.085,0.7727,50,0
IWM191129C164,2019-11-26,2019-11-26 09:37:16,0.09,0.8181,576,0.08,0.7272,105,0.09,0.8181,40,0.085,0.7727,50,0
IWM191129C164,2019-11-26,2019-11-26 09:37:16,0.09,0.8181,576,0.08,0.7272,316,0.09,0.8181,40,0.085,0.7727,50,0
IWM191129C164,2019-11-26,2019-11-26 09:37:17,0.09,0.8181,619,0.08,0.7272,105,0.09,0.8181,40,0.085,0.7727,50,0
IWM191129C164,2019-11-26,2019-11-26 09:37:18,0.09,0.8181,619,0.08,0.7272,65,0.09,0.8181,40,0.085,0.7727,50,0
IWM191129C164,2019-11-26,2019-11-26 09:37:18,0.09,0.8181,619,0.08,0.7272,59,0.09,0.8181,40,0.085,0.7727,50,0
IWM191129C164,2019-11-26,2019-11-26 09:37:19,0.09,0.8181,613,0.08,0.7272,65,0.09,0.8181,40,0.085,0.7727,50,0
IWM191129C164,2019-11-26,2019-11-26 09:37:19,0.09,0.8181,619,0.08,0.7272,65,0.09,0.8181,40,0.085,0.7727,50,0
IWM191129C164,2019-11-26,2019-11-26 09:37:20,0.09,0.8181,613,0.08,0.7272,73,0.09,0.8181,40,0.085,0.7727,50,0
IWM191129C164,2019-11-26,2019-11-26 09:37:20,0.09,0.8181,613,0.08,0.7272,350,0.09,0.8181,40,0.085,0.7727,50,0
IWM191129C164,2019-11-26,2019-11-26 09:37:21,0.09,0.8181,613,0.08,0.7272,93,0.09,0.8181,40,0.085,0.7727,50,0
IWM191129C164,2019-11-26,2019-11-26 09:37:21,0.09,0.8181,613,0.08,0.7272,73,0.09,0.8181,40,0.085,0.7727,50,0
IWM191129C164,2019-11-26,2019-11-26 09:37:22,0.09,0.8181,619,0.08,0.7272,93,0.09,0.8181,40,0.085,0.7727,50,0
IWM191129C164,2019-11-26,2019-11-26 09:37:23,0.09,0.8181,613,0.08,0.7272,59,0.09,0.8181,40,0.085,0.7727,50,0
IWM191129C164,2019-11-26,2019-11-26 09:37:24,0.09,0.8181,613,0.08,0.7272,59,0.09,0.8181,40,0.085,0.7727,50,0
IWM191129C164,2019-11-26,2019-11-26 09:37:24,0.09,0.8181,613,0.08,0.7272,321,0.09,0.8181,40,0.085,0.7727,50,0
IWM191129C164,2019-11-26,2019-11-26 09:37:25,0.09,0.8181,613,0.08,0.7272,96,0.09,0.8181,40,0.085,0.7727,50,0
IWM191129C164,2019-11-26,2019-11-26 09:37:25,0.09,0.8181,407,0.08,0.7272,387,0.09,0.8181,40,0.085,0.7727,50,0
IWM191129C164,2019-11-26,2019-11-26 09:37:26,0.09,0.8181,407,0.08,0.7272,147,0.09,0.8181,40,0.085,0.7727,50,0
IWM191129C164,2019-11-26,2019-11-26 09:37:26,0.09,0.8181,407,0.08,0.7272,274,0.09,0.8181,40,0.085,0.7727,50,0
IWM191129C164,2019-11-26,2019-11-26 09:37:27,0.09,0.8181,517,0.08,0.7272,482,0.09,0.8181,40,0.085,0.7727,50,0
IWM191129C164,2019-11-26,2019-11-26 09:37:27,0.09,0.8181,544,0.08,0.7272,220,0.09,0.8181,40,0.085,0.7727,50,0
IWM191129C164,2019-11-26,2019-11-26 09:37:28,0.09,0.8181,517,0.08,0.7272,482,0.09,0.8181,40,0.085,0.7727,50,0
IWM191129C164,2019-11-26,2019-11-26 09:37:29,0.09,0.8181,469,0.08,0.7272,482,0.09,0.8181,40,0.085,0.7727,50,0
IWM191129C164,2019-11-26,2019-11-26 09:37:30,0.09,0.8181,469,0.08,0.7272,910,0.09,0.8181,40,0.085,0.7727,50,0
IWM191129C164,2019-11-26,2019-11-26 09:37:30,0.09,0.8181,469,0.08,0.7272,482,0.09,0.8181,40,0.085,0.7727,50,0
IWM191129C164,2019-11-26,2019-11-26 09:37:31,0.09,0.8181,527,0.08,0.7272,880,0.09,0.8181,40,0.085,0.7727,50,0
IWM191129C164,2019-11-26,2019-11-26 09:37:32,0.09,0.8181,527,0.08,0.7272,482,0.09,0.8181,40,0.085,0.7727,50,0
IWM191129C164,2019-11-26,2019-11-26 09:37:32,0.09,0.8181,609,0.08,0.7272,422,0.09,0.8181,40,0.085,0.7727,50,0
IWM191129C164,2019-11-26,2019-11-26 09:37:33,0.09,0.8181,609,0.08,0.7272,422,0.09,0.8181,40,0.085,0.7727,50,0
IWM191129C164,2019-11-26,2019-11-26 09:37:33,0.09,0.8181,609,0.08,0.7272,309,0.09,0.8181,40,0.085,0.7727,50,0
IWM191129C164,2019-11-26,2019-11-26 09:37:34,0.09,0.8181,532,0.08,0.7272,132,0.09,0.8181,40,0.085,0.7727,50,0
IWM191129C164,2019-11-26,2019-11-26 09:37:35,0.09,0.8181,532,0.08,0.7272,132,0.09,0.8181,40,0.085,0.7727,50,0
IWM191129C164,2019-11-26,2019-11-26 09:37:36,0.09,0.8181,532,0.08,0.7272,132,0.09,0.8181,40,0.085,0.7727,50,0
IWM191129C164,2019-11-26,2019-11-26 09:37:36,0.09,0.8181,638,0.08,0.7272,132,0.09,0.8181,40,0.085,0.7727,50,0
IWM191129C164,2019-11-26,2019-11-26 09:37:37,0.09,0.8181,638,0.08,0.7272,142,0.09,0.8181,40,0.085,0.7727,50,0
IWM191129C164,2019-11-26,2019-11-26 09:37:37,0.09,0.8181,638,0.08,0.7272,132,0.09,0.8181,40,0.085,0.7727,50,0
IWM191129C164,2019-11-26,2019-11-26 09:37:38,0.09,0.8181,638,0.08,0.7272,162,0.09,0.8181,40,0.085,0.7727,50,0
IWM191129C164,2019-11-26,2019-11-26 09:37:39,0.09,0.8181,540,0.08,0.7272,297,0.09,0.8181,40,0.085,0.7727,50,0
IWM191129C164,2019-11-26,2019-11-26 09:37:39,0.09,0.8181,587,0.08,0.7272,463,0.09,0.8181,40,0.085,0.7727,50,0
IWM191129C164,2019-11-26,2019-11-26 09:37:40,0.09,0.8181,587,0.08,0.7272,297,0.09,0.8181,40,0.085,0.7727,50,0
IWM191129C164,2019-11-26,2019-11-26 09:37:41,0.09,0.8181,587,0.08,0.7272,297,0.09,0.8181,40,0.085,0.7727,50,0
IWM191129C164,2019-11-26,2019-11-26 09:37:41,0.09,0.8181,587,0.08,0.7272,437,0.09,0.8181,40,0.085,0.7727,50,0
IWM191129C164,2019-11-26,2019-11-26 09:37:42,0.09,0.8181,587,0.08,0.7272,437,0.09,0.8181,40,0.085,0.7727,50,0
IWM191129C164,2019-11-26,2019-11-26 09:37:42,0.09,0.8181,338,0.08,0.7272,717,0.09,0.8181,40,0.085,0.7727,50,0
IWM191129C164,2019-11-26,2019-11-26 09:37:43,0.09,0.8181,476,0.08,0.7272,502,0.09,0.8181,40,0.085,0.7727,50,0
IWM191129C164,2019-11-26,2019-11-26 09:37:43,0.09,0.8181,476,0.08,0.7272,297,0.09,0.8181,40,0.085,0.7727,50,0
IWM191129C164,2019-11-26,2019-11-26 09:37:44,0.09,0.8181,476,0.08,0.7272,502,0.09,0.8181,40,0.085,0.7727,50,0
IWM191129C164,2019-11-26,2019-11-26 09:37:44,0.09,0.8181,413,0.08,0.7272,623,0.09,0.8181,40,0.085,0.7727,50,0
IWM191129C164,2019-11-26,2019-11-26 09:37:45,0.09,0.8181,330,0.08,0.7272,777,0.09,0.8181,40,0.085,0.7727,50,0
IWM191129C164,2019-11-26,2019-11-26 09:37:45,0.09,0.8181,330,0.08,0.7272,677,0.09,0.8181,40,0.085,0.7727,50,0
IWM191129C164,2019-11-26,2019-11-26 09:37:46,0.09,0.8181,225,0.08,0.7272,768,0.09,0.8181,40,0.085,0.7727,50,0
IWM191129C164,2019-11-26,2019-11-26 09:37:47,0.09,0.8181,225,0.08,0.7272,777,0.09,0.8181,40,0.085,0.7727,50,0
IWM191129C164,2019-11-26,2019-11-26 09:37:47,0.09,0.8181,225,0.08,0.7272,768,0.09,0.8181,40,0.085,0.7727,50,0
IWM191129C164,2019-11-26,2019-11-26 09:37:48,0.09,0.8181,246,0.08,0.7272,1077,0.09,0.8181,40,0.085,0.7727,50,0
IWM191129C164,2019-11-26,2019-11-26 09:37:49,0.09,0.8181,246,0.08,0.7272,769,0.09,0.8181,40,0.085,0.7727,50,0
IWM191129C164,2019-11-26,2019-11-26 09:37:49,0.09,0.8181,246,0.08,0.7272,1077,0.09,0.8181,40,0.085,0.7727,50,0
IWM191129C164,2019-11-26,2019-11-26 09:37:50,0.09,0.8181,246,0.08,0.7272,769,0.09,0.8181,40,0.085,0.7727,50,0
IWM191129C164,2019-11-26,2019-11-26 09:37:51,0.09,0.8181,276,0.08,0.7272,762,0.09,0.8181,40,0.085,0.7727,50,0
IWM191129C164,2019-11-26,2019-11-26 09:37:51,0.09,0.8181,276,0.08,0.7272,769,0.09,0.8181,40,0.085,0.7727,50,0
IWM191129C164,2019-11-26,2019-11-26 09:37:52,0.09,0.8181,276,0.08,0.7272,762,0.09,0.8181,40,0.085,0.7727,50,0
IWM191129C164,2019-11-26,2019-11-26 09:37:52,0.09,0.8181,346,0.08,0.7272,732,0.09,0.8181,40,0.085,0.7727,50,0
IWM191129C164,2019-11-26,2019-11-26 09:37:53,0.09,0.8181,400,0.08,0.7272,732,0.09,0.8181,40,0.085,0.7727,50,0
IWM191129C164,2019-11-26,2019-11-26 09:37:54,0.09,0.8181,490,0.08,0.7272,666,0.09,0.8181,40,0.085,0.7727,50,0
IWM191129C164,2019-11-26,2019-11-26 09:37:55,0.09,0.8181,490,0.08,0.7272,666,0.09,0.8181,40,0.085,0.7727,50,0
IWM191129C164,2019-11-26,2019-11-26 09:37:56,0.09,0.8181,432,0.08,0.7272,658,0.09,0.8181,40,0.085,0.7727,50,0
IWM191129C164,2019-11-26,2019-11-26 09:37:56,0.09,0.8181,317,0.08,0.7272,599,0.09,0.8181,40,0.085,0.7727,50,0
IWM191129C164,2019-11-26,2019-11-26 09:37:57,0.09,0.8181,425,0.08,0.7272,597,0.09,0.8181,40,0.085,0.7727,50,0
IWM191129C164,2019-11-26,2019-11-26 09:37:58,0.09,0.8181,312,0.08,0.7272,647,0.09,0.8181,40,0.085,0.7727,50,0
IWM191129C164,2019-11-26,2019-11-26 09:37:59,0.09,0.8181,245,0.08,0.7272,717,0.09,0.8181,40,0.085,0.7727,50,0
IWM191129C164,2019-11-26,2019-11-26 09:37:59,0.09,0.8181,312,0.08,0.7272,717,0.09,0.8181,40,0.085,0.7727,50,0
IWM191129C164,2019-11-26,2019-11-26 09:38:00,0.09,0.8181,245,0.08,0.7272,747,0.09,0.8181,40,0.085,0.7727,50,0
IWM191129C164,2019-11-26,2019-11-26 09:38:00,0.09,0.8181,246,0.08,0.7272,717,0.09,0.8181,40,0.085,0.7727,50,0
IWM191129C164,2019-11-26,2019-11-26 09:38:01,0.09,0.8181,246,0.08,0.7272,747,0.09,0.8181,40,0.085,0.7727,50,0
IWM191129C164,2019-11-26,2019-11-26 09:38:01,0.09,0.8181,246,0.08,0.7272,717,0.09,0.8181,40,0.085,0.7727,50,0
IWM191129C164,2019-11-26,2019-11-26 09:38:02,0.09,0.8181,246,0.08,0.7272,769,0.09,0.8181,40,0.085,0.7727,50,0
IWM191129C164,2019-11-26,2019-11-26 09:38:02,0.09,0.8181,246,0.08,0.7272,747,0.09,0.8181,40,0.085,0.7727,50,0
IWM191129C164,2019-11-26,2019-11-26 09:38:03,0.09,0.8181,246,0.08,0.7272,769,0.09,0.8181,40,0.085,0.7727,50,0
IWM191129C164,2019-11-26,2019-11-26 09:38:04,0.09,0.8181,257,0.08,0.7272,754,0.09,0.8181,40,0.085,0.7727,50,0
IWM191129C164,2019-11-26,2019-11-26 09:38:04,0.09,0.8181,246,0.08,0.7272,769,0.09,0.8181,40,0.085,0.7727,50,0
IWM191129C164,2019-11-26,2019-11-26 09:38:05,0.09,0.8181,257,0.08,0.7272,717,0.09,0.8181,40,0.085,0.7727,50,0
IWM191129C164,2019-11-26,2019-11-26 09:38:06,0.09,0.8181,257,0.08,0.7272,717,0.09,0.8181,40,0.085,0.7727,50,0
IWM191129C164,2019-11-26,2019-11-26 09:38:07,0.09,0.8181,284,0.08,0.7272,693,0.09,0.8181,40,0.085,0.7727,50,0
IWM191129C164,2019-11-26,2019-11-26 09:38:07,0.09,0.8181,453,0.08,0.7272,693,0.09,0.8181,40,0.085,0.7727,50,0
IWM191129C164,2019-11-26,2019-11-26 09:38:08,0.09,0.8181,453,0.08,0.7272,693,0.09,0.8181,40,0.085,0.7727,50,0
IWM191129C164,2019-11-26,2019-11-26 09:38:08,0.09,0.8181,414,0.08,0.7272,693,0.09,0.8181,40,0.085,0.7727,50,0
IWM191129C164,2019-11-26,2019-11-26 09:38:09,0.09,0.8181,414,0.08,0.7272,693,0.09,0.8181,40,0.085,0.7727,50,0
IWM191129C164,2019-11-26,2019-11-26 09:38:09,0.09,0.8181,388,0.08,0.7272,693,0.09,0.8181,40,0.085,0.7727,50,0
IWM191129C164,2019-11-26,2019-11-26 09:38:10,0.09,0.8181,441,0.08,0.7272,693,0.09,0.8181,40,0.085,0.7727,50,0
IWM191129C164,2019-11-26,2019-11-26 09:38:10,0.09,0.8181,388,0.08,0.7272,693,0.09,0.8181,40,0.085,0.7727,50,0
IWM191129C164,2019-11-26,2019-11-26 09:38:11,0.09,0.8181,384,0.08,0.7272,693,0.09,0.8181,40,0.085,0.7727,50,0
IWM191129C164,2019-11-26,2019-11-26 09:38:12,0.09,0.8181,548,0.08,0.7272,693,0.09,0.8181,40,0.085,0.7727,50,0
IWM191129C164,2019-11-26,2019-11-26 09:38:12,0.09,0.8181,384,0.08,0.7272,693,0.09,0.8181,40,0.085,0.7727,50,0
IWM191129C164,2019-11-26,2019-11-26 09:38:13,0.09,0.8181,408,0.08,0.7272,693,0.09,0.8181,40,0.085,0.7727,50,0
IWM191129C164,2019-11-26,2019-11-26 09:38:13,0.09,0.8181,408,0.08,0.7272,851,0.09,0.8181,40,0.085,0.7727,50,0
IWM191129C164,2019-11-26,2019-11-26 09:38:14,0.09,0.8181,408,0.08,0.7272,821,0.09,0.8181,40,0.085,0.7727,50,0
IWM191129C164,2019-11-26,2019-11-26 09:38:15,0.09,0.8181,408,0.08,0.7272,815,0.09,0.8181,40,0.085,0.7727,50,0
IWM191129C164,2019-11-26,2019-11-26 09:38:15,0.09,0.8181,408,0.08,0.7272,852,0.09,0.8181,40,0.085,0.7727,50,0
IWM191129C164,2019-11-26,2019-11-26 09:38:16,0.09,0.8181,408,0.08,0.7272,854,0.09,0.8181,40,0.085,0.7727,50,0
IWM191129C164,2019-11-26,2019-11-26 09:38:17,0.09,0.8181,408,0.08,0.7272,854,0.09,0.8181,40,0.085,0.7727,50,0
IWM191129C164,2019-11-26,2019-11-26 09:38:18,0.09,0.8181,448,0.08,0.7272,854,0.09,0.8181,40,0.085,0.7727,50,0
IWM191129C164,2019-11-26,2019-11-26 09:38:18,0.09,0.8181,448,0.08,0.7272,693,0.09,0.8181,40,0.085,0.7727,50,0
IWM191129C164,2019-11-26,2019-11-26 09:38:19,0.09,0.8181,513,0.08,0.7272,693,0.09,0.8181,40,0.085,0.7727,50,0
IWM191129C164,2019-11-26,2019-11-26 09:38:20,0.09,0.8181,542,0.08,0.7272,693,0.09,0.8181,40,0.085,0.7727,50,0
IWM191129C164,2019-11-26,2019-11-26 09:38:20,0.09,0.8181,513,0.08,0.7272,693,0.09,0.8181,40,0.085,0.7727,50,0
IWM191129C164,2019-11-26,2019-11-26 09:38:21,0.09,0.8181,542,0.08,0.7272,704,0.09,0.8181,40,0.085,0.7727,50,0
IWM191129C164,2019-11-26,2019-11-26 09:38:21,0.09,0.8181,542,0.08,0.7272,693,0.09,0.8181,40,0.085,0.7727,50,0
IWM191129C164,2019-11-26,2019-11-26 09:38:22,0.09,0.8181,330,0.08,0.7272,726,0.09,0.8181,40,0.085,0.7727,50,0
IWM191129C164,2019-11-26,2019-11-26 09:38:22,0.09,0.8181,240,0.08,0.7272,756,0.09,0.8181,40,0.085,0.7727,50,0
IWM191129C164,2019-11-26,2019-11-26 09:38:23,0.09,0.8181,240,0.08,0.7272,756,0.09,0.8181,40,0.085,0.7727,50,0
IWM191129C164,2019-11-26,2019-11-26 09:38:24,0.09,0.8181,318,0.08,0.7272,924,0.09,0.8181,40,0.085,0.7727,50,0
IWM191129C164,2019-11-26,2019-11-26 09:38:24,0.09,0.8181,423,0.08,0.7272,924,0.09,0.8181,40,0.085,0.7727,50,0
IWM191129C164,2019-11-26,2019-11-26 09:38:25,0.09,0.8181,423,0.08,0.7272,924,0.09,0.8181,40,0.085,0.7727,50,0
IWM191129C164,2019-11-26,2019-11-26 09:38:26,0.09,0.8181,423,0.08,0.7272,866,0.09,0.8181,40,0.085,0.7727,50,0
IWM191129C164,2019-11-26,2019-11-26 09:38:26,0.09,0.8181,423,0.08,0.7272,825,0.09,0.8181,40,0.085,0.7727,50,0
IWM191129C164,2019-11-26,2019-11-26 09:38:27,0.09,0.8181,423,0.08,0.7272,896,0.09,0.8181,40,0.085,0.7727,50,0
IWM191129C164,2019-11-26,2019-11-26 09:38:28,0.09,0.8181,423,0.08,0.7272,866,0.09,0.8181,40,0.085,0.7727,50,0
IWM191129C164,2019-11-26,2019-11-26 09:38:28,0.09,0.8181,473,0.08,0.7272,866,0.09,0.8181,40,0.085,0.7727,50,0
IWM191129C164,2019-11-26,2019-11-26 09:38:29,0.09,0.8181,473,0.08,0.7272,866,0.09,0.8181,40,0.085,0.7727,50,0
IWM191129C164,2019-11-26,2019-11-26 09:38:29,0.09,0.8181,526,0.08,0.7272,866,0.09,0.8181,40,0.085,0.7727,50,0
IWM191129C164,2019-11-26,2019-11-26 09:38:30,0.09,0.8181,423,0.08,0.7272,866,0.09,0.8181,40,0.085,0.7727,50,0
IWM191129C164,2019-11-26,2019-11-26 09:38:30,0.09,0.8181,463,0.08,0.7272,866,0.09,0.8181,40,0.085,0.7727,50,0
IWM191129C164,2019-11-26,2019-11-26 09:38:31,0.09,0.8181,423,0.08,0.7272,902,0.09,0.8181,40,0.085,0.7727,50,0
IWM191129C164,2019-11-26,2019-11-26 09:38:32,0.09,0.8181,423,0.08,0.7272,902,0.09,0.8181,40,0.085,0.7727,50,0
IWM191129C164,2019-11-26,2019-11-26 09:38:33,0.09,0.8181,423,0.08,0.7272,872,0.09,0.8181,40,0.085,0.7727,50,0
IWM191129C164,2019-11-26,2019-11-26 09:38:33,0.09,0.8181,423,0.08,0.7272,902,0.09,0.8181,40,0.085,0.7727,50,0
IWM191129C164,2019-11-26,2019-11-26 09:38:34,0.09,0.8181,423,0.08,0.7272,872,0.09,0.8181,40,0.085,0.7727,50,0
IWM191129C164,2019-11-26,2019-11-26 09:38:34,0.09,0.8181,470,0.08,0.7272,872,0.09,0.8181,40,0.085,0.7727,50,0
IWM191129C164,2019-11-26,2019-11-26 09:38:35,0.09,0.8181,508,0.08,0.7272,872,0.09,0.8181,40,0.085,0.7727,50,0
IWM191129C164,2019-11-26,2019-11-26 09:38:35,0.09,0.8181,423,0.08,0.7272,872,0.09,0.8181,40,0.085,0.7727,50,0
IWM191129C164,2019-11-26,2019-11-26 09:38:36,0.09,0.8181,869,0.08,0.7272,904,0.09,0.8181,40,0.085,0.7727,50,0
IWM191129C164,2019-11-26,2019-11-26 09:38:36,0.09,0.8181,869,0.08,0.7272,831,0.09,0.8181,40,0.085,0.7727,50,0
IWM191129C164,2019-11-26,2019-11-26 09:38:37,0.09,0.8181,869,0.08,0.7272,874,0.09,0.8181,40,0.085,0.7727,50,0
IWM191129C164,2019-11-26,2019-11-26 09:38:38,0.09,0.8181,839,0.08,0.7272,874,0.09,0.8181,40,0.085,0.7727,50,0
IWM191129C164,2019-11-26,2019-11-26 09:38:38,0.09,0.8181,869,0.08,0.7272,874,0.09,0.8181,40,0.085,0.7727,50,0
IWM191129C164,2019-11-26,2019-11-26 09:38:39,0.09,0.8181,784,0.08,0.7272,874,0.09,0.8181,40,0.085,0.7727,50,0
IWM191129C164,2019-11-26,2019-11-26 09:38:39,0.09,0.8181,839,0.08,0.7272,874,0.09,0.8181,40,0.085,0.7727,50,0
IWM191129C164,2019-11-26,2019-11-26 09:38:40,0.09,0.8181,872,0.08,0.7272,874,0.09,0.8181,40,0.085,0.7727,50,0
IWM191129C164,2019-11-26,2019-11-26 09:38:41,0.09,0.8181,872,0.08,0.7272,874,0.09,0.8181,40,0.085,0.7727,50,0
IWM191129C164,2019-11-26,2019-11-26 09:38:41,0.09,0.8181,872,0.08,0.7272,908,0.09,0.8181,40,0.085,0.7727,50,0
IWM191129C164,2019-11-26,2019-11-26 09:38:42,0.09,0.8181,903,0.08,0.7272,878,0.09,0.8181,40,0.085,0.7727,50,0
IWM191129C164,2019-11-26,2019-11-26 09:38:42,0.09,0.8181,872,0.08,0.7272,878,0.09,0.8181,40,0.085,0.7727,50,0
IWM191129C164,2019-11-26,2019-11-26 09:38:43,0.09,0.8181,903,0.08,0.7272,873,0.09,0.8181,40,0.085,0.7727,50,0
IWM191129C164,2019-11-26,2019-11-26 09:38:44,0.09,0.8181,903,0.08,0.7272,902,0.09,0.8181,40,0.085,0.7727,50,0
IWM191129C164,2019-11-26,2019-11-26 09:38:45,0.09,0.8181,903,0.08,0.7272,902,0.09,0.8181,40,0.085,0.7727,50,0
IWM191129C164,2019-11-26,2019-11-26 09:38:46,0.09,0.8181,903,0.08,0.7272,902,0.09,0.8181,40,0.085,0.7727,50,0
IWM191129C164,2019-11-26,2019-11-26 09:38:47,0.09,0.8181,869,0.08,0.7272,902,0.09,0.8181,40,0.085,0.7727,50,0
IWM191129C164,2019-11-26,2019-11-26 09:38:47,0.09,0.8181,931,0.08,0.7272,902,0.09,0.8181,40,0.085,0.7727,50,0
IWM191129C164,2019-11-26,2019-11-26 09:38:48,0.09,0.8181,604,0.08,0.7272,704,0.09,0.8181,40,0.085,0.7727,50,0
IWM191129C164,2019-11-26,2019-11-26 09:38:48,0.09,0.8181,1041,0.08,0.7272,704,0.09,0.8181,40,0.085,0.7727,50,0
IWM191129C164,2019-11-26,2019-11-26 09:38:49,0.09,0.8181,1041,0.08,0.7272,825,0.09,0.8181,40,0.085,0.7727,50,0
IWM191129C164,2019-11-26,2019-11-26 09:38:49,0.09,0.8181,1041,0.08,0.7272,817,0.09,0.8181,40,0.085,0.7727,50,0
IWM191129C164,2019-11-26,2019-11-26 09:38:50,0.09,0.8181,1041,0.08,0.7272,808,0.09,0.8181,40,0.085,0.7727,50,0
IWM191129C164,2019-11-26,2019-11-26 09:38:50,0.09,0.8181,1041,0.08,0.7272,825,0.09,0.8181,40,0.085,0.7727,50,0
IWM191129C164,2019-11-26,2019-11-26 09:38:51,0.09,0.8181,1110,0.08,0.7272,808,0.09,0.8181,40,0.085,0.7727,50,0
IWM191129C164,2019-11-26,2019-11-26 09:38:51,0.09,0.8181,1041,0.08,0.7272,808,0.09,0.8181,40,0.085,0.7727,50,0
IWM191129C164,2019-11-26,2019-11-26 09:38:52,0.09,0.8181,1110,0.08,0.7272,808,0.09,0.8181,40,0.085,0.7727,50,0
IWM191129C164,2019-11-26,2019-11-26 09:38:52,0.09,0.8181,1116,0.08,0.7272,808,0.09,0.8181,40,0.085,0.7727,50,0
IWM191129C164,2019-11-26,2019-11-26 09:38:53,0.09,0.8181,876,0.08,0.7272,808,0.09,0.8181,40,0.085,0.7727,50,0
IWM191129C164,2019-11-26,2019-11-26 09:38:53,0.09,0.8181,774,0.08,0.7272,814,0.09,0.8181,40,0.085,0.7727,50,0
IWM191129C164,2019-11-26,2019-11-26 09:38:54,0.09,0.8181,1197,0.08,0.7272,789,0.09,0.8181,40,0.085,0.7727,50,0
IWM191129C164,2019-11-26,2019-11-26 09:38:54,0.09,0.8181,774,0.08,0.7272,814,0.09,0.8181,40,0.085,0.7727,50,0
IWM191129C164,2019-11-26,2019-11-26 09:38:55,0.09,0.8181,1197,0.08,0.7272,696,0.09,0.8181,40,0.085,0.7727,50,0
IWM191129C164,2019-11-26,2019-11-26 09:38:55,0.09,0.8181,1197,0.08,0.7272,789,0.09,0.8181,40,0.085,0.7727,50,0
IWM191129C164,2019-11-26,2019-11-26 09:38:56,0.09,0.8181,1197,0.08,0.7272,696,0.09,0.8181,40,0.085,0.7727,50,0
IWM191129C164,2019-11-26,2019-11-26 09:38:57,0.09,0.8181,1197,0.08,0.7272,696,0.09,0.8181,40,0.085,0.7727,50,0
IWM191129C164,2019-11-26,2019-11-26 09:38:58,0.09,0.8181,1197,0.08,0.7272,696,0.09,0.8181,40,0.085,0.7727,50,0
IWM191129C164,2019-11-26,2019-11-26 09:38:59,0.09,0.8181,1354,0.08,0.7272,785,0.09,0.8181,40,0.085,0.7727,50,0
IWM191129C164,2019-11-26,2019-11-26 09:38:59,0.09,0.8181,1348,0.08,0.7272,785,0.09,0.8181,40,0.085,0.7727,50,0
IWM191129C164,2019-11-26,2019-11-26 09:39:00,0.09,0.8181,1348,0.08,0.7272,890,0.09,0.8181,40,0.085,0.7727,50,0
IWM191129C164,2019-11-26,2019-11-26 09:39:00,0.09,0.8181,1348,0.08,0.7272,842,0.09,0.8181,40,0.085,0.7727,50,0
IWM191129C164,2019-11-26,2019-11-26 09:39:01,0.09,0.8181,1348,0.08,0.7272,890,0.09,0.8181,40,0.085,0.7727,50,0
IWM191129C164,2019-11-26,2019-11-26 09:39:02,0.09,0.8181,1267,0.08,0.7272,890,0.09,0.8181,40,0.085,0.7727,50,0
IWM191129C164,2019-11-26,2019-11-26 09:39:03,0.09,0.8181,1267,0.08,0.7272,890,0.09,0.8181,40,0.085,0.7727,50,0
IWM191129C164,2019-11-26,2019-11-26 09:39:04,0.09,0.8181,1267,0.08,0.7272,890,0.09,0.8181,40,0.085,0.7727,50,0
IWM191129C164,2019-11-26,2019-11-26 09:39:05,0.09,0.8181,1087,0.08,0.7272,817,0.09,0.8181,40,0.085,0.7727,50,0
IWM191129C164,2019-11-26,2019-11-26 09:39:05,0.09,0.8181,1087,0.08,0.7272,753,0.09,0.8181,40,0.085,0.7727,50,0
IWM191129C164,2019-11-26,2019-11-26 09:39:06,0.09,0.8181,1314,0.08,0.7272,753,0.09,0.8181,40,0.085,0.7727,50,0
IWM191129C164,2019-11-26,2019-11-26 09:39:06,0.09,0.8181,1320,0.08,0.7272,664,0.09,0.8181,40,0.085,0.7727,50,0
IWM191129C164,2019-11-26,2019-11-26 09:39:07,0.09,0.8181,1536,0.08,0.7272,154,0.09,0.8181,40,0.085,0.7727,50,0
IWM191129C164,2019-11-26,2019-11-26 09:39:07,0.09,0.8181,1403,0.08,0.7272,353,0.09,0.8181,40,0.085,0.7727,50,0
IWM191129C164,2019-11-26,2019-11-26 09:39:08,0.09,0.8181,1536,0.08,0.7272,534,0.09,0.8181,40,0.085,0.7727,50,0
IWM191129C164,2019-11-26,2019-11-26 09:39:09,0.09,0.8181,1000,0.08,0.7272,534,0.09,0.8181,40,0.085,0.7727,50,0
IWM191129C164,2019-11-26,2019-11-26 09:39:09,0.09,0.8181,1536,0.08,0.7272,534,0.09,0.8181,40,0.085,0.7727,50,0
IWM191129C164,2019-11-26,2019-11-26 09:39:10,0.09,0.8181,1132,0.08,0.7272,799,0.09,0.8181,40,0.085,0.7727,50,0
IWM191129C164,2019-11-26,2019-11-26 09:39:11,0.09,0.8181,1132,0.08,0.7272,799,0.09,0.8181,40,0.085,0.7727,50,0
IWM191129C164,2019-11-26,2019-11-26 09:39:12,0.09,0.8181,1132,0.08,0.7272,799,0.09,0.8181,40,0.085,0.7727,50,0
IWM191129C164,2019-11-26,2019-11-26 09:39:13,0.09,0.8181,861,0.08,0.7272,841,0.09,0.8181,40,0.085,0.7727,50,0
IWM191129C164,2019-11-26,2019-11-26 09:39:14,0.09,0.8181,861,0.08,0.7272,841,0.09,0.8181,40,0.085,0.7727,50,0
IWM191129C164,2019-11-26,2019-11-26 09:39:14,0.09,0.8181,1282,0.08,0.7272,841,0.09,0.8181,40,0.085,0.7727,50,0
IWM191129C164,2019-11-26,2019-11-26 09:39:15,0.09,0.8181,1282,0.08,0.7272,807,0.09,0.8181,40,0.085,0.7727,50,0
IWM191129C164,2019-11-26,2019-11-26 09:39:16,0.09,0.8181,1302,0.08,0.7272,839,0.09,0.8181,40,0.085,0.7727,50,0
IWM191129C164,2019-11-26,2019-11-26 09:39:17,0.09,0.8181,1302,0.08,0.7272,839,0.09,0.8181,40,0.085,0.7727,50,0
IWM191129C164,2019-11-26,2019-11-26 09:39:17,0.09,0.8181,1302,0.08,0.7272,845,0.09,0.8181,40,0.085,0.7727,50,0
IWM191129C164,2019-11-26,2019-11-26 09:39:18,0.09,0.8181,812,0.08,0.7272,845,0.09,0.8181,40,0.085,0.7727,50,0
IWM191129C164,2019-11-26,2019-11-26 09:39:18,0.09,0.8181,812,0.08,0.7272,809,0.09,0.8181,40,0.085,0.7727,50,0
IWM191129C164,2019-11-26,2019-11-26 09:39:19,0.09,0.8181,812,0.08,0.7272,809,0.09,0.8181,40,0.085,0.7727,50,0
IWM191129C164,2019-11-26,2019-11-26 09:39:20,0.09,0.8181,1328,0.08,0.7272,809,0.09,0.8181,40,0.085,0.7727,50,0
IWM191129C164,2019-11-26,2019-11-26 09:39:20,0.09,0.8181,812,0.08,0.7272,809,0.09,0.8181,40,0.085,0.7727,50,0
IWM191129C164,2019-11-26,2019-11-26 09:39:21,0.09,0.8181,1328,0.08,0.7272,790,0.09,0.8181,40,0.085,0.7727,50,0
IWM191129C164,2019-11-26,2019-11-26 09:39:22,0.09,0.8181,1341,0.08,0.7272,442,0.09,0.8181,40,0.085,0.7727,50,0
IWM191129C164,2019-11-26,2019-11-26 09:39:22,0.09,0.8181,1341,0.08,0.7272,164,0.09,0.8181,40,0.085,0.7727,50,0
IWM191129C164,2019-11-26,2019-11-26 09:39:23,0.09,0.8181,1341,0.08,0.7272,562,0.09,0.8181,40,0.085,0.7727,50,0
IWM191129C164,2019-11-26,2019-11-26 09:39:24,0.09,0.8181,1474,0.08,0.7272,562,0.09,0.8181,40,0.085,0.7727,50,0
IWM191129C164,2019-11-26,2019-11-26 09:39:25,0.09,0.8181,1474,0.08,0.7272,562,0.09,0.8181,40,0.085,0.7727,50,0
IWM191129C164,2019-11-26,2019-11-26 09:39:25,0.09,0.8181,951,0.08,0.7272,112,0.09,0.8181,40,0.085,0.7727,50,0
IWM191129C164,2019-11-26,2019-11-26 09:39:26,0.09,0.8181,951,0.08,0.7272,527,0.09,0.8181,40,0.085,0.7727,50,0
IWM191129C164,2019-11-26,2019-11-26 09:39:27,0.09,0.8181,951,0.08,0.7272,527,0.09,0.8181,40,0.085,0.7727,50,0
IWM191129C164,2019-11-26,2019-11-26 09:39:28,0.09,0.8181,951,0.08,0.7272,527,0.09,0.8181,40,0.085,0.7727,50,0
IWM191129C164,2019-11-26,2019-11-26 09:39:29,0.09,0.8181,951,0.08,0.7272,527,0.09,0.8181,40,0.085,0.7727,50,0
IWM191129C164,2019-11-26,2019-11-26 09:39:30,0.09,0.8181,951,0.08,0.7272,527,0.09,0.8181,40,0.085,0.7727,50,0
IWM191129C164,2019-11-26,2019-11-26 09:39:31,0.09,0.8181,951,0.08,0.7272,527,0.09,0.8181,40,0.085,0.7727,50,0
IWM191129C164,2019-11-26,2019-11-26 09:39:32,0.09,0.8181,951,0.08,0.7272,527,0.09,0.8181,40,0.085,0.7727,50,0
IWM191129C164,2019-11-26,2019-11-26 09:39:33,0.09,0.8181,951,0.08,0.7272,527,0.09,0.8181,40,0.085,0.7727,50,0
IWM191129C164,2019-11-26,2019-11-26 09:39:34,0.09,0.8181,951,0.08,0.7272,112,0.09,0.8181,40,0.085,0.7727,50,0
IWM191129C164,2019-11-26,2019-11-26 09:39:34,0.09,0.8181,951,0.08,0.7272,339,0.09,0.8181,40,0.085,0.7727,50,0
IWM191129C164,2019-11-26,2019-11-26 09:39:35,0.09,0.8181,640,0.08,0.7272,368,0.09,0.8181,40,0.085,0.7727,50,0
IWM191129C164,2019-11-26,2019-11-26 09:39:35,0.09,0.8181,951,0.08,0.7272,622,0.09,0.8181,40,0.085,0.7727,50,0
IWM191129C164,2019-11-26,2019-11-26 09:39:36,0.09,0.8181,640,0.08,0.7272,529,0.09,0.8181,40,0.085,0.7727,50,0
IWM191129C164,2019-11-26,2019-11-26 09:39:37,0.09,0.8181,640,0.08,0.7272,112,0.09,0.8181,40,0.085,0.7727,50,0
IWM191129C164,2019-11-26,2019-11-26 09:39:37,0.09,0.8181,640,0.08,0.7272,529,0.09,0.8181,40,0.085,0.7727,50,0
IWM191129C164,2019-11-26,2019-11-26 09:39:38,0.09,0.8181,640,0.08,0.7272,131,0.09,0.8181,40,0.085,0.7727,50,0
IWM191129C164,2019-11-26,2019-11-26 09:39:38,0.09,0.8181,640,0.08,0.7272,525,0.09,0.8181,40,0.085,0.7727,50,0
IWM191129C164,2019-11-26,2019-11-26 09:39:39,0.09,0.8181,640,0.07,0.6363,865,0.09,0.8181,40,0.08,0.7272,50,0
IWM191129C164,2019-11-26,2019-11-26 09:39:39,0.09,0.8181,640,0.07,0.6363,1309,0.09,0.8181,40,0.08,0.7272,50,0
IWM191129C164,2019-11-26,2019-11-26 09:39:40,0.09,0.8181,773,0.08,0.7272,97,0.09,0.8181,40,0.085,0.7727,50,0
IWM191129C164,2019-11-26,2019-11-26 09:39:41,0.09,0.8181,773,0.08,0.7272,430,0.09,0.8181,40,0.085,0.7727,50,0
IWM191129C164,2019-11-26,2019-11-26 09:39:41,0.09,0.8181,773,0.08,0.7272,299,0.09,0.8181,40,0.085,0.7727,50,0
IWM191129C164,2019-11-26,2019-11-26 09:39:42,0.09,0.8181,773,0.07,0.6363,695,0.09,0.8181,40,0.08,0.7272,50,0
IWM191129C164,2019-11-26,2019-11-26 09:39:42,0.09,0.8181,773,0.08,0.7272,430,0.09,0.8181,40,0.085,0.7727,50,0
IWM191129C164,2019-11-26,2019-11-26 09:39:43,0.09,0.8181,773,0.07,0.6363,1208,0.09,0.8181,40,0.08,0.7272,50,0
IWM191129C164,2019-11-26,2019-11-26 09:39:43,0.09,0.8181,773,0.07,0.6363,1214,0.09,0.8181,40,0.08,0.7272,50,0
IWM191129C164,2019-11-26,2019-11-26 09:39:44,0.09,0.8181,773,0.07,0.6363,1065,0.09,0.8181,40,0.08,0.7272,50,0
IWM191129C164,2019-11-26,2019-11-26 09:39:44,0.08,0.7272,337,0.07,0.6363,1142,0.09,0.8181,40,0.075,0.6818,50,0
IWM191129C164,2019-11-26,2019-11-26 09:39:45,0.08,0.7272,225,0.07,0.6363,1142,0.09,0.8181,40,0.075,0.6818,50,0
IWM191129C164,2019-11-26,2019-11-26 09:39:46,0.08,0.7272,225,0.07,0.6363,1142,0.09,0.8181,40,0.075,0.6818,50,0
IWM191129C164,2019-11-26,2019-11-26 09:39:47,0.08,0.7272,225,0.07,0.6363,1142,0.09,0.8181,40,0.075,0.6818,50,0
IWM191129C164,2019-11-26,2019-11-26 09:39:47,0.08,0.7272,290,0.07,0.6363,1142,0.09,0.8181,40,0.075,0.6818,50,0
IWM191129C164,2019-11-26,2019-11-26 09:39:48,0.08,0.7272,270,0.07,0.6363,1142,0.09,0.8181,40,0.075,0.6818,50,0
IWM191129C164,2019-11-26,2019-11-26 09:39:48,0.08,0.7272,397,0.07,0.6363,1142,0.09,0.8181,40,0.075,0.6818,50,0
IWM191129C164,2019-11-26,2019-11-26 09:39:49,0.08,0.7272,625,0.07,0.6363,1142,0.09,0.8181,40,0.075,0.6818,50,0
IWM191129C164,2019-11-26,2019-11-26 09:39:50,0.08,0.7272,685,0.07,0.6363,1063,0.09,0.8181,40,0.075,0.6818,50,0
IWM191129C164,2019-11-26,2019-11-26 09:39:50,0.08,0.7272,625,0.07,0.6363,1063,0.09,0.8181,40,0.075,0.6818,50,0
IWM191129C164,2019-11-26,2019-11-26 09:39:51,0.08,0.7272,685,0.07,0.6363,1037,0.09,0.8181,40,0.075,0.6818,50,0
IWM191129C164,2019-11-26,2019-11-26 09:39:52,0.08,0.7272,685,0.07,0.6363,970,0.09,0.8181,40,0.075,0.6818,50,0
IWM191129C164,2019-11-26,2019-11-26 09:39:53,0.08,0.7272,685,0.07,0.6363,970,0.09,0.8181,40,0.075,0.6818,50,0
IWM191129C164,2019-11-26,2019-11-26 09:39:54,0.08,0.7272,685,0.07,0.6363,931,0.09,0.8181,40,0.075,0.6818,50,0
IWM191129C164,2019-11-26,2019-11-26 09:39:54,0.08,0.7272,685,0.07,0.6363,798,0.09,0.8181,40,0.075,0.6818,50,0
IWM191129C164,2019-11-26,2019-11-26 09:39:55,0.08,0.7272,685,0.07,0.6363,847,0.09,0.8181,40,0.075,0.6818,50,0
IWM191129C164,2019-11-26,2019-11-26 09:39:55,0.08,0.7272,1125,0.07,0.6363,1353,0.09,0.8181,40,0.075,0.6818,50,0
IWM191129C164,2019-11-26,2019-11-26 09:39:56,0.08,0.7272,1390,0.07,0.6363,1353,0.09,0.8181,40,0.075,0.6818,50,0
IWM191129C164,2019-11-26,2019-11-26 09:39:57,0.08,0.7272,1390,0.07,0.6363,1293,0.09,0.8181,40,0.075,0.6818,50,0
IWM191129C164,2019-11-26,2019-11-26 09:39:57,0.08,0.7272,1390,0.07,0.6363,1353,0.09,0.8181,40,0.075,0.6818,50,0
IWM191129C164,2019-11-26,2019-11-26 09:39:58,0.08,0.7272,1390,0.07,0.6363,1287,0.09,0.8181,40,0.075,0.6818,50,0
IWM191129C164,2019-11-26,2019-11-26 09:39:58,0.08,0.7272,1510,0.07,0.6363,1200,0.09,0.8181,40,0.075,0.6818,50,0
IWM191129C164,2019-11-26,2019-11-26 09:39:59,0.08,0.7272,1510,0.07,0.6363,1200,0.09,0.8181,40,0.075,0.6818,50,0
IWM191129C164,2019-11-26,2019-11-26 09:39:59,0.08,0.7272,1510,0.07,0.6363,1251,0.09,0.8181,40,0.075,0.6818,50,0
IWM191129C164,2019-11-26,2019-11-26 09:40:00,0.08,0.7272,1510,0.07,0.6363,901,0.09,0.8181,40,0.075,0.6818,50,0
IWM191129C164,2019-11-26,2019-11-26 09:40:01,0.08,0.7272,1508,0.07,0.6363,1199,0.09,0.8181,40,0.075,0.6818,50,0
IWM191129C164,2019-11-26,2019-11-26 09:40:01,0.08,0.7272,1508,0.07,0.6363,1229,0.09,0.8181,40,0.075,0.6818,50,0
IWM191129C164,2019-11-26,2019-11-26 09:40:02,0.08,0.7272,1508,0.07,0.6363,1264,0.09,0.8181,40,0.075,0.6818,50,0
IWM191129C164,2019-11-26,2019-11-26 09:40:03,0.08,0.7272,950,0.07,0.6363,884,0.09,0.8181,40,0.075,0.6818,50,0
IWM191129C164,2019-11-26,2019-11-26 09:40:03,0.08,0.7272,950,0.07,0.6363,1450,0.09,0.8181,40,0.075,0.6818,50,0
IWM191129C164,2019-11-26,2019-11-26 09:40:04,0.08,0.7272,950,0.07,0.6363,993,0.09,0.8181,40,0.075,0.6818,50,0
IWM191129C164,2019-11-26,2019-11-26 09:40:04,0.08,0.7272,1417,0.07,0.6363,1338,0.09,0.8181,40,0.075,0.6818,50,0
IWM191129C164,2019-11-26,2019-11-26 09:40:05,0.08,0.7272,950,0.07,0.6363,792,0.09,0.8181,40,0.075,0.6818,50,0
IWM191129C164,2019-11-26,2019-11-26 09:40:05,0.08,0.7272,1417,0.07,0.6363,1338,0.09,0.8181,40,0.075,0.6818,50,0
IWM191129C164,2019-11-26,2019-11-26 09:40:06,0.08,0.7272,730,0.07,0.6363,883,0.09,0.8181,40,0.075,0.6818,50,0
IWM191129C164,2019-11-26,2019-11-26 09:40:06,0.08,0.7272,1465,0.07,0.6363,1329,0.09,0.8181,40,0.075,0.6818,50,0
IWM191129C164,2019-11-26,2019-11-26 09:40:07,0.08,0.7272,730,0.07,0.6363,883,0.09,0.8181,40,0.075,0.6818,50,0
IWM191129C164,2019-11-26,2019-11-26 09:40:07,0.08,0.7272,1317,0.07,0.6363,1336,0.09,0.8181,40,0.075,0.6818,50,0
IWM191129C164,2019-11-26,2019-11-26 09:40:08,0.08,0.7272,926,0.07,0.6363,1332,0.09,0.8181,40,0.075,0.6818,50,0
IWM191129C164,2019-11-26,2019-11-26 09:40:08,0.08,0.7272,1317,0.07,0.6363,1336,0.09,0.8181,40,0.075,0.6818,50,0
IWM191129C164,2019-11-26,2019-11-26 09:40:09,0.08,0.7272,926,0.07,0.6363,1332,0.09,0.8181,40,0.075,0.6818,50,0
IWM191129C164,2019-11-26,2019-11-26 09:40:10,0.08,0.7272,1396,0.07,0.6363,1336,0.09,0.8181,40,0.075,0.6818,50,0
IWM191129C164,2019-11-26,2019-11-26 09:40:11,0.08,0.7272,1396,0.07,0.6363,1336,0.09,0.8181,40,0.075,0.6818,50,0
IWM191129C164,2019-11-26,2019-11-26 09:40:12,0.08,0.7272,1396,0.07,0.6363,1336,0.09,0.8181,40,0.075,0.6818,50,0
IWM191129C164,2019-11-26,2019-11-26 09:40:17,0.08,0.7272,1455,0.07,0.6363,1197,0.09,0.8181,40,0.075,0.6818,50,0
IWM191129C164,2019-11-26,2019-11-26 09:40:18,0.08,0.7272,1455,0.07,0.6363,1197,0.09,0.8181,40,0.075,0.6818,50,0
IWM191129C164,2019-11-26,2019-11-26 09:40:18,0.08,0.7272,1195,0.07,0.6363,1083,0.09,0.8181,40,0.075,0.6818,50,0
IWM191129C164,2019-11-26,2019-11-26 09:40:19,0.08,0.7272,1428,0.07,0.6363,1083,0.09,0.8181,40,0.075,0.6818,50,0
IWM191129C164,2019-11-26,2019-11-26 09:40:19,0.08,0.7272,1428,0.07,0.6363,1290,0.09,0.8181,40,0.075,0.6818,50,0
IWM191129C164,2019-11-26,2019-11-26 09:40:20,0.08,0.7272,1428,0.07,0.6363,1083,0.09,0.8181,40,0.075,0.6818,50,0
IWM191129C164,2019-11-26,2019-11-26 09:40:21,0.08,0.7272,1428,0.07,0.6363,790,0.09,0.8181,40,0.075,0.6818,50,0
IWM191129C164,2019-11-26,2019-11-26 09:40:21,0.08,0.7272,1428,0.07,0.6363,1083,0.09,0.8181,40,0.075,0.6818,50,0
IWM191129C164,2019-11-26,2019-11-26 09:40:22,0.08,0.7272,1516,0.07,0.6363,790,0.09,0.8181,40,0.075,0.6818,50,0
IWM191129C164,2019-11-26,2019-11-26 09:40:22,0.08,0.7272,1441,0.07,0.6363,812,0.09,0.8181,40,0.075,0.6818,50,0
IWM191129C164,2019-11-26,2019-11-26 09:40:23,0.08,0.7272,1439,0.07,0.6363,851,0.09,0.8181,40,0.075,0.6818,50,0
IWM191129C164,2019-11-26,2019-11-26 09:40:24,0.08,0.7272,1439,0.07,0.6363,851,0.09,0.8181,40,0.075,0.6818,50,0
IWM191129C164,2019-11-26,2019-11-26 09:40:25,0.08,0.7272,1439,0.07,0.6363,851,0.09,0.8181,40,0.075,0.6818,50,0
IWM191129C164,2019-11-26,2019-11-26 09:40:26,0.08,0.7272,1439,0.07,0.6363,851,0.09,0.8181,40,0.075,0.6818,50,0
IWM191129C164,2019-11-26,2019-11-26 09:40:27,0.08,0.7272,1439,0.07,0.6363,851,0.09,0.8181,40,0.075,0.6818,50,0
IWM191129C164,2019-11-26,2019-11-26 09:40:28,0.08,0.7272,1439,0.07,0.6363,851,0.09,0.8181,40,0.075,0.6818,50,0
IWM191129C164,2019-11-26,2019-11-26 09:40:29,0.08,0.7272,1439,0.07,0.6363,851,0.09,0.8181,40,0.075,0.6818,50,0
IWM191129C164,2019-11-26,2019-11-26 09:40:30,0.08,0.7272,1439,0.07,0.6363,851,0.09,0.8181,40,0.075,0.6818,50,0
IWM191129C164,2019-11-26,2019-11-26 09:40:31,0.08,0.7272,878,0.07,0.6363,574,0.09,0.8181,40,0.075,0.6818,50,0
IWM191129C164,2019-11-26,2019-11-26 09:40:31,0.08,0.7272,1399,0.07,0.6363,665,0.09,0.8181,40,0.075,0.6818,50,0
IWM191129C164,2019-11-26,2019-11-26 09:40:32,0.08,0.7272,1399,0.07,0.6363,665,0.09,0.8181,40,0.075,0.6818,50,0
IWM191129C164,2019-11-26,2019-11-26 09:40:33,0.08,0.7272,1503,0.07,0.6363,665,0.09,0.8181,40,0.075,0.6818,50,0
IWM191129C164,2019-11-26,2019-11-26 09:40:34,0.08,0.7272,1652,0.07,0.6363,665,0.09,0.8181,40,0.075,0.6818,50,0
IWM191129C164,2019-11-26,2019-11-26 09:40:34,0.08,0.7272,1652,0.07,0.6363,769,0.09,0.8181,40,0.075,0.6818,50,0
IWM191129C164,2019-11-26,2019-11-26 09:40:35,0.08,0.7272,1503,0.07,0.6363,769,0.09,0.8181,40,0.075,0.6818,50,0
IWM191129C164,2019-11-26,2019-11-26 09:40:35,0.08,0.7272,2005,0.07,0.6363,769,0.09,0.8181,40,0.075,0.6818,50,0
IWM191129C164,2019-11-26,2019-11-26 09:40:36,0.08,0.7272,2005,0.07,0.6363,769,0.09,0.8181,40,0.075,0.6818,50,0
IWM191129C164,2019-11-26,2019-11-26 09:40:36,0.08,0.7272,2220,0.07,0.6363,769,0.09,0.8181,40,0.075,0.6818,50,0
IWM191129C164,2019-11-26,2019-11-26 09:40:37,0.08,0.7272,2220,0.07,0.6363,479,0.09,0.8181,40,0.075,0.6818,50,0
IWM191129C164,2019-11-26,2019-11-26 09:40:37,0.08,0.7272,2220,0.07,0.6363,769,0.09,0.8181,40,0.075,0.6818,50,0
IWM191129C164,2019-11-26,2019-11-26 09:40:38,0.08,0.7272,2220,0.07,0.6363,777,0.09,0.8181,40,0.075,0.6818,50,0
IWM191129C164,2019-11-26,2019-11-26 09:40:38,0.08,0.7272,2220,0.07,0.6363,545,0.09,0.8181,40,0.075,0.6818,50,0
IWM191129C164,2019-11-26,2019-11-26 09:40:39,0.08,0.7272,2374,0.07,0.6363,90,0.09,0.8181,40,0.075,0.6818,50,0
IWM191129C164,2019-11-26,2019-11-26 09:40:41,0.08,0.7272,2212,0.07,0.6363,123,0.09,0.8181,40,0.075,0.6818,50,0
IWM191129C164,2019-11-26,2019-11-26 09:40:42,0.08,0.7272,2212,0.07,0.6363,166,0.09,0.8181,40,0.075,0.6818,50,0
IWM191129C164,2019-11-26,2019-11-26 09:40:42,0.08,0.7272,2212,0.07,0.6363,613,0.09,0.8181,40,0.075,0.6818,50,0
IWM191129C164,2019-11-26,2019-11-26 09:40:43,0.08,0.7272,2212,0.07,0.6363,838,0.09,0.8181,40,0.075,0.6818,50,0
IWM191129C164,2019-11-26,2019-11-26 09:40:44,0.08,0.7272,933,0.07,0.6363,838,0.09,0.8181,40,0.075,0.6818,50,0
IWM191129C164,2019-11-26,2019-11-26 09:40:44,0.08,0.7272,2053,0.07,0.6363,527,0.09,0.8181,40,0.075,0.6818,50,0
IWM191129C164,2019-11-26,2019-11-26 09:40:45,0.08,0.7272,2231,0.07,0.6363,869,0.09,0.8181,40,0.075,0.6818,50,0
IWM191129C164,2019-11-26,2019-11-26 09:40:46,0.08,0.7272,2231,0.07,0.6363,869,0.09,0.8181,40,0.075,0.6818,50,0
IWM191129C164,2019-11-26,2019-11-26 09:40:47,0.08,0.7272,2231,0.07,0.6363,869,0.09,0.8181,40,0.075,0.6818,50,0
IWM191129C164,2019-11-26,2019-11-26 09:40:48,0.08,0.7272,2231,0.07,0.6363,869,0.09,0.8181,40,0.075,0.6818,50,0
IWM191129C164,2019-11-26,2019-11-26 09:40:49,0.08,0.7272,2231,0.07,0.6363,898,0.09,0.8181,40,0.075,0.6818,50,0
IWM191129C164,2019-11-26,2019-11-26 09:40:49,0.08,0.7272,2206,0.07,0.6363,898,0.09,0.8181,40,0.075,0.6818,50,0
IWM191129C164,2019-11-26,2019-11-26 09:40:50,0.08,0.7272,2206,0.07,0.6363,898,0.09,0.8181,40,0.075,0.6818,50,0
IWM191129C164,2019-11-26,2019-11-26 09:40:50,0.08,0.7272,733,0.07,0.6363,569,0.09,0.8181,40,0.075,0.6818,50,0
IWM191129C164,2019-11-26,2019-11-26 09:40:51,0.08,0.7272,1156,0.07,0.6363,569,0.09,0.8181,40,0.075,0.6818,50,0
IWM191129C164,2019-11-26,2019-11-26 09:40:51,0.08,0.7272,1695,0.07,0.6363,888,0.09,0.8181,40,0.075,0.6818,50,0
IWM191129C164,2019-11-26,2019-11-26 09:40:52,0.08,0.7272,1956,0.07,0.6363,888,0.09,0.8181,40,0.075,0.6818,50,0
IWM191129C164,2019-11-26,2019-11-26 09:40:53,0.08,0.7272,1956,0.07,0.6363,888,0.09,0.8181,40,0.075,0.6818,50,0
IWM191129C164,2019-11-26,2019-11-26 09:40:53,0.08,0.7272,2006,0.07,0.6363,888,0.09,0.8181,40,0.075,0.6818,50,0
IWM191129C164,2019-11-26,2019-11-26 09:40:54,0.08,0.7272,2006,0.07,0.6363,888,0.09,0.8181,40,0.075,0.6818,50,0
IWM191129C164,2019-11-26,2019-11-26 09:40:55,0.08,0.7272,2006,0.07,0.6363,888,0.09,0.8181,40,0.075,0.6818,50,0
IWM191129C164,2019-11-26,2019-11-26 09:40:55,0.08,0.7272,1415,0.07,0.6363,888,0.09,0.8181,40,0.075,0.6818,50,0
IWM191129C164,2019-11-26,2019-11-26 09:40:56,0.08,0.7272,2126,0.07,0.6363,888,0.09,0.8181,40,0.075,0.6818,50,0
IWM191129C164,2019-11-26,2019-11-26 09:40:57,0.08,0.7272,2178,0.07,0.6363,888,0.09,0.8181,40,0.075,0.6818,50,0
IWM191129C164,2019-11-26,2019-11-26 09:40:57,0.08,0.7272,2126,0.07,0.6363,888,0.09,0.8181,40,0.075,0.6818,50,0
IWM191129C164,2019-11-26,2019-11-26 09:40:58,0.08,0.7272,2178,0.07,0.6363,650,0.09,0.8181,40,0.075,0.6818,50,0
IWM191129C164,2019-11-26,2019-11-26 09:40:58,0.08,0.7272,2186,0.07,0.6363,1005,0.09,0.8181,40,0.075,0.6818,50,0
IWM191129C164,2019-11-26,2019-11-26 09:40:59,0.08,0.7272,2186,0.07,0.6363,1005,0.09,0.8181,40,0.075,0.6818,50,0
IWM191129C164,2019-11-26,2019-11-26 09:40:59,0.08,0.7272,2186,0.07,0.6363,947,0.09,0.8181,40,0.075,0.6818,50,0
IWM191129C164,2019-11-26,2019-11-26 09:41:00,0.08,0.7272,2186,0.07,0.6363,947,0.09,0.8181,40,0.075,0.6818,50,0
IWM191129C164,2019-11-26,2019-11-26 09:41:00,0.08,0.7272,2186,0.07,0.6363,942,0.09,0.8181,40,0.075,0.6818,50,0
IWM191129C164,2019-11-26,2019-11-26 09:41:01,0.08,0.7272,2192,0.07,0.6363,942,0.09,0.8181,40,0.075,0.6818,50,0
IWM191129C164,2019-11-26,2019-11-26 09:41:02,0.08,0.7272,2192,0.07,0.6363,587,0.09,0.8181,40,0.075,0.6818,50,0
IWM191129C164,2019-11-26,2019-11-26 09:41:03,0.08,0.7272,2192,0.07,0.6363,587,0.09,0.8181,40,0.075,0.6818,50,0
IWM191129C164,2019-11-26,2019-11-26 09:41:04,0.08,0.7272,1905,0.07,0.6363,914,0.09,0.8181,40,0.075,0.6818,50,0
IWM191129C164,2019-11-26,2019-11-26 09:41:04,0.08,0.7272,1905,0.07,0.6363,587,0.09,0.8181,40,0.075,0.6818,50,0
IWM191129C164,2019-11-26,2019-11-26 09:41:05,0.08,0.7272,1905,0.07,0.6363,587,0.09,0.8181,40,0.075,0.6818,50,0
IWM191129C164,2019-11-26,2019-11-26 09:41:06,0.08,0.7272,1905,0.07,0.6363,914,0.09,0.8181,40,0.075,0.6818,50,0
IWM191129C164,2019-11-26,2019-11-26 09:41:07,0.08,0.7272,2308,0.07,0.6363,914,0.09,0.8181,40,0.075,0.6818,50,0
IWM191129C164,2019-11-26,2019-11-26 09:41:07,0.08,0.7272,1905,0.07,0.6363,914,0.09,0.8181,40,0.075,0.6818,50,0
IWM191129C164,2019-11-26,2019-11-26 09:41:08,0.08,0.7272,1568,0.07,0.6363,287,0.09,0.8181,40,0.075,0.6818,50,0
IWM191129C164,2019-11-26,2019-11-26 09:41:08,0.08,0.7272,2308,0.07,0.6363,914,0.09,0.8181,40,0.075,0.6818,50,0
IWM191129C164,2019-11-26,2019-11-26 09:41:09,0.08,0.7272,1568,0.07,0.6363,569,0.09,0.8181,40,0.075,0.6818,50,0
IWM191129C164,2019-11-26,2019-11-26 09:41:09,0.08,0.7272,1568,0.07,0.6363,655,0.09,0.8181,40,0.075,0.6818,50,0
IWM191129C164,2019-11-26,2019-11-26 09:41:10,0.08,0.7272,1562,0.07,0.6363,872,0.09,0.8181,40,0.075,0.6818,50,0
IWM191129C164,2019-11-26,2019-11-26 09:41:10,0.08,0.7272,1568,0.07,0.6363,872,0.09,0.8181,40,0.075,0.6818,50,0
IWM191129C164,2019-11-26,2019-11-26 09:41:11,0.08,0.7272,1459,0.07,0.6363,974,0.09,0.8181,40,0.075,0.6818,50,0
IWM191129C164,2019-11-26,2019-11-26 09:41:11,0.08,0.7272,1459,0.07,0.6363,558,0.09,0.8181,40,0.075,0.6818,50,0
IWM191129C164,2019-11-26,2019-11-26 09:41:12,0.08,0.7272,2145,0.07,0.6363,974,0.09,0.8181,40,0.075,0.6818,50,0
IWM191129C164,2019-11-26,2019-11-26 09:41:12,0.08,0.7272,2013,0.07,0.6363,1428,0.09,0.8181,40,0.075,0.6818,50,0
IWM191129C164,2019-11-26,2019-11-26 09:41:13,0.08,0.7272,1434,0.07,0.6363,1030,0.09,0.8181,40,0.075,0.6818,50,0
IWM191129C164,2019-11-26,2019-11-26 09:41:14,0.08,0.7272,1434,0.07,0.6363,940,0.09,0.8181,40,0.075,0.6818,50,0
IWM191129C164,2019-11-26,2019-11-26 09:41:14,0.08,0.7272,1434,0.07,0.6363,1030,0.09,0.8181,40,0.075,0.6818,50,0
IWM191129C164,2019-11-26,2019-11-26 09:41:15,0.08,0.7272,2192,0.07,0.6363,940,0.09,0.8181,40,0.075,0.6818,50,0
IWM191129C164,2019-11-26,2019-11-26 09:41:15,0.08,0.7272,1767,0.07,0.6363,940,0.09,0.8181,40,0.075,0.6818,50,0
IWM191129C164,2019-11-26,2019-11-26 09:41:16,0.08,0.7272,2061,0.07,0.6363,940,0.09,0.8181,40,0.075,0.6818,50,0
IWM191129C164,2019-11-26,2019-11-26 09:41:17,0.08,0.7272,1999,0.07,0.6363,940,0.09,0.8181,40,0.075,0.6818,50,0
IWM191129C164,2019-11-26,2019-11-26 09:41:17,0.08,0.7272,2061,0.07,0.6363,940,0.09,0.8181,40,0.075,0.6818,50,0
IWM191129C164,2019-11-26,2019-11-26 09:41:18,0.08,0.7272,1851,0.07,0.6363,1165,0.09,0.8181,40,0.075,0.6818,50,0
IWM191129C164,2019-11-26,2019-11-26 09:41:18,0.08,0.7272,1310,0.07,0.6363,1165,0.09,0.8181,40,0.075,0.6818,50,0
IWM191129C164,2019-11-26,2019-11-26 09:41:19,0.08,0.7272,1310,0.07,0.6363,657,0.09,0.8181,40,0.075,0.6818,50,0
IWM191129C164,2019-11-26,2019-11-26 09:41:19,0.08,0.7272,1310,0.07,0.6363,1161,0.09,0.8181,40,0.075,0.6818,50,0
IWM191129C164,2019-11-26,2019-11-26 09:41:20,0.08,0.7272,1979,0.07,0.6363,1337,0.09,0.8181,40,0.075,0.6818,50,0
IWM191129C164,2019-11-26,2019-11-26 09:41:20,0.08,0.7272,1979,0.07,0.6363,1343,0.09,0.8181,40,0.075,0.6818,50,0
IWM191129C164,2019-11-26,2019-11-26 09:41:21,0.08,0.7272,1979,0.07,0.6363,1343,0.09,0.8181,40,0.075,0.6818,50,0
IWM191129C164,2019-11-26,2019-11-26 09:41:21,0.08,0.7272,1361,0.07,0.6363,1343,0.09,0.8181,40,0.075,0.6818,50,0
IWM191129C164,2019-11-26,2019-11-26 09:41:22,0.08,0.7272,1361,0.07,0.6363,843,0.09,0.8181,40,0.075,0.6818,50,0
IWM191129C164,2019-11-26,2019-11-26 09:41:22,0.08,0.7272,1361,0.07,0.6363,868,0.09,0.8181,40,0.075,0.6818,50,0
IWM191129C164,2019-11-26,2019-11-26 09:41:23,0.08,0.7272,2198,0.07,0.6363,868,0.09,0.8181,40,0.075,0.6818,50,0
IWM191129C164,2019-11-26,2019-11-26 09:41:24,0.08,0.7272,2198,0.07,0.6363,868,0.09,0.8181,40,0.075,0.6818,50,0
IWM191129C164,2019-11-26,2019-11-26 09:41:25,0.08,0.7272,772,0.07,0.6363,868,0.09,0.8181,40,0.075,0.6818,50,0
IWM191129C164,2019-11-26,2019-11-26 09:41:26,0.08,0.7272,1828,0.07,0.6363,563,0.09,0.8181,40,0.075,0.6818,50,0
IWM191129C164,2019-11-26,2019-11-26 09:41:26,0.08,0.7272,1186,0.07,0.6363,563,0.09,0.8181,40,0.075,0.6818,50,0
IWM191129C164,2019-11-26,2019-11-26 09:41:27,0.08,0.7272,2185,0.07,0.6363,563,0.09,0.8181,40,0.075,0.6818,50,0
IWM191129C164,2019-11-26,2019-11-26 09:41:28,0.08,0.7272,2088,0.07,0.6363,563,0.09,0.8181,40,0.075,0.6818,50,0
IWM191129C164,2019-11-26,2019-11-26 09:41:29,0.08,0.7272,2088,0.07,0.6363,563,0.09,0.8181,40,0.075,0.6818,50,0
IWM191129C164,2019-11-26,2019-11-26 09:41:29,0.08,0.7272,2094,0.07,0.6363,887,0.09,0.8181,40,0.075,0.6818,50,0
IWM191129C164,2019-11-26,2019-11-26 09:41:30,0.08,0.7272,1891,0.07,0.6363,887,0.09,0.8181,40,0.075,0.6818,50,0
IWM191129C164,2019-11-26,2019-11-26 09:41:30,0.08,0.7272,1311,0.07,0.6363,887,0.09,0.8181,40,0.075,0.6818,50,0
IWM191129C164,2019-11-26,2019-11-26 09:41:31,0.08,0.7272,781,0.07,0.6363,572,0.09,0.8181,40,0.075,0.6818,50,0
IWM191129C164,2019-11-26,2019-11-26 09:41:31,0.08,0.7272,1311,0.07,0.6363,887,0.09,0.8181,40,0.075,0.6818,50,0
IWM191129C164,2019-11-26,2019-11-26 09:41:32,0.08,0.7272,781,0.07,0.6363,572,0.09,0.8181,40,0.075,0.6818,50,0
IWM191129C164,2019-11-26,2019-11-26 09:41:33,0.08,0.7272,781,0.07,0.6363,572,0.09,0.8181,40,0.075,0.6818,50,0
IWM191129C164,2019-11-26,2019-11-26 09:41:34,0.08,0.7272,1654,0.07,0.6363,73,0.09,0.8181,40,0.075,0.6818,50,0
IWM191129C164,2019-11-26,2019-11-26 09:41:34,0.08,0.7272,1046,0.07,0.6363,572,0.09,0.8181,40,0.075,0.6818,50,0
IWM191129C164,2019-11-26,2019-11-26 09:41:35,0.08,0.7272,1802,0.07,0.6363,55,0.09,0.8181,40,0.075,0.6818,50,0
IWM191129C164,2019-11-26,2019-11-26 09:41:35,0.08,0.7272,1149,0.07,0.6363,55,0.09,0.8181,40,0.075,0.6818,50,0
IWM191129C164,2019-11-26,2019-11-26 09:41:36,0.08,0.7272,1802,0.07,0.6363,55,0.09,0.8181,40,0.075,0.6818,50,0
IWM191129C164,2019-11-26,2019-11-26 09:41:37,0.08,0.7272,1802,0.07,0.6363,55,0.09,0.8181,40,0.075,0.6818,50,0
IWM191129C164,2019-11-26,2019-11-26 09:41:38,0.08,0.7272,1802,0.07,0.6363,55,0.09,0.8181,40,0.075,0.6818,50,0
IWM191129C164,2019-11-26,2019-11-26 09:41:39,0.08,0.7272,1802,0.07,0.6363,55,0.09,0.8181,40,0.075,0.6818,50,0
IWM191129C164,2019-11-26,2019-11-26 09:41:40,0.08,0.7272,2365,0.07,0.6363,55,0.09,0.8181,40,0.075,0.6818,50,0
IWM191129C164,2019-11-26,2019-11-26 09:41:41,0.08,0.7272,1757,0.07,0.6363,55,0.09,0.8181,40,0.075,0.6818,50,0
IWM191129C164,2019-11-26,2019-11-26 09:41:41,0.08,0.7272,2535,0.07,0.6363,55,0.09,0.8181,40,0.075,0.6818,50,0
IWM191129C164,2019-11-26,2019-11-26 09:41:42,0.08,0.7272,2535,0.07,0.6363,55,0.09,0.8181,40,0.075,0.6818,50,0
IWM191129C164,2019-11-26,2019-11-26 09:41:43,0.08,0.7272,2535,0.07,0.6363,55,0.09,0.8181,40,0.075,0.6818,50,0
IWM191129C164,2019-11-26,2019-11-26 09:41:44,0.08,0.7272,2535,0.07,0.6363,55,0.09,0.8181,40,0.075,0.6818,50,0
IWM191129C164,2019-11-26,2019-11-26 09:41:45,0.08,0.7272,2533,0.07,0.6363,55,0.09,0.8181,40,0.075,0.6818,50,0
IWM191129C164,2019-11-26,2019-11-26 09:41:46,0.08,0.7272,2533,0.07,0.6363,55,0.09,0.8181,40,0.075,0.6818,50,0
IWM191129C164,2019-11-26,2019-11-26 09:41:47,0.08,0.7272,2533,0.07,0.6363,55,0.09,0.8181,40,0.075,0.6818,50,0
IWM191129C164,2019-11-26,2019-11-26 09:41:48,0.08,0.7272,1757,0.06,0.5454,2199,0.09,0.8181,40,0.07,0.6363,50,0
IWM191129C164,2019-11-26,2019-11-26 09:41:48,0.08,0.7272,2533,0.07,0.6363,55,0.09,0.8181,40,0.075,0.6818,50,0
IWM191129C164,2019-11-26,2019-11-26 09:41:49,0.08,0.7272,1662,0.06,0.5454,1587,0.09,0.8181,40,0.07,0.6363,50,0
IWM191129C164,2019-11-26,2019-11-26 09:41:49,0.08,0.7272,2425,0.06,0.5454,2074,0.09,0.8181,40,0.07,0.6363,50,0
IWM191129C164,2019-11-26,2019-11-26 09:41:50,0.08,0.7272,2425,0.07,0.6363,54,0.09,0.8181,40,0.075,0.6818,50,0
IWM191129C164,2019-11-26,2019-11-26 09:41:50,0.08,0.7272,2425,0.07,0.6363,93,0.09,0.8181,40,0.075,0.6818,50,0
IWM191129C164,2019-11-26,2019-11-26 09:41:51,0.08,0.7272,2425,0.07,0.6363,265,0.09,0.8181,40,0.075,0.6818,50,0
IWM191129C164,2019-11-26,2019-11-26 09:41:51,0.08,0.7272,2425,0.07,0.6363,725,0.09,0.8181,40,0.075,0.6818,50,0
IWM191129C164,2019-11-26,2019-11-26 09:41:52,0.08,0.7272,2425,0.07,0.6363,912,0.09,0.8181,40,0.075,0.6818,50,0
IWM191129C164,2019-11-26,2019-11-26 09:41:52,0.08,0.7272,2425,0.07,0.6363,725,0.09,0.8181,40,0.075,0.6818,50,0
IWM191129C164,2019-11-26,2019-11-26 09:41:53,0.08,0.7272,1983,0.07,0.6363,774,0.09,0.8181,40,0.075,0.6818,50,0
IWM191129C164,2019-11-26,2019-11-26 09:41:53,0.08,0.7272,1983,0.07,0.6363,145,0.09,0.8181,40,0.075,0.6818,50,0
IWM191129C164,2019-11-26,2019-11-26 09:41:54,0.08,0.7272,1983,0.07,0.6363,774,0.09,0.8181,40,0.075,0.6818,50,0
IWM191129C164,2019-11-26,2019-11-26 09:41:55,0.08,0.7272,2319,0.07,0.6363,774,0.09,0.8181,40,0.075,0.6818,50,0
IWM191129C164,2019-11-26,2019-11-26 09:41:56,0.08,0.7272,2319,0.07,0.6363,774,0.09,0.8181,40,0.075,0.6818,50,0
IWM191129C164,2019-11-26,2019-11-26 09:41:57,0.08,0.7272,2319,0.07,0.6363,774,0.09,0.8181,40,0.075,0.6818,50,0
IWM191129C164,2019-11-26,2019-11-26 09:41:58,0.08,0.7272,2319,0.07,0.6363,774,0.09,0.8181,40,0.075,0.6818,50,0
IWM191129C164,2019-11-26,2019-11-26 09:41:59,0.08,0.7272,2319,0.07,0.6363,145,0.09,0.8181,40,0.075,0.6818,50,0
IWM191129C164,2019-11-26,2019-11-26 09:41:59,0.08,0.7272,2319,0.07,0.6363,774,0.09,0.8181,40,0.075,0.6818,50,0
IWM191129C164,2019-11-26,2019-11-26 09:42:00,0.08,0.7272,2568,0.07,0.6363,182,0.09,0.8181,40,0.075,0.6818,50,0
IWM191129C164,2019-11-26,2019-11-26 09:42:00,0.08,0.7272,2568,0.07,0.6363,503,0.09,0.8181,40,0.075,0.6818,50,0
IWM191129C164,2019-11-26,2019-11-26 09:42:01,0.08,0.7272,2568,0.07,0.6363,736,0.09,0.8181,40,0.075,0.6818,50,0
IWM191129C164,2019-11-26,2019-11-26 09:42:02,0.08,0.7272,2185,0.07,0.6363,574,0.09,0.8181,40,0.075,0.6818,50,0
IWM191129C164,2019-11-26,2019-11-26 09:42:02,0.08,0.7272,2568,0.07,0.6363,736,0.09,0.8181,40,0.075,0.6818,50,0
IWM191129C164,2019-11-26,2019-11-26 09:42:03,0.08,0.7272,1782,0.07,0.6363,840,0.09,0.8181,40,0.075,0.6818,50,0
IWM191129C164,2019-11-26,2019-11-26 09:42:04,0.08,0.7272,2543,0.07,0.6363,778,0.09,0.8181,40,0.075,0.6818,50,0
IWM191129C164,2019-11-26,2019-11-26 09:42:04,0.08,0.7272,1782,0.07,0.6363,840,0.09,0.8181,40,0.075,0.6818,50,0
IWM191129C164,2019-11-26,2019-11-26 09:42:05,0.08,0.7272,2543,0.07,0.6363,778,0.09,0.8181,40,0.075,0.6818,50,0
IWM191129C164,2019-11-26,2019-11-26 09:42:05,0.08,0.7272,2543,0.07,0.6363,873,0.09,0.8181,40,0.075,0.6818,50,0
IWM191129C164,2019-11-26,2019-11-26 09:42:06,0.08,0.7272,2543,0.07,0.6363,778,0.09,0.8181,40,0.075,0.6818,50,0
IWM191129C164,2019-11-26,2019-11-26 09:42:07,0.08,0.7272,2543,0.07,0.6363,778,0.09,0.8181,40,0.075,0.6818,50,0
IWM191129C164,2019-11-26,2019-11-26 09:42:08,0.08,0.7272,2543,0.07,0.6363,873,0.09,0.8181,40,0.075,0.6818,50,0
IWM191129C164,2019-11-26,2019-11-26 09:42:09,0.08,0.7272,2543,0.07,0.6363,873,0.09,0.8181,40,0.075,0.6818,50,0
IWM191129C164,2019-11-26,2019-11-26 09:42:09,0.08,0.7272,1782,0.07,0.6363,873,0.09,0.8181,40,0.075,0.6818,50,0
IWM191129C164,2019-11-26,2019-11-26 09:42:10,0.08,0.7272,2543,0.07,0.6363,873,0.09,0.8181,40,0.075,0.6818,50,0
IWM191129C164,2019-11-26,2019-11-26 09:42:11,0.08,0.7272,2543,0.07,0.6363,873,0.09,0.8181,40,0.075,0.6818,50,0
IWM191129C164,2019-11-26,2019-11-26 09:42:11,0.08,0.7272,2387,0.07,0.6363,873,0.09,0.8181,40,0.075,0.6818,50,0
IWM191129C164,2019-11-26,2019-11-26 09:42:12,0.08,0.7272,2014,0.07,0.6363,1133,0.09,0.8181,40,0.075,0.6818,50,0
IWM191129C164,2019-11-26,2019-11-26 09:42:12,0.08,0.7272,1769,0.07,0.6363,1076,0.09,0.8181,40,0.075,0.6818,50,0
IWM191129C164,2019-11-26,2019-11-26 09:42:13,0.08,0.7272,1876,0.07,0.6363,763,0.09,0.8181,40,0.075,0.6818,50,0
IWM191129C164,2019-11-26,2019-11-26 09:42:13,0.08,0.7272,2079,0.07,0.6363,1133,0.09,0.8181,40,0.075,0.6818,50,0
IWM191129C164,2019-11-26,2019-11-26 09:42:14,0.08,0.7272,1876,0.07,0.6363,845,0.09,0.8181,40,0.075,0.6818,50,0
IWM191129C164,2019-11-26,2019-11-26 09:42:15,0.08,0.7272,1876,0.07,0.6363,561,0.09,0.8181,40,0.075,0.6818,50,0
IWM191129C164,2019-11-26,2019-11-26 09:42:15,0.08,0.7272,1876,0.07,0.6363,845,0.09,0.8181,40,0.075,0.6818,50,0
IWM191129C164,2019-11-26,2019-11-26 09:42:16,0.08,0.7272,2210,0.07,0.6363,893,0.09,0.8181,40,0.075,0.6818,50,0
IWM191129C164,2019-11-26,2019-11-26 09:42:17,0.08,0.7272,2210,0.07,0.6363,893,0.09,0.8181,40,0.075,0.6818,50,0
IWM191129C164,2019-11-26,2019-11-26 09:42:18,0.08,0.7272,2210,0.07,0.6363,893,0.09,0.8181,40,0.075,0.6818,50,0
IWM191129C164,2019-11-26,2019-11-26 09:42:19,0.08,0.7272,2210,0.07,0.6363,951,0.09,0.8181,40,0.075,0.6818,50,0
IWM191129C164,2019-11-26,2019-11-26 09:42:19,0.08,0.7272,2212,0.07,0.6363,951,0.09,0.8181,40,0.075,0.6818,50,0
