symbol,Date,quote_time,ask_price,norm_ask_price,ask_size,bid_price,norm_bid_price,bid_size,last_trade_price,norm_last_trade_price,last_trade_size,mark_price,norm_mark_price,volume,Volume
IWM191101C156,2019-10-28,2019-10-28 09:30:00,0.64,1.0,20,0.62,0.9687,162,0.66,1.0312,1,0.63,0.9843,3183,3183
IWM191101C156,2019-10-28,2019-10-28 09:30:01,0.97,1.5156,12,0.81,1.2656,23,0.66,1.0312,1,0.89,1.3906,0,-3183
IWM191101C156,2019-10-28,2019-10-28 09:30:01,0.92,1.4375,14,0.81,1.2656,23,0.66,1.0312,1,0.865,1.3515,0,0
IWM191101C156,2019-10-28,2019-10-28 09:30:02,0.91,1.4218,24,0.86,1.3437,75,0.66,1.0312,1,0.885,1.3828,11,11
IWM191101C156,2019-10-28,2019-10-28 09:30:02,0.91,1.4218,24,0.81,1.2656,23,0.66,1.0312,1,0.86,1.3437,0,0
IWM191101C156,2019-10-28,2019-10-28 09:30:03,0.91,1.4218,24,0.86,1.3437,83,0.66,1.0312,1,0.885,1.3828,11,0
IWM191101C156,2019-10-28,2019-10-28 09:30:04,0.91,1.4218,24,0.87,1.3593,75,0.88,1.375,1,0.89,1.3906,11,0
IWM191101C156,2019-10-28,2019-10-28 09:30:04,0.91,1.4218,24,0.86,1.3437,83,0.88,1.375,1,0.885,1.3828,11,0
IWM191101C156,2019-10-28,2019-10-28 09:30:05,0.91,1.4218,24,0.87,1.3593,83,0.88,1.375,1,0.89,1.3906,11,0
IWM191101C156,2019-10-28,2019-10-28 09:30:05,0.92,1.4375,25,0.87,1.3593,8,0.88,1.375,1,0.895,1.3984,11,0
IWM191101C156,2019-10-28,2019-10-28 09:30:06,0.92,1.4375,1,0.87,1.3593,105,0.88,1.375,1,0.895,1.3984,12,1
IWM191101C156,2019-10-28,2019-10-28 09:30:06,0.92,1.4375,1,0.84,1.3125,50,0.92,1.4375,1,0.88,1.375,12,0
IWM191101C156,2019-10-28,2019-10-28 09:30:07,0.92,1.4375,1,0.89,1.3906,45,0.92,1.4375,1,0.905,1.414,12,0
IWM191101C156,2019-10-28,2019-10-28 09:30:08,0.92,1.4375,1,0.89,1.3906,45,0.92,1.4375,1,0.905,1.414,12,0
IWM191101C156,2019-10-28,2019-10-28 09:30:08,0.92,1.4375,1,0.89,1.3906,65,0.92,1.4375,1,0.905,1.414,12,0
IWM191101C156,2019-10-28,2019-10-28 09:30:09,0.92,1.4375,1,0.89,1.3906,180,0.92,1.4375,1,0.905,1.414,12,0
IWM191101C156,2019-10-28,2019-10-28 09:30:10,0.91,1.4218,10,0.9,1.4062,75,0.92,1.4375,1,0.905,1.414,12,0
IWM191101C156,2019-10-28,2019-10-28 09:30:10,0.92,1.4375,1,0.9,1.4062,75,0.92,1.4375,1,0.91,1.4218,12,0
IWM191101C156,2019-10-28,2019-10-28 09:30:11,0.92,1.4375,1,0.9,1.4062,75,0.92,1.4375,1,0.91,1.4218,12,0
IWM191101C156,2019-10-28,2019-10-28 09:30:12,0.92,1.4375,1,0.9,1.4062,75,0.92,1.4375,1,0.91,1.4218,12,0
IWM191101C156,2019-10-28,2019-10-28 09:30:13,0.92,1.4375,1,0.91,1.4218,75,0.92,1.4375,1,0.915,1.4296,12,0
IWM191101C156,2019-10-28,2019-10-28 09:30:13,0.92,1.4375,1,0.9,1.4062,75,0.92,1.4375,1,0.91,1.4218,12,0
IWM191101C156,2019-10-28,2019-10-28 09:30:14,0.95,1.4843,22,0.92,1.4375,1,0.92,1.4375,1,0.935,1.4609,12,0
IWM191101C156,2019-10-28,2019-10-28 09:30:14,0.92,1.4375,1,0.91,1.4218,75,0.92,1.4375,1,0.915,1.4296,12,0
IWM191101C156,2019-10-28,2019-10-28 09:30:15,0.95,1.4843,22,0.91,1.4218,151,0.92,1.4375,1,0.93,1.4531,12,0
IWM191101C156,2019-10-28,2019-10-28 09:30:15,0.95,1.4843,22,0.91,1.4218,131,0.92,1.4375,1,0.93,1.4531,12,0
IWM191101C156,2019-10-28,2019-10-28 09:30:16,0.95,1.4843,22,0.91,1.4218,196,0.92,1.4375,1,0.93,1.4531,12,0
IWM191101C156,2019-10-28,2019-10-28 09:30:16,0.95,1.4843,22,0.91,1.4218,83,0.92,1.4375,1,0.93,1.4531,12,0
IWM191101C156,2019-10-28,2019-10-28 09:30:17,0.96,1.5,26,0.91,1.4218,205,0.92,1.4375,1,0.935,1.4609,12,0
IWM191101C156,2019-10-28,2019-10-28 09:30:17,0.95,1.4843,22,0.91,1.4218,253,0.92,1.4375,1,0.93,1.4531,12,0
IWM191101C156,2019-10-28,2019-10-28 09:30:18,0.96,1.5,35,0.91,1.4218,209,0.92,1.4375,1,0.935,1.4609,12,0
IWM191101C156,2019-10-28,2019-10-28 09:30:19,0.96,1.5,35,0.91,1.4218,209,0.92,1.4375,1,0.935,1.4609,12,0
IWM191101C156,2019-10-28,2019-10-28 09:30:19,0.96,1.5,26,0.92,1.4375,267,0.92,1.4375,1,0.94,1.4687,12,0
IWM191101C156,2019-10-28,2019-10-28 09:30:20,0.96,1.5,26,0.92,1.4375,267,0.92,1.4375,1,0.94,1.4687,12,0
IWM191101C156,2019-10-28,2019-10-28 09:30:20,0.96,1.5,26,0.92,1.4375,157,0.92,1.4375,1,0.94,1.4687,12,0
IWM191101C156,2019-10-28,2019-10-28 09:30:21,0.96,1.5,27,0.92,1.4375,506,0.92,1.4375,1,0.94,1.4687,12,0
IWM191101C156,2019-10-28,2019-10-28 09:30:21,0.96,1.5,425,0.9,1.4062,546,0.92,1.4375,1,0.93,1.4531,12,0
IWM191101C156,2019-10-28,2019-10-28 09:30:22,0.93,1.4531,265,0.89,1.3906,214,0.92,1.4375,1,0.91,1.4218,12,0
IWM191101C156,2019-10-28,2019-10-28 09:30:22,0.94,1.4687,20,0.91,1.4218,237,0.92,1.4375,1,0.925,1.4453,12,0
IWM191101C156,2019-10-28,2019-10-28 09:30:23,0.96,1.5,1,0.93,1.4531,159,0.92,1.4375,1,0.945,1.4765,12,0
IWM191101C156,2019-10-28,2019-10-28 09:30:23,0.96,1.5,40,0.92,1.4375,210,0.92,1.4375,1,0.94,1.4687,12,0
IWM191101C156,2019-10-28,2019-10-28 09:30:24,0.96,1.5,1,0.94,1.4687,75,0.92,1.4375,1,0.95,1.4843,12,0
IWM191101C156,2019-10-28,2019-10-28 09:30:24,0.96,1.5,1,0.94,1.4687,35,0.92,1.4375,1,0.95,1.4843,12,0
IWM191101C156,2019-10-28,2019-10-28 09:30:25,0.96,1.5,1,0.93,1.4531,470,0.92,1.4375,1,0.945,1.4765,12,0
IWM191101C156,2019-10-28,2019-10-28 09:30:26,0.96,1.5,1,0.93,1.4531,470,0.92,1.4375,1,0.945,1.4765,12,0
IWM191101C156,2019-10-28,2019-10-28 09:30:26,0.96,1.5,1,0.94,1.4687,115,0.92,1.4375,1,0.95,1.4843,13,1
IWM191101C156,2019-10-28,2019-10-28 09:30:27,0.98,1.5312,71,0.94,1.4687,796,0.96,1.5,1,0.96,1.5,13,0
IWM191101C156,2019-10-28,2019-10-28 09:30:27,0.97,1.5156,53,0.94,1.4687,393,0.96,1.5,1,0.955,1.4921,13,0
IWM191101C156,2019-10-28,2019-10-28 09:30:28,0.98,1.5312,123,0.94,1.4687,699,0.96,1.5,1,0.96,1.5,13,0
IWM191101C156,2019-10-28,2019-10-28 09:30:28,0.98,1.5312,123,0.95,1.4843,86,0.96,1.5,1,0.965,1.5078,13,0
IWM191101C156,2019-10-28,2019-10-28 09:30:29,0.98,1.5312,60,0.95,1.4843,92,0.96,1.5,1,0.965,1.5078,13,0
IWM191101C156,2019-10-28,2019-10-28 09:30:29,0.98,1.5312,61,0.95,1.4843,102,0.96,1.5,1,0.965,1.5078,13,0
IWM191101C156,2019-10-28,2019-10-28 09:30:30,0.98,1.5312,39,0.95,1.4843,102,0.96,1.5,1,0.965,1.5078,13,0
IWM191101C156,2019-10-28,2019-10-28 09:30:31,0.98,1.5312,39,0.95,1.4843,177,0.96,1.5,1,0.965,1.5078,13,0
IWM191101C156,2019-10-28,2019-10-28 09:30:31,0.98,1.5312,39,0.95,1.4843,200,0.96,1.5,1,0.965,1.5078,13,0
IWM191101C156,2019-10-28,2019-10-28 09:30:32,0.98,1.5312,39,0.95,1.4843,177,0.96,1.5,1,0.965,1.5078,13,0
IWM191101C156,2019-10-28,2019-10-28 09:30:32,0.98,1.5312,57,0.95,1.4843,248,0.96,1.5,1,0.965,1.5078,13,0
IWM191101C156,2019-10-28,2019-10-28 09:30:33,0.98,1.5312,2,0.95,1.4843,562,0.96,1.5,1,0.965,1.5078,13,0
IWM191101C156,2019-10-28,2019-10-28 09:30:33,0.99,1.5468,25,0.95,1.4843,516,0.96,1.5,1,0.97,1.5156,13,0
IWM191101C156,2019-10-28,2019-10-28 09:30:34,0.99,1.5468,1,0.95,1.4843,556,0.96,1.5,1,0.97,1.5156,13,0
IWM191101C156,2019-10-28,2019-10-28 09:30:35,1.0,1.5625,147,0.95,1.4843,556,0.96,1.5,1,0.975,1.5234,13,0
IWM191101C156,2019-10-28,2019-10-28 09:30:35,0.99,1.5468,1,0.95,1.4843,556,0.96,1.5,1,0.97,1.5156,13,0
IWM191101C156,2019-10-28,2019-10-28 09:30:36,1.0,1.5625,132,0.96,1.5,271,0.96,1.5,1,0.98,1.5312,13,0
IWM191101C156,2019-10-28,2019-10-28 09:30:36,1.0,1.5625,209,0.96,1.5,193,0.96,1.5,1,0.98,1.5312,13,0
IWM191101C156,2019-10-28,2019-10-28 09:30:37,1.0,1.5625,119,0.96,1.5,149,0.96,1.5,1,0.98,1.5312,13,0
IWM191101C156,2019-10-28,2019-10-28 09:30:37,1.0,1.5625,90,0.96,1.5,149,0.96,1.5,1,0.98,1.5312,13,0
IWM191101C156,2019-10-28,2019-10-28 09:30:38,1.0,1.5625,119,0.96,1.5,149,0.96,1.5,1,0.98,1.5312,13,0
IWM191101C156,2019-10-28,2019-10-28 09:30:38,1.0,1.5625,119,0.96,1.5,103,0.96,1.5,1,0.98,1.5312,13,0
IWM191101C156,2019-10-28,2019-10-28 09:30:39,1.0,1.5625,119,0.96,1.5,103,0.96,1.5,1,0.98,1.5312,13,0
IWM191101C156,2019-10-28,2019-10-28 09:30:39,1.0,1.5625,119,0.95,1.4843,121,0.96,1.5,1,0.975,1.5234,13,0
IWM191101C156,2019-10-28,2019-10-28 09:30:40,1.0,1.5625,155,0.95,1.4843,121,0.96,1.5,1,0.975,1.5234,13,0
IWM191101C156,2019-10-28,2019-10-28 09:30:41,1.0,1.5625,146,0.96,1.5,255,0.99,1.5468,1,0.98,1.5312,14,1
IWM191101C156,2019-10-28,2019-10-28 09:30:41,1.0,1.5625,155,0.96,1.5,91,0.96,1.5,1,0.98,1.5312,13,0
IWM191101C156,2019-10-28,2019-10-28 09:30:42,1.0,1.5625,131,0.96,1.5,289,0.99,1.5468,1,0.98,1.5312,14,0
IWM191101C156,2019-10-28,2019-10-28 09:30:42,1.0,1.5625,148,0.96,1.5,453,0.99,1.5468,1,0.98,1.5312,14,0
IWM191101C156,2019-10-28,2019-10-28 09:30:43,1.0,1.5625,159,0.96,1.5,26,0.99,1.5468,1,0.98,1.5312,14,0
IWM191101C156,2019-10-28,2019-10-28 09:30:43,1.0,1.5625,131,0.96,1.5,289,0.99,1.5468,1,0.98,1.5312,14,0
IWM191101C156,2019-10-28,2019-10-28 09:30:44,1.0,1.5625,169,0.95,1.4843,205,0.99,1.5468,1,0.975,1.5234,14,0
IWM191101C156,2019-10-28,2019-10-28 09:30:44,0.99,1.5468,2,0.95,1.4843,172,0.99,1.5468,1,0.97,1.5156,14,0
IWM191101C156,2019-10-28,2019-10-28 09:30:45,0.99,1.5468,2,0.95,1.4843,296,0.99,1.5468,1,0.97,1.5156,14,0
IWM191101C156,2019-10-28,2019-10-28 09:30:45,0.99,1.5468,2,0.95,1.4843,195,0.99,1.5468,1,0.97,1.5156,14,0
IWM191101C156,2019-10-28,2019-10-28 09:30:46,0.99,1.5468,2,0.95,1.4843,237,0.99,1.5468,1,0.97,1.5156,14,0
IWM191101C156,2019-10-28,2019-10-28 09:30:47,0.99,1.5468,15,0.96,1.5,83,0.99,1.5468,2,0.975,1.5234,16,2
IWM191101C156,2019-10-28,2019-10-28 09:30:47,1.0,1.5625,189,0.95,1.4843,227,0.99,1.5468,1,0.975,1.5234,14,0
IWM191101C156,2019-10-28,2019-10-28 09:30:48,1.01,1.5781,87,0.97,1.5156,18,0.99,1.5468,10,0.99,1.5468,26,10
IWM191101C156,2019-10-28,2019-10-28 09:30:48,1.01,1.5781,49,0.98,1.5312,188,0.99,1.5468,10,0.995,1.5546,26,0
IWM191101C156,2019-10-28,2019-10-28 09:30:49,1.02,1.5937,10,0.99,1.5468,92,0.99,1.5468,10,1.005,1.5703,26,0
IWM191101C156,2019-10-28,2019-10-28 09:30:49,1.02,1.5937,10,0.98,1.5312,345,0.99,1.5468,10,1.0,1.5625,26,0
IWM191101C156,2019-10-28,2019-10-28 09:30:50,1.03,1.6093,206,0.99,1.5468,92,1.0,1.5625,10,1.01,1.5781,36,10
IWM191101C156,2019-10-28,2019-10-28 09:30:50,1.03,1.6093,242,0.99,1.5468,59,1.0,1.5625,10,1.01,1.5781,36,0
IWM191101C156,2019-10-28,2019-10-28 09:30:51,1.02,1.5937,74,0.99,1.5468,1,1.0,1.5625,10,1.005,1.5703,36,0
IWM191101C156,2019-10-28,2019-10-28 09:30:51,1.03,1.6093,249,0.99,1.5468,36,1.0,1.5625,10,1.01,1.5781,36,0
IWM191101C156,2019-10-28,2019-10-28 09:30:52,1.02,1.5937,147,0.99,1.5468,1,1.0,1.5625,10,1.005,1.5703,36,0
IWM191101C156,2019-10-28,2019-10-28 09:30:53,1.02,1.5937,159,0.99,1.5468,1,1.01,1.5781,1,1.005,1.5703,37,0
IWM191101C156,2019-10-28,2019-10-28 09:30:53,1.02,1.5937,159,0.99,1.5468,1,1.01,1.5781,1,1.005,1.5703,37,1
IWM191101C156,2019-10-28,2019-10-28 09:30:54,1.02,1.5937,159,0.99,1.5468,1,1.01,1.5781,1,1.005,1.5703,37,0
IWM191101C156,2019-10-28,2019-10-28 09:30:55,1.02,1.5937,272,0.98,1.5312,1,1.01,1.5781,1,1.0,1.5625,37,0
IWM191101C156,2019-10-28,2019-10-28 09:30:55,1.02,1.5937,239,0.98,1.5312,52,1.01,1.5781,1,1.0,1.5625,37,0
IWM191101C156,2019-10-28,2019-10-28 09:30:56,1.02,1.5937,532,0.98,1.5312,1,1.01,1.5781,1,1.0,1.5625,37,0
IWM191101C156,2019-10-28,2019-10-28 09:30:56,1.01,1.5781,39,0.98,1.5312,1,1.01,1.5781,1,0.995,1.5546,37,0
IWM191101C156,2019-10-28,2019-10-28 09:30:57,1.01,1.5781,220,0.97,1.5156,61,1.01,1.5781,1,0.99,1.5468,37,0
IWM191101C156,2019-10-28,2019-10-28 09:30:57,1.01,1.5781,167,0.97,1.5156,10,1.01,1.5781,1,0.99,1.5468,37,0
IWM191101C156,2019-10-28,2019-10-28 09:30:58,1.01,1.5781,157,0.97,1.5156,394,1.01,1.5781,1,0.99,1.5468,37,0
IWM191101C156,2019-10-28,2019-10-28 09:30:58,1.01,1.5781,157,0.97,1.5156,333,1.01,1.5781,1,0.99,1.5468,37,0
IWM191101C156,2019-10-28,2019-10-28 09:30:59,1.01,1.5781,81,0.97,1.5156,300,1.01,1.5781,1,0.99,1.5468,37,0
IWM191101C156,2019-10-28,2019-10-28 09:30:59,1.01,1.5781,81,0.98,1.5312,26,1.01,1.5781,1,0.995,1.5546,37,0
IWM191101C156,2019-10-28,2019-10-28 09:31:00,1.01,1.5781,90,0.98,1.5312,69,1.01,1.5781,1,0.995,1.5546,37,0
IWM191101C156,2019-10-28,2019-10-28 09:31:00,1.01,1.5781,81,0.98,1.5312,48,1.01,1.5781,1,0.995,1.5546,37,0
IWM191101C156,2019-10-28,2019-10-28 09:31:01,1.01,1.5781,81,0.98,1.5312,97,1.01,1.5781,1,0.995,1.5546,37,0
IWM191101C156,2019-10-28,2019-10-28 09:31:01,1.01,1.5781,81,0.98,1.5312,149,1.01,1.5781,1,0.995,1.5546,37,0
IWM191101C156,2019-10-28,2019-10-28 09:31:02,1.01,1.5781,20,0.98,1.5312,137,1.01,1.5781,1,0.995,1.5546,37,0
IWM191101C156,2019-10-28,2019-10-28 09:31:02,1.02,1.5937,30,0.99,1.5468,75,1.01,1.5781,1,1.005,1.5703,37,0
IWM191101C156,2019-10-28,2019-10-28 09:31:03,1.02,1.5937,20,0.99,1.5468,75,1.01,1.5781,1,1.005,1.5703,37,0
IWM191101C156,2019-10-28,2019-10-28 09:31:04,1.03,1.6093,101,0.99,1.5468,475,1.01,1.5781,1,1.01,1.5781,37,0
IWM191101C156,2019-10-28,2019-10-28 09:31:04,1.03,1.6093,237,0.99,1.5468,355,1.01,1.5781,1,1.01,1.5781,37,0
IWM191101C156,2019-10-28,2019-10-28 09:31:05,1.03,1.6093,175,0.99,1.5468,515,1.01,1.5781,1,1.01,1.5781,37,0
IWM191101C156,2019-10-28,2019-10-28 09:31:05,1.03,1.6093,175,0.99,1.5468,355,1.01,1.5781,1,1.01,1.5781,37,0
IWM191101C156,2019-10-28,2019-10-28 09:31:06,1.03,1.6093,10,1.0,1.5625,381,1.01,1.5781,1,1.015,1.5859,37,0
IWM191101C156,2019-10-28,2019-10-28 09:31:06,1.05,1.6406,54,1.02,1.5937,2,1.03,1.6093,10,1.035,1.6171,47,10
IWM191101C156,2019-10-28,2019-10-28 09:31:07,1.05,1.6406,54,1.02,1.5937,2,1.03,1.6093,10,1.035,1.6171,47,0
IWM191101C156,2019-10-28,2019-10-28 09:31:07,1.05,1.6406,24,1.02,1.5937,2,1.03,1.6093,10,1.035,1.6171,47,0
IWM191101C156,2019-10-28,2019-10-28 09:31:08,1.05,1.6406,30,1.02,1.5937,2,1.03,1.6093,10,1.035,1.6171,47,0
IWM191101C156,2019-10-28,2019-10-28 09:31:08,1.05,1.6406,108,1.02,1.5937,2,1.03,1.6093,10,1.035,1.6171,47,0
IWM191101C156,2019-10-28,2019-10-28 09:31:09,1.05,1.6406,19,1.02,1.5937,204,1.03,1.6093,10,1.035,1.6171,47,0
IWM191101C156,2019-10-28,2019-10-28 09:31:09,1.05,1.6406,19,1.02,1.5937,95,1.03,1.6093,10,1.035,1.6171,47,0
IWM191101C156,2019-10-28,2019-10-28 09:31:10,1.05,1.6406,79,1.02,1.5937,2,1.03,1.6093,10,1.035,1.6171,47,0
IWM191101C156,2019-10-28,2019-10-28 09:31:10,1.05,1.6406,130,1.02,1.5937,2,1.03,1.6093,10,1.035,1.6171,47,0
IWM191101C156,2019-10-28,2019-10-28 09:31:11,1.05,1.6406,20,1.02,1.5937,2,1.02,1.5937,2,1.035,1.6171,53,6
IWM191101C156,2019-10-28,2019-10-28 09:31:11,1.05,1.6406,46,1.02,1.5937,2,1.03,1.6093,10,1.035,1.6171,47,0
IWM191101C156,2019-10-28,2019-10-28 09:31:12,1.04,1.625,31,1.01,1.5781,93,1.02,1.5937,2,1.025,1.6015,53,0
IWM191101C156,2019-10-28,2019-10-28 09:31:12,1.05,1.6406,25,1.0,1.5625,69,1.02,1.5937,2,1.025,1.6015,53,0
IWM191101C156,2019-10-28,2019-10-28 09:31:13,1.04,1.625,1,1.02,1.5937,10,1.04,1.625,2,1.03,1.6093,55,2
IWM191101C156,2019-10-28,2019-10-28 09:31:13,1.05,1.6406,20,1.02,1.5937,139,1.04,1.625,2,1.035,1.6171,55,0
IWM191101C156,2019-10-28,2019-10-28 09:31:14,1.05,1.6406,10,1.02,1.5937,331,1.04,1.625,2,1.035,1.6171,55,0
IWM191101C156,2019-10-28,2019-10-28 09:31:14,1.05,1.6406,10,1.02,1.5937,374,1.04,1.625,2,1.035,1.6171,55,0
IWM191101C156,2019-10-28,2019-10-28 09:31:15,1.05,1.6406,10,1.02,1.5937,374,1.04,1.625,2,1.035,1.6171,55,0
IWM191101C156,2019-10-28,2019-10-28 09:31:16,1.05,1.6406,30,1.02,1.5937,556,1.03,1.6093,1,1.035,1.6171,56,1
IWM191101C156,2019-10-28,2019-10-28 09:31:16,1.05,1.6406,20,1.02,1.5937,556,1.03,1.6093,1,1.035,1.6171,56,0
IWM191101C156,2019-10-28,2019-10-28 09:31:17,1.05,1.6406,30,1.02,1.5937,566,1.03,1.6093,1,1.035,1.6171,56,0
IWM191101C156,2019-10-28,2019-10-28 09:31:18,1.05,1.6406,4,1.02,1.5937,323,1.03,1.6093,1,1.035,1.6171,56,0
IWM191101C156,2019-10-28,2019-10-28 09:31:18,1.05,1.6406,30,1.02,1.5937,566,1.03,1.6093,1,1.035,1.6171,56,0
IWM191101C156,2019-10-28,2019-10-28 09:31:19,1.05,1.6406,4,1.02,1.5937,554,1.03,1.6093,1,1.035,1.6171,56,0
IWM191101C156,2019-10-28,2019-10-28 09:31:19,1.05,1.6406,4,1.02,1.5937,593,1.03,1.6093,1,1.035,1.6171,56,0
IWM191101C156,2019-10-28,2019-10-28 09:31:20,1.05,1.6406,4,1.01,1.5781,535,1.03,1.6093,1,1.03,1.6093,56,0
IWM191101C156,2019-10-28,2019-10-28 09:31:20,1.05,1.6406,4,1.01,1.5781,388,1.03,1.6093,1,1.03,1.6093,56,0
IWM191101C156,2019-10-28,2019-10-28 09:31:21,1.05,1.6406,20,1.02,1.5937,41,1.03,1.6093,1,1.035,1.6171,56,0
IWM191101C156,2019-10-28,2019-10-28 09:31:22,1.05,1.6406,274,1.0,1.5625,217,1.03,1.6093,1,1.025,1.6015,56,0
IWM191101C156,2019-10-28,2019-10-28 09:31:22,1.05,1.6406,382,1.0,1.5625,288,1.03,1.6093,1,1.025,1.6015,56,0
IWM191101C156,2019-10-28,2019-10-28 09:31:23,1.05,1.6406,521,1.0,1.5625,446,1.03,1.6093,1,1.025,1.6015,56,0
IWM191101C156,2019-10-28,2019-10-28 09:31:23,1.05,1.6406,532,1.0,1.5625,545,1.03,1.6093,1,1.025,1.6015,56,0
IWM191101C156,2019-10-28,2019-10-28 09:31:24,1.05,1.6406,349,1.01,1.5781,25,1.03,1.6093,1,1.03,1.6093,56,0
IWM191101C156,2019-10-28,2019-10-28 09:31:24,1.05,1.6406,346,1.01,1.5781,55,1.03,1.6093,1,1.03,1.6093,56,0
IWM191101C156,2019-10-28,2019-10-28 09:31:25,1.05,1.6406,469,1.01,1.5781,25,1.03,1.6093,1,1.03,1.6093,56,0
IWM191101C156,2019-10-28,2019-10-28 09:31:26,1.05,1.6406,475,1.01,1.5781,35,1.03,1.6093,1,1.03,1.6093,56,0
IWM191101C156,2019-10-28,2019-10-28 09:31:26,1.05,1.6406,253,1.02,1.5937,22,1.03,1.6093,1,1.035,1.6171,56,0
IWM191101C156,2019-10-28,2019-10-28 09:31:27,1.05,1.6406,1,1.02,1.5937,248,1.03,1.6093,1,1.035,1.6171,56,0
IWM191101C156,2019-10-28,2019-10-28 09:31:27,1.05,1.6406,1,1.03,1.6093,34,1.03,1.6093,1,1.04,1.625,56,0
IWM191101C156,2019-10-28,2019-10-28 09:31:28,1.07,1.6718,92,1.04,1.625,22,1.05,1.6406,1,1.055,1.6484,57,1
IWM191101C156,2019-10-28,2019-10-28 09:31:28,1.05,1.6406,1,1.03,1.6093,266,1.03,1.6093,1,1.04,1.625,56,0
IWM191101C156,2019-10-28,2019-10-28 09:31:29,1.06,1.6562,11,1.04,1.625,22,1.05,1.6406,1,1.05,1.6406,57,0
IWM191101C156,2019-10-28,2019-10-28 09:31:29,1.07,1.6718,127,1.04,1.625,40,1.05,1.6406,1,1.055,1.6484,57,0
IWM191101C156,2019-10-28,2019-10-28 09:31:30,1.07,1.6718,127,1.04,1.625,53,1.05,1.6406,1,1.055,1.6484,57,0
IWM191101C156,2019-10-28,2019-10-28 09:31:30,1.07,1.6718,84,1.04,1.625,53,1.05,1.6406,1,1.055,1.6484,57,0
IWM191101C156,2019-10-28,2019-10-28 09:31:31,1.07,1.6718,84,1.04,1.625,53,1.05,1.6406,1,1.055,1.6484,57,0
IWM191101C156,2019-10-28,2019-10-28 09:31:31,1.07,1.6718,122,1.05,1.6406,24,1.05,1.6406,1,1.06,1.6562,57,0
IWM191101C156,2019-10-28,2019-10-28 09:31:32,1.07,1.6718,20,1.05,1.6406,24,1.05,1.6406,1,1.06,1.6562,57,0
IWM191101C156,2019-10-28,2019-10-28 09:31:32,1.07,1.6718,127,1.05,1.6406,24,1.05,1.6406,1,1.06,1.6562,57,0
IWM191101C156,2019-10-28,2019-10-28 09:31:33,1.07,1.6718,20,1.05,1.6406,38,1.05,1.6406,1,1.06,1.6562,57,0
IWM191101C156,2019-10-28,2019-10-28 09:31:34,1.08,1.6875,16,1.05,1.6406,80,1.05,1.6406,1,1.065,1.664,57,0
IWM191101C156,2019-10-28,2019-10-28 09:31:34,1.07,1.6718,20,1.05,1.6406,38,1.05,1.6406,1,1.06,1.6562,57,0
IWM191101C156,2019-10-28,2019-10-28 09:31:35,1.09,1.7031,128,1.05,1.6406,43,1.07,1.6718,1,1.07,1.6718,58,1
IWM191101C156,2019-10-28,2019-10-28 09:31:35,1.09,1.7031,71,1.05,1.6406,80,1.05,1.6406,1,1.07,1.6718,57,0
IWM191101C156,2019-10-28,2019-10-28 09:31:36,1.08,1.6875,453,1.05,1.6406,24,1.07,1.6718,1,1.065,1.664,58,0
IWM191101C156,2019-10-28,2019-10-28 09:31:36,1.08,1.6875,35,1.05,1.6406,124,1.07,1.6718,1,1.065,1.664,58,0
IWM191101C156,2019-10-28,2019-10-28 09:31:37,1.08,1.6875,428,1.05,1.6406,24,1.07,1.6718,1,1.065,1.664,58,0
IWM191101C156,2019-10-28,2019-10-28 09:31:37,1.08,1.6875,375,1.05,1.6406,24,1.07,1.6718,1,1.065,1.664,58,0
IWM191101C156,2019-10-28,2019-10-28 09:31:38,1.08,1.6875,447,1.05,1.6406,24,1.07,1.6718,1,1.065,1.664,58,0
IWM191101C156,2019-10-28,2019-10-28 09:31:39,1.08,1.6875,315,1.05,1.6406,24,1.07,1.6718,1,1.065,1.664,58,0
IWM191101C156,2019-10-28,2019-10-28 09:31:39,1.08,1.6875,82,1.05,1.6406,24,1.07,1.6718,1,1.065,1.664,58,0
IWM191101C156,2019-10-28,2019-10-28 09:31:40,1.09,1.7031,289,1.05,1.6406,56,1.07,1.6718,1,1.07,1.6718,58,0
IWM191101C156,2019-10-28,2019-10-28 09:31:40,1.09,1.7031,107,1.06,1.6562,22,1.07,1.6718,1,1.075,1.6796,58,0
IWM191101C156,2019-10-28,2019-10-28 09:31:41,1.09,1.7031,438,1.05,1.6406,56,1.07,1.6718,1,1.07,1.6718,58,0
IWM191101C156,2019-10-28,2019-10-28 09:31:42,1.09,1.7031,320,1.05,1.6406,98,1.07,1.6718,1,1.07,1.6718,58,0
IWM191101C156,2019-10-28,2019-10-28 09:31:42,1.09,1.7031,428,1.05,1.6406,78,1.07,1.6718,1,1.07,1.6718,58,0
IWM191101C156,2019-10-28,2019-10-28 09:31:43,1.08,1.6875,35,1.05,1.6406,98,1.07,1.6718,1,1.065,1.664,58,0
IWM191101C156,2019-10-28,2019-10-28 09:31:43,1.09,1.7031,320,1.05,1.6406,98,1.07,1.6718,1,1.07,1.6718,58,0
IWM191101C156,2019-10-28,2019-10-28 09:31:44,1.07,1.6718,270,1.03,1.6093,32,1.05,1.6406,24,1.05,1.6406,82,0
IWM191101C156,2019-10-28,2019-10-28 09:31:44,1.07,1.6718,270,1.04,1.625,1,1.05,1.6406,24,1.055,1.6484,82,24
IWM191101C156,2019-10-28,2019-10-28 09:31:45,1.07,1.6718,307,1.02,1.5937,10,1.05,1.6406,24,1.045,1.6328,82,0
IWM191101C156,2019-10-28,2019-10-28 09:31:45,1.06,1.6562,165,1.02,1.5937,57,1.05,1.6406,24,1.04,1.625,82,0
IWM191101C156,2019-10-28,2019-10-28 09:31:46,1.06,1.6562,120,1.02,1.5937,265,1.05,1.6406,24,1.04,1.625,82,0
IWM191101C156,2019-10-28,2019-10-28 09:31:46,1.06,1.6562,145,1.02,1.5937,247,1.05,1.6406,24,1.04,1.625,82,0
IWM191101C156,2019-10-28,2019-10-28 09:31:47,1.08,1.6875,132,1.04,1.625,157,1.05,1.6406,24,1.06,1.6562,82,0
IWM191101C156,2019-10-28,2019-10-28 09:31:47,1.08,1.6875,118,1.03,1.6093,26,1.05,1.6406,24,1.055,1.6484,82,0
IWM191101C156,2019-10-28,2019-10-28 09:31:48,1.08,1.6875,132,1.04,1.625,157,1.05,1.6406,24,1.06,1.6562,82,0
IWM191101C156,2019-10-28,2019-10-28 09:31:48,1.08,1.6875,167,1.04,1.625,92,1.05,1.6406,24,1.06,1.6562,82,0
IWM191101C156,2019-10-28,2019-10-28 09:31:49,1.07,1.6718,173,1.03,1.6093,57,1.05,1.6406,24,1.05,1.6406,82,0
IWM191101C156,2019-10-28,2019-10-28 09:31:49,1.07,1.6718,85,1.04,1.625,80,1.05,1.6406,24,1.055,1.6484,82,0
IWM191101C156,2019-10-28,2019-10-28 09:31:50,1.07,1.6718,198,1.02,1.5937,98,1.05,1.6406,24,1.045,1.6328,82,0
IWM191101C156,2019-10-28,2019-10-28 09:31:50,1.07,1.6718,157,1.03,1.6093,42,1.05,1.6406,24,1.05,1.6406,82,0
IWM191101C156,2019-10-28,2019-10-28 09:31:51,1.07,1.6718,123,1.03,1.6093,126,1.05,1.6406,24,1.05,1.6406,82,0
IWM191101C156,2019-10-28,2019-10-28 09:31:51,1.07,1.6718,20,1.03,1.6093,191,1.05,1.6406,24,1.05,1.6406,82,0
IWM191101C156,2019-10-28,2019-10-28 09:31:52,1.07,1.6718,1,1.04,1.625,23,1.06,1.6562,1,1.055,1.6484,83,1
IWM191101C156,2019-10-28,2019-10-28 09:31:52,1.08,1.6875,328,1.03,1.6093,335,1.05,1.6406,24,1.055,1.6484,82,0
IWM191101C156,2019-10-28,2019-10-28 09:31:53,1.07,1.6718,1,1.04,1.625,12,1.06,1.6562,1,1.055,1.6484,83,0
IWM191101C156,2019-10-28,2019-10-28 09:31:53,1.07,1.6718,10,1.04,1.625,12,1.06,1.6562,1,1.055,1.6484,83,0
IWM191101C156,2019-10-28,2019-10-28 09:31:54,1.08,1.6875,271,1.04,1.625,43,1.06,1.6562,1,1.06,1.6562,83,0
IWM191101C156,2019-10-28,2019-10-28 09:31:54,1.08,1.6875,271,1.05,1.6406,22,1.06,1.6562,1,1.065,1.664,83,0
IWM191101C156,2019-10-28,2019-10-28 09:31:55,1.09,1.7031,186,1.05,1.6406,154,1.06,1.6562,1,1.07,1.6718,83,0
IWM191101C156,2019-10-28,2019-10-28 09:31:55,1.09,1.7031,29,1.06,1.6562,18,1.06,1.6562,1,1.075,1.6796,83,0
IWM191101C156,2019-10-28,2019-10-28 09:31:56,1.09,1.7031,43,1.05,1.6406,122,1.06,1.6562,1,1.07,1.6718,83,0
IWM191101C156,2019-10-28,2019-10-28 09:31:56,1.09,1.7031,120,1.05,1.6406,251,1.06,1.6562,1,1.07,1.6718,83,0
IWM191101C156,2019-10-28,2019-10-28 09:31:57,1.09,1.7031,26,1.05,1.6406,251,1.06,1.6562,1,1.07,1.6718,83,0
IWM191101C156,2019-10-28,2019-10-28 09:31:58,1.09,1.7031,26,1.05,1.6406,251,1.06,1.6562,1,1.07,1.6718,83,0
IWM191101C156,2019-10-28,2019-10-28 09:31:58,1.09,1.7031,26,1.06,1.6562,79,1.06,1.6562,1,1.075,1.6796,83,0
IWM191101C156,2019-10-28,2019-10-28 09:31:59,1.09,1.7031,142,1.06,1.6562,35,1.06,1.6562,1,1.075,1.6796,83,0
IWM191101C156,2019-10-28,2019-10-28 09:31:59,1.09,1.7031,115,1.06,1.6562,21,1.06,1.6562,1,1.075,1.6796,83,0
IWM191101C156,2019-10-28,2019-10-28 09:32:00,1.09,1.7031,85,1.05,1.6406,111,1.07,1.6718,3,1.07,1.6718,88,0
IWM191101C156,2019-10-28,2019-10-28 09:32:00,1.09,1.7031,231,1.05,1.6406,40,1.07,1.6718,3,1.07,1.6718,88,5
IWM191101C156,2019-10-28,2019-10-28 09:32:01,1.09,1.7031,30,1.06,1.6562,103,1.07,1.6718,3,1.075,1.6796,88,0
IWM191101C156,2019-10-28,2019-10-28 09:32:01,1.09,1.7031,85,1.05,1.6406,115,1.07,1.6718,3,1.07,1.6718,88,0
IWM191101C156,2019-10-28,2019-10-28 09:32:02,1.09,1.7031,30,1.06,1.6562,118,1.07,1.6718,3,1.075,1.6796,88,0
IWM191101C156,2019-10-28,2019-10-28 09:32:02,1.09,1.7031,30,1.06,1.6562,64,1.07,1.6718,3,1.075,1.6796,88,0
IWM191101C156,2019-10-28,2019-10-28 09:32:03,1.09,1.7031,32,1.06,1.6562,228,1.07,1.6718,3,1.075,1.6796,88,0
IWM191101C156,2019-10-28,2019-10-28 09:32:03,1.09,1.7031,30,1.06,1.6562,253,1.07,1.6718,3,1.075,1.6796,88,0
IWM191101C156,2019-10-28,2019-10-28 09:32:04,1.09,1.7031,20,1.06,1.6562,246,1.07,1.6718,3,1.075,1.6796,88,0
IWM191101C156,2019-10-28,2019-10-28 09:32:05,1.09,1.7031,30,1.06,1.6562,203,1.07,1.6718,3,1.075,1.6796,88,0
IWM191101C156,2019-10-28,2019-10-28 09:32:05,1.09,1.7031,20,1.06,1.6562,48,1.07,1.6718,3,1.075,1.6796,88,0
IWM191101C156,2019-10-28,2019-10-28 09:32:06,1.1,1.7187,20,1.06,1.6562,48,1.07,1.6718,3,1.08,1.6875,88,0
IWM191101C156,2019-10-28,2019-10-28 09:32:06,1.09,1.7031,20,1.06,1.6562,48,1.07,1.6718,3,1.075,1.6796,88,0
IWM191101C156,2019-10-28,2019-10-28 09:32:07,1.1,1.7187,30,1.07,1.6718,276,1.07,1.6718,3,1.085,1.6953,88,0
IWM191101C156,2019-10-28,2019-10-28 09:32:07,1.1,1.7187,20,1.07,1.6718,154,1.07,1.6718,3,1.085,1.6953,88,0
IWM191101C156,2019-10-28,2019-10-28 09:32:08,1.1,1.7187,56,1.07,1.6718,57,1.07,1.6718,3,1.085,1.6953,88,0
IWM191101C156,2019-10-28,2019-10-28 09:32:08,1.1,1.7187,30,1.07,1.6718,96,1.07,1.6718,3,1.085,1.6953,88,0
IWM191101C156,2019-10-28,2019-10-28 09:32:09,1.1,1.7187,75,1.07,1.6718,22,1.07,1.6718,3,1.085,1.6953,88,0
IWM191101C156,2019-10-28,2019-10-28 09:32:09,1.1,1.7187,46,1.07,1.6718,57,1.07,1.6718,3,1.085,1.6953,88,0
IWM191101C156,2019-10-28,2019-10-28 09:32:10,1.1,1.7187,36,1.07,1.6718,22,1.07,1.6718,3,1.085,1.6953,88,0
IWM191101C156,2019-10-28,2019-10-28 09:32:10,1.1,1.7187,75,1.07,1.6718,22,1.07,1.6718,3,1.085,1.6953,88,0
IWM191101C156,2019-10-28,2019-10-28 09:32:11,1.1,1.7187,26,1.07,1.6718,196,1.07,1.6718,3,1.085,1.6953,88,0
IWM191101C156,2019-10-28,2019-10-28 09:32:11,1.1,1.7187,36,1.07,1.6718,196,1.07,1.6718,3,1.085,1.6953,88,0
IWM191101C156,2019-10-28,2019-10-28 09:32:12,1.1,1.7187,20,1.07,1.6718,110,1.07,1.6718,3,1.085,1.6953,88,0
IWM191101C156,2019-10-28,2019-10-28 09:32:12,1.1,1.7187,40,1.07,1.6718,65,1.07,1.6718,3,1.085,1.6953,88,0
IWM191101C156,2019-10-28,2019-10-28 09:32:13,1.1,1.7187,40,1.07,1.6718,65,1.07,1.6718,3,1.085,1.6953,88,0
IWM191101C156,2019-10-28,2019-10-28 09:32:13,1.1,1.7187,20,1.08,1.6875,40,1.07,1.6718,3,1.09,1.7031,88,0
IWM191101C156,2019-10-28,2019-10-28 09:32:14,1.1,1.7187,5,1.08,1.6875,40,1.07,1.6718,3,1.09,1.7031,88,0
IWM191101C156,2019-10-28,2019-10-28 09:32:14,1.1,1.7187,20,1.08,1.6875,60,1.07,1.6718,3,1.09,1.7031,88,0
IWM191101C156,2019-10-28,2019-10-28 09:32:15,1.1,1.7187,20,1.08,1.6875,38,1.07,1.6718,3,1.09,1.7031,88,0
IWM191101C156,2019-10-28,2019-10-28 09:32:16,1.1,1.7187,5,1.08,1.6875,56,1.07,1.6718,3,1.09,1.7031,88,0
IWM191101C156,2019-10-28,2019-10-28 09:32:16,1.1,1.7187,30,1.08,1.6875,25,1.07,1.6718,3,1.09,1.7031,88,0
IWM191101C156,2019-10-28,2019-10-28 09:32:17,1.1,1.7187,30,1.07,1.6718,53,1.07,1.6718,3,1.085,1.6953,88,0
IWM191101C156,2019-10-28,2019-10-28 09:32:17,1.1,1.7187,10,1.08,1.6875,25,1.07,1.6718,3,1.09,1.7031,88,0
IWM191101C156,2019-10-28,2019-10-28 09:32:18,1.1,1.7187,46,1.07,1.6718,119,1.07,1.6718,3,1.085,1.6953,88,0
IWM191101C156,2019-10-28,2019-10-28 09:32:18,1.1,1.7187,46,1.07,1.6718,142,1.07,1.6718,3,1.085,1.6953,88,0
IWM191101C156,2019-10-28,2019-10-28 09:32:19,1.1,1.7187,20,1.07,1.6718,61,1.07,1.6718,3,1.085,1.6953,88,0
IWM191101C156,2019-10-28,2019-10-28 09:32:19,1.1,1.7187,46,1.07,1.6718,61,1.07,1.6718,3,1.085,1.6953,88,0
IWM191101C156,2019-10-28,2019-10-28 09:32:20,1.1,1.7187,56,1.07,1.6718,51,1.07,1.6718,3,1.085,1.6953,88,0
IWM191101C156,2019-10-28,2019-10-28 09:32:20,1.1,1.7187,133,1.06,1.6562,196,1.07,1.6718,3,1.08,1.6875,88,0
IWM191101C156,2019-10-28,2019-10-28 09:32:21,1.1,1.7187,175,1.06,1.6562,171,1.07,1.6718,3,1.08,1.6875,88,0
IWM191101C156,2019-10-28,2019-10-28 09:32:21,1.1,1.7187,191,1.06,1.6562,171,1.07,1.6718,3,1.08,1.6875,88,0
IWM191101C156,2019-10-28,2019-10-28 09:32:22,1.1,1.7187,191,1.06,1.6562,277,1.07,1.6718,3,1.08,1.6875,88,0
IWM191101C156,2019-10-28,2019-10-28 09:32:22,1.1,1.7187,191,1.06,1.6562,230,1.07,1.6718,3,1.08,1.6875,88,0
IWM191101C156,2019-10-28,2019-10-28 09:32:23,1.1,1.7187,146,1.06,1.6562,277,1.07,1.6718,3,1.08,1.6875,88,0
IWM191101C156,2019-10-28,2019-10-28 09:32:23,1.1,1.7187,173,1.06,1.6562,259,1.07,1.6718,3,1.08,1.6875,88,0
IWM191101C156,2019-10-28,2019-10-28 09:32:24,1.1,1.7187,175,1.06,1.6562,200,1.07,1.6718,3,1.08,1.6875,88,0
IWM191101C156,2019-10-28,2019-10-28 09:32:24,1.1,1.7187,36,1.07,1.6718,92,1.07,1.6718,3,1.085,1.6953,88,0
IWM191101C156,2019-10-28,2019-10-28 09:32:25,1.1,1.7187,36,1.07,1.6718,177,1.07,1.6718,3,1.085,1.6953,88,0
IWM191101C156,2019-10-28,2019-10-28 09:32:25,1.1,1.7187,30,1.06,1.6562,58,1.07,1.6718,3,1.08,1.6875,88,0
IWM191101C156,2019-10-28,2019-10-28 09:32:26,1.09,1.7031,83,1.05,1.6406,98,1.07,1.6718,3,1.07,1.6718,88,0
IWM191101C156,2019-10-28,2019-10-28 09:32:26,1.09,1.7031,70,1.06,1.6562,42,1.07,1.6718,3,1.075,1.6796,88,0
IWM191101C156,2019-10-28,2019-10-28 09:32:27,1.09,1.7031,26,1.06,1.6562,107,1.07,1.6718,3,1.075,1.6796,88,0
IWM191101C156,2019-10-28,2019-10-28 09:32:27,1.09,1.7031,27,1.06,1.6562,93,1.07,1.6718,3,1.075,1.6796,88,0
IWM191101C156,2019-10-28,2019-10-28 09:32:28,1.09,1.7031,36,1.06,1.6562,107,1.07,1.6718,3,1.075,1.6796,88,0
IWM191101C156,2019-10-28,2019-10-28 09:32:28,1.09,1.7031,30,1.06,1.6562,107,1.07,1.6718,3,1.075,1.6796,88,0
IWM191101C156,2019-10-28,2019-10-28 09:32:29,1.09,1.7031,30,1.06,1.6562,107,1.07,1.6718,3,1.075,1.6796,88,0
IWM191101C156,2019-10-28,2019-10-28 09:32:29,1.1,1.7187,114,1.06,1.6562,132,1.07,1.6718,3,1.08,1.6875,88,0
IWM191101C156,2019-10-28,2019-10-28 09:32:30,1.1,1.7187,114,1.06,1.6562,168,1.07,1.6718,3,1.08,1.6875,88,0
IWM191101C156,2019-10-28,2019-10-28 09:32:30,1.1,1.7187,114,1.06,1.6562,158,1.07,1.6718,3,1.08,1.6875,88,0
IWM191101C156,2019-10-28,2019-10-28 09:32:31,1.1,1.7187,175,1.06,1.6562,199,1.07,1.6718,3,1.08,1.6875,88,0
IWM191101C156,2019-10-28,2019-10-28 09:32:32,1.09,1.7031,36,1.05,1.6406,90,1.07,1.6718,3,1.07,1.6718,88,0
IWM191101C156,2019-10-28,2019-10-28 09:32:32,1.1,1.7187,138,1.05,1.6406,75,1.07,1.6718,3,1.075,1.6796,88,0
IWM191101C156,2019-10-28,2019-10-28 09:32:33,1.09,1.7031,75,1.05,1.6406,282,1.07,1.6718,3,1.07,1.6718,88,0
IWM191101C156,2019-10-28,2019-10-28 09:32:33,1.09,1.7031,83,1.05,1.6406,94,1.07,1.6718,3,1.07,1.6718,88,0
IWM191101C156,2019-10-28,2019-10-28 09:32:34,1.09,1.7031,78,1.05,1.6406,94,1.07,1.6718,3,1.07,1.6718,88,0
IWM191101C156,2019-10-28,2019-10-28 09:32:34,1.09,1.7031,162,1.05,1.6406,167,1.07,1.6718,3,1.07,1.6718,88,0
IWM191101C156,2019-10-28,2019-10-28 09:32:35,1.09,1.7031,294,1.05,1.6406,136,1.07,1.6718,3,1.07,1.6718,88,0
IWM191101C156,2019-10-28,2019-10-28 09:32:35,1.09,1.7031,251,1.05,1.6406,161,1.07,1.6718,3,1.07,1.6718,88,0
IWM191101C156,2019-10-28,2019-10-28 09:32:36,1.09,1.7031,262,1.05,1.6406,161,1.07,1.6718,3,1.07,1.6718,88,0
IWM191101C156,2019-10-28,2019-10-28 09:32:36,1.09,1.7031,220,1.05,1.6406,226,1.07,1.6718,3,1.07,1.6718,88,0
IWM191101C156,2019-10-28,2019-10-28 09:32:37,1.1,1.7187,38,1.06,1.6562,429,1.07,1.6718,3,1.08,1.6875,88,0
IWM191101C156,2019-10-28,2019-10-28 09:32:37,1.09,1.7031,220,1.05,1.6406,108,1.07,1.6718,3,1.07,1.6718,88,0
IWM191101C156,2019-10-28,2019-10-28 09:32:38,1.1,1.7187,38,1.06,1.6562,312,1.07,1.6718,3,1.08,1.6875,88,0
IWM191101C156,2019-10-28,2019-10-28 09:32:38,1.1,1.7187,143,1.07,1.6718,10,1.07,1.6718,3,1.085,1.6953,88,0
IWM191101C156,2019-10-28,2019-10-28 09:32:39,1.1,1.7187,143,1.06,1.6562,216,1.07,1.6718,3,1.08,1.6875,88,0
IWM191101C156,2019-10-28,2019-10-28 09:32:39,1.1,1.7187,143,1.06,1.6562,107,1.07,1.6718,3,1.08,1.6875,88,0
IWM191101C156,2019-10-28,2019-10-28 09:32:40,1.1,1.7187,131,1.06,1.6562,175,1.07,1.6718,3,1.08,1.6875,88,0
IWM191101C156,2019-10-28,2019-10-28 09:32:40,1.1,1.7187,143,1.06,1.6562,107,1.07,1.6718,3,1.08,1.6875,88,0
IWM191101C156,2019-10-28,2019-10-28 09:32:41,1.1,1.7187,61,1.06,1.6562,42,1.07,1.6718,3,1.08,1.6875,88,0
IWM191101C156,2019-10-28,2019-10-28 09:32:41,1.1,1.7187,144,1.06,1.6562,175,1.07,1.6718,3,1.08,1.6875,88,0
IWM191101C156,2019-10-28,2019-10-28 09:32:42,1.1,1.7187,40,1.07,1.6718,38,1.07,1.6718,3,1.085,1.6953,88,0
IWM191101C156,2019-10-28,2019-10-28 09:32:43,1.1,1.7187,31,1.07,1.6718,38,1.07,1.6718,3,1.085,1.6953,88,0
IWM191101C156,2019-10-28,2019-10-28 09:32:43,1.1,1.7187,20,1.07,1.6718,47,1.07,1.6718,3,1.085,1.6953,88,0
IWM191101C156,2019-10-28,2019-10-28 09:32:44,1.1,1.7187,20,1.07,1.6718,47,1.07,1.6718,3,1.085,1.6953,88,0
IWM191101C156,2019-10-28,2019-10-28 09:32:44,1.1,1.7187,30,1.07,1.6718,47,1.07,1.6718,3,1.085,1.6953,88,0
IWM191101C156,2019-10-28,2019-10-28 09:32:45,1.1,1.7187,10,1.07,1.6718,106,1.07,1.6718,3,1.085,1.6953,88,0
IWM191101C156,2019-10-28,2019-10-28 09:32:45,1.1,1.7187,20,1.07,1.6718,148,1.07,1.6718,3,1.085,1.6953,88,0
IWM191101C156,2019-10-28,2019-10-28 09:32:46,1.1,1.7187,20,1.07,1.6718,148,1.07,1.6718,3,1.085,1.6953,88,0
IWM191101C156,2019-10-28,2019-10-28 09:32:46,1.1,1.7187,20,1.07,1.6718,193,1.07,1.6718,3,1.085,1.6953,88,0
IWM191101C156,2019-10-28,2019-10-28 09:32:47,1.1,1.7187,10,1.08,1.6875,44,1.07,1.6718,3,1.09,1.7031,88,0
IWM191101C156,2019-10-28,2019-10-28 09:32:47,1.1,1.7187,20,1.07,1.6718,262,1.07,1.6718,3,1.085,1.6953,88,0
IWM191101C156,2019-10-28,2019-10-28 09:32:48,1.1,1.7187,20,1.07,1.6718,148,1.07,1.6718,3,1.085,1.6953,88,0
IWM191101C156,2019-10-28,2019-10-28 09:32:48,1.1,1.7187,20,1.07,1.6718,415,1.07,1.6718,3,1.085,1.6953,88,0
IWM191101C156,2019-10-28,2019-10-28 09:32:49,1.1,1.7187,30,1.07,1.6718,394,1.07,1.6718,3,1.085,1.6953,88,0
IWM191101C156,2019-10-28,2019-10-28 09:32:50,1.1,1.7187,30,1.07,1.6718,394,1.07,1.6718,3,1.085,1.6953,88,0
IWM191101C156,2019-10-28,2019-10-28 09:32:51,1.1,1.7187,30,1.07,1.6718,454,1.07,1.6718,3,1.085,1.6953,88,0
IWM191101C156,2019-10-28,2019-10-28 09:32:51,1.1,1.7187,30,1.07,1.6718,394,1.07,1.6718,3,1.085,1.6953,88,0
IWM191101C156,2019-10-28,2019-10-28 09:32:52,1.1,1.7187,30,1.07,1.6718,406,1.07,1.6718,3,1.085,1.6953,88,0
IWM191101C156,2019-10-28,2019-10-28 09:32:52,1.1,1.7187,30,1.07,1.6718,454,1.07,1.6718,3,1.085,1.6953,88,0
IWM191101C156,2019-10-28,2019-10-28 09:32:53,1.1,1.7187,30,1.07,1.6718,332,1.07,1.6718,3,1.085,1.6953,88,0
IWM191101C156,2019-10-28,2019-10-28 09:32:54,1.1,1.7187,30,1.07,1.6718,332,1.07,1.6718,3,1.085,1.6953,88,0
IWM191101C156,2019-10-28,2019-10-28 09:32:56,1.1,1.7187,20,1.07,1.6718,454,1.07,1.6718,3,1.085,1.6953,88,0
IWM191101C156,2019-10-28,2019-10-28 09:32:56,1.1,1.7187,20,1.08,1.6875,31,1.07,1.6718,3,1.09,1.7031,88,0
IWM191101C156,2019-10-28,2019-10-28 09:32:57,1.1,1.7187,20,1.08,1.6875,31,1.07,1.6718,3,1.09,1.7031,88,0
IWM191101C156,2019-10-28,2019-10-28 09:32:57,1.1,1.7187,5,1.08,1.6875,250,1.07,1.6718,3,1.09,1.7031,88,0
IWM191101C156,2019-10-28,2019-10-28 09:32:58,1.1,1.7187,5,1.08,1.6875,273,1.07,1.6718,3,1.09,1.7031,88,0
IWM191101C156,2019-10-28,2019-10-28 09:32:58,1.1,1.7187,5,1.08,1.6875,250,1.07,1.6718,3,1.09,1.7031,88,0
IWM191101C156,2019-10-28,2019-10-28 09:32:59,1.1,1.7187,5,1.08,1.6875,214,1.09,1.7031,1,1.09,1.7031,89,1
IWM191101C156,2019-10-28,2019-10-28 09:32:59,1.1,1.7187,6,1.08,1.6875,214,1.09,1.7031,1,1.09,1.7031,89,0
IWM191101C156,2019-10-28,2019-10-28 09:33:00,1.1,1.7187,30,1.08,1.6875,51,1.09,1.7031,1,1.09,1.7031,89,0
IWM191101C156,2019-10-28,2019-10-28 09:33:00,1.1,1.7187,30,1.08,1.6875,60,1.09,1.7031,1,1.09,1.7031,89,0
IWM191101C156,2019-10-28,2019-10-28 09:33:01,1.1,1.7187,30,1.09,1.7031,6,1.09,1.7031,1,1.095,1.7109,89,0
IWM191101C156,2019-10-28,2019-10-28 09:33:01,1.1,1.7187,20,1.09,1.7031,6,1.09,1.7031,1,1.095,1.7109,89,0
IWM191101C156,2019-10-28,2019-10-28 09:33:02,1.1,1.7187,5,1.1,1.7187,1,1.1,1.7187,3,1.1,1.7187,94,5
IWM191101C156,2019-10-28,2019-10-28 09:33:02,1.12,1.75,10,1.1,1.7187,35,1.1,1.7187,3,1.11,1.7343,94,0
IWM191101C156,2019-10-28,2019-10-28 09:33:03,1.12,1.75,2,1.1,1.7187,43,1.1,1.7187,3,1.11,1.7343,94,0
IWM191101C156,2019-10-28,2019-10-28 09:33:04,1.14,1.7812,178,1.1,1.7187,48,1.1,1.7187,3,1.12,1.75,94,0
IWM191101C156,2019-10-28,2019-10-28 09:33:04,1.14,1.7812,102,1.1,1.7187,104,1.1,1.7187,3,1.12,1.75,94,0
IWM191101C156,2019-10-28,2019-10-28 09:33:05,1.14,1.7812,169,1.1,1.7187,39,1.1,1.7187,3,1.12,1.75,94,0
IWM191101C156,2019-10-28,2019-10-28 09:33:05,1.14,1.7812,169,1.1,1.7187,48,1.1,1.7187,3,1.12,1.75,94,0
IWM191101C156,2019-10-28,2019-10-28 09:33:06,1.14,1.7812,229,1.1,1.7187,39,1.1,1.7187,3,1.12,1.75,94,0
IWM191101C156,2019-10-28,2019-10-28 09:33:06,1.14,1.7812,296,1.1,1.7187,39,1.1,1.7187,3,1.12,1.75,94,0
IWM191101C156,2019-10-28,2019-10-28 09:33:07,1.14,1.7812,279,1.1,1.7187,39,1.1,1.7187,3,1.12,1.75,94,0
IWM191101C156,2019-10-28,2019-10-28 09:33:07,1.14,1.7812,314,1.1,1.7187,39,1.1,1.7187,3,1.12,1.75,94,0
IWM191101C156,2019-10-28,2019-10-28 09:33:08,1.14,1.7812,322,1.1,1.7187,39,1.1,1.7187,3,1.12,1.75,94,0
IWM191101C156,2019-10-28,2019-10-28 09:33:08,1.14,1.7812,320,1.1,1.7187,39,1.1,1.7187,3,1.12,1.75,94,0
IWM191101C156,2019-10-28,2019-10-28 09:33:09,1.13,1.7656,30,1.1,1.7187,39,1.13,1.7656,6,1.115,1.7421,100,0
IWM191101C156,2019-10-28,2019-10-28 09:33:09,1.13,1.7656,30,1.1,1.7187,39,1.13,1.7656,6,1.115,1.7421,100,6
IWM191101C156,2019-10-28,2019-10-28 09:33:10,1.12,1.75,128,1.08,1.6875,101,1.13,1.7656,6,1.1,1.7187,100,0
IWM191101C156,2019-10-28,2019-10-28 09:33:10,1.12,1.75,115,1.08,1.6875,161,1.13,1.7656,6,1.1,1.7187,100,0
IWM191101C156,2019-10-28,2019-10-28 09:33:11,1.12,1.75,117,1.08,1.6875,254,1.13,1.7656,6,1.1,1.7187,100,0
IWM191101C156,2019-10-28,2019-10-28 09:33:11,1.12,1.75,107,1.08,1.6875,254,1.13,1.7656,6,1.1,1.7187,100,0
IWM191101C156,2019-10-28,2019-10-28 09:33:12,1.13,1.7656,10,1.1,1.7187,132,1.13,1.7656,6,1.115,1.7421,100,0
IWM191101C156,2019-10-28,2019-10-28 09:33:12,1.13,1.7656,20,1.1,1.7187,132,1.13,1.7656,6,1.115,1.7421,100,0
IWM191101C156,2019-10-28,2019-10-28 09:33:13,1.13,1.7656,11,1.1,1.7187,132,1.13,1.7656,6,1.115,1.7421,100,0
IWM191101C156,2019-10-28,2019-10-28 09:33:13,1.13,1.7656,20,1.1,1.7187,128,1.13,1.7656,6,1.115,1.7421,100,0
IWM191101C156,2019-10-28,2019-10-28 09:33:14,1.15,1.7968,91,1.1,1.7187,290,1.13,1.7656,6,1.125,1.7578,100,0
IWM191101C156,2019-10-28,2019-10-28 09:33:14,1.13,1.7656,20,1.1,1.7187,290,1.13,1.7656,6,1.115,1.7421,100,0
IWM191101C156,2019-10-28,2019-10-28 09:33:15,1.15,1.7968,123,1.11,1.7343,151,1.13,1.7656,6,1.13,1.7656,100,0
IWM191101C156,2019-10-28,2019-10-28 09:33:15,1.14,1.7812,1,1.11,1.7343,151,1.13,1.7656,6,1.125,1.7578,100,0
IWM191101C156,2019-10-28,2019-10-28 09:33:16,1.15,1.7968,127,1.11,1.7343,48,1.13,1.7656,6,1.13,1.7656,100,0
IWM191101C156,2019-10-28,2019-10-28 09:33:16,1.15,1.7968,238,1.11,1.7343,48,1.13,1.7656,6,1.13,1.7656,100,0
IWM191101C156,2019-10-28,2019-10-28 09:33:17,1.15,1.7968,326,1.11,1.7343,32,1.13,1.7656,6,1.13,1.7656,100,0
IWM191101C156,2019-10-28,2019-10-28 09:33:17,1.15,1.7968,258,1.11,1.7343,32,1.13,1.7656,6,1.13,1.7656,100,0
IWM191101C156,2019-10-28,2019-10-28 09:33:18,1.15,1.7968,339,1.11,1.7343,32,1.13,1.7656,6,1.13,1.7656,100,0
IWM191101C156,2019-10-28,2019-10-28 09:33:19,1.15,1.7968,339,1.11,1.7343,41,1.13,1.7656,6,1.13,1.7656,100,0
IWM191101C156,2019-10-28,2019-10-28 09:33:20,1.15,1.7968,255,1.11,1.7343,41,1.13,1.7656,6,1.13,1.7656,100,0
IWM191101C156,2019-10-28,2019-10-28 09:33:20,1.15,1.7968,305,1.11,1.7343,155,1.13,1.7656,6,1.13,1.7656,100,0
IWM191101C156,2019-10-28,2019-10-28 09:33:21,1.15,1.7968,275,1.11,1.7343,16,1.13,1.7656,6,1.13,1.7656,100,0
IWM191101C156,2019-10-28,2019-10-28 09:33:21,1.15,1.7968,376,1.11,1.7343,16,1.13,1.7656,6,1.13,1.7656,100,0
IWM191101C156,2019-10-28,2019-10-28 09:33:22,1.14,1.7812,115,1.1,1.7187,115,1.13,1.7656,6,1.12,1.75,100,0
IWM191101C156,2019-10-28,2019-10-28 09:33:22,1.15,1.7968,376,1.11,1.7343,16,1.13,1.7656,6,1.13,1.7656,100,0
IWM191101C156,2019-10-28,2019-10-28 09:33:23,1.13,1.7656,260,1.08,1.6875,121,1.13,1.7656,6,1.105,1.7265,100,0
IWM191101C156,2019-10-28,2019-10-28 09:33:23,1.13,1.7656,260,1.08,1.6875,195,1.13,1.7656,6,1.105,1.7265,100,0
IWM191101C156,2019-10-28,2019-10-28 09:33:24,1.11,1.7343,115,1.07,1.6718,115,1.13,1.7656,6,1.09,1.7031,100,0
IWM191101C156,2019-10-28,2019-10-28 09:33:24,1.13,1.7656,260,1.08,1.6875,117,1.13,1.7656,6,1.105,1.7265,100,0
IWM191101C156,2019-10-28,2019-10-28 09:33:25,1.1,1.7187,20,1.07,1.6718,115,1.13,1.7656,6,1.085,1.6953,100,0
IWM191101C156,2019-10-28,2019-10-28 09:33:25,1.11,1.7343,115,1.06,1.6562,128,1.13,1.7656,6,1.085,1.6953,100,0
IWM191101C156,2019-10-28,2019-10-28 09:33:26,1.1,1.7187,20,1.07,1.6718,207,1.13,1.7656,6,1.085,1.6953,100,0
IWM191101C156,2019-10-28,2019-10-28 09:33:26,1.12,1.75,82,1.08,1.6875,93,1.13,1.7656,6,1.1,1.7187,100,0
IWM191101C156,2019-10-28,2019-10-28 09:33:27,1.12,1.75,10,1.06,1.6562,10,1.13,1.7656,6,1.09,1.7031,100,0
IWM191101C156,2019-10-28,2019-10-28 09:33:27,1.12,1.75,38,1.08,1.6875,83,1.13,1.7656,6,1.1,1.7187,100,0
IWM191101C156,2019-10-28,2019-10-28 09:33:28,1.12,1.75,152,1.06,1.6562,90,1.13,1.7656,6,1.09,1.7031,100,0
IWM191101C156,2019-10-28,2019-10-28 09:33:28,1.12,1.75,152,1.08,1.6875,106,1.13,1.7656,6,1.1,1.7187,100,0
IWM191101C156,2019-10-28,2019-10-28 09:33:29,1.11,1.7343,150,1.07,1.6718,68,1.13,1.7656,6,1.09,1.7031,100,0
IWM191101C156,2019-10-28,2019-10-28 09:33:30,1.13,1.7656,111,1.09,1.7031,185,1.13,1.7656,6,1.11,1.7343,100,0
IWM191101C156,2019-10-28,2019-10-28 09:33:30,1.13,1.7656,201,1.1,1.7187,1,1.13,1.7656,6,1.115,1.7421,100,0
IWM191101C156,2019-10-28,2019-10-28 09:33:31,1.12,1.75,40,1.1,1.7187,1,1.13,1.7656,6,1.11,1.7343,100,0
IWM191101C156,2019-10-28,2019-10-28 09:33:31,1.13,1.7656,135,1.1,1.7187,1,1.13,1.7656,6,1.115,1.7421,100,0
IWM191101C156,2019-10-28,2019-10-28 09:33:32,1.12,1.75,30,1.1,1.7187,1,1.13,1.7656,6,1.11,1.7343,100,0
IWM191101C156,2019-10-28,2019-10-28 09:33:32,1.12,1.75,40,1.1,1.7187,1,1.13,1.7656,6,1.11,1.7343,100,0
IWM191101C156,2019-10-28,2019-10-28 09:33:33,1.12,1.75,40,1.1,1.7187,1,1.13,1.7656,6,1.11,1.7343,100,0
IWM191101C156,2019-10-28,2019-10-28 09:33:34,1.12,1.75,40,1.1,1.7187,1,1.13,1.7656,6,1.11,1.7343,100,0
IWM191101C156,2019-10-28,2019-10-28 09:33:34,1.12,1.75,10,1.1,1.7187,1,1.13,1.7656,6,1.11,1.7343,100,0
IWM191101C156,2019-10-28,2019-10-28 09:33:35,1.12,1.75,20,1.1,1.7187,1,1.13,1.7656,6,1.11,1.7343,100,0
IWM191101C156,2019-10-28,2019-10-28 09:33:35,1.12,1.75,20,1.09,1.7031,162,1.13,1.7656,6,1.105,1.7265,100,0
IWM191101C156,2019-10-28,2019-10-28 09:33:36,1.13,1.7656,30,1.1,1.7187,38,1.13,1.7656,6,1.115,1.7421,100,0
IWM191101C156,2019-10-28,2019-10-28 09:33:36,1.13,1.7656,20,1.1,1.7187,45,1.13,1.7656,6,1.115,1.7421,100,0
IWM191101C156,2019-10-28,2019-10-28 09:33:37,1.14,1.7812,110,1.1,1.7187,126,1.13,1.7656,6,1.12,1.75,100,0
IWM191101C156,2019-10-28,2019-10-28 09:33:38,1.14,1.7812,110,1.1,1.7187,126,1.13,1.7656,6,1.12,1.75,100,0
IWM191101C156,2019-10-28,2019-10-28 09:33:38,1.14,1.7812,149,1.1,1.7187,126,1.13,1.7656,6,1.12,1.75,100,0
IWM191101C156,2019-10-28,2019-10-28 09:33:39,1.13,1.7656,204,1.09,1.7031,83,1.13,1.7656,6,1.11,1.7343,100,0
IWM191101C156,2019-10-28,2019-10-28 09:33:39,1.13,1.7656,44,1.09,1.7031,121,1.13,1.7656,6,1.11,1.7343,100,0
IWM191101C156,2019-10-28,2019-10-28 09:33:40,1.13,1.7656,184,1.09,1.7031,202,1.13,1.7656,6,1.11,1.7343,100,0
IWM191101C156,2019-10-28,2019-10-28 09:33:40,1.13,1.7656,258,1.09,1.7031,177,1.13,1.7656,6,1.11,1.7343,100,0
IWM191101C156,2019-10-28,2019-10-28 09:33:41,1.13,1.7656,104,1.09,1.7031,261,1.13,1.7656,6,1.11,1.7343,100,0
IWM191101C156,2019-10-28,2019-10-28 09:33:41,1.13,1.7656,104,1.1,1.7187,55,1.13,1.7656,6,1.115,1.7421,100,0
IWM191101C156,2019-10-28,2019-10-28 09:33:42,1.13,1.7656,236,1.09,1.7031,59,1.13,1.7656,6,1.11,1.7343,100,0
IWM191101C156,2019-10-28,2019-10-28 09:33:43,1.13,1.7656,269,1.09,1.7031,59,1.13,1.7656,6,1.11,1.7343,100,0
IWM191101C156,2019-10-28,2019-10-28 09:33:43,1.13,1.7656,290,1.09,1.7031,77,1.13,1.7656,6,1.11,1.7343,100,0
IWM191101C156,2019-10-28,2019-10-28 09:33:44,1.13,1.7656,294,1.09,1.7031,77,1.13,1.7656,6,1.11,1.7343,100,0
IWM191101C156,2019-10-28,2019-10-28 09:33:45,1.13,1.7656,52,1.09,1.7031,340,1.13,1.7656,6,1.11,1.7343,100,0
IWM191101C156,2019-10-28,2019-10-28 09:33:45,1.13,1.7656,145,1.09,1.7031,249,1.13,1.7656,6,1.11,1.7343,100,0
IWM191101C156,2019-10-28,2019-10-28 09:33:46,1.13,1.7656,52,1.09,1.7031,340,1.13,1.7656,6,1.11,1.7343,100,0
IWM191101C156,2019-10-28,2019-10-28 09:33:46,1.13,1.7656,2,1.11,1.7343,115,1.13,1.7656,6,1.12,1.75,100,0
IWM191101C156,2019-10-28,2019-10-28 09:33:47,1.13,1.7656,2,1.11,1.7343,115,1.13,1.7656,6,1.12,1.75,100,0
IWM191101C156,2019-10-28,2019-10-28 09:33:48,1.13,1.7656,2,1.11,1.7343,115,1.13,1.7656,6,1.12,1.75,100,0
IWM191101C156,2019-10-28,2019-10-28 09:33:49,1.13,1.7656,156,1.09,1.7031,65,1.13,1.7656,1,1.11,1.7343,101,0
IWM191101C156,2019-10-28,2019-10-28 09:33:49,1.13,1.7656,1,1.11,1.7343,48,1.13,1.7656,1,1.12,1.75,101,1
IWM191101C156,2019-10-28,2019-10-28 09:33:50,1.13,1.7656,357,1.08,1.6875,125,1.13,1.7656,1,1.105,1.7265,101,0
IWM191101C156,2019-10-28,2019-10-28 09:33:50,1.13,1.7656,241,1.09,1.7031,80,1.13,1.7656,1,1.11,1.7343,101,0
IWM191101C156,2019-10-28,2019-10-28 09:33:51,1.13,1.7656,133,1.09,1.7031,80,1.13,1.7656,1,1.11,1.7343,101,0
IWM191101C156,2019-10-28,2019-10-28 09:33:51,1.13,1.7656,205,1.09,1.7031,85,1.13,1.7656,1,1.11,1.7343,101,0
IWM191101C156,2019-10-28,2019-10-28 09:33:52,1.13,1.7656,194,1.09,1.7031,76,1.13,1.7656,1,1.11,1.7343,101,0
IWM191101C156,2019-10-28,2019-10-28 09:33:53,1.13,1.7656,290,1.09,1.7031,37,1.13,1.7656,1,1.11,1.7343,101,0
IWM191101C156,2019-10-28,2019-10-28 09:33:53,1.13,1.7656,237,1.09,1.7031,60,1.13,1.7656,1,1.11,1.7343,101,0
IWM191101C156,2019-10-28,2019-10-28 09:33:54,1.13,1.7656,116,1.09,1.7031,65,1.13,1.7656,1,1.11,1.7343,101,0
IWM191101C156,2019-10-28,2019-10-28 09:33:54,1.13,1.7656,79,1.09,1.7031,173,1.13,1.7656,1,1.11,1.7343,101,0
IWM191101C156,2019-10-28,2019-10-28 09:33:55,1.13,1.7656,1,1.1,1.7187,150,1.13,1.7656,1,1.115,1.7421,101,0
IWM191101C156,2019-10-28,2019-10-28 09:33:55,1.13,1.7656,57,1.09,1.7031,214,1.13,1.7656,1,1.11,1.7343,101,0
IWM191101C156,2019-10-28,2019-10-28 09:33:56,1.13,1.7656,20,1.1,1.7187,156,1.13,1.7656,1,1.115,1.7421,101,0
IWM191101C156,2019-10-28,2019-10-28 09:33:56,1.13,1.7656,20,1.11,1.7343,1,1.13,1.7656,1,1.12,1.75,101,0
IWM191101C156,2019-10-28,2019-10-28 09:33:57,1.13,1.7656,30,1.1,1.7187,156,1.13,1.7656,1,1.115,1.7421,101,0
IWM191101C156,2019-10-28,2019-10-28 09:33:58,1.13,1.7656,30,1.09,1.7031,24,1.13,1.7656,1,1.11,1.7343,101,0
IWM191101C156,2019-10-28,2019-10-28 09:33:58,1.13,1.7656,30,1.08,1.6875,90,1.13,1.7656,1,1.105,1.7265,101,0
IWM191101C156,2019-10-28,2019-10-28 09:33:59,1.13,1.7656,73,1.09,1.7031,136,1.13,1.7656,1,1.11,1.7343,101,0
IWM191101C156,2019-10-28,2019-10-28 09:33:59,1.13,1.7656,119,1.09,1.7031,36,1.13,1.7656,1,1.11,1.7343,101,0
IWM191101C156,2019-10-28,2019-10-28 09:34:00,1.12,1.75,115,1.08,1.6875,48,1.13,1.7656,1,1.1,1.7187,101,0
IWM191101C156,2019-10-28,2019-10-28 09:34:00,1.13,1.7656,128,1.09,1.7031,94,1.13,1.7656,1,1.11,1.7343,101,0
IWM191101C156,2019-10-28,2019-10-28 09:34:01,1.13,1.7656,31,1.09,1.7031,123,1.13,1.7656,1,1.11,1.7343,101,0
IWM191101C156,2019-10-28,2019-10-28 09:34:01,1.12,1.75,183,1.08,1.6875,241,1.13,1.7656,1,1.1,1.7187,101,0
IWM191101C156,2019-10-28,2019-10-28 09:34:02,1.13,1.7656,31,1.09,1.7031,123,1.13,1.7656,1,1.11,1.7343,101,0
IWM191101C156,2019-10-28,2019-10-28 09:34:02,1.13,1.7656,31,1.1,1.7187,18,1.13,1.7656,1,1.115,1.7421,101,0
IWM191101C156,2019-10-28,2019-10-28 09:34:03,1.13,1.7656,20,1.1,1.7187,253,1.13,1.7656,1,1.115,1.7421,101,0
IWM191101C156,2019-10-28,2019-10-28 09:34:03,1.13,1.7656,20,1.1,1.7187,138,1.13,1.7656,1,1.115,1.7421,101,0
IWM191101C156,2019-10-28,2019-10-28 09:34:04,1.13,1.7656,24,1.1,1.7187,253,1.13,1.7656,1,1.115,1.7421,101,0
IWM191101C156,2019-10-28,2019-10-28 09:34:04,1.13,1.7656,20,1.1,1.7187,136,1.13,1.7656,1,1.115,1.7421,101,0
IWM191101C156,2019-10-28,2019-10-28 09:34:05,1.13,1.7656,32,1.1,1.7187,177,1.13,1.7656,1,1.115,1.7421,101,0
IWM191101C156,2019-10-28,2019-10-28 09:34:05,1.13,1.7656,20,1.1,1.7187,175,1.13,1.7656,1,1.115,1.7421,101,0
IWM191101C156,2019-10-28,2019-10-28 09:34:06,1.13,1.7656,22,1.1,1.7187,189,1.13,1.7656,1,1.115,1.7421,101,0
IWM191101C156,2019-10-28,2019-10-28 09:34:07,1.13,1.7656,32,1.1,1.7187,258,1.13,1.7656,1,1.115,1.7421,101,0
IWM191101C156,2019-10-28,2019-10-28 09:34:07,1.13,1.7656,1,1.11,1.7343,25,1.13,1.7656,1,1.12,1.75,101,0
IWM191101C156,2019-10-28,2019-10-28 09:34:08,1.13,1.7656,1,1.11,1.7343,25,1.13,1.7656,1,1.12,1.75,101,0
IWM191101C156,2019-10-28,2019-10-28 09:34:08,1.13,1.7656,1,1.11,1.7343,33,1.13,1.7656,1,1.12,1.75,101,0
IWM191101C156,2019-10-28,2019-10-28 09:34:09,1.13,1.7656,1,1.11,1.7343,119,1.13,1.7656,1,1.12,1.75,101,0
IWM191101C156,2019-10-28,2019-10-28 09:34:10,1.13,1.7656,1,1.11,1.7343,189,1.13,1.7656,1,1.12,1.75,102,1
IWM191101C156,2019-10-28,2019-10-28 09:34:10,1.14,1.7812,20,1.11,1.7343,311,1.13,1.7656,1,1.125,1.7578,102,0
IWM191101C156,2019-10-28,2019-10-28 09:34:11,1.14,1.7812,20,1.11,1.7343,367,1.13,1.7656,1,1.125,1.7578,102,0
IWM191101C156,2019-10-28,2019-10-28 09:34:12,1.14,1.7812,30,1.11,1.7343,113,1.13,1.7656,1,1.125,1.7578,102,0
IWM191101C156,2019-10-28,2019-10-28 09:34:13,1.14,1.7812,45,1.11,1.7343,43,1.13,1.7656,1,1.125,1.7578,102,0
IWM191101C156,2019-10-28,2019-10-28 09:34:13,1.14,1.7812,74,1.11,1.7343,11,1.13,1.7656,1,1.125,1.7578,102,0
IWM191101C156,2019-10-28,2019-10-28 09:34:14,1.14,1.7812,75,1.11,1.7343,19,1.13,1.7656,1,1.125,1.7578,102,0
IWM191101C156,2019-10-28,2019-10-28 09:34:14,1.14,1.7812,85,1.11,1.7343,32,1.13,1.7656,1,1.125,1.7578,102,0
IWM191101C156,2019-10-28,2019-10-28 09:34:15,1.14,1.7812,75,1.11,1.7343,32,1.13,1.7656,1,1.125,1.7578,102,0
IWM191101C156,2019-10-28,2019-10-28 09:34:16,1.14,1.7812,151,1.11,1.7343,19,1.13,1.7656,1,1.125,1.7578,102,0
IWM191101C156,2019-10-28,2019-10-28 09:34:17,1.14,1.7812,76,1.11,1.7343,19,1.13,1.7656,1,1.125,1.7578,102,0
IWM191101C156,2019-10-28,2019-10-28 09:34:17,1.14,1.7812,76,1.11,1.7343,32,1.13,1.7656,1,1.125,1.7578,102,0
IWM191101C156,2019-10-28,2019-10-28 09:34:18,1.14,1.7812,76,1.11,1.7343,32,1.13,1.7656,1,1.125,1.7578,102,0
IWM191101C156,2019-10-28,2019-10-28 09:34:19,1.14,1.7812,87,1.11,1.7343,19,1.13,1.7656,1,1.125,1.7578,102,0
IWM191101C156,2019-10-28,2019-10-28 09:34:19,1.14,1.7812,66,1.11,1.7343,33,1.13,1.7656,1,1.125,1.7578,102,0
IWM191101C156,2019-10-28,2019-10-28 09:34:20,1.14,1.7812,76,1.11,1.7343,33,1.13,1.7656,1,1.125,1.7578,102,0
IWM191101C156,2019-10-28,2019-10-28 09:34:20,1.14,1.7812,76,1.11,1.7343,53,1.13,1.7656,1,1.125,1.7578,102,0
IWM191101C156,2019-10-28,2019-10-28 09:34:21,1.14,1.7812,76,1.11,1.7343,53,1.13,1.7656,1,1.125,1.7578,102,0
IWM191101C156,2019-10-28,2019-10-28 09:34:22,1.14,1.7812,82,1.11,1.7343,42,1.13,1.7656,1,1.125,1.7578,102,0
IWM191101C156,2019-10-28,2019-10-28 09:34:22,1.14,1.7812,84,1.11,1.7343,109,1.13,1.7656,1,1.125,1.7578,102,0
IWM191101C156,2019-10-28,2019-10-28 09:34:23,1.14,1.7812,84,1.11,1.7343,152,1.13,1.7656,1,1.125,1.7578,102,0
IWM191101C156,2019-10-28,2019-10-28 09:34:24,1.14,1.7812,78,1.11,1.7343,144,1.13,1.7656,1,1.125,1.7578,102,0
IWM191101C156,2019-10-28,2019-10-28 09:34:24,1.14,1.7812,78,1.11,1.7343,503,1.13,1.7656,1,1.125,1.7578,102,0
IWM191101C156,2019-10-28,2019-10-28 09:34:25,1.14,1.7812,66,1.11,1.7343,309,1.13,1.7656,1,1.125,1.7578,102,0
IWM191101C156,2019-10-28,2019-10-28 09:34:25,1.14,1.7812,66,1.11,1.7343,343,1.13,1.7656,1,1.125,1.7578,102,0
IWM191101C156,2019-10-28,2019-10-28 09:34:26,1.17,1.8281,20,1.13,1.7656,123,1.13,1.7656,1,1.15,1.7968,102,0
IWM191101C156,2019-10-28,2019-10-28 09:34:27,1.17,1.8281,60,1.13,1.7656,194,1.13,1.7656,1,1.15,1.7968,102,0
IWM191101C156,2019-10-28,2019-10-28 09:34:27,1.17,1.8281,68,1.13,1.7656,155,1.13,1.7656,1,1.15,1.7968,102,0
IWM191101C156,2019-10-28,2019-10-28 09:34:28,1.17,1.8281,70,1.14,1.7812,306,1.13,1.7656,1,1.155,1.8046,102,0
IWM191101C156,2019-10-28,2019-10-28 09:34:28,1.17,1.8281,60,1.14,1.7812,264,1.13,1.7656,1,1.155,1.8046,102,0
IWM191101C156,2019-10-28,2019-10-28 09:34:29,1.17,1.8281,70,1.14,1.7812,113,1.13,1.7656,1,1.155,1.8046,102,0
IWM191101C156,2019-10-28,2019-10-28 09:34:29,1.17,1.8281,60,1.14,1.7812,113,1.13,1.7656,1,1.155,1.8046,102,0
IWM191101C156,2019-10-28,2019-10-28 09:34:30,1.17,1.8281,42,1.14,1.7812,188,1.13,1.7656,1,1.155,1.8046,102,0
IWM191101C156,2019-10-28,2019-10-28 09:34:30,1.17,1.8281,42,1.14,1.7812,113,1.13,1.7656,1,1.155,1.8046,102,0
IWM191101C156,2019-10-28,2019-10-28 09:34:31,1.17,1.8281,42,1.14,1.7812,188,1.13,1.7656,1,1.155,1.8046,102,0
IWM191101C156,2019-10-28,2019-10-28 09:34:31,1.17,1.8281,70,1.14,1.7812,188,1.13,1.7656,1,1.155,1.8046,102,0
IWM191101C156,2019-10-28,2019-10-28 09:34:32,1.17,1.8281,30,1.14,1.7812,465,1.16,1.8125,1,1.155,1.8046,103,0
IWM191101C156,2019-10-28,2019-10-28 09:34:32,1.17,1.8281,54,1.14,1.7812,465,1.16,1.8125,1,1.155,1.8046,103,1
IWM191101C156,2019-10-28,2019-10-28 09:34:33,1.17,1.8281,30,1.14,1.7812,465,1.16,1.8125,1,1.155,1.8046,103,0
IWM191101C156,2019-10-28,2019-10-28 09:34:33,1.17,1.8281,20,1.14,1.7812,389,1.16,1.8125,1,1.155,1.8046,103,0
IWM191101C156,2019-10-28,2019-10-28 09:34:34,1.17,1.8281,30,1.14,1.7812,389,1.16,1.8125,1,1.155,1.8046,103,0
IWM191101C156,2019-10-28,2019-10-28 09:34:35,1.17,1.8281,20,1.14,1.7812,299,1.16,1.8125,1,1.155,1.8046,103,0
IWM191101C156,2019-10-28,2019-10-28 09:34:35,1.17,1.8281,30,1.14,1.7812,299,1.16,1.8125,1,1.155,1.8046,103,0
IWM191101C156,2019-10-28,2019-10-28 09:34:36,1.17,1.8281,20,1.15,1.7968,75,1.16,1.8125,1,1.16,1.8125,103,0
IWM191101C156,2019-10-28,2019-10-28 09:34:37,1.18,1.8437,30,1.15,1.7968,122,1.16,1.8125,1,1.165,1.8203,103,0
IWM191101C156,2019-10-28,2019-10-28 09:34:38,1.18,1.8437,4,1.16,1.8125,80,1.16,1.8125,1,1.17,1.8281,103,0
IWM191101C156,2019-10-28,2019-10-28 09:34:38,1.19,1.8593,249,1.16,1.8125,80,1.16,1.8125,1,1.175,1.8359,103,0
IWM191101C156,2019-10-28,2019-10-28 09:34:39,1.19,1.8593,249,1.16,1.8125,80,1.16,1.8125,1,1.175,1.8359,103,0
IWM191101C156,2019-10-28,2019-10-28 09:34:39,1.18,1.8437,59,1.15,1.7968,113,1.17,1.8281,10,1.165,1.8203,113,10
IWM191101C156,2019-10-28,2019-10-28 09:34:40,1.18,1.8437,33,1.16,1.8125,30,1.17,1.8281,10,1.17,1.8281,113,0
IWM191101C156,2019-10-28,2019-10-28 09:34:40,1.18,1.8437,23,1.16,1.8125,20,1.17,1.8281,10,1.17,1.8281,113,0
IWM191101C156,2019-10-28,2019-10-28 09:34:41,1.18,1.8437,23,1.16,1.8125,20,1.17,1.8281,10,1.17,1.8281,113,0
IWM191101C156,2019-10-28,2019-10-28 09:34:41,1.18,1.8437,20,1.16,1.8125,20,1.17,1.8281,10,1.17,1.8281,113,0
IWM191101C156,2019-10-28,2019-10-28 09:34:42,1.18,1.8437,89,1.16,1.8125,20,1.17,1.8281,10,1.17,1.8281,113,0
IWM191101C156,2019-10-28,2019-10-28 09:34:43,1.18,1.8437,89,1.16,1.8125,20,1.17,1.8281,10,1.17,1.8281,113,0
IWM191101C156,2019-10-28,2019-10-28 09:34:44,1.18,1.8437,270,1.16,1.8125,20,1.17,1.8281,10,1.17,1.8281,113,0
IWM191101C156,2019-10-28,2019-10-28 09:34:44,1.17,1.8281,106,1.16,1.8125,20,1.17,1.8281,10,1.165,1.8203,113,0
IWM191101C156,2019-10-28,2019-10-28 09:34:45,1.17,1.8281,30,1.16,1.8125,20,1.17,1.8281,10,1.165,1.8203,113,0
IWM191101C156,2019-10-28,2019-10-28 09:34:46,1.18,1.8437,20,1.15,1.7968,146,1.17,1.8281,10,1.165,1.8203,113,0
IWM191101C156,2019-10-28,2019-10-28 09:34:46,1.18,1.8437,30,1.16,1.8125,10,1.17,1.8281,10,1.17,1.8281,113,0
IWM191101C156,2019-10-28,2019-10-28 09:34:47,1.18,1.8437,20,1.16,1.8125,124,1.17,1.8281,10,1.17,1.8281,113,0
IWM191101C156,2019-10-28,2019-10-28 09:34:47,1.19,1.8593,34,1.16,1.8125,124,1.17,1.8281,10,1.175,1.8359,113,0
IWM191101C156,2019-10-28,2019-10-28 09:34:48,1.19,1.8593,34,1.16,1.8125,313,1.17,1.8281,10,1.175,1.8359,113,0
IWM191101C156,2019-10-28,2019-10-28 09:34:48,1.19,1.8593,11,1.16,1.8125,343,1.17,1.8281,10,1.175,1.8359,113,0
IWM191101C156,2019-10-28,2019-10-28 09:34:49,1.19,1.8593,62,1.16,1.8125,75,1.17,1.8281,10,1.175,1.8359,113,0
IWM191101C156,2019-10-28,2019-10-28 09:34:49,1.19,1.8593,123,1.16,1.8125,75,1.17,1.8281,10,1.175,1.8359,113,0
IWM191101C156,2019-10-28,2019-10-28 09:34:50,1.19,1.8593,88,1.16,1.8125,97,1.17,1.8281,10,1.175,1.8359,113,0
IWM191101C156,2019-10-28,2019-10-28 09:34:50,1.19,1.8593,27,1.16,1.8125,298,1.17,1.8281,10,1.175,1.8359,113,0
IWM191101C156,2019-10-28,2019-10-28 09:34:51,1.19,1.8593,31,1.17,1.8281,27,1.17,1.8281,10,1.18,1.8437,113,0
IWM191101C156,2019-10-28,2019-10-28 09:34:51,1.19,1.8593,31,1.16,1.8125,188,1.17,1.8281,10,1.175,1.8359,113,0
IWM191101C156,2019-10-28,2019-10-28 09:34:52,1.19,1.8593,20,1.17,1.8281,10,1.17,1.8281,10,1.18,1.8437,113,0
IWM191101C156,2019-10-28,2019-10-28 09:34:52,1.19,1.8593,30,1.16,1.8125,262,1.17,1.8281,10,1.175,1.8359,113,0
IWM191101C156,2019-10-28,2019-10-28 09:34:53,1.19,1.8593,30,1.17,1.8281,93,1.17,1.8281,10,1.18,1.8437,113,0
IWM191101C156,2019-10-28,2019-10-28 09:34:54,1.19,1.8593,20,1.16,1.8125,251,1.17,1.8281,10,1.175,1.8359,113,0
IWM191101C156,2019-10-28,2019-10-28 09:34:54,1.19,1.8593,20,1.17,1.8281,118,1.17,1.8281,10,1.18,1.8437,113,0
IWM191101C156,2019-10-28,2019-10-28 09:34:55,1.19,1.8593,20,1.17,1.8281,111,1.17,1.8281,10,1.18,1.8437,113,0
IWM191101C156,2019-10-28,2019-10-28 09:34:56,1.2,1.875,20,1.18,1.8437,39,1.17,1.8281,10,1.19,1.8593,113,0
IWM191101C156,2019-10-28,2019-10-28 09:34:56,1.2,1.875,36,1.17,1.8281,205,1.17,1.8281,10,1.185,1.8515,113,0
IWM191101C156,2019-10-28,2019-10-28 09:34:57,1.21,1.8906,30,1.19,1.8593,20,1.17,1.8281,10,1.2,1.875,113,0
IWM191101C156,2019-10-28,2019-10-28 09:34:57,1.21,1.8906,35,1.19,1.8593,20,1.17,1.8281,10,1.2,1.875,113,0
IWM191101C156,2019-10-28,2019-10-28 09:34:58,1.21,1.8906,20,1.19,1.8593,20,1.17,1.8281,10,1.2,1.875,113,0
IWM191101C156,2019-10-28,2019-10-28 09:34:58,1.21,1.8906,30,1.19,1.8593,20,1.17,1.8281,10,1.2,1.875,113,0
IWM191101C156,2019-10-28,2019-10-28 09:34:59,1.21,1.8906,20,1.19,1.8593,20,1.17,1.8281,10,1.2,1.875,113,0
IWM191101C156,2019-10-28,2019-10-28 09:34:59,1.21,1.8906,30,1.19,1.8593,20,1.17,1.8281,10,1.2,1.875,113,0
IWM191101C156,2019-10-28,2019-10-28 09:35:00,1.21,1.8906,20,1.19,1.8593,20,1.17,1.8281,10,1.2,1.875,113,0
IWM191101C156,2019-10-28,2019-10-28 09:35:00,1.21,1.8906,30,1.19,1.8593,20,1.17,1.8281,10,1.2,1.875,113,0
IWM191101C156,2019-10-28,2019-10-28 09:35:01,1.22,1.9062,30,1.19,1.8593,103,1.17,1.8281,10,1.205,1.8828,113,0
IWM191101C156,2019-10-28,2019-10-28 09:35:01,1.23,1.9218,4,1.19,1.8593,272,1.17,1.8281,10,1.21,1.8906,113,0
IWM191101C156,2019-10-28,2019-10-28 09:35:02,1.23,1.9218,181,1.2,1.875,50,1.17,1.8281,10,1.215,1.8984,113,0
IWM191101C156,2019-10-28,2019-10-28 09:35:02,1.23,1.9218,98,1.2,1.875,50,1.17,1.8281,10,1.215,1.8984,113,0
IWM191101C156,2019-10-28,2019-10-28 09:35:03,1.23,1.9218,80,1.2,1.875,50,1.17,1.8281,10,1.215,1.8984,113,0
IWM191101C156,2019-10-28,2019-10-28 09:35:04,1.23,1.9218,112,1.2,1.875,50,1.17,1.8281,10,1.215,1.8984,113,0
IWM191101C156,2019-10-28,2019-10-28 09:35:05,1.22,1.9062,80,1.19,1.8593,80,1.17,1.8281,10,1.205,1.8828,113,0
IWM191101C156,2019-10-28,2019-10-28 09:35:05,1.23,1.9218,89,1.2,1.875,108,1.17,1.8281,10,1.215,1.8984,113,0
IWM191101C156,2019-10-28,2019-10-28 09:35:06,1.22,1.9062,89,1.19,1.8593,80,1.17,1.8281,10,1.205,1.8828,113,0
IWM191101C156,2019-10-28,2019-10-28 09:35:06,1.22,1.9062,48,1.2,1.875,10,1.17,1.8281,10,1.21,1.8906,113,0
IWM191101C156,2019-10-28,2019-10-28 09:35:07,1.23,1.9218,211,1.2,1.875,10,1.17,1.8281,10,1.215,1.8984,113,0
IWM191101C156,2019-10-28,2019-10-28 09:35:07,1.23,1.9218,125,1.2,1.875,10,1.17,1.8281,10,1.215,1.8984,113,0
IWM191101C156,2019-10-28,2019-10-28 09:35:08,1.23,1.9218,127,1.2,1.875,15,1.17,1.8281,10,1.215,1.8984,113,0
IWM191101C156,2019-10-28,2019-10-28 09:35:08,1.23,1.9218,211,1.2,1.875,10,1.17,1.8281,10,1.215,1.8984,113,0
IWM191101C156,2019-10-28,2019-10-28 09:35:09,1.22,1.9062,156,1.2,1.875,10,1.17,1.8281,10,1.21,1.8906,113,0
IWM191101C156,2019-10-28,2019-10-28 09:35:09,1.22,1.9062,108,1.2,1.875,10,1.17,1.8281,10,1.21,1.8906,113,0
IWM191101C156,2019-10-28,2019-10-28 09:35:10,1.22,1.9062,116,1.2,1.875,10,1.17,1.8281,10,1.21,1.8906,113,0
IWM191101C156,2019-10-28,2019-10-28 09:35:10,1.22,1.9062,156,1.2,1.875,10,1.17,1.8281,10,1.21,1.8906,113,0
IWM191101C156,2019-10-28,2019-10-28 09:35:11,1.22,1.9062,103,1.2,1.875,10,1.17,1.8281,10,1.21,1.8906,113,0
IWM191101C156,2019-10-28,2019-10-28 09:35:11,1.22,1.9062,107,1.2,1.875,10,1.17,1.8281,10,1.21,1.8906,113,0
IWM191101C156,2019-10-28,2019-10-28 09:35:12,1.23,1.9218,195,1.2,1.875,12,1.17,1.8281,10,1.215,1.8984,113,0
IWM191101C156,2019-10-28,2019-10-28 09:35:12,1.22,1.9062,107,1.2,1.875,10,1.17,1.8281,10,1.21,1.8906,113,0
IWM191101C156,2019-10-28,2019-10-28 09:35:13,1.22,1.9062,185,1.2,1.875,12,1.17,1.8281,10,1.21,1.8906,113,0
IWM191101C156,2019-10-28,2019-10-28 09:35:13,1.22,1.9062,54,1.2,1.875,12,1.17,1.8281,10,1.21,1.8906,113,0
IWM191101C156,2019-10-28,2019-10-28 09:35:14,1.22,1.9062,22,1.2,1.875,10,1.17,1.8281,10,1.21,1.8906,113,0
IWM191101C156,2019-10-28,2019-10-28 09:35:14,1.22,1.9062,95,1.2,1.875,10,1.17,1.8281,10,1.21,1.8906,113,0
IWM191101C156,2019-10-28,2019-10-28 09:35:15,1.23,1.9218,58,1.2,1.875,123,1.17,1.8281,10,1.215,1.8984,113,0
IWM191101C156,2019-10-28,2019-10-28 09:35:15,1.22,1.9062,10,1.2,1.875,10,1.17,1.8281,10,1.21,1.8906,113,0
IWM191101C156,2019-10-28,2019-10-28 09:35:16,1.23,1.9218,86,1.2,1.875,80,1.17,1.8281,10,1.215,1.8984,113,0
IWM191101C156,2019-10-28,2019-10-28 09:35:16,1.23,1.9218,66,1.2,1.875,105,1.17,1.8281,10,1.215,1.8984,113,0
IWM191101C156,2019-10-28,2019-10-28 09:35:17,1.23,1.9218,83,1.2,1.875,80,1.17,1.8281,10,1.215,1.8984,113,0
IWM191101C156,2019-10-28,2019-10-28 09:35:18,1.23,1.9218,83,1.2,1.875,10,1.22,1.9062,20,1.215,1.8984,133,20
IWM191101C156,2019-10-28,2019-10-28 09:35:18,1.22,1.9062,94,1.2,1.875,10,1.21,1.8906,5,1.21,1.8906,143,10
IWM191101C156,2019-10-28,2019-10-28 09:35:19,1.22,1.9062,22,1.2,1.875,10,1.21,1.8906,5,1.21,1.8906,143,0
IWM191101C156,2019-10-28,2019-10-28 09:35:19,1.22,1.9062,42,1.2,1.875,10,1.21,1.8906,5,1.21,1.8906,143,0
IWM191101C156,2019-10-28,2019-10-28 09:35:20,1.22,1.9062,98,1.2,1.875,10,1.21,1.8906,5,1.21,1.8906,143,0
IWM191101C156,2019-10-28,2019-10-28 09:35:21,1.22,1.9062,102,1.2,1.875,10,1.21,1.8906,5,1.21,1.8906,143,0
IWM191101C156,2019-10-28,2019-10-28 09:35:21,1.22,1.9062,112,1.2,1.875,10,1.21,1.8906,5,1.21,1.8906,143,0
IWM191101C156,2019-10-28,2019-10-28 09:35:22,1.22,1.9062,153,1.2,1.875,10,1.21,1.8906,5,1.21,1.8906,143,0
IWM191101C156,2019-10-28,2019-10-28 09:35:22,1.22,1.9062,112,1.2,1.875,10,1.21,1.8906,5,1.21,1.8906,143,0
IWM191101C156,2019-10-28,2019-10-28 09:35:23,1.22,1.9062,261,1.2,1.875,10,1.21,1.8906,5,1.21,1.8906,143,0
IWM191101C156,2019-10-28,2019-10-28 09:35:23,1.22,1.9062,153,1.2,1.875,10,1.21,1.8906,5,1.21,1.8906,143,0
IWM191101C156,2019-10-28,2019-10-28 09:35:24,1.22,1.9062,184,1.2,1.875,10,1.21,1.8906,5,1.21,1.8906,143,0
IWM191101C156,2019-10-28,2019-10-28 09:35:24,1.22,1.9062,184,1.18,1.8437,122,1.21,1.8906,3,1.2,1.875,153,10
IWM191101C156,2019-10-28,2019-10-28 09:35:25,1.22,1.9062,184,1.18,1.8437,182,1.21,1.8906,3,1.2,1.875,153,0
IWM191101C156,2019-10-28,2019-10-28 09:35:26,1.22,1.9062,184,1.18,1.8437,226,1.21,1.8906,3,1.2,1.875,153,0
IWM191101C156,2019-10-28,2019-10-28 09:35:26,1.21,1.8906,84,1.18,1.8437,423,1.21,1.8906,3,1.195,1.8671,153,0
IWM191101C156,2019-10-28,2019-10-28 09:35:27,1.21,1.8906,84,1.18,1.8437,423,1.21,1.8906,1,1.195,1.8671,155,0
IWM191101C156,2019-10-28,2019-10-28 09:35:27,1.21,1.8906,84,1.18,1.8437,423,1.21,1.8906,1,1.195,1.8671,155,2
IWM191101C156,2019-10-28,2019-10-28 09:35:28,1.21,1.8906,84,1.18,1.8437,406,1.21,1.8906,1,1.195,1.8671,155,0
IWM191101C156,2019-10-28,2019-10-28 09:35:28,1.21,1.8906,84,1.18,1.8437,77,1.21,1.8906,1,1.195,1.8671,155,0
IWM191101C156,2019-10-28,2019-10-28 09:35:29,1.21,1.8906,76,1.18,1.8437,218,1.21,1.8906,1,1.195,1.8671,155,0
IWM191101C156,2019-10-28,2019-10-28 09:35:29,1.21,1.8906,76,1.18,1.8437,141,1.21,1.8906,1,1.195,1.8671,155,0
IWM191101C156,2019-10-28,2019-10-28 09:35:30,1.21,1.8906,61,1.18,1.8437,96,1.21,1.8906,1,1.195,1.8671,155,0
IWM191101C156,2019-10-28,2019-10-28 09:35:30,1.21,1.8906,20,1.18,1.8437,286,1.21,1.8906,1,1.195,1.8671,155,0
IWM191101C156,2019-10-28,2019-10-28 09:35:31,1.21,1.8906,88,1.18,1.8437,40,1.21,1.8906,1,1.195,1.8671,155,0
IWM191101C156,2019-10-28,2019-10-28 09:35:31,1.21,1.8906,72,1.18,1.8437,182,1.21,1.8906,1,1.195,1.8671,155,0
IWM191101C156,2019-10-28,2019-10-28 09:35:32,1.2,1.875,41,1.17,1.8281,40,1.21,1.8906,1,1.185,1.8515,155,0
IWM191101C156,2019-10-28,2019-10-28 09:35:32,1.21,1.8906,55,1.17,1.8281,242,1.21,1.8906,1,1.19,1.8593,155,0
IWM191101C156,2019-10-28,2019-10-28 09:35:33,1.2,1.875,86,1.16,1.8125,297,1.21,1.8906,1,1.18,1.8437,155,0
IWM191101C156,2019-10-28,2019-10-28 09:35:33,1.2,1.875,51,1.16,1.8125,14,1.21,1.8906,1,1.18,1.8437,155,0
IWM191101C156,2019-10-28,2019-10-28 09:35:34,1.2,1.875,86,1.16,1.8125,334,1.21,1.8906,1,1.18,1.8437,155,0
IWM191101C156,2019-10-28,2019-10-28 09:35:35,1.2,1.875,93,1.17,1.8281,9,1.21,1.8906,1,1.185,1.8515,155,0
IWM191101C156,2019-10-28,2019-10-28 09:35:36,1.2,1.875,93,1.16,1.8125,56,1.21,1.8906,1,1.18,1.8437,155,0
IWM191101C156,2019-10-28,2019-10-28 09:35:36,1.2,1.875,124,1.16,1.8125,177,1.21,1.8906,1,1.18,1.8437,155,0
IWM191101C156,2019-10-28,2019-10-28 09:35:37,1.2,1.875,120,1.17,1.8281,123,1.21,1.8906,1,1.185,1.8515,155,0
IWM191101C156,2019-10-28,2019-10-28 09:35:37,1.2,1.875,120,1.17,1.8281,79,1.21,1.8906,1,1.185,1.8515,155,0
IWM191101C156,2019-10-28,2019-10-28 09:35:38,1.2,1.875,120,1.17,1.8281,148,1.21,1.8906,1,1.185,1.8515,155,0
IWM191101C156,2019-10-28,2019-10-28 09:35:39,1.21,1.8906,60,1.19,1.8593,1,1.21,1.8906,1,1.2,1.875,155,0
IWM191101C156,2019-10-28,2019-10-28 09:35:39,1.21,1.8906,76,1.19,1.8593,1,1.21,1.8906,1,1.2,1.875,155,0
IWM191101C156,2019-10-28,2019-10-28 09:35:40,1.21,1.8906,60,1.19,1.8593,1,1.21,1.8906,1,1.2,1.875,155,0
IWM191101C156,2019-10-28,2019-10-28 09:35:41,1.21,1.8906,60,1.19,1.8593,35,1.21,1.8906,1,1.2,1.875,155,0
IWM191101C156,2019-10-28,2019-10-28 09:35:42,1.21,1.8906,108,1.19,1.8593,1,1.21,1.8906,8,1.2,1.875,163,8
IWM191101C156,2019-10-28,2019-10-28 09:35:42,1.21,1.8906,60,1.19,1.8593,112,1.21,1.8906,8,1.2,1.875,163,0
IWM191101C156,2019-10-28,2019-10-28 09:35:43,1.21,1.8906,60,1.19,1.8593,121,1.21,1.8906,8,1.2,1.875,163,0
IWM191101C156,2019-10-28,2019-10-28 09:35:43,1.21,1.8906,60,1.19,1.8593,276,1.21,1.8906,8,1.2,1.875,163,0
IWM191101C156,2019-10-28,2019-10-28 09:35:44,1.21,1.8906,90,1.18,1.8437,83,1.21,1.8906,8,1.195,1.8671,163,0
IWM191101C156,2019-10-28,2019-10-28 09:35:44,1.21,1.8906,60,1.19,1.8593,121,1.21,1.8906,8,1.2,1.875,163,0
IWM191101C156,2019-10-28,2019-10-28 09:35:45,1.22,1.9062,30,1.18,1.8437,20,1.21,1.8906,8,1.2,1.875,163,0
IWM191101C156,2019-10-28,2019-10-28 09:35:45,1.2,1.875,100,1.18,1.8437,120,1.2,1.875,70,1.19,1.8593,233,70
IWM191101C156,2019-10-28,2019-10-28 09:35:46,1.2,1.875,30,1.19,1.8593,115,1.2,1.875,70,1.195,1.8671,233,0
IWM191101C156,2019-10-28,2019-10-28 09:35:47,1.22,1.9062,199,1.19,1.8593,4,1.2,1.875,30,1.205,1.8828,273,40
IWM191101C156,2019-10-28,2019-10-28 09:35:48,1.22,1.9062,268,1.2,1.875,2,1.2,1.875,30,1.21,1.8906,273,0
IWM191101C156,2019-10-28,2019-10-28 09:35:49,1.22,1.9062,300,1.2,1.875,2,1.2,1.875,30,1.21,1.8906,273,0
IWM191101C156,2019-10-28,2019-10-28 09:35:49,1.22,1.9062,261,1.18,1.8437,80,1.2,1.875,2,1.2,1.875,275,2
IWM191101C156,2019-10-28,2019-10-28 09:35:50,1.22,1.9062,222,1.18,1.8437,80,1.2,1.875,2,1.2,1.875,275,0
IWM191101C156,2019-10-28,2019-10-28 09:35:51,1.21,1.8906,99,1.18,1.8437,105,1.21,1.8906,1,1.195,1.8671,287,2
IWM191101C156,2019-10-28,2019-10-28 09:35:51,1.21,1.8906,89,1.18,1.8437,105,1.19,1.8593,3,1.195,1.8671,285,10
IWM191101C156,2019-10-28,2019-10-28 09:35:52,1.21,1.8906,208,1.17,1.8281,101,1.21,1.8906,1,1.19,1.8593,287,0
IWM191101C156,2019-10-28,2019-10-28 09:35:52,1.2,1.875,96,1.17,1.8281,7,1.21,1.8906,1,1.185,1.8515,287,0
IWM191101C156,2019-10-28,2019-10-28 09:35:53,1.2,1.875,62,1.17,1.8281,100,1.21,1.8906,1,1.185,1.8515,287,0
IWM191101C156,2019-10-28,2019-10-28 09:35:54,1.2,1.875,88,1.17,1.8281,19,1.21,1.8906,1,1.185,1.8515,287,0
IWM191101C156,2019-10-28,2019-10-28 09:35:54,1.2,1.875,62,1.17,1.8281,146,1.21,1.8906,1,1.185,1.8515,287,0
IWM191101C156,2019-10-28,2019-10-28 09:35:55,1.2,1.875,82,1.17,1.8281,19,1.21,1.8906,1,1.185,1.8515,287,0
IWM191101C156,2019-10-28,2019-10-28 09:35:55,1.2,1.875,189,1.17,1.8281,20,1.21,1.8906,1,1.185,1.8515,287,0
IWM191101C156,2019-10-28,2019-10-28 09:35:56,1.2,1.875,84,1.17,1.8281,5,1.21,1.8906,1,1.185,1.8515,287,0
IWM191101C156,2019-10-28,2019-10-28 09:35:56,1.2,1.875,62,1.18,1.8437,24,1.21,1.8906,1,1.19,1.8593,287,0
IWM191101C156,2019-10-28,2019-10-28 09:35:57,1.2,1.875,62,1.18,1.8437,56,1.21,1.8906,1,1.19,1.8593,287,0
IWM191101C156,2019-10-28,2019-10-28 09:35:58,1.2,1.875,62,1.18,1.8437,56,1.21,1.8906,1,1.19,1.8593,287,0
IWM191101C156,2019-10-28,2019-10-28 09:35:59,1.2,1.875,62,1.18,1.8437,56,1.21,1.8906,1,1.19,1.8593,287,0
IWM191101C156,2019-10-28,2019-10-28 09:36:00,1.2,1.875,62,1.18,1.8437,81,1.21,1.8906,1,1.19,1.8593,287,0
IWM191101C156,2019-10-28,2019-10-28 09:36:00,1.21,1.8906,61,1.19,1.8593,57,1.21,1.8906,1,1.2,1.875,287,0
IWM191101C156,2019-10-28,2019-10-28 09:36:01,1.2,1.875,137,1.16,1.8125,70,1.21,1.8906,1,1.18,1.8437,287,0
IWM191101C156,2019-10-28,2019-10-28 09:36:01,1.21,1.8906,167,1.18,1.8437,79,1.21,1.8906,1,1.195,1.8671,287,0
IWM191101C156,2019-10-28,2019-10-28 09:36:02,1.2,1.875,165,1.17,1.8281,79,1.21,1.8906,1,1.185,1.8515,287,0
IWM191101C156,2019-10-28,2019-10-28 09:36:02,1.2,1.875,253,1.16,1.8125,179,1.21,1.8906,1,1.18,1.8437,287,0
IWM191101C156,2019-10-28,2019-10-28 09:36:03,1.2,1.875,61,1.17,1.8281,97,1.21,1.8906,1,1.185,1.8515,287,0
IWM191101C156,2019-10-28,2019-10-28 09:36:03,1.2,1.875,165,1.17,1.8281,104,1.21,1.8906,1,1.185,1.8515,287,0
IWM191101C156,2019-10-28,2019-10-28 09:36:04,1.19,1.8593,115,1.15,1.7968,90,1.18,1.8437,7,1.17,1.8281,307,0
IWM191101C156,2019-10-28,2019-10-28 09:36:04,1.2,1.875,16,1.17,1.8281,104,1.18,1.8437,7,1.185,1.8515,307,20
IWM191101C156,2019-10-28,2019-10-28 09:36:05,1.19,1.8593,115,1.15,1.7968,94,1.18,1.8437,7,1.17,1.8281,307,0
IWM191101C156,2019-10-28,2019-10-28 09:36:05,1.19,1.8593,77,1.16,1.8125,173,1.18,1.8437,7,1.175,1.8359,307,0
IWM191101C156,2019-10-28,2019-10-28 09:36:06,1.19,1.8593,77,1.16,1.8125,188,1.18,1.8437,7,1.175,1.8359,307,0
IWM191101C156,2019-10-28,2019-10-28 09:36:07,1.19,1.8593,96,1.16,1.8125,80,1.18,1.8437,7,1.175,1.8359,307,0
IWM191101C156,2019-10-28,2019-10-28 09:36:07,1.19,1.8593,28,1.16,1.8125,190,1.18,1.8437,7,1.175,1.8359,307,0
IWM191101C156,2019-10-28,2019-10-28 09:36:08,1.19,1.8593,65,1.16,1.8125,80,1.18,1.8437,7,1.175,1.8359,307,0
IWM191101C156,2019-10-28,2019-10-28 09:36:08,1.19,1.8593,65,1.16,1.8125,154,1.18,1.8437,7,1.175,1.8359,307,0
IWM191101C156,2019-10-28,2019-10-28 09:36:09,1.2,1.875,89,1.17,1.8281,75,1.18,1.8437,7,1.185,1.8515,307,0
IWM191101C156,2019-10-28,2019-10-28 09:36:09,1.19,1.8593,35,1.16,1.8125,154,1.18,1.8437,7,1.175,1.8359,307,0
IWM191101C156,2019-10-28,2019-10-28 09:36:10,1.2,1.875,165,1.17,1.8281,10,1.18,1.8437,7,1.185,1.8515,307,0
IWM191101C156,2019-10-28,2019-10-28 09:36:10,1.2,1.875,290,1.17,1.8281,5,1.18,1.8437,7,1.185,1.8515,307,0
IWM191101C156,2019-10-28,2019-10-28 09:36:11,1.2,1.875,290,1.17,1.8281,5,1.18,1.8437,7,1.185,1.8515,307,0
IWM191101C156,2019-10-28,2019-10-28 09:36:12,1.2,1.875,210,1.17,1.8281,5,1.18,1.8437,7,1.185,1.8515,307,0
IWM191101C156,2019-10-28,2019-10-28 09:36:12,1.2,1.875,200,1.17,1.8281,5,1.18,1.8437,7,1.185,1.8515,307,0
IWM191101C156,2019-10-28,2019-10-28 09:36:13,1.2,1.875,159,1.17,1.8281,5,1.18,1.8437,7,1.185,1.8515,307,0
IWM191101C156,2019-10-28,2019-10-28 09:36:14,1.2,1.875,37,1.18,1.8437,93,1.18,1.8437,7,1.19,1.8593,307,0
IWM191101C156,2019-10-28,2019-10-28 09:36:14,1.2,1.875,159,1.17,1.8281,5,1.18,1.8437,7,1.185,1.8515,307,0
IWM191101C156,2019-10-28,2019-10-28 09:36:15,1.2,1.875,37,1.18,1.8437,11,1.18,1.8437,7,1.19,1.8593,307,0
IWM191101C156,2019-10-28,2019-10-28 09:36:15,1.2,1.875,50,1.18,1.8437,6,1.18,1.8437,7,1.19,1.8593,307,0
IWM191101C156,2019-10-28,2019-10-28 09:36:16,1.2,1.875,55,1.18,1.8437,6,1.18,1.8437,7,1.19,1.8593,307,0
IWM191101C156,2019-10-28,2019-10-28 09:36:16,1.2,1.875,114,1.18,1.8437,6,1.18,1.8437,7,1.19,1.8593,307,0
IWM191101C156,2019-10-28,2019-10-28 09:36:17,1.19,1.8593,37,1.17,1.8281,80,1.19,1.8593,10,1.18,1.8437,317,10
IWM191101C156,2019-10-28,2019-10-28 09:36:17,1.19,1.8593,37,1.17,1.8281,80,1.19,1.8593,10,1.18,1.8437,317,0
IWM191101C156,2019-10-28,2019-10-28 09:36:18,1.19,1.8593,37,1.17,1.8281,155,1.19,1.8593,10,1.18,1.8437,317,0
IWM191101C156,2019-10-28,2019-10-28 09:36:18,1.19,1.8593,37,1.17,1.8281,219,1.19,1.8593,10,1.18,1.8437,317,0
IWM191101C156,2019-10-28,2019-10-28 09:36:19,1.19,1.8593,53,1.17,1.8281,105,1.19,1.8593,10,1.18,1.8437,317,0
IWM191101C156,2019-10-28,2019-10-28 09:36:20,1.19,1.8593,53,1.17,1.8281,216,1.19,1.8593,10,1.18,1.8437,317,0
IWM191101C156,2019-10-28,2019-10-28 09:36:21,1.19,1.8593,34,1.17,1.8281,240,1.19,1.8593,10,1.18,1.8437,317,0
IWM191101C156,2019-10-28,2019-10-28 09:36:21,1.19,1.8593,53,1.17,1.8281,240,1.19,1.8593,10,1.18,1.8437,317,0
IWM191101C156,2019-10-28,2019-10-28 09:36:22,1.19,1.8593,20,1.17,1.8281,272,1.19,1.8593,10,1.18,1.8437,317,0
IWM191101C156,2019-10-28,2019-10-28 09:36:22,1.19,1.8593,34,1.17,1.8281,240,1.19,1.8593,10,1.18,1.8437,317,0
IWM191101C156,2019-10-28,2019-10-28 09:36:23,1.19,1.8593,20,1.17,1.8281,272,1.19,1.8593,10,1.18,1.8437,317,0
IWM191101C156,2019-10-28,2019-10-28 09:36:24,1.19,1.8593,20,1.17,1.8281,182,1.19,1.8593,10,1.18,1.8437,317,0
IWM191101C156,2019-10-28,2019-10-28 09:36:24,1.19,1.8593,20,1.17,1.8281,200,1.19,1.8593,10,1.18,1.8437,317,0
IWM191101C156,2019-10-28,2019-10-28 09:36:25,1.21,1.8906,16,1.17,1.8281,200,1.19,1.8593,10,1.19,1.8593,317,0
IWM191101C156,2019-10-28,2019-10-28 09:36:25,1.22,1.9062,5,1.18,1.8437,101,1.2,1.875,3,1.2,1.875,327,10
IWM191101C156,2019-10-28,2019-10-28 09:36:26,1.23,1.9218,20,1.21,1.8906,80,1.2,1.875,3,1.22,1.9062,327,0
IWM191101C156,2019-10-28,2019-10-28 09:36:26,1.23,1.9218,43,1.21,1.8906,80,1.23,1.9218,10,1.22,1.9062,342,15
IWM191101C156,2019-10-28,2019-10-28 09:36:27,1.23,1.9218,43,1.21,1.8906,218,1.23,1.9218,10,1.22,1.9062,342,0
IWM191101C156,2019-10-28,2019-10-28 09:36:27,1.24,1.9375,23,1.21,1.8906,218,1.23,1.9218,10,1.225,1.914,342,0
IWM191101C156,2019-10-28,2019-10-28 09:36:28,1.24,1.9375,23,1.21,1.8906,218,1.23,1.9218,10,1.225,1.914,342,0
IWM191101C156,2019-10-28,2019-10-28 09:36:28,1.24,1.9375,20,1.21,1.8906,388,1.23,1.9218,10,1.225,1.914,342,0
IWM191101C156,2019-10-28,2019-10-28 09:36:29,1.24,1.9375,20,1.21,1.8906,388,1.23,1.9218,10,1.225,1.914,342,0
IWM191101C156,2019-10-28,2019-10-28 09:36:30,1.24,1.9375,180,1.21,1.8906,88,1.23,1.9218,10,1.225,1.914,342,0
IWM191101C156,2019-10-28,2019-10-28 09:36:30,1.24,1.9375,169,1.21,1.8906,88,1.23,1.9218,10,1.225,1.914,342,0
IWM191101C156,2019-10-28,2019-10-28 09:36:31,1.24,1.9375,185,1.21,1.8906,88,1.23,1.9218,10,1.225,1.914,342,0
IWM191101C156,2019-10-28,2019-10-28 09:36:31,1.24,1.9375,157,1.21,1.8906,113,1.23,1.9218,10,1.225,1.914,342,0
IWM191101C156,2019-10-28,2019-10-28 09:36:32,1.24,1.9375,42,1.21,1.8906,308,1.23,1.9218,10,1.225,1.914,342,0
IWM191101C156,2019-10-28,2019-10-28 09:36:32,1.24,1.9375,32,1.21,1.8906,229,1.23,1.9218,10,1.225,1.914,342,0
IWM191101C156,2019-10-28,2019-10-28 09:36:33,1.24,1.9375,79,1.21,1.8906,191,1.23,1.9218,10,1.225,1.914,342,0
IWM191101C156,2019-10-28,2019-10-28 09:36:33,1.24,1.9375,26,1.21,1.8906,220,1.23,1.9218,10,1.225,1.914,342,0
IWM191101C156,2019-10-28,2019-10-28 09:36:34,1.24,1.9375,96,1.21,1.8906,340,1.23,1.9218,10,1.225,1.914,342,0
IWM191101C156,2019-10-28,2019-10-28 09:36:34,1.24,1.9375,26,1.21,1.8906,220,1.23,1.9218,10,1.225,1.914,342,0
IWM191101C156,2019-10-28,2019-10-28 09:36:35,1.24,1.9375,29,1.21,1.8906,322,1.23,1.9218,10,1.225,1.914,342,0
IWM191101C156,2019-10-28,2019-10-28 09:36:35,1.24,1.9375,68,1.21,1.8906,340,1.23,1.9218,10,1.225,1.914,342,0
IWM191101C156,2019-10-28,2019-10-28 09:36:36,1.24,1.9375,20,1.21,1.8906,322,1.23,1.9218,10,1.225,1.914,342,0
IWM191101C156,2019-10-28,2019-10-28 09:36:36,1.24,1.9375,20,1.21,1.8906,294,1.23,1.9218,10,1.225,1.914,342,0
IWM191101C156,2019-10-28,2019-10-28 09:36:37,1.24,1.9375,20,1.21,1.8906,314,1.23,1.9218,10,1.225,1.914,342,0
IWM191101C156,2019-10-28,2019-10-28 09:36:38,1.24,1.9375,20,1.21,1.8906,318,1.23,1.9218,10,1.225,1.914,342,0
IWM191101C156,2019-10-28,2019-10-28 09:36:39,1.23,1.9218,82,1.2,1.875,79,1.23,1.9218,10,1.215,1.8984,342,0
IWM191101C156,2019-10-28,2019-10-28 09:36:39,1.23,1.9218,136,1.2,1.875,79,1.23,1.9218,10,1.215,1.8984,342,0
IWM191101C156,2019-10-28,2019-10-28 09:36:40,1.23,1.9218,128,1.2,1.875,79,1.23,1.9218,10,1.215,1.8984,342,0
IWM191101C156,2019-10-28,2019-10-28 09:36:40,1.23,1.9218,80,1.2,1.875,79,1.23,1.9218,10,1.215,1.8984,342,0
IWM191101C156,2019-10-28,2019-10-28 09:36:41,1.23,1.9218,128,1.2,1.875,79,1.23,1.9218,10,1.215,1.8984,342,0
IWM191101C156,2019-10-28,2019-10-28 09:36:41,1.23,1.9218,61,1.2,1.875,109,1.23,1.9218,10,1.215,1.8984,342,0
IWM191101C156,2019-10-28,2019-10-28 09:36:42,1.23,1.9218,30,1.2,1.875,136,1.23,1.9218,10,1.215,1.8984,342,0
IWM191101C156,2019-10-28,2019-10-28 09:36:42,1.23,1.9218,36,1.2,1.875,121,1.23,1.9218,10,1.215,1.8984,342,0
IWM191101C156,2019-10-28,2019-10-28 09:36:43,1.23,1.9218,41,1.2,1.875,150,1.23,1.9218,10,1.215,1.8984,342,0
IWM191101C156,2019-10-28,2019-10-28 09:36:43,1.23,1.9218,41,1.2,1.875,122,1.23,1.9218,10,1.215,1.8984,342,0
IWM191101C156,2019-10-28,2019-10-28 09:36:44,1.23,1.9218,29,1.2,1.875,168,1.23,1.9218,10,1.215,1.8984,342,0
IWM191101C156,2019-10-28,2019-10-28 09:36:44,1.23,1.9218,29,1.2,1.875,275,1.23,1.9218,10,1.215,1.8984,342,0
IWM191101C156,2019-10-28,2019-10-28 09:36:45,1.23,1.9218,29,1.2,1.875,275,1.23,1.9218,10,1.215,1.8984,342,0
IWM191101C156,2019-10-28,2019-10-28 09:36:46,1.23,1.9218,29,1.2,1.875,275,1.23,1.9218,10,1.215,1.8984,342,0
IWM191101C156,2019-10-28,2019-10-28 09:36:47,1.23,1.9218,29,1.2,1.875,275,1.23,1.9218,10,1.215,1.8984,342,0
IWM191101C156,2019-10-28,2019-10-28 09:36:48,1.25,1.9531,16,1.22,1.9062,149,1.23,1.9218,10,1.235,1.9296,342,0
IWM191101C156,2019-10-28,2019-10-28 09:36:48,1.25,1.9531,16,1.22,1.9062,79,1.23,1.9218,10,1.235,1.9296,342,0
IWM191101C156,2019-10-28,2019-10-28 09:36:49,1.25,1.9531,16,1.22,1.9062,185,1.23,1.9218,10,1.235,1.9296,342,0
IWM191101C156,2019-10-28,2019-10-28 09:36:49,1.26,1.9687,102,1.22,1.9062,159,1.23,1.9218,10,1.24,1.9375,342,0
IWM191101C156,2019-10-28,2019-10-28 09:36:50,1.25,1.9531,55,1.22,1.9062,134,1.23,1.9218,10,1.235,1.9296,342,0
IWM191101C156,2019-10-28,2019-10-28 09:36:50,1.25,1.9531,84,1.22,1.9062,97,1.23,1.9218,10,1.235,1.9296,342,0
IWM191101C156,2019-10-28,2019-10-28 09:36:51,1.25,1.9531,55,1.22,1.9062,201,1.23,1.9218,10,1.235,1.9296,342,0
IWM191101C156,2019-10-28,2019-10-28 09:36:51,1.25,1.9531,55,1.22,1.9062,134,1.23,1.9218,10,1.235,1.9296,342,0
IWM191101C156,2019-10-28,2019-10-28 09:36:52,1.26,1.9687,31,1.22,1.9062,391,1.23,1.9218,10,1.24,1.9375,342,0
IWM191101C156,2019-10-28,2019-10-28 09:36:52,1.26,1.9687,26,1.22,1.9062,274,1.23,1.9218,10,1.24,1.9375,342,0
IWM191101C156,2019-10-28,2019-10-28 09:36:53,1.26,1.9687,31,1.22,1.9062,434,1.23,1.9218,10,1.24,1.9375,342,0
IWM191101C156,2019-10-28,2019-10-28 09:36:53,1.26,1.9687,31,1.24,1.9375,79,1.23,1.9218,10,1.25,1.9531,342,0
IWM191101C156,2019-10-28,2019-10-28 09:36:54,1.25,1.9531,110,1.23,1.9218,79,1.25,1.9531,7,1.24,1.9375,357,0
IWM191101C156,2019-10-28,2019-10-28 09:36:54,1.26,1.9687,63,1.24,1.9375,79,1.25,1.9531,7,1.25,1.9531,357,15
IWM191101C156,2019-10-28,2019-10-28 09:36:55,1.25,1.9531,101,1.22,1.9062,127,1.25,1.9531,7,1.235,1.9296,357,0
IWM191101C156,2019-10-28,2019-10-28 09:36:56,1.25,1.9531,101,1.22,1.9062,217,1.25,1.9531,7,1.235,1.9296,357,0
IWM191101C156,2019-10-28,2019-10-28 09:36:57,1.26,1.9687,33,1.24,1.9375,79,1.25,1.9531,7,1.25,1.9531,357,0
IWM191101C156,2019-10-28,2019-10-28 09:36:58,1.27,1.9843,20,1.24,1.9375,500,1.25,1.9531,7,1.255,1.9609,357,0
IWM191101C156,2019-10-28,2019-10-28 09:36:58,1.27,1.9843,20,1.24,1.9375,148,1.25,1.9531,7,1.255,1.9609,357,0
IWM191101C156,2019-10-28,2019-10-28 09:36:59,1.27,1.9843,20,1.25,1.9531,89,1.25,1.9531,20,1.26,1.9687,377,20
IWM191101C156,2019-10-28,2019-10-28 09:36:59,1.28,2.0,82,1.25,1.9531,118,1.25,1.9531,20,1.265,1.9765,377,0
IWM191101C156,2019-10-28,2019-10-28 09:37:00,1.28,2.0,100,1.25,1.9531,82,1.25,1.9531,20,1.265,1.9765,377,0
IWM191101C156,2019-10-28,2019-10-28 09:37:00,1.28,2.0,82,1.26,1.9687,79,1.25,1.9531,20,1.27,1.9843,377,0
IWM191101C156,2019-10-28,2019-10-28 09:37:01,1.28,2.0,140,1.25,1.9531,107,1.25,1.9531,20,1.265,1.9765,377,0
IWM191101C156,2019-10-28,2019-10-28 09:37:01,1.28,2.0,130,1.25,1.9531,82,1.25,1.9531,20,1.265,1.9765,377,0
IWM191101C156,2019-10-28,2019-10-28 09:37:02,1.28,2.0,82,1.25,1.9531,138,1.25,1.9531,20,1.265,1.9765,377,0
IWM191101C156,2019-10-28,2019-10-28 09:37:02,1.28,2.0,106,1.25,1.9531,95,1.25,1.9531,20,1.265,1.9765,377,0
IWM191101C156,2019-10-28,2019-10-28 09:37:03,1.28,2.0,82,1.25,1.9531,135,1.25,1.9531,20,1.265,1.9765,377,0
IWM191101C156,2019-10-28,2019-10-28 09:37:03,1.28,2.0,92,1.25,1.9531,126,1.25,1.9531,20,1.265,1.9765,377,0
IWM191101C156,2019-10-28,2019-10-28 09:37:04,1.28,2.0,92,1.25,1.9531,101,1.25,1.9531,20,1.265,1.9765,377,0
IWM191101C156,2019-10-28,2019-10-28 09:37:04,1.28,2.0,62,1.26,1.9687,95,1.25,1.9531,20,1.27,1.9843,377,0
IWM191101C156,2019-10-28,2019-10-28 09:37:05,1.28,2.0,62,1.26,1.9687,107,1.25,1.9531,20,1.27,1.9843,377,0
IWM191101C156,2019-10-28,2019-10-28 09:37:05,1.28,2.0,62,1.26,1.9687,89,1.25,1.9531,20,1.27,1.9843,377,0
IWM191101C156,2019-10-28,2019-10-28 09:37:06,1.29,2.0156,136,1.26,1.9687,64,1.26,1.9687,1,1.275,1.9921,378,0
IWM191101C156,2019-10-28,2019-10-28 09:37:06,1.29,2.0156,116,1.26,1.9687,64,1.26,1.9687,1,1.275,1.9921,378,1
IWM191101C156,2019-10-28,2019-10-28 09:37:07,1.29,2.0156,136,1.26,1.9687,64,1.26,1.9687,1,1.275,1.9921,378,0
IWM191101C156,2019-10-28,2019-10-28 09:37:07,1.29,2.0156,126,1.26,1.9687,43,1.26,1.9687,1,1.275,1.9921,378,0
IWM191101C156,2019-10-28,2019-10-28 09:37:08,1.28,2.0,99,1.26,1.9687,43,1.26,1.9687,1,1.27,1.9843,378,0
IWM191101C156,2019-10-28,2019-10-28 09:37:09,1.28,2.0,138,1.25,1.9531,28,1.26,1.9687,1,1.265,1.9765,378,0
IWM191101C156,2019-10-28,2019-10-28 09:37:09,1.28,2.0,148,1.25,1.9531,28,1.26,1.9687,1,1.265,1.9765,378,0
IWM191101C156,2019-10-28,2019-10-28 09:37:10,1.28,2.0,139,1.25,1.9531,28,1.26,1.9687,1,1.265,1.9765,378,0
IWM191101C156,2019-10-28,2019-10-28 09:37:10,1.28,2.0,99,1.25,1.9531,69,1.26,1.9687,1,1.265,1.9765,378,0
IWM191101C156,2019-10-28,2019-10-28 09:37:11,1.28,2.0,99,1.25,1.9531,262,1.26,1.9687,1,1.265,1.9765,378,0
IWM191101C156,2019-10-28,2019-10-28 09:37:12,1.27,1.9843,34,1.25,1.9531,46,1.28,2.0,1,1.26,1.9687,379,0
IWM191101C156,2019-10-28,2019-10-28 09:37:12,1.28,2.0,172,1.25,1.9531,46,1.28,2.0,1,1.265,1.9765,379,1
IWM191101C156,2019-10-28,2019-10-28 09:37:13,1.28,2.0,20,1.27,1.9843,2,1.28,2.0,1,1.275,1.9921,379,0
IWM191101C156,2019-10-28,2019-10-28 09:37:14,1.28,2.0,26,1.27,1.9843,2,1.28,2.0,1,1.275,1.9921,379,0
IWM191101C156,2019-10-28,2019-10-28 09:37:15,1.28,2.0,18,1.27,1.9843,2,1.28,2.0,1,1.275,1.9921,379,0
IWM191101C156,2019-10-28,2019-10-28 09:37:15,1.28,2.0,52,1.27,1.9843,2,1.28,2.0,1,1.275,1.9921,379,0
IWM191101C156,2019-10-28,2019-10-28 09:37:16,1.29,2.0156,98,1.27,1.9843,2,1.28,2.0,1,1.28,2.0,379,0
IWM191101C156,2019-10-28,2019-10-28 09:37:16,1.29,2.0156,83,1.27,1.9843,2,1.28,2.0,1,1.28,2.0,379,0
IWM191101C156,2019-10-28,2019-10-28 09:37:17,1.29,2.0156,101,1.27,1.9843,18,1.28,2.0,1,1.28,2.0,379,0
IWM191101C156,2019-10-28,2019-10-28 09:37:17,1.29,2.0156,98,1.27,1.9843,2,1.28,2.0,1,1.28,2.0,379,0
IWM191101C156,2019-10-28,2019-10-28 09:37:18,1.29,2.0156,61,1.27,1.9843,18,1.28,2.0,1,1.28,2.0,379,0
IWM191101C156,2019-10-28,2019-10-28 09:37:18,1.29,2.0156,101,1.27,1.9843,18,1.28,2.0,1,1.28,2.0,379,0
IWM191101C156,2019-10-28,2019-10-28 09:37:19,1.29,2.0156,61,1.27,1.9843,18,1.28,2.0,1,1.28,2.0,379,0
IWM191101C156,2019-10-28,2019-10-28 09:37:19,1.29,2.0156,61,1.27,1.9843,105,1.28,2.0,1,1.28,2.0,379,0
IWM191101C156,2019-10-28,2019-10-28 09:37:20,1.3,2.0312,20,1.27,1.9843,36,1.28,2.0,1,1.285,2.0078,379,0
IWM191101C156,2019-10-28,2019-10-28 09:37:20,1.3,2.0312,30,1.27,1.9843,94,1.28,2.0,1,1.285,2.0078,379,0
IWM191101C156,2019-10-28,2019-10-28 09:37:21,1.3,2.0312,44,1.27,1.9843,17,1.28,2.0,1,1.285,2.0078,379,0
IWM191101C156,2019-10-28,2019-10-28 09:37:21,1.3,2.0312,44,1.27,1.9843,142,1.28,2.0,1,1.285,2.0078,379,0
IWM191101C156,2019-10-28,2019-10-28 09:37:22,1.3,2.0312,55,1.27,1.9843,80,1.28,2.0,1,1.285,2.0078,379,0
IWM191101C156,2019-10-28,2019-10-28 09:37:22,1.3,2.0312,65,1.27,1.9843,80,1.28,2.0,1,1.285,2.0078,379,0
IWM191101C156,2019-10-28,2019-10-28 09:37:23,1.3,2.0312,65,1.27,1.9843,76,1.28,2.0,1,1.285,2.0078,379,0
IWM191101C156,2019-10-28,2019-10-28 09:37:23,1.29,2.0156,53,1.27,1.9843,76,1.28,2.0,1,1.28,2.0,379,0
IWM191101C156,2019-10-28,2019-10-28 09:37:24,1.29,2.0156,48,1.27,1.9843,2,1.28,2.0,1,1.28,2.0,379,0
IWM191101C156,2019-10-28,2019-10-28 09:37:24,1.28,2.0,24,1.27,1.9843,2,1.28,2.0,1,1.275,1.9921,379,0
IWM191101C156,2019-10-28,2019-10-28 09:37:25,1.26,1.9687,37,1.23,1.9218,37,1.27,1.9843,2,1.245,1.9453,381,2
IWM191101C156,2019-10-28,2019-10-28 09:37:25,1.26,1.9687,16,1.23,1.9218,79,1.27,1.9843,2,1.245,1.9453,381,0
IWM191101C156,2019-10-28,2019-10-28 09:37:26,1.27,1.9843,35,1.23,1.9218,92,1.27,1.9843,2,1.25,1.9531,381,0
IWM191101C156,2019-10-28,2019-10-28 09:37:26,1.26,1.9687,37,1.23,1.9218,248,1.27,1.9843,2,1.245,1.9453,381,0
IWM191101C156,2019-10-28,2019-10-28 09:37:27,1.26,1.9687,21,1.23,1.9218,195,1.27,1.9843,2,1.245,1.9453,381,0
IWM191101C156,2019-10-28,2019-10-28 09:37:27,1.26,1.9687,29,1.23,1.9218,241,1.27,1.9843,2,1.245,1.9453,381,0
IWM191101C156,2019-10-28,2019-10-28 09:37:28,1.28,2.0,103,1.24,1.9375,214,1.27,1.9843,2,1.26,1.9687,381,0
IWM191101C156,2019-10-28,2019-10-28 09:37:28,1.26,1.9687,29,1.24,1.9375,74,1.27,1.9843,2,1.25,1.9531,381,0
IWM191101C156,2019-10-28,2019-10-28 09:37:29,1.28,2.0,146,1.24,1.9375,166,1.27,1.9843,2,1.26,1.9687,381,0
IWM191101C156,2019-10-28,2019-10-28 09:37:29,1.27,1.9843,66,1.24,1.9375,51,1.27,1.9843,2,1.255,1.9609,381,0
IWM191101C156,2019-10-28,2019-10-28 09:37:30,1.27,1.9843,66,1.24,1.9375,10,1.27,1.9843,2,1.255,1.9609,381,0
IWM191101C156,2019-10-28,2019-10-28 09:37:31,1.27,1.9843,66,1.24,1.9375,20,1.27,1.9843,2,1.255,1.9609,381,0
IWM191101C156,2019-10-28,2019-10-28 09:37:31,1.27,1.9843,16,1.24,1.9375,118,1.27,1.9843,2,1.255,1.9609,381,0
IWM191101C156,2019-10-28,2019-10-28 09:37:32,1.27,1.9843,51,1.24,1.9375,57,1.27,1.9843,2,1.255,1.9609,381,0
IWM191101C156,2019-10-28,2019-10-28 09:37:32,1.27,1.9843,14,1.24,1.9375,57,1.27,1.9843,2,1.255,1.9609,381,0
IWM191101C156,2019-10-28,2019-10-28 09:37:33,1.28,2.0,30,1.25,1.9531,93,1.27,1.9843,2,1.265,1.9765,381,0
IWM191101C156,2019-10-28,2019-10-28 09:37:33,1.28,2.0,30,1.25,1.9531,103,1.27,1.9843,2,1.265,1.9765,381,0
IWM191101C156,2019-10-28,2019-10-28 09:37:34,1.28,2.0,30,1.25,1.9531,161,1.27,1.9843,2,1.265,1.9765,381,0
IWM191101C156,2019-10-28,2019-10-28 09:37:34,1.28,2.0,93,1.25,1.9531,23,1.27,1.9843,2,1.265,1.9765,381,0
IWM191101C156,2019-10-28,2019-10-28 09:37:35,1.28,2.0,49,1.25,1.9531,111,1.27,1.9843,2,1.265,1.9765,381,0
IWM191101C156,2019-10-28,2019-10-28 09:37:35,1.28,2.0,42,1.25,1.9531,59,1.27,1.9843,2,1.265,1.9765,381,0
IWM191101C156,2019-10-28,2019-10-28 09:37:36,1.28,2.0,52,1.25,1.9531,106,1.27,1.9843,2,1.265,1.9765,381,0
IWM191101C156,2019-10-28,2019-10-28 09:37:37,1.28,2.0,52,1.25,1.9531,286,1.27,1.9843,2,1.265,1.9765,381,0
IWM191101C156,2019-10-28,2019-10-28 09:37:37,1.28,2.0,52,1.25,1.9531,226,1.27,1.9843,2,1.265,1.9765,381,0
IWM191101C156,2019-10-28,2019-10-28 09:37:38,1.28,2.0,52,1.25,1.9531,313,1.27,1.9843,2,1.265,1.9765,381,0
IWM191101C156,2019-10-28,2019-10-28 09:37:38,1.28,2.0,22,1.25,1.9531,313,1.27,1.9843,2,1.265,1.9765,381,0
IWM191101C156,2019-10-28,2019-10-28 09:37:39,1.28,2.0,32,1.25,1.9531,17,1.27,1.9843,2,1.265,1.9765,381,0
IWM191101C156,2019-10-28,2019-10-28 09:37:39,1.28,2.0,32,1.25,1.9531,22,1.27,1.9843,2,1.265,1.9765,381,0
IWM191101C156,2019-10-28,2019-10-28 09:37:40,1.28,2.0,42,1.25,1.9531,17,1.27,1.9843,2,1.265,1.9765,381,0
IWM191101C156,2019-10-28,2019-10-28 09:37:40,1.28,2.0,43,1.25,1.9531,20,1.27,1.9843,2,1.265,1.9765,381,0
IWM191101C156,2019-10-28,2019-10-28 09:37:41,1.28,2.0,48,1.25,1.9531,67,1.27,1.9843,2,1.265,1.9765,381,0
IWM191101C156,2019-10-28,2019-10-28 09:37:41,1.28,2.0,48,1.25,1.9531,20,1.27,1.9843,2,1.265,1.9765,381,0
IWM191101C156,2019-10-28,2019-10-28 09:37:42,1.28,2.0,48,1.25,1.9531,18,1.27,1.9843,2,1.265,1.9765,381,0
IWM191101C156,2019-10-28,2019-10-28 09:37:42,1.28,2.0,48,1.24,1.9375,319,1.27,1.9843,2,1.26,1.9687,381,0
IWM191101C156,2019-10-28,2019-10-28 09:37:43,1.28,2.0,31,1.26,1.9687,77,1.28,2.0,5,1.27,1.9843,386,5
IWM191101C156,2019-10-28,2019-10-28 09:37:43,1.28,2.0,3,1.26,1.9687,77,1.27,1.9843,2,1.27,1.9843,381,0
IWM191101C156,2019-10-28,2019-10-28 09:37:44,1.28,2.0,91,1.26,1.9687,77,1.28,2.0,5,1.27,1.9843,386,0
IWM191101C156,2019-10-28,2019-10-28 09:37:44,1.28,2.0,86,1.26,1.9687,77,1.28,2.0,5,1.27,1.9843,386,0
IWM191101C156,2019-10-28,2019-10-28 09:37:45,1.28,2.0,91,1.26,1.9687,2,1.28,2.0,5,1.27,1.9843,386,0
IWM191101C156,2019-10-28,2019-10-28 09:37:46,1.28,2.0,91,1.26,1.9687,2,1.28,2.0,5,1.27,1.9843,386,0
IWM191101C156,2019-10-28,2019-10-28 09:37:47,1.28,2.0,91,1.26,1.9687,2,1.28,2.0,5,1.27,1.9843,386,0
IWM191101C156,2019-10-28,2019-10-28 09:37:47,1.28,2.0,93,1.26,1.9687,2,1.28,2.0,5,1.27,1.9843,386,0
IWM191101C156,2019-10-28,2019-10-28 09:37:48,1.28,2.0,110,1.26,1.9687,2,1.28,2.0,5,1.27,1.9843,386,0
IWM191101C156,2019-10-28,2019-10-28 09:37:48,1.28,2.0,93,1.26,1.9687,2,1.28,2.0,5,1.27,1.9843,386,0
IWM191101C156,2019-10-28,2019-10-28 09:37:49,1.28,2.0,110,1.26,1.9687,2,1.28,2.0,5,1.27,1.9843,386,0
IWM191101C156,2019-10-28,2019-10-28 09:37:49,1.28,2.0,110,1.26,1.9687,101,1.28,2.0,5,1.27,1.9843,386,0
IWM191101C156,2019-10-28,2019-10-28 09:37:50,1.28,2.0,110,1.26,1.9687,101,1.28,2.0,5,1.27,1.9843,386,0
IWM191101C156,2019-10-28,2019-10-28 09:37:50,1.28,2.0,110,1.26,1.9687,2,1.28,2.0,5,1.27,1.9843,386,0
IWM191101C156,2019-10-28,2019-10-28 09:37:51,1.28,2.0,110,1.26,1.9687,2,1.28,2.0,5,1.27,1.9843,386,0
IWM191101C156,2019-10-28,2019-10-28 09:37:51,1.27,1.9843,62,1.26,1.9687,2,1.28,2.0,5,1.265,1.9765,386,0
IWM191101C156,2019-10-28,2019-10-28 09:37:52,1.27,1.9843,20,1.26,1.9687,2,1.28,2.0,5,1.265,1.9765,386,0
IWM191101C156,2019-10-28,2019-10-28 09:37:52,1.27,1.9843,2,1.26,1.9687,2,1.28,2.0,5,1.265,1.9765,386,0
IWM191101C156,2019-10-28,2019-10-28 09:37:53,1.27,1.9843,43,1.24,1.9375,30,1.26,1.9687,2,1.255,1.9609,389,0
IWM191101C156,2019-10-28,2019-10-28 09:37:53,1.27,1.9843,43,1.24,1.9375,102,1.26,1.9687,2,1.255,1.9609,389,3
IWM191101C156,2019-10-28,2019-10-28 09:37:54,1.27,1.9843,130,1.24,1.9375,10,1.26,1.9687,2,1.255,1.9609,389,0
IWM191101C156,2019-10-28,2019-10-28 09:37:54,1.26,1.9687,55,1.24,1.9375,27,1.26,1.9687,2,1.25,1.9531,389,0
IWM191101C156,2019-10-28,2019-10-28 09:37:55,1.26,1.9687,55,1.23,1.9218,117,1.26,1.9687,2,1.245,1.9453,389,0
IWM191101C156,2019-10-28,2019-10-28 09:37:56,1.26,1.9687,42,1.24,1.9375,44,1.26,1.9687,2,1.25,1.9531,389,0
IWM191101C156,2019-10-28,2019-10-28 09:37:56,1.26,1.9687,55,1.23,1.9218,262,1.26,1.9687,2,1.245,1.9453,389,0
IWM191101C156,2019-10-28,2019-10-28 09:37:57,1.26,1.9687,56,1.24,1.9375,66,1.26,1.9687,2,1.25,1.9531,389,0
IWM191101C156,2019-10-28,2019-10-28 09:37:57,1.26,1.9687,56,1.24,1.9375,44,1.26,1.9687,2,1.25,1.9531,389,0
IWM191101C156,2019-10-28,2019-10-28 09:37:58,1.26,1.9687,42,1.24,1.9375,66,1.26,1.9687,2,1.25,1.9531,389,0
IWM191101C156,2019-10-28,2019-10-28 09:37:59,1.26,1.9687,42,1.24,1.9375,66,1.26,1.9687,2,1.25,1.9531,389,0
IWM191101C156,2019-10-28,2019-10-28 09:38:00,1.27,1.9843,51,1.24,1.9375,66,1.26,1.9687,2,1.255,1.9609,389,0
IWM191101C156,2019-10-28,2019-10-28 09:38:00,1.26,1.9687,42,1.24,1.9375,66,1.26,1.9687,2,1.25,1.9531,389,0
IWM191101C156,2019-10-28,2019-10-28 09:38:01,1.27,1.9843,16,1.25,1.9531,2,1.26,1.9687,2,1.26,1.9687,389,0
IWM191101C156,2019-10-28,2019-10-28 09:38:01,1.27,1.9843,51,1.25,1.9531,1,1.26,1.9687,2,1.26,1.9687,389,0
IWM191101C156,2019-10-28,2019-10-28 09:38:02,1.27,1.9843,39,1.25,1.9531,1,1.26,1.9687,2,1.26,1.9687,389,0
IWM191101C156,2019-10-28,2019-10-28 09:38:02,1.28,2.0,100,1.25,1.9531,34,1.26,1.9687,2,1.265,1.9765,389,0
IWM191101C156,2019-10-28,2019-10-28 09:38:03,1.28,2.0,77,1.25,1.9531,34,1.26,1.9687,2,1.265,1.9765,389,0
IWM191101C156,2019-10-28,2019-10-28 09:38:03,1.28,2.0,77,1.26,1.9687,68,1.26,1.9687,2,1.27,1.9843,389,0
IWM191101C156,2019-10-28,2019-10-28 09:38:04,1.28,2.0,74,1.26,1.9687,12,1.26,1.9687,2,1.27,1.9843,389,0
IWM191101C156,2019-10-28,2019-10-28 09:38:05,1.28,2.0,74,1.26,1.9687,18,1.26,1.9687,2,1.27,1.9843,389,0
IWM191101C156,2019-10-28,2019-10-28 09:38:05,1.28,2.0,74,1.26,1.9687,35,1.26,1.9687,2,1.27,1.9843,389,0
IWM191101C156,2019-10-28,2019-10-28 09:38:06,1.28,2.0,74,1.26,1.9687,33,1.26,1.9687,2,1.27,1.9843,389,0
IWM191101C156,2019-10-28,2019-10-28 09:38:07,1.28,2.0,115,1.25,1.9531,37,1.26,1.9687,2,1.265,1.9765,389,0
IWM191101C156,2019-10-28,2019-10-28 09:38:08,1.28,2.0,115,1.25,1.9531,82,1.26,1.9687,2,1.265,1.9765,389,0
IWM191101C156,2019-10-28,2019-10-28 09:38:08,1.28,2.0,115,1.25,1.9531,65,1.26,1.9687,2,1.265,1.9765,389,0
IWM191101C156,2019-10-28,2019-10-28 09:38:09,1.28,2.0,133,1.25,1.9531,65,1.26,1.9687,2,1.265,1.9765,389,0
IWM191101C156,2019-10-28,2019-10-28 09:38:09,1.28,2.0,133,1.25,1.9531,11,1.26,1.9687,2,1.265,1.9765,389,0
IWM191101C156,2019-10-28,2019-10-28 09:38:10,1.27,1.9843,68,1.25,1.9531,1,1.26,1.9687,2,1.26,1.9687,389,0
IWM191101C156,2019-10-28,2019-10-28 09:38:10,1.27,1.9843,100,1.25,1.9531,1,1.26,1.9687,2,1.26,1.9687,389,0
IWM191101C156,2019-10-28,2019-10-28 09:38:11,1.27,1.9843,45,1.25,1.9531,12,1.26,1.9687,2,1.26,1.9687,389,0
IWM191101C156,2019-10-28,2019-10-28 09:38:11,1.27,1.9843,55,1.25,1.9531,12,1.26,1.9687,2,1.26,1.9687,389,0
IWM191101C156,2019-10-28,2019-10-28 09:38:12,1.27,1.9843,87,1.24,1.9375,64,1.26,1.9687,2,1.255,1.9609,389,0
IWM191101C156,2019-10-28,2019-10-28 09:38:12,1.26,1.9687,50,1.23,1.9218,36,1.26,1.9687,2,1.245,1.9453,389,0
IWM191101C156,2019-10-28,2019-10-28 09:38:13,1.26,1.9687,140,1.24,1.9375,10,1.26,1.9687,2,1.25,1.9531,389,0
IWM191101C156,2019-10-28,2019-10-28 09:38:13,1.26,1.9687,35,1.24,1.9375,58,1.26,1.9687,2,1.25,1.9531,389,0
IWM191101C156,2019-10-28,2019-10-28 09:38:14,1.26,1.9687,100,1.23,1.9218,154,1.26,1.9687,2,1.245,1.9453,389,0
IWM191101C156,2019-10-28,2019-10-28 09:38:14,1.26,1.9687,114,1.23,1.9218,126,1.26,1.9687,2,1.245,1.9453,389,0
IWM191101C156,2019-10-28,2019-10-28 09:38:15,1.26,1.9687,90,1.23,1.9218,294,1.26,1.9687,2,1.245,1.9453,389,0
IWM191101C156,2019-10-28,2019-10-28 09:38:15,1.26,1.9687,90,1.23,1.9218,403,1.26,1.9687,2,1.245,1.9453,389,0
IWM191101C156,2019-10-28,2019-10-28 09:38:16,1.26,1.9687,90,1.23,1.9218,294,1.26,1.9687,2,1.245,1.9453,389,0
IWM191101C156,2019-10-28,2019-10-28 09:38:16,1.26,1.9687,30,1.24,1.9375,71,1.26,1.9687,2,1.25,1.9531,389,0
IWM191101C156,2019-10-28,2019-10-28 09:38:17,1.26,1.9687,30,1.24,1.9375,116,1.26,1.9687,2,1.25,1.9531,389,0
IWM191101C156,2019-10-28,2019-10-28 09:38:17,1.26,1.9687,16,1.24,1.9375,194,1.26,1.9687,2,1.25,1.9531,389,0
IWM191101C156,2019-10-28,2019-10-28 09:38:18,1.27,1.9843,91,1.24,1.9375,72,1.26,1.9687,2,1.255,1.9609,389,0
IWM191101C156,2019-10-28,2019-10-28 09:38:18,1.26,1.9687,59,1.24,1.9375,17,1.26,1.9687,2,1.25,1.9531,389,0
IWM191101C156,2019-10-28,2019-10-28 09:38:19,1.26,1.9687,59,1.24,1.9375,17,1.26,1.9687,2,1.25,1.9531,389,0
IWM191101C156,2019-10-28,2019-10-28 09:38:19,1.26,1.9687,59,1.24,1.9375,103,1.26,1.9687,2,1.25,1.9531,389,0
IWM191101C156,2019-10-28,2019-10-28 09:38:20,1.26,1.9687,16,1.24,1.9375,542,1.26,1.9687,10,1.25,1.9531,399,10
IWM191101C156,2019-10-28,2019-10-28 09:38:20,1.26,1.9687,16,1.24,1.9375,256,1.26,1.9687,2,1.25,1.9531,389,0
IWM191101C156,2019-10-28,2019-10-28 09:38:21,1.27,1.9843,67,1.24,1.9375,450,1.26,1.9687,10,1.255,1.9609,399,0
IWM191101C156,2019-10-28,2019-10-28 09:38:22,1.27,1.9843,67,1.24,1.9375,424,1.26,1.9687,10,1.255,1.9609,399,0
IWM191101C156,2019-10-28,2019-10-28 09:38:22,1.27,1.9843,77,1.24,1.9375,424,1.26,1.9687,10,1.255,1.9609,399,0
IWM191101C156,2019-10-28,2019-10-28 09:38:23,1.27,1.9843,81,1.24,1.9375,449,1.26,1.9687,10,1.255,1.9609,399,0
IWM191101C156,2019-10-28,2019-10-28 09:38:23,1.27,1.9843,67,1.24,1.9375,470,1.26,1.9687,10,1.255,1.9609,399,0
IWM191101C156,2019-10-28,2019-10-28 09:38:24,1.27,1.9843,81,1.24,1.9375,424,1.26,1.9687,10,1.255,1.9609,399,0
IWM191101C156,2019-10-28,2019-10-28 09:38:25,1.27,1.9843,81,1.24,1.9375,424,1.26,1.9687,10,1.255,1.9609,399,0
IWM191101C156,2019-10-28,2019-10-28 09:38:25,1.27,1.9843,81,1.25,1.9531,47,1.26,1.9687,10,1.26,1.9687,399,0
IWM191101C156,2019-10-28,2019-10-28 09:38:26,1.27,1.9843,112,1.25,1.9531,41,1.26,1.9687,10,1.26,1.9687,399,0
IWM191101C156,2019-10-28,2019-10-28 09:38:27,1.27,1.9843,67,1.24,1.9375,232,1.26,1.9687,10,1.255,1.9609,399,0
IWM191101C156,2019-10-28,2019-10-28 09:38:27,1.27,1.9843,106,1.24,1.9375,165,1.26,1.9687,10,1.255,1.9609,399,0
IWM191101C156,2019-10-28,2019-10-28 09:38:28,1.27,1.9843,122,1.24,1.9375,77,1.26,1.9687,10,1.255,1.9609,399,0
IWM191101C156,2019-10-28,2019-10-28 09:38:28,1.27,1.9843,106,1.24,1.9375,19,1.26,1.9687,10,1.255,1.9609,399,0
IWM191101C156,2019-10-28,2019-10-28 09:38:29,1.27,1.9843,122,1.24,1.9375,70,1.26,1.9687,10,1.255,1.9609,399,0
IWM191101C156,2019-10-28,2019-10-28 09:38:29,1.27,1.9843,122,1.24,1.9375,144,1.26,1.9687,10,1.255,1.9609,399,0
IWM191101C156,2019-10-28,2019-10-28 09:38:30,1.27,1.9843,83,1.24,1.9375,134,1.26,1.9687,10,1.255,1.9609,399,0
IWM191101C156,2019-10-28,2019-10-28 09:38:30,1.27,1.9843,83,1.24,1.9375,27,1.26,1.9687,10,1.255,1.9609,399,0
IWM191101C156,2019-10-28,2019-10-28 09:38:31,1.27,1.9843,115,1.24,1.9375,48,1.26,1.9687,10,1.255,1.9609,399,0
IWM191101C156,2019-10-28,2019-10-28 09:38:31,1.27,1.9843,89,1.23,1.9218,55,1.26,1.9687,10,1.25,1.9531,399,0
IWM191101C156,2019-10-28,2019-10-28 09:38:32,1.27,1.9843,119,1.24,1.9375,31,1.26,1.9687,10,1.255,1.9609,399,0
IWM191101C156,2019-10-28,2019-10-28 09:38:32,1.27,1.9843,89,1.23,1.9218,55,1.26,1.9687,10,1.25,1.9531,399,0
IWM191101C156,2019-10-28,2019-10-28 09:38:33,1.27,1.9843,119,1.24,1.9375,31,1.26,1.9687,10,1.255,1.9609,399,0
IWM191101C156,2019-10-28,2019-10-28 09:38:33,1.27,1.9843,119,1.24,1.9375,47,1.26,1.9687,10,1.255,1.9609,399,0
IWM191101C156,2019-10-28,2019-10-28 09:38:34,1.25,1.9531,63,1.23,1.9218,19,1.26,1.9687,10,1.24,1.9375,399,0
IWM191101C156,2019-10-28,2019-10-28 09:38:34,1.25,1.9531,58,1.23,1.9218,11,1.26,1.9687,10,1.24,1.9375,399,0
IWM191101C156,2019-10-28,2019-10-28 09:38:35,1.26,1.9687,59,1.23,1.9218,175,1.26,1.9687,10,1.245,1.9453,399,0
IWM191101C156,2019-10-28,2019-10-28 09:38:35,1.25,1.9531,19,1.24,1.9375,3,1.26,1.9687,10,1.245,1.9453,399,0
IWM191101C156,2019-10-28,2019-10-28 09:38:36,1.26,1.9687,95,1.23,1.9218,203,1.26,1.9687,10,1.245,1.9453,399,0
IWM191101C156,2019-10-28,2019-10-28 09:38:36,1.26,1.9687,95,1.23,1.9218,281,1.26,1.9687,10,1.245,1.9453,399,0
IWM191101C156,2019-10-28,2019-10-28 09:38:37,1.26,1.9687,95,1.23,1.9218,277,1.26,1.9687,10,1.245,1.9453,399,0
IWM191101C156,2019-10-28,2019-10-28 09:38:38,1.26,1.9687,59,1.23,1.9218,277,1.26,1.9687,10,1.245,1.9453,399,0
IWM191101C156,2019-10-28,2019-10-28 09:38:38,1.26,1.9687,73,1.24,1.9375,22,1.26,1.9687,10,1.25,1.9531,404,5
IWM191101C156,2019-10-28,2019-10-28 09:38:39,1.26,1.9687,67,1.24,1.9375,104,1.24,1.9375,5,1.25,1.9531,404,0
IWM191101C156,2019-10-28,2019-10-28 09:38:39,1.26,1.9687,56,1.24,1.9375,187,1.24,1.9375,5,1.25,1.9531,404,0
