symbol,Date,quote_time,ask_price,norm_ask_price,ask_size,bid_price,norm_bid_price,bid_size,last_trade_price,norm_last_trade_price,last_trade_size,mark_price,norm_mark_price,volume,Volume
IWM190927P152,2019-09-20,2019-09-20 09:30:00,0.55,1.0,1,0.49,0.8909,1,0.55,1.0,5,0.52,0.9454,0,0
IWM190927P152,2019-09-20,2019-09-20 09:30:01,0.55,1.0,1,0.49,0.8909,1,0.55,1.0,5,0.52,0.9454,0,0
IWM190927P152,2019-09-20,2019-09-20 09:30:02,0.55,1.0,1,0.49,0.8909,1,0.55,1.0,5,0.52,0.9454,0,0
IWM190927P152,2019-09-20,2019-09-20 09:30:03,0.55,1.0,1,0.49,0.8909,1,0.55,1.0,5,0.52,0.9454,0,0
IWM190927P152,2019-09-20,2019-09-20 09:30:04,0.58,1.0545,1,0.5,0.909,1,0.55,1.0,5,0.54,0.9818,0,0
IWM190927P152,2019-09-20,2019-09-20 09:30:05,0.58,1.0545,1,0.5,0.909,1,0.55,1.0,5,0.54,0.9818,0,0
IWM190927P152,2019-09-20,2019-09-20 09:30:06,0.58,1.0545,1,0.5,0.909,1,0.55,1.0,5,0.54,0.9818,0,0
IWM190927P152,2019-09-20,2019-09-20 09:30:07,0.58,1.0545,1,0.5,0.909,1,0.55,1.0,5,0.54,0.9818,0,0
IWM190927P152,2019-09-20,2019-09-20 09:30:08,0.58,1.0545,1,0.5,0.909,1,0.55,1.0,5,0.54,0.9818,0,0
IWM190927P152,2019-09-20,2019-09-20 09:30:09,0.58,1.0545,1,0.5,0.909,1,0.55,1.0,5,0.54,0.9818,0,0
IWM190927P152,2019-09-20,2019-09-20 09:30:09,0.54,0.9818,22,0.5,0.909,1,0.55,1.0,5,0.52,0.9454,0,0
IWM190927P152,2019-09-20,2019-09-20 09:30:10,0.53,0.9636,35,0.5,0.909,1,0.55,1.0,5,0.515,0.9363,0,0
IWM190927P152,2019-09-20,2019-09-20 09:30:10,0.53,0.9636,32,0.5,0.909,1,0.55,1.0,5,0.515,0.9363,0,0
IWM190927P152,2019-09-20,2019-09-20 09:30:11,0.53,0.9636,1,0.5,0.909,1,0.55,1.0,5,0.515,0.9363,0,0
IWM190927P152,2019-09-20,2019-09-20 09:30:12,0.53,0.9636,1,0.5,0.909,1,0.55,1.0,5,0.515,0.9363,0,0
IWM190927P152,2019-09-20,2019-09-20 09:30:13,0.53,0.9636,1,0.5,0.909,2,0.55,1.0,5,0.515,0.9363,0,0
IWM190927P152,2019-09-20,2019-09-20 09:30:13,0.53,0.9636,1,0.5,0.909,1,0.55,1.0,5,0.515,0.9363,0,0
IWM190927P152,2019-09-20,2019-09-20 09:30:14,0.54,0.9818,20,0.5,0.909,2,0.55,1.0,5,0.52,0.9454,0,0
IWM190927P152,2019-09-20,2019-09-20 09:30:14,0.54,0.9818,1,0.5,0.909,2,0.55,1.0,5,0.52,0.9454,0,0
IWM190927P152,2019-09-20,2019-09-20 09:30:15,0.54,0.9818,20,0.5,0.909,2,0.55,1.0,5,0.52,0.9454,0,0
IWM190927P152,2019-09-20,2019-09-20 09:30:16,0.54,0.9818,20,0.5,0.909,2,0.55,1.0,5,0.52,0.9454,0,0
IWM190927P152,2019-09-20,2019-09-20 09:30:17,0.54,0.9818,1,0.5,0.909,2,0.55,1.0,5,0.52,0.9454,0,0
IWM190927P152,2019-09-20,2019-09-20 09:30:18,0.54,0.9818,1,0.5,0.909,2,0.55,1.0,5,0.52,0.9454,0,0
IWM190927P152,2019-09-20,2019-09-20 09:30:19,0.54,0.9818,1,0.5,0.909,2,0.55,1.0,5,0.52,0.9454,0,0
IWM190927P152,2019-09-20,2019-09-20 09:30:19,0.54,0.9818,135,0.5,0.909,10,0.55,1.0,5,0.52,0.9454,0,0
IWM190927P152,2019-09-20,2019-09-20 09:30:20,0.54,0.9818,211,0.5,0.909,2,0.55,1.0,5,0.52,0.9454,0,0
IWM190927P152,2019-09-20,2019-09-20 09:30:20,0.54,0.9818,20,0.5,0.909,2,0.55,1.0,5,0.52,0.9454,0,0
IWM190927P152,2019-09-20,2019-09-20 09:30:21,0.53,0.9636,19,0.5,0.909,26,0.55,1.0,5,0.515,0.9363,0,0
IWM190927P152,2019-09-20,2019-09-20 09:30:21,0.53,0.9636,19,0.5,0.909,20,0.55,1.0,5,0.515,0.9363,0,0
IWM190927P152,2019-09-20,2019-09-20 09:30:22,0.53,0.9636,19,0.5,0.909,22,0.55,1.0,5,0.515,0.9363,0,0
IWM190927P152,2019-09-20,2019-09-20 09:30:23,0.53,0.9636,19,0.5,0.909,22,0.55,1.0,5,0.515,0.9363,0,0
IWM190927P152,2019-09-20,2019-09-20 09:30:24,0.52,0.9454,19,0.5,0.909,29,0.55,1.0,5,0.51,0.9272,0,0
IWM190927P152,2019-09-20,2019-09-20 09:30:24,0.53,0.9636,19,0.5,0.909,27,0.55,1.0,5,0.515,0.9363,0,0
IWM190927P152,2019-09-20,2019-09-20 09:30:25,0.52,0.9454,25,0.5,0.909,20,0.55,1.0,5,0.51,0.9272,0,0
IWM190927P152,2019-09-20,2019-09-20 09:30:25,0.52,0.9454,25,0.5,0.909,1,0.55,1.0,5,0.51,0.9272,0,0
IWM190927P152,2019-09-20,2019-09-20 09:30:26,0.52,0.9454,25,0.5,0.909,1,0.55,1.0,5,0.51,0.9272,0,0
IWM190927P152,2019-09-20,2019-09-20 09:30:27,0.52,0.9454,25,0.5,0.909,20,0.55,1.0,5,0.51,0.9272,0,0
IWM190927P152,2019-09-20,2019-09-20 09:30:28,0.52,0.9454,25,0.5,0.909,26,0.55,1.0,5,0.51,0.9272,0,0
IWM190927P152,2019-09-20,2019-09-20 09:30:28,0.52,0.9454,25,0.5,0.909,20,0.55,1.0,5,0.51,0.9272,0,0
IWM190927P152,2019-09-20,2019-09-20 09:30:29,0.52,0.9454,19,0.5,0.909,26,0.55,1.0,5,0.51,0.9272,0,0
IWM190927P152,2019-09-20,2019-09-20 09:30:30,0.52,0.9454,31,0.49,0.8909,20,0.55,1.0,5,0.505,0.9181,0,0
IWM190927P152,2019-09-20,2019-09-20 09:30:30,0.52,0.9454,31,0.5,0.909,2,0.55,1.0,5,0.51,0.9272,0,0
IWM190927P152,2019-09-20,2019-09-20 09:30:31,0.52,0.9454,31,0.49,0.8909,20,0.55,1.0,5,0.505,0.9181,0,0
IWM190927P152,2019-09-20,2019-09-20 09:30:32,0.52,0.9454,19,0.49,0.8909,19,0.55,1.0,5,0.505,0.9181,0,0
IWM190927P152,2019-09-20,2019-09-20 09:30:32,0.52,0.9454,31,0.49,0.8909,20,0.55,1.0,5,0.505,0.9181,0,0
IWM190927P152,2019-09-20,2019-09-20 09:30:33,0.51,0.9272,19,0.49,0.8909,4,0.55,1.0,5,0.5,0.909,0,0
IWM190927P152,2019-09-20,2019-09-20 09:30:33,0.51,0.9272,25,0.48,0.8727,23,0.55,1.0,5,0.495,0.9,0,0
IWM190927P152,2019-09-20,2019-09-20 09:30:34,0.51,0.9272,19,0.48,0.8727,23,0.55,1.0,5,0.495,0.9,0,0
IWM190927P152,2019-09-20,2019-09-20 09:30:34,0.51,0.9272,19,0.49,0.8909,19,0.55,1.0,5,0.5,0.909,0,0
IWM190927P152,2019-09-20,2019-09-20 09:30:35,0.51,0.9272,150,0.48,0.8727,23,0.55,1.0,5,0.495,0.9,0,0
IWM190927P152,2019-09-20,2019-09-20 09:30:35,0.51,0.9272,150,0.49,0.8909,19,0.55,1.0,5,0.5,0.909,0,0
IWM190927P152,2019-09-20,2019-09-20 09:30:36,0.51,0.9272,150,0.49,0.8909,19,0.55,1.0,5,0.5,0.909,0,0
IWM190927P152,2019-09-20,2019-09-20 09:30:36,0.51,0.9272,150,0.48,0.8727,23,0.55,1.0,5,0.495,0.9,0,0
IWM190927P152,2019-09-20,2019-09-20 09:30:37,0.51,0.9272,150,0.49,0.8909,19,0.55,1.0,5,0.5,0.909,0,0
IWM190927P152,2019-09-20,2019-09-20 09:30:38,0.51,0.9272,150,0.49,0.8909,22,0.55,1.0,5,0.5,0.909,0,0
IWM190927P152,2019-09-20,2019-09-20 09:30:39,0.51,0.9272,150,0.49,0.8909,22,0.55,1.0,5,0.5,0.909,0,0
IWM190927P152,2019-09-20,2019-09-20 09:30:39,0.51,0.9272,150,0.5,0.909,19,0.55,1.0,5,0.505,0.9181,0,0
IWM190927P152,2019-09-20,2019-09-20 09:30:40,0.51,0.9272,150,0.49,0.8909,22,0.55,1.0,5,0.5,0.909,0,0
IWM190927P152,2019-09-20,2019-09-20 09:30:40,0.51,0.9272,150,0.49,0.8909,21,0.55,1.0,5,0.5,0.909,0,0
IWM190927P152,2019-09-20,2019-09-20 09:30:41,0.51,0.9272,150,0.49,0.8909,19,0.55,1.0,5,0.5,0.909,0,0
IWM190927P152,2019-09-20,2019-09-20 09:30:41,0.51,0.9272,150,0.49,0.8909,22,0.55,1.0,5,0.5,0.909,0,0
IWM190927P152,2019-09-20,2019-09-20 09:30:42,0.51,0.9272,166,0.49,0.8909,22,0.55,1.0,5,0.5,0.909,0,0
IWM190927P152,2019-09-20,2019-09-20 09:30:43,0.51,0.9272,166,0.49,0.8909,24,0.55,1.0,5,0.5,0.909,0,0
IWM190927P152,2019-09-20,2019-09-20 09:30:44,0.51,0.9272,166,0.49,0.8909,24,0.55,1.0,5,0.5,0.909,0,0
IWM190927P152,2019-09-20,2019-09-20 09:30:44,0.51,0.9272,98,0.5,0.909,19,0.55,1.0,5,0.505,0.9181,0,0
IWM190927P152,2019-09-20,2019-09-20 09:30:45,0.52,0.9454,211,0.5,0.909,19,0.55,1.0,5,0.51,0.9272,0,0
IWM190927P152,2019-09-20,2019-09-20 09:30:45,0.52,0.9454,188,0.5,0.909,24,0.55,1.0,5,0.51,0.9272,0,0
IWM190927P152,2019-09-20,2019-09-20 09:30:46,0.52,0.9454,188,0.5,0.909,24,0.55,1.0,5,0.51,0.9272,0,0
IWM190927P152,2019-09-20,2019-09-20 09:30:47,0.52,0.9454,150,0.51,0.9272,19,0.55,1.0,5,0.515,0.9363,0,0
IWM190927P152,2019-09-20,2019-09-20 09:30:48,0.52,0.9454,150,0.51,0.9272,19,0.55,1.0,5,0.515,0.9363,0,0
IWM190927P152,2019-09-20,2019-09-20 09:30:49,0.52,0.9454,109,0.51,0.9272,19,0.55,1.0,5,0.515,0.9363,0,0
IWM190927P152,2019-09-20,2019-09-20 09:30:50,0.52,0.9454,45,0.51,0.9272,19,0.55,1.0,5,0.515,0.9363,0,0
IWM190927P152,2019-09-20,2019-09-20 09:30:50,0.52,0.9454,78,0.51,0.9272,19,0.55,1.0,5,0.515,0.9363,0,0
IWM190927P152,2019-09-20,2019-09-20 09:30:51,0.52,0.9454,30,0.51,0.9272,19,0.55,1.0,5,0.515,0.9363,0,0
IWM190927P152,2019-09-20,2019-09-20 09:30:52,0.52,0.9454,30,0.51,0.9272,19,0.55,1.0,5,0.515,0.9363,0,0
IWM190927P152,2019-09-20,2019-09-20 09:30:53,0.52,0.9454,30,0.51,0.9272,19,0.55,1.0,5,0.515,0.9363,0,0
IWM190927P152,2019-09-20,2019-09-20 09:30:54,0.52,0.9454,30,0.51,0.9272,19,0.55,1.0,5,0.515,0.9363,0,0
IWM190927P152,2019-09-20,2019-09-20 09:30:55,0.52,0.9454,30,0.51,0.9272,19,0.55,1.0,5,0.515,0.9363,0,0
IWM190927P152,2019-09-20,2019-09-20 09:30:56,0.52,0.9454,30,0.51,0.9272,19,0.55,1.0,5,0.515,0.9363,0,0
IWM190927P152,2019-09-20,2019-09-20 09:30:57,0.52,0.9454,30,0.51,0.9272,19,0.55,1.0,5,0.515,0.9363,0,0
IWM190927P152,2019-09-20,2019-09-20 09:30:57,0.52,0.9454,84,0.51,0.9272,19,0.55,1.0,5,0.515,0.9363,0,0
IWM190927P152,2019-09-20,2019-09-20 09:30:58,0.52,0.9454,84,0.51,0.9272,19,0.55,1.0,5,0.515,0.9363,0,0
IWM190927P152,2019-09-20,2019-09-20 09:30:59,0.52,0.9454,84,0.51,0.9272,19,0.55,1.0,5,0.515,0.9363,0,0
IWM190927P152,2019-09-20,2019-09-20 09:31:00,0.52,0.9454,84,0.5,0.909,19,0.55,1.0,5,0.51,0.9272,0,0
IWM190927P152,2019-09-20,2019-09-20 09:31:01,0.51,0.9272,150,0.49,0.8909,19,0.55,1.0,5,0.5,0.909,0,0
IWM190927P152,2019-09-20,2019-09-20 09:31:01,0.51,0.9272,99,0.49,0.8909,19,0.55,1.0,5,0.5,0.909,0,0
IWM190927P152,2019-09-20,2019-09-20 09:31:02,0.51,0.9272,367,0.49,0.8909,19,0.55,1.0,5,0.5,0.909,0,0
IWM190927P152,2019-09-20,2019-09-20 09:31:02,0.5,0.909,95,0.48,0.8727,19,0.55,1.0,5,0.49,0.8909,0,0
IWM190927P152,2019-09-20,2019-09-20 09:31:03,0.5,0.909,95,0.48,0.8727,19,0.55,1.0,5,0.49,0.8909,0,0
IWM190927P152,2019-09-20,2019-09-20 09:31:04,0.5,0.909,74,0.48,0.8727,20,0.55,1.0,5,0.49,0.8909,0,0
IWM190927P152,2019-09-20,2019-09-20 09:31:04,0.51,0.9272,194,0.49,0.8909,19,0.55,1.0,5,0.5,0.909,0,0
IWM190927P152,2019-09-20,2019-09-20 09:31:05,0.51,0.9272,78,0.5,0.909,19,0.55,1.0,5,0.505,0.9181,0,0
IWM190927P152,2019-09-20,2019-09-20 09:31:05,0.51,0.9272,222,0.49,0.8909,20,0.55,1.0,5,0.5,0.909,0,0
IWM190927P152,2019-09-20,2019-09-20 09:31:06,0.51,0.9272,49,0.5,0.909,19,0.55,1.0,5,0.505,0.9181,0,0
IWM190927P152,2019-09-20,2019-09-20 09:31:07,0.51,0.9272,65,0.5,0.909,19,0.55,1.0,5,0.505,0.9181,0,0
IWM190927P152,2019-09-20,2019-09-20 09:31:07,0.51,0.9272,87,0.5,0.909,19,0.55,1.0,5,0.505,0.9181,0,0
IWM190927P152,2019-09-20,2019-09-20 09:31:08,0.51,0.9272,87,0.49,0.8909,20,0.55,1.0,5,0.5,0.909,0,0
IWM190927P152,2019-09-20,2019-09-20 09:31:08,0.51,0.9272,87,0.5,0.909,19,0.55,1.0,5,0.505,0.9181,0,0
IWM190927P152,2019-09-20,2019-09-20 09:31:09,0.51,0.9272,87,0.5,0.909,19,0.55,1.0,5,0.505,0.9181,0,0
IWM190927P152,2019-09-20,2019-09-20 09:31:10,0.52,0.9454,130,0.51,0.9272,19,0.55,1.0,5,0.515,0.9363,0,0
IWM190927P152,2019-09-20,2019-09-20 09:31:10,0.52,0.9454,168,0.5,0.909,19,0.55,1.0,5,0.51,0.9272,0,0
IWM190927P152,2019-09-20,2019-09-20 09:31:11,0.52,0.9454,194,0.51,0.9272,19,0.55,1.0,5,0.515,0.9363,0,0
IWM190927P152,2019-09-20,2019-09-20 09:31:11,0.52,0.9454,194,0.5,0.909,19,0.55,1.0,5,0.51,0.9272,0,0
IWM190927P152,2019-09-20,2019-09-20 09:31:12,0.52,0.9454,248,0.5,0.909,19,0.55,1.0,5,0.51,0.9272,0,0
IWM190927P152,2019-09-20,2019-09-20 09:31:13,0.52,0.9454,510,0.5,0.909,22,0.55,1.0,5,0.51,0.9272,0,0
IWM190927P152,2019-09-20,2019-09-20 09:31:13,0.52,0.9454,510,0.5,0.909,21,0.55,1.0,5,0.51,0.9272,0,0
IWM190927P152,2019-09-20,2019-09-20 09:31:14,0.52,0.9454,510,0.5,0.909,21,0.55,1.0,5,0.51,0.9272,0,0
IWM190927P152,2019-09-20,2019-09-20 09:31:15,0.52,0.9454,510,0.5,0.909,21,0.55,1.0,5,0.51,0.9272,0,0
IWM190927P152,2019-09-20,2019-09-20 09:31:15,0.52,0.9454,420,0.5,0.909,42,0.55,1.0,5,0.51,0.9272,0,0
IWM190927P152,2019-09-20,2019-09-20 09:31:16,0.52,0.9454,169,0.51,0.9272,19,0.55,1.0,5,0.515,0.9363,0,0
IWM190927P152,2019-09-20,2019-09-20 09:31:17,0.52,0.9454,243,0.51,0.9272,19,0.55,1.0,5,0.515,0.9363,0,0
IWM190927P152,2019-09-20,2019-09-20 09:31:17,0.52,0.9454,162,0.51,0.9272,19,0.55,1.0,5,0.515,0.9363,0,0
IWM190927P152,2019-09-20,2019-09-20 09:31:18,0.52,0.9454,32,0.51,0.9272,19,0.55,1.0,5,0.515,0.9363,0,0
IWM190927P152,2019-09-20,2019-09-20 09:31:18,0.53,0.9636,169,0.51,0.9272,19,0.55,1.0,5,0.52,0.9454,0,0
IWM190927P152,2019-09-20,2019-09-20 09:31:19,0.52,0.9454,67,0.51,0.9272,21,0.55,1.0,5,0.515,0.9363,0,0
IWM190927P152,2019-09-20,2019-09-20 09:31:19,0.52,0.9454,20,0.51,0.9272,21,0.55,1.0,5,0.515,0.9363,0,0
IWM190927P152,2019-09-20,2019-09-20 09:31:20,0.52,0.9454,178,0.51,0.9272,3,0.55,1.0,5,0.515,0.9363,0,0
IWM190927P152,2019-09-20,2019-09-20 09:31:20,0.52,0.9454,178,0.5,0.909,26,0.55,1.0,5,0.51,0.9272,0,0
IWM190927P152,2019-09-20,2019-09-20 09:31:21,0.52,0.9454,178,0.5,0.909,36,0.55,1.0,5,0.51,0.9272,0,0
IWM190927P152,2019-09-20,2019-09-20 09:31:22,0.52,0.9454,178,0.51,0.9272,19,0.55,1.0,5,0.515,0.9363,0,0
IWM190927P152,2019-09-20,2019-09-20 09:31:22,0.52,0.9454,159,0.51,0.9272,19,0.55,1.0,5,0.515,0.9363,0,0
IWM190927P152,2019-09-20,2019-09-20 09:31:23,0.52,0.9454,11,0.51,0.9272,19,0.55,1.0,5,0.515,0.9363,0,0
IWM190927P152,2019-09-20,2019-09-20 09:31:24,0.53,0.9636,180,0.51,0.9272,23,0.55,1.0,5,0.52,0.9454,0,0
IWM190927P152,2019-09-20,2019-09-20 09:31:24,0.53,0.9636,295,0.51,0.9272,24,0.55,1.0,5,0.52,0.9454,0,0
IWM190927P152,2019-09-20,2019-09-20 09:31:25,0.53,0.9636,178,0.52,0.9454,19,0.55,1.0,5,0.525,0.9545,0,0
IWM190927P152,2019-09-20,2019-09-20 09:31:25,0.53,0.9636,186,0.52,0.9454,19,0.55,1.0,5,0.525,0.9545,0,0
IWM190927P152,2019-09-20,2019-09-20 09:31:26,0.53,0.9636,439,0.51,0.9272,21,0.55,1.0,5,0.52,0.9454,0,0
IWM190927P152,2019-09-20,2019-09-20 09:31:26,0.53,0.9636,178,0.52,0.9454,19,0.55,1.0,5,0.525,0.9545,0,0
IWM190927P152,2019-09-20,2019-09-20 09:31:27,0.53,0.9636,644,0.51,0.9272,21,0.55,1.0,5,0.52,0.9454,0,0
IWM190927P152,2019-09-20,2019-09-20 09:31:27,0.52,0.9454,59,0.5,0.909,21,0.55,1.0,5,0.51,0.9272,0,0
IWM190927P152,2019-09-20,2019-09-20 09:31:28,0.52,0.9454,442,0.5,0.909,42,0.55,1.0,5,0.51,0.9272,0,0
IWM190927P152,2019-09-20,2019-09-20 09:31:28,0.52,0.9454,442,0.5,0.909,21,0.55,1.0,5,0.51,0.9272,0,0
IWM190927P152,2019-09-20,2019-09-20 09:31:29,0.52,0.9454,131,0.51,0.9272,19,0.55,1.0,5,0.515,0.9363,0,0
IWM190927P152,2019-09-20,2019-09-20 09:31:29,0.52,0.9454,186,0.51,0.9272,19,0.55,1.0,5,0.515,0.9363,0,0
IWM190927P152,2019-09-20,2019-09-20 09:31:30,0.52,0.9454,165,0.5,0.909,19,0.55,1.0,5,0.51,0.9272,0,0
IWM190927P152,2019-09-20,2019-09-20 09:31:30,0.52,0.9454,424,0.5,0.909,19,0.55,1.0,5,0.51,0.9272,0,0
IWM190927P152,2019-09-20,2019-09-20 09:31:31,0.51,0.9272,94,0.49,0.8909,21,0.55,1.0,5,0.5,0.909,0,0
IWM190927P152,2019-09-20,2019-09-20 09:31:31,0.52,0.9454,398,0.5,0.909,19,0.55,1.0,5,0.51,0.9272,0,0
IWM190927P152,2019-09-20,2019-09-20 09:31:32,0.5,0.909,10,0.49,0.8909,2,0.55,1.0,5,0.495,0.9,0,0
IWM190927P152,2019-09-20,2019-09-20 09:31:32,0.51,0.9272,234,0.49,0.8909,23,0.55,1.0,5,0.5,0.909,0,0
IWM190927P152,2019-09-20,2019-09-20 09:31:33,0.51,0.9272,435,0.49,0.8909,19,0.55,1.0,5,0.5,0.909,0,0
IWM190927P152,2019-09-20,2019-09-20 09:31:33,0.51,0.9272,167,0.49,0.8909,2,0.55,1.0,5,0.5,0.909,0,0
IWM190927P152,2019-09-20,2019-09-20 09:31:34,0.51,0.9272,862,0.49,0.8909,22,0.55,1.0,5,0.5,0.909,0,0
IWM190927P152,2019-09-20,2019-09-20 09:31:34,0.51,0.9272,265,0.49,0.8909,19,0.55,1.0,5,0.5,0.909,0,0
IWM190927P152,2019-09-20,2019-09-20 09:31:35,0.51,0.9272,235,0.49,0.8909,23,0.55,1.0,5,0.5,0.909,0,0
IWM190927P152,2019-09-20,2019-09-20 09:31:35,0.51,0.9272,230,0.49,0.8909,23,0.55,1.0,5,0.5,0.909,0,0
IWM190927P152,2019-09-20,2019-09-20 09:31:36,0.51,0.9272,235,0.49,0.8909,24,0.55,1.0,5,0.5,0.909,0,0
IWM190927P152,2019-09-20,2019-09-20 09:31:36,0.51,0.9272,240,0.49,0.8909,23,0.55,1.0,5,0.5,0.909,0,0
IWM190927P152,2019-09-20,2019-09-20 09:31:37,0.51,0.9272,262,0.49,0.8909,24,0.55,1.0,5,0.5,0.909,0,0
IWM190927P152,2019-09-20,2019-09-20 09:31:37,0.51,0.9272,314,0.49,0.8909,24,0.55,1.0,5,0.5,0.909,0,0
IWM190927P152,2019-09-20,2019-09-20 09:31:38,0.51,0.9272,235,0.5,0.909,19,0.55,1.0,5,0.505,0.9181,0,0
IWM190927P152,2019-09-20,2019-09-20 09:31:38,0.51,0.9272,262,0.49,0.8909,24,0.55,1.0,5,0.5,0.909,0,0
IWM190927P152,2019-09-20,2019-09-20 09:31:39,0.51,0.9272,235,0.49,0.8909,19,0.55,1.0,5,0.5,0.909,0,0
IWM190927P152,2019-09-20,2019-09-20 09:31:40,0.51,0.9272,235,0.49,0.8909,24,0.55,1.0,5,0.5,0.909,0,0
IWM190927P152,2019-09-20,2019-09-20 09:31:41,0.51,0.9272,235,0.49,0.8909,24,0.55,1.0,5,0.5,0.909,0,0
IWM190927P152,2019-09-20,2019-09-20 09:31:42,0.51,0.9272,235,0.49,0.8909,24,0.55,1.0,5,0.5,0.909,0,0
IWM190927P152,2019-09-20,2019-09-20 09:31:42,0.5,0.909,48,0.49,0.8909,23,0.55,1.0,5,0.495,0.9,0,0
IWM190927P152,2019-09-20,2019-09-20 09:31:43,0.5,0.909,10,0.49,0.8909,23,0.55,1.0,5,0.495,0.9,0,0
IWM190927P152,2019-09-20,2019-09-20 09:31:43,0.5,0.909,17,0.49,0.8909,23,0.55,1.0,5,0.495,0.9,0,0
IWM190927P152,2019-09-20,2019-09-20 09:31:44,0.5,0.909,10,0.49,0.8909,23,0.55,1.0,5,0.495,0.9,0,0
IWM190927P152,2019-09-20,2019-09-20 09:31:44,0.51,0.9272,253,0.5,0.909,19,0.55,1.0,5,0.505,0.9181,0,0
IWM190927P152,2019-09-20,2019-09-20 09:31:45,0.51,0.9272,263,0.5,0.909,19,0.55,1.0,5,0.505,0.9181,0,0
IWM190927P152,2019-09-20,2019-09-20 09:31:45,0.51,0.9272,10,0.5,0.909,19,0.55,1.0,5,0.505,0.9181,0,0
IWM190927P152,2019-09-20,2019-09-20 09:31:46,0.51,0.9272,31,0.5,0.909,19,0.55,1.0,5,0.505,0.9181,0,0
IWM190927P152,2019-09-20,2019-09-20 09:31:46,0.51,0.9272,154,0.5,0.909,19,0.55,1.0,5,0.505,0.9181,0,0
IWM190927P152,2019-09-20,2019-09-20 09:31:47,0.51,0.9272,276,0.5,0.909,19,0.55,1.0,5,0.505,0.9181,0,0
IWM190927P152,2019-09-20,2019-09-20 09:31:47,0.51,0.9272,235,0.5,0.909,19,0.55,1.0,5,0.505,0.9181,0,0
IWM190927P152,2019-09-20,2019-09-20 09:31:48,0.51,0.9272,276,0.49,0.8909,36,0.55,1.0,5,0.5,0.909,0,0
IWM190927P152,2019-09-20,2019-09-20 09:31:48,0.51,0.9272,491,0.49,0.8909,36,0.55,1.0,5,0.5,0.909,0,0
IWM190927P152,2019-09-20,2019-09-20 09:31:49,0.51,0.9272,491,0.49,0.8909,22,0.55,1.0,5,0.5,0.909,0,0
IWM190927P152,2019-09-20,2019-09-20 09:31:49,0.51,0.9272,501,0.49,0.8909,22,0.55,1.0,5,0.5,0.909,0,0
IWM190927P152,2019-09-20,2019-09-20 09:31:50,0.51,0.9272,501,0.49,0.8909,22,0.55,1.0,5,0.5,0.909,0,0
IWM190927P152,2019-09-20,2019-09-20 09:31:51,0.5,0.909,47,0.49,0.8909,22,0.55,1.0,5,0.495,0.9,0,0
IWM190927P152,2019-09-20,2019-09-20 09:31:51,0.5,0.909,64,0.49,0.8909,27,0.55,1.0,5,0.495,0.9,0,0
IWM190927P152,2019-09-20,2019-09-20 09:31:52,0.5,0.909,28,0.49,0.8909,24,0.55,1.0,5,0.495,0.9,0,0
IWM190927P152,2019-09-20,2019-09-20 09:31:52,0.5,0.909,39,0.49,0.8909,24,0.55,1.0,5,0.495,0.9,0,0
IWM190927P152,2019-09-20,2019-09-20 09:31:53,0.5,0.909,42,0.49,0.8909,25,0.55,1.0,5,0.495,0.9,0,0
IWM190927P152,2019-09-20,2019-09-20 09:31:54,0.51,0.9272,171,0.49,0.8909,46,0.55,1.0,5,0.5,0.909,0,0
IWM190927P152,2019-09-20,2019-09-20 09:31:55,0.51,0.9272,171,0.49,0.8909,46,0.55,1.0,5,0.5,0.909,0,0
IWM190927P152,2019-09-20,2019-09-20 09:31:55,0.5,0.909,15,0.49,0.8909,24,0.55,1.0,5,0.495,0.9,0,0
IWM190927P152,2019-09-20,2019-09-20 09:31:56,0.5,0.909,17,0.49,0.8909,40,0.55,1.0,5,0.495,0.9,0,0
IWM190927P152,2019-09-20,2019-09-20 09:31:56,0.5,0.909,15,0.49,0.8909,24,0.55,1.0,5,0.495,0.9,0,0
IWM190927P152,2019-09-20,2019-09-20 09:31:57,0.5,0.909,15,0.49,0.8909,40,0.55,1.0,5,0.495,0.9,0,0
IWM190927P152,2019-09-20,2019-09-20 09:31:57,0.5,0.909,23,0.49,0.8909,24,0.55,1.0,5,0.495,0.9,0,0
IWM190927P152,2019-09-20,2019-09-20 09:31:58,0.51,0.9272,82,0.49,0.8909,51,0.55,1.0,5,0.5,0.909,0,0
IWM190927P152,2019-09-20,2019-09-20 09:31:58,0.5,0.909,23,0.49,0.8909,40,0.55,1.0,5,0.495,0.9,0,0
IWM190927P152,2019-09-20,2019-09-20 09:31:59,0.51,0.9272,179,0.49,0.8909,37,0.55,1.0,5,0.5,0.909,0,0
IWM190927P152,2019-09-20,2019-09-20 09:31:59,0.51,0.9272,121,0.5,0.909,24,0.55,1.0,5,0.505,0.9181,0,0
IWM190927P152,2019-09-20,2019-09-20 09:32:00,0.51,0.9272,97,0.5,0.909,25,0.55,1.0,5,0.505,0.9181,0,0
IWM190927P152,2019-09-20,2019-09-20 09:32:00,0.51,0.9272,228,0.49,0.8909,59,0.55,1.0,5,0.5,0.909,0,0
IWM190927P152,2019-09-20,2019-09-20 09:32:01,0.51,0.9272,97,0.5,0.909,24,0.55,1.0,5,0.505,0.9181,0,0
IWM190927P152,2019-09-20,2019-09-20 09:32:02,0.51,0.9272,204,0.5,0.909,24,0.55,1.0,5,0.505,0.9181,0,0
IWM190927P152,2019-09-20,2019-09-20 09:32:02,0.51,0.9272,194,0.5,0.909,24,0.55,1.0,5,0.505,0.9181,0,0
IWM190927P152,2019-09-20,2019-09-20 09:32:03,0.51,0.9272,313,0.49,0.8909,54,0.55,1.0,5,0.5,0.909,0,0
IWM190927P152,2019-09-20,2019-09-20 09:32:03,0.51,0.9272,214,0.49,0.8909,171,0.55,1.0,5,0.5,0.909,0,0
IWM190927P152,2019-09-20,2019-09-20 09:32:04,0.51,0.9272,250,0.49,0.8909,224,0.55,1.0,5,0.5,0.909,0,0
IWM190927P152,2019-09-20,2019-09-20 09:32:04,0.51,0.9272,240,0.5,0.909,19,0.55,1.0,5,0.505,0.9181,0,0
IWM190927P152,2019-09-20,2019-09-20 09:32:05,0.51,0.9272,240,0.49,0.8909,372,0.55,1.0,5,0.5,0.909,0,0
IWM190927P152,2019-09-20,2019-09-20 09:32:05,0.51,0.9272,240,0.49,0.8909,417,0.55,1.0,5,0.5,0.909,0,0
IWM190927P152,2019-09-20,2019-09-20 09:32:06,0.51,0.9272,391,0.49,0.8909,35,0.55,1.0,5,0.5,0.909,0,0
IWM190927P152,2019-09-20,2019-09-20 09:32:06,0.51,0.9272,270,0.49,0.8909,52,0.55,1.0,5,0.5,0.909,0,0
IWM190927P152,2019-09-20,2019-09-20 09:32:07,0.5,0.909,54,0.49,0.8909,35,0.55,1.0,5,0.495,0.9,0,0
IWM190927P152,2019-09-20,2019-09-20 09:32:08,0.5,0.909,54,0.49,0.8909,35,0.55,1.0,5,0.495,0.9,0,0
IWM190927P152,2019-09-20,2019-09-20 09:32:08,0.5,0.909,182,0.48,0.8727,497,0.55,1.0,5,0.49,0.8909,0,0
IWM190927P152,2019-09-20,2019-09-20 09:32:09,0.5,0.909,182,0.48,0.8727,500,0.55,1.0,5,0.49,0.8909,0,0
IWM190927P152,2019-09-20,2019-09-20 09:32:09,0.5,0.909,182,0.48,0.8727,501,0.55,1.0,5,0.49,0.8909,0,0
IWM190927P152,2019-09-20,2019-09-20 09:32:10,0.5,0.909,357,0.49,0.8909,19,0.55,1.0,5,0.495,0.9,0,0
IWM190927P152,2019-09-20,2019-09-20 09:32:10,0.5,0.909,182,0.48,0.8727,501,0.55,1.0,5,0.49,0.8909,0,0
IWM190927P152,2019-09-20,2019-09-20 09:32:11,0.5,0.909,574,0.48,0.8727,482,0.55,1.0,5,0.49,0.8909,0,0
IWM190927P152,2019-09-20,2019-09-20 09:32:11,0.5,0.909,357,0.48,0.8727,153,0.55,1.0,5,0.49,0.8909,0,0
IWM190927P152,2019-09-20,2019-09-20 09:32:12,0.5,0.909,680,0.48,0.8727,549,0.55,1.0,5,0.49,0.8909,0,0
IWM190927P152,2019-09-20,2019-09-20 09:32:13,0.5,0.909,302,0.49,0.8909,19,0.55,1.0,5,0.495,0.9,0,0
IWM190927P152,2019-09-20,2019-09-20 09:32:13,0.5,0.909,81,0.49,0.8909,31,0.55,1.0,5,0.495,0.9,0,0
IWM190927P152,2019-09-20,2019-09-20 09:32:14,0.5,0.909,81,0.49,0.8909,31,0.55,1.0,5,0.495,0.9,0,0
IWM190927P152,2019-09-20,2019-09-20 09:32:14,0.5,0.909,88,0.49,0.8909,32,0.49,0.8909,1,0.495,0.9,1,1
IWM190927P152,2019-09-20,2019-09-20 09:32:15,0.5,0.909,50,0.49,0.8909,38,0.49,0.8909,1,0.495,0.9,1,0
IWM190927P152,2019-09-20,2019-09-20 09:32:15,0.5,0.909,77,0.49,0.8909,20,0.49,0.8909,1,0.495,0.9,1,0
IWM190927P152,2019-09-20,2019-09-20 09:32:16,0.5,0.909,77,0.49,0.8909,42,0.49,0.8909,1,0.495,0.9,1,0
IWM190927P152,2019-09-20,2019-09-20 09:32:16,0.5,0.909,77,0.49,0.8909,38,0.49,0.8909,1,0.495,0.9,1,0
IWM190927P152,2019-09-20,2019-09-20 09:32:17,0.5,0.909,91,0.49,0.8909,33,0.49,0.8909,1,0.495,0.9,1,0
IWM190927P152,2019-09-20,2019-09-20 09:32:17,0.5,0.909,22,0.49,0.8909,19,0.49,0.8909,1,0.495,0.9,1,0
IWM190927P152,2019-09-20,2019-09-20 09:32:18,0.5,0.909,91,0.49,0.8909,39,0.49,0.8909,1,0.495,0.9,1,0
IWM190927P152,2019-09-20,2019-09-20 09:32:19,0.5,0.909,47,0.49,0.8909,70,0.49,0.8909,1,0.495,0.9,1,0
IWM190927P152,2019-09-20,2019-09-20 09:32:19,0.51,0.9272,128,0.5,0.909,19,0.49,0.8909,1,0.505,0.9181,1,0
IWM190927P152,2019-09-20,2019-09-20 09:32:20,0.51,0.9272,54,0.49,0.8909,25,0.49,0.8909,1,0.5,0.909,1,0
IWM190927P152,2019-09-20,2019-09-20 09:32:20,0.5,0.909,28,0.49,0.8909,19,0.49,0.8909,1,0.495,0.9,1,0
IWM190927P152,2019-09-20,2019-09-20 09:32:21,0.51,0.9272,138,0.49,0.8909,19,0.49,0.8909,1,0.5,0.909,1,0
IWM190927P152,2019-09-20,2019-09-20 09:32:21,0.5,0.909,37,0.49,0.8909,19,0.49,0.8909,1,0.495,0.9,1,0
IWM190927P152,2019-09-20,2019-09-20 09:32:22,0.5,0.909,87,0.49,0.8909,41,0.49,0.8909,1,0.495,0.9,1,0
IWM190927P152,2019-09-20,2019-09-20 09:32:22,0.5,0.909,148,0.49,0.8909,19,0.49,0.8909,1,0.495,0.9,1,0
IWM190927P152,2019-09-20,2019-09-20 09:32:23,0.5,0.909,207,0.48,0.8727,502,0.49,0.8909,1,0.49,0.8909,1,0
IWM190927P152,2019-09-20,2019-09-20 09:32:23,0.5,0.909,207,0.48,0.8727,562,0.49,0.8909,1,0.49,0.8909,1,0
IWM190927P152,2019-09-20,2019-09-20 09:32:24,0.5,0.909,197,0.48,0.8727,562,0.49,0.8909,1,0.49,0.8909,1,0
IWM190927P152,2019-09-20,2019-09-20 09:32:24,0.5,0.909,207,0.49,0.8909,19,0.49,0.8909,1,0.495,0.9,1,0
IWM190927P152,2019-09-20,2019-09-20 09:32:25,0.5,0.909,197,0.48,0.8727,285,0.49,0.8909,1,0.49,0.8909,1,0
IWM190927P152,2019-09-20,2019-09-20 09:32:26,0.5,0.909,207,0.48,0.8727,472,0.49,0.8909,1,0.49,0.8909,1,0
IWM190927P152,2019-09-20,2019-09-20 09:32:26,0.5,0.909,207,0.48,0.8727,482,0.49,0.8909,1,0.49,0.8909,1,0
IWM190927P152,2019-09-20,2019-09-20 09:32:27,0.5,0.909,155,0.48,0.8727,211,0.49,0.8909,1,0.49,0.8909,1,0
IWM190927P152,2019-09-20,2019-09-20 09:32:27,0.5,0.909,110,0.48,0.8727,236,0.49,0.8909,1,0.49,0.8909,1,0
IWM190927P152,2019-09-20,2019-09-20 09:32:28,0.49,0.8909,40,0.48,0.8727,277,0.49,0.8909,1,0.485,0.8818,1,0
IWM190927P152,2019-09-20,2019-09-20 09:32:28,0.49,0.8909,40,0.48,0.8727,56,0.49,0.8909,1,0.485,0.8818,1,0
IWM190927P152,2019-09-20,2019-09-20 09:32:29,0.49,0.8909,76,0.48,0.8727,33,0.49,0.8909,1,0.485,0.8818,1,0
IWM190927P152,2019-09-20,2019-09-20 09:32:29,0.49,0.8909,100,0.48,0.8727,41,0.49,0.8909,1,0.485,0.8818,1,0
IWM190927P152,2019-09-20,2019-09-20 09:32:30,0.49,0.8909,276,0.48,0.8727,19,0.49,0.8909,1,0.485,0.8818,1,0
IWM190927P152,2019-09-20,2019-09-20 09:32:30,0.49,0.8909,130,0.48,0.8727,36,0.49,0.8909,1,0.485,0.8818,1,0
IWM190927P152,2019-09-20,2019-09-20 09:32:31,0.49,0.8909,130,0.48,0.8727,19,0.49,0.8909,1,0.485,0.8818,1,0
IWM190927P152,2019-09-20,2019-09-20 09:32:31,0.49,0.8909,157,0.48,0.8727,37,0.49,0.8909,1,0.485,0.8818,1,0
IWM190927P152,2019-09-20,2019-09-20 09:32:32,0.49,0.8909,157,0.48,0.8727,37,0.49,0.8909,1,0.485,0.8818,1,0
IWM190927P152,2019-09-20,2019-09-20 09:32:32,0.49,0.8909,22,0.48,0.8727,37,0.49,0.8909,1,0.485,0.8818,1,0
IWM190927P152,2019-09-20,2019-09-20 09:32:33,0.49,0.8909,22,0.48,0.8727,396,0.49,0.8909,1,0.485,0.8818,1,0
IWM190927P152,2019-09-20,2019-09-20 09:32:33,0.5,0.909,165,0.48,0.8727,396,0.49,0.8909,1,0.49,0.8909,1,0
IWM190927P152,2019-09-20,2019-09-20 09:32:34,0.5,0.909,210,0.48,0.8727,281,0.49,0.8909,1,0.49,0.8909,1,0
IWM190927P152,2019-09-20,2019-09-20 09:32:34,0.5,0.909,175,0.49,0.8909,19,0.49,0.8909,1,0.495,0.9,1,0
IWM190927P152,2019-09-20,2019-09-20 09:32:35,0.5,0.909,506,0.48,0.8727,50,0.49,0.8909,1,0.49,0.8909,1,0
IWM190927P152,2019-09-20,2019-09-20 09:32:35,0.5,0.909,496,0.48,0.8727,71,0.49,0.8909,1,0.49,0.8909,1,0
IWM190927P152,2019-09-20,2019-09-20 09:32:36,0.5,0.909,506,0.48,0.8727,31,0.49,0.8909,1,0.49,0.8909,1,0
IWM190927P152,2019-09-20,2019-09-20 09:32:36,0.5,0.909,406,0.48,0.8727,33,0.49,0.8909,1,0.49,0.8909,1,0
IWM190927P152,2019-09-20,2019-09-20 09:32:37,0.5,0.909,602,0.48,0.8727,33,0.49,0.8909,1,0.49,0.8909,1,0
IWM190927P152,2019-09-20,2019-09-20 09:32:37,0.49,0.8909,166,0.47,0.8545,494,0.49,0.8909,1,0.48,0.8727,1,0
IWM190927P152,2019-09-20,2019-09-20 09:32:38,0.49,0.8909,273,0.47,0.8545,570,0.49,0.8909,1,0.48,0.8727,1,0
IWM190927P152,2019-09-20,2019-09-20 09:32:39,0.49,0.8909,414,0.47,0.8545,407,0.49,0.8909,1,0.48,0.8727,1,0
IWM190927P152,2019-09-20,2019-09-20 09:32:39,0.49,0.8909,454,0.47,0.8545,478,0.49,0.8909,1,0.48,0.8727,1,0
IWM190927P152,2019-09-20,2019-09-20 09:32:40,0.49,0.8909,454,0.47,0.8545,198,0.49,0.8909,1,0.48,0.8727,1,0
IWM190927P152,2019-09-20,2019-09-20 09:32:40,0.48,0.8727,1,0.47,0.8545,198,0.49,0.8909,1,0.475,0.8636,1,0
IWM190927P152,2019-09-20,2019-09-20 09:32:41,0.48,0.8727,1,0.47,0.8545,236,0.49,0.8909,1,0.475,0.8636,1,0
IWM190927P152,2019-09-20,2019-09-20 09:32:42,0.49,0.8909,100,0.47,0.8545,297,0.49,0.8909,1,0.48,0.8727,1,0
IWM190927P152,2019-09-20,2019-09-20 09:32:42,0.48,0.8727,1,0.47,0.8545,236,0.49,0.8909,1,0.475,0.8636,1,0
IWM190927P152,2019-09-20,2019-09-20 09:32:43,0.49,0.8909,189,0.47,0.8545,488,0.49,0.8909,1,0.48,0.8727,1,0
IWM190927P152,2019-09-20,2019-09-20 09:32:43,0.49,0.8909,267,0.47,0.8545,415,0.49,0.8909,1,0.48,0.8727,1,0
IWM190927P152,2019-09-20,2019-09-20 09:32:44,0.48,0.8727,1,0.47,0.8545,488,0.49,0.8909,1,0.475,0.8636,1,0
IWM190927P152,2019-09-20,2019-09-20 09:32:45,0.49,0.8909,165,0.47,0.8545,493,0.49,0.8909,1,0.48,0.8727,1,0
IWM190927P152,2019-09-20,2019-09-20 09:32:45,0.49,0.8909,100,0.47,0.8545,493,0.49,0.8909,1,0.48,0.8727,1,0
IWM190927P152,2019-09-20,2019-09-20 09:32:46,0.49,0.8909,175,0.47,0.8545,126,0.49,0.8909,1,0.48,0.8727,1,0
IWM190927P152,2019-09-20,2019-09-20 09:32:46,0.49,0.8909,381,0.47,0.8545,532,0.49,0.8909,1,0.48,0.8727,1,0
IWM190927P152,2019-09-20,2019-09-20 09:32:47,0.49,0.8909,381,0.48,0.8727,19,0.49,0.8909,1,0.485,0.8818,1,0
IWM190927P152,2019-09-20,2019-09-20 09:32:47,0.49,0.8909,381,0.47,0.8545,120,0.49,0.8909,1,0.48,0.8727,1,0
IWM190927P152,2019-09-20,2019-09-20 09:32:48,0.48,0.8727,4,0.47,0.8545,29,0.49,0.8909,1,0.475,0.8636,1,0
IWM190927P152,2019-09-20,2019-09-20 09:32:48,0.48,0.8727,20,0.47,0.8545,58,0.49,0.8909,1,0.475,0.8636,1,0
IWM190927P152,2019-09-20,2019-09-20 09:32:49,0.48,0.8727,8,0.47,0.8545,43,0.49,0.8909,1,0.475,0.8636,1,0
IWM190927P152,2019-09-20,2019-09-20 09:32:49,0.48,0.8727,20,0.47,0.8545,58,0.49,0.8909,1,0.475,0.8636,1,0
IWM190927P152,2019-09-20,2019-09-20 09:32:50,0.48,0.8727,41,0.47,0.8545,133,0.49,0.8909,1,0.475,0.8636,1,0
IWM190927P152,2019-09-20,2019-09-20 09:32:50,0.49,0.8909,263,0.47,0.8545,322,0.49,0.8909,1,0.48,0.8727,1,0
IWM190927P152,2019-09-20,2019-09-20 09:32:51,0.48,0.8727,78,0.47,0.8545,40,0.49,0.8909,1,0.475,0.8636,1,0
IWM190927P152,2019-09-20,2019-09-20 09:32:51,0.48,0.8727,117,0.46,0.8363,247,0.49,0.8909,1,0.47,0.8545,1,0
IWM190927P152,2019-09-20,2019-09-20 09:32:52,0.48,0.8727,135,0.46,0.8363,589,0.49,0.8909,1,0.47,0.8545,1,0
IWM190927P152,2019-09-20,2019-09-20 09:32:53,0.48,0.8727,135,0.46,0.8363,595,0.49,0.8909,1,0.47,0.8545,1,0
IWM190927P152,2019-09-20,2019-09-20 09:32:53,0.48,0.8727,135,0.46,0.8363,605,0.49,0.8909,1,0.47,0.8545,1,0
IWM190927P152,2019-09-20,2019-09-20 09:32:54,0.48,0.8727,135,0.47,0.8545,27,0.49,0.8909,1,0.475,0.8636,1,0
IWM190927P152,2019-09-20,2019-09-20 09:32:54,0.48,0.8727,145,0.47,0.8545,27,0.49,0.8909,1,0.475,0.8636,1,0
IWM190927P152,2019-09-20,2019-09-20 09:32:55,0.48,0.8727,92,0.46,0.8363,485,0.49,0.8909,1,0.47,0.8545,1,0
IWM190927P152,2019-09-20,2019-09-20 09:32:55,0.48,0.8727,135,0.46,0.8363,485,0.49,0.8909,1,0.47,0.8545,1,0
IWM190927P152,2019-09-20,2019-09-20 09:32:56,0.48,0.8727,54,0.47,0.8545,61,0.49,0.8909,1,0.475,0.8636,1,0
IWM190927P152,2019-09-20,2019-09-20 09:32:56,0.48,0.8727,64,0.47,0.8545,35,0.49,0.8909,1,0.475,0.8636,1,0
IWM190927P152,2019-09-20,2019-09-20 09:32:57,0.48,0.8727,64,0.47,0.8545,35,0.49,0.8909,1,0.475,0.8636,1,0
IWM190927P152,2019-09-20,2019-09-20 09:32:57,0.48,0.8727,44,0.47,0.8545,34,0.49,0.8909,1,0.475,0.8636,1,0
IWM190927P152,2019-09-20,2019-09-20 09:32:58,0.48,0.8727,78,0.47,0.8545,11,0.49,0.8909,1,0.475,0.8636,1,0
IWM190927P152,2019-09-20,2019-09-20 09:32:58,0.48,0.8727,78,0.47,0.8545,34,0.49,0.8909,1,0.475,0.8636,1,0
IWM190927P152,2019-09-20,2019-09-20 09:32:59,0.48,0.8727,148,0.46,0.8363,89,0.49,0.8909,1,0.47,0.8545,1,0
IWM190927P152,2019-09-20,2019-09-20 09:32:59,0.48,0.8727,148,0.46,0.8363,610,0.49,0.8909,1,0.47,0.8545,1,0
IWM190927P152,2019-09-20,2019-09-20 09:33:00,0.48,0.8727,182,0.46,0.8363,82,0.49,0.8909,1,0.47,0.8545,1,0
IWM190927P152,2019-09-20,2019-09-20 09:33:00,0.48,0.8727,755,0.46,0.8363,23,0.49,0.8909,1,0.47,0.8545,1,0
IWM190927P152,2019-09-20,2019-09-20 09:33:01,0.47,0.8545,84,0.46,0.8363,23,0.49,0.8909,1,0.465,0.8454,1,0
IWM190927P152,2019-09-20,2019-09-20 09:33:01,0.47,0.8545,342,0.45,0.8181,947,0.49,0.8909,1,0.46,0.8363,1,0
IWM190927P152,2019-09-20,2019-09-20 09:33:02,0.47,0.8545,470,0.45,0.8181,592,0.49,0.8909,1,0.46,0.8363,1,0
IWM190927P152,2019-09-20,2019-09-20 09:33:02,0.47,0.8545,470,0.45,0.8181,250,0.49,0.8909,1,0.46,0.8363,1,0
IWM190927P152,2019-09-20,2019-09-20 09:33:03,0.47,0.8545,458,0.45,0.8181,156,0.49,0.8909,1,0.46,0.8363,1,0
IWM190927P152,2019-09-20,2019-09-20 09:33:04,0.47,0.8545,574,0.45,0.8181,38,0.49,0.8909,1,0.46,0.8363,1,0
IWM190927P152,2019-09-20,2019-09-20 09:33:04,0.47,0.8545,458,0.45,0.8181,156,0.49,0.8909,1,0.46,0.8363,1,0
IWM190927P152,2019-09-20,2019-09-20 09:33:05,0.47,0.8545,574,0.45,0.8181,248,0.49,0.8909,1,0.46,0.8363,1,0
IWM190927P152,2019-09-20,2019-09-20 09:33:05,0.47,0.8545,665,0.45,0.8181,484,0.49,0.8909,1,0.46,0.8363,1,0
IWM190927P152,2019-09-20,2019-09-20 09:33:06,0.46,0.8363,7,0.45,0.8181,521,0.49,0.8909,1,0.455,0.8272,1,0
IWM190927P152,2019-09-20,2019-09-20 09:33:06,0.46,0.8363,7,0.45,0.8181,772,0.49,0.8909,1,0.455,0.8272,1,0
IWM190927P152,2019-09-20,2019-09-20 09:33:07,0.46,0.8363,21,0.45,0.8181,554,0.49,0.8909,1,0.455,0.8272,1,0
IWM190927P152,2019-09-20,2019-09-20 09:33:07,0.46,0.8363,10,0.45,0.8181,772,0.49,0.8909,1,0.455,0.8272,1,0
IWM190927P152,2019-09-20,2019-09-20 09:33:08,0.46,0.8363,26,0.45,0.8181,554,0.49,0.8909,1,0.455,0.8272,1,0
IWM190927P152,2019-09-20,2019-09-20 09:33:08,0.46,0.8363,21,0.45,0.8181,554,0.49,0.8909,1,0.455,0.8272,1,0
IWM190927P152,2019-09-20,2019-09-20 09:33:09,0.46,0.8363,26,0.45,0.8181,657,0.49,0.8909,1,0.455,0.8272,1,0
IWM190927P152,2019-09-20,2019-09-20 09:33:10,0.46,0.8363,26,0.45,0.8181,554,0.49,0.8909,1,0.455,0.8272,1,0
IWM190927P152,2019-09-20,2019-09-20 09:33:10,0.46,0.8363,35,0.45,0.8181,657,0.49,0.8909,1,0.455,0.8272,1,0
IWM190927P152,2019-09-20,2019-09-20 09:33:11,0.46,0.8363,55,0.45,0.8181,765,0.49,0.8909,1,0.455,0.8272,1,0
IWM190927P152,2019-09-20,2019-09-20 09:33:11,0.46,0.8363,35,0.45,0.8181,765,0.49,0.8909,1,0.455,0.8272,1,0
IWM190927P152,2019-09-20,2019-09-20 09:33:12,0.46,0.8363,60,0.45,0.8181,662,0.49,0.8909,1,0.455,0.8272,1,0
IWM190927P152,2019-09-20,2019-09-20 09:33:12,0.46,0.8363,10,0.45,0.8181,698,0.49,0.8909,1,0.455,0.8272,1,0
IWM190927P152,2019-09-20,2019-09-20 09:33:13,0.46,0.8363,20,0.45,0.8181,615,0.49,0.8909,1,0.455,0.8272,1,0
IWM190927P152,2019-09-20,2019-09-20 09:33:13,0.46,0.8363,10,0.45,0.8181,615,0.49,0.8909,1,0.455,0.8272,1,0
IWM190927P152,2019-09-20,2019-09-20 09:33:14,0.47,0.8545,473,0.45,0.8181,718,0.49,0.8909,1,0.46,0.8363,1,0
IWM190927P152,2019-09-20,2019-09-20 09:33:14,0.47,0.8545,58,0.45,0.8181,718,0.49,0.8909,1,0.46,0.8363,1,0
IWM190927P152,2019-09-20,2019-09-20 09:33:15,0.47,0.8545,473,0.45,0.8181,435,0.49,0.8909,1,0.46,0.8363,1,0
IWM190927P152,2019-09-20,2019-09-20 09:33:15,0.47,0.8545,473,0.45,0.8181,474,0.49,0.8909,1,0.46,0.8363,1,0
IWM190927P152,2019-09-20,2019-09-20 09:33:16,0.47,0.8545,326,0.45,0.8181,412,0.49,0.8909,1,0.46,0.8363,1,0
IWM190927P152,2019-09-20,2019-09-20 09:33:16,0.47,0.8545,416,0.45,0.8181,412,0.49,0.8909,1,0.46,0.8363,1,0
IWM190927P152,2019-09-20,2019-09-20 09:33:17,0.47,0.8545,559,0.45,0.8181,560,0.49,0.8909,1,0.46,0.8363,1,0
IWM190927P152,2019-09-20,2019-09-20 09:33:17,0.47,0.8545,536,0.45,0.8181,652,0.49,0.8909,1,0.46,0.8363,1,0
IWM190927P152,2019-09-20,2019-09-20 09:33:18,0.47,0.8545,536,0.45,0.8181,784,0.49,0.8909,1,0.46,0.8363,1,0
IWM190927P152,2019-09-20,2019-09-20 09:33:19,0.47,0.8545,510,0.45,0.8181,784,0.49,0.8909,1,0.46,0.8363,1,0
IWM190927P152,2019-09-20,2019-09-20 09:33:20,0.47,0.8545,520,0.45,0.8181,784,0.49,0.8909,1,0.46,0.8363,1,0
IWM190927P152,2019-09-20,2019-09-20 09:33:20,0.47,0.8545,586,0.45,0.8181,784,0.49,0.8909,1,0.46,0.8363,1,0
IWM190927P152,2019-09-20,2019-09-20 09:33:21,0.47,0.8545,586,0.45,0.8181,764,0.49,0.8909,1,0.46,0.8363,1,0
IWM190927P152,2019-09-20,2019-09-20 09:33:21,0.47,0.8545,711,0.45,0.8181,784,0.49,0.8909,1,0.46,0.8363,1,0
IWM190927P152,2019-09-20,2019-09-20 09:33:22,0.47,0.8545,732,0.45,0.8181,784,0.49,0.8909,1,0.46,0.8363,1,0
IWM190927P152,2019-09-20,2019-09-20 09:33:23,0.47,0.8545,655,0.45,0.8181,784,0.49,0.8909,1,0.46,0.8363,1,0
IWM190927P152,2019-09-20,2019-09-20 09:33:24,0.47,0.8545,556,0.45,0.8181,815,0.49,0.8909,1,0.46,0.8363,1,0
IWM190927P152,2019-09-20,2019-09-20 09:33:24,0.47,0.8545,619,0.45,0.8181,784,0.49,0.8909,1,0.46,0.8363,1,0
IWM190927P152,2019-09-20,2019-09-20 09:33:25,0.47,0.8545,564,0.45,0.8181,754,0.49,0.8909,1,0.46,0.8363,1,0
IWM190927P152,2019-09-20,2019-09-20 09:33:26,0.47,0.8545,588,0.45,0.8181,746,0.49,0.8909,1,0.46,0.8363,1,0
IWM190927P152,2019-09-20,2019-09-20 09:33:26,0.47,0.8545,564,0.45,0.8181,839,0.49,0.8909,1,0.46,0.8363,1,0
IWM190927P152,2019-09-20,2019-09-20 09:33:27,0.47,0.8545,563,0.45,0.8181,756,0.49,0.8909,1,0.46,0.8363,1,0
IWM190927P152,2019-09-20,2019-09-20 09:33:28,0.47,0.8545,538,0.45,0.8181,744,0.49,0.8909,1,0.46,0.8363,1,0
IWM190927P152,2019-09-20,2019-09-20 09:33:28,0.47,0.8545,538,0.45,0.8181,756,0.49,0.8909,1,0.46,0.8363,1,0
IWM190927P152,2019-09-20,2019-09-20 09:33:29,0.47,0.8545,524,0.45,0.8181,744,0.49,0.8909,1,0.46,0.8363,1,0
IWM190927P152,2019-09-20,2019-09-20 09:33:29,0.47,0.8545,419,0.45,0.8181,847,0.49,0.8909,1,0.46,0.8363,1,0
IWM190927P152,2019-09-20,2019-09-20 09:33:30,0.47,0.8545,419,0.45,0.8181,847,0.49,0.8909,1,0.46,0.8363,1,0
IWM190927P152,2019-09-20,2019-09-20 09:33:30,0.47,0.8545,391,0.45,0.8181,847,0.49,0.8909,1,0.46,0.8363,1,0
IWM190927P152,2019-09-20,2019-09-20 09:33:31,0.47,0.8545,391,0.45,0.8181,847,0.49,0.8909,1,0.46,0.8363,1,0
IWM190927P152,2019-09-20,2019-09-20 09:33:32,0.47,0.8545,391,0.45,0.8181,808,0.49,0.8909,1,0.46,0.8363,1,0
IWM190927P152,2019-09-20,2019-09-20 09:33:32,0.47,0.8545,391,0.45,0.8181,847,0.49,0.8909,1,0.46,0.8363,1,0
IWM190927P152,2019-09-20,2019-09-20 09:33:33,0.47,0.8545,392,0.45,0.8181,808,0.49,0.8909,1,0.46,0.8363,1,0
IWM190927P152,2019-09-20,2019-09-20 09:33:34,0.47,0.8545,484,0.45,0.8181,808,0.49,0.8909,1,0.46,0.8363,1,0
IWM190927P152,2019-09-20,2019-09-20 09:33:35,0.46,0.8363,12,0.45,0.8181,808,0.49,0.8909,1,0.455,0.8272,1,0
IWM190927P152,2019-09-20,2019-09-20 09:33:35,0.47,0.8545,107,0.45,0.8181,808,0.49,0.8909,1,0.46,0.8363,1,0
IWM190927P152,2019-09-20,2019-09-20 09:33:36,0.47,0.8545,316,0.45,0.8181,726,0.49,0.8909,1,0.46,0.8363,1,0
IWM190927P152,2019-09-20,2019-09-20 09:33:37,0.47,0.8545,322,0.45,0.8181,742,0.49,0.8909,1,0.46,0.8363,1,0
IWM190927P152,2019-09-20,2019-09-20 09:33:37,0.47,0.8545,516,0.45,0.8181,726,0.49,0.8909,1,0.46,0.8363,1,0
IWM190927P152,2019-09-20,2019-09-20 09:33:38,0.47,0.8545,516,0.45,0.8181,808,0.49,0.8909,1,0.46,0.8363,1,0
IWM190927P152,2019-09-20,2019-09-20 09:33:39,0.47,0.8545,607,0.45,0.8181,808,0.49,0.8909,1,0.46,0.8363,1,0
IWM190927P152,2019-09-20,2019-09-20 09:33:39,0.47,0.8545,516,0.45,0.8181,808,0.49,0.8909,1,0.46,0.8363,1,0
IWM190927P152,2019-09-20,2019-09-20 09:33:40,0.46,0.8363,12,0.45,0.8181,808,0.49,0.8909,1,0.455,0.8272,1,0
IWM190927P152,2019-09-20,2019-09-20 09:33:40,0.46,0.8363,12,0.45,0.8181,648,0.49,0.8909,1,0.455,0.8272,1,0
IWM190927P152,2019-09-20,2019-09-20 09:33:41,0.46,0.8363,12,0.45,0.8181,632,0.49,0.8909,1,0.455,0.8272,1,0
IWM190927P152,2019-09-20,2019-09-20 09:33:42,0.46,0.8363,21,0.45,0.8181,632,0.49,0.8909,1,0.455,0.8272,1,0
IWM190927P152,2019-09-20,2019-09-20 09:33:43,0.46,0.8363,21,0.45,0.8181,632,0.49,0.8909,1,0.455,0.8272,1,0
IWM190927P152,2019-09-20,2019-09-20 09:33:43,0.46,0.8363,21,0.45,0.8181,610,0.49,0.8909,1,0.455,0.8272,1,0
IWM190927P152,2019-09-20,2019-09-20 09:33:44,0.46,0.8363,27,0.45,0.8181,610,0.49,0.8909,1,0.455,0.8272,1,0
IWM190927P152,2019-09-20,2019-09-20 09:33:45,0.46,0.8363,27,0.45,0.8181,594,0.49,0.8909,1,0.455,0.8272,1,0
IWM190927P152,2019-09-20,2019-09-20 09:33:45,0.46,0.8363,27,0.45,0.8181,613,0.49,0.8909,1,0.455,0.8272,1,0
IWM190927P152,2019-09-20,2019-09-20 09:33:46,0.46,0.8363,27,0.45,0.8181,633,0.49,0.8909,1,0.455,0.8272,1,0
IWM190927P152,2019-09-20,2019-09-20 09:33:47,0.47,0.8545,537,0.45,0.8181,659,0.49,0.8909,1,0.46,0.8363,1,0
IWM190927P152,2019-09-20,2019-09-20 09:33:48,0.46,0.8363,26,0.45,0.8181,617,0.49,0.8909,1,0.455,0.8272,1,0
IWM190927P152,2019-09-20,2019-09-20 09:33:48,0.46,0.8363,10,0.45,0.8181,642,0.49,0.8909,1,0.455,0.8272,1,0
IWM190927P152,2019-09-20,2019-09-20 09:33:49,0.47,0.8545,578,0.45,0.8181,645,0.49,0.8909,1,0.46,0.8363,1,0
IWM190927P152,2019-09-20,2019-09-20 09:33:50,0.47,0.8545,633,0.45,0.8181,657,0.49,0.8909,1,0.46,0.8363,1,0
IWM190927P152,2019-09-20,2019-09-20 09:33:50,0.47,0.8545,633,0.45,0.8181,626,0.49,0.8909,1,0.46,0.8363,1,0
IWM190927P152,2019-09-20,2019-09-20 09:33:51,0.47,0.8545,633,0.45,0.8181,626,0.49,0.8909,1,0.46,0.8363,1,0
IWM190927P152,2019-09-20,2019-09-20 09:33:52,0.47,0.8545,633,0.45,0.8181,649,0.49,0.8909,1,0.46,0.8363,1,0
IWM190927P152,2019-09-20,2019-09-20 09:33:53,0.46,0.8363,10,0.45,0.8181,649,0.49,0.8909,1,0.455,0.8272,1,0
IWM190927P152,2019-09-20,2019-09-20 09:33:53,0.47,0.8545,388,0.45,0.8181,649,0.49,0.8909,1,0.46,0.8363,1,0
IWM190927P152,2019-09-20,2019-09-20 09:33:54,0.47,0.8545,687,0.45,0.8181,651,0.49,0.8909,1,0.46,0.8363,1,0
IWM190927P152,2019-09-20,2019-09-20 09:33:54,0.47,0.8545,661,0.45,0.8181,663,0.49,0.8909,1,0.46,0.8363,1,0
IWM190927P152,2019-09-20,2019-09-20 09:33:55,0.47,0.8545,687,0.45,0.8181,722,0.49,0.8909,1,0.46,0.8363,1,0
IWM190927P152,2019-09-20,2019-09-20 09:33:55,0.47,0.8545,687,0.45,0.8181,635,0.49,0.8909,1,0.46,0.8363,1,0
IWM190927P152,2019-09-20,2019-09-20 09:33:56,0.47,0.8545,719,0.45,0.8181,642,0.49,0.8909,1,0.46,0.8363,1,0
IWM190927P152,2019-09-20,2019-09-20 09:33:56,0.47,0.8545,687,0.45,0.8181,722,0.49,0.8909,1,0.46,0.8363,1,0
IWM190927P152,2019-09-20,2019-09-20 09:33:57,0.47,0.8545,719,0.45,0.8181,642,0.49,0.8909,1,0.46,0.8363,1,0
IWM190927P152,2019-09-20,2019-09-20 09:33:57,0.47,0.8545,719,0.45,0.8181,727,0.49,0.8909,1,0.46,0.8363,1,0
IWM190927P152,2019-09-20,2019-09-20 09:33:58,0.47,0.8545,621,0.45,0.8181,727,0.49,0.8909,1,0.46,0.8363,1,0
IWM190927P152,2019-09-20,2019-09-20 09:33:59,0.47,0.8545,848,0.45,0.8181,445,0.49,0.8909,1,0.46,0.8363,1,0
IWM190927P152,2019-09-20,2019-09-20 09:33:59,0.47,0.8545,838,0.45,0.8181,432,0.49,0.8909,1,0.46,0.8363,1,0
IWM190927P152,2019-09-20,2019-09-20 09:34:00,0.46,0.8363,44,0.45,0.8181,445,0.49,0.8909,1,0.455,0.8272,1,0
IWM190927P152,2019-09-20,2019-09-20 09:34:00,0.46,0.8363,79,0.45,0.8181,445,0.49,0.8909,1,0.455,0.8272,1,0
IWM190927P152,2019-09-20,2019-09-20 09:34:01,0.46,0.8363,415,0.44,0.8,421,0.49,0.8909,1,0.45,0.8181,1,0
IWM190927P152,2019-09-20,2019-09-20 09:34:01,0.46,0.8363,442,0.44,0.8,399,0.49,0.8909,1,0.45,0.8181,1,0
IWM190927P152,2019-09-20,2019-09-20 09:34:02,0.46,0.8363,322,0.44,0.8,477,0.49,0.8909,1,0.45,0.8181,1,0
IWM190927P152,2019-09-20,2019-09-20 09:34:02,0.46,0.8363,349,0.44,0.8,801,0.49,0.8909,1,0.45,0.8181,1,0
IWM190927P152,2019-09-20,2019-09-20 09:34:03,0.46,0.8363,393,0.44,0.8,585,0.49,0.8909,1,0.45,0.8181,1,0
IWM190927P152,2019-09-20,2019-09-20 09:34:03,0.46,0.8363,349,0.44,0.8,585,0.49,0.8909,1,0.45,0.8181,1,0
IWM190927P152,2019-09-20,2019-09-20 09:34:04,0.46,0.8363,492,0.44,0.8,585,0.49,0.8909,1,0.45,0.8181,1,0
IWM190927P152,2019-09-20,2019-09-20 09:34:04,0.46,0.8363,491,0.44,0.8,585,0.49,0.8909,1,0.45,0.8181,1,0
IWM190927P152,2019-09-20,2019-09-20 09:34:05,0.46,0.8363,594,0.44,0.8,793,0.49,0.8909,1,0.45,0.8181,1,0
IWM190927P152,2019-09-20,2019-09-20 09:34:05,0.46,0.8363,297,0.44,0.8,793,0.49,0.8909,1,0.45,0.8181,1,0
IWM190927P152,2019-09-20,2019-09-20 09:34:06,0.45,0.8181,37,0.44,0.8,629,0.49,0.8909,1,0.445,0.809,1,0
IWM190927P152,2019-09-20,2019-09-20 09:34:06,0.46,0.8363,632,0.44,0.8,793,0.49,0.8909,1,0.45,0.8181,1,0
IWM190927P152,2019-09-20,2019-09-20 09:34:07,0.45,0.8181,298,0.44,0.8,75,0.49,0.8909,1,0.445,0.809,1,0
IWM190927P152,2019-09-20,2019-09-20 09:34:07,0.45,0.8181,157,0.44,0.8,81,0.49,0.8909,1,0.445,0.809,1,0
IWM190927P152,2019-09-20,2019-09-20 09:34:08,0.45,0.8181,298,0.44,0.8,75,0.49,0.8909,1,0.445,0.809,1,0
IWM190927P152,2019-09-20,2019-09-20 09:34:08,0.45,0.8181,36,0.44,0.8,66,0.49,0.8909,1,0.445,0.809,1,0
IWM190927P152,2019-09-20,2019-09-20 09:34:09,0.45,0.8181,40,0.44,0.8,53,0.49,0.8909,1,0.445,0.809,1,0
IWM190927P152,2019-09-20,2019-09-20 09:34:09,0.45,0.8181,43,0.44,0.8,25,0.49,0.8909,1,0.445,0.809,1,0
IWM190927P152,2019-09-20,2019-09-20 09:34:10,0.45,0.8181,49,0.44,0.8,28,0.49,0.8909,1,0.445,0.809,1,0
IWM190927P152,2019-09-20,2019-09-20 09:34:11,0.45,0.8181,30,0.44,0.8,59,0.49,0.8909,1,0.445,0.809,1,0
IWM190927P152,2019-09-20,2019-09-20 09:34:11,0.45,0.8181,30,0.44,0.8,77,0.49,0.8909,1,0.445,0.809,1,0
IWM190927P152,2019-09-20,2019-09-20 09:34:12,0.45,0.8181,30,0.44,0.8,49,0.49,0.8909,1,0.445,0.809,1,0
IWM190927P152,2019-09-20,2019-09-20 09:34:13,0.45,0.8181,30,0.44,0.8,49,0.49,0.8909,1,0.445,0.809,1,0
IWM190927P152,2019-09-20,2019-09-20 09:34:14,0.45,0.8181,30,0.44,0.8,660,0.49,0.8909,1,0.445,0.809,1,0
IWM190927P152,2019-09-20,2019-09-20 09:34:14,0.45,0.8181,27,0.44,0.8,495,0.49,0.8909,1,0.445,0.809,1,0
IWM190927P152,2019-09-20,2019-09-20 09:34:15,0.45,0.8181,141,0.44,0.8,78,0.49,0.8909,1,0.445,0.809,1,0
IWM190927P152,2019-09-20,2019-09-20 09:34:15,0.45,0.8181,249,0.44,0.8,81,0.49,0.8909,1,0.445,0.809,1,0
IWM190927P152,2019-09-20,2019-09-20 09:34:16,0.45,0.8181,27,0.44,0.8,141,0.49,0.8909,1,0.445,0.809,1,0
IWM190927P152,2019-09-20,2019-09-20 09:34:16,0.45,0.8181,210,0.44,0.8,94,0.49,0.8909,1,0.445,0.809,1,0
IWM190927P152,2019-09-20,2019-09-20 09:34:17,0.45,0.8181,322,0.44,0.8,78,0.49,0.8909,1,0.445,0.809,1,0
IWM190927P152,2019-09-20,2019-09-20 09:34:17,0.45,0.8181,322,0.44,0.8,94,0.49,0.8909,1,0.445,0.809,1,0
IWM190927P152,2019-09-20,2019-09-20 09:34:18,0.45,0.8181,351,0.44,0.8,78,0.49,0.8909,1,0.445,0.809,1,0
IWM190927P152,2019-09-20,2019-09-20 09:34:18,0.45,0.8181,89,0.44,0.8,78,0.49,0.8909,1,0.445,0.809,1,0
IWM190927P152,2019-09-20,2019-09-20 09:34:19,0.45,0.8181,441,0.43,0.7818,809,0.49,0.8909,1,0.44,0.8,1,0
IWM190927P152,2019-09-20,2019-09-20 09:34:19,0.45,0.8181,484,0.43,0.7818,814,0.49,0.8909,1,0.44,0.8,1,0
IWM190927P152,2019-09-20,2019-09-20 09:34:20,0.45,0.8181,438,0.43,0.7818,812,0.49,0.8909,1,0.44,0.8,1,0
IWM190927P152,2019-09-20,2019-09-20 09:34:20,0.45,0.8181,681,0.43,0.7818,924,0.49,0.8909,1,0.44,0.8,1,0
IWM190927P152,2019-09-20,2019-09-20 09:34:21,0.45,0.8181,663,0.43,0.7818,741,0.49,0.8909,1,0.44,0.8,1,0
IWM190927P152,2019-09-20,2019-09-20 09:34:21,0.45,0.8181,682,0.43,0.7818,735,0.49,0.8909,1,0.44,0.8,1,0
IWM190927P152,2019-09-20,2019-09-20 09:34:22,0.45,0.8181,663,0.43,0.7818,741,0.49,0.8909,1,0.44,0.8,1,0
IWM190927P152,2019-09-20,2019-09-20 09:34:22,0.45,0.8181,643,0.43,0.7818,741,0.49,0.8909,1,0.44,0.8,1,0
IWM190927P152,2019-09-20,2019-09-20 09:34:23,0.45,0.8181,677,0.43,0.7818,718,0.49,0.8909,1,0.44,0.8,1,0
IWM190927P152,2019-09-20,2019-09-20 09:34:23,0.45,0.8181,652,0.43,0.7818,739,0.49,0.8909,1,0.44,0.8,1,0
IWM190927P152,2019-09-20,2019-09-20 09:34:24,0.45,0.8181,677,0.43,0.7818,747,0.49,0.8909,1,0.44,0.8,1,0
IWM190927P152,2019-09-20,2019-09-20 09:34:24,0.45,0.8181,639,0.43,0.7818,747,0.49,0.8909,1,0.44,0.8,1,0
IWM190927P152,2019-09-20,2019-09-20 09:34:25,0.45,0.8181,779,0.43,0.7818,616,0.49,0.8909,1,0.44,0.8,1,0
IWM190927P152,2019-09-20,2019-09-20 09:34:25,0.45,0.8181,639,0.43,0.7818,747,0.49,0.8909,1,0.44,0.8,1,0
IWM190927P152,2019-09-20,2019-09-20 09:34:26,0.45,0.8181,724,0.43,0.7818,349,0.49,0.8909,1,0.44,0.8,1,0
IWM190927P152,2019-09-20,2019-09-20 09:34:26,0.45,0.8181,1025,0.43,0.7818,744,0.49,0.8909,1,0.44,0.8,1,0
IWM190927P152,2019-09-20,2019-09-20 09:34:27,0.45,0.8181,724,0.43,0.7818,520,0.49,0.8909,1,0.44,0.8,1,0
IWM190927P152,2019-09-20,2019-09-20 09:34:27,0.45,0.8181,761,0.43,0.7818,630,0.49,0.8909,1,0.44,0.8,1,0
IWM190927P152,2019-09-20,2019-09-20 09:34:28,0.44,0.8,21,0.43,0.7818,630,0.49,0.8909,1,0.435,0.7909,1,0
IWM190927P152,2019-09-20,2019-09-20 09:34:29,0.44,0.8,77,0.43,0.7818,630,0.49,0.8909,1,0.435,0.7909,1,0
IWM190927P152,2019-09-20,2019-09-20 09:34:29,0.44,0.8,31,0.43,0.7818,630,0.49,0.8909,1,0.435,0.7909,1,0
IWM190927P152,2019-09-20,2019-09-20 09:34:30,0.44,0.8,334,0.42,0.7636,886,0.49,0.8909,1,0.43,0.7818,1,0
IWM190927P152,2019-09-20,2019-09-20 09:34:30,0.44,0.8,334,0.43,0.7818,24,0.49,0.8909,1,0.435,0.7909,1,0
IWM190927P152,2019-09-20,2019-09-20 09:34:31,0.45,0.8181,186,0.43,0.7818,50,0.49,0.8909,1,0.44,0.8,1,0
IWM190927P152,2019-09-20,2019-09-20 09:34:31,0.45,0.8181,757,0.43,0.7818,128,0.49,0.8909,1,0.44,0.8,1,0
IWM190927P152,2019-09-20,2019-09-20 09:34:32,0.45,0.8181,757,0.43,0.7818,314,0.49,0.8909,1,0.44,0.8,1,0
IWM190927P152,2019-09-20,2019-09-20 09:34:32,0.44,0.8,10,0.43,0.7818,730,0.49,0.8909,1,0.435,0.7909,1,0
IWM190927P152,2019-09-20,2019-09-20 09:34:33,0.44,0.8,10,0.43,0.7818,758,0.49,0.8909,1,0.435,0.7909,1,0
IWM190927P152,2019-09-20,2019-09-20 09:34:34,0.44,0.8,10,0.43,0.7818,658,0.49,0.8909,1,0.435,0.7909,1,0
IWM190927P152,2019-09-20,2019-09-20 09:34:34,0.44,0.8,10,0.43,0.7818,638,0.49,0.8909,1,0.435,0.7909,1,0
IWM190927P152,2019-09-20,2019-09-20 09:34:35,0.44,0.8,10,0.43,0.7818,658,0.49,0.8909,1,0.435,0.7909,1,0
IWM190927P152,2019-09-20,2019-09-20 09:34:36,0.45,0.8181,36,0.43,0.7818,597,0.49,0.8909,1,0.44,0.8,1,0
IWM190927P152,2019-09-20,2019-09-20 09:34:36,0.45,0.8181,36,0.43,0.7818,511,0.49,0.8909,1,0.44,0.8,1,0
IWM190927P152,2019-09-20,2019-09-20 09:34:37,0.45,0.8181,51,0.43,0.7818,425,0.49,0.8909,1,0.44,0.8,1,0
IWM190927P152,2019-09-20,2019-09-20 09:34:37,0.45,0.8181,10,0.44,0.8,298,0.49,0.8909,1,0.445,0.809,1,0
IWM190927P152,2019-09-20,2019-09-20 09:34:38,0.46,0.8363,218,0.44,0.8,718,0.49,0.8909,1,0.45,0.8181,1,0
IWM190927P152,2019-09-20,2019-09-20 09:34:38,0.45,0.8181,10,0.44,0.8,578,0.49,0.8909,1,0.445,0.809,1,0
IWM190927P152,2019-09-20,2019-09-20 09:34:39,0.45,0.8181,10,0.44,0.8,608,0.49,0.8909,1,0.445,0.809,1,0
IWM190927P152,2019-09-20,2019-09-20 09:34:40,0.46,0.8363,143,0.44,0.8,413,0.49,0.8909,1,0.45,0.8181,1,0
IWM190927P152,2019-09-20,2019-09-20 09:34:40,0.45,0.8181,20,0.44,0.8,491,0.49,0.8909,1,0.445,0.809,1,0
IWM190927P152,2019-09-20,2019-09-20 09:34:41,0.46,0.8363,103,0.44,0.8,61,0.49,0.8909,1,0.45,0.8181,1,0
IWM190927P152,2019-09-20,2019-09-20 09:34:41,0.46,0.8363,93,0.44,0.8,61,0.49,0.8909,1,0.45,0.8181,1,0
IWM190927P152,2019-09-20,2019-09-20 09:34:42,0.46,0.8363,120,0.44,0.8,178,0.49,0.8909,1,0.45,0.8181,1,0
IWM190927P152,2019-09-20,2019-09-20 09:34:42,0.46,0.8363,130,0.44,0.8,176,0.49,0.8909,1,0.45,0.8181,1,0
IWM190927P152,2019-09-20,2019-09-20 09:34:43,0.46,0.8363,504,0.44,0.8,176,0.49,0.8909,1,0.45,0.8181,1,0
IWM190927P152,2019-09-20,2019-09-20 09:34:43,0.46,0.8363,161,0.44,0.8,176,0.49,0.8909,1,0.45,0.8181,1,0
IWM190927P152,2019-09-20,2019-09-20 09:34:44,0.46,0.8363,571,0.44,0.8,118,0.49,0.8909,1,0.45,0.8181,1,0
IWM190927P152,2019-09-20,2019-09-20 09:34:45,0.46,0.8363,561,0.44,0.8,168,0.49,0.8909,1,0.45,0.8181,1,0
IWM190927P152,2019-09-20,2019-09-20 09:34:45,0.46,0.8363,571,0.44,0.8,118,0.49,0.8909,1,0.45,0.8181,1,0
IWM190927P152,2019-09-20,2019-09-20 09:34:46,0.46,0.8363,561,0.44,0.8,173,0.49,0.8909,1,0.45,0.8181,1,0
IWM190927P152,2019-09-20,2019-09-20 09:34:46,0.46,0.8363,577,0.44,0.8,173,0.49,0.8909,1,0.45,0.8181,1,0
IWM190927P152,2019-09-20,2019-09-20 09:34:47,0.46,0.8363,652,0.44,0.8,131,0.49,0.8909,1,0.45,0.8181,1,0
IWM190927P152,2019-09-20,2019-09-20 09:34:47,0.46,0.8363,610,0.44,0.8,135,0.49,0.8909,1,0.45,0.8181,1,0
IWM190927P152,2019-09-20,2019-09-20 09:34:48,0.45,0.8181,426,0.43,0.7818,143,0.49,0.8909,1,0.44,0.8,1,0
IWM190927P152,2019-09-20,2019-09-20 09:34:48,0.46,0.8363,652,0.44,0.8,56,0.49,0.8909,1,0.45,0.8181,1,0
IWM190927P152,2019-09-20,2019-09-20 09:34:49,0.45,0.8181,470,0.43,0.7818,137,0.49,0.8909,1,0.44,0.8,1,0
IWM190927P152,2019-09-20,2019-09-20 09:34:49,0.45,0.8181,470,0.43,0.7818,158,0.49,0.8909,1,0.44,0.8,1,0
IWM190927P152,2019-09-20,2019-09-20 09:34:50,0.45,0.8181,492,0.43,0.7818,211,0.49,0.8909,1,0.44,0.8,1,0
IWM190927P152,2019-09-20,2019-09-20 09:34:50,0.45,0.8181,467,0.43,0.7818,211,0.49,0.8909,1,0.44,0.8,1,0
IWM190927P152,2019-09-20,2019-09-20 09:34:51,0.45,0.8181,507,0.43,0.7818,220,0.49,0.8909,1,0.44,0.8,1,0
IWM190927P152,2019-09-20,2019-09-20 09:34:51,0.45,0.8181,596,0.43,0.7818,203,0.49,0.8909,1,0.44,0.8,1,0
IWM190927P152,2019-09-20,2019-09-20 09:34:52,0.44,0.8,34,0.43,0.7818,167,0.49,0.8909,1,0.435,0.7909,1,0
IWM190927P152,2019-09-20,2019-09-20 09:34:52,0.45,0.8181,459,0.43,0.7818,167,0.49,0.8909,1,0.44,0.8,1,0
IWM190927P152,2019-09-20,2019-09-20 09:34:53,0.44,0.8,34,0.43,0.7818,242,0.49,0.8909,1,0.435,0.7909,1,0
IWM190927P152,2019-09-20,2019-09-20 09:34:54,0.44,0.8,29,0.43,0.7818,242,0.49,0.8909,1,0.435,0.7909,1,0
IWM190927P152,2019-09-20,2019-09-20 09:34:54,0.44,0.8,29,0.43,0.7818,156,0.49,0.8909,1,0.435,0.7909,1,0
IWM190927P152,2019-09-20,2019-09-20 09:34:55,0.44,0.8,51,0.42,0.7636,352,0.49,0.8909,1,0.43,0.7818,1,0
IWM190927P152,2019-09-20,2019-09-20 09:34:55,0.44,0.8,29,0.43,0.7818,72,0.49,0.8909,1,0.435,0.7909,1,0
IWM190927P152,2019-09-20,2019-09-20 09:34:56,0.44,0.8,34,0.42,0.7636,609,0.49,0.8909,1,0.43,0.7818,1,0
IWM190927P152,2019-09-20,2019-09-20 09:34:56,0.44,0.8,66,0.42,0.7636,614,0.49,0.8909,1,0.43,0.7818,1,0
IWM190927P152,2019-09-20,2019-09-20 09:34:57,0.44,0.8,89,0.42,0.7636,634,0.49,0.8909,1,0.43,0.7818,1,0
IWM190927P152,2019-09-20,2019-09-20 09:34:57,0.44,0.8,25,0.42,0.7636,634,0.49,0.8909,1,0.43,0.7818,1,0
IWM190927P152,2019-09-20,2019-09-20 09:34:58,0.44,0.8,29,0.42,0.7636,634,0.49,0.8909,1,0.43,0.7818,1,0
IWM190927P152,2019-09-20,2019-09-20 09:34:59,0.44,0.8,19,0.42,0.7636,496,0.49,0.8909,1,0.43,0.7818,1,0
IWM190927P152,2019-09-20,2019-09-20 09:34:59,0.44,0.8,19,0.42,0.7636,634,0.49,0.8909,1,0.43,0.7818,1,0
IWM190927P152,2019-09-20,2019-09-20 09:35:00,0.44,0.8,34,0.42,0.7636,790,0.49,0.8909,1,0.43,0.7818,1,0
IWM190927P152,2019-09-20,2019-09-20 09:35:01,0.44,0.8,34,0.42,0.7636,849,0.49,0.8909,1,0.43,0.7818,1,0
IWM190927P152,2019-09-20,2019-09-20 09:35:01,0.44,0.8,34,0.42,0.7636,872,0.49,0.8909,1,0.43,0.7818,1,0
IWM190927P152,2019-09-20,2019-09-20 09:35:02,0.44,0.8,36,0.42,0.7636,872,0.49,0.8909,1,0.43,0.7818,1,0
IWM190927P152,2019-09-20,2019-09-20 09:35:02,0.44,0.8,34,0.42,0.7636,872,0.49,0.8909,1,0.43,0.7818,1,0
IWM190927P152,2019-09-20,2019-09-20 09:35:03,0.44,0.8,34,0.42,0.7636,845,0.49,0.8909,1,0.43,0.7818,1,0
IWM190927P152,2019-09-20,2019-09-20 09:35:03,0.44,0.8,34,0.42,0.7636,964,0.49,0.8909,1,0.43,0.7818,1,0
IWM190927P152,2019-09-20,2019-09-20 09:35:04,0.44,0.8,34,0.42,0.7636,845,0.49,0.8909,1,0.43,0.7818,1,0
IWM190927P152,2019-09-20,2019-09-20 09:35:04,0.44,0.8,34,0.42,0.7636,835,0.49,0.8909,1,0.43,0.7818,1,0
IWM190927P152,2019-09-20,2019-09-20 09:35:05,0.44,0.8,11,0.42,0.7636,840,0.49,0.8909,1,0.43,0.7818,1,0
IWM190927P152,2019-09-20,2019-09-20 09:35:05,0.45,0.8181,18,0.43,0.7818,215,0.49,0.8909,1,0.44,0.8,1,0
IWM190927P152,2019-09-20,2019-09-20 09:35:06,0.46,0.8363,87,0.43,0.7818,442,0.49,0.8909,1,0.445,0.809,1,0
IWM190927P152,2019-09-20,2019-09-20 09:35:06,0.45,0.8181,10,0.43,0.7818,443,0.49,0.8909,1,0.44,0.8,1,0
IWM190927P152,2019-09-20,2019-09-20 09:35:07,0.45,0.8181,1,0.43,0.7818,442,0.49,0.8909,1,0.44,0.8,1,0
IWM190927P152,2019-09-20,2019-09-20 09:35:07,0.45,0.8181,1,0.43,0.7818,680,0.49,0.8909,1,0.44,0.8,1,0
IWM190927P152,2019-09-20,2019-09-20 09:35:08,0.45,0.8181,1,0.43,0.7818,553,0.49,0.8909,1,0.44,0.8,1,0
IWM190927P152,2019-09-20,2019-09-20 09:35:08,0.45,0.8181,20,0.43,0.7818,553,0.49,0.8909,1,0.44,0.8,1,0
IWM190927P152,2019-09-20,2019-09-20 09:35:09,0.45,0.8181,20,0.43,0.7818,961,0.49,0.8909,1,0.44,0.8,1,0
IWM190927P152,2019-09-20,2019-09-20 09:35:09,0.45,0.8181,20,0.43,0.7818,825,0.49,0.8909,1,0.44,0.8,1,0
IWM190927P152,2019-09-20,2019-09-20 09:35:10,0.45,0.8181,51,0.43,0.7818,924,0.49,0.8909,1,0.44,0.8,1,0
IWM190927P152,2019-09-20,2019-09-20 09:35:10,0.45,0.8181,33,0.43,0.7818,939,0.49,0.8909,1,0.44,0.8,1,0
IWM190927P152,2019-09-20,2019-09-20 09:35:11,0.45,0.8181,51,0.43,0.7818,924,0.49,0.8909,1,0.44,0.8,1,0
IWM190927P152,2019-09-20,2019-09-20 09:35:11,0.46,0.8363,115,0.43,0.7818,771,0.49,0.8909,1,0.445,0.809,1,0
IWM190927P152,2019-09-20,2019-09-20 09:35:12,0.46,0.8363,402,0.43,0.7818,811,0.49,0.8909,1,0.445,0.809,1,0
IWM190927P152,2019-09-20,2019-09-20 09:35:12,0.46,0.8363,402,0.43,0.7818,848,0.49,0.8909,1,0.445,0.809,1,0
IWM190927P152,2019-09-20,2019-09-20 09:35:13,0.45,0.8181,6,0.44,0.8,284,0.49,0.8909,1,0.445,0.809,1,0
IWM190927P152,2019-09-20,2019-09-20 09:35:13,0.46,0.8363,271,0.44,0.8,227,0.49,0.8909,1,0.45,0.8181,1,0
IWM190927P152,2019-09-20,2019-09-20 09:35:14,0.46,0.8363,455,0.44,0.8,296,0.49,0.8909,1,0.45,0.8181,1,0
IWM190927P152,2019-09-20,2019-09-20 09:35:15,0.46,0.8363,429,0.44,0.8,325,0.49,0.8909,1,0.45,0.8181,1,0
IWM190927P152,2019-09-20,2019-09-20 09:35:15,0.46,0.8363,453,0.44,0.8,296,0.49,0.8909,1,0.45,0.8181,1,0
IWM190927P152,2019-09-20,2019-09-20 09:35:16,0.46,0.8363,429,0.44,0.8,278,0.49,0.8909,1,0.45,0.8181,1,0
IWM190927P152,2019-09-20,2019-09-20 09:35:16,0.46,0.8363,459,0.44,0.8,413,0.49,0.8909,1,0.45,0.8181,1,0
IWM190927P152,2019-09-20,2019-09-20 09:35:17,0.46,0.8363,483,0.44,0.8,327,0.49,0.8909,1,0.45,0.8181,1,0
IWM190927P152,2019-09-20,2019-09-20 09:35:17,0.46,0.8363,459,0.44,0.8,295,0.49,0.8909,1,0.45,0.8181,1,0
IWM190927P152,2019-09-20,2019-09-20 09:35:18,0.46,0.8363,421,0.44,0.8,435,0.49,0.8909,1,0.45,0.8181,1,0
IWM190927P152,2019-09-20,2019-09-20 09:35:19,0.46,0.8363,303,0.44,0.8,468,0.49,0.8909,1,0.45,0.8181,1,0
IWM190927P152,2019-09-20,2019-09-20 09:35:19,0.46,0.8363,460,0.44,0.8,304,0.49,0.8909,1,0.45,0.8181,1,0
IWM190927P152,2019-09-20,2019-09-20 09:35:20,0.45,0.8181,35,0.44,0.8,422,0.49,0.8909,1,0.445,0.809,1,0
IWM190927P152,2019-09-20,2019-09-20 09:35:20,0.46,0.8363,452,0.44,0.8,455,0.49,0.8909,1,0.45,0.8181,1,0
IWM190927P152,2019-09-20,2019-09-20 09:35:21,0.45,0.8181,35,0.44,0.8,369,0.49,0.8909,1,0.445,0.809,1,0
IWM190927P152,2019-09-20,2019-09-20 09:35:21,0.45,0.8181,35,0.44,0.8,386,0.49,0.8909,1,0.445,0.809,1,0
IWM190927P152,2019-09-20,2019-09-20 09:35:22,0.45,0.8181,35,0.44,0.8,248,0.49,0.8909,1,0.445,0.809,1,0
IWM190927P152,2019-09-20,2019-09-20 09:35:22,0.45,0.8181,35,0.44,0.8,326,0.49,0.8909,1,0.445,0.809,1,0
IWM190927P152,2019-09-20,2019-09-20 09:35:23,0.45,0.8181,50,0.44,0.8,326,0.49,0.8909,1,0.445,0.809,1,0
IWM190927P152,2019-09-20,2019-09-20 09:35:24,0.45,0.8181,20,0.44,0.8,248,0.49,0.8909,1,0.445,0.809,1,0
IWM190927P152,2019-09-20,2019-09-20 09:35:24,0.45,0.8181,50,0.44,0.8,326,0.49,0.8909,1,0.445,0.809,1,0
IWM190927P152,2019-09-20,2019-09-20 09:35:25,0.45,0.8181,35,0.44,0.8,307,0.49,0.8909,1,0.445,0.809,1,0
IWM190927P152,2019-09-20,2019-09-20 09:35:25,0.45,0.8181,20,0.44,0.8,248,0.49,0.8909,1,0.445,0.809,1,0
IWM190927P152,2019-09-20,2019-09-20 09:35:26,0.45,0.8181,50,0.44,0.8,307,0.49,0.8909,1,0.445,0.809,1,0
IWM190927P152,2019-09-20,2019-09-20 09:35:27,0.45,0.8181,50,0.44,0.8,307,0.49,0.8909,1,0.445,0.809,1,0
IWM190927P152,2019-09-20,2019-09-20 09:35:28,0.45,0.8181,50,0.44,0.8,261,0.49,0.8909,1,0.445,0.809,1,0
IWM190927P152,2019-09-20,2019-09-20 09:35:28,0.45,0.8181,50,0.44,0.8,203,0.49,0.8909,1,0.445,0.809,1,0
IWM190927P152,2019-09-20,2019-09-20 09:35:29,0.45,0.8181,62,0.44,0.8,217,0.49,0.8909,1,0.445,0.809,1,0
IWM190927P152,2019-09-20,2019-09-20 09:35:29,0.45,0.8181,62,0.44,0.8,185,0.49,0.8909,1,0.445,0.809,1,0
IWM190927P152,2019-09-20,2019-09-20 09:35:30,0.45,0.8181,62,0.44,0.8,224,0.49,0.8909,1,0.445,0.809,1,0
IWM190927P152,2019-09-20,2019-09-20 09:35:30,0.45,0.8181,62,0.44,0.8,185,0.49,0.8909,1,0.445,0.809,1,0
IWM190927P152,2019-09-20,2019-09-20 09:35:31,0.45,0.8181,62,0.44,0.8,224,0.49,0.8909,1,0.445,0.809,1,0
IWM190927P152,2019-09-20,2019-09-20 09:35:31,0.45,0.8181,52,0.44,0.8,224,0.49,0.8909,1,0.445,0.809,1,0
IWM190927P152,2019-09-20,2019-09-20 09:35:32,0.45,0.8181,42,0.44,0.8,224,0.49,0.8909,1,0.445,0.809,1,0
IWM190927P152,2019-09-20,2019-09-20 09:35:32,0.45,0.8181,42,0.44,0.8,185,0.49,0.8909,1,0.445,0.809,1,0
IWM190927P152,2019-09-20,2019-09-20 09:35:33,0.45,0.8181,42,0.44,0.8,185,0.49,0.8909,1,0.445,0.809,1,0
IWM190927P152,2019-09-20,2019-09-20 09:35:34,0.45,0.8181,42,0.44,0.8,185,0.49,0.8909,1,0.445,0.809,1,0
IWM190927P152,2019-09-20,2019-09-20 09:35:34,0.45,0.8181,34,0.44,0.8,185,0.49,0.8909,1,0.445,0.809,1,0
IWM190927P152,2019-09-20,2019-09-20 09:35:35,0.46,0.8363,431,0.44,0.8,230,0.49,0.8909,1,0.45,0.8181,1,0
IWM190927P152,2019-09-20,2019-09-20 09:35:35,0.46,0.8363,662,0.44,0.8,275,0.49,0.8909,1,0.45,0.8181,1,0
IWM190927P152,2019-09-20,2019-09-20 09:35:36,0.46,0.8363,897,0.44,0.8,300,0.49,0.8909,1,0.45,0.8181,1,0
IWM190927P152,2019-09-20,2019-09-20 09:35:36,0.46,0.8363,662,0.44,0.8,253,0.49,0.8909,1,0.45,0.8181,1,0
IWM190927P152,2019-09-20,2019-09-20 09:35:37,0.46,0.8363,897,0.44,0.8,300,0.49,0.8909,1,0.45,0.8181,1,0
IWM190927P152,2019-09-20,2019-09-20 09:35:37,0.46,0.8363,897,0.44,0.8,302,0.49,0.8909,1,0.45,0.8181,1,0
IWM190927P152,2019-09-20,2019-09-20 09:35:38,0.46,0.8363,74,0.44,0.8,446,0.49,0.8909,1,0.45,0.8181,1,0
IWM190927P152,2019-09-20,2019-09-20 09:35:38,0.46,0.8363,897,0.44,0.8,280,0.49,0.8909,1,0.45,0.8181,1,0
IWM190927P152,2019-09-20,2019-09-20 09:35:39,0.46,0.8363,181,0.44,0.8,774,0.49,0.8909,1,0.45,0.8181,1,0
IWM190927P152,2019-09-20,2019-09-20 09:35:39,0.46,0.8363,218,0.44,0.8,767,0.49,0.8909,1,0.45,0.8181,1,0
IWM190927P152,2019-09-20,2019-09-20 09:35:40,0.46,0.8363,287,0.44,0.8,729,0.49,0.8909,1,0.45,0.8181,1,0
IWM190927P152,2019-09-20,2019-09-20 09:35:40,0.46,0.8363,56,0.44,0.8,755,0.49,0.8909,1,0.45,0.8181,1,0
IWM190927P152,2019-09-20,2019-09-20 09:35:41,0.46,0.8363,287,0.44,0.8,745,0.49,0.8909,1,0.45,0.8181,1,0
IWM190927P152,2019-09-20,2019-09-20 09:35:42,0.46,0.8363,16,0.44,0.8,907,0.49,0.8909,1,0.45,0.8181,1,0
IWM190927P152,2019-09-20,2019-09-20 09:35:42,0.46,0.8363,16,0.44,0.8,971,0.49,0.8909,1,0.45,0.8181,1,0
IWM190927P152,2019-09-20,2019-09-20 09:35:43,0.46,0.8363,16,0.44,0.8,971,0.49,0.8909,1,0.45,0.8181,1,0
IWM190927P152,2019-09-20,2019-09-20 09:35:44,0.46,0.8363,16,0.44,0.8,1058,0.49,0.8909,1,0.45,0.8181,1,0
IWM190927P152,2019-09-20,2019-09-20 09:35:44,0.46,0.8363,35,0.44,0.8,1058,0.49,0.8909,1,0.45,0.8181,1,0
IWM190927P152,2019-09-20,2019-09-20 09:35:45,0.46,0.8363,56,0.44,0.8,907,0.49,0.8909,1,0.45,0.8181,1,0
IWM190927P152,2019-09-20,2019-09-20 09:35:45,0.46,0.8363,56,0.44,0.8,1058,0.49,0.8909,1,0.45,0.8181,1,0
IWM190927P152,2019-09-20,2019-09-20 09:35:46,0.47,0.8545,61,0.44,0.8,649,0.49,0.8909,1,0.455,0.8272,1,0
IWM190927P152,2019-09-20,2019-09-20 09:35:46,0.47,0.8545,61,0.44,0.8,858,0.49,0.8909,1,0.455,0.8272,1,0
IWM190927P152,2019-09-20,2019-09-20 09:35:47,0.46,0.8363,4,0.45,0.8181,747,0.49,0.8909,1,0.455,0.8272,1,0
IWM190927P152,2019-09-20,2019-09-20 09:35:47,0.46,0.8363,4,0.44,0.8,1302,0.49,0.8909,1,0.45,0.8181,1,0
IWM190927P152,2019-09-20,2019-09-20 09:35:48,0.47,0.8545,34,0.45,0.8181,50,0.49,0.8909,1,0.46,0.8363,1,0
IWM190927P152,2019-09-20,2019-09-20 09:35:48,0.47,0.8545,34,0.44,0.8,325,0.49,0.8909,1,0.455,0.8272,1,0
IWM190927P152,2019-09-20,2019-09-20 09:35:49,0.46,0.8363,56,0.45,0.8181,294,0.49,0.8909,1,0.455,0.8272,1,0
IWM190927P152,2019-09-20,2019-09-20 09:35:49,0.46,0.8363,12,0.45,0.8181,57,0.49,0.8909,1,0.455,0.8272,1,0
IWM190927P152,2019-09-20,2019-09-20 09:35:50,0.46,0.8363,56,0.45,0.8181,84,0.49,0.8909,1,0.455,0.8272,1,0
IWM190927P152,2019-09-20,2019-09-20 09:35:51,0.46,0.8363,56,0.45,0.8181,412,0.49,0.8909,1,0.455,0.8272,1,0
IWM190927P152,2019-09-20,2019-09-20 09:35:51,0.47,0.8545,111,0.45,0.8181,622,0.49,0.8909,1,0.46,0.8363,1,0
IWM190927P152,2019-09-20,2019-09-20 09:35:52,0.47,0.8545,109,0.45,0.8181,645,0.49,0.8909,1,0.46,0.8363,1,0
IWM190927P152,2019-09-20,2019-09-20 09:35:52,0.47,0.8545,109,0.45,0.8181,671,0.49,0.8909,1,0.46,0.8363,1,0
IWM190927P152,2019-09-20,2019-09-20 09:35:53,0.47,0.8545,109,0.45,0.8181,656,0.49,0.8909,1,0.46,0.8363,1,0
IWM190927P152,2019-09-20,2019-09-20 09:35:53,0.47,0.8545,109,0.45,0.8181,640,0.49,0.8909,1,0.46,0.8363,1,0
IWM190927P152,2019-09-20,2019-09-20 09:35:54,0.47,0.8545,37,0.45,0.8181,304,0.49,0.8909,1,0.46,0.8363,1,0
IWM190927P152,2019-09-20,2019-09-20 09:35:55,0.47,0.8545,39,0.45,0.8181,808,0.49,0.8909,1,0.46,0.8363,1,0
IWM190927P152,2019-09-20,2019-09-20 09:35:55,0.47,0.8545,39,0.45,0.8181,824,0.49,0.8909,1,0.46,0.8363,1,0
IWM190927P152,2019-09-20,2019-09-20 09:35:56,0.46,0.8363,12,0.45,0.8181,808,0.49,0.8909,1,0.455,0.8272,1,0
IWM190927P152,2019-09-20,2019-09-20 09:35:57,0.46,0.8363,12,0.45,0.8181,698,0.49,0.8909,1,0.455,0.8272,1,0
IWM190927P152,2019-09-20,2019-09-20 09:35:58,0.46,0.8363,323,0.44,0.8,234,0.49,0.8909,1,0.45,0.8181,1,0
IWM190927P152,2019-09-20,2019-09-20 09:35:58,0.46,0.8363,34,0.45,0.8181,60,0.49,0.8909,1,0.455,0.8272,1,0
IWM190927P152,2019-09-20,2019-09-20 09:35:59,0.46,0.8363,132,0.44,0.8,744,0.49,0.8909,1,0.45,0.8181,1,0
IWM190927P152,2019-09-20,2019-09-20 09:35:59,0.46,0.8363,132,0.44,0.8,812,0.49,0.8909,1,0.45,0.8181,1,0
IWM190927P152,2019-09-20,2019-09-20 09:36:00,0.45,0.8181,15,0.44,0.8,696,0.49,0.8909,1,0.445,0.809,1,0
IWM190927P152,2019-09-20,2019-09-20 09:36:00,0.46,0.8363,234,0.44,0.8,696,0.49,0.8909,1,0.45,0.8181,1,0
IWM190927P152,2019-09-20,2019-09-20 09:36:01,0.45,0.8181,38,0.44,0.8,705,0.49,0.8909,1,0.445,0.809,1,0
IWM190927P152,2019-09-20,2019-09-20 09:36:02,0.45,0.8181,20,0.44,0.8,723,0.49,0.8909,1,0.445,0.809,1,0
IWM190927P152,2019-09-20,2019-09-20 09:36:02,0.45,0.8181,20,0.44,0.8,642,0.49,0.8909,1,0.445,0.809,1,0
IWM190927P152,2019-09-20,2019-09-20 09:36:03,0.45,0.8181,28,0.44,0.8,633,0.49,0.8909,1,0.445,0.809,1,0
IWM190927P152,2019-09-20,2019-09-20 09:36:03,0.45,0.8181,28,0.44,0.8,699,0.49,0.8909,1,0.445,0.809,1,0
IWM190927P152,2019-09-20,2019-09-20 09:36:04,0.45,0.8181,28,0.44,0.8,663,0.49,0.8909,1,0.445,0.809,1,0
IWM190927P152,2019-09-20,2019-09-20 09:36:04,0.45,0.8181,28,0.44,0.8,720,0.49,0.8909,1,0.445,0.809,1,0
IWM190927P152,2019-09-20,2019-09-20 09:36:05,0.45,0.8181,28,0.44,0.8,677,0.49,0.8909,1,0.445,0.809,1,0
IWM190927P152,2019-09-20,2019-09-20 09:36:05,0.45,0.8181,28,0.44,0.8,728,0.49,0.8909,1,0.445,0.809,1,0
IWM190927P152,2019-09-20,2019-09-20 09:36:06,0.46,0.8363,15,0.44,0.8,908,0.49,0.8909,1,0.45,0.8181,1,0
IWM190927P152,2019-09-20,2019-09-20 09:36:06,0.45,0.8181,8,0.44,0.8,908,0.49,0.8909,1,0.445,0.809,1,0
IWM190927P152,2019-09-20,2019-09-20 09:36:07,0.46,0.8363,75,0.45,0.8181,75,0.49,0.8909,1,0.455,0.8272,1,0
IWM190927P152,2019-09-20,2019-09-20 09:36:07,0.46,0.8363,15,0.45,0.8181,121,0.49,0.8909,1,0.455,0.8272,1,0
IWM190927P152,2019-09-20,2019-09-20 09:36:08,0.46,0.8363,187,0.44,0.8,722,0.49,0.8909,1,0.45,0.8181,1,0
IWM190927P152,2019-09-20,2019-09-20 09:36:08,0.46,0.8363,138,0.44,0.8,734,0.49,0.8909,1,0.45,0.8181,1,0
IWM190927P152,2019-09-20,2019-09-20 09:36:09,0.46,0.8363,249,0.44,0.8,707,0.49,0.8909,1,0.45,0.8181,1,0
IWM190927P152,2019-09-20,2019-09-20 09:36:09,0.46,0.8363,249,0.44,0.8,723,0.49,0.8909,1,0.45,0.8181,1,0
IWM190927P152,2019-09-20,2019-09-20 09:36:10,0.46,0.8363,269,0.44,0.8,733,0.49,0.8909,1,0.45,0.8181,1,0
IWM190927P152,2019-09-20,2019-09-20 09:36:10,0.46,0.8363,279,0.44,0.8,723,0.49,0.8909,1,0.45,0.8181,1,0
IWM190927P152,2019-09-20,2019-09-20 09:36:11,0.45,0.8181,23,0.44,0.8,733,0.49,0.8909,1,0.445,0.809,1,0
IWM190927P152,2019-09-20,2019-09-20 09:36:12,0.46,0.8363,117,0.44,0.8,980,0.49,0.8909,1,0.45,0.8181,1,0
IWM190927P152,2019-09-20,2019-09-20 09:36:12,0.46,0.8363,142,0.44,0.8,1205,0.49,0.8909,1,0.45,0.8181,1,0
IWM190927P152,2019-09-20,2019-09-20 09:36:13,0.46,0.8363,142,0.44,0.8,1205,0.49,0.8909,1,0.45,0.8181,1,0
IWM190927P152,2019-09-20,2019-09-20 09:36:14,0.46,0.8363,19,0.45,0.8181,145,0.49,0.8909,1,0.455,0.8272,1,0
IWM190927P152,2019-09-20,2019-09-20 09:36:14,0.46,0.8363,88,0.44,0.8,1168,0.49,0.8909,1,0.45,0.8181,1,0
IWM190927P152,2019-09-20,2019-09-20 09:36:15,0.46,0.8363,38,0.45,0.8181,176,0.49,0.8909,1,0.455,0.8272,1,0
IWM190927P152,2019-09-20,2019-09-20 09:36:15,0.46,0.8363,38,0.45,0.8181,515,0.49,0.8909,1,0.455,0.8272,1,0
IWM190927P152,2019-09-20,2019-09-20 09:36:16,0.46,0.8363,54,0.45,0.8181,310,0.49,0.8909,1,0.455,0.8272,1,0
IWM190927P152,2019-09-20,2019-09-20 09:36:17,0.46,0.8363,54,0.45,0.8181,420,0.49,0.8909,1,0.455,0.8272,1,0
IWM190927P152,2019-09-20,2019-09-20 09:36:18,0.46,0.8363,54,0.45,0.8181,431,0.49,0.8909,1,0.455,0.8272,1,0
IWM190927P152,2019-09-20,2019-09-20 09:36:18,0.46,0.8363,38,0.45,0.8181,418,0.49,0.8909,1,0.455,0.8272,1,0
IWM190927P152,2019-09-20,2019-09-20 09:36:19,0.46,0.8363,54,0.45,0.8181,361,0.49,0.8909,1,0.455,0.8272,1,0
IWM190927P152,2019-09-20,2019-09-20 09:36:20,0.47,0.8545,28,0.45,0.8181,361,0.49,0.8909,1,0.46,0.8363,1,0
IWM190927P152,2019-09-20,2019-09-20 09:36:20,0.47,0.8545,69,0.45,0.8181,499,0.49,0.8909,1,0.46,0.8363,1,0
IWM190927P152,2019-09-20,2019-09-20 09:36:21,0.47,0.8545,70,0.45,0.8181,380,0.49,0.8909,1,0.46,0.8363,1,0
IWM190927P152,2019-09-20,2019-09-20 09:36:21,0.47,0.8545,94,0.45,0.8181,621,0.49,0.8909,1,0.46,0.8363,1,0
IWM190927P152,2019-09-20,2019-09-20 09:36:22,0.47,0.8545,94,0.45,0.8181,443,0.49,0.8909,1,0.46,0.8363,1,0
IWM190927P152,2019-09-20,2019-09-20 09:36:22,0.47,0.8545,94,0.45,0.8181,488,0.49,0.8909,1,0.46,0.8363,1,0
IWM190927P152,2019-09-20,2019-09-20 09:36:23,0.47,0.8545,219,0.45,0.8181,488,0.49,0.8909,1,0.46,0.8363,1,0
IWM190927P152,2019-09-20,2019-09-20 09:36:24,0.47,0.8545,77,0.45,0.8181,699,0.49,0.8909,1,0.46,0.8363,1,0
IWM190927P152,2019-09-20,2019-09-20 09:36:24,0.47,0.8545,77,0.45,0.8181,734,0.49,0.8909,1,0.46,0.8363,1,0
IWM190927P152,2019-09-20,2019-09-20 09:36:25,0.47,0.8545,77,0.45,0.8181,949,0.49,0.8909,1,0.46,0.8363,1,0
IWM190927P152,2019-09-20,2019-09-20 09:36:25,0.47,0.8545,169,0.45,0.8181,734,0.49,0.8909,1,0.46,0.8363,1,0
IWM190927P152,2019-09-20,2019-09-20 09:36:26,0.47,0.8545,77,0.45,0.8181,949,0.49,0.8909,1,0.46,0.8363,1,0
IWM190927P152,2019-09-20,2019-09-20 09:36:26,0.47,0.8545,77,0.45,0.8181,1084,0.49,0.8909,1,0.46,0.8363,1,0
IWM190927P152,2019-09-20,2019-09-20 09:36:27,0.47,0.8545,77,0.46,0.8363,70,0.49,0.8909,1,0.465,0.8454,1,0
IWM190927P152,2019-09-20,2019-09-20 09:36:27,0.47,0.8545,7,0.46,0.8363,254,0.49,0.8909,1,0.465,0.8454,1,0
IWM190927P152,2019-09-20,2019-09-20 09:36:28,0.48,0.8727,40,0.46,0.8363,636,0.49,0.8909,1,0.47,0.8545,1,0
IWM190927P152,2019-09-20,2019-09-20 09:36:28,0.48,0.8727,40,0.46,0.8363,747,0.49,0.8909,1,0.47,0.8545,1,0
IWM190927P152,2019-09-20,2019-09-20 09:36:29,0.48,0.8727,59,0.46,0.8363,1063,0.49,0.8909,1,0.47,0.8545,1,0
IWM190927P152,2019-09-20,2019-09-20 09:36:29,0.48,0.8727,39,0.46,0.8363,1063,0.49,0.8909,1,0.47,0.8545,1,0
IWM190927P152,2019-09-20,2019-09-20 09:36:30,0.48,0.8727,59,0.47,0.8545,81,0.49,0.8909,1,0.475,0.8636,1,0
IWM190927P152,2019-09-20,2019-09-20 09:36:30,0.48,0.8727,27,0.47,0.8545,107,0.49,0.8909,1,0.475,0.8636,1,0
IWM190927P152,2019-09-20,2019-09-20 09:36:31,0.48,0.8727,13,0.47,0.8545,78,0.49,0.8909,1,0.475,0.8636,1,0
IWM190927P152,2019-09-20,2019-09-20 09:36:31,0.48,0.8727,13,0.47,0.8545,98,0.49,0.8909,1,0.475,0.8636,1,0
IWM190927P152,2019-09-20,2019-09-20 09:36:32,0.48,0.8727,56,0.47,0.8545,50,0.49,0.8909,1,0.475,0.8636,1,0
IWM190927P152,2019-09-20,2019-09-20 09:36:32,0.48,0.8727,21,0.47,0.8545,38,0.49,0.8909,1,0.475,0.8636,1,0
IWM190927P152,2019-09-20,2019-09-20 09:36:33,0.48,0.8727,36,0.47,0.8545,70,0.49,0.8909,1,0.475,0.8636,1,0
IWM190927P152,2019-09-20,2019-09-20 09:36:33,0.48,0.8727,36,0.47,0.8545,316,0.49,0.8909,1,0.475,0.8636,1,0
IWM190927P152,2019-09-20,2019-09-20 09:36:34,0.48,0.8727,11,0.47,0.8545,870,0.49,0.8909,1,0.475,0.8636,1,0
IWM190927P152,2019-09-20,2019-09-20 09:36:35,0.49,0.8909,47,0.47,0.8545,454,0.49,0.8909,1,0.48,0.8727,1,0
IWM190927P152,2019-09-20,2019-09-20 09:36:35,0.49,0.8909,47,0.48,0.8727,26,0.49,0.8909,1,0.485,0.8818,1,0
IWM190927P152,2019-09-20,2019-09-20 09:36:36,0.49,0.8909,47,0.48,0.8727,55,0.49,0.8909,1,0.485,0.8818,1,0
IWM190927P152,2019-09-20,2019-09-20 09:36:36,0.49,0.8909,47,0.48,0.8727,40,0.49,0.8909,1,0.485,0.8818,1,0
IWM190927P152,2019-09-20,2019-09-20 09:36:37,0.49,0.8909,81,0.48,0.8727,19,0.49,0.8909,1,0.485,0.8818,1,0
IWM190927P152,2019-09-20,2019-09-20 09:36:37,0.49,0.8909,56,0.48,0.8727,19,0.49,0.8909,1,0.485,0.8818,1,0
IWM190927P152,2019-09-20,2019-09-20 09:36:38,0.49,0.8909,56,0.48,0.8727,50,0.49,0.8909,1,0.485,0.8818,1,0
IWM190927P152,2019-09-20,2019-09-20 09:36:38,0.49,0.8909,56,0.48,0.8727,41,0.49,0.8909,1,0.485,0.8818,1,0
IWM190927P152,2019-09-20,2019-09-20 09:36:39,0.49,0.8909,56,0.48,0.8727,40,0.49,0.8909,1,0.485,0.8818,1,0
IWM190927P152,2019-09-20,2019-09-20 09:36:39,0.49,0.8909,56,0.48,0.8727,50,0.49,0.8909,1,0.485,0.8818,1,0
IWM190927P152,2019-09-20,2019-09-20 09:36:40,0.49,0.8909,81,0.48,0.8727,53,0.49,0.8909,1,0.485,0.8818,1,0
IWM190927P152,2019-09-20,2019-09-20 09:36:40,0.49,0.8909,81,0.48,0.8727,180,0.49,0.8909,1,0.485,0.8818,1,0
IWM190927P152,2019-09-20,2019-09-20 09:36:41,0.49,0.8909,62,0.48,0.8727,200,0.49,0.8909,1,0.485,0.8818,1,0
IWM190927P152,2019-09-20,2019-09-20 09:36:41,0.49,0.8909,62,0.48,0.8727,270,0.49,0.8909,1,0.485,0.8818,1,0
IWM190927P152,2019-09-20,2019-09-20 09:36:42,0.48,0.8727,11,0.47,0.8545,148,0.49,0.8909,1,0.475,0.8636,1,0
IWM190927P152,2019-09-20,2019-09-20 09:36:42,0.48,0.8727,11,0.48,0.8727,69,0.49,0.8909,1,0.48,0.8727,1,0
IWM190927P152,2019-09-20,2019-09-20 09:36:43,0.48,0.8727,72,0.47,0.8545,95,0.49,0.8909,1,0.475,0.8636,1,0
IWM190927P152,2019-09-20,2019-09-20 09:36:44,0.48,0.8727,216,0.47,0.8545,16,0.49,0.8909,1,0.475,0.8636,1,0
IWM190927P152,2019-09-20,2019-09-20 09:36:44,0.48,0.8727,219,0.47,0.8545,59,0.49,0.8909,1,0.475,0.8636,1,0
IWM190927P152,2019-09-20,2019-09-20 09:36:45,0.48,0.8727,152,0.47,0.8545,26,0.49,0.8909,1,0.475,0.8636,1,0
IWM190927P152,2019-09-20,2019-09-20 09:36:45,0.48,0.8727,388,0.46,0.8363,188,0.49,0.8909,1,0.47,0.8545,1,0
IWM190927P152,2019-09-20,2019-09-20 09:36:46,0.48,0.8727,215,0.47,0.8545,34,0.49,0.8909,1,0.475,0.8636,1,0
IWM190927P152,2019-09-20,2019-09-20 09:36:46,0.48,0.8727,264,0.46,0.8363,184,0.49,0.8909,1,0.47,0.8545,1,0
IWM190927P152,2019-09-20,2019-09-20 09:36:47,0.48,0.8727,415,0.46,0.8363,353,0.49,0.8909,1,0.47,0.8545,1,0
IWM190927P152,2019-09-20,2019-09-20 09:36:47,0.48,0.8727,580,0.46,0.8363,334,0.49,0.8909,1,0.47,0.8545,1,0
IWM190927P152,2019-09-20,2019-09-20 09:36:48,0.48,0.8727,719,0.46,0.8363,153,0.49,0.8909,1,0.47,0.8545,1,0
IWM190927P152,2019-09-20,2019-09-20 09:36:49,0.47,0.8545,39,0.46,0.8363,59,0.49,0.8909,1,0.465,0.8454,1,0
IWM190927P152,2019-09-20,2019-09-20 09:36:49,0.48,0.8727,540,0.46,0.8363,168,0.49,0.8909,1,0.47,0.8545,1,0
IWM190927P152,2019-09-20,2019-09-20 09:36:50,0.47,0.8545,39,0.46,0.8363,49,0.49,0.8909,1,0.465,0.8454,1,0
IWM190927P152,2019-09-20,2019-09-20 09:36:50,0.47,0.8545,59,0.46,0.8363,49,0.49,0.8909,1,0.465,0.8454,1,0
IWM190927P152,2019-09-20,2019-09-20 09:36:51,0.47,0.8545,20,0.46,0.8363,338,0.49,0.8909,1,0.465,0.8454,1,0
IWM190927P152,2019-09-20,2019-09-20 09:36:51,0.47,0.8545,20,0.46,0.8363,49,0.49,0.8909,1,0.465,0.8454,1,0
IWM190927P152,2019-09-20,2019-09-20 09:36:52,0.48,0.8727,40,0.47,0.8545,26,0.49,0.8909,1,0.475,0.8636,1,0
IWM190927P152,2019-09-20,2019-09-20 09:36:52,0.48,0.8727,99,0.46,0.8363,338,0.49,0.8909,1,0.47,0.8545,1,0
IWM190927P152,2019-09-20,2019-09-20 09:36:53,0.48,0.8727,382,0.46,0.8363,336,0.49,0.8909,1,0.47,0.8545,1,0
IWM190927P152,2019-09-20,2019-09-20 09:36:53,0.48,0.8727,424,0.46,0.8363,321,0.49,0.8909,1,0.47,0.8545,1,0
IWM190927P152,2019-09-20,2019-09-20 09:36:54,0.47,0.8545,41,0.46,0.8363,53,0.49,0.8909,1,0.465,0.8454,1,0
IWM190927P152,2019-09-20,2019-09-20 09:36:54,0.48,0.8727,578,0.46,0.8363,299,0.49,0.8909,1,0.47,0.8545,1,0
IWM190927P152,2019-09-20,2019-09-20 09:36:55,0.47,0.8545,41,0.46,0.8363,230,0.49,0.8909,1,0.465,0.8454,1,0
IWM190927P152,2019-09-20,2019-09-20 09:36:55,0.47,0.8545,41,0.46,0.8363,70,0.49,0.8909,1,0.465,0.8454,1,0
IWM190927P152,2019-09-20,2019-09-20 09:36:56,0.47,0.8545,41,0.46,0.8363,181,0.49,0.8909,1,0.465,0.8454,1,0
IWM190927P152,2019-09-20,2019-09-20 09:36:56,0.47,0.8545,41,0.46,0.8363,315,0.49,0.8909,1,0.465,0.8454,1,0
IWM190927P152,2019-09-20,2019-09-20 09:36:57,0.47,0.8545,41,0.46,0.8363,104,0.49,0.8909,1,0.465,0.8454,1,0
IWM190927P152,2019-09-20,2019-09-20 09:36:57,0.47,0.8545,18,0.46,0.8363,56,0.49,0.8909,1,0.465,0.8454,1,0
IWM190927P152,2019-09-20,2019-09-20 09:36:58,0.47,0.8545,21,0.46,0.8363,40,0.49,0.8909,1,0.465,0.8454,1,0
IWM190927P152,2019-09-20,2019-09-20 09:36:59,0.47,0.8545,98,0.45,0.8181,601,0.49,0.8909,1,0.46,0.8363,1,0
IWM190927P152,2019-09-20,2019-09-20 09:36:59,0.47,0.8545,173,0.45,0.8181,584,0.49,0.8909,1,0.46,0.8363,1,0
IWM190927P152,2019-09-20,2019-09-20 09:37:00,0.47,0.8545,148,0.45,0.8181,536,0.49,0.8909,1,0.46,0.8363,1,0
IWM190927P152,2019-09-20,2019-09-20 09:37:00,0.47,0.8545,98,0.46,0.8363,26,0.49,0.8909,1,0.465,0.8454,1,0
IWM190927P152,2019-09-20,2019-09-20 09:37:01,0.47,0.8545,179,0.45,0.8181,258,0.49,0.8909,1,0.46,0.8363,1,0
IWM190927P152,2019-09-20,2019-09-20 09:37:01,0.47,0.8545,155,0.45,0.8181,560,0.49,0.8909,1,0.46,0.8363,1,0
IWM190927P152,2019-09-20,2019-09-20 09:37:03,0.47,0.8545,8,0.46,0.8363,276,0.49,0.8909,1,0.465,0.8454,1,0
IWM190927P152,2019-09-20,2019-09-20 09:37:04,0.47,0.8545,45,0.46,0.8363,72,0.49,0.8909,1,0.465,0.8454,1,0
IWM190927P152,2019-09-20,2019-09-20 09:37:04,0.47,0.8545,8,0.46,0.8363,122,0.49,0.8909,1,0.465,0.8454,1,0
IWM190927P152,2019-09-20,2019-09-20 09:37:05,0.47,0.8545,36,0.46,0.8363,72,0.49,0.8909,1,0.465,0.8454,1,0
IWM190927P152,2019-09-20,2019-09-20 09:37:05,0.48,0.8727,326,0.46,0.8363,374,0.49,0.8909,1,0.47,0.8545,1,0
IWM190927P152,2019-09-20,2019-09-20 09:37:06,0.47,0.8545,115,0.46,0.8363,72,0.49,0.8909,1,0.465,0.8454,1,0
IWM190927P152,2019-09-20,2019-09-20 09:37:06,0.47,0.8545,178,0.46,0.8363,72,0.49,0.8909,1,0.465,0.8454,1,0
IWM190927P152,2019-09-20,2019-09-20 09:37:07,0.47,0.8545,38,0.46,0.8363,19,0.49,0.8909,1,0.465,0.8454,1,0
IWM190927P152,2019-09-20,2019-09-20 09:37:07,0.47,0.8545,279,0.46,0.8363,16,0.49,0.8909,1,0.465,0.8454,1,0
IWM190927P152,2019-09-20,2019-09-20 09:37:08,0.47,0.8545,279,0.46,0.8363,26,0.49,0.8909,1,0.465,0.8454,1,0
IWM190927P152,2019-09-20,2019-09-20 09:37:08,0.47,0.8545,256,0.46,0.8363,26,0.49,0.8909,1,0.465,0.8454,1,0
IWM190927P152,2019-09-20,2019-09-20 09:37:09,0.47,0.8545,319,0.45,0.8181,481,0.49,0.8909,1,0.46,0.8363,1,0
IWM190927P152,2019-09-20,2019-09-20 09:37:09,0.47,0.8545,319,0.45,0.8181,134,0.49,0.8909,1,0.46,0.8363,1,0
IWM190927P152,2019-09-20,2019-09-20 09:37:10,0.47,0.8545,340,0.45,0.8181,389,0.49,0.8909,1,0.46,0.8363,1,0
IWM190927P152,2019-09-20,2019-09-20 09:37:10,0.47,0.8545,329,0.45,0.8181,389,0.49,0.8909,1,0.46,0.8363,1,0
IWM190927P152,2019-09-20,2019-09-20 09:37:11,0.46,0.8363,54,0.45,0.8181,39,0.49,0.8909,1,0.455,0.8272,1,0
IWM190927P152,2019-09-20,2019-09-20 09:37:11,0.46,0.8363,54,0.45,0.8181,50,0.49,0.8909,1,0.455,0.8272,1,0
IWM190927P152,2019-09-20,2019-09-20 09:37:12,0.46,0.8363,54,0.45,0.8181,292,0.49,0.8909,1,0.455,0.8272,1,0
IWM190927P152,2019-09-20,2019-09-20 09:37:12,0.46,0.8363,54,0.45,0.8181,64,0.49,0.8909,1,0.455,0.8272,1,0
IWM190927P152,2019-09-20,2019-09-20 09:37:13,0.46,0.8363,19,0.45,0.8181,292,0.49,0.8909,1,0.455,0.8272,1,0
IWM190927P152,2019-09-20,2019-09-20 09:37:13,0.46,0.8363,29,0.45,0.8181,292,0.49,0.8909,1,0.455,0.8272,1,0
IWM190927P152,2019-09-20,2019-09-20 09:37:14,0.46,0.8363,44,0.45,0.8181,20,0.49,0.8909,1,0.455,0.8272,1,0
IWM190927P152,2019-09-20,2019-09-20 09:37:14,0.46,0.8363,47,0.45,0.8181,70,0.49,0.8909,1,0.455,0.8272,1,0
IWM190927P152,2019-09-20,2019-09-20 09:37:15,0.46,0.8363,59,0.45,0.8181,54,0.49,0.8909,1,0.455,0.8272,1,0
IWM190927P152,2019-09-20,2019-09-20 09:37:16,0.46,0.8363,100,0.45,0.8181,43,0.49,0.8909,1,0.455,0.8272,1,0
IWM190927P152,2019-09-20,2019-09-20 09:37:16,0.46,0.8363,59,0.45,0.8181,26,0.49,0.8909,1,0.455,0.8272,1,0
IWM190927P152,2019-09-20,2019-09-20 09:37:17,0.46,0.8363,34,0.45,0.8181,20,0.49,0.8909,1,0.455,0.8272,1,0
IWM190927P152,2019-09-20,2019-09-20 09:37:17,0.46,0.8363,34,0.45,0.8181,48,0.49,0.8909,1,0.455,0.8272,1,0
IWM190927P152,2019-09-20,2019-09-20 09:37:18,0.46,0.8363,31,0.45,0.8181,39,0.49,0.8909,1,0.455,0.8272,1,0
IWM190927P152,2019-09-20,2019-09-20 09:37:19,0.46,0.8363,48,0.45,0.8181,39,0.49,0.8909,1,0.455,0.8272,1,0
IWM190927P152,2019-09-20,2019-09-20 09:37:19,0.46,0.8363,50,0.45,0.8181,39,0.49,0.8909,1,0.455,0.8272,1,0
IWM190927P152,2019-09-20,2019-09-20 09:37:20,0.46,0.8363,45,0.45,0.8181,64,0.49,0.8909,1,0.455,0.8272,1,0
IWM190927P152,2019-09-20,2019-09-20 09:37:21,0.46,0.8363,34,0.45,0.8181,310,0.49,0.8909,1,0.455,0.8272,1,0
IWM190927P152,2019-09-20,2019-09-20 09:37:21,0.46,0.8363,60,0.45,0.8181,114,0.49,0.8909,1,0.455,0.8272,1,0
IWM190927P152,2019-09-20,2019-09-20 09:37:22,0.46,0.8363,34,0.45,0.8181,310,0.49,0.8909,1,0.455,0.8272,1,0
IWM190927P152,2019-09-20,2019-09-20 09:37:22,0.47,0.8545,284,0.45,0.8181,58,0.49,0.8909,1,0.46,0.8363,1,0
IWM190927P152,2019-09-20,2019-09-20 09:37:23,0.47,0.8545,385,0.45,0.8181,454,0.49,0.8909,1,0.46,0.8363,1,0
IWM190927P152,2019-09-20,2019-09-20 09:37:23,0.47,0.8545,428,0.45,0.8181,454,0.49,0.8909,1,0.46,0.8363,1,0
IWM190927P152,2019-09-20,2019-09-20 09:37:24,0.47,0.8545,147,0.45,0.8181,590,0.49,0.8909,1,0.46,0.8363,1,0
IWM190927P152,2019-09-20,2019-09-20 09:37:24,0.47,0.8545,172,0.45,0.8181,590,0.49,0.8909,1,0.46,0.8363,1,0
IWM190927P152,2019-09-20,2019-09-20 09:37:25,0.47,0.8545,192,0.45,0.8181,830,0.49,0.8909,1,0.46,0.8363,1,0
IWM190927P152,2019-09-20,2019-09-20 09:37:25,0.47,0.8545,60,0.46,0.8363,201,0.49,0.8909,1,0.465,0.8454,1,0
IWM190927P152,2019-09-20,2019-09-20 09:37:26,0.47,0.8545,239,0.45,0.8181,765,0.49,0.8909,1,0.46,0.8363,1,0
IWM190927P152,2019-09-20,2019-09-20 09:37:27,0.47,0.8545,9,0.45,0.8181,765,0.49,0.8909,1,0.46,0.8363,1,0
IWM190927P152,2019-09-20,2019-09-20 09:37:27,0.47,0.8545,239,0.45,0.8181,765,0.49,0.8909,1,0.46,0.8363,1,0
IWM190927P152,2019-09-20,2019-09-20 09:37:28,0.47,0.8545,11,0.46,0.8363,50,0.49,0.8909,1,0.465,0.8454,1,0
IWM190927P152,2019-09-20,2019-09-20 09:37:28,0.47,0.8545,21,0.46,0.8363,55,0.49,0.8909,1,0.465,0.8454,1,0
IWM190927P152,2019-09-20,2019-09-20 09:37:29,0.47,0.8545,32,0.46,0.8363,55,0.49,0.8909,1,0.465,0.8454,1,0
IWM190927P152,2019-09-20,2019-09-20 09:37:29,0.47,0.8545,21,0.46,0.8363,55,0.49,0.8909,1,0.465,0.8454,1,0
IWM190927P152,2019-09-20,2019-09-20 09:37:30,0.47,0.8545,32,0.46,0.8363,55,0.49,0.8909,1,0.465,0.8454,1,0
IWM190927P152,2019-09-20,2019-09-20 09:37:30,0.47,0.8545,32,0.46,0.8363,254,0.49,0.8909,1,0.465,0.8454,1,0
IWM190927P152,2019-09-20,2019-09-20 09:37:31,0.47,0.8545,32,0.46,0.8363,55,0.49,0.8909,1,0.465,0.8454,1,0
IWM190927P152,2019-09-20,2019-09-20 09:37:31,0.47,0.8545,32,0.46,0.8363,254,0.49,0.8909,1,0.465,0.8454,1,0
IWM190927P152,2019-09-20,2019-09-20 09:37:32,0.47,0.8545,30,0.46,0.8363,20,0.49,0.8909,1,0.465,0.8454,1,0
IWM190927P152,2019-09-20,2019-09-20 09:37:32,0.47,0.8545,184,0.46,0.8363,30,0.49,0.8909,1,0.465,0.8454,1,0
IWM190927P152,2019-09-20,2019-09-20 09:37:33,0.47,0.8545,274,0.45,0.8181,871,0.49,0.8909,1,0.46,0.8363,1,0
IWM190927P152,2019-09-20,2019-09-20 09:37:34,0.47,0.8545,151,0.45,0.8181,901,0.49,0.8909,1,0.46,0.8363,1,0
IWM190927P152,2019-09-20,2019-09-20 09:37:34,0.47,0.8545,321,0.45,0.8181,908,0.49,0.8909,1,0.46,0.8363,1,0
IWM190927P152,2019-09-20,2019-09-20 09:37:35,0.47,0.8545,321,0.45,0.8181,717,0.49,0.8909,1,0.46,0.8363,1,0
IWM190927P152,2019-09-20,2019-09-20 09:37:35,0.47,0.8545,321,0.45,0.8181,849,0.49,0.8909,1,0.46,0.8363,1,0
IWM190927P152,2019-09-20,2019-09-20 09:37:36,0.47,0.8545,558,0.45,0.8181,596,0.49,0.8909,1,0.46,0.8363,1,0
IWM190927P152,2019-09-20,2019-09-20 09:37:37,0.46,0.8363,20,0.45,0.8181,576,0.49,0.8909,1,0.455,0.8272,1,0
IWM190927P152,2019-09-20,2019-09-20 09:37:37,0.46,0.8363,20,0.45,0.8181,596,0.49,0.8909,1,0.455,0.8272,1,0
IWM190927P152,2019-09-20,2019-09-20 09:37:38,0.46,0.8363,42,0.45,0.8181,141,0.49,0.8909,1,0.455,0.8272,1,0
IWM190927P152,2019-09-20,2019-09-20 09:37:38,0.46,0.8363,93,0.45,0.8181,62,0.49,0.8909,1,0.455,0.8272,1,0
IWM190927P152,2019-09-20,2019-09-20 09:37:39,0.46,0.8363,36,0.45,0.8181,330,0.49,0.8909,1,0.455,0.8272,1,0
IWM190927P152,2019-09-20,2019-09-20 09:37:39,0.46,0.8363,36,0.45,0.8181,64,0.49,0.8909,1,0.455,0.8272,1,0
IWM190927P152,2019-09-20,2019-09-20 09:37:40,0.46,0.8363,9,0.45,0.8181,146,0.49,0.8909,1,0.455,0.8272,1,0
IWM190927P152,2019-09-20,2019-09-20 09:37:40,0.46,0.8363,11,0.45,0.8181,269,0.49,0.8909,1,0.455,0.8272,1,0
IWM190927P152,2019-09-20,2019-09-20 09:37:41,0.46,0.8363,38,0.45,0.8181,39,0.49,0.8909,1,0.455,0.8272,1,0
IWM190927P152,2019-09-20,2019-09-20 09:37:41,0.46,0.8363,11,0.45,0.8181,322,0.49,0.8909,1,0.455,0.8272,1,0
IWM190927P152,2019-09-20,2019-09-20 09:37:42,0.46,0.8363,47,0.45,0.8181,39,0.49,0.8909,1,0.455,0.8272,1,0
IWM190927P152,2019-09-20,2019-09-20 09:37:42,0.46,0.8363,36,0.45,0.8181,39,0.49,0.8909,1,0.455,0.8272,1,0
IWM190927P152,2019-09-20,2019-09-20 09:37:43,0.46,0.8363,36,0.45,0.8181,64,0.49,0.8909,1,0.455,0.8272,1,0
IWM190927P152,2019-09-20,2019-09-20 09:37:43,0.46,0.8363,36,0.45,0.8181,342,0.49,0.8909,1,0.455,0.8272,1,0
IWM190927P152,2019-09-20,2019-09-20 09:37:44,0.46,0.8363,30,0.45,0.8181,342,0.49,0.8909,1,0.455,0.8272,1,0
IWM190927P152,2019-09-20,2019-09-20 09:37:44,0.46,0.8363,39,0.45,0.8181,104,0.49,0.8909,1,0.455,0.8272,1,0
IWM190927P152,2019-09-20,2019-09-20 09:37:45,0.46,0.8363,70,0.45,0.8181,20,0.49,0.8909,1,0.455,0.8272,1,0
IWM190927P152,2019-09-20,2019-09-20 09:37:45,0.46,0.8363,70,0.45,0.8181,30,0.49,0.8909,1,0.455,0.8272,1,0
IWM190927P152,2019-09-20,2019-09-20 09:37:46,0.46,0.8363,21,0.45,0.8181,32,0.49,0.8909,1,0.455,0.8272,1,0
IWM190927P152,2019-09-20,2019-09-20 09:37:46,0.46,0.8363,169,0.44,0.8,800,0.49,0.8909,1,0.45,0.8181,1,0
IWM190927P152,2019-09-20,2019-09-20 09:37:47,0.46,0.8363,32,0.45,0.8181,78,0.49,0.8909,1,0.455,0.8272,1,0
IWM190927P152,2019-09-20,2019-09-20 09:37:48,0.46,0.8363,38,0.45,0.8181,225,0.49,0.8909,1,0.455,0.8272,1,0
IWM190927P152,2019-09-20,2019-09-20 09:37:48,0.46,0.8363,11,0.45,0.8181,260,0.49,0.8909,1,0.455,0.8272,1,0
IWM190927P152,2019-09-20,2019-09-20 09:37:49,0.46,0.8363,47,0.45,0.8181,30,0.49,0.8909,1,0.455,0.8272,1,0
IWM190927P152,2019-09-20,2019-09-20 09:37:49,0.46,0.8363,38,0.45,0.8181,30,0.49,0.8909,1,0.455,0.8272,1,0
IWM190927P152,2019-09-20,2019-09-20 09:37:50,0.46,0.8363,47,0.45,0.8181,55,0.49,0.8909,1,0.455,0.8272,1,0
IWM190927P152,2019-09-20,2019-09-20 09:37:51,0.46,0.8363,10,0.45,0.8181,46,0.49,0.8909,1,0.455,0.8272,1,0
IWM190927P152,2019-09-20,2019-09-20 09:37:51,0.46,0.8363,47,0.45,0.8181,289,0.49,0.8909,1,0.455,0.8272,1,0
IWM190927P152,2019-09-20,2019-09-20 09:37:52,0.46,0.8363,20,0.45,0.8181,45,0.49,0.8909,1,0.455,0.8272,1,0
IWM190927P152,2019-09-20,2019-09-20 09:37:52,0.46,0.8363,35,0.45,0.8181,54,0.49,0.8909,1,0.455,0.8272,1,0
IWM190927P152,2019-09-20,2019-09-20 09:37:53,0.46,0.8363,54,0.45,0.8181,38,0.49,0.8909,1,0.455,0.8272,1,0
IWM190927P152,2019-09-20,2019-09-20 09:37:53,0.46,0.8363,54,0.45,0.8181,54,0.49,0.8909,1,0.455,0.8272,1,0
IWM190927P152,2019-09-20,2019-09-20 09:37:54,0.45,0.8181,5,0.45,0.8181,46,0.49,0.8909,1,0.45,0.8181,1,0
IWM190927P152,2019-09-20,2019-09-20 09:37:55,0.46,0.8363,131,0.45,0.8181,40,0.49,0.8909,1,0.455,0.8272,1,0
IWM190927P152,2019-09-20,2019-09-20 09:37:55,0.46,0.8363,100,0.45,0.8181,40,0.49,0.8909,1,0.455,0.8272,1,0
IWM190927P152,2019-09-20,2019-09-20 09:37:56,0.46,0.8363,131,0.45,0.8181,40,0.49,0.8909,1,0.455,0.8272,1,0
IWM190927P152,2019-09-20,2019-09-20 09:37:56,0.46,0.8363,278,0.45,0.8181,20,0.49,0.8909,1,0.455,0.8272,1,0
IWM190927P152,2019-09-20,2019-09-20 09:37:57,0.46,0.8363,131,0.45,0.8181,20,0.49,0.8909,1,0.455,0.8272,1,0
IWM190927P152,2019-09-20,2019-09-20 09:37:57,0.46,0.8363,131,0.45,0.8181,36,0.49,0.8909,1,0.455,0.8272,1,0
IWM190927P152,2019-09-20,2019-09-20 09:37:58,0.46,0.8363,131,0.45,0.8181,259,0.49,0.8909,1,0.455,0.8272,1,0
IWM190927P152,2019-09-20,2019-09-20 09:37:58,0.46,0.8363,131,0.45,0.8181,55,0.49,0.8909,1,0.455,0.8272,1,0
IWM190927P152,2019-09-20,2019-09-20 09:37:59,0.46,0.8363,87,0.45,0.8181,259,0.49,0.8909,1,0.455,0.8272,1,0
IWM190927P152,2019-09-20,2019-09-20 09:37:59,0.46,0.8363,81,0.45,0.8181,20,0.49,0.8909,1,0.455,0.8272,1,0
IWM190927P152,2019-09-20,2019-09-20 09:38:00,0.46,0.8363,311,0.44,0.8,322,0.49,0.8909,1,0.45,0.8181,1,0
IWM190927P152,2019-09-20,2019-09-20 09:38:00,0.46,0.8363,298,0.44,0.8,655,0.49,0.8909,1,0.45,0.8181,1,0
IWM190927P152,2019-09-20,2019-09-20 09:38:01,0.46,0.8363,437,0.44,0.8,402,0.49,0.8909,1,0.45,0.8181,1,0
IWM190927P152,2019-09-20,2019-09-20 09:38:01,0.46,0.8363,437,0.44,0.8,749,0.49,0.8909,1,0.45,0.8181,1,0
IWM190927P152,2019-09-20,2019-09-20 09:38:02,0.45,0.8181,79,0.44,0.8,294,0.49,0.8909,1,0.445,0.809,1,0
IWM190927P152,2019-09-20,2019-09-20 09:38:02,0.45,0.8181,79,0.44,0.8,272,0.49,0.8909,1,0.445,0.809,1,0
IWM190927P152,2019-09-20,2019-09-20 09:38:03,0.45,0.8181,79,0.44,0.8,423,0.49,0.8909,1,0.445,0.809,1,0
IWM190927P152,2019-09-20,2019-09-20 09:38:03,0.45,0.8181,13,0.44,0.8,553,0.49,0.8909,1,0.445,0.809,1,0
IWM190927P152,2019-09-20,2019-09-20 09:38:04,0.46,0.8363,103,0.45,0.8181,30,0.49,0.8909,1,0.455,0.8272,1,0
IWM190927P152,2019-09-20,2019-09-20 09:38:04,0.46,0.8363,205,0.44,0.8,465,0.49,0.8909,1,0.45,0.8181,1,0
IWM190927P152,2019-09-20,2019-09-20 09:38:05,0.46,0.8363,103,0.45,0.8181,68,0.49,0.8909,1,0.455,0.8272,1,0
IWM190927P152,2019-09-20,2019-09-20 09:38:05,0.46,0.8363,103,0.45,0.8181,193,0.49,0.8909,1,0.455,0.8272,1,0
IWM190927P152,2019-09-20,2019-09-20 09:38:06,0.46,0.8363,103,0.45,0.8181,466,0.49,0.8909,1,0.455,0.8272,1,0
IWM190927P152,2019-09-20,2019-09-20 09:38:06,0.46,0.8363,10,0.45,0.8181,466,0.49,0.8909,1,0.455,0.8272,1,0
IWM190927P152,2019-09-20,2019-09-20 09:38:07,0.46,0.8363,10,0.45,0.8181,672,0.49,0.8909,1,0.455,0.8272,1,0
IWM190927P152,2019-09-20,2019-09-20 09:38:08,0.46,0.8363,10,0.45,0.8181,573,0.49,0.8909,1,0.455,0.8272,1,0
IWM190927P152,2019-09-20,2019-09-20 09:38:09,0.46,0.8363,10,0.45,0.8181,739,0.49,0.8909,1,0.455,0.8272,1,0
IWM190927P152,2019-09-20,2019-09-20 09:38:09,0.46,0.8363,8,0.45,0.8181,739,0.49,0.8909,1,0.455,0.8272,1,0
IWM190927P152,2019-09-20,2019-09-20 09:38:10,0.46,0.8363,51,0.45,0.8181,564,0.49,0.8909,1,0.455,0.8272,1,0
IWM190927P152,2019-09-20,2019-09-20 09:38:10,0.46,0.8363,51,0.45,0.8181,667,0.49,0.8909,1,0.455,0.8272,1,0
IWM190927P152,2019-09-20,2019-09-20 09:38:11,0.46,0.8363,51,0.45,0.8181,354,0.49,0.8909,1,0.455,0.8272,1,0
IWM190927P152,2019-09-20,2019-09-20 09:38:11,0.46,0.8363,93,0.45,0.8181,29,0.49,0.8909,1,0.455,0.8272,1,0
IWM190927P152,2019-09-20,2019-09-20 09:38:12,0.46,0.8363,225,0.45,0.8181,29,0.49,0.8909,1,0.455,0.8272,1,0
IWM190927P152,2019-09-20,2019-09-20 09:38:12,0.46,0.8363,93,0.45,0.8181,29,0.49,0.8909,1,0.455,0.8272,1,0
IWM190927P152,2019-09-20,2019-09-20 09:38:13,0.46,0.8363,175,0.45,0.8181,30,0.49,0.8909,1,0.455,0.8272,1,0
IWM190927P152,2019-09-20,2019-09-20 09:38:13,0.46,0.8363,148,0.45,0.8181,30,0.49,0.8909,1,0.455,0.8272,1,0
IWM190927P152,2019-09-20,2019-09-20 09:38:14,0.46,0.8363,347,0.45,0.8181,30,0.49,0.8909,1,0.455,0.8272,1,0
IWM190927P152,2019-09-20,2019-09-20 09:38:14,0.46,0.8363,148,0.45,0.8181,30,0.49,0.8909,1,0.455,0.8272,1,0
IWM190927P152,2019-09-20,2019-09-20 09:38:15,0.46,0.8363,305,0.44,0.8,796,0.49,0.8909,1,0.45,0.8181,1,0
IWM190927P152,2019-09-20,2019-09-20 09:38:15,0.46,0.8363,315,0.44,0.8,760,0.49,0.8909,1,0.45,0.8181,1,0
IWM190927P152,2019-09-20,2019-09-20 09:38:16,0.46,0.8363,315,0.44,0.8,760,0.49,0.8909,1,0.45,0.8181,1,0
IWM190927P152,2019-09-20,2019-09-20 09:38:16,0.46,0.8363,315,0.44,0.8,463,0.49,0.8909,1,0.45,0.8181,1,0
IWM190927P152,2019-09-20,2019-09-20 09:38:17,0.45,0.8181,29,0.44,0.8,509,0.49,0.8909,1,0.445,0.809,1,0
IWM190927P152,2019-09-20,2019-09-20 09:38:17,0.45,0.8181,29,0.44,0.8,474,0.49,0.8909,1,0.445,0.809,1,0
IWM190927P152,2019-09-20,2019-09-20 09:38:18,0.45,0.8181,29,0.44,0.8,474,0.49,0.8909,1,0.445,0.809,1,0
IWM190927P152,2019-09-20,2019-09-20 09:38:19,0.45,0.8181,29,0.44,0.8,426,0.49,0.8909,1,0.445,0.809,1,0
IWM190927P152,2019-09-20,2019-09-20 09:38:19,0.45,0.8181,30,0.44,0.8,436,0.49,0.8909,1,0.445,0.809,1,0
IWM190927P152,2019-09-20,2019-09-20 09:38:20,0.45,0.8181,29,0.44,0.8,407,0.49,0.8909,1,0.445,0.809,1,0
IWM190927P152,2019-09-20,2019-09-20 09:38:20,0.45,0.8181,29,0.44,0.8,408,0.49,0.8909,1,0.445,0.809,1,0
IWM190927P152,2019-09-20,2019-09-20 09:38:21,0.45,0.8181,31,0.44,0.8,219,0.49,0.8909,1,0.445,0.809,1,0
IWM190927P152,2019-09-20,2019-09-20 09:38:21,0.45,0.8181,31,0.44,0.8,467,0.49,0.8909,1,0.445,0.809,1,0
IWM190927P152,2019-09-20,2019-09-20 09:38:22,0.45,0.8181,111,0.44,0.8,63,0.49,0.8909,1,0.445,0.809,1,0
IWM190927P152,2019-09-20,2019-09-20 09:38:22,0.45,0.8181,61,0.44,0.8,63,0.49,0.8909,1,0.445,0.809,1,0
IWM190927P152,2019-09-20,2019-09-20 09:38:23,0.45,0.8181,53,0.44,0.8,122,0.49,0.8909,1,0.445,0.809,1,0
IWM190927P152,2019-09-20,2019-09-20 09:38:23,0.45,0.8181,111,0.44,0.8,63,0.49,0.8909,1,0.445,0.809,1,0
IWM190927P152,2019-09-20,2019-09-20 09:38:24,0.45,0.8181,80,0.44,0.8,38,0.49,0.8909,1,0.445,0.809,1,0
IWM190927P152,2019-09-20,2019-09-20 09:38:24,0.45,0.8181,296,0.44,0.8,38,0.49,0.8909,1,0.445,0.809,1,0
IWM190927P152,2019-09-20,2019-09-20 09:38:25,0.45,0.8181,296,0.43,0.7818,696,0.49,0.8909,1,0.44,0.8,1,0
IWM190927P152,2019-09-20,2019-09-20 09:38:26,0.45,0.8181,296,0.43,0.7818,696,0.49,0.8909,1,0.44,0.8,1,0
IWM190927P152,2019-09-20,2019-09-20 09:38:27,0.44,0.8,21,0.43,0.7818,498,0.49,0.8909,1,0.435,0.7909,1,0
IWM190927P152,2019-09-20,2019-09-20 09:38:27,0.45,0.8181,296,0.43,0.7818,696,0.49,0.8909,1,0.44,0.8,1,0
IWM190927P152,2019-09-20,2019-09-20 09:38:28,0.44,0.8,44,0.43,0.7818,357,0.49,0.8909,1,0.435,0.7909,1,0
IWM190927P152,2019-09-20,2019-09-20 09:38:28,0.44,0.8,21,0.43,0.7818,401,0.49,0.8909,1,0.435,0.7909,1,0
IWM190927P152,2019-09-20,2019-09-20 09:38:29,0.44,0.8,44,0.43,0.7818,374,0.49,0.8909,1,0.435,0.7909,1,0
IWM190927P152,2019-09-20,2019-09-20 09:38:29,0.44,0.8,44,0.43,0.7818,342,0.49,0.8909,1,0.435,0.7909,1,0
IWM190927P152,2019-09-20,2019-09-20 09:38:30,0.44,0.8,35,0.43,0.7818,396,0.49,0.8909,1,0.435,0.7909,1,0
IWM190927P152,2019-09-20,2019-09-20 09:38:30,0.44,0.8,44,0.43,0.7818,374,0.49,0.8909,1,0.435,0.7909,1,0
IWM190927P152,2019-09-20,2019-09-20 09:38:31,0.44,0.8,7,0.43,0.7818,639,0.49,0.8909,1,0.435,0.7909,1,0
IWM190927P152,2019-09-20,2019-09-20 09:38:31,0.44,0.8,10,0.43,0.7818,639,0.49,0.8909,1,0.435,0.7909,1,0
IWM190927P152,2019-09-20,2019-09-20 09:38:32,0.44,0.8,10,0.43,0.7818,639,0.49,0.8909,1,0.435,0.7909,1,0
IWM190927P152,2019-09-20,2019-09-20 09:38:32,0.45,0.8181,101,0.44,0.8,32,0.49,0.8909,1,0.445,0.809,1,0
IWM190927P152,2019-09-20,2019-09-20 09:38:33,0.45,0.8181,101,0.44,0.8,30,0.49,0.8909,1,0.445,0.809,1,0
IWM190927P152,2019-09-20,2019-09-20 09:38:33,0.45,0.8181,155,0.44,0.8,30,0.49,0.8909,1,0.445,0.809,1,0
IWM190927P152,2019-09-20,2019-09-20 09:38:34,0.45,0.8181,223,0.44,0.8,20,0.49,0.8909,1,0.445,0.809,1,0
IWM190927P152,2019-09-20,2019-09-20 09:38:34,0.45,0.8181,67,0.44,0.8,30,0.49,0.8909,1,0.445,0.809,1,0
IWM190927P152,2019-09-20,2019-09-20 09:38:35,0.45,0.8181,105,0.44,0.8,20,0.49,0.8909,1,0.445,0.809,1,0
IWM190927P152,2019-09-20,2019-09-20 09:38:35,0.45,0.8181,150,0.44,0.8,20,0.49,0.8909,1,0.445,0.809,1,0
IWM190927P152,2019-09-20,2019-09-20 09:38:36,0.45,0.8181,305,0.44,0.8,30,0.49,0.8909,1,0.445,0.809,1,0
IWM190927P152,2019-09-20,2019-09-20 09:38:36,0.45,0.8181,305,0.44,0.8,20,0.49,0.8909,1,0.445,0.809,1,0
IWM190927P152,2019-09-20,2019-09-20 09:38:37,0.45,0.8181,305,0.44,0.8,30,0.49,0.8909,1,0.445,0.809,1,0
IWM190927P152,2019-09-20,2019-09-20 09:38:38,0.45,0.8181,294,0.44,0.8,30,0.49,0.8909,1,0.445,0.809,1,0
IWM190927P152,2019-09-20,2019-09-20 09:38:38,0.45,0.8181,42,0.44,0.8,43,0.49,0.8909,1,0.445,0.809,1,0
IWM190927P152,2019-09-20,2019-09-20 09:38:39,0.45,0.8181,40,0.44,0.8,383,0.49,0.8909,1,0.445,0.809,1,0
IWM190927P152,2019-09-20,2019-09-20 09:38:39,0.45,0.8181,63,0.44,0.8,144,0.49,0.8909,1,0.445,0.809,1,0
IWM190927P152,2019-09-20,2019-09-20 09:38:40,0.45,0.8181,24,0.44,0.8,574,0.49,0.8909,1,0.445,0.809,1,0
IWM190927P152,2019-09-20,2019-09-20 09:38:40,0.45,0.8181,10,0.44,0.8,383,0.49,0.8909,1,0.445,0.809,1,0
IWM190927P152,2019-09-20,2019-09-20 09:38:41,0.45,0.8181,30,0.44,0.8,574,0.49,0.8909,1,0.445,0.809,1,0
IWM190927P152,2019-09-20,2019-09-20 09:38:41,0.45,0.8181,10,0.44,0.8,643,0.49,0.8909,1,0.445,0.809,1,0
IWM190927P152,2019-09-20,2019-09-20 09:38:42,0.45,0.8181,6,0.44,0.8,643,0.49,0.8909,1,0.445,0.809,1,0
IWM190927P152,2019-09-20,2019-09-20 09:38:42,0.45,0.8181,6,0.44,0.8,1201,0.49,0.8909,1,0.445,0.809,1,0
IWM190927P152,2019-09-20,2019-09-20 09:38:43,0.46,0.8363,170,0.44,0.8,1201,0.49,0.8909,1,0.45,0.8181,1,0
IWM190927P152,2019-09-20,2019-09-20 09:38:43,0.46,0.8363,122,0.44,0.8,1201,0.49,0.8909,1,0.45,0.8181,1,0
IWM190927P152,2019-09-20,2019-09-20 09:38:44,0.46,0.8363,313,0.44,0.8,1201,0.49,0.8909,1,0.45,0.8181,1,0
IWM190927P152,2019-09-20,2019-09-20 09:38:44,0.46,0.8363,170,0.44,0.8,1201,0.49,0.8909,1,0.45,0.8181,1,0
IWM190927P152,2019-09-20,2019-09-20 09:38:45,0.46,0.8363,170,0.44,0.8,1201,0.49,0.8909,1,0.45,0.8181,1,0
IWM190927P152,2019-09-20,2019-09-20 09:38:46,0.46,0.8363,103,0.45,0.8181,135,0.49,0.8909,1,0.455,0.8272,1,0
IWM190927P152,2019-09-20,2019-09-20 09:38:46,0.46,0.8363,103,0.45,0.8181,47,0.49,0.8909,1,0.455,0.8272,1,0
IWM190927P152,2019-09-20,2019-09-20 09:38:47,0.46,0.8363,103,0.45,0.8181,135,0.49,0.8909,1,0.455,0.8272,1,0
IWM190927P152,2019-09-20,2019-09-20 09:38:48,0.46,0.8363,74,0.45,0.8181,530,0.49,0.8909,1,0.455,0.8272,1,0
IWM190927P152,2019-09-20,2019-09-20 09:38:48,0.46,0.8363,99,0.45,0.8181,535,0.49,0.8909,1,0.455,0.8272,1,0
IWM190927P152,2019-09-20,2019-09-20 09:38:49,0.46,0.8363,221,0.45,0.8181,400,0.49,0.8909,1,0.455,0.8272,1,0
IWM190927P152,2019-09-20,2019-09-20 09:38:49,0.46,0.8363,311,0.45,0.8181,400,0.49,0.8909,1,0.455,0.8272,1,0
IWM190927P152,2019-09-20,2019-09-20 09:38:50,0.46,0.8363,311,0.45,0.8181,400,0.49,0.8909,1,0.455,0.8272,1,0
IWM190927P152,2019-09-20,2019-09-20 09:38:51,0.46,0.8363,311,0.45,0.8181,125,0.49,0.8909,1,0.455,0.8272,1,0
IWM190927P152,2019-09-20,2019-09-20 09:38:51,0.46,0.8363,311,0.45,0.8181,30,0.49,0.8909,1,0.455,0.8272,1,0
IWM190927P152,2019-09-20,2019-09-20 09:38:52,0.46,0.8363,311,0.45,0.8181,87,0.49,0.8909,1,0.455,0.8272,1,0
IWM190927P152,2019-09-20,2019-09-20 09:38:52,0.46,0.8363,311,0.45,0.8181,379,0.49,0.8909,1,0.455,0.8272,1,0
IWM190927P152,2019-09-20,2019-09-20 09:38:53,0.46,0.8363,199,0.45,0.8181,379,0.49,0.8909,1,0.455,0.8272,1,0
IWM190927P152,2019-09-20,2019-09-20 09:38:53,0.46,0.8363,199,0.45,0.8181,177,0.49,0.8909,1,0.455,0.8272,1,0
IWM190927P152,2019-09-20,2019-09-20 09:38:54,0.46,0.8363,228,0.45,0.8181,46,0.49,0.8909,1,0.455,0.8272,1,0
IWM190927P152,2019-09-20,2019-09-20 09:38:54,0.46,0.8363,312,0.45,0.8181,187,0.49,0.8909,1,0.455,0.8272,1,0
IWM190927P152,2019-09-20,2019-09-20 09:38:55,0.46,0.8363,312,0.45,0.8181,48,0.49,0.8909,1,0.455,0.8272,1,0
IWM190927P152,2019-09-20,2019-09-20 09:38:55,0.46,0.8363,153,0.45,0.8181,235,0.49,0.8909,1,0.455,0.8272,1,0
IWM190927P152,2019-09-20,2019-09-20 09:38:56,0.46,0.8363,122,0.45,0.8181,174,0.49,0.8909,1,0.455,0.8272,1,0
IWM190927P152,2019-09-20,2019-09-20 09:38:56,0.46,0.8363,122,0.45,0.8181,36,0.49,0.8909,1,0.455,0.8272,1,0
IWM190927P152,2019-09-20,2019-09-20 09:38:57,0.46,0.8363,111,0.45,0.8181,55,0.49,0.8909,1,0.455,0.8272,1,0
IWM190927P152,2019-09-20,2019-09-20 09:38:58,0.46,0.8363,111,0.45,0.8181,55,0.49,0.8909,1,0.455,0.8272,1,0
IWM190927P152,2019-09-20,2019-09-20 09:38:58,0.46,0.8363,155,0.45,0.8181,183,0.49,0.8909,1,0.455,0.8272,1,0
IWM190927P152,2019-09-20,2019-09-20 09:38:59,0.46,0.8363,111,0.45,0.8181,30,0.49,0.8909,1,0.455,0.8272,1,0
IWM190927P152,2019-09-20,2019-09-20 09:38:59,0.46,0.8363,111,0.45,0.8181,373,0.49,0.8909,1,0.455,0.8272,1,0
IWM190927P152,2019-09-20,2019-09-20 09:39:00,0.46,0.8363,170,0.45,0.8181,134,0.49,0.8909,1,0.455,0.8272,1,0
IWM190927P152,2019-09-20,2019-09-20 09:39:00,0.46,0.8363,111,0.45,0.8181,373,0.49,0.8909,1,0.455,0.8272,1,0
IWM190927P152,2019-09-20,2019-09-20 09:39:01,0.46,0.8363,100,0.45,0.8181,304,0.49,0.8909,1,0.455,0.8272,1,0
IWM190927P152,2019-09-20,2019-09-20 09:39:01,0.46,0.8363,100,0.45,0.8181,54,0.49,0.8909,1,0.455,0.8272,1,0
IWM190927P152,2019-09-20,2019-09-20 09:39:02,0.46,0.8363,99,0.45,0.8181,311,0.49,0.8909,1,0.455,0.8272,1,0
IWM190927P152,2019-09-20,2019-09-20 09:39:02,0.46,0.8363,99,0.45,0.8181,317,0.49,0.8909,1,0.455,0.8272,1,0
IWM190927P152,2019-09-20,2019-09-20 09:39:03,0.46,0.8363,99,0.45,0.8181,54,0.49,0.8909,1,0.455,0.8272,1,0
