symbol,Date,quote_time,ask_price,norm_ask_price,ask_size,bid_price,norm_bid_price,bid_size,last_trade_price,norm_last_trade_price,last_trade_size,mark_price,norm_mark_price,volume,Volume
IWM190920C158,2019-09-18,2019-09-18 09:30:01,1.0,1.0,16,0.91,0.91,16,1.0,1.0,24,0.955,0.955,0,0
IWM190920C158,2019-09-18,2019-09-18 09:30:02,0.99,0.99,22,0.91,0.91,16,1.0,1.0,24,0.95,0.95,0,0
IWM190920C158,2019-09-18,2019-09-18 09:30:02,1.0,1.0,16,0.91,0.91,16,1.0,1.0,24,0.955,0.955,0,0
IWM190920C158,2019-09-18,2019-09-18 09:30:03,0.99,0.99,22,0.91,0.91,16,1.0,1.0,24,0.95,0.95,0,0
IWM190920C158,2019-09-18,2019-09-18 09:30:03,0.99,0.99,22,0.91,0.91,33,1.0,1.0,24,0.95,0.95,0,0
IWM190920C158,2019-09-18,2019-09-18 09:30:04,1.01,1.01,22,0.91,0.91,33,1.0,1.0,24,0.96,0.96,0,0
IWM190920C158,2019-09-18,2019-09-18 09:30:05,1.0,1.0,16,0.91,0.91,33,1.0,1.0,24,0.955,0.955,0,0
IWM190920C158,2019-09-18,2019-09-18 09:30:05,1.0,1.0,163,0.91,0.91,33,1.0,1.0,24,0.955,0.955,0,0
IWM190920C158,2019-09-18,2019-09-18 09:30:06,1.0,1.0,163,0.91,0.91,33,1.0,1.0,24,0.955,0.955,0,0
IWM190920C158,2019-09-18,2019-09-18 09:30:07,1.0,1.0,163,0.91,0.91,22,1.0,1.0,24,0.955,0.955,0,0
IWM190920C158,2019-09-18,2019-09-18 09:30:08,1.0,1.0,163,0.91,0.91,22,1.0,1.0,24,0.955,0.955,0,0
IWM190920C158,2019-09-18,2019-09-18 09:30:09,0.98,0.98,297,0.91,0.91,139,1.0,1.0,24,0.945,0.945,0,0
IWM190920C158,2019-09-18,2019-09-18 09:30:09,0.98,0.98,340,0.91,0.91,139,1.0,1.0,24,0.945,0.945,0,0
IWM190920C158,2019-09-18,2019-09-18 09:30:10,0.98,0.98,192,0.91,0.91,32,1.0,1.0,24,0.945,0.945,0,0
IWM190920C158,2019-09-18,2019-09-18 09:30:11,0.98,0.98,192,0.91,0.91,23,1.0,1.0,24,0.945,0.945,0,0
IWM190920C158,2019-09-18,2019-09-18 09:30:11,0.98,0.98,216,0.91,0.91,23,1.0,1.0,24,0.945,0.945,0,0
IWM190920C158,2019-09-18,2019-09-18 09:30:12,0.98,0.98,216,0.91,0.91,23,1.0,1.0,24,0.945,0.945,0,0
IWM190920C158,2019-09-18,2019-09-18 09:30:13,0.98,0.98,116,0.92,0.92,23,1.0,1.0,24,0.95,0.95,0,0
IWM190920C158,2019-09-18,2019-09-18 09:30:13,0.98,0.98,116,0.92,0.92,43,1.0,1.0,24,0.95,0.95,0,0
IWM190920C158,2019-09-18,2019-09-18 09:30:14,0.98,0.98,227,0.94,0.94,60,1.0,1.0,24,0.96,0.96,0,0
IWM190920C158,2019-09-18,2019-09-18 09:30:14,0.98,0.98,129,0.92,0.92,43,1.0,1.0,24,0.95,0.95,0,0
IWM190920C158,2019-09-18,2019-09-18 09:30:15,0.98,0.98,184,0.94,0.94,60,1.0,1.0,24,0.96,0.96,0,0
IWM190920C158,2019-09-18,2019-09-18 09:30:15,0.98,0.98,195,0.94,0.94,60,1.0,1.0,24,0.96,0.96,0,0
IWM190920C158,2019-09-18,2019-09-18 09:30:16,0.98,0.98,184,0.94,0.94,60,1.0,1.0,24,0.96,0.96,0,0
IWM190920C158,2019-09-18,2019-09-18 09:30:16,0.98,0.98,167,0.94,0.94,60,1.0,1.0,24,0.96,0.96,0,0
IWM190920C158,2019-09-18,2019-09-18 09:30:17,0.98,0.98,24,0.94,0.94,60,1.0,1.0,24,0.96,0.96,0,0
IWM190920C158,2019-09-18,2019-09-18 09:30:17,0.98,0.98,24,0.93,0.93,60,1.0,1.0,24,0.955,0.955,0,0
IWM190920C158,2019-09-18,2019-09-18 09:30:18,0.97,0.97,163,0.91,0.91,107,1.0,1.0,24,0.94,0.94,0,0
IWM190920C158,2019-09-18,2019-09-18 09:30:18,0.97,0.97,136,0.93,0.93,60,1.0,1.0,24,0.95,0.95,0,0
IWM190920C158,2019-09-18,2019-09-18 09:30:19,0.97,0.97,179,0.91,0.91,107,1.0,1.0,24,0.94,0.94,0,0
IWM190920C158,2019-09-18,2019-09-18 09:30:20,0.97,0.97,20,0.91,0.91,109,1.0,1.0,24,0.94,0.94,0,0
IWM190920C158,2019-09-18,2019-09-18 09:30:20,0.97,0.97,179,0.92,0.92,60,1.0,1.0,24,0.945,0.945,0,0
IWM190920C158,2019-09-18,2019-09-18 09:30:21,0.97,0.97,182,0.91,0.91,67,1.0,1.0,24,0.94,0.94,0,0
IWM190920C158,2019-09-18,2019-09-18 09:30:21,0.96,0.96,122,0.9,0.9,80,1.0,1.0,24,0.93,0.93,0,0
IWM190920C158,2019-09-18,2019-09-18 09:30:22,0.96,0.96,212,0.9,0.9,67,1.0,1.0,24,0.93,0.93,0,0
IWM190920C158,2019-09-18,2019-09-18 09:30:22,0.96,0.96,5,0.91,0.91,60,1.0,1.0,24,0.935,0.935,0,0
IWM190920C158,2019-09-18,2019-09-18 09:30:23,0.96,0.96,270,0.89,0.89,231,1.0,1.0,24,0.925,0.925,0,0
IWM190920C158,2019-09-18,2019-09-18 09:30:23,0.96,0.96,174,0.89,0.89,180,1.0,1.0,24,0.925,0.925,0,0
IWM190920C158,2019-09-18,2019-09-18 09:30:24,0.94,0.94,21,0.89,0.89,29,1.0,1.0,24,0.915,0.915,0,0
IWM190920C158,2019-09-18,2019-09-18 09:30:24,0.94,0.94,21,0.89,0.89,67,1.0,1.0,24,0.915,0.915,0,0
IWM190920C158,2019-09-18,2019-09-18 09:30:25,0.94,0.94,21,0.88,0.88,10,1.0,1.0,24,0.91,0.91,0,0
IWM190920C158,2019-09-18,2019-09-18 09:30:25,0.94,0.94,21,0.88,0.88,67,1.0,1.0,24,0.91,0.91,0,0
IWM190920C158,2019-09-18,2019-09-18 09:30:26,0.93,0.93,22,0.88,0.88,19,1.0,1.0,24,0.905,0.905,0,0
IWM190920C158,2019-09-18,2019-09-18 09:30:27,0.95,0.95,19,0.9,0.9,49,1.0,1.0,24,0.925,0.925,0,0
IWM190920C158,2019-09-18,2019-09-18 09:30:27,0.94,0.94,124,0.88,0.88,10,1.0,1.0,24,0.91,0.91,0,0
IWM190920C158,2019-09-18,2019-09-18 09:30:28,0.95,0.95,19,0.9,0.9,122,1.0,1.0,24,0.925,0.925,0,0
IWM190920C158,2019-09-18,2019-09-18 09:30:28,0.95,0.95,19,0.9,0.9,49,1.0,1.0,24,0.925,0.925,0,0
IWM190920C158,2019-09-18,2019-09-18 09:30:29,0.95,0.95,22,0.9,0.9,152,1.0,1.0,24,0.925,0.925,0,0
IWM190920C158,2019-09-18,2019-09-18 09:30:30,0.95,0.95,19,0.91,0.91,60,1.0,1.0,24,0.93,0.93,0,0
IWM190920C158,2019-09-18,2019-09-18 09:30:30,0.95,0.95,22,0.91,0.91,19,1.0,1.0,24,0.93,0.93,0,0
IWM190920C158,2019-09-18,2019-09-18 09:30:31,0.95,0.95,27,0.91,0.91,60,1.0,1.0,24,0.93,0.93,0,0
IWM190920C158,2019-09-18,2019-09-18 09:30:32,0.95,0.95,27,0.91,0.91,60,1.0,1.0,24,0.93,0.93,0,0
IWM190920C158,2019-09-18,2019-09-18 09:30:32,0.95,0.95,19,0.91,0.91,60,1.0,1.0,24,0.93,0.93,0,0
IWM190920C158,2019-09-18,2019-09-18 09:30:33,0.95,0.95,19,0.91,0.91,60,1.0,1.0,24,0.93,0.93,0,0
IWM190920C158,2019-09-18,2019-09-18 09:30:34,0.95,0.95,27,0.91,0.91,60,1.0,1.0,24,0.93,0.93,0,0
IWM190920C158,2019-09-18,2019-09-18 09:30:34,0.95,0.95,27,0.91,0.91,36,1.0,1.0,24,0.93,0.93,0,0
IWM190920C158,2019-09-18,2019-09-18 09:30:35,0.95,0.95,27,0.91,0.91,36,1.0,1.0,24,0.93,0.93,0,0
IWM190920C158,2019-09-18,2019-09-18 09:30:35,0.95,0.95,37,0.91,0.91,36,1.0,1.0,24,0.93,0.93,0,0
IWM190920C158,2019-09-18,2019-09-18 09:30:36,0.94,0.94,19,0.91,0.91,29,1.0,1.0,24,0.925,0.925,0,0
IWM190920C158,2019-09-18,2019-09-18 09:30:37,0.94,0.94,19,0.91,0.91,29,1.0,1.0,24,0.925,0.925,0,0
IWM190920C158,2019-09-18,2019-09-18 09:30:37,0.94,0.94,32,0.91,0.91,29,1.0,1.0,24,0.925,0.925,0,0
IWM190920C158,2019-09-18,2019-09-18 09:30:38,0.94,0.94,32,0.91,0.91,29,1.0,1.0,24,0.925,0.925,0,0
IWM190920C158,2019-09-18,2019-09-18 09:30:39,0.94,0.94,274,0.91,0.91,29,1.0,1.0,24,0.925,0.925,0,0
IWM190920C158,2019-09-18,2019-09-18 09:30:39,0.94,0.94,284,0.91,0.91,29,1.0,1.0,24,0.925,0.925,0,0
IWM190920C158,2019-09-18,2019-09-18 09:30:40,0.94,0.94,274,0.91,0.91,29,1.0,1.0,24,0.925,0.925,0,0
IWM190920C158,2019-09-18,2019-09-18 09:30:41,0.94,0.94,295,0.91,0.91,29,1.0,1.0,24,0.925,0.925,0,0
IWM190920C158,2019-09-18,2019-09-18 09:30:41,0.94,0.94,294,0.91,0.91,29,1.0,1.0,24,0.925,0.925,0,0
IWM190920C158,2019-09-18,2019-09-18 09:30:42,0.94,0.94,299,0.91,0.91,29,1.0,1.0,24,0.925,0.925,0,0
IWM190920C158,2019-09-18,2019-09-18 09:30:42,0.94,0.94,199,0.91,0.91,29,1.0,1.0,24,0.925,0.925,0,0
IWM190920C158,2019-09-18,2019-09-18 09:30:43,0.94,0.94,299,0.91,0.91,29,1.0,1.0,24,0.925,0.925,0,0
IWM190920C158,2019-09-18,2019-09-18 09:30:44,0.94,0.94,303,0.91,0.91,29,1.0,1.0,24,0.925,0.925,0,0
IWM190920C158,2019-09-18,2019-09-18 09:30:45,0.94,0.94,279,0.91,0.91,29,1.0,1.0,24,0.925,0.925,0,0
IWM190920C158,2019-09-18,2019-09-18 09:30:45,0.94,0.94,289,0.91,0.91,29,1.0,1.0,24,0.925,0.925,0,0
IWM190920C158,2019-09-18,2019-09-18 09:30:46,0.93,0.93,19,0.9,0.9,67,1.0,1.0,24,0.915,0.915,0,0
IWM190920C158,2019-09-18,2019-09-18 09:30:46,0.94,0.94,279,0.91,0.91,29,1.0,1.0,24,0.925,0.925,0,0
IWM190920C158,2019-09-18,2019-09-18 09:30:47,0.94,0.94,43,0.9,0.9,67,1.0,1.0,24,0.92,0.92,0,0
IWM190920C158,2019-09-18,2019-09-18 09:30:48,0.94,0.94,217,0.9,0.9,67,1.0,1.0,24,0.92,0.92,0,0
IWM190920C158,2019-09-18,2019-09-18 09:30:48,0.94,0.94,298,0.9,0.9,67,1.0,1.0,24,0.92,0.92,0,0
IWM190920C158,2019-09-18,2019-09-18 09:30:49,0.94,0.94,308,0.9,0.9,67,1.0,1.0,24,0.92,0.92,0,0
IWM190920C158,2019-09-18,2019-09-18 09:30:50,0.94,0.94,272,0.91,0.91,37,1.0,1.0,24,0.925,0.925,0,0
IWM190920C158,2019-09-18,2019-09-18 09:30:50,0.94,0.94,308,0.91,0.91,23,1.0,1.0,24,0.925,0.925,0,0
IWM190920C158,2019-09-18,2019-09-18 09:30:51,0.94,0.94,272,0.92,0.92,1,1.0,1.0,24,0.93,0.93,0,0
IWM190920C158,2019-09-18,2019-09-18 09:30:52,0.94,0.94,31,0.91,0.91,46,1.0,1.0,24,0.925,0.925,0,0
IWM190920C158,2019-09-18,2019-09-18 09:30:52,0.94,0.94,25,0.91,0.91,46,1.0,1.0,24,0.925,0.925,0,0
IWM190920C158,2019-09-18,2019-09-18 09:30:53,0.93,0.93,20,0.9,0.9,47,1.0,1.0,24,0.915,0.915,0,0
IWM190920C158,2019-09-18,2019-09-18 09:30:53,0.93,0.93,19,0.9,0.9,31,1.0,1.0,24,0.915,0.915,0,0
IWM190920C158,2019-09-18,2019-09-18 09:30:54,0.93,0.93,19,0.89,0.89,25,1.0,1.0,24,0.91,0.91,0,0
IWM190920C158,2019-09-18,2019-09-18 09:30:54,0.93,0.93,29,0.89,0.89,44,1.0,1.0,24,0.91,0.91,0,0
IWM190920C158,2019-09-18,2019-09-18 09:30:55,0.93,0.93,19,0.9,0.9,19,1.0,1.0,24,0.915,0.915,0,0
IWM190920C158,2019-09-18,2019-09-18 09:30:55,0.93,0.93,19,0.9,0.9,51,1.0,1.0,24,0.915,0.915,0,0
IWM190920C158,2019-09-18,2019-09-18 09:30:56,0.93,0.93,19,0.9,0.9,52,1.0,1.0,24,0.915,0.915,0,0
IWM190920C158,2019-09-18,2019-09-18 09:30:56,0.93,0.93,19,0.9,0.9,36,1.0,1.0,24,0.915,0.915,0,0
IWM190920C158,2019-09-18,2019-09-18 09:30:57,0.93,0.93,204,0.9,0.9,50,1.0,1.0,24,0.915,0.915,0,0
IWM190920C158,2019-09-18,2019-09-18 09:30:57,0.93,0.93,35,0.9,0.9,21,1.0,1.0,24,0.915,0.915,0,0
IWM190920C158,2019-09-18,2019-09-18 09:30:58,0.93,0.93,19,0.89,0.89,80,1.0,1.0,24,0.91,0.91,0,0
IWM190920C158,2019-09-18,2019-09-18 09:30:58,0.92,0.92,19,0.89,0.89,28,1.0,1.0,24,0.905,0.905,0,0
IWM190920C158,2019-09-18,2019-09-18 09:30:59,0.92,0.92,25,0.88,0.88,60,1.0,1.0,24,0.9,0.9,0,0
IWM190920C158,2019-09-18,2019-09-18 09:30:59,0.92,0.92,41,0.89,0.89,28,1.0,1.0,24,0.905,0.905,0,0
IWM190920C158,2019-09-18,2019-09-18 09:31:00,0.9,0.9,21,0.86,0.86,38,1.0,1.0,24,0.88,0.88,0,0
IWM190920C158,2019-09-18,2019-09-18 09:31:00,0.91,0.91,19,0.87,0.87,30,1.0,1.0,24,0.89,0.89,0,0
IWM190920C158,2019-09-18,2019-09-18 09:31:01,0.9,0.9,19,0.86,0.86,67,1.0,1.0,24,0.88,0.88,0,0
IWM190920C158,2019-09-18,2019-09-18 09:31:01,0.9,0.9,19,0.86,0.86,62,1.0,1.0,24,0.88,0.88,0,0
IWM190920C158,2019-09-18,2019-09-18 09:31:02,0.88,0.88,29,0.85,0.85,67,1.0,1.0,24,0.865,0.865,0,0
IWM190920C158,2019-09-18,2019-09-18 09:31:02,0.88,0.88,99,0.85,0.85,60,1.0,1.0,24,0.865,0.865,0,0
IWM190920C158,2019-09-18,2019-09-18 09:31:03,0.88,0.88,29,0.85,0.85,67,1.0,1.0,24,0.865,0.865,0,0
IWM190920C158,2019-09-18,2019-09-18 09:31:03,0.88,0.88,81,0.85,0.85,148,1.0,1.0,24,0.865,0.865,0,0
IWM190920C158,2019-09-18,2019-09-18 09:31:04,0.88,0.88,117,0.85,0.85,128,1.0,1.0,24,0.865,0.865,0,0
IWM190920C158,2019-09-18,2019-09-18 09:31:04,0.89,0.89,19,0.85,0.85,148,1.0,1.0,24,0.87,0.87,0,0
IWM190920C158,2019-09-18,2019-09-18 09:31:05,0.88,0.88,24,0.85,0.85,128,1.0,1.0,24,0.865,0.865,0,0
IWM190920C158,2019-09-18,2019-09-18 09:31:06,0.87,0.87,23,0.83,0.83,194,1.0,1.0,24,0.85,0.85,0,0
IWM190920C158,2019-09-18,2019-09-18 09:31:06,0.88,0.88,23,0.84,0.84,80,1.0,1.0,24,0.86,0.86,0,0
IWM190920C158,2019-09-18,2019-09-18 09:31:07,0.86,0.86,19,0.83,0.83,297,1.0,1.0,24,0.845,0.845,0,0
IWM190920C158,2019-09-18,2019-09-18 09:31:07,0.87,0.87,19,0.84,0.84,91,1.0,1.0,24,0.855,0.855,0,0
IWM190920C158,2019-09-18,2019-09-18 09:31:08,0.86,0.86,19,0.83,0.83,24,1.0,1.0,24,0.845,0.845,0,0
IWM190920C158,2019-09-18,2019-09-18 09:31:08,0.86,0.86,19,0.83,0.83,60,1.0,1.0,24,0.845,0.845,0,0
IWM190920C158,2019-09-18,2019-09-18 09:31:09,0.86,0.86,29,0.83,0.83,24,1.0,1.0,24,0.845,0.845,0,0
IWM190920C158,2019-09-18,2019-09-18 09:31:10,0.86,0.86,19,0.83,0.83,43,1.0,1.0,24,0.845,0.845,0,0
IWM190920C158,2019-09-18,2019-09-18 09:31:11,0.87,0.87,35,0.83,0.83,95,1.0,1.0,24,0.85,0.85,0,0
IWM190920C158,2019-09-18,2019-09-18 09:31:12,0.86,0.86,19,0.84,0.84,19,1.0,1.0,24,0.85,0.85,0,0
IWM190920C158,2019-09-18,2019-09-18 09:31:13,0.86,0.86,19,0.84,0.84,19,1.0,1.0,24,0.85,0.85,0,0
IWM190920C158,2019-09-18,2019-09-18 09:31:13,0.87,0.87,29,0.83,0.83,38,1.0,1.0,24,0.85,0.85,0,0
IWM190920C158,2019-09-18,2019-09-18 09:31:14,0.86,0.86,19,0.83,0.83,5,1.0,1.0,24,0.845,0.845,0,0
IWM190920C158,2019-09-18,2019-09-18 09:31:14,0.87,0.87,19,0.84,0.84,19,1.0,1.0,24,0.855,0.855,0,0
IWM190920C158,2019-09-18,2019-09-18 09:31:15,0.87,0.87,19,0.84,0.84,49,1.0,1.0,24,0.855,0.855,0,0
IWM190920C158,2019-09-18,2019-09-18 09:31:15,0.87,0.87,29,0.84,0.84,49,1.0,1.0,24,0.855,0.855,0,0
IWM190920C158,2019-09-18,2019-09-18 09:31:16,0.87,0.87,82,0.84,0.84,38,0.87,0.87,1,0.855,0.855,1,1
IWM190920C158,2019-09-18,2019-09-18 09:31:16,0.87,0.87,29,0.84,0.84,109,0.87,0.87,1,0.855,0.855,1,0
IWM190920C158,2019-09-18,2019-09-18 09:31:17,0.86,0.86,19,0.83,0.83,32,0.87,0.87,1,0.845,0.845,1,0
IWM190920C158,2019-09-18,2019-09-18 09:31:17,0.86,0.86,29,0.83,0.83,19,0.87,0.87,1,0.845,0.845,1,0
IWM190920C158,2019-09-18,2019-09-18 09:31:18,0.86,0.86,31,0.83,0.83,89,0.87,0.87,1,0.845,0.845,1,0
IWM190920C158,2019-09-18,2019-09-18 09:31:18,0.86,0.86,95,0.83,0.83,89,0.87,0.87,1,0.845,0.845,1,0
IWM190920C158,2019-09-18,2019-09-18 09:31:19,0.86,0.86,29,0.83,0.83,99,0.87,0.87,1,0.845,0.845,1,0
IWM190920C158,2019-09-18,2019-09-18 09:31:19,0.86,0.86,149,0.83,0.83,99,0.87,0.87,1,0.845,0.845,1,0
IWM190920C158,2019-09-18,2019-09-18 09:31:20,0.86,0.86,139,0.83,0.83,99,0.87,0.87,1,0.845,0.845,1,0
IWM190920C158,2019-09-18,2019-09-18 09:31:20,0.86,0.86,5,0.84,0.84,90,0.87,0.87,1,0.85,0.85,1,0
IWM190920C158,2019-09-18,2019-09-18 09:31:21,0.87,0.87,19,0.85,0.85,32,0.87,0.87,1,0.86,0.86,1,0
IWM190920C158,2019-09-18,2019-09-18 09:31:21,0.88,0.88,19,0.85,0.85,69,0.87,0.87,1,0.865,0.865,1,0
IWM190920C158,2019-09-18,2019-09-18 09:31:22,0.88,0.88,19,0.85,0.85,69,0.87,0.87,1,0.865,0.865,1,0
IWM190920C158,2019-09-18,2019-09-18 09:31:23,0.88,0.88,10,0.86,0.86,19,0.87,0.87,1,0.87,0.87,1,0
IWM190920C158,2019-09-18,2019-09-18 09:31:23,0.88,0.88,19,0.85,0.85,79,0.87,0.87,1,0.865,0.865,1,0
IWM190920C158,2019-09-18,2019-09-18 09:31:24,0.89,0.89,19,0.86,0.86,63,0.87,0.87,1,0.875,0.875,1,0
IWM190920C158,2019-09-18,2019-09-18 09:31:24,0.89,0.89,125,0.86,0.86,73,0.87,0.87,1,0.875,0.875,1,0
IWM190920C158,2019-09-18,2019-09-18 09:31:25,0.89,0.89,19,0.86,0.86,73,0.87,0.87,1,0.875,0.875,1,0
IWM190920C158,2019-09-18,2019-09-18 09:31:26,0.89,0.89,19,0.86,0.86,82,0.87,0.87,1,0.875,0.875,1,0
IWM190920C158,2019-09-18,2019-09-18 09:31:26,0.9,0.9,20,0.87,0.87,21,0.87,0.87,1,0.885,0.885,1,0
IWM190920C158,2019-09-18,2019-09-18 09:31:27,0.9,0.9,25,0.87,0.87,21,0.87,0.87,1,0.885,0.885,1,0
IWM190920C158,2019-09-18,2019-09-18 09:31:28,0.9,0.9,31,0.87,0.87,21,0.87,0.87,1,0.885,0.885,1,0
IWM190920C158,2019-09-18,2019-09-18 09:31:29,0.89,0.89,31,0.86,0.86,37,0.87,0.87,1,0.875,0.875,1,0
IWM190920C158,2019-09-18,2019-09-18 09:31:29,0.89,0.89,41,0.86,0.86,23,0.87,0.87,1,0.875,0.875,1,0
IWM190920C158,2019-09-18,2019-09-18 09:31:30,0.89,0.89,31,0.86,0.86,37,0.87,0.87,1,0.875,0.875,1,0
IWM190920C158,2019-09-18,2019-09-18 09:31:30,0.89,0.89,73,0.86,0.86,37,0.87,0.87,1,0.875,0.875,1,0
IWM190920C158,2019-09-18,2019-09-18 09:31:31,0.9,0.9,19,0.86,0.86,37,0.87,0.87,1,0.88,0.88,1,0
IWM190920C158,2019-09-18,2019-09-18 09:31:31,0.9,0.9,19,0.87,0.87,22,0.87,0.87,1,0.885,0.885,1,0
IWM190920C158,2019-09-18,2019-09-18 09:31:32,0.9,0.9,19,0.87,0.87,47,0.87,0.87,1,0.885,0.885,1,0
IWM190920C158,2019-09-18,2019-09-18 09:31:32,0.9,0.9,19,0.87,0.87,49,0.87,0.87,1,0.885,0.885,1,0
IWM190920C158,2019-09-18,2019-09-18 09:31:33,0.9,0.9,29,0.87,0.87,28,0.87,0.87,1,0.885,0.885,1,0
IWM190920C158,2019-09-18,2019-09-18 09:31:33,0.9,0.9,19,0.87,0.87,49,0.87,0.87,1,0.885,0.885,1,0
IWM190920C158,2019-09-18,2019-09-18 09:31:34,0.9,0.9,73,0.87,0.87,30,0.87,0.87,1,0.885,0.885,1,0
IWM190920C158,2019-09-18,2019-09-18 09:31:35,0.9,0.9,73,0.87,0.87,42,0.87,0.87,1,0.885,0.885,1,0
IWM190920C158,2019-09-18,2019-09-18 09:31:35,0.9,0.9,73,0.87,0.87,30,0.87,0.87,1,0.885,0.885,1,0
IWM190920C158,2019-09-18,2019-09-18 09:31:36,0.9,0.9,73,0.87,0.87,42,0.87,0.87,1,0.885,0.885,1,0
IWM190920C158,2019-09-18,2019-09-18 09:31:37,0.9,0.9,60,0.87,0.87,42,0.87,0.87,1,0.885,0.885,1,0
IWM190920C158,2019-09-18,2019-09-18 09:31:37,0.9,0.9,73,0.87,0.87,36,0.87,0.87,1,0.885,0.885,1,0
IWM190920C158,2019-09-18,2019-09-18 09:31:38,0.9,0.9,73,0.87,0.87,36,0.87,0.87,1,0.885,0.885,1,0
IWM190920C158,2019-09-18,2019-09-18 09:31:39,0.9,0.9,73,0.87,0.87,43,0.87,0.87,1,0.885,0.885,1,0
IWM190920C158,2019-09-18,2019-09-18 09:31:40,0.9,0.9,60,0.87,0.87,50,0.87,0.87,1,0.885,0.885,1,0
IWM190920C158,2019-09-18,2019-09-18 09:31:40,0.9,0.9,60,0.87,0.87,83,0.87,0.87,1,0.885,0.885,1,0
IWM190920C158,2019-09-18,2019-09-18 09:31:41,0.9,0.9,31,0.87,0.87,32,0.87,0.87,1,0.885,0.885,1,0
IWM190920C158,2019-09-18,2019-09-18 09:31:41,0.9,0.9,29,0.88,0.88,19,0.87,0.87,1,0.89,0.89,1,0
IWM190920C158,2019-09-18,2019-09-18 09:31:42,0.9,0.9,31,0.87,0.87,32,0.87,0.87,1,0.885,0.885,1,0
IWM190920C158,2019-09-18,2019-09-18 09:31:43,0.9,0.9,31,0.87,0.87,27,0.87,0.87,1,0.885,0.885,1,0
IWM190920C158,2019-09-18,2019-09-18 09:31:43,0.9,0.9,35,0.87,0.87,38,0.87,0.87,1,0.885,0.885,1,0
IWM190920C158,2019-09-18,2019-09-18 09:31:44,0.89,0.89,10,0.87,0.87,26,0.87,0.87,1,0.88,0.88,1,0
IWM190920C158,2019-09-18,2019-09-18 09:31:44,0.89,0.89,10,0.87,0.87,34,0.87,0.87,1,0.88,0.88,1,0
IWM190920C158,2019-09-18,2019-09-18 09:31:45,0.9,0.9,37,0.87,0.87,44,0.87,0.87,1,0.885,0.885,1,0
IWM190920C158,2019-09-18,2019-09-18 09:31:46,0.89,0.89,7,0.87,0.87,53,0.87,0.87,1,0.88,0.88,1,0
IWM190920C158,2019-09-18,2019-09-18 09:31:46,0.9,0.9,37,0.87,0.87,44,0.87,0.87,1,0.885,0.885,1,0
IWM190920C158,2019-09-18,2019-09-18 09:31:47,0.88,0.88,24,0.86,0.86,35,0.87,0.87,1,0.87,0.87,1,0
IWM190920C158,2019-09-18,2019-09-18 09:31:47,0.89,0.89,26,0.86,0.86,37,0.87,0.87,1,0.875,0.875,1,0
IWM190920C158,2019-09-18,2019-09-18 09:31:48,0.88,0.88,13,0.86,0.86,49,0.87,0.87,1,0.87,0.87,1,0
IWM190920C158,2019-09-18,2019-09-18 09:31:49,0.88,0.88,13,0.86,0.86,49,0.87,0.87,1,0.87,0.87,1,0
IWM190920C158,2019-09-18,2019-09-18 09:31:50,0.89,0.89,29,0.87,0.87,27,0.87,0.87,1,0.88,0.88,1,0
IWM190920C158,2019-09-18,2019-09-18 09:31:50,0.89,0.89,44,0.87,0.87,10,0.87,0.87,1,0.88,0.88,1,0
IWM190920C158,2019-09-18,2019-09-18 09:31:51,0.89,0.89,44,0.86,0.86,57,0.87,0.87,1,0.875,0.875,1,0
IWM190920C158,2019-09-18,2019-09-18 09:31:51,0.89,0.89,44,0.87,0.87,25,0.87,0.87,1,0.88,0.88,1,0
IWM190920C158,2019-09-18,2019-09-18 09:31:52,0.89,0.89,44,0.87,0.87,4,0.87,0.87,1,0.88,0.88,1,0
IWM190920C158,2019-09-18,2019-09-18 09:31:52,0.89,0.89,44,0.87,0.87,25,0.87,0.87,1,0.88,0.88,1,0
IWM190920C158,2019-09-18,2019-09-18 09:31:53,0.89,0.89,29,0.87,0.87,28,0.87,0.87,1,0.88,0.88,1,0
IWM190920C158,2019-09-18,2019-09-18 09:31:55,0.9,0.9,31,0.88,0.88,27,0.87,0.87,1,0.89,0.89,1,0
IWM190920C158,2019-09-18,2019-09-18 09:31:55,0.9,0.9,31,0.88,0.88,11,0.87,0.87,1,0.89,0.89,1,0
IWM190920C158,2019-09-18,2019-09-18 09:31:56,0.9,0.9,31,0.88,0.88,23,0.87,0.87,1,0.89,0.89,1,0
IWM190920C158,2019-09-18,2019-09-18 09:31:56,0.9,0.9,31,0.88,0.88,27,0.87,0.87,1,0.89,0.89,1,0
IWM190920C158,2019-09-18,2019-09-18 09:31:57,0.9,0.9,18,0.88,0.88,27,0.87,0.87,1,0.89,0.89,1,0
IWM190920C158,2019-09-18,2019-09-18 09:31:57,0.9,0.9,18,0.88,0.88,57,0.87,0.87,1,0.89,0.89,1,0
IWM190920C158,2019-09-18,2019-09-18 09:31:58,0.9,0.9,31,0.88,0.88,45,0.87,0.87,1,0.89,0.89,1,0
IWM190920C158,2019-09-18,2019-09-18 09:31:58,0.9,0.9,31,0.88,0.88,37,0.87,0.87,1,0.89,0.89,1,0
IWM190920C158,2019-09-18,2019-09-18 09:31:59,0.9,0.9,37,0.88,0.88,45,0.87,0.87,1,0.89,0.89,1,0
IWM190920C158,2019-09-18,2019-09-18 09:32:00,0.9,0.9,31,0.88,0.88,34,0.87,0.87,1,0.89,0.89,1,0
IWM190920C158,2019-09-18,2019-09-18 09:32:00,0.9,0.9,47,0.88,0.88,39,0.87,0.87,1,0.89,0.89,1,0
IWM190920C158,2019-09-18,2019-09-18 09:32:01,0.88,0.88,24,0.86,0.86,40,0.87,0.87,1,0.87,0.87,1,0
IWM190920C158,2019-09-18,2019-09-18 09:32:01,0.88,0.88,24,0.86,0.86,38,0.87,0.87,1,0.87,0.87,1,0
IWM190920C158,2019-09-18,2019-09-18 09:32:02,0.88,0.88,36,0.86,0.86,50,0.87,0.87,1,0.87,0.87,1,0
IWM190920C158,2019-09-18,2019-09-18 09:32:03,0.89,0.89,58,0.86,0.86,55,0.87,0.87,1,0.875,0.875,1,0
IWM190920C158,2019-09-18,2019-09-18 09:32:04,0.89,0.89,58,0.86,0.86,49,0.87,0.87,1,0.875,0.875,1,0
IWM190920C158,2019-09-18,2019-09-18 09:32:04,0.88,0.88,36,0.86,0.86,51,0.87,0.87,1,0.87,0.87,1,0
IWM190920C158,2019-09-18,2019-09-18 09:32:05,0.88,0.88,15,0.86,0.86,49,0.87,0.87,1,0.87,0.87,1,0
IWM190920C158,2019-09-18,2019-09-18 09:32:05,0.88,0.88,67,0.86,0.86,35,0.87,0.87,1,0.87,0.87,1,0
IWM190920C158,2019-09-18,2019-09-18 09:32:06,0.88,0.88,10,0.86,0.86,48,0.87,0.87,1,0.87,0.87,1,0
IWM190920C158,2019-09-18,2019-09-18 09:32:06,0.88,0.88,5,0.86,0.86,34,0.87,0.87,1,0.87,0.87,1,0
IWM190920C158,2019-09-18,2019-09-18 09:32:07,0.89,0.89,115,0.87,0.87,24,0.87,0.87,1,0.88,0.88,1,0
IWM190920C158,2019-09-18,2019-09-18 09:32:08,0.89,0.89,167,0.87,0.87,24,0.87,0.87,1,0.88,0.88,1,0
IWM190920C158,2019-09-18,2019-09-18 09:32:08,0.89,0.89,163,0.87,0.87,24,0.87,0.87,1,0.88,0.88,1,0
IWM190920C158,2019-09-18,2019-09-18 09:32:09,0.89,0.89,28,0.87,0.87,43,0.87,0.87,1,0.88,0.88,1,0
IWM190920C158,2019-09-18,2019-09-18 09:32:09,0.89,0.89,48,0.87,0.87,43,0.87,0.87,1,0.88,0.88,1,0
IWM190920C158,2019-09-18,2019-09-18 09:32:10,0.9,0.9,19,0.88,0.88,28,0.87,0.87,1,0.89,0.89,1,0
IWM190920C158,2019-09-18,2019-09-18 09:32:10,0.89,0.89,20,0.87,0.87,56,0.87,0.87,1,0.88,0.88,1,0
IWM190920C158,2019-09-18,2019-09-18 09:32:11,0.9,0.9,19,0.89,0.89,20,0.87,0.87,1,0.895,0.895,1,0
IWM190920C158,2019-09-18,2019-09-18 09:32:11,0.9,0.9,19,0.88,0.88,44,0.87,0.87,1,0.89,0.89,1,0
IWM190920C158,2019-09-18,2019-09-18 09:32:12,0.91,0.91,22,0.89,0.89,36,0.87,0.87,1,0.9,0.9,1,0
IWM190920C158,2019-09-18,2019-09-18 09:32:13,0.91,0.91,33,0.89,0.89,24,0.87,0.87,1,0.9,0.9,1,0
IWM190920C158,2019-09-18,2019-09-18 09:32:13,0.91,0.91,22,0.89,0.89,46,0.87,0.87,1,0.9,0.9,1,0
IWM190920C158,2019-09-18,2019-09-18 09:32:14,0.91,0.91,10,0.89,0.89,43,0.87,0.87,1,0.9,0.9,1,0
IWM190920C158,2019-09-18,2019-09-18 09:32:15,0.91,0.91,33,0.89,0.89,28,0.87,0.87,1,0.9,0.9,1,0
IWM190920C158,2019-09-18,2019-09-18 09:32:15,0.91,0.91,33,0.89,0.89,42,0.87,0.87,1,0.9,0.9,1,0
IWM190920C158,2019-09-18,2019-09-18 09:32:16,0.91,0.91,35,0.88,0.88,43,0.87,0.87,1,0.895,0.895,1,0
IWM190920C158,2019-09-18,2019-09-18 09:32:16,0.91,0.91,35,0.88,0.88,24,0.87,0.87,1,0.895,0.895,1,0
IWM190920C158,2019-09-18,2019-09-18 09:32:17,0.91,0.91,130,0.88,0.88,43,0.87,0.87,1,0.895,0.895,1,0
IWM190920C158,2019-09-18,2019-09-18 09:32:17,0.91,0.91,35,0.88,0.88,43,0.87,0.87,1,0.895,0.895,1,0
IWM190920C158,2019-09-18,2019-09-18 09:32:18,0.9,0.9,23,0.88,0.88,43,0.87,0.87,1,0.89,0.89,1,0
IWM190920C158,2019-09-18,2019-09-18 09:32:18,0.9,0.9,23,0.87,0.87,48,0.87,0.87,1,0.885,0.885,1,0
IWM190920C158,2019-09-18,2019-09-18 09:32:19,0.89,0.89,12,0.87,0.87,48,0.87,0.87,1,0.88,0.88,1,0
IWM190920C158,2019-09-18,2019-09-18 09:32:20,0.89,0.89,12,0.87,0.87,48,0.87,0.87,1,0.88,0.88,1,0
IWM190920C158,2019-09-18,2019-09-18 09:32:21,0.89,0.89,12,0.87,0.87,48,0.87,0.87,1,0.88,0.88,1,0
IWM190920C158,2019-09-18,2019-09-18 09:32:22,0.89,0.89,25,0.87,0.87,48,0.87,0.87,1,0.88,0.88,1,0
IWM190920C158,2019-09-18,2019-09-18 09:32:22,0.88,0.88,20,0.86,0.86,65,0.87,0.87,1,0.87,0.87,1,0
IWM190920C158,2019-09-18,2019-09-18 09:32:23,0.88,0.88,1,0.86,0.86,66,0.87,0.87,1,0.87,0.87,1,0
IWM190920C158,2019-09-18,2019-09-18 09:32:24,0.88,0.88,1,0.86,0.86,66,0.87,0.87,1,0.87,0.87,1,0
IWM190920C158,2019-09-18,2019-09-18 09:32:25,0.88,0.88,10,0.86,0.86,66,0.87,0.87,1,0.87,0.87,1,0
IWM190920C158,2019-09-18,2019-09-18 09:32:25,0.88,0.88,1,0.86,0.86,66,0.87,0.87,1,0.87,0.87,1,0
IWM190920C158,2019-09-18,2019-09-18 09:32:26,0.88,0.88,20,0.86,0.86,66,0.87,0.87,1,0.87,0.87,1,0
IWM190920C158,2019-09-18,2019-09-18 09:32:27,0.88,0.88,82,0.86,0.86,66,0.87,0.87,1,0.87,0.87,1,0
IWM190920C158,2019-09-18,2019-09-18 09:32:27,0.88,0.88,20,0.86,0.86,66,0.87,0.87,1,0.87,0.87,1,0
IWM190920C158,2019-09-18,2019-09-18 09:32:28,0.88,0.88,93,0.86,0.86,25,0.87,0.87,1,0.87,0.87,1,0
IWM190920C158,2019-09-18,2019-09-18 09:32:28,0.88,0.88,104,0.86,0.86,66,0.87,0.87,1,0.87,0.87,1,0
IWM190920C158,2019-09-18,2019-09-18 09:32:29,0.88,0.88,50,0.86,0.86,40,0.87,0.87,1,0.87,0.87,1,0
IWM190920C158,2019-09-18,2019-09-18 09:32:29,0.88,0.88,93,0.86,0.86,25,0.87,0.87,1,0.87,0.87,1,0
IWM190920C158,2019-09-18,2019-09-18 09:32:30,0.89,0.89,41,0.87,0.87,20,0.87,0.87,1,0.88,0.88,1,0
IWM190920C158,2019-09-18,2019-09-18 09:32:30,0.88,0.88,50,0.86,0.86,40,0.87,0.87,1,0.87,0.87,1,0
IWM190920C158,2019-09-18,2019-09-18 09:32:31,0.89,0.89,41,0.87,0.87,38,0.87,0.87,1,0.88,0.88,1,0
IWM190920C158,2019-09-18,2019-09-18 09:32:31,0.9,0.9,88,0.88,0.88,28,0.87,0.87,1,0.89,0.89,1,0
IWM190920C158,2019-09-18,2019-09-18 09:32:32,0.89,0.89,78,0.87,0.87,20,0.87,0.87,1,0.88,0.88,1,0
IWM190920C158,2019-09-18,2019-09-18 09:32:32,0.89,0.89,38,0.87,0.87,45,0.87,0.87,1,0.88,0.88,1,0
IWM190920C158,2019-09-18,2019-09-18 09:32:33,0.89,0.89,48,0.87,0.87,46,0.87,0.87,1,0.88,0.88,1,0
IWM190920C158,2019-09-18,2019-09-18 09:32:33,0.89,0.89,78,0.87,0.87,36,0.87,0.87,1,0.88,0.88,1,0
IWM190920C158,2019-09-18,2019-09-18 09:32:34,0.89,0.89,90,0.87,0.87,46,0.87,0.87,1,0.88,0.88,1,0
IWM190920C158,2019-09-18,2019-09-18 09:32:35,0.89,0.89,90,0.87,0.87,46,0.87,0.87,1,0.88,0.88,1,0
IWM190920C158,2019-09-18,2019-09-18 09:32:36,0.88,0.88,9,0.86,0.86,318,0.87,0.87,1,0.87,0.87,1,0
IWM190920C158,2019-09-18,2019-09-18 09:32:36,0.89,0.89,90,0.87,0.87,46,0.87,0.87,1,0.88,0.88,1,0
IWM190920C158,2019-09-18,2019-09-18 09:32:37,0.88,0.88,9,0.86,0.86,318,0.87,0.87,1,0.87,0.87,1,0
IWM190920C158,2019-09-18,2019-09-18 09:32:38,0.88,0.88,9,0.87,0.87,20,0.87,0.87,1,0.875,0.875,1,0
IWM190920C158,2019-09-18,2019-09-18 09:32:38,0.89,0.89,15,0.88,0.88,19,0.87,0.87,1,0.885,0.885,1,0
IWM190920C158,2019-09-18,2019-09-18 09:32:39,0.89,0.89,15,0.87,0.87,303,0.87,0.87,1,0.88,0.88,1,0
IWM190920C158,2019-09-18,2019-09-18 09:32:39,0.89,0.89,15,0.87,0.87,316,0.87,0.87,1,0.88,0.88,1,0
IWM190920C158,2019-09-18,2019-09-18 09:32:40,0.89,0.89,15,0.88,0.88,20,0.87,0.87,1,0.885,0.885,1,0
IWM190920C158,2019-09-18,2019-09-18 09:32:40,0.89,0.89,15,0.88,0.88,26,0.87,0.87,1,0.885,0.885,1,0
IWM190920C158,2019-09-18,2019-09-18 09:32:41,0.89,0.89,15,0.88,0.88,26,0.87,0.87,1,0.885,0.885,1,0
IWM190920C158,2019-09-18,2019-09-18 09:32:42,0.89,0.89,15,0.87,0.87,316,0.87,0.87,1,0.88,0.88,1,0
IWM190920C158,2019-09-18,2019-09-18 09:32:43,0.89,0.89,15,0.87,0.87,316,0.87,0.87,1,0.88,0.88,1,0
IWM190920C158,2019-09-18,2019-09-18 09:32:43,0.89,0.89,15,0.86,0.86,191,0.87,0.87,1,0.875,0.875,1,0
IWM190920C158,2019-09-18,2019-09-18 09:32:44,0.89,0.89,90,0.87,0.87,10,0.87,0.87,1,0.88,0.88,1,0
IWM190920C158,2019-09-18,2019-09-18 09:32:44,0.88,0.88,22,0.86,0.86,304,0.87,0.87,1,0.87,0.87,1,0
IWM190920C158,2019-09-18,2019-09-18 09:32:45,0.88,0.88,22,0.86,0.86,340,0.87,0.87,1,0.87,0.87,1,0
IWM190920C158,2019-09-18,2019-09-18 09:32:45,0.88,0.88,3,0.85,0.85,163,0.87,0.87,1,0.865,0.865,1,0
IWM190920C158,2019-09-18,2019-09-18 09:32:46,0.88,0.88,125,0.85,0.85,307,0.87,0.87,1,0.865,0.865,1,0
IWM190920C158,2019-09-18,2019-09-18 09:32:46,0.88,0.88,89,0.85,0.85,307,0.87,0.87,1,0.865,0.865,1,0
IWM190920C158,2019-09-18,2019-09-18 09:32:47,0.88,0.88,41,0.86,0.86,286,0.87,0.87,1,0.87,0.87,1,0
IWM190920C158,2019-09-18,2019-09-18 09:32:47,0.88,0.88,17,0.86,0.86,286,0.87,0.87,1,0.87,0.87,1,0
IWM190920C158,2019-09-18,2019-09-18 09:32:48,0.88,0.88,52,0.86,0.86,306,0.87,0.87,1,0.87,0.87,1,0
IWM190920C158,2019-09-18,2019-09-18 09:32:48,0.88,0.88,67,0.86,0.86,306,0.87,0.87,1,0.87,0.87,1,0
IWM190920C158,2019-09-18,2019-09-18 09:32:49,0.88,0.88,67,0.85,0.85,188,0.87,0.87,1,0.865,0.865,1,0
IWM190920C158,2019-09-18,2019-09-18 09:32:49,0.88,0.88,67,0.85,0.85,304,0.87,0.87,1,0.865,0.865,1,0
IWM190920C158,2019-09-18,2019-09-18 09:32:50,0.86,0.86,8,0.85,0.85,309,0.87,0.87,1,0.855,0.855,1,0
IWM190920C158,2019-09-18,2019-09-18 09:32:50,0.87,0.87,50,0.85,0.85,323,0.87,0.87,1,0.86,0.86,1,0
IWM190920C158,2019-09-18,2019-09-18 09:32:51,0.87,0.87,50,0.85,0.85,313,0.87,0.87,1,0.86,0.86,1,0
IWM190920C158,2019-09-18,2019-09-18 09:32:51,0.87,0.87,81,0.85,0.85,20,0.87,0.87,1,0.86,0.86,1,0
IWM190920C158,2019-09-18,2019-09-18 09:32:52,0.87,0.87,108,0.85,0.85,20,0.87,0.87,1,0.86,0.86,1,0
IWM190920C158,2019-09-18,2019-09-18 09:32:53,0.87,0.87,16,0.86,0.86,20,0.87,0.87,1,0.865,0.865,1,0
IWM190920C158,2019-09-18,2019-09-18 09:32:53,0.87,0.87,35,0.85,0.85,28,0.87,0.87,1,0.86,0.86,1,0
IWM190920C158,2019-09-18,2019-09-18 09:32:54,0.87,0.87,16,0.86,0.86,26,0.87,0.87,1,0.865,0.865,1,0
IWM190920C158,2019-09-18,2019-09-18 09:32:54,0.88,0.88,75,0.86,0.86,26,0.87,0.87,1,0.87,0.87,1,0
IWM190920C158,2019-09-18,2019-09-18 09:32:55,0.87,0.87,48,0.85,0.85,44,0.87,0.87,1,0.86,0.86,1,0
IWM190920C158,2019-09-18,2019-09-18 09:32:55,0.88,0.88,113,0.85,0.85,167,0.87,0.87,1,0.865,0.865,1,0
IWM190920C158,2019-09-18,2019-09-18 09:32:56,0.87,0.87,48,0.85,0.85,26,0.87,0.87,1,0.86,0.86,1,0
IWM190920C158,2019-09-18,2019-09-18 09:32:56,0.86,0.86,10,0.85,0.85,26,0.87,0.87,1,0.855,0.855,1,0
IWM190920C158,2019-09-18,2019-09-18 09:32:57,0.87,0.87,48,0.85,0.85,26,0.87,0.87,1,0.86,0.86,1,0
IWM190920C158,2019-09-18,2019-09-18 09:32:57,0.87,0.87,122,0.85,0.85,28,0.87,0.87,1,0.86,0.86,1,0
IWM190920C158,2019-09-18,2019-09-18 09:32:58,0.86,0.86,29,0.84,0.84,27,0.87,0.87,1,0.85,0.85,1,0
IWM190920C158,2019-09-18,2019-09-18 09:32:58,0.87,0.87,77,0.85,0.85,28,0.87,0.87,1,0.86,0.86,1,0
IWM190920C158,2019-09-18,2019-09-18 09:32:59,0.86,0.86,29,0.84,0.84,10,0.87,0.87,1,0.85,0.85,1,0
IWM190920C158,2019-09-18,2019-09-18 09:32:59,0.86,0.86,29,0.84,0.84,283,0.87,0.87,1,0.85,0.85,1,0
IWM190920C158,2019-09-18,2019-09-18 09:33:00,0.86,0.86,109,0.84,0.84,20,0.87,0.87,1,0.85,0.85,1,0
IWM190920C158,2019-09-18,2019-09-18 09:33:00,0.86,0.86,58,0.84,0.84,28,0.87,0.87,1,0.85,0.85,1,0
IWM190920C158,2019-09-18,2019-09-18 09:33:01,0.84,0.84,8,0.82,0.82,188,0.82,0.82,1,0.83,0.83,2,1
IWM190920C158,2019-09-18,2019-09-18 09:33:01,0.83,0.83,8,0.82,0.82,305,0.82,0.82,1,0.825,0.825,2,0
IWM190920C158,2019-09-18,2019-09-18 09:33:02,0.83,0.83,8,0.82,0.82,144,0.82,0.82,1,0.825,0.825,2,0
IWM190920C158,2019-09-18,2019-09-18 09:33:02,0.84,0.84,6,0.83,0.83,294,0.82,0.82,1,0.835,0.835,2,0
IWM190920C158,2019-09-18,2019-09-18 09:33:03,0.84,0.84,7,0.83,0.83,276,0.82,0.82,1,0.835,0.835,2,0
IWM190920C158,2019-09-18,2019-09-18 09:33:03,0.85,0.85,51,0.83,0.83,22,0.82,0.82,1,0.84,0.84,2,0
IWM190920C158,2019-09-18,2019-09-18 09:33:04,0.86,0.86,8,0.84,0.84,332,0.82,0.82,1,0.85,0.85,2,0
IWM190920C158,2019-09-18,2019-09-18 09:33:04,0.86,0.86,19,0.84,0.84,301,0.82,0.82,1,0.85,0.85,2,0
IWM190920C158,2019-09-18,2019-09-18 09:33:05,0.86,0.86,27,0.84,0.84,318,0.82,0.82,1,0.85,0.85,2,0
IWM190920C158,2019-09-18,2019-09-18 09:33:05,0.87,0.87,40,0.84,0.84,332,0.82,0.82,1,0.855,0.855,2,0
IWM190920C158,2019-09-18,2019-09-18 09:33:06,0.86,0.86,27,0.84,0.84,318,0.82,0.82,1,0.85,0.85,2,0
IWM190920C158,2019-09-18,2019-09-18 09:33:07,0.86,0.86,27,0.84,0.84,298,0.82,0.82,1,0.85,0.85,2,0
IWM190920C158,2019-09-18,2019-09-18 09:33:08,0.86,0.86,27,0.84,0.84,137,0.82,0.82,1,0.85,0.85,2,0
IWM190920C158,2019-09-18,2019-09-18 09:33:08,0.86,0.86,37,0.84,0.84,298,0.82,0.82,1,0.85,0.85,2,0
IWM190920C158,2019-09-18,2019-09-18 09:33:09,0.86,0.86,27,0.84,0.84,152,0.82,0.82,1,0.85,0.85,2,0
IWM190920C158,2019-09-18,2019-09-18 09:33:10,0.87,0.87,64,0.85,0.85,34,0.82,0.82,1,0.86,0.86,2,0
IWM190920C158,2019-09-18,2019-09-18 09:33:10,0.87,0.87,91,0.85,0.85,28,0.82,0.82,1,0.86,0.86,2,0
IWM190920C158,2019-09-18,2019-09-18 09:33:11,0.87,0.87,25,0.85,0.85,82,0.82,0.82,1,0.86,0.86,2,0
IWM190920C158,2019-09-18,2019-09-18 09:33:11,0.87,0.87,38,0.85,0.85,106,0.82,0.82,1,0.86,0.86,2,0
IWM190920C158,2019-09-18,2019-09-18 09:33:12,0.87,0.87,38,0.85,0.85,106,0.82,0.82,1,0.86,0.86,2,0
IWM190920C158,2019-09-18,2019-09-18 09:33:12,0.87,0.87,56,0.85,0.85,106,0.82,0.82,1,0.86,0.86,2,0
IWM190920C158,2019-09-18,2019-09-18 09:33:13,0.86,0.86,27,0.84,0.84,334,0.82,0.82,1,0.85,0.85,2,0
IWM190920C158,2019-09-18,2019-09-18 09:33:13,0.87,0.87,87,0.84,0.84,350,0.82,0.82,1,0.855,0.855,2,0
IWM190920C158,2019-09-18,2019-09-18 09:33:14,0.86,0.86,31,0.84,0.84,54,0.82,0.82,1,0.85,0.85,2,0
IWM190920C158,2019-09-18,2019-09-18 09:33:15,0.86,0.86,31,0.84,0.84,45,0.82,0.82,1,0.85,0.85,2,0
IWM190920C158,2019-09-18,2019-09-18 09:33:15,0.86,0.86,46,0.84,0.84,20,0.82,0.82,1,0.85,0.85,2,0
IWM190920C158,2019-09-18,2019-09-18 09:33:16,0.86,0.86,75,0.84,0.84,20,0.82,0.82,1,0.85,0.85,2,0
IWM190920C158,2019-09-18,2019-09-18 09:33:16,0.86,0.86,12,0.84,0.84,78,0.82,0.82,1,0.85,0.85,2,0
IWM190920C158,2019-09-18,2019-09-18 09:33:17,0.86,0.86,13,0.84,0.84,223,0.82,0.82,1,0.85,0.85,2,0
IWM190920C158,2019-09-18,2019-09-18 09:33:17,0.86,0.86,12,0.84,0.84,78,0.82,0.82,1,0.85,0.85,2,0
IWM190920C158,2019-09-18,2019-09-18 09:33:18,0.87,0.87,108,0.84,0.84,223,0.82,0.82,1,0.855,0.855,2,0
IWM190920C158,2019-09-18,2019-09-18 09:33:18,0.87,0.87,65,0.84,0.84,223,0.82,0.82,1,0.855,0.855,2,0
IWM190920C158,2019-09-18,2019-09-18 09:33:19,0.87,0.87,108,0.84,0.84,223,0.82,0.82,1,0.855,0.855,2,0
IWM190920C158,2019-09-18,2019-09-18 09:33:19,0.87,0.87,108,0.84,0.84,210,0.82,0.82,1,0.855,0.855,2,0
IWM190920C158,2019-09-18,2019-09-18 09:33:20,0.87,0.87,108,0.84,0.84,210,0.82,0.82,1,0.855,0.855,2,0
IWM190920C158,2019-09-18,2019-09-18 09:33:21,0.87,0.87,38,0.84,0.84,210,0.82,0.82,1,0.855,0.855,2,0
IWM190920C158,2019-09-18,2019-09-18 09:33:21,0.87,0.87,52,0.85,0.85,20,0.82,0.82,1,0.86,0.86,2,0
IWM190920C158,2019-09-18,2019-09-18 09:33:22,0.86,0.86,28,0.84,0.84,20,0.82,0.82,1,0.85,0.85,2,0
IWM190920C158,2019-09-18,2019-09-18 09:33:22,0.87,0.87,99,0.84,0.84,310,0.82,0.82,1,0.855,0.855,2,0
IWM190920C158,2019-09-18,2019-09-18 09:33:23,0.86,0.86,28,0.84,0.84,20,0.82,0.82,1,0.85,0.85,2,0
IWM190920C158,2019-09-18,2019-09-18 09:33:23,0.86,0.86,37,0.84,0.84,189,0.82,0.82,1,0.85,0.85,2,0
IWM190920C158,2019-09-18,2019-09-18 09:33:24,0.86,0.86,37,0.84,0.84,268,0.82,0.82,1,0.85,0.85,2,0
IWM190920C158,2019-09-18,2019-09-18 09:33:24,0.86,0.86,25,0.84,0.84,328,0.82,0.82,1,0.85,0.85,2,0
IWM190920C158,2019-09-18,2019-09-18 09:33:25,0.85,0.85,6,0.84,0.84,1,0.82,0.82,1,0.845,0.845,2,0
IWM190920C158,2019-09-18,2019-09-18 09:33:25,0.85,0.85,9,0.84,0.84,30,0.82,0.82,1,0.845,0.845,2,0
IWM190920C158,2019-09-18,2019-09-18 09:33:26,0.85,0.85,9,0.84,0.84,30,0.82,0.82,1,0.845,0.845,2,0
IWM190920C158,2019-09-18,2019-09-18 09:33:26,0.85,0.85,10,0.84,0.84,41,0.82,0.82,1,0.845,0.845,2,0
IWM190920C158,2019-09-18,2019-09-18 09:33:27,0.85,0.85,10,0.84,0.84,43,0.82,0.82,1,0.845,0.845,2,0
IWM190920C158,2019-09-18,2019-09-18 09:33:27,0.85,0.85,10,0.84,0.84,20,0.82,0.82,1,0.845,0.845,2,0
IWM190920C158,2019-09-18,2019-09-18 09:33:28,0.85,0.85,7,0.84,0.84,20,0.82,0.82,1,0.845,0.845,2,0
IWM190920C158,2019-09-18,2019-09-18 09:33:28,0.85,0.85,7,0.84,0.84,62,0.82,0.82,1,0.845,0.845,2,0
IWM190920C158,2019-09-18,2019-09-18 09:33:29,0.87,0.87,63,0.85,0.85,81,0.82,0.82,1,0.86,0.86,2,0
IWM190920C158,2019-09-18,2019-09-18 09:33:29,0.87,0.87,38,0.85,0.85,81,0.82,0.82,1,0.86,0.86,2,0
IWM190920C158,2019-09-18,2019-09-18 09:33:30,0.87,0.87,38,0.85,0.85,278,0.82,0.82,1,0.86,0.86,2,0
IWM190920C158,2019-09-18,2019-09-18 09:33:31,0.87,0.87,38,0.85,0.85,279,0.82,0.82,1,0.86,0.86,2,0
IWM190920C158,2019-09-18,2019-09-18 09:33:31,0.87,0.87,38,0.85,0.85,280,0.82,0.82,1,0.86,0.86,2,0
IWM190920C158,2019-09-18,2019-09-18 09:33:32,0.87,0.87,38,0.85,0.85,334,0.82,0.82,1,0.86,0.86,2,0
IWM190920C158,2019-09-18,2019-09-18 09:33:32,0.87,0.87,38,0.85,0.85,333,0.82,0.82,1,0.86,0.86,2,0
IWM190920C158,2019-09-18,2019-09-18 09:33:33,0.87,0.87,38,0.85,0.85,336,0.82,0.82,1,0.86,0.86,2,0
IWM190920C158,2019-09-18,2019-09-18 09:33:33,0.87,0.87,38,0.85,0.85,339,0.82,0.82,1,0.86,0.86,2,0
IWM190920C158,2019-09-18,2019-09-18 09:33:34,0.87,0.87,38,0.85,0.85,321,0.82,0.82,1,0.86,0.86,2,0
IWM190920C158,2019-09-18,2019-09-18 09:33:34,0.87,0.87,38,0.85,0.85,339,0.82,0.82,1,0.86,0.86,2,0
IWM190920C158,2019-09-18,2019-09-18 09:33:35,0.87,0.87,38,0.85,0.85,357,0.82,0.82,1,0.86,0.86,2,0
IWM190920C158,2019-09-18,2019-09-18 09:33:35,0.87,0.87,25,0.85,0.85,357,0.82,0.82,1,0.86,0.86,2,0
IWM190920C158,2019-09-18,2019-09-18 09:33:36,0.87,0.87,38,0.85,0.85,357,0.82,0.82,1,0.86,0.86,2,0
IWM190920C158,2019-09-18,2019-09-18 09:33:36,0.87,0.87,19,0.85,0.85,357,0.82,0.82,1,0.86,0.86,2,0
IWM190920C158,2019-09-18,2019-09-18 09:33:37,0.86,0.86,20,0.84,0.84,394,0.82,0.82,1,0.85,0.85,2,0
IWM190920C158,2019-09-18,2019-09-18 09:33:37,0.86,0.86,20,0.84,0.84,311,0.82,0.82,1,0.85,0.85,2,0
IWM190920C158,2019-09-18,2019-09-18 09:33:38,0.86,0.86,9,0.84,0.84,394,0.82,0.82,1,0.85,0.85,2,0
IWM190920C158,2019-09-18,2019-09-18 09:33:39,0.86,0.86,9,0.84,0.84,525,0.82,0.82,1,0.85,0.85,2,0
IWM190920C158,2019-09-18,2019-09-18 09:33:39,0.86,0.86,9,0.84,0.84,394,0.82,0.82,1,0.85,0.85,2,0
IWM190920C158,2019-09-18,2019-09-18 09:33:40,0.87,0.87,59,0.85,0.85,22,0.82,0.82,1,0.86,0.86,2,0
IWM190920C158,2019-09-18,2019-09-18 09:33:40,0.87,0.87,69,0.85,0.85,22,0.82,0.82,1,0.86,0.86,2,0
IWM190920C158,2019-09-18,2019-09-18 09:33:41,0.87,0.87,36,0.85,0.85,67,0.82,0.82,1,0.86,0.86,2,0
IWM190920C158,2019-09-18,2019-09-18 09:33:41,0.87,0.87,25,0.85,0.85,67,0.82,0.82,1,0.86,0.86,2,0
IWM190920C158,2019-09-18,2019-09-18 09:33:42,0.87,0.87,25,0.85,0.85,112,0.82,0.82,1,0.86,0.86,2,0
IWM190920C158,2019-09-18,2019-09-18 09:33:42,0.87,0.87,25,0.85,0.85,26,0.82,0.82,1,0.86,0.86,2,0
IWM190920C158,2019-09-18,2019-09-18 09:33:43,0.86,0.86,10,0.85,0.85,26,0.82,0.82,1,0.855,0.855,2,0
IWM190920C158,2019-09-18,2019-09-18 09:33:44,0.86,0.86,10,0.84,0.84,435,0.82,0.82,1,0.85,0.85,2,0
IWM190920C158,2019-09-18,2019-09-18 09:33:44,0.86,0.86,10,0.85,0.85,26,0.82,0.82,1,0.855,0.855,2,0
IWM190920C158,2019-09-18,2019-09-18 09:33:45,0.86,0.86,10,0.84,0.84,435,0.82,0.82,1,0.85,0.85,2,0
IWM190920C158,2019-09-18,2019-09-18 09:33:46,0.86,0.86,23,0.84,0.84,435,0.82,0.82,1,0.85,0.85,2,0
IWM190920C158,2019-09-18,2019-09-18 09:33:47,0.85,0.85,3,0.83,0.83,409,0.82,0.82,1,0.84,0.84,2,0
IWM190920C158,2019-09-18,2019-09-18 09:33:47,0.85,0.85,22,0.83,0.83,402,0.82,0.82,1,0.84,0.84,2,0
IWM190920C158,2019-09-18,2019-09-18 09:33:48,0.85,0.85,3,0.84,0.84,10,0.82,0.82,1,0.845,0.845,2,0
IWM190920C158,2019-09-18,2019-09-18 09:33:48,0.85,0.85,3,0.84,0.84,22,0.82,0.82,1,0.845,0.845,2,0
IWM190920C158,2019-09-18,2019-09-18 09:33:49,0.85,0.85,3,0.83,0.83,409,0.82,0.82,1,0.84,0.84,2,0
IWM190920C158,2019-09-18,2019-09-18 09:33:50,0.85,0.85,3,0.83,0.83,409,0.82,0.82,1,0.84,0.84,2,0
IWM190920C158,2019-09-18,2019-09-18 09:33:50,0.85,0.85,10,0.83,0.83,409,0.82,0.82,1,0.84,0.84,2,0
IWM190920C158,2019-09-18,2019-09-18 09:33:51,0.85,0.85,22,0.83,0.83,342,0.82,0.82,1,0.84,0.84,2,0
IWM190920C158,2019-09-18,2019-09-18 09:33:51,0.85,0.85,28,0.83,0.83,342,0.82,0.82,1,0.84,0.84,2,0
IWM190920C158,2019-09-18,2019-09-18 09:33:52,0.85,0.85,9,0.83,0.83,460,0.82,0.82,1,0.84,0.84,2,0
IWM190920C158,2019-09-18,2019-09-18 09:33:52,0.85,0.85,9,0.83,0.83,360,0.82,0.82,1,0.84,0.84,2,0
IWM190920C158,2019-09-18,2019-09-18 09:33:53,0.85,0.85,9,0.83,0.83,366,0.82,0.82,1,0.84,0.84,2,0
IWM190920C158,2019-09-18,2019-09-18 09:33:54,0.85,0.85,9,0.84,0.84,55,0.82,0.82,1,0.845,0.845,2,0
IWM190920C158,2019-09-18,2019-09-18 09:33:54,0.85,0.85,9,0.84,0.84,95,0.82,0.82,1,0.845,0.845,2,0
IWM190920C158,2019-09-18,2019-09-18 09:33:55,0.85,0.85,9,0.84,0.84,20,0.82,0.82,1,0.845,0.845,2,0
IWM190920C158,2019-09-18,2019-09-18 09:33:55,0.85,0.85,9,0.84,0.84,144,0.82,0.82,1,0.845,0.845,2,0
IWM190920C158,2019-09-18,2019-09-18 09:33:56,0.86,0.86,63,0.83,0.83,460,0.82,0.82,1,0.845,0.845,2,0
IWM190920C158,2019-09-18,2019-09-18 09:33:56,0.86,0.86,63,0.84,0.84,207,0.82,0.82,1,0.85,0.85,2,0
IWM190920C158,2019-09-18,2019-09-18 09:33:57,0.86,0.86,63,0.83,0.83,379,0.82,0.82,1,0.845,0.845,2,0
IWM190920C158,2019-09-18,2019-09-18 09:33:57,0.86,0.86,63,0.83,0.83,440,0.82,0.82,1,0.845,0.845,2,0
IWM190920C158,2019-09-18,2019-09-18 09:33:58,0.86,0.86,63,0.83,0.83,218,0.82,0.82,1,0.845,0.845,2,0
IWM190920C158,2019-09-18,2019-09-18 09:33:58,0.86,0.86,63,0.83,0.83,144,0.82,0.82,1,0.845,0.845,2,0
IWM190920C158,2019-09-18,2019-09-18 09:33:59,0.86,0.86,63,0.83,0.83,84,0.82,0.82,1,0.845,0.845,2,0
IWM190920C158,2019-09-18,2019-09-18 09:33:59,0.86,0.86,63,0.83,0.83,20,0.82,0.82,1,0.845,0.845,2,0
IWM190920C158,2019-09-18,2019-09-18 09:34:00,0.86,0.86,63,0.83,0.83,20,0.82,0.82,1,0.845,0.845,2,0
IWM190920C158,2019-09-18,2019-09-18 09:34:00,0.86,0.86,63,0.82,0.82,195,0.82,0.82,1,0.84,0.84,2,0
IWM190920C158,2019-09-18,2019-09-18 09:34:01,0.86,0.86,63,0.81,0.81,463,0.82,0.82,1,0.835,0.835,2,0
IWM190920C158,2019-09-18,2019-09-18 09:34:02,0.83,0.83,28,0.81,0.81,397,0.82,0.82,1,0.82,0.82,2,0
IWM190920C158,2019-09-18,2019-09-18 09:34:02,0.83,0.83,28,0.81,0.81,430,0.82,0.82,1,0.82,0.82,2,0
IWM190920C158,2019-09-18,2019-09-18 09:34:03,0.83,0.83,77,0.81,0.81,397,0.82,0.82,1,0.82,0.82,2,0
IWM190920C158,2019-09-18,2019-09-18 09:34:03,0.83,0.83,77,0.8,0.8,156,0.82,0.82,1,0.815,0.815,2,0
IWM190920C158,2019-09-18,2019-09-18 09:34:04,0.83,0.83,77,0.8,0.8,156,0.82,0.82,1,0.815,0.815,2,0
IWM190920C158,2019-09-18,2019-09-18 09:34:05,0.8,0.8,22,0.79,0.79,156,0.82,0.82,1,0.795,0.795,2,0
IWM190920C158,2019-09-18,2019-09-18 09:34:05,0.8,0.8,22,0.79,0.79,294,0.82,0.82,1,0.795,0.795,2,0
IWM190920C158,2019-09-18,2019-09-18 09:34:06,0.8,0.8,22,0.79,0.79,294,0.82,0.82,1,0.795,0.795,2,0
IWM190920C158,2019-09-18,2019-09-18 09:34:07,0.8,0.8,3,0.79,0.79,295,0.82,0.82,1,0.795,0.795,2,0
IWM190920C158,2019-09-18,2019-09-18 09:34:07,0.8,0.8,22,0.79,0.79,294,0.82,0.82,1,0.795,0.795,2,0
IWM190920C158,2019-09-18,2019-09-18 09:34:08,0.81,0.81,32,0.79,0.79,300,0.82,0.82,1,0.8,0.8,2,0
IWM190920C158,2019-09-18,2019-09-18 09:34:09,0.81,0.81,32,0.79,0.79,312,0.82,0.82,1,0.8,0.8,2,0
IWM190920C158,2019-09-18,2019-09-18 09:34:10,0.81,0.81,34,0.79,0.79,312,0.82,0.82,1,0.8,0.8,2,0
IWM190920C158,2019-09-18,2019-09-18 09:34:10,0.81,0.81,34,0.79,0.79,476,0.82,0.82,1,0.8,0.8,2,0
IWM190920C158,2019-09-18,2019-09-18 09:34:11,0.82,0.82,111,0.79,0.79,454,0.82,0.82,1,0.805,0.805,2,0
IWM190920C158,2019-09-18,2019-09-18 09:34:12,0.82,0.82,18,0.81,0.81,175,0.82,0.82,1,0.815,0.815,2,0
IWM190920C158,2019-09-18,2019-09-18 09:34:12,0.81,0.81,8,0.79,0.79,454,0.82,0.82,1,0.8,0.8,2,0
IWM190920C158,2019-09-18,2019-09-18 09:34:13,0.81,0.81,7,0.8,0.8,260,0.82,0.82,1,0.805,0.805,2,0
IWM190920C158,2019-09-18,2019-09-18 09:34:13,0.81,0.81,26,0.8,0.8,274,0.82,0.82,1,0.805,0.805,2,0
IWM190920C158,2019-09-18,2019-09-18 09:34:14,0.81,0.81,7,0.8,0.8,300,0.82,0.82,1,0.805,0.805,2,0
IWM190920C158,2019-09-18,2019-09-18 09:34:15,0.81,0.81,26,0.8,0.8,156,0.82,0.82,1,0.805,0.805,2,0
IWM190920C158,2019-09-18,2019-09-18 09:34:15,0.81,0.81,26,0.8,0.8,294,0.82,0.82,1,0.805,0.805,2,0
IWM190920C158,2019-09-18,2019-09-18 09:34:16,0.81,0.81,26,0.8,0.8,294,0.82,0.82,1,0.805,0.805,2,0
IWM190920C158,2019-09-18,2019-09-18 09:34:16,0.81,0.81,26,0.8,0.8,295,0.82,0.82,1,0.805,0.805,2,0
IWM190920C158,2019-09-18,2019-09-18 09:34:17,0.81,0.81,26,0.8,0.8,295,0.82,0.82,1,0.805,0.805,2,0
IWM190920C158,2019-09-18,2019-09-18 09:34:17,0.81,0.81,26,0.79,0.79,198,0.82,0.82,1,0.8,0.8,2,0
IWM190920C158,2019-09-18,2019-09-18 09:34:18,0.81,0.81,33,0.79,0.79,389,0.82,0.82,1,0.8,0.8,2,0
IWM190920C158,2019-09-18,2019-09-18 09:34:19,0.81,0.81,33,0.79,0.79,389,0.82,0.82,1,0.8,0.8,2,0
IWM190920C158,2019-09-18,2019-09-18 09:34:20,0.81,0.81,33,0.79,0.79,389,0.82,0.82,1,0.8,0.8,2,0
IWM190920C158,2019-09-18,2019-09-18 09:34:21,0.81,0.81,32,0.79,0.79,273,0.82,0.82,1,0.8,0.8,2,0
IWM190920C158,2019-09-18,2019-09-18 09:34:21,0.81,0.81,32,0.79,0.79,401,0.82,0.82,1,0.8,0.8,2,0
IWM190920C158,2019-09-18,2019-09-18 09:34:22,0.82,0.82,44,0.8,0.8,19,0.82,0.82,1,0.81,0.81,2,0
IWM190920C158,2019-09-18,2019-09-18 09:34:22,0.82,0.82,66,0.8,0.8,390,0.82,0.82,1,0.81,0.81,2,0
IWM190920C158,2019-09-18,2019-09-18 09:34:23,0.82,0.82,66,0.8,0.8,390,0.82,0.82,1,0.81,0.81,2,0
IWM190920C158,2019-09-18,2019-09-18 09:34:24,0.82,0.82,66,0.8,0.8,319,0.82,0.82,1,0.81,0.81,2,0
IWM190920C158,2019-09-18,2019-09-18 09:34:24,0.82,0.82,66,0.8,0.8,318,0.82,0.82,1,0.81,0.81,2,0
IWM190920C158,2019-09-18,2019-09-18 09:34:25,0.82,0.82,66,0.8,0.8,319,0.82,0.82,1,0.81,0.81,2,0
IWM190920C158,2019-09-18,2019-09-18 09:34:25,0.81,0.81,8,0.8,0.8,295,0.82,0.82,1,0.805,0.805,2,0
IWM190920C158,2019-09-18,2019-09-18 09:34:26,0.82,0.82,63,0.8,0.8,295,0.82,0.82,1,0.81,0.81,2,0
IWM190920C158,2019-09-18,2019-09-18 09:34:26,0.82,0.82,35,0.8,0.8,311,0.82,0.82,1,0.81,0.81,2,0
IWM190920C158,2019-09-18,2019-09-18 09:34:27,0.82,0.82,106,0.8,0.8,159,0.82,0.82,1,0.81,0.81,2,0
IWM190920C158,2019-09-18,2019-09-18 09:34:27,0.81,0.81,27,0.8,0.8,267,0.82,0.82,1,0.805,0.805,2,0
IWM190920C158,2019-09-18,2019-09-18 09:34:28,0.81,0.81,27,0.8,0.8,291,0.82,0.82,1,0.805,0.805,2,0
IWM190920C158,2019-09-18,2019-09-18 09:34:28,0.81,0.81,27,0.8,0.8,267,0.82,0.82,1,0.805,0.805,2,0
IWM190920C158,2019-09-18,2019-09-18 09:34:29,0.81,0.81,27,0.8,0.8,291,0.82,0.82,1,0.805,0.805,2,0
IWM190920C158,2019-09-18,2019-09-18 09:34:29,0.81,0.81,46,0.79,0.79,373,0.82,0.82,1,0.8,0.8,2,0
IWM190920C158,2019-09-18,2019-09-18 09:34:30,0.81,0.81,79,0.79,0.79,373,0.82,0.82,1,0.8,0.8,2,0
IWM190920C158,2019-09-18,2019-09-18 09:34:30,0.81,0.81,21,0.79,0.79,316,0.82,0.82,1,0.8,0.8,2,0
IWM190920C158,2019-09-18,2019-09-18 09:34:31,0.81,0.81,29,0.79,0.79,461,0.82,0.82,1,0.8,0.8,2,0
IWM190920C158,2019-09-18,2019-09-18 09:34:31,0.81,0.81,29,0.79,0.79,424,0.82,0.82,1,0.8,0.8,2,0
IWM190920C158,2019-09-18,2019-09-18 09:34:32,0.81,0.81,29,0.79,0.79,357,0.82,0.82,1,0.8,0.8,2,0
IWM190920C158,2019-09-18,2019-09-18 09:34:32,0.81,0.81,29,0.79,0.79,227,0.82,0.82,1,0.8,0.8,2,0
IWM190920C158,2019-09-18,2019-09-18 09:34:33,0.8,0.8,27,0.79,0.79,357,0.82,0.82,1,0.795,0.795,2,0
IWM190920C158,2019-09-18,2019-09-18 09:34:33,0.8,0.8,27,0.79,0.79,294,0.82,0.82,1,0.795,0.795,2,0
IWM190920C158,2019-09-18,2019-09-18 09:34:34,0.8,0.8,8,0.79,0.79,294,0.82,0.82,1,0.795,0.795,2,0
IWM190920C158,2019-09-18,2019-09-18 09:34:34,0.8,0.8,273,0.8,0.8,1,0.8,0.8,5,0.8,0.8,52,50
IWM190920C158,2019-09-18,2019-09-18 09:34:35,0.8,0.8,273,0.79,0.79,303,0.8,0.8,8,0.795,0.795,60,8
IWM190920C158,2019-09-18,2019-09-18 09:34:35,0.81,0.81,74,0.79,0.79,303,0.8,0.8,8,0.8,0.8,60,0
IWM190920C158,2019-09-18,2019-09-18 09:34:36,0.81,0.81,74,0.79,0.79,301,0.8,0.8,8,0.8,0.8,60,0
IWM190920C158,2019-09-18,2019-09-18 09:34:36,0.8,0.8,28,0.79,0.79,10,0.8,0.8,8,0.795,0.795,60,0
IWM190920C158,2019-09-18,2019-09-18 09:34:37,0.8,0.8,119,0.78,0.78,358,0.8,0.8,8,0.79,0.79,60,0
IWM190920C158,2019-09-18,2019-09-18 09:34:38,0.8,0.8,87,0.78,0.78,368,0.8,0.8,8,0.79,0.79,60,0
IWM190920C158,2019-09-18,2019-09-18 09:34:39,0.8,0.8,87,0.78,0.78,368,0.8,0.8,8,0.79,0.79,60,0
IWM190920C158,2019-09-18,2019-09-18 09:34:40,0.79,0.79,10,0.78,0.78,298,0.8,0.8,8,0.785,0.785,60,0
IWM190920C158,2019-09-18,2019-09-18 09:34:40,0.79,0.79,10,0.78,0.78,350,0.8,0.8,8,0.785,0.785,60,0
IWM190920C158,2019-09-18,2019-09-18 09:34:41,0.79,0.79,10,0.78,0.78,298,0.8,0.8,8,0.785,0.785,60,0
IWM190920C158,2019-09-18,2019-09-18 09:34:41,0.81,0.81,9,0.8,0.8,164,0.8,0.8,8,0.805,0.805,60,0
IWM190920C158,2019-09-18,2019-09-18 09:34:42,0.81,0.81,20,0.79,0.79,318,0.8,0.8,8,0.8,0.8,60,0
IWM190920C158,2019-09-18,2019-09-18 09:34:42,0.81,0.81,34,0.79,0.79,304,0.8,0.8,8,0.8,0.8,60,0
IWM190920C158,2019-09-18,2019-09-18 09:34:43,0.81,0.81,25,0.79,0.79,386,0.8,0.8,8,0.8,0.8,60,0
IWM190920C158,2019-09-18,2019-09-18 09:34:43,0.81,0.81,25,0.79,0.79,416,0.8,0.8,8,0.8,0.8,60,0
IWM190920C158,2019-09-18,2019-09-18 09:34:44,0.81,0.81,25,0.79,0.79,386,0.8,0.8,8,0.8,0.8,60,0
IWM190920C158,2019-09-18,2019-09-18 09:34:44,0.81,0.81,99,0.79,0.79,386,0.8,0.8,8,0.8,0.8,60,0
IWM190920C158,2019-09-18,2019-09-18 09:34:45,0.81,0.81,99,0.79,0.79,367,0.8,0.8,8,0.8,0.8,60,0
IWM190920C158,2019-09-18,2019-09-18 09:34:46,0.81,0.81,99,0.79,0.79,375,0.8,0.8,8,0.8,0.8,60,0
IWM190920C158,2019-09-18,2019-09-18 09:34:46,0.81,0.81,99,0.79,0.79,391,0.8,0.8,8,0.8,0.8,60,0
IWM190920C158,2019-09-18,2019-09-18 09:34:47,0.81,0.81,99,0.79,0.79,375,0.8,0.8,8,0.8,0.8,60,0
IWM190920C158,2019-09-18,2019-09-18 09:34:47,0.81,0.81,99,0.79,0.79,353,0.8,0.8,8,0.8,0.8,60,0
IWM190920C158,2019-09-18,2019-09-18 09:34:48,0.81,0.81,116,0.79,0.79,382,0.8,0.8,8,0.8,0.8,60,0
IWM190920C158,2019-09-18,2019-09-18 09:34:48,0.81,0.81,109,0.79,0.79,317,0.8,0.8,8,0.8,0.8,60,0
IWM190920C158,2019-09-18,2019-09-18 09:34:49,0.8,0.8,29,0.79,0.79,161,0.8,0.8,8,0.795,0.795,60,0
IWM190920C158,2019-09-18,2019-09-18 09:34:49,0.8,0.8,29,0.79,0.79,164,0.8,0.8,8,0.795,0.795,60,0
IWM190920C158,2019-09-18,2019-09-18 09:34:50,0.8,0.8,29,0.79,0.79,164,0.8,0.8,8,0.795,0.795,60,0
IWM190920C158,2019-09-18,2019-09-18 09:34:51,0.81,0.81,100,0.79,0.79,323,0.8,0.8,8,0.8,0.8,60,0
IWM190920C158,2019-09-18,2019-09-18 09:34:51,0.81,0.81,82,0.79,0.79,351,0.8,0.8,8,0.8,0.8,60,0
IWM190920C158,2019-09-18,2019-09-18 09:34:52,0.81,0.81,118,0.79,0.79,323,0.8,0.8,8,0.8,0.8,60,0
IWM190920C158,2019-09-18,2019-09-18 09:34:52,0.81,0.81,106,0.79,0.79,323,0.8,0.8,8,0.8,0.8,60,0
IWM190920C158,2019-09-18,2019-09-18 09:34:53,0.8,0.8,30,0.79,0.79,323,0.8,0.8,8,0.795,0.795,60,0
IWM190920C158,2019-09-18,2019-09-18 09:34:53,0.8,0.8,37,0.78,0.78,234,0.8,0.8,8,0.79,0.79,60,0
IWM190920C158,2019-09-18,2019-09-18 09:34:54,0.8,0.8,150,0.78,0.78,369,0.8,0.8,8,0.79,0.79,60,0
IWM190920C158,2019-09-18,2019-09-18 09:34:54,0.8,0.8,103,0.78,0.78,369,0.8,0.8,8,0.79,0.79,60,0
IWM190920C158,2019-09-18,2019-09-18 09:34:55,0.79,0.79,10,0.77,0.77,308,0.8,0.8,8,0.78,0.78,60,0
IWM190920C158,2019-09-18,2019-09-18 09:34:55,0.79,0.79,10,0.77,0.77,184,0.8,0.8,8,0.78,0.78,60,0
IWM190920C158,2019-09-18,2019-09-18 09:34:56,0.79,0.79,10,0.77,0.77,308,0.8,0.8,8,0.78,0.78,60,0
IWM190920C158,2019-09-18,2019-09-18 09:34:56,0.79,0.79,10,0.77,0.77,303,0.8,0.8,8,0.78,0.78,60,0
IWM190920C158,2019-09-18,2019-09-18 09:34:57,0.78,0.78,12,0.77,0.77,308,0.8,0.8,8,0.775,0.775,60,0
IWM190920C158,2019-09-18,2019-09-18 09:34:57,0.78,0.78,12,0.77,0.77,343,0.8,0.8,8,0.775,0.775,60,0
IWM190920C158,2019-09-18,2019-09-18 09:34:58,0.79,0.79,106,0.77,0.77,308,0.8,0.8,8,0.78,0.78,60,0
IWM190920C158,2019-09-18,2019-09-18 09:34:59,0.79,0.79,143,0.77,0.77,343,0.8,0.8,8,0.78,0.78,60,0
IWM190920C158,2019-09-18,2019-09-18 09:35:00,0.79,0.79,107,0.77,0.77,308,0.8,0.8,8,0.78,0.78,60,0
IWM190920C158,2019-09-18,2019-09-18 09:35:00,0.79,0.79,253,0.77,0.77,308,0.8,0.8,8,0.78,0.78,60,0
IWM190920C158,2019-09-18,2019-09-18 09:35:01,0.77,0.77,13,0.76,0.76,184,0.8,0.8,8,0.765,0.765,60,0
IWM190920C158,2019-09-18,2019-09-18 09:35:01,0.79,0.79,297,0.77,0.77,184,0.8,0.8,8,0.78,0.78,60,0
IWM190920C158,2019-09-18,2019-09-18 09:35:02,0.78,0.78,204,0.76,0.76,304,0.8,0.8,8,0.77,0.77,60,0
IWM190920C158,2019-09-18,2019-09-18 09:35:02,0.78,0.78,234,0.76,0.76,341,0.8,0.8,8,0.77,0.77,60,0
IWM190920C158,2019-09-18,2019-09-18 09:35:03,0.78,0.78,170,0.76,0.76,249,0.8,0.8,8,0.77,0.77,60,0
IWM190920C158,2019-09-18,2019-09-18 09:35:03,0.78,0.78,199,0.76,0.76,361,0.8,0.8,8,0.77,0.77,60,0
IWM190920C158,2019-09-18,2019-09-18 09:35:04,0.78,0.78,167,0.77,0.77,150,0.8,0.8,8,0.775,0.775,60,0
IWM190920C158,2019-09-18,2019-09-18 09:35:04,0.77,0.77,13,0.76,0.76,171,0.8,0.8,8,0.765,0.765,60,0
IWM190920C158,2019-09-18,2019-09-18 09:35:05,0.78,0.78,200,0.76,0.76,171,0.8,0.8,8,0.77,0.77,60,0
IWM190920C158,2019-09-18,2019-09-18 09:35:05,0.77,0.77,98,0.75,0.75,316,0.8,0.8,8,0.76,0.76,60,0
IWM190920C158,2019-09-18,2019-09-18 09:35:06,0.76,0.76,1,0.75,0.75,337,0.8,0.8,8,0.755,0.755,60,0
IWM190920C158,2019-09-18,2019-09-18 09:35:06,0.76,0.76,12,0.75,0.75,350,0.8,0.8,8,0.755,0.755,60,0
IWM190920C158,2019-09-18,2019-09-18 09:35:07,0.77,0.77,149,0.75,0.75,337,0.75,0.75,1,0.76,0.76,61,1
IWM190920C158,2019-09-18,2019-09-18 09:35:07,0.78,0.78,48,0.76,0.76,374,0.75,0.75,1,0.77,0.77,61,0
IWM190920C158,2019-09-18,2019-09-18 09:35:08,0.78,0.78,78,0.76,0.76,382,0.75,0.75,1,0.77,0.77,61,0
IWM190920C158,2019-09-18,2019-09-18 09:35:08,0.79,0.79,58,0.77,0.77,168,0.75,0.75,1,0.78,0.78,61,0
IWM190920C158,2019-09-18,2019-09-18 09:35:09,0.79,0.79,85,0.77,0.77,285,0.75,0.75,1,0.78,0.78,61,0
IWM190920C158,2019-09-18,2019-09-18 09:35:10,0.79,0.79,13,0.78,0.78,154,0.75,0.75,1,0.785,0.785,61,0
IWM190920C158,2019-09-18,2019-09-18 09:35:11,0.8,0.8,78,0.77,0.77,266,0.75,0.75,1,0.785,0.785,61,0
IWM190920C158,2019-09-18,2019-09-18 09:35:11,0.79,0.79,36,0.77,0.77,350,0.75,0.75,1,0.78,0.78,61,0
IWM190920C158,2019-09-18,2019-09-18 09:35:12,0.8,0.8,67,0.77,0.77,318,0.75,0.75,1,0.785,0.785,61,0
IWM190920C158,2019-09-18,2019-09-18 09:35:12,0.8,0.8,86,0.78,0.78,294,0.75,0.75,1,0.79,0.79,61,0
IWM190920C158,2019-09-18,2019-09-18 09:35:13,0.79,0.79,13,0.78,0.78,154,0.75,0.75,1,0.785,0.785,61,0
IWM190920C158,2019-09-18,2019-09-18 09:35:13,0.8,0.8,97,0.78,0.78,294,0.75,0.75,1,0.79,0.79,61,0
IWM190920C158,2019-09-18,2019-09-18 09:35:14,0.79,0.79,3,0.77,0.77,333,0.75,0.75,1,0.78,0.78,61,0
IWM190920C158,2019-09-18,2019-09-18 09:35:14,0.79,0.79,19,0.77,0.77,201,0.75,0.75,1,0.78,0.78,61,0
IWM190920C158,2019-09-18,2019-09-18 09:35:15,0.8,0.8,106,0.78,0.78,28,0.75,0.75,1,0.79,0.79,61,0
IWM190920C158,2019-09-18,2019-09-18 09:35:15,0.79,0.79,1,0.77,0.77,398,0.75,0.75,1,0.78,0.78,61,0
IWM190920C158,2019-09-18,2019-09-18 09:35:16,0.8,0.8,40,0.78,0.78,20,0.75,0.75,1,0.79,0.79,61,0
IWM190920C158,2019-09-18,2019-09-18 09:35:17,0.8,0.8,53,0.78,0.78,290,0.75,0.75,1,0.79,0.79,61,0
IWM190920C158,2019-09-18,2019-09-18 09:35:18,0.8,0.8,64,0.78,0.78,290,0.75,0.75,1,0.79,0.79,61,0
IWM190920C158,2019-09-18,2019-09-18 09:35:18,0.8,0.8,38,0.78,0.78,290,0.75,0.75,1,0.79,0.79,61,0
IWM190920C158,2019-09-18,2019-09-18 09:35:19,0.8,0.8,51,0.78,0.78,290,0.75,0.75,1,0.79,0.79,61,0
IWM190920C158,2019-09-18,2019-09-18 09:35:20,0.8,0.8,51,0.78,0.78,290,0.75,0.75,1,0.79,0.79,61,0
IWM190920C158,2019-09-18,2019-09-18 09:35:21,0.8,0.8,77,0.78,0.78,290,0.75,0.75,1,0.79,0.79,61,0
IWM190920C158,2019-09-18,2019-09-18 09:35:22,0.79,0.79,49,0.77,0.77,294,0.75,0.75,1,0.78,0.78,61,0
IWM190920C158,2019-09-18,2019-09-18 09:35:22,0.79,0.79,15,0.77,0.77,290,0.75,0.75,1,0.78,0.78,61,0
IWM190920C158,2019-09-18,2019-09-18 09:35:23,0.79,0.79,83,0.77,0.77,294,0.75,0.75,1,0.78,0.78,61,0
IWM190920C158,2019-09-18,2019-09-18 09:35:24,0.78,0.78,21,0.77,0.77,294,0.75,0.75,1,0.775,0.775,61,0
IWM190920C158,2019-09-18,2019-09-18 09:35:24,0.78,0.78,23,0.76,0.76,283,0.75,0.75,1,0.77,0.77,61,0
IWM190920C158,2019-09-18,2019-09-18 09:35:25,0.78,0.78,169,0.75,0.75,270,0.75,0.75,1,0.765,0.765,61,0
IWM190920C158,2019-09-18,2019-09-18 09:35:25,0.78,0.78,124,0.76,0.76,283,0.75,0.75,1,0.77,0.77,61,0
IWM190920C158,2019-09-18,2019-09-18 09:35:26,0.77,0.77,45,0.75,0.75,290,0.75,0.75,1,0.76,0.76,61,0
IWM190920C158,2019-09-18,2019-09-18 09:35:26,0.78,0.78,169,0.75,0.75,270,0.75,0.75,1,0.765,0.765,61,0
IWM190920C158,2019-09-18,2019-09-18 09:35:27,0.78,0.78,72,0.76,0.76,194,0.75,0.75,1,0.77,0.77,61,0
IWM190920C158,2019-09-18,2019-09-18 09:35:27,0.78,0.78,72,0.76,0.76,303,0.75,0.75,1,0.77,0.77,61,0
IWM190920C158,2019-09-18,2019-09-18 09:35:28,0.79,0.79,47,0.77,0.77,183,0.75,0.75,1,0.78,0.78,61,0
IWM190920C158,2019-09-18,2019-09-18 09:35:28,0.79,0.79,58,0.77,0.77,183,0.75,0.75,1,0.78,0.78,61,0
IWM190920C158,2019-09-18,2019-09-18 09:35:29,0.79,0.79,90,0.76,0.76,294,0.75,0.75,1,0.775,0.775,61,0
IWM190920C158,2019-09-18,2019-09-18 09:35:29,0.79,0.79,90,0.77,0.77,149,0.75,0.75,1,0.78,0.78,61,0
IWM190920C158,2019-09-18,2019-09-18 09:35:30,0.78,0.78,79,0.76,0.76,291,0.75,0.75,1,0.77,0.77,61,0
IWM190920C158,2019-09-18,2019-09-18 09:35:30,0.77,0.77,14,0.76,0.76,341,0.75,0.75,1,0.765,0.765,61,0
IWM190920C158,2019-09-18,2019-09-18 09:35:31,0.79,0.79,71,0.77,0.77,231,0.75,0.75,1,0.78,0.78,61,0
IWM190920C158,2019-09-18,2019-09-18 09:35:31,0.79,0.79,138,0.77,0.77,303,0.75,0.75,1,0.78,0.78,61,0
IWM190920C158,2019-09-18,2019-09-18 09:35:32,0.78,0.78,33,0.77,0.77,152,0.75,0.75,1,0.775,0.775,61,0
IWM190920C158,2019-09-18,2019-09-18 09:35:32,0.79,0.79,101,0.77,0.77,231,0.75,0.75,1,0.78,0.78,61,0
IWM190920C158,2019-09-18,2019-09-18 09:35:33,0.78,0.78,33,0.77,0.77,152,0.75,0.75,1,0.775,0.775,61,0
IWM190920C158,2019-09-18,2019-09-18 09:35:33,0.78,0.78,33,0.76,0.76,173,0.75,0.75,1,0.77,0.77,61,0
IWM190920C158,2019-09-18,2019-09-18 09:35:34,0.78,0.78,33,0.76,0.76,173,0.75,0.75,1,0.77,0.77,61,0
IWM190920C158,2019-09-18,2019-09-18 09:35:35,0.78,0.78,39,0.76,0.76,173,0.75,0.75,1,0.77,0.77,61,0
IWM190920C158,2019-09-18,2019-09-18 09:35:35,0.78,0.78,39,0.76,0.76,259,0.75,0.75,1,0.77,0.77,61,0
IWM190920C158,2019-09-18,2019-09-18 09:35:36,0.78,0.78,39,0.76,0.76,173,0.75,0.75,1,0.77,0.77,61,0
IWM190920C158,2019-09-18,2019-09-18 09:35:37,0.78,0.78,39,0.76,0.76,173,0.75,0.75,1,0.77,0.77,61,0
IWM190920C158,2019-09-18,2019-09-18 09:35:38,0.78,0.78,39,0.76,0.76,173,0.75,0.75,1,0.77,0.77,61,0
IWM190920C158,2019-09-18,2019-09-18 09:35:38,0.78,0.78,15,0.76,0.76,301,0.75,0.75,1,0.77,0.77,61,0
IWM190920C158,2019-09-18,2019-09-18 09:35:39,0.78,0.78,14,0.77,0.77,149,0.75,0.75,1,0.775,0.775,61,0
IWM190920C158,2019-09-18,2019-09-18 09:35:39,0.79,0.79,95,0.77,0.77,149,0.75,0.75,1,0.78,0.78,61,0
IWM190920C158,2019-09-18,2019-09-18 09:35:40,0.79,0.79,95,0.77,0.77,149,0.75,0.75,1,0.78,0.78,61,0
IWM190920C158,2019-09-18,2019-09-18 09:35:40,0.79,0.79,58,0.77,0.77,288,0.75,0.75,1,0.78,0.78,61,0
IWM190920C158,2019-09-18,2019-09-18 09:35:41,0.79,0.79,58,0.77,0.77,288,0.75,0.75,1,0.78,0.78,61,0
IWM190920C158,2019-09-18,2019-09-18 09:35:41,0.79,0.79,83,0.77,0.77,265,0.75,0.75,1,0.78,0.78,61,0
IWM190920C158,2019-09-18,2019-09-18 09:35:42,0.79,0.79,59,0.77,0.77,265,0.75,0.75,1,0.78,0.78,61,0
IWM190920C158,2019-09-18,2019-09-18 09:35:42,0.79,0.79,59,0.77,0.77,329,0.75,0.75,1,0.78,0.78,61,0
IWM190920C158,2019-09-18,2019-09-18 09:35:43,0.8,0.8,40,0.78,0.78,373,0.75,0.75,1,0.79,0.79,61,0
IWM190920C158,2019-09-18,2019-09-18 09:35:43,0.8,0.8,40,0.78,0.78,307,0.75,0.75,1,0.79,0.79,61,0
IWM190920C158,2019-09-18,2019-09-18 09:35:44,0.8,0.8,71,0.78,0.78,307,0.75,0.75,1,0.79,0.79,61,0
IWM190920C158,2019-09-18,2019-09-18 09:35:44,0.8,0.8,40,0.78,0.78,355,0.75,0.75,1,0.79,0.79,61,0
IWM190920C158,2019-09-18,2019-09-18 09:35:45,0.8,0.8,105,0.78,0.78,294,0.75,0.75,1,0.79,0.79,61,0
IWM190920C158,2019-09-18,2019-09-18 09:35:45,0.8,0.8,71,0.78,0.78,307,0.75,0.75,1,0.79,0.79,61,0
IWM190920C158,2019-09-18,2019-09-18 09:35:46,0.8,0.8,105,0.78,0.78,390,0.75,0.75,1,0.79,0.79,61,0
IWM190920C158,2019-09-18,2019-09-18 09:35:46,0.8,0.8,105,0.78,0.78,416,0.75,0.75,1,0.79,0.79,61,0
IWM190920C158,2019-09-18,2019-09-18 09:35:47,0.79,0.79,11,0.77,0.77,353,0.75,0.75,1,0.78,0.78,61,0
IWM190920C158,2019-09-18,2019-09-18 09:35:47,0.8,0.8,105,0.78,0.78,390,0.75,0.75,1,0.79,0.79,61,0
IWM190920C158,2019-09-18,2019-09-18 09:35:48,0.79,0.79,30,0.77,0.77,387,0.75,0.75,1,0.78,0.78,61,0
IWM190920C158,2019-09-18,2019-09-18 09:35:48,0.79,0.79,30,0.77,0.77,344,0.75,0.75,1,0.78,0.78,61,0
IWM190920C158,2019-09-18,2019-09-18 09:35:49,0.79,0.79,30,0.77,0.77,348,0.75,0.75,1,0.78,0.78,61,0
IWM190920C158,2019-09-18,2019-09-18 09:35:50,0.79,0.79,88,0.77,0.77,337,0.75,0.75,1,0.78,0.78,61,0
IWM190920C158,2019-09-18,2019-09-18 09:35:50,0.79,0.79,67,0.77,0.77,337,0.75,0.75,1,0.78,0.78,61,0
IWM190920C158,2019-09-18,2019-09-18 09:35:51,0.78,0.78,13,0.77,0.77,149,0.75,0.75,1,0.775,0.775,61,0
IWM190920C158,2019-09-18,2019-09-18 09:35:51,0.79,0.79,121,0.77,0.77,337,0.75,0.75,1,0.78,0.78,61,0
IWM190920C158,2019-09-18,2019-09-18 09:35:52,0.79,0.79,59,0.77,0.77,293,0.75,0.75,1,0.78,0.78,61,0
IWM190920C158,2019-09-18,2019-09-18 09:35:52,0.78,0.78,13,0.77,0.77,284,0.75,0.75,1,0.775,0.775,61,0
IWM190920C158,2019-09-18,2019-09-18 09:35:53,0.79,0.79,38,0.77,0.77,316,0.75,0.75,1,0.78,0.78,61,0
IWM190920C158,2019-09-18,2019-09-18 09:35:54,0.79,0.79,82,0.77,0.77,319,0.75,0.75,1,0.78,0.78,61,0
IWM190920C158,2019-09-18,2019-09-18 09:35:55,0.79,0.79,19,0.77,0.77,319,0.75,0.75,1,0.78,0.78,61,0
IWM190920C158,2019-09-18,2019-09-18 09:35:55,0.79,0.79,14,0.78,0.78,28,0.75,0.75,1,0.785,0.785,61,0
IWM190920C158,2019-09-18,2019-09-18 09:35:56,0.79,0.79,20,0.78,0.78,28,0.75,0.75,1,0.785,0.785,61,0
IWM190920C158,2019-09-18,2019-09-18 09:35:56,0.79,0.79,75,0.77,0.77,351,0.75,0.75,1,0.78,0.78,61,0
IWM190920C158,2019-09-18,2019-09-18 09:35:57,0.79,0.79,87,0.77,0.77,351,0.75,0.75,1,0.78,0.78,61,0
IWM190920C158,2019-09-18,2019-09-18 09:35:57,0.78,0.78,34,0.76,0.76,346,0.75,0.75,1,0.77,0.77,61,0
IWM190920C158,2019-09-18,2019-09-18 09:35:58,0.78,0.78,10,0.76,0.76,387,0.75,0.75,1,0.77,0.77,61,0
IWM190920C158,2019-09-18,2019-09-18 09:35:58,0.78,0.78,17,0.76,0.76,390,0.75,0.75,1,0.77,0.77,61,0
IWM190920C158,2019-09-18,2019-09-18 09:35:59,0.78,0.78,6,0.76,0.76,406,0.75,0.75,1,0.77,0.77,61,0
IWM190920C158,2019-09-18,2019-09-18 09:36:00,0.78,0.78,23,0.76,0.76,171,0.75,0.75,1,0.77,0.77,61,0
IWM190920C158,2019-09-18,2019-09-18 09:36:00,0.78,0.78,110,0.76,0.76,220,0.75,0.75,1,0.77,0.77,61,0
IWM190920C158,2019-09-18,2019-09-18 09:36:01,0.79,0.79,73,0.77,0.77,217,0.75,0.75,1,0.78,0.78,61,0
IWM190920C158,2019-09-18,2019-09-18 09:36:01,0.79,0.79,107,0.76,0.76,373,0.75,0.75,1,0.775,0.775,61,0
IWM190920C158,2019-09-18,2019-09-18 09:36:02,0.78,0.78,62,0.76,0.76,284,0.75,0.75,1,0.77,0.77,61,0
IWM190920C158,2019-09-18,2019-09-18 09:36:02,0.77,0.77,10,0.76,0.76,351,0.75,0.75,1,0.765,0.765,61,0
IWM190920C158,2019-09-18,2019-09-18 09:36:03,0.78,0.78,62,0.76,0.76,149,0.75,0.75,1,0.77,0.77,61,0
IWM190920C158,2019-09-18,2019-09-18 09:36:03,0.77,0.77,29,0.76,0.76,154,0.75,0.75,1,0.765,0.765,61,0
IWM190920C158,2019-09-18,2019-09-18 09:36:04,0.78,0.78,198,0.76,0.76,154,0.75,0.75,1,0.77,0.77,61,0
IWM190920C158,2019-09-18,2019-09-18 09:36:04,0.78,0.78,179,0.76,0.76,154,0.75,0.75,1,0.77,0.77,61,0
IWM190920C158,2019-09-18,2019-09-18 09:36:05,0.78,0.78,171,0.76,0.76,284,0.75,0.75,1,0.77,0.77,61,0
IWM190920C158,2019-09-18,2019-09-18 09:36:05,0.78,0.78,210,0.76,0.76,284,0.75,0.75,1,0.77,0.77,61,0
IWM190920C158,2019-09-18,2019-09-18 09:36:06,0.77,0.77,40,0.76,0.76,200,0.75,0.75,1,0.765,0.765,61,0
IWM190920C158,2019-09-18,2019-09-18 09:36:06,0.77,0.77,44,0.76,0.76,225,0.75,0.75,1,0.765,0.765,61,0
IWM190920C158,2019-09-18,2019-09-18 09:36:07,0.77,0.77,29,0.75,0.75,425,0.75,0.75,1,0.76,0.76,61,0
IWM190920C158,2019-09-18,2019-09-18 09:36:08,0.77,0.77,30,0.75,0.75,425,0.75,0.75,1,0.76,0.76,61,0
IWM190920C158,2019-09-18,2019-09-18 09:36:09,0.77,0.77,24,0.75,0.75,425,0.75,0.75,1,0.76,0.76,61,0
IWM190920C158,2019-09-18,2019-09-18 09:36:09,0.77,0.77,30,0.75,0.75,425,0.75,0.75,1,0.76,0.76,61,0
IWM190920C158,2019-09-18,2019-09-18 09:36:10,0.77,0.77,103,0.75,0.75,396,0.75,0.75,1,0.76,0.76,61,0
IWM190920C158,2019-09-18,2019-09-18 09:36:10,0.77,0.77,31,0.75,0.75,425,0.75,0.75,1,0.76,0.76,61,0
IWM190920C158,2019-09-18,2019-09-18 09:36:11,0.77,0.77,98,0.75,0.75,396,0.75,0.75,1,0.76,0.76,61,0
IWM190920C158,2019-09-18,2019-09-18 09:36:11,0.77,0.77,126,0.75,0.75,396,0.75,0.75,1,0.76,0.76,61,0
IWM190920C158,2019-09-18,2019-09-18 09:36:12,0.76,0.76,24,0.75,0.75,149,0.75,0.75,1,0.755,0.755,61,0
IWM190920C158,2019-09-18,2019-09-18 09:36:12,0.76,0.76,5,0.75,0.75,283,0.75,0.75,1,0.755,0.755,61,0
IWM190920C158,2019-09-18,2019-09-18 09:36:13,0.77,0.77,87,0.75,0.75,284,0.75,0.75,1,0.76,0.76,61,0
IWM190920C158,2019-09-18,2019-09-18 09:36:13,0.77,0.77,52,0.75,0.75,284,0.75,0.75,1,0.76,0.76,61,0
IWM190920C158,2019-09-18,2019-09-18 09:36:14,0.76,0.76,3,0.75,0.75,173,0.76,0.76,1,0.755,0.755,116,55
IWM190920C158,2019-09-18,2019-09-18 09:36:14,0.77,0.77,89,0.75,0.75,290,0.76,0.76,1,0.76,0.76,116,0
IWM190920C158,2019-09-18,2019-09-18 09:36:15,0.77,0.77,33,0.76,0.76,225,0.76,0.76,1,0.765,0.765,116,0
IWM190920C158,2019-09-18,2019-09-18 09:36:15,0.77,0.77,33,0.75,0.75,290,0.76,0.76,1,0.76,0.76,116,0
IWM190920C158,2019-09-18,2019-09-18 09:36:16,0.78,0.78,79,0.77,0.77,24,0.76,0.76,1,0.775,0.775,116,0
IWM190920C158,2019-09-18,2019-09-18 09:36:16,0.78,0.78,118,0.76,0.76,225,0.76,0.76,1,0.77,0.77,116,0
IWM190920C158,2019-09-18,2019-09-18 09:36:17,0.79,0.79,39,0.78,0.78,20,0.76,0.76,1,0.785,0.785,116,0
IWM190920C158,2019-09-18,2019-09-18 09:36:17,0.79,0.79,115,0.78,0.78,20,0.76,0.76,1,0.785,0.785,116,0
IWM190920C158,2019-09-18,2019-09-18 09:36:18,0.79,0.79,91,0.78,0.78,20,0.76,0.76,1,0.785,0.785,116,0
IWM190920C158,2019-09-18,2019-09-18 09:36:18,0.79,0.79,5,0.78,0.78,20,0.76,0.76,1,0.785,0.785,116,0
IWM190920C158,2019-09-18,2019-09-18 09:36:19,0.8,0.8,203,0.78,0.78,159,0.76,0.76,1,0.79,0.79,116,0
IWM190920C158,2019-09-18,2019-09-18 09:36:19,0.8,0.8,254,0.78,0.78,159,0.76,0.76,1,0.79,0.79,116,0
IWM190920C158,2019-09-18,2019-09-18 09:36:20,0.79,0.79,19,0.78,0.78,23,0.76,0.76,1,0.785,0.785,116,0
IWM190920C158,2019-09-18,2019-09-18 09:36:20,0.79,0.79,19,0.78,0.78,24,0.76,0.76,1,0.785,0.785,116,0
IWM190920C158,2019-09-18,2019-09-18 09:36:21,0.79,0.79,143,0.77,0.77,391,0.76,0.76,1,0.78,0.78,116,0
IWM190920C158,2019-09-18,2019-09-18 09:36:21,0.79,0.79,101,0.77,0.77,391,0.76,0.76,1,0.78,0.78,116,0
IWM190920C158,2019-09-18,2019-09-18 09:36:22,0.79,0.79,40,0.78,0.78,301,0.76,0.76,1,0.785,0.785,116,0
IWM190920C158,2019-09-18,2019-09-18 09:36:23,0.8,0.8,123,0.78,0.78,301,0.76,0.76,1,0.79,0.79,116,0
IWM190920C158,2019-09-18,2019-09-18 09:36:23,0.8,0.8,64,0.78,0.78,301,0.76,0.76,1,0.79,0.79,116,0
IWM190920C158,2019-09-18,2019-09-18 09:36:24,0.8,0.8,103,0.78,0.78,258,0.76,0.76,1,0.79,0.79,116,0
IWM190920C158,2019-09-18,2019-09-18 09:36:24,0.81,0.81,166,0.79,0.79,376,0.76,0.76,1,0.8,0.8,116,0
IWM190920C158,2019-09-18,2019-09-18 09:36:25,0.82,0.82,34,0.79,0.79,376,0.76,0.76,1,0.805,0.805,116,0
IWM190920C158,2019-09-18,2019-09-18 09:36:25,0.82,0.82,24,0.8,0.8,314,0.76,0.76,1,0.81,0.81,116,0
IWM190920C158,2019-09-18,2019-09-18 09:36:26,0.82,0.82,111,0.8,0.8,266,0.76,0.76,1,0.81,0.81,116,0
IWM190920C158,2019-09-18,2019-09-18 09:36:26,0.82,0.82,60,0.8,0.8,331,0.76,0.76,1,0.81,0.81,116,0
IWM190920C158,2019-09-18,2019-09-18 09:36:27,0.82,0.82,100,0.8,0.8,235,0.76,0.76,1,0.81,0.81,116,0
IWM190920C158,2019-09-18,2019-09-18 09:36:27,0.82,0.82,83,0.8,0.8,266,0.76,0.76,1,0.81,0.81,116,0
IWM190920C158,2019-09-18,2019-09-18 09:36:28,0.82,0.82,122,0.8,0.8,235,0.76,0.76,1,0.81,0.81,116,0
IWM190920C158,2019-09-18,2019-09-18 09:36:28,0.82,0.82,92,0.8,0.8,312,0.76,0.76,1,0.81,0.81,116,0
IWM190920C158,2019-09-18,2019-09-18 09:36:29,0.82,0.82,177,0.8,0.8,312,0.76,0.76,1,0.81,0.81,116,0
IWM190920C158,2019-09-18,2019-09-18 09:36:30,0.82,0.82,177,0.8,0.8,312,0.76,0.76,1,0.81,0.81,116,0
IWM190920C158,2019-09-18,2019-09-18 09:36:30,0.82,0.82,177,0.8,0.8,197,0.76,0.76,1,0.81,0.81,116,0
IWM190920C158,2019-09-18,2019-09-18 09:36:31,0.81,0.81,174,0.79,0.79,286,0.76,0.76,1,0.8,0.8,116,0
IWM190920C158,2019-09-18,2019-09-18 09:36:31,0.81,0.81,194,0.79,0.79,286,0.76,0.76,1,0.8,0.8,116,0
IWM190920C158,2019-09-18,2019-09-18 09:36:32,0.81,0.81,174,0.79,0.79,286,0.76,0.76,1,0.8,0.8,116,0
IWM190920C158,2019-09-18,2019-09-18 09:36:32,0.82,0.82,91,0.8,0.8,90,0.76,0.76,1,0.81,0.81,116,0
IWM190920C158,2019-09-18,2019-09-18 09:36:33,0.81,0.81,86,0.8,0.8,238,0.76,0.76,1,0.805,0.805,116,0
IWM190920C158,2019-09-18,2019-09-18 09:36:33,0.81,0.81,104,0.8,0.8,238,0.76,0.76,1,0.805,0.805,116,0
IWM190920C158,2019-09-18,2019-09-18 09:36:34,0.81,0.81,104,0.78,0.78,448,0.76,0.76,1,0.795,0.795,116,0
IWM190920C158,2019-09-18,2019-09-18 09:36:34,0.81,0.81,226,0.78,0.78,328,0.76,0.76,1,0.795,0.795,116,0
IWM190920C158,2019-09-18,2019-09-18 09:36:35,0.81,0.81,100,0.79,0.79,241,0.76,0.76,1,0.8,0.8,116,0
IWM190920C158,2019-09-18,2019-09-18 09:36:36,0.81,0.81,100,0.79,0.79,241,0.76,0.76,1,0.8,0.8,116,0
IWM190920C158,2019-09-18,2019-09-18 09:36:36,0.81,0.81,125,0.79,0.79,26,0.76,0.76,1,0.8,0.8,116,0
IWM190920C158,2019-09-18,2019-09-18 09:36:37,0.81,0.81,88,0.79,0.79,233,0.76,0.76,1,0.8,0.8,116,0
IWM190920C158,2019-09-18,2019-09-18 09:36:37,0.81,0.81,125,0.79,0.79,26,0.76,0.76,1,0.8,0.8,116,0
IWM190920C158,2019-09-18,2019-09-18 09:36:38,0.81,0.81,88,0.79,0.79,233,0.76,0.76,1,0.8,0.8,116,0
IWM190920C158,2019-09-18,2019-09-18 09:36:39,0.81,0.81,88,0.79,0.79,233,0.76,0.76,1,0.8,0.8,116,0
IWM190920C158,2019-09-18,2019-09-18 09:36:40,0.8,0.8,200,0.78,0.78,301,0.76,0.76,1,0.79,0.79,116,0
IWM190920C158,2019-09-18,2019-09-18 09:36:40,0.8,0.8,32,0.78,0.78,351,0.76,0.76,1,0.79,0.79,116,0
IWM190920C158,2019-09-18,2019-09-18 09:36:41,0.8,0.8,200,0.78,0.78,321,0.76,0.76,1,0.79,0.79,116,0
IWM190920C158,2019-09-18,2019-09-18 09:36:41,0.8,0.8,200,0.78,0.78,324,0.76,0.76,1,0.79,0.79,116,0
IWM190920C158,2019-09-18,2019-09-18 09:36:42,0.79,0.79,147,0.77,0.77,305,0.76,0.76,1,0.78,0.78,116,0
IWM190920C158,2019-09-18,2019-09-18 09:36:42,0.8,0.8,200,0.77,0.77,361,0.76,0.76,1,0.785,0.785,116,0
IWM190920C158,2019-09-18,2019-09-18 09:36:43,0.79,0.79,67,0.77,0.77,344,0.76,0.76,1,0.78,0.78,116,0
IWM190920C158,2019-09-18,2019-09-18 09:36:43,0.79,0.79,16,0.79,0.79,1,0.76,0.76,1,0.79,0.79,116,0
IWM190920C158,2019-09-18,2019-09-18 09:36:44,0.8,0.8,47,0.78,0.78,418,0.76,0.76,1,0.79,0.79,116,0
IWM190920C158,2019-09-18,2019-09-18 09:36:45,0.8,0.8,84,0.79,0.79,20,0.76,0.76,1,0.795,0.795,116,0
IWM190920C158,2019-09-18,2019-09-18 09:36:45,0.8,0.8,94,0.79,0.79,20,0.76,0.76,1,0.795,0.795,116,0
IWM190920C158,2019-09-18,2019-09-18 09:36:46,0.8,0.8,156,0.78,0.78,292,0.76,0.76,1,0.79,0.79,116,0
IWM190920C158,2019-09-18,2019-09-18 09:36:47,0.78,0.78,12,0.77,0.77,16,0.76,0.76,1,0.775,0.775,116,0
IWM190920C158,2019-09-18,2019-09-18 09:36:47,0.8,0.8,156,0.78,0.78,20,0.76,0.76,1,0.79,0.79,116,0
IWM190920C158,2019-09-18,2019-09-18 09:36:48,0.79,0.79,66,0.77,0.77,295,0.76,0.76,1,0.78,0.78,116,0
IWM190920C158,2019-09-18,2019-09-18 09:36:48,0.79,0.79,66,0.77,0.77,241,0.76,0.76,1,0.78,0.78,116,0
IWM190920C158,2019-09-18,2019-09-18 09:36:49,0.79,0.79,44,0.77,0.77,293,0.76,0.76,1,0.78,0.78,116,0
IWM190920C158,2019-09-18,2019-09-18 09:36:49,0.79,0.79,44,0.77,0.77,354,0.76,0.76,1,0.78,0.78,116,0
IWM190920C158,2019-09-18,2019-09-18 09:36:50,0.79,0.79,50,0.77,0.77,354,0.76,0.76,1,0.78,0.78,116,0
IWM190920C158,2019-09-18,2019-09-18 09:36:50,0.79,0.79,66,0.77,0.77,318,0.76,0.76,1,0.78,0.78,116,0
IWM190920C158,2019-09-18,2019-09-18 09:36:51,0.79,0.79,43,0.77,0.77,10,0.76,0.76,1,0.78,0.78,116,0
IWM190920C158,2019-09-18,2019-09-18 09:36:51,0.78,0.78,16,0.77,0.77,53,0.76,0.76,1,0.775,0.775,116,0
IWM190920C158,2019-09-18,2019-09-18 09:36:52,0.78,0.78,132,0.76,0.76,177,0.76,0.76,1,0.77,0.77,116,0
IWM190920C158,2019-09-18,2019-09-18 09:36:52,0.78,0.78,132,0.76,0.76,348,0.76,0.76,1,0.77,0.77,116,0
IWM190920C158,2019-09-18,2019-09-18 09:36:53,0.77,0.77,96,0.76,0.76,24,0.76,0.76,1,0.765,0.765,116,0
IWM190920C158,2019-09-18,2019-09-18 09:36:53,0.78,0.78,132,0.76,0.76,231,0.76,0.76,1,0.77,0.77,116,0
IWM190920C158,2019-09-18,2019-09-18 09:36:54,0.78,0.78,273,0.76,0.76,231,0.76,0.76,1,0.77,0.77,116,0
IWM190920C158,2019-09-18,2019-09-18 09:36:54,0.78,0.78,107,0.76,0.76,206,0.76,0.76,1,0.77,0.77,116,0
IWM190920C158,2019-09-18,2019-09-18 09:36:55,0.77,0.77,65,0.75,0.75,404,0.76,0.76,1,0.76,0.76,116,0
IWM190920C158,2019-09-18,2019-09-18 09:36:55,0.77,0.77,92,0.75,0.75,426,0.76,0.76,1,0.76,0.76,116,0
IWM190920C158,2019-09-18,2019-09-18 09:36:56,0.77,0.77,92,0.75,0.75,426,0.76,0.76,1,0.76,0.76,116,0
IWM190920C158,2019-09-18,2019-09-18 09:36:57,0.77,0.77,132,0.75,0.75,426,0.76,0.76,1,0.76,0.76,116,0
IWM190920C158,2019-09-18,2019-09-18 09:36:57,0.77,0.77,70,0.75,0.75,426,0.76,0.76,1,0.76,0.76,116,0
IWM190920C158,2019-09-18,2019-09-18 09:36:58,0.77,0.77,155,0.75,0.75,426,0.77,0.77,1,0.76,0.76,117,1
IWM190920C158,2019-09-18,2019-09-18 09:36:58,0.77,0.77,155,0.75,0.75,427,0.77,0.77,1,0.76,0.76,117,0
IWM190920C158,2019-09-18,2019-09-18 09:36:59,0.77,0.77,101,0.75,0.75,427,0.77,0.77,1,0.76,0.76,117,0
IWM190920C158,2019-09-18,2019-09-18 09:36:59,0.78,0.78,83,0.75,0.75,548,0.77,0.77,1,0.765,0.765,117,0
IWM190920C158,2019-09-18,2019-09-18 09:37:00,0.78,0.78,111,0.76,0.76,380,0.77,0.77,1,0.77,0.77,117,0
IWM190920C158,2019-09-18,2019-09-18 09:37:00,0.77,0.77,32,0.75,0.75,217,0.77,0.77,1,0.76,0.76,117,0
IWM190920C158,2019-09-18,2019-09-18 09:37:01,0.76,0.76,40,0.75,0.75,244,0.77,0.77,1,0.755,0.755,117,0
IWM190920C158,2019-09-18,2019-09-18 09:37:01,0.76,0.76,24,0.75,0.75,244,0.77,0.77,1,0.755,0.755,117,0
IWM190920C158,2019-09-18,2019-09-18 09:37:02,0.77,0.77,222,0.75,0.75,148,0.77,0.77,1,0.76,0.76,117,0
IWM190920C158,2019-09-18,2019-09-18 09:37:02,0.77,0.77,162,0.75,0.75,284,0.77,0.77,1,0.76,0.76,117,0
IWM190920C158,2019-09-18,2019-09-18 09:37:03,0.77,0.77,100,0.75,0.75,286,0.77,0.77,1,0.76,0.76,117,0
IWM190920C158,2019-09-18,2019-09-18 09:37:03,0.76,0.76,100,0.74,0.74,156,0.75,0.75,6,0.75,0.75,123,6
IWM190920C158,2019-09-18,2019-09-18 09:37:04,0.76,0.76,113,0.75,0.75,20,0.75,0.75,6,0.755,0.755,123,0
IWM190920C158,2019-09-18,2019-09-18 09:37:05,0.76,0.76,116,0.74,0.74,198,0.75,0.75,6,0.75,0.75,123,0
IWM190920C158,2019-09-18,2019-09-18 09:37:05,0.77,0.77,98,0.74,0.74,198,0.75,0.75,6,0.755,0.755,123,0
IWM190920C158,2019-09-18,2019-09-18 09:37:06,0.77,0.77,183,0.75,0.75,148,0.75,0.75,6,0.76,0.76,123,0
IWM190920C158,2019-09-18,2019-09-18 09:37:06,0.76,0.76,32,0.75,0.75,148,0.75,0.75,6,0.755,0.755,123,0
IWM190920C158,2019-09-18,2019-09-18 09:37:07,0.77,0.77,72,0.75,0.75,286,0.75,0.75,6,0.76,0.76,123,0
IWM190920C158,2019-09-18,2019-09-18 09:37:07,0.77,0.77,183,0.75,0.75,231,0.75,0.75,6,0.76,0.76,123,0
IWM190920C158,2019-09-18,2019-09-18 09:37:08,0.77,0.77,24,0.75,0.75,281,0.75,0.75,6,0.76,0.76,123,0
IWM190920C158,2019-09-18,2019-09-18 09:37:08,0.77,0.77,34,0.75,0.75,360,0.75,0.75,6,0.76,0.76,123,0
IWM190920C158,2019-09-18,2019-09-18 09:37:09,0.77,0.77,24,0.75,0.75,316,0.75,0.75,6,0.76,0.76,123,0
IWM190920C158,2019-09-18,2019-09-18 09:37:09,0.78,0.78,62,0.76,0.76,298,0.75,0.75,6,0.77,0.77,123,0
IWM190920C158,2019-09-18,2019-09-18 09:37:10,0.77,0.77,24,0.75,0.75,423,0.75,0.75,6,0.76,0.76,123,0
IWM190920C158,2019-09-18,2019-09-18 09:37:10,0.77,0.77,43,0.75,0.75,323,0.75,0.75,6,0.76,0.76,123,0
IWM190920C158,2019-09-18,2019-09-18 09:37:11,0.77,0.77,24,0.75,0.75,423,0.75,0.75,6,0.76,0.76,123,0
IWM190920C158,2019-09-18,2019-09-18 09:37:11,0.77,0.77,24,0.75,0.75,367,0.75,0.75,6,0.76,0.76,123,0
IWM190920C158,2019-09-18,2019-09-18 09:37:12,0.77,0.77,43,0.75,0.75,347,0.75,0.75,6,0.76,0.76,123,0
IWM190920C158,2019-09-18,2019-09-18 09:37:13,0.77,0.77,43,0.75,0.75,347,0.75,0.75,6,0.76,0.76,123,0
IWM190920C158,2019-09-18,2019-09-18 09:37:13,0.77,0.77,64,0.75,0.75,347,0.75,0.75,6,0.76,0.76,123,0
IWM190920C158,2019-09-18,2019-09-18 09:37:14,0.77,0.77,61,0.75,0.75,347,0.75,0.75,6,0.76,0.76,123,0
IWM190920C158,2019-09-18,2019-09-18 09:37:15,0.77,0.77,61,0.75,0.75,336,0.75,0.75,6,0.76,0.76,123,0
IWM190920C158,2019-09-18,2019-09-18 09:37:15,0.77,0.77,61,0.76,0.76,94,0.75,0.75,6,0.765,0.765,123,0
IWM190920C158,2019-09-18,2019-09-18 09:37:16,0.78,0.78,134,0.76,0.76,263,0.75,0.75,6,0.77,0.77,123,0
IWM190920C158,2019-09-18,2019-09-18 09:37:17,0.77,0.77,56,0.75,0.75,329,0.75,0.75,6,0.76,0.76,123,0
IWM190920C158,2019-09-18,2019-09-18 09:37:17,0.77,0.77,54,0.76,0.76,165,0.75,0.75,6,0.765,0.765,123,0
IWM190920C158,2019-09-18,2019-09-18 09:37:18,0.77,0.77,82,0.75,0.75,165,0.75,0.75,6,0.76,0.76,123,0
IWM190920C158,2019-09-18,2019-09-18 09:37:18,0.77,0.77,56,0.75,0.75,329,0.75,0.75,6,0.76,0.76,123,0
IWM190920C158,2019-09-18,2019-09-18 09:37:19,0.77,0.77,82,0.75,0.75,165,0.75,0.75,6,0.76,0.76,123,0
IWM190920C158,2019-09-18,2019-09-18 09:37:19,0.77,0.77,74,0.75,0.75,198,0.75,0.75,6,0.76,0.76,123,0
IWM190920C158,2019-09-18,2019-09-18 09:37:20,0.78,0.78,96,0.76,0.76,243,0.75,0.75,6,0.77,0.77,123,0
IWM190920C158,2019-09-18,2019-09-18 09:37:21,0.77,0.77,56,0.76,0.76,16,0.75,0.75,6,0.765,0.765,123,0
IWM190920C158,2019-09-18,2019-09-18 09:37:21,0.77,0.77,59,0.75,0.75,205,0.75,0.75,6,0.76,0.76,123,0
IWM190920C158,2019-09-18,2019-09-18 09:37:22,0.77,0.77,68,0.76,0.76,16,0.75,0.75,6,0.765,0.765,123,0
IWM190920C158,2019-09-18,2019-09-18 09:37:22,0.77,0.77,68,0.75,0.75,203,0.75,0.75,6,0.76,0.76,123,0
IWM190920C158,2019-09-18,2019-09-18 09:37:23,0.77,0.77,58,0.76,0.76,16,0.75,0.75,6,0.765,0.765,123,0
IWM190920C158,2019-09-18,2019-09-18 09:37:23,0.77,0.77,58,0.75,0.75,193,0.75,0.75,6,0.76,0.76,123,0
IWM190920C158,2019-09-18,2019-09-18 09:37:24,0.77,0.77,58,0.75,0.75,193,0.75,0.75,6,0.76,0.76,123,0
IWM190920C158,2019-09-18,2019-09-18 09:37:25,0.77,0.77,40,0.75,0.75,174,0.75,0.75,6,0.76,0.76,123,0
IWM190920C158,2019-09-18,2019-09-18 09:37:25,0.77,0.77,55,0.76,0.76,24,0.75,0.75,6,0.765,0.765,123,0
IWM190920C158,2019-09-18,2019-09-18 09:37:26,0.77,0.77,55,0.76,0.76,24,0.75,0.75,6,0.765,0.765,123,0
IWM190920C158,2019-09-18,2019-09-18 09:37:27,0.77,0.77,55,0.76,0.76,24,0.75,0.75,6,0.765,0.765,123,0
IWM190920C158,2019-09-18,2019-09-18 09:37:27,0.77,0.77,52,0.76,0.76,24,0.75,0.75,6,0.765,0.765,123,0
IWM190920C158,2019-09-18,2019-09-18 09:37:28,0.77,0.77,40,0.76,0.76,24,0.75,0.75,6,0.765,0.765,123,0
IWM190920C158,2019-09-18,2019-09-18 09:37:29,0.77,0.77,16,0.76,0.76,24,0.75,0.75,6,0.765,0.765,123,0
IWM190920C158,2019-09-18,2019-09-18 09:37:29,0.79,0.79,59,0.77,0.77,148,0.77,0.77,50,0.78,0.78,173,50
IWM190920C158,2019-09-18,2019-09-18 09:37:30,0.79,0.79,24,0.77,0.77,252,0.77,0.77,50,0.78,0.78,173,0
IWM190920C158,2019-09-18,2019-09-18 09:37:30,0.79,0.79,34,0.77,0.77,252,0.77,0.77,50,0.78,0.78,173,0
IWM190920C158,2019-09-18,2019-09-18 09:37:31,0.79,0.79,61,0.77,0.77,249,0.77,0.77,50,0.78,0.78,173,0
IWM190920C158,2019-09-18,2019-09-18 09:37:31,0.79,0.79,61,0.77,0.77,252,0.77,0.77,50,0.78,0.78,173,0
IWM190920C158,2019-09-18,2019-09-18 09:37:32,0.79,0.79,24,0.77,0.77,252,0.77,0.77,50,0.78,0.78,173,0
IWM190920C158,2019-09-18,2019-09-18 09:37:33,0.8,0.8,40,0.79,0.79,24,0.77,0.77,50,0.795,0.795,173,0
IWM190920C158,2019-09-18,2019-09-18 09:37:33,0.8,0.8,59,0.78,0.78,197,0.77,0.77,50,0.79,0.79,173,0
IWM190920C158,2019-09-18,2019-09-18 09:37:34,0.81,0.81,135,0.79,0.79,90,0.77,0.77,50,0.8,0.8,173,0
IWM190920C158,2019-09-18,2019-09-18 09:37:34,0.81,0.81,215,0.79,0.79,90,0.77,0.77,50,0.8,0.8,173,0
IWM190920C158,2019-09-18,2019-09-18 09:37:35,0.81,0.81,135,0.79,0.79,90,0.77,0.77,50,0.8,0.8,173,0
IWM190920C158,2019-09-18,2019-09-18 09:37:36,0.81,0.81,215,0.79,0.79,74,0.77,0.77,50,0.8,0.8,173,0
IWM190920C158,2019-09-18,2019-09-18 09:37:36,0.81,0.81,104,0.79,0.79,189,0.77,0.77,50,0.8,0.8,173,0
IWM190920C158,2019-09-18,2019-09-18 09:37:37,0.81,0.81,67,0.79,0.79,189,0.77,0.77,50,0.8,0.8,173,0
IWM190920C158,2019-09-18,2019-09-18 09:37:37,0.81,0.81,67,0.79,0.79,165,0.77,0.77,50,0.8,0.8,173,0
IWM190920C158,2019-09-18,2019-09-18 09:37:38,0.81,0.81,67,0.79,0.79,165,0.77,0.77,50,0.8,0.8,173,0
IWM190920C158,2019-09-18,2019-09-18 09:37:39,0.81,0.81,97,0.79,0.79,74,0.77,0.77,50,0.8,0.8,173,0
IWM190920C158,2019-09-18,2019-09-18 09:37:39,0.81,0.81,97,0.79,0.79,61,0.77,0.77,50,0.8,0.8,173,0
IWM190920C158,2019-09-18,2019-09-18 09:37:40,0.81,0.81,97,0.79,0.79,74,0.77,0.77,50,0.8,0.8,173,0
IWM190920C158,2019-09-18,2019-09-18 09:37:41,0.81,0.81,127,0.79,0.79,68,0.77,0.77,50,0.8,0.8,173,0
IWM190920C158,2019-09-18,2019-09-18 09:37:42,0.81,0.81,127,0.79,0.79,73,0.77,0.77,50,0.8,0.8,173,0
IWM190920C158,2019-09-18,2019-09-18 09:37:42,0.81,0.81,127,0.8,0.8,24,0.77,0.77,50,0.805,0.805,173,0
IWM190920C158,2019-09-18,2019-09-18 09:37:43,0.81,0.81,67,0.79,0.79,187,0.77,0.77,50,0.8,0.8,173,0
IWM190920C158,2019-09-18,2019-09-18 09:37:43,0.81,0.81,91,0.79,0.79,92,0.77,0.77,50,0.8,0.8,173,0
IWM190920C158,2019-09-18,2019-09-18 09:37:44,0.81,0.81,91,0.79,0.79,92,0.77,0.77,50,0.8,0.8,173,0
IWM190920C158,2019-09-18,2019-09-18 09:37:45,0.81,0.81,121,0.79,0.79,62,0.77,0.77,50,0.8,0.8,173,0
IWM190920C158,2019-09-18,2019-09-18 09:37:46,0.8,0.8,66,0.79,0.79,9,0.77,0.77,50,0.795,0.795,173,0
IWM190920C158,2019-09-18,2019-09-18 09:37:46,0.81,0.81,128,0.79,0.79,9,0.77,0.77,50,0.8,0.8,173,0
IWM190920C158,2019-09-18,2019-09-18 09:37:47,0.8,0.8,122,0.78,0.78,158,0.77,0.77,50,0.79,0.79,173,0
IWM190920C158,2019-09-18,2019-09-18 09:37:48,0.8,0.8,169,0.78,0.78,43,0.77,0.77,50,0.79,0.79,173,0
IWM190920C158,2019-09-18,2019-09-18 09:37:48,0.8,0.8,122,0.78,0.78,43,0.77,0.77,50,0.79,0.79,173,0
IWM190920C158,2019-09-18,2019-09-18 09:37:49,0.8,0.8,169,0.78,0.78,43,0.77,0.77,50,0.79,0.79,173,0
IWM190920C158,2019-09-18,2019-09-18 09:37:49,0.8,0.8,169,0.78,0.78,59,0.77,0.77,50,0.79,0.79,173,0
IWM190920C158,2019-09-18,2019-09-18 09:37:50,0.8,0.8,169,0.78,0.78,59,0.77,0.77,50,0.79,0.79,173,0
IWM190920C158,2019-09-18,2019-09-18 09:37:50,0.8,0.8,37,0.78,0.78,243,0.77,0.77,50,0.79,0.79,173,0
IWM190920C158,2019-09-18,2019-09-18 09:37:51,0.8,0.8,107,0.78,0.78,231,0.77,0.77,50,0.79,0.79,173,0
IWM190920C158,2019-09-18,2019-09-18 09:37:51,0.8,0.8,82,0.78,0.78,231,0.77,0.77,50,0.79,0.79,173,0
IWM190920C158,2019-09-18,2019-09-18 09:37:52,0.8,0.8,107,0.78,0.78,231,0.77,0.77,50,0.79,0.79,173,0
IWM190920C158,2019-09-18,2019-09-18 09:37:52,0.8,0.8,117,0.78,0.78,231,0.77,0.77,50,0.79,0.79,173,0
IWM190920C158,2019-09-18,2019-09-18 09:37:53,0.8,0.8,117,0.78,0.78,207,0.77,0.77,50,0.79,0.79,173,0
IWM190920C158,2019-09-18,2019-09-18 09:37:53,0.8,0.8,107,0.78,0.78,226,0.77,0.77,50,0.79,0.79,173,0
IWM190920C158,2019-09-18,2019-09-18 09:37:54,0.8,0.8,13,0.78,0.78,226,0.77,0.77,50,0.79,0.79,173,0
IWM190920C158,2019-09-18,2019-09-18 09:37:54,0.8,0.8,3,0.78,0.78,226,0.77,0.77,50,0.79,0.79,173,0
IWM190920C158,2019-09-18,2019-09-18 09:37:55,0.8,0.8,26,0.78,0.78,226,0.77,0.77,50,0.79,0.79,173,0
IWM190920C158,2019-09-18,2019-09-18 09:37:56,0.79,0.79,60,0.77,0.77,271,0.77,0.77,50,0.78,0.78,173,0
IWM190920C158,2019-09-18,2019-09-18 09:37:56,0.8,0.8,172,0.78,0.78,188,0.77,0.77,50,0.79,0.79,173,0
IWM190920C158,2019-09-18,2019-09-18 09:37:57,0.79,0.79,60,0.77,0.77,271,0.77,0.77,50,0.78,0.78,173,0
IWM190920C158,2019-09-18,2019-09-18 09:37:57,0.79,0.79,99,0.77,0.77,271,0.77,0.77,50,0.78,0.78,173,0
IWM190920C158,2019-09-18,2019-09-18 09:37:58,0.79,0.79,99,0.78,0.78,24,0.77,0.77,50,0.785,0.785,173,0
IWM190920C158,2019-09-18,2019-09-18 09:37:58,0.79,0.79,99,0.77,0.77,276,0.77,0.77,50,0.78,0.78,173,0
IWM190920C158,2019-09-18,2019-09-18 09:37:59,0.79,0.79,112,0.77,0.77,255,0.77,0.77,50,0.78,0.78,173,0
IWM190920C158,2019-09-18,2019-09-18 09:38:00,0.8,0.8,98,0.78,0.78,19,0.77,0.77,50,0.79,0.79,173,0
IWM190920C158,2019-09-18,2019-09-18 09:38:00,0.79,0.79,151,0.77,0.77,245,0.77,0.77,50,0.78,0.78,173,0
IWM190920C158,2019-09-18,2019-09-18 09:38:01,0.8,0.8,156,0.78,0.78,165,0.77,0.77,50,0.79,0.79,173,0
IWM190920C158,2019-09-18,2019-09-18 09:38:02,0.79,0.79,8,0.78,0.78,165,0.77,0.77,50,0.785,0.785,173,0
IWM190920C158,2019-09-18,2019-09-18 09:38:02,0.79,0.79,10,0.78,0.78,24,0.77,0.77,50,0.785,0.785,173,0
IWM190920C158,2019-09-18,2019-09-18 09:38:03,0.8,0.8,101,0.78,0.78,270,0.77,0.77,50,0.79,0.79,173,0
IWM190920C158,2019-09-18,2019-09-18 09:38:04,0.8,0.8,87,0.78,0.78,270,0.77,0.77,50,0.79,0.79,173,0
IWM190920C158,2019-09-18,2019-09-18 09:38:04,0.8,0.8,48,0.78,0.78,270,0.77,0.77,50,0.79,0.79,173,0
IWM190920C158,2019-09-18,2019-09-18 09:38:05,0.81,0.81,103,0.8,0.8,10,0.77,0.77,50,0.805,0.805,173,0
IWM190920C158,2019-09-18,2019-09-18 09:38:05,0.81,0.81,98,0.8,0.8,17,0.77,0.77,50,0.805,0.805,173,0
IWM190920C158,2019-09-18,2019-09-18 09:38:06,0.81,0.81,107,0.8,0.8,17,0.77,0.77,50,0.805,0.805,173,0
IWM190920C158,2019-09-18,2019-09-18 09:38:06,0.81,0.81,107,0.8,0.8,14,0.77,0.77,50,0.805,0.805,173,0
IWM190920C158,2019-09-18,2019-09-18 09:38:07,0.81,0.81,107,0.8,0.8,14,0.77,0.77,50,0.805,0.805,173,0
IWM190920C158,2019-09-18,2019-09-18 09:38:08,0.81,0.81,107,0.79,0.79,222,0.77,0.77,50,0.8,0.8,173,0
IWM190920C158,2019-09-18,2019-09-18 09:38:08,0.81,0.81,107,0.8,0.8,14,0.77,0.77,50,0.805,0.805,173,0
IWM190920C158,2019-09-18,2019-09-18 09:38:09,0.81,0.81,107,0.79,0.79,230,0.77,0.77,50,0.8,0.8,173,0
IWM190920C158,2019-09-18,2019-09-18 09:38:09,0.81,0.81,107,0.8,0.8,17,0.77,0.77,50,0.805,0.805,173,0
IWM190920C158,2019-09-18,2019-09-18 09:38:10,0.81,0.81,107,0.79,0.79,148,0.77,0.77,50,0.8,0.8,173,0
IWM190920C158,2019-09-18,2019-09-18 09:38:10,0.81,0.81,107,0.79,0.79,222,0.77,0.77,50,0.8,0.8,173,0
IWM190920C158,2019-09-18,2019-09-18 09:38:11,0.8,0.8,120,0.78,0.78,186,0.77,0.77,50,0.79,0.79,173,0
IWM190920C158,2019-09-18,2019-09-18 09:38:11,0.8,0.8,130,0.78,0.78,186,0.77,0.77,50,0.79,0.79,173,0
IWM190920C158,2019-09-18,2019-09-18 09:38:12,0.8,0.8,144,0.78,0.78,167,0.77,0.77,50,0.79,0.79,173,0
IWM190920C158,2019-09-18,2019-09-18 09:38:13,0.8,0.8,153,0.78,0.78,222,0.77,0.77,50,0.79,0.79,173,0
IWM190920C158,2019-09-18,2019-09-18 09:38:13,0.8,0.8,153,0.78,0.78,181,0.77,0.77,50,0.79,0.79,173,0
IWM190920C158,2019-09-18,2019-09-18 09:38:14,0.8,0.8,107,0.78,0.78,200,0.77,0.77,50,0.79,0.79,173,0
IWM190920C158,2019-09-18,2019-09-18 09:38:14,0.8,0.8,107,0.78,0.78,224,0.77,0.77,50,0.79,0.79,173,0
IWM190920C158,2019-09-18,2019-09-18 09:38:15,0.8,0.8,131,0.78,0.78,254,0.77,0.77,50,0.79,0.79,173,0
IWM190920C158,2019-09-18,2019-09-18 09:38:16,0.8,0.8,131,0.78,0.78,254,0.77,0.77,50,0.79,0.79,173,0
IWM190920C158,2019-09-18,2019-09-18 09:38:16,0.79,0.79,29,0.78,0.78,19,0.77,0.77,50,0.785,0.785,173,0
IWM190920C158,2019-09-18,2019-09-18 09:38:17,0.79,0.79,29,0.77,0.77,319,0.77,0.77,50,0.78,0.78,173,0
IWM190920C158,2019-09-18,2019-09-18 09:38:17,0.79,0.79,29,0.78,0.78,19,0.77,0.77,50,0.785,0.785,173,0
IWM190920C158,2019-09-18,2019-09-18 09:38:18,0.79,0.79,34,0.78,0.78,24,0.77,0.77,50,0.785,0.785,173,0
IWM190920C158,2019-09-18,2019-09-18 09:38:18,0.79,0.79,19,0.78,0.78,24,0.77,0.77,50,0.785,0.785,173,0
IWM190920C158,2019-09-18,2019-09-18 09:38:19,0.8,0.8,119,0.78,0.78,78,0.77,0.77,50,0.79,0.79,173,0
IWM190920C158,2019-09-18,2019-09-18 09:38:19,0.8,0.8,95,0.78,0.78,54,0.77,0.77,50,0.79,0.79,173,0
IWM190920C158,2019-09-18,2019-09-18 09:38:20,0.8,0.8,119,0.78,0.78,78,0.77,0.77,50,0.79,0.79,173,0
IWM190920C158,2019-09-18,2019-09-18 09:38:21,0.8,0.8,119,0.78,0.78,252,0.77,0.77,50,0.79,0.79,173,0
IWM190920C158,2019-09-18,2019-09-18 09:38:22,0.81,0.81,50,0.8,0.8,17,0.77,0.77,50,0.805,0.805,173,0
IWM190920C158,2019-09-18,2019-09-18 09:38:22,0.8,0.8,119,0.78,0.78,252,0.77,0.77,50,0.79,0.79,173,0
IWM190920C158,2019-09-18,2019-09-18 09:38:23,0.81,0.81,50,0.8,0.8,17,0.77,0.77,50,0.805,0.805,173,0
IWM190920C158,2019-09-18,2019-09-18 09:38:23,0.81,0.81,57,0.8,0.8,24,0.77,0.77,50,0.805,0.805,173,0
IWM190920C158,2019-09-18,2019-09-18 09:38:24,0.81,0.81,77,0.8,0.8,24,0.77,0.77,50,0.805,0.805,173,0
IWM190920C158,2019-09-18,2019-09-18 09:38:25,0.81,0.81,77,0.8,0.8,24,0.77,0.77,50,0.805,0.805,173,0
IWM190920C158,2019-09-18,2019-09-18 09:38:26,0.8,0.8,100,0.78,0.78,38,0.8,0.8,10,0.79,0.79,183,0
IWM190920C158,2019-09-18,2019-09-18 09:38:26,0.8,0.8,100,0.78,0.78,38,0.8,0.8,10,0.79,0.79,183,10
IWM190920C158,2019-09-18,2019-09-18 09:38:27,0.8,0.8,108,0.78,0.78,66,0.8,0.8,1,0.79,0.79,184,1
IWM190920C158,2019-09-18,2019-09-18 09:38:27,0.8,0.8,110,0.78,0.78,51,0.8,0.8,10,0.79,0.79,183,0
IWM190920C158,2019-09-18,2019-09-18 09:38:28,0.8,0.8,93,0.78,0.78,66,0.8,0.8,1,0.79,0.79,184,0
IWM190920C158,2019-09-18,2019-09-18 09:38:29,0.8,0.8,93,0.78,0.78,288,0.8,0.8,1,0.79,0.79,184,0
IWM190920C158,2019-09-18,2019-09-18 09:38:29,0.8,0.8,77,0.78,0.78,206,0.8,0.8,1,0.79,0.79,184,0
IWM190920C158,2019-09-18,2019-09-18 09:38:30,0.8,0.8,69,0.78,0.78,206,0.8,0.8,1,0.79,0.79,184,0
IWM190920C158,2019-09-18,2019-09-18 09:38:30,0.8,0.8,93,0.78,0.78,206,0.8,0.8,1,0.79,0.79,184,0
IWM190920C158,2019-09-18,2019-09-18 09:38:31,0.81,0.81,69,0.8,0.8,17,0.8,0.8,1,0.805,0.805,184,0
IWM190920C158,2019-09-18,2019-09-18 09:38:31,0.81,0.81,88,0.79,0.79,58,0.8,0.8,1,0.8,0.8,184,0
IWM190920C158,2019-09-18,2019-09-18 09:38:32,0.8,0.8,23,0.78,0.78,273,0.8,0.8,1,0.79,0.79,184,0
IWM190920C158,2019-09-18,2019-09-18 09:38:32,0.81,0.81,66,0.8,0.8,13,0.8,0.8,1,0.805,0.805,184,0
IWM190920C158,2019-09-18,2019-09-18 09:38:33,0.81,0.81,123,0.79,0.79,251,0.8,0.8,1,0.8,0.8,184,0
IWM190920C158,2019-09-18,2019-09-18 09:38:33,0.81,0.81,93,0.8,0.8,13,0.8,0.8,1,0.805,0.805,184,0
IWM190920C158,2019-09-18,2019-09-18 09:38:34,0.81,0.81,123,0.79,0.79,251,0.8,0.8,1,0.8,0.8,184,0
IWM190920C158,2019-09-18,2019-09-18 09:38:34,0.81,0.81,72,0.8,0.8,24,0.8,0.8,1,0.805,0.805,184,0
IWM190920C158,2019-09-18,2019-09-18 09:38:35,0.81,0.81,96,0.8,0.8,19,0.8,0.8,1,0.805,0.805,184,0
IWM190920C158,2019-09-18,2019-09-18 09:38:35,0.81,0.81,117,0.8,0.8,24,0.8,0.8,1,0.805,0.805,184,0
IWM190920C158,2019-09-18,2019-09-18 09:38:36,0.81,0.81,72,0.8,0.8,19,0.8,0.8,1,0.805,0.805,184,0
IWM190920C158,2019-09-18,2019-09-18 09:38:36,0.81,0.81,72,0.8,0.8,24,0.8,0.8,1,0.805,0.805,184,0
IWM190920C158,2019-09-18,2019-09-18 09:38:37,0.81,0.81,60,0.8,0.8,24,0.8,0.8,1,0.805,0.805,184,0
IWM190920C158,2019-09-18,2019-09-18 09:38:38,0.81,0.81,7,0.8,0.8,25,0.8,0.8,1,0.805,0.805,184,0
IWM190920C158,2019-09-18,2019-09-18 09:38:39,0.81,0.81,7,0.8,0.8,44,0.8,0.8,1,0.805,0.805,184,0
IWM190920C158,2019-09-18,2019-09-18 09:38:40,0.81,0.81,7,0.8,0.8,25,0.8,0.8,1,0.805,0.805,184,0
IWM190920C158,2019-09-18,2019-09-18 09:38:41,0.81,0.81,11,0.8,0.8,44,0.8,0.8,1,0.805,0.805,184,0
IWM190920C158,2019-09-18,2019-09-18 09:38:41,0.81,0.81,11,0.8,0.8,25,0.8,0.8,1,0.805,0.805,184,0
IWM190920C158,2019-09-18,2019-09-18 09:38:42,0.81,0.81,7,0.8,0.8,44,0.8,0.8,1,0.805,0.805,184,0
IWM190920C158,2019-09-18,2019-09-18 09:38:42,0.81,0.81,11,0.8,0.8,44,0.8,0.8,1,0.805,0.805,184,0
IWM190920C158,2019-09-18,2019-09-18 09:38:43,0.81,0.81,7,0.8,0.8,44,0.8,0.8,1,0.805,0.805,184,0
IWM190920C158,2019-09-18,2019-09-18 09:38:44,0.81,0.81,191,0.78,0.78,258,0.8,0.8,1,0.795,0.795,184,0
IWM190920C158,2019-09-18,2019-09-18 09:38:44,0.81,0.81,110,0.78,0.78,185,0.8,0.8,1,0.795,0.795,184,0
IWM190920C158,2019-09-18,2019-09-18 09:38:45,0.8,0.8,91,0.78,0.78,258,0.8,0.8,1,0.79,0.79,184,0
IWM190920C158,2019-09-18,2019-09-18 09:38:46,0.8,0.8,67,0.78,0.78,258,0.8,0.8,1,0.79,0.79,184,0
IWM190920C158,2019-09-18,2019-09-18 09:38:46,0.8,0.8,115,0.78,0.78,258,0.8,0.8,1,0.79,0.79,184,0
IWM190920C158,2019-09-18,2019-09-18 09:38:47,0.81,0.81,120,0.79,0.79,175,0.8,0.8,1,0.8,0.8,184,0
IWM190920C158,2019-09-18,2019-09-18 09:38:48,0.81,0.81,92,0.8,0.8,17,0.8,0.8,1,0.805,0.805,184,0
IWM190920C158,2019-09-18,2019-09-18 09:38:48,0.81,0.81,94,0.8,0.8,17,0.8,0.8,1,0.805,0.805,184,0
IWM190920C158,2019-09-18,2019-09-18 09:38:49,0.81,0.81,91,0.8,0.8,17,0.8,0.8,1,0.805,0.805,184,0
IWM190920C158,2019-09-18,2019-09-18 09:38:49,0.81,0.81,94,0.8,0.8,17,0.8,0.8,1,0.805,0.805,184,0
IWM190920C158,2019-09-18,2019-09-18 09:38:50,0.81,0.81,42,0.8,0.8,17,0.8,0.8,1,0.805,0.805,184,0
IWM190920C158,2019-09-18,2019-09-18 09:38:50,0.81,0.81,42,0.8,0.8,36,0.8,0.8,1,0.805,0.805,184,0
IWM190920C158,2019-09-18,2019-09-18 09:38:51,0.81,0.81,42,0.8,0.8,36,0.8,0.8,1,0.805,0.805,184,0
IWM190920C158,2019-09-18,2019-09-18 09:38:52,0.81,0.81,42,0.8,0.8,36,0.8,0.8,1,0.805,0.805,184,0
IWM190920C158,2019-09-18,2019-09-18 09:38:52,0.81,0.81,42,0.8,0.8,17,0.8,0.8,1,0.805,0.805,184,0
IWM190920C158,2019-09-18,2019-09-18 09:38:53,0.81,0.81,8,0.8,0.8,49,0.8,0.8,1,0.805,0.805,184,0
IWM190920C158,2019-09-18,2019-09-18 09:38:53,0.81,0.81,47,0.8,0.8,17,0.8,0.8,1,0.805,0.805,184,0
IWM190920C158,2019-09-18,2019-09-18 09:38:54,0.82,0.82,58,0.81,0.81,7,0.8,0.8,1,0.815,0.815,184,0
IWM190920C158,2019-09-18,2019-09-18 09:38:55,0.82,0.82,42,0.81,0.81,11,0.8,0.8,1,0.815,0.815,184,0
IWM190920C158,2019-09-18,2019-09-18 09:38:56,0.83,0.83,123,0.81,0.81,36,0.8,0.8,1,0.82,0.82,184,0
IWM190920C158,2019-09-18,2019-09-18 09:38:56,0.83,0.83,89,0.81,0.81,42,0.8,0.8,1,0.82,0.82,184,0
IWM190920C158,2019-09-18,2019-09-18 09:38:57,0.83,0.83,89,0.81,0.81,213,0.8,0.8,1,0.82,0.82,184,0
IWM190920C158,2019-09-18,2019-09-18 09:38:57,0.83,0.83,123,0.81,0.81,43,0.8,0.8,1,0.82,0.82,184,0
IWM190920C158,2019-09-18,2019-09-18 09:38:58,0.83,0.83,96,0.81,0.81,20,0.8,0.8,1,0.82,0.82,184,0
IWM190920C158,2019-09-18,2019-09-18 09:38:58,0.83,0.83,89,0.81,0.81,22,0.8,0.8,1,0.82,0.82,184,0
IWM190920C158,2019-09-18,2019-09-18 09:38:59,0.83,0.83,89,0.81,0.81,22,0.8,0.8,1,0.82,0.82,184,0
IWM190920C158,2019-09-18,2019-09-18 09:39:00,0.83,0.83,89,0.82,0.82,1,0.8,0.8,1,0.825,0.825,184,0
IWM190920C158,2019-09-18,2019-09-18 09:39:01,0.83,0.83,85,0.82,0.82,1,0.8,0.8,1,0.825,0.825,184,0
IWM190920C158,2019-09-18,2019-09-18 09:39:01,0.83,0.83,109,0.82,0.82,1,0.8,0.8,1,0.825,0.825,184,0
IWM190920C158,2019-09-18,2019-09-18 09:39:02,0.83,0.83,109,0.82,0.82,1,0.8,0.8,1,0.825,0.825,184,0
IWM190920C158,2019-09-18,2019-09-18 09:39:03,0.83,0.83,109,0.82,0.82,18,0.8,0.8,1,0.825,0.825,184,0
IWM190920C158,2019-09-18,2019-09-18 09:39:03,0.83,0.83,109,0.82,0.82,1,0.8,0.8,1,0.825,0.825,184,0
IWM190920C158,2019-09-18,2019-09-18 09:39:04,0.83,0.83,108,0.81,0.81,204,0.8,0.8,1,0.82,0.82,184,0
IWM190920C158,2019-09-18,2019-09-18 09:39:04,0.83,0.83,46,0.82,0.82,10,0.8,0.8,1,0.825,0.825,184,0
IWM190920C158,2019-09-18,2019-09-18 09:39:05,0.83,0.83,108,0.81,0.81,269,0.8,0.8,1,0.82,0.82,184,0
IWM190920C158,2019-09-18,2019-09-18 09:39:05,0.83,0.83,108,0.81,0.81,204,0.8,0.8,1,0.82,0.82,184,0
IWM190920C158,2019-09-18,2019-09-18 09:39:06,0.83,0.83,134,0.81,0.81,269,0.8,0.8,1,0.82,0.82,184,0
IWM190920C158,2019-09-18,2019-09-18 09:39:07,0.82,0.82,46,0.8,0.8,339,0.8,0.8,1,0.81,0.81,184,0
IWM190920C158,2019-09-18,2019-09-18 09:39:07,0.83,0.83,98,0.8,0.8,179,0.8,0.8,1,0.815,0.815,184,0
IWM190920C158,2019-09-18,2019-09-18 09:39:08,0.83,0.83,88,0.81,0.81,89,0.8,0.8,1,0.82,0.82,184,0
IWM190920C158,2019-09-18,2019-09-18 09:39:08,0.83,0.83,124,0.81,0.81,89,0.8,0.8,1,0.82,0.82,184,0
IWM190920C158,2019-09-18,2019-09-18 09:39:09,0.83,0.83,80,0.81,0.81,223,0.8,0.8,1,0.82,0.82,184,0
IWM190920C158,2019-09-18,2019-09-18 09:39:09,0.83,0.83,124,0.81,0.81,113,0.8,0.8,1,0.82,0.82,184,0
IWM190920C158,2019-09-18,2019-09-18 09:39:10,0.83,0.83,236,0.81,0.81,233,0.8,0.8,1,0.82,0.82,184,0
IWM190920C158,2019-09-18,2019-09-18 09:39:10,0.83,0.83,145,0.81,0.81,368,0.8,0.8,1,0.82,0.82,184,0
IWM190920C158,2019-09-18,2019-09-18 09:39:11,0.83,0.83,322,0.81,0.81,233,0.8,0.8,1,0.82,0.82,184,0
IWM190920C158,2019-09-18,2019-09-18 09:39:11,0.83,0.83,259,0.81,0.81,233,0.8,0.8,1,0.82,0.82,184,0
IWM190920C158,2019-09-18,2019-09-18 09:39:12,0.83,0.83,362,0.81,0.81,400,0.8,0.8,1,0.82,0.82,184,0
IWM190920C158,2019-09-18,2019-09-18 09:39:13,0.83,0.83,129,0.8,0.8,450,0.8,0.8,1,0.815,0.815,184,0
IWM190920C158,2019-09-18,2019-09-18 09:39:13,0.83,0.83,362,0.8,0.8,210,0.8,0.8,1,0.815,0.815,184,0
IWM190920C158,2019-09-18,2019-09-18 09:39:14,0.83,0.83,149,0.8,0.8,450,0.8,0.8,1,0.815,0.815,194,10
IWM190920C158,2019-09-18,2019-09-18 09:39:14,0.83,0.83,155,0.81,0.81,94,0.83,0.83,10,0.82,0.82,194,0
IWM190920C158,2019-09-18,2019-09-18 09:39:15,0.83,0.83,130,0.82,0.82,23,0.83,0.83,10,0.825,0.825,194,0
IWM190920C158,2019-09-18,2019-09-18 09:39:15,0.84,0.84,304,0.82,0.82,27,0.83,0.83,10,0.83,0.83,194,0
IWM190920C158,2019-09-18,2019-09-18 09:39:16,0.84,0.84,117,0.82,0.82,41,0.83,0.83,10,0.83,0.83,194,0
IWM190920C158,2019-09-18,2019-09-18 09:39:16,0.84,0.84,77,0.83,0.83,10,0.83,0.83,10,0.835,0.835,194,0
IWM190920C158,2019-09-18,2019-09-18 09:39:17,0.85,0.85,148,0.83,0.83,35,0.83,0.83,10,0.84,0.84,194,0
IWM190920C158,2019-09-18,2019-09-18 09:39:17,0.84,0.84,22,0.83,0.83,10,0.83,0.83,10,0.835,0.835,194,0
IWM190920C158,2019-09-18,2019-09-18 09:39:18,0.85,0.85,210,0.83,0.83,35,0.83,0.83,10,0.84,0.84,194,0
IWM190920C158,2019-09-18,2019-09-18 09:39:18,0.85,0.85,210,0.83,0.83,50,0.83,0.83,1,0.84,0.84,195,1
IWM190920C158,2019-09-18,2019-09-18 09:39:19,0.85,0.85,210,0.83,0.83,55,0.83,0.83,1,0.84,0.84,195,0
IWM190920C158,2019-09-18,2019-09-18 09:39:19,0.85,0.85,110,0.83,0.83,55,0.83,0.83,1,0.84,0.84,195,0
IWM190920C158,2019-09-18,2019-09-18 09:39:20,0.85,0.85,215,0.83,0.83,52,0.83,0.83,1,0.84,0.84,195,0
IWM190920C158,2019-09-18,2019-09-18 09:39:20,0.85,0.85,286,0.83,0.83,36,0.83,0.83,1,0.84,0.84,195,0
IWM190920C158,2019-09-18,2019-09-18 09:39:21,0.85,0.85,187,0.83,0.83,95,0.83,0.83,1,0.84,0.84,195,0
IWM190920C158,2019-09-18,2019-09-18 09:39:22,0.85,0.85,272,0.83,0.83,62,0.83,0.83,1,0.84,0.84,195,0
IWM190920C158,2019-09-18,2019-09-18 09:39:22,0.85,0.85,242,0.83,0.83,127,0.83,0.83,1,0.84,0.84,195,0
IWM190920C158,2019-09-18,2019-09-18 09:39:23,0.86,0.86,74,0.84,0.84,56,0.83,0.83,1,0.85,0.85,195,0
IWM190920C158,2019-09-18,2019-09-18 09:39:23,0.86,0.86,50,0.84,0.84,1,0.83,0.83,1,0.85,0.85,195,0
IWM190920C158,2019-09-18,2019-09-18 09:39:24,0.86,0.86,133,0.84,0.84,30,0.83,0.83,1,0.85,0.85,195,0
IWM190920C158,2019-09-18,2019-09-18 09:39:24,0.86,0.86,133,0.84,0.84,61,0.83,0.83,1,0.85,0.85,195,0
IWM190920C158,2019-09-18,2019-09-18 09:39:25,0.86,0.86,40,0.84,0.84,222,0.83,0.83,1,0.85,0.85,195,0
IWM190920C158,2019-09-18,2019-09-18 09:39:25,0.86,0.86,89,0.84,0.84,61,0.83,0.83,1,0.85,0.85,195,0
IWM190920C158,2019-09-18,2019-09-18 09:39:26,0.86,0.86,67,0.84,0.84,440,0.83,0.83,1,0.85,0.85,195,0
IWM190920C158,2019-09-18,2019-09-18 09:39:26,0.86,0.86,28,0.84,0.84,357,0.83,0.83,1,0.85,0.85,195,0
IWM190920C158,2019-09-18,2019-09-18 09:39:27,0.86,0.86,97,0.84,0.84,476,0.83,0.83,1,0.85,0.85,195,0
IWM190920C158,2019-09-18,2019-09-18 09:39:27,0.86,0.86,49,0.84,0.84,357,0.83,0.83,1,0.85,0.85,195,0
IWM190920C158,2019-09-18,2019-09-18 09:39:28,0.86,0.86,97,0.84,0.84,476,0.83,0.83,1,0.85,0.85,195,0
IWM190920C158,2019-09-18,2019-09-18 09:39:28,0.86,0.86,79,0.84,0.84,476,0.83,0.83,1,0.85,0.85,195,0
IWM190920C158,2019-09-18,2019-09-18 09:39:29,0.86,0.86,79,0.84,0.84,476,0.83,0.83,1,0.85,0.85,195,0
IWM190920C158,2019-09-18,2019-09-18 09:39:29,0.87,0.87,81,0.85,0.85,60,0.83,0.83,1,0.86,0.86,195,0
IWM190920C158,2019-09-18,2019-09-18 09:39:30,0.87,0.87,211,0.85,0.85,60,0.83,0.83,1,0.86,0.86,195,0
IWM190920C158,2019-09-18,2019-09-18 09:39:30,0.87,0.87,167,0.85,0.85,60,0.83,0.83,1,0.86,0.86,195,0
IWM190920C158,2019-09-18,2019-09-18 09:39:31,0.87,0.87,167,0.85,0.85,172,0.83,0.83,1,0.86,0.86,195,0
IWM190920C158,2019-09-18,2019-09-18 09:39:31,0.87,0.87,167,0.85,0.85,162,0.83,0.83,1,0.86,0.86,195,0
IWM190920C158,2019-09-18,2019-09-18 09:39:32,0.87,0.87,167,0.85,0.85,130,0.83,0.83,1,0.86,0.86,195,0
IWM190920C158,2019-09-18,2019-09-18 09:39:32,0.88,0.88,24,0.87,0.87,13,0.83,0.83,1,0.875,0.875,195,0
IWM190920C158,2019-09-18,2019-09-18 09:39:33,0.88,0.88,114,0.86,0.86,38,0.83,0.83,1,0.87,0.87,195,0
IWM190920C158,2019-09-18,2019-09-18 09:39:33,0.88,0.88,77,0.87,0.87,20,0.83,0.83,1,0.875,0.875,195,0
IWM190920C158,2019-09-18,2019-09-18 09:39:34,0.88,0.88,38,0.87,0.87,10,0.83,0.83,1,0.875,0.875,195,0
IWM190920C158,2019-09-18,2019-09-18 09:39:34,0.88,0.88,124,0.87,0.87,4,0.83,0.83,1,0.875,0.875,195,0
IWM190920C158,2019-09-18,2019-09-18 09:39:35,0.88,0.88,38,0.87,0.87,10,0.83,0.83,1,0.875,0.875,195,0
IWM190920C158,2019-09-18,2019-09-18 09:39:35,0.88,0.88,13,0.87,0.87,27,0.83,0.83,1,0.875,0.875,195,0
IWM190920C158,2019-09-18,2019-09-18 09:39:36,0.89,0.89,174,0.87,0.87,39,0.83,0.83,1,0.88,0.88,195,0
IWM190920C158,2019-09-18,2019-09-18 09:39:36,0.89,0.89,162,0.87,0.87,46,0.83,0.83,1,0.88,0.88,195,0
IWM190920C158,2019-09-18,2019-09-18 09:39:37,0.89,0.89,81,0.87,0.87,47,0.83,0.83,1,0.88,0.88,195,0
IWM190920C158,2019-09-18,2019-09-18 09:39:37,0.89,0.89,186,0.87,0.87,39,0.83,0.83,1,0.88,0.88,195,0
IWM190920C158,2019-09-18,2019-09-18 09:39:38,0.89,0.89,23,0.87,0.87,47,0.83,0.83,1,0.88,0.88,195,0
IWM190920C158,2019-09-18,2019-09-18 09:39:38,0.89,0.89,61,0.87,0.87,47,0.83,0.83,1,0.88,0.88,195,0
IWM190920C158,2019-09-18,2019-09-18 09:39:39,0.89,0.89,23,0.88,0.88,31,0.83,0.83,1,0.885,0.885,195,0
IWM190920C158,2019-09-18,2019-09-18 09:39:39,0.89,0.89,24,0.88,0.88,31,0.83,0.83,1,0.885,0.885,195,0
IWM190920C158,2019-09-18,2019-09-18 09:39:40,0.89,0.89,10,0.88,0.88,50,0.83,0.83,1,0.885,0.885,195,0
IWM190920C158,2019-09-18,2019-09-18 09:39:41,0.9,0.9,152,0.88,0.88,62,0.88,0.88,1,0.89,0.89,196,1
IWM190920C158,2019-09-18,2019-09-18 09:39:41,0.89,0.89,103,0.87,0.87,86,0.88,0.88,1,0.88,0.88,196,0
