symbol,Date,quote_time,ask_price,norm_ask_price,ask_size,bid_price,norm_bid_price,bid_size,last_trade_price,norm_last_trade_price,last_trade_size,mark_price,norm_mark_price,volume,Volume
IWM191129C160,2019-11-25,2019-11-25 09:30:00,0.46,1.0,10,0.22,0.4782,10,0.36,0.7826,3,0.34,0.7391,3,3
IWM191129C160,2019-11-25,2019-11-25 09:30:01,0.41,0.8913,24,0.34,0.7391,75,0.36,0.7826,3,0.375,0.8152,3,0
IWM191129C160,2019-11-25,2019-11-25 09:30:02,0.41,0.8913,24,0.34,0.7391,325,0.36,0.7826,3,0.375,0.8152,3,0
IWM191129C160,2019-11-25,2019-11-25 09:30:03,0.41,0.8913,24,0.35,0.7608,75,0.36,0.7826,3,0.38,0.826,3,0
IWM191129C160,2019-11-25,2019-11-25 09:30:04,0.41,0.8913,24,0.35,0.7608,75,0.36,0.7826,3,0.38,0.826,13,10
IWM191129C160,2019-11-25,2019-11-25 09:30:04,0.41,0.8913,112,0.35,0.7608,450,0.36,0.7826,1,0.38,0.826,13,0
IWM191129C160,2019-11-25,2019-11-25 09:30:05,0.41,0.8913,104,0.35,0.7608,450,0.36,0.7826,3,0.38,0.826,16,0
IWM191129C160,2019-11-25,2019-11-25 09:30:05,0.41,0.8913,104,0.35,0.7608,450,0.36,0.7826,3,0.38,0.826,16,3
IWM191129C160,2019-11-25,2019-11-25 09:30:06,0.41,0.8913,342,0.35,0.7608,430,0.36,0.7826,3,0.38,0.826,16,0
IWM191129C160,2019-11-25,2019-11-25 09:30:07,0.4,0.8695,31,0.35,0.7608,230,0.36,0.7826,3,0.375,0.8152,16,0
IWM191129C160,2019-11-25,2019-11-25 09:30:07,0.4,0.8695,398,0.34,0.7391,450,0.36,0.7826,3,0.37,0.8043,16,0
IWM191129C160,2019-11-25,2019-11-25 09:30:08,0.39,0.8478,97,0.34,0.7391,75,0.36,0.7826,3,0.365,0.7934,16,0
IWM191129C160,2019-11-25,2019-11-25 09:30:08,0.4,0.8695,335,0.34,0.7391,75,0.36,0.7826,3,0.37,0.8043,16,0
IWM191129C160,2019-11-25,2019-11-25 09:30:09,0.39,0.8478,375,0.35,0.7608,33,0.36,0.7826,3,0.37,0.8043,16,0
IWM191129C160,2019-11-25,2019-11-25 09:30:09,0.39,0.8478,268,0.36,0.7826,1,0.36,0.7826,3,0.375,0.8152,16,0
IWM191129C160,2019-11-25,2019-11-25 09:30:10,0.39,0.8478,295,0.35,0.7608,33,0.36,0.7826,3,0.37,0.8043,16,0
IWM191129C160,2019-11-25,2019-11-25 09:30:10,0.39,0.8478,41,0.35,0.7608,41,0.36,0.7826,3,0.37,0.8043,16,0
IWM191129C160,2019-11-25,2019-11-25 09:30:11,0.39,0.8478,41,0.35,0.7608,41,0.36,0.7826,3,0.37,0.8043,16,0
IWM191129C160,2019-11-25,2019-11-25 09:30:12,0.38,0.826,31,0.35,0.7608,41,0.36,0.7826,3,0.365,0.7934,16,0
IWM191129C160,2019-11-25,2019-11-25 09:30:13,0.38,0.826,232,0.35,0.7608,34,0.36,0.7826,3,0.365,0.7934,16,0
IWM191129C160,2019-11-25,2019-11-25 09:30:13,0.38,0.826,31,0.36,0.7826,34,0.36,0.7826,3,0.37,0.8043,16,0
IWM191129C160,2019-11-25,2019-11-25 09:30:14,0.38,0.826,232,0.33,0.7173,238,0.36,0.7826,3,0.355,0.7717,16,0
IWM191129C160,2019-11-25,2019-11-25 09:30:14,0.37,0.8043,32,0.33,0.7173,363,0.36,0.7826,3,0.35,0.7608,16,0
IWM191129C160,2019-11-25,2019-11-25 09:30:15,0.37,0.8043,33,0.34,0.7391,235,0.36,0.7826,3,0.355,0.7717,16,0
IWM191129C160,2019-11-25,2019-11-25 09:30:16,0.37,0.8043,5,0.34,0.7391,235,0.36,0.7826,3,0.355,0.7717,16,0
IWM191129C160,2019-11-25,2019-11-25 09:30:16,0.37,0.8043,32,0.34,0.7391,83,0.36,0.7826,3,0.355,0.7717,16,0
IWM191129C160,2019-11-25,2019-11-25 09:30:17,0.37,0.8043,90,0.34,0.7391,235,0.36,0.7826,3,0.355,0.7717,16,0
IWM191129C160,2019-11-25,2019-11-25 09:30:17,0.37,0.8043,69,0.34,0.7391,235,0.36,0.7826,3,0.355,0.7717,16,0
IWM191129C160,2019-11-25,2019-11-25 09:30:18,0.37,0.8043,99,0.34,0.7391,259,0.36,0.7826,3,0.355,0.7717,16,0
IWM191129C160,2019-11-25,2019-11-25 09:30:18,0.37,0.8043,99,0.34,0.7391,326,0.36,0.7826,3,0.355,0.7717,16,0
IWM191129C160,2019-11-25,2019-11-25 09:30:19,0.37,0.8043,109,0.34,0.7391,114,0.36,0.7826,3,0.355,0.7717,16,0
IWM191129C160,2019-11-25,2019-11-25 09:30:19,0.37,0.8043,26,0.34,0.7391,339,0.36,0.7826,3,0.355,0.7717,16,0
IWM191129C160,2019-11-25,2019-11-25 09:30:20,0.38,0.826,356,0.34,0.7391,317,0.36,0.7826,3,0.36,0.7826,16,0
IWM191129C160,2019-11-25,2019-11-25 09:30:20,0.38,0.826,399,0.34,0.7391,339,0.36,0.7826,3,0.36,0.7826,16,0
IWM191129C160,2019-11-25,2019-11-25 09:30:21,0.39,0.8478,172,0.35,0.7608,339,0.36,0.7826,3,0.37,0.8043,16,0
IWM191129C160,2019-11-25,2019-11-25 09:30:21,0.38,0.826,65,0.35,0.7608,339,0.36,0.7826,3,0.365,0.7934,16,0
IWM191129C160,2019-11-25,2019-11-25 09:30:22,0.39,0.8478,384,0.35,0.7608,339,0.36,0.7826,3,0.37,0.8043,16,0
IWM191129C160,2019-11-25,2019-11-25 09:30:22,0.39,0.8478,380,0.35,0.7608,258,0.36,0.7826,3,0.37,0.8043,16,0
IWM191129C160,2019-11-25,2019-11-25 09:30:23,0.39,0.8478,452,0.35,0.7608,215,0.36,0.7826,3,0.37,0.8043,16,0
IWM191129C160,2019-11-25,2019-11-25 09:30:24,0.38,0.826,405,0.35,0.7608,1,0.36,0.7826,3,0.365,0.7934,16,0
IWM191129C160,2019-11-25,2019-11-25 09:30:25,0.37,0.8043,150,0.34,0.7391,51,0.36,0.7826,3,0.355,0.7717,16,0
IWM191129C160,2019-11-25,2019-11-25 09:30:26,0.37,0.8043,382,0.34,0.7391,100,0.36,0.7826,3,0.355,0.7717,16,0
IWM191129C160,2019-11-25,2019-11-25 09:30:27,0.36,0.7826,23,0.33,0.7173,337,0.36,0.7826,3,0.345,0.75,16,0
IWM191129C160,2019-11-25,2019-11-25 09:30:27,0.36,0.7826,23,0.33,0.7173,592,0.36,0.7826,3,0.345,0.75,16,0
IWM191129C160,2019-11-25,2019-11-25 09:30:28,0.37,0.8043,417,0.33,0.7173,540,0.36,0.7826,3,0.35,0.7608,16,0
IWM191129C160,2019-11-25,2019-11-25 09:30:28,0.37,0.8043,417,0.33,0.7173,592,0.36,0.7826,3,0.35,0.7608,16,0
IWM191129C160,2019-11-25,2019-11-25 09:30:29,0.37,0.8043,417,0.33,0.7173,506,0.36,0.7826,3,0.35,0.7608,16,0
IWM191129C160,2019-11-25,2019-11-25 09:30:30,0.37,0.8043,417,0.33,0.7173,506,0.36,0.7826,3,0.35,0.7608,16,0
IWM191129C160,2019-11-25,2019-11-25 09:30:31,0.36,0.7826,50,0.33,0.7173,506,0.36,0.7826,3,0.345,0.75,16,0
IWM191129C160,2019-11-25,2019-11-25 09:30:32,0.37,0.8043,326,0.34,0.7391,161,0.36,0.7826,3,0.355,0.7717,16,0
IWM191129C160,2019-11-25,2019-11-25 09:30:32,0.37,0.8043,161,0.33,0.7173,506,0.36,0.7826,3,0.35,0.7608,16,0
IWM191129C160,2019-11-25,2019-11-25 09:30:33,0.37,0.8043,326,0.34,0.7391,288,0.36,0.7826,3,0.355,0.7717,16,0
IWM191129C160,2019-11-25,2019-11-25 09:30:33,0.37,0.8043,326,0.34,0.7391,284,0.36,0.7826,3,0.355,0.7717,16,0
IWM191129C160,2019-11-25,2019-11-25 09:30:34,0.37,0.8043,326,0.34,0.7391,422,0.36,0.7826,3,0.355,0.7717,16,0
IWM191129C160,2019-11-25,2019-11-25 09:30:35,0.37,0.8043,326,0.34,0.7391,422,0.36,0.7826,3,0.355,0.7717,16,0
IWM191129C160,2019-11-25,2019-11-25 09:30:36,0.37,0.8043,326,0.34,0.7391,456,0.36,0.7826,3,0.355,0.7717,16,0
IWM191129C160,2019-11-25,2019-11-25 09:30:36,0.37,0.8043,326,0.34,0.7391,422,0.36,0.7826,3,0.355,0.7717,16,0
IWM191129C160,2019-11-25,2019-11-25 09:30:37,0.37,0.8043,326,0.34,0.7391,456,0.36,0.7826,3,0.355,0.7717,16,0
IWM191129C160,2019-11-25,2019-11-25 09:30:38,0.38,0.826,257,0.34,0.7391,466,0.36,0.7826,3,0.36,0.7826,16,0
IWM191129C160,2019-11-25,2019-11-25 09:30:38,0.37,0.8043,12,0.34,0.7391,466,0.36,0.7826,3,0.355,0.7717,16,0
IWM191129C160,2019-11-25,2019-11-25 09:30:39,0.37,0.8043,113,0.34,0.7391,393,0.36,0.7826,3,0.355,0.7717,16,0
IWM191129C160,2019-11-25,2019-11-25 09:30:40,0.37,0.8043,139,0.34,0.7391,366,0.36,0.7826,3,0.355,0.7717,16,0
IWM191129C160,2019-11-25,2019-11-25 09:30:40,0.37,0.8043,139,0.34,0.7391,391,0.36,0.7826,3,0.355,0.7717,16,0
IWM191129C160,2019-11-25,2019-11-25 09:30:41,0.37,0.8043,139,0.34,0.7391,391,0.36,0.7826,3,0.355,0.7717,16,0
IWM191129C160,2019-11-25,2019-11-25 09:30:42,0.37,0.8043,139,0.34,0.7391,391,0.36,0.7826,3,0.355,0.7717,16,0
IWM191129C160,2019-11-25,2019-11-25 09:30:43,0.37,0.8043,194,0.34,0.7391,624,0.36,0.7826,3,0.355,0.7717,16,0
IWM191129C160,2019-11-25,2019-11-25 09:30:43,0.37,0.8043,236,0.34,0.7391,575,0.36,0.7826,3,0.355,0.7717,16,0
IWM191129C160,2019-11-25,2019-11-25 09:30:44,0.37,0.8043,194,0.34,0.7391,624,0.36,0.7826,3,0.355,0.7717,16,0
IWM191129C160,2019-11-25,2019-11-25 09:30:44,0.37,0.8043,194,0.34,0.7391,684,0.36,0.7826,3,0.355,0.7717,16,0
IWM191129C160,2019-11-25,2019-11-25 09:30:45,0.37,0.8043,50,0.34,0.7391,701,0.36,0.7826,3,0.355,0.7717,16,0
IWM191129C160,2019-11-25,2019-11-25 09:30:46,0.36,0.7826,1,0.34,0.7391,665,0.36,0.7826,3,0.35,0.7608,16,0
IWM191129C160,2019-11-25,2019-11-25 09:30:47,0.36,0.7826,2,0.34,0.7391,665,0.36,0.7826,3,0.35,0.7608,16,0
IWM191129C160,2019-11-25,2019-11-25 09:30:47,0.36,0.7826,1,0.34,0.7391,665,0.36,0.7826,3,0.35,0.7608,16,0
IWM191129C160,2019-11-25,2019-11-25 09:30:48,0.36,0.7826,2,0.34,0.7391,704,0.36,0.7826,3,0.35,0.7608,16,0
IWM191129C160,2019-11-25,2019-11-25 09:30:48,0.36,0.7826,1,0.34,0.7391,704,0.36,0.7826,3,0.35,0.7608,16,0
IWM191129C160,2019-11-25,2019-11-25 09:30:49,0.36,0.7826,1,0.35,0.7608,287,0.36,0.7826,3,0.355,0.7717,16,0
IWM191129C160,2019-11-25,2019-11-25 09:30:49,0.36,0.7826,2,0.34,0.7391,629,0.36,0.7826,3,0.35,0.7608,16,0
IWM191129C160,2019-11-25,2019-11-25 09:30:50,0.36,0.7826,2,0.35,0.7608,312,0.36,0.7826,3,0.355,0.7717,16,0
IWM191129C160,2019-11-25,2019-11-25 09:30:50,0.36,0.7826,2,0.35,0.7608,269,0.36,0.7826,3,0.355,0.7717,16,0
IWM191129C160,2019-11-25,2019-11-25 09:30:51,0.36,0.7826,2,0.35,0.7608,313,0.36,0.7826,3,0.355,0.7717,16,0
IWM191129C160,2019-11-25,2019-11-25 09:30:52,0.36,0.7826,2,0.35,0.7608,154,0.36,0.7826,3,0.355,0.7717,16,0
IWM191129C160,2019-11-25,2019-11-25 09:30:52,0.36,0.7826,2,0.35,0.7608,313,0.36,0.7826,3,0.355,0.7717,16,0
IWM191129C160,2019-11-25,2019-11-25 09:30:53,0.36,0.7826,2,0.35,0.7608,154,0.36,0.7826,3,0.355,0.7717,16,0
IWM191129C160,2019-11-25,2019-11-25 09:30:54,0.36,0.7826,2,0.34,0.7391,367,0.36,0.7826,3,0.35,0.7608,16,0
IWM191129C160,2019-11-25,2019-11-25 09:30:54,0.36,0.7826,2,0.34,0.7391,352,0.36,0.7826,3,0.35,0.7608,16,0
IWM191129C160,2019-11-25,2019-11-25 09:30:55,0.36,0.7826,1,0.34,0.7391,352,0.36,0.7826,3,0.35,0.7608,16,0
IWM191129C160,2019-11-25,2019-11-25 09:30:55,0.37,0.8043,1,0.34,0.7391,336,0.36,0.7826,1,0.355,0.7717,17,1
IWM191129C160,2019-11-25,2019-11-25 09:30:56,0.38,0.826,412,0.35,0.7608,75,0.36,0.7826,1,0.365,0.7934,17,0
IWM191129C160,2019-11-25,2019-11-25 09:30:56,0.37,0.8043,21,0.34,0.7391,336,0.36,0.7826,1,0.355,0.7717,17,0
IWM191129C160,2019-11-25,2019-11-25 09:30:57,0.38,0.826,570,0.35,0.7608,358,0.36,0.7826,1,0.365,0.7934,17,0
IWM191129C160,2019-11-25,2019-11-25 09:30:57,0.38,0.826,517,0.35,0.7608,178,0.36,0.7826,1,0.365,0.7934,17,0
IWM191129C160,2019-11-25,2019-11-25 09:30:58,0.38,0.826,605,0.35,0.7608,358,0.36,0.7826,1,0.365,0.7934,17,0
IWM191129C160,2019-11-25,2019-11-25 09:30:58,0.37,0.8043,54,0.35,0.7608,20,0.36,0.7826,1,0.36,0.7826,17,0
IWM191129C160,2019-11-25,2019-11-25 09:30:59,0.37,0.8043,134,0.33,0.7173,140,0.36,0.7826,1,0.35,0.7608,17,0
IWM191129C160,2019-11-25,2019-11-25 09:31:00,0.37,0.8043,486,0.34,0.7391,20,0.36,0.7826,1,0.355,0.7717,17,0
IWM191129C160,2019-11-25,2019-11-25 09:31:00,0.37,0.8043,611,0.34,0.7391,149,0.36,0.7826,1,0.355,0.7717,17,0
IWM191129C160,2019-11-25,2019-11-25 09:31:01,0.37,0.8043,679,0.34,0.7391,41,0.36,0.7826,1,0.355,0.7717,17,0
IWM191129C160,2019-11-25,2019-11-25 09:31:01,0.37,0.8043,410,0.34,0.7391,41,0.36,0.7826,1,0.355,0.7717,17,0
IWM191129C160,2019-11-25,2019-11-25 09:31:02,0.36,0.7826,143,0.34,0.7391,20,0.36,0.7826,1,0.35,0.7608,17,0
IWM191129C160,2019-11-25,2019-11-25 09:31:02,0.36,0.7826,171,0.34,0.7391,20,0.36,0.7826,1,0.35,0.7608,17,0
IWM191129C160,2019-11-25,2019-11-25 09:31:03,0.36,0.7826,199,0.34,0.7391,20,0.36,0.7826,1,0.35,0.7608,17,0
IWM191129C160,2019-11-25,2019-11-25 09:31:03,0.36,0.7826,323,0.34,0.7391,22,0.36,0.7826,1,0.35,0.7608,17,0
IWM191129C160,2019-11-25,2019-11-25 09:31:04,0.36,0.7826,213,0.34,0.7391,22,0.36,0.7826,1,0.35,0.7608,17,0
IWM191129C160,2019-11-25,2019-11-25 09:31:04,0.35,0.7608,7,0.34,0.7391,22,0.36,0.7826,1,0.345,0.75,17,0
IWM191129C160,2019-11-25,2019-11-25 09:31:05,0.36,0.7826,242,0.34,0.7391,22,0.36,0.7826,1,0.35,0.7608,17,0
IWM191129C160,2019-11-25,2019-11-25 09:31:06,0.36,0.7826,239,0.34,0.7391,22,0.36,0.7826,1,0.35,0.7608,17,0
IWM191129C160,2019-11-25,2019-11-25 09:31:06,0.36,0.7826,253,0.34,0.7391,22,0.36,0.7826,1,0.35,0.7608,17,0
IWM191129C160,2019-11-25,2019-11-25 09:31:07,0.36,0.7826,106,0.34,0.7391,22,0.36,0.7826,1,0.35,0.7608,17,0
IWM191129C160,2019-11-25,2019-11-25 09:31:07,0.36,0.7826,239,0.34,0.7391,22,0.36,0.7826,1,0.35,0.7608,17,0
IWM191129C160,2019-11-25,2019-11-25 09:31:08,0.36,0.7826,129,0.34,0.7391,22,0.36,0.7826,1,0.35,0.7608,17,0
IWM191129C160,2019-11-25,2019-11-25 09:31:09,0.36,0.7826,129,0.34,0.7391,22,0.36,0.7826,1,0.35,0.7608,17,0
IWM191129C160,2019-11-25,2019-11-25 09:31:09,0.36,0.7826,153,0.34,0.7391,22,0.36,0.7826,1,0.35,0.7608,17,0
IWM191129C160,2019-11-25,2019-11-25 09:31:10,0.35,0.7608,6,0.34,0.7391,22,0.36,0.7826,1,0.345,0.75,17,0
IWM191129C160,2019-11-25,2019-11-25 09:31:11,0.35,0.7608,6,0.34,0.7391,22,0.36,0.7826,1,0.345,0.75,17,0
IWM191129C160,2019-11-25,2019-11-25 09:31:11,0.35,0.7608,42,0.34,0.7391,22,0.36,0.7826,1,0.345,0.75,17,0
IWM191129C160,2019-11-25,2019-11-25 09:31:12,0.35,0.7608,46,0.34,0.7391,22,0.36,0.7826,1,0.345,0.75,17,0
IWM191129C160,2019-11-25,2019-11-25 09:31:12,0.35,0.7608,21,0.34,0.7391,22,0.36,0.7826,1,0.345,0.75,17,0
IWM191129C160,2019-11-25,2019-11-25 09:31:13,0.35,0.7608,15,0.34,0.7391,22,0.36,0.7826,1,0.345,0.75,17,0
IWM191129C160,2019-11-25,2019-11-25 09:31:13,0.35,0.7608,29,0.34,0.7391,22,0.36,0.7826,1,0.345,0.75,17,0
IWM191129C160,2019-11-25,2019-11-25 09:31:14,0.35,0.7608,2,0.34,0.7391,22,0.36,0.7826,1,0.345,0.75,17,0
IWM191129C160,2019-11-25,2019-11-25 09:31:15,0.35,0.7608,2,0.34,0.7391,20,0.36,0.7826,1,0.345,0.75,17,0
IWM191129C160,2019-11-25,2019-11-25 09:31:16,0.35,0.7608,5,0.34,0.7391,20,0.36,0.7826,1,0.345,0.75,17,0
IWM191129C160,2019-11-25,2019-11-25 09:31:17,0.35,0.7608,5,0.34,0.7391,20,0.36,0.7826,1,0.345,0.75,17,0
IWM191129C160,2019-11-25,2019-11-25 09:31:17,0.35,0.7608,181,0.33,0.7173,78,0.36,0.7826,1,0.34,0.7391,17,0
IWM191129C160,2019-11-25,2019-11-25 09:31:18,0.35,0.7608,20,0.32,0.6956,15,0.36,0.7826,1,0.335,0.7282,17,0
IWM191129C160,2019-11-25,2019-11-25 09:31:18,0.35,0.7608,305,0.33,0.7173,91,0.36,0.7826,1,0.34,0.7391,17,0
IWM191129C160,2019-11-25,2019-11-25 09:31:19,0.33,0.7173,11,0.32,0.6956,91,0.36,0.7826,1,0.325,0.7065,17,0
IWM191129C160,2019-11-25,2019-11-25 09:31:19,0.34,0.7391,305,0.31,0.6739,110,0.36,0.7826,1,0.325,0.7065,17,0
IWM191129C160,2019-11-25,2019-11-25 09:31:20,0.33,0.7173,10,0.31,0.6739,91,0.36,0.7826,1,0.32,0.6956,17,0
IWM191129C160,2019-11-25,2019-11-25 09:31:20,0.33,0.7173,10,0.31,0.6739,133,0.36,0.7826,1,0.32,0.6956,17,0
IWM191129C160,2019-11-25,2019-11-25 09:31:21,0.33,0.7173,143,0.31,0.6739,91,0.36,0.7826,1,0.32,0.6956,17,0
IWM191129C160,2019-11-25,2019-11-25 09:31:22,0.33,0.7173,83,0.31,0.6739,118,0.36,0.7826,1,0.32,0.6956,17,0
IWM191129C160,2019-11-25,2019-11-25 09:31:22,0.33,0.7173,113,0.31,0.6739,103,0.36,0.7826,1,0.32,0.6956,17,0
IWM191129C160,2019-11-25,2019-11-25 09:31:23,0.33,0.7173,83,0.31,0.6739,118,0.36,0.7826,1,0.32,0.6956,17,0
IWM191129C160,2019-11-25,2019-11-25 09:31:24,0.33,0.7173,83,0.31,0.6739,140,0.36,0.7826,1,0.32,0.6956,17,0
IWM191129C160,2019-11-25,2019-11-25 09:31:25,0.35,0.7608,78,0.33,0.7173,74,0.36,0.7826,1,0.34,0.7391,17,0
IWM191129C160,2019-11-25,2019-11-25 09:31:25,0.33,0.7173,59,0.31,0.6739,158,0.36,0.7826,1,0.32,0.6956,17,0
IWM191129C160,2019-11-25,2019-11-25 09:31:26,0.34,0.7391,10,0.33,0.7173,24,0.36,0.7826,1,0.335,0.7282,17,0
IWM191129C160,2019-11-25,2019-11-25 09:31:26,0.34,0.7391,10,0.33,0.7173,82,0.36,0.7826,1,0.335,0.7282,17,0
IWM191129C160,2019-11-25,2019-11-25 09:31:27,0.34,0.7391,81,0.33,0.7173,24,0.36,0.7826,1,0.335,0.7282,17,0
IWM191129C160,2019-11-25,2019-11-25 09:31:27,0.34,0.7391,81,0.32,0.6956,232,0.36,0.7826,1,0.33,0.7173,17,0
IWM191129C160,2019-11-25,2019-11-25 09:31:28,0.35,0.7608,83,0.33,0.7173,82,0.36,0.7826,1,0.34,0.7391,17,0
IWM191129C160,2019-11-25,2019-11-25 09:31:28,0.34,0.7391,81,0.32,0.6956,232,0.36,0.7826,1,0.33,0.7173,17,0
IWM191129C160,2019-11-25,2019-11-25 09:31:29,0.34,0.7391,10,0.33,0.7173,26,0.36,0.7826,1,0.335,0.7282,17,0
IWM191129C160,2019-11-25,2019-11-25 09:31:30,0.34,0.7391,10,0.33,0.7173,26,0.36,0.7826,1,0.335,0.7282,17,0
IWM191129C160,2019-11-25,2019-11-25 09:31:31,0.35,0.7608,67,0.33,0.7173,158,0.36,0.7826,1,0.34,0.7391,17,0
IWM191129C160,2019-11-25,2019-11-25 09:31:31,0.35,0.7608,67,0.33,0.7173,331,0.36,0.7826,1,0.34,0.7391,17,0
IWM191129C160,2019-11-25,2019-11-25 09:31:32,0.35,0.7608,67,0.33,0.7173,354,0.36,0.7826,1,0.34,0.7391,17,0
IWM191129C160,2019-11-25,2019-11-25 09:31:32,0.35,0.7608,67,0.33,0.7173,140,0.36,0.7826,1,0.34,0.7391,17,0
IWM191129C160,2019-11-25,2019-11-25 09:31:33,0.35,0.7608,67,0.33,0.7173,138,0.36,0.7826,1,0.34,0.7391,17,0
IWM191129C160,2019-11-25,2019-11-25 09:31:33,0.35,0.7608,67,0.33,0.7173,252,0.36,0.7826,1,0.34,0.7391,17,0
IWM191129C160,2019-11-25,2019-11-25 09:31:34,0.35,0.7608,96,0.33,0.7173,40,0.36,0.7826,1,0.34,0.7391,17,0
IWM191129C160,2019-11-25,2019-11-25 09:31:34,0.35,0.7608,71,0.33,0.7173,106,0.36,0.7826,1,0.34,0.7391,17,0
IWM191129C160,2019-11-25,2019-11-25 09:31:35,0.35,0.7608,97,0.33,0.7173,47,0.36,0.7826,1,0.34,0.7391,17,0
IWM191129C160,2019-11-25,2019-11-25 09:31:35,0.35,0.7608,53,0.33,0.7173,160,0.36,0.7826,1,0.34,0.7391,17,0
IWM191129C160,2019-11-25,2019-11-25 09:31:36,0.35,0.7608,16,0.33,0.7173,432,0.36,0.7826,1,0.34,0.7391,17,0
IWM191129C160,2019-11-25,2019-11-25 09:31:36,0.36,0.7826,82,0.33,0.7173,225,0.36,0.7826,1,0.345,0.75,17,0
IWM191129C160,2019-11-25,2019-11-25 09:31:37,0.36,0.7826,126,0.34,0.7391,114,0.36,0.7826,1,0.35,0.7608,17,0
IWM191129C160,2019-11-25,2019-11-25 09:31:37,0.35,0.7608,17,0.33,0.7173,450,0.36,0.7826,1,0.34,0.7391,17,0
IWM191129C160,2019-11-25,2019-11-25 09:31:38,0.36,0.7826,99,0.34,0.7391,83,0.36,0.7826,1,0.35,0.7608,17,0
IWM191129C160,2019-11-25,2019-11-25 09:31:39,0.36,0.7826,83,0.34,0.7391,88,0.36,0.7826,1,0.35,0.7608,17,0
IWM191129C160,2019-11-25,2019-11-25 09:31:39,0.36,0.7826,99,0.34,0.7391,83,0.36,0.7826,1,0.35,0.7608,17,0
IWM191129C160,2019-11-25,2019-11-25 09:31:40,0.36,0.7826,83,0.34,0.7391,149,0.36,0.7826,1,0.35,0.7608,17,0
IWM191129C160,2019-11-25,2019-11-25 09:31:40,0.36,0.7826,83,0.34,0.7391,89,0.36,0.7826,1,0.35,0.7608,17,0
IWM191129C160,2019-11-25,2019-11-25 09:31:41,0.36,0.7826,10,0.34,0.7391,297,0.36,0.7826,1,0.35,0.7608,17,0
IWM191129C160,2019-11-25,2019-11-25 09:31:41,0.36,0.7826,83,0.34,0.7391,256,0.36,0.7826,1,0.35,0.7608,17,0
IWM191129C160,2019-11-25,2019-11-25 09:31:42,0.36,0.7826,16,0.34,0.7391,158,0.36,0.7826,1,0.35,0.7608,17,0
IWM191129C160,2019-11-25,2019-11-25 09:31:42,0.36,0.7826,15,0.34,0.7391,255,0.36,0.7826,1,0.35,0.7608,17,0
IWM191129C160,2019-11-25,2019-11-25 09:31:43,0.36,0.7826,14,0.34,0.7391,364,0.36,0.7826,1,0.35,0.7608,17,0
IWM191129C160,2019-11-25,2019-11-25 09:31:44,0.36,0.7826,17,0.34,0.7391,364,0.36,0.7826,1,0.35,0.7608,17,0
IWM191129C160,2019-11-25,2019-11-25 09:31:44,0.36,0.7826,17,0.35,0.7608,24,0.36,0.7826,1,0.355,0.7717,17,0
IWM191129C160,2019-11-25,2019-11-25 09:31:45,0.36,0.7826,9,0.35,0.7608,24,0.36,0.7826,1,0.355,0.7717,17,0
IWM191129C160,2019-11-25,2019-11-25 09:31:46,0.37,0.8043,101,0.35,0.7608,35,0.36,0.7826,1,0.36,0.7826,17,0
IWM191129C160,2019-11-25,2019-11-25 09:31:46,0.37,0.8043,21,0.35,0.7608,24,0.36,0.7826,1,0.36,0.7826,17,0
IWM191129C160,2019-11-25,2019-11-25 09:31:47,0.36,0.7826,14,0.35,0.7608,42,0.36,0.7826,1,0.355,0.7717,17,0
IWM191129C160,2019-11-25,2019-11-25 09:31:47,0.37,0.8043,74,0.36,0.7826,6,0.36,0.7826,1,0.365,0.7934,17,0
IWM191129C160,2019-11-25,2019-11-25 09:31:48,0.37,0.8043,103,0.35,0.7608,20,0.36,0.7826,1,0.36,0.7826,17,0
IWM191129C160,2019-11-25,2019-11-25 09:31:48,0.36,0.7826,14,0.34,0.7391,91,0.36,0.7826,1,0.35,0.7608,17,0
IWM191129C160,2019-11-25,2019-11-25 09:31:49,0.37,0.8043,29,0.36,0.7826,15,0.36,0.7826,1,0.365,0.7934,17,0
IWM191129C160,2019-11-25,2019-11-25 09:31:49,0.37,0.8043,39,0.36,0.7826,15,0.36,0.7826,1,0.365,0.7934,17,0
IWM191129C160,2019-11-25,2019-11-25 09:31:50,0.37,0.8043,47,0.36,0.7826,15,0.36,0.7826,1,0.365,0.7934,17,0
IWM191129C160,2019-11-25,2019-11-25 09:31:51,0.37,0.8043,47,0.36,0.7826,23,0.36,0.7826,1,0.365,0.7934,17,0
IWM191129C160,2019-11-25,2019-11-25 09:31:52,0.37,0.8043,14,0.36,0.7826,15,0.36,0.7826,1,0.365,0.7934,17,0
IWM191129C160,2019-11-25,2019-11-25 09:31:53,0.37,0.8043,14,0.36,0.7826,15,0.36,0.7826,1,0.365,0.7934,17,0
IWM191129C160,2019-11-25,2019-11-25 09:31:54,0.37,0.8043,14,0.36,0.7826,15,0.36,0.7826,1,0.365,0.7934,17,0
IWM191129C160,2019-11-25,2019-11-25 09:31:55,0.37,0.8043,14,0.36,0.7826,15,0.36,0.7826,1,0.365,0.7934,17,0
IWM191129C160,2019-11-25,2019-11-25 09:31:55,0.38,0.826,491,0.36,0.7826,26,0.36,0.7826,1,0.37,0.8043,17,0
IWM191129C160,2019-11-25,2019-11-25 09:31:56,0.38,0.826,444,0.36,0.7826,55,0.36,0.7826,1,0.37,0.8043,17,0
IWM191129C160,2019-11-25,2019-11-25 09:31:57,0.38,0.826,53,0.36,0.7826,57,0.36,0.7826,1,0.37,0.8043,17,0
IWM191129C160,2019-11-25,2019-11-25 09:31:58,0.38,0.826,42,0.36,0.7826,57,0.36,0.7826,1,0.37,0.8043,17,0
IWM191129C160,2019-11-25,2019-11-25 09:31:58,0.38,0.826,52,0.36,0.7826,73,0.36,0.7826,1,0.37,0.8043,17,0
IWM191129C160,2019-11-25,2019-11-25 09:31:59,0.38,0.826,91,0.36,0.7826,57,0.36,0.7826,1,0.37,0.8043,17,0
IWM191129C160,2019-11-25,2019-11-25 09:31:59,0.38,0.826,81,0.36,0.7826,57,0.36,0.7826,1,0.37,0.8043,17,0
IWM191129C160,2019-11-25,2019-11-25 09:32:00,0.38,0.826,58,0.36,0.7826,86,0.36,0.7826,1,0.37,0.8043,17,0
IWM191129C160,2019-11-25,2019-11-25 09:32:00,0.38,0.826,108,0.36,0.7826,40,0.37,0.8043,1,0.37,0.8043,18,1
IWM191129C160,2019-11-25,2019-11-25 09:32:01,0.38,0.826,49,0.36,0.7826,53,0.37,0.8043,1,0.37,0.8043,18,0
IWM191129C160,2019-11-25,2019-11-25 09:32:01,0.38,0.826,49,0.36,0.7826,74,0.37,0.8043,1,0.37,0.8043,18,0
IWM191129C160,2019-11-25,2019-11-25 09:32:02,0.38,0.826,59,0.36,0.7826,145,0.37,0.8043,1,0.37,0.8043,18,0
IWM191129C160,2019-11-25,2019-11-25 09:32:02,0.38,0.826,59,0.36,0.7826,76,0.37,0.8043,1,0.37,0.8043,18,0
IWM191129C160,2019-11-25,2019-11-25 09:32:03,0.38,0.826,52,0.36,0.7826,61,0.37,0.8043,1,0.37,0.8043,18,0
IWM191129C160,2019-11-25,2019-11-25 09:32:03,0.38,0.826,52,0.36,0.7826,44,0.37,0.8043,1,0.37,0.8043,18,0
IWM191129C160,2019-11-25,2019-11-25 09:32:04,0.38,0.826,52,0.36,0.7826,116,0.37,0.8043,1,0.37,0.8043,18,0
IWM191129C160,2019-11-25,2019-11-25 09:32:04,0.38,0.826,53,0.36,0.7826,116,0.37,0.8043,1,0.37,0.8043,18,0
IWM191129C160,2019-11-25,2019-11-25 09:32:05,0.38,0.826,29,0.36,0.7826,109,0.37,0.8043,1,0.37,0.8043,18,0
IWM191129C160,2019-11-25,2019-11-25 09:32:05,0.38,0.826,63,0.36,0.7826,44,0.37,0.8043,1,0.37,0.8043,18,0
IWM191129C160,2019-11-25,2019-11-25 09:32:06,0.38,0.826,29,0.36,0.7826,117,0.37,0.8043,1,0.37,0.8043,18,0
IWM191129C160,2019-11-25,2019-11-25 09:32:06,0.38,0.826,29,0.36,0.7826,140,0.37,0.8043,1,0.37,0.8043,18,0
IWM191129C160,2019-11-25,2019-11-25 09:32:07,0.38,0.826,29,0.36,0.7826,287,0.37,0.8043,1,0.37,0.8043,18,0
IWM191129C160,2019-11-25,2019-11-25 09:32:07,0.38,0.826,29,0.36,0.7826,140,0.37,0.8043,1,0.37,0.8043,18,0
IWM191129C160,2019-11-25,2019-11-25 09:32:08,0.38,0.826,29,0.37,0.8043,39,0.36,0.7826,2,0.375,0.8152,20,2
IWM191129C160,2019-11-25,2019-11-25 09:32:08,0.38,0.826,29,0.37,0.8043,47,0.36,0.7826,2,0.375,0.8152,20,0
IWM191129C160,2019-11-25,2019-11-25 09:32:09,0.38,0.826,29,0.37,0.8043,47,0.36,0.7826,2,0.375,0.8152,20,0
IWM191129C160,2019-11-25,2019-11-25 09:32:09,0.38,0.826,29,0.37,0.8043,169,0.38,0.826,20,0.375,0.8152,40,20
IWM191129C160,2019-11-25,2019-11-25 09:32:10,0.39,0.8478,61,0.37,0.8043,205,0.38,0.826,20,0.38,0.826,40,0
IWM191129C160,2019-11-25,2019-11-25 09:32:10,0.39,0.8478,16,0.37,0.8043,147,0.38,0.826,20,0.38,0.826,40,0
IWM191129C160,2019-11-25,2019-11-25 09:32:11,0.38,0.826,1,0.37,0.8043,23,0.38,0.826,20,0.375,0.8152,40,0
IWM191129C160,2019-11-25,2019-11-25 09:32:12,0.38,0.826,30,0.37,0.8043,23,0.38,0.826,20,0.375,0.8152,40,0
IWM191129C160,2019-11-25,2019-11-25 09:32:13,0.38,0.826,30,0.37,0.8043,23,0.38,0.826,20,0.375,0.8152,40,0
IWM191129C160,2019-11-25,2019-11-25 09:32:14,0.38,0.826,64,0.37,0.8043,23,0.38,0.826,20,0.375,0.8152,40,0
IWM191129C160,2019-11-25,2019-11-25 09:32:14,0.38,0.826,113,0.37,0.8043,23,0.38,0.826,20,0.375,0.8152,40,0
IWM191129C160,2019-11-25,2019-11-25 09:32:15,0.38,0.826,14,0.36,0.7826,166,0.38,0.826,20,0.37,0.8043,40,0
IWM191129C160,2019-11-25,2019-11-25 09:32:15,0.38,0.826,23,0.36,0.7826,64,0.38,0.826,20,0.37,0.8043,40,0
IWM191129C160,2019-11-25,2019-11-25 09:32:16,0.38,0.826,14,0.36,0.7826,163,0.38,0.826,20,0.37,0.8043,40,0
IWM191129C160,2019-11-25,2019-11-25 09:32:16,0.38,0.826,14,0.36,0.7826,219,0.38,0.826,20,0.37,0.8043,40,0
IWM191129C160,2019-11-25,2019-11-25 09:32:17,0.39,0.8478,14,0.37,0.8043,92,0.38,0.826,20,0.38,0.826,40,0
IWM191129C160,2019-11-25,2019-11-25 09:32:17,0.38,0.826,14,0.36,0.7826,219,0.38,0.826,20,0.37,0.8043,40,0
IWM191129C160,2019-11-25,2019-11-25 09:32:18,0.39,0.8478,14,0.38,0.826,22,0.38,0.826,20,0.385,0.8369,40,0
IWM191129C160,2019-11-25,2019-11-25 09:32:18,0.39,0.8478,14,0.38,0.826,33,0.38,0.826,20,0.385,0.8369,40,0
IWM191129C160,2019-11-25,2019-11-25 09:32:19,0.39,0.8478,7,0.37,0.8043,172,0.38,0.826,20,0.38,0.826,40,0
IWM191129C160,2019-11-25,2019-11-25 09:32:19,0.4,0.8695,110,0.38,0.826,15,0.38,0.826,20,0.39,0.8478,40,0
IWM191129C160,2019-11-25,2019-11-25 09:32:20,0.39,0.8478,8,0.37,0.8043,294,0.38,0.826,20,0.38,0.826,40,0
IWM191129C160,2019-11-25,2019-11-25 09:32:20,0.39,0.8478,16,0.37,0.8043,294,0.38,0.826,20,0.38,0.826,40,0
IWM191129C160,2019-11-25,2019-11-25 09:32:21,0.39,0.8478,7,0.38,0.826,56,0.38,0.826,20,0.385,0.8369,40,0
IWM191129C160,2019-11-25,2019-11-25 09:32:21,0.4,0.8695,120,0.38,0.826,74,0.38,0.826,20,0.39,0.8478,40,0
IWM191129C160,2019-11-25,2019-11-25 09:32:22,0.39,0.8478,1,0.38,0.826,15,0.38,0.826,20,0.385,0.8369,40,0
IWM191129C160,2019-11-25,2019-11-25 09:32:22,0.4,0.8695,120,0.38,0.826,103,0.38,0.826,20,0.39,0.8478,40,0
IWM191129C160,2019-11-25,2019-11-25 09:32:23,0.4,0.8695,120,0.38,0.826,55,0.38,0.826,20,0.39,0.8478,40,0
IWM191129C160,2019-11-25,2019-11-25 09:32:23,0.4,0.8695,160,0.38,0.826,25,0.38,0.826,20,0.39,0.8478,40,0
IWM191129C160,2019-11-25,2019-11-25 09:32:24,0.4,0.8695,160,0.37,0.8043,20,0.38,0.826,20,0.385,0.8369,40,0
IWM191129C160,2019-11-25,2019-11-25 09:32:24,0.39,0.8478,237,0.37,0.8043,39,0.38,0.826,20,0.38,0.826,40,0
IWM191129C160,2019-11-25,2019-11-25 09:32:25,0.39,0.8478,262,0.37,0.8043,24,0.38,0.826,20,0.38,0.826,40,0
IWM191129C160,2019-11-25,2019-11-25 09:32:25,0.39,0.8478,130,0.37,0.8043,24,0.38,0.826,20,0.38,0.826,40,0
IWM191129C160,2019-11-25,2019-11-25 09:32:26,0.39,0.8478,98,0.37,0.8043,43,0.38,0.826,20,0.38,0.826,40,0
IWM191129C160,2019-11-25,2019-11-25 09:32:27,0.39,0.8478,95,0.37,0.8043,24,0.38,0.826,20,0.38,0.826,40,0
IWM191129C160,2019-11-25,2019-11-25 09:32:27,0.39,0.8478,81,0.37,0.8043,53,0.38,0.826,20,0.38,0.826,40,0
IWM191129C160,2019-11-25,2019-11-25 09:32:28,0.39,0.8478,37,0.37,0.8043,144,0.38,0.826,20,0.38,0.826,40,0
IWM191129C160,2019-11-25,2019-11-25 09:32:28,0.39,0.8478,37,0.37,0.8043,162,0.38,0.826,20,0.38,0.826,40,0
IWM191129C160,2019-11-25,2019-11-25 09:32:29,0.39,0.8478,29,0.37,0.8043,297,0.38,0.826,20,0.38,0.826,40,0
IWM191129C160,2019-11-25,2019-11-25 09:32:29,0.4,0.8695,188,0.37,0.8043,456,0.38,0.826,20,0.385,0.8369,40,0
IWM191129C160,2019-11-25,2019-11-25 09:32:30,0.4,0.8695,125,0.38,0.826,58,0.37,0.8043,3,0.39,0.8478,60,0
IWM191129C160,2019-11-25,2019-11-25 09:32:30,0.4,0.8695,125,0.38,0.826,59,0.37,0.8043,3,0.39,0.8478,60,20
IWM191129C160,2019-11-25,2019-11-25 09:32:31,0.4,0.8695,86,0.38,0.826,67,0.37,0.8043,3,0.39,0.8478,60,0
IWM191129C160,2019-11-25,2019-11-25 09:32:31,0.4,0.8695,125,0.38,0.826,66,0.37,0.8043,3,0.39,0.8478,60,0
IWM191129C160,2019-11-25,2019-11-25 09:32:32,0.4,0.8695,116,0.38,0.826,67,0.37,0.8043,3,0.39,0.8478,60,0
IWM191129C160,2019-11-25,2019-11-25 09:32:33,0.4,0.8695,60,0.38,0.826,128,0.37,0.8043,3,0.39,0.8478,60,0
IWM191129C160,2019-11-25,2019-11-25 09:32:33,0.4,0.8695,50,0.38,0.826,128,0.37,0.8043,3,0.39,0.8478,60,0
IWM191129C160,2019-11-25,2019-11-25 09:32:34,0.4,0.8695,92,0.38,0.826,60,0.37,0.8043,3,0.39,0.8478,60,0
IWM191129C160,2019-11-25,2019-11-25 09:32:35,0.4,0.8695,102,0.38,0.826,60,0.37,0.8043,3,0.39,0.8478,60,0
IWM191129C160,2019-11-25,2019-11-25 09:32:35,0.39,0.8478,7,0.38,0.826,15,0.37,0.8043,3,0.385,0.8369,60,0
IWM191129C160,2019-11-25,2019-11-25 09:32:36,0.39,0.8478,8,0.37,0.8043,256,0.37,0.8043,3,0.38,0.826,60,0
IWM191129C160,2019-11-25,2019-11-25 09:32:37,0.4,0.8695,46,0.38,0.826,63,0.37,0.8043,3,0.39,0.8478,60,0
IWM191129C160,2019-11-25,2019-11-25 09:32:37,0.39,0.8478,8,0.37,0.8043,257,0.37,0.8043,3,0.38,0.826,60,0
IWM191129C160,2019-11-25,2019-11-25 09:32:38,0.4,0.8695,46,0.38,0.826,63,0.37,0.8043,3,0.39,0.8478,60,0
IWM191129C160,2019-11-25,2019-11-25 09:32:38,0.4,0.8695,32,0.38,0.826,72,0.37,0.8043,3,0.39,0.8478,60,0
IWM191129C160,2019-11-25,2019-11-25 09:32:39,0.39,0.8478,14,0.38,0.826,7,0.37,0.8043,3,0.385,0.8369,60,0
IWM191129C160,2019-11-25,2019-11-25 09:32:39,0.39,0.8478,7,0.38,0.826,20,0.37,0.8043,3,0.385,0.8369,60,0
IWM191129C160,2019-11-25,2019-11-25 09:32:40,0.39,0.8478,57,0.37,0.8043,70,0.37,0.8043,3,0.38,0.826,60,0
IWM191129C160,2019-11-25,2019-11-25 09:32:41,0.39,0.8478,23,0.37,0.8043,129,0.37,0.8043,3,0.38,0.826,60,0
IWM191129C160,2019-11-25,2019-11-25 09:32:41,0.39,0.8478,38,0.37,0.8043,78,0.37,0.8043,3,0.38,0.826,60,0
IWM191129C160,2019-11-25,2019-11-25 09:32:42,0.39,0.8478,7,0.37,0.8043,219,0.37,0.8043,3,0.38,0.826,60,0
IWM191129C160,2019-11-25,2019-11-25 09:32:42,0.4,0.8695,53,0.38,0.826,60,0.37,0.8043,3,0.39,0.8478,60,0
IWM191129C160,2019-11-25,2019-11-25 09:32:43,0.39,0.8478,3,0.38,0.826,25,0.37,0.8043,3,0.385,0.8369,60,0
IWM191129C160,2019-11-25,2019-11-25 09:32:43,0.4,0.8695,172,0.38,0.826,54,0.37,0.8043,3,0.39,0.8478,60,0
IWM191129C160,2019-11-25,2019-11-25 09:32:44,0.4,0.8695,183,0.38,0.826,45,0.37,0.8043,3,0.39,0.8478,60,0
IWM191129C160,2019-11-25,2019-11-25 09:32:44,0.4,0.8695,172,0.38,0.826,45,0.37,0.8043,3,0.39,0.8478,60,0
IWM191129C160,2019-11-25,2019-11-25 09:32:45,0.4,0.8695,172,0.38,0.826,45,0.37,0.8043,3,0.39,0.8478,60,0
IWM191129C160,2019-11-25,2019-11-25 09:32:46,0.4,0.8695,53,0.38,0.826,45,0.37,0.8043,3,0.39,0.8478,60,0
IWM191129C160,2019-11-25,2019-11-25 09:32:46,0.4,0.8695,54,0.38,0.826,45,0.37,0.8043,3,0.39,0.8478,60,0
IWM191129C160,2019-11-25,2019-11-25 09:32:47,0.4,0.8695,54,0.38,0.826,45,0.37,0.8043,3,0.39,0.8478,60,0
IWM191129C160,2019-11-25,2019-11-25 09:32:48,0.4,0.8695,93,0.38,0.826,59,0.37,0.8043,3,0.39,0.8478,60,0
IWM191129C160,2019-11-25,2019-11-25 09:32:48,0.4,0.8695,113,0.38,0.826,59,0.37,0.8043,3,0.39,0.8478,60,0
IWM191129C160,2019-11-25,2019-11-25 09:32:49,0.4,0.8695,113,0.38,0.826,59,0.37,0.8043,3,0.39,0.8478,60,0
IWM191129C160,2019-11-25,2019-11-25 09:32:49,0.4,0.8695,113,0.38,0.826,46,0.37,0.8043,3,0.39,0.8478,60,0
IWM191129C160,2019-11-25,2019-11-25 09:32:50,0.4,0.8695,113,0.38,0.826,37,0.37,0.8043,3,0.39,0.8478,60,0
IWM191129C160,2019-11-25,2019-11-25 09:32:51,0.39,0.8478,9,0.38,0.826,48,0.37,0.8043,3,0.385,0.8369,60,0
IWM191129C160,2019-11-25,2019-11-25 09:32:51,0.4,0.8695,113,0.38,0.826,38,0.37,0.8043,3,0.39,0.8478,60,0
IWM191129C160,2019-11-25,2019-11-25 09:32:52,0.4,0.8695,163,0.38,0.826,43,0.37,0.8043,3,0.39,0.8478,60,0
IWM191129C160,2019-11-25,2019-11-25 09:32:52,0.39,0.8478,9,0.38,0.826,43,0.37,0.8043,3,0.385,0.8369,60,0
IWM191129C160,2019-11-25,2019-11-25 09:32:53,0.4,0.8695,130,0.38,0.826,58,0.37,0.8043,3,0.39,0.8478,60,0
IWM191129C160,2019-11-25,2019-11-25 09:32:53,0.4,0.8695,130,0.39,0.8478,7,0.37,0.8043,3,0.395,0.8586,60,0
IWM191129C160,2019-11-25,2019-11-25 09:32:54,0.4,0.8695,130,0.38,0.826,59,0.37,0.8043,3,0.39,0.8478,60,0
IWM191129C160,2019-11-25,2019-11-25 09:32:54,0.4,0.8695,148,0.38,0.826,41,0.37,0.8043,3,0.39,0.8478,60,0
IWM191129C160,2019-11-25,2019-11-25 09:32:55,0.39,0.8478,7,0.38,0.826,25,0.37,0.8043,3,0.385,0.8369,60,0
IWM191129C160,2019-11-25,2019-11-25 09:32:56,0.4,0.8695,115,0.38,0.826,47,0.37,0.8043,3,0.39,0.8478,60,0
IWM191129C160,2019-11-25,2019-11-25 09:32:56,0.4,0.8695,119,0.38,0.826,47,0.37,0.8043,3,0.39,0.8478,60,0
IWM191129C160,2019-11-25,2019-11-25 09:32:57,0.4,0.8695,139,0.38,0.826,44,0.37,0.8043,3,0.39,0.8478,60,0
IWM191129C160,2019-11-25,2019-11-25 09:32:57,0.39,0.8478,21,0.38,0.826,25,0.37,0.8043,3,0.385,0.8369,60,0
IWM191129C160,2019-11-25,2019-11-25 09:32:58,0.39,0.8478,227,0.37,0.8043,4,0.37,0.8043,3,0.38,0.826,60,0
IWM191129C160,2019-11-25,2019-11-25 09:32:58,0.39,0.8478,33,0.38,0.826,25,0.37,0.8043,3,0.385,0.8369,60,0
IWM191129C160,2019-11-25,2019-11-25 09:32:59,0.39,0.8478,101,0.37,0.8043,34,0.37,0.8043,3,0.38,0.826,60,0
IWM191129C160,2019-11-25,2019-11-25 09:32:59,0.39,0.8478,24,0.38,0.826,25,0.37,0.8043,3,0.385,0.8369,60,0
IWM191129C160,2019-11-25,2019-11-25 09:33:00,0.39,0.8478,11,0.37,0.8043,292,0.37,0.8043,3,0.38,0.826,60,0
IWM191129C160,2019-11-25,2019-11-25 09:33:00,0.39,0.8478,11,0.38,0.826,15,0.37,0.8043,3,0.385,0.8369,60,0
IWM191129C160,2019-11-25,2019-11-25 09:33:01,0.4,0.8695,164,0.38,0.826,55,0.37,0.8043,3,0.39,0.8478,60,0
IWM191129C160,2019-11-25,2019-11-25 09:33:01,0.4,0.8695,110,0.38,0.826,55,0.37,0.8043,3,0.39,0.8478,60,0
IWM191129C160,2019-11-25,2019-11-25 09:33:02,0.4,0.8695,137,0.38,0.826,44,0.37,0.8043,3,0.39,0.8478,60,0
IWM191129C160,2019-11-25,2019-11-25 09:33:02,0.4,0.8695,137,0.38,0.826,55,0.37,0.8043,3,0.39,0.8478,60,0
IWM191129C160,2019-11-25,2019-11-25 09:33:03,0.4,0.8695,94,0.38,0.826,65,0.37,0.8043,3,0.39,0.8478,60,0
IWM191129C160,2019-11-25,2019-11-25 09:33:03,0.4,0.8695,38,0.38,0.826,386,0.37,0.8043,3,0.39,0.8478,60,0
IWM191129C160,2019-11-25,2019-11-25 09:33:04,0.4,0.8695,54,0.38,0.826,269,0.37,0.8043,3,0.39,0.8478,60,0
IWM191129C160,2019-11-25,2019-11-25 09:33:04,0.4,0.8695,54,0.38,0.826,140,0.37,0.8043,3,0.39,0.8478,60,0
IWM191129C160,2019-11-25,2019-11-25 09:33:05,0.4,0.8695,130,0.38,0.826,26,0.37,0.8043,3,0.39,0.8478,60,0
IWM191129C160,2019-11-25,2019-11-25 09:33:05,0.4,0.8695,54,0.38,0.826,65,0.37,0.8043,3,0.39,0.8478,60,0
IWM191129C160,2019-11-25,2019-11-25 09:33:06,0.4,0.8695,128,0.38,0.826,46,0.37,0.8043,3,0.39,0.8478,60,0
IWM191129C160,2019-11-25,2019-11-25 09:33:07,0.41,0.8913,77,0.38,0.826,442,0.37,0.8043,3,0.395,0.8586,60,0
IWM191129C160,2019-11-25,2019-11-25 09:33:07,0.4,0.8695,64,0.38,0.826,42,0.37,0.8043,3,0.39,0.8478,60,0
IWM191129C160,2019-11-25,2019-11-25 09:33:08,0.41,0.8913,139,0.38,0.826,447,0.37,0.8043,3,0.395,0.8586,60,0
IWM191129C160,2019-11-25,2019-11-25 09:33:09,0.4,0.8695,1,0.39,0.8478,11,0.37,0.8043,3,0.395,0.8586,60,0
IWM191129C160,2019-11-25,2019-11-25 09:33:09,0.4,0.8695,5,0.38,0.826,500,0.37,0.8043,3,0.39,0.8478,60,0
IWM191129C160,2019-11-25,2019-11-25 09:33:10,0.4,0.8695,24,0.39,0.8478,17,0.37,0.8043,3,0.395,0.8586,60,0
IWM191129C160,2019-11-25,2019-11-25 09:33:10,0.4,0.8695,25,0.38,0.826,85,0.37,0.8043,3,0.39,0.8478,60,0
IWM191129C160,2019-11-25,2019-11-25 09:33:11,0.4,0.8695,24,0.39,0.8478,17,0.37,0.8043,3,0.395,0.8586,60,0
IWM191129C160,2019-11-25,2019-11-25 09:33:12,0.4,0.8695,24,0.39,0.8478,92,0.37,0.8043,3,0.395,0.8586,60,0
IWM191129C160,2019-11-25,2019-11-25 09:33:12,0.41,0.8913,38,0.39,0.8478,69,0.37,0.8043,3,0.4,0.8695,60,0
IWM191129C160,2019-11-25,2019-11-25 09:33:13,0.41,0.8913,56,0.39,0.8478,88,0.37,0.8043,3,0.4,0.8695,60,0
IWM191129C160,2019-11-25,2019-11-25 09:33:14,0.4,0.8695,8,0.39,0.8478,88,0.37,0.8043,3,0.395,0.8586,60,0
IWM191129C160,2019-11-25,2019-11-25 09:33:15,0.41,0.8913,393,0.39,0.8478,88,0.37,0.8043,3,0.4,0.8695,60,0
IWM191129C160,2019-11-25,2019-11-25 09:33:15,0.4,0.8695,12,0.39,0.8478,17,0.39,0.8478,13,0.395,0.8586,89,29
IWM191129C160,2019-11-25,2019-11-25 09:33:16,0.4,0.8695,10,0.39,0.8478,18,0.39,0.8478,13,0.395,0.8586,89,0
IWM191129C160,2019-11-25,2019-11-25 09:33:16,0.4,0.8695,11,0.39,0.8478,18,0.39,0.8478,13,0.395,0.8586,89,0
IWM191129C160,2019-11-25,2019-11-25 09:33:17,0.41,0.8913,81,0.39,0.8478,27,0.39,0.8478,13,0.4,0.8695,89,0
IWM191129C160,2019-11-25,2019-11-25 09:33:17,0.41,0.8913,75,0.39,0.8478,27,0.39,0.8478,13,0.4,0.8695,89,0
IWM191129C160,2019-11-25,2019-11-25 09:33:18,0.41,0.8913,75,0.39,0.8478,76,0.39,0.8478,13,0.4,0.8695,89,0
IWM191129C160,2019-11-25,2019-11-25 09:33:18,0.41,0.8913,220,0.39,0.8478,76,0.39,0.8478,13,0.4,0.8695,89,0
IWM191129C160,2019-11-25,2019-11-25 09:33:19,0.41,0.8913,131,0.39,0.8478,46,0.39,0.8478,13,0.4,0.8695,89,0
IWM191129C160,2019-11-25,2019-11-25 09:33:19,0.41,0.8913,240,0.39,0.8478,46,0.39,0.8478,13,0.4,0.8695,89,0
IWM191129C160,2019-11-25,2019-11-25 09:33:20,0.41,0.8913,225,0.39,0.8478,46,0.39,0.8478,13,0.4,0.8695,89,0
IWM191129C160,2019-11-25,2019-11-25 09:33:21,0.41,0.8913,225,0.39,0.8478,46,0.39,0.8478,13,0.4,0.8695,89,0
IWM191129C160,2019-11-25,2019-11-25 09:33:21,0.41,0.8913,130,0.39,0.8478,45,0.39,0.8478,13,0.4,0.8695,89,0
IWM191129C160,2019-11-25,2019-11-25 09:33:22,0.41,0.8913,209,0.39,0.8478,46,0.39,0.8478,13,0.4,0.8695,89,0
IWM191129C160,2019-11-25,2019-11-25 09:33:23,0.41,0.8913,234,0.39,0.8478,32,0.39,0.8478,13,0.4,0.8695,89,0
IWM191129C160,2019-11-25,2019-11-25 09:33:23,0.41,0.8913,430,0.39,0.8478,32,0.39,0.8478,13,0.4,0.8695,89,0
IWM191129C160,2019-11-25,2019-11-25 09:33:24,0.41,0.8913,173,0.39,0.8478,35,0.39,0.8478,13,0.4,0.8695,89,0
IWM191129C160,2019-11-25,2019-11-25 09:33:25,0.41,0.8913,222,0.39,0.8478,28,0.39,0.8478,13,0.4,0.8695,89,0
IWM191129C160,2019-11-25,2019-11-25 09:33:25,0.41,0.8913,173,0.39,0.8478,28,0.39,0.8478,13,0.4,0.8695,89,0
IWM191129C160,2019-11-25,2019-11-25 09:33:26,0.41,0.8913,173,0.39,0.8478,40,0.39,0.8478,13,0.4,0.8695,89,0
IWM191129C160,2019-11-25,2019-11-25 09:33:27,0.41,0.8913,52,0.39,0.8478,76,0.39,0.8478,13,0.4,0.8695,89,0
IWM191129C160,2019-11-25,2019-11-25 09:33:27,0.41,0.8913,30,0.39,0.8478,134,0.39,0.8478,13,0.4,0.8695,89,0
IWM191129C160,2019-11-25,2019-11-25 09:33:28,0.41,0.8913,30,0.39,0.8478,134,0.39,0.8478,13,0.4,0.8695,89,0
IWM191129C160,2019-11-25,2019-11-25 09:33:28,0.41,0.8913,71,0.39,0.8478,76,0.39,0.8478,13,0.4,0.8695,89,0
IWM191129C160,2019-11-25,2019-11-25 09:33:29,0.41,0.8913,71,0.39,0.8478,76,0.39,0.8478,13,0.4,0.8695,89,0
IWM191129C160,2019-11-25,2019-11-25 09:33:30,0.41,0.8913,50,0.39,0.8478,72,0.39,0.8478,13,0.4,0.8695,89,0
IWM191129C160,2019-11-25,2019-11-25 09:33:30,0.41,0.8913,71,0.39,0.8478,76,0.39,0.8478,13,0.4,0.8695,89,0
IWM191129C160,2019-11-25,2019-11-25 09:33:31,0.41,0.8913,50,0.39,0.8478,72,0.39,0.8478,13,0.4,0.8695,89,0
IWM191129C160,2019-11-25,2019-11-25 09:33:31,0.41,0.8913,31,0.39,0.8478,71,0.39,0.8478,13,0.4,0.8695,89,0
IWM191129C160,2019-11-25,2019-11-25 09:33:32,0.41,0.8913,31,0.39,0.8478,71,0.39,0.8478,13,0.4,0.8695,89,0
IWM191129C160,2019-11-25,2019-11-25 09:33:32,0.41,0.8913,35,0.39,0.8478,72,0.39,0.8478,13,0.4,0.8695,89,0
IWM191129C160,2019-11-25,2019-11-25 09:33:33,0.41,0.8913,119,0.39,0.8478,38,0.39,0.8478,13,0.4,0.8695,89,0
IWM191129C160,2019-11-25,2019-11-25 09:33:33,0.41,0.8913,45,0.39,0.8478,72,0.39,0.8478,13,0.4,0.8695,89,0
IWM191129C160,2019-11-25,2019-11-25 09:33:34,0.41,0.8913,35,0.39,0.8478,50,0.39,0.8478,13,0.4,0.8695,89,0
IWM191129C160,2019-11-25,2019-11-25 09:33:34,0.42,0.913,153,0.4,0.8695,34,0.39,0.8478,13,0.41,0.8913,89,0
IWM191129C160,2019-11-25,2019-11-25 09:33:35,0.42,0.913,87,0.4,0.8695,50,0.39,0.8478,13,0.41,0.8913,89,0
IWM191129C160,2019-11-25,2019-11-25 09:33:35,0.42,0.913,87,0.4,0.8695,56,0.39,0.8478,13,0.41,0.8913,89,0
IWM191129C160,2019-11-25,2019-11-25 09:33:36,0.42,0.913,29,0.41,0.8913,14,0.39,0.8478,13,0.415,0.9021,89,0
IWM191129C160,2019-11-25,2019-11-25 09:33:37,0.42,0.913,24,0.4,0.8695,150,0.39,0.8478,13,0.41,0.8913,89,0
IWM191129C160,2019-11-25,2019-11-25 09:33:37,0.42,0.913,29,0.41,0.8913,18,0.39,0.8478,13,0.415,0.9021,89,0
IWM191129C160,2019-11-25,2019-11-25 09:33:38,0.42,0.913,7,0.4,0.8695,270,0.39,0.8478,13,0.41,0.8913,89,0
IWM191129C160,2019-11-25,2019-11-25 09:33:38,0.43,0.9347,260,0.4,0.8695,312,0.39,0.8478,13,0.415,0.9021,89,0
IWM191129C160,2019-11-25,2019-11-25 09:33:39,0.42,0.913,18,0.41,0.8913,10,0.39,0.8478,13,0.415,0.9021,89,0
IWM191129C160,2019-11-25,2019-11-25 09:33:40,0.42,0.913,39,0.41,0.8913,10,0.39,0.8478,13,0.415,0.9021,89,0
IWM191129C160,2019-11-25,2019-11-25 09:33:40,0.42,0.913,20,0.41,0.8913,27,0.39,0.8478,13,0.415,0.9021,89,0
IWM191129C160,2019-11-25,2019-11-25 09:33:41,0.43,0.9347,499,0.41,0.8913,51,0.39,0.8478,13,0.42,0.913,89,0
IWM191129C160,2019-11-25,2019-11-25 09:33:41,0.42,0.913,9,0.4,0.8695,432,0.39,0.8478,13,0.41,0.8913,89,0
IWM191129C160,2019-11-25,2019-11-25 09:33:42,0.42,0.913,9,0.41,0.8913,36,0.39,0.8478,13,0.415,0.9021,89,0
IWM191129C160,2019-11-25,2019-11-25 09:33:43,0.43,0.9347,255,0.41,0.8913,36,0.39,0.8478,13,0.42,0.913,89,0
IWM191129C160,2019-11-25,2019-11-25 09:33:43,0.43,0.9347,164,0.41,0.8913,36,0.39,0.8478,13,0.42,0.913,89,0
IWM191129C160,2019-11-25,2019-11-25 09:33:44,0.43,0.9347,166,0.41,0.8913,68,0.39,0.8478,13,0.42,0.913,89,0
IWM191129C160,2019-11-25,2019-11-25 09:33:45,0.43,0.9347,166,0.41,0.8913,36,0.39,0.8478,13,0.42,0.913,89,0
IWM191129C160,2019-11-25,2019-11-25 09:33:46,0.43,0.9347,152,0.41,0.8913,36,0.39,0.8478,13,0.42,0.913,89,0
IWM191129C160,2019-11-25,2019-11-25 09:33:47,0.43,0.9347,141,0.41,0.8913,35,0.39,0.8478,13,0.42,0.913,89,0
IWM191129C160,2019-11-25,2019-11-25 09:33:47,0.43,0.9347,152,0.41,0.8913,44,0.39,0.8478,13,0.42,0.913,89,0
IWM191129C160,2019-11-25,2019-11-25 09:33:48,0.43,0.9347,32,0.42,0.913,28,0.39,0.8478,13,0.425,0.9239,89,0
IWM191129C160,2019-11-25,2019-11-25 09:33:48,0.43,0.9347,141,0.41,0.8913,35,0.39,0.8478,13,0.42,0.913,89,0
IWM191129C160,2019-11-25,2019-11-25 09:33:49,0.44,0.9565,377,0.42,0.913,27,0.39,0.8478,13,0.43,0.9347,89,0
IWM191129C160,2019-11-25,2019-11-25 09:33:49,0.44,0.9565,147,0.41,0.8913,334,0.39,0.8478,13,0.425,0.9239,89,0
IWM191129C160,2019-11-25,2019-11-25 09:33:50,0.44,0.9565,95,0.42,0.913,22,0.39,0.8478,13,0.43,0.9347,89,0
IWM191129C160,2019-11-25,2019-11-25 09:33:50,0.44,0.9565,84,0.42,0.913,31,0.39,0.8478,13,0.43,0.9347,89,0
IWM191129C160,2019-11-25,2019-11-25 09:33:51,0.44,0.9565,16,0.42,0.913,58,0.39,0.8478,13,0.43,0.9347,89,0
IWM191129C160,2019-11-25,2019-11-25 09:33:52,0.44,0.9565,16,0.42,0.913,173,0.39,0.8478,13,0.43,0.9347,89,0
IWM191129C160,2019-11-25,2019-11-25 09:33:52,0.44,0.9565,4,0.42,0.913,102,0.39,0.8478,13,0.43,0.9347,89,0
IWM191129C160,2019-11-25,2019-11-25 09:33:53,0.44,0.9565,4,0.42,0.913,121,0.39,0.8478,13,0.43,0.9347,89,0
IWM191129C160,2019-11-25,2019-11-25 09:33:54,0.44,0.9565,4,0.43,0.9347,20,0.39,0.8478,13,0.435,0.9456,89,0
IWM191129C160,2019-11-25,2019-11-25 09:33:54,0.44,0.9565,17,0.43,0.9347,20,0.39,0.8478,13,0.435,0.9456,89,0
IWM191129C160,2019-11-25,2019-11-25 09:33:55,0.44,0.9565,20,0.43,0.9347,20,0.39,0.8478,13,0.435,0.9456,89,0
IWM191129C160,2019-11-25,2019-11-25 09:33:55,0.44,0.9565,21,0.43,0.9347,20,0.39,0.8478,13,0.435,0.9456,89,0
IWM191129C160,2019-11-25,2019-11-25 09:33:56,0.44,0.9565,10,0.43,0.9347,33,0.39,0.8478,13,0.435,0.9456,89,0
IWM191129C160,2019-11-25,2019-11-25 09:33:56,0.44,0.9565,20,0.43,0.9347,20,0.39,0.8478,13,0.435,0.9456,89,0
IWM191129C160,2019-11-25,2019-11-25 09:33:57,0.44,0.9565,10,0.43,0.9347,20,0.44,0.9565,30,0.435,0.9456,139,50
IWM191129C160,2019-11-25,2019-11-25 09:33:57,0.45,0.9782,62,0.43,0.9347,41,0.44,0.9565,30,0.44,0.9565,139,0
IWM191129C160,2019-11-25,2019-11-25 09:33:58,0.45,0.9782,154,0.43,0.9347,57,0.44,0.9565,30,0.44,0.9565,139,0
IWM191129C160,2019-11-25,2019-11-25 09:33:59,0.45,0.9782,564,0.43,0.9347,20,0.44,0.9565,30,0.44,0.9565,139,0
IWM191129C160,2019-11-25,2019-11-25 09:33:59,0.45,0.9782,245,0.43,0.9347,20,0.44,0.9565,30,0.44,0.9565,139,0
IWM191129C160,2019-11-25,2019-11-25 09:34:00,0.45,0.9782,155,0.43,0.9347,20,0.44,0.9565,30,0.44,0.9565,139,0
IWM191129C160,2019-11-25,2019-11-25 09:34:00,0.45,0.9782,155,0.43,0.9347,36,0.44,0.9565,30,0.44,0.9565,139,0
IWM191129C160,2019-11-25,2019-11-25 09:34:01,0.45,0.9782,155,0.43,0.9347,36,0.44,0.9565,30,0.44,0.9565,139,0
IWM191129C160,2019-11-25,2019-11-25 09:34:01,0.45,0.9782,155,0.43,0.9347,102,0.44,0.9565,30,0.44,0.9565,139,0
IWM191129C160,2019-11-25,2019-11-25 09:34:02,0.45,0.9782,48,0.43,0.9347,102,0.44,0.9565,30,0.44,0.9565,139,0
IWM191129C160,2019-11-25,2019-11-25 09:34:02,0.45,0.9782,69,0.43,0.9347,102,0.44,0.9565,30,0.44,0.9565,139,0
IWM191129C160,2019-11-25,2019-11-25 09:34:03,0.45,0.9782,39,0.43,0.9347,102,0.44,0.9565,30,0.44,0.9565,139,0
IWM191129C160,2019-11-25,2019-11-25 09:34:04,0.45,0.9782,39,0.44,0.9565,18,0.45,0.9782,3,0.445,0.9673,142,3
IWM191129C160,2019-11-25,2019-11-25 09:34:04,0.45,0.9782,39,0.44,0.9565,18,0.44,0.9565,30,0.445,0.9673,139,0
IWM191129C160,2019-11-25,2019-11-25 09:34:05,0.45,0.9782,27,0.44,0.9565,37,0.45,0.9782,3,0.445,0.9673,142,0
IWM191129C160,2019-11-25,2019-11-25 09:34:06,0.45,0.9782,27,0.44,0.9565,47,0.45,0.9782,3,0.445,0.9673,142,0
IWM191129C160,2019-11-25,2019-11-25 09:34:06,0.45,0.9782,27,0.44,0.9565,54,0.45,0.9782,3,0.445,0.9673,142,0
IWM191129C160,2019-11-25,2019-11-25 09:34:07,0.45,0.9782,27,0.44,0.9565,54,0.45,0.9782,3,0.445,0.9673,142,0
IWM191129C160,2019-11-25,2019-11-25 09:34:07,0.45,0.9782,27,0.44,0.9565,38,0.45,0.9782,3,0.445,0.9673,142,0
IWM191129C160,2019-11-25,2019-11-25 09:34:08,0.45,0.9782,27,0.44,0.9565,38,0.45,0.9782,3,0.445,0.9673,142,0
IWM191129C160,2019-11-25,2019-11-25 09:34:08,0.45,0.9782,27,0.44,0.9565,28,0.45,0.9782,3,0.445,0.9673,142,0
IWM191129C160,2019-11-25,2019-11-25 09:34:09,0.45,0.9782,27,0.44,0.9565,28,0.45,0.9782,3,0.445,0.9673,142,0
IWM191129C160,2019-11-25,2019-11-25 09:34:10,0.45,0.9782,27,0.44,0.9565,18,0.45,0.9782,3,0.445,0.9673,142,0
IWM191129C160,2019-11-25,2019-11-25 09:34:10,0.45,0.9782,42,0.43,0.9347,120,0.45,0.9782,3,0.44,0.9565,142,0
IWM191129C160,2019-11-25,2019-11-25 09:34:11,0.45,0.9782,37,0.44,0.9565,17,0.45,0.9782,3,0.445,0.9673,142,0
IWM191129C160,2019-11-25,2019-11-25 09:34:11,0.45,0.9782,37,0.44,0.9565,22,0.45,0.9782,3,0.445,0.9673,142,0
IWM191129C160,2019-11-25,2019-11-25 09:34:12,0.45,0.9782,37,0.44,0.9565,28,0.45,0.9782,3,0.445,0.9673,142,0
IWM191129C160,2019-11-25,2019-11-25 09:34:12,0.45,0.9782,37,0.44,0.9565,17,0.45,0.9782,3,0.445,0.9673,142,0
IWM191129C160,2019-11-25,2019-11-25 09:34:13,0.45,0.9782,27,0.44,0.9565,17,0.45,0.9782,3,0.445,0.9673,142,0
IWM191129C160,2019-11-25,2019-11-25 09:34:13,0.45,0.9782,37,0.44,0.9565,17,0.45,0.9782,3,0.445,0.9673,142,0
IWM191129C160,2019-11-25,2019-11-25 09:34:14,0.46,1.0,110,0.44,0.9565,115,0.45,0.9782,27,0.45,0.9782,169,27
IWM191129C160,2019-11-25,2019-11-25 09:34:14,0.45,0.9782,27,0.44,0.9565,24,0.45,0.9782,3,0.445,0.9673,142,0
IWM191129C160,2019-11-25,2019-11-25 09:34:15,0.46,1.0,110,0.44,0.9565,115,0.45,0.9782,27,0.45,0.9782,169,0
IWM191129C160,2019-11-25,2019-11-25 09:34:15,0.46,1.0,88,0.44,0.9565,115,0.45,0.9782,27,0.45,0.9782,169,0
IWM191129C160,2019-11-25,2019-11-25 09:34:16,0.46,1.0,88,0.44,0.9565,85,0.45,0.9782,27,0.45,0.9782,169,0
IWM191129C160,2019-11-25,2019-11-25 09:34:16,0.46,1.0,34,0.44,0.9565,312,0.45,0.9782,27,0.45,0.9782,169,0
IWM191129C160,2019-11-25,2019-11-25 09:34:17,0.46,1.0,14,0.44,0.9565,313,0.45,0.9782,27,0.45,0.9782,169,0
IWM191129C160,2019-11-25,2019-11-25 09:34:18,0.47,1.0217,292,0.44,0.9565,313,0.45,0.9782,27,0.455,0.9891,169,0
IWM191129C160,2019-11-25,2019-11-25 09:34:18,0.47,1.0217,138,0.44,0.9565,313,0.45,0.9782,27,0.455,0.9891,169,0
IWM191129C160,2019-11-25,2019-11-25 09:34:19,0.47,1.0217,113,0.45,0.9782,28,0.45,0.9782,27,0.46,1.0,169,0
IWM191129C160,2019-11-25,2019-11-25 09:34:19,0.47,1.0217,173,0.45,0.9782,27,0.45,0.9782,27,0.46,1.0,169,0
IWM191129C160,2019-11-25,2019-11-25 09:34:20,0.47,1.0217,173,0.45,0.9782,28,0.45,0.9782,27,0.46,1.0,169,0
IWM191129C160,2019-11-25,2019-11-25 09:34:20,0.47,1.0217,336,0.45,0.9782,14,0.45,0.9782,27,0.46,1.0,169,0
IWM191129C160,2019-11-25,2019-11-25 09:34:21,0.47,1.0217,230,0.45,0.9782,19,0.45,0.9782,27,0.46,1.0,169,0
IWM191129C160,2019-11-25,2019-11-25 09:34:22,0.47,1.0217,291,0.45,0.9782,18,0.45,0.9782,27,0.46,1.0,169,0
IWM191129C160,2019-11-25,2019-11-25 09:34:22,0.47,1.0217,369,0.45,0.9782,19,0.45,0.9782,27,0.46,1.0,169,0
IWM191129C160,2019-11-25,2019-11-25 09:34:23,0.47,1.0217,378,0.45,0.9782,18,0.45,0.9782,27,0.46,1.0,169,0
IWM191129C160,2019-11-25,2019-11-25 09:34:23,0.47,1.0217,318,0.45,0.9782,18,0.45,0.9782,27,0.46,1.0,169,0
IWM191129C160,2019-11-25,2019-11-25 09:34:24,0.47,1.0217,328,0.45,0.9782,18,0.45,0.9782,27,0.46,1.0,169,0
IWM191129C160,2019-11-25,2019-11-25 09:34:24,0.46,1.0,18,0.45,0.9782,19,0.45,0.9782,27,0.455,0.9891,169,0
IWM191129C160,2019-11-25,2019-11-25 09:34:25,0.46,1.0,18,0.45,0.9782,18,0.45,0.9782,27,0.455,0.9891,169,0
IWM191129C160,2019-11-25,2019-11-25 09:34:26,0.46,1.0,18,0.45,0.9782,18,0.45,0.9782,27,0.455,0.9891,169,0
IWM191129C160,2019-11-25,2019-11-25 09:34:26,0.46,1.0,147,0.45,0.9782,8,0.45,0.9782,27,0.455,0.9891,169,0
IWM191129C160,2019-11-25,2019-11-25 09:34:27,0.47,1.0217,250,0.45,0.9782,17,0.45,0.9782,27,0.46,1.0,169,0
IWM191129C160,2019-11-25,2019-11-25 09:34:27,0.47,1.0217,172,0.45,0.9782,26,0.45,0.9782,27,0.46,1.0,169,0
IWM191129C160,2019-11-25,2019-11-25 09:34:28,0.46,1.0,18,0.45,0.9782,5,0.45,0.9782,27,0.455,0.9891,169,0
IWM191129C160,2019-11-25,2019-11-25 09:34:28,0.46,1.0,28,0.45,0.9782,16,0.45,0.9782,27,0.455,0.9891,169,0
IWM191129C160,2019-11-25,2019-11-25 09:34:29,0.46,1.0,20,0.45,0.9782,16,0.45,0.9782,27,0.455,0.9891,169,0
IWM191129C160,2019-11-25,2019-11-25 09:34:29,0.46,1.0,20,0.44,0.9565,49,0.45,0.9782,27,0.45,0.9782,169,0
IWM191129C160,2019-11-25,2019-11-25 09:34:30,0.46,1.0,20,0.45,0.9782,16,0.45,0.9782,27,0.455,0.9891,169,0
IWM191129C160,2019-11-25,2019-11-25 09:34:30,0.46,1.0,20,0.45,0.9782,17,0.45,0.9782,27,0.455,0.9891,169,0
IWM191129C160,2019-11-25,2019-11-25 09:34:31,0.46,1.0,20,0.45,0.9782,34,0.45,0.9782,27,0.455,0.9891,169,0
IWM191129C160,2019-11-25,2019-11-25 09:34:31,0.47,1.0217,333,0.45,0.9782,34,0.45,0.9782,27,0.46,1.0,169,0
IWM191129C160,2019-11-25,2019-11-25 09:34:32,0.47,1.0217,382,0.45,0.9782,34,0.45,0.9782,27,0.46,1.0,169,0
IWM191129C160,2019-11-25,2019-11-25 09:34:32,0.47,1.0217,607,0.44,0.9565,1,0.45,0.9782,27,0.455,0.9891,169,0
IWM191129C160,2019-11-25,2019-11-25 09:34:33,0.45,0.9782,6,0.44,0.9565,10,0.45,0.9782,27,0.445,0.9673,169,0
IWM191129C160,2019-11-25,2019-11-25 09:34:33,0.46,1.0,252,0.44,0.9565,1,0.45,0.9782,27,0.45,0.9782,169,0
IWM191129C160,2019-11-25,2019-11-25 09:34:34,0.45,0.9782,18,0.43,0.9347,290,0.45,0.9782,27,0.44,0.9565,169,0
IWM191129C160,2019-11-25,2019-11-25 09:34:34,0.45,0.9782,46,0.43,0.9347,48,0.45,0.9782,27,0.44,0.9565,169,0
IWM191129C160,2019-11-25,2019-11-25 09:34:35,0.45,0.9782,171,0.43,0.9347,48,0.45,0.9782,27,0.44,0.9565,169,0
IWM191129C160,2019-11-25,2019-11-25 09:34:35,0.45,0.9782,238,0.43,0.9347,48,0.45,0.9782,27,0.44,0.9565,169,0
IWM191129C160,2019-11-25,2019-11-25 09:34:36,0.44,0.9565,8,0.43,0.9347,28,0.45,0.9782,27,0.435,0.9456,169,0
IWM191129C160,2019-11-25,2019-11-25 09:34:36,0.44,0.9565,8,0.42,0.913,302,0.45,0.9782,27,0.43,0.9347,169,0
IWM191129C160,2019-11-25,2019-11-25 09:34:37,0.44,0.9565,104,0.42,0.913,135,0.45,0.9782,27,0.43,0.9347,169,0
IWM191129C160,2019-11-25,2019-11-25 09:34:37,0.44,0.9565,100,0.42,0.913,303,0.45,0.9782,27,0.43,0.9347,169,0
IWM191129C160,2019-11-25,2019-11-25 09:34:38,0.44,0.9565,106,0.42,0.913,135,0.45,0.9782,27,0.43,0.9347,169,0
IWM191129C160,2019-11-25,2019-11-25 09:34:39,0.44,0.9565,32,0.42,0.913,340,0.45,0.9782,27,0.43,0.9347,169,0
IWM191129C160,2019-11-25,2019-11-25 09:34:39,0.44,0.9565,32,0.42,0.913,135,0.45,0.9782,27,0.43,0.9347,169,0
IWM191129C160,2019-11-25,2019-11-25 09:34:40,0.45,0.9782,27,0.42,0.913,340,0.45,0.9782,27,0.435,0.9456,169,0
IWM191129C160,2019-11-25,2019-11-25 09:34:40,0.45,0.9782,37,0.42,0.913,340,0.45,0.9782,27,0.435,0.9456,169,0
IWM191129C160,2019-11-25,2019-11-25 09:34:41,0.45,0.9782,253,0.43,0.9347,53,0.45,0.9782,27,0.44,0.9565,169,0
IWM191129C160,2019-11-25,2019-11-25 09:34:41,0.45,0.9782,418,0.42,0.913,291,0.45,0.9782,27,0.435,0.9456,169,0
IWM191129C160,2019-11-25,2019-11-25 09:34:42,0.44,0.9565,19,0.43,0.9347,20,0.45,0.9782,27,0.435,0.9456,169,0
IWM191129C160,2019-11-25,2019-11-25 09:34:42,0.45,0.9782,120,0.42,0.913,291,0.45,0.9782,27,0.435,0.9456,169,0
IWM191129C160,2019-11-25,2019-11-25 09:34:43,0.43,0.9347,18,0.43,0.9347,19,0.45,0.9782,27,0.43,0.9347,169,0
IWM191129C160,2019-11-25,2019-11-25 09:34:43,0.44,0.9565,115,0.43,0.9347,19,0.45,0.9782,27,0.435,0.9456,169,0
IWM191129C160,2019-11-25,2019-11-25 09:34:44,0.44,0.9565,136,0.42,0.913,51,0.45,0.9782,27,0.43,0.9347,169,0
IWM191129C160,2019-11-25,2019-11-25 09:34:44,0.43,0.9347,18,0.42,0.913,51,0.45,0.9782,27,0.425,0.9239,169,0
IWM191129C160,2019-11-25,2019-11-25 09:34:45,0.44,0.9565,33,0.43,0.9347,10,0.45,0.9782,27,0.435,0.9456,169,0
IWM191129C160,2019-11-25,2019-11-25 09:34:45,0.44,0.9565,36,0.42,0.913,292,0.45,0.9782,27,0.43,0.9347,169,0
IWM191129C160,2019-11-25,2019-11-25 09:34:46,0.44,0.9565,6,0.43,0.9347,20,0.45,0.9782,27,0.435,0.9456,169,0
IWM191129C160,2019-11-25,2019-11-25 09:34:46,0.44,0.9565,31,0.42,0.913,301,0.45,0.9782,27,0.43,0.9347,169,0
IWM191129C160,2019-11-25,2019-11-25 09:34:47,0.44,0.9565,31,0.43,0.9347,20,0.45,0.9782,27,0.435,0.9456,169,0
IWM191129C160,2019-11-25,2019-11-25 09:34:48,0.43,0.9347,28,0.42,0.913,72,0.45,0.9782,27,0.425,0.9239,169,0
IWM191129C160,2019-11-25,2019-11-25 09:34:49,0.44,0.9565,10,0.42,0.913,412,0.45,0.9782,27,0.43,0.9347,169,0
IWM191129C160,2019-11-25,2019-11-25 09:34:49,0.44,0.9565,6,0.42,0.913,116,0.45,0.9782,27,0.43,0.9347,169,0
IWM191129C160,2019-11-25,2019-11-25 09:34:50,0.45,0.9782,319,0.42,0.913,290,0.45,0.9782,27,0.435,0.9456,169,0
IWM191129C160,2019-11-25,2019-11-25 09:34:50,0.44,0.9565,26,0.42,0.913,445,0.45,0.9782,27,0.43,0.9347,169,0
IWM191129C160,2019-11-25,2019-11-25 09:34:51,0.44,0.9565,10,0.42,0.913,291,0.45,0.9782,27,0.43,0.9347,169,0
IWM191129C160,2019-11-25,2019-11-25 09:34:52,0.44,0.9565,18,0.42,0.913,484,0.45,0.9782,27,0.43,0.9347,169,0
IWM191129C160,2019-11-25,2019-11-25 09:34:53,0.44,0.9565,14,0.42,0.913,308,0.45,0.9782,27,0.43,0.9347,169,0
IWM191129C160,2019-11-25,2019-11-25 09:34:54,0.44,0.9565,21,0.43,0.9347,22,0.45,0.9782,27,0.435,0.9456,169,0
IWM191129C160,2019-11-25,2019-11-25 09:34:54,0.44,0.9565,21,0.43,0.9347,33,0.45,0.9782,27,0.435,0.9456,169,0
IWM191129C160,2019-11-25,2019-11-25 09:34:55,0.44,0.9565,21,0.43,0.9347,43,0.45,0.9782,27,0.435,0.9456,169,0
IWM191129C160,2019-11-25,2019-11-25 09:34:56,0.44,0.9565,18,0.43,0.9347,10,0.45,0.9782,27,0.435,0.9456,169,0
IWM191129C160,2019-11-25,2019-11-25 09:34:56,0.44,0.9565,10,0.42,0.913,297,0.45,0.9782,27,0.43,0.9347,169,0
IWM191129C160,2019-11-25,2019-11-25 09:34:57,0.44,0.9565,18,0.42,0.913,408,0.45,0.9782,27,0.43,0.9347,169,0
IWM191129C160,2019-11-25,2019-11-25 09:34:57,0.44,0.9565,14,0.43,0.9347,18,0.45,0.9782,27,0.435,0.9456,169,0
IWM191129C160,2019-11-25,2019-11-25 09:34:58,0.44,0.9565,35,0.42,0.913,69,0.45,0.9782,27,0.43,0.9347,169,0
IWM191129C160,2019-11-25,2019-11-25 09:34:58,0.44,0.9565,29,0.42,0.913,408,0.45,0.9782,27,0.43,0.9347,169,0
IWM191129C160,2019-11-25,2019-11-25 09:34:59,0.44,0.9565,17,0.43,0.9347,18,0.45,0.9782,27,0.435,0.9456,169,0
IWM191129C160,2019-11-25,2019-11-25 09:34:59,0.44,0.9565,23,0.42,0.913,69,0.45,0.9782,27,0.43,0.9347,169,0
IWM191129C160,2019-11-25,2019-11-25 09:35:00,0.44,0.9565,10,0.42,0.913,60,0.45,0.9782,27,0.43,0.9347,169,0
IWM191129C160,2019-11-25,2019-11-25 09:35:00,0.44,0.9565,23,0.43,0.9347,19,0.45,0.9782,27,0.435,0.9456,169,0
IWM191129C160,2019-11-25,2019-11-25 09:35:01,0.45,0.9782,163,0.43,0.9347,36,0.45,0.9782,27,0.44,0.9565,169,0
IWM191129C160,2019-11-25,2019-11-25 09:35:01,0.44,0.9565,15,0.42,0.913,60,0.45,0.9782,27,0.43,0.9347,169,0
IWM191129C160,2019-11-25,2019-11-25 09:35:02,0.44,0.9565,8,0.42,0.913,47,0.45,0.9782,27,0.43,0.9347,169,0
IWM191129C160,2019-11-25,2019-11-25 09:35:02,0.45,0.9782,164,0.42,0.913,47,0.45,0.9782,27,0.435,0.9456,169,0
IWM191129C160,2019-11-25,2019-11-25 09:35:03,0.45,0.9782,164,0.42,0.913,76,0.45,0.9782,27,0.435,0.9456,169,0
IWM191129C160,2019-11-25,2019-11-25 09:35:04,0.45,0.9782,226,0.43,0.9347,36,0.45,0.9782,27,0.44,0.9565,169,0
IWM191129C160,2019-11-25,2019-11-25 09:35:04,0.45,0.9782,236,0.42,0.913,64,0.45,0.9782,27,0.435,0.9456,169,0
IWM191129C160,2019-11-25,2019-11-25 09:35:05,0.45,0.9782,80,0.43,0.9347,24,0.45,0.9782,27,0.44,0.9565,169,0
IWM191129C160,2019-11-25,2019-11-25 09:35:05,0.45,0.9782,81,0.43,0.9347,24,0.45,0.9782,27,0.44,0.9565,169,0
IWM191129C160,2019-11-25,2019-11-25 09:35:06,0.45,0.9782,81,0.43,0.9347,24,0.45,0.9782,27,0.44,0.9565,169,0
IWM191129C160,2019-11-25,2019-11-25 09:35:06,0.45,0.9782,180,0.43,0.9347,14,0.45,0.9782,27,0.44,0.9565,169,0
IWM191129C160,2019-11-25,2019-11-25 09:35:07,0.45,0.9782,79,0.42,0.913,59,0.45,0.9782,27,0.435,0.9456,169,0
IWM191129C160,2019-11-25,2019-11-25 09:35:07,0.44,0.9565,8,0.42,0.913,59,0.45,0.9782,27,0.43,0.9347,169,0
IWM191129C160,2019-11-25,2019-11-25 09:35:08,0.44,0.9565,9,0.42,0.913,34,0.45,0.9782,27,0.43,0.9347,169,0
IWM191129C160,2019-11-25,2019-11-25 09:35:08,0.45,0.9782,176,0.42,0.913,34,0.45,0.9782,27,0.435,0.9456,169,0
IWM191129C160,2019-11-25,2019-11-25 09:35:09,0.44,0.9565,9,0.43,0.9347,23,0.45,0.9782,27,0.435,0.9456,169,0
IWM191129C160,2019-11-25,2019-11-25 09:35:09,0.45,0.9782,81,0.42,0.913,53,0.45,0.9782,27,0.435,0.9456,169,0
IWM191129C160,2019-11-25,2019-11-25 09:35:10,0.44,0.9565,9,0.42,0.913,33,0.45,0.9782,27,0.43,0.9347,169,0
IWM191129C160,2019-11-25,2019-11-25 09:35:10,0.44,0.9565,8,0.42,0.913,48,0.45,0.9782,27,0.43,0.9347,169,0
IWM191129C160,2019-11-25,2019-11-25 09:35:11,0.44,0.9565,9,0.42,0.913,47,0.45,0.9782,27,0.43,0.9347,169,0
IWM191129C160,2019-11-25,2019-11-25 09:35:11,0.44,0.9565,1,0.42,0.913,37,0.45,0.9782,27,0.43,0.9347,169,0
IWM191129C160,2019-11-25,2019-11-25 09:35:12,0.44,0.9565,83,0.42,0.913,43,0.45,0.9782,27,0.43,0.9347,169,0
IWM191129C160,2019-11-25,2019-11-25 09:35:12,0.43,0.9347,6,0.42,0.913,30,0.45,0.9782,27,0.425,0.9239,169,0
IWM191129C160,2019-11-25,2019-11-25 09:35:13,0.43,0.9347,6,0.42,0.913,22,0.45,0.9782,27,0.425,0.9239,169,0
IWM191129C160,2019-11-25,2019-11-25 09:35:13,0.44,0.9565,72,0.42,0.913,22,0.45,0.9782,27,0.43,0.9347,169,0
IWM191129C160,2019-11-25,2019-11-25 09:35:14,0.43,0.9347,10,0.42,0.913,22,0.45,0.9782,27,0.425,0.9239,169,0
IWM191129C160,2019-11-25,2019-11-25 09:35:14,0.43,0.9347,6,0.42,0.913,22,0.45,0.9782,27,0.425,0.9239,169,0
IWM191129C160,2019-11-25,2019-11-25 09:35:15,0.43,0.9347,21,0.42,0.913,21,0.45,0.9782,27,0.425,0.9239,169,0
IWM191129C160,2019-11-25,2019-11-25 09:35:15,0.43,0.9347,14,0.42,0.913,21,0.45,0.9782,27,0.425,0.9239,169,0
IWM191129C160,2019-11-25,2019-11-25 09:35:16,0.43,0.9347,151,0.41,0.8913,21,0.45,0.9782,27,0.42,0.913,169,0
IWM191129C160,2019-11-25,2019-11-25 09:35:16,0.43,0.9347,54,0.41,0.8913,69,0.45,0.9782,27,0.42,0.913,169,0
IWM191129C160,2019-11-25,2019-11-25 09:35:17,0.42,0.913,25,0.41,0.8913,32,0.45,0.9782,27,0.415,0.9021,169,0
IWM191129C160,2019-11-25,2019-11-25 09:35:17,0.43,0.9347,194,0.41,0.8913,32,0.45,0.9782,27,0.42,0.913,169,0
IWM191129C160,2019-11-25,2019-11-25 09:35:18,0.43,0.9347,49,0.41,0.8913,34,0.45,0.9782,27,0.42,0.913,169,0
IWM191129C160,2019-11-25,2019-11-25 09:35:19,0.43,0.9347,30,0.42,0.913,20,0.45,0.9782,27,0.425,0.9239,169,0
IWM191129C160,2019-11-25,2019-11-25 09:35:20,0.43,0.9347,108,0.41,0.8913,71,0.45,0.9782,27,0.42,0.913,169,0
IWM191129C160,2019-11-25,2019-11-25 09:35:20,0.44,0.9565,23,0.42,0.913,65,0.45,0.9782,27,0.43,0.9347,169,0
IWM191129C160,2019-11-25,2019-11-25 09:35:21,0.44,0.9565,19,0.43,0.9347,20,0.45,0.9782,27,0.435,0.9456,169,0
IWM191129C160,2019-11-25,2019-11-25 09:35:21,0.44,0.9565,14,0.42,0.913,224,0.45,0.9782,27,0.43,0.9347,169,0
IWM191129C160,2019-11-25,2019-11-25 09:35:22,0.44,0.9565,8,0.42,0.913,200,0.44,0.9565,2,0.43,0.9347,171,2
IWM191129C160,2019-11-25,2019-11-25 09:35:22,0.45,0.9782,231,0.43,0.9347,31,0.45,0.9782,27,0.44,0.9565,169,0
IWM191129C160,2019-11-25,2019-11-25 09:35:23,0.44,0.9565,9,0.42,0.913,220,0.44,0.9565,2,0.43,0.9347,171,0
IWM191129C160,2019-11-25,2019-11-25 09:35:24,0.44,0.9565,9,0.42,0.913,200,0.44,0.9565,2,0.43,0.9347,171,0
IWM191129C160,2019-11-25,2019-11-25 09:35:24,0.44,0.9565,9,0.42,0.913,125,0.44,0.9565,2,0.43,0.9347,171,0
IWM191129C160,2019-11-25,2019-11-25 09:35:25,0.45,0.9782,513,0.42,0.913,220,0.44,0.9565,2,0.435,0.9456,171,0
IWM191129C160,2019-11-25,2019-11-25 09:35:26,0.44,0.9565,6,0.42,0.913,230,0.44,0.9565,2,0.43,0.9347,171,0
IWM191129C160,2019-11-25,2019-11-25 09:35:26,0.44,0.9565,8,0.42,0.913,217,0.44,0.9565,2,0.43,0.9347,171,0
IWM191129C160,2019-11-25,2019-11-25 09:35:27,0.45,0.9782,243,0.42,0.913,220,0.44,0.9565,2,0.435,0.9456,171,0
IWM191129C160,2019-11-25,2019-11-25 09:35:27,0.45,0.9782,231,0.42,0.913,220,0.44,0.9565,2,0.435,0.9456,171,0
IWM191129C160,2019-11-25,2019-11-25 09:35:28,0.45,0.9782,443,0.42,0.913,210,0.44,0.9565,2,0.435,0.9456,171,0
IWM191129C160,2019-11-25,2019-11-25 09:35:28,0.45,0.9782,347,0.43,0.9347,300,0.44,0.9565,2,0.44,0.9565,171,0
IWM191129C160,2019-11-25,2019-11-25 09:35:29,0.44,0.9565,5,0.42,0.913,101,0.44,0.9565,2,0.43,0.9347,171,0
IWM191129C160,2019-11-25,2019-11-25 09:35:29,0.44,0.9565,79,0.42,0.913,101,0.44,0.9565,2,0.43,0.9347,171,0
IWM191129C160,2019-11-25,2019-11-25 09:35:30,0.44,0.9565,4,0.43,0.9347,85,0.44,0.9565,2,0.435,0.9456,171,0
IWM191129C160,2019-11-25,2019-11-25 09:35:30,0.44,0.9565,4,0.43,0.9347,16,0.44,0.9565,2,0.435,0.9456,171,0
IWM191129C160,2019-11-25,2019-11-25 09:35:31,0.44,0.9565,112,0.42,0.913,110,0.45,0.9782,10,0.43,0.9347,181,0
IWM191129C160,2019-11-25,2019-11-25 09:35:31,0.45,0.9782,240,0.43,0.9347,24,0.45,0.9782,10,0.44,0.9565,181,10
IWM191129C160,2019-11-25,2019-11-25 09:35:32,0.45,0.9782,234,0.42,0.913,261,0.45,0.9782,10,0.435,0.9456,181,0
IWM191129C160,2019-11-25,2019-11-25 09:35:32,0.44,0.9565,277,0.42,0.913,261,0.45,0.9782,10,0.43,0.9347,181,0
IWM191129C160,2019-11-25,2019-11-25 09:35:33,0.45,0.9782,340,0.43,0.9347,109,0.44,0.9565,2,0.44,0.9565,183,2
IWM191129C160,2019-11-25,2019-11-25 09:35:33,0.45,0.9782,340,0.43,0.9347,241,0.44,0.9565,2,0.44,0.9565,183,0
IWM191129C160,2019-11-25,2019-11-25 09:35:34,0.45,0.9782,54,0.43,0.9347,241,0.44,0.9565,2,0.44,0.9565,183,0
IWM191129C160,2019-11-25,2019-11-25 09:35:34,0.45,0.9782,58,0.43,0.9347,241,0.44,0.9565,2,0.44,0.9565,183,0
IWM191129C160,2019-11-25,2019-11-25 09:35:35,0.45,0.9782,30,0.44,0.9565,36,0.44,0.9565,2,0.445,0.9673,183,0
IWM191129C160,2019-11-25,2019-11-25 09:35:36,0.45,0.9782,30,0.44,0.9565,23,0.44,0.9565,2,0.445,0.9673,183,0
IWM191129C160,2019-11-25,2019-11-25 09:35:36,0.45,0.9782,44,0.44,0.9565,36,0.44,0.9565,2,0.445,0.9673,183,0
IWM191129C160,2019-11-25,2019-11-25 09:35:37,0.45,0.9782,10,0.44,0.9565,36,0.44,0.9565,2,0.445,0.9673,183,0
IWM191129C160,2019-11-25,2019-11-25 09:35:37,0.46,1.0,289,0.44,0.9565,231,0.44,0.9565,2,0.45,0.9782,183,0
IWM191129C160,2019-11-25,2019-11-25 09:35:38,0.45,0.9782,4,0.44,0.9565,231,0.44,0.9565,2,0.445,0.9673,183,0
IWM191129C160,2019-11-25,2019-11-25 09:35:39,0.45,0.9782,4,0.44,0.9565,99,0.44,0.9565,2,0.445,0.9673,183,0
IWM191129C160,2019-11-25,2019-11-25 09:35:39,0.46,1.0,409,0.44,0.9565,24,0.44,0.9565,2,0.45,0.9782,183,0
IWM191129C160,2019-11-25,2019-11-25 09:35:40,0.46,1.0,289,0.45,0.9782,10,0.44,0.9565,2,0.455,0.9891,183,0
IWM191129C160,2019-11-25,2019-11-25 09:35:40,0.46,1.0,409,0.44,0.9565,115,0.44,0.9565,2,0.45,0.9782,183,0
IWM191129C160,2019-11-25,2019-11-25 09:35:41,0.46,1.0,289,0.45,0.9782,10,0.44,0.9565,2,0.455,0.9891,183,0
IWM191129C160,2019-11-25,2019-11-25 09:35:41,0.46,1.0,289,0.45,0.9782,19,0.44,0.9565,2,0.455,0.9891,183,0
IWM191129C160,2019-11-25,2019-11-25 09:35:42,0.46,1.0,289,0.44,0.9565,244,0.44,0.9565,2,0.45,0.9782,183,0
IWM191129C160,2019-11-25,2019-11-25 09:35:42,0.46,1.0,289,0.45,0.9782,19,0.44,0.9565,2,0.455,0.9891,183,0
IWM191129C160,2019-11-25,2019-11-25 09:35:43,0.46,1.0,414,0.44,0.9565,103,0.44,0.9565,2,0.45,0.9782,183,0
IWM191129C160,2019-11-25,2019-11-25 09:35:43,0.46,1.0,414,0.44,0.9565,350,0.44,0.9565,2,0.45,0.9782,183,0
IWM191129C160,2019-11-25,2019-11-25 09:35:44,0.46,1.0,289,0.45,0.9782,19,0.44,0.9565,2,0.455,0.9891,183,0
IWM191129C160,2019-11-25,2019-11-25 09:35:44,0.46,1.0,289,0.44,0.9565,108,0.44,0.9565,2,0.45,0.9782,183,0
IWM191129C160,2019-11-25,2019-11-25 09:35:45,0.46,1.0,412,0.44,0.9565,108,0.44,0.9565,2,0.45,0.9782,183,0
IWM191129C160,2019-11-25,2019-11-25 09:35:45,0.46,1.0,289,0.44,0.9565,240,0.44,0.9565,2,0.45,0.9782,183,0
IWM191129C160,2019-11-25,2019-11-25 09:35:46,0.46,1.0,289,0.44,0.9565,38,0.44,0.9565,2,0.45,0.9782,183,0
IWM191129C160,2019-11-25,2019-11-25 09:35:46,0.46,1.0,289,0.45,0.9782,19,0.44,0.9565,2,0.455,0.9891,183,0
IWM191129C160,2019-11-25,2019-11-25 09:35:47,0.46,1.0,372,0.44,0.9565,38,0.44,0.9565,2,0.45,0.9782,183,0
IWM191129C160,2019-11-25,2019-11-25 09:35:47,0.46,1.0,289,0.44,0.9565,38,0.44,0.9565,2,0.45,0.9782,183,0
IWM191129C160,2019-11-25,2019-11-25 09:35:48,0.46,1.0,449,0.44,0.9565,99,0.44,0.9565,2,0.45,0.9782,183,0
IWM191129C160,2019-11-25,2019-11-25 09:35:48,0.46,1.0,449,0.44,0.9565,107,0.44,0.9565,2,0.45,0.9782,183,0
IWM191129C160,2019-11-25,2019-11-25 09:35:49,0.46,1.0,25,0.44,0.9565,300,0.44,0.9565,2,0.45,0.9782,183,0
IWM191129C160,2019-11-25,2019-11-25 09:35:49,0.46,1.0,53,0.44,0.9565,241,0.44,0.9565,2,0.45,0.9782,183,0
IWM191129C160,2019-11-25,2019-11-25 09:35:50,0.46,1.0,18,0.45,0.9782,35,0.44,0.9565,2,0.455,0.9891,183,0
IWM191129C160,2019-11-25,2019-11-25 09:35:50,0.46,1.0,10,0.44,0.9565,300,0.44,0.9565,2,0.45,0.9782,183,0
IWM191129C160,2019-11-25,2019-11-25 09:35:51,0.46,1.0,29,0.45,0.9782,35,0.44,0.9565,2,0.455,0.9891,183,0
IWM191129C160,2019-11-25,2019-11-25 09:35:51,0.46,1.0,18,0.45,0.9782,35,0.44,0.9565,2,0.455,0.9891,183,0
IWM191129C160,2019-11-25,2019-11-25 09:35:52,0.46,1.0,8,0.45,0.9782,40,0.44,0.9565,2,0.455,0.9891,183,0
IWM191129C160,2019-11-25,2019-11-25 09:35:52,0.46,1.0,8,0.45,0.9782,41,0.44,0.9565,2,0.455,0.9891,183,0
IWM191129C160,2019-11-25,2019-11-25 09:35:53,0.46,1.0,8,0.45,0.9782,41,0.44,0.9565,2,0.455,0.9891,183,0
IWM191129C160,2019-11-25,2019-11-25 09:35:53,0.47,1.0217,417,0.45,0.9782,37,0.45,0.9782,4,0.46,1.0,187,4
IWM191129C160,2019-11-25,2019-11-25 09:35:54,0.47,1.0217,387,0.45,0.9782,37,0.45,0.9782,4,0.46,1.0,187,0
IWM191129C160,2019-11-25,2019-11-25 09:35:54,0.47,1.0217,418,0.45,0.9782,37,0.45,0.9782,4,0.46,1.0,187,0
IWM191129C160,2019-11-25,2019-11-25 09:35:55,0.47,1.0217,387,0.45,0.9782,37,0.45,0.9782,4,0.46,1.0,187,0
IWM191129C160,2019-11-25,2019-11-25 09:35:55,0.47,1.0217,387,0.45,0.9782,105,0.45,0.9782,4,0.46,1.0,187,0
IWM191129C160,2019-11-25,2019-11-25 09:35:56,0.47,1.0217,387,0.45,0.9782,105,0.45,0.9782,4,0.46,1.0,187,0
IWM191129C160,2019-11-25,2019-11-25 09:35:56,0.47,1.0217,298,0.45,0.9782,105,0.45,0.9782,4,0.46,1.0,187,0
IWM191129C160,2019-11-25,2019-11-25 09:35:57,0.47,1.0217,297,0.45,0.9782,42,0.45,0.9782,4,0.46,1.0,187,0
IWM191129C160,2019-11-25,2019-11-25 09:35:58,0.46,1.0,8,0.45,0.9782,58,0.45,0.9782,4,0.455,0.9891,187,0
IWM191129C160,2019-11-25,2019-11-25 09:35:58,0.46,1.0,8,0.45,0.9782,99,0.45,0.9782,4,0.455,0.9891,187,0
IWM191129C160,2019-11-25,2019-11-25 09:35:59,0.47,1.0217,387,0.45,0.9782,269,0.45,0.9782,4,0.46,1.0,187,0
IWM191129C160,2019-11-25,2019-11-25 09:35:59,0.47,1.0217,387,0.45,0.9782,124,0.45,0.9782,4,0.46,1.0,187,0
IWM191129C160,2019-11-25,2019-11-25 09:36:00,0.47,1.0217,24,0.46,1.0,21,0.45,0.9782,4,0.465,1.0108,187,0
IWM191129C160,2019-11-25,2019-11-25 09:36:00,0.47,1.0217,22,0.46,1.0,21,0.45,0.9782,4,0.465,1.0108,187,0
IWM191129C160,2019-11-25,2019-11-25 09:36:01,0.47,1.0217,24,0.46,1.0,16,0.45,0.9782,4,0.465,1.0108,187,0
IWM191129C160,2019-11-25,2019-11-25 09:36:01,0.47,1.0217,24,0.45,0.9782,423,0.45,0.9782,4,0.46,1.0,187,0
IWM191129C160,2019-11-25,2019-11-25 09:36:02,0.47,1.0217,333,0.45,0.9782,252,0.45,0.9782,4,0.46,1.0,187,0
IWM191129C160,2019-11-25,2019-11-25 09:36:03,0.46,1.0,17,0.45,0.9782,48,0.45,0.9782,4,0.455,0.9891,187,0
IWM191129C160,2019-11-25,2019-11-25 09:36:04,0.45,0.9782,5,0.44,0.9565,56,0.45,0.9782,4,0.445,0.9673,187,0
IWM191129C160,2019-11-25,2019-11-25 09:36:04,0.45,0.9782,5,0.45,0.9782,48,0.45,0.9782,4,0.45,0.9782,187,0
IWM191129C160,2019-11-25,2019-11-25 09:36:05,0.45,0.9782,241,0.44,0.9565,56,0.45,0.9782,4,0.445,0.9673,187,0
IWM191129C160,2019-11-25,2019-11-25 09:36:05,0.45,0.9782,5,0.44,0.9565,56,0.45,0.9782,4,0.445,0.9673,187,0
IWM191129C160,2019-11-25,2019-11-25 09:36:06,0.45,0.9782,123,0.44,0.9565,56,0.45,0.9782,4,0.445,0.9673,187,0
IWM191129C160,2019-11-25,2019-11-25 09:36:06,0.45,0.9782,361,0.44,0.9565,56,0.45,0.9782,4,0.445,0.9673,187,0
IWM191129C160,2019-11-25,2019-11-25 09:36:07,0.45,0.9782,105,0.44,0.9565,56,0.45,0.9782,4,0.445,0.9673,187,0
IWM191129C160,2019-11-25,2019-11-25 09:36:07,0.45,0.9782,68,0.44,0.9565,56,0.45,0.9782,4,0.445,0.9673,187,0
IWM191129C160,2019-11-25,2019-11-25 09:36:08,0.45,0.9782,115,0.43,0.9347,290,0.45,0.9782,4,0.44,0.9565,187,0
IWM191129C160,2019-11-25,2019-11-25 09:36:08,0.45,0.9782,105,0.43,0.9347,291,0.45,0.9782,4,0.44,0.9565,187,0
IWM191129C160,2019-11-25,2019-11-25 09:36:09,0.45,0.9782,240,0.43,0.9347,101,0.45,0.9782,4,0.44,0.9565,187,0
IWM191129C160,2019-11-25,2019-11-25 09:36:09,0.44,0.9565,8,0.43,0.9347,268,0.45,0.9782,4,0.435,0.9456,187,0
IWM191129C160,2019-11-25,2019-11-25 09:36:10,0.44,0.9565,8,0.43,0.9347,101,0.45,0.9782,4,0.435,0.9456,187,0
IWM191129C160,2019-11-25,2019-11-25 09:36:10,0.44,0.9565,8,0.43,0.9347,268,0.45,0.9782,4,0.435,0.9456,187,0
IWM191129C160,2019-11-25,2019-11-25 09:36:11,0.46,1.0,204,0.44,0.9565,38,0.44,0.9565,1,0.45,0.9782,188,1
IWM191129C160,2019-11-25,2019-11-25 09:36:11,0.44,0.9565,1,0.43,0.9347,230,0.45,0.9782,4,0.435,0.9456,187,0
IWM191129C160,2019-11-25,2019-11-25 09:36:12,0.44,0.9565,10,0.43,0.9347,44,0.44,0.9565,1,0.435,0.9456,188,0
IWM191129C160,2019-11-25,2019-11-25 09:36:12,0.44,0.9565,10,0.43,0.9347,75,0.44,0.9565,1,0.435,0.9456,188,0
IWM191129C160,2019-11-25,2019-11-25 09:36:13,0.44,0.9565,10,0.43,0.9347,321,0.44,0.9565,1,0.435,0.9456,188,0
IWM191129C160,2019-11-25,2019-11-25 09:36:14,0.44,0.9565,10,0.43,0.9347,321,0.44,0.9565,1,0.435,0.9456,188,0
IWM191129C160,2019-11-25,2019-11-25 09:36:14,0.44,0.9565,22,0.43,0.9347,79,0.44,0.9565,1,0.435,0.9456,188,0
IWM191129C160,2019-11-25,2019-11-25 09:36:15,0.44,0.9565,10,0.43,0.9347,244,0.44,0.9565,1,0.435,0.9456,188,0
IWM191129C160,2019-11-25,2019-11-25 09:36:15,0.44,0.9565,22,0.43,0.9347,79,0.44,0.9565,1,0.435,0.9456,188,0
IWM191129C160,2019-11-25,2019-11-25 09:36:16,0.44,0.9565,10,0.43,0.9347,244,0.44,0.9565,1,0.435,0.9456,188,0
IWM191129C160,2019-11-25,2019-11-25 09:36:16,0.44,0.9565,10,0.42,0.913,350,0.44,0.9565,1,0.43,0.9347,188,0
IWM191129C160,2019-11-25,2019-11-25 09:36:17,0.44,0.9565,39,0.42,0.913,294,0.44,0.9565,1,0.43,0.9347,188,0
IWM191129C160,2019-11-25,2019-11-25 09:36:17,0.45,0.9782,121,0.43,0.9347,117,0.44,0.9565,1,0.44,0.9565,188,0
IWM191129C160,2019-11-25,2019-11-25 09:36:18,0.45,0.9782,100,0.44,0.9565,8,0.44,0.9565,1,0.445,0.9673,188,0
IWM191129C160,2019-11-25,2019-11-25 09:36:18,0.45,0.9782,113,0.44,0.9565,8,0.44,0.9565,1,0.445,0.9673,188,0
IWM191129C160,2019-11-25,2019-11-25 09:36:19,0.45,0.9782,96,0.44,0.9565,8,0.44,0.9565,1,0.445,0.9673,188,0
IWM191129C160,2019-11-25,2019-11-25 09:36:19,0.45,0.9782,96,0.43,0.9347,410,0.44,0.9565,1,0.44,0.9565,188,0
IWM191129C160,2019-11-25,2019-11-25 09:36:20,0.45,0.9782,125,0.43,0.9347,410,0.44,0.9565,1,0.44,0.9565,188,0
IWM191129C160,2019-11-25,2019-11-25 09:36:20,0.44,0.9565,10,0.42,0.913,232,0.44,0.9565,1,0.43,0.9347,188,0
IWM191129C160,2019-11-25,2019-11-25 09:36:21,0.44,0.9565,93,0.43,0.9347,26,0.44,0.9565,1,0.435,0.9456,188,0
IWM191129C160,2019-11-25,2019-11-25 09:36:21,0.44,0.9565,59,0.42,0.913,210,0.44,0.9565,1,0.43,0.9347,188,0
IWM191129C160,2019-11-25,2019-11-25 09:36:22,0.45,0.9782,389,0.43,0.9347,79,0.44,0.9565,1,0.44,0.9565,188,0
IWM191129C160,2019-11-25,2019-11-25 09:36:22,0.45,0.9782,185,0.42,0.913,374,0.44,0.9565,1,0.435,0.9456,188,0
IWM191129C160,2019-11-25,2019-11-25 09:36:23,0.45,0.9782,389,0.43,0.9347,79,0.44,0.9565,1,0.44,0.9565,188,0
IWM191129C160,2019-11-25,2019-11-25 09:36:23,0.45,0.9782,389,0.43,0.9347,25,0.44,0.9565,1,0.44,0.9565,188,0
IWM191129C160,2019-11-25,2019-11-25 09:36:24,0.43,0.9347,28,0.42,0.913,80,0.44,0.9565,1,0.425,0.9239,188,0
IWM191129C160,2019-11-25,2019-11-25 09:36:24,0.44,0.9565,116,0.42,0.913,101,0.44,0.9565,1,0.43,0.9347,188,0
IWM191129C160,2019-11-25,2019-11-25 09:36:25,0.43,0.9347,52,0.42,0.913,80,0.44,0.9565,1,0.425,0.9239,188,0
IWM191129C160,2019-11-25,2019-11-25 09:36:25,0.43,0.9347,52,0.41,0.8913,346,0.44,0.9565,1,0.42,0.913,188,0
IWM191129C160,2019-11-25,2019-11-25 09:36:26,0.43,0.9347,52,0.41,0.8913,210,0.44,0.9565,1,0.42,0.913,188,0
IWM191129C160,2019-11-25,2019-11-25 09:36:26,0.43,0.9347,52,0.41,0.8913,211,0.44,0.9565,1,0.42,0.913,188,0
IWM191129C160,2019-11-25,2019-11-25 09:36:27,0.43,0.9347,35,0.42,0.913,26,0.44,0.9565,1,0.425,0.9239,188,0
IWM191129C160,2019-11-25,2019-11-25 09:36:27,0.42,0.913,10,0.41,0.8913,210,0.44,0.9565,1,0.415,0.9021,188,0
IWM191129C160,2019-11-25,2019-11-25 09:36:28,0.43,0.9347,35,0.41,0.8913,234,0.44,0.9565,1,0.42,0.913,188,0
IWM191129C160,2019-11-25,2019-11-25 09:36:29,0.43,0.9347,51,0.41,0.8913,241,0.44,0.9565,1,0.42,0.913,188,0
IWM191129C160,2019-11-25,2019-11-25 09:36:30,0.43,0.9347,150,0.41,0.8913,501,0.44,0.9565,1,0.42,0.913,188,0
IWM191129C160,2019-11-25,2019-11-25 09:36:30,0.43,0.9347,93,0.41,0.8913,501,0.44,0.9565,1,0.42,0.913,188,0
IWM191129C160,2019-11-25,2019-11-25 09:36:31,0.42,0.913,10,0.41,0.8913,463,0.44,0.9565,1,0.415,0.9021,188,0
IWM191129C160,2019-11-25,2019-11-25 09:36:31,0.42,0.913,10,0.41,0.8913,501,0.44,0.9565,1,0.415,0.9021,188,0
IWM191129C160,2019-11-25,2019-11-25 09:36:32,0.43,0.9347,66,0.41,0.8913,452,0.44,0.9565,1,0.42,0.913,188,0
IWM191129C160,2019-11-25,2019-11-25 09:36:32,0.43,0.9347,31,0.41,0.8913,409,0.44,0.9565,1,0.42,0.913,188,0
IWM191129C160,2019-11-25,2019-11-25 09:36:33,0.43,0.9347,76,0.41,0.8913,452,0.44,0.9565,1,0.42,0.913,188,0
IWM191129C160,2019-11-25,2019-11-25 09:36:33,0.43,0.9347,76,0.41,0.8913,702,0.44,0.9565,1,0.42,0.913,188,0
IWM191129C160,2019-11-25,2019-11-25 09:36:34,0.43,0.9347,95,0.41,0.8913,506,0.44,0.9565,1,0.42,0.913,188,0
IWM191129C160,2019-11-25,2019-11-25 09:36:34,0.43,0.9347,31,0.41,0.8913,506,0.44,0.9565,1,0.42,0.913,188,0
IWM191129C160,2019-11-25,2019-11-25 09:36:35,0.43,0.9347,10,0.42,0.913,86,0.44,0.9565,1,0.425,0.9239,188,0
IWM191129C160,2019-11-25,2019-11-25 09:36:35,0.43,0.9347,10,0.42,0.913,176,0.44,0.9565,1,0.425,0.9239,188,0
IWM191129C160,2019-11-25,2019-11-25 09:36:36,0.43,0.9347,10,0.42,0.913,294,0.44,0.9565,1,0.425,0.9239,188,0
IWM191129C160,2019-11-25,2019-11-25 09:36:36,0.43,0.9347,14,0.42,0.913,294,0.44,0.9565,1,0.425,0.9239,188,0
IWM191129C160,2019-11-25,2019-11-25 09:36:37,0.44,0.9565,167,0.42,0.913,220,0.44,0.9565,1,0.43,0.9347,188,0
IWM191129C160,2019-11-25,2019-11-25 09:36:37,0.44,0.9565,167,0.42,0.913,338,0.44,0.9565,1,0.43,0.9347,188,0
IWM191129C160,2019-11-25,2019-11-25 09:36:38,0.44,0.9565,452,0.43,0.9347,16,0.43,0.9347,20,0.435,0.9456,208,0
IWM191129C160,2019-11-25,2019-11-25 09:36:38,0.44,0.9565,201,0.43,0.9347,1,0.43,0.9347,20,0.435,0.9456,208,20
IWM191129C160,2019-11-25,2019-11-25 09:36:39,0.44,0.9565,130,0.42,0.913,338,0.43,0.9347,20,0.43,0.9347,208,0
IWM191129C160,2019-11-25,2019-11-25 09:36:39,0.44,0.9565,281,0.42,0.913,338,0.43,0.9347,20,0.43,0.9347,208,0
IWM191129C160,2019-11-25,2019-11-25 09:36:40,0.44,0.9565,99,0.42,0.913,338,0.43,0.9347,20,0.43,0.9347,208,0
IWM191129C160,2019-11-25,2019-11-25 09:36:40,0.44,0.9565,154,0.42,0.913,200,0.43,0.9347,20,0.43,0.9347,208,0
IWM191129C160,2019-11-25,2019-11-25 09:36:41,0.44,0.9565,691,0.42,0.913,409,0.43,0.9347,20,0.43,0.9347,208,0
IWM191129C160,2019-11-25,2019-11-25 09:36:41,0.44,0.9565,291,0.43,0.9347,8,0.43,0.9347,20,0.435,0.9456,208,0
IWM191129C160,2019-11-25,2019-11-25 09:36:42,0.44,0.9565,500,0.42,0.913,327,0.43,0.9347,20,0.43,0.9347,208,0
IWM191129C160,2019-11-25,2019-11-25 09:36:43,0.44,0.9565,378,0.42,0.913,444,0.43,0.9347,20,0.43,0.9347,208,0
IWM191129C160,2019-11-25,2019-11-25 09:36:44,0.44,0.9565,104,0.43,0.9347,26,0.43,0.9347,20,0.435,0.9456,208,0
IWM191129C160,2019-11-25,2019-11-25 09:36:45,0.44,0.9565,96,0.43,0.9347,16,0.43,0.9347,20,0.435,0.9456,208,0
IWM191129C160,2019-11-25,2019-11-25 09:36:45,0.44,0.9565,60,0.43,0.9347,16,0.43,0.9347,20,0.435,0.9456,208,0
IWM191129C160,2019-11-25,2019-11-25 09:36:46,0.44,0.9565,70,0.43,0.9347,16,0.43,0.9347,20,0.435,0.9456,208,0
IWM191129C160,2019-11-25,2019-11-25 09:36:46,0.44,0.9565,128,0.43,0.9347,16,0.43,0.9347,20,0.435,0.9456,208,0
IWM191129C160,2019-11-25,2019-11-25 09:36:47,0.44,0.9565,70,0.43,0.9347,16,0.43,0.9347,20,0.435,0.9456,208,0
IWM191129C160,2019-11-25,2019-11-25 09:36:47,0.44,0.9565,168,0.43,0.9347,50,0.43,0.9347,20,0.435,0.9456,208,0
IWM191129C160,2019-11-25,2019-11-25 09:36:48,0.44,0.9565,168,0.43,0.9347,16,0.43,0.9347,20,0.435,0.9456,208,0
IWM191129C160,2019-11-25,2019-11-25 09:36:48,0.44,0.9565,140,0.43,0.9347,16,0.43,0.9347,20,0.435,0.9456,208,0
IWM191129C160,2019-11-25,2019-11-25 09:36:49,0.44,0.9565,156,0.43,0.9347,47,0.43,0.9347,20,0.435,0.9456,208,0
IWM191129C160,2019-11-25,2019-11-25 09:36:50,0.45,0.9782,513,0.43,0.9347,226,0.43,0.9347,20,0.44,0.9565,208,0
IWM191129C160,2019-11-25,2019-11-25 09:36:50,0.44,0.9565,147,0.43,0.9347,47,0.43,0.9347,20,0.435,0.9456,208,0
IWM191129C160,2019-11-25,2019-11-25 09:36:51,0.45,0.9782,371,0.43,0.9347,320,0.43,0.9347,20,0.44,0.9565,208,0
IWM191129C160,2019-11-25,2019-11-25 09:36:51,0.45,0.9782,496,0.43,0.9347,426,0.43,0.9347,20,0.44,0.9565,208,0
IWM191129C160,2019-11-25,2019-11-25 09:36:52,0.45,0.9782,497,0.43,0.9347,479,0.43,0.9347,20,0.44,0.9565,208,0
IWM191129C160,2019-11-25,2019-11-25 09:36:52,0.45,0.9782,431,0.43,0.9347,480,0.43,0.9347,20,0.44,0.9565,208,0
IWM191129C160,2019-11-25,2019-11-25 09:36:53,0.45,0.9782,431,0.44,0.9565,3,0.43,0.9347,20,0.445,0.9673,208,0
IWM191129C160,2019-11-25,2019-11-25 09:36:53,0.45,0.9782,331,0.44,0.9565,3,0.43,0.9347,20,0.445,0.9673,208,0
IWM191129C160,2019-11-25,2019-11-25 09:36:54,0.45,0.9782,331,0.44,0.9565,10,0.43,0.9347,20,0.445,0.9673,208,0
IWM191129C160,2019-11-25,2019-11-25 09:36:54,0.45,0.9782,417,0.43,0.9347,309,0.43,0.9347,20,0.44,0.9565,208,0
IWM191129C160,2019-11-25,2019-11-25 09:36:55,0.45,0.9782,26,0.44,0.9565,3,0.43,0.9347,20,0.445,0.9673,208,0
IWM191129C160,2019-11-25,2019-11-25 09:36:55,0.45,0.9782,202,0.43,0.9347,365,0.43,0.9347,20,0.44,0.9565,208,0
IWM191129C160,2019-11-25,2019-11-25 09:36:56,0.45,0.9782,32,0.43,0.9347,546,0.43,0.9347,20,0.44,0.9565,208,0
IWM191129C160,2019-11-25,2019-11-25 09:36:56,0.45,0.9782,21,0.44,0.9565,26,0.43,0.9347,20,0.445,0.9673,208,0
IWM191129C160,2019-11-25,2019-11-25 09:36:57,0.45,0.9782,29,0.44,0.9565,26,0.43,0.9347,20,0.445,0.9673,208,0
IWM191129C160,2019-11-25,2019-11-25 09:36:57,0.45,0.9782,21,0.43,0.9347,220,0.43,0.9347,20,0.44,0.9565,208,0
IWM191129C160,2019-11-25,2019-11-25 09:36:58,0.45,0.9782,145,0.43,0.9347,479,0.43,0.9347,20,0.44,0.9565,208,0
IWM191129C160,2019-11-25,2019-11-25 09:36:58,0.45,0.9782,109,0.43,0.9347,425,0.43,0.9347,20,0.44,0.9565,208,0
IWM191129C160,2019-11-25,2019-11-25 09:36:59,0.44,0.9565,6,0.43,0.9347,368,0.43,0.9347,20,0.435,0.9456,208,0
IWM191129C160,2019-11-25,2019-11-25 09:36:59,0.44,0.9565,12,0.43,0.9347,368,0.43,0.9347,20,0.435,0.9456,208,0
IWM191129C160,2019-11-25,2019-11-25 09:37:00,0.44,0.9565,12,0.43,0.9347,124,0.43,0.9347,20,0.435,0.9456,208,0
IWM191129C160,2019-11-25,2019-11-25 09:37:01,0.44,0.9565,20,0.43,0.9347,200,0.43,0.9347,20,0.435,0.9456,208,0
IWM191129C160,2019-11-25,2019-11-25 09:37:01,0.44,0.9565,25,0.42,0.913,315,0.43,0.9347,20,0.43,0.9347,208,0
IWM191129C160,2019-11-25,2019-11-25 09:37:02,0.44,0.9565,96,0.43,0.9347,68,0.43,0.9347,20,0.435,0.9456,208,0
IWM191129C160,2019-11-25,2019-11-25 09:37:02,0.44,0.9565,13,0.43,0.9347,75,0.43,0.9347,20,0.435,0.9456,208,0
IWM191129C160,2019-11-25,2019-11-25 09:37:03,0.44,0.9565,201,0.42,0.913,282,0.43,0.9347,20,0.43,0.9347,208,0
IWM191129C160,2019-11-25,2019-11-25 09:37:04,0.44,0.9565,316,0.42,0.913,425,0.43,0.9347,20,0.43,0.9347,208,0
IWM191129C160,2019-11-25,2019-11-25 09:37:04,0.44,0.9565,65,0.43,0.9347,117,0.43,0.9347,20,0.435,0.9456,208,0
IWM191129C160,2019-11-25,2019-11-25 09:37:05,0.43,0.9347,20,0.42,0.913,71,0.43,0.9347,20,0.425,0.9239,208,0
IWM191129C160,2019-11-25,2019-11-25 09:37:05,0.44,0.9565,354,0.42,0.913,200,0.43,0.9347,20,0.43,0.9347,208,0
IWM191129C160,2019-11-25,2019-11-25 09:37:06,0.43,0.9347,18,0.42,0.913,325,0.43,0.9347,20,0.425,0.9239,208,0
IWM191129C160,2019-11-25,2019-11-25 09:37:06,0.43,0.9347,18,0.42,0.913,71,0.43,0.9347,20,0.425,0.9239,208,0
IWM191129C160,2019-11-25,2019-11-25 09:37:07,0.43,0.9347,33,0.42,0.913,188,0.43,0.9347,20,0.425,0.9239,208,0
IWM191129C160,2019-11-25,2019-11-25 09:37:07,0.43,0.9347,18,0.42,0.913,325,0.43,0.9347,20,0.425,0.9239,208,0
IWM191129C160,2019-11-25,2019-11-25 09:37:08,0.43,0.9347,18,0.42,0.913,269,0.43,0.9347,20,0.425,0.9239,208,0
IWM191129C160,2019-11-25,2019-11-25 09:37:08,0.43,0.9347,31,0.42,0.913,269,0.43,0.9347,20,0.425,0.9239,208,0
IWM191129C160,2019-11-25,2019-11-25 09:37:09,0.44,0.9565,523,0.42,0.913,325,0.43,0.9347,20,0.43,0.9347,208,0
IWM191129C160,2019-11-25,2019-11-25 09:37:09,0.44,0.9565,485,0.42,0.913,355,0.43,0.9347,20,0.43,0.9347,208,0
IWM191129C160,2019-11-25,2019-11-25 09:37:10,0.44,0.9565,485,0.42,0.913,355,0.43,0.9347,20,0.43,0.9347,208,0
IWM191129C160,2019-11-25,2019-11-25 09:37:10,0.44,0.9565,485,0.42,0.913,689,0.43,0.9347,20,0.43,0.9347,208,0
IWM191129C160,2019-11-25,2019-11-25 09:37:11,0.45,0.9782,163,0.43,0.9347,80,0.43,0.9347,20,0.44,0.9565,208,0
IWM191129C160,2019-11-25,2019-11-25 09:37:11,0.44,0.9565,16,0.43,0.9347,9,0.43,0.9347,20,0.435,0.9456,208,0
IWM191129C160,2019-11-25,2019-11-25 09:37:12,0.45,0.9782,595,0.43,0.9347,41,0.43,0.9347,20,0.44,0.9565,208,0
IWM191129C160,2019-11-25,2019-11-25 09:37:12,0.45,0.9782,499,0.43,0.9347,40,0.43,0.9347,20,0.44,0.9565,208,0
IWM191129C160,2019-11-25,2019-11-25 09:37:13,0.44,0.9565,43,0.43,0.9347,40,0.43,0.9347,20,0.435,0.9456,208,0
IWM191129C160,2019-11-25,2019-11-25 09:37:13,0.44,0.9565,53,0.43,0.9347,40,0.43,0.9347,20,0.435,0.9456,208,0
IWM191129C160,2019-11-25,2019-11-25 09:37:14,0.44,0.9565,53,0.43,0.9347,40,0.43,0.9347,20,0.435,0.9456,208,0
IWM191129C160,2019-11-25,2019-11-25 09:37:14,0.44,0.9565,64,0.43,0.9347,40,0.43,0.9347,20,0.435,0.9456,208,0
IWM191129C160,2019-11-25,2019-11-25 09:37:15,0.44,0.9565,741,0.42,0.913,268,0.43,0.9347,20,0.43,0.9347,208,0
IWM191129C160,2019-11-25,2019-11-25 09:37:15,0.44,0.9565,234,0.42,0.913,220,0.43,0.9347,20,0.43,0.9347,208,0
IWM191129C160,2019-11-25,2019-11-25 09:37:16,0.43,0.9347,10,0.42,0.913,56,0.43,0.9347,20,0.425,0.9239,208,0
IWM191129C160,2019-11-25,2019-11-25 09:37:16,0.43,0.9347,10,0.42,0.913,431,0.43,0.9347,20,0.425,0.9239,208,0
IWM191129C160,2019-11-25,2019-11-25 09:37:17,0.43,0.9347,10,0.42,0.913,56,0.43,0.9347,20,0.425,0.9239,208,0
IWM191129C160,2019-11-25,2019-11-25 09:37:18,0.44,0.9565,195,0.42,0.913,323,0.43,0.9347,20,0.43,0.9347,208,0
IWM191129C160,2019-11-25,2019-11-25 09:37:18,0.44,0.9565,98,0.42,0.913,364,0.43,0.9347,20,0.43,0.9347,208,0
IWM191129C160,2019-11-25,2019-11-25 09:37:19,0.43,0.9347,16,0.42,0.913,433,0.43,0.9347,20,0.425,0.9239,208,0
IWM191129C160,2019-11-25,2019-11-25 09:37:19,0.44,0.9565,205,0.42,0.913,323,0.43,0.9347,20,0.43,0.9347,208,0
IWM191129C160,2019-11-25,2019-11-25 09:37:20,0.43,0.9347,16,0.42,0.913,200,0.42,0.913,50,0.425,0.9239,308,100
IWM191129C160,2019-11-25,2019-11-25 09:37:20,0.43,0.9347,73,0.42,0.913,143,0.43,0.9347,20,0.425,0.9239,208,0
IWM191129C160,2019-11-25,2019-11-25 09:37:21,0.43,0.9347,16,0.42,0.913,479,0.42,0.913,50,0.425,0.9239,308,0
IWM191129C160,2019-11-25,2019-11-25 09:37:21,0.43,0.9347,48,0.42,0.913,27,0.42,0.913,50,0.425,0.9239,308,0
IWM191129C160,2019-11-25,2019-11-25 09:37:22,0.43,0.9347,64,0.42,0.913,48,0.42,0.913,50,0.425,0.9239,308,0
IWM191129C160,2019-11-25,2019-11-25 09:37:22,0.43,0.9347,64,0.42,0.913,200,0.42,0.913,50,0.425,0.9239,308,0
IWM191129C160,2019-11-25,2019-11-25 09:37:23,0.43,0.9347,74,0.41,0.8913,241,0.42,0.913,50,0.42,0.913,308,0
IWM191129C160,2019-11-25,2019-11-25 09:37:23,0.43,0.9347,74,0.41,0.8913,422,0.42,0.913,50,0.42,0.913,308,0
IWM191129C160,2019-11-25,2019-11-25 09:37:24,0.43,0.9347,88,0.41,0.8913,517,0.42,0.913,50,0.42,0.913,308,0
IWM191129C160,2019-11-25,2019-11-25 09:37:24,0.43,0.9347,74,0.41,0.8913,544,0.42,0.913,50,0.42,0.913,308,0
IWM191129C160,2019-11-25,2019-11-25 09:37:25,0.43,0.9347,105,0.41,0.8913,341,0.42,0.913,50,0.42,0.913,308,0
IWM191129C160,2019-11-25,2019-11-25 09:37:25,0.43,0.9347,190,0.41,0.8913,517,0.42,0.913,50,0.42,0.913,308,0
IWM191129C160,2019-11-25,2019-11-25 09:37:26,0.43,0.9347,100,0.41,0.8913,518,0.42,0.913,50,0.42,0.913,308,0
IWM191129C160,2019-11-25,2019-11-25 09:37:26,0.43,0.9347,137,0.41,0.8913,518,0.42,0.913,50,0.42,0.913,308,0
IWM191129C160,2019-11-25,2019-11-25 09:37:27,0.43,0.9347,155,0.41,0.8913,518,0.42,0.913,50,0.42,0.913,308,0
IWM191129C160,2019-11-25,2019-11-25 09:37:28,0.43,0.9347,155,0.42,0.913,26,0.42,0.913,50,0.425,0.9239,308,0
IWM191129C160,2019-11-25,2019-11-25 09:37:28,0.43,0.9347,36,0.42,0.913,79,0.42,0.913,50,0.425,0.9239,308,0
IWM191129C160,2019-11-25,2019-11-25 09:37:29,0.44,0.9565,464,0.42,0.913,224,0.43,0.9347,1,0.43,0.9347,309,0
IWM191129C160,2019-11-25,2019-11-25 09:37:29,0.44,0.9565,434,0.42,0.913,224,0.43,0.9347,1,0.43,0.9347,309,1
IWM191129C160,2019-11-25,2019-11-25 09:37:30,0.44,0.9565,39,0.43,0.9347,32,0.43,0.9347,1,0.435,0.9456,309,0
IWM191129C160,2019-11-25,2019-11-25 09:37:30,0.44,0.9565,399,0.42,0.913,364,0.43,0.9347,1,0.43,0.9347,309,0
IWM191129C160,2019-11-25,2019-11-25 09:37:31,0.44,0.9565,18,0.43,0.9347,332,0.43,0.9347,1,0.435,0.9456,309,0
IWM191129C160,2019-11-25,2019-11-25 09:37:31,0.45,0.9782,390,0.43,0.9347,210,0.43,0.9347,1,0.44,0.9565,309,0
IWM191129C160,2019-11-25,2019-11-25 09:37:32,0.45,0.9782,51,0.43,0.9347,248,0.43,0.9347,1,0.44,0.9565,309,0
IWM191129C160,2019-11-25,2019-11-25 09:37:32,0.45,0.9782,198,0.43,0.9347,381,0.43,0.9347,1,0.44,0.9565,309,0
IWM191129C160,2019-11-25,2019-11-25 09:37:33,0.45,0.9782,66,0.43,0.9347,455,0.43,0.9347,1,0.44,0.9565,309,0
IWM191129C160,2019-11-25,2019-11-25 09:37:33,0.45,0.9782,143,0.43,0.9347,398,0.43,0.9347,1,0.44,0.9565,309,0
IWM191129C160,2019-11-25,2019-11-25 09:37:34,0.45,0.9782,177,0.43,0.9347,473,0.43,0.9347,1,0.44,0.9565,309,0
IWM191129C160,2019-11-25,2019-11-25 09:37:35,0.44,0.9565,20,0.43,0.9347,211,0.43,0.9347,1,0.435,0.9456,309,0
IWM191129C160,2019-11-25,2019-11-25 09:37:35,0.45,0.9782,177,0.43,0.9347,78,0.43,0.9347,1,0.44,0.9565,309,0
IWM191129C160,2019-11-25,2019-11-25 09:37:36,0.45,0.9782,402,0.43,0.9347,481,0.43,0.9347,1,0.44,0.9565,309,0
IWM191129C160,2019-11-25,2019-11-25 09:37:36,0.44,0.9565,20,0.43,0.9347,481,0.43,0.9347,1,0.435,0.9456,309,0
IWM191129C160,2019-11-25,2019-11-25 09:37:37,0.44,0.9565,15,0.43,0.9347,153,0.43,0.9347,1,0.435,0.9456,309,0
IWM191129C160,2019-11-25,2019-11-25 09:37:37,0.44,0.9565,15,0.43,0.9347,481,0.43,0.9347,1,0.435,0.9456,309,0
IWM191129C160,2019-11-25,2019-11-25 09:37:38,0.44,0.9565,15,0.43,0.9347,177,0.43,0.9347,1,0.435,0.9456,309,0
IWM191129C160,2019-11-25,2019-11-25 09:37:38,0.44,0.9565,15,0.43,0.9347,97,0.43,0.9347,1,0.435,0.9456,309,0
IWM191129C160,2019-11-25,2019-11-25 09:37:39,0.44,0.9565,15,0.43,0.9347,33,0.43,0.9347,1,0.435,0.9456,309,0
IWM191129C160,2019-11-25,2019-11-25 09:37:39,0.44,0.9565,15,0.43,0.9347,374,0.43,0.9347,1,0.435,0.9456,309,0
IWM191129C160,2019-11-25,2019-11-25 09:37:40,0.45,0.9782,481,0.43,0.9347,141,0.43,0.9347,1,0.44,0.9565,309,0
IWM191129C160,2019-11-25,2019-11-25 09:37:40,0.45,0.9782,481,0.43,0.9347,266,0.43,0.9347,1,0.44,0.9565,309,0
IWM191129C160,2019-11-25,2019-11-25 09:37:41,0.45,0.9782,242,0.44,0.9565,7,0.43,0.9347,1,0.445,0.9673,309,0
IWM191129C160,2019-11-25,2019-11-25 09:37:41,0.45,0.9782,232,0.44,0.9565,26,0.43,0.9347,1,0.445,0.9673,309,0
IWM191129C160,2019-11-25,2019-11-25 09:37:42,0.45,0.9782,232,0.44,0.9565,26,0.43,0.9347,1,0.445,0.9673,309,0
IWM191129C160,2019-11-25,2019-11-25 09:37:42,0.45,0.9782,474,0.43,0.9347,414,0.43,0.9347,1,0.44,0.9565,309,0
IWM191129C160,2019-11-25,2019-11-25 09:37:43,0.45,0.9782,474,0.43,0.9347,533,0.43,0.9347,1,0.44,0.9565,309,0
IWM191129C160,2019-11-25,2019-11-25 09:37:43,0.45,0.9782,347,0.43,0.9347,533,0.43,0.9347,1,0.44,0.9565,309,0
IWM191129C160,2019-11-25,2019-11-25 09:37:44,0.45,0.9782,319,0.43,0.9347,533,0.43,0.9347,1,0.44,0.9565,309,0
IWM191129C160,2019-11-25,2019-11-25 09:37:44,0.45,0.9782,347,0.43,0.9347,533,0.43,0.9347,1,0.44,0.9565,309,0
IWM191129C160,2019-11-25,2019-11-25 09:37:45,0.45,0.9782,319,0.44,0.9565,26,0.43,0.9347,1,0.445,0.9673,309,0
IWM191129C160,2019-11-25,2019-11-25 09:37:46,0.45,0.9782,518,0.43,0.9347,476,0.43,0.9347,1,0.44,0.9565,309,0
IWM191129C160,2019-11-25,2019-11-25 09:37:46,0.45,0.9782,629,0.43,0.9347,582,0.43,0.9347,1,0.44,0.9565,309,0
IWM191129C160,2019-11-25,2019-11-25 09:37:47,0.45,0.9782,571,0.43,0.9347,29,0.43,0.9347,1,0.44,0.9565,309,0
IWM191129C160,2019-11-25,2019-11-25 09:37:47,0.45,0.9782,601,0.43,0.9347,582,0.43,0.9347,1,0.44,0.9565,309,0
IWM191129C160,2019-11-25,2019-11-25 09:37:48,0.45,0.9782,571,0.43,0.9347,29,0.43,0.9347,1,0.44,0.9565,309,0
IWM191129C160,2019-11-25,2019-11-25 09:37:49,0.45,0.9782,610,0.43,0.9347,438,0.43,0.9347,1,0.44,0.9565,309,0
IWM191129C160,2019-11-25,2019-11-25 09:37:50,0.45,0.9782,504,0.43,0.9347,353,0.43,0.9347,1,0.44,0.9565,309,0
IWM191129C160,2019-11-25,2019-11-25 09:37:50,0.45,0.9782,610,0.43,0.9347,552,0.43,0.9347,1,0.44,0.9565,309,0
IWM191129C160,2019-11-25,2019-11-25 09:37:51,0.44,0.9565,9,0.43,0.9347,353,0.43,0.9347,1,0.435,0.9456,309,0
IWM191129C160,2019-11-25,2019-11-25 09:37:51,0.44,0.9565,9,0.43,0.9347,90,0.43,0.9347,1,0.435,0.9456,309,0
IWM191129C160,2019-11-25,2019-11-25 09:37:52,0.44,0.9565,9,0.43,0.9347,29,0.43,0.9347,1,0.435,0.9456,309,0
IWM191129C160,2019-11-25,2019-11-25 09:37:53,0.44,0.9565,20,0.43,0.9347,44,0.43,0.9347,1,0.435,0.9456,309,0
IWM191129C160,2019-11-25,2019-11-25 09:37:54,0.45,0.9782,523,0.43,0.9347,424,0.43,0.9347,1,0.44,0.9565,309,0
IWM191129C160,2019-11-25,2019-11-25 09:37:54,0.45,0.9782,643,0.43,0.9347,497,0.43,0.9347,1,0.44,0.9565,309,0
IWM191129C160,2019-11-25,2019-11-25 09:37:55,0.45,0.9782,643,0.43,0.9347,463,0.43,0.9347,1,0.44,0.9565,309,0
IWM191129C160,2019-11-25,2019-11-25 09:37:56,0.45,0.9782,643,0.43,0.9347,463,0.43,0.9347,1,0.44,0.9565,309,0
IWM191129C160,2019-11-25,2019-11-25 09:37:57,0.44,0.9565,18,0.43,0.9347,31,0.43,0.9347,1,0.435,0.9456,309,0
IWM191129C160,2019-11-25,2019-11-25 09:37:57,0.45,0.9782,643,0.43,0.9347,463,0.43,0.9347,1,0.44,0.9565,309,0
IWM191129C160,2019-11-25,2019-11-25 09:37:58,0.45,0.9782,214,0.43,0.9347,542,0.43,0.9347,1,0.44,0.9565,309,0
IWM191129C160,2019-11-25,2019-11-25 09:37:58,0.44,0.9565,18,0.43,0.9347,442,0.43,0.9347,1,0.435,0.9456,309,0
IWM191129C160,2019-11-25,2019-11-25 09:37:59,0.45,0.9782,539,0.43,0.9347,542,0.43,0.9347,1,0.44,0.9565,309,0
IWM191129C160,2019-11-25,2019-11-25 09:37:59,0.45,0.9782,398,0.43,0.9347,497,0.43,0.9347,1,0.44,0.9565,309,0
IWM191129C160,2019-11-25,2019-11-25 09:38:00,0.45,0.9782,397,0.43,0.9347,519,0.43,0.9347,1,0.44,0.9565,309,0
IWM191129C160,2019-11-25,2019-11-25 09:38:00,0.45,0.9782,419,0.43,0.9347,520,0.43,0.9347,1,0.44,0.9565,309,0
IWM191129C160,2019-11-25,2019-11-25 09:38:01,0.45,0.9782,8,0.43,0.9347,353,0.43,0.9347,1,0.44,0.9565,309,0
IWM191129C160,2019-11-25,2019-11-25 09:38:01,0.46,1.0,271,0.43,0.9347,353,0.43,0.9347,1,0.445,0.9673,309,0
IWM191129C160,2019-11-25,2019-11-25 09:38:02,0.46,1.0,354,0.44,0.9565,36,0.43,0.9347,1,0.45,0.9782,309,0
IWM191129C160,2019-11-25,2019-11-25 09:38:02,0.46,1.0,354,0.44,0.9565,52,0.43,0.9347,1,0.45,0.9782,309,0
IWM191129C160,2019-11-25,2019-11-25 09:38:03,0.46,1.0,212,0.45,0.9782,10,0.43,0.9347,1,0.455,0.9891,309,0
IWM191129C160,2019-11-25,2019-11-25 09:38:04,0.46,1.0,212,0.45,0.9782,10,0.43,0.9347,1,0.455,0.9891,309,0
IWM191129C160,2019-11-25,2019-11-25 09:38:04,0.46,1.0,342,0.45,0.9782,10,0.43,0.9347,1,0.455,0.9891,309,0
IWM191129C160,2019-11-25,2019-11-25 09:38:05,0.46,1.0,342,0.45,0.9782,9,0.43,0.9347,1,0.455,0.9891,309,0
IWM191129C160,2019-11-25,2019-11-25 09:38:05,0.46,1.0,342,0.45,0.9782,10,0.43,0.9347,1,0.455,0.9891,309,0
IWM191129C160,2019-11-25,2019-11-25 09:38:06,0.46,1.0,338,0.45,0.9782,10,0.43,0.9347,1,0.455,0.9891,309,0
IWM191129C160,2019-11-25,2019-11-25 09:38:06,0.46,1.0,425,0.44,0.9565,131,0.43,0.9347,1,0.45,0.9782,309,0
IWM191129C160,2019-11-25,2019-11-25 09:38:07,0.46,1.0,425,0.44,0.9565,275,0.43,0.9347,1,0.45,0.9782,309,0
IWM191129C160,2019-11-25,2019-11-25 09:38:07,0.46,1.0,425,0.44,0.9565,131,0.43,0.9347,1,0.45,0.9782,309,0
IWM191129C160,2019-11-25,2019-11-25 09:38:08,0.46,1.0,489,0.44,0.9565,313,0.43,0.9347,1,0.45,0.9782,309,0
IWM191129C160,2019-11-25,2019-11-25 09:38:09,0.46,1.0,171,0.44,0.9565,313,0.43,0.9347,1,0.45,0.9782,309,0
IWM191129C160,2019-11-25,2019-11-25 09:38:10,0.46,1.0,171,0.44,0.9565,313,0.43,0.9347,1,0.45,0.9782,309,0
IWM191129C160,2019-11-25,2019-11-25 09:38:10,0.46,1.0,171,0.44,0.9565,341,0.43,0.9347,1,0.45,0.9782,309,0
IWM191129C160,2019-11-25,2019-11-25 09:38:11,0.47,1.0217,390,0.45,0.9782,39,0.43,0.9347,1,0.46,1.0,309,0
IWM191129C160,2019-11-25,2019-11-25 09:38:11,0.46,1.0,90,0.45,0.9782,26,0.43,0.9347,1,0.455,0.9891,309,0
IWM191129C160,2019-11-25,2019-11-25 09:38:12,0.47,1.0217,529,0.45,0.9782,204,0.43,0.9347,1,0.46,1.0,309,0
IWM191129C160,2019-11-25,2019-11-25 09:38:12,0.47,1.0217,752,0.45,0.9782,26,0.43,0.9347,1,0.46,1.0,309,0
IWM191129C160,2019-11-25,2019-11-25 09:38:13,0.47,1.0217,529,0.45,0.9782,204,0.43,0.9347,1,0.46,1.0,309,0
IWM191129C160,2019-11-25,2019-11-25 09:38:13,0.47,1.0217,529,0.45,0.9782,26,0.43,0.9347,1,0.46,1.0,309,0
IWM191129C160,2019-11-25,2019-11-25 09:38:14,0.47,1.0217,709,0.45,0.9782,10,0.43,0.9347,1,0.46,1.0,309,0
IWM191129C160,2019-11-25,2019-11-25 09:38:14,0.47,1.0217,709,0.45,0.9782,206,0.43,0.9347,1,0.46,1.0,309,0
IWM191129C160,2019-11-25,2019-11-25 09:38:15,0.47,1.0217,681,0.45,0.9782,356,0.43,0.9347,1,0.46,1.0,309,0
IWM191129C160,2019-11-25,2019-11-25 09:38:15,0.47,1.0217,709,0.45,0.9782,10,0.43,0.9347,1,0.46,1.0,309,0
IWM191129C160,2019-11-25,2019-11-25 09:38:16,0.46,1.0,18,0.45,0.9782,140,0.43,0.9347,1,0.455,0.9891,309,0
IWM191129C160,2019-11-25,2019-11-25 09:38:16,0.46,1.0,18,0.45,0.9782,356,0.43,0.9347,1,0.455,0.9891,309,0
IWM191129C160,2019-11-25,2019-11-25 09:38:17,0.47,1.0217,531,0.45,0.9782,298,0.43,0.9347,1,0.46,1.0,309,0
IWM191129C160,2019-11-25,2019-11-25 09:38:17,0.47,1.0217,248,0.45,0.9782,298,0.43,0.9347,1,0.46,1.0,309,0
IWM191129C160,2019-11-25,2019-11-25 09:38:18,0.47,1.0217,91,0.45,0.9782,341,0.43,0.9347,1,0.46,1.0,309,0
IWM191129C160,2019-11-25,2019-11-25 09:38:19,0.47,1.0217,91,0.45,0.9782,341,0.43,0.9347,1,0.46,1.0,309,0
IWM191129C160,2019-11-25,2019-11-25 09:38:19,0.47,1.0217,137,0.45,0.9782,446,0.43,0.9347,1,0.46,1.0,309,0
IWM191129C160,2019-11-25,2019-11-25 09:38:20,0.46,1.0,18,0.45,0.9782,419,0.43,0.9347,1,0.455,0.9891,309,0
IWM191129C160,2019-11-25,2019-11-25 09:38:20,0.47,1.0217,203,0.45,0.9782,478,0.43,0.9347,1,0.46,1.0,309,0
IWM191129C160,2019-11-25,2019-11-25 09:38:21,0.47,1.0217,203,0.45,0.9782,478,0.43,0.9347,1,0.46,1.0,309,0
IWM191129C160,2019-11-25,2019-11-25 09:38:21,0.47,1.0217,203,0.45,0.9782,443,0.43,0.9347,1,0.46,1.0,309,0
IWM191129C160,2019-11-25,2019-11-25 09:38:22,0.47,1.0217,203,0.45,0.9782,443,0.43,0.9347,1,0.46,1.0,309,0
IWM191129C160,2019-11-25,2019-11-25 09:38:23,0.46,1.0,18,0.45,0.9782,443,0.43,0.9347,1,0.455,0.9891,309,0
IWM191129C160,2019-11-25,2019-11-25 09:38:23,0.46,1.0,18,0.45,0.9782,456,0.43,0.9347,1,0.455,0.9891,309,0
IWM191129C160,2019-11-25,2019-11-25 09:38:24,0.46,1.0,18,0.45,0.9782,341,0.43,0.9347,1,0.455,0.9891,309,0
IWM191129C160,2019-11-25,2019-11-25 09:38:25,0.46,1.0,32,0.44,0.9565,179,0.43,0.9347,1,0.45,0.9782,309,0
IWM191129C160,2019-11-25,2019-11-25 09:38:25,0.46,1.0,116,0.44,0.9565,210,0.43,0.9347,1,0.45,0.9782,309,0
IWM191129C160,2019-11-25,2019-11-25 09:38:26,0.46,1.0,66,0.44,0.9565,422,0.43,0.9347,1,0.45,0.9782,309,0
IWM191129C160,2019-11-25,2019-11-25 09:38:26,0.46,1.0,116,0.44,0.9565,408,0.43,0.9347,1,0.45,0.9782,309,0
IWM191129C160,2019-11-25,2019-11-25 09:38:27,0.46,1.0,40,0.44,0.9565,422,0.43,0.9347,1,0.45,0.9782,309,0
IWM191129C160,2019-11-25,2019-11-25 09:38:28,0.46,1.0,60,0.44,0.9565,559,0.43,0.9347,1,0.45,0.9782,309,0
IWM191129C160,2019-11-25,2019-11-25 09:38:29,0.46,1.0,71,0.44,0.9565,638,0.43,0.9347,1,0.45,0.9782,309,0
IWM191129C160,2019-11-25,2019-11-25 09:38:29,0.46,1.0,87,0.44,0.9565,637,0.43,0.9347,1,0.45,0.9782,309,0
IWM191129C160,2019-11-25,2019-11-25 09:38:30,0.45,0.9782,16,0.44,0.9565,360,0.43,0.9347,1,0.445,0.9673,309,0
IWM191129C160,2019-11-25,2019-11-25 09:38:31,0.45,0.9782,16,0.44,0.9565,465,0.43,0.9347,1,0.445,0.9673,309,0
IWM191129C160,2019-11-25,2019-11-25 09:38:32,0.45,0.9782,16,0.44,0.9565,449,0.43,0.9347,1,0.445,0.9673,309,0
IWM191129C160,2019-11-25,2019-11-25 09:38:32,0.45,0.9782,16,0.44,0.9565,438,0.43,0.9347,1,0.445,0.9673,309,0
IWM191129C160,2019-11-25,2019-11-25 09:38:33,0.45,0.9782,16,0.44,0.9565,360,0.43,0.9347,1,0.445,0.9673,309,0
IWM191129C160,2019-11-25,2019-11-25 09:38:33,0.45,0.9782,16,0.44,0.9565,449,0.43,0.9347,1,0.445,0.9673,309,0
IWM191129C160,2019-11-25,2019-11-25 09:38:34,0.45,0.9782,16,0.44,0.9565,462,0.44,0.9565,3,0.445,0.9673,319,10
IWM191129C160,2019-11-25,2019-11-25 09:38:34,0.45,0.9782,16,0.44,0.9565,360,0.43,0.9347,1,0.445,0.9673,309,0
IWM191129C160,2019-11-25,2019-11-25 09:38:35,0.46,1.0,38,0.45,0.9782,5,0.44,0.9565,3,0.455,0.9891,319,0
IWM191129C160,2019-11-25,2019-11-25 09:38:35,0.45,0.9782,16,0.44,0.9565,331,0.44,0.9565,3,0.445,0.9673,319,0
IWM191129C160,2019-11-25,2019-11-25 09:38:36,0.46,1.0,47,0.44,0.9565,236,0.44,0.9565,3,0.45,0.9782,319,0
IWM191129C160,2019-11-25,2019-11-25 09:38:36,0.46,1.0,48,0.45,0.9782,1,0.44,0.9565,3,0.455,0.9891,319,0
IWM191129C160,2019-11-25,2019-11-25 09:38:37,0.46,1.0,71,0.45,0.9782,10,0.44,0.9565,3,0.455,0.9891,319,0
IWM191129C160,2019-11-25,2019-11-25 09:38:37,0.46,1.0,44,0.45,0.9782,10,0.44,0.9565,3,0.455,0.9891,319,0
IWM191129C160,2019-11-25,2019-11-25 09:38:38,0.46,1.0,30,0.45,0.9782,26,0.44,0.9565,3,0.455,0.9891,319,0
IWM191129C160,2019-11-25,2019-11-25 09:38:38,0.46,1.0,45,0.45,0.9782,26,0.44,0.9565,3,0.455,0.9891,319,0
IWM191129C160,2019-11-25,2019-11-25 09:38:39,0.46,1.0,45,0.45,0.9782,26,0.44,0.9565,3,0.455,0.9891,319,0
IWM191129C160,2019-11-25,2019-11-25 09:38:39,0.46,1.0,45,0.45,0.9782,10,0.44,0.9565,3,0.455,0.9891,319,0
IWM191129C160,2019-11-25,2019-11-25 09:38:40,0.46,1.0,17,0.45,0.9782,152,0.44,0.9565,3,0.455,0.9891,319,0
IWM191129C160,2019-11-25,2019-11-25 09:38:41,0.46,1.0,11,0.45,0.9782,426,0.44,0.9565,3,0.455,0.9891,319,0
IWM191129C160,2019-11-25,2019-11-25 09:38:41,0.46,1.0,6,0.45,0.9782,327,0.44,0.9565,3,0.455,0.9891,319,0
IWM191129C160,2019-11-25,2019-11-25 09:38:42,0.47,1.0217,475,0.45,0.9782,327,0.44,0.9565,3,0.46,1.0,319,0
IWM191129C160,2019-11-25,2019-11-25 09:38:42,0.47,1.0217,275,0.45,0.9782,327,0.44,0.9565,3,0.46,1.0,319,0
IWM191129C160,2019-11-25,2019-11-25 09:38:43,0.47,1.0217,364,0.45,0.9782,424,0.44,0.9565,3,0.46,1.0,319,0
IWM191129C160,2019-11-25,2019-11-25 09:38:44,0.47,1.0217,364,0.45,0.9782,424,0.44,0.9565,3,0.46,1.0,319,0
IWM191129C160,2019-11-25,2019-11-25 09:38:45,0.47,1.0217,364,0.45,0.9782,424,0.44,0.9565,3,0.46,1.0,319,0
IWM191129C160,2019-11-25,2019-11-25 09:38:46,0.47,1.0217,364,0.45,0.9782,424,0.44,0.9565,3,0.46,1.0,319,0
IWM191129C160,2019-11-25,2019-11-25 09:38:47,0.47,1.0217,43,0.45,0.9782,490,0.44,0.9565,3,0.46,1.0,319,0
IWM191129C160,2019-11-25,2019-11-25 09:38:47,0.47,1.0217,379,0.45,0.9782,424,0.44,0.9565,3,0.46,1.0,319,0
IWM191129C160,2019-11-25,2019-11-25 09:38:48,0.47,1.0217,129,0.45,0.9782,462,0.44,0.9565,3,0.46,1.0,319,0
IWM191129C160,2019-11-25,2019-11-25 09:38:48,0.47,1.0217,54,0.45,0.9782,462,0.44,0.9565,3,0.46,1.0,319,0
