symbol,Date,quote_time,ask_price,norm_ask_price,ask_size,bid_price,norm_bid_price,bid_size,last_trade_price,norm_last_trade_price,last_trade_size,mark_price,norm_mark_price,volume,Volume
IWM191122P157,2019-11-15,2019-11-15 09:30:00,0.68,0.7391,1,0.44,0.4782,1,0.59,0.6413,10,0.56,0.6086,10,-7577
IWM191122P157,2019-11-15,2019-11-15 09:30:00,0.92,1.0,141,0.89,0.9673,497,0.9,0.9782,1,0.905,0.9836,7587,7587
IWM191122P157,2019-11-15,2019-11-15 09:30:01,0.68,0.7391,1,0.44,0.4782,1,0.59,0.6413,10,0.56,0.6086,10,0
IWM191122P157,2019-11-15,2019-11-15 09:30:02,0.6,0.6521,253,0.44,0.4782,1,0.59,0.6413,10,0.52,0.5652,10,0
IWM191122P157,2019-11-15,2019-11-15 09:30:03,0.6,0.6521,253,0.46,0.5,100,0.59,0.6413,10,0.53,0.576,10,0
IWM191122P157,2019-11-15,2019-11-15 09:30:03,0.58,0.6304,41,0.52,0.5652,41,0.59,0.6413,10,0.55,0.5978,10,0
IWM191122P157,2019-11-15,2019-11-15 09:30:04,0.58,0.6304,41,0.52,0.5652,41,0.59,0.6413,10,0.55,0.5978,10,0
IWM191122P157,2019-11-15,2019-11-15 09:30:04,0.58,0.6304,10,0.53,0.576,41,0.59,0.6413,10,0.555,0.6032,10,0
IWM191122P157,2019-11-15,2019-11-15 09:30:05,0.59,0.6413,51,0.53,0.576,41,0.59,0.6413,10,0.56,0.6086,10,0
IWM191122P157,2019-11-15,2019-11-15 09:30:05,0.59,0.6413,41,0.53,0.576,41,0.59,0.6413,10,0.56,0.6086,10,0
IWM191122P157,2019-11-15,2019-11-15 09:30:06,0.59,0.6413,541,0.53,0.576,41,0.59,0.6413,10,0.56,0.6086,10,0
IWM191122P157,2019-11-15,2019-11-15 09:30:06,0.59,0.6413,51,0.53,0.576,41,0.59,0.6413,10,0.56,0.6086,10,0
IWM191122P157,2019-11-15,2019-11-15 09:30:07,0.58,0.6304,67,0.52,0.5652,41,0.59,0.6413,10,0.55,0.5978,10,0
IWM191122P157,2019-11-15,2019-11-15 09:30:08,0.58,0.6304,67,0.52,0.5652,41,0.59,0.6413,10,0.55,0.5978,10,0
IWM191122P157,2019-11-15,2019-11-15 09:30:09,0.58,0.6304,67,0.52,0.5652,41,0.59,0.6413,10,0.55,0.5978,10,0
IWM191122P157,2019-11-15,2019-11-15 09:30:10,0.56,0.6086,23,0.52,0.5652,63,0.59,0.6413,10,0.54,0.5869,10,0
IWM191122P157,2019-11-15,2019-11-15 09:30:11,0.56,0.6086,23,0.53,0.576,63,0.59,0.6413,10,0.545,0.5923,10,0
IWM191122P157,2019-11-15,2019-11-15 09:30:11,0.57,0.6195,23,0.53,0.576,63,0.59,0.6413,10,0.55,0.5978,10,0
IWM191122P157,2019-11-15,2019-11-15 09:30:12,0.57,0.6195,23,0.53,0.576,83,0.59,0.6413,10,0.55,0.5978,10,0
IWM191122P157,2019-11-15,2019-11-15 09:30:12,0.57,0.6195,23,0.54,0.5869,63,0.59,0.6413,10,0.555,0.6032,10,0
IWM191122P157,2019-11-15,2019-11-15 09:30:13,0.57,0.6195,23,0.54,0.5869,63,0.59,0.6413,10,0.555,0.6032,10,0
IWM191122P157,2019-11-15,2019-11-15 09:30:14,0.57,0.6195,23,0.54,0.5869,93,0.59,0.6413,10,0.555,0.6032,10,0
IWM191122P157,2019-11-15,2019-11-15 09:30:14,0.57,0.6195,23,0.54,0.5869,83,0.59,0.6413,10,0.555,0.6032,10,0
IWM191122P157,2019-11-15,2019-11-15 09:30:15,0.57,0.6195,23,0.55,0.5978,41,0.59,0.6413,10,0.56,0.6086,10,0
IWM191122P157,2019-11-15,2019-11-15 09:30:15,0.58,0.6304,156,0.55,0.5978,63,0.59,0.6413,10,0.565,0.6141,10,0
IWM191122P157,2019-11-15,2019-11-15 09:30:16,0.58,0.6304,156,0.55,0.5978,63,0.59,0.6413,10,0.565,0.6141,10,0
IWM191122P157,2019-11-15,2019-11-15 09:30:17,0.58,0.6304,156,0.55,0.5978,73,0.59,0.6413,10,0.565,0.6141,10,0
IWM191122P157,2019-11-15,2019-11-15 09:30:18,0.58,0.6304,222,0.55,0.5978,78,0.59,0.6413,10,0.565,0.6141,10,0
IWM191122P157,2019-11-15,2019-11-15 09:30:18,0.58,0.6304,34,0.55,0.5978,97,0.59,0.6413,10,0.565,0.6141,10,0
IWM191122P157,2019-11-15,2019-11-15 09:30:19,0.58,0.6304,15,0.56,0.6086,366,0.59,0.6413,10,0.57,0.6195,10,0
IWM191122P157,2019-11-15,2019-11-15 09:30:19,0.58,0.6304,34,0.56,0.6086,447,0.59,0.6413,10,0.57,0.6195,10,0
IWM191122P157,2019-11-15,2019-11-15 09:30:20,0.58,0.6304,179,0.56,0.6086,137,0.59,0.6413,10,0.57,0.6195,10,0
IWM191122P157,2019-11-15,2019-11-15 09:30:20,0.59,0.6413,200,0.56,0.6086,319,0.59,0.6413,10,0.575,0.625,10,0
IWM191122P157,2019-11-15,2019-11-15 09:30:21,0.6,0.6521,170,0.58,0.6304,20,0.59,0.6413,10,0.59,0.6413,10,0
IWM191122P157,2019-11-15,2019-11-15 09:30:22,0.6,0.6521,511,0.57,0.6195,174,0.59,0.6413,10,0.585,0.6358,10,0
IWM191122P157,2019-11-15,2019-11-15 09:30:22,0.6,0.6521,725,0.57,0.6195,107,0.59,0.6413,10,0.585,0.6358,10,0
IWM191122P157,2019-11-15,2019-11-15 09:30:23,0.59,0.6413,489,0.57,0.6195,89,0.59,0.6413,10,0.58,0.6304,10,0
IWM191122P157,2019-11-15,2019-11-15 09:30:23,0.6,0.6521,525,0.57,0.6195,89,0.59,0.6413,10,0.585,0.6358,10,0
IWM191122P157,2019-11-15,2019-11-15 09:30:24,0.59,0.6413,674,0.56,0.6086,327,0.59,0.6413,10,0.575,0.625,10,0
IWM191122P157,2019-11-15,2019-11-15 09:30:24,0.59,0.6413,541,0.57,0.6195,20,0.59,0.6413,10,0.58,0.6304,10,0
IWM191122P157,2019-11-15,2019-11-15 09:30:25,0.59,0.6413,530,0.56,0.6086,449,0.59,0.6413,10,0.575,0.625,10,0
IWM191122P157,2019-11-15,2019-11-15 09:30:25,0.59,0.6413,515,0.56,0.6086,759,0.59,0.6413,10,0.575,0.625,10,0
IWM191122P157,2019-11-15,2019-11-15 09:30:26,0.59,0.6413,467,0.56,0.6086,783,0.59,0.6413,10,0.575,0.625,10,0
IWM191122P157,2019-11-15,2019-11-15 09:30:26,0.59,0.6413,553,0.56,0.6086,740,0.59,0.6413,10,0.575,0.625,10,0
IWM191122P157,2019-11-15,2019-11-15 09:30:27,0.59,0.6413,581,0.56,0.6086,187,0.59,0.6413,10,0.575,0.625,10,0
IWM191122P157,2019-11-15,2019-11-15 09:30:27,0.59,0.6413,103,0.56,0.6086,462,0.59,0.6413,10,0.575,0.625,10,0
IWM191122P157,2019-11-15,2019-11-15 09:30:28,0.59,0.6413,520,0.56,0.6086,734,0.59,0.6413,10,0.575,0.625,10,0
IWM191122P157,2019-11-15,2019-11-15 09:30:28,0.59,0.6413,581,0.56,0.6086,644,0.59,0.6413,10,0.575,0.625,10,0
IWM191122P157,2019-11-15,2019-11-15 09:30:29,0.59,0.6413,471,0.56,0.6086,734,0.59,0.6413,10,0.575,0.625,10,0
IWM191122P157,2019-11-15,2019-11-15 09:30:29,0.59,0.6413,520,0.56,0.6086,734,0.59,0.6413,10,0.575,0.625,10,0
IWM191122P157,2019-11-15,2019-11-15 09:30:30,0.59,0.6413,523,0.56,0.6086,746,0.59,0.6413,10,0.575,0.625,10,0
IWM191122P157,2019-11-15,2019-11-15 09:30:30,0.59,0.6413,544,0.56,0.6086,746,0.59,0.6413,10,0.575,0.625,10,0
IWM191122P157,2019-11-15,2019-11-15 09:30:31,0.57,0.6195,87,0.56,0.6086,39,0.59,0.6413,10,0.565,0.6141,10,0
IWM191122P157,2019-11-15,2019-11-15 09:30:31,0.59,0.6413,581,0.56,0.6086,240,0.59,0.6413,10,0.575,0.625,10,0
IWM191122P157,2019-11-15,2019-11-15 09:30:32,0.57,0.6195,310,0.55,0.5978,409,0.59,0.6413,10,0.56,0.6086,10,0
IWM191122P157,2019-11-15,2019-11-15 09:30:32,0.57,0.6195,257,0.56,0.6086,39,0.59,0.6413,10,0.565,0.6141,10,0
IWM191122P157,2019-11-15,2019-11-15 09:30:33,0.57,0.6195,310,0.55,0.5978,409,0.59,0.6413,10,0.56,0.6086,10,0
IWM191122P157,2019-11-15,2019-11-15 09:30:33,0.57,0.6195,310,0.55,0.5978,189,0.59,0.6413,10,0.56,0.6086,10,0
IWM191122P157,2019-11-15,2019-11-15 09:30:34,0.57,0.6195,378,0.55,0.5978,336,0.59,0.6413,10,0.56,0.6086,10,0
IWM191122P157,2019-11-15,2019-11-15 09:30:34,0.57,0.6195,310,0.55,0.5978,173,0.59,0.6413,10,0.56,0.6086,10,0
IWM191122P157,2019-11-15,2019-11-15 09:30:35,0.57,0.6195,378,0.55,0.5978,336,0.59,0.6413,10,0.56,0.6086,10,0
IWM191122P157,2019-11-15,2019-11-15 09:30:36,0.57,0.6195,378,0.55,0.5978,522,0.59,0.6413,10,0.56,0.6086,10,0
IWM191122P157,2019-11-15,2019-11-15 09:30:36,0.57,0.6195,85,0.55,0.5978,540,0.59,0.6413,10,0.56,0.6086,10,0
IWM191122P157,2019-11-15,2019-11-15 09:30:37,0.57,0.6195,85,0.55,0.5978,540,0.59,0.6413,10,0.56,0.6086,10,0
IWM191122P157,2019-11-15,2019-11-15 09:30:37,0.57,0.6195,271,0.55,0.5978,540,0.59,0.6413,10,0.56,0.6086,10,0
IWM191122P157,2019-11-15,2019-11-15 09:30:38,0.57,0.6195,85,0.55,0.5978,540,0.59,0.6413,10,0.56,0.6086,10,0
IWM191122P157,2019-11-15,2019-11-15 09:30:38,0.57,0.6195,85,0.56,0.6086,60,0.59,0.6413,10,0.565,0.6141,10,0
IWM191122P157,2019-11-15,2019-11-15 09:30:39,0.57,0.6195,271,0.56,0.6086,60,0.59,0.6413,10,0.565,0.6141,10,0
IWM191122P157,2019-11-15,2019-11-15 09:30:39,0.57,0.6195,192,0.56,0.6086,39,0.59,0.6413,10,0.565,0.6141,10,0
IWM191122P157,2019-11-15,2019-11-15 09:30:40,0.58,0.6304,854,0.56,0.6086,39,0.59,0.6413,10,0.57,0.6195,10,0
IWM191122P157,2019-11-15,2019-11-15 09:30:40,0.57,0.6195,216,0.56,0.6086,60,0.59,0.6413,10,0.565,0.6141,10,0
IWM191122P157,2019-11-15,2019-11-15 09:30:41,0.58,0.6304,498,0.56,0.6086,60,0.59,0.6413,10,0.57,0.6195,10,0
IWM191122P157,2019-11-15,2019-11-15 09:30:41,0.58,0.6304,416,0.56,0.6086,400,0.59,0.6413,10,0.57,0.6195,10,0
IWM191122P157,2019-11-15,2019-11-15 09:30:42,0.58,0.6304,416,0.56,0.6086,470,0.59,0.6413,10,0.57,0.6195,10,0
IWM191122P157,2019-11-15,2019-11-15 09:30:43,0.58,0.6304,416,0.56,0.6086,470,0.59,0.6413,10,0.57,0.6195,10,0
IWM191122P157,2019-11-15,2019-11-15 09:30:44,0.58,0.6304,455,0.56,0.6086,250,0.59,0.6413,10,0.57,0.6195,10,0
IWM191122P157,2019-11-15,2019-11-15 09:30:44,0.58,0.6304,416,0.56,0.6086,266,0.59,0.6413,10,0.57,0.6195,10,0
IWM191122P157,2019-11-15,2019-11-15 09:30:45,0.58,0.6304,455,0.56,0.6086,250,0.59,0.6413,10,0.57,0.6195,10,0
IWM191122P157,2019-11-15,2019-11-15 09:30:46,0.58,0.6304,455,0.56,0.6086,250,0.59,0.6413,10,0.57,0.6195,10,0
IWM191122P157,2019-11-15,2019-11-15 09:30:46,0.58,0.6304,714,0.56,0.6086,206,0.59,0.6413,10,0.57,0.6195,10,0
IWM191122P157,2019-11-15,2019-11-15 09:30:47,0.58,0.6304,714,0.56,0.6086,190,0.59,0.6413,10,0.57,0.6195,10,0
IWM191122P157,2019-11-15,2019-11-15 09:30:48,0.58,0.6304,467,0.56,0.6086,144,0.59,0.6413,10,0.57,0.6195,10,0
IWM191122P157,2019-11-15,2019-11-15 09:30:48,0.58,0.6304,714,0.56,0.6086,144,0.59,0.6413,10,0.57,0.6195,10,0
IWM191122P157,2019-11-15,2019-11-15 09:30:49,0.58,0.6304,467,0.56,0.6086,113,0.59,0.6413,10,0.57,0.6195,10,0
IWM191122P157,2019-11-15,2019-11-15 09:30:49,0.58,0.6304,714,0.56,0.6086,113,0.59,0.6413,10,0.57,0.6195,10,0
IWM191122P157,2019-11-15,2019-11-15 09:30:50,0.58,0.6304,723,0.56,0.6086,67,0.59,0.6413,10,0.57,0.6195,10,0
IWM191122P157,2019-11-15,2019-11-15 09:30:51,0.57,0.6195,83,0.56,0.6086,67,0.59,0.6413,10,0.565,0.6141,10,0
IWM191122P157,2019-11-15,2019-11-15 09:30:51,0.58,0.6304,723,0.56,0.6086,67,0.59,0.6413,10,0.57,0.6195,10,0
IWM191122P157,2019-11-15,2019-11-15 09:30:52,0.57,0.6195,324,0.55,0.5978,510,0.59,0.6413,10,0.56,0.6086,10,0
IWM191122P157,2019-11-15,2019-11-15 09:30:53,0.57,0.6195,324,0.55,0.5978,510,0.59,0.6413,10,0.56,0.6086,10,0
IWM191122P157,2019-11-15,2019-11-15 09:30:53,0.57,0.6195,324,0.55,0.5978,530,0.59,0.6413,10,0.56,0.6086,10,0
IWM191122P157,2019-11-15,2019-11-15 09:30:54,0.57,0.6195,343,0.55,0.5978,201,0.59,0.6413,10,0.56,0.6086,10,0
IWM191122P157,2019-11-15,2019-11-15 09:30:54,0.56,0.6086,46,0.55,0.5978,106,0.59,0.6413,10,0.555,0.6032,10,0
IWM191122P157,2019-11-15,2019-11-15 09:30:55,0.56,0.6086,46,0.55,0.5978,20,0.59,0.6413,10,0.555,0.6032,10,0
IWM191122P157,2019-11-15,2019-11-15 09:30:55,0.57,0.6195,601,0.55,0.5978,20,0.59,0.6413,10,0.56,0.6086,10,0
IWM191122P157,2019-11-15,2019-11-15 09:30:56,0.57,0.6195,672,0.55,0.5978,20,0.59,0.6413,10,0.56,0.6086,10,0
IWM191122P157,2019-11-15,2019-11-15 09:30:56,0.57,0.6195,66,0.55,0.5978,405,0.59,0.6413,10,0.56,0.6086,10,0
IWM191122P157,2019-11-15,2019-11-15 09:30:57,0.57,0.6195,204,0.55,0.5978,504,0.59,0.6413,10,0.56,0.6086,10,0
IWM191122P157,2019-11-15,2019-11-15 09:30:57,0.57,0.6195,489,0.55,0.5978,271,0.59,0.6413,10,0.56,0.6086,10,0
IWM191122P157,2019-11-15,2019-11-15 09:30:58,0.57,0.6195,416,0.55,0.5978,271,0.59,0.6413,10,0.56,0.6086,10,0
IWM191122P157,2019-11-15,2019-11-15 09:30:58,0.57,0.6195,416,0.55,0.5978,224,0.59,0.6413,10,0.56,0.6086,10,0
IWM191122P157,2019-11-15,2019-11-15 09:30:59,0.57,0.6195,717,0.55,0.5978,179,0.59,0.6413,10,0.56,0.6086,10,0
IWM191122P157,2019-11-15,2019-11-15 09:30:59,0.57,0.6195,549,0.55,0.5978,179,0.59,0.6413,10,0.56,0.6086,10,0
IWM191122P157,2019-11-15,2019-11-15 09:31:00,0.57,0.6195,393,0.55,0.5978,62,0.59,0.6413,10,0.56,0.6086,10,0
IWM191122P157,2019-11-15,2019-11-15 09:31:00,0.58,0.6304,593,0.55,0.5978,516,0.59,0.6413,10,0.565,0.6141,10,0
IWM191122P157,2019-11-15,2019-11-15 09:31:01,0.57,0.6195,46,0.55,0.5978,336,0.59,0.6413,10,0.56,0.6086,10,0
IWM191122P157,2019-11-15,2019-11-15 09:31:02,0.57,0.6195,46,0.55,0.5978,356,0.59,0.6413,10,0.56,0.6086,10,0
IWM191122P157,2019-11-15,2019-11-15 09:31:02,0.57,0.6195,46,0.55,0.5978,433,0.59,0.6413,10,0.56,0.6086,10,0
IWM191122P157,2019-11-15,2019-11-15 09:31:03,0.58,0.6304,262,0.56,0.6086,260,0.59,0.6413,10,0.57,0.6195,10,0
IWM191122P157,2019-11-15,2019-11-15 09:31:03,0.57,0.6195,331,0.55,0.5978,572,0.59,0.6413,10,0.56,0.6086,10,0
IWM191122P157,2019-11-15,2019-11-15 09:31:04,0.58,0.6304,118,0.56,0.6086,194,0.59,0.6413,10,0.57,0.6195,10,0
IWM191122P157,2019-11-15,2019-11-15 09:31:05,0.57,0.6195,87,0.56,0.6086,33,0.59,0.6413,10,0.565,0.6141,10,0
IWM191122P157,2019-11-15,2019-11-15 09:31:06,0.57,0.6195,344,0.55,0.5978,390,0.59,0.6413,10,0.56,0.6086,10,0
IWM191122P157,2019-11-15,2019-11-15 09:31:06,0.57,0.6195,344,0.55,0.5978,251,0.59,0.6413,10,0.56,0.6086,10,0
IWM191122P157,2019-11-15,2019-11-15 09:31:07,0.57,0.6195,344,0.55,0.5978,251,0.59,0.6413,10,0.56,0.6086,10,0
IWM191122P157,2019-11-15,2019-11-15 09:31:07,0.57,0.6195,344,0.55,0.5978,471,0.59,0.6413,10,0.56,0.6086,10,0
IWM191122P157,2019-11-15,2019-11-15 09:31:08,0.57,0.6195,344,0.55,0.5978,471,0.59,0.6413,10,0.56,0.6086,10,0
IWM191122P157,2019-11-15,2019-11-15 09:31:09,0.57,0.6195,87,0.55,0.5978,354,0.59,0.6413,10,0.56,0.6086,10,0
IWM191122P157,2019-11-15,2019-11-15 09:31:09,0.57,0.6195,560,0.55,0.5978,471,0.59,0.6413,10,0.56,0.6086,10,0
IWM191122P157,2019-11-15,2019-11-15 09:31:10,0.57,0.6195,87,0.55,0.5978,354,0.59,0.6413,10,0.56,0.6086,10,0
IWM191122P157,2019-11-15,2019-11-15 09:31:10,0.57,0.6195,420,0.55,0.5978,523,0.59,0.6413,10,0.56,0.6086,10,0
IWM191122P157,2019-11-15,2019-11-15 09:31:11,0.57,0.6195,453,0.55,0.5978,178,0.59,0.6413,10,0.56,0.6086,10,0
IWM191122P157,2019-11-15,2019-11-15 09:31:11,0.57,0.6195,503,0.55,0.5978,178,0.59,0.6413,10,0.56,0.6086,10,0
IWM191122P157,2019-11-15,2019-11-15 09:31:12,0.57,0.6195,453,0.55,0.5978,178,0.59,0.6413,10,0.56,0.6086,10,0
IWM191122P157,2019-11-15,2019-11-15 09:31:12,0.57,0.6195,753,0.55,0.5978,122,0.59,0.6413,10,0.56,0.6086,10,0
IWM191122P157,2019-11-15,2019-11-15 09:31:13,0.56,0.6086,302,0.55,0.5978,78,0.59,0.6413,10,0.555,0.6032,10,0
IWM191122P157,2019-11-15,2019-11-15 09:31:14,0.56,0.6086,268,0.55,0.5978,78,0.59,0.6413,10,0.555,0.6032,10,0
IWM191122P157,2019-11-15,2019-11-15 09:31:14,0.56,0.6086,46,0.55,0.5978,78,0.59,0.6413,10,0.555,0.6032,10,0
IWM191122P157,2019-11-15,2019-11-15 09:31:15,0.56,0.6086,268,0.55,0.5978,78,0.59,0.6413,10,0.555,0.6032,10,0
IWM191122P157,2019-11-15,2019-11-15 09:31:16,0.56,0.6086,268,0.55,0.5978,20,0.59,0.6413,10,0.555,0.6032,10,0
IWM191122P157,2019-11-15,2019-11-15 09:31:16,0.56,0.6086,268,0.55,0.5978,22,0.59,0.6413,10,0.555,0.6032,10,0
IWM191122P157,2019-11-15,2019-11-15 09:31:17,0.56,0.6086,268,0.55,0.5978,20,0.59,0.6413,10,0.555,0.6032,10,0
IWM191122P157,2019-11-15,2019-11-15 09:31:18,0.56,0.6086,268,0.55,0.5978,20,0.59,0.6413,10,0.555,0.6032,10,0
IWM191122P157,2019-11-15,2019-11-15 09:31:19,0.56,0.6086,268,0.55,0.5978,20,0.59,0.6413,10,0.555,0.6032,10,0
IWM191122P157,2019-11-15,2019-11-15 09:31:20,0.56,0.6086,268,0.55,0.5978,20,0.59,0.6413,10,0.555,0.6032,10,0
IWM191122P157,2019-11-15,2019-11-15 09:31:21,0.56,0.6086,313,0.54,0.5869,548,0.59,0.6413,10,0.55,0.5978,10,0
IWM191122P157,2019-11-15,2019-11-15 09:31:22,0.56,0.6086,282,0.54,0.5869,548,0.59,0.6413,10,0.55,0.5978,10,0
IWM191122P157,2019-11-15,2019-11-15 09:31:22,0.56,0.6086,313,0.54,0.5869,548,0.59,0.6413,10,0.55,0.5978,10,0
IWM191122P157,2019-11-15,2019-11-15 09:31:23,0.56,0.6086,282,0.54,0.5869,803,0.59,0.6413,10,0.55,0.5978,10,0
IWM191122P157,2019-11-15,2019-11-15 09:31:24,0.57,0.6195,591,0.55,0.5978,134,0.59,0.6413,10,0.56,0.6086,10,0
IWM191122P157,2019-11-15,2019-11-15 09:31:24,0.56,0.6086,46,0.54,0.5869,586,0.59,0.6413,10,0.55,0.5978,10,0
IWM191122P157,2019-11-15,2019-11-15 09:31:25,0.57,0.6195,779,0.55,0.5978,134,0.59,0.6413,10,0.56,0.6086,10,0
IWM191122P157,2019-11-15,2019-11-15 09:31:26,0.57,0.6195,1017,0.55,0.5978,122,0.59,0.6413,10,0.56,0.6086,10,0
IWM191122P157,2019-11-15,2019-11-15 09:31:27,0.57,0.6195,320,0.55,0.5978,744,0.59,0.6413,10,0.56,0.6086,10,0
IWM191122P157,2019-11-15,2019-11-15 09:31:27,0.57,0.6195,320,0.55,0.5978,364,0.59,0.6413,10,0.56,0.6086,10,0
IWM191122P157,2019-11-15,2019-11-15 09:31:28,0.57,0.6195,320,0.55,0.5978,744,0.59,0.6413,10,0.56,0.6086,10,0
IWM191122P157,2019-11-15,2019-11-15 09:31:29,0.58,0.6304,10,0.56,0.6086,370,0.59,0.6413,10,0.57,0.6195,10,0
IWM191122P157,2019-11-15,2019-11-15 09:31:29,0.57,0.6195,46,0.55,0.5978,132,0.59,0.6413,10,0.56,0.6086,10,0
IWM191122P157,2019-11-15,2019-11-15 09:31:30,0.59,0.6413,434,0.57,0.6195,211,0.59,0.6413,10,0.58,0.6304,10,0
IWM191122P157,2019-11-15,2019-11-15 09:31:30,0.59,0.6413,773,0.57,0.6195,299,0.59,0.6413,10,0.58,0.6304,10,0
IWM191122P157,2019-11-15,2019-11-15 09:31:31,0.59,0.6413,773,0.57,0.6195,417,0.59,0.6413,10,0.58,0.6304,10,0
IWM191122P157,2019-11-15,2019-11-15 09:31:31,0.59,0.6413,773,0.57,0.6195,299,0.59,0.6413,10,0.58,0.6304,10,0
IWM191122P157,2019-11-15,2019-11-15 09:31:32,0.59,0.6413,399,0.57,0.6195,381,0.59,0.6413,10,0.58,0.6304,10,0
IWM191122P157,2019-11-15,2019-11-15 09:31:33,0.59,0.6413,461,0.57,0.6195,369,0.59,0.6413,10,0.58,0.6304,10,0
IWM191122P157,2019-11-15,2019-11-15 09:31:33,0.59,0.6413,712,0.57,0.6195,369,0.59,0.6413,10,0.58,0.6304,10,0
IWM191122P157,2019-11-15,2019-11-15 09:31:34,0.59,0.6413,80,0.57,0.6195,517,0.59,0.6413,10,0.58,0.6304,10,0
IWM191122P157,2019-11-15,2019-11-15 09:31:34,0.59,0.6413,399,0.57,0.6195,409,0.59,0.6413,10,0.58,0.6304,10,0
IWM191122P157,2019-11-15,2019-11-15 09:31:35,0.59,0.6413,80,0.57,0.6195,517,0.59,0.6413,10,0.58,0.6304,10,0
IWM191122P157,2019-11-15,2019-11-15 09:31:36,0.59,0.6413,80,0.57,0.6195,517,0.59,0.6413,10,0.58,0.6304,10,0
IWM191122P157,2019-11-15,2019-11-15 09:31:37,0.59,0.6413,278,0.57,0.6195,517,0.59,0.6413,10,0.58,0.6304,10,0
IWM191122P157,2019-11-15,2019-11-15 09:31:37,0.59,0.6413,362,0.58,0.6304,20,0.59,0.6413,10,0.585,0.6358,10,0
IWM191122P157,2019-11-15,2019-11-15 09:31:38,0.59,0.6413,362,0.58,0.6304,20,0.59,0.6413,10,0.585,0.6358,10,0
IWM191122P157,2019-11-15,2019-11-15 09:31:39,0.59,0.6413,416,0.58,0.6304,20,0.59,0.6413,10,0.585,0.6358,10,0
IWM191122P157,2019-11-15,2019-11-15 09:31:39,0.59,0.6413,362,0.58,0.6304,20,0.59,0.6413,10,0.585,0.6358,10,0
IWM191122P157,2019-11-15,2019-11-15 09:31:40,0.59,0.6413,413,0.58,0.6304,20,0.59,0.6413,10,0.585,0.6358,10,0
IWM191122P157,2019-11-15,2019-11-15 09:31:41,0.59,0.6413,413,0.56,0.6086,235,0.59,0.6413,10,0.575,0.625,10,0
IWM191122P157,2019-11-15,2019-11-15 09:31:41,0.59,0.6413,722,0.58,0.6304,1,0.59,0.6413,10,0.585,0.6358,10,0
IWM191122P157,2019-11-15,2019-11-15 09:31:42,0.59,0.6413,489,0.56,0.6086,168,0.59,0.6413,10,0.575,0.625,10,0
IWM191122P157,2019-11-15,2019-11-15 09:31:42,0.59,0.6413,206,0.57,0.6195,43,0.59,0.6413,10,0.58,0.6304,10,0
IWM191122P157,2019-11-15,2019-11-15 09:31:43,0.58,0.6304,360,0.57,0.6195,20,0.59,0.6413,10,0.575,0.625,10,0
IWM191122P157,2019-11-15,2019-11-15 09:31:43,0.58,0.6304,302,0.57,0.6195,20,0.59,0.6413,10,0.575,0.625,10,0
IWM191122P157,2019-11-15,2019-11-15 09:31:44,0.58,0.6304,327,0.56,0.6086,671,0.59,0.6413,10,0.57,0.6195,10,0
IWM191122P157,2019-11-15,2019-11-15 09:31:44,0.58,0.6304,327,0.57,0.6195,20,0.59,0.6413,10,0.575,0.625,10,0
IWM191122P157,2019-11-15,2019-11-15 09:31:45,0.58,0.6304,74,0.57,0.6195,20,0.59,0.6413,10,0.575,0.625,10,0
IWM191122P157,2019-11-15,2019-11-15 09:31:45,0.58,0.6304,327,0.57,0.6195,20,0.59,0.6413,10,0.575,0.625,10,0
IWM191122P157,2019-11-15,2019-11-15 09:31:46,0.58,0.6304,74,0.57,0.6195,32,0.59,0.6413,10,0.575,0.625,10,0
IWM191122P157,2019-11-15,2019-11-15 09:31:46,0.58,0.6304,74,0.57,0.6195,20,0.59,0.6413,10,0.575,0.625,10,0
IWM191122P157,2019-11-15,2019-11-15 09:31:47,0.58,0.6304,56,0.56,0.6086,401,0.59,0.6413,10,0.57,0.6195,10,0
IWM191122P157,2019-11-15,2019-11-15 09:31:47,0.58,0.6304,449,0.56,0.6086,480,0.59,0.6413,10,0.57,0.6195,10,0
IWM191122P157,2019-11-15,2019-11-15 09:31:48,0.58,0.6304,449,0.56,0.6086,163,0.59,0.6413,10,0.57,0.6195,10,0
IWM191122P157,2019-11-15,2019-11-15 09:31:49,0.58,0.6304,409,0.56,0.6086,267,0.59,0.6413,10,0.57,0.6195,10,0
IWM191122P157,2019-11-15,2019-11-15 09:31:49,0.58,0.6304,449,0.56,0.6086,228,0.59,0.6413,10,0.57,0.6195,10,0
IWM191122P157,2019-11-15,2019-11-15 09:31:50,0.58,0.6304,264,0.57,0.6195,21,0.59,0.6413,10,0.575,0.625,10,0
IWM191122P157,2019-11-15,2019-11-15 09:31:50,0.58,0.6304,91,0.57,0.6195,21,0.59,0.6413,10,0.575,0.625,10,0
IWM191122P157,2019-11-15,2019-11-15 09:31:51,0.58,0.6304,325,0.57,0.6195,21,0.59,0.6413,10,0.575,0.625,10,0
IWM191122P157,2019-11-15,2019-11-15 09:31:52,0.58,0.6304,433,0.56,0.6086,86,0.59,0.6413,10,0.57,0.6195,10,0
IWM191122P157,2019-11-15,2019-11-15 09:31:53,0.57,0.6195,241,0.55,0.5978,40,0.59,0.6413,10,0.56,0.6086,10,0
IWM191122P157,2019-11-15,2019-11-15 09:31:53,0.57,0.6195,307,0.55,0.5978,100,0.59,0.6413,10,0.56,0.6086,10,0
IWM191122P157,2019-11-15,2019-11-15 09:31:54,0.57,0.6195,209,0.55,0.5978,50,0.59,0.6413,10,0.56,0.6086,10,0
IWM191122P157,2019-11-15,2019-11-15 09:31:54,0.57,0.6195,202,0.55,0.5978,40,0.59,0.6413,10,0.56,0.6086,10,0
IWM191122P157,2019-11-15,2019-11-15 09:31:55,0.57,0.6195,454,0.55,0.5978,86,0.59,0.6413,10,0.56,0.6086,10,0
IWM191122P157,2019-11-15,2019-11-15 09:31:56,0.57,0.6195,454,0.55,0.5978,141,0.59,0.6413,10,0.56,0.6086,10,0
IWM191122P157,2019-11-15,2019-11-15 09:31:56,0.57,0.6195,871,0.55,0.5978,25,0.59,0.6413,10,0.56,0.6086,10,0
IWM191122P157,2019-11-15,2019-11-15 09:31:57,0.57,0.6195,1043,0.55,0.5978,25,0.59,0.6413,10,0.56,0.6086,10,0
IWM191122P157,2019-11-15,2019-11-15 09:31:58,0.57,0.6195,1043,0.55,0.5978,33,0.59,0.6413,10,0.56,0.6086,10,0
IWM191122P157,2019-11-15,2019-11-15 09:31:58,0.57,0.6195,1043,0.55,0.5978,25,0.59,0.6413,10,0.56,0.6086,10,0
IWM191122P157,2019-11-15,2019-11-15 09:31:59,0.57,0.6195,1089,0.55,0.5978,32,0.59,0.6413,10,0.56,0.6086,10,0
IWM191122P157,2019-11-15,2019-11-15 09:32:00,0.57,0.6195,1089,0.55,0.5978,45,0.59,0.6413,10,0.56,0.6086,10,0
IWM191122P157,2019-11-15,2019-11-15 09:32:00,0.57,0.6195,917,0.55,0.5978,30,0.59,0.6413,10,0.56,0.6086,10,0
IWM191122P157,2019-11-15,2019-11-15 09:32:01,0.57,0.6195,917,0.55,0.5978,30,0.59,0.6413,10,0.56,0.6086,10,0
IWM191122P157,2019-11-15,2019-11-15 09:32:01,0.57,0.6195,917,0.55,0.5978,43,0.59,0.6413,10,0.56,0.6086,10,0
IWM191122P157,2019-11-15,2019-11-15 09:32:02,0.57,0.6195,606,0.55,0.5978,97,0.59,0.6413,10,0.56,0.6086,10,0
IWM191122P157,2019-11-15,2019-11-15 09:32:02,0.57,0.6195,561,0.56,0.6086,11,0.59,0.6413,10,0.565,0.6141,10,0
IWM191122P157,2019-11-15,2019-11-15 09:32:03,0.57,0.6195,998,0.55,0.5978,132,0.59,0.6413,10,0.56,0.6086,10,0
IWM191122P157,2019-11-15,2019-11-15 09:32:04,0.57,0.6195,674,0.55,0.5978,58,0.59,0.6413,10,0.56,0.6086,10,0
IWM191122P157,2019-11-15,2019-11-15 09:32:04,0.57,0.6195,873,0.55,0.5978,78,0.59,0.6413,10,0.56,0.6086,10,0
IWM191122P157,2019-11-15,2019-11-15 09:32:05,0.57,0.6195,674,0.55,0.5978,40,0.59,0.6413,10,0.56,0.6086,10,0
IWM191122P157,2019-11-15,2019-11-15 09:32:05,0.56,0.6086,224,0.55,0.5978,10,0.59,0.6413,10,0.555,0.6032,10,0
IWM191122P157,2019-11-15,2019-11-15 09:32:06,0.56,0.6086,316,0.54,0.5869,160,0.59,0.6413,10,0.55,0.5978,10,0
IWM191122P157,2019-11-15,2019-11-15 09:32:06,0.56,0.6086,316,0.54,0.5869,179,0.59,0.6413,10,0.55,0.5978,10,0
IWM191122P157,2019-11-15,2019-11-15 09:32:07,0.56,0.6086,316,0.54,0.5869,353,0.59,0.6413,10,0.55,0.5978,10,0
IWM191122P157,2019-11-15,2019-11-15 09:32:08,0.56,0.6086,316,0.54,0.5869,388,0.59,0.6413,10,0.55,0.5978,10,0
IWM191122P157,2019-11-15,2019-11-15 09:32:08,0.56,0.6086,316,0.54,0.5869,413,0.59,0.6413,10,0.55,0.5978,10,0
IWM191122P157,2019-11-15,2019-11-15 09:32:09,0.56,0.6086,316,0.54,0.5869,388,0.59,0.6413,10,0.55,0.5978,10,0
IWM191122P157,2019-11-15,2019-11-15 09:32:09,0.56,0.6086,262,0.54,0.5869,388,0.59,0.6413,10,0.55,0.5978,10,0
IWM191122P157,2019-11-15,2019-11-15 09:32:10,0.56,0.6086,614,0.54,0.5869,42,0.59,0.6413,10,0.55,0.5978,10,0
IWM191122P157,2019-11-15,2019-11-15 09:32:10,0.56,0.6086,715,0.54,0.5869,53,0.59,0.6413,10,0.55,0.5978,10,0
IWM191122P157,2019-11-15,2019-11-15 09:32:11,0.55,0.5978,137,0.54,0.5869,53,0.59,0.6413,10,0.545,0.5923,10,0
IWM191122P157,2019-11-15,2019-11-15 09:32:11,0.55,0.5978,137,0.54,0.5869,20,0.59,0.6413,10,0.545,0.5923,10,0
IWM191122P157,2019-11-15,2019-11-15 09:32:12,0.55,0.5978,137,0.54,0.5869,20,0.59,0.6413,10,0.545,0.5923,10,0
IWM191122P157,2019-11-15,2019-11-15 09:32:12,0.55,0.5978,108,0.53,0.576,464,0.59,0.6413,10,0.54,0.5869,10,0
IWM191122P157,2019-11-15,2019-11-15 09:32:13,0.55,0.5978,158,0.53,0.576,826,0.59,0.6413,10,0.54,0.5869,10,0
IWM191122P157,2019-11-15,2019-11-15 09:32:13,0.55,0.5978,280,0.54,0.5869,18,0.59,0.6413,10,0.545,0.5923,10,0
IWM191122P157,2019-11-15,2019-11-15 09:32:14,0.55,0.5978,254,0.54,0.5869,18,0.59,0.6413,10,0.545,0.5923,10,0
IWM191122P157,2019-11-15,2019-11-15 09:32:15,0.55,0.5978,254,0.54,0.5869,18,0.59,0.6413,10,0.545,0.5923,10,0
IWM191122P157,2019-11-15,2019-11-15 09:32:15,0.55,0.5978,667,0.54,0.5869,18,0.59,0.6413,10,0.545,0.5923,10,0
IWM191122P157,2019-11-15,2019-11-15 09:32:16,0.55,0.5978,304,0.53,0.576,502,0.59,0.6413,10,0.54,0.5869,10,0
IWM191122P157,2019-11-15,2019-11-15 09:32:16,0.55,0.5978,346,0.53,0.576,321,0.59,0.6413,10,0.54,0.5869,10,0
IWM191122P157,2019-11-15,2019-11-15 09:32:17,0.55,0.5978,616,0.53,0.576,475,0.59,0.6413,10,0.54,0.5869,10,0
IWM191122P157,2019-11-15,2019-11-15 09:32:17,0.55,0.5978,455,0.53,0.576,730,0.59,0.6413,10,0.54,0.5869,10,0
IWM191122P157,2019-11-15,2019-11-15 09:32:18,0.55,0.5978,498,0.54,0.5869,11,0.59,0.6413,10,0.545,0.5923,10,0
IWM191122P157,2019-11-15,2019-11-15 09:32:19,0.55,0.5978,459,0.54,0.5869,11,0.59,0.6413,10,0.545,0.5923,10,0
IWM191122P157,2019-11-15,2019-11-15 09:32:20,0.55,0.5978,317,0.54,0.5869,20,0.59,0.6413,10,0.545,0.5923,10,0
IWM191122P157,2019-11-15,2019-11-15 09:32:20,0.55,0.5978,293,0.54,0.5869,11,0.59,0.6413,10,0.545,0.5923,10,0
IWM191122P157,2019-11-15,2019-11-15 09:32:21,0.55,0.5978,317,0.54,0.5869,10,0.59,0.6413,10,0.545,0.5923,10,0
IWM191122P157,2019-11-15,2019-11-15 09:32:21,0.55,0.5978,317,0.53,0.576,257,0.59,0.6413,10,0.54,0.5869,10,0
IWM191122P157,2019-11-15,2019-11-15 09:32:22,0.55,0.5978,317,0.53,0.576,257,0.59,0.6413,10,0.54,0.5869,10,0
IWM191122P157,2019-11-15,2019-11-15 09:32:22,0.55,0.5978,317,0.54,0.5869,20,0.59,0.6413,10,0.545,0.5923,10,0
IWM191122P157,2019-11-15,2019-11-15 09:32:23,0.55,0.5978,78,0.53,0.576,480,0.59,0.6413,10,0.54,0.5869,10,0
IWM191122P157,2019-11-15,2019-11-15 09:32:23,0.55,0.5978,122,0.53,0.576,480,0.59,0.6413,10,0.54,0.5869,10,0
IWM191122P157,2019-11-15,2019-11-15 09:32:24,0.55,0.5978,122,0.54,0.5869,20,0.59,0.6413,10,0.545,0.5923,10,0
IWM191122P157,2019-11-15,2019-11-15 09:32:24,0.55,0.5978,122,0.54,0.5869,2,0.59,0.6413,10,0.545,0.5923,10,0
IWM191122P157,2019-11-15,2019-11-15 09:32:25,0.55,0.5978,189,0.53,0.576,1096,0.59,0.6413,10,0.54,0.5869,10,0
IWM191122P157,2019-11-15,2019-11-15 09:32:25,0.55,0.5978,223,0.53,0.576,665,0.59,0.6413,10,0.54,0.5869,10,0
IWM191122P157,2019-11-15,2019-11-15 09:32:26,0.55,0.5978,26,0.53,0.576,1017,0.59,0.6413,10,0.54,0.5869,10,0
IWM191122P157,2019-11-15,2019-11-15 09:32:26,0.55,0.5978,189,0.53,0.576,1096,0.59,0.6413,10,0.54,0.5869,10,0
IWM191122P157,2019-11-15,2019-11-15 09:32:27,0.55,0.5978,228,0.54,0.5869,18,0.59,0.6413,10,0.545,0.5923,10,0
IWM191122P157,2019-11-15,2019-11-15 09:32:28,0.55,0.5978,228,0.54,0.5869,18,0.59,0.6413,10,0.545,0.5923,10,0
IWM191122P157,2019-11-15,2019-11-15 09:32:28,0.55,0.5978,152,0.54,0.5869,18,0.59,0.6413,10,0.545,0.5923,10,0
IWM191122P157,2019-11-15,2019-11-15 09:32:29,0.55,0.5978,152,0.54,0.5869,18,0.59,0.6413,10,0.545,0.5923,10,0
IWM191122P157,2019-11-15,2019-11-15 09:32:30,0.55,0.5978,196,0.54,0.5869,21,0.59,0.6413,10,0.545,0.5923,10,0
IWM191122P157,2019-11-15,2019-11-15 09:32:30,0.55,0.5978,228,0.54,0.5869,18,0.59,0.6413,10,0.545,0.5923,10,0
IWM191122P157,2019-11-15,2019-11-15 09:32:31,0.55,0.5978,196,0.54,0.5869,21,0.59,0.6413,10,0.545,0.5923,10,0
IWM191122P157,2019-11-15,2019-11-15 09:32:32,0.55,0.5978,297,0.53,0.576,956,0.59,0.6413,10,0.54,0.5869,10,0
IWM191122P157,2019-11-15,2019-11-15 09:32:32,0.55,0.5978,297,0.53,0.576,898,0.59,0.6413,10,0.54,0.5869,10,0
IWM191122P157,2019-11-15,2019-11-15 09:32:33,0.55,0.5978,297,0.53,0.576,956,0.59,0.6413,10,0.54,0.5869,10,0
IWM191122P157,2019-11-15,2019-11-15 09:32:34,0.55,0.5978,221,0.53,0.576,637,0.59,0.6413,10,0.54,0.5869,10,0
IWM191122P157,2019-11-15,2019-11-15 09:32:34,0.55,0.5978,297,0.53,0.576,956,0.59,0.6413,10,0.54,0.5869,10,0
IWM191122P157,2019-11-15,2019-11-15 09:32:35,0.55,0.5978,504,0.53,0.576,712,0.59,0.6413,10,0.54,0.5869,10,0
IWM191122P157,2019-11-15,2019-11-15 09:32:35,0.55,0.5978,400,0.53,0.576,769,0.59,0.6413,10,0.54,0.5869,10,0
IWM191122P157,2019-11-15,2019-11-15 09:32:36,0.55,0.5978,504,0.53,0.576,712,0.59,0.6413,10,0.54,0.5869,10,0
IWM191122P157,2019-11-15,2019-11-15 09:32:36,0.55,0.5978,622,0.54,0.5869,18,0.59,0.6413,10,0.545,0.5923,10,0
IWM191122P157,2019-11-15,2019-11-15 09:32:37,0.55,0.5978,667,0.53,0.576,55,0.59,0.6413,10,0.54,0.5869,10,0
IWM191122P157,2019-11-15,2019-11-15 09:32:37,0.55,0.5978,644,0.53,0.576,194,0.59,0.6413,10,0.54,0.5869,10,0
IWM191122P157,2019-11-15,2019-11-15 09:32:38,0.55,0.5978,615,0.53,0.576,39,0.59,0.6413,10,0.54,0.5869,10,0
IWM191122P157,2019-11-15,2019-11-15 09:32:38,0.55,0.5978,615,0.53,0.576,245,0.59,0.6413,10,0.54,0.5869,10,0
IWM191122P157,2019-11-15,2019-11-15 09:32:39,0.55,0.5978,139,0.54,0.5869,18,0.59,0.6413,10,0.545,0.5923,10,0
IWM191122P157,2019-11-15,2019-11-15 09:32:39,0.55,0.5978,822,0.53,0.576,69,0.59,0.6413,10,0.54,0.5869,10,0
IWM191122P157,2019-11-15,2019-11-15 09:32:40,0.56,0.6086,389,0.54,0.5869,457,0.59,0.6413,10,0.55,0.5978,10,0
IWM191122P157,2019-11-15,2019-11-15 09:32:40,0.56,0.6086,175,0.54,0.5869,136,0.59,0.6413,10,0.55,0.5978,10,0
IWM191122P157,2019-11-15,2019-11-15 09:32:41,0.56,0.6086,389,0.54,0.5869,139,0.59,0.6413,10,0.55,0.5978,10,0
IWM191122P157,2019-11-15,2019-11-15 09:32:41,0.56,0.6086,471,0.54,0.5869,457,0.59,0.6413,10,0.55,0.5978,10,0
IWM191122P157,2019-11-15,2019-11-15 09:32:42,0.56,0.6086,643,0.54,0.5869,422,0.59,0.6413,10,0.55,0.5978,10,0
IWM191122P157,2019-11-15,2019-11-15 09:32:42,0.56,0.6086,389,0.55,0.5978,18,0.59,0.6413,10,0.555,0.6032,10,0
IWM191122P157,2019-11-15,2019-11-15 09:32:43,0.56,0.6086,74,0.55,0.5978,13,0.59,0.6413,10,0.555,0.6032,10,0
IWM191122P157,2019-11-15,2019-11-15 09:32:43,0.56,0.6086,161,0.55,0.5978,7,0.59,0.6413,10,0.555,0.6032,10,0
IWM191122P157,2019-11-15,2019-11-15 09:32:44,0.56,0.6086,74,0.55,0.5978,13,0.59,0.6413,10,0.555,0.6032,10,0
IWM191122P157,2019-11-15,2019-11-15 09:32:44,0.56,0.6086,74,0.55,0.5978,22,0.59,0.6413,10,0.555,0.6032,10,0
IWM191122P157,2019-11-15,2019-11-15 09:32:45,0.56,0.6086,31,0.55,0.5978,41,0.59,0.6413,10,0.555,0.6032,10,0
IWM191122P157,2019-11-15,2019-11-15 09:32:45,0.57,0.6195,794,0.55,0.5978,27,0.59,0.6413,10,0.56,0.6086,10,0
IWM191122P157,2019-11-15,2019-11-15 09:32:46,0.57,0.6195,794,0.55,0.5978,122,0.59,0.6413,10,0.56,0.6086,10,0
IWM191122P157,2019-11-15,2019-11-15 09:32:46,0.57,0.6195,711,0.55,0.5978,203,0.59,0.6413,10,0.56,0.6086,10,0
IWM191122P157,2019-11-15,2019-11-15 09:32:47,0.57,0.6195,216,0.56,0.6086,2,0.59,0.6413,10,0.565,0.6141,10,0
IWM191122P157,2019-11-15,2019-11-15 09:32:48,0.57,0.6195,216,0.56,0.6086,2,0.59,0.6413,10,0.565,0.6141,10,0
IWM191122P157,2019-11-15,2019-11-15 09:32:49,0.57,0.6195,216,0.56,0.6086,2,0.59,0.6413,10,0.565,0.6141,10,0
IWM191122P157,2019-11-15,2019-11-15 09:32:50,0.58,0.6304,140,0.56,0.6086,614,0.59,0.6413,10,0.57,0.6195,10,0
IWM191122P157,2019-11-15,2019-11-15 09:32:50,0.57,0.6195,10,0.56,0.6086,214,0.59,0.6413,10,0.565,0.6141,10,0
IWM191122P157,2019-11-15,2019-11-15 09:32:51,0.58,0.6304,298,0.57,0.6195,18,0.59,0.6413,10,0.575,0.625,10,0
IWM191122P157,2019-11-15,2019-11-15 09:32:51,0.58,0.6304,205,0.56,0.6086,535,0.59,0.6413,10,0.57,0.6195,10,0
IWM191122P157,2019-11-15,2019-11-15 09:32:52,0.58,0.6304,253,0.57,0.6195,18,0.59,0.6413,10,0.575,0.625,10,0
IWM191122P157,2019-11-15,2019-11-15 09:32:52,0.58,0.6304,308,0.57,0.6195,18,0.59,0.6413,10,0.575,0.625,10,0
IWM191122P157,2019-11-15,2019-11-15 09:32:53,0.58,0.6304,16,0.57,0.6195,13,0.59,0.6413,10,0.575,0.625,10,0
IWM191122P157,2019-11-15,2019-11-15 09:32:53,0.58,0.6304,10,0.57,0.6195,26,0.59,0.6413,10,0.575,0.625,10,0
IWM191122P157,2019-11-15,2019-11-15 09:32:54,0.59,0.6413,734,0.57,0.6195,204,0.59,0.6413,10,0.58,0.6304,10,0
IWM191122P157,2019-11-15,2019-11-15 09:32:54,0.59,0.6413,734,0.57,0.6195,183,0.59,0.6413,10,0.58,0.6304,10,0
IWM191122P157,2019-11-15,2019-11-15 09:32:55,0.58,0.6304,35,0.57,0.6195,53,0.59,0.6413,10,0.575,0.625,10,0
IWM191122P157,2019-11-15,2019-11-15 09:32:55,0.59,0.6413,100,0.57,0.6195,123,0.59,0.6413,10,0.58,0.6304,10,0
IWM191122P157,2019-11-15,2019-11-15 09:32:56,0.59,0.6413,47,0.58,0.6304,11,0.59,0.6413,10,0.585,0.6358,10,0
IWM191122P157,2019-11-15,2019-11-15 09:32:57,0.59,0.6413,50,0.58,0.6304,11,0.59,0.6413,10,0.585,0.6358,10,0
IWM191122P157,2019-11-15,2019-11-15 09:32:57,0.59,0.6413,25,0.57,0.6195,347,0.59,0.6413,10,0.58,0.6304,10,0
IWM191122P157,2019-11-15,2019-11-15 09:32:58,0.59,0.6413,59,0.58,0.6304,18,0.59,0.6413,10,0.585,0.6358,10,0
IWM191122P157,2019-11-15,2019-11-15 09:32:58,0.59,0.6413,45,0.58,0.6304,18,0.59,0.6413,10,0.585,0.6358,10,0
IWM191122P157,2019-11-15,2019-11-15 09:32:59,0.59,0.6413,59,0.58,0.6304,121,0.59,0.6413,10,0.585,0.6358,10,0
IWM191122P157,2019-11-15,2019-11-15 09:32:59,0.59,0.6413,59,0.58,0.6304,92,0.59,0.6413,10,0.585,0.6358,10,0
IWM191122P157,2019-11-15,2019-11-15 09:33:00,0.58,0.6304,103,0.56,0.6086,193,0.59,0.6413,10,0.57,0.6195,10,0
IWM191122P157,2019-11-15,2019-11-15 09:33:00,0.59,0.6413,291,0.58,0.6304,121,0.59,0.6413,10,0.585,0.6358,10,0
IWM191122P157,2019-11-15,2019-11-15 09:33:01,0.58,0.6304,635,0.57,0.6195,91,0.59,0.6413,10,0.575,0.625,10,0
IWM191122P157,2019-11-15,2019-11-15 09:33:02,0.59,0.6413,533,0.57,0.6195,234,0.59,0.6413,10,0.58,0.6304,10,0
IWM191122P157,2019-11-15,2019-11-15 09:33:02,0.59,0.6413,405,0.57,0.6195,111,0.59,0.6413,10,0.58,0.6304,10,0
IWM191122P157,2019-11-15,2019-11-15 09:33:03,0.59,0.6413,46,0.58,0.6304,85,0.59,0.6413,10,0.585,0.6358,10,0
IWM191122P157,2019-11-15,2019-11-15 09:33:03,0.59,0.6413,352,0.58,0.6304,7,0.59,0.6413,10,0.585,0.6358,10,0
IWM191122P157,2019-11-15,2019-11-15 09:33:04,0.59,0.6413,1,0.58,0.6304,119,0.59,0.6413,10,0.585,0.6358,10,0
IWM191122P157,2019-11-15,2019-11-15 09:33:04,0.6,0.6521,433,0.58,0.6304,195,0.59,0.6413,10,0.59,0.6413,10,0
IWM191122P157,2019-11-15,2019-11-15 09:33:05,0.6,0.6521,54,0.59,0.6413,78,0.59,0.6413,10,0.595,0.6467,10,0
IWM191122P157,2019-11-15,2019-11-15 09:33:06,0.6,0.6521,46,0.59,0.6413,78,0.59,0.6413,10,0.595,0.6467,10,0
IWM191122P157,2019-11-15,2019-11-15 09:33:06,0.6,0.6521,590,0.58,0.6304,93,0.59,0.6413,10,0.59,0.6413,10,0
IWM191122P157,2019-11-15,2019-11-15 09:33:07,0.59,0.6413,22,0.58,0.6304,83,0.59,0.6413,10,0.585,0.6358,10,0
IWM191122P157,2019-11-15,2019-11-15 09:33:07,0.59,0.6413,29,0.58,0.6304,134,0.59,0.6413,10,0.585,0.6358,10,0
IWM191122P157,2019-11-15,2019-11-15 09:33:08,0.6,0.6521,535,0.58,0.6304,204,0.59,0.6413,10,0.59,0.6413,10,0
IWM191122P157,2019-11-15,2019-11-15 09:33:08,0.6,0.6521,535,0.58,0.6304,252,0.59,0.6413,10,0.59,0.6413,10,0
IWM191122P157,2019-11-15,2019-11-15 09:33:09,0.6,0.6521,509,0.59,0.6413,18,0.59,0.6413,10,0.595,0.6467,10,0
IWM191122P157,2019-11-15,2019-11-15 09:33:09,0.6,0.6521,694,0.58,0.6304,306,0.59,0.6413,10,0.59,0.6413,10,0
IWM191122P157,2019-11-15,2019-11-15 09:33:10,0.6,0.6521,386,0.59,0.6413,18,0.59,0.6413,10,0.595,0.6467,10,0
IWM191122P157,2019-11-15,2019-11-15 09:33:10,0.6,0.6521,386,0.59,0.6413,11,0.59,0.6413,10,0.595,0.6467,10,0
IWM191122P157,2019-11-15,2019-11-15 09:33:11,0.6,0.6521,683,0.58,0.6304,126,0.59,0.6413,10,0.59,0.6413,10,0
IWM191122P157,2019-11-15,2019-11-15 09:33:11,0.6,0.6521,683,0.59,0.6413,18,0.59,0.6413,10,0.595,0.6467,10,0
IWM191122P157,2019-11-15,2019-11-15 09:33:12,0.6,0.6521,241,0.58,0.6304,161,0.59,0.6413,10,0.59,0.6413,10,0
IWM191122P157,2019-11-15,2019-11-15 09:33:12,0.6,0.6521,459,0.59,0.6413,18,0.59,0.6413,10,0.595,0.6467,10,0
IWM191122P157,2019-11-15,2019-11-15 09:33:13,0.6,0.6521,520,0.59,0.6413,18,0.59,0.6413,10,0.595,0.6467,10,0
IWM191122P157,2019-11-15,2019-11-15 09:33:13,0.6,0.6521,656,0.58,0.6304,123,0.59,0.6413,10,0.59,0.6413,10,0
IWM191122P157,2019-11-15,2019-11-15 09:33:14,0.6,0.6521,656,0.58,0.6304,116,0.59,0.6413,10,0.59,0.6413,10,0
IWM191122P157,2019-11-15,2019-11-15 09:33:14,0.59,0.6413,88,0.58,0.6304,116,0.59,0.6413,10,0.585,0.6358,10,0
IWM191122P157,2019-11-15,2019-11-15 09:33:15,0.59,0.6413,88,0.58,0.6304,116,0.59,0.6413,10,0.585,0.6358,10,0
IWM191122P157,2019-11-15,2019-11-15 09:33:15,0.59,0.6413,361,0.58,0.6304,14,0.59,0.6413,10,0.585,0.6358,10,0
IWM191122P157,2019-11-15,2019-11-15 09:33:16,0.58,0.6304,48,0.57,0.6195,157,0.59,0.6413,10,0.575,0.625,10,0
IWM191122P157,2019-11-15,2019-11-15 09:33:16,0.58,0.6304,66,0.57,0.6195,17,0.59,0.6413,10,0.575,0.625,10,0
IWM191122P157,2019-11-15,2019-11-15 09:33:17,0.58,0.6304,534,0.56,0.6086,81,0.59,0.6413,10,0.57,0.6195,10,0
IWM191122P157,2019-11-15,2019-11-15 09:33:17,0.58,0.6304,693,0.56,0.6086,196,0.59,0.6413,10,0.57,0.6195,10,0
IWM191122P157,2019-11-15,2019-11-15 09:33:18,0.58,0.6304,133,0.56,0.6086,355,0.59,0.6413,10,0.57,0.6195,10,0
IWM191122P157,2019-11-15,2019-11-15 09:33:18,0.58,0.6304,46,0.57,0.6195,96,0.59,0.6413,10,0.575,0.625,10,0
IWM191122P157,2019-11-15,2019-11-15 09:33:19,0.6,0.6521,213,0.58,0.6304,21,0.59,0.6413,10,0.59,0.6413,10,0
IWM191122P157,2019-11-15,2019-11-15 09:33:19,0.59,0.6413,395,0.57,0.6195,120,0.59,0.6413,10,0.58,0.6304,10,0
IWM191122P157,2019-11-15,2019-11-15 09:33:20,0.59,0.6413,74,0.58,0.6304,99,0.59,0.6413,10,0.585,0.6358,10,0
IWM191122P157,2019-11-15,2019-11-15 09:33:20,0.59,0.6413,74,0.58,0.6304,112,0.59,0.6413,10,0.585,0.6358,10,0
IWM191122P157,2019-11-15,2019-11-15 09:33:21,0.59,0.6413,12,0.58,0.6304,98,0.59,0.6413,10,0.585,0.6358,10,0
IWM191122P157,2019-11-15,2019-11-15 09:33:22,0.6,0.6521,540,0.58,0.6304,98,0.59,0.6413,10,0.59,0.6413,10,0
IWM191122P157,2019-11-15,2019-11-15 09:33:22,0.59,0.6413,51,0.58,0.6304,115,0.59,0.6413,10,0.585,0.6358,10,0
IWM191122P157,2019-11-15,2019-11-15 09:33:23,0.59,0.6413,74,0.58,0.6304,123,0.59,0.6413,10,0.585,0.6358,10,0
IWM191122P157,2019-11-15,2019-11-15 09:33:24,0.59,0.6413,186,0.57,0.6195,441,0.59,0.6413,10,0.58,0.6304,10,0
IWM191122P157,2019-11-15,2019-11-15 09:33:24,0.59,0.6413,111,0.58,0.6304,96,0.59,0.6413,10,0.585,0.6358,10,0
IWM191122P157,2019-11-15,2019-11-15 09:33:25,0.59,0.6413,83,0.57,0.6195,257,0.59,0.6413,10,0.58,0.6304,10,0
IWM191122P157,2019-11-15,2019-11-15 09:33:25,0.59,0.6413,121,0.57,0.6195,663,0.59,0.6413,10,0.58,0.6304,10,0
IWM191122P157,2019-11-15,2019-11-15 09:33:26,0.59,0.6413,26,0.57,0.6195,526,0.59,0.6413,10,0.58,0.6304,10,0
IWM191122P157,2019-11-15,2019-11-15 09:33:26,0.59,0.6413,70,0.57,0.6195,165,0.59,0.6413,10,0.58,0.6304,10,0
IWM191122P157,2019-11-15,2019-11-15 09:33:27,0.59,0.6413,26,0.57,0.6195,526,0.59,0.6413,10,0.58,0.6304,10,0
IWM191122P157,2019-11-15,2019-11-15 09:33:27,0.59,0.6413,621,0.57,0.6195,155,0.59,0.6413,10,0.58,0.6304,10,0
IWM191122P157,2019-11-15,2019-11-15 09:33:28,0.59,0.6413,275,0.58,0.6304,53,0.59,0.6413,10,0.585,0.6358,10,0
IWM191122P157,2019-11-15,2019-11-15 09:33:28,0.59,0.6413,730,0.57,0.6195,130,0.59,0.6413,10,0.58,0.6304,10,0
IWM191122P157,2019-11-15,2019-11-15 09:33:29,0.59,0.6413,207,0.58,0.6304,51,0.58,0.6304,1,0.585,0.6358,11,1
IWM191122P157,2019-11-15,2019-11-15 09:33:29,0.59,0.6413,103,0.58,0.6304,83,0.59,0.6413,10,0.585,0.6358,10,0
IWM191122P157,2019-11-15,2019-11-15 09:33:30,0.59,0.6413,79,0.58,0.6304,58,0.58,0.6304,1,0.585,0.6358,11,0
IWM191122P157,2019-11-15,2019-11-15 09:33:30,0.59,0.6413,207,0.58,0.6304,61,0.58,0.6304,1,0.585,0.6358,11,0
IWM191122P157,2019-11-15,2019-11-15 09:33:31,0.59,0.6413,49,0.58,0.6304,83,0.58,0.6304,1,0.585,0.6358,11,0
IWM191122P157,2019-11-15,2019-11-15 09:33:31,0.59,0.6413,118,0.58,0.6304,83,0.58,0.6304,1,0.585,0.6358,11,0
IWM191122P157,2019-11-15,2019-11-15 09:33:32,0.59,0.6413,174,0.58,0.6304,83,0.58,0.6304,1,0.585,0.6358,11,0
IWM191122P157,2019-11-15,2019-11-15 09:33:32,0.59,0.6413,200,0.58,0.6304,83,0.58,0.6304,1,0.585,0.6358,11,0
IWM191122P157,2019-11-15,2019-11-15 09:33:33,0.59,0.6413,203,0.58,0.6304,58,0.58,0.6304,1,0.585,0.6358,11,0
IWM191122P157,2019-11-15,2019-11-15 09:33:33,0.59,0.6413,174,0.58,0.6304,83,0.58,0.6304,1,0.585,0.6358,11,0
IWM191122P157,2019-11-15,2019-11-15 09:33:34,0.6,0.6521,91,0.58,0.6304,71,0.58,0.6304,1,0.59,0.6413,11,0
IWM191122P157,2019-11-15,2019-11-15 09:33:34,0.6,0.6521,70,0.58,0.6304,376,0.58,0.6304,1,0.59,0.6413,11,0
IWM191122P157,2019-11-15,2019-11-15 09:33:35,0.6,0.6521,70,0.58,0.6304,404,0.58,0.6304,1,0.59,0.6413,11,0
IWM191122P157,2019-11-15,2019-11-15 09:33:35,0.61,0.663,268,0.59,0.6413,104,0.58,0.6304,1,0.6,0.6521,11,0
IWM191122P157,2019-11-15,2019-11-15 09:33:36,0.61,0.663,263,0.59,0.6413,137,0.58,0.6304,1,0.6,0.6521,11,0
IWM191122P157,2019-11-15,2019-11-15 09:33:37,0.6,0.6521,105,0.58,0.6304,242,0.58,0.6304,1,0.59,0.6413,11,0
IWM191122P157,2019-11-15,2019-11-15 09:33:38,0.6,0.6521,105,0.58,0.6304,450,0.58,0.6304,1,0.59,0.6413,11,0
IWM191122P157,2019-11-15,2019-11-15 09:33:38,0.6,0.6521,181,0.58,0.6304,517,0.58,0.6304,1,0.59,0.6413,11,0
IWM191122P157,2019-11-15,2019-11-15 09:33:39,0.6,0.6521,260,0.58,0.6304,554,0.58,0.6304,1,0.59,0.6413,11,0
IWM191122P157,2019-11-15,2019-11-15 09:33:39,0.6,0.6521,107,0.58,0.6304,782,0.58,0.6304,1,0.59,0.6413,11,0
IWM191122P157,2019-11-15,2019-11-15 09:33:40,0.6,0.6521,189,0.58,0.6304,597,0.58,0.6304,1,0.59,0.6413,11,0
IWM191122P157,2019-11-15,2019-11-15 09:33:40,0.6,0.6521,91,0.58,0.6304,597,0.58,0.6304,1,0.59,0.6413,11,0
IWM191122P157,2019-11-15,2019-11-15 09:33:41,0.6,0.6521,776,0.58,0.6304,155,0.58,0.6304,1,0.59,0.6413,11,0
IWM191122P157,2019-11-15,2019-11-15 09:33:42,0.6,0.6521,138,0.59,0.6413,48,0.58,0.6304,1,0.595,0.6467,11,0
IWM191122P157,2019-11-15,2019-11-15 09:33:42,0.6,0.6521,776,0.59,0.6413,50,0.58,0.6304,1,0.595,0.6467,11,0
IWM191122P157,2019-11-15,2019-11-15 09:33:43,0.6,0.6521,203,0.59,0.6413,46,0.58,0.6304,1,0.595,0.6467,11,0
IWM191122P157,2019-11-15,2019-11-15 09:33:43,0.6,0.6521,540,0.59,0.6413,46,0.58,0.6304,1,0.595,0.6467,11,0
IWM191122P157,2019-11-15,2019-11-15 09:33:44,0.6,0.6521,600,0.58,0.6304,80,0.58,0.6304,1,0.59,0.6413,11,0
IWM191122P157,2019-11-15,2019-11-15 09:33:44,0.6,0.6521,708,0.58,0.6304,162,0.58,0.6304,1,0.59,0.6413,11,0
IWM191122P157,2019-11-15,2019-11-15 09:33:45,0.6,0.6521,711,0.58,0.6304,140,0.58,0.6304,1,0.59,0.6413,11,0
IWM191122P157,2019-11-15,2019-11-15 09:33:46,0.59,0.6413,253,0.58,0.6304,35,0.6,0.6521,4,0.585,0.6358,15,4
IWM191122P157,2019-11-15,2019-11-15 09:33:47,0.59,0.6413,55,0.58,0.6304,76,0.6,0.6521,4,0.585,0.6358,15,0
IWM191122P157,2019-11-15,2019-11-15 09:33:47,0.59,0.6413,74,0.58,0.6304,16,0.6,0.6521,4,0.585,0.6358,15,0
IWM191122P157,2019-11-15,2019-11-15 09:33:48,0.61,0.663,353,0.58,0.6304,491,0.6,0.6521,4,0.595,0.6467,15,0
IWM191122P157,2019-11-15,2019-11-15 09:33:49,0.61,0.663,47,0.59,0.6413,88,0.6,0.6521,4,0.6,0.6521,15,0
IWM191122P157,2019-11-15,2019-11-15 09:33:49,0.61,0.663,74,0.6,0.6521,10,0.6,0.6521,4,0.605,0.6576,15,0
IWM191122P157,2019-11-15,2019-11-15 09:33:50,0.61,0.663,187,0.59,0.6413,119,0.6,0.6521,4,0.6,0.6521,15,0
IWM191122P157,2019-11-15,2019-11-15 09:33:50,0.61,0.663,187,0.6,0.6521,32,0.6,0.6521,4,0.605,0.6576,15,0
IWM191122P157,2019-11-15,2019-11-15 09:33:51,0.61,0.663,187,0.6,0.6521,18,0.6,0.6521,4,0.605,0.6576,15,0
IWM191122P157,2019-11-15,2019-11-15 09:33:52,0.61,0.663,47,0.6,0.6521,20,0.6,0.6521,4,0.605,0.6576,15,0
IWM191122P157,2019-11-15,2019-11-15 09:33:52,0.61,0.663,187,0.6,0.6521,18,0.6,0.6521,4,0.605,0.6576,15,0
IWM191122P157,2019-11-15,2019-11-15 09:33:53,0.61,0.663,56,0.6,0.6521,20,0.6,0.6521,4,0.605,0.6576,15,0
IWM191122P157,2019-11-15,2019-11-15 09:33:54,0.61,0.663,56,0.6,0.6521,20,0.6,0.6521,4,0.605,0.6576,15,0
IWM191122P157,2019-11-15,2019-11-15 09:33:55,0.62,0.6739,171,0.6,0.6521,317,0.6,0.6521,4,0.61,0.663,15,0
IWM191122P157,2019-11-15,2019-11-15 09:33:55,0.62,0.6739,176,0.6,0.6521,401,0.6,0.6521,4,0.61,0.663,15,0
IWM191122P157,2019-11-15,2019-11-15 09:33:56,0.62,0.6739,40,0.6,0.6521,247,0.6,0.6521,4,0.61,0.663,15,0
IWM191122P157,2019-11-15,2019-11-15 09:33:56,0.62,0.6739,343,0.6,0.6521,672,0.6,0.6521,4,0.61,0.663,15,0
IWM191122P157,2019-11-15,2019-11-15 09:33:57,0.62,0.6739,411,0.6,0.6521,68,0.6,0.6521,4,0.61,0.663,15,0
IWM191122P157,2019-11-15,2019-11-15 09:33:57,0.62,0.6739,625,0.6,0.6521,68,0.6,0.6521,4,0.61,0.663,15,0
IWM191122P157,2019-11-15,2019-11-15 09:33:58,0.62,0.6739,586,0.6,0.6521,78,0.6,0.6521,4,0.61,0.663,15,0
IWM191122P157,2019-11-15,2019-11-15 09:33:58,0.62,0.6739,102,0.61,0.663,18,0.6,0.6521,4,0.615,0.6684,15,0
IWM191122P157,2019-11-15,2019-11-15 09:33:59,0.62,0.6739,124,0.6,0.6521,133,0.6,0.6521,4,0.61,0.663,15,0
IWM191122P157,2019-11-15,2019-11-15 09:33:59,0.62,0.6739,228,0.6,0.6521,299,0.6,0.6521,4,0.61,0.663,15,0
IWM191122P157,2019-11-15,2019-11-15 09:34:00,0.62,0.6739,97,0.61,0.663,14,0.6,0.6521,4,0.615,0.6684,15,0
IWM191122P157,2019-11-15,2019-11-15 09:34:00,0.62,0.6739,228,0.6,0.6521,299,0.6,0.6521,4,0.61,0.663,15,0
IWM191122P157,2019-11-15,2019-11-15 09:34:01,0.63,0.6847,423,0.61,0.663,52,0.6,0.6521,4,0.62,0.6739,15,0
IWM191122P157,2019-11-15,2019-11-15 09:34:01,0.62,0.6739,134,0.61,0.663,18,0.6,0.6521,4,0.615,0.6684,15,0
IWM191122P157,2019-11-15,2019-11-15 09:34:02,0.62,0.6739,47,0.61,0.663,69,0.6,0.6521,4,0.615,0.6684,15,0
IWM191122P157,2019-11-15,2019-11-15 09:34:02,0.62,0.6739,78,0.61,0.663,23,0.6,0.6521,4,0.615,0.6684,15,0
IWM191122P157,2019-11-15,2019-11-15 09:34:03,0.62,0.6739,47,0.61,0.663,24,0.6,0.6521,4,0.615,0.6684,15,0
IWM191122P157,2019-11-15,2019-11-15 09:34:03,0.62,0.6739,47,0.61,0.663,126,0.6,0.6521,4,0.615,0.6684,15,0
IWM191122P157,2019-11-15,2019-11-15 09:34:04,0.63,0.6847,49,0.62,0.6739,21,0.6,0.6521,4,0.625,0.6793,15,0
IWM191122P157,2019-11-15,2019-11-15 09:34:04,0.63,0.6847,177,0.61,0.663,126,0.6,0.6521,4,0.62,0.6739,15,0
IWM191122P157,2019-11-15,2019-11-15 09:34:05,0.63,0.6847,49,0.62,0.6739,18,0.6,0.6521,4,0.625,0.6793,15,0
IWM191122P157,2019-11-15,2019-11-15 09:34:05,0.63,0.6847,57,0.62,0.6739,18,0.6,0.6521,4,0.625,0.6793,15,0
IWM191122P157,2019-11-15,2019-11-15 09:34:06,0.63,0.6847,57,0.62,0.6739,18,0.6,0.6521,4,0.625,0.6793,15,0
IWM191122P157,2019-11-15,2019-11-15 09:34:06,0.63,0.6847,57,0.62,0.6739,78,0.6,0.6521,4,0.625,0.6793,15,0
IWM191122P157,2019-11-15,2019-11-15 09:34:07,0.63,0.6847,569,0.6,0.6521,181,0.6,0.6521,4,0.615,0.6684,15,0
IWM191122P157,2019-11-15,2019-11-15 09:34:07,0.63,0.6847,168,0.62,0.6739,79,0.6,0.6521,4,0.625,0.6793,15,0
IWM191122P157,2019-11-15,2019-11-15 09:34:08,0.62,0.6739,104,0.6,0.6521,302,0.6,0.6521,4,0.61,0.663,15,0
IWM191122P157,2019-11-15,2019-11-15 09:34:09,0.62,0.6739,101,0.6,0.6521,525,0.6,0.6521,4,0.61,0.663,15,0
IWM191122P157,2019-11-15,2019-11-15 09:34:09,0.61,0.663,78,0.6,0.6521,124,0.6,0.6521,4,0.605,0.6576,21,6
IWM191122P157,2019-11-15,2019-11-15 09:34:10,0.61,0.663,239,0.59,0.6413,539,0.61,0.663,6,0.6,0.6521,21,0
IWM191122P157,2019-11-15,2019-11-15 09:34:10,0.61,0.663,105,0.6,0.6521,18,0.61,0.663,6,0.605,0.6576,21,0
IWM191122P157,2019-11-15,2019-11-15 09:34:11,0.61,0.663,78,0.59,0.6413,548,0.61,0.663,6,0.6,0.6521,21,0
IWM191122P157,2019-11-15,2019-11-15 09:34:11,0.62,0.6739,635,0.59,0.6413,512,0.61,0.663,6,0.605,0.6576,21,0
IWM191122P157,2019-11-15,2019-11-15 09:34:12,0.61,0.663,148,0.6,0.6521,11,0.61,0.663,6,0.605,0.6576,21,0
IWM191122P157,2019-11-15,2019-11-15 09:34:12,0.61,0.663,12,0.59,0.6413,512,0.61,0.663,6,0.6,0.6521,21,0
IWM191122P157,2019-11-15,2019-11-15 09:34:13,0.61,0.663,135,0.59,0.6413,39,0.61,0.663,6,0.6,0.6521,21,0
IWM191122P157,2019-11-15,2019-11-15 09:34:13,0.61,0.663,260,0.6,0.6521,10,0.61,0.663,6,0.605,0.6576,21,0
IWM191122P157,2019-11-15,2019-11-15 09:34:14,0.61,0.663,763,0.6,0.6521,10,0.61,0.663,6,0.605,0.6576,21,0
IWM191122P157,2019-11-15,2019-11-15 09:34:14,0.61,0.663,345,0.6,0.6521,10,0.61,0.663,6,0.605,0.6576,21,0
IWM191122P157,2019-11-15,2019-11-15 09:34:15,0.61,0.663,471,0.59,0.6413,77,0.61,0.663,6,0.6,0.6521,21,0
IWM191122P157,2019-11-15,2019-11-15 09:34:16,0.61,0.663,565,0.59,0.6413,174,0.61,0.663,6,0.6,0.6521,21,0
IWM191122P157,2019-11-15,2019-11-15 09:34:16,0.61,0.663,468,0.59,0.6413,119,0.61,0.663,6,0.6,0.6521,21,0
IWM191122P157,2019-11-15,2019-11-15 09:34:17,0.61,0.663,492,0.59,0.6413,168,0.61,0.663,6,0.6,0.6521,21,0
IWM191122P157,2019-11-15,2019-11-15 09:34:17,0.61,0.663,492,0.59,0.6413,383,0.61,0.663,6,0.6,0.6521,21,0
IWM191122P157,2019-11-15,2019-11-15 09:34:18,0.62,0.6739,165,0.6,0.6521,265,0.61,0.663,6,0.61,0.663,21,0
IWM191122P157,2019-11-15,2019-11-15 09:34:18,0.62,0.6739,47,0.61,0.663,11,0.61,0.663,6,0.615,0.6684,21,0
IWM191122P157,2019-11-15,2019-11-15 09:34:19,0.62,0.6739,172,0.6,0.6521,54,0.61,0.663,6,0.61,0.663,21,0
IWM191122P157,2019-11-15,2019-11-15 09:34:19,0.62,0.6739,271,0.6,0.6521,415,0.61,0.663,6,0.61,0.663,21,0
IWM191122P157,2019-11-15,2019-11-15 09:34:20,0.61,0.663,127,0.6,0.6521,23,0.61,0.663,6,0.605,0.6576,21,0
IWM191122P157,2019-11-15,2019-11-15 09:34:20,0.62,0.6739,723,0.6,0.6521,30,0.61,0.663,6,0.61,0.663,21,0
IWM191122P157,2019-11-15,2019-11-15 09:34:21,0.61,0.663,218,0.6,0.6521,10,0.61,0.663,6,0.605,0.6576,21,0
IWM191122P157,2019-11-15,2019-11-15 09:34:21,0.61,0.663,159,0.6,0.6521,23,0.61,0.663,6,0.605,0.6576,21,0
IWM191122P157,2019-11-15,2019-11-15 09:34:22,0.61,0.663,218,0.6,0.6521,10,0.61,0.663,6,0.605,0.6576,21,0
IWM191122P157,2019-11-15,2019-11-15 09:34:22,0.61,0.663,317,0.6,0.6521,10,0.61,0.663,6,0.605,0.6576,21,0
IWM191122P157,2019-11-15,2019-11-15 09:34:23,0.61,0.663,199,0.6,0.6521,10,0.61,0.663,6,0.605,0.6576,21,0
IWM191122P157,2019-11-15,2019-11-15 09:34:24,0.61,0.663,208,0.59,0.6413,507,0.61,0.663,6,0.6,0.6521,21,0
IWM191122P157,2019-11-15,2019-11-15 09:34:24,0.61,0.663,199,0.6,0.6521,20,0.61,0.663,6,0.605,0.6576,21,0
IWM191122P157,2019-11-15,2019-11-15 09:34:25,0.61,0.663,460,0.6,0.6521,10,0.61,0.663,6,0.605,0.6576,21,0
IWM191122P157,2019-11-15,2019-11-15 09:34:25,0.61,0.663,208,0.6,0.6521,1,0.61,0.663,6,0.605,0.6576,21,0
IWM191122P157,2019-11-15,2019-11-15 09:34:26,0.61,0.663,100,0.6,0.6521,10,0.61,0.663,6,0.605,0.6576,21,0
IWM191122P157,2019-11-15,2019-11-15 09:34:26,0.61,0.663,78,0.6,0.6521,10,0.61,0.663,6,0.605,0.6576,21,0
IWM191122P157,2019-11-15,2019-11-15 09:34:27,0.61,0.663,78,0.6,0.6521,10,0.61,0.663,6,0.605,0.6576,21,0
IWM191122P157,2019-11-15,2019-11-15 09:34:28,0.61,0.663,137,0.6,0.6521,3,0.61,0.663,6,0.605,0.6576,21,0
IWM191122P157,2019-11-15,2019-11-15 09:34:28,0.61,0.663,288,0.6,0.6521,3,0.61,0.663,6,0.605,0.6576,21,0
IWM191122P157,2019-11-15,2019-11-15 09:34:29,0.61,0.663,109,0.6,0.6521,10,0.61,0.663,6,0.605,0.6576,21,0
IWM191122P157,2019-11-15,2019-11-15 09:34:29,0.61,0.663,109,0.6,0.6521,3,0.61,0.663,6,0.605,0.6576,21,0
IWM191122P157,2019-11-15,2019-11-15 09:34:30,0.61,0.663,109,0.6,0.6521,10,0.61,0.663,6,0.605,0.6576,21,0
IWM191122P157,2019-11-15,2019-11-15 09:34:30,0.61,0.663,144,0.59,0.6413,114,0.61,0.663,6,0.6,0.6521,21,0
IWM191122P157,2019-11-15,2019-11-15 09:34:31,0.61,0.663,507,0.59,0.6413,441,0.61,0.663,6,0.6,0.6521,21,0
IWM191122P157,2019-11-15,2019-11-15 09:34:31,0.61,0.663,787,0.59,0.6413,138,0.61,0.663,6,0.6,0.6521,21,0
IWM191122P157,2019-11-15,2019-11-15 09:34:32,0.61,0.663,507,0.59,0.6413,580,0.61,0.663,6,0.6,0.6521,21,0
IWM191122P157,2019-11-15,2019-11-15 09:34:33,0.61,0.663,507,0.59,0.6413,580,0.61,0.663,6,0.6,0.6521,21,0
IWM191122P157,2019-11-15,2019-11-15 09:34:34,0.61,0.663,805,0.6,0.6521,18,0.61,0.663,6,0.605,0.6576,21,0
IWM191122P157,2019-11-15,2019-11-15 09:34:34,0.61,0.663,228,0.59,0.6413,580,0.61,0.663,6,0.6,0.6521,21,0
IWM191122P157,2019-11-15,2019-11-15 09:34:35,0.61,0.663,330,0.6,0.6521,18,0.61,0.663,6,0.605,0.6576,21,0
IWM191122P157,2019-11-15,2019-11-15 09:34:35,0.61,0.663,111,0.6,0.6521,61,0.61,0.663,6,0.605,0.6576,21,0
IWM191122P157,2019-11-15,2019-11-15 09:34:36,0.61,0.663,22,0.6,0.6521,71,0.61,0.663,6,0.605,0.6576,21,0
IWM191122P157,2019-11-15,2019-11-15 09:34:36,0.62,0.6739,658,0.6,0.6521,119,0.61,0.663,6,0.61,0.663,21,0
IWM191122P157,2019-11-15,2019-11-15 09:34:37,0.62,0.6739,239,0.6,0.6521,140,0.61,0.663,6,0.61,0.663,21,0
IWM191122P157,2019-11-15,2019-11-15 09:34:37,0.62,0.6739,157,0.6,0.6521,371,0.61,0.663,6,0.61,0.663,21,0
IWM191122P157,2019-11-15,2019-11-15 09:34:38,0.62,0.6739,196,0.6,0.6521,445,0.61,0.663,6,0.61,0.663,21,0
IWM191122P157,2019-11-15,2019-11-15 09:34:38,0.62,0.6739,196,0.6,0.6521,338,0.61,0.663,6,0.61,0.663,21,0
IWM191122P157,2019-11-15,2019-11-15 09:34:39,0.62,0.6739,189,0.6,0.6521,507,0.61,0.663,6,0.61,0.663,21,0
IWM191122P157,2019-11-15,2019-11-15 09:34:39,0.62,0.6739,196,0.6,0.6521,354,0.61,0.663,6,0.61,0.663,21,0
IWM191122P157,2019-11-15,2019-11-15 09:34:40,0.62,0.6739,236,0.61,0.663,18,0.61,0.663,6,0.615,0.6684,21,0
IWM191122P157,2019-11-15,2019-11-15 09:34:40,0.62,0.6739,232,0.61,0.663,12,0.61,0.663,6,0.615,0.6684,21,0
IWM191122P157,2019-11-15,2019-11-15 09:34:41,0.62,0.6739,33,0.61,0.663,15,0.61,0.663,6,0.615,0.6684,21,0
IWM191122P157,2019-11-15,2019-11-15 09:34:42,0.63,0.6847,332,0.61,0.663,609,0.61,0.663,6,0.62,0.6739,21,0
IWM191122P157,2019-11-15,2019-11-15 09:34:42,0.63,0.6847,128,0.61,0.663,104,0.61,0.663,6,0.62,0.6739,21,0
IWM191122P157,2019-11-15,2019-11-15 09:34:43,0.63,0.6847,168,0.62,0.6739,35,0.61,0.663,6,0.625,0.6793,21,0
IWM191122P157,2019-11-15,2019-11-15 09:34:43,0.63,0.6847,96,0.61,0.663,548,0.61,0.663,6,0.62,0.6739,21,0
IWM191122P157,2019-11-15,2019-11-15 09:34:44,0.63,0.6847,15,0.62,0.6739,106,0.61,0.663,6,0.625,0.6793,21,0
IWM191122P157,2019-11-15,2019-11-15 09:34:45,0.63,0.6847,15,0.62,0.6739,16,0.61,0.663,6,0.625,0.6793,21,0
IWM191122P157,2019-11-15,2019-11-15 09:34:45,0.63,0.6847,15,0.62,0.6739,32,0.61,0.663,6,0.625,0.6793,21,0
IWM191122P157,2019-11-15,2019-11-15 09:34:46,0.63,0.6847,183,0.62,0.6739,16,0.61,0.663,6,0.625,0.6793,21,0
IWM191122P157,2019-11-15,2019-11-15 09:34:47,0.63,0.6847,31,0.62,0.6739,16,0.61,0.663,6,0.625,0.6793,21,0
IWM191122P157,2019-11-15,2019-11-15 09:34:47,0.63,0.6847,13,0.61,0.663,431,0.61,0.663,6,0.62,0.6739,21,0
IWM191122P157,2019-11-15,2019-11-15 09:34:48,0.63,0.6847,27,0.61,0.663,576,0.61,0.663,6,0.62,0.6739,21,0
IWM191122P157,2019-11-15,2019-11-15 09:34:48,0.63,0.6847,93,0.62,0.6739,86,0.61,0.663,6,0.625,0.6793,21,0
IWM191122P157,2019-11-15,2019-11-15 09:34:49,0.63,0.6847,51,0.62,0.6739,86,0.61,0.663,6,0.625,0.6793,21,0
IWM191122P157,2019-11-15,2019-11-15 09:34:49,0.64,0.6956,570,0.62,0.6739,137,0.61,0.663,6,0.63,0.6847,21,0
IWM191122P157,2019-11-15,2019-11-15 09:34:50,0.64,0.6956,231,0.62,0.6739,323,0.61,0.663,6,0.63,0.6847,21,0
IWM191122P157,2019-11-15,2019-11-15 09:34:50,0.64,0.6956,317,0.62,0.6739,421,0.61,0.663,6,0.63,0.6847,21,0
IWM191122P157,2019-11-15,2019-11-15 09:34:51,0.64,0.6956,313,0.62,0.6739,436,0.61,0.663,6,0.63,0.6847,21,0
IWM191122P157,2019-11-15,2019-11-15 09:34:51,0.64,0.6956,484,0.63,0.6847,9,0.61,0.663,6,0.635,0.6902,21,0
IWM191122P157,2019-11-15,2019-11-15 09:34:52,0.63,0.6847,61,0.62,0.6739,59,0.61,0.663,6,0.625,0.6793,21,0
IWM191122P157,2019-11-15,2019-11-15 09:34:52,0.64,0.6956,220,0.63,0.6847,18,0.61,0.663,6,0.635,0.6902,21,0
IWM191122P157,2019-11-15,2019-11-15 09:34:53,0.63,0.6847,103,0.62,0.6739,18,0.61,0.663,6,0.625,0.6793,21,0
IWM191122P157,2019-11-15,2019-11-15 09:34:53,0.63,0.6847,215,0.62,0.6739,18,0.61,0.663,6,0.625,0.6793,21,0
IWM191122P157,2019-11-15,2019-11-15 09:34:54,0.63,0.6847,203,0.62,0.6739,18,0.61,0.663,6,0.625,0.6793,21,0
IWM191122P157,2019-11-15,2019-11-15 09:34:54,0.63,0.6847,203,0.62,0.6739,10,0.61,0.663,6,0.625,0.6793,21,0
IWM191122P157,2019-11-15,2019-11-15 09:34:55,0.63,0.6847,230,0.62,0.6739,20,0.61,0.663,6,0.625,0.6793,21,0
IWM191122P157,2019-11-15,2019-11-15 09:34:56,0.63,0.6847,61,0.62,0.6739,20,0.61,0.663,6,0.625,0.6793,21,0
IWM191122P157,2019-11-15,2019-11-15 09:34:56,0.63,0.6847,106,0.62,0.6739,10,0.61,0.663,6,0.625,0.6793,21,0
IWM191122P157,2019-11-15,2019-11-15 09:34:57,0.63,0.6847,106,0.62,0.6739,10,0.61,0.663,6,0.625,0.6793,21,0
IWM191122P157,2019-11-15,2019-11-15 09:34:58,0.63,0.6847,328,0.61,0.663,187,0.61,0.663,6,0.62,0.6739,21,0
IWM191122P157,2019-11-15,2019-11-15 09:34:58,0.63,0.6847,106,0.62,0.6739,10,0.61,0.663,6,0.625,0.6793,21,0
IWM191122P157,2019-11-15,2019-11-15 09:34:59,0.63,0.6847,347,0.61,0.663,518,0.61,0.663,6,0.62,0.6739,21,0
IWM191122P157,2019-11-15,2019-11-15 09:34:59,0.63,0.6847,363,0.61,0.663,492,0.61,0.663,6,0.62,0.6739,21,0
IWM191122P157,2019-11-15,2019-11-15 09:35:00,0.63,0.6847,347,0.61,0.663,518,0.61,0.663,6,0.62,0.6739,21,0
IWM191122P157,2019-11-15,2019-11-15 09:35:00,0.63,0.6847,554,0.61,0.663,240,0.61,0.663,6,0.62,0.6739,21,0
IWM191122P157,2019-11-15,2019-11-15 09:35:01,0.63,0.6847,523,0.61,0.663,18,0.61,0.663,6,0.62,0.6739,21,0
IWM191122P157,2019-11-15,2019-11-15 09:35:01,0.61,0.663,78,0.6,0.6521,30,0.61,0.663,6,0.605,0.6576,21,0
IWM191122P157,2019-11-15,2019-11-15 09:35:02,0.61,0.663,78,0.6,0.6521,19,0.61,0.663,6,0.605,0.6576,21,0
IWM191122P157,2019-11-15,2019-11-15 09:35:03,0.61,0.663,127,0.6,0.6521,36,0.61,0.663,6,0.605,0.6576,21,0
IWM191122P157,2019-11-15,2019-11-15 09:35:03,0.62,0.6739,31,0.6,0.6521,409,0.61,0.663,6,0.61,0.663,21,0
IWM191122P157,2019-11-15,2019-11-15 09:35:04,0.62,0.6739,364,0.6,0.6521,78,0.61,0.663,6,0.61,0.663,21,0
IWM191122P157,2019-11-15,2019-11-15 09:35:04,0.62,0.6739,519,0.6,0.6521,10,0.61,0.663,6,0.61,0.663,21,0
IWM191122P157,2019-11-15,2019-11-15 09:35:05,0.61,0.663,135,0.6,0.6521,10,0.61,0.663,6,0.605,0.6576,21,0
IWM191122P157,2019-11-15,2019-11-15 09:35:05,0.61,0.663,204,0.6,0.6521,10,0.61,0.663,6,0.605,0.6576,21,0
IWM191122P157,2019-11-15,2019-11-15 09:35:06,0.61,0.663,293,0.6,0.6521,10,0.61,0.663,6,0.605,0.6576,21,0
IWM191122P157,2019-11-15,2019-11-15 09:35:07,0.61,0.663,195,0.6,0.6521,5,0.61,0.663,6,0.605,0.6576,21,0
IWM191122P157,2019-11-15,2019-11-15 09:35:07,0.61,0.663,473,0.6,0.6521,5,0.61,0.663,6,0.605,0.6576,21,0
IWM191122P157,2019-11-15,2019-11-15 09:35:08,0.61,0.663,387,0.6,0.6521,20,0.61,0.663,6,0.605,0.6576,21,0
IWM191122P157,2019-11-15,2019-11-15 09:35:08,0.61,0.663,433,0.6,0.6521,10,0.61,0.663,6,0.605,0.6576,21,0
IWM191122P157,2019-11-15,2019-11-15 09:35:09,0.61,0.663,143,0.6,0.6521,20,0.61,0.663,6,0.605,0.6576,21,0
IWM191122P157,2019-11-15,2019-11-15 09:35:10,0.61,0.663,143,0.6,0.6521,20,0.61,0.663,6,0.605,0.6576,21,0
IWM191122P157,2019-11-15,2019-11-15 09:35:10,0.61,0.663,194,0.59,0.6413,104,0.61,0.663,6,0.6,0.6521,21,0
IWM191122P157,2019-11-15,2019-11-15 09:35:11,0.61,0.663,31,0.59,0.6413,77,0.61,0.663,6,0.6,0.6521,21,0
IWM191122P157,2019-11-15,2019-11-15 09:35:11,0.61,0.663,397,0.59,0.6413,174,0.61,0.663,6,0.6,0.6521,21,0
IWM191122P157,2019-11-15,2019-11-15 09:35:12,0.62,0.6739,80,0.6,0.6521,122,0.61,0.663,6,0.61,0.663,21,0
IWM191122P157,2019-11-15,2019-11-15 09:35:12,0.62,0.6739,420,0.6,0.6521,30,0.61,0.663,6,0.61,0.663,21,0
IWM191122P157,2019-11-15,2019-11-15 09:35:13,0.62,0.6739,41,0.6,0.6521,299,0.61,0.663,6,0.61,0.663,21,0
IWM191122P157,2019-11-15,2019-11-15 09:35:13,0.62,0.6739,41,0.6,0.6521,251,0.61,0.663,6,0.61,0.663,21,0
IWM191122P157,2019-11-15,2019-11-15 09:35:14,0.62,0.6739,10,0.61,0.663,92,0.61,0.663,6,0.615,0.6684,21,0
IWM191122P157,2019-11-15,2019-11-15 09:35:14,0.62,0.6739,20,0.61,0.663,78,0.61,0.663,6,0.615,0.6684,21,0
IWM191122P157,2019-11-15,2019-11-15 09:35:15,0.62,0.6739,897,0.6,0.6521,20,0.61,0.663,6,0.61,0.663,21,0
IWM191122P157,2019-11-15,2019-11-15 09:35:15,0.62,0.6739,897,0.6,0.6521,16,0.61,0.663,6,0.61,0.663,21,0
IWM191122P157,2019-11-15,2019-11-15 09:35:16,0.61,0.663,137,0.6,0.6521,16,0.61,0.663,6,0.605,0.6576,21,0
IWM191122P157,2019-11-15,2019-11-15 09:35:17,0.62,0.6739,480,0.6,0.6521,80,0.61,0.663,6,0.61,0.663,21,0
IWM191122P157,2019-11-15,2019-11-15 09:35:17,0.62,0.6739,726,0.6,0.6521,104,0.61,0.663,6,0.61,0.663,21,0
IWM191122P157,2019-11-15,2019-11-15 09:35:18,0.61,0.663,60,0.6,0.6521,103,0.61,0.663,6,0.605,0.6576,21,0
IWM191122P157,2019-11-15,2019-11-15 09:35:19,0.62,0.6739,229,0.6,0.6521,105,0.61,0.663,6,0.61,0.663,21,0
IWM191122P157,2019-11-15,2019-11-15 09:35:19,0.62,0.6739,741,0.6,0.6521,56,0.61,0.663,6,0.61,0.663,21,0
IWM191122P157,2019-11-15,2019-11-15 09:35:20,0.61,0.663,57,0.6,0.6521,73,0.61,0.663,6,0.605,0.6576,21,0
IWM191122P157,2019-11-15,2019-11-15 09:35:20,0.61,0.663,57,0.6,0.6521,59,0.61,0.663,6,0.605,0.6576,21,0
IWM191122P157,2019-11-15,2019-11-15 09:35:21,0.61,0.663,57,0.6,0.6521,85,0.61,0.663,6,0.605,0.6576,21,0
IWM191122P157,2019-11-15,2019-11-15 09:35:22,0.61,0.663,178,0.59,0.6413,151,0.61,0.663,6,0.6,0.6521,21,0
IWM191122P157,2019-11-15,2019-11-15 09:35:22,0.61,0.663,270,0.6,0.6521,23,0.61,0.663,6,0.605,0.6576,21,0
IWM191122P157,2019-11-15,2019-11-15 09:35:23,0.61,0.663,659,0.59,0.6413,85,0.61,0.663,6,0.6,0.6521,21,0
IWM191122P157,2019-11-15,2019-11-15 09:35:23,0.61,0.663,659,0.59,0.6413,129,0.61,0.663,6,0.6,0.6521,21,0
IWM191122P157,2019-11-15,2019-11-15 09:35:24,0.61,0.663,502,0.59,0.6413,84,0.61,0.663,6,0.6,0.6521,21,0
IWM191122P157,2019-11-15,2019-11-15 09:35:24,0.61,0.663,874,0.59,0.6413,74,0.61,0.663,6,0.6,0.6521,21,0
IWM191122P157,2019-11-15,2019-11-15 09:35:25,0.61,0.663,450,0.59,0.6413,467,0.61,0.663,6,0.6,0.6521,21,0
IWM191122P157,2019-11-15,2019-11-15 09:35:25,0.61,0.663,450,0.59,0.6413,424,0.61,0.663,6,0.6,0.6521,21,0
IWM191122P157,2019-11-15,2019-11-15 09:35:26,0.61,0.663,66,0.6,0.6521,89,0.61,0.663,6,0.605,0.6576,21,0
IWM191122P157,2019-11-15,2019-11-15 09:35:26,0.61,0.663,33,0.6,0.6521,53,0.61,0.663,6,0.605,0.6576,21,0
IWM191122P157,2019-11-15,2019-11-15 09:35:27,0.61,0.663,195,0.59,0.6413,64,0.61,0.663,6,0.6,0.6521,21,0
IWM191122P157,2019-11-15,2019-11-15 09:35:27,0.61,0.663,70,0.59,0.6413,173,0.61,0.663,6,0.6,0.6521,21,0
IWM191122P157,2019-11-15,2019-11-15 09:35:28,0.61,0.663,195,0.59,0.6413,99,0.61,0.663,6,0.6,0.6521,21,0
IWM191122P157,2019-11-15,2019-11-15 09:35:28,0.61,0.663,195,0.59,0.6413,66,0.61,0.663,6,0.6,0.6521,21,0
IWM191122P157,2019-11-15,2019-11-15 09:35:29,0.61,0.663,788,0.59,0.6413,81,0.61,0.663,6,0.6,0.6521,21,0
IWM191122P157,2019-11-15,2019-11-15 09:35:29,0.61,0.663,788,0.59,0.6413,70,0.61,0.663,6,0.6,0.6521,21,0
IWM191122P157,2019-11-15,2019-11-15 09:35:30,0.61,0.663,676,0.59,0.6413,79,0.61,0.663,6,0.6,0.6521,21,0
IWM191122P157,2019-11-15,2019-11-15 09:35:30,0.61,0.663,788,0.59,0.6413,70,0.61,0.663,6,0.6,0.6521,21,0
IWM191122P157,2019-11-15,2019-11-15 09:35:31,0.61,0.663,796,0.59,0.6413,66,0.61,0.663,6,0.6,0.6521,21,0
IWM191122P157,2019-11-15,2019-11-15 09:35:31,0.61,0.663,757,0.59,0.6413,66,0.61,0.663,6,0.6,0.6521,21,0
IWM191122P157,2019-11-15,2019-11-15 09:35:32,0.61,0.663,757,0.59,0.6413,108,0.61,0.663,6,0.6,0.6521,21,0
IWM191122P157,2019-11-15,2019-11-15 09:35:33,0.61,0.663,757,0.59,0.6413,108,0.61,0.663,6,0.6,0.6521,21,0
IWM191122P157,2019-11-15,2019-11-15 09:35:34,0.61,0.663,757,0.59,0.6413,155,0.61,0.663,6,0.6,0.6521,21,0
IWM191122P157,2019-11-15,2019-11-15 09:35:34,0.61,0.663,508,0.6,0.6521,44,0.61,0.663,6,0.605,0.6576,21,0
IWM191122P157,2019-11-15,2019-11-15 09:35:35,0.61,0.663,718,0.6,0.6521,44,0.61,0.663,6,0.605,0.6576,21,0
IWM191122P157,2019-11-15,2019-11-15 09:35:36,0.61,0.663,687,0.6,0.6521,44,0.61,0.663,6,0.605,0.6576,21,0
IWM191122P157,2019-11-15,2019-11-15 09:35:37,0.61,0.663,511,0.6,0.6521,44,0.61,0.663,6,0.605,0.6576,21,0
IWM191122P157,2019-11-15,2019-11-15 09:35:37,0.61,0.663,477,0.6,0.6521,44,0.61,0.663,6,0.605,0.6576,21,0
IWM191122P157,2019-11-15,2019-11-15 09:35:38,0.61,0.663,105,0.6,0.6521,20,0.61,0.663,6,0.605,0.6576,21,0
IWM191122P157,2019-11-15,2019-11-15 09:35:38,0.61,0.663,721,0.6,0.6521,44,0.61,0.663,6,0.605,0.6576,21,0
IWM191122P157,2019-11-15,2019-11-15 09:35:39,0.61,0.663,105,0.6,0.6521,11,0.61,0.663,6,0.605,0.6576,21,0
IWM191122P157,2019-11-15,2019-11-15 09:35:39,0.61,0.663,116,0.6,0.6521,43,0.61,0.663,6,0.605,0.6576,21,0
IWM191122P157,2019-11-15,2019-11-15 09:35:40,0.61,0.663,131,0.6,0.6521,43,0.61,0.663,6,0.605,0.6576,21,0
IWM191122P157,2019-11-15,2019-11-15 09:35:41,0.61,0.663,232,0.6,0.6521,43,0.61,0.663,6,0.605,0.6576,21,0
IWM191122P157,2019-11-15,2019-11-15 09:35:41,0.61,0.663,131,0.6,0.6521,43,0.61,0.663,6,0.605,0.6576,21,0
IWM191122P157,2019-11-15,2019-11-15 09:35:42,0.61,0.663,103,0.59,0.6413,393,0.61,0.663,6,0.6,0.6521,21,0
IWM191122P157,2019-11-15,2019-11-15 09:35:42,0.61,0.663,69,0.6,0.6521,43,0.61,0.663,6,0.605,0.6576,21,0
IWM191122P157,2019-11-15,2019-11-15 09:35:43,0.61,0.663,110,0.59,0.6413,298,0.61,0.663,6,0.6,0.6521,21,0
IWM191122P157,2019-11-15,2019-11-15 09:35:43,0.61,0.663,103,0.6,0.6521,33,0.61,0.663,6,0.605,0.6576,21,0
IWM191122P157,2019-11-15,2019-11-15 09:35:44,0.61,0.663,145,0.6,0.6521,25,0.61,0.663,6,0.605,0.6576,21,0
IWM191122P157,2019-11-15,2019-11-15 09:35:44,0.61,0.663,31,0.6,0.6521,68,0.61,0.663,6,0.605,0.6576,21,0
IWM191122P157,2019-11-15,2019-11-15 09:35:45,0.62,0.6739,157,0.6,0.6521,120,0.61,0.663,6,0.61,0.663,21,0
IWM191122P157,2019-11-15,2019-11-15 09:35:45,0.62,0.6739,319,0.6,0.6521,159,0.61,0.663,6,0.61,0.663,21,0
IWM191122P157,2019-11-15,2019-11-15 09:35:46,0.62,0.6739,531,0.6,0.6521,104,0.62,0.6739,2,0.61,0.663,30,9
IWM191122P157,2019-11-15,2019-11-15 09:35:46,0.62,0.6739,531,0.6,0.6521,104,0.61,0.663,6,0.61,0.663,21,0
IWM191122P157,2019-11-15,2019-11-15 09:35:47,0.62,0.6739,684,0.6,0.6521,119,0.62,0.6739,2,0.61,0.663,30,0
IWM191122P157,2019-11-15,2019-11-15 09:35:47,0.62,0.6739,474,0.6,0.6521,119,0.62,0.6739,2,0.61,0.663,30,0
IWM191122P157,2019-11-15,2019-11-15 09:35:48,0.62,0.6739,684,0.6,0.6521,104,0.62,0.6739,2,0.61,0.663,30,0
IWM191122P157,2019-11-15,2019-11-15 09:35:49,0.62,0.6739,684,0.6,0.6521,104,0.62,0.6739,2,0.61,0.663,30,0
IWM191122P157,2019-11-15,2019-11-15 09:35:50,0.62,0.6739,44,0.61,0.663,15,0.62,0.6739,2,0.615,0.6684,30,0
IWM191122P157,2019-11-15,2019-11-15 09:35:50,0.62,0.6739,580,0.6,0.6521,273,0.62,0.6739,2,0.61,0.663,30,0
IWM191122P157,2019-11-15,2019-11-15 09:35:51,0.62,0.6739,70,0.61,0.663,15,0.62,0.6739,2,0.615,0.6684,30,0
IWM191122P157,2019-11-15,2019-11-15 09:35:51,0.62,0.6739,283,0.61,0.663,15,0.62,0.6739,2,0.615,0.6684,30,0
IWM191122P157,2019-11-15,2019-11-15 09:35:52,0.62,0.6739,305,0.61,0.663,15,0.62,0.6739,2,0.615,0.6684,30,0
IWM191122P157,2019-11-15,2019-11-15 09:35:53,0.62,0.6739,7,0.6,0.6521,54,0.62,0.6739,2,0.61,0.663,30,0
IWM191122P157,2019-11-15,2019-11-15 09:35:53,0.62,0.6739,337,0.61,0.663,15,0.62,0.6739,2,0.615,0.6684,30,0
IWM191122P157,2019-11-15,2019-11-15 09:35:54,0.62,0.6739,17,0.61,0.663,33,0.62,0.6739,2,0.615,0.6684,30,0
IWM191122P157,2019-11-15,2019-11-15 09:35:55,0.62,0.6739,10,0.61,0.663,56,0.62,0.6739,2,0.615,0.6684,30,0
IWM191122P157,2019-11-15,2019-11-15 09:35:55,0.63,0.6847,736,0.61,0.663,41,0.62,0.6739,2,0.62,0.6739,30,0
IWM191122P157,2019-11-15,2019-11-15 09:35:56,0.62,0.6739,78,0.61,0.663,10,0.62,0.6739,2,0.615,0.6684,30,0
IWM191122P157,2019-11-15,2019-11-15 09:35:56,0.63,0.6847,786,0.61,0.663,35,0.62,0.6739,2,0.62,0.6739,30,0
IWM191122P157,2019-11-15,2019-11-15 09:35:57,0.62,0.6739,197,0.61,0.663,20,0.62,0.6739,2,0.615,0.6684,30,0
IWM191122P157,2019-11-15,2019-11-15 09:35:57,0.62,0.6739,247,0.61,0.663,20,0.62,0.6739,2,0.615,0.6684,30,0
IWM191122P157,2019-11-15,2019-11-15 09:35:58,0.62,0.6739,180,0.61,0.663,20,0.62,0.6739,2,0.615,0.6684,30,0
IWM191122P157,2019-11-15,2019-11-15 09:35:58,0.62,0.6739,64,0.61,0.663,20,0.62,0.6739,2,0.615,0.6684,30,0
IWM191122P157,2019-11-15,2019-11-15 09:35:59,0.62,0.6739,702,0.61,0.663,20,0.62,0.6739,2,0.615,0.6684,30,0
IWM191122P157,2019-11-15,2019-11-15 09:36:00,0.62,0.6739,584,0.6,0.6521,20,0.62,0.6739,2,0.61,0.663,30,0
IWM191122P157,2019-11-15,2019-11-15 09:36:00,0.62,0.6739,712,0.6,0.6521,20,0.62,0.6739,2,0.61,0.663,30,0
IWM191122P157,2019-11-15,2019-11-15 09:36:01,0.62,0.6739,448,0.6,0.6521,68,0.62,0.6739,2,0.61,0.663,30,0
IWM191122P157,2019-11-15,2019-11-15 09:36:01,0.62,0.6739,584,0.6,0.6521,58,0.62,0.6739,2,0.61,0.663,30,0
IWM191122P157,2019-11-15,2019-11-15 09:36:02,0.62,0.6739,451,0.6,0.6521,53,0.62,0.6739,2,0.61,0.663,30,0
IWM191122P157,2019-11-15,2019-11-15 09:36:02,0.62,0.6739,494,0.6,0.6521,53,0.62,0.6739,2,0.61,0.663,30,0
IWM191122P157,2019-11-15,2019-11-15 09:36:03,0.61,0.663,557,0.59,0.6413,225,0.59,0.6413,3,0.6,0.6521,33,3
IWM191122P157,2019-11-15,2019-11-15 09:36:03,0.61,0.663,304,0.59,0.6413,183,0.62,0.6739,2,0.6,0.6521,30,0
IWM191122P157,2019-11-15,2019-11-15 09:36:04,0.61,0.663,373,0.59,0.6413,463,0.59,0.6413,3,0.6,0.6521,33,0
IWM191122P157,2019-11-15,2019-11-15 09:36:05,0.61,0.663,500,0.59,0.6413,156,0.59,0.6413,3,0.6,0.6521,33,0
IWM191122P157,2019-11-15,2019-11-15 09:36:05,0.61,0.663,373,0.59,0.6413,463,0.59,0.6413,3,0.6,0.6521,33,0
IWM191122P157,2019-11-15,2019-11-15 09:36:06,0.61,0.663,500,0.59,0.6413,156,0.59,0.6413,3,0.6,0.6521,33,0
IWM191122P157,2019-11-15,2019-11-15 09:36:06,0.6,0.6521,65,0.59,0.6413,19,0.59,0.6413,3,0.595,0.6467,33,0
IWM191122P157,2019-11-15,2019-11-15 09:36:07,0.6,0.6521,65,0.58,0.6304,422,0.59,0.6413,3,0.59,0.6413,33,0
IWM191122P157,2019-11-15,2019-11-15 09:36:07,0.6,0.6521,352,0.58,0.6304,224,0.59,0.6413,3,0.59,0.6413,33,0
IWM191122P157,2019-11-15,2019-11-15 09:36:08,0.6,0.6521,530,0.58,0.6304,455,0.59,0.6413,3,0.59,0.6413,33,0
IWM191122P157,2019-11-15,2019-11-15 09:36:08,0.6,0.6521,479,0.58,0.6304,163,0.59,0.6413,3,0.59,0.6413,33,0
IWM191122P157,2019-11-15,2019-11-15 09:36:09,0.6,0.6521,530,0.58,0.6304,455,0.59,0.6413,3,0.59,0.6413,33,0
IWM191122P157,2019-11-15,2019-11-15 09:36:10,0.6,0.6521,355,0.58,0.6304,533,0.59,0.6413,3,0.59,0.6413,33,0
IWM191122P157,2019-11-15,2019-11-15 09:36:10,0.6,0.6521,436,0.58,0.6304,472,0.59,0.6413,3,0.59,0.6413,33,0
IWM191122P157,2019-11-15,2019-11-15 09:36:11,0.6,0.6521,502,0.58,0.6304,472,0.59,0.6413,3,0.59,0.6413,33,0
IWM191122P157,2019-11-15,2019-11-15 09:36:12,0.6,0.6521,502,0.58,0.6304,262,0.59,0.6413,3,0.59,0.6413,33,0
IWM191122P157,2019-11-15,2019-11-15 09:36:12,0.59,0.6413,78,0.58,0.6304,65,0.59,0.6413,3,0.585,0.6358,33,0
IWM191122P157,2019-11-15,2019-11-15 09:36:13,0.59,0.6413,105,0.58,0.6304,25,0.59,0.6413,3,0.585,0.6358,33,0
IWM191122P157,2019-11-15,2019-11-15 09:36:13,0.59,0.6413,80,0.58,0.6304,18,0.59,0.6413,3,0.585,0.6358,33,0
IWM191122P157,2019-11-15,2019-11-15 09:36:14,0.59,0.6413,160,0.58,0.6304,25,0.59,0.6413,3,0.585,0.6358,33,0
IWM191122P157,2019-11-15,2019-11-15 09:36:15,0.59,0.6413,299,0.58,0.6304,32,0.59,0.6413,3,0.585,0.6358,33,0
IWM191122P157,2019-11-15,2019-11-15 09:36:15,0.59,0.6413,160,0.58,0.6304,25,0.59,0.6413,3,0.585,0.6358,33,0
IWM191122P157,2019-11-15,2019-11-15 09:36:16,0.59,0.6413,299,0.58,0.6304,32,0.59,0.6413,3,0.585,0.6358,33,0
IWM191122P157,2019-11-15,2019-11-15 09:36:16,0.59,0.6413,136,0.58,0.6304,32,0.59,0.6413,3,0.585,0.6358,33,0
IWM191122P157,2019-11-15,2019-11-15 09:36:17,0.59,0.6413,311,0.58,0.6304,21,0.59,0.6413,3,0.585,0.6358,33,0
IWM191122P157,2019-11-15,2019-11-15 09:36:18,0.59,0.6413,120,0.58,0.6304,21,0.59,0.6413,3,0.585,0.6358,33,0
IWM191122P157,2019-11-15,2019-11-15 09:36:18,0.59,0.6413,120,0.58,0.6304,22,0.59,0.6413,3,0.585,0.6358,33,0
IWM191122P157,2019-11-15,2019-11-15 09:36:19,0.59,0.6413,18,0.58,0.6304,22,0.59,0.6413,3,0.585,0.6358,33,0
IWM191122P157,2019-11-15,2019-11-15 09:36:19,0.59,0.6413,180,0.58,0.6304,22,0.59,0.6413,3,0.585,0.6358,33,0
IWM191122P157,2019-11-15,2019-11-15 09:36:20,0.6,0.6521,295,0.58,0.6304,119,0.59,0.6413,3,0.59,0.6413,33,0
IWM191122P157,2019-11-15,2019-11-15 09:36:20,0.59,0.6413,18,0.58,0.6304,22,0.59,0.6413,3,0.585,0.6358,33,0
IWM191122P157,2019-11-15,2019-11-15 09:36:21,0.6,0.6521,364,0.58,0.6304,140,0.59,0.6413,3,0.59,0.6413,33,0
IWM191122P157,2019-11-15,2019-11-15 09:36:21,0.6,0.6521,635,0.58,0.6304,153,0.59,0.6413,3,0.59,0.6413,33,0
IWM191122P157,2019-11-15,2019-11-15 09:36:22,0.59,0.6413,74,0.58,0.6304,139,0.59,0.6413,3,0.585,0.6358,33,0
IWM191122P157,2019-11-15,2019-11-15 09:36:22,0.59,0.6413,268,0.58,0.6304,20,0.59,0.6413,3,0.585,0.6358,33,0
IWM191122P157,2019-11-15,2019-11-15 09:36:23,0.59,0.6413,91,0.58,0.6304,20,0.59,0.6413,3,0.585,0.6358,33,0
IWM191122P157,2019-11-15,2019-11-15 09:36:23,0.59,0.6413,301,0.58,0.6304,20,0.59,0.6413,3,0.585,0.6358,33,0
IWM191122P157,2019-11-15,2019-11-15 09:36:24,0.59,0.6413,91,0.58,0.6304,20,0.59,0.6413,3,0.585,0.6358,33,0
IWM191122P157,2019-11-15,2019-11-15 09:36:24,0.59,0.6413,47,0.58,0.6304,20,0.59,0.6413,3,0.585,0.6358,33,0
IWM191122P157,2019-11-15,2019-11-15 09:36:25,0.59,0.6413,50,0.58,0.6304,20,0.59,0.6413,3,0.585,0.6358,33,0
IWM191122P157,2019-11-15,2019-11-15 09:36:25,0.59,0.6413,50,0.58,0.6304,15,0.59,0.6413,3,0.585,0.6358,33,0
IWM191122P157,2019-11-15,2019-11-15 09:36:26,0.59,0.6413,47,0.58,0.6304,28,0.59,0.6413,3,0.585,0.6358,33,0
IWM191122P157,2019-11-15,2019-11-15 09:36:26,0.59,0.6413,50,0.58,0.6304,20,0.59,0.6413,3,0.585,0.6358,33,0
IWM191122P157,2019-11-15,2019-11-15 09:36:27,0.6,0.6521,202,0.58,0.6304,90,0.59,0.6413,3,0.59,0.6413,33,0
IWM191122P157,2019-11-15,2019-11-15 09:36:27,0.6,0.6521,328,0.58,0.6304,222,0.59,0.6413,3,0.59,0.6413,33,0
IWM191122P157,2019-11-15,2019-11-15 09:36:28,0.6,0.6521,354,0.58,0.6304,205,0.59,0.6413,3,0.59,0.6413,33,0
IWM191122P157,2019-11-15,2019-11-15 09:36:28,0.6,0.6521,354,0.58,0.6304,550,0.59,0.6413,3,0.59,0.6413,33,0
IWM191122P157,2019-11-15,2019-11-15 09:36:29,0.6,0.6521,354,0.58,0.6304,236,0.59,0.6413,3,0.59,0.6413,33,0
IWM191122P157,2019-11-15,2019-11-15 09:36:30,0.6,0.6521,321,0.58,0.6304,342,0.59,0.6413,3,0.59,0.6413,33,0
IWM191122P157,2019-11-15,2019-11-15 09:36:31,0.6,0.6521,429,0.58,0.6304,127,0.59,0.6413,3,0.59,0.6413,33,0
IWM191122P157,2019-11-15,2019-11-15 09:36:32,0.6,0.6521,429,0.58,0.6304,342,0.59,0.6413,3,0.59,0.6413,33,0
IWM191122P157,2019-11-15,2019-11-15 09:36:32,0.6,0.6521,429,0.58,0.6304,127,0.59,0.6413,3,0.59,0.6413,33,0
IWM191122P157,2019-11-15,2019-11-15 09:36:33,0.6,0.6521,383,0.58,0.6304,127,0.59,0.6413,3,0.59,0.6413,33,0
IWM191122P157,2019-11-15,2019-11-15 09:36:33,0.59,0.6413,106,0.58,0.6304,127,0.59,0.6413,3,0.585,0.6358,33,0
IWM191122P157,2019-11-15,2019-11-15 09:36:34,0.59,0.6413,106,0.58,0.6304,127,0.59,0.6413,3,0.585,0.6358,33,0
IWM191122P157,2019-11-15,2019-11-15 09:36:34,0.59,0.6413,90,0.58,0.6304,20,0.59,0.6413,3,0.585,0.6358,33,0
IWM191122P157,2019-11-15,2019-11-15 09:36:35,0.59,0.6413,90,0.58,0.6304,20,0.59,0.6413,3,0.585,0.6358,33,0
IWM191122P157,2019-11-15,2019-11-15 09:36:35,0.59,0.6413,114,0.58,0.6304,20,0.59,0.6413,3,0.585,0.6358,33,0
IWM191122P157,2019-11-15,2019-11-15 09:36:36,0.59,0.6413,90,0.58,0.6304,20,0.59,0.6413,3,0.585,0.6358,33,0
IWM191122P157,2019-11-15,2019-11-15 09:36:36,0.59,0.6413,131,0.58,0.6304,20,0.59,0.6413,3,0.585,0.6358,33,0
IWM191122P157,2019-11-15,2019-11-15 09:36:37,0.59,0.6413,96,0.58,0.6304,15,0.59,0.6413,3,0.585,0.6358,33,0
IWM191122P157,2019-11-15,2019-11-15 09:36:37,0.59,0.6413,96,0.58,0.6304,20,0.59,0.6413,3,0.585,0.6358,33,0
IWM191122P157,2019-11-15,2019-11-15 09:36:38,0.59,0.6413,296,0.58,0.6304,15,0.59,0.6413,3,0.585,0.6358,33,0
IWM191122P157,2019-11-15,2019-11-15 09:36:38,0.59,0.6413,222,0.58,0.6304,15,0.59,0.6413,3,0.585,0.6358,33,0
IWM191122P157,2019-11-15,2019-11-15 09:36:39,0.59,0.6413,129,0.58,0.6304,20,0.59,0.6413,3,0.585,0.6358,33,0
IWM191122P157,2019-11-15,2019-11-15 09:36:39,0.59,0.6413,273,0.58,0.6304,10,0.59,0.6413,3,0.585,0.6358,33,0
IWM191122P157,2019-11-15,2019-11-15 09:36:40,0.59,0.6413,330,0.58,0.6304,10,0.59,0.6413,3,0.585,0.6358,33,0
IWM191122P157,2019-11-15,2019-11-15 09:36:40,0.59,0.6413,285,0.58,0.6304,20,0.59,0.6413,3,0.585,0.6358,33,0
IWM191122P157,2019-11-15,2019-11-15 09:36:41,0.6,0.6521,442,0.58,0.6304,2,0.59,0.6413,3,0.59,0.6413,33,0
IWM191122P157,2019-11-15,2019-11-15 09:36:41,0.6,0.6521,432,0.58,0.6304,44,0.59,0.6413,3,0.59,0.6413,33,0
IWM191122P157,2019-11-15,2019-11-15 09:36:42,0.6,0.6521,55,0.58,0.6304,37,0.59,0.6413,3,0.59,0.6413,33,0
IWM191122P157,2019-11-15,2019-11-15 09:36:42,0.6,0.6521,99,0.58,0.6304,510,0.59,0.6413,3,0.59,0.6413,33,0
IWM191122P157,2019-11-15,2019-11-15 09:36:43,0.6,0.6521,222,0.58,0.6304,674,0.58,0.6304,2,0.59,0.6413,35,2
IWM191122P157,2019-11-15,2019-11-15 09:36:43,0.6,0.6521,148,0.58,0.6304,520,0.59,0.6413,3,0.59,0.6413,33,0
IWM191122P157,2019-11-15,2019-11-15 09:36:44,0.6,0.6521,252,0.58,0.6304,674,0.58,0.6304,2,0.59,0.6413,35,0
IWM191122P157,2019-11-15,2019-11-15 09:36:44,0.6,0.6521,301,0.58,0.6304,589,0.58,0.6304,2,0.59,0.6413,35,0
IWM191122P157,2019-11-15,2019-11-15 09:36:45,0.6,0.6521,334,0.58,0.6304,641,0.58,0.6304,2,0.59,0.6413,35,0
IWM191122P157,2019-11-15,2019-11-15 09:36:45,0.6,0.6521,367,0.58,0.6304,499,0.58,0.6304,2,0.59,0.6413,35,0
IWM191122P157,2019-11-15,2019-11-15 09:36:46,0.6,0.6521,334,0.58,0.6304,641,0.58,0.6304,2,0.59,0.6413,35,0
IWM191122P157,2019-11-15,2019-11-15 09:36:47,0.6,0.6521,367,0.58,0.6304,582,0.58,0.6304,2,0.59,0.6413,35,0
IWM191122P157,2019-11-15,2019-11-15 09:36:48,0.6,0.6521,389,0.58,0.6304,582,0.58,0.6304,2,0.59,0.6413,35,0
IWM191122P157,2019-11-15,2019-11-15 09:36:49,0.6,0.6521,235,0.58,0.6304,582,0.58,0.6304,2,0.59,0.6413,35,0
IWM191122P157,2019-11-15,2019-11-15 09:36:49,0.6,0.6521,216,0.58,0.6304,129,0.58,0.6304,2,0.59,0.6413,35,0
IWM191122P157,2019-11-15,2019-11-15 09:36:50,0.6,0.6521,332,0.58,0.6304,495,0.58,0.6304,2,0.59,0.6413,35,0
IWM191122P157,2019-11-15,2019-11-15 09:36:50,0.6,0.6521,216,0.58,0.6304,385,0.58,0.6304,2,0.59,0.6413,35,0
IWM191122P157,2019-11-15,2019-11-15 09:36:51,0.6,0.6521,332,0.58,0.6304,385,0.58,0.6304,2,0.59,0.6413,35,0
IWM191122P157,2019-11-15,2019-11-15 09:36:52,0.6,0.6521,136,0.59,0.6413,1,0.58,0.6304,2,0.595,0.6467,35,0
IWM191122P157,2019-11-15,2019-11-15 09:36:52,0.6,0.6521,221,0.58,0.6304,385,0.58,0.6304,2,0.59,0.6413,35,0
IWM191122P157,2019-11-15,2019-11-15 09:36:53,0.6,0.6521,349,0.58,0.6304,302,0.58,0.6304,2,0.59,0.6413,35,0
IWM191122P157,2019-11-15,2019-11-15 09:36:53,0.6,0.6521,136,0.59,0.6413,15,0.58,0.6304,2,0.595,0.6467,35,0
IWM191122P157,2019-11-15,2019-11-15 09:36:54,0.6,0.6521,329,0.58,0.6304,302,0.58,0.6304,2,0.59,0.6413,35,0
IWM191122P157,2019-11-15,2019-11-15 09:36:54,0.6,0.6521,224,0.59,0.6413,15,0.58,0.6304,2,0.595,0.6467,35,0
IWM191122P157,2019-11-15,2019-11-15 09:36:55,0.6,0.6521,332,0.58,0.6304,274,0.58,0.6304,2,0.59,0.6413,35,0
IWM191122P157,2019-11-15,2019-11-15 09:36:56,0.6,0.6521,247,0.59,0.6413,54,0.58,0.6304,2,0.595,0.6467,35,0
IWM191122P157,2019-11-15,2019-11-15 09:36:57,0.6,0.6521,115,0.59,0.6413,54,0.58,0.6304,2,0.595,0.6467,35,0
IWM191122P157,2019-11-15,2019-11-15 09:36:57,0.6,0.6521,140,0.59,0.6413,51,0.58,0.6304,2,0.595,0.6467,35,0
IWM191122P157,2019-11-15,2019-11-15 09:36:58,0.6,0.6521,117,0.59,0.6413,51,0.58,0.6304,2,0.595,0.6467,35,0
IWM191122P157,2019-11-15,2019-11-15 09:36:59,0.6,0.6521,232,0.59,0.6413,50,0.58,0.6304,2,0.595,0.6467,35,0
IWM191122P157,2019-11-15,2019-11-15 09:36:59,0.6,0.6521,226,0.59,0.6413,50,0.58,0.6304,2,0.595,0.6467,35,0
IWM191122P157,2019-11-15,2019-11-15 09:37:00,0.6,0.6521,232,0.59,0.6413,50,0.58,0.6304,2,0.595,0.6467,35,0
IWM191122P157,2019-11-15,2019-11-15 09:37:01,0.6,0.6521,234,0.59,0.6413,50,0.58,0.6304,2,0.595,0.6467,35,0
IWM191122P157,2019-11-15,2019-11-15 09:37:01,0.6,0.6521,94,0.59,0.6413,60,0.58,0.6304,2,0.595,0.6467,35,0
IWM191122P157,2019-11-15,2019-11-15 09:37:02,0.61,0.663,329,0.59,0.6413,535,0.58,0.6304,2,0.6,0.6521,35,0
IWM191122P157,2019-11-15,2019-11-15 09:37:02,0.61,0.663,329,0.6,0.6521,84,0.58,0.6304,2,0.605,0.6576,35,0
IWM191122P157,2019-11-15,2019-11-15 09:37:03,0.61,0.663,329,0.6,0.6521,84,0.58,0.6304,2,0.605,0.6576,35,0
IWM191122P157,2019-11-15,2019-11-15 09:37:03,0.61,0.663,84,0.6,0.6521,12,0.58,0.6304,2,0.605,0.6576,35,0
IWM191122P157,2019-11-15,2019-11-15 09:37:04,0.61,0.663,185,0.59,0.6413,883,0.58,0.6304,2,0.6,0.6521,35,0
IWM191122P157,2019-11-15,2019-11-15 09:37:04,0.61,0.663,185,0.59,0.6413,778,0.58,0.6304,2,0.6,0.6521,35,0
IWM191122P157,2019-11-15,2019-11-15 09:37:05,0.61,0.663,306,0.59,0.6413,820,0.58,0.6304,2,0.6,0.6521,35,0
IWM191122P157,2019-11-15,2019-11-15 09:37:06,0.61,0.663,278,0.59,0.6413,820,0.58,0.6304,2,0.6,0.6521,35,0
IWM191122P157,2019-11-15,2019-11-15 09:37:06,0.61,0.663,278,0.6,0.6521,85,0.58,0.6304,2,0.605,0.6576,35,0
IWM191122P157,2019-11-15,2019-11-15 09:37:07,0.61,0.663,278,0.6,0.6521,85,0.58,0.6304,2,0.605,0.6576,35,0
IWM191122P157,2019-11-15,2019-11-15 09:37:08,0.61,0.663,278,0.6,0.6521,142,0.58,0.6304,2,0.605,0.6576,35,0
IWM191122P157,2019-11-15,2019-11-15 09:37:08,0.61,0.663,278,0.6,0.6521,272,0.58,0.6304,2,0.605,0.6576,35,0
IWM191122P157,2019-11-15,2019-11-15 09:37:09,0.61,0.663,168,0.6,0.6521,187,0.58,0.6304,2,0.605,0.6576,35,0
IWM191122P157,2019-11-15,2019-11-15 09:37:09,0.61,0.663,50,0.6,0.6521,201,0.58,0.6304,2,0.605,0.6576,35,0
IWM191122P157,2019-11-15,2019-11-15 09:37:10,0.61,0.663,66,0.6,0.6521,69,0.58,0.6304,2,0.605,0.6576,35,0
IWM191122P157,2019-11-15,2019-11-15 09:37:11,0.61,0.663,35,0.6,0.6521,83,0.58,0.6304,2,0.605,0.6576,35,0
IWM191122P157,2019-11-15,2019-11-15 09:37:12,0.61,0.663,154,0.6,0.6521,13,0.58,0.6304,2,0.605,0.6576,35,0
IWM191122P157,2019-11-15,2019-11-15 09:37:13,0.61,0.663,154,0.6,0.6521,15,0.58,0.6304,2,0.605,0.6576,35,0
IWM191122P157,2019-11-15,2019-11-15 09:37:14,0.61,0.663,78,0.6,0.6521,10,0.58,0.6304,2,0.605,0.6576,35,0
IWM191122P157,2019-11-15,2019-11-15 09:37:15,0.61,0.663,350,0.59,0.6413,681,0.58,0.6304,2,0.6,0.6521,35,0
IWM191122P157,2019-11-15,2019-11-15 09:37:15,0.61,0.663,490,0.59,0.6413,629,0.58,0.6304,2,0.6,0.6521,35,0
IWM191122P157,2019-11-15,2019-11-15 09:37:16,0.61,0.663,394,0.59,0.6413,592,0.58,0.6304,2,0.6,0.6521,35,0
IWM191122P157,2019-11-15,2019-11-15 09:37:16,0.61,0.663,394,0.59,0.6413,619,0.58,0.6304,2,0.6,0.6521,35,0
IWM191122P157,2019-11-15,2019-11-15 09:37:17,0.61,0.663,351,0.59,0.6413,378,0.58,0.6304,2,0.6,0.6521,35,0
IWM191122P157,2019-11-15,2019-11-15 09:37:17,0.61,0.663,428,0.59,0.6413,92,0.58,0.6304,2,0.6,0.6521,35,0
IWM191122P157,2019-11-15,2019-11-15 09:37:18,0.61,0.663,428,0.59,0.6413,83,0.58,0.6304,2,0.6,0.6521,35,0
IWM191122P157,2019-11-15,2019-11-15 09:37:19,0.61,0.663,345,0.59,0.6413,179,0.58,0.6304,2,0.6,0.6521,35,0
IWM191122P157,2019-11-15,2019-11-15 09:37:19,0.61,0.663,428,0.59,0.6413,386,0.58,0.6304,2,0.6,0.6521,35,0
IWM191122P157,2019-11-15,2019-11-15 09:37:20,0.61,0.663,380,0.59,0.6413,413,0.58,0.6304,2,0.6,0.6521,35,0
IWM191122P157,2019-11-15,2019-11-15 09:37:20,0.61,0.663,378,0.59,0.6413,439,0.58,0.6304,2,0.6,0.6521,35,0
IWM191122P157,2019-11-15,2019-11-15 09:37:21,0.61,0.663,380,0.59,0.6413,222,0.58,0.6304,2,0.6,0.6521,35,0
IWM191122P157,2019-11-15,2019-11-15 09:37:22,0.61,0.663,444,0.59,0.6413,31,0.58,0.6304,2,0.6,0.6521,35,0
IWM191122P157,2019-11-15,2019-11-15 09:37:23,0.61,0.663,134,0.6,0.6521,55,0.58,0.6304,2,0.605,0.6576,35,0
IWM191122P157,2019-11-15,2019-11-15 09:37:23,0.61,0.663,444,0.59,0.6413,26,0.58,0.6304,2,0.6,0.6521,35,0
IWM191122P157,2019-11-15,2019-11-15 09:37:24,0.61,0.663,370,0.59,0.6413,79,0.58,0.6304,2,0.6,0.6521,35,0
IWM191122P157,2019-11-15,2019-11-15 09:37:24,0.61,0.663,248,0.6,0.6521,29,0.58,0.6304,2,0.605,0.6576,35,0
IWM191122P157,2019-11-15,2019-11-15 09:37:25,0.61,0.663,376,0.59,0.6413,521,0.58,0.6304,2,0.6,0.6521,35,0
IWM191122P157,2019-11-15,2019-11-15 09:37:25,0.61,0.663,360,0.59,0.6413,427,0.58,0.6304,2,0.6,0.6521,35,0
IWM191122P157,2019-11-15,2019-11-15 09:37:26,0.61,0.663,237,0.59,0.6413,491,0.58,0.6304,2,0.6,0.6521,35,0
IWM191122P157,2019-11-15,2019-11-15 09:37:27,0.61,0.663,57,0.59,0.6413,676,0.58,0.6304,2,0.6,0.6521,35,0
IWM191122P157,2019-11-15,2019-11-15 09:37:27,0.61,0.663,57,0.59,0.6413,752,0.58,0.6304,2,0.6,0.6521,35,0
IWM191122P157,2019-11-15,2019-11-15 09:37:28,0.62,0.6739,466,0.6,0.6521,306,0.58,0.6304,2,0.61,0.663,35,0
IWM191122P157,2019-11-15,2019-11-15 09:37:28,0.62,0.6739,466,0.59,0.6413,752,0.58,0.6304,2,0.605,0.6576,35,0
IWM191122P157,2019-11-15,2019-11-15 09:37:29,0.61,0.663,231,0.6,0.6521,257,0.58,0.6304,2,0.605,0.6576,35,0
IWM191122P157,2019-11-15,2019-11-15 09:37:29,0.61,0.663,46,0.6,0.6521,257,0.58,0.6304,2,0.605,0.6576,35,0
IWM191122P157,2019-11-15,2019-11-15 09:37:30,0.61,0.663,236,0.6,0.6521,135,0.58,0.6304,2,0.605,0.6576,35,0
IWM191122P157,2019-11-15,2019-11-15 09:37:30,0.61,0.663,236,0.6,0.6521,46,0.58,0.6304,2,0.605,0.6576,35,0
IWM191122P157,2019-11-15,2019-11-15 09:37:31,0.61,0.663,284,0.6,0.6521,46,0.58,0.6304,2,0.605,0.6576,35,0
IWM191122P157,2019-11-15,2019-11-15 09:37:32,0.6,0.6521,102,0.59,0.6413,47,0.58,0.6304,2,0.595,0.6467,35,0
IWM191122P157,2019-11-15,2019-11-15 09:37:32,0.61,0.663,335,0.59,0.6413,110,0.58,0.6304,2,0.6,0.6521,35,0
IWM191122P157,2019-11-15,2019-11-15 09:37:33,0.6,0.6521,155,0.59,0.6413,42,0.58,0.6304,2,0.595,0.6467,35,0
IWM191122P157,2019-11-15,2019-11-15 09:37:33,0.6,0.6521,89,0.59,0.6413,48,0.58,0.6304,2,0.595,0.6467,35,0
IWM191122P157,2019-11-15,2019-11-15 09:37:34,0.6,0.6521,10,0.59,0.6413,438,0.58,0.6304,2,0.595,0.6467,35,0
IWM191122P157,2019-11-15,2019-11-15 09:37:34,0.6,0.6521,58,0.59,0.6413,34,0.58,0.6304,2,0.595,0.6467,35,0
IWM191122P157,2019-11-15,2019-11-15 09:37:35,0.61,0.663,74,0.59,0.6413,438,0.58,0.6304,2,0.6,0.6521,35,0
IWM191122P157,2019-11-15,2019-11-15 09:37:35,0.61,0.663,240,0.59,0.6413,438,0.58,0.6304,2,0.6,0.6521,35,0
IWM191122P157,2019-11-15,2019-11-15 09:37:36,0.61,0.663,46,0.59,0.6413,410,0.58,0.6304,2,0.6,0.6521,35,0
IWM191122P157,2019-11-15,2019-11-15 09:37:36,0.61,0.663,46,0.59,0.6413,363,0.58,0.6304,2,0.6,0.6521,35,0
IWM191122P157,2019-11-15,2019-11-15 09:37:37,0.62,0.6739,369,0.6,0.6521,103,0.58,0.6304,2,0.61,0.663,35,0
IWM191122P157,2019-11-15,2019-11-15 09:37:38,0.62,0.6739,418,0.6,0.6521,127,0.58,0.6304,2,0.61,0.663,35,0
IWM191122P157,2019-11-15,2019-11-15 09:37:38,0.62,0.6739,418,0.6,0.6521,103,0.58,0.6304,2,0.61,0.663,35,0
IWM191122P157,2019-11-15,2019-11-15 09:37:39,0.62,0.6739,418,0.6,0.6521,227,0.58,0.6304,2,0.61,0.663,35,0
IWM191122P157,2019-11-15,2019-11-15 09:37:39,0.62,0.6739,418,0.6,0.6521,127,0.58,0.6304,2,0.61,0.663,35,0
IWM191122P157,2019-11-15,2019-11-15 09:37:40,0.62,0.6739,418,0.6,0.6521,181,0.58,0.6304,2,0.61,0.663,35,0
IWM191122P157,2019-11-15,2019-11-15 09:37:41,0.62,0.6739,418,0.6,0.6521,181,0.58,0.6304,2,0.61,0.663,35,0
IWM191122P157,2019-11-15,2019-11-15 09:37:41,0.62,0.6739,418,0.6,0.6521,235,0.58,0.6304,2,0.61,0.663,35,0
IWM191122P157,2019-11-15,2019-11-15 09:37:42,0.62,0.6739,418,0.61,0.663,11,0.58,0.6304,2,0.615,0.6684,35,0
IWM191122P157,2019-11-15,2019-11-15 09:37:43,0.62,0.6739,418,0.61,0.663,10,0.58,0.6304,2,0.615,0.6684,35,0
IWM191122P157,2019-11-15,2019-11-15 09:37:43,0.62,0.6739,418,0.61,0.663,11,0.58,0.6304,2,0.615,0.6684,35,0
IWM191122P157,2019-11-15,2019-11-15 09:37:44,0.62,0.6739,418,0.61,0.663,10,0.58,0.6304,2,0.615,0.6684,35,0
IWM191122P157,2019-11-15,2019-11-15 09:37:45,0.62,0.6739,880,0.6,0.6521,106,0.58,0.6304,2,0.61,0.663,35,0
IWM191122P157,2019-11-15,2019-11-15 09:37:45,0.62,0.6739,418,0.61,0.663,10,0.58,0.6304,2,0.615,0.6684,35,0
IWM191122P157,2019-11-15,2019-11-15 09:37:46,0.62,0.6739,415,0.6,0.6521,143,0.58,0.6304,2,0.61,0.663,35,0
IWM191122P157,2019-11-15,2019-11-15 09:37:47,0.62,0.6739,6,0.61,0.663,115,0.58,0.6304,2,0.615,0.6684,35,0
IWM191122P157,2019-11-15,2019-11-15 09:37:47,0.62,0.6739,461,0.6,0.6521,368,0.58,0.6304,2,0.61,0.663,35,0
IWM191122P157,2019-11-15,2019-11-15 09:37:48,0.62,0.6739,6,0.61,0.663,115,0.58,0.6304,2,0.615,0.6684,35,0
IWM191122P157,2019-11-15,2019-11-15 09:37:48,0.62,0.6739,6,0.61,0.663,132,0.58,0.6304,2,0.615,0.6684,35,0
IWM191122P157,2019-11-15,2019-11-15 09:37:49,0.63,0.6847,283,0.61,0.663,132,0.58,0.6304,2,0.62,0.6739,35,0
IWM191122P157,2019-11-15,2019-11-15 09:37:49,0.62,0.6739,6,0.61,0.663,132,0.58,0.6304,2,0.615,0.6684,35,0
IWM191122P157,2019-11-15,2019-11-15 09:37:50,0.63,0.6847,335,0.61,0.663,271,0.58,0.6304,2,0.62,0.6739,35,0
IWM191122P157,2019-11-15,2019-11-15 09:37:50,0.63,0.6847,305,0.61,0.663,486,0.58,0.6304,2,0.62,0.6739,35,0
IWM191122P157,2019-11-15,2019-11-15 09:37:52,0.63,0.6847,303,0.61,0.663,218,0.58,0.6304,2,0.62,0.6739,35,0
IWM191122P157,2019-11-15,2019-11-15 09:37:52,0.63,0.6847,313,0.61,0.663,218,0.58,0.6304,2,0.62,0.6739,35,0
IWM191122P157,2019-11-15,2019-11-15 09:37:53,0.63,0.6847,326,0.61,0.663,137,0.58,0.6304,2,0.62,0.6739,35,0
IWM191122P157,2019-11-15,2019-11-15 09:37:53,0.63,0.6847,303,0.61,0.663,137,0.58,0.6304,2,0.62,0.6739,35,0
IWM191122P157,2019-11-15,2019-11-15 09:37:54,0.63,0.6847,326,0.61,0.663,70,0.58,0.6304,2,0.62,0.6739,35,0
IWM191122P157,2019-11-15,2019-11-15 09:37:54,0.63,0.6847,326,0.61,0.663,60,0.58,0.6304,2,0.62,0.6739,35,0
IWM191122P157,2019-11-15,2019-11-15 09:37:55,0.63,0.6847,375,0.61,0.663,70,0.58,0.6304,2,0.62,0.6739,35,0
IWM191122P157,2019-11-15,2019-11-15 09:37:55,0.62,0.6739,106,0.61,0.663,70,0.58,0.6304,2,0.615,0.6684,35,0
IWM191122P157,2019-11-15,2019-11-15 09:37:56,0.62,0.6739,80,0.61,0.663,33,0.58,0.6304,2,0.615,0.6684,35,0
IWM191122P157,2019-11-15,2019-11-15 09:37:56,0.62,0.6739,196,0.61,0.663,70,0.58,0.6304,2,0.615,0.6684,35,0
IWM191122P157,2019-11-15,2019-11-15 09:37:57,0.62,0.6739,43,0.61,0.663,38,0.58,0.6304,2,0.615,0.6684,35,0
IWM191122P157,2019-11-15,2019-11-15 09:37:58,0.62,0.6739,130,0.61,0.663,38,0.58,0.6304,2,0.615,0.6684,35,0
IWM191122P157,2019-11-15,2019-11-15 09:37:58,0.62,0.6739,40,0.61,0.663,38,0.58,0.6304,2,0.615,0.6684,35,0
IWM191122P157,2019-11-15,2019-11-15 09:37:59,0.62,0.6739,221,0.6,0.6521,461,0.58,0.6304,2,0.61,0.663,35,0
IWM191122P157,2019-11-15,2019-11-15 09:37:59,0.62,0.6739,291,0.6,0.6521,531,0.58,0.6304,2,0.61,0.663,35,0
IWM191122P157,2019-11-15,2019-11-15 09:38:00,0.62,0.6739,427,0.6,0.6521,531,0.58,0.6304,2,0.61,0.663,35,0
IWM191122P157,2019-11-15,2019-11-15 09:38:01,0.62,0.6739,385,0.6,0.6521,379,0.58,0.6304,2,0.61,0.663,35,0
IWM191122P157,2019-11-15,2019-11-15 09:38:01,0.62,0.6739,427,0.6,0.6521,531,0.58,0.6304,2,0.61,0.663,35,0
IWM191122P157,2019-11-15,2019-11-15 09:38:02,0.62,0.6739,429,0.6,0.6521,512,0.58,0.6304,2,0.61,0.663,35,0
IWM191122P157,2019-11-15,2019-11-15 09:38:02,0.62,0.6739,384,0.6,0.6521,189,0.58,0.6304,2,0.61,0.663,35,0
IWM191122P157,2019-11-15,2019-11-15 09:38:03,0.62,0.6739,384,0.6,0.6521,189,0.58,0.6304,2,0.61,0.663,35,0
IWM191122P157,2019-11-15,2019-11-15 09:38:04,0.62,0.6739,415,0.6,0.6521,269,0.58,0.6304,2,0.61,0.663,35,0
IWM191122P157,2019-11-15,2019-11-15 09:38:04,0.62,0.6739,435,0.61,0.663,15,0.58,0.6304,2,0.615,0.6684,35,0
IWM191122P157,2019-11-15,2019-11-15 09:38:05,0.62,0.6739,382,0.6,0.6521,269,0.58,0.6304,2,0.61,0.663,35,0
IWM191122P157,2019-11-15,2019-11-15 09:38:05,0.62,0.6739,440,0.6,0.6521,269,0.58,0.6304,2,0.61,0.663,35,0
IWM191122P157,2019-11-15,2019-11-15 09:38:06,0.61,0.663,90,0.6,0.6521,15,0.58,0.6304,2,0.605,0.6576,35,0
IWM191122P157,2019-11-15,2019-11-15 09:38:06,0.61,0.663,114,0.6,0.6521,15,0.58,0.6304,2,0.605,0.6576,35,0
IWM191122P157,2019-11-15,2019-11-15 09:38:07,0.61,0.663,33,0.6,0.6521,7,0.58,0.6304,2,0.605,0.6576,35,0
IWM191122P157,2019-11-15,2019-11-15 09:38:08,0.61,0.663,1,0.6,0.6521,524,0.58,0.6304,2,0.605,0.6576,35,0
IWM191122P157,2019-11-15,2019-11-15 09:38:08,0.61,0.663,1,0.6,0.6521,249,0.58,0.6304,2,0.605,0.6576,35,0
IWM191122P157,2019-11-15,2019-11-15 09:38:09,0.61,0.663,1,0.6,0.6521,537,0.61,0.663,1,0.605,0.6576,36,1
IWM191122P157,2019-11-15,2019-11-15 09:38:09,0.61,0.663,1,0.6,0.6521,537,0.58,0.6304,2,0.605,0.6576,35,0
IWM191122P157,2019-11-15,2019-11-15 09:38:10,0.63,0.6847,12,0.61,0.663,615,0.61,0.663,1,0.62,0.6739,36,0
IWM191122P157,2019-11-15,2019-11-15 09:38:10,0.63,0.6847,178,0.61,0.663,94,0.61,0.663,1,0.62,0.6739,36,0
IWM191122P157,2019-11-15,2019-11-15 09:38:11,0.63,0.6847,78,0.62,0.6739,34,0.61,0.663,1,0.625,0.6793,36,0
IWM191122P157,2019-11-15,2019-11-15 09:38:11,0.64,0.6956,473,0.62,0.6739,34,0.61,0.663,1,0.63,0.6847,36,0
IWM191122P157,2019-11-15,2019-11-15 09:38:12,0.63,0.6847,60,0.62,0.6739,443,0.61,0.663,1,0.625,0.6793,36,0
IWM191122P157,2019-11-15,2019-11-15 09:38:12,0.63,0.6847,35,0.62,0.6739,261,0.61,0.663,1,0.625,0.6793,36,0
IWM191122P157,2019-11-15,2019-11-15 09:38:13,0.63,0.6847,35,0.62,0.6739,28,0.61,0.663,1,0.625,0.6793,36,0
IWM191122P157,2019-11-15,2019-11-15 09:38:13,0.63,0.6847,56,0.61,0.663,41,0.61,0.663,1,0.62,0.6739,36,0
IWM191122P157,2019-11-15,2019-11-15 09:38:14,0.63,0.6847,686,0.61,0.663,29,0.61,0.663,1,0.62,0.6739,36,0
IWM191122P157,2019-11-15,2019-11-15 09:38:14,0.63,0.6847,371,0.61,0.663,51,0.61,0.663,1,0.62,0.6739,36,0
IWM191122P157,2019-11-15,2019-11-15 09:38:15,0.63,0.6847,546,0.61,0.663,29,0.61,0.663,1,0.62,0.6739,36,0
IWM191122P157,2019-11-15,2019-11-15 09:38:16,0.63,0.6847,546,0.61,0.663,29,0.61,0.663,1,0.62,0.6739,36,0
IWM191122P157,2019-11-15,2019-11-15 09:38:16,0.63,0.6847,326,0.61,0.663,67,0.61,0.663,1,0.62,0.6739,36,0
IWM191122P157,2019-11-15,2019-11-15 09:38:17,0.63,0.6847,378,0.61,0.663,61,0.61,0.663,1,0.62,0.6739,36,0
IWM191122P157,2019-11-15,2019-11-15 09:38:17,0.63,0.6847,336,0.61,0.663,91,0.61,0.663,1,0.62,0.6739,36,0
IWM191122P157,2019-11-15,2019-11-15 09:38:18,0.63,0.6847,336,0.61,0.663,112,0.61,0.663,1,0.62,0.6739,36,0
IWM191122P157,2019-11-15,2019-11-15 09:38:18,0.63,0.6847,336,0.61,0.663,84,0.61,0.663,1,0.62,0.6739,36,0
IWM191122P157,2019-11-15,2019-11-15 09:38:19,0.63,0.6847,640,0.61,0.663,60,0.61,0.663,1,0.62,0.6739,36,0
IWM191122P157,2019-11-15,2019-11-15 09:38:19,0.63,0.6847,339,0.61,0.663,54,0.61,0.663,1,0.62,0.6739,36,0
IWM191122P157,2019-11-15,2019-11-15 09:38:20,0.63,0.6847,654,0.61,0.663,40,0.61,0.663,1,0.62,0.6739,36,0
IWM191122P157,2019-11-15,2019-11-15 09:38:20,0.63,0.6847,339,0.61,0.663,54,0.61,0.663,1,0.62,0.6739,36,0
IWM191122P157,2019-11-15,2019-11-15 09:38:21,0.63,0.6847,721,0.61,0.663,40,0.61,0.663,1,0.62,0.6739,36,0
IWM191122P157,2019-11-15,2019-11-15 09:38:22,0.63,0.6847,768,0.61,0.663,13,0.61,0.663,1,0.62,0.6739,36,0
IWM191122P157,2019-11-15,2019-11-15 09:38:22,0.63,0.6847,649,0.61,0.663,40,0.61,0.663,1,0.62,0.6739,36,0
IWM191122P157,2019-11-15,2019-11-15 09:38:23,0.63,0.6847,805,0.61,0.663,13,0.61,0.663,1,0.62,0.6739,36,0
IWM191122P157,2019-11-15,2019-11-15 09:38:24,0.63,0.6847,805,0.61,0.663,52,0.61,0.663,1,0.62,0.6739,36,0
IWM191122P157,2019-11-15,2019-11-15 09:38:25,0.63,0.6847,805,0.61,0.663,52,0.61,0.663,1,0.62,0.6739,36,0
IWM191122P157,2019-11-15,2019-11-15 09:38:25,0.63,0.6847,378,0.61,0.663,60,0.61,0.663,1,0.62,0.6739,36,0
IWM191122P157,2019-11-15,2019-11-15 09:38:26,0.63,0.6847,641,0.61,0.663,70,0.61,0.663,1,0.62,0.6739,36,0
IWM191122P157,2019-11-15,2019-11-15 09:38:26,0.63,0.6847,378,0.61,0.663,94,0.61,0.663,1,0.62,0.6739,36,0
IWM191122P157,2019-11-15,2019-11-15 09:38:27,0.63,0.6847,641,0.61,0.663,70,0.61,0.663,1,0.62,0.6739,36,0
IWM191122P157,2019-11-15,2019-11-15 09:38:27,0.63,0.6847,575,0.61,0.663,70,0.61,0.663,1,0.62,0.6739,36,0
IWM191122P157,2019-11-15,2019-11-15 09:38:28,0.63,0.6847,575,0.61,0.663,47,0.61,0.663,1,0.62,0.6739,36,0
IWM191122P157,2019-11-15,2019-11-15 09:38:28,0.63,0.6847,726,0.61,0.663,29,0.61,0.663,1,0.62,0.6739,36,0
IWM191122P157,2019-11-15,2019-11-15 09:38:29,0.63,0.6847,586,0.61,0.663,29,0.61,0.663,1,0.62,0.6739,36,0
IWM191122P157,2019-11-15,2019-11-15 09:38:30,0.63,0.6847,586,0.61,0.663,38,0.61,0.663,1,0.62,0.6739,36,0
IWM191122P157,2019-11-15,2019-11-15 09:38:31,0.63,0.6847,707,0.61,0.663,35,0.61,0.663,1,0.62,0.6739,36,0
IWM191122P157,2019-11-15,2019-11-15 09:38:31,0.63,0.6847,744,0.61,0.663,15,0.61,0.663,1,0.62,0.6739,36,0
IWM191122P157,2019-11-15,2019-11-15 09:38:32,0.63,0.6847,745,0.61,0.663,15,0.61,0.663,1,0.62,0.6739,36,0
IWM191122P157,2019-11-15,2019-11-15 09:38:33,0.63,0.6847,374,0.61,0.663,85,0.61,0.663,1,0.62,0.6739,36,0
IWM191122P157,2019-11-15,2019-11-15 09:38:33,0.63,0.6847,709,0.61,0.663,15,0.61,0.663,1,0.62,0.6739,36,0
IWM191122P157,2019-11-15,2019-11-15 09:38:34,0.63,0.6847,330,0.62,0.6739,10,0.61,0.663,1,0.625,0.6793,36,0
IWM191122P157,2019-11-15,2019-11-15 09:38:34,0.63,0.6847,265,0.62,0.6739,10,0.61,0.663,1,0.625,0.6793,36,0
IWM191122P157,2019-11-15,2019-11-15 09:38:35,0.63,0.6847,265,0.62,0.6739,10,0.61,0.663,1,0.625,0.6793,36,0
IWM191122P157,2019-11-15,2019-11-15 09:38:36,0.63,0.6847,265,0.62,0.6739,10,0.61,0.663,1,0.625,0.6793,36,0
IWM191122P157,2019-11-15,2019-11-15 09:38:37,0.63,0.6847,213,0.62,0.6739,10,0.61,0.663,1,0.625,0.6793,36,0
IWM191122P157,2019-11-15,2019-11-15 09:38:38,0.63,0.6847,219,0.62,0.6739,10,0.61,0.663,1,0.625,0.6793,36,0
IWM191122P157,2019-11-15,2019-11-15 09:38:38,0.63,0.6847,50,0.62,0.6739,10,0.61,0.663,1,0.625,0.6793,36,0
IWM191122P157,2019-11-15,2019-11-15 09:38:39,0.63,0.6847,331,0.61,0.663,39,0.61,0.663,1,0.62,0.6739,36,0
IWM191122P157,2019-11-15,2019-11-15 09:38:40,0.63,0.6847,472,0.61,0.663,39,0.61,0.663,1,0.62,0.6739,36,0
IWM191122P157,2019-11-15,2019-11-15 09:38:41,0.63,0.6847,504,0.61,0.663,23,0.61,0.663,1,0.62,0.6739,36,0
IWM191122P157,2019-11-15,2019-11-15 09:38:41,0.63,0.6847,379,0.61,0.663,27,0.61,0.663,1,0.62,0.6739,36,0
IWM191122P157,2019-11-15,2019-11-15 09:38:42,0.63,0.6847,504,0.61,0.663,23,0.61,0.663,1,0.62,0.6739,36,0
IWM191122P157,2019-11-15,2019-11-15 09:38:42,0.63,0.6847,668,0.6,0.6521,385,0.61,0.663,1,0.615,0.6684,36,0
IWM191122P157,2019-11-15,2019-11-15 09:38:43,0.62,0.6739,89,0.6,0.6521,72,0.61,0.663,1,0.61,0.663,36,0
IWM191122P157,2019-11-15,2019-11-15 09:38:43,0.62,0.6739,481,0.6,0.6521,42,0.61,0.663,1,0.61,0.663,36,0
IWM191122P157,2019-11-15,2019-11-15 09:38:44,0.62,0.6739,280,0.6,0.6521,227,0.61,0.663,1,0.61,0.663,36,0
IWM191122P157,2019-11-15,2019-11-15 09:38:44,0.62,0.6739,231,0.6,0.6521,337,0.61,0.663,1,0.61,0.663,36,0
IWM191122P157,2019-11-15,2019-11-15 09:38:45,0.62,0.6739,399,0.6,0.6521,228,0.61,0.663,1,0.61,0.663,36,0
IWM191122P157,2019-11-15,2019-11-15 09:38:45,0.62,0.6739,283,0.6,0.6521,228,0.61,0.663,1,0.61,0.663,36,0
IWM191122P157,2019-11-15,2019-11-15 09:38:46,0.62,0.6739,483,0.6,0.6521,77,0.61,0.663,1,0.61,0.663,36,0
IWM191122P157,2019-11-15,2019-11-15 09:38:46,0.62,0.6739,399,0.6,0.6521,77,0.61,0.663,1,0.61,0.663,36,0
IWM191122P157,2019-11-15,2019-11-15 09:38:47,0.62,0.6739,377,0.6,0.6521,268,0.61,0.663,1,0.61,0.663,36,0
IWM191122P157,2019-11-15,2019-11-15 09:38:47,0.62,0.6739,377,0.6,0.6521,298,0.61,0.663,1,0.61,0.663,36,0
IWM191122P157,2019-11-15,2019-11-15 09:38:48,0.62,0.6739,488,0.6,0.6521,141,0.61,0.663,1,0.61,0.663,36,0
IWM191122P157,2019-11-15,2019-11-15 09:38:49,0.62,0.6739,210,0.6,0.6521,250,0.61,0.663,1,0.61,0.663,36,0
IWM191122P157,2019-11-15,2019-11-15 09:38:49,0.62,0.6739,377,0.6,0.6521,238,0.61,0.663,1,0.61,0.663,36,0
IWM191122P157,2019-11-15,2019-11-15 09:38:50,0.62,0.6739,283,0.6,0.6521,250,0.61,0.663,1,0.61,0.663,36,0
IWM191122P157,2019-11-15,2019-11-15 09:38:50,0.62,0.6739,217,0.6,0.6521,514,0.61,0.663,1,0.61,0.663,36,0
IWM191122P157,2019-11-15,2019-11-15 09:38:51,0.62,0.6739,207,0.6,0.6521,514,0.61,0.663,1,0.61,0.663,36,0
IWM191122P157,2019-11-15,2019-11-15 09:38:51,0.62,0.6739,217,0.6,0.6521,514,0.61,0.663,1,0.61,0.663,36,0
IWM191122P157,2019-11-15,2019-11-15 09:38:52,0.62,0.6739,207,0.6,0.6521,569,0.61,0.663,1,0.61,0.663,36,0
IWM191122P157,2019-11-15,2019-11-15 09:38:52,0.62,0.6739,324,0.6,0.6521,371,0.61,0.663,1,0.61,0.663,36,0
IWM191122P157,2019-11-15,2019-11-15 09:38:53,0.62,0.6739,324,0.6,0.6521,371,0.61,0.663,1,0.61,0.663,36,0
IWM191122P157,2019-11-15,2019-11-15 09:38:54,0.62,0.6739,338,0.6,0.6521,403,0.61,0.663,1,0.61,0.663,36,0
IWM191122P157,2019-11-15,2019-11-15 09:38:54,0.62,0.6739,324,0.6,0.6521,371,0.61,0.663,1,0.61,0.663,36,0
IWM191122P157,2019-11-15,2019-11-15 09:38:55,0.62,0.6739,337,0.6,0.6521,403,0.61,0.663,1,0.61,0.663,36,0
IWM191122P157,2019-11-15,2019-11-15 09:38:55,0.62,0.6739,348,0.6,0.6521,403,0.61,0.663,1,0.61,0.663,36,0
IWM191122P157,2019-11-15,2019-11-15 09:38:56,0.62,0.6739,355,0.6,0.6521,371,0.61,0.663,1,0.61,0.663,36,0
IWM191122P157,2019-11-15,2019-11-15 09:38:56,0.62,0.6739,337,0.6,0.6521,371,0.61,0.663,1,0.61,0.663,36,0
