symbol,Date,quote_time,ask_price,norm_ask_price,ask_size,bid_price,norm_bid_price,bid_size,last_trade_price,norm_last_trade_price,last_trade_size,mark_price,norm_mark_price,volume,Volume
IWM191108C157,2019-11-07,2019-11-07 09:30:01,3.05,1.0,1,2.65,0.8688,22,2.82,0.9245,3,2.85,0.9344,6,6
IWM191108C157,2019-11-07,2019-11-07 09:30:02,3.05,1.0,21,2.65,0.8688,40,2.82,0.9245,3,2.85,0.9344,6,0
IWM191108C157,2019-11-07,2019-11-07 09:30:03,3.0,0.9836,30,2.61,0.8557,30,2.82,0.9245,3,2.805,0.9196,6,0
IWM191108C157,2019-11-07,2019-11-07 09:30:03,3.0,0.9836,22,2.66,0.8721,10,2.82,0.9245,3,2.83,0.9278,6,0
IWM191108C157,2019-11-07,2019-11-07 09:30:04,3.0,0.9836,30,2.61,0.8557,30,2.82,0.9245,3,2.805,0.9196,6,0
IWM191108C157,2019-11-07,2019-11-07 09:30:04,3.0,0.9836,30,2.61,0.8557,1,2.82,0.9245,3,2.805,0.9196,6,0
IWM191108C157,2019-11-07,2019-11-07 09:30:05,3.0,0.9836,46,2.61,0.8557,1,2.82,0.9245,3,2.805,0.9196,6,0
IWM191108C157,2019-11-07,2019-11-07 09:30:05,3.0,0.9836,46,2.58,0.8459,40,2.82,0.9245,3,2.79,0.9147,6,0
IWM191108C157,2019-11-07,2019-11-07 09:30:06,3.0,0.9836,46,2.58,0.8459,40,2.82,0.9245,3,2.79,0.9147,6,0
IWM191108C157,2019-11-07,2019-11-07 09:30:06,3.0,0.9836,46,2.61,0.8557,1,2.82,0.9245,3,2.805,0.9196,6,0
IWM191108C157,2019-11-07,2019-11-07 09:30:07,3.0,0.9836,46,2.58,0.8459,40,2.82,0.9245,3,2.79,0.9147,6,0
IWM191108C157,2019-11-07,2019-11-07 09:30:08,3.0,0.9836,46,2.58,0.8459,40,2.82,0.9245,3,2.79,0.9147,6,0
IWM191108C157,2019-11-07,2019-11-07 09:30:09,2.99,0.9803,78,2.66,0.8721,1,2.82,0.9245,3,2.825,0.9262,6,0
IWM191108C157,2019-11-07,2019-11-07 09:30:09,2.99,0.9803,78,2.58,0.8459,44,2.82,0.9245,3,2.785,0.9131,6,0
IWM191108C157,2019-11-07,2019-11-07 09:30:10,2.99,0.9803,78,2.58,0.8459,44,2.82,0.9245,3,2.785,0.9131,6,0
IWM191108C157,2019-11-07,2019-11-07 09:30:10,2.95,0.9672,10,2.58,0.8459,40,2.82,0.9245,3,2.765,0.9065,6,0
IWM191108C157,2019-11-07,2019-11-07 09:30:11,2.96,0.9704,20,2.58,0.8459,40,2.82,0.9245,3,2.77,0.9081,6,0
IWM191108C157,2019-11-07,2019-11-07 09:30:12,3.0,0.9836,36,2.61,0.8557,30,2.82,0.9245,3,2.805,0.9196,6,0
IWM191108C157,2019-11-07,2019-11-07 09:30:13,3.0,0.9836,36,2.61,0.8557,30,2.82,0.9245,3,2.805,0.9196,6,0
IWM191108C157,2019-11-07,2019-11-07 09:30:14,2.94,0.9639,85,2.61,0.8557,68,2.82,0.9245,3,2.775,0.9098,6,0
IWM191108C157,2019-11-07,2019-11-07 09:30:14,3.0,0.9836,79,2.61,0.8557,30,2.82,0.9245,3,2.805,0.9196,6,0
IWM191108C157,2019-11-07,2019-11-07 09:30:15,2.94,0.9639,26,2.66,0.8721,30,2.82,0.9245,3,2.8,0.918,6,0
IWM191108C157,2019-11-07,2019-11-07 09:30:15,2.94,0.9639,102,2.66,0.8721,103,2.82,0.9245,3,2.8,0.918,6,0
IWM191108C157,2019-11-07,2019-11-07 09:30:16,2.94,0.9639,16,2.66,0.8721,31,2.82,0.9245,3,2.8,0.918,6,0
IWM191108C157,2019-11-07,2019-11-07 09:30:17,2.94,0.9639,16,2.66,0.8721,31,2.82,0.9245,3,2.8,0.918,6,0
IWM191108C157,2019-11-07,2019-11-07 09:30:17,2.94,0.9639,16,2.66,0.8721,26,2.82,0.9245,3,2.8,0.918,6,0
IWM191108C157,2019-11-07,2019-11-07 09:30:18,2.94,0.9639,16,2.66,0.8721,118,2.82,0.9245,3,2.8,0.918,6,0
IWM191108C157,2019-11-07,2019-11-07 09:30:18,2.94,0.9639,16,2.66,0.8721,26,2.82,0.9245,3,2.8,0.918,6,0
IWM191108C157,2019-11-07,2019-11-07 09:30:19,2.94,0.9639,16,2.69,0.8819,89,2.82,0.9245,3,2.815,0.9229,6,0
IWM191108C157,2019-11-07,2019-11-07 09:30:19,2.94,0.9639,26,2.69,0.8819,47,2.82,0.9245,3,2.815,0.9229,6,0
IWM191108C157,2019-11-07,2019-11-07 09:30:20,2.94,0.9639,16,2.7,0.8852,102,2.82,0.9245,3,2.82,0.9245,6,0
IWM191108C157,2019-11-07,2019-11-07 09:30:20,2.96,0.9704,30,2.7,0.8852,102,2.82,0.9245,3,2.83,0.9278,6,0
IWM191108C157,2019-11-07,2019-11-07 09:30:21,2.96,0.9704,30,2.7,0.8852,102,2.82,0.9245,3,2.83,0.9278,6,0
IWM191108C157,2019-11-07,2019-11-07 09:30:21,2.96,0.9704,20,2.7,0.8852,102,2.82,0.9245,3,2.83,0.9278,6,0
IWM191108C157,2019-11-07,2019-11-07 09:30:22,2.96,0.9704,20,2.7,0.8852,102,2.82,0.9245,3,2.83,0.9278,6,0
IWM191108C157,2019-11-07,2019-11-07 09:30:22,2.96,0.9704,30,2.7,0.8852,102,2.82,0.9245,3,2.83,0.9278,6,0
IWM191108C157,2019-11-07,2019-11-07 09:30:23,2.96,0.9704,30,2.7,0.8852,102,2.82,0.9245,3,2.83,0.9278,6,0
IWM191108C157,2019-11-07,2019-11-07 09:30:23,2.96,0.9704,20,2.7,0.8852,102,2.82,0.9245,3,2.83,0.9278,6,0
IWM191108C157,2019-11-07,2019-11-07 09:30:24,2.96,0.9704,20,2.73,0.895,59,2.82,0.9245,3,2.845,0.9327,6,0
IWM191108C157,2019-11-07,2019-11-07 09:30:25,2.96,0.9704,2,2.73,0.895,75,2.82,0.9245,3,2.845,0.9327,6,0
IWM191108C157,2019-11-07,2019-11-07 09:30:26,2.96,0.9704,2,2.73,0.895,64,2.82,0.9245,3,2.845,0.9327,6,0
IWM191108C157,2019-11-07,2019-11-07 09:30:26,2.96,0.9704,2,2.73,0.895,75,2.82,0.9245,3,2.845,0.9327,6,0
IWM191108C157,2019-11-07,2019-11-07 09:30:27,2.97,0.9737,30,2.73,0.895,64,2.82,0.9245,3,2.85,0.9344,6,0
IWM191108C157,2019-11-07,2019-11-07 09:30:28,2.97,0.9737,20,2.73,0.895,64,2.82,0.9245,3,2.85,0.9344,6,0
IWM191108C157,2019-11-07,2019-11-07 09:30:29,2.97,0.9737,20,2.73,0.895,64,2.82,0.9245,3,2.85,0.9344,6,0
IWM191108C157,2019-11-07,2019-11-07 09:30:30,2.97,0.9737,20,2.73,0.895,64,2.82,0.9245,3,2.85,0.9344,6,0
IWM191108C157,2019-11-07,2019-11-07 09:30:31,2.97,0.9737,20,2.73,0.895,54,2.82,0.9245,3,2.85,0.9344,6,0
IWM191108C157,2019-11-07,2019-11-07 09:30:32,2.99,0.9803,1,2.73,0.895,72,2.82,0.9245,3,2.86,0.9377,6,0
IWM191108C157,2019-11-07,2019-11-07 09:30:33,3.02,0.9901,20,2.73,0.895,72,2.82,0.9245,3,2.875,0.9426,6,0
IWM191108C157,2019-11-07,2019-11-07 09:30:33,3.03,0.9934,10,2.73,0.895,82,2.82,0.9245,3,2.88,0.9442,6,0
IWM191108C157,2019-11-07,2019-11-07 09:30:34,3.03,0.9934,1,2.73,0.895,50,2.82,0.9245,3,2.88,0.9442,6,0
IWM191108C157,2019-11-07,2019-11-07 09:30:35,3.08,1.0098,1,2.75,0.9016,50,2.82,0.9245,3,2.915,0.9557,6,0
IWM191108C157,2019-11-07,2019-11-07 09:30:35,3.09,1.0131,30,2.75,0.9016,60,2.82,0.9245,3,2.92,0.9573,6,0
IWM191108C157,2019-11-07,2019-11-07 09:30:36,3.11,1.0196,20,2.78,0.9114,48,2.82,0.9245,3,2.945,0.9655,6,0
IWM191108C157,2019-11-07,2019-11-07 09:30:36,3.1,1.0163,20,2.76,0.9049,46,2.82,0.9245,3,2.93,0.9606,6,0
IWM191108C157,2019-11-07,2019-11-07 09:30:37,3.11,1.0196,1,2.78,0.9114,48,2.82,0.9245,3,2.945,0.9655,6,0
IWM191108C157,2019-11-07,2019-11-07 09:30:37,3.12,1.0229,30,2.78,0.9114,48,2.82,0.9245,3,2.95,0.9672,6,0
IWM191108C157,2019-11-07,2019-11-07 09:30:38,3.12,1.0229,30,2.78,0.9114,46,2.82,0.9245,3,2.95,0.9672,6,0
IWM191108C157,2019-11-07,2019-11-07 09:30:39,3.12,1.0229,30,2.78,0.9114,46,2.82,0.9245,3,2.95,0.9672,6,0
IWM191108C157,2019-11-07,2019-11-07 09:30:40,3.12,1.0229,20,2.78,0.9114,20,2.82,0.9245,3,2.95,0.9672,6,0
IWM191108C157,2019-11-07,2019-11-07 09:30:41,3.12,1.0229,30,2.78,0.9114,20,2.82,0.9245,3,2.95,0.9672,6,0
IWM191108C157,2019-11-07,2019-11-07 09:30:41,3.12,1.0229,20,2.78,0.9114,20,2.82,0.9245,3,2.95,0.9672,6,0
IWM191108C157,2019-11-07,2019-11-07 09:30:42,3.12,1.0229,67,2.78,0.9114,30,2.82,0.9245,3,2.95,0.9672,6,0
IWM191108C157,2019-11-07,2019-11-07 09:30:43,3.12,1.0229,67,2.78,0.9114,30,2.82,0.9245,3,2.95,0.9672,6,0
IWM191108C157,2019-11-07,2019-11-07 09:30:43,3.12,1.0229,49,2.78,0.9114,30,2.82,0.9245,3,2.95,0.9672,6,0
IWM191108C157,2019-11-07,2019-11-07 09:30:44,3.12,1.0229,67,2.78,0.9114,30,2.82,0.9245,3,2.95,0.9672,6,0
IWM191108C157,2019-11-07,2019-11-07 09:30:45,3.12,1.0229,20,2.78,0.9114,20,2.82,0.9245,3,2.95,0.9672,6,0
IWM191108C157,2019-11-07,2019-11-07 09:30:46,3.12,1.0229,31,2.78,0.9114,30,2.82,0.9245,3,2.95,0.9672,6,0
IWM191108C157,2019-11-07,2019-11-07 09:30:46,3.12,1.0229,63,2.78,0.9114,30,2.82,0.9245,3,2.95,0.9672,6,0
IWM191108C157,2019-11-07,2019-11-07 09:30:47,3.12,1.0229,76,2.78,0.9114,30,2.82,0.9245,3,2.95,0.9672,6,0
IWM191108C157,2019-11-07,2019-11-07 09:30:47,3.12,1.0229,76,2.78,0.9114,20,2.82,0.9245,3,2.95,0.9672,6,0
IWM191108C157,2019-11-07,2019-11-07 09:30:48,3.12,1.0229,76,2.78,0.9114,20,2.82,0.9245,3,2.95,0.9672,6,0
IWM191108C157,2019-11-07,2019-11-07 09:30:48,3.12,1.0229,246,2.78,0.9114,199,2.82,0.9245,3,2.95,0.9672,6,0
IWM191108C157,2019-11-07,2019-11-07 09:30:49,3.12,1.0229,256,2.78,0.9114,224,2.82,0.9245,3,2.95,0.9672,6,0
IWM191108C157,2019-11-07,2019-11-07 09:30:49,3.12,1.0229,343,2.78,0.9114,309,2.82,0.9245,3,2.95,0.9672,6,0
IWM191108C157,2019-11-07,2019-11-07 09:30:50,2.97,0.9737,76,2.78,0.9114,190,2.82,0.9245,3,2.875,0.9426,6,0
IWM191108C157,2019-11-07,2019-11-07 09:30:50,3.1,1.0163,30,2.78,0.9114,364,2.82,0.9245,3,2.94,0.9639,6,0
IWM191108C157,2019-11-07,2019-11-07 09:30:51,2.97,0.9737,140,2.78,0.9114,190,2.82,0.9245,3,2.875,0.9426,6,0
IWM191108C157,2019-11-07,2019-11-07 09:30:51,2.97,0.9737,253,2.78,0.9114,271,2.82,0.9245,3,2.875,0.9426,6,0
IWM191108C157,2019-11-07,2019-11-07 09:30:52,2.97,0.9737,278,2.78,0.9114,150,2.82,0.9245,3,2.875,0.9426,6,0
IWM191108C157,2019-11-07,2019-11-07 09:30:52,2.97,0.9737,253,2.78,0.9114,287,2.82,0.9245,3,2.875,0.9426,6,0
IWM191108C157,2019-11-07,2019-11-07 09:30:53,2.97,0.9737,308,2.78,0.9114,240,2.82,0.9245,3,2.875,0.9426,6,0
IWM191108C157,2019-11-07,2019-11-07 09:30:54,2.97,0.9737,308,2.78,0.9114,412,2.82,0.9245,3,2.875,0.9426,6,0
IWM191108C157,2019-11-07,2019-11-07 09:30:55,2.97,0.9737,308,2.78,0.9114,412,2.82,0.9245,3,2.875,0.9426,6,0
IWM191108C157,2019-11-07,2019-11-07 09:30:56,2.97,0.9737,230,2.78,0.9114,165,2.82,0.9245,3,2.875,0.9426,6,0
IWM191108C157,2019-11-07,2019-11-07 09:30:56,2.97,0.9737,268,2.78,0.9114,274,2.82,0.9245,3,2.875,0.9426,6,0
IWM191108C157,2019-11-07,2019-11-07 09:30:57,2.97,0.9737,284,2.78,0.9114,184,2.82,0.9245,3,2.875,0.9426,6,0
IWM191108C157,2019-11-07,2019-11-07 09:30:57,2.97,0.9737,274,2.78,0.9114,174,2.82,0.9245,3,2.875,0.9426,6,0
IWM191108C157,2019-11-07,2019-11-07 09:30:58,2.97,0.9737,412,2.78,0.9114,174,2.82,0.9245,3,2.875,0.9426,6,0
IWM191108C157,2019-11-07,2019-11-07 09:30:58,2.97,0.9737,290,2.78,0.9114,184,2.82,0.9245,3,2.875,0.9426,6,0
IWM191108C157,2019-11-07,2019-11-07 09:30:59,2.97,0.9737,260,2.78,0.9114,20,2.82,0.9245,3,2.875,0.9426,6,0
IWM191108C157,2019-11-07,2019-11-07 09:30:59,2.97,0.9737,280,2.78,0.9114,59,2.82,0.9245,3,2.875,0.9426,6,0
IWM191108C157,2019-11-07,2019-11-07 09:31:00,2.97,0.9737,265,2.78,0.9114,52,2.82,0.9245,3,2.875,0.9426,6,0
IWM191108C157,2019-11-07,2019-11-07 09:31:00,2.97,0.9737,31,2.74,0.8983,10,2.82,0.9245,3,2.855,0.936,6,0
IWM191108C157,2019-11-07,2019-11-07 09:31:01,2.97,0.9737,349,2.68,0.8786,40,2.82,0.9245,3,2.825,0.9262,6,0
IWM191108C157,2019-11-07,2019-11-07 09:31:01,2.97,0.9737,245,2.68,0.8786,30,2.82,0.9245,3,2.825,0.9262,6,0
IWM191108C157,2019-11-07,2019-11-07 09:31:02,2.97,0.9737,270,2.69,0.8819,119,2.82,0.9245,3,2.83,0.9278,6,0
IWM191108C157,2019-11-07,2019-11-07 09:31:02,2.97,0.9737,208,2.69,0.8819,119,2.82,0.9245,3,2.83,0.9278,6,0
IWM191108C157,2019-11-07,2019-11-07 09:31:03,2.97,0.9737,270,2.69,0.8819,197,2.82,0.9245,3,2.83,0.9278,6,0
IWM191108C157,2019-11-07,2019-11-07 09:31:03,2.97,0.9737,270,2.69,0.8819,178,2.82,0.9245,3,2.83,0.9278,6,0
IWM191108C157,2019-11-07,2019-11-07 09:31:04,2.97,0.9737,270,2.72,0.8918,30,2.82,0.9245,3,2.845,0.9327,6,0
IWM191108C157,2019-11-07,2019-11-07 09:31:04,2.97,0.9737,191,2.72,0.8918,69,2.82,0.9245,3,2.845,0.9327,6,0
IWM191108C157,2019-11-07,2019-11-07 09:31:05,2.97,0.9737,241,2.72,0.8918,79,2.82,0.9245,3,2.845,0.9327,6,0
IWM191108C157,2019-11-07,2019-11-07 09:31:05,2.97,0.9737,298,2.72,0.8918,65,2.82,0.9245,3,2.845,0.9327,6,0
IWM191108C157,2019-11-07,2019-11-07 09:31:06,2.97,0.9737,241,2.72,0.8918,79,2.82,0.9245,3,2.845,0.9327,6,0
IWM191108C157,2019-11-07,2019-11-07 09:31:06,2.97,0.9737,241,2.72,0.8918,254,2.82,0.9245,3,2.845,0.9327,6,0
IWM191108C157,2019-11-07,2019-11-07 09:31:07,2.98,0.977,27,2.73,0.895,151,2.82,0.9245,3,2.855,0.936,6,0
IWM191108C157,2019-11-07,2019-11-07 09:31:07,2.97,0.9737,49,2.72,0.8918,254,2.82,0.9245,3,2.845,0.9327,6,0
IWM191108C157,2019-11-07,2019-11-07 09:31:08,2.98,0.977,37,2.73,0.895,289,2.82,0.9245,3,2.855,0.936,6,0
IWM191108C157,2019-11-07,2019-11-07 09:31:08,2.98,0.977,58,2.73,0.895,258,2.82,0.9245,3,2.855,0.936,6,0
IWM191108C157,2019-11-07,2019-11-07 09:31:09,3.0,0.9836,15,2.77,0.9081,114,2.82,0.9245,3,2.885,0.9459,6,0
IWM191108C157,2019-11-07,2019-11-07 09:31:10,3.01,0.9868,56,2.78,0.9114,271,2.82,0.9245,3,2.895,0.9491,6,0
IWM191108C157,2019-11-07,2019-11-07 09:31:10,3.01,0.9868,49,2.78,0.9114,185,2.82,0.9245,3,2.895,0.9491,6,0
IWM191108C157,2019-11-07,2019-11-07 09:31:11,3.01,0.9868,79,2.78,0.9114,457,2.82,0.9245,3,2.895,0.9491,6,0
IWM191108C157,2019-11-07,2019-11-07 09:31:12,3.01,0.9868,168,2.78,0.9114,261,2.82,0.9245,3,2.895,0.9491,6,0
IWM191108C157,2019-11-07,2019-11-07 09:31:12,3.01,0.9868,170,2.78,0.9114,366,2.82,0.9245,3,2.895,0.9491,6,0
IWM191108C157,2019-11-07,2019-11-07 09:31:13,3.01,0.9868,170,2.78,0.9114,366,2.82,0.9245,3,2.895,0.9491,6,0
IWM191108C157,2019-11-07,2019-11-07 09:31:13,3.01,0.9868,170,2.78,0.9114,438,2.82,0.9245,3,2.895,0.9491,6,0
IWM191108C157,2019-11-07,2019-11-07 09:31:14,3.01,0.9868,215,2.78,0.9114,449,2.82,0.9245,3,2.895,0.9491,6,0
IWM191108C157,2019-11-07,2019-11-07 09:31:15,3.01,0.9868,215,2.78,0.9114,453,2.82,0.9245,3,2.895,0.9491,6,0
IWM191108C157,2019-11-07,2019-11-07 09:31:15,3.01,0.9868,215,2.78,0.9114,530,2.82,0.9245,3,2.895,0.9491,6,0
IWM191108C157,2019-11-07,2019-11-07 09:31:16,3.01,0.9868,20,2.79,0.9147,317,2.82,0.9245,3,2.9,0.9508,6,0
IWM191108C157,2019-11-07,2019-11-07 09:31:16,3.02,0.9901,44,2.79,0.9147,385,2.82,0.9245,3,2.905,0.9524,6,0
IWM191108C157,2019-11-07,2019-11-07 09:31:17,3.02,0.9901,57,2.81,0.9213,272,2.82,0.9245,3,2.915,0.9557,6,0
IWM191108C157,2019-11-07,2019-11-07 09:31:17,3.02,0.9901,57,2.79,0.9147,565,2.82,0.9245,3,2.905,0.9524,6,0
IWM191108C157,2019-11-07,2019-11-07 09:31:18,3.02,0.9901,59,2.81,0.9213,272,2.82,0.9245,3,2.915,0.9557,6,0
IWM191108C157,2019-11-07,2019-11-07 09:31:18,3.02,0.9901,92,2.81,0.9213,313,2.82,0.9245,3,2.915,0.9557,6,0
IWM191108C157,2019-11-07,2019-11-07 09:31:19,3.02,0.9901,155,2.81,0.9213,495,2.82,0.9245,3,2.915,0.9557,6,0
IWM191108C157,2019-11-07,2019-11-07 09:31:19,3.02,0.9901,177,2.81,0.9213,495,2.82,0.9245,3,2.915,0.9557,6,0
IWM191108C157,2019-11-07,2019-11-07 09:31:20,3.02,0.9901,184,2.81,0.9213,268,2.82,0.9245,3,2.915,0.9557,6,0
IWM191108C157,2019-11-07,2019-11-07 09:31:20,3.02,0.9901,177,2.81,0.9213,495,2.82,0.9245,3,2.915,0.9557,6,0
IWM191108C157,2019-11-07,2019-11-07 09:31:21,3.02,0.9901,195,2.81,0.9213,241,2.82,0.9245,3,2.915,0.9557,6,0
IWM191108C157,2019-11-07,2019-11-07 09:31:21,3.02,0.9901,217,2.81,0.9213,241,2.82,0.9245,3,2.915,0.9557,6,0
IWM191108C157,2019-11-07,2019-11-07 09:31:22,3.02,0.9901,259,2.81,0.9213,262,2.82,0.9245,3,2.915,0.9557,6,0
IWM191108C157,2019-11-07,2019-11-07 09:31:22,3.02,0.9901,217,2.81,0.9213,275,2.82,0.9245,3,2.915,0.9557,6,0
IWM191108C157,2019-11-07,2019-11-07 09:31:23,3.02,0.9901,259,2.81,0.9213,321,2.82,0.9245,3,2.915,0.9557,6,0
IWM191108C157,2019-11-07,2019-11-07 09:31:24,3.02,0.9901,213,2.81,0.9213,321,2.82,0.9245,3,2.915,0.9557,6,0
IWM191108C157,2019-11-07,2019-11-07 09:31:25,3.02,0.9901,247,2.81,0.9213,321,2.82,0.9245,3,2.915,0.9557,6,0
IWM191108C157,2019-11-07,2019-11-07 09:31:26,3.02,0.9901,257,2.81,0.9213,321,2.82,0.9245,3,2.915,0.9557,6,0
IWM191108C157,2019-11-07,2019-11-07 09:31:27,3.02,0.9901,299,2.81,0.9213,321,2.82,0.9245,3,2.915,0.9557,6,0
IWM191108C157,2019-11-07,2019-11-07 09:31:27,3.02,0.9901,187,2.81,0.9213,194,2.82,0.9245,3,2.915,0.9557,6,0
IWM191108C157,2019-11-07,2019-11-07 09:31:28,3.02,0.9901,243,2.81,0.9213,296,2.82,0.9245,3,2.915,0.9557,6,0
IWM191108C157,2019-11-07,2019-11-07 09:31:28,3.02,0.9901,256,2.81,0.9213,241,2.82,0.9245,3,2.915,0.9557,6,0
IWM191108C157,2019-11-07,2019-11-07 09:31:29,3.02,0.9901,303,2.81,0.9213,273,2.82,0.9245,3,2.915,0.9557,6,0
IWM191108C157,2019-11-07,2019-11-07 09:31:29,3.02,0.9901,259,2.81,0.9213,283,2.82,0.9245,3,2.915,0.9557,6,0
IWM191108C157,2019-11-07,2019-11-07 09:31:30,3.02,0.9901,303,2.81,0.9213,273,2.82,0.9245,3,2.915,0.9557,6,0
IWM191108C157,2019-11-07,2019-11-07 09:31:30,3.02,0.9901,236,2.81,0.9213,244,2.82,0.9245,3,2.915,0.9557,6,0
IWM191108C157,2019-11-07,2019-11-07 09:31:31,3.02,0.9901,266,2.81,0.9213,423,2.82,0.9245,3,2.915,0.9557,6,0
IWM191108C157,2019-11-07,2019-11-07 09:31:32,3.02,0.9901,266,2.81,0.9213,423,2.82,0.9245,3,2.915,0.9557,6,0
IWM191108C157,2019-11-07,2019-11-07 09:31:32,3.02,0.9901,256,2.81,0.9213,1498,2.81,0.9213,10,2.915,0.9557,16,10
IWM191108C157,2019-11-07,2019-11-07 09:31:33,3.02,0.9901,281,2.81,0.9213,1498,2.81,0.9213,10,2.915,0.9557,16,0
IWM191108C157,2019-11-07,2019-11-07 09:31:33,3.02,0.9901,269,2.81,0.9213,1498,2.81,0.9213,10,2.915,0.9557,16,0
IWM191108C157,2019-11-07,2019-11-07 09:31:34,3.02,0.9901,289,2.81,0.9213,1135,2.81,0.9213,10,2.915,0.9557,16,0
IWM191108C157,2019-11-07,2019-11-07 09:31:34,3.02,0.9901,281,2.81,0.9213,1498,2.81,0.9213,10,2.915,0.9557,16,0
IWM191108C157,2019-11-07,2019-11-07 09:31:35,3.01,0.9868,156,2.81,0.9213,1493,2.81,0.9213,10,2.91,0.954,16,0
IWM191108C157,2019-11-07,2019-11-07 09:31:35,3.01,0.9868,20,2.81,0.9213,1493,2.81,0.9213,10,2.91,0.954,16,0
IWM191108C157,2019-11-07,2019-11-07 09:31:36,3.01,0.9868,34,2.81,0.9213,1493,2.81,0.9213,10,2.91,0.954,16,0
IWM191108C157,2019-11-07,2019-11-07 09:31:36,3.01,0.9868,69,2.83,0.9278,591,2.81,0.9213,10,2.92,0.9573,16,0
IWM191108C157,2019-11-07,2019-11-07 09:31:37,3.01,0.9868,147,2.83,0.9278,309,2.81,0.9213,10,2.92,0.9573,16,0
IWM191108C157,2019-11-07,2019-11-07 09:31:37,3.01,0.9868,160,2.83,0.9278,169,2.81,0.9213,10,2.92,0.9573,16,0
IWM191108C157,2019-11-07,2019-11-07 09:31:38,3.01,0.9868,91,2.83,0.9278,144,2.81,0.9213,10,2.92,0.9573,16,0
IWM191108C157,2019-11-07,2019-11-07 09:31:38,3.01,0.9868,164,2.83,0.9278,169,2.81,0.9213,10,2.92,0.9573,16,0
IWM191108C157,2019-11-07,2019-11-07 09:31:39,3.01,0.9868,78,2.83,0.9278,223,2.81,0.9213,10,2.92,0.9573,16,0
IWM191108C157,2019-11-07,2019-11-07 09:31:39,3.01,0.9868,63,2.83,0.9278,223,2.81,0.9213,10,2.92,0.9573,16,0
IWM191108C157,2019-11-07,2019-11-07 09:31:40,3.01,0.9868,110,2.83,0.9278,148,2.81,0.9213,10,2.92,0.9573,16,0
IWM191108C157,2019-11-07,2019-11-07 09:31:40,3.01,0.9868,72,2.83,0.9278,148,2.81,0.9213,10,2.92,0.9573,16,0
IWM191108C157,2019-11-07,2019-11-07 09:31:41,3.01,0.9868,62,2.83,0.9278,168,2.81,0.9213,10,2.92,0.9573,16,0
IWM191108C157,2019-11-07,2019-11-07 09:31:41,3.01,0.9868,152,2.83,0.9278,172,2.81,0.9213,10,2.92,0.9573,16,0
IWM191108C157,2019-11-07,2019-11-07 09:31:42,3.01,0.9868,224,2.83,0.9278,244,2.81,0.9213,10,2.92,0.9573,16,0
IWM191108C157,2019-11-07,2019-11-07 09:31:43,3.01,0.9868,234,2.83,0.9278,291,2.81,0.9213,10,2.92,0.9573,16,0
IWM191108C157,2019-11-07,2019-11-07 09:31:43,3.01,0.9868,74,2.83,0.9278,122,2.81,0.9213,10,2.92,0.9573,16,0
IWM191108C157,2019-11-07,2019-11-07 09:31:44,3.01,0.9868,103,2.83,0.9278,105,2.81,0.9213,10,2.92,0.9573,16,0
IWM191108C157,2019-11-07,2019-11-07 09:31:44,3.01,0.9868,228,2.83,0.9278,196,2.81,0.9213,10,2.92,0.9573,16,0
IWM191108C157,2019-11-07,2019-11-07 09:31:45,3.01,0.9868,225,2.83,0.9278,169,2.81,0.9213,10,2.92,0.9573,16,0
IWM191108C157,2019-11-07,2019-11-07 09:31:45,3.01,0.9868,261,2.83,0.9278,196,2.81,0.9213,10,2.92,0.9573,16,0
IWM191108C157,2019-11-07,2019-11-07 09:31:46,3.01,0.9868,290,2.83,0.9278,228,2.81,0.9213,10,2.92,0.9573,16,0
IWM191108C157,2019-11-07,2019-11-07 09:31:47,3.01,0.9868,310,2.83,0.9278,228,2.81,0.9213,10,2.92,0.9573,16,0
IWM191108C157,2019-11-07,2019-11-07 09:31:47,3.01,0.9868,312,2.83,0.9278,205,2.81,0.9213,10,2.92,0.9573,16,0
IWM191108C157,2019-11-07,2019-11-07 09:31:48,3.01,0.9868,312,2.83,0.9278,205,2.81,0.9213,10,2.92,0.9573,16,0
IWM191108C157,2019-11-07,2019-11-07 09:31:49,3.01,0.9868,312,2.83,0.9278,330,2.81,0.9213,10,2.92,0.9573,16,0
IWM191108C157,2019-11-07,2019-11-07 09:31:50,3.01,0.9868,312,2.83,0.9278,330,2.81,0.9213,10,2.92,0.9573,16,0
IWM191108C157,2019-11-07,2019-11-07 09:31:50,3.01,0.9868,312,2.77,0.9081,2,2.81,0.9213,10,2.89,0.9475,16,0
IWM191108C157,2019-11-07,2019-11-07 09:31:51,3.01,0.9868,155,2.8,0.918,100,2.81,0.9213,10,2.905,0.9524,16,0
IWM191108C157,2019-11-07,2019-11-07 09:31:51,3.01,0.9868,155,2.83,0.9278,84,2.81,0.9213,10,2.92,0.9573,16,0
IWM191108C157,2019-11-07,2019-11-07 09:31:52,3.01,0.9868,153,2.8,0.918,156,2.81,0.9213,10,2.905,0.9524,16,0
IWM191108C157,2019-11-07,2019-11-07 09:31:52,3.01,0.9868,225,2.8,0.918,132,2.81,0.9213,10,2.905,0.9524,16,0
IWM191108C157,2019-11-07,2019-11-07 09:31:53,3.01,0.9868,154,2.8,0.918,197,2.81,0.9213,10,2.905,0.9524,16,0
IWM191108C157,2019-11-07,2019-11-07 09:31:53,3.01,0.9868,132,2.8,0.918,242,2.81,0.9213,10,2.905,0.9524,16,0
IWM191108C157,2019-11-07,2019-11-07 09:31:54,3.01,0.9868,206,2.82,0.9245,144,2.81,0.9213,10,2.915,0.9557,16,0
IWM191108C157,2019-11-07,2019-11-07 09:31:54,3.01,0.9868,59,2.82,0.9245,79,2.81,0.9213,10,2.915,0.9557,16,0
IWM191108C157,2019-11-07,2019-11-07 09:31:55,3.01,0.9868,224,2.82,0.9245,202,2.81,0.9213,10,2.915,0.9557,16,0
IWM191108C157,2019-11-07,2019-11-07 09:31:55,3.01,0.9868,238,2.82,0.9245,158,2.81,0.9213,10,2.915,0.9557,16,0
IWM191108C157,2019-11-07,2019-11-07 09:31:56,3.01,0.9868,290,2.82,0.9245,158,2.81,0.9213,10,2.915,0.9557,16,0
IWM191108C157,2019-11-07,2019-11-07 09:31:57,3.01,0.9868,279,2.82,0.9245,189,2.81,0.9213,10,2.915,0.9557,16,0
IWM191108C157,2019-11-07,2019-11-07 09:31:57,3.01,0.9868,279,2.82,0.9245,158,2.81,0.9213,10,2.915,0.9557,16,0
IWM191108C157,2019-11-07,2019-11-07 09:31:58,3.01,0.9868,577,2.82,0.9245,70,2.81,0.9213,10,2.915,0.9557,16,0
IWM191108C157,2019-11-07,2019-11-07 09:31:58,3.01,0.9868,419,2.82,0.9245,44,2.81,0.9213,10,2.915,0.9557,16,0
IWM191108C157,2019-11-07,2019-11-07 09:31:59,3.01,0.9868,592,2.82,0.9245,36,2.81,0.9213,10,2.915,0.9557,16,0
IWM191108C157,2019-11-07,2019-11-07 09:31:59,3.01,0.9868,419,2.82,0.9245,44,2.81,0.9213,10,2.915,0.9557,16,0
IWM191108C157,2019-11-07,2019-11-07 09:32:00,3.01,0.9868,592,2.82,0.9245,36,2.81,0.9213,10,2.915,0.9557,16,0
IWM191108C157,2019-11-07,2019-11-07 09:32:00,3.01,0.9868,556,2.82,0.9245,41,2.81,0.9213,10,2.915,0.9557,16,0
IWM191108C157,2019-11-07,2019-11-07 09:32:01,3.01,0.9868,261,2.82,0.9245,701,2.81,0.9213,10,2.915,0.9557,16,0
IWM191108C157,2019-11-07,2019-11-07 09:32:01,3.01,0.9868,216,2.82,0.9245,695,2.81,0.9213,10,2.915,0.9557,16,0
IWM191108C157,2019-11-07,2019-11-07 09:32:02,3.01,0.9868,342,2.82,0.9245,754,2.81,0.9213,10,2.915,0.9557,16,0
IWM191108C157,2019-11-07,2019-11-07 09:32:02,3.01,0.9868,261,2.82,0.9245,754,2.81,0.9213,10,2.915,0.9557,16,0
IWM191108C157,2019-11-07,2019-11-07 09:32:03,3.01,0.9868,342,2.82,0.9245,512,2.81,0.9213,10,2.915,0.9557,16,0
IWM191108C157,2019-11-07,2019-11-07 09:32:04,3.01,0.9868,342,2.82,0.9245,233,2.81,0.9213,10,2.915,0.9557,16,0
IWM191108C157,2019-11-07,2019-11-07 09:32:04,3.01,0.9868,342,2.82,0.9245,167,2.81,0.9213,10,2.915,0.9557,16,0
IWM191108C157,2019-11-07,2019-11-07 09:32:05,3.0,0.9836,8,2.82,0.9245,92,2.81,0.9213,10,2.91,0.954,16,0
IWM191108C157,2019-11-07,2019-11-07 09:32:05,3.01,0.9868,342,2.82,0.9245,102,2.81,0.9213,10,2.915,0.9557,16,0
IWM191108C157,2019-11-07,2019-11-07 09:32:06,3.0,0.9836,363,2.82,0.9245,85,2.81,0.9213,10,2.91,0.954,16,0
IWM191108C157,2019-11-07,2019-11-07 09:32:06,3.0,0.9836,333,2.82,0.9245,85,2.81,0.9213,10,2.91,0.954,16,0
IWM191108C157,2019-11-07,2019-11-07 09:32:07,3.0,0.9836,460,2.82,0.9245,63,2.81,0.9213,10,2.91,0.954,16,0
IWM191108C157,2019-11-07,2019-11-07 09:32:07,3.0,0.9836,460,2.82,0.9245,85,2.81,0.9213,10,2.91,0.954,16,0
IWM191108C157,2019-11-07,2019-11-07 09:32:08,3.0,0.9836,538,2.82,0.9245,63,2.81,0.9213,10,2.91,0.954,16,0
IWM191108C157,2019-11-07,2019-11-07 09:32:09,3.0,0.9836,547,2.82,0.9245,63,2.81,0.9213,10,2.91,0.954,16,0
IWM191108C157,2019-11-07,2019-11-07 09:32:10,3.0,0.9836,247,2.82,0.9245,41,2.81,0.9213,10,2.91,0.954,16,0
IWM191108C157,2019-11-07,2019-11-07 09:32:10,3.0,0.9836,352,2.75,0.9016,20,2.81,0.9213,10,2.875,0.9426,16,0
IWM191108C157,2019-11-07,2019-11-07 09:32:11,3.0,0.9836,461,2.75,0.9016,318,2.81,0.9213,10,2.875,0.9426,16,0
IWM191108C157,2019-11-07,2019-11-07 09:32:11,3.0,0.9836,376,2.75,0.9016,150,2.81,0.9213,10,2.875,0.9426,16,0
IWM191108C157,2019-11-07,2019-11-07 09:32:12,3.0,0.9836,461,2.75,0.9016,318,2.81,0.9213,10,2.875,0.9426,16,0
IWM191108C157,2019-11-07,2019-11-07 09:32:13,3.0,0.9836,37,2.75,0.9016,9,2.81,0.9213,10,2.875,0.9426,16,0
IWM191108C157,2019-11-07,2019-11-07 09:32:13,3.0,0.9836,250,2.75,0.9016,839,2.81,0.9213,10,2.875,0.9426,16,0
IWM191108C157,2019-11-07,2019-11-07 09:32:14,3.0,0.9836,331,2.75,0.9016,902,2.81,0.9213,10,2.875,0.9426,16,0
IWM191108C157,2019-11-07,2019-11-07 09:32:14,3.0,0.9836,331,2.75,0.9016,512,2.81,0.9213,10,2.875,0.9426,16,0
IWM191108C157,2019-11-07,2019-11-07 09:32:15,3.0,0.9836,351,2.78,0.9114,275,2.81,0.9213,10,2.89,0.9475,16,0
IWM191108C157,2019-11-07,2019-11-07 09:32:15,3.0,0.9836,331,2.78,0.9114,120,2.81,0.9213,10,2.89,0.9475,16,0
IWM191108C157,2019-11-07,2019-11-07 09:32:16,3.0,0.9836,383,2.78,0.9114,348,2.81,0.9213,10,2.89,0.9475,16,0
IWM191108C157,2019-11-07,2019-11-07 09:32:16,3.0,0.9836,383,2.78,0.9114,420,2.81,0.9213,10,2.89,0.9475,16,0
IWM191108C157,2019-11-07,2019-11-07 09:32:17,3.0,0.9836,365,2.78,0.9114,293,2.81,0.9213,10,2.89,0.9475,16,0
IWM191108C157,2019-11-07,2019-11-07 09:32:17,3.0,0.9836,383,2.78,0.9114,293,2.81,0.9213,10,2.89,0.9475,16,0
IWM191108C157,2019-11-07,2019-11-07 09:32:18,3.0,0.9836,365,2.78,0.9114,222,2.81,0.9213,10,2.89,0.9475,16,0
IWM191108C157,2019-11-07,2019-11-07 09:32:19,3.0,0.9836,365,2.78,0.9114,222,2.81,0.9213,10,2.89,0.9475,16,0
IWM191108C157,2019-11-07,2019-11-07 09:32:20,3.0,0.9836,365,2.78,0.9114,222,2.81,0.9213,10,2.89,0.9475,16,0
IWM191108C157,2019-11-07,2019-11-07 09:32:21,3.0,0.9836,340,2.78,0.9114,99,2.81,0.9213,10,2.89,0.9475,16,0
IWM191108C157,2019-11-07,2019-11-07 09:32:21,3.0,0.9836,340,2.78,0.9114,24,2.81,0.9213,10,2.89,0.9475,16,0
IWM191108C157,2019-11-07,2019-11-07 09:32:22,3.0,0.9836,340,2.76,0.9049,115,2.81,0.9213,10,2.88,0.9442,16,0
IWM191108C157,2019-11-07,2019-11-07 09:32:23,3.0,0.9836,345,2.77,0.9081,129,2.81,0.9213,10,2.885,0.9459,16,0
IWM191108C157,2019-11-07,2019-11-07 09:32:24,3.0,0.9836,345,2.77,0.9081,129,2.81,0.9213,10,2.885,0.9459,16,0
IWM191108C157,2019-11-07,2019-11-07 09:32:24,3.0,0.9836,345,2.77,0.9081,150,2.81,0.9213,10,2.885,0.9459,16,0
IWM191108C157,2019-11-07,2019-11-07 09:32:25,3.0,0.9836,335,2.77,0.9081,150,2.81,0.9213,10,2.885,0.9459,16,0
IWM191108C157,2019-11-07,2019-11-07 09:32:26,3.0,0.9836,345,2.77,0.9081,158,2.81,0.9213,10,2.885,0.9459,16,0
IWM191108C157,2019-11-07,2019-11-07 09:32:26,3.0,0.9836,469,2.77,0.9081,158,2.81,0.9213,10,2.885,0.9459,16,0
IWM191108C157,2019-11-07,2019-11-07 09:32:27,3.0,0.9836,345,2.77,0.9081,158,2.81,0.9213,10,2.885,0.9459,16,0
IWM191108C157,2019-11-07,2019-11-07 09:32:28,3.0,0.9836,345,2.77,0.9081,158,2.81,0.9213,10,2.885,0.9459,16,0
IWM191108C157,2019-11-07,2019-11-07 09:32:29,3.0,0.9836,345,2.77,0.9081,158,2.81,0.9213,10,2.885,0.9459,16,0
IWM191108C157,2019-11-07,2019-11-07 09:32:30,3.0,0.9836,345,2.77,0.9081,158,2.81,0.9213,10,2.885,0.9459,16,0
IWM191108C157,2019-11-07,2019-11-07 09:32:31,3.0,0.9836,345,2.77,0.9081,167,2.81,0.9213,10,2.885,0.9459,16,0
IWM191108C157,2019-11-07,2019-11-07 09:32:31,3.0,0.9836,367,2.77,0.9081,167,2.81,0.9213,10,2.885,0.9459,16,0
IWM191108C157,2019-11-07,2019-11-07 09:32:32,3.0,0.9836,367,2.77,0.9081,167,2.81,0.9213,10,2.885,0.9459,16,0
IWM191108C157,2019-11-07,2019-11-07 09:32:33,3.0,0.9836,367,2.77,0.9081,167,2.81,0.9213,10,2.885,0.9459,16,0
IWM191108C157,2019-11-07,2019-11-07 09:32:34,3.0,0.9836,150,2.77,0.9081,38,2.81,0.9213,10,2.885,0.9459,16,0
IWM191108C157,2019-11-07,2019-11-07 09:32:34,3.0,0.9836,243,2.77,0.9081,150,2.81,0.9213,10,2.885,0.9459,16,0
IWM191108C157,2019-11-07,2019-11-07 09:32:35,3.0,0.9836,243,2.77,0.9081,150,2.81,0.9213,10,2.885,0.9459,16,0
IWM191108C157,2019-11-07,2019-11-07 09:32:35,3.0,0.9836,284,2.77,0.9081,150,2.81,0.9213,10,2.885,0.9459,16,0
IWM191108C157,2019-11-07,2019-11-07 09:32:36,3.0,0.9836,284,2.77,0.9081,627,2.81,0.9213,10,2.885,0.9459,16,0
IWM191108C157,2019-11-07,2019-11-07 09:32:36,3.0,0.9836,227,2.77,0.9081,617,2.81,0.9213,10,2.885,0.9459,16,0
IWM191108C157,2019-11-07,2019-11-07 09:32:37,3.0,0.9836,227,2.8,0.918,150,2.81,0.9213,10,2.9,0.9508,16,0
IWM191108C157,2019-11-07,2019-11-07 09:32:37,3.0,0.9836,227,2.8,0.918,3,2.81,0.9213,10,2.9,0.9508,16,0
IWM191108C157,2019-11-07,2019-11-07 09:32:38,3.0,0.9836,87,2.8,0.918,133,2.81,0.9213,10,2.9,0.9508,16,0
IWM191108C157,2019-11-07,2019-11-07 09:32:38,3.0,0.9836,117,2.8,0.918,668,2.81,0.9213,10,2.9,0.9508,16,0
IWM191108C157,2019-11-07,2019-11-07 09:32:39,3.0,0.9836,141,2.8,0.918,348,2.81,0.9213,10,2.9,0.9508,16,0
IWM191108C157,2019-11-07,2019-11-07 09:32:39,3.0,0.9836,122,2.8,0.918,626,2.81,0.9213,10,2.9,0.9508,16,0
IWM191108C157,2019-11-07,2019-11-07 09:32:40,3.0,0.9836,182,2.8,0.918,626,2.81,0.9213,10,2.9,0.9508,16,0
IWM191108C157,2019-11-07,2019-11-07 09:32:40,3.0,0.9836,141,2.8,0.918,585,2.81,0.9213,10,2.9,0.9508,16,0
IWM191108C157,2019-11-07,2019-11-07 09:32:41,3.0,0.9836,182,2.8,0.918,626,2.81,0.9213,10,2.9,0.9508,16,0
IWM191108C157,2019-11-07,2019-11-07 09:32:42,3.0,0.9836,143,2.81,0.9213,232,2.81,0.9213,10,2.905,0.9524,16,0
IWM191108C157,2019-11-07,2019-11-07 09:32:42,3.0,0.9836,182,2.81,0.9213,232,2.81,0.9213,10,2.905,0.9524,16,0
IWM191108C157,2019-11-07,2019-11-07 09:32:43,3.0,0.9836,247,2.81,0.9213,340,2.81,0.9213,10,2.905,0.9524,16,0
IWM191108C157,2019-11-07,2019-11-07 09:32:43,3.0,0.9836,235,2.81,0.9213,232,2.81,0.9213,10,2.905,0.9524,16,0
IWM191108C157,2019-11-07,2019-11-07 09:32:44,3.0,0.9836,354,2.81,0.9213,340,2.81,0.9213,10,2.905,0.9524,16,0
IWM191108C157,2019-11-07,2019-11-07 09:32:45,3.0,0.9836,413,2.81,0.9213,141,2.81,0.9213,10,2.905,0.9524,16,0
IWM191108C157,2019-11-07,2019-11-07 09:32:46,3.0,0.9836,413,2.81,0.9213,141,2.81,0.9213,10,2.905,0.9524,16,0
IWM191108C157,2019-11-07,2019-11-07 09:32:47,3.0,0.9836,403,2.81,0.9213,141,2.81,0.9213,10,2.905,0.9524,16,0
IWM191108C157,2019-11-07,2019-11-07 09:32:47,3.0,0.9836,413,2.81,0.9213,141,2.81,0.9213,10,2.905,0.9524,16,0
IWM191108C157,2019-11-07,2019-11-07 09:32:48,3.0,0.9836,413,2.81,0.9213,141,2.81,0.9213,10,2.905,0.9524,16,0
IWM191108C157,2019-11-07,2019-11-07 09:32:49,3.0,0.9836,470,2.81,0.9213,287,2.81,0.9213,10,2.905,0.9524,16,0
IWM191108C157,2019-11-07,2019-11-07 09:32:49,3.0,0.9836,470,2.81,0.9213,313,2.81,0.9213,10,2.905,0.9524,16,0
IWM191108C157,2019-11-07,2019-11-07 09:32:50,3.0,0.9836,393,2.81,0.9213,135,2.81,0.9213,10,2.905,0.9524,16,0
IWM191108C157,2019-11-07,2019-11-07 09:32:50,3.0,0.9836,393,2.81,0.9213,147,2.81,0.9213,10,2.905,0.9524,16,0
IWM191108C157,2019-11-07,2019-11-07 09:32:51,3.0,0.9836,393,2.81,0.9213,35,2.81,0.9213,10,2.905,0.9524,16,0
IWM191108C157,2019-11-07,2019-11-07 09:32:51,3.0,0.9836,532,2.81,0.9213,180,2.81,0.9213,10,2.905,0.9524,16,0
IWM191108C157,2019-11-07,2019-11-07 09:32:52,3.0,0.9836,393,2.81,0.9213,47,2.81,0.9213,10,2.905,0.9524,16,0
IWM191108C157,2019-11-07,2019-11-07 09:32:52,3.0,0.9836,418,2.81,0.9213,61,2.81,0.9213,10,2.905,0.9524,16,0
IWM191108C157,2019-11-07,2019-11-07 09:32:53,3.0,0.9836,552,2.81,0.9213,187,2.81,0.9213,10,2.905,0.9524,16,0
IWM191108C157,2019-11-07,2019-11-07 09:32:53,3.0,0.9836,552,2.81,0.9213,110,2.81,0.9213,10,2.905,0.9524,16,0
IWM191108C157,2019-11-07,2019-11-07 09:32:54,3.0,0.9836,552,2.81,0.9213,70,2.81,0.9213,10,2.905,0.9524,16,0
IWM191108C157,2019-11-07,2019-11-07 09:32:54,3.0,0.9836,552,2.81,0.9213,50,2.81,0.9213,10,2.905,0.9524,16,0
IWM191108C157,2019-11-07,2019-11-07 09:32:55,3.0,0.9836,552,2.81,0.9213,70,2.81,0.9213,10,2.905,0.9524,16,0
IWM191108C157,2019-11-07,2019-11-07 09:32:55,3.0,0.9836,393,2.81,0.9213,70,2.81,0.9213,10,2.905,0.9524,16,0
IWM191108C157,2019-11-07,2019-11-07 09:32:56,3.0,0.9836,263,2.81,0.9213,55,2.81,0.9213,10,2.905,0.9524,16,0
IWM191108C157,2019-11-07,2019-11-07 09:32:56,3.0,0.9836,393,2.81,0.9213,55,2.81,0.9213,10,2.905,0.9524,16,0
IWM191108C157,2019-11-07,2019-11-07 09:32:57,3.0,0.9836,405,2.81,0.9213,55,2.81,0.9213,10,2.905,0.9524,16,0
IWM191108C157,2019-11-07,2019-11-07 09:32:58,3.0,0.9836,405,2.81,0.9213,62,2.81,0.9213,10,2.905,0.9524,16,0
IWM191108C157,2019-11-07,2019-11-07 09:32:59,3.0,0.9836,485,2.81,0.9213,62,2.81,0.9213,10,2.905,0.9524,16,0
IWM191108C157,2019-11-07,2019-11-07 09:32:59,3.0,0.9836,485,2.81,0.9213,90,2.81,0.9213,10,2.905,0.9524,16,0
IWM191108C157,2019-11-07,2019-11-07 09:33:00,3.0,0.9836,491,2.81,0.9213,137,2.81,0.9213,10,2.905,0.9524,16,0
IWM191108C157,2019-11-07,2019-11-07 09:33:01,3.0,0.9836,195,2.81,0.9213,222,2.81,0.9213,10,2.905,0.9524,16,0
IWM191108C157,2019-11-07,2019-11-07 09:33:02,3.0,0.9836,237,2.81,0.9213,235,2.81,0.9213,10,2.905,0.9524,16,0
IWM191108C157,2019-11-07,2019-11-07 09:33:08,3.01,0.9868,208,2.83,0.9278,150,2.81,0.9213,10,2.92,0.9573,16,0
IWM191108C157,2019-11-07,2019-11-07 09:33:12,3.01,0.9868,172,2.83,0.9278,269,2.81,0.9213,10,2.92,0.9573,16,0
IWM191108C157,2019-11-07,2019-11-07 09:33:13,3.01,0.9868,60,2.83,0.9278,692,2.81,0.9213,10,2.92,0.9573,16,0
IWM191108C157,2019-11-07,2019-11-07 09:33:14,3.01,0.9868,62,2.83,0.9278,692,2.81,0.9213,10,2.92,0.9573,16,0
IWM191108C157,2019-11-07,2019-11-07 09:33:14,3.01,0.9868,60,2.83,0.9278,692,2.81,0.9213,10,2.92,0.9573,16,0
IWM191108C157,2019-11-07,2019-11-07 09:33:15,3.01,0.9868,98,2.83,0.9278,692,2.81,0.9213,10,2.92,0.9573,16,0
IWM191108C157,2019-11-07,2019-11-07 09:33:16,3.01,0.9868,83,2.83,0.9278,716,2.81,0.9213,10,2.92,0.9573,16,0
IWM191108C157,2019-11-07,2019-11-07 09:33:17,3.01,0.9868,57,2.86,0.9377,160,2.81,0.9213,10,2.935,0.9622,16,0
IWM191108C157,2019-11-07,2019-11-07 09:33:17,3.01,0.9868,54,2.83,0.9278,716,2.81,0.9213,10,2.92,0.9573,16,0
IWM191108C157,2019-11-07,2019-11-07 09:33:18,3.01,0.9868,147,2.86,0.9377,160,2.81,0.9213,10,2.935,0.9622,16,0
IWM191108C157,2019-11-07,2019-11-07 09:33:19,3.01,0.9868,107,2.86,0.9377,160,2.81,0.9213,10,2.935,0.9622,16,0
IWM191108C157,2019-11-07,2019-11-07 09:33:19,3.01,0.9868,146,2.86,0.9377,160,2.81,0.9213,10,2.935,0.9622,16,0
IWM191108C157,2019-11-07,2019-11-07 09:33:20,3.01,0.9868,146,2.86,0.9377,257,2.81,0.9213,10,2.935,0.9622,16,0
IWM191108C157,2019-11-07,2019-11-07 09:33:21,3.01,0.9868,146,2.86,0.9377,150,2.81,0.9213,10,2.935,0.9622,16,0
IWM191108C157,2019-11-07,2019-11-07 09:33:21,3.01,0.9868,159,2.86,0.9377,174,2.81,0.9213,10,2.935,0.9622,16,0
IWM191108C157,2019-11-07,2019-11-07 09:33:22,3.01,0.9868,286,2.86,0.9377,150,2.81,0.9213,10,2.935,0.9622,16,0
IWM191108C157,2019-11-07,2019-11-07 09:33:22,3.01,0.9868,159,2.86,0.9377,150,2.81,0.9213,10,2.935,0.9622,16,0
IWM191108C157,2019-11-07,2019-11-07 09:33:23,3.01,0.9868,280,2.86,0.9377,27,2.81,0.9213,10,2.935,0.9622,16,0
IWM191108C157,2019-11-07,2019-11-07 09:33:23,3.01,0.9868,306,2.85,0.9344,62,2.81,0.9213,10,2.93,0.9606,16,0
IWM191108C157,2019-11-07,2019-11-07 09:33:24,3.01,0.9868,428,2.84,0.9311,68,2.81,0.9213,10,2.925,0.959,16,0
IWM191108C157,2019-11-07,2019-11-07 09:33:24,3.01,0.9868,331,2.83,0.9278,110,2.81,0.9213,10,2.92,0.9573,16,0
IWM191108C157,2019-11-07,2019-11-07 09:33:25,3.01,0.9868,331,2.84,0.9311,48,2.81,0.9213,10,2.925,0.959,16,0
IWM191108C157,2019-11-07,2019-11-07 09:33:25,3.0,0.9836,396,2.83,0.9278,30,2.81,0.9213,10,2.915,0.9557,16,0
IWM191108C157,2019-11-07,2019-11-07 09:33:26,3.0,0.9836,486,2.83,0.9278,30,2.81,0.9213,10,2.915,0.9557,16,0
IWM191108C157,2019-11-07,2019-11-07 09:33:26,3.0,0.9836,550,2.83,0.9278,30,2.81,0.9213,10,2.915,0.9557,16,0
IWM191108C157,2019-11-07,2019-11-07 09:33:27,3.0,0.9836,550,2.82,0.9245,131,2.81,0.9213,10,2.91,0.954,16,0
IWM191108C157,2019-11-07,2019-11-07 09:33:28,3.0,0.9836,550,2.82,0.9245,131,2.81,0.9213,10,2.91,0.954,16,0
IWM191108C157,2019-11-07,2019-11-07 09:33:28,3.0,0.9836,431,2.82,0.9245,137,2.81,0.9213,10,2.91,0.954,16,0
IWM191108C157,2019-11-07,2019-11-07 09:33:29,3.0,0.9836,534,2.82,0.9245,137,2.81,0.9213,10,2.91,0.954,16,0
IWM191108C157,2019-11-07,2019-11-07 09:33:30,3.0,0.9836,550,2.82,0.9245,57,2.81,0.9213,10,2.91,0.954,16,0
IWM191108C157,2019-11-07,2019-11-07 09:33:30,3.0,0.9836,416,2.82,0.9245,119,2.81,0.9213,10,2.91,0.954,16,0
IWM191108C157,2019-11-07,2019-11-07 09:33:31,2.99,0.9803,435,2.81,0.9213,40,2.81,0.9213,10,2.9,0.9508,16,0
IWM191108C157,2019-11-07,2019-11-07 09:33:31,2.99,0.9803,120,2.82,0.9245,41,2.81,0.9213,10,2.905,0.9524,16,0
IWM191108C157,2019-11-07,2019-11-07 09:33:32,2.99,0.9803,423,2.81,0.9213,101,2.81,0.9213,10,2.9,0.9508,16,0
IWM191108C157,2019-11-07,2019-11-07 09:33:32,2.99,0.9803,537,2.81,0.9213,147,2.81,0.9213,10,2.9,0.9508,16,0
IWM191108C157,2019-11-07,2019-11-07 09:33:33,2.99,0.9803,516,2.81,0.9213,204,2.81,0.9213,10,2.9,0.9508,16,0
IWM191108C157,2019-11-07,2019-11-07 09:33:33,2.99,0.9803,516,2.81,0.9213,291,2.81,0.9213,10,2.9,0.9508,16,0
IWM191108C157,2019-11-07,2019-11-07 09:33:34,2.99,0.9803,505,2.81,0.9213,255,2.81,0.9213,10,2.9,0.9508,16,0
IWM191108C157,2019-11-07,2019-11-07 09:33:34,2.99,0.9803,366,2.81,0.9213,101,2.81,0.9213,10,2.9,0.9508,16,0
IWM191108C157,2019-11-07,2019-11-07 09:33:35,2.99,0.9803,505,2.81,0.9213,326,2.81,0.9213,10,2.9,0.9508,16,0
IWM191108C157,2019-11-07,2019-11-07 09:33:35,2.99,0.9803,505,2.81,0.9213,255,2.81,0.9213,10,2.9,0.9508,16,0
IWM191108C157,2019-11-07,2019-11-07 09:33:36,2.99,0.9803,515,2.81,0.9213,298,2.81,0.9213,10,2.9,0.9508,16,0
IWM191108C157,2019-11-07,2019-11-07 09:33:36,2.99,0.9803,505,2.81,0.9213,298,2.81,0.9213,10,2.9,0.9508,16,0
IWM191108C157,2019-11-07,2019-11-07 09:33:37,2.99,0.9803,515,2.81,0.9213,280,2.9,0.9508,1,2.9,0.9508,17,0
IWM191108C157,2019-11-07,2019-11-07 09:33:37,2.99,0.9803,515,2.81,0.9213,280,2.9,0.9508,1,2.9,0.9508,17,1
IWM191108C157,2019-11-07,2019-11-07 09:33:38,2.99,0.9803,281,2.81,0.9213,56,2.9,0.9508,1,2.9,0.9508,17,0
IWM191108C157,2019-11-07,2019-11-07 09:33:38,2.99,0.9803,455,2.81,0.9213,51,2.9,0.9508,1,2.9,0.9508,17,0
IWM191108C157,2019-11-07,2019-11-07 09:33:39,2.99,0.9803,455,2.81,0.9213,88,2.9,0.9508,1,2.9,0.9508,17,0
IWM191108C157,2019-11-07,2019-11-07 09:33:40,2.99,0.9803,453,2.81,0.9213,31,2.9,0.9508,1,2.9,0.9508,17,0
IWM191108C157,2019-11-07,2019-11-07 09:33:40,2.99,0.9803,427,2.81,0.9213,31,2.9,0.9508,1,2.9,0.9508,17,0
IWM191108C157,2019-11-07,2019-11-07 09:33:41,2.98,0.977,110,2.81,0.9213,31,2.9,0.9508,1,2.895,0.9491,17,0
IWM191108C157,2019-11-07,2019-11-07 09:33:41,2.98,0.977,110,2.78,0.9114,100,2.9,0.9508,1,2.88,0.9442,17,0
IWM191108C157,2019-11-07,2019-11-07 09:33:42,2.98,0.977,110,2.78,0.9114,65,2.9,0.9508,1,2.88,0.9442,17,0
IWM191108C157,2019-11-07,2019-11-07 09:33:42,2.98,0.977,110,2.78,0.9114,124,2.9,0.9508,1,2.88,0.9442,17,0
IWM191108C157,2019-11-07,2019-11-07 09:33:43,2.95,0.9672,428,2.78,0.9114,65,2.9,0.9508,1,2.865,0.9393,17,0
IWM191108C157,2019-11-07,2019-11-07 09:33:43,2.95,0.9672,442,2.78,0.9114,31,2.9,0.9508,1,2.865,0.9393,17,0
IWM191108C157,2019-11-07,2019-11-07 09:33:44,2.93,0.9606,390,2.76,0.9049,34,2.9,0.9508,1,2.845,0.9327,17,0
IWM191108C157,2019-11-07,2019-11-07 09:33:44,2.93,0.9606,350,2.76,0.9049,109,2.9,0.9508,1,2.845,0.9327,17,0
IWM191108C157,2019-11-07,2019-11-07 09:33:45,2.93,0.9606,435,2.76,0.9049,55,2.9,0.9508,1,2.845,0.9327,17,0
IWM191108C157,2019-11-07,2019-11-07 09:33:45,2.93,0.9606,425,2.76,0.9049,57,2.9,0.9508,1,2.845,0.9327,17,0
IWM191108C157,2019-11-07,2019-11-07 09:33:46,2.93,0.9606,459,2.76,0.9049,79,2.9,0.9508,1,2.845,0.9327,17,0
IWM191108C157,2019-11-07,2019-11-07 09:33:46,2.93,0.9606,459,2.76,0.9049,136,2.9,0.9508,1,2.845,0.9327,17,0
IWM191108C157,2019-11-07,2019-11-07 09:33:47,2.93,0.9606,459,2.76,0.9049,156,2.9,0.9508,1,2.845,0.9327,17,0
IWM191108C157,2019-11-07,2019-11-07 09:33:47,2.93,0.9606,411,2.76,0.9049,149,2.9,0.9508,1,2.845,0.9327,17,0
IWM191108C157,2019-11-07,2019-11-07 09:33:48,2.93,0.9606,400,2.74,0.8983,23,2.9,0.9508,1,2.835,0.9295,17,0
IWM191108C157,2019-11-07,2019-11-07 09:33:48,2.93,0.9606,545,2.76,0.9049,216,2.9,0.9508,1,2.845,0.9327,17,0
IWM191108C157,2019-11-07,2019-11-07 09:33:49,2.9,0.9508,373,2.73,0.895,66,2.9,0.9508,1,2.815,0.9229,17,0
IWM191108C157,2019-11-07,2019-11-07 09:33:49,2.88,0.9442,345,2.72,0.8918,41,2.9,0.9508,1,2.8,0.918,17,0
IWM191108C157,2019-11-07,2019-11-07 09:33:50,2.88,0.9442,355,2.72,0.8918,41,2.9,0.9508,1,2.8,0.918,17,0
IWM191108C157,2019-11-07,2019-11-07 09:33:50,2.88,0.9442,521,2.71,0.8885,91,2.9,0.9508,1,2.795,0.9163,17,0
IWM191108C157,2019-11-07,2019-11-07 09:33:51,2.88,0.9442,521,2.71,0.8885,96,2.9,0.9508,1,2.795,0.9163,17,0
IWM191108C157,2019-11-07,2019-11-07 09:33:52,2.88,0.9442,445,2.71,0.8885,107,2.9,0.9508,1,2.795,0.9163,17,0
IWM191108C157,2019-11-07,2019-11-07 09:33:53,2.88,0.9442,425,2.71,0.8885,175,2.9,0.9508,1,2.795,0.9163,17,0
IWM191108C157,2019-11-07,2019-11-07 09:33:54,2.88,0.9442,278,2.71,0.8885,205,2.9,0.9508,1,2.795,0.9163,17,0
IWM191108C157,2019-11-07,2019-11-07 09:33:54,2.88,0.9442,304,2.71,0.8885,197,2.9,0.9508,1,2.795,0.9163,17,0
IWM191108C157,2019-11-07,2019-11-07 09:33:55,2.88,0.9442,397,2.71,0.8885,247,2.9,0.9508,1,2.795,0.9163,17,0
IWM191108C157,2019-11-07,2019-11-07 09:33:55,2.88,0.9442,370,2.71,0.8885,260,2.9,0.9508,1,2.795,0.9163,17,0
IWM191108C157,2019-11-07,2019-11-07 09:33:56,2.88,0.9442,370,2.71,0.8885,260,2.9,0.9508,1,2.795,0.9163,17,0
IWM191108C157,2019-11-07,2019-11-07 09:33:56,2.88,0.9442,369,2.71,0.8885,260,2.9,0.9508,1,2.795,0.9163,17,0
IWM191108C157,2019-11-07,2019-11-07 09:33:57,2.88,0.9442,369,2.71,0.8885,260,2.9,0.9508,1,2.795,0.9163,17,0
IWM191108C157,2019-11-07,2019-11-07 09:33:58,2.88,0.9442,369,2.71,0.8885,260,2.9,0.9508,1,2.795,0.9163,17,0
IWM191108C157,2019-11-07,2019-11-07 09:33:58,2.88,0.9442,379,2.71,0.8885,243,2.9,0.9508,1,2.795,0.9163,17,0
IWM191108C157,2019-11-07,2019-11-07 09:33:59,2.88,0.9442,463,2.71,0.8885,346,2.9,0.9508,1,2.795,0.9163,17,0
IWM191108C157,2019-11-07,2019-11-07 09:33:59,2.88,0.9442,473,2.71,0.8885,321,2.9,0.9508,1,2.795,0.9163,17,0
IWM191108C157,2019-11-07,2019-11-07 09:34:00,2.88,0.9442,176,2.71,0.8885,321,2.9,0.9508,1,2.795,0.9163,17,0
IWM191108C157,2019-11-07,2019-11-07 09:34:00,2.88,0.9442,273,2.71,0.8885,73,2.9,0.9508,1,2.795,0.9163,17,0
IWM191108C157,2019-11-07,2019-11-07 09:34:01,2.88,0.9442,293,2.71,0.8885,66,2.9,0.9508,1,2.795,0.9163,17,0
IWM191108C157,2019-11-07,2019-11-07 09:34:04,2.86,0.9377,377,2.7,0.8852,140,2.9,0.9508,1,2.78,0.9114,17,0
IWM191108C157,2019-11-07,2019-11-07 09:34:04,2.86,0.9377,153,2.7,0.8852,194,2.9,0.9508,1,2.78,0.9114,17,0
IWM191108C157,2019-11-07,2019-11-07 09:34:05,2.86,0.9377,138,2.7,0.8852,243,2.9,0.9508,1,2.78,0.9114,17,0
IWM191108C157,2019-11-07,2019-11-07 09:34:05,2.86,0.9377,177,2.7,0.8852,252,2.9,0.9508,1,2.78,0.9114,17,0
IWM191108C157,2019-11-07,2019-11-07 09:34:06,2.86,0.9377,138,2.7,0.8852,243,2.9,0.9508,1,2.78,0.9114,17,0
IWM191108C157,2019-11-07,2019-11-07 09:34:07,2.86,0.9377,166,2.7,0.8852,294,2.9,0.9508,1,2.78,0.9114,17,0
IWM191108C157,2019-11-07,2019-11-07 09:34:07,2.86,0.9377,166,2.7,0.8852,335,2.9,0.9508,1,2.78,0.9114,17,0
IWM191108C157,2019-11-07,2019-11-07 09:34:08,2.86,0.9377,181,2.7,0.8852,294,2.9,0.9508,1,2.78,0.9114,17,0
IWM191108C157,2019-11-07,2019-11-07 09:34:08,2.86,0.9377,212,2.7,0.8852,294,2.9,0.9508,1,2.78,0.9114,17,0
IWM191108C157,2019-11-07,2019-11-07 09:34:09,2.86,0.9377,218,2.7,0.8852,156,2.9,0.9508,1,2.78,0.9114,17,0
IWM191108C157,2019-11-07,2019-11-07 09:34:09,2.86,0.9377,173,2.7,0.8852,274,2.9,0.9508,1,2.78,0.9114,17,0
IWM191108C157,2019-11-07,2019-11-07 09:34:10,2.86,0.9377,336,2.7,0.8852,126,2.9,0.9508,1,2.78,0.9114,17,0
IWM191108C157,2019-11-07,2019-11-07 09:34:10,2.86,0.9377,312,2.7,0.8852,130,2.9,0.9508,1,2.78,0.9114,17,0
IWM191108C157,2019-11-07,2019-11-07 09:34:11,2.86,0.9377,463,2.7,0.8852,148,2.9,0.9508,1,2.78,0.9114,17,0
IWM191108C157,2019-11-07,2019-11-07 09:34:11,2.86,0.9377,463,2.7,0.8852,120,2.9,0.9508,1,2.78,0.9114,17,0
IWM191108C157,2019-11-07,2019-11-07 09:34:12,2.86,0.9377,321,2.7,0.8852,97,2.9,0.9508,1,2.78,0.9114,17,0
IWM191108C157,2019-11-07,2019-11-07 09:34:12,2.86,0.9377,463,2.7,0.8852,158,2.9,0.9508,1,2.78,0.9114,17,0
IWM191108C157,2019-11-07,2019-11-07 09:34:13,2.86,0.9377,321,2.7,0.8852,97,2.9,0.9508,1,2.78,0.9114,17,0
IWM191108C157,2019-11-07,2019-11-07 09:34:14,2.86,0.9377,363,2.7,0.8852,112,2.9,0.9508,1,2.78,0.9114,17,0
IWM191108C157,2019-11-07,2019-11-07 09:34:15,2.86,0.9377,363,2.7,0.8852,182,2.9,0.9508,1,2.78,0.9114,17,0
IWM191108C157,2019-11-07,2019-11-07 09:34:15,2.86,0.9377,363,2.7,0.8852,140,2.9,0.9508,1,2.78,0.9114,17,0
IWM191108C157,2019-11-07,2019-11-07 09:34:16,2.86,0.9377,363,2.7,0.8852,144,2.9,0.9508,1,2.78,0.9114,17,0
IWM191108C157,2019-11-07,2019-11-07 09:34:17,2.86,0.9377,168,2.7,0.8852,247,2.9,0.9508,1,2.78,0.9114,17,0
IWM191108C157,2019-11-07,2019-11-07 09:34:17,2.86,0.9377,363,2.7,0.8852,115,2.9,0.9508,1,2.78,0.9114,17,0
IWM191108C157,2019-11-07,2019-11-07 09:34:18,2.86,0.9377,190,2.7,0.8852,319,2.9,0.9508,1,2.78,0.9114,17,0
IWM191108C157,2019-11-07,2019-11-07 09:34:19,2.86,0.9377,200,2.7,0.8852,319,2.9,0.9508,1,2.78,0.9114,17,0
IWM191108C157,2019-11-07,2019-11-07 09:34:19,2.86,0.9377,236,2.7,0.8852,319,2.9,0.9508,1,2.78,0.9114,17,0
IWM191108C157,2019-11-07,2019-11-07 09:34:20,2.86,0.9377,236,2.7,0.8852,319,2.9,0.9508,1,2.78,0.9114,17,0
IWM191108C157,2019-11-07,2019-11-07 09:34:21,2.86,0.9377,170,2.7,0.8852,355,2.9,0.9508,1,2.78,0.9114,17,0
IWM191108C157,2019-11-07,2019-11-07 09:34:22,2.86,0.9377,170,2.7,0.8852,355,2.9,0.9508,1,2.78,0.9114,17,0
IWM191108C157,2019-11-07,2019-11-07 09:34:23,2.86,0.9377,80,2.7,0.8852,295,2.9,0.9508,1,2.78,0.9114,17,0
IWM191108C157,2019-11-07,2019-11-07 09:34:24,2.86,0.9377,174,2.7,0.8852,401,2.9,0.9508,1,2.78,0.9114,17,0
IWM191108C157,2019-11-07,2019-11-07 09:34:24,2.86,0.9377,80,2.7,0.8852,401,2.9,0.9508,1,2.78,0.9114,17,0
IWM191108C157,2019-11-07,2019-11-07 09:34:25,2.86,0.9377,203,2.7,0.8852,401,2.9,0.9508,1,2.78,0.9114,17,0
IWM191108C157,2019-11-07,2019-11-07 09:34:25,2.86,0.9377,174,2.7,0.8852,401,2.9,0.9508,1,2.78,0.9114,17,0
IWM191108C157,2019-11-07,2019-11-07 09:34:26,2.86,0.9377,193,2.7,0.8852,401,2.9,0.9508,1,2.78,0.9114,17,0
IWM191108C157,2019-11-07,2019-11-07 09:34:27,2.86,0.9377,193,2.7,0.8852,401,2.9,0.9508,1,2.78,0.9114,17,0
IWM191108C157,2019-11-07,2019-11-07 09:34:27,2.86,0.9377,251,2.7,0.8852,365,2.9,0.9508,1,2.78,0.9114,17,0
IWM191108C157,2019-11-07,2019-11-07 09:34:28,2.86,0.9377,354,2.7,0.8852,435,2.9,0.9508,1,2.78,0.9114,17,0
IWM191108C157,2019-11-07,2019-11-07 09:34:28,2.86,0.9377,187,2.7,0.8852,177,2.9,0.9508,1,2.78,0.9114,17,0
IWM191108C157,2019-11-07,2019-11-07 09:34:29,2.89,0.9475,81,2.7,0.8852,278,2.9,0.9508,1,2.795,0.9163,17,0
IWM191108C157,2019-11-07,2019-11-07 09:34:29,2.89,0.9475,117,2.7,0.8852,304,2.9,0.9508,1,2.795,0.9163,17,0
IWM191108C157,2019-11-07,2019-11-07 09:34:30,2.89,0.9475,155,2.71,0.8885,221,2.9,0.9508,1,2.8,0.918,17,0
IWM191108C157,2019-11-07,2019-11-07 09:34:30,2.89,0.9475,203,2.7,0.8852,481,2.9,0.9508,1,2.795,0.9163,17,0
IWM191108C157,2019-11-07,2019-11-07 09:34:31,2.89,0.9475,155,2.71,0.8885,324,2.9,0.9508,1,2.8,0.918,17,0
IWM191108C157,2019-11-07,2019-11-07 09:34:31,2.89,0.9475,155,2.71,0.8885,434,2.9,0.9508,1,2.8,0.918,17,0
IWM191108C157,2019-11-07,2019-11-07 09:34:32,2.89,0.9475,155,2.71,0.8885,410,2.9,0.9508,1,2.8,0.918,17,0
IWM191108C157,2019-11-07,2019-11-07 09:34:32,2.89,0.9475,155,2.71,0.8885,434,2.9,0.9508,1,2.8,0.918,17,0
IWM191108C157,2019-11-07,2019-11-07 09:34:33,2.89,0.9475,155,2.71,0.8885,410,2.9,0.9508,1,2.8,0.918,17,0
IWM191108C157,2019-11-07,2019-11-07 09:34:34,2.89,0.9475,155,2.71,0.8885,410,2.9,0.9508,1,2.8,0.918,17,0
IWM191108C157,2019-11-07,2019-11-07 09:34:35,2.89,0.9475,155,2.71,0.8885,410,2.9,0.9508,1,2.8,0.918,17,0
IWM191108C157,2019-11-07,2019-11-07 09:34:35,2.89,0.9475,172,2.71,0.8885,410,2.9,0.9508,1,2.8,0.918,17,0
IWM191108C157,2019-11-07,2019-11-07 09:34:36,2.89,0.9475,105,2.71,0.8885,379,2.9,0.9508,1,2.8,0.918,17,0
IWM191108C157,2019-11-07,2019-11-07 09:34:36,2.89,0.9475,172,2.71,0.8885,410,2.9,0.9508,1,2.8,0.918,17,0
IWM191108C157,2019-11-07,2019-11-07 09:34:37,2.89,0.9475,132,2.71,0.8885,459,2.9,0.9508,1,2.8,0.918,17,0
IWM191108C157,2019-11-07,2019-11-07 09:34:37,2.89,0.9475,115,2.71,0.8885,459,2.9,0.9508,1,2.8,0.918,17,0
IWM191108C157,2019-11-07,2019-11-07 09:34:38,2.89,0.9475,110,2.71,0.8885,459,2.9,0.9508,1,2.8,0.918,17,0
IWM191108C157,2019-11-07,2019-11-07 09:34:38,2.89,0.9475,132,2.71,0.8885,459,2.9,0.9508,1,2.8,0.918,17,0
IWM191108C157,2019-11-07,2019-11-07 09:34:39,2.89,0.9475,84,2.73,0.895,339,2.9,0.9508,1,2.81,0.9213,17,0
IWM191108C157,2019-11-07,2019-11-07 09:34:39,2.89,0.9475,84,2.73,0.895,380,2.9,0.9508,1,2.81,0.9213,17,0
IWM191108C157,2019-11-07,2019-11-07 09:34:40,2.89,0.9475,84,2.73,0.895,488,2.9,0.9508,1,2.81,0.9213,17,0
IWM191108C157,2019-11-07,2019-11-07 09:34:41,2.89,0.9475,90,2.73,0.895,488,2.9,0.9508,1,2.81,0.9213,17,0
IWM191108C157,2019-11-07,2019-11-07 09:34:41,2.89,0.9475,119,2.73,0.895,456,2.9,0.9508,1,2.81,0.9213,17,0
IWM191108C157,2019-11-07,2019-11-07 09:34:42,2.89,0.9475,216,2.73,0.895,456,2.9,0.9508,1,2.81,0.9213,17,0
IWM191108C157,2019-11-07,2019-11-07 09:34:43,2.89,0.9475,272,2.73,0.895,262,2.9,0.9508,1,2.81,0.9213,17,0
IWM191108C157,2019-11-07,2019-11-07 09:34:43,2.89,0.9475,119,2.73,0.895,230,2.9,0.9508,1,2.81,0.9213,17,0
IWM191108C157,2019-11-07,2019-11-07 09:34:44,2.89,0.9475,239,2.73,0.895,272,2.9,0.9508,1,2.81,0.9213,17,0
IWM191108C157,2019-11-07,2019-11-07 09:34:44,2.89,0.9475,393,2.73,0.895,281,2.9,0.9508,1,2.81,0.9213,17,0
IWM191108C157,2019-11-07,2019-11-07 09:34:45,2.89,0.9475,239,2.73,0.895,287,2.9,0.9508,1,2.81,0.9213,17,0
IWM191108C157,2019-11-07,2019-11-07 09:34:45,2.89,0.9475,239,2.73,0.895,272,2.9,0.9508,1,2.81,0.9213,17,0
IWM191108C157,2019-11-07,2019-11-07 09:34:46,2.89,0.9475,239,2.73,0.895,277,2.9,0.9508,1,2.81,0.9213,17,0
IWM191108C157,2019-11-07,2019-11-07 09:34:46,2.89,0.9475,239,2.73,0.895,249,2.9,0.9508,1,2.81,0.9213,17,0
IWM191108C157,2019-11-07,2019-11-07 09:34:47,2.89,0.9475,239,2.73,0.895,249,2.9,0.9508,1,2.81,0.9213,17,0
IWM191108C157,2019-11-07,2019-11-07 09:34:47,2.89,0.9475,308,2.73,0.895,237,2.9,0.9508,1,2.81,0.9213,17,0
IWM191108C157,2019-11-07,2019-11-07 09:34:48,2.89,0.9475,289,2.73,0.895,86,2.9,0.9508,1,2.81,0.9213,17,0
IWM191108C157,2019-11-07,2019-11-07 09:34:48,2.89,0.9475,308,2.73,0.895,216,2.9,0.9508,1,2.81,0.9213,17,0
IWM191108C157,2019-11-07,2019-11-07 09:34:49,2.89,0.9475,269,2.73,0.895,99,2.9,0.9508,1,2.81,0.9213,17,0
IWM191108C157,2019-11-07,2019-11-07 09:34:50,2.89,0.9475,342,2.73,0.895,114,2.9,0.9508,1,2.81,0.9213,17,0
IWM191108C157,2019-11-07,2019-11-07 09:34:50,2.89,0.9475,183,2.73,0.895,150,2.9,0.9508,1,2.81,0.9213,17,0
IWM191108C157,2019-11-07,2019-11-07 09:34:51,2.89,0.9475,302,2.73,0.895,267,2.9,0.9508,1,2.81,0.9213,17,0
IWM191108C157,2019-11-07,2019-11-07 09:34:51,2.89,0.9475,184,2.73,0.895,210,2.9,0.9508,1,2.81,0.9213,17,0
IWM191108C157,2019-11-07,2019-11-07 09:34:52,2.89,0.9475,142,2.73,0.895,266,2.9,0.9508,1,2.81,0.9213,17,0
IWM191108C157,2019-11-07,2019-11-07 09:34:52,2.89,0.9475,118,2.73,0.895,194,2.9,0.9508,1,2.81,0.9213,17,0
IWM191108C157,2019-11-07,2019-11-07 09:34:53,2.89,0.9475,142,2.73,0.895,406,2.9,0.9508,1,2.81,0.9213,17,0
IWM191108C157,2019-11-07,2019-11-07 09:34:53,2.89,0.9475,142,2.73,0.895,371,2.9,0.9508,1,2.81,0.9213,17,0
IWM191108C157,2019-11-07,2019-11-07 09:34:54,2.89,0.9475,62,2.73,0.895,392,2.9,0.9508,1,2.81,0.9213,17,0
IWM191108C157,2019-11-07,2019-11-07 09:34:54,2.89,0.9475,74,2.73,0.895,353,2.9,0.9508,1,2.81,0.9213,17,0
IWM191108C157,2019-11-07,2019-11-07 09:34:55,2.89,0.9475,62,2.73,0.895,392,2.9,0.9508,1,2.81,0.9213,17,0
IWM191108C157,2019-11-07,2019-11-07 09:34:55,2.89,0.9475,62,2.73,0.895,188,2.9,0.9508,1,2.81,0.9213,17,0
IWM191108C157,2019-11-07,2019-11-07 09:34:56,2.89,0.9475,110,2.73,0.895,230,2.9,0.9508,1,2.81,0.9213,17,0
IWM191108C157,2019-11-07,2019-11-07 09:34:56,2.89,0.9475,23,2.73,0.895,213,2.9,0.9508,1,2.81,0.9213,17,0
IWM191108C157,2019-11-07,2019-11-07 09:34:57,2.89,0.9475,100,2.73,0.895,279,2.9,0.9508,1,2.81,0.9213,17,0
IWM191108C157,2019-11-07,2019-11-07 09:34:57,2.89,0.9475,100,2.73,0.895,323,2.9,0.9508,1,2.81,0.9213,17,0
IWM191108C157,2019-11-07,2019-11-07 09:34:58,2.89,0.9475,212,2.73,0.895,416,2.9,0.9508,1,2.81,0.9213,17,0
IWM191108C157,2019-11-07,2019-11-07 09:34:58,2.89,0.9475,107,2.73,0.895,399,2.9,0.9508,1,2.81,0.9213,17,0
IWM191108C157,2019-11-07,2019-11-07 09:34:59,2.89,0.9475,138,2.73,0.895,416,2.9,0.9508,1,2.81,0.9213,17,0
IWM191108C157,2019-11-07,2019-11-07 09:34:59,2.89,0.9475,171,2.73,0.895,416,2.9,0.9508,1,2.81,0.9213,17,0
IWM191108C157,2019-11-07,2019-11-07 09:35:00,2.89,0.9475,184,2.73,0.895,394,2.9,0.9508,1,2.81,0.9213,17,0
IWM191108C157,2019-11-07,2019-11-07 09:35:00,2.89,0.9475,60,2.73,0.895,385,2.9,0.9508,1,2.81,0.9213,17,0
IWM191108C157,2019-11-07,2019-11-07 09:35:01,2.91,0.954,38,2.73,0.895,268,2.9,0.9508,1,2.82,0.9245,17,0
IWM191108C157,2019-11-07,2019-11-07 09:35:01,2.89,0.9475,60,2.73,0.895,385,2.9,0.9508,1,2.81,0.9213,17,0
IWM191108C157,2019-11-07,2019-11-07 09:35:02,2.93,0.9606,50,2.74,0.8983,327,2.9,0.9508,1,2.835,0.9295,17,0
IWM191108C157,2019-11-07,2019-11-07 09:35:02,2.91,0.954,22,2.74,0.8983,331,2.9,0.9508,1,2.825,0.9262,17,0
IWM191108C157,2019-11-07,2019-11-07 09:35:03,2.93,0.9606,83,2.74,0.8983,445,2.9,0.9508,1,2.835,0.9295,17,0
IWM191108C157,2019-11-07,2019-11-07 09:35:03,2.93,0.9606,95,2.74,0.8983,509,2.9,0.9508,1,2.835,0.9295,17,0
IWM191108C157,2019-11-07,2019-11-07 09:35:04,2.93,0.9606,197,2.74,0.8983,397,2.9,0.9508,1,2.835,0.9295,17,0
IWM191108C157,2019-11-07,2019-11-07 09:35:05,2.93,0.9606,121,2.74,0.8983,408,2.9,0.9508,1,2.835,0.9295,17,0
IWM191108C157,2019-11-07,2019-11-07 09:35:05,2.93,0.9606,187,2.74,0.8983,397,2.9,0.9508,1,2.835,0.9295,17,0
IWM191108C157,2019-11-07,2019-11-07 09:35:06,2.93,0.9606,192,2.74,0.8983,383,2.9,0.9508,1,2.835,0.9295,17,0
IWM191108C157,2019-11-07,2019-11-07 09:35:06,2.93,0.9606,121,2.74,0.8983,493,2.9,0.9508,1,2.835,0.9295,17,0
IWM191108C157,2019-11-07,2019-11-07 09:35:07,2.93,0.9606,182,2.74,0.8983,394,2.9,0.9508,1,2.835,0.9295,17,0
IWM191108C157,2019-11-07,2019-11-07 09:35:07,2.93,0.9606,171,2.74,0.8983,383,2.9,0.9508,1,2.835,0.9295,17,0
IWM191108C157,2019-11-07,2019-11-07 09:35:08,2.93,0.9606,126,2.74,0.8983,286,2.9,0.9508,1,2.835,0.9295,17,0
IWM191108C157,2019-11-07,2019-11-07 09:35:08,2.93,0.9606,270,2.74,0.8983,460,2.9,0.9508,1,2.835,0.9295,17,0
IWM191108C157,2019-11-07,2019-11-07 09:35:09,2.93,0.9606,270,2.74,0.8983,460,2.9,0.9508,1,2.835,0.9295,17,0
IWM191108C157,2019-11-07,2019-11-07 09:35:09,2.93,0.9606,335,2.74,0.8983,453,2.9,0.9508,1,2.835,0.9295,17,0
IWM191108C157,2019-11-07,2019-11-07 09:35:10,2.93,0.9606,335,2.74,0.8983,323,2.9,0.9508,1,2.835,0.9295,17,0
IWM191108C157,2019-11-07,2019-11-07 09:35:10,2.93,0.9606,345,2.74,0.8983,323,2.9,0.9508,1,2.835,0.9295,17,0
IWM191108C157,2019-11-07,2019-11-07 09:35:11,2.93,0.9606,345,2.74,0.8983,323,2.9,0.9508,1,2.835,0.9295,17,0
IWM191108C157,2019-11-07,2019-11-07 09:35:11,2.93,0.9606,325,2.74,0.8983,382,2.9,0.9508,1,2.835,0.9295,17,0
IWM191108C157,2019-11-07,2019-11-07 09:35:12,2.93,0.9606,335,2.74,0.8983,410,2.9,0.9508,1,2.835,0.9295,17,0
IWM191108C157,2019-11-07,2019-11-07 09:35:12,2.93,0.9606,335,2.74,0.8983,408,2.9,0.9508,1,2.835,0.9295,17,0
IWM191108C157,2019-11-07,2019-11-07 09:35:13,2.93,0.9606,261,2.74,0.8983,360,2.9,0.9508,1,2.835,0.9295,17,0
IWM191108C157,2019-11-07,2019-11-07 09:35:13,2.93,0.9606,216,2.74,0.8983,303,2.9,0.9508,1,2.835,0.9295,17,0
IWM191108C157,2019-11-07,2019-11-07 09:35:14,2.93,0.9606,240,2.74,0.8983,360,2.9,0.9508,1,2.835,0.9295,17,0
IWM191108C157,2019-11-07,2019-11-07 09:35:14,2.93,0.9606,230,2.74,0.8983,360,2.9,0.9508,1,2.835,0.9295,17,0
IWM191108C157,2019-11-07,2019-11-07 09:35:15,2.93,0.9606,260,2.74,0.8983,367,2.9,0.9508,1,2.835,0.9295,17,0
IWM191108C157,2019-11-07,2019-11-07 09:35:16,2.93,0.9606,260,2.74,0.8983,367,2.9,0.9508,1,2.835,0.9295,17,0
IWM191108C157,2019-11-07,2019-11-07 09:35:16,2.93,0.9606,270,2.74,0.8983,367,2.9,0.9508,1,2.835,0.9295,17,0
IWM191108C157,2019-11-07,2019-11-07 09:35:17,2.93,0.9606,260,2.74,0.8983,421,2.9,0.9508,1,2.835,0.9295,17,0
IWM191108C157,2019-11-07,2019-11-07 09:35:17,2.93,0.9606,270,2.74,0.8983,421,2.9,0.9508,1,2.835,0.9295,17,0
IWM191108C157,2019-11-07,2019-11-07 09:35:18,2.93,0.9606,356,2.74,0.8983,421,2.9,0.9508,1,2.835,0.9295,17,0
IWM191108C157,2019-11-07,2019-11-07 09:35:18,2.93,0.9606,356,2.74,0.8983,427,2.9,0.9508,1,2.835,0.9295,17,0
IWM191108C157,2019-11-07,2019-11-07 09:35:19,2.93,0.9606,282,2.74,0.8983,427,2.9,0.9508,1,2.835,0.9295,17,0
IWM191108C157,2019-11-07,2019-11-07 09:35:20,2.93,0.9606,178,2.74,0.8983,174,2.9,0.9508,1,2.835,0.9295,17,0
IWM191108C157,2019-11-07,2019-11-07 09:35:20,2.93,0.9606,282,2.74,0.8983,427,2.9,0.9508,1,2.835,0.9295,17,0
IWM191108C157,2019-11-07,2019-11-07 09:35:21,2.93,0.9606,236,2.74,0.8983,332,2.9,0.9508,1,2.835,0.9295,17,0
IWM191108C157,2019-11-07,2019-11-07 09:35:21,2.93,0.9606,284,2.74,0.8983,370,2.9,0.9508,1,2.835,0.9295,17,0
IWM191108C157,2019-11-07,2019-11-07 09:35:22,2.93,0.9606,284,2.74,0.8983,370,2.9,0.9508,1,2.835,0.9295,17,0
IWM191108C157,2019-11-07,2019-11-07 09:35:22,2.93,0.9606,329,2.74,0.8983,370,2.9,0.9508,1,2.835,0.9295,17,0
IWM191108C157,2019-11-07,2019-11-07 09:35:23,2.93,0.9606,243,2.74,0.8983,380,2.9,0.9508,1,2.835,0.9295,17,0
IWM191108C157,2019-11-07,2019-11-07 09:35:23,2.93,0.9606,284,2.74,0.8983,354,2.9,0.9508,1,2.835,0.9295,17,0
IWM191108C157,2019-11-07,2019-11-07 09:35:24,2.93,0.9606,320,2.74,0.8983,380,2.9,0.9508,1,2.835,0.9295,17,0
IWM191108C157,2019-11-07,2019-11-07 09:35:24,2.93,0.9606,320,2.74,0.8983,363,2.9,0.9508,1,2.835,0.9295,17,0
IWM191108C157,2019-11-07,2019-11-07 09:35:25,2.93,0.9606,230,2.74,0.8983,382,2.9,0.9508,1,2.835,0.9295,17,0
IWM191108C157,2019-11-07,2019-11-07 09:35:25,2.93,0.9606,139,2.74,0.8983,368,2.9,0.9508,1,2.835,0.9295,17,0
IWM191108C157,2019-11-07,2019-11-07 09:35:26,2.93,0.9606,184,2.74,0.8983,393,2.9,0.9508,1,2.835,0.9295,17,0
IWM191108C157,2019-11-07,2019-11-07 09:35:26,2.93,0.9606,184,2.74,0.8983,382,2.9,0.9508,1,2.835,0.9295,17,0
IWM191108C157,2019-11-07,2019-11-07 09:35:27,2.93,0.9606,184,2.74,0.8983,393,2.9,0.9508,1,2.835,0.9295,17,0
IWM191108C157,2019-11-07,2019-11-07 09:35:27,2.93,0.9606,159,2.76,0.9049,196,2.9,0.9508,1,2.845,0.9327,17,0
IWM191108C157,2019-11-07,2019-11-07 09:35:28,2.93,0.9606,46,2.76,0.9049,359,2.9,0.9508,1,2.845,0.9327,17,0
IWM191108C157,2019-11-07,2019-11-07 09:35:28,2.93,0.9606,71,2.76,0.9049,290,2.9,0.9508,1,2.845,0.9327,17,0
IWM191108C157,2019-11-07,2019-11-07 09:35:29,2.93,0.9606,45,2.76,0.9049,438,2.9,0.9508,1,2.845,0.9327,17,0
IWM191108C157,2019-11-07,2019-11-07 09:35:29,2.93,0.9606,46,2.76,0.9049,438,2.9,0.9508,1,2.845,0.9327,17,0
IWM191108C157,2019-11-07,2019-11-07 09:35:30,2.95,0.9672,54,2.77,0.9081,396,2.9,0.9508,1,2.86,0.9377,17,0
IWM191108C157,2019-11-07,2019-11-07 09:35:30,2.95,0.9672,54,2.77,0.9081,220,2.9,0.9508,1,2.86,0.9377,17,0
IWM191108C157,2019-11-07,2019-11-07 09:35:31,2.93,0.9606,39,2.77,0.9081,396,2.9,0.9508,1,2.85,0.9344,17,0
IWM191108C157,2019-11-07,2019-11-07 09:35:31,2.93,0.9606,39,2.77,0.9081,460,2.9,0.9508,1,2.85,0.9344,17,0
IWM191108C157,2019-11-07,2019-11-07 09:35:32,2.93,0.9606,39,2.77,0.9081,460,2.9,0.9508,1,2.85,0.9344,17,0
IWM191108C157,2019-11-07,2019-11-07 09:35:32,2.93,0.9606,59,2.77,0.9081,460,2.9,0.9508,1,2.85,0.9344,17,0
IWM191108C157,2019-11-07,2019-11-07 09:35:33,2.93,0.9606,59,2.77,0.9081,460,2.9,0.9508,1,2.85,0.9344,17,0
IWM191108C157,2019-11-07,2019-11-07 09:35:34,2.93,0.9606,49,2.78,0.9114,101,2.9,0.9508,1,2.855,0.936,17,0
IWM191108C157,2019-11-07,2019-11-07 09:35:34,2.93,0.9606,49,2.77,0.9081,460,2.9,0.9508,1,2.85,0.9344,17,0
IWM191108C157,2019-11-07,2019-11-07 09:35:35,2.95,0.9672,100,2.78,0.9114,406,2.9,0.9508,1,2.865,0.9393,17,0
IWM191108C157,2019-11-07,2019-11-07 09:35:35,2.93,0.9606,51,2.78,0.9114,224,2.9,0.9508,1,2.855,0.936,17,0
IWM191108C157,2019-11-07,2019-11-07 09:35:36,2.95,0.9672,100,2.78,0.9114,446,2.9,0.9508,1,2.865,0.9393,17,0
IWM191108C157,2019-11-07,2019-11-07 09:35:36,2.95,0.9672,156,2.78,0.9114,426,2.9,0.9508,1,2.865,0.9393,17,0
IWM191108C157,2019-11-07,2019-11-07 09:35:37,2.95,0.9672,38,2.78,0.9114,426,2.9,0.9508,1,2.865,0.9393,17,0
IWM191108C157,2019-11-07,2019-11-07 09:35:37,2.95,0.9672,74,2.78,0.9114,426,2.9,0.9508,1,2.865,0.9393,17,0
IWM191108C157,2019-11-07,2019-11-07 09:35:38,2.95,0.9672,74,2.78,0.9114,436,2.9,0.9508,1,2.865,0.9393,17,0
IWM191108C157,2019-11-07,2019-11-07 09:35:39,2.95,0.9672,74,2.78,0.9114,436,2.9,0.9508,1,2.865,0.9393,17,0
IWM191108C157,2019-11-07,2019-11-07 09:35:40,2.95,0.9672,67,2.78,0.9114,436,2.9,0.9508,1,2.865,0.9393,17,0
IWM191108C157,2019-11-07,2019-11-07 09:35:41,2.95,0.9672,67,2.78,0.9114,436,2.9,0.9508,1,2.865,0.9393,17,0
IWM191108C157,2019-11-07,2019-11-07 09:35:41,2.95,0.9672,84,2.78,0.9114,436,2.9,0.9508,1,2.865,0.9393,17,0
IWM191108C157,2019-11-07,2019-11-07 09:35:42,2.95,0.9672,43,2.78,0.9114,471,2.9,0.9508,1,2.865,0.9393,17,0
IWM191108C157,2019-11-07,2019-11-07 09:35:43,2.95,0.9672,69,2.78,0.9114,471,2.9,0.9508,1,2.865,0.9393,17,0
IWM191108C157,2019-11-07,2019-11-07 09:35:43,2.95,0.9672,49,2.78,0.9114,471,2.9,0.9508,1,2.865,0.9393,17,0
IWM191108C157,2019-11-07,2019-11-07 09:35:44,2.95,0.9672,37,2.78,0.9114,471,2.9,0.9508,1,2.865,0.9393,17,0
IWM191108C157,2019-11-07,2019-11-07 09:35:44,2.95,0.9672,20,2.78,0.9114,471,2.9,0.9508,1,2.865,0.9393,17,0
IWM191108C157,2019-11-07,2019-11-07 09:35:45,2.96,0.9704,14,2.79,0.9147,298,2.9,0.9508,1,2.875,0.9426,17,0
IWM191108C157,2019-11-07,2019-11-07 09:35:45,2.95,0.9672,20,2.78,0.9114,471,2.9,0.9508,1,2.865,0.9393,17,0
IWM191108C157,2019-11-07,2019-11-07 09:35:46,2.96,0.9704,14,2.8,0.918,203,2.9,0.9508,1,2.88,0.9442,17,0
IWM191108C157,2019-11-07,2019-11-07 09:35:46,2.96,0.9704,14,2.79,0.9147,442,2.9,0.9508,1,2.875,0.9426,17,0
IWM191108C157,2019-11-07,2019-11-07 09:35:47,2.98,0.977,62,2.81,0.9213,491,2.9,0.9508,1,2.895,0.9491,17,0
IWM191108C157,2019-11-07,2019-11-07 09:35:47,2.98,0.977,50,2.81,0.9213,208,2.9,0.9508,1,2.895,0.9491,17,0
IWM191108C157,2019-11-07,2019-11-07 09:35:48,2.98,0.977,103,2.81,0.9213,491,2.9,0.9508,1,2.895,0.9491,17,0
IWM191108C157,2019-11-07,2019-11-07 09:35:48,2.98,0.977,98,2.81,0.9213,491,2.9,0.9508,1,2.895,0.9491,17,0
IWM191108C157,2019-11-07,2019-11-07 09:35:49,2.98,0.977,87,2.81,0.9213,491,2.9,0.9508,1,2.895,0.9491,17,0
IWM191108C157,2019-11-07,2019-11-07 09:35:50,2.98,0.977,129,2.81,0.9213,456,2.9,0.9508,1,2.895,0.9491,17,0
IWM191108C157,2019-11-07,2019-11-07 09:35:50,2.98,0.977,139,2.81,0.9213,373,2.9,0.9508,1,2.895,0.9491,17,0
IWM191108C157,2019-11-07,2019-11-07 09:35:51,2.98,0.977,129,2.81,0.9213,456,2.9,0.9508,1,2.895,0.9491,17,0
IWM191108C157,2019-11-07,2019-11-07 09:35:51,2.98,0.977,129,2.81,0.9213,467,2.9,0.9508,1,2.895,0.9491,17,0
IWM191108C157,2019-11-07,2019-11-07 09:35:52,2.98,0.977,129,2.81,0.9213,456,2.9,0.9508,1,2.895,0.9491,17,0
IWM191108C157,2019-11-07,2019-11-07 09:35:52,2.98,0.977,194,2.81,0.9213,456,2.9,0.9508,1,2.895,0.9491,17,0
IWM191108C157,2019-11-07,2019-11-07 09:35:53,2.98,0.977,194,2.81,0.9213,456,2.9,0.9508,1,2.895,0.9491,17,0
IWM191108C157,2019-11-07,2019-11-07 09:35:53,2.98,0.977,181,2.81,0.9213,446,2.9,0.9508,1,2.895,0.9491,17,0
IWM191108C157,2019-11-07,2019-11-07 09:35:54,2.98,0.977,181,2.81,0.9213,446,2.9,0.9508,1,2.895,0.9491,17,0
IWM191108C157,2019-11-07,2019-11-07 09:35:55,2.98,0.977,166,2.81,0.9213,457,2.9,0.9508,1,2.895,0.9491,17,0
IWM191108C157,2019-11-07,2019-11-07 09:35:55,2.98,0.977,181,2.81,0.9213,446,2.9,0.9508,1,2.895,0.9491,17,0
IWM191108C157,2019-11-07,2019-11-07 09:35:56,2.98,0.977,218,2.81,0.9213,457,2.9,0.9508,1,2.895,0.9491,17,0
IWM191108C157,2019-11-07,2019-11-07 09:35:56,2.98,0.977,166,2.81,0.9213,457,2.9,0.9508,1,2.895,0.9491,17,0
IWM191108C157,2019-11-07,2019-11-07 09:35:57,2.98,0.977,218,2.81,0.9213,455,2.9,0.9508,1,2.895,0.9491,17,0
IWM191108C157,2019-11-07,2019-11-07 09:35:57,2.99,0.9803,46,2.82,0.9245,336,2.9,0.9508,1,2.905,0.9524,17,0
IWM191108C157,2019-11-07,2019-11-07 09:35:58,2.99,0.9803,36,2.82,0.9245,421,2.9,0.9508,1,2.905,0.9524,17,0
IWM191108C157,2019-11-07,2019-11-07 09:35:58,2.99,0.9803,112,2.82,0.9245,349,2.9,0.9508,1,2.905,0.9524,17,0
IWM191108C157,2019-11-07,2019-11-07 09:35:59,2.99,0.9803,118,2.82,0.9245,365,2.9,0.9508,1,2.905,0.9524,17,0
IWM191108C157,2019-11-07,2019-11-07 09:35:59,2.99,0.9803,157,2.82,0.9245,459,2.9,0.9508,1,2.905,0.9524,17,0
IWM191108C157,2019-11-07,2019-11-07 09:36:00,2.99,0.9803,134,2.82,0.9245,448,2.9,0.9508,1,2.905,0.9524,17,0
IWM191108C157,2019-11-07,2019-11-07 09:36:00,2.99,0.9803,157,2.82,0.9245,448,2.9,0.9508,1,2.905,0.9524,17,0
IWM191108C157,2019-11-07,2019-11-07 09:36:01,2.99,0.9803,158,2.82,0.9245,448,2.9,0.9508,1,2.905,0.9524,17,0
IWM191108C157,2019-11-07,2019-11-07 09:36:02,2.99,0.9803,158,2.82,0.9245,448,2.9,0.9508,1,2.905,0.9524,17,0
IWM191108C157,2019-11-07,2019-11-07 09:36:03,2.99,0.9803,158,2.82,0.9245,448,2.9,0.9508,1,2.905,0.9524,17,0
IWM191108C157,2019-11-07,2019-11-07 09:36:03,2.99,0.9803,148,2.82,0.9245,448,2.9,0.9508,1,2.905,0.9524,17,0
IWM191108C157,2019-11-07,2019-11-07 09:36:04,2.99,0.9803,8,2.82,0.9245,365,2.9,0.9508,1,2.905,0.9524,17,0
IWM191108C157,2019-11-07,2019-11-07 09:36:04,3.01,0.9868,10,2.87,0.9409,66,2.9,0.9508,1,2.94,0.9639,17,0
IWM191108C157,2019-11-07,2019-11-07 09:36:05,3.05,1.0,75,2.87,0.9409,357,2.9,0.9508,1,2.96,0.9704,17,0
IWM191108C157,2019-11-07,2019-11-07 09:36:06,3.05,1.0,102,2.87,0.9409,413,2.9,0.9508,1,2.96,0.9704,17,0
IWM191108C157,2019-11-07,2019-11-07 09:36:06,3.05,1.0,118,2.88,0.9442,20,2.9,0.9508,1,2.965,0.9721,17,0
IWM191108C157,2019-11-07,2019-11-07 09:36:07,3.05,1.0,78,2.88,0.9442,288,2.9,0.9508,1,2.965,0.9721,17,0
IWM191108C157,2019-11-07,2019-11-07 09:36:07,3.05,1.0,72,2.88,0.9442,396,2.9,0.9508,1,2.965,0.9721,17,0
IWM191108C157,2019-11-07,2019-11-07 09:36:08,3.05,1.0,50,2.88,0.9442,480,2.9,0.9508,1,2.965,0.9721,17,0
IWM191108C157,2019-11-07,2019-11-07 09:36:09,3.05,1.0,68,2.88,0.9442,480,2.9,0.9508,1,2.965,0.9721,17,0
IWM191108C157,2019-11-07,2019-11-07 09:36:10,3.05,1.0,161,2.88,0.9442,464,2.9,0.9508,1,2.965,0.9721,17,0
IWM191108C157,2019-11-07,2019-11-07 09:36:10,3.05,1.0,160,2.88,0.9442,464,2.9,0.9508,1,2.965,0.9721,17,0
IWM191108C157,2019-11-07,2019-11-07 09:36:11,3.05,1.0,161,2.88,0.9442,464,2.9,0.9508,1,2.965,0.9721,17,0
IWM191108C157,2019-11-07,2019-11-07 09:36:11,3.05,1.0,90,2.88,0.9442,464,2.9,0.9508,1,2.965,0.9721,17,0
IWM191108C157,2019-11-07,2019-11-07 09:36:12,3.05,1.0,138,2.88,0.9442,202,2.9,0.9508,1,2.965,0.9721,17,0
IWM191108C157,2019-11-07,2019-11-07 09:36:12,3.05,1.0,144,2.88,0.9442,241,2.9,0.9508,1,2.965,0.9721,17,0
IWM191108C157,2019-11-07,2019-11-07 09:36:13,3.05,1.0,145,2.88,0.9442,239,2.9,0.9508,1,2.965,0.9721,17,0
IWM191108C157,2019-11-07,2019-11-07 09:36:13,3.05,1.0,145,2.88,0.9442,304,2.9,0.9508,1,2.965,0.9721,17,0
IWM191108C157,2019-11-07,2019-11-07 09:36:14,3.05,1.0,186,2.88,0.9442,361,2.9,0.9508,1,2.965,0.9721,17,0
IWM191108C157,2019-11-07,2019-11-07 09:36:15,3.05,1.0,108,2.89,0.9475,339,2.9,0.9508,1,2.97,0.9737,17,0
IWM191108C157,2019-11-07,2019-11-07 09:36:15,3.05,1.0,64,2.89,0.9475,286,2.9,0.9508,1,2.97,0.9737,17,0
IWM191108C157,2019-11-07,2019-11-07 09:36:16,3.04,0.9967,171,2.89,0.9475,374,2.9,0.9508,1,2.965,0.9721,17,0
IWM191108C157,2019-11-07,2019-11-07 09:36:16,3.04,0.9967,114,2.89,0.9475,306,2.9,0.9508,1,2.965,0.9721,17,0
IWM191108C157,2019-11-07,2019-11-07 09:36:17,3.04,0.9967,185,2.89,0.9475,227,2.9,0.9508,1,2.965,0.9721,17,0
IWM191108C157,2019-11-07,2019-11-07 09:36:17,3.04,0.9967,246,2.89,0.9475,175,2.9,0.9508,1,2.965,0.9721,17,0
IWM191108C157,2019-11-07,2019-11-07 09:36:18,3.03,0.9934,285,2.89,0.9475,101,2.9,0.9508,1,2.96,0.9704,17,0
IWM191108C157,2019-11-07,2019-11-07 09:36:19,3.03,0.9934,403,2.89,0.9475,101,2.9,0.9508,1,2.96,0.9704,17,0
IWM191108C157,2019-11-07,2019-11-07 09:36:19,3.03,0.9934,248,2.89,0.9475,111,2.9,0.9508,1,2.96,0.9704,17,0
IWM191108C157,2019-11-07,2019-11-07 09:36:20,3.03,0.9934,317,2.89,0.9475,111,2.9,0.9508,1,2.96,0.9704,17,0
IWM191108C157,2019-11-07,2019-11-07 09:36:20,3.03,0.9934,265,2.89,0.9475,155,2.9,0.9508,1,2.96,0.9704,17,0
IWM191108C157,2019-11-07,2019-11-07 09:36:21,3.03,0.9934,272,2.89,0.9475,166,2.9,0.9508,1,2.96,0.9704,17,0
IWM191108C157,2019-11-07,2019-11-07 09:36:22,3.03,0.9934,5,2.89,0.9475,266,2.9,0.9508,1,2.96,0.9704,17,0
IWM191108C157,2019-11-07,2019-11-07 09:36:22,3.03,0.9934,223,2.89,0.9475,155,2.9,0.9508,1,2.96,0.9704,17,0
IWM191108C157,2019-11-07,2019-11-07 09:36:23,3.04,0.9967,51,2.9,0.9508,261,2.9,0.9508,1,2.97,0.9737,17,0
IWM191108C157,2019-11-07,2019-11-07 09:36:23,3.04,0.9967,91,2.9,0.9508,166,2.9,0.9508,1,2.97,0.9737,17,0
IWM191108C157,2019-11-07,2019-11-07 09:36:24,3.04,0.9967,51,2.9,0.9508,356,2.9,0.9508,1,2.97,0.9737,17,0
IWM191108C157,2019-11-07,2019-11-07 09:36:24,3.04,0.9967,51,2.9,0.9508,281,2.9,0.9508,1,2.97,0.9737,17,0
IWM191108C157,2019-11-07,2019-11-07 09:36:25,3.04,0.9967,38,2.9,0.9508,365,2.9,0.9508,1,2.97,0.9737,17,0
IWM191108C157,2019-11-07,2019-11-07 09:36:25,3.04,0.9967,51,2.9,0.9508,291,2.9,0.9508,1,2.97,0.9737,17,0
IWM191108C157,2019-11-07,2019-11-07 09:36:26,3.04,0.9967,64,2.9,0.9508,281,2.9,0.9508,1,2.97,0.9737,17,0
IWM191108C157,2019-11-07,2019-11-07 09:36:27,3.04,0.9967,50,2.9,0.9508,391,2.9,0.9508,1,2.97,0.9737,17,0
IWM191108C157,2019-11-07,2019-11-07 09:36:27,3.04,0.9967,13,2.9,0.9508,391,2.9,0.9508,1,2.97,0.9737,17,0
IWM191108C157,2019-11-07,2019-11-07 09:36:28,3.06,1.0032,113,2.9,0.9508,391,2.9,0.9508,1,2.98,0.977,17,0
IWM191108C157,2019-11-07,2019-11-07 09:36:28,3.04,0.9967,41,2.9,0.9508,391,2.9,0.9508,1,2.97,0.9737,17,0
IWM191108C157,2019-11-07,2019-11-07 09:36:29,3.06,1.0032,164,2.9,0.9508,391,2.9,0.9508,1,2.98,0.977,17,0
IWM191108C157,2019-11-07,2019-11-07 09:36:29,3.06,1.0032,79,2.9,0.9508,391,2.9,0.9508,1,2.98,0.977,17,0
IWM191108C157,2019-11-07,2019-11-07 09:36:30,3.06,1.0032,184,2.9,0.9508,391,2.9,0.9508,1,2.98,0.977,17,0
IWM191108C157,2019-11-07,2019-11-07 09:36:31,3.06,1.0032,184,2.9,0.9508,391,2.9,0.9508,1,2.98,0.977,17,0
IWM191108C157,2019-11-07,2019-11-07 09:36:31,3.06,1.0032,268,2.9,0.9508,391,2.9,0.9508,1,2.98,0.977,17,0
IWM191108C157,2019-11-07,2019-11-07 09:36:32,3.05,1.0,215,2.9,0.9508,287,2.9,0.9508,1,2.975,0.9754,17,0
IWM191108C157,2019-11-07,2019-11-07 09:36:32,3.06,1.0032,238,2.9,0.9508,391,2.9,0.9508,1,2.98,0.977,17,0
IWM191108C157,2019-11-07,2019-11-07 09:36:33,3.05,1.0,215,2.9,0.9508,287,2.9,0.9508,1,2.975,0.9754,17,0
IWM191108C157,2019-11-07,2019-11-07 09:36:33,3.05,1.0,277,2.9,0.9508,304,2.9,0.9508,1,2.975,0.9754,17,0
IWM191108C157,2019-11-07,2019-11-07 09:36:34,3.05,1.0,277,2.9,0.9508,326,2.9,0.9508,1,2.975,0.9754,17,0
IWM191108C157,2019-11-07,2019-11-07 09:36:35,3.05,1.0,222,2.9,0.9508,322,2.9,0.9508,1,2.975,0.9754,17,0
IWM191108C157,2019-11-07,2019-11-07 09:36:35,3.05,1.0,190,2.9,0.9508,338,2.9,0.9508,1,2.975,0.9754,17,0
IWM191108C157,2019-11-07,2019-11-07 09:36:36,3.05,1.0,155,2.9,0.9508,338,2.9,0.9508,1,2.975,0.9754,17,0
IWM191108C157,2019-11-07,2019-11-07 09:36:37,3.05,1.0,209,2.9,0.9508,362,2.9,0.9508,1,2.975,0.9754,17,0
IWM191108C157,2019-11-07,2019-11-07 09:36:37,3.05,1.0,175,2.91,0.954,300,2.9,0.9508,1,2.98,0.977,17,0
IWM191108C157,2019-11-07,2019-11-07 09:36:38,3.05,1.0,104,2.91,0.954,263,2.9,0.9508,1,2.98,0.977,17,0
IWM191108C157,2019-11-07,2019-11-07 09:36:38,3.05,1.0,175,2.91,0.954,314,2.9,0.9508,1,2.98,0.977,17,0
IWM191108C157,2019-11-07,2019-11-07 09:36:39,3.05,1.0,82,2.92,0.9573,275,2.9,0.9508,1,2.985,0.9786,17,0
IWM191108C157,2019-11-07,2019-11-07 09:36:39,3.05,1.0,91,2.92,0.9573,301,2.9,0.9508,1,2.985,0.9786,17,0
IWM191108C157,2019-11-07,2019-11-07 09:36:40,3.05,1.0,147,2.92,0.9573,297,2.9,0.9508,1,2.985,0.9786,17,0
IWM191108C157,2019-11-07,2019-11-07 09:36:40,3.05,1.0,79,2.92,0.9573,201,2.9,0.9508,1,2.985,0.9786,17,0
IWM191108C157,2019-11-07,2019-11-07 09:36:41,3.05,1.0,86,2.92,0.9573,312,2.9,0.9508,1,2.985,0.9786,17,0
IWM191108C157,2019-11-07,2019-11-07 09:36:41,3.05,1.0,65,2.92,0.9573,312,2.9,0.9508,1,2.985,0.9786,17,0
IWM191108C157,2019-11-07,2019-11-07 09:36:42,3.05,1.0,121,2.92,0.9573,312,2.9,0.9508,1,2.985,0.9786,17,0
IWM191108C157,2019-11-07,2019-11-07 09:36:43,3.05,1.0,86,2.92,0.9573,312,2.9,0.9508,1,2.985,0.9786,17,0
IWM191108C157,2019-11-07,2019-11-07 09:36:43,3.05,1.0,66,2.92,0.9573,312,2.9,0.9508,1,2.985,0.9786,17,0
IWM191108C157,2019-11-07,2019-11-07 09:36:44,3.05,1.0,92,2.92,0.9573,312,2.9,0.9508,1,2.985,0.9786,17,0
IWM191108C157,2019-11-07,2019-11-07 09:36:44,3.05,1.0,126,2.92,0.9573,312,2.9,0.9508,1,2.985,0.9786,17,0
IWM191108C157,2019-11-07,2019-11-07 09:36:45,3.05,1.0,82,2.92,0.9573,312,2.9,0.9508,1,2.985,0.9786,17,0
IWM191108C157,2019-11-07,2019-11-07 09:36:45,3.05,1.0,118,2.92,0.9573,341,2.9,0.9508,1,2.985,0.9786,17,0
IWM191108C157,2019-11-07,2019-11-07 09:36:46,3.05,1.0,156,2.92,0.9573,189,2.9,0.9508,1,2.985,0.9786,17,0
IWM191108C157,2019-11-07,2019-11-07 09:36:46,3.05,1.0,160,2.92,0.9573,169,2.9,0.9508,1,2.985,0.9786,17,0
IWM191108C157,2019-11-07,2019-11-07 09:36:47,3.05,1.0,201,2.92,0.9573,178,2.9,0.9508,1,2.985,0.9786,17,0
IWM191108C157,2019-11-07,2019-11-07 09:36:47,3.05,1.0,199,2.92,0.9573,216,2.9,0.9508,1,2.985,0.9786,17,0
IWM191108C157,2019-11-07,2019-11-07 09:36:48,3.05,1.0,199,2.92,0.9573,189,2.9,0.9508,1,2.985,0.9786,17,0
IWM191108C157,2019-11-07,2019-11-07 09:36:48,3.05,1.0,199,2.92,0.9573,216,2.9,0.9508,1,2.985,0.9786,17,0
IWM191108C157,2019-11-07,2019-11-07 09:36:49,3.04,0.9967,233,2.92,0.9573,120,2.9,0.9508,1,2.98,0.977,17,0
IWM191108C157,2019-11-07,2019-11-07 09:36:49,3.05,1.0,328,2.92,0.9573,190,2.9,0.9508,1,2.985,0.9786,17,0
IWM191108C157,2019-11-07,2019-11-07 09:36:50,3.04,0.9967,165,2.92,0.9573,91,2.9,0.9508,1,2.98,0.977,17,0
IWM191108C157,2019-11-07,2019-11-07 09:36:50,3.04,0.9967,272,2.89,0.9475,99,2.9,0.9508,1,2.965,0.9721,17,0
IWM191108C157,2019-11-07,2019-11-07 09:36:51,3.04,0.9967,310,2.89,0.9475,192,2.9,0.9508,1,2.965,0.9721,17,0
IWM191108C157,2019-11-07,2019-11-07 09:36:52,3.04,0.9967,312,2.89,0.9475,140,2.9,0.9508,1,2.965,0.9721,17,0
IWM191108C157,2019-11-07,2019-11-07 09:36:52,3.04,0.9967,369,2.89,0.9475,212,2.9,0.9508,1,2.965,0.9721,17,0
IWM191108C157,2019-11-07,2019-11-07 09:36:53,3.04,0.9967,312,2.89,0.9475,152,2.9,0.9508,1,2.965,0.9721,17,0
IWM191108C157,2019-11-07,2019-11-07 09:36:53,3.04,0.9967,335,2.89,0.9475,244,2.9,0.9508,1,2.965,0.9721,17,0
IWM191108C157,2019-11-07,2019-11-07 09:36:54,3.04,0.9967,256,2.89,0.9475,319,2.9,0.9508,1,2.965,0.9721,17,0
IWM191108C157,2019-11-07,2019-11-07 09:36:55,3.04,0.9967,266,2.89,0.9475,319,2.9,0.9508,1,2.965,0.9721,17,0
IWM191108C157,2019-11-07,2019-11-07 09:36:55,3.04,0.9967,266,2.89,0.9475,383,2.9,0.9508,1,2.965,0.9721,17,0
IWM191108C157,2019-11-07,2019-11-07 09:36:56,3.04,0.9967,72,2.9,0.9508,348,2.9,0.9508,1,2.97,0.9737,17,0
IWM191108C157,2019-11-07,2019-11-07 09:36:56,3.04,0.9967,177,2.9,0.9508,178,2.9,0.9508,1,2.97,0.9737,17,0
IWM191108C157,2019-11-07,2019-11-07 09:36:57,3.04,0.9967,112,2.9,0.9508,429,2.9,0.9508,1,2.97,0.9737,17,0
IWM191108C157,2019-11-07,2019-11-07 09:36:57,3.04,0.9967,69,2.9,0.9508,370,2.9,0.9508,1,2.97,0.9737,17,0
IWM191108C157,2019-11-07,2019-11-07 09:36:58,3.04,0.9967,221,2.9,0.9508,132,2.9,0.9508,1,2.97,0.9737,17,0
IWM191108C157,2019-11-07,2019-11-07 09:36:58,3.04,0.9967,256,2.9,0.9508,122,2.9,0.9508,1,2.97,0.9737,17,0
IWM191108C157,2019-11-07,2019-11-07 09:36:59,3.04,0.9967,245,2.9,0.9508,143,2.9,0.9508,1,2.97,0.9737,17,0
IWM191108C157,2019-11-07,2019-11-07 09:36:59,3.03,0.9934,292,2.9,0.9508,92,2.9,0.9508,1,2.965,0.9721,17,0
IWM191108C157,2019-11-07,2019-11-07 09:37:00,3.03,0.9934,326,2.9,0.9508,50,2.9,0.9508,1,2.965,0.9721,17,0
IWM191108C157,2019-11-07,2019-11-07 09:37:00,3.03,0.9934,342,2.9,0.9508,18,2.9,0.9508,1,2.965,0.9721,17,0
IWM191108C157,2019-11-07,2019-11-07 09:37:01,3.03,0.9934,220,2.9,0.9508,20,2.9,0.9508,1,2.965,0.9721,17,0
IWM191108C157,2019-11-07,2019-11-07 09:37:01,3.03,0.9934,257,2.9,0.9508,35,2.9,0.9508,1,2.965,0.9721,17,0
IWM191108C157,2019-11-07,2019-11-07 09:37:02,3.01,0.9868,150,2.87,0.9409,49,2.9,0.9508,1,2.94,0.9639,17,0
IWM191108C157,2019-11-07,2019-11-07 09:37:02,3.01,0.9868,325,2.87,0.9409,117,2.9,0.9508,1,2.94,0.9639,17,0
IWM191108C157,2019-11-07,2019-11-07 09:37:03,3.01,0.9868,339,2.87,0.9409,130,2.9,0.9508,1,2.94,0.9639,17,0
IWM191108C157,2019-11-07,2019-11-07 09:37:03,3.01,0.9868,339,2.87,0.9409,126,2.9,0.9508,1,2.94,0.9639,17,0
IWM191108C157,2019-11-07,2019-11-07 09:37:04,3.01,0.9868,410,2.87,0.9409,275,2.9,0.9508,1,2.94,0.9639,17,0
IWM191108C157,2019-11-07,2019-11-07 09:37:04,3.01,0.9868,339,2.87,0.9409,126,2.9,0.9508,1,2.94,0.9639,17,0
IWM191108C157,2019-11-07,2019-11-07 09:37:05,3.01,0.9868,359,2.87,0.9409,295,2.9,0.9508,1,2.94,0.9639,17,0
IWM191108C157,2019-11-07,2019-11-07 09:37:06,3.01,0.9868,349,2.87,0.9409,390,2.9,0.9508,1,2.94,0.9639,17,0
IWM191108C157,2019-11-07,2019-11-07 09:37:06,3.01,0.9868,359,2.87,0.9409,390,2.9,0.9508,1,2.94,0.9639,17,0
IWM191108C157,2019-11-07,2019-11-07 09:37:07,3.01,0.9868,69,2.87,0.9409,93,2.9,0.9508,1,2.94,0.9639,17,0
IWM191108C157,2019-11-07,2019-11-07 09:37:07,3.01,0.9868,141,2.88,0.9442,195,2.9,0.9508,1,2.945,0.9655,17,0
IWM191108C157,2019-11-07,2019-11-07 09:37:08,3.01,0.9868,93,2.88,0.9442,268,2.9,0.9508,1,2.945,0.9655,17,0
IWM191108C157,2019-11-07,2019-11-07 09:37:08,3.01,0.9868,93,2.88,0.9442,183,2.9,0.9508,1,2.945,0.9655,17,0
IWM191108C157,2019-11-07,2019-11-07 09:37:09,3.01,0.9868,93,2.88,0.9442,313,2.9,0.9508,1,2.945,0.9655,17,0
IWM191108C157,2019-11-07,2019-11-07 09:37:09,3.01,0.9868,93,2.88,0.9442,303,2.9,0.9508,1,2.945,0.9655,17,0
IWM191108C157,2019-11-07,2019-11-07 09:37:10,3.02,0.9901,46,2.88,0.9442,465,2.9,0.9508,1,2.95,0.9672,17,0
IWM191108C157,2019-11-07,2019-11-07 09:37:10,3.02,0.9901,46,2.88,0.9442,366,2.9,0.9508,1,2.95,0.9672,17,0
IWM191108C157,2019-11-07,2019-11-07 09:37:11,3.02,0.9901,70,2.88,0.9442,465,2.9,0.9508,1,2.95,0.9672,17,0
IWM191108C157,2019-11-07,2019-11-07 09:37:11,3.02,0.9901,87,2.88,0.9442,465,2.9,0.9508,1,2.95,0.9672,17,0
IWM191108C157,2019-11-07,2019-11-07 09:37:12,3.04,0.9967,45,2.88,0.9442,331,2.9,0.9508,1,2.96,0.9704,17,0
IWM191108C157,2019-11-07,2019-11-07 09:37:12,3.02,0.9901,46,2.88,0.9442,220,2.9,0.9508,1,2.95,0.9672,17,0
IWM191108C157,2019-11-07,2019-11-07 09:37:13,3.04,0.9967,112,2.88,0.9442,329,2.9,0.9508,1,2.96,0.9704,17,0
IWM191108C157,2019-11-07,2019-11-07 09:37:13,3.04,0.9967,108,2.88,0.9442,315,2.9,0.9508,1,2.96,0.9704,17,0
IWM191108C157,2019-11-07,2019-11-07 09:37:14,3.04,0.9967,230,2.88,0.9442,391,2.9,0.9508,1,2.96,0.9704,17,0
IWM191108C157,2019-11-07,2019-11-07 09:37:14,3.04,0.9967,219,2.88,0.9442,337,2.9,0.9508,1,2.96,0.9704,17,0
IWM191108C157,2019-11-07,2019-11-07 09:37:15,3.04,0.9967,170,2.88,0.9442,369,2.9,0.9508,1,2.96,0.9704,17,0
IWM191108C157,2019-11-07,2019-11-07 09:37:15,3.04,0.9967,146,2.88,0.9442,324,2.9,0.9508,1,2.96,0.9704,17,0
IWM191108C157,2019-11-07,2019-11-07 09:37:16,3.04,0.9967,65,2.9,0.9508,209,2.9,0.9508,1,2.97,0.9737,17,0
IWM191108C157,2019-11-07,2019-11-07 09:37:16,3.04,0.9967,63,2.89,0.9475,240,2.9,0.9508,1,2.965,0.9721,17,0
IWM191108C157,2019-11-07,2019-11-07 09:37:17,3.04,0.9967,85,2.9,0.9508,262,2.9,0.9508,1,2.97,0.9737,17,0
IWM191108C157,2019-11-07,2019-11-07 09:37:17,3.04,0.9967,102,2.9,0.9508,295,2.9,0.9508,1,2.97,0.9737,17,0
IWM191108C157,2019-11-07,2019-11-07 09:37:18,3.04,0.9967,99,2.9,0.9508,325,2.9,0.9508,1,2.97,0.9737,17,0
IWM191108C157,2019-11-07,2019-11-07 09:37:19,3.04,0.9967,82,2.9,0.9508,341,2.9,0.9508,1,2.97,0.9737,17,0
IWM191108C157,2019-11-07,2019-11-07 09:37:19,3.04,0.9967,58,2.9,0.9508,312,2.9,0.9508,1,2.97,0.9737,17,0
IWM191108C157,2019-11-07,2019-11-07 09:37:20,3.04,0.9967,178,2.9,0.9508,341,2.9,0.9508,1,2.97,0.9737,17,0
IWM191108C157,2019-11-07,2019-11-07 09:37:21,3.05,1.0,10,2.9,0.9508,10,2.9,0.9508,1,2.975,0.9754,17,0
IWM191108C157,2019-11-07,2019-11-07 09:37:21,3.04,0.9967,38,2.9,0.9508,157,2.9,0.9508,1,2.97,0.9737,17,0
IWM191108C157,2019-11-07,2019-11-07 09:37:22,3.04,0.9967,61,2.9,0.9508,304,2.9,0.9508,1,2.97,0.9737,17,0
IWM191108C157,2019-11-07,2019-11-07 09:37:22,3.04,0.9967,30,2.9,0.9508,255,2.9,0.9508,1,2.97,0.9737,17,0
IWM191108C157,2019-11-07,2019-11-07 09:37:23,3.05,1.0,55,2.91,0.954,396,2.9,0.9508,1,2.98,0.977,17,0
IWM191108C157,2019-11-07,2019-11-07 09:37:23,3.04,0.9967,27,2.91,0.954,319,2.9,0.9508,1,2.975,0.9754,17,0
IWM191108C157,2019-11-07,2019-11-07 09:37:24,3.05,1.0,66,2.91,0.954,396,2.9,0.9508,1,2.98,0.977,17,0
IWM191108C157,2019-11-07,2019-11-07 09:37:24,3.05,1.0,66,2.91,0.954,434,2.9,0.9508,1,2.98,0.977,17,0
IWM191108C157,2019-11-07,2019-11-07 09:37:25,3.05,1.0,50,2.91,0.954,434,2.9,0.9508,1,2.98,0.977,17,0
IWM191108C157,2019-11-07,2019-11-07 09:37:26,3.05,1.0,42,2.91,0.954,434,2.9,0.9508,1,2.98,0.977,17,0
IWM191108C157,2019-11-07,2019-11-07 09:37:26,3.05,1.0,50,2.91,0.954,434,2.9,0.9508,1,2.98,0.977,17,0
IWM191108C157,2019-11-07,2019-11-07 09:37:27,3.05,1.0,55,2.91,0.954,434,2.9,0.9508,1,2.98,0.977,17,0
IWM191108C157,2019-11-07,2019-11-07 09:37:28,3.05,1.0,45,2.91,0.954,490,2.9,0.9508,1,2.98,0.977,17,0
IWM191108C157,2019-11-07,2019-11-07 09:37:28,3.05,1.0,55,2.91,0.954,490,2.9,0.9508,1,2.98,0.977,17,0
IWM191108C157,2019-11-07,2019-11-07 09:37:29,3.05,1.0,45,2.91,0.954,490,2.9,0.9508,1,2.98,0.977,17,0
IWM191108C157,2019-11-07,2019-11-07 09:37:30,3.05,1.0,59,2.91,0.954,255,2.9,0.9508,1,2.98,0.977,17,0
IWM191108C157,2019-11-07,2019-11-07 09:37:30,3.05,1.0,45,2.91,0.954,360,2.9,0.9508,1,2.98,0.977,17,0
IWM191108C157,2019-11-07,2019-11-07 09:37:31,3.1,1.0163,115,2.94,0.9639,356,2.9,0.9508,1,3.02,0.9901,17,0
IWM191108C157,2019-11-07,2019-11-07 09:37:31,3.1,1.0163,47,2.94,0.9639,281,2.9,0.9508,1,3.02,0.9901,17,0
IWM191108C157,2019-11-07,2019-11-07 09:37:32,3.1,1.0163,91,2.94,0.9639,469,2.9,0.9508,1,3.02,0.9901,17,0
IWM191108C157,2019-11-07,2019-11-07 09:37:33,3.1,1.0163,147,2.94,0.9639,458,2.9,0.9508,1,3.02,0.9901,17,0
IWM191108C157,2019-11-07,2019-11-07 09:37:34,3.1,1.0163,119,2.94,0.9639,311,2.9,0.9508,1,3.02,0.9901,17,0
IWM191108C157,2019-11-07,2019-11-07 09:37:34,3.1,1.0163,20,2.94,0.9639,112,2.9,0.9508,1,3.02,0.9901,17,0
IWM191108C157,2019-11-07,2019-11-07 09:37:35,3.1,1.0163,168,2.94,0.9639,333,2.9,0.9508,1,3.02,0.9901,17,0
IWM191108C157,2019-11-07,2019-11-07 09:37:35,3.1,1.0163,119,2.94,0.9639,311,2.9,0.9508,1,3.02,0.9901,17,0
IWM191108C157,2019-11-07,2019-11-07 09:37:36,3.1,1.0163,168,2.94,0.9639,462,2.9,0.9508,1,3.02,0.9901,17,0
IWM191108C157,2019-11-07,2019-11-07 09:37:36,3.1,1.0163,168,2.94,0.9639,504,2.9,0.9508,1,3.02,0.9901,17,0
IWM191108C157,2019-11-07,2019-11-07 09:37:37,3.1,1.0163,168,2.94,0.9639,504,2.9,0.9508,1,3.02,0.9901,17,0
IWM191108C157,2019-11-07,2019-11-07 09:37:37,3.1,1.0163,168,2.94,0.9639,471,2.9,0.9508,1,3.02,0.9901,17,0
IWM191108C157,2019-11-07,2019-11-07 09:37:38,3.1,1.0163,168,2.94,0.9639,471,2.9,0.9508,1,3.02,0.9901,17,0
IWM191108C157,2019-11-07,2019-11-07 09:37:39,3.1,1.0163,14,2.93,0.9606,40,2.9,0.9508,1,3.015,0.9885,17,0
IWM191108C157,2019-11-07,2019-11-07 09:37:39,3.09,1.0131,161,2.93,0.9606,160,2.9,0.9508,1,3.01,0.9868,17,0
IWM191108C157,2019-11-07,2019-11-07 09:37:40,3.09,1.0131,337,2.94,0.9639,169,2.9,0.9508,1,3.015,0.9885,17,0
IWM191108C157,2019-11-07,2019-11-07 09:37:40,3.09,1.0131,311,2.94,0.9639,169,2.9,0.9508,1,3.015,0.9885,17,0
IWM191108C157,2019-11-07,2019-11-07 09:37:41,3.09,1.0131,341,2.94,0.9639,235,2.9,0.9508,1,3.015,0.9885,17,0
IWM191108C157,2019-11-07,2019-11-07 09:37:41,3.09,1.0131,381,2.94,0.9639,245,2.9,0.9508,1,3.015,0.9885,17,0
IWM191108C157,2019-11-07,2019-11-07 09:37:42,3.09,1.0131,419,2.94,0.9639,353,2.9,0.9508,1,3.015,0.9885,17,0
IWM191108C157,2019-11-07,2019-11-07 09:37:42,3.09,1.0131,205,2.94,0.9639,80,2.9,0.9508,1,3.015,0.9885,17,0
IWM191108C157,2019-11-07,2019-11-07 09:37:43,3.09,1.0131,349,2.94,0.9639,180,2.9,0.9508,1,3.015,0.9885,17,0
IWM191108C157,2019-11-07,2019-11-07 09:37:43,3.09,1.0131,339,2.94,0.9639,182,2.9,0.9508,1,3.015,0.9885,17,0
IWM191108C157,2019-11-07,2019-11-07 09:37:44,3.09,1.0131,420,2.94,0.9639,190,2.9,0.9508,1,3.015,0.9885,17,0
IWM191108C157,2019-11-07,2019-11-07 09:37:45,3.07,1.0065,120,2.94,0.9639,58,2.9,0.9508,1,3.005,0.9852,17,0
IWM191108C157,2019-11-07,2019-11-07 09:37:46,3.05,1.0,232,2.91,0.954,146,2.9,0.9508,1,2.98,0.977,17,0
IWM191108C157,2019-11-07,2019-11-07 09:37:46,3.05,1.0,277,2.91,0.954,77,2.9,0.9508,1,2.98,0.977,17,0
IWM191108C157,2019-11-07,2019-11-07 09:37:47,3.05,1.0,345,2.91,0.954,89,2.9,0.9508,1,2.98,0.977,17,0
IWM191108C157,2019-11-07,2019-11-07 09:37:48,3.05,1.0,345,2.91,0.954,89,2.9,0.9508,1,2.98,0.977,17,0
IWM191108C157,2019-11-07,2019-11-07 09:37:48,3.05,1.0,345,2.91,0.954,137,2.9,0.9508,1,2.98,0.977,17,0
IWM191108C157,2019-11-07,2019-11-07 09:37:49,3.05,1.0,325,2.91,0.954,207,2.9,0.9508,1,2.98,0.977,17,0
IWM191108C157,2019-11-07,2019-11-07 09:37:49,3.05,1.0,345,2.91,0.954,207,2.9,0.9508,1,2.98,0.977,17,0
IWM191108C157,2019-11-07,2019-11-07 09:37:50,3.05,1.0,315,2.91,0.954,107,2.9,0.9508,1,2.98,0.977,17,0
IWM191108C157,2019-11-07,2019-11-07 09:37:50,3.05,1.0,345,2.91,0.954,178,2.9,0.9508,1,2.98,0.977,17,0
IWM191108C157,2019-11-07,2019-11-07 09:37:51,3.05,1.0,281,2.91,0.954,178,2.9,0.9508,1,2.98,0.977,17,0
IWM191108C157,2019-11-07,2019-11-07 09:37:51,3.05,1.0,196,2.91,0.954,147,2.9,0.9508,1,2.98,0.977,17,0
IWM191108C157,2019-11-07,2019-11-07 09:37:52,3.05,1.0,366,2.91,0.954,224,2.9,0.9508,1,2.98,0.977,17,0
IWM191108C157,2019-11-07,2019-11-07 09:37:52,3.05,1.0,281,2.91,0.954,178,2.9,0.9508,1,2.98,0.977,17,0
IWM191108C157,2019-11-07,2019-11-07 09:37:53,3.05,1.0,366,2.91,0.954,224,2.9,0.9508,1,2.98,0.977,17,0
IWM191108C157,2019-11-07,2019-11-07 09:37:53,3.05,1.0,196,2.88,0.9442,79,2.9,0.9508,1,2.965,0.9721,17,0
IWM191108C157,2019-11-07,2019-11-07 09:37:54,3.03,0.9934,340,2.9,0.9508,25,2.9,0.9508,1,2.965,0.9721,17,0
IWM191108C157,2019-11-07,2019-11-07 09:37:55,3.03,0.9934,361,2.9,0.9508,20,2.9,0.9508,1,2.965,0.9721,17,0
IWM191108C157,2019-11-07,2019-11-07 09:37:55,3.03,0.9934,382,2.9,0.9508,36,2.9,0.9508,1,2.965,0.9721,17,0
IWM191108C157,2019-11-07,2019-11-07 09:37:56,3.03,0.9934,188,2.9,0.9508,10,2.9,0.9508,1,2.965,0.9721,17,0
IWM191108C157,2019-11-07,2019-11-07 09:37:56,3.03,0.9934,276,2.87,0.9409,107,2.9,0.9508,1,2.95,0.9672,17,0
IWM191108C157,2019-11-07,2019-11-07 09:37:57,3.03,0.9934,333,2.87,0.9409,258,2.9,0.9508,1,2.95,0.9672,17,0
IWM191108C157,2019-11-07,2019-11-07 09:37:57,3.03,0.9934,333,2.87,0.9409,107,2.9,0.9508,1,2.95,0.9672,17,0
IWM191108C157,2019-11-07,2019-11-07 09:37:58,3.03,0.9934,325,2.87,0.9409,211,2.9,0.9508,1,2.95,0.9672,17,0
IWM191108C157,2019-11-07,2019-11-07 09:37:59,3.03,0.9934,280,2.87,0.9409,312,2.9,0.9508,1,2.95,0.9672,17,0
IWM191108C157,2019-11-07,2019-11-07 09:37:59,3.03,0.9934,305,2.87,0.9409,305,2.9,0.9508,1,2.95,0.9672,17,0
IWM191108C157,2019-11-07,2019-11-07 09:38:00,3.03,0.9934,269,2.88,0.9442,230,2.9,0.9508,1,2.955,0.9688,17,0
IWM191108C157,2019-11-07,2019-11-07 09:38:00,3.03,0.9934,269,2.88,0.9442,205,2.9,0.9508,1,2.955,0.9688,17,0
IWM191108C157,2019-11-07,2019-11-07 09:38:01,3.03,0.9934,150,2.88,0.9442,127,2.9,0.9508,1,2.955,0.9688,17,0
IWM191108C157,2019-11-07,2019-11-07 09:38:01,3.03,0.9934,255,2.88,0.9442,194,2.9,0.9508,1,2.955,0.9688,17,0
IWM191108C157,2019-11-07,2019-11-07 09:38:02,3.03,0.9934,202,2.88,0.9442,293,2.9,0.9508,1,2.955,0.9688,17,0
IWM191108C157,2019-11-07,2019-11-07 09:38:02,3.03,0.9934,69,2.88,0.9442,248,2.9,0.9508,1,2.955,0.9688,17,0
IWM191108C157,2019-11-07,2019-11-07 09:38:03,3.03,0.9934,202,2.88,0.9442,273,2.9,0.9508,1,2.955,0.9688,17,0
IWM191108C157,2019-11-07,2019-11-07 09:38:03,3.03,0.9934,249,2.88,0.9442,330,2.9,0.9508,1,2.955,0.9688,17,0
IWM191108C157,2019-11-07,2019-11-07 09:38:04,3.03,0.9934,385,2.88,0.9442,425,2.9,0.9508,1,2.955,0.9688,17,0
IWM191108C157,2019-11-07,2019-11-07 09:38:04,3.03,0.9934,312,2.88,0.9442,425,2.9,0.9508,1,2.955,0.9688,17,0
IWM191108C157,2019-11-07,2019-11-07 09:38:05,3.03,0.9934,403,2.88,0.9442,420,2.9,0.9508,1,2.955,0.9688,17,0
IWM191108C157,2019-11-07,2019-11-07 09:38:05,3.02,0.9901,16,2.88,0.9442,97,2.9,0.9508,1,2.95,0.9672,17,0
IWM191108C157,2019-11-07,2019-11-07 09:38:06,3.02,0.9901,249,2.88,0.9442,75,2.9,0.9508,1,2.95,0.9672,17,0
IWM191108C157,2019-11-07,2019-11-07 09:38:06,3.02,0.9901,301,2.88,0.9442,59,2.9,0.9508,1,2.95,0.9672,17,0
IWM191108C157,2019-11-07,2019-11-07 09:38:07,3.02,0.9901,342,2.88,0.9442,80,2.9,0.9508,1,2.95,0.9672,17,0
IWM191108C157,2019-11-07,2019-11-07 09:38:08,3.02,0.9901,342,2.88,0.9442,140,2.9,0.9508,1,2.95,0.9672,17,0
IWM191108C157,2019-11-07,2019-11-07 09:38:09,3.02,0.9901,264,2.88,0.9442,118,2.9,0.9508,1,2.95,0.9672,17,0
IWM191108C157,2019-11-07,2019-11-07 09:38:09,3.02,0.9901,342,2.88,0.9442,154,2.9,0.9508,1,2.95,0.9672,17,0
IWM191108C157,2019-11-07,2019-11-07 09:38:10,3.02,0.9901,250,2.88,0.9442,180,2.9,0.9508,1,2.95,0.9672,17,0
IWM191108C157,2019-11-07,2019-11-07 09:38:10,3.02,0.9901,354,2.88,0.9442,230,2.9,0.9508,1,2.95,0.9672,17,0
IWM191108C157,2019-11-07,2019-11-07 09:38:11,3.02,0.9901,220,2.88,0.9442,228,2.9,0.9508,1,2.95,0.9672,17,0
IWM191108C157,2019-11-07,2019-11-07 09:38:11,3.02,0.9901,170,2.88,0.9442,178,2.9,0.9508,1,2.95,0.9672,17,0
IWM191108C157,2019-11-07,2019-11-07 09:38:12,3.01,0.9868,314,2.88,0.9442,106,2.9,0.9508,1,2.945,0.9655,17,0
IWM191108C157,2019-11-07,2019-11-07 09:38:12,3.01,0.9868,298,2.88,0.9442,106,2.9,0.9508,1,2.945,0.9655,17,0
IWM191108C157,2019-11-07,2019-11-07 09:38:13,3.01,0.9868,325,2.88,0.9442,180,2.9,0.9508,1,2.945,0.9655,17,0
IWM191108C157,2019-11-07,2019-11-07 09:38:13,3.01,0.9868,325,2.88,0.9442,170,2.9,0.9508,1,2.945,0.9655,17,0
IWM191108C157,2019-11-07,2019-11-07 09:38:14,3.01,0.9868,445,2.88,0.9442,113,2.9,0.9508,1,2.945,0.9655,17,0
IWM191108C157,2019-11-07,2019-11-07 09:38:14,3.01,0.9868,325,2.88,0.9442,113,2.9,0.9508,1,2.945,0.9655,17,0
IWM191108C157,2019-11-07,2019-11-07 09:38:15,3.01,0.9868,445,2.88,0.9442,155,2.9,0.9508,1,2.945,0.9655,17,0
IWM191108C157,2019-11-07,2019-11-07 09:38:15,3.01,0.9868,438,2.88,0.9442,99,2.9,0.9508,1,2.945,0.9655,17,0
IWM191108C157,2019-11-07,2019-11-07 09:38:16,3.01,0.9868,413,2.88,0.9442,108,2.9,0.9508,1,2.945,0.9655,17,0
IWM191108C157,2019-11-07,2019-11-07 09:38:17,3.01,0.9868,413,2.88,0.9442,108,2.9,0.9508,1,2.945,0.9655,17,0
IWM191108C157,2019-11-07,2019-11-07 09:38:17,3.01,0.9868,413,2.88,0.9442,135,2.9,0.9508,1,2.945,0.9655,17,0
IWM191108C157,2019-11-07,2019-11-07 09:38:18,3.01,0.9868,359,2.88,0.9442,135,2.9,0.9508,1,2.945,0.9655,17,0
IWM191108C157,2019-11-07,2019-11-07 09:38:19,3.01,0.9868,436,2.88,0.9442,121,2.9,0.9508,1,2.945,0.9655,17,0
IWM191108C157,2019-11-07,2019-11-07 09:38:19,3.01,0.9868,408,2.88,0.9442,128,2.9,0.9508,1,2.945,0.9655,17,0
IWM191108C157,2019-11-07,2019-11-07 09:38:20,3.01,0.9868,298,2.88,0.9442,168,2.9,0.9508,1,2.945,0.9655,17,0
IWM191108C157,2019-11-07,2019-11-07 09:38:20,3.01,0.9868,408,2.88,0.9442,128,2.9,0.9508,1,2.945,0.9655,17,0
IWM191108C157,2019-11-07,2019-11-07 09:38:21,3.01,0.9868,308,2.88,0.9442,220,2.9,0.9508,1,2.945,0.9655,17,0
IWM191108C157,2019-11-07,2019-11-07 09:38:21,3.01,0.9868,232,2.88,0.9442,220,2.9,0.9508,1,2.945,0.9655,17,0
IWM191108C157,2019-11-07,2019-11-07 09:38:22,3.01,0.9868,225,2.88,0.9442,255,2.9,0.9508,1,2.945,0.9655,17,0
IWM191108C157,2019-11-07,2019-11-07 09:38:22,3.01,0.9868,198,2.88,0.9442,220,2.9,0.9508,1,2.945,0.9655,17,0
IWM191108C157,2019-11-07,2019-11-07 09:38:23,3.01,0.9868,225,2.88,0.9442,255,2.9,0.9508,1,2.945,0.9655,17,0
IWM191108C157,2019-11-07,2019-11-07 09:38:24,3.01,0.9868,225,2.88,0.9442,255,2.9,0.9508,1,2.945,0.9655,17,0
IWM191108C157,2019-11-07,2019-11-07 09:38:25,3.01,0.9868,200,2.88,0.9442,255,2.9,0.9508,1,2.945,0.9655,17,0
IWM191108C157,2019-11-07,2019-11-07 09:38:26,3.01,0.9868,200,2.88,0.9442,255,2.9,0.9508,1,2.945,0.9655,17,0
IWM191108C157,2019-11-07,2019-11-07 09:38:27,3.01,0.9868,200,2.88,0.9442,255,2.9,0.9508,1,2.945,0.9655,17,0
IWM191108C157,2019-11-07,2019-11-07 09:38:27,3.01,0.9868,226,2.88,0.9442,310,2.9,0.9508,1,2.945,0.9655,17,0
IWM191108C157,2019-11-07,2019-11-07 09:38:28,3.01,0.9868,199,2.88,0.9442,348,2.9,0.9508,1,2.945,0.9655,17,0
IWM191108C157,2019-11-07,2019-11-07 09:38:28,3.01,0.9868,226,2.88,0.9442,348,2.9,0.9508,1,2.945,0.9655,17,0
IWM191108C157,2019-11-07,2019-11-07 09:38:29,3.01,0.9868,183,2.88,0.9442,348,2.9,0.9508,1,2.945,0.9655,17,0
IWM191108C157,2019-11-07,2019-11-07 09:38:29,3.01,0.9868,190,2.88,0.9442,320,2.9,0.9508,1,2.945,0.9655,17,0
IWM191108C157,2019-11-07,2019-11-07 09:38:30,3.01,0.9868,190,2.88,0.9442,320,2.9,0.9508,1,2.945,0.9655,17,0
IWM191108C157,2019-11-07,2019-11-07 09:38:31,3.01,0.9868,190,2.88,0.9442,320,2.9,0.9508,1,2.945,0.9655,17,0
IWM191108C157,2019-11-07,2019-11-07 09:38:32,3.01,0.9868,190,2.88,0.9442,375,2.9,0.9508,1,2.945,0.9655,17,0
IWM191108C157,2019-11-07,2019-11-07 09:38:32,3.01,0.9868,190,2.88,0.9442,223,2.9,0.9508,1,2.945,0.9655,17,0
IWM191108C157,2019-11-07,2019-11-07 09:38:33,3.01,0.9868,28,2.89,0.9475,302,2.9,0.9508,1,2.95,0.9672,17,0
IWM191108C157,2019-11-07,2019-11-07 09:38:33,3.01,0.9868,32,2.89,0.9475,302,2.9,0.9508,1,2.95,0.9672,17,0
IWM191108C157,2019-11-07,2019-11-07 09:38:34,3.03,0.9934,57,2.89,0.9475,292,2.9,0.9508,1,2.96,0.9704,17,0
IWM191108C157,2019-11-07,2019-11-07 09:38:34,3.01,0.9868,10,2.89,0.9475,302,2.9,0.9508,1,2.95,0.9672,17,0
IWM191108C157,2019-11-07,2019-11-07 09:38:35,3.03,0.9934,57,2.89,0.9475,310,2.9,0.9508,1,2.96,0.9704,17,0
IWM191108C157,2019-11-07,2019-11-07 09:38:36,3.03,0.9934,110,2.89,0.9475,293,2.9,0.9508,1,2.96,0.9704,17,0
IWM191108C157,2019-11-07,2019-11-07 09:38:36,3.03,0.9934,57,2.89,0.9475,293,2.9,0.9508,1,2.96,0.9704,17,0
IWM191108C157,2019-11-07,2019-11-07 09:38:37,3.03,0.9934,88,2.89,0.9475,458,2.9,0.9508,1,2.96,0.9704,17,0
IWM191108C157,2019-11-07,2019-11-07 09:38:37,3.03,0.9934,110,2.89,0.9475,458,2.9,0.9508,1,2.96,0.9704,17,0
IWM191108C157,2019-11-07,2019-11-07 09:38:38,3.03,0.9934,121,2.89,0.9475,365,2.9,0.9508,1,2.96,0.9704,17,0
IWM191108C157,2019-11-07,2019-11-07 09:38:38,3.03,0.9934,88,2.89,0.9475,458,2.9,0.9508,1,2.96,0.9704,17,0
IWM191108C157,2019-11-07,2019-11-07 09:38:39,3.03,0.9934,167,2.89,0.9475,457,2.9,0.9508,1,2.96,0.9704,17,0
IWM191108C157,2019-11-07,2019-11-07 09:38:39,3.03,0.9934,142,2.89,0.9475,365,2.9,0.9508,1,2.96,0.9704,17,0
IWM191108C157,2019-11-07,2019-11-07 09:38:40,3.03,0.9934,157,2.89,0.9475,434,2.9,0.9508,1,2.96,0.9704,17,0
IWM191108C157,2019-11-07,2019-11-07 09:38:41,3.03,0.9934,182,2.89,0.9475,434,2.9,0.9508,1,2.96,0.9704,17,0
IWM191108C157,2019-11-07,2019-11-07 09:38:41,3.03,0.9934,147,2.89,0.9475,187,2.9,0.9508,1,2.96,0.9704,17,0
IWM191108C157,2019-11-07,2019-11-07 09:38:42,3.03,0.9934,254,2.89,0.9475,275,2.9,0.9508,1,2.96,0.9704,17,0
IWM191108C157,2019-11-07,2019-11-07 09:38:42,3.03,0.9934,147,2.89,0.9475,275,2.9,0.9508,1,2.96,0.9704,17,0
IWM191108C157,2019-11-07,2019-11-07 09:38:43,3.03,0.9934,273,2.89,0.9475,444,2.9,0.9508,1,2.96,0.9704,17,0
IWM191108C157,2019-11-07,2019-11-07 09:38:44,3.03,0.9934,192,2.89,0.9475,301,2.9,0.9508,1,2.96,0.9704,17,0
IWM191108C157,2019-11-07,2019-11-07 09:38:44,3.03,0.9934,273,2.89,0.9475,444,2.9,0.9508,1,2.96,0.9704,17,0
IWM191108C157,2019-11-07,2019-11-07 09:38:45,3.03,0.9934,192,2.89,0.9475,420,2.9,0.9508,1,2.96,0.9704,17,0
IWM191108C157,2019-11-07,2019-11-07 09:38:46,3.03,0.9934,192,2.89,0.9475,420,2.9,0.9508,1,2.96,0.9704,17,0
IWM191108C157,2019-11-07,2019-11-07 09:38:47,3.03,0.9934,192,2.89,0.9475,420,2.9,0.9508,1,2.96,0.9704,17,0
IWM191108C157,2019-11-07,2019-11-07 09:38:47,3.03,0.9934,223,2.89,0.9475,212,2.9,0.9508,1,2.96,0.9704,17,0
IWM191108C157,2019-11-07,2019-11-07 09:38:48,3.03,0.9934,280,2.89,0.9475,274,2.9,0.9508,1,2.96,0.9704,17,0
IWM191108C157,2019-11-07,2019-11-07 09:38:48,3.03,0.9934,270,2.89,0.9475,231,2.9,0.9508,1,2.96,0.9704,17,0
IWM191108C157,2019-11-07,2019-11-07 09:38:49,3.01,0.9868,194,2.89,0.9475,231,2.9,0.9508,1,2.95,0.9672,17,0
IWM191108C157,2019-11-07,2019-11-07 09:38:50,3.01,0.9868,182,2.89,0.9475,201,2.9,0.9508,1,2.95,0.9672,17,0
IWM191108C157,2019-11-07,2019-11-07 09:38:50,3.01,0.9868,239,2.89,0.9475,231,2.9,0.9508,1,2.95,0.9672,17,0
IWM191108C157,2019-11-07,2019-11-07 09:38:51,3.01,0.9868,198,2.89,0.9475,311,2.9,0.9508,1,2.95,0.9672,17,0
IWM191108C157,2019-11-07,2019-11-07 09:38:52,3.01,0.9868,160,2.89,0.9475,311,2.9,0.9508,1,2.95,0.9672,17,0
IWM191108C157,2019-11-07,2019-11-07 09:38:52,3.01,0.9868,215,2.89,0.9475,266,2.9,0.9508,1,2.95,0.9672,17,0
IWM191108C157,2019-11-07,2019-11-07 09:38:53,3.01,0.9868,215,2.89,0.9475,196,2.9,0.9508,1,2.95,0.9672,17,0
IWM191108C157,2019-11-07,2019-11-07 09:38:54,3.01,0.9868,241,2.89,0.9475,200,2.9,0.9508,1,2.95,0.9672,17,0
IWM191108C157,2019-11-07,2019-11-07 09:38:54,3.01,0.9868,211,2.89,0.9475,225,2.9,0.9508,1,2.95,0.9672,17,0
IWM191108C157,2019-11-07,2019-11-07 09:38:55,3.01,0.9868,211,2.89,0.9475,225,2.9,0.9508,1,2.95,0.9672,17,0
IWM191108C157,2019-11-07,2019-11-07 09:38:56,3.01,0.9868,150,2.89,0.9475,225,2.9,0.9508,1,2.95,0.9672,17,0
IWM191108C157,2019-11-07,2019-11-07 09:38:56,3.01,0.9868,211,2.89,0.9475,225,2.9,0.9508,1,2.95,0.9672,17,0
IWM191108C157,2019-11-07,2019-11-07 09:38:57,3.01,0.9868,181,2.89,0.9475,261,2.9,0.9508,1,2.95,0.9672,17,0
IWM191108C157,2019-11-07,2019-11-07 09:38:58,3.01,0.9868,150,2.89,0.9475,298,2.9,0.9508,1,2.95,0.9672,17,0
IWM191108C157,2019-11-07,2019-11-07 09:38:58,3.01,0.9868,181,2.89,0.9475,265,2.9,0.9508,1,2.95,0.9672,17,0
IWM191108C157,2019-11-07,2019-11-07 09:38:59,3.01,0.9868,150,2.89,0.9475,298,2.9,0.9508,1,2.95,0.9672,17,0
IWM191108C157,2019-11-07,2019-11-07 09:38:59,3.01,0.9868,242,2.89,0.9475,261,2.9,0.9508,1,2.95,0.9672,17,0
IWM191108C157,2019-11-07,2019-11-07 09:39:00,3.01,0.9868,51,2.89,0.9475,270,2.9,0.9508,1,2.95,0.9672,17,0
IWM191108C157,2019-11-07,2019-11-07 09:39:00,3.01,0.9868,156,2.89,0.9475,361,2.9,0.9508,1,2.95,0.9672,17,0
IWM191108C157,2019-11-07,2019-11-07 09:39:01,3.01,0.9868,44,2.89,0.9475,260,2.9,0.9508,1,2.95,0.9672,17,0
IWM191108C157,2019-11-07,2019-11-07 09:39:01,3.01,0.9868,45,2.89,0.9475,260,2.9,0.9508,1,2.95,0.9672,17,0
IWM191108C157,2019-11-07,2019-11-07 09:39:02,3.01,0.9868,44,2.89,0.9475,469,2.9,0.9508,1,2.95,0.9672,17,0
IWM191108C157,2019-11-07,2019-11-07 09:39:03,3.01,0.9868,103,2.89,0.9475,200,2.9,0.9508,1,2.95,0.9672,17,0
IWM191108C157,2019-11-07,2019-11-07 09:39:03,3.01,0.9868,118,2.89,0.9475,275,2.9,0.9508,1,2.95,0.9672,17,0
IWM191108C157,2019-11-07,2019-11-07 09:39:04,3.01,0.9868,179,2.89,0.9475,275,2.9,0.9508,1,2.95,0.9672,17,0
IWM191108C157,2019-11-07,2019-11-07 09:39:04,3.01,0.9868,128,2.89,0.9475,275,2.9,0.9508,1,2.95,0.9672,17,0
IWM191108C157,2019-11-07,2019-11-07 09:39:05,3.01,0.9868,179,2.89,0.9475,241,2.9,0.9508,1,2.95,0.9672,17,0
IWM191108C157,2019-11-07,2019-11-07 09:39:05,3.01,0.9868,179,2.89,0.9475,177,2.9,0.9508,1,2.95,0.9672,17,0
IWM191108C157,2019-11-07,2019-11-07 09:39:06,3.01,0.9868,271,2.89,0.9475,290,2.9,0.9508,1,2.95,0.9672,17,0
IWM191108C157,2019-11-07,2019-11-07 09:39:07,3.01,0.9868,88,2.89,0.9475,174,2.9,0.9508,1,2.95,0.9672,17,0
IWM191108C157,2019-11-07,2019-11-07 09:39:07,3.01,0.9868,64,2.89,0.9475,155,2.9,0.9508,1,2.95,0.9672,17,0
IWM191108C157,2019-11-07,2019-11-07 09:39:08,3.01,0.9868,88,2.89,0.9475,185,2.9,0.9508,1,2.95,0.9672,17,0
IWM191108C157,2019-11-07,2019-11-07 09:39:08,3.01,0.9868,88,2.89,0.9475,174,2.9,0.9508,1,2.95,0.9672,17,0
IWM191108C157,2019-11-07,2019-11-07 09:39:09,3.01,0.9868,88,2.89,0.9475,274,2.9,0.9508,1,2.95,0.9672,17,0
IWM191108C157,2019-11-07,2019-11-07 09:39:09,3.01,0.9868,88,2.89,0.9475,223,2.9,0.9508,1,2.95,0.9672,17,0
IWM191108C157,2019-11-07,2019-11-07 09:39:10,3.01,0.9868,88,2.89,0.9475,275,2.9,0.9508,1,2.95,0.9672,17,0
IWM191108C157,2019-11-07,2019-11-07 09:39:10,3.01,0.9868,88,2.89,0.9475,223,2.9,0.9508,1,2.95,0.9672,17,0
IWM191108C157,2019-11-07,2019-11-07 09:39:11,3.01,0.9868,88,2.89,0.9475,308,2.9,0.9508,1,2.95,0.9672,17,0
IWM191108C157,2019-11-07,2019-11-07 09:39:12,3.01,0.9868,13,2.89,0.9475,190,2.9,0.9508,1,2.95,0.9672,17,0
IWM191108C157,2019-11-07,2019-11-07 09:39:12,3.04,0.9967,58,2.91,0.954,264,2.9,0.9508,1,2.975,0.9754,17,0
