symbol,Date,quote_time,ask_price,norm_ask_price,ask_size,bid_price,norm_bid_price,bid_size,last_trade_price,norm_last_trade_price,last_trade_size,mark_price,norm_mark_price,volume,Volume
IWM191025C153,2019-10-24,2019-10-24 09:30:00,2.24,1.0,18,1.98,0.8839,18,1.78,0.7946,1,2.11,0.9419,0,0
IWM191025C153,2019-10-24,2019-10-24 09:30:01,2.21,0.9866,1,1.98,0.8839,18,1.78,0.7946,1,2.095,0.9352,0,0
IWM191025C153,2019-10-24,2019-10-24 09:30:02,2.21,0.9866,1,1.98,0.8839,18,1.78,0.7946,1,2.095,0.9352,0,0
IWM191025C153,2019-10-24,2019-10-24 09:30:02,2.21,0.9866,10,2.01,0.8973,27,1.78,0.7946,1,2.11,0.9419,0,0
IWM191025C153,2019-10-24,2019-10-24 09:30:03,2.19,0.9776,77,2.01,0.8973,90,1.78,0.7946,1,2.1,0.9375,0,0
IWM191025C153,2019-10-24,2019-10-24 09:30:04,2.19,0.9776,48,2.01,0.8973,90,1.78,0.7946,1,2.1,0.9375,0,0
IWM191025C153,2019-10-24,2019-10-24 09:30:04,2.19,0.9776,77,2.01,0.8973,90,1.78,0.7946,1,2.1,0.9375,0,0
IWM191025C153,2019-10-24,2019-10-24 09:30:05,2.19,0.9776,48,2.01,0.8973,90,1.78,0.7946,1,2.1,0.9375,0,0
IWM191025C153,2019-10-24,2019-10-24 09:30:06,2.21,0.9866,98,2.01,0.8973,90,1.78,0.7946,1,2.11,0.9419,0,0
IWM191025C153,2019-10-24,2019-10-24 09:30:06,2.19,0.9776,48,2.01,0.8973,90,1.78,0.7946,1,2.1,0.9375,0,0
IWM191025C153,2019-10-24,2019-10-24 09:30:07,2.21,0.9866,70,2.01,0.8973,90,1.78,0.7946,1,2.11,0.9419,0,0
IWM191025C153,2019-10-24,2019-10-24 09:30:07,2.2,0.9821,55,2.01,0.8973,100,2.16,0.9642,2,2.105,0.9397,2,2
IWM191025C153,2019-10-24,2019-10-24 09:30:08,2.2,0.9821,55,2.01,0.8973,100,2.16,0.9642,2,2.105,0.9397,2,0
IWM191025C153,2019-10-24,2019-10-24 09:30:08,2.25,1.0044,110,2.01,0.8973,100,2.16,0.9642,2,2.13,0.9508,2,0
IWM191025C153,2019-10-24,2019-10-24 09:30:09,2.25,1.0044,231,2.04,0.9107,213,2.16,0.9642,2,2.145,0.9575,2,0
IWM191025C153,2019-10-24,2019-10-24 09:30:10,2.25,1.0044,272,2.05,0.9151,163,2.16,0.9642,2,2.15,0.9598,2,0
IWM191025C153,2019-10-24,2019-10-24 09:30:10,2.25,1.0044,262,2.04,0.9107,267,2.16,0.9642,2,2.145,0.9575,2,0
IWM191025C153,2019-10-24,2019-10-24 09:30:11,2.25,1.0044,262,2.06,0.9196,277,2.16,0.9642,2,2.155,0.962,2,0
IWM191025C153,2019-10-24,2019-10-24 09:30:11,2.25,1.0044,262,2.06,0.9196,267,2.16,0.9642,2,2.155,0.962,2,0
IWM191025C153,2019-10-24,2019-10-24 09:30:12,2.25,1.0044,276,2.07,0.9241,236,2.16,0.9642,2,2.16,0.9642,2,0
IWM191025C153,2019-10-24,2019-10-24 09:30:12,2.25,1.0044,276,2.07,0.9241,150,2.16,0.9642,2,2.16,0.9642,2,0
IWM191025C153,2019-10-24,2019-10-24 09:30:13,2.25,1.0044,276,2.07,0.9241,236,2.16,0.9642,2,2.16,0.9642,2,0
IWM191025C153,2019-10-24,2019-10-24 09:30:13,2.25,1.0044,121,2.08,0.9285,270,2.16,0.9642,2,2.165,0.9665,2,0
IWM191025C153,2019-10-24,2019-10-24 09:30:14,2.25,1.0044,255,2.08,0.9285,108,2.16,0.9642,2,2.165,0.9665,2,0
IWM191025C153,2019-10-24,2019-10-24 09:30:14,2.25,1.0044,264,2.08,0.9285,71,2.16,0.9642,2,2.165,0.9665,2,0
IWM191025C153,2019-10-24,2019-10-24 09:30:15,2.24,1.0,193,2.08,0.9285,58,2.16,0.9642,2,2.16,0.9642,2,0
IWM191025C153,2019-10-24,2019-10-24 09:30:15,2.25,1.0044,264,2.08,0.9285,71,2.16,0.9642,2,2.165,0.9665,2,0
IWM191025C153,2019-10-24,2019-10-24 09:30:16,2.24,1.0,338,2.08,0.9285,58,2.16,0.9642,2,2.16,0.9642,2,0
IWM191025C153,2019-10-24,2019-10-24 09:30:17,2.23,0.9955,122,2.04,0.9107,22,2.16,0.9642,2,2.135,0.9531,2,0
IWM191025C153,2019-10-24,2019-10-24 09:30:17,2.21,0.9866,326,2.04,0.9107,26,2.16,0.9642,2,2.125,0.9486,2,0
IWM191025C153,2019-10-24,2019-10-24 09:30:18,2.21,0.9866,326,2.04,0.9107,26,2.16,0.9642,2,2.125,0.9486,2,0
IWM191025C153,2019-10-24,2019-10-24 09:30:19,2.21,0.9866,330,2.04,0.9107,26,2.16,0.9642,2,2.125,0.9486,2,0
IWM191025C153,2019-10-24,2019-10-24 09:30:20,2.18,0.9732,210,2.04,0.9107,1,2.16,0.9642,2,2.11,0.9419,2,0
IWM191025C153,2019-10-24,2019-10-24 09:30:21,2.18,0.9732,321,2.0,0.8928,124,2.16,0.9642,2,2.09,0.933,2,0
IWM191025C153,2019-10-24,2019-10-24 09:30:21,2.18,0.9732,321,2.0,0.8928,167,2.16,0.9642,2,2.09,0.933,2,0
IWM191025C153,2019-10-24,2019-10-24 09:30:22,2.16,0.9642,197,2.0,0.8928,52,2.16,0.9642,2,2.08,0.9285,2,0
IWM191025C153,2019-10-24,2019-10-24 09:30:22,2.18,0.9732,321,2.0,0.8928,124,2.16,0.9642,2,2.09,0.933,2,0
IWM191025C153,2019-10-24,2019-10-24 09:30:23,2.16,0.9642,337,2.0,0.8928,10,2.16,0.9642,2,2.08,0.9285,2,0
IWM191025C153,2019-10-24,2019-10-24 09:30:23,2.15,0.9598,231,1.97,0.8794,16,2.16,0.9642,2,2.06,0.9196,2,0
IWM191025C153,2019-10-24,2019-10-24 09:30:24,2.15,0.9598,338,1.97,0.8794,117,2.16,0.9642,2,2.06,0.9196,2,0
IWM191025C153,2019-10-24,2019-10-24 09:30:25,2.15,0.9598,338,1.97,0.8794,68,2.16,0.9642,2,2.06,0.9196,2,0
IWM191025C153,2019-10-24,2019-10-24 09:30:25,2.15,0.9598,338,1.97,0.8794,77,2.16,0.9642,2,2.06,0.9196,2,0
IWM191025C153,2019-10-24,2019-10-24 09:30:26,2.15,0.9598,338,1.97,0.8794,141,2.16,0.9642,2,2.06,0.9196,2,0
IWM191025C153,2019-10-24,2019-10-24 09:30:26,2.15,0.9598,282,1.97,0.8794,215,2.16,0.9642,2,2.06,0.9196,2,0
IWM191025C153,2019-10-24,2019-10-24 09:30:27,2.15,0.9598,282,1.97,0.8794,300,2.16,0.9642,2,2.06,0.9196,2,0
IWM191025C153,2019-10-24,2019-10-24 09:30:28,2.15,0.9598,266,1.97,0.8794,181,2.16,0.9642,2,2.06,0.9196,2,0
IWM191025C153,2019-10-24,2019-10-24 09:30:28,2.15,0.9598,292,1.97,0.8794,293,2.16,0.9642,2,2.06,0.9196,2,0
IWM191025C153,2019-10-24,2019-10-24 09:30:29,2.15,0.9598,247,1.97,0.8794,234,2.16,0.9642,2,2.06,0.9196,2,0
IWM191025C153,2019-10-24,2019-10-24 09:30:30,2.15,0.9598,247,1.97,0.8794,234,2.16,0.9642,2,2.06,0.9196,2,0
IWM191025C153,2019-10-24,2019-10-24 09:30:31,2.15,0.9598,247,1.97,0.8794,234,2.16,0.9642,2,2.06,0.9196,2,0
IWM191025C153,2019-10-24,2019-10-24 09:30:32,2.15,0.9598,255,1.97,0.8794,202,2.16,0.9642,2,2.06,0.9196,2,0
IWM191025C153,2019-10-24,2019-10-24 09:30:33,2.13,0.9508,291,1.97,0.8794,131,2.16,0.9642,2,2.05,0.9151,2,0
IWM191025C153,2019-10-24,2019-10-24 09:30:33,2.13,0.9508,317,1.97,0.8794,103,2.16,0.9642,2,2.05,0.9151,2,0
IWM191025C153,2019-10-24,2019-10-24 09:30:34,2.13,0.9508,317,1.97,0.8794,73,2.16,0.9642,2,2.05,0.9151,2,0
IWM191025C153,2019-10-24,2019-10-24 09:30:34,2.13,0.9508,317,1.97,0.8794,45,2.16,0.9642,2,2.05,0.9151,2,0
IWM191025C153,2019-10-24,2019-10-24 09:30:35,2.11,0.9419,40,1.96,0.875,12,2.16,0.9642,2,2.035,0.9084,2,0
IWM191025C153,2019-10-24,2019-10-24 09:30:35,2.11,0.9419,197,1.97,0.8794,45,2.16,0.9642,2,2.04,0.9107,2,0
IWM191025C153,2019-10-24,2019-10-24 09:30:36,2.11,0.9419,294,1.96,0.875,99,2.16,0.9642,2,2.035,0.9084,2,0
IWM191025C153,2019-10-24,2019-10-24 09:30:36,2.11,0.9419,294,1.92,0.8571,216,2.16,0.9642,2,2.015,0.8995,2,0
IWM191025C153,2019-10-24,2019-10-24 09:30:37,2.11,0.9419,294,1.96,0.875,99,2.16,0.9642,2,2.035,0.9084,2,0
IWM191025C153,2019-10-24,2019-10-24 09:30:38,2.11,0.9419,294,1.96,0.875,99,2.16,0.9642,2,2.035,0.9084,2,0
IWM191025C153,2019-10-24,2019-10-24 09:30:39,2.11,0.9419,294,1.96,0.875,99,2.16,0.9642,2,2.035,0.9084,2,0
IWM191025C153,2019-10-24,2019-10-24 09:30:40,2.11,0.9419,294,1.96,0.875,99,2.16,0.9642,2,2.035,0.9084,2,0
IWM191025C153,2019-10-24,2019-10-24 09:30:41,2.11,0.9419,310,1.96,0.875,99,2.16,0.9642,2,2.035,0.9084,2,0
IWM191025C153,2019-10-24,2019-10-24 09:30:42,2.11,0.9419,310,1.96,0.875,99,2.16,0.9642,2,2.035,0.9084,2,0
IWM191025C153,2019-10-24,2019-10-24 09:30:43,2.11,0.9419,310,1.96,0.875,99,2.16,0.9642,2,2.035,0.9084,2,0
IWM191025C153,2019-10-24,2019-10-24 09:30:43,2.11,0.9419,310,1.96,0.875,41,2.16,0.9642,2,2.035,0.9084,2,0
IWM191025C153,2019-10-24,2019-10-24 09:30:44,2.11,0.9419,310,1.96,0.875,41,2.16,0.9642,2,2.035,0.9084,2,0
IWM191025C153,2019-10-24,2019-10-24 09:30:44,2.11,0.9419,310,1.95,0.8705,20,2.16,0.9642,2,2.03,0.9062,2,0
IWM191025C153,2019-10-24,2019-10-24 09:30:45,2.1,0.9375,293,1.94,0.866,39,2.16,0.9642,2,2.02,0.9017,2,0
IWM191025C153,2019-10-24,2019-10-24 09:30:45,2.1,0.9375,322,1.94,0.866,53,2.16,0.9642,2,2.02,0.9017,2,0
IWM191025C153,2019-10-24,2019-10-24 09:30:46,2.1,0.9375,322,1.93,0.8616,35,2.16,0.9642,2,2.015,0.8995,2,0
IWM191025C153,2019-10-24,2019-10-24 09:30:46,2.1,0.9375,322,1.93,0.8616,77,2.16,0.9642,2,2.015,0.8995,2,0
IWM191025C153,2019-10-24,2019-10-24 09:30:47,2.08,0.9285,27,1.9,0.8482,55,2.16,0.9642,2,1.99,0.8883,2,0
IWM191025C153,2019-10-24,2019-10-24 09:30:47,2.08,0.9285,254,1.9,0.8482,111,2.16,0.9642,2,1.99,0.8883,2,0
IWM191025C153,2019-10-24,2019-10-24 09:30:48,2.06,0.9196,245,1.9,0.8482,55,2.16,0.9642,2,1.98,0.8839,2,0
IWM191025C153,2019-10-24,2019-10-24 09:30:48,2.07,0.9241,297,1.9,0.8482,115,2.16,0.9642,2,1.985,0.8861,2,0
IWM191025C153,2019-10-24,2019-10-24 09:30:49,2.06,0.9196,332,1.89,0.8437,94,2.16,0.9642,2,1.975,0.8816,2,0
IWM191025C153,2019-10-24,2019-10-24 09:30:49,2.06,0.9196,332,1.89,0.8437,41,2.16,0.9642,2,1.975,0.8816,2,0
IWM191025C153,2019-10-24,2019-10-24 09:30:50,2.06,0.9196,326,1.89,0.8437,39,2.16,0.9642,2,1.975,0.8816,2,0
IWM191025C153,2019-10-24,2019-10-24 09:30:50,2.06,0.9196,320,1.89,0.8437,103,2.16,0.9642,2,1.975,0.8816,2,0
IWM191025C153,2019-10-24,2019-10-24 09:30:51,2.06,0.9196,320,1.89,0.8437,130,2.16,0.9642,2,1.975,0.8816,2,0
IWM191025C153,2019-10-24,2019-10-24 09:30:52,2.06,0.9196,320,1.89,0.8437,215,2.16,0.9642,2,1.975,0.8816,2,0
IWM191025C153,2019-10-24,2019-10-24 09:30:52,2.06,0.9196,320,1.89,0.8437,155,2.16,0.9642,2,1.975,0.8816,2,0
IWM191025C153,2019-10-24,2019-10-24 09:30:53,2.06,0.9196,311,1.89,0.8437,246,2.16,0.9642,2,1.975,0.8816,2,0
IWM191025C153,2019-10-24,2019-10-24 09:30:53,2.06,0.9196,208,1.89,0.8437,216,2.16,0.9642,2,1.975,0.8816,2,0
IWM191025C153,2019-10-24,2019-10-24 09:30:54,2.06,0.9196,311,1.89,0.8437,244,2.16,0.9642,2,1.975,0.8816,2,0
IWM191025C153,2019-10-24,2019-10-24 09:30:54,2.06,0.9196,311,1.89,0.8437,303,2.16,0.9642,2,1.975,0.8816,2,0
IWM191025C153,2019-10-24,2019-10-24 09:30:55,2.06,0.9196,301,1.89,0.8437,293,2.16,0.9642,2,1.975,0.8816,2,0
IWM191025C153,2019-10-24,2019-10-24 09:30:55,2.06,0.9196,311,1.89,0.8437,313,2.16,0.9642,2,1.975,0.8816,2,0
IWM191025C153,2019-10-24,2019-10-24 09:30:56,2.06,0.9196,301,1.89,0.8437,329,2.16,0.9642,2,1.975,0.8816,2,0
IWM191025C153,2019-10-24,2019-10-24 09:30:56,2.06,0.9196,217,1.89,0.8437,284,2.16,0.9642,2,1.975,0.8816,2,0
IWM191025C153,2019-10-24,2019-10-24 09:30:57,2.06,0.9196,233,1.9,0.8482,322,2.16,0.9642,2,1.98,0.8839,2,0
IWM191025C153,2019-10-24,2019-10-24 09:30:57,2.06,0.9196,233,1.9,0.8482,298,2.16,0.9642,2,1.98,0.8839,2,0
IWM191025C153,2019-10-24,2019-10-24 09:30:58,2.06,0.9196,233,1.9,0.8482,322,2.16,0.9642,2,1.98,0.8839,2,0
IWM191025C153,2019-10-24,2019-10-24 09:30:59,2.06,0.9196,233,1.9,0.8482,312,2.16,0.9642,2,1.98,0.8839,2,0
IWM191025C153,2019-10-24,2019-10-24 09:31:00,2.11,0.9419,157,1.94,0.866,187,2.16,0.9642,2,2.025,0.904,2,0
IWM191025C153,2019-10-24,2019-10-24 09:31:00,2.06,0.9196,124,1.92,0.8571,41,2.16,0.9642,2,1.99,0.8883,2,0
IWM191025C153,2019-10-24,2019-10-24 09:31:01,2.11,0.9419,162,1.94,0.866,251,2.16,0.9642,2,2.025,0.904,2,0
IWM191025C153,2019-10-24,2019-10-24 09:31:01,2.11,0.9419,267,1.94,0.866,292,2.16,0.9642,2,2.025,0.904,2,0
IWM191025C153,2019-10-24,2019-10-24 09:31:02,2.1,0.9375,167,1.94,0.866,127,2.16,0.9642,2,2.02,0.9017,2,0
IWM191025C153,2019-10-24,2019-10-24 09:31:02,2.1,0.9375,302,1.94,0.866,31,2.16,0.9642,2,2.02,0.9017,2,0
IWM191025C153,2019-10-24,2019-10-24 09:31:03,2.03,0.9062,141,1.91,0.8526,216,2.16,0.9642,2,1.97,0.8794,2,0
IWM191025C153,2019-10-24,2019-10-24 09:31:03,2.09,0.933,220,1.91,0.8526,52,2.16,0.9642,2,2.0,0.8928,2,0
IWM191025C153,2019-10-24,2019-10-24 09:31:04,2.03,0.9062,261,1.91,0.8526,179,2.16,0.9642,2,1.97,0.8794,2,0
IWM191025C153,2019-10-24,2019-10-24 09:31:05,2.03,0.9062,261,1.91,0.8526,113,2.16,0.9642,2,1.97,0.8794,2,0
IWM191025C153,2019-10-24,2019-10-24 09:31:06,2.07,0.9241,68,1.93,0.8616,41,2.16,0.9642,2,2.0,0.8928,2,0
IWM191025C153,2019-10-24,2019-10-24 09:31:06,2.07,0.9241,51,1.92,0.8571,202,2.16,0.9642,2,1.995,0.8906,2,0
IWM191025C153,2019-10-24,2019-10-24 09:31:07,2.1,0.9375,30,1.93,0.8616,234,2.16,0.9642,2,2.015,0.8995,2,0
IWM191025C153,2019-10-24,2019-10-24 09:31:07,2.07,0.9241,1,1.93,0.8616,247,2.16,0.9642,2,2.0,0.8928,2,0
IWM191025C153,2019-10-24,2019-10-24 09:31:08,2.07,0.9241,293,1.93,0.8616,153,2.16,0.9642,2,2.0,0.8928,2,0
IWM191025C153,2019-10-24,2019-10-24 09:31:08,2.07,0.9241,151,1.93,0.8616,123,2.16,0.9642,2,2.0,0.8928,2,0
IWM191025C153,2019-10-24,2019-10-24 09:31:09,2.07,0.9241,241,1.93,0.8616,227,2.16,0.9642,2,2.0,0.8928,2,0
IWM191025C153,2019-10-24,2019-10-24 09:31:09,2.07,0.9241,261,1.93,0.8616,169,2.16,0.9642,2,2.0,0.8928,2,0
IWM191025C153,2019-10-24,2019-10-24 09:31:10,2.07,0.9241,84,1.93,0.8616,174,2.16,0.9642,2,2.0,0.8928,2,0
IWM191025C153,2019-10-24,2019-10-24 09:31:10,2.07,0.9241,154,1.93,0.8616,227,2.16,0.9642,2,2.0,0.8928,2,0
IWM191025C153,2019-10-24,2019-10-24 09:31:11,2.07,0.9241,202,1.93,0.8616,115,2.16,0.9642,2,2.0,0.8928,2,0
IWM191025C153,2019-10-24,2019-10-24 09:31:11,2.07,0.9241,84,1.93,0.8616,231,2.16,0.9642,2,2.0,0.8928,2,0
IWM191025C153,2019-10-24,2019-10-24 09:31:12,2.07,0.9241,302,1.93,0.8616,170,2.16,0.9642,2,2.0,0.8928,2,0
IWM191025C153,2019-10-24,2019-10-24 09:31:12,2.07,0.9241,253,1.93,0.8616,150,2.16,0.9642,2,2.0,0.8928,2,0
IWM191025C153,2019-10-24,2019-10-24 09:31:13,2.07,0.9241,299,1.93,0.8616,72,2.16,0.9642,2,2.0,0.8928,2,0
IWM191025C153,2019-10-24,2019-10-24 09:31:13,2.07,0.9241,323,1.93,0.8616,91,2.16,0.9642,2,2.0,0.8928,2,0
IWM191025C153,2019-10-24,2019-10-24 09:31:14,2.07,0.9241,323,1.93,0.8616,128,2.16,0.9642,2,2.0,0.8928,2,0
IWM191025C153,2019-10-24,2019-10-24 09:31:14,2.07,0.9241,247,1.93,0.8616,148,2.16,0.9642,2,2.0,0.8928,2,0
IWM191025C153,2019-10-24,2019-10-24 09:31:15,2.07,0.9241,119,1.93,0.8616,150,2.16,0.9642,2,2.0,0.8928,2,0
IWM191025C153,2019-10-24,2019-10-24 09:31:15,2.07,0.9241,269,1.93,0.8616,182,2.16,0.9642,2,2.0,0.8928,2,0
IWM191025C153,2019-10-24,2019-10-24 09:31:16,2.07,0.9241,94,1.93,0.8616,304,2.16,0.9642,2,2.0,0.8928,2,0
IWM191025C153,2019-10-24,2019-10-24 09:31:16,2.07,0.9241,94,1.93,0.8616,258,2.16,0.9642,2,2.0,0.8928,2,0
IWM191025C153,2019-10-24,2019-10-24 09:31:17,2.07,0.9241,157,1.93,0.8616,238,2.16,0.9642,2,2.0,0.8928,2,0
IWM191025C153,2019-10-24,2019-10-24 09:31:18,2.07,0.9241,147,1.93,0.8616,258,2.16,0.9642,2,2.0,0.8928,2,0
IWM191025C153,2019-10-24,2019-10-24 09:31:19,2.07,0.9241,110,1.93,0.8616,250,2.16,0.9642,2,2.0,0.8928,2,0
IWM191025C153,2019-10-24,2019-10-24 09:31:19,2.07,0.9241,82,1.93,0.8616,157,2.16,0.9642,2,2.0,0.8928,2,0
IWM191025C153,2019-10-24,2019-10-24 09:31:20,2.07,0.9241,110,1.93,0.8616,250,2.16,0.9642,2,2.0,0.8928,2,0
IWM191025C153,2019-10-24,2019-10-24 09:31:20,2.07,0.9241,150,1.93,0.8616,128,2.16,0.9642,2,2.0,0.8928,2,0
IWM191025C153,2019-10-24,2019-10-24 09:31:21,2.07,0.9241,317,1.93,0.8616,91,2.16,0.9642,2,2.0,0.8928,2,0
IWM191025C153,2019-10-24,2019-10-24 09:31:22,2.07,0.9241,317,1.93,0.8616,25,2.16,0.9642,2,2.0,0.8928,2,0
IWM191025C153,2019-10-24,2019-10-24 09:31:22,2.07,0.9241,323,1.93,0.8616,25,2.16,0.9642,2,2.0,0.8928,2,0
IWM191025C153,2019-10-24,2019-10-24 09:31:23,2.07,0.9241,336,1.9,0.8482,103,2.16,0.9642,2,1.985,0.8861,2,0
IWM191025C153,2019-10-24,2019-10-24 09:31:23,2.07,0.9241,241,1.9,0.8482,14,2.16,0.9642,2,1.985,0.8861,2,0
IWM191025C153,2019-10-24,2019-10-24 09:31:24,2.07,0.9241,336,1.9,0.8482,103,2.16,0.9642,2,1.985,0.8861,2,0
IWM191025C153,2019-10-24,2019-10-24 09:31:25,2.06,0.9196,307,1.9,0.8482,184,2.16,0.9642,2,1.98,0.8839,2,0
IWM191025C153,2019-10-24,2019-10-24 09:31:26,2.06,0.9196,307,1.9,0.8482,184,2.16,0.9642,2,1.98,0.8839,2,0
IWM191025C153,2019-10-24,2019-10-24 09:31:27,2.06,0.9196,251,1.9,0.8482,105,2.16,0.9642,2,1.98,0.8839,2,0
IWM191025C153,2019-10-24,2019-10-24 09:31:27,2.06,0.9196,133,1.9,0.8482,122,2.16,0.9642,2,1.98,0.8839,2,0
IWM191025C153,2019-10-24,2019-10-24 09:31:28,2.06,0.9196,251,1.9,0.8482,150,2.16,0.9642,2,1.98,0.8839,2,0
IWM191025C153,2019-10-24,2019-10-24 09:31:29,2.06,0.9196,212,1.9,0.8482,150,2.16,0.9642,2,1.98,0.8839,2,0
IWM191025C153,2019-10-24,2019-10-24 09:31:29,2.06,0.9196,110,1.9,0.8482,110,2.16,0.9642,2,1.98,0.8839,2,0
IWM191025C153,2019-10-24,2019-10-24 09:31:30,2.06,0.9196,260,1.9,0.8482,190,2.16,0.9642,2,1.98,0.8839,2,0
IWM191025C153,2019-10-24,2019-10-24 09:31:31,2.06,0.9196,244,1.9,0.8482,155,2.16,0.9642,2,1.98,0.8839,2,0
IWM191025C153,2019-10-24,2019-10-24 09:31:31,2.06,0.9196,260,1.9,0.8482,155,2.16,0.9642,2,1.98,0.8839,2,0
IWM191025C153,2019-10-24,2019-10-24 09:31:32,2.06,0.9196,254,1.9,0.8482,181,2.16,0.9642,2,1.98,0.8839,2,0
IWM191025C153,2019-10-24,2019-10-24 09:31:32,2.06,0.9196,238,1.9,0.8482,192,2.16,0.9642,2,1.98,0.8839,2,0
IWM191025C153,2019-10-24,2019-10-24 09:31:33,2.06,0.9196,190,1.9,0.8482,180,2.16,0.9642,2,1.98,0.8839,2,0
IWM191025C153,2019-10-24,2019-10-24 09:31:33,2.06,0.9196,257,1.9,0.8482,197,2.16,0.9642,2,1.98,0.8839,2,0
IWM191025C153,2019-10-24,2019-10-24 09:31:34,2.06,0.9196,180,1.9,0.8482,207,2.16,0.9642,2,1.98,0.8839,2,0
IWM191025C153,2019-10-24,2019-10-24 09:31:34,2.06,0.9196,262,1.9,0.8482,166,2.16,0.9642,2,1.98,0.8839,2,0
IWM191025C153,2019-10-24,2019-10-24 09:31:35,2.06,0.9196,262,1.9,0.8482,193,2.16,0.9642,2,1.98,0.8839,2,0
IWM191025C153,2019-10-24,2019-10-24 09:31:35,2.06,0.9196,206,1.9,0.8482,193,2.16,0.9642,2,1.98,0.8839,2,0
IWM191025C153,2019-10-24,2019-10-24 09:31:36,2.06,0.9196,271,1.9,0.8482,193,2.16,0.9642,2,1.98,0.8839,2,0
IWM191025C153,2019-10-24,2019-10-24 09:31:37,2.05,0.9151,286,1.9,0.8482,18,2.16,0.9642,2,1.975,0.8816,2,0
IWM191025C153,2019-10-24,2019-10-24 09:31:37,2.05,0.9151,325,1.9,0.8482,18,2.16,0.9642,2,1.975,0.8816,2,0
IWM191025C153,2019-10-24,2019-10-24 09:31:38,2.05,0.9151,301,1.89,0.8437,98,2.16,0.9642,2,1.97,0.8794,2,0
IWM191025C153,2019-10-24,2019-10-24 09:31:39,2.05,0.9151,301,1.89,0.8437,98,2.16,0.9642,2,1.97,0.8794,2,0
IWM191025C153,2019-10-24,2019-10-24 09:31:39,2.05,0.9151,337,1.89,0.8437,116,2.16,0.9642,2,1.97,0.8794,2,0
IWM191025C153,2019-10-24,2019-10-24 09:31:40,2.05,0.9151,321,1.89,0.8437,187,2.16,0.9642,2,1.97,0.8794,2,0
IWM191025C153,2019-10-24,2019-10-24 09:31:40,2.05,0.9151,256,1.89,0.8437,127,2.16,0.9642,2,1.97,0.8794,2,0
IWM191025C153,2019-10-24,2019-10-24 09:31:41,2.05,0.9151,332,1.89,0.8437,187,2.16,0.9642,2,1.97,0.8794,2,0
IWM191025C153,2019-10-24,2019-10-24 09:31:42,2.05,0.9151,332,1.89,0.8437,148,2.16,0.9642,2,1.97,0.8794,2,0
IWM191025C153,2019-10-24,2019-10-24 09:31:42,2.05,0.9151,332,1.89,0.8437,187,2.16,0.9642,2,1.97,0.8794,2,0
IWM191025C153,2019-10-24,2019-10-24 09:31:43,2.05,0.9151,332,1.89,0.8437,118,2.16,0.9642,2,1.97,0.8794,2,0
IWM191025C153,2019-10-24,2019-10-24 09:31:43,2.05,0.9151,374,1.89,0.8437,174,2.16,0.9642,2,1.97,0.8794,2,0
IWM191025C153,2019-10-24,2019-10-24 09:31:44,2.05,0.9151,374,1.89,0.8437,174,2.16,0.9642,2,1.97,0.8794,2,0
IWM191025C153,2019-10-24,2019-10-24 09:31:45,2.05,0.9151,374,1.89,0.8437,109,2.16,0.9642,2,1.97,0.8794,2,0
IWM191025C153,2019-10-24,2019-10-24 09:31:46,2.05,0.9151,193,1.89,0.8437,74,2.16,0.9642,2,1.97,0.8794,2,0
IWM191025C153,2019-10-24,2019-10-24 09:31:46,2.05,0.9151,253,1.89,0.8437,77,2.16,0.9642,2,1.97,0.8794,2,0
IWM191025C153,2019-10-24,2019-10-24 09:31:47,2.05,0.9151,253,1.89,0.8437,77,2.16,0.9642,2,1.97,0.8794,2,0
IWM191025C153,2019-10-24,2019-10-24 09:31:47,2.05,0.9151,253,1.89,0.8437,63,2.16,0.9642,2,1.97,0.8794,2,0
IWM191025C153,2019-10-24,2019-10-24 09:31:48,2.05,0.9151,374,1.89,0.8437,63,2.16,0.9642,2,1.97,0.8794,2,0
IWM191025C153,2019-10-24,2019-10-24 09:31:48,2.05,0.9151,274,1.89,0.8437,63,2.16,0.9642,2,1.97,0.8794,2,0
IWM191025C153,2019-10-24,2019-10-24 09:31:49,2.05,0.9151,374,1.89,0.8437,25,2.16,0.9642,2,1.97,0.8794,2,0
IWM191025C153,2019-10-24,2019-10-24 09:31:49,2.03,0.9062,222,1.88,0.8392,46,2.16,0.9642,2,1.955,0.8727,2,0
IWM191025C153,2019-10-24,2019-10-24 09:31:50,2.03,0.9062,374,1.86,0.8303,135,2.16,0.9642,2,1.945,0.8683,2,0
IWM191025C153,2019-10-24,2019-10-24 09:31:50,2.03,0.9062,311,1.87,0.8348,25,2.16,0.9642,2,1.95,0.8705,2,0
IWM191025C153,2019-10-24,2019-10-24 09:31:51,2.03,0.9062,374,1.86,0.8303,135,2.16,0.9642,2,1.945,0.8683,2,0
IWM191025C153,2019-10-24,2019-10-24 09:31:51,2.03,0.9062,266,1.86,0.8303,147,2.16,0.9642,2,1.945,0.8683,2,0
IWM191025C153,2019-10-24,2019-10-24 09:31:52,2.03,0.9062,325,1.86,0.8303,111,2.16,0.9642,2,1.945,0.8683,2,0
IWM191025C153,2019-10-24,2019-10-24 09:31:52,2.03,0.9062,325,1.86,0.8303,121,2.16,0.9642,2,1.945,0.8683,2,0
IWM191025C153,2019-10-24,2019-10-24 09:31:53,2.03,0.9062,385,1.86,0.8303,111,2.16,0.9642,2,1.945,0.8683,2,0
IWM191025C153,2019-10-24,2019-10-24 09:31:54,2.03,0.9062,385,1.86,0.8303,94,2.16,0.9642,2,1.945,0.8683,2,0
IWM191025C153,2019-10-24,2019-10-24 09:31:54,2.03,0.9062,325,1.86,0.8303,111,2.16,0.9642,2,1.945,0.8683,2,0
IWM191025C153,2019-10-24,2019-10-24 09:31:55,2.03,0.9062,385,1.86,0.8303,94,2.16,0.9642,2,1.945,0.8683,2,0
IWM191025C153,2019-10-24,2019-10-24 09:31:55,2.03,0.9062,375,1.86,0.8303,94,2.16,0.9642,2,1.945,0.8683,2,0
IWM191025C153,2019-10-24,2019-10-24 09:31:56,2.03,0.9062,385,1.86,0.8303,94,2.16,0.9642,2,1.945,0.8683,2,0
IWM191025C153,2019-10-24,2019-10-24 09:31:57,2.03,0.9062,385,1.86,0.8303,94,2.16,0.9642,2,1.945,0.8683,2,0
IWM191025C153,2019-10-24,2019-10-24 09:31:58,2.03,0.9062,385,1.86,0.8303,94,2.16,0.9642,2,1.945,0.8683,2,0
IWM191025C153,2019-10-24,2019-10-24 09:31:59,2.01,0.8973,326,1.86,0.8303,94,2.16,0.9642,2,1.935,0.8638,2,0
IWM191025C153,2019-10-24,2019-10-24 09:31:59,2.01,0.8973,209,1.86,0.8303,21,2.16,0.9642,2,1.935,0.8638,2,0
IWM191025C153,2019-10-24,2019-10-24 09:32:00,2.01,0.8973,367,1.86,0.8303,116,2.16,0.9642,2,1.935,0.8638,2,0
IWM191025C153,2019-10-24,2019-10-24 09:32:00,2.01,0.8973,326,1.86,0.8303,116,2.16,0.9642,2,1.935,0.8638,2,0
IWM191025C153,2019-10-24,2019-10-24 09:32:01,2.01,0.8973,279,1.86,0.8303,136,2.16,0.9642,2,1.935,0.8638,2,0
IWM191025C153,2019-10-24,2019-10-24 09:32:01,2.01,0.8973,367,1.86,0.8303,116,2.16,0.9642,2,1.935,0.8638,2,0
IWM191025C153,2019-10-24,2019-10-24 09:32:02,2.01,0.8973,390,1.86,0.8303,51,2.16,0.9642,2,1.935,0.8638,2,0
IWM191025C153,2019-10-24,2019-10-24 09:32:02,2.01,0.8973,308,1.86,0.8303,199,2.16,0.9642,2,1.935,0.8638,2,0
IWM191025C153,2019-10-24,2019-10-24 09:32:03,2.01,0.8973,402,1.85,0.8258,52,2.16,0.9642,2,1.93,0.8616,2,0
IWM191025C153,2019-10-24,2019-10-24 09:32:03,2.01,0.8973,402,1.86,0.8303,45,2.16,0.9642,2,1.935,0.8638,2,0
IWM191025C153,2019-10-24,2019-10-24 09:32:04,2.01,0.8973,402,1.85,0.8258,52,2.16,0.9642,2,1.93,0.8616,2,0
IWM191025C153,2019-10-24,2019-10-24 09:32:05,1.98,0.8839,330,1.85,0.8258,52,2.16,0.9642,2,1.915,0.8549,2,0
IWM191025C153,2019-10-24,2019-10-24 09:32:06,1.97,0.8794,205,1.83,0.8169,73,2.16,0.9642,2,1.9,0.8482,2,0
IWM191025C153,2019-10-24,2019-10-24 09:32:06,1.98,0.8839,164,1.85,0.8258,10,2.16,0.9642,2,1.915,0.8549,2,0
IWM191025C153,2019-10-24,2019-10-24 09:32:07,1.97,0.8794,328,1.83,0.8169,73,2.16,0.9642,2,1.9,0.8482,2,0
IWM191025C153,2019-10-24,2019-10-24 09:32:07,1.97,0.8794,236,1.83,0.8169,49,2.16,0.9642,2,1.9,0.8482,2,0
IWM191025C153,2019-10-24,2019-10-24 09:32:08,1.97,0.8794,344,1.83,0.8169,73,2.16,0.9642,2,1.9,0.8482,2,0
IWM191025C153,2019-10-24,2019-10-24 09:32:09,1.97,0.8794,328,1.83,0.8169,73,2.16,0.9642,2,1.9,0.8482,2,0
IWM191025C153,2019-10-24,2019-10-24 09:32:09,1.97,0.8794,179,1.83,0.8169,91,2.16,0.9642,2,1.9,0.8482,2,0
IWM191025C153,2019-10-24,2019-10-24 09:32:10,1.97,0.8794,269,1.83,0.8169,74,2.16,0.9642,2,1.9,0.8482,2,0
IWM191025C153,2019-10-24,2019-10-24 09:32:10,1.97,0.8794,216,1.83,0.8169,213,2.16,0.9642,2,1.9,0.8482,2,0
IWM191025C153,2019-10-24,2019-10-24 09:32:11,1.97,0.8794,194,1.83,0.8169,85,2.16,0.9642,2,1.9,0.8482,2,0
IWM191025C153,2019-10-24,2019-10-24 09:32:11,1.97,0.8794,269,1.83,0.8169,74,2.16,0.9642,2,1.9,0.8482,2,0
IWM191025C153,2019-10-24,2019-10-24 09:32:12,1.97,0.8794,205,1.83,0.8169,163,2.16,0.9642,2,1.9,0.8482,2,0
IWM191025C153,2019-10-24,2019-10-24 09:32:12,1.97,0.8794,243,1.83,0.8169,202,2.16,0.9642,2,1.9,0.8482,2,0
IWM191025C153,2019-10-24,2019-10-24 09:32:13,1.97,0.8794,259,1.83,0.8169,202,2.16,0.9642,2,1.9,0.8482,2,0
IWM191025C153,2019-10-24,2019-10-24 09:32:14,1.97,0.8794,301,1.83,0.8169,83,2.16,0.9642,2,1.9,0.8482,2,0
IWM191025C153,2019-10-24,2019-10-24 09:32:14,1.97,0.8794,259,1.83,0.8169,202,2.16,0.9642,2,1.9,0.8482,2,0
IWM191025C153,2019-10-24,2019-10-24 09:32:15,1.97,0.8794,247,1.83,0.8169,227,2.16,0.9642,2,1.9,0.8482,2,0
IWM191025C153,2019-10-24,2019-10-24 09:32:15,1.97,0.8794,301,1.83,0.8169,83,2.16,0.9642,2,1.9,0.8482,2,0
IWM191025C153,2019-10-24,2019-10-24 09:32:16,1.97,0.8794,120,1.83,0.8169,159,2.16,0.9642,2,1.9,0.8482,2,0
IWM191025C153,2019-10-24,2019-10-24 09:32:16,1.97,0.8794,176,1.83,0.8169,242,2.16,0.9642,2,1.9,0.8482,2,0
IWM191025C153,2019-10-24,2019-10-24 09:32:17,1.97,0.8794,82,1.85,0.8258,278,2.16,0.9642,2,1.91,0.8526,2,0
IWM191025C153,2019-10-24,2019-10-24 09:32:18,2.0,0.8928,265,1.86,0.8303,177,2.16,0.9642,2,1.93,0.8616,2,0
IWM191025C153,2019-10-24,2019-10-24 09:32:18,2.0,0.8928,225,1.85,0.8258,346,2.16,0.9642,2,1.925,0.8593,2,0
IWM191025C153,2019-10-24,2019-10-24 09:32:19,2.0,0.8928,255,1.86,0.8303,305,2.16,0.9642,2,1.93,0.8616,2,0
IWM191025C153,2019-10-24,2019-10-24 09:32:19,2.0,0.8928,215,1.86,0.8303,320,2.16,0.9642,2,1.93,0.8616,2,0
IWM191025C153,2019-10-24,2019-10-24 09:32:20,2.0,0.8928,215,1.86,0.8303,320,2.16,0.9642,2,1.93,0.8616,2,0
IWM191025C153,2019-10-24,2019-10-24 09:32:21,2.0,0.8928,314,1.86,0.8303,295,2.16,0.9642,2,1.93,0.8616,2,0
IWM191025C153,2019-10-24,2019-10-24 09:32:21,2.0,0.8928,215,1.86,0.8303,315,2.16,0.9642,2,1.93,0.8616,2,0
IWM191025C153,2019-10-24,2019-10-24 09:32:22,2.0,0.8928,314,1.86,0.8303,295,2.16,0.9642,2,1.93,0.8616,2,0
IWM191025C153,2019-10-24,2019-10-24 09:32:22,2.0,0.8928,346,1.86,0.8303,295,2.16,0.9642,2,1.93,0.8616,2,0
IWM191025C153,2019-10-24,2019-10-24 09:32:23,2.0,0.8928,184,1.86,0.8303,200,2.16,0.9642,2,1.93,0.8616,2,0
IWM191025C153,2019-10-24,2019-10-24 09:32:23,2.0,0.8928,229,1.86,0.8303,242,2.16,0.9642,2,1.93,0.8616,2,0
IWM191025C153,2019-10-24,2019-10-24 09:32:24,2.0,0.8928,201,1.86,0.8303,242,2.16,0.9642,2,1.93,0.8616,2,0
IWM191025C153,2019-10-24,2019-10-24 09:32:25,2.0,0.8928,173,1.86,0.8303,168,2.16,0.9642,2,1.93,0.8616,2,0
IWM191025C153,2019-10-24,2019-10-24 09:32:25,2.0,0.8928,102,1.86,0.8303,112,2.16,0.9642,2,1.93,0.8616,2,0
IWM191025C153,2019-10-24,2019-10-24 09:32:26,2.0,0.8928,265,1.86,0.8303,251,2.16,0.9642,2,1.93,0.8616,2,0
IWM191025C153,2019-10-24,2019-10-24 09:32:26,2.0,0.8928,216,1.86,0.8303,208,2.16,0.9642,2,1.93,0.8616,2,0
IWM191025C153,2019-10-24,2019-10-24 09:32:27,2.0,0.8928,249,1.86,0.8303,212,2.16,0.9642,2,1.93,0.8616,2,0
IWM191025C153,2019-10-24,2019-10-24 09:32:27,2.0,0.8928,316,1.86,0.8303,212,2.16,0.9642,2,1.93,0.8616,2,0
IWM191025C153,2019-10-24,2019-10-24 09:32:28,2.0,0.8928,316,1.86,0.8303,212,2.16,0.9642,2,1.93,0.8616,2,0
IWM191025C153,2019-10-24,2019-10-24 09:32:28,2.0,0.8928,316,1.86,0.8303,255,2.16,0.9642,2,1.93,0.8616,2,0
IWM191025C153,2019-10-24,2019-10-24 09:32:29,2.0,0.8928,321,1.86,0.8303,255,2.16,0.9642,2,1.93,0.8616,2,0
IWM191025C153,2019-10-24,2019-10-24 09:32:30,2.0,0.8928,300,1.86,0.8303,340,2.16,0.9642,2,1.93,0.8616,2,0
IWM191025C153,2019-10-24,2019-10-24 09:32:30,2.0,0.8928,250,1.86,0.8303,302,2.16,0.9642,2,1.93,0.8616,2,0
IWM191025C153,2019-10-24,2019-10-24 09:32:31,2.0,0.8928,343,1.86,0.8303,330,2.16,0.9642,2,1.93,0.8616,2,0
IWM191025C153,2019-10-24,2019-10-24 09:32:31,2.0,0.8928,335,1.86,0.8303,340,2.16,0.9642,2,1.93,0.8616,2,0
IWM191025C153,2019-10-24,2019-10-24 09:32:32,2.0,0.8928,343,1.86,0.8303,330,2.16,0.9642,2,1.93,0.8616,2,0
IWM191025C153,2019-10-24,2019-10-24 09:32:33,2.0,0.8928,343,1.86,0.8303,281,2.16,0.9642,2,1.93,0.8616,2,0
IWM191025C153,2019-10-24,2019-10-24 09:32:34,2.0,0.8928,323,1.86,0.8303,142,2.16,0.9642,2,1.93,0.8616,2,0
IWM191025C153,2019-10-24,2019-10-24 09:32:34,2.0,0.8928,333,1.86,0.8303,330,2.16,0.9642,2,1.93,0.8616,2,0
IWM191025C153,2019-10-24,2019-10-24 09:32:35,2.0,0.8928,369,1.86,0.8303,142,2.16,0.9642,2,1.93,0.8616,2,0
IWM191025C153,2019-10-24,2019-10-24 09:32:36,2.0,0.8928,310,1.86,0.8303,67,2.16,0.9642,2,1.93,0.8616,2,0
IWM191025C153,2019-10-24,2019-10-24 09:32:37,2.0,0.8928,310,1.86,0.8303,34,2.16,0.9642,2,1.93,0.8616,2,0
IWM191025C153,2019-10-24,2019-10-24 09:32:37,2.0,0.8928,310,1.86,0.8303,47,2.16,0.9642,2,1.93,0.8616,2,0
IWM191025C153,2019-10-24,2019-10-24 09:32:38,2.0,0.8928,150,1.86,0.8303,48,2.16,0.9642,2,1.93,0.8616,2,0
IWM191025C153,2019-10-24,2019-10-24 09:32:38,2.0,0.8928,310,1.86,0.8303,47,2.16,0.9642,2,1.93,0.8616,2,0
IWM191025C153,2019-10-24,2019-10-24 09:32:39,2.0,0.8928,49,1.86,0.8303,150,2.16,0.9642,2,1.93,0.8616,2,0
IWM191025C153,2019-10-24,2019-10-24 09:32:39,2.0,0.8928,299,1.86,0.8303,264,2.16,0.9642,2,1.93,0.8616,2,0
IWM191025C153,2019-10-24,2019-10-24 09:32:40,2.0,0.8928,49,1.86,0.8303,217,2.16,0.9642,2,1.93,0.8616,2,0
IWM191025C153,2019-10-24,2019-10-24 09:32:40,2.0,0.8928,196,1.86,0.8303,257,2.16,0.9642,2,1.93,0.8616,2,0
IWM191025C153,2019-10-24,2019-10-24 09:32:41,2.0,0.8928,57,1.88,0.8392,303,2.16,0.9642,2,1.94,0.866,2,0
IWM191025C153,2019-10-24,2019-10-24 09:32:41,2.0,0.8928,196,1.86,0.8303,257,2.16,0.9642,2,1.93,0.8616,2,0
IWM191025C153,2019-10-24,2019-10-24 09:32:42,2.0,0.8928,57,1.88,0.8392,313,2.16,0.9642,2,1.94,0.866,2,0
IWM191025C153,2019-10-24,2019-10-24 09:32:43,2.0,0.8928,76,1.88,0.8392,313,2.16,0.9642,2,1.94,0.866,2,0
IWM191025C153,2019-10-24,2019-10-24 09:32:43,2.0,0.8928,102,1.88,0.8392,303,2.16,0.9642,2,1.94,0.866,2,0
IWM191025C153,2019-10-24,2019-10-24 09:32:44,2.0,0.8928,102,1.88,0.8392,303,2.16,0.9642,2,1.94,0.866,2,0
IWM191025C153,2019-10-24,2019-10-24 09:32:45,2.0,0.8928,140,1.88,0.8392,303,2.16,0.9642,2,1.94,0.866,2,0
IWM191025C153,2019-10-24,2019-10-24 09:32:45,2.0,0.8928,102,1.88,0.8392,313,2.16,0.9642,2,1.94,0.866,2,0
IWM191025C153,2019-10-24,2019-10-24 09:32:46,2.0,0.8928,114,1.88,0.8392,369,2.16,0.9642,2,1.94,0.866,2,0
IWM191025C153,2019-10-24,2019-10-24 09:32:46,2.0,0.8928,140,1.88,0.8392,369,2.16,0.9642,2,1.94,0.866,2,0
IWM191025C153,2019-10-24,2019-10-24 09:32:47,2.0,0.8928,22,1.88,0.8392,316,2.16,0.9642,2,1.94,0.866,2,0
IWM191025C153,2019-10-24,2019-10-24 09:32:48,2.01,0.8973,69,1.88,0.8392,371,2.16,0.9642,2,1.945,0.8683,2,0
IWM191025C153,2019-10-24,2019-10-24 09:32:48,2.0,0.8928,22,1.88,0.8392,262,2.16,0.9642,2,1.94,0.866,2,0
IWM191025C153,2019-10-24,2019-10-24 09:32:49,2.01,0.8973,61,1.89,0.8437,316,2.16,0.9642,2,1.95,0.8705,2,0
IWM191025C153,2019-10-24,2019-10-24 09:32:49,2.01,0.8973,73,1.89,0.8437,302,2.16,0.9642,2,1.95,0.8705,2,0
IWM191025C153,2019-10-24,2019-10-24 09:32:50,2.01,0.8973,61,1.89,0.8437,316,2.16,0.9642,2,1.95,0.8705,2,0
IWM191025C153,2019-10-24,2019-10-24 09:32:51,2.01,0.8973,30,1.89,0.8437,316,2.16,0.9642,2,1.95,0.8705,2,0
IWM191025C153,2019-10-24,2019-10-24 09:32:52,2.02,0.9017,82,1.89,0.8437,316,2.16,0.9642,2,1.955,0.8727,2,0
IWM191025C153,2019-10-24,2019-10-24 09:32:52,2.01,0.8973,21,1.89,0.8437,316,2.16,0.9642,2,1.95,0.8705,2,0
IWM191025C153,2019-10-24,2019-10-24 09:32:53,2.02,0.9017,82,1.89,0.8437,316,2.16,0.9642,2,1.955,0.8727,2,0
IWM191025C153,2019-10-24,2019-10-24 09:32:53,2.02,0.9017,131,1.89,0.8437,316,2.16,0.9642,2,1.955,0.8727,2,0
IWM191025C153,2019-10-24,2019-10-24 09:32:54,2.02,0.9017,10,1.9,0.8482,304,2.16,0.9642,2,1.96,0.875,2,0
IWM191025C153,2019-10-24,2019-10-24 09:32:54,2.02,0.9017,10,1.9,0.8482,251,2.16,0.9642,2,1.96,0.875,2,0
IWM191025C153,2019-10-24,2019-10-24 09:32:55,2.03,0.9062,72,1.9,0.8482,333,2.16,0.9642,2,1.965,0.8772,2,0
IWM191025C153,2019-10-24,2019-10-24 09:32:55,2.03,0.9062,30,1.9,0.8482,333,2.16,0.9642,2,1.965,0.8772,2,0
IWM191025C153,2019-10-24,2019-10-24 09:32:56,2.03,0.9062,72,1.9,0.8482,333,2.16,0.9642,2,1.965,0.8772,2,0
IWM191025C153,2019-10-24,2019-10-24 09:32:56,2.03,0.9062,53,1.91,0.8526,292,2.16,0.9642,2,1.97,0.8794,2,0
IWM191025C153,2019-10-24,2019-10-24 09:32:57,2.03,0.9062,53,1.91,0.8526,347,2.16,0.9642,2,1.97,0.8794,2,0
IWM191025C153,2019-10-24,2019-10-24 09:32:57,2.03,0.9062,59,1.91,0.8526,337,2.16,0.9642,2,1.97,0.8794,2,0
IWM191025C153,2019-10-24,2019-10-24 09:32:58,2.03,0.9062,142,1.91,0.8526,270,2.16,0.9642,2,1.97,0.8794,2,0
IWM191025C153,2019-10-24,2019-10-24 09:32:58,2.03,0.9062,126,1.91,0.8526,270,2.16,0.9642,2,1.97,0.8794,2,0
IWM191025C153,2019-10-24,2019-10-24 09:32:59,2.03,0.9062,227,1.95,0.8705,10,1.95,0.8705,1,1.99,0.8883,3,1
IWM191025C153,2019-10-24,2019-10-24 09:32:59,2.03,0.9062,196,1.91,0.8526,270,2.16,0.9642,2,1.97,0.8794,2,0
IWM191025C153,2019-10-24,2019-10-24 09:33:00,2.03,0.9062,192,1.91,0.8526,124,1.95,0.8705,1,1.97,0.8794,3,0
IWM191025C153,2019-10-24,2019-10-24 09:33:00,2.03,0.9062,87,1.95,0.8705,40,1.95,0.8705,1,1.99,0.8883,3,0
IWM191025C153,2019-10-24,2019-10-24 09:33:01,2.03,0.9062,98,1.93,0.8616,34,1.95,0.8705,1,1.98,0.8839,3,0
IWM191025C153,2019-10-24,2019-10-24 09:33:01,2.03,0.9062,63,1.93,0.8616,34,1.95,0.8705,1,1.98,0.8839,3,0
IWM191025C153,2019-10-24,2019-10-24 09:33:02,2.03,0.9062,63,1.93,0.8616,5,1.95,0.8705,1,1.98,0.8839,3,0
IWM191025C153,2019-10-24,2019-10-24 09:33:02,2.01,0.8973,79,1.88,0.8392,26,1.95,0.8705,1,1.945,0.8683,3,0
IWM191025C153,2019-10-24,2019-10-24 09:33:03,2.01,0.8973,79,1.88,0.8392,26,1.95,0.8705,1,1.945,0.8683,3,0
IWM191025C153,2019-10-24,2019-10-24 09:33:04,2.0,0.8928,119,1.88,0.8392,26,1.95,0.8705,1,1.94,0.866,3,0
IWM191025C153,2019-10-24,2019-10-24 09:33:04,2.01,0.8973,91,1.88,0.8392,26,1.95,0.8705,1,1.945,0.8683,3,0
IWM191025C153,2019-10-24,2019-10-24 09:33:05,1.99,0.8883,119,1.86,0.8303,20,1.95,0.8705,1,1.925,0.8593,3,0
IWM191025C153,2019-10-24,2019-10-24 09:33:05,2.0,0.8928,119,1.88,0.8392,25,1.95,0.8705,1,1.94,0.866,3,0
IWM191025C153,2019-10-24,2019-10-24 09:33:06,1.99,0.8883,119,1.86,0.8303,20,1.95,0.8705,1,1.925,0.8593,3,0
IWM191025C153,2019-10-24,2019-10-24 09:33:07,1.99,0.8883,29,1.85,0.8258,30,1.95,0.8705,1,1.92,0.8571,3,0
IWM191025C153,2019-10-24,2019-10-24 09:33:07,2.0,0.8928,20,1.85,0.8258,36,1.95,0.8705,1,1.925,0.8593,3,0
IWM191025C153,2019-10-24,2019-10-24 09:33:08,2.0,0.8928,62,1.85,0.8258,62,1.95,0.8705,1,1.925,0.8593,3,0
IWM191025C153,2019-10-24,2019-10-24 09:33:09,2.03,0.9062,20,1.88,0.8392,81,1.95,0.8705,1,1.955,0.8727,3,0
IWM191025C153,2019-10-24,2019-10-24 09:33:09,2.0,0.8928,5,1.85,0.8258,72,1.95,0.8705,1,1.925,0.8593,3,0
IWM191025C153,2019-10-24,2019-10-24 09:33:10,2.03,0.9062,79,1.88,0.8392,20,1.95,0.8705,1,1.955,0.8727,3,0
IWM191025C153,2019-10-24,2019-10-24 09:33:10,2.03,0.9062,78,1.88,0.8392,81,1.95,0.8705,1,1.955,0.8727,3,0
IWM191025C153,2019-10-24,2019-10-24 09:33:11,2.03,0.9062,89,1.87,0.8348,10,1.95,0.8705,1,1.95,0.8705,3,0
IWM191025C153,2019-10-24,2019-10-24 09:33:12,2.03,0.9062,99,1.87,0.8348,10,1.95,0.8705,1,1.95,0.8705,3,0
IWM191025C153,2019-10-24,2019-10-24 09:33:13,2.01,0.8973,114,1.86,0.8303,10,1.95,0.8705,1,1.935,0.8638,3,0
IWM191025C153,2019-10-24,2019-10-24 09:33:13,2.01,0.8973,41,1.87,0.8348,10,1.95,0.8705,1,1.94,0.866,3,0
IWM191025C153,2019-10-24,2019-10-24 09:33:14,2.01,0.8973,90,1.85,0.8258,30,1.95,0.8705,1,1.93,0.8616,3,0
IWM191025C153,2019-10-24,2019-10-24 09:33:14,2.01,0.8973,133,1.86,0.8303,10,1.95,0.8705,1,1.935,0.8638,3,0
IWM191025C153,2019-10-24,2019-10-24 09:33:15,2.01,0.8973,90,1.85,0.8258,51,1.95,0.8705,1,1.93,0.8616,3,0
IWM191025C153,2019-10-24,2019-10-24 09:33:15,2.01,0.8973,90,1.85,0.8258,66,1.95,0.8705,1,1.93,0.8616,3,0
IWM191025C153,2019-10-24,2019-10-24 09:33:16,2.01,0.8973,43,1.86,0.8303,41,1.95,0.8705,1,1.935,0.8638,3,0
IWM191025C153,2019-10-24,2019-10-24 09:33:16,2.01,0.8973,43,1.86,0.8303,21,1.95,0.8705,1,1.935,0.8638,3,0
IWM191025C153,2019-10-24,2019-10-24 09:33:17,2.0,0.8928,41,1.86,0.8303,31,1.95,0.8705,1,1.93,0.8616,3,0
IWM191025C153,2019-10-24,2019-10-24 09:33:17,2.01,0.8973,43,1.86,0.8303,31,1.95,0.8705,1,1.935,0.8638,3,0
IWM191025C153,2019-10-24,2019-10-24 09:33:18,2.0,0.8928,79,1.84,0.8214,81,1.95,0.8705,1,1.92,0.8571,3,0
IWM191025C153,2019-10-24,2019-10-24 09:33:18,2.0,0.8928,47,1.85,0.8258,96,1.95,0.8705,1,1.925,0.8593,3,0
IWM191025C153,2019-10-24,2019-10-24 09:33:19,2.0,0.8928,89,1.85,0.8258,50,1.95,0.8705,1,1.925,0.8593,3,0
IWM191025C153,2019-10-24,2019-10-24 09:33:19,2.0,0.8928,68,1.85,0.8258,86,1.95,0.8705,1,1.925,0.8593,3,0
IWM191025C153,2019-10-24,2019-10-24 09:33:20,1.99,0.8883,108,1.85,0.8258,50,1.95,0.8705,1,1.92,0.8571,3,0
IWM191025C153,2019-10-24,2019-10-24 09:33:20,2.0,0.8928,89,1.85,0.8258,50,1.95,0.8705,1,1.925,0.8593,3,0
IWM191025C153,2019-10-24,2019-10-24 09:33:21,1.99,0.8883,20,1.85,0.8258,10,1.95,0.8705,1,1.92,0.8571,3,0
IWM191025C153,2019-10-24,2019-10-24 09:33:21,1.99,0.8883,108,1.85,0.8258,50,1.95,0.8705,1,1.92,0.8571,3,0
IWM191025C153,2019-10-24,2019-10-24 09:33:22,1.99,0.8883,42,1.85,0.8258,59,1.95,0.8705,1,1.92,0.8571,3,0
IWM191025C153,2019-10-24,2019-10-24 09:33:22,1.99,0.8883,32,1.85,0.8258,59,1.95,0.8705,1,1.92,0.8571,3,0
IWM191025C153,2019-10-24,2019-10-24 09:33:23,2.01,0.8973,10,1.85,0.8258,59,1.95,0.8705,1,1.93,0.8616,3,0
IWM191025C153,2019-10-24,2019-10-24 09:33:24,2.02,0.9017,30,1.87,0.8348,85,1.95,0.8705,1,1.945,0.8683,3,0
IWM191025C153,2019-10-24,2019-10-24 09:33:24,2.02,0.9017,10,1.87,0.8348,85,1.95,0.8705,1,1.945,0.8683,3,0
IWM191025C153,2019-10-24,2019-10-24 09:33:25,2.04,0.9107,10,1.88,0.8392,79,1.95,0.8705,1,1.96,0.875,3,0
IWM191025C153,2019-10-24,2019-10-24 09:33:25,2.04,0.9107,20,1.89,0.8437,85,1.95,0.8705,1,1.965,0.8772,3,0
IWM191025C153,2019-10-24,2019-10-24 09:33:26,2.06,0.9196,46,1.89,0.8437,96,1.95,0.8705,1,1.975,0.8816,3,0
IWM191025C153,2019-10-24,2019-10-24 09:33:26,2.06,0.9196,20,1.89,0.8437,85,1.95,0.8705,1,1.975,0.8816,3,0
IWM191025C153,2019-10-24,2019-10-24 09:33:27,2.06,0.9196,95,1.89,0.8437,96,1.95,0.8705,1,1.975,0.8816,3,0
IWM191025C153,2019-10-24,2019-10-24 09:33:27,2.06,0.9196,85,1.89,0.8437,96,1.95,0.8705,1,1.975,0.8816,3,0
IWM191025C153,2019-10-24,2019-10-24 09:33:28,2.06,0.9196,75,1.89,0.8437,82,1.95,0.8705,1,1.975,0.8816,3,0
IWM191025C153,2019-10-24,2019-10-24 09:33:29,2.05,0.9151,89,1.89,0.8437,10,1.95,0.8705,1,1.97,0.8794,3,0
IWM191025C153,2019-10-24,2019-10-24 09:33:29,2.05,0.9151,99,1.88,0.8392,88,1.95,0.8705,1,1.965,0.8772,3,0
IWM191025C153,2019-10-24,2019-10-24 09:33:30,2.05,0.9151,99,1.88,0.8392,88,1.95,0.8705,1,1.965,0.8772,3,0
IWM191025C153,2019-10-24,2019-10-24 09:33:30,2.05,0.9151,99,1.88,0.8392,99,1.95,0.8705,1,1.965,0.8772,3,0
IWM191025C153,2019-10-24,2019-10-24 09:33:31,2.05,0.9151,99,1.88,0.8392,99,1.95,0.8705,1,1.965,0.8772,3,0
IWM191025C153,2019-10-24,2019-10-24 09:33:31,2.05,0.9151,95,1.88,0.8392,99,1.95,0.8705,1,1.965,0.8772,3,0
IWM191025C153,2019-10-24,2019-10-24 09:33:32,2.05,0.9151,109,1.88,0.8392,85,1.95,0.8705,1,1.965,0.8772,3,0
IWM191025C153,2019-10-24,2019-10-24 09:33:32,2.05,0.9151,109,1.88,0.8392,86,1.95,0.8705,1,1.965,0.8772,3,0
IWM191025C153,2019-10-24,2019-10-24 09:33:33,2.05,0.9151,91,1.89,0.8437,43,1.95,0.8705,1,1.97,0.8794,3,0
IWM191025C153,2019-10-24,2019-10-24 09:33:33,2.05,0.9151,81,1.89,0.8437,41,1.95,0.8705,1,1.97,0.8794,3,0
IWM191025C153,2019-10-24,2019-10-24 09:33:34,2.05,0.9151,109,1.89,0.8437,20,1.95,0.8705,1,1.97,0.8794,3,0
IWM191025C153,2019-10-24,2019-10-24 09:33:34,2.05,0.9151,109,1.89,0.8437,16,1.95,0.8705,1,1.97,0.8794,3,0
IWM191025C153,2019-10-24,2019-10-24 09:33:35,2.05,0.9151,109,1.89,0.8437,16,1.95,0.8705,1,1.97,0.8794,3,0
IWM191025C153,2019-10-24,2019-10-24 09:33:36,2.05,0.9151,109,1.86,0.8303,20,1.95,0.8705,1,1.955,0.8727,3,0
IWM191025C153,2019-10-24,2019-10-24 09:33:37,2.03,0.9062,81,1.86,0.8303,30,1.95,0.8705,1,1.945,0.8683,3,0
IWM191025C153,2019-10-24,2019-10-24 09:33:37,2.03,0.9062,81,1.86,0.8303,21,1.95,0.8705,1,1.945,0.8683,3,0
IWM191025C153,2019-10-24,2019-10-24 09:33:38,2.03,0.9062,81,1.86,0.8303,20,1.95,0.8705,1,1.945,0.8683,3,0
IWM191025C153,2019-10-24,2019-10-24 09:33:38,2.03,0.9062,59,1.86,0.8303,20,1.95,0.8705,1,1.945,0.8683,3,0
IWM191025C153,2019-10-24,2019-10-24 09:33:39,2.03,0.9062,86,1.86,0.8303,30,1.95,0.8705,1,1.945,0.8683,3,0
IWM191025C153,2019-10-24,2019-10-24 09:33:39,2.03,0.9062,86,1.87,0.8348,20,1.95,0.8705,1,1.95,0.8705,3,0
IWM191025C153,2019-10-24,2019-10-24 09:33:40,2.03,0.9062,76,1.86,0.8303,30,1.95,0.8705,1,1.945,0.8683,3,0
IWM191025C153,2019-10-24,2019-10-24 09:33:40,2.03,0.9062,86,1.86,0.8303,20,1.95,0.8705,1,1.945,0.8683,3,0
IWM191025C153,2019-10-24,2019-10-24 09:33:41,2.03,0.9062,86,1.86,0.8303,20,1.95,0.8705,1,1.945,0.8683,3,0
IWM191025C153,2019-10-24,2019-10-24 09:33:41,2.03,0.9062,86,1.86,0.8303,30,1.95,0.8705,1,1.945,0.8683,3,0
IWM191025C153,2019-10-24,2019-10-24 09:33:42,2.03,0.9062,86,1.86,0.8303,11,1.95,0.8705,1,1.945,0.8683,3,0
IWM191025C153,2019-10-24,2019-10-24 09:33:43,2.03,0.9062,86,1.86,0.8303,11,1.95,0.8705,1,1.945,0.8683,3,0
IWM191025C153,2019-10-24,2019-10-24 09:33:43,2.01,0.8973,31,1.86,0.8303,11,1.95,0.8705,1,1.935,0.8638,3,0
IWM191025C153,2019-10-24,2019-10-24 09:33:44,2.01,0.8973,57,1.86,0.8303,11,1.95,0.8705,1,1.935,0.8638,3,0
IWM191025C153,2019-10-24,2019-10-24 09:33:44,2.01,0.8973,57,1.86,0.8303,67,1.95,0.8705,1,1.935,0.8638,3,0
IWM191025C153,2019-10-24,2019-10-24 09:33:45,2.01,0.8973,62,1.86,0.8303,82,1.95,0.8705,1,1.935,0.8638,3,0
IWM191025C153,2019-10-24,2019-10-24 09:33:45,2.01,0.8973,57,1.86,0.8303,83,1.95,0.8705,1,1.935,0.8638,3,0
IWM191025C153,2019-10-24,2019-10-24 09:33:46,2.01,0.8973,52,1.86,0.8303,82,1.95,0.8705,1,1.935,0.8638,3,0
IWM191025C153,2019-10-24,2019-10-24 09:33:47,2.01,0.8973,52,1.86,0.8303,82,1.95,0.8705,1,1.935,0.8638,3,0
IWM191025C153,2019-10-24,2019-10-24 09:33:48,2.01,0.8973,52,1.86,0.8303,82,1.95,0.8705,1,1.935,0.8638,3,0
IWM191025C153,2019-10-24,2019-10-24 09:33:49,2.01,0.8973,52,1.86,0.8303,82,1.95,0.8705,1,1.935,0.8638,3,0
IWM191025C153,2019-10-24,2019-10-24 09:33:50,2.01,0.8973,86,1.86,0.8303,22,1.95,0.8705,1,1.935,0.8638,3,0
IWM191025C153,2019-10-24,2019-10-24 09:33:50,2.01,0.8973,71,1.86,0.8303,52,1.95,0.8705,1,1.935,0.8638,3,0
IWM191025C153,2019-10-24,2019-10-24 09:33:51,2.01,0.8973,47,1.87,0.8348,65,1.95,0.8705,1,1.94,0.866,3,0
IWM191025C153,2019-10-24,2019-10-24 09:33:51,2.01,0.8973,47,1.87,0.8348,68,1.95,0.8705,1,1.94,0.866,3,0
IWM191025C153,2019-10-24,2019-10-24 09:33:52,2.01,0.8973,47,1.87,0.8348,65,1.95,0.8705,1,1.94,0.866,3,0
IWM191025C153,2019-10-24,2019-10-24 09:33:52,2.01,0.8973,84,1.87,0.8348,10,1.95,0.8705,1,1.94,0.866,3,0
IWM191025C153,2019-10-24,2019-10-24 09:33:53,2.01,0.8973,84,1.87,0.8348,20,1.95,0.8705,1,1.94,0.866,3,0
IWM191025C153,2019-10-24,2019-10-24 09:33:54,2.01,0.8973,84,1.87,0.8348,10,1.95,0.8705,1,1.94,0.866,3,0
IWM191025C153,2019-10-24,2019-10-24 09:33:54,2.01,0.8973,84,1.87,0.8348,20,1.95,0.8705,1,1.94,0.866,3,0
IWM191025C153,2019-10-24,2019-10-24 09:33:55,2.01,0.8973,84,1.87,0.8348,10,1.95,0.8705,1,1.94,0.866,3,0
IWM191025C153,2019-10-24,2019-10-24 09:33:56,2.01,0.8973,84,1.87,0.8348,20,1.95,0.8705,1,1.94,0.866,3,0
IWM191025C153,2019-10-24,2019-10-24 09:33:56,2.01,0.8973,84,1.87,0.8348,10,1.95,0.8705,1,1.94,0.866,3,0
IWM191025C153,2019-10-24,2019-10-24 09:33:57,2.01,0.8973,84,1.87,0.8348,10,1.95,0.8705,1,1.94,0.866,3,0
IWM191025C153,2019-10-24,2019-10-24 09:33:58,2.01,0.8973,58,1.87,0.8348,85,1.95,0.8705,1,1.94,0.866,3,0
IWM191025C153,2019-10-24,2019-10-24 09:33:59,2.01,0.8973,58,1.87,0.8348,85,1.95,0.8705,1,1.94,0.866,3,0
IWM191025C153,2019-10-24,2019-10-24 09:34:00,2.01,0.8973,58,1.87,0.8348,41,1.95,0.8705,1,1.94,0.866,3,0
IWM191025C153,2019-10-24,2019-10-24 09:34:00,2.01,0.8973,31,1.87,0.8348,41,1.95,0.8705,1,1.94,0.866,3,0
IWM191025C153,2019-10-24,2019-10-24 09:34:01,2.01,0.8973,58,1.87,0.8348,41,1.95,0.8705,1,1.94,0.866,3,0
IWM191025C153,2019-10-24,2019-10-24 09:34:02,2.01,0.8973,100,1.85,0.8258,16,1.95,0.8705,1,1.93,0.8616,3,0
IWM191025C153,2019-10-24,2019-10-24 09:34:02,2.01,0.8973,69,1.87,0.8348,20,1.95,0.8705,1,1.94,0.866,3,0
IWM191025C153,2019-10-24,2019-10-24 09:34:03,2.01,0.8973,100,1.85,0.8258,44,1.95,0.8705,1,1.93,0.8616,3,0
IWM191025C153,2019-10-24,2019-10-24 09:34:03,2.01,0.8973,100,1.85,0.8258,54,1.95,0.8705,1,1.93,0.8616,3,0
IWM191025C153,2019-10-24,2019-10-24 09:34:04,2.01,0.8973,100,1.85,0.8258,54,1.95,0.8705,1,1.93,0.8616,3,0
IWM191025C153,2019-10-24,2019-10-24 09:34:05,2.01,0.8973,100,1.85,0.8258,24,1.95,0.8705,1,1.93,0.8616,3,0
IWM191025C153,2019-10-24,2019-10-24 09:34:06,1.99,0.8883,84,1.84,0.8214,16,1.95,0.8705,1,1.915,0.8549,3,0
IWM191025C153,2019-10-24,2019-10-24 09:34:06,1.99,0.8883,102,1.84,0.8214,16,1.95,0.8705,1,1.915,0.8549,3,0
IWM191025C153,2019-10-24,2019-10-24 09:34:07,1.99,0.8883,102,1.82,0.8125,18,1.95,0.8705,1,1.905,0.8504,3,0
IWM191025C153,2019-10-24,2019-10-24 09:34:07,1.99,0.8883,102,1.84,0.8214,16,1.95,0.8705,1,1.915,0.8549,3,0
IWM191025C153,2019-10-24,2019-10-24 09:34:08,1.96,0.875,86,1.81,0.808,16,1.95,0.8705,1,1.885,0.8415,3,0
IWM191025C153,2019-10-24,2019-10-24 09:34:09,1.96,0.875,126,1.81,0.808,16,1.95,0.8705,1,1.885,0.8415,3,0
IWM191025C153,2019-10-24,2019-10-24 09:34:10,1.96,0.875,126,1.81,0.808,16,1.95,0.8705,1,1.885,0.8415,3,0
IWM191025C153,2019-10-24,2019-10-24 09:34:10,1.96,0.875,126,1.81,0.808,20,1.95,0.8705,1,1.885,0.8415,3,0
IWM191025C153,2019-10-24,2019-10-24 09:34:11,1.96,0.875,106,1.81,0.808,39,1.95,0.8705,1,1.885,0.8415,3,0
IWM191025C153,2019-10-24,2019-10-24 09:34:11,1.96,0.875,81,1.81,0.808,49,1.95,0.8705,1,1.885,0.8415,3,0
IWM191025C153,2019-10-24,2019-10-24 09:34:12,1.96,0.875,91,1.81,0.808,49,1.95,0.8705,1,1.885,0.8415,3,0
IWM191025C153,2019-10-24,2019-10-24 09:34:12,1.96,0.875,91,1.81,0.808,29,1.95,0.8705,1,1.885,0.8415,3,0
IWM191025C153,2019-10-24,2019-10-24 09:34:13,1.96,0.875,264,1.81,0.808,181,1.95,0.8705,1,1.885,0.8415,3,0
IWM191025C153,2019-10-24,2019-10-24 09:34:14,1.96,0.875,324,1.81,0.808,288,1.95,0.8705,1,1.885,0.8415,3,0
IWM191025C153,2019-10-24,2019-10-24 09:34:14,1.96,0.875,280,1.81,0.808,191,1.95,0.8705,1,1.885,0.8415,3,0
IWM191025C153,2019-10-24,2019-10-24 09:34:15,1.96,0.875,371,1.81,0.808,288,1.95,0.8705,1,1.885,0.8415,3,0
IWM191025C153,2019-10-24,2019-10-24 09:34:16,1.96,0.875,369,1.81,0.808,298,1.95,0.8705,1,1.885,0.8415,3,0
IWM191025C153,2019-10-24,2019-10-24 09:34:16,1.96,0.875,371,1.81,0.808,298,1.95,0.8705,1,1.885,0.8415,3,0
IWM191025C153,2019-10-24,2019-10-24 09:34:17,1.96,0.875,369,1.81,0.808,280,1.95,0.8705,1,1.885,0.8415,3,0
IWM191025C153,2019-10-24,2019-10-24 09:34:17,1.96,0.875,369,1.81,0.808,295,1.95,0.8705,1,1.885,0.8415,3,0
IWM191025C153,2019-10-24,2019-10-24 09:34:18,1.96,0.875,379,1.81,0.808,295,1.95,0.8705,1,1.885,0.8415,3,0
IWM191025C153,2019-10-24,2019-10-24 09:34:18,1.96,0.875,379,1.81,0.808,305,1.95,0.8705,1,1.885,0.8415,3,0
IWM191025C153,2019-10-24,2019-10-24 09:34:19,1.96,0.875,184,1.81,0.808,288,1.95,0.8705,1,1.885,0.8415,3,0
IWM191025C153,2019-10-24,2019-10-24 09:34:19,1.96,0.875,150,1.81,0.808,184,1.95,0.8705,1,1.885,0.8415,3,0
IWM191025C153,2019-10-24,2019-10-24 09:34:20,1.97,0.8794,49,1.87,0.8348,188,1.95,0.8705,1,1.92,0.8571,3,0
IWM191025C153,2019-10-24,2019-10-24 09:34:20,1.96,0.875,48,1.81,0.808,288,1.95,0.8705,1,1.885,0.8415,3,0
IWM191025C153,2019-10-24,2019-10-24 09:34:21,1.97,0.8794,10,1.87,0.8348,256,1.95,0.8705,1,1.92,0.8571,3,0
IWM191025C153,2019-10-24,2019-10-24 09:34:21,1.97,0.8794,49,1.87,0.8348,224,1.95,0.8705,1,1.92,0.8571,3,0
IWM191025C153,2019-10-24,2019-10-24 09:34:22,1.97,0.8794,17,1.87,0.8348,242,1.95,0.8705,1,1.92,0.8571,3,0
IWM191025C153,2019-10-24,2019-10-24 09:34:22,1.98,0.8839,95,1.87,0.8348,258,1.95,0.8705,1,1.925,0.8593,3,0
IWM191025C153,2019-10-24,2019-10-24 09:34:23,1.98,0.8839,105,1.87,0.8348,232,1.95,0.8705,1,1.925,0.8593,3,0
IWM191025C153,2019-10-24,2019-10-24 09:34:24,1.98,0.8839,196,1.87,0.8348,192,1.95,0.8705,1,1.925,0.8593,3,0
IWM191025C153,2019-10-24,2019-10-24 09:34:24,1.98,0.8839,206,1.87,0.8348,192,1.95,0.8705,1,1.925,0.8593,3,0
IWM191025C153,2019-10-24,2019-10-24 09:34:25,1.98,0.8839,150,1.87,0.8348,10,1.95,0.8705,1,1.925,0.8593,3,0
IWM191025C153,2019-10-24,2019-10-24 09:34:25,1.98,0.8839,299,1.85,0.8258,131,1.95,0.8705,1,1.915,0.8549,3,0
IWM191025C153,2019-10-24,2019-10-24 09:34:26,1.98,0.8839,328,1.85,0.8258,153,1.95,0.8705,1,1.915,0.8549,3,0
IWM191025C153,2019-10-24,2019-10-24 09:34:26,1.98,0.8839,328,1.85,0.8258,135,1.95,0.8705,1,1.915,0.8549,3,0
IWM191025C153,2019-10-24,2019-10-24 09:34:27,1.98,0.8839,303,1.85,0.8258,167,1.95,0.8705,1,1.915,0.8549,3,0
IWM191025C153,2019-10-24,2019-10-24 09:34:27,1.98,0.8839,286,1.85,0.8258,167,1.95,0.8705,1,1.915,0.8549,3,0
IWM191025C153,2019-10-24,2019-10-24 09:34:28,1.98,0.8839,303,1.85,0.8258,128,1.95,0.8705,1,1.915,0.8549,3,0
IWM191025C153,2019-10-24,2019-10-24 09:34:28,1.98,0.8839,303,1.85,0.8258,167,1.95,0.8705,1,1.915,0.8549,3,0
IWM191025C153,2019-10-24,2019-10-24 09:34:29,1.98,0.8839,303,1.85,0.8258,128,1.95,0.8705,1,1.915,0.8549,3,0
IWM191025C153,2019-10-24,2019-10-24 09:34:30,1.98,0.8839,179,1.85,0.8258,67,1.95,0.8705,1,1.915,0.8549,3,0
IWM191025C153,2019-10-24,2019-10-24 09:34:30,1.98,0.8839,32,1.85,0.8258,197,1.95,0.8705,1,1.915,0.8549,3,0
IWM191025C153,2019-10-24,2019-10-24 09:34:31,1.98,0.8839,87,1.85,0.8258,290,1.95,0.8705,1,1.915,0.8549,3,0
IWM191025C153,2019-10-24,2019-10-24 09:34:31,1.98,0.8839,71,1.85,0.8258,239,1.95,0.8705,1,1.915,0.8549,3,0
IWM191025C153,2019-10-24,2019-10-24 09:34:32,1.98,0.8839,173,1.85,0.8258,290,1.95,0.8705,1,1.915,0.8549,3,0
IWM191025C153,2019-10-24,2019-10-24 09:34:32,1.98,0.8839,111,1.85,0.8258,290,1.95,0.8705,1,1.915,0.8549,3,0
IWM191025C153,2019-10-24,2019-10-24 09:34:33,1.98,0.8839,194,1.85,0.8258,290,1.95,0.8705,1,1.915,0.8549,3,0
IWM191025C153,2019-10-24,2019-10-24 09:34:34,1.98,0.8839,228,1.85,0.8258,156,1.95,0.8705,1,1.915,0.8549,3,0
IWM191025C153,2019-10-24,2019-10-24 09:34:34,1.98,0.8839,200,1.85,0.8258,233,1.95,0.8705,1,1.915,0.8549,3,0
IWM191025C153,2019-10-24,2019-10-24 09:34:35,1.98,0.8839,252,1.85,0.8258,61,1.95,0.8705,1,1.915,0.8549,3,0
IWM191025C153,2019-10-24,2019-10-24 09:34:35,1.98,0.8839,249,1.85,0.8258,85,1.95,0.8705,1,1.915,0.8549,3,0
IWM191025C153,2019-10-24,2019-10-24 09:34:36,1.98,0.8839,334,1.85,0.8258,61,1.95,0.8705,1,1.915,0.8549,3,0
IWM191025C153,2019-10-24,2019-10-24 09:34:37,1.98,0.8839,334,1.85,0.8258,120,1.95,0.8705,1,1.915,0.8549,3,0
IWM191025C153,2019-10-24,2019-10-24 09:34:37,1.98,0.8839,334,1.85,0.8258,52,1.95,0.8705,1,1.915,0.8549,3,0
IWM191025C153,2019-10-24,2019-10-24 09:34:38,1.98,0.8839,199,1.85,0.8258,181,1.95,0.8705,1,1.915,0.8549,3,0
IWM191025C153,2019-10-24,2019-10-24 09:34:38,1.98,0.8839,334,1.85,0.8258,147,1.95,0.8705,1,1.915,0.8549,3,0
IWM191025C153,2019-10-24,2019-10-24 09:34:39,1.98,0.8839,85,1.85,0.8258,242,1.95,0.8705,1,1.915,0.8549,3,0
IWM191025C153,2019-10-24,2019-10-24 09:34:39,1.98,0.8839,93,1.85,0.8258,187,1.95,0.8705,1,1.915,0.8549,3,0
IWM191025C153,2019-10-24,2019-10-24 09:34:40,1.98,0.8839,66,1.85,0.8258,309,1.95,0.8705,1,1.915,0.8549,3,0
IWM191025C153,2019-10-24,2019-10-24 09:34:41,1.98,0.8839,30,1.86,0.8303,195,1.95,0.8705,1,1.92,0.8571,3,0
IWM191025C153,2019-10-24,2019-10-24 09:34:41,1.98,0.8839,30,1.85,0.8258,227,1.95,0.8705,1,1.915,0.8549,3,0
IWM191025C153,2019-10-24,2019-10-24 09:34:42,1.98,0.8839,49,1.86,0.8303,370,1.95,0.8705,1,1.92,0.8571,3,0
IWM191025C153,2019-10-24,2019-10-24 09:34:43,1.98,0.8839,9,1.86,0.8303,372,1.95,0.8705,1,1.92,0.8571,3,0
IWM191025C153,2019-10-24,2019-10-24 09:34:43,2.0,0.8928,118,1.86,0.8303,372,1.95,0.8705,1,1.93,0.8616,3,0
IWM191025C153,2019-10-24,2019-10-24 09:34:44,2.0,0.8928,109,1.86,0.8303,372,1.95,0.8705,1,1.93,0.8616,3,0
IWM191025C153,2019-10-24,2019-10-24 09:34:45,2.0,0.8928,123,1.86,0.8303,366,1.95,0.8705,1,1.93,0.8616,3,0
IWM191025C153,2019-10-24,2019-10-24 09:34:45,2.0,0.8928,190,1.86,0.8303,377,1.95,0.8705,1,1.93,0.8616,3,0
IWM191025C153,2019-10-24,2019-10-24 09:34:46,2.0,0.8928,175,1.86,0.8303,377,1.95,0.8705,1,1.93,0.8616,3,0
IWM191025C153,2019-10-24,2019-10-24 09:34:46,2.0,0.8928,205,1.86,0.8303,377,1.95,0.8705,1,1.93,0.8616,3,0
IWM191025C153,2019-10-24,2019-10-24 09:34:47,2.0,0.8928,214,1.86,0.8303,377,1.95,0.8705,1,1.93,0.8616,3,0
IWM191025C153,2019-10-24,2019-10-24 09:34:47,2.0,0.8928,182,1.86,0.8303,377,1.95,0.8705,1,1.93,0.8616,3,0
IWM191025C153,2019-10-24,2019-10-24 09:34:48,2.0,0.8928,233,1.86,0.8303,377,1.95,0.8705,1,1.93,0.8616,3,0
IWM191025C153,2019-10-24,2019-10-24 09:34:49,2.0,0.8928,233,1.86,0.8303,377,1.95,0.8705,1,1.93,0.8616,3,0
IWM191025C153,2019-10-24,2019-10-24 09:34:50,2.0,0.8928,251,1.86,0.8303,359,1.95,0.8705,1,1.93,0.8616,3,0
IWM191025C153,2019-10-24,2019-10-24 09:34:50,2.0,0.8928,297,1.86,0.8303,359,1.95,0.8705,1,1.93,0.8616,3,0
IWM191025C153,2019-10-24,2019-10-24 09:34:51,2.0,0.8928,300,1.86,0.8303,218,1.95,0.8705,1,1.93,0.8616,3,0
IWM191025C153,2019-10-24,2019-10-24 09:34:51,1.99,0.8883,210,1.86,0.8303,129,1.95,0.8705,1,1.925,0.8593,3,0
IWM191025C153,2019-10-24,2019-10-24 09:34:52,1.98,0.8839,346,1.86,0.8303,19,1.95,0.8705,1,1.92,0.8571,3,0
IWM191025C153,2019-10-24,2019-10-24 09:34:52,1.98,0.8839,346,1.86,0.8303,78,1.95,0.8705,1,1.92,0.8571,3,0
IWM191025C153,2019-10-24,2019-10-24 09:34:53,1.98,0.8839,403,1.84,0.8214,93,1.95,0.8705,1,1.91,0.8526,3,0
IWM191025C153,2019-10-24,2019-10-24 09:34:54,1.98,0.8839,403,1.84,0.8214,93,1.95,0.8705,1,1.91,0.8526,3,0
IWM191025C153,2019-10-24,2019-10-24 09:34:54,1.98,0.8839,293,1.83,0.8169,20,1.95,0.8705,1,1.905,0.8504,3,0
IWM191025C153,2019-10-24,2019-10-24 09:34:55,1.98,0.8839,200,1.83,0.8169,20,1.95,0.8705,1,1.905,0.8504,3,0
IWM191025C153,2019-10-24,2019-10-24 09:34:56,1.98,0.8839,161,1.83,0.8169,20,1.95,0.8705,1,1.905,0.8504,3,0
IWM191025C153,2019-10-24,2019-10-24 09:34:57,1.98,0.8839,148,1.83,0.8169,41,1.95,0.8705,1,1.905,0.8504,3,0
IWM191025C153,2019-10-24,2019-10-24 09:34:57,1.98,0.8839,161,1.83,0.8169,20,1.95,0.8705,1,1.905,0.8504,3,0
IWM191025C153,2019-10-24,2019-10-24 09:34:58,1.98,0.8839,148,1.83,0.8169,41,1.95,0.8705,1,1.905,0.8504,3,0
IWM191025C153,2019-10-24,2019-10-24 09:34:58,1.97,0.8794,20,1.83,0.8169,20,1.95,0.8705,1,1.9,0.8482,3,0
IWM191025C153,2019-10-24,2019-10-24 09:34:59,1.97,0.8794,20,1.83,0.8169,1,1.95,0.8705,1,1.9,0.8482,3,0
IWM191025C153,2019-10-24,2019-10-24 09:35:00,1.97,0.8794,110,1.82,0.8125,36,1.95,0.8705,1,1.895,0.8459,3,0
IWM191025C153,2019-10-24,2019-10-24 09:35:01,1.92,0.8571,56,1.77,0.7901,10,1.95,0.8705,1,1.845,0.8236,3,0
IWM191025C153,2019-10-24,2019-10-24 09:35:01,1.96,0.875,41,1.81,0.808,11,1.95,0.8705,1,1.885,0.8415,3,0
IWM191025C153,2019-10-24,2019-10-24 09:35:02,1.89,0.8437,56,1.75,0.7812,1,1.95,0.8705,1,1.82,0.8125,3,0
IWM191025C153,2019-10-24,2019-10-24 09:35:02,1.89,0.8437,95,1.75,0.7812,10,1.95,0.8705,1,1.82,0.8125,3,0
IWM191025C153,2019-10-24,2019-10-24 09:35:03,1.89,0.8437,85,1.75,0.7812,10,1.95,0.8705,1,1.82,0.8125,3,0
IWM191025C153,2019-10-24,2019-10-24 09:35:04,1.89,0.8437,61,1.74,0.7767,10,1.95,0.8705,1,1.815,0.8102,3,0
IWM191025C153,2019-10-24,2019-10-24 09:35:05,1.89,0.8437,98,1.74,0.7767,10,1.95,0.8705,1,1.815,0.8102,3,0
IWM191025C153,2019-10-24,2019-10-24 09:35:06,1.87,0.8348,80,1.71,0.7633,20,1.95,0.8705,1,1.79,0.7991,3,0
IWM191025C153,2019-10-24,2019-10-24 09:35:06,1.85,0.8258,106,1.71,0.7633,20,1.95,0.8705,1,1.78,0.7946,3,0
IWM191025C153,2019-10-24,2019-10-24 09:35:07,1.83,0.8169,77,1.69,0.7544,10,1.95,0.8705,1,1.76,0.7857,3,0
IWM191025C153,2019-10-24,2019-10-24 09:35:07,1.84,0.8214,50,1.7,0.7589,20,1.95,0.8705,1,1.77,0.7901,3,0
IWM191025C153,2019-10-24,2019-10-24 09:35:08,1.83,0.8169,85,1.69,0.7544,20,1.95,0.8705,1,1.76,0.7857,3,0
IWM191025C153,2019-10-24,2019-10-24 09:35:08,1.83,0.8169,56,1.69,0.7544,20,1.95,0.8705,1,1.76,0.7857,3,0
IWM191025C153,2019-10-24,2019-10-24 09:35:09,1.87,0.8348,17,1.71,0.7633,77,1.95,0.8705,1,1.79,0.7991,3,0
IWM191025C153,2019-10-24,2019-10-24 09:35:09,1.83,0.8169,63,1.7,0.7589,61,1.95,0.8705,1,1.765,0.7879,3,0
IWM191025C153,2019-10-24,2019-10-24 09:35:10,1.87,0.8348,41,1.72,0.7678,81,1.95,0.8705,1,1.795,0.8013,3,0
IWM191025C153,2019-10-24,2019-10-24 09:35:10,1.87,0.8348,52,1.72,0.7678,19,1.95,0.8705,1,1.795,0.8013,3,0
IWM191025C153,2019-10-24,2019-10-24 09:35:11,1.87,0.8348,72,1.72,0.7678,19,1.95,0.8705,1,1.795,0.8013,3,0
IWM191025C153,2019-10-24,2019-10-24 09:35:11,1.87,0.8348,102,1.72,0.7678,10,1.95,0.8705,1,1.795,0.8013,3,0
IWM191025C153,2019-10-24,2019-10-24 09:35:12,1.91,0.8526,2,1.73,0.7723,20,1.95,0.8705,1,1.82,0.8125,3,0
IWM191025C153,2019-10-24,2019-10-24 09:35:12,1.87,0.8348,102,1.72,0.7678,10,1.95,0.8705,1,1.795,0.8013,3,0
IWM191025C153,2019-10-24,2019-10-24 09:35:13,1.92,0.8571,43,1.76,0.7857,66,1.95,0.8705,1,1.84,0.8214,3,0
IWM191025C153,2019-10-24,2019-10-24 09:35:13,1.92,0.8571,30,1.76,0.7857,56,1.95,0.8705,1,1.84,0.8214,3,0
IWM191025C153,2019-10-24,2019-10-24 09:35:14,1.92,0.8571,57,1.78,0.7946,82,1.95,0.8705,1,1.85,0.8258,3,0
IWM191025C153,2019-10-24,2019-10-24 09:35:14,1.92,0.8571,47,1.78,0.7946,56,1.95,0.8705,1,1.85,0.8258,3,0
IWM191025C153,2019-10-24,2019-10-24 09:35:15,1.92,0.8571,74,1.78,0.7946,82,1.95,0.8705,1,1.85,0.8258,3,0
IWM191025C153,2019-10-24,2019-10-24 09:35:16,1.92,0.8571,74,1.78,0.7946,82,1.95,0.8705,1,1.85,0.8258,3,0
IWM191025C153,2019-10-24,2019-10-24 09:35:16,1.92,0.8571,54,1.78,0.7946,93,1.95,0.8705,1,1.85,0.8258,3,0
IWM191025C153,2019-10-24,2019-10-24 09:35:17,1.93,0.8616,63,1.79,0.7991,88,1.95,0.8705,1,1.86,0.8303,3,0
IWM191025C153,2019-10-24,2019-10-24 09:35:17,1.93,0.8616,30,1.79,0.7991,64,1.95,0.8705,1,1.86,0.8303,3,0
IWM191025C153,2019-10-24,2019-10-24 09:35:18,1.93,0.8616,73,1.79,0.7991,98,1.95,0.8705,1,1.86,0.8303,3,0
IWM191025C153,2019-10-24,2019-10-24 09:35:18,1.93,0.8616,63,1.79,0.7991,98,1.95,0.8705,1,1.86,0.8303,3,0
IWM191025C153,2019-10-24,2019-10-24 09:35:19,1.93,0.8616,93,1.79,0.7991,98,1.95,0.8705,1,1.86,0.8303,3,0
IWM191025C153,2019-10-24,2019-10-24 09:35:19,1.93,0.8616,83,1.79,0.7991,98,1.95,0.8705,1,1.86,0.8303,3,0
IWM191025C153,2019-10-24,2019-10-24 09:35:20,1.93,0.8616,31,1.77,0.7901,92,1.95,0.8705,1,1.85,0.8258,3,0
IWM191025C153,2019-10-24,2019-10-24 09:35:20,1.93,0.8616,111,1.79,0.7991,4,1.95,0.8705,1,1.86,0.8303,3,0
IWM191025C153,2019-10-24,2019-10-24 09:35:21,1.93,0.8616,51,1.77,0.7901,41,1.95,0.8705,1,1.85,0.8258,3,0
IWM191025C153,2019-10-24,2019-10-24 09:35:21,1.93,0.8616,97,1.77,0.7901,41,1.95,0.8705,1,1.85,0.8258,3,0
IWM191025C153,2019-10-24,2019-10-24 09:35:22,1.93,0.8616,97,1.77,0.7901,41,1.95,0.8705,1,1.85,0.8258,3,0
IWM191025C153,2019-10-24,2019-10-24 09:35:23,1.93,0.8616,61,1.77,0.7901,85,1.95,0.8705,1,1.85,0.8258,3,0
IWM191025C153,2019-10-24,2019-10-24 09:35:23,1.93,0.8616,110,1.77,0.7901,30,1.95,0.8705,1,1.85,0.8258,3,0
IWM191025C153,2019-10-24,2019-10-24 09:35:24,1.93,0.8616,115,1.77,0.7901,41,1.95,0.8705,1,1.85,0.8258,3,0
IWM191025C153,2019-10-24,2019-10-24 09:35:25,1.93,0.8616,115,1.77,0.7901,41,1.95,0.8705,1,1.85,0.8258,3,0
IWM191025C153,2019-10-24,2019-10-24 09:35:26,1.91,0.8526,86,1.74,0.7767,83,1.95,0.8705,1,1.825,0.8147,3,0
IWM191025C153,2019-10-24,2019-10-24 09:35:26,1.91,0.8526,92,1.74,0.7767,83,1.95,0.8705,1,1.825,0.8147,3,0
IWM191025C153,2019-10-24,2019-10-24 09:35:27,1.91,0.8526,108,1.74,0.7767,83,1.95,0.8705,1,1.825,0.8147,3,0
IWM191025C153,2019-10-24,2019-10-24 09:35:28,1.91,0.8526,136,1.75,0.7812,61,1.95,0.8705,1,1.83,0.8169,3,0
IWM191025C153,2019-10-24,2019-10-24 09:35:29,1.91,0.8526,136,1.75,0.7812,61,1.95,0.8705,1,1.83,0.8169,3,0
IWM191025C153,2019-10-24,2019-10-24 09:35:30,1.91,0.8526,112,1.75,0.7812,72,1.95,0.8705,1,1.83,0.8169,3,0
IWM191025C153,2019-10-24,2019-10-24 09:35:30,1.91,0.8526,92,1.75,0.7812,72,1.95,0.8705,1,1.83,0.8169,3,0
IWM191025C153,2019-10-24,2019-10-24 09:35:31,1.91,0.8526,84,1.76,0.7857,63,1.95,0.8705,1,1.835,0.8191,3,0
IWM191025C153,2019-10-24,2019-10-24 09:35:32,1.91,0.8526,84,1.76,0.7857,57,1.95,0.8705,1,1.835,0.8191,3,0
IWM191025C153,2019-10-24,2019-10-24 09:35:32,1.91,0.8526,74,1.76,0.7857,95,1.95,0.8705,1,1.835,0.8191,3,0
IWM191025C153,2019-10-24,2019-10-24 09:35:33,1.91,0.8526,74,1.76,0.7857,95,1.95,0.8705,1,1.835,0.8191,3,0
IWM191025C153,2019-10-24,2019-10-24 09:35:34,1.91,0.8526,74,1.76,0.7857,95,1.95,0.8705,1,1.835,0.8191,3,0
IWM191025C153,2019-10-24,2019-10-24 09:35:34,1.91,0.8526,94,1.76,0.7857,95,1.95,0.8705,1,1.835,0.8191,3,0
IWM191025C153,2019-10-24,2019-10-24 09:35:35,1.91,0.8526,112,1.76,0.7857,2,1.95,0.8705,1,1.835,0.8191,3,0
IWM191025C153,2019-10-24,2019-10-24 09:35:35,1.91,0.8526,111,1.76,0.7857,2,1.95,0.8705,1,1.835,0.8191,3,0
IWM191025C153,2019-10-24,2019-10-24 09:35:36,1.91,0.8526,122,1.74,0.7767,56,1.95,0.8705,1,1.825,0.8147,3,0
IWM191025C153,2019-10-24,2019-10-24 09:35:37,1.91,0.8526,90,1.75,0.7812,41,1.95,0.8705,1,1.83,0.8169,3,0
IWM191025C153,2019-10-24,2019-10-24 09:35:37,1.92,0.8571,20,1.77,0.7901,66,1.95,0.8705,1,1.845,0.8236,3,0
IWM191025C153,2019-10-24,2019-10-24 09:35:38,1.92,0.8571,30,1.77,0.7901,66,1.95,0.8705,1,1.845,0.8236,3,0
IWM191025C153,2019-10-24,2019-10-24 09:35:38,1.92,0.8571,51,1.77,0.7901,70,1.95,0.8705,1,1.845,0.8236,3,0
IWM191025C153,2019-10-24,2019-10-24 09:35:39,1.92,0.8571,51,1.77,0.7901,70,1.95,0.8705,1,1.845,0.8236,3,0
IWM191025C153,2019-10-24,2019-10-24 09:35:39,1.92,0.8571,71,1.77,0.7901,70,1.95,0.8705,1,1.845,0.8236,3,0
IWM191025C153,2019-10-24,2019-10-24 09:35:40,1.92,0.8571,71,1.77,0.7901,70,1.95,0.8705,1,1.845,0.8236,3,0
IWM191025C153,2019-10-24,2019-10-24 09:35:41,1.92,0.8571,81,1.78,0.7946,64,1.95,0.8705,1,1.85,0.8258,3,0
IWM191025C153,2019-10-24,2019-10-24 09:35:41,1.92,0.8571,91,1.78,0.7946,64,1.95,0.8705,1,1.85,0.8258,3,0
IWM191025C153,2019-10-24,2019-10-24 09:35:42,1.92,0.8571,93,1.78,0.7946,64,1.95,0.8705,1,1.85,0.8258,3,0
IWM191025C153,2019-10-24,2019-10-24 09:35:42,1.92,0.8571,103,1.78,0.7946,41,1.95,0.8705,1,1.85,0.8258,3,0
IWM191025C153,2019-10-24,2019-10-24 09:35:43,1.92,0.8571,103,1.78,0.7946,41,1.95,0.8705,1,1.85,0.8258,3,0
IWM191025C153,2019-10-24,2019-10-24 09:35:44,1.92,0.8571,103,1.78,0.7946,41,1.95,0.8705,1,1.85,0.8258,3,0
IWM191025C153,2019-10-24,2019-10-24 09:35:45,1.92,0.8571,103,1.78,0.7946,25,1.95,0.8705,1,1.85,0.8258,3,0
IWM191025C153,2019-10-24,2019-10-24 09:35:46,1.92,0.8571,88,1.78,0.7946,57,1.95,0.8705,1,1.85,0.8258,3,0
IWM191025C153,2019-10-24,2019-10-24 09:35:47,1.92,0.8571,88,1.78,0.7946,68,1.95,0.8705,1,1.85,0.8258,3,0
IWM191025C153,2019-10-24,2019-10-24 09:35:48,1.92,0.8571,320,1.78,0.7946,306,1.95,0.8705,1,1.85,0.8258,3,0
IWM191025C153,2019-10-24,2019-10-24 09:35:48,1.92,0.8571,290,1.78,0.7946,288,1.95,0.8705,1,1.85,0.8258,3,0
IWM191025C153,2019-10-24,2019-10-24 09:35:49,1.92,0.8571,340,1.78,0.7946,347,1.95,0.8705,1,1.85,0.8258,3,0
IWM191025C153,2019-10-24,2019-10-24 09:35:49,1.92,0.8571,349,1.78,0.7946,347,1.95,0.8705,1,1.85,0.8258,3,0
IWM191025C153,2019-10-24,2019-10-24 09:35:50,1.92,0.8571,349,1.78,0.7946,347,1.95,0.8705,1,1.85,0.8258,3,0
IWM191025C153,2019-10-24,2019-10-24 09:35:51,1.92,0.8571,349,1.78,0.7946,347,1.95,0.8705,1,1.85,0.8258,3,0
IWM191025C153,2019-10-24,2019-10-24 09:35:51,1.92,0.8571,340,1.78,0.7946,347,1.95,0.8705,1,1.85,0.8258,3,0
IWM191025C153,2019-10-24,2019-10-24 09:35:52,1.92,0.8571,350,1.78,0.7946,346,1.95,0.8705,1,1.85,0.8258,3,0
IWM191025C153,2019-10-24,2019-10-24 09:35:53,1.92,0.8571,350,1.78,0.7946,346,1.95,0.8705,1,1.85,0.8258,3,0
IWM191025C153,2019-10-24,2019-10-24 09:35:54,1.92,0.8571,350,1.78,0.7946,356,1.95,0.8705,1,1.85,0.8258,3,0
IWM191025C153,2019-10-24,2019-10-24 09:35:55,1.91,0.8526,151,1.78,0.7946,90,1.95,0.8705,1,1.845,0.8236,3,0
IWM191025C153,2019-10-24,2019-10-24 09:35:55,1.91,0.8526,27,1.78,0.7946,356,1.95,0.8705,1,1.845,0.8236,3,0
IWM191025C153,2019-10-24,2019-10-24 09:35:56,1.9,0.8482,388,1.78,0.7946,81,1.95,0.8705,1,1.84,0.8214,3,0
IWM191025C153,2019-10-24,2019-10-24 09:35:56,1.9,0.8482,296,1.78,0.7946,90,1.95,0.8705,1,1.84,0.8214,3,0
IWM191025C153,2019-10-24,2019-10-24 09:35:57,1.9,0.8482,388,1.78,0.7946,81,1.95,0.8705,1,1.84,0.8214,3,0
IWM191025C153,2019-10-24,2019-10-24 09:35:58,1.9,0.8482,236,1.78,0.7946,81,1.95,0.8705,1,1.84,0.8214,3,0
IWM191025C153,2019-10-24,2019-10-24 09:35:58,1.9,0.8482,388,1.78,0.7946,81,1.95,0.8705,1,1.84,0.8214,3,0
IWM191025C153,2019-10-24,2019-10-24 09:35:59,1.9,0.8482,355,1.78,0.7946,119,1.95,0.8705,1,1.84,0.8214,3,0
IWM191025C153,2019-10-24,2019-10-24 09:35:59,1.9,0.8482,341,1.78,0.7946,99,1.95,0.8705,1,1.84,0.8214,3,0
IWM191025C153,2019-10-24,2019-10-24 09:36:00,1.9,0.8482,327,1.78,0.7946,10,1.95,0.8705,1,1.84,0.8214,3,0
IWM191025C153,2019-10-24,2019-10-24 09:36:00,1.9,0.8482,279,1.78,0.7946,19,1.95,0.8705,1,1.84,0.8214,3,0
IWM191025C153,2019-10-24,2019-10-24 09:36:01,1.88,0.8392,345,1.76,0.7857,167,1.95,0.8705,1,1.82,0.8125,3,0
IWM191025C153,2019-10-24,2019-10-24 09:36:01,1.88,0.8392,198,1.78,0.7946,10,1.95,0.8705,1,1.83,0.8169,3,0
IWM191025C153,2019-10-24,2019-10-24 09:36:02,1.88,0.8392,432,1.76,0.7857,137,1.95,0.8705,1,1.82,0.8125,3,0
IWM191025C153,2019-10-24,2019-10-24 09:36:03,1.88,0.8392,432,1.76,0.7857,166,1.95,0.8705,1,1.82,0.8125,3,0
IWM191025C153,2019-10-24,2019-10-24 09:36:03,1.88,0.8392,432,1.76,0.7857,171,1.95,0.8705,1,1.82,0.8125,3,0
IWM191025C153,2019-10-24,2019-10-24 09:36:04,1.88,0.8392,432,1.76,0.7857,171,1.95,0.8705,1,1.82,0.8125,3,0
IWM191025C153,2019-10-24,2019-10-24 09:36:05,1.88,0.8392,432,1.76,0.7857,54,1.95,0.8705,1,1.82,0.8125,3,0
IWM191025C153,2019-10-24,2019-10-24 09:36:05,1.88,0.8392,432,1.76,0.7857,171,1.95,0.8705,1,1.82,0.8125,3,0
IWM191025C153,2019-10-24,2019-10-24 09:36:06,1.86,0.8303,371,1.74,0.7767,120,1.95,0.8705,1,1.8,0.8035,3,0
IWM191025C153,2019-10-24,2019-10-24 09:36:06,1.86,0.8303,300,1.76,0.7857,31,1.95,0.8705,1,1.81,0.808,3,0
IWM191025C153,2019-10-24,2019-10-24 09:36:07,1.84,0.8214,263,1.74,0.7767,14,1.95,0.8705,1,1.79,0.7991,3,0
IWM191025C153,2019-10-24,2019-10-24 09:36:07,1.85,0.8258,252,1.74,0.7767,81,1.95,0.8705,1,1.795,0.8013,3,0
IWM191025C153,2019-10-24,2019-10-24 09:36:08,1.83,0.8169,280,1.72,0.7678,74,1.95,0.8705,1,1.775,0.7924,3,0
IWM191025C153,2019-10-24,2019-10-24 09:36:08,1.83,0.8169,341,1.72,0.7678,74,1.95,0.8705,1,1.775,0.7924,3,0
IWM191025C153,2019-10-24,2019-10-24 09:36:09,1.83,0.8169,122,1.72,0.7678,147,1.95,0.8705,1,1.775,0.7924,3,0
IWM191025C153,2019-10-24,2019-10-24 09:36:10,1.83,0.8169,72,1.72,0.7678,297,1.95,0.8705,1,1.775,0.7924,3,0
IWM191025C153,2019-10-24,2019-10-24 09:36:10,1.83,0.8169,72,1.74,0.7767,222,1.95,0.8705,1,1.785,0.7968,3,0
IWM191025C153,2019-10-24,2019-10-24 09:36:11,1.83,0.8169,37,1.74,0.7767,188,1.95,0.8705,1,1.785,0.7968,3,0
IWM191025C153,2019-10-24,2019-10-24 09:36:11,1.83,0.8169,37,1.74,0.7767,217,1.95,0.8705,1,1.785,0.7968,3,0
IWM191025C153,2019-10-24,2019-10-24 09:36:12,1.85,0.8258,20,1.74,0.7767,275,1.95,0.8705,1,1.795,0.8013,3,0
IWM191025C153,2019-10-24,2019-10-24 09:36:12,1.85,0.8258,31,1.74,0.7767,296,1.95,0.8705,1,1.795,0.8013,3,0
IWM191025C153,2019-10-24,2019-10-24 09:36:13,1.85,0.8258,31,1.74,0.7767,296,1.95,0.8705,1,1.795,0.8013,3,0
IWM191025C153,2019-10-24,2019-10-24 09:36:14,1.85,0.8258,31,1.74,0.7767,296,1.95,0.8705,1,1.795,0.8013,3,0
IWM191025C153,2019-10-24,2019-10-24 09:36:15,1.85,0.8258,31,1.74,0.7767,120,1.95,0.8705,1,1.795,0.8013,3,0
IWM191025C153,2019-10-24,2019-10-24 09:36:15,1.85,0.8258,10,1.74,0.7767,20,1.95,0.8705,1,1.795,0.8013,3,0
IWM191025C153,2019-10-24,2019-10-24 09:36:16,1.85,0.8258,149,1.74,0.7767,150,1.95,0.8705,1,1.795,0.8013,3,0
IWM191025C153,2019-10-24,2019-10-24 09:36:16,1.85,0.8258,206,1.74,0.7767,232,1.95,0.8705,1,1.795,0.8013,3,0
IWM191025C153,2019-10-24,2019-10-24 09:36:17,1.85,0.8258,229,1.74,0.7767,216,1.95,0.8705,1,1.795,0.8013,3,0
IWM191025C153,2019-10-24,2019-10-24 09:36:17,1.85,0.8258,206,1.74,0.7767,216,1.95,0.8705,1,1.795,0.8013,3,0
IWM191025C153,2019-10-24,2019-10-24 09:36:18,1.85,0.8258,255,1.74,0.7767,177,1.95,0.8705,1,1.795,0.8013,3,0
IWM191025C153,2019-10-24,2019-10-24 09:36:19,1.85,0.8258,255,1.74,0.7767,177,1.95,0.8705,1,1.795,0.8013,3,0
IWM191025C153,2019-10-24,2019-10-24 09:36:20,1.83,0.8169,200,1.74,0.7767,60,1.95,0.8705,1,1.785,0.7968,3,0
IWM191025C153,2019-10-24,2019-10-24 09:36:20,1.83,0.8169,128,1.74,0.7767,76,1.95,0.8705,1,1.785,0.7968,3,0
IWM191025C153,2019-10-24,2019-10-24 09:36:21,1.83,0.8169,225,1.74,0.7767,70,1.95,0.8705,1,1.785,0.7968,3,0
IWM191025C153,2019-10-24,2019-10-24 09:36:21,1.83,0.8169,225,1.74,0.7767,64,1.95,0.8705,1,1.785,0.7968,3,0
IWM191025C153,2019-10-24,2019-10-24 09:36:22,1.82,0.8125,191,1.72,0.7678,86,1.95,0.8705,1,1.77,0.7901,3,0
IWM191025C153,2019-10-24,2019-10-24 09:36:22,1.83,0.8169,245,1.74,0.7767,33,1.95,0.8705,1,1.785,0.7968,3,0
IWM191025C153,2019-10-24,2019-10-24 09:36:23,1.82,0.8125,109,1.73,0.7723,71,1.95,0.8705,1,1.775,0.7924,3,0
IWM191025C153,2019-10-24,2019-10-24 09:36:23,1.82,0.8125,84,1.73,0.7723,194,1.95,0.8705,1,1.775,0.7924,3,0
IWM191025C153,2019-10-24,2019-10-24 09:36:24,1.82,0.8125,61,1.74,0.7767,156,1.95,0.8705,1,1.78,0.7946,3,0
IWM191025C153,2019-10-24,2019-10-24 09:36:24,1.83,0.8169,20,1.76,0.7857,68,1.95,0.8705,1,1.795,0.8013,3,0
IWM191025C153,2019-10-24,2019-10-24 09:36:25,1.83,0.8169,20,1.76,0.7857,110,1.95,0.8705,1,1.795,0.8013,3,0
IWM191025C153,2019-10-24,2019-10-24 09:36:25,1.84,0.8214,55,1.76,0.7857,126,1.95,0.8705,1,1.8,0.8035,3,0
IWM191025C153,2019-10-24,2019-10-24 09:36:26,1.84,0.8214,55,1.76,0.7857,165,1.95,0.8705,1,1.8,0.8035,3,0
IWM191025C153,2019-10-24,2019-10-24 09:36:26,1.84,0.8214,3,1.77,0.7901,44,1.95,0.8705,1,1.805,0.8058,3,0
IWM191025C153,2019-10-24,2019-10-24 09:36:27,1.87,0.8348,84,1.78,0.7946,161,1.95,0.8705,1,1.825,0.8147,3,0
IWM191025C153,2019-10-24,2019-10-24 09:36:27,1.87,0.8348,84,1.78,0.7946,185,1.95,0.8705,1,1.825,0.8147,3,0
IWM191025C153,2019-10-24,2019-10-24 09:36:28,1.86,0.8303,30,1.78,0.7946,185,1.95,0.8705,1,1.82,0.8125,3,0
IWM191025C153,2019-10-24,2019-10-24 09:36:28,1.86,0.8303,20,1.78,0.7946,185,1.95,0.8705,1,1.82,0.8125,3,0
IWM191025C153,2019-10-24,2019-10-24 09:36:29,1.87,0.8348,1,1.8,0.8035,90,1.95,0.8705,1,1.835,0.8191,3,0
IWM191025C153,2019-10-24,2019-10-24 09:36:30,1.89,0.8437,20,1.8,0.8035,218,1.95,0.8705,1,1.845,0.8236,3,0
IWM191025C153,2019-10-24,2019-10-24 09:36:30,1.88,0.8392,26,1.8,0.8035,208,1.95,0.8705,1,1.84,0.8214,3,0
IWM191025C153,2019-10-24,2019-10-24 09:36:31,1.9,0.8482,41,1.82,0.8125,99,1.95,0.8705,1,1.86,0.8303,3,0
IWM191025C153,2019-10-24,2019-10-24 09:36:31,1.9,0.8482,43,1.82,0.8125,77,1.95,0.8705,1,1.86,0.8303,3,0
IWM191025C153,2019-10-24,2019-10-24 09:36:32,1.9,0.8482,204,1.82,0.8125,31,1.95,0.8705,1,1.86,0.8303,3,0
IWM191025C153,2019-10-24,2019-10-24 09:36:32,1.9,0.8482,178,1.82,0.8125,30,1.95,0.8705,1,1.86,0.8303,3,0
IWM191025C153,2019-10-24,2019-10-24 09:36:33,1.9,0.8482,41,1.82,0.8125,119,1.95,0.8705,1,1.86,0.8303,3,0
IWM191025C153,2019-10-24,2019-10-24 09:36:33,1.9,0.8482,41,1.82,0.8125,166,1.95,0.8705,1,1.86,0.8303,3,0
IWM191025C153,2019-10-24,2019-10-24 09:36:34,1.9,0.8482,55,1.82,0.8125,150,1.95,0.8705,1,1.86,0.8303,3,0
IWM191025C153,2019-10-24,2019-10-24 09:36:34,1.9,0.8482,56,1.82,0.8125,176,1.95,0.8705,1,1.86,0.8303,3,0
IWM191025C153,2019-10-24,2019-10-24 09:36:35,1.91,0.8526,24,1.83,0.8169,107,1.95,0.8705,1,1.87,0.8348,3,0
IWM191025C153,2019-10-24,2019-10-24 09:36:35,1.92,0.8571,43,1.83,0.8169,16,1.95,0.8705,1,1.875,0.837,3,0
IWM191025C153,2019-10-24,2019-10-24 09:36:36,1.91,0.8526,89,1.83,0.8169,49,1.95,0.8705,1,1.87,0.8348,3,0
IWM191025C153,2019-10-24,2019-10-24 09:36:36,1.91,0.8526,99,1.83,0.8169,49,1.95,0.8705,1,1.87,0.8348,3,0
IWM191025C153,2019-10-24,2019-10-24 09:36:37,1.91,0.8526,142,1.83,0.8169,59,1.95,0.8705,1,1.87,0.8348,3,0
IWM191025C153,2019-10-24,2019-10-24 09:36:37,1.91,0.8526,152,1.83,0.8169,49,1.95,0.8705,1,1.87,0.8348,3,0
IWM191025C153,2019-10-24,2019-10-24 09:36:38,1.91,0.8526,22,1.83,0.8169,73,1.95,0.8705,1,1.87,0.8348,3,0
IWM191025C153,2019-10-24,2019-10-24 09:36:38,1.91,0.8526,32,1.83,0.8169,166,1.95,0.8705,1,1.87,0.8348,3,0
IWM191025C153,2019-10-24,2019-10-24 09:36:39,1.91,0.8526,65,1.83,0.8169,77,1.95,0.8705,1,1.87,0.8348,3,0
IWM191025C153,2019-10-24,2019-10-24 09:36:39,1.91,0.8526,95,1.83,0.8169,140,1.95,0.8705,1,1.87,0.8348,3,0
IWM191025C153,2019-10-24,2019-10-24 09:36:40,1.91,0.8526,89,1.83,0.8169,74,1.95,0.8705,1,1.87,0.8348,3,0
IWM191025C153,2019-10-24,2019-10-24 09:36:40,1.91,0.8526,113,1.83,0.8169,31,1.95,0.8705,1,1.87,0.8348,3,0
IWM191025C153,2019-10-24,2019-10-24 09:36:41,1.91,0.8526,113,1.83,0.8169,27,1.95,0.8705,1,1.87,0.8348,3,0
IWM191025C153,2019-10-24,2019-10-24 09:36:42,1.91,0.8526,206,1.82,0.8125,29,1.95,0.8705,1,1.865,0.8325,3,0
IWM191025C153,2019-10-24,2019-10-24 09:36:43,1.91,0.8526,296,1.82,0.8125,25,1.95,0.8705,1,1.865,0.8325,3,0
IWM191025C153,2019-10-24,2019-10-24 09:36:44,1.91,0.8526,296,1.82,0.8125,10,1.95,0.8705,1,1.865,0.8325,3,0
IWM191025C153,2019-10-24,2019-10-24 09:36:44,1.91,0.8526,163,1.82,0.8125,102,1.95,0.8705,1,1.865,0.8325,3,0
IWM191025C153,2019-10-24,2019-10-24 09:36:45,1.91,0.8526,157,1.82,0.8125,104,1.95,0.8705,1,1.865,0.8325,3,0
IWM191025C153,2019-10-24,2019-10-24 09:36:45,1.91,0.8526,59,1.82,0.8125,137,1.95,0.8705,1,1.865,0.8325,3,0
IWM191025C153,2019-10-24,2019-10-24 09:36:46,1.91,0.8526,18,1.83,0.8169,86,1.95,0.8705,1,1.87,0.8348,3,0
IWM191025C153,2019-10-24,2019-10-24 09:36:46,1.92,0.8571,27,1.83,0.8169,181,1.95,0.8705,1,1.875,0.837,3,0
IWM191025C153,2019-10-24,2019-10-24 09:36:47,1.92,0.8571,67,1.83,0.8169,205,1.95,0.8705,1,1.875,0.837,3,0
IWM191025C153,2019-10-24,2019-10-24 09:36:47,1.92,0.8571,55,1.83,0.8169,222,1.95,0.8705,1,1.875,0.837,3,0
IWM191025C153,2019-10-24,2019-10-24 09:36:48,1.93,0.8616,52,1.84,0.8214,101,1.95,0.8705,1,1.885,0.8415,3,0
IWM191025C153,2019-10-24,2019-10-24 09:36:48,1.93,0.8616,34,1.84,0.8214,254,1.95,0.8705,1,1.885,0.8415,3,0
IWM191025C153,2019-10-24,2019-10-24 09:36:49,1.93,0.8616,12,1.84,0.8214,219,1.95,0.8705,1,1.885,0.8415,3,0
IWM191025C153,2019-10-24,2019-10-24 09:36:49,1.93,0.8616,71,1.84,0.8214,184,1.95,0.8705,1,1.885,0.8415,3,0
IWM191025C153,2019-10-24,2019-10-24 09:36:50,1.93,0.8616,32,1.84,0.8214,80,1.95,0.8705,1,1.885,0.8415,3,0
IWM191025C153,2019-10-24,2019-10-24 09:36:50,1.93,0.8616,84,1.84,0.8214,104,1.95,0.8705,1,1.885,0.8415,3,0
IWM191025C153,2019-10-24,2019-10-24 09:36:51,1.93,0.8616,74,1.84,0.8214,104,1.95,0.8705,1,1.885,0.8415,3,0
IWM191025C153,2019-10-24,2019-10-24 09:36:52,1.93,0.8616,229,1.84,0.8214,18,1.95,0.8705,1,1.885,0.8415,3,0
IWM191025C153,2019-10-24,2019-10-24 09:36:52,1.93,0.8616,240,1.84,0.8214,59,1.95,0.8705,1,1.885,0.8415,3,0
IWM191025C153,2019-10-24,2019-10-24 09:36:53,1.93,0.8616,232,1.83,0.8169,69,1.95,0.8705,1,1.88,0.8392,3,0
IWM191025C153,2019-10-24,2019-10-24 09:36:54,1.92,0.8571,218,1.83,0.8169,61,1.95,0.8705,1,1.875,0.837,3,0
IWM191025C153,2019-10-24,2019-10-24 09:36:55,1.92,0.8571,218,1.83,0.8169,61,1.95,0.8705,1,1.875,0.837,3,0
IWM191025C153,2019-10-24,2019-10-24 09:36:56,1.92,0.8571,243,1.83,0.8169,71,1.95,0.8705,1,1.875,0.837,3,0
IWM191025C153,2019-10-24,2019-10-24 09:36:57,1.91,0.8526,290,1.82,0.8125,20,1.95,0.8705,1,1.865,0.8325,3,0
IWM191025C153,2019-10-24,2019-10-24 09:36:57,1.91,0.8526,224,1.82,0.8125,20,1.95,0.8705,1,1.865,0.8325,3,0
IWM191025C153,2019-10-24,2019-10-24 09:36:58,1.91,0.8526,346,1.81,0.808,80,1.95,0.8705,1,1.86,0.8303,3,0
IWM191025C153,2019-10-24,2019-10-24 09:36:58,1.91,0.8526,290,1.81,0.808,34,1.95,0.8705,1,1.86,0.8303,3,0
IWM191025C153,2019-10-24,2019-10-24 09:36:59,1.91,0.8526,123,1.81,0.808,112,1.95,0.8705,1,1.86,0.8303,3,0
IWM191025C153,2019-10-24,2019-10-24 09:36:59,1.91,0.8526,225,1.82,0.8125,21,1.95,0.8705,1,1.865,0.8325,3,0
IWM191025C153,2019-10-24,2019-10-24 09:37:00,1.91,0.8526,72,1.82,0.8125,32,1.95,0.8705,1,1.865,0.8325,3,0
IWM191025C153,2019-10-24,2019-10-24 09:37:01,1.93,0.8616,68,1.83,0.8169,249,1.95,0.8705,1,1.88,0.8392,3,0
IWM191025C153,2019-10-24,2019-10-24 09:37:01,1.93,0.8616,111,1.83,0.8169,175,1.95,0.8705,1,1.88,0.8392,3,0
IWM191025C153,2019-10-24,2019-10-24 09:37:02,1.93,0.8616,199,1.83,0.8169,72,1.95,0.8705,1,1.88,0.8392,3,0
IWM191025C153,2019-10-24,2019-10-24 09:37:02,1.93,0.8616,83,1.83,0.8169,255,1.95,0.8705,1,1.88,0.8392,3,0
IWM191025C153,2019-10-24,2019-10-24 09:37:03,1.93,0.8616,200,1.83,0.8169,163,1.95,0.8705,1,1.88,0.8392,3,0
IWM191025C153,2019-10-24,2019-10-24 09:37:03,1.93,0.8616,102,1.83,0.8169,172,1.95,0.8705,1,1.88,0.8392,3,0
IWM191025C153,2019-10-24,2019-10-24 09:37:04,1.92,0.8571,254,1.83,0.8169,13,1.95,0.8705,1,1.875,0.837,3,0
IWM191025C153,2019-10-24,2019-10-24 09:37:04,1.93,0.8616,200,1.83,0.8169,163,1.95,0.8705,1,1.88,0.8392,3,0
IWM191025C153,2019-10-24,2019-10-24 09:37:05,1.92,0.8571,382,1.81,0.808,47,1.95,0.8705,1,1.865,0.8325,3,0
IWM191025C153,2019-10-24,2019-10-24 09:37:05,1.92,0.8571,319,1.81,0.808,28,1.95,0.8705,1,1.865,0.8325,3,0
IWM191025C153,2019-10-24,2019-10-24 09:37:06,1.92,0.8571,382,1.81,0.808,75,1.95,0.8705,1,1.865,0.8325,3,0
IWM191025C153,2019-10-24,2019-10-24 09:37:07,1.92,0.8571,382,1.81,0.808,23,1.95,0.8705,1,1.865,0.8325,3,0
IWM191025C153,2019-10-24,2019-10-24 09:37:08,1.93,0.8616,40,1.82,0.8125,69,1.95,0.8705,1,1.875,0.837,3,0
IWM191025C153,2019-10-24,2019-10-24 09:37:08,1.92,0.8571,123,1.82,0.8125,189,1.95,0.8705,1,1.87,0.8348,3,0
IWM191025C153,2019-10-24,2019-10-24 09:37:09,1.92,0.8571,123,1.82,0.8125,167,1.95,0.8705,1,1.87,0.8348,3,0
IWM191025C153,2019-10-24,2019-10-24 09:37:09,1.92,0.8571,43,1.83,0.8169,215,1.95,0.8705,1,1.875,0.837,3,0
IWM191025C153,2019-10-24,2019-10-24 09:37:10,1.93,0.8616,21,1.84,0.8214,172,1.95,0.8705,1,1.885,0.8415,3,0
IWM191025C153,2019-10-24,2019-10-24 09:37:10,1.92,0.8571,30,1.84,0.8214,99,1.95,0.8705,1,1.88,0.8392,3,0
IWM191025C153,2019-10-24,2019-10-24 09:37:11,1.93,0.8616,21,1.84,0.8214,172,1.95,0.8705,1,1.885,0.8415,3,0
IWM191025C153,2019-10-24,2019-10-24 09:37:12,1.93,0.8616,48,1.84,0.8214,191,1.95,0.8705,1,1.885,0.8415,3,0
IWM191025C153,2019-10-24,2019-10-24 09:37:12,1.93,0.8616,31,1.84,0.8214,201,1.95,0.8705,1,1.885,0.8415,3,0
IWM191025C153,2019-10-24,2019-10-24 09:37:13,1.93,0.8616,104,1.84,0.8214,185,1.95,0.8705,1,1.885,0.8415,3,0
IWM191025C153,2019-10-24,2019-10-24 09:37:13,1.93,0.8616,117,1.84,0.8214,154,1.95,0.8705,1,1.885,0.8415,3,0
IWM191025C153,2019-10-24,2019-10-24 09:37:14,1.93,0.8616,74,1.84,0.8214,146,1.95,0.8705,1,1.885,0.8415,3,0
IWM191025C153,2019-10-24,2019-10-24 09:37:14,1.93,0.8616,74,1.84,0.8214,126,1.95,0.8705,1,1.885,0.8415,3,0
IWM191025C153,2019-10-24,2019-10-24 09:37:15,1.93,0.8616,50,1.84,0.8214,126,1.95,0.8705,1,1.885,0.8415,3,0
IWM191025C153,2019-10-24,2019-10-24 09:37:16,1.93,0.8616,33,1.85,0.8258,128,1.95,0.8705,1,1.89,0.8437,3,0
IWM191025C153,2019-10-24,2019-10-24 09:37:16,1.94,0.866,41,1.85,0.8258,102,1.95,0.8705,1,1.895,0.8459,3,0
IWM191025C153,2019-10-24,2019-10-24 09:37:17,1.94,0.866,57,1.85,0.8258,225,1.95,0.8705,1,1.895,0.8459,3,0
IWM191025C153,2019-10-24,2019-10-24 09:37:17,1.94,0.866,57,1.85,0.8258,179,1.95,0.8705,1,1.895,0.8459,3,0
IWM191025C153,2019-10-24,2019-10-24 09:37:18,1.94,0.866,57,1.85,0.8258,199,1.95,0.8705,1,1.895,0.8459,3,0
IWM191025C153,2019-10-24,2019-10-24 09:37:19,1.93,0.8616,27,1.84,0.8214,150,1.95,0.8705,1,1.885,0.8415,3,0
IWM191025C153,2019-10-24,2019-10-24 09:37:19,1.93,0.8616,46,1.83,0.8169,10,1.95,0.8705,1,1.88,0.8392,3,0
IWM191025C153,2019-10-24,2019-10-24 09:37:20,1.93,0.8616,12,1.85,0.8258,153,1.95,0.8705,1,1.89,0.8437,3,0
IWM191025C153,2019-10-24,2019-10-24 09:37:20,1.93,0.8616,20,1.85,0.8258,204,1.95,0.8705,1,1.89,0.8437,3,0
IWM191025C153,2019-10-24,2019-10-24 09:37:21,1.95,0.8705,119,1.85,0.8258,194,1.95,0.8705,1,1.9,0.8482,3,0
IWM191025C153,2019-10-24,2019-10-24 09:37:21,1.94,0.866,11,1.85,0.8258,204,1.95,0.8705,1,1.895,0.8459,3,0
IWM191025C153,2019-10-24,2019-10-24 09:37:22,1.94,0.866,69,1.85,0.8258,198,1.95,0.8705,1,1.895,0.8459,3,0
IWM191025C153,2019-10-24,2019-10-24 09:37:22,1.94,0.866,79,1.85,0.8258,188,1.95,0.8705,1,1.895,0.8459,3,0
IWM191025C153,2019-10-24,2019-10-24 09:37:23,1.94,0.866,69,1.85,0.8258,198,1.95,0.8705,1,1.895,0.8459,3,0
IWM191025C153,2019-10-24,2019-10-24 09:37:23,1.94,0.866,24,1.85,0.8258,198,1.95,0.8705,1,1.895,0.8459,3,0
IWM191025C153,2019-10-24,2019-10-24 09:37:24,1.88,0.8392,46,1.85,0.8258,198,1.95,0.8705,1,1.865,0.8325,3,0
IWM191025C153,2019-10-24,2019-10-24 09:37:25,1.88,0.8392,20,1.81,0.808,73,1.95,0.8705,1,1.845,0.8236,3,0
IWM191025C153,2019-10-24,2019-10-24 09:37:25,1.88,0.8392,30,1.81,0.808,83,1.95,0.8705,1,1.845,0.8236,3,0
IWM191025C153,2019-10-24,2019-10-24 09:37:26,1.93,0.8616,155,1.83,0.8169,34,1.95,0.8705,1,1.88,0.8392,3,0
IWM191025C153,2019-10-24,2019-10-24 09:37:26,1.93,0.8616,81,1.83,0.8169,20,1.95,0.8705,1,1.88,0.8392,3,0
IWM191025C153,2019-10-24,2019-10-24 09:37:27,1.93,0.8616,176,1.83,0.8169,96,1.95,0.8705,1,1.88,0.8392,3,0
IWM191025C153,2019-10-24,2019-10-24 09:37:27,1.93,0.8616,176,1.83,0.8169,112,1.95,0.8705,1,1.88,0.8392,3,0
IWM191025C153,2019-10-24,2019-10-24 09:37:28,1.93,0.8616,204,1.83,0.8169,142,1.95,0.8705,1,1.88,0.8392,3,0
IWM191025C153,2019-10-24,2019-10-24 09:37:28,1.93,0.8616,204,1.83,0.8169,126,1.95,0.8705,1,1.88,0.8392,3,0
IWM191025C153,2019-10-24,2019-10-24 09:37:29,1.93,0.8616,209,1.83,0.8169,142,1.95,0.8705,1,1.88,0.8392,3,0
IWM191025C153,2019-10-24,2019-10-24 09:37:29,1.93,0.8616,204,1.83,0.8169,126,1.95,0.8705,1,1.88,0.8392,3,0
IWM191025C153,2019-10-24,2019-10-24 09:37:30,1.93,0.8616,209,1.83,0.8169,142,1.95,0.8705,1,1.88,0.8392,3,0
IWM191025C153,2019-10-24,2019-10-24 09:37:31,1.93,0.8616,199,1.84,0.8214,118,1.95,0.8705,1,1.885,0.8415,3,0
IWM191025C153,2019-10-24,2019-10-24 09:37:31,1.93,0.8616,189,1.84,0.8214,118,1.95,0.8705,1,1.885,0.8415,3,0
IWM191025C153,2019-10-24,2019-10-24 09:37:32,1.93,0.8616,57,1.84,0.8214,205,1.95,0.8705,1,1.885,0.8415,3,0
IWM191025C153,2019-10-24,2019-10-24 09:37:32,1.93,0.8616,128,1.84,0.8214,156,1.95,0.8705,1,1.885,0.8415,3,0
IWM191025C153,2019-10-24,2019-10-24 09:37:33,1.93,0.8616,106,1.84,0.8214,195,1.95,0.8705,1,1.885,0.8415,3,0
IWM191025C153,2019-10-24,2019-10-24 09:37:33,1.93,0.8616,126,1.84,0.8214,195,1.95,0.8705,1,1.885,0.8415,3,0
IWM191025C153,2019-10-24,2019-10-24 09:37:34,1.93,0.8616,30,1.84,0.8214,53,1.95,0.8705,1,1.885,0.8415,3,0
IWM191025C153,2019-10-24,2019-10-24 09:37:34,1.93,0.8616,53,1.84,0.8214,262,1.95,0.8705,1,1.885,0.8415,3,0
IWM191025C153,2019-10-24,2019-10-24 09:37:35,1.93,0.8616,118,1.84,0.8214,58,1.95,0.8705,1,1.885,0.8415,3,0
IWM191025C153,2019-10-24,2019-10-24 09:37:35,1.93,0.8616,126,1.84,0.8214,58,1.95,0.8705,1,1.885,0.8415,3,0
IWM191025C153,2019-10-24,2019-10-24 09:37:36,1.93,0.8616,118,1.84,0.8214,31,1.95,0.8705,1,1.885,0.8415,3,0
IWM191025C153,2019-10-24,2019-10-24 09:37:36,1.93,0.8616,193,1.84,0.8214,31,1.95,0.8705,1,1.885,0.8415,3,0
IWM191025C153,2019-10-24,2019-10-24 09:37:37,1.93,0.8616,241,1.83,0.8169,32,1.95,0.8705,1,1.88,0.8392,3,0
IWM191025C153,2019-10-24,2019-10-24 09:37:37,1.93,0.8616,310,1.83,0.8169,32,1.95,0.8705,1,1.88,0.8392,3,0
IWM191025C153,2019-10-24,2019-10-24 09:37:38,1.93,0.8616,205,1.83,0.8169,70,1.95,0.8705,1,1.88,0.8392,3,0
IWM191025C153,2019-10-24,2019-10-24 09:37:38,1.91,0.8526,67,1.79,0.7991,35,1.95,0.8705,1,1.85,0.8258,3,0
IWM191025C153,2019-10-24,2019-10-24 09:37:39,1.91,0.8526,205,1.79,0.7991,56,1.95,0.8705,1,1.85,0.8258,3,0
IWM191025C153,2019-10-24,2019-10-24 09:37:40,1.91,0.8526,278,1.8,0.8035,84,1.95,0.8705,1,1.855,0.8281,3,0
IWM191025C153,2019-10-24,2019-10-24 09:37:40,1.91,0.8526,315,1.8,0.8035,84,1.95,0.8705,1,1.855,0.8281,3,0
IWM191025C153,2019-10-24,2019-10-24 09:37:41,1.91,0.8526,315,1.8,0.8035,100,1.95,0.8705,1,1.855,0.8281,3,0
IWM191025C153,2019-10-24,2019-10-24 09:37:42,1.91,0.8526,315,1.8,0.8035,100,1.95,0.8705,1,1.855,0.8281,3,0
IWM191025C153,2019-10-24,2019-10-24 09:37:43,1.91,0.8526,229,1.8,0.8035,62,1.95,0.8705,1,1.855,0.8281,3,0
IWM191025C153,2019-10-24,2019-10-24 09:37:44,1.91,0.8526,327,1.8,0.8035,20,1.95,0.8705,1,1.855,0.8281,3,0
IWM191025C153,2019-10-24,2019-10-24 09:37:44,1.88,0.8392,222,1.78,0.7946,33,1.95,0.8705,1,1.83,0.8169,3,0
IWM191025C153,2019-10-24,2019-10-24 09:37:45,1.88,0.8392,297,1.78,0.7946,36,1.95,0.8705,1,1.83,0.8169,3,0
IWM191025C153,2019-10-24,2019-10-24 09:37:45,1.88,0.8392,279,1.78,0.7946,33,1.95,0.8705,1,1.83,0.8169,3,0
IWM191025C153,2019-10-24,2019-10-24 09:37:46,1.88,0.8392,309,1.77,0.7901,34,1.95,0.8705,1,1.825,0.8147,3,0
IWM191025C153,2019-10-24,2019-10-24 09:37:46,1.88,0.8392,302,1.78,0.7946,23,1.95,0.8705,1,1.83,0.8169,3,0
IWM191025C153,2019-10-24,2019-10-24 09:37:47,1.88,0.8392,336,1.78,0.7946,34,1.95,0.8705,1,1.83,0.8169,3,0
IWM191025C153,2019-10-24,2019-10-24 09:37:47,1.88,0.8392,309,1.77,0.7901,34,1.95,0.8705,1,1.825,0.8147,3,0
IWM191025C153,2019-10-24,2019-10-24 09:37:48,1.88,0.8392,341,1.78,0.7946,20,1.95,0.8705,1,1.83,0.8169,3,0
IWM191025C153,2019-10-24,2019-10-24 09:37:49,1.86,0.8303,27,1.76,0.7857,20,1.95,0.8705,1,1.81,0.808,3,0
IWM191025C153,2019-10-24,2019-10-24 09:37:49,1.86,0.8303,113,1.75,0.7812,24,1.95,0.8705,1,1.805,0.8058,3,0
IWM191025C153,2019-10-24,2019-10-24 09:37:50,1.86,0.8303,123,1.76,0.7857,16,1.95,0.8705,1,1.81,0.808,3,0
IWM191025C153,2019-10-24,2019-10-24 09:37:50,1.86,0.8303,214,1.76,0.7857,79,1.95,0.8705,1,1.81,0.808,3,0
IWM191025C153,2019-10-24,2019-10-24 09:37:51,1.86,0.8303,214,1.77,0.7901,16,1.95,0.8705,1,1.815,0.8102,3,0
IWM191025C153,2019-10-24,2019-10-24 09:37:51,1.86,0.8303,214,1.77,0.7901,99,1.95,0.8705,1,1.815,0.8102,3,0
IWM191025C153,2019-10-24,2019-10-24 09:37:52,1.86,0.8303,188,1.77,0.7901,99,1.95,0.8705,1,1.815,0.8102,3,0
IWM191025C153,2019-10-24,2019-10-24 09:37:52,1.86,0.8303,214,1.77,0.7901,99,1.95,0.8705,1,1.815,0.8102,3,0
IWM191025C153,2019-10-24,2019-10-24 09:37:53,1.86,0.8303,79,1.78,0.7946,80,1.95,0.8705,1,1.82,0.8125,3,0
IWM191025C153,2019-10-24,2019-10-24 09:37:53,1.86,0.8303,188,1.77,0.7901,57,1.95,0.8705,1,1.815,0.8102,3,0
IWM191025C153,2019-10-24,2019-10-24 09:37:54,1.86,0.8303,55,1.78,0.7946,180,1.95,0.8705,1,1.82,0.8125,3,0
IWM191025C153,2019-10-24,2019-10-24 09:37:54,1.86,0.8303,65,1.78,0.7946,100,1.95,0.8705,1,1.82,0.8125,3,0
IWM191025C153,2019-10-24,2019-10-24 09:37:55,1.86,0.8303,128,1.78,0.7946,71,1.95,0.8705,1,1.82,0.8125,3,0
IWM191025C153,2019-10-24,2019-10-24 09:37:55,1.86,0.8303,126,1.78,0.7946,83,1.95,0.8705,1,1.82,0.8125,3,0
IWM191025C153,2019-10-24,2019-10-24 09:37:56,1.86,0.8303,194,1.78,0.7946,34,1.95,0.8705,1,1.82,0.8125,3,0
IWM191025C153,2019-10-24,2019-10-24 09:37:56,1.86,0.8303,126,1.78,0.7946,83,1.95,0.8705,1,1.82,0.8125,3,0
IWM191025C153,2019-10-24,2019-10-24 09:37:57,1.86,0.8303,130,1.78,0.7946,2,1.95,0.8705,1,1.82,0.8125,3,0
IWM191025C153,2019-10-24,2019-10-24 09:37:57,1.86,0.8303,130,1.78,0.7946,34,1.95,0.8705,1,1.82,0.8125,3,0
IWM191025C153,2019-10-24,2019-10-24 09:37:58,1.86,0.8303,207,1.77,0.7901,89,1.95,0.8705,1,1.815,0.8102,3,0
IWM191025C153,2019-10-24,2019-10-24 09:37:58,1.86,0.8303,125,1.77,0.7901,48,1.95,0.8705,1,1.815,0.8102,3,0
IWM191025C153,2019-10-24,2019-10-24 09:37:59,1.86,0.8303,140,1.77,0.7901,82,1.95,0.8705,1,1.815,0.8102,3,0
IWM191025C153,2019-10-24,2019-10-24 09:38:00,1.86,0.8303,162,1.76,0.7857,20,1.95,0.8705,1,1.81,0.808,3,0
IWM191025C153,2019-10-24,2019-10-24 09:38:00,1.86,0.8303,198,1.76,0.7857,20,1.95,0.8705,1,1.81,0.808,3,0
IWM191025C153,2019-10-24,2019-10-24 09:38:01,1.86,0.8303,162,1.76,0.7857,20,1.95,0.8705,1,1.81,0.808,3,0
IWM191025C153,2019-10-24,2019-10-24 09:38:02,1.86,0.8303,254,1.76,0.7857,38,1.95,0.8705,1,1.81,0.808,3,0
IWM191025C153,2019-10-24,2019-10-24 09:38:02,1.86,0.8303,254,1.76,0.7857,56,1.95,0.8705,1,1.81,0.808,3,0
IWM191025C153,2019-10-24,2019-10-24 09:38:03,1.86,0.8303,227,1.76,0.7857,28,1.95,0.8705,1,1.81,0.808,3,0
IWM191025C153,2019-10-24,2019-10-24 09:38:03,1.86,0.8303,227,1.76,0.7857,57,1.95,0.8705,1,1.81,0.808,3,0
IWM191025C153,2019-10-24,2019-10-24 09:38:04,1.86,0.8303,259,1.76,0.7857,59,1.95,0.8705,1,1.81,0.808,3,0
IWM191025C153,2019-10-24,2019-10-24 09:38:04,1.86,0.8303,227,1.76,0.7857,66,1.95,0.8705,1,1.81,0.808,3,0
IWM191025C153,2019-10-24,2019-10-24 09:38:05,1.86,0.8303,259,1.76,0.7857,59,1.95,0.8705,1,1.81,0.808,3,0
IWM191025C153,2019-10-24,2019-10-24 09:38:06,1.86,0.8303,140,1.76,0.7857,61,1.95,0.8705,1,1.81,0.808,3,0
IWM191025C153,2019-10-24,2019-10-24 09:38:06,1.86,0.8303,259,1.76,0.7857,34,1.95,0.8705,1,1.81,0.808,3,0
IWM191025C153,2019-10-24,2019-10-24 09:38:07,1.86,0.8303,120,1.76,0.7857,168,1.95,0.8705,1,1.81,0.808,3,0
IWM191025C153,2019-10-24,2019-10-24 09:38:07,1.86,0.8303,140,1.76,0.7857,61,1.95,0.8705,1,1.81,0.808,3,0
IWM191025C153,2019-10-24,2019-10-24 09:38:08,1.86,0.8303,120,1.76,0.7857,168,1.95,0.8705,1,1.81,0.808,3,0
IWM191025C153,2019-10-24,2019-10-24 09:38:08,1.86,0.8303,100,1.77,0.7901,90,1.95,0.8705,1,1.815,0.8102,3,0
IWM191025C153,2019-10-24,2019-10-24 09:38:09,1.86,0.8303,68,1.77,0.7901,189,1.95,0.8705,1,1.815,0.8102,3,0
IWM191025C153,2019-10-24,2019-10-24 09:38:09,1.86,0.8303,100,1.77,0.7901,90,1.95,0.8705,1,1.815,0.8102,3,0
IWM191025C153,2019-10-24,2019-10-24 09:38:10,1.86,0.8303,71,1.77,0.7901,190,1.95,0.8705,1,1.815,0.8102,3,0
IWM191025C153,2019-10-24,2019-10-24 09:38:10,1.86,0.8303,82,1.77,0.7901,125,1.95,0.8705,1,1.815,0.8102,3,0
IWM191025C153,2019-10-24,2019-10-24 09:38:11,1.86,0.8303,151,1.77,0.7901,43,1.95,0.8705,1,1.815,0.8102,3,0
IWM191025C153,2019-10-24,2019-10-24 09:38:11,1.86,0.8303,95,1.77,0.7901,31,1.95,0.8705,1,1.815,0.8102,3,0
IWM191025C153,2019-10-24,2019-10-24 09:38:12,1.86,0.8303,151,1.76,0.7857,20,1.95,0.8705,1,1.81,0.808,3,0
IWM191025C153,2019-10-24,2019-10-24 09:38:12,1.86,0.8303,122,1.76,0.7857,20,1.95,0.8705,1,1.81,0.808,3,0
IWM191025C153,2019-10-24,2019-10-24 09:38:13,1.85,0.8258,294,1.75,0.7812,62,1.95,0.8705,1,1.8,0.8035,3,0
IWM191025C153,2019-10-24,2019-10-24 09:38:13,1.86,0.8303,195,1.75,0.7812,49,1.95,0.8705,1,1.805,0.8058,3,0
IWM191025C153,2019-10-24,2019-10-24 09:38:14,1.85,0.8258,303,1.75,0.7812,62,1.95,0.8705,1,1.8,0.8035,3,0
IWM191025C153,2019-10-24,2019-10-24 09:38:15,1.85,0.8258,111,1.76,0.7857,101,1.95,0.8705,1,1.805,0.8058,3,0
IWM191025C153,2019-10-24,2019-10-24 09:38:15,1.85,0.8258,223,1.75,0.7812,122,1.95,0.8705,1,1.8,0.8035,3,0
IWM191025C153,2019-10-24,2019-10-24 09:38:16,1.85,0.8258,207,1.76,0.7857,32,1.95,0.8705,1,1.805,0.8058,3,0
IWM191025C153,2019-10-24,2019-10-24 09:38:16,1.85,0.8258,111,1.76,0.7857,26,1.95,0.8705,1,1.805,0.8058,3,0
IWM191025C153,2019-10-24,2019-10-24 09:38:17,1.85,0.8258,268,1.75,0.7812,96,1.95,0.8705,1,1.8,0.8035,3,0
IWM191025C153,2019-10-24,2019-10-24 09:38:17,1.85,0.8258,245,1.75,0.7812,76,1.95,0.8705,1,1.8,0.8035,3,0
IWM191025C153,2019-10-24,2019-10-24 09:38:18,1.85,0.8258,190,1.75,0.7812,73,1.95,0.8705,1,1.8,0.8035,3,0
IWM191025C153,2019-10-24,2019-10-24 09:38:18,1.85,0.8258,268,1.75,0.7812,111,1.95,0.8705,1,1.8,0.8035,3,0
IWM191025C153,2019-10-24,2019-10-24 09:38:19,1.85,0.8258,231,1.75,0.7812,20,1.95,0.8705,1,1.8,0.8035,3,0
IWM191025C153,2019-10-24,2019-10-24 09:38:19,1.85,0.8258,277,1.75,0.7812,20,1.95,0.8705,1,1.8,0.8035,3,0
IWM191025C153,2019-10-24,2019-10-24 09:38:20,1.85,0.8258,277,1.75,0.7812,20,1.95,0.8705,1,1.8,0.8035,3,0
IWM191025C153,2019-10-24,2019-10-24 09:38:20,1.85,0.8258,231,1.74,0.7767,87,1.95,0.8705,1,1.795,0.8013,3,0
IWM191025C153,2019-10-24,2019-10-24 09:38:21,1.85,0.8258,319,1.75,0.7812,37,1.95,0.8705,1,1.8,0.8035,3,0
IWM191025C153,2019-10-24,2019-10-24 09:38:22,1.85,0.8258,187,1.75,0.7812,154,1.95,0.8705,1,1.8,0.8035,3,0
IWM191025C153,2019-10-24,2019-10-24 09:38:22,1.85,0.8258,229,1.75,0.7812,62,1.95,0.8705,1,1.8,0.8035,3,0
IWM191025C153,2019-10-24,2019-10-24 09:38:23,1.85,0.8258,147,1.75,0.7812,154,1.95,0.8705,1,1.8,0.8035,3,0
IWM191025C153,2019-10-24,2019-10-24 09:38:23,1.85,0.8258,187,1.75,0.7812,154,1.95,0.8705,1,1.8,0.8035,3,0
IWM191025C153,2019-10-24,2019-10-24 09:38:24,1.85,0.8258,180,1.75,0.7812,74,1.95,0.8705,1,1.8,0.8035,3,0
IWM191025C153,2019-10-24,2019-10-24 09:38:24,1.85,0.8258,134,1.75,0.7812,61,1.95,0.8705,1,1.8,0.8035,3,0
IWM191025C153,2019-10-24,2019-10-24 09:38:25,1.85,0.8258,129,1.75,0.7812,151,1.95,0.8705,1,1.8,0.8035,3,0
IWM191025C153,2019-10-24,2019-10-24 09:38:26,1.85,0.8258,152,1.75,0.7812,111,1.95,0.8705,1,1.8,0.8035,3,0
IWM191025C153,2019-10-24,2019-10-24 09:38:26,1.85,0.8258,231,1.75,0.7812,111,1.95,0.8705,1,1.8,0.8035,3,0
IWM191025C153,2019-10-24,2019-10-24 09:38:27,1.85,0.8258,167,1.75,0.7812,118,1.95,0.8705,1,1.8,0.8035,3,0
IWM191025C153,2019-10-24,2019-10-24 09:38:27,1.85,0.8258,231,1.75,0.7812,111,1.95,0.8705,1,1.8,0.8035,3,0
IWM191025C153,2019-10-24,2019-10-24 09:38:28,1.85,0.8258,237,1.74,0.7767,71,1.95,0.8705,1,1.795,0.8013,3,0
IWM191025C153,2019-10-24,2019-10-24 09:38:28,1.85,0.8258,135,1.74,0.7767,41,1.95,0.8705,1,1.795,0.8013,3,0
IWM191025C153,2019-10-24,2019-10-24 09:38:29,1.83,0.8169,242,1.73,0.7723,44,1.95,0.8705,1,1.78,0.7946,3,0
IWM191025C153,2019-10-24,2019-10-24 09:38:30,1.83,0.8169,308,1.73,0.7723,14,1.95,0.8705,1,1.78,0.7946,3,0
IWM191025C153,2019-10-24,2019-10-24 09:38:30,1.83,0.8169,268,1.73,0.7723,76,1.95,0.8705,1,1.78,0.7946,3,0
IWM191025C153,2019-10-24,2019-10-24 09:38:31,1.82,0.8125,179,1.72,0.7678,24,1.95,0.8705,1,1.77,0.7901,3,0
IWM191025C153,2019-10-24,2019-10-24 09:38:31,1.83,0.8169,308,1.72,0.7678,83,1.95,0.8705,1,1.775,0.7924,3,0
IWM191025C153,2019-10-24,2019-10-24 09:38:32,1.77,0.7901,45,1.72,0.7678,31,1.95,0.8705,1,1.745,0.779,3,0
IWM191025C153,2019-10-24,2019-10-24 09:38:32,1.82,0.8125,328,1.72,0.7678,20,1.95,0.8705,1,1.77,0.7901,3,0
IWM191025C153,2019-10-24,2019-10-24 09:38:33,1.77,0.7901,22,1.73,0.7723,11,1.95,0.8705,1,1.75,0.7812,3,0
IWM191025C153,2019-10-24,2019-10-24 09:38:34,1.77,0.7901,21,1.73,0.7723,11,1.95,0.8705,1,1.75,0.7812,3,0
IWM191025C153,2019-10-24,2019-10-24 09:38:34,1.76,0.7857,11,1.71,0.7633,29,1.95,0.8705,1,1.735,0.7745,3,0
IWM191025C153,2019-10-24,2019-10-24 09:38:35,1.75,0.7812,11,1.71,0.7633,3,1.95,0.8705,1,1.73,0.7723,3,0
IWM191025C153,2019-10-24,2019-10-24 09:38:35,1.75,0.7812,30,1.7,0.7589,87,1.95,0.8705,1,1.725,0.77,3,0
IWM191025C153,2019-10-24,2019-10-24 09:38:36,1.75,0.7812,35,1.7,0.7589,70,1.95,0.8705,1,1.725,0.77,3,0
IWM191025C153,2019-10-24,2019-10-24 09:38:36,1.75,0.7812,11,1.7,0.7589,101,1.95,0.8705,1,1.725,0.77,3,0
IWM191025C153,2019-10-24,2019-10-24 09:38:37,1.75,0.7812,20,1.7,0.7589,63,1.95,0.8705,1,1.725,0.77,3,0
IWM191025C153,2019-10-24,2019-10-24 09:38:38,1.75,0.7812,10,1.7,0.7589,63,1.95,0.8705,1,1.725,0.77,3,0
IWM191025C153,2019-10-24,2019-10-24 09:38:38,1.76,0.7857,26,1.7,0.7589,63,1.95,0.8705,1,1.73,0.7723,3,0
IWM191025C153,2019-10-24,2019-10-24 09:38:39,1.76,0.7857,4,1.71,0.7633,34,1.95,0.8705,1,1.735,0.7745,3,0
IWM191025C153,2019-10-24,2019-10-24 09:38:39,1.77,0.7901,22,1.72,0.7678,25,1.95,0.8705,1,1.745,0.779,3,0
IWM191025C153,2019-10-24,2019-10-24 09:38:40,1.76,0.7857,33,1.71,0.7633,46,1.95,0.8705,1,1.735,0.7745,3,0
IWM191025C153,2019-10-24,2019-10-24 09:38:40,1.77,0.7901,22,1.71,0.7633,11,1.95,0.8705,1,1.74,0.7767,3,0
IWM191025C153,2019-10-24,2019-10-24 09:38:41,1.77,0.7901,22,1.71,0.7633,56,1.95,0.8705,1,1.74,0.7767,3,0
IWM191025C153,2019-10-24,2019-10-24 09:38:41,1.77,0.7901,26,1.71,0.7633,56,1.95,0.8705,1,1.74,0.7767,3,0
IWM191025C153,2019-10-24,2019-10-24 09:38:42,1.77,0.7901,26,1.71,0.7633,56,1.95,0.8705,1,1.74,0.7767,3,0
IWM191025C153,2019-10-24,2019-10-24 09:38:42,1.77,0.7901,10,1.73,0.7723,16,1.95,0.8705,1,1.75,0.7812,3,0
IWM191025C153,2019-10-24,2019-10-24 09:38:43,1.76,0.7857,16,1.72,0.7678,11,1.95,0.8705,1,1.74,0.7767,3,0
IWM191025C153,2019-10-24,2019-10-24 09:38:43,1.78,0.7946,11,1.73,0.7723,16,1.95,0.8705,1,1.755,0.7834,3,0
IWM191025C153,2019-10-24,2019-10-24 09:38:44,1.76,0.7857,16,1.72,0.7678,11,1.95,0.8705,1,1.74,0.7767,3,0
IWM191025C153,2019-10-24,2019-10-24 09:38:45,1.76,0.7857,32,1.72,0.7678,11,1.95,0.8705,1,1.74,0.7767,3,0
IWM191025C153,2019-10-24,2019-10-24 09:38:45,1.76,0.7857,11,1.72,0.7678,11,1.95,0.8705,1,1.74,0.7767,3,0
IWM191025C153,2019-10-24,2019-10-24 09:38:46,1.76,0.7857,32,1.71,0.7633,28,1.95,0.8705,1,1.735,0.7745,3,0
IWM191025C153,2019-10-24,2019-10-24 09:38:47,1.75,0.7812,30,1.7,0.7589,43,1.95,0.8705,1,1.725,0.77,3,0
IWM191025C153,2019-10-24,2019-10-24 09:38:47,1.75,0.7812,46,1.7,0.7589,43,1.95,0.8705,1,1.725,0.77,3,0
IWM191025C153,2019-10-24,2019-10-24 09:38:48,1.75,0.7812,36,1.7,0.7589,43,1.95,0.8705,1,1.725,0.77,3,0
IWM191025C153,2019-10-24,2019-10-24 09:38:48,1.75,0.7812,11,1.7,0.7589,31,1.95,0.8705,1,1.725,0.77,3,0
IWM191025C153,2019-10-24,2019-10-24 09:38:49,1.75,0.7812,35,1.7,0.7589,31,1.95,0.8705,1,1.725,0.77,3,0
IWM191025C153,2019-10-24,2019-10-24 09:38:49,1.75,0.7812,35,1.7,0.7589,32,1.95,0.8705,1,1.725,0.77,3,0
IWM191025C153,2019-10-24,2019-10-24 09:38:50,1.74,0.7767,35,1.69,0.7544,1,1.95,0.8705,1,1.715,0.7656,3,0
IWM191025C153,2019-10-24,2019-10-24 09:38:50,1.74,0.7767,11,1.69,0.7544,11,1.95,0.8705,1,1.715,0.7656,3,0
IWM191025C153,2019-10-24,2019-10-24 09:38:51,1.73,0.7723,42,1.68,0.75,21,1.95,0.8705,1,1.705,0.7611,3,0
IWM191025C153,2019-10-24,2019-10-24 09:38:51,1.73,0.7723,11,1.69,0.7544,10,1.95,0.8705,1,1.71,0.7633,3,0
IWM191025C153,2019-10-24,2019-10-24 09:38:52,1.73,0.7723,60,1.68,0.75,11,1.95,0.8705,1,1.705,0.7611,3,0
IWM191025C153,2019-10-24,2019-10-24 09:38:52,1.73,0.7723,60,1.68,0.75,21,1.95,0.8705,1,1.705,0.7611,3,0
IWM191025C153,2019-10-24,2019-10-24 09:38:53,1.73,0.7723,10,1.68,0.75,11,1.95,0.8705,1,1.705,0.7611,3,0
IWM191025C153,2019-10-24,2019-10-24 09:38:53,1.72,0.7678,11,1.68,0.75,11,1.95,0.8705,1,1.7,0.7589,3,0
IWM191025C153,2019-10-24,2019-10-24 09:38:54,1.72,0.7678,45,1.67,0.7455,45,1.95,0.8705,1,1.695,0.7566,3,0
IWM191025C153,2019-10-24,2019-10-24 09:38:54,1.72,0.7678,11,1.68,0.75,10,1.95,0.8705,1,1.7,0.7589,3,0
IWM191025C153,2019-10-24,2019-10-24 09:38:55,1.72,0.7678,65,1.67,0.7455,73,1.95,0.8705,1,1.695,0.7566,3,0
IWM191025C153,2019-10-24,2019-10-24 09:38:55,1.72,0.7678,55,1.67,0.7455,73,1.95,0.8705,1,1.695,0.7566,3,0
IWM191025C153,2019-10-24,2019-10-24 09:38:56,1.72,0.7678,65,1.67,0.7455,73,1.95,0.8705,1,1.695,0.7566,3,0
IWM191025C153,2019-10-24,2019-10-24 09:38:57,1.72,0.7678,55,1.67,0.7455,58,1.95,0.8705,1,1.695,0.7566,3,0
IWM191025C153,2019-10-24,2019-10-24 09:38:58,1.73,0.7723,25,1.68,0.75,45,1.95,0.8705,1,1.705,0.7611,3,0
IWM191025C153,2019-10-24,2019-10-24 09:38:59,1.72,0.7678,22,1.67,0.7455,31,1.95,0.8705,1,1.695,0.7566,3,0
IWM191025C153,2019-10-24,2019-10-24 09:38:59,1.73,0.7723,20,1.68,0.75,45,1.95,0.8705,1,1.705,0.7611,3,0
IWM191025C153,2019-10-24,2019-10-24 09:39:00,1.71,0.7633,11,1.67,0.7455,31,1.95,0.8705,1,1.69,0.7544,3,0
IWM191025C153,2019-10-24,2019-10-24 09:39:00,1.7,0.7589,20,1.65,0.7366,35,1.95,0.8705,1,1.675,0.7477,3,0
IWM191025C153,2019-10-24,2019-10-24 09:39:01,1.69,0.7544,30,1.65,0.7366,35,1.95,0.8705,1,1.67,0.7455,3,0
IWM191025C153,2019-10-24,2019-10-24 09:39:01,1.69,0.7544,32,1.65,0.7366,35,1.95,0.8705,1,1.67,0.7455,3,0
IWM191025C153,2019-10-24,2019-10-24 09:39:02,1.7,0.7589,30,1.65,0.7366,61,1.95,0.8705,1,1.675,0.7477,3,0
IWM191025C153,2019-10-24,2019-10-24 09:39:02,1.7,0.7589,11,1.65,0.7366,48,1.95,0.8705,1,1.675,0.7477,3,0
IWM191025C153,2019-10-24,2019-10-24 09:39:03,1.72,0.7678,3,1.67,0.7455,11,1.95,0.8705,1,1.695,0.7566,3,0
IWM191025C153,2019-10-24,2019-10-24 09:39:03,1.76,0.7857,3,1.68,0.75,42,1.95,0.8705,1,1.72,0.7678,3,0
IWM191025C153,2019-10-24,2019-10-24 09:39:04,1.72,0.7678,11,1.68,0.75,21,1.95,0.8705,1,1.7,0.7589,3,0
IWM191025C153,2019-10-24,2019-10-24 09:39:04,1.74,0.7767,22,1.69,0.7544,11,1.95,0.8705,1,1.715,0.7656,3,0
IWM191025C153,2019-10-24,2019-10-24 09:39:05,1.73,0.7723,29,1.67,0.7455,53,1.95,0.8705,1,1.7,0.7589,3,0
IWM191025C153,2019-10-24,2019-10-24 09:39:06,1.73,0.7723,29,1.67,0.7455,20,1.95,0.8705,1,1.7,0.7589,3,0
IWM191025C153,2019-10-24,2019-10-24 09:39:06,1.72,0.7678,20,1.67,0.7455,31,1.95,0.8705,1,1.695,0.7566,3,0
IWM191025C153,2019-10-24,2019-10-24 09:39:07,1.72,0.7678,2,1.67,0.7455,31,1.95,0.8705,1,1.695,0.7566,3,0
IWM191025C153,2019-10-24,2019-10-24 09:39:07,1.74,0.7767,11,1.69,0.7544,22,1.95,0.8705,1,1.715,0.7656,3,0
IWM191025C153,2019-10-24,2019-10-24 09:39:08,1.73,0.7723,11,1.68,0.75,67,1.95,0.8705,1,1.705,0.7611,3,0
IWM191025C153,2019-10-24,2019-10-24 09:39:08,1.74,0.7767,11,1.69,0.7544,25,1.95,0.8705,1,1.715,0.7656,3,0
IWM191025C153,2019-10-24,2019-10-24 09:39:09,1.73,0.7723,20,1.67,0.7455,40,1.95,0.8705,1,1.7,0.7589,3,0
IWM191025C153,2019-10-24,2019-10-24 09:39:09,1.73,0.7723,31,1.68,0.75,20,1.95,0.8705,1,1.705,0.7611,3,0
IWM191025C153,2019-10-24,2019-10-24 09:39:10,1.72,0.7678,11,1.67,0.7455,10,1.95,0.8705,1,1.695,0.7566,3,0
