symbol,Date,quote_time,ask_price,norm_ask_price,ask_size,bid_price,norm_bid_price,bid_size,last_trade_price,norm_last_trade_price,last_trade_size,mark_price,norm_mark_price,volume,Volume
IWM191018P151,2019-10-16,2019-10-16 09:30:00,0.91,1.0,25,0.79,0.8681,25,0.76,0.8351,33,0.85,0.934,0,0
IWM191018P151,2019-10-16,2019-10-16 09:30:00,0.91,1.0,25,0.77,0.8461,125,0.76,0.8351,33,0.84,0.923,0,0
IWM191018P151,2019-10-16,2019-10-16 09:30:01,0.91,1.0,25,0.8,0.8791,25,0.76,0.8351,33,0.855,0.9395,1,1
IWM191018P151,2019-10-16,2019-10-16 09:30:01,0.91,1.0,25,0.8,0.8791,25,0.88,0.967,1,0.855,0.9395,1,0
IWM191018P151,2019-10-16,2019-10-16 09:30:02,0.91,1.0,25,0.8,0.8791,25,0.88,0.967,1,0.855,0.9395,1,0
IWM191018P151,2019-10-16,2019-10-16 09:30:02,0.92,1.0109,25,0.81,0.8901,25,0.88,0.967,1,0.865,0.9505,1,0
IWM191018P151,2019-10-16,2019-10-16 09:30:03,0.92,1.0109,25,0.81,0.8901,25,0.88,0.967,1,0.865,0.9505,1,0
IWM191018P151,2019-10-16,2019-10-16 09:30:03,0.91,1.0,75,0.82,0.901,75,0.88,0.967,1,0.865,0.9505,1,0
IWM191018P151,2019-10-16,2019-10-16 09:30:04,0.9,0.989,148,0.82,0.901,75,0.88,0.967,1,0.86,0.945,1,0
IWM191018P151,2019-10-16,2019-10-16 09:30:04,0.91,1.0,75,0.82,0.901,75,0.88,0.967,1,0.865,0.9505,1,0
IWM191018P151,2019-10-16,2019-10-16 09:30:05,0.9,0.989,148,0.82,0.901,75,0.88,0.967,1,0.86,0.945,1,0
IWM191018P151,2019-10-16,2019-10-16 09:30:06,0.89,0.978,25,0.82,0.901,75,0.88,0.967,1,0.855,0.9395,1,0
IWM191018P151,2019-10-16,2019-10-16 09:30:06,0.9,0.989,281,0.82,0.901,91,0.88,0.967,1,0.86,0.945,1,0
IWM191018P151,2019-10-16,2019-10-16 09:30:07,0.89,0.978,117,0.81,0.8901,199,0.88,0.967,1,0.85,0.934,1,0
IWM191018P151,2019-10-16,2019-10-16 09:30:07,0.89,0.978,25,0.81,0.8901,75,0.88,0.967,1,0.85,0.934,1,0
IWM191018P151,2019-10-16,2019-10-16 09:30:08,0.89,0.978,117,0.82,0.901,75,0.88,0.967,1,0.855,0.9395,1,0
IWM191018P151,2019-10-16,2019-10-16 09:30:08,0.89,0.978,75,0.82,0.901,75,0.88,0.967,1,0.855,0.9395,1,0
IWM191018P151,2019-10-16,2019-10-16 09:30:09,0.89,0.978,75,0.82,0.901,75,0.88,0.967,1,0.855,0.9395,1,0
IWM191018P151,2019-10-16,2019-10-16 09:30:09,0.89,0.978,75,0.81,0.8901,75,0.88,0.967,1,0.85,0.934,1,0
IWM191018P151,2019-10-16,2019-10-16 09:30:10,0.89,0.978,75,0.82,0.901,2,0.88,0.967,1,0.855,0.9395,1,0
IWM191018P151,2019-10-16,2019-10-16 09:30:10,0.88,0.967,75,0.81,0.8901,2,0.88,0.967,1,0.845,0.9285,1,0
IWM191018P151,2019-10-16,2019-10-16 09:30:11,0.84,0.923,37,0.78,0.8571,10,0.88,0.967,1,0.81,0.8901,1,0
IWM191018P151,2019-10-16,2019-10-16 09:30:11,0.87,0.956,114,0.81,0.8901,2,0.88,0.967,1,0.84,0.923,1,0
IWM191018P151,2019-10-16,2019-10-16 09:30:12,0.84,0.923,37,0.75,0.8241,25,0.88,0.967,1,0.795,0.8736,1,0
IWM191018P151,2019-10-16,2019-10-16 09:30:13,0.84,0.923,15,0.77,0.8461,10,0.88,0.967,1,0.805,0.8846,1,0
IWM191018P151,2019-10-16,2019-10-16 09:30:13,0.84,0.923,113,0.77,0.8461,10,0.88,0.967,1,0.805,0.8846,1,0
IWM191018P151,2019-10-16,2019-10-16 09:30:14,0.85,0.934,290,0.77,0.8461,15,0.88,0.967,1,0.81,0.8901,1,0
IWM191018P151,2019-10-16,2019-10-16 09:30:14,0.84,0.923,15,0.77,0.8461,3,0.88,0.967,1,0.805,0.8846,1,0
IWM191018P151,2019-10-16,2019-10-16 09:30:15,0.84,0.923,15,0.77,0.8461,20,0.88,0.967,1,0.805,0.8846,1,0
IWM191018P151,2019-10-16,2019-10-16 09:30:15,0.84,0.923,15,0.77,0.8461,10,0.88,0.967,1,0.805,0.8846,1,0
IWM191018P151,2019-10-16,2019-10-16 09:30:16,0.84,0.923,15,0.77,0.8461,10,0.88,0.967,1,0.805,0.8846,1,0
IWM191018P151,2019-10-16,2019-10-16 09:30:16,0.83,0.912,15,0.75,0.8241,15,0.88,0.967,1,0.79,0.8681,1,0
IWM191018P151,2019-10-16,2019-10-16 09:30:17,0.83,0.912,187,0.76,0.8351,119,0.88,0.967,1,0.795,0.8736,1,0
IWM191018P151,2019-10-16,2019-10-16 09:30:17,0.83,0.912,10,0.75,0.8241,247,0.88,0.967,1,0.79,0.8681,1,0
IWM191018P151,2019-10-16,2019-10-16 09:30:18,0.83,0.912,34,0.75,0.8241,15,0.88,0.967,1,0.79,0.8681,1,0
IWM191018P151,2019-10-16,2019-10-16 09:30:18,0.83,0.912,10,0.75,0.8241,211,0.88,0.967,1,0.79,0.8681,1,0
IWM191018P151,2019-10-16,2019-10-16 09:30:19,0.83,0.912,41,0.77,0.8461,379,0.8,0.8791,1,0.8,0.8791,2,0
IWM191018P151,2019-10-16,2019-10-16 09:30:19,0.84,0.923,118,0.76,0.8351,90,0.8,0.8791,1,0.8,0.8791,2,1
IWM191018P151,2019-10-16,2019-10-16 09:30:20,0.8,0.8791,1,0.78,0.8571,75,0.8,0.8791,1,0.79,0.8681,2,0
IWM191018P151,2019-10-16,2019-10-16 09:30:20,0.8,0.8791,1,0.75,0.8241,92,0.8,0.8791,1,0.775,0.8516,2,0
IWM191018P151,2019-10-16,2019-10-16 09:30:21,0.8,0.8791,1,0.78,0.8571,400,0.8,0.8791,1,0.79,0.8681,2,0
IWM191018P151,2019-10-16,2019-10-16 09:30:21,0.84,0.923,1,0.78,0.8571,400,0.8,0.8791,1,0.81,0.8901,2,0
IWM191018P151,2019-10-16,2019-10-16 09:30:22,0.85,0.934,98,0.78,0.8571,400,0.8,0.8791,1,0.815,0.8956,2,0
IWM191018P151,2019-10-16,2019-10-16 09:30:22,0.84,0.923,347,0.77,0.8461,224,0.8,0.8791,1,0.805,0.8846,2,0
IWM191018P151,2019-10-16,2019-10-16 09:30:23,0.84,0.923,347,0.77,0.8461,166,0.8,0.8791,1,0.805,0.8846,2,0
IWM191018P151,2019-10-16,2019-10-16 09:30:23,0.83,0.912,150,0.77,0.8461,166,0.8,0.8791,1,0.8,0.8791,2,0
IWM191018P151,2019-10-16,2019-10-16 09:30:24,0.83,0.912,287,0.77,0.8461,84,0.8,0.8791,1,0.8,0.8791,2,0
IWM191018P151,2019-10-16,2019-10-16 09:30:24,0.83,0.912,387,0.76,0.8351,75,0.8,0.8791,1,0.795,0.8736,2,0
IWM191018P151,2019-10-16,2019-10-16 09:30:25,0.83,0.912,57,0.77,0.8461,178,0.8,0.8791,1,0.8,0.8791,2,0
IWM191018P151,2019-10-16,2019-10-16 09:30:25,0.83,0.912,287,0.77,0.8461,84,0.8,0.8791,1,0.8,0.8791,2,0
IWM191018P151,2019-10-16,2019-10-16 09:30:26,0.83,0.912,37,0.78,0.8571,205,0.8,0.8791,1,0.805,0.8846,2,0
IWM191018P151,2019-10-16,2019-10-16 09:30:26,0.83,0.912,57,0.77,0.8461,178,0.8,0.8791,1,0.8,0.8791,2,0
IWM191018P151,2019-10-16,2019-10-16 09:30:27,0.83,0.912,75,0.78,0.8571,82,0.8,0.8791,1,0.805,0.8846,2,0
IWM191018P151,2019-10-16,2019-10-16 09:30:27,0.83,0.912,75,0.78,0.8571,131,0.8,0.8791,1,0.805,0.8846,2,0
IWM191018P151,2019-10-16,2019-10-16 09:30:28,0.83,0.912,75,0.78,0.8571,82,0.8,0.8791,1,0.805,0.8846,2,0
IWM191018P151,2019-10-16,2019-10-16 09:30:29,0.83,0.912,75,0.78,0.8571,131,0.8,0.8791,1,0.805,0.8846,2,0
IWM191018P151,2019-10-16,2019-10-16 09:30:29,0.83,0.912,20,0.78,0.8571,270,0.8,0.8791,1,0.805,0.8846,2,0
IWM191018P151,2019-10-16,2019-10-16 09:30:30,0.83,0.912,20,0.78,0.8571,270,0.8,0.8791,1,0.805,0.8846,2,0
IWM191018P151,2019-10-16,2019-10-16 09:30:30,0.84,0.923,188,0.78,0.8571,270,0.8,0.8791,1,0.81,0.8901,2,0
IWM191018P151,2019-10-16,2019-10-16 09:30:31,0.84,0.923,208,0.78,0.8571,86,0.8,0.8791,1,0.81,0.8901,2,0
IWM191018P151,2019-10-16,2019-10-16 09:30:32,0.83,0.912,1,0.78,0.8571,86,0.8,0.8791,1,0.805,0.8846,2,0
IWM191018P151,2019-10-16,2019-10-16 09:30:32,0.83,0.912,75,0.78,0.8571,86,0.8,0.8791,1,0.805,0.8846,2,0
IWM191018P151,2019-10-16,2019-10-16 09:30:33,0.83,0.912,75,0.78,0.8571,133,0.8,0.8791,1,0.805,0.8846,2,0
IWM191018P151,2019-10-16,2019-10-16 09:30:33,0.83,0.912,1,0.78,0.8571,86,0.8,0.8791,1,0.805,0.8846,2,0
IWM191018P151,2019-10-16,2019-10-16 09:30:34,0.83,0.912,75,0.78,0.8571,133,0.8,0.8791,1,0.805,0.8846,2,0
IWM191018P151,2019-10-16,2019-10-16 09:30:35,0.83,0.912,10,0.78,0.8571,133,0.8,0.8791,1,0.805,0.8846,2,0
IWM191018P151,2019-10-16,2019-10-16 09:30:35,0.84,0.923,320,0.78,0.8571,217,0.8,0.8791,1,0.81,0.8901,2,0
IWM191018P151,2019-10-16,2019-10-16 09:30:36,0.84,0.923,218,0.78,0.8571,217,0.81,0.8901,20,0.81,0.8901,22,20
IWM191018P151,2019-10-16,2019-10-16 09:30:36,0.84,0.923,127,0.79,0.8681,81,0.81,0.8901,20,0.815,0.8956,22,0
IWM191018P151,2019-10-16,2019-10-16 09:30:37,0.84,0.923,30,0.79,0.8681,40,0.81,0.8901,20,0.815,0.8956,22,0
IWM191018P151,2019-10-16,2019-10-16 09:30:37,0.84,0.923,127,0.8,0.8791,75,0.81,0.8901,20,0.82,0.901,22,0
IWM191018P151,2019-10-16,2019-10-16 09:30:38,0.84,0.923,46,0.79,0.8681,127,0.81,0.8901,20,0.815,0.8956,22,0
IWM191018P151,2019-10-16,2019-10-16 09:30:38,0.84,0.923,36,0.8,0.8791,75,0.81,0.8901,20,0.82,0.901,22,0
IWM191018P151,2019-10-16,2019-10-16 09:30:39,0.84,0.923,36,0.8,0.8791,75,0.81,0.8901,20,0.82,0.901,22,0
IWM191018P151,2019-10-16,2019-10-16 09:30:39,0.84,0.923,26,0.8,0.8791,75,0.81,0.8901,20,0.82,0.901,22,0
IWM191018P151,2019-10-16,2019-10-16 09:30:40,0.84,0.923,36,0.8,0.8791,75,0.81,0.8901,20,0.82,0.901,22,0
IWM191018P151,2019-10-16,2019-10-16 09:30:40,0.84,0.923,75,0.79,0.8681,184,0.81,0.8901,20,0.815,0.8956,22,0
IWM191018P151,2019-10-16,2019-10-16 09:30:41,0.84,0.923,161,0.79,0.8681,87,0.81,0.8901,20,0.815,0.8956,22,0
IWM191018P151,2019-10-16,2019-10-16 09:30:41,0.84,0.923,75,0.79,0.8681,87,0.81,0.8901,20,0.815,0.8956,22,0
IWM191018P151,2019-10-16,2019-10-16 09:30:42,0.84,0.923,83,0.79,0.8681,87,0.81,0.8901,20,0.815,0.8956,22,0
IWM191018P151,2019-10-16,2019-10-16 09:30:42,0.83,0.912,20,0.79,0.8681,79,0.81,0.8901,20,0.81,0.8901,22,0
IWM191018P151,2019-10-16,2019-10-16 09:30:43,0.84,0.923,92,0.79,0.8681,79,0.81,0.8901,20,0.815,0.8956,22,0
IWM191018P151,2019-10-16,2019-10-16 09:30:44,0.84,0.923,172,0.78,0.8571,132,0.81,0.8901,20,0.81,0.8901,22,0
IWM191018P151,2019-10-16,2019-10-16 09:30:44,0.84,0.923,177,0.79,0.8681,75,0.81,0.8901,20,0.815,0.8956,22,0
IWM191018P151,2019-10-16,2019-10-16 09:30:45,0.84,0.923,36,0.79,0.8681,83,0.81,0.8901,20,0.815,0.8956,22,0
IWM191018P151,2019-10-16,2019-10-16 09:30:45,0.84,0.923,177,0.79,0.8681,75,0.81,0.8901,20,0.815,0.8956,22,0
IWM191018P151,2019-10-16,2019-10-16 09:30:46,0.84,0.923,75,0.79,0.8681,162,0.81,0.8901,20,0.815,0.8956,22,0
IWM191018P151,2019-10-16,2019-10-16 09:30:46,0.84,0.923,36,0.79,0.8681,162,0.81,0.8901,20,0.815,0.8956,22,0
IWM191018P151,2019-10-16,2019-10-16 09:30:47,0.84,0.923,75,0.79,0.8681,83,0.81,0.8901,20,0.815,0.8956,22,0
IWM191018P151,2019-10-16,2019-10-16 09:30:47,0.84,0.923,75,0.79,0.8681,162,0.81,0.8901,20,0.815,0.8956,22,0
IWM191018P151,2019-10-16,2019-10-16 09:30:48,0.84,0.923,213,0.79,0.8681,83,0.81,0.8901,20,0.815,0.8956,22,0
IWM191018P151,2019-10-16,2019-10-16 09:30:48,0.83,0.912,127,0.77,0.8461,100,0.81,0.8901,20,0.8,0.8791,22,0
IWM191018P151,2019-10-16,2019-10-16 09:30:49,0.83,0.912,302,0.77,0.8461,164,0.81,0.8901,20,0.8,0.8791,22,0
IWM191018P151,2019-10-16,2019-10-16 09:30:49,0.83,0.912,263,0.77,0.8461,164,0.81,0.8901,20,0.8,0.8791,22,0
IWM191018P151,2019-10-16,2019-10-16 09:30:50,0.83,0.912,274,0.77,0.8461,255,0.81,0.8901,20,0.8,0.8791,22,0
IWM191018P151,2019-10-16,2019-10-16 09:30:51,0.83,0.912,274,0.77,0.8461,255,0.81,0.8901,20,0.8,0.8791,22,0
IWM191018P151,2019-10-16,2019-10-16 09:30:52,0.83,0.912,274,0.78,0.8571,81,0.81,0.8901,20,0.805,0.8846,22,0
IWM191018P151,2019-10-16,2019-10-16 09:30:53,0.83,0.912,1,0.78,0.8571,83,0.81,0.8901,20,0.805,0.8846,22,0
IWM191018P151,2019-10-16,2019-10-16 09:30:53,0.83,0.912,125,0.77,0.8461,21,0.81,0.8901,20,0.8,0.8791,22,0
IWM191018P151,2019-10-16,2019-10-16 09:30:54,0.84,0.923,185,0.78,0.8571,121,0.81,0.8901,20,0.81,0.8901,22,0
IWM191018P151,2019-10-16,2019-10-16 09:30:54,0.84,0.923,195,0.78,0.8571,121,0.81,0.8901,20,0.81,0.8901,22,0
IWM191018P151,2019-10-16,2019-10-16 09:30:55,0.84,0.923,75,0.79,0.8681,85,0.81,0.8901,20,0.815,0.8956,22,0
IWM191018P151,2019-10-16,2019-10-16 09:30:55,0.84,0.923,123,0.78,0.8571,121,0.81,0.8901,20,0.81,0.8901,22,0
IWM191018P151,2019-10-16,2019-10-16 09:30:56,0.84,0.923,112,0.78,0.8571,103,0.81,0.8901,20,0.81,0.8901,22,0
IWM191018P151,2019-10-16,2019-10-16 09:30:56,0.84,0.923,75,0.78,0.8571,90,0.81,0.8901,20,0.81,0.8901,22,0
IWM191018P151,2019-10-16,2019-10-16 09:30:57,0.84,0.923,112,0.78,0.8571,103,0.81,0.8901,20,0.81,0.8901,22,0
IWM191018P151,2019-10-16,2019-10-16 09:30:57,0.84,0.923,5,0.8,0.8791,94,0.81,0.8901,20,0.82,0.901,22,0
IWM191018P151,2019-10-16,2019-10-16 09:30:58,0.86,0.945,1,0.81,0.8901,90,0.81,0.8901,20,0.835,0.9175,22,0
IWM191018P151,2019-10-16,2019-10-16 09:30:58,0.85,0.934,20,0.8,0.8791,199,0.81,0.8901,20,0.825,0.9065,22,0
IWM191018P151,2019-10-16,2019-10-16 09:30:59,0.86,0.945,1,0.81,0.8901,193,0.81,0.8901,20,0.835,0.9175,22,0
IWM191018P151,2019-10-16,2019-10-16 09:30:59,0.86,0.945,30,0.81,0.8901,193,0.81,0.8901,20,0.835,0.9175,22,0
IWM191018P151,2019-10-16,2019-10-16 09:31:00,0.86,0.945,30,0.81,0.8901,193,0.81,0.8901,20,0.835,0.9175,22,0
IWM191018P151,2019-10-16,2019-10-16 09:31:00,0.87,0.956,36,0.81,0.8901,186,0.81,0.8901,20,0.84,0.923,22,0
IWM191018P151,2019-10-16,2019-10-16 09:31:01,0.87,0.956,46,0.82,0.901,90,0.81,0.8901,20,0.845,0.9285,22,0
IWM191018P151,2019-10-16,2019-10-16 09:31:01,0.87,0.956,83,0.82,0.901,82,0.81,0.8901,20,0.845,0.9285,22,0
IWM191018P151,2019-10-16,2019-10-16 09:31:02,0.87,0.956,36,0.82,0.901,90,0.81,0.8901,20,0.845,0.9285,22,0
IWM191018P151,2019-10-16,2019-10-16 09:31:03,0.87,0.956,36,0.82,0.901,243,0.81,0.8901,20,0.845,0.9285,22,0
IWM191018P151,2019-10-16,2019-10-16 09:31:04,0.87,0.956,36,0.82,0.901,180,0.81,0.8901,20,0.845,0.9285,22,0
IWM191018P151,2019-10-16,2019-10-16 09:31:04,0.87,0.956,36,0.82,0.901,243,0.81,0.8901,20,0.845,0.9285,22,0
IWM191018P151,2019-10-16,2019-10-16 09:31:05,0.87,0.956,36,0.82,0.901,162,0.81,0.8901,20,0.845,0.9285,22,0
IWM191018P151,2019-10-16,2019-10-16 09:31:05,0.86,0.945,83,0.8,0.8791,75,0.81,0.8901,20,0.83,0.912,22,0
IWM191018P151,2019-10-16,2019-10-16 09:31:06,0.86,0.945,320,0.8,0.8791,161,0.81,0.8901,20,0.83,0.912,22,0
IWM191018P151,2019-10-16,2019-10-16 09:31:07,0.85,0.934,209,0.8,0.8791,63,0.81,0.8901,20,0.825,0.9065,22,0
IWM191018P151,2019-10-16,2019-10-16 09:31:07,0.85,0.934,151,0.8,0.8791,81,0.81,0.8901,20,0.825,0.9065,22,0
IWM191018P151,2019-10-16,2019-10-16 09:31:08,0.84,0.923,26,0.79,0.8681,126,0.81,0.8901,20,0.815,0.8956,22,0
IWM191018P151,2019-10-16,2019-10-16 09:31:08,0.85,0.934,344,0.79,0.8681,126,0.81,0.8901,20,0.82,0.901,22,0
IWM191018P151,2019-10-16,2019-10-16 09:31:09,0.85,0.934,20,0.8,0.8791,75,0.81,0.8901,20,0.825,0.9065,22,0
IWM191018P151,2019-10-16,2019-10-16 09:31:09,0.86,0.945,50,0.81,0.8901,75,0.81,0.8901,20,0.835,0.9175,22,0
IWM191018P151,2019-10-16,2019-10-16 09:31:10,0.86,0.945,50,0.81,0.8901,140,0.83,0.912,2,0.835,0.9175,24,2
IWM191018P151,2019-10-16,2019-10-16 09:31:10,0.87,0.956,30,0.82,0.901,150,0.83,0.912,2,0.845,0.9285,24,0
IWM191018P151,2019-10-16,2019-10-16 09:31:11,0.87,0.956,216,0.82,0.901,64,0.83,0.912,2,0.845,0.9285,24,0
IWM191018P151,2019-10-16,2019-10-16 09:31:12,0.87,0.956,254,0.81,0.8901,166,0.83,0.912,2,0.84,0.923,24,0
IWM191018P151,2019-10-16,2019-10-16 09:31:12,0.87,0.956,93,0.81,0.8901,136,0.83,0.912,2,0.84,0.923,24,0
IWM191018P151,2019-10-16,2019-10-16 09:31:13,0.87,0.956,40,0.82,0.901,75,0.83,0.912,2,0.845,0.9285,24,0
IWM191018P151,2019-10-16,2019-10-16 09:31:13,0.87,0.956,229,0.81,0.8901,159,0.83,0.912,2,0.84,0.923,24,0
IWM191018P151,2019-10-16,2019-10-16 09:31:14,0.86,0.945,83,0.81,0.8901,84,0.83,0.912,2,0.835,0.9175,24,0
IWM191018P151,2019-10-16,2019-10-16 09:31:14,0.86,0.945,198,0.8,0.8791,75,0.83,0.912,2,0.83,0.912,24,0
IWM191018P151,2019-10-16,2019-10-16 09:31:15,0.85,0.934,242,0.8,0.8791,75,0.83,0.912,2,0.825,0.9065,24,0
IWM191018P151,2019-10-16,2019-10-16 09:31:15,0.85,0.934,324,0.8,0.8791,75,0.83,0.912,2,0.825,0.9065,24,0
IWM191018P151,2019-10-16,2019-10-16 09:31:16,0.85,0.934,324,0.79,0.8681,82,0.83,0.912,2,0.82,0.901,24,0
IWM191018P151,2019-10-16,2019-10-16 09:31:16,0.85,0.934,404,0.79,0.8681,162,0.83,0.912,2,0.82,0.901,24,0
IWM191018P151,2019-10-16,2019-10-16 09:31:17,0.85,0.934,367,0.79,0.8681,228,0.83,0.912,2,0.82,0.901,24,0
IWM191018P151,2019-10-16,2019-10-16 09:31:18,0.85,0.934,379,0.79,0.8681,288,0.83,0.912,2,0.82,0.901,24,0
IWM191018P151,2019-10-16,2019-10-16 09:31:18,0.85,0.934,362,0.8,0.8791,75,0.83,0.912,2,0.825,0.9065,24,0
IWM191018P151,2019-10-16,2019-10-16 09:31:19,0.85,0.934,379,0.79,0.8681,288,0.83,0.912,2,0.82,0.901,24,0
IWM191018P151,2019-10-16,2019-10-16 09:31:20,0.85,0.934,132,0.81,0.8901,75,0.83,0.912,2,0.83,0.912,24,0
IWM191018P151,2019-10-16,2019-10-16 09:31:20,0.85,0.934,20,0.81,0.8901,75,0.83,0.912,2,0.83,0.912,24,0
IWM191018P151,2019-10-16,2019-10-16 09:31:21,0.85,0.934,145,0.8,0.8791,91,0.83,0.912,2,0.825,0.9065,24,0
IWM191018P151,2019-10-16,2019-10-16 09:31:21,0.85,0.934,332,0.8,0.8791,208,0.83,0.912,2,0.825,0.9065,24,0
IWM191018P151,2019-10-16,2019-10-16 09:31:22,0.85,0.934,129,0.8,0.8791,189,0.83,0.912,2,0.825,0.9065,24,0
IWM191018P151,2019-10-16,2019-10-16 09:31:22,0.85,0.934,351,0.8,0.8791,91,0.83,0.912,2,0.825,0.9065,24,0
IWM191018P151,2019-10-16,2019-10-16 09:31:23,0.85,0.934,346,0.8,0.8791,120,0.83,0.912,2,0.825,0.9065,24,0
IWM191018P151,2019-10-16,2019-10-16 09:31:23,0.85,0.934,254,0.8,0.8791,85,0.83,0.912,2,0.825,0.9065,24,0
IWM191018P151,2019-10-16,2019-10-16 09:31:24,0.84,0.923,75,0.8,0.8791,16,0.83,0.912,2,0.82,0.901,24,0
IWM191018P151,2019-10-16,2019-10-16 09:31:24,0.84,0.923,75,0.8,0.8791,120,0.83,0.912,2,0.82,0.901,24,0
IWM191018P151,2019-10-16,2019-10-16 09:31:25,0.84,0.923,75,0.8,0.8791,103,0.83,0.912,2,0.82,0.901,24,0
IWM191018P151,2019-10-16,2019-10-16 09:31:25,0.84,0.923,36,0.8,0.8791,103,0.83,0.912,2,0.82,0.901,24,0
IWM191018P151,2019-10-16,2019-10-16 09:31:26,0.84,0.923,75,0.8,0.8791,69,0.83,0.912,2,0.82,0.901,24,0
IWM191018P151,2019-10-16,2019-10-16 09:31:26,0.84,0.923,75,0.8,0.8791,43,0.83,0.912,2,0.82,0.901,24,0
IWM191018P151,2019-10-16,2019-10-16 09:31:27,0.84,0.923,60,0.8,0.8791,85,0.83,0.912,2,0.82,0.901,24,0
IWM191018P151,2019-10-16,2019-10-16 09:31:27,0.84,0.923,160,0.79,0.8681,85,0.83,0.912,2,0.815,0.8956,24,0
IWM191018P151,2019-10-16,2019-10-16 09:31:28,0.84,0.923,46,0.79,0.8681,204,0.83,0.912,2,0.815,0.8956,24,0
IWM191018P151,2019-10-16,2019-10-16 09:31:28,0.84,0.923,63,0.79,0.8681,204,0.83,0.912,2,0.815,0.8956,24,0
IWM191018P151,2019-10-16,2019-10-16 09:31:29,0.84,0.923,36,0.79,0.8681,194,0.83,0.912,2,0.815,0.8956,24,0
IWM191018P151,2019-10-16,2019-10-16 09:31:29,0.84,0.923,46,0.79,0.8681,194,0.83,0.912,2,0.815,0.8956,24,0
IWM191018P151,2019-10-16,2019-10-16 09:31:30,0.84,0.923,36,0.8,0.8791,194,0.83,0.912,2,0.82,0.901,24,0
IWM191018P151,2019-10-16,2019-10-16 09:31:30,0.85,0.934,193,0.8,0.8791,184,0.83,0.912,2,0.825,0.9065,24,0
IWM191018P151,2019-10-16,2019-10-16 09:31:31,0.85,0.934,193,0.8,0.8791,184,0.83,0.912,2,0.825,0.9065,24,0
IWM191018P151,2019-10-16,2019-10-16 09:31:32,0.85,0.934,357,0.8,0.8791,278,0.83,0.912,2,0.825,0.9065,24,0
IWM191018P151,2019-10-16,2019-10-16 09:31:33,0.84,0.923,83,0.8,0.8791,44,0.83,0.912,2,0.82,0.901,24,0
IWM191018P151,2019-10-16,2019-10-16 09:31:33,0.84,0.923,83,0.8,0.8791,81,0.83,0.912,2,0.82,0.901,24,0
IWM191018P151,2019-10-16,2019-10-16 09:31:34,0.83,0.912,210,0.8,0.8791,10,0.83,0.912,2,0.815,0.8956,24,0
IWM191018P151,2019-10-16,2019-10-16 09:31:34,0.84,0.923,327,0.8,0.8791,10,0.83,0.912,2,0.82,0.901,24,0
IWM191018P151,2019-10-16,2019-10-16 09:31:35,0.83,0.912,210,0.78,0.8571,104,0.83,0.912,2,0.805,0.8846,24,0
IWM191018P151,2019-10-16,2019-10-16 09:31:35,0.83,0.912,205,0.78,0.8571,104,0.83,0.912,2,0.805,0.8846,24,0
IWM191018P151,2019-10-16,2019-10-16 09:31:36,0.82,0.901,415,0.77,0.8461,84,0.83,0.912,2,0.795,0.8736,24,0
IWM191018P151,2019-10-16,2019-10-16 09:31:36,0.82,0.901,297,0.77,0.8461,99,0.83,0.912,2,0.795,0.8736,24,0
IWM191018P151,2019-10-16,2019-10-16 09:31:37,0.81,0.8901,40,0.77,0.8461,75,0.83,0.912,2,0.79,0.8681,24,0
IWM191018P151,2019-10-16,2019-10-16 09:31:37,0.81,0.8901,46,0.77,0.8461,85,0.83,0.912,2,0.79,0.8681,24,0
IWM191018P151,2019-10-16,2019-10-16 09:31:38,0.81,0.8901,83,0.77,0.8461,85,0.83,0.912,2,0.79,0.8681,24,0
IWM191018P151,2019-10-16,2019-10-16 09:31:38,0.81,0.8901,83,0.77,0.8461,50,0.83,0.912,2,0.79,0.8681,24,0
IWM191018P151,2019-10-16,2019-10-16 09:31:39,0.81,0.8901,83,0.77,0.8461,50,0.83,0.912,2,0.79,0.8681,24,0
IWM191018P151,2019-10-16,2019-10-16 09:31:40,0.81,0.8901,83,0.77,0.8461,50,0.83,0.912,2,0.79,0.8681,24,0
IWM191018P151,2019-10-16,2019-10-16 09:31:40,0.81,0.8901,26,0.77,0.8461,195,0.83,0.912,2,0.79,0.8681,24,0
IWM191018P151,2019-10-16,2019-10-16 09:31:41,0.81,0.8901,36,0.77,0.8461,111,0.83,0.912,2,0.79,0.8681,24,0
IWM191018P151,2019-10-16,2019-10-16 09:31:41,0.82,0.901,305,0.77,0.8461,215,0.83,0.912,2,0.795,0.8736,24,0
IWM191018P151,2019-10-16,2019-10-16 09:31:42,0.82,0.901,315,0.77,0.8461,123,0.83,0.912,2,0.795,0.8736,24,0
IWM191018P151,2019-10-16,2019-10-16 09:31:42,0.82,0.901,321,0.77,0.8461,198,0.83,0.912,2,0.795,0.8736,24,0
IWM191018P151,2019-10-16,2019-10-16 09:31:43,0.82,0.901,299,0.77,0.8461,162,0.83,0.912,2,0.795,0.8736,24,0
IWM191018P151,2019-10-16,2019-10-16 09:31:43,0.82,0.901,315,0.77,0.8461,278,0.83,0.912,2,0.795,0.8736,24,0
IWM191018P151,2019-10-16,2019-10-16 09:31:44,0.82,0.901,170,0.77,0.8461,198,0.83,0.912,2,0.795,0.8736,24,0
IWM191018P151,2019-10-16,2019-10-16 09:31:44,0.82,0.901,180,0.77,0.8461,118,0.83,0.912,2,0.795,0.8736,24,0
IWM191018P151,2019-10-16,2019-10-16 09:31:45,0.82,0.901,213,0.77,0.8461,88,0.83,0.912,2,0.795,0.8736,24,0
IWM191018P151,2019-10-16,2019-10-16 09:31:45,0.82,0.901,214,0.77,0.8461,88,0.83,0.912,2,0.795,0.8736,24,0
IWM191018P151,2019-10-16,2019-10-16 09:31:46,0.82,0.901,65,0.78,0.8571,75,0.83,0.912,2,0.8,0.8791,24,0
IWM191018P151,2019-10-16,2019-10-16 09:31:46,0.82,0.901,213,0.77,0.8461,88,0.83,0.912,2,0.795,0.8736,24,0
IWM191018P151,2019-10-16,2019-10-16 09:31:47,0.81,0.8901,83,0.76,0.8351,179,0.83,0.912,2,0.785,0.8626,24,0
IWM191018P151,2019-10-16,2019-10-16 09:31:47,0.82,0.901,151,0.78,0.8571,75,0.83,0.912,2,0.8,0.8791,24,0
IWM191018P151,2019-10-16,2019-10-16 09:31:48,0.81,0.8901,267,0.75,0.8241,10,0.83,0.912,2,0.78,0.8571,24,0
IWM191018P151,2019-10-16,2019-10-16 09:31:48,0.79,0.8681,139,0.74,0.8131,219,0.83,0.912,2,0.765,0.8406,24,0
IWM191018P151,2019-10-16,2019-10-16 09:31:49,0.79,0.8681,46,0.75,0.8241,127,0.83,0.912,2,0.77,0.8461,24,0
IWM191018P151,2019-10-16,2019-10-16 09:31:49,0.79,0.8681,46,0.74,0.8131,219,0.83,0.912,2,0.765,0.8406,24,0
IWM191018P151,2019-10-16,2019-10-16 09:31:50,0.79,0.8681,20,0.75,0.8241,255,0.83,0.912,2,0.77,0.8461,24,0
IWM191018P151,2019-10-16,2019-10-16 09:31:50,0.79,0.8681,36,0.75,0.8241,255,0.83,0.912,2,0.77,0.8461,24,0
IWM191018P151,2019-10-16,2019-10-16 09:31:51,0.79,0.8681,20,0.75,0.8241,255,0.83,0.912,2,0.77,0.8461,24,0
IWM191018P151,2019-10-16,2019-10-16 09:31:51,0.79,0.8681,40,0.75,0.8241,255,0.83,0.912,2,0.77,0.8461,24,0
IWM191018P151,2019-10-16,2019-10-16 09:31:52,0.79,0.8681,46,0.75,0.8241,255,0.83,0.912,2,0.77,0.8461,24,0
IWM191018P151,2019-10-16,2019-10-16 09:31:53,0.79,0.8681,148,0.75,0.8241,111,0.83,0.912,2,0.77,0.8461,24,0
IWM191018P151,2019-10-16,2019-10-16 09:31:54,0.79,0.8681,75,0.75,0.8241,111,0.83,0.912,2,0.77,0.8461,24,0
IWM191018P151,2019-10-16,2019-10-16 09:31:55,0.79,0.8681,56,0.75,0.8241,287,0.83,0.912,2,0.77,0.8461,24,0
IWM191018P151,2019-10-16,2019-10-16 09:31:55,0.8,0.8791,40,0.76,0.8351,82,0.83,0.912,2,0.78,0.8571,24,0
IWM191018P151,2019-10-16,2019-10-16 09:31:56,0.8,0.8791,75,0.76,0.8351,75,0.83,0.912,2,0.78,0.8571,24,0
IWM191018P151,2019-10-16,2019-10-16 09:31:56,0.8,0.8791,10,0.76,0.8351,82,0.83,0.912,2,0.78,0.8571,24,0
IWM191018P151,2019-10-16,2019-10-16 09:31:57,0.8,0.8791,254,0.75,0.8241,75,0.83,0.912,2,0.775,0.8516,24,0
IWM191018P151,2019-10-16,2019-10-16 09:31:57,0.8,0.8791,334,0.75,0.8241,75,0.83,0.912,2,0.775,0.8516,24,0
IWM191018P151,2019-10-16,2019-10-16 09:31:58,0.79,0.8681,68,0.75,0.8241,75,0.83,0.912,2,0.77,0.8461,24,0
IWM191018P151,2019-10-16,2019-10-16 09:31:58,0.79,0.8681,80,0.75,0.8241,75,0.83,0.912,2,0.77,0.8461,24,0
IWM191018P151,2019-10-16,2019-10-16 09:31:59,0.79,0.8681,167,0.75,0.8241,75,0.83,0.912,2,0.77,0.8461,24,0
IWM191018P151,2019-10-16,2019-10-16 09:32:00,0.79,0.8681,20,0.75,0.8241,75,0.83,0.912,2,0.77,0.8461,24,0
IWM191018P151,2019-10-16,2019-10-16 09:32:00,0.79,0.8681,20,0.75,0.8241,170,0.83,0.912,2,0.77,0.8461,24,0
IWM191018P151,2019-10-16,2019-10-16 09:32:01,0.8,0.8791,152,0.75,0.8241,292,0.83,0.912,2,0.775,0.8516,24,0
IWM191018P151,2019-10-16,2019-10-16 09:32:01,0.8,0.8791,163,0.75,0.8241,86,0.83,0.912,2,0.775,0.8516,24,0
IWM191018P151,2019-10-16,2019-10-16 09:32:02,0.8,0.8791,37,0.75,0.8241,133,0.83,0.912,2,0.775,0.8516,24,0
IWM191018P151,2019-10-16,2019-10-16 09:32:02,0.8,0.8791,284,0.75,0.8241,86,0.83,0.912,2,0.775,0.8516,24,0
IWM191018P151,2019-10-16,2019-10-16 09:32:03,0.81,0.8901,193,0.76,0.8351,297,0.83,0.912,2,0.785,0.8626,24,0
IWM191018P151,2019-10-16,2019-10-16 09:32:03,0.81,0.8901,401,0.76,0.8351,325,0.83,0.912,2,0.785,0.8626,24,0
IWM191018P151,2019-10-16,2019-10-16 09:32:04,0.81,0.8901,351,0.76,0.8351,325,0.83,0.912,2,0.785,0.8626,24,0
IWM191018P151,2019-10-16,2019-10-16 09:32:04,0.81,0.8901,324,0.77,0.8461,75,0.83,0.912,2,0.79,0.8681,24,0
IWM191018P151,2019-10-16,2019-10-16 09:32:05,0.81,0.8901,248,0.76,0.8351,235,0.83,0.912,2,0.785,0.8626,24,0
IWM191018P151,2019-10-16,2019-10-16 09:32:05,0.81,0.8901,351,0.76,0.8351,325,0.83,0.912,2,0.785,0.8626,24,0
IWM191018P151,2019-10-16,2019-10-16 09:32:06,0.81,0.8901,300,0.76,0.8351,235,0.83,0.912,2,0.785,0.8626,24,0
IWM191018P151,2019-10-16,2019-10-16 09:32:06,0.81,0.8901,399,0.76,0.8351,235,0.83,0.912,2,0.785,0.8626,24,0
IWM191018P151,2019-10-16,2019-10-16 09:32:07,0.8,0.8791,83,0.76,0.8351,75,0.83,0.912,2,0.78,0.8571,24,0
IWM191018P151,2019-10-16,2019-10-16 09:32:08,0.8,0.8791,40,0.76,0.8351,75,0.83,0.912,2,0.78,0.8571,24,0
IWM191018P151,2019-10-16,2019-10-16 09:32:08,0.8,0.8791,40,0.76,0.8351,180,0.83,0.912,2,0.78,0.8571,24,0
IWM191018P151,2019-10-16,2019-10-16 09:32:09,0.8,0.8791,30,0.76,0.8351,180,0.83,0.912,2,0.78,0.8571,24,0
IWM191018P151,2019-10-16,2019-10-16 09:32:09,0.81,0.8901,75,0.77,0.8461,75,0.83,0.912,2,0.79,0.8681,24,0
IWM191018P151,2019-10-16,2019-10-16 09:32:10,0.81,0.8901,167,0.76,0.8351,160,0.83,0.912,2,0.785,0.8626,24,0
IWM191018P151,2019-10-16,2019-10-16 09:32:10,0.82,0.901,161,0.77,0.8461,75,0.83,0.912,2,0.795,0.8736,24,0
IWM191018P151,2019-10-16,2019-10-16 09:32:12,0.81,0.8901,170,0.77,0.8461,75,0.83,0.912,2,0.79,0.8681,24,0
IWM191018P151,2019-10-16,2019-10-16 09:32:12,0.81,0.8901,112,0.77,0.8461,75,0.83,0.912,2,0.79,0.8681,24,0
IWM191018P151,2019-10-16,2019-10-16 09:32:13,0.81,0.8901,75,0.77,0.8461,75,0.83,0.912,2,0.79,0.8681,24,0
IWM191018P151,2019-10-16,2019-10-16 09:32:14,0.81,0.8901,83,0.77,0.8461,75,0.83,0.912,2,0.79,0.8681,24,0
IWM191018P151,2019-10-16,2019-10-16 09:32:15,0.81,0.8901,86,0.77,0.8461,75,0.83,0.912,2,0.79,0.8681,24,0
IWM191018P151,2019-10-16,2019-10-16 09:32:15,0.81,0.8901,86,0.78,0.8571,22,0.83,0.912,2,0.795,0.8736,24,0
IWM191018P151,2019-10-16,2019-10-16 09:32:16,0.81,0.8901,20,0.78,0.8571,22,0.83,0.912,2,0.795,0.8736,24,0
IWM191018P151,2019-10-16,2019-10-16 09:32:16,0.81,0.8901,86,0.78,0.8571,22,0.83,0.912,2,0.795,0.8736,24,0
IWM191018P151,2019-10-16,2019-10-16 09:32:17,0.81,0.8901,20,0.78,0.8571,75,0.83,0.912,2,0.795,0.8736,24,0
IWM191018P151,2019-10-16,2019-10-16 09:32:17,0.81,0.8901,20,0.78,0.8571,50,0.83,0.912,2,0.795,0.8736,24,0
IWM191018P151,2019-10-16,2019-10-16 09:32:18,0.81,0.8901,46,0.78,0.8571,50,0.83,0.912,2,0.795,0.8736,24,0
IWM191018P151,2019-10-16,2019-10-16 09:32:18,0.81,0.8901,20,0.78,0.8571,75,0.83,0.912,2,0.795,0.8736,24,0
IWM191018P151,2019-10-16,2019-10-16 09:32:19,0.81,0.8901,56,0.78,0.8571,50,0.83,0.912,2,0.795,0.8736,24,0
IWM191018P151,2019-10-16,2019-10-16 09:32:19,0.81,0.8901,66,0.78,0.8571,50,0.83,0.912,2,0.795,0.8736,24,0
IWM191018P151,2019-10-16,2019-10-16 09:32:20,0.81,0.8901,66,0.78,0.8571,50,0.83,0.912,2,0.795,0.8736,24,0
IWM191018P151,2019-10-16,2019-10-16 09:32:21,0.81,0.8901,30,0.78,0.8571,50,0.83,0.912,2,0.795,0.8736,24,0
IWM191018P151,2019-10-16,2019-10-16 09:32:21,0.81,0.8901,56,0.78,0.8571,50,0.83,0.912,2,0.795,0.8736,24,0
IWM191018P151,2019-10-16,2019-10-16 09:32:22,0.81,0.8901,56,0.78,0.8571,22,0.83,0.912,2,0.795,0.8736,24,0
IWM191018P151,2019-10-16,2019-10-16 09:32:23,0.81,0.8901,56,0.78,0.8571,22,0.83,0.912,2,0.795,0.8736,24,0
IWM191018P151,2019-10-16,2019-10-16 09:32:24,0.81,0.8901,41,0.78,0.8571,22,0.83,0.912,2,0.795,0.8736,24,0
IWM191018P151,2019-10-16,2019-10-16 09:32:24,0.81,0.8901,30,0.78,0.8571,22,0.83,0.912,2,0.795,0.8736,24,0
IWM191018P151,2019-10-16,2019-10-16 09:32:25,0.81,0.8901,56,0.78,0.8571,22,0.83,0.912,2,0.795,0.8736,24,0
IWM191018P151,2019-10-16,2019-10-16 09:32:25,0.81,0.8901,40,0.78,0.8571,22,0.83,0.912,2,0.795,0.8736,24,0
IWM191018P151,2019-10-16,2019-10-16 09:32:26,0.8,0.8791,20,0.77,0.8461,3,0.83,0.912,2,0.785,0.8626,24,0
IWM191018P151,2019-10-16,2019-10-16 09:32:26,0.8,0.8791,46,0.77,0.8461,10,0.83,0.912,2,0.785,0.8626,24,0
IWM191018P151,2019-10-16,2019-10-16 09:32:27,0.8,0.8791,59,0.77,0.8461,76,0.83,0.912,2,0.785,0.8626,24,0
IWM191018P151,2019-10-16,2019-10-16 09:32:27,0.8,0.8791,64,0.77,0.8461,10,0.83,0.912,2,0.785,0.8626,24,0
IWM191018P151,2019-10-16,2019-10-16 09:32:28,0.8,0.8791,59,0.77,0.8461,98,0.83,0.912,2,0.785,0.8626,24,0
IWM191018P151,2019-10-16,2019-10-16 09:32:28,0.8,0.8791,89,0.77,0.8461,98,0.83,0.912,2,0.785,0.8626,24,0
IWM191018P151,2019-10-16,2019-10-16 09:32:29,0.8,0.8791,59,0.77,0.8461,98,0.83,0.912,2,0.785,0.8626,24,0
IWM191018P151,2019-10-16,2019-10-16 09:32:29,0.8,0.8791,66,0.77,0.8461,98,0.83,0.912,2,0.785,0.8626,24,0
IWM191018P151,2019-10-16,2019-10-16 09:32:30,0.8,0.8791,40,0.78,0.8571,88,0.83,0.912,2,0.79,0.8681,24,0
IWM191018P151,2019-10-16,2019-10-16 09:32:30,0.8,0.8791,40,0.78,0.8571,33,0.83,0.912,2,0.79,0.8681,24,0
IWM191018P151,2019-10-16,2019-10-16 09:32:31,0.81,0.8901,5,0.78,0.8571,294,0.83,0.912,2,0.795,0.8736,24,0
IWM191018P151,2019-10-16,2019-10-16 09:32:31,0.81,0.8901,5,0.78,0.8571,88,0.83,0.912,2,0.795,0.8736,24,0
IWM191018P151,2019-10-16,2019-10-16 09:32:32,0.83,0.912,21,0.8,0.8791,86,0.83,0.912,2,0.815,0.8956,24,0
IWM191018P151,2019-10-16,2019-10-16 09:32:32,0.81,0.8901,5,0.78,0.8571,294,0.83,0.912,2,0.795,0.8736,24,0
IWM191018P151,2019-10-16,2019-10-16 09:32:33,0.83,0.912,44,0.8,0.8791,86,0.83,0.912,2,0.815,0.8956,24,0
IWM191018P151,2019-10-16,2019-10-16 09:32:33,0.83,0.912,42,0.8,0.8791,86,0.83,0.912,2,0.815,0.8956,24,0
IWM191018P151,2019-10-16,2019-10-16 09:32:34,0.83,0.912,42,0.8,0.8791,92,0.83,0.912,2,0.815,0.8956,24,0
IWM191018P151,2019-10-16,2019-10-16 09:32:35,0.83,0.912,30,0.8,0.8791,92,0.83,0.912,2,0.815,0.8956,24,0
IWM191018P151,2019-10-16,2019-10-16 09:32:35,0.83,0.912,32,0.79,0.8681,164,0.83,0.912,2,0.81,0.8901,24,0
IWM191018P151,2019-10-16,2019-10-16 09:32:36,0.83,0.912,56,0.79,0.8681,276,0.83,0.912,2,0.81,0.8901,24,0
IWM191018P151,2019-10-16,2019-10-16 09:32:36,0.83,0.912,56,0.79,0.8681,184,0.83,0.912,2,0.81,0.8901,24,0
IWM191018P151,2019-10-16,2019-10-16 09:32:37,0.82,0.901,1,0.8,0.8791,17,0.83,0.912,2,0.81,0.8901,24,0
IWM191018P151,2019-10-16,2019-10-16 09:32:37,0.82,0.901,1,0.79,0.8681,276,0.83,0.912,2,0.805,0.8846,24,0
IWM191018P151,2019-10-16,2019-10-16 09:32:38,0.83,0.912,20,0.8,0.8791,97,0.83,0.912,2,0.815,0.8956,24,0
IWM191018P151,2019-10-16,2019-10-16 09:32:39,0.83,0.912,46,0.79,0.8681,131,0.83,0.912,2,0.81,0.8901,24,0
IWM191018P151,2019-10-16,2019-10-16 09:32:39,0.83,0.912,46,0.8,0.8791,5,0.83,0.912,2,0.815,0.8956,24,0
IWM191018P151,2019-10-16,2019-10-16 09:32:40,0.83,0.912,46,0.79,0.8681,131,0.83,0.912,2,0.81,0.8901,24,0
IWM191018P151,2019-10-16,2019-10-16 09:32:40,0.83,0.912,46,0.8,0.8791,15,0.83,0.912,2,0.815,0.8956,24,0
IWM191018P151,2019-10-16,2019-10-16 09:32:41,0.83,0.912,10,0.8,0.8791,86,0.83,0.912,2,0.815,0.8956,24,0
IWM191018P151,2019-10-16,2019-10-16 09:32:41,0.83,0.912,2,0.8,0.8791,92,0.83,0.912,2,0.815,0.8956,24,0
IWM191018P151,2019-10-16,2019-10-16 09:32:42,0.84,0.923,46,0.8,0.8791,180,0.83,0.912,2,0.82,0.901,24,0
IWM191018P151,2019-10-16,2019-10-16 09:32:42,0.84,0.923,20,0.81,0.8901,17,0.83,0.912,2,0.825,0.9065,24,0
IWM191018P151,2019-10-16,2019-10-16 09:32:43,0.83,0.912,1,0.8,0.8791,97,0.83,0.912,2,0.815,0.8956,24,0
IWM191018P151,2019-10-16,2019-10-16 09:32:43,0.84,0.923,46,0.8,0.8791,180,0.83,0.912,2,0.82,0.901,24,0
IWM191018P151,2019-10-16,2019-10-16 09:32:44,0.84,0.923,30,0.8,0.8791,97,0.83,0.912,2,0.82,0.901,24,0
IWM191018P151,2019-10-16,2019-10-16 09:32:45,0.84,0.923,10,0.8,0.8791,97,0.83,0.912,2,0.82,0.901,24,0
IWM191018P151,2019-10-16,2019-10-16 09:32:46,0.85,0.934,20,0.82,0.901,22,0.83,0.912,2,0.835,0.9175,24,0
IWM191018P151,2019-10-16,2019-10-16 09:32:46,0.84,0.923,1,0.81,0.8901,90,0.83,0.912,2,0.825,0.9065,24,0
IWM191018P151,2019-10-16,2019-10-16 09:32:47,0.85,0.934,112,0.82,0.901,22,0.83,0.912,2,0.835,0.9175,24,0
IWM191018P151,2019-10-16,2019-10-16 09:32:48,0.85,0.934,40,0.82,0.901,22,0.83,0.912,2,0.835,0.9175,24,0
IWM191018P151,2019-10-16,2019-10-16 09:32:48,0.85,0.934,30,0.82,0.901,22,0.83,0.912,2,0.835,0.9175,24,0
IWM191018P151,2019-10-16,2019-10-16 09:32:49,0.85,0.934,30,0.82,0.901,191,0.83,0.912,2,0.835,0.9175,24,0
IWM191018P151,2019-10-16,2019-10-16 09:32:50,0.85,0.934,30,0.82,0.901,176,0.83,0.912,2,0.835,0.9175,24,0
IWM191018P151,2019-10-16,2019-10-16 09:32:50,0.86,0.945,76,0.82,0.901,176,0.83,0.912,2,0.84,0.923,24,0
IWM191018P151,2019-10-16,2019-10-16 09:32:51,0.85,0.934,10,0.82,0.901,176,0.83,0.912,2,0.835,0.9175,24,0
IWM191018P151,2019-10-16,2019-10-16 09:32:51,0.85,0.934,30,0.81,0.8901,90,0.83,0.912,2,0.83,0.912,24,0
IWM191018P151,2019-10-16,2019-10-16 09:32:52,0.85,0.934,30,0.82,0.901,97,0.83,0.912,2,0.835,0.9175,24,0
IWM191018P151,2019-10-16,2019-10-16 09:32:54,0.85,0.934,182,0.82,0.901,97,0.83,0.912,2,0.835,0.9175,24,0
IWM191018P151,2019-10-16,2019-10-16 09:32:54,0.85,0.934,30,0.82,0.901,97,0.83,0.912,2,0.835,0.9175,24,0
IWM191018P151,2019-10-16,2019-10-16 09:32:55,0.85,0.934,172,0.81,0.8901,67,0.83,0.912,2,0.83,0.912,24,0
IWM191018P151,2019-10-16,2019-10-16 09:32:55,0.84,0.923,3,0.8,0.8791,97,0.83,0.912,2,0.82,0.901,24,0
IWM191018P151,2019-10-16,2019-10-16 09:32:56,0.84,0.923,129,0.8,0.8791,128,0.83,0.912,2,0.82,0.901,24,0
IWM191018P151,2019-10-16,2019-10-16 09:32:56,0.84,0.923,170,0.8,0.8791,256,0.83,0.912,2,0.82,0.901,24,0
IWM191018P151,2019-10-16,2019-10-16 09:32:57,0.84,0.923,231,0.8,0.8791,256,0.83,0.912,2,0.82,0.901,24,0
IWM191018P151,2019-10-16,2019-10-16 09:32:58,0.84,0.923,290,0.8,0.8791,67,0.83,0.912,2,0.82,0.901,24,0
IWM191018P151,2019-10-16,2019-10-16 09:32:58,0.84,0.923,231,0.8,0.8791,112,0.83,0.912,2,0.82,0.901,24,0
IWM191018P151,2019-10-16,2019-10-16 09:32:59,0.84,0.923,318,0.8,0.8791,67,0.83,0.912,2,0.82,0.901,24,0
IWM191018P151,2019-10-16,2019-10-16 09:33:00,0.84,0.923,308,0.8,0.8791,67,0.83,0.912,2,0.82,0.901,24,0
IWM191018P151,2019-10-16,2019-10-16 09:33:00,0.83,0.912,124,0.8,0.8791,36,0.83,0.912,2,0.815,0.8956,24,0
IWM191018P151,2019-10-16,2019-10-16 09:33:01,0.85,0.934,114,0.8,0.8791,186,0.83,0.912,2,0.825,0.9065,24,0
IWM191018P151,2019-10-16,2019-10-16 09:33:01,0.85,0.934,17,0.82,0.901,89,0.83,0.912,2,0.835,0.9175,24,0
IWM191018P151,2019-10-16,2019-10-16 09:33:02,0.86,0.945,46,0.82,0.901,108,0.83,0.912,3,0.84,0.923,27,3
IWM191018P151,2019-10-16,2019-10-16 09:33:02,0.86,0.945,31,0.82,0.901,108,0.83,0.912,3,0.84,0.923,27,0
IWM191018P151,2019-10-16,2019-10-16 09:33:03,0.86,0.945,357,0.82,0.901,50,0.83,0.912,3,0.84,0.923,27,0
IWM191018P151,2019-10-16,2019-10-16 09:33:03,0.86,0.945,318,0.82,0.901,50,0.83,0.912,3,0.84,0.923,27,0
IWM191018P151,2019-10-16,2019-10-16 09:33:04,0.85,0.934,32,0.82,0.901,21,0.83,0.912,3,0.835,0.9175,27,0
IWM191018P151,2019-10-16,2019-10-16 09:33:04,0.86,0.945,483,0.82,0.901,50,0.83,0.912,3,0.84,0.923,27,0
IWM191018P151,2019-10-16,2019-10-16 09:33:05,0.85,0.934,20,0.82,0.901,86,0.83,0.912,3,0.835,0.9175,27,0
IWM191018P151,2019-10-16,2019-10-16 09:33:05,0.85,0.934,30,0.82,0.901,5,0.83,0.912,3,0.835,0.9175,27,0
IWM191018P151,2019-10-16,2019-10-16 09:33:06,0.85,0.934,20,0.83,0.912,22,0.83,0.912,3,0.84,0.923,27,0
IWM191018P151,2019-10-16,2019-10-16 09:33:07,0.86,0.945,36,0.82,0.901,159,0.83,0.912,3,0.84,0.923,27,0
IWM191018P151,2019-10-16,2019-10-16 09:33:07,0.86,0.945,183,0.83,0.912,22,0.83,0.912,3,0.845,0.9285,27,0
IWM191018P151,2019-10-16,2019-10-16 09:33:08,0.86,0.945,195,0.83,0.912,22,0.83,0.912,3,0.845,0.9285,27,0
IWM191018P151,2019-10-16,2019-10-16 09:33:09,0.86,0.945,185,0.82,0.901,86,0.83,0.912,3,0.84,0.923,27,0
IWM191018P151,2019-10-16,2019-10-16 09:33:09,0.86,0.945,185,0.83,0.912,22,0.83,0.912,3,0.845,0.9285,27,0
IWM191018P151,2019-10-16,2019-10-16 09:33:10,0.86,0.945,210,0.82,0.901,86,0.83,0.912,3,0.84,0.923,27,0
IWM191018P151,2019-10-16,2019-10-16 09:33:10,0.86,0.945,308,0.82,0.901,58,0.83,0.912,3,0.84,0.923,27,0
IWM191018P151,2019-10-16,2019-10-16 09:33:11,0.86,0.945,359,0.82,0.901,58,0.83,0.912,3,0.84,0.923,27,0
IWM191018P151,2019-10-16,2019-10-16 09:33:11,0.86,0.945,318,0.82,0.901,63,0.83,0.912,3,0.84,0.923,27,0
IWM191018P151,2019-10-16,2019-10-16 09:33:12,0.86,0.945,294,0.82,0.901,58,0.83,0.912,3,0.84,0.923,27,0
IWM191018P151,2019-10-16,2019-10-16 09:33:12,0.86,0.945,365,0.81,0.8901,64,0.83,0.912,3,0.835,0.9175,27,0
IWM191018P151,2019-10-16,2019-10-16 09:33:13,0.84,0.923,30,0.82,0.901,22,0.83,0.912,3,0.83,0.912,27,0
IWM191018P151,2019-10-16,2019-10-16 09:33:13,0.84,0.923,30,0.82,0.901,9,0.83,0.912,3,0.83,0.912,27,0
IWM191018P151,2019-10-16,2019-10-16 09:33:14,0.84,0.923,30,0.82,0.901,22,0.83,0.912,3,0.83,0.912,27,0
IWM191018P151,2019-10-16,2019-10-16 09:33:15,0.85,0.934,30,0.82,0.901,20,0.83,0.912,3,0.835,0.9175,27,0
IWM191018P151,2019-10-16,2019-10-16 09:33:15,0.85,0.934,5,0.82,0.901,75,0.83,0.912,3,0.835,0.9175,27,0
IWM191018P151,2019-10-16,2019-10-16 09:33:16,0.85,0.934,169,0.81,0.8901,70,0.83,0.912,3,0.83,0.912,27,0
IWM191018P151,2019-10-16,2019-10-16 09:33:17,0.85,0.934,219,0.81,0.8901,70,0.83,0.912,3,0.83,0.912,27,0
IWM191018P151,2019-10-16,2019-10-16 09:33:17,0.84,0.923,129,0.8,0.8791,10,0.83,0.912,3,0.82,0.901,27,0
IWM191018P151,2019-10-16,2019-10-16 09:33:18,0.83,0.912,20,0.8,0.8791,10,0.83,0.912,3,0.815,0.8956,27,0
IWM191018P151,2019-10-16,2019-10-16 09:33:18,0.83,0.912,120,0.8,0.8791,10,0.83,0.912,3,0.815,0.8956,27,0
IWM191018P151,2019-10-16,2019-10-16 09:33:19,0.83,0.912,40,0.8,0.8791,10,0.83,0.912,3,0.815,0.8956,27,0
IWM191018P151,2019-10-16,2019-10-16 09:33:19,0.83,0.912,120,0.8,0.8791,10,0.83,0.912,3,0.815,0.8956,27,0
IWM191018P151,2019-10-16,2019-10-16 09:33:20,0.83,0.912,107,0.8,0.8791,10,0.83,0.912,3,0.815,0.8956,27,0
IWM191018P151,2019-10-16,2019-10-16 09:33:20,0.83,0.912,161,0.8,0.8791,10,0.83,0.912,3,0.815,0.8956,27,0
IWM191018P151,2019-10-16,2019-10-16 09:33:21,0.83,0.912,192,0.79,0.8681,132,0.83,0.912,3,0.81,0.8901,27,0
IWM191018P151,2019-10-16,2019-10-16 09:33:21,0.83,0.912,192,0.79,0.8681,165,0.83,0.912,3,0.81,0.8901,27,0
IWM191018P151,2019-10-16,2019-10-16 09:33:22,0.83,0.912,233,0.79,0.8681,248,0.83,0.912,3,0.81,0.8901,27,0
IWM191018P151,2019-10-16,2019-10-16 09:33:22,0.83,0.912,192,0.79,0.8681,248,0.83,0.912,3,0.81,0.8901,27,0
IWM191018P151,2019-10-16,2019-10-16 09:33:23,0.82,0.901,147,0.79,0.8681,56,0.83,0.912,3,0.805,0.8846,27,0
IWM191018P151,2019-10-16,2019-10-16 09:33:23,0.82,0.901,56,0.79,0.8681,59,0.83,0.912,3,0.805,0.8846,27,0
IWM191018P151,2019-10-16,2019-10-16 09:33:24,0.82,0.901,137,0.79,0.8681,59,0.83,0.912,3,0.805,0.8846,27,0
IWM191018P151,2019-10-16,2019-10-16 09:33:24,0.82,0.901,46,0.79,0.8681,134,0.83,0.912,3,0.805,0.8846,27,0
IWM191018P151,2019-10-16,2019-10-16 09:33:25,0.82,0.901,20,0.79,0.8681,187,0.83,0.912,3,0.805,0.8846,27,0
IWM191018P151,2019-10-16,2019-10-16 09:33:25,0.82,0.901,20,0.79,0.8681,141,0.83,0.912,3,0.805,0.8846,27,0
IWM191018P151,2019-10-16,2019-10-16 09:33:26,0.82,0.901,51,0.79,0.8681,187,0.83,0.912,3,0.805,0.8846,27,0
IWM191018P151,2019-10-16,2019-10-16 09:33:27,0.81,0.8901,3,0.79,0.8681,187,0.83,0.912,3,0.8,0.8791,27,0
IWM191018P151,2019-10-16,2019-10-16 09:33:27,0.82,0.901,40,0.79,0.8681,64,0.83,0.912,3,0.805,0.8846,27,0
IWM191018P151,2019-10-16,2019-10-16 09:33:28,0.82,0.901,30,0.79,0.8681,186,0.83,0.912,3,0.805,0.8846,27,0
IWM191018P151,2019-10-16,2019-10-16 09:33:28,0.82,0.901,40,0.79,0.8681,139,0.83,0.912,3,0.805,0.8846,27,0
IWM191018P151,2019-10-16,2019-10-16 09:33:29,0.82,0.901,66,0.79,0.8681,106,0.83,0.912,3,0.805,0.8846,27,0
IWM191018P151,2019-10-16,2019-10-16 09:33:29,0.82,0.901,30,0.79,0.8681,186,0.83,0.912,3,0.805,0.8846,27,0
IWM191018P151,2019-10-16,2019-10-16 09:33:30,0.82,0.901,122,0.79,0.8681,106,0.83,0.912,3,0.805,0.8846,27,0
IWM191018P151,2019-10-16,2019-10-16 09:33:30,0.82,0.901,152,0.79,0.8681,106,0.83,0.912,3,0.805,0.8846,27,0
IWM191018P151,2019-10-16,2019-10-16 09:33:31,0.81,0.8901,20,0.79,0.8681,51,0.83,0.912,3,0.8,0.8791,27,0
IWM191018P151,2019-10-16,2019-10-16 09:33:31,0.81,0.8901,22,0.79,0.8681,64,0.83,0.912,3,0.8,0.8791,27,0
IWM191018P151,2019-10-16,2019-10-16 09:33:32,0.81,0.8901,78,0.78,0.8571,131,0.83,0.912,3,0.795,0.8736,27,0
IWM191018P151,2019-10-16,2019-10-16 09:33:32,0.81,0.8901,66,0.78,0.8571,51,0.83,0.912,3,0.795,0.8736,27,0
IWM191018P151,2019-10-16,2019-10-16 09:33:33,0.81,0.8901,45,0.78,0.8571,204,0.83,0.912,3,0.795,0.8736,27,0
IWM191018P151,2019-10-16,2019-10-16 09:33:33,0.81,0.8901,40,0.78,0.8571,204,0.83,0.912,3,0.795,0.8736,27,0
IWM191018P151,2019-10-16,2019-10-16 09:33:34,0.8,0.8791,173,0.77,0.8461,65,0.83,0.912,3,0.785,0.8626,27,0
IWM191018P151,2019-10-16,2019-10-16 09:33:34,0.81,0.8901,80,0.78,0.8571,124,0.83,0.912,3,0.795,0.8736,27,0
IWM191018P151,2019-10-16,2019-10-16 09:33:35,0.8,0.8791,193,0.78,0.8571,17,0.83,0.912,3,0.79,0.8681,27,0
IWM191018P151,2019-10-16,2019-10-16 09:33:35,0.8,0.8791,224,0.78,0.8571,17,0.83,0.912,3,0.79,0.8681,27,0
IWM191018P151,2019-10-16,2019-10-16 09:33:36,0.8,0.8791,224,0.77,0.8461,22,0.79,0.8681,5,0.785,0.8626,77,50
IWM191018P151,2019-10-16,2019-10-16 09:33:36,0.79,0.8681,123,0.77,0.8461,17,0.79,0.8681,5,0.78,0.8571,77,0
IWM191018P151,2019-10-16,2019-10-16 09:33:37,0.79,0.8681,20,0.77,0.8461,17,0.79,0.8681,5,0.78,0.8571,77,0
IWM191018P151,2019-10-16,2019-10-16 09:33:37,0.79,0.8681,42,0.77,0.8461,17,0.79,0.8681,5,0.78,0.8571,77,0
IWM191018P151,2019-10-16,2019-10-16 09:33:38,0.79,0.8681,80,0.77,0.8461,17,0.79,0.8681,5,0.78,0.8571,77,0
IWM191018P151,2019-10-16,2019-10-16 09:33:38,0.79,0.8681,128,0.76,0.8351,37,0.79,0.8681,5,0.775,0.8516,77,0
IWM191018P151,2019-10-16,2019-10-16 09:33:39,0.78,0.8571,161,0.76,0.8351,10,0.79,0.8681,5,0.77,0.8461,77,0
IWM191018P151,2019-10-16,2019-10-16 09:33:39,0.78,0.8571,171,0.76,0.8351,3,0.79,0.8681,5,0.77,0.8461,77,0
IWM191018P151,2019-10-16,2019-10-16 09:33:40,0.78,0.8571,171,0.76,0.8351,10,0.79,0.8681,5,0.77,0.8461,77,0
IWM191018P151,2019-10-16,2019-10-16 09:33:40,0.78,0.8571,161,0.76,0.8351,10,0.79,0.8681,5,0.77,0.8461,77,0
IWM191018P151,2019-10-16,2019-10-16 09:33:41,0.79,0.8681,30,0.76,0.8351,20,0.79,0.8681,5,0.775,0.8516,77,0
IWM191018P151,2019-10-16,2019-10-16 09:33:41,0.77,0.8461,20,0.75,0.8241,29,0.79,0.8681,5,0.76,0.8351,77,0
IWM191018P151,2019-10-16,2019-10-16 09:33:42,0.79,0.8681,20,0.77,0.8461,21,0.79,0.8681,5,0.78,0.8571,77,0
IWM191018P151,2019-10-16,2019-10-16 09:33:42,0.79,0.8681,20,0.77,0.8461,31,0.79,0.8681,5,0.78,0.8571,77,0
IWM191018P151,2019-10-16,2019-10-16 09:33:43,0.8,0.8791,62,0.77,0.8461,96,0.79,0.8681,5,0.785,0.8626,77,0
IWM191018P151,2019-10-16,2019-10-16 09:33:43,0.8,0.8791,163,0.77,0.8461,96,0.79,0.8681,5,0.785,0.8626,77,0
IWM191018P151,2019-10-16,2019-10-16 09:33:44,0.8,0.8791,173,0.77,0.8461,96,0.79,0.8681,5,0.785,0.8626,77,0
IWM191018P151,2019-10-16,2019-10-16 09:33:44,0.8,0.8791,173,0.77,0.8461,120,0.79,0.8681,5,0.785,0.8626,77,0
IWM191018P151,2019-10-16,2019-10-16 09:33:45,0.8,0.8791,112,0.77,0.8461,277,0.79,0.8681,5,0.785,0.8626,77,0
IWM191018P151,2019-10-16,2019-10-16 09:33:45,0.8,0.8791,173,0.77,0.8461,160,0.79,0.8681,5,0.785,0.8626,77,0
IWM191018P151,2019-10-16,2019-10-16 09:33:46,0.8,0.8791,64,0.77,0.8461,277,0.79,0.8681,5,0.785,0.8626,77,0
IWM191018P151,2019-10-16,2019-10-16 09:33:46,0.8,0.8791,64,0.78,0.8571,37,0.79,0.8681,5,0.79,0.8681,77,0
IWM191018P151,2019-10-16,2019-10-16 09:33:47,0.8,0.8791,30,0.78,0.8571,37,0.79,0.8681,5,0.79,0.8681,77,0
IWM191018P151,2019-10-16,2019-10-16 09:33:48,0.8,0.8791,220,0.77,0.8461,80,0.79,0.8681,5,0.785,0.8626,77,0
IWM191018P151,2019-10-16,2019-10-16 09:33:48,0.8,0.8791,183,0.78,0.8571,14,0.79,0.8681,5,0.79,0.8681,77,0
IWM191018P151,2019-10-16,2019-10-16 09:33:49,0.8,0.8791,223,0.78,0.8571,14,0.79,0.8681,5,0.79,0.8681,77,0
IWM191018P151,2019-10-16,2019-10-16 09:33:49,0.8,0.8791,174,0.78,0.8571,14,0.79,0.8681,5,0.79,0.8681,77,0
IWM191018P151,2019-10-16,2019-10-16 09:33:50,0.8,0.8791,71,0.78,0.8571,14,0.79,0.8681,5,0.79,0.8681,77,0
IWM191018P151,2019-10-16,2019-10-16 09:33:50,0.8,0.8791,103,0.78,0.8571,14,0.79,0.8681,5,0.79,0.8681,77,0
IWM191018P151,2019-10-16,2019-10-16 09:33:51,0.8,0.8791,53,0.77,0.8461,167,0.79,0.8681,5,0.785,0.8626,77,0
IWM191018P151,2019-10-16,2019-10-16 09:33:51,0.8,0.8791,53,0.78,0.8571,10,0.79,0.8681,5,0.79,0.8681,77,0
IWM191018P151,2019-10-16,2019-10-16 09:33:52,0.8,0.8791,129,0.78,0.8571,10,0.79,0.8681,5,0.79,0.8681,77,0
IWM191018P151,2019-10-16,2019-10-16 09:33:52,0.8,0.8791,93,0.78,0.8571,10,0.79,0.8681,5,0.79,0.8681,77,0
IWM191018P151,2019-10-16,2019-10-16 09:33:53,0.79,0.8681,75,0.75,0.8241,78,0.79,0.8681,5,0.77,0.8461,77,0
IWM191018P151,2019-10-16,2019-10-16 09:33:53,0.8,0.8791,139,0.77,0.8461,194,0.79,0.8681,5,0.785,0.8626,77,0
IWM191018P151,2019-10-16,2019-10-16 09:33:54,0.77,0.8461,14,0.76,0.8351,15,0.79,0.8681,5,0.765,0.8406,77,0
IWM191018P151,2019-10-16,2019-10-16 09:33:54,0.77,0.8461,14,0.76,0.8351,5,0.79,0.8681,5,0.765,0.8406,77,0
IWM191018P151,2019-10-16,2019-10-16 09:33:55,0.77,0.8461,20,0.74,0.8131,112,0.79,0.8681,5,0.755,0.8296,77,0
IWM191018P151,2019-10-16,2019-10-16 09:33:55,0.77,0.8461,176,0.74,0.8131,112,0.79,0.8681,5,0.755,0.8296,77,0
IWM191018P151,2019-10-16,2019-10-16 09:33:56,0.76,0.8351,10,0.74,0.8131,5,0.79,0.8681,5,0.75,0.8241,77,0
IWM191018P151,2019-10-16,2019-10-16 09:33:56,0.77,0.8461,128,0.74,0.8131,100,0.79,0.8681,5,0.755,0.8296,77,0
IWM191018P151,2019-10-16,2019-10-16 09:33:57,0.77,0.8461,69,0.74,0.8131,100,0.79,0.8681,5,0.755,0.8296,77,0
IWM191018P151,2019-10-16,2019-10-16 09:33:57,0.77,0.8461,139,0.73,0.8021,150,0.79,0.8681,5,0.75,0.8241,77,0
IWM191018P151,2019-10-16,2019-10-16 09:33:58,0.75,0.8241,20,0.73,0.8021,240,0.79,0.8681,5,0.74,0.8131,77,0
IWM191018P151,2019-10-16,2019-10-16 09:33:58,0.75,0.8241,50,0.73,0.8021,240,0.79,0.8681,5,0.74,0.8131,77,0
IWM191018P151,2019-10-16,2019-10-16 09:33:59,0.75,0.8241,40,0.73,0.8021,35,0.79,0.8681,5,0.74,0.8131,77,0
IWM191018P151,2019-10-16,2019-10-16 09:34:00,0.75,0.8241,10,0.75,0.8241,17,0.73,0.8021,1,0.75,0.8241,78,1
IWM191018P151,2019-10-16,2019-10-16 09:34:00,0.75,0.8241,122,0.73,0.8021,5,0.79,0.8681,5,0.74,0.8131,77,0
IWM191018P151,2019-10-16,2019-10-16 09:34:01,0.75,0.8241,10,0.75,0.8241,22,0.73,0.8021,1,0.75,0.8241,78,0
IWM191018P151,2019-10-16,2019-10-16 09:34:01,0.77,0.8461,45,0.75,0.8241,22,0.73,0.8021,1,0.76,0.8351,78,0
IWM191018P151,2019-10-16,2019-10-16 09:34:02,0.78,0.8571,117,0.75,0.8241,112,0.73,0.8021,1,0.765,0.8406,78,0
IWM191018P151,2019-10-16,2019-10-16 09:34:02,0.77,0.8461,20,0.75,0.8241,112,0.73,0.8021,1,0.76,0.8351,78,0
IWM191018P151,2019-10-16,2019-10-16 09:34:03,0.78,0.8571,50,0.75,0.8241,203,0.73,0.8021,1,0.765,0.8406,78,0
IWM191018P151,2019-10-16,2019-10-16 09:34:03,0.78,0.8571,127,0.75,0.8241,168,0.73,0.8021,1,0.765,0.8406,78,0
IWM191018P151,2019-10-16,2019-10-16 09:34:04,0.78,0.8571,44,0.76,0.8351,33,0.73,0.8021,1,0.77,0.8461,78,0
IWM191018P151,2019-10-16,2019-10-16 09:34:04,0.78,0.8571,53,0.76,0.8351,33,0.73,0.8021,1,0.77,0.8461,78,0
IWM191018P151,2019-10-16,2019-10-16 09:34:05,0.78,0.8571,44,0.76,0.8351,33,0.73,0.8021,1,0.77,0.8461,78,0
IWM191018P151,2019-10-16,2019-10-16 09:34:05,0.77,0.8461,59,0.75,0.8241,33,0.73,0.8021,1,0.76,0.8351,78,0
IWM191018P151,2019-10-16,2019-10-16 09:34:06,0.77,0.8461,59,0.75,0.8241,33,0.73,0.8021,1,0.76,0.8351,78,0
IWM191018P151,2019-10-16,2019-10-16 09:34:06,0.77,0.8461,24,0.75,0.8241,33,0.73,0.8021,1,0.76,0.8351,78,0
IWM191018P151,2019-10-16,2019-10-16 09:34:07,0.77,0.8461,92,0.75,0.8241,43,0.73,0.8021,1,0.76,0.8351,78,0
IWM191018P151,2019-10-16,2019-10-16 09:34:08,0.77,0.8461,165,0.74,0.8131,86,0.73,0.8021,1,0.755,0.8296,78,0
IWM191018P151,2019-10-16,2019-10-16 09:34:08,0.77,0.8461,92,0.74,0.8131,107,0.73,0.8021,1,0.755,0.8296,78,0
IWM191018P151,2019-10-16,2019-10-16 09:34:09,0.77,0.8461,220,0.74,0.8131,86,0.73,0.8021,1,0.755,0.8296,78,0
IWM191018P151,2019-10-16,2019-10-16 09:34:09,0.76,0.8351,20,0.74,0.8131,53,0.73,0.8021,1,0.75,0.8241,78,0
IWM191018P151,2019-10-16,2019-10-16 09:34:10,0.77,0.8461,103,0.75,0.8241,6,0.73,0.8021,1,0.76,0.8351,78,0
IWM191018P151,2019-10-16,2019-10-16 09:34:11,0.77,0.8461,155,0.74,0.8131,43,0.73,0.8021,1,0.755,0.8296,78,0
IWM191018P151,2019-10-16,2019-10-16 09:34:11,0.77,0.8461,155,0.74,0.8131,23,0.73,0.8021,1,0.755,0.8296,78,0
IWM191018P151,2019-10-16,2019-10-16 09:34:12,0.76,0.8351,116,0.73,0.8021,121,0.73,0.8021,1,0.745,0.8186,78,0
IWM191018P151,2019-10-16,2019-10-16 09:34:12,0.76,0.8351,184,0.73,0.8021,93,0.73,0.8021,1,0.745,0.8186,78,0
IWM191018P151,2019-10-16,2019-10-16 09:34:13,0.76,0.8351,185,0.73,0.8021,245,0.73,0.8021,1,0.745,0.8186,78,0
IWM191018P151,2019-10-16,2019-10-16 09:34:13,0.76,0.8351,185,0.73,0.8021,124,0.73,0.8021,1,0.745,0.8186,78,0
IWM191018P151,2019-10-16,2019-10-16 09:34:14,0.76,0.8351,196,0.73,0.8021,163,0.73,0.8021,1,0.745,0.8186,78,0
IWM191018P151,2019-10-16,2019-10-16 09:34:15,0.76,0.8351,309,0.73,0.8021,163,0.73,0.8021,1,0.745,0.8186,78,0
IWM191018P151,2019-10-16,2019-10-16 09:34:15,0.76,0.8351,280,0.73,0.8021,75,0.73,0.8021,1,0.745,0.8186,78,0
IWM191018P151,2019-10-16,2019-10-16 09:34:16,0.76,0.8351,286,0.73,0.8021,75,0.73,0.8021,1,0.745,0.8186,78,0
IWM191018P151,2019-10-16,2019-10-16 09:34:16,0.76,0.8351,288,0.73,0.8021,75,0.73,0.8021,1,0.745,0.8186,78,0
IWM191018P151,2019-10-16,2019-10-16 09:34:17,0.76,0.8351,288,0.73,0.8021,104,0.73,0.8021,1,0.745,0.8186,78,0
IWM191018P151,2019-10-16,2019-10-16 09:34:17,0.76,0.8351,280,0.73,0.8021,119,0.73,0.8021,1,0.745,0.8186,78,0
IWM191018P151,2019-10-16,2019-10-16 09:34:18,0.76,0.8351,204,0.73,0.8021,119,0.73,0.8021,1,0.745,0.8186,78,0
IWM191018P151,2019-10-16,2019-10-16 09:34:18,0.76,0.8351,171,0.73,0.8021,159,0.73,0.8021,1,0.745,0.8186,78,0
IWM191018P151,2019-10-16,2019-10-16 09:34:19,0.76,0.8351,171,0.73,0.8021,227,0.73,0.8021,1,0.745,0.8186,78,0
IWM191018P151,2019-10-16,2019-10-16 09:34:19,0.76,0.8351,181,0.73,0.8021,227,0.73,0.8021,1,0.745,0.8186,78,0
IWM191018P151,2019-10-16,2019-10-16 09:34:20,0.76,0.8351,181,0.73,0.8021,227,0.73,0.8021,1,0.745,0.8186,78,0
IWM191018P151,2019-10-16,2019-10-16 09:34:20,0.76,0.8351,167,0.74,0.8131,17,0.73,0.8021,1,0.75,0.8241,78,0
IWM191018P151,2019-10-16,2019-10-16 09:34:21,0.76,0.8351,177,0.74,0.8131,17,0.73,0.8021,1,0.75,0.8241,78,0
IWM191018P151,2019-10-16,2019-10-16 09:34:22,0.76,0.8351,63,0.74,0.8131,97,0.73,0.8021,1,0.75,0.8241,78,0
IWM191018P151,2019-10-16,2019-10-16 09:34:22,0.76,0.8351,77,0.74,0.8131,9,0.73,0.8021,1,0.75,0.8241,78,0
IWM191018P151,2019-10-16,2019-10-16 09:34:23,0.76,0.8351,65,0.73,0.8021,146,0.73,0.8021,1,0.745,0.8186,78,0
IWM191018P151,2019-10-16,2019-10-16 09:34:23,0.77,0.8461,51,0.74,0.8131,240,0.73,0.8021,1,0.755,0.8296,78,0
IWM191018P151,2019-10-16,2019-10-16 09:34:24,0.77,0.8461,124,0.74,0.8131,210,0.73,0.8021,1,0.755,0.8296,78,0
IWM191018P151,2019-10-16,2019-10-16 09:34:24,0.77,0.8461,66,0.74,0.8131,210,0.73,0.8021,1,0.755,0.8296,78,0
IWM191018P151,2019-10-16,2019-10-16 09:34:25,0.77,0.8461,60,0.74,0.8131,266,0.73,0.8021,1,0.755,0.8296,78,0
IWM191018P151,2019-10-16,2019-10-16 09:34:26,0.76,0.8351,192,0.72,0.7912,15,0.73,0.8021,1,0.74,0.8131,78,0
IWM191018P151,2019-10-16,2019-10-16 09:34:27,0.74,0.8131,171,0.72,0.7912,5,0.73,0.8021,1,0.73,0.8021,78,0
IWM191018P151,2019-10-16,2019-10-16 09:34:27,0.74,0.8131,3,0.71,0.7802,20,0.73,0.8021,1,0.725,0.7967,78,0
IWM191018P151,2019-10-16,2019-10-16 09:34:28,0.74,0.8131,171,0.7,0.7692,63,0.73,0.8021,1,0.72,0.7912,78,0
IWM191018P151,2019-10-16,2019-10-16 09:34:28,0.74,0.8131,171,0.72,0.7912,5,0.73,0.8021,1,0.73,0.8021,78,0
IWM191018P151,2019-10-16,2019-10-16 09:34:29,0.74,0.8131,303,0.7,0.7692,117,0.73,0.8021,1,0.72,0.7912,78,0
IWM191018P151,2019-10-16,2019-10-16 09:34:29,0.74,0.8131,232,0.72,0.7912,5,0.73,0.8021,1,0.73,0.8021,78,0
IWM191018P151,2019-10-16,2019-10-16 09:34:30,0.74,0.8131,251,0.72,0.7912,10,0.73,0.8021,1,0.73,0.8021,78,0
IWM191018P151,2019-10-16,2019-10-16 09:34:30,0.74,0.8131,30,0.72,0.7912,10,0.73,0.8021,1,0.73,0.8021,78,0
IWM191018P151,2019-10-16,2019-10-16 09:34:31,0.74,0.8131,30,0.72,0.7912,10,0.73,0.8021,1,0.73,0.8021,78,0
IWM191018P151,2019-10-16,2019-10-16 09:34:32,0.74,0.8131,101,0.72,0.7912,10,0.73,0.8021,1,0.73,0.8021,78,0
IWM191018P151,2019-10-16,2019-10-16 09:34:32,0.74,0.8131,30,0.72,0.7912,115,0.73,0.8021,1,0.73,0.8021,78,0
IWM191018P151,2019-10-16,2019-10-16 09:34:33,0.74,0.8131,264,0.71,0.7802,92,0.73,0.8021,1,0.725,0.7967,78,0
IWM191018P151,2019-10-16,2019-10-16 09:34:33,0.74,0.8131,185,0.71,0.7802,184,0.73,0.8021,1,0.725,0.7967,78,0
IWM191018P151,2019-10-16,2019-10-16 09:34:34,0.74,0.8131,278,0.71,0.7802,92,0.73,0.8021,1,0.725,0.7967,78,0
IWM191018P151,2019-10-16,2019-10-16 09:34:35,0.74,0.8131,278,0.71,0.7802,10,0.73,0.8021,1,0.725,0.7967,78,0
IWM191018P151,2019-10-16,2019-10-16 09:34:35,0.74,0.8131,378,0.7,0.7692,218,0.73,0.8021,1,0.72,0.7912,78,0
IWM191018P151,2019-10-16,2019-10-16 09:34:36,0.74,0.8131,293,0.7,0.7692,64,0.73,0.8021,1,0.72,0.7912,78,0
IWM191018P151,2019-10-16,2019-10-16 09:34:36,0.74,0.8131,513,0.7,0.7692,132,0.73,0.8021,1,0.72,0.7912,78,0
IWM191018P151,2019-10-16,2019-10-16 09:34:37,0.74,0.8131,293,0.7,0.7692,64,0.73,0.8021,1,0.72,0.7912,78,0
IWM191018P151,2019-10-16,2019-10-16 09:34:37,0.72,0.7912,126,0.7,0.7692,10,0.73,0.8021,1,0.71,0.7802,78,0
IWM191018P151,2019-10-16,2019-10-16 09:34:38,0.72,0.7912,127,0.7,0.7692,22,0.73,0.8021,1,0.71,0.7802,78,0
IWM191018P151,2019-10-16,2019-10-16 09:34:39,0.72,0.7912,40,0.7,0.7692,22,0.73,0.8021,1,0.71,0.7802,78,0
IWM191018P151,2019-10-16,2019-10-16 09:34:39,0.72,0.7912,46,0.7,0.7692,64,0.73,0.8021,1,0.71,0.7802,78,0
IWM191018P151,2019-10-16,2019-10-16 09:34:40,0.73,0.8021,40,0.7,0.7692,64,0.73,0.8021,1,0.715,0.7857,78,0
IWM191018P151,2019-10-16,2019-10-16 09:34:40,0.73,0.8021,40,0.7,0.7692,289,0.73,0.8021,1,0.715,0.7857,78,0
IWM191018P151,2019-10-16,2019-10-16 09:34:41,0.73,0.8021,46,0.7,0.7692,249,0.73,0.8021,1,0.715,0.7857,78,0
IWM191018P151,2019-10-16,2019-10-16 09:34:41,0.73,0.8021,56,0.7,0.7692,249,0.73,0.8021,1,0.715,0.7857,78,0
IWM191018P151,2019-10-16,2019-10-16 09:34:42,0.73,0.8021,46,0.7,0.7692,350,0.73,0.8021,1,0.715,0.7857,78,0
IWM191018P151,2019-10-16,2019-10-16 09:34:42,0.73,0.8021,46,0.7,0.7692,249,0.73,0.8021,1,0.715,0.7857,78,0
IWM191018P151,2019-10-16,2019-10-16 09:34:43,0.74,0.8131,60,0.7,0.7692,350,0.73,0.8021,1,0.72,0.7912,78,0
IWM191018P151,2019-10-16,2019-10-16 09:34:43,0.74,0.8131,40,0.7,0.7692,350,0.73,0.8021,1,0.72,0.7912,78,0
IWM191018P151,2019-10-16,2019-10-16 09:34:44,0.74,0.8131,76,0.72,0.7912,18,0.73,0.8021,1,0.73,0.8021,78,0
IWM191018P151,2019-10-16,2019-10-16 09:34:44,0.74,0.8131,60,0.7,0.7692,350,0.73,0.8021,1,0.72,0.7912,78,0
IWM191018P151,2019-10-16,2019-10-16 09:34:45,0.74,0.8131,80,0.71,0.7802,72,0.73,0.8021,1,0.725,0.7967,78,0
IWM191018P151,2019-10-16,2019-10-16 09:34:45,0.74,0.8131,43,0.72,0.7912,79,0.73,0.8021,1,0.73,0.8021,78,0
IWM191018P151,2019-10-16,2019-10-16 09:34:46,0.75,0.8241,40,0.72,0.7912,94,0.73,0.8021,1,0.735,0.8076,78,0
IWM191018P151,2019-10-16,2019-10-16 09:34:46,0.75,0.8241,24,0.72,0.7912,79,0.73,0.8021,1,0.735,0.8076,78,0
IWM191018P151,2019-10-16,2019-10-16 09:34:47,0.75,0.8241,61,0.72,0.7912,227,0.73,0.8021,1,0.735,0.8076,78,0
IWM191018P151,2019-10-16,2019-10-16 09:34:48,0.75,0.8241,200,0.72,0.7912,79,0.73,0.8021,1,0.735,0.8076,78,0
IWM191018P151,2019-10-16,2019-10-16 09:34:48,0.75,0.8241,190,0.72,0.7912,79,0.73,0.8021,1,0.735,0.8076,78,0
IWM191018P151,2019-10-16,2019-10-16 09:34:49,0.75,0.8241,317,0.72,0.7912,22,0.73,0.8021,1,0.735,0.8076,78,0
IWM191018P151,2019-10-16,2019-10-16 09:34:49,0.75,0.8241,184,0.72,0.7912,79,0.73,0.8021,1,0.735,0.8076,78,0
IWM191018P151,2019-10-16,2019-10-16 09:34:50,0.74,0.8131,50,0.71,0.7802,143,0.73,0.8021,1,0.725,0.7967,78,0
IWM191018P151,2019-10-16,2019-10-16 09:34:50,0.75,0.8241,389,0.71,0.7802,97,0.73,0.8021,1,0.73,0.8021,78,0
IWM191018P151,2019-10-16,2019-10-16 09:34:51,0.74,0.8131,61,0.72,0.7912,51,0.73,0.8021,1,0.73,0.8021,78,0
IWM191018P151,2019-10-16,2019-10-16 09:34:52,0.74,0.8131,46,0.72,0.7912,51,0.73,0.8021,1,0.73,0.8021,78,0
IWM191018P151,2019-10-16,2019-10-16 09:34:52,0.74,0.8131,15,0.72,0.7912,51,0.73,0.8021,1,0.73,0.8021,78,0
IWM191018P151,2019-10-16,2019-10-16 09:34:53,0.74,0.8131,144,0.72,0.7912,51,0.73,0.8021,1,0.73,0.8021,78,0
IWM191018P151,2019-10-16,2019-10-16 09:34:53,0.74,0.8131,308,0.72,0.7912,47,0.73,0.8021,1,0.73,0.8021,78,0
IWM191018P151,2019-10-16,2019-10-16 09:34:54,0.74,0.8131,382,0.7,0.7692,113,0.73,0.8021,1,0.72,0.7912,78,0
IWM191018P151,2019-10-16,2019-10-16 09:34:54,0.74,0.8131,306,0.7,0.7692,113,0.73,0.8021,1,0.72,0.7912,78,0
IWM191018P151,2019-10-16,2019-10-16 09:34:55,0.74,0.8131,360,0.7,0.7692,95,0.73,0.8021,1,0.72,0.7912,78,0
IWM191018P151,2019-10-16,2019-10-16 09:34:55,0.74,0.8131,363,0.7,0.7692,95,0.73,0.8021,1,0.72,0.7912,78,0
IWM191018P151,2019-10-16,2019-10-16 09:34:56,0.74,0.8131,376,0.71,0.7802,45,0.73,0.8021,1,0.725,0.7967,78,0
IWM191018P151,2019-10-16,2019-10-16 09:34:56,0.74,0.8131,373,0.7,0.7692,120,0.73,0.8021,1,0.72,0.7912,78,0
IWM191018P151,2019-10-16,2019-10-16 09:34:57,0.74,0.8131,376,0.71,0.7802,50,0.73,0.8021,1,0.725,0.7967,78,0
IWM191018P151,2019-10-16,2019-10-16 09:34:57,0.74,0.8131,376,0.71,0.7802,45,0.73,0.8021,1,0.725,0.7967,78,0
IWM191018P151,2019-10-16,2019-10-16 09:34:58,0.73,0.8021,30,0.7,0.7692,65,0.73,0.8021,1,0.715,0.7857,78,0
IWM191018P151,2019-10-16,2019-10-16 09:34:58,0.73,0.8021,46,0.7,0.7692,96,0.73,0.8021,1,0.715,0.7857,78,0
IWM191018P151,2019-10-16,2019-10-16 09:34:59,0.73,0.8021,269,0.7,0.7692,65,0.73,0.8021,1,0.715,0.7857,78,0
IWM191018P151,2019-10-16,2019-10-16 09:34:59,0.73,0.8021,259,0.7,0.7692,74,0.73,0.8021,1,0.715,0.7857,78,0
IWM191018P151,2019-10-16,2019-10-16 09:35:00,0.71,0.7802,24,0.69,0.7582,65,0.73,0.8021,1,0.7,0.7692,78,0
IWM191018P151,2019-10-16,2019-10-16 09:35:00,0.71,0.7802,123,0.69,0.7582,65,0.73,0.8021,1,0.7,0.7692,78,0
IWM191018P151,2019-10-16,2019-10-16 09:35:01,0.71,0.7802,205,0.69,0.7582,33,0.73,0.8021,1,0.7,0.7692,78,0
IWM191018P151,2019-10-16,2019-10-16 09:35:01,0.71,0.7802,212,0.68,0.7472,97,0.73,0.8021,1,0.695,0.7637,78,0
IWM191018P151,2019-10-16,2019-10-16 09:35:02,0.71,0.7802,170,0.68,0.7472,65,0.73,0.8021,1,0.695,0.7637,78,0
IWM191018P151,2019-10-16,2019-10-16 09:35:02,0.71,0.7802,144,0.69,0.7582,33,0.73,0.8021,1,0.7,0.7692,78,0
IWM191018P151,2019-10-16,2019-10-16 09:35:03,0.7,0.7692,10,0.68,0.7472,77,0.73,0.8021,1,0.69,0.7582,78,0
IWM191018P151,2019-10-16,2019-10-16 09:35:03,0.7,0.7692,19,0.68,0.7472,140,0.73,0.8021,1,0.69,0.7582,78,0
IWM191018P151,2019-10-16,2019-10-16 09:35:04,0.71,0.7802,20,0.68,0.7472,77,0.73,0.8021,1,0.695,0.7637,78,0
IWM191018P151,2019-10-16,2019-10-16 09:35:04,0.71,0.7802,123,0.68,0.7472,308,0.73,0.8021,1,0.695,0.7637,78,0
IWM191018P151,2019-10-16,2019-10-16 09:35:05,0.71,0.7802,79,0.69,0.7582,66,0.73,0.8021,1,0.7,0.7692,78,0
IWM191018P151,2019-10-16,2019-10-16 09:35:06,0.72,0.7912,161,0.69,0.7582,344,0.73,0.8021,1,0.705,0.7747,78,0
IWM191018P151,2019-10-16,2019-10-16 09:35:06,0.72,0.7912,198,0.69,0.7582,344,0.73,0.8021,1,0.705,0.7747,78,0
IWM191018P151,2019-10-16,2019-10-16 09:35:07,0.72,0.7912,274,0.69,0.7582,99,0.73,0.8021,1,0.705,0.7747,78,0
IWM191018P151,2019-10-16,2019-10-16 09:35:07,0.72,0.7912,56,0.69,0.7582,66,0.73,0.8021,1,0.705,0.7747,78,0
IWM191018P151,2019-10-16,2019-10-16 09:35:08,0.72,0.7912,46,0.7,0.7692,97,0.73,0.8021,1,0.71,0.7802,78,0
IWM191018P151,2019-10-16,2019-10-16 09:35:08,0.72,0.7912,40,0.7,0.7692,97,0.73,0.8021,1,0.71,0.7802,78,0
IWM191018P151,2019-10-16,2019-10-16 09:35:09,0.73,0.8021,188,0.7,0.7692,233,0.73,0.8021,1,0.715,0.7857,78,0
IWM191018P151,2019-10-16,2019-10-16 09:35:10,0.72,0.7912,10,0.7,0.7692,141,0.73,0.8021,1,0.71,0.7802,78,0
IWM191018P151,2019-10-16,2019-10-16 09:35:10,0.73,0.8021,88,0.7,0.7692,214,0.73,0.8021,1,0.715,0.7857,78,0
IWM191018P151,2019-10-16,2019-10-16 09:35:11,0.73,0.8021,215,0.7,0.7692,228,0.73,0.8021,1,0.715,0.7857,78,0
IWM191018P151,2019-10-16,2019-10-16 09:35:11,0.73,0.8021,132,0.7,0.7692,188,0.73,0.8021,1,0.715,0.7857,78,0
IWM191018P151,2019-10-16,2019-10-16 09:35:12,0.72,0.7912,141,0.7,0.7692,57,0.73,0.8021,1,0.71,0.7802,78,0
IWM191018P151,2019-10-16,2019-10-16 09:35:12,0.72,0.7912,213,0.7,0.7692,57,0.73,0.8021,1,0.71,0.7802,78,0
IWM191018P151,2019-10-16,2019-10-16 09:35:13,0.72,0.7912,84,0.7,0.7692,57,0.73,0.8021,1,0.71,0.7802,78,0
IWM191018P151,2019-10-16,2019-10-16 09:35:13,0.72,0.7912,143,0.7,0.7692,57,0.73,0.8021,1,0.71,0.7802,78,0
IWM191018P151,2019-10-16,2019-10-16 09:35:14,0.72,0.7912,109,0.7,0.7692,92,0.73,0.8021,1,0.71,0.7802,78,0
IWM191018P151,2019-10-16,2019-10-16 09:35:14,0.72,0.7912,143,0.7,0.7692,138,0.73,0.8021,1,0.71,0.7802,78,0
IWM191018P151,2019-10-16,2019-10-16 09:35:15,0.72,0.7912,30,0.7,0.7692,141,0.73,0.8021,1,0.71,0.7802,78,0
IWM191018P151,2019-10-16,2019-10-16 09:35:15,0.73,0.8021,16,0.71,0.7802,97,0.73,0.8021,1,0.72,0.7912,78,0
IWM191018P151,2019-10-16,2019-10-16 09:35:16,0.73,0.8021,45,0.71,0.7802,66,0.73,0.8021,1,0.72,0.7912,78,0
IWM191018P151,2019-10-16,2019-10-16 09:35:17,0.73,0.8021,45,0.71,0.7802,75,0.73,0.8021,1,0.72,0.7912,78,0
IWM191018P151,2019-10-16,2019-10-16 09:35:17,0.73,0.8021,129,0.71,0.7802,82,0.73,0.8021,1,0.72,0.7912,78,0
IWM191018P151,2019-10-16,2019-10-16 09:35:18,0.73,0.8021,129,0.71,0.7802,82,0.73,0.8021,1,0.72,0.7912,78,0
IWM191018P151,2019-10-16,2019-10-16 09:35:18,0.73,0.8021,208,0.7,0.7692,97,0.73,0.8021,1,0.715,0.7857,78,0
IWM191018P151,2019-10-16,2019-10-16 09:35:19,0.73,0.8021,231,0.7,0.7692,97,0.73,0.8021,1,0.715,0.7857,78,0
IWM191018P151,2019-10-16,2019-10-16 09:35:20,0.73,0.8021,231,0.71,0.7802,54,0.73,0.8021,1,0.72,0.7912,78,0
IWM191018P151,2019-10-16,2019-10-16 09:35:20,0.73,0.8021,231,0.7,0.7692,97,0.73,0.8021,1,0.715,0.7857,78,0
IWM191018P151,2019-10-16,2019-10-16 09:35:21,0.73,0.8021,51,0.71,0.7802,65,0.73,0.8021,1,0.72,0.7912,78,0
IWM191018P151,2019-10-16,2019-10-16 09:35:21,0.73,0.8021,61,0.71,0.7802,65,0.73,0.8021,1,0.72,0.7912,78,0
IWM191018P151,2019-10-16,2019-10-16 09:35:22,0.73,0.8021,193,0.7,0.7692,97,0.73,0.8021,1,0.715,0.7857,78,0
IWM191018P151,2019-10-16,2019-10-16 09:35:22,0.73,0.8021,193,0.71,0.7802,65,0.73,0.8021,1,0.72,0.7912,78,0
IWM191018P151,2019-10-16,2019-10-16 09:35:23,0.72,0.7912,43,0.7,0.7692,110,0.73,0.8021,1,0.71,0.7802,78,0
IWM191018P151,2019-10-16,2019-10-16 09:35:23,0.72,0.7912,20,0.7,0.7692,98,0.73,0.8021,1,0.71,0.7802,78,0
IWM191018P151,2019-10-16,2019-10-16 09:35:24,0.72,0.7912,163,0.7,0.7692,135,0.73,0.8021,1,0.71,0.7802,78,0
IWM191018P151,2019-10-16,2019-10-16 09:35:24,0.72,0.7912,49,0.7,0.7692,141,0.73,0.8021,1,0.71,0.7802,78,0
IWM191018P151,2019-10-16,2019-10-16 09:35:25,0.72,0.7912,158,0.7,0.7692,135,0.73,0.8021,1,0.71,0.7802,78,0
IWM191018P151,2019-10-16,2019-10-16 09:35:25,0.72,0.7912,178,0.7,0.7692,135,0.73,0.8021,1,0.71,0.7802,78,0
IWM191018P151,2019-10-16,2019-10-16 09:35:26,0.72,0.7912,178,0.7,0.7692,135,0.73,0.8021,1,0.71,0.7802,78,0
IWM191018P151,2019-10-16,2019-10-16 09:35:26,0.72,0.7912,147,0.7,0.7692,135,0.73,0.8021,1,0.71,0.7802,78,0
IWM191018P151,2019-10-16,2019-10-16 09:35:27,0.72,0.7912,30,0.7,0.7692,140,0.73,0.8021,1,0.71,0.7802,78,0
IWM191018P151,2019-10-16,2019-10-16 09:35:28,0.72,0.7912,30,0.7,0.7692,186,0.73,0.8021,1,0.71,0.7802,78,0
IWM191018P151,2019-10-16,2019-10-16 09:35:28,0.72,0.7912,41,0.7,0.7692,230,0.73,0.8021,1,0.71,0.7802,78,0
IWM191018P151,2019-10-16,2019-10-16 09:35:29,0.72,0.7912,30,0.7,0.7692,186,0.73,0.8021,1,0.71,0.7802,78,0
IWM191018P151,2019-10-16,2019-10-16 09:35:29,0.72,0.7912,30,0.7,0.7692,276,0.73,0.8021,1,0.71,0.7802,78,0
IWM191018P151,2019-10-16,2019-10-16 09:35:30,0.72,0.7912,30,0.7,0.7692,276,0.73,0.8021,1,0.71,0.7802,78,0
IWM191018P151,2019-10-16,2019-10-16 09:35:30,0.72,0.7912,30,0.71,0.7802,92,0.73,0.8021,1,0.715,0.7857,78,0
IWM191018P151,2019-10-16,2019-10-16 09:35:31,0.73,0.8021,30,0.71,0.7802,229,0.73,0.8021,1,0.72,0.7912,78,0
IWM191018P151,2019-10-16,2019-10-16 09:35:32,0.74,0.8131,41,0.71,0.7802,229,0.73,0.8021,1,0.725,0.7967,78,0
IWM191018P151,2019-10-16,2019-10-16 09:35:32,0.74,0.8131,30,0.71,0.7802,229,0.73,0.8021,1,0.725,0.7967,78,0
IWM191018P151,2019-10-16,2019-10-16 09:35:33,0.73,0.8021,30,0.71,0.7802,322,0.73,0.8021,1,0.72,0.7912,78,0
IWM191018P151,2019-10-16,2019-10-16 09:35:33,0.74,0.8131,41,0.72,0.7912,9,0.73,0.8021,1,0.73,0.8021,78,0
IWM191018P151,2019-10-16,2019-10-16 09:35:34,0.73,0.8021,30,0.71,0.7802,322,0.73,0.8021,1,0.72,0.7912,78,0
IWM191018P151,2019-10-16,2019-10-16 09:35:35,0.73,0.8021,30,0.71,0.7802,127,0.73,0.8021,1,0.72,0.7912,78,0
IWM191018P151,2019-10-16,2019-10-16 09:35:35,0.73,0.8021,44,0.71,0.7802,141,0.73,0.8021,1,0.72,0.7912,78,0
IWM191018P151,2019-10-16,2019-10-16 09:35:36,0.73,0.8021,40,0.71,0.7802,97,0.73,0.8021,1,0.72,0.7912,78,0
IWM191018P151,2019-10-16,2019-10-16 09:35:36,0.73,0.8021,40,0.71,0.7802,98,0.73,0.8021,1,0.72,0.7912,78,0
IWM191018P151,2019-10-16,2019-10-16 09:35:37,0.73,0.8021,61,0.71,0.7802,74,0.73,0.8021,1,0.72,0.7912,78,0
IWM191018P151,2019-10-16,2019-10-16 09:35:37,0.73,0.8021,107,0.71,0.7802,74,0.73,0.8021,1,0.72,0.7912,78,0
IWM191018P151,2019-10-16,2019-10-16 09:35:38,0.73,0.8021,157,0.71,0.7802,65,0.73,0.8021,1,0.72,0.7912,78,0
IWM191018P151,2019-10-16,2019-10-16 09:35:38,0.73,0.8021,147,0.71,0.7802,74,0.73,0.8021,1,0.72,0.7912,78,0
IWM191018P151,2019-10-16,2019-10-16 09:35:39,0.73,0.8021,10,0.71,0.7802,222,0.73,0.8021,1,0.72,0.7912,78,0
IWM191018P151,2019-10-16,2019-10-16 09:35:39,0.73,0.8021,30,0.71,0.7802,360,0.73,0.8021,1,0.72,0.7912,78,0
IWM191018P151,2019-10-16,2019-10-16 09:35:40,0.74,0.8131,30,0.71,0.7802,232,0.73,0.8021,1,0.725,0.7967,78,0
IWM191018P151,2019-10-16,2019-10-16 09:35:40,0.74,0.8131,179,0.71,0.7802,232,0.73,0.8021,1,0.725,0.7967,78,0
IWM191018P151,2019-10-16,2019-10-16 09:35:41,0.75,0.8241,20,0.73,0.8021,117,0.73,0.8021,1,0.74,0.8131,78,0
IWM191018P151,2019-10-16,2019-10-16 09:35:41,0.75,0.8241,2,0.73,0.8021,117,0.73,0.8021,1,0.74,0.8131,78,0
IWM191018P151,2019-10-16,2019-10-16 09:35:42,0.76,0.8351,46,0.73,0.8021,143,0.73,0.8021,1,0.745,0.8186,78,0
IWM191018P151,2019-10-16,2019-10-16 09:35:42,0.76,0.8351,41,0.74,0.8131,74,0.73,0.8021,1,0.75,0.8241,78,0
IWM191018P151,2019-10-16,2019-10-16 09:35:43,0.76,0.8351,186,0.74,0.8131,74,0.73,0.8021,1,0.75,0.8241,78,0
IWM191018P151,2019-10-16,2019-10-16 09:35:44,0.76,0.8351,212,0.74,0.8131,74,0.73,0.8021,1,0.75,0.8241,78,0
IWM191018P151,2019-10-16,2019-10-16 09:35:44,0.76,0.8351,202,0.74,0.8131,74,0.73,0.8021,1,0.75,0.8241,78,0
IWM191018P151,2019-10-16,2019-10-16 09:35:45,0.76,0.8351,30,0.74,0.8131,67,0.73,0.8021,1,0.75,0.8241,78,0
IWM191018P151,2019-10-16,2019-10-16 09:35:45,0.76,0.8351,20,0.74,0.8131,67,0.73,0.8021,1,0.75,0.8241,78,0
IWM191018P151,2019-10-16,2019-10-16 09:35:46,0.78,0.8571,36,0.75,0.8241,97,0.73,0.8021,1,0.765,0.8406,78,0
IWM191018P151,2019-10-16,2019-10-16 09:35:46,0.77,0.8461,20,0.74,0.8131,165,0.73,0.8021,1,0.755,0.8296,78,0
IWM191018P151,2019-10-16,2019-10-16 09:35:47,0.77,0.8461,1,0.75,0.8241,140,0.73,0.8021,1,0.76,0.8351,78,0
IWM191018P151,2019-10-16,2019-10-16 09:35:47,0.78,0.8571,258,0.75,0.8241,97,0.73,0.8021,1,0.765,0.8406,78,0
IWM191018P151,2019-10-16,2019-10-16 09:35:48,0.77,0.8461,197,0.75,0.8241,77,0.73,0.8021,1,0.76,0.8351,78,0
IWM191018P151,2019-10-16,2019-10-16 09:35:48,0.77,0.8461,166,0.74,0.8131,209,0.73,0.8021,1,0.755,0.8296,78,0
IWM191018P151,2019-10-16,2019-10-16 09:35:49,0.77,0.8461,319,0.74,0.8131,209,0.73,0.8021,1,0.755,0.8296,78,0
IWM191018P151,2019-10-16,2019-10-16 09:35:49,0.77,0.8461,92,0.74,0.8131,140,0.73,0.8021,1,0.755,0.8296,78,0
IWM191018P151,2019-10-16,2019-10-16 09:35:50,0.77,0.8461,69,0.74,0.8131,140,0.73,0.8021,1,0.755,0.8296,78,0
IWM191018P151,2019-10-16,2019-10-16 09:35:51,0.78,0.8571,44,0.76,0.8351,78,0.73,0.8021,1,0.77,0.8461,78,0
IWM191018P151,2019-10-16,2019-10-16 09:35:51,0.78,0.8571,11,0.75,0.8241,280,0.73,0.8021,1,0.765,0.8406,78,0
IWM191018P151,2019-10-16,2019-10-16 09:35:52,0.78,0.8571,291,0.75,0.8241,97,0.73,0.8021,1,0.765,0.8406,78,0
IWM191018P151,2019-10-16,2019-10-16 09:35:52,0.78,0.8571,112,0.76,0.8351,97,0.73,0.8021,1,0.77,0.8461,78,0
IWM191018P151,2019-10-16,2019-10-16 09:35:53,0.78,0.8571,301,0.75,0.8241,49,0.73,0.8021,1,0.765,0.8406,78,0
IWM191018P151,2019-10-16,2019-10-16 09:35:54,0.78,0.8571,110,0.75,0.8241,246,0.73,0.8021,1,0.765,0.8406,78,0
IWM191018P151,2019-10-16,2019-10-16 09:35:54,0.78,0.8571,110,0.75,0.8241,206,0.73,0.8021,1,0.765,0.8406,78,0
IWM191018P151,2019-10-16,2019-10-16 09:35:55,0.78,0.8571,168,0.75,0.8241,246,0.73,0.8021,1,0.765,0.8406,78,0
IWM191018P151,2019-10-16,2019-10-16 09:35:55,0.78,0.8571,151,0.75,0.8241,201,0.73,0.8021,1,0.765,0.8406,78,0
IWM191018P151,2019-10-16,2019-10-16 09:35:56,0.78,0.8571,20,0.76,0.8351,92,0.73,0.8021,1,0.77,0.8461,78,0
IWM191018P151,2019-10-16,2019-10-16 09:35:56,0.78,0.8571,13,0.76,0.8351,92,0.73,0.8021,1,0.77,0.8461,78,0
IWM191018P151,2019-10-16,2019-10-16 09:35:57,0.79,0.8681,5,0.76,0.8351,228,0.73,0.8021,1,0.775,0.8516,78,0
IWM191018P151,2019-10-16,2019-10-16 09:35:57,0.78,0.8571,13,0.76,0.8351,92,0.73,0.8021,1,0.77,0.8461,78,0
IWM191018P151,2019-10-16,2019-10-16 09:35:58,0.8,0.8791,9,0.77,0.8461,75,0.73,0.8021,1,0.785,0.8626,78,0
IWM191018P151,2019-10-16,2019-10-16 09:35:58,0.81,0.8901,25,0.78,0.8571,84,0.73,0.8021,1,0.795,0.8736,78,0
IWM191018P151,2019-10-16,2019-10-16 09:35:59,0.81,0.8901,43,0.78,0.8571,86,0.73,0.8021,1,0.795,0.8736,78,0
IWM191018P151,2019-10-16,2019-10-16 09:35:59,0.81,0.8901,20,0.78,0.8571,86,0.73,0.8021,1,0.795,0.8736,78,0
IWM191018P151,2019-10-16,2019-10-16 09:36:00,0.81,0.8901,30,0.78,0.8571,97,0.73,0.8021,1,0.795,0.8736,78,0
IWM191018P151,2019-10-16,2019-10-16 09:36:00,0.81,0.8901,46,0.78,0.8571,58,0.73,0.8021,1,0.795,0.8736,78,0
IWM191018P151,2019-10-16,2019-10-16 09:36:01,0.8,0.8791,1,0.78,0.8571,109,0.73,0.8021,1,0.79,0.8681,78,0
IWM191018P151,2019-10-16,2019-10-16 09:36:01,0.8,0.8791,1,0.78,0.8571,93,0.73,0.8021,1,0.79,0.8681,78,0
IWM191018P151,2019-10-16,2019-10-16 09:36:02,0.8,0.8791,4,0.78,0.8571,17,0.73,0.8021,1,0.79,0.8681,78,0
IWM191018P151,2019-10-16,2019-10-16 09:36:02,0.8,0.8791,55,0.78,0.8571,97,0.73,0.8021,1,0.79,0.8681,78,0
IWM191018P151,2019-10-16,2019-10-16 09:36:03,0.8,0.8791,55,0.78,0.8571,97,0.73,0.8021,1,0.79,0.8681,78,0
IWM191018P151,2019-10-16,2019-10-16 09:36:04,0.8,0.8791,55,0.78,0.8571,97,0.73,0.8021,1,0.79,0.8681,78,0
IWM191018P151,2019-10-16,2019-10-16 09:36:04,0.8,0.8791,40,0.78,0.8571,97,0.73,0.8021,1,0.79,0.8681,78,0
IWM191018P151,2019-10-16,2019-10-16 09:36:05,0.8,0.8791,40,0.78,0.8571,97,0.73,0.8021,1,0.79,0.8681,78,0
IWM191018P151,2019-10-16,2019-10-16 09:36:05,0.8,0.8791,20,0.78,0.8571,97,0.73,0.8021,1,0.79,0.8681,78,0
IWM191018P151,2019-10-16,2019-10-16 09:36:06,0.81,0.8901,46,0.78,0.8571,200,0.73,0.8021,1,0.795,0.8736,78,0
IWM191018P151,2019-10-16,2019-10-16 09:36:06,0.8,0.8791,20,0.78,0.8571,128,0.73,0.8021,1,0.79,0.8681,78,0
IWM191018P151,2019-10-16,2019-10-16 09:36:07,0.81,0.8901,168,0.78,0.8571,226,0.73,0.8021,1,0.795,0.8736,78,0
IWM191018P151,2019-10-16,2019-10-16 09:36:07,0.81,0.8901,307,0.78,0.8571,226,0.73,0.8021,1,0.795,0.8736,78,0
IWM191018P151,2019-10-16,2019-10-16 09:36:08,0.81,0.8901,307,0.78,0.8571,226,0.73,0.8021,1,0.795,0.8736,78,0
IWM191018P151,2019-10-16,2019-10-16 09:36:08,0.81,0.8901,327,0.78,0.8571,226,0.73,0.8021,1,0.795,0.8736,78,0
IWM191018P151,2019-10-16,2019-10-16 09:36:09,0.81,0.8901,403,0.78,0.8571,152,0.73,0.8021,1,0.795,0.8736,78,0
IWM191018P151,2019-10-16,2019-10-16 09:36:09,0.81,0.8901,327,0.78,0.8571,152,0.73,0.8021,1,0.795,0.8736,78,0
IWM191018P151,2019-10-16,2019-10-16 09:36:10,0.79,0.8681,340,0.75,0.8241,148,0.73,0.8021,1,0.77,0.8461,78,0
IWM191018P151,2019-10-16,2019-10-16 09:36:10,0.79,0.8681,12,0.77,0.8461,185,0.73,0.8021,1,0.78,0.8571,78,0
IWM191018P151,2019-10-16,2019-10-16 09:36:11,0.78,0.8571,141,0.76,0.8351,17,0.73,0.8021,1,0.77,0.8461,78,0
IWM191018P151,2019-10-16,2019-10-16 09:36:11,0.78,0.8571,320,0.76,0.8351,17,0.73,0.8021,1,0.77,0.8461,78,0
IWM191018P151,2019-10-16,2019-10-16 09:36:12,0.77,0.8461,211,0.75,0.8241,17,0.73,0.8021,1,0.76,0.8351,78,0
IWM191018P151,2019-10-16,2019-10-16 09:36:12,0.77,0.8461,309,0.74,0.8131,97,0.73,0.8021,1,0.755,0.8296,78,0
IWM191018P151,2019-10-16,2019-10-16 09:36:13,0.76,0.8351,95,0.74,0.8131,17,0.73,0.8021,1,0.75,0.8241,78,0
IWM191018P151,2019-10-16,2019-10-16 09:36:13,0.77,0.8461,505,0.73,0.8021,132,0.73,0.8021,1,0.75,0.8241,78,0
IWM191018P151,2019-10-16,2019-10-16 09:36:14,0.76,0.8351,95,0.74,0.8131,17,0.73,0.8021,1,0.75,0.8241,78,0
IWM191018P151,2019-10-16,2019-10-16 09:36:14,0.76,0.8351,402,0.74,0.8131,17,0.73,0.8021,1,0.75,0.8241,78,0
IWM191018P151,2019-10-16,2019-10-16 09:36:15,0.76,0.8351,227,0.74,0.8131,22,0.73,0.8021,1,0.75,0.8241,78,0
IWM191018P151,2019-10-16,2019-10-16 09:36:16,0.76,0.8351,168,0.74,0.8131,97,0.73,0.8021,1,0.75,0.8241,78,0
IWM191018P151,2019-10-16,2019-10-16 09:36:16,0.76,0.8351,168,0.74,0.8131,22,0.73,0.8021,1,0.75,0.8241,78,0
IWM191018P151,2019-10-16,2019-10-16 09:36:17,0.76,0.8351,20,0.74,0.8131,177,0.73,0.8021,1,0.75,0.8241,78,0
IWM191018P151,2019-10-16,2019-10-16 09:36:17,0.76,0.8351,184,0.74,0.8131,97,0.73,0.8021,1,0.75,0.8241,78,0
IWM191018P151,2019-10-16,2019-10-16 09:36:18,0.76,0.8351,20,0.74,0.8131,296,0.73,0.8021,1,0.75,0.8241,78,0
IWM191018P151,2019-10-16,2019-10-16 09:36:18,0.76,0.8351,20,0.74,0.8131,231,0.73,0.8021,1,0.75,0.8241,78,0
IWM191018P151,2019-10-16,2019-10-16 09:36:19,0.76,0.8351,20,0.74,0.8131,208,0.73,0.8021,1,0.75,0.8241,78,0
IWM191018P151,2019-10-16,2019-10-16 09:36:20,0.77,0.8461,113,0.75,0.8241,22,0.73,0.8021,1,0.76,0.8351,78,0
IWM191018P151,2019-10-16,2019-10-16 09:36:20,0.77,0.8461,134,0.74,0.8131,144,0.73,0.8021,1,0.755,0.8296,78,0
IWM191018P151,2019-10-16,2019-10-16 09:36:21,0.77,0.8461,129,0.75,0.8241,29,0.73,0.8021,1,0.76,0.8351,78,0
IWM191018P151,2019-10-16,2019-10-16 09:36:21,0.77,0.8461,64,0.75,0.8241,22,0.73,0.8021,1,0.76,0.8351,78,0
IWM191018P151,2019-10-16,2019-10-16 09:36:22,0.77,0.8461,164,0.75,0.8241,29,0.73,0.8021,1,0.76,0.8351,78,0
IWM191018P151,2019-10-16,2019-10-16 09:36:22,0.77,0.8461,193,0.75,0.8241,22,0.73,0.8021,1,0.76,0.8351,78,0
IWM191018P151,2019-10-16,2019-10-16 09:36:23,0.77,0.8461,169,0.75,0.8241,22,0.73,0.8021,1,0.76,0.8351,78,0
IWM191018P151,2019-10-16,2019-10-16 09:36:23,0.77,0.8461,187,0.75,0.8241,22,0.73,0.8021,1,0.76,0.8351,78,0
IWM191018P151,2019-10-16,2019-10-16 09:36:24,0.77,0.8461,109,0.75,0.8241,116,0.73,0.8021,1,0.76,0.8351,78,0
IWM191018P151,2019-10-16,2019-10-16 09:36:25,0.78,0.8571,52,0.75,0.8241,170,0.73,0.8021,1,0.765,0.8406,78,0
IWM191018P151,2019-10-16,2019-10-16 09:36:25,0.78,0.8571,168,0.75,0.8241,281,0.73,0.8021,1,0.765,0.8406,78,0
IWM191018P151,2019-10-16,2019-10-16 09:36:26,0.78,0.8571,183,0.75,0.8241,201,0.73,0.8021,1,0.765,0.8406,78,0
IWM191018P151,2019-10-16,2019-10-16 09:36:27,0.78,0.8571,188,0.75,0.8241,281,0.73,0.8021,1,0.765,0.8406,78,0
IWM191018P151,2019-10-16,2019-10-16 09:36:28,0.78,0.8571,205,0.75,0.8241,198,0.73,0.8021,1,0.765,0.8406,78,0
IWM191018P151,2019-10-16,2019-10-16 09:36:28,0.77,0.8461,93,0.75,0.8241,198,0.73,0.8021,1,0.76,0.8351,78,0
IWM191018P151,2019-10-16,2019-10-16 09:36:29,0.77,0.8461,232,0.75,0.8241,118,0.73,0.8021,1,0.76,0.8351,78,0
IWM191018P151,2019-10-16,2019-10-16 09:36:29,0.77,0.8461,93,0.75,0.8241,198,0.73,0.8021,1,0.76,0.8351,78,0
IWM191018P151,2019-10-16,2019-10-16 09:36:30,0.77,0.8461,361,0.74,0.8131,130,0.73,0.8021,1,0.755,0.8296,78,0
IWM191018P151,2019-10-16,2019-10-16 09:36:30,0.76,0.8351,100,0.74,0.8131,47,0.73,0.8021,1,0.75,0.8241,78,0
IWM191018P151,2019-10-16,2019-10-16 09:36:31,0.76,0.8351,1,0.74,0.8131,47,0.73,0.8021,1,0.75,0.8241,78,0
IWM191018P151,2019-10-16,2019-10-16 09:36:31,0.76,0.8351,30,0.74,0.8131,47,0.73,0.8021,1,0.75,0.8241,78,0
IWM191018P151,2019-10-16,2019-10-16 09:36:32,0.76,0.8351,44,0.74,0.8131,174,0.73,0.8021,1,0.75,0.8241,78,0
IWM191018P151,2019-10-16,2019-10-16 09:36:32,0.76,0.8351,63,0.74,0.8131,22,0.73,0.8021,1,0.75,0.8241,78,0
IWM191018P151,2019-10-16,2019-10-16 09:36:33,0.76,0.8351,102,0.74,0.8131,22,0.73,0.8021,1,0.75,0.8241,78,0
IWM191018P151,2019-10-16,2019-10-16 09:36:33,0.76,0.8351,101,0.74,0.8131,22,0.73,0.8021,1,0.75,0.8241,78,0
IWM191018P151,2019-10-16,2019-10-16 09:36:34,0.76,0.8351,193,0.74,0.8131,22,0.73,0.8021,1,0.75,0.8241,78,0
IWM191018P151,2019-10-16,2019-10-16 09:36:34,0.76,0.8351,188,0.74,0.8131,22,0.73,0.8021,1,0.75,0.8241,78,0
IWM191018P151,2019-10-16,2019-10-16 09:36:35,0.76,0.8351,99,0.74,0.8131,22,0.73,0.8021,1,0.75,0.8241,78,0
IWM191018P151,2019-10-16,2019-10-16 09:36:35,0.76,0.8351,164,0.74,0.8131,22,0.73,0.8021,1,0.75,0.8241,78,0
IWM191018P151,2019-10-16,2019-10-16 09:36:36,0.76,0.8351,44,0.74,0.8131,286,0.73,0.8021,1,0.75,0.8241,78,0
IWM191018P151,2019-10-16,2019-10-16 09:36:37,0.76,0.8351,62,0.74,0.8131,116,0.73,0.8021,1,0.75,0.8241,78,0
IWM191018P151,2019-10-16,2019-10-16 09:36:37,0.76,0.8351,62,0.74,0.8131,161,0.73,0.8021,1,0.75,0.8241,78,0
IWM191018P151,2019-10-16,2019-10-16 09:36:38,0.76,0.8351,62,0.74,0.8131,166,0.73,0.8021,1,0.75,0.8241,78,0
IWM191018P151,2019-10-16,2019-10-16 09:36:38,0.76,0.8351,73,0.74,0.8131,52,0.73,0.8021,1,0.75,0.8241,78,0
IWM191018P151,2019-10-16,2019-10-16 09:36:39,0.75,0.8241,11,0.73,0.8021,121,0.73,0.8021,1,0.74,0.8131,78,0
IWM191018P151,2019-10-16,2019-10-16 09:36:40,0.75,0.8241,76,0.73,0.8021,123,0.73,0.8021,1,0.74,0.8131,78,0
IWM191018P151,2019-10-16,2019-10-16 09:36:40,0.75,0.8241,228,0.72,0.7912,197,0.73,0.8021,1,0.735,0.8076,78,0
IWM191018P151,2019-10-16,2019-10-16 09:36:41,0.75,0.8241,150,0.73,0.8021,15,0.73,0.8021,1,0.74,0.8131,78,0
IWM191018P151,2019-10-16,2019-10-16 09:36:41,0.75,0.8241,40,0.72,0.7912,264,0.73,0.8021,1,0.735,0.8076,78,0
IWM191018P151,2019-10-16,2019-10-16 09:36:42,0.74,0.8131,16,0.72,0.7912,97,0.73,0.8021,1,0.73,0.8021,78,0
IWM191018P151,2019-10-16,2019-10-16 09:36:42,0.75,0.8241,80,0.73,0.8021,11,0.73,0.8021,1,0.74,0.8131,78,0
IWM191018P151,2019-10-16,2019-10-16 09:36:43,0.73,0.8021,27,0.71,0.7802,121,0.73,0.8021,1,0.72,0.7912,78,0
IWM191018P151,2019-10-16,2019-10-16 09:36:43,0.74,0.8131,16,0.72,0.7912,190,0.73,0.8021,1,0.73,0.8021,78,0
IWM191018P151,2019-10-16,2019-10-16 09:36:44,0.73,0.8021,58,0.71,0.7802,203,0.73,0.8021,1,0.72,0.7912,78,0
IWM191018P151,2019-10-16,2019-10-16 09:36:44,0.73,0.8021,89,0.71,0.7802,215,0.73,0.8021,1,0.72,0.7912,78,0
IWM191018P151,2019-10-16,2019-10-16 09:36:45,0.73,0.8021,177,0.71,0.7802,123,0.73,0.8021,1,0.72,0.7912,78,0
IWM191018P151,2019-10-16,2019-10-16 09:36:45,0.73,0.8021,89,0.71,0.7802,123,0.73,0.8021,1,0.72,0.7912,78,0
IWM191018P151,2019-10-16,2019-10-16 09:36:46,0.72,0.7912,34,0.71,0.7802,123,0.73,0.8021,1,0.715,0.7857,78,0
IWM191018P151,2019-10-16,2019-10-16 09:36:46,0.72,0.7912,44,0.71,0.7802,15,0.73,0.8021,1,0.715,0.7857,78,0
IWM191018P151,2019-10-16,2019-10-16 09:36:47,0.73,0.8021,34,0.71,0.7802,88,0.73,0.8021,1,0.72,0.7912,78,0
IWM191018P151,2019-10-16,2019-10-16 09:36:47,0.72,0.7912,141,0.7,0.7692,116,0.73,0.8021,1,0.71,0.7802,78,0
IWM191018P151,2019-10-16,2019-10-16 09:36:48,0.73,0.8021,52,0.71,0.7802,111,0.73,0.8021,1,0.72,0.7912,78,0
IWM191018P151,2019-10-16,2019-10-16 09:36:48,0.73,0.8021,115,0.71,0.7802,136,0.73,0.8021,1,0.72,0.7912,78,0
IWM191018P151,2019-10-16,2019-10-16 09:36:49,0.73,0.8021,71,0.71,0.7802,128,0.73,0.8021,1,0.72,0.7912,78,0
IWM191018P151,2019-10-16,2019-10-16 09:36:49,0.73,0.8021,71,0.71,0.7802,111,0.73,0.8021,1,0.72,0.7912,78,0
IWM191018P151,2019-10-16,2019-10-16 09:36:50,0.73,0.8021,35,0.71,0.7802,177,0.73,0.8021,1,0.72,0.7912,78,0
IWM191018P151,2019-10-16,2019-10-16 09:36:50,0.73,0.8021,35,0.71,0.7802,123,0.73,0.8021,1,0.72,0.7912,78,0
IWM191018P151,2019-10-16,2019-10-16 09:36:51,0.73,0.8021,30,0.71,0.7802,306,0.73,0.8021,1,0.72,0.7912,78,0
IWM191018P151,2019-10-16,2019-10-16 09:36:51,0.73,0.8021,41,0.71,0.7802,197,0.73,0.8021,1,0.72,0.7912,78,0
IWM191018P151,2019-10-16,2019-10-16 09:36:52,0.73,0.8021,27,0.72,0.7912,158,0.73,0.8021,1,0.725,0.7967,78,0
IWM191018P151,2019-10-16,2019-10-16 09:36:52,0.74,0.8131,54,0.72,0.7912,154,0.73,0.8021,1,0.73,0.8021,78,0
IWM191018P151,2019-10-16,2019-10-16 09:36:53,0.74,0.8131,141,0.72,0.7912,250,0.73,0.8021,1,0.73,0.8021,78,0
IWM191018P151,2019-10-16,2019-10-16 09:36:53,0.73,0.8021,13,0.72,0.7912,92,0.73,0.8021,1,0.725,0.7967,78,0
IWM191018P151,2019-10-16,2019-10-16 09:36:54,0.73,0.8021,34,0.72,0.7912,45,0.73,0.8021,1,0.725,0.7967,78,0
IWM191018P151,2019-10-16,2019-10-16 09:36:54,0.73,0.8021,33,0.72,0.7912,34,0.73,0.8021,1,0.725,0.7967,78,0
IWM191018P151,2019-10-16,2019-10-16 09:36:55,0.73,0.8021,34,0.72,0.7912,17,0.73,0.8021,1,0.725,0.7967,78,0
IWM191018P151,2019-10-16,2019-10-16 09:36:55,0.73,0.8021,57,0.71,0.7802,97,0.73,0.8021,1,0.72,0.7912,78,0
IWM191018P151,2019-10-16,2019-10-16 09:36:56,0.72,0.7912,22,0.71,0.7802,97,0.73,0.8021,1,0.715,0.7857,78,0
IWM191018P151,2019-10-16,2019-10-16 09:36:56,0.73,0.8021,124,0.71,0.7802,97,0.73,0.8021,1,0.72,0.7912,78,0
IWM191018P151,2019-10-16,2019-10-16 09:36:57,0.72,0.7912,22,0.71,0.7802,74,0.73,0.8021,1,0.715,0.7857,78,0
IWM191018P151,2019-10-16,2019-10-16 09:36:58,0.72,0.7912,31,0.71,0.7802,22,0.73,0.8021,1,0.715,0.7857,78,0
IWM191018P151,2019-10-16,2019-10-16 09:36:58,0.72,0.7912,31,0.71,0.7802,17,0.73,0.8021,1,0.715,0.7857,78,0
IWM191018P151,2019-10-16,2019-10-16 09:36:59,0.72,0.7912,35,0.7,0.7692,178,0.73,0.8021,1,0.71,0.7802,78,0
IWM191018P151,2019-10-16,2019-10-16 09:36:59,0.72,0.7912,66,0.7,0.7692,97,0.73,0.8021,1,0.71,0.7802,78,0
IWM191018P151,2019-10-16,2019-10-16 09:37:00,0.72,0.7912,62,0.7,0.7692,130,0.73,0.8021,1,0.71,0.7802,78,0
IWM191018P151,2019-10-16,2019-10-16 09:37:00,0.72,0.7912,35,0.7,0.7692,158,0.73,0.8021,1,0.71,0.7802,78,0
IWM191018P151,2019-10-16,2019-10-16 09:37:01,0.71,0.7802,37,0.69,0.7582,22,0.73,0.8021,1,0.7,0.7692,78,0
IWM191018P151,2019-10-16,2019-10-16 09:37:01,0.72,0.7912,62,0.69,0.7582,22,0.73,0.8021,1,0.705,0.7747,78,0
IWM191018P151,2019-10-16,2019-10-16 09:37:02,0.71,0.7802,35,0.69,0.7582,349,0.73,0.8021,1,0.7,0.7692,78,0
IWM191018P151,2019-10-16,2019-10-16 09:37:02,0.71,0.7802,97,0.69,0.7582,248,0.73,0.8021,1,0.7,0.7692,78,0
IWM191018P151,2019-10-16,2019-10-16 09:37:03,0.71,0.7802,35,0.69,0.7582,349,0.73,0.8021,1,0.7,0.7692,78,0
IWM191018P151,2019-10-16,2019-10-16 09:37:03,0.71,0.7802,63,0.69,0.7582,205,0.73,0.8021,1,0.7,0.7692,78,0
IWM191018P151,2019-10-16,2019-10-16 09:37:04,0.7,0.7692,29,0.69,0.7582,97,0.73,0.8021,1,0.695,0.7637,78,0
IWM191018P151,2019-10-16,2019-10-16 09:37:04,0.71,0.7802,70,0.69,0.7582,97,0.73,0.8021,1,0.7,0.7692,78,0
IWM191018P151,2019-10-16,2019-10-16 09:37:05,0.7,0.7692,28,0.69,0.7582,97,0.73,0.8021,1,0.695,0.7637,78,0
IWM191018P151,2019-10-16,2019-10-16 09:37:05,0.7,0.7692,28,0.69,0.7582,62,0.73,0.8021,1,0.695,0.7637,78,0
IWM191018P151,2019-10-16,2019-10-16 09:37:06,0.7,0.7692,28,0.69,0.7582,62,0.73,0.8021,1,0.695,0.7637,78,0
IWM191018P151,2019-10-16,2019-10-16 09:37:06,0.71,0.7802,48,0.69,0.7582,164,0.73,0.8021,1,0.7,0.7692,78,0
IWM191018P151,2019-10-16,2019-10-16 09:37:07,0.7,0.7692,10,0.69,0.7582,123,0.73,0.8021,1,0.695,0.7637,78,0
IWM191018P151,2019-10-16,2019-10-16 09:37:07,0.71,0.7802,74,0.69,0.7582,137,0.73,0.8021,1,0.7,0.7692,78,0
IWM191018P151,2019-10-16,2019-10-16 09:37:08,0.71,0.7802,52,0.69,0.7582,151,0.73,0.8021,1,0.7,0.7692,78,0
IWM191018P151,2019-10-16,2019-10-16 09:37:08,0.71,0.7802,52,0.69,0.7582,185,0.73,0.8021,1,0.7,0.7692,78,0
IWM191018P151,2019-10-16,2019-10-16 09:37:09,0.71,0.7802,33,0.69,0.7582,225,0.73,0.8021,1,0.7,0.7692,78,0
IWM191018P151,2019-10-16,2019-10-16 09:37:10,0.71,0.7802,33,0.68,0.7472,183,0.73,0.8021,1,0.695,0.7637,78,0
IWM191018P151,2019-10-16,2019-10-16 09:37:10,0.71,0.7802,33,0.69,0.7582,317,0.73,0.8021,1,0.7,0.7692,78,0
IWM191018P151,2019-10-16,2019-10-16 09:37:11,0.71,0.7802,53,0.69,0.7582,102,0.73,0.8021,1,0.7,0.7692,78,0
IWM191018P151,2019-10-16,2019-10-16 09:37:11,0.7,0.7692,7,0.69,0.7582,122,0.73,0.8021,1,0.695,0.7637,78,0
IWM191018P151,2019-10-16,2019-10-16 09:37:12,0.71,0.7802,35,0.69,0.7582,126,0.73,0.8021,1,0.7,0.7692,78,0
IWM191018P151,2019-10-16,2019-10-16 09:37:12,0.71,0.7802,35,0.7,0.7692,9,0.73,0.8021,1,0.705,0.7747,78,0
IWM191018P151,2019-10-16,2019-10-16 09:37:13,0.71,0.7802,65,0.69,0.7582,126,0.73,0.8021,1,0.7,0.7692,78,0
IWM191018P151,2019-10-16,2019-10-16 09:37:13,0.71,0.7802,65,0.69,0.7582,148,0.73,0.8021,1,0.7,0.7692,78,0
IWM191018P151,2019-10-16,2019-10-16 09:37:14,0.71,0.7802,65,0.69,0.7582,11,0.73,0.8021,1,0.7,0.7692,78,0
IWM191018P151,2019-10-16,2019-10-16 09:37:14,0.7,0.7692,69,0.68,0.7472,205,0.73,0.8021,1,0.69,0.7582,78,0
IWM191018P151,2019-10-16,2019-10-16 09:37:15,0.7,0.7692,153,0.68,0.7472,125,0.73,0.8021,1,0.69,0.7582,78,0
IWM191018P151,2019-10-16,2019-10-16 09:37:15,0.7,0.7692,189,0.68,0.7472,146,0.73,0.8021,1,0.69,0.7582,78,0
IWM191018P151,2019-10-16,2019-10-16 09:37:16,0.7,0.7692,189,0.68,0.7472,151,0.73,0.8021,1,0.69,0.7582,78,0
IWM191018P151,2019-10-16,2019-10-16 09:37:16,0.7,0.7692,160,0.68,0.7472,116,0.73,0.8021,1,0.69,0.7582,78,0
IWM191018P151,2019-10-16,2019-10-16 09:37:17,0.7,0.7692,160,0.68,0.7472,116,0.73,0.8021,1,0.69,0.7582,78,0
IWM191018P151,2019-10-16,2019-10-16 09:37:17,0.7,0.7692,160,0.68,0.7472,196,0.73,0.8021,1,0.69,0.7582,78,0
IWM191018P151,2019-10-16,2019-10-16 09:37:18,0.7,0.7692,160,0.68,0.7472,196,0.73,0.8021,1,0.69,0.7582,78,0
IWM191018P151,2019-10-16,2019-10-16 09:37:18,0.7,0.7692,160,0.69,0.7582,5,0.73,0.8021,1,0.695,0.7637,78,0
IWM191018P151,2019-10-16,2019-10-16 09:37:19,0.7,0.7692,191,0.69,0.7582,5,0.73,0.8021,1,0.695,0.7637,78,0
IWM191018P151,2019-10-16,2019-10-16 09:37:20,0.7,0.7692,115,0.68,0.7472,49,0.73,0.8021,1,0.69,0.7582,78,0
IWM191018P151,2019-10-16,2019-10-16 09:37:20,0.7,0.7692,169,0.68,0.7472,133,0.73,0.8021,1,0.69,0.7582,78,0
IWM191018P151,2019-10-16,2019-10-16 09:37:21,0.7,0.7692,138,0.68,0.7472,14,0.73,0.8021,1,0.69,0.7582,78,0
IWM191018P151,2019-10-16,2019-10-16 09:37:21,0.69,0.7582,44,0.68,0.7472,14,0.73,0.8021,1,0.685,0.7527,78,0
IWM191018P151,2019-10-16,2019-10-16 09:37:22,0.68,0.7472,56,0.67,0.7362,44,0.73,0.8021,1,0.675,0.7417,78,0
IWM191018P151,2019-10-16,2019-10-16 09:37:22,0.69,0.7582,55,0.68,0.7472,14,0.73,0.8021,1,0.685,0.7527,78,0
IWM191018P151,2019-10-16,2019-10-16 09:37:23,0.68,0.7472,111,0.65,0.7142,112,0.73,0.8021,1,0.665,0.7307,78,0
IWM191018P151,2019-10-16,2019-10-16 09:37:23,0.68,0.7472,111,0.67,0.7362,44,0.73,0.8021,1,0.675,0.7417,78,0
IWM191018P151,2019-10-16,2019-10-16 09:37:24,0.67,0.7362,34,0.66,0.7252,37,0.73,0.8021,1,0.665,0.7307,78,0
IWM191018P151,2019-10-16,2019-10-16 09:37:24,0.68,0.7472,146,0.66,0.7252,79,0.73,0.8021,1,0.67,0.7362,78,0
IWM191018P151,2019-10-16,2019-10-16 09:37:25,0.67,0.7362,29,0.66,0.7252,59,0.73,0.8021,1,0.665,0.7307,78,0
IWM191018P151,2019-10-16,2019-10-16 09:37:25,0.68,0.7472,161,0.66,0.7252,79,0.73,0.8021,1,0.67,0.7362,78,0
IWM191018P151,2019-10-16,2019-10-16 09:37:26,0.67,0.7362,1,0.66,0.7252,135,0.67,0.7362,3,0.665,0.7307,81,0
IWM191018P151,2019-10-16,2019-10-16 09:37:26,0.67,0.7362,29,0.66,0.7252,79,0.67,0.7362,3,0.665,0.7307,81,3
IWM191018P151,2019-10-16,2019-10-16 09:37:27,0.69,0.7582,68,0.67,0.7362,97,0.67,0.7362,1,0.68,0.7472,82,1
IWM191018P151,2019-10-16,2019-10-16 09:37:27,0.69,0.7582,68,0.67,0.7362,97,0.67,0.7362,1,0.68,0.7472,82,0
IWM191018P151,2019-10-16,2019-10-16 09:37:28,0.69,0.7582,68,0.67,0.7362,129,0.67,0.7362,1,0.68,0.7472,82,0
IWM191018P151,2019-10-16,2019-10-16 09:37:28,0.69,0.7582,103,0.67,0.7362,318,0.67,0.7362,1,0.68,0.7472,82,0
IWM191018P151,2019-10-16,2019-10-16 09:37:29,0.69,0.7582,103,0.67,0.7362,318,0.67,0.7362,1,0.68,0.7472,82,0
IWM191018P151,2019-10-16,2019-10-16 09:37:29,0.69,0.7582,66,0.67,0.7362,366,0.67,0.7362,1,0.68,0.7472,82,0
IWM191018P151,2019-10-16,2019-10-16 09:37:30,0.69,0.7582,66,0.68,0.7472,69,0.67,0.7362,1,0.685,0.7527,82,0
IWM191018P151,2019-10-16,2019-10-16 09:37:30,0.69,0.7582,23,0.68,0.7472,104,0.67,0.7362,1,0.685,0.7527,82,0
IWM191018P151,2019-10-16,2019-10-16 09:37:31,0.7,0.7692,117,0.68,0.7472,108,0.68,0.7472,4,0.69,0.7582,86,4
IWM191018P151,2019-10-16,2019-10-16 09:37:31,0.69,0.7582,23,0.68,0.7472,143,0.67,0.7362,1,0.685,0.7527,82,0
IWM191018P151,2019-10-16,2019-10-16 09:37:32,0.69,0.7582,33,0.68,0.7472,233,0.68,0.7472,4,0.685,0.7527,86,0
IWM191018P151,2019-10-16,2019-10-16 09:37:32,0.69,0.7582,110,0.67,0.7362,68,0.68,0.7472,4,0.68,0.7472,86,0
IWM191018P151,2019-10-16,2019-10-16 09:37:33,0.69,0.7582,84,0.67,0.7362,50,0.68,0.7472,4,0.68,0.7472,86,0
IWM191018P151,2019-10-16,2019-10-16 09:37:34,0.69,0.7582,124,0.68,0.7472,15,0.68,0.7472,4,0.685,0.7527,86,0
IWM191018P151,2019-10-16,2019-10-16 09:37:34,0.69,0.7582,124,0.67,0.7362,62,0.68,0.7472,4,0.68,0.7472,86,0
IWM191018P151,2019-10-16,2019-10-16 09:37:35,0.69,0.7582,97,0.68,0.7472,5,0.68,0.7472,4,0.685,0.7527,86,0
IWM191018P151,2019-10-16,2019-10-16 09:37:35,0.69,0.7582,35,0.68,0.7472,44,0.68,0.7472,4,0.685,0.7527,86,0
IWM191018P151,2019-10-16,2019-10-16 09:37:36,0.69,0.7582,90,0.67,0.7362,69,0.68,0.7472,4,0.68,0.7472,86,0
IWM191018P151,2019-10-16,2019-10-16 09:37:36,0.69,0.7582,34,0.68,0.7472,44,0.68,0.7472,4,0.685,0.7527,86,0
IWM191018P151,2019-10-16,2019-10-16 09:37:37,0.69,0.7582,90,0.67,0.7362,144,0.68,0.7472,4,0.68,0.7472,86,0
IWM191018P151,2019-10-16,2019-10-16 09:37:37,0.7,0.7692,78,0.68,0.7472,101,0.68,0.7472,4,0.69,0.7582,86,0
IWM191018P151,2019-10-16,2019-10-16 09:37:38,0.69,0.7582,23,0.67,0.7362,173,0.68,0.7472,4,0.68,0.7472,86,0
IWM191018P151,2019-10-16,2019-10-16 09:37:38,0.69,0.7582,74,0.67,0.7362,284,0.68,0.7472,4,0.68,0.7472,86,0
IWM191018P151,2019-10-16,2019-10-16 09:37:39,0.69,0.7582,91,0.67,0.7362,284,0.68,0.7472,4,0.68,0.7472,86,0
IWM191018P151,2019-10-16,2019-10-16 09:37:40,0.7,0.7692,44,0.69,0.7582,11,0.68,0.7472,4,0.695,0.7637,86,0
IWM191018P151,2019-10-16,2019-10-16 09:37:40,0.69,0.7582,20,0.68,0.7472,31,0.68,0.7472,4,0.685,0.7527,86,0
IWM191018P151,2019-10-16,2019-10-16 09:37:41,0.7,0.7692,133,0.68,0.7472,78,0.68,0.7472,4,0.69,0.7582,86,0
IWM191018P151,2019-10-16,2019-10-16 09:37:42,0.7,0.7692,29,0.68,0.7472,86,0.68,0.7472,4,0.69,0.7582,86,0
IWM191018P151,2019-10-16,2019-10-16 09:37:42,0.7,0.7692,36,0.68,0.7472,86,0.68,0.7472,4,0.69,0.7582,86,0
IWM191018P151,2019-10-16,2019-10-16 09:37:43,0.7,0.7692,128,0.69,0.7582,14,0.68,0.7472,4,0.695,0.7637,86,0
IWM191018P151,2019-10-16,2019-10-16 09:37:43,0.7,0.7692,111,0.69,0.7582,14,0.68,0.7472,4,0.695,0.7637,86,0
IWM191018P151,2019-10-16,2019-10-16 09:37:44,0.7,0.7692,153,0.69,0.7582,14,0.68,0.7472,4,0.695,0.7637,86,0
IWM191018P151,2019-10-16,2019-10-16 09:37:44,0.68,0.7472,15,0.68,0.7472,16,0.68,0.7472,4,0.68,0.7472,86,0
IWM191018P151,2019-10-16,2019-10-16 09:37:45,0.68,0.7472,15,0.67,0.7362,82,0.68,0.7472,4,0.675,0.7417,86,0
IWM191018P151,2019-10-16,2019-10-16 09:37:45,0.69,0.7582,198,0.67,0.7362,82,0.68,0.7472,4,0.68,0.7472,86,0
IWM191018P151,2019-10-16,2019-10-16 09:37:46,0.69,0.7582,180,0.67,0.7362,82,0.68,0.7472,4,0.68,0.7472,86,0
IWM191018P151,2019-10-16,2019-10-16 09:37:46,0.69,0.7582,242,0.67,0.7362,41,0.68,0.7472,4,0.68,0.7472,86,0
IWM191018P151,2019-10-16,2019-10-16 09:37:47,0.69,0.7582,168,0.67,0.7362,41,0.68,0.7472,4,0.68,0.7472,86,0
IWM191018P151,2019-10-16,2019-10-16 09:37:48,0.7,0.7692,74,0.67,0.7362,41,0.68,0.7472,4,0.685,0.7527,86,0
IWM191018P151,2019-10-16,2019-10-16 09:37:48,0.7,0.7692,88,0.67,0.7362,41,0.68,0.7472,4,0.685,0.7527,86,0
IWM191018P151,2019-10-16,2019-10-16 09:37:49,0.7,0.7692,61,0.68,0.7472,120,0.68,0.7472,4,0.69,0.7582,86,0
IWM191018P151,2019-10-16,2019-10-16 09:37:49,0.7,0.7692,43,0.67,0.7362,41,0.68,0.7472,4,0.685,0.7527,86,0
IWM191018P151,2019-10-16,2019-10-16 09:37:50,0.7,0.7692,44,0.68,0.7472,424,0.68,0.7472,4,0.69,0.7582,86,0
IWM191018P151,2019-10-16,2019-10-16 09:37:50,0.7,0.7692,44,0.68,0.7472,119,0.68,0.7472,4,0.69,0.7582,86,0
IWM191018P151,2019-10-16,2019-10-16 09:37:51,0.69,0.7582,141,0.67,0.7362,187,0.68,0.7472,4,0.68,0.7472,86,0
IWM191018P151,2019-10-16,2019-10-16 09:37:51,0.69,0.7582,43,0.67,0.7362,95,0.68,0.7472,4,0.68,0.7472,86,0
IWM191018P151,2019-10-16,2019-10-16 09:37:52,0.69,0.7582,143,0.68,0.7472,22,0.68,0.7472,4,0.685,0.7527,86,0
IWM191018P151,2019-10-16,2019-10-16 09:37:53,0.69,0.7582,75,0.68,0.7472,1,0.68,0.7472,4,0.685,0.7527,86,0
IWM191018P151,2019-10-16,2019-10-16 09:37:53,0.69,0.7582,120,0.67,0.7362,97,0.68,0.7472,4,0.68,0.7472,86,0
IWM191018P151,2019-10-16,2019-10-16 09:37:54,0.68,0.7472,34,0.67,0.7362,97,0.68,0.7472,4,0.675,0.7417,86,0
IWM191018P151,2019-10-16,2019-10-16 09:37:54,0.69,0.7582,173,0.67,0.7362,97,0.68,0.7472,4,0.68,0.7472,86,0
IWM191018P151,2019-10-16,2019-10-16 09:37:55,0.68,0.7472,47,0.67,0.7362,22,0.68,0.7472,4,0.675,0.7417,86,0
IWM191018P151,2019-10-16,2019-10-16 09:37:56,0.69,0.7582,54,0.67,0.7362,22,0.68,0.7472,4,0.68,0.7472,86,0
IWM191018P151,2019-10-16,2019-10-16 09:37:56,0.69,0.7582,106,0.67,0.7362,198,0.68,0.7472,4,0.68,0.7472,86,0
IWM191018P151,2019-10-16,2019-10-16 09:37:57,0.69,0.7582,147,0.67,0.7362,144,0.68,0.7472,4,0.68,0.7472,86,0
IWM191018P151,2019-10-16,2019-10-16 09:37:57,0.68,0.7472,23,0.67,0.7362,111,0.68,0.7472,4,0.675,0.7417,86,0
IWM191018P151,2019-10-16,2019-10-16 09:37:58,0.69,0.7582,147,0.67,0.7362,144,0.68,0.7472,4,0.68,0.7472,86,0
IWM191018P151,2019-10-16,2019-10-16 09:37:59,0.68,0.7472,72,0.67,0.7362,2,0.68,0.7472,4,0.675,0.7417,86,0
IWM191018P151,2019-10-16,2019-10-16 09:37:59,0.68,0.7472,55,0.67,0.7362,2,0.68,0.7472,4,0.675,0.7417,86,0
IWM191018P151,2019-10-16,2019-10-16 09:38:00,0.68,0.7472,34,0.67,0.7362,69,0.68,0.7472,4,0.675,0.7417,86,0
IWM191018P151,2019-10-16,2019-10-16 09:38:01,0.68,0.7472,64,0.67,0.7362,22,0.68,0.7472,4,0.675,0.7417,86,0
IWM191018P151,2019-10-16,2019-10-16 09:38:02,0.68,0.7472,24,0.67,0.7362,2,0.68,0.7472,4,0.675,0.7417,86,0
IWM191018P151,2019-10-16,2019-10-16 09:38:02,0.69,0.7582,107,0.67,0.7362,22,0.68,0.7472,4,0.68,0.7472,86,0
IWM191018P151,2019-10-16,2019-10-16 09:38:03,0.69,0.7582,123,0.67,0.7362,70,0.68,0.7472,4,0.68,0.7472,86,0
IWM191018P151,2019-10-16,2019-10-16 09:38:03,0.69,0.7582,103,0.67,0.7362,70,0.68,0.7472,4,0.68,0.7472,86,0
IWM191018P151,2019-10-16,2019-10-16 09:38:04,0.69,0.7582,203,0.67,0.7362,120,0.68,0.7472,4,0.68,0.7472,86,0
IWM191018P151,2019-10-16,2019-10-16 09:38:04,0.68,0.7472,35,0.66,0.7252,101,0.68,0.7472,4,0.67,0.7362,86,0
IWM191018P151,2019-10-16,2019-10-16 09:38:05,0.68,0.7472,97,0.66,0.7252,135,0.68,0.7472,4,0.67,0.7362,86,0
IWM191018P151,2019-10-16,2019-10-16 09:38:05,0.68,0.7472,122,0.66,0.7252,135,0.68,0.7472,4,0.67,0.7362,86,0
IWM191018P151,2019-10-16,2019-10-16 09:38:06,0.68,0.7472,36,0.66,0.7252,285,0.68,0.7472,4,0.67,0.7362,86,0
IWM191018P151,2019-10-16,2019-10-16 09:38:06,0.68,0.7472,36,0.66,0.7252,205,0.68,0.7472,4,0.67,0.7362,86,0
IWM191018P151,2019-10-16,2019-10-16 09:38:07,0.68,0.7472,57,0.66,0.7252,231,0.68,0.7472,4,0.67,0.7362,86,0
IWM191018P151,2019-10-16,2019-10-16 09:38:07,0.68,0.7472,57,0.66,0.7252,205,0.68,0.7472,4,0.67,0.7362,86,0
IWM191018P151,2019-10-16,2019-10-16 09:38:08,0.68,0.7472,95,0.66,0.7252,231,0.68,0.7472,4,0.67,0.7362,86,0
IWM191018P151,2019-10-16,2019-10-16 09:38:08,0.68,0.7472,73,0.66,0.7252,150,0.68,0.7472,4,0.67,0.7362,86,0
IWM191018P151,2019-10-16,2019-10-16 09:38:09,0.68,0.7472,101,0.66,0.7252,150,0.68,0.7472,1,0.67,0.7362,87,1
IWM191018P151,2019-10-16,2019-10-16 09:38:09,0.68,0.7472,132,0.66,0.7252,203,0.68,0.7472,1,0.67,0.7362,87,0
IWM191018P151,2019-10-16,2019-10-16 09:38:10,0.68,0.7472,160,0.66,0.7252,139,0.68,0.7472,1,0.67,0.7362,87,0
IWM191018P151,2019-10-16,2019-10-16 09:38:10,0.68,0.7472,160,0.66,0.7252,203,0.68,0.7472,1,0.67,0.7362,87,0
IWM191018P151,2019-10-16,2019-10-16 09:38:11,0.67,0.7362,77,0.65,0.7142,10,0.68,0.7472,1,0.66,0.7252,87,0
IWM191018P151,2019-10-16,2019-10-16 09:38:11,0.68,0.7472,160,0.66,0.7252,90,0.68,0.7472,1,0.67,0.7362,87,0
IWM191018P151,2019-10-16,2019-10-16 09:38:12,0.67,0.7362,110,0.65,0.7142,69,0.68,0.7472,1,0.66,0.7252,87,0
IWM191018P151,2019-10-16,2019-10-16 09:38:12,0.67,0.7362,124,0.65,0.7142,22,0.68,0.7472,1,0.66,0.7252,87,0
IWM191018P151,2019-10-16,2019-10-16 09:38:13,0.67,0.7362,132,0.65,0.7142,69,0.68,0.7472,1,0.66,0.7252,87,0
IWM191018P151,2019-10-16,2019-10-16 09:38:13,0.68,0.7472,16,0.65,0.7142,159,0.68,0.7472,1,0.665,0.7307,87,0
IWM191018P151,2019-10-16,2019-10-16 09:38:14,0.7,0.7692,94,0.68,0.7472,69,0.68,0.7472,1,0.69,0.7582,87,0
IWM191018P151,2019-10-16,2019-10-16 09:38:14,0.69,0.7582,24,0.68,0.7472,5,0.68,0.7472,1,0.685,0.7527,87,0
IWM191018P151,2019-10-16,2019-10-16 09:38:15,0.69,0.7582,15,0.68,0.7472,22,0.68,0.7472,1,0.685,0.7527,87,0
IWM191018P151,2019-10-16,2019-10-16 09:38:15,0.7,0.7692,109,0.68,0.7472,69,0.68,0.7472,1,0.69,0.7582,87,0
IWM191018P151,2019-10-16,2019-10-16 09:38:16,0.69,0.7582,79,0.67,0.7362,67,0.68,0.7472,1,0.68,0.7472,87,0
IWM191018P151,2019-10-16,2019-10-16 09:38:16,0.69,0.7582,15,0.67,0.7362,180,0.68,0.7472,1,0.68,0.7472,87,0
IWM191018P151,2019-10-16,2019-10-16 09:38:17,0.69,0.7582,16,0.67,0.7362,200,0.68,0.7472,1,0.68,0.7472,87,0
IWM191018P151,2019-10-16,2019-10-16 09:38:17,0.69,0.7582,31,0.67,0.7362,336,0.68,0.7472,1,0.68,0.7472,87,0
IWM191018P151,2019-10-16,2019-10-16 09:38:18,0.69,0.7582,24,0.67,0.7362,336,0.68,0.7472,1,0.68,0.7472,87,0
IWM191018P151,2019-10-16,2019-10-16 09:38:18,0.69,0.7582,35,0.67,0.7362,336,0.68,0.7472,1,0.68,0.7472,87,0
IWM191018P151,2019-10-16,2019-10-16 09:38:19,0.69,0.7582,40,0.67,0.7362,214,0.68,0.7472,1,0.68,0.7472,87,0
IWM191018P151,2019-10-16,2019-10-16 09:38:19,0.69,0.7582,32,0.68,0.7472,5,0.68,0.7472,1,0.685,0.7527,87,0
IWM191018P151,2019-10-16,2019-10-16 09:38:20,0.69,0.7582,34,0.67,0.7362,159,0.68,0.7472,1,0.68,0.7472,87,0
IWM191018P151,2019-10-16,2019-10-16 09:38:21,0.68,0.7472,6,0.67,0.7362,239,0.68,0.7472,1,0.675,0.7417,87,0
IWM191018P151,2019-10-16,2019-10-16 09:38:21,0.68,0.7472,28,0.67,0.7362,11,0.68,0.7472,1,0.675,0.7417,87,0
IWM191018P151,2019-10-16,2019-10-16 09:38:22,0.68,0.7472,28,0.67,0.7362,2,0.68,0.7472,1,0.675,0.7417,87,0
IWM191018P151,2019-10-16,2019-10-16 09:38:22,0.68,0.7472,53,0.67,0.7362,2,0.68,0.7472,1,0.675,0.7417,87,0
IWM191018P151,2019-10-16,2019-10-16 09:38:23,0.68,0.7472,133,0.66,0.7252,22,0.68,0.7472,1,0.67,0.7362,87,0
IWM191018P151,2019-10-16,2019-10-16 09:38:23,0.67,0.7362,23,0.66,0.7252,10,0.68,0.7472,1,0.665,0.7307,87,0
IWM191018P151,2019-10-16,2019-10-16 09:38:24,0.66,0.7252,33,0.65,0.7142,22,0.68,0.7472,1,0.655,0.7197,87,0
IWM191018P151,2019-10-16,2019-10-16 09:38:24,0.67,0.7362,25,0.65,0.7142,97,0.68,0.7472,1,0.66,0.7252,87,0
IWM191018P151,2019-10-16,2019-10-16 09:38:25,0.66,0.7252,33,0.65,0.7142,22,0.68,0.7472,1,0.655,0.7197,87,0
IWM191018P151,2019-10-16,2019-10-16 09:38:26,0.66,0.7252,28,0.65,0.7142,10,0.68,0.7472,1,0.655,0.7197,87,0
IWM191018P151,2019-10-16,2019-10-16 09:38:26,0.66,0.7252,29,0.65,0.7142,22,0.68,0.7472,1,0.655,0.7197,87,0
IWM191018P151,2019-10-16,2019-10-16 09:38:27,0.67,0.7362,115,0.65,0.7142,77,0.68,0.7472,1,0.66,0.7252,87,0
IWM191018P151,2019-10-16,2019-10-16 09:38:27,0.67,0.7362,82,0.65,0.7142,78,0.68,0.7472,1,0.66,0.7252,87,0
IWM191018P151,2019-10-16,2019-10-16 09:38:28,0.66,0.7252,68,0.65,0.7142,5,0.68,0.7472,1,0.655,0.7197,87,0
IWM191018P151,2019-10-16,2019-10-16 09:38:28,0.66,0.7252,68,0.65,0.7142,22,0.68,0.7472,1,0.655,0.7197,87,0
IWM191018P151,2019-10-16,2019-10-16 09:38:29,0.66,0.7252,147,0.65,0.7142,15,0.68,0.7472,1,0.655,0.7197,87,0
IWM191018P151,2019-10-16,2019-10-16 09:38:29,0.66,0.7252,95,0.65,0.7142,22,0.68,0.7472,1,0.655,0.7197,87,0
IWM191018P151,2019-10-16,2019-10-16 09:38:30,0.66,0.7252,147,0.65,0.7142,15,0.68,0.7472,1,0.655,0.7197,87,0
IWM191018P151,2019-10-16,2019-10-16 09:38:30,0.66,0.7252,68,0.64,0.7032,108,0.68,0.7472,1,0.65,0.7142,87,0
