symbol,Date,quote_time,ask_price,norm_ask_price,ask_size,bid_price,norm_bid_price,bid_size,last_trade_price,norm_last_trade_price,last_trade_size,mark_price,norm_mark_price,volume,Volume
IWM191129C163,2019-11-25,2019-11-25 09:30:00,0.08,1.0,500,0.0,0.0,0,0.02,0.25,50,0.04,0.5,0,0
IWM191129C163,2019-11-25,2019-11-25 09:30:02,0.03,0.375,10,0.0,0.0,0,0.01,0.125,1,0.015,0.1875,1,1
IWM191129C163,2019-11-25,2019-11-25 09:30:02,0.03,0.375,10,0.0,0.0,0,0.02,0.25,50,0.015,0.1875,0,0
IWM191129C163,2019-11-25,2019-11-25 09:30:03,0.03,0.375,450,0.0,0.0,0,0.01,0.125,1,0.015,0.1875,1,0
IWM191129C163,2019-11-25,2019-11-25 09:30:04,0.03,0.375,600,0.01,0.125,510,0.01,0.125,1,0.02,0.25,1,0
IWM191129C163,2019-11-25,2019-11-25 09:30:05,0.03,0.375,600,0.01,0.125,510,0.01,0.125,1,0.02,0.25,1,0
IWM191129C163,2019-11-25,2019-11-25 09:30:06,0.03,0.375,600,0.01,0.125,510,0.01,0.125,1,0.02,0.25,1,0
IWM191129C163,2019-11-25,2019-11-25 09:30:07,0.03,0.375,600,0.01,0.125,510,0.01,0.125,1,0.02,0.25,1,0
IWM191129C163,2019-11-25,2019-11-25 09:30:08,0.03,0.375,600,0.01,0.125,510,0.01,0.125,1,0.02,0.25,1,0
IWM191129C163,2019-11-25,2019-11-25 09:30:09,0.03,0.375,1089,0.01,0.125,1044,0.01,0.125,1,0.02,0.25,1,0
IWM191129C163,2019-11-25,2019-11-25 09:30:10,0.03,0.375,1089,0.01,0.125,1044,0.01,0.125,1,0.02,0.25,1,0
IWM191129C163,2019-11-25,2019-11-25 09:30:10,0.03,0.375,1089,0.01,0.125,1566,0.01,0.125,1,0.02,0.25,1,0
IWM191129C163,2019-11-25,2019-11-25 09:30:11,0.03,0.375,1141,0.01,0.125,1311,0.01,0.125,1,0.02,0.25,1,0
IWM191129C163,2019-11-25,2019-11-25 09:30:11,0.03,0.375,1089,0.01,0.125,591,0.01,0.125,1,0.02,0.25,1,0
IWM191129C163,2019-11-25,2019-11-25 09:30:12,0.03,0.375,1211,0.01,0.125,1566,0.01,0.125,1,0.02,0.25,1,0
IWM191129C163,2019-11-25,2019-11-25 09:30:13,0.03,0.375,1089,0.01,0.125,1566,0.01,0.125,1,0.02,0.25,1,0
IWM191129C163,2019-11-25,2019-11-25 09:30:13,0.03,0.375,1582,0.01,0.125,1881,0.01,0.125,1,0.02,0.25,1,0
IWM191129C163,2019-11-25,2019-11-25 09:30:14,0.03,0.375,1582,0.01,0.125,1916,0.01,0.125,1,0.02,0.25,1,0
IWM191129C163,2019-11-25,2019-11-25 09:30:15,0.03,0.375,1582,0.01,0.125,1916,0.01,0.125,1,0.02,0.25,1,0
IWM191129C163,2019-11-25,2019-11-25 09:30:16,0.03,0.375,1582,0.01,0.125,2091,0.01,0.125,1,0.02,0.25,1,0
IWM191129C163,2019-11-25,2019-11-25 09:30:17,0.03,0.375,1582,0.01,0.125,2091,0.01,0.125,1,0.02,0.25,1,0
IWM191129C163,2019-11-25,2019-11-25 09:30:18,0.03,0.375,1882,0.01,0.125,2391,0.01,0.125,1,0.02,0.25,1,0
IWM191129C163,2019-11-25,2019-11-25 09:30:19,0.03,0.375,1882,0.01,0.125,2391,0.01,0.125,1,0.02,0.25,1,0
IWM191129C163,2019-11-25,2019-11-25 09:30:20,0.03,0.375,1792,0.01,0.125,2391,0.01,0.125,1,0.02,0.25,1,0
IWM191129C163,2019-11-25,2019-11-25 09:30:20,0.03,0.375,1582,0.01,0.125,2091,0.01,0.125,1,0.02,0.25,1,0
IWM191129C163,2019-11-25,2019-11-25 09:30:21,0.03,0.375,1492,0.01,0.125,2029,0.01,0.125,1,0.02,0.25,1,0
IWM191129C163,2019-11-25,2019-11-25 09:30:22,0.03,0.375,1492,0.01,0.125,1929,0.01,0.125,1,0.02,0.25,1,0
IWM191129C163,2019-11-25,2019-11-25 09:30:22,0.03,0.375,1792,0.01,0.125,2229,0.01,0.125,1,0.02,0.25,1,0
IWM191129C163,2019-11-25,2019-11-25 09:30:23,0.03,0.375,1771,0.01,0.125,2189,0.01,0.125,1,0.02,0.25,1,0
IWM191129C163,2019-11-25,2019-11-25 09:30:24,0.03,0.375,1771,0.01,0.125,2189,0.01,0.125,1,0.02,0.25,1,0
IWM191129C163,2019-11-25,2019-11-25 09:30:25,0.03,0.375,2268,0.01,0.125,2814,0.01,0.125,1,0.02,0.25,1,0
IWM191129C163,2019-11-25,2019-11-25 09:30:25,0.03,0.375,1771,0.01,0.125,2189,0.01,0.125,1,0.02,0.25,1,0
IWM191129C163,2019-11-25,2019-11-25 09:30:26,0.03,0.375,2358,0.01,0.125,2876,0.01,0.125,1,0.02,0.25,1,0
IWM191129C163,2019-11-25,2019-11-25 09:30:27,0.03,0.375,2358,0.01,0.125,2854,0.01,0.125,1,0.02,0.25,1,0
IWM191129C163,2019-11-25,2019-11-25 09:30:27,0.03,0.375,2358,0.01,0.125,3053,0.01,0.125,1,0.02,0.25,1,0
IWM191129C163,2019-11-25,2019-11-25 09:30:28,0.03,0.375,2358,0.01,0.125,3053,0.01,0.125,1,0.02,0.25,1,0
IWM191129C163,2019-11-25,2019-11-25 09:30:29,0.03,0.375,2358,0.01,0.125,3053,0.01,0.125,1,0.02,0.25,1,0
IWM191129C163,2019-11-25,2019-11-25 09:30:30,0.03,0.375,2358,0.01,0.125,3053,0.01,0.125,1,0.02,0.25,1,0
IWM191129C163,2019-11-25,2019-11-25 09:30:31,0.03,0.375,2358,0.01,0.125,3053,0.01,0.125,1,0.02,0.25,1,0
IWM191129C163,2019-11-25,2019-11-25 09:30:31,0.03,0.375,1861,0.01,0.125,2534,0.01,0.125,1,0.02,0.25,1,0
IWM191129C163,2019-11-25,2019-11-25 09:30:32,0.03,0.375,2370,0.01,0.125,3058,0.01,0.125,1,0.02,0.25,1,0
IWM191129C163,2019-11-25,2019-11-25 09:30:33,0.03,0.375,2370,0.01,0.125,3058,0.01,0.125,1,0.02,0.25,1,0
IWM191129C163,2019-11-25,2019-11-25 09:30:34,0.03,0.375,2370,0.01,0.125,3058,0.01,0.125,1,0.02,0.25,1,0
IWM191129C163,2019-11-25,2019-11-25 09:30:35,0.03,0.375,2370,0.01,0.125,3058,0.01,0.125,1,0.02,0.25,1,0
IWM191129C163,2019-11-25,2019-11-25 09:30:36,0.03,0.375,2370,0.01,0.125,3058,0.01,0.125,1,0.02,0.25,1,0
IWM191129C163,2019-11-25,2019-11-25 09:30:37,0.03,0.375,1561,0.01,0.125,2234,0.01,0.125,1,0.02,0.25,1,0
IWM191129C163,2019-11-25,2019-11-25 09:30:37,0.03,0.375,2370,0.01,0.125,3058,0.01,0.125,1,0.02,0.25,1,0
IWM191129C163,2019-11-25,2019-11-25 09:30:38,0.03,0.375,1861,0.01,0.125,2534,0.01,0.125,1,0.02,0.25,1,0
IWM191129C163,2019-11-25,2019-11-25 09:30:39,0.03,0.375,1861,0.01,0.125,2534,0.01,0.125,1,0.02,0.25,1,0
IWM191129C163,2019-11-25,2019-11-25 09:30:40,0.03,0.375,1861,0.01,0.125,2714,0.01,0.125,1,0.02,0.25,1,0
IWM191129C163,2019-11-25,2019-11-25 09:30:41,0.03,0.375,1861,0.01,0.125,2714,0.01,0.125,1,0.02,0.25,1,0
IWM191129C163,2019-11-25,2019-11-25 09:30:42,0.03,0.375,1861,0.01,0.125,2714,0.01,0.125,1,0.02,0.25,1,0
IWM191129C163,2019-11-25,2019-11-25 09:30:43,0.03,0.375,2370,0.01,0.125,3244,0.01,0.125,1,0.02,0.25,1,0
IWM191129C163,2019-11-25,2019-11-25 09:30:44,0.03,0.375,2370,0.01,0.125,3244,0.01,0.125,1,0.02,0.25,1,0
IWM191129C163,2019-11-25,2019-11-25 09:30:45,0.03,0.375,2370,0.01,0.125,3244,0.01,0.125,1,0.02,0.25,1,0
IWM191129C163,2019-11-25,2019-11-25 09:30:46,0.03,0.375,2370,0.01,0.125,3244,0.01,0.125,1,0.02,0.25,1,0
IWM191129C163,2019-11-25,2019-11-25 09:30:47,0.03,0.375,2370,0.01,0.125,3244,0.01,0.125,1,0.02,0.25,1,0
IWM191129C163,2019-11-25,2019-11-25 09:30:48,0.03,0.375,2370,0.01,0.125,3244,0.01,0.125,1,0.02,0.25,1,0
IWM191129C163,2019-11-25,2019-11-25 09:30:49,0.03,0.375,1861,0.01,0.125,2714,0.01,0.125,1,0.02,0.25,1,0
IWM191129C163,2019-11-25,2019-11-25 09:30:49,0.03,0.375,2370,0.01,0.125,3244,0.01,0.125,1,0.02,0.25,1,0
IWM191129C163,2019-11-25,2019-11-25 09:30:50,0.03,0.375,1861,0.01,0.125,2714,0.01,0.125,1,0.02,0.25,1,0
IWM191129C163,2019-11-25,2019-11-25 09:30:51,0.03,0.375,1861,0.01,0.125,2714,0.01,0.125,1,0.02,0.25,1,0
IWM191129C163,2019-11-25,2019-11-25 09:30:52,0.03,0.375,1861,0.01,0.125,2714,0.01,0.125,1,0.02,0.25,1,0
IWM191129C163,2019-11-25,2019-11-25 09:30:53,0.03,0.375,1861,0.01,0.125,2714,0.01,0.125,1,0.02,0.25,1,0
IWM191129C163,2019-11-25,2019-11-25 09:30:54,0.03,0.375,1861,0.01,0.125,2714,0.01,0.125,1,0.02,0.25,1,0
IWM191129C163,2019-11-25,2019-11-25 09:30:55,0.03,0.375,1428,0.01,0.125,1412,0.01,0.125,1,0.02,0.25,1,0
IWM191129C163,2019-11-25,2019-11-25 09:30:55,0.03,0.375,1878,0.01,0.125,1865,0.01,0.125,1,0.02,0.25,1,0
IWM191129C163,2019-11-25,2019-11-25 09:30:56,0.03,0.375,2178,0.01,0.125,1865,0.01,0.125,1,0.02,0.25,1,0
IWM191129C163,2019-11-25,2019-11-25 09:30:57,0.03,0.375,2178,0.01,0.125,1865,0.01,0.125,1,0.02,0.25,1,0
IWM191129C163,2019-11-25,2019-11-25 09:30:58,0.03,0.375,2272,0.01,0.125,2861,0.01,0.125,1,0.02,0.25,1,0
IWM191129C163,2019-11-25,2019-11-25 09:30:58,0.03,0.375,2178,0.01,0.125,2761,0.01,0.125,1,0.02,0.25,1,0
IWM191129C163,2019-11-25,2019-11-25 09:30:59,0.03,0.375,1822,0.01,0.125,2408,0.01,0.125,1,0.02,0.25,1,0
IWM191129C163,2019-11-25,2019-11-25 09:31:00,0.03,0.375,1822,0.01,0.125,2408,0.01,0.125,1,0.02,0.25,1,0
IWM191129C163,2019-11-25,2019-11-25 09:31:00,0.03,0.375,2333,0.01,0.125,2932,0.01,0.125,1,0.02,0.25,1,0
IWM191129C163,2019-11-25,2019-11-25 09:31:01,0.03,0.375,2333,0.01,0.125,2932,0.01,0.125,1,0.02,0.25,1,0
IWM191129C163,2019-11-25,2019-11-25 09:31:02,0.03,0.375,2333,0.01,0.125,2932,0.01,0.125,1,0.02,0.25,1,0
IWM191129C163,2019-11-25,2019-11-25 09:31:02,0.03,0.375,2033,0.01,0.125,2932,0.01,0.125,1,0.02,0.25,1,0
IWM191129C163,2019-11-25,2019-11-25 09:31:03,0.03,0.375,2333,0.01,0.125,2932,0.01,0.125,1,0.02,0.25,1,0
IWM191129C163,2019-11-25,2019-11-25 09:31:03,0.02,0.25,14,0.01,0.125,2932,0.01,0.125,1,0.015,0.1875,1,0
IWM191129C163,2019-11-25,2019-11-25 09:31:04,0.02,0.25,14,0.01,0.125,2932,0.01,0.125,1,0.015,0.1875,1,0
IWM191129C163,2019-11-25,2019-11-25 09:31:05,0.02,0.25,14,0.01,0.125,3232,0.01,0.125,1,0.015,0.1875,1,0
IWM191129C163,2019-11-25,2019-11-25 09:31:05,0.02,0.25,14,0.01,0.125,2932,0.01,0.125,1,0.015,0.1875,1,0
IWM191129C163,2019-11-25,2019-11-25 09:31:06,0.02,0.25,14,0.01,0.125,3232,0.01,0.125,1,0.015,0.1875,1,0
IWM191129C163,2019-11-25,2019-11-25 09:31:07,0.02,0.25,14,0.01,0.125,3217,0.01,0.125,1,0.015,0.1875,1,0
IWM191129C163,2019-11-25,2019-11-25 09:31:07,0.02,0.25,14,0.01,0.125,2917,0.01,0.125,1,0.015,0.1875,1,0
IWM191129C163,2019-11-25,2019-11-25 09:31:08,0.02,0.25,14,0.01,0.125,3217,0.01,0.125,1,0.015,0.1875,1,0
IWM191129C163,2019-11-25,2019-11-25 09:31:09,0.02,0.25,14,0.01,0.125,3217,0.01,0.125,1,0.015,0.1875,1,0
IWM191129C163,2019-11-25,2019-11-25 09:31:09,0.02,0.25,14,0.01,0.125,2708,0.01,0.125,1,0.015,0.1875,1,0
IWM191129C163,2019-11-25,2019-11-25 09:31:10,0.02,0.25,32,0.01,0.125,3240,0.01,0.125,1,0.015,0.1875,1,0
IWM191129C163,2019-11-25,2019-11-25 09:31:10,0.02,0.25,14,0.01,0.125,3240,0.01,0.125,1,0.015,0.1875,1,0
IWM191129C163,2019-11-25,2019-11-25 09:31:11,0.02,0.25,32,0.01,0.125,3240,0.01,0.125,1,0.015,0.1875,1,0
IWM191129C163,2019-11-25,2019-11-25 09:31:12,0.03,0.375,1681,0.01,0.125,1712,0.01,0.125,1,0.02,0.25,1,0
IWM191129C163,2019-11-25,2019-11-25 09:31:12,0.03,0.375,1681,0.01,0.125,2608,0.01,0.125,1,0.02,0.25,1,0
IWM191129C163,2019-11-25,2019-11-25 09:31:13,0.02,0.25,30,0.01,0.125,1651,0.01,0.125,1,0.015,0.1875,1,0
IWM191129C163,2019-11-25,2019-11-25 09:31:14,0.02,0.25,23,0.01,0.125,1651,0.01,0.125,1,0.015,0.1875,1,0
IWM191129C163,2019-11-25,2019-11-25 09:31:15,0.02,0.25,23,0.01,0.125,3092,0.01,0.125,1,0.015,0.1875,1,0
IWM191129C163,2019-11-25,2019-11-25 09:31:16,0.02,0.25,31,0.01,0.125,3092,0.01,0.125,1,0.015,0.1875,1,0
IWM191129C163,2019-11-25,2019-11-25 09:31:16,0.02,0.25,23,0.01,0.125,3092,0.01,0.125,1,0.015,0.1875,1,0
IWM191129C163,2019-11-25,2019-11-25 09:31:17,0.02,0.25,29,0.01,0.125,3092,0.01,0.125,1,0.015,0.1875,1,0
IWM191129C163,2019-11-25,2019-11-25 09:31:17,0.02,0.25,31,0.01,0.125,3092,0.01,0.125,1,0.015,0.1875,1,0
IWM191129C163,2019-11-25,2019-11-25 09:31:18,0.03,0.375,1916,0.01,0.125,2433,0.01,0.125,1,0.02,0.25,1,0
IWM191129C163,2019-11-25,2019-11-25 09:31:18,0.03,0.375,1728,0.01,0.125,2433,0.01,0.125,1,0.02,0.25,1,0
IWM191129C163,2019-11-25,2019-11-25 09:31:19,0.03,0.375,1994,0.01,0.125,1772,0.01,0.125,1,0.02,0.25,1,0
IWM191129C163,2019-11-25,2019-11-25 09:31:19,0.02,0.25,9,0.01,0.125,1622,0.01,0.125,1,0.015,0.1875,1,0
IWM191129C163,2019-11-25,2019-11-25 09:31:20,0.02,0.25,14,0.01,0.125,1944,0.01,0.125,1,0.015,0.1875,1,0
IWM191129C163,2019-11-25,2019-11-25 09:31:20,0.02,0.25,14,0.01,0.125,2840,0.01,0.125,1,0.015,0.1875,1,0
IWM191129C163,2019-11-25,2019-11-25 09:31:21,0.02,0.25,100,0.01,0.125,2840,0.01,0.125,1,0.015,0.1875,1,0
IWM191129C163,2019-11-25,2019-11-25 09:31:21,0.02,0.25,32,0.01,0.125,2840,0.01,0.125,1,0.015,0.1875,1,0
IWM191129C163,2019-11-25,2019-11-25 09:31:22,0.02,0.25,473,0.01,0.125,2840,0.01,0.125,1,0.015,0.1875,1,0
IWM191129C163,2019-11-25,2019-11-25 09:31:23,0.02,0.25,473,0.01,0.125,2840,0.01,0.125,1,0.015,0.1875,1,0
IWM191129C163,2019-11-25,2019-11-25 09:31:24,0.02,0.25,450,0.01,0.125,1944,0.01,0.125,1,0.015,0.1875,1,0
IWM191129C163,2019-11-25,2019-11-25 09:31:24,0.02,0.25,473,0.01,0.125,2840,0.01,0.125,1,0.015,0.1875,1,0
IWM191129C163,2019-11-25,2019-11-25 09:31:25,0.02,0.25,465,0.01,0.125,1561,0.01,0.125,1,0.015,0.1875,1,0
IWM191129C163,2019-11-25,2019-11-25 09:31:25,0.02,0.25,465,0.01,0.125,1952,0.01,0.125,1,0.015,0.1875,1,0
IWM191129C163,2019-11-25,2019-11-25 09:31:26,0.02,0.25,34,0.01,0.125,1952,0.01,0.125,1,0.015,0.1875,1,0
IWM191129C163,2019-11-25,2019-11-25 09:31:26,0.03,0.375,1831,0.01,0.125,1952,0.01,0.125,1,0.02,0.25,1,0
IWM191129C163,2019-11-25,2019-11-25 09:31:27,0.03,0.375,1831,0.01,0.125,2848,0.01,0.125,1,0.02,0.25,1,0
IWM191129C163,2019-11-25,2019-11-25 09:31:27,0.03,0.375,1831,0.01,0.125,1952,0.01,0.125,1,0.02,0.25,1,0
IWM191129C163,2019-11-25,2019-11-25 09:31:28,0.03,0.375,1531,0.01,0.125,2548,0.01,0.125,1,0.02,0.25,1,0
IWM191129C163,2019-11-25,2019-11-25 09:31:28,0.03,0.375,1831,0.01,0.125,2848,0.01,0.125,1,0.02,0.25,1,0
IWM191129C163,2019-11-25,2019-11-25 09:31:29,0.03,0.375,1831,0.01,0.125,2848,0.01,0.125,1,0.02,0.25,1,0
IWM191129C163,2019-11-25,2019-11-25 09:31:30,0.03,0.375,1831,0.01,0.125,2848,0.01,0.125,1,0.02,0.25,1,0
IWM191129C163,2019-11-25,2019-11-25 09:31:31,0.02,0.25,9,0.01,0.125,2848,0.01,0.125,1,0.015,0.1875,1,0
IWM191129C163,2019-11-25,2019-11-25 09:31:32,0.02,0.25,9,0.01,0.125,2848,0.01,0.125,1,0.015,0.1875,1,0
IWM191129C163,2019-11-25,2019-11-25 09:31:33,0.02,0.25,9,0.01,0.125,2848,0.01,0.125,1,0.015,0.1875,1,0
IWM191129C163,2019-11-25,2019-11-25 09:31:34,0.02,0.25,9,0.01,0.125,2848,0.01,0.125,1,0.015,0.1875,1,0
IWM191129C163,2019-11-25,2019-11-25 09:31:35,0.02,0.25,9,0.01,0.125,2848,0.01,0.125,1,0.015,0.1875,1,0
IWM191129C163,2019-11-25,2019-11-25 09:31:36,0.03,0.375,1840,0.01,0.125,2608,0.01,0.125,1,0.02,0.25,1,0
IWM191129C163,2019-11-25,2019-11-25 09:31:36,0.03,0.375,1831,0.01,0.125,2848,0.01,0.125,1,0.02,0.25,1,0
IWM191129C163,2019-11-25,2019-11-25 09:31:37,0.02,0.25,14,0.01,0.125,2608,0.01,0.125,1,0.015,0.1875,1,0
IWM191129C163,2019-11-25,2019-11-25 09:31:38,0.02,0.25,14,0.01,0.125,2608,0.01,0.125,1,0.015,0.1875,1,0
IWM191129C163,2019-11-25,2019-11-25 09:31:39,0.02,0.25,14,0.01,0.125,2608,0.01,0.125,1,0.015,0.1875,1,0
IWM191129C163,2019-11-25,2019-11-25 09:31:39,0.02,0.25,92,0.01,0.125,2855,0.01,0.125,1,0.015,0.1875,1,0
IWM191129C163,2019-11-25,2019-11-25 09:31:40,0.02,0.25,92,0.01,0.125,2855,0.01,0.125,1,0.015,0.1875,1,0
IWM191129C163,2019-11-25,2019-11-25 09:31:40,0.02,0.25,92,0.01,0.125,2945,0.01,0.125,1,0.015,0.1875,1,0
IWM191129C163,2019-11-25,2019-11-25 09:31:41,0.02,0.25,92,0.01,0.125,2945,0.01,0.125,1,0.015,0.1875,1,0
IWM191129C163,2019-11-25,2019-11-25 09:31:41,0.02,0.25,528,0.01,0.125,2645,0.01,0.125,1,0.015,0.1875,1,0
IWM191129C163,2019-11-25,2019-11-25 09:31:42,0.02,0.25,541,0.01,0.125,2645,0.01,0.125,1,0.015,0.1875,1,0
IWM191129C163,2019-11-25,2019-11-25 09:31:43,0.02,0.25,541,0.01,0.125,2645,0.01,0.125,1,0.015,0.1875,1,0
IWM191129C163,2019-11-25,2019-11-25 09:31:43,0.02,0.25,528,0.01,0.125,2645,0.01,0.125,1,0.015,0.1875,1,0
IWM191129C163,2019-11-25,2019-11-25 09:31:44,0.02,0.25,541,0.01,0.125,2645,0.01,0.125,1,0.015,0.1875,1,0
IWM191129C163,2019-11-25,2019-11-25 09:31:45,0.02,0.25,541,0.01,0.125,2645,0.01,0.125,1,0.015,0.1875,1,0
IWM191129C163,2019-11-25,2019-11-25 09:31:46,0.02,0.25,541,0.01,0.125,2645,0.01,0.125,1,0.015,0.1875,1,0
IWM191129C163,2019-11-25,2019-11-25 09:31:46,0.02,0.25,528,0.01,0.125,2645,0.01,0.125,1,0.015,0.1875,1,0
IWM191129C163,2019-11-25,2019-11-25 09:31:47,0.02,0.25,541,0.01,0.125,3023,0.01,0.125,1,0.015,0.1875,1,0
IWM191129C163,2019-11-25,2019-11-25 09:31:47,0.02,0.25,528,0.01,0.125,3023,0.01,0.125,1,0.015,0.1875,1,0
IWM191129C163,2019-11-25,2019-11-25 09:31:48,0.02,0.25,528,0.01,0.125,3023,0.01,0.125,1,0.015,0.1875,1,0
IWM191129C163,2019-11-25,2019-11-25 09:31:49,0.02,0.25,528,0.01,0.125,3023,0.01,0.125,1,0.015,0.1875,1,0
IWM191129C163,2019-11-25,2019-11-25 09:31:49,0.02,0.25,541,0.01,0.125,3023,0.01,0.125,1,0.015,0.1875,1,0
IWM191129C163,2019-11-25,2019-11-25 09:31:50,0.02,0.25,541,0.01,0.125,3023,0.01,0.125,1,0.015,0.1875,1,0
IWM191129C163,2019-11-25,2019-11-25 09:31:51,0.02,0.25,541,0.01,0.125,3023,0.01,0.125,1,0.015,0.1875,1,0
IWM191129C163,2019-11-25,2019-11-25 09:31:52,0.02,0.25,541,0.01,0.125,3023,0.01,0.125,1,0.015,0.1875,1,0
IWM191129C163,2019-11-25,2019-11-25 09:31:53,0.02,0.25,541,0.01,0.125,3023,0.01,0.125,1,0.015,0.1875,1,0
IWM191129C163,2019-11-25,2019-11-25 09:31:54,0.02,0.25,541,0.01,0.125,3023,0.01,0.125,1,0.015,0.1875,1,0
IWM191129C163,2019-11-25,2019-11-25 09:31:55,0.02,0.25,528,0.01,0.125,3023,0.01,0.125,1,0.015,0.1875,1,0
IWM191129C163,2019-11-25,2019-11-25 09:31:55,0.02,0.25,541,0.01,0.125,3023,0.01,0.125,1,0.015,0.1875,1,0
IWM191129C163,2019-11-25,2019-11-25 09:31:56,0.02,0.25,541,0.01,0.125,3023,0.01,0.125,1,0.015,0.1875,1,0
IWM191129C163,2019-11-25,2019-11-25 09:31:57,0.02,0.25,541,0.01,0.125,3023,0.01,0.125,1,0.015,0.1875,1,0
IWM191129C163,2019-11-25,2019-11-25 09:31:58,0.02,0.25,528,0.01,0.125,3023,0.01,0.125,1,0.015,0.1875,1,0
IWM191129C163,2019-11-25,2019-11-25 09:31:58,0.02,0.25,541,0.01,0.125,3023,0.01,0.125,1,0.015,0.1875,1,0
IWM191129C163,2019-11-25,2019-11-25 09:31:59,0.02,0.25,541,0.01,0.125,3023,0.01,0.125,1,0.015,0.1875,1,0
IWM191129C163,2019-11-25,2019-11-25 09:31:59,0.02,0.25,541,0.01,0.125,2933,0.01,0.125,1,0.015,0.1875,1,0
IWM191129C163,2019-11-25,2019-11-25 09:32:00,0.02,0.25,91,0.01,0.125,2308,0.01,0.125,1,0.015,0.1875,1,0
IWM191129C163,2019-11-25,2019-11-25 09:32:00,0.02,0.25,91,0.01,0.125,2933,0.01,0.125,1,0.015,0.1875,1,0
IWM191129C163,2019-11-25,2019-11-25 09:32:01,0.02,0.25,78,0.01,0.125,2933,0.01,0.125,1,0.015,0.1875,1,0
IWM191129C163,2019-11-25,2019-11-25 09:32:02,0.02,0.25,95,0.01,0.125,2933,0.01,0.125,1,0.015,0.1875,1,0
IWM191129C163,2019-11-25,2019-11-25 09:32:03,0.02,0.25,95,0.01,0.125,2933,0.01,0.125,1,0.015,0.1875,1,0
IWM191129C163,2019-11-25,2019-11-25 09:32:04,0.02,0.25,95,0.01,0.125,2933,0.01,0.125,1,0.015,0.1875,1,0
IWM191129C163,2019-11-25,2019-11-25 09:32:05,0.02,0.25,95,0.01,0.125,2933,0.01,0.125,1,0.015,0.1875,1,0
IWM191129C163,2019-11-25,2019-11-25 09:32:06,0.02,0.25,95,0.01,0.125,2933,0.01,0.125,1,0.015,0.1875,1,0
IWM191129C163,2019-11-25,2019-11-25 09:32:06,0.02,0.25,95,0.01,0.125,1713,0.01,0.125,1,0.015,0.1875,1,0
IWM191129C163,2019-11-25,2019-11-25 09:32:07,0.02,0.25,95,0.01,0.125,2049,0.01,0.125,1,0.015,0.1875,1,0
IWM191129C163,2019-11-25,2019-11-25 09:32:07,0.02,0.25,95,0.01,0.125,1713,0.01,0.125,1,0.015,0.1875,1,0
IWM191129C163,2019-11-25,2019-11-25 09:32:08,0.02,0.25,78,0.01,0.125,2049,0.01,0.125,1,0.015,0.1875,1,0
IWM191129C163,2019-11-25,2019-11-25 09:32:08,0.02,0.25,95,0.01,0.125,2893,0.01,0.125,1,0.015,0.1875,1,0
IWM191129C163,2019-11-25,2019-11-25 09:32:09,0.02,0.25,78,0.01,0.125,2831,0.01,0.125,1,0.015,0.1875,1,0
IWM191129C163,2019-11-25,2019-11-25 09:32:09,0.02,0.25,95,0.01,0.125,2831,0.01,0.125,1,0.015,0.1875,1,0
IWM191129C163,2019-11-25,2019-11-25 09:32:10,0.02,0.25,54,0.01,0.125,2531,0.01,0.125,1,0.015,0.1875,1,0
IWM191129C163,2019-11-25,2019-11-25 09:32:10,0.02,0.25,54,0.01,0.125,2831,0.01,0.125,1,0.015,0.1875,1,0
IWM191129C163,2019-11-25,2019-11-25 09:32:11,0.03,0.375,2195,0.01,0.125,2831,0.01,0.125,1,0.02,0.25,1,0
IWM191129C163,2019-11-25,2019-11-25 09:32:11,0.03,0.375,1901,0.01,0.125,2831,0.01,0.125,1,0.02,0.25,1,0
IWM191129C163,2019-11-25,2019-11-25 09:32:12,0.03,0.375,2401,0.01,0.125,2831,0.01,0.125,1,0.02,0.25,1,0
IWM191129C163,2019-11-25,2019-11-25 09:32:12,0.03,0.375,1901,0.01,0.125,2831,0.01,0.125,1,0.02,0.25,1,0
IWM191129C163,2019-11-25,2019-11-25 09:32:13,0.03,0.375,1901,0.01,0.125,2831,0.01,0.125,1,0.02,0.25,1,0
IWM191129C163,2019-11-25,2019-11-25 09:32:13,0.03,0.375,2401,0.01,0.125,2831,0.01,0.125,1,0.02,0.25,1,0
IWM191129C163,2019-11-25,2019-11-25 09:32:14,0.03,0.375,2401,0.01,0.125,2893,0.01,0.125,1,0.02,0.25,1,0
IWM191129C163,2019-11-25,2019-11-25 09:32:15,0.03,0.375,2401,0.01,0.125,2893,0.01,0.125,1,0.02,0.25,1,0
IWM191129C163,2019-11-25,2019-11-25 09:32:16,0.03,0.375,2401,0.01,0.125,2893,0.01,0.125,1,0.02,0.25,1,0
IWM191129C163,2019-11-25,2019-11-25 09:32:17,0.03,0.375,1901,0.01,0.125,2593,0.01,0.125,1,0.02,0.25,1,0
IWM191129C163,2019-11-25,2019-11-25 09:32:17,0.03,0.375,1901,0.01,0.125,2893,0.01,0.125,1,0.02,0.25,1,0
IWM191129C163,2019-11-25,2019-11-25 09:32:18,0.03,0.375,1901,0.01,0.125,2911,0.01,0.125,1,0.02,0.25,1,0
IWM191129C163,2019-11-25,2019-11-25 09:32:18,0.03,0.375,1811,0.01,0.125,2911,0.01,0.125,1,0.02,0.25,1,0
IWM191129C163,2019-11-25,2019-11-25 09:32:19,0.03,0.375,1901,0.01,0.125,2911,0.01,0.125,1,0.02,0.25,1,0
IWM191129C163,2019-11-25,2019-11-25 09:32:20,0.03,0.375,1901,0.01,0.125,2911,0.01,0.125,1,0.02,0.25,1,0
IWM191129C163,2019-11-25,2019-11-25 09:32:21,0.02,0.25,14,0.01,0.125,2911,0.01,0.125,1,0.015,0.1875,1,0
IWM191129C163,2019-11-25,2019-11-25 09:32:21,0.03,0.375,1831,0.01,0.125,2911,0.01,0.125,1,0.02,0.25,1,0
IWM191129C163,2019-11-25,2019-11-25 09:32:22,0.02,0.25,14,0.01,0.125,2829,0.01,0.125,1,0.015,0.1875,1,0
IWM191129C163,2019-11-25,2019-11-25 09:32:23,0.02,0.25,14,0.01,0.125,2829,0.01,0.125,1,0.015,0.1875,1,0
IWM191129C163,2019-11-25,2019-11-25 09:32:24,0.02,0.25,14,0.01,0.125,2829,0.01,0.125,1,0.015,0.1875,1,0
IWM191129C163,2019-11-25,2019-11-25 09:32:24,0.03,0.375,1831,0.01,0.125,2842,0.01,0.125,1,0.02,0.25,1,0
IWM191129C163,2019-11-25,2019-11-25 09:32:25,0.02,0.25,14,0.01,0.125,2842,0.01,0.125,1,0.015,0.1875,1,0
IWM191129C163,2019-11-25,2019-11-25 09:32:25,0.02,0.25,32,0.01,0.125,2842,0.01,0.125,1,0.015,0.1875,1,0
IWM191129C163,2019-11-25,2019-11-25 09:32:26,0.02,0.25,32,0.01,0.125,2842,0.01,0.125,1,0.015,0.1875,1,0
IWM191129C163,2019-11-25,2019-11-25 09:32:27,0.03,0.375,1831,0.01,0.125,2842,0.01,0.125,1,0.02,0.25,1,0
IWM191129C163,2019-11-25,2019-11-25 09:32:27,0.02,0.25,32,0.01,0.125,2842,0.01,0.125,1,0.015,0.1875,1,0
IWM191129C163,2019-11-25,2019-11-25 09:32:28,0.02,0.25,14,0.01,0.125,2842,0.01,0.125,1,0.015,0.1875,1,0
IWM191129C163,2019-11-25,2019-11-25 09:32:28,0.03,0.375,1831,0.01,0.125,2842,0.01,0.125,1,0.02,0.25,1,0
IWM191129C163,2019-11-25,2019-11-25 09:32:29,0.02,0.25,14,0.01,0.125,2842,0.01,0.125,1,0.015,0.1875,1,0
IWM191129C163,2019-11-25,2019-11-25 09:32:29,0.03,0.375,1831,0.01,0.125,2904,0.01,0.125,1,0.02,0.25,1,0
IWM191129C163,2019-11-25,2019-11-25 09:32:30,0.03,0.375,1831,0.01,0.125,2904,0.01,0.125,1,0.02,0.25,1,0
IWM191129C163,2019-11-25,2019-11-25 09:32:31,0.03,0.375,1831,0.01,0.125,2904,0.01,0.125,1,0.02,0.25,1,0
IWM191129C163,2019-11-25,2019-11-25 09:32:32,0.03,0.375,1831,0.01,0.125,2904,0.01,0.125,1,0.02,0.25,1,0
IWM191129C163,2019-11-25,2019-11-25 09:32:33,0.03,0.375,1831,0.01,0.125,2904,0.01,0.125,1,0.02,0.25,1,0
IWM191129C163,2019-11-25,2019-11-25 09:32:34,0.03,0.375,1831,0.01,0.125,2904,0.01,0.125,1,0.02,0.25,1,0
IWM191129C163,2019-11-25,2019-11-25 09:32:35,0.03,0.375,1831,0.01,0.125,2904,0.01,0.125,1,0.02,0.25,1,0
IWM191129C163,2019-11-25,2019-11-25 09:32:36,0.03,0.375,1831,0.01,0.125,2904,0.01,0.125,1,0.02,0.25,1,0
IWM191129C163,2019-11-25,2019-11-25 09:32:37,0.03,0.375,1831,0.01,0.125,2904,0.01,0.125,1,0.02,0.25,1,0
IWM191129C163,2019-11-25,2019-11-25 09:32:38,0.03,0.375,1831,0.01,0.125,2904,0.01,0.125,1,0.02,0.25,1,0
IWM191129C163,2019-11-25,2019-11-25 09:32:39,0.03,0.375,1831,0.01,0.125,2904,0.01,0.125,1,0.02,0.25,1,0
IWM191129C163,2019-11-25,2019-11-25 09:32:40,0.03,0.375,1831,0.01,0.125,2904,0.01,0.125,1,0.02,0.25,1,0
IWM191129C163,2019-11-25,2019-11-25 09:32:41,0.03,0.375,1831,0.01,0.125,2904,0.01,0.125,1,0.02,0.25,1,0
IWM191129C163,2019-11-25,2019-11-25 09:32:42,0.03,0.375,1831,0.01,0.125,2904,0.01,0.125,1,0.02,0.25,1,0
IWM191129C163,2019-11-25,2019-11-25 09:32:43,0.03,0.375,1831,0.01,0.125,2904,0.01,0.125,1,0.02,0.25,1,0
IWM191129C163,2019-11-25,2019-11-25 09:32:44,0.03,0.375,1831,0.01,0.125,2904,0.01,0.125,1,0.02,0.25,1,0
IWM191129C163,2019-11-25,2019-11-25 09:32:45,0.03,0.375,1831,0.01,0.125,2904,0.01,0.125,1,0.02,0.25,1,0
IWM191129C163,2019-11-25,2019-11-25 09:32:45,0.03,0.375,1890,0.02,0.25,387,0.01,0.125,1,0.025,0.3125,1,0
IWM191129C163,2019-11-25,2019-11-25 09:32:46,0.03,0.375,2002,0.02,0.25,510,0.01,0.125,1,0.025,0.3125,1,0
IWM191129C163,2019-11-25,2019-11-25 09:32:47,0.03,0.375,2002,0.02,0.25,387,0.01,0.125,1,0.025,0.3125,1,0
IWM191129C163,2019-11-25,2019-11-25 09:32:47,0.03,0.375,2002,0.02,0.25,510,0.01,0.125,1,0.025,0.3125,1,0
IWM191129C163,2019-11-25,2019-11-25 09:32:48,0.03,0.375,2002,0.02,0.25,387,0.01,0.125,1,0.025,0.3125,1,0
IWM191129C163,2019-11-25,2019-11-25 09:32:49,0.03,0.375,2002,0.02,0.25,387,0.01,0.125,1,0.025,0.3125,1,0
IWM191129C163,2019-11-25,2019-11-25 09:32:50,0.03,0.375,2002,0.02,0.25,387,0.01,0.125,1,0.025,0.3125,1,0
IWM191129C163,2019-11-25,2019-11-25 09:32:51,0.03,0.375,2002,0.02,0.25,387,0.01,0.125,1,0.025,0.3125,1,0
IWM191129C163,2019-11-25,2019-11-25 09:32:52,0.03,0.375,2002,0.02,0.25,387,0.01,0.125,1,0.025,0.3125,1,0
IWM191129C163,2019-11-25,2019-11-25 09:32:53,0.03,0.375,1822,0.02,0.25,387,0.01,0.125,1,0.025,0.3125,1,0
IWM191129C163,2019-11-25,2019-11-25 09:32:53,0.03,0.375,2002,0.02,0.25,387,0.01,0.125,1,0.025,0.3125,1,0
IWM191129C163,2019-11-25,2019-11-25 09:32:54,0.03,0.375,1822,0.02,0.25,387,0.01,0.125,1,0.025,0.3125,1,0
IWM191129C163,2019-11-25,2019-11-25 09:32:55,0.03,0.375,1822,0.02,0.25,387,0.01,0.125,1,0.025,0.3125,1,0
IWM191129C163,2019-11-25,2019-11-25 09:32:56,0.03,0.375,1822,0.02,0.25,387,0.01,0.125,1,0.025,0.3125,1,0
IWM191129C163,2019-11-25,2019-11-25 09:32:57,0.03,0.375,1822,0.02,0.25,387,0.01,0.125,1,0.025,0.3125,1,0
IWM191129C163,2019-11-25,2019-11-25 09:32:58,0.03,0.375,1929,0.02,0.25,387,0.01,0.125,1,0.025,0.3125,1,0
IWM191129C163,2019-11-25,2019-11-25 09:32:58,0.03,0.375,1822,0.02,0.25,387,0.01,0.125,1,0.025,0.3125,1,0
IWM191129C163,2019-11-25,2019-11-25 09:32:59,0.03,0.375,1912,0.02,0.25,387,0.01,0.125,1,0.025,0.3125,1,0
IWM191129C163,2019-11-25,2019-11-25 09:33:00,0.03,0.375,1822,0.02,0.25,387,0.01,0.125,1,0.025,0.3125,1,0
IWM191129C163,2019-11-25,2019-11-25 09:33:01,0.03,0.375,1822,0.02,0.25,387,0.01,0.125,1,0.025,0.3125,1,0
IWM191129C163,2019-11-25,2019-11-25 09:33:02,0.03,0.375,1822,0.02,0.25,387,0.01,0.125,1,0.025,0.3125,1,0
IWM191129C163,2019-11-25,2019-11-25 09:33:03,0.03,0.375,1822,0.02,0.25,387,0.01,0.125,1,0.025,0.3125,1,0
IWM191129C163,2019-11-25,2019-11-25 09:33:04,0.03,0.375,1822,0.02,0.25,387,0.01,0.125,1,0.025,0.3125,1,0
IWM191129C163,2019-11-25,2019-11-25 09:33:05,0.03,0.375,1822,0.02,0.25,387,0.01,0.125,1,0.025,0.3125,1,0
IWM191129C163,2019-11-25,2019-11-25 09:33:06,0.03,0.375,1822,0.02,0.25,426,0.01,0.125,1,0.025,0.3125,1,0
IWM191129C163,2019-11-25,2019-11-25 09:33:07,0.03,0.375,1822,0.02,0.25,387,0.01,0.125,1,0.025,0.3125,1,0
IWM191129C163,2019-11-25,2019-11-25 09:33:08,0.03,0.375,1822,0.02,0.25,387,0.01,0.125,1,0.025,0.3125,1,0
IWM191129C163,2019-11-25,2019-11-25 09:33:09,0.03,0.375,1822,0.02,0.25,387,0.01,0.125,1,0.025,0.3125,1,0
IWM191129C163,2019-11-25,2019-11-25 09:33:10,0.03,0.375,1822,0.02,0.25,387,0.01,0.125,1,0.025,0.3125,1,0
IWM191129C163,2019-11-25,2019-11-25 09:33:11,0.03,0.375,1822,0.02,0.25,387,0.01,0.125,1,0.025,0.3125,1,0
IWM191129C163,2019-11-25,2019-11-25 09:33:12,0.03,0.375,1822,0.02,0.25,387,0.01,0.125,1,0.025,0.3125,1,0
IWM191129C163,2019-11-25,2019-11-25 09:33:12,0.03,0.375,1522,0.02,0.25,387,0.01,0.125,1,0.025,0.3125,1,0
IWM191129C163,2019-11-25,2019-11-25 09:33:13,0.03,0.375,1822,0.02,0.25,658,0.01,0.125,1,0.025,0.3125,1,0
IWM191129C163,2019-11-25,2019-11-25 09:33:14,0.03,0.375,1822,0.02,0.25,387,0.01,0.125,1,0.025,0.3125,1,0
IWM191129C163,2019-11-25,2019-11-25 09:33:15,0.03,0.375,1822,0.02,0.25,387,0.01,0.125,1,0.025,0.3125,1,0
IWM191129C163,2019-11-25,2019-11-25 09:33:16,0.03,0.375,1822,0.02,0.25,387,0.01,0.125,1,0.025,0.3125,1,0
IWM191129C163,2019-11-25,2019-11-25 09:33:17,0.03,0.375,1822,0.02,0.25,387,0.01,0.125,1,0.025,0.3125,1,0
IWM191129C163,2019-11-25,2019-11-25 09:33:18,0.03,0.375,1822,0.02,0.25,387,0.01,0.125,1,0.025,0.3125,1,0
IWM191129C163,2019-11-25,2019-11-25 09:33:18,0.03,0.375,1822,0.02,0.25,658,0.01,0.125,1,0.025,0.3125,1,0
IWM191129C163,2019-11-25,2019-11-25 09:33:19,0.03,0.375,1822,0.02,0.25,387,0.01,0.125,1,0.025,0.3125,1,0
IWM191129C163,2019-11-25,2019-11-25 09:33:20,0.03,0.375,1822,0.02,0.25,387,0.01,0.125,1,0.025,0.3125,1,0
IWM191129C163,2019-11-25,2019-11-25 09:33:20,0.03,0.375,1822,0.02,0.25,658,0.01,0.125,1,0.025,0.3125,1,0
IWM191129C163,2019-11-25,2019-11-25 09:33:21,0.03,0.375,1822,0.02,0.25,658,0.01,0.125,1,0.025,0.3125,1,0
IWM191129C163,2019-11-25,2019-11-25 09:33:22,0.03,0.375,1822,0.02,0.25,387,0.01,0.125,1,0.025,0.3125,1,0
IWM191129C163,2019-11-25,2019-11-25 09:33:22,0.03,0.375,1822,0.02,0.25,658,0.01,0.125,1,0.025,0.3125,1,0
IWM191129C163,2019-11-25,2019-11-25 09:33:23,0.03,0.375,1822,0.02,0.25,387,0.01,0.125,1,0.025,0.3125,1,0
IWM191129C163,2019-11-25,2019-11-25 09:33:23,0.03,0.375,1822,0.02,0.25,658,0.01,0.125,1,0.025,0.3125,1,0
IWM191129C163,2019-11-25,2019-11-25 09:33:24,0.03,0.375,1822,0.02,0.25,387,0.01,0.125,1,0.025,0.3125,1,0
IWM191129C163,2019-11-25,2019-11-25 09:33:24,0.03,0.375,1822,0.02,0.25,658,0.01,0.125,1,0.025,0.3125,1,0
IWM191129C163,2019-11-25,2019-11-25 09:33:25,0.03,0.375,1822,0.02,0.25,658,0.01,0.125,1,0.025,0.3125,1,0
IWM191129C163,2019-11-25,2019-11-25 09:33:25,0.03,0.375,1822,0.02,0.25,387,0.01,0.125,1,0.025,0.3125,1,0
IWM191129C163,2019-11-25,2019-11-25 09:33:26,0.03,0.375,1822,0.02,0.25,658,0.01,0.125,1,0.025,0.3125,1,0
IWM191129C163,2019-11-25,2019-11-25 09:33:27,0.03,0.375,1822,0.02,0.25,658,0.01,0.125,1,0.025,0.3125,1,0
IWM191129C163,2019-11-25,2019-11-25 09:33:28,0.03,0.375,1822,0.02,0.25,658,0.01,0.125,1,0.025,0.3125,1,0
IWM191129C163,2019-11-25,2019-11-25 09:33:29,0.03,0.375,1822,0.02,0.25,658,0.01,0.125,1,0.025,0.3125,1,0
IWM191129C163,2019-11-25,2019-11-25 09:33:30,0.03,0.375,1822,0.02,0.25,658,0.01,0.125,1,0.025,0.3125,1,0
IWM191129C163,2019-11-25,2019-11-25 09:33:31,0.03,0.375,1822,0.02,0.25,658,0.01,0.125,1,0.025,0.3125,1,0
IWM191129C163,2019-11-25,2019-11-25 09:33:32,0.03,0.375,1822,0.02,0.25,658,0.01,0.125,1,0.025,0.3125,1,0
IWM191129C163,2019-11-25,2019-11-25 09:33:33,0.03,0.375,1822,0.02,0.25,658,0.01,0.125,1,0.025,0.3125,1,0
IWM191129C163,2019-11-25,2019-11-25 09:33:34,0.03,0.375,1822,0.02,0.25,387,0.01,0.125,1,0.025,0.3125,1,0
IWM191129C163,2019-11-25,2019-11-25 09:33:35,0.03,0.375,1822,0.02,0.25,658,0.01,0.125,1,0.025,0.3125,1,0
IWM191129C163,2019-11-25,2019-11-25 09:33:36,0.03,0.375,1822,0.02,0.25,658,0.01,0.125,1,0.025,0.3125,1,0
IWM191129C163,2019-11-25,2019-11-25 09:33:37,0.03,0.375,1792,0.02,0.25,658,0.01,0.125,1,0.025,0.3125,1,0
IWM191129C163,2019-11-25,2019-11-25 09:33:37,0.03,0.375,1792,0.02,0.25,883,0.01,0.125,1,0.025,0.3125,1,0
IWM191129C163,2019-11-25,2019-11-25 09:33:38,0.03,0.375,1792,0.02,0.25,658,0.01,0.125,1,0.025,0.3125,1,0
IWM191129C163,2019-11-25,2019-11-25 09:33:38,0.03,0.375,1792,0.02,0.25,879,0.01,0.125,1,0.025,0.3125,1,0
IWM191129C163,2019-11-25,2019-11-25 09:33:39,0.03,0.375,1792,0.02,0.25,879,0.01,0.125,1,0.025,0.3125,1,0
IWM191129C163,2019-11-25,2019-11-25 09:33:40,0.03,0.375,1792,0.02,0.25,879,0.01,0.125,1,0.025,0.3125,1,0
IWM191129C163,2019-11-25,2019-11-25 09:33:41,0.03,0.375,1792,0.02,0.25,879,0.01,0.125,1,0.025,0.3125,1,0
IWM191129C163,2019-11-25,2019-11-25 09:33:41,0.03,0.375,1792,0.02,0.25,878,0.01,0.125,1,0.025,0.3125,1,0
IWM191129C163,2019-11-25,2019-11-25 09:33:42,0.03,0.375,1792,0.02,0.25,878,0.01,0.125,1,0.025,0.3125,1,0
IWM191129C163,2019-11-25,2019-11-25 09:33:43,0.03,0.375,1834,0.02,0.25,878,0.01,0.125,1,0.025,0.3125,1,0
IWM191129C163,2019-11-25,2019-11-25 09:33:43,0.03,0.375,1792,0.02,0.25,878,0.01,0.125,1,0.025,0.3125,1,0
IWM191129C163,2019-11-25,2019-11-25 09:33:44,0.03,0.375,1834,0.02,0.25,878,0.01,0.125,1,0.025,0.3125,1,0
IWM191129C163,2019-11-25,2019-11-25 09:33:45,0.03,0.375,1834,0.02,0.25,878,0.01,0.125,1,0.025,0.3125,1,0
IWM191129C163,2019-11-25,2019-11-25 09:33:46,0.03,0.375,1834,0.02,0.25,878,0.01,0.125,1,0.025,0.3125,1,0
IWM191129C163,2019-11-25,2019-11-25 09:33:47,0.03,0.375,1834,0.02,0.25,878,0.01,0.125,1,0.025,0.3125,1,0
IWM191129C163,2019-11-25,2019-11-25 09:33:48,0.03,0.375,1834,0.02,0.25,878,0.01,0.125,1,0.025,0.3125,1,0
IWM191129C163,2019-11-25,2019-11-25 09:33:48,0.03,0.375,1534,0.02,0.25,878,0.01,0.125,1,0.025,0.3125,1,0
IWM191129C163,2019-11-25,2019-11-25 09:33:49,0.03,0.375,1744,0.02,0.25,878,0.01,0.125,1,0.025,0.3125,1,0
IWM191129C163,2019-11-25,2019-11-25 09:33:49,0.03,0.375,1444,0.02,0.25,878,0.01,0.125,1,0.025,0.3125,1,0
IWM191129C163,2019-11-25,2019-11-25 09:33:50,0.03,0.375,1744,0.02,0.25,887,0.01,0.125,1,0.025,0.3125,1,0
IWM191129C163,2019-11-25,2019-11-25 09:33:51,0.03,0.375,1444,0.02,0.25,717,0.01,0.125,1,0.025,0.3125,1,0
IWM191129C163,2019-11-25,2019-11-25 09:33:51,0.03,0.375,1744,0.02,0.25,887,0.01,0.125,1,0.025,0.3125,1,0
IWM191129C163,2019-11-25,2019-11-25 09:33:52,0.03,0.375,1744,0.02,0.25,887,0.01,0.125,1,0.025,0.3125,1,0
IWM191129C163,2019-11-25,2019-11-25 09:33:53,0.03,0.375,1744,0.02,0.25,887,0.01,0.125,1,0.025,0.3125,1,0
IWM191129C163,2019-11-25,2019-11-25 09:33:54,0.03,0.375,1744,0.02,0.25,887,0.01,0.125,1,0.025,0.3125,1,0
IWM191129C163,2019-11-25,2019-11-25 09:33:55,0.03,0.375,1744,0.02,0.25,887,0.01,0.125,1,0.025,0.3125,1,0
IWM191129C163,2019-11-25,2019-11-25 09:33:56,0.03,0.375,1744,0.02,0.25,887,0.01,0.125,1,0.025,0.3125,1,0
IWM191129C163,2019-11-25,2019-11-25 09:33:57,0.03,0.375,1744,0.02,0.25,882,0.01,0.125,1,0.025,0.3125,1,0
IWM191129C163,2019-11-25,2019-11-25 09:33:57,0.03,0.375,1744,0.02,0.25,717,0.01,0.125,1,0.025,0.3125,1,0
IWM191129C163,2019-11-25,2019-11-25 09:33:58,0.03,0.375,1716,0.02,0.25,882,0.01,0.125,1,0.025,0.3125,1,0
IWM191129C163,2019-11-25,2019-11-25 09:33:59,0.03,0.375,1416,0.02,0.25,882,0.01,0.125,1,0.025,0.3125,1,0
IWM191129C163,2019-11-25,2019-11-25 09:34:00,0.03,0.375,1716,0.02,0.25,897,0.01,0.125,1,0.025,0.3125,1,0
IWM191129C163,2019-11-25,2019-11-25 09:34:01,0.03,0.375,1716,0.02,0.25,897,0.01,0.125,1,0.025,0.3125,1,0
IWM191129C163,2019-11-25,2019-11-25 09:34:02,0.03,0.375,1626,0.02,0.25,897,0.01,0.125,1,0.025,0.3125,1,0
IWM191129C163,2019-11-25,2019-11-25 09:34:03,0.03,0.375,1626,0.02,0.25,887,0.01,0.125,1,0.025,0.3125,1,0
IWM191129C163,2019-11-25,2019-11-25 09:34:04,0.03,0.375,1626,0.02,0.25,892,0.01,0.125,1,0.025,0.3125,1,0
IWM191129C163,2019-11-25,2019-11-25 09:34:04,0.03,0.375,1626,0.02,0.25,887,0.01,0.125,1,0.025,0.3125,1,0
IWM191129C163,2019-11-25,2019-11-25 09:34:05,0.03,0.375,1626,0.02,0.25,892,0.01,0.125,1,0.025,0.3125,1,0
IWM191129C163,2019-11-25,2019-11-25 09:34:06,0.03,0.375,1626,0.02,0.25,1451,0.01,0.125,1,0.025,0.3125,1,0
IWM191129C163,2019-11-25,2019-11-25 09:34:06,0.03,0.375,1626,0.02,0.25,887,0.01,0.125,1,0.025,0.3125,1,0
IWM191129C163,2019-11-25,2019-11-25 09:34:07,0.03,0.375,1626,0.02,0.25,1451,0.01,0.125,1,0.025,0.3125,1,0
IWM191129C163,2019-11-25,2019-11-25 09:34:08,0.03,0.375,1626,0.02,0.25,1451,0.01,0.125,1,0.025,0.3125,1,0
IWM191129C163,2019-11-25,2019-11-25 09:34:09,0.03,0.375,1626,0.02,0.25,1451,0.01,0.125,1,0.025,0.3125,1,0
IWM191129C163,2019-11-25,2019-11-25 09:34:10,0.03,0.375,1626,0.02,0.25,1451,0.01,0.125,1,0.025,0.3125,1,0
IWM191129C163,2019-11-25,2019-11-25 09:34:11,0.03,0.375,1626,0.02,0.25,1451,0.01,0.125,1,0.025,0.3125,1,0
IWM191129C163,2019-11-25,2019-11-25 09:34:12,0.03,0.375,1626,0.02,0.25,1451,0.01,0.125,1,0.025,0.3125,1,0
IWM191129C163,2019-11-25,2019-11-25 09:34:13,0.03,0.375,1626,0.02,0.25,1451,0.01,0.125,1,0.025,0.3125,1,0
IWM191129C163,2019-11-25,2019-11-25 09:34:14,0.03,0.375,1626,0.02,0.25,1451,0.01,0.125,1,0.025,0.3125,1,0
IWM191129C163,2019-11-25,2019-11-25 09:34:15,0.03,0.375,1626,0.02,0.25,1451,0.01,0.125,1,0.025,0.3125,1,0
IWM191129C163,2019-11-25,2019-11-25 09:34:16,0.03,0.375,1626,0.02,0.25,1451,0.01,0.125,1,0.025,0.3125,1,0
IWM191129C163,2019-11-25,2019-11-25 09:34:17,0.03,0.375,1626,0.02,0.25,1151,0.01,0.125,1,0.025,0.3125,1,0
IWM191129C163,2019-11-25,2019-11-25 09:34:18,0.03,0.375,1626,0.02,0.25,1453,0.01,0.125,1,0.025,0.3125,1,0
IWM191129C163,2019-11-25,2019-11-25 09:34:19,0.03,0.375,1626,0.02,0.25,1453,0.01,0.125,1,0.025,0.3125,1,0
IWM191129C163,2019-11-25,2019-11-25 09:34:20,0.03,0.375,1626,0.02,0.25,1453,0.01,0.125,1,0.025,0.3125,1,0
IWM191129C163,2019-11-25,2019-11-25 09:34:21,0.03,0.375,1626,0.02,0.25,1453,0.01,0.125,1,0.025,0.3125,1,0
IWM191129C163,2019-11-25,2019-11-25 09:34:22,0.03,0.375,1626,0.02,0.25,1373,0.01,0.125,1,0.025,0.3125,1,0
IWM191129C163,2019-11-25,2019-11-25 09:34:23,0.03,0.375,1626,0.02,0.25,1373,0.01,0.125,1,0.025,0.3125,1,0
IWM191129C163,2019-11-25,2019-11-25 09:34:24,0.03,0.375,1626,0.02,0.25,1373,0.01,0.125,1,0.025,0.3125,1,0
IWM191129C163,2019-11-25,2019-11-25 09:34:25,0.03,0.375,1626,0.02,0.25,1373,0.01,0.125,1,0.025,0.3125,1,0
IWM191129C163,2019-11-25,2019-11-25 09:34:26,0.03,0.375,1626,0.02,0.25,1452,0.01,0.125,1,0.025,0.3125,1,0
IWM191129C163,2019-11-25,2019-11-25 09:34:27,0.03,0.375,1626,0.02,0.25,1452,0.01,0.125,1,0.025,0.3125,1,0
IWM191129C163,2019-11-25,2019-11-25 09:34:28,0.03,0.375,1626,0.02,0.25,1452,0.01,0.125,1,0.025,0.3125,1,0
IWM191129C163,2019-11-25,2019-11-25 09:34:29,0.03,0.375,1626,0.02,0.25,1452,0.01,0.125,1,0.025,0.3125,1,0
IWM191129C163,2019-11-25,2019-11-25 09:34:30,0.03,0.375,1626,0.02,0.25,1452,0.01,0.125,1,0.025,0.3125,1,0
IWM191129C163,2019-11-25,2019-11-25 09:34:31,0.03,0.375,1626,0.02,0.25,1452,0.01,0.125,1,0.025,0.3125,1,0
IWM191129C163,2019-11-25,2019-11-25 09:34:31,0.03,0.375,701,0.02,0.25,957,0.01,0.125,1,0.025,0.3125,1,0
IWM191129C163,2019-11-25,2019-11-25 09:34:32,0.03,0.375,1626,0.02,0.25,1452,0.01,0.125,1,0.025,0.3125,1,0
IWM191129C163,2019-11-25,2019-11-25 09:34:32,0.03,0.375,1626,0.02,0.25,1133,0.01,0.125,1,0.025,0.3125,1,0
IWM191129C163,2019-11-25,2019-11-25 09:34:33,0.03,0.375,1896,0.02,0.25,1612,0.01,0.125,1,0.025,0.3125,1,0
IWM191129C163,2019-11-25,2019-11-25 09:34:34,0.03,0.375,1751,0.02,0.25,1567,0.01,0.125,1,0.025,0.3125,1,0
IWM191129C163,2019-11-25,2019-11-25 09:34:35,0.03,0.375,1751,0.02,0.25,1482,0.01,0.125,1,0.025,0.3125,1,0
IWM191129C163,2019-11-25,2019-11-25 09:34:35,0.03,0.375,1751,0.02,0.25,1565,0.01,0.125,1,0.025,0.3125,1,0
IWM191129C163,2019-11-25,2019-11-25 09:34:36,0.03,0.375,1836,0.02,0.25,1565,0.01,0.125,1,0.025,0.3125,1,0
IWM191129C163,2019-11-25,2019-11-25 09:34:36,0.03,0.375,1751,0.02,0.25,1565,0.01,0.125,1,0.025,0.3125,1,0
IWM191129C163,2019-11-25,2019-11-25 09:34:37,0.03,0.375,1836,0.02,0.25,1565,0.01,0.125,1,0.025,0.3125,1,0
IWM191129C163,2019-11-25,2019-11-25 09:34:38,0.03,0.375,1836,0.02,0.25,1565,0.01,0.125,1,0.025,0.3125,1,0
IWM191129C163,2019-11-25,2019-11-25 09:34:39,0.03,0.375,1836,0.02,0.25,1565,0.01,0.125,1,0.025,0.3125,1,0
IWM191129C163,2019-11-25,2019-11-25 09:34:39,0.03,0.375,1836,0.02,0.25,1166,0.01,0.125,1,0.025,0.3125,1,0
IWM191129C163,2019-11-25,2019-11-25 09:34:40,0.03,0.375,1423,0.02,0.25,1166,0.01,0.125,1,0.025,0.3125,1,0
IWM191129C163,2019-11-25,2019-11-25 09:34:40,0.03,0.375,1123,0.02,0.25,1045,0.01,0.125,1,0.025,0.3125,1,0
IWM191129C163,2019-11-25,2019-11-25 09:34:41,0.03,0.375,1423,0.02,0.25,1166,0.01,0.125,1,0.025,0.3125,1,0
IWM191129C163,2019-11-25,2019-11-25 09:34:42,0.03,0.375,1338,0.02,0.25,1166,0.01,0.125,1,0.025,0.3125,1,0
IWM191129C163,2019-11-25,2019-11-25 09:34:42,0.03,0.375,1423,0.02,0.25,1166,0.01,0.125,1,0.025,0.3125,1,0
IWM191129C163,2019-11-25,2019-11-25 09:34:43,0.03,0.375,1423,0.02,0.25,1166,0.01,0.125,1,0.025,0.3125,1,0
IWM191129C163,2019-11-25,2019-11-25 09:34:44,0.03,0.375,1423,0.02,0.25,1166,0.01,0.125,1,0.025,0.3125,1,0
IWM191129C163,2019-11-25,2019-11-25 09:34:45,0.03,0.375,1423,0.02,0.25,1166,0.01,0.125,1,0.025,0.3125,1,0
IWM191129C163,2019-11-25,2019-11-25 09:34:46,0.03,0.375,1423,0.02,0.25,1044,0.01,0.125,1,0.025,0.3125,1,0
IWM191129C163,2019-11-25,2019-11-25 09:34:46,0.03,0.375,1123,0.02,0.25,1044,0.01,0.125,1,0.025,0.3125,1,0
IWM191129C163,2019-11-25,2019-11-25 09:34:47,0.03,0.375,1423,0.02,0.25,1044,0.01,0.125,1,0.025,0.3125,1,0
IWM191129C163,2019-11-25,2019-11-25 09:34:48,0.03,0.375,1423,0.02,0.25,1039,0.01,0.125,1,0.025,0.3125,1,0
IWM191129C163,2019-11-25,2019-11-25 09:34:48,0.03,0.375,1423,0.02,0.25,999,0.01,0.125,1,0.025,0.3125,1,0
IWM191129C163,2019-11-25,2019-11-25 09:34:49,0.03,0.375,1423,0.02,0.25,999,0.01,0.125,1,0.025,0.3125,1,0
IWM191129C163,2019-11-25,2019-11-25 09:34:50,0.03,0.375,1423,0.02,0.25,999,0.01,0.125,1,0.025,0.3125,1,0
IWM191129C163,2019-11-25,2019-11-25 09:34:51,0.03,0.375,1423,0.02,0.25,999,0.01,0.125,1,0.025,0.3125,1,0
IWM191129C163,2019-11-25,2019-11-25 09:34:52,0.03,0.375,1423,0.02,0.25,999,0.01,0.125,1,0.025,0.3125,1,0
IWM191129C163,2019-11-25,2019-11-25 09:34:53,0.03,0.375,1423,0.02,0.25,999,0.01,0.125,1,0.025,0.3125,1,0
IWM191129C163,2019-11-25,2019-11-25 09:34:54,0.03,0.375,1423,0.02,0.25,999,0.01,0.125,1,0.025,0.3125,1,0
IWM191129C163,2019-11-25,2019-11-25 09:34:55,0.03,0.375,1423,0.02,0.25,999,0.01,0.125,1,0.025,0.3125,1,0
IWM191129C163,2019-11-25,2019-11-25 09:34:56,0.03,0.375,1423,0.02,0.25,999,0.01,0.125,1,0.025,0.3125,1,0
IWM191129C163,2019-11-25,2019-11-25 09:34:57,0.03,0.375,1423,0.02,0.25,999,0.01,0.125,1,0.025,0.3125,1,0
IWM191129C163,2019-11-25,2019-11-25 09:34:58,0.03,0.375,1423,0.02,0.25,999,0.01,0.125,1,0.025,0.3125,1,0
IWM191129C163,2019-11-25,2019-11-25 09:34:59,0.03,0.375,1423,0.02,0.25,78,0.01,0.125,1,0.025,0.3125,1,0
IWM191129C163,2019-11-25,2019-11-25 09:34:59,0.03,0.375,1423,0.02,0.25,164,0.01,0.125,1,0.025,0.3125,1,0
IWM191129C163,2019-11-25,2019-11-25 09:35:00,0.03,0.375,378,0.02,0.25,139,0.01,0.125,1,0.025,0.3125,1,0
IWM191129C163,2019-11-25,2019-11-25 09:35:00,0.03,0.375,378,0.02,0.25,78,0.01,0.125,1,0.025,0.3125,1,0
IWM191129C163,2019-11-25,2019-11-25 09:35:01,0.03,0.375,313,0.02,0.25,138,0.01,0.125,1,0.025,0.3125,1,0
IWM191129C163,2019-11-25,2019-11-25 09:35:01,0.03,0.375,313,0.02,0.25,139,0.01,0.125,1,0.025,0.3125,1,0
IWM191129C163,2019-11-25,2019-11-25 09:35:02,0.03,0.375,398,0.02,0.25,93,0.01,0.125,1,0.025,0.3125,1,0
IWM191129C163,2019-11-25,2019-11-25 09:35:03,0.03,0.375,398,0.02,0.25,116,0.01,0.125,1,0.025,0.3125,1,0
IWM191129C163,2019-11-25,2019-11-25 09:35:03,0.03,0.375,398,0.02,0.25,78,0.01,0.125,1,0.025,0.3125,1,0
IWM191129C163,2019-11-25,2019-11-25 09:35:04,0.03,0.375,398,0.02,0.25,82,0.01,0.125,1,0.025,0.3125,1,0
IWM191129C163,2019-11-25,2019-11-25 09:35:05,0.03,0.375,398,0.02,0.25,104,0.01,0.125,1,0.025,0.3125,1,0
IWM191129C163,2019-11-25,2019-11-25 09:35:05,0.03,0.375,398,0.02,0.25,488,0.01,0.125,1,0.025,0.3125,1,0
IWM191129C163,2019-11-25,2019-11-25 09:35:06,0.03,0.375,398,0.02,0.25,127,0.01,0.125,1,0.025,0.3125,1,0
IWM191129C163,2019-11-25,2019-11-25 09:35:06,0.03,0.375,398,0.02,0.25,106,0.01,0.125,1,0.025,0.3125,1,0
IWM191129C163,2019-11-25,2019-11-25 09:35:07,0.03,0.375,398,0.02,0.25,102,0.01,0.125,1,0.025,0.3125,1,0
IWM191129C163,2019-11-25,2019-11-25 09:35:08,0.03,0.375,398,0.02,0.25,102,0.01,0.125,1,0.025,0.3125,1,0
IWM191129C163,2019-11-25,2019-11-25 09:35:08,0.03,0.375,398,0.02,0.25,145,0.01,0.125,1,0.025,0.3125,1,0
IWM191129C163,2019-11-25,2019-11-25 09:35:09,0.03,0.375,398,0.02,0.25,145,0.01,0.125,1,0.025,0.3125,1,0
IWM191129C163,2019-11-25,2019-11-25 09:35:10,0.03,0.375,398,0.02,0.25,145,0.01,0.125,1,0.025,0.3125,1,0
IWM191129C163,2019-11-25,2019-11-25 09:35:10,0.03,0.375,495,0.01,0.125,1006,0.01,0.125,1,0.02,0.25,1,0
IWM191129C163,2019-11-25,2019-11-25 09:35:11,0.03,0.375,547,0.01,0.125,1073,0.01,0.125,1,0.02,0.25,1,0
IWM191129C163,2019-11-25,2019-11-25 09:35:11,0.03,0.375,495,0.01,0.125,1006,0.01,0.125,1,0.02,0.25,1,0
IWM191129C163,2019-11-25,2019-11-25 09:35:12,0.03,0.375,547,0.02,0.25,78,0.01,0.125,1,0.025,0.3125,1,0
IWM191129C163,2019-11-25,2019-11-25 09:35:12,0.03,0.375,547,0.02,0.25,136,0.01,0.125,1,0.025,0.3125,1,0
IWM191129C163,2019-11-25,2019-11-25 09:35:13,0.03,0.375,547,0.02,0.25,136,0.01,0.125,1,0.025,0.3125,1,0
IWM191129C163,2019-11-25,2019-11-25 09:35:13,0.03,0.375,547,0.02,0.25,115,0.01,0.125,1,0.025,0.3125,1,0
IWM191129C163,2019-11-25,2019-11-25 09:35:14,0.03,0.375,547,0.02,0.25,136,0.01,0.125,1,0.025,0.3125,1,0
IWM191129C163,2019-11-25,2019-11-25 09:35:15,0.03,0.375,547,0.02,0.25,136,0.01,0.125,1,0.025,0.3125,1,0
IWM191129C163,2019-11-25,2019-11-25 09:35:16,0.03,0.375,547,0.02,0.25,136,0.01,0.125,1,0.025,0.3125,1,0
IWM191129C163,2019-11-25,2019-11-25 09:35:16,0.03,0.375,547,0.02,0.25,115,0.01,0.125,1,0.025,0.3125,1,0
IWM191129C163,2019-11-25,2019-11-25 09:35:17,0.03,0.375,547,0.02,0.25,115,0.01,0.125,1,0.025,0.3125,1,0
IWM191129C163,2019-11-25,2019-11-25 09:35:18,0.03,0.375,547,0.02,0.25,115,0.01,0.125,1,0.025,0.3125,1,0
IWM191129C163,2019-11-25,2019-11-25 09:35:19,0.03,0.375,547,0.02,0.25,136,0.01,0.125,1,0.025,0.3125,1,0
IWM191129C163,2019-11-25,2019-11-25 09:35:19,0.03,0.375,547,0.02,0.25,115,0.01,0.125,1,0.025,0.3125,1,0
IWM191129C163,2019-11-25,2019-11-25 09:35:20,0.03,0.375,547,0.02,0.25,143,0.01,0.125,1,0.025,0.3125,1,0
IWM191129C163,2019-11-25,2019-11-25 09:35:20,0.03,0.375,547,0.02,0.25,163,0.01,0.125,1,0.025,0.3125,1,0
IWM191129C163,2019-11-25,2019-11-25 09:35:21,0.03,0.375,547,0.02,0.25,948,0.01,0.125,1,0.025,0.3125,1,0
IWM191129C163,2019-11-25,2019-11-25 09:35:22,0.03,0.375,1129,0.02,0.25,1245,0.01,0.125,1,0.025,0.3125,1,0
IWM191129C163,2019-11-25,2019-11-25 09:35:23,0.03,0.375,1129,0.02,0.25,1245,0.01,0.125,1,0.025,0.3125,1,0
IWM191129C163,2019-11-25,2019-11-25 09:35:24,0.03,0.375,1129,0.02,0.25,1245,0.01,0.125,1,0.025,0.3125,1,0
IWM191129C163,2019-11-25,2019-11-25 09:35:25,0.03,0.375,1129,0.02,0.25,1245,0.01,0.125,1,0.025,0.3125,1,0
IWM191129C163,2019-11-25,2019-11-25 09:35:26,0.03,0.375,1129,0.02,0.25,1245,0.01,0.125,1,0.025,0.3125,1,0
IWM191129C163,2019-11-25,2019-11-25 09:35:27,0.03,0.375,1129,0.02,0.25,1245,0.01,0.125,1,0.025,0.3125,1,0
IWM191129C163,2019-11-25,2019-11-25 09:35:28,0.03,0.375,1129,0.02,0.25,1245,0.01,0.125,1,0.025,0.3125,1,0
IWM191129C163,2019-11-25,2019-11-25 09:35:29,0.03,0.375,1129,0.02,0.25,1245,0.01,0.125,1,0.025,0.3125,1,0
IWM191129C163,2019-11-25,2019-11-25 09:35:30,0.03,0.375,1129,0.02,0.25,1245,0.01,0.125,1,0.025,0.3125,1,0
IWM191129C163,2019-11-25,2019-11-25 09:35:31,0.03,0.375,1129,0.02,0.25,1245,0.01,0.125,1,0.025,0.3125,1,0
IWM191129C163,2019-11-25,2019-11-25 09:35:31,0.03,0.375,1366,0.02,0.25,2008,0.01,0.125,1,0.025,0.3125,1,0
IWM191129C163,2019-11-25,2019-11-25 09:35:32,0.03,0.375,1366,0.02,0.25,2008,0.01,0.125,1,0.025,0.3125,1,0
IWM191129C163,2019-11-25,2019-11-25 09:35:33,0.03,0.375,1366,0.02,0.25,2008,0.01,0.125,1,0.025,0.3125,1,0
IWM191129C163,2019-11-25,2019-11-25 09:35:34,0.03,0.375,1366,0.02,0.25,2008,0.01,0.125,1,0.025,0.3125,1,0
IWM191129C163,2019-11-25,2019-11-25 09:35:35,0.03,0.375,1366,0.02,0.25,2008,0.01,0.125,1,0.025,0.3125,1,0
IWM191129C163,2019-11-25,2019-11-25 09:35:36,0.03,0.375,1366,0.02,0.25,2008,0.01,0.125,1,0.025,0.3125,1,0
IWM191129C163,2019-11-25,2019-11-25 09:35:37,0.03,0.375,1366,0.02,0.25,2008,0.01,0.125,1,0.025,0.3125,1,0
IWM191129C163,2019-11-25,2019-11-25 09:35:38,0.03,0.375,1366,0.02,0.25,2008,0.01,0.125,1,0.025,0.3125,1,0
IWM191129C163,2019-11-25,2019-11-25 09:35:39,0.03,0.375,1366,0.02,0.25,2008,0.01,0.125,1,0.025,0.3125,1,0
IWM191129C163,2019-11-25,2019-11-25 09:35:40,0.03,0.375,1366,0.02,0.25,2008,0.01,0.125,1,0.025,0.3125,1,0
IWM191129C163,2019-11-25,2019-11-25 09:35:41,0.03,0.375,1366,0.02,0.25,2008,0.01,0.125,1,0.025,0.3125,1,0
IWM191129C163,2019-11-25,2019-11-25 09:35:42,0.03,0.375,1366,0.02,0.25,2008,0.01,0.125,1,0.025,0.3125,1,0
IWM191129C163,2019-11-25,2019-11-25 09:35:43,0.03,0.375,1366,0.02,0.25,2008,0.01,0.125,1,0.025,0.3125,1,0
IWM191129C163,2019-11-25,2019-11-25 09:35:44,0.03,0.375,1366,0.02,0.25,2008,0.01,0.125,1,0.025,0.3125,1,0
IWM191129C163,2019-11-25,2019-11-25 09:35:45,0.03,0.375,1366,0.02,0.25,2008,0.01,0.125,1,0.025,0.3125,1,0
IWM191129C163,2019-11-25,2019-11-25 09:35:46,0.03,0.375,1366,0.02,0.25,2008,0.01,0.125,1,0.025,0.3125,1,0
IWM191129C163,2019-11-25,2019-11-25 09:35:47,0.03,0.375,1366,0.02,0.25,2008,0.01,0.125,1,0.025,0.3125,1,0
IWM191129C163,2019-11-25,2019-11-25 09:35:48,0.03,0.375,1366,0.02,0.25,2008,0.01,0.125,1,0.025,0.3125,1,0
IWM191129C163,2019-11-25,2019-11-25 09:35:49,0.03,0.375,1366,0.02,0.25,2008,0.01,0.125,1,0.025,0.3125,1,0
IWM191129C163,2019-11-25,2019-11-25 09:35:50,0.03,0.375,1366,0.02,0.25,2008,0.01,0.125,1,0.025,0.3125,1,0
IWM191129C163,2019-11-25,2019-11-25 09:35:51,0.03,0.375,1366,0.02,0.25,2008,0.01,0.125,1,0.025,0.3125,1,0
IWM191129C163,2019-11-25,2019-11-25 09:35:52,0.03,0.375,1366,0.02,0.25,2179,0.01,0.125,1,0.025,0.3125,1,0
IWM191129C163,2019-11-25,2019-11-25 09:35:53,0.03,0.375,1366,0.02,0.25,2179,0.01,0.125,1,0.025,0.3125,1,0
IWM191129C163,2019-11-25,2019-11-25 09:35:54,0.03,0.375,1366,0.02,0.25,2179,0.01,0.125,1,0.025,0.3125,1,0
IWM191129C163,2019-11-25,2019-11-25 09:35:55,0.03,0.375,1366,0.02,0.25,2179,0.01,0.125,1,0.025,0.3125,1,0
IWM191129C163,2019-11-25,2019-11-25 09:35:56,0.03,0.375,1366,0.02,0.25,2179,0.01,0.125,1,0.025,0.3125,1,0
IWM191129C163,2019-11-25,2019-11-25 09:35:57,0.03,0.375,1366,0.02,0.25,2179,0.01,0.125,1,0.025,0.3125,1,0
IWM191129C163,2019-11-25,2019-11-25 09:35:58,0.03,0.375,1366,0.02,0.25,2179,0.01,0.125,1,0.025,0.3125,1,0
IWM191129C163,2019-11-25,2019-11-25 09:35:59,0.03,0.375,1366,0.02,0.25,2179,0.01,0.125,1,0.025,0.3125,1,0
IWM191129C163,2019-11-25,2019-11-25 09:36:00,0.03,0.375,1366,0.02,0.25,2179,0.01,0.125,1,0.025,0.3125,1,0
IWM191129C163,2019-11-25,2019-11-25 09:36:01,0.03,0.375,1366,0.02,0.25,2308,0.01,0.125,1,0.025,0.3125,1,0
IWM191129C163,2019-11-25,2019-11-25 09:36:02,0.03,0.375,1366,0.02,0.25,2458,0.01,0.125,1,0.025,0.3125,1,0
IWM191129C163,2019-11-25,2019-11-25 09:36:03,0.03,0.375,1366,0.02,0.25,2458,0.01,0.125,1,0.025,0.3125,1,0
IWM191129C163,2019-11-25,2019-11-25 09:36:04,0.03,0.375,1366,0.02,0.25,2458,0.01,0.125,1,0.025,0.3125,1,0
IWM191129C163,2019-11-25,2019-11-25 09:36:05,0.03,0.375,1366,0.02,0.25,1555,0.01,0.125,1,0.025,0.3125,1,0
IWM191129C163,2019-11-25,2019-11-25 09:36:05,0.03,0.375,1066,0.02,0.25,2158,0.01,0.125,1,0.025,0.3125,1,0
IWM191129C163,2019-11-25,2019-11-25 09:36:06,0.03,0.375,1366,0.02,0.25,1555,0.01,0.125,1,0.025,0.3125,1,0
IWM191129C163,2019-11-25,2019-11-25 09:36:07,0.03,0.375,1366,0.02,0.25,2332,0.01,0.125,1,0.025,0.3125,1,0
IWM191129C163,2019-11-25,2019-11-25 09:36:08,0.03,0.375,1366,0.02,0.25,2332,0.01,0.125,1,0.025,0.3125,1,0
IWM191129C163,2019-11-25,2019-11-25 09:36:09,0.03,0.375,1492,0.02,0.25,2332,0.01,0.125,1,0.025,0.3125,1,0
IWM191129C163,2019-11-25,2019-11-25 09:36:09,0.03,0.375,1366,0.02,0.25,2332,0.01,0.125,1,0.025,0.3125,1,0
IWM191129C163,2019-11-25,2019-11-25 09:36:10,0.03,0.375,1492,0.02,0.25,2332,0.01,0.125,1,0.025,0.3125,1,0
IWM191129C163,2019-11-25,2019-11-25 09:36:11,0.03,0.375,1492,0.02,0.25,2332,0.01,0.125,1,0.025,0.3125,1,0
IWM191129C163,2019-11-25,2019-11-25 09:36:11,0.03,0.375,1492,0.02,0.25,2013,0.01,0.125,1,0.025,0.3125,1,0
IWM191129C163,2019-11-25,2019-11-25 09:36:12,0.03,0.375,1192,0.02,0.25,2117,0.01,0.125,1,0.025,0.3125,1,0
IWM191129C163,2019-11-25,2019-11-25 09:36:13,0.03,0.375,1492,0.02,0.25,2333,0.01,0.125,1,0.025,0.3125,1,0
IWM191129C163,2019-11-25,2019-11-25 09:36:14,0.03,0.375,1492,0.02,0.25,2333,0.01,0.125,1,0.025,0.3125,1,0
IWM191129C163,2019-11-25,2019-11-25 09:36:15,0.03,0.375,1492,0.02,0.25,2333,0.01,0.125,1,0.025,0.3125,1,0
IWM191129C163,2019-11-25,2019-11-25 09:36:16,0.03,0.375,1492,0.02,0.25,2333,0.01,0.125,1,0.025,0.3125,1,0
IWM191129C163,2019-11-25,2019-11-25 09:36:17,0.03,0.375,1492,0.02,0.25,2333,0.01,0.125,1,0.025,0.3125,1,0
IWM191129C163,2019-11-25,2019-11-25 09:36:18,0.03,0.375,1492,0.02,0.25,2333,0.01,0.125,1,0.025,0.3125,1,0
IWM191129C163,2019-11-25,2019-11-25 09:36:19,0.03,0.375,1492,0.02,0.25,2333,0.01,0.125,1,0.025,0.3125,1,0
IWM191129C163,2019-11-25,2019-11-25 09:36:20,0.03,0.375,1492,0.02,0.25,2333,0.01,0.125,1,0.025,0.3125,1,0
IWM191129C163,2019-11-25,2019-11-25 09:36:20,0.03,0.375,1108,0.02,0.25,1530,0.01,0.125,1,0.025,0.3125,1,0
IWM191129C163,2019-11-25,2019-11-25 09:36:21,0.03,0.375,1366,0.02,0.25,2066,0.01,0.125,1,0.025,0.3125,1,0
IWM191129C163,2019-11-25,2019-11-25 09:36:21,0.03,0.375,1366,0.02,0.25,2334,0.01,0.125,1,0.025,0.3125,1,0
IWM191129C163,2019-11-25,2019-11-25 09:36:22,0.03,0.375,1366,0.02,0.25,2334,0.01,0.125,1,0.025,0.3125,1,0
IWM191129C163,2019-11-25,2019-11-25 09:36:23,0.03,0.375,1366,0.02,0.25,2334,0.01,0.125,1,0.025,0.3125,1,0
IWM191129C163,2019-11-25,2019-11-25 09:36:24,0.03,0.375,1474,0.02,0.25,2255,0.01,0.125,1,0.025,0.3125,1,0
IWM191129C163,2019-11-25,2019-11-25 09:36:25,0.03,0.375,1474,0.02,0.25,2255,0.01,0.125,1,0.025,0.3125,1,0
IWM191129C163,2019-11-25,2019-11-25 09:36:26,0.03,0.375,1474,0.02,0.25,2255,0.01,0.125,1,0.025,0.3125,1,0
IWM191129C163,2019-11-25,2019-11-25 09:36:27,0.03,0.375,1474,0.02,0.25,2255,0.01,0.125,1,0.025,0.3125,1,0
IWM191129C163,2019-11-25,2019-11-25 09:36:28,0.03,0.375,1474,0.02,0.25,2255,0.01,0.125,1,0.025,0.3125,1,0
IWM191129C163,2019-11-25,2019-11-25 09:36:29,0.03,0.375,1474,0.02,0.25,2118,0.01,0.125,1,0.025,0.3125,1,0
IWM191129C163,2019-11-25,2019-11-25 09:36:30,0.03,0.375,1969,0.02,0.25,2639,0.01,0.125,1,0.025,0.3125,1,0
IWM191129C163,2019-11-25,2019-11-25 09:36:31,0.03,0.375,1969,0.02,0.25,2639,0.01,0.125,1,0.025,0.3125,1,0
IWM191129C163,2019-11-25,2019-11-25 09:36:32,0.03,0.375,1969,0.02,0.25,2639,0.01,0.125,1,0.025,0.3125,1,0
IWM191129C163,2019-11-25,2019-11-25 09:36:33,0.03,0.375,1969,0.02,0.25,2639,0.01,0.125,1,0.025,0.3125,1,0
IWM191129C163,2019-11-25,2019-11-25 09:36:34,0.03,0.375,1969,0.02,0.25,2639,0.01,0.125,1,0.025,0.3125,1,0
IWM191129C163,2019-11-25,2019-11-25 09:36:35,0.03,0.375,1969,0.02,0.25,2639,0.01,0.125,1,0.025,0.3125,1,0
IWM191129C163,2019-11-25,2019-11-25 09:36:36,0.03,0.375,1474,0.02,0.25,2118,0.01,0.125,1,0.025,0.3125,1,0
IWM191129C163,2019-11-25,2019-11-25 09:36:37,0.03,0.375,1969,0.02,0.25,2639,0.01,0.125,1,0.025,0.3125,1,0
IWM191129C163,2019-11-25,2019-11-25 09:36:38,0.03,0.375,1969,0.02,0.25,2639,0.01,0.125,1,0.025,0.3125,1,0
IWM191129C163,2019-11-25,2019-11-25 09:36:39,0.03,0.375,1969,0.02,0.25,2639,0.01,0.125,1,0.025,0.3125,1,0
IWM191129C163,2019-11-25,2019-11-25 09:36:40,0.03,0.375,1474,0.02,0.25,2118,0.01,0.125,1,0.025,0.3125,1,0
IWM191129C163,2019-11-25,2019-11-25 09:36:40,0.03,0.375,1969,0.02,0.25,2639,0.01,0.125,1,0.025,0.3125,1,0
IWM191129C163,2019-11-25,2019-11-25 09:36:41,0.03,0.375,1474,0.02,0.25,2118,0.01,0.125,1,0.025,0.3125,1,0
IWM191129C163,2019-11-25,2019-11-25 09:36:42,0.03,0.375,1968,0.02,0.25,2639,0.01,0.125,1,0.025,0.3125,1,0
IWM191129C163,2019-11-25,2019-11-25 09:36:43,0.03,0.375,1968,0.02,0.25,2639,0.01,0.125,1,0.025,0.3125,1,0
IWM191129C163,2019-11-25,2019-11-25 09:36:44,0.03,0.375,1968,0.02,0.25,2639,0.01,0.125,1,0.025,0.3125,1,0
IWM191129C163,2019-11-25,2019-11-25 09:36:45,0.03,0.375,1968,0.02,0.25,2639,0.01,0.125,1,0.025,0.3125,1,0
IWM191129C163,2019-11-25,2019-11-25 09:36:46,0.03,0.375,1968,0.02,0.25,2639,0.01,0.125,1,0.025,0.3125,1,0
IWM191129C163,2019-11-25,2019-11-25 09:36:47,0.03,0.375,1968,0.02,0.25,2639,0.01,0.125,1,0.025,0.3125,1,0
IWM191129C163,2019-11-25,2019-11-25 09:36:47,0.03,0.375,1969,0.02,0.25,2639,0.01,0.125,1,0.025,0.3125,1,0
IWM191129C163,2019-11-25,2019-11-25 09:36:48,0.03,0.375,1969,0.02,0.25,2639,0.01,0.125,1,0.025,0.3125,1,0
IWM191129C163,2019-11-25,2019-11-25 09:36:49,0.03,0.375,1969,0.02,0.25,2639,0.01,0.125,1,0.025,0.3125,1,0
IWM191129C163,2019-11-25,2019-11-25 09:36:50,0.03,0.375,1969,0.02,0.25,2639,0.01,0.125,1,0.025,0.3125,1,0
IWM191129C163,2019-11-25,2019-11-25 09:36:50,0.03,0.375,1965,0.02,0.25,2639,0.01,0.125,1,0.025,0.3125,1,0
IWM191129C163,2019-11-25,2019-11-25 09:36:51,0.03,0.375,1965,0.02,0.25,2639,0.01,0.125,1,0.025,0.3125,1,0
IWM191129C163,2019-11-25,2019-11-25 09:36:52,0.03,0.375,1965,0.02,0.25,2639,0.01,0.125,1,0.025,0.3125,1,0
IWM191129C163,2019-11-25,2019-11-25 09:36:53,0.03,0.375,1965,0.02,0.25,2639,0.01,0.125,1,0.025,0.3125,1,0
IWM191129C163,2019-11-25,2019-11-25 09:36:54,0.03,0.375,1965,0.02,0.25,2639,0.01,0.125,1,0.025,0.3125,1,0
IWM191129C163,2019-11-25,2019-11-25 09:36:55,0.03,0.375,1474,0.02,0.25,2118,0.01,0.125,1,0.025,0.3125,1,0
IWM191129C163,2019-11-25,2019-11-25 09:36:55,0.03,0.375,1965,0.02,0.25,2319,0.01,0.125,1,0.025,0.3125,1,0
IWM191129C163,2019-11-25,2019-11-25 09:36:56,0.03,0.375,1965,0.02,0.25,2638,0.01,0.125,1,0.025,0.3125,1,0
IWM191129C163,2019-11-25,2019-11-25 09:36:57,0.03,0.375,1965,0.02,0.25,2638,0.01,0.125,1,0.025,0.3125,1,0
IWM191129C163,2019-11-25,2019-11-25 09:36:58,0.03,0.375,1965,0.02,0.25,2630,0.01,0.125,1,0.025,0.3125,1,0
IWM191129C163,2019-11-25,2019-11-25 09:36:59,0.03,0.375,1965,0.02,0.25,2630,0.01,0.125,1,0.025,0.3125,1,0
IWM191129C163,2019-11-25,2019-11-25 09:36:59,0.03,0.375,1474,0.02,0.25,2118,0.01,0.125,1,0.025,0.3125,1,0
IWM191129C163,2019-11-25,2019-11-25 09:37:00,0.03,0.375,1474,0.02,0.25,2118,0.01,0.125,1,0.025,0.3125,1,0
IWM191129C163,2019-11-25,2019-11-25 09:37:01,0.03,0.375,1474,0.02,0.25,2118,0.01,0.125,1,0.025,0.3125,1,0
IWM191129C163,2019-11-25,2019-11-25 09:37:02,0.03,0.375,1174,0.02,0.25,1798,0.01,0.125,1,0.025,0.3125,1,0
IWM191129C163,2019-11-25,2019-11-25 09:37:02,0.03,0.375,1951,0.02,0.25,2638,0.01,0.125,1,0.025,0.3125,1,0
IWM191129C163,2019-11-25,2019-11-25 09:37:03,0.03,0.375,1951,0.02,0.25,2638,0.01,0.125,1,0.025,0.3125,1,0
IWM191129C163,2019-11-25,2019-11-25 09:37:04,0.03,0.375,1951,0.02,0.25,2638,0.01,0.125,1,0.025,0.3125,1,0
IWM191129C163,2019-11-25,2019-11-25 09:37:04,0.03,0.375,1492,0.02,0.25,2118,0.01,0.125,1,0.025,0.3125,1,0
IWM191129C163,2019-11-25,2019-11-25 09:37:05,0.03,0.375,1984,0.02,0.25,2639,0.01,0.125,1,0.025,0.3125,1,0
IWM191129C163,2019-11-25,2019-11-25 09:37:05,0.03,0.375,1492,0.02,0.25,2118,0.01,0.125,1,0.025,0.3125,1,0
IWM191129C163,2019-11-25,2019-11-25 09:37:06,0.03,0.375,1984,0.02,0.25,2638,0.01,0.125,1,0.025,0.3125,1,0
IWM191129C163,2019-11-25,2019-11-25 09:37:07,0.03,0.375,1984,0.02,0.25,2638,0.01,0.125,1,0.025,0.3125,1,0
IWM191129C163,2019-11-25,2019-11-25 09:37:08,0.03,0.375,1984,0.02,0.25,2638,0.01,0.125,1,0.025,0.3125,1,0
IWM191129C163,2019-11-25,2019-11-25 09:37:09,0.03,0.375,1984,0.02,0.25,2638,0.01,0.125,1,0.025,0.3125,1,0
IWM191129C163,2019-11-25,2019-11-25 09:37:10,0.03,0.375,1492,0.02,0.25,2118,0.01,0.125,1,0.025,0.3125,1,0
IWM191129C163,2019-11-25,2019-11-25 09:37:11,0.03,0.375,1984,0.02,0.25,2639,0.01,0.125,1,0.025,0.3125,1,0
IWM191129C163,2019-11-25,2019-11-25 09:37:12,0.03,0.375,1984,0.02,0.25,2639,0.01,0.125,1,0.025,0.3125,1,0
IWM191129C163,2019-11-25,2019-11-25 09:37:13,0.03,0.375,1984,0.02,0.25,2639,0.01,0.125,1,0.025,0.3125,1,0
IWM191129C163,2019-11-25,2019-11-25 09:37:14,0.03,0.375,1984,0.02,0.25,2639,0.01,0.125,1,0.025,0.3125,1,0
IWM191129C163,2019-11-25,2019-11-25 09:37:15,0.03,0.375,1984,0.02,0.25,2630,0.01,0.125,1,0.025,0.3125,1,0
IWM191129C163,2019-11-25,2019-11-25 09:37:15,0.03,0.375,1984,0.02,0.25,2310,0.01,0.125,1,0.025,0.3125,1,0
IWM191129C163,2019-11-25,2019-11-25 09:37:16,0.03,0.375,1984,0.02,0.25,2630,0.01,0.125,1,0.025,0.3125,1,0
IWM191129C163,2019-11-25,2019-11-25 09:37:17,0.03,0.375,1492,0.02,0.25,2118,0.01,0.125,1,0.025,0.3125,1,0
IWM191129C163,2019-11-25,2019-11-25 09:37:18,0.03,0.375,1492,0.02,0.25,2118,0.01,0.125,1,0.025,0.3125,1,0
IWM191129C163,2019-11-25,2019-11-25 09:37:19,0.03,0.375,1984,0.02,0.25,2639,0.01,0.125,1,0.025,0.3125,1,0
IWM191129C163,2019-11-25,2019-11-25 09:37:20,0.03,0.375,1984,0.02,0.25,2639,0.01,0.125,1,0.025,0.3125,1,0
IWM191129C163,2019-11-25,2019-11-25 09:37:21,0.03,0.375,1492,0.02,0.25,2118,0.01,0.125,1,0.025,0.3125,1,0
IWM191129C163,2019-11-25,2019-11-25 09:37:21,0.03,0.375,1984,0.02,0.25,2638,0.01,0.125,1,0.025,0.3125,1,0
IWM191129C163,2019-11-25,2019-11-25 09:37:22,0.03,0.375,1984,0.02,0.25,2318,0.01,0.125,1,0.025,0.3125,1,0
IWM191129C163,2019-11-25,2019-11-25 09:37:22,0.03,0.375,1984,0.02,0.25,2638,0.01,0.125,1,0.025,0.3125,1,0
IWM191129C163,2019-11-25,2019-11-25 09:37:23,0.03,0.375,1984,0.02,0.25,2638,0.01,0.125,1,0.025,0.3125,1,0
IWM191129C163,2019-11-25,2019-11-25 09:37:24,0.03,0.375,1984,0.02,0.25,2638,0.01,0.125,1,0.025,0.3125,1,0
IWM191129C163,2019-11-25,2019-11-25 09:37:25,0.03,0.375,1984,0.02,0.25,2639,0.01,0.125,1,0.025,0.3125,1,0
IWM191129C163,2019-11-25,2019-11-25 09:37:25,0.03,0.375,1492,0.02,0.25,2118,0.01,0.125,1,0.025,0.3125,1,0
IWM191129C163,2019-11-25,2019-11-25 09:37:26,0.03,0.375,1984,0.02,0.25,2639,0.01,0.125,1,0.025,0.3125,1,0
IWM191129C163,2019-11-25,2019-11-25 09:37:27,0.03,0.375,1984,0.02,0.25,2639,0.01,0.125,1,0.025,0.3125,1,0
IWM191129C163,2019-11-25,2019-11-25 09:37:28,0.03,0.375,1984,0.02,0.25,2639,0.01,0.125,1,0.025,0.3125,1,0
IWM191129C163,2019-11-25,2019-11-25 09:37:29,0.03,0.375,1984,0.02,0.25,2639,0.01,0.125,1,0.025,0.3125,1,0
IWM191129C163,2019-11-25,2019-11-25 09:37:29,0.03,0.375,1492,0.02,0.25,2118,0.01,0.125,1,0.025,0.3125,1,0
IWM191129C163,2019-11-25,2019-11-25 09:37:30,0.03,0.375,1492,0.02,0.25,2118,0.01,0.125,1,0.025,0.3125,1,0
IWM191129C163,2019-11-25,2019-11-25 09:37:31,0.03,0.375,1492,0.02,0.25,2118,0.01,0.125,1,0.025,0.3125,1,0
IWM191129C163,2019-11-25,2019-11-25 09:37:32,0.03,0.375,1984,0.02,0.25,2638,0.01,0.125,1,0.025,0.3125,1,0
IWM191129C163,2019-11-25,2019-11-25 09:37:32,0.03,0.375,1492,0.02,0.25,2118,0.01,0.125,1,0.025,0.3125,1,0
IWM191129C163,2019-11-25,2019-11-25 09:37:33,0.03,0.375,1984,0.02,0.25,2639,0.01,0.125,1,0.025,0.3125,1,0
IWM191129C163,2019-11-25,2019-11-25 09:37:34,0.03,0.375,1984,0.02,0.25,2639,0.01,0.125,1,0.025,0.3125,1,0
IWM191129C163,2019-11-25,2019-11-25 09:37:35,0.03,0.375,1984,0.02,0.25,2640,0.01,0.125,1,0.025,0.3125,1,0
IWM191129C163,2019-11-25,2019-11-25 09:37:35,0.03,0.375,1984,0.02,0.25,2639,0.01,0.125,1,0.025,0.3125,1,0
IWM191129C163,2019-11-25,2019-11-25 09:37:36,0.03,0.375,1984,0.02,0.25,2640,0.01,0.125,1,0.025,0.3125,1,0
IWM191129C163,2019-11-25,2019-11-25 09:37:37,0.03,0.375,1984,0.02,0.25,2640,0.01,0.125,1,0.025,0.3125,1,0
IWM191129C163,2019-11-25,2019-11-25 09:37:37,0.03,0.375,1492,0.02,0.25,2118,0.01,0.125,1,0.025,0.3125,1,0
IWM191129C163,2019-11-25,2019-11-25 09:37:38,0.03,0.375,1984,0.02,0.25,2640,0.01,0.125,1,0.025,0.3125,1,0
IWM191129C163,2019-11-25,2019-11-25 09:37:39,0.03,0.375,1984,0.02,0.25,2640,0.01,0.125,1,0.025,0.3125,1,0
IWM191129C163,2019-11-25,2019-11-25 09:37:40,0.03,0.375,1984,0.02,0.25,2640,0.01,0.125,1,0.025,0.3125,1,0
IWM191129C163,2019-11-25,2019-11-25 09:37:41,0.03,0.375,1984,0.02,0.25,2640,0.01,0.125,1,0.025,0.3125,1,0
IWM191129C163,2019-11-25,2019-11-25 09:37:42,0.03,0.375,1984,0.02,0.25,2640,0.01,0.125,1,0.025,0.3125,1,0
IWM191129C163,2019-11-25,2019-11-25 09:37:42,0.03,0.375,2003,0.02,0.25,2640,0.01,0.125,1,0.025,0.3125,1,0
IWM191129C163,2019-11-25,2019-11-25 09:37:43,0.03,0.375,2003,0.02,0.25,2640,0.01,0.125,1,0.025,0.3125,1,0
IWM191129C163,2019-11-25,2019-11-25 09:37:44,0.03,0.375,2003,0.02,0.25,2640,0.01,0.125,1,0.025,0.3125,1,0
IWM191129C163,2019-11-25,2019-11-25 09:37:45,0.03,0.375,2003,0.02,0.25,2640,0.01,0.125,1,0.025,0.3125,1,0
IWM191129C163,2019-11-25,2019-11-25 09:37:46,0.03,0.375,2003,0.02,0.25,2640,0.01,0.125,1,0.025,0.3125,1,0
IWM191129C163,2019-11-25,2019-11-25 09:37:47,0.03,0.375,2003,0.02,0.25,2640,0.01,0.125,1,0.025,0.3125,1,0
IWM191129C163,2019-11-25,2019-11-25 09:37:48,0.03,0.375,2004,0.02,0.25,2640,0.01,0.125,1,0.025,0.3125,1,0
IWM191129C163,2019-11-25,2019-11-25 09:37:49,0.03,0.375,2004,0.02,0.25,2640,0.01,0.125,1,0.025,0.3125,1,0
IWM191129C163,2019-11-25,2019-11-25 09:37:50,0.03,0.375,2004,0.02,0.25,2640,0.01,0.125,1,0.025,0.3125,1,0
IWM191129C163,2019-11-25,2019-11-25 09:37:51,0.03,0.375,2004,0.02,0.25,2640,0.01,0.125,1,0.025,0.3125,1,0
IWM191129C163,2019-11-25,2019-11-25 09:37:52,0.03,0.375,2004,0.02,0.25,2640,0.01,0.125,1,0.025,0.3125,1,0
IWM191129C163,2019-11-25,2019-11-25 09:37:53,0.03,0.375,2004,0.02,0.25,2640,0.01,0.125,1,0.025,0.3125,1,0
IWM191129C163,2019-11-25,2019-11-25 09:37:54,0.03,0.375,2004,0.02,0.25,2640,0.01,0.125,1,0.025,0.3125,1,0
IWM191129C163,2019-11-25,2019-11-25 09:37:55,0.03,0.375,2004,0.02,0.25,2640,0.01,0.125,1,0.025,0.3125,1,0
IWM191129C163,2019-11-25,2019-11-25 09:37:56,0.03,0.375,2004,0.02,0.25,2640,0.01,0.125,1,0.025,0.3125,1,0
IWM191129C163,2019-11-25,2019-11-25 09:37:57,0.03,0.375,1511,0.02,0.25,2118,0.01,0.125,1,0.025,0.3125,1,0
IWM191129C163,2019-11-25,2019-11-25 09:37:57,0.03,0.375,2004,0.02,0.25,2640,0.01,0.125,1,0.025,0.3125,1,0
IWM191129C163,2019-11-25,2019-11-25 09:37:58,0.03,0.375,1511,0.02,0.25,2118,0.01,0.125,1,0.025,0.3125,1,0
IWM191129C163,2019-11-25,2019-11-25 09:37:58,0.03,0.375,2004,0.02,0.25,2640,0.01,0.125,1,0.025,0.3125,1,0
IWM191129C163,2019-11-25,2019-11-25 09:37:59,0.03,0.375,2004,0.02,0.25,2640,0.01,0.125,1,0.025,0.3125,1,0
IWM191129C163,2019-11-25,2019-11-25 09:38:00,0.03,0.375,2004,0.02,0.25,2640,0.01,0.125,1,0.025,0.3125,1,0
IWM191129C163,2019-11-25,2019-11-25 09:38:01,0.03,0.375,1511,0.02,0.25,2118,0.01,0.125,1,0.025,0.3125,1,0
IWM191129C163,2019-11-25,2019-11-25 09:38:01,0.03,0.375,2004,0.02,0.25,2640,0.01,0.125,1,0.025,0.3125,1,0
IWM191129C163,2019-11-25,2019-11-25 09:38:02,0.03,0.375,1511,0.02,0.25,2118,0.01,0.125,1,0.025,0.3125,1,0
IWM191129C163,2019-11-25,2019-11-25 09:38:03,0.03,0.375,1511,0.02,0.25,2118,0.01,0.125,1,0.025,0.3125,1,0
IWM191129C163,2019-11-25,2019-11-25 09:38:03,0.03,0.375,2004,0.02,0.25,2640,0.01,0.125,1,0.025,0.3125,1,0
IWM191129C163,2019-11-25,2019-11-25 09:38:04,0.03,0.375,2004,0.02,0.25,2640,0.01,0.125,1,0.025,0.3125,1,0
IWM191129C163,2019-11-25,2019-11-25 09:38:05,0.03,0.375,2004,0.02,0.25,2640,0.01,0.125,1,0.025,0.3125,1,0
IWM191129C163,2019-11-25,2019-11-25 09:38:06,0.03,0.375,2004,0.02,0.25,2640,0.01,0.125,1,0.025,0.3125,1,0
IWM191129C163,2019-11-25,2019-11-25 09:38:07,0.03,0.375,2004,0.02,0.25,2640,0.01,0.125,1,0.025,0.3125,1,0
IWM191129C163,2019-11-25,2019-11-25 09:38:08,0.03,0.375,1511,0.02,0.25,2120,0.01,0.125,1,0.025,0.3125,1,0
IWM191129C163,2019-11-25,2019-11-25 09:38:08,0.03,0.375,1511,0.02,0.25,1798,0.01,0.125,1,0.025,0.3125,1,0
IWM191129C163,2019-11-25,2019-11-25 09:38:09,0.03,0.375,1511,0.02,0.25,2120,0.01,0.125,1,0.025,0.3125,1,0
IWM191129C163,2019-11-25,2019-11-25 09:38:10,0.03,0.375,1511,0.02,0.25,2120,0.01,0.125,1,0.025,0.3125,1,0
IWM191129C163,2019-11-25,2019-11-25 09:38:11,0.03,0.375,1897,0.02,0.25,2615,0.01,0.125,1,0.025,0.3125,1,0
IWM191129C163,2019-11-25,2019-11-25 09:38:11,0.03,0.375,1947,0.02,0.25,2615,0.01,0.125,1,0.025,0.3125,1,0
IWM191129C163,2019-11-25,2019-11-25 09:38:12,0.03,0.375,1897,0.02,0.25,2615,0.01,0.125,1,0.025,0.3125,1,0
IWM191129C163,2019-11-25,2019-11-25 09:38:13,0.03,0.375,1897,0.02,0.25,2615,0.01,0.125,1,0.025,0.3125,1,0
IWM191129C163,2019-11-25,2019-11-25 09:38:14,0.03,0.375,1897,0.02,0.25,2615,0.01,0.125,1,0.025,0.3125,1,0
IWM191129C163,2019-11-25,2019-11-25 09:38:15,0.03,0.375,1897,0.02,0.25,1837,0.01,0.125,1,0.025,0.3125,1,0
IWM191129C163,2019-11-25,2019-11-25 09:38:15,0.03,0.375,1897,0.02,0.25,2615,0.01,0.125,1,0.025,0.3125,1,0
IWM191129C163,2019-11-25,2019-11-25 09:38:16,0.03,0.375,1897,0.02,0.25,1837,0.01,0.125,1,0.025,0.3125,1,0
IWM191129C163,2019-11-25,2019-11-25 09:38:17,0.03,0.375,1951,0.02,0.25,1764,0.01,0.125,1,0.025,0.3125,1,0
IWM191129C163,2019-11-25,2019-11-25 09:38:17,0.03,0.375,1951,0.02,0.25,1837,0.01,0.125,1,0.025,0.3125,1,0
IWM191129C163,2019-11-25,2019-11-25 09:38:18,0.03,0.375,1951,0.02,0.25,1764,0.01,0.125,1,0.025,0.3125,1,0
IWM191129C163,2019-11-25,2019-11-25 09:38:18,0.03,0.375,1951,0.02,0.25,2646,0.01,0.125,1,0.025,0.3125,1,0
IWM191129C163,2019-11-25,2019-11-25 09:38:19,0.03,0.375,1951,0.02,0.25,2646,0.01,0.125,1,0.025,0.3125,1,0
IWM191129C163,2019-11-25,2019-11-25 09:38:20,0.03,0.375,1951,0.02,0.25,2646,0.01,0.125,1,0.025,0.3125,1,0
IWM191129C163,2019-11-25,2019-11-25 09:38:21,0.03,0.375,1998,0.02,0.25,2565,0.01,0.125,1,0.025,0.3125,1,0
IWM191129C163,2019-11-25,2019-11-25 09:38:21,0.03,0.375,1951,0.02,0.25,2646,0.01,0.125,1,0.025,0.3125,1,0
IWM191129C163,2019-11-25,2019-11-25 09:38:22,0.03,0.375,1998,0.02,0.25,2565,0.01,0.125,1,0.025,0.3125,1,0
IWM191129C163,2019-11-25,2019-11-25 09:38:23,0.03,0.375,1998,0.02,0.25,2565,0.01,0.125,1,0.025,0.3125,1,0
IWM191129C163,2019-11-25,2019-11-25 09:38:24,0.03,0.375,1998,0.02,0.25,2565,0.01,0.125,1,0.025,0.3125,1,0
IWM191129C163,2019-11-25,2019-11-25 09:38:25,0.03,0.375,1508,0.02,0.25,2143,0.01,0.125,1,0.025,0.3125,1,0
IWM191129C163,2019-11-25,2019-11-25 09:38:26,0.03,0.375,1508,0.02,0.25,2143,0.01,0.125,1,0.025,0.3125,1,0
IWM191129C163,2019-11-25,2019-11-25 09:38:27,0.03,0.375,2001,0.02,0.25,2658,0.01,0.125,1,0.025,0.3125,1,0
IWM191129C163,2019-11-25,2019-11-25 09:38:28,0.03,0.375,2001,0.02,0.25,2658,0.01,0.125,1,0.025,0.3125,1,0
IWM191129C163,2019-11-25,2019-11-25 09:38:29,0.03,0.375,2001,0.02,0.25,2658,0.01,0.125,1,0.025,0.3125,1,0
IWM191129C163,2019-11-25,2019-11-25 09:38:30,0.03,0.375,1508,0.02,0.25,2143,0.01,0.125,1,0.025,0.3125,1,0
IWM191129C163,2019-11-25,2019-11-25 09:38:30,0.03,0.375,2001,0.02,0.25,2665,0.01,0.125,1,0.025,0.3125,1,0
IWM191129C163,2019-11-25,2019-11-25 09:38:31,0.03,0.375,2001,0.02,0.25,2665,0.01,0.125,1,0.025,0.3125,1,0
IWM191129C163,2019-11-25,2019-11-25 09:38:32,0.03,0.375,1977,0.02,0.25,1783,0.01,0.125,1,0.025,0.3125,1,0
IWM191129C163,2019-11-25,2019-11-25 09:38:33,0.03,0.375,1977,0.02,0.25,1783,0.01,0.125,1,0.025,0.3125,1,0
IWM191129C163,2019-11-25,2019-11-25 09:38:34,0.03,0.375,1977,0.02,0.25,1783,0.01,0.125,1,0.025,0.3125,1,0
IWM191129C163,2019-11-25,2019-11-25 09:38:35,0.03,0.375,1976,0.02,0.25,1757,0.01,0.125,1,0.025,0.3125,1,0
IWM191129C163,2019-11-25,2019-11-25 09:38:35,0.03,0.375,1977,0.02,0.25,1783,0.01,0.125,1,0.025,0.3125,1,0
IWM191129C163,2019-11-25,2019-11-25 09:38:36,0.03,0.375,1975,0.02,0.25,1758,0.01,0.125,1,0.025,0.3125,1,0
IWM191129C163,2019-11-25,2019-11-25 09:38:37,0.03,0.375,1975,0.02,0.25,1758,0.01,0.125,1,0.025,0.3125,1,0
IWM191129C163,2019-11-25,2019-11-25 09:38:38,0.03,0.375,1975,0.02,0.25,1758,0.01,0.125,1,0.025,0.3125,1,0
IWM191129C163,2019-11-25,2019-11-25 09:38:39,0.03,0.375,1975,0.02,0.25,1758,0.01,0.125,1,0.025,0.3125,1,0
IWM191129C163,2019-11-25,2019-11-25 09:38:40,0.03,0.375,1975,0.02,0.25,1758,0.01,0.125,1,0.025,0.3125,1,0
IWM191129C163,2019-11-25,2019-11-25 09:38:40,0.03,0.375,1976,0.02,0.25,1758,0.01,0.125,1,0.025,0.3125,1,0
IWM191129C163,2019-11-25,2019-11-25 09:38:41,0.03,0.375,1976,0.02,0.25,1758,0.01,0.125,1,0.025,0.3125,1,0
IWM191129C163,2019-11-25,2019-11-25 09:38:42,0.03,0.375,1976,0.02,0.25,1758,0.01,0.125,1,0.025,0.3125,1,0
IWM191129C163,2019-11-25,2019-11-25 09:38:43,0.03,0.375,1976,0.02,0.25,1758,0.01,0.125,1,0.025,0.3125,1,0
IWM191129C163,2019-11-25,2019-11-25 09:38:44,0.03,0.375,1976,0.02,0.25,1758,0.01,0.125,1,0.025,0.3125,1,0
IWM191129C163,2019-11-25,2019-11-25 09:38:45,0.03,0.375,1976,0.02,0.25,1758,0.01,0.125,1,0.025,0.3125,1,0
IWM191129C163,2019-11-25,2019-11-25 09:38:46,0.03,0.375,1976,0.02,0.25,1758,0.01,0.125,1,0.025,0.3125,1,0
IWM191129C163,2019-11-25,2019-11-25 09:38:47,0.03,0.375,1976,0.02,0.25,1758,0.01,0.125,1,0.025,0.3125,1,0
IWM191129C163,2019-11-25,2019-11-25 09:38:47,0.03,0.375,1484,0.02,0.25,1435,0.01,0.125,1,0.025,0.3125,1,0
IWM191129C163,2019-11-25,2019-11-25 09:38:48,0.03,0.375,1484,0.02,0.25,1435,0.01,0.125,1,0.025,0.3125,1,0
IWM191129C163,2019-11-25,2019-11-25 09:38:48,0.03,0.375,1975,0.02,0.25,1758,0.01,0.125,1,0.025,0.3125,1,0
IWM191129C163,2019-11-25,2019-11-25 09:38:49,0.03,0.375,1975,0.02,0.25,1758,0.01,0.125,1,0.025,0.3125,1,0
IWM191129C163,2019-11-25,2019-11-25 09:38:50,0.03,0.375,1975,0.02,0.25,1758,0.01,0.125,1,0.025,0.3125,1,0
IWM191129C163,2019-11-25,2019-11-25 09:38:50,0.03,0.375,1484,0.02,0.25,1435,0.01,0.125,1,0.025,0.3125,1,0
IWM191129C163,2019-11-25,2019-11-25 09:38:51,0.03,0.375,1484,0.02,0.25,1435,0.01,0.125,1,0.025,0.3125,1,0
IWM191129C163,2019-11-25,2019-11-25 09:38:52,0.03,0.375,1976,0.02,0.25,1758,0.01,0.125,1,0.025,0.3125,1,0
IWM191129C163,2019-11-25,2019-11-25 09:38:53,0.03,0.375,1976,0.02,0.25,1758,0.01,0.125,1,0.025,0.3125,1,0
IWM191129C163,2019-11-25,2019-11-25 09:38:54,0.03,0.375,1976,0.02,0.25,1758,0.01,0.125,1,0.025,0.3125,1,0
IWM191129C163,2019-11-25,2019-11-25 09:38:55,0.03,0.375,1976,0.02,0.25,1758,0.01,0.125,1,0.025,0.3125,1,0
IWM191129C163,2019-11-25,2019-11-25 09:38:56,0.03,0.375,1976,0.02,0.25,1758,0.01,0.125,1,0.025,0.3125,1,0
IWM191129C163,2019-11-25,2019-11-25 09:38:57,0.03,0.375,1976,0.02,0.25,1758,0.01,0.125,1,0.025,0.3125,1,0
IWM191129C163,2019-11-25,2019-11-25 09:38:57,0.03,0.375,1489,0.02,0.25,1372,0.01,0.125,1,0.025,0.3125,1,0
IWM191129C163,2019-11-25,2019-11-25 09:38:58,0.03,0.375,1489,0.02,0.25,1445,0.01,0.125,1,0.025,0.3125,1,0
IWM191129C163,2019-11-25,2019-11-25 09:38:59,0.03,0.375,1489,0.02,0.25,1445,0.01,0.125,1,0.025,0.3125,1,0
IWM191129C163,2019-11-25,2019-11-25 09:38:59,0.03,0.375,1979,0.02,0.25,1758,0.01,0.125,1,0.025,0.3125,1,0
IWM191129C163,2019-11-25,2019-11-25 09:39:00,0.03,0.375,1489,0.02,0.25,1435,0.01,0.125,1,0.025,0.3125,1,0
IWM191129C163,2019-11-25,2019-11-25 09:39:01,0.03,0.375,1489,0.02,0.25,1435,0.01,0.125,1,0.025,0.3125,1,0
IWM191129C163,2019-11-25,2019-11-25 09:39:01,0.03,0.375,1489,0.02,0.25,1445,0.01,0.125,1,0.025,0.3125,1,0
IWM191129C163,2019-11-25,2019-11-25 09:39:02,0.03,0.375,1489,0.02,0.25,1445,0.01,0.125,1,0.025,0.3125,1,0
IWM191129C163,2019-11-25,2019-11-25 09:39:03,0.03,0.375,1489,0.02,0.25,1445,0.01,0.125,1,0.025,0.3125,1,0
IWM191129C163,2019-11-25,2019-11-25 09:39:04,0.03,0.375,1489,0.02,0.25,1445,0.01,0.125,1,0.025,0.3125,1,0
IWM191129C163,2019-11-25,2019-11-25 09:39:04,0.03,0.375,1489,0.02,0.25,1752,0.01,0.125,1,0.025,0.3125,1,0
IWM191129C163,2019-11-25,2019-11-25 09:39:05,0.03,0.375,1489,0.02,0.25,1445,0.01,0.125,1,0.025,0.3125,1,0
IWM191129C163,2019-11-25,2019-11-25 09:39:06,0.03,0.375,1489,0.02,0.25,1445,0.01,0.125,1,0.025,0.3125,1,0
IWM191129C163,2019-11-25,2019-11-25 09:39:07,0.03,0.375,1991,0.02,0.25,1839,0.01,0.125,1,0.025,0.3125,1,0
IWM191129C163,2019-11-25,2019-11-25 09:39:07,0.03,0.375,1979,0.02,0.25,1840,0.01,0.125,1,0.025,0.3125,1,0
IWM191129C163,2019-11-25,2019-11-25 09:39:08,0.03,0.375,1991,0.02,0.25,1839,0.01,0.125,1,0.025,0.3125,1,0
IWM191129C163,2019-11-25,2019-11-25 09:39:09,0.03,0.375,1501,0.02,0.25,1445,0.01,0.125,1,0.025,0.3125,1,0
IWM191129C163,2019-11-25,2019-11-25 09:39:09,0.03,0.375,1991,0.02,0.25,1839,0.01,0.125,1,0.025,0.3125,1,0
IWM191129C163,2019-11-25,2019-11-25 09:39:10,0.03,0.375,1991,0.02,0.25,1840,0.01,0.125,1,0.025,0.3125,1,0
IWM191129C163,2019-11-25,2019-11-25 09:39:10,0.03,0.375,2316,0.02,0.25,2169,0.01,0.125,1,0.025,0.3125,1,0
IWM191129C163,2019-11-25,2019-11-25 09:39:11,0.03,0.375,2316,0.02,0.25,2169,0.01,0.125,1,0.025,0.3125,1,0
IWM191129C163,2019-11-25,2019-11-25 09:39:12,0.03,0.375,2316,0.02,0.25,1961,0.01,0.125,1,0.025,0.3125,1,0
IWM191129C163,2019-11-25,2019-11-25 09:39:12,0.03,0.375,2316,0.02,0.25,2169,0.01,0.125,1,0.025,0.3125,1,0
IWM191129C163,2019-11-25,2019-11-25 09:39:13,0.03,0.375,2316,0.02,0.25,2245,0.01,0.125,1,0.025,0.3125,1,0
IWM191129C163,2019-11-25,2019-11-25 09:39:14,0.03,0.375,2316,0.02,0.25,2245,0.01,0.125,1,0.025,0.3125,1,0
IWM191129C163,2019-11-25,2019-11-25 09:39:15,0.03,0.375,2316,0.02,0.25,2245,0.01,0.125,1,0.025,0.3125,1,0
IWM191129C163,2019-11-25,2019-11-25 09:39:16,0.03,0.375,2316,0.02,0.25,2245,0.01,0.125,1,0.025,0.3125,1,0
IWM191129C163,2019-11-25,2019-11-25 09:39:17,0.03,0.375,1997,0.02,0.25,2275,0.01,0.125,1,0.025,0.3125,1,0
IWM191129C163,2019-11-25,2019-11-25 09:39:17,0.03,0.375,1697,0.02,0.25,1776,0.01,0.125,1,0.025,0.3125,1,0
IWM191129C163,2019-11-25,2019-11-25 09:39:18,0.03,0.375,1997,0.02,0.25,2090,0.01,0.125,1,0.025,0.3125,1,0
IWM191129C163,2019-11-25,2019-11-25 09:39:19,0.03,0.375,2147,0.02,0.25,2331,0.01,0.125,1,0.025,0.3125,1,0
IWM191129C163,2019-11-25,2019-11-25 09:39:19,0.03,0.375,1997,0.02,0.25,2187,0.01,0.125,1,0.025,0.3125,1,0
IWM191129C163,2019-11-25,2019-11-25 09:39:20,0.03,0.375,1541,0.02,0.25,1867,0.01,0.125,1,0.025,0.3125,1,0
IWM191129C163,2019-11-25,2019-11-25 09:39:20,0.03,0.375,2147,0.02,0.25,2331,0.01,0.125,1,0.025,0.3125,1,0
IWM191129C163,2019-11-25,2019-11-25 09:39:21,0.03,0.375,1541,0.02,0.25,1867,0.01,0.125,1,0.025,0.3125,1,0
IWM191129C163,2019-11-25,2019-11-25 09:39:21,0.03,0.375,1783,0.02,0.25,1983,0.01,0.125,1,0.025,0.3125,1,0
IWM191129C163,2019-11-25,2019-11-25 09:39:22,0.03,0.375,1783,0.02,0.25,2019,0.01,0.125,1,0.025,0.3125,1,0
IWM191129C163,2019-11-25,2019-11-25 09:39:22,0.03,0.375,1783,0.02,0.25,1904,0.01,0.125,1,0.025,0.3125,1,0
IWM191129C163,2019-11-25,2019-11-25 09:39:23,0.03,0.375,1840,0.02,0.25,2019,0.01,0.125,1,0.025,0.3125,1,0
IWM191129C163,2019-11-25,2019-11-25 09:39:24,0.03,0.375,1840,0.02,0.25,2019,0.01,0.125,1,0.025,0.3125,1,0
IWM191129C163,2019-11-25,2019-11-25 09:39:25,0.03,0.375,1840,0.02,0.25,2019,0.01,0.125,1,0.025,0.3125,1,0
IWM191129C163,2019-11-25,2019-11-25 09:39:25,0.03,0.375,2353,0.02,0.25,2356,0.01,0.125,1,0.025,0.3125,1,0
IWM191129C163,2019-11-25,2019-11-25 09:39:26,0.03,0.375,2353,0.02,0.25,2356,0.01,0.125,1,0.025,0.3125,1,0
IWM191129C163,2019-11-25,2019-11-25 09:39:27,0.03,0.375,2353,0.02,0.25,2356,0.01,0.125,1,0.025,0.3125,1,0
IWM191129C163,2019-11-25,2019-11-25 09:39:28,0.03,0.375,2353,0.02,0.25,2432,0.01,0.125,1,0.025,0.3125,1,0
IWM191129C163,2019-11-25,2019-11-25 09:39:29,0.03,0.375,2353,0.02,0.25,2432,0.01,0.125,1,0.025,0.3125,1,0
IWM191129C163,2019-11-25,2019-11-25 09:39:30,0.03,0.375,2353,0.02,0.25,2432,0.01,0.125,1,0.025,0.3125,1,0
IWM191129C163,2019-11-25,2019-11-25 09:39:31,0.03,0.375,2353,0.02,0.25,2432,0.01,0.125,1,0.025,0.3125,1,0
IWM191129C163,2019-11-25,2019-11-25 09:39:32,0.03,0.375,2351,0.02,0.25,2432,0.01,0.125,1,0.025,0.3125,1,0
IWM191129C163,2019-11-25,2019-11-25 09:39:32,0.03,0.375,2353,0.02,0.25,2432,0.01,0.125,1,0.025,0.3125,1,0
IWM191129C163,2019-11-25,2019-11-25 09:39:33,0.03,0.375,2351,0.02,0.25,2432,0.01,0.125,1,0.025,0.3125,1,0
IWM191129C163,2019-11-25,2019-11-25 09:39:34,0.03,0.375,2351,0.02,0.25,2432,0.01,0.125,1,0.025,0.3125,1,0
IWM191129C163,2019-11-25,2019-11-25 09:39:35,0.03,0.375,2351,0.02,0.25,2588,0.01,0.125,1,0.025,0.3125,1,0
IWM191129C163,2019-11-25,2019-11-25 09:39:36,0.03,0.375,2351,0.02,0.25,2588,0.01,0.125,1,0.025,0.3125,1,0
IWM191129C163,2019-11-25,2019-11-25 09:39:37,0.03,0.375,2351,0.02,0.25,2588,0.01,0.125,1,0.025,0.3125,1,0
IWM191129C163,2019-11-25,2019-11-25 09:39:38,0.03,0.375,2351,0.02,0.25,2588,0.01,0.125,1,0.025,0.3125,1,0
IWM191129C163,2019-11-25,2019-11-25 09:39:39,0.03,0.375,2351,0.02,0.25,2588,0.01,0.125,1,0.025,0.3125,1,0
IWM191129C163,2019-11-25,2019-11-25 09:39:40,0.03,0.375,2351,0.02,0.25,2588,0.01,0.125,1,0.025,0.3125,1,0
IWM191129C163,2019-11-25,2019-11-25 09:39:41,0.03,0.375,1838,0.02,0.25,2019,0.01,0.125,1,0.025,0.3125,1,0
IWM191129C163,2019-11-25,2019-11-25 09:39:41,0.03,0.375,1328,0.02,0.25,1561,0.01,0.125,1,0.025,0.3125,1,0
IWM191129C163,2019-11-25,2019-11-25 09:39:42,0.03,0.375,1328,0.02,0.25,1561,0.01,0.125,1,0.025,0.3125,1,0
IWM191129C163,2019-11-25,2019-11-25 09:39:43,0.03,0.375,1273,0.02,0.25,1633,0.01,0.125,1,0.025,0.3125,1,0
IWM191129C163,2019-11-25,2019-11-25 09:39:43,0.03,0.375,1328,0.02,0.25,1561,0.01,0.125,1,0.025,0.3125,1,0
IWM191129C163,2019-11-25,2019-11-25 09:39:44,0.03,0.375,872,0.02,0.25,1120,0.01,0.125,1,0.025,0.3125,1,0
IWM191129C163,2019-11-25,2019-11-25 09:39:44,0.03,0.375,577,0.02,0.25,1120,0.01,0.125,1,0.025,0.3125,1,0
IWM191129C163,2019-11-25,2019-11-25 09:39:45,0.03,0.375,801,0.02,0.25,1262,0.01,0.125,1,0.025,0.3125,1,0
IWM191129C163,2019-11-25,2019-11-25 09:39:45,0.03,0.375,1076,0.02,0.25,1562,0.01,0.125,1,0.025,0.3125,1,0
IWM191129C163,2019-11-25,2019-11-25 09:39:46,0.03,0.375,738,0.02,0.25,1120,0.01,0.125,1,0.025,0.3125,1,0
IWM191129C163,2019-11-25,2019-11-25 09:39:46,0.03,0.375,785,0.02,0.25,1120,0.01,0.125,1,0.025,0.3125,1,0
IWM191129C163,2019-11-25,2019-11-25 09:39:47,0.03,0.375,785,0.02,0.25,1120,0.01,0.125,1,0.025,0.3125,1,0
IWM191129C163,2019-11-25,2019-11-25 09:39:48,0.03,0.375,785,0.02,0.25,1120,0.01,0.125,1,0.025,0.3125,1,0
IWM191129C163,2019-11-25,2019-11-25 09:39:49,0.03,0.375,785,0.02,0.25,1120,0.01,0.125,1,0.025,0.3125,1,0
IWM191129C163,2019-11-25,2019-11-25 09:39:49,0.03,0.375,759,0.02,0.25,1396,0.01,0.125,1,0.025,0.3125,1,0
IWM191129C163,2019-11-25,2019-11-25 09:39:50,0.03,0.375,1122,0.02,0.25,1750,0.01,0.125,1,0.025,0.3125,1,0
IWM191129C163,2019-11-25,2019-11-25 09:39:51,0.03,0.375,1122,0.02,0.25,1750,0.01,0.125,1,0.025,0.3125,1,0
IWM191129C163,2019-11-25,2019-11-25 09:39:52,0.03,0.375,1122,0.02,0.25,1672,0.01,0.125,1,0.025,0.3125,1,0
IWM191129C163,2019-11-25,2019-11-25 09:39:53,0.03,0.375,1122,0.02,0.25,1672,0.01,0.125,1,0.025,0.3125,1,0
IWM191129C163,2019-11-25,2019-11-25 09:39:54,0.03,0.375,1122,0.02,0.25,1672,0.01,0.125,1,0.025,0.3125,1,0
IWM191129C163,2019-11-25,2019-11-25 09:39:56,0.03,0.375,1122,0.02,0.25,1672,0.01,0.125,1,0.025,0.3125,1,0
IWM191129C163,2019-11-25,2019-11-25 09:39:57,0.03,0.375,1122,0.02,0.25,1672,0.01,0.125,1,0.025,0.3125,1,0
IWM191129C163,2019-11-25,2019-11-25 09:39:58,0.03,0.375,1122,0.02,0.25,1508,0.01,0.125,1,0.025,0.3125,1,0
IWM191129C163,2019-11-25,2019-11-25 09:39:59,0.03,0.375,779,0.02,0.25,1084,0.01,0.125,1,0.025,0.3125,1,0
IWM191129C163,2019-11-25,2019-11-25 09:39:59,0.03,0.375,1122,0.02,0.25,1508,0.01,0.125,1,0.025,0.3125,1,0
IWM191129C163,2019-11-25,2019-11-25 09:40:00,0.03,0.375,876,0.02,0.25,1208,0.01,0.125,1,0.025,0.3125,1,0
IWM191129C163,2019-11-25,2019-11-25 09:40:01,0.03,0.375,1263,0.02,0.25,1683,0.01,0.125,1,0.025,0.3125,1,0
IWM191129C163,2019-11-25,2019-11-25 09:40:01,0.03,0.375,876,0.02,0.25,1208,0.01,0.125,1,0.025,0.3125,1,0
IWM191129C163,2019-11-25,2019-11-25 09:40:02,0.03,0.375,1182,0.02,0.25,1683,0.01,0.125,1,0.025,0.3125,1,0
IWM191129C163,2019-11-25,2019-11-25 09:40:03,0.03,0.375,1182,0.02,0.25,1683,0.01,0.125,1,0.025,0.3125,1,0
IWM191129C163,2019-11-25,2019-11-25 09:40:04,0.03,0.375,1182,0.02,0.25,1683,0.01,0.125,1,0.025,0.3125,1,0
IWM191129C163,2019-11-25,2019-11-25 09:40:05,0.03,0.375,1182,0.02,0.25,1683,0.01,0.125,1,0.025,0.3125,1,0
IWM191129C163,2019-11-25,2019-11-25 09:40:05,0.03,0.375,795,0.02,0.25,1415,0.01,0.125,1,0.025,0.3125,1,0
IWM191129C163,2019-11-25,2019-11-25 09:40:06,0.03,0.375,1163,0.02,0.25,1760,0.01,0.125,1,0.025,0.3125,1,0
IWM191129C163,2019-11-25,2019-11-25 09:40:06,0.03,0.375,795,0.02,0.25,1415,0.01,0.125,1,0.025,0.3125,1,0
IWM191129C163,2019-11-25,2019-11-25 09:40:07,0.03,0.375,1163,0.02,0.25,1760,0.01,0.125,1,0.025,0.3125,1,0
IWM191129C163,2019-11-25,2019-11-25 09:40:08,0.03,0.375,1163,0.02,0.25,1760,0.01,0.125,1,0.025,0.3125,1,0
IWM191129C163,2019-11-25,2019-11-25 09:40:09,0.03,0.375,1080,0.02,0.25,1760,0.01,0.125,1,0.025,0.3125,1,0
IWM191129C163,2019-11-25,2019-11-25 09:40:10,0.03,0.375,1080,0.02,0.25,1760,0.01,0.125,1,0.025,0.3125,1,0
IWM191129C163,2019-11-25,2019-11-25 09:40:11,0.03,0.375,721,0.02,0.25,1305,0.01,0.125,1,0.025,0.3125,1,0
IWM191129C163,2019-11-25,2019-11-25 09:40:11,0.03,0.375,952,0.02,0.25,1760,0.01,0.125,1,0.025,0.3125,1,0
IWM191129C163,2019-11-25,2019-11-25 09:40:12,0.03,0.375,952,0.02,0.25,1760,0.01,0.125,1,0.025,0.3125,1,0
IWM191129C163,2019-11-25,2019-11-25 09:40:13,0.03,0.375,832,0.02,0.25,1104,0.01,0.125,1,0.025,0.3125,1,0
IWM191129C163,2019-11-25,2019-11-25 09:40:13,0.03,0.375,952,0.02,0.25,1682,0.01,0.125,1,0.025,0.3125,1,0
IWM191129C163,2019-11-25,2019-11-25 09:40:14,0.03,0.375,555,0.02,0.25,1798,0.01,0.125,1,0.025,0.3125,1,0
IWM191129C163,2019-11-25,2019-11-25 09:40:14,0.03,0.375,846,0.02,0.25,1490,0.01,0.125,1,0.025,0.3125,1,0
IWM191129C163,2019-11-25,2019-11-25 09:40:15,0.03,0.375,539,0.02,0.25,1402,0.01,0.125,1,0.025,0.3125,1,0
IWM191129C163,2019-11-25,2019-11-25 09:40:15,0.03,0.375,555,0.02,0.25,1402,0.01,0.125,1,0.025,0.3125,1,0
IWM191129C163,2019-11-25,2019-11-25 09:40:16,0.03,0.375,533,0.02,0.25,1402,0.01,0.125,1,0.025,0.3125,1,0
IWM191129C163,2019-11-25,2019-11-25 09:40:16,0.03,0.375,364,0.02,0.25,1402,0.01,0.125,1,0.025,0.3125,1,0
IWM191129C163,2019-11-25,2019-11-25 09:40:17,0.03,0.375,492,0.02,0.25,1402,0.01,0.125,1,0.025,0.3125,1,0
IWM191129C163,2019-11-25,2019-11-25 09:40:17,0.03,0.375,533,0.02,0.25,1402,0.01,0.125,1,0.025,0.3125,1,0
IWM191129C163,2019-11-25,2019-11-25 09:40:18,0.03,0.375,364,0.02,0.25,1402,0.01,0.125,1,0.025,0.3125,1,0
IWM191129C163,2019-11-25,2019-11-25 09:40:18,0.03,0.375,364,0.02,0.25,1382,0.01,0.125,1,0.025,0.3125,1,0
IWM191129C163,2019-11-25,2019-11-25 09:40:19,0.03,0.375,531,0.02,0.25,1865,0.01,0.125,1,0.025,0.3125,1,0
IWM191129C163,2019-11-25,2019-11-25 09:40:19,0.03,0.375,531,0.02,0.25,1539,0.01,0.125,1,0.025,0.3125,1,0
IWM191129C163,2019-11-25,2019-11-25 09:40:20,0.03,0.375,531,0.02,0.25,1847,0.01,0.125,1,0.025,0.3125,1,0
IWM191129C163,2019-11-25,2019-11-25 09:40:21,0.03,0.375,572,0.02,0.25,1412,0.01,0.125,1,0.025,0.3125,1,0
IWM191129C163,2019-11-25,2019-11-25 09:40:21,0.03,0.375,507,0.02,0.25,1412,0.01,0.125,1,0.025,0.3125,1,0
IWM191129C163,2019-11-25,2019-11-25 09:40:22,0.03,0.375,494,0.02,0.25,1412,0.01,0.125,1,0.025,0.3125,1,0
IWM191129C163,2019-11-25,2019-11-25 09:40:23,0.03,0.375,494,0.02,0.25,1412,0.01,0.125,1,0.025,0.3125,1,0
IWM191129C163,2019-11-25,2019-11-25 09:40:24,0.03,0.375,494,0.02,0.25,1402,0.01,0.125,1,0.025,0.3125,1,0
IWM191129C163,2019-11-25,2019-11-25 09:40:25,0.03,0.375,494,0.02,0.25,1402,0.01,0.125,1,0.025,0.3125,1,0
IWM191129C163,2019-11-25,2019-11-25 09:40:26,0.03,0.375,561,0.02,0.25,1475,0.01,0.125,1,0.025,0.3125,1,0
IWM191129C163,2019-11-25,2019-11-25 09:40:26,0.03,0.375,561,0.02,0.25,1440,0.01,0.125,1,0.025,0.3125,1,0
IWM191129C163,2019-11-25,2019-11-25 09:40:27,0.03,0.375,561,0.02,0.25,1925,0.01,0.125,1,0.025,0.3125,1,0
IWM191129C163,2019-11-25,2019-11-25 09:40:28,0.03,0.375,561,0.02,0.25,1925,0.01,0.125,1,0.025,0.3125,1,0
IWM191129C163,2019-11-25,2019-11-25 09:40:29,0.03,0.375,561,0.02,0.25,1925,0.01,0.125,1,0.025,0.3125,1,0
IWM191129C163,2019-11-25,2019-11-25 09:40:29,0.03,0.375,661,0.02,0.25,1925,0.01,0.125,1,0.025,0.3125,1,0
IWM191129C163,2019-11-25,2019-11-25 09:40:30,0.03,0.375,661,0.02,0.25,1402,0.01,0.125,1,0.025,0.3125,1,0
IWM191129C163,2019-11-25,2019-11-25 09:40:30,0.03,0.375,661,0.02,0.25,1909,0.01,0.125,1,0.025,0.3125,1,0
IWM191129C163,2019-11-25,2019-11-25 09:40:31,0.03,0.375,661,0.02,0.25,1909,0.01,0.125,1,0.025,0.3125,1,0
IWM191129C163,2019-11-25,2019-11-25 09:40:32,0.03,0.375,676,0.02,0.25,1909,0.01,0.125,1,0.025,0.3125,1,0
IWM191129C163,2019-11-25,2019-11-25 09:40:33,0.03,0.375,676,0.02,0.25,1909,0.01,0.125,1,0.025,0.3125,1,0
IWM191129C163,2019-11-25,2019-11-25 09:40:34,0.03,0.375,676,0.02,0.25,1909,0.01,0.125,1,0.025,0.3125,1,0
IWM191129C163,2019-11-25,2019-11-25 09:40:35,0.03,0.375,676,0.02,0.25,1909,0.01,0.125,1,0.025,0.3125,1,0
IWM191129C163,2019-11-25,2019-11-25 09:40:36,0.03,0.375,676,0.02,0.25,1909,0.01,0.125,1,0.025,0.3125,1,0
IWM191129C163,2019-11-25,2019-11-25 09:40:37,0.03,0.375,676,0.02,0.25,1909,0.01,0.125,1,0.025,0.3125,1,0
IWM191129C163,2019-11-25,2019-11-25 09:40:38,0.03,0.375,676,0.02,0.25,1909,0.01,0.125,1,0.025,0.3125,1,0
IWM191129C163,2019-11-25,2019-11-25 09:40:39,0.03,0.375,676,0.02,0.25,1674,0.01,0.125,1,0.025,0.3125,1,0
IWM191129C163,2019-11-25,2019-11-25 09:40:39,0.03,0.375,676,0.02,0.25,1909,0.01,0.125,1,0.025,0.3125,1,0
IWM191129C163,2019-11-25,2019-11-25 09:40:40,0.03,0.375,676,0.02,0.25,1674,0.01,0.125,1,0.025,0.3125,1,0
IWM191129C163,2019-11-25,2019-11-25 09:40:41,0.03,0.375,676,0.02,0.25,1674,0.01,0.125,1,0.025,0.3125,1,0
IWM191129C163,2019-11-25,2019-11-25 09:40:42,0.03,0.375,676,0.02,0.25,1674,0.01,0.125,1,0.025,0.3125,1,0
IWM191129C163,2019-11-25,2019-11-25 09:40:42,0.03,0.375,494,0.02,0.25,1674,0.01,0.125,1,0.025,0.3125,1,0
IWM191129C163,2019-11-25,2019-11-25 09:40:43,0.03,0.375,551,0.02,0.25,1854,0.01,0.125,1,0.025,0.3125,1,0
IWM191129C163,2019-11-25,2019-11-25 09:40:44,0.03,0.375,551,0.02,0.25,1854,0.01,0.125,1,0.025,0.3125,1,0
IWM191129C163,2019-11-25,2019-11-25 09:40:45,0.03,0.375,551,0.02,0.25,1945,0.01,0.125,1,0.025,0.3125,1,0
IWM191129C163,2019-11-25,2019-11-25 09:40:46,0.03,0.375,551,0.02,0.25,1945,0.01,0.125,1,0.025,0.3125,1,0
IWM191129C163,2019-11-25,2019-11-25 09:40:47,0.03,0.375,551,0.02,0.25,1945,0.01,0.125,1,0.025,0.3125,1,0
IWM191129C163,2019-11-25,2019-11-25 09:40:47,0.03,0.375,453,0.02,0.25,1945,0.01,0.125,1,0.025,0.3125,1,0
IWM191129C163,2019-11-25,2019-11-25 09:40:48,0.03,0.375,530,0.02,0.25,1945,0.01,0.125,1,0.025,0.3125,1,0
IWM191129C163,2019-11-25,2019-11-25 09:40:49,0.03,0.375,373,0.02,0.25,1945,0.01,0.125,1,0.025,0.3125,1,0
IWM191129C163,2019-11-25,2019-11-25 09:40:50,0.03,0.375,522,0.02,0.25,1945,0.01,0.125,1,0.025,0.3125,1,0
IWM191129C163,2019-11-25,2019-11-25 09:40:51,0.03,0.375,522,0.02,0.25,1945,0.01,0.125,1,0.025,0.3125,1,0
IWM191129C163,2019-11-25,2019-11-25 09:40:52,0.03,0.375,616,0.02,0.25,1945,0.01,0.125,1,0.025,0.3125,1,0
IWM191129C163,2019-11-25,2019-11-25 09:40:53,0.03,0.375,616,0.02,0.25,1637,0.01,0.125,1,0.025,0.3125,1,0
IWM191129C163,2019-11-25,2019-11-25 09:40:53,0.03,0.375,616,0.02,0.25,1945,0.01,0.125,1,0.025,0.3125,1,0
IWM191129C163,2019-11-25,2019-11-25 09:40:54,0.03,0.375,616,0.02,0.25,1622,0.01,0.125,1,0.025,0.3125,1,0
IWM191129C163,2019-11-25,2019-11-25 09:40:54,0.03,0.375,337,0.02,0.25,1930,0.01,0.125,1,0.025,0.3125,1,0
IWM191129C163,2019-11-25,2019-11-25 09:40:55,0.03,0.375,337,0.02,0.25,1930,0.01,0.125,1,0.025,0.3125,1,0
IWM191129C163,2019-11-25,2019-11-25 09:40:56,0.03,0.375,337,0.02,0.25,1930,0.01,0.125,1,0.025,0.3125,1,0
IWM191129C163,2019-11-25,2019-11-25 09:40:56,0.03,0.375,337,0.02,0.25,1456,0.01,0.125,1,0.025,0.3125,1,0
IWM191129C163,2019-11-25,2019-11-25 09:40:57,0.03,0.375,337,0.02,0.25,1456,0.01,0.125,1,0.025,0.3125,1,0
IWM191129C163,2019-11-25,2019-11-25 09:40:58,0.03,0.375,337,0.02,0.25,1945,0.01,0.125,1,0.025,0.3125,1,0
IWM191129C163,2019-11-25,2019-11-25 09:40:59,0.03,0.375,337,0.02,0.25,1945,0.01,0.125,1,0.025,0.3125,1,0
IWM191129C163,2019-11-25,2019-11-25 09:41:00,0.03,0.375,337,0.02,0.25,1945,0.01,0.125,1,0.025,0.3125,1,0
IWM191129C163,2019-11-25,2019-11-25 09:41:00,0.03,0.375,337,0.02,0.25,1995,0.01,0.125,1,0.025,0.3125,1,0
IWM191129C163,2019-11-25,2019-11-25 09:41:01,0.03,0.375,337,0.02,0.25,1995,0.01,0.125,1,0.025,0.3125,1,0
IWM191129C163,2019-11-25,2019-11-25 09:41:02,0.03,0.375,337,0.02,0.25,1506,0.01,0.125,1,0.025,0.3125,1,0
IWM191129C163,2019-11-25,2019-11-25 09:41:02,0.03,0.375,337,0.02,0.25,1995,0.01,0.125,1,0.025,0.3125,1,0
IWM191129C163,2019-11-25,2019-11-25 09:41:03,0.03,0.375,337,0.02,0.25,1997,0.01,0.125,1,0.025,0.3125,1,0
IWM191129C163,2019-11-25,2019-11-25 09:41:03,0.03,0.375,330,0.02,0.25,1997,0.01,0.125,1,0.025,0.3125,1,0
IWM191129C163,2019-11-25,2019-11-25 09:41:04,0.03,0.375,330,0.02,0.25,1998,0.01,0.125,1,0.025,0.3125,1,0
IWM191129C163,2019-11-25,2019-11-25 09:41:05,0.03,0.375,330,0.02,0.25,1998,0.01,0.125,1,0.025,0.3125,1,0
IWM191129C163,2019-11-25,2019-11-25 09:41:06,0.03,0.375,330,0.02,0.25,1998,0.01,0.125,1,0.025,0.3125,1,0
IWM191129C163,2019-11-25,2019-11-25 09:41:07,0.03,0.375,330,0.02,0.25,1998,0.01,0.125,1,0.025,0.3125,1,0
IWM191129C163,2019-11-25,2019-11-25 09:41:07,0.03,0.375,320,0.02,0.25,1506,0.01,0.125,1,0.025,0.3125,1,0
IWM191129C163,2019-11-25,2019-11-25 09:41:08,0.03,0.375,320,0.02,0.25,1506,0.01,0.125,1,0.025,0.3125,1,0
IWM191129C163,2019-11-25,2019-11-25 09:41:09,0.03,0.375,320,0.02,0.25,1998,0.01,0.125,1,0.025,0.3125,1,0
IWM191129C163,2019-11-25,2019-11-25 09:41:09,0.03,0.375,320,0.02,0.25,1506,0.01,0.125,1,0.025,0.3125,1,0
IWM191129C163,2019-11-25,2019-11-25 09:41:10,0.03,0.375,320,0.02,0.25,1849,0.01,0.125,1,0.025,0.3125,1,0
IWM191129C163,2019-11-25,2019-11-25 09:41:11,0.03,0.375,320,0.02,0.25,1850,0.01,0.125,1,0.025,0.3125,1,0
IWM191129C163,2019-11-25,2019-11-25 09:41:11,0.03,0.375,320,0.02,0.25,1533,0.01,0.125,1,0.025,0.3125,1,0
IWM191129C163,2019-11-25,2019-11-25 09:41:12,0.03,0.375,31,0.02,0.25,1805,0.01,0.125,1,0.025,0.3125,1,0
IWM191129C163,2019-11-25,2019-11-25 09:41:12,0.04,0.5,1117,0.03,0.375,371,0.01,0.125,1,0.035,0.4375,1,0
IWM191129C163,2019-11-25,2019-11-25 09:41:13,0.04,0.5,1200,0.03,0.375,361,0.01,0.125,1,0.035,0.4375,1,0
IWM191129C163,2019-11-25,2019-11-25 09:41:13,0.04,0.5,1210,0.03,0.375,371,0.01,0.125,1,0.035,0.4375,1,0
IWM191129C163,2019-11-25,2019-11-25 09:41:14,0.04,0.5,1200,0.03,0.375,361,0.01,0.125,1,0.035,0.4375,1,0
IWM191129C163,2019-11-25,2019-11-25 09:41:14,0.04,0.5,1102,0.03,0.375,361,0.01,0.125,1,0.035,0.4375,1,0
IWM191129C163,2019-11-25,2019-11-25 09:41:15,0.04,0.5,1538,0.03,0.375,595,0.01,0.125,1,0.035,0.4375,1,0
IWM191129C163,2019-11-25,2019-11-25 09:41:15,0.04,0.5,1102,0.03,0.375,361,0.01,0.125,1,0.035,0.4375,1,0
IWM191129C163,2019-11-25,2019-11-25 09:41:16,0.04,0.5,1538,0.03,0.375,595,0.01,0.125,1,0.035,0.4375,1,0
IWM191129C163,2019-11-25,2019-11-25 09:41:17,0.04,0.5,1538,0.03,0.375,595,0.01,0.125,1,0.035,0.4375,1,0
IWM191129C163,2019-11-25,2019-11-25 09:41:18,0.04,0.5,1538,0.03,0.375,595,0.01,0.125,1,0.035,0.4375,1,0
IWM191129C163,2019-11-25,2019-11-25 09:41:19,0.04,0.5,1538,0.03,0.375,595,0.01,0.125,1,0.035,0.4375,1,0
IWM191129C163,2019-11-25,2019-11-25 09:41:20,0.04,0.5,1538,0.03,0.375,595,0.01,0.125,1,0.035,0.4375,1,0
IWM191129C163,2019-11-25,2019-11-25 09:41:21,0.04,0.5,1538,0.03,0.375,903,0.01,0.125,1,0.035,0.4375,1,0
IWM191129C163,2019-11-25,2019-11-25 09:41:21,0.04,0.5,1538,0.03,0.375,595,0.01,0.125,1,0.035,0.4375,1,0
IWM191129C163,2019-11-25,2019-11-25 09:41:22,0.04,0.5,1538,0.03,0.375,903,0.01,0.125,1,0.035,0.4375,1,0
IWM191129C163,2019-11-25,2019-11-25 09:41:23,0.04,0.5,1538,0.03,0.375,903,0.01,0.125,1,0.035,0.4375,1,0
IWM191129C163,2019-11-25,2019-11-25 09:41:23,0.04,0.5,1538,0.03,0.375,595,0.01,0.125,1,0.035,0.4375,1,0
IWM191129C163,2019-11-25,2019-11-25 09:41:24,0.04,0.5,802,0.03,0.375,316,0.01,0.125,1,0.035,0.4375,1,0
IWM191129C163,2019-11-25,2019-11-25 09:41:24,0.04,0.5,1055,0.03,0.375,316,0.01,0.125,1,0.035,0.4375,1,0
IWM191129C163,2019-11-25,2019-11-25 09:41:25,0.04,0.5,997,0.03,0.375,316,0.01,0.125,1,0.035,0.4375,1,0
IWM191129C163,2019-11-25,2019-11-25 09:41:25,0.04,0.5,1415,0.03,0.375,595,0.01,0.125,1,0.035,0.4375,1,0
IWM191129C163,2019-11-25,2019-11-25 09:41:26,0.04,0.5,997,0.03,0.375,316,0.01,0.125,1,0.035,0.4375,1,0
IWM191129C163,2019-11-25,2019-11-25 09:41:27,0.04,0.5,1155,0.03,0.375,349,0.01,0.125,1,0.035,0.4375,1,0
IWM191129C163,2019-11-25,2019-11-25 09:41:27,0.04,0.5,1415,0.03,0.375,600,0.01,0.125,1,0.035,0.4375,1,0
IWM191129C163,2019-11-25,2019-11-25 09:41:28,0.04,0.5,1155,0.03,0.375,349,0.01,0.125,1,0.035,0.4375,1,0
IWM191129C163,2019-11-25,2019-11-25 09:41:28,0.04,0.5,1415,0.03,0.375,600,0.01,0.125,1,0.035,0.4375,1,0
IWM191129C163,2019-11-25,2019-11-25 09:41:29,0.04,0.5,1415,0.03,0.375,600,0.01,0.125,1,0.035,0.4375,1,0
IWM191129C163,2019-11-25,2019-11-25 09:41:30,0.04,0.5,1074,0.03,0.375,349,0.01,0.125,1,0.035,0.4375,1,0
IWM191129C163,2019-11-25,2019-11-25 09:41:30,0.04,0.5,1198,0.03,0.375,359,0.01,0.125,1,0.035,0.4375,1,0
IWM191129C163,2019-11-25,2019-11-25 09:41:31,0.04,0.5,1206,0.03,0.375,349,0.01,0.125,1,0.035,0.4375,1,0
IWM191129C163,2019-11-25,2019-11-25 09:41:32,0.04,0.5,1232,0.03,0.375,595,0.01,0.125,1,0.035,0.4375,1,0
IWM191129C163,2019-11-25,2019-11-25 09:41:32,0.04,0.5,929,0.03,0.375,477,0.01,0.125,1,0.035,0.4375,1,0
IWM191129C163,2019-11-25,2019-11-25 09:41:33,0.04,0.5,1392,0.03,0.375,477,0.01,0.125,1,0.035,0.4375,1,0
IWM191129C163,2019-11-25,2019-11-25 09:41:33,0.04,0.5,929,0.03,0.375,316,0.01,0.125,1,0.035,0.4375,1,0
IWM191129C163,2019-11-25,2019-11-25 09:41:34,0.04,0.5,976,0.03,0.375,316,0.01,0.125,1,0.035,0.4375,1,0
IWM191129C163,2019-11-25,2019-11-25 09:41:35,0.04,0.5,976,0.03,0.375,316,0.01,0.125,1,0.035,0.4375,1,0
IWM191129C163,2019-11-25,2019-11-25 09:41:36,0.04,0.5,1279,0.03,0.375,316,0.01,0.125,1,0.035,0.4375,1,0
IWM191129C163,2019-11-25,2019-11-25 09:41:36,0.04,0.5,976,0.03,0.375,316,0.01,0.125,1,0.035,0.4375,1,0
IWM191129C163,2019-11-25,2019-11-25 09:41:37,0.04,0.5,1392,0.03,0.375,477,0.01,0.125,1,0.035,0.4375,1,0
IWM191129C163,2019-11-25,2019-11-25 09:41:38,0.04,0.5,1392,0.03,0.375,477,0.01,0.125,1,0.035,0.4375,1,0
IWM191129C163,2019-11-25,2019-11-25 09:41:39,0.04,0.5,1392,0.03,0.375,477,0.01,0.125,1,0.035,0.4375,1,0
IWM191129C163,2019-11-25,2019-11-25 09:41:40,0.04,0.5,1358,0.03,0.375,316,0.01,0.125,1,0.035,0.4375,1,0
IWM191129C163,2019-11-25,2019-11-25 09:41:41,0.04,0.5,1333,0.03,0.375,638,0.01,0.125,1,0.035,0.4375,1,0
IWM191129C163,2019-11-25,2019-11-25 09:41:41,0.04,0.5,1392,0.03,0.375,366,0.01,0.125,1,0.035,0.4375,1,0
IWM191129C163,2019-11-25,2019-11-25 09:41:42,0.04,0.5,1351,0.03,0.375,366,0.01,0.125,1,0.035,0.4375,1,0
IWM191129C163,2019-11-25,2019-11-25 09:41:43,0.04,0.5,1351,0.03,0.375,366,0.01,0.125,1,0.035,0.4375,1,0
IWM191129C163,2019-11-25,2019-11-25 09:41:44,0.04,0.5,1351,0.03,0.375,366,0.01,0.125,1,0.035,0.4375,1,0
IWM191129C163,2019-11-25,2019-11-25 09:41:45,0.04,0.5,1338,0.03,0.375,366,0.01,0.125,1,0.035,0.4375,1,0
IWM191129C163,2019-11-25,2019-11-25 09:41:45,0.04,0.5,1351,0.03,0.375,366,0.01,0.125,1,0.035,0.4375,1,0
IWM191129C163,2019-11-25,2019-11-25 09:41:46,0.04,0.5,1392,0.03,0.375,594,0.01,0.125,1,0.035,0.4375,1,0
IWM191129C163,2019-11-25,2019-11-25 09:41:46,0.04,0.5,1328,0.03,0.375,356,0.01,0.125,1,0.035,0.4375,1,0
IWM191129C163,2019-11-25,2019-11-25 09:41:47,0.04,0.5,1392,0.03,0.375,594,0.01,0.125,1,0.035,0.4375,1,0
IWM191129C163,2019-11-25,2019-11-25 09:41:48,0.04,0.5,1392,0.03,0.375,594,0.01,0.125,1,0.035,0.4375,1,0
IWM191129C163,2019-11-25,2019-11-25 09:41:50,0.04,0.5,1328,0.03,0.375,356,0.01,0.125,1,0.035,0.4375,1,0
IWM191129C163,2019-11-25,2019-11-25 09:41:51,0.04,0.5,1336,0.03,0.375,366,0.01,0.125,1,0.035,0.4375,1,0
IWM191129C163,2019-11-25,2019-11-25 09:41:52,0.04,0.5,1343,0.03,0.375,366,0.01,0.125,1,0.035,0.4375,1,0
IWM191129C163,2019-11-25,2019-11-25 09:41:53,0.04,0.5,1343,0.03,0.375,366,0.01,0.125,1,0.035,0.4375,1,0
IWM191129C163,2019-11-25,2019-11-25 09:41:53,0.04,0.5,1343,0.03,0.375,632,0.01,0.125,1,0.035,0.4375,1,0
IWM191129C163,2019-11-25,2019-11-25 09:41:54,0.04,0.5,1343,0.03,0.375,632,0.01,0.125,1,0.035,0.4375,1,0
IWM191129C163,2019-11-25,2019-11-25 09:41:55,0.04,0.5,1343,0.03,0.375,366,0.01,0.125,1,0.035,0.4375,1,0
IWM191129C163,2019-11-25,2019-11-25 09:41:56,0.04,0.5,1283,0.03,0.375,356,0.01,0.125,1,0.035,0.4375,1,0
IWM191129C163,2019-11-25,2019-11-25 09:41:56,0.04,0.5,1334,0.03,0.375,356,0.01,0.125,1,0.035,0.4375,1,0
IWM191129C163,2019-11-25,2019-11-25 09:41:57,0.04,0.5,1334,0.03,0.375,356,0.01,0.125,1,0.035,0.4375,1,0
IWM191129C163,2019-11-25,2019-11-25 09:41:57,0.04,0.5,1332,0.03,0.375,366,0.01,0.125,1,0.035,0.4375,1,0
IWM191129C163,2019-11-25,2019-11-25 09:41:58,0.04,0.5,1332,0.03,0.375,366,0.01,0.125,1,0.035,0.4375,1,0
IWM191129C163,2019-11-25,2019-11-25 09:41:59,0.04,0.5,1332,0.03,0.375,630,0.01,0.125,1,0.035,0.4375,1,0
IWM191129C163,2019-11-25,2019-11-25 09:41:59,0.04,0.5,1332,0.03,0.375,366,0.01,0.125,1,0.035,0.4375,1,0
IWM191129C163,2019-11-25,2019-11-25 09:42:00,0.04,0.5,1332,0.03,0.375,366,0.01,0.125,1,0.035,0.4375,1,0
IWM191129C163,2019-11-25,2019-11-25 09:42:01,0.04,0.5,1322,0.03,0.375,356,0.01,0.125,1,0.035,0.4375,1,0
IWM191129C163,2019-11-25,2019-11-25 09:42:02,0.04,0.5,1322,0.03,0.375,356,0.01,0.125,1,0.035,0.4375,1,0
IWM191129C163,2019-11-25,2019-11-25 09:42:03,0.04,0.5,1322,0.03,0.375,356,0.01,0.125,1,0.035,0.4375,1,0
IWM191129C163,2019-11-25,2019-11-25 09:42:04,0.04,0.5,1322,0.03,0.375,356,0.01,0.125,1,0.035,0.4375,1,0
IWM191129C163,2019-11-25,2019-11-25 09:42:05,0.04,0.5,1322,0.03,0.375,356,0.01,0.125,1,0.035,0.4375,1,0
IWM191129C163,2019-11-25,2019-11-25 09:42:06,0.04,0.5,1322,0.03,0.375,356,0.01,0.125,1,0.035,0.4375,1,0
IWM191129C163,2019-11-25,2019-11-25 09:42:07,0.04,0.5,1322,0.03,0.375,356,0.01,0.125,1,0.035,0.4375,1,0
IWM191129C163,2019-11-25,2019-11-25 09:42:08,0.04,0.5,1332,0.03,0.375,351,0.01,0.125,1,0.035,0.4375,1,0
IWM191129C163,2019-11-25,2019-11-25 09:42:08,0.04,0.5,1322,0.03,0.375,356,0.01,0.125,1,0.035,0.4375,1,0
IWM191129C163,2019-11-25,2019-11-25 09:42:09,0.04,0.5,1322,0.03,0.375,351,0.01,0.125,1,0.035,0.4375,1,0
