symbol,Date,quote_time,ask_price,norm_ask_price,ask_size,bid_price,norm_bid_price,bid_size,last_trade_price,norm_last_trade_price,last_trade_size,mark_price,norm_mark_price,volume,Volume
IWM191122C158,2019-11-21,2019-11-21 09:30:00,1.3,1.0,24,1.16,0.8923,22,1.15,0.8846,2,1.23,0.9461,0,0
IWM191122C158,2019-11-21,2019-11-21 09:30:02,1.25,0.9615,22,1.12,0.8615,22,1.15,0.8846,2,1.185,0.9115,0,0
IWM191122C158,2019-11-21,2019-11-21 09:30:03,1.26,0.9692,22,1.12,0.8615,22,1.15,0.8846,2,1.19,0.9153,0,0
IWM191122C158,2019-11-21,2019-11-21 09:30:03,1.28,0.9846,22,1.12,0.8615,33,1.15,0.8846,2,1.2,0.923,0,0
IWM191122C158,2019-11-21,2019-11-21 09:30:04,1.28,0.9846,22,1.12,0.8615,33,1.15,0.8846,2,1.2,0.923,0,0
IWM191122C158,2019-11-21,2019-11-21 09:30:05,1.28,0.9846,22,1.12,0.8615,33,1.15,0.8846,2,1.2,0.923,0,0
IWM191122C158,2019-11-21,2019-11-21 09:30:06,1.29,0.9923,22,1.12,0.8615,33,1.15,0.8846,2,1.205,0.9269,0,0
IWM191122C158,2019-11-21,2019-11-21 09:30:06,1.28,0.9846,22,1.12,0.8615,33,1.15,0.8846,2,1.2,0.923,0,0
IWM191122C158,2019-11-21,2019-11-21 09:30:07,1.29,0.9923,22,1.13,0.8692,33,1.15,0.8846,2,1.21,0.9307,0,0
IWM191122C158,2019-11-21,2019-11-21 09:30:08,1.3,1.0,2,1.17,0.9,22,1.15,0.8846,2,1.235,0.95,0,0
IWM191122C158,2019-11-21,2019-11-21 09:30:08,1.3,1.0,2,1.14,0.8769,22,1.15,0.8846,2,1.22,0.9384,0,0
IWM191122C158,2019-11-21,2019-11-21 09:30:09,1.3,1.0,2,1.19,0.9153,22,1.15,0.8846,2,1.245,0.9576,0,0
IWM191122C158,2019-11-21,2019-11-21 09:30:09,1.3,1.0,2,1.2,0.923,22,1.15,0.8846,2,1.25,0.9615,0,0
IWM191122C158,2019-11-21,2019-11-21 09:30:10,1.3,1.0,2,1.2,0.923,33,1.15,0.8846,2,1.25,0.9615,0,0
IWM191122C158,2019-11-21,2019-11-21 09:30:10,1.3,1.0,2,1.21,0.9307,22,1.15,0.8846,2,1.255,0.9653,0,0
IWM191122C158,2019-11-21,2019-11-21 09:30:11,1.3,1.0,2,1.21,0.9307,22,1.15,0.8846,2,1.255,0.9653,0,0
IWM191122C158,2019-11-21,2019-11-21 09:30:11,1.3,1.0,2,1.22,0.9384,33,1.15,0.8846,2,1.26,0.9692,0,0
IWM191122C158,2019-11-21,2019-11-21 09:30:12,1.3,1.0,2,1.21,0.9307,11,1.15,0.8846,2,1.255,0.9653,0,0
IWM191122C158,2019-11-21,2019-11-21 09:30:12,1.3,1.0,2,1.22,0.9384,33,1.15,0.8846,2,1.26,0.9692,0,0
IWM191122C158,2019-11-21,2019-11-21 09:30:13,1.28,0.9846,17,1.2,0.923,20,1.15,0.8846,2,1.24,0.9538,0,0
IWM191122C158,2019-11-21,2019-11-21 09:30:13,1.3,1.0,2,1.2,0.923,20,1.15,0.8846,2,1.25,0.9615,0,0
IWM191122C158,2019-11-21,2019-11-21 09:30:14,1.28,0.9846,22,1.2,0.923,20,1.15,0.8846,2,1.24,0.9538,0,0
IWM191122C158,2019-11-21,2019-11-21 09:30:14,1.27,0.9769,28,1.16,0.8923,70,1.15,0.8846,2,1.215,0.9346,0,0
IWM191122C158,2019-11-21,2019-11-21 09:30:15,1.27,0.9769,28,1.16,0.8923,70,1.15,0.8846,2,1.215,0.9346,0,0
IWM191122C158,2019-11-21,2019-11-21 09:30:16,1.25,0.9615,49,1.16,0.8923,90,1.15,0.8846,2,1.205,0.9269,0,0
IWM191122C158,2019-11-21,2019-11-21 09:30:16,1.27,0.9769,28,1.16,0.8923,100,1.15,0.8846,2,1.215,0.9346,0,0
IWM191122C158,2019-11-21,2019-11-21 09:30:17,1.25,0.9615,49,1.16,0.8923,90,1.15,0.8846,2,1.205,0.9269,0,0
IWM191122C158,2019-11-21,2019-11-21 09:30:17,1.25,0.9615,49,1.16,0.8923,20,1.15,0.8846,2,1.205,0.9269,0,0
IWM191122C158,2019-11-21,2019-11-21 09:30:18,1.25,0.9615,28,1.16,0.8923,20,1.15,0.8846,2,1.205,0.9269,0,0
IWM191122C158,2019-11-21,2019-11-21 09:30:18,1.23,0.9461,30,1.16,0.8923,20,1.15,0.8846,2,1.195,0.9192,0,0
IWM191122C158,2019-11-21,2019-11-21 09:30:19,1.24,0.9538,33,1.12,0.8615,30,1.15,0.8846,2,1.18,0.9076,0,0
IWM191122C158,2019-11-21,2019-11-21 09:30:20,1.24,0.9538,33,1.12,0.8615,30,1.15,0.8846,2,1.18,0.9076,0,0
IWM191122C158,2019-11-21,2019-11-21 09:30:21,1.24,0.9538,33,1.12,0.8615,20,1.15,0.8846,2,1.18,0.9076,0,0
IWM191122C158,2019-11-21,2019-11-21 09:30:21,1.24,0.9538,33,1.12,0.8615,30,1.15,0.8846,2,1.18,0.9076,0,0
IWM191122C158,2019-11-21,2019-11-21 09:30:22,1.24,0.9538,33,1.12,0.8615,30,1.15,0.8846,2,1.18,0.9076,0,0
IWM191122C158,2019-11-21,2019-11-21 09:30:23,1.23,0.9461,38,1.13,0.8692,30,1.15,0.8846,2,1.18,0.9076,0,0
IWM191122C158,2019-11-21,2019-11-21 09:30:23,1.23,0.9461,81,1.14,0.8769,70,1.15,0.8846,2,1.185,0.9115,0,0
IWM191122C158,2019-11-21,2019-11-21 09:30:24,1.23,0.9461,59,1.14,0.8769,20,1.15,0.8846,2,1.185,0.9115,0,0
IWM191122C158,2019-11-21,2019-11-21 09:30:24,1.23,0.9461,59,1.14,0.8769,105,1.15,0.8846,2,1.185,0.9115,0,0
IWM191122C158,2019-11-21,2019-11-21 09:30:25,1.23,0.9461,59,1.14,0.8769,16,1.15,0.8846,2,1.185,0.9115,0,0
IWM191122C158,2019-11-21,2019-11-21 09:30:25,1.22,0.9384,24,1.15,0.8846,16,1.15,0.8846,2,1.185,0.9115,0,0
IWM191122C158,2019-11-21,2019-11-21 09:30:26,1.22,0.9384,24,1.15,0.8846,30,1.15,0.8846,2,1.185,0.9115,0,0
IWM191122C158,2019-11-21,2019-11-21 09:30:26,1.22,0.9384,24,1.15,0.8846,16,1.15,0.8846,2,1.185,0.9115,0,0
IWM191122C158,2019-11-21,2019-11-21 09:30:27,1.22,0.9384,33,1.16,0.8923,20,1.15,0.8846,2,1.19,0.9153,0,0
IWM191122C158,2019-11-21,2019-11-21 09:30:28,1.21,0.9307,33,1.15,0.8846,35,1.15,0.8846,2,1.18,0.9076,0,0
IWM191122C158,2019-11-21,2019-11-21 09:30:28,1.21,0.9307,33,1.15,0.8846,51,1.15,0.8846,2,1.18,0.9076,0,0
IWM191122C158,2019-11-21,2019-11-21 09:30:29,1.2,0.923,20,1.15,0.8846,35,1.15,0.8846,2,1.175,0.9038,0,0
IWM191122C158,2019-11-21,2019-11-21 09:30:29,1.22,0.9384,44,1.15,0.8846,30,1.15,0.8846,2,1.185,0.9115,0,0
IWM191122C158,2019-11-21,2019-11-21 09:30:30,1.21,0.9307,24,1.15,0.8846,30,1.15,0.8846,2,1.18,0.9076,0,0
IWM191122C158,2019-11-21,2019-11-21 09:30:31,1.21,0.9307,24,1.15,0.8846,20,1.15,0.8846,2,1.18,0.9076,0,0
IWM191122C158,2019-11-21,2019-11-21 09:30:31,1.21,0.9307,24,1.1,0.8461,16,1.15,0.8846,2,1.155,0.8884,0,0
IWM191122C158,2019-11-21,2019-11-21 09:30:32,1.19,0.9153,20,1.11,0.8538,20,1.15,0.8846,2,1.15,0.8846,0,0
IWM191122C158,2019-11-21,2019-11-21 09:30:33,1.19,0.9153,20,1.11,0.8538,20,1.15,0.8846,2,1.15,0.8846,0,0
IWM191122C158,2019-11-21,2019-11-21 09:30:34,1.18,0.9076,20,1.11,0.8538,20,1.15,0.8846,2,1.145,0.8807,0,0
IWM191122C158,2019-11-21,2019-11-21 09:30:34,1.19,0.9153,20,1.11,0.8538,20,1.15,0.8846,2,1.15,0.8846,0,0
IWM191122C158,2019-11-21,2019-11-21 09:30:35,1.18,0.9076,20,1.11,0.8538,20,1.15,0.8846,2,1.145,0.8807,0,0
IWM191122C158,2019-11-21,2019-11-21 09:30:36,1.19,0.9153,22,1.11,0.8538,10,1.15,0.8846,2,1.15,0.8846,0,0
IWM191122C158,2019-11-21,2019-11-21 09:30:36,1.19,0.9153,22,1.11,0.8538,20,1.15,0.8846,2,1.15,0.8846,0,0
IWM191122C158,2019-11-21,2019-11-21 09:30:37,1.19,0.9153,22,1.11,0.8538,20,1.15,0.8846,2,1.15,0.8846,0,0
IWM191122C158,2019-11-21,2019-11-21 09:30:38,1.19,0.9153,10,1.11,0.8538,30,1.15,0.8846,2,1.15,0.8846,0,0
IWM191122C158,2019-11-21,2019-11-21 09:30:38,1.19,0.9153,20,1.11,0.8538,20,1.15,0.8846,2,1.15,0.8846,0,0
IWM191122C158,2019-11-21,2019-11-21 09:30:39,1.19,0.9153,10,1.11,0.8538,16,1.15,0.8846,2,1.15,0.8846,0,0
IWM191122C158,2019-11-21,2019-11-21 09:30:39,1.19,0.9153,23,1.11,0.8538,20,1.15,0.8846,2,1.15,0.8846,0,0
IWM191122C158,2019-11-21,2019-11-21 09:30:40,1.18,0.9076,47,1.12,0.8615,16,1.15,0.8846,2,1.15,0.8846,0,0
IWM191122C158,2019-11-21,2019-11-21 09:30:40,1.18,0.9076,47,1.12,0.8615,20,1.15,0.8846,2,1.15,0.8846,0,0
IWM191122C158,2019-11-21,2019-11-21 09:30:41,1.18,0.9076,79,1.12,0.8615,20,1.15,0.8846,2,1.15,0.8846,0,0
IWM191122C158,2019-11-21,2019-11-21 09:30:41,1.18,0.9076,44,1.12,0.8615,20,1.15,0.8846,2,1.15,0.8846,0,0
IWM191122C158,2019-11-21,2019-11-21 09:30:42,1.17,0.9,20,1.12,0.8615,10,1.15,0.8846,2,1.145,0.8807,0,0
IWM191122C158,2019-11-21,2019-11-21 09:30:43,1.17,0.9,16,1.09,0.8384,20,1.15,0.8846,2,1.13,0.8692,0,0
IWM191122C158,2019-11-21,2019-11-21 09:30:43,1.17,0.9,20,1.12,0.8615,10,1.15,0.8846,2,1.145,0.8807,0,0
IWM191122C158,2019-11-21,2019-11-21 09:30:44,1.18,0.9076,79,1.09,0.8384,70,1.15,0.8846,2,1.135,0.873,0,0
IWM191122C158,2019-11-21,2019-11-21 09:30:44,1.17,0.9,16,1.09,0.8384,20,1.15,0.8846,2,1.13,0.8692,0,0
IWM191122C158,2019-11-21,2019-11-21 09:30:45,1.19,0.9153,44,1.12,0.8615,16,1.15,0.8846,2,1.155,0.8884,0,0
IWM191122C158,2019-11-21,2019-11-21 09:30:45,1.19,0.9153,83,1.12,0.8615,20,1.15,0.8846,2,1.155,0.8884,0,0
IWM191122C158,2019-11-21,2019-11-21 09:30:46,1.19,0.9153,83,1.12,0.8615,30,1.15,0.8846,2,1.155,0.8884,0,0
IWM191122C158,2019-11-21,2019-11-21 09:30:46,1.19,0.9153,83,1.12,0.8615,10,1.15,0.8846,2,1.155,0.8884,0,0
IWM191122C158,2019-11-21,2019-11-21 09:30:47,1.17,0.9,59,1.11,0.8538,24,1.15,0.8846,2,1.14,0.8769,0,0
IWM191122C158,2019-11-21,2019-11-21 09:30:47,1.17,0.9,108,1.11,0.8538,51,1.15,0.8846,2,1.14,0.8769,0,0
IWM191122C158,2019-11-21,2019-11-21 09:30:48,1.17,0.9,108,1.11,0.8538,51,1.15,0.8846,2,1.14,0.8769,0,0
IWM191122C158,2019-11-21,2019-11-21 09:30:49,1.16,0.8923,124,1.11,0.8538,20,1.15,0.8846,2,1.135,0.873,0,0
IWM191122C158,2019-11-21,2019-11-21 09:30:49,1.17,0.9,108,1.11,0.8538,20,1.15,0.8846,2,1.14,0.8769,0,0
IWM191122C158,2019-11-21,2019-11-21 09:30:50,1.16,0.8923,124,1.11,0.8538,20,1.15,0.8846,2,1.135,0.873,0,0
IWM191122C158,2019-11-21,2019-11-21 09:30:51,1.16,0.8923,124,1.11,0.8538,20,1.15,0.8846,2,1.135,0.873,0,0
IWM191122C158,2019-11-21,2019-11-21 09:30:51,1.16,0.8923,108,1.11,0.8538,20,1.15,0.8846,2,1.135,0.873,0,0
IWM191122C158,2019-11-21,2019-11-21 09:30:52,1.16,0.8923,84,1.11,0.8538,48,1.15,0.8846,2,1.135,0.873,0,0
IWM191122C158,2019-11-21,2019-11-21 09:30:52,1.16,0.8923,84,1.11,0.8538,24,1.15,0.8846,2,1.135,0.873,0,0
IWM191122C158,2019-11-21,2019-11-21 09:30:53,1.16,0.8923,84,1.11,0.8538,36,1.15,0.8846,2,1.135,0.873,0,0
IWM191122C158,2019-11-21,2019-11-21 09:30:53,1.16,0.8923,84,1.11,0.8538,24,1.15,0.8846,2,1.135,0.873,0,0
IWM191122C158,2019-11-21,2019-11-21 09:30:54,1.17,0.9,61,1.11,0.8538,24,1.15,0.8846,2,1.14,0.8769,0,0
IWM191122C158,2019-11-21,2019-11-21 09:30:54,1.16,0.8923,84,1.11,0.8538,36,1.15,0.8846,2,1.135,0.873,0,0
IWM191122C158,2019-11-21,2019-11-21 09:30:55,1.17,0.9,61,1.12,0.8615,71,1.15,0.8846,2,1.145,0.8807,0,0
IWM191122C158,2019-11-21,2019-11-21 09:30:55,1.17,0.9,61,1.12,0.8615,33,1.15,0.8846,2,1.145,0.8807,0,0
IWM191122C158,2019-11-21,2019-11-21 09:30:56,1.18,0.9076,126,1.12,0.8615,132,1.15,0.8846,2,1.15,0.8846,0,0
IWM191122C158,2019-11-21,2019-11-21 09:30:57,1.18,0.9076,15,1.14,0.8769,20,1.15,0.8846,2,1.16,0.8923,0,0
IWM191122C158,2019-11-21,2019-11-21 09:30:57,1.18,0.9076,126,1.12,0.8615,35,1.15,0.8846,2,1.15,0.8846,0,0
IWM191122C158,2019-11-21,2019-11-21 09:30:58,1.16,0.8923,29,1.1,0.8461,16,1.15,0.8846,2,1.13,0.8692,0,0
IWM191122C158,2019-11-21,2019-11-21 09:30:59,1.14,0.8769,150,1.08,0.8307,24,1.15,0.8846,2,1.11,0.8538,0,0
IWM191122C158,2019-11-21,2019-11-21 09:30:59,1.15,0.8846,138,1.09,0.8384,10,1.15,0.8846,2,1.12,0.8615,0,0
IWM191122C158,2019-11-21,2019-11-21 09:31:00,1.14,0.8769,150,1.09,0.8384,29,1.15,0.8846,2,1.115,0.8576,0,0
IWM191122C158,2019-11-21,2019-11-21 09:31:00,1.14,0.8769,150,1.08,0.8307,49,1.15,0.8846,2,1.11,0.8538,0,0
IWM191122C158,2019-11-21,2019-11-21 09:31:01,1.14,0.8769,88,1.09,0.8384,39,1.15,0.8846,2,1.115,0.8576,0,0
IWM191122C158,2019-11-21,2019-11-21 09:31:01,1.14,0.8769,98,1.09,0.8384,39,1.15,0.8846,2,1.115,0.8576,0,0
IWM191122C158,2019-11-21,2019-11-21 09:31:02,1.13,0.8692,101,1.07,0.823,71,1.15,0.8846,2,1.1,0.8461,0,0
IWM191122C158,2019-11-21,2019-11-21 09:31:02,1.13,0.8692,16,1.07,0.823,39,1.15,0.8846,2,1.1,0.8461,0,0
IWM191122C158,2019-11-21,2019-11-21 09:31:03,1.13,0.8692,130,1.08,0.8307,100,1.15,0.8846,2,1.105,0.85,0,0
IWM191122C158,2019-11-21,2019-11-21 09:31:03,1.13,0.8692,127,1.08,0.8307,35,1.15,0.8846,2,1.105,0.85,0,0
IWM191122C158,2019-11-21,2019-11-21 09:31:04,1.13,0.8692,127,1.07,0.823,82,1.15,0.8846,2,1.1,0.8461,0,0
IWM191122C158,2019-11-21,2019-11-21 09:31:04,1.13,0.8692,127,1.08,0.8307,17,1.15,0.8846,2,1.105,0.85,0,0
IWM191122C158,2019-11-21,2019-11-21 09:31:05,1.13,0.8692,127,1.08,0.8307,17,1.15,0.8846,2,1.105,0.85,0,0
IWM191122C158,2019-11-21,2019-11-21 09:31:06,1.13,0.8692,90,1.08,0.8307,186,1.15,0.8846,2,1.105,0.85,0,0
IWM191122C158,2019-11-21,2019-11-21 09:31:06,1.13,0.8692,75,1.08,0.8307,90,1.15,0.8846,2,1.105,0.85,0,0
IWM191122C158,2019-11-21,2019-11-21 09:31:07,1.12,0.8615,137,1.07,0.823,39,1.15,0.8846,2,1.095,0.8423,0,0
IWM191122C158,2019-11-21,2019-11-21 09:31:07,1.13,0.8692,90,1.08,0.8307,10,1.15,0.8846,2,1.105,0.85,0,0
IWM191122C158,2019-11-21,2019-11-21 09:31:08,1.12,0.8615,95,1.07,0.823,34,1.15,0.8846,2,1.095,0.8423,0,0
IWM191122C158,2019-11-21,2019-11-21 09:31:09,1.12,0.8615,178,1.07,0.823,42,1.15,0.8846,2,1.095,0.8423,0,0
IWM191122C158,2019-11-21,2019-11-21 09:31:09,1.12,0.8615,178,1.07,0.823,123,1.15,0.8846,2,1.095,0.8423,0,0
IWM191122C158,2019-11-21,2019-11-21 09:31:10,1.12,0.8615,161,1.07,0.823,136,1.15,0.8846,2,1.095,0.8423,0,0
IWM191122C158,2019-11-21,2019-11-21 09:31:10,1.12,0.8615,161,1.07,0.823,55,1.15,0.8846,2,1.095,0.8423,0,0
IWM191122C158,2019-11-21,2019-11-21 09:31:11,1.12,0.8615,93,1.07,0.823,43,1.15,0.8846,2,1.095,0.8423,0,0
IWM191122C158,2019-11-21,2019-11-21 09:31:11,1.12,0.8615,93,1.07,0.823,73,1.15,0.8846,2,1.095,0.8423,0,0
IWM191122C158,2019-11-21,2019-11-21 09:31:12,1.12,0.8615,52,1.08,0.8307,47,1.15,0.8846,2,1.1,0.8461,0,0
IWM191122C158,2019-11-21,2019-11-21 09:31:12,1.12,0.8615,52,1.07,0.823,105,1.15,0.8846,2,1.095,0.8423,0,0
IWM191122C158,2019-11-21,2019-11-21 09:31:13,1.12,0.8615,70,1.07,0.823,125,1.15,0.8846,2,1.095,0.8423,0,0
IWM191122C158,2019-11-21,2019-11-21 09:31:13,1.11,0.8538,48,1.06,0.8153,91,1.15,0.8846,2,1.085,0.8346,0,0
IWM191122C158,2019-11-21,2019-11-21 09:31:14,1.11,0.8538,161,1.06,0.8153,35,1.15,0.8846,2,1.085,0.8346,0,0
IWM191122C158,2019-11-21,2019-11-21 09:31:14,1.11,0.8538,97,1.06,0.8153,35,1.15,0.8846,2,1.085,0.8346,0,0
IWM191122C158,2019-11-21,2019-11-21 09:31:15,1.11,0.8538,122,1.06,0.8153,118,1.15,0.8846,2,1.085,0.8346,0,0
IWM191122C158,2019-11-21,2019-11-21 09:31:15,1.11,0.8538,161,1.06,0.8153,60,1.15,0.8846,2,1.085,0.8346,0,0
IWM191122C158,2019-11-21,2019-11-21 09:31:16,1.11,0.8538,122,1.06,0.8153,147,1.15,0.8846,2,1.085,0.8346,0,0
IWM191122C158,2019-11-21,2019-11-21 09:31:17,1.11,0.8538,122,1.06,0.8153,197,1.15,0.8846,2,1.085,0.8346,0,0
IWM191122C158,2019-11-21,2019-11-21 09:31:17,1.11,0.8538,122,1.06,0.8153,147,1.15,0.8846,2,1.085,0.8346,0,0
IWM191122C158,2019-11-21,2019-11-21 09:31:18,1.11,0.8538,100,1.06,0.8153,197,1.15,0.8846,2,1.085,0.8346,0,0
IWM191122C158,2019-11-21,2019-11-21 09:31:18,1.11,0.8538,69,1.06,0.8153,197,1.15,0.8846,2,1.085,0.8346,0,0
IWM191122C158,2019-11-21,2019-11-21 09:31:24,1.11,0.8538,144,1.06,0.8153,28,1.15,0.8846,2,1.085,0.8346,0,0
IWM191122C158,2019-11-21,2019-11-21 09:31:25,1.1,0.8461,66,1.05,0.8076,25,1.15,0.8846,2,1.075,0.8269,0,0
IWM191122C158,2019-11-21,2019-11-21 09:31:25,1.1,0.8461,103,1.04,0.8,70,1.15,0.8846,2,1.07,0.823,0,0
IWM191122C158,2019-11-21,2019-11-21 09:31:26,1.1,0.8461,150,1.04,0.8,157,1.15,0.8846,2,1.07,0.823,0,0
IWM191122C158,2019-11-21,2019-11-21 09:31:26,1.08,0.8307,69,1.03,0.7923,85,1.15,0.8846,2,1.055,0.8115,0,0
IWM191122C158,2019-11-21,2019-11-21 09:31:27,1.08,0.8307,127,1.03,0.7923,103,1.15,0.8846,2,1.055,0.8115,0,0
IWM191122C158,2019-11-21,2019-11-21 09:31:27,1.08,0.8307,69,1.03,0.7923,85,1.15,0.8846,2,1.055,0.8115,0,0
IWM191122C158,2019-11-21,2019-11-21 09:31:28,1.08,0.8307,52,1.04,0.8,20,1.15,0.8846,2,1.06,0.8153,0,0
IWM191122C158,2019-11-21,2019-11-21 09:31:28,1.08,0.8307,52,1.04,0.8,28,1.15,0.8846,2,1.06,0.8153,0,0
IWM191122C158,2019-11-21,2019-11-21 09:31:29,1.07,0.823,20,1.04,0.8,20,1.15,0.8846,2,1.055,0.8115,0,0
IWM191122C158,2019-11-21,2019-11-21 09:31:30,1.07,0.823,20,1.04,0.8,20,1.15,0.8846,2,1.055,0.8115,0,0
IWM191122C158,2019-11-21,2019-11-21 09:31:30,1.07,0.823,48,1.02,0.7846,87,1.15,0.8846,2,1.045,0.8038,0,0
IWM191122C158,2019-11-21,2019-11-21 09:31:31,1.07,0.823,58,1.03,0.7923,1,1.15,0.8846,2,1.05,0.8076,0,0
IWM191122C158,2019-11-21,2019-11-21 09:31:32,1.07,0.823,20,1.03,0.7923,42,1.15,0.8846,2,1.05,0.8076,0,0
IWM191122C158,2019-11-21,2019-11-21 09:31:32,1.07,0.823,47,1.03,0.7923,10,1.15,0.8846,2,1.05,0.8076,0,0
IWM191122C158,2019-11-21,2019-11-21 09:31:33,1.07,0.823,66,1.02,0.7846,77,1.15,0.8846,2,1.045,0.8038,0,0
IWM191122C158,2019-11-21,2019-11-21 09:31:33,1.07,0.823,26,1.03,0.7923,88,1.15,0.8846,2,1.05,0.8076,0,0
IWM191122C158,2019-11-21,2019-11-21 09:31:34,1.07,0.823,66,1.02,0.7846,124,1.15,0.8846,2,1.045,0.8038,0,0
IWM191122C158,2019-11-21,2019-11-21 09:31:34,1.07,0.823,96,1.02,0.7846,169,1.15,0.8846,2,1.045,0.8038,0,0
IWM191122C158,2019-11-21,2019-11-21 09:31:35,1.06,0.8153,8,1.04,0.8,10,1.15,0.8846,2,1.05,0.8076,0,0
IWM191122C158,2019-11-21,2019-11-21 09:31:35,1.07,0.823,69,1.03,0.7923,24,1.15,0.8846,2,1.05,0.8076,0,0
IWM191122C158,2019-11-21,2019-11-21 09:31:36,1.07,0.823,39,1.04,0.8,10,1.15,0.8846,2,1.055,0.8115,0,0
IWM191122C158,2019-11-21,2019-11-21 09:31:36,1.07,0.823,21,1.04,0.8,24,1.15,0.8846,2,1.055,0.8115,0,0
IWM191122C158,2019-11-21,2019-11-21 09:31:37,1.08,0.8307,20,1.04,0.8,70,1.15,0.8846,2,1.06,0.8153,0,0
IWM191122C158,2019-11-21,2019-11-21 09:31:37,1.08,0.8307,20,1.04,0.8,140,1.15,0.8846,2,1.06,0.8153,0,0
IWM191122C158,2019-11-21,2019-11-21 09:31:38,1.08,0.8307,68,1.03,0.7923,53,1.15,0.8846,2,1.055,0.8115,0,0
IWM191122C158,2019-11-21,2019-11-21 09:31:38,1.08,0.8307,150,1.03,0.7923,102,1.15,0.8846,2,1.055,0.8115,0,0
IWM191122C158,2019-11-21,2019-11-21 09:31:39,1.06,0.8153,33,1.03,0.7923,11,1.15,0.8846,2,1.045,0.8038,0,0
IWM191122C158,2019-11-21,2019-11-21 09:31:39,1.06,0.8153,43,1.03,0.7923,11,1.15,0.8846,2,1.045,0.8038,0,0
IWM191122C158,2019-11-21,2019-11-21 09:31:40,1.06,0.8153,49,1.03,0.7923,13,1.04,0.8,5,1.045,0.8038,5,5
IWM191122C158,2019-11-21,2019-11-21 09:31:40,1.06,0.8153,49,1.03,0.7923,13,1.04,0.8,5,1.045,0.8038,5,0
IWM191122C158,2019-11-21,2019-11-21 09:31:41,1.06,0.8153,87,1.03,0.7923,11,1.04,0.8,5,1.045,0.8038,5,0
IWM191122C158,2019-11-21,2019-11-21 09:31:41,1.06,0.8153,92,1.02,0.7846,10,1.04,0.8,5,1.04,0.8,5,0
IWM191122C158,2019-11-21,2019-11-21 09:31:42,1.06,0.8153,99,1.01,0.7769,43,1.04,0.8,5,1.035,0.7961,5,0
IWM191122C158,2019-11-21,2019-11-21 09:31:42,1.05,0.8076,54,1.01,0.7769,37,1.04,0.8,5,1.03,0.7923,5,0
IWM191122C158,2019-11-21,2019-11-21 09:31:43,1.05,0.8076,47,1.01,0.7769,102,1.04,0.8,5,1.03,0.7923,5,0
IWM191122C158,2019-11-21,2019-11-21 09:31:43,1.05,0.8076,46,1.01,0.7769,102,1.04,0.8,5,1.03,0.7923,5,0
IWM191122C158,2019-11-21,2019-11-21 09:31:44,1.05,0.8076,47,1.01,0.7769,102,1.04,0.8,5,1.03,0.7923,5,0
IWM191122C158,2019-11-21,2019-11-21 09:31:44,1.04,0.8,12,1.01,0.7769,85,1.04,0.8,5,1.025,0.7884,5,0
IWM191122C158,2019-11-21,2019-11-21 09:31:45,1.04,0.8,12,1.01,0.7769,43,1.04,0.8,5,1.025,0.7884,5,0
IWM191122C158,2019-11-21,2019-11-21 09:31:46,1.05,0.8076,19,1.02,0.7846,28,1.04,0.8,5,1.035,0.7961,5,0
IWM191122C158,2019-11-21,2019-11-21 09:31:46,1.05,0.8076,62,1.01,0.7769,48,1.04,0.8,5,1.03,0.7923,5,0
IWM191122C158,2019-11-21,2019-11-21 09:31:47,1.05,0.8076,43,1.01,0.7769,60,1.04,0.8,5,1.03,0.7923,5,0
IWM191122C158,2019-11-21,2019-11-21 09:31:47,1.05,0.8076,43,1.01,0.7769,80,1.04,0.8,5,1.03,0.7923,5,0
IWM191122C158,2019-11-21,2019-11-21 09:31:48,1.05,0.8076,43,1.01,0.7769,57,1.04,0.8,5,1.03,0.7923,5,0
IWM191122C158,2019-11-21,2019-11-21 09:31:49,1.05,0.8076,35,1.01,0.7769,60,1.04,0.8,5,1.03,0.7923,5,0
IWM191122C158,2019-11-21,2019-11-21 09:31:49,1.05,0.8076,39,1.01,0.7769,60,1.04,0.8,5,1.03,0.7923,5,0
IWM191122C158,2019-11-21,2019-11-21 09:31:50,1.05,0.8076,35,1.02,0.7846,28,1.04,0.8,5,1.035,0.7961,5,0
IWM191122C158,2019-11-21,2019-11-21 09:31:50,1.05,0.8076,35,1.01,0.7769,60,1.04,0.8,5,1.03,0.7923,5,0
IWM191122C158,2019-11-21,2019-11-21 09:31:51,1.05,0.8076,35,1.0,0.7692,43,1.04,0.8,5,1.025,0.7884,5,0
IWM191122C158,2019-11-21,2019-11-21 09:31:51,1.05,0.8076,48,1.02,0.7846,15,1.04,0.8,5,1.035,0.7961,5,0
IWM191122C158,2019-11-21,2019-11-21 09:31:52,1.04,0.8,59,1.0,0.7692,10,1.04,0.8,5,1.02,0.7846,5,0
IWM191122C158,2019-11-21,2019-11-21 09:31:52,1.04,0.8,155,0.99,0.7615,74,1.04,0.8,5,1.015,0.7807,5,0
IWM191122C158,2019-11-21,2019-11-21 09:31:53,1.03,0.7923,56,0.99,0.7615,84,1.04,0.8,5,1.01,0.7769,5,0
IWM191122C158,2019-11-21,2019-11-21 09:31:53,1.03,0.7923,26,0.99,0.7615,84,1.04,0.8,5,1.01,0.7769,5,0
IWM191122C158,2019-11-21,2019-11-21 09:31:54,1.02,0.7846,10,0.99,0.7615,137,1.04,0.8,5,1.005,0.773,5,0
IWM191122C158,2019-11-21,2019-11-21 09:31:54,1.03,0.7923,62,0.99,0.7615,22,1.04,0.8,5,1.01,0.7769,5,0
IWM191122C158,2019-11-21,2019-11-21 09:31:55,1.04,0.8,20,1.01,0.7769,20,1.04,0.8,5,1.025,0.7884,5,0
IWM191122C158,2019-11-21,2019-11-21 09:31:55,1.04,0.8,32,0.99,0.7615,108,1.04,0.8,5,1.015,0.7807,5,0
IWM191122C158,2019-11-21,2019-11-21 09:31:56,1.04,0.8,38,1.01,0.7769,6,1.04,0.8,5,1.025,0.7884,5,0
IWM191122C158,2019-11-21,2019-11-21 09:31:56,1.04,0.8,20,1.01,0.7769,13,1.04,0.8,5,1.025,0.7884,5,0
IWM191122C158,2019-11-21,2019-11-21 09:31:57,1.04,0.8,20,1.01,0.7769,35,1.04,0.8,5,1.025,0.7884,5,0
IWM191122C158,2019-11-21,2019-11-21 09:31:57,1.04,0.8,31,1.01,0.7769,35,1.04,0.8,5,1.025,0.7884,5,0
IWM191122C158,2019-11-21,2019-11-21 09:31:58,1.04,0.8,161,0.99,0.7615,20,1.04,0.8,5,1.015,0.7807,5,0
IWM191122C158,2019-11-21,2019-11-21 09:31:58,1.04,0.8,49,0.99,0.7615,27,1.04,0.8,5,1.015,0.7807,5,0
IWM191122C158,2019-11-21,2019-11-21 09:31:59,1.02,0.7846,27,0.99,0.7615,10,1.04,0.8,5,1.005,0.773,5,0
IWM191122C158,2019-11-21,2019-11-21 09:32:00,1.02,0.7846,27,0.99,0.7615,10,1.04,0.8,5,1.005,0.773,5,0
IWM191122C158,2019-11-21,2019-11-21 09:32:01,1.01,0.7769,43,0.97,0.7461,29,1.04,0.8,5,0.99,0.7615,5,0
IWM191122C158,2019-11-21,2019-11-21 09:32:01,1.01,0.7769,26,0.97,0.7461,56,1.04,0.8,5,0.99,0.7615,5,0
IWM191122C158,2019-11-21,2019-11-21 09:32:02,1.01,0.7769,43,0.98,0.7538,10,1.04,0.8,5,0.995,0.7653,5,0
IWM191122C158,2019-11-21,2019-11-21 09:32:02,1.01,0.7769,54,0.98,0.7538,1,1.04,0.8,5,0.995,0.7653,5,0
IWM191122C158,2019-11-21,2019-11-21 09:32:03,1.01,0.7769,71,0.98,0.7538,10,1.04,0.8,5,0.995,0.7653,5,0
IWM191122C158,2019-11-21,2019-11-21 09:32:03,1.01,0.7769,43,0.97,0.7461,28,1.04,0.8,5,0.99,0.7615,5,0
IWM191122C158,2019-11-21,2019-11-21 09:32:04,1.01,0.7769,40,0.98,0.7538,1,1.04,0.8,5,0.995,0.7653,5,0
IWM191122C158,2019-11-21,2019-11-21 09:32:05,1.01,0.7769,72,0.98,0.7538,10,1.04,0.8,5,0.995,0.7653,5,0
IWM191122C158,2019-11-21,2019-11-21 09:32:05,1.01,0.7769,51,0.98,0.7538,20,1.04,0.8,5,0.995,0.7653,5,0
IWM191122C158,2019-11-21,2019-11-21 09:32:06,1.01,0.7769,50,0.98,0.7538,1,1.04,0.8,5,0.995,0.7653,5,0
IWM191122C158,2019-11-21,2019-11-21 09:32:06,1.01,0.7769,51,0.98,0.7538,10,1.04,0.8,5,0.995,0.7653,5,0
IWM191122C158,2019-11-21,2019-11-21 09:32:07,1.01,0.7769,71,0.98,0.7538,30,1.04,0.8,5,0.995,0.7653,5,0
IWM191122C158,2019-11-21,2019-11-21 09:32:07,1.01,0.7769,71,0.98,0.7538,20,1.04,0.8,5,0.995,0.7653,5,0
IWM191122C158,2019-11-21,2019-11-21 09:32:08,1.02,0.7846,19,0.98,0.7538,56,1.04,0.8,5,1.0,0.7692,5,0
IWM191122C158,2019-11-21,2019-11-21 09:32:08,1.05,0.8076,75,1.0,0.7692,63,1.04,0.8,5,1.025,0.7884,5,0
IWM191122C158,2019-11-21,2019-11-21 09:32:09,1.06,0.8153,91,1.02,0.7846,20,1.04,0.8,5,1.04,0.8,5,0
IWM191122C158,2019-11-21,2019-11-21 09:32:09,1.06,0.8153,91,1.02,0.7846,167,1.04,0.8,5,1.04,0.8,5,0
IWM191122C158,2019-11-21,2019-11-21 09:32:10,1.06,0.8153,95,1.02,0.7846,167,1.04,0.8,5,1.04,0.8,5,0
IWM191122C158,2019-11-21,2019-11-21 09:32:10,1.06,0.8153,153,1.02,0.7846,175,1.04,0.8,5,1.04,0.8,5,0
IWM191122C158,2019-11-21,2019-11-21 09:32:11,1.07,0.823,194,1.03,0.7923,44,1.04,0.8,5,1.05,0.8076,5,0
IWM191122C158,2019-11-21,2019-11-21 09:32:11,1.06,0.8153,158,1.03,0.7923,16,1.04,0.8,5,1.045,0.8038,5,0
IWM191122C158,2019-11-21,2019-11-21 09:32:12,1.06,0.8153,20,1.03,0.7923,12,1.04,0.8,5,1.045,0.8038,5,0
IWM191122C158,2019-11-21,2019-11-21 09:32:12,1.07,0.823,151,1.03,0.7923,185,1.04,0.8,5,1.05,0.8076,5,0
IWM191122C158,2019-11-21,2019-11-21 09:32:13,1.07,0.823,16,1.03,0.7923,185,1.04,0.8,5,1.05,0.8076,5,0
IWM191122C158,2019-11-21,2019-11-21 09:32:14,1.06,0.8153,159,1.02,0.7846,231,1.04,0.8,5,1.04,0.8,5,0
IWM191122C158,2019-11-21,2019-11-21 09:32:14,1.07,0.823,183,1.03,0.7923,14,1.04,0.8,5,1.05,0.8076,5,0
IWM191122C158,2019-11-21,2019-11-21 09:32:15,1.06,0.8153,159,1.03,0.7923,20,1.04,0.8,5,1.045,0.8038,5,0
IWM191122C158,2019-11-21,2019-11-21 09:32:15,1.06,0.8153,154,1.03,0.7923,190,1.04,0.8,5,1.045,0.8038,5,0
IWM191122C158,2019-11-21,2019-11-21 09:32:16,1.06,0.8153,187,1.03,0.7923,20,1.04,0.8,5,1.045,0.8038,5,0
IWM191122C158,2019-11-21,2019-11-21 09:32:16,1.06,0.8153,176,1.03,0.7923,190,1.04,0.8,5,1.045,0.8038,5,0
IWM191122C158,2019-11-21,2019-11-21 09:32:17,1.06,0.8153,187,1.03,0.7923,20,1.04,0.8,5,1.045,0.8038,5,0
IWM191122C158,2019-11-21,2019-11-21 09:32:17,1.05,0.8076,94,1.02,0.7846,38,1.04,0.8,5,1.035,0.7961,5,0
IWM191122C158,2019-11-21,2019-11-21 09:32:18,1.05,0.8076,20,1.02,0.7846,47,1.04,0.8,5,1.035,0.7961,5,0
IWM191122C158,2019-11-21,2019-11-21 09:32:18,1.05,0.8076,16,1.02,0.7846,47,1.04,0.8,5,1.035,0.7961,5,0
IWM191122C158,2019-11-21,2019-11-21 09:32:19,1.05,0.8076,16,1.02,0.7846,47,1.04,0.8,5,1.035,0.7961,5,0
IWM191122C158,2019-11-21,2019-11-21 09:32:19,1.06,0.8153,32,1.02,0.7846,249,1.04,0.8,5,1.04,0.8,5,0
IWM191122C158,2019-11-21,2019-11-21 09:32:20,1.06,0.8153,196,1.02,0.7846,249,1.04,0.8,5,1.04,0.8,5,0
IWM191122C158,2019-11-21,2019-11-21 09:32:20,1.06,0.8153,204,1.02,0.7846,57,1.04,0.8,5,1.04,0.8,5,0
IWM191122C158,2019-11-21,2019-11-21 09:32:21,1.04,0.8,20,1.01,0.7769,101,1.04,0.8,5,1.025,0.7884,5,0
IWM191122C158,2019-11-21,2019-11-21 09:32:21,1.04,0.8,12,1.01,0.7769,44,1.04,0.8,5,1.025,0.7884,5,0
IWM191122C158,2019-11-21,2019-11-21 09:32:22,1.03,0.7923,1,1.0,0.7692,188,1.04,0.8,5,1.015,0.7807,5,0
IWM191122C158,2019-11-21,2019-11-21 09:32:22,1.04,0.8,20,1.01,0.7769,90,1.04,0.8,5,1.025,0.7884,5,0
IWM191122C158,2019-11-21,2019-11-21 09:32:23,1.03,0.7923,20,1.0,0.7692,30,1.04,0.8,5,1.015,0.7807,5,0
IWM191122C158,2019-11-21,2019-11-21 09:32:23,1.03,0.7923,20,1.01,0.7769,12,1.04,0.8,5,1.02,0.7846,5,0
IWM191122C158,2019-11-21,2019-11-21 09:32:24,1.03,0.7923,1,1.0,0.7692,179,1.04,0.8,5,1.015,0.7807,5,0
IWM191122C158,2019-11-21,2019-11-21 09:32:24,1.04,0.8,151,1.0,0.7692,248,1.04,0.8,5,1.02,0.7846,5,0
IWM191122C158,2019-11-21,2019-11-21 09:32:25,1.02,0.7846,20,1.0,0.7692,10,1.04,0.8,5,1.01,0.7769,5,0
IWM191122C158,2019-11-21,2019-11-21 09:32:25,1.03,0.7923,172,0.99,0.7615,179,1.04,0.8,5,1.01,0.7769,5,0
IWM191122C158,2019-11-21,2019-11-21 09:32:26,1.03,0.7923,24,1.0,0.7692,30,1.04,0.8,5,1.015,0.7807,5,0
IWM191122C158,2019-11-21,2019-11-21 09:32:26,1.02,0.7846,20,1.0,0.7692,10,1.04,0.8,5,1.01,0.7769,5,0
IWM191122C158,2019-11-21,2019-11-21 09:32:27,1.03,0.7923,186,1.0,0.7692,29,1.04,0.8,5,1.015,0.7807,5,0
IWM191122C158,2019-11-21,2019-11-21 09:32:27,1.03,0.7923,182,1.0,0.7692,11,1.04,0.8,5,1.015,0.7807,5,0
IWM191122C158,2019-11-21,2019-11-21 09:32:28,1.03,0.7923,16,1.0,0.7692,259,1.04,0.8,5,1.015,0.7807,5,0
IWM191122C158,2019-11-21,2019-11-21 09:32:29,1.04,0.8,170,1.0,0.7692,56,1.04,0.8,5,1.02,0.7846,5,0
IWM191122C158,2019-11-21,2019-11-21 09:32:29,1.03,0.7923,16,1.0,0.7692,259,1.04,0.8,5,1.015,0.7807,5,0
IWM191122C158,2019-11-21,2019-11-21 09:32:30,1.04,0.8,109,1.0,0.7692,232,1.04,0.8,5,1.02,0.7846,5,0
IWM191122C158,2019-11-21,2019-11-21 09:32:30,1.04,0.8,170,1.0,0.7692,179,1.04,0.8,5,1.02,0.7846,5,0
IWM191122C158,2019-11-21,2019-11-21 09:32:31,1.04,0.8,104,1.01,0.7769,162,1.04,0.8,5,1.025,0.7884,5,0
IWM191122C158,2019-11-21,2019-11-21 09:32:31,1.04,0.8,179,1.0,0.7692,190,1.04,0.8,5,1.02,0.7846,5,0
IWM191122C158,2019-11-21,2019-11-21 09:32:32,1.04,0.8,266,1.0,0.7692,58,1.04,0.8,5,1.02,0.7846,5,0
IWM191122C158,2019-11-21,2019-11-21 09:32:32,1.04,0.8,193,1.0,0.7692,29,1.04,0.8,5,1.02,0.7846,5,0
IWM191122C158,2019-11-21,2019-11-21 09:32:33,1.03,0.7923,20,1.0,0.7692,30,1.04,0.8,5,1.015,0.7807,5,0
IWM191122C158,2019-11-21,2019-11-21 09:32:33,1.03,0.7923,178,1.0,0.7692,30,1.04,0.8,5,1.015,0.7807,5,0
IWM191122C158,2019-11-21,2019-11-21 09:32:34,1.03,0.7923,20,1.0,0.7692,30,1.04,0.8,5,1.015,0.7807,5,0
IWM191122C158,2019-11-21,2019-11-21 09:32:34,1.03,0.7923,209,1.0,0.7692,14,1.04,0.8,5,1.015,0.7807,5,0
IWM191122C158,2019-11-21,2019-11-21 09:32:35,1.03,0.7923,57,1.0,0.7692,14,1.04,0.8,5,1.015,0.7807,5,0
IWM191122C158,2019-11-21,2019-11-21 09:32:35,1.03,0.7923,155,1.0,0.7692,17,1.04,0.8,5,1.015,0.7807,5,0
IWM191122C158,2019-11-21,2019-11-21 09:32:36,1.06,0.8153,65,1.01,0.7769,239,1.04,0.8,5,1.035,0.7961,5,0
IWM191122C158,2019-11-21,2019-11-21 09:32:36,1.05,0.8076,150,1.01,0.7769,239,1.04,0.8,5,1.03,0.7923,5,0
IWM191122C158,2019-11-21,2019-11-21 09:32:37,1.03,0.7923,180,1.0,0.7692,23,1.04,0.8,5,1.015,0.7807,5,0
IWM191122C158,2019-11-21,2019-11-21 09:32:37,1.04,0.8,13,1.0,0.7692,185,1.04,0.8,5,1.02,0.7846,5,0
IWM191122C158,2019-11-21,2019-11-21 09:32:38,1.03,0.7923,98,0.99,0.7615,101,1.04,0.8,5,1.01,0.7769,5,0
IWM191122C158,2019-11-21,2019-11-21 09:32:38,1.02,0.7846,32,0.99,0.7615,34,1.04,0.8,5,1.005,0.773,5,0
IWM191122C158,2019-11-21,2019-11-21 09:32:39,1.02,0.7846,36,0.99,0.7615,17,1.04,0.8,5,1.005,0.773,5,0
IWM191122C158,2019-11-21,2019-11-21 09:32:39,1.02,0.7846,20,0.99,0.7615,61,1.04,0.8,5,1.005,0.773,5,0
IWM191122C158,2019-11-21,2019-11-21 09:32:40,1.02,0.7846,12,0.99,0.7615,61,1.04,0.8,5,1.005,0.773,5,0
IWM191122C158,2019-11-21,2019-11-21 09:32:40,1.02,0.7846,54,0.98,0.7538,75,1.04,0.8,5,1.0,0.7692,5,0
IWM191122C158,2019-11-21,2019-11-21 09:32:41,1.0,0.7692,20,0.96,0.7384,44,1.04,0.8,5,0.98,0.7538,5,0
IWM191122C158,2019-11-21,2019-11-21 09:32:41,1.0,0.7692,23,0.96,0.7384,54,1.04,0.8,5,0.98,0.7538,5,0
IWM191122C158,2019-11-21,2019-11-21 09:32:42,0.99,0.7615,23,0.95,0.7307,88,1.04,0.8,5,0.97,0.7461,5,0
IWM191122C158,2019-11-21,2019-11-21 09:32:42,1.0,0.7692,88,0.96,0.7384,54,1.04,0.8,5,0.98,0.7538,5,0
IWM191122C158,2019-11-21,2019-11-21 09:32:43,0.99,0.7615,123,0.94,0.723,6,1.04,0.8,5,0.965,0.7423,5,0
IWM191122C158,2019-11-21,2019-11-21 09:32:43,0.99,0.7615,123,0.94,0.723,76,1.04,0.8,5,0.965,0.7423,5,0
IWM191122C158,2019-11-21,2019-11-21 09:32:44,0.97,0.7461,20,0.94,0.723,63,1.04,0.8,5,0.955,0.7346,5,0
IWM191122C158,2019-11-21,2019-11-21 09:32:44,0.99,0.7615,89,0.94,0.723,38,1.04,0.8,5,0.965,0.7423,5,0
IWM191122C158,2019-11-21,2019-11-21 09:32:45,0.98,0.7538,18,0.95,0.7307,13,1.04,0.8,5,0.965,0.7423,5,0
IWM191122C158,2019-11-21,2019-11-21 09:32:45,0.98,0.7538,47,0.93,0.7153,61,1.04,0.8,5,0.955,0.7346,5,0
IWM191122C158,2019-11-21,2019-11-21 09:32:46,0.98,0.7538,57,0.94,0.723,45,1.04,0.8,5,0.96,0.7384,5,0
IWM191122C158,2019-11-21,2019-11-21 09:32:47,0.98,0.7538,29,0.95,0.7307,31,1.04,0.8,5,0.965,0.7423,5,0
IWM191122C158,2019-11-21,2019-11-21 09:32:47,0.98,0.7538,1,0.95,0.7307,31,1.04,0.8,5,0.965,0.7423,5,0
IWM191122C158,2019-11-21,2019-11-21 09:32:48,0.98,0.7538,16,0.94,0.723,81,1.04,0.8,5,0.96,0.7384,5,0
IWM191122C158,2019-11-21,2019-11-21 09:32:48,0.98,0.7538,16,0.94,0.723,53,1.04,0.8,5,0.96,0.7384,5,0
IWM191122C158,2019-11-21,2019-11-21 09:32:49,0.98,0.7538,10,0.95,0.7307,39,1.04,0.8,5,0.965,0.7423,5,0
IWM191122C158,2019-11-21,2019-11-21 09:32:49,0.98,0.7538,20,0.95,0.7307,39,1.04,0.8,5,0.965,0.7423,5,0
IWM191122C158,2019-11-21,2019-11-21 09:32:50,0.98,0.7538,10,0.95,0.7307,73,1.04,0.8,5,0.965,0.7423,5,0
IWM191122C158,2019-11-21,2019-11-21 09:32:50,1.01,0.7769,45,0.97,0.7461,37,1.04,0.8,5,0.99,0.7615,5,0
IWM191122C158,2019-11-21,2019-11-21 09:32:51,1.01,0.7769,20,0.97,0.7461,30,1.04,0.8,5,0.99,0.7615,5,0
IWM191122C158,2019-11-21,2019-11-21 09:32:51,1.01,0.7769,20,0.97,0.7461,13,1.04,0.8,5,0.99,0.7615,5,0
IWM191122C158,2019-11-21,2019-11-21 09:32:52,1.01,0.7769,18,0.97,0.7461,52,1.04,0.8,5,0.99,0.7615,5,0
IWM191122C158,2019-11-21,2019-11-21 09:32:52,0.99,0.7615,41,0.97,0.7461,10,1.04,0.8,5,0.98,0.7538,5,0
IWM191122C158,2019-11-21,2019-11-21 09:32:53,0.99,0.7615,84,0.94,0.723,46,1.04,0.8,5,0.965,0.7423,5,0
IWM191122C158,2019-11-21,2019-11-21 09:32:53,0.98,0.7538,32,0.94,0.723,50,1.04,0.8,5,0.96,0.7384,5,0
IWM191122C158,2019-11-21,2019-11-21 09:32:54,0.96,0.7384,26,0.92,0.7076,28,1.04,0.8,5,0.94,0.723,5,0
IWM191122C158,2019-11-21,2019-11-21 09:32:54,0.97,0.7461,35,0.94,0.723,12,1.04,0.8,5,0.955,0.7346,5,0
IWM191122C158,2019-11-21,2019-11-21 09:32:55,0.96,0.7384,38,0.92,0.7076,67,1.04,0.8,5,0.94,0.723,5,0
IWM191122C158,2019-11-21,2019-11-21 09:32:55,0.96,0.7384,60,0.92,0.7076,67,1.04,0.8,5,0.94,0.723,5,0
IWM191122C158,2019-11-21,2019-11-21 09:32:56,0.96,0.7384,76,0.92,0.7076,22,1.04,0.8,5,0.94,0.723,5,0
IWM191122C158,2019-11-21,2019-11-21 09:32:56,0.95,0.7307,8,0.92,0.7076,67,1.04,0.8,5,0.935,0.7192,5,0
IWM191122C158,2019-11-21,2019-11-21 09:32:57,0.97,0.7461,16,0.94,0.723,23,1.04,0.8,5,0.955,0.7346,5,0
IWM191122C158,2019-11-21,2019-11-21 09:32:57,0.98,0.7538,22,0.94,0.723,23,1.04,0.8,5,0.96,0.7384,5,0
IWM191122C158,2019-11-21,2019-11-21 09:32:58,0.98,0.7538,22,0.94,0.723,137,1.04,0.8,5,0.96,0.7384,5,0
IWM191122C158,2019-11-21,2019-11-21 09:32:58,0.98,0.7538,18,0.94,0.723,10,1.04,0.8,5,0.96,0.7384,5,0
IWM191122C158,2019-11-21,2019-11-21 09:32:59,0.98,0.7538,18,0.93,0.7153,39,1.04,0.8,5,0.955,0.7346,5,0
IWM191122C158,2019-11-21,2019-11-21 09:32:59,0.98,0.7538,21,0.93,0.7153,30,1.04,0.8,5,0.955,0.7346,5,0
IWM191122C158,2019-11-21,2019-11-21 09:33:00,0.96,0.7384,1,0.93,0.7153,30,1.04,0.8,5,0.945,0.7269,5,0
IWM191122C158,2019-11-21,2019-11-21 09:33:01,0.96,0.7384,1,0.93,0.7153,30,1.04,0.8,5,0.945,0.7269,5,0
IWM191122C158,2019-11-21,2019-11-21 09:33:01,0.96,0.7384,10,0.93,0.7153,30,1.04,0.8,5,0.945,0.7269,5,0
IWM191122C158,2019-11-21,2019-11-21 09:33:02,0.97,0.7461,21,0.93,0.7153,16,1.04,0.8,5,0.95,0.7307,5,0
IWM191122C158,2019-11-21,2019-11-21 09:33:02,0.96,0.7384,20,0.93,0.7153,30,1.04,0.8,5,0.945,0.7269,5,0
IWM191122C158,2019-11-21,2019-11-21 09:33:03,0.97,0.7461,21,0.91,0.7,21,1.04,0.8,5,0.94,0.723,5,0
IWM191122C158,2019-11-21,2019-11-21 09:33:03,0.95,0.7307,20,0.91,0.7,21,1.04,0.8,5,0.93,0.7153,5,0
IWM191122C158,2019-11-21,2019-11-21 09:33:04,0.95,0.7307,30,0.91,0.7,10,1.04,0.8,5,0.93,0.7153,5,0
IWM191122C158,2019-11-21,2019-11-21 09:33:04,0.93,0.7153,20,0.88,0.6769,41,1.04,0.8,5,0.905,0.6961,5,0
IWM191122C158,2019-11-21,2019-11-21 09:33:05,0.93,0.7153,21,0.87,0.6692,18,1.04,0.8,5,0.9,0.6923,5,0
IWM191122C158,2019-11-21,2019-11-21 09:33:05,0.93,0.7153,21,0.89,0.6846,21,1.04,0.8,5,0.91,0.7,5,0
IWM191122C158,2019-11-21,2019-11-21 09:33:06,0.91,0.7,20,0.87,0.6692,40,1.04,0.8,5,0.89,0.6846,5,0
IWM191122C158,2019-11-21,2019-11-21 09:33:06,0.92,0.7076,28,0.86,0.6615,22,1.04,0.8,5,0.89,0.6846,5,0
IWM191122C158,2019-11-21,2019-11-21 09:33:07,0.9,0.6923,20,0.87,0.6692,96,1.04,0.8,5,0.885,0.6807,5,0
IWM191122C158,2019-11-21,2019-11-21 09:33:07,0.91,0.7,85,0.87,0.6692,80,1.04,0.8,5,0.89,0.6846,5,0
IWM191122C158,2019-11-21,2019-11-21 09:33:08,0.9,0.6923,91,0.87,0.6692,91,1.04,0.8,5,0.885,0.6807,5,0
IWM191122C158,2019-11-21,2019-11-21 09:33:09,0.9,0.6923,87,0.87,0.6692,87,1.04,0.8,5,0.885,0.6807,5,0
IWM191122C158,2019-11-21,2019-11-21 09:33:09,0.9,0.6923,91,0.87,0.6692,83,1.04,0.8,5,0.885,0.6807,5,0
IWM191122C158,2019-11-21,2019-11-21 09:33:10,0.9,0.6923,20,0.87,0.6692,46,1.04,0.8,5,0.885,0.6807,5,0
IWM191122C158,2019-11-21,2019-11-21 09:33:10,0.9,0.6923,111,0.87,0.6692,87,1.04,0.8,5,0.885,0.6807,5,0
IWM191122C158,2019-11-21,2019-11-21 09:33:11,0.9,0.6923,20,0.87,0.6692,46,1.04,0.8,5,0.885,0.6807,5,0
IWM191122C158,2019-11-21,2019-11-21 09:33:11,0.9,0.6923,20,0.87,0.6692,160,1.04,0.8,5,0.885,0.6807,5,0
IWM191122C158,2019-11-21,2019-11-21 09:33:12,0.9,0.6923,76,0.88,0.6769,6,1.04,0.8,5,0.89,0.6846,5,0
IWM191122C158,2019-11-21,2019-11-21 09:33:12,0.89,0.6846,76,0.86,0.6615,75,1.04,0.8,5,0.875,0.673,5,0
IWM191122C158,2019-11-21,2019-11-21 09:33:13,0.91,0.7,17,0.88,0.6769,92,1.04,0.8,5,0.895,0.6884,5,0
IWM191122C158,2019-11-21,2019-11-21 09:33:13,0.91,0.7,75,0.87,0.6692,83,1.04,0.8,5,0.89,0.6846,5,0
IWM191122C158,2019-11-21,2019-11-21 09:33:14,0.93,0.7153,84,0.89,0.6846,75,1.04,0.8,5,0.91,0.7,5,0
IWM191122C158,2019-11-21,2019-11-21 09:33:14,0.92,0.7076,84,0.88,0.6769,92,1.04,0.8,5,0.9,0.6923,5,0
IWM191122C158,2019-11-21,2019-11-21 09:33:15,0.92,0.7076,84,0.89,0.6846,99,1.04,0.8,5,0.905,0.6961,5,0
IWM191122C158,2019-11-21,2019-11-21 09:33:15,0.92,0.7076,85,0.9,0.6923,10,1.04,0.8,5,0.91,0.7,5,0
IWM191122C158,2019-11-21,2019-11-21 09:33:16,0.92,0.7076,92,0.89,0.6846,75,1.04,0.8,5,0.905,0.6961,5,0
IWM191122C158,2019-11-21,2019-11-21 09:33:17,0.92,0.7076,111,0.88,0.6769,130,1.04,0.8,5,0.9,0.6923,5,0
IWM191122C158,2019-11-21,2019-11-21 09:33:17,0.92,0.7076,108,0.88,0.6769,130,1.04,0.8,5,0.9,0.6923,5,0
IWM191122C158,2019-11-21,2019-11-21 09:33:18,0.92,0.7076,46,0.88,0.6769,130,1.04,0.8,5,0.9,0.6923,5,0
IWM191122C158,2019-11-21,2019-11-21 09:33:19,0.92,0.7076,63,0.89,0.6846,88,1.04,0.8,5,0.905,0.6961,5,0
IWM191122C158,2019-11-21,2019-11-21 09:33:19,0.93,0.7153,92,0.88,0.6769,106,1.04,0.8,5,0.905,0.6961,5,0
IWM191122C158,2019-11-21,2019-11-21 09:33:20,0.94,0.723,92,0.89,0.6846,106,1.04,0.8,5,0.915,0.7038,5,0
IWM191122C158,2019-11-21,2019-11-21 09:33:20,0.94,0.723,106,0.9,0.6923,95,1.04,0.8,5,0.92,0.7076,5,0
IWM191122C158,2019-11-21,2019-11-21 09:33:21,0.93,0.7153,84,0.9,0.6923,88,1.04,0.8,5,0.915,0.7038,5,0
IWM191122C158,2019-11-21,2019-11-21 09:33:21,0.94,0.723,115,0.9,0.6923,88,1.04,0.8,5,0.92,0.7076,5,0
IWM191122C158,2019-11-21,2019-11-21 09:33:22,0.93,0.7153,112,0.9,0.6923,112,1.04,0.8,5,0.915,0.7038,5,0
IWM191122C158,2019-11-21,2019-11-21 09:33:22,0.93,0.7153,88,0.9,0.6923,88,1.04,0.8,5,0.915,0.7038,5,0
IWM191122C158,2019-11-21,2019-11-21 09:33:23,0.93,0.7153,114,0.9,0.6923,112,1.04,0.8,5,0.915,0.7038,5,0
IWM191122C158,2019-11-21,2019-11-21 09:33:23,0.93,0.7153,114,0.9,0.6923,81,1.04,0.8,5,0.915,0.7038,5,0
IWM191122C158,2019-11-21,2019-11-21 09:33:24,0.93,0.7153,13,0.9,0.6923,130,1.04,0.8,5,0.915,0.7038,5,0
IWM191122C158,2019-11-21,2019-11-21 09:33:24,0.93,0.7153,84,0.9,0.6923,130,1.04,0.8,5,0.915,0.7038,5,0
IWM191122C158,2019-11-21,2019-11-21 09:33:25,0.93,0.7153,98,0.9,0.6923,88,1.04,0.8,5,0.915,0.7038,5,0
IWM191122C158,2019-11-21,2019-11-21 09:33:25,0.93,0.7153,110,0.9,0.6923,141,1.04,0.8,5,0.915,0.7038,5,0
IWM191122C158,2019-11-21,2019-11-21 09:33:26,0.93,0.7153,88,0.91,0.7,9,1.04,0.8,5,0.92,0.7076,5,0
IWM191122C158,2019-11-21,2019-11-21 09:33:27,0.93,0.7153,92,0.91,0.7,12,1.04,0.8,5,0.92,0.7076,5,0
IWM191122C158,2019-11-21,2019-11-21 09:33:27,0.93,0.7153,84,0.91,0.7,12,1.04,0.8,5,0.92,0.7076,5,0
IWM191122C158,2019-11-21,2019-11-21 09:33:28,0.93,0.7153,92,0.91,0.7,12,1.04,0.8,5,0.92,0.7076,5,0
IWM191122C158,2019-11-21,2019-11-21 09:33:28,0.93,0.7153,75,0.91,0.7,12,1.04,0.8,5,0.92,0.7076,5,0
IWM191122C158,2019-11-21,2019-11-21 09:33:29,0.94,0.723,140,0.91,0.7,12,1.04,0.8,5,0.925,0.7115,5,0
IWM191122C158,2019-11-21,2019-11-21 09:33:30,0.94,0.723,140,0.91,0.7,12,1.04,0.8,5,0.925,0.7115,5,0
IWM191122C158,2019-11-21,2019-11-21 09:33:31,0.94,0.723,140,0.91,0.7,126,1.04,0.8,5,0.925,0.7115,5,0
IWM191122C158,2019-11-21,2019-11-21 09:33:31,0.94,0.723,140,0.91,0.7,12,1.04,0.8,5,0.925,0.7115,5,0
IWM191122C158,2019-11-21,2019-11-21 09:33:32,0.94,0.723,82,0.91,0.7,194,1.04,0.8,5,0.925,0.7115,5,0
IWM191122C158,2019-11-21,2019-11-21 09:33:32,0.95,0.7307,107,0.91,0.7,194,1.04,0.8,5,0.93,0.7153,5,0
IWM191122C158,2019-11-21,2019-11-21 09:33:33,0.95,0.7307,107,0.91,0.7,93,1.04,0.8,5,0.93,0.7153,5,0
IWM191122C158,2019-11-21,2019-11-21 09:33:34,0.94,0.723,86,0.91,0.7,105,1.04,0.8,5,0.925,0.7115,5,0
IWM191122C158,2019-11-21,2019-11-21 09:33:34,0.94,0.723,86,0.92,0.7076,1,1.04,0.8,5,0.93,0.7153,5,0
IWM191122C158,2019-11-21,2019-11-21 09:33:35,0.94,0.723,110,0.91,0.7,78,1.04,0.8,5,0.925,0.7115,5,0
IWM191122C158,2019-11-21,2019-11-21 09:33:35,0.94,0.723,86,0.92,0.7076,1,1.04,0.8,5,0.93,0.7153,5,0
IWM191122C158,2019-11-21,2019-11-21 09:33:36,0.94,0.723,85,0.91,0.7,113,1.04,0.8,5,0.925,0.7115,5,0
IWM191122C158,2019-11-21,2019-11-21 09:33:36,0.94,0.723,110,0.91,0.7,78,1.04,0.8,5,0.925,0.7115,5,0
IWM191122C158,2019-11-21,2019-11-21 09:33:37,0.95,0.7307,82,0.93,0.7153,1,1.04,0.8,5,0.94,0.723,5,0
IWM191122C158,2019-11-21,2019-11-21 09:33:37,0.96,0.7384,90,0.93,0.7153,1,1.04,0.8,5,0.945,0.7269,5,0
IWM191122C158,2019-11-21,2019-11-21 09:33:38,0.95,0.7307,92,0.92,0.7076,131,1.04,0.8,5,0.935,0.7192,5,0
IWM191122C158,2019-11-21,2019-11-21 09:33:38,0.95,0.7307,46,0.92,0.7076,169,1.04,0.8,5,0.935,0.7192,5,0
IWM191122C158,2019-11-21,2019-11-21 09:33:39,0.94,0.723,75,0.91,0.7,74,1.04,0.8,5,0.925,0.7115,5,0
IWM191122C158,2019-11-21,2019-11-21 09:33:39,0.95,0.7307,92,0.92,0.7076,169,1.04,0.8,5,0.935,0.7192,5,0
IWM191122C158,2019-11-21,2019-11-21 09:33:40,0.94,0.723,84,0.91,0.7,163,1.04,0.8,5,0.925,0.7115,5,0
IWM191122C158,2019-11-21,2019-11-21 09:33:40,0.95,0.7307,92,0.92,0.7076,33,1.04,0.8,5,0.935,0.7192,5,0
IWM191122C158,2019-11-21,2019-11-21 09:33:41,0.95,0.7307,108,0.92,0.7076,46,1.04,0.8,5,0.935,0.7192,5,0
IWM191122C158,2019-11-21,2019-11-21 09:33:41,0.95,0.7307,136,0.92,0.7076,130,1.04,0.8,5,0.935,0.7192,5,0
IWM191122C158,2019-11-21,2019-11-21 09:33:42,0.95,0.7307,99,0.92,0.7076,46,1.04,0.8,5,0.935,0.7192,5,0
IWM191122C158,2019-11-21,2019-11-21 09:33:42,0.95,0.7307,136,0.92,0.7076,124,1.04,0.8,5,0.935,0.7192,5,0
IWM191122C158,2019-11-21,2019-11-21 09:33:43,0.95,0.7307,106,0.92,0.7076,46,1.04,0.8,5,0.935,0.7192,5,0
IWM191122C158,2019-11-21,2019-11-21 09:33:44,0.95,0.7307,124,0.92,0.7076,43,1.04,0.8,5,0.935,0.7192,5,0
IWM191122C158,2019-11-21,2019-11-21 09:33:44,0.95,0.7307,124,0.92,0.7076,51,1.04,0.8,5,0.935,0.7192,5,0
IWM191122C158,2019-11-21,2019-11-21 09:33:45,0.95,0.7307,124,0.92,0.7076,36,1.04,0.8,5,0.935,0.7192,5,0
IWM191122C158,2019-11-21,2019-11-21 09:33:46,0.94,0.723,81,0.92,0.7076,6,1.04,0.8,5,0.93,0.7153,5,0
IWM191122C158,2019-11-21,2019-11-21 09:33:46,0.95,0.7307,124,0.92,0.7076,13,1.04,0.8,5,0.935,0.7192,5,0
IWM191122C158,2019-11-21,2019-11-21 09:33:47,0.94,0.723,17,0.92,0.7076,24,1.04,0.8,5,0.93,0.7153,5,0
IWM191122C158,2019-11-21,2019-11-21 09:33:47,0.94,0.723,81,0.92,0.7076,6,1.04,0.8,5,0.93,0.7153,5,0
IWM191122C158,2019-11-21,2019-11-21 09:33:48,0.94,0.723,117,0.91,0.7,63,1.04,0.8,5,0.925,0.7115,5,0
IWM191122C158,2019-11-21,2019-11-21 09:33:48,0.94,0.723,106,0.92,0.7076,8,1.04,0.8,5,0.93,0.7153,5,0
IWM191122C158,2019-11-21,2019-11-21 09:33:49,0.94,0.723,17,0.91,0.7,215,1.04,0.8,5,0.925,0.7115,5,0
IWM191122C158,2019-11-21,2019-11-21 09:33:49,0.94,0.723,75,0.91,0.7,182,1.04,0.8,5,0.925,0.7115,5,0
IWM191122C158,2019-11-21,2019-11-21 09:33:50,0.94,0.723,92,0.91,0.7,215,1.04,0.8,5,0.925,0.7115,5,0
IWM191122C158,2019-11-21,2019-11-21 09:33:50,0.94,0.723,17,0.91,0.7,138,1.04,0.8,5,0.925,0.7115,5,0
IWM191122C158,2019-11-21,2019-11-21 09:33:51,0.95,0.7307,102,0.91,0.7,163,1.04,0.8,5,0.93,0.7153,5,0
IWM191122C158,2019-11-21,2019-11-21 09:33:52,0.93,0.7153,17,0.91,0.7,35,1.04,0.8,5,0.92,0.7076,5,0
IWM191122C158,2019-11-21,2019-11-21 09:33:52,0.95,0.7307,125,0.91,0.7,294,1.04,0.8,5,0.93,0.7153,5,0
IWM191122C158,2019-11-21,2019-11-21 09:33:53,0.92,0.7076,29,0.9,0.6923,14,1.04,0.8,5,0.91,0.7,5,0
IWM191122C158,2019-11-21,2019-11-21 09:33:54,0.92,0.7076,20,0.9,0.6923,17,1.04,0.8,5,0.91,0.7,5,0
IWM191122C158,2019-11-21,2019-11-21 09:33:54,0.92,0.7076,17,0.9,0.6923,113,1.04,0.8,5,0.91,0.7,5,0
IWM191122C158,2019-11-21,2019-11-21 09:33:55,0.92,0.7076,17,0.9,0.6923,113,1.04,0.8,5,0.91,0.7,5,0
IWM191122C158,2019-11-21,2019-11-21 09:33:56,0.92,0.7076,30,0.9,0.6923,30,1.04,0.8,5,0.91,0.7,5,0
IWM191122C158,2019-11-21,2019-11-21 09:33:56,0.92,0.7076,33,0.9,0.6923,38,1.04,0.8,5,0.91,0.7,5,0
IWM191122C158,2019-11-21,2019-11-21 09:33:57,0.92,0.7076,22,0.9,0.6923,118,1.04,0.8,5,0.91,0.7,5,0
IWM191122C158,2019-11-21,2019-11-21 09:33:57,0.92,0.7076,22,0.9,0.6923,30,1.04,0.8,5,0.91,0.7,5,0
IWM191122C158,2019-11-21,2019-11-21 09:33:58,0.92,0.7076,22,0.88,0.6769,118,1.04,0.8,5,0.9,0.6923,5,0
IWM191122C158,2019-11-21,2019-11-21 09:33:58,0.91,0.7,13,0.88,0.6769,130,1.04,0.8,5,0.895,0.6884,5,0
IWM191122C158,2019-11-21,2019-11-21 09:33:59,0.91,0.7,92,0.88,0.6769,130,1.04,0.8,5,0.895,0.6884,5,0
IWM191122C158,2019-11-21,2019-11-21 09:34:00,0.91,0.7,92,0.88,0.6769,130,1.04,0.8,5,0.895,0.6884,5,0
IWM191122C158,2019-11-21,2019-11-21 09:34:00,0.9,0.6923,17,0.88,0.6769,130,1.04,0.8,5,0.89,0.6846,5,0
IWM191122C158,2019-11-21,2019-11-21 09:34:01,0.9,0.6923,17,0.88,0.6769,55,1.04,0.8,5,0.89,0.6846,5,0
IWM191122C158,2019-11-21,2019-11-21 09:34:01,0.91,0.7,100,0.88,0.6769,130,1.04,0.8,5,0.895,0.6884,5,0
IWM191122C158,2019-11-21,2019-11-21 09:34:02,0.89,0.6846,17,0.87,0.6692,144,1.04,0.8,5,0.88,0.6769,5,0
IWM191122C158,2019-11-21,2019-11-21 09:34:02,0.9,0.6923,25,0.87,0.6692,144,1.04,0.8,5,0.885,0.6807,5,0
IWM191122C158,2019-11-21,2019-11-21 09:34:03,0.89,0.6846,17,0.87,0.6692,69,1.04,0.8,5,0.88,0.6769,5,0
IWM191122C158,2019-11-21,2019-11-21 09:34:03,0.89,0.6846,25,0.87,0.6692,144,1.04,0.8,5,0.88,0.6769,5,0
IWM191122C158,2019-11-21,2019-11-21 09:34:04,0.87,0.6692,16,0.85,0.6538,144,1.04,0.8,5,0.86,0.6615,5,0
IWM191122C158,2019-11-21,2019-11-21 09:34:05,0.89,0.6846,87,0.86,0.6615,108,1.04,0.8,5,0.875,0.673,5,0
IWM191122C158,2019-11-21,2019-11-21 09:34:05,0.89,0.6846,2,0.86,0.6615,43,1.04,0.8,5,0.875,0.673,5,0
IWM191122C158,2019-11-21,2019-11-21 09:34:06,0.9,0.6923,81,0.87,0.6692,148,1.04,0.8,5,0.885,0.6807,5,0
IWM191122C158,2019-11-21,2019-11-21 09:34:06,0.89,0.6846,25,0.86,0.6615,204,1.04,0.8,5,0.875,0.673,5,0
IWM191122C158,2019-11-21,2019-11-21 09:34:07,0.89,0.6846,84,0.86,0.6615,144,1.04,0.8,5,0.875,0.673,5,0
IWM191122C158,2019-11-21,2019-11-21 09:34:07,0.9,0.6923,120,0.87,0.6692,100,1.04,0.8,5,0.885,0.6807,5,0
IWM191122C158,2019-11-21,2019-11-21 09:34:08,0.89,0.6846,65,0.86,0.6615,197,1.04,0.8,5,0.875,0.673,5,0
IWM191122C158,2019-11-21,2019-11-21 09:34:08,0.89,0.6846,77,0.86,0.6615,144,1.04,0.8,5,0.875,0.673,5,0
IWM191122C158,2019-11-21,2019-11-21 09:34:09,0.9,0.6923,81,0.88,0.6769,7,1.04,0.8,5,0.89,0.6846,5,0
IWM191122C158,2019-11-21,2019-11-21 09:34:09,0.89,0.6846,84,0.87,0.6692,31,1.04,0.8,5,0.88,0.6769,5,0
IWM191122C158,2019-11-21,2019-11-21 09:34:10,0.89,0.6846,84,0.87,0.6692,31,1.04,0.8,5,0.88,0.6769,5,0
IWM191122C158,2019-11-21,2019-11-21 09:34:11,0.89,0.6846,84,0.87,0.6692,13,1.04,0.8,5,0.88,0.6769,5,0
IWM191122C158,2019-11-21,2019-11-21 09:34:11,0.89,0.6846,75,0.87,0.6692,13,1.04,0.8,5,0.88,0.6769,5,0
IWM191122C158,2019-11-21,2019-11-21 09:34:12,0.89,0.6846,84,0.87,0.6692,13,1.04,0.8,5,0.88,0.6769,5,0
IWM191122C158,2019-11-21,2019-11-21 09:34:12,0.89,0.6846,112,0.87,0.6692,30,1.04,0.8,5,0.88,0.6769,5,0
IWM191122C158,2019-11-21,2019-11-21 09:34:13,0.9,0.6923,112,0.87,0.6692,171,1.04,0.8,5,0.885,0.6807,5,0
IWM191122C158,2019-11-21,2019-11-21 09:34:13,0.9,0.6923,92,0.87,0.6692,105,1.04,0.8,5,0.885,0.6807,5,0
IWM191122C158,2019-11-21,2019-11-21 09:34:14,0.89,0.6846,84,0.86,0.6615,144,1.04,0.8,5,0.875,0.673,5,0
IWM191122C158,2019-11-21,2019-11-21 09:34:14,0.9,0.6923,92,0.87,0.6692,155,1.04,0.8,5,0.885,0.6807,5,0
IWM191122C158,2019-11-21,2019-11-21 09:34:15,0.89,0.6846,84,0.86,0.6615,127,1.04,0.8,5,0.875,0.673,5,0
IWM191122C158,2019-11-21,2019-11-21 09:34:15,0.89,0.6846,10,0.87,0.6692,20,1.04,0.8,5,0.88,0.6769,5,0
IWM191122C158,2019-11-21,2019-11-21 09:34:16,0.9,0.6923,13,0.87,0.6692,231,1.04,0.8,5,0.885,0.6807,5,0
IWM191122C158,2019-11-21,2019-11-21 09:34:16,0.91,0.7,107,0.87,0.6692,231,1.04,0.8,5,0.89,0.6846,5,0
IWM191122C158,2019-11-21,2019-11-21 09:34:17,0.91,0.7,107,0.87,0.6692,231,1.04,0.8,5,0.89,0.6846,5,0
IWM191122C158,2019-11-21,2019-11-21 09:34:17,0.91,0.7,153,0.88,0.6769,108,1.04,0.8,5,0.895,0.6884,5,0
IWM191122C158,2019-11-21,2019-11-21 09:34:18,0.9,0.6923,40,0.87,0.6692,24,1.04,0.8,5,0.885,0.6807,5,0
IWM191122C158,2019-11-21,2019-11-21 09:34:18,0.89,0.6846,84,0.86,0.6615,200,1.04,0.8,5,0.875,0.673,5,0
IWM191122C158,2019-11-21,2019-11-21 09:34:19,0.9,0.6923,128,0.87,0.6692,150,1.04,0.8,5,0.885,0.6807,5,0
IWM191122C158,2019-11-21,2019-11-21 09:34:19,0.89,0.6846,84,0.86,0.6615,177,1.04,0.8,5,0.875,0.673,5,0
IWM191122C158,2019-11-21,2019-11-21 09:34:20,0.9,0.6923,128,0.87,0.6692,159,1.04,0.8,5,0.885,0.6807,5,0
IWM191122C158,2019-11-21,2019-11-21 09:34:21,0.9,0.6923,117,0.87,0.6692,147,1.04,0.8,5,0.885,0.6807,5,0
IWM191122C158,2019-11-21,2019-11-21 09:34:21,0.91,0.7,84,0.89,0.6846,7,1.04,0.8,5,0.9,0.6923,5,0
IWM191122C158,2019-11-21,2019-11-21 09:34:22,0.91,0.7,133,0.88,0.6769,38,1.04,0.8,5,0.895,0.6884,5,0
IWM191122C158,2019-11-21,2019-11-21 09:34:22,0.91,0.7,133,0.89,0.6846,12,1.04,0.8,5,0.9,0.6923,5,0
IWM191122C158,2019-11-21,2019-11-21 09:34:23,0.9,0.6923,88,0.87,0.6692,138,1.04,0.8,5,0.885,0.6807,5,0
IWM191122C158,2019-11-21,2019-11-21 09:34:23,0.91,0.7,141,0.89,0.6846,12,1.04,0.8,5,0.9,0.6923,5,0
IWM191122C158,2019-11-21,2019-11-21 09:34:24,0.9,0.6923,115,0.87,0.6692,131,1.04,0.8,5,0.885,0.6807,5,0
IWM191122C158,2019-11-21,2019-11-21 09:34:24,0.9,0.6923,125,0.87,0.6692,131,1.04,0.8,5,0.885,0.6807,5,0
IWM191122C158,2019-11-21,2019-11-21 09:34:25,0.9,0.6923,147,0.87,0.6692,13,1.04,0.8,5,0.885,0.6807,5,0
IWM191122C158,2019-11-21,2019-11-21 09:34:25,0.9,0.6923,129,0.87,0.6692,13,1.04,0.8,5,0.885,0.6807,5,0
IWM191122C158,2019-11-21,2019-11-21 09:34:26,0.9,0.6923,211,0.87,0.6692,32,1.04,0.8,5,0.885,0.6807,5,0
IWM191122C158,2019-11-21,2019-11-21 09:34:27,0.88,0.6769,25,0.85,0.6538,144,1.04,0.8,5,0.865,0.6653,5,0
IWM191122C158,2019-11-21,2019-11-21 09:34:27,0.9,0.6923,314,0.85,0.6538,214,1.04,0.8,5,0.875,0.673,5,0
IWM191122C158,2019-11-21,2019-11-21 09:34:28,0.88,0.6769,20,0.85,0.6538,159,1.04,0.8,5,0.865,0.6653,5,0
IWM191122C158,2019-11-21,2019-11-21 09:34:28,0.88,0.6769,126,0.84,0.6461,160,1.04,0.8,5,0.86,0.6615,5,0
IWM191122C158,2019-11-21,2019-11-21 09:34:29,0.88,0.6769,220,0.85,0.6538,92,1.04,0.8,5,0.865,0.6653,5,0
IWM191122C158,2019-11-21,2019-11-21 09:34:29,0.88,0.6769,199,0.85,0.6538,116,1.04,0.8,5,0.865,0.6653,5,0
IWM191122C158,2019-11-21,2019-11-21 09:34:30,0.88,0.6769,161,0.84,0.6461,262,1.04,0.8,5,0.86,0.6615,5,0
IWM191122C158,2019-11-21,2019-11-21 09:34:30,0.88,0.6769,215,0.85,0.6538,75,1.04,0.8,5,0.865,0.6653,5,0
IWM191122C158,2019-11-21,2019-11-21 09:34:31,0.88,0.6769,10,0.85,0.6538,163,1.04,0.8,5,0.865,0.6653,5,0
IWM191122C158,2019-11-21,2019-11-21 09:34:31,0.88,0.6769,161,0.84,0.6461,262,1.04,0.8,5,0.86,0.6615,5,0
IWM191122C158,2019-11-21,2019-11-21 09:34:32,0.88,0.6769,65,0.85,0.6538,124,1.04,0.8,5,0.865,0.6653,5,0
IWM191122C158,2019-11-21,2019-11-21 09:34:33,0.88,0.6769,121,0.85,0.6538,75,1.04,0.8,5,0.865,0.6653,5,0
IWM191122C158,2019-11-21,2019-11-21 09:34:33,0.86,0.6615,17,0.83,0.6384,144,1.04,0.8,5,0.845,0.65,5,0
IWM191122C158,2019-11-21,2019-11-21 09:34:34,0.87,0.6692,88,0.84,0.6461,113,1.04,0.8,5,0.855,0.6576,5,0
IWM191122C158,2019-11-21,2019-11-21 09:34:34,0.87,0.6692,102,0.85,0.6538,12,1.04,0.8,5,0.86,0.6615,5,0
IWM191122C158,2019-11-21,2019-11-21 09:34:35,0.87,0.6692,135,0.85,0.6538,12,1.04,0.8,5,0.86,0.6615,5,0
IWM191122C158,2019-11-21,2019-11-21 09:34:35,0.87,0.6692,102,0.85,0.6538,12,1.04,0.8,5,0.86,0.6615,5,0
IWM191122C158,2019-11-21,2019-11-21 09:34:36,0.87,0.6692,120,0.85,0.6538,12,1.04,0.8,5,0.86,0.6615,5,0
IWM191122C158,2019-11-21,2019-11-21 09:34:36,0.87,0.6692,135,0.85,0.6538,12,1.04,0.8,5,0.86,0.6615,5,0
IWM191122C158,2019-11-21,2019-11-21 09:34:37,0.87,0.6692,132,0.85,0.6538,12,1.04,0.8,5,0.86,0.6615,5,0
IWM191122C158,2019-11-21,2019-11-21 09:34:38,0.87,0.6692,132,0.85,0.6538,12,1.04,0.8,5,0.86,0.6615,5,0
IWM191122C158,2019-11-21,2019-11-21 09:34:38,0.87,0.6692,52,0.84,0.6461,123,1.04,0.8,5,0.855,0.6576,5,0
IWM191122C158,2019-11-21,2019-11-21 09:34:39,0.87,0.6692,88,0.84,0.6461,117,1.04,0.8,5,0.855,0.6576,5,0
IWM191122C158,2019-11-21,2019-11-21 09:34:40,0.9,0.6923,127,0.87,0.6692,45,1.04,0.8,5,0.885,0.6807,5,0
IWM191122C158,2019-11-21,2019-11-21 09:34:40,0.89,0.6846,75,0.86,0.6615,119,1.04,0.8,5,0.875,0.673,5,0
IWM191122C158,2019-11-21,2019-11-21 09:34:41,0.9,0.6923,127,0.87,0.6692,100,1.04,0.8,5,0.885,0.6807,5,0
IWM191122C158,2019-11-21,2019-11-21 09:34:41,0.89,0.6846,75,0.86,0.6615,158,1.04,0.8,5,0.875,0.673,5,0
IWM191122C158,2019-11-21,2019-11-21 09:34:42,0.89,0.6846,103,0.86,0.6615,104,1.04,0.8,5,0.875,0.673,5,0
IWM191122C158,2019-11-21,2019-11-21 09:34:42,0.89,0.6846,97,0.86,0.6615,132,1.04,0.8,5,0.875,0.673,5,0
IWM191122C158,2019-11-21,2019-11-21 09:34:43,0.88,0.6769,75,0.86,0.6615,17,1.04,0.8,5,0.87,0.6692,5,0
IWM191122C158,2019-11-21,2019-11-21 09:34:44,0.88,0.6769,21,0.86,0.6615,17,1.04,0.8,5,0.87,0.6692,5,0
IWM191122C158,2019-11-21,2019-11-21 09:34:44,0.88,0.6769,20,0.86,0.6615,17,1.04,0.8,5,0.87,0.6692,5,0
IWM191122C158,2019-11-21,2019-11-21 09:34:45,0.88,0.6769,92,0.86,0.6615,17,1.04,0.8,5,0.87,0.6692,5,0
IWM191122C158,2019-11-21,2019-11-21 09:34:45,0.88,0.6769,20,0.86,0.6615,17,1.04,0.8,5,0.87,0.6692,5,0
IWM191122C158,2019-11-21,2019-11-21 09:34:46,0.89,0.6846,114,0.86,0.6615,17,1.04,0.8,5,0.875,0.673,5,0
IWM191122C158,2019-11-21,2019-11-21 09:34:46,0.89,0.6846,114,0.86,0.6615,124,1.04,0.8,5,0.875,0.673,5,0
IWM191122C158,2019-11-21,2019-11-21 09:34:47,0.9,0.6923,85,0.87,0.6692,1,1.04,0.8,5,0.885,0.6807,5,0
IWM191122C158,2019-11-21,2019-11-21 09:34:47,0.89,0.6846,114,0.87,0.6692,1,1.04,0.8,5,0.88,0.6769,5,0
IWM191122C158,2019-11-21,2019-11-21 09:34:48,0.89,0.6846,94,0.86,0.6615,95,1.04,0.8,5,0.875,0.673,5,0
IWM191122C158,2019-11-21,2019-11-21 09:34:48,0.89,0.6846,115,0.86,0.6615,95,1.04,0.8,5,0.875,0.673,5,0
IWM191122C158,2019-11-21,2019-11-21 09:34:49,0.89,0.6846,88,0.85,0.6538,106,1.04,0.8,5,0.87,0.6692,5,0
IWM191122C158,2019-11-21,2019-11-21 09:34:49,0.88,0.6769,75,0.85,0.6538,117,1.04,0.8,5,0.865,0.6653,5,0
IWM191122C158,2019-11-21,2019-11-21 09:34:50,0.88,0.6769,20,0.86,0.6615,11,1.04,0.8,5,0.87,0.6692,5,0
IWM191122C158,2019-11-21,2019-11-21 09:34:50,0.88,0.6769,17,0.86,0.6615,17,1.04,0.8,5,0.87,0.6692,5,0
IWM191122C158,2019-11-21,2019-11-21 09:34:51,0.89,0.6846,114,0.86,0.6615,235,1.04,0.8,5,0.875,0.673,5,0
IWM191122C158,2019-11-21,2019-11-21 09:34:51,0.88,0.6769,17,0.86,0.6615,20,1.04,0.8,5,0.87,0.6692,5,0
IWM191122C158,2019-11-21,2019-11-21 09:34:52,0.89,0.6846,109,0.87,0.6692,12,0.87,0.6692,1,0.88,0.6769,6,0
IWM191122C158,2019-11-21,2019-11-21 09:34:52,0.89,0.6846,114,0.87,0.6692,12,0.87,0.6692,1,0.88,0.6769,6,1
IWM191122C158,2019-11-21,2019-11-21 09:34:53,0.89,0.6846,92,0.87,0.6692,13,0.87,0.6692,1,0.88,0.6769,6,0
IWM191122C158,2019-11-21,2019-11-21 09:34:53,0.89,0.6846,103,0.87,0.6692,13,0.87,0.6692,1,0.88,0.6769,6,0
IWM191122C158,2019-11-21,2019-11-21 09:34:54,0.89,0.6846,103,0.85,0.6538,286,0.87,0.6692,1,0.87,0.6692,6,0
IWM191122C158,2019-11-21,2019-11-21 09:34:55,0.89,0.6846,103,0.85,0.6538,286,0.87,0.6692,1,0.87,0.6692,6,0
IWM191122C158,2019-11-21,2019-11-21 09:34:56,0.88,0.6769,25,0.85,0.6538,130,0.87,0.6692,1,0.865,0.6653,6,0
IWM191122C158,2019-11-21,2019-11-21 09:34:56,0.88,0.6769,95,0.85,0.6538,130,0.87,0.6692,1,0.865,0.6653,6,0
IWM191122C158,2019-11-21,2019-11-21 09:34:57,0.88,0.6769,112,0.85,0.6538,181,0.87,0.6692,1,0.865,0.6653,6,0
IWM191122C158,2019-11-21,2019-11-21 09:34:57,0.89,0.6846,98,0.86,0.6615,10,0.87,0.6692,1,0.875,0.673,6,0
IWM191122C158,2019-11-21,2019-11-21 09:34:58,0.88,0.6769,183,0.86,0.6615,17,0.87,0.6692,1,0.87,0.6692,6,0
IWM191122C158,2019-11-21,2019-11-21 09:34:58,0.87,0.6692,33,0.83,0.6384,33,0.87,0.6692,1,0.85,0.6538,6,0
IWM191122C158,2019-11-21,2019-11-21 09:34:59,0.87,0.6692,33,0.83,0.6384,33,0.87,0.6692,1,0.85,0.6538,6,0
IWM191122C158,2019-11-21,2019-11-21 09:34:59,0.85,0.6538,10,0.83,0.6384,53,0.87,0.6692,1,0.84,0.6461,6,0
IWM191122C158,2019-11-21,2019-11-21 09:35:00,0.87,0.6692,13,0.84,0.6461,10,0.87,0.6692,1,0.855,0.6576,6,0
IWM191122C158,2019-11-21,2019-11-21 09:35:00,0.86,0.6615,20,0.83,0.6384,137,0.87,0.6692,1,0.845,0.65,6,0
IWM191122C158,2019-11-21,2019-11-21 09:35:01,0.87,0.6692,130,0.85,0.6538,10,0.87,0.6692,1,0.86,0.6615,6,0
IWM191122C158,2019-11-21,2019-11-21 09:35:01,0.87,0.6692,13,0.84,0.6461,10,0.87,0.6692,1,0.855,0.6576,6,0
IWM191122C158,2019-11-21,2019-11-21 09:35:02,0.87,0.6692,13,0.83,0.6384,139,0.87,0.6692,1,0.85,0.6538,6,0
IWM191122C158,2019-11-21,2019-11-21 09:35:02,0.87,0.6692,114,0.85,0.6538,10,0.87,0.6692,1,0.86,0.6615,6,0
IWM191122C158,2019-11-21,2019-11-21 09:35:03,0.87,0.6692,153,0.83,0.6384,145,0.87,0.6692,1,0.85,0.6538,6,0
IWM191122C158,2019-11-21,2019-11-21 09:35:03,0.87,0.6692,153,0.83,0.6384,46,0.87,0.6692,1,0.85,0.6538,6,0
IWM191122C158,2019-11-21,2019-11-21 09:35:04,0.84,0.6461,100,0.81,0.623,141,0.87,0.6692,1,0.825,0.6346,6,0
IWM191122C158,2019-11-21,2019-11-21 09:35:04,0.86,0.6615,100,0.81,0.623,178,0.87,0.6692,1,0.835,0.6423,6,0
IWM191122C158,2019-11-21,2019-11-21 09:35:05,0.84,0.6461,13,0.82,0.6307,31,0.87,0.6692,1,0.83,0.6384,6,0
IWM191122C158,2019-11-21,2019-11-21 09:35:05,0.84,0.6461,92,0.81,0.623,155,0.87,0.6692,1,0.825,0.6346,6,0
IWM191122C158,2019-11-21,2019-11-21 09:35:06,0.83,0.6384,173,0.81,0.623,20,0.87,0.6692,1,0.82,0.6307,6,0
IWM191122C158,2019-11-21,2019-11-21 09:35:06,0.84,0.6461,148,0.81,0.623,34,0.87,0.6692,1,0.825,0.6346,6,0
IWM191122C158,2019-11-21,2019-11-21 09:35:07,0.84,0.6461,54,0.81,0.623,116,0.87,0.6692,1,0.825,0.6346,6,0
IWM191122C158,2019-11-21,2019-11-21 09:35:07,0.83,0.6384,67,0.81,0.623,14,0.87,0.6692,1,0.82,0.6307,6,0
IWM191122C158,2019-11-21,2019-11-21 09:35:08,0.84,0.6461,112,0.81,0.623,116,0.87,0.6692,1,0.825,0.6346,6,0
IWM191122C158,2019-11-21,2019-11-21 09:35:08,0.84,0.6461,112,0.81,0.623,129,0.87,0.6692,1,0.825,0.6346,6,0
IWM191122C158,2019-11-21,2019-11-21 09:35:09,0.84,0.6461,160,0.81,0.623,148,0.87,0.6692,1,0.825,0.6346,6,0
IWM191122C158,2019-11-21,2019-11-21 09:35:10,0.85,0.6538,88,0.82,0.6307,75,0.87,0.6692,1,0.835,0.6423,6,0
IWM191122C158,2019-11-21,2019-11-21 09:35:10,0.85,0.6538,132,0.83,0.6384,10,0.87,0.6692,1,0.84,0.6461,6,0
IWM191122C158,2019-11-21,2019-11-21 09:35:11,0.85,0.6538,128,0.83,0.6384,10,0.87,0.6692,1,0.84,0.6461,6,0
IWM191122C158,2019-11-21,2019-11-21 09:35:11,0.85,0.6538,132,0.83,0.6384,10,0.87,0.6692,1,0.84,0.6461,6,0
IWM191122C158,2019-11-21,2019-11-21 09:35:12,0.85,0.6538,140,0.83,0.6384,10,0.87,0.6692,1,0.84,0.6461,6,0
IWM191122C158,2019-11-21,2019-11-21 09:35:12,0.85,0.6538,146,0.83,0.6384,10,0.87,0.6692,1,0.84,0.6461,6,0
IWM191122C158,2019-11-21,2019-11-21 09:35:13,0.85,0.6538,138,0.81,0.623,193,0.87,0.6692,1,0.83,0.6384,6,0
IWM191122C158,2019-11-21,2019-11-21 09:35:13,0.85,0.6538,131,0.83,0.6384,10,0.87,0.6692,1,0.84,0.6461,6,0
IWM191122C158,2019-11-21,2019-11-21 09:35:14,0.83,0.6384,17,0.8,0.6153,204,0.87,0.6692,1,0.815,0.6269,6,0
IWM191122C158,2019-11-21,2019-11-21 09:35:14,0.83,0.6384,17,0.8,0.6153,237,0.87,0.6692,1,0.815,0.6269,6,0
IWM191122C158,2019-11-21,2019-11-21 09:35:15,0.83,0.6384,122,0.8,0.6153,211,0.87,0.6692,1,0.815,0.6269,6,0
IWM191122C158,2019-11-21,2019-11-21 09:35:15,0.83,0.6384,92,0.8,0.6153,211,0.87,0.6692,1,0.815,0.6269,6,0
IWM191122C158,2019-11-21,2019-11-21 09:35:16,0.83,0.6384,28,0.81,0.623,36,0.87,0.6692,1,0.82,0.6307,6,0
IWM191122C158,2019-11-21,2019-11-21 09:35:16,0.84,0.6461,161,0.81,0.623,36,0.87,0.6692,1,0.825,0.6346,6,0
IWM191122C158,2019-11-21,2019-11-21 09:35:17,0.86,0.6615,75,0.83,0.6384,49,0.87,0.6692,1,0.845,0.65,6,0
IWM191122C158,2019-11-21,2019-11-21 09:35:17,0.86,0.6615,75,0.83,0.6384,33,0.87,0.6692,1,0.845,0.65,6,0
IWM191122C158,2019-11-21,2019-11-21 09:35:18,0.86,0.6615,75,0.83,0.6384,212,0.87,0.6692,1,0.845,0.65,6,0
IWM191122C158,2019-11-21,2019-11-21 09:35:18,0.86,0.6615,10,0.83,0.6384,118,0.87,0.6692,1,0.845,0.65,6,0
IWM191122C158,2019-11-21,2019-11-21 09:35:19,0.87,0.6692,121,0.83,0.6384,212,0.87,0.6692,1,0.85,0.6538,6,0
IWM191122C158,2019-11-21,2019-11-21 09:35:20,0.87,0.6692,112,0.85,0.6538,7,0.87,0.6692,1,0.86,0.6615,6,0
IWM191122C158,2019-11-21,2019-11-21 09:35:20,0.87,0.6692,121,0.83,0.6384,254,0.87,0.6692,1,0.85,0.6538,6,0
IWM191122C158,2019-11-21,2019-11-21 09:35:21,0.87,0.6692,112,0.84,0.6461,27,0.87,0.6692,1,0.855,0.6576,6,0
IWM191122C158,2019-11-21,2019-11-21 09:35:22,0.87,0.6692,121,0.84,0.6461,40,0.87,0.6692,1,0.855,0.6576,6,0
IWM191122C158,2019-11-21,2019-11-21 09:35:22,0.87,0.6692,112,0.83,0.6384,238,0.87,0.6692,1,0.85,0.6538,6,0
IWM191122C158,2019-11-21,2019-11-21 09:35:23,0.87,0.6692,107,0.85,0.6538,9,0.87,0.6692,1,0.86,0.6615,6,0
IWM191122C158,2019-11-21,2019-11-21 09:35:24,0.87,0.6692,92,0.85,0.6538,9,0.87,0.6692,1,0.86,0.6615,6,0
IWM191122C158,2019-11-21,2019-11-21 09:35:24,0.87,0.6692,20,0.85,0.6538,9,0.87,0.6692,1,0.86,0.6615,6,0
IWM191122C158,2019-11-21,2019-11-21 09:35:25,0.87,0.6692,20,0.85,0.6538,20,0.87,0.6692,1,0.86,0.6615,6,0
IWM191122C158,2019-11-21,2019-11-21 09:35:25,0.87,0.6692,92,0.85,0.6538,9,0.87,0.6692,1,0.86,0.6615,6,0
IWM191122C158,2019-11-21,2019-11-21 09:35:26,0.87,0.6692,95,0.84,0.6461,124,0.87,0.6692,1,0.855,0.6576,6,0
IWM191122C158,2019-11-21,2019-11-21 09:35:26,0.87,0.6692,29,0.85,0.6538,25,0.87,0.6692,1,0.86,0.6615,6,0
IWM191122C158,2019-11-21,2019-11-21 09:35:27,0.88,0.6769,125,0.85,0.6538,16,0.87,0.6692,1,0.865,0.6653,6,0
IWM191122C158,2019-11-21,2019-11-21 09:35:27,0.87,0.6692,84,0.85,0.6538,17,0.87,0.6692,1,0.86,0.6615,6,0
IWM191122C158,2019-11-21,2019-11-21 09:35:28,0.87,0.6692,84,0.85,0.6538,10,0.87,0.6692,1,0.86,0.6615,6,0
IWM191122C158,2019-11-21,2019-11-21 09:35:28,0.87,0.6692,119,0.85,0.6538,17,0.87,0.6692,1,0.86,0.6615,6,0
IWM191122C158,2019-11-21,2019-11-21 09:35:29,0.87,0.6692,94,0.84,0.6461,61,0.87,0.6692,1,0.855,0.6576,6,0
IWM191122C158,2019-11-21,2019-11-21 09:35:30,0.87,0.6692,122,0.84,0.6461,154,0.87,0.6692,1,0.855,0.6576,6,0
IWM191122C158,2019-11-21,2019-11-21 09:35:30,0.87,0.6692,47,0.84,0.6461,301,0.87,0.6692,1,0.855,0.6576,6,0
IWM191122C158,2019-11-21,2019-11-21 09:35:31,0.88,0.6769,109,0.85,0.6538,124,0.87,0.6692,1,0.865,0.6653,6,0
IWM191122C158,2019-11-21,2019-11-21 09:35:31,0.87,0.6692,104,0.85,0.6538,17,0.87,0.6692,1,0.86,0.6615,6,0
IWM191122C158,2019-11-21,2019-11-21 09:35:32,0.87,0.6692,123,0.85,0.6538,10,0.87,0.6692,1,0.86,0.6615,6,0
IWM191122C158,2019-11-21,2019-11-21 09:35:32,0.86,0.6615,87,0.84,0.6461,20,0.87,0.6692,1,0.85,0.6538,6,0
IWM191122C158,2019-11-21,2019-11-21 09:35:33,0.86,0.6615,87,0.84,0.6461,17,0.87,0.6692,1,0.85,0.6538,6,0
IWM191122C158,2019-11-21,2019-11-21 09:35:33,0.86,0.6615,115,0.83,0.6384,10,0.87,0.6692,1,0.845,0.65,6,0
IWM191122C158,2019-11-21,2019-11-21 09:35:34,0.86,0.6615,128,0.84,0.6461,17,0.87,0.6692,1,0.85,0.6538,6,0
IWM191122C158,2019-11-21,2019-11-21 09:35:34,0.86,0.6615,107,0.83,0.6384,44,0.87,0.6692,1,0.845,0.65,6,0
IWM191122C158,2019-11-21,2019-11-21 09:35:35,0.85,0.6538,7,0.83,0.6384,44,0.87,0.6692,1,0.84,0.6461,6,0
IWM191122C158,2019-11-21,2019-11-21 09:35:35,0.85,0.6538,20,0.83,0.6384,20,0.87,0.6692,1,0.84,0.6461,6,0
IWM191122C158,2019-11-21,2019-11-21 09:35:36,0.85,0.6538,25,0.83,0.6384,110,0.87,0.6692,1,0.84,0.6461,6,0
IWM191122C158,2019-11-21,2019-11-21 09:35:36,0.85,0.6538,25,0.83,0.6384,51,0.87,0.6692,1,0.84,0.6461,6,0
IWM191122C158,2019-11-21,2019-11-21 09:35:37,0.85,0.6538,25,0.83,0.6384,47,0.87,0.6692,1,0.84,0.6461,6,0
IWM191122C158,2019-11-21,2019-11-21 09:35:37,0.85,0.6538,106,0.83,0.6384,10,0.87,0.6692,1,0.84,0.6461,6,0
IWM191122C158,2019-11-21,2019-11-21 09:35:38,0.85,0.6538,99,0.82,0.6307,108,0.87,0.6692,1,0.835,0.6423,6,0
IWM191122C158,2019-11-21,2019-11-21 09:35:38,0.84,0.6461,45,0.81,0.623,50,0.87,0.6692,1,0.825,0.6346,6,0
IWM191122C158,2019-11-21,2019-11-21 09:35:39,0.85,0.6538,100,0.82,0.6307,123,0.87,0.6692,1,0.835,0.6423,6,0
IWM191122C158,2019-11-21,2019-11-21 09:35:39,0.87,0.6692,142,0.83,0.6384,106,0.87,0.6692,1,0.85,0.6538,6,0
IWM191122C158,2019-11-21,2019-11-21 09:35:40,0.87,0.6692,102,0.84,0.6461,75,0.87,0.6692,1,0.855,0.6576,6,0
IWM191122C158,2019-11-21,2019-11-21 09:35:40,0.87,0.6692,95,0.84,0.6461,129,0.87,0.6692,1,0.855,0.6576,6,0
IWM191122C158,2019-11-21,2019-11-21 09:35:41,0.87,0.6692,76,0.85,0.6538,10,0.87,0.6692,1,0.86,0.6615,6,0
IWM191122C158,2019-11-21,2019-11-21 09:35:41,0.87,0.6692,109,0.84,0.6461,65,0.87,0.6692,1,0.855,0.6576,6,0
IWM191122C158,2019-11-21,2019-11-21 09:35:42,0.87,0.6692,107,0.84,0.6461,130,0.87,0.6692,1,0.855,0.6576,6,0
IWM191122C158,2019-11-21,2019-11-21 09:35:43,0.88,0.6769,139,0.85,0.6538,32,0.87,0.6692,1,0.865,0.6653,6,0
IWM191122C158,2019-11-21,2019-11-21 09:35:43,0.87,0.6692,20,0.85,0.6538,46,0.87,0.6692,1,0.86,0.6615,6,0
IWM191122C158,2019-11-21,2019-11-21 09:35:44,0.88,0.6769,114,0.85,0.6538,206,0.87,0.6692,1,0.865,0.6653,6,0
IWM191122C158,2019-11-21,2019-11-21 09:35:44,0.88,0.6769,192,0.85,0.6538,123,0.87,0.6692,1,0.865,0.6653,6,0
IWM191122C158,2019-11-21,2019-11-21 09:35:45,0.88,0.6769,114,0.85,0.6538,194,0.87,0.6692,1,0.865,0.6653,6,0
IWM191122C158,2019-11-21,2019-11-21 09:35:45,0.88,0.6769,114,0.85,0.6538,129,0.87,0.6692,1,0.865,0.6653,6,0
IWM191122C158,2019-11-21,2019-11-21 09:35:46,0.88,0.6769,114,0.85,0.6538,334,0.87,0.6692,1,0.865,0.6653,6,0
IWM191122C158,2019-11-21,2019-11-21 09:35:46,0.88,0.6769,106,0.85,0.6538,334,0.87,0.6692,1,0.865,0.6653,6,0
IWM191122C158,2019-11-21,2019-11-21 09:35:47,0.88,0.6769,106,0.85,0.6538,95,0.87,0.6692,1,0.865,0.6653,6,0
IWM191122C158,2019-11-21,2019-11-21 09:35:47,0.88,0.6769,106,0.85,0.6538,334,0.87,0.6692,1,0.865,0.6653,6,0
IWM191122C158,2019-11-21,2019-11-21 09:35:48,0.88,0.6769,118,0.86,0.6615,17,0.87,0.6692,1,0.87,0.6692,6,0
IWM191122C158,2019-11-21,2019-11-21 09:35:48,0.88,0.6769,106,0.84,0.6461,127,0.87,0.6692,1,0.86,0.6615,6,0
IWM191122C158,2019-11-21,2019-11-21 09:35:49,0.88,0.6769,173,0.85,0.6538,179,0.87,0.6692,1,0.865,0.6653,6,0
IWM191122C158,2019-11-21,2019-11-21 09:35:49,0.88,0.6769,127,0.85,0.6538,123,0.87,0.6692,1,0.865,0.6653,6,0
IWM191122C158,2019-11-21,2019-11-21 09:35:50,0.88,0.6769,173,0.85,0.6538,197,0.87,0.6692,1,0.865,0.6653,6,0
IWM191122C158,2019-11-21,2019-11-21 09:35:50,0.88,0.6769,132,0.85,0.6538,134,0.87,0.6692,1,0.865,0.6653,6,0
IWM191122C158,2019-11-21,2019-11-21 09:35:51,0.87,0.6692,84,0.85,0.6538,26,0.87,0.6692,1,0.86,0.6615,6,0
IWM191122C158,2019-11-21,2019-11-21 09:35:51,0.87,0.6692,20,0.84,0.6461,37,0.87,0.6692,1,0.855,0.6576,6,0
IWM191122C158,2019-11-21,2019-11-21 09:35:52,0.87,0.6692,123,0.84,0.6461,52,0.87,0.6692,1,0.855,0.6576,6,0
IWM191122C158,2019-11-21,2019-11-21 09:35:52,0.87,0.6692,126,0.84,0.6461,144,0.87,0.6692,1,0.855,0.6576,6,0
IWM191122C158,2019-11-21,2019-11-21 09:35:53,0.86,0.6615,17,0.84,0.6461,25,0.87,0.6692,1,0.85,0.6538,6,0
IWM191122C158,2019-11-21,2019-11-21 09:35:53,0.86,0.6615,92,0.83,0.6384,173,0.87,0.6692,1,0.845,0.65,6,0
IWM191122C158,2019-11-21,2019-11-21 09:35:54,0.86,0.6615,169,0.83,0.6384,232,0.87,0.6692,1,0.845,0.65,6,0
IWM191122C158,2019-11-21,2019-11-21 09:35:54,0.88,0.6769,84,0.83,0.6384,232,0.87,0.6692,1,0.855,0.6576,6,0
IWM191122C158,2019-11-21,2019-11-21 09:35:55,0.87,0.6692,60,0.84,0.6461,404,0.87,0.6692,1,0.855,0.6576,6,0
IWM191122C158,2019-11-21,2019-11-21 09:35:55,0.87,0.6692,92,0.84,0.6461,335,0.87,0.6692,1,0.855,0.6576,6,0
IWM191122C158,2019-11-21,2019-11-21 09:35:56,0.87,0.6692,17,0.85,0.6538,124,0.87,0.6692,1,0.86,0.6615,6,0
IWM191122C158,2019-11-21,2019-11-21 09:35:56,0.87,0.6692,17,0.85,0.6538,113,0.87,0.6692,1,0.86,0.6615,6,0
IWM191122C158,2019-11-21,2019-11-21 09:35:57,0.87,0.6692,17,0.85,0.6538,13,0.87,0.6692,1,0.86,0.6615,6,0
IWM191122C158,2019-11-21,2019-11-21 09:35:58,0.87,0.6692,112,0.85,0.6538,13,0.87,0.6692,1,0.86,0.6615,6,0
IWM191122C158,2019-11-21,2019-11-21 09:35:58,0.87,0.6692,146,0.85,0.6538,10,0.87,0.6692,1,0.86,0.6615,6,0
IWM191122C158,2019-11-21,2019-11-21 09:35:59,0.87,0.6692,140,0.85,0.6538,17,0.87,0.6692,1,0.86,0.6615,6,0
IWM191122C158,2019-11-21,2019-11-21 09:35:59,0.88,0.6769,75,0.85,0.6538,26,0.87,0.6692,1,0.865,0.6653,6,0
IWM191122C158,2019-11-21,2019-11-21 09:36:00,0.87,0.6692,20,0.85,0.6538,8,0.87,0.6692,1,0.86,0.6615,6,0
IWM191122C158,2019-11-21,2019-11-21 09:36:00,0.88,0.6769,118,0.85,0.6538,90,0.87,0.6692,1,0.865,0.6653,6,0
IWM191122C158,2019-11-21,2019-11-21 09:36:01,0.87,0.6692,20,0.85,0.6538,10,0.87,0.6692,1,0.86,0.6615,6,0
IWM191122C158,2019-11-21,2019-11-21 09:36:01,0.87,0.6692,78,0.83,0.6384,75,0.87,0.6692,1,0.85,0.6538,6,0
IWM191122C158,2019-11-21,2019-11-21 09:36:02,0.86,0.6615,85,0.84,0.6461,10,0.87,0.6692,1,0.85,0.6538,6,0
IWM191122C158,2019-11-21,2019-11-21 09:36:02,0.86,0.6615,102,0.84,0.6461,10,0.87,0.6692,1,0.85,0.6538,6,0
IWM191122C158,2019-11-21,2019-11-21 09:36:03,0.86,0.6615,104,0.84,0.6461,10,0.87,0.6692,1,0.85,0.6538,6,0
IWM191122C158,2019-11-21,2019-11-21 09:36:03,0.86,0.6615,128,0.84,0.6461,17,0.87,0.6692,1,0.85,0.6538,6,0
IWM191122C158,2019-11-21,2019-11-21 09:36:04,0.85,0.6538,92,0.83,0.6384,25,0.87,0.6692,1,0.84,0.6461,6,0
IWM191122C158,2019-11-21,2019-11-21 09:36:04,0.86,0.6615,109,0.84,0.6461,17,0.87,0.6692,1,0.85,0.6538,6,0
IWM191122C158,2019-11-21,2019-11-21 09:36:05,0.85,0.6538,92,0.82,0.6307,146,0.87,0.6692,1,0.835,0.6423,6,0
IWM191122C158,2019-11-21,2019-11-21 09:36:05,0.85,0.6538,92,0.83,0.6384,20,0.87,0.6692,1,0.84,0.6461,6,0
IWM191122C158,2019-11-21,2019-11-21 09:36:06,0.84,0.6461,84,0.81,0.623,343,0.87,0.6692,1,0.825,0.6346,6,0
IWM191122C158,2019-11-21,2019-11-21 09:36:06,0.85,0.6538,92,0.83,0.6384,10,0.87,0.6692,1,0.84,0.6461,6,0
IWM191122C158,2019-11-21,2019-11-21 09:36:07,0.84,0.6461,26,0.83,0.6384,10,0.87,0.6692,1,0.835,0.6423,6,0
IWM191122C158,2019-11-21,2019-11-21 09:36:07,0.84,0.6461,26,0.82,0.6307,103,0.87,0.6692,1,0.83,0.6384,6,0
IWM191122C158,2019-11-21,2019-11-21 09:36:08,0.85,0.6538,113,0.83,0.6384,10,0.87,0.6692,1,0.84,0.6461,6,0
IWM191122C158,2019-11-21,2019-11-21 09:36:08,0.85,0.6538,111,0.83,0.6384,10,0.87,0.6692,1,0.84,0.6461,6,0
IWM191122C158,2019-11-21,2019-11-21 09:36:09,0.86,0.6615,92,0.83,0.6384,133,0.87,0.6692,1,0.845,0.65,6,0
IWM191122C158,2019-11-21,2019-11-21 09:36:09,0.86,0.6615,50,0.83,0.6384,130,0.87,0.6692,1,0.845,0.65,6,0
IWM191122C158,2019-11-21,2019-11-21 09:36:10,0.86,0.6615,50,0.83,0.6384,130,0.87,0.6692,1,0.845,0.65,6,0
IWM191122C158,2019-11-21,2019-11-21 09:36:10,0.86,0.6615,17,0.84,0.6461,43,0.87,0.6692,1,0.85,0.6538,6,0
IWM191122C158,2019-11-21,2019-11-21 09:36:11,0.87,0.6692,25,0.84,0.6461,181,0.87,0.6692,1,0.855,0.6576,6,0
IWM191122C158,2019-11-21,2019-11-21 09:36:11,0.87,0.6692,73,0.84,0.6461,181,0.87,0.6692,1,0.855,0.6576,6,0
IWM191122C158,2019-11-21,2019-11-21 09:36:12,0.88,0.6769,90,0.84,0.6461,131,0.87,0.6692,1,0.86,0.6615,6,0
IWM191122C158,2019-11-21,2019-11-21 09:36:12,0.87,0.6692,121,0.84,0.6461,338,0.87,0.6692,1,0.855,0.6576,6,0
IWM191122C158,2019-11-21,2019-11-21 09:36:13,0.87,0.6692,17,0.85,0.6538,32,0.87,0.6692,1,0.86,0.6615,6,0
IWM191122C158,2019-11-21,2019-11-21 09:36:14,0.87,0.6692,17,0.85,0.6538,42,0.87,0.6692,1,0.86,0.6615,6,0
IWM191122C158,2019-11-21,2019-11-21 09:36:15,0.88,0.6769,135,0.85,0.6538,310,0.87,0.6692,1,0.865,0.6653,6,0
IWM191122C158,2019-11-21,2019-11-21 09:36:15,0.88,0.6769,75,0.85,0.6538,107,0.87,0.6692,1,0.865,0.6653,6,0
IWM191122C158,2019-11-21,2019-11-21 09:36:16,0.88,0.6769,114,0.85,0.6538,61,0.87,0.6692,1,0.865,0.6653,6,0
IWM191122C158,2019-11-21,2019-11-21 09:36:16,0.88,0.6769,92,0.85,0.6538,118,0.87,0.6692,1,0.865,0.6653,6,0
IWM191122C158,2019-11-21,2019-11-21 09:36:17,0.88,0.6769,108,0.85,0.6538,118,0.87,0.6692,1,0.865,0.6653,6,0
IWM191122C158,2019-11-21,2019-11-21 09:36:17,0.87,0.6692,13,0.85,0.6538,32,0.87,0.6692,1,0.86,0.6615,6,0
IWM191122C158,2019-11-21,2019-11-21 09:36:18,0.87,0.6692,13,0.85,0.6538,32,0.87,0.6692,1,0.86,0.6615,6,0
IWM191122C158,2019-11-21,2019-11-21 09:36:18,0.88,0.6769,155,0.85,0.6538,17,0.87,0.6692,1,0.865,0.6653,6,0
IWM191122C158,2019-11-21,2019-11-21 09:36:19,0.88,0.6769,75,0.85,0.6538,133,0.87,0.6692,1,0.865,0.6653,6,0
IWM191122C158,2019-11-21,2019-11-21 09:36:19,0.87,0.6692,13,0.85,0.6538,105,0.87,0.6692,1,0.86,0.6615,6,0
IWM191122C158,2019-11-21,2019-11-21 09:36:20,0.89,0.6846,75,0.86,0.6615,131,0.87,0.6692,1,0.875,0.673,6,0
IWM191122C158,2019-11-21,2019-11-21 09:36:20,0.88,0.6769,10,0.85,0.6538,154,0.87,0.6692,1,0.865,0.6653,6,0
IWM191122C158,2019-11-21,2019-11-21 09:36:21,0.89,0.6846,20,0.86,0.6615,220,0.87,0.6692,1,0.875,0.673,6,0
IWM191122C158,2019-11-21,2019-11-21 09:36:21,0.89,0.6846,84,0.86,0.6615,246,0.87,0.6692,1,0.875,0.673,6,0
IWM191122C158,2019-11-21,2019-11-21 09:36:22,0.89,0.6846,84,0.87,0.6692,44,0.87,0.6692,1,0.88,0.6769,6,0
IWM191122C158,2019-11-21,2019-11-21 09:36:23,0.89,0.6846,20,0.87,0.6692,44,0.87,0.6692,1,0.88,0.6769,6,0
IWM191122C158,2019-11-21,2019-11-21 09:36:23,0.89,0.6846,10,0.87,0.6692,44,0.87,0.6692,1,0.88,0.6769,6,0
IWM191122C158,2019-11-21,2019-11-21 09:36:24,0.9,0.6923,106,0.87,0.6692,138,0.87,0.6692,1,0.885,0.6807,6,0
IWM191122C158,2019-11-21,2019-11-21 09:36:24,0.9,0.6923,106,0.87,0.6692,79,0.87,0.6692,1,0.885,0.6807,6,0
IWM191122C158,2019-11-21,2019-11-21 09:36:25,0.9,0.6923,106,0.87,0.6692,138,0.87,0.6692,1,0.885,0.6807,6,0
IWM191122C158,2019-11-21,2019-11-21 09:36:25,0.9,0.6923,129,0.88,0.6769,13,0.87,0.6692,1,0.89,0.6846,6,0
IWM191122C158,2019-11-21,2019-11-21 09:36:26,0.9,0.6923,129,0.88,0.6769,13,0.87,0.6692,1,0.89,0.6846,6,0
IWM191122C158,2019-11-21,2019-11-21 09:36:27,0.9,0.6923,129,0.88,0.6769,13,0.87,0.6692,1,0.89,0.6846,6,0
IWM191122C158,2019-11-21,2019-11-21 09:36:27,0.9,0.6923,129,0.87,0.6692,93,0.87,0.6692,1,0.885,0.6807,6,0
IWM191122C158,2019-11-21,2019-11-21 09:36:28,0.9,0.6923,127,0.88,0.6769,10,0.87,0.6692,1,0.89,0.6846,6,0
IWM191122C158,2019-11-21,2019-11-21 09:36:28,0.9,0.6923,129,0.88,0.6769,10,0.87,0.6692,1,0.89,0.6846,6,0
IWM191122C158,2019-11-21,2019-11-21 09:36:29,0.9,0.6923,190,0.88,0.6769,10,0.87,0.6692,1,0.89,0.6846,6,0
IWM191122C158,2019-11-21,2019-11-21 09:36:29,0.9,0.6923,218,0.87,0.6692,28,0.87,0.6692,1,0.885,0.6807,6,0
IWM191122C158,2019-11-21,2019-11-21 09:36:30,0.92,0.7076,97,0.9,0.6923,10,0.87,0.6692,1,0.91,0.7,6,0
IWM191122C158,2019-11-21,2019-11-21 09:36:30,0.91,0.7,18,0.87,0.6692,118,0.87,0.6692,1,0.89,0.6846,6,0
IWM191122C158,2019-11-21,2019-11-21 09:36:31,0.92,0.7076,100,0.9,0.6923,10,0.87,0.6692,1,0.91,0.7,6,0
IWM191122C158,2019-11-21,2019-11-21 09:36:31,0.92,0.7076,242,0.9,0.6923,16,0.87,0.6692,1,0.91,0.7,6,0
IWM191122C158,2019-11-21,2019-11-21 09:36:32,0.93,0.7153,75,0.9,0.6923,35,0.87,0.6692,1,0.915,0.7038,6,0
IWM191122C158,2019-11-21,2019-11-21 09:36:33,0.93,0.7153,114,0.9,0.6923,85,0.87,0.6692,1,0.915,0.7038,6,0
IWM191122C158,2019-11-21,2019-11-21 09:36:33,0.93,0.7153,132,0.9,0.6923,30,0.87,0.6692,1,0.915,0.7038,6,0
IWM191122C158,2019-11-21,2019-11-21 09:36:34,0.93,0.7153,191,0.9,0.6923,27,0.87,0.6692,1,0.915,0.7038,6,0
IWM191122C158,2019-11-21,2019-11-21 09:36:34,0.92,0.7076,17,0.9,0.6923,27,0.87,0.6692,1,0.91,0.7,6,0
IWM191122C158,2019-11-21,2019-11-21 09:36:35,0.93,0.7153,230,0.9,0.6923,20,0.87,0.6692,1,0.915,0.7038,6,0
IWM191122C158,2019-11-21,2019-11-21 09:36:35,0.94,0.723,10,0.9,0.6923,42,0.92,0.7076,4,0.92,0.7076,11,5
IWM191122C158,2019-11-21,2019-11-21 09:36:36,0.94,0.723,143,0.92,0.7076,6,0.92,0.7076,4,0.93,0.7153,11,0
IWM191122C158,2019-11-21,2019-11-21 09:36:37,0.94,0.723,143,0.92,0.7076,6,0.92,0.7076,4,0.93,0.7153,11,0
IWM191122C158,2019-11-21,2019-11-21 09:36:38,0.94,0.723,107,0.92,0.7076,6,0.92,0.7076,4,0.93,0.7153,11,0
IWM191122C158,2019-11-21,2019-11-21 09:36:38,0.93,0.7153,75,0.91,0.7,51,0.92,0.7076,4,0.92,0.7076,11,0
IWM191122C158,2019-11-21,2019-11-21 09:36:39,0.93,0.7153,75,0.91,0.7,51,0.92,0.7076,4,0.92,0.7076,11,0
IWM191122C158,2019-11-21,2019-11-21 09:36:39,0.94,0.723,102,0.91,0.7,51,0.92,0.7076,4,0.925,0.7115,11,0
IWM191122C158,2019-11-21,2019-11-21 09:36:40,0.94,0.723,119,0.91,0.7,89,0.92,0.7076,4,0.925,0.7115,11,0
IWM191122C158,2019-11-21,2019-11-21 09:36:40,0.93,0.7153,75,0.91,0.7,89,0.92,0.7076,4,0.92,0.7076,11,0
IWM191122C158,2019-11-21,2019-11-21 09:36:41,0.94,0.723,147,0.91,0.7,89,0.92,0.7076,4,0.925,0.7115,11,0
IWM191122C158,2019-11-21,2019-11-21 09:36:41,0.94,0.723,188,0.91,0.7,125,0.92,0.7076,4,0.925,0.7115,11,0
IWM191122C158,2019-11-21,2019-11-21 09:36:42,0.94,0.723,220,0.91,0.7,102,0.92,0.7076,4,0.925,0.7115,11,0
IWM191122C158,2019-11-21,2019-11-21 09:36:43,0.94,0.723,84,0.91,0.7,98,0.92,0.7076,4,0.925,0.7115,11,0
IWM191122C158,2019-11-21,2019-11-21 09:36:43,0.94,0.723,97,0.91,0.7,81,0.92,0.7076,4,0.925,0.7115,11,0
IWM191122C158,2019-11-21,2019-11-21 09:36:44,0.94,0.723,122,0.91,0.7,105,0.92,0.7076,4,0.925,0.7115,11,0
IWM191122C158,2019-11-21,2019-11-21 09:36:45,0.94,0.723,98,0.91,0.7,30,0.92,0.7076,4,0.925,0.7115,11,0
IWM191122C158,2019-11-21,2019-11-21 09:36:45,0.93,0.7153,75,0.91,0.7,30,0.92,0.7076,4,0.92,0.7076,11,0
IWM191122C158,2019-11-21,2019-11-21 09:36:46,0.93,0.7153,116,0.9,0.6923,32,0.92,0.7076,4,0.915,0.7038,11,0
IWM191122C158,2019-11-21,2019-11-21 09:36:47,0.93,0.7153,133,0.9,0.6923,33,0.92,0.7076,4,0.915,0.7038,11,0
IWM191122C158,2019-11-21,2019-11-21 09:36:47,0.93,0.7153,184,0.91,0.7,17,0.92,0.7076,4,0.92,0.7076,11,0
IWM191122C158,2019-11-21,2019-11-21 09:36:48,0.93,0.7153,75,0.91,0.7,30,0.92,0.7076,4,0.92,0.7076,11,0
IWM191122C158,2019-11-21,2019-11-21 09:36:49,0.95,0.7307,95,0.93,0.7153,1,0.92,0.7076,4,0.94,0.723,11,0
IWM191122C158,2019-11-21,2019-11-21 09:36:49,0.95,0.7307,84,0.92,0.7076,19,0.92,0.7076,4,0.935,0.7192,11,0
IWM191122C158,2019-11-21,2019-11-21 09:36:50,0.95,0.7307,95,0.93,0.7153,20,0.92,0.7076,4,0.94,0.723,11,0
IWM191122C158,2019-11-21,2019-11-21 09:36:50,0.95,0.7307,75,0.93,0.7153,20,0.92,0.7076,4,0.94,0.723,11,0
IWM191122C158,2019-11-21,2019-11-21 09:36:51,0.98,0.7538,153,0.94,0.723,101,0.92,0.7076,4,0.96,0.7384,11,0
IWM191122C158,2019-11-21,2019-11-21 09:36:51,0.98,0.7538,75,0.95,0.7307,130,0.92,0.7076,4,0.965,0.7423,11,0
IWM191122C158,2019-11-21,2019-11-21 09:36:52,0.99,0.7615,129,0.96,0.7384,30,0.92,0.7076,4,0.975,0.75,11,0
IWM191122C158,2019-11-21,2019-11-21 09:36:52,0.98,0.7538,118,0.95,0.7307,55,0.92,0.7076,4,0.965,0.7423,11,0
IWM191122C158,2019-11-21,2019-11-21 09:36:53,0.98,0.7538,118,0.96,0.7384,10,0.92,0.7076,4,0.97,0.7461,11,0
IWM191122C158,2019-11-21,2019-11-21 09:36:53,0.98,0.7538,103,0.95,0.7307,17,0.92,0.7076,4,0.965,0.7423,11,0
IWM191122C158,2019-11-21,2019-11-21 09:36:54,0.98,0.7538,116,0.95,0.7307,62,0.92,0.7076,4,0.965,0.7423,11,0
IWM191122C158,2019-11-21,2019-11-21 09:36:55,0.98,0.7538,126,0.95,0.7307,33,0.92,0.7076,4,0.965,0.7423,11,0
IWM191122C158,2019-11-21,2019-11-21 09:36:55,0.97,0.7461,75,0.95,0.7307,53,0.92,0.7076,4,0.96,0.7384,11,0
IWM191122C158,2019-11-21,2019-11-21 09:36:56,0.99,0.7615,132,0.97,0.7461,11,0.92,0.7076,4,0.98,0.7538,11,0
IWM191122C158,2019-11-21,2019-11-21 09:36:56,0.99,0.7615,118,0.95,0.7307,133,0.92,0.7076,4,0.97,0.7461,11,0
IWM191122C158,2019-11-21,2019-11-21 09:36:57,0.99,0.7615,107,0.96,0.7384,52,0.92,0.7076,4,0.975,0.75,11,0
IWM191122C158,2019-11-21,2019-11-21 09:36:57,0.99,0.7615,92,0.96,0.7384,102,0.92,0.7076,4,0.975,0.75,11,0
IWM191122C158,2019-11-21,2019-11-21 09:36:58,0.98,0.7538,82,0.95,0.7307,93,0.92,0.7076,4,0.965,0.7423,11,0
IWM191122C158,2019-11-21,2019-11-21 09:36:58,0.98,0.7538,92,0.96,0.7384,10,0.92,0.7076,4,0.97,0.7461,11,0
IWM191122C158,2019-11-21,2019-11-21 09:36:59,0.98,0.7538,92,0.96,0.7384,17,0.92,0.7076,4,0.97,0.7461,11,0
IWM191122C158,2019-11-21,2019-11-21 09:36:59,0.98,0.7538,75,0.95,0.7307,20,0.92,0.7076,4,0.965,0.7423,11,0
IWM191122C158,2019-11-21,2019-11-21 09:37:00,0.99,0.7615,92,0.95,0.7307,94,0.92,0.7076,4,0.97,0.7461,11,0
IWM191122C158,2019-11-21,2019-11-21 09:37:01,0.97,0.7461,1,0.94,0.723,93,0.97,0.7461,2,0.955,0.7346,13,2
IWM191122C158,2019-11-21,2019-11-21 09:37:01,0.97,0.7461,139,0.94,0.723,10,0.97,0.7461,2,0.955,0.7346,13,0
IWM191122C158,2019-11-21,2019-11-21 09:37:02,0.96,0.7384,90,0.94,0.723,30,0.97,0.7461,2,0.95,0.7307,13,0
IWM191122C158,2019-11-21,2019-11-21 09:37:02,0.97,0.7461,26,0.94,0.723,30,0.97,0.7461,2,0.955,0.7346,13,0
IWM191122C158,2019-11-21,2019-11-21 09:37:03,0.96,0.7384,119,0.92,0.7076,93,0.97,0.7461,2,0.94,0.723,13,0
IWM191122C158,2019-11-21,2019-11-21 09:37:03,0.97,0.7461,92,0.95,0.7307,14,0.97,0.7461,2,0.96,0.7384,13,0
IWM191122C158,2019-11-21,2019-11-21 09:37:04,0.94,0.723,92,0.91,0.7,109,0.97,0.7461,2,0.925,0.7115,13,0
IWM191122C158,2019-11-21,2019-11-21 09:37:04,0.95,0.7307,82,0.92,0.7076,93,0.97,0.7461,2,0.935,0.7192,13,0
IWM191122C158,2019-11-21,2019-11-21 09:37:05,0.94,0.723,92,0.91,0.7,109,0.97,0.7461,2,0.925,0.7115,13,0
IWM191122C158,2019-11-21,2019-11-21 09:37:05,0.94,0.723,112,0.9,0.6923,108,0.97,0.7461,2,0.92,0.7076,13,0
IWM191122C158,2019-11-21,2019-11-21 09:37:06,0.94,0.723,104,0.91,0.7,214,0.97,0.7461,2,0.925,0.7115,13,0
IWM191122C158,2019-11-21,2019-11-21 09:37:06,0.94,0.723,117,0.91,0.7,10,0.97,0.7461,2,0.925,0.7115,13,0
IWM191122C158,2019-11-21,2019-11-21 09:37:07,0.94,0.723,63,0.91,0.7,103,0.97,0.7461,2,0.925,0.7115,13,0
IWM191122C158,2019-11-21,2019-11-21 09:37:07,0.94,0.723,104,0.91,0.7,159,0.97,0.7461,2,0.925,0.7115,13,0
IWM191122C158,2019-11-21,2019-11-21 09:37:08,0.95,0.7307,112,0.92,0.7076,20,0.97,0.7461,2,0.935,0.7192,13,0
IWM191122C158,2019-11-21,2019-11-21 09:37:08,0.95,0.7307,92,0.92,0.7076,103,0.97,0.7461,2,0.935,0.7192,13,0
IWM191122C158,2019-11-21,2019-11-21 09:37:09,0.94,0.723,92,0.91,0.7,131,0.97,0.7461,2,0.925,0.7115,13,0
IWM191122C158,2019-11-21,2019-11-21 09:37:09,0.93,0.7153,75,0.91,0.7,17,0.92,0.7076,15,0.92,0.7076,28,15
IWM191122C158,2019-11-21,2019-11-21 09:37:10,0.94,0.723,75,0.9,0.6923,31,0.92,0.7076,15,0.92,0.7076,28,0
IWM191122C158,2019-11-21,2019-11-21 09:37:10,0.95,0.7307,104,0.92,0.7076,11,0.92,0.7076,15,0.935,0.7192,28,0
IWM191122C158,2019-11-21,2019-11-21 09:37:11,0.94,0.723,88,0.91,0.7,11,0.92,0.7076,15,0.925,0.7115,28,0
IWM191122C158,2019-11-21,2019-11-21 09:37:11,0.93,0.7153,92,0.91,0.7,11,0.92,0.7076,15,0.92,0.7076,28,0
IWM191122C158,2019-11-21,2019-11-21 09:37:12,0.93,0.7153,88,0.9,0.6923,92,0.92,0.7076,15,0.915,0.7038,28,0
IWM191122C158,2019-11-21,2019-11-21 09:37:12,0.93,0.7153,92,0.9,0.6923,122,0.92,0.7076,15,0.915,0.7038,28,0
IWM191122C158,2019-11-21,2019-11-21 09:37:13,0.93,0.7153,92,0.9,0.6923,122,0.92,0.7076,15,0.915,0.7038,28,0
IWM191122C158,2019-11-21,2019-11-21 09:37:13,0.93,0.7153,106,0.9,0.6923,122,0.92,0.7076,15,0.915,0.7038,28,0
IWM191122C158,2019-11-21,2019-11-21 09:37:14,0.94,0.723,84,0.9,0.6923,122,0.92,0.7076,15,0.92,0.7076,28,0
IWM191122C158,2019-11-21,2019-11-21 09:37:14,0.93,0.7153,92,0.91,0.7,17,0.92,0.7076,15,0.92,0.7076,28,0
IWM191122C158,2019-11-21,2019-11-21 09:37:15,0.93,0.7153,92,0.9,0.6923,20,0.92,0.7076,15,0.915,0.7038,28,0
IWM191122C158,2019-11-21,2019-11-21 09:37:15,0.93,0.7153,92,0.91,0.7,17,0.92,0.7076,15,0.92,0.7076,28,0
IWM191122C158,2019-11-21,2019-11-21 09:37:16,0.93,0.7153,92,0.9,0.6923,10,0.92,0.7076,15,0.915,0.7038,28,0
IWM191122C158,2019-11-21,2019-11-21 09:37:16,0.92,0.7076,145,0.9,0.6923,10,0.92,0.7076,15,0.91,0.7,28,0
IWM191122C158,2019-11-21,2019-11-21 09:37:17,0.92,0.7076,17,0.89,0.6846,93,0.92,0.7076,15,0.905,0.6961,28,0
IWM191122C158,2019-11-21,2019-11-21 09:37:18,0.92,0.7076,17,0.9,0.6923,17,0.92,0.7076,15,0.91,0.7,28,0
IWM191122C158,2019-11-21,2019-11-21 09:37:18,0.92,0.7076,106,0.89,0.6846,106,0.92,0.7076,15,0.905,0.6961,28,0
IWM191122C158,2019-11-21,2019-11-21 09:37:19,0.92,0.7076,126,0.89,0.6846,10,0.92,0.7076,15,0.905,0.6961,28,0
IWM191122C158,2019-11-21,2019-11-21 09:37:20,0.9,0.6923,57,0.88,0.6769,7,0.92,0.7076,15,0.89,0.6846,28,0
IWM191122C158,2019-11-21,2019-11-21 09:37:20,0.92,0.7076,126,0.88,0.6769,20,0.92,0.7076,15,0.9,0.6923,28,0
IWM191122C158,2019-11-21,2019-11-21 09:37:21,0.9,0.6923,84,0.88,0.6769,17,0.92,0.7076,15,0.89,0.6846,28,0
IWM191122C158,2019-11-21,2019-11-21 09:37:21,0.9,0.6923,84,0.88,0.6769,20,0.92,0.7076,15,0.89,0.6846,28,0
IWM191122C158,2019-11-21,2019-11-21 09:37:22,0.9,0.6923,13,0.88,0.6769,20,0.92,0.7076,15,0.89,0.6846,28,0
IWM191122C158,2019-11-21,2019-11-21 09:37:23,0.9,0.6923,92,0.87,0.6692,30,0.92,0.7076,15,0.885,0.6807,28,0
IWM191122C158,2019-11-21,2019-11-21 09:37:23,0.9,0.6923,108,0.87,0.6692,78,0.92,0.7076,15,0.885,0.6807,28,0
IWM191122C158,2019-11-21,2019-11-21 09:37:24,0.91,0.7,92,0.88,0.6769,84,0.92,0.7076,15,0.895,0.6884,28,0
IWM191122C158,2019-11-21,2019-11-21 09:37:25,0.92,0.7076,92,0.89,0.6846,84,0.92,0.7076,15,0.905,0.6961,28,0
IWM191122C158,2019-11-21,2019-11-21 09:37:25,0.91,0.7,75,0.88,0.6769,22,0.92,0.7076,15,0.895,0.6884,28,0
IWM191122C158,2019-11-21,2019-11-21 09:37:26,0.91,0.7,75,0.88,0.6769,112,0.92,0.7076,15,0.895,0.6884,28,0
IWM191122C158,2019-11-21,2019-11-21 09:37:26,0.92,0.7076,107,0.89,0.6846,33,0.92,0.7076,15,0.905,0.6961,28,0
IWM191122C158,2019-11-21,2019-11-21 09:37:27,0.91,0.7,112,0.88,0.6769,138,0.92,0.7076,15,0.895,0.6884,28,0
IWM191122C158,2019-11-21,2019-11-21 09:37:27,0.91,0.7,84,0.89,0.6846,37,0.92,0.7076,15,0.9,0.6923,28,0
IWM191122C158,2019-11-21,2019-11-21 09:37:28,0.91,0.7,108,0.88,0.6769,138,0.92,0.7076,15,0.895,0.6884,28,0
IWM191122C158,2019-11-21,2019-11-21 09:37:28,0.91,0.7,92,0.88,0.6769,238,0.92,0.7076,15,0.895,0.6884,28,0
IWM191122C158,2019-11-21,2019-11-21 09:37:29,0.91,0.7,92,0.88,0.6769,138,0.92,0.7076,15,0.895,0.6884,28,0
IWM191122C158,2019-11-21,2019-11-21 09:37:29,0.92,0.7076,107,0.89,0.6846,124,0.92,0.7076,15,0.905,0.6961,28,0
IWM191122C158,2019-11-21,2019-11-21 09:37:30,0.92,0.7076,136,0.89,0.6846,124,0.92,0.7076,15,0.905,0.6961,28,0
IWM191122C158,2019-11-21,2019-11-21 09:37:30,0.92,0.7076,159,0.9,0.6923,10,0.92,0.7076,15,0.91,0.7,28,0
IWM191122C158,2019-11-21,2019-11-21 09:37:31,0.92,0.7076,75,0.89,0.6846,40,0.92,0.7076,15,0.905,0.6961,28,0
IWM191122C158,2019-11-21,2019-11-21 09:37:31,0.92,0.7076,17,0.89,0.6846,125,0.92,0.7076,15,0.905,0.6961,28,0
IWM191122C158,2019-11-21,2019-11-21 09:37:32,0.92,0.7076,92,0.9,0.6923,32,0.92,0.7076,15,0.91,0.7,28,0
IWM191122C158,2019-11-21,2019-11-21 09:37:32,0.92,0.7076,103,0.9,0.6923,10,0.92,0.7076,15,0.91,0.7,28,0
IWM191122C158,2019-11-21,2019-11-21 09:37:33,0.93,0.7153,92,0.9,0.6923,33,0.92,0.7076,15,0.915,0.7038,28,0
IWM191122C158,2019-11-21,2019-11-21 09:37:33,0.92,0.7076,103,0.9,0.6923,10,0.92,0.7076,15,0.91,0.7,28,0
IWM191122C158,2019-11-21,2019-11-21 09:37:34,0.93,0.7153,104,0.9,0.6923,116,0.92,0.7076,15,0.915,0.7038,28,0
IWM191122C158,2019-11-21,2019-11-21 09:37:34,0.92,0.7076,75,0.9,0.6923,116,0.92,0.7076,15,0.91,0.7,28,0
IWM191122C158,2019-11-21,2019-11-21 09:37:35,0.93,0.7153,92,0.91,0.7,8,0.92,0.7076,15,0.92,0.7076,28,0
IWM191122C158,2019-11-21,2019-11-21 09:37:35,0.92,0.7076,92,0.9,0.6923,13,0.92,0.7076,15,0.91,0.7,28,0
IWM191122C158,2019-11-21,2019-11-21 09:37:36,0.92,0.7076,82,0.9,0.6923,34,0.92,0.7076,15,0.91,0.7,28,0
IWM191122C158,2019-11-21,2019-11-21 09:37:36,0.92,0.7076,10,0.9,0.6923,42,0.92,0.7076,15,0.91,0.7,28,0
IWM191122C158,2019-11-21,2019-11-21 09:37:37,0.92,0.7076,90,0.89,0.6846,97,0.92,0.7076,15,0.905,0.6961,28,0
IWM191122C158,2019-11-21,2019-11-21 09:37:38,0.92,0.7076,92,0.9,0.6923,36,0.92,0.7076,15,0.91,0.7,28,0
IWM191122C158,2019-11-21,2019-11-21 09:37:38,0.92,0.7076,107,0.9,0.6923,24,0.92,0.7076,15,0.91,0.7,28,0
IWM191122C158,2019-11-21,2019-11-21 09:37:39,0.92,0.7076,88,0.9,0.6923,22,0.92,0.7076,15,0.91,0.7,28,0
IWM191122C158,2019-11-21,2019-11-21 09:37:39,0.93,0.7153,75,0.9,0.6923,72,0.92,0.7076,15,0.915,0.7038,28,0
IWM191122C158,2019-11-21,2019-11-21 09:37:40,0.93,0.7153,92,0.91,0.7,5,0.92,0.7076,15,0.92,0.7076,28,0
IWM191122C158,2019-11-21,2019-11-21 09:37:40,0.93,0.7153,92,0.91,0.7,20,0.92,0.7076,15,0.92,0.7076,28,0
IWM191122C158,2019-11-21,2019-11-21 09:37:41,0.93,0.7153,92,0.91,0.7,17,0.92,0.7076,15,0.92,0.7076,28,0
IWM191122C158,2019-11-21,2019-11-21 09:37:41,0.93,0.7153,92,0.91,0.7,5,0.92,0.7076,15,0.92,0.7076,28,0
IWM191122C158,2019-11-21,2019-11-21 09:37:42,0.93,0.7153,84,0.91,0.7,17,0.92,0.7076,15,0.92,0.7076,28,0
IWM191122C158,2019-11-21,2019-11-21 09:37:42,0.93,0.7153,88,0.91,0.7,5,0.92,0.7076,15,0.92,0.7076,28,0
IWM191122C158,2019-11-21,2019-11-21 09:37:43,0.93,0.7153,132,0.91,0.7,5,0.92,0.7076,15,0.92,0.7076,28,0
IWM191122C158,2019-11-21,2019-11-21 09:37:43,0.93,0.7153,112,0.91,0.7,5,0.92,0.7076,15,0.92,0.7076,28,0
IWM191122C158,2019-11-21,2019-11-21 09:37:44,0.93,0.7153,121,0.91,0.7,17,0.92,0.7076,15,0.92,0.7076,28,0
IWM191122C158,2019-11-21,2019-11-21 09:37:44,0.93,0.7153,89,0.9,0.6923,41,0.92,0.7076,15,0.915,0.7038,28,0
IWM191122C158,2019-11-21,2019-11-21 09:37:45,0.93,0.7153,102,0.91,0.7,5,0.92,0.7076,15,0.92,0.7076,28,0
IWM191122C158,2019-11-21,2019-11-21 09:37:45,0.93,0.7153,89,0.9,0.6923,43,0.92,0.7076,15,0.915,0.7038,28,0
IWM191122C158,2019-11-21,2019-11-21 09:37:46,0.93,0.7153,90,0.91,0.7,5,0.92,0.7076,15,0.92,0.7076,28,0
IWM191122C158,2019-11-21,2019-11-21 09:37:46,0.93,0.7153,109,0.9,0.6923,43,0.92,0.7076,15,0.915,0.7038,28,0
IWM191122C158,2019-11-21,2019-11-21 09:37:47,0.93,0.7153,133,0.91,0.7,13,0.92,0.7076,15,0.92,0.7076,28,0
IWM191122C158,2019-11-21,2019-11-21 09:37:47,0.92,0.7076,12,0.9,0.6923,39,0.92,0.7076,15,0.91,0.7,28,0
IWM191122C158,2019-11-21,2019-11-21 09:37:48,0.92,0.7076,16,0.9,0.6923,36,0.92,0.7076,15,0.91,0.7,28,0
IWM191122C158,2019-11-21,2019-11-21 09:37:48,0.92,0.7076,84,0.9,0.6923,27,0.92,0.7076,15,0.91,0.7,28,0
IWM191122C158,2019-11-21,2019-11-21 09:37:49,0.93,0.7153,132,0.9,0.6923,172,0.92,0.7076,15,0.915,0.7038,28,0
IWM191122C158,2019-11-21,2019-11-21 09:37:49,0.93,0.7153,107,0.9,0.6923,129,0.92,0.7076,15,0.915,0.7038,28,0
IWM191122C158,2019-11-21,2019-11-21 09:37:50,0.93,0.7153,136,0.9,0.6923,207,0.92,0.7076,15,0.915,0.7038,28,0
IWM191122C158,2019-11-21,2019-11-21 09:37:50,0.94,0.723,75,0.9,0.6923,256,0.92,0.7076,15,0.92,0.7076,28,0
IWM191122C158,2019-11-21,2019-11-21 09:37:51,0.94,0.723,84,0.91,0.7,232,0.92,0.7076,15,0.925,0.7115,28,0
IWM191122C158,2019-11-21,2019-11-21 09:37:51,0.94,0.723,84,0.91,0.7,166,0.92,0.7076,15,0.925,0.7115,28,0
IWM191122C158,2019-11-21,2019-11-21 09:37:52,0.94,0.723,134,0.91,0.7,232,0.92,0.7076,15,0.925,0.7115,28,0
IWM191122C158,2019-11-21,2019-11-21 09:37:52,0.94,0.723,134,0.92,0.7076,29,0.92,0.7076,15,0.93,0.7153,28,0
IWM191122C158,2019-11-21,2019-11-21 09:37:53,0.94,0.723,118,0.9,0.6923,51,0.92,0.7076,15,0.92,0.7076,28,0
IWM191122C158,2019-11-21,2019-11-21 09:37:53,0.94,0.723,80,0.92,0.7076,33,0.92,0.7076,15,0.93,0.7153,28,0
IWM191122C158,2019-11-21,2019-11-21 09:37:54,0.92,0.7076,10,0.9,0.6923,62,0.92,0.7076,15,0.91,0.7,28,0
IWM191122C158,2019-11-21,2019-11-21 09:37:55,0.93,0.7153,84,0.9,0.6923,93,0.92,0.7076,15,0.915,0.7038,28,0
IWM191122C158,2019-11-21,2019-11-21 09:37:56,0.94,0.723,141,0.91,0.7,92,0.92,0.7076,15,0.925,0.7115,28,0
IWM191122C158,2019-11-21,2019-11-21 09:37:56,0.94,0.723,141,0.91,0.7,20,0.92,0.7076,15,0.925,0.7115,28,0
IWM191122C158,2019-11-21,2019-11-21 09:37:57,0.94,0.723,92,0.92,0.7076,20,0.92,0.7076,15,0.93,0.7153,28,0
IWM191122C158,2019-11-21,2019-11-21 09:37:57,0.94,0.723,141,0.91,0.7,20,0.92,0.7076,15,0.925,0.7115,28,0
IWM191122C158,2019-11-21,2019-11-21 09:37:58,0.94,0.723,92,0.91,0.7,30,0.92,0.7076,15,0.925,0.7115,28,0
IWM191122C158,2019-11-21,2019-11-21 09:37:58,0.94,0.723,92,0.92,0.7076,10,0.92,0.7076,15,0.93,0.7153,28,0
IWM191122C158,2019-11-21,2019-11-21 09:37:59,0.94,0.723,92,0.91,0.7,106,0.92,0.7076,15,0.925,0.7115,28,0
IWM191122C158,2019-11-21,2019-11-21 09:37:59,0.95,0.7307,107,0.91,0.7,121,0.92,0.7076,15,0.93,0.7153,28,0
IWM191122C158,2019-11-21,2019-11-21 09:38:00,0.93,0.7153,90,0.91,0.7,121,0.92,0.7076,15,0.92,0.7076,28,0
IWM191122C158,2019-11-21,2019-11-21 09:38:00,0.93,0.7153,84,0.91,0.7,20,0.92,0.7076,15,0.92,0.7076,28,0
IWM191122C158,2019-11-21,2019-11-21 09:38:01,0.94,0.723,92,0.91,0.7,92,0.92,0.7076,15,0.925,0.7115,28,0
IWM191122C158,2019-11-21,2019-11-21 09:38:01,0.93,0.7153,75,0.91,0.7,33,0.92,0.7076,15,0.92,0.7076,28,0
IWM191122C158,2019-11-21,2019-11-21 09:38:02,0.93,0.7153,3,0.91,0.7,59,0.92,0.7076,15,0.92,0.7076,28,0
IWM191122C158,2019-11-21,2019-11-21 09:38:02,0.94,0.723,75,0.91,0.7,122,0.92,0.7076,15,0.925,0.7115,28,0
IWM191122C158,2019-11-21,2019-11-21 09:38:03,0.94,0.723,99,0.91,0.7,93,0.92,0.7076,15,0.925,0.7115,28,0
IWM191122C158,2019-11-21,2019-11-21 09:38:03,0.94,0.723,84,0.9,0.6923,93,0.92,0.7076,15,0.92,0.7076,28,0
IWM191122C158,2019-11-21,2019-11-21 09:38:04,0.94,0.723,107,0.9,0.6923,93,0.92,0.7076,15,0.92,0.7076,28,0
IWM191122C158,2019-11-21,2019-11-21 09:38:04,0.94,0.723,107,0.91,0.7,33,0.92,0.7076,15,0.925,0.7115,28,0
IWM191122C158,2019-11-21,2019-11-21 09:38:05,0.93,0.7153,84,0.91,0.7,10,0.92,0.7076,15,0.92,0.7076,28,0
IWM191122C158,2019-11-21,2019-11-21 09:38:06,0.93,0.7153,107,0.91,0.7,10,0.92,0.7076,15,0.92,0.7076,28,0
IWM191122C158,2019-11-21,2019-11-21 09:38:06,0.93,0.7153,82,0.91,0.7,34,0.92,0.7076,15,0.92,0.7076,28,0
IWM191122C158,2019-11-21,2019-11-21 09:38:07,0.93,0.7153,185,0.91,0.7,17,0.92,0.7076,15,0.92,0.7076,28,0
IWM191122C158,2019-11-21,2019-11-21 09:38:07,0.93,0.7153,92,0.91,0.7,10,0.92,0.7076,15,0.92,0.7076,28,0
IWM191122C158,2019-11-21,2019-11-21 09:38:08,0.93,0.7153,92,0.91,0.7,41,0.92,0.7076,15,0.92,0.7076,28,0
IWM191122C158,2019-11-21,2019-11-21 09:38:08,0.93,0.7153,92,0.91,0.7,52,0.92,0.7076,15,0.92,0.7076,28,0
IWM191122C158,2019-11-21,2019-11-21 09:38:09,0.94,0.723,141,0.91,0.7,60,0.92,0.7076,15,0.925,0.7115,28,0
IWM191122C158,2019-11-21,2019-11-21 09:38:09,0.94,0.723,141,0.92,0.7076,13,0.92,0.7076,15,0.93,0.7153,28,0
IWM191122C158,2019-11-21,2019-11-21 09:38:10,0.95,0.7307,107,0.92,0.7076,44,0.92,0.7076,15,0.935,0.7192,28,0
IWM191122C158,2019-11-21,2019-11-21 09:38:10,0.94,0.723,150,0.92,0.7076,44,0.92,0.7076,15,0.93,0.7153,28,0
IWM191122C158,2019-11-21,2019-11-21 09:38:11,0.95,0.7307,92,0.92,0.7076,174,0.92,0.7076,15,0.935,0.7192,28,0
IWM191122C158,2019-11-21,2019-11-21 09:38:11,0.96,0.7384,104,0.94,0.723,11,0.92,0.7076,15,0.95,0.7307,28,0
IWM191122C158,2019-11-21,2019-11-21 09:38:12,0.96,0.7384,13,0.9,0.6923,26,0.92,0.7076,15,0.93,0.7153,28,0
IWM191122C158,2019-11-21,2019-11-21 09:38:12,0.94,0.723,90,0.92,0.7076,13,0.92,0.7076,15,0.93,0.7153,28,0
IWM191122C158,2019-11-21,2019-11-21 09:38:13,0.94,0.723,75,0.92,0.7076,29,0.92,0.7076,15,0.93,0.7153,28,0
IWM191122C158,2019-11-21,2019-11-21 09:38:13,0.95,0.7307,127,0.91,0.7,138,0.92,0.7076,15,0.93,0.7153,28,0
IWM191122C158,2019-11-21,2019-11-21 09:38:14,0.95,0.7307,92,0.92,0.7076,54,0.92,0.7076,15,0.935,0.7192,28,0
IWM191122C158,2019-11-21,2019-11-21 09:38:14,0.94,0.723,92,0.92,0.7076,54,0.92,0.7076,15,0.93,0.7153,28,0
IWM191122C158,2019-11-21,2019-11-21 09:38:15,0.96,0.7384,84,0.94,0.723,20,0.92,0.7076,15,0.95,0.7307,28,0
IWM191122C158,2019-11-21,2019-11-21 09:38:15,0.96,0.7384,123,0.94,0.723,28,0.92,0.7076,15,0.95,0.7307,28,0
IWM191122C158,2019-11-21,2019-11-21 09:38:16,0.96,0.7384,81,0.94,0.723,22,0.92,0.7076,15,0.95,0.7307,28,0
IWM191122C158,2019-11-21,2019-11-21 09:38:16,0.96,0.7384,120,0.93,0.7153,115,0.92,0.7076,15,0.945,0.7269,28,0
IWM191122C158,2019-11-21,2019-11-21 09:38:17,0.96,0.7384,40,0.94,0.723,34,0.92,0.7076,15,0.95,0.7307,28,0
IWM191122C158,2019-11-21,2019-11-21 09:38:17,0.96,0.7384,75,0.94,0.723,22,0.92,0.7076,15,0.95,0.7307,28,0
IWM191122C158,2019-11-21,2019-11-21 09:38:18,0.97,0.7461,145,0.94,0.723,144,0.97,0.7461,2,0.955,0.7346,31,3
IWM191122C158,2019-11-21,2019-11-21 09:38:18,0.97,0.7461,145,0.94,0.723,34,0.92,0.7076,15,0.955,0.7346,28,0
IWM191122C158,2019-11-21,2019-11-21 09:38:19,0.97,0.7461,103,0.94,0.723,22,0.97,0.7461,2,0.955,0.7346,31,0
IWM191122C158,2019-11-21,2019-11-21 09:38:19,0.97,0.7461,154,0.95,0.7307,6,0.95,0.7307,1,0.96,0.7384,32,1
IWM191122C158,2019-11-21,2019-11-21 09:38:20,0.97,0.7461,121,0.95,0.7307,18,0.95,0.7307,1,0.96,0.7384,32,0
IWM191122C158,2019-11-21,2019-11-21 09:38:21,0.97,0.7461,75,0.95,0.7307,7,0.95,0.7307,1,0.96,0.7384,32,0
IWM191122C158,2019-11-21,2019-11-21 09:38:21,0.97,0.7461,121,0.95,0.7307,18,0.95,0.7307,1,0.96,0.7384,32,0
IWM191122C158,2019-11-21,2019-11-21 09:38:22,0.97,0.7461,84,0.95,0.7307,23,0.95,0.7307,1,0.96,0.7384,32,0
IWM191122C158,2019-11-21,2019-11-21 09:38:23,0.98,0.7538,107,0.95,0.7307,71,0.95,0.7307,1,0.965,0.7423,32,0
IWM191122C158,2019-11-21,2019-11-21 09:38:23,0.98,0.7538,107,0.95,0.7307,45,0.95,0.7307,1,0.965,0.7423,32,0
IWM191122C158,2019-11-21,2019-11-21 09:38:24,0.98,0.7538,90,0.96,0.7384,20,0.95,0.7307,1,0.97,0.7461,32,0
IWM191122C158,2019-11-21,2019-11-21 09:38:24,0.98,0.7538,75,0.96,0.7384,20,0.95,0.7307,1,0.97,0.7461,32,0
IWM191122C158,2019-11-21,2019-11-21 09:38:25,0.98,0.7538,75,0.96,0.7384,17,0.95,0.7307,1,0.97,0.7461,32,0
IWM191122C158,2019-11-21,2019-11-21 09:38:25,0.98,0.7538,75,0.96,0.7384,20,0.95,0.7307,1,0.97,0.7461,32,0
IWM191122C158,2019-11-21,2019-11-21 09:38:26,0.98,0.7538,75,0.96,0.7384,17,0.95,0.7307,1,0.97,0.7461,32,0
IWM191122C158,2019-11-21,2019-11-21 09:38:26,0.98,0.7538,127,0.96,0.7384,10,0.95,0.7307,1,0.97,0.7461,32,0
IWM191122C158,2019-11-21,2019-11-21 09:38:27,0.98,0.7538,84,0.96,0.7384,22,0.95,0.7307,1,0.97,0.7461,32,0
IWM191122C158,2019-11-21,2019-11-21 09:38:27,0.98,0.7538,84,0.96,0.7384,10,0.95,0.7307,1,0.97,0.7461,32,0
IWM191122C158,2019-11-21,2019-11-21 09:38:28,0.98,0.7538,75,0.96,0.7384,36,0.95,0.7307,1,0.97,0.7461,32,0
IWM191122C158,2019-11-21,2019-11-21 09:38:28,0.99,0.7615,114,0.96,0.7384,22,0.95,0.7307,1,0.975,0.75,32,0
IWM191122C158,2019-11-21,2019-11-21 09:38:29,0.98,0.7538,84,0.95,0.7307,99,0.95,0.7307,1,0.965,0.7423,32,0
IWM191122C158,2019-11-21,2019-11-21 09:38:29,0.98,0.7538,84,0.95,0.7307,128,0.95,0.7307,1,0.965,0.7423,32,0
IWM191122C158,2019-11-21,2019-11-21 09:38:30,0.99,0.7615,202,0.96,0.7384,21,0.95,0.7307,1,0.975,0.75,32,0
IWM191122C158,2019-11-21,2019-11-21 09:38:30,0.98,0.7538,84,0.96,0.7384,21,0.95,0.7307,1,0.97,0.7461,32,0
IWM191122C158,2019-11-21,2019-11-21 09:38:31,0.98,0.7538,9,0.97,0.7461,13,0.95,0.7307,1,0.975,0.75,32,0
IWM191122C158,2019-11-21,2019-11-21 09:38:31,0.99,0.7615,146,0.97,0.7461,13,0.95,0.7307,1,0.98,0.7538,32,0
IWM191122C158,2019-11-21,2019-11-21 09:38:32,0.99,0.7615,103,0.96,0.7384,55,0.95,0.7307,1,0.975,0.75,32,0
IWM191122C158,2019-11-21,2019-11-21 09:38:32,0.99,0.7615,111,0.97,0.7461,13,0.95,0.7307,1,0.98,0.7538,32,0
IWM191122C158,2019-11-21,2019-11-21 09:38:33,0.99,0.7615,84,0.96,0.7384,131,0.95,0.7307,1,0.975,0.75,32,0
IWM191122C158,2019-11-21,2019-11-21 09:38:33,0.99,0.7615,84,0.96,0.7384,118,0.95,0.7307,1,0.975,0.75,32,0
IWM191122C158,2019-11-21,2019-11-21 09:38:34,0.98,0.7538,99,0.96,0.7384,17,0.95,0.7307,1,0.97,0.7461,32,0
IWM191122C158,2019-11-21,2019-11-21 09:38:34,0.99,0.7615,107,0.96,0.7384,131,0.95,0.7307,1,0.975,0.75,32,0
IWM191122C158,2019-11-21,2019-11-21 09:38:35,0.98,0.7538,99,0.96,0.7384,10,0.95,0.7307,1,0.97,0.7461,32,0
IWM191122C158,2019-11-21,2019-11-21 09:38:35,0.97,0.7461,84,0.95,0.7307,10,0.95,0.7307,1,0.96,0.7384,32,0
IWM191122C158,2019-11-21,2019-11-21 09:38:36,0.97,0.7461,84,0.96,0.7384,10,0.95,0.7307,1,0.965,0.7423,32,0
IWM191122C158,2019-11-21,2019-11-21 09:38:36,0.97,0.7461,84,0.95,0.7307,28,0.95,0.7307,1,0.96,0.7384,32,0
IWM191122C158,2019-11-21,2019-11-21 09:38:37,0.97,0.7461,117,0.94,0.723,156,0.95,0.7307,1,0.955,0.7346,32,0
IWM191122C158,2019-11-21,2019-11-21 09:38:37,0.97,0.7461,107,0.94,0.723,156,0.95,0.7307,1,0.955,0.7346,32,0
IWM191122C158,2019-11-21,2019-11-21 09:38:38,0.97,0.7461,167,0.94,0.723,156,0.95,0.7307,1,0.955,0.7346,32,0
IWM191122C158,2019-11-21,2019-11-21 09:38:39,0.96,0.7384,92,0.93,0.7153,186,0.95,0.7307,1,0.945,0.7269,32,0
IWM191122C158,2019-11-21,2019-11-21 09:38:39,0.97,0.7461,167,0.94,0.723,156,0.95,0.7307,1,0.955,0.7346,32,0
IWM191122C158,2019-11-21,2019-11-21 09:38:40,0.96,0.7384,150,0.93,0.7153,310,0.95,0.7307,1,0.945,0.7269,32,0
IWM191122C158,2019-11-21,2019-11-21 09:38:40,0.96,0.7384,150,0.93,0.7153,296,0.95,0.7307,1,0.945,0.7269,32,0
IWM191122C158,2019-11-21,2019-11-21 09:38:41,0.96,0.7384,150,0.93,0.7153,256,0.95,0.7307,1,0.945,0.7269,32,0
IWM191122C158,2019-11-21,2019-11-21 09:38:42,0.96,0.7384,122,0.93,0.7153,201,0.95,0.7307,1,0.945,0.7269,32,0
IWM191122C158,2019-11-21,2019-11-21 09:38:42,0.96,0.7384,150,0.93,0.7153,254,0.95,0.7307,1,0.945,0.7269,32,0
IWM191122C158,2019-11-21,2019-11-21 09:38:43,0.96,0.7384,122,0.93,0.7153,201,0.95,0.7307,1,0.945,0.7269,32,0
IWM191122C158,2019-11-21,2019-11-21 09:38:43,0.96,0.7384,122,0.93,0.7153,65,0.95,0.7307,1,0.945,0.7269,32,0
IWM191122C158,2019-11-21,2019-11-21 09:38:44,0.95,0.7307,17,0.93,0.7153,65,0.95,0.7307,1,0.94,0.723,32,0
IWM191122C158,2019-11-21,2019-11-21 09:38:44,0.96,0.7384,92,0.93,0.7153,55,0.95,0.7307,1,0.945,0.7269,32,0
