symbol,Date,quote_time,ask_price,norm_ask_price,ask_size,bid_price,norm_bid_price,bid_size,last_trade_price,norm_last_trade_price,last_trade_size,mark_price,norm_mark_price,volume,Volume
IWM190913C157,2019-09-12,2019-09-12 09:46:48,0.41,1.0,150,0.4,0.9756,16,0.4,0.9756,13,0.405,0.9878,1260,1260
IWM190913C157,2019-09-12,2019-09-12 09:46:49,0.4,0.9756,14,0.37,0.9024,44,0.4,0.9756,13,0.385,0.939,1260,0
IWM190913C157,2019-09-12,2019-09-12 09:46:50,0.4,0.9756,153,0.38,0.9268,16,0.4,0.9756,13,0.39,0.9512,1260,0
IWM190913C157,2019-09-12,2019-09-12 09:46:51,0.39,0.9512,32,0.36,0.878,98,0.4,0.9756,13,0.375,0.9146,1260,0
IWM190913C157,2019-09-12,2019-09-12 09:46:51,0.39,0.9512,35,0.38,0.9268,26,0.4,0.9756,13,0.385,0.939,1260,0
IWM190913C157,2019-09-12,2019-09-12 09:46:52,0.38,0.9268,143,0.36,0.878,33,0.4,0.9756,13,0.37,0.9024,1260,0
IWM190913C157,2019-09-12,2019-09-12 09:46:52,0.38,0.9268,163,0.36,0.878,19,0.4,0.9756,13,0.37,0.9024,1260,0
IWM190913C157,2019-09-12,2019-09-12 09:46:53,0.37,0.9024,34,0.35,0.8536,141,0.4,0.9756,13,0.36,0.878,1260,0
IWM190913C157,2019-09-12,2019-09-12 09:46:53,0.38,0.9268,18,0.37,0.9024,10,0.4,0.9756,13,0.375,0.9146,1260,0
IWM190913C157,2019-09-12,2019-09-12 09:46:54,0.38,0.9268,41,0.37,0.9024,28,0.4,0.9756,13,0.375,0.9146,1260,0
IWM190913C157,2019-09-12,2019-09-12 09:46:54,0.38,0.9268,18,0.37,0.9024,16,0.4,0.9756,13,0.375,0.9146,1260,0
IWM190913C157,2019-09-12,2019-09-12 09:46:55,0.38,0.9268,48,0.37,0.9024,28,0.4,0.9756,13,0.375,0.9146,1260,0
IWM190913C157,2019-09-12,2019-09-12 09:46:56,0.38,0.9268,61,0.36,0.878,301,0.4,0.9756,13,0.37,0.9024,1260,0
IWM190913C157,2019-09-12,2019-09-12 09:46:56,0.38,0.9268,61,0.36,0.878,271,0.4,0.9756,13,0.37,0.9024,1260,0
IWM190913C157,2019-09-12,2019-09-12 09:46:57,0.36,0.878,88,0.34,0.8292,118,0.4,0.9756,13,0.35,0.8536,1260,0
IWM190913C157,2019-09-12,2019-09-12 09:46:57,0.38,0.9268,64,0.36,0.878,221,0.4,0.9756,13,0.37,0.9024,1260,0
IWM190913C157,2019-09-12,2019-09-12 09:46:58,0.36,0.878,75,0.34,0.8292,48,0.4,0.9756,13,0.35,0.8536,1260,0
IWM190913C157,2019-09-12,2019-09-12 09:46:58,0.35,0.8536,24,0.33,0.8048,198,0.4,0.9756,13,0.34,0.8292,1260,0
IWM190913C157,2019-09-12,2019-09-12 09:46:59,0.34,0.8292,13,0.33,0.8048,64,0.33,0.8048,1,0.335,0.817,1261,1
IWM190913C157,2019-09-12,2019-09-12 09:46:59,0.34,0.8292,15,0.33,0.8048,124,0.33,0.8048,1,0.335,0.817,1261,0
IWM190913C157,2019-09-12,2019-09-12 09:47:00,0.34,0.8292,15,0.34,0.8292,16,0.33,0.8048,1,0.34,0.8292,1261,0
IWM190913C157,2019-09-12,2019-09-12 09:47:00,0.34,0.8292,15,0.33,0.8048,175,0.33,0.8048,1,0.335,0.817,1261,0
IWM190913C157,2019-09-12,2019-09-12 09:47:01,0.35,0.8536,13,0.32,0.7804,65,0.35,0.8536,1,0.335,0.817,1279,1
IWM190913C157,2019-09-12,2019-09-12 09:47:01,0.36,0.878,26,0.35,0.8536,1,0.35,0.8536,17,0.355,0.8658,1278,17
IWM190913C157,2019-09-12,2019-09-12 09:47:02,0.35,0.8536,13,0.32,0.7804,132,0.35,0.8536,1,0.335,0.817,1279,0
IWM190913C157,2019-09-12,2019-09-12 09:47:03,0.35,0.8536,17,0.33,0.8048,47,0.35,0.8536,1,0.34,0.8292,1279,0
IWM190913C157,2019-09-12,2019-09-12 09:47:03,0.35,0.8536,36,0.34,0.8292,14,0.35,0.8536,1,0.345,0.8414,1279,0
IWM190913C157,2019-09-12,2019-09-12 09:47:04,0.35,0.8536,36,0.34,0.8292,14,0.35,0.8536,1,0.345,0.8414,1279,0
IWM190913C157,2019-09-12,2019-09-12 09:47:05,0.35,0.8536,22,0.34,0.8292,2,0.35,0.8536,1,0.345,0.8414,1279,0
IWM190913C157,2019-09-12,2019-09-12 09:47:05,0.35,0.8536,22,0.34,0.8292,14,0.35,0.8536,1,0.345,0.8414,1279,0
IWM190913C157,2019-09-12,2019-09-12 09:47:06,0.35,0.8536,35,0.34,0.8292,1,0.35,0.8536,1,0.345,0.8414,1279,0
IWM190913C157,2019-09-12,2019-09-12 09:47:06,0.35,0.8536,35,0.34,0.8292,2,0.35,0.8536,1,0.345,0.8414,1279,0
IWM190913C157,2019-09-12,2019-09-12 09:47:07,0.35,0.8536,10,0.34,0.8292,1,0.35,0.8536,1,0.345,0.8414,1279,0
IWM190913C157,2019-09-12,2019-09-12 09:47:07,0.35,0.8536,35,0.34,0.8292,18,0.35,0.8536,1,0.345,0.8414,1279,0
IWM190913C157,2019-09-12,2019-09-12 09:47:08,0.35,0.8536,10,0.34,0.8292,1,0.35,0.8536,1,0.345,0.8414,1279,0
IWM190913C157,2019-09-12,2019-09-12 09:47:08,0.35,0.8536,10,0.34,0.8292,24,0.35,0.8536,1,0.345,0.8414,1279,0
IWM190913C157,2019-09-12,2019-09-12 09:47:09,0.35,0.8536,8,0.34,0.8292,15,0.35,0.8536,1,0.345,0.8414,1279,0
IWM190913C157,2019-09-12,2019-09-12 09:47:10,0.36,0.878,78,0.34,0.8292,1,0.35,0.8536,1,0.35,0.8536,1279,0
IWM190913C157,2019-09-12,2019-09-12 09:47:10,0.35,0.8536,8,0.35,0.8536,1,0.35,0.8536,1,0.35,0.8536,1279,0
IWM190913C157,2019-09-12,2019-09-12 09:47:11,0.36,0.878,297,0.34,0.8292,15,0.35,0.8536,1,0.35,0.8536,1279,0
IWM190913C157,2019-09-12,2019-09-12 09:47:11,0.36,0.878,163,0.34,0.8292,1,0.35,0.8536,1,0.35,0.8536,1279,0
IWM190913C157,2019-09-12,2019-09-12 09:47:12,0.36,0.878,297,0.34,0.8292,15,0.35,0.8536,1,0.35,0.8536,1279,0
IWM190913C157,2019-09-12,2019-09-12 09:47:12,0.36,0.878,297,0.34,0.8292,28,0.35,0.8536,1,0.35,0.8536,1279,0
IWM190913C157,2019-09-12,2019-09-12 09:47:13,0.36,0.878,198,0.34,0.8292,42,0.35,0.8536,1,0.35,0.8536,1279,0
IWM190913C157,2019-09-12,2019-09-12 09:47:13,0.36,0.878,228,0.34,0.8292,28,0.35,0.8536,1,0.35,0.8536,1279,0
IWM190913C157,2019-09-12,2019-09-12 09:47:14,0.36,0.878,185,0.34,0.8292,42,0.35,0.8536,1,0.35,0.8536,1279,0
IWM190913C157,2019-09-12,2019-09-12 09:47:15,0.35,0.8536,63,0.34,0.8292,50,0.35,0.8536,1,0.345,0.8414,1279,0
IWM190913C157,2019-09-12,2019-09-12 09:47:15,0.35,0.8536,63,0.34,0.8292,42,0.35,0.8536,1,0.345,0.8414,1279,0
IWM190913C157,2019-09-12,2019-09-12 09:47:16,0.35,0.8536,71,0.34,0.8292,24,0.35,0.8536,1,0.345,0.8414,1279,0
IWM190913C157,2019-09-12,2019-09-12 09:47:16,0.35,0.8536,35,0.34,0.8292,30,0.35,0.8536,1,0.345,0.8414,1279,0
IWM190913C157,2019-09-12,2019-09-12 09:47:17,0.35,0.8536,71,0.34,0.8292,24,0.35,0.8536,1,0.345,0.8414,1279,0
IWM190913C157,2019-09-12,2019-09-12 09:47:18,0.35,0.8536,15,0.34,0.8292,32,0.35,0.8536,1,0.345,0.8414,1279,0
IWM190913C157,2019-09-12,2019-09-12 09:47:18,0.35,0.8536,11,0.34,0.8292,59,0.35,0.8536,11,0.345,0.8414,1290,11
IWM190913C157,2019-09-12,2019-09-12 09:47:19,0.36,0.878,19,0.35,0.8536,30,0.35,0.8536,11,0.355,0.8658,1290,0
IWM190913C157,2019-09-12,2019-09-12 09:47:19,0.36,0.878,70,0.35,0.8536,37,0.35,0.8536,11,0.355,0.8658,1290,0
IWM190913C157,2019-09-12,2019-09-12 09:47:20,0.36,0.878,100,0.35,0.8536,37,0.35,0.8536,11,0.355,0.8658,1290,0
IWM190913C157,2019-09-12,2019-09-12 09:47:20,0.36,0.878,69,0.35,0.8536,37,0.35,0.8536,11,0.355,0.8658,1290,0
IWM190913C157,2019-09-12,2019-09-12 09:47:21,0.37,0.9024,151,0.36,0.878,11,0.35,0.8536,11,0.365,0.8902,1290,0
IWM190913C157,2019-09-12,2019-09-12 09:47:21,0.37,0.9024,73,0.35,0.8536,35,0.35,0.8536,11,0.36,0.878,1290,0
IWM190913C157,2019-09-12,2019-09-12 09:47:22,0.37,0.9024,110,0.36,0.878,15,0.36,0.878,20,0.365,0.8902,1426,111
IWM190913C157,2019-09-12,2019-09-12 09:47:22,0.37,0.9024,110,0.35,0.8536,108,0.36,0.878,1,0.36,0.878,1315,25
IWM190913C157,2019-09-12,2019-09-12 09:47:23,0.36,0.878,110,0.35,0.8536,7,0.36,0.878,15,0.355,0.8658,1441,15
IWM190913C157,2019-09-12,2019-09-12 09:47:23,0.36,0.878,334,0.35,0.8536,7,0.36,0.878,1,0.355,0.8658,1442,1
IWM190913C157,2019-09-12,2019-09-12 09:47:24,0.36,0.878,364,0.35,0.8536,7,0.36,0.878,1,0.355,0.8658,1442,0
IWM190913C157,2019-09-12,2019-09-12 09:47:24,0.34,0.8292,72,0.33,0.8048,33,0.35,0.8536,7,0.335,0.817,1449,7
IWM190913C157,2019-09-12,2019-09-12 09:47:25,0.34,0.8292,72,0.33,0.8048,33,0.35,0.8536,7,0.335,0.817,1449,0
IWM190913C157,2019-09-12,2019-09-12 09:47:25,0.34,0.8292,59,0.33,0.8048,48,0.35,0.8536,7,0.335,0.817,1449,0
IWM190913C157,2019-09-12,2019-09-12 09:47:26,0.35,0.8536,110,0.33,0.8048,59,0.35,0.8536,7,0.34,0.8292,1449,0
IWM190913C157,2019-09-12,2019-09-12 09:47:26,0.35,0.8536,110,0.34,0.8292,46,0.35,0.8536,7,0.345,0.8414,1449,0
IWM190913C157,2019-09-12,2019-09-12 09:47:27,0.35,0.8536,165,0.33,0.8048,119,0.35,0.8536,7,0.34,0.8292,1449,0
IWM190913C157,2019-09-12,2019-09-12 09:47:27,0.35,0.8536,128,0.33,0.8048,60,0.35,0.8536,7,0.34,0.8292,1449,0
IWM190913C157,2019-09-12,2019-09-12 09:47:28,0.35,0.8536,75,0.34,0.8292,13,0.35,0.8536,7,0.345,0.8414,1449,0
IWM190913C157,2019-09-12,2019-09-12 09:47:28,0.35,0.8536,26,0.34,0.8292,13,0.35,0.8536,7,0.345,0.8414,1449,0
IWM190913C157,2019-09-12,2019-09-12 09:47:29,0.35,0.8536,85,0.33,0.8048,83,0.35,0.8536,7,0.34,0.8292,1449,0
IWM190913C157,2019-09-12,2019-09-12 09:47:29,0.35,0.8536,75,0.34,0.8292,13,0.35,0.8536,7,0.345,0.8414,1449,0
IWM190913C157,2019-09-12,2019-09-12 09:47:30,0.35,0.8536,151,0.33,0.8048,159,0.35,0.8536,7,0.34,0.8292,1449,0
IWM190913C157,2019-09-12,2019-09-12 09:47:30,0.35,0.8536,85,0.33,0.8048,109,0.35,0.8536,7,0.34,0.8292,1449,0
IWM190913C157,2019-09-12,2019-09-12 09:47:31,0.35,0.8536,255,0.33,0.8048,159,0.35,0.8536,7,0.34,0.8292,1449,0
IWM190913C157,2019-09-12,2019-09-12 09:47:31,0.35,0.8536,151,0.33,0.8048,169,0.35,0.8536,7,0.34,0.8292,1449,0
IWM190913C157,2019-09-12,2019-09-12 09:47:32,0.35,0.8536,255,0.33,0.8048,159,0.35,0.8536,7,0.34,0.8292,1449,0
IWM190913C157,2019-09-12,2019-09-12 09:47:32,0.35,0.8536,255,0.33,0.8048,170,0.35,0.8536,7,0.34,0.8292,1449,0
IWM190913C157,2019-09-12,2019-09-12 09:47:33,0.35,0.8536,103,0.33,0.8048,49,0.35,0.8536,7,0.34,0.8292,1449,0
IWM190913C157,2019-09-12,2019-09-12 09:47:34,0.35,0.8536,103,0.33,0.8048,47,0.35,0.8536,7,0.34,0.8292,1449,0
IWM190913C157,2019-09-12,2019-09-12 09:47:34,0.35,0.8536,86,0.33,0.8048,47,0.35,0.8536,7,0.34,0.8292,1449,0
IWM190913C157,2019-09-12,2019-09-12 09:47:35,0.35,0.8536,110,0.33,0.8048,102,0.35,0.8536,7,0.34,0.8292,1449,0
IWM190913C157,2019-09-12,2019-09-12 09:47:35,0.35,0.8536,110,0.33,0.8048,49,0.35,0.8536,7,0.34,0.8292,1449,0
IWM190913C157,2019-09-12,2019-09-12 09:47:36,0.33,0.8048,110,0.31,0.756,34,0.35,0.8536,7,0.32,0.7804,1449,0
IWM190913C157,2019-09-12,2019-09-12 09:47:36,0.35,0.8536,182,0.33,0.8048,75,0.35,0.8536,7,0.34,0.8292,1449,0
IWM190913C157,2019-09-12,2019-09-12 09:47:37,0.33,0.8048,110,0.32,0.7804,15,0.35,0.8536,7,0.325,0.7926,1449,0
IWM190913C157,2019-09-12,2019-09-12 09:47:37,0.32,0.7804,61,0.31,0.756,31,0.35,0.8536,7,0.315,0.7682,1449,0
IWM190913C157,2019-09-12,2019-09-12 09:47:38,0.32,0.7804,75,0.31,0.756,31,0.35,0.8536,7,0.315,0.7682,1449,0
IWM190913C157,2019-09-12,2019-09-12 09:47:38,0.32,0.7804,75,0.31,0.756,33,0.35,0.8536,7,0.315,0.7682,1449,0
IWM190913C157,2019-09-12,2019-09-12 09:47:39,0.33,0.8048,110,0.32,0.7804,4,0.35,0.8536,7,0.325,0.7926,1449,0
IWM190913C157,2019-09-12,2019-09-12 09:47:39,0.32,0.7804,75,0.31,0.756,33,0.35,0.8536,7,0.315,0.7682,1449,0
IWM190913C157,2019-09-12,2019-09-12 09:47:40,0.33,0.8048,110,0.31,0.756,45,0.35,0.8536,7,0.32,0.7804,1449,0
IWM190913C157,2019-09-12,2019-09-12 09:47:41,0.33,0.8048,110,0.31,0.756,79,0.35,0.8536,7,0.32,0.7804,1449,0
IWM190913C157,2019-09-12,2019-09-12 09:47:41,0.33,0.8048,110,0.31,0.756,89,0.35,0.8536,7,0.32,0.7804,1449,0
IWM190913C157,2019-09-12,2019-09-12 09:47:42,0.32,0.7804,65,0.31,0.756,110,0.35,0.8536,7,0.315,0.7682,1449,0
IWM190913C157,2019-09-12,2019-09-12 09:47:42,0.33,0.8048,110,0.31,0.756,89,0.35,0.8536,7,0.32,0.7804,1449,0
IWM190913C157,2019-09-12,2019-09-12 09:47:43,0.32,0.7804,97,0.31,0.756,32,0.35,0.8536,7,0.315,0.7682,1449,0
IWM190913C157,2019-09-12,2019-09-12 09:47:43,0.32,0.7804,65,0.31,0.756,94,0.35,0.8536,7,0.315,0.7682,1449,0
IWM190913C157,2019-09-12,2019-09-12 09:47:44,0.3,0.7317,82,0.29,0.7073,16,0.29,0.7073,3,0.295,0.7195,1452,0
IWM190913C157,2019-09-12,2019-09-12 09:47:44,0.31,0.756,19,0.3,0.7317,16,0.29,0.7073,3,0.305,0.7439,1452,3
IWM190913C157,2019-09-12,2019-09-12 09:47:45,0.3,0.7317,100,0.28,0.6829,147,0.29,0.7073,3,0.29,0.7073,1452,0
IWM190913C157,2019-09-12,2019-09-12 09:47:45,0.3,0.7317,104,0.28,0.6829,144,0.29,0.7073,3,0.29,0.7073,1452,0
IWM190913C157,2019-09-12,2019-09-12 09:47:46,0.3,0.7317,89,0.28,0.6829,112,0.29,0.7073,3,0.29,0.7073,1452,0
IWM190913C157,2019-09-12,2019-09-12 09:47:46,0.31,0.756,38,0.3,0.7317,16,0.29,0.7073,3,0.305,0.7439,1452,0
IWM190913C157,2019-09-12,2019-09-12 09:47:47,0.3,0.7317,78,0.29,0.7073,16,0.29,0.7073,3,0.295,0.7195,1452,0
IWM190913C157,2019-09-12,2019-09-12 09:47:47,0.3,0.7317,78,0.28,0.6829,192,0.29,0.7073,3,0.29,0.7073,1452,0
IWM190913C157,2019-09-12,2019-09-12 09:47:48,0.3,0.7317,52,0.28,0.6829,192,0.29,0.7073,3,0.29,0.7073,1452,0
IWM190913C157,2019-09-12,2019-09-12 09:47:49,0.3,0.7317,52,0.28,0.6829,222,0.29,0.7073,3,0.29,0.7073,1452,0
IWM190913C157,2019-09-12,2019-09-12 09:47:50,0.3,0.7317,5,0.29,0.7073,44,0.29,0.7073,3,0.295,0.7195,1452,0
IWM190913C157,2019-09-12,2019-09-12 09:47:50,0.3,0.7317,52,0.28,0.6829,222,0.29,0.7073,3,0.29,0.7073,1452,0
IWM190913C157,2019-09-12,2019-09-12 09:47:51,0.31,0.756,62,0.29,0.7073,144,0.29,0.7073,3,0.3,0.7317,1452,0
IWM190913C157,2019-09-12,2019-09-12 09:47:51,0.31,0.756,3,0.29,0.7073,114,0.29,0.7073,3,0.3,0.7317,1452,0
IWM190913C157,2019-09-12,2019-09-12 09:47:52,0.32,0.7804,75,0.3,0.7317,60,0.29,0.7073,3,0.31,0.756,1452,0
IWM190913C157,2019-09-12,2019-09-12 09:47:52,0.31,0.756,62,0.29,0.7073,144,0.29,0.7073,3,0.3,0.7317,1452,0
IWM190913C157,2019-09-12,2019-09-12 09:47:53,0.32,0.7804,46,0.3,0.7317,94,0.29,0.7073,3,0.31,0.756,1452,0
IWM190913C157,2019-09-12,2019-09-12 09:47:53,0.32,0.7804,59,0.3,0.7317,114,0.29,0.7073,3,0.31,0.756,1452,0
IWM190913C157,2019-09-12,2019-09-12 09:47:54,0.32,0.7804,46,0.31,0.756,38,0.29,0.7073,3,0.315,0.7682,1452,0
IWM190913C157,2019-09-12,2019-09-12 09:47:55,0.32,0.7804,59,0.3,0.7317,73,0.29,0.7073,3,0.31,0.756,1452,0
IWM190913C157,2019-09-12,2019-09-12 09:47:56,0.31,0.756,78,0.3,0.7317,16,0.29,0.7073,3,0.305,0.7439,1452,0
IWM190913C157,2019-09-12,2019-09-12 09:47:56,0.31,0.756,91,0.29,0.7073,127,0.29,0.7073,3,0.3,0.7317,1452,0
IWM190913C157,2019-09-12,2019-09-12 09:47:57,0.31,0.756,120,0.29,0.7073,146,0.29,0.7073,3,0.3,0.7317,1452,0
IWM190913C157,2019-09-12,2019-09-12 09:47:57,0.31,0.756,121,0.29,0.7073,127,0.29,0.7073,3,0.3,0.7317,1452,0
IWM190913C157,2019-09-12,2019-09-12 09:47:58,0.31,0.756,170,0.29,0.7073,146,0.29,0.7073,3,0.3,0.7317,1452,0
IWM190913C157,2019-09-12,2019-09-12 09:47:58,0.31,0.756,120,0.29,0.7073,146,0.29,0.7073,3,0.3,0.7317,1452,0
IWM190913C157,2019-09-12,2019-09-12 09:47:59,0.31,0.756,102,0.3,0.7317,56,0.29,0.7073,3,0.305,0.7439,1452,0
IWM190913C157,2019-09-12,2019-09-12 09:48:00,0.31,0.756,207,0.3,0.7317,13,0.29,0.7073,3,0.305,0.7439,1452,0
IWM190913C157,2019-09-12,2019-09-12 09:48:00,0.31,0.756,177,0.3,0.7317,30,0.29,0.7073,3,0.305,0.7439,1452,0
IWM190913C157,2019-09-12,2019-09-12 09:48:01,0.31,0.756,177,0.3,0.7317,39,0.29,0.7073,3,0.305,0.7439,1452,0
IWM190913C157,2019-09-12,2019-09-12 09:48:01,0.31,0.756,168,0.3,0.7317,39,0.29,0.7073,3,0.305,0.7439,1452,0
IWM190913C157,2019-09-12,2019-09-12 09:48:02,0.31,0.756,23,0.3,0.7317,89,0.29,0.7073,3,0.305,0.7439,1452,0
IWM190913C157,2019-09-12,2019-09-12 09:48:02,0.31,0.756,102,0.3,0.7317,26,0.29,0.7073,3,0.305,0.7439,1452,0
IWM190913C157,2019-09-12,2019-09-12 09:48:03,0.32,0.7804,110,0.3,0.7317,162,0.29,0.7073,3,0.31,0.756,1452,0
IWM190913C157,2019-09-12,2019-09-12 09:48:03,0.32,0.7804,110,0.31,0.756,26,0.29,0.7073,3,0.315,0.7682,1452,0
IWM190913C157,2019-09-12,2019-09-12 09:48:04,0.32,0.7804,110,0.31,0.756,26,0.29,0.7073,3,0.315,0.7682,1452,0
IWM190913C157,2019-09-12,2019-09-12 09:48:04,0.33,0.8048,19,0.31,0.756,26,0.29,0.7073,3,0.32,0.7804,1452,0
IWM190913C157,2019-09-12,2019-09-12 09:48:05,0.33,0.8048,64,0.31,0.756,44,0.29,0.7073,3,0.32,0.7804,1452,0
IWM190913C157,2019-09-12,2019-09-12 09:48:05,0.33,0.8048,86,0.32,0.7804,19,0.29,0.7073,3,0.325,0.7926,1452,0
IWM190913C157,2019-09-12,2019-09-12 09:48:06,0.33,0.8048,99,0.32,0.7804,48,0.29,0.7073,3,0.325,0.7926,1452,0
IWM190913C157,2019-09-12,2019-09-12 09:48:06,0.33,0.8048,99,0.32,0.7804,19,0.29,0.7073,3,0.325,0.7926,1452,0
IWM190913C157,2019-09-12,2019-09-12 09:48:07,0.34,0.8292,159,0.32,0.7804,47,0.29,0.7073,3,0.33,0.8048,1452,0
IWM190913C157,2019-09-12,2019-09-12 09:48:07,0.34,0.8292,159,0.32,0.7804,64,0.29,0.7073,3,0.33,0.8048,1452,0
IWM190913C157,2019-09-12,2019-09-12 09:48:08,0.34,0.8292,262,0.33,0.8048,19,0.29,0.7073,3,0.335,0.817,1452,0
IWM190913C157,2019-09-12,2019-09-12 09:48:08,0.34,0.8292,100,0.33,0.8048,19,0.29,0.7073,3,0.335,0.817,1452,0
IWM190913C157,2019-09-12,2019-09-12 09:48:09,0.34,0.8292,18,0.33,0.8048,56,0.29,0.7073,3,0.335,0.817,1452,0
IWM190913C157,2019-09-12,2019-09-12 09:48:09,0.34,0.8292,26,0.33,0.8048,56,0.29,0.7073,3,0.335,0.817,1452,0
IWM190913C157,2019-09-12,2019-09-12 09:48:10,0.34,0.8292,13,0.33,0.8048,68,0.29,0.7073,3,0.335,0.817,1452,0
IWM190913C157,2019-09-12,2019-09-12 09:48:10,0.34,0.8292,18,0.33,0.8048,60,0.29,0.7073,3,0.335,0.817,1452,0
IWM190913C157,2019-09-12,2019-09-12 09:48:11,0.35,0.8536,230,0.33,0.8048,67,0.29,0.7073,3,0.34,0.8292,1452,0
IWM190913C157,2019-09-12,2019-09-12 09:48:11,0.35,0.8536,110,0.33,0.8048,80,0.29,0.7073,3,0.34,0.8292,1452,0
IWM190913C157,2019-09-12,2019-09-12 09:48:12,0.35,0.8536,66,0.33,0.8048,92,0.29,0.7073,3,0.34,0.8292,1452,0
IWM190913C157,2019-09-12,2019-09-12 09:48:13,0.36,0.878,66,0.34,0.8292,120,0.29,0.7073,3,0.35,0.8536,1452,0
IWM190913C157,2019-09-12,2019-09-12 09:48:13,0.36,0.878,29,0.34,0.8292,128,0.29,0.7073,3,0.35,0.8536,1452,0
IWM190913C157,2019-09-12,2019-09-12 09:48:14,0.36,0.878,50,0.34,0.8292,83,0.29,0.7073,3,0.35,0.8536,1452,0
IWM190913C157,2019-09-12,2019-09-12 09:48:14,0.36,0.878,45,0.34,0.8292,143,0.29,0.7073,3,0.35,0.8536,1452,0
IWM190913C157,2019-09-12,2019-09-12 09:48:15,0.36,0.878,45,0.35,0.8536,18,0.29,0.7073,3,0.355,0.8658,1452,0
IWM190913C157,2019-09-12,2019-09-12 09:48:15,0.35,0.8536,10,0.34,0.8292,29,0.29,0.7073,3,0.345,0.8414,1452,0
IWM190913C157,2019-09-12,2019-09-12 09:48:16,0.37,0.9024,76,0.36,0.878,18,0.29,0.7073,3,0.365,0.8902,1452,0
IWM190913C157,2019-09-12,2019-09-12 09:48:17,0.36,0.878,31,0.34,0.8292,153,0.29,0.7073,3,0.35,0.8536,1452,0
IWM190913C157,2019-09-12,2019-09-12 09:48:17,0.36,0.878,44,0.36,0.878,18,0.29,0.7073,3,0.36,0.878,1452,0
IWM190913C157,2019-09-12,2019-09-12 09:48:18,0.36,0.878,31,0.35,0.8536,13,0.29,0.7073,3,0.355,0.8658,1452,0
IWM190913C157,2019-09-12,2019-09-12 09:48:18,0.36,0.878,18,0.34,0.8292,193,0.29,0.7073,3,0.35,0.8536,1452,0
IWM190913C157,2019-09-12,2019-09-12 09:48:19,0.36,0.878,120,0.34,0.8292,60,0.29,0.7073,3,0.35,0.8536,1452,0
IWM190913C157,2019-09-12,2019-09-12 09:48:19,0.36,0.878,51,0.35,0.8536,13,0.29,0.7073,3,0.355,0.8658,1452,0
IWM190913C157,2019-09-12,2019-09-12 09:48:20,0.35,0.8536,1,0.34,0.8292,88,0.35,0.8536,10,0.345,0.8414,1462,10
IWM190913C157,2019-09-12,2019-09-12 09:48:20,0.35,0.8536,83,0.34,0.8292,13,0.35,0.8536,10,0.345,0.8414,1462,0
IWM190913C157,2019-09-12,2019-09-12 09:48:21,0.35,0.8536,3,0.34,0.8292,13,0.35,0.8536,10,0.345,0.8414,1462,0
IWM190913C157,2019-09-12,2019-09-12 09:48:21,0.35,0.8536,10,0.34,0.8292,13,0.35,0.8536,10,0.345,0.8414,1462,0
IWM190913C157,2019-09-12,2019-09-12 09:48:22,0.35,0.8536,133,0.33,0.8048,52,0.35,0.8536,10,0.34,0.8292,1462,0
IWM190913C157,2019-09-12,2019-09-12 09:48:22,0.35,0.8536,16,0.34,0.8292,20,0.35,0.8536,10,0.345,0.8414,1462,0
IWM190913C157,2019-09-12,2019-09-12 09:48:23,0.34,0.8292,74,0.33,0.8048,31,0.35,0.8536,10,0.335,0.817,1462,0
IWM190913C157,2019-09-12,2019-09-12 09:48:23,0.34,0.8292,70,0.33,0.8048,18,0.35,0.8536,10,0.335,0.817,1462,0
IWM190913C157,2019-09-12,2019-09-12 09:48:24,0.34,0.8292,13,0.33,0.8048,18,0.35,0.8536,10,0.335,0.817,1462,0
IWM190913C157,2019-09-12,2019-09-12 09:48:24,0.34,0.8292,88,0.33,0.8048,18,0.35,0.8536,10,0.335,0.817,1462,0
IWM190913C157,2019-09-12,2019-09-12 09:48:25,0.35,0.8536,172,0.33,0.8048,42,0.35,0.8536,10,0.34,0.8292,1462,0
IWM190913C157,2019-09-12,2019-09-12 09:48:25,0.34,0.8292,13,0.33,0.8048,31,0.35,0.8536,10,0.335,0.817,1462,0
IWM190913C157,2019-09-12,2019-09-12 09:48:26,0.35,0.8536,220,0.33,0.8048,42,0.35,0.8536,10,0.34,0.8292,1462,0
IWM190913C157,2019-09-12,2019-09-12 09:48:26,0.35,0.8536,220,0.33,0.8048,33,0.35,0.8536,10,0.34,0.8292,1462,0
IWM190913C157,2019-09-12,2019-09-12 09:48:27,0.35,0.8536,48,0.33,0.8048,144,0.35,0.8536,10,0.34,0.8292,1462,0
IWM190913C157,2019-09-12,2019-09-12 09:48:27,0.34,0.8292,18,0.33,0.8048,18,0.35,0.8536,10,0.335,0.817,1462,0
IWM190913C157,2019-09-12,2019-09-12 09:48:28,0.35,0.8536,26,0.33,0.8048,152,0.35,0.8536,10,0.34,0.8292,1462,0
IWM190913C157,2019-09-12,2019-09-12 09:48:28,0.35,0.8536,76,0.33,0.8048,49,0.35,0.8536,10,0.34,0.8292,1462,0
IWM190913C157,2019-09-12,2019-09-12 09:48:29,0.36,0.878,16,0.33,0.8048,257,0.35,0.8536,10,0.345,0.8414,1462,0
IWM190913C157,2019-09-12,2019-09-12 09:48:29,0.36,0.878,84,0.34,0.8292,55,0.35,0.8536,10,0.35,0.8536,1462,0
IWM190913C157,2019-09-12,2019-09-12 09:48:30,0.35,0.8536,41,0.34,0.8292,55,0.35,0.8536,10,0.345,0.8414,1462,0
IWM190913C157,2019-09-12,2019-09-12 09:48:30,0.35,0.8536,29,0.34,0.8292,18,0.35,0.8536,10,0.345,0.8414,1462,0
IWM190913C157,2019-09-12,2019-09-12 09:48:31,0.34,0.8292,37,0.33,0.8048,93,0.35,0.8536,10,0.335,0.817,1462,0
IWM190913C157,2019-09-12,2019-09-12 09:48:31,0.35,0.8536,29,0.34,0.8292,18,0.35,0.8536,10,0.345,0.8414,1462,0
IWM190913C157,2019-09-12,2019-09-12 09:48:32,0.34,0.8292,37,0.33,0.8048,81,0.35,0.8536,10,0.335,0.817,1462,0
IWM190913C157,2019-09-12,2019-09-12 09:48:32,0.33,0.8048,4,0.32,0.7804,206,0.35,0.8536,10,0.325,0.7926,1462,0
IWM190913C157,2019-09-12,2019-09-12 09:48:33,0.33,0.8048,20,0.31,0.756,358,0.35,0.8536,10,0.32,0.7804,1462,0
IWM190913C157,2019-09-12,2019-09-12 09:48:33,0.33,0.8048,30,0.31,0.756,305,0.35,0.8536,10,0.32,0.7804,1462,0
IWM190913C157,2019-09-12,2019-09-12 09:48:34,0.33,0.8048,7,0.32,0.7804,73,0.35,0.8536,10,0.325,0.7926,1462,0
IWM190913C157,2019-09-12,2019-09-12 09:48:34,0.32,0.7804,56,0.31,0.756,162,0.35,0.8536,10,0.315,0.7682,1462,0
IWM190913C157,2019-09-12,2019-09-12 09:48:35,0.33,0.8048,77,0.31,0.756,274,0.35,0.8536,10,0.32,0.7804,1462,0
IWM190913C157,2019-09-12,2019-09-12 09:48:36,0.33,0.8048,77,0.31,0.756,234,0.35,0.8536,10,0.32,0.7804,1462,0
IWM190913C157,2019-09-12,2019-09-12 09:48:36,0.33,0.8048,77,0.31,0.756,172,0.35,0.8536,10,0.32,0.7804,1462,0
IWM190913C157,2019-09-12,2019-09-12 09:48:37,0.33,0.8048,77,0.31,0.756,162,0.35,0.8536,10,0.32,0.7804,1462,0
IWM190913C157,2019-09-12,2019-09-12 09:48:37,0.33,0.8048,96,0.31,0.756,162,0.35,0.8536,10,0.32,0.7804,1462,0
IWM190913C157,2019-09-12,2019-09-12 09:48:38,0.33,0.8048,78,0.31,0.756,162,0.35,0.8536,10,0.32,0.7804,1462,0
IWM190913C157,2019-09-12,2019-09-12 09:48:38,0.33,0.8048,78,0.31,0.756,102,0.35,0.8536,10,0.32,0.7804,1462,0
IWM190913C157,2019-09-12,2019-09-12 09:48:39,0.33,0.8048,47,0.31,0.756,156,0.35,0.8536,10,0.32,0.7804,1462,0
IWM190913C157,2019-09-12,2019-09-12 09:48:39,0.33,0.8048,47,0.31,0.756,154,0.35,0.8536,10,0.32,0.7804,1462,0
IWM190913C157,2019-09-12,2019-09-12 09:48:40,0.33,0.8048,47,0.31,0.756,218,0.35,0.8536,10,0.32,0.7804,1462,0
IWM190913C157,2019-09-12,2019-09-12 09:48:40,0.33,0.8048,47,0.31,0.756,200,0.35,0.8536,10,0.32,0.7804,1462,0
IWM190913C157,2019-09-12,2019-09-12 09:48:41,0.33,0.8048,47,0.31,0.756,184,0.35,0.8536,10,0.32,0.7804,1462,0
IWM190913C157,2019-09-12,2019-09-12 09:48:41,0.33,0.8048,47,0.31,0.756,200,0.35,0.8536,10,0.32,0.7804,1462,0
IWM190913C157,2019-09-12,2019-09-12 09:48:42,0.33,0.8048,47,0.32,0.7804,9,0.35,0.8536,10,0.325,0.7926,1462,0
IWM190913C157,2019-09-12,2019-09-12 09:48:42,0.33,0.8048,47,0.31,0.756,200,0.35,0.8536,10,0.32,0.7804,1462,0
IWM190913C157,2019-09-12,2019-09-12 09:48:43,0.33,0.8048,18,0.32,0.7804,19,0.35,0.8536,10,0.325,0.7926,1462,0
IWM190913C157,2019-09-12,2019-09-12 09:48:43,0.33,0.8048,47,0.32,0.7804,9,0.35,0.8536,10,0.325,0.7926,1462,0
IWM190913C157,2019-09-12,2019-09-12 09:48:44,0.32,0.7804,63,0.31,0.756,18,0.35,0.8536,10,0.315,0.7682,1462,0
IWM190913C157,2019-09-12,2019-09-12 09:48:44,0.33,0.8048,31,0.31,0.756,102,0.35,0.8536,10,0.32,0.7804,1462,0
IWM190913C157,2019-09-12,2019-09-12 09:48:45,0.32,0.7804,50,0.31,0.756,31,0.35,0.8536,10,0.315,0.7682,1462,0
IWM190913C157,2019-09-12,2019-09-12 09:48:45,0.32,0.7804,63,0.31,0.756,18,0.31,0.756,26,0.315,0.7682,1488,26
IWM190913C157,2019-09-12,2019-09-12 09:48:46,0.33,0.8048,42,0.32,0.7804,28,0.31,0.756,26,0.325,0.7926,1488,0
IWM190913C157,2019-09-12,2019-09-12 09:48:46,0.34,0.8292,167,0.32,0.7804,15,0.31,0.756,26,0.33,0.8048,1488,0
IWM190913C157,2019-09-12,2019-09-12 09:48:47,0.34,0.8292,238,0.32,0.7804,73,0.31,0.756,26,0.33,0.8048,1488,0
IWM190913C157,2019-09-12,2019-09-12 09:48:47,0.34,0.8292,129,0.32,0.7804,66,0.31,0.756,26,0.33,0.8048,1488,0
IWM190913C157,2019-09-12,2019-09-12 09:48:48,0.34,0.8292,129,0.32,0.7804,45,0.31,0.756,26,0.33,0.8048,1488,0
IWM190913C157,2019-09-12,2019-09-12 09:48:48,0.34,0.8292,129,0.32,0.7804,59,0.31,0.756,26,0.33,0.8048,1488,0
IWM190913C157,2019-09-12,2019-09-12 09:48:49,0.35,0.8536,276,0.33,0.8048,15,0.31,0.756,26,0.34,0.8292,1488,0
IWM190913C157,2019-09-12,2019-09-12 09:48:49,0.34,0.8292,120,0.33,0.8048,15,0.31,0.756,26,0.335,0.817,1488,0
IWM190913C157,2019-09-12,2019-09-12 09:48:50,0.34,0.8292,51,0.33,0.8048,15,0.31,0.756,26,0.335,0.817,1488,0
IWM190913C157,2019-09-12,2019-09-12 09:48:51,0.34,0.8292,51,0.33,0.8048,15,0.31,0.756,26,0.335,0.817,1488,0
IWM190913C157,2019-09-12,2019-09-12 09:48:52,0.35,0.8536,38,0.33,0.8048,130,0.31,0.756,26,0.34,0.8292,1488,0
IWM190913C157,2019-09-12,2019-09-12 09:48:52,0.35,0.8536,63,0.34,0.8292,13,0.31,0.756,26,0.345,0.8414,1488,0
IWM190913C157,2019-09-12,2019-09-12 09:48:53,0.35,0.8536,63,0.34,0.8292,13,0.31,0.756,26,0.345,0.8414,1488,0
IWM190913C157,2019-09-12,2019-09-12 09:48:54,0.35,0.8536,63,0.34,0.8292,13,0.31,0.756,26,0.345,0.8414,1488,0
IWM190913C157,2019-09-12,2019-09-12 09:48:55,0.35,0.8536,68,0.34,0.8292,26,0.31,0.756,26,0.345,0.8414,1488,0
IWM190913C157,2019-09-12,2019-09-12 09:48:55,0.35,0.8536,78,0.33,0.8048,116,0.31,0.756,26,0.34,0.8292,1488,0
IWM190913C157,2019-09-12,2019-09-12 09:48:56,0.35,0.8536,98,0.34,0.8292,26,0.31,0.756,26,0.345,0.8414,1488,0
IWM190913C157,2019-09-12,2019-09-12 09:48:56,0.35,0.8536,78,0.34,0.8292,26,0.31,0.756,26,0.345,0.8414,1488,0
IWM190913C157,2019-09-12,2019-09-12 09:48:57,0.35,0.8536,126,0.33,0.8048,96,0.31,0.756,26,0.34,0.8292,1488,0
IWM190913C157,2019-09-12,2019-09-12 09:48:57,0.35,0.8536,126,0.33,0.8048,120,0.31,0.756,26,0.34,0.8292,1488,0
IWM190913C157,2019-09-12,2019-09-12 09:48:58,0.35,0.8536,70,0.33,0.8048,83,0.31,0.756,26,0.34,0.8292,1488,0
IWM190913C157,2019-09-12,2019-09-12 09:48:58,0.35,0.8536,71,0.33,0.8048,166,0.31,0.756,26,0.34,0.8292,1488,0
IWM190913C157,2019-09-12,2019-09-12 09:48:59,0.35,0.8536,127,0.33,0.8048,95,0.31,0.756,26,0.34,0.8292,1488,0
IWM190913C157,2019-09-12,2019-09-12 09:48:59,0.34,0.8292,80,0.33,0.8048,18,0.31,0.756,26,0.335,0.817,1488,0
IWM190913C157,2019-09-12,2019-09-12 09:49:00,0.34,0.8292,226,0.33,0.8048,18,0.31,0.756,26,0.335,0.817,1488,0
IWM190913C157,2019-09-12,2019-09-12 09:49:00,0.34,0.8292,140,0.33,0.8048,18,0.31,0.756,26,0.335,0.817,1488,0
IWM190913C157,2019-09-12,2019-09-12 09:49:01,0.34,0.8292,216,0.32,0.7804,50,0.31,0.756,26,0.33,0.8048,1488,0
IWM190913C157,2019-09-12,2019-09-12 09:49:02,0.34,0.8292,204,0.33,0.8048,13,0.31,0.756,26,0.335,0.817,1488,0
IWM190913C157,2019-09-12,2019-09-12 09:49:02,0.34,0.8292,204,0.32,0.7804,50,0.31,0.756,26,0.33,0.8048,1488,0
IWM190913C157,2019-09-12,2019-09-12 09:49:03,0.34,0.8292,222,0.32,0.7804,95,0.31,0.756,26,0.33,0.8048,1488,0
IWM190913C157,2019-09-12,2019-09-12 09:49:03,0.34,0.8292,228,0.32,0.7804,120,0.31,0.756,26,0.33,0.8048,1488,0
IWM190913C157,2019-09-12,2019-09-12 09:49:04,0.34,0.8292,88,0.33,0.8048,26,0.31,0.756,26,0.335,0.817,1488,0
IWM190913C157,2019-09-12,2019-09-12 09:49:04,0.34,0.8292,175,0.33,0.8048,13,0.31,0.756,26,0.335,0.817,1488,0
IWM190913C157,2019-09-12,2019-09-12 09:49:05,0.34,0.8292,130,0.33,0.8048,13,0.31,0.756,26,0.335,0.817,1488,0
IWM190913C157,2019-09-12,2019-09-12 09:49:05,0.34,0.8292,112,0.33,0.8048,13,0.31,0.756,26,0.335,0.817,1488,0
IWM190913C157,2019-09-12,2019-09-12 09:49:06,0.34,0.8292,99,0.33,0.8048,13,0.31,0.756,26,0.335,0.817,1488,0
IWM190913C157,2019-09-12,2019-09-12 09:49:07,0.34,0.8292,204,0.32,0.7804,98,0.31,0.756,26,0.33,0.8048,1488,0
IWM190913C157,2019-09-12,2019-09-12 09:49:07,0.34,0.8292,175,0.33,0.8048,5,0.31,0.756,26,0.335,0.817,1488,0
IWM190913C157,2019-09-12,2019-09-12 09:49:08,0.34,0.8292,175,0.33,0.8048,18,0.31,0.756,26,0.335,0.817,1488,0
IWM190913C157,2019-09-12,2019-09-12 09:49:08,0.34,0.8292,80,0.33,0.8048,18,0.31,0.756,26,0.335,0.817,1488,0
IWM190913C157,2019-09-12,2019-09-12 09:49:09,0.34,0.8292,80,0.33,0.8048,18,0.31,0.756,26,0.335,0.817,1488,0
IWM190913C157,2019-09-12,2019-09-12 09:49:10,0.34,0.8292,271,0.32,0.7804,133,0.31,0.756,26,0.33,0.8048,1488,0
IWM190913C157,2019-09-12,2019-09-12 09:49:10,0.34,0.8292,263,0.32,0.7804,96,0.31,0.756,26,0.33,0.8048,1488,0
IWM190913C157,2019-09-12,2019-09-12 09:49:11,0.34,0.8292,247,0.32,0.7804,168,0.31,0.756,26,0.33,0.8048,1488,0
IWM190913C157,2019-09-12,2019-09-12 09:49:11,0.34,0.8292,263,0.32,0.7804,96,0.31,0.756,26,0.33,0.8048,1488,0
IWM190913C157,2019-09-12,2019-09-12 09:49:12,0.34,0.8292,263,0.32,0.7804,96,0.31,0.756,26,0.33,0.8048,1488,0
IWM190913C157,2019-09-12,2019-09-12 09:49:13,0.34,0.8292,104,0.32,0.7804,159,0.31,0.756,26,0.33,0.8048,1488,0
IWM190913C157,2019-09-12,2019-09-12 09:49:13,0.34,0.8292,63,0.33,0.8048,30,0.31,0.756,26,0.335,0.817,1488,0
IWM190913C157,2019-09-12,2019-09-12 09:49:14,0.34,0.8292,68,0.33,0.8048,96,0.31,0.756,26,0.335,0.817,1488,0
IWM190913C157,2019-09-12,2019-09-12 09:49:15,0.34,0.8292,13,0.33,0.8048,99,0.31,0.756,26,0.335,0.817,1488,0
IWM190913C157,2019-09-12,2019-09-12 09:49:15,0.35,0.8536,73,0.33,0.8048,234,0.31,0.756,26,0.34,0.8292,1488,0
IWM190913C157,2019-09-12,2019-09-12 09:49:16,0.35,0.8536,73,0.34,0.8292,26,0.31,0.756,26,0.345,0.8414,1488,0
IWM190913C157,2019-09-12,2019-09-12 09:49:16,0.36,0.878,248,0.34,0.8292,99,0.31,0.756,26,0.35,0.8536,1488,0
IWM190913C157,2019-09-12,2019-09-12 09:49:17,0.36,0.878,85,0.35,0.8536,26,0.35,0.8536,3,0.355,0.8658,1491,0
IWM190913C157,2019-09-12,2019-09-12 09:49:17,0.36,0.878,85,0.35,0.8536,26,0.35,0.8536,3,0.355,0.8658,1491,3
IWM190913C157,2019-09-12,2019-09-12 09:49:18,0.37,0.9024,90,0.36,0.878,26,0.35,0.8536,3,0.365,0.8902,1491,0
IWM190913C157,2019-09-12,2019-09-12 09:49:18,0.37,0.9024,159,0.35,0.8536,60,0.35,0.8536,3,0.36,0.878,1491,0
IWM190913C157,2019-09-12,2019-09-12 09:49:19,0.38,0.9268,201,0.36,0.878,83,0.35,0.8536,3,0.37,0.9024,1491,0
IWM190913C157,2019-09-12,2019-09-12 09:49:19,0.38,0.9268,273,0.36,0.878,60,0.35,0.8536,3,0.37,0.9024,1491,0
IWM190913C157,2019-09-12,2019-09-12 09:49:20,0.37,0.9024,22,0.36,0.878,41,0.35,0.8536,3,0.365,0.8902,1491,0
IWM190913C157,2019-09-12,2019-09-12 09:49:20,0.37,0.9024,70,0.36,0.878,59,0.35,0.8536,3,0.365,0.8902,1491,0
IWM190913C157,2019-09-12,2019-09-12 09:49:21,0.37,0.9024,74,0.36,0.878,21,0.35,0.8536,3,0.365,0.8902,1491,0
IWM190913C157,2019-09-12,2019-09-12 09:49:21,0.37,0.9024,74,0.36,0.878,25,0.35,0.8536,3,0.365,0.8902,1491,0
IWM190913C157,2019-09-12,2019-09-12 09:49:22,0.37,0.9024,159,0.35,0.8536,117,0.35,0.8536,3,0.36,0.878,1491,0
IWM190913C157,2019-09-12,2019-09-12 09:49:22,0.37,0.9024,241,0.35,0.8536,59,0.35,0.8536,3,0.36,0.878,1491,0
IWM190913C157,2019-09-12,2019-09-12 09:49:23,0.37,0.9024,275,0.35,0.8536,26,0.35,0.8536,3,0.36,0.878,1491,0
IWM190913C157,2019-09-12,2019-09-12 09:49:23,0.37,0.9024,258,0.35,0.8536,26,0.35,0.8536,3,0.36,0.878,1491,0
IWM190913C157,2019-09-12,2019-09-12 09:49:24,0.36,0.878,225,0.34,0.8292,37,0.35,0.8536,3,0.35,0.8536,1491,0
IWM190913C157,2019-09-12,2019-09-12 09:49:24,0.37,0.9024,275,0.35,0.8536,26,0.35,0.8536,3,0.36,0.878,1491,0
IWM190913C157,2019-09-12,2019-09-12 09:49:25,0.36,0.878,357,0.34,0.8292,13,0.35,0.8536,3,0.35,0.8536,1491,0
IWM190913C157,2019-09-12,2019-09-12 09:49:25,0.35,0.8536,159,0.34,0.8292,13,0.35,0.8536,3,0.345,0.8414,1491,0
IWM190913C157,2019-09-12,2019-09-12 09:49:26,0.35,0.8536,323,0.34,0.8292,13,0.35,0.8536,3,0.345,0.8414,1491,0
IWM190913C157,2019-09-12,2019-09-12 09:49:26,0.35,0.8536,294,0.33,0.8048,59,0.35,0.8536,3,0.34,0.8292,1491,0
IWM190913C157,2019-09-12,2019-09-12 09:49:27,0.35,0.8536,294,0.33,0.8048,59,0.35,0.8536,3,0.34,0.8292,1491,0
IWM190913C157,2019-09-12,2019-09-12 09:49:27,0.35,0.8536,244,0.34,0.8292,13,0.35,0.8536,3,0.345,0.8414,1491,0
IWM190913C157,2019-09-12,2019-09-12 09:49:28,0.35,0.8536,272,0.34,0.8292,13,0.35,0.8536,3,0.345,0.8414,1491,0
IWM190913C157,2019-09-12,2019-09-12 09:49:28,0.35,0.8536,244,0.34,0.8292,13,0.35,0.8536,3,0.345,0.8414,1491,0
IWM190913C157,2019-09-12,2019-09-12 09:49:29,0.35,0.8536,272,0.34,0.8292,5,0.35,0.8536,3,0.345,0.8414,1491,0
IWM190913C157,2019-09-12,2019-09-12 09:49:29,0.35,0.8536,272,0.34,0.8292,13,0.35,0.8536,3,0.345,0.8414,1491,0
IWM190913C157,2019-09-12,2019-09-12 09:49:30,0.35,0.8536,272,0.34,0.8292,5,0.35,0.8536,3,0.345,0.8414,1491,0
IWM190913C157,2019-09-12,2019-09-12 09:49:31,0.35,0.8536,272,0.34,0.8292,5,0.35,0.8536,3,0.345,0.8414,1491,0
IWM190913C157,2019-09-12,2019-09-12 09:49:32,0.34,0.8292,76,0.33,0.8048,33,0.35,0.8536,3,0.335,0.817,1491,0
IWM190913C157,2019-09-12,2019-09-12 09:49:32,0.34,0.8292,76,0.33,0.8048,47,0.35,0.8536,3,0.335,0.817,1491,0
IWM190913C157,2019-09-12,2019-09-12 09:49:33,0.34,0.8292,56,0.33,0.8048,33,0.35,0.8536,3,0.335,0.817,1491,0
IWM190913C157,2019-09-12,2019-09-12 09:49:33,0.35,0.8536,101,0.34,0.8292,26,0.35,0.8536,3,0.345,0.8414,1491,0
IWM190913C157,2019-09-12,2019-09-12 09:49:34,0.35,0.8536,297,0.33,0.8048,29,0.35,0.8536,3,0.34,0.8292,1491,0
IWM190913C157,2019-09-12,2019-09-12 09:49:34,0.35,0.8536,251,0.33,0.8048,13,0.35,0.8536,3,0.34,0.8292,1491,0
IWM190913C157,2019-09-12,2019-09-12 09:49:35,0.35,0.8536,297,0.34,0.8292,18,0.35,0.8536,3,0.345,0.8414,1491,0
IWM190913C157,2019-09-12,2019-09-12 09:49:36,0.35,0.8536,233,0.34,0.8292,31,0.35,0.8536,3,0.345,0.8414,1491,0
IWM190913C157,2019-09-12,2019-09-12 09:49:37,0.35,0.8536,232,0.34,0.8292,31,0.35,0.8536,3,0.345,0.8414,1491,0
IWM190913C157,2019-09-12,2019-09-12 09:49:37,0.35,0.8536,227,0.34,0.8292,31,0.35,0.8536,3,0.345,0.8414,1491,0
IWM190913C157,2019-09-12,2019-09-12 09:49:38,0.35,0.8536,227,0.34,0.8292,31,0.35,0.8536,3,0.345,0.8414,1491,0
IWM190913C157,2019-09-12,2019-09-12 09:49:39,0.35,0.8536,227,0.34,0.8292,31,0.35,0.8536,3,0.345,0.8414,1491,0
IWM190913C157,2019-09-12,2019-09-12 09:49:39,0.35,0.8536,105,0.34,0.8292,31,0.35,0.8536,3,0.345,0.8414,1491,0
IWM190913C157,2019-09-12,2019-09-12 09:49:40,0.35,0.8536,282,0.34,0.8292,116,0.35,0.8536,3,0.345,0.8414,1491,0
IWM190913C157,2019-09-12,2019-09-12 09:49:40,0.35,0.8536,59,0.34,0.8292,116,0.35,0.8536,3,0.345,0.8414,1491,0
IWM190913C157,2019-09-12,2019-09-12 09:49:41,0.35,0.8536,345,0.33,0.8048,34,0.35,0.8536,3,0.34,0.8292,1491,0
IWM190913C157,2019-09-12,2019-09-12 09:49:41,0.35,0.8536,187,0.33,0.8048,111,0.35,0.8536,3,0.34,0.8292,1491,0
IWM190913C157,2019-09-12,2019-09-12 09:49:42,0.35,0.8536,380,0.34,0.8292,13,0.35,0.8536,3,0.345,0.8414,1491,0
IWM190913C157,2019-09-12,2019-09-12 09:49:42,0.35,0.8536,187,0.33,0.8048,111,0.35,0.8536,3,0.34,0.8292,1491,0
IWM190913C157,2019-09-12,2019-09-12 09:49:43,0.35,0.8536,380,0.33,0.8048,120,0.35,0.8536,3,0.34,0.8292,1491,0
IWM190913C157,2019-09-12,2019-09-12 09:49:44,0.35,0.8536,260,0.34,0.8292,19,0.35,0.8536,3,0.345,0.8414,1491,0
IWM190913C157,2019-09-12,2019-09-12 09:49:45,0.36,0.878,393,0.34,0.8292,21,0.35,0.8536,3,0.35,0.8536,1491,0
IWM190913C157,2019-09-12,2019-09-12 09:49:45,0.35,0.8536,288,0.34,0.8292,19,0.35,0.8536,3,0.345,0.8414,1491,0
IWM190913C157,2019-09-12,2019-09-12 09:49:46,0.36,0.878,61,0.33,0.8048,38,0.35,0.8536,3,0.345,0.8414,1491,0
IWM190913C157,2019-09-12,2019-09-12 09:49:46,0.36,0.878,360,0.35,0.8536,19,0.35,0.8536,3,0.355,0.8658,1491,0
IWM190913C157,2019-09-12,2019-09-12 09:49:47,0.34,0.8292,113,0.32,0.7804,13,0.35,0.8536,3,0.33,0.8048,1491,0
IWM190913C157,2019-09-12,2019-09-12 09:49:47,0.36,0.878,61,0.32,0.7804,15,0.35,0.8536,3,0.34,0.8292,1491,0
IWM190913C157,2019-09-12,2019-09-12 09:49:48,0.33,0.8048,25,0.31,0.756,117,0.35,0.8536,3,0.32,0.7804,1491,0
IWM190913C157,2019-09-12,2019-09-12 09:49:48,0.34,0.8292,113,0.32,0.7804,83,0.35,0.8536,3,0.33,0.8048,1491,0
IWM190913C157,2019-09-12,2019-09-12 09:49:49,0.33,0.8048,71,0.32,0.7804,26,0.35,0.8536,3,0.325,0.7926,1491,0
IWM190913C157,2019-09-12,2019-09-12 09:49:50,0.34,0.8292,249,0.32,0.7804,26,0.35,0.8536,3,0.33,0.8048,1491,0
IWM190913C157,2019-09-12,2019-09-12 09:49:50,0.34,0.8292,85,0.32,0.7804,26,0.35,0.8536,3,0.33,0.8048,1491,0
IWM190913C157,2019-09-12,2019-09-12 09:49:51,0.33,0.8048,36,0.32,0.7804,26,0.35,0.8536,3,0.325,0.7926,1491,0
IWM190913C157,2019-09-12,2019-09-12 09:49:51,0.34,0.8292,84,0.32,0.7804,39,0.35,0.8536,3,0.33,0.8048,1491,0
IWM190913C157,2019-09-12,2019-09-12 09:49:52,0.34,0.8292,88,0.32,0.7804,39,0.35,0.8536,3,0.33,0.8048,1491,0
IWM190913C157,2019-09-12,2019-09-12 09:49:52,0.34,0.8292,258,0.33,0.8048,13,0.35,0.8536,3,0.335,0.817,1491,0
IWM190913C157,2019-09-12,2019-09-12 09:49:53,0.34,0.8292,258,0.33,0.8048,13,0.35,0.8536,3,0.335,0.817,1491,0
IWM190913C157,2019-09-12,2019-09-12 09:49:54,0.34,0.8292,253,0.32,0.7804,31,0.35,0.8536,3,0.33,0.8048,1491,0
IWM190913C157,2019-09-12,2019-09-12 09:49:54,0.34,0.8292,253,0.32,0.7804,47,0.35,0.8536,3,0.33,0.8048,1491,0
IWM190913C157,2019-09-12,2019-09-12 09:49:55,0.34,0.8292,253,0.32,0.7804,52,0.35,0.8536,3,0.33,0.8048,1491,0
IWM190913C157,2019-09-12,2019-09-12 09:49:55,0.34,0.8292,253,0.32,0.7804,47,0.35,0.8536,3,0.33,0.8048,1491,0
IWM190913C157,2019-09-12,2019-09-12 09:49:56,0.33,0.8048,21,0.32,0.7804,26,0.35,0.8536,3,0.325,0.7926,1491,0
IWM190913C157,2019-09-12,2019-09-12 09:49:56,0.34,0.8292,94,0.32,0.7804,26,0.35,0.8536,3,0.33,0.8048,1491,0
IWM190913C157,2019-09-12,2019-09-12 09:49:57,0.34,0.8292,84,0.32,0.7804,26,0.35,0.8536,3,0.33,0.8048,1491,0
IWM190913C157,2019-09-12,2019-09-12 09:49:57,0.34,0.8292,126,0.32,0.7804,33,0.35,0.8536,3,0.33,0.8048,1491,0
IWM190913C157,2019-09-12,2019-09-12 09:49:58,0.34,0.8292,112,0.32,0.7804,33,0.35,0.8536,3,0.33,0.8048,1491,0
IWM190913C157,2019-09-12,2019-09-12 09:49:58,0.34,0.8292,53,0.32,0.7804,33,0.35,0.8536,3,0.33,0.8048,1491,0
IWM190913C157,2019-09-12,2019-09-12 09:49:59,0.34,0.8292,71,0.33,0.8048,26,0.35,0.8536,3,0.335,0.817,1491,0
IWM190913C157,2019-09-12,2019-09-12 09:50:00,0.34,0.8292,163,0.33,0.8048,26,0.35,0.8536,3,0.335,0.817,1491,0
IWM190913C157,2019-09-12,2019-09-12 09:50:01,0.34,0.8292,255,0.32,0.7804,31,0.35,0.8536,3,0.33,0.8048,1491,0
IWM190913C157,2019-09-12,2019-09-12 09:50:01,0.34,0.8292,163,0.33,0.8048,26,0.35,0.8536,3,0.335,0.817,1491,0
IWM190913C157,2019-09-12,2019-09-12 09:50:02,0.33,0.8048,188,0.32,0.7804,13,0.35,0.8536,3,0.325,0.7926,1491,0
IWM190913C157,2019-09-12,2019-09-12 09:50:02,0.33,0.8048,84,0.32,0.7804,26,0.35,0.8536,3,0.325,0.7926,1491,0
IWM190913C157,2019-09-12,2019-09-12 09:50:03,0.33,0.8048,84,0.32,0.7804,26,0.35,0.8536,3,0.325,0.7926,1491,0
IWM190913C157,2019-09-12,2019-09-12 09:50:03,0.33,0.8048,84,0.32,0.7804,13,0.35,0.8536,3,0.325,0.7926,1491,0
IWM190913C157,2019-09-12,2019-09-12 09:50:04,0.34,0.8292,126,0.32,0.7804,63,0.35,0.8536,3,0.33,0.8048,1491,0
IWM190913C157,2019-09-12,2019-09-12 09:50:04,0.34,0.8292,71,0.33,0.8048,25,0.35,0.8536,3,0.335,0.817,1491,0
IWM190913C157,2019-09-12,2019-09-12 09:50:05,0.34,0.8292,71,0.33,0.8048,25,0.35,0.8536,3,0.335,0.817,1491,0
IWM190913C157,2019-09-12,2019-09-12 09:50:06,0.34,0.8292,133,0.33,0.8048,25,0.35,0.8536,3,0.335,0.817,1491,0
IWM190913C157,2019-09-12,2019-09-12 09:50:07,0.34,0.8292,230,0.32,0.7804,63,0.35,0.8536,3,0.33,0.8048,1491,0
IWM190913C157,2019-09-12,2019-09-12 09:50:07,0.34,0.8292,254,0.32,0.7804,26,0.35,0.8536,3,0.33,0.8048,1491,0
IWM190913C157,2019-09-12,2019-09-12 09:50:08,0.34,0.8292,254,0.32,0.7804,31,0.35,0.8536,3,0.33,0.8048,1491,0
IWM190913C157,2019-09-12,2019-09-12 09:50:08,0.34,0.8292,254,0.32,0.7804,13,0.35,0.8536,3,0.33,0.8048,1491,0
IWM190913C157,2019-09-12,2019-09-12 09:50:09,0.33,0.8048,185,0.31,0.756,49,0.35,0.8536,3,0.32,0.7804,1491,0
IWM190913C157,2019-09-12,2019-09-12 09:50:10,0.32,0.7804,22,0.31,0.756,31,0.35,0.8536,3,0.315,0.7682,1491,0
IWM190913C157,2019-09-12,2019-09-12 09:50:10,0.32,0.7804,97,0.31,0.756,31,0.35,0.8536,3,0.315,0.7682,1491,0
IWM190913C157,2019-09-12,2019-09-12 09:50:11,0.33,0.8048,177,0.31,0.756,47,0.35,0.8536,3,0.32,0.7804,1491,0
IWM190913C157,2019-09-12,2019-09-12 09:50:11,0.32,0.7804,10,0.31,0.756,31,0.35,0.8536,3,0.315,0.7682,1491,0
IWM190913C157,2019-09-12,2019-09-12 09:50:12,0.33,0.8048,130,0.31,0.756,47,0.35,0.8536,3,0.32,0.7804,1491,0
IWM190913C157,2019-09-12,2019-09-12 09:50:12,0.33,0.8048,238,0.31,0.756,13,0.35,0.8536,3,0.32,0.7804,1491,0
IWM190913C157,2019-09-12,2019-09-12 09:50:13,0.33,0.8048,217,0.31,0.756,66,0.35,0.8536,3,0.32,0.7804,1491,0
IWM190913C157,2019-09-12,2019-09-12 09:50:13,0.33,0.8048,30,0.32,0.7804,57,0.35,0.8536,3,0.325,0.7926,1491,0
IWM190913C157,2019-09-12,2019-09-12 09:50:14,0.33,0.8048,30,0.32,0.7804,57,0.35,0.8536,3,0.325,0.7926,1491,0
IWM190913C157,2019-09-12,2019-09-12 09:50:14,0.34,0.8292,219,0.32,0.7804,30,0.35,0.8536,3,0.33,0.8048,1491,0
IWM190913C157,2019-09-12,2019-09-12 09:50:15,0.33,0.8048,43,0.32,0.7804,26,0.35,0.8536,3,0.325,0.7926,1491,0
IWM190913C157,2019-09-12,2019-09-12 09:50:15,0.33,0.8048,12,0.32,0.7804,39,0.35,0.8536,3,0.325,0.7926,1491,0
IWM190913C157,2019-09-12,2019-09-12 09:50:16,0.33,0.8048,89,0.32,0.7804,26,0.35,0.8536,3,0.325,0.7926,1491,0
IWM190913C157,2019-09-12,2019-09-12 09:50:16,0.33,0.8048,102,0.32,0.7804,26,0.35,0.8536,3,0.325,0.7926,1491,0
IWM190913C157,2019-09-12,2019-09-12 09:50:17,0.33,0.8048,89,0.32,0.7804,26,0.35,0.8536,3,0.325,0.7926,1491,0
IWM190913C157,2019-09-12,2019-09-12 09:50:17,0.33,0.8048,102,0.32,0.7804,13,0.35,0.8536,3,0.325,0.7926,1491,0
IWM190913C157,2019-09-12,2019-09-12 09:50:18,0.33,0.8048,105,0.32,0.7804,13,0.35,0.8536,3,0.325,0.7926,1491,0
IWM190913C157,2019-09-12,2019-09-12 09:50:18,0.33,0.8048,105,0.32,0.7804,26,0.35,0.8536,3,0.325,0.7926,1491,0
IWM190913C157,2019-09-12,2019-09-12 09:50:19,0.33,0.8048,105,0.32,0.7804,13,0.35,0.8536,3,0.325,0.7926,1491,0
IWM190913C157,2019-09-12,2019-09-12 09:50:20,0.33,0.8048,416,0.31,0.756,81,0.35,0.8536,3,0.32,0.7804,1491,0
IWM190913C157,2019-09-12,2019-09-12 09:50:20,0.33,0.8048,326,0.31,0.756,39,0.35,0.8536,3,0.32,0.7804,1491,0
IWM190913C157,2019-09-12,2019-09-12 09:50:21,0.33,0.8048,205,0.31,0.756,97,0.35,0.8536,3,0.32,0.7804,1491,0
IWM190913C157,2019-09-12,2019-09-12 09:50:22,0.33,0.8048,205,0.31,0.756,97,0.35,0.8536,3,0.32,0.7804,1491,0
IWM190913C157,2019-09-12,2019-09-12 09:50:22,0.33,0.8048,401,0.31,0.756,97,0.35,0.8536,3,0.32,0.7804,1491,0
IWM190913C157,2019-09-12,2019-09-12 09:50:23,0.33,0.8048,401,0.31,0.756,36,0.35,0.8536,3,0.32,0.7804,1491,0
IWM190913C157,2019-09-12,2019-09-12 09:50:23,0.33,0.8048,177,0.31,0.756,125,0.35,0.8536,3,0.32,0.7804,1491,0
IWM190913C157,2019-09-12,2019-09-12 09:50:24,0.33,0.8048,163,0.31,0.756,100,0.35,0.8536,3,0.32,0.7804,1491,0
IWM190913C157,2019-09-12,2019-09-12 09:50:24,0.33,0.8048,338,0.31,0.756,80,0.35,0.8536,3,0.32,0.7804,1491,0
IWM190913C157,2019-09-12,2019-09-12 09:50:25,0.33,0.8048,338,0.31,0.756,36,0.35,0.8536,3,0.32,0.7804,1491,0
IWM190913C157,2019-09-12,2019-09-12 09:50:26,0.32,0.7804,65,0.31,0.756,18,0.35,0.8536,3,0.315,0.7682,1491,0
IWM190913C157,2019-09-12,2019-09-12 09:50:26,0.33,0.8048,338,0.31,0.756,36,0.35,0.8536,3,0.32,0.7804,1491,0
IWM190913C157,2019-09-12,2019-09-12 09:50:27,0.32,0.7804,83,0.31,0.756,18,0.35,0.8536,3,0.315,0.7682,1491,0
IWM190913C157,2019-09-12,2019-09-12 09:50:28,0.32,0.7804,70,0.31,0.756,18,0.35,0.8536,3,0.315,0.7682,1491,0
IWM190913C157,2019-09-12,2019-09-12 09:50:28,0.32,0.7804,88,0.31,0.756,18,0.35,0.8536,3,0.315,0.7682,1491,0
IWM190913C157,2019-09-12,2019-09-12 09:50:29,0.32,0.7804,99,0.31,0.756,18,0.35,0.8536,3,0.315,0.7682,1491,0
IWM190913C157,2019-09-12,2019-09-12 09:50:30,0.32,0.7804,81,0.31,0.756,31,0.35,0.8536,3,0.315,0.7682,1491,0
IWM190913C157,2019-09-12,2019-09-12 09:50:31,0.32,0.7804,99,0.31,0.756,18,0.35,0.8536,3,0.315,0.7682,1491,0
IWM190913C157,2019-09-12,2019-09-12 09:50:31,0.32,0.7804,68,0.31,0.756,31,0.35,0.8536,3,0.315,0.7682,1491,0
IWM190913C157,2019-09-12,2019-09-12 09:50:32,0.32,0.7804,99,0.31,0.756,18,0.35,0.8536,3,0.315,0.7682,1491,0
IWM190913C157,2019-09-12,2019-09-12 09:50:32,0.31,0.756,95,0.3,0.7317,23,0.35,0.8536,3,0.305,0.7439,1491,0
IWM190913C157,2019-09-12,2019-09-12 09:50:33,0.31,0.756,111,0.3,0.7317,36,0.35,0.8536,3,0.305,0.7439,1491,0
IWM190913C157,2019-09-12,2019-09-12 09:50:33,0.31,0.756,93,0.3,0.7317,36,0.35,0.8536,3,0.305,0.7439,1491,0
IWM190913C157,2019-09-12,2019-09-12 09:50:34,0.31,0.756,111,0.3,0.7317,6,0.35,0.8536,3,0.305,0.7439,1491,0
IWM190913C157,2019-09-12,2019-09-12 09:50:34,0.31,0.756,98,0.3,0.7317,23,0.35,0.8536,3,0.305,0.7439,1491,0
IWM190913C157,2019-09-12,2019-09-12 09:50:35,0.31,0.756,111,0.3,0.7317,6,0.35,0.8536,3,0.305,0.7439,1491,0
IWM190913C157,2019-09-12,2019-09-12 09:50:36,0.3,0.7317,18,0.29,0.7073,83,0.35,0.8536,3,0.295,0.7195,1491,0
IWM190913C157,2019-09-12,2019-09-12 09:50:36,0.3,0.7317,18,0.29,0.7073,99,0.35,0.8536,3,0.295,0.7195,1491,0
IWM190913C157,2019-09-12,2019-09-12 09:50:37,0.31,0.756,31,0.3,0.7317,27,0.3,0.7317,1,0.305,0.7439,1502,11
IWM190913C157,2019-09-12,2019-09-12 09:50:37,0.31,0.756,44,0.3,0.7317,41,0.3,0.7317,1,0.305,0.7439,1502,0
IWM190913C157,2019-09-12,2019-09-12 09:50:38,0.31,0.756,82,0.3,0.7317,41,0.3,0.7317,1,0.305,0.7439,1502,0
IWM190913C157,2019-09-12,2019-09-12 09:50:38,0.32,0.7804,56,0.31,0.756,13,0.3,0.7317,1,0.315,0.7682,1502,0
IWM190913C157,2019-09-12,2019-09-12 09:50:39,0.32,0.7804,4,0.32,0.7804,13,0.3,0.7317,1,0.32,0.7804,1502,0
IWM190913C157,2019-09-12,2019-09-12 09:50:39,0.32,0.7804,4,0.31,0.756,83,0.3,0.7317,1,0.315,0.7682,1502,0
IWM190913C157,2019-09-12,2019-09-12 09:50:40,0.33,0.8048,452,0.31,0.756,83,0.3,0.7317,1,0.32,0.7804,1502,0
IWM190913C157,2019-09-12,2019-09-12 09:50:40,0.33,0.8048,452,0.32,0.7804,18,0.3,0.7317,1,0.325,0.7926,1502,0
IWM190913C157,2019-09-12,2019-09-12 09:50:41,0.33,0.8048,452,0.31,0.756,74,0.3,0.7317,1,0.32,0.7804,1502,0
IWM190913C157,2019-09-12,2019-09-12 09:50:41,0.33,0.8048,452,0.32,0.7804,15,0.33,0.8048,6,0.325,0.7926,1514,12
IWM190913C157,2019-09-12,2019-09-12 09:50:42,0.31,0.756,85,0.3,0.7317,37,0.33,0.8048,6,0.305,0.7439,1514,0
IWM190913C157,2019-09-12,2019-09-12 09:50:43,0.31,0.756,85,0.3,0.7317,26,0.33,0.8048,6,0.305,0.7439,1514,0
IWM190913C157,2019-09-12,2019-09-12 09:50:44,0.31,0.756,98,0.3,0.7317,20,0.33,0.8048,6,0.305,0.7439,1514,0
IWM190913C157,2019-09-12,2019-09-12 09:50:45,0.31,0.756,98,0.3,0.7317,31,0.31,0.756,10,0.305,0.7439,1524,10
IWM190913C157,2019-09-12,2019-09-12 09:50:45,0.31,0.756,98,0.3,0.7317,44,0.31,0.756,10,0.305,0.7439,1524,0
IWM190913C157,2019-09-12,2019-09-12 09:50:46,0.31,0.756,98,0.3,0.7317,26,0.31,0.756,10,0.305,0.7439,1524,0
IWM190913C157,2019-09-12,2019-09-12 09:50:47,0.31,0.756,98,0.3,0.7317,26,0.31,0.756,10,0.305,0.7439,1524,0
IWM190913C157,2019-09-12,2019-09-12 09:50:47,0.31,0.756,98,0.3,0.7317,13,0.31,0.756,10,0.305,0.7439,1524,0
IWM190913C157,2019-09-12,2019-09-12 09:50:48,0.3,0.7317,44,0.29,0.7073,89,0.31,0.756,10,0.295,0.7195,1524,0
IWM190913C157,2019-09-12,2019-09-12 09:50:48,0.31,0.756,140,0.29,0.7073,60,0.31,0.756,10,0.3,0.7317,1524,0
IWM190913C157,2019-09-12,2019-09-12 09:50:49,0.31,0.756,140,0.29,0.7073,60,0.31,0.756,10,0.3,0.7317,1524,0
IWM190913C157,2019-09-12,2019-09-12 09:50:49,0.31,0.756,124,0.29,0.7073,60,0.31,0.756,10,0.3,0.7317,1524,0
IWM190913C157,2019-09-12,2019-09-12 09:50:50,0.31,0.756,65,0.3,0.7317,1,0.3,0.7317,1,0.305,0.7439,1552,28
IWM190913C157,2019-09-12,2019-09-12 09:50:50,0.31,0.756,65,0.3,0.7317,18,0.31,0.756,10,0.305,0.7439,1524,0
IWM190913C157,2019-09-12,2019-09-12 09:50:51,0.31,0.756,50,0.3,0.7317,197,0.3,0.7317,1,0.305,0.7439,1555,3
IWM190913C157,2019-09-12,2019-09-12 09:50:51,0.31,0.756,18,0.3,0.7317,241,0.3,0.7317,1,0.305,0.7439,1555,0
IWM190913C157,2019-09-12,2019-09-12 09:50:52,0.31,0.756,47,0.3,0.7317,13,0.3,0.7317,1,0.305,0.7439,1555,0
IWM190913C157,2019-09-12,2019-09-12 09:50:52,0.32,0.7804,110,0.3,0.7317,115,0.3,0.7317,1,0.31,0.756,1555,0
IWM190913C157,2019-09-12,2019-09-12 09:50:53,0.31,0.756,52,0.3,0.7317,32,0.3,0.7317,1,0.305,0.7439,1555,0
IWM190913C157,2019-09-12,2019-09-12 09:50:53,0.31,0.756,81,0.3,0.7317,13,0.3,0.7317,1,0.305,0.7439,1555,0
IWM190913C157,2019-09-12,2019-09-12 09:50:54,0.31,0.756,99,0.3,0.7317,14,0.3,0.7317,1,0.305,0.7439,1555,0
IWM190913C157,2019-09-12,2019-09-12 09:50:55,0.31,0.756,18,0.3,0.7317,120,0.3,0.7317,1,0.305,0.7439,1555,0
IWM190913C157,2019-09-12,2019-09-12 09:50:55,0.31,0.756,99,0.3,0.7317,14,0.3,0.7317,1,0.305,0.7439,1555,0
IWM190913C157,2019-09-12,2019-09-12 09:50:56,0.31,0.756,22,0.29,0.7073,94,0.3,0.7317,1,0.3,0.7317,1555,0
IWM190913C157,2019-09-12,2019-09-12 09:50:56,0.32,0.7804,90,0.3,0.7317,131,0.3,0.7317,1,0.31,0.756,1555,0
IWM190913C157,2019-09-12,2019-09-12 09:50:57,0.3,0.7317,19,0.29,0.7073,94,0.3,0.7317,1,0.295,0.7195,1555,0
IWM190913C157,2019-09-12,2019-09-12 09:50:57,0.3,0.7317,7,0.29,0.7073,144,0.3,0.7317,1,0.295,0.7195,1555,0
IWM190913C157,2019-09-12,2019-09-12 09:50:58,0.3,0.7317,17,0.29,0.7073,81,0.3,0.7317,1,0.295,0.7195,1555,0
IWM190913C157,2019-09-12,2019-09-12 09:50:58,0.3,0.7317,17,0.29,0.7073,121,0.3,0.7317,1,0.295,0.7195,1555,0
IWM190913C157,2019-09-12,2019-09-12 09:50:59,0.3,0.7317,17,0.29,0.7073,81,0.3,0.7317,1,0.295,0.7195,1555,0
IWM190913C157,2019-09-12,2019-09-12 09:51:00,0.3,0.7317,59,0.29,0.7073,14,0.3,0.7317,1,0.295,0.7195,1555,0
IWM190913C157,2019-09-12,2019-09-12 09:51:01,0.3,0.7317,19,0.29,0.7073,48,0.3,0.7317,1,0.295,0.7195,1555,0
IWM190913C157,2019-09-12,2019-09-12 09:51:01,0.3,0.7317,19,0.29,0.7073,78,0.3,0.7317,1,0.295,0.7195,1555,0
IWM190913C157,2019-09-12,2019-09-12 09:51:02,0.3,0.7317,40,0.29,0.7073,54,0.3,0.7317,1,0.295,0.7195,1555,0
IWM190913C157,2019-09-12,2019-09-12 09:51:02,0.3,0.7317,25,0.29,0.7073,26,0.3,0.7317,1,0.295,0.7195,1555,0
IWM190913C157,2019-09-12,2019-09-12 09:51:03,0.31,0.756,108,0.29,0.7073,26,0.3,0.7317,1,0.3,0.7317,1555,0
IWM190913C157,2019-09-12,2019-09-12 09:51:03,0.31,0.756,126,0.29,0.7073,152,0.3,0.7317,1,0.3,0.7317,1555,0
IWM190913C157,2019-09-12,2019-09-12 09:51:04,0.32,0.7804,76,0.31,0.756,26,0.3,0.7317,1,0.315,0.7682,1555,0
IWM190913C157,2019-09-12,2019-09-12 09:51:04,0.32,0.7804,110,0.3,0.7317,26,0.3,0.7317,1,0.31,0.756,1555,0
IWM190913C157,2019-09-12,2019-09-12 09:51:05,0.32,0.7804,18,0.31,0.756,39,0.3,0.7317,1,0.315,0.7682,1555,0
IWM190913C157,2019-09-12,2019-09-12 09:51:05,0.33,0.8048,122,0.31,0.756,149,0.3,0.7317,1,0.32,0.7804,1555,0
IWM190913C157,2019-09-12,2019-09-12 09:51:06,0.33,0.8048,110,0.31,0.756,199,0.3,0.7317,1,0.32,0.7804,1555,0
IWM190913C157,2019-09-12,2019-09-12 09:51:06,0.33,0.8048,48,0.32,0.7804,21,0.3,0.7317,1,0.325,0.7926,1555,0
IWM190913C157,2019-09-12,2019-09-12 09:51:07,0.33,0.8048,77,0.32,0.7804,21,0.3,0.7317,1,0.325,0.7926,1555,0
IWM190913C157,2019-09-12,2019-09-12 09:51:07,0.33,0.8048,95,0.31,0.756,144,0.3,0.7317,1,0.32,0.7804,1555,0
IWM190913C157,2019-09-12,2019-09-12 09:51:08,0.33,0.8048,95,0.31,0.756,144,0.3,0.7317,1,0.32,0.7804,1555,0
IWM190913C157,2019-09-12,2019-09-12 09:51:08,0.32,0.7804,54,0.31,0.756,144,0.3,0.7317,1,0.315,0.7682,1555,0
IWM190913C157,2019-09-12,2019-09-12 09:51:09,0.32,0.7804,54,0.31,0.756,144,0.3,0.7317,1,0.315,0.7682,1555,0
IWM190913C157,2019-09-12,2019-09-12 09:51:09,0.31,0.756,3,0.3,0.7317,89,0.3,0.7317,1,0.305,0.7439,1555,0
IWM190913C157,2019-09-12,2019-09-12 09:51:10,0.31,0.756,83,0.29,0.7073,96,0.3,0.7317,1,0.3,0.7317,1555,0
IWM190913C157,2019-09-12,2019-09-12 09:51:10,0.31,0.756,89,0.29,0.7073,128,0.3,0.7317,1,0.3,0.7317,1555,0
IWM190913C157,2019-09-12,2019-09-12 09:51:11,0.31,0.756,63,0.29,0.7073,144,0.3,0.7317,1,0.3,0.7317,1555,0
IWM190913C157,2019-09-12,2019-09-12 09:51:11,0.31,0.756,83,0.29,0.7073,96,0.3,0.7317,1,0.3,0.7317,1555,0
IWM190913C157,2019-09-12,2019-09-12 09:51:12,0.31,0.756,63,0.29,0.7073,144,0.3,0.7317,1,0.3,0.7317,1555,0
IWM190913C157,2019-09-12,2019-09-12 09:51:12,0.31,0.756,49,0.3,0.7317,26,0.3,0.7317,1,0.305,0.7439,1555,0
IWM190913C157,2019-09-12,2019-09-12 09:51:13,0.31,0.756,3,0.3,0.7317,53,0.3,0.7317,1,0.305,0.7439,1555,0
IWM190913C157,2019-09-12,2019-09-12 09:51:13,0.31,0.756,40,0.3,0.7317,26,0.3,0.7317,1,0.305,0.7439,1555,0
IWM190913C157,2019-09-12,2019-09-12 09:51:14,0.31,0.756,3,0.3,0.7317,154,0.3,0.7317,1,0.305,0.7439,1555,0
IWM190913C157,2019-09-12,2019-09-12 09:51:15,0.32,0.7804,62,0.31,0.756,25,0.3,0.7317,1,0.315,0.7682,1555,0
IWM190913C157,2019-09-12,2019-09-12 09:51:15,0.32,0.7804,71,0.31,0.756,13,0.3,0.7317,1,0.315,0.7682,1555,0
IWM190913C157,2019-09-12,2019-09-12 09:51:16,0.32,0.7804,41,0.31,0.756,98,0.3,0.7317,1,0.315,0.7682,1555,0
IWM190913C157,2019-09-12,2019-09-12 09:51:16,0.33,0.8048,140,0.31,0.756,25,0.3,0.7317,1,0.32,0.7804,1555,0
IWM190913C157,2019-09-12,2019-09-12 09:51:17,0.32,0.7804,107,0.31,0.756,2,0.3,0.7317,1,0.315,0.7682,1555,0
IWM190913C157,2019-09-12,2019-09-12 09:51:17,0.32,0.7804,41,0.31,0.756,2,0.3,0.7317,1,0.315,0.7682,1555,0
IWM190913C157,2019-09-12,2019-09-12 09:51:18,0.32,0.7804,42,0.31,0.756,2,0.3,0.7317,1,0.315,0.7682,1555,0
IWM190913C157,2019-09-12,2019-09-12 09:51:18,0.32,0.7804,86,0.31,0.756,2,0.3,0.7317,1,0.315,0.7682,1555,0
IWM190913C157,2019-09-12,2019-09-12 09:51:19,0.32,0.7804,80,0.31,0.756,2,0.3,0.7317,1,0.315,0.7682,1555,0
IWM190913C157,2019-09-12,2019-09-12 09:51:20,0.32,0.7804,91,0.31,0.756,2,0.3,0.7317,1,0.315,0.7682,1555,0
IWM190913C157,2019-09-12,2019-09-12 09:51:20,0.31,0.756,26,0.31,0.756,2,0.31,0.756,2,0.31,0.756,1557,2
IWM190913C157,2019-09-12,2019-09-12 09:51:21,0.3,0.7317,18,0.29,0.7073,131,0.31,0.756,2,0.295,0.7195,1557,0
IWM190913C157,2019-09-12,2019-09-12 09:51:22,0.3,0.7317,18,0.29,0.7073,139,0.31,0.756,2,0.295,0.7195,1557,0
IWM190913C157,2019-09-12,2019-09-12 09:51:22,0.3,0.7317,18,0.29,0.7073,150,0.31,0.756,2,0.295,0.7195,1557,0
IWM190913C157,2019-09-12,2019-09-12 09:51:23,0.3,0.7317,13,0.29,0.7073,144,0.31,0.756,2,0.295,0.7195,1557,0
IWM190913C157,2019-09-12,2019-09-12 09:51:23,0.3,0.7317,13,0.29,0.7073,201,0.31,0.756,2,0.295,0.7195,1557,0
IWM190913C157,2019-09-12,2019-09-12 09:51:24,0.3,0.7317,52,0.29,0.7073,16,0.31,0.756,2,0.295,0.7195,1557,0
IWM190913C157,2019-09-12,2019-09-12 09:51:24,0.3,0.7317,52,0.29,0.7073,19,0.31,0.756,2,0.295,0.7195,1557,0
IWM190913C157,2019-09-12,2019-09-12 09:51:25,0.3,0.7317,52,0.29,0.7073,19,0.31,0.756,2,0.295,0.7195,1557,0
IWM190913C157,2019-09-12,2019-09-12 09:51:25,0.3,0.7317,84,0.29,0.7073,49,0.31,0.756,2,0.295,0.7195,1557,0
IWM190913C157,2019-09-12,2019-09-12 09:51:26,0.3,0.7317,37,0.29,0.7073,29,0.31,0.756,2,0.295,0.7195,1557,0
IWM190913C157,2019-09-12,2019-09-12 09:51:26,0.3,0.7317,52,0.29,0.7073,80,0.31,0.756,2,0.295,0.7195,1557,0
IWM190913C157,2019-09-12,2019-09-12 09:51:27,0.3,0.7317,52,0.29,0.7073,53,0.31,0.756,2,0.295,0.7195,1557,0
IWM190913C157,2019-09-12,2019-09-12 09:51:28,0.3,0.7317,56,0.29,0.7073,53,0.31,0.756,2,0.295,0.7195,1557,0
IWM190913C157,2019-09-12,2019-09-12 09:51:28,0.3,0.7317,115,0.29,0.7073,40,0.31,0.756,2,0.295,0.7195,1557,0
IWM190913C157,2019-09-12,2019-09-12 09:51:29,0.3,0.7317,115,0.29,0.7073,52,0.31,0.756,2,0.295,0.7195,1557,0
IWM190913C157,2019-09-12,2019-09-12 09:51:29,0.3,0.7317,60,0.29,0.7073,18,0.31,0.756,2,0.295,0.7195,1557,0
IWM190913C157,2019-09-12,2019-09-12 09:51:30,0.31,0.756,63,0.29,0.7073,205,0.31,0.756,2,0.3,0.7317,1557,0
IWM190913C157,2019-09-12,2019-09-12 09:51:30,0.31,0.756,124,0.29,0.7073,174,0.31,0.756,2,0.3,0.7317,1557,0
IWM190913C157,2019-09-12,2019-09-12 09:51:31,0.31,0.756,124,0.29,0.7073,224,0.31,0.756,2,0.3,0.7317,1557,0
IWM190913C157,2019-09-12,2019-09-12 09:51:31,0.31,0.756,81,0.29,0.7073,330,0.31,0.756,2,0.3,0.7317,1557,0
IWM190913C157,2019-09-12,2019-09-12 09:51:32,0.31,0.756,44,0.3,0.7317,80,0.31,0.756,2,0.305,0.7439,1557,0
IWM190913C157,2019-09-12,2019-09-12 09:51:32,0.31,0.756,18,0.3,0.7317,39,0.31,0.756,2,0.305,0.7439,1557,0
IWM190913C157,2019-09-12,2019-09-12 09:51:33,0.3,0.7317,79,0.29,0.7073,75,0.31,0.756,2,0.295,0.7195,1557,0
IWM190913C157,2019-09-12,2019-09-12 09:51:33,0.31,0.756,18,0.3,0.7317,149,0.31,0.756,2,0.305,0.7439,1557,0
IWM190913C157,2019-09-12,2019-09-12 09:51:34,0.3,0.7317,120,0.29,0.7073,52,0.31,0.756,2,0.295,0.7195,1557,0
IWM190913C157,2019-09-12,2019-09-12 09:51:34,0.3,0.7317,104,0.29,0.7073,52,0.31,0.756,2,0.295,0.7195,1557,0
IWM190913C157,2019-09-12,2019-09-12 09:51:35,0.29,0.7073,37,0.28,0.6829,129,0.31,0.756,2,0.285,0.6951,1557,0
IWM190913C157,2019-09-12,2019-09-12 09:51:35,0.3,0.7317,169,0.29,0.7073,52,0.31,0.756,2,0.295,0.7195,1557,0
IWM190913C157,2019-09-12,2019-09-12 09:51:36,0.29,0.7073,11,0.28,0.6829,129,0.31,0.756,2,0.285,0.6951,1557,0
IWM190913C157,2019-09-12,2019-09-12 09:51:36,0.3,0.7317,68,0.29,0.7073,52,0.31,0.756,2,0.295,0.7195,1557,0
IWM190913C157,2019-09-12,2019-09-12 09:51:37,0.3,0.7317,183,0.28,0.6829,212,0.31,0.756,2,0.29,0.7073,1557,0
IWM190913C157,2019-09-12,2019-09-12 09:51:37,0.3,0.7317,144,0.28,0.6829,212,0.31,0.756,2,0.29,0.7073,1557,0
IWM190913C157,2019-09-12,2019-09-12 09:51:38,0.29,0.7073,29,0.28,0.6829,80,0.31,0.756,2,0.285,0.6951,1557,0
IWM190913C157,2019-09-12,2019-09-12 09:51:38,0.29,0.7073,29,0.28,0.6829,83,0.31,0.756,2,0.285,0.6951,1557,0
IWM190913C157,2019-09-12,2019-09-12 09:51:39,0.29,0.7073,49,0.28,0.6829,49,0.31,0.756,2,0.285,0.6951,1557,0
IWM190913C157,2019-09-12,2019-09-12 09:51:39,0.29,0.7073,59,0.28,0.6829,16,0.31,0.756,2,0.285,0.6951,1557,0
IWM190913C157,2019-09-12,2019-09-12 09:51:40,0.29,0.7073,69,0.27,0.6585,249,0.31,0.756,2,0.28,0.6829,1557,0
IWM190913C157,2019-09-12,2019-09-12 09:51:41,0.3,0.7317,167,0.28,0.6829,13,0.31,0.756,2,0.29,0.7073,1557,0
IWM190913C157,2019-09-12,2019-09-12 09:51:41,0.29,0.7073,69,0.27,0.6585,471,0.31,0.756,2,0.28,0.6829,1557,0
IWM190913C157,2019-09-12,2019-09-12 09:51:42,0.3,0.7317,51,0.28,0.6829,117,0.31,0.756,2,0.29,0.7073,1557,0
IWM190913C157,2019-09-12,2019-09-12 09:51:42,0.3,0.7317,82,0.29,0.7073,76,0.31,0.756,2,0.295,0.7195,1557,0
IWM190913C157,2019-09-12,2019-09-12 09:51:43,0.31,0.756,75,0.29,0.7073,13,0.31,0.756,2,0.3,0.7317,1557,0
IWM190913C157,2019-09-12,2019-09-12 09:51:43,0.31,0.756,34,0.3,0.7317,30,0.31,0.756,2,0.305,0.7439,1557,0
IWM190913C157,2019-09-12,2019-09-12 09:51:44,0.31,0.756,57,0.3,0.7317,21,0.31,0.756,2,0.305,0.7439,1557,0
IWM190913C157,2019-09-12,2019-09-12 09:51:44,0.31,0.756,83,0.3,0.7317,13,0.31,0.756,2,0.305,0.7439,1557,0
IWM190913C157,2019-09-12,2019-09-12 09:51:45,0.32,0.7804,54,0.3,0.7317,21,0.31,0.756,2,0.31,0.756,1557,0
IWM190913C157,2019-09-12,2019-09-12 09:51:46,0.31,0.756,13,0.3,0.7317,82,0.31,0.756,2,0.305,0.7439,1557,0
IWM190913C157,2019-09-12,2019-09-12 09:51:46,0.31,0.756,26,0.3,0.7317,50,0.31,0.756,2,0.305,0.7439,1557,0
IWM190913C157,2019-09-12,2019-09-12 09:51:47,0.31,0.756,59,0.3,0.7317,82,0.31,0.756,2,0.305,0.7439,1557,0
IWM190913C157,2019-09-12,2019-09-12 09:51:47,0.31,0.756,13,0.3,0.7317,82,0.31,0.756,2,0.305,0.7439,1557,0
IWM190913C157,2019-09-12,2019-09-12 09:51:48,0.31,0.756,40,0.3,0.7317,205,0.31,0.756,2,0.305,0.7439,1557,0
IWM190913C157,2019-09-12,2019-09-12 09:51:48,0.32,0.7804,18,0.3,0.7317,190,0.31,0.756,2,0.31,0.756,1557,0
IWM190913C157,2019-09-12,2019-09-12 09:51:49,0.33,0.8048,26,0.32,0.7804,17,0.31,0.756,2,0.325,0.7926,1557,0
IWM190913C157,2019-09-12,2019-09-12 09:51:49,0.32,0.7804,83,0.31,0.756,103,0.31,0.756,2,0.315,0.7682,1557,0
IWM190913C157,2019-09-12,2019-09-12 09:51:50,0.33,0.8048,26,0.32,0.7804,82,0.31,0.756,2,0.325,0.7926,1557,0
IWM190913C157,2019-09-12,2019-09-12 09:51:50,0.33,0.8048,26,0.31,0.756,449,0.31,0.756,2,0.32,0.7804,1557,0
IWM190913C157,2019-09-12,2019-09-12 09:51:51,0.33,0.8048,29,0.32,0.7804,82,0.31,0.756,2,0.325,0.7926,1557,0
IWM190913C157,2019-09-12,2019-09-12 09:51:51,0.33,0.8048,26,0.32,0.7804,82,0.31,0.756,2,0.325,0.7926,1557,0
IWM190913C157,2019-09-12,2019-09-12 09:51:52,0.34,0.8292,31,0.32,0.7804,174,0.31,0.756,2,0.33,0.8048,1557,0
IWM190913C157,2019-09-12,2019-09-12 09:51:52,0.34,0.8292,84,0.32,0.7804,82,0.31,0.756,2,0.33,0.8048,1557,0
IWM190913C157,2019-09-12,2019-09-12 09:51:53,0.35,0.8536,84,0.34,0.8292,17,0.31,0.756,2,0.345,0.8414,1557,0
IWM190913C157,2019-09-12,2019-09-12 09:51:53,0.35,0.8536,86,0.33,0.8048,98,0.31,0.756,2,0.34,0.8292,1557,0
IWM190913C157,2019-09-12,2019-09-12 09:51:54,0.35,0.8536,65,0.33,0.8048,116,0.31,0.756,2,0.34,0.8292,1557,0
IWM190913C157,2019-09-12,2019-09-12 09:51:54,0.35,0.8536,65,0.34,0.8292,17,0.31,0.756,2,0.345,0.8414,1557,0
IWM190913C157,2019-09-12,2019-09-12 09:51:55,0.36,0.878,135,0.34,0.8292,30,0.31,0.756,2,0.35,0.8536,1557,0
IWM190913C157,2019-09-12,2019-09-12 09:51:55,0.36,0.878,198,0.34,0.8292,50,0.31,0.756,2,0.35,0.8536,1557,0
IWM190913C157,2019-09-12,2019-09-12 09:51:56,0.35,0.8536,13,0.34,0.8292,13,0.31,0.756,2,0.345,0.8414,1557,0
IWM190913C157,2019-09-12,2019-09-12 09:51:56,0.35,0.8536,26,0.34,0.8292,8,0.31,0.756,2,0.345,0.8414,1557,0
IWM190913C157,2019-09-12,2019-09-12 09:51:57,0.35,0.8536,26,0.34,0.8292,6,0.31,0.756,2,0.345,0.8414,1557,0
IWM190913C157,2019-09-12,2019-09-12 09:51:57,0.36,0.878,99,0.34,0.8292,30,0.31,0.756,2,0.35,0.8536,1557,0
IWM190913C157,2019-09-12,2019-09-12 09:51:58,0.36,0.878,99,0.34,0.8292,19,0.31,0.756,2,0.35,0.8536,1557,0
IWM190913C157,2019-09-12,2019-09-12 09:51:58,0.35,0.8536,83,0.34,0.8292,6,0.31,0.756,2,0.345,0.8414,1557,0
IWM190913C157,2019-09-12,2019-09-12 09:51:59,0.36,0.878,86,0.34,0.8292,13,0.31,0.756,2,0.35,0.8536,1557,0
IWM190913C157,2019-09-12,2019-09-12 09:51:59,0.35,0.8536,70,0.34,0.8292,13,0.31,0.756,2,0.345,0.8414,1557,0
IWM190913C157,2019-09-12,2019-09-12 09:52:00,0.36,0.878,176,0.34,0.8292,126,0.31,0.756,2,0.35,0.8536,1557,0
IWM190913C157,2019-09-12,2019-09-12 09:52:00,0.36,0.878,173,0.34,0.8292,69,0.31,0.756,2,0.35,0.8536,1557,0
IWM190913C157,2019-09-12,2019-09-12 09:52:01,0.36,0.878,176,0.34,0.8292,50,0.31,0.756,2,0.35,0.8536,1557,0
IWM190913C157,2019-09-12,2019-09-12 09:52:02,0.35,0.8536,100,0.33,0.8048,185,0.31,0.756,2,0.34,0.8292,1557,0
IWM190913C157,2019-09-12,2019-09-12 09:52:02,0.36,0.878,176,0.34,0.8292,64,0.31,0.756,2,0.35,0.8536,1557,0
IWM190913C157,2019-09-12,2019-09-12 09:52:03,0.35,0.8536,150,0.33,0.8048,76,0.31,0.756,2,0.34,0.8292,1557,0
IWM190913C157,2019-09-12,2019-09-12 09:52:03,0.35,0.8536,177,0.33,0.8048,101,0.31,0.756,2,0.34,0.8292,1557,0
IWM190913C157,2019-09-12,2019-09-12 09:52:04,0.35,0.8536,150,0.33,0.8048,140,0.31,0.756,2,0.34,0.8292,1557,0
IWM190913C157,2019-09-12,2019-09-12 09:52:04,0.35,0.8536,16,0.34,0.8292,189,0.31,0.756,2,0.345,0.8414,1557,0
IWM190913C157,2019-09-12,2019-09-12 09:52:05,0.36,0.878,45,0.35,0.8536,30,0.31,0.756,2,0.355,0.8658,1557,0
IWM190913C157,2019-09-12,2019-09-12 09:52:05,0.36,0.878,98,0.35,0.8536,30,0.31,0.756,2,0.355,0.8658,1557,0
IWM190913C157,2019-09-12,2019-09-12 09:52:06,0.37,0.9024,70,0.36,0.878,30,0.31,0.756,2,0.365,0.8902,1557,0
IWM190913C157,2019-09-12,2019-09-12 09:52:06,0.36,0.878,24,0.35,0.8536,23,0.31,0.756,2,0.355,0.8658,1557,0
IWM190913C157,2019-09-12,2019-09-12 09:52:07,0.36,0.878,1,0.35,0.8536,90,0.31,0.756,2,0.355,0.8658,1557,0
IWM190913C157,2019-09-12,2019-09-12 09:52:07,0.36,0.878,7,0.35,0.8536,120,0.31,0.756,2,0.355,0.8658,1557,0
IWM190913C157,2019-09-12,2019-09-12 09:52:08,0.36,0.878,1,0.35,0.8536,50,0.31,0.756,2,0.355,0.8658,1557,0
IWM190913C157,2019-09-12,2019-09-12 09:52:08,0.36,0.878,1,0.35,0.8536,91,0.31,0.756,2,0.355,0.8658,1557,0
IWM190913C157,2019-09-12,2019-09-12 09:52:09,0.37,0.9024,140,0.35,0.8536,28,0.31,0.756,2,0.36,0.878,1557,0
IWM190913C157,2019-09-12,2019-09-12 09:52:09,0.36,0.878,32,0.35,0.8536,13,0.31,0.756,2,0.355,0.8658,1557,0
IWM190913C157,2019-09-12,2019-09-12 09:52:10,0.37,0.9024,74,0.35,0.8536,94,0.31,0.756,2,0.36,0.878,1557,0
IWM190913C157,2019-09-12,2019-09-12 09:52:10,0.37,0.9024,58,0.35,0.8536,94,0.31,0.756,2,0.36,0.878,1557,0
IWM190913C157,2019-09-12,2019-09-12 09:52:11,0.37,0.9024,74,0.36,0.878,26,0.31,0.756,2,0.365,0.8902,1557,0
IWM190913C157,2019-09-12,2019-09-12 09:52:12,0.38,0.9268,47,0.36,0.878,130,0.31,0.756,2,0.37,0.9024,1557,0
IWM190913C157,2019-09-12,2019-09-12 09:52:12,0.38,0.9268,90,0.36,0.878,187,0.31,0.756,2,0.37,0.9024,1557,0
IWM190913C157,2019-09-12,2019-09-12 09:52:13,0.39,0.9512,130,0.38,0.9268,26,0.31,0.756,2,0.385,0.939,1557,0
IWM190913C157,2019-09-12,2019-09-12 09:52:13,0.39,0.9512,18,0.38,0.9268,13,0.31,0.756,2,0.385,0.939,1557,0
IWM190913C157,2019-09-12,2019-09-12 09:52:14,0.39,0.9512,18,0.38,0.9268,13,0.31,0.756,2,0.385,0.939,1557,0
IWM190913C157,2019-09-12,2019-09-12 09:52:14,0.39,0.9512,18,0.38,0.9268,20,0.31,0.756,2,0.385,0.939,1557,0
IWM190913C157,2019-09-12,2019-09-12 09:52:15,0.39,0.9512,18,0.38,0.9268,41,0.31,0.756,2,0.385,0.939,1557,0
IWM190913C157,2019-09-12,2019-09-12 09:52:15,0.39,0.9512,62,0.38,0.9268,42,0.31,0.756,2,0.385,0.939,1557,0
IWM190913C157,2019-09-12,2019-09-12 09:52:16,0.4,0.9756,188,0.38,0.9268,63,0.31,0.756,2,0.39,0.9512,1557,0
IWM190913C157,2019-09-12,2019-09-12 09:52:16,0.39,0.9512,19,0.38,0.9268,26,0.31,0.756,2,0.385,0.939,1557,0
IWM190913C157,2019-09-12,2019-09-12 09:52:17,0.4,0.9756,188,0.38,0.9268,65,0.31,0.756,2,0.39,0.9512,1557,0
IWM190913C157,2019-09-12,2019-09-12 09:52:17,0.39,0.9512,18,0.38,0.9268,65,0.31,0.756,2,0.385,0.939,1557,0
IWM190913C157,2019-09-12,2019-09-12 09:52:18,0.39,0.9512,18,0.38,0.9268,13,0.31,0.756,2,0.385,0.939,1557,0
IWM190913C157,2019-09-12,2019-09-12 09:52:19,0.39,0.9512,40,0.38,0.9268,23,0.31,0.756,2,0.385,0.939,1557,0
IWM190913C157,2019-09-12,2019-09-12 09:52:19,0.39,0.9512,18,0.38,0.9268,13,0.31,0.756,2,0.385,0.939,1557,0
IWM190913C157,2019-09-12,2019-09-12 09:52:20,0.4,0.9756,338,0.38,0.9268,34,0.31,0.756,2,0.39,0.9512,1557,0
IWM190913C157,2019-09-12,2019-09-12 09:52:20,0.39,0.9512,18,0.38,0.9268,23,0.31,0.756,2,0.385,0.939,1557,0
IWM190913C157,2019-09-12,2019-09-12 09:52:21,0.39,0.9512,183,0.37,0.9024,112,0.31,0.756,2,0.38,0.9268,1557,0
IWM190913C157,2019-09-12,2019-09-12 09:52:21,0.4,0.9756,338,0.38,0.9268,74,0.31,0.756,2,0.39,0.9512,1557,0
IWM190913C157,2019-09-12,2019-09-12 09:52:22,0.39,0.9512,227,0.37,0.9024,76,0.31,0.756,2,0.38,0.9268,1557,0
IWM190913C157,2019-09-12,2019-09-12 09:52:22,0.39,0.9512,227,0.37,0.9024,91,0.31,0.756,2,0.38,0.9268,1557,0
IWM190913C157,2019-09-12,2019-09-12 09:52:23,0.39,0.9512,83,0.37,0.9024,66,0.31,0.756,2,0.38,0.9268,1557,0
IWM190913C157,2019-09-12,2019-09-12 09:52:23,0.39,0.9512,134,0.37,0.9024,66,0.31,0.756,2,0.38,0.9268,1557,0
IWM190913C157,2019-09-12,2019-09-12 09:52:24,0.39,0.9512,84,0.37,0.9024,116,0.31,0.756,2,0.38,0.9268,1557,0
IWM190913C157,2019-09-12,2019-09-12 09:52:24,0.39,0.9512,84,0.37,0.9024,192,0.31,0.756,2,0.38,0.9268,1557,0
IWM190913C157,2019-09-12,2019-09-12 09:52:25,0.39,0.9512,67,0.37,0.9024,199,0.31,0.756,2,0.38,0.9268,1557,0
IWM190913C157,2019-09-12,2019-09-12 09:52:25,0.39,0.9512,245,0.37,0.9024,50,0.31,0.756,2,0.38,0.9268,1557,0
IWM190913C157,2019-09-12,2019-09-12 09:52:26,0.39,0.9512,314,0.37,0.9024,50,0.39,0.9512,1,0.38,0.9268,1558,1
IWM190913C157,2019-09-12,2019-09-12 09:52:26,0.39,0.9512,348,0.37,0.9024,59,0.39,0.9512,1,0.38,0.9268,1558,0
IWM190913C157,2019-09-12,2019-09-12 09:52:27,0.39,0.9512,348,0.37,0.9024,59,0.39,0.9512,1,0.38,0.9268,1558,0
IWM190913C157,2019-09-12,2019-09-12 09:52:28,0.39,0.9512,157,0.37,0.9024,85,0.39,0.9512,1,0.38,0.9268,1558,0
IWM190913C157,2019-09-12,2019-09-12 09:52:28,0.39,0.9512,157,0.37,0.9024,59,0.39,0.9512,1,0.38,0.9268,1558,0
IWM190913C157,2019-09-12,2019-09-12 09:52:29,0.39,0.9512,36,0.38,0.9268,13,0.39,0.9512,1,0.385,0.939,1558,0
IWM190913C157,2019-09-12,2019-09-12 09:52:29,0.39,0.9512,85,0.38,0.9268,26,0.39,0.9512,1,0.385,0.939,1558,0
IWM190913C157,2019-09-12,2019-09-12 09:52:30,0.39,0.9512,116,0.38,0.9268,13,0.39,0.9512,1,0.385,0.939,1558,0
IWM190913C157,2019-09-12,2019-09-12 09:52:30,0.39,0.9512,95,0.38,0.9268,13,0.39,0.9512,1,0.385,0.939,1558,0
IWM190913C157,2019-09-12,2019-09-12 09:52:31,0.39,0.9512,6,0.38,0.9268,26,0.39,0.9512,1,0.385,0.939,1559,1
IWM190913C157,2019-09-12,2019-09-12 09:52:31,0.39,0.9512,31,0.38,0.9268,26,0.39,0.9512,1,0.385,0.939,1559,0
IWM190913C157,2019-09-12,2019-09-12 09:52:32,0.39,0.9512,15,0.38,0.9268,13,0.39,0.9512,50,0.385,0.939,1609,50
IWM190913C157,2019-09-12,2019-09-12 09:52:32,0.39,0.9512,25,0.38,0.9268,13,0.39,0.9512,50,0.385,0.939,1609,0
IWM190913C157,2019-09-12,2019-09-12 09:52:33,0.39,0.9512,30,0.38,0.9268,46,0.39,0.9512,50,0.385,0.939,1609,0
IWM190913C157,2019-09-12,2019-09-12 09:52:34,0.39,0.9512,17,0.38,0.9268,26,0.39,0.9512,50,0.385,0.939,1609,0
IWM190913C157,2019-09-12,2019-09-12 09:52:34,0.39,0.9512,30,0.38,0.9268,46,0.39,0.9512,50,0.385,0.939,1609,0
IWM190913C157,2019-09-12,2019-09-12 09:52:35,0.39,0.9512,15,0.38,0.9268,13,0.39,0.9512,50,0.385,0.939,1609,0
IWM190913C157,2019-09-12,2019-09-12 09:52:35,0.39,0.9512,17,0.38,0.9268,26,0.39,0.9512,50,0.385,0.939,1609,0
IWM190913C157,2019-09-12,2019-09-12 09:52:36,0.39,0.9512,20,0.38,0.9268,26,0.39,0.9512,50,0.385,0.939,1609,0
IWM190913C157,2019-09-12,2019-09-12 09:52:37,0.39,0.9512,4,0.38,0.9268,59,0.39,0.9512,50,0.385,0.939,1609,0
IWM190913C157,2019-09-12,2019-09-12 09:52:37,0.4,0.9756,53,0.38,0.9268,55,0.39,0.9512,50,0.39,0.9512,1609,0
IWM190913C157,2019-09-12,2019-09-12 09:52:38,0.41,1.0,157,0.39,0.9512,26,0.39,0.9512,50,0.4,0.9756,1609,0
IWM190913C157,2019-09-12,2019-09-12 09:52:38,0.4,0.9756,85,0.38,0.9268,59,0.39,0.9512,50,0.39,0.9512,1609,0
IWM190913C157,2019-09-12,2019-09-12 09:52:39,0.4,0.9756,21,0.39,0.9512,13,0.39,0.9512,50,0.395,0.9634,1609,0
IWM190913C157,2019-09-12,2019-09-12 09:52:39,0.4,0.9756,83,0.39,0.9512,13,0.39,0.9512,50,0.395,0.9634,1609,0
IWM190913C157,2019-09-12,2019-09-12 09:52:40,0.4,0.9756,83,0.39,0.9512,13,0.39,0.9512,50,0.395,0.9634,1609,0
IWM190913C157,2019-09-12,2019-09-12 09:52:40,0.4,0.9756,79,0.39,0.9512,13,0.39,0.9512,50,0.395,0.9634,1609,0
IWM190913C157,2019-09-12,2019-09-12 09:52:41,0.4,0.9756,10,0.39,0.9512,26,0.39,0.9512,50,0.395,0.9634,1609,0
IWM190913C157,2019-09-12,2019-09-12 09:52:41,0.4,0.9756,85,0.38,0.9268,95,0.39,0.9512,50,0.39,0.9512,1609,0
IWM190913C157,2019-09-12,2019-09-12 09:52:42,0.4,0.9756,25,0.39,0.9512,26,0.39,0.9512,50,0.395,0.9634,1609,0
IWM190913C157,2019-09-12,2019-09-12 09:52:43,0.4,0.9756,25,0.39,0.9512,26,0.39,0.9512,50,0.395,0.9634,1609,0
IWM190913C157,2019-09-12,2019-09-12 09:52:44,0.4,0.9756,25,0.39,0.9512,26,0.39,0.9512,50,0.395,0.9634,1609,0
IWM190913C157,2019-09-12,2019-09-12 09:52:44,0.4,0.9756,36,0.39,0.9512,39,0.39,0.9512,50,0.395,0.9634,1609,0
IWM190913C157,2019-09-12,2019-09-12 09:52:45,0.41,1.0,40,0.4,0.9756,26,0.39,0.9512,50,0.405,0.9878,1609,0
IWM190913C157,2019-09-12,2019-09-12 09:52:45,0.4,0.9756,36,0.4,0.9756,26,0.39,0.9512,50,0.4,0.9756,1609,0
IWM190913C157,2019-09-12,2019-09-12 09:52:46,0.41,1.0,161,0.4,0.9756,26,0.39,0.9512,50,0.405,0.9878,1609,0
IWM190913C157,2019-09-12,2019-09-12 09:52:47,0.41,1.0,56,0.4,0.9756,39,0.39,0.9512,50,0.405,0.9878,1609,0
IWM190913C157,2019-09-12,2019-09-12 09:52:47,0.41,1.0,161,0.4,0.9756,13,0.39,0.9512,50,0.405,0.9878,1609,0
IWM190913C157,2019-09-12,2019-09-12 09:52:48,0.42,1.0243,196,0.41,1.0,13,0.39,0.9512,50,0.415,1.0121,1609,0
IWM190913C157,2019-09-12,2019-09-12 09:52:48,0.41,1.0,40,0.4,0.9756,39,0.39,0.9512,50,0.405,0.9878,1609,0
IWM190913C157,2019-09-12,2019-09-12 09:52:49,0.42,1.0243,130,0.4,0.9756,117,0.39,0.9512,50,0.41,1.0,1609,0
IWM190913C157,2019-09-12,2019-09-12 09:52:49,0.42,1.0243,196,0.4,0.9756,68,0.39,0.9512,50,0.41,1.0,1609,0
IWM190913C157,2019-09-12,2019-09-12 09:52:50,0.42,1.0243,195,0.41,1.0,18,0.39,0.9512,50,0.415,1.0121,1609,0
IWM190913C157,2019-09-12,2019-09-12 09:52:50,0.42,1.0243,159,0.4,0.9756,118,0.39,0.9512,50,0.41,1.0,1609,0
IWM190913C157,2019-09-12,2019-09-12 09:52:51,0.43,1.0487,134,0.42,1.0243,26,0.39,0.9512,50,0.425,1.0365,1609,0
IWM190913C157,2019-09-12,2019-09-12 09:52:51,0.43,1.0487,130,0.41,1.0,105,0.39,0.9512,50,0.42,1.0243,1609,0
IWM190913C157,2019-09-12,2019-09-12 09:52:52,0.43,1.0487,132,0.42,1.0243,26,0.39,0.9512,50,0.425,1.0365,1609,0
IWM190913C157,2019-09-12,2019-09-12 09:52:53,0.43,1.0487,142,0.41,1.0,201,0.39,0.9512,50,0.42,1.0243,1609,0
IWM190913C157,2019-09-12,2019-09-12 09:52:53,0.43,1.0487,174,0.41,1.0,47,0.39,0.9512,50,0.42,1.0243,1609,0
IWM190913C157,2019-09-12,2019-09-12 09:52:54,0.43,1.0487,174,0.41,1.0,72,0.39,0.9512,50,0.42,1.0243,1609,0
IWM190913C157,2019-09-12,2019-09-12 09:52:54,0.43,1.0487,174,0.41,1.0,69,0.39,0.9512,50,0.42,1.0243,1609,0
IWM190913C157,2019-09-12,2019-09-12 09:52:55,0.43,1.0487,202,0.41,1.0,69,0.39,0.9512,50,0.42,1.0243,1609,0
IWM190913C157,2019-09-12,2019-09-12 09:52:55,0.43,1.0487,266,0.41,1.0,50,0.39,0.9512,50,0.42,1.0243,1609,0
IWM190913C157,2019-09-12,2019-09-12 09:52:56,0.43,1.0487,148,0.41,1.0,88,0.39,0.9512,50,0.42,1.0243,1609,0
IWM190913C157,2019-09-12,2019-09-12 09:52:56,0.43,1.0487,103,0.41,1.0,88,0.39,0.9512,50,0.42,1.0243,1609,0
IWM190913C157,2019-09-12,2019-09-12 09:52:57,0.44,1.0731,185,0.42,1.0243,83,0.39,0.9512,50,0.43,1.0487,1609,0
IWM190913C157,2019-09-12,2019-09-12 09:52:57,0.44,1.0731,65,0.43,1.0487,26,0.39,0.9512,50,0.435,1.0609,1609,0
IWM190913C157,2019-09-12,2019-09-12 09:52:58,0.44,1.0731,83,0.43,1.0487,26,0.39,0.9512,50,0.435,1.0609,1609,0
IWM190913C157,2019-09-12,2019-09-12 09:52:59,0.44,1.0731,23,0.43,1.0487,67,0.39,0.9512,50,0.435,1.0609,1609,0
IWM190913C157,2019-09-12,2019-09-12 09:52:59,0.45,1.0975,164,0.43,1.0487,67,0.39,0.9512,50,0.44,1.0731,1609,0
IWM190913C157,2019-09-12,2019-09-12 09:53:00,0.45,1.0975,112,0.44,1.0731,26,0.39,0.9512,50,0.445,1.0853,1609,0
IWM190913C157,2019-09-12,2019-09-12 09:53:00,0.45,1.0975,121,0.44,1.0731,26,0.39,0.9512,50,0.445,1.0853,1609,0
IWM190913C157,2019-09-12,2019-09-12 09:53:01,0.45,1.0975,115,0.43,1.0487,190,0.39,0.9512,50,0.44,1.0731,1609,0
IWM190913C157,2019-09-12,2019-09-12 09:53:01,0.45,1.0975,107,0.43,1.0487,84,0.39,0.9512,50,0.44,1.0731,1609,0
IWM190913C157,2019-09-12,2019-09-12 09:53:02,0.44,1.0731,28,0.43,1.0487,163,0.39,0.9512,50,0.435,1.0609,1609,0
IWM190913C157,2019-09-12,2019-09-12 09:53:02,0.45,1.0975,145,0.43,1.0487,163,0.39,0.9512,50,0.44,1.0731,1609,0
IWM190913C157,2019-09-12,2019-09-12 09:53:03,0.44,1.0731,52,0.43,1.0487,33,0.39,0.9512,50,0.435,1.0609,1609,0
IWM190913C157,2019-09-12,2019-09-12 09:53:04,0.44,1.0731,65,0.42,1.0243,158,0.39,0.9512,50,0.43,1.0487,1609,0
IWM190913C157,2019-09-12,2019-09-12 09:53:04,0.44,1.0731,70,0.42,1.0243,146,0.39,0.9512,50,0.43,1.0487,1609,0
IWM190913C157,2019-09-12,2019-09-12 09:53:05,0.44,1.0731,113,0.42,1.0243,231,0.39,0.9512,50,0.43,1.0487,1609,0
IWM190913C157,2019-09-12,2019-09-12 09:53:05,0.44,1.0731,113,0.42,1.0243,205,0.39,0.9512,50,0.43,1.0487,1609,0
IWM190913C157,2019-09-12,2019-09-12 09:53:06,0.44,1.0731,113,0.43,1.0487,14,0.43,1.0487,50,0.435,1.0609,1659,50
IWM190913C157,2019-09-12,2019-09-12 09:53:06,0.44,1.0731,113,0.43,1.0487,14,0.43,1.0487,50,0.435,1.0609,1659,0
IWM190913C157,2019-09-12,2019-09-12 09:53:07,0.44,1.0731,113,0.43,1.0487,14,0.43,1.0487,50,0.435,1.0609,1659,0
IWM190913C157,2019-09-12,2019-09-12 09:53:07,0.44,1.0731,38,0.43,1.0487,19,0.43,1.0487,50,0.435,1.0609,1659,0
IWM190913C157,2019-09-12,2019-09-12 09:53:08,0.44,1.0731,67,0.42,1.0243,266,0.43,1.0487,50,0.43,1.0487,1659,0
IWM190913C157,2019-09-12,2019-09-12 09:53:08,0.45,1.0975,20,0.43,1.0487,42,0.43,1.0487,50,0.44,1.0731,1659,0
IWM190913C157,2019-09-12,2019-09-12 09:53:09,0.46,1.1219,84,0.44,1.0731,38,0.43,1.0487,50,0.45,1.0975,1659,0
IWM190913C157,2019-09-12,2019-09-12 09:53:09,0.45,1.0975,7,0.43,1.0487,261,0.43,1.0487,50,0.44,1.0731,1659,0
IWM190913C157,2019-09-12,2019-09-12 09:53:10,0.46,1.1219,60,0.44,1.0731,180,0.43,1.0487,50,0.45,1.0975,1659,0
IWM190913C157,2019-09-12,2019-09-12 09:53:10,0.46,1.1219,47,0.45,1.0975,31,0.43,1.0487,50,0.455,1.1097,1659,0
IWM190913C157,2019-09-12,2019-09-12 09:53:11,0.47,1.1463,117,0.45,1.0975,96,0.43,1.0487,50,0.46,1.1219,1659,0
IWM190913C157,2019-09-12,2019-09-12 09:53:12,0.46,1.1219,2,0.45,1.0975,26,0.43,1.0487,50,0.455,1.1097,1659,0
IWM190913C157,2019-09-12,2019-09-12 09:53:12,0.47,1.1463,84,0.45,1.0975,168,0.43,1.0487,50,0.46,1.1219,1659,0
IWM190913C157,2019-09-12,2019-09-12 09:53:13,0.46,1.1219,27,0.45,1.0975,13,0.43,1.0487,50,0.455,1.1097,1659,0
IWM190913C157,2019-09-12,2019-09-12 09:53:13,0.46,1.1219,15,0.45,1.0975,13,0.43,1.0487,50,0.455,1.1097,1659,0
IWM190913C157,2019-09-12,2019-09-12 09:53:14,0.46,1.1219,41,0.45,1.0975,13,0.43,1.0487,50,0.455,1.1097,1659,0
IWM190913C157,2019-09-12,2019-09-12 09:53:14,0.46,1.1219,14,0.45,1.0975,13,0.43,1.0487,50,0.455,1.1097,1659,0
IWM190913C157,2019-09-12,2019-09-12 09:53:15,0.46,1.1219,41,0.45,1.0975,13,0.43,1.0487,50,0.455,1.1097,1659,0
IWM190913C157,2019-09-12,2019-09-12 09:53:15,0.46,1.1219,41,0.44,1.0731,232,0.43,1.0487,50,0.45,1.0975,1659,0
IWM190913C157,2019-09-12,2019-09-12 09:53:16,0.46,1.1219,66,0.44,1.0731,213,0.43,1.0487,50,0.45,1.0975,1659,0
IWM190913C157,2019-09-12,2019-09-12 09:53:16,0.46,1.1219,41,0.44,1.0731,213,0.43,1.0487,50,0.45,1.0975,1659,0
IWM190913C157,2019-09-12,2019-09-12 09:53:17,0.46,1.1219,27,0.44,1.0731,130,0.43,1.0487,50,0.45,1.0975,1659,0
IWM190913C157,2019-09-12,2019-09-12 09:53:17,0.46,1.1219,41,0.44,1.0731,228,0.43,1.0487,50,0.45,1.0975,1659,0
IWM190913C157,2019-09-12,2019-09-12 09:53:18,0.46,1.1219,27,0.44,1.0731,130,0.43,1.0487,50,0.45,1.0975,1659,0
IWM190913C157,2019-09-12,2019-09-12 09:53:18,0.46,1.1219,42,0.45,1.0975,13,0.43,1.0487,50,0.455,1.1097,1659,0
IWM190913C157,2019-09-12,2019-09-12 09:53:19,0.46,1.1219,54,0.44,1.0731,163,0.43,1.0487,50,0.45,1.0975,1659,0
IWM190913C157,2019-09-12,2019-09-12 09:53:19,0.46,1.1219,54,0.45,1.0975,13,0.43,1.0487,50,0.455,1.1097,1659,0
IWM190913C157,2019-09-12,2019-09-12 09:53:20,0.46,1.1219,29,0.45,1.0975,13,0.43,1.0487,50,0.455,1.1097,1659,0
IWM190913C157,2019-09-12,2019-09-12 09:53:20,0.46,1.1219,41,0.45,1.0975,13,0.43,1.0487,50,0.455,1.1097,1659,0
IWM190913C157,2019-09-12,2019-09-12 09:53:21,0.46,1.1219,12,0.45,1.0975,13,0.43,1.0487,50,0.455,1.1097,1659,0
IWM190913C157,2019-09-12,2019-09-12 09:53:22,0.46,1.1219,12,0.45,1.0975,17,0.43,1.0487,50,0.455,1.1097,1659,0
IWM190913C157,2019-09-12,2019-09-12 09:53:22,0.46,1.1219,18,0.45,1.0975,13,0.43,1.0487,50,0.455,1.1097,1659,0
IWM190913C157,2019-09-12,2019-09-12 09:53:23,0.46,1.1219,12,0.45,1.0975,65,0.43,1.0487,50,0.455,1.1097,1659,0
IWM190913C157,2019-09-12,2019-09-12 09:53:23,0.47,1.1463,70,0.45,1.0975,143,0.43,1.0487,50,0.46,1.1219,1659,0
IWM190913C157,2019-09-12,2019-09-12 09:53:24,0.47,1.1463,136,0.45,1.0975,125,0.43,1.0487,50,0.46,1.1219,1659,0
IWM190913C157,2019-09-12,2019-09-12 09:53:24,0.47,1.1463,123,0.45,1.0975,125,0.43,1.0487,50,0.46,1.1219,1659,0
IWM190913C157,2019-09-12,2019-09-12 09:53:25,0.47,1.1463,136,0.45,1.0975,125,0.43,1.0487,50,0.46,1.1219,1659,0
IWM190913C157,2019-09-12,2019-09-12 09:53:26,0.47,1.1463,136,0.45,1.0975,125,0.43,1.0487,50,0.46,1.1219,1659,0
IWM190913C157,2019-09-12,2019-09-12 09:53:27,0.46,1.1219,80,0.44,1.0731,33,0.43,1.0487,50,0.45,1.0975,1659,0
IWM190913C157,2019-09-12,2019-09-12 09:53:28,0.46,1.1219,135,0.44,1.0731,27,0.43,1.0487,50,0.45,1.0975,1659,0
IWM190913C157,2019-09-12,2019-09-12 09:53:28,0.46,1.1219,165,0.44,1.0731,16,0.43,1.0487,50,0.45,1.0975,1659,0
IWM190913C157,2019-09-12,2019-09-12 09:53:29,0.46,1.1219,135,0.44,1.0731,31,0.43,1.0487,50,0.45,1.0975,1659,0
IWM190913C157,2019-09-12,2019-09-12 09:53:30,0.46,1.1219,66,0.44,1.0731,31,0.43,1.0487,50,0.45,1.0975,1659,0
IWM190913C157,2019-09-12,2019-09-12 09:53:31,0.46,1.1219,206,0.44,1.0731,31,0.43,1.0487,50,0.45,1.0975,1659,0
IWM190913C157,2019-09-12,2019-09-12 09:53:31,0.46,1.1219,186,0.44,1.0731,31,0.43,1.0487,50,0.45,1.0975,1659,0
IWM190913C157,2019-09-12,2019-09-12 09:53:32,0.46,1.1219,196,0.44,1.0731,30,0.43,1.0487,50,0.45,1.0975,1659,0
IWM190913C157,2019-09-12,2019-09-12 09:53:32,0.46,1.1219,206,0.44,1.0731,30,0.43,1.0487,50,0.45,1.0975,1659,0
IWM190913C157,2019-09-12,2019-09-12 09:53:33,0.46,1.1219,206,0.44,1.0731,17,0.43,1.0487,50,0.45,1.0975,1659,0
IWM190913C157,2019-09-12,2019-09-12 09:53:33,0.46,1.1219,196,0.44,1.0731,17,0.43,1.0487,50,0.45,1.0975,1659,0
IWM190913C157,2019-09-12,2019-09-12 09:53:34,0.46,1.1219,145,0.44,1.0731,17,0.43,1.0487,50,0.45,1.0975,1659,0
IWM190913C157,2019-09-12,2019-09-12 09:53:35,0.46,1.1219,40,0.43,1.0487,188,0.43,1.0487,50,0.445,1.0853,1659,0
IWM190913C157,2019-09-12,2019-09-12 09:53:35,0.45,1.0975,20,0.43,1.0487,213,0.43,1.0487,50,0.44,1.0731,1659,0
IWM190913C157,2019-09-12,2019-09-12 09:53:36,0.45,1.0975,103,0.43,1.0487,188,0.43,1.0487,50,0.44,1.0731,1659,0
IWM190913C157,2019-09-12,2019-09-12 09:53:36,0.45,1.0975,113,0.43,1.0487,34,0.43,1.0487,50,0.44,1.0731,1659,0
IWM190913C157,2019-09-12,2019-09-12 09:53:37,0.44,1.0731,42,0.43,1.0487,30,0.43,1.0487,50,0.435,1.0609,1659,0
IWM190913C157,2019-09-12,2019-09-12 09:53:37,0.44,1.0731,18,0.43,1.0487,30,0.43,1.0487,50,0.435,1.0609,1659,0
IWM190913C157,2019-09-12,2019-09-12 09:53:38,0.44,1.0731,19,0.43,1.0487,77,0.43,1.0487,50,0.435,1.0609,1659,0
IWM190913C157,2019-09-12,2019-09-12 09:53:38,0.44,1.0731,42,0.43,1.0487,26,0.43,1.0487,50,0.435,1.0609,1659,0
IWM190913C157,2019-09-12,2019-09-12 09:53:39,0.45,1.0975,46,0.44,1.0731,13,0.43,1.0487,50,0.445,1.0853,1659,0
IWM190913C157,2019-09-12,2019-09-12 09:53:39,0.44,1.0731,31,0.43,1.0487,30,0.43,1.0487,50,0.435,1.0609,1659,0
IWM190913C157,2019-09-12,2019-09-12 09:53:40,0.45,1.0975,46,0.44,1.0731,13,0.43,1.0487,50,0.445,1.0853,1659,0
IWM190913C157,2019-09-12,2019-09-12 09:53:40,0.46,1.1219,66,0.45,1.0975,17,0.43,1.0487,50,0.455,1.1097,1659,0
IWM190913C157,2019-09-12,2019-09-12 09:53:41,0.46,1.1219,66,0.45,1.0975,13,0.43,1.0487,50,0.455,1.1097,1659,0
IWM190913C157,2019-09-12,2019-09-12 09:53:42,0.46,1.1219,66,0.45,1.0975,17,0.43,1.0487,50,0.455,1.1097,1659,0
IWM190913C157,2019-09-12,2019-09-12 09:53:42,0.46,1.1219,66,0.45,1.0975,13,0.43,1.0487,50,0.455,1.1097,1659,0
IWM190913C157,2019-09-12,2019-09-12 09:53:43,0.46,1.1219,66,0.45,1.0975,17,0.43,1.0487,50,0.455,1.1097,1659,0
IWM190913C157,2019-09-12,2019-09-12 09:53:43,0.46,1.1219,66,0.45,1.0975,13,0.43,1.0487,50,0.455,1.1097,1659,0
IWM190913C157,2019-09-12,2019-09-12 09:53:44,0.45,1.0975,17,0.44,1.0731,101,0.43,1.0487,50,0.445,1.0853,1659,0
IWM190913C157,2019-09-12,2019-09-12 09:53:44,0.46,1.1219,78,0.45,1.0975,13,0.43,1.0487,50,0.455,1.1097,1659,0
IWM190913C157,2019-09-12,2019-09-12 09:53:45,0.47,1.1463,60,0.45,1.0975,123,0.43,1.0487,50,0.46,1.1219,1659,0
IWM190913C157,2019-09-12,2019-09-12 09:53:45,0.47,1.1463,120,0.45,1.0975,123,0.43,1.0487,50,0.46,1.1219,1659,0
IWM190913C157,2019-09-12,2019-09-12 09:53:46,0.47,1.1463,33,0.46,1.1219,17,0.43,1.0487,50,0.465,1.1341,1659,0
IWM190913C157,2019-09-12,2019-09-12 09:53:46,0.47,1.1463,63,0.46,1.1219,17,0.43,1.0487,50,0.465,1.1341,1659,0
IWM190913C157,2019-09-12,2019-09-12 09:53:47,0.47,1.1463,48,0.46,1.1219,17,0.43,1.0487,50,0.465,1.1341,1659,0
IWM190913C157,2019-09-12,2019-09-12 09:53:48,0.47,1.1463,26,0.46,1.1219,17,0.43,1.0487,50,0.465,1.1341,1659,0
IWM190913C157,2019-09-12,2019-09-12 09:53:48,0.47,1.1463,24,0.46,1.1219,59,0.43,1.0487,50,0.465,1.1341,1659,0
IWM190913C157,2019-09-12,2019-09-12 09:53:49,0.47,1.1463,24,0.46,1.1219,74,0.43,1.0487,50,0.465,1.1341,1659,0
IWM190913C157,2019-09-12,2019-09-12 09:53:49,0.48,1.1707,120,0.46,1.1219,74,0.43,1.0487,50,0.47,1.1463,1659,0
IWM190913C157,2019-09-12,2019-09-12 09:53:50,0.48,1.1707,130,0.46,1.1219,74,0.43,1.0487,50,0.47,1.1463,1659,0
IWM190913C157,2019-09-12,2019-09-12 09:53:51,0.47,1.1463,128,0.45,1.0975,60,0.43,1.0487,50,0.46,1.1219,1659,0
IWM190913C157,2019-09-12,2019-09-12 09:53:51,0.48,1.1707,130,0.46,1.1219,85,0.43,1.0487,50,0.47,1.1463,1659,0
IWM190913C157,2019-09-12,2019-09-12 09:53:52,0.47,1.1463,137,0.45,1.0975,90,0.43,1.0487,50,0.46,1.1219,1659,0
IWM190913C157,2019-09-12,2019-09-12 09:53:52,0.47,1.1463,137,0.45,1.0975,67,0.43,1.0487,50,0.46,1.1219,1659,0
IWM190913C157,2019-09-12,2019-09-12 09:53:53,0.47,1.1463,157,0.45,1.0975,60,0.43,1.0487,50,0.46,1.1219,1659,0
IWM190913C157,2019-09-12,2019-09-12 09:53:54,0.47,1.1463,157,0.45,1.0975,60,0.43,1.0487,50,0.46,1.1219,1659,0
IWM190913C157,2019-09-12,2019-09-12 09:53:55,0.47,1.1463,157,0.45,1.0975,60,0.43,1.0487,50,0.46,1.1219,1659,0
IWM190913C157,2019-09-12,2019-09-12 09:53:55,0.47,1.1463,145,0.45,1.0975,60,0.43,1.0487,50,0.46,1.1219,1659,0
IWM190913C157,2019-09-12,2019-09-12 09:53:56,0.47,1.1463,47,0.46,1.1219,18,0.43,1.0487,50,0.465,1.1341,1659,0
IWM190913C157,2019-09-12,2019-09-12 09:53:57,0.47,1.1463,64,0.46,1.1219,18,0.43,1.0487,50,0.465,1.1341,1659,0
IWM190913C157,2019-09-12,2019-09-12 09:53:57,0.47,1.1463,47,0.46,1.1219,18,0.43,1.0487,50,0.465,1.1341,1659,0
IWM190913C157,2019-09-12,2019-09-12 09:53:58,0.47,1.1463,64,0.46,1.1219,18,0.43,1.0487,50,0.465,1.1341,1659,0
IWM190913C157,2019-09-12,2019-09-12 09:53:59,0.47,1.1463,76,0.46,1.1219,13,0.43,1.0487,50,0.465,1.1341,1659,0
IWM190913C157,2019-09-12,2019-09-12 09:53:59,0.47,1.1463,99,0.46,1.1219,13,0.43,1.0487,50,0.465,1.1341,1659,0
IWM190913C157,2019-09-12,2019-09-12 09:54:00,0.46,1.1219,30,0.45,1.0975,18,0.43,1.0487,50,0.455,1.1097,1659,0
IWM190913C157,2019-09-12,2019-09-12 09:54:00,0.46,1.1219,42,0.45,1.0975,18,0.43,1.0487,50,0.455,1.1097,1659,0
IWM190913C157,2019-09-12,2019-09-12 09:54:01,0.46,1.1219,63,0.44,1.0731,29,0.43,1.0487,50,0.45,1.0975,1659,0
IWM190913C157,2019-09-12,2019-09-12 09:54:02,0.45,1.0975,84,0.44,1.0731,13,0.43,1.0487,50,0.445,1.0853,1659,0
IWM190913C157,2019-09-12,2019-09-12 09:54:02,0.45,1.0975,71,0.44,1.0731,13,0.43,1.0487,50,0.445,1.0853,1659,0
IWM190913C157,2019-09-12,2019-09-12 09:54:03,0.45,1.0975,83,0.44,1.0731,13,0.43,1.0487,50,0.445,1.0853,1659,0
IWM190913C157,2019-09-12,2019-09-12 09:54:03,0.46,1.1219,71,0.44,1.0731,18,0.43,1.0487,50,0.45,1.0975,1659,0
IWM190913C157,2019-09-12,2019-09-12 09:54:04,0.46,1.1219,71,0.44,1.0731,213,0.43,1.0487,50,0.45,1.0975,1659,0
IWM190913C157,2019-09-12,2019-09-12 09:54:04,0.45,1.0975,141,0.44,1.0731,213,0.43,1.0487,50,0.445,1.0853,1659,0
IWM190913C157,2019-09-12,2019-09-12 09:54:05,0.45,1.0975,141,0.44,1.0731,213,0.43,1.0487,50,0.445,1.0853,1659,0
IWM190913C157,2019-09-12,2019-09-12 09:54:06,0.43,1.0487,13,0.42,1.0243,302,0.43,1.0487,50,0.425,1.0365,1659,0
IWM190913C157,2019-09-12,2019-09-12 09:54:06,0.45,1.0975,156,0.42,1.0243,302,0.43,1.0487,50,0.435,1.0609,1659,0
IWM190913C157,2019-09-12,2019-09-12 09:54:07,0.44,1.0731,108,0.42,1.0243,253,0.43,1.0487,50,0.43,1.0487,1659,0
IWM190913C157,2019-09-12,2019-09-12 09:54:07,0.43,1.0487,5,0.42,1.0243,132,0.43,1.0487,50,0.425,1.0365,1659,0
IWM190913C157,2019-09-12,2019-09-12 09:54:08,0.44,1.0731,120,0.42,1.0243,109,0.43,1.0487,50,0.43,1.0487,1659,0
IWM190913C157,2019-09-12,2019-09-12 09:54:08,0.44,1.0731,138,0.42,1.0243,180,0.43,1.0487,50,0.43,1.0487,1659,0
IWM190913C157,2019-09-12,2019-09-12 09:54:09,0.44,1.0731,108,0.42,1.0243,168,0.43,1.0487,50,0.43,1.0487,1659,0
IWM190913C157,2019-09-12,2019-09-12 09:54:10,0.44,1.0731,108,0.41,1.0,205,0.43,1.0487,50,0.425,1.0365,1659,0
IWM190913C157,2019-09-12,2019-09-12 09:54:10,0.43,1.0487,132,0.41,1.0,382,0.43,1.0487,50,0.42,1.0243,1659,0
IWM190913C157,2019-09-12,2019-09-12 09:54:11,0.42,1.0243,5,0.41,1.0,226,0.43,1.0487,50,0.415,1.0121,1659,0
IWM190913C157,2019-09-12,2019-09-12 09:54:11,0.42,1.0243,23,0.41,1.0,219,0.43,1.0487,50,0.415,1.0121,1659,0
IWM190913C157,2019-09-12,2019-09-12 09:54:12,0.43,1.0487,59,0.41,1.0,102,0.43,1.0487,50,0.42,1.0243,1659,0
IWM190913C157,2019-09-12,2019-09-12 09:54:12,0.42,1.0243,5,0.41,1.0,243,0.43,1.0487,50,0.415,1.0121,1659,0
IWM190913C157,2019-09-12,2019-09-12 09:54:13,0.43,1.0487,30,0.42,1.0243,13,0.43,1.0487,50,0.425,1.0365,1659,0
IWM190913C157,2019-09-12,2019-09-12 09:54:13,0.43,1.0487,18,0.42,1.0243,101,0.43,1.0487,50,0.425,1.0365,1659,0
IWM190913C157,2019-09-12,2019-09-12 09:54:14,0.44,1.0731,79,0.43,1.0487,13,0.43,1.0487,50,0.435,1.0609,1659,0
IWM190913C157,2019-09-12,2019-09-12 09:54:14,0.44,1.0731,85,0.43,1.0487,18,0.43,1.0487,50,0.435,1.0609,1659,0
IWM190913C157,2019-09-12,2019-09-12 09:54:15,0.45,1.0975,130,0.43,1.0487,82,0.43,1.0487,50,0.44,1.0731,1659,0
IWM190913C157,2019-09-12,2019-09-12 09:54:16,0.45,1.0975,151,0.43,1.0487,15,0.43,1.0487,50,0.44,1.0731,1659,0
IWM190913C157,2019-09-12,2019-09-12 09:54:16,0.45,1.0975,130,0.43,1.0487,15,0.43,1.0487,50,0.44,1.0731,1659,0
IWM190913C157,2019-09-12,2019-09-12 09:54:17,0.45,1.0975,141,0.43,1.0487,20,0.43,1.0487,50,0.44,1.0731,1659,0
IWM190913C157,2019-09-12,2019-09-12 09:54:17,0.45,1.0975,141,0.43,1.0487,83,0.43,1.0487,50,0.44,1.0731,1659,0
IWM190913C157,2019-09-12,2019-09-12 09:54:18,0.45,1.0975,101,0.44,1.0731,18,0.43,1.0487,50,0.445,1.0853,1659,0
IWM190913C157,2019-09-12,2019-09-12 09:54:18,0.45,1.0975,85,0.43,1.0487,83,0.43,1.0487,50,0.44,1.0731,1659,0
IWM190913C157,2019-09-12,2019-09-12 09:54:19,0.45,1.0975,60,0.44,1.0731,18,0.43,1.0487,50,0.445,1.0853,1659,0
IWM190913C157,2019-09-12,2019-09-12 09:54:19,0.45,1.0975,41,0.44,1.0731,18,0.43,1.0487,50,0.445,1.0853,1659,0
IWM190913C157,2019-09-12,2019-09-12 09:54:20,0.44,1.0731,8,0.44,1.0731,18,0.43,1.0487,50,0.44,1.0731,1659,0
IWM190913C157,2019-09-12,2019-09-12 09:54:20,0.45,1.0975,131,0.44,1.0731,18,0.43,1.0487,50,0.445,1.0853,1659,0
IWM190913C157,2019-09-12,2019-09-12 09:54:21,0.42,1.0243,62,0.41,1.0,100,0.43,1.0487,2,0.415,1.0121,1661,0
IWM190913C157,2019-09-12,2019-09-12 09:54:21,0.44,1.0731,92,0.42,1.0243,13,0.43,1.0487,2,0.43,1.0487,1661,2
IWM190913C157,2019-09-12,2019-09-12 09:54:22,0.42,1.0243,50,0.42,1.0243,13,0.43,1.0487,2,0.42,1.0243,1661,0
IWM190913C157,2019-09-12,2019-09-12 09:54:22,0.43,1.0487,85,0.42,1.0243,13,0.43,1.0487,2,0.425,1.0365,1661,0
IWM190913C157,2019-09-12,2019-09-12 09:54:23,0.44,1.0731,120,0.42,1.0243,67,0.43,1.0487,2,0.43,1.0487,1661,0
IWM190913C157,2019-09-12,2019-09-12 09:54:23,0.43,1.0487,101,0.42,1.0243,13,0.43,1.0487,2,0.425,1.0365,1661,0
IWM190913C157,2019-09-12,2019-09-12 09:54:24,0.44,1.0731,64,0.42,1.0243,67,0.43,1.0487,2,0.43,1.0487,1661,0
IWM190913C157,2019-09-12,2019-09-12 09:54:25,0.44,1.0731,16,0.43,1.0487,67,0.43,1.0487,2,0.435,1.0609,1661,0
IWM190913C157,2019-09-12,2019-09-12 09:54:25,0.44,1.0731,112,0.42,1.0243,197,0.43,1.0487,2,0.43,1.0487,1661,0
IWM190913C157,2019-09-12,2019-09-12 09:54:26,0.45,1.0975,79,0.43,1.0487,165,0.43,1.0487,2,0.44,1.0731,1661,0
IWM190913C157,2019-09-12,2019-09-12 09:54:27,0.45,1.0975,116,0.43,1.0487,115,0.43,1.0487,2,0.44,1.0731,1661,0
IWM190913C157,2019-09-12,2019-09-12 09:54:27,0.45,1.0975,116,0.43,1.0487,206,0.43,1.0487,2,0.44,1.0731,1661,0
IWM190913C157,2019-09-12,2019-09-12 09:54:28,0.45,1.0975,45,0.44,1.0731,60,0.43,1.0487,2,0.445,1.0853,1661,0
IWM190913C157,2019-09-12,2019-09-12 09:54:28,0.45,1.0975,34,0.44,1.0731,23,0.43,1.0487,2,0.445,1.0853,1661,0
IWM190913C157,2019-09-12,2019-09-12 09:54:29,0.46,1.1219,120,0.44,1.0731,60,0.43,1.0487,2,0.45,1.0975,1661,0
IWM190913C157,2019-09-12,2019-09-12 09:54:29,0.46,1.1219,120,0.44,1.0731,78,0.43,1.0487,2,0.45,1.0975,1661,0
IWM190913C157,2019-09-12,2019-09-12 09:54:30,0.46,1.1219,120,0.44,1.0731,95,0.43,1.0487,2,0.45,1.0975,1661,0
IWM190913C157,2019-09-12,2019-09-12 09:54:30,0.46,1.1219,89,0.44,1.0731,95,0.43,1.0487,2,0.45,1.0975,1661,0
IWM190913C157,2019-09-12,2019-09-12 09:54:31,0.46,1.1219,130,0.44,1.0731,152,0.43,1.0487,2,0.45,1.0975,1661,0
IWM190913C157,2019-09-12,2019-09-12 09:54:31,0.46,1.1219,90,0.44,1.0731,152,0.43,1.0487,2,0.45,1.0975,1661,0
IWM190913C157,2019-09-12,2019-09-12 09:54:32,0.46,1.1219,85,0.45,1.0975,18,0.43,1.0487,2,0.455,1.1097,1661,0
IWM190913C157,2019-09-12,2019-09-12 09:54:32,0.46,1.1219,131,0.45,1.0975,13,0.43,1.0487,2,0.455,1.1097,1661,0
IWM190913C157,2019-09-12,2019-09-12 09:54:33,0.46,1.1219,130,0.44,1.0731,186,0.43,1.0487,2,0.45,1.0975,1661,0
IWM190913C157,2019-09-12,2019-09-12 09:54:34,0.46,1.1219,130,0.44,1.0731,60,0.43,1.0487,2,0.45,1.0975,1661,0
IWM190913C157,2019-09-12,2019-09-12 09:54:35,0.46,1.1219,130,0.44,1.0731,60,0.43,1.0487,2,0.45,1.0975,1661,0
IWM190913C157,2019-09-12,2019-09-12 09:54:35,0.46,1.1219,160,0.44,1.0731,60,0.43,1.0487,2,0.45,1.0975,1661,0
IWM190913C157,2019-09-12,2019-09-12 09:54:36,0.46,1.1219,160,0.44,1.0731,60,0.43,1.0487,2,0.45,1.0975,1661,0
IWM190913C157,2019-09-12,2019-09-12 09:54:37,0.46,1.1219,60,0.44,1.0731,78,0.43,1.0487,2,0.45,1.0975,1661,0
IWM190913C157,2019-09-12,2019-09-12 09:54:37,0.46,1.1219,82,0.45,1.0975,18,0.43,1.0487,2,0.455,1.1097,1661,0
IWM190913C157,2019-09-12,2019-09-12 09:54:38,0.46,1.1219,82,0.45,1.0975,18,0.43,1.0487,2,0.455,1.1097,1661,0
IWM190913C157,2019-09-12,2019-09-12 09:54:38,0.46,1.1219,71,0.45,1.0975,18,0.43,1.0487,2,0.455,1.1097,1661,0
IWM190913C157,2019-09-12,2019-09-12 09:54:39,0.46,1.1219,71,0.45,1.0975,13,0.43,1.0487,2,0.455,1.1097,1661,0
IWM190913C157,2019-09-12,2019-09-12 09:54:39,0.46,1.1219,120,0.44,1.0731,125,0.43,1.0487,2,0.45,1.0975,1661,0
IWM190913C157,2019-09-12,2019-09-12 09:54:40,0.46,1.1219,120,0.44,1.0731,125,0.43,1.0487,2,0.45,1.0975,1661,0
IWM190913C157,2019-09-12,2019-09-12 09:54:40,0.46,1.1219,130,0.44,1.0731,87,0.43,1.0487,2,0.45,1.0975,1661,0
IWM190913C157,2019-09-12,2019-09-12 09:54:41,0.46,1.1219,120,0.44,1.0731,98,0.43,1.0487,2,0.45,1.0975,1661,0
IWM190913C157,2019-09-12,2019-09-12 09:54:41,0.46,1.1219,122,0.44,1.0731,98,0.43,1.0487,2,0.45,1.0975,1661,0
IWM190913C157,2019-09-12,2019-09-12 09:54:42,0.46,1.1219,87,0.45,1.0975,5,0.43,1.0487,2,0.455,1.1097,1661,0
IWM190913C157,2019-09-12,2019-09-12 09:54:43,0.46,1.1219,78,0.45,1.0975,18,0.43,1.0487,2,0.455,1.1097,1661,0
IWM190913C157,2019-09-12,2019-09-12 09:54:44,0.47,1.1463,74,0.45,1.0975,40,0.43,1.0487,2,0.46,1.1219,1661,0
IWM190913C157,2019-09-12,2019-09-12 09:54:44,0.46,1.1219,16,0.45,1.0975,40,0.43,1.0487,2,0.455,1.1097,1661,0
IWM190913C157,2019-09-12,2019-09-12 09:54:45,0.47,1.1463,74,0.45,1.0975,40,0.43,1.0487,2,0.46,1.1219,1661,0
IWM190913C157,2019-09-12,2019-09-12 09:54:45,0.47,1.1463,74,0.45,1.0975,220,0.43,1.0487,2,0.46,1.1219,1661,0
IWM190913C157,2019-09-12,2019-09-12 09:54:46,0.47,1.1463,97,0.45,1.0975,220,0.43,1.0487,2,0.46,1.1219,1661,0
IWM190913C157,2019-09-12,2019-09-12 09:54:47,0.47,1.1463,74,0.45,1.0975,216,0.43,1.0487,2,0.46,1.1219,1661,0
IWM190913C157,2019-09-12,2019-09-12 09:54:48,0.47,1.1463,74,0.46,1.1219,13,0.43,1.0487,2,0.465,1.1341,1661,0
IWM190913C157,2019-09-12,2019-09-12 09:54:48,0.47,1.1463,53,0.46,1.1219,33,0.43,1.0487,2,0.465,1.1341,1661,0
IWM190913C157,2019-09-12,2019-09-12 09:54:49,0.48,1.1707,89,0.46,1.1219,199,0.43,1.0487,2,0.47,1.1463,1661,0
IWM190913C157,2019-09-12,2019-09-12 09:54:49,0.48,1.1707,89,0.46,1.1219,167,0.43,1.0487,2,0.47,1.1463,1661,0
IWM190913C157,2019-09-12,2019-09-12 09:54:50,0.48,1.1707,16,0.47,1.1463,81,0.43,1.0487,2,0.475,1.1585,1661,0
IWM190913C157,2019-09-12,2019-09-12 09:54:50,0.48,1.1707,16,0.47,1.1463,48,0.43,1.0487,2,0.475,1.1585,1661,0
IWM190913C157,2019-09-12,2019-09-12 09:54:51,0.48,1.1707,95,0.47,1.1463,18,0.43,1.0487,2,0.475,1.1585,1661,0
IWM190913C157,2019-09-12,2019-09-12 09:54:52,0.48,1.1707,92,0.46,1.1219,193,0.43,1.0487,2,0.47,1.1463,1661,0
IWM190913C157,2019-09-12,2019-09-12 09:54:53,0.48,1.1707,86,0.47,1.1463,30,0.43,1.0487,2,0.475,1.1585,1661,0
IWM190913C157,2019-09-12,2019-09-12 09:54:53,0.48,1.1707,86,0.47,1.1463,18,0.43,1.0487,2,0.475,1.1585,1661,0
IWM190913C157,2019-09-12,2019-09-12 09:54:54,0.48,1.1707,86,0.47,1.1463,30,0.43,1.0487,2,0.475,1.1585,1661,0
IWM190913C157,2019-09-12,2019-09-12 09:54:55,0.49,1.1951,69,0.48,1.1707,18,0.43,1.0487,2,0.485,1.1829,1661,0
IWM190913C157,2019-09-12,2019-09-12 09:54:56,0.49,1.1951,82,0.48,1.1707,18,0.43,1.0487,2,0.485,1.1829,1661,0
IWM190913C157,2019-09-12,2019-09-12 09:54:56,0.49,1.1951,124,0.47,1.1463,176,0.43,1.0487,2,0.48,1.1707,1661,0
IWM190913C157,2019-09-12,2019-09-12 09:54:57,0.49,1.1951,82,0.48,1.1707,13,0.43,1.0487,2,0.485,1.1829,1661,0
IWM190913C157,2019-09-12,2019-09-12 09:54:57,0.49,1.1951,130,0.48,1.1707,13,0.43,1.0487,2,0.485,1.1829,1661,0
IWM190913C157,2019-09-12,2019-09-12 09:54:58,0.49,1.1951,28,0.48,1.1707,91,0.43,1.0487,2,0.485,1.1829,1661,0
IWM190913C157,2019-09-12,2019-09-12 09:54:58,0.49,1.1951,130,0.47,1.1463,201,0.43,1.0487,2,0.48,1.1707,1661,0
IWM190913C157,2019-09-12,2019-09-12 09:54:59,0.49,1.1951,2,0.49,1.1951,13,0.43,1.0487,2,0.49,1.1951,1661,0
IWM190913C157,2019-09-12,2019-09-12 09:54:59,0.49,1.1951,43,0.48,1.1707,48,0.43,1.0487,2,0.485,1.1829,1661,0
IWM190913C157,2019-09-12,2019-09-12 09:55:00,0.5,1.2195,87,0.49,1.1951,13,0.43,1.0487,2,0.495,1.2073,1661,0
IWM190913C157,2019-09-12,2019-09-12 09:55:01,0.49,1.1951,46,0.48,1.1707,60,0.43,1.0487,2,0.485,1.1829,1661,0
IWM190913C157,2019-09-12,2019-09-12 09:55:01,0.5,1.2195,87,0.49,1.1951,13,0.43,1.0487,2,0.495,1.2073,1661,0
IWM190913C157,2019-09-12,2019-09-12 09:55:02,0.49,1.1951,42,0.48,1.1707,19,0.43,1.0487,2,0.485,1.1829,1661,0
IWM190913C157,2019-09-12,2019-09-12 09:55:02,0.49,1.1951,36,0.48,1.1707,68,0.43,1.0487,2,0.485,1.1829,1661,0
IWM190913C157,2019-09-12,2019-09-12 09:55:03,0.49,1.1951,16,0.48,1.1707,49,0.43,1.0487,2,0.485,1.1829,1661,0
IWM190913C157,2019-09-12,2019-09-12 09:55:04,0.5,1.2195,130,0.48,1.1707,68,0.43,1.0487,2,0.49,1.1951,1661,0
IWM190913C157,2019-09-12,2019-09-12 09:55:04,0.49,1.1951,42,0.48,1.1707,19,0.43,1.0487,2,0.485,1.1829,1661,0
IWM190913C157,2019-09-12,2019-09-12 09:55:05,0.5,1.2195,87,0.48,1.1707,68,0.43,1.0487,2,0.49,1.1951,1661,0
IWM190913C157,2019-09-12,2019-09-12 09:55:05,0.49,1.1951,48,0.48,1.1707,60,0.43,1.0487,2,0.485,1.1829,1661,0
IWM190913C157,2019-09-12,2019-09-12 09:55:06,0.49,1.1951,8,0.48,1.1707,115,0.43,1.0487,2,0.485,1.1829,1661,0
IWM190913C157,2019-09-12,2019-09-12 09:55:06,0.5,1.2195,85,0.48,1.1707,115,0.43,1.0487,2,0.49,1.1951,1661,0
IWM190913C157,2019-09-12,2019-09-12 09:55:07,0.49,1.1951,8,0.48,1.1707,115,0.43,1.0487,2,0.485,1.1829,1661,0
IWM190913C157,2019-09-12,2019-09-12 09:55:07,0.49,1.1951,47,0.48,1.1707,115,0.43,1.0487,2,0.485,1.1829,1661,0
IWM190913C157,2019-09-12,2019-09-12 09:55:08,0.49,1.1951,8,0.48,1.1707,116,0.43,1.0487,2,0.485,1.1829,1661,0
IWM190913C157,2019-09-12,2019-09-12 09:55:08,0.5,1.2195,64,0.49,1.1951,19,0.43,1.0487,2,0.495,1.2073,1661,0
IWM190913C157,2019-09-12,2019-09-12 09:55:09,0.5,1.2195,100,0.49,1.1951,60,0.43,1.0487,2,0.495,1.2073,1661,0
IWM190913C157,2019-09-12,2019-09-12 09:55:09,0.5,1.2195,63,0.49,1.1951,60,0.43,1.0487,2,0.495,1.2073,1661,0
IWM190913C157,2019-09-12,2019-09-12 09:55:10,0.49,1.1951,131,0.48,1.1707,19,0.43,1.0487,2,0.485,1.1829,1661,0
IWM190913C157,2019-09-12,2019-09-12 09:55:10,0.49,1.1951,87,0.48,1.1707,13,0.43,1.0487,2,0.485,1.1829,1661,0
IWM190913C157,2019-09-12,2019-09-12 09:55:11,0.49,1.1951,152,0.47,1.1463,60,0.43,1.0487,2,0.48,1.1707,1661,0
IWM190913C157,2019-09-12,2019-09-12 09:55:11,0.49,1.1951,131,0.47,1.1463,19,0.43,1.0487,2,0.48,1.1707,1661,0
IWM190913C157,2019-09-12,2019-09-12 09:55:12,0.49,1.1951,152,0.47,1.1463,60,0.43,1.0487,2,0.48,1.1707,1661,0
IWM190913C157,2019-09-12,2019-09-12 09:55:13,0.48,1.1707,88,0.46,1.1219,151,0.43,1.0487,2,0.47,1.1463,1661,0
IWM190913C157,2019-09-12,2019-09-12 09:55:13,0.48,1.1707,67,0.47,1.1463,60,0.43,1.0487,2,0.475,1.1585,1661,0
IWM190913C157,2019-09-12,2019-09-12 09:55:14,0.48,1.1707,88,0.46,1.1219,75,0.43,1.0487,2,0.47,1.1463,1661,0
IWM190913C157,2019-09-12,2019-09-12 09:55:15,0.48,1.1707,91,0.46,1.1219,188,0.43,1.0487,2,0.47,1.1463,1661,0
IWM190913C157,2019-09-12,2019-09-12 09:55:15,0.48,1.1707,61,0.46,1.1219,188,0.43,1.0487,2,0.47,1.1463,1661,0
IWM190913C157,2019-09-12,2019-09-12 09:55:16,0.48,1.1707,87,0.46,1.1219,82,0.43,1.0487,2,0.47,1.1463,1661,0
IWM190913C157,2019-09-12,2019-09-12 09:55:17,0.48,1.1707,30,0.47,1.1463,81,0.43,1.0487,2,0.475,1.1585,1661,0
IWM190913C157,2019-09-12,2019-09-12 09:55:17,0.48,1.1707,37,0.47,1.1463,81,0.43,1.0487,2,0.475,1.1585,1661,0
IWM190913C157,2019-09-12,2019-09-12 09:55:18,0.48,1.1707,30,0.47,1.1463,81,0.43,1.0487,2,0.475,1.1585,1661,0
IWM190913C157,2019-09-12,2019-09-12 09:55:18,0.48,1.1707,31,0.47,1.1463,81,0.43,1.0487,2,0.475,1.1585,1661,0
