symbol,Date,quote_time,ask_price,norm_ask_price,ask_size,bid_price,norm_bid_price,bid_size,last_trade_price,norm_last_trade_price,last_trade_size,mark_price,norm_mark_price,volume,Volume
IWM191115P159,2019-11-12,2019-11-12 09:30:00,0.99,1.0,18,0.9,0.909,1,1.06,1.0707,30,0.945,0.9545,0,0
IWM191115P159,2019-11-12,2019-11-12 09:30:01,0.99,1.0,31,0.9,0.909,19,1.06,1.0707,30,0.945,0.9545,0,0
IWM191115P159,2019-11-12,2019-11-12 09:30:02,0.99,1.0,31,0.9,0.909,19,1.06,1.0707,30,0.945,0.9545,0,0
IWM191115P159,2019-11-12,2019-11-12 09:30:03,0.99,1.0,81,0.9,0.909,19,1.06,1.0707,30,0.945,0.9545,0,0
IWM191115P159,2019-11-12,2019-11-12 09:30:04,0.99,1.0,51,0.94,0.9494,75,1.06,1.0707,30,0.965,0.9747,0,0
IWM191115P159,2019-11-12,2019-11-12 09:30:05,0.99,1.0,13,0.94,0.9494,75,1.06,1.0707,30,0.965,0.9747,0,0
IWM191115P159,2019-11-12,2019-11-12 09:30:05,0.99,1.0,51,0.94,0.9494,75,1.06,1.0707,30,0.965,0.9747,0,0
IWM191115P159,2019-11-12,2019-11-12 09:30:06,0.99,1.0,13,0.94,0.9494,75,1.06,1.0707,30,0.965,0.9747,0,0
IWM191115P159,2019-11-12,2019-11-12 09:30:06,0.99,1.0,31,0.93,0.9393,75,1.06,1.0707,30,0.96,0.9696,0,0
IWM191115P159,2019-11-12,2019-11-12 09:30:07,0.99,1.0,31,0.93,0.9393,75,1.06,1.0707,30,0.96,0.9696,0,0
IWM191115P159,2019-11-12,2019-11-12 09:30:08,0.99,1.0,150,0.92,0.9292,75,1.06,1.0707,30,0.955,0.9646,0,0
IWM191115P159,2019-11-12,2019-11-12 09:30:09,0.97,0.9797,15,0.92,0.9292,75,1.06,1.0707,30,0.945,0.9545,0,0
IWM191115P159,2019-11-12,2019-11-12 09:30:09,0.97,0.9797,67,0.92,0.9292,75,1.06,1.0707,30,0.945,0.9545,0,0
IWM191115P159,2019-11-12,2019-11-12 09:30:10,0.98,0.9898,80,0.93,0.9393,75,1.06,1.0707,30,0.955,0.9646,0,0
IWM191115P159,2019-11-12,2019-11-12 09:30:11,0.98,0.9898,111,0.93,0.9393,75,1.06,1.0707,30,0.955,0.9646,0,0
IWM191115P159,2019-11-12,2019-11-12 09:30:11,0.98,0.9898,80,0.93,0.9393,75,1.06,1.0707,30,0.955,0.9646,0,0
IWM191115P159,2019-11-12,2019-11-12 09:30:12,0.98,0.9898,24,0.93,0.9393,83,1.06,1.0707,30,0.955,0.9646,0,0
IWM191115P159,2019-11-12,2019-11-12 09:30:12,0.98,0.9898,89,0.93,0.9393,110,1.06,1.0707,30,0.955,0.9646,0,0
IWM191115P159,2019-11-12,2019-11-12 09:30:13,0.98,0.9898,34,0.94,0.9494,77,1.06,1.0707,30,0.96,0.9696,0,0
IWM191115P159,2019-11-12,2019-11-12 09:30:14,0.98,0.9898,10,0.94,0.9494,109,1.06,1.0707,30,0.96,0.9696,0,0
IWM191115P159,2019-11-12,2019-11-12 09:30:14,0.98,0.9898,10,0.95,0.9595,75,1.06,1.0707,30,0.965,0.9747,0,0
IWM191115P159,2019-11-12,2019-11-12 09:30:15,1.01,1.0202,84,0.96,0.9696,83,1.06,1.0707,30,0.985,0.9949,0,0
IWM191115P159,2019-11-12,2019-11-12 09:30:16,1.0,1.0101,10,0.96,0.9696,75,1.06,1.0707,30,0.98,0.9898,0,0
IWM191115P159,2019-11-12,2019-11-12 09:30:16,1.01,1.0202,63,0.96,0.9696,83,1.06,1.0707,30,0.985,0.9949,0,0
IWM191115P159,2019-11-12,2019-11-12 09:30:17,1.01,1.0202,156,0.96,0.9696,10,1.06,1.0707,30,0.985,0.9949,0,0
IWM191115P159,2019-11-12,2019-11-12 09:30:18,1.0,1.0101,421,0.96,0.9696,1,1.06,1.0707,30,0.98,0.9898,0,0
IWM191115P159,2019-11-12,2019-11-12 09:30:18,1.01,1.0202,442,0.96,0.9696,10,1.06,1.0707,30,0.985,0.9949,0,0
IWM191115P159,2019-11-12,2019-11-12 09:30:19,1.0,1.0101,14,0.97,0.9797,100,1.06,1.0707,30,0.985,0.9949,0,0
IWM191115P159,2019-11-12,2019-11-12 09:30:19,1.0,1.0101,265,0.96,0.9696,36,1.06,1.0707,30,0.98,0.9898,0,0
IWM191115P159,2019-11-12,2019-11-12 09:30:20,1.02,1.0303,15,0.98,0.9898,100,1.06,1.0707,30,1.0,1.0101,0,0
IWM191115P159,2019-11-12,2019-11-12 09:30:20,1.02,1.0303,60,0.98,0.9898,100,1.06,1.0707,30,1.0,1.0101,0,0
IWM191115P159,2019-11-12,2019-11-12 09:30:21,1.03,1.0404,140,0.99,1.0,99,1.06,1.0707,30,1.01,1.0202,0,0
IWM191115P159,2019-11-12,2019-11-12 09:30:21,1.03,1.0404,119,0.99,1.0,50,1.06,1.0707,30,1.01,1.0202,0,0
IWM191115P159,2019-11-12,2019-11-12 09:30:22,1.03,1.0404,90,0.99,1.0,163,1.06,1.0707,30,1.01,1.0202,0,0
IWM191115P159,2019-11-12,2019-11-12 09:30:22,1.03,1.0404,90,0.99,1.0,186,1.06,1.0707,30,1.01,1.0202,0,0
IWM191115P159,2019-11-12,2019-11-12 09:30:23,1.03,1.0404,36,0.99,1.0,142,1.06,1.0707,30,1.01,1.0202,0,0
IWM191115P159,2019-11-12,2019-11-12 09:30:23,1.03,1.0404,36,0.99,1.0,152,1.06,1.0707,30,1.01,1.0202,0,0
IWM191115P159,2019-11-12,2019-11-12 09:30:24,1.03,1.0404,52,0.99,1.0,128,1.06,1.0707,30,1.01,1.0202,0,0
IWM191115P159,2019-11-12,2019-11-12 09:30:25,1.03,1.0404,83,0.99,1.0,185,1.06,1.0707,30,1.01,1.0202,0,0
IWM191115P159,2019-11-12,2019-11-12 09:30:26,1.03,1.0404,5,1.0,1.0101,123,1.06,1.0707,30,1.015,1.0252,0,0
IWM191115P159,2019-11-12,2019-11-12 09:30:26,1.03,1.0404,83,0.99,1.0,197,1.06,1.0707,30,1.01,1.0202,0,0
IWM191115P159,2019-11-12,2019-11-12 09:30:27,1.03,1.0404,16,1.0,1.0101,44,1.06,1.0707,30,1.015,1.0252,0,0
IWM191115P159,2019-11-12,2019-11-12 09:30:27,1.03,1.0404,5,1.0,1.0101,88,1.06,1.0707,30,1.015,1.0252,0,0
IWM191115P159,2019-11-12,2019-11-12 09:30:28,1.03,1.0404,5,1.0,1.0101,36,1.06,1.0707,30,1.015,1.0252,0,0
IWM191115P159,2019-11-12,2019-11-12 09:30:28,1.03,1.0404,5,1.0,1.0101,26,1.06,1.0707,30,1.015,1.0252,0,0
IWM191115P159,2019-11-12,2019-11-12 09:30:29,1.03,1.0404,26,1.0,1.0101,36,1.06,1.0707,30,1.015,1.0252,0,0
IWM191115P159,2019-11-12,2019-11-12 09:30:29,1.03,1.0404,5,1.0,1.0101,36,1.06,1.0707,30,1.015,1.0252,0,0
IWM191115P159,2019-11-12,2019-11-12 09:30:30,1.03,1.0404,5,1.0,1.0101,168,1.06,1.0707,30,1.015,1.0252,0,0
IWM191115P159,2019-11-12,2019-11-12 09:30:31,1.03,1.0404,5,1.0,1.0101,116,1.06,1.0707,30,1.015,1.0252,0,0
IWM191115P159,2019-11-12,2019-11-12 09:30:31,1.03,1.0404,7,1.0,1.0101,77,1.03,1.0404,10,1.015,1.0252,10,10
IWM191115P159,2019-11-12,2019-11-12 09:30:32,1.03,1.0404,5,1.0,1.0101,77,1.03,1.0404,10,1.015,1.0252,10,0
IWM191115P159,2019-11-12,2019-11-12 09:30:32,1.03,1.0404,5,1.0,1.0101,113,1.03,1.0404,10,1.015,1.0252,10,0
IWM191115P159,2019-11-12,2019-11-12 09:30:33,1.03,1.0404,5,1.0,1.0101,115,1.03,1.0404,10,1.015,1.0252,10,0
IWM191115P159,2019-11-12,2019-11-12 09:30:33,1.03,1.0404,5,1.0,1.0101,77,1.03,1.0404,10,1.015,1.0252,10,0
IWM191115P159,2019-11-12,2019-11-12 09:30:34,1.03,1.0404,5,1.0,1.0101,115,1.03,1.0404,10,1.015,1.0252,10,0
IWM191115P159,2019-11-12,2019-11-12 09:30:35,1.03,1.0404,5,1.0,1.0101,115,1.03,1.0404,10,1.015,1.0252,10,0
IWM191115P159,2019-11-12,2019-11-12 09:30:36,1.03,1.0404,5,1.0,1.0101,113,1.03,1.0404,10,1.015,1.0252,10,0
IWM191115P159,2019-11-12,2019-11-12 09:30:37,1.03,1.0404,5,1.01,1.0202,144,1.03,1.0404,10,1.02,1.0303,10,0
IWM191115P159,2019-11-12,2019-11-12 09:30:37,1.03,1.0404,5,1.0,1.0101,113,1.03,1.0404,10,1.015,1.0252,10,0
IWM191115P159,2019-11-12,2019-11-12 09:30:39,1.03,1.0404,5,1.02,1.0303,91,1.03,1.0404,10,1.025,1.0353,10,0
IWM191115P159,2019-11-12,2019-11-12 09:30:40,1.07,1.0808,204,1.03,1.0404,30,1.03,1.0404,5,1.05,1.0606,15,5
IWM191115P159,2019-11-12,2019-11-12 09:30:40,1.07,1.0808,270,1.03,1.0404,1,1.03,1.0404,5,1.05,1.0606,15,0
IWM191115P159,2019-11-12,2019-11-12 09:30:41,1.06,1.0707,30,1.02,1.0303,173,1.03,1.0404,5,1.04,1.0505,15,0
IWM191115P159,2019-11-12,2019-11-12 09:30:41,1.07,1.0808,381,1.02,1.0303,155,1.03,1.0404,5,1.045,1.0555,15,0
IWM191115P159,2019-11-12,2019-11-12 09:30:42,1.06,1.0707,20,1.02,1.0303,173,1.03,1.0404,5,1.04,1.0505,15,0
IWM191115P159,2019-11-12,2019-11-12 09:30:42,1.06,1.0707,131,1.02,1.0303,173,1.03,1.0404,5,1.04,1.0505,15,0
IWM191115P159,2019-11-12,2019-11-12 09:30:43,1.06,1.0707,131,1.02,1.0303,173,1.03,1.0404,5,1.04,1.0505,15,0
IWM191115P159,2019-11-12,2019-11-12 09:30:43,1.06,1.0707,155,1.02,1.0303,173,1.03,1.0404,5,1.04,1.0505,15,0
IWM191115P159,2019-11-12,2019-11-12 09:30:44,1.06,1.0707,155,1.02,1.0303,151,1.03,1.0404,5,1.04,1.0505,15,0
IWM191115P159,2019-11-12,2019-11-12 09:30:45,1.06,1.0707,185,1.02,1.0303,169,1.03,1.0404,5,1.04,1.0505,15,0
IWM191115P159,2019-11-12,2019-11-12 09:30:45,1.06,1.0707,220,1.02,1.0303,138,1.03,1.0404,5,1.04,1.0505,15,0
IWM191115P159,2019-11-12,2019-11-12 09:30:46,1.06,1.0707,235,1.02,1.0303,138,1.03,1.0404,5,1.04,1.0505,15,0
IWM191115P159,2019-11-12,2019-11-12 09:30:46,1.06,1.0707,442,1.01,1.0202,186,1.03,1.0404,5,1.035,1.0454,15,0
IWM191115P159,2019-11-12,2019-11-12 09:30:47,1.06,1.0707,442,1.01,1.0202,186,1.03,1.0404,5,1.035,1.0454,15,0
IWM191115P159,2019-11-12,2019-11-12 09:30:48,1.06,1.0707,359,1.02,1.0303,75,1.03,1.0404,5,1.04,1.0505,15,0
IWM191115P159,2019-11-12,2019-11-12 09:30:48,1.06,1.0707,270,1.02,1.0303,78,1.03,1.0404,5,1.04,1.0505,15,0
IWM191115P159,2019-11-12,2019-11-12 09:30:49,1.06,1.0707,359,1.02,1.0303,75,1.03,1.0404,5,1.04,1.0505,15,0
IWM191115P159,2019-11-12,2019-11-12 09:30:50,1.05,1.0606,142,1.01,1.0202,143,1.03,1.0404,5,1.03,1.0404,15,0
IWM191115P159,2019-11-12,2019-11-12 09:30:51,1.05,1.0606,326,1.01,1.0202,20,1.03,1.0404,5,1.03,1.0404,15,0
IWM191115P159,2019-11-12,2019-11-12 09:30:51,1.04,1.0505,143,1.0,1.0101,113,1.03,1.0404,5,1.02,1.0303,15,0
IWM191115P159,2019-11-12,2019-11-12 09:30:52,1.04,1.0505,332,0.99,1.0,156,1.03,1.0404,5,1.015,1.0252,15,0
IWM191115P159,2019-11-12,2019-11-12 09:30:53,1.02,1.0303,170,0.98,0.9898,143,1.03,1.0404,5,1.0,1.0101,15,0
IWM191115P159,2019-11-12,2019-11-12 09:30:53,1.03,1.0404,257,0.99,1.0,69,1.03,1.0404,5,1.01,1.0202,15,0
IWM191115P159,2019-11-12,2019-11-12 09:30:54,1.02,1.0303,77,0.98,0.9898,149,1.03,1.0404,5,1.0,1.0101,15,0
IWM191115P159,2019-11-12,2019-11-12 09:30:54,1.02,1.0303,103,0.99,1.0,75,1.03,1.0404,5,1.005,1.0151,15,0
IWM191115P159,2019-11-12,2019-11-12 09:30:55,1.02,1.0303,10,0.99,1.0,114,1.03,1.0404,5,1.005,1.0151,15,0
IWM191115P159,2019-11-12,2019-11-12 09:30:55,1.03,1.0404,125,0.99,1.0,114,1.03,1.0404,5,1.01,1.0202,15,0
IWM191115P159,2019-11-12,2019-11-12 09:30:56,1.03,1.0404,125,0.99,1.0,130,1.03,1.0404,5,1.01,1.0202,15,0
IWM191115P159,2019-11-12,2019-11-12 09:30:56,1.03,1.0404,141,0.99,1.0,130,1.03,1.0404,5,1.01,1.0202,15,0
IWM191115P159,2019-11-12,2019-11-12 09:30:57,1.03,1.0404,141,0.99,1.0,130,1.03,1.0404,5,1.01,1.0202,15,0
IWM191115P159,2019-11-12,2019-11-12 09:30:57,1.03,1.0404,141,0.99,1.0,240,1.03,1.0404,5,1.01,1.0202,15,0
IWM191115P159,2019-11-12,2019-11-12 09:30:58,1.03,1.0404,55,1.0,1.0101,75,1.03,1.0404,5,1.015,1.0252,15,0
IWM191115P159,2019-11-12,2019-11-12 09:30:58,1.03,1.0404,58,1.0,1.0101,75,1.03,1.0404,5,1.015,1.0252,15,0
IWM191115P159,2019-11-12,2019-11-12 09:30:59,1.03,1.0404,27,1.0,1.0101,123,1.03,1.0404,5,1.015,1.0252,15,0
IWM191115P159,2019-11-12,2019-11-12 09:30:59,1.03,1.0404,55,1.0,1.0101,86,1.03,1.0404,5,1.015,1.0252,15,0
IWM191115P159,2019-11-12,2019-11-12 09:31:00,1.04,1.0505,227,1.0,1.0101,127,1.03,1.0404,5,1.02,1.0303,15,0
IWM191115P159,2019-11-12,2019-11-12 09:31:00,1.04,1.0505,152,1.0,1.0101,115,1.03,1.0404,5,1.02,1.0303,15,0
IWM191115P159,2019-11-12,2019-11-12 09:31:01,1.04,1.0505,227,1.0,1.0101,108,1.03,1.0404,5,1.02,1.0303,15,0
IWM191115P159,2019-11-12,2019-11-12 09:31:02,1.04,1.0505,71,1.0,1.0101,108,1.03,1.0404,5,1.02,1.0303,15,0
IWM191115P159,2019-11-12,2019-11-12 09:31:03,1.04,1.0505,122,1.0,1.0101,164,1.03,1.0404,5,1.02,1.0303,15,0
IWM191115P159,2019-11-12,2019-11-12 09:31:04,1.03,1.0404,10,1.0,1.0101,164,1.03,1.0404,50,1.015,1.0252,65,50
IWM191115P159,2019-11-12,2019-11-12 09:31:04,1.03,1.0404,10,1.01,1.0202,52,1.03,1.0404,50,1.02,1.0303,65,0
IWM191115P159,2019-11-12,2019-11-12 09:31:05,1.03,1.0404,21,1.01,1.0202,21,1.03,1.0404,50,1.02,1.0303,65,0
IWM191115P159,2019-11-12,2019-11-12 09:31:05,1.03,1.0404,21,1.01,1.0202,52,1.03,1.0404,50,1.02,1.0303,65,0
IWM191115P159,2019-11-12,2019-11-12 09:31:06,1.03,1.0404,50,1.0,1.0101,130,1.03,1.0404,50,1.015,1.0252,65,0
IWM191115P159,2019-11-12,2019-11-12 09:31:06,1.03,1.0404,21,1.0,1.0101,145,1.03,1.0404,50,1.015,1.0252,65,0
IWM191115P159,2019-11-12,2019-11-12 09:31:07,1.03,1.0404,52,1.0,1.0101,122,1.03,1.0404,50,1.015,1.0252,65,0
IWM191115P159,2019-11-12,2019-11-12 09:31:08,1.02,1.0303,19,1.0,1.0101,160,1.03,1.0404,50,1.01,1.0202,65,0
IWM191115P159,2019-11-12,2019-11-12 09:31:08,1.03,1.0404,23,1.01,1.0202,10,1.03,1.0404,50,1.02,1.0303,65,0
IWM191115P159,2019-11-12,2019-11-12 09:31:09,1.03,1.0404,9,1.01,1.0202,95,1.03,1.0404,50,1.02,1.0303,65,0
IWM191115P159,2019-11-12,2019-11-12 09:31:09,1.03,1.0404,19,1.01,1.0202,10,1.03,1.0404,50,1.02,1.0303,65,0
IWM191115P159,2019-11-12,2019-11-12 09:31:10,1.04,1.0505,125,1.0,1.0101,85,1.03,1.0404,50,1.02,1.0303,65,0
IWM191115P159,2019-11-12,2019-11-12 09:31:10,1.04,1.0505,9,0.99,1.0,11,1.03,1.0404,50,1.015,1.0252,65,0
IWM191115P159,2019-11-12,2019-11-12 09:31:11,1.03,1.0404,68,1.0,1.0101,109,1.03,1.0404,50,1.015,1.0252,65,0
IWM191115P159,2019-11-12,2019-11-12 09:31:12,1.02,1.0303,56,0.99,1.0,169,1.03,1.0404,50,1.005,1.0151,65,0
IWM191115P159,2019-11-12,2019-11-12 09:31:12,1.02,1.0303,19,1.0,1.0101,122,1.03,1.0404,50,1.01,1.0202,65,0
IWM191115P159,2019-11-12,2019-11-12 09:31:13,1.03,1.0404,21,1.0,1.0101,122,1.03,1.0404,50,1.015,1.0252,65,0
IWM191115P159,2019-11-12,2019-11-12 09:31:13,1.04,1.0505,57,1.02,1.0303,13,1.03,1.0404,50,1.03,1.0404,65,0
IWM191115P159,2019-11-12,2019-11-12 09:31:14,1.04,1.0505,57,1.01,1.0202,102,1.03,1.0404,50,1.025,1.0353,65,0
IWM191115P159,2019-11-12,2019-11-12 09:31:14,1.04,1.0505,72,1.01,1.0202,121,1.03,1.0404,50,1.025,1.0353,65,0
IWM191115P159,2019-11-12,2019-11-12 09:31:15,1.04,1.0505,41,1.02,1.0303,41,1.03,1.0404,50,1.03,1.0404,65,0
IWM191115P159,2019-11-12,2019-11-12 09:31:15,1.04,1.0505,72,1.01,1.0202,131,1.03,1.0404,50,1.025,1.0353,65,0
IWM191115P159,2019-11-12,2019-11-12 09:31:16,1.04,1.0505,56,1.02,1.0303,88,1.03,1.0404,50,1.03,1.0404,65,0
IWM191115P159,2019-11-12,2019-11-12 09:31:17,1.04,1.0505,73,1.01,1.0202,151,1.03,1.0404,50,1.025,1.0353,65,0
IWM191115P159,2019-11-12,2019-11-12 09:31:17,1.04,1.0505,55,1.01,1.0202,151,1.03,1.0404,50,1.025,1.0353,65,0
IWM191115P159,2019-11-12,2019-11-12 09:31:18,1.05,1.0606,28,1.02,1.0303,124,1.03,1.0404,50,1.035,1.0454,65,0
IWM191115P159,2019-11-12,2019-11-12 09:31:18,1.05,1.0606,29,1.03,1.0404,13,1.03,1.0404,50,1.04,1.0505,65,0
IWM191115P159,2019-11-12,2019-11-12 09:31:19,1.05,1.0606,36,1.02,1.0303,145,1.03,1.0404,50,1.035,1.0454,65,0
IWM191115P159,2019-11-12,2019-11-12 09:31:20,1.05,1.0606,36,1.02,1.0303,145,1.03,1.0404,50,1.035,1.0454,65,0
IWM191115P159,2019-11-12,2019-11-12 09:31:21,1.05,1.0606,52,1.02,1.0303,75,1.03,1.0404,50,1.035,1.0454,65,0
IWM191115P159,2019-11-12,2019-11-12 09:31:21,1.05,1.0606,66,1.02,1.0303,75,1.03,1.0404,50,1.035,1.0454,65,0
IWM191115P159,2019-11-12,2019-11-12 09:31:22,1.05,1.0606,68,1.02,1.0303,138,1.03,1.0404,50,1.035,1.0454,65,0
IWM191115P159,2019-11-12,2019-11-12 09:31:22,1.04,1.0505,8,1.02,1.0303,173,1.03,1.0404,50,1.03,1.0404,65,0
IWM191115P159,2019-11-12,2019-11-12 09:31:23,1.04,1.0505,44,1.02,1.0303,82,1.03,1.0404,50,1.03,1.0404,65,0
IWM191115P159,2019-11-12,2019-11-12 09:31:23,1.04,1.0505,71,1.02,1.0303,75,1.03,1.0404,50,1.03,1.0404,65,0
IWM191115P159,2019-11-12,2019-11-12 09:31:24,1.04,1.0505,77,1.01,1.0202,152,1.03,1.0404,50,1.025,1.0353,65,0
IWM191115P159,2019-11-12,2019-11-12 09:31:24,1.04,1.0505,77,1.02,1.0303,75,1.03,1.0404,50,1.03,1.0404,65,0
IWM191115P159,2019-11-12,2019-11-12 09:31:25,1.04,1.0505,37,1.02,1.0303,82,1.03,1.0404,50,1.03,1.0404,65,0
IWM191115P159,2019-11-12,2019-11-12 09:31:25,1.04,1.0505,77,1.02,1.0303,82,1.03,1.0404,50,1.03,1.0404,65,0
IWM191115P159,2019-11-12,2019-11-12 09:31:26,1.04,1.0505,53,1.02,1.0303,95,1.03,1.0404,50,1.03,1.0404,65,0
IWM191115P159,2019-11-12,2019-11-12 09:31:26,1.04,1.0505,53,1.02,1.0303,122,1.03,1.0404,50,1.03,1.0404,65,0
IWM191115P159,2019-11-12,2019-11-12 09:31:27,1.04,1.0505,15,1.02,1.0303,80,1.03,1.0404,50,1.03,1.0404,65,0
IWM191115P159,2019-11-12,2019-11-12 09:31:27,1.04,1.0505,23,1.02,1.0303,82,1.03,1.0404,50,1.03,1.0404,65,0
IWM191115P159,2019-11-12,2019-11-12 09:31:28,1.04,1.0505,15,1.02,1.0303,82,1.03,1.0404,50,1.03,1.0404,65,0
IWM191115P159,2019-11-12,2019-11-12 09:31:28,1.04,1.0505,34,1.02,1.0303,82,1.03,1.0404,50,1.03,1.0404,65,0
IWM191115P159,2019-11-12,2019-11-12 09:31:29,1.04,1.0505,15,1.02,1.0303,82,1.03,1.0404,50,1.03,1.0404,65,0
IWM191115P159,2019-11-12,2019-11-12 09:31:29,1.04,1.0505,15,1.02,1.0303,107,1.03,1.0404,50,1.03,1.0404,65,0
IWM191115P159,2019-11-12,2019-11-12 09:31:30,1.04,1.0505,15,1.02,1.0303,102,1.03,1.0404,50,1.03,1.0404,65,0
IWM191115P159,2019-11-12,2019-11-12 09:31:31,1.04,1.0505,15,1.02,1.0303,82,1.03,1.0404,50,1.03,1.0404,65,0
IWM191115P159,2019-11-12,2019-11-12 09:31:31,1.04,1.0505,15,1.02,1.0303,117,1.03,1.0404,50,1.03,1.0404,65,0
IWM191115P159,2019-11-12,2019-11-12 09:31:32,1.04,1.0505,15,1.02,1.0303,92,1.03,1.0404,50,1.03,1.0404,65,0
IWM191115P159,2019-11-12,2019-11-12 09:31:32,1.04,1.0505,15,1.02,1.0303,82,1.03,1.0404,50,1.03,1.0404,65,0
IWM191115P159,2019-11-12,2019-11-12 09:31:33,1.07,1.0808,78,1.03,1.0404,201,1.03,1.0404,50,1.05,1.0606,65,0
IWM191115P159,2019-11-12,2019-11-12 09:31:33,1.04,1.0505,15,1.02,1.0303,102,1.03,1.0404,50,1.03,1.0404,65,0
IWM191115P159,2019-11-12,2019-11-12 09:31:34,1.07,1.0808,103,1.04,1.0505,202,1.03,1.0404,50,1.055,1.0656,65,0
IWM191115P159,2019-11-12,2019-11-12 09:31:34,1.06,1.0707,1,1.05,1.0606,75,1.03,1.0404,50,1.055,1.0656,65,0
IWM191115P159,2019-11-12,2019-11-12 09:31:35,1.07,1.0808,11,1.05,1.0606,75,1.03,1.0404,50,1.06,1.0707,65,0
IWM191115P159,2019-11-12,2019-11-12 09:31:35,1.06,1.0707,1,1.05,1.0606,80,1.03,1.0404,50,1.055,1.0656,65,0
IWM191115P159,2019-11-12,2019-11-12 09:31:36,1.07,1.0808,11,1.05,1.0606,75,1.03,1.0404,50,1.06,1.0707,65,0
IWM191115P159,2019-11-12,2019-11-12 09:31:37,1.07,1.0808,77,1.04,1.0505,167,1.03,1.0404,50,1.055,1.0656,65,0
IWM191115P159,2019-11-12,2019-11-12 09:31:37,1.07,1.0808,39,1.05,1.0606,75,1.03,1.0404,50,1.06,1.0707,65,0
IWM191115P159,2019-11-12,2019-11-12 09:31:38,1.07,1.0808,77,1.04,1.0505,152,1.03,1.0404,50,1.055,1.0656,65,0
IWM191115P159,2019-11-12,2019-11-12 09:31:38,1.07,1.0808,138,1.04,1.0505,97,1.03,1.0404,50,1.055,1.0656,65,0
IWM191115P159,2019-11-12,2019-11-12 09:31:39,1.07,1.0808,128,1.04,1.0505,97,1.03,1.0404,50,1.055,1.0656,65,0
IWM191115P159,2019-11-12,2019-11-12 09:31:39,1.07,1.0808,111,1.04,1.0505,97,1.03,1.0404,50,1.055,1.0656,65,0
IWM191115P159,2019-11-12,2019-11-12 09:31:40,1.07,1.0808,233,1.04,1.0505,114,1.03,1.0404,50,1.055,1.0656,65,0
IWM191115P159,2019-11-12,2019-11-12 09:31:40,1.07,1.0808,233,1.04,1.0505,97,1.03,1.0404,50,1.055,1.0656,65,0
IWM191115P159,2019-11-12,2019-11-12 09:31:41,1.08,1.0909,152,1.05,1.0606,80,1.03,1.0404,50,1.065,1.0757,65,0
IWM191115P159,2019-11-12,2019-11-12 09:31:41,1.08,1.0909,136,1.05,1.0606,80,1.03,1.0404,50,1.065,1.0757,65,0
IWM191115P159,2019-11-12,2019-11-12 09:31:42,1.08,1.0909,220,1.05,1.0606,80,1.03,1.0404,50,1.065,1.0757,65,0
IWM191115P159,2019-11-12,2019-11-12 09:31:42,1.08,1.0909,220,1.05,1.0606,97,1.03,1.0404,50,1.065,1.0757,65,0
IWM191115P159,2019-11-12,2019-11-12 09:31:43,1.08,1.0909,220,1.05,1.0606,97,1.03,1.0404,50,1.065,1.0757,65,0
IWM191115P159,2019-11-12,2019-11-12 09:31:44,1.08,1.0909,264,1.05,1.0606,42,1.03,1.0404,50,1.065,1.0757,65,0
IWM191115P159,2019-11-12,2019-11-12 09:31:45,1.08,1.0909,417,1.05,1.0606,42,1.03,1.0404,50,1.065,1.0757,65,0
IWM191115P159,2019-11-12,2019-11-12 09:31:45,1.08,1.0909,264,1.05,1.0606,42,1.03,1.0404,50,1.065,1.0757,65,0
IWM191115P159,2019-11-12,2019-11-12 09:31:46,1.07,1.0808,239,1.03,1.0404,164,1.03,1.0404,50,1.05,1.0606,65,0
IWM191115P159,2019-11-12,2019-11-12 09:31:46,1.08,1.0909,148,1.05,1.0606,42,1.03,1.0404,50,1.065,1.0757,65,0
IWM191115P159,2019-11-12,2019-11-12 09:31:47,1.07,1.0808,293,1.03,1.0404,144,1.03,1.0404,50,1.05,1.0606,65,0
IWM191115P159,2019-11-12,2019-11-12 09:31:47,1.07,1.0808,239,1.03,1.0404,164,1.03,1.0404,50,1.05,1.0606,65,0
IWM191115P159,2019-11-12,2019-11-12 09:31:48,1.07,1.0808,321,1.03,1.0404,102,1.03,1.0404,50,1.05,1.0606,65,0
IWM191115P159,2019-11-12,2019-11-12 09:31:49,1.07,1.0808,321,1.03,1.0404,138,1.03,1.0404,50,1.05,1.0606,65,0
IWM191115P159,2019-11-12,2019-11-12 09:31:50,1.07,1.0808,182,1.03,1.0404,305,1.03,1.0404,50,1.05,1.0606,65,0
IWM191115P159,2019-11-12,2019-11-12 09:31:50,1.07,1.0808,250,1.03,1.0404,138,1.03,1.0404,50,1.05,1.0606,65,0
IWM191115P159,2019-11-12,2019-11-12 09:31:51,1.06,1.0707,36,1.04,1.0505,75,1.03,1.0404,50,1.05,1.0606,65,0
IWM191115P159,2019-11-12,2019-11-12 09:31:51,1.07,1.0808,182,1.03,1.0404,305,1.03,1.0404,50,1.05,1.0606,65,0
IWM191115P159,2019-11-12,2019-11-12 09:31:52,1.06,1.0707,98,1.03,1.0404,153,1.03,1.0404,50,1.045,1.0555,65,0
IWM191115P159,2019-11-12,2019-11-12 09:31:52,1.06,1.0707,52,1.04,1.0505,82,1.03,1.0404,50,1.05,1.0606,65,0
IWM191115P159,2019-11-12,2019-11-12 09:31:53,1.06,1.0707,28,1.04,1.0505,111,1.03,1.0404,50,1.05,1.0606,65,0
IWM191115P159,2019-11-12,2019-11-12 09:31:53,1.06,1.0707,114,1.03,1.0404,238,1.03,1.0404,50,1.045,1.0555,65,0
IWM191115P159,2019-11-12,2019-11-12 09:31:54,1.06,1.0707,68,1.04,1.0505,111,1.03,1.0404,50,1.05,1.0606,65,0
IWM191115P159,2019-11-12,2019-11-12 09:31:55,1.06,1.0707,68,1.04,1.0505,85,1.03,1.0404,50,1.05,1.0606,65,0
IWM191115P159,2019-11-12,2019-11-12 09:31:56,1.06,1.0707,58,1.04,1.0505,85,1.03,1.0404,50,1.05,1.0606,65,0
IWM191115P159,2019-11-12,2019-11-12 09:31:56,1.07,1.0808,11,1.05,1.0606,95,1.03,1.0404,50,1.06,1.0707,65,0
IWM191115P159,2019-11-12,2019-11-12 09:31:57,1.07,1.0808,11,1.06,1.0707,80,1.03,1.0404,50,1.065,1.0757,65,0
IWM191115P159,2019-11-12,2019-11-12 09:31:58,1.08,1.0909,57,1.05,1.0606,154,1.03,1.0404,50,1.065,1.0757,65,0
IWM191115P159,2019-11-12,2019-11-12 09:31:58,1.07,1.0808,11,1.06,1.0707,80,1.03,1.0404,50,1.065,1.0757,65,0
IWM191115P159,2019-11-12,2019-11-12 09:31:59,1.08,1.0909,57,1.06,1.0707,85,1.03,1.0404,50,1.07,1.0808,65,0
IWM191115P159,2019-11-12,2019-11-12 09:32:00,1.08,1.0909,57,1.06,1.0707,251,1.03,1.0404,50,1.07,1.0808,65,0
IWM191115P159,2019-11-12,2019-11-12 09:32:00,1.1,1.1111,66,1.08,1.0909,88,1.03,1.0404,50,1.09,1.101,65,0
IWM191115P159,2019-11-12,2019-11-12 09:32:01,1.1,1.1111,34,1.09,1.101,20,1.03,1.0404,50,1.095,1.106,65,0
IWM191115P159,2019-11-12,2019-11-12 09:32:01,1.12,1.1313,25,1.1,1.1111,94,1.03,1.0404,50,1.11,1.1212,65,0
IWM191115P159,2019-11-12,2019-11-12 09:32:02,1.13,1.1414,97,1.1,1.1111,138,1.03,1.0404,50,1.115,1.1262,65,0
IWM191115P159,2019-11-12,2019-11-12 09:32:02,1.13,1.1414,103,1.1,1.1111,106,1.03,1.0404,50,1.115,1.1262,65,0
IWM191115P159,2019-11-12,2019-11-12 09:32:03,1.12,1.1313,11,1.11,1.1212,20,1.03,1.0404,50,1.115,1.1262,65,0
IWM191115P159,2019-11-12,2019-11-12 09:32:03,1.13,1.1414,5,1.11,1.1212,89,1.03,1.0404,50,1.12,1.1313,65,0
IWM191115P159,2019-11-12,2019-11-12 09:32:04,1.14,1.1515,36,1.12,1.1313,93,1.03,1.0404,50,1.13,1.1414,65,0
IWM191115P159,2019-11-12,2019-11-12 09:32:04,1.14,1.1515,36,1.12,1.1313,75,1.03,1.0404,50,1.13,1.1414,65,0
IWM191115P159,2019-11-12,2019-11-12 09:32:05,1.15,1.1616,11,1.13,1.1414,106,1.03,1.0404,50,1.14,1.1515,65,0
IWM191115P159,2019-11-12,2019-11-12 09:32:05,1.15,1.1616,19,1.13,1.1414,82,1.03,1.0404,50,1.14,1.1515,65,0
IWM191115P159,2019-11-12,2019-11-12 09:32:06,1.16,1.1717,96,1.14,1.1515,91,1.03,1.0404,50,1.15,1.1616,65,0
IWM191115P159,2019-11-12,2019-11-12 09:32:06,1.16,1.1717,19,1.13,1.1414,82,1.03,1.0404,50,1.145,1.1565,65,0
IWM191115P159,2019-11-12,2019-11-12 09:32:07,1.16,1.1717,85,1.13,1.1414,93,1.03,1.0404,50,1.145,1.1565,65,0
IWM191115P159,2019-11-12,2019-11-12 09:32:07,1.15,1.1616,3,1.13,1.1414,101,1.03,1.0404,50,1.14,1.1515,65,0
IWM191115P159,2019-11-12,2019-11-12 09:32:08,1.15,1.1616,41,1.13,1.1414,88,1.03,1.0404,50,1.14,1.1515,65,0
IWM191115P159,2019-11-12,2019-11-12 09:32:09,1.15,1.1616,84,1.13,1.1414,75,1.03,1.0404,50,1.14,1.1515,65,0
IWM191115P159,2019-11-12,2019-11-12 09:32:09,1.15,1.1616,149,1.13,1.1414,20,1.03,1.0404,50,1.14,1.1515,65,0
IWM191115P159,2019-11-12,2019-11-12 09:32:10,1.15,1.1616,99,1.13,1.1414,103,1.03,1.0404,50,1.14,1.1515,65,0
IWM191115P159,2019-11-12,2019-11-12 09:32:10,1.15,1.1616,99,1.14,1.1515,75,1.03,1.0404,50,1.145,1.1565,65,0
IWM191115P159,2019-11-12,2019-11-12 09:32:11,1.16,1.1717,6,1.14,1.1515,82,1.03,1.0404,50,1.15,1.1616,65,0
IWM191115P159,2019-11-12,2019-11-12 09:32:11,1.16,1.1717,58,1.14,1.1515,82,1.03,1.0404,50,1.15,1.1616,65,0
IWM191115P159,2019-11-12,2019-11-12 09:32:12,1.16,1.1717,6,1.14,1.1515,106,1.03,1.0404,50,1.15,1.1616,65,0
IWM191115P159,2019-11-12,2019-11-12 09:32:12,1.16,1.1717,6,1.14,1.1515,101,1.03,1.0404,50,1.15,1.1616,65,0
IWM191115P159,2019-11-12,2019-11-12 09:32:13,1.16,1.1717,18,1.14,1.1515,101,1.03,1.0404,50,1.15,1.1616,65,0
IWM191115P159,2019-11-12,2019-11-12 09:32:14,1.16,1.1717,27,1.14,1.1515,101,1.03,1.0404,50,1.15,1.1616,65,0
IWM191115P159,2019-11-12,2019-11-12 09:32:14,1.16,1.1717,6,1.14,1.1515,109,1.03,1.0404,50,1.15,1.1616,65,0
IWM191115P159,2019-11-12,2019-11-12 09:32:15,1.16,1.1717,6,1.15,1.1616,75,1.03,1.0404,50,1.155,1.1666,65,0
IWM191115P159,2019-11-12,2019-11-12 09:32:15,1.17,1.1818,11,1.16,1.1717,75,1.03,1.0404,50,1.165,1.1767,65,0
IWM191115P159,2019-11-12,2019-11-12 09:32:16,1.17,1.1818,26,1.15,1.1616,124,1.03,1.0404,50,1.16,1.1717,65,0
IWM191115P159,2019-11-12,2019-11-12 09:32:16,1.17,1.1818,11,1.15,1.1616,114,1.03,1.0404,50,1.16,1.1717,65,0
IWM191115P159,2019-11-12,2019-11-12 09:32:17,1.17,1.1818,11,1.15,1.1616,114,1.03,1.0404,50,1.16,1.1717,65,0
IWM191115P159,2019-11-12,2019-11-12 09:32:17,1.17,1.1818,22,1.15,1.1616,96,1.03,1.0404,50,1.16,1.1717,65,0
IWM191115P159,2019-11-12,2019-11-12 09:32:18,1.17,1.1818,12,1.15,1.1616,100,1.03,1.0404,50,1.16,1.1717,65,0
IWM191115P159,2019-11-12,2019-11-12 09:32:18,1.18,1.1919,76,1.15,1.1616,124,1.03,1.0404,50,1.165,1.1767,65,0
IWM191115P159,2019-11-12,2019-11-12 09:32:19,1.18,1.1919,72,1.16,1.1717,158,1.03,1.0404,50,1.17,1.1818,65,0
IWM191115P159,2019-11-12,2019-11-12 09:32:19,1.18,1.1919,63,1.16,1.1717,158,1.03,1.0404,50,1.17,1.1818,65,0
IWM191115P159,2019-11-12,2019-11-12 09:32:20,1.18,1.1919,72,1.16,1.1717,158,1.03,1.0404,50,1.17,1.1818,65,0
IWM191115P159,2019-11-12,2019-11-12 09:32:21,1.18,1.1919,47,1.16,1.1717,113,1.03,1.0404,50,1.17,1.1818,65,0
IWM191115P159,2019-11-12,2019-11-12 09:32:21,1.18,1.1919,38,1.16,1.1717,95,1.03,1.0404,50,1.17,1.1818,65,0
IWM191115P159,2019-11-12,2019-11-12 09:32:22,1.18,1.1919,47,1.16,1.1717,95,1.03,1.0404,50,1.17,1.1818,65,0
IWM191115P159,2019-11-12,2019-11-12 09:32:22,1.16,1.1717,78,1.13,1.1414,189,1.03,1.0404,50,1.145,1.1565,65,0
IWM191115P159,2019-11-12,2019-11-12 09:32:23,1.18,1.1919,153,1.15,1.1616,77,1.03,1.0404,50,1.165,1.1767,65,0
IWM191115P159,2019-11-12,2019-11-12 09:32:23,1.18,1.1919,103,1.15,1.1616,106,1.03,1.0404,50,1.165,1.1767,65,0
IWM191115P159,2019-11-12,2019-11-12 09:32:24,1.18,1.1919,103,1.14,1.1515,87,1.03,1.0404,50,1.16,1.1717,65,0
IWM191115P159,2019-11-12,2019-11-12 09:32:24,1.18,1.1919,146,1.14,1.1515,97,1.03,1.0404,50,1.16,1.1717,65,0
IWM191115P159,2019-11-12,2019-11-12 09:32:25,1.18,1.1919,78,1.16,1.1717,81,1.03,1.0404,50,1.17,1.1818,65,0
IWM191115P159,2019-11-12,2019-11-12 09:32:25,1.18,1.1919,147,1.15,1.1616,79,1.03,1.0404,50,1.165,1.1767,65,0
IWM191115P159,2019-11-12,2019-11-12 09:32:26,1.18,1.1919,85,1.16,1.1717,122,1.03,1.0404,50,1.17,1.1818,65,0
IWM191115P159,2019-11-12,2019-11-12 09:32:26,1.18,1.1919,85,1.16,1.1717,124,1.03,1.0404,50,1.17,1.1818,65,0
IWM191115P159,2019-11-12,2019-11-12 09:32:27,1.17,1.1818,29,1.15,1.1616,12,1.16,1.1717,21,1.16,1.1717,130,0
IWM191115P159,2019-11-12,2019-11-12 09:32:27,1.18,1.1919,85,1.16,1.1717,14,1.16,1.1717,21,1.17,1.1818,130,65
IWM191115P159,2019-11-12,2019-11-12 09:32:28,1.16,1.1717,42,1.14,1.1515,105,1.16,1.1717,21,1.15,1.1616,130,0
IWM191115P159,2019-11-12,2019-11-12 09:32:29,1.16,1.1717,26,1.14,1.1515,105,1.16,1.1717,21,1.15,1.1616,130,0
IWM191115P159,2019-11-12,2019-11-12 09:32:30,1.17,1.1818,78,1.15,1.1616,167,1.16,1.1717,21,1.16,1.1717,130,0
IWM191115P159,2019-11-12,2019-11-12 09:32:30,1.16,1.1717,26,1.14,1.1515,105,1.16,1.1717,21,1.15,1.1616,130,0
IWM191115P159,2019-11-12,2019-11-12 09:32:31,1.17,1.1818,87,1.15,1.1616,94,1.16,1.1717,21,1.16,1.1717,130,0
IWM191115P159,2019-11-12,2019-11-12 09:32:31,1.17,1.1818,94,1.15,1.1616,99,1.16,1.1717,21,1.16,1.1717,130,0
IWM191115P159,2019-11-12,2019-11-12 09:32:32,1.17,1.1818,83,1.15,1.1616,135,1.16,1.1717,21,1.16,1.1717,130,0
IWM191115P159,2019-11-12,2019-11-12 09:32:32,1.17,1.1818,83,1.15,1.1616,102,1.16,1.1717,21,1.16,1.1717,130,0
IWM191115P159,2019-11-12,2019-11-12 09:32:33,1.17,1.1818,110,1.15,1.1616,102,1.16,1.1717,21,1.16,1.1717,130,0
IWM191115P159,2019-11-12,2019-11-12 09:32:34,1.17,1.1818,79,1.15,1.1616,54,1.16,1.1717,21,1.16,1.1717,130,0
IWM191115P159,2019-11-12,2019-11-12 09:32:34,1.17,1.1818,110,1.15,1.1616,102,1.16,1.1717,21,1.16,1.1717,130,0
IWM191115P159,2019-11-12,2019-11-12 09:32:35,1.17,1.1818,17,1.15,1.1616,137,1.16,1.1717,21,1.16,1.1717,130,0
IWM191115P159,2019-11-12,2019-11-12 09:32:36,1.16,1.1717,12,1.15,1.1616,91,1.16,1.1717,21,1.155,1.1666,130,0
IWM191115P159,2019-11-12,2019-11-12 09:32:36,1.17,1.1818,17,1.15,1.1616,137,1.16,1.1717,21,1.16,1.1717,130,0
IWM191115P159,2019-11-12,2019-11-12 09:32:37,1.16,1.1717,12,1.14,1.1515,126,1.16,1.1717,21,1.15,1.1616,130,0
IWM191115P159,2019-11-12,2019-11-12 09:32:37,1.15,1.1616,10,1.14,1.1515,81,1.16,1.1717,21,1.145,1.1565,130,0
IWM191115P159,2019-11-12,2019-11-12 09:32:38,1.16,1.1717,186,1.13,1.1414,120,1.16,1.1717,21,1.145,1.1565,130,0
IWM191115P159,2019-11-12,2019-11-12 09:32:38,1.16,1.1717,107,1.13,1.1414,120,1.16,1.1717,21,1.145,1.1565,130,0
IWM191115P159,2019-11-12,2019-11-12 09:32:39,1.16,1.1717,204,1.13,1.1414,120,1.16,1.1717,21,1.145,1.1565,130,0
IWM191115P159,2019-11-12,2019-11-12 09:32:39,1.16,1.1717,279,1.13,1.1414,120,1.16,1.1717,21,1.145,1.1565,130,0
IWM191115P159,2019-11-12,2019-11-12 09:32:40,1.16,1.1717,279,1.13,1.1414,120,1.16,1.1717,21,1.145,1.1565,130,0
IWM191115P159,2019-11-12,2019-11-12 09:32:41,1.16,1.1717,231,1.13,1.1414,28,1.16,1.1717,21,1.145,1.1565,130,0
IWM191115P159,2019-11-12,2019-11-12 09:32:41,1.16,1.1717,260,1.13,1.1414,16,1.16,1.1717,21,1.145,1.1565,130,0
IWM191115P159,2019-11-12,2019-11-12 09:32:42,1.16,1.1717,248,1.11,1.1212,106,1.16,1.1717,21,1.135,1.1464,130,0
IWM191115P159,2019-11-12,2019-11-12 09:32:43,1.12,1.1313,7,1.11,1.1212,7,1.16,1.1717,21,1.115,1.1262,130,0
IWM191115P159,2019-11-12,2019-11-12 09:32:43,1.13,1.1414,50,1.11,1.1212,91,1.16,1.1717,21,1.12,1.1313,130,0
IWM191115P159,2019-11-12,2019-11-12 09:32:44,1.13,1.1414,63,1.1,1.1111,176,1.16,1.1717,21,1.115,1.1262,130,0
IWM191115P159,2019-11-12,2019-11-12 09:32:44,1.13,1.1414,47,1.1,1.1111,176,1.16,1.1717,21,1.115,1.1262,130,0
IWM191115P159,2019-11-12,2019-11-12 09:32:45,1.13,1.1414,47,1.11,1.1212,91,1.16,1.1717,21,1.12,1.1313,130,0
IWM191115P159,2019-11-12,2019-11-12 09:32:45,1.14,1.1515,91,1.12,1.1313,6,1.16,1.1717,21,1.13,1.1414,130,0
IWM191115P159,2019-11-12,2019-11-12 09:32:46,1.14,1.1515,68,1.13,1.1414,49,1.12,1.1313,3,1.135,1.1464,140,10
IWM191115P159,2019-11-12,2019-11-12 09:32:46,1.14,1.1515,65,1.12,1.1313,146,1.16,1.1717,21,1.13,1.1414,130,0
IWM191115P159,2019-11-12,2019-11-12 09:32:47,1.15,1.1616,55,1.13,1.1414,49,1.12,1.1313,3,1.14,1.1515,140,0
IWM191115P159,2019-11-12,2019-11-12 09:32:47,1.15,1.1616,55,1.13,1.1414,87,1.12,1.1313,3,1.14,1.1515,140,0
IWM191115P159,2019-11-12,2019-11-12 09:32:48,1.14,1.1515,26,1.12,1.1313,113,1.12,1.1313,3,1.13,1.1414,140,0
IWM191115P159,2019-11-12,2019-11-12 09:32:48,1.15,1.1616,55,1.12,1.1313,105,1.12,1.1313,3,1.135,1.1464,140,0
IWM191115P159,2019-11-12,2019-11-12 09:32:49,1.14,1.1515,78,1.12,1.1313,113,1.12,1.1313,3,1.13,1.1414,140,0
IWM191115P159,2019-11-12,2019-11-12 09:32:50,1.14,1.1515,43,1.11,1.1212,113,1.12,1.1313,3,1.125,1.1363,140,0
IWM191115P159,2019-11-12,2019-11-12 09:32:50,1.14,1.1515,42,1.12,1.1313,75,1.12,1.1313,3,1.13,1.1414,140,0
IWM191115P159,2019-11-12,2019-11-12 09:32:51,1.14,1.1515,42,1.12,1.1313,146,1.12,1.1313,3,1.13,1.1414,140,0
IWM191115P159,2019-11-12,2019-11-12 09:32:51,1.14,1.1515,28,1.12,1.1313,146,1.12,1.1313,3,1.13,1.1414,140,0
IWM191115P159,2019-11-12,2019-11-12 09:32:52,1.14,1.1515,8,1.12,1.1313,146,1.12,1.1313,3,1.13,1.1414,140,0
IWM191115P159,2019-11-12,2019-11-12 09:32:52,1.14,1.1515,42,1.12,1.1313,146,1.12,1.1313,3,1.13,1.1414,140,0
IWM191115P159,2019-11-12,2019-11-12 09:32:53,1.15,1.1616,104,1.12,1.1313,168,1.12,1.1313,3,1.135,1.1464,140,0
IWM191115P159,2019-11-12,2019-11-12 09:32:53,1.15,1.1616,163,1.12,1.1313,136,1.12,1.1313,3,1.135,1.1464,140,0
IWM191115P159,2019-11-12,2019-11-12 09:32:54,1.15,1.1616,163,1.12,1.1313,136,1.12,1.1313,3,1.135,1.1464,140,0
IWM191115P159,2019-11-12,2019-11-12 09:32:55,1.15,1.1616,163,1.12,1.1313,154,1.12,1.1313,3,1.135,1.1464,140,0
IWM191115P159,2019-11-12,2019-11-12 09:32:55,1.15,1.1616,163,1.12,1.1313,191,1.12,1.1313,3,1.135,1.1464,140,0
IWM191115P159,2019-11-12,2019-11-12 09:32:56,1.15,1.1616,163,1.12,1.1313,175,1.12,1.1313,3,1.135,1.1464,140,0
IWM191115P159,2019-11-12,2019-11-12 09:32:56,1.15,1.1616,128,1.12,1.1313,203,1.12,1.1313,3,1.135,1.1464,140,0
IWM191115P159,2019-11-12,2019-11-12 09:32:57,1.15,1.1616,128,1.13,1.1414,87,1.12,1.1313,3,1.14,1.1515,140,0
IWM191115P159,2019-11-12,2019-11-12 09:32:58,1.15,1.1616,128,1.12,1.1313,99,1.12,1.1313,3,1.135,1.1464,140,0
IWM191115P159,2019-11-12,2019-11-12 09:32:58,1.15,1.1616,182,1.12,1.1313,21,1.12,1.1313,3,1.135,1.1464,140,0
IWM191115P159,2019-11-12,2019-11-12 09:32:59,1.14,1.1515,10,1.12,1.1313,125,1.12,1.1313,3,1.13,1.1414,140,0
IWM191115P159,2019-11-12,2019-11-12 09:32:59,1.15,1.1616,78,1.13,1.1414,93,1.12,1.1313,3,1.14,1.1515,140,0
IWM191115P159,2019-11-12,2019-11-12 09:33:00,1.15,1.1616,78,1.13,1.1414,84,1.12,1.1313,3,1.14,1.1515,140,0
IWM191115P159,2019-11-12,2019-11-12 09:33:00,1.15,1.1616,78,1.13,1.1414,93,1.12,1.1313,3,1.14,1.1515,140,0
IWM191115P159,2019-11-12,2019-11-12 09:33:01,1.16,1.1717,80,1.14,1.1515,84,1.12,1.1313,3,1.15,1.1616,140,0
IWM191115P159,2019-11-12,2019-11-12 09:33:01,1.16,1.1717,78,1.14,1.1515,165,1.12,1.1313,3,1.15,1.1616,140,0
IWM191115P159,2019-11-12,2019-11-12 09:33:02,1.17,1.1818,93,1.15,1.1616,22,1.12,1.1313,3,1.16,1.1717,140,0
IWM191115P159,2019-11-12,2019-11-12 09:33:03,1.16,1.1717,17,1.14,1.1515,91,1.12,1.1313,3,1.15,1.1616,140,0
IWM191115P159,2019-11-12,2019-11-12 09:33:03,1.17,1.1818,236,1.14,1.1515,120,1.12,1.1313,3,1.155,1.1666,140,0
IWM191115P159,2019-11-12,2019-11-12 09:33:04,1.16,1.1717,21,1.14,1.1515,101,1.12,1.1313,3,1.15,1.1616,140,0
IWM191115P159,2019-11-12,2019-11-12 09:33:04,1.16,1.1717,21,1.14,1.1515,119,1.12,1.1313,3,1.15,1.1616,140,0
IWM191115P159,2019-11-12,2019-11-12 09:33:05,1.16,1.1717,30,1.14,1.1515,119,1.12,1.1313,3,1.15,1.1616,140,0
IWM191115P159,2019-11-12,2019-11-12 09:33:05,1.16,1.1717,20,1.14,1.1515,119,1.12,1.1313,3,1.15,1.1616,140,0
IWM191115P159,2019-11-12,2019-11-12 09:33:06,1.16,1.1717,38,1.14,1.1515,95,1.12,1.1313,3,1.15,1.1616,140,0
IWM191115P159,2019-11-12,2019-11-12 09:33:07,1.16,1.1717,38,1.14,1.1515,95,1.12,1.1313,3,1.15,1.1616,140,0
IWM191115P159,2019-11-12,2019-11-12 09:33:08,1.17,1.1818,108,1.15,1.1616,84,1.12,1.1313,3,1.16,1.1717,140,0
IWM191115P159,2019-11-12,2019-11-12 09:33:08,1.16,1.1717,38,1.14,1.1515,95,1.12,1.1313,3,1.15,1.1616,140,0
IWM191115P159,2019-11-12,2019-11-12 09:33:09,1.17,1.1818,108,1.14,1.1515,113,1.12,1.1313,3,1.155,1.1666,140,0
IWM191115P159,2019-11-12,2019-11-12 09:33:09,1.16,1.1717,2,1.14,1.1515,136,1.12,1.1313,3,1.15,1.1616,140,0
IWM191115P159,2019-11-12,2019-11-12 09:33:10,1.16,1.1717,2,1.14,1.1515,136,1.12,1.1313,3,1.15,1.1616,140,0
IWM191115P159,2019-11-12,2019-11-12 09:33:10,1.17,1.1818,78,1.15,1.1616,90,1.12,1.1313,3,1.16,1.1717,140,0
IWM191115P159,2019-11-12,2019-11-12 09:33:11,1.17,1.1818,31,1.15,1.1616,113,1.12,1.1313,3,1.16,1.1717,140,0
IWM191115P159,2019-11-12,2019-11-12 09:33:11,1.17,1.1818,87,1.15,1.1616,2,1.12,1.1313,3,1.16,1.1717,140,0
IWM191115P159,2019-11-12,2019-11-12 09:33:12,1.17,1.1818,31,1.15,1.1616,113,1.12,1.1313,3,1.16,1.1717,140,0
IWM191115P159,2019-11-12,2019-11-12 09:33:12,1.17,1.1818,47,1.15,1.1616,107,1.12,1.1313,3,1.16,1.1717,140,0
IWM191115P159,2019-11-12,2019-11-12 09:33:13,1.17,1.1818,35,1.15,1.1616,65,1.12,1.1313,3,1.16,1.1717,140,0
IWM191115P159,2019-11-12,2019-11-12 09:33:13,1.17,1.1818,47,1.15,1.1616,99,1.12,1.1313,3,1.16,1.1717,140,0
IWM191115P159,2019-11-12,2019-11-12 09:33:14,1.17,1.1818,101,1.15,1.1616,83,1.12,1.1313,3,1.16,1.1717,140,0
IWM191115P159,2019-11-12,2019-11-12 09:33:15,1.17,1.1818,111,1.14,1.1515,136,1.12,1.1313,3,1.155,1.1666,140,0
IWM191115P159,2019-11-12,2019-11-12 09:33:15,1.17,1.1818,111,1.15,1.1616,84,1.12,1.1313,3,1.16,1.1717,140,0
IWM191115P159,2019-11-12,2019-11-12 09:33:16,1.17,1.1818,91,1.15,1.1616,159,1.12,1.1313,3,1.16,1.1717,140,0
IWM191115P159,2019-11-12,2019-11-12 09:33:17,1.17,1.1818,121,1.15,1.1616,159,1.12,1.1313,3,1.16,1.1717,140,0
IWM191115P159,2019-11-12,2019-11-12 09:33:18,1.17,1.1818,145,1.14,1.1515,160,1.12,1.1313,3,1.155,1.1666,140,0
IWM191115P159,2019-11-12,2019-11-12 09:33:19,1.17,1.1818,214,1.14,1.1515,117,1.12,1.1313,3,1.155,1.1666,140,0
IWM191115P159,2019-11-12,2019-11-12 09:33:20,1.17,1.1818,78,1.15,1.1616,12,1.12,1.1313,3,1.16,1.1717,140,0
IWM191115P159,2019-11-12,2019-11-12 09:33:21,1.17,1.1818,101,1.15,1.1616,98,1.12,1.1313,3,1.16,1.1717,140,0
IWM191115P159,2019-11-12,2019-11-12 09:33:22,1.16,1.1717,17,1.15,1.1616,91,1.12,1.1313,3,1.155,1.1666,140,0
IWM191115P159,2019-11-12,2019-11-12 09:33:22,1.17,1.1818,101,1.15,1.1616,98,1.12,1.1313,3,1.16,1.1717,140,0
IWM191115P159,2019-11-12,2019-11-12 09:33:23,1.17,1.1818,14,1.15,1.1616,91,1.12,1.1313,3,1.16,1.1717,140,0
IWM191115P159,2019-11-12,2019-11-12 09:33:23,1.16,1.1717,26,1.15,1.1616,91,1.12,1.1313,3,1.155,1.1666,140,0
IWM191115P159,2019-11-12,2019-11-12 09:33:24,1.17,1.1818,10,1.15,1.1616,88,1.12,1.1313,3,1.16,1.1717,140,0
IWM191115P159,2019-11-12,2019-11-12 09:33:24,1.17,1.1818,10,1.15,1.1616,99,1.12,1.1313,3,1.16,1.1717,140,0
IWM191115P159,2019-11-12,2019-11-12 09:33:25,1.17,1.1818,9,1.15,1.1616,163,1.12,1.1313,3,1.16,1.1717,140,0
IWM191115P159,2019-11-12,2019-11-12 09:33:26,1.17,1.1818,14,1.15,1.1616,163,1.12,1.1313,3,1.16,1.1717,140,0
IWM191115P159,2019-11-12,2019-11-12 09:33:26,1.17,1.1818,14,1.15,1.1616,88,1.12,1.1313,3,1.16,1.1717,140,0
IWM191115P159,2019-11-12,2019-11-12 09:33:27,1.17,1.1818,9,1.15,1.1616,133,1.12,1.1313,3,1.16,1.1717,140,0
IWM191115P159,2019-11-12,2019-11-12 09:33:28,1.17,1.1818,38,1.15,1.1616,75,1.12,1.1313,3,1.16,1.1717,140,0
IWM191115P159,2019-11-12,2019-11-12 09:33:28,1.17,1.1818,14,1.15,1.1616,133,1.12,1.1313,3,1.16,1.1717,140,0
IWM191115P159,2019-11-12,2019-11-12 09:33:29,1.17,1.1818,58,1.15,1.1616,75,1.12,1.1313,3,1.16,1.1717,140,0
IWM191115P159,2019-11-12,2019-11-12 09:33:29,1.17,1.1818,39,1.15,1.1616,75,1.12,1.1313,3,1.16,1.1717,140,0
IWM191115P159,2019-11-12,2019-11-12 09:33:30,1.17,1.1818,43,1.15,1.1616,42,1.12,1.1313,3,1.16,1.1717,140,0
IWM191115P159,2019-11-12,2019-11-12 09:33:30,1.17,1.1818,48,1.15,1.1616,75,1.12,1.1313,3,1.16,1.1717,140,0
IWM191115P159,2019-11-12,2019-11-12 09:33:31,1.17,1.1818,58,1.15,1.1616,42,1.12,1.1313,3,1.16,1.1717,140,0
IWM191115P159,2019-11-12,2019-11-12 09:33:31,1.16,1.1717,1,1.15,1.1616,42,1.12,1.1313,3,1.155,1.1666,140,0
IWM191115P159,2019-11-12,2019-11-12 09:33:32,1.17,1.1818,73,1.15,1.1616,42,1.12,1.1313,3,1.16,1.1717,140,0
IWM191115P159,2019-11-12,2019-11-12 09:33:32,1.17,1.1818,80,1.15,1.1616,48,1.12,1.1313,3,1.16,1.1717,140,0
IWM191115P159,2019-11-12,2019-11-12 09:33:33,1.17,1.1818,80,1.15,1.1616,123,1.12,1.1313,3,1.16,1.1717,140,0
IWM191115P159,2019-11-12,2019-11-12 09:33:33,1.17,1.1818,90,1.15,1.1616,42,1.12,1.1313,3,1.16,1.1717,140,0
IWM191115P159,2019-11-12,2019-11-12 09:33:34,1.17,1.1818,53,1.15,1.1616,42,1.12,1.1313,3,1.16,1.1717,140,0
IWM191115P159,2019-11-12,2019-11-12 09:33:34,1.17,1.1818,15,1.15,1.1616,131,1.12,1.1313,3,1.16,1.1717,140,0
IWM191115P159,2019-11-12,2019-11-12 09:33:35,1.17,1.1818,52,1.15,1.1616,83,1.12,1.1313,3,1.16,1.1717,140,0
IWM191115P159,2019-11-12,2019-11-12 09:33:35,1.17,1.1818,15,1.15,1.1616,42,1.12,1.1313,3,1.16,1.1717,140,0
IWM191115P159,2019-11-12,2019-11-12 09:33:36,1.17,1.1818,31,1.15,1.1616,83,1.12,1.1313,3,1.16,1.1717,140,0
IWM191115P159,2019-11-12,2019-11-12 09:33:36,1.17,1.1818,15,1.15,1.1616,42,1.12,1.1313,3,1.16,1.1717,140,0
IWM191115P159,2019-11-12,2019-11-12 09:33:37,1.17,1.1818,64,1.15,1.1616,42,1.12,1.1313,3,1.16,1.1717,140,0
IWM191115P159,2019-11-12,2019-11-12 09:33:37,1.17,1.1818,161,1.15,1.1616,42,1.12,1.1313,3,1.16,1.1717,140,0
IWM191115P159,2019-11-12,2019-11-12 09:33:38,1.15,1.1616,12,1.13,1.1414,13,1.15,1.1616,15,1.14,1.1515,350,210
IWM191115P159,2019-11-12,2019-11-12 09:33:38,1.15,1.1616,78,1.13,1.1414,16,1.15,1.1616,15,1.14,1.1515,350,0
IWM191115P159,2019-11-12,2019-11-12 09:33:39,1.15,1.1616,137,1.13,1.1414,88,1.15,1.1616,15,1.14,1.1515,350,0
IWM191115P159,2019-11-12,2019-11-12 09:33:40,1.15,1.1616,137,1.13,1.1414,16,1.15,1.1616,15,1.14,1.1515,350,0
IWM191115P159,2019-11-12,2019-11-12 09:33:41,1.14,1.1515,10,1.12,1.1313,103,1.15,1.1616,15,1.13,1.1414,350,0
IWM191115P159,2019-11-12,2019-11-12 09:33:41,1.15,1.1616,158,1.13,1.1414,16,1.15,1.1616,15,1.14,1.1515,350,0
IWM191115P159,2019-11-12,2019-11-12 09:33:42,1.15,1.1616,100,1.12,1.1313,118,1.15,1.1616,15,1.135,1.1464,350,0
IWM191115P159,2019-11-12,2019-11-12 09:33:42,1.15,1.1616,100,1.12,1.1313,104,1.15,1.1616,15,1.135,1.1464,350,0
IWM191115P159,2019-11-12,2019-11-12 09:33:43,1.15,1.1616,288,1.11,1.1212,89,1.15,1.1616,15,1.13,1.1414,350,0
IWM191115P159,2019-11-12,2019-11-12 09:33:43,1.15,1.1616,370,1.11,1.1212,83,1.15,1.1616,15,1.13,1.1414,350,0
IWM191115P159,2019-11-12,2019-11-12 09:33:44,1.13,1.1414,22,1.11,1.1212,87,1.15,1.1616,15,1.12,1.1313,350,0
IWM191115P159,2019-11-12,2019-11-12 09:33:44,1.13,1.1414,109,1.11,1.1212,10,1.15,1.1616,15,1.12,1.1313,350,0
IWM191115P159,2019-11-12,2019-11-12 09:33:45,1.13,1.1414,73,1.11,1.1212,23,1.15,1.1616,15,1.12,1.1313,350,0
IWM191115P159,2019-11-12,2019-11-12 09:33:45,1.13,1.1414,73,1.11,1.1212,11,1.15,1.1616,15,1.12,1.1313,350,0
IWM191115P159,2019-11-12,2019-11-12 09:33:46,1.12,1.1313,13,1.11,1.1212,12,1.15,1.1616,15,1.115,1.1262,350,0
IWM191115P159,2019-11-12,2019-11-12 09:33:46,1.13,1.1414,73,1.11,1.1212,12,1.15,1.1616,15,1.12,1.1313,350,0
IWM191115P159,2019-11-12,2019-11-12 09:33:47,1.12,1.1313,13,1.11,1.1212,12,1.15,1.1616,15,1.115,1.1262,350,0
IWM191115P159,2019-11-12,2019-11-12 09:33:47,1.12,1.1313,13,1.1,1.1111,105,1.15,1.1616,15,1.11,1.1212,350,0
IWM191115P159,2019-11-12,2019-11-12 09:33:48,1.13,1.1414,34,1.11,1.1212,141,1.15,1.1616,15,1.12,1.1313,350,0
IWM191115P159,2019-11-12,2019-11-12 09:33:48,1.14,1.1515,33,1.11,1.1212,129,1.15,1.1616,15,1.125,1.1363,350,0
IWM191115P159,2019-11-12,2019-11-12 09:33:49,1.14,1.1515,33,1.12,1.1313,177,1.15,1.1616,15,1.13,1.1414,350,0
IWM191115P159,2019-11-12,2019-11-12 09:33:49,1.14,1.1515,33,1.12,1.1313,159,1.15,1.1616,15,1.13,1.1414,350,0
IWM191115P159,2019-11-12,2019-11-12 09:33:50,1.13,1.1414,13,1.12,1.1313,83,1.15,1.1616,15,1.125,1.1363,350,0
IWM191115P159,2019-11-12,2019-11-12 09:33:50,1.13,1.1414,23,1.11,1.1212,153,1.15,1.1616,15,1.12,1.1313,350,0
IWM191115P159,2019-11-12,2019-11-12 09:33:51,1.13,1.1414,13,1.11,1.1212,111,1.15,1.1616,15,1.12,1.1313,350,0
IWM191115P159,2019-11-12,2019-11-12 09:33:52,1.14,1.1515,61,1.12,1.1313,72,1.15,1.1616,15,1.13,1.1414,350,0
IWM191115P159,2019-11-12,2019-11-12 09:33:52,1.14,1.1515,70,1.12,1.1313,72,1.15,1.1616,15,1.13,1.1414,350,0
IWM191115P159,2019-11-12,2019-11-12 09:33:53,1.14,1.1515,64,1.11,1.1212,106,1.15,1.1616,15,1.125,1.1363,350,0
IWM191115P159,2019-11-12,2019-11-12 09:33:53,1.14,1.1515,70,1.12,1.1313,66,1.15,1.1616,15,1.13,1.1414,350,0
IWM191115P159,2019-11-12,2019-11-12 09:33:54,1.14,1.1515,76,1.11,1.1212,106,1.15,1.1616,15,1.125,1.1363,350,0
IWM191115P159,2019-11-12,2019-11-12 09:33:54,1.14,1.1515,118,1.11,1.1212,106,1.15,1.1616,15,1.125,1.1363,350,0
IWM191115P159,2019-11-12,2019-11-12 09:33:55,1.14,1.1515,118,1.11,1.1212,106,1.15,1.1616,15,1.125,1.1363,350,0
IWM191115P159,2019-11-12,2019-11-12 09:33:55,1.14,1.1515,397,1.11,1.1212,106,1.15,1.1616,15,1.125,1.1363,350,0
IWM191115P159,2019-11-12,2019-11-12 09:33:56,1.14,1.1515,332,1.1,1.1111,91,1.15,1.1616,15,1.12,1.1313,350,0
IWM191115P159,2019-11-12,2019-11-12 09:33:56,1.14,1.1515,447,1.11,1.1212,106,1.15,1.1616,15,1.125,1.1363,350,0
IWM191115P159,2019-11-12,2019-11-12 09:33:57,1.14,1.1515,332,1.1,1.1111,91,1.15,1.1616,15,1.12,1.1313,350,0
IWM191115P159,2019-11-12,2019-11-12 09:33:57,1.14,1.1515,498,1.1,1.1111,91,1.15,1.1616,15,1.12,1.1313,350,0
IWM191115P159,2019-11-12,2019-11-12 09:33:58,1.14,1.1515,498,1.1,1.1111,91,1.15,1.1616,15,1.12,1.1313,350,0
IWM191115P159,2019-11-12,2019-11-12 09:33:59,1.13,1.1414,105,1.11,1.1212,6,1.15,1.1616,15,1.12,1.1313,350,0
IWM191115P159,2019-11-12,2019-11-12 09:33:59,1.13,1.1414,112,1.11,1.1212,91,1.15,1.1616,15,1.12,1.1313,350,0
IWM191115P159,2019-11-12,2019-11-12 09:34:00,1.13,1.1414,71,1.11,1.1212,55,1.15,1.1616,15,1.12,1.1313,350,0
IWM191115P159,2019-11-12,2019-11-12 09:34:00,1.13,1.1414,64,1.11,1.1212,46,1.15,1.1616,15,1.12,1.1313,350,0
IWM191115P159,2019-11-12,2019-11-12 09:34:01,1.13,1.1414,100,1.11,1.1212,16,1.15,1.1616,15,1.12,1.1313,350,0
IWM191115P159,2019-11-12,2019-11-12 09:34:01,1.13,1.1414,100,1.11,1.1212,6,1.15,1.1616,15,1.12,1.1313,350,0
IWM191115P159,2019-11-12,2019-11-12 09:34:02,1.13,1.1414,100,1.11,1.1212,6,1.15,1.1616,15,1.12,1.1313,350,0
IWM191115P159,2019-11-12,2019-11-12 09:34:03,1.13,1.1414,89,1.11,1.1212,6,1.15,1.1616,15,1.12,1.1313,350,0
IWM191115P159,2019-11-12,2019-11-12 09:34:04,1.13,1.1414,105,1.11,1.1212,6,1.15,1.1616,15,1.12,1.1313,350,0
IWM191115P159,2019-11-12,2019-11-12 09:34:05,1.13,1.1414,105,1.11,1.1212,6,1.15,1.1616,15,1.12,1.1313,350,0
IWM191115P159,2019-11-12,2019-11-12 09:34:06,1.13,1.1414,67,1.11,1.1212,6,1.15,1.1616,15,1.12,1.1313,350,0
IWM191115P159,2019-11-12,2019-11-12 09:34:06,1.13,1.1414,117,1.11,1.1212,6,1.15,1.1616,15,1.12,1.1313,350,0
IWM191115P159,2019-11-12,2019-11-12 09:34:07,1.12,1.1313,147,1.09,1.101,16,1.15,1.1616,15,1.105,1.1161,350,0
IWM191115P159,2019-11-12,2019-11-12 09:34:07,1.13,1.1414,90,1.11,1.1212,6,1.15,1.1616,15,1.12,1.1313,350,0
IWM191115P159,2019-11-12,2019-11-12 09:34:08,1.12,1.1313,147,1.09,1.101,91,1.15,1.1616,15,1.105,1.1161,350,0
IWM191115P159,2019-11-12,2019-11-12 09:34:08,1.13,1.1414,103,1.1,1.1111,88,1.15,1.1616,15,1.115,1.1262,350,0
IWM191115P159,2019-11-12,2019-11-12 09:34:09,1.13,1.1414,89,1.1,1.1111,142,1.15,1.1616,15,1.115,1.1262,350,0
IWM191115P159,2019-11-12,2019-11-12 09:34:09,1.13,1.1414,63,1.1,1.1111,142,1.15,1.1616,15,1.115,1.1262,350,0
IWM191115P159,2019-11-12,2019-11-12 09:34:10,1.13,1.1414,122,1.11,1.1212,16,1.15,1.1616,15,1.12,1.1313,350,0
IWM191115P159,2019-11-12,2019-11-12 09:34:10,1.13,1.1414,122,1.1,1.1111,142,1.15,1.1616,15,1.115,1.1262,350,0
IWM191115P159,2019-11-12,2019-11-12 09:34:11,1.13,1.1414,90,1.11,1.1212,16,1.15,1.1616,15,1.12,1.1313,350,0
IWM191115P159,2019-11-12,2019-11-12 09:34:11,1.13,1.1414,116,1.09,1.101,87,1.15,1.1616,15,1.11,1.1212,350,0
IWM191115P159,2019-11-12,2019-11-12 09:34:12,1.1,1.1111,26,1.08,1.0909,126,1.15,1.1616,15,1.09,1.101,350,0
IWM191115P159,2019-11-12,2019-11-12 09:34:12,1.1,1.1111,53,1.09,1.101,16,1.15,1.1616,15,1.095,1.106,350,0
IWM191115P159,2019-11-12,2019-11-12 09:34:13,1.11,1.1212,122,1.08,1.0909,99,1.15,1.1616,15,1.095,1.106,350,0
IWM191115P159,2019-11-12,2019-11-12 09:34:13,1.11,1.1212,311,1.08,1.0909,24,1.15,1.1616,15,1.095,1.106,350,0
IWM191115P159,2019-11-12,2019-11-12 09:34:14,1.09,1.101,338,1.04,1.0505,120,1.15,1.1616,15,1.065,1.0757,350,0
IWM191115P159,2019-11-12,2019-11-12 09:34:14,1.1,1.1111,192,1.07,1.0808,75,1.15,1.1616,15,1.085,1.0959,350,0
IWM191115P159,2019-11-12,2019-11-12 09:34:15,1.09,1.101,371,1.05,1.0606,89,1.15,1.1616,15,1.07,1.0808,350,0
IWM191115P159,2019-11-12,2019-11-12 09:34:16,1.07,1.0808,78,1.05,1.0606,16,1.15,1.1616,15,1.06,1.0707,350,0
IWM191115P159,2019-11-12,2019-11-12 09:34:16,1.07,1.0808,26,1.05,1.0606,72,1.15,1.1616,15,1.06,1.0707,350,0
IWM191115P159,2019-11-12,2019-11-12 09:34:17,1.07,1.0808,18,1.05,1.0606,92,1.15,1.1616,15,1.06,1.0707,350,0
IWM191115P159,2019-11-12,2019-11-12 09:34:17,1.07,1.0808,26,1.06,1.0707,6,1.15,1.1616,15,1.065,1.0757,350,0
IWM191115P159,2019-11-12,2019-11-12 09:34:18,1.07,1.0808,13,1.05,1.0606,106,1.15,1.1616,15,1.06,1.0707,350,0
IWM191115P159,2019-11-12,2019-11-12 09:34:18,1.08,1.0909,33,1.05,1.0606,123,1.15,1.1616,15,1.065,1.0757,350,0
IWM191115P159,2019-11-12,2019-11-12 09:34:19,1.08,1.0909,8,1.06,1.0707,109,1.15,1.1616,15,1.07,1.0808,350,0
IWM191115P159,2019-11-12,2019-11-12 09:34:19,1.08,1.0909,21,1.06,1.0707,103,1.15,1.1616,15,1.07,1.0808,350,0
IWM191115P159,2019-11-12,2019-11-12 09:34:20,1.08,1.0909,44,1.06,1.0707,3,1.15,1.1616,15,1.07,1.0808,350,0
IWM191115P159,2019-11-12,2019-11-12 09:34:21,1.09,1.101,33,1.06,1.0707,93,1.15,1.1616,15,1.075,1.0858,350,0
IWM191115P159,2019-11-12,2019-11-12 09:34:22,1.09,1.101,142,1.06,1.0707,10,1.15,1.1616,15,1.075,1.0858,350,0
IWM191115P159,2019-11-12,2019-11-12 09:34:22,1.09,1.101,33,1.07,1.0808,10,1.15,1.1616,15,1.08,1.0909,350,0
IWM191115P159,2019-11-12,2019-11-12 09:34:23,1.09,1.101,188,1.06,1.0707,75,1.15,1.1616,15,1.075,1.0858,350,0
IWM191115P159,2019-11-12,2019-11-12 09:34:24,1.08,1.0909,87,1.06,1.0707,3,1.15,1.1616,15,1.07,1.0808,350,0
IWM191115P159,2019-11-12,2019-11-12 09:34:24,1.08,1.0909,87,1.06,1.0707,4,1.15,1.1616,15,1.07,1.0808,350,0
IWM191115P159,2019-11-12,2019-11-12 09:34:25,1.08,1.0909,7,1.06,1.0707,30,1.15,1.1616,15,1.07,1.0808,350,0
IWM191115P159,2019-11-12,2019-11-12 09:34:25,1.08,1.0909,17,1.06,1.0707,184,1.15,1.1616,15,1.07,1.0808,350,0
IWM191115P159,2019-11-12,2019-11-12 09:34:26,1.09,1.101,50,1.06,1.0707,184,1.15,1.1616,15,1.075,1.0858,350,0
IWM191115P159,2019-11-12,2019-11-12 09:34:26,1.09,1.101,63,1.06,1.0707,184,1.15,1.1616,15,1.075,1.0858,350,0
IWM191115P159,2019-11-12,2019-11-12 09:34:27,1.09,1.101,78,1.06,1.0707,184,1.15,1.1616,15,1.075,1.0858,350,0
IWM191115P159,2019-11-12,2019-11-12 09:34:27,1.08,1.0909,21,1.06,1.0707,146,1.15,1.1616,15,1.07,1.0808,350,0
IWM191115P159,2019-11-12,2019-11-12 09:34:28,1.08,1.0909,51,1.06,1.0707,146,1.15,1.1616,15,1.07,1.0808,350,0
IWM191115P159,2019-11-12,2019-11-12 09:34:29,1.09,1.101,28,1.07,1.0808,108,1.15,1.1616,15,1.08,1.0909,350,0
IWM191115P159,2019-11-12,2019-11-12 09:34:29,1.08,1.0909,88,1.06,1.0707,95,1.15,1.1616,15,1.07,1.0808,350,0
IWM191115P159,2019-11-12,2019-11-12 09:34:30,1.09,1.101,47,1.07,1.0808,33,1.15,1.1616,15,1.08,1.0909,350,0
IWM191115P159,2019-11-12,2019-11-12 09:34:31,1.09,1.101,47,1.07,1.0808,33,1.15,1.1616,15,1.08,1.0909,350,0
IWM191115P159,2019-11-12,2019-11-12 09:34:31,1.09,1.101,63,1.07,1.0808,33,1.15,1.1616,15,1.08,1.0909,350,0
IWM191115P159,2019-11-12,2019-11-12 09:34:32,1.09,1.101,49,1.07,1.0808,33,1.15,1.1616,15,1.08,1.0909,350,0
IWM191115P159,2019-11-12,2019-11-12 09:34:33,1.09,1.101,76,1.07,1.0808,21,1.15,1.1616,15,1.08,1.0909,350,0
IWM191115P159,2019-11-12,2019-11-12 09:34:34,1.09,1.101,78,1.07,1.0808,25,1.15,1.1616,15,1.08,1.0909,350,0
IWM191115P159,2019-11-12,2019-11-12 09:34:34,1.09,1.101,8,1.07,1.0808,119,1.15,1.1616,15,1.08,1.0909,350,0
IWM191115P159,2019-11-12,2019-11-12 09:34:35,1.09,1.101,49,1.07,1.0808,20,1.15,1.1616,15,1.08,1.0909,350,0
IWM191115P159,2019-11-12,2019-11-12 09:34:35,1.09,1.101,17,1.07,1.0808,127,1.15,1.1616,15,1.08,1.0909,350,0
IWM191115P159,2019-11-12,2019-11-12 09:34:36,1.07,1.0808,74,1.05,1.0606,78,1.15,1.1616,15,1.06,1.0707,350,0
IWM191115P159,2019-11-12,2019-11-12 09:34:36,1.09,1.101,168,1.05,1.0606,86,1.15,1.1616,15,1.07,1.0808,350,0
IWM191115P159,2019-11-12,2019-11-12 09:34:37,1.07,1.0808,88,1.05,1.0606,85,1.15,1.1616,15,1.06,1.0707,350,0
IWM191115P159,2019-11-12,2019-11-12 09:34:37,1.07,1.0808,87,1.05,1.0606,45,1.15,1.1616,15,1.06,1.0707,350,0
IWM191115P159,2019-11-12,2019-11-12 09:34:38,1.07,1.0808,93,1.06,1.0707,2,1.15,1.1616,15,1.065,1.0757,350,0
IWM191115P159,2019-11-12,2019-11-12 09:34:39,1.07,1.0808,29,1.05,1.0606,27,1.15,1.1616,15,1.06,1.0707,350,0
IWM191115P159,2019-11-12,2019-11-12 09:34:39,1.07,1.0808,35,1.05,1.0606,27,1.15,1.1616,15,1.06,1.0707,350,0
IWM191115P159,2019-11-12,2019-11-12 09:34:40,1.07,1.0808,17,1.05,1.0606,102,1.15,1.1616,15,1.06,1.0707,350,0
IWM191115P159,2019-11-12,2019-11-12 09:34:40,1.07,1.0808,35,1.05,1.0606,35,1.15,1.1616,15,1.06,1.0707,350,0
IWM191115P159,2019-11-12,2019-11-12 09:34:41,1.07,1.0808,42,1.05,1.0606,110,1.15,1.1616,15,1.06,1.0707,350,0
IWM191115P159,2019-11-12,2019-11-12 09:34:41,1.07,1.0808,51,1.05,1.0606,91,1.15,1.1616,15,1.06,1.0707,350,0
IWM191115P159,2019-11-12,2019-11-12 09:34:42,1.07,1.0808,56,1.05,1.0606,35,1.15,1.1616,15,1.06,1.0707,350,0
IWM191115P159,2019-11-12,2019-11-12 09:34:42,1.07,1.0808,56,1.05,1.0606,30,1.15,1.1616,15,1.06,1.0707,350,0
IWM191115P159,2019-11-12,2019-11-12 09:34:43,1.07,1.0808,40,1.04,1.0505,119,1.15,1.1616,15,1.055,1.0656,350,0
IWM191115P159,2019-11-12,2019-11-12 09:34:43,1.07,1.0808,46,1.04,1.0505,119,1.15,1.1616,15,1.055,1.0656,350,0
IWM191115P159,2019-11-12,2019-11-12 09:34:44,1.07,1.0808,71,1.05,1.0606,82,1.05,1.0606,5,1.06,1.0707,357,0
IWM191115P159,2019-11-12,2019-11-12 09:34:44,1.06,1.0707,12,1.05,1.0606,1,1.05,1.0606,5,1.055,1.0656,357,7
IWM191115P159,2019-11-12,2019-11-12 09:34:45,1.07,1.0808,80,1.05,1.0606,24,1.05,1.0606,5,1.06,1.0707,357,0
IWM191115P159,2019-11-12,2019-11-12 09:34:45,1.07,1.0808,80,1.04,1.0505,121,1.05,1.0606,5,1.055,1.0656,357,0
IWM191115P159,2019-11-12,2019-11-12 09:34:46,1.07,1.0808,80,1.05,1.0606,79,1.05,1.0606,5,1.06,1.0707,357,0
IWM191115P159,2019-11-12,2019-11-12 09:34:47,1.07,1.0808,80,1.04,1.0505,154,1.05,1.0606,5,1.055,1.0656,357,0
IWM191115P159,2019-11-12,2019-11-12 09:34:47,1.07,1.0808,80,1.05,1.0606,111,1.05,1.0606,5,1.06,1.0707,357,0
IWM191115P159,2019-11-12,2019-11-12 09:34:48,1.07,1.0808,80,1.05,1.0606,111,1.05,1.0606,5,1.06,1.0707,357,0
IWM191115P159,2019-11-12,2019-11-12 09:34:49,1.07,1.0808,58,1.05,1.0606,43,1.05,1.0606,5,1.06,1.0707,357,0
IWM191115P159,2019-11-12,2019-11-12 09:34:49,1.07,1.0808,42,1.05,1.0606,27,1.05,1.0606,5,1.06,1.0707,357,0
IWM191115P159,2019-11-12,2019-11-12 09:34:50,1.07,1.0808,58,1.05,1.0606,83,1.05,1.0606,5,1.06,1.0707,357,0
IWM191115P159,2019-11-12,2019-11-12 09:34:50,1.07,1.0808,178,1.04,1.0505,135,1.05,1.0606,5,1.055,1.0656,357,0
IWM191115P159,2019-11-12,2019-11-12 09:34:51,1.07,1.0808,344,1.03,1.0404,170,1.05,1.0606,5,1.05,1.0606,357,0
IWM191115P159,2019-11-12,2019-11-12 09:34:51,1.06,1.0707,124,1.03,1.0404,155,1.05,1.0606,5,1.045,1.0555,357,0
IWM191115P159,2019-11-12,2019-11-12 09:34:52,1.05,1.0606,85,1.03,1.0404,82,1.05,1.0606,5,1.04,1.0505,357,0
IWM191115P159,2019-11-12,2019-11-12 09:34:52,1.04,1.0505,5,1.03,1.0404,83,1.05,1.0606,5,1.035,1.0454,357,0
IWM191115P159,2019-11-12,2019-11-12 09:34:53,1.04,1.0505,5,1.03,1.0404,20,1.05,1.0606,5,1.035,1.0454,357,0
IWM191115P159,2019-11-12,2019-11-12 09:34:53,1.05,1.0606,10,1.03,1.0404,196,1.05,1.0606,5,1.04,1.0505,357,0
IWM191115P159,2019-11-12,2019-11-12 09:34:54,1.07,1.0808,75,1.04,1.0505,181,1.05,1.0606,5,1.055,1.0656,357,0
IWM191115P159,2019-11-12,2019-11-12 09:34:54,1.05,1.0606,10,1.03,1.0404,196,1.05,1.0606,5,1.04,1.0505,357,0
IWM191115P159,2019-11-12,2019-11-12 09:34:55,1.07,1.0808,36,1.04,1.0505,181,1.05,1.0606,5,1.055,1.0656,357,0
IWM191115P159,2019-11-12,2019-11-12 09:34:55,1.07,1.0808,36,1.05,1.0606,81,1.05,1.0606,5,1.06,1.0707,357,0
IWM191115P159,2019-11-12,2019-11-12 09:34:56,1.07,1.0808,36,1.05,1.0606,81,1.05,1.0606,5,1.06,1.0707,357,0
IWM191115P159,2019-11-12,2019-11-12 09:34:56,1.07,1.0808,28,1.05,1.0606,81,1.05,1.0606,5,1.06,1.0707,357,0
IWM191115P159,2019-11-12,2019-11-12 09:34:57,1.07,1.0808,22,1.05,1.0606,156,1.05,1.0606,5,1.06,1.0707,357,0
IWM191115P159,2019-11-12,2019-11-12 09:34:57,1.07,1.0808,22,1.05,1.0606,81,1.05,1.0606,5,1.06,1.0707,357,0
IWM191115P159,2019-11-12,2019-11-12 09:34:58,1.07,1.0808,33,1.05,1.0606,20,1.05,1.0606,5,1.06,1.0707,357,0
IWM191115P159,2019-11-12,2019-11-12 09:34:58,1.07,1.0808,22,1.05,1.0606,81,1.05,1.0606,5,1.06,1.0707,357,0
IWM191115P159,2019-11-12,2019-11-12 09:34:59,1.09,1.101,16,1.06,1.0707,120,1.05,1.0606,5,1.075,1.0858,357,0
IWM191115P159,2019-11-12,2019-11-12 09:34:59,1.07,1.0808,63,1.05,1.0606,90,1.05,1.0606,5,1.06,1.0707,357,0
IWM191115P159,2019-11-12,2019-11-12 09:35:00,1.11,1.1212,21,1.08,1.0909,118,1.05,1.0606,5,1.095,1.106,357,0
IWM191115P159,2019-11-12,2019-11-12 09:35:01,1.12,1.1313,66,1.09,1.101,10,1.05,1.0606,5,1.105,1.1161,357,0
IWM191115P159,2019-11-12,2019-11-12 09:35:01,1.12,1.1313,121,1.08,1.0909,118,1.05,1.0606,5,1.1,1.1111,357,0
IWM191115P159,2019-11-12,2019-11-12 09:35:02,1.11,1.1212,10,1.09,1.101,78,1.05,1.0606,5,1.1,1.1111,357,0
IWM191115P159,2019-11-12,2019-11-12 09:35:02,1.11,1.1212,40,1.09,1.101,78,1.05,1.0606,5,1.1,1.1111,357,0
IWM191115P159,2019-11-12,2019-11-12 09:35:03,1.11,1.1212,49,1.09,1.101,78,1.05,1.0606,5,1.1,1.1111,357,0
IWM191115P159,2019-11-12,2019-11-12 09:35:03,1.11,1.1212,49,1.09,1.101,55,1.05,1.0606,5,1.1,1.1111,357,0
IWM191115P159,2019-11-12,2019-11-12 09:35:04,1.11,1.1212,321,1.07,1.0808,39,1.05,1.0606,5,1.09,1.101,357,0
IWM191115P159,2019-11-12,2019-11-12 09:35:04,1.09,1.101,100,1.07,1.0808,16,1.05,1.0606,5,1.08,1.0909,357,0
IWM191115P159,2019-11-12,2019-11-12 09:35:05,1.08,1.0909,6,1.06,1.0707,78,1.05,1.0606,5,1.07,1.0808,357,0
IWM191115P159,2019-11-12,2019-11-12 09:35:05,1.08,1.0909,70,1.06,1.0707,49,1.05,1.0606,5,1.07,1.0808,357,0
IWM191115P159,2019-11-12,2019-11-12 09:35:06,1.08,1.0909,8,1.07,1.0808,84,1.05,1.0606,5,1.075,1.0858,357,0
IWM191115P159,2019-11-12,2019-11-12 09:35:06,1.08,1.0909,28,1.05,1.0606,158,1.05,1.0606,5,1.065,1.0757,357,0
IWM191115P159,2019-11-12,2019-11-12 09:35:07,1.09,1.101,53,1.07,1.0808,83,1.05,1.0606,5,1.08,1.0909,357,0
IWM191115P159,2019-11-12,2019-11-12 09:35:07,1.09,1.101,78,1.07,1.0808,75,1.05,1.0606,5,1.08,1.0909,357,0
IWM191115P159,2019-11-12,2019-11-12 09:35:08,1.09,1.101,8,1.07,1.0808,124,1.05,1.0606,5,1.08,1.0909,357,0
IWM191115P159,2019-11-12,2019-11-12 09:35:08,1.09,1.101,81,1.07,1.0808,31,1.05,1.0606,5,1.08,1.0909,357,0
IWM191115P159,2019-11-12,2019-11-12 09:35:09,1.1,1.1111,46,1.07,1.0808,136,1.05,1.0606,5,1.085,1.0959,357,0
IWM191115P159,2019-11-12,2019-11-12 09:35:09,1.1,1.1111,13,1.08,1.0909,205,1.05,1.0606,5,1.09,1.101,357,0
IWM191115P159,2019-11-12,2019-11-12 09:35:10,1.11,1.1212,13,1.08,1.0909,205,1.05,1.0606,5,1.095,1.106,357,0
IWM191115P159,2019-11-12,2019-11-12 09:35:10,1.12,1.1313,42,1.09,1.101,92,1.05,1.0606,5,1.105,1.1161,357,0
IWM191115P159,2019-11-12,2019-11-12 09:35:11,1.12,1.1313,46,1.09,1.101,228,1.05,1.0606,5,1.105,1.1161,357,0
IWM191115P159,2019-11-12,2019-11-12 09:35:11,1.11,1.1212,1,1.09,1.101,228,1.05,1.0606,5,1.1,1.1111,357,0
IWM191115P159,2019-11-12,2019-11-12 09:35:12,1.11,1.1212,23,1.09,1.101,158,1.05,1.0606,5,1.1,1.1111,357,0
IWM191115P159,2019-11-12,2019-11-12 09:35:13,1.12,1.1313,100,1.09,1.101,108,1.05,1.0606,5,1.105,1.1161,357,0
IWM191115P159,2019-11-12,2019-11-12 09:35:13,1.12,1.1313,104,1.1,1.1111,51,1.05,1.0606,5,1.11,1.1212,357,0
IWM191115P159,2019-11-12,2019-11-12 09:35:14,1.12,1.1313,143,1.09,1.101,79,1.05,1.0606,5,1.105,1.1161,357,0
IWM191115P159,2019-11-12,2019-11-12 09:35:15,1.11,1.1212,49,1.09,1.101,79,1.05,1.0606,5,1.1,1.1111,357,0
IWM191115P159,2019-11-12,2019-11-12 09:35:15,1.11,1.1212,74,1.09,1.101,79,1.05,1.0606,5,1.1,1.1111,357,0
IWM191115P159,2019-11-12,2019-11-12 09:35:16,1.11,1.1212,74,1.09,1.101,20,1.05,1.0606,5,1.1,1.1111,357,0
IWM191115P159,2019-11-12,2019-11-12 09:35:16,1.11,1.1212,74,1.09,1.101,78,1.05,1.0606,5,1.1,1.1111,357,0
IWM191115P159,2019-11-12,2019-11-12 09:35:17,1.11,1.1212,74,1.09,1.101,11,1.05,1.0606,5,1.1,1.1111,357,0
IWM191115P159,2019-11-12,2019-11-12 09:35:17,1.11,1.1212,209,1.09,1.101,11,1.05,1.0606,5,1.1,1.1111,357,0
IWM191115P159,2019-11-12,2019-11-12 09:35:18,1.1,1.1111,47,1.08,1.0909,2,1.05,1.0606,5,1.09,1.101,357,0
IWM191115P159,2019-11-12,2019-11-12 09:35:18,1.11,1.1212,322,1.09,1.101,11,1.05,1.0606,5,1.1,1.1111,357,0
IWM191115P159,2019-11-12,2019-11-12 09:35:19,1.1,1.1111,60,1.08,1.0909,20,1.05,1.0606,5,1.09,1.101,357,0
IWM191115P159,2019-11-12,2019-11-12 09:35:20,1.1,1.1111,54,1.08,1.0909,96,1.05,1.0606,5,1.09,1.101,357,0
IWM191115P159,2019-11-12,2019-11-12 09:35:20,1.11,1.1212,267,1.08,1.0909,114,1.05,1.0606,5,1.095,1.106,357,0
IWM191115P159,2019-11-12,2019-11-12 09:35:21,1.1,1.1111,10,1.08,1.0909,156,1.05,1.0606,5,1.09,1.101,357,0
IWM191115P159,2019-11-12,2019-11-12 09:35:21,1.11,1.1212,267,1.08,1.0909,156,1.05,1.0606,5,1.095,1.106,357,0
IWM191115P159,2019-11-12,2019-11-12 09:35:22,1.1,1.1111,10,1.08,1.0909,156,1.05,1.0606,5,1.09,1.101,357,0
IWM191115P159,2019-11-12,2019-11-12 09:35:22,1.1,1.1111,26,1.09,1.101,16,1.05,1.0606,5,1.095,1.106,357,0
IWM191115P159,2019-11-12,2019-11-12 09:35:23,1.1,1.1111,10,1.08,1.0909,144,1.05,1.0606,5,1.09,1.101,357,0
IWM191115P159,2019-11-12,2019-11-12 09:35:23,1.1,1.1111,26,1.09,1.101,16,1.05,1.0606,5,1.095,1.106,357,0
IWM191115P159,2019-11-12,2019-11-12 09:35:24,1.1,1.1111,13,1.08,1.0909,81,1.09,1.101,1,1.09,1.101,358,1
IWM191115P159,2019-11-12,2019-11-12 09:35:24,1.09,1.101,10,1.08,1.0909,10,1.05,1.0606,5,1.085,1.0959,357,0
IWM191115P159,2019-11-12,2019-11-12 09:35:25,1.1,1.1111,69,1.08,1.0909,19,1.09,1.101,1,1.09,1.101,358,0
IWM191115P159,2019-11-12,2019-11-12 09:35:25,1.1,1.1111,70,1.08,1.0909,10,1.09,1.101,1,1.09,1.101,358,0
IWM191115P159,2019-11-12,2019-11-12 09:35:26,1.11,1.1212,197,1.08,1.0909,94,1.09,1.101,1,1.095,1.106,358,0
IWM191115P159,2019-11-12,2019-11-12 09:35:27,1.1,1.1111,61,1.08,1.0909,25,1.09,1.101,1,1.09,1.101,358,0
IWM191115P159,2019-11-12,2019-11-12 09:35:27,1.1,1.1111,25,1.08,1.0909,25,1.09,1.101,1,1.09,1.101,358,0
IWM191115P159,2019-11-12,2019-11-12 09:35:28,1.1,1.1111,283,1.07,1.0808,24,1.09,1.101,1,1.085,1.0959,358,0
IWM191115P159,2019-11-12,2019-11-12 09:35:28,1.1,1.1111,378,1.06,1.0707,130,1.09,1.101,1,1.08,1.0909,358,0
IWM191115P159,2019-11-12,2019-11-12 09:35:29,1.1,1.1111,82,1.06,1.0707,115,1.09,1.101,1,1.08,1.0909,358,0
IWM191115P159,2019-11-12,2019-11-12 09:35:29,1.1,1.1111,378,1.06,1.0707,115,1.09,1.101,1,1.08,1.0909,358,0
IWM191115P159,2019-11-12,2019-11-12 09:35:30,1.1,1.1111,20,1.07,1.0808,170,1.09,1.101,1,1.085,1.0959,358,0
IWM191115P159,2019-11-12,2019-11-12 09:35:30,1.11,1.1212,153,1.07,1.0808,257,1.09,1.101,1,1.09,1.101,358,0
IWM191115P159,2019-11-12,2019-11-12 09:35:31,1.1,1.1111,10,1.08,1.0909,156,1.09,1.101,1,1.09,1.101,358,0
IWM191115P159,2019-11-12,2019-11-12 09:35:31,1.1,1.1111,54,1.08,1.0909,84,1.09,1.101,1,1.09,1.101,358,0
IWM191115P159,2019-11-12,2019-11-12 09:35:32,1.12,1.1313,10,1.1,1.1111,88,1.09,1.101,1,1.11,1.1212,358,0
IWM191115P159,2019-11-12,2019-11-12 09:35:32,1.12,1.1313,17,1.1,1.1111,20,1.09,1.101,1,1.11,1.1212,358,0
IWM191115P159,2019-11-12,2019-11-12 09:35:33,1.12,1.1313,81,1.09,1.101,111,1.09,1.101,1,1.105,1.1161,358,0
IWM191115P159,2019-11-12,2019-11-12 09:35:33,1.12,1.1313,81,1.1,1.1111,71,1.09,1.101,1,1.11,1.1212,358,0
IWM191115P159,2019-11-12,2019-11-12 09:35:34,1.12,1.1313,69,1.1,1.1111,109,1.09,1.101,1,1.11,1.1212,358,0
IWM191115P159,2019-11-12,2019-11-12 09:35:35,1.11,1.1212,131,1.08,1.0909,41,1.09,1.101,1,1.095,1.106,358,0
IWM191115P159,2019-11-12,2019-11-12 09:35:35,1.1,1.1111,21,1.08,1.0909,45,1.09,1.101,1,1.09,1.101,358,0
IWM191115P159,2019-11-12,2019-11-12 09:35:36,1.1,1.1111,21,1.08,1.0909,45,1.09,1.101,1,1.09,1.101,358,0
IWM191115P159,2019-11-12,2019-11-12 09:35:36,1.1,1.1111,21,1.08,1.0909,5,1.09,1.101,1,1.09,1.101,358,0
IWM191115P159,2019-11-12,2019-11-12 09:35:37,1.1,1.1111,53,1.08,1.0909,107,1.09,1.101,1,1.09,1.101,358,0
IWM191115P159,2019-11-12,2019-11-12 09:35:37,1.1,1.1111,69,1.08,1.0909,125,1.09,1.101,1,1.09,1.101,358,0
IWM191115P159,2019-11-12,2019-11-12 09:35:38,1.11,1.1212,156,1.08,1.0909,87,1.09,1.101,1,1.095,1.106,358,0
IWM191115P159,2019-11-12,2019-11-12 09:35:38,1.09,1.101,39,1.07,1.0808,95,1.09,1.101,1,1.08,1.0909,358,0
IWM191115P159,2019-11-12,2019-11-12 09:35:39,1.09,1.101,39,1.07,1.0808,95,1.09,1.101,1,1.08,1.0909,358,0
IWM191115P159,2019-11-12,2019-11-12 09:35:40,1.09,1.101,4,1.07,1.0808,138,1.09,1.101,1,1.08,1.0909,358,0
IWM191115P159,2019-11-12,2019-11-12 09:35:41,1.1,1.1111,8,1.08,1.0909,93,1.09,1.101,1,1.09,1.101,358,0
IWM191115P159,2019-11-12,2019-11-12 09:35:41,1.1,1.1111,12,1.08,1.0909,53,1.09,1.101,1,1.09,1.101,358,0
IWM191115P159,2019-11-12,2019-11-12 09:35:42,1.1,1.1111,12,1.08,1.0909,53,1.09,1.101,1,1.09,1.101,358,0
IWM191115P159,2019-11-12,2019-11-12 09:35:43,1.1,1.1111,51,1.08,1.0909,1,1.09,1.101,1,1.09,1.101,358,0
IWM191115P159,2019-11-12,2019-11-12 09:35:43,1.1,1.1111,12,1.08,1.0909,165,1.09,1.101,1,1.09,1.101,358,0
IWM191115P159,2019-11-12,2019-11-12 09:35:44,1.1,1.1111,99,1.08,1.0909,1,1.09,1.101,1,1.09,1.101,358,0
IWM191115P159,2019-11-12,2019-11-12 09:35:44,1.1,1.1111,106,1.08,1.0909,1,1.09,1.101,1,1.09,1.101,358,0
IWM191115P159,2019-11-12,2019-11-12 09:35:45,1.1,1.1111,4,1.08,1.0909,176,1.09,1.101,1,1.09,1.101,358,0
IWM191115P159,2019-11-12,2019-11-12 09:35:45,1.1,1.1111,50,1.08,1.0909,1,1.09,1.101,1,1.09,1.101,358,0
IWM191115P159,2019-11-12,2019-11-12 09:35:46,1.1,1.1111,4,1.08,1.0909,194,1.09,1.101,1,1.09,1.101,358,0
IWM191115P159,2019-11-12,2019-11-12 09:35:47,1.07,1.0808,1,1.05,1.0606,137,1.09,1.101,1,1.06,1.0707,358,0
IWM191115P159,2019-11-12,2019-11-12 09:35:47,1.1,1.1111,4,1.08,1.0909,194,1.09,1.101,1,1.09,1.101,358,0
IWM191115P159,2019-11-12,2019-11-12 09:35:48,1.08,1.0909,98,1.06,1.0707,31,1.09,1.101,1,1.07,1.0808,358,0
IWM191115P159,2019-11-12,2019-11-12 09:35:49,1.08,1.0909,196,1.05,1.0606,21,1.09,1.101,1,1.065,1.0757,358,0
IWM191115P159,2019-11-12,2019-11-12 09:35:49,1.08,1.0909,175,1.05,1.0606,34,1.09,1.101,1,1.065,1.0757,358,0
IWM191115P159,2019-11-12,2019-11-12 09:35:50,1.08,1.0909,312,1.05,1.0606,107,1.09,1.101,1,1.065,1.0757,358,0
IWM191115P159,2019-11-12,2019-11-12 09:35:50,1.08,1.0909,280,1.05,1.0606,31,1.09,1.101,1,1.065,1.0757,358,0
IWM191115P159,2019-11-12,2019-11-12 09:35:51,1.08,1.0909,351,1.05,1.0606,21,1.09,1.101,1,1.065,1.0757,358,0
IWM191115P159,2019-11-12,2019-11-12 09:35:51,1.08,1.0909,71,1.05,1.0606,21,1.09,1.101,1,1.065,1.0757,358,0
IWM191115P159,2019-11-12,2019-11-12 09:35:52,1.08,1.0909,71,1.06,1.0707,67,1.09,1.101,1,1.07,1.0808,358,0
IWM191115P159,2019-11-12,2019-11-12 09:35:53,1.08,1.0909,310,1.05,1.0606,13,1.09,1.101,1,1.065,1.0757,358,0
IWM191115P159,2019-11-12,2019-11-12 09:35:53,1.07,1.0808,81,1.05,1.0606,32,1.09,1.101,1,1.06,1.0707,358,0
IWM191115P159,2019-11-12,2019-11-12 09:35:54,1.07,1.0808,97,1.05,1.0606,32,1.09,1.101,1,1.06,1.0707,358,0
IWM191115P159,2019-11-12,2019-11-12 09:35:54,1.07,1.0808,103,1.05,1.0606,16,1.09,1.101,1,1.06,1.0707,358,0
IWM191115P159,2019-11-12,2019-11-12 09:35:55,1.07,1.0808,91,1.05,1.0606,177,1.09,1.101,1,1.06,1.0707,358,0
IWM191115P159,2019-11-12,2019-11-12 09:35:55,1.07,1.0808,76,1.05,1.0606,16,1.09,1.101,1,1.06,1.0707,358,0
IWM191115P159,2019-11-12,2019-11-12 09:35:56,1.07,1.0808,75,1.05,1.0606,73,1.09,1.101,1,1.06,1.0707,358,0
IWM191115P159,2019-11-12,2019-11-12 09:35:56,1.07,1.0808,103,1.05,1.0606,73,1.09,1.101,1,1.06,1.0707,358,0
IWM191115P159,2019-11-12,2019-11-12 09:35:57,1.07,1.0808,109,1.05,1.0606,73,1.09,1.101,1,1.06,1.0707,358,0
IWM191115P159,2019-11-12,2019-11-12 09:35:58,1.07,1.0808,77,1.05,1.0606,85,1.09,1.101,1,1.06,1.0707,358,0
IWM191115P159,2019-11-12,2019-11-12 09:35:58,1.07,1.0808,109,1.05,1.0606,106,1.09,1.101,1,1.06,1.0707,358,0
IWM191115P159,2019-11-12,2019-11-12 09:35:59,1.07,1.0808,77,1.06,1.0707,78,1.09,1.101,1,1.065,1.0757,358,0
IWM191115P159,2019-11-12,2019-11-12 09:35:59,1.07,1.0808,12,1.06,1.0707,20,1.09,1.101,1,1.065,1.0757,358,0
IWM191115P159,2019-11-12,2019-11-12 09:36:00,1.06,1.0707,168,1.03,1.0404,3,1.06,1.0707,10,1.045,1.0555,368,10
IWM191115P159,2019-11-12,2019-11-12 09:36:01,1.06,1.0707,106,1.03,1.0404,106,1.06,1.0707,10,1.045,1.0555,368,0
IWM191115P159,2019-11-12,2019-11-12 09:36:01,1.06,1.0707,206,1.03,1.0404,106,1.06,1.0707,10,1.045,1.0555,368,0
IWM191115P159,2019-11-12,2019-11-12 09:36:02,1.06,1.0707,206,1.04,1.0505,11,1.06,1.0707,10,1.05,1.0606,368,0
IWM191115P159,2019-11-12,2019-11-12 09:36:02,1.06,1.0707,249,1.04,1.0505,42,1.06,1.0707,10,1.05,1.0606,368,0
IWM191115P159,2019-11-12,2019-11-12 09:36:03,1.05,1.0606,11,1.04,1.0505,18,1.06,1.0707,10,1.045,1.0555,368,0
IWM191115P159,2019-11-12,2019-11-12 09:36:03,1.07,1.0808,21,1.05,1.0606,119,1.06,1.0707,10,1.06,1.0707,368,0
IWM191115P159,2019-11-12,2019-11-12 09:36:04,1.07,1.0808,48,1.05,1.0606,97,1.06,1.0707,10,1.06,1.0707,368,0
IWM191115P159,2019-11-12,2019-11-12 09:36:04,1.07,1.0808,48,1.05,1.0606,119,1.06,1.0707,10,1.06,1.0707,368,0
IWM191115P159,2019-11-12,2019-11-12 09:36:05,1.07,1.0808,32,1.05,1.0606,172,1.06,1.0707,10,1.06,1.0707,368,0
IWM191115P159,2019-11-12,2019-11-12 09:36:05,1.08,1.0909,16,1.05,1.0606,89,1.06,1.0707,10,1.065,1.0757,368,0
IWM191115P159,2019-11-12,2019-11-12 09:36:06,1.08,1.0909,6,1.05,1.0606,89,1.06,1.0707,10,1.065,1.0757,368,0
IWM191115P159,2019-11-12,2019-11-12 09:36:06,1.08,1.0909,96,1.05,1.0606,7,1.06,1.0707,10,1.065,1.0757,368,0
IWM191115P159,2019-11-12,2019-11-12 09:36:07,1.07,1.0808,93,1.04,1.0505,139,1.06,1.0707,10,1.055,1.0656,368,0
IWM191115P159,2019-11-12,2019-11-12 09:36:07,1.07,1.0808,93,1.04,1.0505,80,1.06,1.0707,10,1.055,1.0656,368,0
IWM191115P159,2019-11-12,2019-11-12 09:36:08,1.06,1.0707,17,1.04,1.0505,158,1.06,1.0707,10,1.05,1.0606,368,0
IWM191115P159,2019-11-12,2019-11-12 09:36:08,1.06,1.0707,17,1.04,1.0505,140,1.06,1.0707,10,1.05,1.0606,368,0
IWM191115P159,2019-11-12,2019-11-12 09:36:09,1.07,1.0808,29,1.05,1.0606,154,1.06,1.0707,10,1.06,1.0707,368,0
IWM191115P159,2019-11-12,2019-11-12 09:36:10,1.09,1.101,17,1.06,1.0707,115,1.06,1.0707,10,1.075,1.0858,368,0
IWM191115P159,2019-11-12,2019-11-12 09:36:10,1.1,1.1111,128,1.07,1.0808,125,1.06,1.0707,10,1.085,1.0959,368,0
IWM191115P159,2019-11-12,2019-11-12 09:36:11,1.09,1.101,10,1.07,1.0808,119,1.06,1.0707,10,1.08,1.0909,368,0
IWM191115P159,2019-11-12,2019-11-12 09:36:11,1.1,1.1111,9,1.07,1.0808,119,1.06,1.0707,10,1.085,1.0959,368,0
IWM191115P159,2019-11-12,2019-11-12 09:36:12,1.1,1.1111,26,1.08,1.0909,167,1.06,1.0707,10,1.09,1.101,368,0
IWM191115P159,2019-11-12,2019-11-12 09:36:12,1.1,1.1111,10,1.08,1.0909,185,1.06,1.0707,10,1.09,1.101,368,0
IWM191115P159,2019-11-12,2019-11-12 09:36:13,1.11,1.1212,19,1.08,1.0909,185,1.06,1.0707,10,1.095,1.106,368,0
IWM191115P159,2019-11-12,2019-11-12 09:36:14,1.1,1.1111,10,1.08,1.0909,185,1.06,1.0707,10,1.09,1.101,368,0
IWM191115P159,2019-11-12,2019-11-12 09:36:14,1.11,1.1212,46,1.08,1.0909,185,1.06,1.0707,10,1.095,1.106,368,0
IWM191115P159,2019-11-12,2019-11-12 09:36:15,1.11,1.1212,68,1.08,1.0909,201,1.06,1.0707,10,1.095,1.106,368,0
IWM191115P159,2019-11-12,2019-11-12 09:36:16,1.11,1.1212,98,1.08,1.0909,185,1.06,1.0707,10,1.095,1.106,368,0
IWM191115P159,2019-11-12,2019-11-12 09:36:17,1.11,1.1212,62,1.08,1.0909,237,1.06,1.0707,10,1.095,1.106,368,0
IWM191115P159,2019-11-12,2019-11-12 09:36:17,1.11,1.1212,46,1.08,1.0909,185,1.06,1.0707,10,1.095,1.106,368,0
IWM191115P159,2019-11-12,2019-11-12 09:36:18,1.11,1.1212,80,1.08,1.0909,236,1.06,1.0707,10,1.095,1.106,368,0
IWM191115P159,2019-11-12,2019-11-12 09:36:18,1.11,1.1212,46,1.08,1.0909,185,1.06,1.0707,10,1.095,1.106,368,0
IWM191115P159,2019-11-12,2019-11-12 09:36:19,1.11,1.1212,127,1.08,1.0909,162,1.06,1.0707,10,1.095,1.106,368,0
IWM191115P159,2019-11-12,2019-11-12 09:36:19,1.11,1.1212,80,1.08,1.0909,185,1.06,1.0707,10,1.095,1.106,368,0
IWM191115P159,2019-11-12,2019-11-12 09:36:20,1.11,1.1212,127,1.08,1.0909,162,1.06,1.0707,10,1.095,1.106,368,0
IWM191115P159,2019-11-12,2019-11-12 09:36:20,1.11,1.1212,181,1.08,1.0909,194,1.06,1.0707,10,1.095,1.106,368,0
IWM191115P159,2019-11-12,2019-11-12 09:36:21,1.11,1.1212,181,1.08,1.0909,298,1.06,1.0707,10,1.095,1.106,368,0
IWM191115P159,2019-11-12,2019-11-12 09:36:22,1.12,1.1313,81,1.09,1.101,146,1.06,1.0707,10,1.105,1.1161,368,0
IWM191115P159,2019-11-12,2019-11-12 09:36:22,1.11,1.1212,36,1.09,1.101,29,1.06,1.0707,10,1.1,1.1111,368,0
IWM191115P159,2019-11-12,2019-11-12 09:36:23,1.11,1.1212,38,1.09,1.101,40,1.06,1.0707,10,1.1,1.1111,368,0
IWM191115P159,2019-11-12,2019-11-12 09:36:24,1.11,1.1212,61,1.09,1.101,40,1.06,1.0707,10,1.1,1.1111,368,0
IWM191115P159,2019-11-12,2019-11-12 09:36:24,1.11,1.1212,43,1.09,1.101,40,1.06,1.0707,10,1.1,1.1111,368,0
IWM191115P159,2019-11-12,2019-11-12 09:36:25,1.11,1.1212,43,1.09,1.101,40,1.06,1.0707,10,1.1,1.1111,368,0
IWM191115P159,2019-11-12,2019-11-12 09:36:26,1.1,1.1111,10,1.09,1.101,20,1.06,1.0707,10,1.095,1.106,368,0
IWM191115P159,2019-11-12,2019-11-12 09:36:27,1.11,1.1212,91,1.09,1.101,18,1.06,1.0707,10,1.1,1.1111,368,0
IWM191115P159,2019-11-12,2019-11-12 09:36:27,1.11,1.1212,91,1.09,1.101,22,1.06,1.0707,10,1.1,1.1111,368,0
IWM191115P159,2019-11-12,2019-11-12 09:36:28,1.11,1.1212,96,1.09,1.101,33,1.06,1.0707,10,1.1,1.1111,368,0
IWM191115P159,2019-11-12,2019-11-12 09:36:28,1.11,1.1212,100,1.09,1.101,33,1.06,1.0707,10,1.1,1.1111,368,0
IWM191115P159,2019-11-12,2019-11-12 09:36:29,1.11,1.1212,100,1.09,1.101,22,1.06,1.0707,10,1.1,1.1111,368,0
IWM191115P159,2019-11-12,2019-11-12 09:36:30,1.09,1.101,69,1.07,1.0808,133,1.06,1.0707,10,1.08,1.0909,368,0
IWM191115P159,2019-11-12,2019-11-12 09:36:30,1.11,1.1212,106,1.07,1.0808,151,1.06,1.0707,10,1.09,1.101,368,0
IWM191115P159,2019-11-12,2019-11-12 09:36:31,1.09,1.101,69,1.07,1.0808,83,1.06,1.0707,10,1.08,1.0909,368,0
IWM191115P159,2019-11-12,2019-11-12 09:36:31,1.08,1.0909,26,1.06,1.0707,153,1.06,1.0707,10,1.07,1.0808,368,0
IWM191115P159,2019-11-12,2019-11-12 09:36:32,1.09,1.101,92,1.07,1.0808,46,1.06,1.0707,10,1.08,1.0909,368,0
IWM191115P159,2019-11-12,2019-11-12 09:36:32,1.09,1.101,80,1.07,1.0808,47,1.06,1.0707,10,1.08,1.0909,368,0
IWM191115P159,2019-11-12,2019-11-12 09:36:33,1.08,1.0909,84,1.06,1.0707,29,1.06,1.0707,10,1.07,1.0808,368,0
IWM191115P159,2019-11-12,2019-11-12 09:36:33,1.09,1.101,220,1.05,1.0606,191,1.06,1.0707,10,1.07,1.0808,368,0
IWM191115P159,2019-11-12,2019-11-12 09:36:34,1.08,1.0909,84,1.06,1.0707,29,1.06,1.0707,10,1.07,1.0808,368,0
IWM191115P159,2019-11-12,2019-11-12 09:36:34,1.08,1.0909,119,1.06,1.0707,27,1.06,1.0707,10,1.07,1.0808,368,0
IWM191115P159,2019-11-12,2019-11-12 09:36:35,1.08,1.0909,141,1.06,1.0707,20,1.06,1.0707,10,1.07,1.0808,368,0
IWM191115P159,2019-11-12,2019-11-12 09:36:35,1.08,1.0909,123,1.06,1.0707,15,1.06,1.0707,10,1.07,1.0808,368,0
IWM191115P159,2019-11-12,2019-11-12 09:36:36,1.08,1.0909,123,1.06,1.0707,20,1.06,1.0707,10,1.07,1.0808,368,0
IWM191115P159,2019-11-12,2019-11-12 09:36:36,1.08,1.0909,142,1.06,1.0707,15,1.06,1.0707,10,1.07,1.0808,368,0
IWM191115P159,2019-11-12,2019-11-12 09:36:37,1.08,1.0909,123,1.06,1.0707,25,1.06,1.0707,10,1.07,1.0808,368,0
IWM191115P159,2019-11-12,2019-11-12 09:36:37,1.08,1.0909,17,1.06,1.0707,95,1.06,1.0707,10,1.07,1.0808,368,0
IWM191115P159,2019-11-12,2019-11-12 09:36:38,1.09,1.101,40,1.06,1.0707,105,1.06,1.0707,10,1.075,1.0858,368,0
IWM191115P159,2019-11-12,2019-11-12 09:36:38,1.08,1.0909,10,1.06,1.0707,105,1.06,1.0707,10,1.07,1.0808,368,0
IWM191115P159,2019-11-12,2019-11-12 09:36:39,1.09,1.101,9,1.07,1.0808,146,1.06,1.0707,10,1.08,1.0909,368,0
IWM191115P159,2019-11-12,2019-11-12 09:36:39,1.09,1.101,17,1.07,1.0808,146,1.06,1.0707,10,1.08,1.0909,368,0
IWM191115P159,2019-11-12,2019-11-12 09:36:40,1.09,1.101,17,1.07,1.0808,146,1.06,1.0707,10,1.08,1.0909,368,0
IWM191115P159,2019-11-12,2019-11-12 09:36:41,1.09,1.101,17,1.07,1.0808,158,1.06,1.0707,10,1.08,1.0909,368,0
IWM191115P159,2019-11-12,2019-11-12 09:36:41,1.09,1.101,10,1.08,1.0909,22,1.06,1.0707,10,1.085,1.0959,368,0
IWM191115P159,2019-11-12,2019-11-12 09:36:42,1.09,1.101,10,1.08,1.0909,22,1.06,1.0707,10,1.085,1.0959,368,0
IWM191115P159,2019-11-12,2019-11-12 09:36:42,1.1,1.1111,17,1.08,1.0909,193,1.06,1.0707,10,1.09,1.101,368,0
IWM191115P159,2019-11-12,2019-11-12 09:36:43,1.1,1.1111,21,1.08,1.0909,85,1.06,1.0707,10,1.09,1.101,368,0
IWM191115P159,2019-11-12,2019-11-12 09:36:43,1.1,1.1111,21,1.08,1.0909,95,1.06,1.0707,10,1.09,1.101,368,0
IWM191115P159,2019-11-12,2019-11-12 09:36:44,1.1,1.1111,109,1.08,1.0909,20,1.06,1.0707,10,1.09,1.101,368,0
IWM191115P159,2019-11-12,2019-11-12 09:36:45,1.09,1.101,82,1.06,1.0707,139,1.06,1.0707,10,1.075,1.0858,368,0
IWM191115P159,2019-11-12,2019-11-12 09:36:45,1.1,1.1111,152,1.07,1.0808,160,1.06,1.0707,10,1.085,1.0959,368,0
IWM191115P159,2019-11-12,2019-11-12 09:36:46,1.09,1.101,278,1.05,1.0606,161,1.06,1.0707,10,1.07,1.0808,368,0
IWM191115P159,2019-11-12,2019-11-12 09:36:46,1.09,1.101,278,1.05,1.0606,146,1.06,1.0707,10,1.07,1.0808,368,0
IWM191115P159,2019-11-12,2019-11-12 09:36:47,1.09,1.101,437,1.05,1.0606,152,1.06,1.0707,10,1.07,1.0808,368,0
IWM191115P159,2019-11-12,2019-11-12 09:36:48,1.08,1.0909,80,1.06,1.0707,85,1.06,1.0707,10,1.07,1.0808,368,0
IWM191115P159,2019-11-12,2019-11-12 09:36:49,1.08,1.0909,80,1.06,1.0707,85,1.06,1.0707,10,1.07,1.0808,368,0
IWM191115P159,2019-11-12,2019-11-12 09:36:49,1.09,1.101,155,1.07,1.0808,7,1.06,1.0707,10,1.08,1.0909,368,0
IWM191115P159,2019-11-12,2019-11-12 09:36:50,1.08,1.0909,10,1.06,1.0707,142,1.06,1.0707,10,1.07,1.0808,368,0
IWM191115P159,2019-11-12,2019-11-12 09:36:50,1.09,1.101,73,1.07,1.0808,69,1.06,1.0707,10,1.08,1.0909,368,0
IWM191115P159,2019-11-12,2019-11-12 09:36:51,1.09,1.101,29,1.07,1.0808,98,1.06,1.0707,10,1.08,1.0909,368,0
IWM191115P159,2019-11-12,2019-11-12 09:36:51,1.09,1.101,103,1.07,1.0808,69,1.06,1.0707,10,1.08,1.0909,368,0
IWM191115P159,2019-11-12,2019-11-12 09:36:52,1.09,1.101,10,1.08,1.0909,29,1.06,1.0707,10,1.085,1.0959,368,0
IWM191115P159,2019-11-12,2019-11-12 09:36:52,1.09,1.101,29,1.07,1.0808,173,1.06,1.0707,10,1.08,1.0909,368,0
IWM191115P159,2019-11-12,2019-11-12 09:36:53,1.1,1.1111,182,1.07,1.0808,22,1.06,1.0707,10,1.085,1.0959,368,0
IWM191115P159,2019-11-12,2019-11-12 09:36:53,1.1,1.1111,55,1.06,1.0707,161,1.06,1.0707,10,1.08,1.0909,368,0
IWM191115P159,2019-11-12,2019-11-12 09:36:54,1.1,1.1111,286,1.07,1.0808,22,1.06,1.0707,10,1.085,1.0959,368,0
IWM191115P159,2019-11-12,2019-11-12 09:36:54,1.1,1.1111,337,1.07,1.0808,22,1.06,1.0707,10,1.085,1.0959,368,0
IWM191115P159,2019-11-12,2019-11-12 09:36:55,1.07,1.0808,115,1.04,1.0505,103,1.06,1.0707,10,1.055,1.0656,368,0
IWM191115P159,2019-11-12,2019-11-12 09:36:55,1.08,1.0909,227,1.06,1.0707,59,1.06,1.0707,10,1.07,1.0808,368,0
IWM191115P159,2019-11-12,2019-11-12 09:36:56,1.06,1.0707,165,1.02,1.0303,139,1.06,1.0707,10,1.04,1.0505,368,0
IWM191115P159,2019-11-12,2019-11-12 09:36:56,1.06,1.0707,17,1.04,1.0505,26,1.06,1.0707,10,1.05,1.0606,368,0
IWM191115P159,2019-11-12,2019-11-12 09:36:57,1.06,1.0707,217,1.03,1.0404,13,1.06,1.0707,10,1.045,1.0555,368,0
IWM191115P159,2019-11-12,2019-11-12 09:36:57,1.05,1.0606,63,1.03,1.0404,18,1.06,1.0707,10,1.04,1.0505,368,0
IWM191115P159,2019-11-12,2019-11-12 09:36:58,1.04,1.0505,21,1.02,1.0303,68,1.06,1.0707,10,1.03,1.0404,368,0
IWM191115P159,2019-11-12,2019-11-12 09:36:58,1.04,1.0505,10,1.02,1.0303,140,1.06,1.0707,10,1.03,1.0404,368,0
IWM191115P159,2019-11-12,2019-11-12 09:36:59,1.04,1.0505,27,1.02,1.0303,70,1.06,1.0707,10,1.03,1.0404,368,0
IWM191115P159,2019-11-12,2019-11-12 09:36:59,1.04,1.0505,21,1.02,1.0303,70,1.06,1.0707,10,1.03,1.0404,368,0
IWM191115P159,2019-11-12,2019-11-12 09:37:00,1.04,1.0505,83,1.02,1.0303,127,1.06,1.0707,10,1.03,1.0404,368,0
IWM191115P159,2019-11-12,2019-11-12 09:37:00,1.04,1.0505,67,1.02,1.0303,76,1.06,1.0707,10,1.03,1.0404,368,0
IWM191115P159,2019-11-12,2019-11-12 09:37:01,1.04,1.0505,83,1.02,1.0303,66,1.06,1.0707,10,1.03,1.0404,368,0
IWM191115P159,2019-11-12,2019-11-12 09:37:02,1.04,1.0505,67,1.02,1.0303,119,1.06,1.0707,10,1.03,1.0404,368,0
IWM191115P159,2019-11-12,2019-11-12 09:37:02,1.04,1.0505,67,1.02,1.0303,127,1.06,1.0707,10,1.03,1.0404,368,0
IWM191115P159,2019-11-12,2019-11-12 09:37:03,1.03,1.0404,103,1.01,1.0202,53,1.06,1.0707,10,1.02,1.0303,368,0
IWM191115P159,2019-11-12,2019-11-12 09:37:03,1.04,1.0505,95,1.02,1.0303,10,1.06,1.0707,10,1.03,1.0404,368,0
IWM191115P159,2019-11-12,2019-11-12 09:37:04,1.04,1.0505,17,1.02,1.0303,84,1.06,1.0707,10,1.03,1.0404,368,0
IWM191115P159,2019-11-12,2019-11-12 09:37:04,1.04,1.0505,95,1.02,1.0303,35,1.06,1.0707,10,1.03,1.0404,368,0
IWM191115P159,2019-11-12,2019-11-12 09:37:05,1.04,1.0505,39,1.02,1.0303,89,1.06,1.0707,10,1.03,1.0404,368,0
IWM191115P159,2019-11-12,2019-11-12 09:37:05,1.05,1.0606,146,1.02,1.0303,101,1.06,1.0707,10,1.035,1.0454,368,0
IWM191115P159,2019-11-12,2019-11-12 09:37:06,1.04,1.0505,136,1.02,1.0303,41,1.06,1.0707,10,1.03,1.0404,368,0
IWM191115P159,2019-11-12,2019-11-12 09:37:06,1.04,1.0505,39,1.02,1.0303,49,1.06,1.0707,10,1.03,1.0404,368,0
IWM191115P159,2019-11-12,2019-11-12 09:37:07,1.04,1.0505,136,1.02,1.0303,35,1.06,1.0707,10,1.03,1.0404,368,0
IWM191115P159,2019-11-12,2019-11-12 09:37:07,1.04,1.0505,136,1.02,1.0303,41,1.06,1.0707,10,1.03,1.0404,368,0
IWM191115P159,2019-11-12,2019-11-12 09:37:08,1.03,1.0404,44,1.01,1.0202,121,1.06,1.0707,10,1.02,1.0303,368,0
IWM191115P159,2019-11-12,2019-11-12 09:37:08,1.04,1.0505,90,1.02,1.0303,35,1.06,1.0707,10,1.03,1.0404,368,0
IWM191115P159,2019-11-12,2019-11-12 09:37:09,1.04,1.0505,193,1.02,1.0303,10,1.06,1.0707,10,1.03,1.0404,368,0
IWM191115P159,2019-11-12,2019-11-12 09:37:09,1.04,1.0505,133,1.02,1.0303,12,1.06,1.0707,10,1.03,1.0404,368,0
IWM191115P159,2019-11-12,2019-11-12 09:37:10,1.04,1.0505,79,1.03,1.0404,127,1.06,1.0707,10,1.035,1.0454,368,0
IWM191115P159,2019-11-12,2019-11-12 09:37:11,1.04,1.0505,154,1.02,1.0303,43,1.06,1.0707,10,1.03,1.0404,368,0
IWM191115P159,2019-11-12,2019-11-12 09:37:11,1.05,1.0606,21,1.03,1.0404,52,1.06,1.0707,10,1.04,1.0505,368,0
IWM191115P159,2019-11-12,2019-11-12 09:37:12,1.04,1.0505,245,1.01,1.0202,206,1.06,1.0707,10,1.025,1.0353,368,0
IWM191115P159,2019-11-12,2019-11-12 09:37:12,1.04,1.0505,188,1.02,1.0303,43,1.06,1.0707,10,1.03,1.0404,368,0
IWM191115P159,2019-11-12,2019-11-12 09:37:13,1.04,1.0505,75,1.02,1.0303,82,1.06,1.0707,10,1.03,1.0404,368,0
IWM191115P159,2019-11-12,2019-11-12 09:37:13,1.04,1.0505,113,1.02,1.0303,43,1.06,1.0707,10,1.03,1.0404,368,0
IWM191115P159,2019-11-12,2019-11-12 09:37:14,1.04,1.0505,79,1.02,1.0303,93,1.06,1.0707,10,1.03,1.0404,368,0
IWM191115P159,2019-11-12,2019-11-12 09:37:14,1.04,1.0505,113,1.02,1.0303,21,1.06,1.0707,10,1.03,1.0404,368,0
IWM191115P159,2019-11-12,2019-11-12 09:37:15,1.04,1.0505,22,1.02,1.0303,224,1.06,1.0707,10,1.03,1.0404,368,0
IWM191115P159,2019-11-12,2019-11-12 09:37:16,1.04,1.0505,22,1.02,1.0303,293,1.06,1.0707,10,1.03,1.0404,368,0
IWM191115P159,2019-11-12,2019-11-12 09:37:16,1.04,1.0505,6,1.02,1.0303,325,1.06,1.0707,10,1.03,1.0404,368,0
IWM191115P159,2019-11-12,2019-11-12 09:37:17,1.04,1.0505,6,1.02,1.0303,197,1.06,1.0707,10,1.03,1.0404,368,0
IWM191115P159,2019-11-12,2019-11-12 09:37:18,1.04,1.0505,247,1.02,1.0303,18,1.06,1.0707,10,1.03,1.0404,368,0
IWM191115P159,2019-11-12,2019-11-12 09:37:18,1.04,1.0505,132,1.02,1.0303,18,1.06,1.0707,10,1.03,1.0404,368,0
IWM191115P159,2019-11-12,2019-11-12 09:37:19,1.02,1.0303,7,1.0,1.0101,170,1.06,1.0707,10,1.01,1.0202,368,0
IWM191115P159,2019-11-12,2019-11-12 09:37:19,1.02,1.0303,6,0.99,1.0,8,1.0,1.0101,5,1.005,1.0151,373,5
IWM191115P159,2019-11-12,2019-11-12 09:37:20,1.03,1.0404,156,1.0,1.0101,18,1.0,1.0101,5,1.015,1.0252,373,0
IWM191115P159,2019-11-12,2019-11-12 09:37:20,1.03,1.0404,88,1.0,1.0101,76,1.0,1.0101,5,1.015,1.0252,373,0
IWM191115P159,2019-11-12,2019-11-12 09:37:21,1.02,1.0303,11,1.0,1.0101,159,1.0,1.0101,5,1.01,1.0202,373,0
IWM191115P159,2019-11-12,2019-11-12 09:37:21,1.03,1.0404,134,1.0,1.0101,174,1.0,1.0101,5,1.015,1.0252,373,0
IWM191115P159,2019-11-12,2019-11-12 09:37:22,1.03,1.0404,135,1.01,1.0202,18,1.0,1.0101,5,1.02,1.0303,373,0
IWM191115P159,2019-11-12,2019-11-12 09:37:23,1.03,1.0404,135,1.01,1.0202,18,1.0,1.0101,5,1.02,1.0303,373,0
IWM191115P159,2019-11-12,2019-11-12 09:37:23,1.03,1.0404,52,1.01,1.0202,93,1.0,1.0101,5,1.02,1.0303,373,0
IWM191115P159,2019-11-12,2019-11-12 09:37:24,1.03,1.0404,271,1.01,1.0202,1,1.0,1.0101,5,1.02,1.0303,373,0
IWM191115P159,2019-11-12,2019-11-12 09:37:24,1.03,1.0404,52,1.01,1.0202,93,1.0,1.0101,5,1.02,1.0303,373,0
IWM191115P159,2019-11-12,2019-11-12 09:37:25,1.03,1.0404,254,1.0,1.0101,131,1.0,1.0101,5,1.015,1.0252,373,0
IWM191115P159,2019-11-12,2019-11-12 09:37:25,1.03,1.0404,260,1.01,1.0202,10,1.0,1.0101,5,1.02,1.0303,373,0
IWM191115P159,2019-11-12,2019-11-12 09:37:26,1.02,1.0303,127,1.0,1.0101,70,1.0,1.0101,5,1.01,1.0202,373,0
IWM191115P159,2019-11-12,2019-11-12 09:37:27,1.02,1.0303,127,1.0,1.0101,70,1.0,1.0101,5,1.01,1.0202,373,0
IWM191115P159,2019-11-12,2019-11-12 09:37:27,1.02,1.0303,145,0.99,1.0,52,1.0,1.0101,5,1.005,1.0151,373,0
IWM191115P159,2019-11-12,2019-11-12 09:37:28,1.02,1.0303,121,0.99,1.0,61,1.0,1.0101,5,1.005,1.0151,373,0
IWM191115P159,2019-11-12,2019-11-12 09:37:28,1.01,1.0202,11,0.99,1.0,52,1.0,1.0101,5,1.0,1.0101,373,0
IWM191115P159,2019-11-12,2019-11-12 09:37:29,1.01,1.0202,81,0.99,1.0,93,1.0,1.0101,5,1.0,1.0101,373,0
IWM191115P159,2019-11-12,2019-11-12 09:37:29,1.01,1.0202,18,0.99,1.0,149,1.0,1.0101,5,1.0,1.0101,373,0
IWM191115P159,2019-11-12,2019-11-12 09:37:30,1.01,1.0202,81,0.99,1.0,76,1.0,1.0101,5,1.0,1.0101,373,0
IWM191115P159,2019-11-12,2019-11-12 09:37:30,1.01,1.0202,81,0.99,1.0,114,1.0,1.0101,5,1.0,1.0101,373,0
IWM191115P159,2019-11-12,2019-11-12 09:37:31,1.01,1.0202,15,1.0,1.0101,15,1.0,1.0101,5,1.005,1.0151,373,0
IWM191115P159,2019-11-12,2019-11-12 09:37:31,1.01,1.0202,15,1.0,1.0101,81,1.0,1.0101,5,1.005,1.0151,373,0
IWM191115P159,2019-11-12,2019-11-12 09:37:32,1.02,1.0303,2,1.0,1.0101,317,1.0,1.0101,5,1.01,1.0202,373,0
IWM191115P159,2019-11-12,2019-11-12 09:37:32,1.02,1.0303,19,1.0,1.0101,213,1.0,1.0101,5,1.01,1.0202,373,0
IWM191115P159,2019-11-12,2019-11-12 09:37:33,1.02,1.0303,2,1.0,1.0101,317,1.0,1.0101,5,1.01,1.0202,373,0
IWM191115P159,2019-11-12,2019-11-12 09:37:34,1.04,1.0505,19,1.01,1.0202,104,1.02,1.0303,2,1.025,1.0353,375,0
IWM191115P159,2019-11-12,2019-11-12 09:37:34,1.04,1.0505,19,1.02,1.0303,67,1.02,1.0303,2,1.03,1.0404,375,2
IWM191115P159,2019-11-12,2019-11-12 09:37:35,1.03,1.0404,19,1.01,1.0202,65,1.02,1.0303,2,1.02,1.0303,375,0
IWM191115P159,2019-11-12,2019-11-12 09:37:35,1.03,1.0404,134,1.01,1.0202,65,1.02,1.0303,2,1.02,1.0303,375,0
IWM191115P159,2019-11-12,2019-11-12 09:37:36,1.03,1.0404,260,1.01,1.0202,65,1.02,1.0303,2,1.02,1.0303,375,0
IWM191115P159,2019-11-12,2019-11-12 09:37:36,1.03,1.0404,296,1.01,1.0202,65,1.02,1.0303,2,1.02,1.0303,375,0
IWM191115P159,2019-11-12,2019-11-12 09:37:37,1.03,1.0404,224,1.0,1.0101,107,1.02,1.0303,2,1.015,1.0252,375,0
IWM191115P159,2019-11-12,2019-11-12 09:37:37,1.03,1.0404,293,1.0,1.0101,128,1.02,1.0303,2,1.015,1.0252,375,0
IWM191115P159,2019-11-12,2019-11-12 09:37:38,1.03,1.0404,224,1.0,1.0101,90,1.02,1.0303,2,1.015,1.0252,375,0
IWM191115P159,2019-11-12,2019-11-12 09:37:38,1.02,1.0303,140,1.0,1.0101,78,1.02,1.0303,2,1.01,1.0202,375,0
IWM191115P159,2019-11-12,2019-11-12 09:37:39,1.02,1.0303,24,1.0,1.0101,215,1.02,1.0303,2,1.01,1.0202,375,0
IWM191115P159,2019-11-12,2019-11-12 09:37:39,1.02,1.0303,156,1.0,1.0101,78,1.02,1.0303,2,1.01,1.0202,375,0
IWM191115P159,2019-11-12,2019-11-12 09:37:40,1.02,1.0303,24,1.0,1.0101,215,1.02,1.0303,2,1.01,1.0202,375,0
IWM191115P159,2019-11-12,2019-11-12 09:37:41,1.02,1.0303,8,1.0,1.0101,215,1.02,1.0303,2,1.01,1.0202,375,0
IWM191115P159,2019-11-12,2019-11-12 09:37:41,1.02,1.0303,8,1.0,1.0101,231,1.02,1.0303,2,1.01,1.0202,375,0
IWM191115P159,2019-11-12,2019-11-12 09:37:42,1.02,1.0303,8,1.0,1.0101,231,1.02,1.0303,2,1.01,1.0202,375,0
IWM191115P159,2019-11-12,2019-11-12 09:37:43,1.02,1.0303,8,1.0,1.0101,231,1.02,1.0303,2,1.01,1.0202,375,0
IWM191115P159,2019-11-12,2019-11-12 09:37:43,1.02,1.0303,8,1.0,1.0101,215,1.02,1.0303,2,1.01,1.0202,375,0
IWM191115P159,2019-11-12,2019-11-12 09:37:44,1.02,1.0303,12,1.0,1.0101,237,1.02,1.0303,2,1.01,1.0202,375,0
IWM191115P159,2019-11-12,2019-11-12 09:37:45,1.04,1.0505,97,1.01,1.0202,18,1.02,1.0303,2,1.025,1.0353,375,0
IWM191115P159,2019-11-12,2019-11-12 09:37:45,1.05,1.0606,100,1.01,1.0202,18,1.02,1.0303,2,1.03,1.0404,375,0
IWM191115P159,2019-11-12,2019-11-12 09:37:46,1.03,1.0404,11,1.01,1.0202,108,1.02,1.0303,2,1.02,1.0303,375,0
IWM191115P159,2019-11-12,2019-11-12 09:37:46,1.03,1.0404,11,1.01,1.0202,161,1.02,1.0303,2,1.02,1.0303,375,0
IWM191115P159,2019-11-12,2019-11-12 09:37:47,1.03,1.0404,11,1.01,1.0202,183,1.02,1.0303,2,1.02,1.0303,375,0
IWM191115P159,2019-11-12,2019-11-12 09:37:49,1.05,1.0606,103,1.02,1.0303,180,1.02,1.0303,2,1.035,1.0454,375,0
IWM191115P159,2019-11-12,2019-11-12 09:37:49,1.05,1.0606,46,1.02,1.0303,190,1.02,1.0303,2,1.035,1.0454,375,0
IWM191115P159,2019-11-12,2019-11-12 09:37:50,1.05,1.0606,46,1.03,1.0404,149,1.02,1.0303,2,1.04,1.0505,375,0
IWM191115P159,2019-11-12,2019-11-12 09:37:51,1.05,1.0606,70,1.03,1.0404,121,1.02,1.0303,2,1.04,1.0505,375,0
IWM191115P159,2019-11-12,2019-11-12 09:37:51,1.05,1.0606,46,1.03,1.0404,133,1.02,1.0303,2,1.04,1.0505,375,0
IWM191115P159,2019-11-12,2019-11-12 09:37:52,1.06,1.0707,58,1.03,1.0404,174,1.02,1.0303,2,1.045,1.0555,375,0
IWM191115P159,2019-11-12,2019-11-12 09:37:52,1.05,1.0606,36,1.03,1.0404,42,1.02,1.0303,2,1.04,1.0505,375,0
IWM191115P159,2019-11-12,2019-11-12 09:37:53,1.05,1.0606,36,1.03,1.0404,42,1.02,1.0303,2,1.04,1.0505,375,0
IWM191115P159,2019-11-12,2019-11-12 09:37:53,1.05,1.0606,11,1.03,1.0404,175,1.02,1.0303,2,1.04,1.0505,375,0
IWM191115P159,2019-11-12,2019-11-12 09:37:54,1.05,1.0606,11,1.03,1.0404,175,1.02,1.0303,2,1.04,1.0505,375,0
IWM191115P159,2019-11-12,2019-11-12 09:37:54,1.06,1.0707,125,1.03,1.0404,68,1.02,1.0303,2,1.045,1.0555,375,0
IWM191115P159,2019-11-12,2019-11-12 09:37:55,1.04,1.0505,161,1.01,1.0202,108,1.02,1.0303,2,1.025,1.0353,375,0
IWM191115P159,2019-11-12,2019-11-12 09:37:55,1.04,1.0505,266,1.02,1.0303,18,1.02,1.0303,2,1.03,1.0404,375,0
IWM191115P159,2019-11-12,2019-11-12 09:37:56,1.03,1.0404,11,1.02,1.0303,39,1.02,1.0303,2,1.025,1.0353,375,0
IWM191115P159,2019-11-12,2019-11-12 09:37:56,1.04,1.0505,162,1.02,1.0303,21,1.02,1.0303,2,1.03,1.0404,375,0
IWM191115P159,2019-11-12,2019-11-12 09:37:57,1.05,1.0606,174,1.02,1.0303,88,1.02,1.0303,2,1.035,1.0454,375,0
IWM191115P159,2019-11-12,2019-11-12 09:37:57,1.05,1.0606,174,1.02,1.0303,162,1.02,1.0303,2,1.035,1.0454,375,0
IWM191115P159,2019-11-12,2019-11-12 09:37:58,1.06,1.0707,16,1.04,1.0505,215,1.02,1.0303,2,1.05,1.0606,375,0
IWM191115P159,2019-11-12,2019-11-12 09:37:58,1.05,1.0606,159,1.02,1.0303,137,1.02,1.0303,2,1.035,1.0454,375,0
IWM191115P159,2019-11-12,2019-11-12 09:37:59,1.08,1.0909,136,1.05,1.0606,75,1.02,1.0303,2,1.065,1.0757,375,0
IWM191115P159,2019-11-12,2019-11-12 09:37:59,1.06,1.0707,19,1.04,1.0505,99,1.02,1.0303,2,1.05,1.0606,375,0
IWM191115P159,2019-11-12,2019-11-12 09:38:00,1.08,1.0909,37,1.07,1.0808,86,1.02,1.0303,2,1.075,1.0858,375,0
IWM191115P159,2019-11-12,2019-11-12 09:38:00,1.08,1.0909,37,1.05,1.0606,135,1.02,1.0303,2,1.065,1.0757,375,0
IWM191115P159,2019-11-12,2019-11-12 09:38:01,1.09,1.101,1,1.07,1.0808,256,1.02,1.0303,2,1.08,1.0909,375,0
IWM191115P159,2019-11-12,2019-11-12 09:38:02,1.09,1.101,1,1.07,1.0808,294,1.02,1.0303,2,1.08,1.0909,375,0
IWM191115P159,2019-11-12,2019-11-12 09:38:02,1.09,1.101,1,1.07,1.0808,338,1.02,1.0303,2,1.08,1.0909,375,0
IWM191115P159,2019-11-12,2019-11-12 09:38:03,1.09,1.101,1,1.08,1.0909,116,1.02,1.0303,2,1.085,1.0959,375,0
IWM191115P159,2019-11-12,2019-11-12 09:38:03,1.09,1.101,1,1.08,1.0909,137,1.02,1.0303,2,1.085,1.0959,375,0
IWM191115P159,2019-11-12,2019-11-12 09:38:04,1.09,1.101,1,1.08,1.0909,116,1.02,1.0303,2,1.085,1.0959,375,0
IWM191115P159,2019-11-12,2019-11-12 09:38:05,1.1,1.1111,18,1.08,1.0909,87,1.09,1.101,1,1.09,1.101,376,1
IWM191115P159,2019-11-12,2019-11-12 09:38:06,1.1,1.1111,6,1.08,1.0909,155,1.09,1.101,1,1.09,1.101,376,0
IWM191115P159,2019-11-12,2019-11-12 09:38:07,1.1,1.1111,139,1.07,1.0808,1,1.09,1.101,1,1.085,1.0959,376,0
IWM191115P159,2019-11-12,2019-11-12 09:38:07,1.1,1.1111,9,1.08,1.0909,162,1.09,1.101,1,1.09,1.101,376,0
IWM191115P159,2019-11-12,2019-11-12 09:38:08,1.1,1.1111,369,1.07,1.0808,1,1.09,1.101,1,1.085,1.0959,376,0
IWM191115P159,2019-11-12,2019-11-12 09:38:09,1.09,1.101,22,1.07,1.0808,87,1.09,1.101,1,1.08,1.0909,376,0
IWM191115P159,2019-11-12,2019-11-12 09:38:09,1.1,1.1111,369,1.07,1.0808,21,1.09,1.101,1,1.085,1.0959,376,0
IWM191115P159,2019-11-12,2019-11-12 09:38:10,1.09,1.101,162,1.06,1.0707,190,1.09,1.101,1,1.075,1.0858,376,0
IWM191115P159,2019-11-12,2019-11-12 09:38:10,1.1,1.1111,40,1.07,1.0808,102,1.09,1.101,1,1.085,1.0959,376,0
IWM191115P159,2019-11-12,2019-11-12 09:38:11,1.08,1.0909,11,1.07,1.0808,78,1.09,1.101,1,1.075,1.0858,376,0
IWM191115P159,2019-11-12,2019-11-12 09:38:11,1.09,1.101,140,1.07,1.0808,78,1.09,1.101,1,1.08,1.0909,376,0
IWM191115P159,2019-11-12,2019-11-12 09:38:12,1.09,1.101,124,1.07,1.0808,27,1.09,1.101,1,1.08,1.0909,376,0
IWM191115P159,2019-11-12,2019-11-12 09:38:13,1.09,1.101,165,1.07,1.0808,20,1.09,1.101,1,1.08,1.0909,376,0
IWM191115P159,2019-11-12,2019-11-12 09:38:13,1.09,1.101,165,1.07,1.0808,22,1.09,1.101,1,1.08,1.0909,376,0
IWM191115P159,2019-11-12,2019-11-12 09:38:14,1.09,1.101,37,1.07,1.0808,40,1.09,1.101,1,1.08,1.0909,376,0
IWM191115P159,2019-11-12,2019-11-12 09:38:14,1.09,1.101,156,1.05,1.0606,155,1.09,1.101,1,1.07,1.0808,376,0
IWM191115P159,2019-11-12,2019-11-12 09:38:15,1.07,1.0808,40,1.05,1.0606,130,1.09,1.101,1,1.06,1.0707,376,0
IWM191115P159,2019-11-12,2019-11-12 09:38:15,1.07,1.0808,94,1.05,1.0606,61,1.09,1.101,1,1.06,1.0707,376,0
IWM191115P159,2019-11-12,2019-11-12 09:38:16,1.07,1.0808,147,1.05,1.0606,61,1.09,1.101,1,1.06,1.0707,376,0
IWM191115P159,2019-11-12,2019-11-12 09:38:16,1.07,1.0808,40,1.05,1.0606,157,1.09,1.101,1,1.06,1.0707,376,0
IWM191115P159,2019-11-12,2019-11-12 09:38:17,1.07,1.0808,125,1.04,1.0505,78,1.09,1.101,1,1.055,1.0656,376,0
IWM191115P159,2019-11-12,2019-11-12 09:38:17,1.07,1.0808,112,1.05,1.0606,48,1.09,1.101,1,1.06,1.0707,376,0
IWM191115P159,2019-11-12,2019-11-12 09:38:18,1.07,1.0808,155,1.04,1.0505,177,1.09,1.101,1,1.055,1.0656,376,0
IWM191115P159,2019-11-12,2019-11-12 09:38:18,1.07,1.0808,112,1.05,1.0606,21,1.09,1.101,1,1.06,1.0707,376,0
IWM191115P159,2019-11-12,2019-11-12 09:38:19,1.07,1.0808,112,1.05,1.0606,21,1.09,1.101,1,1.06,1.0707,376,0
IWM191115P159,2019-11-12,2019-11-12 09:38:19,1.07,1.0808,132,1.05,1.0606,21,1.09,1.101,1,1.06,1.0707,376,0
IWM191115P159,2019-11-12,2019-11-12 09:38:20,1.08,1.0909,141,1.05,1.0606,129,1.09,1.101,1,1.065,1.0757,376,0
IWM191115P159,2019-11-12,2019-11-12 09:38:20,1.08,1.0909,204,1.05,1.0606,200,1.09,1.101,1,1.065,1.0757,376,0
IWM191115P159,2019-11-12,2019-11-12 09:38:21,1.08,1.0909,15,1.05,1.0606,4,1.09,1.101,1,1.065,1.0757,376,0
IWM191115P159,2019-11-12,2019-11-12 09:38:21,1.08,1.0909,162,1.05,1.0606,89,1.09,1.101,1,1.065,1.0757,376,0
IWM191115P159,2019-11-12,2019-11-12 09:38:22,1.08,1.0909,191,1.05,1.0606,93,1.09,1.101,1,1.065,1.0757,376,0
IWM191115P159,2019-11-12,2019-11-12 09:38:22,1.08,1.0909,239,1.06,1.0707,7,1.09,1.101,1,1.07,1.0808,376,0
IWM191115P159,2019-11-12,2019-11-12 09:38:23,1.08,1.0909,270,1.05,1.0606,76,1.09,1.101,1,1.065,1.0757,376,0
IWM191115P159,2019-11-12,2019-11-12 09:38:23,1.08,1.0909,122,1.06,1.0707,21,1.09,1.101,1,1.07,1.0808,376,0
IWM191115P159,2019-11-12,2019-11-12 09:38:24,1.08,1.0909,249,1.05,1.0606,76,1.09,1.101,1,1.065,1.0757,376,0
IWM191115P159,2019-11-12,2019-11-12 09:38:24,1.08,1.0909,260,1.05,1.0606,127,1.09,1.101,1,1.065,1.0757,376,0
IWM191115P159,2019-11-12,2019-11-12 09:38:25,1.08,1.0909,24,1.06,1.0707,107,1.09,1.101,1,1.07,1.0808,376,0
IWM191115P159,2019-11-12,2019-11-12 09:38:26,1.09,1.101,15,1.06,1.0707,185,1.09,1.101,1,1.075,1.0858,376,0
IWM191115P159,2019-11-12,2019-11-12 09:38:26,1.09,1.101,127,1.06,1.0707,303,1.09,1.101,1,1.075,1.0858,376,0
IWM191115P159,2019-11-12,2019-11-12 09:38:27,1.09,1.101,36,1.06,1.0707,251,1.09,1.101,1,1.075,1.0858,376,0
IWM191115P159,2019-11-12,2019-11-12 09:38:27,1.09,1.101,127,1.06,1.0707,247,1.09,1.101,1,1.075,1.0858,376,0
IWM191115P159,2019-11-12,2019-11-12 09:38:28,1.07,1.0808,116,1.05,1.0606,36,1.09,1.101,1,1.06,1.0707,376,0
IWM191115P159,2019-11-12,2019-11-12 09:38:28,1.08,1.0909,201,1.05,1.0606,115,1.09,1.101,1,1.065,1.0757,376,0
IWM191115P159,2019-11-12,2019-11-12 09:38:29,1.07,1.0808,88,1.05,1.0606,52,1.09,1.101,1,1.06,1.0707,376,0
IWM191115P159,2019-11-12,2019-11-12 09:38:29,1.07,1.0808,88,1.05,1.0606,36,1.09,1.101,1,1.06,1.0707,376,0
IWM191115P159,2019-11-12,2019-11-12 09:38:30,1.07,1.0808,175,1.04,1.0505,220,1.09,1.101,1,1.055,1.0656,376,0
IWM191115P159,2019-11-12,2019-11-12 09:38:30,1.07,1.0808,72,1.05,1.0606,36,1.09,1.101,1,1.06,1.0707,376,0
IWM191115P159,2019-11-12,2019-11-12 09:38:31,1.07,1.0808,11,1.05,1.0606,134,1.09,1.101,1,1.06,1.0707,376,0
IWM191115P159,2019-11-12,2019-11-12 09:38:31,1.08,1.0909,121,1.05,1.0606,93,1.09,1.101,1,1.065,1.0757,376,0
IWM191115P159,2019-11-12,2019-11-12 09:38:32,1.09,1.101,128,1.06,1.0707,106,1.09,1.101,1,1.075,1.0858,376,0
IWM191115P159,2019-11-12,2019-11-12 09:38:32,1.09,1.101,138,1.06,1.0707,225,1.09,1.101,1,1.075,1.0858,376,0
IWM191115P159,2019-11-12,2019-11-12 09:38:33,1.08,1.0909,19,1.06,1.0707,225,1.09,1.101,1,1.07,1.0808,376,0
IWM191115P159,2019-11-12,2019-11-12 09:38:33,1.08,1.0909,29,1.06,1.0707,150,1.09,1.101,1,1.07,1.0808,376,0
IWM191115P159,2019-11-12,2019-11-12 09:38:34,1.08,1.0909,11,1.06,1.0707,150,1.09,1.101,1,1.07,1.0808,376,0
IWM191115P159,2019-11-12,2019-11-12 09:38:34,1.09,1.101,15,1.07,1.0808,55,1.09,1.101,1,1.08,1.0909,376,0
IWM191115P159,2019-11-12,2019-11-12 09:38:35,1.09,1.101,42,1.07,1.0808,105,1.09,1.101,1,1.08,1.0909,376,0
IWM191115P159,2019-11-12,2019-11-12 09:38:35,1.09,1.101,53,1.07,1.0808,122,1.09,1.101,1,1.08,1.0909,376,0
IWM191115P159,2019-11-12,2019-11-12 09:38:36,1.09,1.101,69,1.07,1.0808,75,1.09,1.101,1,1.08,1.0909,376,0
IWM191115P159,2019-11-12,2019-11-12 09:38:36,1.09,1.101,53,1.07,1.0808,122,1.09,1.101,1,1.08,1.0909,376,0
IWM191115P159,2019-11-12,2019-11-12 09:38:37,1.09,1.101,69,1.07,1.0808,148,1.09,1.101,1,1.08,1.0909,376,0
IWM191115P159,2019-11-12,2019-11-12 09:38:37,1.09,1.101,69,1.07,1.0808,122,1.09,1.101,1,1.08,1.0909,376,0
IWM191115P159,2019-11-12,2019-11-12 09:38:38,1.09,1.101,11,1.07,1.0808,144,1.09,1.101,1,1.08,1.0909,376,0
IWM191115P159,2019-11-12,2019-11-12 09:38:38,1.09,1.101,69,1.07,1.0808,148,1.09,1.101,1,1.08,1.0909,376,0
IWM191115P159,2019-11-12,2019-11-12 09:38:39,1.09,1.101,11,1.07,1.0808,25,1.09,1.101,1,1.08,1.0909,376,0
IWM191115P159,2019-11-12,2019-11-12 09:38:39,1.09,1.101,102,1.07,1.0808,28,1.09,1.101,1,1.08,1.0909,376,0
IWM191115P159,2019-11-12,2019-11-12 09:38:40,1.08,1.0909,97,1.06,1.0707,20,1.09,1.101,1,1.07,1.0808,376,0
IWM191115P159,2019-11-12,2019-11-12 09:38:40,1.09,1.101,177,1.06,1.0707,136,1.09,1.101,1,1.075,1.0858,376,0
IWM191115P159,2019-11-12,2019-11-12 09:38:41,1.07,1.0808,3,1.05,1.0606,138,1.09,1.101,1,1.06,1.0707,376,0
IWM191115P159,2019-11-12,2019-11-12 09:38:42,1.08,1.0909,17,1.06,1.0707,90,1.09,1.101,1,1.07,1.0808,376,0
IWM191115P159,2019-11-12,2019-11-12 09:38:42,1.08,1.0909,26,1.06,1.0707,103,1.09,1.101,1,1.07,1.0808,376,0
IWM191115P159,2019-11-12,2019-11-12 09:38:43,1.08,1.0909,192,1.06,1.0707,58,1.08,1.0909,30,1.07,1.0808,406,0
IWM191115P159,2019-11-12,2019-11-12 09:38:43,1.08,1.0909,139,1.06,1.0707,70,1.08,1.0909,30,1.07,1.0808,406,30
IWM191115P159,2019-11-12,2019-11-12 09:38:44,1.08,1.0909,161,1.06,1.0707,66,1.08,1.0909,30,1.07,1.0808,406,0
IWM191115P159,2019-11-12,2019-11-12 09:38:44,1.08,1.0909,161,1.06,1.0707,76,1.08,1.0909,30,1.07,1.0808,406,0
IWM191115P159,2019-11-12,2019-11-12 09:38:45,1.08,1.0909,161,1.06,1.0707,66,1.08,1.0909,30,1.07,1.0808,406,0
IWM191115P159,2019-11-12,2019-11-12 09:38:46,1.08,1.0909,101,1.06,1.0707,66,1.08,1.0909,30,1.07,1.0808,406,0
IWM191115P159,2019-11-12,2019-11-12 09:38:47,1.08,1.0909,43,1.06,1.0707,83,1.08,1.0909,30,1.07,1.0808,406,0
IWM191115P159,2019-11-12,2019-11-12 09:38:47,1.08,1.0909,161,1.06,1.0707,58,1.08,1.0909,30,1.07,1.0808,406,0
IWM191115P159,2019-11-12,2019-11-12 09:38:48,1.08,1.0909,43,1.06,1.0707,83,1.08,1.0909,30,1.07,1.0808,406,0
