symbol,Date,quote_time,ask_price,norm_ask_price,ask_size,bid_price,norm_bid_price,bid_size,last_trade_price,norm_last_trade_price,last_trade_size,mark_price,norm_mark_price,volume,Volume
IWM190913P145,2019-09-06,2019-09-06 11:21:50,0.18,1.0,990,0.16,0.8888,586,0.18,1.0,1,0.17,0.9444,78,0
IWM190913P145,2019-09-06,2019-09-06 11:21:50,0.18,1.0,990,0.16,0.8888,586,0.18,1.0,1,0.17,0.9444,78,78
IWM190913P145,2019-09-06,2019-09-06 11:21:51,0.18,1.0,990,0.16,0.8888,586,0.18,1.0,1,0.17,0.9444,78,0
IWM190913P145,2019-09-06,2019-09-06 11:21:52,0.18,1.0,990,0.16,0.8888,586,0.18,1.0,1,0.17,0.9444,78,0
IWM190913P145,2019-09-06,2019-09-06 11:21:53,0.18,1.0,990,0.16,0.8888,586,0.18,1.0,1,0.17,0.9444,78,0
IWM190913P145,2019-09-06,2019-09-06 11:21:54,0.18,1.0,990,0.16,0.8888,586,0.18,1.0,1,0.17,0.9444,78,0
IWM190913P145,2019-09-06,2019-09-06 11:21:55,0.18,1.0,990,0.16,0.8888,586,0.18,1.0,1,0.17,0.9444,78,0
IWM190913P145,2019-09-06,2019-09-06 11:21:56,0.18,1.0,966,0.16,0.8888,586,0.18,1.0,1,0.17,0.9444,78,0
IWM190913P145,2019-09-06,2019-09-06 11:21:56,0.18,1.0,966,0.16,0.8888,809,0.18,1.0,1,0.17,0.9444,78,0
IWM190913P145,2019-09-06,2019-09-06 11:21:57,0.18,1.0,966,0.16,0.8888,809,0.18,1.0,1,0.17,0.9444,78,0
IWM190913P145,2019-09-06,2019-09-06 11:21:58,0.18,1.0,966,0.16,0.8888,809,0.18,1.0,1,0.17,0.9444,78,0
IWM190913P145,2019-09-06,2019-09-06 11:21:59,0.18,1.0,966,0.16,0.8888,809,0.18,1.0,1,0.17,0.9444,78,0
IWM190913P145,2019-09-06,2019-09-06 11:21:59,0.18,1.0,966,0.16,0.8888,799,0.18,1.0,1,0.17,0.9444,78,0
IWM190913P145,2019-09-06,2019-09-06 11:22:00,0.17,0.9444,1,0.16,0.8888,586,0.18,1.0,1,0.165,0.9166,78,0
IWM190913P145,2019-09-06,2019-09-06 11:22:00,0.18,1.0,966,0.16,0.8888,586,0.18,1.0,1,0.17,0.9444,78,0
IWM190913P145,2019-09-06,2019-09-06 11:22:01,0.17,0.9444,402,0.16,0.8888,543,0.18,1.0,1,0.165,0.9166,78,0
IWM190913P145,2019-09-06,2019-09-06 11:22:02,0.17,0.9444,402,0.16,0.8888,543,0.18,1.0,1,0.165,0.9166,78,0
IWM190913P145,2019-09-06,2019-09-06 11:22:03,0.17,0.9444,402,0.16,0.8888,543,0.18,1.0,1,0.165,0.9166,78,0
IWM190913P145,2019-09-06,2019-09-06 11:22:04,0.17,0.9444,402,0.16,0.8888,543,0.18,1.0,1,0.165,0.9166,78,0
IWM190913P145,2019-09-06,2019-09-06 11:22:04,0.17,0.9444,586,0.16,0.8888,543,0.18,1.0,1,0.165,0.9166,78,0
IWM190913P145,2019-09-06,2019-09-06 11:22:05,0.17,0.9444,586,0.16,0.8888,543,0.18,1.0,1,0.165,0.9166,78,0
IWM190913P145,2019-09-06,2019-09-06 11:22:06,0.17,0.9444,503,0.16,0.8888,543,0.18,1.0,1,0.165,0.9166,78,0
IWM190913P145,2019-09-06,2019-09-06 11:22:07,0.17,0.9444,503,0.16,0.8888,543,0.18,1.0,1,0.165,0.9166,78,0
IWM190913P145,2019-09-06,2019-09-06 11:22:08,0.17,0.9444,503,0.16,0.8888,543,0.18,1.0,1,0.165,0.9166,78,0
IWM190913P145,2019-09-06,2019-09-06 11:22:09,0.17,0.9444,503,0.16,0.8888,543,0.18,1.0,1,0.165,0.9166,78,0
IWM190913P145,2019-09-06,2019-09-06 11:22:10,0.17,0.9444,503,0.16,0.8888,543,0.18,1.0,1,0.165,0.9166,78,0
IWM190913P145,2019-09-06,2019-09-06 11:22:11,0.17,0.9444,364,0.16,0.8888,776,0.18,1.0,1,0.165,0.9166,78,0
IWM190913P145,2019-09-06,2019-09-06 11:22:11,0.17,0.9444,503,0.16,0.8888,776,0.18,1.0,1,0.165,0.9166,78,0
IWM190913P145,2019-09-06,2019-09-06 11:22:12,0.17,0.9444,653,0.16,0.8888,776,0.18,1.0,1,0.165,0.9166,78,0
IWM190913P145,2019-09-06,2019-09-06 11:22:13,0.17,0.9444,653,0.16,0.8888,776,0.18,1.0,1,0.165,0.9166,78,0
IWM190913P145,2019-09-06,2019-09-06 11:22:14,0.17,0.9444,653,0.16,0.8888,776,0.18,1.0,1,0.165,0.9166,78,0
IWM190913P145,2019-09-06,2019-09-06 11:22:14,0.17,0.9444,458,0.16,0.8888,776,0.18,1.0,1,0.165,0.9166,78,0
IWM190913P145,2019-09-06,2019-09-06 11:22:15,0.17,0.9444,356,0.16,0.8888,580,0.18,1.0,1,0.165,0.9166,78,0
IWM190913P145,2019-09-06,2019-09-06 11:22:15,0.17,0.9444,356,0.16,0.8888,776,0.18,1.0,1,0.165,0.9166,78,0
IWM190913P145,2019-09-06,2019-09-06 11:22:16,0.17,0.9444,356,0.16,0.8888,580,0.18,1.0,1,0.165,0.9166,78,0
IWM190913P145,2019-09-06,2019-09-06 11:22:16,0.17,0.9444,356,0.16,0.8888,778,0.18,1.0,1,0.165,0.9166,78,0
IWM190913P145,2019-09-06,2019-09-06 11:22:17,0.17,0.9444,507,0.16,0.8888,790,0.18,1.0,1,0.165,0.9166,78,0
IWM190913P145,2019-09-06,2019-09-06 11:22:18,0.17,0.9444,306,0.16,0.8888,790,0.18,1.0,1,0.165,0.9166,78,0
IWM190913P145,2019-09-06,2019-09-06 11:22:19,0.17,0.9444,306,0.16,0.8888,790,0.18,1.0,1,0.165,0.9166,78,0
IWM190913P145,2019-09-06,2019-09-06 11:22:19,0.17,0.9444,306,0.16,0.8888,799,0.18,1.0,1,0.165,0.9166,78,0
IWM190913P145,2019-09-06,2019-09-06 11:22:20,0.17,0.9444,210,0.16,0.8888,687,0.18,1.0,1,0.165,0.9166,78,0
IWM190913P145,2019-09-06,2019-09-06 11:22:20,0.17,0.9444,306,0.16,0.8888,662,0.18,1.0,1,0.165,0.9166,78,0
IWM190913P145,2019-09-06,2019-09-06 11:22:21,0.17,0.9444,24,0.16,0.8888,694,0.18,1.0,1,0.165,0.9166,78,0
IWM190913P145,2019-09-06,2019-09-06 11:22:21,0.17,0.9444,159,0.16,0.8888,694,0.18,1.0,1,0.165,0.9166,78,0
IWM190913P145,2019-09-06,2019-09-06 11:22:22,0.17,0.9444,24,0.16,0.8888,678,0.18,1.0,1,0.165,0.9166,78,0
IWM190913P145,2019-09-06,2019-09-06 11:22:22,0.17,0.9444,24,0.16,0.8888,687,0.18,1.0,1,0.165,0.9166,78,0
IWM190913P145,2019-09-06,2019-09-06 11:22:23,0.17,0.9444,24,0.16,0.8888,687,0.18,1.0,1,0.165,0.9166,78,0
IWM190913P145,2019-09-06,2019-09-06 11:22:23,0.17,0.9444,24,0.16,0.8888,678,0.18,1.0,1,0.165,0.9166,78,0
IWM190913P145,2019-09-06,2019-09-06 11:22:24,0.18,1.0,794,0.16,0.8888,687,0.18,1.0,1,0.17,0.9444,78,0
IWM190913P145,2019-09-06,2019-09-06 11:22:24,0.18,1.0,657,0.16,0.8888,587,0.18,1.0,1,0.17,0.9444,78,0
IWM190913P145,2019-09-06,2019-09-06 11:22:25,0.18,1.0,794,0.16,0.8888,687,0.18,1.0,1,0.17,0.9444,78,0
IWM190913P145,2019-09-06,2019-09-06 11:22:26,0.18,1.0,818,0.16,0.8888,687,0.18,1.0,1,0.17,0.9444,78,0
IWM190913P145,2019-09-06,2019-09-06 11:22:27,0.18,1.0,818,0.16,0.8888,687,0.18,1.0,1,0.17,0.9444,78,0
IWM190913P145,2019-09-06,2019-09-06 11:22:27,0.17,0.9444,249,0.16,0.8888,622,0.18,1.0,1,0.165,0.9166,78,0
IWM190913P145,2019-09-06,2019-09-06 11:22:28,0.17,0.9444,249,0.16,0.8888,622,0.18,1.0,1,0.165,0.9166,78,0
IWM190913P145,2019-09-06,2019-09-06 11:22:29,0.17,0.9444,249,0.16,0.8888,622,0.18,1.0,1,0.165,0.9166,78,0
IWM190913P145,2019-09-06,2019-09-06 11:22:30,0.17,0.9444,249,0.16,0.8888,622,0.18,1.0,1,0.165,0.9166,78,0
IWM190913P145,2019-09-06,2019-09-06 11:22:30,0.17,0.9444,539,0.16,0.8888,622,0.18,1.0,1,0.165,0.9166,78,0
IWM190913P145,2019-09-06,2019-09-06 11:22:31,0.17,0.9444,638,0.16,0.8888,738,0.18,1.0,1,0.165,0.9166,78,0
IWM190913P145,2019-09-06,2019-09-06 11:22:31,0.17,0.9444,638,0.16,0.8888,622,0.18,1.0,1,0.165,0.9166,78,0
IWM190913P145,2019-09-06,2019-09-06 11:22:32,0.17,0.9444,678,0.16,0.8888,738,0.18,1.0,1,0.165,0.9166,78,0
IWM190913P145,2019-09-06,2019-09-06 11:22:33,0.17,0.9444,678,0.16,0.8888,738,0.18,1.0,1,0.165,0.9166,78,0
IWM190913P145,2019-09-06,2019-09-06 11:22:34,0.17,0.9444,678,0.16,0.8888,738,0.18,1.0,1,0.165,0.9166,78,0
IWM190913P145,2019-09-06,2019-09-06 11:22:35,0.17,0.9444,678,0.16,0.8888,738,0.18,1.0,1,0.165,0.9166,78,0
IWM190913P145,2019-09-06,2019-09-06 11:22:36,0.17,0.9444,678,0.16,0.8888,738,0.18,1.0,1,0.165,0.9166,78,0
IWM190913P145,2019-09-06,2019-09-06 11:22:37,0.17,0.9444,678,0.16,0.8888,738,0.18,1.0,1,0.165,0.9166,78,0
IWM190913P145,2019-09-06,2019-09-06 11:22:38,0.17,0.9444,678,0.16,0.8888,738,0.18,1.0,1,0.165,0.9166,78,0
IWM190913P145,2019-09-06,2019-09-06 11:22:39,0.17,0.9444,678,0.16,0.8888,728,0.18,1.0,1,0.165,0.9166,78,0
IWM190913P145,2019-09-06,2019-09-06 11:22:40,0.17,0.9444,678,0.16,0.8888,728,0.18,1.0,1,0.165,0.9166,78,0
IWM190913P145,2019-09-06,2019-09-06 11:22:41,0.17,0.9444,678,0.16,0.8888,728,0.18,1.0,1,0.165,0.9166,78,0
IWM190913P145,2019-09-06,2019-09-06 11:22:41,0.17,0.9444,678,0.16,0.8888,570,0.18,1.0,1,0.165,0.9166,78,0
IWM190913P145,2019-09-06,2019-09-06 11:22:42,0.17,0.9444,678,0.16,0.8888,570,0.18,1.0,1,0.165,0.9166,78,0
IWM190913P145,2019-09-06,2019-09-06 11:22:43,0.17,0.9444,678,0.16,0.8888,570,0.18,1.0,1,0.165,0.9166,78,0
IWM190913P145,2019-09-06,2019-09-06 11:22:44,0.17,0.9444,678,0.16,0.8888,570,0.18,1.0,1,0.165,0.9166,78,0
IWM190913P145,2019-09-06,2019-09-06 11:22:45,0.17,0.9444,678,0.16,0.8888,570,0.18,1.0,1,0.165,0.9166,78,0
IWM190913P145,2019-09-06,2019-09-06 11:22:45,0.17,0.9444,487,0.16,0.8888,525,0.18,1.0,1,0.165,0.9166,78,0
IWM190913P145,2019-09-06,2019-09-06 11:22:46,0.17,0.9444,691,0.16,0.8888,525,0.18,1.0,1,0.165,0.9166,78,0
IWM190913P145,2019-09-06,2019-09-06 11:22:46,0.17,0.9444,487,0.16,0.8888,525,0.18,1.0,1,0.165,0.9166,78,0
IWM190913P145,2019-09-06,2019-09-06 11:22:47,0.17,0.9444,691,0.16,0.8888,566,0.18,1.0,1,0.165,0.9166,78,0
IWM190913P145,2019-09-06,2019-09-06 11:22:48,0.17,0.9444,691,0.16,0.8888,566,0.18,1.0,1,0.165,0.9166,78,0
IWM190913P145,2019-09-06,2019-09-06 11:22:49,0.17,0.9444,691,0.16,0.8888,566,0.18,1.0,1,0.165,0.9166,78,0
IWM190913P145,2019-09-06,2019-09-06 11:22:50,0.17,0.9444,691,0.16,0.8888,566,0.18,1.0,1,0.165,0.9166,78,0
IWM190913P145,2019-09-06,2019-09-06 11:22:51,0.17,0.9444,691,0.16,0.8888,566,0.18,1.0,1,0.165,0.9166,78,0
IWM190913P145,2019-09-06,2019-09-06 11:22:52,0.17,0.9444,691,0.16,0.8888,566,0.18,1.0,1,0.165,0.9166,78,0
IWM190913P145,2019-09-06,2019-09-06 11:22:53,0.17,0.9444,691,0.16,0.8888,566,0.18,1.0,1,0.165,0.9166,78,0
IWM190913P145,2019-09-06,2019-09-06 11:22:54,0.17,0.9444,691,0.16,0.8888,566,0.18,1.0,1,0.165,0.9166,78,0
IWM190913P145,2019-09-06,2019-09-06 11:22:55,0.17,0.9444,691,0.16,0.8888,566,0.18,1.0,1,0.165,0.9166,78,0
IWM190913P145,2019-09-06,2019-09-06 11:22:56,0.17,0.9444,691,0.16,0.8888,566,0.18,1.0,1,0.165,0.9166,78,0
IWM190913P145,2019-09-06,2019-09-06 11:22:56,0.17,0.9444,600,0.16,0.8888,566,0.18,1.0,1,0.165,0.9166,78,0
IWM190913P145,2019-09-06,2019-09-06 11:22:57,0.17,0.9444,600,0.16,0.8888,566,0.18,1.0,1,0.165,0.9166,78,0
IWM190913P145,2019-09-06,2019-09-06 11:22:58,0.17,0.9444,600,0.16,0.8888,566,0.18,1.0,1,0.165,0.9166,78,0
IWM190913P145,2019-09-06,2019-09-06 11:22:59,0.17,0.9444,411,0.16,0.8888,698,0.18,1.0,1,0.165,0.9166,78,0
IWM190913P145,2019-09-06,2019-09-06 11:22:59,0.17,0.9444,600,0.16,0.8888,566,0.18,1.0,1,0.165,0.9166,78,0
IWM190913P145,2019-09-06,2019-09-06 11:23:00,0.17,0.9444,322,0.16,0.8888,685,0.18,1.0,1,0.165,0.9166,78,0
IWM190913P145,2019-09-06,2019-09-06 11:23:00,0.17,0.9444,322,0.16,0.8888,676,0.18,1.0,1,0.165,0.9166,78,0
IWM190913P145,2019-09-06,2019-09-06 11:23:01,0.17,0.9444,322,0.16,0.8888,799,0.18,1.0,1,0.165,0.9166,78,0
IWM190913P145,2019-09-06,2019-09-06 11:23:01,0.17,0.9444,468,0.16,0.8888,682,0.18,1.0,1,0.165,0.9166,78,0
IWM190913P145,2019-09-06,2019-09-06 11:23:02,0.17,0.9444,468,0.16,0.8888,682,0.18,1.0,1,0.165,0.9166,78,0
IWM190913P145,2019-09-06,2019-09-06 11:23:02,0.17,0.9444,591,0.16,0.8888,800,0.18,1.0,1,0.165,0.9166,78,0
IWM190913P145,2019-09-06,2019-09-06 11:23:03,0.17,0.9444,591,0.16,0.8888,1316,0.18,1.0,1,0.165,0.9166,78,0
IWM190913P145,2019-09-06,2019-09-06 11:23:03,0.17,0.9444,591,0.16,0.8888,1332,0.18,1.0,1,0.165,0.9166,78,0
IWM190913P145,2019-09-06,2019-09-06 11:23:04,0.17,0.9444,591,0.16,0.8888,1461,0.18,1.0,1,0.165,0.9166,78,0
IWM190913P145,2019-09-06,2019-09-06 11:23:05,0.17,0.9444,556,0.16,0.8888,1461,0.18,1.0,1,0.165,0.9166,78,0
IWM190913P145,2019-09-06,2019-09-06 11:23:05,0.17,0.9444,591,0.16,0.8888,1461,0.18,1.0,1,0.165,0.9166,78,0
IWM190913P145,2019-09-06,2019-09-06 11:23:06,0.17,0.9444,556,0.16,0.8888,1461,0.18,1.0,1,0.165,0.9166,78,0
IWM190913P145,2019-09-06,2019-09-06 11:23:07,0.17,0.9444,556,0.16,0.8888,1332,0.18,1.0,1,0.165,0.9166,78,0
IWM190913P145,2019-09-06,2019-09-06 11:23:08,0.17,0.9444,556,0.16,0.8888,1332,0.18,1.0,1,0.165,0.9166,78,0
IWM190913P145,2019-09-06,2019-09-06 11:23:08,0.17,0.9444,636,0.16,0.8888,1300,0.18,1.0,1,0.165,0.9166,78,0
IWM190913P145,2019-09-06,2019-09-06 11:23:09,0.17,0.9444,630,0.16,0.8888,1295,0.18,1.0,1,0.165,0.9166,78,0
IWM190913P145,2019-09-06,2019-09-06 11:23:09,0.17,0.9444,636,0.16,0.8888,1295,0.18,1.0,1,0.165,0.9166,78,0
IWM190913P145,2019-09-06,2019-09-06 11:23:10,0.17,0.9444,630,0.16,0.8888,1295,0.18,1.0,1,0.165,0.9166,78,0
IWM190913P145,2019-09-06,2019-09-06 11:23:11,0.17,0.9444,630,0.16,0.8888,1295,0.18,1.0,1,0.165,0.9166,78,0
IWM190913P145,2019-09-06,2019-09-06 11:23:12,0.17,0.9444,630,0.16,0.8888,1295,0.18,1.0,1,0.165,0.9166,78,0
IWM190913P145,2019-09-06,2019-09-06 11:23:13,0.17,0.9444,630,0.16,0.8888,1295,0.18,1.0,1,0.165,0.9166,78,0
IWM190913P145,2019-09-06,2019-09-06 11:23:14,0.17,0.9444,630,0.16,0.8888,1295,0.18,1.0,1,0.165,0.9166,78,0
IWM190913P145,2019-09-06,2019-09-06 11:23:15,0.17,0.9444,630,0.16,0.8888,1295,0.18,1.0,1,0.165,0.9166,78,0
IWM190913P145,2019-09-06,2019-09-06 11:23:16,0.17,0.9444,630,0.16,0.8888,1295,0.18,1.0,1,0.165,0.9166,78,0
IWM190913P145,2019-09-06,2019-09-06 11:23:17,0.17,0.9444,630,0.16,0.8888,1295,0.18,1.0,1,0.165,0.9166,78,0
IWM190913P145,2019-09-06,2019-09-06 11:23:18,0.17,0.9444,573,0.16,0.8888,1305,0.18,1.0,1,0.165,0.9166,78,0
IWM190913P145,2019-09-06,2019-09-06 11:23:18,0.17,0.9444,630,0.16,0.8888,1295,0.18,1.0,1,0.165,0.9166,78,0
IWM190913P145,2019-09-06,2019-09-06 11:23:19,0.17,0.9444,573,0.16,0.8888,1776,0.18,1.0,1,0.165,0.9166,78,0
IWM190913P145,2019-09-06,2019-09-06 11:23:19,0.17,0.9444,573,0.16,0.8888,1305,0.18,1.0,1,0.165,0.9166,78,0
IWM190913P145,2019-09-06,2019-09-06 11:23:20,0.17,0.9444,573,0.16,0.8888,1776,0.18,1.0,1,0.165,0.9166,78,0
IWM190913P145,2019-09-06,2019-09-06 11:23:21,0.17,0.9444,573,0.16,0.8888,1305,0.18,1.0,1,0.165,0.9166,78,0
IWM190913P145,2019-09-06,2019-09-06 11:23:22,0.17,0.9444,573,0.16,0.8888,1305,0.18,1.0,1,0.165,0.9166,78,0
IWM190913P145,2019-09-06,2019-09-06 11:23:23,0.17,0.9444,573,0.16,0.8888,1305,0.18,1.0,1,0.165,0.9166,78,0
IWM190913P145,2019-09-06,2019-09-06 11:23:24,0.17,0.9444,573,0.16,0.8888,1305,0.18,1.0,1,0.165,0.9166,78,0
IWM190913P145,2019-09-06,2019-09-06 11:23:24,0.17,0.9444,573,0.16,0.8888,1391,0.18,1.0,1,0.165,0.9166,78,0
IWM190913P145,2019-09-06,2019-09-06 11:23:25,0.17,0.9444,573,0.16,0.8888,1771,0.18,1.0,1,0.165,0.9166,78,0
IWM190913P145,2019-09-06,2019-09-06 11:23:25,0.17,0.9444,573,0.16,0.8888,1867,0.18,1.0,1,0.165,0.9166,78,0
IWM190913P145,2019-09-06,2019-09-06 11:23:26,0.17,0.9444,573,0.16,0.8888,1315,0.18,1.0,1,0.165,0.9166,78,0
IWM190913P145,2019-09-06,2019-09-06 11:23:27,0.17,0.9444,573,0.16,0.8888,1315,0.18,1.0,1,0.165,0.9166,78,0
IWM190913P145,2019-09-06,2019-09-06 11:23:28,0.17,0.9444,573,0.16,0.8888,1315,0.18,1.0,1,0.165,0.9166,78,0
IWM190913P145,2019-09-06,2019-09-06 11:23:29,0.17,0.9444,571,0.16,0.8888,1315,0.18,1.0,1,0.165,0.9166,78,0
IWM190913P145,2019-09-06,2019-09-06 11:23:29,0.17,0.9444,573,0.16,0.8888,1315,0.18,1.0,1,0.165,0.9166,78,0
IWM190913P145,2019-09-06,2019-09-06 11:23:30,0.17,0.9444,571,0.16,0.8888,1315,0.18,1.0,1,0.165,0.9166,78,0
IWM190913P145,2019-09-06,2019-09-06 11:23:31,0.17,0.9444,631,0.16,0.8888,1315,0.18,1.0,1,0.165,0.9166,78,0
IWM190913P145,2019-09-06,2019-09-06 11:23:32,0.17,0.9444,631,0.16,0.8888,1315,0.18,1.0,1,0.165,0.9166,78,0
IWM190913P145,2019-09-06,2019-09-06 11:23:33,0.17,0.9444,631,0.16,0.8888,1315,0.18,1.0,1,0.165,0.9166,78,0
IWM190913P145,2019-09-06,2019-09-06 11:23:34,0.17,0.9444,631,0.16,0.8888,1315,0.18,1.0,1,0.165,0.9166,78,0
IWM190913P145,2019-09-06,2019-09-06 11:23:35,0.17,0.9444,631,0.16,0.8888,1315,0.18,1.0,1,0.165,0.9166,78,0
IWM190913P145,2019-09-06,2019-09-06 11:23:36,0.17,0.9444,631,0.16,0.8888,1315,0.18,1.0,1,0.165,0.9166,78,0
IWM190913P145,2019-09-06,2019-09-06 11:23:37,0.17,0.9444,631,0.16,0.8888,1315,0.18,1.0,1,0.165,0.9166,78,0
IWM190913P145,2019-09-06,2019-09-06 11:23:38,0.17,0.9444,631,0.16,0.8888,1315,0.18,1.0,1,0.165,0.9166,78,0
IWM190913P145,2019-09-06,2019-09-06 11:23:39,0.17,0.9444,446,0.16,0.8888,1469,0.18,1.0,1,0.165,0.9166,78,0
IWM190913P145,2019-09-06,2019-09-06 11:23:39,0.17,0.9444,596,0.16,0.8888,1315,0.18,1.0,1,0.165,0.9166,78,0
IWM190913P145,2019-09-06,2019-09-06 11:23:40,0.17,0.9444,596,0.16,0.8888,1315,0.18,1.0,1,0.165,0.9166,78,0
IWM190913P145,2019-09-06,2019-09-06 11:23:41,0.17,0.9444,596,0.16,0.8888,1474,0.18,1.0,1,0.165,0.9166,78,0
IWM190913P145,2019-09-06,2019-09-06 11:23:42,0.17,0.9444,596,0.16,0.8888,1791,0.18,1.0,1,0.165,0.9166,78,0
IWM190913P145,2019-09-06,2019-09-06 11:23:42,0.17,0.9444,596,0.16,0.8888,1315,0.18,1.0,1,0.165,0.9166,78,0
IWM190913P145,2019-09-06,2019-09-06 11:23:43,0.17,0.9444,596,0.16,0.8888,1315,0.18,1.0,1,0.165,0.9166,78,0
IWM190913P145,2019-09-06,2019-09-06 11:23:44,0.17,0.9444,596,0.16,0.8888,1468,0.18,1.0,1,0.165,0.9166,78,0
IWM190913P145,2019-09-06,2019-09-06 11:23:44,0.17,0.9444,596,0.16,0.8888,1315,0.18,1.0,1,0.165,0.9166,78,0
IWM190913P145,2019-09-06,2019-09-06 11:23:45,0.17,0.9444,596,0.16,0.8888,1468,0.18,1.0,1,0.165,0.9166,78,0
IWM190913P145,2019-09-06,2019-09-06 11:23:46,0.17,0.9444,596,0.16,0.8888,1468,0.18,1.0,1,0.165,0.9166,78,0
IWM190913P145,2019-09-06,2019-09-06 11:23:47,0.17,0.9444,596,0.16,0.8888,1468,0.18,1.0,1,0.165,0.9166,78,0
IWM190913P145,2019-09-06,2019-09-06 11:23:48,0.17,0.9444,596,0.16,0.8888,1315,0.18,1.0,1,0.165,0.9166,78,0
IWM190913P145,2019-09-06,2019-09-06 11:23:48,0.17,0.9444,636,0.16,0.8888,1315,0.18,1.0,1,0.165,0.9166,78,0
IWM190913P145,2019-09-06,2019-09-06 11:23:49,0.17,0.9444,636,0.16,0.8888,1315,0.18,1.0,1,0.165,0.9166,78,0
IWM190913P145,2019-09-06,2019-09-06 11:23:50,0.17,0.9444,636,0.16,0.8888,1315,0.18,1.0,1,0.165,0.9166,78,0
IWM190913P145,2019-09-06,2019-09-06 11:23:51,0.17,0.9444,638,0.16,0.8888,1315,0.18,1.0,1,0.165,0.9166,78,0
IWM190913P145,2019-09-06,2019-09-06 11:23:51,0.17,0.9444,636,0.16,0.8888,1315,0.18,1.0,1,0.165,0.9166,78,0
IWM190913P145,2019-09-06,2019-09-06 11:23:52,0.17,0.9444,638,0.16,0.8888,1315,0.18,1.0,1,0.165,0.9166,78,0
IWM190913P145,2019-09-06,2019-09-06 11:23:53,0.17,0.9444,638,0.16,0.8888,1315,0.18,1.0,1,0.165,0.9166,78,0
IWM190913P145,2019-09-06,2019-09-06 11:23:54,0.17,0.9444,596,0.16,0.8888,1315,0.18,1.0,1,0.165,0.9166,78,0
IWM190913P145,2019-09-06,2019-09-06 11:23:54,0.17,0.9444,638,0.16,0.8888,1315,0.18,1.0,1,0.165,0.9166,78,0
IWM190913P145,2019-09-06,2019-09-06 11:23:55,0.17,0.9444,596,0.16,0.8888,1315,0.18,1.0,1,0.165,0.9166,78,0
IWM190913P145,2019-09-06,2019-09-06 11:23:56,0.17,0.9444,596,0.16,0.8888,1315,0.18,1.0,1,0.165,0.9166,78,0
IWM190913P145,2019-09-06,2019-09-06 11:23:57,0.17,0.9444,596,0.16,0.8888,1802,0.18,1.0,1,0.165,0.9166,78,0
IWM190913P145,2019-09-06,2019-09-06 11:23:58,0.17,0.9444,596,0.16,0.8888,1802,0.18,1.0,1,0.165,0.9166,78,0
IWM190913P145,2019-09-06,2019-09-06 11:23:59,0.17,0.9444,596,0.16,0.8888,1802,0.18,1.0,1,0.165,0.9166,78,0
IWM190913P145,2019-09-06,2019-09-06 11:24:00,0.17,0.9444,341,0.16,0.8888,1315,0.18,1.0,1,0.165,0.9166,78,0
IWM190913P145,2019-09-06,2019-09-06 11:24:00,0.17,0.9444,637,0.16,0.8888,1315,0.18,1.0,1,0.165,0.9166,78,0
IWM190913P145,2019-09-06,2019-09-06 11:24:01,0.17,0.9444,341,0.16,0.8888,1315,0.18,1.0,1,0.165,0.9166,78,0
IWM190913P145,2019-09-06,2019-09-06 11:24:02,0.17,0.9444,341,0.16,0.8888,1315,0.18,1.0,1,0.165,0.9166,78,0
IWM190913P145,2019-09-06,2019-09-06 11:24:03,0.17,0.9444,341,0.16,0.8888,1315,0.18,1.0,1,0.165,0.9166,78,0
IWM190913P145,2019-09-06,2019-09-06 11:24:04,0.17,0.9444,341,0.16,0.8888,1315,0.18,1.0,1,0.165,0.9166,78,0
IWM190913P145,2019-09-06,2019-09-06 11:24:05,0.17,0.9444,341,0.16,0.8888,1269,0.18,1.0,1,0.165,0.9166,78,0
IWM190913P145,2019-09-06,2019-09-06 11:24:05,0.17,0.9444,341,0.16,0.8888,1315,0.18,1.0,1,0.165,0.9166,78,0
IWM190913P145,2019-09-06,2019-09-06 11:24:06,0.17,0.9444,610,0.16,0.8888,1269,0.18,1.0,1,0.165,0.9166,78,0
IWM190913P145,2019-09-06,2019-09-06 11:24:06,0.17,0.9444,429,0.16,0.8888,1258,0.18,1.0,1,0.165,0.9166,78,0
IWM190913P145,2019-09-06,2019-09-06 11:24:07,0.17,0.9444,429,0.16,0.8888,1258,0.18,1.0,1,0.165,0.9166,78,0
IWM190913P145,2019-09-06,2019-09-06 11:24:07,0.17,0.9444,610,0.16,0.8888,1258,0.18,1.0,1,0.165,0.9166,78,0
IWM190913P145,2019-09-06,2019-09-06 11:24:08,0.17,0.9444,610,0.16,0.8888,1258,0.18,1.0,1,0.165,0.9166,78,0
IWM190913P145,2019-09-06,2019-09-06 11:24:09,0.17,0.9444,610,0.16,0.8888,1258,0.18,1.0,1,0.165,0.9166,78,0
IWM190913P145,2019-09-06,2019-09-06 11:24:10,0.17,0.9444,610,0.16,0.8888,1258,0.18,1.0,1,0.165,0.9166,78,0
IWM190913P145,2019-09-06,2019-09-06 11:24:11,0.17,0.9444,610,0.16,0.8888,1258,0.18,1.0,1,0.165,0.9166,78,0
IWM190913P145,2019-09-06,2019-09-06 11:24:12,0.17,0.9444,610,0.16,0.8888,1258,0.18,1.0,1,0.165,0.9166,78,0
IWM190913P145,2019-09-06,2019-09-06 11:24:13,0.17,0.9444,509,0.16,0.8888,1201,0.18,1.0,1,0.165,0.9166,78,0
IWM190913P145,2019-09-06,2019-09-06 11:24:13,0.17,0.9444,640,0.16,0.8888,1201,0.18,1.0,1,0.165,0.9166,78,0
IWM190913P145,2019-09-06,2019-09-06 11:24:14,0.17,0.9444,509,0.16,0.8888,1201,0.18,1.0,1,0.165,0.9166,78,0
IWM190913P145,2019-09-06,2019-09-06 11:24:15,0.17,0.9444,509,0.16,0.8888,1201,0.18,1.0,1,0.165,0.9166,78,0
IWM190913P145,2019-09-06,2019-09-06 11:24:16,0.17,0.9444,509,0.16,0.8888,1201,0.18,1.0,1,0.165,0.9166,78,0
IWM190913P145,2019-09-06,2019-09-06 11:24:17,0.17,0.9444,509,0.16,0.8888,1201,0.18,1.0,1,0.165,0.9166,78,0
IWM190913P145,2019-09-06,2019-09-06 11:24:18,0.17,0.9444,307,0.16,0.8888,723,0.18,1.0,1,0.165,0.9166,78,0
IWM190913P145,2019-09-06,2019-09-06 11:24:18,0.17,0.9444,672,0.16,0.8888,1201,0.18,1.0,1,0.165,0.9166,78,0
IWM190913P145,2019-09-06,2019-09-06 11:24:19,0.17,0.9444,672,0.16,0.8888,1143,0.18,1.0,1,0.165,0.9166,78,0
IWM190913P145,2019-09-06,2019-09-06 11:24:19,0.17,0.9444,672,0.16,0.8888,1201,0.18,1.0,1,0.165,0.9166,78,0
IWM190913P145,2019-09-06,2019-09-06 11:24:20,0.17,0.9444,672,0.16,0.8888,1143,0.18,1.0,1,0.165,0.9166,78,0
IWM190913P145,2019-09-06,2019-09-06 11:24:21,0.17,0.9444,540,0.16,0.8888,1103,0.18,1.0,1,0.165,0.9166,78,0
IWM190913P145,2019-09-06,2019-09-06 11:24:21,0.17,0.9444,540,0.16,0.8888,1525,0.18,1.0,1,0.165,0.9166,78,0
IWM190913P145,2019-09-06,2019-09-06 11:24:22,0.17,0.9444,540,0.16,0.8888,1525,0.18,1.0,1,0.165,0.9166,78,0
IWM190913P145,2019-09-06,2019-09-06 11:24:22,0.17,0.9444,746,0.16,0.8888,1525,0.18,1.0,1,0.165,0.9166,78,0
IWM190913P145,2019-09-06,2019-09-06 11:24:23,0.17,0.9444,540,0.16,0.8888,1103,0.18,1.0,1,0.165,0.9166,78,0
IWM190913P145,2019-09-06,2019-09-06 11:24:24,0.17,0.9444,540,0.16,0.8888,1103,0.18,1.0,1,0.165,0.9166,78,0
IWM190913P145,2019-09-06,2019-09-06 11:24:25,0.17,0.9444,540,0.16,0.8888,1103,0.18,1.0,1,0.165,0.9166,78,0
IWM190913P145,2019-09-06,2019-09-06 11:24:26,0.17,0.9444,540,0.16,0.8888,1103,0.18,1.0,1,0.165,0.9166,78,0
IWM190913P145,2019-09-06,2019-09-06 11:24:27,0.17,0.9444,540,0.16,0.8888,1103,0.18,1.0,1,0.165,0.9166,78,0
IWM190913P145,2019-09-06,2019-09-06 11:24:28,0.17,0.9444,540,0.16,0.8888,1103,0.18,1.0,1,0.165,0.9166,78,0
IWM190913P145,2019-09-06,2019-09-06 11:24:29,0.17,0.9444,540,0.16,0.8888,1103,0.18,1.0,1,0.165,0.9166,78,0
IWM190913P145,2019-09-06,2019-09-06 11:24:30,0.17,0.9444,540,0.16,0.8888,1103,0.18,1.0,1,0.165,0.9166,78,0
IWM190913P145,2019-09-06,2019-09-06 11:24:31,0.17,0.9444,540,0.16,0.8888,1103,0.18,1.0,1,0.165,0.9166,78,0
IWM190913P145,2019-09-06,2019-09-06 11:24:32,0.17,0.9444,540,0.16,0.8888,1103,0.18,1.0,1,0.165,0.9166,78,0
IWM190913P145,2019-09-06,2019-09-06 11:24:33,0.17,0.9444,540,0.16,0.8888,1103,0.18,1.0,1,0.165,0.9166,78,0
IWM190913P145,2019-09-06,2019-09-06 11:24:34,0.17,0.9444,540,0.16,0.8888,1103,0.18,1.0,1,0.165,0.9166,78,0
IWM190913P145,2019-09-06,2019-09-06 11:24:34,0.17,0.9444,348,0.16,0.8888,1072,0.18,1.0,1,0.165,0.9166,78,0
IWM190913P145,2019-09-06,2019-09-06 11:24:35,0.17,0.9444,178,0.16,0.8888,1095,0.18,1.0,1,0.165,0.9166,78,0
IWM190913P145,2019-09-06,2019-09-06 11:24:35,0.17,0.9444,150,0.16,0.8888,1095,0.18,1.0,1,0.165,0.9166,78,0
IWM190913P145,2019-09-06,2019-09-06 11:24:36,0.17,0.9444,429,0.16,0.8888,1095,0.18,1.0,1,0.165,0.9166,78,0
IWM190913P145,2019-09-06,2019-09-06 11:24:37,0.17,0.9444,470,0.16,0.8888,1095,0.18,1.0,1,0.165,0.9166,78,0
IWM190913P145,2019-09-06,2019-09-06 11:24:38,0.17,0.9444,470,0.16,0.8888,1095,0.18,1.0,1,0.165,0.9166,78,0
IWM190913P145,2019-09-06,2019-09-06 11:24:39,0.17,0.9444,470,0.16,0.8888,1095,0.18,1.0,1,0.165,0.9166,78,0
IWM190913P145,2019-09-06,2019-09-06 11:24:40,0.17,0.9444,482,0.16,0.8888,1095,0.18,1.0,1,0.165,0.9166,78,0
IWM190913P145,2019-09-06,2019-09-06 11:24:41,0.17,0.9444,482,0.16,0.8888,1095,0.18,1.0,1,0.165,0.9166,78,0
IWM190913P145,2019-09-06,2019-09-06 11:24:42,0.17,0.9444,482,0.16,0.8888,1095,0.18,1.0,1,0.165,0.9166,78,0
IWM190913P145,2019-09-06,2019-09-06 11:24:43,0.17,0.9444,482,0.16,0.8888,1095,0.18,1.0,1,0.165,0.9166,78,0
IWM190913P145,2019-09-06,2019-09-06 11:24:44,0.17,0.9444,482,0.16,0.8888,1095,0.18,1.0,1,0.165,0.9166,78,0
IWM190913P145,2019-09-06,2019-09-06 11:24:45,0.17,0.9444,482,0.16,0.8888,1095,0.18,1.0,1,0.165,0.9166,78,0
IWM190913P145,2019-09-06,2019-09-06 11:24:46,0.17,0.9444,482,0.16,0.8888,1095,0.18,1.0,1,0.165,0.9166,78,0
IWM190913P145,2019-09-06,2019-09-06 11:24:47,0.17,0.9444,482,0.16,0.8888,1095,0.18,1.0,1,0.165,0.9166,78,0
IWM190913P145,2019-09-06,2019-09-06 11:24:48,0.17,0.9444,482,0.16,0.8888,1095,0.18,1.0,1,0.165,0.9166,78,0
IWM190913P145,2019-09-06,2019-09-06 11:24:49,0.17,0.9444,482,0.16,0.8888,1095,0.18,1.0,1,0.165,0.9166,78,0
IWM190913P145,2019-09-06,2019-09-06 11:24:50,0.17,0.9444,482,0.16,0.8888,1095,0.18,1.0,1,0.165,0.9166,78,0
IWM190913P145,2019-09-06,2019-09-06 11:24:51,0.17,0.9444,482,0.16,0.8888,1095,0.18,1.0,1,0.165,0.9166,78,0
IWM190913P145,2019-09-06,2019-09-06 11:24:52,0.17,0.9444,482,0.16,0.8888,1095,0.18,1.0,1,0.165,0.9166,78,0
IWM190913P145,2019-09-06,2019-09-06 11:24:53,0.17,0.9444,482,0.16,0.8888,1095,0.18,1.0,1,0.165,0.9166,78,0
IWM190913P145,2019-09-06,2019-09-06 11:24:54,0.17,0.9444,482,0.16,0.8888,1095,0.18,1.0,1,0.165,0.9166,78,0
IWM190913P145,2019-09-06,2019-09-06 11:24:55,0.17,0.9444,441,0.16,0.8888,1095,0.18,1.0,1,0.165,0.9166,78,0
IWM190913P145,2019-09-06,2019-09-06 11:24:55,0.17,0.9444,558,0.16,0.8888,1095,0.18,1.0,1,0.165,0.9166,78,0
IWM190913P145,2019-09-06,2019-09-06 11:24:56,0.17,0.9444,558,0.16,0.8888,1095,0.18,1.0,1,0.165,0.9166,78,0
IWM190913P145,2019-09-06,2019-09-06 11:24:57,0.17,0.9444,558,0.16,0.8888,1095,0.18,1.0,1,0.165,0.9166,78,0
IWM190913P145,2019-09-06,2019-09-06 11:24:58,0.17,0.9444,558,0.16,0.8888,1095,0.18,1.0,1,0.165,0.9166,78,0
IWM190913P145,2019-09-06,2019-09-06 11:24:59,0.17,0.9444,558,0.16,0.8888,1095,0.18,1.0,1,0.165,0.9166,78,0
IWM190913P145,2019-09-06,2019-09-06 11:25:00,0.17,0.9444,814,0.16,0.8888,609,0.18,1.0,1,0.165,0.9166,78,0
IWM190913P145,2019-09-06,2019-09-06 11:25:00,0.17,0.9444,474,0.16,0.8888,1043,0.18,1.0,1,0.165,0.9166,78,0
IWM190913P145,2019-09-06,2019-09-06 11:25:01,0.17,0.9444,804,0.16,0.8888,1076,0.18,1.0,1,0.165,0.9166,78,0
IWM190913P145,2019-09-06,2019-09-06 11:25:01,0.17,0.9444,503,0.16,0.8888,609,0.18,1.0,1,0.165,0.9166,78,0
IWM190913P145,2019-09-06,2019-09-06 11:25:02,0.17,0.9444,804,0.16,0.8888,1076,0.18,1.0,1,0.165,0.9166,78,0
IWM190913P145,2019-09-06,2019-09-06 11:25:03,0.17,0.9444,913,0.16,0.8888,1076,0.18,1.0,1,0.165,0.9166,78,0
IWM190913P145,2019-09-06,2019-09-06 11:25:03,0.17,0.9444,804,0.16,0.8888,1076,0.18,1.0,1,0.165,0.9166,78,0
IWM190913P145,2019-09-06,2019-09-06 11:25:04,0.17,0.9444,913,0.16,0.8888,1076,0.18,1.0,1,0.165,0.9166,78,0
IWM190913P145,2019-09-06,2019-09-06 11:25:05,0.17,0.9444,804,0.16,0.8888,1076,0.18,1.0,1,0.165,0.9166,78,0
IWM190913P145,2019-09-06,2019-09-06 11:25:05,0.17,0.9444,913,0.16,0.8888,1076,0.18,1.0,1,0.165,0.9166,78,0
IWM190913P145,2019-09-06,2019-09-06 11:25:06,0.17,0.9444,804,0.16,0.8888,1076,0.18,1.0,1,0.165,0.9166,78,0
IWM190913P145,2019-09-06,2019-09-06 11:25:06,0.17,0.9444,649,0.16,0.8888,1076,0.18,1.0,1,0.165,0.9166,78,0
IWM190913P145,2019-09-06,2019-09-06 11:25:07,0.17,0.9444,649,0.16,0.8888,1076,0.18,1.0,1,0.165,0.9166,78,0
IWM190913P145,2019-09-06,2019-09-06 11:25:08,0.17,0.9444,649,0.16,0.8888,1076,0.18,1.0,1,0.165,0.9166,78,0
IWM190913P145,2019-09-06,2019-09-06 11:25:09,0.17,0.9444,649,0.16,0.8888,1076,0.18,1.0,1,0.165,0.9166,78,0
IWM190913P145,2019-09-06,2019-09-06 11:25:10,0.17,0.9444,649,0.16,0.8888,1076,0.18,1.0,1,0.165,0.9166,78,0
IWM190913P145,2019-09-06,2019-09-06 11:25:11,0.17,0.9444,649,0.16,0.8888,1076,0.18,1.0,1,0.165,0.9166,78,0
IWM190913P145,2019-09-06,2019-09-06 11:25:12,0.17,0.9444,649,0.16,0.8888,1076,0.18,1.0,1,0.165,0.9166,78,0
IWM190913P145,2019-09-06,2019-09-06 11:25:13,0.17,0.9444,767,0.16,0.8888,1076,0.18,1.0,1,0.165,0.9166,78,0
IWM190913P145,2019-09-06,2019-09-06 11:25:14,0.17,0.9444,541,0.16,0.8888,1076,0.18,1.0,1,0.165,0.9166,78,0
IWM190913P145,2019-09-06,2019-09-06 11:25:15,0.17,0.9444,541,0.16,0.8888,1076,0.18,1.0,1,0.165,0.9166,78,0
IWM190913P145,2019-09-06,2019-09-06 11:25:16,0.17,0.9444,541,0.16,0.8888,1076,0.18,1.0,1,0.165,0.9166,78,0
IWM190913P145,2019-09-06,2019-09-06 11:25:17,0.17,0.9444,436,0.16,0.8888,1096,0.18,1.0,1,0.165,0.9166,78,0
IWM190913P145,2019-09-06,2019-09-06 11:25:17,0.17,0.9444,436,0.16,0.8888,1076,0.18,1.0,1,0.165,0.9166,78,0
IWM190913P145,2019-09-06,2019-09-06 11:25:18,0.17,0.9444,573,0.16,0.8888,1150,0.18,1.0,1,0.165,0.9166,78,0
IWM190913P145,2019-09-06,2019-09-06 11:25:19,0.17,0.9444,573,0.16,0.8888,1150,0.18,1.0,1,0.165,0.9166,78,0
IWM190913P145,2019-09-06,2019-09-06 11:25:20,0.17,0.9444,573,0.16,0.8888,1150,0.18,1.0,1,0.165,0.9166,78,0
IWM190913P145,2019-09-06,2019-09-06 11:25:21,0.17,0.9444,588,0.16,0.8888,1182,0.18,1.0,1,0.165,0.9166,78,0
IWM190913P145,2019-09-06,2019-09-06 11:25:22,0.17,0.9444,588,0.16,0.8888,1182,0.18,1.0,1,0.165,0.9166,78,0
IWM190913P145,2019-09-06,2019-09-06 11:25:23,0.17,0.9444,588,0.16,0.8888,1182,0.18,1.0,1,0.165,0.9166,78,0
IWM190913P145,2019-09-06,2019-09-06 11:25:24,0.17,0.9444,588,0.16,0.8888,1182,0.18,1.0,1,0.165,0.9166,78,0
IWM190913P145,2019-09-06,2019-09-06 11:25:25,0.17,0.9444,588,0.16,0.8888,1182,0.18,1.0,1,0.165,0.9166,78,0
IWM190913P145,2019-09-06,2019-09-06 11:25:26,0.17,0.9444,588,0.16,0.8888,1173,0.18,1.0,1,0.165,0.9166,78,0
IWM190913P145,2019-09-06,2019-09-06 11:25:26,0.17,0.9444,588,0.16,0.8888,1182,0.18,1.0,1,0.165,0.9166,78,0
IWM190913P145,2019-09-06,2019-09-06 11:25:27,0.17,0.9444,588,0.16,0.8888,1173,0.18,1.0,1,0.165,0.9166,78,0
IWM190913P145,2019-09-06,2019-09-06 11:25:28,0.17,0.9444,588,0.16,0.8888,1173,0.18,1.0,1,0.165,0.9166,78,0
IWM190913P145,2019-09-06,2019-09-06 11:25:29,0.17,0.9444,588,0.16,0.8888,1173,0.18,1.0,1,0.165,0.9166,78,0
IWM190913P145,2019-09-06,2019-09-06 11:25:30,0.17,0.9444,588,0.16,0.8888,1173,0.18,1.0,1,0.165,0.9166,78,0
IWM190913P145,2019-09-06,2019-09-06 11:25:31,0.17,0.9444,588,0.16,0.8888,1173,0.18,1.0,1,0.165,0.9166,78,0
IWM190913P145,2019-09-06,2019-09-06 11:25:32,0.17,0.9444,588,0.16,0.8888,1173,0.18,1.0,1,0.165,0.9166,78,0
IWM190913P145,2019-09-06,2019-09-06 11:25:32,0.17,0.9444,588,0.16,0.8888,1138,0.18,1.0,1,0.165,0.9166,78,0
IWM190913P145,2019-09-06,2019-09-06 11:25:33,0.17,0.9444,492,0.16,0.8888,1138,0.18,1.0,1,0.165,0.9166,78,0
IWM190913P145,2019-09-06,2019-09-06 11:25:33,0.17,0.9444,665,0.16,0.8888,1138,0.18,1.0,1,0.165,0.9166,78,0
IWM190913P145,2019-09-06,2019-09-06 11:25:34,0.17,0.9444,665,0.16,0.8888,1092,0.18,1.0,1,0.165,0.9166,78,0
IWM190913P145,2019-09-06,2019-09-06 11:25:34,0.17,0.9444,492,0.16,0.8888,1092,0.18,1.0,1,0.165,0.9166,78,0
IWM190913P145,2019-09-06,2019-09-06 11:25:35,0.17,0.9444,492,0.16,0.8888,1092,0.18,1.0,1,0.165,0.9166,78,0
IWM190913P145,2019-09-06,2019-09-06 11:25:36,0.17,0.9444,492,0.16,0.8888,1092,0.18,1.0,1,0.165,0.9166,78,0
IWM190913P145,2019-09-06,2019-09-06 11:25:36,0.17,0.9444,692,0.16,0.8888,1126,0.18,1.0,1,0.165,0.9166,78,0
IWM190913P145,2019-09-06,2019-09-06 11:25:37,0.17,0.9444,692,0.16,0.8888,1126,0.18,1.0,1,0.165,0.9166,78,0
IWM190913P145,2019-09-06,2019-09-06 11:25:37,0.17,0.9444,766,0.16,0.8888,1126,0.18,1.0,1,0.165,0.9166,78,0
IWM190913P145,2019-09-06,2019-09-06 11:25:38,0.17,0.9444,662,0.16,0.8888,1126,0.18,1.0,1,0.165,0.9166,78,0
IWM190913P145,2019-09-06,2019-09-06 11:25:38,0.17,0.9444,566,0.16,0.8888,1126,0.18,1.0,1,0.165,0.9166,78,0
IWM190913P145,2019-09-06,2019-09-06 11:25:39,0.17,0.9444,565,0.16,0.8888,1126,0.18,1.0,1,0.165,0.9166,78,0
IWM190913P145,2019-09-06,2019-09-06 11:25:39,0.17,0.9444,662,0.16,0.8888,1126,0.18,1.0,1,0.165,0.9166,78,0
IWM190913P145,2019-09-06,2019-09-06 11:25:40,0.17,0.9444,565,0.16,0.8888,1126,0.18,1.0,1,0.165,0.9166,78,0
IWM190913P145,2019-09-06,2019-09-06 11:25:41,0.17,0.9444,565,0.16,0.8888,1126,0.18,1.0,1,0.165,0.9166,78,0
IWM190913P145,2019-09-06,2019-09-06 11:25:41,0.17,0.9444,565,0.16,0.8888,1076,0.18,1.0,1,0.165,0.9166,78,0
IWM190913P145,2019-09-06,2019-09-06 11:25:42,0.17,0.9444,466,0.16,0.8888,1076,0.18,1.0,1,0.165,0.9166,78,0
IWM190913P145,2019-09-06,2019-09-06 11:25:43,0.17,0.9444,466,0.16,0.8888,1071,0.18,1.0,1,0.165,0.9166,78,0
IWM190913P145,2019-09-06,2019-09-06 11:25:44,0.17,0.9444,466,0.16,0.8888,1071,0.18,1.0,1,0.165,0.9166,78,0
IWM190913P145,2019-09-06,2019-09-06 11:25:45,0.17,0.9444,652,0.16,0.8888,1071,0.18,1.0,1,0.165,0.9166,78,0
IWM190913P145,2019-09-06,2019-09-06 11:25:46,0.17,0.9444,466,0.16,0.8888,1071,0.18,1.0,1,0.165,0.9166,78,0
IWM190913P145,2019-09-06,2019-09-06 11:25:46,0.17,0.9444,466,0.16,0.8888,1045,0.18,1.0,1,0.165,0.9166,78,0
IWM190913P145,2019-09-06,2019-09-06 11:25:47,0.17,0.9444,466,0.16,0.8888,1045,0.18,1.0,1,0.165,0.9166,78,0
IWM190913P145,2019-09-06,2019-09-06 11:25:48,0.17,0.9444,466,0.16,0.8888,1045,0.18,1.0,1,0.165,0.9166,78,0
IWM190913P145,2019-09-06,2019-09-06 11:25:49,0.17,0.9444,466,0.16,0.8888,1092,0.18,1.0,1,0.165,0.9166,78,0
IWM190913P145,2019-09-06,2019-09-06 11:25:49,0.17,0.9444,466,0.16,0.8888,1045,0.18,1.0,1,0.165,0.9166,78,0
IWM190913P145,2019-09-06,2019-09-06 11:25:50,0.17,0.9444,466,0.16,0.8888,1092,0.18,1.0,1,0.165,0.9166,78,0
IWM190913P145,2019-09-06,2019-09-06 11:25:51,0.17,0.9444,466,0.16,0.8888,1092,0.18,1.0,1,0.165,0.9166,78,0
IWM190913P145,2019-09-06,2019-09-06 11:25:52,0.17,0.9444,466,0.16,0.8888,1092,0.18,1.0,1,0.165,0.9166,78,0
IWM190913P145,2019-09-06,2019-09-06 11:25:53,0.17,0.9444,461,0.16,0.8888,1145,0.18,1.0,1,0.165,0.9166,78,0
IWM190913P145,2019-09-06,2019-09-06 11:25:53,0.17,0.9444,466,0.16,0.8888,1092,0.18,1.0,1,0.165,0.9166,78,0
IWM190913P145,2019-09-06,2019-09-06 11:25:54,0.17,0.9444,655,0.16,0.8888,1145,0.18,1.0,1,0.165,0.9166,78,0
IWM190913P145,2019-09-06,2019-09-06 11:25:54,0.17,0.9444,617,0.16,0.8888,1145,0.18,1.0,1,0.165,0.9166,78,0
IWM190913P145,2019-09-06,2019-09-06 11:25:55,0.17,0.9444,617,0.16,0.8888,1145,0.18,1.0,1,0.165,0.9166,78,0
IWM190913P145,2019-09-06,2019-09-06 11:25:56,0.17,0.9444,617,0.16,0.8888,1145,0.18,1.0,1,0.165,0.9166,78,0
IWM190913P145,2019-09-06,2019-09-06 11:25:57,0.17,0.9444,617,0.16,0.8888,1145,0.18,1.0,1,0.165,0.9166,78,0
IWM190913P145,2019-09-06,2019-09-06 11:25:58,0.17,0.9444,617,0.16,0.8888,1145,0.18,1.0,1,0.165,0.9166,78,0
IWM190913P145,2019-09-06,2019-09-06 11:25:59,0.17,0.9444,617,0.16,0.8888,1102,0.18,1.0,1,0.165,0.9166,78,0
IWM190913P145,2019-09-06,2019-09-06 11:26:00,0.17,0.9444,748,0.16,0.8888,1102,0.18,1.0,1,0.165,0.9166,78,0
IWM190913P145,2019-09-06,2019-09-06 11:26:01,0.17,0.9444,748,0.16,0.8888,1102,0.18,1.0,1,0.165,0.9166,78,0
IWM190913P145,2019-09-06,2019-09-06 11:26:02,0.17,0.9444,748,0.16,0.8888,1102,0.18,1.0,1,0.165,0.9166,78,0
IWM190913P145,2019-09-06,2019-09-06 11:26:03,0.17,0.9444,748,0.16,0.8888,1102,0.18,1.0,1,0.165,0.9166,78,0
IWM190913P145,2019-09-06,2019-09-06 11:26:04,0.17,0.9444,748,0.16,0.8888,1102,0.18,1.0,1,0.165,0.9166,78,0
IWM190913P145,2019-09-06,2019-09-06 11:26:05,0.17,0.9444,748,0.16,0.8888,1102,0.18,1.0,1,0.165,0.9166,78,0
IWM190913P145,2019-09-06,2019-09-06 11:26:06,0.17,0.9444,584,0.16,0.8888,1102,0.18,1.0,1,0.165,0.9166,78,0
IWM190913P145,2019-09-06,2019-09-06 11:26:07,0.17,0.9444,584,0.16,0.8888,1102,0.18,1.0,1,0.165,0.9166,78,0
IWM190913P145,2019-09-06,2019-09-06 11:26:08,0.17,0.9444,584,0.16,0.8888,1102,0.18,1.0,1,0.165,0.9166,78,0
IWM190913P145,2019-09-06,2019-09-06 11:26:09,0.17,0.9444,584,0.16,0.8888,1102,0.18,1.0,1,0.165,0.9166,78,0
IWM190913P145,2019-09-06,2019-09-06 11:26:10,0.17,0.9444,584,0.16,0.8888,1102,0.18,1.0,1,0.165,0.9166,78,0
IWM190913P145,2019-09-06,2019-09-06 11:26:11,0.17,0.9444,619,0.16,0.8888,1102,0.18,1.0,1,0.165,0.9166,78,0
IWM190913P145,2019-09-06,2019-09-06 11:26:11,0.17,0.9444,441,0.16,0.8888,1102,0.18,1.0,1,0.165,0.9166,78,0
IWM190913P145,2019-09-06,2019-09-06 11:26:12,0.17,0.9444,441,0.16,0.8888,1102,0.18,1.0,1,0.165,0.9166,78,0
IWM190913P145,2019-09-06,2019-09-06 11:26:13,0.17,0.9444,441,0.16,0.8888,1102,0.18,1.0,1,0.165,0.9166,78,0
IWM190913P145,2019-09-06,2019-09-06 11:26:14,0.17,0.9444,441,0.16,0.8888,1102,0.18,1.0,1,0.165,0.9166,78,0
IWM190913P145,2019-09-06,2019-09-06 11:26:15,0.17,0.9444,441,0.16,0.8888,1102,0.18,1.0,1,0.165,0.9166,78,0
IWM190913P145,2019-09-06,2019-09-06 11:26:16,0.17,0.9444,441,0.16,0.8888,1102,0.18,1.0,1,0.165,0.9166,78,0
IWM190913P145,2019-09-06,2019-09-06 11:26:17,0.17,0.9444,441,0.16,0.8888,788,0.18,1.0,1,0.165,0.9166,78,0
IWM190913P145,2019-09-06,2019-09-06 11:26:17,0.17,0.9444,441,0.16,0.8888,1102,0.18,1.0,1,0.165,0.9166,78,0
IWM190913P145,2019-09-06,2019-09-06 11:26:18,0.17,0.9444,663,0.16,0.8888,1144,0.18,1.0,1,0.165,0.9166,78,0
IWM190913P145,2019-09-06,2019-09-06 11:26:19,0.17,0.9444,663,0.16,0.8888,1144,0.18,1.0,1,0.165,0.9166,78,0
IWM190913P145,2019-09-06,2019-09-06 11:26:20,0.17,0.9444,663,0.16,0.8888,1144,0.18,1.0,1,0.165,0.9166,78,0
IWM190913P145,2019-09-06,2019-09-06 11:26:21,0.17,0.9444,663,0.16,0.8888,1095,0.18,1.0,1,0.165,0.9166,78,0
IWM190913P145,2019-09-06,2019-09-06 11:26:21,0.17,0.9444,375,0.16,0.8888,1144,0.18,1.0,1,0.165,0.9166,78,0
IWM190913P145,2019-09-06,2019-09-06 11:26:22,0.17,0.9444,633,0.16,0.8888,1095,0.18,1.0,1,0.165,0.9166,78,0
IWM190913P145,2019-09-06,2019-09-06 11:26:23,0.17,0.9444,633,0.16,0.8888,1095,0.18,1.0,1,0.165,0.9166,78,0
IWM190913P145,2019-09-06,2019-09-06 11:26:24,0.17,0.9444,633,0.16,0.8888,1095,0.18,1.0,1,0.165,0.9166,78,0
IWM190913P145,2019-09-06,2019-09-06 11:26:25,0.17,0.9444,467,0.16,0.8888,1095,0.18,1.0,1,0.165,0.9166,78,0
IWM190913P145,2019-09-06,2019-09-06 11:26:26,0.17,0.9444,467,0.16,0.8888,1095,0.18,1.0,1,0.165,0.9166,78,0
IWM190913P145,2019-09-06,2019-09-06 11:26:27,0.17,0.9444,467,0.16,0.8888,1095,0.18,1.0,1,0.165,0.9166,78,0
IWM190913P145,2019-09-06,2019-09-06 11:26:28,0.17,0.9444,467,0.16,0.8888,1095,0.18,1.0,1,0.165,0.9166,78,0
IWM190913P145,2019-09-06,2019-09-06 11:26:29,0.17,0.9444,467,0.16,0.8888,1095,0.18,1.0,1,0.165,0.9166,78,0
IWM190913P145,2019-09-06,2019-09-06 11:26:30,0.17,0.9444,46,0.16,0.8888,1118,0.18,1.0,1,0.165,0.9166,78,0
IWM190913P145,2019-09-06,2019-09-06 11:26:30,0.17,0.9444,269,0.16,0.8888,1165,0.18,1.0,1,0.165,0.9166,78,0
IWM190913P145,2019-09-06,2019-09-06 11:26:31,0.18,1.0,1299,0.16,0.8888,1254,0.18,1.0,1,0.17,0.9444,78,0
IWM190913P145,2019-09-06,2019-09-06 11:26:31,0.18,1.0,1599,0.16,0.8888,1254,0.18,1.0,1,0.17,0.9444,78,0
IWM190913P145,2019-09-06,2019-09-06 11:26:32,0.18,1.0,1299,0.16,0.8888,1254,0.18,1.0,1,0.17,0.9444,78,0
IWM190913P145,2019-09-06,2019-09-06 11:26:33,0.18,1.0,1233,0.16,0.8888,968,0.18,1.0,1,0.17,0.9444,78,0
IWM190913P145,2019-09-06,2019-09-06 11:26:33,0.18,1.0,1233,0.16,0.8888,1255,0.18,1.0,1,0.17,0.9444,78,0
IWM190913P145,2019-09-06,2019-09-06 11:26:34,0.18,1.0,1233,0.16,0.8888,1255,0.18,1.0,1,0.17,0.9444,78,0
IWM190913P145,2019-09-06,2019-09-06 11:26:34,0.18,1.0,845,0.17,0.9444,487,0.18,1.0,1,0.175,0.9722,78,0
IWM190913P145,2019-09-06,2019-09-06 11:26:35,0.18,1.0,1003,0.17,0.9444,741,0.18,1.0,1,0.175,0.9722,78,0
IWM190913P145,2019-09-06,2019-09-06 11:26:35,0.18,1.0,845,0.17,0.9444,487,0.18,1.0,1,0.175,0.9722,78,0
IWM190913P145,2019-09-06,2019-09-06 11:26:36,0.18,1.0,987,0.17,0.9444,741,0.18,1.0,1,0.175,0.9722,78,0
IWM190913P145,2019-09-06,2019-09-06 11:26:36,0.18,1.0,974,0.17,0.9444,741,0.18,1.0,1,0.175,0.9722,78,0
IWM190913P145,2019-09-06,2019-09-06 11:26:37,0.18,1.0,997,0.17,0.9444,741,0.18,1.0,1,0.175,0.9722,78,0
IWM190913P145,2019-09-06,2019-09-06 11:26:38,0.18,1.0,1013,0.17,0.9444,741,0.18,1.0,1,0.175,0.9722,78,0
IWM190913P145,2019-09-06,2019-09-06 11:26:38,0.18,1.0,993,0.17,0.9444,741,0.18,1.0,1,0.175,0.9722,78,0
IWM190913P145,2019-09-06,2019-09-06 11:26:39,0.18,1.0,1169,0.16,0.8888,1343,0.18,1.0,1,0.17,0.9444,78,0
IWM190913P145,2019-09-06,2019-09-06 11:26:39,0.18,1.0,1013,0.17,0.9444,741,0.18,1.0,1,0.175,0.9722,78,0
IWM190913P145,2019-09-06,2019-09-06 11:26:40,0.18,1.0,1169,0.16,0.8888,1456,0.18,1.0,1,0.17,0.9444,78,0
IWM190913P145,2019-09-06,2019-09-06 11:26:41,0.18,1.0,1169,0.16,0.8888,1456,0.18,1.0,1,0.17,0.9444,78,0
IWM190913P145,2019-09-06,2019-09-06 11:26:42,0.18,1.0,1322,0.16,0.8888,1456,0.18,1.0,1,0.17,0.9444,78,0
IWM190913P145,2019-09-06,2019-09-06 11:26:43,0.18,1.0,1322,0.16,0.8888,1456,0.18,1.0,1,0.17,0.9444,78,0
IWM190913P145,2019-09-06,2019-09-06 11:26:44,0.18,1.0,1322,0.16,0.8888,1456,0.18,1.0,1,0.17,0.9444,78,0
IWM190913P145,2019-09-06,2019-09-06 11:26:45,0.18,1.0,1116,0.16,0.8888,1456,0.18,1.0,1,0.17,0.9444,78,0
IWM190913P145,2019-09-06,2019-09-06 11:26:45,0.18,1.0,1322,0.16,0.8888,1456,0.18,1.0,1,0.17,0.9444,78,0
IWM190913P145,2019-09-06,2019-09-06 11:26:46,0.18,1.0,1116,0.16,0.8888,1456,0.18,1.0,1,0.17,0.9444,78,0
IWM190913P145,2019-09-06,2019-09-06 11:26:47,0.18,1.0,1116,0.16,0.8888,1456,0.18,1.0,1,0.17,0.9444,78,0
IWM190913P145,2019-09-06,2019-09-06 11:26:48,0.18,1.0,1116,0.16,0.8888,1456,0.18,1.0,1,0.17,0.9444,78,0
IWM190913P145,2019-09-06,2019-09-06 11:26:49,0.18,1.0,1116,0.16,0.8888,1456,0.18,1.0,1,0.17,0.9444,78,0
IWM190913P145,2019-09-06,2019-09-06 11:26:50,0.18,1.0,1116,0.16,0.8888,1456,0.18,1.0,1,0.17,0.9444,78,0
IWM190913P145,2019-09-06,2019-09-06 11:26:51,0.18,1.0,1130,0.16,0.8888,1456,0.18,1.0,1,0.17,0.9444,78,0
IWM190913P145,2019-09-06,2019-09-06 11:26:51,0.18,1.0,1393,0.16,0.8888,1456,0.18,1.0,1,0.17,0.9444,78,0
IWM190913P145,2019-09-06,2019-09-06 11:26:52,0.18,1.0,1130,0.16,0.8888,1456,0.18,1.0,1,0.17,0.9444,78,0
IWM190913P145,2019-09-06,2019-09-06 11:26:53,0.18,1.0,1582,0.16,0.8888,1456,0.18,1.0,1,0.17,0.9444,78,0
IWM190913P145,2019-09-06,2019-09-06 11:26:53,0.18,1.0,1130,0.16,0.8888,1456,0.18,1.0,1,0.17,0.9444,78,0
IWM190913P145,2019-09-06,2019-09-06 11:26:54,0.18,1.0,1648,0.16,0.8888,1456,0.18,1.0,1,0.17,0.9444,78,0
IWM190913P145,2019-09-06,2019-09-06 11:26:55,0.18,1.0,1648,0.16,0.8888,1436,0.18,1.0,1,0.17,0.9444,78,0
IWM190913P145,2019-09-06,2019-09-06 11:26:56,0.18,1.0,1196,0.16,0.8888,1436,0.18,1.0,1,0.17,0.9444,78,0
IWM190913P145,2019-09-06,2019-09-06 11:26:57,0.18,1.0,1196,0.16,0.8888,1436,0.18,1.0,1,0.17,0.9444,78,0
IWM190913P145,2019-09-06,2019-09-06 11:26:58,0.18,1.0,1196,0.16,0.8888,1436,0.18,1.0,1,0.17,0.9444,78,0
IWM190913P145,2019-09-06,2019-09-06 11:26:59,0.18,1.0,1196,0.16,0.8888,1436,0.18,1.0,1,0.17,0.9444,78,0
IWM190913P145,2019-09-06,2019-09-06 11:27:00,0.18,1.0,1872,0.16,0.8888,1436,0.18,1.0,1,0.17,0.9444,78,0
IWM190913P145,2019-09-06,2019-09-06 11:27:00,0.18,1.0,1196,0.16,0.8888,1436,0.18,1.0,1,0.17,0.9444,78,0
IWM190913P145,2019-09-06,2019-09-06 11:27:01,0.18,1.0,1394,0.16,0.8888,1436,0.18,1.0,1,0.17,0.9444,78,0
IWM190913P145,2019-09-06,2019-09-06 11:27:01,0.18,1.0,1418,0.16,0.8888,1354,0.18,1.0,1,0.17,0.9444,78,0
IWM190913P145,2019-09-06,2019-09-06 11:27:02,0.18,1.0,1418,0.16,0.8888,1354,0.18,1.0,1,0.17,0.9444,78,0
IWM190913P145,2019-09-06,2019-09-06 11:27:03,0.18,1.0,1418,0.16,0.8888,1354,0.18,1.0,1,0.17,0.9444,78,0
IWM190913P145,2019-09-06,2019-09-06 11:27:04,0.18,1.0,1418,0.16,0.8888,1354,0.18,1.0,1,0.17,0.9444,78,0
IWM190913P145,2019-09-06,2019-09-06 11:27:05,0.18,1.0,1418,0.16,0.8888,1354,0.18,1.0,1,0.17,0.9444,78,0
IWM190913P145,2019-09-06,2019-09-06 11:27:06,0.18,1.0,1418,0.16,0.8888,1354,0.18,1.0,1,0.17,0.9444,78,0
IWM190913P145,2019-09-06,2019-09-06 11:27:07,0.18,1.0,1418,0.16,0.8888,1354,0.18,1.0,1,0.17,0.9444,78,0
IWM190913P145,2019-09-06,2019-09-06 11:27:08,0.18,1.0,1418,0.16,0.8888,1354,0.18,1.0,1,0.17,0.9444,78,0
IWM190913P145,2019-09-06,2019-09-06 11:27:09,0.18,1.0,1418,0.16,0.8888,1354,0.18,1.0,1,0.17,0.9444,78,0
IWM190913P145,2019-09-06,2019-09-06 11:27:10,0.18,1.0,1418,0.16,0.8888,1354,0.18,1.0,1,0.17,0.9444,78,0
IWM190913P145,2019-09-06,2019-09-06 11:27:11,0.18,1.0,1418,0.16,0.8888,1354,0.18,1.0,1,0.17,0.9444,78,0
IWM190913P145,2019-09-06,2019-09-06 11:27:12,0.18,1.0,1884,0.16,0.8888,1354,0.18,1.0,1,0.17,0.9444,78,0
IWM190913P145,2019-09-06,2019-09-06 11:27:12,0.18,1.0,1418,0.16,0.8888,1354,0.18,1.0,1,0.17,0.9444,78,0
IWM190913P145,2019-09-06,2019-09-06 11:27:13,0.18,1.0,1394,0.16,0.8888,1354,0.18,1.0,1,0.17,0.9444,78,0
IWM190913P145,2019-09-06,2019-09-06 11:27:13,0.18,1.0,1884,0.16,0.8888,1354,0.18,1.0,1,0.17,0.9444,78,0
IWM190913P145,2019-09-06,2019-09-06 11:27:14,0.18,1.0,1394,0.16,0.8888,1354,0.18,1.0,1,0.17,0.9444,78,0
IWM190913P145,2019-09-06,2019-09-06 11:27:15,0.18,1.0,1328,0.16,0.8888,1354,0.18,1.0,1,0.17,0.9444,78,0
IWM190913P145,2019-09-06,2019-09-06 11:27:15,0.18,1.0,1394,0.16,0.8888,1354,0.18,1.0,1,0.17,0.9444,78,0
IWM190913P145,2019-09-06,2019-09-06 11:27:16,0.18,1.0,1820,0.16,0.8888,1354,0.18,1.0,1,0.17,0.9444,78,0
IWM190913P145,2019-09-06,2019-09-06 11:27:16,0.18,1.0,1328,0.16,0.8888,1354,0.18,1.0,1,0.17,0.9444,78,0
IWM190913P145,2019-09-06,2019-09-06 11:27:17,0.18,1.0,1391,0.16,0.8888,1354,0.18,1.0,1,0.17,0.9444,78,0
IWM190913P145,2019-09-06,2019-09-06 11:27:18,0.18,1.0,1882,0.16,0.8888,1354,0.18,1.0,1,0.17,0.9444,78,0
IWM190913P145,2019-09-06,2019-09-06 11:27:18,0.18,1.0,1391,0.16,0.8888,1354,0.18,1.0,1,0.17,0.9444,78,0
IWM190913P145,2019-09-06,2019-09-06 11:27:19,0.18,1.0,1882,0.16,0.8888,1354,0.18,1.0,1,0.17,0.9444,78,0
IWM190913P145,2019-09-06,2019-09-06 11:27:20,0.18,1.0,1882,0.16,0.8888,1354,0.18,1.0,1,0.17,0.9444,78,0
IWM190913P145,2019-09-06,2019-09-06 11:27:21,0.18,1.0,1819,0.16,0.8888,1354,0.18,1.0,1,0.17,0.9444,78,0
IWM190913P145,2019-09-06,2019-09-06 11:27:21,0.18,1.0,1882,0.16,0.8888,1354,0.18,1.0,1,0.17,0.9444,78,0
IWM190913P145,2019-09-06,2019-09-06 11:27:22,0.18,1.0,1328,0.16,0.8888,1354,0.18,1.0,1,0.17,0.9444,78,0
IWM190913P145,2019-09-06,2019-09-06 11:27:22,0.18,1.0,1020,0.17,0.9444,672,0.18,1.0,1,0.175,0.9722,78,0
IWM190913P145,2019-09-06,2019-09-06 11:27:23,0.18,1.0,965,0.17,0.9444,672,0.18,1.0,1,0.175,0.9722,78,0
IWM190913P145,2019-09-06,2019-09-06 11:27:23,0.18,1.0,971,0.17,0.9444,672,0.18,1.0,1,0.175,0.9722,78,0
IWM190913P145,2019-09-06,2019-09-06 11:27:24,0.18,1.0,948,0.17,0.9444,672,0.18,1.0,1,0.175,0.9722,78,0
IWM190913P145,2019-09-06,2019-09-06 11:27:24,0.18,1.0,961,0.17,0.9444,672,0.18,1.0,1,0.175,0.9722,78,0
IWM190913P145,2019-09-06,2019-09-06 11:27:25,0.18,1.0,958,0.17,0.9444,672,0.18,1.0,1,0.175,0.9722,78,0
IWM190913P145,2019-09-06,2019-09-06 11:27:26,0.18,1.0,968,0.17,0.9444,672,0.18,1.0,1,0.175,0.9722,78,0
IWM190913P145,2019-09-06,2019-09-06 11:27:26,0.18,1.0,981,0.17,0.9444,672,0.18,1.0,1,0.175,0.9722,78,0
IWM190913P145,2019-09-06,2019-09-06 11:27:27,0.18,1.0,981,0.17,0.9444,672,0.18,1.0,1,0.175,0.9722,78,0
IWM190913P145,2019-09-06,2019-09-06 11:27:27,0.17,0.9444,53,0.16,0.8888,1658,0.18,1.0,1,0.165,0.9166,78,0
IWM190913P145,2019-09-06,2019-09-06 11:27:28,0.18,1.0,1107,0.16,0.8888,1464,0.18,1.0,1,0.17,0.9444,78,0
IWM190913P145,2019-09-06,2019-09-06 11:27:28,0.18,1.0,1107,0.16,0.8888,1429,0.18,1.0,1,0.17,0.9444,78,0
IWM190913P145,2019-09-06,2019-09-06 11:27:29,0.18,1.0,880,0.16,0.8888,1464,0.18,1.0,1,0.17,0.9444,78,0
IWM190913P145,2019-09-06,2019-09-06 11:27:29,0.18,1.0,857,0.17,0.9444,490,0.18,1.0,1,0.175,0.9722,78,0
IWM190913P145,2019-09-06,2019-09-06 11:27:30,0.18,1.0,730,0.17,0.9444,746,0.18,1.0,1,0.175,0.9722,78,0
IWM190913P145,2019-09-06,2019-09-06 11:27:30,0.18,1.0,857,0.17,0.9444,490,0.18,1.0,1,0.175,0.9722,78,0
IWM190913P145,2019-09-06,2019-09-06 11:27:31,0.18,1.0,730,0.17,0.9444,746,0.18,1.0,1,0.175,0.9722,78,0
IWM190913P145,2019-09-06,2019-09-06 11:27:32,0.18,1.0,730,0.17,0.9444,746,0.18,1.0,1,0.175,0.9722,78,0
IWM190913P145,2019-09-06,2019-09-06 11:27:32,0.18,1.0,809,0.17,0.9444,746,0.18,1.0,1,0.175,0.9722,78,0
IWM190913P145,2019-09-06,2019-09-06 11:27:33,0.18,1.0,809,0.17,0.9444,910,0.18,1.0,1,0.175,0.9722,78,0
IWM190913P145,2019-09-06,2019-09-06 11:27:33,0.18,1.0,809,0.17,0.9444,746,0.18,1.0,1,0.175,0.9722,78,0
IWM190913P145,2019-09-06,2019-09-06 11:27:34,0.18,1.0,809,0.17,0.9444,910,0.18,1.0,1,0.175,0.9722,78,0
IWM190913P145,2019-09-06,2019-09-06 11:27:34,0.18,1.0,828,0.17,0.9444,910,0.18,1.0,1,0.175,0.9722,78,0
IWM190913P145,2019-09-06,2019-09-06 11:27:35,0.18,1.0,1098,0.16,0.8888,1099,0.18,1.0,1,0.17,0.9444,78,0
IWM190913P145,2019-09-06,2019-09-06 11:27:36,0.18,1.0,1098,0.16,0.8888,1465,0.18,1.0,1,0.17,0.9444,78,0
IWM190913P145,2019-09-06,2019-09-06 11:27:37,0.18,1.0,1098,0.16,0.8888,1465,0.18,1.0,1,0.17,0.9444,78,0
IWM190913P145,2019-09-06,2019-09-06 11:27:38,0.18,1.0,1098,0.16,0.8888,1465,0.18,1.0,1,0.17,0.9444,78,0
IWM190913P145,2019-09-06,2019-09-06 11:27:39,0.18,1.0,1098,0.16,0.8888,1465,0.18,1.0,1,0.17,0.9444,78,0
IWM190913P145,2019-09-06,2019-09-06 11:27:40,0.18,1.0,1083,0.17,0.9444,490,0.18,1.0,1,0.175,0.9722,78,0
IWM190913P145,2019-09-06,2019-09-06 11:27:40,0.18,1.0,1098,0.16,0.8888,1465,0.18,1.0,1,0.17,0.9444,78,0
IWM190913P145,2019-09-06,2019-09-06 11:27:41,0.18,1.0,827,0.17,0.9444,758,0.18,1.0,1,0.175,0.9722,78,0
IWM190913P145,2019-09-06,2019-09-06 11:27:41,0.18,1.0,827,0.17,0.9444,900,0.18,1.0,1,0.175,0.9722,78,0
IWM190913P145,2019-09-06,2019-09-06 11:27:42,0.18,1.0,827,0.17,0.9444,900,0.18,1.0,1,0.175,0.9722,78,0
IWM190913P145,2019-09-06,2019-09-06 11:27:42,0.18,1.0,945,0.17,0.9444,348,0.18,1.0,1,0.175,0.9722,78,0
IWM190913P145,2019-09-06,2019-09-06 11:27:43,0.18,1.0,945,0.17,0.9444,675,0.18,1.0,1,0.175,0.9722,78,0
IWM190913P145,2019-09-06,2019-09-06 11:27:44,0.18,1.0,945,0.17,0.9444,675,0.18,1.0,1,0.175,0.9722,78,0
IWM190913P145,2019-09-06,2019-09-06 11:27:45,0.18,1.0,945,0.17,0.9444,533,0.18,1.0,1,0.175,0.9722,78,0
IWM190913P145,2019-09-06,2019-09-06 11:27:46,0.18,1.0,805,0.17,0.9444,746,0.18,1.0,1,0.175,0.9722,78,0
IWM190913P145,2019-09-06,2019-09-06 11:27:46,0.18,1.0,821,0.17,0.9444,746,0.18,1.0,1,0.175,0.9722,78,0
IWM190913P145,2019-09-06,2019-09-06 11:27:47,0.18,1.0,805,0.17,0.9444,746,0.18,1.0,1,0.175,0.9722,78,0
IWM190913P145,2019-09-06,2019-09-06 11:27:48,0.18,1.0,805,0.17,0.9444,746,0.18,1.0,1,0.175,0.9722,78,0
IWM190913P145,2019-09-06,2019-09-06 11:27:49,0.18,1.0,782,0.17,0.9444,746,0.18,1.0,1,0.175,0.9722,78,0
IWM190913P145,2019-09-06,2019-09-06 11:27:50,0.18,1.0,782,0.17,0.9444,746,0.18,1.0,1,0.175,0.9722,78,0
IWM190913P145,2019-09-06,2019-09-06 11:27:51,0.18,1.0,886,0.17,0.9444,900,0.18,1.0,1,0.175,0.9722,78,0
IWM190913P145,2019-09-06,2019-09-06 11:27:51,0.18,1.0,737,0.17,0.9444,900,0.18,1.0,1,0.175,0.9722,78,0
IWM190913P145,2019-09-06,2019-09-06 11:27:52,0.18,1.0,737,0.17,0.9444,900,0.18,1.0,1,0.175,0.9722,78,0
IWM190913P145,2019-09-06,2019-09-06 11:27:53,0.18,1.0,737,0.17,0.9444,900,0.18,1.0,1,0.175,0.9722,78,0
IWM190913P145,2019-09-06,2019-09-06 11:27:54,0.18,1.0,737,0.17,0.9444,900,0.18,1.0,1,0.175,0.9722,78,0
IWM190913P145,2019-09-06,2019-09-06 11:27:55,0.18,1.0,737,0.17,0.9444,900,0.18,1.0,1,0.175,0.9722,78,0
IWM190913P145,2019-09-06,2019-09-06 11:27:56,0.18,1.0,737,0.17,0.9444,900,0.18,1.0,1,0.175,0.9722,78,0
IWM190913P145,2019-09-06,2019-09-06 11:27:57,0.18,1.0,737,0.17,0.9444,900,0.18,1.0,1,0.175,0.9722,78,0
IWM190913P145,2019-09-06,2019-09-06 11:27:57,0.18,1.0,886,0.17,0.9444,758,0.18,1.0,1,0.175,0.9722,78,0
IWM190913P145,2019-09-06,2019-09-06 11:27:58,0.18,1.0,896,0.17,0.9444,758,0.18,1.0,1,0.175,0.9722,78,0
IWM190913P145,2019-09-06,2019-09-06 11:27:59,0.18,1.0,896,0.17,0.9444,900,0.18,1.0,1,0.175,0.9722,78,0
IWM190913P145,2019-09-06,2019-09-06 11:28:00,0.18,1.0,896,0.17,0.9444,746,0.18,1.0,1,0.175,0.9722,78,0
IWM190913P145,2019-09-06,2019-09-06 11:28:00,0.18,1.0,579,0.17,0.9444,910,0.18,1.0,1,0.175,0.9722,78,0
IWM190913P145,2019-09-06,2019-09-06 11:28:01,0.18,1.0,759,0.17,0.9444,910,0.18,1.0,1,0.175,0.9722,78,0
IWM190913P145,2019-09-06,2019-09-06 11:28:01,0.18,1.0,579,0.17,0.9444,910,0.18,1.0,1,0.175,0.9722,78,0
IWM190913P145,2019-09-06,2019-09-06 11:28:02,0.18,1.0,759,0.17,0.9444,490,0.18,1.0,1,0.175,0.9722,78,0
IWM190913P145,2019-09-06,2019-09-06 11:28:02,0.18,1.0,759,0.17,0.9444,910,0.18,1.0,1,0.175,0.9722,78,0
IWM190913P145,2019-09-06,2019-09-06 11:28:03,0.18,1.0,475,0.17,0.9444,900,0.18,1.0,1,0.175,0.9722,78,0
IWM190913P145,2019-09-06,2019-09-06 11:28:03,0.18,1.0,577,0.17,0.9444,900,0.18,1.0,1,0.175,0.9722,78,0
IWM190913P145,2019-09-06,2019-09-06 11:28:04,0.18,1.0,920,0.17,0.9444,900,0.18,1.0,1,0.175,0.9722,78,0
IWM190913P145,2019-09-06,2019-09-06 11:28:04,0.18,1.0,877,0.17,0.9444,900,0.18,1.0,1,0.175,0.9722,78,0
IWM190913P145,2019-09-06,2019-09-06 11:28:05,0.18,1.0,920,0.17,0.9444,900,0.18,1.0,1,0.175,0.9722,78,0
IWM190913P145,2019-09-06,2019-09-06 11:28:06,0.18,1.0,920,0.17,0.9444,900,0.18,1.0,1,0.175,0.9722,78,0
IWM190913P145,2019-09-06,2019-09-06 11:28:07,0.18,1.0,920,0.17,0.9444,900,0.18,1.0,1,0.175,0.9722,78,0
IWM190913P145,2019-09-06,2019-09-06 11:28:08,0.18,1.0,920,0.17,0.9444,900,0.18,1.0,1,0.175,0.9722,78,0
IWM190913P145,2019-09-06,2019-09-06 11:28:09,0.18,1.0,920,0.17,0.9444,900,0.18,1.0,1,0.175,0.9722,78,0
IWM190913P145,2019-09-06,2019-09-06 11:28:10,0.18,1.0,920,0.17,0.9444,900,0.18,1.0,1,0.175,0.9722,78,0
IWM190913P145,2019-09-06,2019-09-06 11:28:10,0.18,1.0,745,0.17,0.9444,900,0.18,1.0,1,0.175,0.9722,78,0
IWM190913P145,2019-09-06,2019-09-06 11:28:11,0.18,1.0,745,0.17,0.9444,758,0.18,1.0,1,0.175,0.9722,78,0
IWM190913P145,2019-09-06,2019-09-06 11:28:11,0.18,1.0,745,0.17,0.9444,900,0.18,1.0,1,0.175,0.9722,78,0
IWM190913P145,2019-09-06,2019-09-06 11:28:12,0.18,1.0,745,0.17,0.9444,900,0.18,1.0,1,0.175,0.9722,78,0
IWM190913P145,2019-09-06,2019-09-06 11:28:13,0.18,1.0,745,0.17,0.9444,900,0.18,1.0,1,0.175,0.9722,78,0
IWM190913P145,2019-09-06,2019-09-06 11:28:14,0.18,1.0,745,0.17,0.9444,900,0.18,1.0,1,0.175,0.9722,78,0
IWM190913P145,2019-09-06,2019-09-06 11:28:15,0.18,1.0,745,0.17,0.9444,900,0.18,1.0,1,0.175,0.9722,78,0
IWM190913P145,2019-09-06,2019-09-06 11:28:15,0.18,1.0,910,0.17,0.9444,900,0.18,1.0,1,0.175,0.9722,78,0
IWM190913P145,2019-09-06,2019-09-06 11:28:16,0.18,1.0,910,0.17,0.9444,900,0.18,1.0,1,0.175,0.9722,78,0
IWM190913P145,2019-09-06,2019-09-06 11:28:16,0.18,1.0,641,0.17,0.9444,910,0.18,1.0,1,0.175,0.9722,78,0
IWM190913P145,2019-09-06,2019-09-06 11:28:17,0.18,1.0,540,0.17,0.9444,910,0.18,1.0,1,0.175,0.9722,78,0
IWM190913P145,2019-09-06,2019-09-06 11:28:18,0.18,1.0,944,0.17,0.9444,490,0.18,1.0,1,0.175,0.9722,78,0
IWM190913P145,2019-09-06,2019-09-06 11:28:18,0.18,1.0,672,0.17,0.9444,910,0.18,1.0,1,0.175,0.9722,78,0
IWM190913P145,2019-09-06,2019-09-06 11:28:19,0.18,1.0,944,0.17,0.9444,910,0.18,1.0,1,0.175,0.9722,78,0
IWM190913P145,2019-09-06,2019-09-06 11:28:20,0.18,1.0,555,0.17,0.9444,910,0.18,1.0,1,0.175,0.9722,78,0
IWM190913P145,2019-09-06,2019-09-06 11:28:20,0.18,1.0,944,0.17,0.9444,910,0.18,1.0,1,0.175,0.9722,78,0
IWM190913P145,2019-09-06,2019-09-06 11:28:21,0.18,1.0,460,0.17,0.9444,910,0.18,1.0,1,0.175,0.9722,78,0
IWM190913P145,2019-09-06,2019-09-06 11:28:22,0.18,1.0,460,0.17,0.9444,910,0.18,1.0,1,0.175,0.9722,78,0
IWM190913P145,2019-09-06,2019-09-06 11:28:23,0.18,1.0,460,0.17,0.9444,910,0.18,1.0,1,0.175,0.9722,78,0
IWM190913P145,2019-09-06,2019-09-06 11:28:24,0.18,1.0,460,0.17,0.9444,910,0.18,1.0,1,0.175,0.9722,78,0
IWM190913P145,2019-09-06,2019-09-06 11:28:25,0.18,1.0,460,0.17,0.9444,910,0.18,1.0,1,0.175,0.9722,78,0
IWM190913P145,2019-09-06,2019-09-06 11:28:26,0.18,1.0,460,0.17,0.9444,910,0.18,1.0,1,0.175,0.9722,78,0
IWM190913P145,2019-09-06,2019-09-06 11:28:27,0.18,1.0,726,0.17,0.9444,910,0.18,1.0,1,0.175,0.9722,78,0
IWM190913P145,2019-09-06,2019-09-06 11:28:27,0.18,1.0,460,0.17,0.9444,910,0.18,1.0,1,0.175,0.9722,78,0
IWM190913P145,2019-09-06,2019-09-06 11:28:28,0.18,1.0,930,0.17,0.9444,910,0.18,1.0,1,0.175,0.9722,78,0
IWM190913P145,2019-09-06,2019-09-06 11:28:28,0.18,1.0,726,0.17,0.9444,910,0.18,1.0,1,0.175,0.9722,78,0
IWM190913P145,2019-09-06,2019-09-06 11:28:29,0.18,1.0,930,0.17,0.9444,910,0.18,1.0,1,0.175,0.9722,78,0
IWM190913P145,2019-09-06,2019-09-06 11:28:30,0.18,1.0,930,0.17,0.9444,910,0.18,1.0,1,0.175,0.9722,78,0
IWM190913P145,2019-09-06,2019-09-06 11:28:31,0.18,1.0,930,0.17,0.9444,910,0.18,1.0,1,0.175,0.9722,78,0
IWM190913P145,2019-09-06,2019-09-06 11:28:32,0.18,1.0,920,0.17,0.9444,910,0.18,1.0,1,0.175,0.9722,78,0
IWM190913P145,2019-09-06,2019-09-06 11:28:33,0.18,1.0,920,0.17,0.9444,910,0.18,1.0,1,0.175,0.9722,78,0
IWM190913P145,2019-09-06,2019-09-06 11:28:33,0.18,1.0,930,0.17,0.9444,910,0.18,1.0,1,0.175,0.9722,78,0
IWM190913P145,2019-09-06,2019-09-06 11:28:34,0.18,1.0,583,0.17,0.9444,910,0.18,1.0,1,0.175,0.9722,78,0
IWM190913P145,2019-09-06,2019-09-06 11:28:35,0.18,1.0,583,0.17,0.9444,910,0.18,1.0,1,0.175,0.9722,78,0
IWM190913P145,2019-09-06,2019-09-06 11:28:36,0.18,1.0,572,0.17,0.9444,910,0.18,1.0,1,0.175,0.9722,78,0
IWM190913P145,2019-09-06,2019-09-06 11:28:36,0.18,1.0,583,0.17,0.9444,910,0.18,1.0,1,0.175,0.9722,78,0
IWM190913P145,2019-09-06,2019-09-06 11:28:37,0.18,1.0,572,0.17,0.9444,910,0.18,1.0,1,0.175,0.9722,78,0
IWM190913P145,2019-09-06,2019-09-06 11:28:38,0.18,1.0,572,0.17,0.9444,910,0.18,1.0,1,0.175,0.9722,78,0
IWM190913P145,2019-09-06,2019-09-06 11:28:39,0.18,1.0,572,0.17,0.9444,910,0.18,1.0,1,0.175,0.9722,78,0
IWM190913P145,2019-09-06,2019-09-06 11:28:40,0.18,1.0,572,0.17,0.9444,910,0.18,1.0,1,0.175,0.9722,78,0
IWM190913P145,2019-09-06,2019-09-06 11:28:41,0.18,1.0,572,0.17,0.9444,910,0.18,1.0,1,0.175,0.9722,78,0
IWM190913P145,2019-09-06,2019-09-06 11:28:42,0.18,1.0,714,0.17,0.9444,910,0.18,1.0,1,0.175,0.9722,78,0
IWM190913P145,2019-09-06,2019-09-06 11:28:42,0.18,1.0,437,0.17,0.9444,910,0.18,1.0,1,0.175,0.9722,78,0
IWM190913P145,2019-09-06,2019-09-06 11:28:43,0.18,1.0,530,0.17,0.9444,910,0.18,1.0,1,0.175,0.9722,78,0
IWM190913P145,2019-09-06,2019-09-06 11:28:44,0.18,1.0,530,0.17,0.9444,910,0.18,1.0,1,0.175,0.9722,78,0
IWM190913P145,2019-09-06,2019-09-06 11:28:45,0.18,1.0,530,0.17,0.9444,910,0.18,1.0,1,0.175,0.9722,78,0
IWM190913P145,2019-09-06,2019-09-06 11:28:46,0.18,1.0,530,0.17,0.9444,910,0.18,1.0,1,0.175,0.9722,78,0
IWM190913P145,2019-09-06,2019-09-06 11:28:47,0.18,1.0,530,0.17,0.9444,910,0.18,1.0,1,0.175,0.9722,78,0
IWM190913P145,2019-09-06,2019-09-06 11:28:48,0.18,1.0,530,0.17,0.9444,910,0.18,1.0,1,0.175,0.9722,78,0
IWM190913P145,2019-09-06,2019-09-06 11:28:49,0.18,1.0,742,0.17,0.9444,910,0.18,1.0,1,0.175,0.9722,78,0
IWM190913P145,2019-09-06,2019-09-06 11:28:49,0.18,1.0,530,0.17,0.9444,910,0.18,1.0,1,0.175,0.9722,78,0
IWM190913P145,2019-09-06,2019-09-06 11:28:50,0.18,1.0,530,0.17,0.9444,910,0.18,1.0,1,0.175,0.9722,78,0
IWM190913P145,2019-09-06,2019-09-06 11:28:50,0.18,1.0,742,0.17,0.9444,910,0.18,1.0,1,0.175,0.9722,78,0
IWM190913P145,2019-09-06,2019-09-06 11:28:51,0.18,1.0,530,0.17,0.9444,910,0.18,1.0,1,0.175,0.9722,78,0
IWM190913P145,2019-09-06,2019-09-06 11:28:52,0.18,1.0,437,0.17,0.9444,910,0.18,1.0,1,0.175,0.9722,78,0
IWM190913P145,2019-09-06,2019-09-06 11:28:53,0.18,1.0,437,0.17,0.9444,910,0.18,1.0,1,0.175,0.9722,78,0
IWM190913P145,2019-09-06,2019-09-06 11:28:54,0.18,1.0,437,0.17,0.9444,910,0.18,1.0,1,0.175,0.9722,78,0
IWM190913P145,2019-09-06,2019-09-06 11:28:55,0.18,1.0,437,0.17,0.9444,910,0.18,1.0,1,0.175,0.9722,78,0
IWM190913P145,2019-09-06,2019-09-06 11:28:56,0.18,1.0,437,0.17,0.9444,910,0.18,1.0,1,0.175,0.9722,78,0
IWM190913P145,2019-09-06,2019-09-06 11:28:57,0.18,1.0,437,0.17,0.9444,910,0.18,1.0,1,0.175,0.9722,78,0
IWM190913P145,2019-09-06,2019-09-06 11:28:58,0.18,1.0,437,0.17,0.9444,910,0.18,1.0,1,0.175,0.9722,78,0
IWM190913P145,2019-09-06,2019-09-06 11:28:59,0.18,1.0,437,0.17,0.9444,910,0.18,1.0,1,0.175,0.9722,78,0
IWM190913P145,2019-09-06,2019-09-06 11:29:00,0.18,1.0,437,0.17,0.9444,910,0.18,1.0,1,0.175,0.9722,78,0
IWM190913P145,2019-09-06,2019-09-06 11:29:01,0.18,1.0,437,0.17,0.9444,910,0.18,1.0,1,0.175,0.9722,78,0
IWM190913P145,2019-09-06,2019-09-06 11:29:02,0.18,1.0,327,0.17,0.9444,853,0.18,1.0,1,0.175,0.9722,78,0
IWM190913P145,2019-09-06,2019-09-06 11:29:03,0.18,1.0,327,0.17,0.9444,853,0.18,1.0,1,0.175,0.9722,78,0
IWM190913P145,2019-09-06,2019-09-06 11:29:04,0.18,1.0,418,0.17,0.9444,853,0.18,1.0,1,0.175,0.9722,78,0
IWM190913P145,2019-09-06,2019-09-06 11:29:04,0.18,1.0,327,0.17,0.9444,853,0.18,1.0,1,0.175,0.9722,78,0
IWM190913P145,2019-09-06,2019-09-06 11:29:05,0.18,1.0,418,0.17,0.9444,853,0.18,1.0,1,0.175,0.9722,78,0
IWM190913P145,2019-09-06,2019-09-06 11:29:06,0.18,1.0,856,0.17,0.9444,853,0.18,1.0,1,0.175,0.9722,78,0
IWM190913P145,2019-09-06,2019-09-06 11:29:07,0.18,1.0,579,0.17,0.9444,853,0.18,1.0,1,0.175,0.9722,78,0
IWM190913P145,2019-09-06,2019-09-06 11:29:07,0.18,1.0,907,0.17,0.9444,853,0.18,1.0,1,0.175,0.9722,78,0
IWM190913P145,2019-09-06,2019-09-06 11:29:08,0.18,1.0,488,0.17,0.9444,853,0.18,1.0,1,0.175,0.9722,78,0
IWM190913P145,2019-09-06,2019-09-06 11:29:08,0.18,1.0,920,0.17,0.9444,853,0.18,1.0,1,0.175,0.9722,78,0
IWM190913P145,2019-09-06,2019-09-06 11:29:09,0.18,1.0,488,0.17,0.9444,853,0.18,1.0,1,0.175,0.9722,78,0
IWM190913P145,2019-09-06,2019-09-06 11:29:09,0.18,1.0,683,0.17,0.9444,853,0.18,1.0,1,0.175,0.9722,78,0
IWM190913P145,2019-09-06,2019-09-06 11:29:10,0.18,1.0,924,0.17,0.9444,853,0.18,1.0,1,0.175,0.9722,78,0
IWM190913P145,2019-09-06,2019-09-06 11:29:10,0.18,1.0,683,0.17,0.9444,853,0.18,1.0,1,0.175,0.9722,78,0
IWM190913P145,2019-09-06,2019-09-06 11:29:11,0.18,1.0,924,0.17,0.9444,853,0.18,1.0,1,0.175,0.9722,78,0
IWM190913P145,2019-09-06,2019-09-06 11:29:12,0.18,1.0,924,0.17,0.9444,853,0.18,1.0,1,0.175,0.9722,78,0
IWM190913P145,2019-09-06,2019-09-06 11:29:12,0.18,1.0,488,0.17,0.9444,853,0.18,1.0,1,0.175,0.9722,78,0
IWM190913P145,2019-09-06,2019-09-06 11:29:13,0.18,1.0,488,0.17,0.9444,853,0.18,1.0,1,0.175,0.9722,78,0
IWM190913P145,2019-09-06,2019-09-06 11:29:14,0.18,1.0,488,0.17,0.9444,853,0.18,1.0,1,0.175,0.9722,78,0
IWM190913P145,2019-09-06,2019-09-06 11:29:15,0.18,1.0,488,0.17,0.9444,853,0.18,1.0,1,0.175,0.9722,78,0
IWM190913P145,2019-09-06,2019-09-06 11:29:16,0.18,1.0,488,0.17,0.9444,853,0.18,1.0,1,0.175,0.9722,78,0
IWM190913P145,2019-09-06,2019-09-06 11:29:17,0.18,1.0,488,0.17,0.9444,853,0.18,1.0,1,0.175,0.9722,78,0
IWM190913P145,2019-09-06,2019-09-06 11:29:18,0.18,1.0,488,0.17,0.9444,853,0.18,1.0,1,0.175,0.9722,78,0
IWM190913P145,2019-09-06,2019-09-06 11:29:19,0.18,1.0,488,0.17,0.9444,853,0.18,1.0,1,0.175,0.9722,78,0
IWM190913P145,2019-09-06,2019-09-06 11:29:20,0.18,1.0,488,0.17,0.9444,853,0.18,1.0,1,0.175,0.9722,78,0
IWM190913P145,2019-09-06,2019-09-06 11:29:21,0.18,1.0,672,0.17,0.9444,1017,0.18,1.0,1,0.175,0.9722,78,0
IWM190913P145,2019-09-06,2019-09-06 11:29:21,0.18,1.0,335,0.17,0.9444,874,0.18,1.0,1,0.175,0.9722,78,0
IWM190913P145,2019-09-06,2019-09-06 11:29:22,0.18,1.0,672,0.17,0.9444,1017,0.18,1.0,1,0.175,0.9722,78,0
IWM190913P145,2019-09-06,2019-09-06 11:29:23,0.18,1.0,672,0.17,0.9444,997,0.18,1.0,1,0.175,0.9722,78,0
IWM190913P145,2019-09-06,2019-09-06 11:29:23,0.18,1.0,672,0.17,0.9444,1008,0.18,1.0,1,0.175,0.9722,78,0
IWM190913P145,2019-09-06,2019-09-06 11:29:24,0.18,1.0,672,0.17,0.9444,997,0.18,1.0,1,0.175,0.9722,78,0
IWM190913P145,2019-09-06,2019-09-06 11:29:25,0.18,1.0,672,0.17,0.9444,997,0.18,1.0,1,0.175,0.9722,78,0
IWM190913P145,2019-09-06,2019-09-06 11:29:25,0.18,1.0,718,0.17,0.9444,997,0.18,1.0,1,0.175,0.9722,78,0
IWM190913P145,2019-09-06,2019-09-06 11:29:26,0.18,1.0,931,0.17,0.9444,997,0.18,1.0,1,0.175,0.9722,78,0
IWM190913P145,2019-09-06,2019-09-06 11:29:27,0.18,1.0,931,0.17,0.9444,997,0.18,1.0,1,0.175,0.9722,78,0
IWM190913P145,2019-09-06,2019-09-06 11:29:28,0.18,1.0,931,0.17,0.9444,997,0.18,1.0,1,0.175,0.9722,78,0
IWM190913P145,2019-09-06,2019-09-06 11:29:29,0.18,1.0,931,0.17,0.9444,997,0.18,1.0,1,0.175,0.9722,78,0
IWM190913P145,2019-09-06,2019-09-06 11:29:30,0.18,1.0,578,0.17,0.9444,956,0.18,1.0,1,0.175,0.9722,78,0
IWM190913P145,2019-09-06,2019-09-06 11:29:30,0.18,1.0,931,0.17,0.9444,997,0.18,1.0,1,0.175,0.9722,78,0
IWM190913P145,2019-09-06,2019-09-06 11:29:31,0.18,1.0,578,0.17,0.9444,956,0.18,1.0,1,0.175,0.9722,78,0
IWM190913P145,2019-09-06,2019-09-06 11:29:32,0.18,1.0,578,0.17,0.9444,956,0.18,1.0,1,0.175,0.9722,78,0
IWM190913P145,2019-09-06,2019-09-06 11:29:33,0.18,1.0,578,0.17,0.9444,956,0.18,1.0,1,0.175,0.9722,78,0
IWM190913P145,2019-09-06,2019-09-06 11:29:34,0.18,1.0,578,0.17,0.9444,956,0.18,1.0,1,0.175,0.9722,78,0
IWM190913P145,2019-09-06,2019-09-06 11:29:35,0.18,1.0,578,0.17,0.9444,956,0.18,1.0,1,0.175,0.9722,78,0
IWM190913P145,2019-09-06,2019-09-06 11:29:36,0.18,1.0,753,0.17,0.9444,998,0.18,1.0,1,0.175,0.9722,78,0
IWM190913P145,2019-09-06,2019-09-06 11:29:36,0.18,1.0,531,0.17,0.9444,998,0.18,1.0,1,0.175,0.9722,78,0
IWM190913P145,2019-09-06,2019-09-06 11:29:37,0.18,1.0,531,0.17,0.9444,998,0.18,1.0,1,0.175,0.9722,78,0
IWM190913P145,2019-09-06,2019-09-06 11:29:38,0.18,1.0,531,0.17,0.9444,998,0.18,1.0,1,0.175,0.9722,78,0
IWM190913P145,2019-09-06,2019-09-06 11:29:39,0.18,1.0,531,0.17,0.9444,998,0.18,1.0,1,0.175,0.9722,78,0
IWM190913P145,2019-09-06,2019-09-06 11:29:40,0.18,1.0,531,0.17,0.9444,998,0.18,1.0,1,0.175,0.9722,78,0
IWM190913P145,2019-09-06,2019-09-06 11:29:41,0.18,1.0,609,0.17,0.9444,998,0.18,1.0,1,0.175,0.9722,78,0
IWM190913P145,2019-09-06,2019-09-06 11:29:41,0.18,1.0,428,0.17,0.9444,998,0.18,1.0,1,0.175,0.9722,78,0
IWM190913P145,2019-09-06,2019-09-06 11:29:42,0.18,1.0,609,0.17,0.9444,998,0.18,1.0,1,0.175,0.9722,78,0
IWM190913P145,2019-09-06,2019-09-06 11:29:43,0.18,1.0,609,0.17,0.9444,998,0.18,1.0,1,0.175,0.9722,78,0
IWM190913P145,2019-09-06,2019-09-06 11:29:44,0.18,1.0,428,0.17,0.9444,957,0.18,1.0,1,0.175,0.9722,78,0
IWM190913P145,2019-09-06,2019-09-06 11:29:45,0.18,1.0,428,0.17,0.9444,957,0.18,1.0,1,0.175,0.9722,78,0
IWM190913P145,2019-09-06,2019-09-06 11:29:46,0.18,1.0,428,0.17,0.9444,957,0.18,1.0,1,0.175,0.9722,78,0
IWM190913P145,2019-09-06,2019-09-06 11:29:47,0.18,1.0,428,0.17,0.9444,957,0.18,1.0,1,0.175,0.9722,78,0
IWM190913P145,2019-09-06,2019-09-06 11:29:48,0.18,1.0,405,0.17,0.9444,939,0.18,1.0,1,0.175,0.9722,78,0
IWM190913P145,2019-09-06,2019-09-06 11:29:48,0.18,1.0,505,0.17,0.9444,939,0.18,1.0,1,0.175,0.9722,78,0
IWM190913P145,2019-09-06,2019-09-06 11:29:49,0.18,1.0,396,0.17,0.9444,939,0.18,1.0,1,0.175,0.9722,78,0
IWM190913P145,2019-09-06,2019-09-06 11:29:50,0.18,1.0,396,0.17,0.9444,939,0.18,1.0,1,0.175,0.9722,78,0
IWM190913P145,2019-09-06,2019-09-06 11:29:51,0.18,1.0,396,0.17,0.9444,939,0.18,1.0,1,0.175,0.9722,78,0
IWM190913P145,2019-09-06,2019-09-06 11:29:51,0.18,1.0,341,0.17,0.9444,939,0.18,1.0,1,0.175,0.9722,78,0
IWM190913P145,2019-09-06,2019-09-06 11:29:52,0.18,1.0,262,0.17,0.9444,939,0.18,1.0,1,0.175,0.9722,78,0
IWM190913P145,2019-09-06,2019-09-06 11:29:53,0.18,1.0,262,0.17,0.9444,939,0.18,1.0,1,0.175,0.9722,78,0
IWM190913P145,2019-09-06,2019-09-06 11:29:54,0.18,1.0,262,0.17,0.9444,939,0.18,1.0,1,0.175,0.9722,78,0
IWM190913P145,2019-09-06,2019-09-06 11:29:55,0.18,1.0,262,0.17,0.9444,939,0.18,1.0,1,0.175,0.9722,78,0
IWM190913P145,2019-09-06,2019-09-06 11:29:55,0.18,1.0,511,0.17,0.9444,939,0.18,1.0,1,0.175,0.9722,78,0
IWM190913P145,2019-09-06,2019-09-06 11:29:56,0.18,1.0,429,0.17,0.9444,939,0.18,1.0,1,0.175,0.9722,78,0
IWM190913P145,2019-09-06,2019-09-06 11:29:57,0.18,1.0,429,0.17,0.9444,939,0.18,1.0,1,0.175,0.9722,78,0
IWM190913P145,2019-09-06,2019-09-06 11:29:58,0.18,1.0,429,0.17,0.9444,939,0.18,1.0,1,0.175,0.9722,78,0
IWM190913P145,2019-09-06,2019-09-06 11:29:59,0.18,1.0,429,0.17,0.9444,939,0.18,1.0,1,0.175,0.9722,78,0
IWM190913P145,2019-09-06,2019-09-06 11:29:59,0.18,1.0,549,0.17,0.9444,939,0.18,1.0,1,0.175,0.9722,78,0
IWM190913P145,2019-09-06,2019-09-06 11:30:00,0.18,1.0,565,0.17,0.9444,939,0.18,1.0,1,0.175,0.9722,78,0
IWM190913P145,2019-09-06,2019-09-06 11:30:00,0.18,1.0,519,0.17,0.9444,939,0.18,1.0,1,0.175,0.9722,78,0
IWM190913P145,2019-09-06,2019-09-06 11:30:01,0.18,1.0,782,0.17,0.9444,939,0.18,1.0,1,0.175,0.9722,78,0
IWM190913P145,2019-09-06,2019-09-06 11:30:01,0.18,1.0,603,0.17,0.9444,988,0.18,1.0,1,0.175,0.9722,78,0
IWM190913P145,2019-09-06,2019-09-06 11:30:02,0.18,1.0,782,0.17,0.9444,939,0.18,1.0,1,0.175,0.9722,78,0
IWM190913P145,2019-09-06,2019-09-06 11:30:03,0.18,1.0,782,0.17,0.9444,939,0.18,1.0,1,0.175,0.9722,78,0
IWM190913P145,2019-09-06,2019-09-06 11:30:04,0.18,1.0,782,0.17,0.9444,939,0.18,1.0,1,0.175,0.9722,78,0
IWM190913P145,2019-09-06,2019-09-06 11:30:05,0.18,1.0,867,0.17,0.9444,939,0.18,1.0,1,0.175,0.9722,78,0
IWM190913P145,2019-09-06,2019-09-06 11:30:05,0.18,1.0,515,0.17,0.9444,939,0.18,1.0,1,0.175,0.9722,78,0
IWM190913P145,2019-09-06,2019-09-06 11:30:06,0.18,1.0,515,0.17,0.9444,939,0.18,1.0,1,0.175,0.9722,78,0
IWM190913P145,2019-09-06,2019-09-06 11:30:07,0.18,1.0,515,0.17,0.9444,939,0.18,1.0,1,0.175,0.9722,78,0
IWM190913P145,2019-09-06,2019-09-06 11:30:08,0.18,1.0,515,0.17,0.9444,939,0.18,1.0,1,0.175,0.9722,78,0
IWM190913P145,2019-09-06,2019-09-06 11:30:08,0.18,1.0,683,0.17,0.9444,939,0.18,1.0,1,0.175,0.9722,78,0
IWM190913P145,2019-09-06,2019-09-06 11:30:09,0.18,1.0,898,0.17,0.9444,939,0.18,1.0,1,0.175,0.9722,78,0
IWM190913P145,2019-09-06,2019-09-06 11:30:10,0.18,1.0,683,0.17,0.9444,939,0.18,1.0,1,0.175,0.9722,78,0
IWM190913P145,2019-09-06,2019-09-06 11:30:10,0.18,1.0,488,0.17,0.9444,939,0.18,1.0,1,0.175,0.9722,78,0
IWM190913P145,2019-09-06,2019-09-06 11:30:11,0.18,1.0,488,0.17,0.9444,939,0.18,1.0,1,0.175,0.9722,78,0
IWM190913P145,2019-09-06,2019-09-06 11:30:11,0.18,1.0,683,0.17,0.9444,939,0.18,1.0,1,0.175,0.9722,78,0
IWM190913P145,2019-09-06,2019-09-06 11:30:12,0.18,1.0,802,0.17,0.9444,939,0.18,1.0,1,0.175,0.9722,78,0
IWM190913P145,2019-09-06,2019-09-06 11:30:13,0.18,1.0,897,0.17,0.9444,939,0.18,1.0,1,0.175,0.9722,78,0
IWM190913P145,2019-09-06,2019-09-06 11:30:14,0.18,1.0,897,0.17,0.9444,939,0.18,1.0,1,0.175,0.9722,78,0
IWM190913P145,2019-09-06,2019-09-06 11:30:15,0.18,1.0,897,0.17,0.9444,939,0.18,1.0,1,0.175,0.9722,78,0
IWM190913P145,2019-09-06,2019-09-06 11:30:16,0.18,1.0,897,0.17,0.9444,939,0.18,1.0,1,0.175,0.9722,78,0
IWM190913P145,2019-09-06,2019-09-06 11:30:17,0.18,1.0,897,0.17,0.9444,939,0.18,1.0,1,0.175,0.9722,78,0
IWM190913P145,2019-09-06,2019-09-06 11:30:18,0.18,1.0,897,0.17,0.9444,939,0.18,1.0,1,0.175,0.9722,78,0
IWM190913P145,2019-09-06,2019-09-06 11:30:19,0.18,1.0,897,0.17,0.9444,939,0.18,1.0,1,0.175,0.9722,78,0
IWM190913P145,2019-09-06,2019-09-06 11:30:20,0.18,1.0,897,0.17,0.9444,939,0.18,1.0,1,0.175,0.9722,78,0
IWM190913P145,2019-09-06,2019-09-06 11:30:21,0.18,1.0,627,0.17,0.9444,939,0.18,1.0,1,0.175,0.9722,78,0
IWM190913P145,2019-09-06,2019-09-06 11:30:21,0.18,1.0,897,0.17,0.9444,939,0.18,1.0,1,0.175,0.9722,78,0
IWM190913P145,2019-09-06,2019-09-06 11:30:22,0.18,1.0,627,0.17,0.9444,939,0.18,1.0,1,0.175,0.9722,78,0
IWM190913P145,2019-09-06,2019-09-06 11:30:23,0.18,1.0,904,0.17,0.9444,939,0.18,1.0,1,0.175,0.9722,78,0
IWM190913P145,2019-09-06,2019-09-06 11:30:23,0.18,1.0,877,0.17,0.9444,939,0.18,1.0,1,0.175,0.9722,78,0
IWM190913P145,2019-09-06,2019-09-06 11:30:24,0.18,1.0,904,0.17,0.9444,939,0.18,1.0,1,0.175,0.9722,78,0
IWM190913P145,2019-09-06,2019-09-06 11:30:25,0.18,1.0,606,0.17,0.9444,939,0.18,1.0,1,0.175,0.9722,78,0
IWM190913P145,2019-09-06,2019-09-06 11:30:25,0.18,1.0,952,0.17,0.9444,939,0.18,1.0,1,0.175,0.9722,78,0
IWM190913P145,2019-09-06,2019-09-06 11:30:26,0.18,1.0,606,0.17,0.9444,939,0.18,1.0,1,0.175,0.9722,78,0
IWM190913P145,2019-09-06,2019-09-06 11:30:27,0.18,1.0,606,0.17,0.9444,939,0.18,1.0,1,0.175,0.9722,78,0
IWM190913P145,2019-09-06,2019-09-06 11:30:28,0.18,1.0,606,0.17,0.9444,939,0.18,1.0,1,0.175,0.9722,78,0
IWM190913P145,2019-09-06,2019-09-06 11:30:29,0.18,1.0,439,0.17,0.9444,796,0.18,1.0,1,0.175,0.9722,78,0
IWM190913P145,2019-09-06,2019-09-06 11:30:29,0.18,1.0,586,0.17,0.9444,939,0.18,1.0,1,0.175,0.9722,78,0
IWM190913P145,2019-09-06,2019-09-06 11:30:30,0.18,1.0,480,0.17,0.9444,939,0.18,1.0,1,0.175,0.9722,78,0
IWM190913P145,2019-09-06,2019-09-06 11:30:30,0.18,1.0,591,0.17,0.9444,939,0.18,1.0,1,0.175,0.9722,78,0
IWM190913P145,2019-09-06,2019-09-06 11:30:31,0.18,1.0,682,0.17,0.9444,939,0.18,1.0,1,0.175,0.9722,78,0
IWM190913P145,2019-09-06,2019-09-06 11:30:32,0.18,1.0,752,0.17,0.9444,939,0.18,1.0,1,0.175,0.9722,78,0
IWM190913P145,2019-09-06,2019-09-06 11:30:33,0.18,1.0,480,0.17,0.9444,939,0.18,1.0,1,0.175,0.9722,78,0
IWM190913P145,2019-09-06,2019-09-06 11:30:33,0.18,1.0,480,0.17,0.9444,981,0.18,1.0,1,0.175,0.9722,78,0
IWM190913P145,2019-09-06,2019-09-06 11:30:34,0.18,1.0,480,0.17,0.9444,981,0.18,1.0,1,0.175,0.9722,78,0
IWM190913P145,2019-09-06,2019-09-06 11:30:35,0.18,1.0,480,0.17,0.9444,981,0.18,1.0,1,0.175,0.9722,78,0
IWM190913P145,2019-09-06,2019-09-06 11:30:36,0.18,1.0,672,0.17,0.9444,981,0.18,1.0,1,0.175,0.9722,78,0
IWM190913P145,2019-09-06,2019-09-06 11:30:36,0.18,1.0,705,0.17,0.9444,981,0.18,1.0,1,0.175,0.9722,78,0
IWM190913P145,2019-09-06,2019-09-06 11:30:37,0.18,1.0,805,0.17,0.9444,981,0.18,1.0,1,0.175,0.9722,78,0
IWM190913P145,2019-09-06,2019-09-06 11:30:38,0.18,1.0,805,0.17,0.9444,981,0.18,1.0,1,0.175,0.9722,78,0
IWM190913P145,2019-09-06,2019-09-06 11:30:39,0.18,1.0,805,0.17,0.9444,981,0.18,1.0,1,0.175,0.9722,78,0
IWM190913P145,2019-09-06,2019-09-06 11:30:40,0.18,1.0,925,0.17,0.9444,981,0.18,1.0,1,0.175,0.9722,78,0
IWM190913P145,2019-09-06,2019-09-06 11:30:40,0.18,1.0,805,0.17,0.9444,981,0.18,1.0,1,0.175,0.9722,78,0
IWM190913P145,2019-09-06,2019-09-06 11:30:41,0.18,1.0,805,0.17,0.9444,981,0.18,1.0,1,0.175,0.9722,78,0
IWM190913P145,2019-09-06,2019-09-06 11:30:41,0.18,1.0,613,0.17,0.9444,981,0.18,1.0,1,0.175,0.9722,78,0
IWM190913P145,2019-09-06,2019-09-06 11:30:42,0.18,1.0,480,0.17,0.9444,981,0.18,1.0,1,0.175,0.9722,78,0
IWM190913P145,2019-09-06,2019-09-06 11:30:43,0.18,1.0,480,0.17,0.9444,981,0.18,1.0,1,0.175,0.9722,78,0
IWM190913P145,2019-09-06,2019-09-06 11:30:44,0.18,1.0,480,0.17,0.9444,981,0.18,1.0,1,0.175,0.9722,78,0
IWM190913P145,2019-09-06,2019-09-06 11:30:45,0.18,1.0,480,0.17,0.9444,981,0.18,1.0,1,0.175,0.9722,78,0
IWM190913P145,2019-09-06,2019-09-06 11:30:46,0.18,1.0,480,0.17,0.9444,981,0.18,1.0,1,0.175,0.9722,78,0
IWM190913P145,2019-09-06,2019-09-06 11:30:47,0.18,1.0,672,0.17,0.9444,981,0.18,1.0,1,0.175,0.9722,78,0
IWM190913P145,2019-09-06,2019-09-06 11:30:47,0.18,1.0,927,0.17,0.9444,981,0.18,1.0,1,0.175,0.9722,78,0
IWM190913P145,2019-09-06,2019-09-06 11:30:48,0.18,1.0,575,0.17,0.9444,981,0.18,1.0,1,0.175,0.9722,78,0
IWM190913P145,2019-09-06,2019-09-06 11:30:49,0.18,1.0,575,0.17,0.9444,981,0.18,1.0,1,0.175,0.9722,78,0
IWM190913P145,2019-09-06,2019-09-06 11:30:50,0.18,1.0,451,0.17,0.9444,838,0.18,1.0,1,0.175,0.9722,78,0
IWM190913P145,2019-09-06,2019-09-06 11:30:50,0.18,1.0,480,0.17,0.9444,981,0.18,1.0,1,0.175,0.9722,78,0
IWM190913P145,2019-09-06,2019-09-06 11:30:51,0.18,1.0,480,0.17,0.9444,981,0.18,1.0,1,0.175,0.9722,78,0
IWM190913P145,2019-09-06,2019-09-06 11:30:52,0.18,1.0,672,0.17,0.9444,981,0.18,1.0,1,0.175,0.9722,78,0
IWM190913P145,2019-09-06,2019-09-06 11:30:53,0.18,1.0,672,0.17,0.9444,981,0.18,1.0,1,0.175,0.9722,78,0
IWM190913P145,2019-09-06,2019-09-06 11:30:54,0.18,1.0,802,0.17,0.9444,874,0.18,1.0,1,0.175,0.9722,78,0
IWM190913P145,2019-09-06,2019-09-06 11:30:54,0.18,1.0,672,0.17,0.9444,910,0.18,1.0,1,0.175,0.9722,78,0
IWM190913P145,2019-09-06,2019-09-06 11:30:55,0.18,1.0,802,0.17,0.9444,874,0.18,1.0,1,0.175,0.9722,78,0
IWM190913P145,2019-09-06,2019-09-06 11:30:55,0.18,1.0,890,0.17,0.9444,874,0.18,1.0,1,0.175,0.9722,78,0
IWM190913P145,2019-09-06,2019-09-06 11:30:56,0.18,1.0,558,0.17,0.9444,874,0.18,1.0,1,0.175,0.9722,78,0
IWM190913P145,2019-09-06,2019-09-06 11:30:56,0.18,1.0,890,0.17,0.9444,874,0.18,1.0,1,0.175,0.9722,78,0
IWM190913P145,2019-09-06,2019-09-06 11:30:57,0.18,1.0,558,0.17,0.9444,874,0.18,1.0,1,0.175,0.9722,78,0
IWM190913P145,2019-09-06,2019-09-06 11:30:58,0.18,1.0,558,0.17,0.9444,874,0.18,1.0,1,0.175,0.9722,78,0
IWM190913P145,2019-09-06,2019-09-06 11:30:59,0.18,1.0,558,0.17,0.9444,874,0.18,1.0,1,0.175,0.9722,78,0
IWM190913P145,2019-09-06,2019-09-06 11:31:00,0.18,1.0,894,0.17,0.9444,874,0.18,1.0,1,0.175,0.9722,78,0
IWM190913P145,2019-09-06,2019-09-06 11:31:01,0.18,1.0,894,0.17,0.9444,874,0.18,1.0,1,0.175,0.9722,78,0
IWM190913P145,2019-09-06,2019-09-06 11:31:02,0.18,1.0,937,0.17,0.9444,874,0.18,1.0,1,0.175,0.9722,78,0
IWM190913P145,2019-09-06,2019-09-06 11:31:02,0.18,1.0,894,0.17,0.9444,874,0.18,1.0,1,0.175,0.9722,78,0
IWM190913P145,2019-09-06,2019-09-06 11:31:03,0.18,1.0,937,0.17,0.9444,874,0.18,1.0,1,0.175,0.9722,78,0
IWM190913P145,2019-09-06,2019-09-06 11:31:04,0.18,1.0,937,0.17,0.9444,874,0.18,1.0,1,0.175,0.9722,78,0
IWM190913P145,2019-09-06,2019-09-06 11:31:05,0.18,1.0,937,0.17,0.9444,874,0.18,1.0,1,0.175,0.9722,78,0
IWM190913P145,2019-09-06,2019-09-06 11:31:06,0.18,1.0,558,0.17,0.9444,874,0.18,1.0,1,0.175,0.9722,78,0
IWM190913P145,2019-09-06,2019-09-06 11:31:07,0.18,1.0,558,0.17,0.9444,874,0.18,1.0,1,0.175,0.9722,78,0
IWM190913P145,2019-09-06,2019-09-06 11:31:08,0.18,1.0,558,0.17,0.9444,874,0.18,1.0,1,0.175,0.9722,78,0
IWM190913P145,2019-09-06,2019-09-06 11:31:09,0.18,1.0,558,0.17,0.9444,874,0.18,1.0,1,0.175,0.9722,78,0
IWM190913P145,2019-09-06,2019-09-06 11:31:10,0.18,1.0,558,0.17,0.9444,874,0.18,1.0,1,0.175,0.9722,78,0
IWM190913P145,2019-09-06,2019-09-06 11:31:11,0.18,1.0,558,0.17,0.9444,874,0.18,1.0,1,0.175,0.9722,78,0
IWM190913P145,2019-09-06,2019-09-06 11:31:12,0.18,1.0,439,0.17,0.9444,874,0.18,1.0,1,0.175,0.9722,78,0
IWM190913P145,2019-09-06,2019-09-06 11:31:13,0.18,1.0,439,0.17,0.9444,874,0.18,1.0,1,0.175,0.9722,78,0
IWM190913P145,2019-09-06,2019-09-06 11:31:14,0.18,1.0,439,0.17,0.9444,874,0.18,1.0,1,0.175,0.9722,78,0
IWM190913P145,2019-09-06,2019-09-06 11:31:14,0.18,1.0,600,0.17,0.9444,874,0.18,1.0,1,0.175,0.9722,78,0
IWM190913P145,2019-09-06,2019-09-06 11:31:15,0.18,1.0,600,0.17,0.9444,874,0.18,1.0,1,0.175,0.9722,78,0
IWM190913P145,2019-09-06,2019-09-06 11:31:16,0.18,1.0,600,0.17,0.9444,874,0.18,1.0,1,0.175,0.9722,78,0
IWM190913P145,2019-09-06,2019-09-06 11:31:16,0.18,1.0,422,0.17,0.9444,874,0.18,1.0,1,0.175,0.9722,78,0
IWM190913P145,2019-09-06,2019-09-06 11:31:17,0.18,1.0,600,0.17,0.9444,874,0.18,1.0,1,0.175,0.9722,78,0
IWM190913P145,2019-09-06,2019-09-06 11:31:18,0.18,1.0,600,0.17,0.9444,874,0.18,1.0,1,0.175,0.9722,78,0
IWM190913P145,2019-09-06,2019-09-06 11:31:19,0.18,1.0,456,0.17,0.9444,874,0.18,1.0,1,0.175,0.9722,78,0
IWM190913P145,2019-09-06,2019-09-06 11:31:20,0.18,1.0,690,0.17,0.9444,874,0.18,1.0,1,0.175,0.9722,78,0
IWM190913P145,2019-09-06,2019-09-06 11:31:21,0.18,1.0,690,0.17,0.9444,874,0.18,1.0,1,0.175,0.9722,78,0
IWM190913P145,2019-09-06,2019-09-06 11:31:22,0.18,1.0,690,0.17,0.9444,874,0.18,1.0,1,0.175,0.9722,78,0
IWM190913P145,2019-09-06,2019-09-06 11:31:23,0.18,1.0,690,0.17,0.9444,874,0.18,1.0,1,0.175,0.9722,78,0
IWM190913P145,2019-09-06,2019-09-06 11:31:24,0.18,1.0,690,0.17,0.9444,874,0.18,1.0,1,0.175,0.9722,78,0
IWM190913P145,2019-09-06,2019-09-06 11:31:25,0.18,1.0,641,0.17,0.9444,874,0.18,1.0,1,0.175,0.9722,78,0
IWM190913P145,2019-09-06,2019-09-06 11:31:26,0.18,1.0,398,0.17,0.9444,874,0.18,1.0,1,0.175,0.9722,78,0
IWM190913P145,2019-09-06,2019-09-06 11:31:26,0.18,1.0,259,0.17,0.9444,874,0.18,1.0,1,0.175,0.9722,78,0
IWM190913P145,2019-09-06,2019-09-06 11:31:27,0.18,1.0,390,0.17,0.9444,1289,0.18,1.0,1,0.175,0.9722,78,0
IWM190913P145,2019-09-06,2019-09-06 11:31:27,0.18,1.0,259,0.17,0.9444,893,0.18,1.0,1,0.175,0.9722,78,0
IWM190913P145,2019-09-06,2019-09-06 11:31:28,0.18,1.0,390,0.17,0.9444,1275,0.18,1.0,1,0.175,0.9722,78,0
IWM190913P145,2019-09-06,2019-09-06 11:31:29,0.18,1.0,390,0.17,0.9444,1275,0.18,1.0,1,0.175,0.9722,78,0
IWM190913P145,2019-09-06,2019-09-06 11:31:30,0.18,1.0,634,0.17,0.9444,1275,0.18,1.0,1,0.175,0.9722,78,0
IWM190913P145,2019-09-06,2019-09-06 11:31:30,0.18,1.0,390,0.17,0.9444,1275,0.18,1.0,1,0.175,0.9722,78,0
IWM190913P145,2019-09-06,2019-09-06 11:31:31,0.18,1.0,634,0.17,0.9444,1279,0.18,1.0,1,0.175,0.9722,78,0
IWM190913P145,2019-09-06,2019-09-06 11:31:32,0.18,1.0,634,0.17,0.9444,1279,0.18,1.0,1,0.175,0.9722,78,0
IWM190913P145,2019-09-06,2019-09-06 11:31:32,0.18,1.0,634,0.17,0.9444,1296,0.18,1.0,1,0.175,0.9722,78,0
IWM190913P145,2019-09-06,2019-09-06 11:31:33,0.18,1.0,862,0.17,0.9444,1273,0.18,1.0,1,0.175,0.9722,78,0
IWM190913P145,2019-09-06,2019-09-06 11:31:33,0.18,1.0,482,0.17,0.9444,1296,0.18,1.0,1,0.175,0.9722,78,0
IWM190913P145,2019-09-06,2019-09-06 11:31:34,0.18,1.0,862,0.17,0.9444,1273,0.18,1.0,1,0.175,0.9722,78,0
IWM190913P145,2019-09-06,2019-09-06 11:31:35,0.18,1.0,862,0.17,0.9444,1273,0.18,1.0,1,0.175,0.9722,78,0
IWM190913P145,2019-09-06,2019-09-06 11:31:36,0.18,1.0,704,0.17,0.9444,1273,0.18,1.0,1,0.175,0.9722,78,0
IWM190913P145,2019-09-06,2019-09-06 11:31:36,0.18,1.0,862,0.17,0.9444,1273,0.18,1.0,1,0.175,0.9722,78,0
IWM190913P145,2019-09-06,2019-09-06 11:31:37,0.18,1.0,382,0.17,0.9444,1273,0.18,1.0,1,0.175,0.9722,78,0
IWM190913P145,2019-09-06,2019-09-06 11:31:37,0.18,1.0,544,0.17,0.9444,1273,0.18,1.0,1,0.175,0.9722,78,0
IWM190913P145,2019-09-06,2019-09-06 11:31:38,0.18,1.0,389,0.17,0.9444,1273,0.18,1.0,1,0.175,0.9722,78,0
IWM190913P145,2019-09-06,2019-09-06 11:31:38,0.18,1.0,544,0.17,0.9444,1273,0.18,1.0,1,0.175,0.9722,78,0
IWM190913P145,2019-09-06,2019-09-06 11:31:39,0.18,1.0,389,0.17,0.9444,1273,0.18,1.0,1,0.175,0.9722,78,0
IWM190913P145,2019-09-06,2019-09-06 11:31:39,0.18,1.0,526,0.17,0.9444,1273,0.18,1.0,1,0.175,0.9722,78,0
IWM190913P145,2019-09-06,2019-09-06 11:31:40,0.18,1.0,526,0.17,0.9444,1273,0.18,1.0,1,0.175,0.9722,78,0
IWM190913P145,2019-09-06,2019-09-06 11:31:40,0.18,1.0,526,0.17,0.9444,1312,0.18,1.0,1,0.175,0.9722,78,0
IWM190913P145,2019-09-06,2019-09-06 11:31:41,0.18,1.0,526,0.17,0.9444,1312,0.18,1.0,1,0.175,0.9722,78,0
IWM190913P145,2019-09-06,2019-09-06 11:31:42,0.18,1.0,526,0.17,0.9444,1312,0.18,1.0,1,0.175,0.9722,78,0
IWM190913P145,2019-09-06,2019-09-06 11:31:43,0.18,1.0,526,0.17,0.9444,1312,0.18,1.0,1,0.175,0.9722,78,0
IWM190913P145,2019-09-06,2019-09-06 11:31:44,0.18,1.0,526,0.17,0.9444,1312,0.18,1.0,1,0.175,0.9722,78,0
IWM190913P145,2019-09-06,2019-09-06 11:31:45,0.18,1.0,526,0.17,0.9444,1312,0.18,1.0,1,0.175,0.9722,78,0
IWM190913P145,2019-09-06,2019-09-06 11:31:46,0.18,1.0,417,0.17,0.9444,1312,0.18,1.0,1,0.175,0.9722,78,0
IWM190913P145,2019-09-06,2019-09-06 11:31:47,0.18,1.0,417,0.17,0.9444,1312,0.18,1.0,1,0.175,0.9722,78,0
IWM190913P145,2019-09-06,2019-09-06 11:31:48,0.18,1.0,417,0.17,0.9444,1312,0.18,1.0,1,0.175,0.9722,78,0
IWM190913P145,2019-09-06,2019-09-06 11:31:49,0.18,1.0,417,0.17,0.9444,1312,0.18,1.0,1,0.175,0.9722,78,0
IWM190913P145,2019-09-06,2019-09-06 11:31:50,0.18,1.0,417,0.17,0.9444,1312,0.18,1.0,1,0.175,0.9722,78,0
IWM190913P145,2019-09-06,2019-09-06 11:31:51,0.18,1.0,417,0.17,0.9444,1312,0.18,1.0,1,0.175,0.9722,78,0
IWM190913P145,2019-09-06,2019-09-06 11:31:52,0.18,1.0,417,0.17,0.9444,1312,0.18,1.0,1,0.175,0.9722,78,0
IWM190913P145,2019-09-06,2019-09-06 11:31:53,0.18,1.0,461,0.17,0.9444,1312,0.18,1.0,1,0.175,0.9722,78,0
IWM190913P145,2019-09-06,2019-09-06 11:31:54,0.18,1.0,414,0.17,0.9444,1312,0.18,1.0,1,0.175,0.9722,78,0
IWM190913P145,2019-09-06,2019-09-06 11:31:55,0.18,1.0,414,0.17,0.9444,1312,0.18,1.0,1,0.175,0.9722,78,0
IWM190913P145,2019-09-06,2019-09-06 11:31:56,0.18,1.0,414,0.17,0.9444,1312,0.18,1.0,1,0.175,0.9722,78,0
IWM190913P145,2019-09-06,2019-09-06 11:31:57,0.18,1.0,414,0.17,0.9444,1312,0.18,1.0,1,0.175,0.9722,78,0
IWM190913P145,2019-09-06,2019-09-06 11:31:58,0.18,1.0,414,0.17,0.9444,1312,0.18,1.0,1,0.175,0.9722,78,0
IWM190913P145,2019-09-06,2019-09-06 11:31:59,0.18,1.0,435,0.17,0.9444,1312,0.18,1.0,1,0.175,0.9722,78,0
IWM190913P145,2019-09-06,2019-09-06 11:31:59,0.18,1.0,480,0.17,0.9444,1312,0.18,1.0,1,0.175,0.9722,78,0
IWM190913P145,2019-09-06,2019-09-06 11:32:00,0.18,1.0,435,0.17,0.9444,1312,0.18,1.0,1,0.175,0.9722,78,0
IWM190913P145,2019-09-06,2019-09-06 11:32:01,0.18,1.0,435,0.17,0.9444,1312,0.18,1.0,1,0.175,0.9722,78,0
IWM190913P145,2019-09-06,2019-09-06 11:32:02,0.18,1.0,337,0.17,0.9444,1312,0.18,1.0,1,0.175,0.9722,78,0
IWM190913P145,2019-09-06,2019-09-06 11:32:03,0.18,1.0,337,0.17,0.9444,1312,0.18,1.0,1,0.175,0.9722,78,0
IWM190913P145,2019-09-06,2019-09-06 11:32:04,0.18,1.0,337,0.17,0.9444,1312,0.18,1.0,1,0.175,0.9722,78,0
IWM190913P145,2019-09-06,2019-09-06 11:32:05,0.18,1.0,337,0.17,0.9444,1312,0.18,1.0,1,0.175,0.9722,78,0
IWM190913P145,2019-09-06,2019-09-06 11:32:05,0.18,1.0,425,0.17,0.9444,1312,0.18,1.0,1,0.175,0.9722,78,0
IWM190913P145,2019-09-06,2019-09-06 11:32:06,0.18,1.0,425,0.17,0.9444,1399,0.18,1.0,1,0.175,0.9722,78,0
IWM190913P145,2019-09-06,2019-09-06 11:32:07,0.18,1.0,375,0.17,0.9444,1399,0.18,1.0,1,0.175,0.9722,78,0
IWM190913P145,2019-09-06,2019-09-06 11:32:08,0.18,1.0,424,0.17,0.9444,1399,0.18,1.0,1,0.175,0.9722,78,0
IWM190913P145,2019-09-06,2019-09-06 11:32:09,0.18,1.0,424,0.17,0.9444,1399,0.18,1.0,1,0.175,0.9722,78,0
IWM190913P145,2019-09-06,2019-09-06 11:32:10,0.18,1.0,424,0.17,0.9444,1399,0.18,1.0,1,0.175,0.9722,78,0
IWM190913P145,2019-09-06,2019-09-06 11:32:11,0.18,1.0,12,0.17,0.9444,1414,0.18,1.0,1,0.175,0.9722,78,0
IWM190913P145,2019-09-06,2019-09-06 11:32:12,0.18,1.0,12,0.17,0.9444,1414,0.18,1.0,1,0.175,0.9722,78,0
IWM190913P145,2019-09-06,2019-09-06 11:32:13,0.18,1.0,12,0.17,0.9444,1414,0.18,1.0,1,0.175,0.9722,78,0
IWM190913P145,2019-09-06,2019-09-06 11:32:14,0.18,1.0,12,0.17,0.9444,1414,0.18,1.0,1,0.175,0.9722,78,0
IWM190913P145,2019-09-06,2019-09-06 11:32:15,0.18,1.0,12,0.17,0.9444,1414,0.18,1.0,1,0.175,0.9722,78,0
IWM190913P145,2019-09-06,2019-09-06 11:32:15,0.18,1.0,12,0.17,0.9444,1399,0.18,1.0,1,0.175,0.9722,78,0
IWM190913P145,2019-09-06,2019-09-06 11:32:16,0.18,1.0,12,0.17,0.9444,1399,0.18,1.0,1,0.175,0.9722,78,0
IWM190913P145,2019-09-06,2019-09-06 11:32:17,0.18,1.0,12,0.17,0.9444,1399,0.18,1.0,1,0.175,0.9722,78,0
IWM190913P145,2019-09-06,2019-09-06 11:32:18,0.18,1.0,12,0.17,0.9444,1399,0.18,1.0,1,0.175,0.9722,78,0
IWM190913P145,2019-09-06,2019-09-06 11:32:19,0.18,1.0,12,0.17,0.9444,1399,0.18,1.0,1,0.175,0.9722,78,0
IWM190913P145,2019-09-06,2019-09-06 11:32:19,0.18,1.0,12,0.17,0.9444,1412,0.18,1.0,1,0.175,0.9722,78,0
IWM190913P145,2019-09-06,2019-09-06 11:32:20,0.18,1.0,12,0.17,0.9444,1412,0.18,1.0,1,0.175,0.9722,78,0
IWM190913P145,2019-09-06,2019-09-06 11:32:21,0.18,1.0,12,0.17,0.9444,1412,0.18,1.0,1,0.175,0.9722,78,0
IWM190913P145,2019-09-06,2019-09-06 11:32:21,0.18,1.0,12,0.17,0.9444,1522,0.18,1.0,1,0.175,0.9722,78,0
IWM190913P145,2019-09-06,2019-09-06 11:32:22,0.18,1.0,12,0.17,0.9444,1472,0.18,1.0,1,0.175,0.9722,78,0
IWM190913P145,2019-09-06,2019-09-06 11:32:23,0.18,1.0,12,0.17,0.9444,1472,0.18,1.0,1,0.175,0.9722,78,0
IWM190913P145,2019-09-06,2019-09-06 11:32:24,0.18,1.0,12,0.17,0.9444,1472,0.18,1.0,1,0.175,0.9722,78,0
IWM190913P145,2019-09-06,2019-09-06 11:32:25,0.18,1.0,12,0.17,0.9444,1472,0.18,1.0,1,0.175,0.9722,78,0
IWM190913P145,2019-09-06,2019-09-06 11:32:26,0.18,1.0,12,0.17,0.9444,1472,0.18,1.0,1,0.175,0.9722,78,0
IWM190913P145,2019-09-06,2019-09-06 11:32:27,0.18,1.0,12,0.17,0.9444,1472,0.18,1.0,1,0.175,0.9722,78,0
IWM190913P145,2019-09-06,2019-09-06 11:32:28,0.18,1.0,12,0.17,0.9444,1472,0.18,1.0,1,0.175,0.9722,78,0
IWM190913P145,2019-09-06,2019-09-06 11:32:29,0.18,1.0,12,0.17,0.9444,1472,0.18,1.0,1,0.175,0.9722,78,0
IWM190913P145,2019-09-06,2019-09-06 11:32:30,0.18,1.0,12,0.17,0.9444,1472,0.18,1.0,1,0.175,0.9722,78,0
IWM190913P145,2019-09-06,2019-09-06 11:32:31,0.18,1.0,12,0.17,0.9444,1472,0.18,1.0,1,0.175,0.9722,78,0
IWM190913P145,2019-09-06,2019-09-06 11:32:32,0.18,1.0,12,0.17,0.9444,1472,0.18,1.0,1,0.175,0.9722,78,0
IWM190913P145,2019-09-06,2019-09-06 11:32:33,0.18,1.0,12,0.17,0.9444,1472,0.18,1.0,1,0.175,0.9722,78,0
IWM190913P145,2019-09-06,2019-09-06 11:32:34,0.18,1.0,12,0.17,0.9444,1472,0.18,1.0,1,0.175,0.9722,78,0
IWM190913P145,2019-09-06,2019-09-06 11:32:35,0.18,1.0,12,0.17,0.9444,1472,0.18,1.0,1,0.175,0.9722,78,0
IWM190913P145,2019-09-06,2019-09-06 11:32:36,0.18,1.0,12,0.17,0.9444,1472,0.18,1.0,1,0.175,0.9722,78,0
IWM190913P145,2019-09-06,2019-09-06 11:32:37,0.18,1.0,12,0.17,0.9444,1472,0.18,1.0,1,0.175,0.9722,78,0
IWM190913P145,2019-09-06,2019-09-06 11:32:38,0.18,1.0,12,0.17,0.9444,1472,0.18,1.0,1,0.175,0.9722,78,0
IWM190913P145,2019-09-06,2019-09-06 11:32:39,0.18,1.0,12,0.17,0.9444,1472,0.18,1.0,1,0.175,0.9722,78,0
IWM190913P145,2019-09-06,2019-09-06 11:32:40,0.18,1.0,12,0.17,0.9444,1472,0.18,1.0,1,0.175,0.9722,78,0
IWM190913P145,2019-09-06,2019-09-06 11:32:41,0.18,1.0,12,0.17,0.9444,1472,0.18,1.0,1,0.175,0.9722,78,0
IWM190913P145,2019-09-06,2019-09-06 11:32:42,0.18,1.0,12,0.17,0.9444,1472,0.18,1.0,1,0.175,0.9722,78,0
IWM190913P145,2019-09-06,2019-09-06 11:32:43,0.18,1.0,12,0.17,0.9444,1472,0.18,1.0,1,0.175,0.9722,78,0
IWM190913P145,2019-09-06,2019-09-06 11:32:44,0.18,1.0,12,0.17,0.9444,1472,0.18,1.0,1,0.175,0.9722,78,0
IWM190913P145,2019-09-06,2019-09-06 11:32:45,0.18,1.0,12,0.17,0.9444,1472,0.18,1.0,1,0.175,0.9722,78,0
IWM190913P145,2019-09-06,2019-09-06 11:32:46,0.18,1.0,12,0.17,0.9444,1472,0.18,1.0,1,0.175,0.9722,78,0
IWM190913P145,2019-09-06,2019-09-06 11:32:47,0.18,1.0,12,0.17,0.9444,1472,0.18,1.0,1,0.175,0.9722,78,0
IWM190913P145,2019-09-06,2019-09-06 11:32:48,0.18,1.0,12,0.17,0.9444,1472,0.18,1.0,1,0.175,0.9722,78,0
IWM190913P145,2019-09-06,2019-09-06 11:32:49,0.18,1.0,12,0.17,0.9444,1472,0.18,1.0,1,0.175,0.9722,78,0
IWM190913P145,2019-09-06,2019-09-06 11:32:50,0.18,1.0,12,0.17,0.9444,1472,0.18,1.0,1,0.175,0.9722,78,0
IWM190913P145,2019-09-06,2019-09-06 11:32:51,0.18,1.0,12,0.17,0.9444,1472,0.18,1.0,1,0.175,0.9722,78,0
IWM190913P145,2019-09-06,2019-09-06 11:32:52,0.18,1.0,12,0.17,0.9444,1472,0.18,1.0,1,0.175,0.9722,78,0
IWM190913P145,2019-09-06,2019-09-06 11:32:53,0.18,1.0,12,0.17,0.9444,1399,0.18,1.0,1,0.175,0.9722,78,0
IWM190913P145,2019-09-06,2019-09-06 11:32:54,0.18,1.0,12,0.17,0.9444,1436,0.18,1.0,1,0.175,0.9722,78,0
IWM190913P145,2019-09-06,2019-09-06 11:32:54,0.18,1.0,12,0.17,0.9444,1472,0.18,1.0,1,0.175,0.9722,78,0
IWM190913P145,2019-09-06,2019-09-06 11:32:55,0.18,1.0,12,0.17,0.9444,1436,0.18,1.0,1,0.175,0.9722,78,0
IWM190913P145,2019-09-06,2019-09-06 11:32:56,0.18,1.0,12,0.17,0.9444,1436,0.18,1.0,1,0.175,0.9722,78,0
IWM190913P145,2019-09-06,2019-09-06 11:32:57,0.18,1.0,12,0.17,0.9444,1436,0.18,1.0,1,0.175,0.9722,78,0
IWM190913P145,2019-09-06,2019-09-06 11:32:58,0.18,1.0,12,0.17,0.9444,1436,0.18,1.0,1,0.175,0.9722,78,0
IWM190913P145,2019-09-06,2019-09-06 11:32:59,0.18,1.0,12,0.17,0.9444,1614,0.18,1.0,1,0.175,0.9722,78,0
IWM190913P145,2019-09-06,2019-09-06 11:32:59,0.18,1.0,82,0.17,0.9444,1614,0.18,1.0,9,0.175,0.9722,87,9
IWM190913P145,2019-09-06,2019-09-06 11:33:00,0.19,1.0555,1080,0.17,0.9444,1987,0.18,1.0,9,0.18,1.0,87,0
IWM190913P145,2019-09-06,2019-09-06 11:33:01,0.19,1.0555,1080,0.17,0.9444,1687,0.18,1.0,9,0.18,1.0,87,0
IWM190913P145,2019-09-06,2019-09-06 11:33:01,0.19,1.0555,689,0.17,0.9444,1525,0.18,1.0,9,0.18,1.0,87,0
IWM190913P145,2019-09-06,2019-09-06 11:33:02,0.19,1.0555,1100,0.17,0.9444,2286,0.18,1.0,9,0.18,1.0,87,0
IWM190913P145,2019-09-06,2019-09-06 11:33:03,0.19,1.0555,329,0.18,1.0,142,0.18,1.0,9,0.185,1.0277,87,0
IWM190913P145,2019-09-06,2019-09-06 11:33:03,0.19,1.0555,760,0.18,1.0,482,0.18,1.0,9,0.185,1.0277,87,0
IWM190913P145,2019-09-06,2019-09-06 11:33:04,0.19,1.0555,100,0.18,1.0,340,0.18,1.0,9,0.185,1.0277,87,0
IWM190913P145,2019-09-06,2019-09-06 11:33:04,0.19,1.0555,201,0.18,1.0,340,0.18,1.0,9,0.185,1.0277,87,0
IWM190913P145,2019-09-06,2019-09-06 11:33:05,0.19,1.0555,203,0.18,1.0,482,0.18,1.0,9,0.185,1.0277,87,0
IWM190913P145,2019-09-06,2019-09-06 11:33:05,0.19,1.0555,118,0.18,1.0,366,0.18,1.0,9,0.185,1.0277,87,0
IWM190913P145,2019-09-06,2019-09-06 11:33:06,0.19,1.0555,118,0.18,1.0,662,0.18,1.0,9,0.185,1.0277,87,0
IWM190913P145,2019-09-06,2019-09-06 11:33:06,0.19,1.0555,215,0.18,1.0,482,0.18,1.0,9,0.185,1.0277,87,0
IWM190913P145,2019-09-06,2019-09-06 11:33:07,0.19,1.0555,409,0.18,1.0,629,0.18,1.0,9,0.185,1.0277,87,0
IWM190913P145,2019-09-06,2019-09-06 11:33:07,0.19,1.0555,365,0.18,1.0,629,0.18,1.0,9,0.185,1.0277,87,0
IWM190913P145,2019-09-06,2019-09-06 11:33:08,0.19,1.0555,700,0.18,1.0,896,0.18,1.0,9,0.185,1.0277,87,0
IWM190913P145,2019-09-06,2019-09-06 11:33:08,0.19,1.0555,365,0.18,1.0,619,0.18,1.0,9,0.185,1.0277,87,0
IWM190913P145,2019-09-06,2019-09-06 11:33:09,0.19,1.0555,689,0.18,1.0,896,0.18,1.0,9,0.185,1.0277,87,0
IWM190913P145,2019-09-06,2019-09-06 11:33:10,0.19,1.0555,689,0.18,1.0,896,0.18,1.0,9,0.185,1.0277,87,0
IWM190913P145,2019-09-06,2019-09-06 11:33:11,0.19,1.0555,689,0.18,1.0,896,0.18,1.0,9,0.185,1.0277,87,0
IWM190913P145,2019-09-06,2019-09-06 11:33:11,0.19,1.0555,1003,0.18,1.0,896,0.18,1.0,9,0.185,1.0277,87,0
IWM190913P145,2019-09-06,2019-09-06 11:33:12,0.19,1.0555,775,0.18,1.0,896,0.18,1.0,9,0.185,1.0277,87,0
IWM190913P145,2019-09-06,2019-09-06 11:33:12,0.19,1.0555,726,0.18,1.0,896,0.18,1.0,9,0.185,1.0277,87,0
IWM190913P145,2019-09-06,2019-09-06 11:33:13,0.19,1.0555,775,0.18,1.0,896,0.18,1.0,9,0.185,1.0277,87,0
IWM190913P145,2019-09-06,2019-09-06 11:33:13,0.19,1.0555,576,0.18,1.0,896,0.18,1.0,9,0.185,1.0277,87,0
IWM190913P145,2019-09-06,2019-09-06 11:33:14,0.19,1.0555,775,0.18,1.0,896,0.18,1.0,9,0.185,1.0277,87,0
IWM190913P145,2019-09-06,2019-09-06 11:33:15,0.19,1.0555,775,0.18,1.0,896,0.18,1.0,9,0.185,1.0277,87,0
IWM190913P145,2019-09-06,2019-09-06 11:33:16,0.19,1.0555,244,0.18,1.0,684,0.18,1.0,9,0.185,1.0277,87,0
IWM190913P145,2019-09-06,2019-09-06 11:33:16,0.19,1.0555,576,0.18,1.0,896,0.18,1.0,9,0.185,1.0277,87,0
IWM190913P145,2019-09-06,2019-09-06 11:33:17,0.19,1.0555,656,0.18,1.0,826,0.18,1.0,9,0.185,1.0277,87,0
IWM190913P145,2019-09-06,2019-09-06 11:33:17,0.19,1.0555,1239,0.18,1.0,826,0.18,1.0,9,0.185,1.0277,87,0
IWM190913P145,2019-09-06,2019-09-06 11:33:18,0.19,1.0555,970,0.18,1.0,826,0.18,1.0,9,0.185,1.0277,87,0
IWM190913P145,2019-09-06,2019-09-06 11:33:19,0.19,1.0555,970,0.18,1.0,826,0.18,1.0,9,0.185,1.0277,87,0
IWM190913P145,2019-09-06,2019-09-06 11:33:19,0.19,1.0555,536,0.18,1.0,499,0.18,1.0,9,0.185,1.0277,87,0
IWM190913P145,2019-09-06,2019-09-06 11:33:20,0.19,1.0555,647,0.18,1.0,896,0.18,1.0,9,0.185,1.0277,87,0
IWM190913P145,2019-09-06,2019-09-06 11:33:21,0.19,1.0555,647,0.18,1.0,896,0.18,1.0,9,0.185,1.0277,87,0
IWM190913P145,2019-09-06,2019-09-06 11:33:22,0.19,1.0555,797,0.18,1.0,896,0.18,1.0,9,0.185,1.0277,87,0
IWM190913P145,2019-09-06,2019-09-06 11:33:22,0.19,1.0555,647,0.18,1.0,896,0.18,1.0,9,0.185,1.0277,87,0
IWM190913P145,2019-09-06,2019-09-06 11:33:23,0.19,1.0555,797,0.18,1.0,754,0.18,1.0,9,0.185,1.0277,87,0
IWM190913P145,2019-09-06,2019-09-06 11:33:23,0.19,1.0555,797,0.18,1.0,896,0.18,1.0,9,0.185,1.0277,87,0
IWM190913P145,2019-09-06,2019-09-06 11:33:24,0.19,1.0555,797,0.18,1.0,896,0.18,1.0,9,0.185,1.0277,87,0
IWM190913P145,2019-09-06,2019-09-06 11:33:24,0.19,1.0555,797,0.18,1.0,860,0.18,1.0,9,0.185,1.0277,87,0
IWM190913P145,2019-09-06,2019-09-06 11:33:25,0.19,1.0555,609,0.18,1.0,860,0.18,1.0,9,0.185,1.0277,87,0
IWM190913P145,2019-09-06,2019-09-06 11:33:25,0.19,1.0555,797,0.18,1.0,860,0.18,1.0,9,0.185,1.0277,87,0
IWM190913P145,2019-09-06,2019-09-06 11:33:26,0.19,1.0555,609,0.18,1.0,860,0.18,1.0,9,0.185,1.0277,87,0
IWM190913P145,2019-09-06,2019-09-06 11:33:26,0.19,1.0555,628,0.18,1.0,860,0.18,1.0,9,0.185,1.0277,87,0
IWM190913P145,2019-09-06,2019-09-06 11:33:27,0.19,1.0555,787,0.18,1.0,860,0.18,1.0,9,0.185,1.0277,87,0
IWM190913P145,2019-09-06,2019-09-06 11:33:28,0.19,1.0555,787,0.18,1.0,850,0.18,1.0,9,0.185,1.0277,87,0
IWM190913P145,2019-09-06,2019-09-06 11:33:29,0.19,1.0555,575,0.18,1.0,850,0.18,1.0,9,0.185,1.0277,87,0
IWM190913P145,2019-09-06,2019-09-06 11:33:30,0.19,1.0555,631,0.18,1.0,681,0.18,1.0,9,0.185,1.0277,87,0
IWM190913P145,2019-09-06,2019-09-06 11:33:30,0.19,1.0555,827,0.18,1.0,681,0.18,1.0,9,0.185,1.0277,87,0
IWM190913P145,2019-09-06,2019-09-06 11:33:31,0.19,1.0555,827,0.18,1.0,681,0.18,1.0,9,0.185,1.0277,87,0
IWM190913P145,2019-09-06,2019-09-06 11:33:32,0.19,1.0555,827,0.18,1.0,681,0.18,1.0,9,0.185,1.0277,87,0
IWM190913P145,2019-09-06,2019-09-06 11:33:33,0.19,1.0555,817,0.18,1.0,713,0.18,1.0,9,0.185,1.0277,87,0
IWM190913P145,2019-09-06,2019-09-06 11:33:34,0.19,1.0555,827,0.18,1.0,713,0.18,1.0,9,0.185,1.0277,87,0
IWM190913P145,2019-09-06,2019-09-06 11:33:35,0.19,1.0555,827,0.18,1.0,713,0.18,1.0,9,0.185,1.0277,87,0
IWM190913P145,2019-09-06,2019-09-06 11:33:36,0.19,1.0555,907,0.18,1.0,713,0.18,1.0,9,0.185,1.0277,87,0
IWM190913P145,2019-09-06,2019-09-06 11:33:36,0.19,1.0555,827,0.18,1.0,713,0.18,1.0,9,0.185,1.0277,87,0
IWM190913P145,2019-09-06,2019-09-06 11:33:37,0.19,1.0555,907,0.18,1.0,713,0.18,1.0,9,0.185,1.0277,87,0
IWM190913P145,2019-09-06,2019-09-06 11:33:37,0.19,1.0555,832,0.18,1.0,713,0.18,1.0,9,0.185,1.0277,87,0
IWM190913P145,2019-09-06,2019-09-06 11:33:38,0.19,1.0555,1090,0.18,1.0,713,0.18,1.0,9,0.185,1.0277,87,0
IWM190913P145,2019-09-06,2019-09-06 11:33:39,0.19,1.0555,1112,0.18,1.0,383,0.18,1.0,9,0.185,1.0277,87,0
IWM190913P145,2019-09-06,2019-09-06 11:33:39,0.19,1.0555,689,0.18,1.0,713,0.18,1.0,9,0.185,1.0277,87,0
IWM190913P145,2019-09-06,2019-09-06 11:33:40,0.19,1.0555,1112,0.18,1.0,383,0.18,1.0,9,0.185,1.0277,87,0
IWM190913P145,2019-09-06,2019-09-06 11:33:41,0.19,1.0555,1112,0.18,1.0,383,0.18,1.0,9,0.185,1.0277,87,0
IWM190913P145,2019-09-06,2019-09-06 11:33:42,0.19,1.0555,1112,0.18,1.0,383,0.18,1.0,9,0.185,1.0277,87,0
IWM190913P145,2019-09-06,2019-09-06 11:33:43,0.19,1.0555,1112,0.18,1.0,383,0.18,1.0,9,0.185,1.0277,87,0
IWM190913P145,2019-09-06,2019-09-06 11:33:44,0.19,1.0555,1112,0.18,1.0,383,0.18,1.0,9,0.185,1.0277,87,0
IWM190913P145,2019-09-06,2019-09-06 11:33:45,0.19,1.0555,1213,0.17,0.9444,1646,0.18,1.0,9,0.18,1.0,87,0
IWM190913P145,2019-09-06,2019-09-06 11:33:45,0.19,1.0555,1213,0.17,0.9444,1908,0.18,1.0,9,0.18,1.0,87,0
IWM190913P145,2019-09-06,2019-09-06 11:33:46,0.19,1.0555,1213,0.17,0.9444,1646,0.18,1.0,9,0.18,1.0,87,0
IWM190913P145,2019-09-06,2019-09-06 11:33:47,0.19,1.0555,1213,0.17,0.9444,1646,0.18,1.0,9,0.18,1.0,87,0
IWM190913P145,2019-09-06,2019-09-06 11:33:48,0.19,1.0555,1213,0.17,0.9444,1512,0.18,1.0,9,0.18,1.0,87,0
IWM190913P145,2019-09-06,2019-09-06 11:33:49,0.19,1.0555,1213,0.18,1.0,25,0.18,1.0,9,0.185,1.0277,87,0
IWM190913P145,2019-09-06,2019-09-06 11:33:49,0.19,1.0555,1213,0.17,0.9444,1512,0.18,1.0,9,0.18,1.0,87,0
IWM190913P145,2019-09-06,2019-09-06 11:33:50,0.19,1.0555,1213,0.17,0.9444,1433,0.18,1.0,9,0.18,1.0,87,0
IWM190913P145,2019-09-06,2019-09-06 11:33:50,0.19,1.0555,1213,0.18,1.0,25,0.18,1.0,9,0.185,1.0277,87,0
IWM190913P145,2019-09-06,2019-09-06 11:33:51,0.19,1.0555,1213,0.17,0.9444,1433,0.18,1.0,9,0.18,1.0,87,0
IWM190913P145,2019-09-06,2019-09-06 11:33:52,0.19,1.0555,1610,0.17,0.9444,1433,0.18,1.0,9,0.18,1.0,87,0
IWM190913P145,2019-09-06,2019-09-06 11:33:53,0.19,1.0555,1610,0.17,0.9444,1433,0.18,1.0,9,0.18,1.0,87,0
IWM190913P145,2019-09-06,2019-09-06 11:33:54,0.19,1.0555,1610,0.17,0.9444,1433,0.18,1.0,9,0.18,1.0,87,0
IWM190913P145,2019-09-06,2019-09-06 11:33:54,0.19,1.0555,1610,0.18,1.0,25,0.18,1.0,9,0.185,1.0277,87,0
IWM190913P145,2019-09-06,2019-09-06 11:33:55,0.19,1.0555,1610,0.17,0.9444,1433,0.18,1.0,9,0.18,1.0,87,0
IWM190913P145,2019-09-06,2019-09-06 11:33:56,0.19,1.0555,1610,0.17,0.9444,1433,0.18,1.0,9,0.18,1.0,87,0
IWM190913P145,2019-09-06,2019-09-06 11:33:57,0.19,1.0555,1610,0.17,0.9444,1433,0.18,1.0,9,0.18,1.0,87,0
IWM190913P145,2019-09-06,2019-09-06 11:33:58,0.19,1.0555,1610,0.17,0.9444,1433,0.18,1.0,9,0.18,1.0,87,0
IWM190913P145,2019-09-06,2019-09-06 11:33:59,0.19,1.0555,1610,0.17,0.9444,1399,0.18,1.0,9,0.18,1.0,87,0
IWM190913P145,2019-09-06,2019-09-06 11:34:00,0.19,1.0555,1610,0.17,0.9444,1399,0.18,1.0,9,0.18,1.0,87,0
IWM190913P145,2019-09-06,2019-09-06 11:34:00,0.19,1.0555,1336,0.17,0.9444,1345,0.18,1.0,9,0.18,1.0,87,0
IWM190913P145,2019-09-06,2019-09-06 11:34:01,0.18,1.0,123,0.17,0.9444,1324,0.18,1.0,9,0.175,0.9722,87,0
IWM190913P145,2019-09-06,2019-09-06 11:34:02,0.18,1.0,176,0.17,0.9444,1283,0.18,1.0,9,0.175,0.9722,87,0
IWM190913P145,2019-09-06,2019-09-06 11:34:02,0.18,1.0,453,0.17,0.9444,1212,0.18,1.0,9,0.175,0.9722,87,0
