symbol,Date,quote_time,ask_price,norm_ask_price,ask_size,bid_price,norm_bid_price,bid_size,last_trade_price,norm_last_trade_price,last_trade_size,mark_price,norm_mark_price,volume,Volume
IWM191122P157,2019-11-19,2019-11-19 09:30:00,0.3,1.0,184,0.0,0.0,0,0.26,0.8666,15,0.15,0.5,15,15
IWM191122P157,2019-11-19,2019-11-19 09:30:01,0.3,1.0,434,0.26,0.8666,500,0.26,0.8666,15,0.28,0.9333,15,0
IWM191122P157,2019-11-19,2019-11-19 09:30:02,0.32,1.0666,62,0.27,0.9,62,0.26,0.8666,15,0.295,0.9833,15,0
IWM191122P157,2019-11-19,2019-11-19 09:30:03,0.31,1.0333,62,0.27,0.9,62,0.26,0.8666,15,0.29,0.9666,15,0
IWM191122P157,2019-11-19,2019-11-19 09:30:04,0.31,1.0333,360,0.27,0.9,62,0.26,0.8666,15,0.29,0.9666,15,0
IWM191122P157,2019-11-19,2019-11-19 09:30:04,0.31,1.0333,75,0.27,0.9,62,0.26,0.8666,15,0.29,0.9666,15,0
IWM191122P157,2019-11-19,2019-11-19 09:30:05,0.31,1.0333,360,0.27,0.9,62,0.26,0.8666,15,0.29,0.9666,15,0
IWM191122P157,2019-11-19,2019-11-19 09:30:05,0.3,1.0,90,0.27,0.9,62,0.26,0.8666,15,0.285,0.95,15,0
IWM191122P157,2019-11-19,2019-11-19 09:30:06,0.29,0.9666,1,0.27,0.9,62,0.26,0.8666,15,0.28,0.9333,15,0
IWM191122P157,2019-11-19,2019-11-19 09:30:06,0.29,0.9666,1,0.25,0.8333,23,0.26,0.8666,15,0.27,0.9,15,0
IWM191122P157,2019-11-19,2019-11-19 09:30:07,0.29,0.9666,1,0.25,0.8333,23,0.26,0.8666,15,0.27,0.9,15,0
IWM191122P157,2019-11-19,2019-11-19 09:30:07,0.29,0.9666,1,0.25,0.8333,90,0.26,0.8666,15,0.27,0.9,15,0
IWM191122P157,2019-11-19,2019-11-19 09:30:08,0.29,0.9666,1,0.25,0.8333,75,0.26,0.8666,15,0.27,0.9,15,0
IWM191122P157,2019-11-19,2019-11-19 09:30:08,0.29,0.9666,1,0.25,0.8333,90,0.26,0.8666,15,0.27,0.9,15,0
IWM191122P157,2019-11-19,2019-11-19 09:30:09,0.29,0.9666,1,0.25,0.8333,75,0.26,0.8666,15,0.27,0.9,15,0
IWM191122P157,2019-11-19,2019-11-19 09:30:09,0.29,0.9666,1,0.26,0.8666,114,0.26,0.8666,15,0.275,0.9166,15,0
IWM191122P157,2019-11-19,2019-11-19 09:30:10,0.29,0.9666,1,0.26,0.8666,114,0.26,0.8666,15,0.275,0.9166,15,0
IWM191122P157,2019-11-19,2019-11-19 09:30:10,0.29,0.9666,1,0.26,0.8666,736,0.26,0.8666,15,0.275,0.9166,15,0
IWM191122P157,2019-11-19,2019-11-19 09:30:11,0.29,0.9666,1,0.26,0.8666,489,0.26,0.8666,15,0.275,0.9166,15,0
IWM191122P157,2019-11-19,2019-11-19 09:30:12,0.29,0.9666,1,0.26,0.8666,489,0.29,0.9666,10,0.275,0.9166,25,10
IWM191122P157,2019-11-19,2019-11-19 09:30:13,0.29,0.9666,1,0.26,0.8666,489,0.29,0.9666,10,0.275,0.9166,25,0
IWM191122P157,2019-11-19,2019-11-19 09:30:14,0.29,0.9666,1,0.27,0.9,72,0.29,0.9666,10,0.28,0.9333,25,0
IWM191122P157,2019-11-19,2019-11-19 09:30:15,0.29,0.9666,1,0.27,0.9,146,0.29,0.9666,10,0.28,0.9333,25,0
IWM191122P157,2019-11-19,2019-11-19 09:30:16,0.29,0.9666,11,0.27,0.9,146,0.29,0.9666,10,0.28,0.9333,25,0
IWM191122P157,2019-11-19,2019-11-19 09:30:17,0.29,0.9666,11,0.27,0.9,188,0.29,0.9666,10,0.28,0.9333,25,0
IWM191122P157,2019-11-19,2019-11-19 09:30:18,0.3,1.0,1,0.27,0.9,238,0.29,0.9666,10,0.285,0.95,25,0
IWM191122P157,2019-11-19,2019-11-19 09:30:18,0.3,1.0,11,0.28,0.9333,146,0.29,0.9666,10,0.29,0.9666,25,0
IWM191122P157,2019-11-19,2019-11-19 09:30:19,0.29,0.9666,78,0.27,0.9,146,0.29,0.9666,10,0.28,0.9333,25,0
IWM191122P157,2019-11-19,2019-11-19 09:30:19,0.29,0.9666,124,0.27,0.9,146,0.29,0.9666,10,0.28,0.9333,25,0
IWM191122P157,2019-11-19,2019-11-19 09:30:20,0.3,1.0,73,0.28,0.9333,243,0.29,0.9666,10,0.29,0.9666,25,0
IWM191122P157,2019-11-19,2019-11-19 09:30:20,0.3,1.0,420,0.27,0.9,282,0.29,0.9666,10,0.285,0.95,25,0
IWM191122P157,2019-11-19,2019-11-19 09:30:21,0.3,1.0,23,0.28,0.9333,271,0.29,0.9666,10,0.29,0.9666,25,0
IWM191122P157,2019-11-19,2019-11-19 09:30:21,0.3,1.0,10,0.28,0.9333,271,0.29,0.9666,10,0.29,0.9666,25,0
IWM191122P157,2019-11-19,2019-11-19 09:30:22,0.3,1.0,20,0.28,0.9333,271,0.29,0.9666,10,0.29,0.9666,25,0
IWM191122P157,2019-11-19,2019-11-19 09:30:22,0.31,1.0333,116,0.29,0.9666,72,0.29,0.9666,10,0.3,1.0,25,0
IWM191122P157,2019-11-19,2019-11-19 09:30:23,0.31,1.0333,465,0.28,0.9333,270,0.29,0.9666,10,0.295,0.9833,25,0
IWM191122P157,2019-11-19,2019-11-19 09:30:23,0.31,1.0333,423,0.28,0.9333,272,0.29,0.9666,10,0.295,0.9833,25,0
IWM191122P157,2019-11-19,2019-11-19 09:30:24,0.3,1.0,76,0.28,0.9333,183,0.29,0.9666,10,0.29,0.9666,25,0
IWM191122P157,2019-11-19,2019-11-19 09:30:24,0.31,1.0333,597,0.28,0.9333,270,0.29,0.9666,10,0.295,0.9833,25,0
IWM191122P157,2019-11-19,2019-11-19 09:30:25,0.3,1.0,76,0.28,0.9333,183,0.29,0.9666,10,0.29,0.9666,25,0
IWM191122P157,2019-11-19,2019-11-19 09:30:25,0.3,1.0,75,0.28,0.9333,183,0.29,0.9666,10,0.29,0.9666,25,0
IWM191122P157,2019-11-19,2019-11-19 09:30:26,0.3,1.0,294,0.28,0.9333,183,0.29,0.9666,10,0.29,0.9666,25,0
IWM191122P157,2019-11-19,2019-11-19 09:30:26,0.3,1.0,498,0.27,0.9,190,0.29,0.9666,10,0.285,0.95,25,0
IWM191122P157,2019-11-19,2019-11-19 09:30:27,0.3,1.0,647,0.27,0.9,72,0.29,0.9666,10,0.285,0.95,25,0
IWM191122P157,2019-11-19,2019-11-19 09:30:27,0.29,0.9666,296,0.27,0.9,72,0.29,0.9666,10,0.28,0.9333,25,0
IWM191122P157,2019-11-19,2019-11-19 09:30:28,0.29,0.9666,296,0.27,0.9,72,0.29,0.9666,10,0.28,0.9333,25,0
IWM191122P157,2019-11-19,2019-11-19 09:30:28,0.29,0.9666,486,0.27,0.9,146,0.29,0.9666,10,0.28,0.9333,25,0
IWM191122P157,2019-11-19,2019-11-19 09:30:29,0.29,0.9666,503,0.27,0.9,146,0.29,0.9666,10,0.28,0.9333,25,0
IWM191122P157,2019-11-19,2019-11-19 09:30:30,0.29,0.9666,486,0.27,0.9,146,0.29,0.9666,10,0.28,0.9333,25,0
IWM191122P157,2019-11-19,2019-11-19 09:30:31,0.29,0.9666,486,0.27,0.9,146,0.29,0.9666,10,0.28,0.9333,25,0
IWM191122P157,2019-11-19,2019-11-19 09:30:32,0.29,0.9666,486,0.27,0.9,146,0.29,0.9666,10,0.28,0.9333,25,0
IWM191122P157,2019-11-19,2019-11-19 09:30:33,0.29,0.9666,486,0.27,0.9,146,0.29,0.9666,10,0.28,0.9333,25,0
IWM191122P157,2019-11-19,2019-11-19 09:30:34,0.29,0.9666,486,0.27,0.9,146,0.29,0.9666,10,0.28,0.9333,25,0
IWM191122P157,2019-11-19,2019-11-19 09:30:35,0.29,0.9666,486,0.27,0.9,146,0.29,0.9666,10,0.28,0.9333,25,0
IWM191122P157,2019-11-19,2019-11-19 09:30:36,0.29,0.9666,486,0.27,0.9,251,0.29,0.9666,10,0.28,0.9333,25,0
IWM191122P157,2019-11-19,2019-11-19 09:30:36,0.29,0.9666,486,0.27,0.9,146,0.29,0.9666,10,0.28,0.9333,25,0
IWM191122P157,2019-11-19,2019-11-19 09:30:37,0.29,0.9666,243,0.27,0.9,251,0.29,0.9666,10,0.28,0.9333,25,0
IWM191122P157,2019-11-19,2019-11-19 09:30:38,0.29,0.9666,243,0.27,0.9,256,0.29,0.9666,10,0.28,0.9333,25,0
IWM191122P157,2019-11-19,2019-11-19 09:30:39,0.29,0.9666,243,0.27,0.9,146,0.29,0.9666,10,0.28,0.9333,25,0
IWM191122P157,2019-11-19,2019-11-19 09:30:39,0.29,0.9666,243,0.27,0.9,256,0.29,0.9666,10,0.28,0.9333,25,0
IWM191122P157,2019-11-19,2019-11-19 09:30:40,0.29,0.9666,243,0.27,0.9,146,0.29,0.9666,10,0.28,0.9333,25,0
IWM191122P157,2019-11-19,2019-11-19 09:30:41,0.29,0.9666,243,0.27,0.9,146,0.29,0.9666,10,0.28,0.9333,25,0
IWM191122P157,2019-11-19,2019-11-19 09:30:42,0.29,0.9666,243,0.27,0.9,146,0.29,0.9666,10,0.28,0.9333,25,0
IWM191122P157,2019-11-19,2019-11-19 09:30:42,0.29,0.9666,85,0.27,0.9,173,0.29,0.9666,10,0.28,0.9333,525,500
IWM191122P157,2019-11-19,2019-11-19 09:30:43,0.29,0.9666,125,0.27,0.9,405,0.27,0.9,75,0.28,0.9333,525,0
IWM191122P157,2019-11-19,2019-11-19 09:30:43,0.29,0.9666,267,0.27,0.9,225,0.27,0.9,75,0.28,0.9333,525,0
IWM191122P157,2019-11-19,2019-11-19 09:30:44,0.29,0.9666,344,0.27,0.9,405,0.27,0.9,75,0.28,0.9333,525,0
IWM191122P157,2019-11-19,2019-11-19 09:30:44,0.29,0.9666,480,0.27,0.9,225,0.27,0.9,75,0.28,0.9333,525,0
IWM191122P157,2019-11-19,2019-11-19 09:30:45,0.29,0.9666,480,0.27,0.9,225,0.27,0.9,75,0.28,0.9333,525,0
IWM191122P157,2019-11-19,2019-11-19 09:30:46,0.29,0.9666,480,0.27,0.9,255,0.27,0.9,75,0.28,0.9333,525,0
IWM191122P157,2019-11-19,2019-11-19 09:30:46,0.29,0.9666,480,0.27,0.9,254,0.27,0.9,75,0.28,0.9333,525,0
IWM191122P157,2019-11-19,2019-11-19 09:30:47,0.29,0.9666,491,0.27,0.9,244,0.27,0.9,75,0.28,0.9333,525,0
IWM191122P157,2019-11-19,2019-11-19 09:30:48,0.29,0.9666,491,0.27,0.9,244,0.27,0.9,75,0.28,0.9333,525,0
IWM191122P157,2019-11-19,2019-11-19 09:30:49,0.29,0.9666,491,0.27,0.9,244,0.27,0.9,75,0.28,0.9333,525,0
IWM191122P157,2019-11-19,2019-11-19 09:30:50,0.29,0.9666,491,0.27,0.9,244,0.27,0.9,75,0.28,0.9333,525,0
IWM191122P157,2019-11-19,2019-11-19 09:30:51,0.29,0.9666,427,0.27,0.9,10,0.27,0.9,75,0.28,0.9333,525,0
IWM191122P157,2019-11-19,2019-11-19 09:30:51,0.28,0.9333,20,0.27,0.9,33,0.27,0.9,75,0.275,0.9166,525,0
IWM191122P157,2019-11-19,2019-11-19 09:30:52,0.29,0.9666,568,0.26,0.8666,526,0.27,0.9,75,0.275,0.9166,525,0
IWM191122P157,2019-11-19,2019-11-19 09:30:52,0.28,0.9333,134,0.26,0.8666,530,0.27,0.9,75,0.27,0.9,525,0
IWM191122P157,2019-11-19,2019-11-19 09:30:53,0.28,0.9333,444,0.26,0.8666,530,0.27,0.9,75,0.27,0.9,525,0
IWM191122P157,2019-11-19,2019-11-19 09:30:53,0.28,0.9333,502,0.26,0.8666,30,0.27,0.9,75,0.27,0.9,525,0
IWM191122P157,2019-11-19,2019-11-19 09:30:54,0.28,0.9333,515,0.26,0.8666,30,0.27,0.9,75,0.27,0.9,525,0
IWM191122P157,2019-11-19,2019-11-19 09:30:55,0.28,0.9333,515,0.26,0.8666,30,0.27,0.9,75,0.27,0.9,525,0
IWM191122P157,2019-11-19,2019-11-19 09:30:55,0.28,0.9333,502,0.26,0.8666,30,0.27,0.9,75,0.27,0.9,525,0
IWM191122P157,2019-11-19,2019-11-19 09:30:56,0.28,0.9333,322,0.26,0.8666,272,0.27,0.9,75,0.27,0.9,525,0
IWM191122P157,2019-11-19,2019-11-19 09:30:56,0.28,0.9333,515,0.26,0.8666,30,0.27,0.9,75,0.27,0.9,525,0
IWM191122P157,2019-11-19,2019-11-19 09:30:57,0.28,0.9333,550,0.26,0.8666,552,0.27,0.9,75,0.27,0.9,525,0
IWM191122P157,2019-11-19,2019-11-19 09:30:57,0.28,0.9333,482,0.26,0.8666,564,0.27,0.9,75,0.27,0.9,525,0
IWM191122P157,2019-11-19,2019-11-19 09:30:58,0.28,0.9333,75,0.26,0.8666,564,0.27,0.9,75,0.27,0.9,525,0
IWM191122P157,2019-11-19,2019-11-19 09:30:58,0.29,0.9666,639,0.26,0.8666,712,0.27,0.9,75,0.275,0.9166,525,0
IWM191122P157,2019-11-19,2019-11-19 09:30:59,0.29,0.9666,556,0.26,0.8666,626,0.27,0.9,75,0.275,0.9166,525,0
IWM191122P157,2019-11-19,2019-11-19 09:30:59,0.29,0.9666,650,0.26,0.8666,712,0.27,0.9,75,0.275,0.9166,525,0
IWM191122P157,2019-11-19,2019-11-19 09:31:00,0.28,0.9333,322,0.26,0.8666,493,0.27,0.9,75,0.27,0.9,525,0
IWM191122P157,2019-11-19,2019-11-19 09:31:00,0.28,0.9333,323,0.26,0.8666,243,0.27,0.9,75,0.27,0.9,525,0
IWM191122P157,2019-11-19,2019-11-19 09:31:01,0.28,0.9333,47,0.26,0.8666,467,0.27,0.9,75,0.27,0.9,525,0
IWM191122P157,2019-11-19,2019-11-19 09:31:01,0.28,0.9333,250,0.26,0.8666,237,0.27,0.9,75,0.27,0.9,525,0
IWM191122P157,2019-11-19,2019-11-19 09:31:02,0.29,0.9666,967,0.26,0.8666,1009,0.27,0.9,75,0.275,0.9166,525,0
IWM191122P157,2019-11-19,2019-11-19 09:31:03,0.29,0.9666,692,0.26,0.8666,712,0.27,0.9,75,0.275,0.9166,525,0
IWM191122P157,2019-11-19,2019-11-19 09:31:03,0.29,0.9666,680,0.26,0.8666,668,0.27,0.9,75,0.275,0.9166,525,0
IWM191122P157,2019-11-19,2019-11-19 09:31:04,0.29,0.9666,692,0.26,0.8666,712,0.27,0.9,75,0.275,0.9166,525,0
IWM191122P157,2019-11-19,2019-11-19 09:31:05,0.29,0.9666,207,0.27,0.9,564,0.27,0.9,75,0.28,0.9333,525,0
IWM191122P157,2019-11-19,2019-11-19 09:31:05,0.29,0.9666,452,0.27,0.9,692,0.27,0.9,75,0.28,0.9333,525,0
IWM191122P157,2019-11-19,2019-11-19 09:31:06,0.29,0.9666,10,0.27,0.9,602,0.27,0.9,75,0.28,0.9333,525,0
IWM191122P157,2019-11-19,2019-11-19 09:31:07,0.3,1.0,990,0.27,0.9,888,0.27,0.9,75,0.285,0.95,525,0
IWM191122P157,2019-11-19,2019-11-19 09:31:07,0.3,1.0,990,0.27,0.9,938,0.27,0.9,75,0.285,0.95,525,0
IWM191122P157,2019-11-19,2019-11-19 09:31:08,0.3,1.0,1005,0.27,0.9,1019,0.27,0.9,75,0.285,0.95,525,0
IWM191122P157,2019-11-19,2019-11-19 09:31:08,0.3,1.0,770,0.27,0.9,753,0.27,0.9,75,0.285,0.95,525,0
IWM191122P157,2019-11-19,2019-11-19 09:31:09,0.3,1.0,770,0.27,0.9,783,0.27,0.9,75,0.285,0.95,525,0
IWM191122P157,2019-11-19,2019-11-19 09:31:10,0.29,0.9666,40,0.27,0.9,784,0.29,0.9666,1,0.28,0.9333,526,1
IWM191122P157,2019-11-19,2019-11-19 09:31:10,0.29,0.9666,40,0.27,0.9,1020,0.27,0.9,75,0.28,0.9333,525,0
IWM191122P157,2019-11-19,2019-11-19 09:31:11,0.29,0.9666,40,0.27,0.9,784,0.29,0.9666,1,0.28,0.9333,526,0
IWM191122P157,2019-11-19,2019-11-19 09:31:11,0.29,0.9666,40,0.27,0.9,1010,0.29,0.9666,1,0.28,0.9333,526,0
IWM191122P157,2019-11-19,2019-11-19 09:31:12,0.29,0.9666,40,0.27,0.9,1010,0.29,0.9666,1,0.28,0.9333,526,0
IWM191122P157,2019-11-19,2019-11-19 09:31:12,0.29,0.9666,173,0.27,0.9,644,0.29,0.9666,1,0.28,0.9333,526,0
IWM191122P157,2019-11-19,2019-11-19 09:31:13,0.29,0.9666,632,0.27,0.9,173,0.29,0.9666,1,0.28,0.9333,526,0
IWM191122P157,2019-11-19,2019-11-19 09:31:13,0.29,0.9666,483,0.27,0.9,44,0.29,0.9666,1,0.28,0.9333,526,0
IWM191122P157,2019-11-19,2019-11-19 09:31:14,0.29,0.9666,607,0.27,0.9,153,0.29,0.9666,1,0.28,0.9333,526,0
IWM191122P157,2019-11-19,2019-11-19 09:31:14,0.29,0.9666,483,0.27,0.9,44,0.29,0.9666,1,0.28,0.9333,526,0
IWM191122P157,2019-11-19,2019-11-19 09:31:15,0.29,0.9666,911,0.27,0.9,386,0.29,0.9666,1,0.28,0.9333,526,0
IWM191122P157,2019-11-19,2019-11-19 09:31:15,0.29,0.9666,607,0.27,0.9,116,0.29,0.9666,1,0.28,0.9333,526,0
IWM191122P157,2019-11-19,2019-11-19 09:31:16,0.29,0.9666,15,0.27,0.9,581,0.29,0.9666,1,0.28,0.9333,526,0
IWM191122P157,2019-11-19,2019-11-19 09:31:16,0.29,0.9666,123,0.27,0.9,526,0.29,0.9666,1,0.28,0.9333,526,0
IWM191122P157,2019-11-19,2019-11-19 09:31:17,0.29,0.9666,31,0.27,0.9,675,0.29,0.9666,1,0.28,0.9333,526,0
IWM191122P157,2019-11-19,2019-11-19 09:31:18,0.29,0.9666,20,0.27,0.9,905,0.29,0.9666,1,0.28,0.9333,526,0
IWM191122P157,2019-11-19,2019-11-19 09:31:18,0.29,0.9666,20,0.27,0.9,894,0.29,0.9666,1,0.28,0.9333,526,0
IWM191122P157,2019-11-19,2019-11-19 09:31:19,0.29,0.9666,20,0.27,0.9,675,0.29,0.9666,1,0.28,0.9333,526,0
IWM191122P157,2019-11-19,2019-11-19 09:31:20,0.29,0.9666,20,0.27,0.9,950,0.29,0.9666,1,0.28,0.9333,526,0
IWM191122P157,2019-11-19,2019-11-19 09:31:21,0.29,0.9666,20,0.27,0.9,950,0.29,0.9666,1,0.28,0.9333,526,0
IWM191122P157,2019-11-19,2019-11-19 09:31:21,0.3,1.0,236,0.28,0.9333,150,0.29,0.9666,1,0.29,0.9666,526,0
IWM191122P157,2019-11-19,2019-11-19 09:31:22,0.3,1.0,558,0.28,0.9333,167,0.29,0.9666,1,0.29,0.9666,526,0
IWM191122P157,2019-11-19,2019-11-19 09:31:23,0.3,1.0,90,0.28,0.9333,370,0.29,0.9666,1,0.29,0.9666,526,0
IWM191122P157,2019-11-19,2019-11-19 09:31:23,0.3,1.0,791,0.28,0.9333,202,0.29,0.9666,1,0.29,0.9666,526,0
IWM191122P157,2019-11-19,2019-11-19 09:31:24,0.3,1.0,14,0.28,0.9333,704,0.29,0.9666,1,0.29,0.9666,526,0
IWM191122P157,2019-11-19,2019-11-19 09:31:24,0.3,1.0,393,0.28,0.9333,514,0.29,0.9666,1,0.29,0.9666,526,0
IWM191122P157,2019-11-19,2019-11-19 09:31:25,0.3,1.0,641,0.28,0.9333,109,0.29,0.9666,1,0.29,0.9666,526,0
IWM191122P157,2019-11-19,2019-11-19 09:31:25,0.3,1.0,564,0.28,0.9333,514,0.29,0.9666,1,0.29,0.9666,526,0
IWM191122P157,2019-11-19,2019-11-19 09:31:26,0.3,1.0,846,0.28,0.9333,354,0.29,0.9666,1,0.29,0.9666,526,0
IWM191122P157,2019-11-19,2019-11-19 09:31:27,0.3,1.0,896,0.29,0.9666,11,0.29,0.9666,1,0.295,0.9833,526,0
IWM191122P157,2019-11-19,2019-11-19 09:31:27,0.3,1.0,596,0.28,0.9333,428,0.29,0.9666,1,0.29,0.9666,526,0
IWM191122P157,2019-11-19,2019-11-19 09:31:28,0.3,1.0,606,0.28,0.9333,39,0.29,0.9666,1,0.29,0.9666,526,0
IWM191122P157,2019-11-19,2019-11-19 09:31:28,0.3,1.0,606,0.28,0.9333,179,0.29,0.9666,1,0.29,0.9666,526,0
IWM191122P157,2019-11-19,2019-11-19 09:31:29,0.3,1.0,596,0.28,0.9333,378,0.29,0.9666,1,0.29,0.9666,526,0
IWM191122P157,2019-11-19,2019-11-19 09:31:29,0.3,1.0,596,0.28,0.9333,355,0.29,0.9666,1,0.29,0.9666,526,0
IWM191122P157,2019-11-19,2019-11-19 09:31:30,0.3,1.0,1066,0.28,0.9333,78,0.29,0.9666,1,0.29,0.9666,526,0
IWM191122P157,2019-11-19,2019-11-19 09:31:30,0.3,1.0,894,0.28,0.9333,290,0.29,0.9666,1,0.29,0.9666,526,0
IWM191122P157,2019-11-19,2019-11-19 09:31:31,0.3,1.0,932,0.28,0.9333,86,0.29,0.9666,1,0.29,0.9666,526,0
IWM191122P157,2019-11-19,2019-11-19 09:31:31,0.3,1.0,932,0.28,0.9333,99,0.29,0.9666,1,0.29,0.9666,526,0
IWM191122P157,2019-11-19,2019-11-19 09:31:32,0.3,1.0,932,0.29,0.9666,11,0.29,0.9666,1,0.295,0.9833,526,0
IWM191122P157,2019-11-19,2019-11-19 09:31:32,0.3,1.0,932,0.28,0.9333,288,0.29,0.9666,1,0.29,0.9666,526,0
IWM191122P157,2019-11-19,2019-11-19 09:31:33,0.3,1.0,932,0.29,0.9666,14,0.29,0.9666,1,0.295,0.9833,526,0
IWM191122P157,2019-11-19,2019-11-19 09:31:33,0.3,1.0,959,0.28,0.9333,89,0.29,0.9666,1,0.29,0.9666,526,0
IWM191122P157,2019-11-19,2019-11-19 09:31:34,0.3,1.0,959,0.28,0.9333,255,0.29,0.9666,1,0.29,0.9666,526,0
IWM191122P157,2019-11-19,2019-11-19 09:31:35,0.29,0.9666,10,0.28,0.9333,185,0.29,0.9666,1,0.285,0.95,526,0
IWM191122P157,2019-11-19,2019-11-19 09:31:35,0.3,1.0,970,0.28,0.9333,185,0.29,0.9666,1,0.29,0.9666,526,0
IWM191122P157,2019-11-19,2019-11-19 09:31:36,0.3,1.0,506,0.28,0.9333,185,0.29,0.9666,1,0.29,0.9666,526,0
IWM191122P157,2019-11-19,2019-11-19 09:31:37,0.3,1.0,496,0.28,0.9333,242,0.29,0.9666,1,0.29,0.9666,526,0
IWM191122P157,2019-11-19,2019-11-19 09:31:37,0.3,1.0,496,0.28,0.9333,237,0.29,0.9666,1,0.29,0.9666,526,0
IWM191122P157,2019-11-19,2019-11-19 09:31:38,0.3,1.0,495,0.28,0.9333,96,0.29,0.9666,1,0.29,0.9666,526,0
IWM191122P157,2019-11-19,2019-11-19 09:31:38,0.3,1.0,752,0.28,0.9333,266,0.29,0.9666,1,0.29,0.9666,526,0
IWM191122P157,2019-11-19,2019-11-19 09:31:39,0.3,1.0,752,0.28,0.9333,283,0.29,0.9666,1,0.29,0.9666,526,0
IWM191122P157,2019-11-19,2019-11-19 09:31:40,0.3,1.0,787,0.28,0.9333,283,0.29,0.9666,1,0.29,0.9666,526,0
IWM191122P157,2019-11-19,2019-11-19 09:31:40,0.3,1.0,572,0.28,0.9333,283,0.29,0.9666,1,0.29,0.9666,526,0
IWM191122P157,2019-11-19,2019-11-19 09:31:41,0.3,1.0,787,0.28,0.9333,353,0.29,0.9666,1,0.29,0.9666,526,0
IWM191122P157,2019-11-19,2019-11-19 09:31:41,0.3,1.0,787,0.28,0.9333,403,0.29,0.9666,1,0.29,0.9666,526,0
IWM191122P157,2019-11-19,2019-11-19 09:31:42,0.3,1.0,787,0.28,0.9333,353,0.29,0.9666,1,0.29,0.9666,526,0
IWM191122P157,2019-11-19,2019-11-19 09:31:43,0.3,1.0,787,0.28,0.9333,353,0.29,0.9666,1,0.29,0.9666,526,0
IWM191122P157,2019-11-19,2019-11-19 09:31:43,0.3,1.0,787,0.29,0.9666,4,0.29,0.9666,1,0.295,0.9833,526,0
IWM191122P157,2019-11-19,2019-11-19 09:31:44,0.3,1.0,787,0.28,0.9333,214,0.29,0.9666,1,0.29,0.9666,526,0
IWM191122P157,2019-11-19,2019-11-19 09:31:44,0.3,1.0,787,0.28,0.9333,268,0.29,0.9666,1,0.29,0.9666,526,0
IWM191122P157,2019-11-19,2019-11-19 09:31:45,0.3,1.0,787,0.29,0.9666,17,0.29,0.9666,1,0.295,0.9833,526,0
IWM191122P157,2019-11-19,2019-11-19 09:31:46,0.3,1.0,787,0.29,0.9666,17,0.29,0.9666,1,0.295,0.9833,526,0
IWM191122P157,2019-11-19,2019-11-19 09:31:47,0.3,1.0,798,0.28,0.9333,268,0.29,0.9666,1,0.29,0.9666,526,0
IWM191122P157,2019-11-19,2019-11-19 09:31:47,0.3,1.0,787,0.28,0.9333,258,0.29,0.9666,1,0.29,0.9666,526,0
IWM191122P157,2019-11-19,2019-11-19 09:31:48,0.3,1.0,798,0.28,0.9333,243,0.29,0.9666,1,0.29,0.9666,526,0
IWM191122P157,2019-11-19,2019-11-19 09:31:48,0.3,1.0,798,0.28,0.9333,268,0.29,0.9666,1,0.29,0.9666,526,0
IWM191122P157,2019-11-19,2019-11-19 09:31:49,0.3,1.0,798,0.28,0.9333,32,0.29,0.9666,1,0.29,0.9666,526,0
IWM191122P157,2019-11-19,2019-11-19 09:31:49,0.3,1.0,798,0.28,0.9333,243,0.29,0.9666,1,0.29,0.9666,526,0
IWM191122P157,2019-11-19,2019-11-19 09:31:50,0.3,1.0,798,0.28,0.9333,32,0.29,0.9666,1,0.29,0.9666,526,0
IWM191122P157,2019-11-19,2019-11-19 09:31:51,0.3,1.0,804,0.28,0.9333,275,0.29,0.9666,1,0.29,0.9666,526,0
IWM191122P157,2019-11-19,2019-11-19 09:31:51,0.3,1.0,804,0.28,0.9333,257,0.29,0.9666,1,0.29,0.9666,526,0
IWM191122P157,2019-11-19,2019-11-19 09:31:52,0.3,1.0,572,0.28,0.9333,287,0.29,0.9666,1,0.29,0.9666,526,0
IWM191122P157,2019-11-19,2019-11-19 09:31:52,0.3,1.0,572,0.28,0.9333,128,0.29,0.9666,1,0.29,0.9666,526,0
IWM191122P157,2019-11-19,2019-11-19 09:31:53,0.3,1.0,572,0.28,0.9333,342,0.29,0.9666,1,0.29,0.9666,526,0
IWM191122P157,2019-11-19,2019-11-19 09:31:53,0.3,1.0,798,0.28,0.9333,342,0.29,0.9666,1,0.29,0.9666,526,0
IWM191122P157,2019-11-19,2019-11-19 09:31:54,0.3,1.0,798,0.28,0.9333,408,0.29,0.9666,1,0.29,0.9666,526,0
IWM191122P157,2019-11-19,2019-11-19 09:31:55,0.3,1.0,536,0.28,0.9333,408,0.29,0.9666,1,0.29,0.9666,526,0
IWM191122P157,2019-11-19,2019-11-19 09:31:55,0.3,1.0,536,0.28,0.9333,361,0.29,0.9666,1,0.29,0.9666,526,0
IWM191122P157,2019-11-19,2019-11-19 09:31:56,0.3,1.0,737,0.29,0.9666,102,0.29,0.9666,1,0.295,0.9833,526,0
IWM191122P157,2019-11-19,2019-11-19 09:31:56,0.3,1.0,737,0.29,0.9666,100,0.29,0.9666,1,0.295,0.9833,526,0
IWM191122P157,2019-11-19,2019-11-19 09:31:57,0.3,1.0,451,0.29,0.9666,102,0.29,0.9666,1,0.295,0.9833,526,0
IWM191122P157,2019-11-19,2019-11-19 09:31:57,0.3,1.0,638,0.29,0.9666,102,0.29,0.9666,1,0.295,0.9833,526,0
IWM191122P157,2019-11-19,2019-11-19 09:31:58,0.3,1.0,437,0.29,0.9666,102,0.29,0.9666,1,0.295,0.9833,526,0
IWM191122P157,2019-11-19,2019-11-19 09:31:58,0.3,1.0,638,0.29,0.9666,102,0.29,0.9666,1,0.295,0.9833,526,0
IWM191122P157,2019-11-19,2019-11-19 09:31:59,0.3,1.0,643,0.29,0.9666,100,0.29,0.9666,1,0.295,0.9833,526,0
IWM191122P157,2019-11-19,2019-11-19 09:31:59,0.3,1.0,647,0.29,0.9666,100,0.29,0.9666,1,0.295,0.9833,526,0
IWM191122P157,2019-11-19,2019-11-19 09:32:00,0.3,1.0,511,0.29,0.9666,111,0.29,0.9666,1,0.295,0.9833,526,0
IWM191122P157,2019-11-19,2019-11-19 09:32:00,0.31,1.0333,421,0.29,0.9666,101,0.29,0.9666,1,0.3,1.0,526,0
IWM191122P157,2019-11-19,2019-11-19 09:32:01,0.31,1.0333,849,0.29,0.9666,584,0.29,0.9666,1,0.3,1.0,526,0
IWM191122P157,2019-11-19,2019-11-19 09:32:01,0.31,1.0333,641,0.3,1.0,11,0.29,0.9666,1,0.305,1.0166,526,0
IWM191122P157,2019-11-19,2019-11-19 09:32:02,0.31,1.0333,539,0.29,0.9666,369,0.29,0.9666,1,0.3,1.0,526,0
IWM191122P157,2019-11-19,2019-11-19 09:32:02,0.31,1.0333,539,0.29,0.9666,315,0.29,0.9666,1,0.3,1.0,526,0
IWM191122P157,2019-11-19,2019-11-19 09:32:03,0.31,1.0333,792,0.29,0.9666,639,0.29,0.9666,1,0.3,1.0,526,0
IWM191122P157,2019-11-19,2019-11-19 09:32:03,0.31,1.0333,331,0.29,0.9666,376,0.29,0.9666,1,0.3,1.0,526,0
IWM191122P157,2019-11-19,2019-11-19 09:32:04,0.3,1.0,695,0.29,0.9666,100,0.29,0.9666,1,0.295,0.9833,526,0
IWM191122P157,2019-11-19,2019-11-19 09:32:05,0.3,1.0,695,0.29,0.9666,100,0.29,0.9666,1,0.295,0.9833,526,0
IWM191122P157,2019-11-19,2019-11-19 09:32:05,0.3,1.0,94,0.29,0.9666,111,0.29,0.9666,1,0.295,0.9833,526,0
IWM191122P157,2019-11-19,2019-11-19 09:32:06,0.31,1.0333,756,0.29,0.9666,100,0.29,0.9666,1,0.3,1.0,526,0
IWM191122P157,2019-11-19,2019-11-19 09:32:06,0.31,1.0333,803,0.29,0.9666,100,0.29,0.9666,1,0.3,1.0,526,0
IWM191122P157,2019-11-19,2019-11-19 09:32:07,0.3,1.0,100,0.29,0.9666,100,0.29,0.9666,1,0.295,0.9833,526,0
IWM191122P157,2019-11-19,2019-11-19 09:32:07,0.3,1.0,457,0.29,0.9666,100,0.29,0.9666,1,0.295,0.9833,526,0
IWM191122P157,2019-11-19,2019-11-19 09:32:08,0.3,1.0,75,0.29,0.9666,100,0.29,0.9666,1,0.295,0.9833,526,0
IWM191122P157,2019-11-19,2019-11-19 09:32:08,0.3,1.0,146,0.29,0.9666,100,0.29,0.9666,1,0.295,0.9833,526,0
IWM191122P157,2019-11-19,2019-11-19 09:32:09,0.3,1.0,77,0.29,0.9666,100,0.29,0.9666,1,0.295,0.9833,526,0
IWM191122P157,2019-11-19,2019-11-19 09:32:10,0.3,1.0,393,0.29,0.9666,100,0.29,0.9666,1,0.295,0.9833,526,0
IWM191122P157,2019-11-19,2019-11-19 09:32:10,0.3,1.0,480,0.29,0.9666,100,0.29,0.9666,1,0.295,0.9833,526,0
IWM191122P157,2019-11-19,2019-11-19 09:32:11,0.3,1.0,480,0.29,0.9666,100,0.29,0.9666,1,0.295,0.9833,526,0
IWM191122P157,2019-11-19,2019-11-19 09:32:12,0.3,1.0,529,0.29,0.9666,111,0.29,0.9666,1,0.295,0.9833,526,0
IWM191122P157,2019-11-19,2019-11-19 09:32:13,0.3,1.0,517,0.29,0.9666,100,0.29,0.9666,1,0.295,0.9833,526,0
IWM191122P157,2019-11-19,2019-11-19 09:32:13,0.3,1.0,118,0.29,0.9666,100,0.29,0.9666,1,0.295,0.9833,526,0
IWM191122P157,2019-11-19,2019-11-19 09:32:14,0.3,1.0,572,0.29,0.9666,100,0.29,0.9666,1,0.295,0.9833,526,0
IWM191122P157,2019-11-19,2019-11-19 09:32:14,0.3,1.0,75,0.29,0.9666,100,0.29,0.9666,1,0.295,0.9833,526,0
IWM191122P157,2019-11-19,2019-11-19 09:32:15,0.3,1.0,642,0.29,0.9666,100,0.29,0.9666,1,0.295,0.9833,526,0
IWM191122P157,2019-11-19,2019-11-19 09:32:16,0.3,1.0,642,0.29,0.9666,100,0.29,0.9666,1,0.295,0.9833,526,0
IWM191122P157,2019-11-19,2019-11-19 09:32:17,0.3,1.0,642,0.29,0.9666,100,0.29,0.9666,1,0.295,0.9833,526,0
IWM191122P157,2019-11-19,2019-11-19 09:32:18,0.3,1.0,642,0.29,0.9666,100,0.29,0.9666,1,0.295,0.9833,526,0
IWM191122P157,2019-11-19,2019-11-19 09:32:18,0.3,1.0,642,0.29,0.9666,111,0.29,0.9666,1,0.295,0.9833,526,0
IWM191122P157,2019-11-19,2019-11-19 09:32:19,0.3,1.0,672,0.29,0.9666,100,0.29,0.9666,1,0.295,0.9833,526,0
IWM191122P157,2019-11-19,2019-11-19 09:32:19,0.3,1.0,672,0.29,0.9666,111,0.29,0.9666,1,0.295,0.9833,526,0
IWM191122P157,2019-11-19,2019-11-19 09:32:20,0.3,1.0,672,0.29,0.9666,111,0.29,0.9666,1,0.295,0.9833,526,0
IWM191122P157,2019-11-19,2019-11-19 09:32:21,0.3,1.0,672,0.29,0.9666,111,0.29,0.9666,1,0.295,0.9833,526,0
IWM191122P157,2019-11-19,2019-11-19 09:32:22,0.3,1.0,661,0.29,0.9666,111,0.29,0.9666,1,0.295,0.9833,526,0
IWM191122P157,2019-11-19,2019-11-19 09:32:23,0.3,1.0,661,0.29,0.9666,111,0.29,0.9666,1,0.295,0.9833,526,0
IWM191122P157,2019-11-19,2019-11-19 09:32:23,0.3,1.0,550,0.29,0.9666,111,0.29,0.9666,1,0.295,0.9833,526,0
IWM191122P157,2019-11-19,2019-11-19 09:32:24,0.3,1.0,399,0.29,0.9666,100,0.29,0.9666,1,0.295,0.9833,526,0
IWM191122P157,2019-11-19,2019-11-19 09:32:24,0.3,1.0,505,0.29,0.9666,100,0.29,0.9666,1,0.295,0.9833,526,0
IWM191122P157,2019-11-19,2019-11-19 09:32:25,0.3,1.0,399,0.29,0.9666,100,0.29,0.9666,1,0.295,0.9833,526,0
IWM191122P157,2019-11-19,2019-11-19 09:32:26,0.3,1.0,599,0.29,0.9666,100,0.29,0.9666,1,0.295,0.9833,526,0
IWM191122P157,2019-11-19,2019-11-19 09:32:27,0.3,1.0,599,0.29,0.9666,111,0.29,0.9666,1,0.295,0.9833,526,0
IWM191122P157,2019-11-19,2019-11-19 09:32:28,0.3,1.0,10,0.29,0.9666,143,0.29,0.9666,1,0.295,0.9833,526,0
IWM191122P157,2019-11-19,2019-11-19 09:32:28,0.3,1.0,10,0.29,0.9666,323,0.29,0.9666,1,0.295,0.9833,526,0
IWM191122P157,2019-11-19,2019-11-19 09:32:29,0.31,1.0333,684,0.29,0.9666,458,0.29,0.9666,1,0.3,1.0,526,0
IWM191122P157,2019-11-19,2019-11-19 09:32:30,0.31,1.0333,762,0.29,0.9666,458,0.29,0.9666,1,0.3,1.0,526,0
IWM191122P157,2019-11-19,2019-11-19 09:32:31,0.31,1.0333,762,0.29,0.9666,460,0.29,0.9666,1,0.3,1.0,526,0
IWM191122P157,2019-11-19,2019-11-19 09:32:32,0.31,1.0333,762,0.29,0.9666,460,0.29,0.9666,1,0.3,1.0,526,0
IWM191122P157,2019-11-19,2019-11-19 09:32:32,0.31,1.0333,762,0.29,0.9666,609,0.29,0.9666,1,0.3,1.0,526,0
IWM191122P157,2019-11-19,2019-11-19 09:32:33,0.31,1.0333,762,0.29,0.9666,609,0.29,0.9666,1,0.3,1.0,526,0
IWM191122P157,2019-11-19,2019-11-19 09:32:33,0.31,1.0333,762,0.29,0.9666,361,0.29,0.9666,1,0.3,1.0,526,0
IWM191122P157,2019-11-19,2019-11-19 09:32:34,0.31,1.0333,762,0.29,0.9666,299,0.29,0.9666,1,0.3,1.0,526,0
IWM191122P157,2019-11-19,2019-11-19 09:32:35,0.3,1.0,13,0.29,0.9666,335,0.29,0.9666,1,0.295,0.9833,526,0
IWM191122P157,2019-11-19,2019-11-19 09:32:36,0.3,1.0,13,0.29,0.9666,343,0.29,0.9666,1,0.295,0.9833,526,0
IWM191122P157,2019-11-19,2019-11-19 09:32:36,0.3,1.0,13,0.29,0.9666,373,0.29,0.9666,1,0.295,0.9833,526,0
IWM191122P157,2019-11-19,2019-11-19 09:32:37,0.3,1.0,254,0.29,0.9666,126,0.29,0.9666,1,0.295,0.9833,526,0
IWM191122P157,2019-11-19,2019-11-19 09:32:37,0.3,1.0,76,0.29,0.9666,317,0.29,0.9666,1,0.295,0.9833,526,0
IWM191122P157,2019-11-19,2019-11-19 09:32:38,0.3,1.0,254,0.29,0.9666,136,0.29,0.9666,1,0.295,0.9833,526,0
IWM191122P157,2019-11-19,2019-11-19 09:32:38,0.3,1.0,254,0.29,0.9666,413,0.29,0.9666,1,0.295,0.9833,526,0
IWM191122P157,2019-11-19,2019-11-19 09:32:39,0.31,1.0333,218,0.29,0.9666,811,0.29,0.9666,1,0.3,1.0,526,0
IWM191122P157,2019-11-19,2019-11-19 09:32:39,0.3,1.0,254,0.29,0.9666,413,0.29,0.9666,1,0.295,0.9833,526,0
IWM191122P157,2019-11-19,2019-11-19 09:32:40,0.31,1.0333,685,0.29,0.9666,553,0.29,0.9666,1,0.3,1.0,526,0
IWM191122P157,2019-11-19,2019-11-19 09:32:40,0.31,1.0333,685,0.29,0.9666,811,0.29,0.9666,1,0.3,1.0,526,0
IWM191122P157,2019-11-19,2019-11-19 09:32:41,0.31,1.0333,402,0.3,1.0,47,0.29,0.9666,1,0.305,1.0166,526,0
IWM191122P157,2019-11-19,2019-11-19 09:32:41,0.31,1.0333,595,0.29,0.9666,584,0.29,0.9666,1,0.3,1.0,526,0
IWM191122P157,2019-11-19,2019-11-19 09:32:42,0.31,1.0333,82,0.3,1.0,87,0.29,0.9666,1,0.305,1.0166,526,0
IWM191122P157,2019-11-19,2019-11-19 09:32:42,0.31,1.0333,32,0.3,1.0,104,0.29,0.9666,1,0.305,1.0166,526,0
IWM191122P157,2019-11-19,2019-11-19 09:32:43,0.32,1.0666,233,0.3,1.0,292,0.29,0.9666,1,0.31,1.0333,526,0
IWM191122P157,2019-11-19,2019-11-19 09:32:43,0.31,1.0333,137,0.3,1.0,46,0.29,0.9666,1,0.305,1.0166,526,0
IWM191122P157,2019-11-19,2019-11-19 09:32:44,0.31,1.0333,461,0.29,0.9666,178,0.29,0.9666,1,0.3,1.0,526,0
IWM191122P157,2019-11-19,2019-11-19 09:32:44,0.3,1.0,370,0.29,0.9666,101,0.29,0.9666,1,0.295,0.9833,526,0
IWM191122P157,2019-11-19,2019-11-19 09:32:45,0.3,1.0,76,0.29,0.9666,249,0.29,0.9666,1,0.295,0.9833,526,0
IWM191122P157,2019-11-19,2019-11-19 09:32:45,0.3,1.0,121,0.29,0.9666,210,0.29,0.9666,1,0.295,0.9833,526,0
IWM191122P157,2019-11-19,2019-11-19 09:32:46,0.3,1.0,76,0.29,0.9666,268,0.29,0.9666,1,0.295,0.9833,526,0
IWM191122P157,2019-11-19,2019-11-19 09:32:46,0.3,1.0,21,0.29,0.9666,300,0.29,0.9666,1,0.295,0.9833,526,0
IWM191122P157,2019-11-19,2019-11-19 09:32:47,0.3,1.0,21,0.29,0.9666,327,0.29,0.9666,1,0.295,0.9833,526,0
IWM191122P157,2019-11-19,2019-11-19 09:32:48,0.3,1.0,96,0.29,0.9666,218,0.29,0.9666,1,0.295,0.9833,526,0
IWM191122P157,2019-11-19,2019-11-19 09:32:48,0.3,1.0,21,0.29,0.9666,334,0.29,0.9666,1,0.295,0.9833,526,0
IWM191122P157,2019-11-19,2019-11-19 09:32:49,0.3,1.0,300,0.29,0.9666,218,0.29,0.9666,1,0.295,0.9833,526,0
IWM191122P157,2019-11-19,2019-11-19 09:32:49,0.3,1.0,357,0.29,0.9666,178,0.3,1.0,100,0.295,0.9833,626,100
IWM191122P157,2019-11-19,2019-11-19 09:32:50,0.3,1.0,91,0.29,0.9666,257,0.3,1.0,100,0.295,0.9833,626,0
IWM191122P157,2019-11-19,2019-11-19 09:32:50,0.3,1.0,91,0.29,0.9666,56,0.3,1.0,100,0.295,0.9833,626,0
IWM191122P157,2019-11-19,2019-11-19 09:32:51,0.3,1.0,91,0.29,0.9666,282,0.3,1.0,100,0.295,0.9833,626,0
IWM191122P157,2019-11-19,2019-11-19 09:32:51,0.31,1.0333,321,0.29,0.9666,260,0.3,1.0,100,0.3,1.0,626,0
IWM191122P157,2019-11-19,2019-11-19 09:32:52,0.31,1.0333,482,0.29,0.9666,633,0.3,1.0,100,0.3,1.0,626,0
IWM191122P157,2019-11-19,2019-11-19 09:32:53,0.31,1.0333,482,0.29,0.9666,565,0.3,1.0,100,0.3,1.0,626,0
IWM191122P157,2019-11-19,2019-11-19 09:32:54,0.31,1.0333,482,0.29,0.9666,757,0.3,1.0,100,0.3,1.0,626,0
IWM191122P157,2019-11-19,2019-11-19 09:32:54,0.31,1.0333,482,0.29,0.9666,565,0.3,1.0,100,0.3,1.0,626,0
IWM191122P157,2019-11-19,2019-11-19 09:32:55,0.31,1.0333,163,0.3,1.0,82,0.3,1.0,100,0.305,1.0166,626,0
IWM191122P157,2019-11-19,2019-11-19 09:32:56,0.31,1.0333,490,0.3,1.0,30,0.3,1.0,100,0.305,1.0166,626,0
IWM191122P157,2019-11-19,2019-11-19 09:32:56,0.31,1.0333,597,0.3,1.0,102,0.3,1.0,100,0.305,1.0166,626,0
IWM191122P157,2019-11-19,2019-11-19 09:32:57,0.31,1.0333,502,0.3,1.0,30,0.3,1.0,100,0.305,1.0166,626,0
IWM191122P157,2019-11-19,2019-11-19 09:32:57,0.31,1.0333,503,0.3,1.0,30,0.3,1.0,100,0.305,1.0166,626,0
IWM191122P157,2019-11-19,2019-11-19 09:32:58,0.31,1.0333,502,0.3,1.0,40,0.3,1.0,100,0.305,1.0166,626,0
IWM191122P157,2019-11-19,2019-11-19 09:32:59,0.31,1.0333,753,0.3,1.0,46,0.3,1.0,100,0.305,1.0166,626,0
IWM191122P157,2019-11-19,2019-11-19 09:33:00,0.3,1.0,92,0.29,0.9666,444,0.3,1.0,10,0.295,0.9833,636,10
IWM191122P157,2019-11-19,2019-11-19 09:33:00,0.3,1.0,76,0.29,0.9666,530,0.3,1.0,10,0.295,0.9833,636,0
IWM191122P157,2019-11-19,2019-11-19 09:33:01,0.31,1.0333,290,0.29,0.9666,627,0.3,1.0,10,0.3,1.0,636,0
IWM191122P157,2019-11-19,2019-11-19 09:33:01,0.31,1.0333,250,0.29,0.9666,441,0.3,1.0,10,0.3,1.0,636,0
IWM191122P157,2019-11-19,2019-11-19 09:33:02,0.31,1.0333,160,0.3,1.0,128,0.3,1.0,10,0.305,1.0166,636,0
IWM191122P157,2019-11-19,2019-11-19 09:33:02,0.31,1.0333,398,0.3,1.0,69,0.3,1.0,10,0.305,1.0166,636,0
IWM191122P157,2019-11-19,2019-11-19 09:33:03,0.31,1.0333,250,0.3,1.0,72,0.3,1.0,10,0.305,1.0166,636,0
IWM191122P157,2019-11-19,2019-11-19 09:33:03,0.31,1.0333,566,0.3,1.0,69,0.3,1.0,10,0.305,1.0166,636,0
IWM191122P157,2019-11-19,2019-11-19 09:33:04,0.31,1.0333,100,0.3,1.0,323,0.3,1.0,10,0.305,1.0166,636,0
IWM191122P157,2019-11-19,2019-11-19 09:33:04,0.31,1.0333,147,0.3,1.0,49,0.3,1.0,10,0.305,1.0166,636,0
IWM191122P157,2019-11-19,2019-11-19 09:33:05,0.31,1.0333,94,0.3,1.0,119,0.3,1.0,10,0.305,1.0166,636,0
IWM191122P157,2019-11-19,2019-11-19 09:33:05,0.31,1.0333,459,0.3,1.0,49,0.3,1.0,10,0.305,1.0166,636,0
IWM191122P157,2019-11-19,2019-11-19 09:33:06,0.31,1.0333,294,0.3,1.0,119,0.3,1.0,10,0.305,1.0166,636,0
IWM191122P157,2019-11-19,2019-11-19 09:33:06,0.31,1.0333,97,0.3,1.0,251,0.3,1.0,10,0.305,1.0166,636,0
IWM191122P157,2019-11-19,2019-11-19 09:33:07,0.31,1.0333,90,0.3,1.0,258,0.3,1.0,10,0.305,1.0166,636,0
IWM191122P157,2019-11-19,2019-11-19 09:33:07,0.31,1.0333,96,0.3,1.0,255,0.3,1.0,10,0.305,1.0166,636,0
IWM191122P157,2019-11-19,2019-11-19 09:33:08,0.31,1.0333,90,0.3,1.0,219,0.3,1.0,10,0.305,1.0166,636,0
IWM191122P157,2019-11-19,2019-11-19 09:33:08,0.31,1.0333,75,0.3,1.0,156,0.3,1.0,10,0.305,1.0166,636,0
IWM191122P157,2019-11-19,2019-11-19 09:33:09,0.31,1.0333,75,0.3,1.0,315,0.3,1.0,10,0.305,1.0166,636,0
IWM191122P157,2019-11-19,2019-11-19 09:33:09,0.31,1.0333,75,0.3,1.0,306,0.3,1.0,10,0.305,1.0166,636,0
IWM191122P157,2019-11-19,2019-11-19 09:33:10,0.31,1.0333,75,0.3,1.0,315,0.3,1.0,10,0.305,1.0166,636,0
IWM191122P157,2019-11-19,2019-11-19 09:33:11,0.31,1.0333,76,0.3,1.0,282,0.3,1.0,10,0.305,1.0166,636,0
IWM191122P157,2019-11-19,2019-11-19 09:33:12,0.31,1.0333,75,0.3,1.0,282,0.3,1.0,10,0.305,1.0166,636,0
IWM191122P157,2019-11-19,2019-11-19 09:33:12,0.31,1.0333,375,0.3,1.0,282,0.3,1.0,10,0.305,1.0166,636,0
IWM191122P157,2019-11-19,2019-11-19 09:33:13,0.31,1.0333,75,0.3,1.0,248,0.3,1.0,10,0.305,1.0166,636,0
IWM191122P157,2019-11-19,2019-11-19 09:33:13,0.31,1.0333,306,0.3,1.0,248,0.3,1.0,10,0.305,1.0166,636,0
IWM191122P157,2019-11-19,2019-11-19 09:33:14,0.31,1.0333,1043,0.3,1.0,40,0.3,1.0,10,0.305,1.0166,636,0
IWM191122P157,2019-11-19,2019-11-19 09:33:14,0.31,1.0333,673,0.3,1.0,46,0.3,1.0,10,0.305,1.0166,636,0
IWM191122P157,2019-11-19,2019-11-19 09:33:15,0.31,1.0333,445,0.3,1.0,97,0.3,1.0,10,0.305,1.0166,636,0
IWM191122P157,2019-11-19,2019-11-19 09:33:15,0.31,1.0333,820,0.3,1.0,46,0.3,1.0,10,0.305,1.0166,636,0
IWM191122P157,2019-11-19,2019-11-19 09:33:16,0.31,1.0333,445,0.3,1.0,30,0.3,1.0,10,0.305,1.0166,636,0
IWM191122P157,2019-11-19,2019-11-19 09:33:16,0.31,1.0333,633,0.3,1.0,40,0.3,1.0,10,0.305,1.0166,636,0
IWM191122P157,2019-11-19,2019-11-19 09:33:17,0.31,1.0333,425,0.29,0.9666,836,0.3,1.0,10,0.3,1.0,636,0
IWM191122P157,2019-11-19,2019-11-19 09:33:17,0.31,1.0333,633,0.3,1.0,36,0.3,1.0,10,0.305,1.0166,636,0
IWM191122P157,2019-11-19,2019-11-19 09:33:18,0.31,1.0333,962,0.29,0.9666,338,0.3,1.0,10,0.3,1.0,636,0
IWM191122P157,2019-11-19,2019-11-19 09:33:18,0.31,1.0333,962,0.29,0.9666,351,0.31,1.0333,1,0.3,1.0,637,1
IWM191122P157,2019-11-19,2019-11-19 09:33:19,0.3,1.0,113,0.29,0.9666,359,0.31,1.0333,1,0.295,0.9833,637,0
IWM191122P157,2019-11-19,2019-11-19 09:33:19,0.3,1.0,288,0.29,0.9666,359,0.31,1.0333,1,0.295,0.9833,637,0
IWM191122P157,2019-11-19,2019-11-19 09:33:20,0.3,1.0,107,0.29,0.9666,359,0.31,1.0333,1,0.295,0.9833,637,0
IWM191122P157,2019-11-19,2019-11-19 09:33:20,0.3,1.0,219,0.29,0.9666,251,0.31,1.0333,1,0.295,0.9833,637,0
IWM191122P157,2019-11-19,2019-11-19 09:33:21,0.3,1.0,174,0.29,0.9666,251,0.31,1.0333,1,0.295,0.9833,637,0
IWM191122P157,2019-11-19,2019-11-19 09:33:21,0.3,1.0,103,0.29,0.9666,251,0.31,1.0333,1,0.295,0.9833,637,0
IWM191122P157,2019-11-19,2019-11-19 09:33:22,0.3,1.0,663,0.29,0.9666,46,0.31,1.0333,1,0.295,0.9833,637,0
IWM191122P157,2019-11-19,2019-11-19 09:33:22,0.3,1.0,284,0.29,0.9666,258,0.31,1.0333,1,0.295,0.9833,637,0
IWM191122P157,2019-11-19,2019-11-19 09:33:23,0.3,1.0,762,0.29,0.9666,166,0.31,1.0333,1,0.295,0.9833,637,0
IWM191122P157,2019-11-19,2019-11-19 09:33:23,0.3,1.0,612,0.29,0.9666,230,0.31,1.0333,1,0.295,0.9833,637,0
IWM191122P157,2019-11-19,2019-11-19 09:33:24,0.3,1.0,15,0.29,0.9666,230,0.31,1.0333,1,0.295,0.9833,637,0
IWM191122P157,2019-11-19,2019-11-19 09:33:24,0.3,1.0,91,0.29,0.9666,273,0.31,1.0333,1,0.295,0.9833,637,0
IWM191122P157,2019-11-19,2019-11-19 09:33:25,0.3,1.0,75,0.29,0.9666,276,0.31,1.0333,1,0.295,0.9833,637,0
IWM191122P157,2019-11-19,2019-11-19 09:33:26,0.3,1.0,597,0.29,0.9666,265,0.31,1.0333,1,0.295,0.9833,637,0
IWM191122P157,2019-11-19,2019-11-19 09:33:26,0.3,1.0,424,0.29,0.9666,240,0.31,1.0333,1,0.295,0.9833,637,0
IWM191122P157,2019-11-19,2019-11-19 09:33:27,0.3,1.0,597,0.29,0.9666,266,0.31,1.0333,1,0.295,0.9833,637,0
IWM191122P157,2019-11-19,2019-11-19 09:33:28,0.3,1.0,597,0.29,0.9666,266,0.31,1.0333,1,0.295,0.9833,637,0
IWM191122P157,2019-11-19,2019-11-19 09:33:29,0.3,1.0,597,0.29,0.9666,266,0.31,1.0333,1,0.295,0.9833,637,0
IWM191122P157,2019-11-19,2019-11-19 09:33:30,0.3,1.0,597,0.29,0.9666,238,0.31,1.0333,1,0.295,0.9833,637,0
IWM191122P157,2019-11-19,2019-11-19 09:33:30,0.3,1.0,309,0.29,0.9666,212,0.31,1.0333,1,0.295,0.9833,637,0
IWM191122P157,2019-11-19,2019-11-19 09:33:31,0.3,1.0,105,0.29,0.9666,236,0.31,1.0333,1,0.295,0.9833,637,0
IWM191122P157,2019-11-19,2019-11-19 09:33:31,0.3,1.0,113,0.29,0.9666,212,0.31,1.0333,1,0.295,0.9833,637,0
IWM191122P157,2019-11-19,2019-11-19 09:33:32,0.3,1.0,533,0.29,0.9666,133,0.31,1.0333,1,0.295,0.9833,637,0
IWM191122P157,2019-11-19,2019-11-19 09:33:32,0.3,1.0,250,0.29,0.9666,269,0.31,1.0333,1,0.295,0.9833,637,0
IWM191122P157,2019-11-19,2019-11-19 09:33:33,0.3,1.0,250,0.29,0.9666,292,0.31,1.0333,1,0.295,0.9833,637,0
IWM191122P157,2019-11-19,2019-11-19 09:33:33,0.3,1.0,402,0.29,0.9666,292,0.31,1.0333,1,0.295,0.9833,637,0
IWM191122P157,2019-11-19,2019-11-19 09:33:34,0.3,1.0,402,0.29,0.9666,294,0.31,1.0333,1,0.295,0.9833,637,0
IWM191122P157,2019-11-19,2019-11-19 09:33:34,0.3,1.0,489,0.29,0.9666,295,0.31,1.0333,1,0.295,0.9833,637,0
IWM191122P157,2019-11-19,2019-11-19 09:33:35,0.3,1.0,489,0.29,0.9666,295,0.31,1.0333,1,0.295,0.9833,637,0
IWM191122P157,2019-11-19,2019-11-19 09:33:35,0.3,1.0,562,0.29,0.9666,297,0.31,1.0333,1,0.295,0.9833,637,0
IWM191122P157,2019-11-19,2019-11-19 09:33:36,0.3,1.0,562,0.29,0.9666,297,0.31,1.0333,1,0.295,0.9833,637,0
IWM191122P157,2019-11-19,2019-11-19 09:33:36,0.3,1.0,526,0.29,0.9666,254,0.31,1.0333,1,0.295,0.9833,637,0
IWM191122P157,2019-11-19,2019-11-19 09:33:37,0.3,1.0,526,0.29,0.9666,254,0.31,1.0333,1,0.295,0.9833,637,0
IWM191122P157,2019-11-19,2019-11-19 09:33:38,0.3,1.0,420,0.29,0.9666,233,0.31,1.0333,1,0.295,0.9833,637,0
IWM191122P157,2019-11-19,2019-11-19 09:33:38,0.3,1.0,250,0.29,0.9666,39,0.31,1.0333,1,0.295,0.9833,637,0
IWM191122P157,2019-11-19,2019-11-19 09:33:39,0.3,1.0,548,0.29,0.9666,233,0.31,1.0333,1,0.295,0.9833,637,0
IWM191122P157,2019-11-19,2019-11-19 09:33:39,0.3,1.0,548,0.29,0.9666,135,0.31,1.0333,1,0.295,0.9833,637,0
IWM191122P157,2019-11-19,2019-11-19 09:33:40,0.3,1.0,638,0.29,0.9666,135,0.31,1.0333,1,0.295,0.9833,637,0
IWM191122P157,2019-11-19,2019-11-19 09:33:40,0.3,1.0,657,0.29,0.9666,135,0.31,1.0333,1,0.295,0.9833,637,0
IWM191122P157,2019-11-19,2019-11-19 09:33:41,0.3,1.0,638,0.29,0.9666,237,0.31,1.0333,1,0.295,0.9833,637,0
IWM191122P157,2019-11-19,2019-11-19 09:33:41,0.3,1.0,638,0.29,0.9666,48,0.31,1.0333,1,0.295,0.9833,637,0
IWM191122P157,2019-11-19,2019-11-19 09:33:42,0.3,1.0,638,0.29,0.9666,238,0.31,1.0333,1,0.295,0.9833,637,0
IWM191122P157,2019-11-19,2019-11-19 09:33:43,0.3,1.0,638,0.29,0.9666,241,0.31,1.0333,1,0.295,0.9833,637,0
IWM191122P157,2019-11-19,2019-11-19 09:33:44,0.3,1.0,638,0.29,0.9666,241,0.31,1.0333,1,0.295,0.9833,637,0
IWM191122P157,2019-11-19,2019-11-19 09:33:45,0.3,1.0,638,0.29,0.9666,241,0.31,1.0333,1,0.295,0.9833,637,0
IWM191122P157,2019-11-19,2019-11-19 09:33:46,0.3,1.0,638,0.29,0.9666,239,0.31,1.0333,1,0.295,0.9833,637,0
IWM191122P157,2019-11-19,2019-11-19 09:33:47,0.3,1.0,638,0.29,0.9666,239,0.31,1.0333,1,0.295,0.9833,637,0
IWM191122P157,2019-11-19,2019-11-19 09:33:48,0.3,1.0,638,0.29,0.9666,239,0.31,1.0333,1,0.295,0.9833,637,0
IWM191122P157,2019-11-19,2019-11-19 09:33:49,0.3,1.0,638,0.29,0.9666,239,0.31,1.0333,1,0.295,0.9833,637,0
IWM191122P157,2019-11-19,2019-11-19 09:33:50,0.3,1.0,638,0.29,0.9666,216,0.31,1.0333,1,0.295,0.9833,637,0
IWM191122P157,2019-11-19,2019-11-19 09:33:51,0.3,1.0,638,0.29,0.9666,216,0.31,1.0333,1,0.295,0.9833,637,0
IWM191122P157,2019-11-19,2019-11-19 09:33:52,0.3,1.0,556,0.29,0.9666,240,0.31,1.0333,1,0.295,0.9833,637,0
IWM191122P157,2019-11-19,2019-11-19 09:33:52,0.3,1.0,638,0.29,0.9666,240,0.31,1.0333,1,0.295,0.9833,637,0
IWM191122P157,2019-11-19,2019-11-19 09:33:53,0.3,1.0,556,0.29,0.9666,74,0.31,1.0333,1,0.295,0.9833,637,0
IWM191122P157,2019-11-19,2019-11-19 09:33:53,0.3,1.0,665,0.29,0.9666,74,0.31,1.0333,1,0.295,0.9833,637,0
IWM191122P157,2019-11-19,2019-11-19 09:33:54,0.3,1.0,695,0.29,0.9666,279,0.31,1.0333,1,0.295,0.9833,637,0
IWM191122P157,2019-11-19,2019-11-19 09:33:54,0.3,1.0,627,0.28,0.9333,340,0.31,1.0333,1,0.29,0.9666,637,0
IWM191122P157,2019-11-19,2019-11-19 09:33:55,0.3,1.0,882,0.28,0.9333,510,0.31,1.0333,1,0.29,0.9666,637,0
IWM191122P157,2019-11-19,2019-11-19 09:33:55,0.3,1.0,818,0.28,0.9333,510,0.31,1.0333,1,0.29,0.9666,637,0
IWM191122P157,2019-11-19,2019-11-19 09:33:56,0.3,1.0,701,0.28,0.9333,872,0.31,1.0333,1,0.29,0.9666,637,0
IWM191122P157,2019-11-19,2019-11-19 09:33:56,0.3,1.0,818,0.28,0.9333,760,0.31,1.0333,1,0.29,0.9666,637,0
IWM191122P157,2019-11-19,2019-11-19 09:33:57,0.3,1.0,701,0.28,0.9333,938,0.31,1.0333,1,0.29,0.9666,637,0
IWM191122P157,2019-11-19,2019-11-19 09:33:58,0.3,1.0,250,0.29,0.9666,130,0.31,1.0333,1,0.295,0.9833,637,0
IWM191122P157,2019-11-19,2019-11-19 09:33:58,0.3,1.0,250,0.29,0.9666,532,0.31,1.0333,1,0.295,0.9833,637,0
IWM191122P157,2019-11-19,2019-11-19 09:33:59,0.3,1.0,3,0.29,0.9666,546,0.31,1.0333,1,0.295,0.9833,637,0
IWM191122P157,2019-11-19,2019-11-19 09:33:59,0.3,1.0,3,0.29,0.9666,532,0.31,1.0333,1,0.295,0.9833,637,0
IWM191122P157,2019-11-19,2019-11-19 09:34:00,0.31,1.0333,433,0.29,0.9666,740,0.31,1.0333,1,0.3,1.0,637,0
IWM191122P157,2019-11-19,2019-11-19 09:34:01,0.31,1.0333,376,0.29,0.9666,800,0.31,1.0333,1,0.3,1.0,637,0
IWM191122P157,2019-11-19,2019-11-19 09:34:01,0.31,1.0333,620,0.29,0.9666,1168,0.31,1.0333,1,0.3,1.0,637,0
IWM191122P157,2019-11-19,2019-11-19 09:34:02,0.31,1.0333,648,0.29,0.9666,1269,0.31,1.0333,1,0.3,1.0,637,0
IWM191122P157,2019-11-19,2019-11-19 09:34:02,0.31,1.0333,648,0.29,0.9666,1270,0.31,1.0333,1,0.3,1.0,637,0
IWM191122P157,2019-11-19,2019-11-19 09:34:03,0.31,1.0333,648,0.29,0.9666,1177,0.31,1.0333,1,0.3,1.0,637,0
IWM191122P157,2019-11-19,2019-11-19 09:34:04,0.31,1.0333,648,0.29,0.9666,1177,0.31,1.0333,1,0.3,1.0,637,0
IWM191122P157,2019-11-19,2019-11-19 09:34:04,0.31,1.0333,231,0.3,1.0,108,0.31,1.0333,1,0.305,1.0166,637,0
IWM191122P157,2019-11-19,2019-11-19 09:34:05,0.31,1.0333,231,0.3,1.0,131,0.31,1.0333,1,0.305,1.0166,637,0
IWM191122P157,2019-11-19,2019-11-19 09:34:05,0.31,1.0333,231,0.3,1.0,159,0.31,1.0333,1,0.305,1.0166,637,0
IWM191122P157,2019-11-19,2019-11-19 09:34:06,0.31,1.0333,76,0.3,1.0,270,0.31,1.0333,1,0.305,1.0166,637,0
IWM191122P157,2019-11-19,2019-11-19 09:34:06,0.32,1.0666,638,0.3,1.0,332,0.31,1.0333,1,0.31,1.0333,637,0
IWM191122P157,2019-11-19,2019-11-19 09:34:07,0.32,1.0666,794,0.3,1.0,487,0.31,1.0333,1,0.31,1.0333,637,0
IWM191122P157,2019-11-19,2019-11-19 09:34:07,0.32,1.0666,725,0.3,1.0,526,0.31,1.0333,1,0.31,1.0333,637,0
IWM191122P157,2019-11-19,2019-11-19 09:34:08,0.32,1.0666,743,0.3,1.0,590,0.31,1.0333,1,0.31,1.0333,637,0
IWM191122P157,2019-11-19,2019-11-19 09:34:08,0.32,1.0666,918,0.3,1.0,487,0.31,1.0333,1,0.31,1.0333,637,0
IWM191122P157,2019-11-19,2019-11-19 09:34:09,0.32,1.0666,743,0.3,1.0,590,0.31,1.0333,1,0.31,1.0333,637,0
IWM191122P157,2019-11-19,2019-11-19 09:34:09,0.31,1.0333,1,0.3,1.0,529,0.31,1.0333,1,0.305,1.0166,637,0
IWM191122P157,2019-11-19,2019-11-19 09:34:10,0.31,1.0333,288,0.3,1.0,529,0.31,1.0333,1,0.305,1.0166,637,0
IWM191122P157,2019-11-19,2019-11-19 09:34:10,0.31,1.0333,375,0.3,1.0,429,0.31,1.0333,1,0.305,1.0166,637,0
IWM191122P157,2019-11-19,2019-11-19 09:34:11,0.31,1.0333,375,0.3,1.0,429,0.31,1.0333,1,0.305,1.0166,637,0
IWM191122P157,2019-11-19,2019-11-19 09:34:11,0.31,1.0333,250,0.3,1.0,116,0.31,1.0333,1,0.305,1.0166,637,0
IWM191122P157,2019-11-19,2019-11-19 09:34:12,0.31,1.0333,441,0.3,1.0,219,0.31,1.0333,1,0.305,1.0166,637,0
IWM191122P157,2019-11-19,2019-11-19 09:34:12,0.31,1.0333,441,0.3,1.0,315,0.31,1.0333,1,0.305,1.0166,637,0
IWM191122P157,2019-11-19,2019-11-19 09:34:13,0.31,1.0333,441,0.3,1.0,315,0.31,1.0333,1,0.305,1.0166,637,0
IWM191122P157,2019-11-19,2019-11-19 09:34:13,0.31,1.0333,701,0.3,1.0,315,0.31,1.0333,1,0.305,1.0166,637,0
IWM191122P157,2019-11-19,2019-11-19 09:34:14,0.31,1.0333,701,0.3,1.0,294,0.31,1.0333,1,0.305,1.0166,637,0
IWM191122P157,2019-11-19,2019-11-19 09:34:14,0.31,1.0333,701,0.3,1.0,315,0.31,1.0333,1,0.305,1.0166,637,0
IWM191122P157,2019-11-19,2019-11-19 09:34:15,0.31,1.0333,701,0.3,1.0,294,0.31,1.0333,1,0.305,1.0166,637,0
IWM191122P157,2019-11-19,2019-11-19 09:34:16,0.31,1.0333,801,0.3,1.0,88,0.31,1.0333,1,0.305,1.0166,637,0
IWM191122P157,2019-11-19,2019-11-19 09:34:17,0.3,1.0,75,0.29,0.9666,583,0.31,1.0333,1,0.295,0.9833,637,0
IWM191122P157,2019-11-19,2019-11-19 09:34:18,0.3,1.0,75,0.29,0.9666,583,0.31,1.0333,1,0.295,0.9833,637,0
IWM191122P157,2019-11-19,2019-11-19 09:34:19,0.3,1.0,77,0.29,0.9666,447,0.31,1.0333,1,0.295,0.9833,637,0
IWM191122P157,2019-11-19,2019-11-19 09:34:19,0.3,1.0,77,0.29,0.9666,520,0.31,1.0333,1,0.295,0.9833,637,0
IWM191122P157,2019-11-19,2019-11-19 09:34:20,0.3,1.0,677,0.29,0.9666,411,0.31,1.0333,1,0.295,0.9833,637,0
IWM191122P157,2019-11-19,2019-11-19 09:34:20,0.3,1.0,537,0.29,0.9666,447,0.31,1.0333,1,0.295,0.9833,637,0
IWM191122P157,2019-11-19,2019-11-19 09:34:21,0.3,1.0,112,0.29,0.9666,80,0.31,1.0333,1,0.295,0.9833,637,0
IWM191122P157,2019-11-19,2019-11-19 09:34:22,0.3,1.0,351,0.29,0.9666,30,0.31,1.0333,1,0.295,0.9833,637,0
IWM191122P157,2019-11-19,2019-11-19 09:34:22,0.3,1.0,405,0.29,0.9666,30,0.31,1.0333,1,0.295,0.9833,637,0
IWM191122P157,2019-11-19,2019-11-19 09:34:23,0.3,1.0,347,0.29,0.9666,46,0.31,1.0333,1,0.295,0.9833,637,0
IWM191122P157,2019-11-19,2019-11-19 09:34:23,0.3,1.0,348,0.29,0.9666,46,0.31,1.0333,1,0.295,0.9833,637,0
IWM191122P157,2019-11-19,2019-11-19 09:34:24,0.3,1.0,348,0.29,0.9666,46,0.31,1.0333,1,0.295,0.9833,637,0
IWM191122P157,2019-11-19,2019-11-19 09:34:25,0.3,1.0,288,0.29,0.9666,259,0.31,1.0333,1,0.295,0.9833,637,0
IWM191122P157,2019-11-19,2019-11-19 09:34:25,0.3,1.0,76,0.29,0.9666,364,0.31,1.0333,1,0.295,0.9833,637,0
IWM191122P157,2019-11-19,2019-11-19 09:34:26,0.3,1.0,76,0.29,0.9666,447,0.31,1.0333,1,0.295,0.9833,637,0
IWM191122P157,2019-11-19,2019-11-19 09:34:26,0.3,1.0,76,0.29,0.9666,364,0.31,1.0333,1,0.295,0.9833,637,0
IWM191122P157,2019-11-19,2019-11-19 09:34:27,0.3,1.0,76,0.29,0.9666,447,0.31,1.0333,1,0.295,0.9833,637,0
IWM191122P157,2019-11-19,2019-11-19 09:34:27,0.3,1.0,259,0.29,0.9666,385,0.31,1.0333,1,0.295,0.9833,637,0
IWM191122P157,2019-11-19,2019-11-19 09:34:28,0.3,1.0,346,0.29,0.9666,385,0.31,1.0333,1,0.295,0.9833,637,0
IWM191122P157,2019-11-19,2019-11-19 09:34:28,0.3,1.0,346,0.29,0.9666,30,0.31,1.0333,1,0.295,0.9833,637,0
IWM191122P157,2019-11-19,2019-11-19 09:34:29,0.3,1.0,164,0.29,0.9666,30,0.31,1.0333,1,0.295,0.9833,637,0
IWM191122P157,2019-11-19,2019-11-19 09:34:29,0.3,1.0,519,0.29,0.9666,30,0.31,1.0333,1,0.295,0.9833,637,0
IWM191122P157,2019-11-19,2019-11-19 09:34:30,0.3,1.0,412,0.29,0.9666,302,0.31,1.0333,1,0.295,0.9833,637,0
IWM191122P157,2019-11-19,2019-11-19 09:34:30,0.3,1.0,618,0.29,0.9666,30,0.31,1.0333,1,0.295,0.9833,637,0
IWM191122P157,2019-11-19,2019-11-19 09:34:31,0.3,1.0,678,0.29,0.9666,302,0.31,1.0333,1,0.295,0.9833,637,0
IWM191122P157,2019-11-19,2019-11-19 09:34:31,0.3,1.0,412,0.29,0.9666,302,0.31,1.0333,1,0.295,0.9833,637,0
IWM191122P157,2019-11-19,2019-11-19 09:34:32,0.3,1.0,816,0.29,0.9666,270,0.31,1.0333,1,0.295,0.9833,637,0
IWM191122P157,2019-11-19,2019-11-19 09:34:33,0.3,1.0,816,0.29,0.9666,270,0.31,1.0333,1,0.295,0.9833,637,0
IWM191122P157,2019-11-19,2019-11-19 09:34:33,0.3,1.0,816,0.29,0.9666,46,0.31,1.0333,1,0.295,0.9833,637,0
IWM191122P157,2019-11-19,2019-11-19 09:34:34,0.3,1.0,816,0.29,0.9666,36,0.31,1.0333,1,0.295,0.9833,637,0
IWM191122P157,2019-11-19,2019-11-19 09:34:35,0.3,1.0,816,0.29,0.9666,36,0.31,1.0333,1,0.295,0.9833,637,0
IWM191122P157,2019-11-19,2019-11-19 09:34:35,0.3,1.0,816,0.28,0.9333,919,0.31,1.0333,1,0.29,0.9666,637,0
IWM191122P157,2019-11-19,2019-11-19 09:34:36,0.3,1.0,816,0.28,0.9333,787,0.31,1.0333,1,0.29,0.9666,637,0
IWM191122P157,2019-11-19,2019-11-19 09:34:37,0.3,1.0,816,0.29,0.9666,20,0.31,1.0333,1,0.295,0.9833,637,0
IWM191122P157,2019-11-19,2019-11-19 09:34:38,0.3,1.0,816,0.29,0.9666,20,0.31,1.0333,1,0.295,0.9833,637,0
IWM191122P157,2019-11-19,2019-11-19 09:34:39,0.3,1.0,816,0.29,0.9666,20,0.31,1.0333,1,0.295,0.9833,637,0
IWM191122P157,2019-11-19,2019-11-19 09:34:40,0.29,0.9666,75,0.28,0.9333,420,0.31,1.0333,1,0.285,0.95,637,0
IWM191122P157,2019-11-19,2019-11-19 09:34:40,0.3,1.0,900,0.28,0.9333,256,0.31,1.0333,1,0.29,0.9666,637,0
IWM191122P157,2019-11-19,2019-11-19 09:34:41,0.29,0.9666,75,0.28,0.9333,192,0.31,1.0333,1,0.285,0.95,637,0
IWM191122P157,2019-11-19,2019-11-19 09:34:41,0.29,0.9666,75,0.28,0.9333,420,0.31,1.0333,1,0.285,0.95,637,0
IWM191122P157,2019-11-19,2019-11-19 09:34:42,0.29,0.9666,925,0.28,0.9333,293,0.31,1.0333,1,0.285,0.95,637,0
IWM191122P157,2019-11-19,2019-11-19 09:34:42,0.29,0.9666,77,0.28,0.9333,192,0.31,1.0333,1,0.285,0.95,637,0
IWM191122P157,2019-11-19,2019-11-19 09:34:43,0.29,0.9666,925,0.28,0.9333,314,0.28,0.9333,8,0.285,0.95,645,0
IWM191122P157,2019-11-19,2019-11-19 09:34:43,0.29,0.9666,925,0.28,0.9333,293,0.28,0.9333,8,0.285,0.95,645,8
IWM191122P157,2019-11-19,2019-11-19 09:34:44,0.29,0.9666,870,0.28,0.9333,306,0.28,0.9333,8,0.285,0.95,645,0
IWM191122P157,2019-11-19,2019-11-19 09:34:44,0.29,0.9666,925,0.28,0.9333,321,0.28,0.9333,8,0.285,0.95,645,0
IWM191122P157,2019-11-19,2019-11-19 09:34:45,0.29,0.9666,876,0.28,0.9333,312,0.28,0.9333,8,0.285,0.95,645,0
IWM191122P157,2019-11-19,2019-11-19 09:34:45,0.29,0.9666,989,0.28,0.9333,312,0.28,0.9333,8,0.285,0.95,645,0
IWM191122P157,2019-11-19,2019-11-19 09:34:46,0.29,0.9666,329,0.28,0.9333,390,0.28,0.9333,8,0.285,0.95,645,0
IWM191122P157,2019-11-19,2019-11-19 09:34:46,0.29,0.9666,329,0.28,0.9333,312,0.28,0.9333,8,0.285,0.95,645,0
IWM191122P157,2019-11-19,2019-11-19 09:34:47,0.29,0.9666,329,0.28,0.9333,415,0.28,0.9333,8,0.285,0.95,645,0
IWM191122P157,2019-11-19,2019-11-19 09:34:47,0.3,1.0,645,0.28,0.9333,1012,0.28,0.9333,8,0.29,0.9666,645,0
IWM191122P157,2019-11-19,2019-11-19 09:34:48,0.3,1.0,250,0.28,0.9333,1012,0.28,0.9333,8,0.29,0.9666,645,0
IWM191122P157,2019-11-19,2019-11-19 09:34:48,0.3,1.0,371,0.28,0.9333,730,0.28,0.9333,8,0.29,0.9666,645,0
IWM191122P157,2019-11-19,2019-11-19 09:34:49,0.3,1.0,208,0.28,0.9333,1194,0.28,0.9333,8,0.29,0.9666,645,0
IWM191122P157,2019-11-19,2019-11-19 09:34:49,0.3,1.0,383,0.28,0.9333,1194,0.28,0.9333,8,0.29,0.9666,645,0
IWM191122P157,2019-11-19,2019-11-19 09:34:50,0.3,1.0,75,0.29,0.9666,390,0.28,0.9333,8,0.295,0.9833,645,0
IWM191122P157,2019-11-19,2019-11-19 09:34:50,0.31,1.0333,652,0.29,0.9666,417,0.28,0.9333,8,0.3,1.0,645,0
IWM191122P157,2019-11-19,2019-11-19 09:34:51,0.3,1.0,134,0.29,0.9666,343,0.28,0.9333,8,0.295,0.9833,645,0
IWM191122P157,2019-11-19,2019-11-19 09:34:51,0.31,1.0333,652,0.29,0.9666,343,0.28,0.9333,8,0.3,1.0,645,0
IWM191122P157,2019-11-19,2019-11-19 09:34:52,0.3,1.0,406,0.29,0.9666,360,0.28,0.9333,8,0.295,0.9833,645,0
IWM191122P157,2019-11-19,2019-11-19 09:34:52,0.3,1.0,134,0.29,0.9666,360,0.28,0.9333,8,0.295,0.9833,645,0
IWM191122P157,2019-11-19,2019-11-19 09:34:53,0.3,1.0,406,0.29,0.9666,360,0.28,0.9333,8,0.295,0.9833,645,0
IWM191122P157,2019-11-19,2019-11-19 09:34:54,0.3,1.0,484,0.29,0.9666,360,0.28,0.9333,8,0.295,0.9833,645,0
IWM191122P157,2019-11-19,2019-11-19 09:34:54,0.3,1.0,156,0.29,0.9666,360,0.28,0.9333,8,0.295,0.9833,645,0
IWM191122P157,2019-11-19,2019-11-19 09:34:55,0.3,1.0,495,0.29,0.9666,360,0.28,0.9333,8,0.295,0.9833,645,0
IWM191122P157,2019-11-19,2019-11-19 09:34:56,0.3,1.0,569,0.29,0.9666,252,0.28,0.9333,8,0.295,0.9833,645,0
IWM191122P157,2019-11-19,2019-11-19 09:34:56,0.3,1.0,495,0.29,0.9666,350,0.28,0.9333,8,0.295,0.9833,645,0
IWM191122P157,2019-11-19,2019-11-19 09:34:57,0.3,1.0,814,0.29,0.9666,214,0.28,0.9333,8,0.295,0.9833,645,0
IWM191122P157,2019-11-19,2019-11-19 09:34:58,0.3,1.0,557,0.28,0.9333,619,0.28,0.9333,8,0.29,0.9666,645,0
IWM191122P157,2019-11-19,2019-11-19 09:34:58,0.3,1.0,401,0.28,0.9333,523,0.28,0.9333,8,0.29,0.9666,645,0
IWM191122P157,2019-11-19,2019-11-19 09:34:59,0.3,1.0,610,0.28,0.9333,619,0.28,0.9333,8,0.29,0.9666,645,0
IWM191122P157,2019-11-19,2019-11-19 09:34:59,0.3,1.0,557,0.28,0.9333,357,0.28,0.9333,8,0.29,0.9666,645,0
IWM191122P157,2019-11-19,2019-11-19 09:35:00,0.3,1.0,601,0.28,0.9333,969,0.28,0.9333,8,0.29,0.9666,645,0
IWM191122P157,2019-11-19,2019-11-19 09:35:00,0.3,1.0,523,0.28,0.9333,705,0.28,0.9333,8,0.29,0.9666,645,0
IWM191122P157,2019-11-19,2019-11-19 09:35:01,0.3,1.0,1101,0.28,0.9333,638,0.28,0.9333,8,0.29,0.9666,645,0
IWM191122P157,2019-11-19,2019-11-19 09:35:01,0.3,1.0,601,0.28,0.9333,685,0.28,0.9333,8,0.29,0.9666,645,0
IWM191122P157,2019-11-19,2019-11-19 09:35:02,0.3,1.0,948,0.28,0.9333,650,0.28,0.9333,8,0.29,0.9666,645,0
IWM191122P157,2019-11-19,2019-11-19 09:35:03,0.3,1.0,948,0.28,0.9333,560,0.28,0.9333,8,0.29,0.9666,645,0
IWM191122P157,2019-11-19,2019-11-19 09:35:03,0.3,1.0,1044,0.28,0.9333,560,0.28,0.9333,8,0.29,0.9666,645,0
IWM191122P157,2019-11-19,2019-11-19 09:35:04,0.3,1.0,1044,0.28,0.9333,560,0.28,0.9333,8,0.29,0.9666,645,0
IWM191122P157,2019-11-19,2019-11-19 09:35:04,0.3,1.0,1044,0.28,0.9333,544,0.28,0.9333,8,0.29,0.9666,645,0
IWM191122P157,2019-11-19,2019-11-19 09:35:05,0.3,1.0,635,0.28,0.9333,542,0.28,0.9333,8,0.29,0.9666,645,0
IWM191122P157,2019-11-19,2019-11-19 09:35:05,0.3,1.0,683,0.28,0.9333,182,0.28,0.9333,8,0.29,0.9666,645,0
IWM191122P157,2019-11-19,2019-11-19 09:35:06,0.3,1.0,635,0.28,0.9333,542,0.28,0.9333,8,0.29,0.9666,645,0
IWM191122P157,2019-11-19,2019-11-19 09:35:06,0.29,0.9666,86,0.28,0.9333,476,0.28,0.9333,8,0.285,0.95,645,0
IWM191122P157,2019-11-19,2019-11-19 09:35:07,0.29,0.9666,161,0.28,0.9333,365,0.28,0.9333,8,0.285,0.95,645,0
IWM191122P157,2019-11-19,2019-11-19 09:35:08,0.29,0.9666,161,0.28,0.9333,365,0.28,0.9333,8,0.285,0.95,645,0
IWM191122P157,2019-11-19,2019-11-19 09:35:08,0.29,0.9666,86,0.28,0.9333,355,0.28,0.9333,8,0.285,0.95,645,0
IWM191122P157,2019-11-19,2019-11-19 09:35:09,0.29,0.9666,161,0.28,0.9333,365,0.28,0.9333,8,0.285,0.95,645,0
IWM191122P157,2019-11-19,2019-11-19 09:35:10,0.29,0.9666,110,0.28,0.9333,365,0.28,0.9333,8,0.285,0.95,645,0
IWM191122P157,2019-11-19,2019-11-19 09:35:11,0.29,0.9666,102,0.28,0.9333,125,0.28,0.9333,8,0.285,0.95,645,0
IWM191122P157,2019-11-19,2019-11-19 09:35:11,0.29,0.9666,185,0.28,0.9333,365,0.28,0.9333,8,0.285,0.95,645,0
IWM191122P157,2019-11-19,2019-11-19 09:35:12,0.29,0.9666,181,0.28,0.9333,347,0.28,0.9333,8,0.285,0.95,645,0
IWM191122P157,2019-11-19,2019-11-19 09:35:13,0.29,0.9666,181,0.28,0.9333,347,0.28,0.9333,8,0.285,0.95,645,0
IWM191122P157,2019-11-19,2019-11-19 09:35:13,0.29,0.9666,243,0.28,0.9333,347,0.28,0.9333,8,0.285,0.95,645,0
IWM191122P157,2019-11-19,2019-11-19 09:35:14,0.29,0.9666,243,0.28,0.9333,347,0.28,0.9333,8,0.285,0.95,645,0
IWM191122P157,2019-11-19,2019-11-19 09:35:14,0.29,0.9666,618,0.28,0.9333,359,0.28,0.9333,8,0.285,0.95,645,0
IWM191122P157,2019-11-19,2019-11-19 09:35:15,0.29,0.9666,164,0.28,0.9333,359,0.28,0.9333,8,0.285,0.95,645,0
IWM191122P157,2019-11-19,2019-11-19 09:35:16,0.29,0.9666,157,0.28,0.9333,359,0.28,0.9333,8,0.285,0.95,645,0
IWM191122P157,2019-11-19,2019-11-19 09:35:16,0.29,0.9666,500,0.28,0.9333,329,0.28,0.9333,8,0.285,0.95,645,0
IWM191122P157,2019-11-19,2019-11-19 09:35:17,0.29,0.9666,500,0.28,0.9333,329,0.28,0.9333,8,0.285,0.95,645,0
IWM191122P157,2019-11-19,2019-11-19 09:35:17,0.29,0.9666,375,0.28,0.9333,359,0.28,0.9333,8,0.285,0.95,645,0
IWM191122P157,2019-11-19,2019-11-19 09:35:18,0.29,0.9666,536,0.28,0.9333,359,0.28,0.9333,8,0.285,0.95,645,0
IWM191122P157,2019-11-19,2019-11-19 09:35:19,0.29,0.9666,623,0.28,0.9333,349,0.28,0.9333,8,0.285,0.95,645,0
IWM191122P157,2019-11-19,2019-11-19 09:35:19,0.29,0.9666,623,0.28,0.9333,359,0.28,0.9333,8,0.285,0.95,645,0
IWM191122P157,2019-11-19,2019-11-19 09:35:20,0.29,0.9666,386,0.28,0.9333,359,0.28,0.9333,8,0.285,0.95,645,0
IWM191122P157,2019-11-19,2019-11-19 09:35:21,0.29,0.9666,343,0.28,0.9333,349,0.28,0.9333,8,0.285,0.95,645,0
IWM191122P157,2019-11-19,2019-11-19 09:35:21,0.29,0.9666,621,0.28,0.9333,329,0.28,0.9333,8,0.285,0.95,645,0
IWM191122P157,2019-11-19,2019-11-19 09:35:22,0.29,0.9666,612,0.28,0.9333,10,0.28,0.9333,8,0.285,0.95,645,0
IWM191122P157,2019-11-19,2019-11-19 09:35:22,0.29,0.9666,612,0.28,0.9333,20,0.28,0.9333,8,0.285,0.95,645,0
IWM191122P157,2019-11-19,2019-11-19 09:35:23,0.29,0.9666,875,0.28,0.9333,20,0.28,0.9333,8,0.285,0.95,645,0
IWM191122P157,2019-11-19,2019-11-19 09:35:24,0.29,0.9666,875,0.28,0.9333,20,0.28,0.9333,8,0.285,0.95,645,0
IWM191122P157,2019-11-19,2019-11-19 09:35:25,0.29,0.9666,946,0.28,0.9333,20,0.28,0.9333,8,0.285,0.95,645,0
IWM191122P157,2019-11-19,2019-11-19 09:35:26,0.29,0.9666,946,0.28,0.9333,20,0.28,0.9333,8,0.285,0.95,645,0
IWM191122P157,2019-11-19,2019-11-19 09:35:27,0.29,0.9666,946,0.28,0.9333,20,0.28,0.9333,8,0.285,0.95,645,0
IWM191122P157,2019-11-19,2019-11-19 09:35:28,0.29,0.9666,946,0.28,0.9333,20,0.28,0.9333,8,0.285,0.95,645,0
IWM191122P157,2019-11-19,2019-11-19 09:35:29,0.29,0.9666,946,0.28,0.9333,20,0.28,0.9333,8,0.285,0.95,645,0
IWM191122P157,2019-11-19,2019-11-19 09:35:29,0.29,0.9666,424,0.27,0.9,1007,0.28,0.9333,8,0.28,0.9333,645,0
IWM191122P157,2019-11-19,2019-11-19 09:35:30,0.29,0.9666,770,0.27,0.9,1160,0.28,0.9333,8,0.28,0.9333,645,0
IWM191122P157,2019-11-19,2019-11-19 09:35:30,0.29,0.9666,770,0.27,0.9,1410,0.28,0.9333,8,0.28,0.9333,645,0
IWM191122P157,2019-11-19,2019-11-19 09:35:31,0.29,0.9666,770,0.27,0.9,1160,0.28,0.9333,8,0.28,0.9333,645,0
IWM191122P157,2019-11-19,2019-11-19 09:35:32,0.29,0.9666,770,0.27,0.9,1160,0.28,0.9333,8,0.28,0.9333,645,0
IWM191122P157,2019-11-19,2019-11-19 09:35:33,0.29,0.9666,770,0.27,0.9,1160,0.28,0.9333,8,0.28,0.9333,645,0
IWM191122P157,2019-11-19,2019-11-19 09:35:34,0.29,0.9666,869,0.27,0.9,910,0.28,0.9333,8,0.28,0.9333,645,0
IWM191122P157,2019-11-19,2019-11-19 09:35:34,0.29,0.9666,869,0.27,0.9,880,0.28,0.9333,8,0.28,0.9333,645,0
IWM191122P157,2019-11-19,2019-11-19 09:35:35,0.29,0.9666,588,0.28,0.9333,9,0.28,0.9333,8,0.285,0.95,645,0
IWM191122P157,2019-11-19,2019-11-19 09:35:35,0.29,0.9666,869,0.27,0.9,1013,0.28,0.9333,8,0.28,0.9333,645,0
IWM191122P157,2019-11-19,2019-11-19 09:35:36,0.29,0.9666,588,0.28,0.9333,9,0.28,0.9333,8,0.285,0.95,645,0
IWM191122P157,2019-11-19,2019-11-19 09:35:37,0.29,0.9666,663,0.28,0.9333,9,0.28,0.9333,8,0.285,0.95,645,0
IWM191122P157,2019-11-19,2019-11-19 09:35:37,0.29,0.9666,397,0.28,0.9333,9,0.28,0.9333,8,0.285,0.95,645,0
IWM191122P157,2019-11-19,2019-11-19 09:35:38,0.29,0.9666,663,0.28,0.9333,9,0.28,0.9333,8,0.285,0.95,645,0
IWM191122P157,2019-11-19,2019-11-19 09:35:39,0.29,0.9666,274,0.28,0.9333,80,0.28,0.9333,8,0.285,0.95,645,0
IWM191122P157,2019-11-19,2019-11-19 09:35:39,0.29,0.9666,375,0.28,0.9333,23,0.28,0.9333,8,0.285,0.95,645,0
IWM191122P157,2019-11-19,2019-11-19 09:35:40,0.29,0.9666,370,0.28,0.9333,94,0.28,0.9333,8,0.285,0.95,645,0
IWM191122P157,2019-11-19,2019-11-19 09:35:40,0.29,0.9666,105,0.28,0.9333,258,0.28,0.9333,8,0.285,0.95,645,0
IWM191122P157,2019-11-19,2019-11-19 09:35:41,0.29,0.9666,133,0.28,0.9333,258,0.28,0.9333,8,0.285,0.95,645,0
IWM191122P157,2019-11-19,2019-11-19 09:35:41,0.29,0.9666,447,0.28,0.9333,258,0.28,0.9333,8,0.285,0.95,645,0
IWM191122P157,2019-11-19,2019-11-19 09:35:42,0.29,0.9666,109,0.28,0.9333,258,0.28,0.9333,8,0.285,0.95,645,0
IWM191122P157,2019-11-19,2019-11-19 09:35:43,0.29,0.9666,109,0.28,0.9333,258,0.28,0.9333,8,0.285,0.95,645,0
IWM191122P157,2019-11-19,2019-11-19 09:35:43,0.29,0.9666,402,0.28,0.9333,264,0.28,0.9333,8,0.285,0.95,645,0
IWM191122P157,2019-11-19,2019-11-19 09:35:44,0.3,1.0,752,0.28,0.9333,826,0.28,0.9333,8,0.29,0.9666,645,0
IWM191122P157,2019-11-19,2019-11-19 09:35:44,0.3,1.0,449,0.28,0.9333,603,0.28,0.9333,8,0.29,0.9666,645,0
IWM191122P157,2019-11-19,2019-11-19 09:35:45,0.3,1.0,791,0.28,0.9333,898,0.28,0.9333,8,0.29,0.9666,645,0
IWM191122P157,2019-11-19,2019-11-19 09:35:45,0.3,1.0,752,0.28,0.9333,826,0.28,0.9333,8,0.29,0.9666,645,0
IWM191122P157,2019-11-19,2019-11-19 09:35:46,0.3,1.0,791,0.28,0.9333,898,0.28,0.9333,8,0.29,0.9666,645,0
IWM191122P157,2019-11-19,2019-11-19 09:35:47,0.3,1.0,791,0.28,0.9333,898,0.28,0.9333,8,0.29,0.9666,645,0
IWM191122P157,2019-11-19,2019-11-19 09:35:48,0.3,1.0,791,0.28,0.9333,924,0.28,0.9333,8,0.29,0.9666,645,0
IWM191122P157,2019-11-19,2019-11-19 09:35:48,0.3,1.0,791,0.28,0.9333,898,0.28,0.9333,8,0.29,0.9666,645,0
IWM191122P157,2019-11-19,2019-11-19 09:35:49,0.3,1.0,791,0.28,0.9333,924,0.28,0.9333,8,0.29,0.9666,645,0
IWM191122P157,2019-11-19,2019-11-19 09:35:50,0.3,1.0,708,0.28,0.9333,663,0.28,0.9333,8,0.29,0.9666,645,0
IWM191122P157,2019-11-19,2019-11-19 09:35:51,0.29,0.9666,76,0.28,0.9333,663,0.28,0.9333,8,0.285,0.95,645,0
IWM191122P157,2019-11-19,2019-11-19 09:35:51,0.29,0.9666,70,0.28,0.9333,663,0.29,0.9666,2,0.285,0.95,647,2
IWM191122P157,2019-11-19,2019-11-19 09:35:52,0.29,0.9666,190,0.28,0.9333,30,0.29,0.9666,2,0.285,0.95,647,0
IWM191122P157,2019-11-19,2019-11-19 09:35:52,0.29,0.9666,530,0.28,0.9333,292,0.29,0.9666,2,0.285,0.95,647,0
IWM191122P157,2019-11-19,2019-11-19 09:35:53,0.29,0.9666,326,0.28,0.9333,30,0.29,0.9666,2,0.285,0.95,647,0
IWM191122P157,2019-11-19,2019-11-19 09:35:53,0.29,0.9666,501,0.28,0.9333,304,0.29,0.9666,2,0.285,0.95,647,0
IWM191122P157,2019-11-19,2019-11-19 09:35:54,0.29,0.9666,501,0.28,0.9333,314,0.29,0.9666,2,0.285,0.95,647,0
IWM191122P157,2019-11-19,2019-11-19 09:35:54,0.29,0.9666,173,0.28,0.9333,314,0.29,0.9666,2,0.285,0.95,647,0
IWM191122P157,2019-11-19,2019-11-19 09:35:55,0.29,0.9666,352,0.28,0.9333,314,0.29,0.9666,2,0.285,0.95,647,0
IWM191122P157,2019-11-19,2019-11-19 09:35:55,0.29,0.9666,637,0.28,0.9333,314,0.29,0.9666,2,0.285,0.95,647,0
IWM191122P157,2019-11-19,2019-11-19 09:35:56,0.29,0.9666,907,0.28,0.9333,314,0.29,0.9666,2,0.285,0.95,647,0
IWM191122P157,2019-11-19,2019-11-19 09:35:57,0.29,0.9666,651,0.28,0.9333,314,0.29,0.9666,2,0.285,0.95,647,0
IWM191122P157,2019-11-19,2019-11-19 09:35:57,0.29,0.9666,651,0.28,0.9333,46,0.29,0.9666,2,0.285,0.95,647,0
IWM191122P157,2019-11-19,2019-11-19 09:35:58,0.29,0.9666,874,0.28,0.9333,129,0.29,0.9666,2,0.285,0.95,647,0
IWM191122P157,2019-11-19,2019-11-19 09:35:58,0.29,0.9666,675,0.28,0.9333,40,0.29,0.9666,2,0.285,0.95,647,0
IWM191122P157,2019-11-19,2019-11-19 09:35:59,0.29,0.9666,872,0.28,0.9333,41,0.29,0.9666,2,0.285,0.95,647,0
IWM191122P157,2019-11-19,2019-11-19 09:35:59,0.29,0.9666,649,0.28,0.9333,20,0.29,0.9666,2,0.285,0.95,647,0
IWM191122P157,2019-11-19,2019-11-19 09:36:00,0.29,0.9666,649,0.28,0.9333,20,0.29,0.9666,2,0.285,0.95,647,0
IWM191122P157,2019-11-19,2019-11-19 09:36:00,0.29,0.9666,974,0.27,0.9,842,0.29,0.9666,2,0.28,0.9333,647,0
IWM191122P157,2019-11-19,2019-11-19 09:36:01,0.29,0.9666,974,0.27,0.9,968,0.29,0.9666,2,0.28,0.9333,647,0
IWM191122P157,2019-11-19,2019-11-19 09:36:02,0.29,0.9666,748,0.28,0.9333,23,0.29,0.9666,2,0.285,0.95,647,0
IWM191122P157,2019-11-19,2019-11-19 09:36:02,0.29,0.9666,748,0.28,0.9333,25,0.29,0.9666,2,0.285,0.95,647,0
IWM191122P157,2019-11-19,2019-11-19 09:36:03,0.29,0.9666,940,0.28,0.9333,25,0.29,0.9666,2,0.285,0.95,647,0
IWM191122P157,2019-11-19,2019-11-19 09:36:03,0.29,0.9666,940,0.27,0.9,810,0.29,0.9666,2,0.28,0.9333,647,0
IWM191122P157,2019-11-19,2019-11-19 09:36:04,0.29,0.9666,940,0.27,0.9,917,0.29,0.9666,2,0.28,0.9333,647,0
IWM191122P157,2019-11-19,2019-11-19 09:36:05,0.29,0.9666,940,0.27,0.9,917,0.29,0.9666,2,0.28,0.9333,647,0
IWM191122P157,2019-11-19,2019-11-19 09:36:06,0.29,0.9666,940,0.27,0.9,917,0.29,0.9666,2,0.28,0.9333,647,0
IWM191122P157,2019-11-19,2019-11-19 09:36:07,0.29,0.9666,940,0.27,0.9,687,0.29,0.9666,2,0.28,0.9333,647,0
IWM191122P157,2019-11-19,2019-11-19 09:36:08,0.29,0.9666,940,0.27,0.9,687,0.29,0.9666,2,0.28,0.9333,647,0
IWM191122P157,2019-11-19,2019-11-19 09:36:09,0.29,0.9666,1048,0.27,0.9,858,0.29,0.9666,2,0.28,0.9333,647,0
IWM191122P157,2019-11-19,2019-11-19 09:36:10,0.29,0.9666,1048,0.27,0.9,689,0.29,0.9666,2,0.28,0.9333,647,0
IWM191122P157,2019-11-19,2019-11-19 09:36:10,0.29,0.9666,1048,0.27,0.9,847,0.29,0.9666,2,0.28,0.9333,647,0
IWM191122P157,2019-11-19,2019-11-19 09:36:11,0.29,0.9666,648,0.27,0.9,532,0.29,0.9666,2,0.28,0.9333,647,0
IWM191122P157,2019-11-19,2019-11-19 09:36:11,0.29,0.9666,726,0.27,0.9,494,0.29,0.9666,2,0.28,0.9333,647,0
IWM191122P157,2019-11-19,2019-11-19 09:36:12,0.28,0.9333,102,0.27,0.9,364,0.29,0.9666,2,0.275,0.9166,647,0
IWM191122P157,2019-11-19,2019-11-19 09:36:12,0.29,0.9666,726,0.27,0.9,421,0.29,0.9666,2,0.28,0.9333,647,0
IWM191122P157,2019-11-19,2019-11-19 09:36:13,0.28,0.9333,78,0.27,0.9,369,0.29,0.9666,2,0.275,0.9166,647,0
IWM191122P157,2019-11-19,2019-11-19 09:36:13,0.28,0.9333,78,0.27,0.9,368,0.29,0.9666,2,0.275,0.9166,647,0
IWM191122P157,2019-11-19,2019-11-19 09:36:14,0.28,0.9333,102,0.27,0.9,369,0.29,0.9666,2,0.275,0.9166,647,0
IWM191122P157,2019-11-19,2019-11-19 09:36:15,0.28,0.9333,102,0.27,0.9,368,0.29,0.9666,2,0.275,0.9166,647,0
IWM191122P157,2019-11-19,2019-11-19 09:36:16,0.28,0.9333,102,0.27,0.9,368,0.29,0.9666,2,0.275,0.9166,647,0
IWM191122P157,2019-11-19,2019-11-19 09:36:17,0.28,0.9333,106,0.27,0.9,423,0.29,0.9666,2,0.275,0.9166,647,0
IWM191122P157,2019-11-19,2019-11-19 09:36:17,0.28,0.9333,102,0.27,0.9,368,0.29,0.9666,2,0.275,0.9166,647,0
IWM191122P157,2019-11-19,2019-11-19 09:36:18,0.28,0.9333,106,0.27,0.9,423,0.29,0.9666,2,0.275,0.9166,647,0
IWM191122P157,2019-11-19,2019-11-19 09:36:18,0.28,0.9333,106,0.27,0.9,395,0.29,0.9666,2,0.275,0.9166,647,0
IWM191122P157,2019-11-19,2019-11-19 09:36:19,0.28,0.9333,106,0.27,0.9,368,0.29,0.9666,2,0.275,0.9166,647,0
IWM191122P157,2019-11-19,2019-11-19 09:36:20,0.28,0.9333,106,0.27,0.9,434,0.29,0.9666,2,0.275,0.9166,647,0
IWM191122P157,2019-11-19,2019-11-19 09:36:21,0.28,0.9333,106,0.27,0.9,434,0.29,0.9666,2,0.275,0.9166,647,0
IWM191122P157,2019-11-19,2019-11-19 09:36:22,0.28,0.9333,106,0.27,0.9,637,0.29,0.9666,2,0.275,0.9166,647,0
IWM191122P157,2019-11-19,2019-11-19 09:36:22,0.28,0.9333,106,0.27,0.9,443,0.29,0.9666,2,0.275,0.9166,647,0
IWM191122P157,2019-11-19,2019-11-19 09:36:23,0.28,0.9333,181,0.27,0.9,343,0.29,0.9666,2,0.275,0.9166,647,0
IWM191122P157,2019-11-19,2019-11-19 09:36:23,0.28,0.9333,106,0.27,0.9,443,0.29,0.9666,2,0.275,0.9166,647,0
IWM191122P157,2019-11-19,2019-11-19 09:36:24,0.28,0.9333,181,0.27,0.9,343,0.29,0.9666,2,0.275,0.9166,647,0
IWM191122P157,2019-11-19,2019-11-19 09:36:25,0.28,0.9333,157,0.27,0.9,515,0.29,0.9666,2,0.275,0.9166,647,0
IWM191122P157,2019-11-19,2019-11-19 09:36:25,0.28,0.9333,82,0.27,0.9,515,0.29,0.9666,2,0.275,0.9166,647,0
IWM191122P157,2019-11-19,2019-11-19 09:36:26,0.28,0.9333,82,0.27,0.9,515,0.29,0.9666,2,0.275,0.9166,647,0
IWM191122P157,2019-11-19,2019-11-19 09:36:26,0.28,0.9333,106,0.27,0.9,515,0.29,0.9666,2,0.275,0.9166,647,0
IWM191122P157,2019-11-19,2019-11-19 09:36:27,0.28,0.9333,106,0.27,0.9,515,0.29,0.9666,2,0.275,0.9166,647,0
IWM191122P157,2019-11-19,2019-11-19 09:36:27,0.28,0.9333,106,0.27,0.9,765,0.29,0.9666,2,0.275,0.9166,647,0
IWM191122P157,2019-11-19,2019-11-19 09:36:28,0.28,0.9333,106,0.27,0.9,765,0.29,0.9666,2,0.275,0.9166,647,0
IWM191122P157,2019-11-19,2019-11-19 09:36:29,0.28,0.9333,106,0.27,0.9,765,0.29,0.9666,2,0.275,0.9166,647,0
IWM191122P157,2019-11-19,2019-11-19 09:36:30,0.28,0.9333,106,0.27,0.9,515,0.29,0.9666,2,0.275,0.9166,647,0
IWM191122P157,2019-11-19,2019-11-19 09:36:31,0.28,0.9333,106,0.27,0.9,515,0.29,0.9666,2,0.275,0.9166,647,0
IWM191122P157,2019-11-19,2019-11-19 09:36:32,0.28,0.9333,432,0.27,0.9,515,0.29,0.9666,2,0.275,0.9166,647,0
IWM191122P157,2019-11-19,2019-11-19 09:36:32,0.28,0.9333,181,0.27,0.9,515,0.29,0.9666,2,0.275,0.9166,647,0
IWM191122P157,2019-11-19,2019-11-19 09:36:33,0.28,0.9333,94,0.27,0.9,515,0.29,0.9666,2,0.275,0.9166,647,0
IWM191122P157,2019-11-19,2019-11-19 09:36:34,0.28,0.9333,305,0.27,0.9,515,0.29,0.9666,2,0.275,0.9166,647,0
IWM191122P157,2019-11-19,2019-11-19 09:36:34,0.28,0.9333,181,0.27,0.9,515,0.29,0.9666,2,0.275,0.9166,647,0
IWM191122P157,2019-11-19,2019-11-19 09:36:35,0.28,0.9333,305,0.27,0.9,515,0.29,0.9666,2,0.275,0.9166,647,0
IWM191122P157,2019-11-19,2019-11-19 09:36:35,0.28,0.9333,555,0.27,0.9,515,0.29,0.9666,2,0.275,0.9166,647,0
IWM191122P157,2019-11-19,2019-11-19 09:36:36,0.28,0.9333,305,0.27,0.9,515,0.29,0.9666,2,0.275,0.9166,647,0
IWM191122P157,2019-11-19,2019-11-19 09:36:37,0.28,0.9333,384,0.27,0.9,107,0.29,0.9666,2,0.275,0.9166,647,0
IWM191122P157,2019-11-19,2019-11-19 09:36:37,0.28,0.9333,834,0.27,0.9,20,0.29,0.9666,2,0.275,0.9166,647,0
IWM191122P157,2019-11-19,2019-11-19 09:36:38,0.28,0.9333,834,0.27,0.9,20,0.29,0.9666,2,0.275,0.9166,647,0
IWM191122P157,2019-11-19,2019-11-19 09:36:39,0.28,0.9333,834,0.27,0.9,20,0.29,0.9666,2,0.275,0.9166,647,0
IWM191122P157,2019-11-19,2019-11-19 09:36:40,0.28,0.9333,834,0.27,0.9,30,0.29,0.9666,2,0.275,0.9166,647,0
IWM191122P157,2019-11-19,2019-11-19 09:36:41,0.28,0.9333,834,0.27,0.9,30,0.29,0.9666,2,0.275,0.9166,647,0
IWM191122P157,2019-11-19,2019-11-19 09:36:42,0.28,0.9333,834,0.27,0.9,30,0.29,0.9666,2,0.275,0.9166,647,0
IWM191122P157,2019-11-19,2019-11-19 09:36:43,0.28,0.9333,834,0.27,0.9,30,0.29,0.9666,2,0.275,0.9166,647,0
IWM191122P157,2019-11-19,2019-11-19 09:36:44,0.28,0.9333,834,0.27,0.9,30,0.29,0.9666,2,0.275,0.9166,647,0
IWM191122P157,2019-11-19,2019-11-19 09:36:45,0.28,0.9333,834,0.27,0.9,30,0.29,0.9666,2,0.275,0.9166,647,0
IWM191122P157,2019-11-19,2019-11-19 09:36:46,0.28,0.9333,834,0.27,0.9,30,0.29,0.9666,2,0.275,0.9166,647,0
IWM191122P157,2019-11-19,2019-11-19 09:36:47,0.28,0.9333,829,0.27,0.9,256,0.29,0.9666,2,0.275,0.9166,647,0
IWM191122P157,2019-11-19,2019-11-19 09:36:47,0.28,0.9333,829,0.27,0.9,131,0.29,0.9666,2,0.275,0.9166,647,0
IWM191122P157,2019-11-19,2019-11-19 09:36:48,0.28,0.9333,829,0.27,0.9,273,0.29,0.9666,2,0.275,0.9166,647,0
IWM191122P157,2019-11-19,2019-11-19 09:36:48,0.28,0.9333,829,0.27,0.9,256,0.29,0.9666,2,0.275,0.9166,647,0
IWM191122P157,2019-11-19,2019-11-19 09:36:49,0.28,0.9333,78,0.27,0.9,426,0.29,0.9666,2,0.275,0.9166,647,0
IWM191122P157,2019-11-19,2019-11-19 09:36:50,0.28,0.9333,78,0.27,0.9,426,0.29,0.9666,2,0.275,0.9166,647,0
IWM191122P157,2019-11-19,2019-11-19 09:36:50,0.28,0.9333,78,0.27,0.9,511,0.29,0.9666,2,0.275,0.9166,647,0
IWM191122P157,2019-11-19,2019-11-19 09:36:51,0.28,0.9333,79,0.27,0.9,316,0.29,0.9666,2,0.275,0.9166,647,0
IWM191122P157,2019-11-19,2019-11-19 09:36:51,0.28,0.9333,78,0.27,0.9,511,0.29,0.9666,2,0.275,0.9166,647,0
IWM191122P157,2019-11-19,2019-11-19 09:36:52,0.28,0.9333,79,0.27,0.9,316,0.29,0.9666,2,0.275,0.9166,647,0
IWM191122P157,2019-11-19,2019-11-19 09:36:53,0.28,0.9333,78,0.27,0.9,443,0.29,0.9666,2,0.275,0.9166,647,0
IWM191122P157,2019-11-19,2019-11-19 09:36:53,0.28,0.9333,78,0.27,0.9,479,0.29,0.9666,2,0.275,0.9166,647,0
IWM191122P157,2019-11-19,2019-11-19 09:36:54,0.28,0.9333,78,0.27,0.9,659,0.29,0.9666,2,0.275,0.9166,647,0
IWM191122P157,2019-11-19,2019-11-19 09:36:54,0.28,0.9333,78,0.27,0.9,773,0.29,0.9666,2,0.275,0.9166,647,0
IWM191122P157,2019-11-19,2019-11-19 09:36:55,0.28,0.9333,78,0.27,0.9,773,0.29,0.9666,2,0.275,0.9166,647,0
IWM191122P157,2019-11-19,2019-11-19 09:36:55,0.28,0.9333,78,0.27,0.9,659,0.29,0.9666,2,0.275,0.9166,647,0
IWM191122P157,2019-11-19,2019-11-19 09:36:56,0.28,0.9333,78,0.27,0.9,773,0.29,0.9666,2,0.275,0.9166,647,0
IWM191122P157,2019-11-19,2019-11-19 09:36:56,0.29,0.9666,510,0.27,0.9,816,0.29,0.9666,2,0.28,0.9333,647,0
IWM191122P157,2019-11-19,2019-11-19 09:36:57,0.29,0.9666,510,0.27,0.9,816,0.29,0.9666,2,0.28,0.9333,647,0
IWM191122P157,2019-11-19,2019-11-19 09:36:58,0.29,0.9666,741,0.27,0.9,827,0.29,0.9666,2,0.28,0.9333,647,0
IWM191122P157,2019-11-19,2019-11-19 09:36:58,0.29,0.9666,270,0.28,0.9333,30,0.29,0.9666,2,0.285,0.95,647,0
IWM191122P157,2019-11-19,2019-11-19 09:36:59,0.29,0.9666,255,0.28,0.9333,40,0.29,0.9666,2,0.285,0.95,647,0
IWM191122P157,2019-11-19,2019-11-19 09:36:59,0.29,0.9666,132,0.28,0.9333,40,0.29,0.9666,2,0.285,0.95,647,0
IWM191122P157,2019-11-19,2019-11-19 09:37:00,0.29,0.9666,255,0.28,0.9333,238,0.29,0.9666,2,0.285,0.95,647,0
IWM191122P157,2019-11-19,2019-11-19 09:37:00,0.29,0.9666,255,0.28,0.9333,69,0.29,0.9666,2,0.285,0.95,647,0
IWM191122P157,2019-11-19,2019-11-19 09:37:01,0.29,0.9666,770,0.28,0.9333,40,0.29,0.9666,2,0.285,0.95,647,0
IWM191122P157,2019-11-19,2019-11-19 09:37:02,0.29,0.9666,77,0.28,0.9333,233,0.29,0.9666,2,0.285,0.95,647,0
IWM191122P157,2019-11-19,2019-11-19 09:37:02,0.29,0.9666,770,0.28,0.9333,96,0.29,0.9666,2,0.285,0.95,647,0
IWM191122P157,2019-11-19,2019-11-19 09:37:03,0.29,0.9666,516,0.28,0.9333,170,0.29,0.9666,2,0.285,0.95,647,0
IWM191122P157,2019-11-19,2019-11-19 09:37:03,0.29,0.9666,348,0.28,0.9333,140,0.29,0.9666,2,0.285,0.95,647,0
IWM191122P157,2019-11-19,2019-11-19 09:37:04,0.29,0.9666,75,0.28,0.9333,166,0.29,0.9666,2,0.285,0.95,647,0
IWM191122P157,2019-11-19,2019-11-19 09:37:04,0.29,0.9666,260,0.28,0.9333,314,0.29,0.9666,2,0.285,0.95,647,0
IWM191122P157,2019-11-19,2019-11-19 09:37:05,0.29,0.9666,14,0.28,0.9333,179,0.29,0.9666,2,0.285,0.95,647,0
IWM191122P157,2019-11-19,2019-11-19 09:37:05,0.29,0.9666,77,0.28,0.9333,169,0.29,0.9666,2,0.285,0.95,647,0
IWM191122P157,2019-11-19,2019-11-19 09:37:06,0.29,0.9666,77,0.28,0.9333,302,0.29,0.9666,2,0.285,0.95,647,0
IWM191122P157,2019-11-19,2019-11-19 09:37:07,0.29,0.9666,476,0.28,0.9333,158,0.29,0.9666,2,0.285,0.95,647,0
IWM191122P157,2019-11-19,2019-11-19 09:37:07,0.29,0.9666,513,0.28,0.9333,169,0.29,0.9666,2,0.285,0.95,647,0
IWM191122P157,2019-11-19,2019-11-19 09:37:08,0.29,0.9666,476,0.28,0.9333,176,0.29,0.9666,2,0.285,0.95,647,0
IWM191122P157,2019-11-19,2019-11-19 09:37:08,0.29,0.9666,52,0.28,0.9333,176,0.29,0.9666,2,0.285,0.95,647,0
IWM191122P157,2019-11-19,2019-11-19 09:37:09,0.29,0.9666,47,0.28,0.9333,290,0.29,0.9666,2,0.285,0.95,647,0
IWM191122P157,2019-11-19,2019-11-19 09:37:09,0.29,0.9666,75,0.28,0.9333,295,0.29,0.9666,2,0.285,0.95,647,0
IWM191122P157,2019-11-19,2019-11-19 09:37:10,0.29,0.9666,1,0.28,0.9333,619,0.29,0.9666,2,0.285,0.95,647,0
IWM191122P157,2019-11-19,2019-11-19 09:37:10,0.29,0.9666,14,0.28,0.9333,619,0.29,0.9666,2,0.285,0.95,647,0
IWM191122P157,2019-11-19,2019-11-19 09:37:11,0.29,0.9666,1,0.28,0.9333,746,0.29,0.9666,2,0.285,0.95,647,0
IWM191122P157,2019-11-19,2019-11-19 09:37:11,0.29,0.9666,1,0.28,0.9333,563,0.29,0.9666,2,0.285,0.95,647,0
IWM191122P157,2019-11-19,2019-11-19 09:37:12,0.29,0.9666,1,0.28,0.9333,746,0.29,0.9666,2,0.285,0.95,647,0
IWM191122P157,2019-11-19,2019-11-19 09:37:13,0.3,1.0,612,0.28,0.9333,864,0.29,0.9666,2,0.29,0.9666,647,0
IWM191122P157,2019-11-19,2019-11-19 09:37:13,0.3,1.0,876,0.28,0.9333,917,0.29,0.9666,2,0.29,0.9666,647,0
IWM191122P157,2019-11-19,2019-11-19 09:37:14,0.3,1.0,876,0.28,0.9333,917,0.29,0.9666,2,0.29,0.9666,647,0
IWM191122P157,2019-11-19,2019-11-19 09:37:15,0.3,1.0,838,0.28,0.9333,864,0.29,0.9666,2,0.29,0.9666,647,0
IWM191122P157,2019-11-19,2019-11-19 09:37:15,0.3,1.0,808,0.28,0.9333,879,0.29,0.9666,2,0.29,0.9666,647,0
IWM191122P157,2019-11-19,2019-11-19 09:37:16,0.3,1.0,133,0.28,0.9333,1134,0.29,0.9666,2,0.29,0.9666,647,0
IWM191122P157,2019-11-19,2019-11-19 09:37:17,0.3,1.0,75,0.28,0.9333,1134,0.29,0.9666,2,0.29,0.9666,647,0
IWM191122P157,2019-11-19,2019-11-19 09:37:17,0.3,1.0,264,0.29,0.9666,195,0.29,0.9666,2,0.295,0.9833,647,0
IWM191122P157,2019-11-19,2019-11-19 09:37:18,0.3,1.0,88,0.29,0.9666,69,0.29,0.9666,2,0.295,0.9833,647,0
IWM191122P157,2019-11-19,2019-11-19 09:37:18,0.3,1.0,84,0.29,0.9666,69,0.29,0.9666,2,0.295,0.9833,647,0
IWM191122P157,2019-11-19,2019-11-19 09:37:19,0.3,1.0,21,0.29,0.9666,138,0.29,0.9666,2,0.295,0.9833,647,0
IWM191122P157,2019-11-19,2019-11-19 09:37:19,0.3,1.0,21,0.29,0.9666,285,0.29,0.9666,2,0.295,0.9833,647,0
IWM191122P157,2019-11-19,2019-11-19 09:37:20,0.3,1.0,77,0.29,0.9666,135,0.29,0.9666,2,0.295,0.9833,647,0
IWM191122P157,2019-11-19,2019-11-19 09:37:20,0.3,1.0,260,0.29,0.9666,135,0.29,0.9666,2,0.295,0.9833,647,0
IWM191122P157,2019-11-19,2019-11-19 09:37:21,0.3,1.0,186,0.29,0.9666,69,0.29,0.9666,2,0.295,0.9833,647,0
IWM191122P157,2019-11-19,2019-11-19 09:37:21,0.3,1.0,260,0.29,0.9666,69,0.29,0.9666,2,0.295,0.9833,647,0
IWM191122P157,2019-11-19,2019-11-19 09:37:22,0.3,1.0,599,0.29,0.9666,81,0.29,0.9666,2,0.295,0.9833,647,0
IWM191122P157,2019-11-19,2019-11-19 09:37:22,0.3,1.0,510,0.29,0.9666,69,0.29,0.9666,2,0.295,0.9833,647,0
IWM191122P157,2019-11-19,2019-11-19 09:37:23,0.3,1.0,854,0.29,0.9666,81,0.29,0.9666,2,0.295,0.9833,647,0
IWM191122P157,2019-11-19,2019-11-19 09:37:24,0.3,1.0,214,0.29,0.9666,317,0.29,0.9666,2,0.295,0.9833,647,0
IWM191122P157,2019-11-19,2019-11-19 09:37:24,0.3,1.0,214,0.29,0.9666,349,0.29,0.9666,2,0.295,0.9833,647,0
IWM191122P157,2019-11-19,2019-11-19 09:37:25,0.3,1.0,21,0.29,0.9666,503,0.29,0.9666,2,0.295,0.9833,647,0
IWM191122P157,2019-11-19,2019-11-19 09:37:25,0.3,1.0,20,0.29,0.9666,738,0.29,0.9666,2,0.295,0.9833,647,0
IWM191122P157,2019-11-19,2019-11-19 09:37:26,0.3,1.0,20,0.29,0.9666,655,0.29,0.9666,2,0.295,0.9833,647,0
IWM191122P157,2019-11-19,2019-11-19 09:37:27,0.3,1.0,21,0.29,0.9666,418,0.29,0.9666,2,0.295,0.9833,647,0
IWM191122P157,2019-11-19,2019-11-19 09:37:27,0.3,1.0,21,0.29,0.9666,197,0.29,0.9666,2,0.295,0.9833,647,0
IWM191122P157,2019-11-19,2019-11-19 09:37:28,0.3,1.0,381,0.29,0.9666,216,0.29,0.9666,2,0.295,0.9833,647,0
IWM191122P157,2019-11-19,2019-11-19 09:37:28,0.3,1.0,504,0.29,0.9666,132,0.29,0.9666,2,0.295,0.9833,647,0
IWM191122P157,2019-11-19,2019-11-19 09:37:29,0.3,1.0,400,0.29,0.9666,98,0.29,0.9666,2,0.295,0.9833,647,0
IWM191122P157,2019-11-19,2019-11-19 09:37:30,0.3,1.0,400,0.29,0.9666,85,0.29,0.9666,2,0.295,0.9833,647,0
IWM191122P157,2019-11-19,2019-11-19 09:37:30,0.3,1.0,400,0.29,0.9666,98,0.29,0.9666,2,0.295,0.9833,647,0
IWM191122P157,2019-11-19,2019-11-19 09:37:31,0.3,1.0,21,0.29,0.9666,385,0.29,0.9666,2,0.295,0.9833,647,0
IWM191122P157,2019-11-19,2019-11-19 09:37:31,0.3,1.0,400,0.29,0.9666,98,0.29,0.9666,2,0.295,0.9833,647,0
IWM191122P157,2019-11-19,2019-11-19 09:37:32,0.3,1.0,21,0.29,0.9666,509,0.29,0.9666,2,0.295,0.9833,647,0
IWM191122P157,2019-11-19,2019-11-19 09:37:33,0.3,1.0,21,0.29,0.9666,696,0.29,0.9666,2,0.295,0.9833,647,0
IWM191122P157,2019-11-19,2019-11-19 09:37:34,0.3,1.0,21,0.29,0.9666,722,0.29,0.9666,2,0.295,0.9833,647,0
IWM191122P157,2019-11-19,2019-11-19 09:37:35,0.3,1.0,20,0.29,0.9666,440,0.29,0.9666,2,0.295,0.9833,647,0
IWM191122P157,2019-11-19,2019-11-19 09:37:35,0.3,1.0,20,0.29,0.9666,472,0.29,0.9666,2,0.295,0.9833,647,0
IWM191122P157,2019-11-19,2019-11-19 09:37:36,0.3,1.0,20,0.29,0.9666,569,0.29,0.9666,2,0.295,0.9833,647,0
IWM191122P157,2019-11-19,2019-11-19 09:37:37,0.3,1.0,21,0.29,0.9666,411,0.29,0.9666,2,0.295,0.9833,647,0
IWM191122P157,2019-11-19,2019-11-19 09:37:37,0.3,1.0,77,0.29,0.9666,569,0.29,0.9666,2,0.295,0.9833,647,0
IWM191122P157,2019-11-19,2019-11-19 09:37:38,0.3,1.0,21,0.29,0.9666,411,0.29,0.9666,2,0.295,0.9833,647,0
IWM191122P157,2019-11-19,2019-11-19 09:37:39,0.3,1.0,26,0.29,0.9666,391,0.29,0.9666,2,0.295,0.9833,647,0
IWM191122P157,2019-11-19,2019-11-19 09:37:39,0.3,1.0,21,0.29,0.9666,411,0.29,0.9666,2,0.295,0.9833,647,0
IWM191122P157,2019-11-19,2019-11-19 09:37:40,0.3,1.0,20,0.29,0.9666,764,0.29,0.9666,2,0.295,0.9833,647,0
IWM191122P157,2019-11-19,2019-11-19 09:37:40,0.3,1.0,26,0.29,0.9666,482,0.29,0.9666,2,0.295,0.9833,647,0
IWM191122P157,2019-11-19,2019-11-19 09:37:41,0.31,1.0333,519,0.29,0.9666,764,0.29,0.9666,2,0.3,1.0,647,0
IWM191122P157,2019-11-19,2019-11-19 09:37:42,0.31,1.0333,448,0.29,0.9666,757,0.29,0.9666,2,0.3,1.0,647,0
IWM191122P157,2019-11-19,2019-11-19 09:37:42,0.31,1.0333,532,0.29,0.9666,869,0.29,0.9666,2,0.3,1.0,647,0
IWM191122P157,2019-11-19,2019-11-19 09:37:43,0.31,1.0333,987,0.29,0.9666,729,0.29,0.9666,2,0.3,1.0,647,0
IWM191122P157,2019-11-19,2019-11-19 09:37:44,0.31,1.0333,535,0.29,0.9666,976,0.29,0.9666,2,0.3,1.0,647,0
IWM191122P157,2019-11-19,2019-11-19 09:37:44,0.31,1.0333,456,0.29,0.9666,929,0.29,0.9666,2,0.3,1.0,647,0
IWM191122P157,2019-11-19,2019-11-19 09:37:45,0.31,1.0333,700,0.29,0.9666,976,0.29,0.9666,2,0.3,1.0,647,0
IWM191122P157,2019-11-19,2019-11-19 09:37:46,0.31,1.0333,700,0.29,0.9666,921,0.29,0.9666,2,0.3,1.0,647,0
IWM191122P157,2019-11-19,2019-11-19 09:37:47,0.31,1.0333,621,0.3,1.0,23,0.29,0.9666,2,0.305,1.0166,647,0
IWM191122P157,2019-11-19,2019-11-19 09:37:47,0.31,1.0333,621,0.3,1.0,140,0.29,0.9666,2,0.305,1.0166,647,0
IWM191122P157,2019-11-19,2019-11-19 09:37:48,0.31,1.0333,714,0.3,1.0,140,0.29,0.9666,2,0.305,1.0166,647,0
IWM191122P157,2019-11-19,2019-11-19 09:37:49,0.31,1.0333,714,0.3,1.0,140,0.29,0.9666,2,0.305,1.0166,647,0
IWM191122P157,2019-11-19,2019-11-19 09:37:50,0.31,1.0333,714,0.3,1.0,140,0.29,0.9666,2,0.305,1.0166,647,0
IWM191122P157,2019-11-19,2019-11-19 09:37:51,0.31,1.0333,714,0.3,1.0,140,0.29,0.9666,2,0.305,1.0166,647,0
IWM191122P157,2019-11-19,2019-11-19 09:37:52,0.31,1.0333,714,0.3,1.0,140,0.29,0.9666,2,0.305,1.0166,647,0
IWM191122P157,2019-11-19,2019-11-19 09:37:53,0.31,1.0333,789,0.3,1.0,120,0.29,0.9666,2,0.305,1.0166,647,0
IWM191122P157,2019-11-19,2019-11-19 09:37:53,0.31,1.0333,714,0.3,1.0,132,0.29,0.9666,2,0.305,1.0166,647,0
IWM191122P157,2019-11-19,2019-11-19 09:37:54,0.31,1.0333,723,0.3,1.0,120,0.29,0.9666,2,0.305,1.0166,647,0
IWM191122P157,2019-11-19,2019-11-19 09:37:54,0.31,1.0333,723,0.3,1.0,130,0.29,0.9666,2,0.305,1.0166,647,0
IWM191122P157,2019-11-19,2019-11-19 09:37:55,0.31,1.0333,723,0.3,1.0,140,0.29,0.9666,2,0.305,1.0166,647,0
IWM191122P157,2019-11-19,2019-11-19 09:37:55,0.31,1.0333,723,0.3,1.0,130,0.29,0.9666,2,0.305,1.0166,647,0
IWM191122P157,2019-11-19,2019-11-19 09:37:56,0.31,1.0333,723,0.3,1.0,130,0.29,0.9666,2,0.305,1.0166,647,0
IWM191122P157,2019-11-19,2019-11-19 09:37:56,0.31,1.0333,723,0.3,1.0,54,0.29,0.9666,2,0.305,1.0166,647,0
IWM191122P157,2019-11-19,2019-11-19 09:37:57,0.31,1.0333,723,0.3,1.0,50,0.29,0.9666,2,0.305,1.0166,647,0
IWM191122P157,2019-11-19,2019-11-19 09:37:58,0.31,1.0333,723,0.3,1.0,50,0.29,0.9666,2,0.305,1.0166,647,0
IWM191122P157,2019-11-19,2019-11-19 09:37:59,0.31,1.0333,792,0.3,1.0,50,0.29,0.9666,2,0.305,1.0166,647,0
IWM191122P157,2019-11-19,2019-11-19 09:37:59,0.31,1.0333,526,0.3,1.0,64,0.29,0.9666,2,0.305,1.0166,647,0
IWM191122P157,2019-11-19,2019-11-19 09:38:00,0.31,1.0333,378,0.3,1.0,64,0.29,0.9666,2,0.305,1.0166,647,0
IWM191122P157,2019-11-19,2019-11-19 09:38:00,0.31,1.0333,378,0.3,1.0,170,0.29,0.9666,2,0.305,1.0166,647,0
IWM191122P157,2019-11-19,2019-11-19 09:38:01,0.31,1.0333,93,0.3,1.0,451,0.29,0.9666,2,0.305,1.0166,647,0
IWM191122P157,2019-11-19,2019-11-19 09:38:01,0.31,1.0333,378,0.3,1.0,124,0.29,0.9666,2,0.305,1.0166,647,0
IWM191122P157,2019-11-19,2019-11-19 09:38:02,0.31,1.0333,32,0.3,1.0,278,0.29,0.9666,2,0.305,1.0166,647,0
IWM191122P157,2019-11-19,2019-11-19 09:38:02,0.31,1.0333,107,0.3,1.0,227,0.29,0.9666,2,0.305,1.0166,647,0
IWM191122P157,2019-11-19,2019-11-19 09:38:03,0.31,1.0333,393,0.3,1.0,195,0.29,0.9666,2,0.305,1.0166,647,0
IWM191122P157,2019-11-19,2019-11-19 09:38:04,0.31,1.0333,501,0.3,1.0,106,0.29,0.9666,2,0.305,1.0166,647,0
IWM191122P157,2019-11-19,2019-11-19 09:38:04,0.31,1.0333,393,0.3,1.0,106,0.29,0.9666,2,0.305,1.0166,647,0
IWM191122P157,2019-11-19,2019-11-19 09:38:05,0.31,1.0333,653,0.3,1.0,87,0.29,0.9666,2,0.305,1.0166,647,0
IWM191122P157,2019-11-19,2019-11-19 09:38:05,0.31,1.0333,783,0.3,1.0,74,0.29,0.9666,2,0.305,1.0166,647,0
IWM191122P157,2019-11-19,2019-11-19 09:38:06,0.31,1.0333,637,0.3,1.0,74,0.29,0.9666,2,0.305,1.0166,647,0
IWM191122P157,2019-11-19,2019-11-19 09:38:07,0.31,1.0333,732,0.3,1.0,50,0.29,0.9666,2,0.305,1.0166,647,0
IWM191122P157,2019-11-19,2019-11-19 09:38:07,0.31,1.0333,804,0.29,0.9666,124,0.29,0.9666,2,0.3,1.0,647,0
IWM191122P157,2019-11-19,2019-11-19 09:38:08,0.3,1.0,161,0.29,0.9666,351,0.29,0.9666,2,0.295,0.9833,647,0
IWM191122P157,2019-11-19,2019-11-19 09:38:08,0.3,1.0,161,0.29,0.9666,381,0.29,0.9666,2,0.295,0.9833,647,0
IWM191122P157,2019-11-19,2019-11-19 09:38:09,0.3,1.0,100,0.29,0.9666,442,0.29,0.9666,2,0.295,0.9833,647,0
IWM191122P157,2019-11-19,2019-11-19 09:38:09,0.3,1.0,108,0.29,0.9666,480,0.29,0.9666,2,0.295,0.9833,647,0
IWM191122P157,2019-11-19,2019-11-19 09:38:10,0.3,1.0,108,0.29,0.9666,419,0.29,0.9666,2,0.295,0.9833,647,0
IWM191122P157,2019-11-19,2019-11-19 09:38:10,0.3,1.0,404,0.29,0.9666,297,0.29,0.9666,2,0.295,0.9833,647,0
IWM191122P157,2019-11-19,2019-11-19 09:38:11,0.3,1.0,159,0.29,0.9666,339,0.29,0.9666,2,0.295,0.9833,647,0
IWM191122P157,2019-11-19,2019-11-19 09:38:11,0.3,1.0,404,0.29,0.9666,339,0.29,0.9666,2,0.295,0.9833,647,0
IWM191122P157,2019-11-19,2019-11-19 09:38:12,0.3,1.0,17,0.29,0.9666,461,0.29,0.9666,2,0.295,0.9833,647,0
IWM191122P157,2019-11-19,2019-11-19 09:38:13,0.3,1.0,17,0.29,0.9666,461,0.29,0.9666,2,0.295,0.9833,647,0
IWM191122P157,2019-11-19,2019-11-19 09:38:14,0.3,1.0,17,0.29,0.9666,461,0.29,0.9666,2,0.295,0.9833,647,0
IWM191122P157,2019-11-19,2019-11-19 09:38:15,0.3,1.0,17,0.29,0.9666,725,0.29,0.9666,2,0.295,0.9833,647,0
IWM191122P157,2019-11-19,2019-11-19 09:38:15,0.3,1.0,17,0.29,0.9666,461,0.29,0.9666,2,0.295,0.9833,647,0
IWM191122P157,2019-11-19,2019-11-19 09:38:16,0.3,1.0,17,0.29,0.9666,451,0.29,0.9666,2,0.295,0.9833,647,0
IWM191122P157,2019-11-19,2019-11-19 09:38:16,0.3,1.0,17,0.29,0.9666,725,0.29,0.9666,2,0.295,0.9833,647,0
IWM191122P157,2019-11-19,2019-11-19 09:38:17,0.3,1.0,17,0.29,0.9666,461,0.29,0.9666,2,0.295,0.9833,647,0
IWM191122P157,2019-11-19,2019-11-19 09:38:17,0.3,1.0,116,0.29,0.9666,427,0.29,0.9666,2,0.295,0.9833,647,0
IWM191122P157,2019-11-19,2019-11-19 09:38:18,0.3,1.0,19,0.29,0.9666,427,0.29,0.9666,2,0.295,0.9833,647,0
IWM191122P157,2019-11-19,2019-11-19 09:38:19,0.3,1.0,396,0.29,0.9666,335,0.29,0.9666,2,0.295,0.9833,647,0
IWM191122P157,2019-11-19,2019-11-19 09:38:19,0.3,1.0,264,0.29,0.9666,287,0.29,0.9666,2,0.295,0.9833,647,0
IWM191122P157,2019-11-19,2019-11-19 09:38:20,0.3,1.0,264,0.29,0.9666,256,0.29,0.9666,2,0.295,0.9833,647,0
IWM191122P157,2019-11-19,2019-11-19 09:38:20,0.3,1.0,515,0.29,0.9666,335,0.29,0.9666,2,0.295,0.9833,647,0
IWM191122P157,2019-11-19,2019-11-19 09:38:21,0.3,1.0,618,0.29,0.9666,335,0.29,0.9666,2,0.295,0.9833,647,0
IWM191122P157,2019-11-19,2019-11-19 09:38:22,0.3,1.0,613,0.29,0.9666,175,0.29,0.9666,2,0.295,0.9833,647,0
IWM191122P157,2019-11-19,2019-11-19 09:38:23,0.3,1.0,510,0.29,0.9666,175,0.29,0.9666,2,0.295,0.9833,647,0
IWM191122P157,2019-11-19,2019-11-19 09:38:23,0.3,1.0,765,0.29,0.9666,175,0.29,0.9666,2,0.295,0.9833,647,0
IWM191122P157,2019-11-19,2019-11-19 09:38:24,0.3,1.0,159,0.29,0.9666,170,0.29,0.9666,2,0.295,0.9833,647,0
IWM191122P157,2019-11-19,2019-11-19 09:38:24,0.3,1.0,765,0.29,0.9666,175,0.29,0.9666,2,0.295,0.9833,647,0
IWM191122P157,2019-11-19,2019-11-19 09:38:25,0.3,1.0,717,0.29,0.9666,170,0.29,0.9666,2,0.295,0.9833,647,0
IWM191122P157,2019-11-19,2019-11-19 09:38:25,0.3,1.0,506,0.29,0.9666,170,0.29,0.9666,2,0.295,0.9833,647,0
IWM191122P157,2019-11-19,2019-11-19 09:38:26,0.3,1.0,694,0.29,0.9666,170,0.29,0.9666,2,0.295,0.9833,647,0
IWM191122P157,2019-11-19,2019-11-19 09:38:26,0.3,1.0,525,0.29,0.9666,140,0.29,0.9666,2,0.295,0.9833,647,0
IWM191122P157,2019-11-19,2019-11-19 09:38:27,0.3,1.0,842,0.29,0.9666,50,0.29,0.9666,2,0.295,0.9833,647,0
IWM191122P157,2019-11-19,2019-11-19 09:38:27,0.3,1.0,456,0.29,0.9666,50,0.29,0.9666,2,0.295,0.9833,647,0
IWM191122P157,2019-11-19,2019-11-19 09:38:28,0.29,0.9666,75,0.28,0.9333,508,0.29,0.9666,2,0.285,0.95,647,0
IWM191122P157,2019-11-19,2019-11-19 09:38:28,0.3,1.0,826,0.29,0.9666,50,0.29,0.9666,2,0.295,0.9833,647,0
IWM191122P157,2019-11-19,2019-11-19 09:38:29,0.29,0.9666,75,0.28,0.9333,508,0.29,0.9666,2,0.285,0.95,647,0
IWM191122P157,2019-11-19,2019-11-19 09:38:30,0.29,0.9666,75,0.28,0.9333,498,0.29,0.9666,2,0.285,0.95,647,0
IWM191122P157,2019-11-19,2019-11-19 09:38:30,0.29,0.9666,78,0.28,0.9333,508,0.29,0.9666,2,0.285,0.95,647,0
IWM191122P157,2019-11-19,2019-11-19 09:38:31,0.29,0.9666,153,0.28,0.9333,484,0.29,0.9666,2,0.285,0.95,647,0
IWM191122P157,2019-11-19,2019-11-19 09:38:31,0.29,0.9666,153,0.28,0.9333,482,0.29,0.9666,2,0.285,0.95,647,0
IWM191122P157,2019-11-19,2019-11-19 09:38:32,0.29,0.9666,78,0.28,0.9333,492,0.29,0.9666,2,0.285,0.95,647,0
IWM191122P157,2019-11-19,2019-11-19 09:38:32,0.29,0.9666,79,0.28,0.9333,492,0.29,0.9666,2,0.285,0.95,647,0
IWM191122P157,2019-11-19,2019-11-19 09:38:33,0.29,0.9666,103,0.28,0.9333,466,0.29,0.9666,2,0.285,0.95,647,0
IWM191122P157,2019-11-19,2019-11-19 09:38:33,0.29,0.9666,103,0.28,0.9333,482,0.29,0.9666,2,0.285,0.95,647,0
IWM191122P157,2019-11-19,2019-11-19 09:38:34,0.29,0.9666,78,0.28,0.9333,466,0.29,0.9666,2,0.285,0.95,647,0
IWM191122P157,2019-11-19,2019-11-19 09:38:35,0.29,0.9666,154,0.28,0.9333,212,0.29,0.9666,2,0.285,0.95,647,0
IWM191122P157,2019-11-19,2019-11-19 09:38:35,0.29,0.9666,283,0.28,0.9333,212,0.29,0.9666,2,0.285,0.95,647,0
IWM191122P157,2019-11-19,2019-11-19 09:38:36,0.29,0.9666,154,0.28,0.9333,317,0.29,0.9666,2,0.285,0.95,647,0
IWM191122P157,2019-11-19,2019-11-19 09:38:36,0.29,0.9666,184,0.28,0.9333,201,0.29,0.9666,2,0.285,0.95,647,0
IWM191122P157,2019-11-19,2019-11-19 09:38:37,0.29,0.9666,359,0.28,0.9333,201,0.29,0.9666,2,0.285,0.95,647,0
IWM191122P157,2019-11-19,2019-11-19 09:38:37,0.29,0.9666,359,0.28,0.9333,199,0.29,0.9666,2,0.285,0.95,647,0
IWM191122P157,2019-11-19,2019-11-19 09:38:38,0.29,0.9666,462,0.28,0.9333,54,0.29,0.9666,2,0.285,0.95,647,0
IWM191122P157,2019-11-19,2019-11-19 09:38:38,0.29,0.9666,430,0.28,0.9333,210,0.29,0.9666,2,0.285,0.95,647,0
IWM191122P157,2019-11-19,2019-11-19 09:38:39,0.29,0.9666,764,0.27,0.9,626,0.29,0.9666,2,0.28,0.9333,647,0
IWM191122P157,2019-11-19,2019-11-19 09:38:39,0.29,0.9666,764,0.27,0.9,811,0.29,0.9666,2,0.28,0.9333,647,0
IWM191122P157,2019-11-19,2019-11-19 09:38:40,0.29,0.9666,1188,0.27,0.9,811,0.29,0.9666,2,0.28,0.9333,647,0
IWM191122P157,2019-11-19,2019-11-19 09:38:40,0.29,0.9666,1051,0.27,0.9,811,0.29,0.9666,2,0.28,0.9333,647,0
IWM191122P157,2019-11-19,2019-11-19 09:38:41,0.29,0.9666,1051,0.27,0.9,910,0.29,0.9666,2,0.28,0.9333,647,0
IWM191122P157,2019-11-19,2019-11-19 09:38:42,0.29,0.9666,1051,0.27,0.9,910,0.29,0.9666,2,0.28,0.9333,647,0
IWM191122P157,2019-11-19,2019-11-19 09:38:43,0.29,0.9666,405,0.27,0.9,1076,0.29,0.9666,2,0.28,0.9333,647,0
IWM191122P157,2019-11-19,2019-11-19 09:38:43,0.29,0.9666,1051,0.27,0.9,910,0.29,0.9666,2,0.28,0.9333,647,0
IWM191122P157,2019-11-19,2019-11-19 09:38:44,0.29,0.9666,679,0.27,0.9,1049,0.29,0.9666,2,0.28,0.9333,647,0
IWM191122P157,2019-11-19,2019-11-19 09:38:44,0.29,0.9666,742,0.27,0.9,1049,0.29,0.9666,2,0.28,0.9333,647,0
IWM191122P157,2019-11-19,2019-11-19 09:38:45,0.29,0.9666,742,0.27,0.9,1049,0.29,0.9666,2,0.28,0.9333,647,0
IWM191122P157,2019-11-19,2019-11-19 09:38:46,0.29,0.9666,742,0.27,0.9,1049,0.29,0.9666,2,0.28,0.9333,647,0
IWM191122P157,2019-11-19,2019-11-19 09:38:46,0.29,0.9666,853,0.27,0.9,1049,0.29,0.9666,2,0.28,0.9333,647,0
IWM191122P157,2019-11-19,2019-11-19 09:38:47,0.29,0.9666,853,0.27,0.9,1099,0.29,0.9666,2,0.28,0.9333,647,0
IWM191122P157,2019-11-19,2019-11-19 09:38:48,0.29,0.9666,853,0.28,0.9333,9,0.29,0.9666,2,0.285,0.95,647,0
IWM191122P157,2019-11-19,2019-11-19 09:38:48,0.29,0.9666,853,0.28,0.9333,50,0.29,0.9666,2,0.285,0.95,647,0
IWM191122P157,2019-11-19,2019-11-19 09:38:49,0.29,0.9666,853,0.28,0.9333,50,0.29,0.9666,2,0.285,0.95,647,0
IWM191122P157,2019-11-19,2019-11-19 09:38:49,0.29,0.9666,680,0.28,0.9333,50,0.29,0.9666,2,0.285,0.95,647,0
IWM191122P157,2019-11-19,2019-11-19 09:38:50,0.29,0.9666,680,0.28,0.9333,50,0.29,0.9666,2,0.285,0.95,647,0
IWM191122P157,2019-11-19,2019-11-19 09:38:51,0.29,0.9666,736,0.28,0.9333,50,0.29,0.9666,2,0.285,0.95,647,0
IWM191122P157,2019-11-19,2019-11-19 09:38:52,0.29,0.9666,736,0.28,0.9333,50,0.29,0.9666,2,0.285,0.95,647,0
IWM191122P157,2019-11-19,2019-11-19 09:38:53,0.29,0.9666,569,0.28,0.9333,50,0.29,0.9666,2,0.285,0.95,647,0
IWM191122P157,2019-11-19,2019-11-19 09:38:54,0.29,0.9666,153,0.28,0.9333,67,0.29,0.9666,2,0.285,0.95,647,0
IWM191122P157,2019-11-19,2019-11-19 09:38:54,0.29,0.9666,75,0.28,0.9333,104,0.29,0.9666,2,0.285,0.95,647,0
IWM191122P157,2019-11-19,2019-11-19 09:38:55,0.29,0.9666,75,0.28,0.9333,104,0.29,0.9666,2,0.285,0.95,647,0
IWM191122P157,2019-11-19,2019-11-19 09:38:55,0.29,0.9666,308,0.28,0.9333,50,0.29,0.9666,2,0.285,0.95,647,0
IWM191122P157,2019-11-19,2019-11-19 09:38:56,0.29,0.9666,260,0.28,0.9333,50,0.29,0.9666,2,0.285,0.95,647,0
IWM191122P157,2019-11-19,2019-11-19 09:38:56,0.29,0.9666,611,0.28,0.9333,50,0.29,0.9666,2,0.285,0.95,647,0
IWM191122P157,2019-11-19,2019-11-19 09:38:57,0.29,0.9666,260,0.28,0.9333,52,0.29,0.9666,2,0.285,0.95,647,0
IWM191122P157,2019-11-19,2019-11-19 09:38:57,0.29,0.9666,447,0.28,0.9333,52,0.29,0.9666,2,0.285,0.95,647,0
IWM191122P157,2019-11-19,2019-11-19 09:38:58,0.3,1.0,822,0.28,0.9333,382,0.29,0.9666,2,0.29,0.9666,647,0
IWM191122P157,2019-11-19,2019-11-19 09:38:58,0.3,1.0,893,0.28,0.9333,518,0.29,0.9666,2,0.29,0.9666,647,0
IWM191122P157,2019-11-19,2019-11-19 09:38:59,0.29,0.9666,3,0.28,0.9333,518,0.29,0.9666,2,0.285,0.95,647,0
IWM191122P157,2019-11-19,2019-11-19 09:38:59,0.3,1.0,893,0.28,0.9333,518,0.29,0.9666,2,0.29,0.9666,647,0
IWM191122P157,2019-11-19,2019-11-19 09:39:00,0.29,0.9666,3,0.28,0.9333,518,0.29,0.9666,2,0.285,0.95,647,0
IWM191122P157,2019-11-19,2019-11-19 09:39:00,0.29,0.9666,3,0.28,0.9333,590,0.29,0.9666,2,0.285,0.95,647,0
IWM191122P157,2019-11-19,2019-11-19 09:39:01,0.3,1.0,1051,0.28,0.9333,746,0.29,0.9666,2,0.29,0.9666,647,0
IWM191122P157,2019-11-19,2019-11-19 09:39:01,0.29,0.9666,3,0.28,0.9333,590,0.29,0.9666,2,0.285,0.95,647,0
IWM191122P157,2019-11-19,2019-11-19 09:39:02,0.29,0.9666,160,0.28,0.9333,746,0.29,0.9666,2,0.285,0.95,647,0
IWM191122P157,2019-11-19,2019-11-19 09:39:02,0.3,1.0,1051,0.28,0.9333,746,0.29,0.9666,2,0.29,0.9666,647,0
IWM191122P157,2019-11-19,2019-11-19 09:39:03,0.29,0.9666,618,0.27,0.9,936,0.29,0.9666,2,0.28,0.9333,647,0
IWM191122P157,2019-11-19,2019-11-19 09:39:03,0.29,0.9666,632,0.27,0.9,645,0.29,0.9666,2,0.28,0.9333,647,0
IWM191122P157,2019-11-19,2019-11-19 09:39:04,0.29,0.9666,632,0.27,0.9,936,0.29,0.9666,2,0.28,0.9333,647,0
IWM191122P157,2019-11-19,2019-11-19 09:39:05,0.29,0.9666,563,0.27,0.9,936,0.29,0.9666,2,0.28,0.9333,647,0
IWM191122P157,2019-11-19,2019-11-19 09:39:06,0.29,0.9666,951,0.27,0.9,637,0.29,0.9666,2,0.28,0.9333,647,0
IWM191122P157,2019-11-19,2019-11-19 09:39:06,0.29,0.9666,563,0.27,0.9,537,0.29,0.9666,2,0.28,0.9333,647,0
IWM191122P157,2019-11-19,2019-11-19 09:39:07,0.29,0.9666,951,0.27,0.9,637,0.29,0.9666,2,0.28,0.9333,647,0
IWM191122P157,2019-11-19,2019-11-19 09:39:08,0.29,0.9666,795,0.28,0.9333,18,0.29,0.9666,2,0.285,0.95,647,0
IWM191122P157,2019-11-19,2019-11-19 09:39:08,0.29,0.9666,951,0.27,0.9,467,0.29,0.9666,2,0.28,0.9333,647,0
IWM191122P157,2019-11-19,2019-11-19 09:39:09,0.29,0.9666,795,0.27,0.9,560,0.29,0.9666,2,0.28,0.9333,647,0
IWM191122P157,2019-11-19,2019-11-19 09:39:09,0.29,0.9666,795,0.28,0.9333,23,0.29,0.9666,2,0.285,0.95,647,0
IWM191122P157,2019-11-19,2019-11-19 09:39:10,0.29,0.9666,903,0.28,0.9333,23,0.29,0.9666,2,0.285,0.95,647,0
IWM191122P157,2019-11-19,2019-11-19 09:39:10,0.29,0.9666,677,0.28,0.9333,18,0.29,0.9666,2,0.285,0.95,647,0
IWM191122P157,2019-11-19,2019-11-19 09:39:11,0.29,0.9666,903,0.28,0.9333,23,0.29,0.9666,2,0.285,0.95,647,0
IWM191122P157,2019-11-19,2019-11-19 09:39:11,0.29,0.9666,903,0.27,0.9,732,0.29,0.9666,2,0.28,0.9333,647,0
IWM191122P157,2019-11-19,2019-11-19 09:39:12,0.29,0.9666,903,0.28,0.9333,1,0.29,0.9666,2,0.285,0.95,647,0
IWM191122P157,2019-11-19,2019-11-19 09:39:13,0.29,0.9666,903,0.28,0.9333,1,0.29,0.9666,2,0.285,0.95,647,0
IWM191122P157,2019-11-19,2019-11-19 09:39:13,0.29,0.9666,903,0.28,0.9333,10,0.29,0.9666,2,0.285,0.95,647,0
IWM191122P157,2019-11-19,2019-11-19 09:39:14,0.29,0.9666,903,0.28,0.9333,10,0.29,0.9666,2,0.285,0.95,647,0
IWM191122P157,2019-11-19,2019-11-19 09:39:15,0.29,0.9666,903,0.27,0.9,551,0.29,0.9666,2,0.28,0.9333,647,0
IWM191122P157,2019-11-19,2019-11-19 09:39:15,0.29,0.9666,903,0.28,0.9333,10,0.29,0.9666,2,0.285,0.95,647,0
IWM191122P157,2019-11-19,2019-11-19 09:39:16,0.29,0.9666,903,0.27,0.9,540,0.29,0.9666,2,0.28,0.9333,647,0
IWM191122P157,2019-11-19,2019-11-19 09:39:16,0.29,0.9666,903,0.27,0.9,551,0.29,0.9666,2,0.28,0.9333,647,0
IWM191122P157,2019-11-19,2019-11-19 09:39:17,0.29,0.9666,904,0.27,0.9,540,0.29,0.9666,2,0.28,0.9333,647,0
IWM191122P157,2019-11-19,2019-11-19 09:39:18,0.29,0.9666,904,0.27,0.9,744,0.29,0.9666,2,0.28,0.9333,647,0
IWM191122P157,2019-11-19,2019-11-19 09:39:19,0.29,0.9666,678,0.27,0.9,744,0.29,0.9666,2,0.28,0.9333,647,0
IWM191122P157,2019-11-19,2019-11-19 09:39:19,0.29,0.9666,907,0.27,0.9,246,0.29,0.9666,2,0.28,0.9333,647,0
IWM191122P157,2019-11-19,2019-11-19 09:39:20,0.29,0.9666,907,0.28,0.9333,23,0.29,0.9666,2,0.285,0.95,647,0
IWM191122P157,2019-11-19,2019-11-19 09:39:20,0.29,0.9666,907,0.27,0.9,545,0.29,0.9666,2,0.28,0.9333,647,0
IWM191122P157,2019-11-19,2019-11-19 09:39:21,0.29,0.9666,907,0.28,0.9333,1,0.29,0.9666,2,0.285,0.95,647,0
IWM191122P157,2019-11-19,2019-11-19 09:39:21,0.29,0.9666,907,0.28,0.9333,14,0.29,0.9666,2,0.285,0.95,647,0
IWM191122P157,2019-11-19,2019-11-19 09:39:22,0.29,0.9666,907,0.28,0.9333,1,0.29,0.9666,2,0.285,0.95,647,0
IWM191122P157,2019-11-19,2019-11-19 09:39:23,0.29,0.9666,907,0.28,0.9333,1,0.29,0.9666,2,0.285,0.95,647,0
IWM191122P157,2019-11-19,2019-11-19 09:39:24,0.29,0.9666,907,0.28,0.9333,1,0.29,0.9666,2,0.285,0.95,647,0
IWM191122P157,2019-11-19,2019-11-19 09:39:24,0.29,0.9666,907,0.28,0.9333,14,0.29,0.9666,2,0.285,0.95,647,0
IWM191122P157,2019-11-19,2019-11-19 09:39:25,0.29,0.9666,678,0.28,0.9333,1,0.29,0.9666,2,0.285,0.95,647,0
IWM191122P157,2019-11-19,2019-11-19 09:39:25,0.29,0.9666,907,0.28,0.9333,1,0.29,0.9666,2,0.285,0.95,647,0
IWM191122P157,2019-11-19,2019-11-19 09:39:26,0.29,0.9666,678,0.28,0.9333,1,0.29,0.9666,2,0.285,0.95,647,0
IWM191122P157,2019-11-19,2019-11-19 09:39:26,0.29,0.9666,907,0.28,0.9333,1,0.29,0.9666,2,0.285,0.95,647,0
IWM191122P157,2019-11-19,2019-11-19 09:39:27,0.29,0.9666,93,0.28,0.9333,24,0.29,0.9666,2,0.285,0.95,647,0
IWM191122P157,2019-11-19,2019-11-19 09:39:27,0.29,0.9666,596,0.28,0.9333,24,0.29,0.9666,2,0.285,0.95,647,0
IWM191122P157,2019-11-19,2019-11-19 09:39:28,0.29,0.9666,429,0.28,0.9333,24,0.29,0.9666,2,0.285,0.95,647,0
IWM191122P157,2019-11-19,2019-11-19 09:39:28,0.29,0.9666,429,0.28,0.9333,56,0.29,0.9666,2,0.285,0.95,647,0
IWM191122P157,2019-11-19,2019-11-19 09:39:29,0.29,0.9666,716,0.28,0.9333,10,0.29,0.9666,2,0.285,0.95,647,0
IWM191122P157,2019-11-19,2019-11-19 09:39:30,0.29,0.9666,716,0.28,0.9333,10,0.29,0.9666,2,0.285,0.95,647,0
IWM191122P157,2019-11-19,2019-11-19 09:39:30,0.29,0.9666,501,0.28,0.9333,1,0.29,0.9666,2,0.285,0.95,647,0
IWM191122P157,2019-11-19,2019-11-19 09:39:31,0.29,0.9666,778,0.28,0.9333,1,0.29,0.9666,2,0.285,0.95,647,0
IWM191122P157,2019-11-19,2019-11-19 09:39:31,0.29,0.9666,835,0.28,0.9333,1,0.29,0.9666,2,0.285,0.95,647,0
IWM191122P157,2019-11-19,2019-11-19 09:39:32,0.29,0.9666,912,0.28,0.9333,20,0.29,0.9666,2,0.285,0.95,647,0
IWM191122P157,2019-11-19,2019-11-19 09:39:32,0.29,0.9666,778,0.28,0.9333,1,0.29,0.9666,2,0.285,0.95,647,0
IWM191122P157,2019-11-19,2019-11-19 09:39:33,0.29,0.9666,912,0.28,0.9333,10,0.29,0.9666,2,0.285,0.95,647,0
IWM191122P157,2019-11-19,2019-11-19 09:39:34,0.29,0.9666,961,0.27,0.9,665,0.29,0.9666,2,0.28,0.9333,647,0
IWM191122P157,2019-11-19,2019-11-19 09:39:34,0.29,0.9666,912,0.28,0.9333,10,0.29,0.9666,2,0.285,0.95,647,0
