symbol,Date,quote_time,ask_price,norm_ask_price,ask_size,bid_price,norm_bid_price,bid_size,last_trade_price,norm_last_trade_price,last_trade_size,mark_price,norm_mark_price,volume,Volume
IWM191018P152,2019-10-16,2019-10-16 09:30:00,1.45,1.0,25,1.27,0.8758,10,1.15,0.7931,1,1.36,0.9379,0,0
IWM191018P152,2019-10-16,2019-10-16 09:30:00,1.45,1.0,25,1.27,0.8758,20,1.15,0.7931,1,1.36,0.9379,0,0
IWM191018P152,2019-10-16,2019-10-16 09:30:01,1.45,1.0,25,1.28,0.8827,25,1.15,0.7931,1,1.365,0.9413,0,0
IWM191018P152,2019-10-16,2019-10-16 09:30:02,1.45,1.0,25,1.28,0.8827,25,1.15,0.7931,1,1.365,0.9413,0,0
IWM191018P152,2019-10-16,2019-10-16 09:30:02,1.46,1.0068,25,1.28,0.8827,25,1.15,0.7931,1,1.37,0.9448,0,0
IWM191018P152,2019-10-16,2019-10-16 09:30:03,1.47,1.0137,20,1.28,0.8827,25,1.15,0.7931,1,1.375,0.9482,0,0
IWM191018P152,2019-10-16,2019-10-16 09:30:03,1.47,1.0137,20,1.27,0.8758,35,1.15,0.7931,1,1.37,0.9448,0,0
IWM191018P152,2019-10-16,2019-10-16 09:30:04,1.47,1.0137,20,1.27,0.8758,35,1.15,0.7931,1,1.37,0.9448,0,0
IWM191018P152,2019-10-16,2019-10-16 09:30:05,1.46,1.0068,50,1.27,0.8758,35,1.15,0.7931,1,1.365,0.9413,0,0
IWM191018P152,2019-10-16,2019-10-16 09:30:06,1.45,1.0,10,1.27,0.8758,25,1.15,0.7931,1,1.36,0.9379,0,0
IWM191018P152,2019-10-16,2019-10-16 09:30:06,1.46,1.0068,50,1.27,0.8758,35,1.15,0.7931,1,1.365,0.9413,0,0
IWM191018P152,2019-10-16,2019-10-16 09:30:07,1.44,0.9931,50,1.27,0.8758,20,1.15,0.7931,1,1.355,0.9344,0,0
IWM191018P152,2019-10-16,2019-10-16 09:30:07,1.45,1.0,10,1.25,0.862,50,1.15,0.7931,1,1.35,0.931,0,0
IWM191018P152,2019-10-16,2019-10-16 09:30:08,1.44,0.9931,50,1.27,0.8758,20,1.15,0.7931,1,1.355,0.9344,0,0
IWM191018P152,2019-10-16,2019-10-16 09:30:09,1.44,0.9931,50,1.27,0.8758,20,1.15,0.7931,1,1.355,0.9344,0,0
IWM191018P152,2019-10-16,2019-10-16 09:30:10,1.44,0.9931,50,1.26,0.8689,25,1.15,0.7931,1,1.35,0.931,0,0
IWM191018P152,2019-10-16,2019-10-16 09:30:10,1.42,0.9793,25,1.26,0.8689,10,1.15,0.7931,1,1.34,0.9241,0,0
IWM191018P152,2019-10-16,2019-10-16 09:30:11,1.37,0.9448,65,1.23,0.8482,10,1.15,0.7931,1,1.3,0.8965,0,0
IWM191018P152,2019-10-16,2019-10-16 09:30:11,1.41,0.9724,37,1.24,0.8551,87,1.15,0.7931,1,1.325,0.9137,0,0
IWM191018P152,2019-10-16,2019-10-16 09:30:12,1.35,0.931,25,1.23,0.8482,4,1.15,0.7931,1,1.29,0.8896,0,0
IWM191018P152,2019-10-16,2019-10-16 09:30:12,1.35,0.931,25,1.23,0.8482,10,1.15,0.7931,1,1.29,0.8896,0,0
IWM191018P152,2019-10-16,2019-10-16 09:30:13,1.36,0.9379,50,1.23,0.8482,4,1.15,0.7931,1,1.295,0.8931,0,0
IWM191018P152,2019-10-16,2019-10-16 09:30:13,1.36,0.9379,25,1.23,0.8482,4,1.15,0.7931,1,1.295,0.8931,0,0
IWM191018P152,2019-10-16,2019-10-16 09:30:14,1.36,0.9379,25,1.23,0.8482,4,1.15,0.7931,1,1.295,0.8931,0,0
IWM191018P152,2019-10-16,2019-10-16 09:30:15,1.36,0.9379,60,1.23,0.8482,4,1.15,0.7931,1,1.295,0.8931,0,0
IWM191018P152,2019-10-16,2019-10-16 09:30:15,1.33,0.9172,1,1.23,0.8482,4,1.15,0.7931,1,1.28,0.8827,0,0
IWM191018P152,2019-10-16,2019-10-16 09:30:16,1.33,0.9172,1,1.23,0.8482,4,1.15,0.7931,1,1.28,0.8827,0,0
IWM191018P152,2019-10-16,2019-10-16 09:30:16,1.36,0.9379,50,1.19,0.8206,37,1.15,0.7931,1,1.275,0.8793,0,0
IWM191018P152,2019-10-16,2019-10-16 09:30:17,1.35,0.931,60,1.19,0.8206,37,1.15,0.7931,1,1.27,0.8758,0,0
IWM191018P152,2019-10-16,2019-10-16 09:30:17,1.34,0.9241,37,1.19,0.8206,10,1.15,0.7931,1,1.265,0.8724,0,0
IWM191018P152,2019-10-16,2019-10-16 09:30:18,1.34,0.9241,37,1.18,0.8137,60,1.15,0.7931,1,1.26,0.8689,0,0
IWM191018P152,2019-10-16,2019-10-16 09:30:18,1.34,0.9241,37,1.18,0.8137,62,1.15,0.7931,1,1.26,0.8689,0,0
IWM191018P152,2019-10-16,2019-10-16 09:30:19,1.3,0.8965,2,1.19,0.8206,70,1.15,0.7931,1,1.245,0.8586,0,0
IWM191018P152,2019-10-16,2019-10-16 09:30:19,1.33,0.9172,60,1.19,0.8206,60,1.15,0.7931,1,1.26,0.8689,0,0
IWM191018P152,2019-10-16,2019-10-16 09:30:20,1.33,0.9172,2,1.2,0.8275,80,1.15,0.7931,1,1.265,0.8724,0,0
IWM191018P152,2019-10-16,2019-10-16 09:30:20,1.33,0.9172,70,1.2,0.8275,10,1.15,0.7931,1,1.265,0.8724,0,0
IWM191018P152,2019-10-16,2019-10-16 09:30:21,1.35,0.931,3,1.24,0.8551,168,1.15,0.7931,1,1.295,0.8931,0,0
IWM191018P152,2019-10-16,2019-10-16 09:30:21,1.35,0.931,8,1.2,0.8275,80,1.15,0.7931,1,1.275,0.8793,0,0
IWM191018P152,2019-10-16,2019-10-16 09:30:22,1.35,0.931,25,1.21,0.8344,380,1.15,0.7931,1,1.28,0.8827,0,0
IWM191018P152,2019-10-16,2019-10-16 09:30:22,1.35,0.931,15,1.21,0.8344,74,1.15,0.7931,1,1.28,0.8827,0,0
IWM191018P152,2019-10-16,2019-10-16 09:30:23,1.33,0.9172,4,1.21,0.8344,400,1.15,0.7931,1,1.27,0.8758,0,0
IWM191018P152,2019-10-16,2019-10-16 09:30:24,1.33,0.9172,10,1.21,0.8344,400,1.15,0.7931,1,1.27,0.8758,0,0
IWM191018P152,2019-10-16,2019-10-16 09:30:25,1.33,0.9172,10,1.21,0.8344,400,1.15,0.7931,1,1.27,0.8758,0,0
IWM191018P152,2019-10-16,2019-10-16 09:30:25,1.33,0.9172,11,1.21,0.8344,400,1.15,0.7931,1,1.27,0.8758,0,0
IWM191018P152,2019-10-16,2019-10-16 09:30:26,1.33,0.9172,10,1.22,0.8413,20,1.15,0.7931,1,1.275,0.8793,0,0
IWM191018P152,2019-10-16,2019-10-16 09:30:27,1.33,0.9172,4,1.22,0.8413,20,1.15,0.7931,1,1.275,0.8793,0,0
IWM191018P152,2019-10-16,2019-10-16 09:30:27,1.33,0.9172,10,1.22,0.8413,20,1.15,0.7931,1,1.275,0.8793,0,0
IWM191018P152,2019-10-16,2019-10-16 09:30:28,1.33,0.9172,4,1.21,0.8344,375,1.15,0.7931,1,1.27,0.8758,0,0
IWM191018P152,2019-10-16,2019-10-16 09:30:28,1.33,0.9172,3,1.21,0.8344,391,1.15,0.7931,1,1.27,0.8758,0,0
IWM191018P152,2019-10-16,2019-10-16 09:30:29,1.3,0.8965,6,1.21,0.8344,375,1.15,0.7931,1,1.255,0.8655,0,0
IWM191018P152,2019-10-16,2019-10-16 09:30:29,1.33,0.9172,1,1.21,0.8344,391,1.15,0.7931,1,1.27,0.8758,0,0
IWM191018P152,2019-10-16,2019-10-16 09:30:30,1.33,0.9172,1,1.21,0.8344,391,1.15,0.7931,1,1.27,0.8758,0,0
IWM191018P152,2019-10-16,2019-10-16 09:30:31,1.31,0.9034,4,1.21,0.8344,391,1.15,0.7931,1,1.26,0.8689,0,0
IWM191018P152,2019-10-16,2019-10-16 09:30:32,1.31,0.9034,4,1.21,0.8344,391,1.15,0.7931,1,1.26,0.8689,0,0
IWM191018P152,2019-10-16,2019-10-16 09:30:32,1.3,0.8965,7,1.21,0.8344,62,1.15,0.7931,1,1.255,0.8655,0,0
IWM191018P152,2019-10-16,2019-10-16 09:30:33,1.33,0.9172,5,1.21,0.8344,62,1.15,0.7931,1,1.27,0.8758,0,0
IWM191018P152,2019-10-16,2019-10-16 09:30:33,1.33,0.9172,10,1.21,0.8344,94,1.15,0.7931,1,1.27,0.8758,0,0
IWM191018P152,2019-10-16,2019-10-16 09:30:34,1.33,0.9172,60,1.21,0.8344,94,1.15,0.7931,1,1.27,0.8758,0,0
IWM191018P152,2019-10-16,2019-10-16 09:30:34,1.33,0.9172,106,1.21,0.8344,227,1.15,0.7931,1,1.27,0.8758,0,0
IWM191018P152,2019-10-16,2019-10-16 09:30:35,1.33,0.9172,5,1.21,0.8344,217,1.15,0.7931,1,1.27,0.8758,0,0
IWM191018P152,2019-10-16,2019-10-16 09:30:35,1.33,0.9172,10,1.21,0.8344,243,1.15,0.7931,1,1.27,0.8758,0,0
IWM191018P152,2019-10-16,2019-10-16 09:30:36,1.33,0.9172,4,1.21,0.8344,233,1.15,0.7931,1,1.27,0.8758,0,0
IWM191018P152,2019-10-16,2019-10-16 09:30:36,1.33,0.9172,5,1.21,0.8344,233,1.15,0.7931,1,1.27,0.8758,0,0
IWM191018P152,2019-10-16,2019-10-16 09:30:37,1.31,0.9034,7,1.21,0.8344,160,1.15,0.7931,1,1.26,0.8689,0,0
IWM191018P152,2019-10-16,2019-10-16 09:30:37,1.31,0.9034,7,1.23,0.8482,37,1.15,0.7931,1,1.27,0.8758,0,0
IWM191018P152,2019-10-16,2019-10-16 09:30:38,1.34,0.9241,6,1.23,0.8482,418,1.15,0.7931,1,1.285,0.8862,0,0
IWM191018P152,2019-10-16,2019-10-16 09:30:38,1.34,0.9241,7,1.23,0.8482,270,1.15,0.7931,1,1.285,0.8862,0,0
IWM191018P152,2019-10-16,2019-10-16 09:30:39,1.34,0.9241,10,1.23,0.8482,418,1.15,0.7931,1,1.285,0.8862,0,0
IWM191018P152,2019-10-16,2019-10-16 09:30:40,1.34,0.9241,10,1.23,0.8482,418,1.15,0.7931,1,1.285,0.8862,0,0
IWM191018P152,2019-10-16,2019-10-16 09:30:41,1.34,0.9241,20,1.23,0.8482,418,1.15,0.7931,1,1.285,0.8862,0,0
IWM191018P152,2019-10-16,2019-10-16 09:30:42,1.34,0.9241,20,1.23,0.8482,418,1.15,0.7931,1,1.285,0.8862,0,0
IWM191018P152,2019-10-16,2019-10-16 09:30:43,1.34,0.9241,20,1.23,0.8482,418,1.15,0.7931,1,1.285,0.8862,0,0
IWM191018P152,2019-10-16,2019-10-16 09:30:44,1.34,0.9241,20,1.23,0.8482,418,1.15,0.7931,1,1.285,0.8862,0,0
IWM191018P152,2019-10-16,2019-10-16 09:30:45,1.34,0.9241,7,1.23,0.8482,418,1.15,0.7931,1,1.285,0.8862,0,0
IWM191018P152,2019-10-16,2019-10-16 09:30:45,1.34,0.9241,1,1.23,0.8482,418,1.15,0.7931,1,1.285,0.8862,0,0
IWM191018P152,2019-10-16,2019-10-16 09:30:46,1.34,0.9241,7,1.23,0.8482,418,1.15,0.7931,1,1.285,0.8862,0,0
IWM191018P152,2019-10-16,2019-10-16 09:30:46,1.34,0.9241,10,1.23,0.8482,418,1.15,0.7931,1,1.285,0.8862,0,0
IWM191018P152,2019-10-16,2019-10-16 09:30:47,1.31,0.9034,9,1.23,0.8482,418,1.15,0.7931,1,1.27,0.8758,0,0
IWM191018P152,2019-10-16,2019-10-16 09:30:48,1.34,0.9241,10,1.23,0.8482,418,1.15,0.7931,1,1.285,0.8862,0,0
IWM191018P152,2019-10-16,2019-10-16 09:30:49,1.31,0.9034,6,1.2,0.8275,256,1.15,0.7931,1,1.255,0.8655,0,0
IWM191018P152,2019-10-16,2019-10-16 09:30:49,1.34,0.9241,29,1.23,0.8482,418,1.15,0.7931,1,1.285,0.8862,0,0
IWM191018P152,2019-10-16,2019-10-16 09:30:50,1.32,0.9103,1,1.2,0.8275,349,1.15,0.7931,1,1.26,0.8689,0,0
IWM191018P152,2019-10-16,2019-10-16 09:30:50,1.32,0.9103,10,1.2,0.8275,333,1.15,0.7931,1,1.26,0.8689,0,0
IWM191018P152,2019-10-16,2019-10-16 09:30:51,1.32,0.9103,1,1.2,0.8275,333,1.15,0.7931,1,1.26,0.8689,0,0
IWM191018P152,2019-10-16,2019-10-16 09:30:51,1.32,0.9103,1,1.2,0.8275,349,1.15,0.7931,1,1.26,0.8689,0,0
IWM191018P152,2019-10-16,2019-10-16 09:30:52,1.32,0.9103,1,1.2,0.8275,333,1.15,0.7931,1,1.26,0.8689,0,0
IWM191018P152,2019-10-16,2019-10-16 09:30:53,1.3,0.8965,10,1.21,0.8344,480,1.15,0.7931,1,1.255,0.8655,0,0
IWM191018P152,2019-10-16,2019-10-16 09:30:53,1.35,0.931,60,1.21,0.8344,431,1.15,0.7931,1,1.28,0.8827,0,0
IWM191018P152,2019-10-16,2019-10-16 09:30:54,1.3,0.8965,10,1.21,0.8344,480,1.15,0.7931,1,1.255,0.8655,0,0
IWM191018P152,2019-10-16,2019-10-16 09:30:54,1.3,0.8965,10,1.21,0.8344,496,1.15,0.7931,1,1.255,0.8655,0,0
IWM191018P152,2019-10-16,2019-10-16 09:30:55,1.3,0.8965,10,1.23,0.8482,290,1.15,0.7931,1,1.265,0.8724,0,0
IWM191018P152,2019-10-16,2019-10-16 09:30:55,1.3,0.8965,10,1.23,0.8482,34,1.15,0.7931,1,1.265,0.8724,0,0
IWM191018P152,2019-10-16,2019-10-16 09:30:56,1.3,0.8965,10,1.23,0.8482,290,1.15,0.7931,1,1.265,0.8724,0,0
IWM191018P152,2019-10-16,2019-10-16 09:30:56,1.3,0.8965,10,1.23,0.8482,306,1.15,0.7931,1,1.265,0.8724,0,0
IWM191018P152,2019-10-16,2019-10-16 09:30:57,1.3,0.8965,10,1.24,0.8551,227,1.15,0.7931,1,1.27,0.8758,0,0
IWM191018P152,2019-10-16,2019-10-16 09:30:57,1.3,0.8965,10,1.24,0.8551,247,1.15,0.7931,1,1.27,0.8758,0,0
IWM191018P152,2019-10-16,2019-10-16 09:30:58,1.35,0.931,3,1.24,0.8551,644,1.3,0.8965,10,1.295,0.8931,100,0
IWM191018P152,2019-10-16,2019-10-16 09:30:58,1.35,0.931,3,1.24,0.8551,478,1.15,0.7931,1,1.295,0.8931,100,100
IWM191018P152,2019-10-16,2019-10-16 09:30:59,1.35,0.931,3,1.24,0.8551,716,1.3,0.8965,10,1.295,0.8931,100,0
IWM191018P152,2019-10-16,2019-10-16 09:30:59,1.35,0.931,3,1.24,0.8551,628,1.3,0.8965,10,1.295,0.8931,100,0
IWM191018P152,2019-10-16,2019-10-16 09:31:00,1.35,0.931,1,1.26,0.8689,560,1.3,0.8965,10,1.305,0.9,100,0
IWM191018P152,2019-10-16,2019-10-16 09:31:01,1.35,0.931,1,1.28,0.8827,380,1.3,0.8965,10,1.315,0.9068,100,0
IWM191018P152,2019-10-16,2019-10-16 09:31:01,1.35,0.931,1,1.26,0.8689,610,1.3,0.8965,10,1.305,0.9,100,0
IWM191018P152,2019-10-16,2019-10-16 09:31:02,1.35,0.931,1,1.28,0.8827,380,1.3,0.8965,10,1.315,0.9068,100,0
IWM191018P152,2019-10-16,2019-10-16 09:31:02,1.35,0.931,1,1.28,0.8827,568,1.3,0.8965,10,1.315,0.9068,100,0
IWM191018P152,2019-10-16,2019-10-16 09:31:03,1.35,0.931,1,1.28,0.8827,604,1.3,0.8965,10,1.315,0.9068,100,0
IWM191018P152,2019-10-16,2019-10-16 09:31:03,1.35,0.931,1,1.28,0.8827,526,1.3,0.8965,10,1.315,0.9068,100,0
IWM191018P152,2019-10-16,2019-10-16 09:31:04,1.35,0.931,1,1.28,0.8827,526,1.3,0.8965,10,1.315,0.9068,100,0
IWM191018P152,2019-10-16,2019-10-16 09:31:04,1.35,0.931,1,1.28,0.8827,516,1.3,0.8965,10,1.315,0.9068,100,0
IWM191018P152,2019-10-16,2019-10-16 09:31:05,1.35,0.931,1,1.28,0.8827,516,1.3,0.8965,10,1.315,0.9068,100,0
IWM191018P152,2019-10-16,2019-10-16 09:31:05,1.35,0.931,30,1.27,0.8758,320,1.3,0.8965,10,1.31,0.9034,100,0
IWM191018P152,2019-10-16,2019-10-16 09:31:06,1.35,0.931,30,1.27,0.8758,441,1.3,0.8965,10,1.31,0.9034,100,0
IWM191018P152,2019-10-16,2019-10-16 09:31:06,1.35,0.931,70,1.27,0.8758,441,1.3,0.8965,10,1.31,0.9034,100,0
IWM191018P152,2019-10-16,2019-10-16 09:31:07,1.35,0.931,106,1.27,0.8758,441,1.3,0.8965,10,1.31,0.9034,100,0
IWM191018P152,2019-10-16,2019-10-16 09:31:07,1.35,0.931,96,1.27,0.8758,441,1.3,0.8965,10,1.31,0.9034,100,0
IWM191018P152,2019-10-16,2019-10-16 09:31:08,1.35,0.931,96,1.27,0.8758,14,1.3,0.8965,10,1.31,0.9034,100,0
IWM191018P152,2019-10-16,2019-10-16 09:31:08,1.35,0.931,91,1.24,0.8551,558,1.3,0.8965,10,1.295,0.8931,100,0
IWM191018P152,2019-10-16,2019-10-16 09:31:09,1.35,0.931,60,1.24,0.8551,616,1.3,0.8965,10,1.295,0.8931,100,0
IWM191018P152,2019-10-16,2019-10-16 09:31:09,1.35,0.931,60,1.24,0.8551,688,1.3,0.8965,10,1.295,0.8931,100,0
IWM191018P152,2019-10-16,2019-10-16 09:31:10,1.35,0.931,2,1.26,0.8689,434,1.3,0.8965,10,1.305,0.9,100,0
IWM191018P152,2019-10-16,2019-10-16 09:31:10,1.35,0.931,2,1.26,0.8689,37,1.3,0.8965,10,1.305,0.9,100,0
IWM191018P152,2019-10-16,2019-10-16 09:31:11,1.35,0.931,2,1.26,0.8689,705,1.3,0.8965,10,1.305,0.9,100,0
IWM191018P152,2019-10-16,2019-10-16 09:31:12,1.35,0.931,2,1.26,0.8689,564,1.3,0.8965,10,1.305,0.9,100,0
IWM191018P152,2019-10-16,2019-10-16 09:31:12,1.35,0.931,2,1.26,0.8689,705,1.3,0.8965,10,1.305,0.9,100,0
IWM191018P152,2019-10-16,2019-10-16 09:31:13,1.35,0.931,2,1.26,0.8689,548,1.3,0.8965,10,1.305,0.9,100,0
IWM191018P152,2019-10-16,2019-10-16 09:31:14,1.35,0.931,70,1.26,0.8689,320,1.3,0.8965,10,1.305,0.9,100,0
IWM191018P152,2019-10-16,2019-10-16 09:31:14,1.35,0.931,2,1.26,0.8689,548,1.3,0.8965,10,1.305,0.9,100,0
IWM191018P152,2019-10-16,2019-10-16 09:31:15,1.35,0.931,70,1.26,0.8689,61,1.3,0.8965,10,1.305,0.9,100,0
IWM191018P152,2019-10-16,2019-10-16 09:31:15,1.35,0.931,106,1.26,0.8689,83,1.3,0.8965,10,1.305,0.9,100,0
IWM191018P152,2019-10-16,2019-10-16 09:31:16,1.35,0.931,106,1.26,0.8689,61,1.3,0.8965,10,1.305,0.9,100,0
IWM191018P152,2019-10-16,2019-10-16 09:31:17,1.35,0.931,106,1.26,0.8689,61,1.3,0.8965,10,1.305,0.9,100,0
IWM191018P152,2019-10-16,2019-10-16 09:31:17,1.35,0.931,96,1.26,0.8689,56,1.3,0.8965,10,1.305,0.9,100,0
IWM191018P152,2019-10-16,2019-10-16 09:31:18,1.35,0.931,96,1.26,0.8689,56,1.3,0.8965,10,1.305,0.9,100,0
IWM191018P152,2019-10-16,2019-10-16 09:31:18,1.35,0.931,106,1.26,0.8689,235,1.3,0.8965,10,1.305,0.9,100,0
IWM191018P152,2019-10-16,2019-10-16 09:31:19,1.35,0.931,106,1.26,0.8689,320,1.3,0.8965,10,1.305,0.9,100,0
IWM191018P152,2019-10-16,2019-10-16 09:31:19,1.35,0.931,20,1.26,0.8689,372,1.3,0.8965,10,1.305,0.9,100,0
IWM191018P152,2019-10-16,2019-10-16 09:31:20,1.35,0.931,10,1.26,0.8689,505,1.3,0.8965,10,1.305,0.9,100,0
IWM191018P152,2019-10-16,2019-10-16 09:31:20,1.35,0.931,1,1.26,0.8689,375,1.3,0.8965,10,1.305,0.9,100,0
IWM191018P152,2019-10-16,2019-10-16 09:31:21,1.35,0.931,101,1.26,0.8689,331,1.3,0.8965,10,1.305,0.9,100,0
IWM191018P152,2019-10-16,2019-10-16 09:31:21,1.35,0.931,91,1.26,0.8689,320,1.3,0.8965,10,1.305,0.9,100,0
IWM191018P152,2019-10-16,2019-10-16 09:31:22,1.35,0.931,101,1.26,0.8689,371,1.3,0.8965,10,1.305,0.9,100,0
IWM191018P152,2019-10-16,2019-10-16 09:31:23,1.35,0.931,111,1.26,0.8689,76,1.3,0.8965,10,1.305,0.9,100,0
IWM191018P152,2019-10-16,2019-10-16 09:31:24,1.35,0.931,121,1.26,0.8689,57,1.3,0.8965,10,1.305,0.9,100,0
IWM191018P152,2019-10-16,2019-10-16 09:31:25,1.35,0.931,121,1.26,0.8689,96,1.3,0.8965,10,1.305,0.9,100,0
IWM191018P152,2019-10-16,2019-10-16 09:31:26,1.35,0.931,121,1.26,0.8689,399,1.3,0.8965,10,1.305,0.9,100,0
IWM191018P152,2019-10-16,2019-10-16 09:31:26,1.34,0.9241,30,1.26,0.8689,399,1.3,0.8965,10,1.3,0.8965,100,0
IWM191018P152,2019-10-16,2019-10-16 09:31:27,1.34,0.9241,80,1.26,0.8689,389,1.3,0.8965,10,1.3,0.8965,100,0
IWM191018P152,2019-10-16,2019-10-16 09:31:27,1.34,0.9241,96,1.26,0.8689,399,1.3,0.8965,10,1.3,0.8965,100,0
IWM191018P152,2019-10-16,2019-10-16 09:31:28,1.34,0.9241,96,1.26,0.8689,399,1.3,0.8965,10,1.3,0.8965,100,0
IWM191018P152,2019-10-16,2019-10-16 09:31:28,1.34,0.9241,30,1.26,0.8689,399,1.3,0.8965,10,1.3,0.8965,100,0
IWM191018P152,2019-10-16,2019-10-16 09:31:29,1.34,0.9241,86,1.26,0.8689,59,1.3,0.8965,10,1.3,0.8965,100,0
IWM191018P152,2019-10-16,2019-10-16 09:31:29,1.34,0.9241,30,1.26,0.8689,399,1.3,0.8965,10,1.3,0.8965,100,0
IWM191018P152,2019-10-16,2019-10-16 09:31:30,1.34,0.9241,91,1.26,0.8689,86,1.3,0.8965,10,1.3,0.8965,100,0
IWM191018P152,2019-10-16,2019-10-16 09:31:30,1.35,0.931,121,1.26,0.8689,194,1.3,0.8965,10,1.305,0.9,100,0
IWM191018P152,2019-10-16,2019-10-16 09:31:31,1.35,0.931,121,1.26,0.8689,194,1.3,0.8965,10,1.305,0.9,100,0
IWM191018P152,2019-10-16,2019-10-16 09:31:31,1.35,0.931,121,1.27,0.8758,21,1.3,0.8965,10,1.31,0.9034,100,0
IWM191018P152,2019-10-16,2019-10-16 09:31:32,1.35,0.931,121,1.27,0.8758,21,1.3,0.8965,10,1.31,0.9034,100,0
IWM191018P152,2019-10-16,2019-10-16 09:31:33,1.35,0.931,121,1.27,0.8758,21,1.3,0.8965,10,1.31,0.9034,100,0
IWM191018P152,2019-10-16,2019-10-16 09:31:34,1.34,0.9241,82,1.24,0.8551,29,1.3,0.8965,10,1.29,0.8896,100,0
IWM191018P152,2019-10-16,2019-10-16 09:31:35,1.34,0.9241,111,1.24,0.8551,31,1.3,0.8965,10,1.29,0.8896,100,0
IWM191018P152,2019-10-16,2019-10-16 09:31:35,1.34,0.9241,131,1.24,0.8551,29,1.3,0.8965,10,1.29,0.8896,100,0
IWM191018P152,2019-10-16,2019-10-16 09:31:36,1.34,0.9241,210,1.24,0.8551,23,1.3,0.8965,10,1.29,0.8896,100,0
IWM191018P152,2019-10-16,2019-10-16 09:31:36,1.32,0.9103,121,1.21,0.8344,76,1.3,0.8965,10,1.265,0.8724,100,0
IWM191018P152,2019-10-16,2019-10-16 09:31:37,1.32,0.9103,131,1.21,0.8344,283,1.3,0.8965,10,1.265,0.8724,100,0
IWM191018P152,2019-10-16,2019-10-16 09:31:37,1.32,0.9103,111,1.21,0.8344,288,1.3,0.8965,10,1.265,0.8724,100,0
IWM191018P152,2019-10-16,2019-10-16 09:31:38,1.32,0.9103,111,1.21,0.8344,249,1.3,0.8965,10,1.265,0.8724,100,0
IWM191018P152,2019-10-16,2019-10-16 09:31:38,1.32,0.9103,124,1.21,0.8344,249,1.3,0.8965,10,1.265,0.8724,100,0
IWM191018P152,2019-10-16,2019-10-16 09:31:39,1.32,0.9103,124,1.21,0.8344,249,1.3,0.8965,10,1.265,0.8724,100,0
IWM191018P152,2019-10-16,2019-10-16 09:31:40,1.32,0.9103,129,1.21,0.8344,249,1.3,0.8965,10,1.265,0.8724,100,0
IWM191018P152,2019-10-16,2019-10-16 09:31:40,1.32,0.9103,112,1.21,0.8344,249,1.3,0.8965,10,1.265,0.8724,100,0
IWM191018P152,2019-10-16,2019-10-16 09:31:41,1.32,0.9103,101,1.21,0.8344,388,1.3,0.8965,10,1.265,0.8724,100,0
IWM191018P152,2019-10-16,2019-10-16 09:31:41,1.32,0.9103,105,1.21,0.8344,249,1.3,0.8965,10,1.265,0.8724,100,0
IWM191018P152,2019-10-16,2019-10-16 09:31:42,1.32,0.9103,155,1.22,0.8413,1,1.3,0.8965,10,1.27,0.8758,100,0
IWM191018P152,2019-10-16,2019-10-16 09:31:42,1.32,0.9103,112,1.21,0.8344,378,1.3,0.8965,10,1.265,0.8724,100,0
IWM191018P152,2019-10-16,2019-10-16 09:31:43,1.32,0.9103,97,1.21,0.8344,375,1.3,0.8965,10,1.265,0.8724,100,0
IWM191018P152,2019-10-16,2019-10-16 09:31:43,1.32,0.9103,160,1.21,0.8344,378,1.3,0.8965,10,1.265,0.8724,100,0
IWM191018P152,2019-10-16,2019-10-16 09:31:44,1.32,0.9103,116,1.21,0.8344,375,1.3,0.8965,10,1.265,0.8724,100,0
IWM191018P152,2019-10-16,2019-10-16 09:31:44,1.32,0.9103,97,1.21,0.8344,391,1.3,0.8965,10,1.265,0.8724,100,0
IWM191018P152,2019-10-16,2019-10-16 09:31:45,1.32,0.9103,107,1.21,0.8344,375,1.3,0.8965,10,1.265,0.8724,100,0
IWM191018P152,2019-10-16,2019-10-16 09:31:46,1.32,0.9103,107,1.21,0.8344,375,1.3,0.8965,10,1.265,0.8724,100,0
IWM191018P152,2019-10-16,2019-10-16 09:31:47,1.32,0.9103,106,1.22,0.8413,67,1.3,0.8965,10,1.27,0.8758,100,0
IWM191018P152,2019-10-16,2019-10-16 09:31:47,1.32,0.9103,129,1.22,0.8413,67,1.3,0.8965,10,1.27,0.8758,100,0
IWM191018P152,2019-10-16,2019-10-16 09:31:48,1.32,0.9103,161,1.22,0.8413,67,1.3,0.8965,10,1.27,0.8758,100,0
IWM191018P152,2019-10-16,2019-10-16 09:31:48,1.3,0.8965,80,1.2,0.8275,10,1.3,0.8965,10,1.25,0.862,100,0
IWM191018P152,2019-10-16,2019-10-16 09:31:49,1.3,0.8965,203,1.17,0.8068,454,1.3,0.8965,10,1.235,0.8517,100,0
IWM191018P152,2019-10-16,2019-10-16 09:31:49,1.3,0.8965,203,1.17,0.8068,280,1.3,0.8965,10,1.235,0.8517,100,0
IWM191018P152,2019-10-16,2019-10-16 09:31:50,1.3,0.8965,205,1.17,0.8068,454,1.3,0.8965,10,1.235,0.8517,100,0
IWM191018P152,2019-10-16,2019-10-16 09:31:50,1.3,0.8965,212,1.17,0.8068,480,1.3,0.8965,10,1.235,0.8517,100,0
IWM191018P152,2019-10-16,2019-10-16 09:31:51,1.3,0.8965,212,1.17,0.8068,480,1.3,0.8965,10,1.235,0.8517,100,0
IWM191018P152,2019-10-16,2019-10-16 09:31:51,1.3,0.8965,209,1.17,0.8068,464,1.3,0.8965,10,1.235,0.8517,100,0
IWM191018P152,2019-10-16,2019-10-16 09:31:52,1.3,0.8965,209,1.17,0.8068,404,1.3,0.8965,10,1.235,0.8517,100,0
IWM191018P152,2019-10-16,2019-10-16 09:31:52,1.3,0.8965,212,1.17,0.8068,407,1.3,0.8965,10,1.235,0.8517,100,0
IWM191018P152,2019-10-16,2019-10-16 09:31:53,1.3,0.8965,212,1.17,0.8068,391,1.3,0.8965,10,1.235,0.8517,100,0
IWM191018P152,2019-10-16,2019-10-16 09:31:54,1.3,0.8965,167,1.17,0.8068,391,1.3,0.8965,10,1.235,0.8517,100,0
IWM191018P152,2019-10-16,2019-10-16 09:31:54,1.3,0.8965,212,1.17,0.8068,391,1.3,0.8965,10,1.235,0.8517,100,0
IWM191018P152,2019-10-16,2019-10-16 09:31:55,1.3,0.8965,76,1.17,0.8068,230,1.3,0.8965,10,1.235,0.8517,100,0
IWM191018P152,2019-10-16,2019-10-16 09:31:55,1.3,0.8965,76,1.19,0.8206,93,1.3,0.8965,10,1.245,0.8586,100,0
IWM191018P152,2019-10-16,2019-10-16 09:31:56,1.3,0.8965,96,1.19,0.8206,371,1.3,0.8965,10,1.245,0.8586,100,0
IWM191018P152,2019-10-16,2019-10-16 09:31:56,1.3,0.8965,86,1.19,0.8206,364,1.3,0.8965,10,1.245,0.8586,100,0
IWM191018P152,2019-10-16,2019-10-16 09:31:57,1.3,0.8965,128,1.19,0.8206,214,1.3,0.8965,10,1.245,0.8586,100,0
IWM191018P152,2019-10-16,2019-10-16 09:31:57,1.3,0.8965,128,1.2,0.8275,1,1.3,0.8965,10,1.25,0.862,100,0
IWM191018P152,2019-10-16,2019-10-16 09:31:58,1.3,0.8965,191,1.19,0.8206,282,1.3,0.8965,10,1.245,0.8586,100,0
IWM191018P152,2019-10-16,2019-10-16 09:31:59,1.3,0.8965,188,1.19,0.8206,214,1.3,0.8965,10,1.245,0.8586,100,0
IWM191018P152,2019-10-16,2019-10-16 09:31:59,1.3,0.8965,191,1.19,0.8206,214,1.3,0.8965,10,1.245,0.8586,100,0
IWM191018P152,2019-10-16,2019-10-16 09:32:00,1.3,0.8965,190,1.2,0.8275,20,1.3,0.8965,10,1.25,0.862,100,0
IWM191018P152,2019-10-16,2019-10-16 09:32:00,1.3,0.8965,107,1.2,0.8275,50,1.3,0.8965,10,1.25,0.862,100,0
IWM191018P152,2019-10-16,2019-10-16 09:32:01,1.3,0.8965,101,1.2,0.8275,18,1.3,0.8965,10,1.25,0.862,100,0
IWM191018P152,2019-10-16,2019-10-16 09:32:01,1.3,0.8965,60,1.2,0.8275,20,1.3,0.8965,10,1.25,0.862,100,0
IWM191018P152,2019-10-16,2019-10-16 09:32:02,1.3,0.8965,216,1.2,0.8275,15,1.3,0.8965,10,1.25,0.862,100,0
IWM191018P152,2019-10-16,2019-10-16 09:32:02,1.3,0.8965,210,1.2,0.8275,150,1.3,0.8965,10,1.25,0.862,100,0
IWM191018P152,2019-10-16,2019-10-16 09:32:03,1.3,0.8965,60,1.2,0.8275,150,1.3,0.8965,10,1.25,0.862,100,0
IWM191018P152,2019-10-16,2019-10-16 09:32:03,1.3,0.8965,91,1.2,0.8275,258,1.3,0.8965,10,1.25,0.862,100,0
IWM191018P152,2019-10-16,2019-10-16 09:32:04,1.3,0.8965,60,1.2,0.8275,150,1.3,0.8965,10,1.25,0.862,100,0
IWM191018P152,2019-10-16,2019-10-16 09:32:05,1.3,0.8965,60,1.2,0.8275,150,1.3,0.8965,10,1.25,0.862,100,0
IWM191018P152,2019-10-16,2019-10-16 09:32:05,1.3,0.8965,70,1.2,0.8275,150,1.3,0.8965,10,1.25,0.862,100,0
IWM191018P152,2019-10-16,2019-10-16 09:32:06,1.3,0.8965,70,1.2,0.8275,150,1.3,0.8965,10,1.25,0.862,100,0
IWM191018P152,2019-10-16,2019-10-16 09:32:07,1.3,0.8965,70,1.2,0.8275,50,1.3,0.8965,10,1.25,0.862,100,0
IWM191018P152,2019-10-16,2019-10-16 09:32:07,1.3,0.8965,70,1.2,0.8275,90,1.3,0.8965,10,1.25,0.862,100,0
IWM191018P152,2019-10-16,2019-10-16 09:32:08,1.3,0.8965,70,1.2,0.8275,13,1.3,0.8965,10,1.25,0.862,100,0
IWM191018P152,2019-10-16,2019-10-16 09:32:08,1.3,0.8965,70,1.2,0.8275,50,1.3,0.8965,10,1.25,0.862,100,0
IWM191018P152,2019-10-16,2019-10-16 09:32:09,1.3,0.8965,60,1.2,0.8275,60,1.3,0.8965,10,1.25,0.862,100,0
IWM191018P152,2019-10-16,2019-10-16 09:32:09,1.3,0.8965,70,1.2,0.8275,50,1.3,0.8965,10,1.25,0.862,100,0
IWM191018P152,2019-10-16,2019-10-16 09:32:10,1.31,0.9034,30,1.2,0.8275,543,1.3,0.8965,10,1.255,0.8655,100,0
IWM191018P152,2019-10-16,2019-10-16 09:32:10,1.3,0.8965,10,1.2,0.8275,70,1.3,0.8965,10,1.25,0.862,100,0
IWM191018P152,2019-10-16,2019-10-16 09:32:11,1.31,0.9034,116,1.2,0.8275,586,1.3,0.8965,10,1.255,0.8655,100,0
IWM191018P152,2019-10-16,2019-10-16 09:32:12,1.31,0.9034,116,1.21,0.8344,511,1.3,0.8965,10,1.26,0.8689,100,0
IWM191018P152,2019-10-16,2019-10-16 09:32:13,1.31,0.9034,70,1.21,0.8344,380,1.3,0.8965,10,1.26,0.8689,100,0
IWM191018P152,2019-10-16,2019-10-16 09:32:13,1.31,0.9034,80,1.21,0.8344,380,1.3,0.8965,10,1.26,0.8689,100,0
IWM191018P152,2019-10-16,2019-10-16 09:32:14,1.31,0.9034,80,1.21,0.8344,380,1.3,0.8965,10,1.26,0.8689,100,0
IWM191018P152,2019-10-16,2019-10-16 09:32:14,1.31,0.9034,121,1.23,0.8482,88,1.3,0.8965,10,1.27,0.8758,100,0
IWM191018P152,2019-10-16,2019-10-16 09:32:15,1.3,0.8965,20,1.24,0.8551,12,1.3,0.8965,10,1.27,0.8758,100,0
IWM191018P152,2019-10-16,2019-10-16 09:32:15,1.3,0.8965,3,1.24,0.8551,12,1.3,0.8965,10,1.27,0.8758,100,0
IWM191018P152,2019-10-16,2019-10-16 09:32:16,1.3,0.8965,106,1.24,0.8551,12,1.3,0.8965,10,1.27,0.8758,100,0
IWM191018P152,2019-10-16,2019-10-16 09:32:16,1.3,0.8965,70,1.24,0.8551,12,1.3,0.8965,10,1.27,0.8758,100,0
IWM191018P152,2019-10-16,2019-10-16 09:32:17,1.3,0.8965,36,1.24,0.8551,12,1.3,0.8965,10,1.27,0.8758,100,0
IWM191018P152,2019-10-16,2019-10-16 09:32:18,1.3,0.8965,36,1.24,0.8551,12,1.3,0.8965,10,1.27,0.8758,100,0
IWM191018P152,2019-10-16,2019-10-16 09:32:18,1.3,0.8965,106,1.24,0.8551,12,1.3,0.8965,10,1.27,0.8758,100,0
IWM191018P152,2019-10-16,2019-10-16 09:32:19,1.3,0.8965,66,1.24,0.8551,12,1.3,0.8965,10,1.27,0.8758,100,0
IWM191018P152,2019-10-16,2019-10-16 09:32:19,1.3,0.8965,121,1.24,0.8551,12,1.3,0.8965,10,1.27,0.8758,100,0
IWM191018P152,2019-10-16,2019-10-16 09:32:20,1.3,0.8965,121,1.24,0.8551,12,1.3,0.8965,10,1.27,0.8758,100,0
IWM191018P152,2019-10-16,2019-10-16 09:32:21,1.29,0.8896,30,1.24,0.8551,15,1.3,0.8965,10,1.265,0.8724,100,0
IWM191018P152,2019-10-16,2019-10-16 09:32:22,1.29,0.8896,30,1.24,0.8551,15,1.3,0.8965,10,1.265,0.8724,100,0
IWM191018P152,2019-10-16,2019-10-16 09:32:23,1.29,0.8896,121,1.24,0.8551,15,1.3,0.8965,10,1.265,0.8724,100,0
IWM191018P152,2019-10-16,2019-10-16 09:32:24,1.29,0.8896,20,1.24,0.8551,15,1.3,0.8965,10,1.265,0.8724,100,0
IWM191018P152,2019-10-16,2019-10-16 09:32:25,1.29,0.8896,46,1.24,0.8551,20,1.3,0.8965,10,1.265,0.8724,100,0
IWM191018P152,2019-10-16,2019-10-16 09:32:25,1.29,0.8896,20,1.24,0.8551,20,1.3,0.8965,10,1.265,0.8724,100,0
IWM191018P152,2019-10-16,2019-10-16 09:32:26,1.26,0.8689,20,1.23,0.8482,3,1.3,0.8965,10,1.245,0.8586,100,0
IWM191018P152,2019-10-16,2019-10-16 09:32:27,1.26,0.8689,20,1.23,0.8482,3,1.3,0.8965,10,1.245,0.8586,100,0
IWM191018P152,2019-10-16,2019-10-16 09:32:27,1.26,0.8689,20,1.23,0.8482,20,1.3,0.8965,10,1.245,0.8586,100,0
IWM191018P152,2019-10-16,2019-10-16 09:32:28,1.26,0.8689,20,1.23,0.8482,30,1.3,0.8965,10,1.245,0.8586,100,0
IWM191018P152,2019-10-16,2019-10-16 09:32:29,1.26,0.8689,20,1.23,0.8482,30,1.3,0.8965,10,1.245,0.8586,100,0
IWM191018P152,2019-10-16,2019-10-16 09:32:30,1.27,0.8758,25,1.24,0.8551,5,1.3,0.8965,10,1.255,0.8655,100,0
IWM191018P152,2019-10-16,2019-10-16 09:32:30,1.28,0.8827,22,1.24,0.8551,44,1.3,0.8965,10,1.26,0.8689,100,0
IWM191018P152,2019-10-16,2019-10-16 09:32:31,1.28,0.8827,25,1.25,0.862,30,1.3,0.8965,10,1.265,0.8724,100,0
IWM191018P152,2019-10-16,2019-10-16 09:32:31,1.3,0.8965,4,1.25,0.862,104,1.3,0.8965,10,1.275,0.8793,100,0
IWM191018P152,2019-10-16,2019-10-16 09:32:32,1.3,0.8965,3,1.26,0.8689,20,1.3,0.8965,10,1.28,0.8827,100,0
IWM191018P152,2019-10-16,2019-10-16 09:32:32,1.3,0.8965,4,1.25,0.862,104,1.3,0.8965,10,1.275,0.8793,100,0
IWM191018P152,2019-10-16,2019-10-16 09:32:33,1.32,0.9103,1,1.26,0.8689,157,1.3,0.8965,10,1.29,0.8896,100,0
IWM191018P152,2019-10-16,2019-10-16 09:32:33,1.32,0.9103,1,1.26,0.8689,167,1.3,0.8965,10,1.29,0.8896,100,0
IWM191018P152,2019-10-16,2019-10-16 09:32:34,1.32,0.9103,5,1.26,0.8689,270,1.3,0.8965,10,1.29,0.8896,100,0
IWM191018P152,2019-10-16,2019-10-16 09:32:34,1.32,0.9103,5,1.26,0.8689,216,1.3,0.8965,10,1.29,0.8896,100,0
IWM191018P152,2019-10-16,2019-10-16 09:32:35,1.32,0.9103,3,1.27,0.8758,15,1.3,0.8965,10,1.295,0.8931,100,0
IWM191018P152,2019-10-16,2019-10-16 09:32:35,1.32,0.9103,20,1.27,0.8758,20,1.3,0.8965,10,1.295,0.8931,100,0
IWM191018P152,2019-10-16,2019-10-16 09:32:36,1.32,0.9103,106,1.27,0.8758,15,1.3,0.8965,10,1.295,0.8931,100,0
IWM191018P152,2019-10-16,2019-10-16 09:32:37,1.32,0.9103,96,1.27,0.8758,15,1.3,0.8965,10,1.295,0.8931,100,0
IWM191018P152,2019-10-16,2019-10-16 09:32:38,1.33,0.9172,2,1.27,0.8758,78,1.3,0.8965,10,1.3,0.8965,100,0
IWM191018P152,2019-10-16,2019-10-16 09:32:38,1.32,0.9103,96,1.27,0.8758,78,1.3,0.8965,10,1.295,0.8931,100,0
IWM191018P152,2019-10-16,2019-10-16 09:32:39,1.33,0.9172,121,1.27,0.8758,78,1.3,0.8965,10,1.3,0.8965,100,0
IWM191018P152,2019-10-16,2019-10-16 09:32:39,1.33,0.9172,90,1.27,0.8758,78,1.3,0.8965,10,1.3,0.8965,100,0
IWM191018P152,2019-10-16,2019-10-16 09:32:40,1.33,0.9172,20,1.27,0.8758,30,1.3,0.8965,10,1.3,0.8965,100,0
IWM191018P152,2019-10-16,2019-10-16 09:32:40,1.33,0.9172,121,1.27,0.8758,78,1.3,0.8965,10,1.3,0.8965,100,0
IWM191018P152,2019-10-16,2019-10-16 09:32:41,1.33,0.9172,3,1.27,0.8758,30,1.3,0.8965,10,1.3,0.8965,100,0
IWM191018P152,2019-10-16,2019-10-16 09:32:42,1.32,0.9103,20,1.28,0.8827,3,1.3,0.8965,10,1.3,0.8965,100,0
IWM191018P152,2019-10-16,2019-10-16 09:32:42,1.32,0.9103,30,1.28,0.8827,3,1.3,0.8965,10,1.3,0.8965,100,0
IWM191018P152,2019-10-16,2019-10-16 09:32:43,1.32,0.9103,20,1.28,0.8827,20,1.3,0.8965,10,1.3,0.8965,100,0
IWM191018P152,2019-10-16,2019-10-16 09:32:43,1.32,0.9103,30,1.28,0.8827,20,1.3,0.8965,10,1.3,0.8965,100,0
IWM191018P152,2019-10-16,2019-10-16 09:32:44,1.33,0.9172,3,1.28,0.8827,30,1.3,0.8965,10,1.305,0.9,100,0
IWM191018P152,2019-10-16,2019-10-16 09:32:44,1.32,0.9103,10,1.28,0.8827,20,1.3,0.8965,10,1.3,0.8965,100,0
IWM191018P152,2019-10-16,2019-10-16 09:32:45,1.34,0.9241,1,1.29,0.8896,1,1.3,0.8965,10,1.315,0.9068,100,0
IWM191018P152,2019-10-16,2019-10-16 09:32:45,1.33,0.9172,10,1.28,0.8827,30,1.3,0.8965,10,1.305,0.9,100,0
IWM191018P152,2019-10-16,2019-10-16 09:32:46,1.34,0.9241,60,1.28,0.8827,75,1.3,0.8965,10,1.31,0.9034,100,0
IWM191018P152,2019-10-16,2019-10-16 09:32:46,1.34,0.9241,20,1.28,0.8827,75,1.3,0.8965,10,1.31,0.9034,100,0
IWM191018P152,2019-10-16,2019-10-16 09:32:47,1.35,0.931,60,1.28,0.8827,271,1.3,0.8965,10,1.315,0.9068,100,0
IWM191018P152,2019-10-16,2019-10-16 09:32:47,1.35,0.931,10,1.28,0.8827,271,1.3,0.8965,10,1.315,0.9068,100,0
IWM191018P152,2019-10-16,2019-10-16 09:32:48,1.35,0.931,60,1.29,0.8896,75,1.3,0.8965,10,1.32,0.9103,100,0
IWM191018P152,2019-10-16,2019-10-16 09:32:48,1.35,0.931,60,1.28,0.8827,271,1.3,0.8965,10,1.315,0.9068,100,0
IWM191018P152,2019-10-16,2019-10-16 09:32:49,1.35,0.931,10,1.29,0.8896,258,1.3,0.8965,10,1.32,0.9103,100,0
IWM191018P152,2019-10-16,2019-10-16 09:32:49,1.35,0.931,10,1.29,0.8896,75,1.3,0.8965,10,1.32,0.9103,100,0
IWM191018P152,2019-10-16,2019-10-16 09:32:50,1.35,0.931,10,1.29,0.8896,258,1.3,0.8965,10,1.32,0.9103,100,0
IWM191018P152,2019-10-16,2019-10-16 09:32:50,1.35,0.931,60,1.3,0.8965,20,1.3,0.8965,10,1.325,0.9137,100,0
IWM191018P152,2019-10-16,2019-10-16 09:32:51,1.35,0.931,60,1.29,0.8896,75,1.3,0.8965,10,1.32,0.9103,100,0
IWM191018P152,2019-10-16,2019-10-16 09:32:51,1.35,0.931,60,1.3,0.8965,1,1.3,0.8965,10,1.325,0.9137,100,0
IWM191018P152,2019-10-16,2019-10-16 09:32:52,1.35,0.931,3,1.29,0.8896,89,1.3,0.8965,10,1.32,0.9103,100,0
IWM191018P152,2019-10-16,2019-10-16 09:32:54,1.35,0.931,70,1.29,0.8896,74,1.3,0.8965,10,1.32,0.9103,100,0
IWM191018P152,2019-10-16,2019-10-16 09:32:54,1.35,0.931,10,1.29,0.8896,74,1.3,0.8965,10,1.32,0.9103,100,0
IWM191018P152,2019-10-16,2019-10-16 09:32:55,1.35,0.931,106,1.27,0.8758,46,1.3,0.8965,10,1.31,0.9034,100,0
IWM191018P152,2019-10-16,2019-10-16 09:32:55,1.35,0.931,20,1.29,0.8896,74,1.3,0.8965,10,1.32,0.9103,100,0
IWM191018P152,2019-10-16,2019-10-16 09:32:56,1.35,0.931,106,1.28,0.8827,29,1.3,0.8965,10,1.315,0.9068,100,0
IWM191018P152,2019-10-16,2019-10-16 09:32:56,1.35,0.931,106,1.27,0.8758,56,1.3,0.8965,10,1.31,0.9034,100,0
IWM191018P152,2019-10-16,2019-10-16 09:32:57,1.35,0.931,106,1.28,0.8827,29,1.3,0.8965,10,1.315,0.9068,100,0
IWM191018P152,2019-10-16,2019-10-16 09:32:58,1.35,0.931,106,1.28,0.8827,29,1.3,0.8965,10,1.315,0.9068,100,0
IWM191018P152,2019-10-16,2019-10-16 09:32:59,1.35,0.931,106,1.28,0.8827,29,1.3,0.8965,10,1.315,0.9068,100,0
IWM191018P152,2019-10-16,2019-10-16 09:33:00,1.34,0.9241,60,1.28,0.8827,29,1.3,0.8965,10,1.31,0.9034,100,0
IWM191018P152,2019-10-16,2019-10-16 09:33:00,1.35,0.931,106,1.28,0.8827,29,1.3,0.8965,10,1.315,0.9068,100,0
IWM191018P152,2019-10-16,2019-10-16 09:33:01,1.35,0.931,1,1.28,0.8827,29,1.3,0.8965,10,1.315,0.9068,100,0
IWM191018P152,2019-10-16,2019-10-16 09:33:01,1.34,0.9241,20,1.28,0.8827,29,1.3,0.8965,10,1.31,0.9034,100,0
IWM191018P152,2019-10-16,2019-10-16 09:33:02,1.35,0.931,1,1.29,0.8896,72,1.3,0.8965,10,1.32,0.9103,100,0
IWM191018P152,2019-10-16,2019-10-16 09:33:02,1.35,0.931,1,1.28,0.8827,55,1.3,0.8965,10,1.315,0.9068,100,0
IWM191018P152,2019-10-16,2019-10-16 09:33:03,1.35,0.931,20,1.29,0.8896,72,1.3,0.8965,10,1.32,0.9103,100,0
IWM191018P152,2019-10-16,2019-10-16 09:33:03,1.35,0.931,101,1.3,0.8965,10,1.3,0.8965,10,1.325,0.9137,100,0
IWM191018P152,2019-10-16,2019-10-16 09:33:04,1.35,0.931,101,1.3,0.8965,10,1.3,0.8965,10,1.325,0.9137,100,0
IWM191018P152,2019-10-16,2019-10-16 09:33:04,1.34,0.9241,1,1.3,0.8965,44,1.3,0.8965,10,1.32,0.9103,100,0
IWM191018P152,2019-10-16,2019-10-16 09:33:05,1.35,0.931,20,1.3,0.8965,71,1.3,0.8965,10,1.325,0.9137,100,0
IWM191018P152,2019-10-16,2019-10-16 09:33:05,1.35,0.931,91,1.3,0.8965,49,1.3,0.8965,10,1.325,0.9137,100,0
IWM191018P152,2019-10-16,2019-10-16 09:33:06,1.35,0.931,41,1.3,0.8965,71,1.3,0.8965,10,1.325,0.9137,100,0
IWM191018P152,2019-10-16,2019-10-16 09:33:06,1.35,0.931,91,1.31,0.9034,5,1.3,0.8965,10,1.33,0.9172,100,0
IWM191018P152,2019-10-16,2019-10-16 09:33:07,1.35,0.931,1,1.3,0.8965,71,1.3,0.8965,10,1.325,0.9137,100,0
IWM191018P152,2019-10-16,2019-10-16 09:33:07,1.35,0.931,30,1.3,0.8965,76,1.3,0.8965,10,1.325,0.9137,100,0
IWM191018P152,2019-10-16,2019-10-16 09:33:08,1.35,0.931,30,1.3,0.8965,71,1.3,0.8965,10,1.325,0.9137,100,0
IWM191018P152,2019-10-16,2019-10-16 09:33:09,1.35,0.931,30,1.3,0.8965,70,1.3,0.8965,10,1.325,0.9137,100,0
IWM191018P152,2019-10-16,2019-10-16 09:33:10,1.35,0.931,121,1.3,0.8965,58,1.3,0.8965,10,1.325,0.9137,100,0
IWM191018P152,2019-10-16,2019-10-16 09:33:10,1.35,0.931,46,1.3,0.8965,58,1.3,0.8965,10,1.325,0.9137,100,0
IWM191018P152,2019-10-16,2019-10-16 09:33:11,1.35,0.931,121,1.29,0.8896,70,1.3,0.8965,10,1.32,0.9103,100,0
IWM191018P152,2019-10-16,2019-10-16 09:33:12,1.35,0.931,61,1.29,0.8896,101,1.3,0.8965,10,1.32,0.9103,100,0
IWM191018P152,2019-10-16,2019-10-16 09:33:12,1.35,0.931,121,1.29,0.8896,101,1.3,0.8965,10,1.32,0.9103,100,0
IWM191018P152,2019-10-16,2019-10-16 09:33:13,1.33,0.9172,2,1.29,0.8896,28,1.3,0.8965,10,1.31,0.9034,100,0
IWM191018P152,2019-10-16,2019-10-16 09:33:13,1.35,0.931,121,1.29,0.8896,101,1.3,0.8965,10,1.32,0.9103,100,0
IWM191018P152,2019-10-16,2019-10-16 09:33:14,1.33,0.9172,30,1.29,0.8896,13,1.3,0.8965,10,1.31,0.9034,100,0
IWM191018P152,2019-10-16,2019-10-16 09:33:15,1.35,0.931,4,1.29,0.8896,69,1.3,0.8965,10,1.32,0.9103,100,0
IWM191018P152,2019-10-16,2019-10-16 09:33:15,1.35,0.931,10,1.29,0.8896,13,1.3,0.8965,10,1.32,0.9103,100,0
IWM191018P152,2019-10-16,2019-10-16 09:33:16,1.35,0.931,30,1.29,0.8896,10,1.3,0.8965,10,1.32,0.9103,100,0
IWM191018P152,2019-10-16,2019-10-16 09:33:16,1.35,0.931,20,1.29,0.8896,69,1.3,0.8965,10,1.32,0.9103,100,0
IWM191018P152,2019-10-16,2019-10-16 09:33:17,1.35,0.931,80,1.28,0.8827,56,1.3,0.8965,10,1.315,0.9068,100,0
IWM191018P152,2019-10-16,2019-10-16 09:33:18,1.35,0.931,80,1.28,0.8827,56,1.3,0.8965,10,1.315,0.9068,100,0
IWM191018P152,2019-10-16,2019-10-16 09:33:19,1.34,0.9241,80,1.26,0.8689,74,1.3,0.8965,10,1.3,0.8965,100,0
IWM191018P152,2019-10-16,2019-10-16 09:33:19,1.34,0.9241,80,1.27,0.8758,38,1.3,0.8965,10,1.305,0.9,100,0
IWM191018P152,2019-10-16,2019-10-16 09:33:20,1.34,0.9241,134,1.27,0.8758,38,1.3,0.8965,10,1.305,0.9,100,0
IWM191018P152,2019-10-16,2019-10-16 09:33:20,1.34,0.9241,152,1.27,0.8758,38,1.3,0.8965,10,1.305,0.9,100,0
IWM191018P152,2019-10-16,2019-10-16 09:33:21,1.33,0.9172,80,1.27,0.8758,38,1.3,0.8965,10,1.3,0.8965,100,0
IWM191018P152,2019-10-16,2019-10-16 09:33:21,1.34,0.9241,121,1.27,0.8758,38,1.3,0.8965,10,1.305,0.9,100,0
IWM191018P152,2019-10-16,2019-10-16 09:33:22,1.32,0.9103,20,1.27,0.8758,38,1.3,0.8965,10,1.295,0.8931,100,0
IWM191018P152,2019-10-16,2019-10-16 09:33:22,1.33,0.9172,90,1.27,0.8758,38,1.3,0.8965,10,1.3,0.8965,100,0
IWM191018P152,2019-10-16,2019-10-16 09:33:23,1.31,0.9034,30,1.25,0.862,67,1.3,0.8965,10,1.28,0.8827,100,0
IWM191018P152,2019-10-16,2019-10-16 09:33:23,1.31,0.9034,46,1.25,0.862,67,1.3,0.8965,10,1.28,0.8827,100,0
IWM191018P152,2019-10-16,2019-10-16 09:33:24,1.31,0.9034,36,1.25,0.862,67,1.3,0.8965,10,1.28,0.8827,100,0
IWM191018P152,2019-10-16,2019-10-16 09:33:24,1.3,0.8965,20,1.26,0.8689,10,1.3,0.8965,10,1.28,0.8827,100,0
IWM191018P152,2019-10-16,2019-10-16 09:33:25,1.31,0.9034,3,1.26,0.8689,21,1.3,0.8965,10,1.285,0.8862,100,0
IWM191018P152,2019-10-16,2019-10-16 09:33:25,1.32,0.9103,24,1.26,0.8689,21,1.3,0.8965,10,1.29,0.8896,100,0
IWM191018P152,2019-10-16,2019-10-16 09:33:26,1.31,0.9034,30,1.26,0.8689,51,1.3,0.8965,10,1.285,0.8862,100,0
IWM191018P152,2019-10-16,2019-10-16 09:33:27,1.3,0.8965,30,1.26,0.8689,76,1.3,0.8965,10,1.28,0.8827,100,0
IWM191018P152,2019-10-16,2019-10-16 09:33:27,1.3,0.8965,30,1.25,0.862,60,1.3,0.8965,10,1.275,0.8793,100,0
IWM191018P152,2019-10-16,2019-10-16 09:33:28,1.31,0.9034,2,1.26,0.8689,75,1.3,0.8965,10,1.285,0.8862,100,0
IWM191018P152,2019-10-16,2019-10-16 09:33:29,1.31,0.9034,96,1.26,0.8689,75,1.3,0.8965,10,1.285,0.8862,100,0
IWM191018P152,2019-10-16,2019-10-16 09:33:30,1.31,0.9034,121,1.26,0.8689,75,1.3,0.8965,10,1.285,0.8862,100,0
IWM191018P152,2019-10-16,2019-10-16 09:33:31,1.31,0.9034,121,1.26,0.8689,27,1.3,0.8965,10,1.285,0.8862,100,0
IWM191018P152,2019-10-16,2019-10-16 09:33:32,1.27,0.8758,20,1.25,0.862,20,1.3,0.8965,10,1.26,0.8689,100,0
IWM191018P152,2019-10-16,2019-10-16 09:33:32,1.27,0.8758,20,1.25,0.862,10,1.3,0.8965,10,1.26,0.8689,100,0
IWM191018P152,2019-10-16,2019-10-16 09:33:33,1.28,0.8827,23,1.25,0.862,20,1.3,0.8965,10,1.265,0.8724,100,0
IWM191018P152,2019-10-16,2019-10-16 09:33:33,1.28,0.8827,22,1.25,0.862,30,1.3,0.8965,10,1.265,0.8724,100,0
IWM191018P152,2019-10-16,2019-10-16 09:33:34,1.27,0.8758,20,1.25,0.862,27,1.3,0.8965,10,1.26,0.8689,100,0
IWM191018P152,2019-10-16,2019-10-16 09:33:35,1.26,0.8689,33,1.23,0.8482,12,1.3,0.8965,10,1.245,0.8586,100,0
IWM191018P152,2019-10-16,2019-10-16 09:33:35,1.26,0.8689,22,1.22,0.8413,41,1.3,0.8965,10,1.24,0.8551,100,0
IWM191018P152,2019-10-16,2019-10-16 09:33:36,1.25,0.862,22,1.23,0.8482,10,1.3,0.8965,10,1.24,0.8551,100,0
IWM191018P152,2019-10-16,2019-10-16 09:33:36,1.26,0.8689,20,1.23,0.8482,10,1.3,0.8965,10,1.245,0.8586,100,0
IWM191018P152,2019-10-16,2019-10-16 09:33:37,1.25,0.862,20,1.23,0.8482,10,1.3,0.8965,10,1.24,0.8551,100,0
IWM191018P152,2019-10-16,2019-10-16 09:33:37,1.26,0.8689,28,1.23,0.8482,10,1.3,0.8965,10,1.245,0.8586,100,0
IWM191018P152,2019-10-16,2019-10-16 09:33:38,1.25,0.862,20,1.23,0.8482,10,1.3,0.8965,10,1.24,0.8551,100,0
IWM191018P152,2019-10-16,2019-10-16 09:33:38,1.24,0.8551,22,1.21,0.8344,18,1.3,0.8965,10,1.225,0.8448,100,0
IWM191018P152,2019-10-16,2019-10-16 09:33:39,1.23,0.8482,20,1.21,0.8344,15,1.3,0.8965,10,1.22,0.8413,100,0
IWM191018P152,2019-10-16,2019-10-16 09:33:40,1.23,0.8482,20,1.21,0.8344,15,1.3,0.8965,10,1.22,0.8413,100,0
IWM191018P152,2019-10-16,2019-10-16 09:33:40,1.24,0.8551,40,1.21,0.8344,15,1.3,0.8965,10,1.225,0.8448,100,0
IWM191018P152,2019-10-16,2019-10-16 09:33:41,1.23,0.8482,43,1.2,0.8275,1,1.3,0.8965,10,1.215,0.8379,100,0
IWM191018P152,2019-10-16,2019-10-16 09:33:41,1.25,0.862,22,1.21,0.8344,63,1.3,0.8965,10,1.23,0.8482,100,0
IWM191018P152,2019-10-16,2019-10-16 09:33:42,1.26,0.8689,40,1.23,0.8482,1,1.3,0.8965,10,1.245,0.8586,100,0
IWM191018P152,2019-10-16,2019-10-16 09:33:42,1.26,0.8689,37,1.23,0.8482,1,1.3,0.8965,10,1.245,0.8586,100,0
IWM191018P152,2019-10-16,2019-10-16 09:33:43,1.26,0.8689,24,1.24,0.8551,1,1.3,0.8965,10,1.25,0.862,100,0
IWM191018P152,2019-10-16,2019-10-16 09:33:44,1.26,0.8689,24,1.24,0.8551,3,1.3,0.8965,10,1.25,0.862,100,0
IWM191018P152,2019-10-16,2019-10-16 09:33:45,1.26,0.8689,24,1.24,0.8551,3,1.3,0.8965,10,1.25,0.862,100,0
IWM191018P152,2019-10-16,2019-10-16 09:33:45,1.26,0.8689,20,1.24,0.8551,5,1.3,0.8965,10,1.25,0.862,100,0
IWM191018P152,2019-10-16,2019-10-16 09:33:46,1.26,0.8689,4,1.24,0.8551,23,1.3,0.8965,10,1.25,0.862,100,0
IWM191018P152,2019-10-16,2019-10-16 09:33:46,1.26,0.8689,22,1.23,0.8482,48,1.3,0.8965,10,1.245,0.8586,100,0
IWM191018P152,2019-10-16,2019-10-16 09:33:47,1.26,0.8689,40,1.22,0.8413,61,1.3,0.8965,10,1.24,0.8551,100,0
IWM191018P152,2019-10-16,2019-10-16 09:33:47,1.27,0.8758,28,1.24,0.8551,33,1.3,0.8965,10,1.255,0.8655,100,0
IWM191018P152,2019-10-16,2019-10-16 09:33:48,1.26,0.8689,40,1.22,0.8413,65,1.3,0.8965,10,1.24,0.8551,100,0
IWM191018P152,2019-10-16,2019-10-16 09:33:48,1.26,0.8689,40,1.23,0.8482,8,1.3,0.8965,10,1.245,0.8586,100,0
IWM191018P152,2019-10-16,2019-10-16 09:33:49,1.26,0.8689,24,1.23,0.8482,45,1.3,0.8965,10,1.245,0.8586,100,0
IWM191018P152,2019-10-16,2019-10-16 09:33:50,1.26,0.8689,24,1.23,0.8482,68,1.3,0.8965,10,1.245,0.8586,100,0
IWM191018P152,2019-10-16,2019-10-16 09:33:50,1.26,0.8689,24,1.23,0.8482,45,1.3,0.8965,10,1.245,0.8586,100,0
IWM191018P152,2019-10-16,2019-10-16 09:33:51,1.26,0.8689,23,1.23,0.8482,45,1.3,0.8965,10,1.245,0.8586,100,0
IWM191018P152,2019-10-16,2019-10-16 09:33:51,1.26,0.8689,23,1.23,0.8482,61,1.3,0.8965,10,1.245,0.8586,100,0
IWM191018P152,2019-10-16,2019-10-16 09:33:52,1.26,0.8689,23,1.23,0.8482,84,1.3,0.8965,10,1.245,0.8586,100,0
IWM191018P152,2019-10-16,2019-10-16 09:33:52,1.26,0.8689,23,1.23,0.8482,45,1.3,0.8965,10,1.245,0.8586,100,0
IWM191018P152,2019-10-16,2019-10-16 09:33:53,1.26,0.8689,25,1.23,0.8482,36,1.3,0.8965,10,1.245,0.8586,100,0
IWM191018P152,2019-10-16,2019-10-16 09:33:53,1.26,0.8689,23,1.23,0.8482,64,1.3,0.8965,10,1.245,0.8586,100,0
IWM191018P152,2019-10-16,2019-10-16 09:33:54,1.22,0.8413,3,1.19,0.8206,42,1.3,0.8965,10,1.205,0.831,100,0
IWM191018P152,2019-10-16,2019-10-16 09:33:54,1.23,0.8482,29,1.2,0.8275,4,1.3,0.8965,10,1.215,0.8379,100,0
IWM191018P152,2019-10-16,2019-10-16 09:33:55,1.21,0.8344,23,1.19,0.8206,8,1.3,0.8965,10,1.2,0.8275,100,0
IWM191018P152,2019-10-16,2019-10-16 09:33:55,1.22,0.8413,25,1.2,0.8275,8,1.3,0.8965,10,1.21,0.8344,100,0
IWM191018P152,2019-10-16,2019-10-16 09:33:56,1.21,0.8344,20,1.19,0.8206,4,1.3,0.8965,10,1.2,0.8275,100,0
IWM191018P152,2019-10-16,2019-10-16 09:33:56,1.21,0.8344,34,1.18,0.8137,24,1.3,0.8965,10,1.195,0.8241,100,0
IWM191018P152,2019-10-16,2019-10-16 09:33:57,1.22,0.8413,29,1.19,0.8206,20,1.3,0.8965,10,1.205,0.831,100,0
IWM191018P152,2019-10-16,2019-10-16 09:33:57,1.21,0.8344,20,1.19,0.8206,20,1.3,0.8965,10,1.2,0.8275,100,0
IWM191018P152,2019-10-16,2019-10-16 09:33:58,1.2,0.8275,44,1.17,0.8068,8,1.3,0.8965,10,1.185,0.8172,100,0
IWM191018P152,2019-10-16,2019-10-16 09:33:58,1.21,0.8344,46,1.16,0.8,59,1.3,0.8965,10,1.185,0.8172,100,0
IWM191018P152,2019-10-16,2019-10-16 09:33:59,1.2,0.8275,64,1.16,0.8,72,1.3,0.8965,10,1.18,0.8137,100,0
IWM191018P152,2019-10-16,2019-10-16 09:33:59,1.2,0.8275,61,1.16,0.8,72,1.3,0.8965,10,1.18,0.8137,100,0
IWM191018P152,2019-10-16,2019-10-16 09:34:00,1.19,0.8206,20,1.16,0.8,20,1.3,0.8965,10,1.175,0.8103,100,0
IWM191018P152,2019-10-16,2019-10-16 09:34:00,1.2,0.8275,9,1.18,0.8137,5,1.3,0.8965,10,1.19,0.8206,100,0
IWM191018P152,2019-10-16,2019-10-16 09:34:01,1.22,0.8413,20,1.19,0.8206,23,1.3,0.8965,10,1.205,0.831,100,0
IWM191018P152,2019-10-16,2019-10-16 09:34:01,1.22,0.8413,20,1.19,0.8206,10,1.3,0.8965,10,1.205,0.831,100,0
IWM191018P152,2019-10-16,2019-10-16 09:34:02,1.23,0.8482,32,1.2,0.8275,25,1.3,0.8965,10,1.215,0.8379,100,0
IWM191018P152,2019-10-16,2019-10-16 09:34:02,1.23,0.8482,40,1.19,0.8206,58,1.3,0.8965,10,1.21,0.8344,100,0
IWM191018P152,2019-10-16,2019-10-16 09:34:03,1.23,0.8482,12,1.2,0.8275,59,1.3,0.8965,10,1.215,0.8379,100,0
IWM191018P152,2019-10-16,2019-10-16 09:34:03,1.23,0.8482,32,1.2,0.8275,25,1.3,0.8965,10,1.215,0.8379,100,0
IWM191018P152,2019-10-16,2019-10-16 09:34:04,1.23,0.8482,12,1.2,0.8275,49,1.3,0.8965,10,1.215,0.8379,100,0
IWM191018P152,2019-10-16,2019-10-16 09:34:04,1.23,0.8482,3,1.21,0.8344,24,1.3,0.8965,10,1.22,0.8413,100,0
IWM191018P152,2019-10-16,2019-10-16 09:34:05,1.22,0.8413,23,1.18,0.8137,48,1.3,0.8965,10,1.2,0.8275,100,0
IWM191018P152,2019-10-16,2019-10-16 09:34:05,1.22,0.8413,32,1.19,0.8206,24,1.3,0.8965,10,1.205,0.831,100,0
IWM191018P152,2019-10-16,2019-10-16 09:34:06,1.22,0.8413,12,1.2,0.8275,7,1.3,0.8965,10,1.21,0.8344,100,0
IWM191018P152,2019-10-16,2019-10-16 09:34:06,1.22,0.8413,23,1.19,0.8206,57,1.3,0.8965,10,1.205,0.831,100,0
IWM191018P152,2019-10-16,2019-10-16 09:34:07,1.22,0.8413,3,1.19,0.8206,48,1.3,0.8965,10,1.205,0.831,100,0
IWM191018P152,2019-10-16,2019-10-16 09:34:07,1.22,0.8413,3,1.19,0.8206,33,1.3,0.8965,10,1.205,0.831,100,0
IWM191018P152,2019-10-16,2019-10-16 09:34:08,1.21,0.8344,21,1.18,0.8137,60,1.3,0.8965,10,1.195,0.8241,100,0
IWM191018P152,2019-10-16,2019-10-16 09:34:08,1.21,0.8344,33,1.18,0.8137,60,1.3,0.8965,10,1.195,0.8241,100,0
IWM191018P152,2019-10-16,2019-10-16 09:34:09,1.21,0.8344,46,1.18,0.8137,3,1.3,0.8965,10,1.195,0.8241,100,0
IWM191018P152,2019-10-16,2019-10-16 09:34:10,1.22,0.8413,26,1.19,0.8206,65,1.3,0.8965,10,1.205,0.831,100,0
IWM191018P152,2019-10-16,2019-10-16 09:34:10,1.22,0.8413,26,1.19,0.8206,45,1.3,0.8965,10,1.205,0.831,100,0
IWM191018P152,2019-10-16,2019-10-16 09:34:11,1.22,0.8413,28,1.18,0.8137,34,1.3,0.8965,10,1.2,0.8275,100,0
IWM191018P152,2019-10-16,2019-10-16 09:34:11,1.22,0.8413,48,1.18,0.8137,54,1.3,0.8965,10,1.2,0.8275,100,0
IWM191018P152,2019-10-16,2019-10-16 09:34:12,1.22,0.8413,116,1.15,0.7931,63,1.3,0.8965,10,1.185,0.8172,100,0
IWM191018P152,2019-10-16,2019-10-16 09:34:12,1.22,0.8413,91,1.15,0.7931,63,1.3,0.8965,10,1.185,0.8172,100,0
IWM191018P152,2019-10-16,2019-10-16 09:34:13,1.22,0.8413,116,1.16,0.8,59,1.3,0.8965,10,1.19,0.8206,100,0
IWM191018P152,2019-10-16,2019-10-16 09:34:14,1.22,0.8413,106,1.17,0.8068,56,1.3,0.8965,10,1.195,0.8241,100,0
IWM191018P152,2019-10-16,2019-10-16 09:34:14,1.22,0.8413,106,1.17,0.8068,60,1.3,0.8965,10,1.195,0.8241,100,0
IWM191018P152,2019-10-16,2019-10-16 09:34:15,1.22,0.8413,106,1.17,0.8068,60,1.3,0.8965,10,1.195,0.8241,100,0
IWM191018P152,2019-10-16,2019-10-16 09:34:15,1.22,0.8413,106,1.17,0.8068,56,1.3,0.8965,10,1.195,0.8241,100,0
IWM191018P152,2019-10-16,2019-10-16 09:34:16,1.22,0.8413,106,1.16,0.8,23,1.3,0.8965,10,1.19,0.8206,100,0
IWM191018P152,2019-10-16,2019-10-16 09:34:17,1.22,0.8413,116,1.16,0.8,23,1.3,0.8965,10,1.19,0.8206,100,0
IWM191018P152,2019-10-16,2019-10-16 09:34:18,1.22,0.8413,106,1.16,0.8,37,1.3,0.8965,10,1.19,0.8206,100,0
IWM191018P152,2019-10-16,2019-10-16 09:34:18,1.22,0.8413,116,1.16,0.8,37,1.3,0.8965,10,1.19,0.8206,100,0
IWM191018P152,2019-10-16,2019-10-16 09:34:19,1.22,0.8413,106,1.16,0.8,37,1.3,0.8965,10,1.19,0.8206,100,0
IWM191018P152,2019-10-16,2019-10-16 09:34:20,1.19,0.8206,1,1.16,0.8,37,1.3,0.8965,10,1.175,0.8103,100,0
IWM191018P152,2019-10-16,2019-10-16 09:34:20,1.22,0.8413,106,1.16,0.8,37,1.3,0.8965,10,1.19,0.8206,100,0
IWM191018P152,2019-10-16,2019-10-16 09:34:21,1.21,0.8344,31,1.18,0.8137,2,1.19,0.8206,1,1.195,0.8241,101,0
IWM191018P152,2019-10-16,2019-10-16 09:34:21,1.21,0.8344,41,1.17,0.8068,22,1.19,0.8206,1,1.19,0.8206,101,1
IWM191018P152,2019-10-16,2019-10-16 09:34:22,1.22,0.8413,55,1.18,0.8137,35,1.19,0.8206,1,1.2,0.8275,101,0
IWM191018P152,2019-10-16,2019-10-16 09:34:23,1.22,0.8413,71,1.18,0.8137,35,1.19,0.8206,1,1.2,0.8275,101,0
IWM191018P152,2019-10-16,2019-10-16 09:34:23,1.22,0.8413,54,1.18,0.8137,35,1.19,0.8206,1,1.2,0.8275,101,0
IWM191018P152,2019-10-16,2019-10-16 09:34:24,1.22,0.8413,10,1.18,0.8137,55,1.19,0.8206,1,1.2,0.8275,101,0
IWM191018P152,2019-10-16,2019-10-16 09:34:24,1.22,0.8413,54,1.18,0.8137,53,1.19,0.8206,1,1.2,0.8275,101,0
IWM191018P152,2019-10-16,2019-10-16 09:34:25,1.22,0.8413,10,1.18,0.8137,55,1.19,0.8206,1,1.2,0.8275,101,0
IWM191018P152,2019-10-16,2019-10-16 09:34:26,1.22,0.8413,10,1.13,0.7793,31,1.19,0.8206,1,1.175,0.8103,101,0
IWM191018P152,2019-10-16,2019-10-16 09:34:26,1.2,0.8275,121,1.13,0.7793,20,1.19,0.8206,1,1.165,0.8034,101,0
IWM191018P152,2019-10-16,2019-10-16 09:34:27,1.19,0.8206,54,1.12,0.7724,58,1.19,0.8206,1,1.155,0.7965,101,0
IWM191018P152,2019-10-16,2019-10-16 09:34:27,1.19,0.8206,121,1.14,0.7862,17,1.19,0.8206,1,1.165,0.8034,101,0
IWM191018P152,2019-10-16,2019-10-16 09:34:28,1.19,0.8206,221,1.14,0.7862,10,1.19,0.8206,1,1.165,0.8034,101,0
IWM191018P152,2019-10-16,2019-10-16 09:34:28,1.19,0.8206,135,1.13,0.7793,10,1.19,0.8206,1,1.16,0.8,101,0
IWM191018P152,2019-10-16,2019-10-16 09:34:29,1.18,0.8137,15,1.14,0.7862,52,1.19,0.8206,1,1.16,0.8,101,0
IWM191018P152,2019-10-16,2019-10-16 09:34:29,1.18,0.8137,30,1.14,0.7862,62,1.19,0.8206,1,1.16,0.8,101,0
IWM191018P152,2019-10-16,2019-10-16 09:34:30,1.18,0.8137,20,1.14,0.7862,62,1.19,0.8206,1,1.16,0.8,101,0
IWM191018P152,2019-10-16,2019-10-16 09:34:30,1.18,0.8137,12,1.15,0.7931,54,1.19,0.8206,1,1.165,0.8034,101,0
IWM191018P152,2019-10-16,2019-10-16 09:34:31,1.19,0.8206,42,1.15,0.7931,54,1.19,0.8206,1,1.17,0.8068,101,0
IWM191018P152,2019-10-16,2019-10-16 09:34:31,1.18,0.8137,12,1.16,0.8,8,1.19,0.8206,1,1.17,0.8068,101,0
IWM191018P152,2019-10-16,2019-10-16 09:34:32,1.19,0.8206,121,1.14,0.7862,19,1.19,0.8206,1,1.165,0.8034,101,0
IWM191018P152,2019-10-16,2019-10-16 09:34:33,1.19,0.8206,131,1.14,0.7862,19,1.19,0.8206,1,1.165,0.8034,101,0
IWM191018P152,2019-10-16,2019-10-16 09:34:34,1.19,0.8206,121,1.13,0.7793,54,1.19,0.8206,1,1.16,0.8,101,0
IWM191018P152,2019-10-16,2019-10-16 09:34:34,1.19,0.8206,121,1.13,0.7793,49,1.19,0.8206,1,1.16,0.8,101,0
IWM191018P152,2019-10-16,2019-10-16 09:34:35,1.19,0.8206,229,1.13,0.7793,54,1.19,0.8206,1,1.16,0.8,101,0
IWM191018P152,2019-10-16,2019-10-16 09:34:35,1.19,0.8206,121,1.13,0.7793,54,1.19,0.8206,1,1.16,0.8,101,0
IWM191018P152,2019-10-16,2019-10-16 09:34:36,1.19,0.8206,291,1.13,0.7793,54,1.19,0.8206,1,1.16,0.8,101,0
IWM191018P152,2019-10-16,2019-10-16 09:34:36,1.19,0.8206,355,1.12,0.7724,54,1.19,0.8206,1,1.155,0.7965,101,0
IWM191018P152,2019-10-16,2019-10-16 09:34:37,1.19,0.8206,349,1.12,0.7724,42,1.19,0.8206,1,1.155,0.7965,101,0
IWM191018P152,2019-10-16,2019-10-16 09:34:37,1.19,0.8206,355,1.12,0.7724,32,1.19,0.8206,1,1.155,0.7965,101,0
IWM191018P152,2019-10-16,2019-10-16 09:34:38,1.16,0.8,47,1.12,0.7724,54,1.19,0.8206,1,1.14,0.7862,101,0
IWM191018P152,2019-10-16,2019-10-16 09:34:39,1.16,0.8,36,1.12,0.7724,79,1.19,0.8206,1,1.14,0.7862,101,0
IWM191018P152,2019-10-16,2019-10-16 09:34:39,1.16,0.8,40,1.12,0.7724,52,1.19,0.8206,1,1.14,0.7862,101,0
IWM191018P152,2019-10-16,2019-10-16 09:34:40,1.16,0.8,36,1.12,0.7724,79,1.19,0.8206,1,1.14,0.7862,101,0
IWM191018P152,2019-10-16,2019-10-16 09:34:40,1.17,0.8068,21,1.13,0.7793,54,1.19,0.8206,1,1.15,0.7931,101,0
IWM191018P152,2019-10-16,2019-10-16 09:34:41,1.17,0.8068,23,1.14,0.7862,8,1.19,0.8206,1,1.155,0.7965,101,0
IWM191018P152,2019-10-16,2019-10-16 09:34:41,1.17,0.8068,21,1.13,0.7793,54,1.19,0.8206,1,1.15,0.7931,101,0
IWM191018P152,2019-10-16,2019-10-16 09:34:42,1.17,0.8068,16,1.14,0.7862,10,1.19,0.8206,1,1.155,0.7965,101,0
IWM191018P152,2019-10-16,2019-10-16 09:34:42,1.17,0.8068,16,1.14,0.7862,20,1.19,0.8206,1,1.155,0.7965,101,0
IWM191018P152,2019-10-16,2019-10-16 09:34:43,1.18,0.8137,1,1.13,0.7793,23,1.19,0.8206,1,1.155,0.7965,101,0
IWM191018P152,2019-10-16,2019-10-16 09:34:43,1.19,0.8206,53,1.13,0.7793,30,1.19,0.8206,1,1.16,0.8,101,0
IWM191018P152,2019-10-16,2019-10-16 09:34:44,1.19,0.8206,53,1.13,0.7793,58,1.19,0.8206,1,1.16,0.8,101,0
IWM191018P152,2019-10-16,2019-10-16 09:34:44,1.19,0.8206,78,1.14,0.7862,59,1.19,0.8206,1,1.165,0.8034,101,0
IWM191018P152,2019-10-16,2019-10-16 09:34:45,1.19,0.8206,24,1.15,0.7931,57,1.19,0.8206,1,1.17,0.8068,101,0
IWM191018P152,2019-10-16,2019-10-16 09:34:45,1.19,0.8206,116,1.14,0.7862,57,1.19,0.8206,1,1.165,0.8034,101,0
IWM191018P152,2019-10-16,2019-10-16 09:34:46,1.2,0.8275,1,1.15,0.7931,77,1.19,0.8206,1,1.175,0.8103,101,0
IWM191018P152,2019-10-16,2019-10-16 09:34:46,1.19,0.8206,24,1.15,0.7931,52,1.19,0.8206,1,1.17,0.8068,101,0
IWM191018P152,2019-10-16,2019-10-16 09:34:47,1.2,0.8275,32,1.16,0.8,52,1.19,0.8206,1,1.18,0.8137,101,0
IWM191018P152,2019-10-16,2019-10-16 09:34:47,1.2,0.8275,76,1.16,0.8,52,1.19,0.8206,1,1.18,0.8137,101,0
IWM191018P152,2019-10-16,2019-10-16 09:34:48,1.2,0.8275,76,1.16,0.8,52,1.19,0.8206,1,1.18,0.8137,101,0
IWM191018P152,2019-10-16,2019-10-16 09:34:48,1.2,0.8275,66,1.16,0.8,63,1.19,0.8206,1,1.18,0.8137,101,0
IWM191018P152,2019-10-16,2019-10-16 09:34:49,1.2,0.8275,136,1.14,0.7862,44,1.19,0.8206,1,1.17,0.8068,101,0
IWM191018P152,2019-10-16,2019-10-16 09:34:49,1.2,0.8275,126,1.14,0.7862,40,1.19,0.8206,1,1.17,0.8068,101,0
IWM191018P152,2019-10-16,2019-10-16 09:34:50,1.19,0.8206,4,1.14,0.7862,49,1.19,0.8206,1,1.165,0.8034,101,0
IWM191018P152,2019-10-16,2019-10-16 09:34:50,1.19,0.8206,40,1.14,0.7862,23,1.19,0.8206,1,1.165,0.8034,101,0
IWM191018P152,2019-10-16,2019-10-16 09:34:51,1.19,0.8206,30,1.14,0.7862,37,1.19,0.8206,1,1.165,0.8034,101,0
IWM191018P152,2019-10-16,2019-10-16 09:34:51,1.19,0.8206,61,1.15,0.7931,8,1.19,0.8206,1,1.17,0.8068,101,0
IWM191018P152,2019-10-16,2019-10-16 09:34:52,1.19,0.8206,30,1.15,0.7931,30,1.19,0.8206,1,1.17,0.8068,101,0
IWM191018P152,2019-10-16,2019-10-16 09:34:53,1.19,0.8206,57,1.12,0.7724,20,1.19,0.8206,1,1.155,0.7965,101,0
IWM191018P152,2019-10-16,2019-10-16 09:34:53,1.19,0.8206,57,1.15,0.7931,41,1.19,0.8206,1,1.17,0.8068,101,0
IWM191018P152,2019-10-16,2019-10-16 09:34:54,1.18,0.8137,153,1.12,0.7724,2,1.19,0.8206,1,1.15,0.7931,101,0
IWM191018P152,2019-10-16,2019-10-16 09:34:54,1.17,0.8068,20,1.12,0.7724,68,1.19,0.8206,1,1.145,0.7896,101,0
IWM191018P152,2019-10-16,2019-10-16 09:34:55,1.17,0.8068,6,1.12,0.7724,86,1.19,0.8206,1,1.145,0.7896,101,0
IWM191018P152,2019-10-16,2019-10-16 09:34:55,1.17,0.8068,6,1.12,0.7724,68,1.19,0.8206,1,1.145,0.7896,101,0
IWM191018P152,2019-10-16,2019-10-16 09:34:56,1.17,0.8068,10,1.13,0.7793,1,1.19,0.8206,1,1.15,0.7931,101,0
IWM191018P152,2019-10-16,2019-10-16 09:34:56,1.17,0.8068,20,1.14,0.7862,17,1.19,0.8206,1,1.155,0.7965,101,0
IWM191018P152,2019-10-16,2019-10-16 09:34:57,1.17,0.8068,20,1.14,0.7862,17,1.19,0.8206,1,1.155,0.7965,101,0
IWM191018P152,2019-10-16,2019-10-16 09:34:57,1.17,0.8068,30,1.14,0.7862,17,1.19,0.8206,1,1.155,0.7965,101,0
IWM191018P152,2019-10-16,2019-10-16 09:34:58,1.17,0.8068,30,1.13,0.7793,51,1.19,0.8206,1,1.15,0.7931,101,0
IWM191018P152,2019-10-16,2019-10-16 09:34:58,1.17,0.8068,30,1.12,0.7724,51,1.19,0.8206,1,1.145,0.7896,101,0
IWM191018P152,2019-10-16,2019-10-16 09:34:59,1.17,0.8068,46,1.13,0.7793,51,1.19,0.8206,1,1.15,0.7931,101,0
IWM191018P152,2019-10-16,2019-10-16 09:35:00,1.17,0.8068,92,1.11,0.7655,37,1.19,0.8206,1,1.14,0.7862,101,0
IWM191018P152,2019-10-16,2019-10-16 09:35:00,1.16,0.8,204,1.11,0.7655,37,1.19,0.8206,1,1.135,0.7827,101,0
IWM191018P152,2019-10-16,2019-10-16 09:35:01,1.16,0.8,258,1.1,0.7586,40,1.19,0.8206,1,1.13,0.7793,101,0
IWM191018P152,2019-10-16,2019-10-16 09:35:01,1.16,0.8,410,1.1,0.7586,36,1.19,0.8206,1,1.13,0.7793,101,0
IWM191018P152,2019-10-16,2019-10-16 09:35:02,1.16,0.8,345,1.1,0.7586,43,1.19,0.8206,1,1.13,0.7793,101,0
IWM191018P152,2019-10-16,2019-10-16 09:35:02,1.16,0.8,345,1.11,0.7655,48,1.19,0.8206,1,1.135,0.7827,101,0
IWM191018P152,2019-10-16,2019-10-16 09:35:03,1.14,0.7862,171,1.1,0.7586,51,1.19,0.8206,1,1.12,0.7724,101,0
IWM191018P152,2019-10-16,2019-10-16 09:35:03,1.14,0.7862,14,1.1,0.7586,51,1.19,0.8206,1,1.12,0.7724,101,0
IWM191018P152,2019-10-16,2019-10-16 09:35:04,1.15,0.7931,10,1.1,0.7586,20,1.19,0.8206,1,1.125,0.7758,101,0
IWM191018P152,2019-10-16,2019-10-16 09:35:04,1.16,0.8,193,1.1,0.7586,20,1.19,0.8206,1,1.13,0.7793,101,0
IWM191018P152,2019-10-16,2019-10-16 09:35:05,1.15,0.7931,10,1.11,0.7655,51,1.19,0.8206,1,1.13,0.7793,101,0
IWM191018P152,2019-10-16,2019-10-16 09:35:05,1.16,0.8,316,1.1,0.7586,20,1.19,0.8206,1,1.13,0.7793,101,0
IWM191018P152,2019-10-16,2019-10-16 09:35:06,1.15,0.7931,10,1.11,0.7655,67,1.19,0.8206,1,1.13,0.7793,101,0
IWM191018P152,2019-10-16,2019-10-16 09:35:06,1.16,0.8,20,1.11,0.7655,60,1.19,0.8206,1,1.135,0.7827,101,0
IWM191018P152,2019-10-16,2019-10-16 09:35:07,1.16,0.8,188,1.11,0.7655,60,1.19,0.8206,1,1.135,0.7827,101,0
IWM191018P152,2019-10-16,2019-10-16 09:35:07,1.17,0.8068,7,1.11,0.7655,60,1.19,0.8206,1,1.14,0.7862,101,0
IWM191018P152,2019-10-16,2019-10-16 09:35:08,1.16,0.8,1,1.13,0.7793,55,1.19,0.8206,1,1.145,0.7896,101,0
IWM191018P152,2019-10-16,2019-10-16 09:35:08,1.17,0.8068,165,1.11,0.7655,51,1.19,0.8206,1,1.14,0.7862,101,0
IWM191018P152,2019-10-16,2019-10-16 09:35:09,1.18,0.8137,20,1.13,0.7793,55,1.19,0.8206,1,1.155,0.7965,101,0
IWM191018P152,2019-10-16,2019-10-16 09:35:09,1.17,0.8068,1,1.13,0.7793,55,1.19,0.8206,1,1.15,0.7931,101,0
IWM191018P152,2019-10-16,2019-10-16 09:35:10,1.17,0.8068,46,1.13,0.7793,76,1.19,0.8206,1,1.15,0.7931,101,0
IWM191018P152,2019-10-16,2019-10-16 09:35:10,1.17,0.8068,120,1.13,0.7793,55,1.19,0.8206,1,1.15,0.7931,101,0
IWM191018P152,2019-10-16,2019-10-16 09:35:11,1.16,0.8,10,1.14,0.7862,4,1.19,0.8206,1,1.15,0.7931,101,0
IWM191018P152,2019-10-16,2019-10-16 09:35:12,1.16,0.8,177,1.13,0.7793,69,1.19,0.8206,1,1.145,0.7896,101,0
IWM191018P152,2019-10-16,2019-10-16 09:35:12,1.16,0.8,36,1.11,0.7655,72,1.19,0.8206,1,1.135,0.7827,101,0
IWM191018P152,2019-10-16,2019-10-16 09:35:13,1.16,0.8,138,1.11,0.7655,72,1.19,0.8206,1,1.135,0.7827,101,0
IWM191018P152,2019-10-16,2019-10-16 09:35:14,1.16,0.8,36,1.11,0.7655,72,1.19,0.8206,1,1.135,0.7827,101,0
IWM191018P152,2019-10-16,2019-10-16 09:35:15,1.17,0.8068,14,1.14,0.7862,47,1.19,0.8206,1,1.155,0.7965,101,0
IWM191018P152,2019-10-16,2019-10-16 09:35:15,1.16,0.8,10,1.13,0.7793,9,1.19,0.8206,1,1.145,0.7896,101,0
IWM191018P152,2019-10-16,2019-10-16 09:35:16,1.17,0.8068,4,1.14,0.7862,47,1.19,0.8206,1,1.155,0.7965,101,0
IWM191018P152,2019-10-16,2019-10-16 09:35:16,1.17,0.8068,14,1.14,0.7862,47,1.19,0.8206,1,1.155,0.7965,101,0
IWM191018P152,2019-10-16,2019-10-16 09:35:17,1.17,0.8068,10,1.14,0.7862,86,1.19,0.8206,1,1.155,0.7965,101,0
IWM191018P152,2019-10-16,2019-10-16 09:35:17,1.17,0.8068,30,1.14,0.7862,47,1.19,0.8206,1,1.155,0.7965,101,0
IWM191018P152,2019-10-16,2019-10-16 09:35:18,1.17,0.8068,73,1.12,0.7724,55,1.19,0.8206,1,1.145,0.7896,101,0
IWM191018P152,2019-10-16,2019-10-16 09:35:18,1.17,0.8068,30,1.14,0.7862,47,1.19,0.8206,1,1.155,0.7965,101,0
IWM191018P152,2019-10-16,2019-10-16 09:35:19,1.17,0.8068,124,1.12,0.7724,55,1.19,0.8206,1,1.145,0.7896,101,0
IWM191018P152,2019-10-16,2019-10-16 09:35:19,1.17,0.8068,124,1.13,0.7793,57,1.19,0.8206,1,1.15,0.7931,101,0
IWM191018P152,2019-10-16,2019-10-16 09:35:20,1.17,0.8068,78,1.13,0.7793,73,1.19,0.8206,1,1.15,0.7931,101,0
IWM191018P152,2019-10-16,2019-10-16 09:35:21,1.17,0.8068,20,1.13,0.7793,74,1.19,0.8206,1,1.15,0.7931,101,0
IWM191018P152,2019-10-16,2019-10-16 09:35:22,1.17,0.8068,155,1.13,0.7793,46,1.19,0.8206,1,1.15,0.7931,101,0
IWM191018P152,2019-10-16,2019-10-16 09:35:22,1.17,0.8068,155,1.14,0.7862,79,1.19,0.8206,1,1.155,0.7965,101,0
IWM191018P152,2019-10-16,2019-10-16 09:35:23,1.17,0.8068,126,1.13,0.7793,41,1.19,0.8206,1,1.15,0.7931,101,0
IWM191018P152,2019-10-16,2019-10-16 09:35:23,1.17,0.8068,126,1.13,0.7793,46,1.19,0.8206,1,1.15,0.7931,101,0
IWM191018P152,2019-10-16,2019-10-16 09:35:24,1.17,0.8068,136,1.13,0.7793,36,1.19,0.8206,1,1.15,0.7931,101,0
IWM191018P152,2019-10-16,2019-10-16 09:35:24,1.17,0.8068,136,1.13,0.7793,41,1.19,0.8206,1,1.15,0.7931,101,0
IWM191018P152,2019-10-16,2019-10-16 09:35:25,1.17,0.8068,239,1.11,0.7655,54,1.19,0.8206,1,1.14,0.7862,101,0
IWM191018P152,2019-10-16,2019-10-16 09:35:25,1.17,0.8068,203,1.11,0.7655,54,1.19,0.8206,1,1.14,0.7862,101,0
IWM191018P152,2019-10-16,2019-10-16 09:35:26,1.17,0.8068,196,1.12,0.7724,53,1.19,0.8206,1,1.145,0.7896,101,0
IWM191018P152,2019-10-16,2019-10-16 09:35:26,1.17,0.8068,203,1.12,0.7724,53,1.19,0.8206,1,1.145,0.7896,101,0
IWM191018P152,2019-10-16,2019-10-16 09:35:27,1.17,0.8068,191,1.12,0.7724,58,1.19,0.8206,1,1.145,0.7896,101,0
IWM191018P152,2019-10-16,2019-10-16 09:35:27,1.17,0.8068,201,1.13,0.7793,1,1.19,0.8206,1,1.15,0.7931,101,0
IWM191018P152,2019-10-16,2019-10-16 09:35:28,1.17,0.8068,118,1.12,0.7724,58,1.19,0.8206,1,1.145,0.7896,101,0
IWM191018P152,2019-10-16,2019-10-16 09:35:28,1.17,0.8068,76,1.12,0.7724,58,1.19,0.8206,1,1.145,0.7896,101,0
IWM191018P152,2019-10-16,2019-10-16 09:35:29,1.17,0.8068,86,1.13,0.7793,58,1.19,0.8206,1,1.15,0.7931,101,0
IWM191018P152,2019-10-16,2019-10-16 09:35:29,1.17,0.8068,76,1.13,0.7793,39,1.19,0.8206,1,1.15,0.7931,101,0
IWM191018P152,2019-10-16,2019-10-16 09:35:30,1.17,0.8068,86,1.13,0.7793,58,1.19,0.8206,1,1.15,0.7931,101,0
IWM191018P152,2019-10-16,2019-10-16 09:35:31,1.18,0.8137,18,1.14,0.7862,49,1.19,0.8206,1,1.16,0.8,101,0
IWM191018P152,2019-10-16,2019-10-16 09:35:31,1.19,0.8206,7,1.14,0.7862,64,1.19,0.8206,1,1.165,0.8034,101,0
IWM191018P152,2019-10-16,2019-10-16 09:35:32,1.19,0.8206,7,1.16,0.8,49,1.19,0.8206,1,1.175,0.8103,101,0
IWM191018P152,2019-10-16,2019-10-16 09:35:32,1.19,0.8206,126,1.15,0.7931,39,1.19,0.8206,1,1.17,0.8068,101,0
IWM191018P152,2019-10-16,2019-10-16 09:35:33,1.19,0.8206,116,1.15,0.7931,44,1.19,0.8206,1,1.17,0.8068,101,0
IWM191018P152,2019-10-16,2019-10-16 09:35:34,1.19,0.8206,116,1.15,0.7931,44,1.19,0.8206,1,1.17,0.8068,101,0
IWM191018P152,2019-10-16,2019-10-16 09:35:35,1.19,0.8206,106,1.14,0.7862,51,1.19,0.8206,1,1.165,0.8034,101,0
IWM191018P152,2019-10-16,2019-10-16 09:35:35,1.19,0.8206,126,1.15,0.7931,44,1.19,0.8206,1,1.17,0.8068,101,0
IWM191018P152,2019-10-16,2019-10-16 09:35:36,1.19,0.8206,164,1.14,0.7862,58,1.19,0.8206,1,1.165,0.8034,101,0
IWM191018P152,2019-10-16,2019-10-16 09:35:36,1.19,0.8206,172,1.14,0.7862,58,1.19,0.8206,1,1.165,0.8034,101,0
IWM191018P152,2019-10-16,2019-10-16 09:35:37,1.19,0.8206,163,1.14,0.7862,65,1.19,0.8206,1,1.165,0.8034,101,0
IWM191018P152,2019-10-16,2019-10-16 09:35:38,1.19,0.8206,153,1.14,0.7862,122,1.19,0.8206,1,1.165,0.8034,101,0
IWM191018P152,2019-10-16,2019-10-16 09:35:38,1.19,0.8206,163,1.14,0.7862,122,1.19,0.8206,1,1.165,0.8034,101,0
IWM191018P152,2019-10-16,2019-10-16 09:35:39,1.19,0.8206,132,1.15,0.7931,54,1.19,0.8206,1,1.17,0.8068,101,0
IWM191018P152,2019-10-16,2019-10-16 09:35:39,1.19,0.8206,162,1.14,0.7862,81,1.19,0.8206,1,1.165,0.8034,101,0
IWM191018P152,2019-10-16,2019-10-16 09:35:40,1.19,0.8206,132,1.15,0.7931,64,1.19,0.8206,1,1.17,0.8068,101,0
IWM191018P152,2019-10-16,2019-10-16 09:35:40,1.19,0.8206,49,1.16,0.8,49,1.19,0.8206,1,1.175,0.8103,101,0
IWM191018P152,2019-10-16,2019-10-16 09:35:41,1.19,0.8206,10,1.16,0.8,62,1.19,0.8206,1,1.175,0.8103,101,0
IWM191018P152,2019-10-16,2019-10-16 09:35:41,1.22,0.8413,121,1.16,0.8,62,1.19,0.8206,1,1.19,0.8206,101,0
IWM191018P152,2019-10-16,2019-10-16 09:35:42,1.21,0.8344,14,1.18,0.8137,54,1.19,0.8206,1,1.195,0.8241,101,0
IWM191018P152,2019-10-16,2019-10-16 09:35:42,1.22,0.8413,46,1.16,0.8,96,1.19,0.8206,1,1.19,0.8206,101,0
IWM191018P152,2019-10-16,2019-10-16 09:35:43,1.21,0.8344,46,1.18,0.8137,54,1.19,0.8206,1,1.195,0.8241,101,0
IWM191018P152,2019-10-16,2019-10-16 09:35:44,1.21,0.8344,46,1.18,0.8137,54,1.19,0.8206,1,1.195,0.8241,101,0
IWM191018P152,2019-10-16,2019-10-16 09:35:44,1.22,0.8413,10,1.18,0.8137,54,1.19,0.8206,1,1.2,0.8275,101,0
IWM191018P152,2019-10-16,2019-10-16 09:35:45,1.23,0.8482,46,1.18,0.8137,61,1.19,0.8206,1,1.205,0.831,101,0
IWM191018P152,2019-10-16,2019-10-16 09:35:45,1.22,0.8413,1,1.18,0.8137,68,1.19,0.8206,1,1.2,0.8275,101,0
IWM191018P152,2019-10-16,2019-10-16 09:35:46,1.24,0.8551,33,1.2,0.8275,53,1.19,0.8206,1,1.22,0.8413,101,0
IWM191018P152,2019-10-16,2019-10-16 09:35:46,1.23,0.8482,12,1.18,0.8137,71,1.19,0.8206,1,1.205,0.831,101,0
IWM191018P152,2019-10-16,2019-10-16 09:35:47,1.23,0.8482,2,1.2,0.8275,59,1.19,0.8206,1,1.215,0.8379,101,0
IWM191018P152,2019-10-16,2019-10-16 09:35:47,1.23,0.8482,2,1.2,0.8275,77,1.19,0.8206,1,1.215,0.8379,101,0
IWM191018P152,2019-10-16,2019-10-16 09:35:48,1.23,0.8482,30,1.19,0.8206,48,1.19,0.8206,1,1.21,0.8344,101,0
IWM191018P152,2019-10-16,2019-10-16 09:35:48,1.23,0.8482,90,1.19,0.8206,53,1.19,0.8206,1,1.21,0.8344,101,0
IWM191018P152,2019-10-16,2019-10-16 09:35:49,1.23,0.8482,111,1.19,0.8206,53,1.19,0.8206,1,1.21,0.8344,101,0
IWM191018P152,2019-10-16,2019-10-16 09:35:49,1.23,0.8482,151,1.19,0.8206,53,1.19,0.8206,1,1.21,0.8344,101,0
IWM191018P152,2019-10-16,2019-10-16 09:35:50,1.24,0.8551,3,1.19,0.8206,88,1.19,0.8206,1,1.215,0.8379,101,0
IWM191018P152,2019-10-16,2019-10-16 09:35:50,1.23,0.8482,10,1.19,0.8206,70,1.19,0.8206,1,1.21,0.8344,101,0
IWM191018P152,2019-10-16,2019-10-16 09:35:51,1.26,0.8689,10,1.19,0.8206,121,1.19,0.8206,1,1.225,0.8448,101,0
IWM191018P152,2019-10-16,2019-10-16 09:35:51,1.26,0.8689,80,1.19,0.8206,131,1.19,0.8206,1,1.225,0.8448,101,0
IWM191018P152,2019-10-16,2019-10-16 09:35:52,1.26,0.8689,155,1.19,0.8206,38,1.19,0.8206,1,1.225,0.8448,101,0
IWM191018P152,2019-10-16,2019-10-16 09:35:52,1.26,0.8689,106,1.19,0.8206,131,1.19,0.8206,1,1.225,0.8448,101,0
IWM191018P152,2019-10-16,2019-10-16 09:35:53,1.24,0.8551,13,1.19,0.8206,43,1.19,0.8206,1,1.215,0.8379,101,0
IWM191018P152,2019-10-16,2019-10-16 09:35:53,1.24,0.8551,44,1.21,0.8344,16,1.19,0.8206,1,1.225,0.8448,101,0
IWM191018P152,2019-10-16,2019-10-16 09:35:54,1.24,0.8551,44,1.21,0.8344,13,1.19,0.8206,1,1.225,0.8448,101,0
IWM191018P152,2019-10-16,2019-10-16 09:35:54,1.24,0.8551,66,1.21,0.8344,13,1.19,0.8206,1,1.225,0.8448,101,0
IWM191018P152,2019-10-16,2019-10-16 09:35:55,1.24,0.8551,44,1.21,0.8344,31,1.19,0.8206,1,1.225,0.8448,101,0
IWM191018P152,2019-10-16,2019-10-16 09:35:55,1.24,0.8551,9,1.21,0.8344,70,1.19,0.8206,1,1.225,0.8448,101,0
IWM191018P152,2019-10-16,2019-10-16 09:35:56,1.25,0.862,10,1.21,0.8344,49,1.19,0.8206,1,1.23,0.8482,101,0
IWM191018P152,2019-10-16,2019-10-16 09:35:57,1.25,0.862,4,1.21,0.8344,56,1.19,0.8206,1,1.23,0.8482,101,0
IWM191018P152,2019-10-16,2019-10-16 09:35:57,1.25,0.862,4,1.21,0.8344,47,1.19,0.8206,1,1.23,0.8482,101,0
IWM191018P152,2019-10-16,2019-10-16 09:35:58,1.28,0.8827,17,1.23,0.8482,70,1.19,0.8206,1,1.255,0.8655,101,0
IWM191018P152,2019-10-16,2019-10-16 09:35:58,1.27,0.8758,47,1.23,0.8482,47,1.19,0.8206,1,1.25,0.862,101,0
IWM191018P152,2019-10-16,2019-10-16 09:35:59,1.29,0.8896,2,1.24,0.8551,47,1.19,0.8206,1,1.265,0.8724,101,0
IWM191018P152,2019-10-16,2019-10-16 09:35:59,1.29,0.8896,2,1.24,0.8551,51,1.19,0.8206,1,1.265,0.8724,101,0
IWM191018P152,2019-10-16,2019-10-16 09:36:00,1.29,0.8896,121,1.24,0.8551,42,1.19,0.8206,1,1.265,0.8724,101,0
IWM191018P152,2019-10-16,2019-10-16 09:36:00,1.29,0.8896,1,1.24,0.8551,41,1.19,0.8206,1,1.265,0.8724,101,0
IWM191018P152,2019-10-16,2019-10-16 09:36:01,1.28,0.8827,2,1.24,0.8551,39,1.19,0.8206,1,1.26,0.8689,101,0
IWM191018P152,2019-10-16,2019-10-16 09:36:01,1.28,0.8827,30,1.24,0.8551,40,1.19,0.8206,1,1.26,0.8689,101,0
IWM191018P152,2019-10-16,2019-10-16 09:36:02,1.28,0.8827,121,1.24,0.8551,40,1.19,0.8206,1,1.26,0.8689,101,0
IWM191018P152,2019-10-16,2019-10-16 09:36:02,1.28,0.8827,36,1.24,0.8551,40,1.19,0.8206,1,1.26,0.8689,101,0
IWM191018P152,2019-10-16,2019-10-16 09:36:03,1.28,0.8827,46,1.24,0.8551,48,1.19,0.8206,1,1.26,0.8689,101,0
IWM191018P152,2019-10-16,2019-10-16 09:36:03,1.28,0.8827,46,1.24,0.8551,40,1.19,0.8206,1,1.26,0.8689,101,0
IWM191018P152,2019-10-16,2019-10-16 09:36:04,1.28,0.8827,86,1.24,0.8551,48,1.19,0.8206,1,1.26,0.8689,101,0
IWM191018P152,2019-10-16,2019-10-16 09:36:04,1.28,0.8827,46,1.24,0.8551,48,1.19,0.8206,1,1.26,0.8689,101,0
IWM191018P152,2019-10-16,2019-10-16 09:36:05,1.28,0.8827,13,1.24,0.8551,48,1.19,0.8206,1,1.26,0.8689,101,0
IWM191018P152,2019-10-16,2019-10-16 09:36:05,1.28,0.8827,116,1.24,0.8551,48,1.19,0.8206,1,1.26,0.8689,101,0
IWM191018P152,2019-10-16,2019-10-16 09:36:06,1.28,0.8827,10,1.24,0.8551,60,1.19,0.8206,1,1.26,0.8689,101,0
IWM191018P152,2019-10-16,2019-10-16 09:36:07,1.28,0.8827,10,1.24,0.8551,22,1.19,0.8206,1,1.26,0.8689,101,0
IWM191018P152,2019-10-16,2019-10-16 09:36:07,1.28,0.8827,46,1.24,0.8551,20,1.19,0.8206,1,1.26,0.8689,101,0
IWM191018P152,2019-10-16,2019-10-16 09:36:08,1.28,0.8827,36,1.24,0.8551,20,1.19,0.8206,1,1.26,0.8689,101,0
IWM191018P152,2019-10-16,2019-10-16 09:36:08,1.28,0.8827,46,1.24,0.8551,30,1.19,0.8206,1,1.26,0.8689,101,0
IWM191018P152,2019-10-16,2019-10-16 09:36:09,1.28,0.8827,106,1.24,0.8551,15,1.19,0.8206,1,1.26,0.8689,101,0
IWM191018P152,2019-10-16,2019-10-16 09:36:09,1.28,0.8827,56,1.24,0.8551,30,1.19,0.8206,1,1.26,0.8689,101,0
IWM191018P152,2019-10-16,2019-10-16 09:36:10,1.28,0.8827,123,1.2,0.8275,41,1.19,0.8206,1,1.24,0.8551,101,0
IWM191018P152,2019-10-16,2019-10-16 09:36:10,1.28,0.8827,117,1.22,0.8413,46,1.19,0.8206,1,1.25,0.862,101,0
IWM191018P152,2019-10-16,2019-10-16 09:36:11,1.25,0.862,47,1.2,0.8275,42,1.19,0.8206,1,1.225,0.8448,101,0
IWM191018P152,2019-10-16,2019-10-16 09:36:11,1.23,0.8482,46,1.19,0.8206,38,1.19,0.8206,1,1.21,0.8344,101,0
IWM191018P152,2019-10-16,2019-10-16 09:36:12,1.23,0.8482,116,1.18,0.8137,36,1.19,0.8206,1,1.205,0.831,101,0
IWM191018P152,2019-10-16,2019-10-16 09:36:13,1.23,0.8482,240,1.18,0.8137,36,1.19,0.8206,1,1.205,0.831,101,0
IWM191018P152,2019-10-16,2019-10-16 09:36:13,1.22,0.8413,70,1.18,0.8137,19,1.19,0.8206,1,1.2,0.8275,101,0
IWM191018P152,2019-10-16,2019-10-16 09:36:14,1.21,0.8344,115,1.17,0.8068,41,1.19,0.8206,1,1.19,0.8206,101,0
IWM191018P152,2019-10-16,2019-10-16 09:36:15,1.21,0.8344,115,1.17,0.8068,46,1.19,0.8206,1,1.19,0.8206,101,0
IWM191018P152,2019-10-16,2019-10-16 09:36:15,1.21,0.8344,36,1.18,0.8137,46,1.19,0.8206,1,1.195,0.8241,101,0
IWM191018P152,2019-10-16,2019-10-16 09:36:16,1.21,0.8344,10,1.18,0.8137,36,1.19,0.8206,1,1.195,0.8241,101,0
IWM191018P152,2019-10-16,2019-10-16 09:36:16,1.21,0.8344,6,1.19,0.8206,12,1.19,0.8206,1,1.2,0.8275,101,0
IWM191018P152,2019-10-16,2019-10-16 09:36:17,1.23,0.8482,86,1.18,0.8137,56,1.19,0.8206,1,1.205,0.831,101,0
IWM191018P152,2019-10-16,2019-10-16 09:36:17,1.21,0.8344,27,1.18,0.8137,46,1.19,0.8206,1,1.195,0.8241,101,0
IWM191018P152,2019-10-16,2019-10-16 09:36:18,1.22,0.8413,27,1.19,0.8206,45,1.19,0.8206,1,1.205,0.831,101,0
IWM191018P152,2019-10-16,2019-10-16 09:36:18,1.22,0.8413,10,1.18,0.8137,56,1.19,0.8206,1,1.2,0.8275,101,0
IWM191018P152,2019-10-16,2019-10-16 09:36:19,1.22,0.8413,56,1.19,0.8206,68,1.19,0.8206,1,1.205,0.831,101,0
IWM191018P152,2019-10-16,2019-10-16 09:36:19,1.22,0.8413,27,1.19,0.8206,68,1.19,0.8206,1,1.205,0.831,101,0
IWM191018P152,2019-10-16,2019-10-16 09:36:20,1.22,0.8413,5,1.19,0.8206,51,1.19,0.8206,1,1.205,0.831,101,0
IWM191018P152,2019-10-16,2019-10-16 09:36:20,1.23,0.8482,59,1.19,0.8206,45,1.19,0.8206,1,1.21,0.8344,101,0
IWM191018P152,2019-10-16,2019-10-16 09:36:21,1.23,0.8482,60,1.19,0.8206,45,1.19,0.8206,1,1.21,0.8344,101,0
IWM191018P152,2019-10-16,2019-10-16 09:36:21,1.22,0.8413,24,1.19,0.8206,45,1.19,0.8206,1,1.205,0.831,101,0
IWM191018P152,2019-10-16,2019-10-16 09:36:22,1.22,0.8413,18,1.19,0.8206,45,1.19,0.8206,1,1.205,0.831,101,0
IWM191018P152,2019-10-16,2019-10-16 09:36:22,1.22,0.8413,28,1.19,0.8206,45,1.19,0.8206,1,1.205,0.831,101,0
IWM191018P152,2019-10-16,2019-10-16 09:36:23,1.22,0.8413,28,1.19,0.8206,45,1.19,0.8206,1,1.205,0.831,101,0
IWM191018P152,2019-10-16,2019-10-16 09:36:23,1.22,0.8413,13,1.19,0.8206,45,1.19,0.8206,1,1.205,0.831,101,0
IWM191018P152,2019-10-16,2019-10-16 09:36:24,1.22,0.8413,6,1.19,0.8206,45,1.19,0.8206,1,1.205,0.831,101,0
IWM191018P152,2019-10-16,2019-10-16 09:36:24,1.23,0.8482,20,1.19,0.8206,45,1.19,0.8206,1,1.21,0.8344,101,0
IWM191018P152,2019-10-16,2019-10-16 09:36:25,1.23,0.8482,24,1.19,0.8206,68,1.19,0.8206,1,1.21,0.8344,101,0
IWM191018P152,2019-10-16,2019-10-16 09:36:25,1.23,0.8482,24,1.19,0.8206,62,1.19,0.8206,1,1.21,0.8344,101,0
IWM191018P152,2019-10-16,2019-10-16 09:36:26,1.23,0.8482,24,1.2,0.8275,45,1.19,0.8206,1,1.215,0.8379,101,0
IWM191018P152,2019-10-16,2019-10-16 09:36:26,1.23,0.8482,24,1.19,0.8206,62,1.19,0.8206,1,1.21,0.8344,101,0
IWM191018P152,2019-10-16,2019-10-16 09:36:27,1.23,0.8482,24,1.2,0.8275,54,1.19,0.8206,1,1.215,0.8379,101,0
IWM191018P152,2019-10-16,2019-10-16 09:36:27,1.23,0.8482,7,1.2,0.8275,45,1.19,0.8206,1,1.215,0.8379,101,0
IWM191018P152,2019-10-16,2019-10-16 09:36:28,1.23,0.8482,65,1.2,0.8275,41,1.19,0.8206,1,1.215,0.8379,101,0
IWM191018P152,2019-10-16,2019-10-16 09:36:28,1.23,0.8482,40,1.2,0.8275,54,1.19,0.8206,1,1.215,0.8379,101,0
IWM191018P152,2019-10-16,2019-10-16 09:36:29,1.22,0.8413,10,1.2,0.8275,41,1.19,0.8206,1,1.21,0.8344,101,0
IWM191018P152,2019-10-16,2019-10-16 09:36:29,1.23,0.8482,106,1.2,0.8275,41,1.19,0.8206,1,1.215,0.8379,101,0
IWM191018P152,2019-10-16,2019-10-16 09:36:30,1.21,0.8344,46,1.18,0.8137,45,1.19,0.8206,1,1.195,0.8241,101,0
IWM191018P152,2019-10-16,2019-10-16 09:36:30,1.21,0.8344,10,1.18,0.8137,45,1.19,0.8206,1,1.195,0.8241,101,0
IWM191018P152,2019-10-16,2019-10-16 09:36:31,1.22,0.8413,55,1.18,0.8137,66,1.19,0.8206,1,1.2,0.8275,101,0
IWM191018P152,2019-10-16,2019-10-16 09:36:32,1.21,0.8344,70,1.18,0.8137,66,1.19,0.8206,1,1.195,0.8241,101,0
IWM191018P152,2019-10-16,2019-10-16 09:36:32,1.21,0.8344,24,1.18,0.8137,66,1.19,0.8206,1,1.195,0.8241,101,0
IWM191018P152,2019-10-16,2019-10-16 09:36:33,1.21,0.8344,70,1.18,0.8137,66,1.19,0.8206,1,1.195,0.8241,101,0
IWM191018P152,2019-10-16,2019-10-16 09:36:33,1.21,0.8344,101,1.18,0.8137,44,1.19,0.8206,1,1.195,0.8241,101,0
IWM191018P152,2019-10-16,2019-10-16 09:36:34,1.21,0.8344,95,1.18,0.8137,44,1.19,0.8206,1,1.195,0.8241,101,0
IWM191018P152,2019-10-16,2019-10-16 09:36:35,1.21,0.8344,73,1.18,0.8137,44,1.19,0.8206,1,1.195,0.8241,101,0
IWM191018P152,2019-10-16,2019-10-16 09:36:35,1.21,0.8344,95,1.18,0.8137,44,1.19,0.8206,1,1.195,0.8241,101,0
IWM191018P152,2019-10-16,2019-10-16 09:36:36,1.21,0.8344,35,1.18,0.8137,44,1.19,0.8206,1,1.195,0.8241,101,0
IWM191018P152,2019-10-16,2019-10-16 09:36:37,1.21,0.8344,23,1.18,0.8137,44,1.19,0.8206,1,1.195,0.8241,101,0
IWM191018P152,2019-10-16,2019-10-16 09:36:37,1.21,0.8344,34,1.18,0.8137,44,1.19,0.8206,1,1.195,0.8241,101,0
IWM191018P152,2019-10-16,2019-10-16 09:36:38,1.21,0.8344,34,1.18,0.8137,44,1.19,0.8206,1,1.195,0.8241,101,0
IWM191018P152,2019-10-16,2019-10-16 09:36:38,1.21,0.8344,28,1.18,0.8137,44,1.19,0.8206,1,1.195,0.8241,101,0
IWM191018P152,2019-10-16,2019-10-16 09:36:39,1.21,0.8344,42,1.18,0.8137,44,1.19,0.8206,1,1.195,0.8241,101,0
IWM191018P152,2019-10-16,2019-10-16 09:36:39,1.21,0.8344,67,1.17,0.8068,17,1.19,0.8206,1,1.19,0.8206,101,0
IWM191018P152,2019-10-16,2019-10-16 09:36:40,1.2,0.8275,33,1.17,0.8068,36,1.19,0.8206,1,1.185,0.8172,101,0
IWM191018P152,2019-10-16,2019-10-16 09:36:40,1.2,0.8275,63,1.17,0.8068,35,1.19,0.8206,1,1.185,0.8172,101,0
IWM191018P152,2019-10-16,2019-10-16 09:36:41,1.2,0.8275,42,1.16,0.8,43,1.19,0.8206,1,1.18,0.8137,101,0
IWM191018P152,2019-10-16,2019-10-16 09:36:41,1.19,0.8206,12,1.16,0.8,43,1.19,0.8206,1,1.175,0.8103,101,0
IWM191018P152,2019-10-16,2019-10-16 09:36:42,1.19,0.8206,39,1.16,0.8,43,1.19,0.8206,1,1.175,0.8103,101,0
IWM191018P152,2019-10-16,2019-10-16 09:36:42,1.19,0.8206,24,1.16,0.8,53,1.19,0.8206,1,1.175,0.8103,101,0
IWM191018P152,2019-10-16,2019-10-16 09:36:43,1.18,0.8137,58,1.14,0.7862,44,1.19,0.8206,1,1.16,0.8,101,0
IWM191018P152,2019-10-16,2019-10-16 09:36:43,1.19,0.8206,50,1.16,0.8,43,1.19,0.8206,1,1.175,0.8103,101,0
IWM191018P152,2019-10-16,2019-10-16 09:36:44,1.18,0.8137,117,1.14,0.7862,49,1.19,0.8206,1,1.16,0.8,101,0
IWM191018P152,2019-10-16,2019-10-16 09:36:45,1.17,0.8068,100,1.14,0.7862,49,1.19,0.8206,1,1.155,0.7965,101,0
IWM191018P152,2019-10-16,2019-10-16 09:36:45,1.17,0.8068,60,1.14,0.7862,49,1.19,0.8206,1,1.155,0.7965,101,0
IWM191018P152,2019-10-16,2019-10-16 09:36:46,1.16,0.8,85,1.14,0.7862,50,1.19,0.8206,1,1.15,0.7931,101,0
IWM191018P152,2019-10-16,2019-10-16 09:36:46,1.16,0.8,34,1.14,0.7862,50,1.19,0.8206,1,1.15,0.7931,101,0
IWM191018P152,2019-10-16,2019-10-16 09:36:47,1.16,0.8,85,1.13,0.7793,44,1.19,0.8206,1,1.145,0.7896,101,0
IWM191018P152,2019-10-16,2019-10-16 09:36:47,1.16,0.8,2,1.13,0.7793,44,1.19,0.8206,1,1.145,0.7896,101,0
IWM191018P152,2019-10-16,2019-10-16 09:36:48,1.17,0.8068,36,1.13,0.7793,71,1.19,0.8206,1,1.15,0.7931,101,0
IWM191018P152,2019-10-16,2019-10-16 09:36:48,1.17,0.8068,49,1.13,0.7793,57,1.19,0.8206,1,1.15,0.7931,101,0
IWM191018P152,2019-10-16,2019-10-16 09:36:49,1.17,0.8068,27,1.14,0.7862,54,1.19,0.8206,1,1.155,0.7965,101,0
IWM191018P152,2019-10-16,2019-10-16 09:36:49,1.17,0.8068,27,1.13,0.7793,66,1.19,0.8206,1,1.15,0.7931,101,0
IWM191018P152,2019-10-16,2019-10-16 09:36:50,1.18,0.8137,75,1.15,0.7931,44,1.19,0.8206,1,1.165,0.8034,101,0
IWM191018P152,2019-10-16,2019-10-16 09:36:50,1.18,0.8137,48,1.14,0.7862,54,1.19,0.8206,1,1.16,0.8,101,0
IWM191018P152,2019-10-16,2019-10-16 09:36:51,1.18,0.8137,75,1.15,0.7931,44,1.19,0.8206,1,1.165,0.8034,101,0
IWM191018P152,2019-10-16,2019-10-16 09:36:51,1.18,0.8137,26,1.15,0.7931,44,1.19,0.8206,1,1.165,0.8034,101,0
IWM191018P152,2019-10-16,2019-10-16 09:36:52,1.18,0.8137,26,1.15,0.7931,49,1.19,0.8206,1,1.165,0.8034,101,0
IWM191018P152,2019-10-16,2019-10-16 09:36:53,1.18,0.8137,54,1.15,0.7931,59,1.19,0.8206,1,1.165,0.8034,101,0
IWM191018P152,2019-10-16,2019-10-16 09:36:54,1.18,0.8137,72,1.15,0.7931,49,1.19,0.8206,1,1.165,0.8034,101,0
IWM191018P152,2019-10-16,2019-10-16 09:36:55,1.18,0.8137,72,1.15,0.7931,59,1.19,0.8206,1,1.165,0.8034,101,0
IWM191018P152,2019-10-16,2019-10-16 09:36:55,1.17,0.8068,16,1.15,0.7931,49,1.19,0.8206,1,1.16,0.8,101,0
IWM191018P152,2019-10-16,2019-10-16 09:36:56,1.17,0.8068,53,1.14,0.7862,43,1.19,0.8206,1,1.155,0.7965,101,0
IWM191018P152,2019-10-16,2019-10-16 09:36:57,1.16,0.8,29,1.13,0.7793,65,1.19,0.8206,1,1.145,0.7896,101,0
IWM191018P152,2019-10-16,2019-10-16 09:36:57,1.17,0.8068,53,1.14,0.7862,43,1.19,0.8206,1,1.155,0.7965,101,0
IWM191018P152,2019-10-16,2019-10-16 09:36:58,1.16,0.8,53,1.13,0.7793,43,1.19,0.8206,1,1.145,0.7896,101,0
IWM191018P152,2019-10-16,2019-10-16 09:36:59,1.16,0.8,53,1.13,0.7793,43,1.19,0.8206,1,1.145,0.7896,101,0
IWM191018P152,2019-10-16,2019-10-16 09:36:59,1.16,0.8,47,1.13,0.7793,43,1.19,0.8206,1,1.145,0.7896,101,0
IWM191018P152,2019-10-16,2019-10-16 09:37:00,1.15,0.7931,22,1.13,0.7793,23,1.19,0.8206,1,1.14,0.7862,101,0
IWM191018P152,2019-10-16,2019-10-16 09:37:01,1.15,0.7931,19,1.1,0.7586,43,1.19,0.8206,1,1.125,0.7758,101,0
IWM191018P152,2019-10-16,2019-10-16 09:37:01,1.13,0.7793,43,1.1,0.7586,43,1.19,0.8206,1,1.115,0.7689,101,0
IWM191018P152,2019-10-16,2019-10-16 09:37:02,1.15,0.7931,98,1.12,0.7724,43,1.19,0.8206,1,1.135,0.7827,101,0
IWM191018P152,2019-10-16,2019-10-16 09:37:02,1.15,0.7931,63,1.12,0.7724,43,1.19,0.8206,1,1.135,0.7827,101,0
IWM191018P152,2019-10-16,2019-10-16 09:37:03,1.15,0.7931,98,1.12,0.7724,43,1.19,0.8206,1,1.135,0.7827,101,0
IWM191018P152,2019-10-16,2019-10-16 09:37:03,1.14,0.7862,57,1.11,0.7655,43,1.19,0.8206,1,1.125,0.7758,101,0
IWM191018P152,2019-10-16,2019-10-16 09:37:04,1.14,0.7862,100,1.11,0.7655,43,1.19,0.8206,1,1.125,0.7758,101,0
IWM191018P152,2019-10-16,2019-10-16 09:37:04,1.14,0.7862,47,1.11,0.7655,34,1.19,0.8206,1,1.125,0.7758,101,0
IWM191018P152,2019-10-16,2019-10-16 09:37:05,1.14,0.7862,98,1.11,0.7655,34,1.19,0.8206,1,1.125,0.7758,101,0
IWM191018P152,2019-10-16,2019-10-16 09:37:05,1.14,0.7862,59,1.11,0.7655,34,1.19,0.8206,1,1.125,0.7758,101,0
IWM191018P152,2019-10-16,2019-10-16 09:37:06,1.14,0.7862,69,1.11,0.7655,54,1.19,0.8206,1,1.125,0.7758,101,0
IWM191018P152,2019-10-16,2019-10-16 09:37:06,1.14,0.7862,69,1.11,0.7655,43,1.19,0.8206,1,1.125,0.7758,101,0
IWM191018P152,2019-10-16,2019-10-16 09:37:07,1.14,0.7862,80,1.11,0.7655,55,1.19,0.8206,1,1.125,0.7758,101,0
IWM191018P152,2019-10-16,2019-10-16 09:37:07,1.14,0.7862,33,1.11,0.7655,43,1.19,0.8206,1,1.125,0.7758,101,0
IWM191018P152,2019-10-16,2019-10-16 09:37:08,1.14,0.7862,3,1.11,0.7655,42,1.19,0.8206,1,1.125,0.7758,101,0
IWM191018P152,2019-10-16,2019-10-16 09:37:08,1.14,0.7862,33,1.11,0.7655,42,1.19,0.8206,1,1.125,0.7758,101,0
IWM191018P152,2019-10-16,2019-10-16 09:37:09,1.14,0.7862,3,1.11,0.7655,42,1.19,0.8206,1,1.125,0.7758,101,0
IWM191018P152,2019-10-16,2019-10-16 09:37:09,1.14,0.7862,4,1.11,0.7655,70,1.19,0.8206,1,1.125,0.7758,101,0
IWM191018P152,2019-10-16,2019-10-16 09:37:10,1.14,0.7862,4,1.11,0.7655,70,1.19,0.8206,1,1.125,0.7758,101,0
IWM191018P152,2019-10-16,2019-10-16 09:37:10,1.14,0.7862,41,1.11,0.7655,34,1.19,0.8206,1,1.125,0.7758,101,0
IWM191018P152,2019-10-16,2019-10-16 09:37:11,1.14,0.7862,108,1.11,0.7655,34,1.19,0.8206,1,1.125,0.7758,101,0
IWM191018P152,2019-10-16,2019-10-16 09:37:12,1.14,0.7862,4,1.12,0.7724,26,1.19,0.8206,1,1.13,0.7793,101,0
IWM191018P152,2019-10-16,2019-10-16 09:37:12,1.14,0.7862,108,1.11,0.7655,75,1.19,0.8206,1,1.125,0.7758,101,0
IWM191018P152,2019-10-16,2019-10-16 09:37:13,1.14,0.7862,79,1.11,0.7655,53,1.19,0.8206,1,1.125,0.7758,101,0
IWM191018P152,2019-10-16,2019-10-16 09:37:13,1.14,0.7862,79,1.11,0.7655,69,1.19,0.8206,1,1.125,0.7758,101,0
IWM191018P152,2019-10-16,2019-10-16 09:37:14,1.12,0.7724,7,1.1,0.7586,19,1.19,0.8206,1,1.11,0.7655,101,0
IWM191018P152,2019-10-16,2019-10-16 09:37:14,1.14,0.7862,108,1.11,0.7655,104,1.19,0.8206,1,1.125,0.7758,101,0
IWM191018P152,2019-10-16,2019-10-16 09:37:15,1.12,0.7724,14,1.1,0.7586,13,1.19,0.8206,1,1.11,0.7655,101,0
IWM191018P152,2019-10-16,2019-10-16 09:37:15,1.12,0.7724,31,1.1,0.7586,17,1.19,0.8206,1,1.11,0.7655,101,0
IWM191018P152,2019-10-16,2019-10-16 09:37:16,1.12,0.7724,11,1.1,0.7586,13,1.19,0.8206,1,1.11,0.7655,101,0
IWM191018P152,2019-10-16,2019-10-16 09:37:17,1.12,0.7724,11,1.1,0.7586,13,1.19,0.8206,1,1.11,0.7655,101,0
IWM191018P152,2019-10-16,2019-10-16 09:37:18,1.13,0.7793,45,1.1,0.7586,61,1.19,0.8206,1,1.115,0.7689,101,0
IWM191018P152,2019-10-16,2019-10-16 09:37:18,1.12,0.7724,14,1.1,0.7586,42,1.19,0.8206,1,1.11,0.7655,101,0
IWM191018P152,2019-10-16,2019-10-16 09:37:19,1.12,0.7724,6,1.1,0.7586,49,1.19,0.8206,1,1.11,0.7655,101,0
IWM191018P152,2019-10-16,2019-10-16 09:37:19,1.12,0.7724,14,1.1,0.7586,59,1.19,0.8206,1,1.11,0.7655,101,0
IWM191018P152,2019-10-16,2019-10-16 09:37:20,1.12,0.7724,130,1.09,0.7517,41,1.19,0.8206,1,1.105,0.762,101,0
IWM191018P152,2019-10-16,2019-10-16 09:37:20,1.12,0.7724,25,1.1,0.7586,42,1.19,0.8206,1,1.11,0.7655,101,0
IWM191018P152,2019-10-16,2019-10-16 09:37:21,1.11,0.7655,98,1.09,0.7517,41,1.19,0.8206,1,1.1,0.7586,101,0
IWM191018P152,2019-10-16,2019-10-16 09:37:21,1.11,0.7655,61,1.08,0.7448,45,1.19,0.8206,1,1.095,0.7551,101,0
IWM191018P152,2019-10-16,2019-10-16 09:37:22,1.09,0.7517,7,1.07,0.7379,55,1.19,0.8206,1,1.08,0.7448,101,0
IWM191018P152,2019-10-16,2019-10-16 09:37:22,1.11,0.7655,61,1.08,0.7448,55,1.19,0.8206,1,1.095,0.7551,101,0
IWM191018P152,2019-10-16,2019-10-16 09:37:23,1.09,0.7517,7,1.07,0.7379,71,1.19,0.8206,1,1.08,0.7448,101,0
IWM191018P152,2019-10-16,2019-10-16 09:37:23,1.09,0.7517,35,1.06,0.731,41,1.19,0.8206,1,1.075,0.7413,101,0
IWM191018P152,2019-10-16,2019-10-16 09:37:24,1.09,0.7517,35,1.06,0.731,74,1.19,0.8206,1,1.075,0.7413,101,0
IWM191018P152,2019-10-16,2019-10-16 09:37:24,1.09,0.7517,40,1.06,0.731,74,1.19,0.8206,1,1.075,0.7413,101,0
IWM191018P152,2019-10-16,2019-10-16 09:37:25,1.09,0.7517,21,1.06,0.731,74,1.19,0.8206,1,1.075,0.7413,101,0
IWM191018P152,2019-10-16,2019-10-16 09:37:25,1.09,0.7517,41,1.06,0.731,65,1.19,0.8206,1,1.075,0.7413,101,0
IWM191018P152,2019-10-16,2019-10-16 09:37:26,1.1,0.7586,31,1.08,0.7448,6,1.19,0.8206,1,1.09,0.7517,101,0
IWM191018P152,2019-10-16,2019-10-16 09:37:26,1.09,0.7517,102,1.06,0.731,60,1.19,0.8206,1,1.075,0.7413,101,0
IWM191018P152,2019-10-16,2019-10-16 09:37:27,1.12,0.7724,36,1.08,0.7448,25,1.19,0.8206,1,1.1,0.7586,101,0
IWM191018P152,2019-10-16,2019-10-16 09:37:27,1.11,0.7655,6,1.08,0.7448,81,1.19,0.8206,1,1.095,0.7551,101,0
IWM191018P152,2019-10-16,2019-10-16 09:37:28,1.11,0.7655,6,1.09,0.7517,145,1.19,0.8206,1,1.1,0.7586,101,0
IWM191018P152,2019-10-16,2019-10-16 09:37:28,1.11,0.7655,6,1.09,0.7517,81,1.19,0.8206,1,1.1,0.7586,101,0
IWM191018P152,2019-10-16,2019-10-16 09:37:29,1.11,0.7655,6,1.09,0.7517,145,1.19,0.8206,1,1.1,0.7586,101,0
IWM191018P152,2019-10-16,2019-10-16 09:37:30,1.12,0.7724,71,1.09,0.7517,142,1.19,0.8206,1,1.105,0.762,101,0
IWM191018P152,2019-10-16,2019-10-16 09:37:30,1.11,0.7655,6,1.09,0.7517,100,1.19,0.8206,1,1.1,0.7586,101,0
IWM191018P152,2019-10-16,2019-10-16 09:37:31,1.12,0.7724,71,1.09,0.7517,52,1.19,0.8206,1,1.105,0.762,101,0
IWM191018P152,2019-10-16,2019-10-16 09:37:31,1.12,0.7724,71,1.09,0.7517,142,1.19,0.8206,1,1.105,0.762,101,0
IWM191018P152,2019-10-16,2019-10-16 09:37:32,1.1,0.7586,11,1.08,0.7448,41,1.19,0.8206,1,1.09,0.7517,101,0
IWM191018P152,2019-10-16,2019-10-16 09:37:33,1.1,0.7586,11,1.08,0.7448,69,1.19,0.8206,1,1.09,0.7517,101,0
IWM191018P152,2019-10-16,2019-10-16 09:37:34,1.11,0.7655,53,1.08,0.7448,54,1.19,0.8206,1,1.095,0.7551,101,0
IWM191018P152,2019-10-16,2019-10-16 09:37:34,1.1,0.7586,11,1.08,0.7448,54,1.19,0.8206,1,1.09,0.7517,101,0
IWM191018P152,2019-10-16,2019-10-16 09:37:35,1.11,0.7655,53,1.08,0.7448,81,1.19,0.8206,1,1.095,0.7551,101,0
IWM191018P152,2019-10-16,2019-10-16 09:37:35,1.11,0.7655,36,1.08,0.7448,81,1.19,0.8206,1,1.095,0.7551,101,0
IWM191018P152,2019-10-16,2019-10-16 09:37:36,1.12,0.7724,74,1.09,0.7517,45,1.19,0.8206,1,1.105,0.762,101,0
IWM191018P152,2019-10-16,2019-10-16 09:37:36,1.11,0.7655,36,1.1,0.7586,8,1.19,0.8206,1,1.105,0.762,101,0
IWM191018P152,2019-10-16,2019-10-16 09:37:37,1.12,0.7724,101,1.09,0.7517,45,1.19,0.8206,1,1.105,0.762,101,0
IWM191018P152,2019-10-16,2019-10-16 09:37:37,1.11,0.7655,13,1.09,0.7517,59,1.19,0.8206,1,1.1,0.7586,101,0
IWM191018P152,2019-10-16,2019-10-16 09:37:38,1.12,0.7724,10,1.1,0.7586,40,1.19,0.8206,1,1.11,0.7655,101,0
IWM191018P152,2019-10-16,2019-10-16 09:37:38,1.12,0.7724,42,1.09,0.7517,44,1.19,0.8206,1,1.105,0.762,101,0
IWM191018P152,2019-10-16,2019-10-16 09:37:39,1.12,0.7724,84,1.09,0.7517,54,1.19,0.8206,1,1.105,0.762,101,0
IWM191018P152,2019-10-16,2019-10-16 09:37:39,1.11,0.7655,27,1.09,0.7517,44,1.19,0.8206,1,1.1,0.7586,101,0
IWM191018P152,2019-10-16,2019-10-16 09:37:40,1.11,0.7655,27,1.09,0.7517,44,1.19,0.8206,1,1.1,0.7586,101,0
IWM191018P152,2019-10-16,2019-10-16 09:37:40,1.12,0.7724,20,1.1,0.7586,60,1.19,0.8206,1,1.11,0.7655,101,0
IWM191018P152,2019-10-16,2019-10-16 09:37:41,1.12,0.7724,39,1.1,0.7586,40,1.19,0.8206,1,1.11,0.7655,101,0
IWM191018P152,2019-10-16,2019-10-16 09:37:41,1.12,0.7724,33,1.1,0.7586,21,1.19,0.8206,1,1.11,0.7655,101,0
IWM191018P152,2019-10-16,2019-10-16 09:37:42,1.12,0.7724,10,1.11,0.7655,8,1.19,0.8206,1,1.115,0.7689,101,0
IWM191018P152,2019-10-16,2019-10-16 09:37:42,1.12,0.7724,10,1.1,0.7586,84,1.19,0.8206,1,1.11,0.7655,101,0
IWM191018P152,2019-10-16,2019-10-16 09:37:43,1.12,0.7724,10,1.1,0.7586,84,1.19,0.8206,1,1.11,0.7655,101,0
IWM191018P152,2019-10-16,2019-10-16 09:37:43,1.12,0.7724,10,1.1,0.7586,54,1.19,0.8206,1,1.11,0.7655,101,0
IWM191018P152,2019-10-16,2019-10-16 09:37:44,1.12,0.7724,79,1.1,0.7586,2,1.19,0.8206,1,1.11,0.7655,101,0
IWM191018P152,2019-10-16,2019-10-16 09:37:45,1.1,0.7586,5,1.08,0.7448,23,1.19,0.8206,1,1.09,0.7517,101,0
IWM191018P152,2019-10-16,2019-10-16 09:37:45,1.1,0.7586,5,1.08,0.7448,47,1.19,0.8206,1,1.09,0.7517,101,0
IWM191018P152,2019-10-16,2019-10-16 09:37:46,1.1,0.7586,5,1.08,0.7448,15,1.19,0.8206,1,1.09,0.7517,101,0
IWM191018P152,2019-10-16,2019-10-16 09:37:46,1.1,0.7586,5,1.08,0.7448,26,1.19,0.8206,1,1.09,0.7517,101,0
IWM191018P152,2019-10-16,2019-10-16 09:37:47,1.12,0.7724,10,1.1,0.7586,21,1.19,0.8206,1,1.11,0.7655,101,0
IWM191018P152,2019-10-16,2019-10-16 09:37:47,1.1,0.7586,5,1.08,0.7448,40,1.19,0.8206,1,1.09,0.7517,101,0
IWM191018P152,2019-10-16,2019-10-16 09:37:48,1.12,0.7724,10,1.1,0.7586,40,1.19,0.8206,1,1.11,0.7655,101,0
IWM191018P152,2019-10-16,2019-10-16 09:37:48,1.12,0.7724,10,1.1,0.7586,31,1.19,0.8206,1,1.11,0.7655,101,0
IWM191018P152,2019-10-16,2019-10-16 09:37:49,1.12,0.7724,10,1.1,0.7586,21,1.19,0.8206,1,1.11,0.7655,101,0
IWM191018P152,2019-10-16,2019-10-16 09:37:49,1.12,0.7724,21,1.1,0.7586,8,1.19,0.8206,1,1.11,0.7655,101,0
IWM191018P152,2019-10-16,2019-10-16 09:37:50,1.12,0.7724,53,1.08,0.7448,84,1.19,0.8206,1,1.1,0.7586,101,0
IWM191018P152,2019-10-16,2019-10-16 09:37:50,1.12,0.7724,27,1.1,0.7586,34,1.19,0.8206,1,1.11,0.7655,101,0
IWM191018P152,2019-10-16,2019-10-16 09:37:51,1.1,0.7586,7,1.08,0.7448,124,1.19,0.8206,1,1.09,0.7517,101,0
IWM191018P152,2019-10-16,2019-10-16 09:37:51,1.1,0.7586,7,1.08,0.7448,96,1.19,0.8206,1,1.09,0.7517,101,0
IWM191018P152,2019-10-16,2019-10-16 09:37:52,1.1,0.7586,7,1.08,0.7448,186,1.19,0.8206,1,1.09,0.7517,101,0
IWM191018P152,2019-10-16,2019-10-16 09:37:52,1.11,0.7655,12,1.09,0.7517,31,1.19,0.8206,1,1.1,0.7586,101,0
IWM191018P152,2019-10-16,2019-10-16 09:37:53,1.11,0.7655,95,1.08,0.7448,35,1.19,0.8206,1,1.095,0.7551,101,0
IWM191018P152,2019-10-16,2019-10-16 09:37:53,1.11,0.7655,36,1.08,0.7448,39,1.19,0.8206,1,1.095,0.7551,101,0
IWM191018P152,2019-10-16,2019-10-16 09:37:54,1.11,0.7655,68,1.08,0.7448,35,1.19,0.8206,1,1.095,0.7551,101,0
IWM191018P152,2019-10-16,2019-10-16 09:37:55,1.09,0.7517,4,1.07,0.7379,51,1.19,0.8206,1,1.08,0.7448,101,0
IWM191018P152,2019-10-16,2019-10-16 09:37:55,1.1,0.7586,32,1.07,0.7379,58,1.19,0.8206,1,1.085,0.7482,101,0
IWM191018P152,2019-10-16,2019-10-16 09:37:56,1.1,0.7586,13,1.08,0.7448,68,1.1,0.7586,10,1.09,0.7517,111,0
IWM191018P152,2019-10-16,2019-10-16 09:37:56,1.1,0.7586,32,1.08,0.7448,39,1.1,0.7586,10,1.09,0.7517,111,10
IWM191018P152,2019-10-16,2019-10-16 09:37:57,1.1,0.7586,13,1.08,0.7448,87,1.1,0.7586,10,1.09,0.7517,111,0
IWM191018P152,2019-10-16,2019-10-16 09:37:57,1.1,0.7586,13,1.08,0.7448,68,1.1,0.7586,10,1.09,0.7517,111,0
IWM191018P152,2019-10-16,2019-10-16 09:37:58,1.1,0.7586,6,1.08,0.7448,71,1.1,0.7586,10,1.09,0.7517,111,0
IWM191018P152,2019-10-16,2019-10-16 09:37:58,1.1,0.7586,6,1.08,0.7448,87,1.1,0.7586,10,1.09,0.7517,111,0
IWM191018P152,2019-10-16,2019-10-16 09:37:59,1.1,0.7586,26,1.08,0.7448,14,1.1,0.7586,10,1.09,0.7517,111,0
IWM191018P152,2019-10-16,2019-10-16 09:37:59,1.1,0.7586,6,1.08,0.7448,59,1.1,0.7586,10,1.09,0.7517,111,0
IWM191018P152,2019-10-16,2019-10-16 09:38:00,1.1,0.7586,28,1.07,0.7379,41,1.1,0.7586,10,1.085,0.7482,111,0
IWM191018P152,2019-10-16,2019-10-16 09:38:00,1.1,0.7586,46,1.07,0.7379,60,1.1,0.7586,10,1.085,0.7482,111,0
IWM191018P152,2019-10-16,2019-10-16 09:38:01,1.1,0.7586,13,1.07,0.7379,59,1.1,0.7586,10,1.085,0.7482,111,0
IWM191018P152,2019-10-16,2019-10-16 09:38:01,1.1,0.7586,85,1.07,0.7379,81,1.1,0.7586,10,1.085,0.7482,111,0
IWM191018P152,2019-10-16,2019-10-16 09:38:02,1.1,0.7586,13,1.07,0.7379,93,1.1,0.7586,10,1.085,0.7482,111,0
IWM191018P152,2019-10-16,2019-10-16 09:38:02,1.1,0.7586,13,1.07,0.7379,62,1.1,0.7586,10,1.085,0.7482,111,0
IWM191018P152,2019-10-16,2019-10-16 09:38:03,1.1,0.7586,6,1.08,0.7448,23,1.1,0.7586,10,1.09,0.7517,111,0
IWM191018P152,2019-10-16,2019-10-16 09:38:03,1.1,0.7586,6,1.07,0.7379,93,1.1,0.7586,10,1.085,0.7482,111,0
IWM191018P152,2019-10-16,2019-10-16 09:38:04,1.1,0.7586,32,1.08,0.7448,22,1.1,0.7586,10,1.09,0.7517,111,0
IWM191018P152,2019-10-16,2019-10-16 09:38:04,1.1,0.7586,33,1.07,0.7379,35,1.1,0.7586,10,1.085,0.7482,111,0
IWM191018P152,2019-10-16,2019-10-16 09:38:05,1.09,0.7517,26,1.07,0.7379,35,1.1,0.7586,10,1.08,0.7448,111,0
IWM191018P152,2019-10-16,2019-10-16 09:38:05,1.09,0.7517,6,1.07,0.7379,35,1.1,0.7586,10,1.08,0.7448,111,0
IWM191018P152,2019-10-16,2019-10-16 09:38:06,1.1,0.7586,59,1.07,0.7379,26,1.1,0.7586,10,1.085,0.7482,111,0
IWM191018P152,2019-10-16,2019-10-16 09:38:06,1.1,0.7586,59,1.08,0.7448,38,1.1,0.7586,10,1.09,0.7517,111,0
IWM191018P152,2019-10-16,2019-10-16 09:38:07,1.1,0.7586,79,1.07,0.7379,17,1.1,0.7586,10,1.085,0.7482,111,0
IWM191018P152,2019-10-16,2019-10-16 09:38:07,1.09,0.7517,5,1.07,0.7379,50,1.1,0.7586,10,1.08,0.7448,111,0
IWM191018P152,2019-10-16,2019-10-16 09:38:08,1.09,0.7517,25,1.07,0.7379,17,1.1,0.7586,10,1.08,0.7448,111,0
IWM191018P152,2019-10-16,2019-10-16 09:38:08,1.09,0.7517,5,1.07,0.7379,17,1.1,0.7586,10,1.08,0.7448,111,0
IWM191018P152,2019-10-16,2019-10-16 09:38:09,1.09,0.7517,25,1.07,0.7379,17,1.1,0.7586,10,1.08,0.7448,111,0
IWM191018P152,2019-10-16,2019-10-16 09:38:10,1.09,0.7517,46,1.07,0.7379,17,1.1,0.7586,10,1.08,0.7448,111,0
IWM191018P152,2019-10-16,2019-10-16 09:38:10,1.09,0.7517,39,1.07,0.7379,36,1.1,0.7586,10,1.08,0.7448,111,0
IWM191018P152,2019-10-16,2019-10-16 09:38:11,1.07,0.7379,5,1.04,0.7172,30,1.1,0.7586,10,1.055,0.7275,111,0
IWM191018P152,2019-10-16,2019-10-16 09:38:11,1.09,0.7517,39,1.07,0.7379,17,1.1,0.7586,10,1.08,0.7448,111,0
IWM191018P152,2019-10-16,2019-10-16 09:38:12,1.07,0.7379,5,1.04,0.7172,36,1.1,0.7586,10,1.055,0.7275,111,0
IWM191018P152,2019-10-16,2019-10-16 09:38:12,1.07,0.7379,5,1.05,0.7241,53,1.1,0.7586,10,1.06,0.731,111,0
IWM191018P152,2019-10-16,2019-10-16 09:38:13,1.07,0.7379,5,1.05,0.7241,48,1.1,0.7586,10,1.06,0.731,111,0
IWM191018P152,2019-10-16,2019-10-16 09:38:13,1.1,0.7586,24,1.06,0.731,26,1.1,0.7586,10,1.08,0.7448,111,0
IWM191018P152,2019-10-16,2019-10-16 09:38:14,1.11,0.7655,7,1.09,0.7517,42,1.1,0.7586,10,1.1,0.7586,111,0
IWM191018P152,2019-10-16,2019-10-16 09:38:14,1.11,0.7655,7,1.08,0.7448,26,1.1,0.7586,10,1.095,0.7551,111,0
IWM191018P152,2019-10-16,2019-10-16 09:38:15,1.11,0.7655,7,1.09,0.7517,53,1.1,0.7586,10,1.1,0.7586,111,0
IWM191018P152,2019-10-16,2019-10-16 09:38:15,1.12,0.7724,48,1.09,0.7517,53,1.1,0.7586,10,1.105,0.762,111,0
IWM191018P152,2019-10-16,2019-10-16 09:38:16,1.12,0.7724,53,1.08,0.7448,42,1.1,0.7586,10,1.1,0.7586,111,0
IWM191018P152,2019-10-16,2019-10-16 09:38:17,1.12,0.7724,101,1.09,0.7517,38,1.1,0.7586,10,1.105,0.762,111,0
IWM191018P152,2019-10-16,2019-10-16 09:38:17,1.11,0.7655,12,1.09,0.7517,38,1.1,0.7586,10,1.1,0.7586,111,0
IWM191018P152,2019-10-16,2019-10-16 09:38:18,1.12,0.7724,87,1.09,0.7517,53,1.1,0.7586,10,1.105,0.762,111,0
IWM191018P152,2019-10-16,2019-10-16 09:38:19,1.12,0.7724,87,1.09,0.7517,48,1.1,0.7586,10,1.105,0.762,111,0
IWM191018P152,2019-10-16,2019-10-16 09:38:19,1.12,0.7724,87,1.1,0.7586,26,1.1,0.7586,10,1.11,0.7655,111,0
IWM191018P152,2019-10-16,2019-10-16 09:38:20,1.12,0.7724,48,1.08,0.7448,75,1.1,0.7586,10,1.1,0.7586,111,0
IWM191018P152,2019-10-16,2019-10-16 09:38:20,1.11,0.7655,5,1.08,0.7448,59,1.1,0.7586,10,1.095,0.7551,111,0
IWM191018P152,2019-10-16,2019-10-16 09:38:21,1.11,0.7655,54,1.08,0.7448,38,1.1,0.7586,10,1.095,0.7551,111,0
IWM191018P152,2019-10-16,2019-10-16 09:38:21,1.11,0.7655,61,1.08,0.7448,38,1.1,0.7586,10,1.095,0.7551,111,0
IWM191018P152,2019-10-16,2019-10-16 09:38:22,1.1,0.7586,54,1.08,0.7448,6,1.1,0.7586,10,1.09,0.7517,111,0
IWM191018P152,2019-10-16,2019-10-16 09:38:23,1.09,0.7517,24,1.06,0.731,36,1.1,0.7586,10,1.075,0.7413,111,0
IWM191018P152,2019-10-16,2019-10-16 09:38:23,1.1,0.7586,96,1.08,0.7448,6,1.1,0.7586,10,1.09,0.7517,111,0
IWM191018P152,2019-10-16,2019-10-16 09:38:24,1.08,0.7448,16,1.06,0.731,36,1.1,0.7586,10,1.07,0.7379,111,0
IWM191018P152,2019-10-16,2019-10-16 09:38:24,1.08,0.7448,65,1.04,0.7172,38,1.1,0.7586,10,1.06,0.731,111,0
IWM191018P152,2019-10-16,2019-10-16 09:38:25,1.07,0.7379,44,1.05,0.7241,17,1.1,0.7586,10,1.06,0.731,111,0
IWM191018P152,2019-10-16,2019-10-16 09:38:25,1.07,0.7379,29,1.05,0.7241,17,1.1,0.7586,10,1.06,0.731,111,0
IWM191018P152,2019-10-16,2019-10-16 09:38:26,1.07,0.7379,24,1.05,0.7241,15,1.1,0.7586,10,1.06,0.731,111,0
IWM191018P152,2019-10-16,2019-10-16 09:38:26,1.08,0.7448,52,1.05,0.7241,15,1.1,0.7586,10,1.065,0.7344,111,0
IWM191018P152,2019-10-16,2019-10-16 09:38:27,1.07,0.7379,20,1.05,0.7241,15,1.05,0.7241,1,1.06,0.731,112,1
IWM191018P152,2019-10-16,2019-10-16 09:38:27,1.08,0.7448,67,1.05,0.7241,18,1.1,0.7586,10,1.065,0.7344,111,0
IWM191018P152,2019-10-16,2019-10-16 09:38:28,1.07,0.7379,32,1.05,0.7241,18,1.05,0.7241,1,1.06,0.731,112,0
IWM191018P152,2019-10-16,2019-10-16 09:38:28,1.07,0.7379,30,1.05,0.7241,18,1.05,0.7241,1,1.06,0.731,112,0
IWM191018P152,2019-10-16,2019-10-16 09:38:29,1.07,0.7379,32,1.05,0.7241,18,1.05,0.7241,1,1.06,0.731,112,0
IWM191018P152,2019-10-16,2019-10-16 09:38:29,1.07,0.7379,56,1.05,0.7241,18,1.05,0.7241,1,1.06,0.731,112,0
IWM191018P152,2019-10-16,2019-10-16 09:38:30,1.07,0.7379,38,1.05,0.7241,18,1.05,0.7241,1,1.06,0.731,112,0
IWM191018P152,2019-10-16,2019-10-16 09:38:30,1.07,0.7379,56,1.05,0.7241,18,1.05,0.7241,1,1.06,0.731,112,0
IWM191018P152,2019-10-16,2019-10-16 09:38:31,1.07,0.7379,38,1.05,0.7241,18,1.05,0.7241,1,1.06,0.731,112,0
IWM191018P152,2019-10-16,2019-10-16 09:38:32,1.07,0.7379,74,1.05,0.7241,18,1.05,0.7241,1,1.06,0.731,112,0
IWM191018P152,2019-10-16,2019-10-16 09:38:33,1.07,0.7379,74,1.05,0.7241,18,1.05,0.7241,1,1.06,0.731,112,0
IWM191018P152,2019-10-16,2019-10-16 09:38:34,1.07,0.7379,44,1.05,0.7241,18,1.05,0.7241,1,1.06,0.731,112,0
IWM191018P152,2019-10-16,2019-10-16 09:38:34,1.07,0.7379,74,1.05,0.7241,18,1.05,0.7241,1,1.06,0.731,112,0
IWM191018P152,2019-10-16,2019-10-16 09:38:35,1.08,0.7448,59,1.05,0.7241,25,1.05,0.7241,1,1.065,0.7344,112,0
IWM191018P152,2019-10-16,2019-10-16 09:38:35,1.08,0.7448,59,1.05,0.7241,45,1.05,0.7241,1,1.065,0.7344,112,0
IWM191018P152,2019-10-16,2019-10-16 09:38:36,1.07,0.7379,36,1.05,0.7241,25,1.05,0.7241,1,1.06,0.731,112,0
IWM191018P152,2019-10-16,2019-10-16 09:38:37,1.08,0.7448,37,1.06,0.731,18,1.05,0.7241,1,1.07,0.7379,112,0
IWM191018P152,2019-10-16,2019-10-16 09:38:38,1.08,0.7448,37,1.06,0.731,18,1.05,0.7241,1,1.07,0.7379,112,0
IWM191018P152,2019-10-16,2019-10-16 09:38:39,1.08,0.7448,37,1.06,0.731,17,1.05,0.7241,1,1.07,0.7379,112,0
IWM191018P152,2019-10-16,2019-10-16 09:38:40,1.12,0.7724,37,1.07,0.7379,55,1.05,0.7241,1,1.095,0.7551,112,0
IWM191018P152,2019-10-16,2019-10-16 09:38:40,1.11,0.7655,13,1.08,0.7448,20,1.05,0.7241,1,1.095,0.7551,112,0
IWM191018P152,2019-10-16,2019-10-16 09:38:41,1.11,0.7655,21,1.09,0.7517,18,1.05,0.7241,1,1.1,0.7586,112,0
IWM191018P152,2019-10-16,2019-10-16 09:38:42,1.11,0.7655,13,1.09,0.7517,18,1.05,0.7241,1,1.1,0.7586,112,0
IWM191018P152,2019-10-16,2019-10-16 09:38:43,1.12,0.7724,60,1.09,0.7517,25,1.05,0.7241,1,1.105,0.762,112,0
IWM191018P152,2019-10-16,2019-10-16 09:38:43,1.11,0.7655,10,1.09,0.7517,20,1.05,0.7241,1,1.1,0.7586,112,0
IWM191018P152,2019-10-16,2019-10-16 09:38:44,1.11,0.7655,10,1.09,0.7517,20,1.05,0.7241,1,1.1,0.7586,112,0
IWM191018P152,2019-10-16,2019-10-16 09:38:44,1.11,0.7655,23,1.09,0.7517,20,1.05,0.7241,1,1.1,0.7586,112,0
IWM191018P152,2019-10-16,2019-10-16 09:38:45,1.11,0.7655,23,1.09,0.7517,20,1.05,0.7241,1,1.1,0.7586,112,0
IWM191018P152,2019-10-16,2019-10-16 09:38:45,1.11,0.7655,23,1.09,0.7517,30,1.05,0.7241,1,1.1,0.7586,112,0
IWM191018P152,2019-10-16,2019-10-16 09:38:46,1.12,0.7724,26,1.1,0.7586,54,1.05,0.7241,1,1.11,0.7655,112,0
IWM191018P152,2019-10-16,2019-10-16 09:38:46,1.11,0.7655,23,1.1,0.7586,36,1.05,0.7241,1,1.105,0.762,112,0
IWM191018P152,2019-10-16,2019-10-16 09:38:47,1.12,0.7724,9,1.1,0.7586,36,1.05,0.7241,1,1.11,0.7655,112,0
IWM191018P152,2019-10-16,2019-10-16 09:38:47,1.13,0.7793,26,1.1,0.7586,16,1.05,0.7241,1,1.115,0.7689,112,0
IWM191018P152,2019-10-16,2019-10-16 09:38:48,1.13,0.7793,50,1.1,0.7586,30,1.05,0.7241,1,1.115,0.7689,112,0
IWM191018P152,2019-10-16,2019-10-16 09:38:48,1.13,0.7793,50,1.1,0.7586,18,1.05,0.7241,1,1.115,0.7689,112,0
IWM191018P152,2019-10-16,2019-10-16 09:38:49,1.13,0.7793,50,1.1,0.7586,30,1.05,0.7241,1,1.115,0.7689,112,0
