symbol,Date,quote_time,ask_price,norm_ask_price,ask_size,bid_price,norm_bid_price,bid_size,last_trade_price,norm_last_trade_price,last_trade_size,mark_price,norm_mark_price,volume,Volume
IWM191011C148,2019-10-10,2019-10-10 09:30:00,0.89,1.0,22,0.71,0.7977,11,0.0,0.0,2960,0.8,0.8988,0,0
IWM191011C148,2019-10-10,2019-10-10 09:30:01,0.89,1.0,22,0.71,0.7977,11,0.0,0.0,2960,0.8,0.8988,0,0
IWM191011C148,2019-10-10,2019-10-10 09:30:02,0.89,1.0,22,0.71,0.7977,11,0.0,0.0,2960,0.8,0.8988,0,0
IWM191011C148,2019-10-10,2019-10-10 09:30:03,0.89,1.0,22,0.71,0.7977,11,0.0,0.0,2960,0.8,0.8988,0,0
IWM191011C148,2019-10-10,2019-10-10 09:30:04,0.89,1.0,22,0.71,0.7977,11,0.0,0.0,2960,0.8,0.8988,0,0
IWM191011C148,2019-10-10,2019-10-10 09:30:04,0.89,1.0,22,0.71,0.7977,16,0.0,0.0,2960,0.8,0.8988,0,0
IWM191011C148,2019-10-10,2019-10-10 09:30:05,0.89,1.0,22,0.71,0.7977,16,0.0,0.0,2960,0.8,0.8988,0,0
IWM191011C148,2019-10-10,2019-10-10 09:30:05,0.89,1.0,100,0.71,0.7977,12,0.0,0.0,2960,0.8,0.8988,0,0
IWM191011C148,2019-10-10,2019-10-10 09:30:06,0.86,0.9662,32,0.72,0.8089,1,0.0,0.0,2960,0.79,0.8876,0,0
IWM191011C148,2019-10-10,2019-10-10 09:30:06,0.89,1.0,100,0.72,0.8089,1,0.0,0.0,2960,0.805,0.9044,0,0
IWM191011C148,2019-10-10,2019-10-10 09:30:08,0.84,0.9438,19,0.72,0.8089,11,0.0,0.0,2960,0.78,0.8764,0,0
IWM191011C148,2019-10-10,2019-10-10 09:30:08,0.86,0.9662,32,0.72,0.8089,11,0.0,0.0,2960,0.79,0.8876,0,0
IWM191011C148,2019-10-10,2019-10-10 09:30:09,0.81,0.9101,196,0.72,0.8089,11,0.0,0.0,2960,0.765,0.8595,0,0
IWM191011C148,2019-10-10,2019-10-10 09:30:09,0.81,0.9101,10,0.72,0.8089,11,0.0,0.0,2960,0.765,0.8595,0,0
IWM191011C148,2019-10-10,2019-10-10 09:30:10,0.81,0.9101,10,0.72,0.8089,11,0.0,0.0,2960,0.765,0.8595,0,0
IWM191011C148,2019-10-10,2019-10-10 09:30:11,0.81,0.9101,10,0.75,0.8426,143,0.0,0.0,2960,0.78,0.8764,0,0
IWM191011C148,2019-10-10,2019-10-10 09:30:12,0.81,0.9101,10,0.75,0.8426,143,0.0,0.0,2960,0.78,0.8764,0,0
IWM191011C148,2019-10-10,2019-10-10 09:30:12,0.81,0.9101,241,0.75,0.8426,1,0.0,0.0,2960,0.78,0.8764,0,0
IWM191011C148,2019-10-10,2019-10-10 09:30:13,0.81,0.9101,209,0.74,0.8314,142,0.0,0.0,2960,0.775,0.8707,0,0
IWM191011C148,2019-10-10,2019-10-10 09:30:13,0.81,0.9101,241,0.74,0.8314,142,0.0,0.0,2960,0.775,0.8707,0,0
IWM191011C148,2019-10-10,2019-10-10 09:30:14,0.81,0.9101,297,0.74,0.8314,257,0.0,0.0,2960,0.775,0.8707,0,0
IWM191011C148,2019-10-10,2019-10-10 09:30:14,0.81,0.9101,317,0.74,0.8314,257,0.0,0.0,2960,0.775,0.8707,0,0
IWM191011C148,2019-10-10,2019-10-10 09:30:15,0.81,0.9101,342,0.74,0.8314,257,0.0,0.0,2960,0.775,0.8707,0,0
IWM191011C148,2019-10-10,2019-10-10 09:30:15,0.81,0.9101,297,0.74,0.8314,257,0.0,0.0,2960,0.775,0.8707,0,0
IWM191011C148,2019-10-10,2019-10-10 09:30:16,0.81,0.9101,10,0.76,0.8539,162,0.0,0.0,2960,0.785,0.882,0,0
IWM191011C148,2019-10-10,2019-10-10 09:30:16,0.81,0.9101,10,0.75,0.8426,278,0.0,0.0,2960,0.78,0.8764,0,0
IWM191011C148,2019-10-10,2019-10-10 09:30:17,0.82,0.9213,10,0.77,0.8651,162,0.0,0.0,2960,0.795,0.8932,0,0
IWM191011C148,2019-10-10,2019-10-10 09:30:17,0.81,0.9101,10,0.76,0.8539,278,0.0,0.0,2960,0.785,0.882,0,0
IWM191011C148,2019-10-10,2019-10-10 09:30:18,0.83,0.9325,408,0.77,0.8651,278,0.0,0.0,2960,0.8,0.8988,0,0
IWM191011C148,2019-10-10,2019-10-10 09:30:18,0.83,0.9325,207,0.77,0.8651,278,0.0,0.0,2960,0.8,0.8988,0,0
IWM191011C148,2019-10-10,2019-10-10 09:30:19,0.81,0.9101,334,0.75,0.8426,366,0.0,0.0,2960,0.78,0.8764,0,0
IWM191011C148,2019-10-10,2019-10-10 09:30:19,0.82,0.9213,295,0.76,0.8539,355,0.0,0.0,2960,0.79,0.8876,0,0
IWM191011C148,2019-10-10,2019-10-10 09:30:20,0.81,0.9101,10,0.77,0.8651,399,0.0,0.0,2960,0.79,0.8876,0,0
IWM191011C148,2019-10-10,2019-10-10 09:30:20,0.82,0.9213,45,0.77,0.8651,399,0.0,0.0,2960,0.795,0.8932,0,0
IWM191011C148,2019-10-10,2019-10-10 09:30:21,0.84,0.9438,182,0.79,0.8876,263,0.0,0.0,2960,0.815,0.9157,0,0
IWM191011C148,2019-10-10,2019-10-10 09:30:21,0.83,0.9325,30,0.78,0.8764,301,0.0,0.0,2960,0.805,0.9044,0,0
IWM191011C148,2019-10-10,2019-10-10 09:30:22,0.83,0.9325,10,0.79,0.8876,263,0.0,0.0,2960,0.81,0.9101,0,0
IWM191011C148,2019-10-10,2019-10-10 09:30:23,0.84,0.9438,148,0.79,0.8876,389,0.0,0.0,2960,0.815,0.9157,0,0
IWM191011C148,2019-10-10,2019-10-10 09:30:24,0.84,0.9438,128,0.79,0.8876,627,0.0,0.0,2960,0.815,0.9157,0,0
IWM191011C148,2019-10-10,2019-10-10 09:30:24,0.84,0.9438,99,0.79,0.8876,627,0.0,0.0,2960,0.815,0.9157,0,0
IWM191011C148,2019-10-10,2019-10-10 09:30:25,0.83,0.9325,80,0.79,0.8876,478,0.0,0.0,2960,0.81,0.9101,0,0
IWM191011C148,2019-10-10,2019-10-10 09:30:25,0.83,0.9325,112,0.79,0.8876,22,0.0,0.0,2960,0.81,0.9101,0,0
IWM191011C148,2019-10-10,2019-10-10 09:30:26,0.82,0.9213,123,0.77,0.8651,329,0.0,0.0,2960,0.795,0.8932,0,0
IWM191011C148,2019-10-10,2019-10-10 09:30:26,0.82,0.9213,40,0.78,0.8764,10,0.0,0.0,2960,0.8,0.8988,0,0
IWM191011C148,2019-10-10,2019-10-10 09:30:27,0.82,0.9213,122,0.77,0.8651,394,0.0,0.0,2960,0.795,0.8932,0,0
IWM191011C148,2019-10-10,2019-10-10 09:30:27,0.82,0.9213,122,0.77,0.8651,435,0.0,0.0,2960,0.795,0.8932,0,0
IWM191011C148,2019-10-10,2019-10-10 09:30:28,0.82,0.9213,122,0.77,0.8651,406,0.0,0.0,2960,0.795,0.8932,0,0
IWM191011C148,2019-10-10,2019-10-10 09:30:28,0.82,0.9213,65,0.77,0.8651,406,0.0,0.0,2960,0.795,0.8932,0,0
IWM191011C148,2019-10-10,2019-10-10 09:30:29,0.81,0.9101,10,0.77,0.8651,368,0.0,0.0,2960,0.79,0.8876,0,0
IWM191011C148,2019-10-10,2019-10-10 09:30:29,0.82,0.9213,49,0.77,0.8651,368,0.0,0.0,2960,0.795,0.8932,0,0
IWM191011C148,2019-10-10,2019-10-10 09:30:30,0.82,0.9213,58,0.77,0.8651,368,0.0,0.0,2960,0.795,0.8932,0,0
IWM191011C148,2019-10-10,2019-10-10 09:30:30,0.82,0.9213,46,0.77,0.8651,368,0.0,0.0,2960,0.795,0.8932,0,0
IWM191011C148,2019-10-10,2019-10-10 09:30:31,0.82,0.9213,30,0.77,0.8651,368,0.0,0.0,2960,0.795,0.8932,0,0
IWM191011C148,2019-10-10,2019-10-10 09:30:31,0.83,0.9325,40,0.78,0.8764,370,0.0,0.0,2960,0.805,0.9044,0,0
IWM191011C148,2019-10-10,2019-10-10 09:30:32,0.83,0.9325,46,0.78,0.8764,587,0.0,0.0,2960,0.805,0.9044,0,0
IWM191011C148,2019-10-10,2019-10-10 09:30:32,0.83,0.9325,46,0.78,0.8764,558,0.0,0.0,2960,0.805,0.9044,0,0
IWM191011C148,2019-10-10,2019-10-10 09:30:33,0.83,0.9325,56,0.78,0.8764,587,0.0,0.0,2960,0.805,0.9044,0,0
IWM191011C148,2019-10-10,2019-10-10 09:30:33,0.82,0.9213,20,0.79,0.8876,20,0.0,0.0,2960,0.805,0.9044,0,0
IWM191011C148,2019-10-10,2019-10-10 09:30:34,0.82,0.9213,71,0.78,0.8764,155,0.0,0.0,2960,0.8,0.8988,0,0
IWM191011C148,2019-10-10,2019-10-10 09:30:34,0.82,0.9213,20,0.79,0.8876,20,0.0,0.0,2960,0.805,0.9044,0,0
IWM191011C148,2019-10-10,2019-10-10 09:30:35,0.81,0.9101,20,0.78,0.8764,155,0.0,0.0,2960,0.795,0.8932,0,0
IWM191011C148,2019-10-10,2019-10-10 09:30:35,0.81,0.9101,56,0.78,0.8764,26,0.0,0.0,2960,0.795,0.8932,0,0
IWM191011C148,2019-10-10,2019-10-10 09:30:36,0.81,0.9101,43,0.78,0.8764,26,0.0,0.0,2960,0.795,0.8932,0,0
IWM191011C148,2019-10-10,2019-10-10 09:30:36,0.81,0.9101,56,0.78,0.8764,26,0.0,0.0,2960,0.795,0.8932,0,0
IWM191011C148,2019-10-10,2019-10-10 09:30:37,0.81,0.9101,30,0.78,0.8764,20,0.0,0.0,2960,0.795,0.8932,0,0
IWM191011C148,2019-10-10,2019-10-10 09:30:37,0.81,0.9101,93,0.78,0.8764,20,0.0,0.0,2960,0.795,0.8932,0,0
IWM191011C148,2019-10-10,2019-10-10 09:30:38,0.81,0.9101,93,0.78,0.8764,20,0.0,0.0,2960,0.795,0.8932,0,0
IWM191011C148,2019-10-10,2019-10-10 09:30:38,0.81,0.9101,54,0.77,0.8651,20,0.0,0.0,2960,0.79,0.8876,0,0
IWM191011C148,2019-10-10,2019-10-10 09:30:39,0.81,0.9101,68,0.76,0.8539,253,0.0,0.0,2960,0.785,0.882,0,0
IWM191011C148,2019-10-10,2019-10-10 09:30:39,0.81,0.9101,83,0.77,0.8651,20,0.0,0.0,2960,0.79,0.8876,0,0
IWM191011C148,2019-10-10,2019-10-10 09:30:40,0.81,0.9101,59,0.77,0.8651,26,0.0,0.0,2960,0.79,0.8876,0,0
IWM191011C148,2019-10-10,2019-10-10 09:30:41,0.8,0.8988,20,0.77,0.8651,26,0.0,0.0,2960,0.785,0.882,0,0
IWM191011C148,2019-10-10,2019-10-10 09:30:42,0.8,0.8988,20,0.77,0.8651,20,0.0,0.0,2960,0.785,0.882,0,0
IWM191011C148,2019-10-10,2019-10-10 09:30:42,0.8,0.8988,78,0.76,0.8539,347,0.0,0.0,2960,0.78,0.8764,0,0
IWM191011C148,2019-10-10,2019-10-10 09:30:43,0.81,0.9101,44,0.77,0.8651,26,0.0,0.0,2960,0.79,0.8876,0,0
IWM191011C148,2019-10-10,2019-10-10 09:30:43,0.8,0.8988,20,0.77,0.8651,26,0.0,0.0,2960,0.785,0.882,0,0
IWM191011C148,2019-10-10,2019-10-10 09:30:44,0.8,0.8988,20,0.77,0.8651,20,0.0,0.0,2960,0.785,0.882,0,0
IWM191011C148,2019-10-10,2019-10-10 09:30:44,0.81,0.9101,54,0.78,0.8764,10,0.0,0.0,2960,0.795,0.8932,0,0
IWM191011C148,2019-10-10,2019-10-10 09:30:45,0.81,0.9101,86,0.78,0.8764,20,0.0,0.0,2960,0.795,0.8932,0,0
IWM191011C148,2019-10-10,2019-10-10 09:30:45,0.81,0.9101,56,0.77,0.8651,266,0.0,0.0,2960,0.79,0.8876,0,0
IWM191011C148,2019-10-10,2019-10-10 09:30:46,0.82,0.9213,24,0.79,0.8876,20,0.0,0.0,2960,0.805,0.9044,0,0
IWM191011C148,2019-10-10,2019-10-10 09:30:47,0.83,0.9325,43,0.8,0.8988,20,0.0,0.0,2960,0.815,0.9157,0,0
IWM191011C148,2019-10-10,2019-10-10 09:30:47,0.83,0.9325,44,0.8,0.8988,20,0.0,0.0,2960,0.815,0.9157,0,0
IWM191011C148,2019-10-10,2019-10-10 09:30:48,0.83,0.9325,59,0.8,0.8988,40,0.0,0.0,2960,0.815,0.9157,0,0
IWM191011C148,2019-10-10,2019-10-10 09:30:48,0.83,0.9325,38,0.8,0.8988,40,0.0,0.0,2960,0.815,0.9157,0,0
IWM191011C148,2019-10-10,2019-10-10 09:30:49,0.84,0.9438,146,0.81,0.9101,26,0.0,0.0,2960,0.825,0.9269,0,0
IWM191011C148,2019-10-10,2019-10-10 09:30:49,0.84,0.9438,146,0.8,0.8988,40,0.0,0.0,2960,0.82,0.9213,0,0
IWM191011C148,2019-10-10,2019-10-10 09:30:50,0.84,0.9438,146,0.81,0.9101,58,0.0,0.0,2960,0.825,0.9269,0,0
IWM191011C148,2019-10-10,2019-10-10 09:30:50,0.84,0.9438,39,0.81,0.9101,43,0.0,0.0,2960,0.825,0.9269,0,0
IWM191011C148,2019-10-10,2019-10-10 09:30:51,0.84,0.9438,114,0.81,0.9101,26,0.81,0.9101,22,0.825,0.9269,326,326
IWM191011C148,2019-10-10,2019-10-10 09:30:51,0.84,0.9438,115,0.81,0.9101,20,0.82,0.9213,20,0.825,0.9269,367,41
IWM191011C148,2019-10-10,2019-10-10 09:30:52,0.84,0.9438,314,0.81,0.9101,26,0.81,0.9101,19,0.825,0.9269,386,0
IWM191011C148,2019-10-10,2019-10-10 09:30:52,0.84,0.9438,338,0.81,0.9101,26,0.81,0.9101,19,0.825,0.9269,386,19
IWM191011C148,2019-10-10,2019-10-10 09:30:53,0.84,0.9438,314,0.81,0.9101,26,0.82,0.9213,18,0.825,0.9269,404,18
IWM191011C148,2019-10-10,2019-10-10 09:30:53,0.84,0.9438,314,0.81,0.9101,26,0.82,0.9213,18,0.825,0.9269,404,0
IWM191011C148,2019-10-10,2019-10-10 09:30:54,0.84,0.9438,242,0.81,0.9101,26,0.82,0.9213,18,0.825,0.9269,404,0
IWM191011C148,2019-10-10,2019-10-10 09:30:54,0.84,0.9438,352,0.81,0.9101,26,0.82,0.9213,18,0.825,0.9269,404,0
IWM191011C148,2019-10-10,2019-10-10 09:30:55,0.84,0.9438,242,0.81,0.9101,26,0.82,0.9213,18,0.825,0.9269,404,0
IWM191011C148,2019-10-10,2019-10-10 09:30:56,0.84,0.9438,242,0.81,0.9101,26,0.82,0.9213,18,0.825,0.9269,404,0
IWM191011C148,2019-10-10,2019-10-10 09:30:56,0.84,0.9438,335,0.81,0.9101,26,0.82,0.9213,18,0.825,0.9269,404,0
IWM191011C148,2019-10-10,2019-10-10 09:30:57,0.83,0.9325,20,0.81,0.9101,26,0.82,0.9213,18,0.82,0.9213,404,0
IWM191011C148,2019-10-10,2019-10-10 09:30:58,0.83,0.9325,20,0.8,0.8988,20,0.82,0.9213,18,0.815,0.9157,404,0
IWM191011C148,2019-10-10,2019-10-10 09:30:58,0.83,0.9325,20,0.81,0.9101,26,0.82,0.9213,18,0.82,0.9213,404,0
IWM191011C148,2019-10-10,2019-10-10 09:30:59,0.83,0.9325,116,0.8,0.8988,32,0.82,0.9213,18,0.815,0.9157,404,0
IWM191011C148,2019-10-10,2019-10-10 09:30:59,0.81,0.9101,33,0.78,0.8764,41,0.82,0.9213,18,0.795,0.8932,404,0
IWM191011C148,2019-10-10,2019-10-10 09:31:00,0.83,0.9325,44,0.79,0.8876,181,0.81,0.9101,10,0.81,0.9101,414,10
IWM191011C148,2019-10-10,2019-10-10 09:31:00,0.83,0.9325,98,0.79,0.8876,458,0.81,0.9101,10,0.81,0.9101,414,0
IWM191011C148,2019-10-10,2019-10-10 09:31:01,0.82,0.9213,1,0.79,0.8876,20,0.82,0.9213,1,0.805,0.9044,415,0
IWM191011C148,2019-10-10,2019-10-10 09:31:01,0.83,0.9325,98,0.8,0.8988,34,0.81,0.9101,10,0.815,0.9157,415,1
IWM191011C148,2019-10-10,2019-10-10 09:31:02,0.82,0.9213,95,0.79,0.8876,20,0.82,0.9213,1,0.805,0.9044,415,0
IWM191011C148,2019-10-10,2019-10-10 09:31:02,0.82,0.9213,81,0.79,0.8876,20,0.82,0.9213,1,0.805,0.9044,415,0
IWM191011C148,2019-10-10,2019-10-10 09:31:03,0.82,0.9213,20,0.79,0.8876,80,0.82,0.9213,1,0.805,0.9044,415,0
IWM191011C148,2019-10-10,2019-10-10 09:31:03,0.82,0.9213,20,0.79,0.8876,309,0.82,0.9213,1,0.805,0.9044,415,0
IWM191011C148,2019-10-10,2019-10-10 09:31:04,0.82,0.9213,20,0.79,0.8876,78,0.82,0.9213,1,0.805,0.9044,415,0
IWM191011C148,2019-10-10,2019-10-10 09:31:05,0.82,0.9213,64,0.79,0.8876,51,0.82,0.9213,1,0.805,0.9044,415,0
IWM191011C148,2019-10-10,2019-10-10 09:31:05,0.82,0.9213,64,0.79,0.8876,20,0.82,0.9213,1,0.805,0.9044,415,0
IWM191011C148,2019-10-10,2019-10-10 09:31:06,0.82,0.9213,24,0.79,0.8876,82,0.82,0.9213,1,0.805,0.9044,415,0
IWM191011C148,2019-10-10,2019-10-10 09:31:06,0.83,0.9325,99,0.8,0.8988,20,0.82,0.9213,1,0.815,0.9157,415,0
IWM191011C148,2019-10-10,2019-10-10 09:31:07,0.83,0.9325,97,0.8,0.8988,20,0.82,0.9213,1,0.815,0.9157,415,0
IWM191011C148,2019-10-10,2019-10-10 09:31:07,0.83,0.9325,72,0.8,0.8988,20,0.82,0.9213,1,0.815,0.9157,415,0
IWM191011C148,2019-10-10,2019-10-10 09:31:08,0.83,0.9325,90,0.79,0.8876,49,0.82,0.9213,1,0.81,0.9101,415,0
IWM191011C148,2019-10-10,2019-10-10 09:31:08,0.82,0.9213,35,0.79,0.8876,69,0.82,0.9213,1,0.805,0.9044,415,0
IWM191011C148,2019-10-10,2019-10-10 09:31:09,0.82,0.9213,50,0.78,0.8764,81,0.82,0.9213,1,0.8,0.8988,415,0
IWM191011C148,2019-10-10,2019-10-10 09:31:09,0.81,0.9101,66,0.78,0.8764,81,0.82,0.9213,1,0.795,0.8932,415,0
IWM191011C148,2019-10-10,2019-10-10 09:31:10,0.81,0.9101,90,0.78,0.8764,22,0.82,0.9213,1,0.795,0.8932,415,0
IWM191011C148,2019-10-10,2019-10-10 09:31:10,0.81,0.9101,90,0.78,0.8764,21,0.82,0.9213,1,0.795,0.8932,415,0
IWM191011C148,2019-10-10,2019-10-10 09:31:11,0.8,0.8988,34,0.77,0.8651,212,0.82,0.9213,1,0.785,0.882,415,0
IWM191011C148,2019-10-10,2019-10-10 09:31:11,0.8,0.8988,107,0.76,0.8539,406,0.82,0.9213,1,0.78,0.8764,415,0
IWM191011C148,2019-10-10,2019-10-10 09:31:12,0.8,0.8988,24,0.77,0.8651,128,0.82,0.9213,1,0.785,0.882,415,0
IWM191011C148,2019-10-10,2019-10-10 09:31:12,0.8,0.8988,45,0.77,0.8651,111,0.82,0.9213,1,0.785,0.882,415,0
IWM191011C148,2019-10-10,2019-10-10 09:31:13,0.81,0.9101,69,0.78,0.8764,20,0.82,0.9213,1,0.795,0.8932,415,0
IWM191011C148,2019-10-10,2019-10-10 09:31:13,0.81,0.9101,70,0.78,0.8764,26,0.82,0.9213,1,0.795,0.8932,415,0
IWM191011C148,2019-10-10,2019-10-10 09:31:14,0.81,0.9101,70,0.78,0.8764,26,0.82,0.9213,1,0.795,0.8932,415,0
IWM191011C148,2019-10-10,2019-10-10 09:31:14,0.81,0.9101,214,0.78,0.8764,26,0.82,0.9213,1,0.795,0.8932,415,0
IWM191011C148,2019-10-10,2019-10-10 09:31:15,0.8,0.8988,20,0.78,0.8764,26,0.82,0.9213,1,0.79,0.8876,415,0
IWM191011C148,2019-10-10,2019-10-10 09:31:15,0.8,0.8988,92,0.76,0.8539,435,0.82,0.9213,1,0.78,0.8764,415,0
IWM191011C148,2019-10-10,2019-10-10 09:31:16,0.79,0.8876,36,0.76,0.8539,340,0.82,0.9213,1,0.775,0.8707,415,0
IWM191011C148,2019-10-10,2019-10-10 09:31:16,0.79,0.8876,56,0.76,0.8539,51,0.82,0.9213,1,0.775,0.8707,415,0
IWM191011C148,2019-10-10,2019-10-10 09:31:17,0.79,0.8876,52,0.76,0.8539,79,0.82,0.9213,1,0.775,0.8707,415,0
IWM191011C148,2019-10-10,2019-10-10 09:31:17,0.79,0.8876,52,0.76,0.8539,70,0.82,0.9213,1,0.775,0.8707,415,0
IWM191011C148,2019-10-10,2019-10-10 09:31:18,0.78,0.8764,5,0.76,0.8539,42,0.82,0.9213,1,0.77,0.8651,415,0
IWM191011C148,2019-10-10,2019-10-10 09:31:18,0.79,0.8876,52,0.76,0.8539,79,0.82,0.9213,1,0.775,0.8707,415,0
IWM191011C148,2019-10-10,2019-10-10 09:31:19,0.78,0.8764,25,0.76,0.8539,19,0.82,0.9213,1,0.77,0.8651,415,0
IWM191011C148,2019-10-10,2019-10-10 09:31:19,0.78,0.8764,5,0.76,0.8539,42,0.82,0.9213,1,0.77,0.8651,415,0
IWM191011C148,2019-10-10,2019-10-10 09:31:20,0.77,0.8651,23,0.75,0.8426,39,0.82,0.9213,1,0.76,0.8539,415,0
IWM191011C148,2019-10-10,2019-10-10 09:31:20,0.77,0.8651,23,0.75,0.8426,144,0.82,0.9213,1,0.76,0.8539,415,0
IWM191011C148,2019-10-10,2019-10-10 09:31:21,0.77,0.8651,34,0.75,0.8426,23,0.82,0.9213,1,0.76,0.8539,415,0
IWM191011C148,2019-10-10,2019-10-10 09:31:21,0.77,0.8651,34,0.75,0.8426,36,0.82,0.9213,1,0.76,0.8539,415,0
IWM191011C148,2019-10-10,2019-10-10 09:31:22,0.77,0.8651,34,0.75,0.8426,32,0.82,0.9213,1,0.76,0.8539,415,0
IWM191011C148,2019-10-10,2019-10-10 09:31:23,0.77,0.8651,34,0.75,0.8426,32,0.82,0.9213,1,0.76,0.8539,415,0
IWM191011C148,2019-10-10,2019-10-10 09:31:23,0.77,0.8651,23,0.75,0.8426,44,0.82,0.9213,1,0.76,0.8539,415,0
IWM191011C148,2019-10-10,2019-10-10 09:31:24,0.77,0.8651,34,0.75,0.8426,23,0.82,0.9213,1,0.76,0.8539,415,0
IWM191011C148,2019-10-10,2019-10-10 09:31:24,0.77,0.8651,37,0.75,0.8426,21,0.82,0.9213,1,0.76,0.8539,415,0
IWM191011C148,2019-10-10,2019-10-10 09:31:25,0.77,0.8651,10,0.75,0.8426,23,0.82,0.9213,1,0.76,0.8539,415,0
IWM191011C148,2019-10-10,2019-10-10 09:31:25,0.77,0.8651,10,0.75,0.8426,49,0.82,0.9213,1,0.76,0.8539,415,0
IWM191011C148,2019-10-10,2019-10-10 09:31:26,0.77,0.8651,30,0.75,0.8426,23,0.82,0.9213,1,0.76,0.8539,415,0
IWM191011C148,2019-10-10,2019-10-10 09:31:27,0.78,0.8764,18,0.75,0.8426,85,0.82,0.9213,1,0.765,0.8595,415,0
IWM191011C148,2019-10-10,2019-10-10 09:31:27,0.78,0.8764,18,0.76,0.8539,64,0.82,0.9213,1,0.77,0.8651,415,0
IWM191011C148,2019-10-10,2019-10-10 09:31:28,0.78,0.8764,18,0.76,0.8539,89,0.82,0.9213,1,0.77,0.8651,415,0
IWM191011C148,2019-10-10,2019-10-10 09:31:28,0.79,0.8876,47,0.77,0.8651,18,0.82,0.9213,1,0.78,0.8764,415,0
IWM191011C148,2019-10-10,2019-10-10 09:31:29,0.79,0.8876,48,0.76,0.8539,27,0.82,0.9213,1,0.775,0.8707,415,0
IWM191011C148,2019-10-10,2019-10-10 09:31:29,0.79,0.8876,48,0.76,0.8539,269,0.82,0.9213,1,0.775,0.8707,415,0
IWM191011C148,2019-10-10,2019-10-10 09:31:30,0.79,0.8876,18,0.77,0.8651,18,0.82,0.9213,1,0.78,0.8764,415,0
IWM191011C148,2019-10-10,2019-10-10 09:31:30,0.79,0.8876,18,0.77,0.8651,39,0.82,0.9213,1,0.78,0.8764,415,0
IWM191011C148,2019-10-10,2019-10-10 09:31:31,0.79,0.8876,72,0.76,0.8539,296,0.82,0.9213,1,0.775,0.8707,415,0
IWM191011C148,2019-10-10,2019-10-10 09:31:31,0.79,0.8876,18,0.77,0.8651,25,0.82,0.9213,1,0.78,0.8764,415,0
IWM191011C148,2019-10-10,2019-10-10 09:31:32,0.79,0.8876,38,0.76,0.8539,296,0.82,0.9213,1,0.775,0.8707,415,0
IWM191011C148,2019-10-10,2019-10-10 09:31:33,0.79,0.8876,54,0.77,0.8651,15,0.82,0.9213,1,0.78,0.8764,415,0
IWM191011C148,2019-10-10,2019-10-10 09:31:33,0.8,0.8988,110,0.77,0.8651,70,0.82,0.9213,1,0.785,0.882,415,0
IWM191011C148,2019-10-10,2019-10-10 09:31:34,0.79,0.8876,41,0.77,0.8651,191,0.82,0.9213,1,0.78,0.8764,415,0
IWM191011C148,2019-10-10,2019-10-10 09:31:34,0.79,0.8876,23,0.77,0.8651,97,0.82,0.9213,1,0.78,0.8764,415,0
IWM191011C148,2019-10-10,2019-10-10 09:31:35,0.79,0.8876,41,0.77,0.8651,26,0.82,0.9213,1,0.78,0.8764,415,0
IWM191011C148,2019-10-10,2019-10-10 09:31:35,0.79,0.8876,27,0.77,0.8651,33,0.82,0.9213,1,0.78,0.8764,415,0
IWM191011C148,2019-10-10,2019-10-10 09:31:36,0.78,0.8764,7,0.76,0.8539,338,0.82,0.9213,1,0.77,0.8651,415,0
IWM191011C148,2019-10-10,2019-10-10 09:31:36,0.78,0.8764,7,0.76,0.8539,301,0.82,0.9213,1,0.77,0.8651,415,0
IWM191011C148,2019-10-10,2019-10-10 09:31:37,0.79,0.8876,20,0.76,0.8539,21,0.82,0.9213,1,0.775,0.8707,415,0
IWM191011C148,2019-10-10,2019-10-10 09:31:37,0.81,0.9101,14,0.8,0.8988,20,0.82,0.9213,1,0.805,0.9044,415,0
IWM191011C148,2019-10-10,2019-10-10 09:31:38,0.82,0.9213,18,0.79,0.8876,21,0.82,0.9213,1,0.805,0.9044,415,0
IWM191011C148,2019-10-10,2019-10-10 09:31:38,0.82,0.9213,18,0.8,0.8988,35,0.82,0.9213,1,0.81,0.9101,415,0
IWM191011C148,2019-10-10,2019-10-10 09:31:39,0.81,0.9101,34,0.78,0.8764,20,0.82,0.9213,1,0.795,0.8932,415,0
IWM191011C148,2019-10-10,2019-10-10 09:31:39,0.82,0.9213,89,0.79,0.8876,9,0.82,0.9213,1,0.805,0.9044,415,0
IWM191011C148,2019-10-10,2019-10-10 09:31:40,0.8,0.8988,10,0.78,0.8764,23,0.82,0.9213,1,0.79,0.8876,415,0
IWM191011C148,2019-10-10,2019-10-10 09:31:40,0.82,0.9213,134,0.79,0.8876,9,0.82,0.9213,1,0.805,0.9044,415,0
IWM191011C148,2019-10-10,2019-10-10 09:31:41,0.81,0.9101,51,0.78,0.8764,23,0.82,0.9213,1,0.795,0.8932,415,0
IWM191011C148,2019-10-10,2019-10-10 09:31:41,0.8,0.8988,10,0.78,0.8764,34,0.82,0.9213,1,0.79,0.8876,415,0
IWM191011C148,2019-10-10,2019-10-10 09:31:42,0.81,0.9101,60,0.78,0.8764,49,0.82,0.9213,1,0.795,0.8932,415,0
IWM191011C148,2019-10-10,2019-10-10 09:31:42,0.8,0.8988,15,0.78,0.8764,23,0.82,0.9213,1,0.79,0.8876,415,0
IWM191011C148,2019-10-10,2019-10-10 09:31:43,0.8,0.8988,12,0.78,0.8764,49,0.82,0.9213,1,0.79,0.8876,415,0
IWM191011C148,2019-10-10,2019-10-10 09:31:43,0.81,0.9101,40,0.78,0.8764,73,0.82,0.9213,1,0.795,0.8932,415,0
IWM191011C148,2019-10-10,2019-10-10 09:31:44,0.81,0.9101,50,0.78,0.8764,73,0.82,0.9213,1,0.795,0.8932,415,0
IWM191011C148,2019-10-10,2019-10-10 09:31:44,0.81,0.9101,60,0.79,0.8876,33,0.82,0.9213,1,0.8,0.8988,415,0
IWM191011C148,2019-10-10,2019-10-10 09:31:45,0.81,0.9101,66,0.78,0.8764,73,0.82,0.9213,1,0.795,0.8932,415,0
IWM191011C148,2019-10-10,2019-10-10 09:31:45,0.81,0.9101,40,0.78,0.8764,73,0.82,0.9213,1,0.795,0.8932,415,0
IWM191011C148,2019-10-10,2019-10-10 09:31:46,0.81,0.9101,108,0.78,0.8764,38,0.82,0.9213,1,0.795,0.8932,415,0
IWM191011C148,2019-10-10,2019-10-10 09:31:46,0.81,0.9101,87,0.78,0.8764,38,0.82,0.9213,1,0.795,0.8932,415,0
IWM191011C148,2019-10-10,2019-10-10 09:31:47,0.82,0.9213,18,0.8,0.8988,33,0.82,0.9213,1,0.81,0.9101,415,0
IWM191011C148,2019-10-10,2019-10-10 09:31:47,0.82,0.9213,77,0.79,0.8876,36,0.82,0.9213,1,0.805,0.9044,415,0
IWM191011C148,2019-10-10,2019-10-10 09:31:48,0.82,0.9213,18,0.8,0.8988,33,0.82,0.9213,1,0.81,0.9101,415,0
IWM191011C148,2019-10-10,2019-10-10 09:31:49,0.82,0.9213,18,0.8,0.8988,33,0.82,0.9213,1,0.81,0.9101,415,0
IWM191011C148,2019-10-10,2019-10-10 09:31:49,0.82,0.9213,61,0.8,0.8988,17,0.82,0.9213,1,0.81,0.9101,415,0
IWM191011C148,2019-10-10,2019-10-10 09:31:50,0.82,0.9213,134,0.79,0.8876,32,0.82,0.9213,1,0.805,0.9044,415,0
IWM191011C148,2019-10-10,2019-10-10 09:31:50,0.82,0.9213,46,0.79,0.8876,66,0.82,0.9213,1,0.805,0.9044,415,0
IWM191011C148,2019-10-10,2019-10-10 09:31:51,0.82,0.9213,96,0.79,0.8876,57,0.82,0.9213,1,0.805,0.9044,415,0
IWM191011C148,2019-10-10,2019-10-10 09:31:52,0.82,0.9213,89,0.79,0.8876,57,0.82,0.9213,1,0.805,0.9044,415,0
IWM191011C148,2019-10-10,2019-10-10 09:31:52,0.82,0.9213,89,0.79,0.8876,98,0.82,0.9213,1,0.805,0.9044,415,0
IWM191011C148,2019-10-10,2019-10-10 09:31:53,0.82,0.9213,19,0.79,0.8876,98,0.82,0.9213,1,0.805,0.9044,415,0
IWM191011C148,2019-10-10,2019-10-10 09:31:53,0.82,0.9213,33,0.79,0.8876,98,0.82,0.9213,1,0.805,0.9044,415,0
IWM191011C148,2019-10-10,2019-10-10 09:31:54,0.81,0.9101,4,0.79,0.8876,35,0.82,0.9213,1,0.8,0.8988,415,0
IWM191011C148,2019-10-10,2019-10-10 09:31:54,0.82,0.9213,33,0.8,0.8988,23,0.82,0.9213,1,0.81,0.9101,415,0
IWM191011C148,2019-10-10,2019-10-10 09:31:55,0.82,0.9213,47,0.79,0.8876,44,0.82,0.9213,1,0.805,0.9044,415,0
IWM191011C148,2019-10-10,2019-10-10 09:31:55,0.81,0.9101,4,0.79,0.8876,44,0.82,0.9213,1,0.8,0.8988,415,0
IWM191011C148,2019-10-10,2019-10-10 09:31:56,0.82,0.9213,66,0.79,0.8876,50,0.82,0.9213,1,0.805,0.9044,415,0
IWM191011C148,2019-10-10,2019-10-10 09:31:56,0.82,0.9213,72,0.79,0.8876,50,0.82,0.9213,1,0.805,0.9044,415,0
IWM191011C148,2019-10-10,2019-10-10 09:31:57,0.82,0.9213,72,0.79,0.8876,46,0.82,0.9213,1,0.805,0.9044,415,0
IWM191011C148,2019-10-10,2019-10-10 09:31:57,0.82,0.9213,76,0.79,0.8876,52,0.82,0.9213,1,0.805,0.9044,415,0
IWM191011C148,2019-10-10,2019-10-10 09:31:58,0.82,0.9213,84,0.79,0.8876,71,0.82,0.9213,1,0.805,0.9044,415,0
IWM191011C148,2019-10-10,2019-10-10 09:31:58,0.82,0.9213,84,0.79,0.8876,66,0.82,0.9213,1,0.805,0.9044,415,0
IWM191011C148,2019-10-10,2019-10-10 09:31:59,0.82,0.9213,113,0.79,0.8876,55,0.82,0.9213,1,0.805,0.9044,415,0
IWM191011C148,2019-10-10,2019-10-10 09:31:59,0.82,0.9213,84,0.79,0.8876,55,0.82,0.9213,1,0.805,0.9044,415,0
IWM191011C148,2019-10-10,2019-10-10 09:32:00,0.81,0.9101,56,0.78,0.8764,26,0.81,0.9101,6,0.795,0.8932,421,0
IWM191011C148,2019-10-10,2019-10-10 09:32:00,0.81,0.9101,93,0.79,0.8876,26,0.81,0.9101,6,0.8,0.8988,421,6
IWM191011C148,2019-10-10,2019-10-10 09:32:01,0.8,0.8988,101,0.76,0.8539,320,0.81,0.9101,6,0.78,0.8764,421,0
IWM191011C148,2019-10-10,2019-10-10 09:32:01,0.8,0.8988,101,0.76,0.8539,83,0.81,0.9101,6,0.78,0.8764,421,0
IWM191011C148,2019-10-10,2019-10-10 09:32:02,0.79,0.8876,11,0.76,0.8539,44,0.81,0.9101,6,0.775,0.8707,421,0
IWM191011C148,2019-10-10,2019-10-10 09:32:02,0.8,0.8988,101,0.76,0.8539,54,0.81,0.9101,6,0.78,0.8764,421,0
IWM191011C148,2019-10-10,2019-10-10 09:32:03,0.79,0.8876,53,0.77,0.8651,20,0.81,0.9101,6,0.78,0.8764,421,0
IWM191011C148,2019-10-10,2019-10-10 09:32:03,0.78,0.8764,28,0.76,0.8539,17,0.81,0.9101,6,0.77,0.8651,421,0
IWM191011C148,2019-10-10,2019-10-10 09:32:04,0.78,0.8764,42,0.75,0.8426,176,0.81,0.9101,6,0.765,0.8595,421,0
IWM191011C148,2019-10-10,2019-10-10 09:32:04,0.78,0.8764,28,0.76,0.8539,20,0.81,0.9101,6,0.77,0.8651,421,0
IWM191011C148,2019-10-10,2019-10-10 09:32:05,0.78,0.8764,64,0.75,0.8426,269,0.81,0.9101,6,0.765,0.8595,421,0
IWM191011C148,2019-10-10,2019-10-10 09:32:06,0.78,0.8764,128,0.75,0.8426,105,0.81,0.9101,6,0.765,0.8595,421,0
IWM191011C148,2019-10-10,2019-10-10 09:32:06,0.78,0.8764,105,0.75,0.8426,271,0.81,0.9101,6,0.765,0.8595,421,0
IWM191011C148,2019-10-10,2019-10-10 09:32:07,0.78,0.8764,129,0.75,0.8426,40,0.81,0.9101,6,0.765,0.8595,421,0
IWM191011C148,2019-10-10,2019-10-10 09:32:07,0.78,0.8764,139,0.75,0.8426,37,0.81,0.9101,6,0.765,0.8595,421,0
IWM191011C148,2019-10-10,2019-10-10 09:32:08,0.78,0.8764,65,0.76,0.8539,21,0.81,0.9101,6,0.77,0.8651,421,0
IWM191011C148,2019-10-10,2019-10-10 09:32:08,0.78,0.8764,19,0.76,0.8539,21,0.81,0.9101,6,0.77,0.8651,421,0
IWM191011C148,2019-10-10,2019-10-10 09:32:09,0.79,0.8876,61,0.77,0.8651,31,0.81,0.9101,6,0.78,0.8764,421,0
IWM191011C148,2019-10-10,2019-10-10 09:32:09,0.79,0.8876,22,0.77,0.8651,31,0.81,0.9101,6,0.78,0.8764,421,0
IWM191011C148,2019-10-10,2019-10-10 09:32:10,0.79,0.8876,22,0.77,0.8651,31,0.81,0.9101,6,0.78,0.8764,421,0
IWM191011C148,2019-10-10,2019-10-10 09:32:11,0.8,0.8988,28,0.77,0.8651,31,0.81,0.9101,6,0.785,0.882,421,0
IWM191011C148,2019-10-10,2019-10-10 09:32:11,0.8,0.8988,20,0.77,0.8651,31,0.81,0.9101,6,0.785,0.882,421,0
IWM191011C148,2019-10-10,2019-10-10 09:32:12,0.8,0.8988,20,0.78,0.8764,29,0.81,0.9101,6,0.79,0.8876,421,0
IWM191011C148,2019-10-10,2019-10-10 09:32:12,0.8,0.8988,45,0.78,0.8764,20,0.81,0.9101,6,0.79,0.8876,421,0
IWM191011C148,2019-10-10,2019-10-10 09:32:13,0.8,0.8988,39,0.78,0.8764,31,0.81,0.9101,6,0.79,0.8876,421,0
IWM191011C148,2019-10-10,2019-10-10 09:32:13,0.8,0.8988,35,0.78,0.8764,29,0.81,0.9101,6,0.79,0.8876,421,0
IWM191011C148,2019-10-10,2019-10-10 09:32:14,0.8,0.8988,32,0.77,0.8651,282,0.81,0.9101,6,0.785,0.882,421,0
IWM191011C148,2019-10-10,2019-10-10 09:32:14,0.81,0.9101,66,0.77,0.8651,282,0.81,0.9101,6,0.79,0.8876,421,0
IWM191011C148,2019-10-10,2019-10-10 09:32:15,0.8,0.8988,23,0.78,0.8764,20,0.81,0.9101,6,0.79,0.8876,421,0
IWM191011C148,2019-10-10,2019-10-10 09:32:15,0.8,0.8988,32,0.77,0.8651,282,0.81,0.9101,6,0.785,0.882,421,0
IWM191011C148,2019-10-10,2019-10-10 09:32:16,0.8,0.8988,23,0.78,0.8764,20,0.81,0.9101,6,0.79,0.8876,421,0
IWM191011C148,2019-10-10,2019-10-10 09:32:16,0.8,0.8988,21,0.77,0.8651,46,0.81,0.9101,6,0.785,0.882,421,0
IWM191011C148,2019-10-10,2019-10-10 09:32:17,0.81,0.9101,35,0.78,0.8764,40,0.81,0.9101,6,0.795,0.8932,421,0
IWM191011C148,2019-10-10,2019-10-10 09:32:17,0.8,0.8988,10,0.78,0.8764,40,0.81,0.9101,6,0.79,0.8876,421,0
IWM191011C148,2019-10-10,2019-10-10 09:32:18,0.82,0.9213,87,0.79,0.8876,26,0.81,0.9101,6,0.805,0.9044,421,0
IWM191011C148,2019-10-10,2019-10-10 09:32:19,0.83,0.9325,56,0.81,0.9101,11,0.81,0.9101,6,0.82,0.9213,421,0
IWM191011C148,2019-10-10,2019-10-10 09:32:20,0.83,0.9325,75,0.81,0.9101,30,0.81,0.9101,6,0.82,0.9213,421,0
IWM191011C148,2019-10-10,2019-10-10 09:32:20,0.83,0.9325,179,0.8,0.8988,45,0.81,0.9101,6,0.815,0.9157,421,0
IWM191011C148,2019-10-10,2019-10-10 09:32:21,0.84,0.9438,106,0.81,0.9101,99,0.81,0.9101,6,0.825,0.9269,421,0
IWM191011C148,2019-10-10,2019-10-10 09:32:22,0.83,0.9325,15,0.81,0.9101,65,0.81,0.9101,6,0.82,0.9213,421,0
IWM191011C148,2019-10-10,2019-10-10 09:32:22,0.84,0.9438,47,0.81,0.9101,18,0.81,0.9101,6,0.825,0.9269,421,0
IWM191011C148,2019-10-10,2019-10-10 09:32:23,0.83,0.9325,18,0.81,0.9101,33,0.81,0.9101,6,0.82,0.9213,421,0
IWM191011C148,2019-10-10,2019-10-10 09:32:23,0.83,0.9325,19,0.81,0.9101,65,0.81,0.9101,6,0.82,0.9213,421,0
IWM191011C148,2019-10-10,2019-10-10 09:32:24,0.83,0.9325,43,0.81,0.9101,33,0.81,0.9101,6,0.82,0.9213,421,0
IWM191011C148,2019-10-10,2019-10-10 09:32:24,0.83,0.9325,12,0.81,0.9101,33,0.81,0.9101,6,0.82,0.9213,421,0
IWM191011C148,2019-10-10,2019-10-10 09:32:25,0.82,0.9213,10,0.8,0.8988,38,0.81,0.9101,6,0.81,0.9101,421,0
IWM191011C148,2019-10-10,2019-10-10 09:32:25,0.83,0.9325,71,0.8,0.8988,37,0.81,0.9101,6,0.815,0.9157,421,0
IWM191011C148,2019-10-10,2019-10-10 09:32:26,0.82,0.9213,30,0.8,0.8988,24,0.81,0.9101,6,0.81,0.9101,421,0
IWM191011C148,2019-10-10,2019-10-10 09:32:27,0.82,0.9213,61,0.79,0.8876,40,0.81,0.9101,6,0.805,0.9044,421,0
IWM191011C148,2019-10-10,2019-10-10 09:32:28,0.82,0.9213,101,0.8,0.8988,10,0.81,0.9101,6,0.81,0.9101,421,0
IWM191011C148,2019-10-10,2019-10-10 09:32:28,0.82,0.9213,61,0.79,0.8876,40,0.81,0.9101,6,0.805,0.9044,421,0
IWM191011C148,2019-10-10,2019-10-10 09:32:29,0.82,0.9213,43,0.79,0.8876,42,0.81,0.9101,6,0.805,0.9044,421,0
IWM191011C148,2019-10-10,2019-10-10 09:32:29,0.82,0.9213,66,0.79,0.8876,87,0.81,0.9101,6,0.805,0.9044,421,0
IWM191011C148,2019-10-10,2019-10-10 09:32:30,0.82,0.9213,137,0.79,0.8876,124,0.81,0.9101,6,0.805,0.9044,421,0
IWM191011C148,2019-10-10,2019-10-10 09:32:30,0.82,0.9213,108,0.79,0.8876,124,0.81,0.9101,6,0.805,0.9044,421,0
IWM191011C148,2019-10-10,2019-10-10 09:32:31,0.82,0.9213,205,0.8,0.8988,20,0.81,0.9101,6,0.81,0.9101,421,0
IWM191011C148,2019-10-10,2019-10-10 09:32:31,0.82,0.9213,155,0.79,0.8876,124,0.81,0.9101,6,0.805,0.9044,421,0
IWM191011C148,2019-10-10,2019-10-10 09:32:32,0.82,0.9213,205,0.8,0.8988,15,0.81,0.9101,6,0.81,0.9101,421,0
IWM191011C148,2019-10-10,2019-10-10 09:32:33,0.82,0.9213,165,0.8,0.8988,15,0.81,0.9101,6,0.81,0.9101,421,0
IWM191011C148,2019-10-10,2019-10-10 09:32:33,0.82,0.9213,174,0.79,0.8876,22,0.81,0.9101,6,0.805,0.9044,421,0
IWM191011C148,2019-10-10,2019-10-10 09:32:34,0.81,0.9101,208,0.78,0.8764,26,0.81,0.9101,6,0.795,0.8932,421,0
IWM191011C148,2019-10-10,2019-10-10 09:32:34,0.81,0.9101,96,0.78,0.8764,30,0.81,0.9101,6,0.795,0.8932,421,0
IWM191011C148,2019-10-10,2019-10-10 09:32:35,0.8,0.8988,38,0.78,0.8764,27,0.81,0.9101,6,0.79,0.8876,421,0
IWM191011C148,2019-10-10,2019-10-10 09:32:35,0.8,0.8988,19,0.78,0.8764,27,0.81,0.9101,6,0.79,0.8876,421,0
IWM191011C148,2019-10-10,2019-10-10 09:32:36,0.8,0.8988,124,0.77,0.8651,89,0.81,0.9101,6,0.785,0.882,421,0
IWM191011C148,2019-10-10,2019-10-10 09:32:36,0.8,0.8988,78,0.77,0.8651,108,0.81,0.9101,6,0.785,0.882,421,0
IWM191011C148,2019-10-10,2019-10-10 09:32:37,0.8,0.8988,124,0.77,0.8651,74,0.81,0.9101,6,0.785,0.882,421,0
IWM191011C148,2019-10-10,2019-10-10 09:32:37,0.8,0.8988,181,0.77,0.8651,57,0.81,0.9101,6,0.785,0.882,421,0
IWM191011C148,2019-10-10,2019-10-10 09:32:38,0.8,0.8988,197,0.77,0.8651,41,0.81,0.9101,6,0.785,0.882,421,0
IWM191011C148,2019-10-10,2019-10-10 09:32:38,0.8,0.8988,197,0.77,0.8651,44,0.81,0.9101,6,0.785,0.882,421,0
IWM191011C148,2019-10-10,2019-10-10 09:32:39,0.8,0.8988,197,0.77,0.8651,41,0.81,0.9101,6,0.785,0.882,421,0
IWM191011C148,2019-10-10,2019-10-10 09:32:39,0.8,0.8988,207,0.77,0.8651,41,0.81,0.9101,6,0.785,0.882,421,0
IWM191011C148,2019-10-10,2019-10-10 09:32:40,0.79,0.8876,105,0.77,0.8651,21,0.81,0.9101,6,0.78,0.8764,421,0
IWM191011C148,2019-10-10,2019-10-10 09:32:40,0.78,0.8764,19,0.76,0.8539,23,0.81,0.9101,6,0.77,0.8651,421,0
IWM191011C148,2019-10-10,2019-10-10 09:32:41,0.78,0.8764,19,0.76,0.8539,20,0.81,0.9101,6,0.77,0.8651,421,0
IWM191011C148,2019-10-10,2019-10-10 09:32:41,0.78,0.8764,56,0.76,0.8539,27,0.81,0.9101,6,0.77,0.8651,421,0
IWM191011C148,2019-10-10,2019-10-10 09:32:42,0.78,0.8764,84,0.75,0.8426,26,0.81,0.9101,6,0.765,0.8595,421,0
IWM191011C148,2019-10-10,2019-10-10 09:32:42,0.78,0.8764,94,0.75,0.8426,26,0.81,0.9101,6,0.765,0.8595,421,0
IWM191011C148,2019-10-10,2019-10-10 09:32:43,0.77,0.8651,25,0.75,0.8426,26,0.81,0.9101,6,0.76,0.8539,421,0
IWM191011C148,2019-10-10,2019-10-10 09:32:44,0.77,0.8651,33,0.75,0.8426,26,0.75,0.8426,1,0.76,0.8539,423,0
IWM191011C148,2019-10-10,2019-10-10 09:32:44,0.77,0.8651,33,0.75,0.8426,26,0.75,0.8426,1,0.76,0.8539,423,2
IWM191011C148,2019-10-10,2019-10-10 09:32:45,0.77,0.8651,33,0.74,0.8314,75,0.75,0.8426,1,0.755,0.8483,423,0
IWM191011C148,2019-10-10,2019-10-10 09:32:45,0.77,0.8651,136,0.74,0.8314,33,0.75,0.8426,1,0.755,0.8483,423,0
IWM191011C148,2019-10-10,2019-10-10 09:32:46,0.77,0.8651,176,0.74,0.8314,23,0.75,0.8426,1,0.755,0.8483,423,0
IWM191011C148,2019-10-10,2019-10-10 09:32:47,0.77,0.8651,202,0.74,0.8314,39,0.75,0.8426,1,0.755,0.8483,423,0
IWM191011C148,2019-10-10,2019-10-10 09:32:47,0.77,0.8651,218,0.74,0.8314,39,0.75,0.8426,1,0.755,0.8483,423,0
IWM191011C148,2019-10-10,2019-10-10 09:32:48,0.77,0.8651,88,0.74,0.8314,34,0.75,0.8426,1,0.755,0.8483,423,0
IWM191011C148,2019-10-10,2019-10-10 09:32:48,0.77,0.8651,59,0.74,0.8314,20,0.75,0.8426,1,0.755,0.8483,423,0
IWM191011C148,2019-10-10,2019-10-10 09:32:49,0.77,0.8651,177,0.75,0.8426,4,0.75,0.8426,1,0.76,0.8539,423,0
IWM191011C148,2019-10-10,2019-10-10 09:32:49,0.77,0.8651,35,0.75,0.8426,37,0.75,0.8426,1,0.76,0.8539,423,0
IWM191011C148,2019-10-10,2019-10-10 09:32:50,0.78,0.8764,1,0.76,0.8539,25,0.75,0.8426,1,0.77,0.8651,423,0
IWM191011C148,2019-10-10,2019-10-10 09:32:50,0.78,0.8764,58,0.76,0.8539,13,0.75,0.8426,1,0.77,0.8651,423,0
IWM191011C148,2019-10-10,2019-10-10 09:32:51,0.79,0.8876,186,0.76,0.8539,31,0.75,0.8426,1,0.775,0.8707,423,0
IWM191011C148,2019-10-10,2019-10-10 09:32:51,0.79,0.8876,229,0.76,0.8539,25,0.75,0.8426,1,0.775,0.8707,423,0
IWM191011C148,2019-10-10,2019-10-10 09:32:52,0.79,0.8876,186,0.76,0.8539,31,0.75,0.8426,1,0.775,0.8707,423,0
IWM191011C148,2019-10-10,2019-10-10 09:32:52,0.79,0.8876,196,0.76,0.8539,31,0.75,0.8426,1,0.775,0.8707,423,0
IWM191011C148,2019-10-10,2019-10-10 09:32:53,0.79,0.8876,42,0.77,0.8651,26,0.75,0.8426,1,0.78,0.8764,423,0
IWM191011C148,2019-10-10,2019-10-10 09:32:53,0.79,0.8876,108,0.77,0.8651,26,0.75,0.8426,1,0.78,0.8764,423,0
IWM191011C148,2019-10-10,2019-10-10 09:32:54,0.8,0.8988,109,0.78,0.8764,6,0.75,0.8426,1,0.79,0.8876,423,0
IWM191011C148,2019-10-10,2019-10-10 09:32:54,0.8,0.8988,111,0.78,0.8764,6,0.75,0.8426,1,0.79,0.8876,423,0
IWM191011C148,2019-10-10,2019-10-10 09:32:55,0.8,0.8988,31,0.78,0.8764,29,0.75,0.8426,1,0.79,0.8876,423,0
IWM191011C148,2019-10-10,2019-10-10 09:32:55,0.8,0.8988,128,0.78,0.8764,6,0.75,0.8426,1,0.79,0.8876,423,0
IWM191011C148,2019-10-10,2019-10-10 09:32:56,0.8,0.8988,30,0.78,0.8764,29,0.75,0.8426,1,0.79,0.8876,423,0
IWM191011C148,2019-10-10,2019-10-10 09:32:56,0.8,0.8988,10,0.78,0.8764,29,0.75,0.8426,1,0.79,0.8876,423,0
IWM191011C148,2019-10-10,2019-10-10 09:32:57,0.8,0.8988,25,0.78,0.8764,29,0.75,0.8426,1,0.79,0.8876,423,0
IWM191011C148,2019-10-10,2019-10-10 09:32:57,0.8,0.8988,25,0.79,0.8876,2,0.75,0.8426,1,0.795,0.8932,423,0
IWM191011C148,2019-10-10,2019-10-10 09:32:58,0.8,0.8988,30,0.78,0.8764,26,0.75,0.8426,1,0.79,0.8876,423,0
IWM191011C148,2019-10-10,2019-10-10 09:32:58,0.8,0.8988,25,0.78,0.8764,23,0.75,0.8426,1,0.79,0.8876,423,0
IWM191011C148,2019-10-10,2019-10-10 09:32:59,0.8,0.8988,38,0.79,0.8876,2,0.75,0.8426,1,0.795,0.8932,423,0
IWM191011C148,2019-10-10,2019-10-10 09:32:59,0.8,0.8988,38,0.78,0.8764,20,0.75,0.8426,1,0.79,0.8876,423,0
IWM191011C148,2019-10-10,2019-10-10 09:33:00,0.81,0.9101,132,0.78,0.8764,20,0.75,0.8426,1,0.795,0.8932,423,0
IWM191011C148,2019-10-10,2019-10-10 09:33:00,0.8,0.8988,32,0.78,0.8764,26,0.75,0.8426,1,0.79,0.8876,423,0
IWM191011C148,2019-10-10,2019-10-10 09:33:01,0.8,0.8988,33,0.79,0.8876,3,0.75,0.8426,1,0.795,0.8932,423,0
IWM191011C148,2019-10-10,2019-10-10 09:33:01,0.81,0.9101,177,0.79,0.8876,6,0.75,0.8426,1,0.8,0.8988,423,0
IWM191011C148,2019-10-10,2019-10-10 09:33:02,0.8,0.8988,20,0.79,0.8876,3,0.75,0.8426,1,0.795,0.8932,423,0
IWM191011C148,2019-10-10,2019-10-10 09:33:02,0.8,0.8988,33,0.79,0.8876,2,0.75,0.8426,1,0.795,0.8932,423,0
IWM191011C148,2019-10-10,2019-10-10 09:33:03,0.8,0.8988,59,0.78,0.8764,24,0.75,0.8426,1,0.79,0.8876,423,0
IWM191011C148,2019-10-10,2019-10-10 09:33:03,0.8,0.8988,33,0.78,0.8764,24,0.75,0.8426,1,0.79,0.8876,423,0
IWM191011C148,2019-10-10,2019-10-10 09:33:04,0.8,0.8988,51,0.78,0.8764,23,0.75,0.8426,1,0.79,0.8876,423,0
IWM191011C148,2019-10-10,2019-10-10 09:33:04,0.8,0.8988,36,0.78,0.8764,23,0.75,0.8426,1,0.79,0.8876,423,0
IWM191011C148,2019-10-10,2019-10-10 09:33:05,0.81,0.9101,76,0.78,0.8764,20,0.75,0.8426,1,0.795,0.8932,423,0
IWM191011C148,2019-10-10,2019-10-10 09:33:06,0.8,0.8988,33,0.79,0.8876,2,0.75,0.8426,1,0.795,0.8932,423,0
IWM191011C148,2019-10-10,2019-10-10 09:33:06,0.8,0.8988,24,0.78,0.8764,23,0.75,0.8426,1,0.79,0.8876,423,0
IWM191011C148,2019-10-10,2019-10-10 09:33:07,0.8,0.8988,33,0.78,0.8764,23,0.75,0.8426,1,0.79,0.8876,423,0
IWM191011C148,2019-10-10,2019-10-10 09:33:07,0.8,0.8988,24,0.78,0.8764,20,0.75,0.8426,1,0.79,0.8876,423,0
IWM191011C148,2019-10-10,2019-10-10 09:33:08,0.8,0.8988,51,0.78,0.8764,37,0.75,0.8426,1,0.79,0.8876,423,0
IWM191011C148,2019-10-10,2019-10-10 09:33:09,0.81,0.9101,69,0.79,0.8876,22,0.75,0.8426,1,0.8,0.8988,423,0
IWM191011C148,2019-10-10,2019-10-10 09:33:09,0.82,0.9213,114,0.79,0.8876,34,0.75,0.8426,1,0.805,0.9044,423,0
IWM191011C148,2019-10-10,2019-10-10 09:33:10,0.82,0.9213,59,0.81,0.9101,5,0.75,0.8426,1,0.815,0.9157,423,0
IWM191011C148,2019-10-10,2019-10-10 09:33:10,0.82,0.9213,114,0.8,0.8988,25,0.75,0.8426,1,0.81,0.9101,423,0
IWM191011C148,2019-10-10,2019-10-10 09:33:11,0.82,0.9213,5,0.81,0.9101,5,0.75,0.8426,1,0.815,0.9157,423,0
IWM191011C148,2019-10-10,2019-10-10 09:33:11,0.83,0.9325,202,0.8,0.8988,65,0.75,0.8426,1,0.815,0.9157,423,0
IWM191011C148,2019-10-10,2019-10-10 09:33:12,0.82,0.9213,77,0.81,0.9101,5,0.75,0.8426,1,0.815,0.9157,423,0
IWM191011C148,2019-10-10,2019-10-10 09:33:12,0.82,0.9213,74,0.8,0.8988,20,0.75,0.8426,1,0.81,0.9101,423,0
IWM191011C148,2019-10-10,2019-10-10 09:33:13,0.83,0.9325,38,0.81,0.9101,5,0.75,0.8426,1,0.82,0.9213,423,0
IWM191011C148,2019-10-10,2019-10-10 09:33:13,0.83,0.9325,21,0.81,0.9101,5,0.75,0.8426,1,0.82,0.9213,423,0
IWM191011C148,2019-10-10,2019-10-10 09:33:14,0.84,0.9438,187,0.81,0.9101,316,0.75,0.8426,1,0.825,0.9269,423,0
IWM191011C148,2019-10-10,2019-10-10 09:33:14,0.84,0.9438,187,0.81,0.9101,304,0.75,0.8426,1,0.825,0.9269,423,0
IWM191011C148,2019-10-10,2019-10-10 09:33:15,0.84,0.9438,229,0.81,0.9101,346,0.75,0.8426,1,0.825,0.9269,423,0
IWM191011C148,2019-10-10,2019-10-10 09:33:15,0.84,0.9438,187,0.81,0.9101,316,0.75,0.8426,1,0.825,0.9269,423,0
IWM191011C148,2019-10-10,2019-10-10 09:33:16,0.85,0.955,20,0.83,0.9325,20,0.75,0.8426,1,0.84,0.9438,423,0
IWM191011C148,2019-10-10,2019-10-10 09:33:16,0.84,0.9438,229,0.81,0.9101,346,0.75,0.8426,1,0.825,0.9269,423,0
IWM191011C148,2019-10-10,2019-10-10 09:33:17,0.85,0.955,80,0.84,0.9438,5,0.75,0.8426,1,0.845,0.9494,423,0
IWM191011C148,2019-10-10,2019-10-10 09:33:17,0.85,0.955,86,0.84,0.9438,5,0.75,0.8426,1,0.845,0.9494,423,0
IWM191011C148,2019-10-10,2019-10-10 09:33:18,0.85,0.955,86,0.84,0.9438,5,0.75,0.8426,1,0.845,0.9494,423,0
IWM191011C148,2019-10-10,2019-10-10 09:33:18,0.85,0.955,183,0.82,0.9213,32,0.75,0.8426,1,0.835,0.9382,423,0
IWM191011C148,2019-10-10,2019-10-10 09:33:19,0.84,0.9438,183,0.82,0.9213,24,0.75,0.8426,1,0.83,0.9325,423,0
IWM191011C148,2019-10-10,2019-10-10 09:33:19,0.85,0.955,195,0.82,0.9213,32,0.75,0.8426,1,0.835,0.9382,423,0
IWM191011C148,2019-10-10,2019-10-10 09:33:20,0.84,0.9438,219,0.81,0.9101,100,0.75,0.8426,1,0.825,0.9269,423,0
IWM191011C148,2019-10-10,2019-10-10 09:33:20,0.83,0.9325,20,0.81,0.9101,39,0.75,0.8426,1,0.82,0.9213,423,0
IWM191011C148,2019-10-10,2019-10-10 09:33:21,0.83,0.9325,21,0.81,0.9101,39,0.75,0.8426,1,0.82,0.9213,423,0
IWM191011C148,2019-10-10,2019-10-10 09:33:21,0.83,0.9325,122,0.8,0.8988,20,0.75,0.8426,1,0.815,0.9157,423,0
IWM191011C148,2019-10-10,2019-10-10 09:33:22,0.83,0.9325,35,0.81,0.9101,25,0.75,0.8426,1,0.82,0.9213,423,0
IWM191011C148,2019-10-10,2019-10-10 09:33:22,0.83,0.9325,159,0.81,0.9101,20,0.75,0.8426,1,0.82,0.9213,423,0
IWM191011C148,2019-10-10,2019-10-10 09:33:23,0.83,0.9325,23,0.81,0.9101,25,0.75,0.8426,1,0.82,0.9213,423,0
IWM191011C148,2019-10-10,2019-10-10 09:33:23,0.83,0.9325,35,0.81,0.9101,25,0.75,0.8426,1,0.82,0.9213,423,0
IWM191011C148,2019-10-10,2019-10-10 09:33:24,0.84,0.9438,85,0.83,0.9325,5,0.75,0.8426,1,0.835,0.9382,423,0
IWM191011C148,2019-10-10,2019-10-10 09:33:25,0.85,0.955,91,0.83,0.9325,5,0.75,0.8426,1,0.84,0.9438,423,0
IWM191011C148,2019-10-10,2019-10-10 09:33:25,0.85,0.955,133,0.83,0.9325,5,0.75,0.8426,1,0.84,0.9438,423,0
IWM191011C148,2019-10-10,2019-10-10 09:33:26,0.85,0.955,241,0.83,0.9325,9,0.75,0.8426,1,0.84,0.9438,423,0
IWM191011C148,2019-10-10,2019-10-10 09:33:26,0.85,0.955,251,0.83,0.9325,10,0.75,0.8426,1,0.84,0.9438,423,0
IWM191011C148,2019-10-10,2019-10-10 09:33:27,0.84,0.9438,165,0.82,0.9213,20,0.75,0.8426,1,0.83,0.9325,423,0
IWM191011C148,2019-10-10,2019-10-10 09:33:28,0.84,0.9438,97,0.82,0.9213,20,0.75,0.8426,1,0.83,0.9325,423,0
IWM191011C148,2019-10-10,2019-10-10 09:33:28,0.84,0.9438,34,0.82,0.9213,57,0.75,0.8426,1,0.83,0.9325,423,0
IWM191011C148,2019-10-10,2019-10-10 09:33:29,0.84,0.9438,21,0.82,0.9213,65,0.75,0.8426,1,0.83,0.9325,423,0
IWM191011C148,2019-10-10,2019-10-10 09:33:29,0.84,0.9438,55,0.82,0.9213,31,0.75,0.8426,1,0.83,0.9325,423,0
IWM191011C148,2019-10-10,2019-10-10 09:33:30,0.85,0.955,73,0.82,0.9213,173,0.75,0.8426,1,0.835,0.9382,423,0
IWM191011C148,2019-10-10,2019-10-10 09:33:30,0.84,0.9438,20,0.82,0.9213,31,0.75,0.8426,1,0.83,0.9325,423,0
IWM191011C148,2019-10-10,2019-10-10 09:33:31,0.83,0.9325,15,0.8,0.8988,409,0.75,0.8426,1,0.815,0.9157,423,0
IWM191011C148,2019-10-10,2019-10-10 09:33:31,0.85,0.955,103,0.82,0.9213,20,0.75,0.8426,1,0.835,0.9382,423,0
IWM191011C148,2019-10-10,2019-10-10 09:33:32,0.83,0.9325,5,0.81,0.9101,31,0.75,0.8426,1,0.82,0.9213,423,0
IWM191011C148,2019-10-10,2019-10-10 09:33:32,0.84,0.9438,49,0.81,0.9101,269,0.75,0.8426,1,0.825,0.9269,423,0
IWM191011C148,2019-10-10,2019-10-10 09:33:33,0.83,0.9325,5,0.81,0.9101,23,0.75,0.8426,1,0.82,0.9213,423,0
IWM191011C148,2019-10-10,2019-10-10 09:33:33,0.83,0.9325,82,0.81,0.9101,23,0.75,0.8426,1,0.82,0.9213,423,0
IWM191011C148,2019-10-10,2019-10-10 09:33:34,0.83,0.9325,238,0.81,0.9101,31,0.75,0.8426,1,0.82,0.9213,423,0
IWM191011C148,2019-10-10,2019-10-10 09:33:34,0.83,0.9325,131,0.81,0.9101,31,0.75,0.8426,1,0.82,0.9213,423,0
IWM191011C148,2019-10-10,2019-10-10 09:33:35,0.81,0.9101,12,0.8,0.8988,13,0.75,0.8426,1,0.805,0.9044,423,0
IWM191011C148,2019-10-10,2019-10-10 09:33:35,0.81,0.9101,12,0.79,0.8876,126,0.75,0.8426,1,0.8,0.8988,423,0
IWM191011C148,2019-10-10,2019-10-10 09:33:36,0.81,0.9101,38,0.79,0.8876,35,0.75,0.8426,1,0.8,0.8988,423,0
IWM191011C148,2019-10-10,2019-10-10 09:33:37,0.78,0.8764,28,0.75,0.8426,175,0.75,0.8426,1,0.765,0.8595,423,0
IWM191011C148,2019-10-10,2019-10-10 09:33:37,0.77,0.8651,3,0.75,0.8426,20,0.75,0.8426,1,0.76,0.8539,423,0
IWM191011C148,2019-10-10,2019-10-10 09:33:38,0.78,0.8764,24,0.76,0.8539,212,0.75,0.8426,1,0.77,0.8651,423,0
IWM191011C148,2019-10-10,2019-10-10 09:33:38,0.79,0.8876,44,0.77,0.8651,20,0.75,0.8426,1,0.78,0.8764,423,0
IWM191011C148,2019-10-10,2019-10-10 09:33:39,0.78,0.8764,1,0.77,0.8651,26,0.75,0.8426,1,0.775,0.8707,423,0
IWM191011C148,2019-10-10,2019-10-10 09:33:39,0.79,0.8876,3,0.77,0.8651,26,0.75,0.8426,1,0.78,0.8764,423,0
IWM191011C148,2019-10-10,2019-10-10 09:33:40,0.79,0.8876,24,0.77,0.8651,26,0.75,0.8426,1,0.78,0.8764,423,0
IWM191011C148,2019-10-10,2019-10-10 09:33:41,0.79,0.8876,24,0.77,0.8651,26,0.75,0.8426,1,0.78,0.8764,423,0
IWM191011C148,2019-10-10,2019-10-10 09:33:41,0.79,0.8876,39,0.77,0.8651,26,0.75,0.8426,1,0.78,0.8764,423,0
IWM191011C148,2019-10-10,2019-10-10 09:33:42,0.79,0.8876,39,0.77,0.8651,56,0.75,0.8426,1,0.78,0.8764,423,0
IWM191011C148,2019-10-10,2019-10-10 09:33:42,0.79,0.8876,24,0.77,0.8651,57,0.75,0.8426,1,0.78,0.8764,423,0
IWM191011C148,2019-10-10,2019-10-10 09:33:43,0.81,0.9101,43,0.79,0.8876,23,0.75,0.8426,1,0.8,0.8988,423,0
IWM191011C148,2019-10-10,2019-10-10 09:33:43,0.81,0.9101,109,0.79,0.8876,27,0.75,0.8426,1,0.8,0.8988,423,0
IWM191011C148,2019-10-10,2019-10-10 09:33:44,0.81,0.9101,124,0.79,0.8876,27,0.75,0.8426,1,0.8,0.8988,423,0
IWM191011C148,2019-10-10,2019-10-10 09:33:45,0.81,0.9101,95,0.79,0.8876,20,0.75,0.8426,1,0.8,0.8988,423,0
IWM191011C148,2019-10-10,2019-10-10 09:33:45,0.81,0.9101,124,0.79,0.8876,20,0.75,0.8426,1,0.8,0.8988,423,0
IWM191011C148,2019-10-10,2019-10-10 09:33:46,0.83,0.9325,90,0.79,0.8876,27,0.75,0.8426,1,0.81,0.9101,423,0
IWM191011C148,2019-10-10,2019-10-10 09:33:47,0.82,0.9213,49,0.79,0.8876,142,0.75,0.8426,1,0.805,0.9044,423,0
IWM191011C148,2019-10-10,2019-10-10 09:33:47,0.82,0.9213,49,0.8,0.8988,23,0.75,0.8426,1,0.81,0.9101,423,0
IWM191011C148,2019-10-10,2019-10-10 09:33:48,0.83,0.9325,117,0.81,0.9101,20,0.75,0.8426,1,0.82,0.9213,423,0
IWM191011C148,2019-10-10,2019-10-10 09:33:48,0.83,0.9325,192,0.81,0.9101,20,0.75,0.8426,1,0.82,0.9213,423,0
IWM191011C148,2019-10-10,2019-10-10 09:33:49,0.82,0.9213,52,0.8,0.8988,26,0.75,0.8426,1,0.81,0.9101,423,0
IWM191011C148,2019-10-10,2019-10-10 09:33:49,0.83,0.9325,309,0.8,0.8988,26,0.75,0.8426,1,0.815,0.9157,423,0
IWM191011C148,2019-10-10,2019-10-10 09:33:50,0.82,0.9213,18,0.8,0.8988,26,0.75,0.8426,1,0.81,0.9101,423,0
IWM191011C148,2019-10-10,2019-10-10 09:33:50,0.82,0.9213,94,0.8,0.8988,26,0.75,0.8426,1,0.81,0.9101,423,0
IWM191011C148,2019-10-10,2019-10-10 09:33:51,0.82,0.9213,60,0.8,0.8988,26,0.75,0.8426,1,0.81,0.9101,423,0
IWM191011C148,2019-10-10,2019-10-10 09:33:51,0.82,0.9213,10,0.81,0.9101,21,0.75,0.8426,1,0.815,0.9157,423,0
IWM191011C148,2019-10-10,2019-10-10 09:33:52,0.83,0.9325,43,0.81,0.9101,21,0.75,0.8426,1,0.82,0.9213,423,0
IWM191011C148,2019-10-10,2019-10-10 09:33:52,0.83,0.9325,23,0.82,0.9213,20,0.75,0.8426,1,0.825,0.9269,423,0
IWM191011C148,2019-10-10,2019-10-10 09:33:53,0.85,0.955,56,0.82,0.9213,31,0.75,0.8426,1,0.835,0.9382,423,0
IWM191011C148,2019-10-10,2019-10-10 09:33:53,0.84,0.9438,180,0.82,0.9213,21,0.75,0.8426,1,0.83,0.9325,423,0
IWM191011C148,2019-10-10,2019-10-10 09:33:54,0.85,0.955,69,0.82,0.9213,46,0.75,0.8426,1,0.835,0.9382,423,0
IWM191011C148,2019-10-10,2019-10-10 09:33:54,0.85,0.955,83,0.82,0.9213,46,0.75,0.8426,1,0.835,0.9382,423,0
IWM191011C148,2019-10-10,2019-10-10 09:33:55,0.85,0.955,10,0.84,0.9438,20,0.75,0.8426,1,0.845,0.9494,423,0
IWM191011C148,2019-10-10,2019-10-10 09:33:55,0.85,0.955,101,0.83,0.9325,29,0.75,0.8426,1,0.84,0.9438,423,0
IWM191011C148,2019-10-10,2019-10-10 09:33:56,0.85,0.955,113,0.83,0.9325,31,0.75,0.8426,1,0.84,0.9438,423,0
IWM191011C148,2019-10-10,2019-10-10 09:33:56,0.85,0.955,113,0.83,0.9325,47,0.75,0.8426,1,0.84,0.9438,423,0
IWM191011C148,2019-10-10,2019-10-10 09:33:57,0.86,0.9662,38,0.84,0.9438,29,0.75,0.8426,1,0.85,0.955,423,0
IWM191011C148,2019-10-10,2019-10-10 09:33:57,0.85,0.955,49,0.84,0.9438,26,0.75,0.8426,1,0.845,0.9494,423,0
IWM191011C148,2019-10-10,2019-10-10 09:33:58,0.86,0.9662,18,0.85,0.955,20,0.75,0.8426,1,0.855,0.9606,423,0
IWM191011C148,2019-10-10,2019-10-10 09:33:58,0.86,0.9662,75,0.84,0.9438,29,0.75,0.8426,1,0.85,0.955,423,0
IWM191011C148,2019-10-10,2019-10-10 09:33:59,0.86,0.9662,154,0.84,0.9438,29,0.75,0.8426,1,0.85,0.955,423,0
IWM191011C148,2019-10-10,2019-10-10 09:34:00,0.86,0.9662,79,0.84,0.9438,31,0.75,0.8426,1,0.85,0.955,423,0
IWM191011C148,2019-10-10,2019-10-10 09:34:00,0.86,0.9662,145,0.84,0.9438,29,0.75,0.8426,1,0.85,0.955,423,0
IWM191011C148,2019-10-10,2019-10-10 09:34:01,0.86,0.9662,174,0.84,0.9438,31,0.75,0.8426,1,0.85,0.955,423,0
IWM191011C148,2019-10-10,2019-10-10 09:34:02,0.86,0.9662,210,0.83,0.9325,28,0.75,0.8426,1,0.845,0.9494,423,0
IWM191011C148,2019-10-10,2019-10-10 09:34:02,0.86,0.9662,181,0.83,0.9325,24,0.75,0.8426,1,0.845,0.9494,423,0
IWM191011C148,2019-10-10,2019-10-10 09:34:03,0.85,0.955,43,0.83,0.9325,28,0.75,0.8426,1,0.84,0.9438,423,0
IWM191011C148,2019-10-10,2019-10-10 09:34:03,0.84,0.9438,14,0.83,0.9325,24,0.75,0.8426,1,0.835,0.9382,423,0
IWM191011C148,2019-10-10,2019-10-10 09:34:04,0.85,0.955,84,0.83,0.9325,13,0.75,0.8426,1,0.84,0.9438,423,0
IWM191011C148,2019-10-10,2019-10-10 09:34:04,0.84,0.9438,14,0.83,0.9325,24,0.75,0.8426,1,0.835,0.9382,423,0
IWM191011C148,2019-10-10,2019-10-10 09:34:05,0.85,0.955,112,0.83,0.9325,13,0.75,0.8426,1,0.84,0.9438,423,0
IWM191011C148,2019-10-10,2019-10-10 09:34:05,0.85,0.955,164,0.83,0.9325,28,0.75,0.8426,1,0.84,0.9438,423,0
IWM191011C148,2019-10-10,2019-10-10 09:34:06,0.85,0.955,164,0.83,0.9325,26,0.75,0.8426,1,0.84,0.9438,423,0
IWM191011C148,2019-10-10,2019-10-10 09:34:07,0.85,0.955,134,0.83,0.9325,26,0.75,0.8426,1,0.84,0.9438,423,0
IWM191011C148,2019-10-10,2019-10-10 09:34:07,0.85,0.955,144,0.83,0.9325,26,0.75,0.8426,1,0.84,0.9438,423,0
IWM191011C148,2019-10-10,2019-10-10 09:34:08,0.85,0.955,83,0.83,0.9325,26,0.75,0.8426,1,0.84,0.9438,423,0
IWM191011C148,2019-10-10,2019-10-10 09:34:08,0.85,0.955,60,0.83,0.9325,26,0.75,0.8426,1,0.84,0.9438,423,0
IWM191011C148,2019-10-10,2019-10-10 09:34:09,0.85,0.955,59,0.83,0.9325,26,0.75,0.8426,1,0.84,0.9438,423,0
IWM191011C148,2019-10-10,2019-10-10 09:34:09,0.85,0.955,49,0.83,0.9325,33,0.75,0.8426,1,0.84,0.9438,423,0
IWM191011C148,2019-10-10,2019-10-10 09:34:10,0.85,0.955,49,0.83,0.9325,36,0.75,0.8426,1,0.84,0.9438,423,0
IWM191011C148,2019-10-10,2019-10-10 09:34:10,0.86,0.9662,121,0.83,0.9325,20,0.75,0.8426,1,0.845,0.9494,423,0
IWM191011C148,2019-10-10,2019-10-10 09:34:11,0.86,0.9662,121,0.84,0.9438,10,0.75,0.8426,1,0.85,0.955,423,0
IWM191011C148,2019-10-10,2019-10-10 09:34:11,0.86,0.9662,169,0.83,0.9325,41,0.75,0.8426,1,0.845,0.9494,423,0
IWM191011C148,2019-10-10,2019-10-10 09:34:12,0.85,0.955,14,0.84,0.9438,10,0.75,0.8426,1,0.845,0.9494,423,0
IWM191011C148,2019-10-10,2019-10-10 09:34:12,0.86,0.9662,151,0.83,0.9325,41,0.75,0.8426,1,0.845,0.9494,423,0
IWM191011C148,2019-10-10,2019-10-10 09:34:13,0.85,0.955,14,0.84,0.9438,20,0.75,0.8426,1,0.845,0.9494,423,0
IWM191011C148,2019-10-10,2019-10-10 09:34:13,0.85,0.955,14,0.84,0.9438,10,0.75,0.8426,1,0.845,0.9494,423,0
IWM191011C148,2019-10-10,2019-10-10 09:34:14,0.85,0.955,14,0.84,0.9438,10,0.75,0.8426,1,0.845,0.9494,423,0
IWM191011C148,2019-10-10,2019-10-10 09:34:15,0.86,0.9662,17,0.84,0.9438,20,0.75,0.8426,1,0.85,0.955,423,0
IWM191011C148,2019-10-10,2019-10-10 09:34:15,0.86,0.9662,84,0.84,0.9438,20,0.75,0.8426,1,0.85,0.955,423,0
IWM191011C148,2019-10-10,2019-10-10 09:34:16,0.86,0.9662,34,0.84,0.9438,20,0.75,0.8426,1,0.85,0.955,423,0
IWM191011C148,2019-10-10,2019-10-10 09:34:17,0.86,0.9662,34,0.84,0.9438,10,0.75,0.8426,1,0.85,0.955,423,0
IWM191011C148,2019-10-10,2019-10-10 09:34:18,0.86,0.9662,66,0.84,0.9438,10,0.75,0.8426,1,0.85,0.955,423,0
IWM191011C148,2019-10-10,2019-10-10 09:34:18,0.86,0.9662,95,0.83,0.9325,20,0.75,0.8426,1,0.845,0.9494,423,0
IWM191011C148,2019-10-10,2019-10-10 09:34:19,0.85,0.955,2,0.83,0.9325,248,0.75,0.8426,1,0.84,0.9438,423,0
IWM191011C148,2019-10-10,2019-10-10 09:34:19,0.85,0.955,38,0.83,0.9325,23,0.84,0.9438,100,0.84,0.9438,523,100
IWM191011C148,2019-10-10,2019-10-10 09:34:20,0.84,0.9438,22,0.82,0.9213,20,0.84,0.9438,100,0.83,0.9325,523,0
IWM191011C148,2019-10-10,2019-10-10 09:34:20,0.85,0.955,38,0.83,0.9325,23,0.84,0.9438,100,0.84,0.9438,523,0
IWM191011C148,2019-10-10,2019-10-10 09:34:21,0.84,0.9438,160,0.81,0.9101,247,0.84,0.9438,100,0.825,0.9269,523,0
IWM191011C148,2019-10-10,2019-10-10 09:34:22,0.84,0.9438,40,0.81,0.9101,163,0.84,0.9438,100,0.825,0.9269,523,0
IWM191011C148,2019-10-10,2019-10-10 09:34:22,0.83,0.9325,4,0.82,0.9213,3,0.84,0.9438,100,0.825,0.9269,523,0
IWM191011C148,2019-10-10,2019-10-10 09:34:23,0.84,0.9438,41,0.81,0.9101,26,0.84,0.9438,100,0.825,0.9269,523,0
IWM191011C148,2019-10-10,2019-10-10 09:34:23,0.84,0.9438,156,0.81,0.9101,96,0.84,0.9438,100,0.825,0.9269,523,0
IWM191011C148,2019-10-10,2019-10-10 09:34:24,0.84,0.9438,51,0.82,0.9213,26,0.84,0.9438,100,0.83,0.9325,523,0
IWM191011C148,2019-10-10,2019-10-10 09:34:24,0.84,0.9438,80,0.82,0.9213,26,0.84,0.9438,100,0.83,0.9325,523,0
IWM191011C148,2019-10-10,2019-10-10 09:34:25,0.84,0.9438,40,0.82,0.9213,26,0.84,0.9438,100,0.83,0.9325,523,0
IWM191011C148,2019-10-10,2019-10-10 09:34:25,0.84,0.9438,107,0.82,0.9213,26,0.84,0.9438,100,0.83,0.9325,523,0
IWM191011C148,2019-10-10,2019-10-10 09:34:26,0.84,0.9438,68,0.82,0.9213,26,0.84,0.9438,100,0.83,0.9325,523,0
IWM191011C148,2019-10-10,2019-10-10 09:34:27,0.84,0.9438,104,0.82,0.9213,31,0.84,0.9438,100,0.83,0.9325,523,0
IWM191011C148,2019-10-10,2019-10-10 09:34:27,0.84,0.9438,122,0.82,0.9213,31,0.84,0.9438,100,0.83,0.9325,523,0
IWM191011C148,2019-10-10,2019-10-10 09:34:28,0.84,0.9438,122,0.82,0.9213,31,0.84,0.9438,100,0.83,0.9325,523,0
IWM191011C148,2019-10-10,2019-10-10 09:34:28,0.84,0.9438,91,0.82,0.9213,31,0.84,0.9438,100,0.83,0.9325,523,0
IWM191011C148,2019-10-10,2019-10-10 09:34:29,0.84,0.9438,91,0.82,0.9213,31,0.84,0.9438,100,0.83,0.9325,523,0
IWM191011C148,2019-10-10,2019-10-10 09:34:30,0.85,0.955,112,0.83,0.9325,26,0.84,0.9438,100,0.84,0.9438,523,0
IWM191011C148,2019-10-10,2019-10-10 09:34:30,0.85,0.955,76,0.83,0.9325,24,0.84,0.9438,100,0.84,0.9438,523,0
IWM191011C148,2019-10-10,2019-10-10 09:34:31,0.85,0.955,112,0.83,0.9325,26,0.84,0.9438,100,0.84,0.9438,523,0
IWM191011C148,2019-10-10,2019-10-10 09:34:32,0.85,0.955,68,0.83,0.9325,26,0.84,0.9438,100,0.84,0.9438,523,0
IWM191011C148,2019-10-10,2019-10-10 09:34:32,0.85,0.955,112,0.83,0.9325,26,0.84,0.9438,100,0.84,0.9438,523,0
IWM191011C148,2019-10-10,2019-10-10 09:34:33,0.85,0.955,68,0.83,0.9325,26,0.84,0.9438,100,0.84,0.9438,523,0
IWM191011C148,2019-10-10,2019-10-10 09:34:33,0.85,0.955,4,0.83,0.9325,34,0.84,0.9438,100,0.84,0.9438,523,0
IWM191011C148,2019-10-10,2019-10-10 09:34:34,0.86,0.9662,27,0.85,0.955,10,0.84,0.9438,100,0.855,0.9606,523,0
IWM191011C148,2019-10-10,2019-10-10 09:34:34,0.86,0.9662,83,0.85,0.955,10,0.84,0.9438,100,0.855,0.9606,523,0
IWM191011C148,2019-10-10,2019-10-10 09:34:35,0.86,0.9662,10,0.85,0.955,8,0.84,0.9438,100,0.855,0.9606,523,0
IWM191011C148,2019-10-10,2019-10-10 09:34:35,0.86,0.9662,35,0.85,0.955,8,0.84,0.9438,100,0.855,0.9606,523,0
IWM191011C148,2019-10-10,2019-10-10 09:34:36,0.86,0.9662,28,0.85,0.955,8,0.84,0.9438,100,0.855,0.9606,523,0
IWM191011C148,2019-10-10,2019-10-10 09:34:36,0.87,0.9775,132,0.85,0.955,8,0.84,0.9438,100,0.86,0.9662,523,0
IWM191011C148,2019-10-10,2019-10-10 09:34:37,0.87,0.9775,132,0.85,0.955,8,0.84,0.9438,100,0.86,0.9662,523,0
IWM191011C148,2019-10-10,2019-10-10 09:34:37,0.87,0.9775,142,0.85,0.955,28,0.84,0.9438,100,0.86,0.9662,523,0
IWM191011C148,2019-10-10,2019-10-10 09:34:38,0.87,0.9775,72,0.85,0.955,28,0.84,0.9438,100,0.86,0.9662,523,0
IWM191011C148,2019-10-10,2019-10-10 09:34:38,0.87,0.9775,113,0.85,0.955,28,0.84,0.9438,100,0.86,0.9662,523,0
IWM191011C148,2019-10-10,2019-10-10 09:34:39,0.87,0.9775,72,0.85,0.955,28,0.84,0.9438,100,0.86,0.9662,523,0
IWM191011C148,2019-10-10,2019-10-10 09:34:40,0.87,0.9775,49,0.85,0.955,26,0.84,0.9438,100,0.86,0.9662,523,0
IWM191011C148,2019-10-10,2019-10-10 09:34:41,0.87,0.9775,40,0.85,0.955,26,0.84,0.9438,100,0.86,0.9662,523,0
IWM191011C148,2019-10-10,2019-10-10 09:34:41,0.87,0.9775,40,0.85,0.955,29,0.84,0.9438,100,0.86,0.9662,523,0
IWM191011C148,2019-10-10,2019-10-10 09:34:42,0.87,0.9775,18,0.85,0.955,29,0.84,0.9438,100,0.86,0.9662,523,0
IWM191011C148,2019-10-10,2019-10-10 09:34:42,0.87,0.9775,28,0.85,0.955,29,0.84,0.9438,100,0.86,0.9662,523,0
IWM191011C148,2019-10-10,2019-10-10 09:34:43,0.88,0.9887,44,0.86,0.9662,24,0.84,0.9438,100,0.87,0.9775,523,0
IWM191011C148,2019-10-10,2019-10-10 09:34:43,0.87,0.9775,18,0.85,0.955,29,0.84,0.9438,100,0.86,0.9662,523,0
IWM191011C148,2019-10-10,2019-10-10 09:34:44,0.88,0.9887,16,0.87,0.9775,4,0.84,0.9438,100,0.875,0.9831,523,0
IWM191011C148,2019-10-10,2019-10-10 09:34:45,0.89,1.0,169,0.87,0.9775,20,0.84,0.9438,100,0.88,0.9887,523,0
IWM191011C148,2019-10-10,2019-10-10 09:34:46,0.89,1.0,188,0.87,0.9775,20,0.84,0.9438,100,0.88,0.9887,523,0
IWM191011C148,2019-10-10,2019-10-10 09:34:46,0.89,1.0,169,0.87,0.9775,20,0.84,0.9438,100,0.88,0.9887,523,0
IWM191011C148,2019-10-10,2019-10-10 09:34:47,0.89,1.0,190,0.87,0.9775,28,0.84,0.9438,100,0.88,0.9887,523,0
IWM191011C148,2019-10-10,2019-10-10 09:34:47,0.89,1.0,116,0.86,0.9662,247,0.84,0.9438,100,0.875,0.9831,523,0
IWM191011C148,2019-10-10,2019-10-10 09:34:48,0.88,0.9887,16,0.85,0.955,20,0.84,0.9438,100,0.865,0.9719,523,0
IWM191011C148,2019-10-10,2019-10-10 09:34:48,0.88,0.9887,16,0.86,0.9662,23,0.84,0.9438,100,0.87,0.9775,523,0
IWM191011C148,2019-10-10,2019-10-10 09:34:49,0.87,0.9775,5,0.85,0.955,26,0.84,0.9438,100,0.86,0.9662,523,0
IWM191011C148,2019-10-10,2019-10-10 09:34:49,0.87,0.9775,20,0.85,0.955,26,0.84,0.9438,100,0.86,0.9662,523,0
IWM191011C148,2019-10-10,2019-10-10 09:34:50,0.87,0.9775,2,0.86,0.9662,24,0.84,0.9438,100,0.865,0.9719,523,0
IWM191011C148,2019-10-10,2019-10-10 09:34:50,0.88,0.9887,36,0.85,0.955,273,0.84,0.9438,100,0.865,0.9719,523,0
IWM191011C148,2019-10-10,2019-10-10 09:34:51,0.88,0.9887,46,0.85,0.955,390,0.84,0.9438,100,0.865,0.9719,523,0
IWM191011C148,2019-10-10,2019-10-10 09:34:51,0.88,0.9887,46,0.86,0.9662,20,0.84,0.9438,100,0.87,0.9775,523,0
IWM191011C148,2019-10-10,2019-10-10 09:34:52,0.88,0.9887,49,0.86,0.9662,163,0.84,0.9438,100,0.87,0.9775,523,0
IWM191011C148,2019-10-10,2019-10-10 09:34:52,0.88,0.9887,2,0.86,0.9662,114,0.84,0.9438,100,0.87,0.9775,523,0
IWM191011C148,2019-10-10,2019-10-10 09:34:53,0.88,0.9887,2,0.86,0.9662,180,0.84,0.9438,100,0.87,0.9775,523,0
IWM191011C148,2019-10-10,2019-10-10 09:34:54,0.88,0.9887,20,0.86,0.9662,153,0.84,0.9438,100,0.87,0.9775,523,0
IWM191011C148,2019-10-10,2019-10-10 09:34:55,0.88,0.9887,210,0.86,0.9662,10,0.84,0.9438,100,0.87,0.9775,523,0
IWM191011C148,2019-10-10,2019-10-10 09:34:55,0.88,0.9887,20,0.86,0.9662,153,0.84,0.9438,100,0.87,0.9775,523,0
IWM191011C148,2019-10-10,2019-10-10 09:34:56,0.88,0.9887,230,0.86,0.9662,10,0.84,0.9438,100,0.87,0.9775,523,0
IWM191011C148,2019-10-10,2019-10-10 09:34:56,0.88,0.9887,231,0.85,0.955,32,0.84,0.9438,100,0.865,0.9719,523,0
IWM191011C148,2019-10-10,2019-10-10 09:34:57,0.89,1.0,99,0.86,0.9662,23,0.84,0.9438,100,0.875,0.9831,523,0
IWM191011C148,2019-10-10,2019-10-10 09:34:57,0.91,1.0224,48,0.87,0.9775,276,0.84,0.9438,100,0.89,1.0,523,0
IWM191011C148,2019-10-10,2019-10-10 09:34:58,0.91,1.0224,20,0.89,1.0,27,0.84,0.9438,100,0.9,1.0112,523,0
IWM191011C148,2019-10-10,2019-10-10 09:34:58,0.92,1.0337,81,0.88,0.9887,184,0.84,0.9438,100,0.9,1.0112,523,0
IWM191011C148,2019-10-10,2019-10-10 09:34:59,0.92,1.0337,20,0.89,1.0,20,0.84,0.9438,100,0.905,1.0168,523,0
IWM191011C148,2019-10-10,2019-10-10 09:34:59,0.91,1.0224,20,0.89,1.0,6,0.84,0.9438,100,0.9,1.0112,523,0
IWM191011C148,2019-10-10,2019-10-10 09:35:00,0.92,1.0337,7,0.89,1.0,160,0.84,0.9438,100,0.905,1.0168,523,0
IWM191011C148,2019-10-10,2019-10-10 09:35:01,0.92,1.0337,26,0.89,1.0,10,0.84,0.9438,100,0.905,1.0168,523,0
IWM191011C148,2019-10-10,2019-10-10 09:35:01,0.92,1.0337,7,0.9,1.0112,26,0.84,0.9438,100,0.91,1.0224,523,0
IWM191011C148,2019-10-10,2019-10-10 09:35:02,0.92,1.0337,51,0.89,1.0,26,0.84,0.9438,100,0.905,1.0168,523,0
IWM191011C148,2019-10-10,2019-10-10 09:35:03,0.9,1.0112,3,0.89,1.0,26,0.84,0.9438,100,0.895,1.0056,523,0
IWM191011C148,2019-10-10,2019-10-10 09:35:04,0.92,1.0337,1,0.86,0.9662,226,0.84,0.9438,100,0.89,1.0,523,0
IWM191011C148,2019-10-10,2019-10-10 09:35:04,0.9,1.0112,15,0.88,0.9887,21,0.84,0.9438,100,0.89,1.0,523,0
IWM191011C148,2019-10-10,2019-10-10 09:35:05,0.92,1.0337,22,0.89,1.0,33,0.84,0.9438,100,0.905,1.0168,523,0
IWM191011C148,2019-10-10,2019-10-10 09:35:05,0.92,1.0337,22,0.9,1.0112,21,0.84,0.9438,100,0.91,1.0224,523,0
IWM191011C148,2019-10-10,2019-10-10 09:35:06,0.92,1.0337,22,0.9,1.0112,24,0.84,0.9438,100,0.91,1.0224,523,0
IWM191011C148,2019-10-10,2019-10-10 09:35:06,0.92,1.0337,22,0.9,1.0112,21,0.84,0.9438,100,0.91,1.0224,523,0
IWM191011C148,2019-10-10,2019-10-10 09:35:07,0.94,1.0561,22,0.91,1.0224,227,0.84,0.9438,100,0.925,1.0393,523,0
IWM191011C148,2019-10-10,2019-10-10 09:35:07,0.93,1.0449,15,0.91,1.0224,316,0.84,0.9438,100,0.92,1.0337,523,0
IWM191011C148,2019-10-10,2019-10-10 09:35:08,0.94,1.0561,83,0.91,1.0224,21,0.84,0.9438,100,0.925,1.0393,523,0
IWM191011C148,2019-10-10,2019-10-10 09:35:08,0.93,1.0449,15,0.91,1.0224,20,0.84,0.9438,100,0.92,1.0337,523,0
IWM191011C148,2019-10-10,2019-10-10 09:35:09,0.93,1.0449,2,0.91,1.0224,10,0.84,0.9438,100,0.92,1.0337,523,0
IWM191011C148,2019-10-10,2019-10-10 09:35:09,0.94,1.0561,67,0.91,1.0224,21,0.84,0.9438,100,0.925,1.0393,523,0
IWM191011C148,2019-10-10,2019-10-10 09:35:10,0.94,1.0561,34,0.92,1.0337,10,0.84,0.9438,100,0.93,1.0449,523,0
IWM191011C148,2019-10-10,2019-10-10 09:35:10,0.94,1.0561,35,0.92,1.0337,10,0.84,0.9438,100,0.93,1.0449,523,0
IWM191011C148,2019-10-10,2019-10-10 09:35:11,0.93,1.0449,10,0.91,1.0224,12,0.84,0.9438,100,0.92,1.0337,523,0
IWM191011C148,2019-10-10,2019-10-10 09:35:11,0.93,1.0449,2,0.91,1.0224,23,0.84,0.9438,100,0.92,1.0337,523,0
IWM191011C148,2019-10-10,2019-10-10 09:35:12,0.93,1.0449,3,0.91,1.0224,59,0.84,0.9438,100,0.92,1.0337,523,0
IWM191011C148,2019-10-10,2019-10-10 09:35:12,0.93,1.0449,3,0.91,1.0224,263,0.84,0.9438,100,0.92,1.0337,523,0
IWM191011C148,2019-10-10,2019-10-10 09:35:13,0.93,1.0449,3,0.91,1.0224,344,0.84,0.9438,100,0.92,1.0337,523,0
IWM191011C148,2019-10-10,2019-10-10 09:35:13,0.94,1.0561,17,0.91,1.0224,263,0.84,0.9438,100,0.925,1.0393,523,0
IWM191011C148,2019-10-10,2019-10-10 09:35:14,0.93,1.0449,3,0.91,1.0224,35,0.84,0.9438,100,0.92,1.0337,523,0
IWM191011C148,2019-10-10,2019-10-10 09:35:14,0.93,1.0449,3,0.91,1.0224,37,0.84,0.9438,100,0.92,1.0337,523,0
IWM191011C148,2019-10-10,2019-10-10 09:35:15,0.93,1.0449,3,0.91,1.0224,23,0.93,1.0449,1,0.92,1.0337,524,1
IWM191011C148,2019-10-10,2019-10-10 09:35:15,0.93,1.0449,3,0.91,1.0224,23,0.84,0.9438,100,0.92,1.0337,523,0
IWM191011C148,2019-10-10,2019-10-10 09:35:16,0.93,1.0449,37,0.9,1.0112,160,0.93,1.0449,1,0.915,1.028,524,0
IWM191011C148,2019-10-10,2019-10-10 09:35:16,0.93,1.0449,66,0.9,1.0112,246,0.93,1.0449,1,0.915,1.028,524,0
IWM191011C148,2019-10-10,2019-10-10 09:35:17,0.91,1.0224,7,0.9,1.0112,96,0.93,1.0449,1,0.905,1.0168,524,0
IWM191011C148,2019-10-10,2019-10-10 09:35:17,0.92,1.0337,51,0.9,1.0112,20,0.93,1.0449,1,0.91,1.0224,524,0
IWM191011C148,2019-10-10,2019-10-10 09:35:18,0.92,1.0337,54,0.89,1.0,337,0.93,1.0449,1,0.905,1.0168,524,0
IWM191011C148,2019-10-10,2019-10-10 09:35:18,0.92,1.0337,54,0.89,1.0,185,0.93,1.0449,1,0.905,1.0168,524,0
IWM191011C148,2019-10-10,2019-10-10 09:35:19,0.92,1.0337,21,0.9,1.0112,20,0.93,1.0449,1,0.91,1.0224,524,0
IWM191011C148,2019-10-10,2019-10-10 09:35:19,0.92,1.0337,21,0.89,1.0,337,0.93,1.0449,1,0.905,1.0168,524,0
IWM191011C148,2019-10-10,2019-10-10 09:35:20,0.92,1.0337,16,0.9,1.0112,3,0.93,1.0449,1,0.91,1.0224,524,0
IWM191011C148,2019-10-10,2019-10-10 09:35:20,0.92,1.0337,21,0.89,1.0,354,0.93,1.0449,1,0.905,1.0168,524,0
IWM191011C148,2019-10-10,2019-10-10 09:35:21,0.92,1.0337,8,0.9,1.0112,27,0.93,1.0449,1,0.91,1.0224,524,0
IWM191011C148,2019-10-10,2019-10-10 09:35:21,0.92,1.0337,41,0.89,1.0,327,0.93,1.0449,1,0.905,1.0168,524,0
IWM191011C148,2019-10-10,2019-10-10 09:35:22,0.92,1.0337,8,0.9,1.0112,27,0.93,1.0449,1,0.91,1.0224,524,0
IWM191011C148,2019-10-10,2019-10-10 09:35:23,0.93,1.0449,20,0.9,1.0112,27,0.93,1.0449,1,0.915,1.028,524,0
IWM191011C148,2019-10-10,2019-10-10 09:35:23,0.93,1.0449,20,0.91,1.0224,26,0.93,1.0449,1,0.92,1.0337,524,0
IWM191011C148,2019-10-10,2019-10-10 09:35:24,0.93,1.0449,20,0.92,1.0337,26,0.93,1.0449,1,0.925,1.0393,524,0
IWM191011C148,2019-10-10,2019-10-10 09:35:24,0.93,1.0449,20,0.91,1.0224,26,0.93,1.0449,1,0.92,1.0337,524,0
IWM191011C148,2019-10-10,2019-10-10 09:35:25,0.96,1.0786,129,0.93,1.0449,20,0.93,1.0449,1,0.945,1.0617,524,0
IWM191011C148,2019-10-10,2019-10-10 09:35:25,0.93,1.0449,20,0.93,1.0449,20,0.93,1.0449,1,0.93,1.0449,524,0
IWM191011C148,2019-10-10,2019-10-10 09:35:26,0.94,1.0561,10,0.92,1.0337,33,0.93,1.0449,1,0.93,1.0449,524,0
IWM191011C148,2019-10-10,2019-10-10 09:35:26,0.96,1.0786,87,0.94,1.0561,10,0.93,1.0449,1,0.95,1.0674,524,0
IWM191011C148,2019-10-10,2019-10-10 09:35:27,0.94,1.0561,10,0.92,1.0337,36,0.93,1.0449,1,0.93,1.0449,524,0
IWM191011C148,2019-10-10,2019-10-10 09:35:27,0.94,1.0561,20,0.92,1.0337,36,0.93,1.0449,1,0.93,1.0449,524,0
IWM191011C148,2019-10-10,2019-10-10 09:35:28,0.94,1.0561,44,0.92,1.0337,36,0.93,1.0449,1,0.93,1.0449,524,0
IWM191011C148,2019-10-10,2019-10-10 09:35:28,0.94,1.0561,87,0.92,1.0337,17,0.93,1.0449,1,0.93,1.0449,524,0
IWM191011C148,2019-10-10,2019-10-10 09:35:29,0.94,1.0561,137,0.91,1.0224,33,0.93,1.0449,1,0.925,1.0393,524,0
IWM191011C148,2019-10-10,2019-10-10 09:35:29,0.94,1.0561,100,0.91,1.0224,33,0.93,1.0449,1,0.925,1.0393,524,0
IWM191011C148,2019-10-10,2019-10-10 09:35:30,0.94,1.0561,211,0.91,1.0224,24,0.93,1.0449,1,0.925,1.0393,524,0
IWM191011C148,2019-10-10,2019-10-10 09:35:30,0.93,1.0449,38,0.9,1.0112,216,0.93,1.0449,1,0.915,1.028,524,0
IWM191011C148,2019-10-10,2019-10-10 09:35:31,0.93,1.0449,150,0.91,1.0224,20,0.93,1.0449,1,0.92,1.0337,524,0
IWM191011C148,2019-10-10,2019-10-10 09:35:31,0.93,1.0449,153,0.91,1.0224,20,0.93,1.0449,1,0.92,1.0337,524,0
IWM191011C148,2019-10-10,2019-10-10 09:35:32,0.92,1.0337,65,0.89,1.0,27,0.93,1.0449,1,0.905,1.0168,524,0
IWM191011C148,2019-10-10,2019-10-10 09:35:32,0.91,1.0224,5,0.89,1.0,48,0.93,1.0449,1,0.9,1.0112,524,0
IWM191011C148,2019-10-10,2019-10-10 09:35:33,0.92,1.0337,55,0.89,1.0,27,0.93,1.0449,1,0.905,1.0168,524,0
IWM191011C148,2019-10-10,2019-10-10 09:35:34,0.92,1.0337,30,0.9,1.0112,26,0.93,1.0449,1,0.91,1.0224,524,0
IWM191011C148,2019-10-10,2019-10-10 09:35:34,0.92,1.0337,54,0.9,1.0112,21,0.93,1.0449,1,0.91,1.0224,524,0
IWM191011C148,2019-10-10,2019-10-10 09:35:35,0.92,1.0337,190,0.88,0.9887,170,0.93,1.0449,1,0.9,1.0112,524,0
IWM191011C148,2019-10-10,2019-10-10 09:35:35,0.91,1.0224,72,0.88,0.9887,170,0.93,1.0449,1,0.895,1.0056,524,0
IWM191011C148,2019-10-10,2019-10-10 09:35:36,0.91,1.0224,105,0.88,0.9887,208,0.93,1.0449,1,0.895,1.0056,524,0
IWM191011C148,2019-10-10,2019-10-10 09:35:36,0.91,1.0224,233,0.87,0.9775,10,0.93,1.0449,1,0.89,1.0,524,0
IWM191011C148,2019-10-10,2019-10-10 09:35:37,0.9,1.0112,112,0.86,0.9662,339,0.93,1.0449,1,0.88,0.9887,524,0
IWM191011C148,2019-10-10,2019-10-10 09:35:37,0.88,0.9887,2,0.87,0.9775,20,0.93,1.0449,1,0.875,0.9831,524,0
IWM191011C148,2019-10-10,2019-10-10 09:35:38,0.89,1.0,6,0.87,0.9775,27,0.93,1.0449,1,0.88,0.9887,524,0
IWM191011C148,2019-10-10,2019-10-10 09:35:38,0.89,1.0,1,0.87,0.9775,27,0.93,1.0449,1,0.88,0.9887,524,0
IWM191011C148,2019-10-10,2019-10-10 09:35:39,0.89,1.0,92,0.87,0.9775,26,0.89,1.0,1,0.88,0.9887,526,0
IWM191011C148,2019-10-10,2019-10-10 09:35:39,0.89,1.0,92,0.87,0.9775,26,0.89,1.0,1,0.88,0.9887,526,2
IWM191011C148,2019-10-10,2019-10-10 09:35:40,0.89,1.0,14,0.87,0.9775,26,0.89,1.0,1,0.88,0.9887,526,0
IWM191011C148,2019-10-10,2019-10-10 09:35:41,0.89,1.0,14,0.87,0.9775,26,0.89,1.0,1,0.88,0.9887,526,0
IWM191011C148,2019-10-10,2019-10-10 09:35:42,0.89,1.0,14,0.88,0.9887,27,0.89,1.0,1,0.885,0.9943,526,0
IWM191011C148,2019-10-10,2019-10-10 09:35:42,0.89,1.0,14,0.88,0.9887,14,0.89,1.0,1,0.885,0.9943,526,0
IWM191011C148,2019-10-10,2019-10-10 09:35:43,0.9,1.0112,69,0.88,0.9887,27,0.89,1.0,1,0.89,1.0,526,0
IWM191011C148,2019-10-10,2019-10-10 09:35:43,0.9,1.0112,6,0.88,0.9887,27,0.89,1.0,1,0.89,1.0,526,0
IWM191011C148,2019-10-10,2019-10-10 09:35:44,0.9,1.0112,6,0.87,0.9775,337,0.89,1.0,1,0.885,0.9943,526,0
IWM191011C148,2019-10-10,2019-10-10 09:35:44,0.9,1.0112,36,0.87,0.9775,551,0.89,1.0,1,0.885,0.9943,526,0
IWM191011C148,2019-10-10,2019-10-10 09:35:45,0.9,1.0112,18,0.87,0.9775,307,0.89,1.0,1,0.885,0.9943,526,0
IWM191011C148,2019-10-10,2019-10-10 09:35:45,0.9,1.0112,17,0.88,0.9887,33,0.89,1.0,1,0.89,1.0,526,0
IWM191011C148,2019-10-10,2019-10-10 09:35:46,0.9,1.0112,17,0.87,0.9775,385,0.89,1.0,1,0.885,0.9943,526,0
IWM191011C148,2019-10-10,2019-10-10 09:35:46,0.9,1.0112,17,0.88,0.9887,28,0.89,1.0,1,0.89,1.0,526,0
IWM191011C148,2019-10-10,2019-10-10 09:35:47,0.9,1.0112,17,0.88,0.9887,25,0.89,1.0,1,0.89,1.0,526,0
IWM191011C148,2019-10-10,2019-10-10 09:35:47,0.9,1.0112,17,0.87,0.9775,349,0.89,1.0,1,0.885,0.9943,526,0
IWM191011C148,2019-10-10,2019-10-10 09:35:48,0.9,1.0112,17,0.88,0.9887,25,0.89,1.0,1,0.89,1.0,526,0
IWM191011C148,2019-10-10,2019-10-10 09:35:49,0.9,1.0112,120,0.87,0.9775,30,0.89,1.0,1,0.885,0.9943,526,0
IWM191011C148,2019-10-10,2019-10-10 09:35:49,0.9,1.0112,199,0.87,0.9775,31,0.89,1.0,1,0.885,0.9943,526,0
IWM191011C148,2019-10-10,2019-10-10 09:35:50,0.91,1.0224,119,0.89,1.0,5,0.89,1.0,1,0.9,1.0112,526,0
IWM191011C148,2019-10-10,2019-10-10 09:35:51,0.91,1.0224,40,0.89,1.0,25,0.89,1.0,1,0.9,1.0112,526,0
IWM191011C148,2019-10-10,2019-10-10 09:35:51,0.92,1.0337,95,0.89,1.0,38,0.89,1.0,1,0.905,1.0168,526,0
IWM191011C148,2019-10-10,2019-10-10 09:35:52,0.92,1.0337,149,0.89,1.0,38,0.89,1.0,1,0.905,1.0168,526,0
IWM191011C148,2019-10-10,2019-10-10 09:35:53,0.92,1.0337,172,0.9,1.0112,11,0.89,1.0,1,0.91,1.0224,526,0
IWM191011C148,2019-10-10,2019-10-10 09:35:53,0.92,1.0337,188,0.89,1.0,26,0.89,1.0,1,0.905,1.0168,526,0
IWM191011C148,2019-10-10,2019-10-10 09:35:54,0.92,1.0337,210,0.89,1.0,26,0.89,1.0,1,0.905,1.0168,526,0
IWM191011C148,2019-10-10,2019-10-10 09:35:54,0.92,1.0337,178,0.89,1.0,26,0.89,1.0,1,0.905,1.0168,526,0
IWM191011C148,2019-10-10,2019-10-10 09:35:55,0.92,1.0337,210,0.89,1.0,26,0.89,1.0,1,0.905,1.0168,526,0
IWM191011C148,2019-10-10,2019-10-10 09:35:56,0.92,1.0337,204,0.89,1.0,26,0.89,1.0,1,0.905,1.0168,526,0
IWM191011C148,2019-10-10,2019-10-10 09:35:57,0.9,1.0112,12,0.89,1.0,2,0.89,1.0,1,0.895,1.0056,526,0
IWM191011C148,2019-10-10,2019-10-10 09:35:58,0.9,1.0112,39,0.89,1.0,2,0.89,1.0,1,0.895,1.0056,526,0
IWM191011C148,2019-10-10,2019-10-10 09:35:58,0.9,1.0112,26,0.89,1.0,2,0.89,1.0,1,0.895,1.0056,526,0
IWM191011C148,2019-10-10,2019-10-10 09:35:59,0.9,1.0112,26,0.89,1.0,2,0.89,1.0,1,0.895,1.0056,526,0
IWM191011C148,2019-10-10,2019-10-10 09:35:59,0.91,1.0224,52,0.89,1.0,2,0.89,1.0,1,0.9,1.0112,526,0
IWM191011C148,2019-10-10,2019-10-10 09:36:00,0.92,1.0337,42,0.9,1.0112,24,0.89,1.0,1,0.91,1.0224,526,0
IWM191011C148,2019-10-10,2019-10-10 09:36:00,0.92,1.0337,30,0.9,1.0112,20,0.89,1.0,1,0.91,1.0224,526,0
IWM191011C148,2019-10-10,2019-10-10 09:36:01,0.91,1.0224,25,0.89,1.0,20,0.89,1.0,1,0.9,1.0112,526,0
IWM191011C148,2019-10-10,2019-10-10 09:36:01,0.91,1.0224,87,0.89,1.0,26,0.89,1.0,1,0.9,1.0112,526,0
IWM191011C148,2019-10-10,2019-10-10 09:36:02,0.91,1.0224,34,0.9,1.0112,10,0.89,1.0,1,0.905,1.0168,526,0
IWM191011C148,2019-10-10,2019-10-10 09:36:02,0.91,1.0224,34,0.89,1.0,25,0.89,1.0,1,0.9,1.0112,526,0
IWM191011C148,2019-10-10,2019-10-10 09:36:03,0.92,1.0337,35,0.9,1.0112,20,0.89,1.0,1,0.91,1.0224,526,0
IWM191011C148,2019-10-10,2019-10-10 09:36:03,0.91,1.0224,9,0.89,1.0,28,0.89,1.0,1,0.9,1.0112,526,0
IWM191011C148,2019-10-10,2019-10-10 09:36:04,0.91,1.0224,9,0.89,1.0,28,0.89,1.0,1,0.9,1.0112,526,0
IWM191011C148,2019-10-10,2019-10-10 09:36:04,0.91,1.0224,24,0.89,1.0,30,0.89,1.0,1,0.9,1.0112,526,0
IWM191011C148,2019-10-10,2019-10-10 09:36:05,0.89,1.0,3,0.88,0.9887,20,0.89,1.0,2,0.885,0.9943,528,2
IWM191011C148,2019-10-10,2019-10-10 09:36:05,0.9,1.0112,34,0.88,0.9887,20,0.89,1.0,2,0.89,1.0,528,0
IWM191011C148,2019-10-10,2019-10-10 09:36:06,0.9,1.0112,22,0.88,0.9887,20,0.89,1.0,2,0.89,1.0,528,0
IWM191011C148,2019-10-10,2019-10-10 09:36:06,0.9,1.0112,40,0.88,0.9887,30,0.89,1.0,2,0.89,1.0,528,0
IWM191011C148,2019-10-10,2019-10-10 09:36:07,0.9,1.0112,40,0.88,0.9887,30,0.89,1.0,2,0.89,1.0,528,0
IWM191011C148,2019-10-10,2019-10-10 09:36:07,0.9,1.0112,40,0.87,0.9775,26,0.89,1.0,2,0.885,0.9943,528,0
IWM191011C148,2019-10-10,2019-10-10 09:36:08,0.9,1.0112,223,0.87,0.9775,26,0.89,1.0,2,0.885,0.9943,528,0
IWM191011C148,2019-10-10,2019-10-10 09:36:08,0.9,1.0112,262,0.87,0.9775,26,0.89,1.0,2,0.885,0.9943,528,0
IWM191011C148,2019-10-10,2019-10-10 09:36:09,0.89,1.0,87,0.86,0.9662,38,0.89,1.0,2,0.875,0.9831,528,0
IWM191011C148,2019-10-10,2019-10-10 09:36:09,0.88,0.9887,192,0.86,0.9662,24,0.89,1.0,2,0.87,0.9775,528,0
IWM191011C148,2019-10-10,2019-10-10 09:36:10,0.88,0.9887,22,0.86,0.9662,28,0.89,1.0,2,0.87,0.9775,528,0
IWM191011C148,2019-10-10,2019-10-10 09:36:10,0.88,0.9887,40,0.86,0.9662,28,0.89,1.0,2,0.87,0.9775,528,0
IWM191011C148,2019-10-10,2019-10-10 09:36:11,0.88,0.9887,22,0.86,0.9662,28,0.89,1.0,2,0.87,0.9775,528,0
IWM191011C148,2019-10-10,2019-10-10 09:36:11,0.88,0.9887,142,0.86,0.9662,28,0.89,1.0,2,0.87,0.9775,528,0
IWM191011C148,2019-10-10,2019-10-10 09:36:12,0.88,0.9887,64,0.86,0.9662,24,0.89,1.0,2,0.87,0.9775,528,0
IWM191011C148,2019-10-10,2019-10-10 09:36:12,0.88,0.9887,32,0.86,0.9662,28,0.89,1.0,2,0.87,0.9775,528,0
IWM191011C148,2019-10-10,2019-10-10 09:36:13,0.88,0.9887,42,0.86,0.9662,24,0.89,1.0,2,0.87,0.9775,528,0
IWM191011C148,2019-10-10,2019-10-10 09:36:13,0.88,0.9887,42,0.86,0.9662,28,0.89,1.0,2,0.87,0.9775,528,0
IWM191011C148,2019-10-10,2019-10-10 09:36:14,0.88,0.9887,32,0.86,0.9662,32,0.89,1.0,2,0.87,0.9775,528,0
IWM191011C148,2019-10-10,2019-10-10 09:36:15,0.88,0.9887,47,0.86,0.9662,32,0.89,1.0,2,0.87,0.9775,528,0
IWM191011C148,2019-10-10,2019-10-10 09:36:15,0.88,0.9887,54,0.86,0.9662,32,0.89,1.0,2,0.87,0.9775,528,0
IWM191011C148,2019-10-10,2019-10-10 09:36:16,0.88,0.9887,32,0.86,0.9662,32,0.89,1.0,2,0.87,0.9775,528,0
IWM191011C148,2019-10-10,2019-10-10 09:36:16,0.88,0.9887,17,0.86,0.9662,57,0.89,1.0,2,0.87,0.9775,528,0
IWM191011C148,2019-10-10,2019-10-10 09:36:17,0.88,0.9887,17,0.87,0.9775,24,0.89,1.0,2,0.875,0.9831,528,0
IWM191011C148,2019-10-10,2019-10-10 09:36:18,0.88,0.9887,17,0.87,0.9775,24,0.89,1.0,2,0.875,0.9831,528,0
IWM191011C148,2019-10-10,2019-10-10 09:36:18,0.9,1.0112,40,0.88,0.9887,28,0.89,1.0,2,0.89,1.0,528,0
IWM191011C148,2019-10-10,2019-10-10 09:36:19,0.9,1.0112,40,0.88,0.9887,28,0.89,1.0,2,0.89,1.0,528,0
IWM191011C148,2019-10-10,2019-10-10 09:36:19,0.91,1.0224,80,0.88,0.9887,28,0.89,1.0,2,0.895,1.0056,528,0
IWM191011C148,2019-10-10,2019-10-10 09:36:20,0.9,1.0112,9,0.88,0.9887,43,0.89,1.0,2,0.89,1.0,528,0
IWM191011C148,2019-10-10,2019-10-10 09:36:20,0.9,1.0112,9,0.88,0.9887,33,0.89,1.0,2,0.89,1.0,528,0
IWM191011C148,2019-10-10,2019-10-10 09:36:21,0.9,1.0112,9,0.88,0.9887,43,0.89,1.0,2,0.89,1.0,528,0
IWM191011C148,2019-10-10,2019-10-10 09:36:22,0.91,1.0224,66,0.89,1.0,20,0.89,1.0,2,0.9,1.0112,528,0
IWM191011C148,2019-10-10,2019-10-10 09:36:22,0.9,1.0112,9,0.88,0.9887,43,0.89,1.0,2,0.89,1.0,528,0
IWM191011C148,2019-10-10,2019-10-10 09:36:23,0.91,1.0224,76,0.89,1.0,25,0.89,1.0,2,0.9,1.0112,528,0
IWM191011C148,2019-10-10,2019-10-10 09:36:23,0.91,1.0224,32,0.89,1.0,25,0.89,1.0,2,0.9,1.0112,528,0
IWM191011C148,2019-10-10,2019-10-10 09:36:24,0.91,1.0224,17,0.89,1.0,42,0.89,1.0,2,0.9,1.0112,528,0
IWM191011C148,2019-10-10,2019-10-10 09:36:24,0.91,1.0224,17,0.89,1.0,25,0.89,1.0,2,0.9,1.0112,528,0
IWM191011C148,2019-10-10,2019-10-10 09:36:25,0.91,1.0224,32,0.89,1.0,28,0.89,1.0,2,0.9,1.0112,528,0
IWM191011C148,2019-10-10,2019-10-10 09:36:25,0.91,1.0224,17,0.89,1.0,41,0.89,1.0,2,0.9,1.0112,528,0
IWM191011C148,2019-10-10,2019-10-10 09:36:26,0.92,1.0337,34,0.9,1.0112,24,0.89,1.0,2,0.91,1.0224,528,0
IWM191011C148,2019-10-10,2019-10-10 09:36:26,0.91,1.0224,17,0.9,1.0112,24,0.89,1.0,2,0.905,1.0168,528,0
IWM191011C148,2019-10-10,2019-10-10 09:36:27,0.91,1.0224,17,0.89,1.0,20,0.89,1.0,2,0.9,1.0112,528,0
IWM191011C148,2019-10-10,2019-10-10 09:36:27,0.91,1.0224,17,0.89,1.0,26,0.89,1.0,2,0.9,1.0112,528,0
IWM191011C148,2019-10-10,2019-10-10 09:36:28,0.91,1.0224,17,0.89,1.0,36,0.89,1.0,2,0.9,1.0112,528,0
IWM191011C148,2019-10-10,2019-10-10 09:36:28,0.91,1.0224,17,0.89,1.0,43,0.89,1.0,2,0.9,1.0112,528,0
IWM191011C148,2019-10-10,2019-10-10 09:36:29,0.91,1.0224,30,0.89,1.0,43,0.89,1.0,2,0.9,1.0112,528,0
IWM191011C148,2019-10-10,2019-10-10 09:36:30,0.91,1.0224,51,0.89,1.0,24,0.89,1.0,2,0.9,1.0112,528,0
IWM191011C148,2019-10-10,2019-10-10 09:36:30,0.91,1.0224,30,0.89,1.0,33,0.89,1.0,2,0.9,1.0112,528,0
IWM191011C148,2019-10-10,2019-10-10 09:36:31,0.91,1.0224,51,0.89,1.0,24,0.89,1.0,2,0.9,1.0112,528,0
IWM191011C148,2019-10-10,2019-10-10 09:36:32,0.91,1.0224,106,0.88,0.9887,38,0.89,1.0,2,0.895,1.0056,528,0
IWM191011C148,2019-10-10,2019-10-10 09:36:32,0.91,1.0224,112,0.88,0.9887,43,0.89,1.0,2,0.895,1.0056,528,0
IWM191011C148,2019-10-10,2019-10-10 09:36:33,0.91,1.0224,112,0.88,0.9887,43,0.89,1.0,2,0.895,1.0056,528,0
IWM191011C148,2019-10-10,2019-10-10 09:36:33,0.91,1.0224,112,0.88,0.9887,50,0.89,1.0,2,0.895,1.0056,528,0
IWM191011C148,2019-10-10,2019-10-10 09:36:34,0.89,1.0,17,0.87,0.9775,330,0.89,1.0,2,0.88,0.9887,528,0
IWM191011C148,2019-10-10,2019-10-10 09:36:34,0.91,1.0224,186,0.88,0.9887,40,0.89,1.0,2,0.895,1.0056,528,0
IWM191011C148,2019-10-10,2019-10-10 09:36:35,0.89,1.0,17,0.87,0.9775,330,0.89,1.0,2,0.88,0.9887,528,0
IWM191011C148,2019-10-10,2019-10-10 09:36:36,0.89,1.0,17,0.87,0.9775,344,0.89,1.0,2,0.88,0.9887,528,0
IWM191011C148,2019-10-10,2019-10-10 09:36:37,0.9,1.0112,35,0.88,0.9887,25,0.89,1.0,2,0.89,1.0,528,0
IWM191011C148,2019-10-10,2019-10-10 09:36:37,0.89,1.0,11,0.88,0.9887,28,0.89,1.0,2,0.885,0.9943,528,0
IWM191011C148,2019-10-10,2019-10-10 09:36:38,0.9,1.0112,104,0.88,0.9887,20,0.9,1.0112,1,0.89,1.0,529,1
IWM191011C148,2019-10-10,2019-10-10 09:36:38,0.9,1.0112,104,0.88,0.9887,20,0.9,1.0112,1,0.89,1.0,529,0
IWM191011C148,2019-10-10,2019-10-10 09:36:39,0.9,1.0112,17,0.88,0.9887,28,0.9,1.0112,1,0.89,1.0,529,0
IWM191011C148,2019-10-10,2019-10-10 09:36:39,0.9,1.0112,1,0.88,0.9887,64,0.9,1.0112,1,0.89,1.0,529,0
IWM191011C148,2019-10-10,2019-10-10 09:36:40,0.91,1.0224,11,0.89,1.0,26,0.9,1.0112,1,0.9,1.0112,529,0
IWM191011C148,2019-10-10,2019-10-10 09:36:40,0.91,1.0224,38,0.89,1.0,20,0.9,1.0112,1,0.9,1.0112,529,0
IWM191011C148,2019-10-10,2019-10-10 09:36:41,0.91,1.0224,5,0.89,1.0,29,0.9,1.0112,1,0.9,1.0112,529,0
IWM191011C148,2019-10-10,2019-10-10 09:36:42,0.91,1.0224,5,0.89,1.0,29,0.9,1.0112,1,0.9,1.0112,529,0
IWM191011C148,2019-10-10,2019-10-10 09:36:43,0.91,1.0224,10,0.89,1.0,29,0.9,1.0112,1,0.9,1.0112,529,0
IWM191011C148,2019-10-10,2019-10-10 09:36:43,0.91,1.0224,5,0.89,1.0,29,0.9,1.0112,1,0.9,1.0112,529,0
IWM191011C148,2019-10-10,2019-10-10 09:36:44,0.9,1.0112,5,0.89,1.0,14,0.9,1.0112,1,0.895,1.0056,529,0
IWM191011C148,2019-10-10,2019-10-10 09:36:44,0.9,1.0112,5,0.89,1.0,20,0.9,1.0112,1,0.895,1.0056,529,0
IWM191011C148,2019-10-10,2019-10-10 09:36:45,0.9,1.0112,7,0.89,1.0,20,0.9,1.0112,1,0.895,1.0056,529,0
IWM191011C148,2019-10-10,2019-10-10 09:36:45,0.9,1.0112,7,0.89,1.0,14,0.9,1.0112,1,0.895,1.0056,529,0
IWM191011C148,2019-10-10,2019-10-10 09:36:46,0.9,1.0112,7,0.89,1.0,20,0.9,1.0112,1,0.895,1.0056,529,0
IWM191011C148,2019-10-10,2019-10-10 09:36:47,0.9,1.0112,7,0.89,1.0,20,0.9,1.0112,1,0.895,1.0056,529,0
IWM191011C148,2019-10-10,2019-10-10 09:36:47,0.91,1.0224,93,0.89,1.0,20,0.9,1.0112,1,0.9,1.0112,529,0
IWM191011C148,2019-10-10,2019-10-10 09:36:48,0.91,1.0224,123,0.89,1.0,20,0.9,1.0112,1,0.9,1.0112,529,0
IWM191011C148,2019-10-10,2019-10-10 09:36:48,0.91,1.0224,93,0.89,1.0,20,0.9,1.0112,1,0.9,1.0112,529,0
IWM191011C148,2019-10-10,2019-10-10 09:36:49,0.91,1.0224,50,0.89,1.0,20,0.9,1.0112,1,0.9,1.0112,529,0
IWM191011C148,2019-10-10,2019-10-10 09:36:49,0.91,1.0224,15,0.89,1.0,29,0.9,1.0112,1,0.9,1.0112,529,0
IWM191011C148,2019-10-10,2019-10-10 09:36:50,0.91,1.0224,113,0.89,1.0,20,0.9,1.0112,1,0.9,1.0112,529,0
IWM191011C148,2019-10-10,2019-10-10 09:36:50,0.91,1.0224,59,0.89,1.0,20,0.9,1.0112,1,0.9,1.0112,529,0
IWM191011C148,2019-10-10,2019-10-10 09:36:51,0.91,1.0224,57,0.89,1.0,20,0.9,1.0112,1,0.9,1.0112,529,0
IWM191011C148,2019-10-10,2019-10-10 09:36:52,0.91,1.0224,57,0.89,1.0,20,0.9,1.0112,1,0.9,1.0112,529,0
IWM191011C148,2019-10-10,2019-10-10 09:36:52,0.91,1.0224,149,0.89,1.0,14,0.9,1.0112,1,0.9,1.0112,529,0
IWM191011C148,2019-10-10,2019-10-10 09:36:53,0.88,0.9887,11,0.87,0.9775,140,0.9,1.0112,1,0.875,0.9831,529,0
IWM191011C148,2019-10-10,2019-10-10 09:36:53,0.9,1.0112,20,0.87,0.9775,140,0.9,1.0112,1,0.885,0.9943,529,0
IWM191011C148,2019-10-10,2019-10-10 09:36:54,0.88,0.9887,11,0.86,0.9662,289,0.9,1.0112,1,0.87,0.9775,529,0
IWM191011C148,2019-10-10,2019-10-10 09:36:55,0.88,0.9887,11,0.86,0.9662,279,0.9,1.0112,1,0.87,0.9775,529,0
IWM191011C148,2019-10-10,2019-10-10 09:36:55,0.88,0.9887,11,0.86,0.9662,289,0.9,1.0112,1,0.87,0.9775,529,0
IWM191011C148,2019-10-10,2019-10-10 09:36:56,0.88,0.9887,24,0.86,0.9662,40,0.9,1.0112,1,0.87,0.9775,529,0
IWM191011C148,2019-10-10,2019-10-10 09:36:56,0.88,0.9887,31,0.86,0.9662,36,0.9,1.0112,1,0.87,0.9775,529,0
IWM191011C148,2019-10-10,2019-10-10 09:36:57,0.88,0.9887,17,0.86,0.9662,34,0.9,1.0112,1,0.87,0.9775,529,0
IWM191011C148,2019-10-10,2019-10-10 09:36:57,0.88,0.9887,17,0.86,0.9662,44,0.9,1.0112,1,0.87,0.9775,529,0
IWM191011C148,2019-10-10,2019-10-10 09:36:58,0.88,0.9887,17,0.86,0.9662,44,0.9,1.0112,1,0.87,0.9775,529,0
IWM191011C148,2019-10-10,2019-10-10 09:36:59,0.88,0.9887,17,0.86,0.9662,25,0.9,1.0112,1,0.87,0.9775,529,0
IWM191011C148,2019-10-10,2019-10-10 09:36:59,0.88,0.9887,17,0.86,0.9662,44,0.9,1.0112,1,0.87,0.9775,529,0
IWM191011C148,2019-10-10,2019-10-10 09:37:00,0.89,1.0,76,0.86,0.9662,54,0.9,1.0112,1,0.875,0.9831,529,0
IWM191011C148,2019-10-10,2019-10-10 09:37:00,0.89,1.0,168,0.86,0.9662,28,0.9,1.0112,1,0.875,0.9831,529,0
IWM191011C148,2019-10-10,2019-10-10 09:37:01,0.89,1.0,76,0.86,0.9662,104,0.9,1.0112,1,0.875,0.9831,529,0
IWM191011C148,2019-10-10,2019-10-10 09:37:01,0.88,0.9887,2,0.87,0.9775,5,0.9,1.0112,1,0.875,0.9831,529,0
IWM191011C148,2019-10-10,2019-10-10 09:37:02,0.88,0.9887,16,0.87,0.9775,10,0.9,1.0112,1,0.875,0.9831,529,0
IWM191011C148,2019-10-10,2019-10-10 09:37:02,0.88,0.9887,21,0.87,0.9775,10,0.9,1.0112,1,0.875,0.9831,529,0
IWM191011C148,2019-10-10,2019-10-10 09:37:03,0.87,0.9775,18,0.85,0.955,20,0.87,0.9775,1,0.86,0.9662,536,1
IWM191011C148,2019-10-10,2019-10-10 09:37:03,0.88,0.9887,21,0.87,0.9775,1,0.87,0.9775,6,0.875,0.9831,535,6
IWM191011C148,2019-10-10,2019-10-10 09:37:04,0.87,0.9775,18,0.85,0.955,20,0.87,0.9775,1,0.86,0.9662,536,0
IWM191011C148,2019-10-10,2019-10-10 09:37:04,0.88,0.9887,69,0.86,0.9662,1,0.87,0.9775,1,0.87,0.9775,536,0
IWM191011C148,2019-10-10,2019-10-10 09:37:05,0.88,0.9887,13,0.86,0.9662,21,0.87,0.9775,1,0.87,0.9775,536,0
IWM191011C148,2019-10-10,2019-10-10 09:37:05,0.89,1.0,30,0.87,0.9775,21,0.87,0.9775,1,0.88,0.9887,536,0
IWM191011C148,2019-10-10,2019-10-10 09:37:06,0.89,1.0,82,0.86,0.9662,258,0.87,0.9775,1,0.875,0.9831,536,0
IWM191011C148,2019-10-10,2019-10-10 09:37:06,0.89,1.0,84,0.87,0.9775,2,0.87,0.9775,1,0.88,0.9887,536,0
IWM191011C148,2019-10-10,2019-10-10 09:37:07,0.89,1.0,178,0.87,0.9775,20,0.87,0.9775,1,0.88,0.9887,536,0
IWM191011C148,2019-10-10,2019-10-10 09:37:07,0.89,1.0,84,0.87,0.9775,2,0.87,0.9775,1,0.88,0.9887,536,0
IWM191011C148,2019-10-10,2019-10-10 09:37:08,0.89,1.0,178,0.86,0.9662,58,0.87,0.9775,1,0.875,0.9831,536,0
IWM191011C148,2019-10-10,2019-10-10 09:37:08,0.87,0.9775,12,0.86,0.9662,20,0.87,0.9775,1,0.865,0.9719,536,0
IWM191011C148,2019-10-10,2019-10-10 09:37:09,0.89,1.0,56,0.86,0.9662,58,0.87,0.9775,1,0.875,0.9831,536,0
IWM191011C148,2019-10-10,2019-10-10 09:37:09,0.89,1.0,86,0.87,0.9775,27,0.87,0.9775,1,0.88,0.9887,536,0
IWM191011C148,2019-10-10,2019-10-10 09:37:10,0.89,1.0,167,0.87,0.9775,13,0.87,0.9775,1,0.88,0.9887,536,0
IWM191011C148,2019-10-10,2019-10-10 09:37:10,0.89,1.0,174,0.87,0.9775,27,0.87,0.9775,1,0.88,0.9887,536,0
IWM191011C148,2019-10-10,2019-10-10 09:37:11,0.9,1.0112,40,0.87,0.9775,450,0.87,0.9775,1,0.885,0.9943,536,0
IWM191011C148,2019-10-10,2019-10-10 09:37:11,0.9,1.0112,98,0.87,0.9775,28,0.87,0.9775,1,0.885,0.9943,536,0
IWM191011C148,2019-10-10,2019-10-10 09:37:12,0.9,1.0112,40,0.87,0.9775,435,0.87,0.9775,1,0.885,0.9943,536,0
IWM191011C148,2019-10-10,2019-10-10 09:37:12,0.9,1.0112,66,0.87,0.9775,439,0.87,0.9775,1,0.885,0.9943,536,0
IWM191011C148,2019-10-10,2019-10-10 09:37:13,0.9,1.0112,143,0.87,0.9775,322,0.87,0.9775,1,0.885,0.9943,536,0
IWM191011C148,2019-10-10,2019-10-10 09:37:14,0.92,1.0337,148,0.88,0.9887,241,0.87,0.9775,1,0.9,1.0112,536,0
IWM191011C148,2019-10-10,2019-10-10 09:37:14,0.9,1.0112,35,0.88,0.9887,271,0.87,0.9775,1,0.89,1.0,536,0
IWM191011C148,2019-10-10,2019-10-10 09:37:15,0.9,1.0112,35,0.88,0.9887,271,0.87,0.9775,1,0.89,1.0,536,0
IWM191011C148,2019-10-10,2019-10-10 09:37:15,0.9,1.0112,35,0.88,0.9887,20,0.87,0.9775,1,0.89,1.0,536,0
IWM191011C148,2019-10-10,2019-10-10 09:37:16,0.9,1.0112,45,0.88,0.9887,31,0.87,0.9775,1,0.89,1.0,536,0
IWM191011C148,2019-10-10,2019-10-10 09:37:16,0.9,1.0112,78,0.87,0.9775,286,0.87,0.9775,1,0.885,0.9943,536,0
IWM191011C148,2019-10-10,2019-10-10 09:37:17,0.9,1.0112,91,0.88,0.9887,17,0.87,0.9775,1,0.89,1.0,536,0
IWM191011C148,2019-10-10,2019-10-10 09:37:18,0.9,1.0112,169,0.88,0.9887,20,0.87,0.9775,1,0.89,1.0,536,0
IWM191011C148,2019-10-10,2019-10-10 09:37:19,0.9,1.0112,147,0.88,0.9887,32,0.87,0.9775,1,0.89,1.0,536,0
IWM191011C148,2019-10-10,2019-10-10 09:37:19,0.9,1.0112,156,0.88,0.9887,20,0.87,0.9775,1,0.89,1.0,536,0
IWM191011C148,2019-10-10,2019-10-10 09:37:20,0.91,1.0224,39,0.89,1.0,30,0.87,0.9775,1,0.9,1.0112,536,0
IWM191011C148,2019-10-10,2019-10-10 09:37:20,0.9,1.0112,17,0.88,0.9887,31,0.87,0.9775,1,0.89,1.0,536,0
IWM191011C148,2019-10-10,2019-10-10 09:37:21,0.92,1.0337,100,0.89,1.0,28,0.87,0.9775,1,0.905,1.0168,536,0
IWM191011C148,2019-10-10,2019-10-10 09:37:21,0.92,1.0337,57,0.9,1.0112,28,0.87,0.9775,1,0.91,1.0224,536,0
IWM191011C148,2019-10-10,2019-10-10 09:37:22,0.92,1.0337,76,0.9,1.0112,28,0.87,0.9775,1,0.91,1.0224,536,0
IWM191011C148,2019-10-10,2019-10-10 09:37:22,0.93,1.0449,59,0.91,1.0224,22,0.87,0.9775,1,0.92,1.0337,536,0
IWM191011C148,2019-10-10,2019-10-10 09:37:23,0.93,1.0449,42,0.92,1.0337,10,0.87,0.9775,1,0.925,1.0393,536,0
IWM191011C148,2019-10-10,2019-10-10 09:37:23,0.93,1.0449,12,0.92,1.0337,10,0.87,0.9775,1,0.925,1.0393,536,0
IWM191011C148,2019-10-10,2019-10-10 09:37:24,0.93,1.0449,12,0.92,1.0337,10,0.87,0.9775,1,0.925,1.0393,536,0
IWM191011C148,2019-10-10,2019-10-10 09:37:25,0.94,1.0561,52,0.92,1.0337,59,0.87,0.9775,1,0.93,1.0449,536,0
IWM191011C148,2019-10-10,2019-10-10 09:37:25,0.94,1.0561,55,0.92,1.0337,10,0.87,0.9775,1,0.93,1.0449,536,0
IWM191011C148,2019-10-10,2019-10-10 09:37:26,0.94,1.0561,31,0.92,1.0337,57,0.87,0.9775,1,0.93,1.0449,536,0
IWM191011C148,2019-10-10,2019-10-10 09:37:26,0.95,1.0674,134,0.92,1.0337,57,0.87,0.9775,1,0.935,1.0505,536,0
IWM191011C148,2019-10-10,2019-10-10 09:37:27,0.93,1.0449,15,0.91,1.0224,73,0.87,0.9775,1,0.92,1.0337,536,0
IWM191011C148,2019-10-10,2019-10-10 09:37:27,0.94,1.0561,64,0.92,1.0337,66,0.87,0.9775,1,0.93,1.0449,536,0
IWM191011C148,2019-10-10,2019-10-10 09:37:28,0.93,1.0449,17,0.91,1.0224,59,0.87,0.9775,1,0.92,1.0337,536,0
IWM191011C148,2019-10-10,2019-10-10 09:37:28,0.94,1.0561,88,0.92,1.0337,59,0.87,0.9775,1,0.93,1.0449,536,0
IWM191011C148,2019-10-10,2019-10-10 09:37:29,0.93,1.0449,22,0.92,1.0337,31,0.87,0.9775,1,0.925,1.0393,536,0
IWM191011C148,2019-10-10,2019-10-10 09:37:29,0.94,1.0561,88,0.92,1.0337,58,0.87,0.9775,1,0.93,1.0449,536,0
IWM191011C148,2019-10-10,2019-10-10 09:37:30,0.93,1.0449,17,0.92,1.0337,44,0.87,0.9775,1,0.925,1.0393,536,0
IWM191011C148,2019-10-10,2019-10-10 09:37:30,0.93,1.0449,42,0.92,1.0337,20,0.87,0.9775,1,0.925,1.0393,536,0
IWM191011C148,2019-10-10,2019-10-10 09:37:31,0.93,1.0449,42,0.91,1.0224,69,0.87,0.9775,1,0.92,1.0337,536,0
IWM191011C148,2019-10-10,2019-10-10 09:37:31,0.93,1.0449,65,0.91,1.0224,59,0.87,0.9775,1,0.92,1.0337,536,0
IWM191011C148,2019-10-10,2019-10-10 09:37:32,0.93,1.0449,37,0.91,1.0224,46,0.87,0.9775,1,0.92,1.0337,536,0
IWM191011C148,2019-10-10,2019-10-10 09:37:32,0.92,1.0337,14,0.9,1.0112,84,0.87,0.9775,1,0.91,1.0224,536,0
IWM191011C148,2019-10-10,2019-10-10 09:37:33,0.92,1.0337,41,0.9,1.0112,78,0.87,0.9775,1,0.91,1.0224,536,0
IWM191011C148,2019-10-10,2019-10-10 09:37:33,0.92,1.0337,14,0.9,1.0112,94,0.87,0.9775,1,0.91,1.0224,536,0
IWM191011C148,2019-10-10,2019-10-10 09:37:34,0.91,1.0224,39,0.88,0.9887,472,0.87,0.9775,1,0.895,1.0056,536,0
IWM191011C148,2019-10-10,2019-10-10 09:37:34,0.92,1.0337,55,0.9,1.0112,10,0.87,0.9775,1,0.91,1.0224,536,0
IWM191011C148,2019-10-10,2019-10-10 09:37:35,0.92,1.0337,45,0.89,1.0,208,0.87,0.9775,1,0.905,1.0168,536,0
IWM191011C148,2019-10-10,2019-10-10 09:37:35,0.92,1.0337,45,0.89,1.0,330,0.87,0.9775,1,0.905,1.0168,536,0
IWM191011C148,2019-10-10,2019-10-10 09:37:36,0.92,1.0337,175,0.89,1.0,109,0.87,0.9775,1,0.905,1.0168,536,0
IWM191011C148,2019-10-10,2019-10-10 09:37:36,0.91,1.0224,48,0.89,1.0,59,0.87,0.9775,1,0.9,1.0112,536,0
IWM191011C148,2019-10-10,2019-10-10 09:37:37,0.91,1.0224,48,0.89,1.0,113,0.87,0.9775,1,0.9,1.0112,536,0
IWM191011C148,2019-10-10,2019-10-10 09:37:37,0.91,1.0224,48,0.89,1.0,127,0.87,0.9775,1,0.9,1.0112,536,0
IWM191011C148,2019-10-10,2019-10-10 09:37:38,0.91,1.0224,46,0.89,1.0,127,0.87,0.9775,1,0.9,1.0112,536,0
IWM191011C148,2019-10-10,2019-10-10 09:37:38,0.91,1.0224,46,0.89,1.0,145,0.87,0.9775,1,0.9,1.0112,536,0
IWM191011C148,2019-10-10,2019-10-10 09:37:39,0.91,1.0224,46,0.89,1.0,145,0.87,0.9775,1,0.9,1.0112,536,0
IWM191011C148,2019-10-10,2019-10-10 09:37:40,0.9,1.0112,49,0.88,0.9887,47,0.87,0.9775,1,0.89,1.0,536,0
IWM191011C148,2019-10-10,2019-10-10 09:37:40,0.91,1.0224,208,0.89,1.0,59,0.87,0.9775,1,0.9,1.0112,536,0
IWM191011C148,2019-10-10,2019-10-10 09:37:41,0.9,1.0112,40,0.88,0.9887,66,0.87,0.9775,1,0.89,1.0,536,0
IWM191011C148,2019-10-10,2019-10-10 09:37:42,0.9,1.0112,40,0.88,0.9887,46,0.87,0.9775,1,0.89,1.0,536,0
IWM191011C148,2019-10-10,2019-10-10 09:37:42,0.9,1.0112,40,0.88,0.9887,56,0.87,0.9775,1,0.89,1.0,536,0
IWM191011C148,2019-10-10,2019-10-10 09:37:43,0.9,1.0112,40,0.88,0.9887,56,0.87,0.9775,1,0.89,1.0,536,0
IWM191011C148,2019-10-10,2019-10-10 09:37:44,0.9,1.0112,17,0.88,0.9887,224,0.87,0.9775,1,0.89,1.0,536,0
IWM191011C148,2019-10-10,2019-10-10 09:37:44,0.9,1.0112,30,0.88,0.9887,85,0.87,0.9775,1,0.89,1.0,536,0
IWM191011C148,2019-10-10,2019-10-10 09:37:45,0.93,1.0449,79,0.9,1.0112,20,0.87,0.9775,1,0.915,1.028,536,0
IWM191011C148,2019-10-10,2019-10-10 09:37:45,0.92,1.0337,60,0.89,1.0,151,0.87,0.9775,1,0.905,1.0168,536,0
IWM191011C148,2019-10-10,2019-10-10 09:37:46,0.92,1.0337,203,0.9,1.0112,17,0.87,0.9775,1,0.91,1.0224,536,0
IWM191011C148,2019-10-10,2019-10-10 09:37:46,0.92,1.0337,234,0.9,1.0112,17,0.87,0.9775,1,0.91,1.0224,536,0
IWM191011C148,2019-10-10,2019-10-10 09:37:47,0.92,1.0337,93,0.9,1.0112,82,0.87,0.9775,1,0.91,1.0224,536,0
IWM191011C148,2019-10-10,2019-10-10 09:37:47,0.91,1.0224,32,0.89,1.0,107,0.87,0.9775,1,0.9,1.0112,536,0
IWM191011C148,2019-10-10,2019-10-10 09:37:48,0.91,1.0224,81,0.89,1.0,237,0.87,0.9775,1,0.9,1.0112,536,0
IWM191011C148,2019-10-10,2019-10-10 09:37:48,0.91,1.0224,60,0.89,1.0,158,0.87,0.9775,1,0.9,1.0112,536,0
IWM191011C148,2019-10-10,2019-10-10 09:37:49,0.9,1.0112,60,0.88,0.9887,120,0.87,0.9775,1,0.89,1.0,536,0
IWM191011C148,2019-10-10,2019-10-10 09:37:49,0.9,1.0112,105,0.88,0.9887,143,0.87,0.9775,1,0.89,1.0,536,0
IWM191011C148,2019-10-10,2019-10-10 09:37:50,0.9,1.0112,206,0.88,0.9887,143,0.87,0.9775,1,0.89,1.0,536,0
IWM191011C148,2019-10-10,2019-10-10 09:37:50,0.9,1.0112,196,0.88,0.9887,143,0.87,0.9775,1,0.89,1.0,536,0
IWM191011C148,2019-10-10,2019-10-10 09:37:51,0.9,1.0112,337,0.87,0.9775,225,0.87,0.9775,1,0.885,0.9943,536,0
IWM191011C148,2019-10-10,2019-10-10 09:37:51,0.9,1.0112,322,0.87,0.9775,140,0.87,0.9775,1,0.885,0.9943,536,0
IWM191011C148,2019-10-10,2019-10-10 09:37:52,0.9,1.0112,80,0.87,0.9775,132,0.87,0.9775,1,0.885,0.9943,536,0
IWM191011C148,2019-10-10,2019-10-10 09:37:52,0.9,1.0112,397,0.87,0.9775,216,0.87,0.9775,1,0.885,0.9943,536,0
IWM191011C148,2019-10-10,2019-10-10 09:37:53,0.9,1.0112,455,0.87,0.9775,243,0.87,0.9775,1,0.885,0.9943,536,0
IWM191011C148,2019-10-10,2019-10-10 09:37:53,0.89,1.0,50,0.87,0.9775,176,0.87,0.9775,1,0.88,0.9887,536,0
IWM191011C148,2019-10-10,2019-10-10 09:37:54,0.89,1.0,211,0.87,0.9775,123,0.87,0.9775,1,0.88,0.9887,536,0
IWM191011C148,2019-10-10,2019-10-10 09:37:54,0.89,1.0,125,0.87,0.9775,84,0.87,0.9775,1,0.88,0.9887,536,0
IWM191011C148,2019-10-10,2019-10-10 09:37:55,0.89,1.0,198,0.87,0.9775,179,0.87,0.9775,1,0.88,0.9887,536,0
IWM191011C148,2019-10-10,2019-10-10 09:37:55,0.89,1.0,118,0.87,0.9775,219,0.87,0.9775,1,0.88,0.9887,536,0
IWM191011C148,2019-10-10,2019-10-10 09:37:56,0.92,1.0337,34,0.89,1.0,20,0.87,0.9775,1,0.905,1.0168,536,0
IWM191011C148,2019-10-10,2019-10-10 09:37:56,0.91,1.0224,49,0.87,0.9775,121,0.87,0.9775,1,0.89,1.0,536,0
IWM191011C148,2019-10-10,2019-10-10 09:37:57,0.9,1.0112,108,0.87,0.9775,20,0.87,0.9775,1,0.885,0.9943,536,0
IWM191011C148,2019-10-10,2019-10-10 09:37:57,0.92,1.0337,49,0.87,0.9775,29,0.87,0.9775,1,0.895,1.0056,536,0
IWM191011C148,2019-10-10,2019-10-10 09:37:58,0.89,1.0,63,0.87,0.9775,96,0.87,0.9775,1,0.88,0.9887,536,0
IWM191011C148,2019-10-10,2019-10-10 09:37:58,0.89,1.0,88,0.87,0.9775,75,0.87,0.9775,1,0.88,0.9887,536,0
IWM191011C148,2019-10-10,2019-10-10 09:37:59,0.89,1.0,79,0.86,0.9662,235,0.87,0.9775,1,0.875,0.9831,536,0
IWM191011C148,2019-10-10,2019-10-10 09:37:59,0.89,1.0,88,0.87,0.9775,75,0.87,0.9775,1,0.88,0.9887,536,0
IWM191011C148,2019-10-10,2019-10-10 09:38:00,0.89,1.0,81,0.86,0.9662,153,0.87,0.9775,1,0.875,0.9831,536,0
IWM191011C148,2019-10-10,2019-10-10 09:38:00,0.89,1.0,81,0.86,0.9662,166,0.87,0.9775,1,0.875,0.9831,536,0
IWM191011C148,2019-10-10,2019-10-10 09:38:01,0.88,0.9887,58,0.86,0.9662,276,0.87,0.9775,1,0.87,0.9775,536,0
IWM191011C148,2019-10-10,2019-10-10 09:38:02,0.88,0.9887,63,0.86,0.9662,75,0.87,0.9775,1,0.87,0.9775,536,0
IWM191011C148,2019-10-10,2019-10-10 09:38:02,0.88,0.9887,58,0.86,0.9662,336,0.87,0.9775,1,0.87,0.9775,536,0
IWM191011C148,2019-10-10,2019-10-10 09:38:03,0.89,1.0,64,0.86,0.9662,91,0.87,0.9775,1,0.875,0.9831,536,0
IWM191011C148,2019-10-10,2019-10-10 09:38:03,0.92,1.0337,75,0.88,0.9887,90,0.87,0.9775,1,0.9,1.0112,536,0
IWM191011C148,2019-10-10,2019-10-10 09:38:04,0.92,1.0337,75,0.89,1.0,90,0.87,0.9775,1,0.905,1.0168,536,0
IWM191011C148,2019-10-10,2019-10-10 09:38:04,0.92,1.0337,64,0.9,1.0112,17,0.87,0.9775,1,0.91,1.0224,536,0
IWM191011C148,2019-10-10,2019-10-10 09:38:05,0.92,1.0337,64,0.89,1.0,123,0.87,0.9775,1,0.905,1.0168,536,0
IWM191011C148,2019-10-10,2019-10-10 09:38:05,0.91,1.0224,73,0.89,1.0,26,0.87,0.9775,1,0.9,1.0112,536,0
IWM191011C148,2019-10-10,2019-10-10 09:38:06,0.91,1.0224,221,0.87,0.9775,231,0.87,0.9775,1,0.89,1.0,536,0
IWM191011C148,2019-10-10,2019-10-10 09:38:06,0.91,1.0224,141,0.88,0.9887,75,0.87,0.9775,1,0.895,1.0056,536,0
IWM191011C148,2019-10-10,2019-10-10 09:38:07,0.9,1.0112,185,0.88,0.9887,75,0.87,0.9775,1,0.89,1.0,536,0
IWM191011C148,2019-10-10,2019-10-10 09:38:07,0.9,1.0112,65,0.88,0.9887,75,0.87,0.9775,1,0.89,1.0,536,0
IWM191011C148,2019-10-10,2019-10-10 09:38:08,0.9,1.0112,332,0.87,0.9775,123,0.87,0.9775,1,0.885,0.9943,536,0
IWM191011C148,2019-10-10,2019-10-10 09:38:08,0.9,1.0112,185,0.88,0.9887,75,0.87,0.9775,1,0.89,1.0,536,0
IWM191011C148,2019-10-10,2019-10-10 09:38:09,0.9,1.0112,225,0.87,0.9775,158,0.87,0.9775,1,0.885,0.9943,536,0
IWM191011C148,2019-10-10,2019-10-10 09:38:09,0.9,1.0112,342,0.87,0.9775,161,0.87,0.9775,1,0.885,0.9943,536,0
IWM191011C148,2019-10-10,2019-10-10 09:38:10,0.89,1.0,44,0.87,0.9775,95,0.87,0.9775,1,0.88,0.9887,536,0
IWM191011C148,2019-10-10,2019-10-10 09:38:10,0.89,1.0,46,0.87,0.9775,90,0.87,0.9775,1,0.88,0.9887,536,0
IWM191011C148,2019-10-10,2019-10-10 09:38:11,0.89,1.0,61,0.87,0.9775,90,0.87,0.9775,1,0.88,0.9887,536,0
IWM191011C148,2019-10-10,2019-10-10 09:38:11,0.89,1.0,66,0.87,0.9775,114,0.87,0.9775,1,0.88,0.9887,536,0
IWM191011C148,2019-10-10,2019-10-10 09:38:12,0.89,1.0,66,0.87,0.9775,214,0.87,0.9775,1,0.88,0.9887,536,0
IWM191011C148,2019-10-10,2019-10-10 09:38:12,0.89,1.0,58,0.87,0.9775,203,0.87,0.9775,1,0.88,0.9887,536,0
IWM191011C148,2019-10-10,2019-10-10 09:38:13,0.89,1.0,58,0.87,0.9775,203,0.87,0.9775,1,0.88,0.9887,536,0
IWM191011C148,2019-10-10,2019-10-10 09:38:14,0.89,1.0,104,0.87,0.9775,203,0.87,0.9775,1,0.88,0.9887,536,0
IWM191011C148,2019-10-10,2019-10-10 09:38:15,0.89,1.0,104,0.87,0.9775,203,0.87,0.9775,1,0.88,0.9887,536,0
IWM191011C148,2019-10-10,2019-10-10 09:38:15,0.89,1.0,15,0.87,0.9775,203,0.87,0.9775,1,0.88,0.9887,536,0
IWM191011C148,2019-10-10,2019-10-10 09:38:16,0.89,1.0,48,0.87,0.9775,104,0.87,0.9775,1,0.88,0.9887,536,0
IWM191011C148,2019-10-10,2019-10-10 09:38:16,0.89,1.0,101,0.87,0.9775,104,0.87,0.9775,1,0.88,0.9887,536,0
IWM191011C148,2019-10-10,2019-10-10 09:38:17,0.89,1.0,141,0.87,0.9775,104,0.87,0.9775,1,0.88,0.9887,536,0
IWM191011C148,2019-10-10,2019-10-10 09:38:17,0.89,1.0,121,0.87,0.9775,104,0.87,0.9775,1,0.88,0.9887,536,0
IWM191011C148,2019-10-10,2019-10-10 09:38:18,0.89,1.0,141,0.87,0.9775,100,0.87,0.9775,1,0.88,0.9887,536,0
IWM191011C148,2019-10-10,2019-10-10 09:38:18,0.89,1.0,141,0.87,0.9775,104,0.87,0.9775,1,0.88,0.9887,536,0
IWM191011C148,2019-10-10,2019-10-10 09:38:19,0.89,1.0,150,0.87,0.9775,150,0.87,0.9775,1,0.88,0.9887,536,0
IWM191011C148,2019-10-10,2019-10-10 09:38:20,0.89,1.0,49,0.87,0.9775,150,0.87,0.9775,1,0.88,0.9887,536,0
IWM191011C148,2019-10-10,2019-10-10 09:38:21,0.9,1.0112,150,0.87,0.9775,150,0.87,0.9775,1,0.885,0.9943,536,0
IWM191011C148,2019-10-10,2019-10-10 09:38:21,0.9,1.0112,164,0.88,0.9887,78,0.87,0.9775,1,0.89,1.0,536,0
IWM191011C148,2019-10-10,2019-10-10 09:38:22,0.9,1.0112,179,0.88,0.9887,78,0.87,0.9775,1,0.89,1.0,536,0
IWM191011C148,2019-10-10,2019-10-10 09:38:23,0.9,1.0112,74,0.88,0.9887,207,0.87,0.9775,1,0.89,1.0,536,0
IWM191011C148,2019-10-10,2019-10-10 09:38:23,0.91,1.0224,166,0.89,1.0,82,0.87,0.9775,1,0.9,1.0112,536,0
IWM191011C148,2019-10-10,2019-10-10 09:38:24,0.91,1.0224,104,0.9,1.0112,18,0.87,0.9775,1,0.905,1.0168,536,0
IWM191011C148,2019-10-10,2019-10-10 09:38:24,0.91,1.0224,166,0.89,1.0,89,0.87,0.9775,1,0.9,1.0112,536,0
IWM191011C148,2019-10-10,2019-10-10 09:38:25,0.92,1.0337,11,0.91,1.0224,18,0.87,0.9775,1,0.915,1.028,536,0
IWM191011C148,2019-10-10,2019-10-10 09:38:25,0.92,1.0337,70,0.9,1.0112,124,0.87,0.9775,1,0.91,1.0224,536,0
IWM191011C148,2019-10-10,2019-10-10 09:38:26,0.93,1.0449,162,0.91,1.0224,18,0.87,0.9775,1,0.92,1.0337,536,0
IWM191011C148,2019-10-10,2019-10-10 09:38:26,0.93,1.0449,158,0.91,1.0224,93,0.87,0.9775,1,0.92,1.0337,536,0
IWM191011C148,2019-10-10,2019-10-10 09:38:27,0.92,1.0337,123,0.9,1.0112,168,0.87,0.9775,1,0.91,1.0224,536,0
IWM191011C148,2019-10-10,2019-10-10 09:38:27,0.92,1.0337,85,0.9,1.0112,168,0.87,0.9775,1,0.91,1.0224,536,0
IWM191011C148,2019-10-10,2019-10-10 09:38:28,0.92,1.0337,123,0.9,1.0112,168,0.87,0.9775,1,0.91,1.0224,536,0
IWM191011C148,2019-10-10,2019-10-10 09:38:29,0.92,1.0337,129,0.9,1.0112,84,0.87,0.9775,1,0.91,1.0224,536,0
IWM191011C148,2019-10-10,2019-10-10 09:38:29,0.92,1.0337,110,0.9,1.0112,128,0.87,0.9775,1,0.91,1.0224,536,0
IWM191011C148,2019-10-10,2019-10-10 09:38:30,0.92,1.0337,73,0.9,1.0112,196,0.87,0.9775,1,0.91,1.0224,536,0
IWM191011C148,2019-10-10,2019-10-10 09:38:30,0.92,1.0337,104,0.9,1.0112,128,0.87,0.9775,1,0.91,1.0224,536,0
IWM191011C148,2019-10-10,2019-10-10 09:38:31,0.94,1.0561,115,0.92,1.0337,116,0.87,0.9775,1,0.93,1.0449,536,0
IWM191011C148,2019-10-10,2019-10-10 09:38:32,0.94,1.0561,193,0.92,1.0337,93,0.87,0.9775,1,0.93,1.0449,536,0
IWM191011C148,2019-10-10,2019-10-10 09:38:32,0.94,1.0561,213,0.92,1.0337,93,0.87,0.9775,1,0.93,1.0449,536,0
IWM191011C148,2019-10-10,2019-10-10 09:38:33,0.95,1.0674,70,0.92,1.0337,108,0.87,0.9775,1,0.935,1.0505,536,0
