symbol,Date,quote_time,ask_price,norm_ask_price,ask_size,bid_price,norm_bid_price,bid_size,last_trade_price,norm_last_trade_price,last_trade_size,mark_price,norm_mark_price,volume,Volume
IWM190920C158,2019-09-19,2019-09-19 09:33:48,0.38,1.0,8,0.37,0.9736,112,0.42,1.1052,10,0.375,0.9868,258,258
IWM190920C158,2019-09-19,2019-09-19 09:33:49,0.38,1.0,37,0.36,0.9473,43,0.42,1.1052,10,0.37,0.9736,258,0
IWM190920C158,2019-09-19,2019-09-19 09:33:49,0.38,1.0,153,0.36,0.9473,43,0.42,1.1052,10,0.37,0.9736,258,0
IWM190920C158,2019-09-19,2019-09-19 09:33:50,0.38,1.0,173,0.36,0.9473,58,0.42,1.1052,10,0.37,0.9736,258,0
IWM190920C158,2019-09-19,2019-09-19 09:33:50,0.38,1.0,173,0.37,0.9736,15,0.42,1.1052,10,0.375,0.9868,258,0
IWM190920C158,2019-09-19,2019-09-19 09:33:51,0.37,0.9736,42,0.36,0.9473,58,0.42,1.1052,10,0.365,0.9605,258,0
IWM190920C158,2019-09-19,2019-09-19 09:33:51,0.37,0.9736,45,0.36,0.9473,20,0.42,1.1052,10,0.365,0.9605,258,0
IWM190920C158,2019-09-19,2019-09-19 09:33:52,0.37,0.9736,51,0.36,0.9473,32,0.42,1.1052,10,0.365,0.9605,258,0
IWM190920C158,2019-09-19,2019-09-19 09:33:52,0.37,0.9736,49,0.36,0.9473,2,0.42,1.1052,10,0.365,0.9605,258,0
IWM190920C158,2019-09-19,2019-09-19 09:33:53,0.37,0.9736,68,0.35,0.921,148,0.42,1.1052,10,0.36,0.9473,258,0
IWM190920C158,2019-09-19,2019-09-19 09:33:53,0.37,0.9736,131,0.35,0.921,181,0.42,1.1052,10,0.36,0.9473,258,0
IWM190920C158,2019-09-19,2019-09-19 09:33:54,0.37,0.9736,76,0.35,0.921,181,0.42,1.1052,10,0.36,0.9473,258,0
IWM190920C158,2019-09-19,2019-09-19 09:33:55,0.37,0.9736,127,0.35,0.921,181,0.42,1.1052,10,0.36,0.9473,258,0
IWM190920C158,2019-09-19,2019-09-19 09:33:56,0.37,0.9736,92,0.35,0.921,181,0.42,1.1052,10,0.36,0.9473,258,0
IWM190920C158,2019-09-19,2019-09-19 09:33:56,0.37,0.9736,170,0.35,0.921,181,0.42,1.1052,10,0.36,0.9473,258,0
IWM190920C158,2019-09-19,2019-09-19 09:33:57,0.37,0.9736,365,0.35,0.921,58,0.42,1.1052,10,0.36,0.9473,258,0
IWM190920C158,2019-09-19,2019-09-19 09:33:57,0.37,0.9736,531,0.35,0.921,26,0.42,1.1052,10,0.36,0.9473,258,0
IWM190920C158,2019-09-19,2019-09-19 09:33:58,0.36,0.9473,103,0.35,0.921,20,0.42,1.1052,10,0.355,0.9342,258,0
IWM190920C158,2019-09-19,2019-09-19 09:33:58,0.36,0.9473,48,0.35,0.921,20,0.42,1.1052,10,0.355,0.9342,258,0
IWM190920C158,2019-09-19,2019-09-19 09:33:59,0.36,0.9473,132,0.35,0.921,30,0.42,1.1052,10,0.355,0.9342,258,0
IWM190920C158,2019-09-19,2019-09-19 09:33:59,0.36,0.9473,59,0.35,0.921,59,0.42,1.1052,10,0.355,0.9342,258,0
IWM190920C158,2019-09-19,2019-09-19 09:34:00,0.36,0.9473,59,0.35,0.921,59,0.42,1.1052,10,0.355,0.9342,258,0
IWM190920C158,2019-09-19,2019-09-19 09:34:00,0.36,0.9473,58,0.35,0.921,3,0.42,1.1052,10,0.355,0.9342,258,0
IWM190920C158,2019-09-19,2019-09-19 09:34:01,0.36,0.9473,58,0.35,0.921,38,0.42,1.1052,10,0.355,0.9342,258,0
IWM190920C158,2019-09-19,2019-09-19 09:34:01,0.36,0.9473,63,0.35,0.921,113,0.42,1.1052,10,0.355,0.9342,258,0
IWM190920C158,2019-09-19,2019-09-19 09:34:02,0.36,0.9473,58,0.35,0.921,113,0.42,1.1052,10,0.355,0.9342,258,0
IWM190920C158,2019-09-19,2019-09-19 09:34:02,0.36,0.9473,120,0.35,0.921,5,0.42,1.1052,10,0.355,0.9342,258,0
IWM190920C158,2019-09-19,2019-09-19 09:34:03,0.36,0.9473,186,0.35,0.921,5,0.42,1.1052,10,0.355,0.9342,258,0
IWM190920C158,2019-09-19,2019-09-19 09:34:03,0.36,0.9473,64,0.35,0.921,35,0.42,1.1052,10,0.355,0.9342,258,0
IWM190920C158,2019-09-19,2019-09-19 09:34:04,0.36,0.9473,26,0.35,0.921,84,0.42,1.1052,10,0.355,0.9342,258,0
IWM190920C158,2019-09-19,2019-09-19 09:34:05,0.36,0.9473,13,0.35,0.921,67,0.42,1.1052,10,0.355,0.9342,258,0
IWM190920C158,2019-09-19,2019-09-19 09:34:05,0.37,0.9736,110,0.35,0.921,67,0.42,1.1052,10,0.36,0.9473,258,0
IWM190920C158,2019-09-19,2019-09-19 09:34:06,0.37,0.9736,68,0.36,0.9473,20,0.42,1.1052,10,0.365,0.9605,258,0
IWM190920C158,2019-09-19,2019-09-19 09:34:06,0.37,0.9736,198,0.35,0.921,67,0.42,1.1052,10,0.36,0.9473,258,0
IWM190920C158,2019-09-19,2019-09-19 09:34:07,0.37,0.9736,130,0.36,0.9473,30,0.42,1.1052,10,0.365,0.9605,258,0
IWM190920C158,2019-09-19,2019-09-19 09:34:07,0.37,0.9736,8,0.36,0.9473,25,0.42,1.1052,10,0.365,0.9605,258,0
IWM190920C158,2019-09-19,2019-09-19 09:34:08,0.37,0.9736,23,0.36,0.9473,38,0.42,1.1052,10,0.365,0.9605,258,0
IWM190920C158,2019-09-19,2019-09-19 09:34:09,0.37,0.9736,8,0.36,0.9473,107,0.42,1.1052,10,0.365,0.9605,258,0
IWM190920C158,2019-09-19,2019-09-19 09:34:09,0.37,0.9736,8,0.36,0.9473,190,0.37,0.9736,8,0.365,0.9605,266,8
IWM190920C158,2019-09-19,2019-09-19 09:34:10,0.39,1.0263,86,0.37,0.9736,113,0.37,0.9736,8,0.38,1.0,266,0
IWM190920C158,2019-09-19,2019-09-19 09:34:10,0.38,1.0,21,0.37,0.9736,70,0.37,0.9736,8,0.375,0.9868,266,0
IWM190920C158,2019-09-19,2019-09-19 09:34:11,0.39,1.0263,24,0.38,1.0,94,0.37,0.9736,8,0.385,1.0131,266,0
IWM190920C158,2019-09-19,2019-09-19 09:34:11,0.4,1.0526,2,0.38,1.0,87,0.37,0.9736,8,0.39,1.0263,266,0
IWM190920C158,2019-09-19,2019-09-19 09:34:12,0.4,1.0526,34,0.39,1.0263,87,0.37,0.9736,8,0.395,1.0394,266,0
IWM190920C158,2019-09-19,2019-09-19 09:34:12,0.4,1.0526,15,0.39,1.0263,129,0.37,0.9736,8,0.395,1.0394,266,0
IWM190920C158,2019-09-19,2019-09-19 09:34:13,0.4,1.0526,21,0.39,1.0263,113,0.37,0.9736,8,0.395,1.0394,266,0
IWM190920C158,2019-09-19,2019-09-19 09:34:14,0.4,1.0526,21,0.39,1.0263,82,0.37,0.9736,8,0.395,1.0394,266,0
IWM190920C158,2019-09-19,2019-09-19 09:34:15,0.4,1.0526,1,0.39,1.0263,177,0.37,0.9736,8,0.395,1.0394,266,0
IWM190920C158,2019-09-19,2019-09-19 09:34:15,0.4,1.0526,21,0.39,1.0263,215,0.37,0.9736,8,0.395,1.0394,266,0
IWM190920C158,2019-09-19,2019-09-19 09:34:16,0.4,1.0526,21,0.39,1.0263,255,0.37,0.9736,8,0.395,1.0394,266,0
IWM190920C158,2019-09-19,2019-09-19 09:34:17,0.41,1.0789,10,0.4,1.0526,78,0.4,1.0526,1,0.405,1.0657,267,1
IWM190920C158,2019-09-19,2019-09-19 09:34:18,0.41,1.0789,12,0.4,1.0526,83,0.4,1.0526,1,0.405,1.0657,267,0
IWM190920C158,2019-09-19,2019-09-19 09:34:18,0.41,1.0789,12,0.4,1.0526,198,0.4,1.0526,1,0.405,1.0657,267,0
IWM190920C158,2019-09-19,2019-09-19 09:34:19,0.42,1.1052,33,0.41,1.0789,70,0.4,1.0526,1,0.415,1.0921,267,0
IWM190920C158,2019-09-19,2019-09-19 09:34:19,0.42,1.1052,190,0.4,1.0526,70,0.4,1.0526,1,0.41,1.0789,267,0
IWM190920C158,2019-09-19,2019-09-19 09:34:20,0.42,1.1052,88,0.4,1.0526,105,0.4,1.0526,1,0.41,1.0789,267,0
IWM190920C158,2019-09-19,2019-09-19 09:34:20,0.42,1.1052,186,0.4,1.0526,105,0.4,1.0526,1,0.41,1.0789,267,0
IWM190920C158,2019-09-19,2019-09-19 09:34:21,0.42,1.1052,72,0.41,1.0789,121,0.4,1.0526,1,0.415,1.0921,267,0
IWM190920C158,2019-09-19,2019-09-19 09:34:21,0.42,1.1052,32,0.41,1.0789,70,0.4,1.0526,1,0.415,1.0921,267,0
IWM190920C158,2019-09-19,2019-09-19 09:34:22,0.42,1.1052,299,0.4,1.0526,46,0.4,1.0526,1,0.41,1.0789,267,0
IWM190920C158,2019-09-19,2019-09-19 09:34:22,0.42,1.1052,86,0.41,1.0789,51,0.4,1.0526,1,0.415,1.0921,267,0
IWM190920C158,2019-09-19,2019-09-19 09:34:23,0.41,1.0789,32,0.4,1.0526,70,0.4,1.0526,1,0.405,1.0657,267,0
IWM190920C158,2019-09-19,2019-09-19 09:34:23,0.42,1.1052,371,0.4,1.0526,158,0.4,1.0526,1,0.41,1.0789,267,0
IWM190920C158,2019-09-19,2019-09-19 09:34:24,0.41,1.0789,166,0.39,1.0263,58,0.4,1.0526,1,0.4,1.0526,267,0
IWM190920C158,2019-09-19,2019-09-19 09:34:24,0.41,1.0789,32,0.4,1.0526,51,0.4,1.0526,1,0.405,1.0657,267,0
IWM190920C158,2019-09-19,2019-09-19 09:34:25,0.42,1.1052,137,0.4,1.0526,70,0.4,1.0526,1,0.41,1.0789,267,0
IWM190920C158,2019-09-19,2019-09-19 09:34:25,0.41,1.0789,399,0.4,1.0526,30,0.4,1.0526,1,0.405,1.0657,267,0
IWM190920C158,2019-09-19,2019-09-19 09:34:26,0.42,1.1052,295,0.4,1.0526,78,0.4,1.0526,1,0.41,1.0789,267,0
IWM190920C158,2019-09-19,2019-09-19 09:34:26,0.42,1.1052,163,0.4,1.0526,163,0.4,1.0526,1,0.41,1.0789,267,0
IWM190920C158,2019-09-19,2019-09-19 09:34:27,0.41,1.0789,11,0.4,1.0526,71,0.4,1.0526,1,0.405,1.0657,267,0
IWM190920C158,2019-09-19,2019-09-19 09:34:27,0.41,1.0789,20,0.4,1.0526,52,0.4,1.0526,1,0.405,1.0657,267,0
IWM190920C158,2019-09-19,2019-09-19 09:34:28,0.41,1.0789,11,0.4,1.0526,52,0.4,1.0526,1,0.405,1.0657,267,0
IWM190920C158,2019-09-19,2019-09-19 09:34:28,0.41,1.0789,21,0.4,1.0526,52,0.4,1.0526,1,0.405,1.0657,267,0
IWM190920C158,2019-09-19,2019-09-19 09:34:29,0.41,1.0789,45,0.39,1.0263,70,0.4,1.0526,1,0.4,1.0526,267,0
IWM190920C158,2019-09-19,2019-09-19 09:34:30,0.4,1.0526,28,0.38,1.0,70,0.4,1.0526,1,0.39,1.0263,267,0
IWM190920C158,2019-09-19,2019-09-19 09:34:30,0.41,1.0789,38,0.39,1.0263,70,0.4,1.0526,1,0.4,1.0526,267,0
IWM190920C158,2019-09-19,2019-09-19 09:34:31,0.41,1.0789,311,0.39,1.0263,15,0.4,1.0526,1,0.4,1.0526,267,0
IWM190920C158,2019-09-19,2019-09-19 09:34:31,0.4,1.0526,28,0.39,1.0263,6,0.4,1.0526,1,0.395,1.0394,267,0
IWM190920C158,2019-09-19,2019-09-19 09:34:32,0.4,1.0526,91,0.38,1.0,70,0.4,1.0526,1,0.39,1.0263,267,0
IWM190920C158,2019-09-19,2019-09-19 09:34:32,0.4,1.0526,61,0.38,1.0,126,0.4,1.0526,1,0.39,1.0263,267,0
IWM190920C158,2019-09-19,2019-09-19 09:34:33,0.4,1.0526,1,0.39,1.0263,78,0.4,1.0526,1,0.395,1.0394,267,0
IWM190920C158,2019-09-19,2019-09-19 09:34:33,0.4,1.0526,24,0.39,1.0263,51,0.4,1.0526,1,0.395,1.0394,267,0
IWM190920C158,2019-09-19,2019-09-19 09:34:34,0.4,1.0526,1,0.39,1.0263,78,0.4,1.0526,1,0.395,1.0394,267,0
IWM190920C158,2019-09-19,2019-09-19 09:34:34,0.4,1.0526,1,0.39,1.0263,102,0.4,1.0526,1,0.395,1.0394,267,0
IWM190920C158,2019-09-19,2019-09-19 09:34:35,0.4,1.0526,6,0.39,1.0263,78,0.4,1.0526,1,0.395,1.0394,267,0
IWM190920C158,2019-09-19,2019-09-19 09:34:35,0.4,1.0526,10,0.39,1.0263,78,0.4,1.0526,1,0.395,1.0394,267,0
IWM190920C158,2019-09-19,2019-09-19 09:34:36,0.4,1.0526,10,0.39,1.0263,78,0.4,1.0526,1,0.395,1.0394,267,0
IWM190920C158,2019-09-19,2019-09-19 09:34:36,0.4,1.0526,1,0.39,1.0263,78,0.4,1.0526,1,0.395,1.0394,267,0
IWM190920C158,2019-09-19,2019-09-19 09:34:37,0.4,1.0526,10,0.39,1.0263,245,0.4,1.0526,1,0.395,1.0394,267,0
IWM190920C158,2019-09-19,2019-09-19 09:34:37,0.4,1.0526,10,0.39,1.0263,144,0.4,1.0526,1,0.395,1.0394,267,0
IWM190920C158,2019-09-19,2019-09-19 09:34:38,0.4,1.0526,10,0.39,1.0263,222,0.4,1.0526,1,0.395,1.0394,267,0
IWM190920C158,2019-09-19,2019-09-19 09:34:38,0.4,1.0526,10,0.4,1.0526,87,0.4,1.0526,1,0.4,1.0526,268,1
IWM190920C158,2019-09-19,2019-09-19 09:34:39,0.41,1.0789,10,0.4,1.0526,26,0.4,1.0526,1,0.405,1.0657,268,0
IWM190920C158,2019-09-19,2019-09-19 09:34:39,0.41,1.0789,10,0.4,1.0526,133,0.4,1.0526,1,0.405,1.0657,268,0
IWM190920C158,2019-09-19,2019-09-19 09:34:40,0.41,1.0789,3,0.4,1.0526,76,0.4,1.0526,1,0.405,1.0657,268,0
IWM190920C158,2019-09-19,2019-09-19 09:34:40,0.41,1.0789,3,0.4,1.0526,99,0.4,1.0526,1,0.405,1.0657,268,0
IWM190920C158,2019-09-19,2019-09-19 09:34:41,0.42,1.1052,86,0.4,1.0526,198,0.4,1.0526,1,0.41,1.0789,268,0
IWM190920C158,2019-09-19,2019-09-19 09:34:41,0.42,1.1052,211,0.4,1.0526,57,0.4,1.0526,1,0.41,1.0789,268,0
IWM190920C158,2019-09-19,2019-09-19 09:34:42,0.42,1.1052,390,0.4,1.0526,76,0.4,1.0526,1,0.41,1.0789,268,0
IWM190920C158,2019-09-19,2019-09-19 09:34:42,0.42,1.1052,424,0.4,1.0526,45,0.4,1.0526,1,0.41,1.0789,268,0
IWM190920C158,2019-09-19,2019-09-19 09:34:43,0.42,1.1052,101,0.4,1.0526,71,0.4,1.0526,1,0.41,1.0789,268,0
IWM190920C158,2019-09-19,2019-09-19 09:34:44,0.41,1.0789,44,0.4,1.0526,52,0.4,1.0526,1,0.405,1.0657,268,0
IWM190920C158,2019-09-19,2019-09-19 09:34:44,0.42,1.1052,218,0.4,1.0526,52,0.4,1.0526,1,0.41,1.0789,268,0
IWM190920C158,2019-09-19,2019-09-19 09:34:45,0.42,1.1052,140,0.4,1.0526,69,0.4,1.0526,1,0.41,1.0789,268,0
IWM190920C158,2019-09-19,2019-09-19 09:34:45,0.41,1.0789,113,0.4,1.0526,52,0.4,1.0526,1,0.405,1.0657,268,0
IWM190920C158,2019-09-19,2019-09-19 09:34:46,0.42,1.1052,224,0.4,1.0526,273,0.4,1.0526,1,0.41,1.0789,268,0
IWM190920C158,2019-09-19,2019-09-19 09:34:46,0.42,1.1052,37,0.41,1.0789,31,0.4,1.0526,1,0.415,1.0921,268,0
IWM190920C158,2019-09-19,2019-09-19 09:34:47,0.43,1.1315,134,0.41,1.0789,50,0.4,1.0526,1,0.42,1.1052,268,0
IWM190920C158,2019-09-19,2019-09-19 09:34:47,0.42,1.1052,76,0.41,1.0789,30,0.4,1.0526,1,0.415,1.0921,268,0
IWM190920C158,2019-09-19,2019-09-19 09:34:48,0.43,1.1315,330,0.41,1.0789,98,0.4,1.0526,1,0.42,1.1052,268,0
IWM190920C158,2019-09-19,2019-09-19 09:34:48,0.43,1.1315,330,0.42,1.1052,9,0.4,1.0526,1,0.425,1.1184,268,0
IWM190920C158,2019-09-19,2019-09-19 09:34:49,0.43,1.1315,335,0.41,1.0789,98,0.4,1.0526,1,0.42,1.1052,268,0
IWM190920C158,2019-09-19,2019-09-19 09:34:50,0.43,1.1315,340,0.41,1.0789,98,0.4,1.0526,1,0.42,1.1052,268,0
IWM190920C158,2019-09-19,2019-09-19 09:34:50,0.43,1.1315,340,0.41,1.0789,88,0.4,1.0526,1,0.42,1.1052,268,0
IWM190920C158,2019-09-19,2019-09-19 09:34:51,0.43,1.1315,340,0.41,1.0789,98,0.4,1.0526,1,0.42,1.1052,268,0
IWM190920C158,2019-09-19,2019-09-19 09:34:52,0.42,1.1052,338,0.4,1.0526,87,0.4,1.0526,1,0.41,1.0789,268,0
IWM190920C158,2019-09-19,2019-09-19 09:34:52,0.42,1.1052,318,0.4,1.0526,73,0.4,1.0526,1,0.41,1.0789,268,0
IWM190920C158,2019-09-19,2019-09-19 09:34:53,0.42,1.1052,376,0.4,1.0526,54,0.4,1.0526,1,0.41,1.0789,268,0
IWM190920C158,2019-09-19,2019-09-19 09:34:53,0.42,1.1052,352,0.4,1.0526,73,0.4,1.0526,1,0.41,1.0789,268,0
IWM190920C158,2019-09-19,2019-09-19 09:34:54,0.41,1.0789,22,0.4,1.0526,73,0.4,1.0526,1,0.405,1.0657,268,0
IWM190920C158,2019-09-19,2019-09-19 09:34:54,0.42,1.1052,88,0.4,1.0526,84,0.4,1.0526,1,0.41,1.0789,268,0
IWM190920C158,2019-09-19,2019-09-19 09:34:55,0.41,1.0789,44,0.41,1.0789,74,0.4,1.0526,1,0.41,1.0789,268,0
IWM190920C158,2019-09-19,2019-09-19 09:34:55,0.42,1.1052,88,0.41,1.0789,74,0.4,1.0526,1,0.415,1.0921,268,0
IWM190920C158,2019-09-19,2019-09-19 09:34:56,0.41,1.0789,170,0.41,1.0789,74,0.4,1.0526,1,0.41,1.0789,268,0
IWM190920C158,2019-09-19,2019-09-19 09:34:56,0.41,1.0789,150,0.39,1.0263,44,0.4,1.0526,1,0.4,1.0526,268,0
IWM190920C158,2019-09-19,2019-09-19 09:34:57,0.4,1.0526,40,0.39,1.0263,44,0.4,1.0526,1,0.395,1.0394,268,0
IWM190920C158,2019-09-19,2019-09-19 09:34:58,0.4,1.0526,41,0.38,1.0,34,0.4,1.0526,1,0.39,1.0263,268,0
IWM190920C158,2019-09-19,2019-09-19 09:34:58,0.4,1.0526,200,0.38,1.0,74,0.4,1.0526,1,0.39,1.0263,268,0
IWM190920C158,2019-09-19,2019-09-19 09:34:59,0.4,1.0526,147,0.38,1.0,74,0.4,1.0526,1,0.39,1.0263,268,0
IWM190920C158,2019-09-19,2019-09-19 09:34:59,0.39,1.0263,17,0.38,1.0,43,0.4,1.0526,1,0.385,1.0131,268,0
IWM190920C158,2019-09-19,2019-09-19 09:35:00,0.39,1.0263,36,0.38,1.0,23,0.4,1.0526,1,0.385,1.0131,268,0
IWM190920C158,2019-09-19,2019-09-19 09:35:00,0.39,1.0263,44,0.38,1.0,36,0.4,1.0526,1,0.385,1.0131,268,0
IWM190920C158,2019-09-19,2019-09-19 09:35:01,0.38,1.0,3,0.38,1.0,13,0.4,1.0526,1,0.38,1.0,268,0
IWM190920C158,2019-09-19,2019-09-19 09:35:01,0.39,1.0263,79,0.37,0.9736,65,0.4,1.0526,1,0.38,1.0,268,0
IWM190920C158,2019-09-19,2019-09-19 09:35:02,0.39,1.0263,108,0.37,0.9736,153,0.4,1.0526,1,0.38,1.0,268,0
IWM190920C158,2019-09-19,2019-09-19 09:35:02,0.39,1.0263,108,0.37,0.9736,65,0.4,1.0526,1,0.38,1.0,268,0
IWM190920C158,2019-09-19,2019-09-19 09:35:03,0.39,1.0263,32,0.38,1.0,21,0.4,1.0526,1,0.385,1.0131,268,0
IWM190920C158,2019-09-19,2019-09-19 09:35:03,0.39,1.0263,25,0.38,1.0,48,0.4,1.0526,1,0.385,1.0131,268,0
IWM190920C158,2019-09-19,2019-09-19 09:35:04,0.39,1.0263,113,0.37,0.9736,77,0.4,1.0526,1,0.38,1.0,268,0
IWM190920C158,2019-09-19,2019-09-19 09:35:04,0.39,1.0263,142,0.37,0.9736,123,0.4,1.0526,1,0.38,1.0,268,0
IWM190920C158,2019-09-19,2019-09-19 09:35:05,0.38,1.0,114,0.37,0.9736,20,0.4,1.0526,1,0.375,0.9868,268,0
IWM190920C158,2019-09-19,2019-09-19 09:35:05,0.38,1.0,67,0.37,0.9736,20,0.4,1.0526,1,0.375,0.9868,268,0
IWM190920C158,2019-09-19,2019-09-19 09:35:06,0.37,0.9736,11,0.36,0.9473,218,0.4,1.0526,1,0.365,0.9605,268,0
IWM190920C158,2019-09-19,2019-09-19 09:35:06,0.38,1.0,101,0.36,0.9473,364,0.4,1.0526,1,0.37,0.9736,268,0
IWM190920C158,2019-09-19,2019-09-19 09:35:07,0.38,1.0,22,0.37,0.9736,52,0.4,1.0526,1,0.375,0.9868,268,0
IWM190920C158,2019-09-19,2019-09-19 09:35:07,0.38,1.0,22,0.37,0.9736,76,0.4,1.0526,1,0.375,0.9868,268,0
IWM190920C158,2019-09-19,2019-09-19 09:35:08,0.37,0.9736,22,0.36,0.9473,139,0.4,1.0526,1,0.365,0.9605,268,0
IWM190920C158,2019-09-19,2019-09-19 09:35:08,0.38,1.0,97,0.37,0.9736,33,0.4,1.0526,1,0.375,0.9868,268,0
IWM190920C158,2019-09-19,2019-09-19 09:35:09,0.37,0.9736,22,0.36,0.9473,161,0.4,1.0526,1,0.365,0.9605,268,0
IWM190920C158,2019-09-19,2019-09-19 09:35:09,0.37,0.9736,22,0.36,0.9473,111,0.4,1.0526,1,0.365,0.9605,268,0
IWM190920C158,2019-09-19,2019-09-19 09:35:10,0.38,1.0,22,0.37,0.9736,79,0.4,1.0526,1,0.375,0.9868,268,0
IWM190920C158,2019-09-19,2019-09-19 09:35:10,0.38,1.0,37,0.37,0.9736,103,0.4,1.0526,1,0.375,0.9868,268,0
IWM190920C158,2019-09-19,2019-09-19 09:35:11,0.38,1.0,22,0.37,0.9736,79,0.4,1.0526,1,0.375,0.9868,268,0
IWM190920C158,2019-09-19,2019-09-19 09:35:11,0.38,1.0,22,0.37,0.9736,108,0.4,1.0526,1,0.375,0.9868,268,0
IWM190920C158,2019-09-19,2019-09-19 09:35:12,0.39,1.0263,81,0.38,1.0,50,0.4,1.0526,1,0.385,1.0131,268,0
IWM190920C158,2019-09-19,2019-09-19 09:35:12,0.38,1.0,22,0.37,0.9736,108,0.4,1.0526,1,0.375,0.9868,268,0
IWM190920C158,2019-09-19,2019-09-19 09:35:13,0.39,1.0263,80,0.38,1.0,83,0.4,1.0526,1,0.385,1.0131,268,0
IWM190920C158,2019-09-19,2019-09-19 09:35:14,0.39,1.0263,58,0.38,1.0,44,0.4,1.0526,1,0.385,1.0131,268,0
IWM190920C158,2019-09-19,2019-09-19 09:35:14,0.39,1.0263,74,0.38,1.0,34,0.4,1.0526,1,0.385,1.0131,268,0
IWM190920C158,2019-09-19,2019-09-19 09:35:15,0.39,1.0263,55,0.38,1.0,51,0.39,1.0263,1,0.385,1.0131,269,0
IWM190920C158,2019-09-19,2019-09-19 09:35:15,0.39,1.0263,55,0.38,1.0,51,0.39,1.0263,1,0.385,1.0131,269,1
IWM190920C158,2019-09-19,2019-09-19 09:35:16,0.39,1.0263,55,0.38,1.0,51,0.39,1.0263,1,0.385,1.0131,269,0
IWM190920C158,2019-09-19,2019-09-19 09:35:16,0.4,1.0526,59,0.38,1.0,51,0.39,1.0263,1,0.39,1.0263,269,0
IWM190920C158,2019-09-19,2019-09-19 09:35:17,0.4,1.0526,122,0.39,1.0263,110,0.39,1.0263,1,0.395,1.0394,269,0
IWM190920C158,2019-09-19,2019-09-19 09:35:17,0.4,1.0526,122,0.39,1.0263,155,0.39,1.0263,1,0.395,1.0394,269,0
IWM190920C158,2019-09-19,2019-09-19 09:35:18,0.4,1.0526,122,0.39,1.0263,135,0.39,1.0263,1,0.395,1.0394,269,0
IWM190920C158,2019-09-19,2019-09-19 09:35:18,0.4,1.0526,142,0.39,1.0263,4,0.39,1.0263,1,0.395,1.0394,269,0
IWM190920C158,2019-09-19,2019-09-19 09:35:19,0.4,1.0526,152,0.39,1.0263,4,0.39,1.0263,1,0.395,1.0394,269,0
IWM190920C158,2019-09-19,2019-09-19 09:35:19,0.4,1.0526,281,0.38,1.0,34,0.39,1.0263,1,0.39,1.0263,269,0
IWM190920C158,2019-09-19,2019-09-19 09:35:20,0.39,1.0263,36,0.38,1.0,34,0.39,1.0263,1,0.385,1.0131,269,0
IWM190920C158,2019-09-19,2019-09-19 09:35:20,0.39,1.0263,24,0.38,1.0,34,0.39,1.0263,1,0.385,1.0131,269,0
IWM190920C158,2019-09-19,2019-09-19 09:35:21,0.39,1.0263,110,0.38,1.0,15,0.39,1.0263,1,0.385,1.0131,269,0
IWM190920C158,2019-09-19,2019-09-19 09:35:21,0.39,1.0263,36,0.38,1.0,48,0.39,1.0263,1,0.385,1.0131,269,0
IWM190920C158,2019-09-19,2019-09-19 09:35:22,0.38,1.0,52,0.36,0.9473,95,0.39,1.0263,1,0.37,0.9736,269,0
IWM190920C158,2019-09-19,2019-09-19 09:35:22,0.37,0.9736,9,0.36,0.9473,46,0.39,1.0263,1,0.365,0.9605,269,0
IWM190920C158,2019-09-19,2019-09-19 09:35:23,0.38,1.0,25,0.37,0.9736,101,0.39,1.0263,1,0.375,0.9868,269,0
IWM190920C158,2019-09-19,2019-09-19 09:35:23,0.38,1.0,25,0.37,0.9736,74,0.39,1.0263,1,0.375,0.9868,269,0
IWM190920C158,2019-09-19,2019-09-19 09:35:24,0.38,1.0,25,0.37,0.9736,49,0.39,1.0263,1,0.375,0.9868,269,0
IWM190920C158,2019-09-19,2019-09-19 09:35:24,0.38,1.0,25,0.37,0.9736,42,0.39,1.0263,1,0.375,0.9868,269,0
IWM190920C158,2019-09-19,2019-09-19 09:35:25,0.39,1.0263,177,0.37,0.9736,36,0.39,1.0263,1,0.38,1.0,269,0
IWM190920C158,2019-09-19,2019-09-19 09:35:25,0.39,1.0263,95,0.37,0.9736,32,0.39,1.0263,1,0.38,1.0,269,0
IWM190920C158,2019-09-19,2019-09-19 09:35:26,0.39,1.0263,177,0.37,0.9736,43,0.39,1.0263,1,0.38,1.0,269,0
IWM190920C158,2019-09-19,2019-09-19 09:35:26,0.39,1.0263,56,0.38,1.0,60,0.39,1.0263,1,0.385,1.0131,269,0
IWM190920C158,2019-09-19,2019-09-19 09:35:27,0.39,1.0263,56,0.38,1.0,60,0.39,1.0263,1,0.385,1.0131,269,0
IWM190920C158,2019-09-19,2019-09-19 09:35:27,0.39,1.0263,126,0.37,0.9736,74,0.39,1.0263,1,0.38,1.0,269,0
IWM190920C158,2019-09-19,2019-09-19 09:35:28,0.39,1.0263,192,0.37,0.9736,116,0.39,1.0263,1,0.38,1.0,269,0
IWM190920C158,2019-09-19,2019-09-19 09:35:28,0.39,1.0263,80,0.38,1.0,43,0.39,1.0263,1,0.385,1.0131,269,0
IWM190920C158,2019-09-19,2019-09-19 09:35:29,0.39,1.0263,203,0.37,0.9736,27,0.39,1.0263,1,0.38,1.0,269,0
IWM190920C158,2019-09-19,2019-09-19 09:35:30,0.39,1.0263,56,0.38,1.0,48,0.39,1.0263,1,0.385,1.0131,269,0
IWM190920C158,2019-09-19,2019-09-19 09:35:31,0.39,1.0263,1,0.38,1.0,48,0.39,1.0263,1,0.385,1.0131,269,0
IWM190920C158,2019-09-19,2019-09-19 09:35:31,0.39,1.0263,20,0.38,1.0,72,0.39,1.0263,1,0.385,1.0131,269,0
IWM190920C158,2019-09-19,2019-09-19 09:35:32,0.39,1.0263,74,0.38,1.0,89,0.39,1.0263,1,0.385,1.0131,269,0
IWM190920C158,2019-09-19,2019-09-19 09:35:33,0.39,1.0263,39,0.38,1.0,32,0.39,1.0263,1,0.385,1.0131,269,0
IWM190920C158,2019-09-19,2019-09-19 09:35:33,0.39,1.0263,38,0.38,1.0,51,0.39,1.0263,1,0.385,1.0131,269,0
IWM190920C158,2019-09-19,2019-09-19 09:35:34,0.39,1.0263,96,0.38,1.0,19,0.39,1.0263,1,0.385,1.0131,269,0
IWM190920C158,2019-09-19,2019-09-19 09:35:34,0.39,1.0263,36,0.38,1.0,42,0.39,1.0263,1,0.385,1.0131,269,0
IWM190920C158,2019-09-19,2019-09-19 09:35:35,0.39,1.0263,74,0.38,1.0,37,0.39,1.0263,1,0.385,1.0131,269,0
IWM190920C158,2019-09-19,2019-09-19 09:35:35,0.39,1.0263,17,0.38,1.0,37,0.39,1.0263,1,0.385,1.0131,269,0
IWM190920C158,2019-09-19,2019-09-19 09:35:36,0.39,1.0263,17,0.38,1.0,49,0.39,1.0263,1,0.385,1.0131,269,0
IWM190920C158,2019-09-19,2019-09-19 09:35:36,0.39,1.0263,48,0.38,1.0,37,0.39,1.0263,1,0.385,1.0131,269,0
IWM190920C158,2019-09-19,2019-09-19 09:35:37,0.39,1.0263,46,0.38,1.0,37,0.39,1.0263,1,0.385,1.0131,269,0
IWM190920C158,2019-09-19,2019-09-19 09:35:38,0.39,1.0263,46,0.38,1.0,37,0.39,1.0263,1,0.385,1.0131,269,0
IWM190920C158,2019-09-19,2019-09-19 09:35:38,0.39,1.0263,30,0.38,1.0,111,0.39,1.0263,1,0.385,1.0131,269,0
IWM190920C158,2019-09-19,2019-09-19 09:35:39,0.39,1.0263,28,0.38,1.0,27,0.39,1.0263,1,0.385,1.0131,269,0
IWM190920C158,2019-09-19,2019-09-19 09:35:40,0.39,1.0263,46,0.38,1.0,27,0.39,1.0263,1,0.385,1.0131,269,0
IWM190920C158,2019-09-19,2019-09-19 09:35:40,0.39,1.0263,46,0.38,1.0,8,0.39,1.0263,1,0.385,1.0131,269,0
IWM190920C158,2019-09-19,2019-09-19 09:35:41,0.39,1.0263,32,0.37,0.9736,19,0.39,1.0263,1,0.38,1.0,269,0
IWM190920C158,2019-09-19,2019-09-19 09:35:41,0.39,1.0263,38,0.38,1.0,27,0.39,1.0263,1,0.385,1.0131,269,0
IWM190920C158,2019-09-19,2019-09-19 09:35:42,0.39,1.0263,136,0.37,0.9736,57,0.39,1.0263,1,0.38,1.0,269,0
IWM190920C158,2019-09-19,2019-09-19 09:35:42,0.39,1.0263,180,0.37,0.9736,79,0.39,1.0263,1,0.38,1.0,269,0
IWM190920C158,2019-09-19,2019-09-19 09:35:43,0.39,1.0263,84,0.37,0.9736,331,0.39,1.0263,1,0.38,1.0,269,0
IWM190920C158,2019-09-19,2019-09-19 09:35:43,0.39,1.0263,147,0.37,0.9736,320,0.39,1.0263,1,0.38,1.0,269,0
IWM190920C158,2019-09-19,2019-09-19 09:35:44,0.39,1.0263,100,0.37,0.9736,331,0.39,1.0263,1,0.38,1.0,269,0
IWM190920C158,2019-09-19,2019-09-19 09:35:45,0.39,1.0263,166,0.37,0.9736,22,0.39,1.0263,1,0.38,1.0,269,0
IWM190920C158,2019-09-19,2019-09-19 09:35:45,0.39,1.0263,166,0.37,0.9736,162,0.39,1.0263,1,0.38,1.0,269,0
IWM190920C158,2019-09-19,2019-09-19 09:35:46,0.38,1.0,49,0.37,0.9736,9,0.39,1.0263,1,0.375,0.9868,269,0
IWM190920C158,2019-09-19,2019-09-19 09:35:46,0.37,0.9736,5,0.36,0.9473,132,0.39,1.0263,1,0.365,0.9605,269,0
IWM190920C158,2019-09-19,2019-09-19 09:35:47,0.38,1.0,75,0.37,0.9736,30,0.39,1.0263,1,0.375,0.9868,269,0
IWM190920C158,2019-09-19,2019-09-19 09:35:47,0.37,0.9736,5,0.36,0.9473,213,0.39,1.0263,1,0.365,0.9605,269,0
IWM190920C158,2019-09-19,2019-09-19 09:35:48,0.38,1.0,132,0.36,0.9473,72,0.39,1.0263,1,0.37,0.9736,269,0
IWM190920C158,2019-09-19,2019-09-19 09:35:48,0.38,1.0,87,0.36,0.9473,195,0.39,1.0263,1,0.37,0.9736,269,0
IWM190920C158,2019-09-19,2019-09-19 09:35:49,0.38,1.0,20,0.37,0.9736,132,0.39,1.0263,1,0.375,0.9868,269,0
IWM190920C158,2019-09-19,2019-09-19 09:35:49,0.38,1.0,49,0.36,0.9473,195,0.39,1.0263,1,0.37,0.9736,269,0
IWM190920C158,2019-09-19,2019-09-19 09:35:50,0.39,1.0263,172,0.37,0.9736,85,0.39,1.0263,1,0.38,1.0,269,0
IWM190920C158,2019-09-19,2019-09-19 09:35:50,0.39,1.0263,130,0.38,1.0,9,0.39,1.0263,1,0.385,1.0131,269,0
IWM190920C158,2019-09-19,2019-09-19 09:35:51,0.38,1.0,69,0.37,0.9736,85,0.39,1.0263,1,0.375,0.9868,269,0
IWM190920C158,2019-09-19,2019-09-19 09:35:51,0.39,1.0263,118,0.37,0.9736,85,0.39,1.0263,1,0.38,1.0,269,0
IWM190920C158,2019-09-19,2019-09-19 09:35:52,0.38,1.0,69,0.37,0.9736,85,0.39,1.0263,1,0.375,0.9868,269,0
IWM190920C158,2019-09-19,2019-09-19 09:35:52,0.38,1.0,34,0.37,0.9736,22,0.39,1.0263,1,0.375,0.9868,269,0
IWM190920C158,2019-09-19,2019-09-19 09:35:53,0.38,1.0,49,0.37,0.9736,19,0.39,1.0263,1,0.375,0.9868,269,0
IWM190920C158,2019-09-19,2019-09-19 09:35:53,0.38,1.0,35,0.37,0.9736,22,0.39,1.0263,1,0.375,0.9868,269,0
IWM190920C158,2019-09-19,2019-09-19 09:35:54,0.38,1.0,154,0.37,0.9736,19,0.39,1.0263,1,0.375,0.9868,269,0
IWM190920C158,2019-09-19,2019-09-19 09:35:55,0.37,0.9736,46,0.36,0.9473,25,0.39,1.0263,1,0.365,0.9605,269,0
IWM190920C158,2019-09-19,2019-09-19 09:35:55,0.37,0.9736,46,0.36,0.9473,2,0.39,1.0263,1,0.365,0.9605,269,0
IWM190920C158,2019-09-19,2019-09-19 09:35:55,0.37,0.9736,48,0.36,0.9473,25,0.39,1.0263,1,0.365,0.9605,269,0
IWM190920C158,2019-09-19,2019-09-19 09:35:56,0.37,0.9736,61,0.36,0.9473,6,0.39,1.0263,1,0.365,0.9605,269,0
IWM190920C158,2019-09-19,2019-09-19 09:35:56,0.37,0.9736,48,0.36,0.9473,25,0.39,1.0263,1,0.365,0.9605,269,0
IWM190920C158,2019-09-19,2019-09-19 09:35:57,0.37,0.9736,102,0.36,0.9473,2,0.39,1.0263,1,0.365,0.9605,269,0
IWM190920C158,2019-09-19,2019-09-19 09:35:57,0.37,0.9736,61,0.36,0.9473,6,0.39,1.0263,1,0.365,0.9605,269,0
IWM190920C158,2019-09-19,2019-09-19 09:35:58,0.37,0.9736,35,0.36,0.9473,87,0.39,1.0263,1,0.365,0.9605,269,0
IWM190920C158,2019-09-19,2019-09-19 09:35:58,0.37,0.9736,69,0.36,0.9473,32,0.39,1.0263,1,0.365,0.9605,269,0
IWM190920C158,2019-09-19,2019-09-19 09:35:58,0.37,0.9736,63,0.36,0.9473,2,0.39,1.0263,1,0.365,0.9605,269,0
IWM190920C158,2019-09-19,2019-09-19 09:35:58,0.37,0.9736,69,0.36,0.9473,2,0.39,1.0263,1,0.365,0.9605,269,0
IWM190920C158,2019-09-19,2019-09-19 09:35:59,0.37,0.9736,66,0.36,0.9473,32,0.39,1.0263,1,0.365,0.9605,269,0
IWM190920C158,2019-09-19,2019-09-19 09:35:59,0.38,1.0,69,0.36,0.9473,32,0.39,1.0263,1,0.37,0.9736,269,0
IWM190920C158,2019-09-19,2019-09-19 09:35:59,0.37,0.9736,52,0.36,0.9473,32,0.39,1.0263,1,0.365,0.9605,269,0
IWM190920C158,2019-09-19,2019-09-19 09:35:59,0.38,1.0,86,0.36,0.9473,96,0.39,1.0263,1,0.37,0.9736,269,0
IWM190920C158,2019-09-19,2019-09-19 09:36:00,0.38,1.0,142,0.36,0.9473,202,0.39,1.0263,1,0.37,0.9736,269,0
IWM190920C158,2019-09-19,2019-09-19 09:36:00,0.38,1.0,115,0.36,0.9473,202,0.39,1.0263,1,0.37,0.9736,269,0
IWM190920C158,2019-09-19,2019-09-19 09:36:00,0.38,1.0,115,0.36,0.9473,151,0.39,1.0263,1,0.37,0.9736,269,0
IWM190920C158,2019-09-19,2019-09-19 09:36:01,0.38,1.0,111,0.36,0.9473,217,0.39,1.0263,1,0.37,0.9736,269,0
IWM190920C158,2019-09-19,2019-09-19 09:36:01,0.38,1.0,68,0.36,0.9473,122,0.39,1.0263,1,0.37,0.9736,269,0
IWM190920C158,2019-09-19,2019-09-19 09:36:01,0.39,1.0263,110,0.37,0.9736,68,0.39,1.0263,1,0.38,1.0,269,0
IWM190920C158,2019-09-19,2019-09-19 09:36:02,0.38,1.0,47,0.37,0.9736,72,0.39,1.0263,1,0.375,0.9868,269,0
IWM190920C158,2019-09-19,2019-09-19 09:36:02,0.39,1.0263,110,0.37,0.9736,67,0.39,1.0263,1,0.38,1.0,269,0
IWM190920C158,2019-09-19,2019-09-19 09:36:03,0.38,1.0,23,0.37,0.9736,97,0.39,1.0263,1,0.375,0.9868,269,0
IWM190920C158,2019-09-19,2019-09-19 09:36:03,0.38,1.0,23,0.37,0.9736,72,0.39,1.0263,1,0.375,0.9868,269,0
IWM190920C158,2019-09-19,2019-09-19 09:36:04,0.38,1.0,23,0.37,0.9736,97,0.39,1.0263,1,0.375,0.9868,269,0
IWM190920C158,2019-09-19,2019-09-19 09:36:04,0.39,1.0263,144,0.37,0.9736,48,0.39,1.0263,1,0.38,1.0,269,0
IWM190920C158,2019-09-19,2019-09-19 09:36:04,0.38,1.0,17,0.37,0.9736,97,0.39,1.0263,1,0.375,0.9868,269,0
IWM190920C158,2019-09-19,2019-09-19 09:36:05,0.39,1.0263,17,0.38,1.0,95,0.39,1.0263,1,0.385,1.0131,269,0
IWM190920C158,2019-09-19,2019-09-19 09:36:05,0.39,1.0263,17,0.38,1.0,28,0.39,1.0263,1,0.385,1.0131,269,0
IWM190920C158,2019-09-19,2019-09-19 09:36:06,0.39,1.0263,1,0.38,1.0,95,0.39,1.0263,1,0.385,1.0131,269,-1
IWM190920C158,2019-09-19,2019-09-19 09:36:06,0.39,1.0263,1,0.39,1.0263,71,0.39,1.0263,1,0.39,1.0263,270,1
IWM190920C158,2019-09-19,2019-09-19 09:36:06,0.39,1.0263,1,0.38,1.0,95,0.39,1.0263,1,0.385,1.0131,269,0
IWM190920C158,2019-09-19,2019-09-19 09:36:07,0.4,1.0526,21,0.39,1.0263,71,0.39,1.0263,1,0.395,1.0394,270,1
IWM190920C158,2019-09-19,2019-09-19 09:36:07,0.4,1.0526,21,0.39,1.0263,71,0.39,1.0263,1,0.395,1.0394,270,0
IWM190920C158,2019-09-19,2019-09-19 09:36:07,0.4,1.0526,7,0.39,1.0263,71,0.39,1.0263,1,0.395,1.0394,270,0
IWM190920C158,2019-09-19,2019-09-19 09:36:08,0.4,1.0526,13,0.39,1.0263,72,0.39,1.0263,1,0.395,1.0394,270,0
IWM190920C158,2019-09-19,2019-09-19 09:36:08,0.4,1.0526,13,0.39,1.0263,149,0.39,1.0263,1,0.395,1.0394,270,0
IWM190920C158,2019-09-19,2019-09-19 09:36:08,0.4,1.0526,13,0.39,1.0263,213,0.39,1.0263,1,0.395,1.0394,270,0
IWM190920C158,2019-09-19,2019-09-19 09:36:09,0.4,1.0526,13,0.39,1.0263,72,0.39,1.0263,1,0.395,1.0394,270,0
IWM190920C158,2019-09-19,2019-09-19 09:36:09,0.4,1.0526,41,0.39,1.0263,111,0.39,1.0263,1,0.395,1.0394,270,0
IWM190920C158,2019-09-19,2019-09-19 09:36:09,0.41,1.0789,95,0.39,1.0263,72,0.39,1.0263,1,0.4,1.0526,270,0
IWM190920C158,2019-09-19,2019-09-19 09:36:09,0.4,1.0526,19,0.39,1.0263,111,0.39,1.0263,1,0.395,1.0394,270,0
IWM190920C158,2019-09-19,2019-09-19 09:36:10,0.4,1.0526,19,0.39,1.0263,118,0.39,1.0263,1,0.395,1.0394,270,0
IWM190920C158,2019-09-19,2019-09-19 09:36:10,0.41,1.0789,124,0.39,1.0263,291,0.39,1.0263,1,0.4,1.0526,270,0
IWM190920C158,2019-09-19,2019-09-19 09:36:10,0.41,1.0789,76,0.39,1.0263,93,0.39,1.0263,1,0.4,1.0526,270,0
IWM190920C158,2019-09-19,2019-09-19 09:36:11,0.41,1.0789,133,0.4,1.0526,17,0.39,1.0263,1,0.405,1.0657,270,0
IWM190920C158,2019-09-19,2019-09-19 09:36:11,0.41,1.0789,124,0.39,1.0263,154,0.39,1.0263,1,0.4,1.0526,270,0
IWM190920C158,2019-09-19,2019-09-19 09:36:12,0.4,1.0526,82,0.38,1.0,63,0.39,1.0263,1,0.39,1.0263,270,0
IWM190920C158,2019-09-19,2019-09-19 09:36:12,0.4,1.0526,82,0.39,1.0263,32,0.39,1.0263,1,0.395,1.0394,270,0
IWM190920C158,2019-09-19,2019-09-19 09:36:12,0.41,1.0789,67,0.39,1.0263,32,0.39,1.0263,1,0.4,1.0526,270,0
IWM190920C158,2019-09-19,2019-09-19 09:36:13,0.4,1.0526,1,0.39,1.0263,135,0.39,1.0263,1,0.395,1.0394,270,0
IWM190920C158,2019-09-19,2019-09-19 09:36:13,0.4,1.0526,10,0.39,1.0263,121,0.39,1.0263,1,0.395,1.0394,270,0
IWM190920C158,2019-09-19,2019-09-19 09:36:13,0.4,1.0526,1,0.39,1.0263,121,0.39,1.0263,1,0.395,1.0394,270,0
IWM190920C158,2019-09-19,2019-09-19 09:36:14,0.41,1.0789,1,0.4,1.0526,19,0.39,1.0263,1,0.405,1.0657,270,0
IWM190920C158,2019-09-19,2019-09-19 09:36:14,0.4,1.0526,28,0.39,1.0263,85,0.39,1.0263,1,0.395,1.0394,270,0
IWM190920C158,2019-09-19,2019-09-19 09:36:14,0.42,1.1052,20,0.4,1.0526,19,0.39,1.0263,1,0.41,1.0789,270,0
IWM190920C158,2019-09-19,2019-09-19 09:36:15,0.42,1.1052,20,0.41,1.0789,32,0.39,1.0263,1,0.415,1.0921,270,0
IWM190920C158,2019-09-19,2019-09-19 09:36:15,0.42,1.1052,10,0.41,1.0789,32,0.39,1.0263,1,0.415,1.0921,270,0
IWM190920C158,2019-09-19,2019-09-19 09:36:15,0.42,1.1052,1,0.41,1.0789,32,0.39,1.0263,1,0.415,1.0921,270,0
IWM190920C158,2019-09-19,2019-09-19 09:36:15,0.42,1.1052,10,0.41,1.0789,132,0.39,1.0263,1,0.415,1.0921,270,0
IWM190920C158,2019-09-19,2019-09-19 09:36:16,0.42,1.1052,10,0.41,1.0789,132,0.39,1.0263,1,0.415,1.0921,270,0
IWM190920C158,2019-09-19,2019-09-19 09:36:16,0.42,1.1052,10,0.41,1.0789,156,0.39,1.0263,1,0.415,1.0921,270,0
IWM190920C158,2019-09-19,2019-09-19 09:36:16,0.42,1.1052,20,0.41,1.0789,156,0.39,1.0263,1,0.415,1.0921,270,0
IWM190920C158,2019-09-19,2019-09-19 09:36:17,0.42,1.1052,10,0.41,1.0789,198,0.39,1.0263,1,0.415,1.0921,270,0
IWM190920C158,2019-09-19,2019-09-19 09:36:17,0.42,1.1052,10,0.41,1.0789,241,0.39,1.0263,1,0.415,1.0921,270,0
IWM190920C158,2019-09-19,2019-09-19 09:36:17,0.42,1.1052,10,0.41,1.0789,156,0.39,1.0263,1,0.415,1.0921,270,0
IWM190920C158,2019-09-19,2019-09-19 09:36:18,0.43,1.1315,22,0.42,1.1052,107,0.39,1.0263,1,0.425,1.1184,270,0
IWM190920C158,2019-09-19,2019-09-19 09:36:18,0.43,1.1315,40,0.42,1.1052,83,0.39,1.0263,1,0.425,1.1184,270,0
IWM190920C158,2019-09-19,2019-09-19 09:36:18,0.42,1.1052,1,0.41,1.0789,241,0.39,1.0263,1,0.415,1.0921,270,0
IWM190920C158,2019-09-19,2019-09-19 09:36:18,0.43,1.1315,32,0.42,1.1052,83,0.39,1.0263,1,0.425,1.1184,270,0
IWM190920C158,2019-09-19,2019-09-19 09:36:19,0.43,1.1315,30,0.42,1.1052,52,0.39,1.0263,1,0.425,1.1184,270,0
IWM190920C158,2019-09-19,2019-09-19 09:36:19,0.43,1.1315,20,0.42,1.1052,86,0.39,1.0263,1,0.425,1.1184,270,0
IWM190920C158,2019-09-19,2019-09-19 09:36:19,0.43,1.1315,22,0.42,1.1052,83,0.39,1.0263,1,0.425,1.1184,270,0
IWM190920C158,2019-09-19,2019-09-19 09:36:19,0.43,1.1315,22,0.42,1.1052,52,0.39,1.0263,1,0.425,1.1184,270,0
IWM190920C158,2019-09-19,2019-09-19 09:36:20,0.43,1.1315,10,0.42,1.1052,236,0.39,1.0263,1,0.425,1.1184,270,0
IWM190920C158,2019-09-19,2019-09-19 09:36:20,0.43,1.1315,20,0.42,1.1052,97,0.39,1.0263,1,0.425,1.1184,270,0
IWM190920C158,2019-09-19,2019-09-19 09:36:21,0.43,1.1315,33,0.42,1.1052,86,0.39,1.0263,1,0.425,1.1184,270,0
IWM190920C158,2019-09-19,2019-09-19 09:36:21,0.43,1.1315,10,0.42,1.1052,169,0.39,1.0263,1,0.425,1.1184,270,0
IWM190920C158,2019-09-19,2019-09-19 09:36:22,0.43,1.1315,108,0.41,1.0789,217,0.39,1.0263,1,0.42,1.1052,270,0
IWM190920C158,2019-09-19,2019-09-19 09:36:22,0.43,1.1315,39,0.42,1.1052,107,0.39,1.0263,1,0.425,1.1184,270,0
IWM190920C158,2019-09-19,2019-09-19 09:36:23,0.43,1.1315,28,0.42,1.1052,59,0.39,1.0263,1,0.425,1.1184,270,0
IWM190920C158,2019-09-19,2019-09-19 09:36:23,0.43,1.1315,27,0.42,1.1052,158,0.39,1.0263,1,0.425,1.1184,270,0
IWM190920C158,2019-09-19,2019-09-19 09:36:23,0.43,1.1315,35,0.42,1.1052,206,0.43,1.1315,10,0.425,1.1184,280,10
IWM190920C158,2019-09-19,2019-09-19 09:36:23,0.43,1.1315,52,0.42,1.1052,59,0.39,1.0263,1,0.425,1.1184,270,0
IWM190920C158,2019-09-19,2019-09-19 09:36:24,0.43,1.1315,35,0.42,1.1052,171,0.43,1.1315,10,0.425,1.1184,280,0
IWM190920C158,2019-09-19,2019-09-19 09:36:24,0.43,1.1315,35,0.42,1.1052,276,0.43,1.1315,10,0.425,1.1184,280,0
IWM190920C158,2019-09-19,2019-09-19 09:36:24,0.43,1.1315,35,0.42,1.1052,214,0.43,1.1315,10,0.425,1.1184,280,0
IWM190920C158,2019-09-19,2019-09-19 09:36:25,0.43,1.1315,25,0.42,1.1052,190,0.43,1.1315,10,0.425,1.1184,280,0
IWM190920C158,2019-09-19,2019-09-19 09:36:25,0.43,1.1315,37,0.42,1.1052,190,0.43,1.1315,10,0.425,1.1184,280,0
IWM190920C158,2019-09-19,2019-09-19 09:36:25,0.43,1.1315,24,0.42,1.1052,139,0.43,1.1315,10,0.425,1.1184,280,0
IWM190920C158,2019-09-19,2019-09-19 09:36:26,0.43,1.1315,24,0.42,1.1052,192,0.43,1.1315,10,0.425,1.1184,280,0
IWM190920C158,2019-09-19,2019-09-19 09:36:26,0.44,1.1578,71,0.42,1.1052,126,0.43,1.1315,10,0.43,1.1315,280,0
IWM190920C158,2019-09-19,2019-09-19 09:36:26,0.43,1.1315,42,0.42,1.1052,126,0.43,1.1315,10,0.425,1.1184,280,0
IWM190920C158,2019-09-19,2019-09-19 09:36:27,0.43,1.1315,36,0.42,1.1052,197,0.43,1.1315,1,0.425,1.1184,281,0
IWM190920C158,2019-09-19,2019-09-19 09:36:27,0.43,1.1315,42,0.42,1.1052,258,0.43,1.1315,1,0.425,1.1184,281,1
IWM190920C158,2019-09-19,2019-09-19 09:36:27,0.43,1.1315,42,0.42,1.1052,180,0.43,1.1315,10,0.425,1.1184,280,0
IWM190920C158,2019-09-19,2019-09-19 09:36:28,0.43,1.1315,9,0.42,1.1052,70,0.43,1.1315,1,0.425,1.1184,281,0
IWM190920C158,2019-09-19,2019-09-19 09:36:28,0.43,1.1315,31,0.42,1.1052,140,0.43,1.1315,1,0.425,1.1184,281,0
IWM190920C158,2019-09-19,2019-09-19 09:36:28,0.44,1.1578,91,0.42,1.1052,140,0.43,1.1315,1,0.43,1.1315,281,0
IWM190920C158,2019-09-19,2019-09-19 09:36:29,0.43,1.1315,25,0.42,1.1052,81,0.43,1.1315,1,0.425,1.1184,281,0
IWM190920C158,2019-09-19,2019-09-19 09:36:29,0.43,1.1315,20,0.42,1.1052,81,0.43,1.1315,1,0.425,1.1184,281,0
IWM190920C158,2019-09-19,2019-09-19 09:36:29,0.43,1.1315,31,0.42,1.1052,73,0.43,1.1315,1,0.425,1.1184,281,0
IWM190920C158,2019-09-19,2019-09-19 09:36:30,0.44,1.1578,43,0.43,1.1315,125,0.43,1.1315,1,0.435,1.1447,281,0
IWM190920C158,2019-09-19,2019-09-19 09:36:30,0.44,1.1578,43,0.43,1.1315,95,0.43,1.1315,1,0.435,1.1447,281,0
IWM190920C158,2019-09-19,2019-09-19 09:36:30,0.44,1.1578,25,0.43,1.1315,92,0.43,1.1315,1,0.435,1.1447,281,0
IWM190920C158,2019-09-19,2019-09-19 09:36:30,0.44,1.1578,25,0.43,1.1315,134,0.43,1.1315,1,0.435,1.1447,281,0
IWM190920C158,2019-09-19,2019-09-19 09:36:31,0.44,1.1578,25,0.43,1.1315,137,0.43,1.1315,1,0.435,1.1447,281,0
IWM190920C158,2019-09-19,2019-09-19 09:36:31,0.44,1.1578,25,0.43,1.1315,268,0.43,1.1315,1,0.435,1.1447,281,0
IWM190920C158,2019-09-19,2019-09-19 09:36:31,0.44,1.1578,25,0.43,1.1315,202,0.43,1.1315,1,0.435,1.1447,281,0
IWM190920C158,2019-09-19,2019-09-19 09:36:32,0.44,1.1578,44,0.43,1.1315,268,0.43,1.1315,1,0.435,1.1447,281,0
IWM190920C158,2019-09-19,2019-09-19 09:36:32,0.44,1.1578,44,0.43,1.1315,150,0.43,1.1315,1,0.435,1.1447,281,0
IWM190920C158,2019-09-19,2019-09-19 09:36:33,0.45,1.1842,26,0.44,1.1578,52,0.43,1.1315,1,0.445,1.171,281,0
IWM190920C158,2019-09-19,2019-09-19 09:36:33,0.45,1.1842,9,0.44,1.1578,52,0.43,1.1315,1,0.445,1.171,281,0
IWM190920C158,2019-09-19,2019-09-19 09:36:33,0.45,1.1842,9,0.44,1.1578,204,0.43,1.1315,1,0.445,1.171,281,0
IWM190920C158,2019-09-19,2019-09-19 09:36:34,0.45,1.1842,17,0.44,1.1578,96,0.43,1.1315,1,0.445,1.171,281,0
IWM190920C158,2019-09-19,2019-09-19 09:36:34,0.45,1.1842,24,0.44,1.1578,96,0.43,1.1315,1,0.445,1.171,281,0
IWM190920C158,2019-09-19,2019-09-19 09:36:35,0.45,1.1842,8,0.44,1.1578,200,0.43,1.1315,1,0.445,1.171,281,0
IWM190920C158,2019-09-19,2019-09-19 09:36:35,0.45,1.1842,17,0.44,1.1578,96,0.43,1.1315,1,0.445,1.171,281,0
IWM190920C158,2019-09-19,2019-09-19 09:36:35,0.45,1.1842,9,0.44,1.1578,318,0.43,1.1315,1,0.445,1.171,281,0
IWM190920C158,2019-09-19,2019-09-19 09:36:36,0.45,1.1842,9,0.44,1.1578,253,0.43,1.1315,1,0.445,1.171,281,0
IWM190920C158,2019-09-19,2019-09-19 09:36:36,0.45,1.1842,9,0.44,1.1578,226,0.43,1.1315,1,0.445,1.171,281,0
IWM190920C158,2019-09-19,2019-09-19 09:36:37,0.45,1.1842,30,0.44,1.1578,226,0.43,1.1315,1,0.445,1.171,281,0
IWM190920C158,2019-09-19,2019-09-19 09:36:37,0.45,1.1842,9,0.44,1.1578,226,0.43,1.1315,1,0.445,1.171,281,0
IWM190920C158,2019-09-19,2019-09-19 09:36:38,0.45,1.1842,30,0.44,1.1578,122,0.43,1.1315,1,0.445,1.171,281,0
IWM190920C158,2019-09-19,2019-09-19 09:36:38,0.45,1.1842,30,0.44,1.1578,149,0.43,1.1315,1,0.445,1.171,281,0
IWM190920C158,2019-09-19,2019-09-19 09:36:39,0.45,1.1842,20,0.44,1.1578,219,0.43,1.1315,1,0.445,1.171,281,0
IWM190920C158,2019-09-19,2019-09-19 09:36:39,0.45,1.1842,30,0.44,1.1578,213,0.43,1.1315,1,0.445,1.171,281,0
IWM190920C158,2019-09-19,2019-09-19 09:36:39,0.45,1.1842,30,0.44,1.1578,219,0.43,1.1315,1,0.445,1.171,281,0
IWM190920C158,2019-09-19,2019-09-19 09:36:40,0.45,1.1842,30,0.44,1.1578,214,0.43,1.1315,1,0.445,1.171,281,0
IWM190920C158,2019-09-19,2019-09-19 09:36:40,0.45,1.1842,20,0.44,1.1578,204,0.43,1.1315,1,0.445,1.171,281,0
IWM190920C158,2019-09-19,2019-09-19 09:36:41,0.46,1.2105,57,0.44,1.1578,146,0.43,1.1315,1,0.45,1.1842,281,0
IWM190920C158,2019-09-19,2019-09-19 09:36:41,0.45,1.1842,20,0.44,1.1578,202,0.43,1.1315,1,0.445,1.171,281,0
IWM190920C158,2019-09-19,2019-09-19 09:36:42,0.46,1.2105,57,0.44,1.1578,146,0.43,1.1315,1,0.45,1.1842,281,0
IWM190920C158,2019-09-19,2019-09-19 09:36:42,0.45,1.1842,8,0.44,1.1578,123,0.43,1.1315,1,0.445,1.171,281,0
IWM190920C158,2019-09-19,2019-09-19 09:36:42,0.46,1.2105,31,0.45,1.1842,297,0.43,1.1315,1,0.455,1.1973,281,0
IWM190920C158,2019-09-19,2019-09-19 09:36:42,0.46,1.2105,31,0.45,1.1842,19,0.43,1.1315,1,0.455,1.1973,281,0
IWM190920C158,2019-09-19,2019-09-19 09:36:43,0.46,1.2105,31,0.45,1.1842,317,0.43,1.1315,1,0.455,1.1973,281,0
IWM190920C158,2019-09-19,2019-09-19 09:36:43,0.47,1.2368,45,0.46,1.2105,89,0.46,1.2105,1,0.465,1.2236,286,0
IWM190920C158,2019-09-19,2019-09-19 09:36:43,0.46,1.2105,31,0.45,1.1842,290,0.43,1.1315,1,0.455,1.1973,281,0
IWM190920C158,2019-09-19,2019-09-19 09:36:43,0.46,1.2105,31,0.45,1.1842,326,0.46,1.2105,1,0.455,1.1973,286,5
IWM190920C158,2019-09-19,2019-09-19 09:36:44,0.47,1.2368,45,0.46,1.2105,54,0.46,1.2105,1,0.465,1.2236,286,0
IWM190920C158,2019-09-19,2019-09-19 09:36:44,0.47,1.2368,48,0.46,1.2105,61,0.46,1.2105,1,0.465,1.2236,286,0
IWM190920C158,2019-09-19,2019-09-19 09:36:44,0.47,1.2368,61,0.46,1.2105,85,0.46,1.2105,1,0.465,1.2236,286,0
IWM190920C158,2019-09-19,2019-09-19 09:36:45,0.47,1.2368,8,0.47,1.2368,71,0.46,1.2105,1,0.47,1.2368,286,0
IWM190920C158,2019-09-19,2019-09-19 09:36:45,0.47,1.2368,8,0.47,1.2368,79,0.46,1.2105,1,0.47,1.2368,286,0
IWM190920C158,2019-09-19,2019-09-19 09:36:45,0.47,1.2368,48,0.46,1.2105,61,0.46,1.2105,1,0.465,1.2236,286,0
IWM190920C158,2019-09-19,2019-09-19 09:36:45,0.47,1.2368,8,0.46,1.2105,147,0.46,1.2105,1,0.465,1.2236,286,0
IWM190920C158,2019-09-19,2019-09-19 09:36:46,0.48,1.2631,48,0.47,1.2368,79,0.46,1.2105,1,0.475,1.25,286,0
IWM190920C158,2019-09-19,2019-09-19 09:36:46,0.48,1.2631,86,0.47,1.2368,79,0.46,1.2105,1,0.475,1.25,286,0
IWM190920C158,2019-09-19,2019-09-19 09:36:47,0.48,1.2631,86,0.47,1.2368,71,0.46,1.2105,1,0.475,1.25,286,0
IWM190920C158,2019-09-19,2019-09-19 09:36:47,0.48,1.2631,70,0.47,1.2368,99,0.46,1.2105,1,0.475,1.25,286,0
IWM190920C158,2019-09-19,2019-09-19 09:36:47,0.48,1.2631,84,0.47,1.2368,99,0.46,1.2105,1,0.475,1.25,286,0
IWM190920C158,2019-09-19,2019-09-19 09:36:48,0.48,1.2631,43,0.47,1.2368,103,0.46,1.2105,1,0.475,1.25,286,0
IWM190920C158,2019-09-19,2019-09-19 09:36:48,0.48,1.2631,27,0.47,1.2368,236,0.46,1.2105,1,0.475,1.25,286,0
IWM190920C158,2019-09-19,2019-09-19 09:36:48,0.48,1.2631,70,0.47,1.2368,99,0.46,1.2105,1,0.475,1.25,286,0
IWM190920C158,2019-09-19,2019-09-19 09:36:48,0.48,1.2631,50,0.47,1.2368,103,0.46,1.2105,1,0.475,1.25,286,0
IWM190920C158,2019-09-19,2019-09-19 09:36:49,0.48,1.2631,43,0.47,1.2368,79,0.46,1.2105,1,0.475,1.25,286,0
IWM190920C158,2019-09-19,2019-09-19 09:36:49,0.48,1.2631,58,0.47,1.2368,96,0.46,1.2105,1,0.475,1.25,286,0
IWM190920C158,2019-09-19,2019-09-19 09:36:50,0.48,1.2631,24,0.48,1.2631,71,0.46,1.2105,1,0.48,1.2631,286,0
IWM190920C158,2019-09-19,2019-09-19 09:36:50,0.48,1.2631,20,0.48,1.2631,18,0.46,1.2105,1,0.48,1.2631,286,0
IWM190920C158,2019-09-19,2019-09-19 09:36:50,0.49,1.2894,103,0.48,1.2631,71,0.46,1.2105,1,0.485,1.2763,286,0
IWM190920C158,2019-09-19,2019-09-19 09:36:51,0.48,1.2631,41,0.48,1.2631,18,0.46,1.2105,1,0.48,1.2631,286,0
IWM190920C158,2019-09-19,2019-09-19 09:36:51,0.48,1.2631,24,0.47,1.2368,57,0.46,1.2105,1,0.475,1.25,286,0
IWM190920C158,2019-09-19,2019-09-19 09:36:51,0.48,1.2631,49,0.47,1.2368,57,0.46,1.2105,1,0.475,1.25,286,0
IWM190920C158,2019-09-19,2019-09-19 09:36:52,0.48,1.2631,24,0.47,1.2368,57,0.46,1.2105,1,0.475,1.25,286,0
IWM190920C158,2019-09-19,2019-09-19 09:36:52,0.48,1.2631,37,0.47,1.2368,57,0.46,1.2105,1,0.475,1.25,286,0
IWM190920C158,2019-09-19,2019-09-19 09:36:53,0.48,1.2631,37,0.47,1.2368,86,0.46,1.2105,1,0.475,1.25,286,0
IWM190920C158,2019-09-19,2019-09-19 09:36:53,0.48,1.2631,9,0.47,1.2368,86,0.46,1.2105,1,0.475,1.25,286,0
IWM190920C158,2019-09-19,2019-09-19 09:36:53,0.49,1.2894,99,0.47,1.2368,86,0.46,1.2105,1,0.48,1.2631,286,0
IWM190920C158,2019-09-19,2019-09-19 09:36:54,0.49,1.2894,118,0.48,1.2631,71,0.46,1.2105,1,0.485,1.2763,286,0
IWM190920C158,2019-09-19,2019-09-19 09:36:54,0.48,1.2631,8,0.47,1.2368,127,0.46,1.2105,1,0.475,1.25,286,0
IWM190920C158,2019-09-19,2019-09-19 09:36:54,0.48,1.2631,10,0.47,1.2368,77,0.46,1.2105,1,0.475,1.25,286,0
IWM190920C158,2019-09-19,2019-09-19 09:36:54,0.48,1.2631,10,0.47,1.2368,71,0.46,1.2105,1,0.475,1.25,286,0
IWM190920C158,2019-09-19,2019-09-19 09:36:55,0.49,1.2894,58,0.48,1.2631,79,0.46,1.2105,1,0.485,1.2763,286,0
IWM190920C158,2019-09-19,2019-09-19 09:36:55,0.49,1.2894,80,0.48,1.2631,52,0.46,1.2105,1,0.485,1.2763,286,0
IWM190920C158,2019-09-19,2019-09-19 09:36:55,0.49,1.2894,66,0.48,1.2631,52,0.46,1.2105,1,0.485,1.2763,286,0
IWM190920C158,2019-09-19,2019-09-19 09:36:55,0.48,1.2631,8,0.47,1.2368,137,0.46,1.2105,1,0.475,1.25,286,0
IWM190920C158,2019-09-19,2019-09-19 09:36:56,0.49,1.2894,100,0.48,1.2631,52,0.46,1.2105,1,0.485,1.2763,286,0
IWM190920C158,2019-09-19,2019-09-19 09:36:57,0.48,1.2631,17,0.47,1.2368,97,0.46,1.2105,1,0.475,1.25,286,0
IWM190920C158,2019-09-19,2019-09-19 09:36:57,0.48,1.2631,17,0.47,1.2368,201,0.46,1.2105,1,0.475,1.25,286,0
IWM190920C158,2019-09-19,2019-09-19 09:36:57,0.49,1.2894,86,0.47,1.2368,97,0.46,1.2105,1,0.48,1.2631,286,0
IWM190920C158,2019-09-19,2019-09-19 09:36:58,0.49,1.2894,112,0.47,1.2368,336,0.46,1.2105,1,0.48,1.2631,286,0
IWM190920C158,2019-09-19,2019-09-19 09:36:58,0.49,1.2894,79,0.47,1.2368,201,0.46,1.2105,1,0.48,1.2631,286,0
IWM190920C158,2019-09-19,2019-09-19 09:36:58,0.48,1.2631,17,0.47,1.2368,201,0.46,1.2105,1,0.475,1.25,286,0
IWM190920C158,2019-09-19,2019-09-19 09:36:59,0.49,1.2894,40,0.48,1.2631,71,0.46,1.2105,1,0.485,1.2763,286,0
IWM190920C158,2019-09-19,2019-09-19 09:36:59,0.49,1.2894,60,0.48,1.2631,87,0.46,1.2105,1,0.485,1.2763,286,0
IWM190920C158,2019-09-19,2019-09-19 09:36:59,0.49,1.2894,40,0.48,1.2631,95,0.46,1.2105,1,0.485,1.2763,286,0
IWM190920C158,2019-09-19,2019-09-19 09:36:59,0.49,1.2894,112,0.47,1.2368,336,0.46,1.2105,1,0.48,1.2631,286,0
IWM190920C158,2019-09-19,2019-09-19 09:37:00,0.49,1.2894,51,0.48,1.2631,71,0.46,1.2105,1,0.485,1.2763,286,0
IWM190920C158,2019-09-19,2019-09-19 09:37:00,0.49,1.2894,46,0.48,1.2631,71,0.46,1.2105,1,0.485,1.2763,286,0
IWM190920C158,2019-09-19,2019-09-19 09:37:01,0.48,1.2631,43,0.46,1.2105,235,0.46,1.2105,1,0.47,1.2368,286,0
IWM190920C158,2019-09-19,2019-09-19 09:37:01,0.48,1.2631,40,0.47,1.2368,37,0.46,1.2105,1,0.475,1.25,286,0
IWM190920C158,2019-09-19,2019-09-19 09:37:01,0.48,1.2631,20,0.47,1.2368,20,0.46,1.2105,1,0.475,1.25,286,0
IWM190920C158,2019-09-19,2019-09-19 09:37:01,0.49,1.2894,46,0.47,1.2368,19,0.46,1.2105,1,0.48,1.2631,286,0
IWM190920C158,2019-09-19,2019-09-19 09:37:02,0.48,1.2631,43,0.47,1.2368,3,0.46,1.2105,1,0.475,1.25,286,0
IWM190920C158,2019-09-19,2019-09-19 09:37:02,0.47,1.2368,10,0.46,1.2105,52,0.46,1.2105,1,0.465,1.2236,286,0
IWM190920C158,2019-09-19,2019-09-19 09:37:02,0.47,1.2368,10,0.46,1.2105,35,0.46,1.2105,1,0.465,1.2236,286,0
IWM190920C158,2019-09-19,2019-09-19 09:37:02,0.48,1.2631,83,0.47,1.2368,3,0.46,1.2105,1,0.475,1.25,286,0
IWM190920C158,2019-09-19,2019-09-19 09:37:03,0.48,1.2631,215,0.46,1.2105,134,0.46,1.2105,1,0.47,1.2368,286,0
IWM190920C158,2019-09-19,2019-09-19 09:37:03,0.48,1.2631,215,0.46,1.2105,155,0.46,1.2105,1,0.47,1.2368,286,0
IWM190920C158,2019-09-19,2019-09-19 09:37:03,0.47,1.2368,20,0.46,1.2105,155,0.46,1.2105,1,0.465,1.2236,286,0
IWM190920C158,2019-09-19,2019-09-19 09:37:04,0.48,1.2631,351,0.46,1.2105,98,0.46,1.2105,1,0.47,1.2368,286,0
IWM190920C158,2019-09-19,2019-09-19 09:37:04,0.48,1.2631,189,0.46,1.2105,98,0.46,1.2105,1,0.47,1.2368,286,0
IWM190920C158,2019-09-19,2019-09-19 09:37:04,0.47,1.2368,75,0.45,1.1842,20,0.46,1.2105,1,0.46,1.2105,286,0
IWM190920C158,2019-09-19,2019-09-19 09:37:05,0.47,1.2368,131,0.45,1.1842,78,0.46,1.2105,1,0.46,1.2105,286,0
IWM190920C158,2019-09-19,2019-09-19 09:37:05,0.47,1.2368,131,0.45,1.1842,77,0.46,1.2105,1,0.46,1.2105,286,0
IWM190920C158,2019-09-19,2019-09-19 09:37:05,0.47,1.2368,204,0.45,1.1842,69,0.46,1.2105,1,0.46,1.2105,286,0
IWM190920C158,2019-09-19,2019-09-19 09:37:05,0.47,1.2368,131,0.45,1.1842,63,0.46,1.2105,1,0.46,1.2105,286,0
IWM190920C158,2019-09-19,2019-09-19 09:37:06,0.47,1.2368,63,0.45,1.1842,269,0.46,1.2105,1,0.46,1.2105,286,0
IWM190920C158,2019-09-19,2019-09-19 09:37:06,0.47,1.2368,234,0.45,1.1842,69,0.46,1.2105,1,0.46,1.2105,286,0
IWM190920C158,2019-09-19,2019-09-19 09:37:06,0.47,1.2368,63,0.45,1.1842,290,0.46,1.2105,1,0.46,1.2105,286,0
IWM190920C158,2019-09-19,2019-09-19 09:37:06,0.47,1.2368,204,0.45,1.1842,69,0.46,1.2105,1,0.46,1.2105,286,0
IWM190920C158,2019-09-19,2019-09-19 09:37:07,0.47,1.2368,91,0.45,1.1842,72,0.46,1.2105,1,0.46,1.2105,286,0
IWM190920C158,2019-09-19,2019-09-19 09:37:07,0.47,1.2368,112,0.46,1.2105,18,0.46,1.2105,1,0.465,1.2236,286,0
IWM190920C158,2019-09-19,2019-09-19 09:37:07,0.47,1.2368,287,0.45,1.1842,72,0.46,1.2105,1,0.46,1.2105,286,0
IWM190920C158,2019-09-19,2019-09-19 09:37:08,0.47,1.2368,361,0.45,1.1842,72,0.46,1.2105,1,0.46,1.2105,286,0
IWM190920C158,2019-09-19,2019-09-19 09:37:09,0.47,1.2368,361,0.45,1.1842,72,0.46,1.2105,1,0.46,1.2105,286,0
IWM190920C158,2019-09-19,2019-09-19 09:37:09,0.47,1.2368,121,0.45,1.1842,88,0.46,1.2105,1,0.46,1.2105,286,0
IWM190920C158,2019-09-19,2019-09-19 09:37:09,0.47,1.2368,103,0.45,1.1842,88,0.46,1.2105,1,0.46,1.2105,286,0
IWM190920C158,2019-09-19,2019-09-19 09:37:10,0.47,1.2368,318,0.45,1.1842,170,0.46,1.2105,1,0.46,1.2105,286,0
IWM190920C158,2019-09-19,2019-09-19 09:37:10,0.47,1.2368,213,0.45,1.1842,170,0.46,1.2105,1,0.46,1.2105,286,0
IWM190920C158,2019-09-19,2019-09-19 09:37:10,0.47,1.2368,72,0.45,1.1842,136,0.46,1.2105,1,0.46,1.2105,286,0
IWM190920C158,2019-09-19,2019-09-19 09:37:10,0.47,1.2368,72,0.45,1.1842,70,0.46,1.2105,1,0.46,1.2105,286,0
IWM190920C158,2019-09-19,2019-09-19 09:37:11,0.47,1.2368,55,0.45,1.1842,234,0.46,1.2105,1,0.46,1.2105,286,0
IWM190920C158,2019-09-19,2019-09-19 09:37:11,0.47,1.2368,55,0.45,1.1842,284,0.46,1.2105,1,0.46,1.2105,286,0
IWM190920C158,2019-09-19,2019-09-19 09:37:11,0.47,1.2368,73,0.45,1.1842,284,0.46,1.2105,1,0.46,1.2105,286,0
IWM190920C158,2019-09-19,2019-09-19 09:37:11,0.47,1.2368,23,0.46,1.2105,56,0.46,1.2105,1,0.465,1.2236,286,0
IWM190920C158,2019-09-19,2019-09-19 09:37:12,0.48,1.2631,133,0.46,1.2105,78,0.46,1.2105,1,0.47,1.2368,286,0
IWM190920C158,2019-09-19,2019-09-19 09:37:12,0.48,1.2631,105,0.46,1.2105,78,0.46,1.2105,1,0.47,1.2368,286,0
IWM190920C158,2019-09-19,2019-09-19 09:37:12,0.48,1.2631,105,0.46,1.2105,104,0.46,1.2105,1,0.47,1.2368,286,0
IWM190920C158,2019-09-19,2019-09-19 09:37:13,0.47,1.2368,1,0.46,1.2105,180,0.47,1.2368,2,0.465,1.2236,288,2
IWM190920C158,2019-09-19,2019-09-19 09:37:13,0.47,1.2368,1,0.46,1.2105,180,0.47,1.2368,2,0.465,1.2236,288,0
IWM190920C158,2019-09-19,2019-09-19 09:37:13,0.48,1.2631,133,0.46,1.2105,225,0.46,1.2105,1,0.47,1.2368,286,0
IWM190920C158,2019-09-19,2019-09-19 09:37:14,0.48,1.2631,177,0.46,1.2105,110,0.47,1.2368,2,0.47,1.2368,288,0
IWM190920C158,2019-09-19,2019-09-19 09:37:14,0.48,1.2631,81,0.46,1.2105,228,0.47,1.2368,2,0.47,1.2368,288,0
IWM190920C158,2019-09-19,2019-09-19 09:37:15,0.48,1.2631,112,0.47,1.2368,122,0.47,1.2368,2,0.475,1.25,288,0
IWM190920C158,2019-09-19,2019-09-19 09:37:15,0.48,1.2631,64,0.46,1.2105,228,0.47,1.2368,2,0.47,1.2368,288,0
IWM190920C158,2019-09-19,2019-09-19 09:37:15,0.48,1.2631,95,0.46,1.2105,228,0.47,1.2368,2,0.47,1.2368,288,0
IWM190920C158,2019-09-19,2019-09-19 09:37:15,0.48,1.2631,88,0.47,1.2368,98,0.47,1.2368,2,0.475,1.25,288,0
IWM190920C158,2019-09-19,2019-09-19 09:37:16,0.48,1.2631,112,0.47,1.2368,122,0.47,1.2368,2,0.475,1.25,288,0
IWM190920C158,2019-09-19,2019-09-19 09:37:17,0.48,1.2631,73,0.47,1.2368,54,0.47,1.2368,2,0.475,1.25,288,0
IWM190920C158,2019-09-19,2019-09-19 09:37:17,0.48,1.2631,112,0.47,1.2368,122,0.47,1.2368,2,0.475,1.25,288,0
IWM190920C158,2019-09-19,2019-09-19 09:37:17,0.48,1.2631,96,0.47,1.2368,73,0.47,1.2368,2,0.475,1.25,288,0
IWM190920C158,2019-09-19,2019-09-19 09:37:17,0.48,1.2631,96,0.47,1.2368,107,0.47,1.2368,2,0.475,1.25,288,0
IWM190920C158,2019-09-19,2019-09-19 09:37:18,0.48,1.2631,72,0.47,1.2368,54,0.47,1.2368,2,0.475,1.25,288,0
IWM190920C158,2019-09-19,2019-09-19 09:37:18,0.48,1.2631,73,0.47,1.2368,54,0.47,1.2368,2,0.475,1.25,288,0
IWM190920C158,2019-09-19,2019-09-19 09:37:19,0.48,1.2631,73,0.47,1.2368,54,0.47,1.2368,2,0.475,1.25,288,0
IWM190920C158,2019-09-19,2019-09-19 09:37:19,0.48,1.2631,82,0.47,1.2368,189,0.48,1.2631,2,0.475,1.25,290,0
IWM190920C158,2019-09-19,2019-09-19 09:37:19,0.48,1.2631,82,0.47,1.2368,189,0.48,1.2631,2,0.475,1.25,290,2
IWM190920C158,2019-09-19,2019-09-19 09:37:20,0.49,1.2894,113,0.48,1.2631,85,0.48,1.2631,1,0.485,1.2763,291,0
IWM190920C158,2019-09-19,2019-09-19 09:37:20,0.49,1.2894,34,0.47,1.2368,90,0.48,1.2631,1,0.48,1.2631,291,1
IWM190920C158,2019-09-19,2019-09-19 09:37:20,0.48,1.2631,56,0.47,1.2368,38,0.48,1.2631,2,0.475,1.25,290,0
IWM190920C158,2019-09-19,2019-09-19 09:37:20,0.49,1.2894,93,0.48,1.2631,85,0.48,1.2631,1,0.485,1.2763,291,0
IWM190920C158,2019-09-19,2019-09-19 09:37:21,0.49,1.2894,113,0.48,1.2631,85,0.48,1.2631,10,0.485,1.2763,301,0
IWM190920C158,2019-09-19,2019-09-19 09:37:21,0.49,1.2894,113,0.48,1.2631,85,0.48,1.2631,10,0.485,1.2763,301,10
IWM190920C158,2019-09-19,2019-09-19 09:37:22,0.49,1.2894,115,0.48,1.2631,12,0.48,1.2631,10,0.485,1.2763,301,0
IWM190920C158,2019-09-19,2019-09-19 09:37:22,0.49,1.2894,115,0.47,1.2368,65,0.48,1.2631,10,0.48,1.2631,301,0
IWM190920C158,2019-09-19,2019-09-19 09:37:22,0.49,1.2894,137,0.47,1.2368,65,0.48,1.2631,10,0.48,1.2631,301,0
IWM190920C158,2019-09-19,2019-09-19 09:37:23,0.48,1.2631,97,0.47,1.2368,12,0.48,1.2631,10,0.475,1.25,301,0
IWM190920C158,2019-09-19,2019-09-19 09:37:23,0.49,1.2894,137,0.48,1.2631,16,0.48,1.2631,10,0.485,1.2763,301,0
IWM190920C158,2019-09-19,2019-09-19 09:37:23,0.48,1.2631,98,0.47,1.2368,12,0.48,1.2631,10,0.475,1.25,301,0
IWM190920C158,2019-09-19,2019-09-19 09:37:24,0.49,1.2894,153,0.47,1.2368,118,0.48,1.2631,10,0.48,1.2631,301,0
IWM190920C158,2019-09-19,2019-09-19 09:37:24,0.48,1.2631,51,0.47,1.2368,26,0.48,1.2631,10,0.475,1.25,301,0
IWM190920C158,2019-09-19,2019-09-19 09:37:24,0.49,1.2894,153,0.47,1.2368,98,0.48,1.2631,10,0.48,1.2631,301,0
IWM190920C158,2019-09-19,2019-09-19 09:37:24,0.49,1.2894,153,0.47,1.2368,74,0.48,1.2631,10,0.48,1.2631,301,0
IWM190920C158,2019-09-19,2019-09-19 09:37:25,0.48,1.2631,63,0.47,1.2368,118,0.48,1.2631,10,0.475,1.25,301,0
IWM190920C158,2019-09-19,2019-09-19 09:37:25,0.48,1.2631,98,0.47,1.2368,4,0.48,1.2631,10,0.475,1.25,301,0
IWM190920C158,2019-09-19,2019-09-19 09:37:25,0.48,1.2631,114,0.47,1.2368,118,0.48,1.2631,10,0.475,1.25,301,0
IWM190920C158,2019-09-19,2019-09-19 09:37:26,0.48,1.2631,98,0.47,1.2368,11,0.48,1.2631,10,0.475,1.25,301,0
IWM190920C158,2019-09-19,2019-09-19 09:37:26,0.48,1.2631,1,0.47,1.2368,11,0.48,1.2631,10,0.475,1.25,301,0
IWM190920C158,2019-09-19,2019-09-19 09:37:26,0.48,1.2631,8,0.47,1.2368,112,0.48,1.2631,10,0.475,1.25,301,0
IWM190920C158,2019-09-19,2019-09-19 09:37:26,0.48,1.2631,98,0.47,1.2368,4,0.48,1.2631,10,0.475,1.25,301,0
IWM190920C158,2019-09-19,2019-09-19 09:37:27,0.49,1.2894,48,0.47,1.2368,151,0.48,1.2631,1,0.48,1.2631,302,1
IWM190920C158,2019-09-19,2019-09-19 09:37:27,0.49,1.2894,89,0.48,1.2631,54,0.48,1.2631,1,0.485,1.2763,302,0
IWM190920C158,2019-09-19,2019-09-19 09:37:27,0.49,1.2894,51,0.48,1.2631,57,0.48,1.2631,1,0.485,1.2763,302,0
IWM190920C158,2019-09-19,2019-09-19 09:37:27,0.49,1.2894,89,0.48,1.2631,73,0.48,1.2631,1,0.485,1.2763,302,0
IWM190920C158,2019-09-19,2019-09-19 09:37:28,0.49,1.2894,36,0.48,1.2631,73,0.48,1.2631,1,0.485,1.2763,302,0
IWM190920C158,2019-09-19,2019-09-19 09:37:28,0.49,1.2894,29,0.48,1.2631,73,0.48,1.2631,1,0.485,1.2763,302,0
IWM190920C158,2019-09-19,2019-09-19 09:37:28,0.49,1.2894,74,0.47,1.2368,73,0.48,1.2631,1,0.48,1.2631,302,0
IWM190920C158,2019-09-19,2019-09-19 09:37:28,0.49,1.2894,52,0.48,1.2631,73,0.48,1.2631,1,0.485,1.2763,302,0
IWM190920C158,2019-09-19,2019-09-19 09:37:29,0.49,1.2894,24,0.48,1.2631,109,0.48,1.2631,1,0.485,1.2763,302,0
IWM190920C158,2019-09-19,2019-09-19 09:37:29,0.49,1.2894,31,0.48,1.2631,82,0.48,1.2631,1,0.485,1.2763,302,0
IWM190920C158,2019-09-19,2019-09-19 09:37:29,0.49,1.2894,74,0.47,1.2368,73,0.48,1.2631,1,0.48,1.2631,302,0
IWM190920C158,2019-09-19,2019-09-19 09:37:29,0.49,1.2894,192,0.47,1.2368,170,0.48,1.2631,1,0.48,1.2631,302,0
IWM190920C158,2019-09-19,2019-09-19 09:37:30,0.5,1.3157,353,0.48,1.2631,67,0.48,1.2631,1,0.49,1.2894,302,0
IWM190920C158,2019-09-19,2019-09-19 09:37:30,0.49,1.2894,24,0.48,1.2631,67,0.48,1.2631,1,0.485,1.2763,302,0
IWM190920C158,2019-09-19,2019-09-19 09:37:30,0.5,1.3157,123,0.49,1.2894,58,0.48,1.2631,1,0.495,1.3026,302,0
IWM190920C158,2019-09-19,2019-09-19 09:37:30,0.5,1.3157,206,0.49,1.2894,39,0.48,1.2631,1,0.495,1.3026,302,0
IWM190920C158,2019-09-19,2019-09-19 09:37:31,0.5,1.3157,136,0.49,1.2894,15,0.48,1.2631,1,0.495,1.3026,302,0
IWM190920C158,2019-09-19,2019-09-19 09:37:31,0.5,1.3157,148,0.49,1.2894,5,0.48,1.2631,1,0.495,1.3026,302,0
IWM190920C158,2019-09-19,2019-09-19 09:37:31,0.5,1.3157,123,0.49,1.2894,58,0.48,1.2631,1,0.495,1.3026,302,0
IWM190920C158,2019-09-19,2019-09-19 09:37:32,0.5,1.3157,136,0.49,1.2894,46,0.48,1.2631,1,0.495,1.3026,302,0
IWM190920C158,2019-09-19,2019-09-19 09:37:32,0.5,1.3157,136,0.49,1.2894,34,0.48,1.2631,1,0.495,1.3026,302,0
IWM190920C158,2019-09-19,2019-09-19 09:37:32,0.5,1.3157,148,0.49,1.2894,15,0.48,1.2631,1,0.495,1.3026,302,0
IWM190920C158,2019-09-19,2019-09-19 09:37:32,0.5,1.3157,122,0.49,1.2894,34,0.48,1.2631,1,0.495,1.3026,302,0
IWM190920C158,2019-09-19,2019-09-19 09:37:33,0.5,1.3157,122,0.49,1.2894,15,0.48,1.2631,1,0.495,1.3026,302,0
IWM190920C158,2019-09-19,2019-09-19 09:37:33,0.5,1.3157,96,0.49,1.2894,15,0.48,1.2631,1,0.495,1.3026,302,0
IWM190920C158,2019-09-19,2019-09-19 09:37:33,0.5,1.3157,73,0.49,1.2894,34,0.48,1.2631,1,0.495,1.3026,302,0
IWM190920C158,2019-09-19,2019-09-19 09:37:33,0.5,1.3157,122,0.49,1.2894,34,0.48,1.2631,1,0.495,1.3026,302,0
IWM190920C158,2019-09-19,2019-09-19 09:37:34,0.5,1.3157,96,0.49,1.2894,34,0.48,1.2631,1,0.495,1.3026,302,0
IWM190920C158,2019-09-19,2019-09-19 09:37:34,0.5,1.3157,100,0.47,1.2368,77,0.48,1.2631,1,0.485,1.2763,302,0
IWM190920C158,2019-09-19,2019-09-19 09:37:34,0.5,1.3157,96,0.49,1.2894,15,0.48,1.2631,1,0.495,1.3026,302,0
IWM190920C158,2019-09-19,2019-09-19 09:37:35,0.5,1.3157,100,0.47,1.2368,64,0.48,1.2631,1,0.485,1.2763,302,0
IWM190920C158,2019-09-19,2019-09-19 09:37:35,0.49,1.2894,107,0.47,1.2368,64,0.48,1.2631,1,0.48,1.2631,302,0
IWM190920C158,2019-09-19,2019-09-19 09:37:36,0.49,1.2894,107,0.49,1.2894,9,0.48,1.2631,1,0.49,1.2894,302,0
IWM190920C158,2019-09-19,2019-09-19 09:37:36,0.5,1.3157,324,0.49,1.2894,9,0.48,1.2631,1,0.495,1.3026,302,0
IWM190920C158,2019-09-19,2019-09-19 09:37:36,0.5,1.3157,324,0.48,1.2631,51,0.48,1.2631,1,0.49,1.2894,302,0
IWM190920C158,2019-09-19,2019-09-19 09:37:37,0.5,1.3157,324,0.48,1.2631,73,0.48,1.2631,1,0.49,1.2894,302,0
IWM190920C158,2019-09-19,2019-09-19 09:37:37,0.5,1.3157,324,0.47,1.2368,93,0.48,1.2631,1,0.485,1.2763,302,0
IWM190920C158,2019-09-19,2019-09-19 09:37:37,0.5,1.3157,324,0.48,1.2631,54,0.48,1.2631,1,0.49,1.2894,302,0
IWM190920C158,2019-09-19,2019-09-19 09:37:38,0.49,1.2894,44,0.48,1.2631,68,0.48,1.2631,1,0.485,1.2763,302,0
IWM190920C158,2019-09-19,2019-09-19 09:37:38,0.5,1.3157,324,0.49,1.2894,10,0.48,1.2631,1,0.495,1.3026,302,0
IWM190920C158,2019-09-19,2019-09-19 09:37:39,0.5,1.3157,212,0.48,1.2631,153,0.48,1.2631,1,0.49,1.2894,302,0
IWM190920C158,2019-09-19,2019-09-19 09:37:39,0.5,1.3157,116,0.48,1.2631,68,0.48,1.2631,1,0.49,1.2894,302,0
IWM190920C158,2019-09-19,2019-09-19 09:37:39,0.49,1.2894,55,0.48,1.2631,68,0.48,1.2631,1,0.485,1.2763,302,0
IWM190920C158,2019-09-19,2019-09-19 09:37:40,0.5,1.3157,84,0.48,1.2631,153,0.48,1.2631,1,0.49,1.2894,302,0
IWM190920C158,2019-09-19,2019-09-19 09:37:40,0.5,1.3157,93,0.48,1.2631,153,0.48,1.2631,1,0.49,1.2894,302,0
IWM190920C158,2019-09-19,2019-09-19 09:37:41,0.5,1.3157,138,0.49,1.2894,27,0.48,1.2631,1,0.495,1.3026,302,0
IWM190920C158,2019-09-19,2019-09-19 09:37:41,0.5,1.3157,174,0.49,1.2894,27,0.48,1.2631,1,0.495,1.3026,302,0
IWM190920C158,2019-09-19,2019-09-19 09:37:41,0.5,1.3157,174,0.48,1.2631,112,0.48,1.2631,1,0.49,1.2894,302,0
IWM190920C158,2019-09-19,2019-09-19 09:37:42,0.5,1.3157,176,0.48,1.2631,74,0.48,1.2631,1,0.49,1.2894,302,0
IWM190920C158,2019-09-19,2019-09-19 09:37:42,0.5,1.3157,93,0.48,1.2631,43,0.48,1.2631,1,0.49,1.2894,302,0
IWM190920C158,2019-09-19,2019-09-19 09:37:42,0.5,1.3157,133,0.49,1.2894,27,0.48,1.2631,1,0.495,1.3026,302,0
IWM190920C158,2019-09-19,2019-09-19 09:37:43,0.5,1.3157,117,0.48,1.2631,110,0.48,1.2631,1,0.49,1.2894,302,0
IWM190920C158,2019-09-19,2019-09-19 09:37:43,0.5,1.3157,176,0.48,1.2631,74,0.48,1.2631,1,0.49,1.2894,302,0
IWM190920C158,2019-09-19,2019-09-19 09:37:44,0.5,1.3157,28,0.46,1.2105,102,0.48,1.2631,1,0.48,1.2631,302,0
IWM190920C158,2019-09-19,2019-09-19 09:37:44,0.5,1.3157,117,0.48,1.2631,110,0.48,1.2631,1,0.49,1.2894,302,0
IWM190920C158,2019-09-19,2019-09-19 09:37:44,0.5,1.3157,28,0.47,1.2368,93,0.48,1.2631,1,0.485,1.2763,302,0
IWM190920C158,2019-09-19,2019-09-19 09:37:44,0.5,1.3157,97,0.49,1.2894,73,0.48,1.2631,1,0.495,1.3026,302,0
IWM190920C158,2019-09-19,2019-09-19 09:37:45,0.5,1.3157,28,0.48,1.2631,14,0.48,1.2631,1,0.49,1.2894,302,0
IWM190920C158,2019-09-19,2019-09-19 09:37:45,0.49,1.2894,137,0.48,1.2631,14,0.48,1.2631,1,0.485,1.2763,302,0
IWM190920C158,2019-09-19,2019-09-19 09:37:46,0.49,1.2894,98,0.48,1.2631,8,0.48,1.2631,1,0.485,1.2763,302,0
IWM190920C158,2019-09-19,2019-09-19 09:37:46,0.49,1.2894,137,0.47,1.2368,74,0.48,1.2631,1,0.48,1.2631,302,0
IWM190920C158,2019-09-19,2019-09-19 09:37:47,0.49,1.2894,157,0.48,1.2631,8,0.48,1.2631,1,0.485,1.2763,302,0
IWM190920C158,2019-09-19,2019-09-19 09:37:48,0.48,1.2631,8,0.47,1.2368,66,0.48,1.2631,1,0.475,1.25,302,0
IWM190920C158,2019-09-19,2019-09-19 09:37:48,0.48,1.2631,20,0.47,1.2368,66,0.47,1.2368,19,0.475,1.25,321,0
IWM190920C158,2019-09-19,2019-09-19 09:37:48,0.48,1.2631,30,0.47,1.2368,66,0.48,1.2631,1,0.475,1.25,302,0
IWM190920C158,2019-09-19,2019-09-19 09:37:48,0.48,1.2631,20,0.47,1.2368,66,0.47,1.2368,19,0.475,1.25,321,19
IWM190920C158,2019-09-19,2019-09-19 09:37:49,0.49,1.2894,51,0.47,1.2368,23,0.48,1.2631,2,0.48,1.2631,379,0
IWM190920C158,2019-09-19,2019-09-19 09:37:49,0.49,1.2894,51,0.47,1.2368,23,0.48,1.2631,2,0.48,1.2631,379,58
IWM190920C158,2019-09-19,2019-09-19 09:37:49,0.49,1.2894,66,0.48,1.2631,26,0.48,1.2631,2,0.485,1.2763,379,0
IWM190920C158,2019-09-19,2019-09-19 09:37:50,0.49,1.2894,87,0.48,1.2631,74,0.48,1.2631,2,0.485,1.2763,379,0
IWM190920C158,2019-09-19,2019-09-19 09:37:50,0.49,1.2894,87,0.48,1.2631,7,0.48,1.2631,2,0.485,1.2763,379,0
IWM190920C158,2019-09-19,2019-09-19 09:37:50,0.49,1.2894,66,0.48,1.2631,26,0.48,1.2631,2,0.485,1.2763,379,0
IWM190920C158,2019-09-19,2019-09-19 09:37:51,0.5,1.3157,33,0.48,1.2631,17,0.49,1.2894,3,0.49,1.2894,388,0
IWM190920C158,2019-09-19,2019-09-19 09:37:51,0.49,1.2894,63,0.48,1.2631,74,0.48,1.2631,2,0.485,1.2763,379,0
IWM190920C158,2019-09-19,2019-09-19 09:37:51,0.49,1.2894,87,0.48,1.2631,74,0.48,1.2631,2,0.485,1.2763,379,0
IWM190920C158,2019-09-19,2019-09-19 09:37:51,0.49,1.2894,87,0.48,1.2631,74,0.49,1.2894,3,0.485,1.2763,388,9
IWM190920C158,2019-09-19,2019-09-19 09:37:52,0.5,1.3157,230,0.48,1.2631,74,0.49,1.2894,3,0.49,1.2894,388,0
IWM190920C158,2019-09-19,2019-09-19 09:37:52,0.5,1.3157,250,0.48,1.2631,17,0.49,1.2894,3,0.49,1.2894,388,0
IWM190920C158,2019-09-19,2019-09-19 09:37:52,0.5,1.3157,230,0.49,1.2894,15,0.49,1.2894,3,0.495,1.3026,388,0
IWM190920C158,2019-09-19,2019-09-19 09:37:52,0.5,1.3157,335,0.48,1.2631,52,0.49,1.2894,3,0.49,1.2894,388,0
IWM190920C158,2019-09-19,2019-09-19 09:37:53,0.49,1.2894,88,0.48,1.2631,63,0.48,1.2631,2,0.485,1.2763,390,0
IWM190920C158,2019-09-19,2019-09-19 09:37:53,0.49,1.2894,34,0.48,1.2631,63,0.48,1.2631,2,0.485,1.2763,390,0
IWM190920C158,2019-09-19,2019-09-19 09:37:53,0.49,1.2894,34,0.48,1.2631,63,0.48,1.2631,2,0.485,1.2763,390,2
IWM190920C158,2019-09-19,2019-09-19 09:37:53,0.5,1.3157,339,0.48,1.2631,74,0.49,1.2894,3,0.49,1.2894,388,0
IWM190920C158,2019-09-19,2019-09-19 09:37:54,0.49,1.2894,88,0.48,1.2631,15,0.48,1.2631,2,0.485,1.2763,390,0
IWM190920C158,2019-09-19,2019-09-19 09:37:54,0.48,1.2631,147,0.46,1.2105,49,0.48,1.2631,2,0.47,1.2368,390,0
IWM190920C158,2019-09-19,2019-09-19 09:37:54,0.49,1.2894,141,0.48,1.2631,15,0.48,1.2631,2,0.485,1.2763,390,0
IWM190920C158,2019-09-19,2019-09-19 09:37:54,0.48,1.2631,43,0.47,1.2368,31,0.48,1.2631,2,0.475,1.25,390,0
IWM190920C158,2019-09-19,2019-09-19 09:37:55,0.48,1.2631,147,0.47,1.2368,15,0.48,1.2631,2,0.475,1.25,390,0
IWM190920C158,2019-09-19,2019-09-19 09:37:55,0.48,1.2631,245,0.46,1.2105,34,0.48,1.2631,2,0.47,1.2368,390,0
IWM190920C158,2019-09-19,2019-09-19 09:37:55,0.48,1.2631,164,0.46,1.2105,34,0.48,1.2631,2,0.47,1.2368,390,0
IWM190920C158,2019-09-19,2019-09-19 09:37:56,0.47,1.2368,134,0.45,1.1842,183,0.48,1.2631,2,0.46,1.2105,390,0
IWM190920C158,2019-09-19,2019-09-19 09:37:56,0.47,1.2368,150,0.45,1.1842,149,0.48,1.2631,2,0.46,1.2105,390,0
IWM190920C158,2019-09-19,2019-09-19 09:37:57,0.46,1.2105,45,0.45,1.1842,211,0.48,1.2631,2,0.455,1.1973,390,0
IWM190920C158,2019-09-19,2019-09-19 09:37:57,0.47,1.2368,132,0.45,1.1842,211,0.48,1.2631,2,0.46,1.2105,390,0
IWM190920C158,2019-09-19,2019-09-19 09:37:57,0.47,1.2368,98,0.45,1.1842,148,0.48,1.2631,2,0.46,1.2105,390,0
IWM190920C158,2019-09-19,2019-09-19 09:37:57,0.47,1.2368,150,0.45,1.1842,211,0.48,1.2631,2,0.46,1.2105,390,0
IWM190920C158,2019-09-19,2019-09-19 09:37:58,0.48,1.2631,24,0.47,1.2368,32,0.48,1.2631,2,0.475,1.25,390,0
IWM190920C158,2019-09-19,2019-09-19 09:37:58,0.49,1.2894,171,0.47,1.2368,32,0.48,1.2631,2,0.48,1.2631,390,0
IWM190920C158,2019-09-19,2019-09-19 09:37:58,0.48,1.2631,248,0.46,1.2105,73,0.48,1.2631,2,0.47,1.2368,390,0
IWM190920C158,2019-09-19,2019-09-19 09:37:58,0.48,1.2631,292,0.46,1.2105,73,0.48,1.2631,2,0.47,1.2368,390,0
IWM190920C158,2019-09-19,2019-09-19 09:37:59,0.49,1.2894,183,0.48,1.2631,16,0.48,1.2631,2,0.485,1.2763,390,0
IWM190920C158,2019-09-19,2019-09-19 09:37:59,0.49,1.2894,183,0.47,1.2368,74,0.48,1.2631,2,0.48,1.2631,390,0
IWM190920C158,2019-09-19,2019-09-19 09:37:59,0.49,1.2894,157,0.47,1.2368,74,0.48,1.2631,2,0.48,1.2631,390,0
IWM190920C158,2019-09-19,2019-09-19 09:38:00,0.48,1.2631,106,0.47,1.2368,17,0.48,1.2631,2,0.475,1.25,390,0
IWM190920C158,2019-09-19,2019-09-19 09:38:00,0.48,1.2631,93,0.47,1.2368,31,0.48,1.2631,2,0.475,1.25,390,0
IWM190920C158,2019-09-19,2019-09-19 09:38:00,0.48,1.2631,116,0.47,1.2368,14,0.48,1.2631,2,0.475,1.25,390,0
IWM190920C158,2019-09-19,2019-09-19 09:38:00,0.48,1.2631,116,0.47,1.2368,31,0.48,1.2631,2,0.475,1.25,390,0
IWM190920C158,2019-09-19,2019-09-19 09:38:01,0.48,1.2631,116,0.47,1.2368,14,0.48,1.2631,2,0.475,1.25,390,0
IWM190920C158,2019-09-19,2019-09-19 09:38:01,0.47,1.2368,102,0.46,1.2105,11,0.48,1.2631,2,0.465,1.2236,390,0
IWM190920C158,2019-09-19,2019-09-19 09:38:01,0.47,1.2368,81,0.46,1.2105,11,0.48,1.2631,2,0.465,1.2236,390,0
IWM190920C158,2019-09-19,2019-09-19 09:38:02,0.47,1.2368,87,0.45,1.1842,106,0.48,1.2631,2,0.46,1.2105,390,0
IWM190920C158,2019-09-19,2019-09-19 09:38:02,0.47,1.2368,321,0.45,1.1842,171,0.48,1.2631,2,0.46,1.2105,390,0
IWM190920C158,2019-09-19,2019-09-19 09:38:02,0.47,1.2368,87,0.46,1.2105,11,0.48,1.2631,2,0.465,1.2236,390,0
IWM190920C158,2019-09-19,2019-09-19 09:38:03,0.47,1.2368,198,0.45,1.1842,280,0.48,1.2631,2,0.46,1.2105,390,0
IWM190920C158,2019-09-19,2019-09-19 09:38:03,0.47,1.2368,198,0.45,1.1842,198,0.48,1.2631,2,0.46,1.2105,390,0
IWM190920C158,2019-09-19,2019-09-19 09:38:03,0.47,1.2368,265,0.45,1.1842,171,0.48,1.2631,2,0.46,1.2105,390,0
IWM190920C158,2019-09-19,2019-09-19 09:38:04,0.47,1.2368,148,0.45,1.1842,280,0.48,1.2631,2,0.46,1.2105,390,0
IWM190920C158,2019-09-19,2019-09-19 09:38:04,0.47,1.2368,121,0.45,1.1842,280,0.48,1.2631,2,0.46,1.2105,390,0
IWM190920C158,2019-09-19,2019-09-19 09:38:04,0.47,1.2368,61,0.46,1.2105,70,0.46,1.2105,4,0.465,1.2236,394,4
IWM190920C158,2019-09-19,2019-09-19 09:38:05,0.47,1.2368,118,0.45,1.1842,87,0.46,1.2105,4,0.46,1.2105,394,0
IWM190920C158,2019-09-19,2019-09-19 09:38:05,0.47,1.2368,75,0.46,1.2105,105,0.46,1.2105,4,0.465,1.2236,394,0
IWM190920C158,2019-09-19,2019-09-19 09:38:05,0.47,1.2368,75,0.45,1.1842,87,0.46,1.2105,4,0.46,1.2105,394,0
IWM190920C158,2019-09-19,2019-09-19 09:38:06,0.48,1.2631,167,0.46,1.2105,43,0.46,1.2105,4,0.47,1.2368,394,0
IWM190920C158,2019-09-19,2019-09-19 09:38:06,0.47,1.2368,43,0.45,1.1842,416,0.46,1.2105,4,0.46,1.2105,394,0
IWM190920C158,2019-09-19,2019-09-19 09:38:06,0.48,1.2631,87,0.45,1.1842,218,0.46,1.2105,4,0.465,1.2236,394,0
IWM190920C158,2019-09-19,2019-09-19 09:38:06,0.47,1.2368,75,0.46,1.2105,244,0.46,1.2105,4,0.465,1.2236,394,0
IWM190920C158,2019-09-19,2019-09-19 09:38:07,0.47,1.2368,111,0.46,1.2105,9,0.46,1.2105,4,0.465,1.2236,394,0
IWM190920C158,2019-09-19,2019-09-19 09:38:07,0.47,1.2368,44,0.46,1.2105,43,0.46,1.2105,4,0.465,1.2236,394,0
IWM190920C158,2019-09-19,2019-09-19 09:38:07,0.47,1.2368,80,0.46,1.2105,9,0.46,1.2105,4,0.465,1.2236,394,0
IWM190920C158,2019-09-19,2019-09-19 09:38:08,0.46,1.2105,32,0.45,1.1842,101,0.46,1.2105,4,0.455,1.1973,394,0
IWM190920C158,2019-09-19,2019-09-19 09:38:08,0.46,1.2105,32,0.45,1.1842,199,0.46,1.2105,4,0.455,1.1973,394,0
IWM190920C158,2019-09-19,2019-09-19 09:38:08,0.46,1.2105,32,0.45,1.1842,177,0.46,1.2105,4,0.455,1.1973,394,0
IWM190920C158,2019-09-19,2019-09-19 09:38:09,0.46,1.2105,141,0.44,1.1578,200,0.46,1.2105,4,0.45,1.1842,394,0
IWM190920C158,2019-09-19,2019-09-19 09:38:09,0.46,1.2105,71,0.45,1.1842,49,0.46,1.2105,4,0.455,1.1973,394,0
IWM190920C158,2019-09-19,2019-09-19 09:38:09,0.46,1.2105,117,0.44,1.1578,152,0.46,1.2105,4,0.45,1.1842,394,0
IWM190920C158,2019-09-19,2019-09-19 09:38:10,0.45,1.1842,55,0.44,1.1578,27,0.44,1.1578,5,0.445,1.171,399,5
IWM190920C158,2019-09-19,2019-09-19 09:38:10,0.45,1.1842,55,0.44,1.1578,27,0.44,1.1578,5,0.445,1.171,399,0
IWM190920C158,2019-09-19,2019-09-19 09:38:10,0.45,1.1842,83,0.44,1.1578,31,0.46,1.2105,4,0.445,1.171,394,0
IWM190920C158,2019-09-19,2019-09-19 09:38:10,0.45,1.1842,108,0.44,1.1578,14,0.46,1.2105,4,0.445,1.171,394,0
IWM190920C158,2019-09-19,2019-09-19 09:38:11,0.44,1.1578,39,0.43,1.1315,28,0.44,1.1578,1,0.435,1.1447,400,1
IWM190920C158,2019-09-19,2019-09-19 09:38:11,0.45,1.1842,76,0.44,1.1578,23,0.44,1.1578,5,0.445,1.171,399,0
IWM190920C158,2019-09-19,2019-09-19 09:38:11,0.45,1.1842,86,0.43,1.1315,72,0.44,1.1578,1,0.44,1.1578,400,0
IWM190920C158,2019-09-19,2019-09-19 09:38:11,0.44,1.1578,67,0.43,1.1315,25,0.44,1.1578,1,0.435,1.1447,400,0
IWM190920C158,2019-09-19,2019-09-19 09:38:12,0.44,1.1578,25,0.43,1.1315,53,0.44,1.1578,1,0.435,1.1447,400,0
IWM190920C158,2019-09-19,2019-09-19 09:38:12,0.44,1.1578,39,0.43,1.1315,61,0.44,1.1578,1,0.435,1.1447,400,0
IWM190920C158,2019-09-19,2019-09-19 09:38:13,0.44,1.1578,39,0.43,1.1315,61,0.44,1.1578,1,0.435,1.1447,400,0
IWM190920C158,2019-09-19,2019-09-19 09:38:13,0.44,1.1578,59,0.43,1.1315,61,0.44,1.1578,1,0.435,1.1447,400,0
IWM190920C158,2019-09-19,2019-09-19 09:38:13,0.44,1.1578,75,0.42,1.1052,62,0.44,1.1578,1,0.43,1.1315,400,0
IWM190920C158,2019-09-19,2019-09-19 09:38:14,0.44,1.1578,113,0.42,1.1052,75,0.42,1.1052,9,0.43,1.1315,409,9
IWM190920C158,2019-09-19,2019-09-19 09:38:14,0.43,1.1315,32,0.42,1.1052,75,0.42,1.1052,9,0.425,1.1184,409,0
IWM190920C158,2019-09-19,2019-09-19 09:38:14,0.43,1.1315,32,0.42,1.1052,75,0.44,1.1578,1,0.425,1.1184,400,0
IWM190920C158,2019-09-19,2019-09-19 09:38:14,0.43,1.1315,32,0.42,1.1052,163,0.42,1.1052,9,0.425,1.1184,409,0
IWM190920C158,2019-09-19,2019-09-19 09:38:15,0.44,1.1578,179,0.42,1.1052,182,0.42,1.1052,9,0.43,1.1315,409,0
IWM190920C158,2019-09-19,2019-09-19 09:38:15,0.44,1.1578,179,0.42,1.1052,163,0.42,1.1052,9,0.43,1.1315,409,0
IWM190920C158,2019-09-19,2019-09-19 09:38:15,0.44,1.1578,130,0.42,1.1052,75,0.42,1.1052,9,0.43,1.1315,409,0
IWM190920C158,2019-09-19,2019-09-19 09:38:16,0.43,1.1315,49,0.42,1.1052,116,0.42,1.1052,9,0.425,1.1184,409,0
IWM190920C158,2019-09-19,2019-09-19 09:38:16,0.43,1.1315,96,0.42,1.1052,116,0.42,1.1052,9,0.425,1.1184,409,0
IWM190920C158,2019-09-19,2019-09-19 09:38:17,0.43,1.1315,75,0.42,1.1052,64,0.42,1.1052,9,0.425,1.1184,409,0
IWM190920C158,2019-09-19,2019-09-19 09:38:17,0.43,1.1315,96,0.42,1.1052,75,0.42,1.1052,9,0.425,1.1184,409,0
IWM190920C158,2019-09-19,2019-09-19 09:38:17,0.43,1.1315,96,0.42,1.1052,116,0.42,1.1052,9,0.425,1.1184,409,0
IWM190920C158,2019-09-19,2019-09-19 09:38:18,0.43,1.1315,100,0.42,1.1052,98,0.42,1.1052,1,0.425,1.1184,410,0
IWM190920C158,2019-09-19,2019-09-19 09:38:18,0.43,1.1315,75,0.42,1.1052,64,0.42,1.1052,9,0.425,1.1184,409,0
IWM190920C158,2019-09-19,2019-09-19 09:38:18,0.43,1.1315,52,0.42,1.1052,32,0.42,1.1052,1,0.425,1.1184,410,0
IWM190920C158,2019-09-19,2019-09-19 09:38:18,0.43,1.1315,52,0.42,1.1052,98,0.42,1.1052,1,0.425,1.1184,410,0
IWM190920C158,2019-09-19,2019-09-19 09:38:18,0.43,1.1315,100,0.42,1.1052,98,0.42,1.1052,1,0.425,1.1184,410,1
IWM190920C158,2019-09-19,2019-09-19 09:38:19,0.43,1.1315,53,0.42,1.1052,36,0.42,1.1052,1,0.425,1.1184,410,0
IWM190920C158,2019-09-19,2019-09-19 09:38:19,0.44,1.1578,148,0.42,1.1052,36,0.42,1.1052,1,0.43,1.1315,410,0
IWM190920C158,2019-09-19,2019-09-19 09:38:19,0.44,1.1578,145,0.42,1.1052,36,0.42,1.1052,1,0.43,1.1315,410,0
IWM190920C158,2019-09-19,2019-09-19 09:38:19,0.43,1.1315,53,0.42,1.1052,32,0.42,1.1052,1,0.425,1.1184,410,0
IWM190920C158,2019-09-19,2019-09-19 09:38:19,0.43,1.1315,52,0.42,1.1052,32,0.42,1.1052,1,0.425,1.1184,410,0
IWM190920C158,2019-09-19,2019-09-19 09:38:20,0.44,1.1578,148,0.42,1.1052,36,0.42,1.1052,1,0.43,1.1315,410,0
IWM190920C158,2019-09-19,2019-09-19 09:38:20,0.44,1.1578,148,0.42,1.1052,86,0.42,1.1052,1,0.43,1.1315,410,0
IWM190920C158,2019-09-19,2019-09-19 09:38:20,0.44,1.1578,148,0.42,1.1052,181,0.42,1.1052,1,0.43,1.1315,410,0
IWM190920C158,2019-09-19,2019-09-19 09:38:20,0.44,1.1578,148,0.42,1.1052,191,0.42,1.1052,1,0.43,1.1315,410,0
IWM190920C158,2019-09-19,2019-09-19 09:38:21,0.44,1.1578,148,0.42,1.1052,191,0.42,1.1052,1,0.43,1.1315,410,0
IWM190920C158,2019-09-19,2019-09-19 09:38:22,0.44,1.1578,148,0.42,1.1052,35,0.42,1.1052,1,0.43,1.1315,410,0
IWM190920C158,2019-09-19,2019-09-19 09:38:22,0.44,1.1578,158,0.42,1.1052,191,0.42,1.1052,1,0.43,1.1315,410,0
IWM190920C158,2019-09-19,2019-09-19 09:38:22,0.44,1.1578,148,0.42,1.1052,191,0.42,1.1052,1,0.43,1.1315,410,0
IWM190920C158,2019-09-19,2019-09-19 09:38:22,0.44,1.1578,148,0.42,1.1052,54,0.42,1.1052,1,0.43,1.1315,410,0
IWM190920C158,2019-09-19,2019-09-19 09:38:23,0.44,1.1578,140,0.42,1.1052,76,0.42,1.1052,1,0.43,1.1315,410,0
IWM190920C158,2019-09-19,2019-09-19 09:38:23,0.44,1.1578,144,0.42,1.1052,96,0.44,1.1578,1,0.43,1.1315,411,1
IWM190920C158,2019-09-19,2019-09-19 09:38:23,0.44,1.1578,144,0.42,1.1052,96,0.42,1.1052,1,0.43,1.1315,410,0
IWM190920C158,2019-09-19,2019-09-19 09:38:24,0.43,1.1315,89,0.42,1.1052,52,0.44,1.1578,1,0.425,1.1184,411,0
IWM190920C158,2019-09-19,2019-09-19 09:38:24,0.43,1.1315,93,0.42,1.1052,52,0.44,1.1578,1,0.425,1.1184,411,0
IWM190920C158,2019-09-19,2019-09-19 09:38:24,0.43,1.1315,68,0.42,1.1052,52,0.44,1.1578,1,0.425,1.1184,411,0
IWM190920C158,2019-09-19,2019-09-19 09:38:25,0.43,1.1315,93,0.41,1.0789,164,0.44,1.1578,1,0.42,1.1052,411,0
IWM190920C158,2019-09-19,2019-09-19 09:38:25,0.43,1.1315,93,0.41,1.0789,87,0.44,1.1578,1,0.42,1.1052,411,0
IWM190920C158,2019-09-19,2019-09-19 09:38:25,0.43,1.1315,93,0.41,1.0789,97,0.44,1.1578,1,0.42,1.1052,411,0
IWM190920C158,2019-09-19,2019-09-19 09:38:26,0.43,1.1315,93,0.41,1.0789,210,0.44,1.1578,1,0.42,1.1052,411,0
IWM190920C158,2019-09-19,2019-09-19 09:38:26,0.43,1.1315,93,0.41,1.0789,220,0.44,1.1578,1,0.42,1.1052,411,0
IWM190920C158,2019-09-19,2019-09-19 09:38:27,0.43,1.1315,140,0.42,1.1052,13,0.44,1.1578,1,0.425,1.1184,411,0
IWM190920C158,2019-09-19,2019-09-19 09:38:27,0.43,1.1315,93,0.41,1.0789,210,0.44,1.1578,1,0.42,1.1052,411,0
IWM190920C158,2019-09-19,2019-09-19 09:38:27,0.43,1.1315,93,0.42,1.1052,13,0.44,1.1578,1,0.425,1.1184,411,0
IWM190920C158,2019-09-19,2019-09-19 09:38:27,0.43,1.1315,126,0.41,1.0789,37,0.44,1.1578,1,0.42,1.1052,411,0
IWM190920C158,2019-09-19,2019-09-19 09:38:28,0.43,1.1315,90,0.41,1.0789,108,0.44,1.1578,1,0.42,1.1052,411,0
IWM190920C158,2019-09-19,2019-09-19 09:38:28,0.43,1.1315,90,0.41,1.0789,77,0.44,1.1578,1,0.42,1.1052,411,0
IWM190920C158,2019-09-19,2019-09-19 09:38:28,0.43,1.1315,126,0.41,1.0789,51,0.44,1.1578,1,0.42,1.1052,411,0
IWM190920C158,2019-09-19,2019-09-19 09:38:29,0.42,1.1052,17,0.4,1.0526,208,0.44,1.1578,1,0.41,1.0789,411,0
IWM190920C158,2019-09-19,2019-09-19 09:38:29,0.43,1.1315,112,0.41,1.0789,149,0.44,1.1578,1,0.42,1.1052,411,0
IWM190920C158,2019-09-19,2019-09-19 09:38:29,0.43,1.1315,140,0.41,1.0789,194,0.44,1.1578,1,0.42,1.1052,411,0
IWM190920C158,2019-09-19,2019-09-19 09:38:29,0.43,1.1315,90,0.41,1.0789,108,0.44,1.1578,1,0.42,1.1052,411,0
IWM190920C158,2019-09-19,2019-09-19 09:38:30,0.42,1.1052,41,0.41,1.0789,19,0.44,1.1578,1,0.415,1.0921,411,0
IWM190920C158,2019-09-19,2019-09-19 09:38:30,0.42,1.1052,41,0.41,1.0789,33,0.44,1.1578,1,0.415,1.0921,411,0
IWM190920C158,2019-09-19,2019-09-19 09:38:30,0.42,1.1052,39,0.41,1.0789,33,0.44,1.1578,1,0.415,1.0921,411,0
IWM190920C158,2019-09-19,2019-09-19 09:38:31,0.42,1.1052,88,0.41,1.0789,14,0.44,1.1578,1,0.415,1.0921,411,0
IWM190920C158,2019-09-19,2019-09-19 09:38:31,0.42,1.1052,63,0.41,1.0789,14,0.44,1.1578,1,0.415,1.0921,411,0
IWM190920C158,2019-09-19,2019-09-19 09:38:31,0.42,1.1052,39,0.41,1.0789,71,0.44,1.1578,1,0.415,1.0921,411,0
IWM190920C158,2019-09-19,2019-09-19 09:38:31,0.42,1.1052,88,0.41,1.0789,38,0.44,1.1578,1,0.415,1.0921,411,0
IWM190920C158,2019-09-19,2019-09-19 09:38:32,0.42,1.1052,24,0.41,1.0789,37,0.44,1.1578,1,0.415,1.0921,411,0
IWM190920C158,2019-09-19,2019-09-19 09:38:32,0.42,1.1052,24,0.41,1.0789,57,0.44,1.1578,1,0.415,1.0921,411,0
IWM190920C158,2019-09-19,2019-09-19 09:38:32,0.42,1.1052,34,0.41,1.0789,38,0.44,1.1578,1,0.415,1.0921,411,0
IWM190920C158,2019-09-19,2019-09-19 09:38:33,0.42,1.1052,19,0.41,1.0789,108,0.44,1.1578,1,0.415,1.0921,411,0
IWM190920C158,2019-09-19,2019-09-19 09:38:33,0.42,1.1052,19,0.41,1.0789,37,0.44,1.1578,1,0.415,1.0921,411,0
IWM190920C158,2019-09-19,2019-09-19 09:38:33,0.42,1.1052,50,0.41,1.0789,37,0.44,1.1578,1,0.415,1.0921,411,0
IWM190920C158,2019-09-19,2019-09-19 09:38:33,0.42,1.1052,50,0.41,1.0789,48,0.44,1.1578,1,0.415,1.0921,411,0
IWM190920C158,2019-09-19,2019-09-19 09:38:34,0.42,1.1052,50,0.41,1.0789,37,0.44,1.1578,1,0.415,1.0921,411,0
IWM190920C158,2019-09-19,2019-09-19 09:38:35,0.42,1.1052,130,0.41,1.0789,21,0.44,1.1578,1,0.415,1.0921,411,0
IWM190920C158,2019-09-19,2019-09-19 09:38:35,0.42,1.1052,92,0.41,1.0789,29,0.44,1.1578,1,0.415,1.0921,411,0
IWM190920C158,2019-09-19,2019-09-19 09:38:35,0.42,1.1052,92,0.41,1.0789,38,0.44,1.1578,1,0.415,1.0921,411,0
IWM190920C158,2019-09-19,2019-09-19 09:38:36,0.42,1.1052,130,0.41,1.0789,20,0.44,1.1578,1,0.415,1.0921,411,0
IWM190920C158,2019-09-19,2019-09-19 09:38:36,0.42,1.1052,76,0.41,1.0789,20,0.44,1.1578,1,0.415,1.0921,411,0
IWM190920C158,2019-09-19,2019-09-19 09:38:36,0.42,1.1052,6,0.41,1.0789,20,0.44,1.1578,1,0.415,1.0921,411,0
IWM190920C158,2019-09-19,2019-09-19 09:38:37,0.42,1.1052,6,0.41,1.0789,312,0.44,1.1578,1,0.415,1.0921,411,0
IWM190920C158,2019-09-19,2019-09-19 09:38:37,0.42,1.1052,6,0.41,1.0789,161,0.44,1.1578,1,0.415,1.0921,411,0
IWM190920C158,2019-09-19,2019-09-19 09:38:37,0.43,1.1315,65,0.42,1.1052,101,0.42,1.1052,6,0.425,1.1184,417,0
IWM190920C158,2019-09-19,2019-09-19 09:38:37,0.43,1.1315,65,0.42,1.1052,101,0.42,1.1052,6,0.425,1.1184,417,6
IWM190920C158,2019-09-19,2019-09-19 09:38:37,0.43,1.1315,81,0.42,1.1052,101,0.42,1.1052,6,0.425,1.1184,417,0
IWM190920C158,2019-09-19,2019-09-19 09:38:38,0.43,1.1315,105,0.42,1.1052,101,0.42,1.1052,6,0.425,1.1184,417,0
IWM190920C158,2019-09-19,2019-09-19 09:38:38,0.43,1.1315,105,0.42,1.1052,20,0.42,1.1052,6,0.425,1.1184,417,0
IWM190920C158,2019-09-19,2019-09-19 09:38:38,0.43,1.1315,65,0.42,1.1052,7,0.42,1.1052,6,0.425,1.1184,417,0
IWM190920C158,2019-09-19,2019-09-19 09:38:39,0.43,1.1315,344,0.41,1.0789,96,0.42,1.1052,6,0.42,1.1052,417,0
IWM190920C158,2019-09-19,2019-09-19 09:38:39,0.43,1.1315,238,0.41,1.0789,89,0.42,1.1052,6,0.42,1.1052,417,0
IWM190920C158,2019-09-19,2019-09-19 09:38:39,0.43,1.1315,239,0.41,1.0789,151,0.42,1.1052,6,0.42,1.1052,417,0
IWM190920C158,2019-09-19,2019-09-19 09:38:39,0.43,1.1315,374,0.41,1.0789,75,0.42,1.1052,6,0.42,1.1052,417,0
IWM190920C158,2019-09-19,2019-09-19 09:38:40,0.43,1.1315,107,0.42,1.1052,51,0.42,1.1052,6,0.425,1.1184,417,0
IWM190920C158,2019-09-19,2019-09-19 09:38:40,0.43,1.1315,239,0.42,1.1052,34,0.42,1.1052,6,0.425,1.1184,417,0
IWM190920C158,2019-09-19,2019-09-19 09:38:41,0.43,1.1315,98,0.42,1.1052,47,0.42,1.1052,6,0.425,1.1184,417,0
IWM190920C158,2019-09-19,2019-09-19 09:38:41,0.43,1.1315,101,0.42,1.1052,47,0.42,1.1052,6,0.425,1.1184,417,0
IWM190920C158,2019-09-19,2019-09-19 09:38:41,0.43,1.1315,107,0.42,1.1052,51,0.42,1.1052,6,0.425,1.1184,417,0
IWM190920C158,2019-09-19,2019-09-19 09:38:41,0.43,1.1315,107,0.42,1.1052,98,0.42,1.1052,6,0.425,1.1184,417,0
IWM190920C158,2019-09-19,2019-09-19 09:38:41,0.43,1.1315,63,0.42,1.1052,47,0.42,1.1052,6,0.425,1.1184,417,0
IWM190920C158,2019-09-19,2019-09-19 09:38:42,0.43,1.1315,98,0.42,1.1052,47,0.42,1.1052,6,0.425,1.1184,417,0
IWM190920C158,2019-09-19,2019-09-19 09:38:42,0.44,1.1578,342,0.42,1.1052,53,0.42,1.1052,6,0.43,1.1315,417,0
IWM190920C158,2019-09-19,2019-09-19 09:38:42,0.43,1.1315,98,0.42,1.1052,53,0.42,1.1052,6,0.425,1.1184,417,0
IWM190920C158,2019-09-19,2019-09-19 09:38:42,0.44,1.1578,342,0.43,1.1315,6,0.42,1.1052,6,0.435,1.1447,417,0
IWM190920C158,2019-09-19,2019-09-19 09:38:43,0.44,1.1578,342,0.42,1.1052,76,0.44,1.1578,5,0.43,1.1315,422,0
IWM190920C158,2019-09-19,2019-09-19 09:38:43,0.44,1.1578,342,0.42,1.1052,76,0.44,1.1578,5,0.43,1.1315,422,5
IWM190920C158,2019-09-19,2019-09-19 09:38:43,0.44,1.1578,342,0.43,1.1315,6,0.42,1.1052,6,0.435,1.1447,417,0
IWM190920C158,2019-09-19,2019-09-19 09:38:44,0.43,1.1315,183,0.42,1.1052,11,0.44,1.1578,5,0.425,1.1184,422,0
IWM190920C158,2019-09-19,2019-09-19 09:38:44,0.43,1.1315,150,0.42,1.1052,11,0.44,1.1578,5,0.425,1.1184,422,0
IWM190920C158,2019-09-19,2019-09-19 09:38:44,0.43,1.1315,150,0.41,1.0789,32,0.44,1.1578,5,0.42,1.1052,422,0
IWM190920C158,2019-09-19,2019-09-19 09:38:45,0.43,1.1315,327,0.41,1.0789,59,0.44,1.1578,5,0.42,1.1052,422,0
IWM190920C158,2019-09-19,2019-09-19 09:38:45,0.42,1.1052,1,0.41,1.0789,205,0.42,1.1052,1,0.415,1.0921,423,1
IWM190920C158,2019-09-19,2019-09-19 09:38:45,0.42,1.1052,1,0.41,1.0789,205,0.42,1.1052,1,0.415,1.0921,423,0
IWM190920C158,2019-09-19,2019-09-19 09:38:45,0.43,1.1315,327,0.41,1.0789,120,0.44,1.1578,5,0.42,1.1052,422,0
IWM190920C158,2019-09-19,2019-09-19 09:38:46,0.43,1.1315,325,0.41,1.0789,47,0.42,1.1052,1,0.42,1.1052,423,0
IWM190920C158,2019-09-19,2019-09-19 09:38:46,0.42,1.1052,99,0.41,1.0789,47,0.42,1.1052,1,0.415,1.0921,423,0
IWM190920C158,2019-09-19,2019-09-19 09:38:46,0.43,1.1315,180,0.41,1.0789,205,0.42,1.1052,1,0.42,1.1052,423,0
IWM190920C158,2019-09-19,2019-09-19 09:38:47,0.42,1.1052,121,0.41,1.0789,19,0.42,1.1052,1,0.415,1.0921,423,0
IWM190920C158,2019-09-19,2019-09-19 09:38:47,0.42,1.1052,121,0.41,1.0789,25,0.42,1.1052,1,0.415,1.0921,423,0
IWM190920C158,2019-09-19,2019-09-19 09:38:47,0.42,1.1052,77,0.41,1.0789,19,0.42,1.1052,1,0.415,1.0921,423,0
IWM190920C158,2019-09-19,2019-09-19 09:38:48,0.41,1.0789,31,0.4,1.0526,139,0.42,1.1052,1,0.405,1.0657,423,0
IWM190920C158,2019-09-19,2019-09-19 09:38:48,0.42,1.1052,199,0.4,1.0526,139,0.42,1.1052,1,0.41,1.0789,423,0
IWM190920C158,2019-09-19,2019-09-19 09:38:48,0.42,1.1052,121,0.41,1.0789,25,0.42,1.1052,1,0.415,1.0921,423,0
IWM190920C158,2019-09-19,2019-09-19 09:38:48,0.42,1.1052,289,0.4,1.0526,139,0.42,1.1052,1,0.41,1.0789,423,0
IWM190920C158,2019-09-19,2019-09-19 09:38:49,0.41,1.0789,25,0.4,1.0526,139,0.42,1.1052,1,0.405,1.0657,423,0
IWM190920C158,2019-09-19,2019-09-19 09:38:49,0.41,1.0789,25,0.4,1.0526,68,0.42,1.1052,1,0.405,1.0657,423,0
IWM190920C158,2019-09-19,2019-09-19 09:38:49,0.41,1.0789,33,0.4,1.0526,68,0.42,1.1052,1,0.405,1.0657,423,0
IWM190920C158,2019-09-19,2019-09-19 09:38:49,0.41,1.0789,48,0.4,1.0526,31,0.42,1.1052,1,0.405,1.0657,423,0
IWM190920C158,2019-09-19,2019-09-19 09:38:50,0.41,1.0789,52,0.4,1.0526,22,0.42,1.1052,1,0.405,1.0657,423,0
IWM190920C158,2019-09-19,2019-09-19 09:38:50,0.41,1.0789,48,0.4,1.0526,31,0.42,1.1052,1,0.405,1.0657,423,0
IWM190920C158,2019-09-19,2019-09-19 09:38:50,0.41,1.0789,52,0.4,1.0526,28,0.42,1.1052,1,0.405,1.0657,423,0
IWM190920C158,2019-09-19,2019-09-19 09:38:50,0.41,1.0789,121,0.4,1.0526,22,0.42,1.1052,1,0.405,1.0657,423,0
IWM190920C158,2019-09-19,2019-09-19 09:38:51,0.42,1.1052,190,0.4,1.0526,185,0.42,1.1052,1,0.41,1.0789,423,0
IWM190920C158,2019-09-19,2019-09-19 09:38:51,0.41,1.0789,121,0.4,1.0526,22,0.42,1.1052,1,0.405,1.0657,423,0
IWM190920C158,2019-09-19,2019-09-19 09:38:52,0.43,1.1315,227,0.42,1.1052,63,0.42,1.1052,1,0.425,1.1184,423,0
IWM190920C158,2019-09-19,2019-09-19 09:38:52,0.42,1.1052,190,0.4,1.0526,185,0.42,1.1052,1,0.41,1.0789,423,0
IWM190920C158,2019-09-19,2019-09-19 09:38:52,0.43,1.1315,114,0.42,1.1052,63,0.42,1.1052,1,0.425,1.1184,423,0
IWM190920C158,2019-09-19,2019-09-19 09:38:52,0.43,1.1315,92,0.42,1.1052,63,0.42,1.1052,1,0.425,1.1184,423,0
IWM190920C158,2019-09-19,2019-09-19 09:38:53,0.43,1.1315,141,0.42,1.1052,11,0.42,1.1052,1,0.425,1.1184,423,0
IWM190920C158,2019-09-19,2019-09-19 09:38:53,0.43,1.1315,114,0.42,1.1052,11,0.42,1.1052,1,0.425,1.1184,423,0
IWM190920C158,2019-09-19,2019-09-19 09:38:53,0.43,1.1315,265,0.42,1.1052,63,0.42,1.1052,1,0.425,1.1184,423,0
IWM190920C158,2019-09-19,2019-09-19 09:38:54,0.43,1.1315,99,0.42,1.1052,149,0.42,1.1052,1,0.425,1.1184,423,0
IWM190920C158,2019-09-19,2019-09-19 09:38:54,0.43,1.1315,87,0.42,1.1052,149,0.42,1.1052,1,0.425,1.1184,423,0
IWM190920C158,2019-09-19,2019-09-19 09:38:54,0.43,1.1315,24,0.42,1.1052,149,0.42,1.1052,1,0.425,1.1184,423,0
IWM190920C158,2019-09-19,2019-09-19 09:38:54,0.43,1.1315,141,0.42,1.1052,11,0.42,1.1052,1,0.425,1.1184,423,0
IWM190920C158,2019-09-19,2019-09-19 09:38:55,0.43,1.1315,83,0.41,1.0789,62,0.42,1.1052,1,0.42,1.1052,423,0
IWM190920C158,2019-09-19,2019-09-19 09:38:55,0.43,1.1315,109,0.41,1.0789,41,0.42,1.1052,1,0.42,1.1052,423,0
IWM190920C158,2019-09-19,2019-09-19 09:38:55,0.43,1.1315,66,0.41,1.0789,41,0.42,1.1052,1,0.42,1.1052,423,0
IWM190920C158,2019-09-19,2019-09-19 09:38:56,0.43,1.1315,141,0.41,1.0789,62,0.42,1.1052,1,0.42,1.1052,423,0
IWM190920C158,2019-09-19,2019-09-19 09:38:56,0.43,1.1315,150,0.41,1.0789,62,0.42,1.1052,1,0.42,1.1052,423,0
IWM190920C158,2019-09-19,2019-09-19 09:38:57,0.44,1.1578,44,0.42,1.1052,44,0.42,1.1052,1,0.43,1.1315,424,0
IWM190920C158,2019-09-19,2019-09-19 09:38:57,0.44,1.1578,111,0.42,1.1052,36,0.42,1.1052,1,0.43,1.1315,424,0
IWM190920C158,2019-09-19,2019-09-19 09:38:57,0.43,1.1315,150,0.41,1.0789,62,0.42,1.1052,1,0.42,1.1052,424,1
IWM190920C158,2019-09-19,2019-09-19 09:38:57,0.43,1.1315,150,0.41,1.0789,62,0.42,1.1052,1,0.42,1.1052,424,0
IWM190920C158,2019-09-19,2019-09-19 09:38:58,0.44,1.1578,54,0.43,1.1315,93,0.42,1.1052,1,0.435,1.1447,424,0
IWM190920C158,2019-09-19,2019-09-19 09:38:58,0.44,1.1578,44,0.42,1.1052,60,0.42,1.1052,1,0.43,1.1315,424,0
IWM190920C158,2019-09-19,2019-09-19 09:38:58,0.44,1.1578,54,0.43,1.1315,49,0.42,1.1052,1,0.435,1.1447,424,0
IWM190920C158,2019-09-19,2019-09-19 09:38:59,0.44,1.1578,54,0.43,1.1315,94,0.42,1.1052,1,0.435,1.1447,424,0
IWM190920C158,2019-09-19,2019-09-19 09:38:59,0.44,1.1578,54,0.43,1.1315,93,0.42,1.1052,1,0.435,1.1447,424,0
IWM190920C158,2019-09-19,2019-09-19 09:39:00,0.44,1.1578,16,0.43,1.1315,168,0.42,1.1052,1,0.435,1.1447,424,0
IWM190920C158,2019-09-19,2019-09-19 09:39:00,0.44,1.1578,54,0.43,1.1315,178,0.42,1.1052,1,0.435,1.1447,424,0
IWM190920C158,2019-09-19,2019-09-19 09:39:01,0.44,1.1578,10,0.43,1.1315,184,0.42,1.1052,1,0.435,1.1447,424,0
IWM190920C158,2019-09-19,2019-09-19 09:39:01,0.44,1.1578,10,0.43,1.1315,168,0.42,1.1052,1,0.435,1.1447,424,0
IWM190920C158,2019-09-19,2019-09-19 09:39:01,0.44,1.1578,30,0.43,1.1315,168,0.42,1.1052,1,0.435,1.1447,424,0
IWM190920C158,2019-09-19,2019-09-19 09:39:02,0.45,1.1842,50,0.43,1.1315,62,0.42,1.1052,1,0.44,1.1578,424,0
IWM190920C158,2019-09-19,2019-09-19 09:39:02,0.45,1.1842,366,0.43,1.1315,184,0.42,1.1052,1,0.44,1.1578,424,0
IWM190920C158,2019-09-19,2019-09-19 09:39:03,0.45,1.1842,170,0.43,1.1315,90,0.42,1.1052,1,0.44,1.1578,424,0
IWM190920C158,2019-09-19,2019-09-19 09:39:03,0.45,1.1842,91,0.43,1.1315,90,0.42,1.1052,1,0.44,1.1578,424,0
IWM190920C158,2019-09-19,2019-09-19 09:39:03,0.45,1.1842,91,0.44,1.1578,20,0.42,1.1052,1,0.445,1.171,424,0
IWM190920C158,2019-09-19,2019-09-19 09:39:04,0.45,1.1842,63,0.44,1.1578,100,0.42,1.1052,1,0.445,1.171,424,0
IWM190920C158,2019-09-19,2019-09-19 09:39:04,0.45,1.1842,91,0.44,1.1578,39,0.42,1.1052,1,0.445,1.171,424,0
IWM190920C158,2019-09-19,2019-09-19 09:39:04,0.45,1.1842,91,0.44,1.1578,20,0.42,1.1052,1,0.445,1.171,424,0
IWM190920C158,2019-09-19,2019-09-19 09:39:05,0.45,1.1842,137,0.44,1.1578,20,0.42,1.1052,1,0.445,1.171,424,0
IWM190920C158,2019-09-19,2019-09-19 09:39:05,0.44,1.1578,34,0.44,1.1578,20,0.42,1.1052,1,0.44,1.1578,424,0
IWM190920C158,2019-09-19,2019-09-19 09:39:06,0.44,1.1578,34,0.43,1.1315,125,0.42,1.1052,1,0.435,1.1447,424,0
IWM190920C158,2019-09-19,2019-09-19 09:39:06,0.44,1.1578,47,0.43,1.1315,115,0.42,1.1052,1,0.435,1.1447,424,0
IWM190920C158,2019-09-19,2019-09-19 09:39:06,0.44,1.1578,34,0.43,1.1315,115,0.42,1.1052,1,0.435,1.1447,424,0
IWM190920C158,2019-09-19,2019-09-19 09:39:07,0.44,1.1578,121,0.42,1.1052,200,0.42,1.1052,1,0.43,1.1315,424,0
IWM190920C158,2019-09-19,2019-09-19 09:39:07,0.44,1.1578,121,0.42,1.1052,78,0.42,1.1052,1,0.43,1.1315,424,0
IWM190920C158,2019-09-19,2019-09-19 09:39:08,0.43,1.1315,112,0.42,1.1052,39,0.42,1.1052,1,0.425,1.1184,424,0
IWM190920C158,2019-09-19,2019-09-19 09:39:08,0.44,1.1578,121,0.42,1.1052,200,0.42,1.1052,1,0.43,1.1315,424,0
IWM190920C158,2019-09-19,2019-09-19 09:39:09,0.43,1.1315,141,0.42,1.1052,16,0.42,1.1052,1,0.425,1.1184,424,0
IWM190920C158,2019-09-19,2019-09-19 09:39:09,0.43,1.1315,134,0.41,1.0789,187,0.42,1.1052,1,0.42,1.1052,424,0
IWM190920C158,2019-09-19,2019-09-19 09:39:10,0.43,1.1315,124,0.42,1.1052,17,0.42,1.1052,1,0.425,1.1184,424,0
IWM190920C158,2019-09-19,2019-09-19 09:39:10,0.43,1.1315,106,0.42,1.1052,17,0.42,1.1052,1,0.425,1.1184,424,0
IWM190920C158,2019-09-19,2019-09-19 09:39:10,0.43,1.1315,131,0.41,1.0789,89,0.42,1.1052,1,0.42,1.1052,424,0
IWM190920C158,2019-09-19,2019-09-19 09:39:11,0.43,1.1315,44,0.42,1.1052,118,0.42,1.1052,1,0.425,1.1184,424,0
IWM190920C158,2019-09-19,2019-09-19 09:39:11,0.43,1.1315,44,0.41,1.0789,167,0.42,1.1052,1,0.42,1.1052,424,0
IWM190920C158,2019-09-19,2019-09-19 09:39:11,0.43,1.1315,44,0.42,1.1052,88,0.42,1.1052,1,0.425,1.1184,424,0
IWM190920C158,2019-09-19,2019-09-19 09:39:12,0.44,1.1578,261,0.42,1.1052,80,0.42,1.1052,1,0.43,1.1315,424,0
IWM190920C158,2019-09-19,2019-09-19 09:39:12,0.44,1.1578,261,0.42,1.1052,118,0.42,1.1052,1,0.43,1.1315,424,0
IWM190920C158,2019-09-19,2019-09-19 09:39:13,0.44,1.1578,73,0.43,1.1315,51,0.42,1.1052,1,0.435,1.1447,424,0
IWM190920C158,2019-09-19,2019-09-19 09:39:13,0.44,1.1578,44,0.43,1.1315,87,0.42,1.1052,1,0.435,1.1447,424,0
IWM190920C158,2019-09-19,2019-09-19 09:39:14,0.44,1.1578,44,0.43,1.1315,105,0.42,1.1052,1,0.435,1.1447,424,0
IWM190920C158,2019-09-19,2019-09-19 09:39:14,0.44,1.1578,60,0.43,1.1315,105,0.42,1.1052,1,0.435,1.1447,424,0
IWM190920C158,2019-09-19,2019-09-19 09:39:15,0.44,1.1578,20,0.43,1.1315,105,0.42,1.1052,1,0.435,1.1447,424,0
IWM190920C158,2019-09-19,2019-09-19 09:39:15,0.44,1.1578,60,0.43,1.1315,105,0.42,1.1052,1,0.435,1.1447,424,0
IWM190920C158,2019-09-19,2019-09-19 09:39:16,0.44,1.1578,138,0.43,1.1315,70,0.42,1.1052,1,0.435,1.1447,424,0
IWM190920C158,2019-09-19,2019-09-19 09:39:16,0.43,1.1315,40,0.42,1.1052,113,0.42,1.1052,1,0.425,1.1184,424,0
IWM190920C158,2019-09-19,2019-09-19 09:39:17,0.43,1.1315,116,0.41,1.0789,241,0.42,1.1052,1,0.42,1.1052,424,0
IWM190920C158,2019-09-19,2019-09-19 09:39:17,0.43,1.1315,78,0.42,1.1052,15,0.42,1.1052,1,0.425,1.1184,424,0
IWM190920C158,2019-09-19,2019-09-19 09:39:17,0.43,1.1315,116,0.41,1.0789,78,0.42,1.1052,1,0.42,1.1052,424,0
IWM190920C158,2019-09-19,2019-09-19 09:39:17,0.43,1.1315,116,0.41,1.0789,197,0.42,1.1052,1,0.42,1.1052,424,0
IWM190920C158,2019-09-19,2019-09-19 09:39:18,0.43,1.1315,60,0.41,1.0789,43,0.42,1.1052,1,0.42,1.1052,424,0
IWM190920C158,2019-09-19,2019-09-19 09:39:18,0.43,1.1315,82,0.41,1.0789,166,0.42,1.1052,1,0.42,1.1052,424,0
IWM190920C158,2019-09-19,2019-09-19 09:39:18,0.43,1.1315,92,0.41,1.0789,179,0.42,1.1052,1,0.42,1.1052,424,0
IWM190920C158,2019-09-19,2019-09-19 09:39:18,0.43,1.1315,60,0.41,1.0789,53,0.42,1.1052,1,0.42,1.1052,424,0
IWM190920C158,2019-09-19,2019-09-19 09:39:19,0.43,1.1315,117,0.41,1.0789,151,0.42,1.1052,1,0.42,1.1052,424,0
IWM190920C158,2019-09-19,2019-09-19 09:39:19,0.43,1.1315,117,0.41,1.0789,101,0.42,1.1052,1,0.42,1.1052,424,0
IWM190920C158,2019-09-19,2019-09-19 09:39:20,0.42,1.1052,37,0.41,1.0789,58,0.42,1.1052,1,0.415,1.0921,424,0
IWM190920C158,2019-09-19,2019-09-19 09:39:20,0.42,1.1052,37,0.41,1.0789,51,0.42,1.1052,1,0.415,1.0921,424,0
IWM190920C158,2019-09-19,2019-09-19 09:39:21,0.43,1.1315,136,0.41,1.0789,58,0.42,1.1052,1,0.42,1.1052,424,0
IWM190920C158,2019-09-19,2019-09-19 09:39:22,0.42,1.1052,67,0.4,1.0526,61,0.42,1.1052,1,0.41,1.0789,424,0
IWM190920C158,2019-09-19,2019-09-19 09:39:22,0.42,1.1052,67,0.41,1.0789,14,0.42,1.1052,1,0.415,1.0921,424,0
IWM190920C158,2019-09-19,2019-09-19 09:39:23,0.42,1.1052,133,0.4,1.0526,122,0.42,1.1052,1,0.41,1.0789,424,0
IWM190920C158,2019-09-19,2019-09-19 09:39:23,0.42,1.1052,119,0.4,1.0526,213,0.42,1.1052,1,0.41,1.0789,424,0
IWM190920C158,2019-09-19,2019-09-19 09:39:23,0.42,1.1052,133,0.4,1.0526,207,0.42,1.1052,1,0.41,1.0789,424,0
IWM190920C158,2019-09-19,2019-09-19 09:39:24,0.42,1.1052,94,0.41,1.0789,11,0.42,1.1052,1,0.415,1.0921,424,0
IWM190920C158,2019-09-19,2019-09-19 09:39:24,0.42,1.1052,94,0.41,1.0789,17,0.42,1.1052,1,0.415,1.0921,424,0
IWM190920C158,2019-09-19,2019-09-19 09:39:24,0.42,1.1052,73,0.41,1.0789,17,0.42,1.1052,1,0.415,1.0921,424,0
IWM190920C158,2019-09-19,2019-09-19 09:39:24,0.42,1.1052,119,0.4,1.0526,287,0.42,1.1052,1,0.41,1.0789,424,0
IWM190920C158,2019-09-19,2019-09-19 09:39:25,0.42,1.1052,94,0.41,1.0789,11,0.42,1.1052,1,0.415,1.0921,424,0
IWM190920C158,2019-09-19,2019-09-19 09:39:25,0.42,1.1052,94,0.41,1.0789,38,0.42,1.1052,1,0.415,1.0921,424,0
IWM190920C158,2019-09-19,2019-09-19 09:39:25,0.42,1.1052,94,0.41,1.0789,30,0.42,1.1052,1,0.415,1.0921,424,0
IWM190920C158,2019-09-19,2019-09-19 09:39:26,0.42,1.1052,66,0.41,1.0789,17,0.42,1.1052,1,0.415,1.0921,424,0
IWM190920C158,2019-09-19,2019-09-19 09:39:26,0.42,1.1052,66,0.41,1.0789,27,0.42,1.1052,1,0.415,1.0921,424,0
IWM190920C158,2019-09-19,2019-09-19 09:39:26,0.42,1.1052,94,0.41,1.0789,30,0.42,1.1052,1,0.415,1.0921,424,0
IWM190920C158,2019-09-19,2019-09-19 09:39:27,0.42,1.1052,108,0.41,1.0789,2,0.42,1.1052,1,0.415,1.0921,424,0
IWM190920C158,2019-09-19,2019-09-19 09:39:27,0.42,1.1052,101,0.41,1.0789,27,0.42,1.1052,1,0.415,1.0921,424,0
IWM190920C158,2019-09-19,2019-09-19 09:39:28,0.42,1.1052,358,0.41,1.0789,2,0.42,1.1052,1,0.415,1.0921,424,0
IWM190920C158,2019-09-19,2019-09-19 09:39:28,0.41,1.0789,91,0.4,1.0526,38,0.41,1.0789,2,0.405,1.0657,426,2
IWM190920C158,2019-09-19,2019-09-19 09:39:29,0.41,1.0789,91,0.4,1.0526,38,0.41,1.0789,2,0.405,1.0657,426,0
IWM190920C158,2019-09-19,2019-09-19 09:39:29,0.41,1.0789,91,0.4,1.0526,19,0.41,1.0789,2,0.405,1.0657,426,0
IWM190920C158,2019-09-19,2019-09-19 09:39:29,0.41,1.0789,61,0.4,1.0526,6,0.41,1.0789,2,0.405,1.0657,426,0
IWM190920C158,2019-09-19,2019-09-19 09:39:30,0.41,1.0789,61,0.4,1.0526,6,0.41,1.0789,2,0.405,1.0657,426,0
IWM190920C158,2019-09-19,2019-09-19 09:39:31,0.41,1.0789,61,0.4,1.0526,6,0.41,1.0789,2,0.405,1.0657,426,0
IWM190920C158,2019-09-19,2019-09-19 09:39:31,0.41,1.0789,61,0.4,1.0526,27,0.41,1.0789,2,0.405,1.0657,426,0
IWM190920C158,2019-09-19,2019-09-19 09:39:32,0.41,1.0789,190,0.4,1.0526,27,0.41,1.0789,2,0.405,1.0657,426,0
IWM190920C158,2019-09-19,2019-09-19 09:39:33,0.4,1.0526,48,0.39,1.0263,126,0.4,1.0526,1,0.395,1.0394,427,0
IWM190920C158,2019-09-19,2019-09-19 09:39:33,0.4,1.0526,48,0.39,1.0263,59,0.4,1.0526,1,0.395,1.0394,427,0
IWM190920C158,2019-09-19,2019-09-19 09:39:33,0.4,1.0526,48,0.39,1.0263,59,0.4,1.0526,1,0.395,1.0394,427,1
IWM190920C158,2019-09-19,2019-09-19 09:39:33,0.4,1.0526,48,0.39,1.0263,143,0.4,1.0526,1,0.395,1.0394,427,0
IWM190920C158,2019-09-19,2019-09-19 09:39:34,0.41,1.0789,115,0.4,1.0526,44,0.4,1.0526,1,0.405,1.0657,427,0
IWM190920C158,2019-09-19,2019-09-19 09:39:34,0.41,1.0789,73,0.39,1.0263,162,0.4,1.0526,1,0.4,1.0526,427,0
IWM190920C158,2019-09-19,2019-09-19 09:39:34,0.4,1.0526,48,0.39,1.0263,143,0.4,1.0526,1,0.395,1.0394,427,0
IWM190920C158,2019-09-19,2019-09-19 09:39:35,0.41,1.0789,28,0.4,1.0526,99,0.4,1.0526,1,0.405,1.0657,427,0
IWM190920C158,2019-09-19,2019-09-19 09:39:35,0.41,1.0789,115,0.4,1.0526,128,0.4,1.0526,1,0.405,1.0657,427,0
IWM190920C158,2019-09-19,2019-09-19 09:39:35,0.41,1.0789,115,0.4,1.0526,89,0.4,1.0526,1,0.405,1.0657,427,0
IWM190920C158,2019-09-19,2019-09-19 09:39:35,0.41,1.0789,115,0.4,1.0526,111,0.4,1.0526,1,0.405,1.0657,427,0
IWM190920C158,2019-09-19,2019-09-19 09:39:36,0.42,1.1052,383,0.4,1.0526,99,0.4,1.0526,1,0.41,1.0789,427,0
IWM190920C158,2019-09-19,2019-09-19 09:39:36,0.42,1.1052,383,0.4,1.0526,182,0.4,1.0526,1,0.41,1.0789,427,0
IWM190920C158,2019-09-19,2019-09-19 09:39:37,0.41,1.0789,92,0.4,1.0526,168,0.4,1.0526,1,0.405,1.0657,427,0
IWM190920C158,2019-09-19,2019-09-19 09:39:37,0.41,1.0789,92,0.4,1.0526,172,0.4,1.0526,1,0.405,1.0657,427,0
IWM190920C158,2019-09-19,2019-09-19 09:39:37,0.41,1.0789,92,0.4,1.0526,108,0.4,1.0526,1,0.405,1.0657,427,0
IWM190920C158,2019-09-19,2019-09-19 09:39:38,0.41,1.0789,92,0.4,1.0526,30,0.4,1.0526,1,0.405,1.0657,427,0
IWM190920C158,2019-09-19,2019-09-19 09:39:39,0.41,1.0789,92,0.4,1.0526,30,0.4,1.0526,1,0.405,1.0657,427,0
IWM190920C158,2019-09-19,2019-09-19 09:39:40,0.41,1.0789,92,0.4,1.0526,30,0.4,1.0526,1,0.405,1.0657,427,0
IWM190920C158,2019-09-19,2019-09-19 09:39:40,0.41,1.0789,92,0.4,1.0526,24,0.4,1.0526,1,0.405,1.0657,427,0
IWM190920C158,2019-09-19,2019-09-19 09:39:41,0.4,1.0526,52,0.39,1.0263,117,0.4,1.0526,1,0.395,1.0394,427,0
IWM190920C158,2019-09-19,2019-09-19 09:39:41,0.4,1.0526,52,0.39,1.0263,59,0.4,1.0526,1,0.395,1.0394,427,0
IWM190920C158,2019-09-19,2019-09-19 09:39:42,0.4,1.0526,35,0.39,1.0263,167,0.4,1.0526,1,0.395,1.0394,427,0
IWM190920C158,2019-09-19,2019-09-19 09:39:42,0.4,1.0526,39,0.39,1.0263,117,0.4,1.0526,1,0.395,1.0394,427,0
IWM190920C158,2019-09-19,2019-09-19 09:39:43,0.4,1.0526,35,0.39,1.0263,192,0.4,1.0526,1,0.395,1.0394,427,0
IWM190920C158,2019-09-19,2019-09-19 09:39:43,0.41,1.0789,145,0.4,1.0526,10,0.4,1.0526,1,0.405,1.0657,427,0
IWM190920C158,2019-09-19,2019-09-19 09:39:43,0.41,1.0789,145,0.4,1.0526,13,0.4,1.0526,1,0.405,1.0657,427,0
IWM190920C158,2019-09-19,2019-09-19 09:39:44,0.41,1.0789,145,0.4,1.0526,13,0.4,1.0526,1,0.405,1.0657,427,0
IWM190920C158,2019-09-19,2019-09-19 09:39:44,0.41,1.0789,145,0.4,1.0526,10,0.4,1.0526,1,0.405,1.0657,427,0
IWM190920C158,2019-09-19,2019-09-19 09:39:45,0.41,1.0789,81,0.4,1.0526,61,0.4,1.0526,1,0.405,1.0657,427,0
IWM190920C158,2019-09-19,2019-09-19 09:39:45,0.41,1.0789,81,0.4,1.0526,47,0.4,1.0526,1,0.405,1.0657,427,0
IWM190920C158,2019-09-19,2019-09-19 09:39:45,0.41,1.0789,81,0.4,1.0526,129,0.4,1.0526,1,0.405,1.0657,427,0
IWM190920C158,2019-09-19,2019-09-19 09:39:45,0.41,1.0789,145,0.4,1.0526,10,0.4,1.0526,1,0.405,1.0657,427,0
IWM190920C158,2019-09-19,2019-09-19 09:39:46,0.41,1.0789,82,0.4,1.0526,36,0.4,1.0526,1,0.405,1.0657,427,0
IWM190920C158,2019-09-19,2019-09-19 09:39:46,0.41,1.0789,133,0.4,1.0526,13,0.4,1.0526,1,0.405,1.0657,427,0
IWM190920C158,2019-09-19,2019-09-19 09:39:47,0.4,1.0526,29,0.4,1.0526,13,0.4,1.0526,1,0.4,1.0526,427,0
