symbol,Date,quote_time,ask_price,norm_ask_price,ask_size,bid_price,norm_bid_price,bid_size,last_trade_price,norm_last_trade_price,last_trade_size,mark_price,norm_mark_price,volume,Volume
IWM191025P152,2019-10-23,2019-10-23 09:30:00,0.3,1.0,330,0.28,0.9333,478,0.31,1.0333,2,0.29,0.9666,5640,0
IWM191025P152,2019-10-23,2019-10-23 09:30:00,0.3,1.0,330,0.28,0.9333,478,0.31,1.0333,2,0.29,0.9666,5640,5640
IWM191025P152,2019-10-23,2019-10-23 09:30:01,0.3,1.0,330,0.28,0.9333,478,0.31,1.0333,2,0.29,0.9666,5640,0
IWM191025P152,2019-10-23,2019-10-23 09:30:02,0.3,1.0,330,0.28,0.9333,478,0.31,1.0333,2,0.29,0.9666,5640,0
IWM191025P152,2019-10-23,2019-10-23 09:30:03,0.3,1.0,330,0.28,0.9333,478,0.31,1.0333,2,0.29,0.9666,5640,0
IWM191025P152,2019-10-23,2019-10-23 09:30:05,0.28,0.9333,22,0.21,0.7,22,0.31,1.0333,2,0.245,0.8166,0,-5640
IWM191025P152,2019-10-23,2019-10-23 09:30:05,0.29,0.9666,22,0.22,0.7333,22,0.31,1.0333,2,0.255,0.85,0,0
IWM191025P152,2019-10-23,2019-10-23 09:30:06,0.29,0.9666,22,0.22,0.7333,22,0.31,1.0333,2,0.255,0.85,0,0
IWM191025P152,2019-10-23,2019-10-23 09:30:07,0.27,0.9,250,0.23,0.7666,435,0.31,1.0333,2,0.25,0.8333,0,0
IWM191025P152,2019-10-23,2019-10-23 09:30:07,0.27,0.9,100,0.23,0.7666,435,0.31,1.0333,2,0.25,0.8333,0,0
IWM191025P152,2019-10-23,2019-10-23 09:30:08,0.27,0.9,100,0.23,0.7666,435,0.31,1.0333,2,0.25,0.8333,0,0
IWM191025P152,2019-10-23,2019-10-23 09:30:09,0.27,0.9,100,0.23,0.7666,435,0.31,1.0333,2,0.25,0.8333,0,0
IWM191025P152,2019-10-23,2019-10-23 09:30:10,0.27,0.9,100,0.23,0.7666,435,0.31,1.0333,2,0.25,0.8333,0,0
IWM191025P152,2019-10-23,2019-10-23 09:30:10,0.27,0.9,250,0.23,0.7666,435,0.31,1.0333,2,0.25,0.8333,0,0
IWM191025P152,2019-10-23,2019-10-23 09:30:11,0.27,0.9,100,0.23,0.7666,435,0.31,1.0333,2,0.25,0.8333,0,0
IWM191025P152,2019-10-23,2019-10-23 09:30:11,0.27,0.9,5,0.23,0.7666,435,0.31,1.0333,2,0.25,0.8333,0,0
IWM191025P152,2019-10-23,2019-10-23 09:30:12,0.28,0.9333,150,0.23,0.7666,485,0.31,1.0333,2,0.255,0.85,0,0
IWM191025P152,2019-10-23,2019-10-23 09:30:12,0.28,0.9333,210,0.23,0.7666,472,0.31,1.0333,2,0.255,0.85,0,0
IWM191025P152,2019-10-23,2019-10-23 09:30:13,0.27,0.9,100,0.23,0.7666,150,0.31,1.0333,2,0.25,0.8333,0,0
IWM191025P152,2019-10-23,2019-10-23 09:30:13,0.28,0.9333,100,0.23,0.7666,528,0.31,1.0333,2,0.255,0.85,0,0
IWM191025P152,2019-10-23,2019-10-23 09:30:14,0.28,0.9333,200,0.23,0.7666,90,0.31,1.0333,2,0.255,0.85,0,0
IWM191025P152,2019-10-23,2019-10-23 09:30:14,0.28,0.9333,210,0.23,0.7666,90,0.31,1.0333,2,0.255,0.85,0,0
IWM191025P152,2019-10-23,2019-10-23 09:30:15,0.28,0.9333,153,0.24,0.8,30,0.31,1.0333,2,0.26,0.8666,0,0
IWM191025P152,2019-10-23,2019-10-23 09:30:15,0.28,0.9333,150,0.24,0.8,191,0.31,1.0333,2,0.26,0.8666,0,0
IWM191025P152,2019-10-23,2019-10-23 09:30:16,0.28,0.9333,150,0.24,0.8,361,0.31,1.0333,2,0.26,0.8666,0,0
IWM191025P152,2019-10-23,2019-10-23 09:30:16,0.28,0.9333,150,0.24,0.8,191,0.31,1.0333,2,0.26,0.8666,0,0
IWM191025P152,2019-10-23,2019-10-23 09:30:17,0.28,0.9333,150,0.24,0.8,379,0.31,1.0333,2,0.26,0.8666,0,0
IWM191025P152,2019-10-23,2019-10-23 09:30:17,0.28,0.9333,150,0.24,0.8,361,0.31,1.0333,2,0.26,0.8666,0,0
IWM191025P152,2019-10-23,2019-10-23 09:30:18,0.29,0.9666,212,0.25,0.8333,165,0.31,1.0333,2,0.27,0.9,0,0
IWM191025P152,2019-10-23,2019-10-23 09:30:18,0.28,0.9333,150,0.24,0.8,396,0.31,1.0333,2,0.26,0.8666,0,0
IWM191025P152,2019-10-23,2019-10-23 09:30:19,0.29,0.9666,150,0.25,0.8333,165,0.31,1.0333,2,0.27,0.9,0,0
IWM191025P152,2019-10-23,2019-10-23 09:30:19,0.29,0.9666,240,0.25,0.8333,165,0.31,1.0333,2,0.27,0.9,0,0
IWM191025P152,2019-10-23,2019-10-23 09:30:20,0.29,0.9666,300,0.25,0.8333,250,0.31,1.0333,2,0.27,0.9,0,0
IWM191025P152,2019-10-23,2019-10-23 09:30:20,0.29,0.9666,300,0.25,0.8333,165,0.31,1.0333,2,0.27,0.9,0,0
IWM191025P152,2019-10-23,2019-10-23 09:30:21,0.29,0.9666,300,0.25,0.8333,200,0.31,1.0333,2,0.27,0.9,0,0
IWM191025P152,2019-10-23,2019-10-23 09:30:21,0.29,0.9666,150,0.26,0.8666,150,0.31,1.0333,2,0.275,0.9166,0,0
IWM191025P152,2019-10-23,2019-10-23 09:30:22,0.29,0.9666,150,0.25,0.8333,477,0.31,1.0333,2,0.27,0.9,0,0
IWM191025P152,2019-10-23,2019-10-23 09:30:22,0.29,0.9666,300,0.25,0.8333,197,0.31,1.0333,2,0.27,0.9,0,0
IWM191025P152,2019-10-23,2019-10-23 09:30:23,0.29,0.9666,36,0.26,0.8666,167,0.31,1.0333,2,0.275,0.9166,0,0
IWM191025P152,2019-10-23,2019-10-23 09:30:23,0.29,0.9666,253,0.25,0.8333,159,0.31,1.0333,2,0.27,0.9,0,0
IWM191025P152,2019-10-23,2019-10-23 09:30:24,0.28,0.9333,6,0.25,0.8333,324,0.31,1.0333,2,0.265,0.8833,0,0
IWM191025P152,2019-10-23,2019-10-23 09:30:24,0.29,0.9666,60,0.26,0.8666,358,0.31,1.0333,2,0.275,0.9166,0,0
IWM191025P152,2019-10-23,2019-10-23 09:30:25,0.28,0.9333,316,0.25,0.8333,387,0.31,1.0333,2,0.265,0.8833,0,0
IWM191025P152,2019-10-23,2019-10-23 09:30:25,0.29,0.9666,60,0.26,0.8666,539,0.31,1.0333,2,0.275,0.9166,0,0
IWM191025P152,2019-10-23,2019-10-23 09:30:26,0.27,0.9,15,0.24,0.8,1142,0.31,1.0333,2,0.255,0.85,0,0
IWM191025P152,2019-10-23,2019-10-23 09:30:26,0.27,0.9,72,0.24,0.8,1018,0.31,1.0333,2,0.255,0.85,0,0
IWM191025P152,2019-10-23,2019-10-23 09:30:27,0.27,0.9,15,0.24,0.8,1092,0.31,1.0333,2,0.255,0.85,0,0
IWM191025P152,2019-10-23,2019-10-23 09:30:27,0.28,0.9333,150,0.25,0.8333,691,0.31,1.0333,2,0.265,0.8833,0,0
IWM191025P152,2019-10-23,2019-10-23 09:30:28,0.28,0.9333,150,0.25,0.8333,628,0.31,1.0333,2,0.265,0.8833,0,0
IWM191025P152,2019-10-23,2019-10-23 09:30:29,0.28,0.9333,288,0.25,0.8333,778,0.31,1.0333,2,0.265,0.8833,0,0
IWM191025P152,2019-10-23,2019-10-23 09:30:29,0.28,0.9333,587,0.25,0.8333,275,0.31,1.0333,2,0.265,0.8833,0,0
IWM191025P152,2019-10-23,2019-10-23 09:30:30,0.28,0.9333,275,0.25,0.8333,683,0.31,1.0333,2,0.265,0.8833,0,0
IWM191025P152,2019-10-23,2019-10-23 09:30:30,0.28,0.9333,364,0.25,0.8333,695,0.31,1.0333,2,0.265,0.8833,0,0
IWM191025P152,2019-10-23,2019-10-23 09:30:31,0.28,0.9333,475,0.25,0.8333,631,0.31,1.0333,2,0.265,0.8833,0,0
IWM191025P152,2019-10-23,2019-10-23 09:30:32,0.28,0.9333,590,0.25,0.8333,526,0.31,1.0333,2,0.265,0.8833,0,0
IWM191025P152,2019-10-23,2019-10-23 09:30:32,0.28,0.9333,237,0.25,0.8333,373,0.31,1.0333,2,0.265,0.8833,0,0
IWM191025P152,2019-10-23,2019-10-23 09:30:33,0.28,0.9333,607,0.25,0.8333,503,0.31,1.0333,2,0.265,0.8833,0,0
IWM191025P152,2019-10-23,2019-10-23 09:30:34,0.28,0.9333,293,0.25,0.8333,890,0.31,1.0333,2,0.265,0.8833,0,0
IWM191025P152,2019-10-23,2019-10-23 09:30:34,0.28,0.9333,351,0.25,0.8333,731,0.31,1.0333,2,0.265,0.8833,0,0
IWM191025P152,2019-10-23,2019-10-23 09:30:35,0.28,0.9333,330,0.25,0.8333,799,0.31,1.0333,2,0.265,0.8833,0,0
IWM191025P152,2019-10-23,2019-10-23 09:30:35,0.28,0.9333,293,0.25,0.8333,890,0.31,1.0333,2,0.265,0.8833,0,0
IWM191025P152,2019-10-23,2019-10-23 09:30:36,0.28,0.9333,645,0.25,0.8333,799,0.31,1.0333,2,0.265,0.8833,0,0
IWM191025P152,2019-10-23,2019-10-23 09:30:37,0.27,0.9,179,0.24,0.8,588,0.31,1.0333,2,0.255,0.85,0,0
IWM191025P152,2019-10-23,2019-10-23 09:30:37,0.26,0.8666,10,0.24,0.8,830,0.31,1.0333,2,0.25,0.8333,0,0
IWM191025P152,2019-10-23,2019-10-23 09:30:38,0.27,0.9,179,0.24,0.8,684,0.31,1.0333,2,0.255,0.85,0,0
IWM191025P152,2019-10-23,2019-10-23 09:30:38,0.27,0.9,308,0.24,0.8,733,0.31,1.0333,2,0.255,0.85,0,0
IWM191025P152,2019-10-23,2019-10-23 09:30:39,0.27,0.9,308,0.24,0.8,733,0.31,1.0333,2,0.255,0.85,0,0
IWM191025P152,2019-10-23,2019-10-23 09:30:39,0.27,0.9,378,0.24,0.8,733,0.31,1.0333,2,0.255,0.85,0,0
IWM191025P152,2019-10-23,2019-10-23 09:30:40,0.27,0.9,228,0.24,0.8,733,0.31,1.0333,2,0.255,0.85,0,0
IWM191025P152,2019-10-23,2019-10-23 09:30:41,0.27,0.9,228,0.24,0.8,733,0.31,1.0333,2,0.255,0.85,0,0
IWM191025P152,2019-10-23,2019-10-23 09:30:41,0.27,0.9,69,0.24,0.8,846,0.31,1.0333,2,0.255,0.85,0,0
IWM191025P152,2019-10-23,2019-10-23 09:30:42,0.27,0.9,111,0.24,0.8,873,0.31,1.0333,2,0.255,0.85,0,0
IWM191025P152,2019-10-23,2019-10-23 09:30:42,0.27,0.9,111,0.24,0.8,627,0.31,1.0333,2,0.255,0.85,0,0
IWM191025P152,2019-10-23,2019-10-23 09:30:43,0.27,0.9,137,0.24,0.8,858,0.31,1.0333,2,0.255,0.85,0,0
IWM191025P152,2019-10-23,2019-10-23 09:30:43,0.27,0.9,297,0.24,0.8,834,0.31,1.0333,2,0.255,0.85,0,0
IWM191025P152,2019-10-23,2019-10-23 09:30:44,0.27,0.9,584,0.24,0.8,552,0.31,1.0333,2,0.255,0.85,0,0
IWM191025P152,2019-10-23,2019-10-23 09:30:44,0.27,0.9,584,0.24,0.8,516,0.31,1.0333,2,0.255,0.85,0,0
IWM191025P152,2019-10-23,2019-10-23 09:30:45,0.27,0.9,300,0.24,0.8,516,0.31,1.0333,2,0.255,0.85,0,0
IWM191025P152,2019-10-23,2019-10-23 09:30:45,0.27,0.9,300,0.24,0.8,775,0.31,1.0333,2,0.255,0.85,0,0
IWM191025P152,2019-10-23,2019-10-23 09:30:46,0.27,0.9,300,0.24,0.8,782,0.31,1.0333,2,0.255,0.85,0,0
IWM191025P152,2019-10-23,2019-10-23 09:30:46,0.27,0.9,300,0.24,0.8,481,0.31,1.0333,2,0.255,0.85,0,0
IWM191025P152,2019-10-23,2019-10-23 09:30:47,0.27,0.9,592,0.24,0.8,817,0.31,1.0333,2,0.255,0.85,0,0
IWM191025P152,2019-10-23,2019-10-23 09:30:48,0.27,0.9,647,0.24,0.8,635,0.31,1.0333,2,0.255,0.85,0,0
IWM191025P152,2019-10-23,2019-10-23 09:30:49,0.27,0.9,647,0.24,0.8,635,0.31,1.0333,2,0.255,0.85,0,0
IWM191025P152,2019-10-23,2019-10-23 09:30:50,0.27,0.9,643,0.24,0.8,594,0.31,1.0333,2,0.255,0.85,0,0
IWM191025P152,2019-10-23,2019-10-23 09:30:50,0.27,0.9,464,0.24,0.8,433,0.31,1.0333,2,0.255,0.85,0,0
IWM191025P152,2019-10-23,2019-10-23 09:30:51,0.27,0.9,464,0.24,0.8,433,0.31,1.0333,2,0.255,0.85,0,0
IWM191025P152,2019-10-23,2019-10-23 09:30:51,0.26,0.8666,96,0.24,0.8,236,0.31,1.0333,2,0.25,0.8333,0,0
IWM191025P152,2019-10-23,2019-10-23 09:30:52,0.26,0.8666,96,0.24,0.8,236,0.31,1.0333,2,0.25,0.8333,0,0
IWM191025P152,2019-10-23,2019-10-23 09:30:52,0.26,0.8666,96,0.24,0.8,307,0.31,1.0333,2,0.25,0.8333,0,0
IWM191025P152,2019-10-23,2019-10-23 09:30:53,0.26,0.8666,20,0.24,0.8,389,0.31,1.0333,2,0.25,0.8333,0,0
IWM191025P152,2019-10-23,2019-10-23 09:30:53,0.26,0.8666,10,0.24,0.8,163,0.31,1.0333,2,0.25,0.8333,0,0
IWM191025P152,2019-10-23,2019-10-23 09:30:54,0.27,0.9,359,0.24,0.8,233,0.31,1.0333,2,0.255,0.85,0,0
IWM191025P152,2019-10-23,2019-10-23 09:30:54,0.27,0.9,972,0.24,0.8,233,0.31,1.0333,2,0.255,0.85,0,0
IWM191025P152,2019-10-23,2019-10-23 09:30:55,0.26,0.8666,710,0.23,0.7666,720,0.31,1.0333,2,0.245,0.8166,0,0
IWM191025P152,2019-10-23,2019-10-23 09:30:55,0.26,0.8666,365,0.23,0.7666,720,0.31,1.0333,2,0.245,0.8166,0,0
IWM191025P152,2019-10-23,2019-10-23 09:30:56,0.26,0.8666,354,0.23,0.7666,870,0.31,1.0333,2,0.245,0.8166,0,0
IWM191025P152,2019-10-23,2019-10-23 09:30:56,0.26,0.8666,753,0.23,0.7666,720,0.31,1.0333,2,0.245,0.8166,0,0
IWM191025P152,2019-10-23,2019-10-23 09:30:57,0.26,0.8666,513,0.23,0.7666,995,0.31,1.0333,2,0.245,0.8166,0,0
IWM191025P152,2019-10-23,2019-10-23 09:30:58,0.25,0.8333,20,0.23,0.7666,1126,0.31,1.0333,2,0.24,0.8,0,0
IWM191025P152,2019-10-23,2019-10-23 09:30:58,0.26,0.8666,513,0.23,0.7666,1200,0.31,1.0333,2,0.245,0.8166,0,0
IWM191025P152,2019-10-23,2019-10-23 09:30:59,0.25,0.8333,20,0.24,0.8,167,0.31,1.0333,2,0.245,0.8166,0,0
IWM191025P152,2019-10-23,2019-10-23 09:30:59,0.25,0.8333,20,0.23,0.7666,1200,0.31,1.0333,2,0.24,0.8,0,0
IWM191025P152,2019-10-23,2019-10-23 09:31:00,0.25,0.8333,20,0.24,0.8,492,0.31,1.0333,2,0.245,0.8166,0,0
IWM191025P152,2019-10-23,2019-10-23 09:31:00,0.25,0.8333,20,0.24,0.8,443,0.31,1.0333,2,0.245,0.8166,0,0
IWM191025P152,2019-10-23,2019-10-23 09:31:01,0.25,0.8333,20,0.24,0.8,146,0.31,1.0333,2,0.245,0.8166,0,0
IWM191025P152,2019-10-23,2019-10-23 09:31:02,0.25,0.8333,20,0.24,0.8,702,0.31,1.0333,2,0.245,0.8166,0,0
IWM191025P152,2019-10-23,2019-10-23 09:31:03,0.25,0.8333,20,0.24,0.8,1145,0.31,1.0333,2,0.245,0.8166,0,0
IWM191025P152,2019-10-23,2019-10-23 09:31:03,0.25,0.8333,20,0.24,0.8,1071,0.31,1.0333,2,0.245,0.8166,0,0
IWM191025P152,2019-10-23,2019-10-23 09:31:04,0.27,0.9,829,0.24,0.8,1205,0.24,0.8,5,0.255,0.85,20,20
IWM191025P152,2019-10-23,2019-10-23 09:31:04,0.27,0.9,328,0.25,0.8333,1,0.31,1.0333,2,0.26,0.8666,0,0
IWM191025P152,2019-10-23,2019-10-23 09:31:05,0.27,0.9,791,0.24,0.8,893,0.24,0.8,5,0.255,0.85,20,0
IWM191025P152,2019-10-23,2019-10-23 09:31:05,0.27,0.9,576,0.24,0.8,1108,0.25,0.8333,1,0.255,0.85,21,1
IWM191025P152,2019-10-23,2019-10-23 09:31:06,0.27,0.9,121,0.25,0.8333,196,0.25,0.8333,1,0.26,0.8666,21,0
IWM191025P152,2019-10-23,2019-10-23 09:31:06,0.27,0.9,157,0.25,0.8333,196,0.25,0.8333,1,0.26,0.8666,21,0
IWM191025P152,2019-10-23,2019-10-23 09:31:07,0.27,0.9,294,0.24,0.8,1102,0.25,0.8333,1,0.255,0.85,21,0
IWM191025P152,2019-10-23,2019-10-23 09:31:07,0.27,0.9,77,0.25,0.8333,300,0.25,0.8333,1,0.26,0.8666,21,0
IWM191025P152,2019-10-23,2019-10-23 09:31:08,0.27,0.9,77,0.25,0.8333,300,0.25,0.8333,1,0.26,0.8666,21,0
IWM191025P152,2019-10-23,2019-10-23 09:31:08,0.27,0.9,77,0.25,0.8333,787,0.25,0.8333,1,0.26,0.8666,21,0
IWM191025P152,2019-10-23,2019-10-23 09:31:09,0.28,0.9333,389,0.25,0.8333,231,0.25,0.8333,1,0.265,0.8833,21,0
IWM191025P152,2019-10-23,2019-10-23 09:31:09,0.28,0.9333,331,0.25,0.8333,892,0.25,0.8333,1,0.265,0.8833,21,0
IWM191025P152,2019-10-23,2019-10-23 09:31:10,0.28,0.9333,476,0.25,0.8333,939,0.25,0.8333,1,0.265,0.8833,21,0
IWM191025P152,2019-10-23,2019-10-23 09:31:10,0.28,0.9333,609,0.25,0.8333,400,0.25,0.8333,1,0.265,0.8833,21,0
IWM191025P152,2019-10-23,2019-10-23 09:31:11,0.28,0.9333,575,0.25,0.8333,687,0.25,0.8333,1,0.265,0.8833,21,0
IWM191025P152,2019-10-23,2019-10-23 09:31:11,0.28,0.9333,476,0.25,0.8333,965,0.25,0.8333,1,0.265,0.8833,21,0
IWM191025P152,2019-10-23,2019-10-23 09:31:12,0.28,0.9333,1238,0.25,0.8333,796,0.25,0.8333,1,0.265,0.8833,21,0
IWM191025P152,2019-10-23,2019-10-23 09:31:12,0.27,0.9,86,0.25,0.8333,745,0.25,0.8333,1,0.26,0.8666,21,0
IWM191025P152,2019-10-23,2019-10-23 09:31:13,0.27,0.9,121,0.25,0.8333,647,0.25,0.8333,1,0.26,0.8666,21,0
IWM191025P152,2019-10-23,2019-10-23 09:31:13,0.27,0.9,121,0.25,0.8333,669,0.25,0.8333,1,0.26,0.8666,21,0
IWM191025P152,2019-10-23,2019-10-23 09:31:14,0.27,0.9,196,0.24,0.8,286,0.25,0.8333,1,0.255,0.85,21,0
IWM191025P152,2019-10-23,2019-10-23 09:31:14,0.27,0.9,136,0.24,0.8,286,0.25,0.8333,1,0.255,0.85,21,0
IWM191025P152,2019-10-23,2019-10-23 09:31:15,0.27,0.9,91,0.25,0.8333,620,0.25,0.8333,1,0.26,0.8666,21,0
IWM191025P152,2019-10-23,2019-10-23 09:31:15,0.27,0.9,141,0.25,0.8333,669,0.25,0.8333,1,0.26,0.8666,21,0
IWM191025P152,2019-10-23,2019-10-23 09:31:16,0.27,0.9,281,0.25,0.8333,669,0.25,0.8333,1,0.26,0.8666,21,0
IWM191025P152,2019-10-23,2019-10-23 09:31:16,0.27,0.9,168,0.25,0.8333,669,0.25,0.8333,1,0.26,0.8666,21,0
IWM191025P152,2019-10-23,2019-10-23 09:31:17,0.27,0.9,230,0.25,0.8333,370,0.25,0.8333,1,0.26,0.8666,21,0
IWM191025P152,2019-10-23,2019-10-23 09:31:17,0.27,0.9,230,0.25,0.8333,376,0.25,0.8333,1,0.26,0.8666,21,0
IWM191025P152,2019-10-23,2019-10-23 09:31:18,0.27,0.9,230,0.25,0.8333,370,0.25,0.8333,1,0.26,0.8666,21,0
IWM191025P152,2019-10-23,2019-10-23 09:31:19,0.27,0.9,230,0.25,0.8333,402,0.25,0.8333,1,0.26,0.8666,21,0
IWM191025P152,2019-10-23,2019-10-23 09:31:20,0.27,0.9,161,0.25,0.8333,479,0.25,0.8333,1,0.26,0.8666,21,0
IWM191025P152,2019-10-23,2019-10-23 09:31:20,0.27,0.9,230,0.25,0.8333,402,0.25,0.8333,1,0.26,0.8666,21,0
IWM191025P152,2019-10-23,2019-10-23 09:31:21,0.27,0.9,110,0.25,0.8333,977,0.25,0.8333,1,0.26,0.8666,21,0
IWM191025P152,2019-10-23,2019-10-23 09:31:21,0.27,0.9,174,0.25,0.8333,831,0.25,0.8333,1,0.26,0.8666,21,0
IWM191025P152,2019-10-23,2019-10-23 09:31:22,0.27,0.9,175,0.24,0.8,776,0.25,0.8333,1,0.255,0.85,21,0
IWM191025P152,2019-10-23,2019-10-23 09:31:22,0.27,0.9,175,0.25,0.8333,11,0.25,0.8333,1,0.26,0.8666,21,0
IWM191025P152,2019-10-23,2019-10-23 09:31:23,0.27,0.9,307,0.25,0.8333,154,0.25,0.8333,1,0.26,0.8666,21,0
IWM191025P152,2019-10-23,2019-10-23 09:31:23,0.27,0.9,472,0.25,0.8333,50,0.25,0.8333,1,0.26,0.8666,21,0
IWM191025P152,2019-10-23,2019-10-23 09:31:24,0.27,0.9,260,0.25,0.8333,224,0.25,0.8333,1,0.26,0.8666,21,0
IWM191025P152,2019-10-23,2019-10-23 09:31:25,0.27,0.9,251,0.25,0.8333,468,0.25,0.8333,1,0.26,0.8666,21,0
IWM191025P152,2019-10-23,2019-10-23 09:31:26,0.27,0.9,251,0.25,0.8333,468,0.25,0.8333,1,0.26,0.8666,21,0
IWM191025P152,2019-10-23,2019-10-23 09:31:27,0.27,0.9,261,0.25,0.8333,468,0.25,0.8333,1,0.26,0.8666,21,0
IWM191025P152,2019-10-23,2019-10-23 09:31:28,0.27,0.9,142,0.25,0.8333,307,0.25,0.8333,1,0.26,0.8666,21,0
IWM191025P152,2019-10-23,2019-10-23 09:31:28,0.27,0.9,261,0.25,0.8333,468,0.25,0.8333,1,0.26,0.8666,21,0
IWM191025P152,2019-10-23,2019-10-23 09:31:29,0.27,0.9,265,0.25,0.8333,541,0.25,0.8333,1,0.26,0.8666,21,0
IWM191025P152,2019-10-23,2019-10-23 09:31:30,0.27,0.9,226,0.25,0.8333,764,0.25,0.8333,1,0.26,0.8666,21,0
IWM191025P152,2019-10-23,2019-10-23 09:31:30,0.27,0.9,296,0.25,0.8333,574,0.25,0.8333,1,0.26,0.8666,21,0
IWM191025P152,2019-10-23,2019-10-23 09:31:31,0.27,0.9,221,0.25,0.8333,769,0.25,0.8333,1,0.26,0.8666,21,0
IWM191025P152,2019-10-23,2019-10-23 09:31:31,0.27,0.9,220,0.25,0.8333,764,0.25,0.8333,1,0.26,0.8666,21,0
IWM191025P152,2019-10-23,2019-10-23 09:31:32,0.27,0.9,221,0.25,0.8333,768,0.25,0.8333,1,0.26,0.8666,21,0
IWM191025P152,2019-10-23,2019-10-23 09:31:32,0.27,0.9,221,0.25,0.8333,223,0.25,0.8333,1,0.26,0.8666,21,0
IWM191025P152,2019-10-23,2019-10-23 09:31:33,0.27,0.9,231,0.25,0.8333,886,0.25,0.8333,1,0.26,0.8666,21,0
IWM191025P152,2019-10-23,2019-10-23 09:31:33,0.27,0.9,231,0.25,0.8333,345,0.25,0.8333,1,0.26,0.8666,21,0
IWM191025P152,2019-10-23,2019-10-23 09:31:34,0.27,0.9,112,0.25,0.8333,1133,0.25,0.8333,1,0.26,0.8666,21,0
IWM191025P152,2019-10-23,2019-10-23 09:31:34,0.27,0.9,112,0.25,0.8333,926,0.25,0.8333,1,0.26,0.8666,21,0
IWM191025P152,2019-10-23,2019-10-23 09:31:35,0.27,0.9,20,0.25,0.8333,1566,0.25,0.8333,1,0.26,0.8666,21,0
IWM191025P152,2019-10-23,2019-10-23 09:31:35,0.27,0.9,20,0.25,0.8333,677,0.25,0.8333,1,0.26,0.8666,21,0
IWM191025P152,2019-10-23,2019-10-23 09:31:36,0.28,0.9333,567,0.26,0.8666,847,0.25,0.8333,1,0.27,0.9,21,0
IWM191025P152,2019-10-23,2019-10-23 09:31:36,0.28,0.9333,708,0.26,0.8666,425,0.25,0.8333,1,0.27,0.9,21,0
IWM191025P152,2019-10-23,2019-10-23 09:31:37,0.28,0.9333,101,0.26,0.8666,843,0.25,0.8333,1,0.27,0.9,21,0
IWM191025P152,2019-10-23,2019-10-23 09:31:37,0.28,0.9333,286,0.26,0.8666,816,0.25,0.8333,1,0.27,0.9,21,0
IWM191025P152,2019-10-23,2019-10-23 09:31:38,0.28,0.9333,36,0.26,0.8666,1323,0.25,0.8333,1,0.27,0.9,21,0
IWM191025P152,2019-10-23,2019-10-23 09:31:38,0.28,0.9333,101,0.26,0.8666,871,0.25,0.8333,1,0.27,0.9,21,0
IWM191025P152,2019-10-23,2019-10-23 09:31:39,0.28,0.9333,20,0.26,0.8666,1323,0.25,0.8333,1,0.27,0.9,21,0
IWM191025P152,2019-10-23,2019-10-23 09:31:40,0.29,0.9666,765,0.27,0.9,391,0.25,0.8333,1,0.28,0.9333,21,0
IWM191025P152,2019-10-23,2019-10-23 09:31:40,0.29,0.9666,613,0.27,0.9,447,0.25,0.8333,1,0.28,0.9333,21,0
IWM191025P152,2019-10-23,2019-10-23 09:31:41,0.29,0.9666,543,0.27,0.9,1259,0.25,0.8333,1,0.28,0.9333,21,0
IWM191025P152,2019-10-23,2019-10-23 09:31:41,0.29,0.9666,489,0.27,0.9,1096,0.25,0.8333,1,0.28,0.9333,21,0
IWM191025P152,2019-10-23,2019-10-23 09:31:42,0.29,0.9666,382,0.27,0.9,150,0.25,0.8333,1,0.28,0.9333,21,0
IWM191025P152,2019-10-23,2019-10-23 09:31:42,0.29,0.9666,896,0.27,0.9,184,0.25,0.8333,1,0.28,0.9333,21,0
IWM191025P152,2019-10-23,2019-10-23 09:31:43,0.29,0.9666,770,0.27,0.9,329,0.25,0.8333,1,0.28,0.9333,21,0
IWM191025P152,2019-10-23,2019-10-23 09:31:44,0.29,0.9666,583,0.26,0.8666,1168,0.25,0.8333,1,0.275,0.9166,21,0
IWM191025P152,2019-10-23,2019-10-23 09:31:44,0.29,0.9666,837,0.26,0.8666,933,0.25,0.8333,1,0.275,0.9166,21,0
IWM191025P152,2019-10-23,2019-10-23 09:31:45,0.29,0.9666,675,0.26,0.8666,1507,0.25,0.8333,1,0.275,0.9166,21,0
IWM191025P152,2019-10-23,2019-10-23 09:31:45,0.28,0.9333,46,0.26,0.8666,1448,0.25,0.8333,1,0.27,0.9,21,0
IWM191025P152,2019-10-23,2019-10-23 09:31:46,0.28,0.9333,163,0.26,0.8666,1448,0.25,0.8333,1,0.27,0.9,21,0
IWM191025P152,2019-10-23,2019-10-23 09:31:46,0.28,0.9333,37,0.26,0.8666,1448,0.25,0.8333,1,0.27,0.9,21,0
IWM191025P152,2019-10-23,2019-10-23 09:31:47,0.28,0.9333,126,0.26,0.8666,150,0.25,0.8333,1,0.27,0.9,21,0
IWM191025P152,2019-10-23,2019-10-23 09:31:47,0.28,0.9333,373,0.26,0.8666,150,0.25,0.8333,1,0.27,0.9,21,0
IWM191025P152,2019-10-23,2019-10-23 09:31:48,0.28,0.9333,560,0.25,0.8333,546,0.25,0.8333,1,0.265,0.8833,21,0
IWM191025P152,2019-10-23,2019-10-23 09:31:48,0.28,0.9333,560,0.25,0.8333,1102,0.25,0.8333,1,0.265,0.8833,21,0
IWM191025P152,2019-10-23,2019-10-23 09:31:49,0.27,0.9,125,0.25,0.8333,1274,0.25,0.8333,1,0.26,0.8666,21,0
IWM191025P152,2019-10-23,2019-10-23 09:31:49,0.27,0.9,144,0.25,0.8333,1224,0.25,0.8333,1,0.26,0.8666,21,0
IWM191025P152,2019-10-23,2019-10-23 09:31:50,0.27,0.9,144,0.26,0.8666,23,0.25,0.8333,1,0.265,0.8833,21,0
IWM191025P152,2019-10-23,2019-10-23 09:31:50,0.27,0.9,144,0.25,0.8333,1224,0.25,0.8333,1,0.26,0.8666,21,0
IWM191025P152,2019-10-23,2019-10-23 09:31:51,0.28,0.9333,324,0.26,0.8666,821,0.25,0.8333,1,0.27,0.9,21,0
IWM191025P152,2019-10-23,2019-10-23 09:31:51,0.28,0.9333,347,0.26,0.8666,604,0.25,0.8333,1,0.27,0.9,21,0
IWM191025P152,2019-10-23,2019-10-23 09:31:52,0.28,0.9333,288,0.27,0.9,196,0.25,0.8333,1,0.275,0.9166,21,0
IWM191025P152,2019-10-23,2019-10-23 09:31:52,0.28,0.9333,288,0.27,0.9,162,0.25,0.8333,1,0.275,0.9166,21,0
IWM191025P152,2019-10-23,2019-10-23 09:31:53,0.28,0.9333,197,0.27,0.9,301,0.25,0.8333,1,0.275,0.9166,21,0
IWM191025P152,2019-10-23,2019-10-23 09:31:53,0.28,0.9333,37,0.27,0.9,301,0.25,0.8333,1,0.275,0.9166,21,0
IWM191025P152,2019-10-23,2019-10-23 09:31:54,0.29,0.9666,228,0.27,0.9,248,0.25,0.8333,1,0.28,0.9333,21,0
IWM191025P152,2019-10-23,2019-10-23 09:31:54,0.29,0.9666,457,0.27,0.9,768,0.25,0.8333,1,0.28,0.9333,21,0
IWM191025P152,2019-10-23,2019-10-23 09:31:55,0.29,0.9666,440,0.27,0.9,660,0.25,0.8333,1,0.28,0.9333,21,0
IWM191025P152,2019-10-23,2019-10-23 09:31:55,0.29,0.9666,440,0.27,0.9,809,0.25,0.8333,1,0.28,0.9333,21,0
IWM191025P152,2019-10-23,2019-10-23 09:31:56,0.29,0.9666,387,0.27,0.9,982,0.25,0.8333,1,0.28,0.9333,21,0
IWM191025P152,2019-10-23,2019-10-23 09:31:57,0.29,0.9666,388,0.27,0.9,895,0.25,0.8333,1,0.28,0.9333,21,0
IWM191025P152,2019-10-23,2019-10-23 09:31:58,0.29,0.9666,387,0.27,0.9,895,0.25,0.8333,1,0.28,0.9333,21,0
IWM191025P152,2019-10-23,2019-10-23 09:31:59,0.29,0.9666,538,0.27,0.9,1347,0.25,0.8333,1,0.28,0.9333,21,0
IWM191025P152,2019-10-23,2019-10-23 09:31:59,0.29,0.9666,394,0.27,0.9,1090,0.25,0.8333,1,0.28,0.9333,21,0
IWM191025P152,2019-10-23,2019-10-23 09:32:00,0.29,0.9666,538,0.27,0.9,1219,0.25,0.8333,1,0.28,0.9333,21,0
IWM191025P152,2019-10-23,2019-10-23 09:32:01,0.29,0.9666,538,0.27,0.9,1170,0.25,0.8333,1,0.28,0.9333,21,0
IWM191025P152,2019-10-23,2019-10-23 09:32:02,0.28,0.9333,109,0.27,0.9,242,0.25,0.8333,1,0.275,0.9166,21,0
IWM191025P152,2019-10-23,2019-10-23 09:32:02,0.28,0.9333,20,0.27,0.9,336,0.25,0.8333,1,0.275,0.9166,21,0
IWM191025P152,2019-10-23,2019-10-23 09:32:03,0.28,0.9333,109,0.27,0.9,242,0.25,0.8333,1,0.275,0.9166,21,0
IWM191025P152,2019-10-23,2019-10-23 09:32:04,0.28,0.9333,207,0.26,0.8666,872,0.25,0.8333,1,0.27,0.9,21,0
IWM191025P152,2019-10-23,2019-10-23 09:32:04,0.28,0.9333,92,0.27,0.9,44,0.25,0.8333,1,0.275,0.9166,21,0
IWM191025P152,2019-10-23,2019-10-23 09:32:05,0.29,0.9666,120,0.27,0.9,1057,0.25,0.8333,1,0.28,0.9333,21,0
IWM191025P152,2019-10-23,2019-10-23 09:32:05,0.28,0.9333,92,0.27,0.9,44,0.25,0.8333,1,0.275,0.9166,21,0
IWM191025P152,2019-10-23,2019-10-23 09:32:06,0.29,0.9666,39,0.27,0.9,1153,0.25,0.8333,1,0.28,0.9333,21,0
IWM191025P152,2019-10-23,2019-10-23 09:32:06,0.29,0.9666,120,0.28,0.9333,9,0.25,0.8333,1,0.285,0.95,21,0
IWM191025P152,2019-10-23,2019-10-23 09:32:07,0.29,0.9666,20,0.28,0.9333,234,0.25,0.8333,1,0.285,0.95,21,0
IWM191025P152,2019-10-23,2019-10-23 09:32:07,0.29,0.9666,70,0.27,0.9,1502,0.25,0.8333,1,0.28,0.9333,21,0
IWM191025P152,2019-10-23,2019-10-23 09:32:08,0.29,0.9666,20,0.28,0.9333,313,0.25,0.8333,1,0.285,0.95,21,0
IWM191025P152,2019-10-23,2019-10-23 09:32:08,0.3,1.0,715,0.28,0.9333,529,0.25,0.8333,1,0.29,0.9666,21,0
IWM191025P152,2019-10-23,2019-10-23 09:32:09,0.3,1.0,184,0.28,0.9333,769,0.25,0.8333,1,0.29,0.9666,21,0
IWM191025P152,2019-10-23,2019-10-23 09:32:09,0.3,1.0,246,0.28,0.9333,845,0.25,0.8333,1,0.29,0.9666,21,0
IWM191025P152,2019-10-23,2019-10-23 09:32:10,0.3,1.0,138,0.29,0.9666,47,0.25,0.8333,1,0.295,0.9833,21,0
IWM191025P152,2019-10-23,2019-10-23 09:32:10,0.3,1.0,136,0.29,0.9666,220,0.25,0.8333,1,0.295,0.9833,21,0
IWM191025P152,2019-10-23,2019-10-23 09:32:11,0.3,1.0,181,0.29,0.9666,220,0.25,0.8333,1,0.295,0.9833,21,0
IWM191025P152,2019-10-23,2019-10-23 09:32:11,0.3,1.0,345,0.29,0.9666,220,0.25,0.8333,1,0.295,0.9833,21,0
IWM191025P152,2019-10-23,2019-10-23 09:32:12,0.29,0.9666,10,0.28,0.9333,446,0.25,0.8333,1,0.285,0.95,21,0
IWM191025P152,2019-10-23,2019-10-23 09:32:12,0.3,1.0,302,0.28,0.9333,507,0.25,0.8333,1,0.29,0.9666,21,0
IWM191025P152,2019-10-23,2019-10-23 09:32:13,0.3,1.0,377,0.28,0.9333,694,0.25,0.8333,1,0.29,0.9666,21,0
IWM191025P152,2019-10-23,2019-10-23 09:32:13,0.3,1.0,334,0.28,0.9333,693,0.25,0.8333,1,0.29,0.9666,21,0
IWM191025P152,2019-10-23,2019-10-23 09:32:14,0.3,1.0,365,0.29,0.9666,9,0.25,0.8333,1,0.295,0.9833,21,0
IWM191025P152,2019-10-23,2019-10-23 09:32:14,0.3,1.0,281,0.28,0.9333,1026,0.25,0.8333,1,0.29,0.9666,21,0
IWM191025P152,2019-10-23,2019-10-23 09:32:15,0.3,1.0,98,0.29,0.9666,159,0.25,0.8333,1,0.295,0.9833,21,0
IWM191025P152,2019-10-23,2019-10-23 09:32:16,0.3,1.0,20,0.29,0.9666,200,0.25,0.8333,1,0.295,0.9833,21,0
IWM191025P152,2019-10-23,2019-10-23 09:32:16,0.3,1.0,20,0.29,0.9666,217,0.25,0.8333,1,0.295,0.9833,21,0
IWM191025P152,2019-10-23,2019-10-23 09:32:17,0.3,1.0,24,0.29,0.9666,198,0.25,0.8333,1,0.295,0.9833,21,0
IWM191025P152,2019-10-23,2019-10-23 09:32:17,0.3,1.0,140,0.28,0.9333,495,0.25,0.8333,1,0.29,0.9666,21,0
IWM191025P152,2019-10-23,2019-10-23 09:32:18,0.3,1.0,184,0.28,0.9333,1156,0.25,0.8333,1,0.29,0.9666,21,0
IWM191025P152,2019-10-23,2019-10-23 09:32:18,0.3,1.0,157,0.28,0.9333,1156,0.25,0.8333,1,0.29,0.9666,21,0
IWM191025P152,2019-10-23,2019-10-23 09:32:19,0.3,1.0,112,0.29,0.9666,18,0.25,0.8333,1,0.295,0.9833,21,0
IWM191025P152,2019-10-23,2019-10-23 09:32:19,0.3,1.0,194,0.28,0.9333,504,0.25,0.8333,1,0.29,0.9666,21,0
IWM191025P152,2019-10-23,2019-10-23 09:32:20,0.3,1.0,817,0.28,0.9333,396,0.25,0.8333,1,0.29,0.9666,21,0
IWM191025P152,2019-10-23,2019-10-23 09:32:20,0.3,1.0,893,0.28,0.9333,227,0.25,0.8333,1,0.29,0.9666,21,0
IWM191025P152,2019-10-23,2019-10-23 09:32:21,0.29,0.9666,152,0.28,0.9333,9,0.25,0.8333,1,0.285,0.95,21,0
IWM191025P152,2019-10-23,2019-10-23 09:32:21,0.29,0.9666,79,0.27,0.9,709,0.25,0.8333,1,0.28,0.9333,21,0
IWM191025P152,2019-10-23,2019-10-23 09:32:22,0.29,0.9666,253,0.28,0.9333,23,0.25,0.8333,1,0.285,0.95,21,0
IWM191025P152,2019-10-23,2019-10-23 09:32:22,0.29,0.9666,191,0.28,0.9333,23,0.25,0.8333,1,0.285,0.95,21,0
IWM191025P152,2019-10-23,2019-10-23 09:32:23,0.3,1.0,310,0.28,0.9333,214,0.25,0.8333,1,0.29,0.9666,21,0
IWM191025P152,2019-10-23,2019-10-23 09:32:23,0.3,1.0,198,0.28,0.9333,875,0.25,0.8333,1,0.29,0.9666,21,0
IWM191025P152,2019-10-23,2019-10-23 09:32:24,0.3,1.0,161,0.28,0.9333,823,0.25,0.8333,1,0.29,0.9666,21,0
IWM191025P152,2019-10-23,2019-10-23 09:32:24,0.3,1.0,206,0.28,0.9333,936,0.25,0.8333,1,0.29,0.9666,21,0
IWM191025P152,2019-10-23,2019-10-23 09:32:25,0.3,1.0,20,0.28,0.9333,1628,0.25,0.8333,1,0.29,0.9666,21,0
IWM191025P152,2019-10-23,2019-10-23 09:32:25,0.3,1.0,172,0.28,0.9333,1311,0.25,0.8333,1,0.29,0.9666,21,0
IWM191025P152,2019-10-23,2019-10-23 09:32:26,0.3,1.0,20,0.29,0.9666,53,0.25,0.8333,1,0.295,0.9833,21,0
IWM191025P152,2019-10-23,2019-10-23 09:32:26,0.3,1.0,56,0.29,0.9666,53,0.25,0.8333,1,0.295,0.9833,21,0
IWM191025P152,2019-10-23,2019-10-23 09:32:27,0.3,1.0,45,0.29,0.9666,250,0.25,0.8333,1,0.295,0.9833,21,0
IWM191025P152,2019-10-23,2019-10-23 09:32:27,0.3,1.0,20,0.29,0.9666,250,0.25,0.8333,1,0.295,0.9833,21,0
IWM191025P152,2019-10-23,2019-10-23 09:32:28,0.3,1.0,317,0.29,0.9666,115,0.25,0.8333,1,0.295,0.9833,21,0
IWM191025P152,2019-10-23,2019-10-23 09:32:28,0.3,1.0,144,0.29,0.9666,1,0.25,0.8333,1,0.295,0.9833,21,0
IWM191025P152,2019-10-23,2019-10-23 09:32:29,0.3,1.0,290,0.29,0.9666,24,0.25,0.8333,1,0.295,0.9833,21,0
IWM191025P152,2019-10-23,2019-10-23 09:32:29,0.3,1.0,371,0.29,0.9666,24,0.25,0.8333,1,0.295,0.9833,21,0
IWM191025P152,2019-10-23,2019-10-23 09:32:30,0.3,1.0,177,0.29,0.9666,221,0.25,0.8333,1,0.295,0.9833,21,0
IWM191025P152,2019-10-23,2019-10-23 09:32:30,0.3,1.0,400,0.29,0.9666,138,0.25,0.8333,1,0.295,0.9833,21,0
IWM191025P152,2019-10-23,2019-10-23 09:32:31,0.3,1.0,20,0.29,0.9666,316,0.25,0.8333,1,0.295,0.9833,21,0
IWM191025P152,2019-10-23,2019-10-23 09:32:31,0.3,1.0,185,0.29,0.9666,221,0.25,0.8333,1,0.295,0.9833,21,0
IWM191025P152,2019-10-23,2019-10-23 09:32:32,0.31,1.0333,167,0.29,0.9666,656,0.25,0.8333,1,0.3,1.0,21,0
IWM191025P152,2019-10-23,2019-10-23 09:32:32,0.31,1.0333,192,0.29,0.9666,656,0.25,0.8333,1,0.3,1.0,21,0
IWM191025P152,2019-10-23,2019-10-23 09:32:33,0.31,1.0333,352,0.29,0.9666,525,0.25,0.8333,1,0.3,1.0,21,0
IWM191025P152,2019-10-23,2019-10-23 09:32:33,0.31,1.0333,244,0.29,0.9666,1029,0.25,0.8333,1,0.3,1.0,21,0
IWM191025P152,2019-10-23,2019-10-23 09:32:34,0.31,1.0333,253,0.29,0.9666,896,0.25,0.8333,1,0.3,1.0,21,0
IWM191025P152,2019-10-23,2019-10-23 09:32:35,0.31,1.0333,195,0.29,0.9666,285,0.25,0.8333,1,0.3,1.0,21,0
IWM191025P152,2019-10-23,2019-10-23 09:32:35,0.31,1.0333,166,0.29,0.9666,158,0.25,0.8333,1,0.3,1.0,21,0
IWM191025P152,2019-10-23,2019-10-23 09:32:36,0.31,1.0333,422,0.29,0.9666,666,0.25,0.8333,1,0.3,1.0,21,0
IWM191025P152,2019-10-23,2019-10-23 09:32:36,0.3,1.0,11,0.29,0.9666,512,0.25,0.8333,1,0.295,0.9833,21,0
IWM191025P152,2019-10-23,2019-10-23 09:32:37,0.3,1.0,11,0.29,0.9666,215,0.25,0.8333,1,0.295,0.9833,21,0
IWM191025P152,2019-10-23,2019-10-23 09:32:37,0.3,1.0,11,0.29,0.9666,402,0.25,0.8333,1,0.295,0.9833,21,0
IWM191025P152,2019-10-23,2019-10-23 09:32:38,0.3,1.0,17,0.29,0.9666,402,0.25,0.8333,1,0.295,0.9833,21,0
IWM191025P152,2019-10-23,2019-10-23 09:32:38,0.3,1.0,21,0.29,0.9666,47,0.25,0.8333,1,0.295,0.9833,21,0
IWM191025P152,2019-10-23,2019-10-23 09:32:39,0.3,1.0,206,0.27,0.9,6,0.29,0.9666,1,0.285,0.95,22,1
IWM191025P152,2019-10-23,2019-10-23 09:32:39,0.3,1.0,206,0.29,0.9666,1,0.25,0.8333,1,0.295,0.9833,21,0
IWM191025P152,2019-10-23,2019-10-23 09:32:40,0.29,0.9666,209,0.27,0.9,53,0.29,0.9666,1,0.28,0.9333,22,0
IWM191025P152,2019-10-23,2019-10-23 09:32:40,0.29,0.9666,316,0.27,0.9,61,0.29,0.9666,1,0.28,0.9333,22,0
IWM191025P152,2019-10-23,2019-10-23 09:32:41,0.29,0.9666,288,0.27,0.9,319,0.29,0.9666,1,0.28,0.9333,22,0
IWM191025P152,2019-10-23,2019-10-23 09:32:41,0.29,0.9666,115,0.27,0.9,519,0.29,0.9666,1,0.28,0.9333,22,0
IWM191025P152,2019-10-23,2019-10-23 09:32:42,0.29,0.9666,143,0.27,0.9,649,0.29,0.9666,1,0.28,0.9333,22,0
IWM191025P152,2019-10-23,2019-10-23 09:32:42,0.3,1.0,228,0.28,0.9333,57,0.29,0.9666,1,0.29,0.9666,22,0
IWM191025P152,2019-10-23,2019-10-23 09:32:43,0.3,1.0,188,0.28,0.9333,602,0.29,0.9666,1,0.29,0.9666,22,0
IWM191025P152,2019-10-23,2019-10-23 09:32:43,0.3,1.0,411,0.28,0.9333,313,0.29,0.9666,1,0.29,0.9666,22,0
IWM191025P152,2019-10-23,2019-10-23 09:32:44,0.29,0.9666,198,0.26,0.8666,295,0.29,0.9666,1,0.275,0.9166,22,0
IWM191025P152,2019-10-23,2019-10-23 09:32:44,0.3,1.0,374,0.27,0.9,345,0.29,0.9666,1,0.285,0.95,22,0
IWM191025P152,2019-10-23,2019-10-23 09:32:45,0.28,0.9333,37,0.27,0.9,33,0.29,0.9666,1,0.275,0.9166,22,0
IWM191025P152,2019-10-23,2019-10-23 09:32:45,0.29,0.9666,315,0.27,0.9,33,0.29,0.9666,1,0.28,0.9333,22,0
IWM191025P152,2019-10-23,2019-10-23 09:32:46,0.29,0.9666,427,0.27,0.9,287,0.29,0.9666,1,0.28,0.9333,22,0
IWM191025P152,2019-10-23,2019-10-23 09:32:46,0.29,0.9666,465,0.27,0.9,185,0.29,0.9666,1,0.28,0.9333,22,0
IWM191025P152,2019-10-23,2019-10-23 09:32:47,0.29,0.9666,582,0.27,0.9,287,0.29,0.9666,1,0.28,0.9333,22,0
IWM191025P152,2019-10-23,2019-10-23 09:32:47,0.29,0.9666,922,0.27,0.9,478,0.29,0.9666,1,0.28,0.9333,22,0
IWM191025P152,2019-10-23,2019-10-23 09:32:48,0.29,0.9666,1003,0.27,0.9,478,0.29,0.9666,1,0.28,0.9333,22,0
IWM191025P152,2019-10-23,2019-10-23 09:32:48,0.29,0.9666,880,0.27,0.9,546,0.29,0.9666,1,0.28,0.9333,22,0
IWM191025P152,2019-10-23,2019-10-23 09:32:49,0.29,0.9666,880,0.27,0.9,528,0.29,0.9666,1,0.28,0.9333,22,0
IWM191025P152,2019-10-23,2019-10-23 09:32:49,0.29,0.9666,880,0.27,0.9,497,0.29,0.9666,1,0.28,0.9333,22,0
IWM191025P152,2019-10-23,2019-10-23 09:32:50,0.29,0.9666,880,0.27,0.9,497,0.29,0.9666,1,0.28,0.9333,22,0
IWM191025P152,2019-10-23,2019-10-23 09:32:50,0.29,0.9666,880,0.27,0.9,654,0.29,0.9666,1,0.28,0.9333,22,0
IWM191025P152,2019-10-23,2019-10-23 09:32:51,0.29,0.9666,880,0.27,0.9,496,0.29,0.9666,1,0.28,0.9333,22,0
IWM191025P152,2019-10-23,2019-10-23 09:32:51,0.29,0.9666,880,0.27,0.9,557,0.29,0.9666,1,0.28,0.9333,22,0
IWM191025P152,2019-10-23,2019-10-23 09:32:52,0.29,0.9666,880,0.27,0.9,557,0.29,0.9666,1,0.28,0.9333,22,0
IWM191025P152,2019-10-23,2019-10-23 09:32:53,0.29,0.9666,533,0.28,0.9333,22,0.29,0.9666,1,0.285,0.95,22,0
IWM191025P152,2019-10-23,2019-10-23 09:32:53,0.29,0.9666,932,0.27,0.9,675,0.29,0.9666,1,0.28,0.9333,22,0
IWM191025P152,2019-10-23,2019-10-23 09:32:54,0.29,0.9666,349,0.28,0.9333,108,0.29,0.9666,1,0.285,0.95,22,0
IWM191025P152,2019-10-23,2019-10-23 09:32:54,0.29,0.9666,452,0.28,0.9333,108,0.29,0.9666,1,0.285,0.95,22,0
IWM191025P152,2019-10-23,2019-10-23 09:32:55,0.29,0.9666,182,0.28,0.9333,108,0.29,0.9666,1,0.285,0.95,22,0
IWM191025P152,2019-10-23,2019-10-23 09:32:55,0.29,0.9666,276,0.28,0.9333,108,0.29,0.9666,1,0.285,0.95,22,0
IWM191025P152,2019-10-23,2019-10-23 09:32:56,0.29,0.9666,20,0.28,0.9333,40,0.29,0.9666,1,0.285,0.95,22,0
IWM191025P152,2019-10-23,2019-10-23 09:32:56,0.29,0.9666,30,0.28,0.9333,40,0.29,0.9666,1,0.285,0.95,22,0
IWM191025P152,2019-10-23,2019-10-23 09:32:57,0.29,0.9666,20,0.28,0.9333,118,0.29,0.9666,1,0.285,0.95,22,0
IWM191025P152,2019-10-23,2019-10-23 09:32:57,0.29,0.9666,75,0.28,0.9333,40,0.29,0.9666,1,0.285,0.95,22,0
IWM191025P152,2019-10-23,2019-10-23 09:32:58,0.29,0.9666,140,0.27,0.9,1489,0.29,0.9666,1,0.28,0.9333,22,0
IWM191025P152,2019-10-23,2019-10-23 09:32:58,0.29,0.9666,140,0.27,0.9,1171,0.29,0.9666,1,0.28,0.9333,22,0
IWM191025P152,2019-10-23,2019-10-23 09:32:59,0.29,0.9666,28,0.28,0.9333,478,0.29,0.9666,1,0.285,0.95,22,0
IWM191025P152,2019-10-23,2019-10-23 09:32:59,0.3,1.0,240,0.28,0.9333,52,0.29,0.9666,1,0.29,0.9666,22,0
IWM191025P152,2019-10-23,2019-10-23 09:33:00,0.29,0.9666,20,0.28,0.9333,52,0.29,0.9666,1,0.285,0.95,22,0
IWM191025P152,2019-10-23,2019-10-23 09:33:00,0.3,1.0,299,0.28,0.9333,435,0.29,0.9666,1,0.29,0.9666,22,0
IWM191025P152,2019-10-23,2019-10-23 09:33:01,0.3,1.0,50,0.28,0.9333,641,0.29,0.9666,1,0.29,0.9666,22,0
IWM191025P152,2019-10-23,2019-10-23 09:33:01,0.3,1.0,99,0.28,0.9333,736,0.29,0.9666,1,0.29,0.9666,22,0
IWM191025P152,2019-10-23,2019-10-23 09:33:02,0.3,1.0,21,0.28,0.9333,1257,0.29,0.9666,1,0.29,0.9666,22,0
IWM191025P152,2019-10-23,2019-10-23 09:33:02,0.3,1.0,99,0.28,0.9333,1210,0.29,0.9666,1,0.29,0.9666,22,0
IWM191025P152,2019-10-23,2019-10-23 09:33:03,0.3,1.0,20,0.29,0.9666,349,0.29,0.9666,1,0.295,0.9833,22,0
IWM191025P152,2019-10-23,2019-10-23 09:33:03,0.3,1.0,1,0.28,0.9333,1414,0.29,0.9666,1,0.29,0.9666,22,0
IWM191025P152,2019-10-23,2019-10-23 09:33:04,0.3,1.0,10,0.29,0.9666,485,0.29,0.9666,1,0.295,0.9833,22,0
IWM191025P152,2019-10-23,2019-10-23 09:33:04,0.31,1.0333,579,0.29,0.9666,485,0.29,0.9666,1,0.3,1.0,22,0
IWM191025P152,2019-10-23,2019-10-23 09:33:05,0.31,1.0333,409,0.29,0.9666,759,0.29,0.9666,1,0.3,1.0,22,0
IWM191025P152,2019-10-23,2019-10-23 09:33:05,0.31,1.0333,750,0.29,0.9666,499,0.29,0.9666,1,0.3,1.0,22,0
IWM191025P152,2019-10-23,2019-10-23 09:33:06,0.31,1.0333,342,0.29,0.9666,964,0.29,0.9666,1,0.3,1.0,22,0
IWM191025P152,2019-10-23,2019-10-23 09:33:06,0.31,1.0333,206,0.29,0.9666,988,0.29,0.9666,1,0.3,1.0,22,0
IWM191025P152,2019-10-23,2019-10-23 09:33:07,0.31,1.0333,75,0.29,0.9666,372,0.29,0.9666,1,0.3,1.0,22,0
IWM191025P152,2019-10-23,2019-10-23 09:33:07,0.31,1.0333,239,0.29,0.9666,1219,0.29,0.9666,1,0.3,1.0,22,0
IWM191025P152,2019-10-23,2019-10-23 09:33:08,0.31,1.0333,37,0.29,0.9666,528,0.29,0.9666,1,0.3,1.0,22,0
IWM191025P152,2019-10-23,2019-10-23 09:33:08,0.31,1.0333,31,0.3,1.0,23,0.29,0.9666,1,0.305,1.0166,22,0
IWM191025P152,2019-10-23,2019-10-23 09:33:09,0.31,1.0333,23,0.3,1.0,1,0.29,0.9666,1,0.305,1.0166,22,0
IWM191025P152,2019-10-23,2019-10-23 09:33:09,0.31,1.0333,403,0.28,0.9333,373,0.29,0.9666,1,0.295,0.9833,22,0
IWM191025P152,2019-10-23,2019-10-23 09:33:10,0.31,1.0333,439,0.29,0.9666,45,0.29,0.9666,1,0.3,1.0,22,0
IWM191025P152,2019-10-23,2019-10-23 09:33:11,0.31,1.0333,287,0.29,0.9666,10,0.29,0.9666,1,0.3,1.0,22,0
IWM191025P152,2019-10-23,2019-10-23 09:33:11,0.3,1.0,49,0.28,0.9333,963,0.29,0.9666,1,0.29,0.9666,22,0
IWM191025P152,2019-10-23,2019-10-23 09:33:12,0.3,1.0,44,0.28,0.9333,1179,0.29,0.9666,1,0.29,0.9666,22,0
IWM191025P152,2019-10-23,2019-10-23 09:33:12,0.31,1.0333,141,0.29,0.9666,4,0.29,0.9666,1,0.3,1.0,22,0
IWM191025P152,2019-10-23,2019-10-23 09:33:13,0.3,1.0,381,0.27,0.9,1130,0.29,0.9666,1,0.285,0.95,22,0
IWM191025P152,2019-10-23,2019-10-23 09:33:13,0.31,1.0333,182,0.28,0.9333,112,0.29,0.9666,1,0.295,0.9833,22,0
IWM191025P152,2019-10-23,2019-10-23 09:33:14,0.31,1.0333,178,0.29,0.9666,658,0.29,0.9666,1,0.3,1.0,22,0
IWM191025P152,2019-10-23,2019-10-23 09:33:15,0.31,1.0333,153,0.29,0.9666,683,0.29,0.9666,1,0.3,1.0,22,0
IWM191025P152,2019-10-23,2019-10-23 09:33:15,0.31,1.0333,158,0.29,0.9666,683,0.29,0.9666,1,0.3,1.0,22,0
IWM191025P152,2019-10-23,2019-10-23 09:33:16,0.31,1.0333,166,0.29,0.9666,844,0.29,0.9666,1,0.3,1.0,22,0
IWM191025P152,2019-10-23,2019-10-23 09:33:17,0.3,1.0,235,0.28,0.9333,151,0.29,0.9666,1,0.29,0.9666,22,0
IWM191025P152,2019-10-23,2019-10-23 09:33:18,0.3,1.0,629,0.28,0.9333,529,0.29,0.9666,1,0.29,0.9666,22,0
IWM191025P152,2019-10-23,2019-10-23 09:33:18,0.3,1.0,380,0.28,0.9333,402,0.29,0.9666,1,0.29,0.9666,22,0
IWM191025P152,2019-10-23,2019-10-23 09:33:19,0.3,1.0,649,0.28,0.9333,573,0.29,0.9666,1,0.29,0.9666,22,0
IWM191025P152,2019-10-23,2019-10-23 09:33:19,0.3,1.0,561,0.28,0.9333,504,0.29,0.9666,1,0.29,0.9666,22,0
IWM191025P152,2019-10-23,2019-10-23 09:33:20,0.3,1.0,614,0.28,0.9333,773,0.29,0.9666,1,0.29,0.9666,22,0
IWM191025P152,2019-10-23,2019-10-23 09:33:21,0.3,1.0,142,0.28,0.9333,894,0.29,0.9666,1,0.29,0.9666,22,0
IWM191025P152,2019-10-23,2019-10-23 09:33:21,0.31,1.0333,771,0.28,0.9333,1062,0.29,0.9666,1,0.295,0.9833,22,0
IWM191025P152,2019-10-23,2019-10-23 09:33:22,0.3,1.0,1,0.28,0.9333,261,0.29,0.9666,1,0.29,0.9666,22,0
IWM191025P152,2019-10-23,2019-10-23 09:33:22,0.31,1.0333,256,0.29,0.9666,706,0.29,0.9666,1,0.3,1.0,22,0
IWM191025P152,2019-10-23,2019-10-23 09:33:23,0.31,1.0333,207,0.29,0.9666,685,0.29,0.9666,1,0.3,1.0,22,0
IWM191025P152,2019-10-23,2019-10-23 09:33:24,0.31,1.0333,200,0.29,0.9666,877,0.29,0.9666,1,0.3,1.0,22,0
IWM191025P152,2019-10-23,2019-10-23 09:33:25,0.31,1.0333,200,0.29,0.9666,319,0.29,0.9666,1,0.3,1.0,22,0
IWM191025P152,2019-10-23,2019-10-23 09:33:25,0.31,1.0333,200,0.29,0.9666,877,0.29,0.9666,1,0.3,1.0,22,0
IWM191025P152,2019-10-23,2019-10-23 09:33:26,0.3,1.0,48,0.28,0.9333,317,0.29,0.9666,1,0.29,0.9666,22,0
IWM191025P152,2019-10-23,2019-10-23 09:33:26,0.31,1.0333,480,0.29,0.9666,81,0.29,0.9666,1,0.3,1.0,22,0
IWM191025P152,2019-10-23,2019-10-23 09:33:27,0.3,1.0,37,0.29,0.9666,158,0.29,0.9666,1,0.295,0.9833,22,0
IWM191025P152,2019-10-23,2019-10-23 09:33:27,0.31,1.0333,521,0.29,0.9666,631,0.29,0.9666,1,0.3,1.0,22,0
IWM191025P152,2019-10-23,2019-10-23 09:33:28,0.31,1.0333,404,0.29,0.9666,560,0.29,0.9666,1,0.3,1.0,22,0
IWM191025P152,2019-10-23,2019-10-23 09:33:28,0.31,1.0333,521,0.29,0.9666,631,0.29,0.9666,1,0.3,1.0,22,0
IWM191025P152,2019-10-23,2019-10-23 09:33:29,0.31,1.0333,604,0.29,0.9666,551,0.29,0.9666,1,0.3,1.0,22,0
IWM191025P152,2019-10-23,2019-10-23 09:33:30,0.31,1.0333,291,0.29,0.9666,648,0.29,0.9666,1,0.3,1.0,22,0
IWM191025P152,2019-10-23,2019-10-23 09:33:30,0.31,1.0333,624,0.29,0.9666,505,0.29,0.9666,1,0.3,1.0,22,0
IWM191025P152,2019-10-23,2019-10-23 09:33:31,0.3,1.0,2,0.29,0.9666,648,0.29,0.9666,1,0.295,0.9833,22,0
IWM191025P152,2019-10-23,2019-10-23 09:33:31,0.3,1.0,1,0.29,0.9666,648,0.29,0.9666,1,0.295,0.9833,22,0
IWM191025P152,2019-10-23,2019-10-23 09:33:32,0.3,1.0,20,0.29,0.9666,57,0.29,0.9666,1,0.295,0.9833,22,0
IWM191025P152,2019-10-23,2019-10-23 09:33:32,0.3,1.0,85,0.28,0.9333,1389,0.29,0.9666,1,0.29,0.9666,22,0
IWM191025P152,2019-10-23,2019-10-23 09:33:33,0.31,1.0333,491,0.29,0.9666,154,0.29,0.9666,1,0.3,1.0,22,0
IWM191025P152,2019-10-23,2019-10-23 09:33:33,0.3,1.0,20,0.29,0.9666,388,0.29,0.9666,1,0.295,0.9833,22,0
IWM191025P152,2019-10-23,2019-10-23 09:33:34,0.3,1.0,46,0.29,0.9666,113,0.29,0.9666,1,0.295,0.9833,22,0
IWM191025P152,2019-10-23,2019-10-23 09:33:34,0.3,1.0,46,0.29,0.9666,375,0.29,0.9666,1,0.295,0.9833,22,0
IWM191025P152,2019-10-23,2019-10-23 09:33:35,0.3,1.0,46,0.28,0.9333,429,0.29,0.9666,1,0.29,0.9666,22,0
IWM191025P152,2019-10-23,2019-10-23 09:33:35,0.3,1.0,534,0.28,0.9333,839,0.29,0.9666,1,0.29,0.9666,22,0
IWM191025P152,2019-10-23,2019-10-23 09:33:36,0.3,1.0,429,0.28,0.9333,650,0.29,0.9666,1,0.29,0.9666,22,0
IWM191025P152,2019-10-23,2019-10-23 09:33:36,0.3,1.0,288,0.28,0.9333,987,0.29,0.9666,1,0.29,0.9666,22,0
IWM191025P152,2019-10-23,2019-10-23 09:33:37,0.3,1.0,326,0.28,0.9333,1026,0.29,0.9666,1,0.29,0.9666,22,0
IWM191025P152,2019-10-23,2019-10-23 09:33:38,0.3,1.0,359,0.28,0.9333,1099,0.29,0.9666,1,0.29,0.9666,22,0
IWM191025P152,2019-10-23,2019-10-23 09:33:38,0.3,1.0,170,0.28,0.9333,1405,0.29,0.9666,1,0.29,0.9666,22,0
IWM191025P152,2019-10-23,2019-10-23 09:33:39,0.3,1.0,272,0.28,0.9333,1588,0.29,0.9666,1,0.29,0.9666,22,0
IWM191025P152,2019-10-23,2019-10-23 09:33:40,0.3,1.0,254,0.28,0.9333,1599,0.29,0.9666,1,0.29,0.9666,22,0
IWM191025P152,2019-10-23,2019-10-23 09:33:40,0.3,1.0,254,0.29,0.9666,39,0.29,0.9666,1,0.295,0.9833,22,0
IWM191025P152,2019-10-23,2019-10-23 09:33:41,0.31,1.0333,425,0.29,0.9666,456,0.29,0.9666,1,0.3,1.0,22,0
IWM191025P152,2019-10-23,2019-10-23 09:33:41,0.3,1.0,254,0.29,0.9666,9,0.29,0.9666,1,0.295,0.9833,22,0
IWM191025P152,2019-10-23,2019-10-23 09:33:42,0.3,1.0,20,0.29,0.9666,271,0.29,0.9666,1,0.295,0.9833,22,0
IWM191025P152,2019-10-23,2019-10-23 09:33:42,0.3,1.0,21,0.29,0.9666,312,0.29,0.9666,1,0.295,0.9833,22,0
IWM191025P152,2019-10-23,2019-10-23 09:33:43,0.3,1.0,10,0.29,0.9666,345,0.29,0.9666,1,0.295,0.9833,22,0
IWM191025P152,2019-10-23,2019-10-23 09:33:43,0.3,1.0,21,0.29,0.9666,312,0.29,0.9666,1,0.295,0.9833,22,0
IWM191025P152,2019-10-23,2019-10-23 09:33:44,0.31,1.0333,506,0.29,0.9666,439,0.29,0.9666,1,0.3,1.0,22,0
IWM191025P152,2019-10-23,2019-10-23 09:33:45,0.3,1.0,37,0.28,0.9333,712,0.29,0.9666,1,0.29,0.9666,22,0
IWM191025P152,2019-10-23,2019-10-23 09:33:45,0.3,1.0,20,0.29,0.9666,429,0.29,0.9666,1,0.295,0.9833,22,0
IWM191025P152,2019-10-23,2019-10-23 09:33:46,0.3,1.0,117,0.28,0.9333,1608,0.29,0.9666,1,0.29,0.9666,22,0
IWM191025P152,2019-10-23,2019-10-23 09:33:47,0.31,1.0333,422,0.28,0.9333,1577,0.29,0.9666,1,0.295,0.9833,22,0
IWM191025P152,2019-10-23,2019-10-23 09:33:47,0.3,1.0,20,0.29,0.9666,271,0.29,0.9666,1,0.295,0.9833,22,0
IWM191025P152,2019-10-23,2019-10-23 09:33:48,0.3,1.0,24,0.29,0.9666,409,0.29,0.9666,1,0.295,0.9833,22,0
IWM191025P152,2019-10-23,2019-10-23 09:33:48,0.3,1.0,25,0.29,0.9666,389,0.29,0.9666,1,0.295,0.9833,22,0
IWM191025P152,2019-10-23,2019-10-23 09:33:49,0.3,1.0,209,0.29,0.9666,344,0.29,0.9666,1,0.295,0.9833,22,0
IWM191025P152,2019-10-23,2019-10-23 09:33:49,0.3,1.0,34,0.29,0.9666,344,0.29,0.9666,1,0.295,0.9833,22,0
IWM191025P152,2019-10-23,2019-10-23 09:33:50,0.3,1.0,184,0.28,0.9333,1263,0.29,0.9666,1,0.29,0.9666,22,0
IWM191025P152,2019-10-23,2019-10-23 09:33:50,0.3,1.0,180,0.28,0.9333,1247,0.29,0.9666,1,0.29,0.9666,22,0
IWM191025P152,2019-10-23,2019-10-23 09:33:51,0.31,1.0333,703,0.28,0.9333,1827,0.29,0.9666,1,0.295,0.9833,22,0
IWM191025P152,2019-10-23,2019-10-23 09:33:51,0.3,1.0,36,0.29,0.9666,361,0.29,0.9666,1,0.295,0.9833,22,0
IWM191025P152,2019-10-23,2019-10-23 09:33:52,0.3,1.0,449,0.28,0.9333,261,0.29,0.9666,1,0.29,0.9666,22,0
IWM191025P152,2019-10-23,2019-10-23 09:33:52,0.3,1.0,56,0.28,0.9333,538,0.29,0.9666,1,0.29,0.9666,22,0
IWM191025P152,2019-10-23,2019-10-23 09:33:53,0.3,1.0,1225,0.28,0.9333,371,0.29,0.9666,1,0.29,0.9666,22,0
IWM191025P152,2019-10-23,2019-10-23 09:33:53,0.3,1.0,844,0.28,0.9333,468,0.29,0.9666,1,0.29,0.9666,22,0
IWM191025P152,2019-10-23,2019-10-23 09:33:54,0.3,1.0,900,0.28,0.9333,573,0.29,0.9666,1,0.29,0.9666,22,0
IWM191025P152,2019-10-23,2019-10-23 09:33:54,0.3,1.0,961,0.28,0.9333,573,0.29,0.9666,1,0.29,0.9666,22,0
IWM191025P152,2019-10-23,2019-10-23 09:33:55,0.3,1.0,961,0.28,0.9333,937,0.29,0.9666,1,0.29,0.9666,22,0
IWM191025P152,2019-10-23,2019-10-23 09:33:55,0.3,1.0,1110,0.28,0.9333,1203,0.29,0.9666,1,0.29,0.9666,22,0
IWM191025P152,2019-10-23,2019-10-23 09:33:56,0.3,1.0,279,0.29,0.9666,23,0.29,0.9666,1,0.295,0.9833,22,0
IWM191025P152,2019-10-23,2019-10-23 09:33:56,0.3,1.0,550,0.29,0.9666,39,0.29,0.9666,1,0.295,0.9833,22,0
IWM191025P152,2019-10-23,2019-10-23 09:33:57,0.3,1.0,292,0.29,0.9666,110,0.29,0.9666,1,0.295,0.9833,22,0
IWM191025P152,2019-10-23,2019-10-23 09:33:57,0.3,1.0,292,0.29,0.9666,39,0.29,0.9666,1,0.295,0.9833,22,0
IWM191025P152,2019-10-23,2019-10-23 09:33:58,0.3,1.0,225,0.29,0.9666,386,0.29,0.9666,1,0.295,0.9833,22,0
IWM191025P152,2019-10-23,2019-10-23 09:33:58,0.31,1.0333,683,0.29,0.9666,866,0.29,0.9666,1,0.3,1.0,22,0
IWM191025P152,2019-10-23,2019-10-23 09:33:59,0.31,1.0333,683,0.29,0.9666,866,0.29,0.9666,1,0.3,1.0,22,0
IWM191025P152,2019-10-23,2019-10-23 09:33:59,0.31,1.0333,1015,0.29,0.9666,866,0.29,0.9666,1,0.3,1.0,22,0
IWM191025P152,2019-10-23,2019-10-23 09:34:00,0.31,1.0333,921,0.29,0.9666,877,0.29,0.9666,1,0.3,1.0,22,0
IWM191025P152,2019-10-23,2019-10-23 09:34:01,0.31,1.0333,640,0.29,0.9666,1349,0.29,0.9666,1,0.3,1.0,22,0
IWM191025P152,2019-10-23,2019-10-23 09:34:01,0.31,1.0333,790,0.29,0.9666,1299,0.29,0.9666,1,0.3,1.0,22,0
IWM191025P152,2019-10-23,2019-10-23 09:34:02,0.31,1.0333,960,0.29,0.9666,1315,0.29,0.9666,1,0.3,1.0,22,0
IWM191025P152,2019-10-23,2019-10-23 09:34:03,0.3,1.0,1,0.29,0.9666,1315,0.29,0.9666,1,0.295,0.9833,22,0
IWM191025P152,2019-10-23,2019-10-23 09:34:03,0.3,1.0,262,0.29,0.9666,10,0.29,0.9666,1,0.295,0.9833,22,0
IWM191025P152,2019-10-23,2019-10-23 09:34:04,0.3,1.0,306,0.28,0.9333,385,0.29,0.9666,1,0.29,0.9666,22,0
IWM191025P152,2019-10-23,2019-10-23 09:34:04,0.3,1.0,33,0.29,0.9666,39,0.29,0.9666,1,0.295,0.9833,22,0
IWM191025P152,2019-10-23,2019-10-23 09:34:05,0.3,1.0,106,0.29,0.9666,235,0.29,0.9666,1,0.295,0.9833,22,0
IWM191025P152,2019-10-23,2019-10-23 09:34:05,0.3,1.0,65,0.28,0.9333,1171,0.29,0.9666,1,0.29,0.9666,22,0
IWM191025P152,2019-10-23,2019-10-23 09:34:06,0.3,1.0,446,0.28,0.9333,1655,0.29,0.9666,1,0.29,0.9666,22,0
IWM191025P152,2019-10-23,2019-10-23 09:34:06,0.3,1.0,419,0.28,0.9333,2056,0.29,0.9666,1,0.29,0.9666,22,0
IWM191025P152,2019-10-23,2019-10-23 09:34:07,0.3,1.0,419,0.28,0.9333,2056,0.29,0.9666,1,0.29,0.9666,22,0
IWM191025P152,2019-10-23,2019-10-23 09:34:08,0.3,1.0,408,0.29,0.9666,188,0.29,0.9666,1,0.295,0.9833,22,0
IWM191025P152,2019-10-23,2019-10-23 09:34:08,0.3,1.0,419,0.29,0.9666,188,0.29,0.9666,1,0.295,0.9833,22,0
IWM191025P152,2019-10-23,2019-10-23 09:34:09,0.31,1.0333,447,0.29,0.9666,781,0.29,0.9666,1,0.3,1.0,22,0
IWM191025P152,2019-10-23,2019-10-23 09:34:09,0.3,1.0,408,0.29,0.9666,218,0.29,0.9666,1,0.295,0.9833,22,0
IWM191025P152,2019-10-23,2019-10-23 09:34:10,0.31,1.0333,702,0.29,0.9666,990,0.29,0.9666,1,0.3,1.0,22,0
IWM191025P152,2019-10-23,2019-10-23 09:34:10,0.31,1.0333,647,0.29,0.9666,1183,0.29,0.9666,1,0.3,1.0,22,0
IWM191025P152,2019-10-23,2019-10-23 09:34:11,0.31,1.0333,505,0.29,0.9666,1331,0.29,0.9666,1,0.3,1.0,22,0
IWM191025P152,2019-10-23,2019-10-23 09:34:12,0.31,1.0333,32,0.3,1.0,214,0.29,0.9666,1,0.305,1.0166,22,0
IWM191025P152,2019-10-23,2019-10-23 09:34:12,0.31,1.0333,383,0.29,0.9666,1263,0.29,0.9666,1,0.3,1.0,22,0
IWM191025P152,2019-10-23,2019-10-23 09:34:13,0.31,1.0333,58,0.29,0.9666,1017,0.29,0.9666,1,0.3,1.0,22,0
IWM191025P152,2019-10-23,2019-10-23 09:34:13,0.3,1.0,10,0.29,0.9666,187,0.29,0.9666,1,0.295,0.9833,22,0
IWM191025P152,2019-10-23,2019-10-23 09:34:14,0.3,1.0,20,0.29,0.9666,150,0.29,0.9666,1,0.295,0.9833,22,0
IWM191025P152,2019-10-23,2019-10-23 09:34:14,0.3,1.0,91,0.29,0.9666,150,0.29,0.9666,1,0.295,0.9833,22,0
IWM191025P152,2019-10-23,2019-10-23 09:34:15,0.3,1.0,64,0.29,0.9666,250,0.29,0.9666,1,0.295,0.9833,22,0
IWM191025P152,2019-10-23,2019-10-23 09:34:15,0.31,1.0333,438,0.29,0.9666,699,0.29,0.9666,1,0.3,1.0,22,0
IWM191025P152,2019-10-23,2019-10-23 09:34:16,0.31,1.0333,513,0.29,0.9666,699,0.29,0.9666,1,0.3,1.0,22,0
IWM191025P152,2019-10-23,2019-10-23 09:34:16,0.31,1.0333,583,0.29,0.9666,795,0.29,0.9666,1,0.3,1.0,22,0
IWM191025P152,2019-10-23,2019-10-23 09:34:17,0.31,1.0333,632,0.29,0.9666,1019,0.29,0.9666,1,0.3,1.0,22,0
IWM191025P152,2019-10-23,2019-10-23 09:34:17,0.31,1.0333,632,0.29,0.9666,1069,0.29,0.9666,1,0.3,1.0,22,0
IWM191025P152,2019-10-23,2019-10-23 09:34:18,0.31,1.0333,632,0.29,0.9666,1264,0.29,0.9666,1,0.3,1.0,22,0
IWM191025P152,2019-10-23,2019-10-23 09:34:19,0.31,1.0333,729,0.29,0.9666,862,0.29,0.9666,1,0.3,1.0,22,0
IWM191025P152,2019-10-23,2019-10-23 09:34:19,0.31,1.0333,421,0.29,0.9666,762,0.29,0.9666,1,0.3,1.0,22,0
IWM191025P152,2019-10-23,2019-10-23 09:34:20,0.31,1.0333,257,0.3,1.0,6,0.29,0.9666,1,0.305,1.0166,22,0
IWM191025P152,2019-10-23,2019-10-23 09:34:20,0.31,1.0333,294,0.3,1.0,23,0.29,0.9666,1,0.305,1.0166,22,0
IWM191025P152,2019-10-23,2019-10-23 09:34:21,0.31,1.0333,278,0.29,0.9666,1153,0.29,0.9666,1,0.3,1.0,22,0
IWM191025P152,2019-10-23,2019-10-23 09:34:21,0.31,1.0333,371,0.29,0.9666,1073,0.29,0.9666,1,0.3,1.0,22,0
IWM191025P152,2019-10-23,2019-10-23 09:34:22,0.31,1.0333,452,0.29,0.9666,1167,0.29,0.9666,1,0.3,1.0,22,0
IWM191025P152,2019-10-23,2019-10-23 09:34:23,0.31,1.0333,786,0.29,0.9666,365,0.29,0.9666,1,0.3,1.0,22,0
IWM191025P152,2019-10-23,2019-10-23 09:34:23,0.31,1.0333,125,0.29,0.9666,373,0.29,0.9666,1,0.3,1.0,22,0
IWM191025P152,2019-10-23,2019-10-23 09:34:24,0.31,1.0333,171,0.29,0.9666,410,0.29,0.9666,1,0.3,1.0,22,0
IWM191025P152,2019-10-23,2019-10-23 09:34:24,0.31,1.0333,1010,0.29,0.9666,410,0.29,0.9666,1,0.3,1.0,22,0
IWM191025P152,2019-10-23,2019-10-23 09:34:25,0.31,1.0333,347,0.29,0.9666,596,0.29,0.9666,1,0.3,1.0,22,0
IWM191025P152,2019-10-23,2019-10-23 09:34:25,0.31,1.0333,234,0.29,0.9666,741,0.29,0.9666,1,0.3,1.0,22,0
IWM191025P152,2019-10-23,2019-10-23 09:34:26,0.31,1.0333,248,0.29,0.9666,784,0.29,0.9666,1,0.3,1.0,22,0
IWM191025P152,2019-10-23,2019-10-23 09:34:26,0.31,1.0333,258,0.29,0.9666,1024,0.29,0.9666,1,0.3,1.0,22,0
IWM191025P152,2019-10-23,2019-10-23 09:34:27,0.31,1.0333,217,0.29,0.9666,1252,0.29,0.9666,1,0.3,1.0,22,0
IWM191025P152,2019-10-23,2019-10-23 09:34:28,0.31,1.0333,398,0.29,0.9666,1444,0.29,0.9666,1,0.3,1.0,22,0
IWM191025P152,2019-10-23,2019-10-23 09:34:28,0.31,1.0333,217,0.29,0.9666,1252,0.29,0.9666,1,0.3,1.0,22,0
IWM191025P152,2019-10-23,2019-10-23 09:34:29,0.31,1.0333,398,0.29,0.9666,810,0.29,0.9666,1,0.3,1.0,22,0
IWM191025P152,2019-10-23,2019-10-23 09:34:29,0.3,1.0,769,0.28,0.9333,983,0.29,0.9666,1,0.29,0.9666,22,0
IWM191025P152,2019-10-23,2019-10-23 09:34:30,0.3,1.0,445,0.28,0.9333,1042,0.29,0.9666,1,0.29,0.9666,22,0
IWM191025P152,2019-10-23,2019-10-23 09:34:30,0.3,1.0,496,0.28,0.9333,1219,0.29,0.9666,1,0.29,0.9666,22,0
IWM191025P152,2019-10-23,2019-10-23 09:34:31,0.3,1.0,666,0.29,0.9666,23,0.29,0.9666,1,0.295,0.9833,22,0
IWM191025P152,2019-10-23,2019-10-23 09:34:31,0.3,1.0,599,0.28,0.9333,992,0.29,0.9666,1,0.29,0.9666,22,0
IWM191025P152,2019-10-23,2019-10-23 09:34:32,0.3,1.0,431,0.28,0.9333,1252,0.29,0.9666,1,0.29,0.9666,22,0
IWM191025P152,2019-10-23,2019-10-23 09:34:32,0.3,1.0,483,0.28,0.9333,955,0.29,0.9666,1,0.29,0.9666,22,0
IWM191025P152,2019-10-23,2019-10-23 09:34:33,0.3,1.0,357,0.28,0.9333,1252,0.29,0.9666,1,0.29,0.9666,22,0
IWM191025P152,2019-10-23,2019-10-23 09:34:33,0.31,1.0333,1090,0.28,0.9333,1761,0.29,0.9666,1,0.295,0.9833,22,0
IWM191025P152,2019-10-23,2019-10-23 09:34:34,0.3,1.0,370,0.28,0.9333,725,0.29,0.9666,1,0.29,0.9666,22,0
IWM191025P152,2019-10-23,2019-10-23 09:34:35,0.3,1.0,344,0.28,0.9333,1081,0.29,0.9666,1,0.29,0.9666,22,0
IWM191025P152,2019-10-23,2019-10-23 09:34:35,0.3,1.0,370,0.28,0.9333,940,0.29,0.9666,1,0.29,0.9666,22,0
IWM191025P152,2019-10-23,2019-10-23 09:34:36,0.3,1.0,458,0.28,0.9333,1492,0.29,0.9666,1,0.29,0.9666,22,0
IWM191025P152,2019-10-23,2019-10-23 09:34:36,0.3,1.0,466,0.28,0.9333,1476,0.29,0.9666,1,0.29,0.9666,22,0
IWM191025P152,2019-10-23,2019-10-23 09:34:37,0.3,1.0,469,0.29,0.9666,10,0.29,0.9666,1,0.295,0.9833,22,0
IWM191025P152,2019-10-23,2019-10-23 09:34:37,0.3,1.0,458,0.28,0.9333,1492,0.29,0.9666,1,0.29,0.9666,22,0
IWM191025P152,2019-10-23,2019-10-23 09:34:38,0.3,1.0,450,0.28,0.9333,1559,0.29,0.9666,1,0.29,0.9666,22,0
IWM191025P152,2019-10-23,2019-10-23 09:34:39,0.3,1.0,150,0.29,0.9666,10,0.29,0.9666,1,0.295,0.9833,22,0
IWM191025P152,2019-10-23,2019-10-23 09:34:39,0.3,1.0,271,0.28,0.9333,1386,0.29,0.9666,1,0.29,0.9666,22,0
IWM191025P152,2019-10-23,2019-10-23 09:34:40,0.3,1.0,150,0.29,0.9666,46,0.29,0.9666,1,0.295,0.9833,22,0
IWM191025P152,2019-10-23,2019-10-23 09:34:40,0.3,1.0,249,0.28,0.9333,1198,0.29,0.9666,1,0.29,0.9666,22,0
IWM191025P152,2019-10-23,2019-10-23 09:34:41,0.3,1.0,282,0.28,0.9333,1121,0.29,0.9666,1,0.29,0.9666,22,0
IWM191025P152,2019-10-23,2019-10-23 09:34:41,0.3,1.0,282,0.28,0.9333,1198,0.29,0.9666,1,0.29,0.9666,22,0
IWM191025P152,2019-10-23,2019-10-23 09:34:42,0.3,1.0,133,0.29,0.9666,108,0.29,0.9666,1,0.295,0.9833,22,0
IWM191025P152,2019-10-23,2019-10-23 09:34:42,0.3,1.0,164,0.28,0.9333,1121,0.29,0.9666,1,0.29,0.9666,22,0
IWM191025P152,2019-10-23,2019-10-23 09:34:43,0.3,1.0,137,0.29,0.9666,185,0.29,0.9666,1,0.295,0.9833,22,0
IWM191025P152,2019-10-23,2019-10-23 09:34:43,0.3,1.0,77,0.29,0.9666,356,0.29,0.9666,1,0.295,0.9833,22,0
IWM191025P152,2019-10-23,2019-10-23 09:34:44,0.3,1.0,108,0.29,0.9666,377,0.29,0.9666,1,0.295,0.9833,22,0
IWM191025P152,2019-10-23,2019-10-23 09:34:44,0.3,1.0,51,0.29,0.9666,403,0.29,0.9666,1,0.295,0.9833,22,0
IWM191025P152,2019-10-23,2019-10-23 09:34:45,0.3,1.0,36,0.29,0.9666,365,0.29,0.9666,1,0.295,0.9833,22,0
IWM191025P152,2019-10-23,2019-10-23 09:34:45,0.3,1.0,51,0.29,0.9666,403,0.29,0.9666,1,0.295,0.9833,22,0
IWM191025P152,2019-10-23,2019-10-23 09:34:46,0.31,1.0333,499,0.29,0.9666,912,0.29,0.9666,1,0.3,1.0,22,0
IWM191025P152,2019-10-23,2019-10-23 09:34:47,0.31,1.0333,615,0.29,0.9666,847,0.29,0.9666,1,0.3,1.0,22,0
IWM191025P152,2019-10-23,2019-10-23 09:34:47,0.31,1.0333,291,0.29,0.9666,730,0.29,0.9666,1,0.3,1.0,22,0
IWM191025P152,2019-10-23,2019-10-23 09:34:48,0.31,1.0333,513,0.29,0.9666,895,0.29,0.9666,1,0.3,1.0,22,0
IWM191025P152,2019-10-23,2019-10-23 09:34:48,0.31,1.0333,532,0.29,0.9666,732,0.29,0.9666,1,0.3,1.0,22,0
IWM191025P152,2019-10-23,2019-10-23 09:34:49,0.31,1.0333,97,0.29,0.9666,1701,0.29,0.9666,1,0.3,1.0,22,0
IWM191025P152,2019-10-23,2019-10-23 09:34:49,0.31,1.0333,208,0.29,0.9666,1666,0.29,0.9666,1,0.3,1.0,22,0
IWM191025P152,2019-10-23,2019-10-23 09:34:50,0.31,1.0333,8,0.3,1.0,361,0.29,0.9666,1,0.305,1.0166,22,0
IWM191025P152,2019-10-23,2019-10-23 09:34:50,0.32,1.0666,922,0.3,1.0,971,0.29,0.9666,1,0.31,1.0333,22,0
IWM191025P152,2019-10-23,2019-10-23 09:34:51,0.31,1.0333,1,0.29,0.9666,506,0.29,0.9666,1,0.3,1.0,22,0
IWM191025P152,2019-10-23,2019-10-23 09:34:51,0.31,1.0333,145,0.29,0.9666,746,0.29,0.9666,1,0.3,1.0,22,0
IWM191025P152,2019-10-23,2019-10-23 09:34:52,0.31,1.0333,215,0.29,0.9666,977,0.29,0.9666,1,0.3,1.0,22,0
IWM191025P152,2019-10-23,2019-10-23 09:34:52,0.31,1.0333,215,0.3,1.0,9,0.29,0.9666,1,0.305,1.0166,22,0
IWM191025P152,2019-10-23,2019-10-23 09:34:53,0.31,1.0333,10,0.3,1.0,358,0.29,0.9666,1,0.305,1.0166,22,0
IWM191025P152,2019-10-23,2019-10-23 09:34:54,0.31,1.0333,10,0.3,1.0,539,0.29,0.9666,1,0.305,1.0166,22,0
IWM191025P152,2019-10-23,2019-10-23 09:34:54,0.32,1.0666,398,0.3,1.0,757,0.29,0.9666,1,0.31,1.0333,22,0
IWM191025P152,2019-10-23,2019-10-23 09:34:55,0.32,1.0666,309,0.31,1.0333,203,0.29,0.9666,1,0.315,1.05,22,0
IWM191025P152,2019-10-23,2019-10-23 09:34:55,0.32,1.0666,309,0.3,1.0,1052,0.29,0.9666,1,0.31,1.0333,22,0
IWM191025P152,2019-10-23,2019-10-23 09:34:56,0.32,1.0666,260,0.31,1.0333,199,0.29,0.9666,1,0.315,1.05,22,0
IWM191025P152,2019-10-23,2019-10-23 09:34:56,0.32,1.0666,284,0.31,1.0333,199,0.29,0.9666,1,0.315,1.05,22,0
IWM191025P152,2019-10-23,2019-10-23 09:34:57,0.32,1.0666,116,0.31,1.0333,263,0.29,0.9666,1,0.315,1.05,22,0
IWM191025P152,2019-10-23,2019-10-23 09:34:57,0.32,1.0666,259,0.31,1.0333,263,0.29,0.9666,1,0.315,1.05,22,0
IWM191025P152,2019-10-23,2019-10-23 09:34:58,0.32,1.0666,138,0.31,1.0333,206,0.29,0.9666,1,0.315,1.05,22,0
IWM191025P152,2019-10-23,2019-10-23 09:34:58,0.32,1.0666,170,0.31,1.0333,186,0.29,0.9666,1,0.315,1.05,22,0
IWM191025P152,2019-10-23,2019-10-23 09:34:59,0.32,1.0666,221,0.3,1.0,1351,0.29,0.9666,1,0.31,1.0333,22,0
IWM191025P152,2019-10-23,2019-10-23 09:34:59,0.32,1.0666,190,0.31,1.0333,10,0.29,0.9666,1,0.315,1.05,22,0
IWM191025P152,2019-10-23,2019-10-23 09:35:00,0.32,1.0666,362,0.3,1.0,1351,0.29,0.9666,1,0.31,1.0333,22,0
IWM191025P152,2019-10-23,2019-10-23 09:35:00,0.32,1.0666,362,0.3,1.0,1455,0.29,0.9666,1,0.31,1.0333,22,0
IWM191025P152,2019-10-23,2019-10-23 09:35:01,0.32,1.0666,352,0.3,1.0,1455,0.29,0.9666,1,0.31,1.0333,22,0
IWM191025P152,2019-10-23,2019-10-23 09:35:01,0.32,1.0666,393,0.3,1.0,1455,0.29,0.9666,1,0.31,1.0333,22,0
IWM191025P152,2019-10-23,2019-10-23 09:35:02,0.32,1.0666,431,0.3,1.0,1455,0.29,0.9666,1,0.31,1.0333,22,0
IWM191025P152,2019-10-23,2019-10-23 09:35:02,0.32,1.0666,203,0.3,1.0,969,0.29,0.9666,1,0.31,1.0333,22,0
IWM191025P152,2019-10-23,2019-10-23 09:35:03,0.32,1.0666,136,0.31,1.0333,383,0.29,0.9666,1,0.315,1.05,22,0
IWM191025P152,2019-10-23,2019-10-23 09:35:03,0.32,1.0666,203,0.31,1.0333,104,0.29,0.9666,1,0.315,1.05,22,0
IWM191025P152,2019-10-23,2019-10-23 09:35:04,0.33,1.1,367,0.32,1.0666,9,0.29,0.9666,1,0.325,1.0833,22,0
IWM191025P152,2019-10-23,2019-10-23 09:35:04,0.33,1.1,586,0.31,1.0333,905,0.29,0.9666,1,0.32,1.0666,22,0
IWM191025P152,2019-10-23,2019-10-23 09:35:05,0.33,1.1,122,0.32,1.0666,13,0.29,0.9666,1,0.325,1.0833,22,0
IWM191025P152,2019-10-23,2019-10-23 09:35:05,0.33,1.1,213,0.32,1.0666,138,0.29,0.9666,1,0.325,1.0833,22,0
IWM191025P152,2019-10-23,2019-10-23 09:35:06,0.33,1.1,90,0.32,1.0666,41,0.29,0.9666,1,0.325,1.0833,22,0
IWM191025P152,2019-10-23,2019-10-23 09:35:06,0.33,1.1,245,0.31,1.0333,785,0.29,0.9666,1,0.32,1.0666,22,0
IWM191025P152,2019-10-23,2019-10-23 09:35:07,0.34,1.1333,115,0.32,1.0666,685,0.29,0.9666,1,0.33,1.1,22,0
IWM191025P152,2019-10-23,2019-10-23 09:35:07,0.34,1.1333,269,0.32,1.0666,389,0.29,0.9666,1,0.33,1.1,22,0
IWM191025P152,2019-10-23,2019-10-23 09:35:08,0.34,1.1333,372,0.32,1.0666,804,0.29,0.9666,1,0.33,1.1,22,0
IWM191025P152,2019-10-23,2019-10-23 09:35:08,0.34,1.1333,250,0.32,1.0666,738,0.29,0.9666,1,0.33,1.1,22,0
IWM191025P152,2019-10-23,2019-10-23 09:35:09,0.34,1.1333,266,0.32,1.0666,758,0.29,0.9666,1,0.33,1.1,22,0
IWM191025P152,2019-10-23,2019-10-23 09:35:09,0.34,1.1333,472,0.32,1.0666,1277,0.29,0.9666,1,0.33,1.1,22,0
IWM191025P152,2019-10-23,2019-10-23 09:35:10,0.33,1.1,10,0.31,1.0333,400,0.29,0.9666,1,0.32,1.0666,22,0
IWM191025P152,2019-10-23,2019-10-23 09:35:11,0.33,1.1,450,0.31,1.0333,240,0.29,0.9666,1,0.32,1.0666,22,0
IWM191025P152,2019-10-23,2019-10-23 09:35:11,0.33,1.1,283,0.31,1.0333,721,0.29,0.9666,1,0.32,1.0666,22,0
IWM191025P152,2019-10-23,2019-10-23 09:35:12,0.33,1.1,1165,0.31,1.0333,375,0.29,0.9666,1,0.32,1.0666,22,0
IWM191025P152,2019-10-23,2019-10-23 09:35:12,0.33,1.1,542,0.31,1.0333,384,0.29,0.9666,1,0.32,1.0666,22,0
IWM191025P152,2019-10-23,2019-10-23 09:35:13,0.33,1.1,802,0.31,1.0333,768,0.29,0.9666,1,0.32,1.0666,22,0
IWM191025P152,2019-10-23,2019-10-23 09:35:13,0.33,1.1,542,0.31,1.0333,384,0.29,0.9666,1,0.32,1.0666,22,0
IWM191025P152,2019-10-23,2019-10-23 09:35:14,0.33,1.1,66,0.32,1.0666,64,0.29,0.9666,1,0.325,1.0833,22,0
IWM191025P152,2019-10-23,2019-10-23 09:35:14,0.33,1.1,223,0.31,1.0333,409,0.29,0.9666,1,0.32,1.0666,22,0
IWM191025P152,2019-10-23,2019-10-23 09:35:15,0.34,1.1333,762,0.32,1.0666,611,0.29,0.9666,1,0.33,1.1,22,0
IWM191025P152,2019-10-23,2019-10-23 09:35:15,0.34,1.1333,223,0.32,1.0666,400,0.29,0.9666,1,0.33,1.1,22,0
IWM191025P152,2019-10-23,2019-10-23 09:35:16,0.34,1.1333,93,0.33,1.1,57,0.29,0.9666,1,0.335,1.1166,22,0
IWM191025P152,2019-10-23,2019-10-23 09:35:16,0.34,1.1333,107,0.33,1.1,61,0.29,0.9666,1,0.335,1.1166,22,0
IWM191025P152,2019-10-23,2019-10-23 09:35:17,0.34,1.1333,146,0.33,1.1,40,0.29,0.9666,1,0.335,1.1166,22,0
IWM191025P152,2019-10-23,2019-10-23 09:35:18,0.34,1.1333,544,0.32,1.0666,1264,0.29,0.9666,1,0.33,1.1,22,0
IWM191025P152,2019-10-23,2019-10-23 09:35:18,0.34,1.1333,544,0.33,1.1,386,0.29,0.9666,1,0.335,1.1166,22,0
IWM191025P152,2019-10-23,2019-10-23 09:35:19,0.35,1.1666,844,0.33,1.1,782,0.29,0.9666,1,0.34,1.1333,22,0
IWM191025P152,2019-10-23,2019-10-23 09:35:19,0.35,1.1666,858,0.33,1.1,782,0.29,0.9666,1,0.34,1.1333,22,0
IWM191025P152,2019-10-23,2019-10-23 09:35:20,0.35,1.1666,1045,0.33,1.1,782,0.29,0.9666,1,0.34,1.1333,22,0
IWM191025P152,2019-10-23,2019-10-23 09:35:21,0.35,1.1666,858,0.33,1.1,1044,0.29,0.9666,1,0.34,1.1333,22,0
IWM191025P152,2019-10-23,2019-10-23 09:35:21,0.35,1.1666,978,0.33,1.1,782,0.29,0.9666,1,0.34,1.1333,22,0
IWM191025P152,2019-10-23,2019-10-23 09:35:22,0.35,1.1666,858,0.33,1.1,1011,0.29,0.9666,1,0.34,1.1333,22,0
IWM191025P152,2019-10-23,2019-10-23 09:35:22,0.35,1.1666,858,0.33,1.1,843,0.29,0.9666,1,0.34,1.1333,22,0
IWM191025P152,2019-10-23,2019-10-23 09:35:23,0.34,1.1333,26,0.33,1.1,843,0.29,0.9666,1,0.335,1.1166,22,0
IWM191025P152,2019-10-23,2019-10-23 09:35:23,0.34,1.1333,10,0.33,1.1,843,0.29,0.9666,1,0.335,1.1166,22,0
IWM191025P152,2019-10-23,2019-10-23 09:35:24,0.34,1.1333,44,0.33,1.1,192,0.29,0.9666,1,0.335,1.1166,22,0
IWM191025P152,2019-10-23,2019-10-23 09:35:24,0.34,1.1333,211,0.33,1.1,39,0.29,0.9666,1,0.335,1.1166,22,0
IWM191025P152,2019-10-23,2019-10-23 09:35:25,0.34,1.1333,1,0.33,1.1,769,0.29,0.9666,1,0.335,1.1166,22,0
IWM191025P152,2019-10-23,2019-10-23 09:35:25,0.35,1.1666,665,0.33,1.1,872,0.29,0.9666,1,0.34,1.1333,22,0
IWM191025P152,2019-10-23,2019-10-23 09:35:26,0.35,1.1666,384,0.33,1.1,916,0.29,0.9666,1,0.34,1.1333,22,0
IWM191025P152,2019-10-23,2019-10-23 09:35:26,0.35,1.1666,387,0.33,1.1,1109,0.29,0.9666,1,0.34,1.1333,22,0
IWM191025P152,2019-10-23,2019-10-23 09:35:27,0.35,1.1666,387,0.33,1.1,959,0.29,0.9666,1,0.34,1.1333,22,0
IWM191025P152,2019-10-23,2019-10-23 09:35:28,0.35,1.1666,550,0.33,1.1,1101,0.29,0.9666,1,0.34,1.1333,22,0
IWM191025P152,2019-10-23,2019-10-23 09:35:29,0.35,1.1666,539,0.33,1.1,1316,0.29,0.9666,1,0.34,1.1333,22,0
IWM191025P152,2019-10-23,2019-10-23 09:35:29,0.35,1.1666,883,0.34,1.1333,1,0.34,1.1333,5,0.345,1.15,27,5
IWM191025P152,2019-10-23,2019-10-23 09:35:30,0.35,1.1666,883,0.34,1.1333,1,0.34,1.1333,5,0.345,1.15,27,0
IWM191025P152,2019-10-23,2019-10-23 09:35:30,0.35,1.1666,883,0.33,1.1,1342,0.34,1.1333,5,0.34,1.1333,27,0
IWM191025P152,2019-10-23,2019-10-23 09:35:31,0.35,1.1666,883,0.33,1.1,1342,0.34,1.1333,5,0.34,1.1333,27,0
IWM191025P152,2019-10-23,2019-10-23 09:35:32,0.35,1.1666,98,0.34,1.1333,54,0.34,1.1333,5,0.345,1.15,27,0
IWM191025P152,2019-10-23,2019-10-23 09:35:32,0.35,1.1666,250,0.33,1.1,773,0.34,1.1333,5,0.34,1.1333,27,0
IWM191025P152,2019-10-23,2019-10-23 09:35:33,0.35,1.1666,137,0.34,1.1333,54,0.34,1.1333,5,0.345,1.15,27,0
IWM191025P152,2019-10-23,2019-10-23 09:35:33,0.35,1.1666,230,0.34,1.1333,9,0.34,1.1333,5,0.345,1.15,27,0
IWM191025P152,2019-10-23,2019-10-23 09:35:34,0.35,1.1666,202,0.34,1.1333,23,0.34,1.1333,5,0.345,1.15,27,0
IWM191025P152,2019-10-23,2019-10-23 09:35:34,0.36,1.2,419,0.34,1.1333,23,0.34,1.1333,5,0.35,1.1666,27,0
IWM191025P152,2019-10-23,2019-10-23 09:35:35,0.36,1.2,921,0.34,1.1333,427,0.34,1.1333,5,0.35,1.1666,27,0
IWM191025P152,2019-10-23,2019-10-23 09:35:35,0.35,1.1666,234,0.33,1.1,685,0.34,1.1333,5,0.34,1.1333,27,0
IWM191025P152,2019-10-23,2019-10-23 09:35:36,0.35,1.1666,309,0.33,1.1,1009,0.34,1.1333,5,0.34,1.1333,27,0
IWM191025P152,2019-10-23,2019-10-23 09:35:36,0.35,1.1666,459,0.33,1.1,1170,0.34,1.1333,5,0.34,1.1333,27,0
IWM191025P152,2019-10-23,2019-10-23 09:35:37,0.35,1.1666,459,0.34,1.1333,9,0.34,1.1333,5,0.345,1.15,27,0
IWM191025P152,2019-10-23,2019-10-23 09:35:37,0.35,1.1666,520,0.33,1.1,1096,0.34,1.1333,5,0.34,1.1333,27,0
IWM191025P152,2019-10-23,2019-10-23 09:35:38,0.35,1.1666,574,0.33,1.1,1123,0.34,1.1333,5,0.34,1.1333,27,0
IWM191025P152,2019-10-23,2019-10-23 09:35:39,0.35,1.1666,574,0.33,1.1,1123,0.34,1.1333,5,0.34,1.1333,27,0
IWM191025P152,2019-10-23,2019-10-23 09:35:40,0.35,1.1666,574,0.33,1.1,1123,0.34,1.1333,5,0.34,1.1333,27,0
IWM191025P152,2019-10-23,2019-10-23 09:35:40,0.35,1.1666,574,0.33,1.1,1089,0.34,1.1333,5,0.34,1.1333,27,0
IWM191025P152,2019-10-23,2019-10-23 09:35:41,0.35,1.1666,801,0.33,1.1,1089,0.34,1.1333,5,0.34,1.1333,27,0
IWM191025P152,2019-10-23,2019-10-23 09:35:41,0.35,1.1666,863,0.33,1.1,1083,0.34,1.1333,5,0.34,1.1333,27,0
IWM191025P152,2019-10-23,2019-10-23 09:35:42,0.35,1.1666,822,0.33,1.1,1083,0.34,1.1333,5,0.34,1.1333,27,0
IWM191025P152,2019-10-23,2019-10-23 09:35:42,0.35,1.1666,819,0.33,1.1,1083,0.34,1.1333,5,0.34,1.1333,27,0
IWM191025P152,2019-10-23,2019-10-23 09:35:43,0.35,1.1666,467,0.33,1.1,740,0.34,1.1333,5,0.34,1.1333,27,0
IWM191025P152,2019-10-23,2019-10-23 09:35:43,0.35,1.1666,285,0.33,1.1,810,0.34,1.1333,5,0.34,1.1333,27,0
IWM191025P152,2019-10-23,2019-10-23 09:35:44,0.35,1.1666,49,0.34,1.1333,74,0.34,1.1333,5,0.345,1.15,27,0
IWM191025P152,2019-10-23,2019-10-23 09:35:44,0.35,1.1666,588,0.33,1.1,817,0.34,1.1333,5,0.34,1.1333,27,0
IWM191025P152,2019-10-23,2019-10-23 09:35:45,0.35,1.1666,26,0.34,1.1333,239,0.34,1.1333,5,0.345,1.15,27,0
IWM191025P152,2019-10-23,2019-10-23 09:35:45,0.35,1.1666,24,0.34,1.1333,236,0.34,1.1333,5,0.345,1.15,27,0
IWM191025P152,2019-10-23,2019-10-23 09:35:46,0.35,1.1666,24,0.33,1.1,23,0.34,1.1333,5,0.34,1.1333,27,0
IWM191025P152,2019-10-23,2019-10-23 09:35:47,0.35,1.1666,709,0.33,1.1,271,0.34,1.1333,5,0.34,1.1333,27,0
IWM191025P152,2019-10-23,2019-10-23 09:35:48,0.34,1.1333,17,0.33,1.1,614,0.34,1.1333,5,0.335,1.1166,27,0
IWM191025P152,2019-10-23,2019-10-23 09:35:48,0.34,1.1333,59,0.33,1.1,52,0.34,1.1333,5,0.335,1.1166,27,0
IWM191025P152,2019-10-23,2019-10-23 09:35:49,0.34,1.1333,20,0.33,1.1,52,0.34,1.1333,5,0.335,1.1166,27,0
IWM191025P152,2019-10-23,2019-10-23 09:35:49,0.34,1.1333,481,0.32,1.0666,1061,0.34,1.1333,5,0.33,1.1,27,0
IWM191025P152,2019-10-23,2019-10-23 09:35:50,0.34,1.1333,576,0.33,1.1,1,0.34,1.1333,5,0.335,1.1166,27,0
IWM191025P152,2019-10-23,2019-10-23 09:35:50,0.34,1.1333,576,0.32,1.0666,994,0.34,1.1333,5,0.33,1.1,27,0
IWM191025P152,2019-10-23,2019-10-23 09:35:51,0.34,1.1333,11,0.33,1.1,1,0.34,1.1333,5,0.335,1.1166,27,0
IWM191025P152,2019-10-23,2019-10-23 09:35:52,0.34,1.1333,20,0.32,1.0666,729,0.34,1.1333,5,0.33,1.1,27,0
IWM191025P152,2019-10-23,2019-10-23 09:35:52,0.34,1.1333,20,0.33,1.1,52,0.34,1.1333,5,0.335,1.1166,27,0
IWM191025P152,2019-10-23,2019-10-23 09:35:53,0.34,1.1333,215,0.33,1.1,9,0.34,1.1333,5,0.335,1.1166,27,0
IWM191025P152,2019-10-23,2019-10-23 09:35:53,0.34,1.1333,178,0.33,1.1,9,0.34,1.1333,5,0.335,1.1166,27,0
IWM191025P152,2019-10-23,2019-10-23 09:35:54,0.34,1.1333,213,0.33,1.1,54,0.34,1.1333,5,0.335,1.1166,27,0
IWM191025P152,2019-10-23,2019-10-23 09:35:54,0.34,1.1333,327,0.33,1.1,9,0.34,1.1333,5,0.335,1.1166,27,0
IWM191025P152,2019-10-23,2019-10-23 09:35:55,0.34,1.1333,177,0.33,1.1,54,0.34,1.1333,5,0.335,1.1166,27,0
IWM191025P152,2019-10-23,2019-10-23 09:35:55,0.34,1.1333,242,0.33,1.1,23,0.34,1.1333,5,0.335,1.1166,27,0
IWM191025P152,2019-10-23,2019-10-23 09:35:56,0.34,1.1333,127,0.33,1.1,225,0.34,1.1333,5,0.335,1.1166,27,0
IWM191025P152,2019-10-23,2019-10-23 09:35:56,0.34,1.1333,299,0.33,1.1,23,0.34,1.1333,5,0.335,1.1166,27,0
IWM191025P152,2019-10-23,2019-10-23 09:35:57,0.35,1.1666,1123,0.33,1.1,528,0.34,1.1333,5,0.34,1.1333,27,0
IWM191025P152,2019-10-23,2019-10-23 09:35:57,0.35,1.1666,1073,0.33,1.1,609,0.34,1.1333,5,0.34,1.1333,27,0
IWM191025P152,2019-10-23,2019-10-23 09:35:58,0.35,1.1666,523,0.33,1.1,816,0.34,1.1333,5,0.34,1.1333,27,0
IWM191025P152,2019-10-23,2019-10-23 09:35:58,0.35,1.1666,669,0.33,1.1,1311,0.34,1.1333,5,0.34,1.1333,27,0
IWM191025P152,2019-10-23,2019-10-23 09:35:59,0.35,1.1666,789,0.33,1.1,1327,0.34,1.1333,5,0.34,1.1333,27,0
IWM191025P152,2019-10-23,2019-10-23 09:35:59,0.34,1.1333,25,0.32,1.0666,879,0.34,1.1333,5,0.33,1.1,27,0
IWM191025P152,2019-10-23,2019-10-23 09:36:00,0.34,1.1333,166,0.32,1.0666,1054,0.34,1.1333,5,0.33,1.1,27,0
IWM191025P152,2019-10-23,2019-10-23 09:36:00,0.34,1.1333,171,0.32,1.0666,879,0.34,1.1333,5,0.33,1.1,27,0
IWM191025P152,2019-10-23,2019-10-23 09:36:01,0.34,1.1333,276,0.33,1.1,13,0.34,1.1333,5,0.335,1.1166,27,0
IWM191025P152,2019-10-23,2019-10-23 09:36:02,0.34,1.1333,381,0.33,1.1,23,0.34,1.1333,5,0.335,1.1166,27,0
IWM191025P152,2019-10-23,2019-10-23 09:36:02,0.34,1.1333,377,0.33,1.1,23,0.34,1.1333,5,0.335,1.1166,27,0
IWM191025P152,2019-10-23,2019-10-23 09:36:03,0.34,1.1333,381,0.33,1.1,23,0.34,1.1333,5,0.335,1.1166,27,0
IWM191025P152,2019-10-23,2019-10-23 09:36:03,0.34,1.1333,312,0.33,1.1,23,0.34,1.1333,5,0.335,1.1166,27,0
IWM191025P152,2019-10-23,2019-10-23 09:36:04,0.35,1.1666,340,0.33,1.1,168,0.34,1.1333,5,0.34,1.1333,27,0
IWM191025P152,2019-10-23,2019-10-23 09:36:04,0.34,1.1333,65,0.33,1.1,168,0.34,1.1333,5,0.335,1.1166,27,0
IWM191025P152,2019-10-23,2019-10-23 09:36:05,0.35,1.1666,539,0.34,1.1333,40,0.34,1.1333,5,0.345,1.15,27,0
IWM191025P152,2019-10-23,2019-10-23 09:36:05,0.35,1.1666,784,0.34,1.1333,1,0.34,1.1333,5,0.345,1.15,27,0
IWM191025P152,2019-10-23,2019-10-23 09:36:06,0.35,1.1666,671,0.34,1.1333,40,0.34,1.1333,5,0.345,1.15,27,0
IWM191025P152,2019-10-23,2019-10-23 09:36:06,0.35,1.1666,272,0.34,1.1333,1,0.34,1.1333,5,0.345,1.15,27,0
IWM191025P152,2019-10-23,2019-10-23 09:36:07,0.35,1.1666,230,0.34,1.1333,57,0.34,1.1333,5,0.345,1.15,27,0
IWM191025P152,2019-10-23,2019-10-23 09:36:07,0.36,1.2,72,0.34,1.1333,290,0.34,1.1333,5,0.35,1.1666,27,0
IWM191025P152,2019-10-23,2019-10-23 09:36:08,0.37,1.2333,826,0.35,1.1666,72,0.34,1.1333,5,0.36,1.2,27,0
IWM191025P152,2019-10-23,2019-10-23 09:36:08,0.36,1.2,71,0.34,1.1333,651,0.34,1.1333,5,0.35,1.1666,27,0
IWM191025P152,2019-10-23,2019-10-23 09:36:09,0.36,1.2,10,0.35,1.1666,127,0.34,1.1333,5,0.355,1.1833,27,0
IWM191025P152,2019-10-23,2019-10-23 09:36:09,0.36,1.2,28,0.35,1.1666,199,0.34,1.1333,5,0.355,1.1833,27,0
IWM191025P152,2019-10-23,2019-10-23 09:36:10,0.36,1.2,98,0.34,1.1333,1181,0.34,1.1333,5,0.35,1.1666,27,0
IWM191025P152,2019-10-23,2019-10-23 09:36:10,0.36,1.2,317,0.34,1.1333,1396,0.34,1.1333,5,0.35,1.1666,27,0
IWM191025P152,2019-10-23,2019-10-23 09:36:11,0.36,1.2,192,0.35,1.1666,46,0.34,1.1333,5,0.355,1.1833,27,0
IWM191025P152,2019-10-23,2019-10-23 09:36:11,0.36,1.2,317,0.34,1.1333,1380,0.34,1.1333,5,0.35,1.1666,27,0
IWM191025P152,2019-10-23,2019-10-23 09:36:12,0.36,1.2,161,0.34,1.1333,1354,0.34,1.1333,5,0.35,1.1666,27,0
IWM191025P152,2019-10-23,2019-10-23 09:36:12,0.36,1.2,121,0.35,1.1666,18,0.34,1.1333,5,0.355,1.1833,27,0
IWM191025P152,2019-10-23,2019-10-23 09:36:13,0.36,1.2,205,0.34,1.1333,1191,0.34,1.1333,5,0.35,1.1666,27,0
IWM191025P152,2019-10-23,2019-10-23 09:36:14,0.36,1.2,240,0.33,1.1,150,0.34,1.1333,5,0.345,1.15,27,0
IWM191025P152,2019-10-23,2019-10-23 09:36:14,0.36,1.2,307,0.34,1.1333,1074,0.34,1.1333,5,0.35,1.1666,27,0
IWM191025P152,2019-10-23,2019-10-23 09:36:15,0.35,1.1666,358,0.33,1.1,650,0.34,1.1333,5,0.34,1.1333,27,0
IWM191025P152,2019-10-23,2019-10-23 09:36:15,0.35,1.1666,358,0.33,1.1,815,0.34,1.1333,5,0.34,1.1333,27,0
IWM191025P152,2019-10-23,2019-10-23 09:36:16,0.35,1.1666,648,0.33,1.1,757,0.34,1.1333,5,0.34,1.1333,27,0
IWM191025P152,2019-10-23,2019-10-23 09:36:17,0.35,1.1666,648,0.33,1.1,847,0.34,1.1333,5,0.34,1.1333,27,0
IWM191025P152,2019-10-23,2019-10-23 09:36:18,0.35,1.1666,169,0.34,1.1333,53,0.34,1.1333,5,0.345,1.15,27,0
IWM191025P152,2019-10-23,2019-10-23 09:36:18,0.35,1.1666,429,0.34,1.1333,53,0.34,1.1333,5,0.345,1.15,27,0
IWM191025P152,2019-10-23,2019-10-23 09:36:19,0.35,1.1666,12,0.34,1.1333,40,0.34,1.1333,5,0.345,1.15,27,0
IWM191025P152,2019-10-23,2019-10-23 09:36:19,0.35,1.1666,168,0.34,1.1333,146,0.34,1.1333,5,0.345,1.15,27,0
IWM191025P152,2019-10-23,2019-10-23 09:36:20,0.35,1.1666,436,0.34,1.1333,8,0.34,1.1333,5,0.345,1.15,27,0
IWM191025P152,2019-10-23,2019-10-23 09:36:20,0.36,1.2,1047,0.34,1.1333,234,0.34,1.1333,5,0.35,1.1666,27,0
IWM191025P152,2019-10-23,2019-10-23 09:36:21,0.35,1.1666,179,0.34,1.1333,55,0.34,1.1333,5,0.345,1.15,27,0
IWM191025P152,2019-10-23,2019-10-23 09:36:21,0.35,1.1666,195,0.34,1.1333,19,0.34,1.1333,5,0.345,1.15,27,0
IWM191025P152,2019-10-23,2019-10-23 09:36:22,0.35,1.1666,64,0.34,1.1333,19,0.34,1.1333,5,0.345,1.15,27,0
IWM191025P152,2019-10-23,2019-10-23 09:36:22,0.35,1.1666,53,0.34,1.1333,55,0.34,1.1333,5,0.345,1.15,27,0
IWM191025P152,2019-10-23,2019-10-23 09:36:23,0.35,1.1666,251,0.34,1.1333,54,0.34,1.1333,5,0.345,1.15,27,0
IWM191025P152,2019-10-23,2019-10-23 09:36:23,0.35,1.1666,237,0.34,1.1333,34,0.34,1.1333,5,0.345,1.15,27,0
IWM191025P152,2019-10-23,2019-10-23 09:36:24,0.35,1.1666,821,0.33,1.1,526,0.34,1.1333,5,0.34,1.1333,27,0
IWM191025P152,2019-10-23,2019-10-23 09:36:24,0.35,1.1666,401,0.34,1.1333,54,0.34,1.1333,5,0.345,1.15,27,0
IWM191025P152,2019-10-23,2019-10-23 09:36:25,0.34,1.1333,53,0.33,1.1,70,0.34,1.1333,5,0.335,1.1166,27,0
IWM191025P152,2019-10-23,2019-10-23 09:36:25,0.34,1.1333,168,0.33,1.1,123,0.34,1.1333,5,0.335,1.1166,27,0
IWM191025P152,2019-10-23,2019-10-23 09:36:26,0.35,1.1666,659,0.33,1.1,314,0.34,1.1333,5,0.34,1.1333,27,0
IWM191025P152,2019-10-23,2019-10-23 09:36:26,0.35,1.1666,1177,0.33,1.1,425,0.34,1.1333,5,0.34,1.1333,27,0
IWM191025P152,2019-10-23,2019-10-23 09:36:27,0.34,1.1333,280,0.33,1.1,77,0.34,1.1333,5,0.335,1.1166,27,0
IWM191025P152,2019-10-23,2019-10-23 09:36:28,0.34,1.1333,328,0.33,1.1,64,0.34,1.1333,5,0.335,1.1166,27,0
IWM191025P152,2019-10-23,2019-10-23 09:36:28,0.34,1.1333,328,0.33,1.1,23,0.34,1.1333,5,0.335,1.1166,27,0
IWM191025P152,2019-10-23,2019-10-23 09:36:29,0.34,1.1333,704,0.33,1.1,23,0.34,1.1333,5,0.335,1.1166,27,0
IWM191025P152,2019-10-23,2019-10-23 09:36:30,0.34,1.1333,704,0.32,1.0666,588,0.34,1.1333,5,0.33,1.1,27,0
IWM191025P152,2019-10-23,2019-10-23 09:36:30,0.34,1.1333,371,0.33,1.1,15,0.34,1.1333,5,0.335,1.1166,27,0
IWM191025P152,2019-10-23,2019-10-23 09:36:31,0.34,1.1333,173,0.33,1.1,144,0.34,1.1333,5,0.335,1.1166,27,0
IWM191025P152,2019-10-23,2019-10-23 09:36:31,0.34,1.1333,106,0.33,1.1,61,0.34,1.1333,5,0.335,1.1166,27,0
IWM191025P152,2019-10-23,2019-10-23 09:36:32,0.34,1.1333,192,0.33,1.1,111,0.34,1.1333,5,0.335,1.1166,27,0
IWM191025P152,2019-10-23,2019-10-23 09:36:32,0.34,1.1333,206,0.33,1.1,348,0.34,1.1333,5,0.335,1.1166,27,0
IWM191025P152,2019-10-23,2019-10-23 09:36:33,0.34,1.1333,206,0.33,1.1,549,0.34,1.1333,5,0.335,1.1166,27,0
IWM191025P152,2019-10-23,2019-10-23 09:36:34,0.35,1.1666,659,0.33,1.1,512,0.34,1.1333,5,0.34,1.1333,27,0
IWM191025P152,2019-10-23,2019-10-23 09:36:34,0.35,1.1666,440,0.33,1.1,512,0.34,1.1333,5,0.34,1.1333,27,0
IWM191025P152,2019-10-23,2019-10-23 09:36:35,0.35,1.1666,235,0.33,1.1,659,0.34,1.1333,5,0.34,1.1333,27,0
IWM191025P152,2019-10-23,2019-10-23 09:36:35,0.35,1.1666,239,0.33,1.1,1348,0.34,1.1333,5,0.34,1.1333,27,0
IWM191025P152,2019-10-23,2019-10-23 09:36:36,0.35,1.1666,395,0.34,1.1333,72,0.34,1.1333,5,0.345,1.15,27,0
IWM191025P152,2019-10-23,2019-10-23 09:36:36,0.35,1.1666,295,0.34,1.1333,9,0.34,1.1333,5,0.345,1.15,27,0
IWM191025P152,2019-10-23,2019-10-23 09:36:37,0.35,1.1666,209,0.34,1.1333,299,0.34,1.1333,5,0.345,1.15,27,0
IWM191025P152,2019-10-23,2019-10-23 09:36:37,0.35,1.1666,125,0.34,1.1333,442,0.34,1.1333,5,0.345,1.15,27,0
IWM191025P152,2019-10-23,2019-10-23 09:36:38,0.36,1.2,494,0.34,1.1333,974,0.34,1.1333,5,0.35,1.1666,27,0
IWM191025P152,2019-10-23,2019-10-23 09:36:38,0.36,1.2,494,0.34,1.1333,1334,0.34,1.1333,5,0.35,1.1666,27,0
IWM191025P152,2019-10-23,2019-10-23 09:36:39,0.36,1.2,114,0.35,1.1666,412,0.34,1.1333,5,0.355,1.1833,27,0
IWM191025P152,2019-10-23,2019-10-23 09:36:39,0.36,1.2,120,0.35,1.1666,412,0.34,1.1333,5,0.355,1.1833,27,0
IWM191025P152,2019-10-23,2019-10-23 09:36:40,0.36,1.2,20,0.35,1.1666,624,0.34,1.1333,5,0.355,1.1833,27,0
IWM191025P152,2019-10-23,2019-10-23 09:36:41,0.37,1.2333,548,0.35,1.1666,835,0.34,1.1333,5,0.36,1.2,27,0
IWM191025P152,2019-10-23,2019-10-23 09:36:41,0.37,1.2333,715,0.35,1.1666,1039,0.34,1.1333,5,0.36,1.2,27,0
IWM191025P152,2019-10-23,2019-10-23 09:36:42,0.37,1.2333,799,0.35,1.1666,1039,0.34,1.1333,5,0.36,1.2,27,0
IWM191025P152,2019-10-23,2019-10-23 09:36:43,0.37,1.2333,705,0.35,1.1666,1039,0.34,1.1333,5,0.36,1.2,27,0
IWM191025P152,2019-10-23,2019-10-23 09:36:43,0.37,1.2333,570,0.36,1.2,49,0.34,1.1333,5,0.365,1.2166,27,0
IWM191025P152,2019-10-23,2019-10-23 09:36:44,0.37,1.2333,237,0.36,1.2,416,0.34,1.1333,5,0.365,1.2166,27,0
IWM191025P152,2019-10-23,2019-10-23 09:36:44,0.37,1.2333,293,0.36,1.2,147,0.34,1.1333,5,0.365,1.2166,27,0
IWM191025P152,2019-10-23,2019-10-23 09:36:45,0.37,1.2333,175,0.36,1.2,556,0.34,1.1333,5,0.365,1.2166,27,0
IWM191025P152,2019-10-23,2019-10-23 09:36:46,0.37,1.2333,20,0.36,1.2,777,0.34,1.1333,5,0.365,1.2166,27,0
IWM191025P152,2019-10-23,2019-10-23 09:36:46,0.37,1.2333,263,0.36,1.2,285,0.34,1.1333,5,0.365,1.2166,27,0
IWM191025P152,2019-10-23,2019-10-23 09:36:47,0.37,1.2333,20,0.36,1.2,654,0.34,1.1333,5,0.365,1.2166,27,0
IWM191025P152,2019-10-23,2019-10-23 09:36:48,0.38,1.2666,255,0.36,1.2,497,0.34,1.1333,5,0.37,1.2333,27,0
IWM191025P152,2019-10-23,2019-10-23 09:36:48,0.38,1.2666,999,0.36,1.2,711,0.34,1.1333,5,0.37,1.2333,27,0
IWM191025P152,2019-10-23,2019-10-23 09:36:49,0.38,1.2666,108,0.37,1.2333,238,0.34,1.1333,5,0.375,1.25,27,0
IWM191025P152,2019-10-23,2019-10-23 09:36:49,0.38,1.2666,816,0.36,1.2,1100,0.34,1.1333,5,0.37,1.2333,27,0
IWM191025P152,2019-10-23,2019-10-23 09:36:50,0.38,1.2666,20,0.37,1.2333,358,0.34,1.1333,5,0.375,1.25,27,0
IWM191025P152,2019-10-23,2019-10-23 09:36:50,0.38,1.2666,52,0.37,1.2333,24,0.34,1.1333,5,0.375,1.25,27,0
IWM191025P152,2019-10-23,2019-10-23 09:36:51,0.39,1.3,204,0.38,1.2666,81,0.34,1.1333,5,0.385,1.2833,27,0
IWM191025P152,2019-10-23,2019-10-23 09:36:51,0.4,1.3333,259,0.38,1.2666,441,0.34,1.1333,5,0.39,1.3,27,0
IWM191025P152,2019-10-23,2019-10-23 09:36:52,0.4,1.3333,492,0.38,1.2666,128,0.34,1.1333,5,0.39,1.3,27,0
IWM191025P152,2019-10-23,2019-10-23 09:36:52,0.4,1.3333,308,0.38,1.2666,57,0.34,1.1333,5,0.39,1.3,27,0
IWM191025P152,2019-10-23,2019-10-23 09:36:53,0.39,1.3,225,0.37,1.2333,222,0.34,1.1333,5,0.38,1.2666,27,0
IWM191025P152,2019-10-23,2019-10-23 09:36:53,0.39,1.3,216,0.38,1.2666,16,0.34,1.1333,5,0.385,1.2833,27,0
IWM191025P152,2019-10-23,2019-10-23 09:36:54,0.39,1.3,2,0.38,1.2666,155,0.34,1.1333,5,0.385,1.2833,27,0
IWM191025P152,2019-10-23,2019-10-23 09:36:54,0.39,1.3,2,0.38,1.2666,168,0.34,1.1333,5,0.385,1.2833,27,0
IWM191025P152,2019-10-23,2019-10-23 09:36:55,0.4,1.3333,338,0.38,1.2666,330,0.34,1.1333,5,0.39,1.3,27,0
IWM191025P152,2019-10-23,2019-10-23 09:36:55,0.4,1.3333,486,0.38,1.2666,399,0.34,1.1333,5,0.39,1.3,27,0
IWM191025P152,2019-10-23,2019-10-23 09:36:56,0.4,1.3333,368,0.38,1.2666,480,0.34,1.1333,5,0.39,1.3,27,0
IWM191025P152,2019-10-23,2019-10-23 09:36:56,0.4,1.3333,606,0.38,1.2666,829,0.34,1.1333,5,0.39,1.3,27,0
IWM191025P152,2019-10-23,2019-10-23 09:36:57,0.4,1.3333,395,0.38,1.2666,617,0.34,1.1333,5,0.39,1.3,27,0
IWM191025P152,2019-10-23,2019-10-23 09:36:57,0.4,1.3333,128,0.38,1.2666,985,0.34,1.1333,5,0.39,1.3,27,0
IWM191025P152,2019-10-23,2019-10-23 09:36:58,0.4,1.3333,101,0.37,1.2333,286,0.34,1.1333,5,0.385,1.2833,27,0
IWM191025P152,2019-10-23,2019-10-23 09:36:59,0.39,1.3,20,0.38,1.2666,26,0.34,1.1333,5,0.385,1.2833,27,0
IWM191025P152,2019-10-23,2019-10-23 09:36:59,0.39,1.3,416,0.37,1.2333,531,0.34,1.1333,5,0.38,1.2666,27,0
IWM191025P152,2019-10-23,2019-10-23 09:37:00,0.39,1.3,416,0.37,1.2333,531,0.34,1.1333,5,0.38,1.2666,27,0
IWM191025P152,2019-10-23,2019-10-23 09:37:00,0.39,1.3,255,0.37,1.2333,23,0.34,1.1333,5,0.38,1.2666,27,0
IWM191025P152,2019-10-23,2019-10-23 09:37:01,0.38,1.2666,159,0.36,1.2,835,0.34,1.1333,5,0.37,1.2333,27,0
IWM191025P152,2019-10-23,2019-10-23 09:37:01,0.38,1.2666,97,0.36,1.2,1323,0.34,1.1333,5,0.37,1.2333,27,0
IWM191025P152,2019-10-23,2019-10-23 09:37:02,0.38,1.2666,71,0.37,1.2333,146,0.34,1.1333,5,0.375,1.25,27,0
IWM191025P152,2019-10-23,2019-10-23 09:37:02,0.38,1.2666,71,0.37,1.2333,612,0.34,1.1333,5,0.375,1.25,27,0
IWM191025P152,2019-10-23,2019-10-23 09:37:03,0.39,1.3,256,0.37,1.2333,580,0.34,1.1333,5,0.38,1.2666,27,0
IWM191025P152,2019-10-23,2019-10-23 09:37:03,0.39,1.3,339,0.37,1.2333,563,0.34,1.1333,5,0.38,1.2666,27,0
IWM191025P152,2019-10-23,2019-10-23 09:37:04,0.39,1.3,432,0.38,1.2666,18,0.34,1.1333,5,0.385,1.2833,27,0
IWM191025P152,2019-10-23,2019-10-23 09:37:04,0.39,1.3,175,0.37,1.2333,455,0.34,1.1333,5,0.38,1.2666,27,0
IWM191025P152,2019-10-23,2019-10-23 09:37:05,0.39,1.3,367,0.38,1.2666,18,0.34,1.1333,5,0.385,1.2833,27,0
IWM191025P152,2019-10-23,2019-10-23 09:37:05,0.39,1.3,375,0.37,1.2333,255,0.34,1.1333,5,0.38,1.2666,27,0
IWM191025P152,2019-10-23,2019-10-23 09:37:06,0.39,1.3,513,0.37,1.2333,379,0.34,1.1333,5,0.38,1.2666,27,0
IWM191025P152,2019-10-23,2019-10-23 09:37:07,0.39,1.3,658,0.37,1.2333,473,0.34,1.1333,5,0.38,1.2666,27,0
IWM191025P152,2019-10-23,2019-10-23 09:37:07,0.39,1.3,290,0.37,1.2333,318,0.34,1.1333,5,0.38,1.2666,27,0
IWM191025P152,2019-10-23,2019-10-23 09:37:08,0.38,1.2666,152,0.37,1.2333,1,0.34,1.1333,5,0.375,1.25,27,0
IWM191025P152,2019-10-23,2019-10-23 09:37:08,0.38,1.2666,397,0.36,1.2,445,0.34,1.1333,5,0.37,1.2333,27,0
IWM191025P152,2019-10-23,2019-10-23 09:37:09,0.37,1.2333,218,0.36,1.2,315,0.34,1.1333,5,0.365,1.2166,27,0
IWM191025P152,2019-10-23,2019-10-23 09:37:09,0.37,1.2333,29,0.36,1.2,315,0.34,1.1333,5,0.365,1.2166,27,0
IWM191025P152,2019-10-23,2019-10-23 09:37:10,0.37,1.2333,20,0.36,1.2,639,0.34,1.1333,5,0.365,1.2166,27,0
IWM191025P152,2019-10-23,2019-10-23 09:37:10,0.38,1.2666,482,0.36,1.2,597,0.34,1.1333,5,0.37,1.2333,27,0
IWM191025P152,2019-10-23,2019-10-23 09:37:11,0.37,1.2333,204,0.36,1.2,15,0.34,1.1333,5,0.365,1.2166,27,0
IWM191025P152,2019-10-23,2019-10-23 09:37:11,0.37,1.2333,118,0.36,1.2,290,0.34,1.1333,5,0.365,1.2166,27,0
IWM191025P152,2019-10-23,2019-10-23 09:37:12,0.38,1.2666,718,0.36,1.2,768,0.34,1.1333,5,0.37,1.2333,27,0
IWM191025P152,2019-10-23,2019-10-23 09:37:12,0.38,1.2666,251,0.36,1.2,324,0.34,1.1333,5,0.37,1.2333,27,0
IWM191025P152,2019-10-23,2019-10-23 09:37:13,0.38,1.2666,324,0.36,1.2,499,0.34,1.1333,5,0.37,1.2333,27,0
IWM191025P152,2019-10-23,2019-10-23 09:37:13,0.38,1.2666,139,0.36,1.2,657,0.34,1.1333,5,0.37,1.2333,27,0
IWM191025P152,2019-10-23,2019-10-23 09:37:14,0.37,1.2333,585,0.35,1.1666,723,0.34,1.1333,5,0.36,1.2,27,0
IWM191025P152,2019-10-23,2019-10-23 09:37:14,0.37,1.2333,415,0.35,1.1666,382,0.34,1.1333,5,0.36,1.2,27,0
IWM191025P152,2019-10-23,2019-10-23 09:37:15,0.37,1.2333,590,0.35,1.1666,84,0.34,1.1333,5,0.36,1.2,27,0
IWM191025P152,2019-10-23,2019-10-23 09:37:15,0.37,1.2333,508,0.35,1.1666,84,0.34,1.1333,5,0.36,1.2,27,0
IWM191025P152,2019-10-23,2019-10-23 09:37:16,0.37,1.2333,670,0.35,1.1666,269,0.34,1.1333,5,0.36,1.2,27,0
IWM191025P152,2019-10-23,2019-10-23 09:37:16,0.36,1.2,86,0.35,1.1666,326,0.34,1.1333,5,0.355,1.1833,27,0
IWM191025P152,2019-10-23,2019-10-23 09:37:17,0.36,1.2,96,0.35,1.1666,317,0.34,1.1333,5,0.355,1.1833,27,0
IWM191025P152,2019-10-23,2019-10-23 09:37:18,0.37,1.2333,374,0.35,1.1666,552,0.34,1.1333,5,0.36,1.2,27,0
IWM191025P152,2019-10-23,2019-10-23 09:37:18,0.37,1.2333,439,0.35,1.1666,471,0.34,1.1333,5,0.36,1.2,27,0
IWM191025P152,2019-10-23,2019-10-23 09:37:19,0.37,1.2333,392,0.35,1.1666,706,0.34,1.1333,5,0.36,1.2,27,0
IWM191025P152,2019-10-23,2019-10-23 09:37:19,0.37,1.2333,425,0.35,1.1666,706,0.34,1.1333,5,0.36,1.2,27,0
IWM191025P152,2019-10-23,2019-10-23 09:37:20,0.36,1.2,320,0.34,1.1333,310,0.34,1.1333,5,0.35,1.1666,27,0
IWM191025P152,2019-10-23,2019-10-23 09:37:20,0.36,1.2,588,0.34,1.1333,584,0.34,1.1333,5,0.35,1.1666,27,0
IWM191025P152,2019-10-23,2019-10-23 09:37:21,0.36,1.2,588,0.34,1.1333,584,0.34,1.1333,5,0.35,1.1666,27,0
IWM191025P152,2019-10-23,2019-10-23 09:37:21,0.36,1.2,818,0.34,1.1333,531,0.34,1.1333,5,0.35,1.1666,27,0
IWM191025P152,2019-10-23,2019-10-23 09:37:22,0.36,1.2,818,0.34,1.1333,531,0.34,1.1333,5,0.35,1.1666,27,0
IWM191025P152,2019-10-23,2019-10-23 09:37:22,0.36,1.2,683,0.34,1.1333,625,0.34,1.1333,5,0.35,1.1666,27,0
IWM191025P152,2019-10-23,2019-10-23 09:37:23,0.36,1.2,828,0.34,1.1333,487,0.34,1.1333,5,0.35,1.1666,27,0
IWM191025P152,2019-10-23,2019-10-23 09:37:23,0.36,1.2,828,0.34,1.1333,603,0.34,1.1333,5,0.35,1.1666,27,0
IWM191025P152,2019-10-23,2019-10-23 09:37:24,0.35,1.1666,147,0.34,1.1333,454,0.34,1.1333,5,0.345,1.15,27,0
IWM191025P152,2019-10-23,2019-10-23 09:37:24,0.35,1.1666,161,0.34,1.1333,16,0.34,1.1333,5,0.345,1.15,27,0
IWM191025P152,2019-10-23,2019-10-23 09:37:25,0.35,1.1666,1,0.34,1.1333,39,0.34,1.1333,5,0.345,1.15,27,0
IWM191025P152,2019-10-23,2019-10-23 09:37:25,0.36,1.2,319,0.34,1.1333,684,0.34,1.1333,5,0.35,1.1666,27,0
IWM191025P152,2019-10-23,2019-10-23 09:37:26,0.35,1.1666,266,0.34,1.1333,23,0.34,1.1333,5,0.345,1.15,27,0
IWM191025P152,2019-10-23,2019-10-23 09:37:26,0.35,1.1666,137,0.34,1.1333,23,0.34,1.1333,5,0.345,1.15,27,0
IWM191025P152,2019-10-23,2019-10-23 09:37:27,0.35,1.1666,237,0.33,1.1,211,0.34,1.1333,5,0.34,1.1333,27,0
IWM191025P152,2019-10-23,2019-10-23 09:37:27,0.35,1.1666,622,0.33,1.1,252,0.34,1.1333,5,0.34,1.1333,27,0
IWM191025P152,2019-10-23,2019-10-23 09:37:28,0.33,1.1,20,0.32,1.0666,325,0.34,1.1333,5,0.325,1.0833,27,0
IWM191025P152,2019-10-23,2019-10-23 09:37:28,0.35,1.1666,590,0.32,1.0666,210,0.34,1.1333,5,0.335,1.1166,27,0
IWM191025P152,2019-10-23,2019-10-23 09:37:29,0.34,1.1333,938,0.32,1.0666,899,0.34,1.1333,5,0.33,1.1,27,0
IWM191025P152,2019-10-23,2019-10-23 09:37:29,0.34,1.1333,1114,0.32,1.0666,899,0.34,1.1333,5,0.33,1.1,27,0
IWM191025P152,2019-10-23,2019-10-23 09:37:30,0.34,1.1333,938,0.32,1.0666,899,0.34,1.1333,5,0.33,1.1,27,0
IWM191025P152,2019-10-23,2019-10-23 09:37:30,0.33,1.1,309,0.32,1.0666,18,0.34,1.1333,5,0.325,1.0833,27,0
IWM191025P152,2019-10-23,2019-10-23 09:37:31,0.33,1.1,561,0.31,1.0333,162,0.34,1.1333,5,0.32,1.0666,27,0
IWM191025P152,2019-10-23,2019-10-23 09:37:31,0.33,1.1,836,0.31,1.0333,300,0.34,1.1333,5,0.32,1.0666,27,0
IWM191025P152,2019-10-23,2019-10-23 09:37:32,0.33,1.1,561,0.31,1.0333,207,0.34,1.1333,5,0.32,1.0666,27,0
IWM191025P152,2019-10-23,2019-10-23 09:37:32,0.33,1.1,561,0.31,1.0333,277,0.34,1.1333,5,0.32,1.0666,27,0
IWM191025P152,2019-10-23,2019-10-23 09:37:33,0.33,1.1,666,0.31,1.0333,407,0.34,1.1333,5,0.32,1.0666,27,0
IWM191025P152,2019-10-23,2019-10-23 09:37:33,0.33,1.1,548,0.31,1.0333,407,0.34,1.1333,5,0.32,1.0666,27,0
IWM191025P152,2019-10-23,2019-10-23 09:37:34,0.33,1.1,548,0.32,1.0666,9,0.34,1.1333,5,0.325,1.0833,27,0
IWM191025P152,2019-10-23,2019-10-23 09:37:35,0.33,1.1,427,0.32,1.0666,79,0.34,1.1333,5,0.325,1.0833,27,0
IWM191025P152,2019-10-23,2019-10-23 09:37:36,0.33,1.1,520,0.32,1.0666,40,0.34,1.1333,5,0.325,1.0833,27,0
IWM191025P152,2019-10-23,2019-10-23 09:37:36,0.33,1.1,465,0.32,1.0666,40,0.34,1.1333,5,0.325,1.0833,27,0
IWM191025P152,2019-10-23,2019-10-23 09:37:37,0.33,1.1,508,0.32,1.0666,18,0.34,1.1333,5,0.325,1.0833,27,0
IWM191025P152,2019-10-23,2019-10-23 09:37:37,0.33,1.1,520,0.32,1.0666,40,0.34,1.1333,5,0.325,1.0833,27,0
IWM191025P152,2019-10-23,2019-10-23 09:37:38,0.33,1.1,191,0.32,1.0666,18,0.34,1.1333,5,0.325,1.0833,27,0
IWM191025P152,2019-10-23,2019-10-23 09:37:38,0.33,1.1,470,0.32,1.0666,18,0.34,1.1333,5,0.325,1.0833,27,0
IWM191025P152,2019-10-23,2019-10-23 09:37:39,0.33,1.1,807,0.31,1.0333,1299,0.34,1.1333,5,0.32,1.0666,27,0
IWM191025P152,2019-10-23,2019-10-23 09:37:39,0.33,1.1,184,0.31,1.0333,684,0.34,1.1333,5,0.32,1.0666,27,0
IWM191025P152,2019-10-23,2019-10-23 09:37:40,0.32,1.0666,52,0.31,1.0333,993,0.34,1.1333,5,0.315,1.05,27,0
IWM191025P152,2019-10-23,2019-10-23 09:37:40,0.33,1.1,798,0.31,1.0333,1213,0.34,1.1333,5,0.32,1.0666,27,0
IWM191025P152,2019-10-23,2019-10-23 09:37:41,0.32,1.0666,135,0.31,1.0333,378,0.34,1.1333,5,0.315,1.05,27,0
IWM191025P152,2019-10-23,2019-10-23 09:37:41,0.32,1.0666,389,0.31,1.0333,618,0.34,1.1333,5,0.315,1.05,27,0
IWM191025P152,2019-10-23,2019-10-23 09:37:42,0.32,1.0666,236,0.31,1.0333,206,0.34,1.1333,5,0.315,1.05,27,0
IWM191025P152,2019-10-23,2019-10-23 09:37:42,0.32,1.0666,317,0.3,1.0,692,0.34,1.1333,5,0.31,1.0333,27,0
IWM191025P152,2019-10-23,2019-10-23 09:37:43,0.31,1.0333,159,0.3,1.0,10,0.34,1.1333,5,0.305,1.0166,27,0
IWM191025P152,2019-10-23,2019-10-23 09:37:43,0.31,1.0333,32,0.3,1.0,612,0.34,1.1333,5,0.305,1.0166,27,0
IWM191025P152,2019-10-23,2019-10-23 09:37:44,0.31,1.0333,599,0.3,1.0,23,0.34,1.1333,5,0.305,1.0166,27,0
IWM191025P152,2019-10-23,2019-10-23 09:37:44,0.31,1.0333,553,0.29,0.9666,906,0.34,1.1333,5,0.3,1.0,27,0
IWM191025P152,2019-10-23,2019-10-23 09:37:45,0.31,1.0333,368,0.3,1.0,23,0.34,1.1333,5,0.305,1.0166,27,0
IWM191025P152,2019-10-23,2019-10-23 09:37:45,0.31,1.0333,445,0.3,1.0,23,0.34,1.1333,5,0.305,1.0166,27,0
IWM191025P152,2019-10-23,2019-10-23 09:37:46,0.31,1.0333,163,0.3,1.0,202,0.34,1.1333,5,0.305,1.0166,27,0
IWM191025P152,2019-10-23,2019-10-23 09:37:46,0.31,1.0333,8,0.3,1.0,652,0.34,1.1333,5,0.305,1.0166,27,0
IWM191025P152,2019-10-23,2019-10-23 09:37:47,0.32,1.0666,783,0.3,1.0,1104,0.34,1.1333,5,0.31,1.0333,27,0
IWM191025P152,2019-10-23,2019-10-23 09:37:47,0.32,1.0666,741,0.3,1.0,978,0.34,1.1333,5,0.31,1.0333,27,0
IWM191025P152,2019-10-23,2019-10-23 09:37:48,0.32,1.0666,546,0.3,1.0,1104,0.34,1.1333,5,0.31,1.0333,27,0
IWM191025P152,2019-10-23,2019-10-23 09:37:49,0.32,1.0666,556,0.31,1.0333,9,0.34,1.1333,5,0.315,1.05,27,0
IWM191025P152,2019-10-23,2019-10-23 09:37:49,0.32,1.0666,556,0.3,1.0,1104,0.34,1.1333,5,0.31,1.0333,27,0
IWM191025P152,2019-10-23,2019-10-23 09:37:50,0.32,1.0666,402,0.31,1.0333,90,0.34,1.1333,5,0.315,1.05,27,0
IWM191025P152,2019-10-23,2019-10-23 09:37:50,0.32,1.0666,402,0.31,1.0333,81,0.34,1.1333,5,0.315,1.05,27,0
IWM191025P152,2019-10-23,2019-10-23 09:37:51,0.32,1.0666,102,0.31,1.0333,375,0.34,1.1333,5,0.315,1.05,27,0
IWM191025P152,2019-10-23,2019-10-23 09:37:51,0.32,1.0666,152,0.31,1.0333,244,0.34,1.1333,5,0.315,1.05,27,0
IWM191025P152,2019-10-23,2019-10-23 09:37:52,0.32,1.0666,233,0.31,1.0333,754,0.34,1.1333,5,0.315,1.05,27,0
IWM191025P152,2019-10-23,2019-10-23 09:37:52,0.33,1.1,390,0.31,1.0333,751,0.34,1.1333,5,0.32,1.0666,27,0
IWM191025P152,2019-10-23,2019-10-23 09:37:53,0.32,1.0666,157,0.31,1.0333,1184,0.34,1.1333,5,0.315,1.05,27,0
IWM191025P152,2019-10-23,2019-10-23 09:37:53,0.32,1.0666,10,0.31,1.0333,838,0.34,1.1333,5,0.315,1.05,27,0
IWM191025P152,2019-10-23,2019-10-23 09:37:54,0.32,1.0666,131,0.31,1.0333,1032,0.34,1.1333,5,0.315,1.05,27,0
IWM191025P152,2019-10-23,2019-10-23 09:37:55,0.32,1.0666,255,0.31,1.0333,45,0.34,1.1333,5,0.315,1.05,27,0
IWM191025P152,2019-10-23,2019-10-23 09:37:56,0.32,1.0666,488,0.3,1.0,706,0.34,1.1333,5,0.31,1.0333,27,0
IWM191025P152,2019-10-23,2019-10-23 09:37:56,0.32,1.0666,348,0.31,1.0333,45,0.34,1.1333,5,0.315,1.05,27,0
IWM191025P152,2019-10-23,2019-10-23 09:37:57,0.32,1.0666,207,0.3,1.0,924,0.34,1.1333,5,0.31,1.0333,27,0
IWM191025P152,2019-10-23,2019-10-23 09:37:57,0.32,1.0666,500,0.3,1.0,706,0.34,1.1333,5,0.31,1.0333,27,0
IWM191025P152,2019-10-23,2019-10-23 09:37:58,0.33,1.1,494,0.31,1.0333,828,0.34,1.1333,5,0.32,1.0666,27,0
IWM191025P152,2019-10-23,2019-10-23 09:37:58,0.32,1.0666,39,0.31,1.0333,62,0.34,1.1333,5,0.315,1.05,27,0
IWM191025P152,2019-10-23,2019-10-23 09:37:59,0.33,1.1,494,0.31,1.0333,878,0.34,1.1333,5,0.32,1.0666,27,0
IWM191025P152,2019-10-23,2019-10-23 09:37:59,0.33,1.1,471,0.31,1.0333,1019,0.34,1.1333,5,0.32,1.0666,27,0
IWM191025P152,2019-10-23,2019-10-23 09:38:00,0.32,1.0666,77,0.31,1.0333,395,0.34,1.1333,5,0.315,1.05,27,0
IWM191025P152,2019-10-23,2019-10-23 09:38:00,0.33,1.1,404,0.31,1.0333,1329,0.34,1.1333,5,0.32,1.0666,27,0
IWM191025P152,2019-10-23,2019-10-23 09:38:01,0.32,1.0666,311,0.31,1.0333,482,0.34,1.1333,5,0.315,1.05,27,0
IWM191025P152,2019-10-23,2019-10-23 09:38:01,0.32,1.0666,202,0.31,1.0333,545,0.34,1.1333,5,0.315,1.05,27,0
IWM191025P152,2019-10-23,2019-10-23 09:38:02,0.32,1.0666,32,0.31,1.0333,569,0.34,1.1333,5,0.315,1.05,27,0
IWM191025P152,2019-10-23,2019-10-23 09:38:02,0.32,1.0666,35,0.31,1.0333,656,0.34,1.1333,5,0.315,1.05,27,0
IWM191025P152,2019-10-23,2019-10-23 09:38:03,0.33,1.1,400,0.31,1.0333,1279,0.34,1.1333,5,0.32,1.0666,27,0
IWM191025P152,2019-10-23,2019-10-23 09:38:03,0.32,1.0666,35,0.31,1.0333,1180,0.34,1.1333,5,0.315,1.05,27,0
IWM191025P152,2019-10-23,2019-10-23 09:38:04,0.32,1.0666,1,0.31,1.0333,1226,0.34,1.1333,5,0.315,1.05,27,0
IWM191025P152,2019-10-23,2019-10-23 09:38:04,0.33,1.1,489,0.31,1.0333,1232,0.34,1.1333,5,0.32,1.0666,27,0
IWM191025P152,2019-10-23,2019-10-23 09:38:05,0.33,1.1,601,0.31,1.0333,1355,0.34,1.1333,5,0.32,1.0666,27,0
IWM191025P152,2019-10-23,2019-10-23 09:38:05,0.33,1.1,601,0.31,1.0333,496,0.34,1.1333,5,0.32,1.0666,27,0
IWM191025P152,2019-10-23,2019-10-23 09:38:06,0.33,1.1,643,0.31,1.0333,688,0.34,1.1333,5,0.32,1.0666,27,0
IWM191025P152,2019-10-23,2019-10-23 09:38:06,0.33,1.1,588,0.31,1.0333,1038,0.34,1.1333,5,0.32,1.0666,27,0
IWM191025P152,2019-10-23,2019-10-23 09:38:07,0.32,1.0666,245,0.31,1.0333,843,0.34,1.1333,5,0.315,1.05,27,0
IWM191025P152,2019-10-23,2019-10-23 09:38:07,0.32,1.0666,185,0.31,1.0333,1038,0.34,1.1333,5,0.315,1.05,27,0
IWM191025P152,2019-10-23,2019-10-23 09:38:08,0.32,1.0666,388,0.31,1.0333,911,0.34,1.1333,5,0.315,1.05,27,0
IWM191025P152,2019-10-23,2019-10-23 09:38:09,0.32,1.0666,574,0.3,1.0,588,0.34,1.1333,5,0.31,1.0333,27,0
IWM191025P152,2019-10-23,2019-10-23 09:38:09,0.32,1.0666,832,0.3,1.0,512,0.34,1.1333,5,0.31,1.0333,27,0
IWM191025P152,2019-10-23,2019-10-23 09:38:10,0.32,1.0666,338,0.3,1.0,736,0.34,1.1333,5,0.31,1.0333,27,0
IWM191025P152,2019-10-23,2019-10-23 09:38:10,0.32,1.0666,555,0.3,1.0,885,0.34,1.1333,5,0.31,1.0333,27,0
IWM191025P152,2019-10-23,2019-10-23 09:38:11,0.32,1.0666,452,0.3,1.0,1062,0.34,1.1333,5,0.31,1.0333,27,0
IWM191025P152,2019-10-23,2019-10-23 09:38:11,0.32,1.0666,627,0.3,1.0,542,0.34,1.1333,5,0.31,1.0333,27,0
IWM191025P152,2019-10-23,2019-10-23 09:38:12,0.32,1.0666,452,0.3,1.0,1062,0.34,1.1333,5,0.31,1.0333,27,0
IWM191025P152,2019-10-23,2019-10-23 09:38:13,0.32,1.0666,411,0.3,1.0,1062,0.34,1.1333,5,0.31,1.0333,27,0
IWM191025P152,2019-10-23,2019-10-23 09:38:13,0.32,1.0666,452,0.3,1.0,1062,0.34,1.1333,5,0.31,1.0333,27,0
IWM191025P152,2019-10-23,2019-10-23 09:38:14,0.32,1.0666,153,0.31,1.0333,81,0.34,1.1333,5,0.315,1.05,27,0
IWM191025P152,2019-10-23,2019-10-23 09:38:14,0.32,1.0666,208,0.31,1.0333,81,0.34,1.1333,5,0.315,1.05,27,0
IWM191025P152,2019-10-23,2019-10-23 09:38:15,0.31,1.0333,53,0.3,1.0,419,0.34,1.1333,5,0.305,1.0166,27,0
IWM191025P152,2019-10-23,2019-10-23 09:38:15,0.32,1.0666,210,0.3,1.0,433,0.34,1.1333,5,0.31,1.0333,27,0
IWM191025P152,2019-10-23,2019-10-23 09:38:16,0.32,1.0666,487,0.3,1.0,1015,0.34,1.1333,5,0.31,1.0333,27,0
IWM191025P152,2019-10-23,2019-10-23 09:38:16,0.32,1.0666,210,0.3,1.0,908,0.34,1.1333,5,0.31,1.0333,27,0
IWM191025P152,2019-10-23,2019-10-23 09:38:17,0.32,1.0666,487,0.3,1.0,1015,0.34,1.1333,5,0.31,1.0333,27,0
IWM191025P152,2019-10-23,2019-10-23 09:38:17,0.32,1.0666,487,0.3,1.0,1164,0.34,1.1333,5,0.31,1.0333,27,0
IWM191025P152,2019-10-23,2019-10-23 09:38:18,0.31,1.0333,91,0.3,1.0,351,0.34,1.1333,5,0.305,1.0166,27,0
IWM191025P152,2019-10-23,2019-10-23 09:38:18,0.32,1.0666,386,0.3,1.0,546,0.34,1.1333,5,0.31,1.0333,27,0
IWM191025P152,2019-10-23,2019-10-23 09:38:19,0.31,1.0333,187,0.3,1.0,181,0.34,1.1333,5,0.305,1.0166,27,0
IWM191025P152,2019-10-23,2019-10-23 09:38:19,0.31,1.0333,174,0.3,1.0,18,0.34,1.1333,5,0.305,1.0166,27,0
IWM191025P152,2019-10-23,2019-10-23 09:38:20,0.31,1.0333,188,0.29,0.9666,830,0.34,1.1333,5,0.3,1.0,27,0
IWM191025P152,2019-10-23,2019-10-23 09:38:20,0.31,1.0333,147,0.29,0.9666,223,0.34,1.1333,5,0.3,1.0,27,0
IWM191025P152,2019-10-23,2019-10-23 09:38:21,0.3,1.0,47,0.29,0.9666,636,0.34,1.1333,5,0.295,0.9833,27,0
IWM191025P152,2019-10-23,2019-10-23 09:38:21,0.31,1.0333,645,0.29,0.9666,223,0.34,1.1333,5,0.3,1.0,27,0
IWM191025P152,2019-10-23,2019-10-23 09:38:22,0.3,1.0,150,0.29,0.9666,503,0.34,1.1333,5,0.295,0.9833,27,0
IWM191025P152,2019-10-23,2019-10-23 09:38:22,0.3,1.0,303,0.29,0.9666,592,0.34,1.1333,5,0.295,0.9833,27,0
IWM191025P152,2019-10-23,2019-10-23 09:38:23,0.3,1.0,117,0.29,0.9666,90,0.34,1.1333,5,0.295,0.9833,27,0
IWM191025P152,2019-10-23,2019-10-23 09:38:23,0.3,1.0,224,0.28,0.9333,269,0.34,1.1333,5,0.29,0.9666,27,0
IWM191025P152,2019-10-23,2019-10-23 09:38:24,0.3,1.0,710,0.28,0.9333,794,0.34,1.1333,5,0.29,0.9666,27,0
IWM191025P152,2019-10-23,2019-10-23 09:38:24,0.3,1.0,700,0.28,0.9333,839,0.34,1.1333,5,0.29,0.9666,27,0
IWM191025P152,2019-10-23,2019-10-23 09:38:25,0.29,0.9666,190,0.28,0.9333,54,0.34,1.1333,5,0.285,0.95,27,0
IWM191025P152,2019-10-23,2019-10-23 09:38:25,0.3,1.0,383,0.28,0.9333,839,0.34,1.1333,5,0.29,0.9666,27,0
IWM191025P152,2019-10-23,2019-10-23 09:38:26,0.29,0.9666,581,0.28,0.9333,23,0.34,1.1333,5,0.285,0.95,27,0
IWM191025P152,2019-10-23,2019-10-23 09:38:26,0.29,0.9666,331,0.28,0.9333,18,0.34,1.1333,5,0.285,0.95,27,0
IWM191025P152,2019-10-23,2019-10-23 09:38:27,0.29,0.9666,77,0.28,0.9333,55,0.34,1.1333,5,0.285,0.95,27,0
IWM191025P152,2019-10-23,2019-10-23 09:38:27,0.29,0.9666,581,0.28,0.9333,111,0.34,1.1333,5,0.285,0.95,27,0
IWM191025P152,2019-10-23,2019-10-23 09:38:28,0.29,0.9666,41,0.28,0.9333,655,0.34,1.1333,5,0.285,0.95,27,0
IWM191025P152,2019-10-23,2019-10-23 09:38:28,0.29,0.9666,10,0.28,0.9333,813,0.34,1.1333,5,0.285,0.95,27,0
IWM191025P152,2019-10-23,2019-10-23 09:38:29,0.29,0.9666,34,0.28,0.9333,749,0.34,1.1333,5,0.285,0.95,27,0
IWM191025P152,2019-10-23,2019-10-23 09:38:29,0.29,0.9666,20,0.28,0.9333,813,0.34,1.1333,5,0.285,0.95,27,0
IWM191025P152,2019-10-23,2019-10-23 09:38:30,0.29,0.9666,50,0.28,0.9333,770,0.34,1.1333,5,0.285,0.95,27,0
IWM191025P152,2019-10-23,2019-10-23 09:38:31,0.29,0.9666,10,0.28,0.9333,816,0.34,1.1333,5,0.285,0.95,27,0
IWM191025P152,2019-10-23,2019-10-23 09:38:31,0.29,0.9666,52,0.28,0.9333,816,0.34,1.1333,5,0.285,0.95,27,0
IWM191025P152,2019-10-23,2019-10-23 09:38:32,0.3,1.0,593,0.28,0.9333,1355,0.34,1.1333,5,0.29,0.9666,27,0
IWM191025P152,2019-10-23,2019-10-23 09:38:32,0.3,1.0,704,0.28,0.9333,1355,0.34,1.1333,5,0.29,0.9666,27,0
IWM191025P152,2019-10-23,2019-10-23 09:38:33,0.3,1.0,23,0.29,0.9666,360,0.34,1.1333,5,0.295,0.9833,27,0
IWM191025P152,2019-10-23,2019-10-23 09:38:33,0.3,1.0,614,0.29,0.9666,31,0.34,1.1333,5,0.295,0.9833,27,0
IWM191025P152,2019-10-23,2019-10-23 09:38:34,0.3,1.0,23,0.29,0.9666,715,0.34,1.1333,5,0.295,0.9833,27,0
IWM191025P152,2019-10-23,2019-10-23 09:38:34,0.3,1.0,81,0.29,0.9666,162,0.34,1.1333,5,0.295,0.9833,27,0
IWM191025P152,2019-10-23,2019-10-23 09:38:35,0.29,0.9666,88,0.28,0.9333,1038,0.34,1.1333,5,0.285,0.95,27,0
IWM191025P152,2019-10-23,2019-10-23 09:38:35,0.29,0.9666,88,0.28,0.9333,1226,0.34,1.1333,5,0.285,0.95,27,0
IWM191025P152,2019-10-23,2019-10-23 09:38:36,0.3,1.0,298,0.28,0.9333,714,0.34,1.1333,5,0.29,0.9666,27,0
IWM191025P152,2019-10-23,2019-10-23 09:38:36,0.3,1.0,391,0.28,0.9333,835,0.34,1.1333,5,0.29,0.9666,27,0
IWM191025P152,2019-10-23,2019-10-23 09:38:37,0.3,1.0,307,0.28,0.9333,1354,0.34,1.1333,5,0.29,0.9666,27,0
IWM191025P152,2019-10-23,2019-10-23 09:38:37,0.3,1.0,407,0.28,0.9333,837,0.34,1.1333,5,0.29,0.9666,27,0
