symbol,Date,quote_time,ask_price,norm_ask_price,ask_size,bid_price,norm_bid_price,bid_size,last_trade_price,norm_last_trade_price,last_trade_size,mark_price,norm_mark_price,volume,Volume
IWM191129C163,2019-11-26,2019-11-26 09:32:28,0.27,0.9642,498,0.26,0.9285,68,0.26,0.9285,10,0.265,0.9464,117,0
IWM191129C163,2019-11-26,2019-11-26 09:32:28,0.28,1.0,867,0.26,0.9285,210,0.26,0.9285,10,0.27,0.9642,117,117
IWM191129C163,2019-11-26,2019-11-26 09:32:29,0.27,0.9642,547,0.26,0.9285,17,0.26,0.9285,10,0.265,0.9464,117,0
IWM191129C163,2019-11-26,2019-11-26 09:32:29,0.27,0.9642,498,0.26,0.9285,68,0.26,0.9285,10,0.265,0.9464,117,0
IWM191129C163,2019-11-26,2019-11-26 09:32:30,0.27,0.9642,798,0.25,0.8928,284,0.26,0.9285,10,0.26,0.9285,117,0
IWM191129C163,2019-11-26,2019-11-26 09:32:31,0.26,0.9285,182,0.25,0.8928,143,0.26,0.9285,10,0.255,0.9107,117,0
IWM191129C163,2019-11-26,2019-11-26 09:32:32,0.26,0.9285,555,0.25,0.8928,49,0.26,0.9285,10,0.255,0.9107,117,0
IWM191129C163,2019-11-26,2019-11-26 09:32:32,0.26,0.9285,160,0.25,0.8928,68,0.26,0.9285,10,0.255,0.9107,117,0
IWM191129C163,2019-11-26,2019-11-26 09:32:33,0.26,0.9285,614,0.25,0.8928,49,0.26,0.9285,10,0.255,0.9107,117,0
IWM191129C163,2019-11-26,2019-11-26 09:32:33,0.26,0.9285,675,0.25,0.8928,49,0.26,0.9285,10,0.255,0.9107,117,0
IWM191129C163,2019-11-26,2019-11-26 09:32:34,0.26,0.9285,614,0.25,0.8928,49,0.26,0.9285,10,0.255,0.9107,117,0
IWM191129C163,2019-11-26,2019-11-26 09:32:35,0.26,0.9285,614,0.25,0.8928,49,0.26,0.9285,10,0.255,0.9107,117,0
IWM191129C163,2019-11-26,2019-11-26 09:32:35,0.26,0.9285,580,0.25,0.8928,49,0.26,0.9285,10,0.255,0.9107,117,0
IWM191129C163,2019-11-26,2019-11-26 09:32:36,0.26,0.9285,580,0.25,0.8928,49,0.26,0.9285,10,0.255,0.9107,117,0
IWM191129C163,2019-11-26,2019-11-26 09:32:36,0.26,0.9285,112,0.25,0.8928,66,0.26,0.9285,10,0.255,0.9107,117,0
IWM191129C163,2019-11-26,2019-11-26 09:32:37,0.26,0.9285,491,0.25,0.8928,68,0.26,0.9285,10,0.255,0.9107,117,0
IWM191129C163,2019-11-26,2019-11-26 09:32:38,0.26,0.9285,344,0.25,0.8928,68,0.26,0.9285,10,0.255,0.9107,117,0
IWM191129C163,2019-11-26,2019-11-26 09:32:38,0.26,0.9285,116,0.25,0.8928,68,0.26,0.9285,10,0.255,0.9107,117,0
IWM191129C163,2019-11-26,2019-11-26 09:32:39,0.26,0.9285,316,0.25,0.8928,68,0.26,0.9285,10,0.255,0.9107,117,0
IWM191129C163,2019-11-26,2019-11-26 09:32:40,0.26,0.9285,199,0.25,0.8928,68,0.26,0.9285,10,0.255,0.9107,117,0
IWM191129C163,2019-11-26,2019-11-26 09:32:40,0.26,0.9285,300,0.25,0.8928,49,0.26,0.9285,10,0.255,0.9107,117,0
IWM191129C163,2019-11-26,2019-11-26 09:32:41,0.26,0.9285,479,0.25,0.8928,49,0.26,0.9285,10,0.255,0.9107,117,0
IWM191129C163,2019-11-26,2019-11-26 09:32:41,0.26,0.9285,344,0.25,0.8928,49,0.26,0.9285,10,0.255,0.9107,117,0
IWM191129C163,2019-11-26,2019-11-26 09:32:42,0.26,0.9285,237,0.25,0.8928,74,0.26,0.9285,10,0.255,0.9107,117,0
IWM191129C163,2019-11-26,2019-11-26 09:32:42,0.26,0.9285,163,0.25,0.8928,49,0.26,0.9285,10,0.255,0.9107,117,0
IWM191129C163,2019-11-26,2019-11-26 09:32:43,0.26,0.9285,346,0.25,0.8928,74,0.26,0.9285,10,0.255,0.9107,117,0
IWM191129C163,2019-11-26,2019-11-26 09:32:43,0.26,0.9285,383,0.25,0.8928,74,0.26,0.9285,10,0.255,0.9107,117,0
IWM191129C163,2019-11-26,2019-11-26 09:32:44,0.26,0.9285,549,0.25,0.8928,49,0.26,0.9285,10,0.255,0.9107,117,0
IWM191129C163,2019-11-26,2019-11-26 09:32:45,0.26,0.9285,549,0.25,0.8928,49,0.26,0.9285,10,0.255,0.9107,117,0
IWM191129C163,2019-11-26,2019-11-26 09:32:46,0.26,0.9285,342,0.24,0.8571,388,0.26,0.9285,10,0.25,0.8928,117,0
IWM191129C163,2019-11-26,2019-11-26 09:32:46,0.26,0.9285,342,0.24,0.8571,424,0.26,0.9285,10,0.25,0.8928,117,0
IWM191129C163,2019-11-26,2019-11-26 09:32:47,0.26,0.9285,561,0.24,0.8571,454,0.26,0.9285,10,0.25,0.8928,117,0
IWM191129C163,2019-11-26,2019-11-26 09:32:48,0.26,0.9285,577,0.24,0.8571,454,0.26,0.9285,10,0.25,0.8928,117,0
IWM191129C163,2019-11-26,2019-11-26 09:32:49,0.26,0.9285,601,0.24,0.8571,454,0.26,0.9285,10,0.25,0.8928,117,0
IWM191129C163,2019-11-26,2019-11-26 09:32:49,0.26,0.9285,647,0.25,0.8928,13,0.26,0.9285,10,0.255,0.9107,117,0
IWM191129C163,2019-11-26,2019-11-26 09:32:50,0.26,0.9285,647,0.25,0.8928,13,0.26,0.9285,10,0.255,0.9107,117,0
IWM191129C163,2019-11-26,2019-11-26 09:32:51,0.26,0.9285,604,0.25,0.8928,13,0.26,0.9285,10,0.255,0.9107,117,0
IWM191129C163,2019-11-26,2019-11-26 09:32:52,0.26,0.9285,580,0.25,0.8928,13,0.26,0.9285,10,0.255,0.9107,117,0
IWM191129C163,2019-11-26,2019-11-26 09:32:52,0.26,0.9285,451,0.25,0.8928,13,0.26,0.9285,10,0.255,0.9107,117,0
IWM191129C163,2019-11-26,2019-11-26 09:32:53,0.26,0.9285,576,0.25,0.8928,13,0.26,0.9285,10,0.255,0.9107,117,0
IWM191129C163,2019-11-26,2019-11-26 09:32:53,0.26,0.9285,651,0.25,0.8928,13,0.26,0.9285,10,0.255,0.9107,117,0
IWM191129C163,2019-11-26,2019-11-26 09:32:54,0.26,0.9285,651,0.25,0.8928,13,0.26,0.9285,10,0.255,0.9107,117,0
IWM191129C163,2019-11-26,2019-11-26 09:32:54,0.26,0.9285,623,0.25,0.8928,13,0.26,0.9285,10,0.255,0.9107,117,0
IWM191129C163,2019-11-26,2019-11-26 09:32:55,0.26,0.9285,623,0.25,0.8928,13,0.26,0.9285,10,0.255,0.9107,117,0
IWM191129C163,2019-11-26,2019-11-26 09:32:56,0.26,0.9285,623,0.25,0.8928,20,0.26,0.9285,10,0.255,0.9107,117,0
IWM191129C163,2019-11-26,2019-11-26 09:32:56,0.26,0.9285,623,0.25,0.8928,13,0.26,0.9285,10,0.255,0.9107,117,0
IWM191129C163,2019-11-26,2019-11-26 09:32:57,0.26,0.9285,623,0.25,0.8928,20,0.26,0.9285,10,0.255,0.9107,117,0
IWM191129C163,2019-11-26,2019-11-26 09:32:57,0.26,0.9285,607,0.25,0.8928,13,0.26,0.9285,10,0.255,0.9107,117,0
IWM191129C163,2019-11-26,2019-11-26 09:32:58,0.26,0.9285,592,0.25,0.8928,20,0.26,0.9285,10,0.255,0.9107,117,0
IWM191129C163,2019-11-26,2019-11-26 09:32:58,0.26,0.9285,509,0.25,0.8928,20,0.26,0.9285,10,0.255,0.9107,117,0
IWM191129C163,2019-11-26,2019-11-26 09:32:59,0.26,0.9285,533,0.25,0.8928,13,0.26,0.9285,10,0.255,0.9107,117,0
IWM191129C163,2019-11-26,2019-11-26 09:33:00,0.26,0.9285,543,0.24,0.8571,385,0.26,0.9285,10,0.25,0.8928,117,0
IWM191129C163,2019-11-26,2019-11-26 09:33:00,0.26,0.9285,543,0.25,0.8928,13,0.26,0.9285,10,0.255,0.9107,117,0
IWM191129C163,2019-11-26,2019-11-26 09:33:01,0.26,0.9285,566,0.25,0.8928,19,0.26,0.9285,10,0.255,0.9107,117,0
IWM191129C163,2019-11-26,2019-11-26 09:33:01,0.26,0.9285,555,0.24,0.8571,383,0.26,0.9285,10,0.25,0.8928,117,0
IWM191129C163,2019-11-26,2019-11-26 09:33:02,0.26,0.9285,555,0.24,0.8571,419,0.26,0.9285,10,0.25,0.8928,117,0
IWM191129C163,2019-11-26,2019-11-26 09:33:03,0.26,0.9285,555,0.25,0.8928,19,0.26,0.9285,10,0.255,0.9107,117,0
IWM191129C163,2019-11-26,2019-11-26 09:33:04,0.26,0.9285,336,0.25,0.8928,22,0.26,0.9285,10,0.255,0.9107,117,0
IWM191129C163,2019-11-26,2019-11-26 09:33:04,0.26,0.9285,500,0.25,0.8928,19,0.26,0.9285,10,0.255,0.9107,117,0
IWM191129C163,2019-11-26,2019-11-26 09:33:05,0.26,0.9285,465,0.25,0.8928,51,0.26,0.9285,10,0.255,0.9107,117,0
IWM191129C163,2019-11-26,2019-11-26 09:33:05,0.26,0.9285,465,0.25,0.8928,22,0.26,0.9285,10,0.255,0.9107,117,0
IWM191129C163,2019-11-26,2019-11-26 09:33:06,0.26,0.9285,465,0.25,0.8928,71,0.26,0.9285,10,0.255,0.9107,117,0
IWM191129C163,2019-11-26,2019-11-26 09:33:07,0.26,0.9285,465,0.25,0.8928,71,0.26,0.9285,10,0.255,0.9107,117,0
IWM191129C163,2019-11-26,2019-11-26 09:33:08,0.26,0.9285,440,0.25,0.8928,71,0.26,0.9285,10,0.255,0.9107,117,0
IWM191129C163,2019-11-26,2019-11-26 09:33:08,0.26,0.9285,388,0.25,0.8928,71,0.26,0.9285,10,0.255,0.9107,117,0
IWM191129C163,2019-11-26,2019-11-26 09:33:09,0.26,0.9285,388,0.25,0.8928,71,0.26,0.9285,10,0.255,0.9107,117,0
IWM191129C163,2019-11-26,2019-11-26 09:33:09,0.26,0.9285,440,0.25,0.8928,71,0.26,0.9285,10,0.255,0.9107,117,0
IWM191129C163,2019-11-26,2019-11-26 09:33:10,0.26,0.9285,388,0.25,0.8928,71,0.26,0.9285,10,0.255,0.9107,117,0
IWM191129C163,2019-11-26,2019-11-26 09:33:11,0.26,0.9285,388,0.25,0.8928,71,0.26,0.9285,10,0.255,0.9107,117,0
IWM191129C163,2019-11-26,2019-11-26 09:33:12,0.26,0.9285,61,0.25,0.8928,79,0.26,0.9285,10,0.255,0.9107,117,0
IWM191129C163,2019-11-26,2019-11-26 09:33:12,0.26,0.9285,388,0.25,0.8928,71,0.26,0.9285,10,0.255,0.9107,117,0
IWM191129C163,2019-11-26,2019-11-26 09:33:13,0.26,0.9285,143,0.25,0.8928,79,0.26,0.9285,10,0.255,0.9107,117,0
IWM191129C163,2019-11-26,2019-11-26 09:33:13,0.26,0.9285,133,0.25,0.8928,79,0.26,0.9285,10,0.255,0.9107,117,0
IWM191129C163,2019-11-26,2019-11-26 09:33:14,0.26,0.9285,161,0.25,0.8928,71,0.26,0.9285,10,0.255,0.9107,117,0
IWM191129C163,2019-11-26,2019-11-26 09:33:14,0.26,0.9285,171,0.25,0.8928,71,0.26,0.9285,10,0.255,0.9107,117,0
IWM191129C163,2019-11-26,2019-11-26 09:33:15,0.26,0.9285,470,0.24,0.8571,102,0.26,0.9285,10,0.25,0.8928,117,0
IWM191129C163,2019-11-26,2019-11-26 09:33:15,0.26,0.9285,471,0.25,0.8928,71,0.26,0.9285,10,0.255,0.9107,117,0
IWM191129C163,2019-11-26,2019-11-26 09:33:16,0.26,0.9285,793,0.24,0.8571,121,0.26,0.9285,10,0.25,0.8928,117,0
IWM191129C163,2019-11-26,2019-11-26 09:33:16,0.26,0.9285,827,0.24,0.8571,121,0.26,0.9285,10,0.25,0.8928,117,0
IWM191129C163,2019-11-26,2019-11-26 09:33:17,0.26,0.9285,758,0.25,0.8928,51,0.26,0.9285,10,0.255,0.9107,117,0
IWM191129C163,2019-11-26,2019-11-26 09:33:17,0.26,0.9285,658,0.25,0.8928,51,0.26,0.9285,10,0.255,0.9107,117,0
IWM191129C163,2019-11-26,2019-11-26 09:33:18,0.26,0.9285,658,0.25,0.8928,59,0.26,0.9285,10,0.255,0.9107,117,0
IWM191129C163,2019-11-26,2019-11-26 09:33:19,0.26,0.9285,782,0.25,0.8928,51,0.26,0.9285,10,0.255,0.9107,117,0
IWM191129C163,2019-11-26,2019-11-26 09:33:19,0.26,0.9285,770,0.25,0.8928,71,0.26,0.9285,10,0.255,0.9107,117,0
IWM191129C163,2019-11-26,2019-11-26 09:33:20,0.26,0.9285,752,0.25,0.8928,51,0.26,0.9285,10,0.255,0.9107,117,0
IWM191129C163,2019-11-26,2019-11-26 09:33:21,0.26,0.9285,782,0.25,0.8928,51,0.26,0.9285,10,0.255,0.9107,117,0
IWM191129C163,2019-11-26,2019-11-26 09:33:22,0.26,0.9285,680,0.25,0.8928,70,0.26,0.9285,10,0.255,0.9107,117,0
IWM191129C163,2019-11-26,2019-11-26 09:33:22,0.26,0.9285,578,0.25,0.8928,62,0.26,0.9285,10,0.255,0.9107,117,0
IWM191129C163,2019-11-26,2019-11-26 09:33:23,0.26,0.9285,85,0.25,0.8928,92,0.26,0.9285,10,0.255,0.9107,117,0
IWM191129C163,2019-11-26,2019-11-26 09:33:23,0.26,0.9285,624,0.25,0.8928,70,0.26,0.9285,10,0.255,0.9107,117,0
IWM191129C163,2019-11-26,2019-11-26 09:33:24,0.26,0.9285,25,0.25,0.8928,334,0.26,0.9285,10,0.255,0.9107,117,0
IWM191129C163,2019-11-26,2019-11-26 09:33:24,0.27,0.9642,604,0.25,0.8928,411,0.26,0.9285,10,0.26,0.9285,117,0
IWM191129C163,2019-11-26,2019-11-26 09:33:25,0.27,0.9642,660,0.26,0.9285,50,0.26,0.9285,10,0.265,0.9464,117,0
IWM191129C163,2019-11-26,2019-11-26 09:33:25,0.27,0.9642,860,0.26,0.9285,50,0.26,0.9285,10,0.265,0.9464,117,0
IWM191129C163,2019-11-26,2019-11-26 09:33:26,0.27,0.9642,860,0.26,0.9285,50,0.26,0.9285,10,0.265,0.9464,117,0
IWM191129C163,2019-11-26,2019-11-26 09:33:27,0.27,0.9642,762,0.26,0.9285,50,0.26,0.9285,10,0.265,0.9464,117,0
IWM191129C163,2019-11-26,2019-11-26 09:33:28,0.27,0.9642,762,0.26,0.9285,50,0.26,0.9285,10,0.265,0.9464,117,0
IWM191129C163,2019-11-26,2019-11-26 09:33:28,0.27,0.9642,762,0.26,0.9285,70,0.26,0.9285,10,0.265,0.9464,117,0
IWM191129C163,2019-11-26,2019-11-26 09:33:29,0.27,0.9642,762,0.26,0.9285,50,0.26,0.9285,10,0.265,0.9464,117,0
IWM191129C163,2019-11-26,2019-11-26 09:33:30,0.27,0.9642,776,0.26,0.9285,50,0.26,0.9285,10,0.265,0.9464,117,0
IWM191129C163,2019-11-26,2019-11-26 09:33:30,0.27,0.9642,828,0.26,0.9285,50,0.26,0.9285,10,0.265,0.9464,117,0
IWM191129C163,2019-11-26,2019-11-26 09:33:31,0.27,0.9642,776,0.26,0.9285,50,0.26,0.9285,10,0.265,0.9464,117,0
IWM191129C163,2019-11-26,2019-11-26 09:33:32,0.27,0.9642,806,0.26,0.9285,50,0.26,0.9285,10,0.265,0.9464,117,0
IWM191129C163,2019-11-26,2019-11-26 09:33:33,0.27,0.9642,806,0.26,0.9285,50,0.26,0.9285,10,0.265,0.9464,117,0
IWM191129C163,2019-11-26,2019-11-26 09:33:34,0.27,0.9642,870,0.26,0.9285,50,0.26,0.9285,10,0.265,0.9464,117,0
IWM191129C163,2019-11-26,2019-11-26 09:33:34,0.27,0.9642,870,0.25,0.8928,111,0.26,0.9285,10,0.26,0.9285,117,0
IWM191129C163,2019-11-26,2019-11-26 09:33:35,0.27,0.9642,794,0.26,0.9285,50,0.26,0.9285,10,0.265,0.9464,117,0
IWM191129C163,2019-11-26,2019-11-26 09:33:35,0.27,0.9642,495,0.25,0.8928,112,0.26,0.9285,10,0.26,0.9285,117,0
IWM191129C163,2019-11-26,2019-11-26 09:33:36,0.26,0.9285,163,0.25,0.8928,103,0.26,0.9285,10,0.255,0.9107,117,0
IWM191129C163,2019-11-26,2019-11-26 09:33:36,0.27,0.9642,824,0.25,0.8928,78,0.26,0.9285,10,0.26,0.9285,117,0
IWM191129C163,2019-11-26,2019-11-26 09:33:37,0.26,0.9285,163,0.25,0.8928,103,0.26,0.9285,10,0.255,0.9107,117,0
IWM191129C163,2019-11-26,2019-11-26 09:33:37,0.26,0.9285,10,0.25,0.8928,103,0.26,0.9285,10,0.255,0.9107,117,0
IWM191129C163,2019-11-26,2019-11-26 09:33:38,0.26,0.9285,10,0.26,0.9285,70,0.26,0.9285,10,0.26,0.9285,127,0
IWM191129C163,2019-11-26,2019-11-26 09:33:38,0.26,0.9285,10,0.26,0.9285,67,0.26,0.9285,10,0.26,0.9285,127,10
IWM191129C163,2019-11-26,2019-11-26 09:33:39,0.27,0.9642,499,0.26,0.9285,70,0.26,0.9285,10,0.265,0.9464,127,0
IWM191129C163,2019-11-26,2019-11-26 09:33:40,0.27,0.9642,518,0.26,0.9285,67,0.26,0.9285,10,0.265,0.9464,127,0
IWM191129C163,2019-11-26,2019-11-26 09:33:40,0.27,0.9642,562,0.26,0.9285,70,0.26,0.9285,10,0.265,0.9464,127,0
IWM191129C163,2019-11-26,2019-11-26 09:33:41,0.27,0.9642,558,0.26,0.9285,67,0.26,0.9285,10,0.265,0.9464,127,0
IWM191129C163,2019-11-26,2019-11-26 09:33:41,0.27,0.9642,518,0.26,0.9285,70,0.26,0.9285,10,0.265,0.9464,127,0
IWM191129C163,2019-11-26,2019-11-26 09:33:42,0.27,0.9642,518,0.26,0.9285,70,0.26,0.9285,10,0.265,0.9464,127,0
IWM191129C163,2019-11-26,2019-11-26 09:33:42,0.27,0.9642,125,0.26,0.9285,70,0.26,0.9285,10,0.265,0.9464,127,0
IWM191129C163,2019-11-26,2019-11-26 09:33:43,0.27,0.9642,157,0.26,0.9285,70,0.26,0.9285,10,0.265,0.9464,127,0
IWM191129C163,2019-11-26,2019-11-26 09:33:43,0.27,0.9642,459,0.26,0.9285,70,0.26,0.9285,10,0.265,0.9464,127,0
IWM191129C163,2019-11-26,2019-11-26 09:33:44,0.27,0.9642,801,0.25,0.8928,102,0.26,0.9285,10,0.26,0.9285,127,0
IWM191129C163,2019-11-26,2019-11-26 09:33:44,0.27,0.9642,566,0.26,0.9285,70,0.26,0.9285,10,0.265,0.9464,127,0
IWM191129C163,2019-11-26,2019-11-26 09:33:45,0.26,0.9285,91,0.25,0.8928,68,0.26,0.9285,10,0.255,0.9107,127,0
IWM191129C163,2019-11-26,2019-11-26 09:33:45,0.26,0.9285,122,0.25,0.8928,68,0.26,0.9285,10,0.255,0.9107,127,0
IWM191129C163,2019-11-26,2019-11-26 09:33:46,0.26,0.9285,122,0.25,0.8928,68,0.26,0.9285,10,0.255,0.9107,127,0
IWM191129C163,2019-11-26,2019-11-26 09:33:46,0.26,0.9285,514,0.25,0.8928,68,0.26,0.9285,10,0.255,0.9107,127,0
IWM191129C163,2019-11-26,2019-11-26 09:33:47,0.26,0.9285,110,0.25,0.8928,79,0.26,0.9285,10,0.255,0.9107,127,0
IWM191129C163,2019-11-26,2019-11-26 09:33:47,0.26,0.9285,122,0.25,0.8928,68,0.26,0.9285,10,0.255,0.9107,127,0
IWM191129C163,2019-11-26,2019-11-26 09:33:48,0.26,0.9285,517,0.25,0.8928,49,0.26,0.9285,10,0.255,0.9107,127,0
IWM191129C163,2019-11-26,2019-11-26 09:33:48,0.26,0.9285,487,0.25,0.8928,49,0.26,0.9285,10,0.255,0.9107,127,0
IWM191129C163,2019-11-26,2019-11-26 09:33:49,0.26,0.9285,487,0.25,0.8928,63,0.26,0.9285,10,0.255,0.9107,127,0
IWM191129C163,2019-11-26,2019-11-26 09:33:49,0.26,0.9285,510,0.25,0.8928,63,0.26,0.9285,10,0.255,0.9107,127,0
IWM191129C163,2019-11-26,2019-11-26 09:33:50,0.26,0.9285,552,0.25,0.8928,63,0.26,0.9285,10,0.255,0.9107,127,0
IWM191129C163,2019-11-26,2019-11-26 09:33:51,0.26,0.9285,552,0.25,0.8928,63,0.26,0.9285,10,0.255,0.9107,127,0
IWM191129C163,2019-11-26,2019-11-26 09:33:52,0.26,0.9285,510,0.25,0.8928,63,0.26,0.9285,10,0.255,0.9107,127,0
IWM191129C163,2019-11-26,2019-11-26 09:33:53,0.26,0.9285,510,0.25,0.8928,63,0.26,0.9285,1,0.255,0.9107,128,0
IWM191129C163,2019-11-26,2019-11-26 09:33:53,0.26,0.9285,510,0.25,0.8928,63,0.26,0.9285,1,0.255,0.9107,128,1
IWM191129C163,2019-11-26,2019-11-26 09:33:54,0.26,0.9285,629,0.24,0.8571,93,0.26,0.9285,1,0.25,0.8928,128,0
IWM191129C163,2019-11-26,2019-11-26 09:33:54,0.26,0.9285,537,0.24,0.8571,93,0.26,0.9285,1,0.25,0.8928,128,0
IWM191129C163,2019-11-26,2019-11-26 09:33:55,0.26,0.9285,468,0.25,0.8928,60,0.26,0.9285,1,0.255,0.9107,128,0
IWM191129C163,2019-11-26,2019-11-26 09:33:55,0.26,0.9285,594,0.25,0.8928,60,0.26,0.9285,1,0.255,0.9107,128,0
IWM191129C163,2019-11-26,2019-11-26 09:33:56,0.26,0.9285,594,0.25,0.8928,70,0.26,0.9285,1,0.255,0.9107,128,0
IWM191129C163,2019-11-26,2019-11-26 09:33:56,0.26,0.9285,554,0.25,0.8928,70,0.26,0.9285,1,0.255,0.9107,128,0
IWM191129C163,2019-11-26,2019-11-26 09:33:57,0.26,0.9285,554,0.25,0.8928,60,0.26,0.9285,1,0.255,0.9107,128,0
IWM191129C163,2019-11-26,2019-11-26 09:33:58,0.26,0.9285,622,0.25,0.8928,70,0.26,0.9285,1,0.255,0.9107,128,0
IWM191129C163,2019-11-26,2019-11-26 09:33:58,0.26,0.9285,622,0.25,0.8928,60,0.26,0.9285,1,0.255,0.9107,128,0
IWM191129C163,2019-11-26,2019-11-26 09:33:59,0.26,0.9285,684,0.25,0.8928,60,0.26,0.9285,1,0.255,0.9107,128,0
IWM191129C163,2019-11-26,2019-11-26 09:33:59,0.26,0.9285,669,0.25,0.8928,60,0.26,0.9285,1,0.255,0.9107,128,0
IWM191129C163,2019-11-26,2019-11-26 09:34:00,0.26,0.9285,669,0.25,0.8928,60,0.26,0.9285,1,0.255,0.9107,128,0
IWM191129C163,2019-11-26,2019-11-26 09:34:00,0.25,0.8928,83,0.24,0.8571,124,0.26,0.9285,1,0.245,0.875,128,0
IWM191129C163,2019-11-26,2019-11-26 09:34:01,0.25,0.8928,166,0.24,0.8571,70,0.26,0.9285,1,0.245,0.875,128,0
IWM191129C163,2019-11-26,2019-11-26 09:34:01,0.25,0.8928,169,0.24,0.8571,70,0.26,0.9285,1,0.245,0.875,128,0
IWM191129C163,2019-11-26,2019-11-26 09:34:02,0.25,0.8928,94,0.24,0.8571,70,0.26,0.9285,1,0.245,0.875,128,0
IWM191129C163,2019-11-26,2019-11-26 09:34:02,0.25,0.8928,169,0.24,0.8571,61,0.26,0.9285,1,0.245,0.875,128,0
IWM191129C163,2019-11-26,2019-11-26 09:34:03,0.25,0.8928,169,0.24,0.8571,61,0.26,0.9285,1,0.245,0.875,128,0
IWM191129C163,2019-11-26,2019-11-26 09:34:03,0.25,0.8928,397,0.24,0.8571,70,0.26,0.9285,1,0.245,0.875,128,0
IWM191129C163,2019-11-26,2019-11-26 09:34:04,0.25,0.8928,426,0.24,0.8571,51,0.26,0.9285,1,0.245,0.875,128,0
IWM191129C163,2019-11-26,2019-11-26 09:34:04,0.25,0.8928,426,0.24,0.8571,61,0.26,0.9285,1,0.245,0.875,128,0
IWM191129C163,2019-11-26,2019-11-26 09:34:05,0.25,0.8928,426,0.24,0.8571,62,0.26,0.9285,1,0.245,0.875,128,0
IWM191129C163,2019-11-26,2019-11-26 09:34:06,0.25,0.8928,426,0.24,0.8571,61,0.26,0.9285,1,0.245,0.875,128,0
IWM191129C163,2019-11-26,2019-11-26 09:34:07,0.25,0.8928,426,0.24,0.8571,61,0.26,0.9285,1,0.245,0.875,128,0
IWM191129C163,2019-11-26,2019-11-26 09:34:08,0.25,0.8928,859,0.24,0.8571,61,0.26,0.9285,1,0.245,0.875,128,0
IWM191129C163,2019-11-26,2019-11-26 09:34:08,0.25,0.8928,603,0.24,0.8571,61,0.26,0.9285,1,0.245,0.875,128,0
IWM191129C163,2019-11-26,2019-11-26 09:34:09,0.24,0.8571,112,0.23,0.8214,121,0.26,0.9285,1,0.235,0.8392,128,0
IWM191129C163,2019-11-26,2019-11-26 09:34:09,0.25,0.8928,859,0.23,0.8214,244,0.26,0.9285,1,0.24,0.8571,128,0
IWM191129C163,2019-11-26,2019-11-26 09:34:10,0.24,0.8571,663,0.23,0.8214,86,0.26,0.9285,1,0.235,0.8392,128,0
IWM191129C163,2019-11-26,2019-11-26 09:34:10,0.24,0.8571,364,0.23,0.8214,86,0.26,0.9285,1,0.235,0.8392,128,0
IWM191129C163,2019-11-26,2019-11-26 09:34:11,0.24,0.8571,639,0.23,0.8214,70,0.26,0.9285,1,0.235,0.8392,128,0
IWM191129C163,2019-11-26,2019-11-26 09:34:12,0.24,0.8571,639,0.23,0.8214,70,0.26,0.9285,1,0.235,0.8392,128,0
IWM191129C163,2019-11-26,2019-11-26 09:34:12,0.24,0.8571,663,0.23,0.8214,70,0.26,0.9285,1,0.235,0.8392,128,0
IWM191129C163,2019-11-26,2019-11-26 09:34:13,0.24,0.8571,663,0.23,0.8214,70,0.26,0.9285,1,0.235,0.8392,128,0
IWM191129C163,2019-11-26,2019-11-26 09:34:14,0.24,0.8571,663,0.23,0.8214,70,0.26,0.9285,1,0.235,0.8392,128,0
IWM191129C163,2019-11-26,2019-11-26 09:34:15,0.24,0.8571,663,0.23,0.8214,70,0.26,0.9285,1,0.235,0.8392,128,0
IWM191129C163,2019-11-26,2019-11-26 09:34:15,0.24,0.8571,639,0.23,0.8214,70,0.26,0.9285,1,0.235,0.8392,128,0
IWM191129C163,2019-11-26,2019-11-26 09:34:16,0.24,0.8571,639,0.23,0.8214,72,0.26,0.9285,1,0.235,0.8392,128,0
IWM191129C163,2019-11-26,2019-11-26 09:34:16,0.24,0.8571,495,0.23,0.8214,72,0.26,0.9285,1,0.235,0.8392,128,0
IWM191129C163,2019-11-26,2019-11-26 09:34:17,0.24,0.8571,495,0.23,0.8214,72,0.26,0.9285,1,0.235,0.8392,128,0
IWM191129C163,2019-11-26,2019-11-26 09:34:18,0.24,0.8571,495,0.23,0.8214,72,0.26,0.9285,1,0.235,0.8392,128,0
IWM191129C163,2019-11-26,2019-11-26 09:34:18,0.24,0.8571,495,0.23,0.8214,70,0.26,0.9285,1,0.235,0.8392,128,0
IWM191129C163,2019-11-26,2019-11-26 09:34:19,0.24,0.8571,495,0.23,0.8214,66,0.26,0.9285,1,0.235,0.8392,128,0
IWM191129C163,2019-11-26,2019-11-26 09:34:20,0.24,0.8571,495,0.23,0.8214,66,0.26,0.9285,1,0.235,0.8392,128,0
IWM191129C163,2019-11-26,2019-11-26 09:34:21,0.24,0.8571,383,0.23,0.8214,65,0.26,0.9285,1,0.235,0.8392,128,0
IWM191129C163,2019-11-26,2019-11-26 09:34:21,0.24,0.8571,495,0.23,0.8214,66,0.26,0.9285,1,0.235,0.8392,128,0
IWM191129C163,2019-11-26,2019-11-26 09:34:22,0.24,0.8571,449,0.23,0.8214,65,0.26,0.9285,1,0.235,0.8392,128,0
IWM191129C163,2019-11-26,2019-11-26 09:34:22,0.24,0.8571,394,0.23,0.8214,65,0.26,0.9285,1,0.235,0.8392,128,0
IWM191129C163,2019-11-26,2019-11-26 09:34:23,0.24,0.8571,496,0.23,0.8214,65,0.26,0.9285,1,0.235,0.8392,128,0
IWM191129C163,2019-11-26,2019-11-26 09:34:23,0.24,0.8571,454,0.23,0.8214,52,0.26,0.9285,1,0.235,0.8392,128,0
IWM191129C163,2019-11-26,2019-11-26 09:34:24,0.24,0.8571,496,0.23,0.8214,52,0.26,0.9285,1,0.235,0.8392,128,0
IWM191129C163,2019-11-26,2019-11-26 09:34:25,0.24,0.8571,466,0.23,0.8214,52,0.26,0.9285,1,0.235,0.8392,128,0
IWM191129C163,2019-11-26,2019-11-26 09:34:26,0.24,0.8571,466,0.23,0.8214,52,0.26,0.9285,1,0.235,0.8392,128,0
IWM191129C163,2019-11-26,2019-11-26 09:34:26,0.24,0.8571,497,0.23,0.8214,75,0.26,0.9285,1,0.235,0.8392,128,0
IWM191129C163,2019-11-26,2019-11-26 09:34:27,0.24,0.8571,497,0.23,0.8214,75,0.26,0.9285,1,0.235,0.8392,128,0
IWM191129C163,2019-11-26,2019-11-26 09:34:28,0.24,0.8571,383,0.23,0.8214,75,0.26,0.9285,1,0.235,0.8392,128,0
IWM191129C163,2019-11-26,2019-11-26 09:34:28,0.24,0.8571,522,0.23,0.8214,52,0.26,0.9285,1,0.235,0.8392,128,0
IWM191129C163,2019-11-26,2019-11-26 09:34:29,0.24,0.8571,522,0.23,0.8214,52,0.26,0.9285,1,0.235,0.8392,128,0
IWM191129C163,2019-11-26,2019-11-26 09:34:30,0.24,0.8571,383,0.23,0.8214,74,0.26,0.9285,1,0.235,0.8392,128,0
IWM191129C163,2019-11-26,2019-11-26 09:34:30,0.24,0.8571,453,0.23,0.8214,74,0.26,0.9285,1,0.235,0.8392,128,0
IWM191129C163,2019-11-26,2019-11-26 09:34:31,0.24,0.8571,383,0.23,0.8214,96,0.26,0.9285,1,0.235,0.8392,128,0
IWM191129C163,2019-11-26,2019-11-26 09:34:32,0.24,0.8571,383,0.23,0.8214,96,0.26,0.9285,1,0.235,0.8392,128,0
IWM191129C163,2019-11-26,2019-11-26 09:34:32,0.24,0.8571,148,0.23,0.8214,125,0.26,0.9285,1,0.235,0.8392,128,0
IWM191129C163,2019-11-26,2019-11-26 09:34:33,0.24,0.8571,197,0.23,0.8214,134,0.26,0.9285,1,0.235,0.8392,128,0
IWM191129C163,2019-11-26,2019-11-26 09:34:33,0.24,0.8571,247,0.23,0.8214,128,0.26,0.9285,1,0.235,0.8392,128,0
IWM191129C163,2019-11-26,2019-11-26 09:34:34,0.24,0.8571,222,0.23,0.8214,117,0.26,0.9285,1,0.235,0.8392,128,0
IWM191129C163,2019-11-26,2019-11-26 09:34:34,0.24,0.8571,222,0.23,0.8214,100,0.26,0.9285,1,0.235,0.8392,128,0
IWM191129C163,2019-11-26,2019-11-26 09:34:35,0.24,0.8571,174,0.23,0.8214,111,0.26,0.9285,1,0.235,0.8392,128,0
IWM191129C163,2019-11-26,2019-11-26 09:34:35,0.24,0.8571,200,0.23,0.8214,72,0.26,0.9285,1,0.235,0.8392,128,0
IWM191129C163,2019-11-26,2019-11-26 09:34:36,0.24,0.8571,272,0.23,0.8214,101,0.26,0.9285,1,0.235,0.8392,128,0
IWM191129C163,2019-11-26,2019-11-26 09:34:36,0.24,0.8571,272,0.23,0.8214,111,0.26,0.9285,1,0.235,0.8392,128,0
IWM191129C163,2019-11-26,2019-11-26 09:34:37,0.24,0.8571,293,0.23,0.8214,101,0.26,0.9285,1,0.235,0.8392,128,0
IWM191129C163,2019-11-26,2019-11-26 09:34:37,0.24,0.8571,272,0.23,0.8214,111,0.26,0.9285,1,0.235,0.8392,128,0
IWM191129C163,2019-11-26,2019-11-26 09:34:38,0.24,0.8571,26,0.23,0.8214,162,0.26,0.9285,1,0.235,0.8392,128,0
IWM191129C163,2019-11-26,2019-11-26 09:34:38,0.24,0.8571,20,0.23,0.8214,460,0.26,0.9285,1,0.235,0.8392,128,0
IWM191129C163,2019-11-26,2019-11-26 09:34:39,0.24,0.8571,28,0.23,0.8214,171,0.26,0.9285,1,0.235,0.8392,128,0
IWM191129C163,2019-11-26,2019-11-26 09:34:39,0.24,0.8571,44,0.23,0.8214,171,0.26,0.9285,1,0.235,0.8392,128,0
IWM191129C163,2019-11-26,2019-11-26 09:34:40,0.24,0.8571,456,0.23,0.8214,132,0.26,0.9285,1,0.235,0.8392,128,0
IWM191129C163,2019-11-26,2019-11-26 09:34:40,0.24,0.8571,44,0.23,0.8214,171,0.26,0.9285,1,0.235,0.8392,128,0
IWM191129C163,2019-11-26,2019-11-26 09:34:41,0.24,0.8571,138,0.23,0.8214,171,0.26,0.9285,1,0.235,0.8392,128,0
IWM191129C163,2019-11-26,2019-11-26 09:34:41,0.24,0.8571,98,0.23,0.8214,171,0.26,0.9285,1,0.235,0.8392,128,0
IWM191129C163,2019-11-26,2019-11-26 09:34:42,0.24,0.8571,98,0.23,0.8214,173,0.26,0.9285,1,0.235,0.8392,128,0
IWM191129C163,2019-11-26,2019-11-26 09:34:43,0.24,0.8571,20,0.23,0.8214,165,0.26,0.9285,1,0.235,0.8392,128,0
IWM191129C163,2019-11-26,2019-11-26 09:34:43,0.24,0.8571,20,0.23,0.8214,462,0.26,0.9285,1,0.235,0.8392,128,0
IWM191129C163,2019-11-26,2019-11-26 09:34:44,0.24,0.8571,42,0.23,0.8214,165,0.26,0.9285,1,0.235,0.8392,128,0
IWM191129C163,2019-11-26,2019-11-26 09:34:45,0.24,0.8571,42,0.23,0.8214,131,0.26,0.9285,1,0.235,0.8392,128,0
IWM191129C163,2019-11-26,2019-11-26 09:34:45,0.24,0.8571,366,0.23,0.8214,72,0.26,0.9285,1,0.235,0.8392,128,0
IWM191129C163,2019-11-26,2019-11-26 09:34:46,0.24,0.8571,753,0.23,0.8214,52,0.26,0.9285,1,0.235,0.8392,128,0
IWM191129C163,2019-11-26,2019-11-26 09:34:46,0.24,0.8571,575,0.23,0.8214,52,0.26,0.9285,1,0.235,0.8392,128,0
IWM191129C163,2019-11-26,2019-11-26 09:34:47,0.24,0.8571,781,0.23,0.8214,52,0.26,0.9285,1,0.235,0.8392,128,0
IWM191129C163,2019-11-26,2019-11-26 09:34:48,0.24,0.8571,695,0.23,0.8214,64,0.26,0.9285,1,0.235,0.8392,128,0
IWM191129C163,2019-11-26,2019-11-26 09:34:48,0.24,0.8571,781,0.23,0.8214,52,0.26,0.9285,1,0.235,0.8392,128,0
IWM191129C163,2019-11-26,2019-11-26 09:34:49,0.24,0.8571,695,0.23,0.8214,64,0.26,0.9285,1,0.235,0.8392,128,0
IWM191129C163,2019-11-26,2019-11-26 09:34:50,0.24,0.8571,779,0.23,0.8214,64,0.26,0.9285,1,0.235,0.8392,128,0
IWM191129C163,2019-11-26,2019-11-26 09:34:51,0.24,0.8571,689,0.23,0.8214,64,0.26,0.9285,1,0.235,0.8392,128,0
IWM191129C163,2019-11-26,2019-11-26 09:34:52,0.24,0.8571,675,0.23,0.8214,72,0.26,0.9285,1,0.235,0.8392,128,0
IWM191129C163,2019-11-26,2019-11-26 09:34:52,0.24,0.8571,689,0.23,0.8214,64,0.26,0.9285,1,0.235,0.8392,128,0
IWM191129C163,2019-11-26,2019-11-26 09:34:53,0.24,0.8571,675,0.23,0.8214,72,0.26,0.9285,1,0.235,0.8392,128,0
IWM191129C163,2019-11-26,2019-11-26 09:34:53,0.24,0.8571,675,0.23,0.8214,86,0.26,0.9285,1,0.235,0.8392,128,0
IWM191129C163,2019-11-26,2019-11-26 09:34:54,0.24,0.8571,675,0.23,0.8214,85,0.26,0.9285,1,0.235,0.8392,128,0
IWM191129C163,2019-11-26,2019-11-26 09:34:54,0.24,0.8571,688,0.23,0.8214,85,0.26,0.9285,1,0.235,0.8392,128,0
IWM191129C163,2019-11-26,2019-11-26 09:34:55,0.24,0.8571,675,0.23,0.8214,72,0.26,0.9285,1,0.235,0.8392,128,0
IWM191129C163,2019-11-26,2019-11-26 09:34:55,0.24,0.8571,688,0.23,0.8214,85,0.26,0.9285,1,0.235,0.8392,128,0
IWM191129C163,2019-11-26,2019-11-26 09:34:56,0.24,0.8571,585,0.23,0.8214,100,0.26,0.9285,1,0.235,0.8392,128,0
IWM191129C163,2019-11-26,2019-11-26 09:34:56,0.25,0.8928,811,0.23,0.8214,160,0.26,0.9285,1,0.24,0.8571,128,0
IWM191129C163,2019-11-26,2019-11-26 09:34:57,0.24,0.8571,97,0.23,0.8214,124,0.26,0.9285,1,0.235,0.8392,128,0
IWM191129C163,2019-11-26,2019-11-26 09:34:58,0.24,0.8571,97,0.23,0.8214,124,0.26,0.9285,1,0.235,0.8392,128,0
IWM191129C163,2019-11-26,2019-11-26 09:34:58,0.24,0.8571,538,0.23,0.8214,72,0.26,0.9285,1,0.235,0.8392,128,0
IWM191129C163,2019-11-26,2019-11-26 09:34:59,0.24,0.8571,529,0.23,0.8214,72,0.26,0.9285,1,0.235,0.8392,128,0
IWM191129C163,2019-11-26,2019-11-26 09:34:59,0.24,0.8571,529,0.23,0.8214,102,0.26,0.9285,1,0.235,0.8392,128,0
IWM191129C163,2019-11-26,2019-11-26 09:35:00,0.25,0.8928,554,0.24,0.8571,104,0.26,0.9285,1,0.245,0.875,128,0
IWM191129C163,2019-11-26,2019-11-26 09:35:00,0.24,0.8571,85,0.23,0.8214,181,0.26,0.9285,1,0.235,0.8392,128,0
IWM191129C163,2019-11-26,2019-11-26 09:35:01,0.25,0.8928,595,0.24,0.8571,70,0.26,0.9285,1,0.245,0.875,128,0
IWM191129C163,2019-11-26,2019-11-26 09:35:01,0.25,0.8928,96,0.24,0.8571,79,0.26,0.9285,1,0.245,0.875,128,0
IWM191129C163,2019-11-26,2019-11-26 09:35:02,0.25,0.8928,418,0.24,0.8571,70,0.26,0.9285,1,0.245,0.875,128,0
IWM191129C163,2019-11-26,2019-11-26 09:35:03,0.25,0.8928,431,0.24,0.8571,70,0.26,0.9285,1,0.245,0.875,128,0
IWM191129C163,2019-11-26,2019-11-26 09:35:04,0.25,0.8928,431,0.24,0.8571,70,0.26,0.9285,1,0.245,0.875,128,0
IWM191129C163,2019-11-26,2019-11-26 09:35:04,0.25,0.8928,431,0.24,0.8571,50,0.26,0.9285,1,0.245,0.875,128,0
IWM191129C163,2019-11-26,2019-11-26 09:35:05,0.25,0.8928,638,0.23,0.8214,182,0.26,0.9285,1,0.24,0.8571,128,0
IWM191129C163,2019-11-26,2019-11-26 09:35:05,0.25,0.8928,431,0.24,0.8571,30,0.26,0.9285,1,0.245,0.875,128,0
IWM191129C163,2019-11-26,2019-11-26 09:35:06,0.25,0.8928,92,0.24,0.8571,48,0.26,0.9285,1,0.245,0.875,128,0
IWM191129C163,2019-11-26,2019-11-26 09:35:06,0.25,0.8928,476,0.23,0.8214,507,0.26,0.9285,1,0.24,0.8571,128,0
IWM191129C163,2019-11-26,2019-11-26 09:35:07,0.25,0.8928,132,0.24,0.8571,82,0.26,0.9285,1,0.245,0.875,128,0
IWM191129C163,2019-11-26,2019-11-26 09:35:07,0.25,0.8928,345,0.24,0.8571,82,0.26,0.9285,1,0.245,0.875,128,0
IWM191129C163,2019-11-26,2019-11-26 09:35:08,0.25,0.8928,393,0.24,0.8571,82,0.26,0.9285,1,0.245,0.875,128,0
IWM191129C163,2019-11-26,2019-11-26 09:35:08,0.25,0.8928,319,0.24,0.8571,82,0.26,0.9285,1,0.245,0.875,128,0
IWM191129C163,2019-11-26,2019-11-26 09:35:09,0.25,0.8928,496,0.24,0.8571,54,0.26,0.9285,1,0.245,0.875,128,0
IWM191129C163,2019-11-26,2019-11-26 09:35:09,0.25,0.8928,344,0.24,0.8571,71,0.26,0.9285,1,0.245,0.875,128,0
IWM191129C163,2019-11-26,2019-11-26 09:35:10,0.25,0.8928,321,0.24,0.8571,54,0.26,0.9285,1,0.245,0.875,128,0
IWM191129C163,2019-11-26,2019-11-26 09:35:10,0.25,0.8928,405,0.24,0.8571,54,0.26,0.9285,1,0.245,0.875,128,0
IWM191129C163,2019-11-26,2019-11-26 09:35:11,0.25,0.8928,321,0.24,0.8571,54,0.26,0.9285,1,0.245,0.875,128,0
IWM191129C163,2019-11-26,2019-11-26 09:35:12,0.25,0.8928,108,0.24,0.8571,79,0.26,0.9285,1,0.245,0.875,128,0
IWM191129C163,2019-11-26,2019-11-26 09:35:12,0.25,0.8928,465,0.24,0.8571,54,0.26,0.9285,1,0.245,0.875,128,0
IWM191129C163,2019-11-26,2019-11-26 09:35:13,0.25,0.8928,342,0.24,0.8571,79,0.26,0.9285,1,0.245,0.875,128,0
IWM191129C163,2019-11-26,2019-11-26 09:35:13,0.25,0.8928,108,0.24,0.8571,79,0.26,0.9285,1,0.245,0.875,128,0
IWM191129C163,2019-11-26,2019-11-26 09:35:14,0.25,0.8928,150,0.24,0.8571,80,0.26,0.9285,1,0.245,0.875,128,0
IWM191129C163,2019-11-26,2019-11-26 09:35:14,0.25,0.8928,150,0.24,0.8571,54,0.26,0.9285,1,0.245,0.875,128,0
IWM191129C163,2019-11-26,2019-11-26 09:35:15,0.25,0.8928,150,0.24,0.8571,80,0.26,0.9285,1,0.245,0.875,128,0
IWM191129C163,2019-11-26,2019-11-26 09:35:15,0.25,0.8928,492,0.24,0.8571,80,0.26,0.9285,1,0.245,0.875,128,0
IWM191129C163,2019-11-26,2019-11-26 09:35:16,0.25,0.8928,580,0.24,0.8571,35,0.26,0.9285,1,0.245,0.875,128,0
IWM191129C163,2019-11-26,2019-11-26 09:35:16,0.25,0.8928,618,0.24,0.8571,40,0.26,0.9285,1,0.245,0.875,128,0
IWM191129C163,2019-11-26,2019-11-26 09:35:17,0.25,0.8928,673,0.24,0.8571,20,0.26,0.9285,1,0.245,0.875,128,0
IWM191129C163,2019-11-26,2019-11-26 09:35:17,0.25,0.8928,718,0.24,0.8571,10,0.26,0.9285,1,0.245,0.875,128,0
IWM191129C163,2019-11-26,2019-11-26 09:35:18,0.25,0.8928,907,0.23,0.8214,356,0.26,0.9285,1,0.24,0.8571,128,0
IWM191129C163,2019-11-26,2019-11-26 09:35:18,0.25,0.8928,888,0.23,0.8214,412,0.26,0.9285,1,0.24,0.8571,128,0
IWM191129C163,2019-11-26,2019-11-26 09:35:19,0.25,0.8928,1462,0.23,0.8214,442,0.26,0.9285,1,0.24,0.8571,128,0
IWM191129C163,2019-11-26,2019-11-26 09:35:19,0.25,0.8928,937,0.23,0.8214,371,0.26,0.9285,1,0.24,0.8571,128,0
IWM191129C163,2019-11-26,2019-11-26 09:35:20,0.25,0.8928,1462,0.23,0.8214,634,0.26,0.9285,1,0.24,0.8571,128,0
IWM191129C163,2019-11-26,2019-11-26 09:35:20,0.25,0.8928,1617,0.23,0.8214,612,0.26,0.9285,1,0.24,0.8571,128,0
IWM191129C163,2019-11-26,2019-11-26 09:35:21,0.25,0.8928,1617,0.23,0.8214,612,0.26,0.9285,1,0.24,0.8571,128,0
IWM191129C163,2019-11-26,2019-11-26 09:35:21,0.25,0.8928,1617,0.23,0.8214,642,0.26,0.9285,1,0.24,0.8571,128,0
IWM191129C163,2019-11-26,2019-11-26 09:35:22,0.24,0.8571,148,0.23,0.8214,122,0.26,0.9285,1,0.235,0.8392,128,0
IWM191129C163,2019-11-26,2019-11-26 09:35:22,0.25,0.8928,1617,0.23,0.8214,612,0.26,0.9285,1,0.24,0.8571,128,0
IWM191129C163,2019-11-26,2019-11-26 09:35:23,0.24,0.8571,669,0.23,0.8214,23,0.26,0.9285,1,0.235,0.8392,128,0
IWM191129C163,2019-11-26,2019-11-26 09:35:24,0.24,0.8571,1099,0.23,0.8214,30,0.26,0.9285,1,0.235,0.8392,128,0
IWM191129C163,2019-11-26,2019-11-26 09:35:24,0.24,0.8571,1099,0.23,0.8214,41,0.26,0.9285,1,0.235,0.8392,128,0
IWM191129C163,2019-11-26,2019-11-26 09:35:25,0.24,0.8571,172,0.23,0.8214,77,0.26,0.9285,1,0.235,0.8392,128,0
IWM191129C163,2019-11-26,2019-11-26 09:35:25,0.24,0.8571,1136,0.23,0.8214,30,0.26,0.9285,1,0.235,0.8392,128,0
IWM191129C163,2019-11-26,2019-11-26 09:35:26,0.24,0.8571,407,0.23,0.8214,56,0.26,0.9285,1,0.235,0.8392,128,0
IWM191129C163,2019-11-26,2019-11-26 09:35:26,0.24,0.8571,73,0.23,0.8214,245,0.26,0.9285,1,0.235,0.8392,128,0
IWM191129C163,2019-11-26,2019-11-26 09:35:27,0.24,0.8571,73,0.22,0.7857,146,0.26,0.9285,1,0.23,0.8214,128,0
IWM191129C163,2019-11-26,2019-11-26 09:35:27,0.24,0.8571,73,0.23,0.8214,418,0.26,0.9285,1,0.235,0.8392,128,0
IWM191129C163,2019-11-26,2019-11-26 09:35:28,0.24,0.8571,422,0.22,0.7857,443,0.26,0.9285,1,0.23,0.8214,128,0
IWM191129C163,2019-11-26,2019-11-26 09:35:28,0.24,0.8571,422,0.22,0.7857,673,0.26,0.9285,1,0.23,0.8214,128,0
IWM191129C163,2019-11-26,2019-11-26 09:35:29,0.24,0.8571,422,0.22,0.7857,708,0.26,0.9285,1,0.23,0.8214,128,0
IWM191129C163,2019-11-26,2019-11-26 09:35:30,0.24,0.8571,754,0.22,0.7857,943,0.26,0.9285,1,0.23,0.8214,128,0
IWM191129C163,2019-11-26,2019-11-26 09:35:30,0.24,0.8571,860,0.22,0.7857,836,0.26,0.9285,1,0.23,0.8214,128,0
IWM191129C163,2019-11-26,2019-11-26 09:35:31,0.24,0.8571,925,0.22,0.7857,810,0.26,0.9285,1,0.23,0.8214,128,0
IWM191129C163,2019-11-26,2019-11-26 09:35:31,0.24,0.8571,895,0.22,0.7857,810,0.26,0.9285,1,0.23,0.8214,128,0
IWM191129C163,2019-11-26,2019-11-26 09:35:32,0.23,0.8214,298,0.22,0.7857,362,0.26,0.9285,1,0.225,0.8035,128,0
IWM191129C163,2019-11-26,2019-11-26 09:35:32,0.23,0.8214,432,0.22,0.7857,347,0.26,0.9285,1,0.225,0.8035,128,0
IWM191129C163,2019-11-26,2019-11-26 09:35:33,0.23,0.8214,259,0.22,0.7857,373,0.26,0.9285,1,0.225,0.8035,128,0
IWM191129C163,2019-11-26,2019-11-26 09:35:33,0.23,0.8214,775,0.22,0.7857,806,0.26,0.9285,1,0.225,0.8035,128,0
IWM191129C163,2019-11-26,2019-11-26 09:35:34,0.23,0.8214,662,0.22,0.7857,277,0.26,0.9285,1,0.225,0.8035,128,0
IWM191129C163,2019-11-26,2019-11-26 09:35:34,0.23,0.8214,166,0.22,0.7857,328,0.26,0.9285,1,0.225,0.8035,128,0
IWM191129C163,2019-11-26,2019-11-26 09:35:35,0.23,0.8214,329,0.22,0.7857,287,0.26,0.9285,1,0.225,0.8035,128,0
IWM191129C163,2019-11-26,2019-11-26 09:35:35,0.23,0.8214,467,0.22,0.7857,287,0.26,0.9285,1,0.225,0.8035,128,0
IWM191129C163,2019-11-26,2019-11-26 09:35:36,0.23,0.8214,262,0.22,0.7857,253,0.26,0.9285,1,0.225,0.8035,128,0
IWM191129C163,2019-11-26,2019-11-26 09:35:36,0.23,0.8214,245,0.22,0.7857,155,0.26,0.9285,1,0.225,0.8035,128,0
IWM191129C163,2019-11-26,2019-11-26 09:35:37,0.23,0.8214,245,0.22,0.7857,70,0.26,0.9285,1,0.225,0.8035,128,0
IWM191129C163,2019-11-26,2019-11-26 09:35:37,0.23,0.8214,245,0.22,0.7857,144,0.26,0.9285,1,0.225,0.8035,128,0
IWM191129C163,2019-11-26,2019-11-26 09:35:38,0.23,0.8214,339,0.22,0.7857,170,0.26,0.9285,1,0.225,0.8035,128,0
IWM191129C163,2019-11-26,2019-11-26 09:35:39,0.23,0.8214,508,0.22,0.7857,70,0.26,0.9285,1,0.225,0.8035,128,0
IWM191129C163,2019-11-26,2019-11-26 09:35:39,0.23,0.8214,534,0.22,0.7857,70,0.26,0.9285,1,0.225,0.8035,128,0
IWM191129C163,2019-11-26,2019-11-26 09:35:40,0.23,0.8214,405,0.22,0.7857,174,0.26,0.9285,1,0.225,0.8035,128,0
IWM191129C163,2019-11-26,2019-11-26 09:35:40,0.23,0.8214,189,0.22,0.7857,224,0.26,0.9285,1,0.225,0.8035,128,0
IWM191129C163,2019-11-26,2019-11-26 09:35:41,0.23,0.8214,387,0.22,0.7857,263,0.26,0.9285,1,0.225,0.8035,128,0
IWM191129C163,2019-11-26,2019-11-26 09:35:41,0.23,0.8214,174,0.22,0.7857,225,0.26,0.9285,1,0.225,0.8035,128,0
IWM191129C163,2019-11-26,2019-11-26 09:35:42,0.23,0.8214,374,0.22,0.7857,264,0.26,0.9285,1,0.225,0.8035,128,0
IWM191129C163,2019-11-26,2019-11-26 09:35:43,0.23,0.8214,374,0.22,0.7857,289,0.26,0.9285,1,0.225,0.8035,128,0
IWM191129C163,2019-11-26,2019-11-26 09:35:43,0.23,0.8214,374,0.22,0.7857,211,0.26,0.9285,1,0.225,0.8035,128,0
IWM191129C163,2019-11-26,2019-11-26 09:35:44,0.23,0.8214,374,0.22,0.7857,326,0.26,0.9285,1,0.225,0.8035,128,0
IWM191129C163,2019-11-26,2019-11-26 09:35:45,0.23,0.8214,374,0.22,0.7857,295,0.26,0.9285,1,0.225,0.8035,128,0
IWM191129C163,2019-11-26,2019-11-26 09:35:45,0.23,0.8214,374,0.22,0.7857,326,0.26,0.9285,1,0.225,0.8035,128,0
IWM191129C163,2019-11-26,2019-11-26 09:35:46,0.23,0.8214,374,0.22,0.7857,175,0.26,0.9285,1,0.225,0.8035,128,0
IWM191129C163,2019-11-26,2019-11-26 09:35:46,0.23,0.8214,374,0.22,0.7857,297,0.26,0.9285,1,0.225,0.8035,128,0
IWM191129C163,2019-11-26,2019-11-26 09:35:47,0.23,0.8214,86,0.22,0.7857,308,0.26,0.9285,1,0.225,0.8035,128,0
IWM191129C163,2019-11-26,2019-11-26 09:35:47,0.23,0.8214,374,0.22,0.7857,308,0.26,0.9285,1,0.225,0.8035,128,0
IWM191129C163,2019-11-26,2019-11-26 09:35:48,0.23,0.8214,58,0.22,0.7857,98,0.26,0.9285,1,0.225,0.8035,128,0
IWM191129C163,2019-11-26,2019-11-26 09:35:48,0.23,0.8214,38,0.22,0.7857,98,0.26,0.9285,1,0.225,0.8035,128,0
IWM191129C163,2019-11-26,2019-11-26 09:35:49,0.24,0.8571,1095,0.22,0.7857,218,0.26,0.9285,1,0.23,0.8214,128,0
IWM191129C163,2019-11-26,2019-11-26 09:35:49,0.23,0.8214,81,0.22,0.7857,74,0.26,0.9285,1,0.225,0.8035,128,0
IWM191129C163,2019-11-26,2019-11-26 09:35:50,0.24,0.8571,1142,0.22,0.7857,445,0.26,0.9285,1,0.23,0.8214,128,0
IWM191129C163,2019-11-26,2019-11-26 09:35:50,0.23,0.8214,37,0.22,0.7857,419,0.26,0.9285,1,0.225,0.8035,128,0
IWM191129C163,2019-11-26,2019-11-26 09:35:51,0.23,0.8214,12,0.22,0.7857,396,0.26,0.9285,1,0.225,0.8035,128,0
IWM191129C163,2019-11-26,2019-11-26 09:35:51,0.23,0.8214,37,0.22,0.7857,419,0.26,0.9285,1,0.225,0.8035,128,0
IWM191129C163,2019-11-26,2019-11-26 09:35:52,0.24,0.8571,556,0.23,0.8214,206,0.26,0.9285,1,0.235,0.8392,128,0
IWM191129C163,2019-11-26,2019-11-26 09:35:52,0.24,0.8571,872,0.23,0.8214,96,0.26,0.9285,1,0.235,0.8392,128,0
IWM191129C163,2019-11-26,2019-11-26 09:35:53,0.24,0.8571,890,0.23,0.8214,234,0.26,0.9285,1,0.235,0.8392,128,0
IWM191129C163,2019-11-26,2019-11-26 09:35:53,0.24,0.8571,999,0.23,0.8214,234,0.26,0.9285,1,0.235,0.8392,128,0
IWM191129C163,2019-11-26,2019-11-26 09:35:54,0.24,0.8571,679,0.22,0.7857,347,0.26,0.9285,1,0.23,0.8214,128,0
IWM191129C163,2019-11-26,2019-11-26 09:35:55,0.24,0.8571,672,0.22,0.7857,428,0.26,0.9285,1,0.23,0.8214,128,0
IWM191129C163,2019-11-26,2019-11-26 09:35:55,0.24,0.8571,841,0.22,0.7857,280,0.26,0.9285,1,0.23,0.8214,128,0
IWM191129C163,2019-11-26,2019-11-26 09:35:56,0.24,0.8571,841,0.22,0.7857,280,0.26,0.9285,1,0.23,0.8214,128,0
IWM191129C163,2019-11-26,2019-11-26 09:35:56,0.24,0.8571,841,0.22,0.7857,389,0.26,0.9285,1,0.23,0.8214,128,0
IWM191129C163,2019-11-26,2019-11-26 09:35:57,0.24,0.8571,841,0.22,0.7857,103,0.26,0.9285,1,0.23,0.8214,128,0
IWM191129C163,2019-11-26,2019-11-26 09:35:58,0.23,0.8214,107,0.22,0.7857,365,0.26,0.9285,1,0.225,0.8035,128,0
IWM191129C163,2019-11-26,2019-11-26 09:35:58,0.23,0.8214,93,0.22,0.7857,394,0.26,0.9285,1,0.225,0.8035,128,0
IWM191129C163,2019-11-26,2019-11-26 09:35:59,0.23,0.8214,296,0.22,0.7857,365,0.26,0.9285,1,0.225,0.8035,128,0
IWM191129C163,2019-11-26,2019-11-26 09:35:59,0.23,0.8214,93,0.22,0.7857,365,0.26,0.9285,1,0.225,0.8035,128,0
IWM191129C163,2019-11-26,2019-11-26 09:36:00,0.23,0.8214,454,0.22,0.7857,365,0.26,0.9285,1,0.225,0.8035,128,0
IWM191129C163,2019-11-26,2019-11-26 09:36:00,0.23,0.8214,114,0.22,0.7857,333,0.26,0.9285,1,0.225,0.8035,128,0
IWM191129C163,2019-11-26,2019-11-26 09:36:01,0.23,0.8214,54,0.22,0.7857,426,0.26,0.9285,1,0.225,0.8035,128,0
IWM191129C163,2019-11-26,2019-11-26 09:36:01,0.23,0.8214,55,0.22,0.7857,426,0.26,0.9285,1,0.225,0.8035,128,0
IWM191129C163,2019-11-26,2019-11-26 09:36:02,0.23,0.8214,55,0.22,0.7857,393,0.26,0.9285,1,0.225,0.8035,128,0
IWM191129C163,2019-11-26,2019-11-26 09:36:02,0.23,0.8214,55,0.22,0.7857,448,0.26,0.9285,1,0.225,0.8035,128,0
IWM191129C163,2019-11-26,2019-11-26 09:36:03,0.23,0.8214,55,0.22,0.7857,445,0.26,0.9285,1,0.225,0.8035,128,0
IWM191129C163,2019-11-26,2019-11-26 09:36:03,0.23,0.8214,55,0.22,0.7857,448,0.26,0.9285,1,0.225,0.8035,128,0
IWM191129C163,2019-11-26,2019-11-26 09:36:04,0.23,0.8214,306,0.22,0.7857,190,0.26,0.9285,1,0.225,0.8035,128,0
IWM191129C163,2019-11-26,2019-11-26 09:36:04,0.23,0.8214,55,0.22,0.7857,259,0.26,0.9285,1,0.225,0.8035,128,0
IWM191129C163,2019-11-26,2019-11-26 09:36:05,0.23,0.8214,827,0.22,0.7857,50,0.26,0.9285,1,0.225,0.8035,128,0
IWM191129C163,2019-11-26,2019-11-26 09:36:05,0.23,0.8214,784,0.22,0.7857,50,0.26,0.9285,1,0.225,0.8035,128,0
IWM191129C163,2019-11-26,2019-11-26 09:36:06,0.23,0.8214,827,0.22,0.7857,50,0.26,0.9285,1,0.225,0.8035,128,0
IWM191129C163,2019-11-26,2019-11-26 09:36:07,0.23,0.8214,827,0.22,0.7857,50,0.26,0.9285,1,0.225,0.8035,128,0
IWM191129C163,2019-11-26,2019-11-26 09:36:08,0.23,0.8214,827,0.22,0.7857,50,0.26,0.9285,1,0.225,0.8035,128,0
IWM191129C163,2019-11-26,2019-11-26 09:36:09,0.23,0.8214,54,0.22,0.7857,141,0.26,0.9285,1,0.225,0.8035,128,0
IWM191129C163,2019-11-26,2019-11-26 09:36:09,0.23,0.8214,107,0.22,0.7857,65,0.26,0.9285,1,0.225,0.8035,128,0
IWM191129C163,2019-11-26,2019-11-26 09:36:10,0.23,0.8214,72,0.22,0.7857,438,0.22,0.7857,5,0.225,0.8035,133,5
IWM191129C163,2019-11-26,2019-11-26 09:36:10,0.23,0.8214,164,0.22,0.7857,438,0.26,0.9285,1,0.225,0.8035,128,0
IWM191129C163,2019-11-26,2019-11-26 09:36:11,0.23,0.8214,53,0.22,0.7857,427,0.22,0.7857,5,0.225,0.8035,133,0
IWM191129C163,2019-11-26,2019-11-26 09:36:12,0.23,0.8214,53,0.22,0.7857,427,0.22,0.7857,5,0.225,0.8035,133,0
IWM191129C163,2019-11-26,2019-11-26 09:36:12,0.23,0.8214,146,0.22,0.7857,427,0.22,0.7857,5,0.225,0.8035,133,0
IWM191129C163,2019-11-26,2019-11-26 09:36:13,0.23,0.8214,80,0.22,0.7857,414,0.22,0.7857,5,0.225,0.8035,133,0
IWM191129C163,2019-11-26,2019-11-26 09:36:13,0.23,0.8214,127,0.22,0.7857,438,0.22,0.7857,5,0.225,0.8035,133,0
IWM191129C163,2019-11-26,2019-11-26 09:36:14,0.23,0.8214,127,0.22,0.7857,438,0.22,0.7857,5,0.225,0.8035,133,0
IWM191129C163,2019-11-26,2019-11-26 09:36:14,0.23,0.8214,508,0.22,0.7857,276,0.22,0.7857,5,0.225,0.8035,133,0
IWM191129C163,2019-11-26,2019-11-26 09:36:15,0.23,0.8214,508,0.22,0.7857,213,0.22,0.7857,5,0.225,0.8035,133,0
IWM191129C163,2019-11-26,2019-11-26 09:36:15,0.23,0.8214,508,0.22,0.7857,237,0.22,0.7857,5,0.225,0.8035,133,0
IWM191129C163,2019-11-26,2019-11-26 09:36:16,0.23,0.8214,691,0.22,0.7857,237,0.22,0.7857,5,0.225,0.8035,133,0
IWM191129C163,2019-11-26,2019-11-26 09:36:16,0.23,0.8214,122,0.22,0.7857,335,0.22,0.7857,5,0.225,0.8035,133,0
IWM191129C163,2019-11-26,2019-11-26 09:36:17,0.23,0.8214,122,0.22,0.7857,335,0.22,0.7857,5,0.225,0.8035,133,0
IWM191129C163,2019-11-26,2019-11-26 09:36:17,0.23,0.8214,122,0.22,0.7857,349,0.22,0.7857,5,0.225,0.8035,133,0
IWM191129C163,2019-11-26,2019-11-26 09:36:18,0.23,0.8214,122,0.22,0.7857,237,0.22,0.7857,5,0.225,0.8035,133,0
IWM191129C163,2019-11-26,2019-11-26 09:36:18,0.23,0.8214,359,0.22,0.7857,332,0.22,0.7857,5,0.225,0.8035,133,0
IWM191129C163,2019-11-26,2019-11-26 09:36:19,0.23,0.8214,359,0.22,0.7857,237,0.22,0.7857,5,0.225,0.8035,133,0
IWM191129C163,2019-11-26,2019-11-26 09:36:19,0.23,0.8214,407,0.22,0.7857,237,0.22,0.7857,5,0.225,0.8035,133,0
IWM191129C163,2019-11-26,2019-11-26 09:36:20,0.23,0.8214,415,0.22,0.7857,407,0.22,0.7857,5,0.225,0.8035,133,0
IWM191129C163,2019-11-26,2019-11-26 09:36:20,0.23,0.8214,222,0.22,0.7857,330,0.22,0.7857,5,0.225,0.8035,133,0
IWM191129C163,2019-11-26,2019-11-26 09:36:21,0.23,0.8214,182,0.22,0.7857,395,0.22,0.7857,5,0.225,0.8035,133,0
IWM191129C163,2019-11-26,2019-11-26 09:36:21,0.23,0.8214,182,0.22,0.7857,397,0.22,0.7857,5,0.225,0.8035,133,0
IWM191129C163,2019-11-26,2019-11-26 09:36:22,0.23,0.8214,10,0.22,0.7857,681,0.22,0.7857,5,0.225,0.8035,133,0
IWM191129C163,2019-11-26,2019-11-26 09:36:23,0.23,0.8214,10,0.22,0.7857,615,0.22,0.7857,5,0.225,0.8035,133,0
IWM191129C163,2019-11-26,2019-11-26 09:36:23,0.23,0.8214,10,0.22,0.7857,681,0.22,0.7857,5,0.225,0.8035,133,0
IWM191129C163,2019-11-26,2019-11-26 09:36:24,0.23,0.8214,10,0.22,0.7857,394,0.22,0.7857,5,0.225,0.8035,133,0
IWM191129C163,2019-11-26,2019-11-26 09:36:24,0.23,0.8214,10,0.22,0.7857,350,0.22,0.7857,5,0.225,0.8035,133,0
IWM191129C163,2019-11-26,2019-11-26 09:36:25,0.23,0.8214,10,0.22,0.7857,155,0.22,0.7857,5,0.225,0.8035,133,0
IWM191129C163,2019-11-26,2019-11-26 09:36:25,0.23,0.8214,1,0.22,0.7857,391,0.22,0.7857,5,0.225,0.8035,133,0
IWM191129C163,2019-11-26,2019-11-26 09:36:26,0.23,0.8214,1,0.22,0.7857,391,0.22,0.7857,5,0.225,0.8035,133,0
IWM191129C163,2019-11-26,2019-11-26 09:36:26,0.23,0.8214,1,0.22,0.7857,469,0.22,0.7857,5,0.225,0.8035,133,0
IWM191129C163,2019-11-26,2019-11-26 09:36:27,0.23,0.8214,1,0.22,0.7857,478,0.22,0.7857,5,0.225,0.8035,133,0
IWM191129C163,2019-11-26,2019-11-26 09:36:27,0.23,0.8214,1,0.22,0.7857,469,0.22,0.7857,5,0.225,0.8035,133,0
IWM191129C163,2019-11-26,2019-11-26 09:36:28,0.23,0.8214,1,0.22,0.7857,478,0.22,0.7857,5,0.225,0.8035,133,0
IWM191129C163,2019-11-26,2019-11-26 09:36:28,0.23,0.8214,1,0.22,0.7857,678,0.22,0.7857,5,0.225,0.8035,133,0
IWM191129C163,2019-11-26,2019-11-26 09:36:29,0.23,0.8214,1,0.22,0.7857,678,0.22,0.7857,5,0.225,0.8035,133,0
IWM191129C163,2019-11-26,2019-11-26 09:36:30,0.23,0.8214,1,0.22,0.7857,678,0.22,0.7857,5,0.225,0.8035,133,0
IWM191129C163,2019-11-26,2019-11-26 09:36:31,0.23,0.8214,1,0.22,0.7857,678,0.22,0.7857,5,0.225,0.8035,133,0
IWM191129C163,2019-11-26,2019-11-26 09:36:32,0.23,0.8214,1,0.22,0.7857,678,0.22,0.7857,5,0.225,0.8035,133,0
IWM191129C163,2019-11-26,2019-11-26 09:36:33,0.23,0.8214,29,0.22,0.7857,1059,0.22,0.7857,5,0.225,0.8035,133,0
IWM191129C163,2019-11-26,2019-11-26 09:36:33,0.23,0.8214,26,0.22,0.7857,1059,0.22,0.7857,5,0.225,0.8035,133,0
IWM191129C163,2019-11-26,2019-11-26 09:36:34,0.23,0.8214,26,0.22,0.7857,1059,0.22,0.7857,5,0.225,0.8035,133,0
IWM191129C163,2019-11-26,2019-11-26 09:36:34,0.23,0.8214,29,0.22,0.7857,1059,0.22,0.7857,5,0.225,0.8035,133,0
IWM191129C163,2019-11-26,2019-11-26 09:36:35,0.23,0.8214,47,0.22,0.7857,851,0.22,0.7857,5,0.225,0.8035,133,0
IWM191129C163,2019-11-26,2019-11-26 09:36:35,0.23,0.8214,42,0.22,0.7857,964,0.22,0.7857,5,0.225,0.8035,133,0
IWM191129C163,2019-11-26,2019-11-26 09:36:36,0.23,0.8214,42,0.22,0.7857,856,0.22,0.7857,5,0.225,0.8035,133,0
IWM191129C163,2019-11-26,2019-11-26 09:36:36,0.23,0.8214,42,0.22,0.7857,895,0.22,0.7857,5,0.225,0.8035,133,0
IWM191129C163,2019-11-26,2019-11-26 09:36:37,0.23,0.8214,80,0.22,0.7857,475,0.22,0.7857,5,0.225,0.8035,133,0
IWM191129C163,2019-11-26,2019-11-26 09:36:37,0.23,0.8214,54,0.22,0.7857,415,0.22,0.7857,5,0.225,0.8035,133,0
IWM191129C163,2019-11-26,2019-11-26 09:36:38,0.23,0.8214,47,0.22,0.7857,443,0.22,0.7857,5,0.225,0.8035,133,0
IWM191129C163,2019-11-26,2019-11-26 09:36:38,0.23,0.8214,47,0.22,0.7857,415,0.22,0.7857,5,0.225,0.8035,133,0
IWM191129C163,2019-11-26,2019-11-26 09:36:39,0.23,0.8214,1,0.22,0.7857,920,0.22,0.7857,5,0.225,0.8035,133,0
IWM191129C163,2019-11-26,2019-11-26 09:36:39,0.23,0.8214,1,0.22,0.7857,416,0.22,0.7857,5,0.225,0.8035,133,0
IWM191129C163,2019-11-26,2019-11-26 09:36:40,0.23,0.8214,1,0.22,0.7857,851,0.22,0.7857,5,0.225,0.8035,133,0
IWM191129C163,2019-11-26,2019-11-26 09:36:40,0.23,0.8214,1,0.22,0.7857,909,0.22,0.7857,5,0.225,0.8035,133,0
IWM191129C163,2019-11-26,2019-11-26 09:36:41,0.23,0.8214,1,0.22,0.7857,505,0.22,0.7857,5,0.225,0.8035,133,0
IWM191129C163,2019-11-26,2019-11-26 09:36:41,0.23,0.8214,1,0.22,0.7857,892,0.22,0.7857,5,0.225,0.8035,133,0
IWM191129C163,2019-11-26,2019-11-26 09:36:42,0.23,0.8214,1,0.22,0.7857,1045,0.22,0.7857,5,0.225,0.8035,133,0
IWM191129C163,2019-11-26,2019-11-26 09:36:43,0.23,0.8214,26,0.22,0.7857,1045,0.22,0.7857,5,0.225,0.8035,133,0
IWM191129C163,2019-11-26,2019-11-26 09:36:44,0.23,0.8214,26,0.22,0.7857,1045,0.22,0.7857,5,0.225,0.8035,133,0
IWM191129C163,2019-11-26,2019-11-26 09:36:45,0.23,0.8214,1,0.22,0.7857,1045,0.22,0.7857,5,0.225,0.8035,133,0
IWM191129C163,2019-11-26,2019-11-26 09:36:46,0.23,0.8214,26,0.22,0.7857,1045,0.22,0.7857,5,0.225,0.8035,133,0
IWM191129C163,2019-11-26,2019-11-26 09:36:46,0.23,0.8214,26,0.22,0.7857,646,0.22,0.7857,5,0.225,0.8035,133,0
IWM191129C163,2019-11-26,2019-11-26 09:36:47,0.23,0.8214,1,0.22,0.7857,801,0.22,0.7857,5,0.225,0.8035,133,0
IWM191129C163,2019-11-26,2019-11-26 09:36:47,0.23,0.8214,1,0.23,0.8214,50,0.23,0.8214,1,0.23,0.8214,134,1
IWM191129C163,2019-11-26,2019-11-26 09:36:48,0.24,0.8571,109,0.23,0.8214,406,0.23,0.8214,1,0.235,0.8392,134,0
IWM191129C163,2019-11-26,2019-11-26 09:36:48,0.24,0.8571,107,0.23,0.8214,442,0.23,0.8214,1,0.235,0.8392,134,0
IWM191129C163,2019-11-26,2019-11-26 09:36:49,0.24,0.8571,596,0.23,0.8214,77,0.23,0.8214,1,0.235,0.8392,134,0
IWM191129C163,2019-11-26,2019-11-26 09:36:49,0.24,0.8571,107,0.23,0.8214,442,0.23,0.8214,1,0.235,0.8392,134,0
IWM191129C163,2019-11-26,2019-11-26 09:36:50,0.24,0.8571,809,0.23,0.8214,77,0.23,0.8214,1,0.235,0.8392,134,0
IWM191129C163,2019-11-26,2019-11-26 09:36:50,0.24,0.8571,172,0.23,0.8214,50,0.23,0.8214,1,0.235,0.8392,134,0
IWM191129C163,2019-11-26,2019-11-26 09:36:51,0.24,0.8571,606,0.23,0.8214,105,0.23,0.8214,1,0.235,0.8392,134,0
IWM191129C163,2019-11-26,2019-11-26 09:36:51,0.24,0.8571,405,0.23,0.8214,84,0.23,0.8214,1,0.235,0.8392,134,0
IWM191129C163,2019-11-26,2019-11-26 09:36:52,0.24,0.8571,1185,0.23,0.8214,71,0.23,0.8214,1,0.235,0.8392,134,0
IWM191129C163,2019-11-26,2019-11-26 09:36:52,0.24,0.8571,870,0.23,0.8214,71,0.23,0.8214,1,0.235,0.8392,134,0
IWM191129C163,2019-11-26,2019-11-26 09:36:53,0.24,0.8571,904,0.23,0.8214,71,0.23,0.8214,1,0.235,0.8392,134,0
IWM191129C163,2019-11-26,2019-11-26 09:36:53,0.24,0.8571,845,0.23,0.8214,187,0.23,0.8214,1,0.235,0.8392,134,0
IWM191129C163,2019-11-26,2019-11-26 09:36:54,0.24,0.8571,339,0.23,0.8214,373,0.23,0.8214,1,0.235,0.8392,134,0
IWM191129C163,2019-11-26,2019-11-26 09:36:54,0.24,0.8571,845,0.23,0.8214,251,0.23,0.8214,1,0.235,0.8392,134,0
IWM191129C163,2019-11-26,2019-11-26 09:36:55,0.24,0.8571,219,0.23,0.8214,421,0.23,0.8214,1,0.235,0.8392,134,0
IWM191129C163,2019-11-26,2019-11-26 09:36:56,0.24,0.8571,1219,0.23,0.8214,421,0.23,0.8214,1,0.235,0.8392,134,0
IWM191129C163,2019-11-26,2019-11-26 09:36:56,0.24,0.8571,855,0.23,0.8214,421,0.23,0.8214,1,0.235,0.8392,134,0
IWM191129C163,2019-11-26,2019-11-26 09:36:57,0.24,0.8571,893,0.23,0.8214,257,0.23,0.8214,1,0.235,0.8392,134,0
IWM191129C163,2019-11-26,2019-11-26 09:36:57,0.24,0.8571,1219,0.23,0.8214,257,0.23,0.8214,1,0.235,0.8392,134,0
IWM191129C163,2019-11-26,2019-11-26 09:36:58,0.24,0.8571,893,0.23,0.8214,293,0.23,0.8214,1,0.235,0.8392,134,0
IWM191129C163,2019-11-26,2019-11-26 09:36:58,0.24,0.8571,749,0.23,0.8214,293,0.23,0.8214,1,0.235,0.8392,134,0
IWM191129C163,2019-11-26,2019-11-26 09:36:59,0.24,0.8571,1178,0.23,0.8214,106,0.23,0.8214,1,0.235,0.8392,134,0
IWM191129C163,2019-11-26,2019-11-26 09:36:59,0.24,0.8571,749,0.23,0.8214,100,0.23,0.8214,1,0.235,0.8392,134,0
IWM191129C163,2019-11-26,2019-11-26 09:37:00,0.24,0.8571,1178,0.23,0.8214,299,0.23,0.8214,1,0.235,0.8392,134,0
IWM191129C163,2019-11-26,2019-11-26 09:37:01,0.24,0.8571,1178,0.23,0.8214,252,0.23,0.8214,1,0.235,0.8392,134,0
IWM191129C163,2019-11-26,2019-11-26 09:37:02,0.24,0.8571,1178,0.23,0.8214,252,0.23,0.8214,1,0.235,0.8392,134,0
IWM191129C163,2019-11-26,2019-11-26 09:37:02,0.24,0.8571,1178,0.23,0.8214,285,0.23,0.8214,1,0.235,0.8392,134,0
IWM191129C163,2019-11-26,2019-11-26 09:37:03,0.24,0.8571,28,0.23,0.8214,340,0.23,0.8214,1,0.235,0.8392,134,0
IWM191129C163,2019-11-26,2019-11-26 09:37:03,0.24,0.8571,555,0.23,0.8214,376,0.23,0.8214,1,0.235,0.8392,134,0
IWM191129C163,2019-11-26,2019-11-26 09:37:04,0.24,0.8571,454,0.23,0.8214,222,0.23,0.8214,1,0.235,0.8392,134,0
IWM191129C163,2019-11-26,2019-11-26 09:37:04,0.24,0.8571,870,0.22,0.7857,392,0.23,0.8214,1,0.23,0.8214,134,0
IWM191129C163,2019-11-26,2019-11-26 09:37:05,0.23,0.8214,50,0.22,0.7857,295,0.23,0.8214,1,0.225,0.8035,134,0
IWM191129C163,2019-11-26,2019-11-26 09:37:05,0.23,0.8214,54,0.22,0.7857,754,0.23,0.8214,1,0.225,0.8035,134,0
IWM191129C163,2019-11-26,2019-11-26 09:37:06,0.24,0.8571,735,0.22,0.7857,754,0.23,0.8214,1,0.23,0.8214,134,0
IWM191129C163,2019-11-26,2019-11-26 09:37:06,0.24,0.8571,745,0.22,0.7857,352,0.23,0.8214,1,0.23,0.8214,134,0
IWM191129C163,2019-11-26,2019-11-26 09:37:07,0.23,0.8214,139,0.22,0.7857,529,0.23,0.8214,1,0.225,0.8035,134,0
IWM191129C163,2019-11-26,2019-11-26 09:37:08,0.23,0.8214,139,0.22,0.7857,364,0.23,0.8214,1,0.225,0.8035,134,0
IWM191129C163,2019-11-26,2019-11-26 09:37:08,0.23,0.8214,573,0.22,0.7857,308,0.23,0.8214,1,0.225,0.8035,134,0
IWM191129C163,2019-11-26,2019-11-26 09:37:09,0.23,0.8214,772,0.22,0.7857,249,0.23,0.8214,1,0.225,0.8035,134,0
IWM191129C163,2019-11-26,2019-11-26 09:37:09,0.23,0.8214,1071,0.22,0.7857,229,0.23,0.8214,1,0.225,0.8035,134,0
IWM191129C163,2019-11-26,2019-11-26 09:37:10,0.23,0.8214,689,0.22,0.7857,221,0.23,0.8214,1,0.225,0.8035,134,0
IWM191129C163,2019-11-26,2019-11-26 09:37:10,0.23,0.8214,689,0.22,0.7857,229,0.23,0.8214,1,0.225,0.8035,134,0
IWM191129C163,2019-11-26,2019-11-26 09:37:11,0.23,0.8214,1185,0.22,0.7857,221,0.23,0.8214,1,0.225,0.8035,134,0
IWM191129C163,2019-11-26,2019-11-26 09:37:12,0.23,0.8214,217,0.22,0.7857,338,0.23,0.8214,1,0.225,0.8035,134,0
IWM191129C163,2019-11-26,2019-11-26 09:37:12,0.23,0.8214,155,0.22,0.7857,304,0.23,0.8214,1,0.225,0.8035,134,0
IWM191129C163,2019-11-26,2019-11-26 09:37:13,0.23,0.8214,155,0.22,0.7857,211,0.23,0.8214,1,0.225,0.8035,134,0
IWM191129C163,2019-11-26,2019-11-26 09:37:13,0.23,0.8214,155,0.22,0.7857,327,0.23,0.8214,1,0.225,0.8035,134,0
IWM191129C163,2019-11-26,2019-11-26 09:37:14,0.23,0.8214,592,0.22,0.7857,211,0.23,0.8214,1,0.225,0.8035,134,0
IWM191129C163,2019-11-26,2019-11-26 09:37:14,0.23,0.8214,592,0.22,0.7857,20,0.23,0.8214,1,0.225,0.8035,134,0
IWM191129C163,2019-11-26,2019-11-26 09:37:15,0.23,0.8214,592,0.22,0.7857,20,0.23,0.8214,1,0.225,0.8035,134,0
IWM191129C163,2019-11-26,2019-11-26 09:37:16,0.23,0.8214,592,0.22,0.7857,20,0.23,0.8214,1,0.225,0.8035,134,0
IWM191129C163,2019-11-26,2019-11-26 09:37:17,0.23,0.8214,455,0.22,0.7857,10,0.23,0.8214,1,0.225,0.8035,134,0
IWM191129C163,2019-11-26,2019-11-26 09:37:17,0.22,0.7857,51,0.21,0.75,309,0.23,0.8214,1,0.215,0.7678,134,0
IWM191129C163,2019-11-26,2019-11-26 09:37:18,0.22,0.7857,352,0.21,0.75,361,0.23,0.8214,1,0.215,0.7678,134,0
IWM191129C163,2019-11-26,2019-11-26 09:37:19,0.22,0.7857,511,0.21,0.75,361,0.23,0.8214,1,0.215,0.7678,134,0
IWM191129C163,2019-11-26,2019-11-26 09:37:19,0.22,0.7857,511,0.21,0.75,363,0.23,0.8214,1,0.215,0.7678,134,0
IWM191129C163,2019-11-26,2019-11-26 09:37:20,0.23,0.8214,379,0.21,0.75,368,0.23,0.8214,1,0.22,0.7857,134,0
IWM191129C163,2019-11-26,2019-11-26 09:37:20,0.23,0.8214,447,0.21,0.75,368,0.23,0.8214,1,0.22,0.7857,134,0
IWM191129C163,2019-11-26,2019-11-26 09:37:21,0.23,0.8214,447,0.21,0.75,386,0.23,0.8214,1,0.22,0.7857,134,0
IWM191129C163,2019-11-26,2019-11-26 09:37:21,0.23,0.8214,447,0.21,0.75,618,0.23,0.8214,1,0.22,0.7857,134,0
IWM191129C163,2019-11-26,2019-11-26 09:37:22,0.23,0.8214,447,0.22,0.7857,20,0.23,0.8214,1,0.225,0.8035,134,0
IWM191129C163,2019-11-26,2019-11-26 09:37:23,0.23,0.8214,447,0.22,0.7857,20,0.23,0.8214,1,0.225,0.8035,134,0
IWM191129C163,2019-11-26,2019-11-26 09:37:23,0.23,0.8214,454,0.22,0.7857,20,0.23,0.8214,1,0.225,0.8035,134,0
IWM191129C163,2019-11-26,2019-11-26 09:37:24,0.23,0.8214,447,0.22,0.7857,20,0.23,0.8214,1,0.225,0.8035,134,0
IWM191129C163,2019-11-26,2019-11-26 09:37:24,0.23,0.8214,480,0.22,0.7857,54,0.23,0.8214,1,0.225,0.8035,134,0
IWM191129C163,2019-11-26,2019-11-26 09:37:25,0.23,0.8214,480,0.22,0.7857,54,0.23,0.8214,1,0.225,0.8035,134,0
IWM191129C163,2019-11-26,2019-11-26 09:37:26,0.23,0.8214,480,0.22,0.7857,92,0.23,0.8214,1,0.225,0.8035,134,0
IWM191129C163,2019-11-26,2019-11-26 09:37:26,0.23,0.8214,480,0.22,0.7857,231,0.23,0.8214,1,0.225,0.8035,134,0
IWM191129C163,2019-11-26,2019-11-26 09:37:27,0.23,0.8214,480,0.22,0.7857,107,0.23,0.8214,1,0.225,0.8035,134,0
IWM191129C163,2019-11-26,2019-11-26 09:37:27,0.23,0.8214,480,0.22,0.7857,78,0.23,0.8214,1,0.225,0.8035,134,0
IWM191129C163,2019-11-26,2019-11-26 09:37:28,0.23,0.8214,704,0.22,0.7857,92,0.23,0.8214,1,0.225,0.8035,134,0
IWM191129C163,2019-11-26,2019-11-26 09:37:29,0.23,0.8214,331,0.22,0.7857,92,0.23,0.8214,1,0.225,0.8035,134,0
IWM191129C163,2019-11-26,2019-11-26 09:37:30,0.23,0.8214,531,0.22,0.7857,304,0.23,0.8214,1,0.225,0.8035,134,0
IWM191129C163,2019-11-26,2019-11-26 09:37:30,0.23,0.8214,322,0.22,0.7857,304,0.23,0.8214,1,0.225,0.8035,134,0
IWM191129C163,2019-11-26,2019-11-26 09:37:31,0.23,0.8214,151,0.22,0.7857,304,0.23,0.8214,1,0.225,0.8035,134,0
IWM191129C163,2019-11-26,2019-11-26 09:37:31,0.23,0.8214,537,0.22,0.7857,304,0.23,0.8214,1,0.225,0.8035,134,0
IWM191129C163,2019-11-26,2019-11-26 09:37:32,0.23,0.8214,593,0.22,0.7857,282,0.23,0.8214,1,0.225,0.8035,134,0
IWM191129C163,2019-11-26,2019-11-26 09:37:32,0.23,0.8214,593,0.22,0.7857,75,0.23,0.8214,1,0.225,0.8035,134,0
IWM191129C163,2019-11-26,2019-11-26 09:37:33,0.23,0.8214,593,0.22,0.7857,20,0.23,0.8214,1,0.225,0.8035,134,0
IWM191129C163,2019-11-26,2019-11-26 09:37:33,0.23,0.8214,593,0.22,0.7857,171,0.23,0.8214,1,0.225,0.8035,134,0
IWM191129C163,2019-11-26,2019-11-26 09:37:34,0.23,0.8214,593,0.22,0.7857,20,0.23,0.8214,1,0.225,0.8035,134,0
IWM191129C163,2019-11-26,2019-11-26 09:37:34,0.23,0.8214,751,0.21,0.75,516,0.23,0.8214,1,0.22,0.7857,134,0
IWM191129C163,2019-11-26,2019-11-26 09:37:35,0.23,0.8214,754,0.21,0.75,573,0.23,0.8214,1,0.22,0.7857,134,0
IWM191129C163,2019-11-26,2019-11-26 09:37:35,0.23,0.8214,844,0.21,0.75,253,0.23,0.8214,1,0.22,0.7857,134,0
IWM191129C163,2019-11-26,2019-11-26 09:37:36,0.23,0.8214,754,0.22,0.7857,50,0.23,0.8214,1,0.225,0.8035,134,0
IWM191129C163,2019-11-26,2019-11-26 09:37:37,0.23,0.8214,735,0.22,0.7857,223,0.23,0.8214,1,0.225,0.8035,134,0
IWM191129C163,2019-11-26,2019-11-26 09:37:38,0.23,0.8214,634,0.22,0.7857,80,0.23,0.8214,1,0.225,0.8035,134,0
IWM191129C163,2019-11-26,2019-11-26 09:37:38,0.23,0.8214,766,0.22,0.7857,223,0.23,0.8214,1,0.225,0.8035,134,0
IWM191129C163,2019-11-26,2019-11-26 09:37:39,0.23,0.8214,663,0.22,0.7857,130,0.23,0.8214,1,0.225,0.8035,134,0
IWM191129C163,2019-11-26,2019-11-26 09:37:39,0.23,0.8214,593,0.22,0.7857,276,0.23,0.8214,1,0.225,0.8035,134,0
IWM191129C163,2019-11-26,2019-11-26 09:37:40,0.23,0.8214,593,0.22,0.7857,252,0.23,0.8214,1,0.225,0.8035,134,0
IWM191129C163,2019-11-26,2019-11-26 09:37:40,0.23,0.8214,610,0.22,0.7857,252,0.23,0.8214,1,0.225,0.8035,134,0
IWM191129C163,2019-11-26,2019-11-26 09:37:41,0.23,0.8214,612,0.22,0.7857,289,0.23,0.8214,1,0.225,0.8035,134,0
IWM191129C163,2019-11-26,2019-11-26 09:37:41,0.23,0.8214,612,0.22,0.7857,252,0.23,0.8214,1,0.225,0.8035,134,0
IWM191129C163,2019-11-26,2019-11-26 09:37:42,0.23,0.8214,612,0.22,0.7857,289,0.23,0.8214,1,0.225,0.8035,134,0
IWM191129C163,2019-11-26,2019-11-26 09:37:42,0.23,0.8214,46,0.22,0.7857,160,0.23,0.8214,1,0.225,0.8035,134,0
IWM191129C163,2019-11-26,2019-11-26 09:37:43,0.23,0.8214,193,0.22,0.7857,127,0.23,0.8214,1,0.225,0.8035,134,0
IWM191129C163,2019-11-26,2019-11-26 09:37:43,0.23,0.8214,608,0.22,0.7857,134,0.23,0.8214,1,0.225,0.8035,134,0
IWM191129C163,2019-11-26,2019-11-26 09:37:44,0.23,0.8214,37,0.22,0.7857,414,0.23,0.8214,1,0.225,0.8035,134,0
IWM191129C163,2019-11-26,2019-11-26 09:37:44,0.23,0.8214,608,0.22,0.7857,127,0.23,0.8214,1,0.225,0.8035,134,0
IWM191129C163,2019-11-26,2019-11-26 09:37:45,0.24,0.8571,427,0.23,0.8214,30,0.23,0.8214,1,0.235,0.8392,134,0
IWM191129C163,2019-11-26,2019-11-26 09:37:45,0.24,0.8571,787,0.23,0.8214,127,0.23,0.8214,1,0.235,0.8392,134,0
IWM191129C163,2019-11-26,2019-11-26 09:37:46,0.24,0.8571,787,0.23,0.8214,223,0.23,0.8214,1,0.235,0.8392,134,0
IWM191129C163,2019-11-26,2019-11-26 09:37:47,0.24,0.8571,552,0.23,0.8214,353,0.23,0.8214,1,0.235,0.8392,134,0
IWM191129C163,2019-11-26,2019-11-26 09:37:48,0.24,0.8571,749,0.23,0.8214,277,0.23,0.8214,1,0.235,0.8392,134,0
IWM191129C163,2019-11-26,2019-11-26 09:37:48,0.24,0.8571,552,0.23,0.8214,277,0.23,0.8214,1,0.235,0.8392,134,0
IWM191129C163,2019-11-26,2019-11-26 09:37:49,0.24,0.8571,749,0.23,0.8214,277,0.23,0.8214,1,0.235,0.8392,134,0
IWM191129C163,2019-11-26,2019-11-26 09:37:50,0.24,0.8571,749,0.23,0.8214,277,0.23,0.8214,1,0.235,0.8392,134,0
IWM191129C163,2019-11-26,2019-11-26 09:37:51,0.24,0.8571,749,0.23,0.8214,196,0.23,0.8214,1,0.235,0.8392,134,0
IWM191129C163,2019-11-26,2019-11-26 09:37:52,0.24,0.8571,749,0.23,0.8214,60,0.23,0.8214,1,0.235,0.8392,134,0
IWM191129C163,2019-11-26,2019-11-26 09:37:52,0.24,0.8571,749,0.23,0.8214,196,0.23,0.8214,1,0.235,0.8392,134,0
IWM191129C163,2019-11-26,2019-11-26 09:37:53,0.23,0.8214,741,0.22,0.7857,82,0.23,0.8214,1,0.225,0.8035,134,0
IWM191129C163,2019-11-26,2019-11-26 09:37:53,0.23,0.8214,554,0.22,0.7857,80,0.23,0.8214,1,0.225,0.8035,134,0
IWM191129C163,2019-11-26,2019-11-26 09:37:54,0.23,0.8214,794,0.22,0.7857,243,0.23,0.8214,1,0.225,0.8035,134,0
IWM191129C163,2019-11-26,2019-11-26 09:37:55,0.23,0.8214,794,0.22,0.7857,243,0.23,0.8214,1,0.225,0.8035,134,0
IWM191129C163,2019-11-26,2019-11-26 09:37:55,0.23,0.8214,794,0.22,0.7857,252,0.23,0.8214,1,0.225,0.8035,134,0
IWM191129C163,2019-11-26,2019-11-26 09:37:56,0.23,0.8214,288,0.22,0.7857,291,0.23,0.8214,1,0.225,0.8035,134,0
IWM191129C163,2019-11-26,2019-11-26 09:37:56,0.23,0.8214,794,0.22,0.7857,276,0.23,0.8214,1,0.225,0.8035,134,0
IWM191129C163,2019-11-26,2019-11-26 09:37:57,0.23,0.8214,288,0.22,0.7857,112,0.23,0.8214,1,0.225,0.8035,134,0
IWM191129C163,2019-11-26,2019-11-26 09:37:57,0.23,0.8214,288,0.22,0.7857,258,0.23,0.8214,1,0.225,0.8035,134,0
IWM191129C163,2019-11-26,2019-11-26 09:37:58,0.23,0.8214,159,0.22,0.7857,298,0.23,0.8214,1,0.225,0.8035,134,0
IWM191129C163,2019-11-26,2019-11-26 09:37:59,0.23,0.8214,159,0.22,0.7857,352,0.23,0.8214,1,0.225,0.8035,134,0
IWM191129C163,2019-11-26,2019-11-26 09:37:59,0.23,0.8214,97,0.22,0.7857,413,0.23,0.8214,1,0.225,0.8035,134,0
IWM191129C163,2019-11-26,2019-11-26 09:38:00,0.23,0.8214,65,0.22,0.7857,480,0.23,0.8214,1,0.225,0.8035,134,0
IWM191129C163,2019-11-26,2019-11-26 09:38:00,0.23,0.8214,84,0.22,0.7857,413,0.23,0.8214,1,0.225,0.8035,134,0
IWM191129C163,2019-11-26,2019-11-26 09:38:01,0.23,0.8214,65,0.22,0.7857,480,0.23,0.8214,1,0.225,0.8035,134,0
IWM191129C163,2019-11-26,2019-11-26 09:38:02,0.23,0.8214,65,0.22,0.7857,480,0.23,0.8214,1,0.225,0.8035,134,0
IWM191129C163,2019-11-26,2019-11-26 09:38:02,0.23,0.8214,23,0.22,0.7857,458,0.23,0.8214,1,0.225,0.8035,134,0
IWM191129C163,2019-11-26,2019-11-26 09:38:03,0.24,0.8571,756,0.23,0.8214,200,0.23,0.8214,1,0.235,0.8392,134,0
IWM191129C163,2019-11-26,2019-11-26 09:38:03,0.24,0.8571,756,0.23,0.8214,60,0.23,0.8214,1,0.235,0.8392,134,0
IWM191129C163,2019-11-26,2019-11-26 09:38:04,0.24,0.8571,756,0.23,0.8214,60,0.23,0.8214,1,0.235,0.8392,134,0
IWM191129C163,2019-11-26,2019-11-26 09:38:04,0.24,0.8571,756,0.23,0.8214,20,0.23,0.8214,1,0.235,0.8392,134,0
IWM191129C163,2019-11-26,2019-11-26 09:38:05,0.24,0.8571,756,0.23,0.8214,20,0.23,0.8214,1,0.235,0.8392,134,0
IWM191129C163,2019-11-26,2019-11-26 09:38:06,0.24,0.8571,756,0.23,0.8214,20,0.23,0.8214,1,0.235,0.8392,134,0
IWM191129C163,2019-11-26,2019-11-26 09:38:07,0.23,0.8214,120,0.22,0.7857,299,0.22,0.7857,3,0.225,0.8035,137,3
IWM191129C163,2019-11-26,2019-11-26 09:38:07,0.23,0.8214,461,0.22,0.7857,278,0.22,0.7857,3,0.225,0.8035,137,0
IWM191129C163,2019-11-26,2019-11-26 09:38:08,0.23,0.8214,461,0.22,0.7857,289,0.22,0.7857,3,0.225,0.8035,137,0
IWM191129C163,2019-11-26,2019-11-26 09:38:08,0.23,0.8214,461,0.22,0.7857,106,0.22,0.7857,3,0.225,0.8035,137,0
IWM191129C163,2019-11-26,2019-11-26 09:38:09,0.23,0.8214,461,0.22,0.7857,101,0.22,0.7857,3,0.225,0.8035,137,0
IWM191129C163,2019-11-26,2019-11-26 09:38:09,0.23,0.8214,461,0.22,0.7857,289,0.22,0.7857,3,0.225,0.8035,137,0
IWM191129C163,2019-11-26,2019-11-26 09:38:10,0.23,0.8214,461,0.22,0.7857,96,0.22,0.7857,3,0.225,0.8035,137,0
IWM191129C163,2019-11-26,2019-11-26 09:38:10,0.23,0.8214,461,0.22,0.7857,289,0.22,0.7857,3,0.225,0.8035,137,0
IWM191129C163,2019-11-26,2019-11-26 09:38:11,0.23,0.8214,461,0.22,0.7857,279,0.22,0.7857,3,0.225,0.8035,137,0
IWM191129C163,2019-11-26,2019-11-26 09:38:11,0.23,0.8214,461,0.22,0.7857,96,0.22,0.7857,3,0.225,0.8035,137,0
IWM191129C163,2019-11-26,2019-11-26 09:38:12,0.23,0.8214,461,0.22,0.7857,252,0.22,0.7857,3,0.225,0.8035,137,0
IWM191129C163,2019-11-26,2019-11-26 09:38:12,0.23,0.8214,461,0.22,0.7857,96,0.22,0.7857,3,0.225,0.8035,137,0
IWM191129C163,2019-11-26,2019-11-26 09:38:13,0.23,0.8214,31,0.22,0.7857,424,0.22,0.7857,3,0.225,0.8035,137,0
IWM191129C163,2019-11-26,2019-11-26 09:38:13,0.24,0.8571,426,0.22,0.7857,481,0.22,0.7857,3,0.23,0.8214,137,0
IWM191129C163,2019-11-26,2019-11-26 09:38:14,0.24,0.8571,426,0.22,0.7857,394,0.22,0.7857,3,0.23,0.8214,137,0
IWM191129C163,2019-11-26,2019-11-26 09:38:15,0.23,0.8214,171,0.22,0.7857,365,0.22,0.7857,3,0.225,0.8035,137,0
IWM191129C163,2019-11-26,2019-11-26 09:38:15,0.24,0.8571,426,0.22,0.7857,308,0.22,0.7857,3,0.23,0.8214,137,0
IWM191129C163,2019-11-26,2019-11-26 09:38:16,0.23,0.8214,99,0.22,0.7857,391,0.22,0.7857,3,0.225,0.8035,137,0
IWM191129C163,2019-11-26,2019-11-26 09:38:16,0.23,0.8214,96,0.22,0.7857,391,0.22,0.7857,3,0.225,0.8035,137,0
IWM191129C163,2019-11-26,2019-11-26 09:38:17,0.23,0.8214,99,0.22,0.7857,308,0.22,0.7857,3,0.225,0.8035,137,0
IWM191129C163,2019-11-26,2019-11-26 09:38:17,0.23,0.8214,477,0.22,0.7857,308,0.22,0.7857,3,0.225,0.8035,137,0
IWM191129C163,2019-11-26,2019-11-26 09:38:18,0.23,0.8214,477,0.22,0.7857,96,0.22,0.7857,3,0.225,0.8035,137,0
IWM191129C163,2019-11-26,2019-11-26 09:38:18,0.23,0.8214,712,0.22,0.7857,258,0.22,0.7857,3,0.225,0.8035,137,0
IWM191129C163,2019-11-26,2019-11-26 09:38:19,0.23,0.8214,764,0.22,0.7857,258,0.22,0.7857,3,0.225,0.8035,137,0
IWM191129C163,2019-11-26,2019-11-26 09:38:20,0.23,0.8214,764,0.22,0.7857,258,0.22,0.7857,3,0.225,0.8035,137,0
IWM191129C163,2019-11-26,2019-11-26 09:38:21,0.23,0.8214,61,0.22,0.7857,500,0.22,0.7857,3,0.225,0.8035,137,0
IWM191129C163,2019-11-26,2019-11-26 09:38:22,0.23,0.8214,61,0.22,0.7857,500,0.22,0.7857,3,0.225,0.8035,137,0
IWM191129C163,2019-11-26,2019-11-26 09:38:22,0.23,0.8214,93,0.22,0.7857,500,0.22,0.7857,3,0.225,0.8035,137,0
IWM191129C163,2019-11-26,2019-11-26 09:38:23,0.23,0.8214,61,0.22,0.7857,500,0.22,0.7857,3,0.225,0.8035,137,0
IWM191129C163,2019-11-26,2019-11-26 09:38:23,0.23,0.8214,61,0.22,0.7857,476,0.22,0.7857,3,0.225,0.8035,137,0
IWM191129C163,2019-11-26,2019-11-26 09:38:24,0.23,0.8214,115,0.22,0.7857,500,0.22,0.7857,3,0.225,0.8035,137,0
IWM191129C163,2019-11-26,2019-11-26 09:38:24,0.23,0.8214,119,0.22,0.7857,500,0.22,0.7857,3,0.225,0.8035,137,0
IWM191129C163,2019-11-26,2019-11-26 09:38:25,0.23,0.8214,61,0.22,0.7857,500,0.22,0.7857,3,0.225,0.8035,137,0
IWM191129C163,2019-11-26,2019-11-26 09:38:25,0.23,0.8214,115,0.22,0.7857,500,0.22,0.7857,3,0.225,0.8035,137,0
IWM191129C163,2019-11-26,2019-11-26 09:38:26,0.23,0.8214,42,0.22,0.7857,500,0.22,0.7857,3,0.225,0.8035,137,0
IWM191129C163,2019-11-26,2019-11-26 09:38:26,0.23,0.8214,103,0.22,0.7857,500,0.22,0.7857,3,0.225,0.8035,137,0
IWM191129C163,2019-11-26,2019-11-26 09:38:27,0.24,0.8571,628,0.23,0.8214,77,0.22,0.7857,3,0.235,0.8392,137,0
IWM191129C163,2019-11-26,2019-11-26 09:38:27,0.24,0.8571,628,0.23,0.8214,60,0.22,0.7857,3,0.235,0.8392,137,0
IWM191129C163,2019-11-26,2019-11-26 09:38:28,0.23,0.8214,77,0.22,0.7857,165,0.22,0.7857,3,0.225,0.8035,137,0
IWM191129C163,2019-11-26,2019-11-26 09:38:28,0.24,0.8571,900,0.23,0.8214,60,0.22,0.7857,3,0.235,0.8392,137,0
IWM191129C163,2019-11-26,2019-11-26 09:38:29,0.23,0.8214,174,0.22,0.7857,305,0.22,0.7857,3,0.225,0.8035,137,0
IWM191129C163,2019-11-26,2019-11-26 09:38:29,0.23,0.8214,264,0.22,0.7857,305,0.22,0.7857,3,0.225,0.8035,137,0
IWM191129C163,2019-11-26,2019-11-26 09:38:30,0.23,0.8214,102,0.22,0.7857,305,0.22,0.7857,3,0.225,0.8035,137,0
IWM191129C163,2019-11-26,2019-11-26 09:38:30,0.23,0.8214,98,0.22,0.7857,305,0.22,0.7857,3,0.225,0.8035,137,0
IWM191129C163,2019-11-26,2019-11-26 09:38:31,0.23,0.8214,98,0.22,0.7857,436,0.22,0.7857,3,0.225,0.8035,137,0
IWM191129C163,2019-11-26,2019-11-26 09:38:31,0.23,0.8214,76,0.22,0.7857,436,0.22,0.7857,3,0.225,0.8035,137,0
IWM191129C163,2019-11-26,2019-11-26 09:38:32,0.24,0.8571,679,0.22,0.7857,548,0.22,0.7857,3,0.23,0.8214,137,0
IWM191129C163,2019-11-26,2019-11-26 09:38:32,0.23,0.8214,11,0.22,0.7857,548,0.22,0.7857,3,0.225,0.8035,137,0
IWM191129C163,2019-11-26,2019-11-26 09:38:33,0.23,0.8214,51,0.22,0.7857,499,0.22,0.7857,3,0.225,0.8035,137,0
IWM191129C163,2019-11-26,2019-11-26 09:38:33,0.23,0.8214,51,0.22,0.7857,386,0.22,0.7857,3,0.225,0.8035,137,0
IWM191129C163,2019-11-26,2019-11-26 09:38:34,0.23,0.8214,538,0.22,0.7857,386,0.22,0.7857,3,0.225,0.8035,137,0
IWM191129C163,2019-11-26,2019-11-26 09:38:34,0.23,0.8214,71,0.22,0.7857,386,0.22,0.7857,3,0.225,0.8035,137,0
IWM191129C163,2019-11-26,2019-11-26 09:38:35,0.23,0.8214,313,0.22,0.7857,386,0.22,0.7857,3,0.225,0.8035,137,0
IWM191129C163,2019-11-26,2019-11-26 09:38:35,0.23,0.8214,356,0.22,0.7857,386,0.22,0.7857,3,0.225,0.8035,137,0
IWM191129C163,2019-11-26,2019-11-26 09:38:36,0.23,0.8214,678,0.22,0.7857,207,0.22,0.7857,3,0.225,0.8035,137,0
IWM191129C163,2019-11-26,2019-11-26 09:38:36,0.23,0.8214,356,0.22,0.7857,305,0.22,0.7857,3,0.225,0.8035,137,0
IWM191129C163,2019-11-26,2019-11-26 09:38:37,0.23,0.8214,667,0.22,0.7857,323,0.22,0.7857,3,0.225,0.8035,137,0
IWM191129C163,2019-11-26,2019-11-26 09:38:38,0.23,0.8214,667,0.22,0.7857,323,0.22,0.7857,3,0.225,0.8035,137,0
IWM191129C163,2019-11-26,2019-11-26 09:38:39,0.23,0.8214,668,0.22,0.7857,323,0.22,0.7857,3,0.225,0.8035,137,0
IWM191129C163,2019-11-26,2019-11-26 09:38:39,0.23,0.8214,667,0.22,0.7857,335,0.22,0.7857,3,0.225,0.8035,137,0
IWM191129C163,2019-11-26,2019-11-26 09:38:40,0.23,0.8214,668,0.22,0.7857,359,0.22,0.7857,3,0.225,0.8035,137,0
IWM191129C163,2019-11-26,2019-11-26 09:38:40,0.23,0.8214,668,0.22,0.7857,323,0.22,0.7857,3,0.225,0.8035,137,0
IWM191129C163,2019-11-26,2019-11-26 09:38:41,0.23,0.8214,668,0.22,0.7857,323,0.22,0.7857,3,0.225,0.8035,137,0
IWM191129C163,2019-11-26,2019-11-26 09:38:42,0.23,0.8214,668,0.22,0.7857,323,0.22,0.7857,3,0.225,0.8035,137,0
IWM191129C163,2019-11-26,2019-11-26 09:38:43,0.23,0.8214,668,0.22,0.7857,323,0.22,0.7857,3,0.225,0.8035,137,0
IWM191129C163,2019-11-26,2019-11-26 09:38:44,0.23,0.8214,669,0.22,0.7857,323,0.22,0.7857,3,0.225,0.8035,137,0
IWM191129C163,2019-11-26,2019-11-26 09:38:45,0.23,0.8214,669,0.22,0.7857,323,0.22,0.7857,3,0.225,0.8035,137,0
IWM191129C163,2019-11-26,2019-11-26 09:38:46,0.23,0.8214,669,0.22,0.7857,323,0.22,0.7857,3,0.225,0.8035,137,0
IWM191129C163,2019-11-26,2019-11-26 09:38:47,0.23,0.8214,669,0.22,0.7857,359,0.22,0.7857,3,0.225,0.8035,137,0
IWM191129C163,2019-11-26,2019-11-26 09:38:47,0.23,0.8214,669,0.22,0.7857,323,0.22,0.7857,3,0.225,0.8035,137,0
IWM191129C163,2019-11-26,2019-11-26 09:38:48,0.23,0.8214,469,0.22,0.7857,289,0.22,0.7857,3,0.225,0.8035,137,0
IWM191129C163,2019-11-26,2019-11-26 09:38:48,0.23,0.8214,747,0.22,0.7857,218,0.22,0.7857,3,0.225,0.8035,137,0
IWM191129C163,2019-11-26,2019-11-26 09:38:49,0.23,0.8214,747,0.22,0.7857,218,0.22,0.7857,3,0.225,0.8035,137,0
IWM191129C163,2019-11-26,2019-11-26 09:38:50,0.23,0.8214,747,0.22,0.7857,218,0.22,0.7857,3,0.225,0.8035,137,0
IWM191129C163,2019-11-26,2019-11-26 09:38:51,0.23,0.8214,755,0.22,0.7857,218,0.22,0.7857,3,0.225,0.8035,137,0
IWM191129C163,2019-11-26,2019-11-26 09:38:51,0.23,0.8214,747,0.22,0.7857,218,0.22,0.7857,3,0.225,0.8035,137,0
IWM191129C163,2019-11-26,2019-11-26 09:38:52,0.23,0.8214,755,0.22,0.7857,218,0.22,0.7857,3,0.225,0.8035,137,0
IWM191129C163,2019-11-26,2019-11-26 09:38:53,0.23,0.8214,689,0.22,0.7857,218,0.22,0.7857,3,0.225,0.8035,137,0
IWM191129C163,2019-11-26,2019-11-26 09:38:54,0.23,0.8214,649,0.22,0.7857,218,0.22,0.7857,3,0.225,0.8035,137,0
IWM191129C163,2019-11-26,2019-11-26 09:38:54,0.23,0.8214,689,0.22,0.7857,243,0.22,0.7857,3,0.225,0.8035,137,0
IWM191129C163,2019-11-26,2019-11-26 09:38:55,0.23,0.8214,649,0.22,0.7857,218,0.22,0.7857,3,0.225,0.8035,137,0
IWM191129C163,2019-11-26,2019-11-26 09:38:55,0.23,0.8214,689,0.22,0.7857,19,0.22,0.7857,1,0.225,0.8035,138,1
IWM191129C163,2019-11-26,2019-11-26 09:38:56,0.23,0.8214,689,0.22,0.7857,29,0.22,0.7857,1,0.225,0.8035,138,0
IWM191129C163,2019-11-26,2019-11-26 09:38:56,0.23,0.8214,666,0.21,0.75,472,0.22,0.7857,1,0.22,0.7857,138,0
IWM191129C163,2019-11-26,2019-11-26 09:38:57,0.23,0.8214,666,0.21,0.75,463,0.22,0.7857,1,0.22,0.7857,138,0
IWM191129C163,2019-11-26,2019-11-26 09:38:57,0.23,0.8214,745,0.21,0.75,472,0.22,0.7857,1,0.22,0.7857,138,0
IWM191129C163,2019-11-26,2019-11-26 09:38:58,0.23,0.8214,666,0.21,0.75,463,0.22,0.7857,1,0.22,0.7857,138,0
IWM191129C163,2019-11-26,2019-11-26 09:38:59,0.23,0.8214,666,0.22,0.7857,83,0.22,0.7857,1,0.225,0.8035,138,0
IWM191129C163,2019-11-26,2019-11-26 09:38:59,0.23,0.8214,666,0.22,0.7857,147,0.22,0.7857,1,0.225,0.8035,138,0
IWM191129C163,2019-11-26,2019-11-26 09:39:00,0.23,0.8214,666,0.22,0.7857,202,0.22,0.7857,1,0.225,0.8035,138,0
IWM191129C163,2019-11-26,2019-11-26 09:39:00,0.23,0.8214,381,0.22,0.7857,202,0.22,0.7857,1,0.225,0.8035,138,0
IWM191129C163,2019-11-26,2019-11-26 09:39:01,0.23,0.8214,654,0.22,0.7857,362,0.22,0.7857,1,0.225,0.8035,138,0
IWM191129C163,2019-11-26,2019-11-26 09:39:02,0.23,0.8214,655,0.22,0.7857,362,0.22,0.7857,1,0.225,0.8035,138,0
IWM191129C163,2019-11-26,2019-11-26 09:39:02,0.23,0.8214,668,0.22,0.7857,362,0.22,0.7857,1,0.225,0.8035,138,0
IWM191129C163,2019-11-26,2019-11-26 09:39:03,0.23,0.8214,655,0.22,0.7857,362,0.22,0.7857,1,0.225,0.8035,138,0
IWM191129C163,2019-11-26,2019-11-26 09:39:04,0.23,0.8214,645,0.22,0.7857,362,0.22,0.7857,1,0.225,0.8035,138,0
IWM191129C163,2019-11-26,2019-11-26 09:39:04,0.23,0.8214,645,0.22,0.7857,297,0.22,0.7857,1,0.225,0.8035,138,0
IWM191129C163,2019-11-26,2019-11-26 09:39:05,0.23,0.8214,477,0.22,0.7857,87,0.22,0.7857,1,0.225,0.8035,138,0
IWM191129C163,2019-11-26,2019-11-26 09:39:05,0.23,0.8214,477,0.22,0.7857,172,0.22,0.7857,1,0.225,0.8035,138,0
IWM191129C163,2019-11-26,2019-11-26 09:39:06,0.23,0.8214,477,0.22,0.7857,57,0.22,0.7857,1,0.225,0.8035,138,0
IWM191129C163,2019-11-26,2019-11-26 09:39:06,0.23,0.8214,477,0.22,0.7857,20,0.22,0.7857,1,0.225,0.8035,138,0
IWM191129C163,2019-11-26,2019-11-26 09:39:07,0.23,0.8214,685,0.21,0.75,436,0.22,0.7857,1,0.22,0.7857,138,0
IWM191129C163,2019-11-26,2019-11-26 09:39:07,0.23,0.8214,477,0.22,0.7857,20,0.22,0.7857,1,0.225,0.8035,138,0
IWM191129C163,2019-11-26,2019-11-26 09:39:08,0.23,0.8214,694,0.21,0.75,453,0.22,0.7857,1,0.22,0.7857,138,0
IWM191129C163,2019-11-26,2019-11-26 09:39:08,0.23,0.8214,694,0.21,0.75,417,0.22,0.7857,1,0.22,0.7857,138,0
IWM191129C163,2019-11-26,2019-11-26 09:39:09,0.22,0.7857,100,0.21,0.75,399,0.22,0.7857,1,0.215,0.7678,138,0
IWM191129C163,2019-11-26,2019-11-26 09:39:09,0.23,0.8214,266,0.21,0.75,297,0.22,0.7857,1,0.22,0.7857,138,0
IWM191129C163,2019-11-26,2019-11-26 09:39:10,0.23,0.8214,609,0.22,0.7857,91,0.22,0.7857,1,0.225,0.8035,138,0
IWM191129C163,2019-11-26,2019-11-26 09:39:10,0.23,0.8214,302,0.22,0.7857,91,0.22,0.7857,1,0.225,0.8035,138,0
IWM191129C163,2019-11-26,2019-11-26 09:39:11,0.23,0.8214,528,0.22,0.7857,350,0.22,0.7857,1,0.225,0.8035,138,0
IWM191129C163,2019-11-26,2019-11-26 09:39:12,0.23,0.8214,528,0.22,0.7857,314,0.22,0.7857,1,0.225,0.8035,138,0
IWM191129C163,2019-11-26,2019-11-26 09:39:13,0.23,0.8214,528,0.22,0.7857,319,0.22,0.7857,1,0.225,0.8035,138,0
IWM191129C163,2019-11-26,2019-11-26 09:39:13,0.23,0.8214,528,0.22,0.7857,175,0.22,0.7857,1,0.225,0.8035,138,0
IWM191129C163,2019-11-26,2019-11-26 09:39:14,0.23,0.8214,528,0.22,0.7857,319,0.22,0.7857,1,0.225,0.8035,138,0
IWM191129C163,2019-11-26,2019-11-26 09:39:15,0.23,0.8214,886,0.22,0.7857,319,0.22,0.7857,1,0.225,0.8035,138,0
IWM191129C163,2019-11-26,2019-11-26 09:39:15,0.23,0.8214,886,0.22,0.7857,272,0.22,0.7857,1,0.225,0.8035,138,0
IWM191129C163,2019-11-26,2019-11-26 09:39:16,0.23,0.8214,886,0.22,0.7857,238,0.22,0.7857,1,0.225,0.8035,138,0
IWM191129C163,2019-11-26,2019-11-26 09:39:17,0.23,0.8214,886,0.22,0.7857,217,0.22,0.7857,1,0.225,0.8035,138,0
IWM191129C163,2019-11-26,2019-11-26 09:39:17,0.23,0.8214,886,0.22,0.7857,238,0.22,0.7857,1,0.225,0.8035,138,0
IWM191129C163,2019-11-26,2019-11-26 09:39:18,0.23,0.8214,528,0.22,0.7857,294,0.22,0.7857,1,0.225,0.8035,138,0
IWM191129C163,2019-11-26,2019-11-26 09:39:18,0.23,0.8214,528,0.22,0.7857,87,0.22,0.7857,1,0.225,0.8035,138,0
IWM191129C163,2019-11-26,2019-11-26 09:39:19,0.23,0.8214,528,0.22,0.7857,87,0.22,0.7857,1,0.225,0.8035,138,0
IWM191129C163,2019-11-26,2019-11-26 09:39:19,0.23,0.8214,854,0.22,0.7857,124,0.22,0.7857,1,0.225,0.8035,138,0
IWM191129C163,2019-11-26,2019-11-26 09:39:20,0.23,0.8214,854,0.22,0.7857,173,0.22,0.7857,1,0.225,0.8035,138,0
IWM191129C163,2019-11-26,2019-11-26 09:39:20,0.23,0.8214,854,0.22,0.7857,51,0.22,0.7857,1,0.225,0.8035,138,0
IWM191129C163,2019-11-26,2019-11-26 09:39:21,0.23,0.8214,854,0.21,0.75,507,0.22,0.7857,1,0.22,0.7857,138,0
IWM191129C163,2019-11-26,2019-11-26 09:39:21,0.23,0.8214,559,0.21,0.75,453,0.22,0.7857,1,0.22,0.7857,138,0
IWM191129C163,2019-11-26,2019-11-26 09:39:22,0.23,0.8214,925,0.21,0.75,453,0.22,0.7857,1,0.22,0.7857,138,0
IWM191129C163,2019-11-26,2019-11-26 09:39:23,0.22,0.7857,361,0.21,0.75,404,0.22,0.7857,1,0.215,0.7678,138,0
IWM191129C163,2019-11-26,2019-11-26 09:39:23,0.22,0.7857,486,0.21,0.75,404,0.22,0.7857,1,0.215,0.7678,138,0
IWM191129C163,2019-11-26,2019-11-26 09:39:24,0.22,0.7857,552,0.21,0.75,341,0.22,0.7857,1,0.215,0.7678,138,0
IWM191129C163,2019-11-26,2019-11-26 09:39:24,0.22,0.7857,1096,0.21,0.75,389,0.22,0.7857,1,0.215,0.7678,138,0
IWM191129C163,2019-11-26,2019-11-26 09:39:25,0.22,0.7857,367,0.21,0.75,272,0.22,0.7857,1,0.215,0.7678,138,0
IWM191129C163,2019-11-26,2019-11-26 09:39:25,0.22,0.7857,1096,0.21,0.75,332,0.22,0.7857,1,0.215,0.7678,138,0
IWM191129C163,2019-11-26,2019-11-26 09:39:26,0.22,0.7857,367,0.21,0.75,381,0.22,0.7857,1,0.215,0.7678,138,0
IWM191129C163,2019-11-26,2019-11-26 09:39:26,0.22,0.7857,367,0.21,0.75,275,0.22,0.7857,1,0.215,0.7678,138,0
IWM191129C163,2019-11-26,2019-11-26 09:39:27,0.22,0.7857,367,0.21,0.75,381,0.22,0.7857,1,0.215,0.7678,138,0
IWM191129C163,2019-11-26,2019-11-26 09:39:28,0.22,0.7857,367,0.21,0.75,381,0.22,0.7857,1,0.215,0.7678,138,0
IWM191129C163,2019-11-26,2019-11-26 09:39:29,0.22,0.7857,367,0.21,0.75,381,0.22,0.7857,1,0.215,0.7678,138,0
IWM191129C163,2019-11-26,2019-11-26 09:39:30,0.22,0.7857,367,0.21,0.75,381,0.22,0.7857,1,0.215,0.7678,138,0
IWM191129C163,2019-11-26,2019-11-26 09:39:31,0.22,0.7857,367,0.21,0.75,381,0.22,0.7857,1,0.215,0.7678,138,0
IWM191129C163,2019-11-26,2019-11-26 09:39:32,0.22,0.7857,367,0.21,0.75,381,0.22,0.7857,1,0.215,0.7678,138,0
IWM191129C163,2019-11-26,2019-11-26 09:39:33,0.22,0.7857,367,0.21,0.75,381,0.22,0.7857,1,0.215,0.7678,138,0
IWM191129C163,2019-11-26,2019-11-26 09:39:33,0.22,0.7857,437,0.21,0.75,381,0.22,0.7857,1,0.215,0.7678,138,0
IWM191129C163,2019-11-26,2019-11-26 09:39:34,0.22,0.7857,437,0.21,0.75,281,0.22,0.7857,1,0.215,0.7678,138,0
IWM191129C163,2019-11-26,2019-11-26 09:39:34,0.22,0.7857,437,0.21,0.75,226,0.22,0.7857,1,0.215,0.7678,138,0
IWM191129C163,2019-11-26,2019-11-26 09:39:35,0.22,0.7857,92,0.21,0.75,484,0.22,0.7857,1,0.215,0.7678,138,0
IWM191129C163,2019-11-26,2019-11-26 09:39:36,0.22,0.7857,75,0.21,0.75,515,0.22,0.7857,1,0.215,0.7678,138,0
IWM191129C163,2019-11-26,2019-11-26 09:39:36,0.22,0.7857,48,0.21,0.75,515,0.22,0.7857,1,0.215,0.7678,138,0
IWM191129C163,2019-11-26,2019-11-26 09:39:37,0.22,0.7857,104,0.21,0.75,479,0.22,0.7857,1,0.215,0.7678,138,0
IWM191129C163,2019-11-26,2019-11-26 09:39:37,0.22,0.7857,48,0.21,0.75,334,0.22,0.7857,1,0.215,0.7678,138,0
IWM191129C163,2019-11-26,2019-11-26 09:39:38,0.22,0.7857,48,0.21,0.75,438,0.22,0.7857,1,0.215,0.7678,138,0
IWM191129C163,2019-11-26,2019-11-26 09:39:38,0.22,0.7857,104,0.21,0.75,427,0.22,0.7857,1,0.215,0.7678,138,0
IWM191129C163,2019-11-26,2019-11-26 09:39:39,0.22,0.7857,282,0.21,0.75,75,0.22,0.7857,1,0.215,0.7678,138,0
IWM191129C163,2019-11-26,2019-11-26 09:39:39,0.22,0.7857,436,0.21,0.75,193,0.22,0.7857,1,0.215,0.7678,138,0
IWM191129C163,2019-11-26,2019-11-26 09:39:40,0.22,0.7857,436,0.21,0.75,234,0.22,0.7857,1,0.215,0.7678,138,0
IWM191129C163,2019-11-26,2019-11-26 09:39:41,0.22,0.7857,436,0.21,0.75,234,0.22,0.7857,1,0.215,0.7678,138,0
IWM191129C163,2019-11-26,2019-11-26 09:39:42,0.22,0.7857,436,0.21,0.75,85,0.22,0.7857,1,0.215,0.7678,138,0
IWM191129C163,2019-11-26,2019-11-26 09:39:42,0.22,0.7857,436,0.21,0.75,234,0.22,0.7857,1,0.215,0.7678,138,0
IWM191129C163,2019-11-26,2019-11-26 09:39:43,0.22,0.7857,436,0.21,0.75,223,0.22,0.7857,1,0.215,0.7678,138,0
IWM191129C163,2019-11-26,2019-11-26 09:39:44,0.22,0.7857,463,0.21,0.75,223,0.22,0.7857,1,0.215,0.7678,138,0
IWM191129C163,2019-11-26,2019-11-26 09:39:44,0.22,0.7857,463,0.21,0.75,179,0.22,0.7857,1,0.215,0.7678,138,0
IWM191129C163,2019-11-26,2019-11-26 09:39:45,0.22,0.7857,463,0.21,0.75,71,0.22,0.7857,1,0.215,0.7678,138,0
IWM191129C163,2019-11-26,2019-11-26 09:39:46,0.22,0.7857,438,0.21,0.75,71,0.22,0.7857,1,0.215,0.7678,138,0
IWM191129C163,2019-11-26,2019-11-26 09:39:47,0.22,0.7857,438,0.21,0.75,10,0.22,0.7857,1,0.215,0.7678,138,0
IWM191129C163,2019-11-26,2019-11-26 09:39:47,0.22,0.7857,438,0.21,0.75,71,0.22,0.7857,1,0.215,0.7678,138,0
IWM191129C163,2019-11-26,2019-11-26 09:39:48,0.22,0.7857,438,0.2,0.7142,471,0.22,0.7857,1,0.21,0.75,138,0
IWM191129C163,2019-11-26,2019-11-26 09:39:48,0.22,0.7857,438,0.2,0.7142,337,0.22,0.7857,1,0.21,0.75,138,0
IWM191129C163,2019-11-26,2019-11-26 09:39:49,0.22,0.7857,438,0.2,0.7142,471,0.22,0.7857,1,0.21,0.75,138,0
IWM191129C163,2019-11-26,2019-11-26 09:39:49,0.22,0.7857,438,0.2,0.7142,367,0.22,0.7857,1,0.21,0.75,138,0
IWM191129C163,2019-11-26,2019-11-26 09:39:50,0.21,0.75,257,0.2,0.7142,377,0.22,0.7857,1,0.205,0.7321,138,0
IWM191129C163,2019-11-26,2019-11-26 09:39:50,0.21,0.75,77,0.2,0.7142,377,0.22,0.7857,1,0.205,0.7321,138,0
IWM191129C163,2019-11-26,2019-11-26 09:39:51,0.21,0.75,579,0.2,0.7142,375,0.22,0.7857,1,0.205,0.7321,138,0
IWM191129C163,2019-11-26,2019-11-26 09:39:51,0.21,0.75,579,0.2,0.7142,377,0.22,0.7857,1,0.205,0.7321,138,0
IWM191129C163,2019-11-26,2019-11-26 09:39:52,0.21,0.75,619,0.2,0.7142,284,0.22,0.7857,1,0.205,0.7321,138,0
IWM191129C163,2019-11-26,2019-11-26 09:39:52,0.21,0.75,577,0.2,0.7142,284,0.22,0.7857,1,0.205,0.7321,138,0
IWM191129C163,2019-11-26,2019-11-26 09:39:53,0.21,0.75,760,0.2,0.7142,284,0.22,0.7857,1,0.205,0.7321,138,0
IWM191129C163,2019-11-26,2019-11-26 09:39:53,0.21,0.75,703,0.2,0.7142,284,0.22,0.7857,1,0.205,0.7321,138,0
IWM191129C163,2019-11-26,2019-11-26 09:39:54,0.21,0.75,576,0.2,0.7142,292,0.22,0.7857,1,0.205,0.7321,138,0
IWM191129C163,2019-11-26,2019-11-26 09:39:54,0.21,0.75,539,0.2,0.7142,292,0.22,0.7857,1,0.205,0.7321,138,0
IWM191129C163,2019-11-26,2019-11-26 09:39:55,0.21,0.75,604,0.2,0.7142,232,0.22,0.7857,1,0.205,0.7321,138,0
IWM191129C163,2019-11-26,2019-11-26 09:39:56,0.21,0.75,984,0.2,0.7142,212,0.22,0.7857,1,0.205,0.7321,138,0
IWM191129C163,2019-11-26,2019-11-26 09:39:56,0.21,0.75,604,0.2,0.7142,212,0.22,0.7857,1,0.205,0.7321,138,0
IWM191129C163,2019-11-26,2019-11-26 09:39:57,0.21,0.75,984,0.2,0.7142,164,0.2,0.7142,4,0.205,0.7321,142,4
IWM191129C163,2019-11-26,2019-11-26 09:39:57,0.21,0.75,984,0.2,0.7142,212,0.22,0.7857,1,0.205,0.7321,138,0
IWM191129C163,2019-11-26,2019-11-26 09:39:58,0.21,0.75,984,0.2,0.7142,164,0.2,0.7142,4,0.205,0.7321,142,0
IWM191129C163,2019-11-26,2019-11-26 09:39:58,0.21,0.75,1070,0.2,0.7142,164,0.2,0.7142,4,0.205,0.7321,142,0
IWM191129C163,2019-11-26,2019-11-26 09:39:59,0.21,0.75,1070,0.2,0.7142,30,0.2,0.7142,4,0.205,0.7321,142,0
IWM191129C163,2019-11-26,2019-11-26 09:39:59,0.21,0.75,1070,0.2,0.7142,73,0.2,0.7142,4,0.205,0.7321,142,0
IWM191129C163,2019-11-26,2019-11-26 09:40:00,0.21,0.75,1080,0.2,0.7142,20,0.2,0.7142,4,0.205,0.7321,142,0
IWM191129C163,2019-11-26,2019-11-26 09:40:00,0.21,0.75,1081,0.2,0.7142,20,0.2,0.7142,4,0.205,0.7321,142,0
IWM191129C163,2019-11-26,2019-11-26 09:40:01,0.21,0.75,1080,0.2,0.7142,20,0.2,0.7142,4,0.205,0.7321,142,0
IWM191129C163,2019-11-26,2019-11-26 09:40:02,0.21,0.75,1080,0.2,0.7142,30,0.2,0.7142,4,0.205,0.7321,142,0
IWM191129C163,2019-11-26,2019-11-26 09:40:02,0.21,0.75,1080,0.2,0.7142,20,0.2,0.7142,4,0.205,0.7321,142,0
IWM191129C163,2019-11-26,2019-11-26 09:40:03,0.21,0.75,510,0.2,0.7142,324,0.2,0.7142,4,0.205,0.7321,142,0
IWM191129C163,2019-11-26,2019-11-26 09:40:04,0.21,0.75,1011,0.2,0.7142,324,0.2,0.7142,4,0.205,0.7321,142,0
IWM191129C163,2019-11-26,2019-11-26 09:40:04,0.21,0.75,840,0.2,0.7142,324,0.2,0.7142,4,0.205,0.7321,142,0
IWM191129C163,2019-11-26,2019-11-26 09:40:05,0.21,0.75,1011,0.2,0.7142,324,0.2,0.7142,4,0.205,0.7321,142,0
IWM191129C163,2019-11-26,2019-11-26 09:40:06,0.21,0.75,1083,0.2,0.7142,118,0.2,0.7142,4,0.205,0.7321,142,0
IWM191129C163,2019-11-26,2019-11-26 09:40:06,0.21,0.75,1083,0.2,0.7142,177,0.2,0.7142,4,0.205,0.7321,142,0
IWM191129C163,2019-11-26,2019-11-26 09:40:07,0.21,0.75,1083,0.2,0.7142,265,0.2,0.7142,4,0.205,0.7321,142,0
IWM191129C163,2019-11-26,2019-11-26 09:40:08,0.21,0.75,1083,0.2,0.7142,265,0.2,0.7142,4,0.205,0.7321,142,0
IWM191129C163,2019-11-26,2019-11-26 09:40:09,0.21,0.75,498,0.2,0.7142,248,0.2,0.7142,4,0.205,0.7321,142,0
IWM191129C163,2019-11-26,2019-11-26 09:40:09,0.21,0.75,504,0.2,0.7142,287,0.2,0.7142,4,0.205,0.7321,142,0
IWM191129C163,2019-11-26,2019-11-26 09:40:10,0.21,0.75,923,0.2,0.7142,334,0.2,0.7142,4,0.205,0.7321,142,0
IWM191129C163,2019-11-26,2019-11-26 09:40:10,0.21,0.75,491,0.2,0.7142,393,0.2,0.7142,4,0.205,0.7321,142,0
IWM191129C163,2019-11-26,2019-11-26 09:40:11,0.21,0.75,923,0.2,0.7142,334,0.2,0.7142,4,0.205,0.7321,142,0
IWM191129C163,2019-11-26,2019-11-26 09:40:11,0.21,0.75,923,0.2,0.7142,385,0.2,0.7142,4,0.205,0.7321,142,0
IWM191129C163,2019-11-26,2019-11-26 09:40:12,0.21,0.75,923,0.2,0.7142,385,0.2,0.7142,4,0.205,0.7321,142,0
IWM191129C163,2019-11-26,2019-11-26 09:40:12,0.21,0.75,923,0.2,0.7142,318,0.2,0.7142,4,0.205,0.7321,142,0
IWM191129C163,2019-11-26,2019-11-26 09:40:17,0.21,0.75,1099,0.2,0.7142,30,0.2,0.7142,4,0.205,0.7321,142,0
IWM191129C163,2019-11-26,2019-11-26 09:40:18,0.21,0.75,1099,0.2,0.7142,30,0.2,0.7142,4,0.205,0.7321,142,0
IWM191129C163,2019-11-26,2019-11-26 09:40:18,0.21,0.75,1141,0.19,0.6785,523,0.2,0.7142,4,0.2,0.7142,142,0
IWM191129C163,2019-11-26,2019-11-26 09:40:19,0.2,0.7142,266,0.19,0.6785,612,0.2,0.7142,4,0.195,0.6964,142,0
IWM191129C163,2019-11-26,2019-11-26 09:40:19,0.2,0.7142,206,0.19,0.6785,773,0.2,0.7142,4,0.195,0.6964,142,0
IWM191129C163,2019-11-26,2019-11-26 09:40:20,0.2,0.7142,260,0.19,0.6785,648,0.2,0.7142,4,0.195,0.6964,142,0
IWM191129C163,2019-11-26,2019-11-26 09:40:21,0.2,0.7142,260,0.19,0.6785,612,0.2,0.7142,4,0.195,0.6964,142,0
IWM191129C163,2019-11-26,2019-11-26 09:40:21,0.2,0.7142,199,0.19,0.6785,297,0.2,0.7142,4,0.195,0.6964,142,0
IWM191129C163,2019-11-26,2019-11-26 09:40:22,0.2,0.7142,1047,0.19,0.6785,380,0.2,0.7142,4,0.195,0.6964,142,0
IWM191129C163,2019-11-26,2019-11-26 09:40:22,0.2,0.7142,1016,0.19,0.6785,380,0.2,0.7142,4,0.195,0.6964,142,0
IWM191129C163,2019-11-26,2019-11-26 09:40:23,0.2,0.7142,643,0.19,0.6785,377,0.2,0.7142,4,0.195,0.6964,142,0
IWM191129C163,2019-11-26,2019-11-26 09:40:24,0.2,0.7142,1016,0.19,0.6785,377,0.2,0.7142,4,0.195,0.6964,142,0
IWM191129C163,2019-11-26,2019-11-26 09:40:25,0.2,0.7142,766,0.19,0.6785,377,0.2,0.7142,4,0.195,0.6964,142,0
IWM191129C163,2019-11-26,2019-11-26 09:40:25,0.2,0.7142,1016,0.19,0.6785,377,0.2,0.7142,4,0.195,0.6964,142,0
IWM191129C163,2019-11-26,2019-11-26 09:40:26,0.2,0.7142,1016,0.19,0.6785,377,0.2,0.7142,4,0.195,0.6964,142,0
IWM191129C163,2019-11-26,2019-11-26 09:40:27,0.2,0.7142,1016,0.19,0.6785,377,0.2,0.7142,4,0.195,0.6964,142,0
IWM191129C163,2019-11-26,2019-11-26 09:40:28,0.2,0.7142,1016,0.19,0.6785,377,0.2,0.7142,4,0.195,0.6964,142,0
IWM191129C163,2019-11-26,2019-11-26 09:40:29,0.2,0.7142,1016,0.19,0.6785,291,0.2,0.7142,4,0.195,0.6964,142,0
IWM191129C163,2019-11-26,2019-11-26 09:40:29,0.2,0.7142,1016,0.19,0.6785,340,0.2,0.7142,4,0.195,0.6964,142,0
IWM191129C163,2019-11-26,2019-11-26 09:40:30,0.2,0.7142,1016,0.19,0.6785,340,0.2,0.7142,4,0.195,0.6964,142,0
IWM191129C163,2019-11-26,2019-11-26 09:40:31,0.2,0.7142,881,0.19,0.6785,213,0.2,0.7142,4,0.195,0.6964,142,0
IWM191129C163,2019-11-26,2019-11-26 09:40:32,0.2,0.7142,881,0.19,0.6785,237,0.2,0.7142,4,0.195,0.6964,142,0
IWM191129C163,2019-11-26,2019-11-26 09:40:32,0.2,0.7142,974,0.19,0.6785,237,0.2,0.7142,4,0.195,0.6964,142,0
IWM191129C163,2019-11-26,2019-11-26 09:40:33,0.2,0.7142,974,0.19,0.6785,75,0.2,0.7142,4,0.195,0.6964,142,0
IWM191129C163,2019-11-26,2019-11-26 09:40:34,0.2,0.7142,974,0.19,0.6785,213,0.2,0.7142,4,0.195,0.6964,142,0
IWM191129C163,2019-11-26,2019-11-26 09:40:34,0.2,0.7142,1039,0.19,0.6785,213,0.2,0.7142,4,0.195,0.6964,142,0
IWM191129C163,2019-11-26,2019-11-26 09:40:35,0.2,0.7142,1245,0.19,0.6785,413,0.2,0.7142,4,0.195,0.6964,142,0
IWM191129C163,2019-11-26,2019-11-26 09:40:35,0.2,0.7142,1039,0.19,0.6785,413,0.2,0.7142,4,0.195,0.6964,142,0
IWM191129C163,2019-11-26,2019-11-26 09:40:36,0.2,0.7142,1098,0.19,0.6785,413,0.2,0.7142,4,0.195,0.6964,142,0
IWM191129C163,2019-11-26,2019-11-26 09:40:37,0.2,0.7142,1098,0.19,0.6785,341,0.2,0.7142,4,0.195,0.6964,142,0
IWM191129C163,2019-11-26,2019-11-26 09:40:37,0.2,0.7142,1162,0.19,0.6785,213,0.2,0.7142,4,0.195,0.6964,142,0
IWM191129C163,2019-11-26,2019-11-26 09:40:38,0.2,0.7142,1372,0.19,0.6785,65,0.2,0.7142,4,0.195,0.6964,142,0
IWM191129C163,2019-11-26,2019-11-26 09:40:38,0.2,0.7142,1280,0.19,0.6785,213,0.2,0.7142,4,0.195,0.6964,142,0
IWM191129C163,2019-11-26,2019-11-26 09:40:39,0.2,0.7142,1372,0.19,0.6785,65,0.2,0.7142,4,0.195,0.6964,142,0
IWM191129C163,2019-11-26,2019-11-26 09:40:41,0.2,0.7142,999,0.19,0.6785,389,0.2,0.7142,4,0.195,0.6964,142,0
IWM191129C163,2019-11-26,2019-11-26 09:40:42,0.2,0.7142,1472,0.19,0.6785,389,0.2,0.7142,4,0.195,0.6964,142,0
IWM191129C163,2019-11-26,2019-11-26 09:40:43,0.2,0.7142,1472,0.19,0.6785,327,0.2,0.7142,4,0.195,0.6964,142,0
IWM191129C163,2019-11-26,2019-11-26 09:40:43,0.2,0.7142,1472,0.19,0.6785,370,0.2,0.7142,4,0.195,0.6964,142,0
IWM191129C163,2019-11-26,2019-11-26 09:40:44,0.2,0.7142,613,0.19,0.6785,276,0.2,0.7142,4,0.195,0.6964,142,0
IWM191129C163,2019-11-26,2019-11-26 09:40:44,0.2,0.7142,692,0.19,0.6785,230,0.2,0.7142,4,0.195,0.6964,142,0
IWM191129C163,2019-11-26,2019-11-26 09:40:45,0.2,0.7142,776,0.19,0.6785,313,0.2,0.7142,4,0.195,0.6964,142,0
IWM191129C163,2019-11-26,2019-11-26 09:40:46,0.2,0.7142,696,0.19,0.6785,313,0.2,0.7142,4,0.195,0.6964,142,0
IWM191129C163,2019-11-26,2019-11-26 09:40:47,0.2,0.7142,731,0.19,0.6785,362,0.2,0.7142,4,0.195,0.6964,142,0
IWM191129C163,2019-11-26,2019-11-26 09:40:47,0.2,0.7142,697,0.19,0.6785,362,0.2,0.7142,4,0.195,0.6964,142,0
IWM191129C163,2019-11-26,2019-11-26 09:40:48,0.2,0.7142,697,0.19,0.6785,490,0.2,0.7142,4,0.195,0.6964,142,0
IWM191129C163,2019-11-26,2019-11-26 09:40:49,0.2,0.7142,346,0.19,0.6785,490,0.2,0.7142,4,0.195,0.6964,142,0
IWM191129C163,2019-11-26,2019-11-26 09:40:49,0.2,0.7142,278,0.19,0.6785,350,0.2,0.7142,4,0.195,0.6964,142,0
IWM191129C163,2019-11-26,2019-11-26 09:40:50,0.2,0.7142,346,0.19,0.6785,348,0.2,0.7142,4,0.195,0.6964,142,0
IWM191129C163,2019-11-26,2019-11-26 09:40:50,0.2,0.7142,180,0.19,0.6785,245,0.2,0.7142,4,0.195,0.6964,142,0
IWM191129C163,2019-11-26,2019-11-26 09:40:51,0.2,0.7142,931,0.19,0.6785,350,0.2,0.7142,4,0.195,0.6964,142,0
IWM191129C163,2019-11-26,2019-11-26 09:40:51,0.2,0.7142,672,0.19,0.6785,276,0.2,0.7142,4,0.195,0.6964,142,0
IWM191129C163,2019-11-26,2019-11-26 09:40:52,0.2,0.7142,931,0.19,0.6785,350,0.2,0.7142,4,0.195,0.6964,142,0
IWM191129C163,2019-11-26,2019-11-26 09:40:53,0.2,0.7142,978,0.19,0.6785,350,0.2,0.7142,4,0.195,0.6964,142,0
IWM191129C163,2019-11-26,2019-11-26 09:40:53,0.2,0.7142,931,0.19,0.6785,350,0.2,0.7142,4,0.195,0.6964,142,0
IWM191129C163,2019-11-26,2019-11-26 09:40:54,0.2,0.7142,1094,0.19,0.6785,350,0.2,0.7142,4,0.195,0.6964,142,0
IWM191129C163,2019-11-26,2019-11-26 09:40:54,0.2,0.7142,978,0.19,0.6785,350,0.2,0.7142,4,0.195,0.6964,142,0
IWM191129C163,2019-11-26,2019-11-26 09:40:55,0.2,0.7142,1094,0.19,0.6785,350,0.2,0.7142,4,0.195,0.6964,142,0
IWM191129C163,2019-11-26,2019-11-26 09:40:55,0.2,0.7142,560,0.19,0.6785,363,0.2,0.7142,4,0.195,0.6964,142,0
IWM191129C163,2019-11-26,2019-11-26 09:40:56,0.2,0.7142,560,0.19,0.6785,493,0.2,0.7142,4,0.195,0.6964,142,0
IWM191129C163,2019-11-26,2019-11-26 09:40:56,0.2,0.7142,962,0.19,0.6785,493,0.2,0.7142,4,0.195,0.6964,142,0
IWM191129C163,2019-11-26,2019-11-26 09:40:57,0.2,0.7142,930,0.19,0.6785,493,0.2,0.7142,4,0.195,0.6964,142,0
IWM191129C163,2019-11-26,2019-11-26 09:40:57,0.2,0.7142,952,0.19,0.6785,493,0.2,0.7142,4,0.195,0.6964,142,0
IWM191129C163,2019-11-26,2019-11-26 09:40:58,0.2,0.7142,130,0.19,0.6785,322,0.2,0.7142,4,0.195,0.6964,142,0
IWM191129C163,2019-11-26,2019-11-26 09:40:58,0.2,0.7142,215,0.19,0.6785,450,0.2,0.7142,4,0.195,0.6964,142,0
IWM191129C163,2019-11-26,2019-11-26 09:40:59,0.2,0.7142,464,0.19,0.6785,450,0.2,0.7142,4,0.195,0.6964,142,0
IWM191129C163,2019-11-26,2019-11-26 09:41:00,0.2,0.7142,495,0.19,0.6785,450,0.2,0.7142,4,0.195,0.6964,142,0
IWM191129C163,2019-11-26,2019-11-26 09:41:00,0.2,0.7142,322,0.19,0.6785,450,0.2,0.7142,4,0.195,0.6964,142,0
IWM191129C163,2019-11-26,2019-11-26 09:41:01,0.2,0.7142,622,0.19,0.6785,450,0.2,0.7142,4,0.195,0.6964,142,0
IWM191129C163,2019-11-26,2019-11-26 09:41:02,0.2,0.7142,622,0.19,0.6785,196,0.2,0.7142,4,0.195,0.6964,142,0
IWM191129C163,2019-11-26,2019-11-26 09:41:03,0.2,0.7142,180,0.19,0.6785,133,0.2,0.7142,4,0.195,0.6964,142,0
IWM191129C163,2019-11-26,2019-11-26 09:41:03,0.2,0.7142,180,0.19,0.6785,135,0.2,0.7142,4,0.195,0.6964,142,0
IWM191129C163,2019-11-26,2019-11-26 09:41:04,0.2,0.7142,435,0.19,0.6785,133,0.2,0.7142,4,0.195,0.6964,142,0
IWM191129C163,2019-11-26,2019-11-26 09:41:04,0.2,0.7142,590,0.19,0.6785,225,0.2,0.7142,4,0.195,0.6964,142,0
IWM191129C163,2019-11-26,2019-11-26 09:41:05,0.2,0.7142,590,0.19,0.6785,133,0.2,0.7142,4,0.195,0.6964,142,0
IWM191129C163,2019-11-26,2019-11-26 09:41:05,0.2,0.7142,676,0.19,0.6785,288,0.2,0.7142,4,0.195,0.6964,142,0
IWM191129C163,2019-11-26,2019-11-26 09:41:06,0.2,0.7142,708,0.19,0.6785,288,0.2,0.7142,4,0.195,0.6964,142,0
IWM191129C163,2019-11-26,2019-11-26 09:41:07,0.2,0.7142,708,0.19,0.6785,288,0.2,0.7142,4,0.195,0.6964,142,0
IWM191129C163,2019-11-26,2019-11-26 09:41:07,0.2,0.7142,825,0.19,0.6785,288,0.2,0.7142,4,0.195,0.6964,142,0
IWM191129C163,2019-11-26,2019-11-26 09:41:08,0.2,0.7142,825,0.19,0.6785,261,0.2,0.7142,4,0.195,0.6964,142,0
IWM191129C163,2019-11-26,2019-11-26 09:41:08,0.2,0.7142,542,0.19,0.6785,78,0.2,0.7142,4,0.195,0.6964,142,0
IWM191129C163,2019-11-26,2019-11-26 09:41:09,0.2,0.7142,778,0.19,0.6785,238,0.2,0.7142,4,0.195,0.6964,142,0
IWM191129C163,2019-11-26,2019-11-26 09:41:09,0.2,0.7142,778,0.19,0.6785,299,0.2,0.7142,4,0.195,0.6964,142,0
IWM191129C163,2019-11-26,2019-11-26 09:41:10,0.2,0.7142,599,0.19,0.6785,251,0.2,0.7142,4,0.195,0.6964,142,0
IWM191129C163,2019-11-26,2019-11-26 09:41:11,0.2,0.7142,25,0.19,0.6785,421,0.2,0.7142,4,0.195,0.6964,142,0
IWM191129C163,2019-11-26,2019-11-26 09:41:11,0.21,0.75,1725,0.19,0.6785,947,0.2,0.7142,4,0.2,0.7142,142,0
IWM191129C163,2019-11-26,2019-11-26 09:41:12,0.21,0.75,1725,0.2,0.7142,63,0.2,0.7142,5,0.205,0.7321,147,5
IWM191129C163,2019-11-26,2019-11-26 09:41:12,0.21,0.75,1698,0.2,0.7142,73,0.2,0.7142,5,0.205,0.7321,147,0
IWM191129C163,2019-11-26,2019-11-26 09:41:13,0.21,0.75,1248,0.19,0.6785,499,0.2,0.7142,5,0.2,0.7142,147,0
IWM191129C163,2019-11-26,2019-11-26 09:41:13,0.21,0.75,1248,0.19,0.6785,471,0.2,0.7142,5,0.2,0.7142,147,0
IWM191129C163,2019-11-26,2019-11-26 09:41:14,0.2,0.7142,344,0.19,0.6785,451,0.2,0.7142,5,0.195,0.6964,147,0
IWM191129C163,2019-11-26,2019-11-26 09:41:14,0.2,0.7142,131,0.19,0.6785,351,0.2,0.7142,5,0.195,0.6964,147,0
IWM191129C163,2019-11-26,2019-11-26 09:41:15,0.2,0.7142,443,0.19,0.6785,483,0.2,0.7142,5,0.195,0.6964,147,0
IWM191129C163,2019-11-26,2019-11-26 09:41:15,0.2,0.7142,443,0.19,0.6785,460,0.2,0.7142,5,0.195,0.6964,147,0
IWM191129C163,2019-11-26,2019-11-26 09:41:16,0.2,0.7142,513,0.19,0.6785,460,0.2,0.7142,5,0.195,0.6964,147,0
IWM191129C163,2019-11-26,2019-11-26 09:41:16,0.2,0.7142,504,0.19,0.6785,460,0.2,0.7142,5,0.195,0.6964,147,0
IWM191129C163,2019-11-26,2019-11-26 09:41:17,0.2,0.7142,10,0.19,0.6785,757,0.2,0.7142,5,0.195,0.6964,147,0
IWM191129C163,2019-11-26,2019-11-26 09:41:17,0.2,0.7142,544,0.19,0.6785,460,0.2,0.7142,5,0.195,0.6964,147,0
IWM191129C163,2019-11-26,2019-11-26 09:41:18,0.21,0.75,1045,0.2,0.7142,201,0.2,0.7142,5,0.205,0.7321,147,0
IWM191129C163,2019-11-26,2019-11-26 09:41:19,0.21,0.75,537,0.2,0.7142,66,0.2,0.7142,5,0.205,0.7321,147,0
IWM191129C163,2019-11-26,2019-11-26 09:41:20,0.21,0.75,1330,0.2,0.7142,66,0.2,0.7142,5,0.205,0.7321,147,0
IWM191129C163,2019-11-26,2019-11-26 09:41:20,0.21,0.75,1377,0.2,0.7142,66,0.2,0.7142,5,0.205,0.7321,147,0
IWM191129C163,2019-11-26,2019-11-26 09:41:21,0.21,0.75,1541,0.2,0.7142,76,0.2,0.7142,5,0.205,0.7321,147,0
IWM191129C163,2019-11-26,2019-11-26 09:41:21,0.21,0.75,1578,0.2,0.7142,76,0.2,0.7142,5,0.205,0.7321,147,0
IWM191129C163,2019-11-26,2019-11-26 09:41:22,0.21,0.75,1708,0.2,0.7142,76,0.2,0.7142,5,0.205,0.7321,147,0
IWM191129C163,2019-11-26,2019-11-26 09:41:22,0.21,0.75,1899,0.19,0.6785,574,0.2,0.7142,5,0.2,0.7142,147,0
IWM191129C163,2019-11-26,2019-11-26 09:41:23,0.2,0.7142,116,0.19,0.6785,574,0.2,0.7142,5,0.195,0.6964,147,0
IWM191129C163,2019-11-26,2019-11-26 09:41:23,0.2,0.7142,393,0.19,0.6785,412,0.2,0.7142,5,0.195,0.6964,147,0
IWM191129C163,2019-11-26,2019-11-26 09:41:24,0.2,0.7142,601,0.19,0.6785,435,0.2,0.7142,5,0.195,0.6964,147,0
IWM191129C163,2019-11-26,2019-11-26 09:41:24,0.2,0.7142,445,0.19,0.6785,412,0.2,0.7142,5,0.195,0.6964,147,0
IWM191129C163,2019-11-26,2019-11-26 09:41:25,0.2,0.7142,152,0.19,0.6785,459,0.2,0.7142,5,0.195,0.6964,147,0
IWM191129C163,2019-11-26,2019-11-26 09:41:26,0.2,0.7142,451,0.19,0.6785,459,0.2,0.7142,5,0.195,0.6964,147,0
IWM191129C163,2019-11-26,2019-11-26 09:41:26,0.2,0.7142,177,0.19,0.6785,459,0.2,0.7142,5,0.195,0.6964,147,0
IWM191129C163,2019-11-26,2019-11-26 09:41:27,0.2,0.7142,451,0.19,0.6785,459,0.2,0.7142,5,0.195,0.6964,147,0
IWM191129C163,2019-11-26,2019-11-26 09:41:27,0.2,0.7142,306,0.19,0.6785,449,0.2,0.7142,5,0.195,0.6964,147,0
IWM191129C163,2019-11-26,2019-11-26 09:41:28,0.2,0.7142,290,0.19,0.6785,483,0.2,0.7142,5,0.195,0.6964,147,0
IWM191129C163,2019-11-26,2019-11-26 09:41:29,0.2,0.7142,451,0.19,0.6785,459,0.2,0.7142,5,0.195,0.6964,147,0
IWM191129C163,2019-11-26,2019-11-26 09:41:29,0.2,0.7142,290,0.19,0.6785,483,0.2,0.7142,5,0.195,0.6964,147,0
IWM191129C163,2019-11-26,2019-11-26 09:41:30,0.2,0.7142,451,0.19,0.6785,459,0.2,0.7142,5,0.195,0.6964,147,0
IWM191129C163,2019-11-26,2019-11-26 09:41:30,0.2,0.7142,634,0.19,0.6785,403,0.2,0.7142,5,0.195,0.6964,147,0
IWM191129C163,2019-11-26,2019-11-26 09:41:31,0.2,0.7142,357,0.19,0.6785,311,0.2,0.7142,5,0.195,0.6964,147,0
