symbol,Date,quote_time,ask_price,norm_ask_price,ask_size,bid_price,norm_bid_price,bid_size,last_trade_price,norm_last_trade_price,last_trade_size,mark_price,norm_mark_price,volume,Volume
IWM191108P159,2019-11-05,2019-11-05 09:30:00,0.8,1.0,30,0.7,0.875,30,1.04,1.3,2,0.75,0.9375,0,0
IWM191108P159,2019-11-05,2019-11-05 09:30:01,0.79,0.9875,5,0.7,0.875,30,1.04,1.3,2,0.745,0.9312,0,0
IWM191108P159,2019-11-05,2019-11-05 09:30:02,0.79,0.9875,5,0.7,0.875,30,1.04,1.3,2,0.745,0.9312,0,0
IWM191108P159,2019-11-05,2019-11-05 09:30:03,0.79,0.9875,5,0.7,0.875,30,1.04,1.3,2,0.745,0.9312,0,0
IWM191108P159,2019-11-05,2019-11-05 09:30:04,0.79,0.9875,5,0.7,0.875,30,1.04,1.3,2,0.745,0.9312,0,0
IWM191108P159,2019-11-05,2019-11-05 09:30:04,0.78,0.975,75,0.71,0.8875,90,1.04,1.3,2,0.745,0.9312,0,0
IWM191108P159,2019-11-05,2019-11-05 09:30:05,0.79,0.9875,75,0.71,0.8875,90,1.04,1.3,2,0.75,0.9375,0,0
IWM191108P159,2019-11-05,2019-11-05 09:30:06,0.79,0.9875,75,0.71,0.8875,90,1.04,1.3,2,0.75,0.9375,0,0
IWM191108P159,2019-11-05,2019-11-05 09:30:06,0.79,0.9875,450,0.71,0.8875,90,1.04,1.3,2,0.75,0.9375,0,0
IWM191108P159,2019-11-05,2019-11-05 09:30:07,0.79,0.9875,400,0.72,0.9,75,1.04,1.3,2,0.755,0.9437,0,0
IWM191108P159,2019-11-05,2019-11-05 09:30:07,0.79,0.9875,381,0.72,0.9,75,1.04,1.3,2,0.755,0.9437,0,0
IWM191108P159,2019-11-05,2019-11-05 09:30:08,0.81,1.0125,75,0.72,0.9,204,1.04,1.3,2,0.765,0.9562,0,0
IWM191108P159,2019-11-05,2019-11-05 09:30:08,0.8,1.0,90,0.73,0.9125,75,1.04,1.3,2,0.765,0.9562,0,0
IWM191108P159,2019-11-05,2019-11-05 09:30:09,0.81,1.0125,280,0.74,0.925,75,1.04,1.3,2,0.775,0.9687,0,0
IWM191108P159,2019-11-05,2019-11-05 09:30:10,0.81,1.0125,293,0.74,0.925,75,1.04,1.3,2,0.775,0.9687,0,0
IWM191108P159,2019-11-05,2019-11-05 09:30:10,0.81,1.0125,280,0.74,0.925,75,1.04,1.3,2,0.775,0.9687,0,0
IWM191108P159,2019-11-05,2019-11-05 09:30:11,0.81,1.0125,424,0.74,0.925,75,1.04,1.3,2,0.775,0.9687,0,0
IWM191108P159,2019-11-05,2019-11-05 09:30:12,0.81,1.0125,124,0.75,0.9375,75,1.04,1.3,2,0.78,0.975,0,0
IWM191108P159,2019-11-05,2019-11-05 09:30:12,0.81,1.0125,397,0.74,0.925,75,1.04,1.3,2,0.775,0.9687,0,0
IWM191108P159,2019-11-05,2019-11-05 09:30:13,0.81,1.0125,124,0.75,0.9375,75,1.04,1.3,2,0.78,0.975,0,0
IWM191108P159,2019-11-05,2019-11-05 09:30:13,0.83,1.0375,200,0.76,0.95,244,1.04,1.3,2,0.795,0.9937,0,0
IWM191108P159,2019-11-05,2019-11-05 09:30:14,0.83,1.0375,218,0.77,0.9625,75,1.04,1.3,2,0.8,1.0,0,0
IWM191108P159,2019-11-05,2019-11-05 09:30:14,0.83,1.0375,200,0.77,0.9625,75,1.04,1.3,2,0.8,1.0,0,0
IWM191108P159,2019-11-05,2019-11-05 09:30:15,0.82,1.025,75,0.76,0.95,107,1.04,1.3,2,0.79,0.9875,0,0
IWM191108P159,2019-11-05,2019-11-05 09:30:15,0.83,1.0375,218,0.77,0.9625,75,1.04,1.3,2,0.8,1.0,0,0
IWM191108P159,2019-11-05,2019-11-05 09:30:16,0.83,1.0375,75,0.77,0.9625,75,1.04,1.3,2,0.8,1.0,0,0
IWM191108P159,2019-11-05,2019-11-05 09:30:17,0.82,1.025,75,0.77,0.9625,10,1.04,1.3,2,0.795,0.9937,0,0
IWM191108P159,2019-11-05,2019-11-05 09:30:17,0.83,1.0375,75,0.77,0.9625,75,1.04,1.3,2,0.8,1.0,0,0
IWM191108P159,2019-11-05,2019-11-05 09:30:18,0.8,1.0,246,0.74,0.925,10,1.04,1.3,2,0.77,0.9625,0,0
IWM191108P159,2019-11-05,2019-11-05 09:30:18,0.8,1.0,220,0.77,0.9625,1,1.04,1.3,2,0.785,0.9812,0,0
IWM191108P159,2019-11-05,2019-11-05 09:30:19,0.78,0.975,38,0.74,0.925,4,1.04,1.3,2,0.76,0.95,0,0
IWM191108P159,2019-11-05,2019-11-05 09:30:19,0.79,0.9875,280,0.73,0.9125,75,1.04,1.3,2,0.76,0.95,0,0
IWM191108P159,2019-11-05,2019-11-05 09:30:20,0.78,0.975,20,0.74,0.925,4,1.04,1.3,2,0.76,0.95,0,0
IWM191108P159,2019-11-05,2019-11-05 09:30:20,0.78,0.975,377,0.72,0.9,10,1.04,1.3,2,0.75,0.9375,0,0
IWM191108P159,2019-11-05,2019-11-05 09:30:21,0.77,0.9625,75,0.72,0.9,388,1.04,1.3,2,0.745,0.9312,0,0
IWM191108P159,2019-11-05,2019-11-05 09:30:21,0.77,0.9625,163,0.72,0.9,73,1.04,1.3,2,0.745,0.9312,0,0
IWM191108P159,2019-11-05,2019-11-05 09:30:22,0.75,0.9375,148,0.7,0.875,20,1.04,1.3,2,0.725,0.9062,0,0
IWM191108P159,2019-11-05,2019-11-05 09:30:22,0.75,0.9375,103,0.69,0.8625,367,1.04,1.3,2,0.72,0.9,0,0
IWM191108P159,2019-11-05,2019-11-05 09:30:23,0.72,0.9,35,0.69,0.8625,20,1.04,1.3,2,0.705,0.8812,0,0
IWM191108P159,2019-11-05,2019-11-05 09:30:23,0.73,0.9125,25,0.69,0.8625,20,1.04,1.3,2,0.71,0.8875,0,0
IWM191108P159,2019-11-05,2019-11-05 09:30:24,0.73,0.9125,204,0.68,0.85,320,1.04,1.3,2,0.705,0.8812,0,0
IWM191108P159,2019-11-05,2019-11-05 09:30:24,0.73,0.9125,204,0.68,0.85,301,1.04,1.3,2,0.705,0.8812,0,0
IWM191108P159,2019-11-05,2019-11-05 09:30:25,0.73,0.9125,35,0.69,0.8625,208,1.04,1.3,2,0.71,0.8875,0,0
IWM191108P159,2019-11-05,2019-11-05 09:30:25,0.73,0.9125,96,0.68,0.85,319,1.04,1.3,2,0.705,0.8812,0,0
IWM191108P159,2019-11-05,2019-11-05 09:30:26,0.73,0.9125,75,0.68,0.85,325,1.04,1.3,2,0.705,0.8812,0,0
IWM191108P159,2019-11-05,2019-11-05 09:30:26,0.73,0.9125,249,0.68,0.85,327,1.04,1.3,2,0.705,0.8812,0,0
IWM191108P159,2019-11-05,2019-11-05 09:30:27,0.72,0.9,25,0.68,0.85,327,1.04,1.3,2,0.7,0.875,0,0
IWM191108P159,2019-11-05,2019-11-05 09:30:27,0.73,0.9125,25,0.68,0.85,327,1.04,1.3,2,0.705,0.8812,0,0
IWM191108P159,2019-11-05,2019-11-05 09:30:28,0.73,0.9125,35,0.69,0.8625,265,1.04,1.3,2,0.71,0.8875,0,0
IWM191108P159,2019-11-05,2019-11-05 09:30:28,0.73,0.9125,35,0.69,0.8625,75,1.04,1.3,2,0.71,0.8875,0,0
IWM191108P159,2019-11-05,2019-11-05 09:30:29,0.73,0.9125,35,0.69,0.8625,270,1.04,1.3,2,0.71,0.8875,0,0
IWM191108P159,2019-11-05,2019-11-05 09:30:29,0.73,0.9125,20,0.7,0.875,20,1.04,1.3,2,0.715,0.8937,0,0
IWM191108P159,2019-11-05,2019-11-05 09:30:30,0.73,0.9125,20,0.7,0.875,20,1.04,1.3,2,0.715,0.8937,0,0
IWM191108P159,2019-11-05,2019-11-05 09:30:30,0.73,0.9125,20,0.7,0.875,273,1.04,1.3,2,0.715,0.8937,0,0
IWM191108P159,2019-11-05,2019-11-05 09:30:31,0.73,0.9125,20,0.7,0.875,20,1.04,1.3,2,0.715,0.8937,0,0
IWM191108P159,2019-11-05,2019-11-05 09:30:32,0.73,0.9125,20,0.7,0.875,20,1.04,1.3,2,0.715,0.8937,0,0
IWM191108P159,2019-11-05,2019-11-05 09:30:33,0.73,0.9125,20,0.7,0.875,20,1.04,1.3,2,0.715,0.8937,0,0
IWM191108P159,2019-11-05,2019-11-05 09:30:34,0.73,0.9125,20,0.69,0.8625,238,1.04,1.3,2,0.71,0.8875,0,0
IWM191108P159,2019-11-05,2019-11-05 09:30:34,0.73,0.9125,10,0.69,0.8625,238,1.04,1.3,2,0.71,0.8875,0,0
IWM191108P159,2019-11-05,2019-11-05 09:30:35,0.73,0.9125,35,0.68,0.85,200,1.04,1.3,2,0.705,0.8812,0,0
IWM191108P159,2019-11-05,2019-11-05 09:30:35,0.74,0.925,203,0.69,0.8625,218,1.04,1.3,2,0.715,0.8937,0,0
IWM191108P159,2019-11-05,2019-11-05 09:30:36,0.72,0.9,25,0.68,0.85,430,1.04,1.3,2,0.7,0.875,0,0
IWM191108P159,2019-11-05,2019-11-05 09:30:36,0.73,0.9125,391,0.68,0.85,430,1.04,1.3,2,0.705,0.8812,0,0
IWM191108P159,2019-11-05,2019-11-05 09:30:37,0.72,0.9,45,0.68,0.85,293,1.04,1.3,2,0.7,0.875,0,0
IWM191108P159,2019-11-05,2019-11-05 09:30:38,0.7,0.875,25,0.68,0.85,430,1.04,1.3,2,0.69,0.8625,0,0
IWM191108P159,2019-11-05,2019-11-05 09:30:38,0.7,0.875,25,0.68,0.85,293,1.04,1.3,2,0.69,0.8625,0,0
IWM191108P159,2019-11-05,2019-11-05 09:30:39,0.7,0.875,25,0.68,0.85,430,1.04,1.3,2,0.69,0.8625,0,0
IWM191108P159,2019-11-05,2019-11-05 09:30:40,0.7,0.875,25,0.68,0.85,95,1.04,1.3,2,0.69,0.8625,0,0
IWM191108P159,2019-11-05,2019-11-05 09:30:40,0.7,0.875,25,0.68,0.85,47,1.04,1.3,2,0.69,0.8625,0,0
IWM191108P159,2019-11-05,2019-11-05 09:30:41,0.7,0.875,25,0.68,0.85,231,1.04,1.3,2,0.69,0.8625,0,0
IWM191108P159,2019-11-05,2019-11-05 09:30:41,0.71,0.8875,51,0.68,0.85,331,1.04,1.3,2,0.695,0.8687,0,0
IWM191108P159,2019-11-05,2019-11-05 09:30:42,0.7,0.875,25,0.68,0.85,124,1.04,1.3,2,0.69,0.8625,0,0
IWM191108P159,2019-11-05,2019-11-05 09:30:42,0.7,0.875,25,0.67,0.8375,359,1.04,1.3,2,0.685,0.8562,0,0
IWM191108P159,2019-11-05,2019-11-05 09:30:43,0.7,0.875,25,0.67,0.8375,437,1.04,1.3,2,0.685,0.8562,0,0
IWM191108P159,2019-11-05,2019-11-05 09:30:43,0.7,0.875,25,0.68,0.85,18,1.04,1.3,2,0.69,0.8625,0,0
IWM191108P159,2019-11-05,2019-11-05 09:30:44,0.71,0.8875,94,0.68,0.85,123,1.04,1.3,2,0.695,0.8687,0,0
IWM191108P159,2019-11-05,2019-11-05 09:30:44,0.71,0.8875,94,0.68,0.85,399,1.04,1.3,2,0.695,0.8687,0,0
IWM191108P159,2019-11-05,2019-11-05 09:30:45,0.71,0.8875,25,0.68,0.85,417,1.04,1.3,2,0.695,0.8687,0,0
IWM191108P159,2019-11-05,2019-11-05 09:30:45,0.71,0.8875,25,0.69,0.8625,274,1.04,1.3,2,0.7,0.875,0,0
IWM191108P159,2019-11-05,2019-11-05 09:30:46,0.71,0.8875,25,0.69,0.8625,274,1.04,1.3,2,0.7,0.875,0,0
IWM191108P159,2019-11-05,2019-11-05 09:30:46,0.71,0.8875,25,0.69,0.8625,298,1.04,1.3,2,0.7,0.875,0,0
IWM191108P159,2019-11-05,2019-11-05 09:30:47,0.73,0.9125,25,0.7,0.875,93,1.04,1.3,2,0.715,0.8937,0,0
IWM191108P159,2019-11-05,2019-11-05 09:30:47,0.71,0.8875,25,0.69,0.8625,298,1.04,1.3,2,0.7,0.875,0,0
IWM191108P159,2019-11-05,2019-11-05 09:30:48,0.74,0.925,36,0.71,0.8875,136,1.04,1.3,2,0.725,0.9062,0,0
IWM191108P159,2019-11-05,2019-11-05 09:30:48,0.76,0.95,114,0.71,0.8875,347,1.04,1.3,2,0.735,0.9187,0,0
IWM191108P159,2019-11-05,2019-11-05 09:30:49,0.74,0.925,50,0.71,0.8875,136,1.04,1.3,2,0.725,0.9062,0,0
IWM191108P159,2019-11-05,2019-11-05 09:30:50,0.74,0.925,20,0.71,0.8875,124,1.04,1.3,2,0.725,0.9062,0,0
IWM191108P159,2019-11-05,2019-11-05 09:30:50,0.74,0.925,32,0.71,0.8875,13,1.04,1.3,2,0.725,0.9062,0,0
IWM191108P159,2019-11-05,2019-11-05 09:30:51,0.72,0.9,25,0.69,0.8625,155,1.04,1.3,2,0.705,0.8812,0,0
IWM191108P159,2019-11-05,2019-11-05 09:30:51,0.74,0.925,20,0.71,0.8875,13,1.04,1.3,2,0.725,0.9062,0,0
IWM191108P159,2019-11-05,2019-11-05 09:30:52,0.72,0.9,68,0.69,0.8625,43,1.04,1.3,2,0.705,0.8812,0,0
IWM191108P159,2019-11-05,2019-11-05 09:30:52,0.72,0.9,68,0.69,0.8625,54,1.04,1.3,2,0.705,0.8812,0,0
IWM191108P159,2019-11-05,2019-11-05 09:30:53,0.72,0.9,56,0.69,0.8625,10,1.04,1.3,2,0.705,0.8812,0,0
IWM191108P159,2019-11-05,2019-11-05 09:30:53,0.72,0.9,68,0.69,0.8625,220,1.04,1.3,2,0.705,0.8812,0,0
IWM191108P159,2019-11-05,2019-11-05 09:30:54,0.72,0.9,54,0.69,0.8625,304,1.04,1.3,2,0.705,0.8812,0,0
IWM191108P159,2019-11-05,2019-11-05 09:30:54,0.72,0.9,54,0.69,0.8625,260,1.04,1.3,2,0.705,0.8812,0,0
IWM191108P159,2019-11-05,2019-11-05 09:30:55,0.72,0.9,70,0.69,0.8625,79,1.04,1.3,2,0.705,0.8812,0,0
IWM191108P159,2019-11-05,2019-11-05 09:30:55,0.72,0.9,54,0.69,0.8625,309,1.04,1.3,2,0.705,0.8812,0,0
IWM191108P159,2019-11-05,2019-11-05 09:30:56,0.71,0.8875,25,0.69,0.8625,11,1.04,1.3,2,0.7,0.875,0,0
IWM191108P159,2019-11-05,2019-11-05 09:30:56,0.71,0.8875,25,0.69,0.8625,44,1.04,1.3,2,0.7,0.875,0,0
IWM191108P159,2019-11-05,2019-11-05 09:30:57,0.71,0.8875,25,0.69,0.8625,56,1.04,1.3,2,0.7,0.875,0,0
IWM191108P159,2019-11-05,2019-11-05 09:30:57,0.72,0.9,25,0.69,0.8625,234,1.04,1.3,2,0.705,0.8812,0,0
IWM191108P159,2019-11-05,2019-11-05 09:30:58,0.72,0.9,25,0.69,0.8625,288,1.04,1.3,2,0.705,0.8812,0,0
IWM191108P159,2019-11-05,2019-11-05 09:30:58,0.72,0.9,25,0.7,0.875,123,1.04,1.3,2,0.71,0.8875,0,0
IWM191108P159,2019-11-05,2019-11-05 09:30:59,0.73,0.9125,25,0.7,0.875,326,1.04,1.3,2,0.715,0.8937,0,0
IWM191108P159,2019-11-05,2019-11-05 09:30:59,0.74,0.925,124,0.7,0.875,455,1.04,1.3,2,0.72,0.9,0,0
IWM191108P159,2019-11-05,2019-11-05 09:31:00,0.74,0.925,124,0.7,0.875,248,1.04,1.3,2,0.72,0.9,0,0
IWM191108P159,2019-11-05,2019-11-05 09:31:00,0.71,0.8875,25,0.7,0.875,10,1.04,1.3,2,0.705,0.8812,0,0
IWM191108P159,2019-11-05,2019-11-05 09:31:01,0.71,0.8875,25,0.69,0.8625,136,1.04,1.3,2,0.7,0.875,0,0
IWM191108P159,2019-11-05,2019-11-05 09:31:01,0.73,0.9125,48,0.7,0.875,262,1.04,1.3,2,0.715,0.8937,0,0
IWM191108P159,2019-11-05,2019-11-05 09:31:02,0.74,0.925,10,0.71,0.8875,172,1.04,1.3,2,0.725,0.9062,0,0
IWM191108P159,2019-11-05,2019-11-05 09:31:02,0.76,0.95,150,0.71,0.8875,267,1.04,1.3,2,0.735,0.9187,0,0
IWM191108P159,2019-11-05,2019-11-05 09:31:03,0.75,0.9375,249,0.71,0.8875,54,1.04,1.3,2,0.73,0.9125,0,0
IWM191108P159,2019-11-05,2019-11-05 09:31:04,0.75,0.9375,203,0.71,0.8875,20,1.04,1.3,2,0.73,0.9125,0,0
IWM191108P159,2019-11-05,2019-11-05 09:31:04,0.75,0.9375,450,0.7,0.875,417,1.04,1.3,2,0.725,0.9062,0,0
IWM191108P159,2019-11-05,2019-11-05 09:31:05,0.74,0.925,30,0.71,0.8875,41,1.04,1.3,2,0.725,0.9062,0,0
IWM191108P159,2019-11-05,2019-11-05 09:31:05,0.75,0.9375,416,0.71,0.8875,20,1.04,1.3,2,0.73,0.9125,0,0
IWM191108P159,2019-11-05,2019-11-05 09:31:06,0.74,0.925,23,0.71,0.8875,251,1.04,1.3,2,0.725,0.9062,0,0
IWM191108P159,2019-11-05,2019-11-05 09:31:06,0.72,0.9,37,0.71,0.8875,75,1.04,1.3,2,0.715,0.8937,0,0
IWM191108P159,2019-11-05,2019-11-05 09:31:07,0.72,0.9,37,0.69,0.8625,193,1.04,1.3,2,0.705,0.8812,0,0
IWM191108P159,2019-11-05,2019-11-05 09:31:07,0.72,0.9,53,0.69,0.8625,347,1.04,1.3,2,0.705,0.8812,0,0
IWM191108P159,2019-11-05,2019-11-05 09:31:08,0.72,0.9,156,0.69,0.8625,211,1.04,1.3,2,0.705,0.8812,0,0
IWM191108P159,2019-11-05,2019-11-05 09:31:08,0.72,0.9,156,0.69,0.8625,172,1.04,1.3,2,0.705,0.8812,0,0
IWM191108P159,2019-11-05,2019-11-05 09:31:09,0.72,0.9,99,0.69,0.8625,238,1.04,1.3,2,0.705,0.8812,0,0
IWM191108P159,2019-11-05,2019-11-05 09:31:09,0.74,0.925,21,0.71,0.8875,49,1.04,1.3,2,0.725,0.9062,0,0
IWM191108P159,2019-11-05,2019-11-05 09:31:10,0.74,0.925,31,0.71,0.8875,63,1.04,1.3,2,0.725,0.9062,0,0
IWM191108P159,2019-11-05,2019-11-05 09:31:10,0.74,0.925,31,0.71,0.8875,79,1.04,1.3,2,0.725,0.9062,0,0
IWM191108P159,2019-11-05,2019-11-05 09:31:11,0.74,0.925,36,0.71,0.8875,63,1.04,1.3,2,0.725,0.9062,0,0
IWM191108P159,2019-11-05,2019-11-05 09:31:11,0.73,0.9125,20,0.71,0.8875,63,1.04,1.3,2,0.72,0.9,0,0
IWM191108P159,2019-11-05,2019-11-05 09:31:12,0.72,0.9,25,0.7,0.875,125,1.04,1.3,2,0.71,0.8875,0,0
IWM191108P159,2019-11-05,2019-11-05 09:31:12,0.72,0.9,35,0.7,0.875,123,1.04,1.3,2,0.71,0.8875,0,0
IWM191108P159,2019-11-05,2019-11-05 09:31:13,0.72,0.9,53,0.7,0.875,40,1.04,1.3,2,0.71,0.8875,0,0
IWM191108P159,2019-11-05,2019-11-05 09:31:14,0.71,0.8875,25,0.69,0.8625,152,1.04,1.3,2,0.7,0.875,0,0
IWM191108P159,2019-11-05,2019-11-05 09:31:14,0.71,0.8875,69,0.69,0.8625,20,1.04,1.3,2,0.7,0.875,0,0
IWM191108P159,2019-11-05,2019-11-05 09:31:15,0.71,0.8875,150,0.68,0.85,626,1.04,1.3,2,0.695,0.8687,0,0
IWM191108P159,2019-11-05,2019-11-05 09:31:15,0.71,0.8875,80,0.68,0.85,228,1.04,1.3,2,0.695,0.8687,0,0
IWM191108P159,2019-11-05,2019-11-05 09:31:16,0.71,0.8875,115,0.68,0.85,105,1.04,1.3,2,0.695,0.8687,0,0
IWM191108P159,2019-11-05,2019-11-05 09:31:16,0.71,0.8875,150,0.68,0.85,626,1.04,1.3,2,0.695,0.8687,0,0
IWM191108P159,2019-11-05,2019-11-05 09:31:17,0.74,0.925,44,0.67,0.8375,349,1.04,1.3,2,0.705,0.8812,0,0
IWM191108P159,2019-11-05,2019-11-05 09:31:17,0.7,0.875,46,0.68,0.85,105,1.04,1.3,2,0.69,0.8625,0,0
IWM191108P159,2019-11-05,2019-11-05 09:31:18,0.71,0.8875,70,0.68,0.85,314,1.04,1.3,2,0.695,0.8687,0,0
IWM191108P159,2019-11-05,2019-11-05 09:31:19,0.71,0.8875,26,0.69,0.8625,115,1.04,1.3,2,0.7,0.875,0,0
IWM191108P159,2019-11-05,2019-11-05 09:31:19,0.71,0.8875,26,0.68,0.85,493,1.04,1.3,2,0.695,0.8687,0,0
IWM191108P159,2019-11-05,2019-11-05 09:31:20,0.71,0.8875,44,0.69,0.8625,125,1.04,1.3,2,0.7,0.875,0,0
IWM191108P159,2019-11-05,2019-11-05 09:31:20,0.71,0.8875,26,0.69,0.8625,413,1.04,1.3,2,0.7,0.875,0,0
IWM191108P159,2019-11-05,2019-11-05 09:31:21,0.71,0.8875,76,0.68,0.85,498,1.04,1.3,2,0.695,0.8687,0,0
IWM191108P159,2019-11-05,2019-11-05 09:31:21,0.71,0.8875,85,0.69,0.8625,38,1.04,1.3,2,0.7,0.875,0,0
IWM191108P159,2019-11-05,2019-11-05 09:31:22,0.71,0.8875,66,0.68,0.85,566,1.04,1.3,2,0.695,0.8687,0,0
IWM191108P159,2019-11-05,2019-11-05 09:31:22,0.71,0.8875,92,0.68,0.85,548,1.04,1.3,2,0.695,0.8687,0,0
IWM191108P159,2019-11-05,2019-11-05 09:31:23,0.7,0.875,26,0.68,0.85,194,1.04,1.3,2,0.69,0.8625,0,0
IWM191108P159,2019-11-05,2019-11-05 09:31:23,0.7,0.875,26,0.68,0.85,381,1.04,1.3,2,0.69,0.8625,0,0
IWM191108P159,2019-11-05,2019-11-05 09:31:24,0.7,0.875,108,0.67,0.8375,353,1.04,1.3,2,0.685,0.8562,0,0
IWM191108P159,2019-11-05,2019-11-05 09:31:24,0.7,0.875,79,0.68,0.85,100,1.04,1.3,2,0.69,0.8625,0,0
IWM191108P159,2019-11-05,2019-11-05 09:31:25,0.7,0.875,45,0.68,0.85,348,1.04,1.3,2,0.69,0.8625,0,0
IWM191108P159,2019-11-05,2019-11-05 09:31:26,0.7,0.875,45,0.68,0.85,120,1.04,1.3,2,0.69,0.8625,0,0
IWM191108P159,2019-11-05,2019-11-05 09:31:26,0.7,0.875,45,0.68,0.85,109,1.04,1.3,2,0.69,0.8625,0,0
IWM191108P159,2019-11-05,2019-11-05 09:31:27,0.7,0.875,26,0.68,0.85,134,1.04,1.3,2,0.69,0.8625,0,0
IWM191108P159,2019-11-05,2019-11-05 09:31:27,0.71,0.8875,127,0.68,0.85,330,1.04,1.3,2,0.695,0.8687,0,0
IWM191108P159,2019-11-05,2019-11-05 09:31:28,0.71,0.8875,68,0.68,0.85,200,0.69,0.8625,4,0.695,0.8687,4,4
IWM191108P159,2019-11-05,2019-11-05 09:31:28,0.7,0.875,26,0.68,0.85,120,1.04,1.3,2,0.69,0.8625,0,0
IWM191108P159,2019-11-05,2019-11-05 09:31:29,0.71,0.8875,68,0.68,0.85,223,0.69,0.8625,4,0.695,0.8687,4,0
IWM191108P159,2019-11-05,2019-11-05 09:31:29,0.71,0.8875,68,0.68,0.85,267,0.69,0.8625,4,0.695,0.8687,4,0
IWM191108P159,2019-11-05,2019-11-05 09:31:30,0.71,0.8875,240,0.68,0.85,597,0.69,0.8625,4,0.695,0.8687,4,0
IWM191108P159,2019-11-05,2019-11-05 09:31:30,0.71,0.8875,240,0.68,0.85,460,0.69,0.8625,4,0.695,0.8687,4,0
IWM191108P159,2019-11-05,2019-11-05 09:31:31,0.71,0.8875,145,0.68,0.85,465,0.69,0.8625,4,0.695,0.8687,4,0
IWM191108P159,2019-11-05,2019-11-05 09:31:31,0.71,0.8875,204,0.68,0.85,597,0.69,0.8625,4,0.695,0.8687,4,0
IWM191108P159,2019-11-05,2019-11-05 09:31:32,0.72,0.9,378,0.68,0.85,471,0.69,0.8625,4,0.7,0.875,4,0
IWM191108P159,2019-11-05,2019-11-05 09:31:33,0.72,0.9,392,0.68,0.85,296,0.69,0.8625,4,0.7,0.875,4,0
IWM191108P159,2019-11-05,2019-11-05 09:31:33,0.72,0.9,632,0.68,0.85,716,0.69,0.8625,4,0.7,0.875,4,0
IWM191108P159,2019-11-05,2019-11-05 09:31:34,0.71,0.8875,115,0.68,0.85,356,0.69,0.8625,4,0.695,0.8687,4,0
IWM191108P159,2019-11-05,2019-11-05 09:31:34,0.71,0.8875,125,0.68,0.85,204,0.69,0.8625,4,0.695,0.8687,4,0
IWM191108P159,2019-11-05,2019-11-05 09:31:35,0.71,0.8875,143,0.68,0.85,179,0.69,0.8625,4,0.695,0.8687,4,0
IWM191108P159,2019-11-05,2019-11-05 09:31:35,0.71,0.8875,184,0.68,0.85,121,0.69,0.8625,4,0.695,0.8687,4,0
IWM191108P159,2019-11-05,2019-11-05 09:31:36,0.71,0.8875,507,0.68,0.85,156,0.69,0.8625,4,0.695,0.8687,4,0
IWM191108P159,2019-11-05,2019-11-05 09:31:36,0.71,0.8875,578,0.68,0.85,120,0.69,0.8625,4,0.695,0.8687,4,0
IWM191108P159,2019-11-05,2019-11-05 09:31:37,0.7,0.875,78,0.67,0.8375,486,0.69,0.8625,4,0.685,0.8562,4,0
IWM191108P159,2019-11-05,2019-11-05 09:31:37,0.7,0.875,92,0.67,0.8375,375,0.69,0.8625,4,0.685,0.8562,4,0
IWM191108P159,2019-11-05,2019-11-05 09:31:38,0.69,0.8625,38,0.67,0.8375,95,0.69,0.8625,4,0.68,0.85,4,0
IWM191108P159,2019-11-05,2019-11-05 09:31:38,0.7,0.875,220,0.67,0.8375,95,0.69,0.8625,4,0.685,0.8562,4,0
IWM191108P159,2019-11-05,2019-11-05 09:31:39,0.7,0.875,40,0.67,0.8375,499,0.69,0.8625,4,0.685,0.8562,4,0
IWM191108P159,2019-11-05,2019-11-05 09:31:39,0.7,0.875,111,0.67,0.8375,459,0.69,0.8625,4,0.685,0.8562,4,0
IWM191108P159,2019-11-05,2019-11-05 09:31:40,0.7,0.875,20,0.68,0.85,108,0.69,0.8625,4,0.69,0.8625,4,0
IWM191108P159,2019-11-05,2019-11-05 09:31:40,0.7,0.875,20,0.67,0.8375,710,0.69,0.8625,4,0.685,0.8562,4,0
IWM191108P159,2019-11-05,2019-11-05 09:31:41,0.71,0.8875,147,0.68,0.85,442,0.69,0.8625,4,0.695,0.8687,4,0
IWM191108P159,2019-11-05,2019-11-05 09:31:41,0.71,0.8875,167,0.68,0.85,340,0.69,0.8625,4,0.695,0.8687,4,0
IWM191108P159,2019-11-05,2019-11-05 09:31:42,0.72,0.9,113,0.69,0.8625,543,0.69,0.8625,4,0.705,0.8812,4,0
IWM191108P159,2019-11-05,2019-11-05 09:31:42,0.72,0.9,82,0.69,0.8625,422,0.69,0.8625,4,0.705,0.8812,4,0
IWM191108P159,2019-11-05,2019-11-05 09:31:43,0.72,0.9,193,0.69,0.8625,505,0.72,0.9,3,0.705,0.8812,7,0
IWM191108P159,2019-11-05,2019-11-05 09:31:43,0.72,0.9,213,0.69,0.8625,505,0.72,0.9,3,0.705,0.8812,7,3
IWM191108P159,2019-11-05,2019-11-05 09:31:44,0.72,0.9,218,0.69,0.8625,591,0.72,0.9,3,0.705,0.8812,7,0
IWM191108P159,2019-11-05,2019-11-05 09:31:44,0.72,0.9,193,0.69,0.8625,505,0.72,0.9,3,0.705,0.8812,7,0
IWM191108P159,2019-11-05,2019-11-05 09:31:45,0.72,0.9,262,0.69,0.8625,591,0.72,0.9,3,0.705,0.8812,7,0
IWM191108P159,2019-11-05,2019-11-05 09:31:46,0.72,0.9,262,0.69,0.8625,591,0.72,0.9,3,0.705,0.8812,7,0
IWM191108P159,2019-11-05,2019-11-05 09:31:47,0.72,0.9,220,0.69,0.8625,480,0.72,0.9,3,0.705,0.8812,7,0
IWM191108P159,2019-11-05,2019-11-05 09:31:47,0.72,0.9,310,0.69,0.8625,269,0.72,0.9,3,0.705,0.8812,7,0
IWM191108P159,2019-11-05,2019-11-05 09:31:48,0.72,0.9,623,0.69,0.8625,169,0.72,0.9,3,0.705,0.8812,7,0
IWM191108P159,2019-11-05,2019-11-05 09:31:48,0.72,0.9,566,0.69,0.8625,174,0.72,0.9,3,0.705,0.8812,7,0
IWM191108P159,2019-11-05,2019-11-05 09:31:49,0.72,0.9,328,0.69,0.8625,234,0.72,0.9,3,0.705,0.8812,7,0
IWM191108P159,2019-11-05,2019-11-05 09:31:49,0.72,0.9,328,0.69,0.8625,84,0.72,0.9,3,0.705,0.8812,7,0
IWM191108P159,2019-11-05,2019-11-05 09:31:50,0.72,0.9,167,0.7,0.875,37,0.72,0.9,3,0.71,0.8875,7,0
IWM191108P159,2019-11-05,2019-11-05 09:31:50,0.72,0.9,167,0.7,0.875,28,0.72,0.9,3,0.71,0.8875,7,0
IWM191108P159,2019-11-05,2019-11-05 09:31:51,0.72,0.9,81,0.69,0.8625,286,0.72,0.9,3,0.705,0.8812,7,0
IWM191108P159,2019-11-05,2019-11-05 09:31:51,0.72,0.9,167,0.7,0.875,28,0.72,0.9,3,0.71,0.8875,7,0
IWM191108P159,2019-11-05,2019-11-05 09:31:52,0.72,0.9,133,0.69,0.8625,505,0.72,0.9,3,0.705,0.8812,7,0
IWM191108P159,2019-11-05,2019-11-05 09:31:52,0.72,0.9,133,0.69,0.8625,550,0.72,0.9,3,0.705,0.8812,7,0
IWM191108P159,2019-11-05,2019-11-05 09:31:53,0.72,0.9,133,0.69,0.8625,505,0.72,0.9,3,0.705,0.8812,7,0
IWM191108P159,2019-11-05,2019-11-05 09:31:53,0.72,0.9,133,0.69,0.8625,514,0.72,0.9,3,0.705,0.8812,7,0
IWM191108P159,2019-11-05,2019-11-05 09:31:54,0.72,0.9,10,0.7,0.875,73,0.72,0.9,3,0.71,0.8875,7,0
IWM191108P159,2019-11-05,2019-11-05 09:31:54,0.72,0.9,133,0.69,0.8625,541,0.72,0.9,3,0.705,0.8812,7,0
IWM191108P159,2019-11-05,2019-11-05 09:31:55,0.72,0.9,92,0.7,0.875,41,0.72,0.9,3,0.71,0.8875,7,0
IWM191108P159,2019-11-05,2019-11-05 09:31:55,0.72,0.9,82,0.69,0.8625,491,0.72,0.9,3,0.705,0.8812,7,0
IWM191108P159,2019-11-05,2019-11-05 09:31:56,0.72,0.9,30,0.69,0.8625,647,0.72,0.9,3,0.705,0.8812,7,0
IWM191108P159,2019-11-05,2019-11-05 09:31:56,0.72,0.9,55,0.69,0.8625,627,0.72,0.9,3,0.705,0.8812,7,0
IWM191108P159,2019-11-05,2019-11-05 09:31:57,0.72,0.9,34,0.69,0.8625,546,0.72,0.9,3,0.705,0.8812,7,0
IWM191108P159,2019-11-05,2019-11-05 09:31:57,0.72,0.9,66,0.69,0.8625,122,0.72,0.9,3,0.705,0.8812,7,0
IWM191108P159,2019-11-05,2019-11-05 09:31:58,0.72,0.9,559,0.69,0.8625,115,0.72,0.9,3,0.705,0.8812,7,0
IWM191108P159,2019-11-05,2019-11-05 09:31:58,0.72,0.9,593,0.69,0.8625,122,0.72,0.9,3,0.705,0.8812,7,0
IWM191108P159,2019-11-05,2019-11-05 09:31:59,0.72,0.9,226,0.69,0.8625,105,0.72,0.9,3,0.705,0.8812,7,0
IWM191108P159,2019-11-05,2019-11-05 09:31:59,0.72,0.9,460,0.69,0.8625,105,0.72,0.9,3,0.705,0.8812,7,0
IWM191108P159,2019-11-05,2019-11-05 09:32:00,0.72,0.9,168,0.69,0.8625,106,0.72,0.9,3,0.705,0.8812,7,0
IWM191108P159,2019-11-05,2019-11-05 09:32:01,0.72,0.9,142,0.69,0.8625,393,0.72,0.9,3,0.705,0.8812,7,0
IWM191108P159,2019-11-05,2019-11-05 09:32:01,0.72,0.9,142,0.69,0.8625,192,0.72,0.9,3,0.705,0.8812,7,0
IWM191108P159,2019-11-05,2019-11-05 09:32:02,0.71,0.8875,14,0.69,0.8625,426,0.72,0.9,3,0.7,0.875,7,0
IWM191108P159,2019-11-05,2019-11-05 09:32:02,0.71,0.8875,14,0.69,0.8625,237,0.72,0.9,3,0.7,0.875,7,0
IWM191108P159,2019-11-05,2019-11-05 09:32:03,0.71,0.8875,14,0.69,0.8625,63,0.72,0.9,3,0.7,0.875,7,0
IWM191108P159,2019-11-05,2019-11-05 09:32:03,0.72,0.9,451,0.69,0.8625,22,0.72,0.9,3,0.705,0.8812,7,0
IWM191108P159,2019-11-05,2019-11-05 09:32:04,0.71,0.8875,31,0.69,0.8625,78,0.72,0.9,3,0.7,0.875,7,0
IWM191108P159,2019-11-05,2019-11-05 09:32:04,0.71,0.8875,21,0.69,0.8625,29,0.72,0.9,3,0.7,0.875,7,0
IWM191108P159,2019-11-05,2019-11-05 09:32:05,0.72,0.9,45,0.7,0.875,36,0.72,0.9,3,0.71,0.8875,7,0
IWM191108P159,2019-11-05,2019-11-05 09:32:05,0.72,0.9,75,0.69,0.8625,474,0.72,0.9,3,0.705,0.8812,7,0
IWM191108P159,2019-11-05,2019-11-05 09:32:06,0.72,0.9,45,0.7,0.875,70,0.72,0.9,3,0.71,0.8875,7,0
IWM191108P159,2019-11-05,2019-11-05 09:32:06,0.72,0.9,45,0.7,0.875,49,0.72,0.9,3,0.71,0.8875,7,0
IWM191108P159,2019-11-05,2019-11-05 09:32:07,0.71,0.8875,16,0.69,0.8625,52,0.72,0.9,3,0.7,0.875,7,0
IWM191108P159,2019-11-05,2019-11-05 09:32:07,0.71,0.8875,16,0.69,0.8625,235,0.72,0.9,3,0.7,0.875,7,0
IWM191108P159,2019-11-05,2019-11-05 09:32:08,0.71,0.8875,16,0.69,0.8625,257,0.72,0.9,3,0.7,0.875,7,0
IWM191108P159,2019-11-05,2019-11-05 09:32:09,0.71,0.8875,29,0.69,0.8625,98,0.72,0.9,3,0.7,0.875,7,0
IWM191108P159,2019-11-05,2019-11-05 09:32:09,0.71,0.8875,43,0.69,0.8625,98,0.72,0.9,3,0.7,0.875,7,0
IWM191108P159,2019-11-05,2019-11-05 09:32:10,0.71,0.8875,64,0.69,0.8625,47,0.72,0.9,3,0.7,0.875,7,0
IWM191108P159,2019-11-05,2019-11-05 09:32:11,0.71,0.8875,138,0.69,0.8625,10,0.72,0.9,3,0.7,0.875,7,0
IWM191108P159,2019-11-05,2019-11-05 09:32:11,0.71,0.8875,224,0.68,0.85,145,0.72,0.9,3,0.695,0.8687,7,0
IWM191108P159,2019-11-05,2019-11-05 09:32:12,0.7,0.875,20,0.68,0.85,63,0.72,0.9,3,0.69,0.8625,7,0
IWM191108P159,2019-11-05,2019-11-05 09:32:12,0.7,0.875,10,0.68,0.85,60,0.72,0.9,3,0.69,0.8625,7,0
IWM191108P159,2019-11-05,2019-11-05 09:32:13,0.71,0.8875,95,0.69,0.8625,20,0.72,0.9,3,0.7,0.875,7,0
IWM191108P159,2019-11-05,2019-11-05 09:32:13,0.71,0.8875,55,0.69,0.8625,20,0.72,0.9,3,0.7,0.875,7,0
IWM191108P159,2019-11-05,2019-11-05 09:32:14,0.71,0.8875,19,0.69,0.8625,20,0.72,0.9,3,0.7,0.875,7,0
IWM191108P159,2019-11-05,2019-11-05 09:32:15,0.71,0.8875,41,0.69,0.8625,92,0.72,0.9,3,0.7,0.875,7,0
IWM191108P159,2019-11-05,2019-11-05 09:32:15,0.71,0.8875,20,0.69,0.8625,92,0.72,0.9,3,0.7,0.875,7,0
IWM191108P159,2019-11-05,2019-11-05 09:32:16,0.69,0.8625,8,0.67,0.8375,526,0.72,0.9,3,0.68,0.85,7,0
IWM191108P159,2019-11-05,2019-11-05 09:32:16,0.69,0.8625,8,0.67,0.8375,364,0.72,0.9,3,0.68,0.85,7,0
IWM191108P159,2019-11-05,2019-11-05 09:32:17,0.69,0.8625,8,0.67,0.8375,390,0.72,0.9,3,0.68,0.85,7,0
IWM191108P159,2019-11-05,2019-11-05 09:32:17,0.69,0.8625,8,0.67,0.8375,531,0.72,0.9,3,0.68,0.85,7,0
IWM191108P159,2019-11-05,2019-11-05 09:32:18,0.7,0.875,49,0.67,0.8375,576,0.72,0.9,3,0.685,0.8562,7,0
IWM191108P159,2019-11-05,2019-11-05 09:32:18,0.69,0.8625,8,0.67,0.8375,320,0.72,0.9,3,0.68,0.85,7,0
IWM191108P159,2019-11-05,2019-11-05 09:32:19,0.7,0.875,70,0.67,0.8375,519,0.72,0.9,3,0.685,0.8562,7,0
IWM191108P159,2019-11-05,2019-11-05 09:32:20,0.7,0.875,70,0.67,0.8375,519,0.72,0.9,3,0.685,0.8562,7,0
IWM191108P159,2019-11-05,2019-11-05 09:32:21,0.7,0.875,465,0.67,0.8375,242,0.72,0.9,3,0.685,0.8562,7,0
IWM191108P159,2019-11-05,2019-11-05 09:32:21,0.7,0.875,546,0.67,0.8375,242,0.72,0.9,3,0.685,0.8562,7,0
IWM191108P159,2019-11-05,2019-11-05 09:32:22,0.7,0.875,146,0.67,0.8375,570,0.72,0.9,3,0.685,0.8562,7,0
IWM191108P159,2019-11-05,2019-11-05 09:32:22,0.7,0.875,293,0.67,0.8375,581,0.72,0.9,3,0.685,0.8562,7,0
IWM191108P159,2019-11-05,2019-11-05 09:32:23,0.7,0.875,146,0.67,0.8375,570,0.72,0.9,3,0.685,0.8562,7,0
IWM191108P159,2019-11-05,2019-11-05 09:32:24,0.7,0.875,146,0.67,0.8375,570,0.72,0.9,3,0.685,0.8562,7,0
IWM191108P159,2019-11-05,2019-11-05 09:32:24,0.7,0.875,146,0.67,0.8375,481,0.72,0.9,3,0.685,0.8562,7,0
IWM191108P159,2019-11-05,2019-11-05 09:32:25,0.69,0.8625,52,0.67,0.8375,48,0.72,0.9,3,0.68,0.85,7,0
IWM191108P159,2019-11-05,2019-11-05 09:32:25,0.69,0.8625,20,0.67,0.8375,48,0.72,0.9,3,0.68,0.85,7,0
IWM191108P159,2019-11-05,2019-11-05 09:32:26,0.69,0.8625,177,0.66,0.825,500,0.72,0.9,3,0.675,0.8437,7,0
IWM191108P159,2019-11-05,2019-11-05 09:32:26,0.69,0.8625,222,0.66,0.825,362,0.72,0.9,3,0.675,0.8437,7,0
IWM191108P159,2019-11-05,2019-11-05 09:32:27,0.69,0.8625,222,0.66,0.825,362,0.72,0.9,3,0.675,0.8437,7,0
IWM191108P159,2019-11-05,2019-11-05 09:32:27,0.69,0.8625,139,0.67,0.8375,10,0.72,0.9,3,0.68,0.85,7,0
IWM191108P159,2019-11-05,2019-11-05 09:32:28,0.69,0.8625,494,0.67,0.8375,10,0.72,0.9,3,0.68,0.85,7,0
IWM191108P159,2019-11-05,2019-11-05 09:32:28,0.68,0.85,21,0.66,0.825,136,0.72,0.9,3,0.67,0.8375,7,0
IWM191108P159,2019-11-05,2019-11-05 09:32:29,0.68,0.85,39,0.65,0.8125,283,0.72,0.9,3,0.665,0.8312,7,0
IWM191108P159,2019-11-05,2019-11-05 09:32:29,0.68,0.85,10,0.66,0.825,136,0.72,0.9,3,0.67,0.8375,7,0
IWM191108P159,2019-11-05,2019-11-05 09:32:30,0.68,0.85,39,0.66,0.825,24,0.72,0.9,3,0.67,0.8375,7,0
IWM191108P159,2019-11-05,2019-11-05 09:32:31,0.68,0.85,437,0.66,0.825,12,0.72,0.9,3,0.67,0.8375,7,0
IWM191108P159,2019-11-05,2019-11-05 09:32:31,0.68,0.85,437,0.65,0.8125,420,0.72,0.9,3,0.665,0.8312,7,0
IWM191108P159,2019-11-05,2019-11-05 09:32:32,0.68,0.85,14,0.66,0.825,91,0.72,0.9,3,0.67,0.8375,7,0
IWM191108P159,2019-11-05,2019-11-05 09:32:32,0.69,0.8625,277,0.66,0.825,124,0.72,0.9,3,0.675,0.8437,7,0
IWM191108P159,2019-11-05,2019-11-05 09:32:33,0.68,0.85,21,0.66,0.825,314,0.72,0.9,3,0.67,0.8375,7,0
IWM191108P159,2019-11-05,2019-11-05 09:32:33,0.68,0.85,16,0.66,0.825,404,0.72,0.9,3,0.67,0.8375,7,0
IWM191108P159,2019-11-05,2019-11-05 09:32:34,0.68,0.85,21,0.66,0.825,97,0.72,0.9,3,0.67,0.8375,7,0
IWM191108P159,2019-11-05,2019-11-05 09:32:34,0.68,0.85,21,0.66,0.825,116,0.72,0.9,3,0.67,0.8375,7,0
IWM191108P159,2019-11-05,2019-11-05 09:32:35,0.68,0.85,21,0.66,0.825,116,0.72,0.9,3,0.67,0.8375,7,0
IWM191108P159,2019-11-05,2019-11-05 09:32:36,0.68,0.85,21,0.66,0.825,64,0.72,0.9,3,0.67,0.8375,7,0
IWM191108P159,2019-11-05,2019-11-05 09:32:36,0.69,0.8625,26,0.66,0.825,597,0.72,0.9,3,0.675,0.8437,7,0
IWM191108P159,2019-11-05,2019-11-05 09:32:37,0.69,0.8625,11,0.67,0.8375,10,0.69,0.8625,1,0.68,0.85,8,1
IWM191108P159,2019-11-05,2019-11-05 09:32:37,0.69,0.8625,555,0.67,0.8375,10,0.69,0.8625,1,0.68,0.85,8,0
IWM191108P159,2019-11-05,2019-11-05 09:32:38,0.68,0.85,11,0.66,0.825,47,0.69,0.8625,1,0.67,0.8375,8,0
IWM191108P159,2019-11-05,2019-11-05 09:32:38,0.69,0.8625,480,0.66,0.825,38,0.69,0.8625,1,0.675,0.8437,8,0
IWM191108P159,2019-11-05,2019-11-05 09:32:39,0.68,0.85,20,0.67,0.8375,1,0.67,0.8375,2,0.675,0.8437,10,0
IWM191108P159,2019-11-05,2019-11-05 09:32:39,0.68,0.85,11,0.67,0.8375,1,0.67,0.8375,2,0.675,0.8437,10,2
IWM191108P159,2019-11-05,2019-11-05 09:32:40,0.68,0.85,20,0.66,0.825,231,0.67,0.8375,2,0.67,0.8375,10,0
IWM191108P159,2019-11-05,2019-11-05 09:32:40,0.68,0.85,20,0.67,0.8375,1,0.67,0.8375,2,0.675,0.8437,10,0
IWM191108P159,2019-11-05,2019-11-05 09:32:41,0.68,0.85,20,0.66,0.825,263,0.67,0.8375,2,0.67,0.8375,10,0
IWM191108P159,2019-11-05,2019-11-05 09:32:42,0.69,0.8625,28,0.66,0.825,590,0.67,0.8375,2,0.675,0.8437,10,0
IWM191108P159,2019-11-05,2019-11-05 09:32:42,0.69,0.8625,28,0.66,0.825,263,0.67,0.8375,2,0.675,0.8437,10,0
IWM191108P159,2019-11-05,2019-11-05 09:32:43,0.69,0.8625,28,0.66,0.825,653,0.67,0.8375,2,0.675,0.8437,10,0
IWM191108P159,2019-11-05,2019-11-05 09:32:43,0.69,0.8625,168,0.66,0.825,512,0.67,0.8375,2,0.675,0.8437,10,0
IWM191108P159,2019-11-05,2019-11-05 09:32:44,0.69,0.8625,180,0.66,0.825,657,0.67,0.8375,2,0.675,0.8437,10,0
IWM191108P159,2019-11-05,2019-11-05 09:32:44,0.69,0.8625,144,0.66,0.825,657,0.67,0.8375,2,0.675,0.8437,10,0
IWM191108P159,2019-11-05,2019-11-05 09:32:45,0.69,0.8625,585,0.66,0.825,365,0.67,0.8375,2,0.675,0.8437,10,0
IWM191108P159,2019-11-05,2019-11-05 09:32:45,0.69,0.8625,69,0.67,0.8375,75,0.67,0.8375,2,0.68,0.85,10,0
IWM191108P159,2019-11-05,2019-11-05 09:32:46,0.68,0.85,12,0.66,0.825,499,0.67,0.8375,2,0.67,0.8375,10,0
IWM191108P159,2019-11-05,2019-11-05 09:32:46,0.68,0.85,12,0.66,0.825,533,0.67,0.8375,2,0.67,0.8375,10,0
IWM191108P159,2019-11-05,2019-11-05 09:32:47,0.68,0.85,29,0.66,0.825,499,0.67,0.8375,2,0.67,0.8375,10,0
IWM191108P159,2019-11-05,2019-11-05 09:32:47,0.69,0.8625,144,0.67,0.8375,14,0.67,0.8375,2,0.68,0.85,10,0
IWM191108P159,2019-11-05,2019-11-05 09:32:48,0.69,0.8625,144,0.67,0.8375,61,0.67,0.8375,2,0.68,0.85,10,0
IWM191108P159,2019-11-05,2019-11-05 09:32:48,0.69,0.8625,144,0.67,0.8375,62,0.67,0.8375,2,0.68,0.85,10,0
IWM191108P159,2019-11-05,2019-11-05 09:32:49,0.69,0.8625,69,0.67,0.8375,281,0.67,0.8375,2,0.68,0.85,10,0
IWM191108P159,2019-11-05,2019-11-05 09:32:50,0.69,0.8625,69,0.67,0.8375,346,0.67,0.8375,2,0.68,0.85,10,0
IWM191108P159,2019-11-05,2019-11-05 09:32:51,0.69,0.8625,69,0.65,0.8125,252,0.67,0.8375,2,0.67,0.8375,10,0
IWM191108P159,2019-11-05,2019-11-05 09:32:51,0.68,0.85,24,0.66,0.825,103,0.67,0.8375,2,0.67,0.8375,10,0
IWM191108P159,2019-11-05,2019-11-05 09:32:52,0.68,0.85,204,0.65,0.8125,321,0.67,0.8375,2,0.665,0.8312,10,0
IWM191108P159,2019-11-05,2019-11-05 09:32:52,0.68,0.85,8,0.66,0.825,118,0.67,0.8375,2,0.67,0.8375,10,0
IWM191108P159,2019-11-05,2019-11-05 09:32:53,0.69,0.8625,506,0.66,0.825,352,0.67,0.8375,2,0.675,0.8437,10,0
IWM191108P159,2019-11-05,2019-11-05 09:32:53,0.67,0.8375,10,0.66,0.825,41,0.67,0.8375,2,0.665,0.8312,10,0
IWM191108P159,2019-11-05,2019-11-05 09:32:54,0.67,0.8375,10,0.65,0.8125,498,0.67,0.8375,2,0.66,0.825,10,0
IWM191108P159,2019-11-05,2019-11-05 09:32:54,0.67,0.8375,6,0.65,0.8125,206,0.67,0.8375,2,0.66,0.825,10,0
IWM191108P159,2019-11-05,2019-11-05 09:32:55,0.67,0.8375,105,0.65,0.8125,51,0.67,0.8375,2,0.66,0.825,10,0
IWM191108P159,2019-11-05,2019-11-05 09:32:55,0.67,0.8375,367,0.64,0.8,475,0.67,0.8375,2,0.655,0.8187,10,0
IWM191108P159,2019-11-05,2019-11-05 09:32:56,0.66,0.825,44,0.64,0.8,118,0.67,0.8375,2,0.65,0.8125,10,0
IWM191108P159,2019-11-05,2019-11-05 09:32:56,0.66,0.825,44,0.64,0.8,131,0.67,0.8375,2,0.65,0.8125,10,0
IWM191108P159,2019-11-05,2019-11-05 09:32:57,0.66,0.825,20,0.64,0.8,176,0.67,0.8375,2,0.65,0.8125,10,0
IWM191108P159,2019-11-05,2019-11-05 09:32:57,0.66,0.825,44,0.64,0.8,144,0.67,0.8375,2,0.65,0.8125,10,0
IWM191108P159,2019-11-05,2019-11-05 09:32:58,0.66,0.825,20,0.64,0.8,168,0.67,0.8375,2,0.65,0.8125,10,0
IWM191108P159,2019-11-05,2019-11-05 09:32:58,0.66,0.825,38,0.64,0.8,216,0.67,0.8375,2,0.65,0.8125,10,0
IWM191108P159,2019-11-05,2019-11-05 09:32:59,0.66,0.825,103,0.64,0.8,216,0.67,0.8375,2,0.65,0.8125,10,0
IWM191108P159,2019-11-05,2019-11-05 09:32:59,0.66,0.825,28,0.64,0.8,216,0.67,0.8375,2,0.65,0.8125,10,0
IWM191108P159,2019-11-05,2019-11-05 09:33:00,0.66,0.825,20,0.64,0.8,192,0.67,0.8375,2,0.65,0.8125,10,0
IWM191108P159,2019-11-05,2019-11-05 09:33:00,0.66,0.825,20,0.64,0.8,216,0.67,0.8375,2,0.65,0.8125,10,0
IWM191108P159,2019-11-05,2019-11-05 09:33:01,0.67,0.8375,86,0.65,0.8125,105,0.67,0.8375,2,0.66,0.825,10,0
IWM191108P159,2019-11-05,2019-11-05 09:33:01,0.67,0.8375,432,0.65,0.8125,20,0.67,0.8375,2,0.66,0.825,10,0
IWM191108P159,2019-11-05,2019-11-05 09:33:02,0.67,0.8375,85,0.65,0.8125,53,0.67,0.8375,2,0.66,0.825,10,0
IWM191108P159,2019-11-05,2019-11-05 09:33:02,0.67,0.8375,85,0.65,0.8125,38,0.67,0.8375,2,0.66,0.825,10,0
IWM191108P159,2019-11-05,2019-11-05 09:33:03,0.66,0.825,2,0.65,0.8125,14,0.67,0.8375,2,0.655,0.8187,10,0
IWM191108P159,2019-11-05,2019-11-05 09:33:03,0.67,0.8375,95,0.65,0.8125,24,0.67,0.8375,2,0.66,0.825,10,0
IWM191108P159,2019-11-05,2019-11-05 09:33:04,0.66,0.825,21,0.64,0.8,361,0.67,0.8375,2,0.65,0.8125,10,0
IWM191108P159,2019-11-05,2019-11-05 09:33:04,0.66,0.825,21,0.65,0.8125,14,0.67,0.8375,2,0.655,0.8187,10,0
IWM191108P159,2019-11-05,2019-11-05 09:33:05,0.66,0.825,39,0.64,0.8,57,0.67,0.8375,2,0.65,0.8125,10,0
IWM191108P159,2019-11-05,2019-11-05 09:33:06,0.66,0.825,2,0.64,0.8,141,0.67,0.8375,2,0.65,0.8125,10,0
IWM191108P159,2019-11-05,2019-11-05 09:33:06,0.66,0.825,83,0.64,0.8,141,0.67,0.8375,2,0.65,0.8125,10,0
IWM191108P159,2019-11-05,2019-11-05 09:33:07,0.66,0.825,135,0.64,0.8,30,0.67,0.8375,2,0.65,0.8125,10,0
IWM191108P159,2019-11-05,2019-11-05 09:33:07,0.66,0.825,28,0.64,0.8,65,0.67,0.8375,2,0.65,0.8125,10,0
IWM191108P159,2019-11-05,2019-11-05 09:33:08,0.66,0.825,417,0.63,0.7875,453,0.67,0.8375,2,0.645,0.8062,10,0
IWM191108P159,2019-11-05,2019-11-05 09:33:08,0.66,0.825,99,0.63,0.7875,453,0.67,0.8375,2,0.645,0.8062,10,0
IWM191108P159,2019-11-05,2019-11-05 09:33:09,0.66,0.825,417,0.63,0.7875,527,0.67,0.8375,2,0.645,0.8062,10,0
IWM191108P159,2019-11-05,2019-11-05 09:33:09,0.66,0.825,512,0.63,0.7875,632,0.67,0.8375,2,0.645,0.8062,10,0
IWM191108P159,2019-11-05,2019-11-05 09:33:10,0.66,0.825,536,0.63,0.7875,566,0.67,0.8375,2,0.645,0.8062,10,0
IWM191108P159,2019-11-05,2019-11-05 09:33:11,0.66,0.825,536,0.63,0.7875,586,0.67,0.8375,2,0.645,0.8062,10,0
IWM191108P159,2019-11-05,2019-11-05 09:33:11,0.64,0.8,12,0.63,0.7875,98,0.67,0.8375,2,0.635,0.7937,10,0
IWM191108P159,2019-11-05,2019-11-05 09:33:12,0.64,0.8,12,0.63,0.7875,93,0.67,0.8375,2,0.635,0.7937,10,0
IWM191108P159,2019-11-05,2019-11-05 09:33:13,0.65,0.8125,477,0.63,0.7875,93,0.67,0.8375,2,0.64,0.8,10,0
IWM191108P159,2019-11-05,2019-11-05 09:33:13,0.65,0.8125,522,0.63,0.7875,93,0.67,0.8375,2,0.64,0.8,10,0
IWM191108P159,2019-11-05,2019-11-05 09:33:14,0.65,0.8125,493,0.62,0.775,125,0.67,0.8375,2,0.635,0.7937,10,0
IWM191108P159,2019-11-05,2019-11-05 09:33:14,0.65,0.8125,321,0.62,0.775,75,0.67,0.8375,2,0.635,0.7937,10,0
IWM191108P159,2019-11-05,2019-11-05 09:33:15,0.64,0.8,305,0.62,0.775,125,0.67,0.8375,2,0.63,0.7875,10,0
IWM191108P159,2019-11-05,2019-11-05 09:33:15,0.64,0.8,342,0.62,0.775,125,0.67,0.8375,2,0.63,0.7875,10,0
IWM191108P159,2019-11-05,2019-11-05 09:33:16,0.63,0.7875,338,0.61,0.7625,12,0.67,0.8375,2,0.62,0.775,10,0
IWM191108P159,2019-11-05,2019-11-05 09:33:16,0.64,0.8,441,0.6,0.75,200,0.67,0.8375,2,0.62,0.775,10,0
IWM191108P159,2019-11-05,2019-11-05 09:33:17,0.63,0.7875,100,0.61,0.7625,261,0.67,0.8375,2,0.62,0.775,10,0
IWM191108P159,2019-11-05,2019-11-05 09:33:17,0.63,0.7875,100,0.61,0.7625,87,0.67,0.8375,2,0.62,0.775,10,0
IWM191108P159,2019-11-05,2019-11-05 09:33:18,0.63,0.7875,100,0.61,0.7625,278,0.67,0.8375,2,0.62,0.775,10,0
IWM191108P159,2019-11-05,2019-11-05 09:33:19,0.63,0.7875,12,0.62,0.775,19,0.67,0.8375,2,0.625,0.7812,10,0
IWM191108P159,2019-11-05,2019-11-05 09:33:19,0.64,0.8,399,0.61,0.7625,431,0.67,0.8375,2,0.625,0.7812,10,0
IWM191108P159,2019-11-05,2019-11-05 09:33:20,0.64,0.8,119,0.62,0.775,430,0.67,0.8375,2,0.63,0.7875,10,0
IWM191108P159,2019-11-05,2019-11-05 09:33:20,0.64,0.8,90,0.62,0.775,65,0.67,0.8375,2,0.63,0.7875,10,0
IWM191108P159,2019-11-05,2019-11-05 09:33:21,0.64,0.8,119,0.62,0.775,638,0.67,0.8375,2,0.63,0.7875,10,0
IWM191108P159,2019-11-05,2019-11-05 09:33:22,0.64,0.8,119,0.62,0.775,588,0.67,0.8375,2,0.63,0.7875,10,0
IWM191108P159,2019-11-05,2019-11-05 09:33:22,0.64,0.8,119,0.62,0.775,638,0.67,0.8375,2,0.63,0.7875,10,0
IWM191108P159,2019-11-05,2019-11-05 09:33:23,0.64,0.8,23,0.62,0.775,388,0.64,0.8,10,0.63,0.7875,20,10
IWM191108P159,2019-11-05,2019-11-05 09:33:23,0.65,0.8125,24,0.64,0.8,10,0.64,0.8,10,0.645,0.8062,20,0
IWM191108P159,2019-11-05,2019-11-05 09:33:24,0.65,0.8125,24,0.64,0.8,10,0.64,0.8,10,0.645,0.8062,20,0
IWM191108P159,2019-11-05,2019-11-05 09:33:24,0.65,0.8125,6,0.63,0.7875,75,0.64,0.8,10,0.64,0.8,20,0
IWM191108P159,2019-11-05,2019-11-05 09:33:25,0.66,0.825,340,0.63,0.7875,628,0.64,0.8,10,0.645,0.8062,20,0
IWM191108P159,2019-11-05,2019-11-05 09:33:25,0.66,0.825,470,0.63,0.7875,591,0.64,0.8,10,0.645,0.8062,20,0
IWM191108P159,2019-11-05,2019-11-05 09:33:26,0.66,0.825,470,0.63,0.7875,565,0.64,0.8,10,0.645,0.8062,20,0
IWM191108P159,2019-11-05,2019-11-05 09:33:26,0.66,0.825,400,0.63,0.7875,199,0.64,0.8,10,0.645,0.8062,20,0
IWM191108P159,2019-11-05,2019-11-05 09:33:27,0.66,0.825,498,0.63,0.7875,465,0.64,0.8,10,0.645,0.8062,20,0
IWM191108P159,2019-11-05,2019-11-05 09:33:27,0.66,0.825,471,0.63,0.7875,516,0.64,0.8,10,0.645,0.8062,20,0
IWM191108P159,2019-11-05,2019-11-05 09:33:28,0.65,0.8125,204,0.63,0.7875,77,0.64,0.8,10,0.64,0.8,20,0
IWM191108P159,2019-11-05,2019-11-05 09:33:28,0.66,0.825,400,0.63,0.7875,441,0.64,0.8,10,0.645,0.8062,20,0
IWM191108P159,2019-11-05,2019-11-05 09:33:29,0.65,0.8125,402,0.62,0.775,370,0.64,0.8,10,0.635,0.7937,20,0
IWM191108P159,2019-11-05,2019-11-05 09:33:29,0.65,0.8125,497,0.62,0.775,370,0.64,0.8,10,0.635,0.7937,20,0
IWM191108P159,2019-11-05,2019-11-05 09:33:30,0.65,0.8125,409,0.63,0.7875,30,0.64,0.8,10,0.64,0.8,20,0
IWM191108P159,2019-11-05,2019-11-05 09:33:30,0.65,0.8125,210,0.63,0.7875,92,0.64,0.8,10,0.64,0.8,20,0
IWM191108P159,2019-11-05,2019-11-05 09:33:31,0.64,0.8,10,0.63,0.7875,30,0.64,0.8,10,0.635,0.7937,20,0
IWM191108P159,2019-11-05,2019-11-05 09:33:31,0.65,0.8125,409,0.63,0.7875,30,0.64,0.8,10,0.64,0.8,20,0
IWM191108P159,2019-11-05,2019-11-05 09:33:32,0.65,0.8125,296,0.62,0.775,576,0.64,0.8,10,0.635,0.7937,20,0
IWM191108P159,2019-11-05,2019-11-05 09:33:32,0.65,0.8125,200,0.62,0.775,438,0.64,0.8,10,0.635,0.7937,20,0
IWM191108P159,2019-11-05,2019-11-05 09:33:33,0.65,0.8125,25,0.63,0.7875,217,0.64,0.8,10,0.64,0.8,20,0
IWM191108P159,2019-11-05,2019-11-05 09:33:33,0.65,0.8125,318,0.62,0.775,599,0.64,0.8,10,0.635,0.7937,20,0
IWM191108P159,2019-11-05,2019-11-05 09:33:34,0.66,0.825,395,0.63,0.7875,39,0.64,0.8,10,0.645,0.8062,20,0
IWM191108P159,2019-11-05,2019-11-05 09:33:35,0.65,0.8125,278,0.63,0.7875,39,0.64,0.8,10,0.64,0.8,20,0
IWM191108P159,2019-11-05,2019-11-05 09:33:36,0.65,0.8125,278,0.63,0.7875,20,0.64,0.8,10,0.64,0.8,20,0
IWM191108P159,2019-11-05,2019-11-05 09:33:36,0.65,0.8125,548,0.63,0.7875,20,0.64,0.8,10,0.64,0.8,20,0
IWM191108P159,2019-11-05,2019-11-05 09:33:37,0.65,0.8125,548,0.63,0.7875,20,0.64,0.8,10,0.64,0.8,20,0
IWM191108P159,2019-11-05,2019-11-05 09:33:38,0.65,0.8125,446,0.63,0.7875,20,0.64,0.8,10,0.64,0.8,20,0
IWM191108P159,2019-11-05,2019-11-05 09:33:38,0.65,0.8125,446,0.64,0.8,35,0.64,0.8,10,0.645,0.8062,20,0
IWM191108P159,2019-11-05,2019-11-05 09:33:39,0.68,0.85,170,0.66,0.825,28,0.64,0.8,10,0.67,0.8375,20,0
IWM191108P159,2019-11-05,2019-11-05 09:33:39,0.68,0.85,67,0.65,0.8125,230,0.64,0.8,10,0.665,0.8312,20,0
IWM191108P159,2019-11-05,2019-11-05 09:33:40,0.68,0.85,62,0.66,0.825,44,0.64,0.8,10,0.67,0.8375,20,0
IWM191108P159,2019-11-05,2019-11-05 09:33:40,0.68,0.85,262,0.66,0.825,72,0.64,0.8,10,0.67,0.8375,20,0
IWM191108P159,2019-11-05,2019-11-05 09:33:41,0.68,0.85,112,0.66,0.825,17,0.64,0.8,10,0.67,0.8375,20,0
IWM191108P159,2019-11-05,2019-11-05 09:33:41,0.68,0.85,432,0.65,0.8125,147,0.64,0.8,10,0.665,0.8312,20,0
IWM191108P159,2019-11-05,2019-11-05 09:33:42,0.68,0.85,53,0.66,0.825,58,0.64,0.8,10,0.67,0.8375,20,0
IWM191108P159,2019-11-05,2019-11-05 09:33:42,0.68,0.85,199,0.66,0.825,41,0.64,0.8,10,0.67,0.8375,20,0
IWM191108P159,2019-11-05,2019-11-05 09:33:43,0.68,0.85,6,0.66,0.825,60,0.64,0.8,10,0.67,0.8375,20,0
IWM191108P159,2019-11-05,2019-11-05 09:33:43,0.69,0.8625,407,0.66,0.825,45,0.64,0.8,10,0.675,0.8437,20,0
IWM191108P159,2019-11-05,2019-11-05 09:33:44,0.68,0.85,6,0.66,0.825,249,0.64,0.8,10,0.67,0.8375,20,0
IWM191108P159,2019-11-05,2019-11-05 09:33:44,0.69,0.8625,393,0.67,0.8375,20,0.64,0.8,10,0.68,0.85,20,0
IWM191108P159,2019-11-05,2019-11-05 09:33:45,0.69,0.8625,336,0.66,0.825,451,0.64,0.8,10,0.675,0.8437,20,0
IWM191108P159,2019-11-05,2019-11-05 09:33:45,0.69,0.8625,336,0.67,0.8375,20,0.64,0.8,10,0.68,0.85,20,0
IWM191108P159,2019-11-05,2019-11-05 09:33:46,0.69,0.8625,59,0.67,0.8375,10,0.64,0.8,10,0.68,0.85,20,0
IWM191108P159,2019-11-05,2019-11-05 09:33:46,0.69,0.8625,336,0.66,0.825,113,0.64,0.8,10,0.675,0.8437,20,0
IWM191108P159,2019-11-05,2019-11-05 09:33:47,0.7,0.875,8,0.68,0.85,20,0.64,0.8,10,0.69,0.8625,20,0
IWM191108P159,2019-11-05,2019-11-05 09:33:47,0.7,0.875,214,0.68,0.85,20,0.64,0.8,10,0.69,0.8625,20,0
IWM191108P159,2019-11-05,2019-11-05 09:33:48,0.71,0.8875,379,0.68,0.85,470,0.64,0.8,10,0.695,0.8687,20,0
IWM191108P159,2019-11-05,2019-11-05 09:33:48,0.71,0.8875,379,0.68,0.85,422,0.64,0.8,10,0.695,0.8687,20,0
IWM191108P159,2019-11-05,2019-11-05 09:33:49,0.71,0.8875,179,0.69,0.8625,341,0.64,0.8,10,0.7,0.875,20,0
IWM191108P159,2019-11-05,2019-11-05 09:33:49,0.71,0.8875,115,0.69,0.8625,228,0.64,0.8,10,0.7,0.875,20,0
IWM191108P159,2019-11-05,2019-11-05 09:33:50,0.71,0.8875,115,0.69,0.8625,228,0.64,0.8,10,0.7,0.875,20,0
IWM191108P159,2019-11-05,2019-11-05 09:33:50,0.71,0.8875,85,0.69,0.8625,428,0.64,0.8,10,0.7,0.875,20,0
IWM191108P159,2019-11-05,2019-11-05 09:33:51,0.71,0.8875,236,0.69,0.8625,315,0.64,0.8,10,0.7,0.875,20,0
IWM191108P159,2019-11-05,2019-11-05 09:33:52,0.7,0.875,114,0.67,0.8375,84,0.64,0.8,10,0.685,0.8562,20,0
IWM191108P159,2019-11-05,2019-11-05 09:33:52,0.71,0.8875,323,0.69,0.8625,315,0.64,0.8,10,0.7,0.875,20,0
IWM191108P159,2019-11-05,2019-11-05 09:33:53,0.69,0.8625,118,0.67,0.8375,92,0.64,0.8,10,0.68,0.85,20,0
IWM191108P159,2019-11-05,2019-11-05 09:33:53,0.69,0.8625,118,0.67,0.8375,20,0.64,0.8,10,0.68,0.85,20,0
IWM191108P159,2019-11-05,2019-11-05 09:33:54,0.68,0.85,94,0.66,0.825,92,0.64,0.8,10,0.67,0.8375,20,0
IWM191108P159,2019-11-05,2019-11-05 09:33:54,0.69,0.8625,117,0.67,0.8375,17,0.64,0.8,10,0.68,0.85,20,0
IWM191108P159,2019-11-05,2019-11-05 09:33:55,0.69,0.8625,454,0.66,0.825,576,0.64,0.8,10,0.675,0.8437,20,0
IWM191108P159,2019-11-05,2019-11-05 09:33:55,0.69,0.8625,454,0.66,0.825,92,0.64,0.8,10,0.675,0.8437,20,0
IWM191108P159,2019-11-05,2019-11-05 09:33:56,0.69,0.8625,431,0.66,0.825,559,0.64,0.8,10,0.675,0.8437,20,0
IWM191108P159,2019-11-05,2019-11-05 09:33:56,0.69,0.8625,365,0.66,0.825,472,0.64,0.8,10,0.675,0.8437,20,0
IWM191108P159,2019-11-05,2019-11-05 09:33:57,0.69,0.8625,365,0.66,0.825,637,0.64,0.8,10,0.675,0.8437,20,0
IWM191108P159,2019-11-05,2019-11-05 09:33:57,0.69,0.8625,365,0.66,0.825,472,0.64,0.8,10,0.675,0.8437,20,0
IWM191108P159,2019-11-05,2019-11-05 09:33:58,0.69,0.8625,200,0.66,0.825,180,0.64,0.8,10,0.675,0.8437,20,0
IWM191108P159,2019-11-05,2019-11-05 09:33:58,0.69,0.8625,365,0.67,0.8375,10,0.64,0.8,10,0.68,0.85,20,0
IWM191108P159,2019-11-05,2019-11-05 09:33:59,0.68,0.85,79,0.66,0.825,60,0.64,0.8,10,0.67,0.8375,20,0
IWM191108P159,2019-11-05,2019-11-05 09:33:59,0.69,0.8625,73,0.66,0.825,305,0.64,0.8,10,0.675,0.8437,20,0
IWM191108P159,2019-11-05,2019-11-05 09:34:00,0.68,0.85,164,0.66,0.825,34,0.64,0.8,10,0.67,0.8375,20,0
IWM191108P159,2019-11-05,2019-11-05 09:34:00,0.68,0.85,270,0.66,0.825,18,0.64,0.8,10,0.67,0.8375,20,0
IWM191108P159,2019-11-05,2019-11-05 09:34:01,0.68,0.85,24,0.66,0.825,208,0.64,0.8,10,0.67,0.8375,20,0
IWM191108P159,2019-11-05,2019-11-05 09:34:01,0.68,0.85,85,0.66,0.825,445,0.64,0.8,10,0.67,0.8375,20,0
IWM191108P159,2019-11-05,2019-11-05 09:34:02,0.69,0.8625,85,0.67,0.8375,29,0.64,0.8,10,0.68,0.85,20,0
IWM191108P159,2019-11-05,2019-11-05 09:34:02,0.71,0.8875,90,0.68,0.85,192,0.64,0.8,10,0.695,0.8687,20,0
IWM191108P159,2019-11-05,2019-11-05 09:34:03,0.7,0.875,95,0.68,0.85,217,0.64,0.8,10,0.69,0.8625,20,0
IWM191108P159,2019-11-05,2019-11-05 09:34:03,0.71,0.8875,104,0.69,0.8625,96,0.64,0.8,10,0.7,0.875,20,0
IWM191108P159,2019-11-05,2019-11-05 09:34:04,0.72,0.9,21,0.7,0.875,84,0.64,0.8,10,0.71,0.8875,20,0
IWM191108P159,2019-11-05,2019-11-05 09:34:04,0.71,0.8875,46,0.69,0.8625,263,0.64,0.8,10,0.7,0.875,20,0
IWM191108P159,2019-11-05,2019-11-05 09:34:05,0.73,0.9125,507,0.7,0.875,422,0.64,0.8,10,0.715,0.8937,20,0
IWM191108P159,2019-11-05,2019-11-05 09:34:05,0.72,0.9,6,0.7,0.875,338,0.64,0.8,10,0.71,0.8875,20,0
IWM191108P159,2019-11-05,2019-11-05 09:34:06,0.72,0.9,176,0.7,0.875,117,0.64,0.8,10,0.71,0.8875,20,0
IWM191108P159,2019-11-05,2019-11-05 09:34:07,0.72,0.9,437,0.69,0.8625,157,0.64,0.8,10,0.705,0.8812,20,0
IWM191108P159,2019-11-05,2019-11-05 09:34:07,0.72,0.9,401,0.7,0.875,16,0.64,0.8,10,0.71,0.8875,20,0
IWM191108P159,2019-11-05,2019-11-05 09:34:08,0.7,0.875,75,0.67,0.8375,198,0.64,0.8,10,0.685,0.8562,20,0
IWM191108P159,2019-11-05,2019-11-05 09:34:08,0.69,0.8625,85,0.67,0.8375,39,0.64,0.8,10,0.68,0.85,20,0
IWM191108P159,2019-11-05,2019-11-05 09:34:09,0.68,0.85,141,0.66,0.825,187,0.64,0.8,10,0.67,0.8375,20,0
IWM191108P159,2019-11-05,2019-11-05 09:34:09,0.69,0.8625,392,0.66,0.825,171,0.64,0.8,10,0.675,0.8437,20,0
IWM191108P159,2019-11-05,2019-11-05 09:34:10,0.68,0.85,64,0.66,0.825,417,0.64,0.8,10,0.67,0.8375,20,0
IWM191108P159,2019-11-05,2019-11-05 09:34:10,0.68,0.85,64,0.66,0.825,200,0.64,0.8,10,0.67,0.8375,20,0
IWM191108P159,2019-11-05,2019-11-05 09:34:11,0.68,0.85,64,0.66,0.825,562,0.64,0.8,10,0.67,0.8375,20,0
IWM191108P159,2019-11-05,2019-11-05 09:34:11,0.68,0.85,64,0.66,0.825,417,0.64,0.8,10,0.67,0.8375,20,0
IWM191108P159,2019-11-05,2019-11-05 09:34:12,0.7,0.875,479,0.67,0.8375,407,0.68,0.85,2,0.685,0.8562,22,2
IWM191108P159,2019-11-05,2019-11-05 09:34:12,0.7,0.875,417,0.67,0.8375,363,0.68,0.85,2,0.685,0.8562,22,0
IWM191108P159,2019-11-05,2019-11-05 09:34:13,0.69,0.8625,4,0.67,0.8375,363,0.68,0.85,2,0.68,0.85,22,0
IWM191108P159,2019-11-05,2019-11-05 09:34:13,0.69,0.8625,127,0.67,0.8375,36,0.68,0.85,2,0.68,0.85,22,0
IWM191108P159,2019-11-05,2019-11-05 09:34:14,0.69,0.8625,431,0.67,0.8375,25,0.68,0.85,2,0.68,0.85,22,0
IWM191108P159,2019-11-05,2019-11-05 09:34:14,0.68,0.85,4,0.67,0.8375,16,0.68,0.85,2,0.675,0.8437,22,0
IWM191108P159,2019-11-05,2019-11-05 09:34:15,0.68,0.85,75,0.67,0.8375,11,0.68,0.85,2,0.675,0.8437,22,0
IWM191108P159,2019-11-05,2019-11-05 09:34:15,0.68,0.85,280,0.66,0.825,108,0.68,0.85,2,0.67,0.8375,22,0
IWM191108P159,2019-11-05,2019-11-05 09:34:16,0.68,0.85,305,0.66,0.825,89,0.68,0.85,2,0.67,0.8375,22,0
IWM191108P159,2019-11-05,2019-11-05 09:34:17,0.68,0.85,30,0.66,0.825,191,0.68,0.85,2,0.67,0.8375,22,0
IWM191108P159,2019-11-05,2019-11-05 09:34:17,0.68,0.85,305,0.66,0.825,92,0.68,0.85,2,0.67,0.8375,22,0
IWM191108P159,2019-11-05,2019-11-05 09:34:18,0.67,0.8375,180,0.65,0.8125,17,0.68,0.85,2,0.66,0.825,22,0
IWM191108P159,2019-11-05,2019-11-05 09:34:18,0.67,0.8375,146,0.65,0.8125,78,0.68,0.85,2,0.66,0.825,22,0
IWM191108P159,2019-11-05,2019-11-05 09:34:19,0.66,0.825,80,0.65,0.8125,1,0.67,0.8375,1,0.655,0.8187,72,0
IWM191108P159,2019-11-05,2019-11-05 09:34:19,0.67,0.8375,321,0.64,0.8,160,0.67,0.8375,1,0.655,0.8187,72,50
IWM191108P159,2019-11-05,2019-11-05 09:34:20,0.66,0.825,330,0.64,0.8,59,0.67,0.8375,1,0.65,0.8125,72,0
IWM191108P159,2019-11-05,2019-11-05 09:34:20,0.66,0.825,330,0.64,0.8,195,0.67,0.8375,1,0.65,0.8125,72,0
IWM191108P159,2019-11-05,2019-11-05 09:34:21,0.67,0.8375,357,0.64,0.8,387,0.67,0.8375,1,0.655,0.8187,72,0
IWM191108P159,2019-11-05,2019-11-05 09:34:21,0.67,0.8375,380,0.64,0.8,387,0.67,0.8375,1,0.655,0.8187,72,0
IWM191108P159,2019-11-05,2019-11-05 09:34:22,0.67,0.8375,4,0.66,0.825,10,0.67,0.8375,1,0.665,0.8312,72,0
IWM191108P159,2019-11-05,2019-11-05 09:34:22,0.67,0.8375,90,0.65,0.8125,251,0.67,0.8375,1,0.66,0.825,72,0
IWM191108P159,2019-11-05,2019-11-05 09:34:23,0.68,0.85,395,0.66,0.825,30,0.67,0.8375,1,0.67,0.8375,72,0
IWM191108P159,2019-11-05,2019-11-05 09:34:24,0.68,0.85,290,0.66,0.825,19,0.67,0.8375,1,0.67,0.8375,72,0
IWM191108P159,2019-11-05,2019-11-05 09:34:24,0.68,0.85,321,0.66,0.825,25,0.67,0.8375,1,0.67,0.8375,72,0
IWM191108P159,2019-11-05,2019-11-05 09:34:25,0.68,0.85,309,0.66,0.825,19,0.67,0.8375,1,0.67,0.8375,72,0
IWM191108P159,2019-11-05,2019-11-05 09:34:25,0.68,0.85,309,0.66,0.825,111,0.67,0.8375,1,0.67,0.8375,72,0
IWM191108P159,2019-11-05,2019-11-05 09:34:26,0.68,0.85,7,0.66,0.825,410,0.67,0.8375,1,0.67,0.8375,72,0
IWM191108P159,2019-11-05,2019-11-05 09:34:26,0.68,0.85,7,0.66,0.825,431,0.67,0.8375,1,0.67,0.8375,72,0
IWM191108P159,2019-11-05,2019-11-05 09:34:27,0.69,0.8625,85,0.67,0.8375,294,0.67,0.8375,1,0.68,0.85,72,0
IWM191108P159,2019-11-05,2019-11-05 09:34:27,0.69,0.8625,85,0.67,0.8375,247,0.67,0.8375,1,0.68,0.85,72,0
IWM191108P159,2019-11-05,2019-11-05 09:34:28,0.7,0.875,2,0.69,0.8625,20,0.67,0.8375,1,0.695,0.8687,72,0
IWM191108P159,2019-11-05,2019-11-05 09:34:28,0.69,0.8625,20,0.67,0.8375,463,0.67,0.8375,1,0.68,0.85,72,0
IWM191108P159,2019-11-05,2019-11-05 09:34:29,0.7,0.875,2,0.69,0.8625,30,0.67,0.8375,1,0.695,0.8687,72,0
IWM191108P159,2019-11-05,2019-11-05 09:34:29,0.7,0.875,2,0.69,0.8625,20,0.67,0.8375,1,0.695,0.8687,72,0
IWM191108P159,2019-11-05,2019-11-05 09:34:30,0.69,0.8625,83,0.66,0.825,319,0.67,0.8375,1,0.675,0.8437,72,0
IWM191108P159,2019-11-05,2019-11-05 09:34:30,0.7,0.875,2,0.66,0.825,44,0.67,0.8375,1,0.68,0.85,72,0
IWM191108P159,2019-11-05,2019-11-05 09:34:31,0.69,0.8625,83,0.67,0.8375,75,0.67,0.8375,1,0.68,0.85,72,0
IWM191108P159,2019-11-05,2019-11-05 09:34:31,0.69,0.8625,83,0.67,0.8375,78,0.67,0.8375,1,0.68,0.85,72,0
IWM191108P159,2019-11-05,2019-11-05 09:34:32,0.69,0.8625,83,0.67,0.8375,156,0.69,0.8625,5,0.68,0.85,77,0
IWM191108P159,2019-11-05,2019-11-05 09:34:32,0.69,0.8625,83,0.67,0.8375,108,0.69,0.8625,5,0.68,0.85,77,5
IWM191108P159,2019-11-05,2019-11-05 09:34:33,0.69,0.8625,83,0.67,0.8375,190,0.69,0.8625,5,0.68,0.85,77,0
IWM191108P159,2019-11-05,2019-11-05 09:34:33,0.68,0.85,8,0.66,0.825,177,0.69,0.8625,5,0.67,0.8375,77,0
IWM191108P159,2019-11-05,2019-11-05 09:34:34,0.68,0.85,260,0.66,0.825,80,0.69,0.8625,5,0.67,0.8375,77,0
IWM191108P159,2019-11-05,2019-11-05 09:34:34,0.68,0.85,75,0.66,0.825,394,0.69,0.8625,5,0.67,0.8375,77,0
IWM191108P159,2019-11-05,2019-11-05 09:34:35,0.68,0.85,316,0.66,0.825,24,0.69,0.8625,5,0.67,0.8375,77,0
IWM191108P159,2019-11-05,2019-11-05 09:34:35,0.68,0.85,316,0.66,0.825,25,0.69,0.8625,5,0.67,0.8375,77,0
IWM191108P159,2019-11-05,2019-11-05 09:34:36,0.68,0.85,265,0.65,0.8125,338,0.69,0.8625,5,0.665,0.8312,77,0
IWM191108P159,2019-11-05,2019-11-05 09:34:36,0.68,0.85,265,0.66,0.825,34,0.69,0.8625,5,0.67,0.8375,77,0
IWM191108P159,2019-11-05,2019-11-05 09:34:37,0.67,0.8375,81,0.66,0.825,8,0.69,0.8625,5,0.665,0.8312,77,0
IWM191108P159,2019-11-05,2019-11-05 09:34:37,0.68,0.85,272,0.66,0.825,12,0.69,0.8625,5,0.67,0.8375,77,0
IWM191108P159,2019-11-05,2019-11-05 09:34:38,0.68,0.85,272,0.66,0.825,12,0.69,0.8625,5,0.67,0.8375,77,0
IWM191108P159,2019-11-05,2019-11-05 09:34:38,0.68,0.85,272,0.66,0.825,81,0.69,0.8625,5,0.67,0.8375,77,0
IWM191108P159,2019-11-05,2019-11-05 09:34:39,0.69,0.8625,153,0.66,0.825,518,0.69,0.8625,5,0.675,0.8437,77,0
IWM191108P159,2019-11-05,2019-11-05 09:34:40,0.69,0.8625,508,0.67,0.8375,121,0.69,0.8625,5,0.68,0.85,77,0
IWM191108P159,2019-11-05,2019-11-05 09:34:40,0.68,0.85,10,0.66,0.825,183,0.69,0.8625,5,0.67,0.8375,77,0
IWM191108P159,2019-11-05,2019-11-05 09:34:41,0.68,0.85,85,0.66,0.825,183,0.69,0.8625,5,0.67,0.8375,77,0
IWM191108P159,2019-11-05,2019-11-05 09:34:41,0.69,0.8625,221,0.66,0.825,467,0.69,0.8625,5,0.675,0.8437,77,0
IWM191108P159,2019-11-05,2019-11-05 09:34:42,0.68,0.85,222,0.66,0.825,91,0.69,0.8625,5,0.67,0.8375,77,0
IWM191108P159,2019-11-05,2019-11-05 09:34:42,0.67,0.8375,24,0.65,0.8125,134,0.69,0.8625,5,0.66,0.825,77,0
IWM191108P159,2019-11-05,2019-11-05 09:34:43,0.67,0.8375,10,0.65,0.8125,359,0.69,0.8625,5,0.66,0.825,77,0
IWM191108P159,2019-11-05,2019-11-05 09:34:43,0.67,0.8375,23,0.65,0.8125,359,0.69,0.8625,5,0.66,0.825,77,0
IWM191108P159,2019-11-05,2019-11-05 09:34:44,0.67,0.8375,461,0.65,0.8125,19,0.69,0.8625,5,0.66,0.825,77,0
IWM191108P159,2019-11-05,2019-11-05 09:34:44,0.67,0.8375,343,0.65,0.8125,19,0.69,0.8625,5,0.66,0.825,77,0
IWM191108P159,2019-11-05,2019-11-05 09:34:45,0.67,0.8375,461,0.65,0.8125,19,0.69,0.8625,5,0.66,0.825,77,0
IWM191108P159,2019-11-05,2019-11-05 09:34:45,0.67,0.8375,506,0.65,0.8125,17,0.69,0.8625,5,0.66,0.825,77,0
IWM191108P159,2019-11-05,2019-11-05 09:34:46,0.67,0.8375,54,0.65,0.8125,92,0.69,0.8625,5,0.66,0.825,77,0
IWM191108P159,2019-11-05,2019-11-05 09:34:46,0.67,0.8375,54,0.65,0.8125,381,0.69,0.8625,5,0.66,0.825,77,0
IWM191108P159,2019-11-05,2019-11-05 09:34:47,0.67,0.8375,363,0.65,0.8125,17,0.69,0.8625,5,0.66,0.825,77,0
IWM191108P159,2019-11-05,2019-11-05 09:34:47,0.67,0.8375,163,0.65,0.8125,92,0.69,0.8625,5,0.66,0.825,77,0
IWM191108P159,2019-11-05,2019-11-05 09:34:48,0.67,0.8375,237,0.65,0.8125,126,0.69,0.8625,5,0.66,0.825,77,0
IWM191108P159,2019-11-05,2019-11-05 09:34:48,0.67,0.8375,423,0.65,0.8125,17,0.69,0.8625,5,0.66,0.825,77,0
IWM191108P159,2019-11-05,2019-11-05 09:34:49,0.67,0.8375,280,0.65,0.8125,119,0.69,0.8625,5,0.66,0.825,77,0
IWM191108P159,2019-11-05,2019-11-05 09:34:49,0.67,0.8375,280,0.65,0.8125,91,0.69,0.8625,5,0.66,0.825,77,0
IWM191108P159,2019-11-05,2019-11-05 09:34:50,0.67,0.8375,42,0.65,0.8125,200,0.69,0.8625,5,0.66,0.825,77,0
IWM191108P159,2019-11-05,2019-11-05 09:34:50,0.67,0.8375,324,0.65,0.8125,10,0.69,0.8625,5,0.66,0.825,77,0
IWM191108P159,2019-11-05,2019-11-05 09:34:51,0.67,0.8375,285,0.65,0.8125,10,0.69,0.8625,5,0.66,0.825,77,0
IWM191108P159,2019-11-05,2019-11-05 09:34:51,0.67,0.8375,285,0.65,0.8125,191,0.69,0.8625,5,0.66,0.825,77,0
IWM191108P159,2019-11-05,2019-11-05 09:34:52,0.67,0.8375,277,0.63,0.7875,147,0.69,0.8625,5,0.65,0.8125,77,0
IWM191108P159,2019-11-05,2019-11-05 09:34:52,0.67,0.8375,450,0.63,0.7875,13,0.69,0.8625,5,0.65,0.8125,77,0
IWM191108P159,2019-11-05,2019-11-05 09:34:53,0.66,0.825,197,0.63,0.7875,465,0.69,0.8625,5,0.645,0.8062,77,0
IWM191108P159,2019-11-05,2019-11-05 09:34:53,0.65,0.8125,102,0.63,0.7875,18,0.69,0.8625,5,0.64,0.8,77,0
IWM191108P159,2019-11-05,2019-11-05 09:34:54,0.65,0.8125,287,0.63,0.7875,117,0.69,0.8625,5,0.64,0.8,77,0
IWM191108P159,2019-11-05,2019-11-05 09:34:54,0.65,0.8125,164,0.63,0.7875,117,0.69,0.8625,5,0.64,0.8,77,0
IWM191108P159,2019-11-05,2019-11-05 09:34:55,0.65,0.8125,87,0.63,0.7875,117,0.69,0.8625,5,0.64,0.8,77,0
IWM191108P159,2019-11-05,2019-11-05 09:34:56,0.65,0.8125,75,0.63,0.7875,84,0.69,0.8625,5,0.64,0.8,77,0
IWM191108P159,2019-11-05,2019-11-05 09:34:56,0.65,0.8125,87,0.63,0.7875,17,0.69,0.8625,5,0.64,0.8,77,0
IWM191108P159,2019-11-05,2019-11-05 09:34:57,0.66,0.825,367,0.63,0.7875,436,0.69,0.8625,5,0.645,0.8062,77,0
IWM191108P159,2019-11-05,2019-11-05 09:34:57,0.66,0.825,533,0.63,0.7875,468,0.69,0.8625,5,0.645,0.8062,77,0
IWM191108P159,2019-11-05,2019-11-05 09:34:58,0.66,0.825,449,0.64,0.8,13,0.69,0.8625,5,0.65,0.8125,77,0
IWM191108P159,2019-11-05,2019-11-05 09:34:58,0.65,0.8125,8,0.63,0.7875,468,0.69,0.8625,5,0.64,0.8,77,0
IWM191108P159,2019-11-05,2019-11-05 09:34:59,0.65,0.8125,107,0.64,0.8,13,0.69,0.8625,5,0.645,0.8062,77,0
IWM191108P159,2019-11-05,2019-11-05 09:34:59,0.65,0.8125,238,0.63,0.7875,299,0.69,0.8625,5,0.64,0.8,77,0
IWM191108P159,2019-11-05,2019-11-05 09:35:00,0.65,0.8125,429,0.63,0.7875,32,0.69,0.8625,5,0.64,0.8,77,0
IWM191108P159,2019-11-05,2019-11-05 09:35:00,0.65,0.8125,473,0.63,0.7875,42,0.69,0.8625,5,0.64,0.8,77,0
IWM191108P159,2019-11-05,2019-11-05 09:35:01,0.65,0.8125,222,0.63,0.7875,32,0.69,0.8625,5,0.64,0.8,77,0
IWM191108P159,2019-11-05,2019-11-05 09:35:01,0.65,0.8125,427,0.63,0.7875,38,0.69,0.8625,5,0.64,0.8,77,0
IWM191108P159,2019-11-05,2019-11-05 09:35:02,0.65,0.8125,375,0.63,0.7875,32,0.69,0.8625,5,0.64,0.8,77,0
IWM191108P159,2019-11-05,2019-11-05 09:35:03,0.65,0.8125,375,0.63,0.7875,38,0.69,0.8625,5,0.64,0.8,77,0
IWM191108P159,2019-11-05,2019-11-05 09:35:04,0.65,0.8125,415,0.62,0.775,195,0.69,0.8625,5,0.635,0.7937,77,0
IWM191108P159,2019-11-05,2019-11-05 09:35:04,0.65,0.8125,415,0.62,0.775,92,0.69,0.8625,5,0.635,0.7937,77,0
IWM191108P159,2019-11-05,2019-11-05 09:35:05,0.64,0.8,308,0.61,0.7625,336,0.69,0.8625,5,0.625,0.7812,77,0
IWM191108P159,2019-11-05,2019-11-05 09:35:05,0.64,0.8,270,0.62,0.775,174,0.69,0.8625,5,0.63,0.7875,77,0
IWM191108P159,2019-11-05,2019-11-05 09:35:06,0.64,0.8,469,0.61,0.7625,280,0.69,0.8625,5,0.625,0.7812,77,0
IWM191108P159,2019-11-05,2019-11-05 09:35:06,0.63,0.7875,6,0.61,0.7625,280,0.69,0.8625,5,0.62,0.775,77,0
IWM191108P159,2019-11-05,2019-11-05 09:35:07,0.64,0.8,297,0.62,0.775,17,0.69,0.8625,5,0.63,0.7875,77,0
IWM191108P159,2019-11-05,2019-11-05 09:35:07,0.64,0.8,276,0.62,0.775,17,0.69,0.8625,5,0.63,0.7875,77,0
IWM191108P159,2019-11-05,2019-11-05 09:35:08,0.64,0.8,442,0.62,0.775,38,0.69,0.8625,5,0.63,0.7875,77,0
IWM191108P159,2019-11-05,2019-11-05 09:35:08,0.64,0.8,496,0.62,0.775,38,0.69,0.8625,5,0.63,0.7875,77,0
IWM191108P159,2019-11-05,2019-11-05 09:35:09,0.64,0.8,442,0.62,0.775,165,0.69,0.8625,5,0.63,0.7875,77,0
IWM191108P159,2019-11-05,2019-11-05 09:35:09,0.64,0.8,442,0.62,0.775,38,0.69,0.8625,5,0.63,0.7875,77,0
IWM191108P159,2019-11-05,2019-11-05 09:35:10,0.64,0.8,76,0.62,0.775,434,0.69,0.8625,5,0.63,0.7875,77,0
IWM191108P159,2019-11-05,2019-11-05 09:35:10,0.64,0.8,4,0.62,0.775,183,0.69,0.8625,5,0.63,0.7875,77,0
IWM191108P159,2019-11-05,2019-11-05 09:35:11,0.65,0.8125,535,0.62,0.775,564,0.69,0.8625,5,0.635,0.7937,77,0
IWM191108P159,2019-11-05,2019-11-05 09:35:12,0.65,0.8125,318,0.63,0.7875,21,0.69,0.8625,5,0.64,0.8,77,0
IWM191108P159,2019-11-05,2019-11-05 09:35:12,0.65,0.8125,366,0.63,0.7875,30,0.69,0.8625,5,0.64,0.8,77,0
IWM191108P159,2019-11-05,2019-11-05 09:35:13,0.65,0.8125,258,0.63,0.7875,119,0.69,0.8625,5,0.64,0.8,77,0
IWM191108P159,2019-11-05,2019-11-05 09:35:13,0.65,0.8125,258,0.63,0.7875,99,0.69,0.8625,5,0.64,0.8,77,0
IWM191108P159,2019-11-05,2019-11-05 09:35:14,0.65,0.8125,216,0.64,0.8,13,0.69,0.8625,5,0.645,0.8062,77,0
IWM191108P159,2019-11-05,2019-11-05 09:35:14,0.65,0.8125,200,0.63,0.7875,19,0.69,0.8625,5,0.64,0.8,77,0
IWM191108P159,2019-11-05,2019-11-05 09:35:15,0.66,0.825,537,0.63,0.7875,363,0.69,0.8625,5,0.645,0.8062,77,0
IWM191108P159,2019-11-05,2019-11-05 09:35:15,0.66,0.825,273,0.64,0.8,17,0.69,0.8625,5,0.65,0.8125,77,0
IWM191108P159,2019-11-05,2019-11-05 09:35:16,0.66,0.825,442,0.64,0.8,134,0.69,0.8625,5,0.65,0.8125,77,0
IWM191108P159,2019-11-05,2019-11-05 09:35:16,0.66,0.825,483,0.64,0.8,94,0.69,0.8625,5,0.65,0.8125,77,0
IWM191108P159,2019-11-05,2019-11-05 09:35:17,0.66,0.825,75,0.65,0.8125,17,0.69,0.8625,5,0.655,0.8187,77,0
IWM191108P159,2019-11-05,2019-11-05 09:35:18,0.66,0.825,75,0.65,0.8125,17,0.69,0.8625,5,0.655,0.8187,77,0
IWM191108P159,2019-11-05,2019-11-05 09:35:18,0.67,0.8375,239,0.65,0.8125,20,0.69,0.8625,5,0.66,0.825,77,0
IWM191108P159,2019-11-05,2019-11-05 09:35:19,0.67,0.8375,440,0.65,0.8125,20,0.69,0.8625,5,0.66,0.825,77,0
IWM191108P159,2019-11-05,2019-11-05 09:35:19,0.67,0.8375,450,0.65,0.8125,17,0.69,0.8625,5,0.66,0.825,77,0
IWM191108P159,2019-11-05,2019-11-05 09:35:20,0.67,0.8375,405,0.64,0.8,488,0.69,0.8625,5,0.655,0.8187,77,0
IWM191108P159,2019-11-05,2019-11-05 09:35:20,0.67,0.8375,405,0.64,0.8,360,0.69,0.8625,5,0.655,0.8187,77,0
IWM191108P159,2019-11-05,2019-11-05 09:35:21,0.67,0.8375,405,0.64,0.8,334,0.69,0.8625,5,0.655,0.8187,77,0
IWM191108P159,2019-11-05,2019-11-05 09:35:22,0.67,0.8375,138,0.65,0.8125,20,0.69,0.8625,5,0.66,0.825,77,0
IWM191108P159,2019-11-05,2019-11-05 09:35:22,0.67,0.8375,442,0.64,0.8,334,0.69,0.8625,5,0.655,0.8187,77,0
IWM191108P159,2019-11-05,2019-11-05 09:35:23,0.67,0.8375,136,0.65,0.8125,163,0.69,0.8625,5,0.66,0.825,77,0
IWM191108P159,2019-11-05,2019-11-05 09:35:23,0.67,0.8375,75,0.65,0.8125,20,0.69,0.8625,5,0.66,0.825,77,0
IWM191108P159,2019-11-05,2019-11-05 09:35:24,0.67,0.8375,136,0.65,0.8125,91,0.69,0.8625,5,0.66,0.825,77,0
IWM191108P159,2019-11-05,2019-11-05 09:35:24,0.67,0.8375,236,0.65,0.8125,91,0.69,0.8625,5,0.66,0.825,77,0
IWM191108P159,2019-11-05,2019-11-05 09:35:25,0.67,0.8375,408,0.65,0.8125,87,0.69,0.8625,5,0.66,0.825,77,0
IWM191108P159,2019-11-05,2019-11-05 09:35:25,0.67,0.8375,404,0.65,0.8125,13,0.69,0.8625,5,0.66,0.825,77,0
IWM191108P159,2019-11-05,2019-11-05 09:35:26,0.67,0.8375,78,0.65,0.8125,147,0.69,0.8625,5,0.66,0.825,77,0
IWM191108P159,2019-11-05,2019-11-05 09:35:26,0.67,0.8375,78,0.65,0.8125,296,0.69,0.8625,5,0.66,0.825,77,0
IWM191108P159,2019-11-05,2019-11-05 09:35:27,0.67,0.8375,78,0.65,0.8125,425,0.69,0.8625,5,0.66,0.825,77,0
IWM191108P159,2019-11-05,2019-11-05 09:35:27,0.67,0.8375,78,0.65,0.8125,429,0.69,0.8625,5,0.66,0.825,77,0
IWM191108P159,2019-11-05,2019-11-05 09:35:28,0.67,0.8375,78,0.65,0.8125,548,0.66,0.825,3,0.66,0.825,88,11
IWM191108P159,2019-11-05,2019-11-05 09:35:28,0.66,0.825,378,0.65,0.8125,640,0.66,0.825,3,0.655,0.8187,88,0
IWM191108P159,2019-11-05,2019-11-05 09:35:29,0.66,0.825,378,0.65,0.8125,666,0.66,0.825,3,0.655,0.8187,88,0
IWM191108P159,2019-11-05,2019-11-05 09:35:30,0.66,0.825,378,0.65,0.8125,186,0.66,0.825,3,0.655,0.8187,88,0
IWM191108P159,2019-11-05,2019-11-05 09:35:30,0.66,0.825,378,0.65,0.8125,476,0.66,0.825,3,0.655,0.8187,88,0
IWM191108P159,2019-11-05,2019-11-05 09:35:31,0.66,0.825,380,0.65,0.8125,21,0.66,0.825,3,0.655,0.8187,88,0
IWM191108P159,2019-11-05,2019-11-05 09:35:32,0.66,0.825,380,0.65,0.8125,34,0.66,0.825,3,0.655,0.8187,88,0
IWM191108P159,2019-11-05,2019-11-05 09:35:33,0.66,0.825,380,0.64,0.8,283,0.66,0.825,3,0.65,0.8125,88,0
IWM191108P159,2019-11-05,2019-11-05 09:35:33,0.66,0.825,380,0.65,0.8125,34,0.66,0.825,3,0.655,0.8187,88,0
IWM191108P159,2019-11-05,2019-11-05 09:35:34,0.66,0.825,416,0.65,0.8125,1,0.66,0.825,3,0.655,0.8187,88,0
IWM191108P159,2019-11-05,2019-11-05 09:35:34,0.66,0.825,473,0.64,0.8,769,0.66,0.825,3,0.65,0.8125,88,0
IWM191108P159,2019-11-05,2019-11-05 09:35:35,0.66,0.825,380,0.65,0.8125,21,0.66,0.825,3,0.655,0.8187,88,0
IWM191108P159,2019-11-05,2019-11-05 09:35:36,0.66,0.825,380,0.65,0.8125,21,0.66,0.825,3,0.655,0.8187,88,0
IWM191108P159,2019-11-05,2019-11-05 09:35:36,0.66,0.825,380,0.65,0.8125,37,0.66,0.825,3,0.655,0.8187,88,0
IWM191108P159,2019-11-05,2019-11-05 09:35:37,0.66,0.825,378,0.65,0.8125,84,0.66,0.825,3,0.655,0.8187,88,0
IWM191108P159,2019-11-05,2019-11-05 09:35:37,0.66,0.825,380,0.64,0.8,136,0.66,0.825,3,0.65,0.8125,88,0
IWM191108P159,2019-11-05,2019-11-05 09:35:38,0.66,0.825,380,0.65,0.8125,99,0.66,0.825,3,0.655,0.8187,88,0
IWM191108P159,2019-11-05,2019-11-05 09:35:38,0.66,0.825,443,0.64,0.8,842,0.66,0.825,3,0.65,0.8125,88,0
IWM191108P159,2019-11-05,2019-11-05 09:35:39,0.66,0.825,378,0.65,0.8125,47,0.66,0.825,3,0.655,0.8187,88,0
IWM191108P159,2019-11-05,2019-11-05 09:35:39,0.66,0.825,378,0.65,0.8125,310,0.66,0.825,3,0.655,0.8187,88,0
IWM191108P159,2019-11-05,2019-11-05 09:35:40,0.66,0.825,378,0.65,0.8125,310,0.66,0.825,3,0.655,0.8187,88,0
IWM191108P159,2019-11-05,2019-11-05 09:35:41,0.66,0.825,378,0.65,0.8125,548,0.66,0.825,3,0.655,0.8187,88,0
IWM191108P159,2019-11-05,2019-11-05 09:35:41,0.66,0.825,378,0.65,0.8125,361,0.66,0.825,3,0.655,0.8187,88,0
IWM191108P159,2019-11-05,2019-11-05 09:35:42,0.66,0.825,378,0.65,0.8125,794,0.66,0.825,3,0.655,0.8187,88,0
IWM191108P159,2019-11-05,2019-11-05 09:35:43,0.66,0.825,378,0.65,0.8125,488,0.66,0.825,3,0.655,0.8187,88,0
IWM191108P159,2019-11-05,2019-11-05 09:35:43,0.66,0.825,378,0.65,0.8125,768,0.66,0.825,3,0.655,0.8187,88,0
IWM191108P159,2019-11-05,2019-11-05 09:35:44,0.66,0.825,378,0.65,0.8125,768,0.66,0.825,3,0.655,0.8187,88,0
IWM191108P159,2019-11-05,2019-11-05 09:35:45,0.66,0.825,380,0.64,0.8,480,0.66,0.825,3,0.65,0.8125,88,0
IWM191108P159,2019-11-05,2019-11-05 09:35:45,0.66,0.825,387,0.64,0.8,393,0.66,0.825,3,0.65,0.8125,88,0
IWM191108P159,2019-11-05,2019-11-05 09:35:46,0.66,0.825,380,0.64,0.8,924,0.66,0.825,3,0.65,0.8125,88,0
IWM191108P159,2019-11-05,2019-11-05 09:35:46,0.66,0.825,388,0.64,0.8,924,0.66,0.825,3,0.65,0.8125,88,0
IWM191108P159,2019-11-05,2019-11-05 09:35:47,0.66,0.825,388,0.64,0.8,859,0.66,0.825,3,0.65,0.8125,88,0
IWM191108P159,2019-11-05,2019-11-05 09:35:47,0.66,0.825,388,0.64,0.8,924,0.66,0.825,3,0.65,0.8125,88,0
IWM191108P159,2019-11-05,2019-11-05 09:35:48,0.66,0.825,388,0.64,0.8,891,0.66,0.825,3,0.65,0.8125,88,0
IWM191108P159,2019-11-05,2019-11-05 09:35:48,0.66,0.825,388,0.64,0.8,861,0.66,0.825,3,0.65,0.8125,88,0
IWM191108P159,2019-11-05,2019-11-05 09:35:49,0.66,0.825,455,0.64,0.8,528,0.66,0.825,3,0.65,0.8125,88,0
IWM191108P159,2019-11-05,2019-11-05 09:35:50,0.66,0.825,455,0.64,0.8,288,0.66,0.825,3,0.65,0.8125,88,0
IWM191108P159,2019-11-05,2019-11-05 09:35:50,0.66,0.825,455,0.64,0.8,303,0.66,0.825,3,0.65,0.8125,88,0
IWM191108P159,2019-11-05,2019-11-05 09:35:51,0.66,0.825,455,0.64,0.8,303,0.66,0.825,3,0.65,0.8125,88,0
IWM191108P159,2019-11-05,2019-11-05 09:35:52,0.66,0.825,483,0.64,0.8,224,0.66,0.825,3,0.65,0.8125,88,0
IWM191108P159,2019-11-05,2019-11-05 09:35:52,0.66,0.825,455,0.65,0.8125,21,0.66,0.825,3,0.655,0.8187,88,0
IWM191108P159,2019-11-05,2019-11-05 09:35:53,0.66,0.825,440,0.64,0.8,50,0.66,0.825,3,0.65,0.8125,88,0
IWM191108P159,2019-11-05,2019-11-05 09:35:53,0.66,0.825,455,0.65,0.8125,8,0.66,0.825,3,0.655,0.8187,88,0
IWM191108P159,2019-11-05,2019-11-05 09:35:54,0.66,0.825,491,0.64,0.8,21,0.66,0.825,3,0.65,0.8125,88,0
IWM191108P159,2019-11-05,2019-11-05 09:35:54,0.66,0.825,516,0.64,0.8,21,0.66,0.825,3,0.65,0.8125,88,0
IWM191108P159,2019-11-05,2019-11-05 09:35:55,0.66,0.825,491,0.64,0.8,20,0.66,0.825,3,0.65,0.8125,88,0
IWM191108P159,2019-11-05,2019-11-05 09:35:55,0.66,0.825,491,0.64,0.8,21,0.66,0.825,3,0.65,0.8125,88,0
IWM191108P159,2019-11-05,2019-11-05 09:35:56,0.66,0.825,378,0.65,0.8125,235,0.66,0.825,3,0.655,0.8187,88,0
IWM191108P159,2019-11-05,2019-11-05 09:35:56,0.66,0.825,491,0.64,0.8,20,0.66,0.825,3,0.65,0.8125,88,0
IWM191108P159,2019-11-05,2019-11-05 09:35:57,0.66,0.825,378,0.65,0.8125,382,0.66,0.825,3,0.655,0.8187,88,0
IWM191108P159,2019-11-05,2019-11-05 09:35:57,0.66,0.825,378,0.65,0.8125,281,0.66,0.825,3,0.655,0.8187,88,0
IWM191108P159,2019-11-05,2019-11-05 09:35:58,0.66,0.825,378,0.65,0.8125,836,0.66,0.825,3,0.655,0.8187,88,0
IWM191108P159,2019-11-05,2019-11-05 09:35:59,0.66,0.825,378,0.65,0.8125,554,0.66,0.825,3,0.655,0.8187,88,0
IWM191108P159,2019-11-05,2019-11-05 09:35:59,0.66,0.825,378,0.65,0.8125,836,0.66,0.825,3,0.655,0.8187,88,0
IWM191108P159,2019-11-05,2019-11-05 09:36:00,0.66,0.825,378,0.65,0.8125,702,0.66,0.825,3,0.655,0.8187,88,0
IWM191108P159,2019-11-05,2019-11-05 09:36:00,0.66,0.825,378,0.65,0.8125,805,0.66,0.825,1,0.655,0.8187,89,1
IWM191108P159,2019-11-05,2019-11-05 09:36:01,0.69,0.8625,331,0.65,0.8125,805,0.66,0.825,371,0.67,0.8375,1077,988
IWM191108P159,2019-11-05,2019-11-05 09:36:02,0.69,0.8625,451,0.66,0.825,620,0.66,0.825,371,0.675,0.8437,1077,0
IWM191108P159,2019-11-05,2019-11-05 09:36:02,0.69,0.8625,420,0.66,0.825,462,0.66,0.825,371,0.675,0.8437,1077,0
IWM191108P159,2019-11-05,2019-11-05 09:36:03,0.69,0.8625,436,0.67,0.8375,21,0.66,0.825,371,0.68,0.85,1077,0
IWM191108P159,2019-11-05,2019-11-05 09:36:03,0.69,0.8625,461,0.67,0.8375,96,0.66,0.825,371,0.68,0.85,1077,0
IWM191108P159,2019-11-05,2019-11-05 09:36:04,0.69,0.8625,118,0.67,0.8375,124,0.66,0.825,371,0.68,0.85,1077,0
IWM191108P159,2019-11-05,2019-11-05 09:36:04,0.7,0.875,256,0.67,0.8375,58,0.66,0.825,371,0.685,0.8562,1077,0
IWM191108P159,2019-11-05,2019-11-05 09:36:05,0.69,0.8625,2,0.67,0.8375,465,0.66,0.825,371,0.68,0.85,1077,0
IWM191108P159,2019-11-05,2019-11-05 09:36:05,0.69,0.8625,10,0.67,0.8375,282,0.66,0.825,371,0.68,0.85,1077,0
IWM191108P159,2019-11-05,2019-11-05 09:36:06,0.69,0.8625,20,0.67,0.8375,302,0.66,0.825,371,0.68,0.85,1077,0
IWM191108P159,2019-11-05,2019-11-05 09:36:06,0.69,0.8625,218,0.67,0.8375,139,0.66,0.825,371,0.68,0.85,1077,0
IWM191108P159,2019-11-05,2019-11-05 09:36:07,0.69,0.8625,367,0.67,0.8375,189,0.66,0.825,371,0.68,0.85,1077,0
IWM191108P159,2019-11-05,2019-11-05 09:36:07,0.69,0.8625,218,0.67,0.8375,139,0.66,0.825,371,0.68,0.85,1077,0
IWM191108P159,2019-11-05,2019-11-05 09:36:08,0.69,0.8625,367,0.67,0.8375,189,0.66,0.825,371,0.68,0.85,1077,0
IWM191108P159,2019-11-05,2019-11-05 09:36:08,0.69,0.8625,320,0.67,0.8375,12,0.66,0.825,371,0.68,0.85,1077,0
IWM191108P159,2019-11-05,2019-11-05 09:36:09,0.69,0.8625,490,0.67,0.8375,3,0.66,0.825,371,0.68,0.85,1077,0
IWM191108P159,2019-11-05,2019-11-05 09:36:09,0.69,0.8625,556,0.67,0.8375,3,0.66,0.825,371,0.68,0.85,1077,0
IWM191108P159,2019-11-05,2019-11-05 09:36:10,0.68,0.85,98,0.66,0.825,30,0.66,0.825,371,0.67,0.8375,1077,0
IWM191108P159,2019-11-05,2019-11-05 09:36:10,0.68,0.85,127,0.66,0.825,200,0.66,0.825,371,0.67,0.8375,1077,0
IWM191108P159,2019-11-05,2019-11-05 09:36:11,0.67,0.8375,341,0.66,0.825,10,0.66,0.825,371,0.665,0.8312,1077,0
IWM191108P159,2019-11-05,2019-11-05 09:36:11,0.68,0.85,400,0.66,0.825,141,0.66,0.825,371,0.67,0.8375,1077,0
IWM191108P159,2019-11-05,2019-11-05 09:36:12,0.67,0.8375,504,0.65,0.8125,10,0.66,0.825,371,0.66,0.825,1077,0
IWM191108P159,2019-11-05,2019-11-05 09:36:12,0.67,0.8375,437,0.65,0.8125,123,0.66,0.825,371,0.66,0.825,1077,0
IWM191108P159,2019-11-05,2019-11-05 09:36:13,0.67,0.8375,529,0.65,0.8125,74,0.66,0.825,371,0.66,0.825,1077,0
IWM191108P159,2019-11-05,2019-11-05 09:36:13,0.67,0.8375,437,0.65,0.8125,177,0.66,0.825,371,0.66,0.825,1077,0
IWM191108P159,2019-11-05,2019-11-05 09:36:14,0.67,0.8375,529,0.65,0.8125,90,0.66,0.825,371,0.66,0.825,1077,0
IWM191108P159,2019-11-05,2019-11-05 09:36:14,0.67,0.8375,529,0.65,0.8125,124,0.66,0.825,371,0.66,0.825,1077,0
IWM191108P159,2019-11-05,2019-11-05 09:36:15,0.66,0.825,75,0.65,0.8125,10,0.66,0.825,371,0.655,0.8187,1077,0
IWM191108P159,2019-11-05,2019-11-05 09:36:15,0.67,0.8375,465,0.65,0.8125,10,0.66,0.825,371,0.66,0.825,1077,0
IWM191108P159,2019-11-05,2019-11-05 09:36:16,0.66,0.825,92,0.65,0.8125,10,0.66,0.825,371,0.655,0.8187,1077,0
IWM191108P159,2019-11-05,2019-11-05 09:36:16,0.66,0.825,80,0.65,0.8125,10,0.66,0.825,371,0.655,0.8187,1077,0
IWM191108P159,2019-11-05,2019-11-05 09:36:17,0.66,0.825,79,0.65,0.8125,10,0.66,0.825,371,0.655,0.8187,1077,0
IWM191108P159,2019-11-05,2019-11-05 09:36:18,0.66,0.825,403,0.65,0.8125,10,0.66,0.825,371,0.655,0.8187,1077,0
IWM191108P159,2019-11-05,2019-11-05 09:36:18,0.66,0.825,327,0.65,0.8125,10,0.66,0.825,371,0.655,0.8187,1077,0
IWM191108P159,2019-11-05,2019-11-05 09:36:19,0.66,0.825,403,0.65,0.8125,10,0.66,0.825,371,0.655,0.8187,1077,0
IWM191108P159,2019-11-05,2019-11-05 09:36:19,0.67,0.8375,90,0.65,0.8125,141,0.66,0.825,371,0.66,0.825,1077,0
IWM191108P159,2019-11-05,2019-11-05 09:36:20,0.67,0.8375,360,0.65,0.8125,180,0.66,0.825,371,0.66,0.825,1077,0
IWM191108P159,2019-11-05,2019-11-05 09:36:20,0.68,0.85,125,0.65,0.8125,402,0.66,0.825,371,0.665,0.8312,1077,0
IWM191108P159,2019-11-05,2019-11-05 09:36:21,0.68,0.85,342,0.66,0.825,51,0.66,0.825,371,0.67,0.8375,1077,0
IWM191108P159,2019-11-05,2019-11-05 09:36:21,0.68,0.85,432,0.66,0.825,61,0.66,0.825,371,0.67,0.8375,1077,0
IWM191108P159,2019-11-05,2019-11-05 09:36:22,0.68,0.85,121,0.66,0.825,402,0.66,0.825,371,0.67,0.8375,1077,0
IWM191108P159,2019-11-05,2019-11-05 09:36:22,0.68,0.85,124,0.66,0.825,402,0.66,0.825,371,0.67,0.8375,1077,0
IWM191108P159,2019-11-05,2019-11-05 09:36:23,0.69,0.8625,464,0.66,0.825,558,0.66,0.825,371,0.675,0.8437,1077,0
IWM191108P159,2019-11-05,2019-11-05 09:36:23,0.69,0.8625,505,0.66,0.825,522,0.66,0.825,371,0.675,0.8437,1077,0
IWM191108P159,2019-11-05,2019-11-05 09:36:24,0.69,0.8625,555,0.66,0.825,557,0.66,0.825,371,0.675,0.8437,1077,0
IWM191108P159,2019-11-05,2019-11-05 09:36:24,0.69,0.8625,538,0.66,0.825,619,0.66,0.825,371,0.675,0.8437,1077,0
IWM191108P159,2019-11-05,2019-11-05 09:36:25,0.69,0.8625,519,0.66,0.825,557,0.66,0.825,371,0.675,0.8437,1077,0
IWM191108P159,2019-11-05,2019-11-05 09:36:25,0.69,0.8625,555,0.66,0.825,622,0.66,0.825,371,0.675,0.8437,1077,0
IWM191108P159,2019-11-05,2019-11-05 09:36:26,0.69,0.8625,519,0.66,0.825,628,0.66,0.825,371,0.675,0.8437,1077,0
IWM191108P159,2019-11-05,2019-11-05 09:36:27,0.69,0.8625,105,0.66,0.825,700,0.66,0.825,371,0.675,0.8437,1077,0
IWM191108P159,2019-11-05,2019-11-05 09:36:27,0.69,0.8625,553,0.66,0.825,542,0.66,0.825,371,0.675,0.8437,1077,0
IWM191108P159,2019-11-05,2019-11-05 09:36:28,0.68,0.85,119,0.67,0.8375,13,0.66,0.825,371,0.675,0.8437,1077,0
IWM191108P159,2019-11-05,2019-11-05 09:36:28,0.69,0.8625,457,0.66,0.825,406,0.66,0.825,371,0.675,0.8437,1077,0
IWM191108P159,2019-11-05,2019-11-05 09:36:29,0.69,0.8625,413,0.66,0.825,606,0.66,0.825,371,0.675,0.8437,1077,0
IWM191108P159,2019-11-05,2019-11-05 09:36:29,0.69,0.8625,430,0.66,0.825,606,0.66,0.825,371,0.675,0.8437,1077,0
IWM191108P159,2019-11-05,2019-11-05 09:36:30,0.69,0.8625,484,0.66,0.825,265,0.66,0.825,371,0.675,0.8437,1077,0
IWM191108P159,2019-11-05,2019-11-05 09:36:30,0.69,0.8625,413,0.66,0.825,567,0.66,0.825,371,0.675,0.8437,1077,0
IWM191108P159,2019-11-05,2019-11-05 09:36:31,0.68,0.85,472,0.66,0.825,21,0.66,0.825,371,0.67,0.8375,1077,0
IWM191108P159,2019-11-05,2019-11-05 09:36:31,0.67,0.8375,176,0.65,0.8125,180,0.66,0.825,371,0.66,0.825,1077,0
IWM191108P159,2019-11-05,2019-11-05 09:36:32,0.66,0.825,210,0.65,0.8125,10,0.66,0.825,371,0.655,0.8187,1077,0
IWM191108P159,2019-11-05,2019-11-05 09:36:33,0.66,0.825,414,0.65,0.8125,10,0.66,0.825,371,0.655,0.8187,1077,0
IWM191108P159,2019-11-05,2019-11-05 09:36:34,0.67,0.8375,529,0.65,0.8125,39,0.66,0.825,371,0.66,0.825,1077,0
IWM191108P159,2019-11-05,2019-11-05 09:36:34,0.67,0.8375,430,0.65,0.8125,39,0.66,0.825,371,0.66,0.825,1077,0
IWM191108P159,2019-11-05,2019-11-05 09:36:35,0.67,0.8375,475,0.65,0.8125,48,0.66,0.825,371,0.66,0.825,1077,0
IWM191108P159,2019-11-05,2019-11-05 09:36:35,0.67,0.8375,442,0.65,0.8125,48,0.66,0.825,371,0.66,0.825,1077,0
IWM191108P159,2019-11-05,2019-11-05 09:36:36,0.67,0.8375,273,0.65,0.8125,64,0.66,0.825,371,0.66,0.825,1077,0
IWM191108P159,2019-11-05,2019-11-05 09:36:36,0.67,0.8375,273,0.65,0.8125,50,0.66,0.825,371,0.66,0.825,1077,0
IWM191108P159,2019-11-05,2019-11-05 09:36:37,0.67,0.8375,273,0.65,0.8125,121,0.66,0.825,371,0.66,0.825,1077,0
IWM191108P159,2019-11-05,2019-11-05 09:36:37,0.67,0.8375,273,0.65,0.8125,204,0.66,0.825,371,0.66,0.825,1077,0
IWM191108P159,2019-11-05,2019-11-05 09:36:38,0.68,0.85,406,0.66,0.825,36,0.66,0.825,371,0.67,0.8375,1077,0
IWM191108P159,2019-11-05,2019-11-05 09:36:38,0.68,0.85,331,0.66,0.825,36,0.66,0.825,371,0.67,0.8375,1077,0
IWM191108P159,2019-11-05,2019-11-05 09:36:39,0.68,0.85,406,0.66,0.825,229,0.66,0.825,371,0.67,0.8375,1077,0
IWM191108P159,2019-11-05,2019-11-05 09:36:39,0.68,0.85,195,0.66,0.825,449,0.66,0.825,371,0.67,0.8375,1077,0
IWM191108P159,2019-11-05,2019-11-05 09:36:40,0.68,0.85,369,0.66,0.825,230,0.66,0.825,371,0.67,0.8375,1077,0
IWM191108P159,2019-11-05,2019-11-05 09:36:40,0.68,0.85,159,0.66,0.825,331,0.66,0.825,371,0.67,0.8375,1077,0
IWM191108P159,2019-11-05,2019-11-05 09:36:41,0.69,0.8625,488,0.66,0.825,597,0.66,0.825,371,0.675,0.8437,1077,0
IWM191108P159,2019-11-05,2019-11-05 09:36:41,0.7,0.875,126,0.66,0.825,303,0.66,0.825,371,0.68,0.85,1077,0
IWM191108P159,2019-11-05,2019-11-05 09:36:42,0.69,0.8625,213,0.67,0.8375,91,0.66,0.825,371,0.68,0.85,1077,0
IWM191108P159,2019-11-05,2019-11-05 09:36:42,0.69,0.8625,323,0.67,0.8375,53,0.66,0.825,371,0.68,0.85,1077,0
IWM191108P159,2019-11-05,2019-11-05 09:36:43,0.69,0.8625,327,0.67,0.8375,79,0.66,0.825,371,0.68,0.85,1077,0
IWM191108P159,2019-11-05,2019-11-05 09:36:43,0.69,0.8625,278,0.67,0.8375,69,0.66,0.825,371,0.68,0.85,1077,0
IWM191108P159,2019-11-05,2019-11-05 09:36:44,0.69,0.8625,327,0.67,0.8375,80,0.66,0.825,371,0.68,0.85,1077,0
IWM191108P159,2019-11-05,2019-11-05 09:36:45,0.69,0.8625,386,0.67,0.8375,112,0.66,0.825,371,0.68,0.85,1077,0
IWM191108P159,2019-11-05,2019-11-05 09:36:45,0.69,0.8625,327,0.67,0.8375,80,0.66,0.825,371,0.68,0.85,1077,0
IWM191108P159,2019-11-05,2019-11-05 09:36:46,0.69,0.8625,327,0.67,0.8375,80,0.66,0.825,371,0.68,0.85,1077,0
IWM191108P159,2019-11-05,2019-11-05 09:36:46,0.69,0.8625,327,0.67,0.8375,119,0.66,0.825,371,0.68,0.85,1077,0
IWM191108P159,2019-11-05,2019-11-05 09:36:47,0.69,0.8625,346,0.67,0.8375,91,0.66,0.825,371,0.68,0.85,1077,0
IWM191108P159,2019-11-05,2019-11-05 09:36:48,0.68,0.85,3,0.67,0.8375,16,0.66,0.825,371,0.675,0.8437,1077,0
IWM191108P159,2019-11-05,2019-11-05 09:36:48,0.69,0.8625,239,0.67,0.8375,16,0.66,0.825,371,0.68,0.85,1077,0
IWM191108P159,2019-11-05,2019-11-05 09:36:49,0.69,0.8625,352,0.67,0.8375,16,0.66,0.825,371,0.68,0.85,1077,0
IWM191108P159,2019-11-05,2019-11-05 09:36:50,0.69,0.8625,153,0.67,0.8375,30,0.66,0.825,371,0.68,0.85,1077,0
IWM191108P159,2019-11-05,2019-11-05 09:36:50,0.69,0.8625,278,0.67,0.8375,30,0.66,0.825,371,0.68,0.85,1077,0
IWM191108P159,2019-11-05,2019-11-05 09:36:51,0.69,0.8625,368,0.67,0.8375,30,0.66,0.825,371,0.68,0.85,1077,0
IWM191108P159,2019-11-05,2019-11-05 09:36:51,0.69,0.8625,345,0.67,0.8375,36,0.66,0.825,371,0.68,0.85,1077,0
IWM191108P159,2019-11-05,2019-11-05 09:36:52,0.69,0.8625,345,0.67,0.8375,36,0.66,0.825,371,0.68,0.85,1077,0
IWM191108P159,2019-11-05,2019-11-05 09:36:52,0.69,0.8625,10,0.67,0.8375,526,0.66,0.825,371,0.68,0.85,1077,0
IWM191108P159,2019-11-05,2019-11-05 09:36:53,0.69,0.8625,10,0.67,0.8375,254,0.66,0.825,371,0.68,0.85,1077,0
IWM191108P159,2019-11-05,2019-11-05 09:36:53,0.69,0.8625,10,0.67,0.8375,550,0.66,0.825,371,0.68,0.85,1077,0
IWM191108P159,2019-11-05,2019-11-05 09:36:54,0.7,0.875,79,0.67,0.8375,615,0.66,0.825,371,0.685,0.8562,1077,0
IWM191108P159,2019-11-05,2019-11-05 09:36:54,0.7,0.875,392,0.67,0.8375,615,0.66,0.825,371,0.685,0.8562,1077,0
IWM191108P159,2019-11-05,2019-11-05 09:36:55,0.7,0.875,64,0.68,0.85,9,0.66,0.825,371,0.69,0.8625,1077,0
IWM191108P159,2019-11-05,2019-11-05 09:36:55,0.69,0.8625,245,0.67,0.8375,99,0.66,0.825,371,0.68,0.85,1077,0
IWM191108P159,2019-11-05,2019-11-05 09:36:56,0.69,0.8625,39,0.67,0.8375,458,0.66,0.825,371,0.68,0.85,1077,0
IWM191108P159,2019-11-05,2019-11-05 09:36:56,0.69,0.8625,279,0.67,0.8375,148,0.66,0.825,371,0.68,0.85,1077,0
IWM191108P159,2019-11-05,2019-11-05 09:36:57,0.7,0.875,403,0.68,0.85,156,0.66,0.825,371,0.69,0.8625,1077,0
IWM191108P159,2019-11-05,2019-11-05 09:36:57,0.7,0.875,403,0.69,0.8625,11,0.66,0.825,371,0.695,0.8687,1077,0
IWM191108P159,2019-11-05,2019-11-05 09:36:58,0.7,0.875,403,0.68,0.85,101,0.66,0.825,371,0.69,0.8625,1077,0
IWM191108P159,2019-11-05,2019-11-05 09:36:58,0.7,0.875,403,0.68,0.85,156,0.66,0.825,371,0.69,0.8625,1077,0
IWM191108P159,2019-11-05,2019-11-05 09:36:59,0.7,0.875,419,0.68,0.85,153,0.66,0.825,371,0.69,0.8625,1077,0
IWM191108P159,2019-11-05,2019-11-05 09:37:00,0.7,0.875,2,0.68,0.85,95,0.66,0.825,371,0.69,0.8625,1077,0
IWM191108P159,2019-11-05,2019-11-05 09:37:00,0.72,0.9,386,0.69,0.8625,144,0.7,0.875,2,0.705,0.8812,1079,2
IWM191108P159,2019-11-05,2019-11-05 09:37:01,0.72,0.9,386,0.69,0.8625,403,0.7,0.875,2,0.705,0.8812,1079,0
IWM191108P159,2019-11-05,2019-11-05 09:37:01,0.72,0.9,386,0.69,0.8625,502,0.7,0.875,2,0.705,0.8812,1079,0
IWM191108P159,2019-11-05,2019-11-05 09:37:02,0.71,0.8875,10,0.69,0.8625,512,0.7,0.875,2,0.7,0.875,1079,0
IWM191108P159,2019-11-05,2019-11-05 09:37:02,0.72,0.9,279,0.69,0.8625,512,0.7,0.875,2,0.705,0.8812,1079,0
IWM191108P159,2019-11-05,2019-11-05 09:37:03,0.71,0.8875,75,0.7,0.875,13,0.7,0.875,2,0.705,0.8812,1079,0
IWM191108P159,2019-11-05,2019-11-05 09:37:04,0.72,0.9,396,0.7,0.875,55,0.7,0.875,2,0.71,0.8875,1079,0
IWM191108P159,2019-11-05,2019-11-05 09:37:04,0.72,0.9,271,0.7,0.875,65,0.7,0.875,2,0.71,0.8875,1079,0
IWM191108P159,2019-11-05,2019-11-05 09:37:05,0.72,0.9,330,0.7,0.875,186,0.7,0.875,2,0.71,0.8875,1079,0
IWM191108P159,2019-11-05,2019-11-05 09:37:05,0.72,0.9,381,0.7,0.875,38,0.7,0.875,2,0.71,0.8875,1079,0
IWM191108P159,2019-11-05,2019-11-05 09:37:06,0.72,0.9,471,0.7,0.875,37,0.7,0.875,2,0.71,0.8875,1079,0
IWM191108P159,2019-11-05,2019-11-05 09:37:06,0.72,0.9,322,0.7,0.875,37,0.7,0.875,2,0.71,0.8875,1079,0
IWM191108P159,2019-11-05,2019-11-05 09:37:07,0.72,0.9,447,0.7,0.875,37,0.7,0.875,2,0.71,0.8875,1079,0
IWM191108P159,2019-11-05,2019-11-05 09:37:07,0.72,0.9,376,0.7,0.875,96,0.7,0.875,2,0.71,0.8875,1079,0
IWM191108P159,2019-11-05,2019-11-05 09:37:08,0.72,0.9,55,0.7,0.875,536,0.7,0.875,2,0.71,0.8875,1079,0
IWM191108P159,2019-11-05,2019-11-05 09:37:08,0.72,0.9,376,0.7,0.875,96,0.7,0.875,2,0.71,0.8875,1079,0
IWM191108P159,2019-11-05,2019-11-05 09:37:09,0.73,0.9125,414,0.7,0.875,243,0.7,0.875,2,0.715,0.8937,1079,0
IWM191108P159,2019-11-05,2019-11-05 09:37:09,0.72,0.9,160,0.71,0.8875,15,0.7,0.875,2,0.715,0.8937,1079,0
IWM191108P159,2019-11-05,2019-11-05 09:37:10,0.73,0.9125,528,0.71,0.8875,2,0.7,0.875,2,0.72,0.9,1079,0
IWM191108P159,2019-11-05,2019-11-05 09:37:10,0.72,0.9,79,0.7,0.875,391,0.7,0.875,2,0.71,0.8875,1079,0
IWM191108P159,2019-11-05,2019-11-05 09:37:11,0.72,0.9,111,0.71,0.8875,17,0.7,0.875,2,0.715,0.8937,1079,0
IWM191108P159,2019-11-05,2019-11-05 09:37:11,0.72,0.9,403,0.7,0.875,194,0.7,0.875,2,0.71,0.8875,1079,0
IWM191108P159,2019-11-05,2019-11-05 09:37:12,0.71,0.8875,307,0.69,0.8625,425,0.7,0.875,2,0.7,0.875,1079,0
IWM191108P159,2019-11-05,2019-11-05 09:37:12,0.72,0.9,281,0.71,0.8875,17,0.7,0.875,2,0.715,0.8937,1079,0
IWM191108P159,2019-11-05,2019-11-05 09:37:13,0.71,0.8875,348,0.69,0.8625,486,0.7,0.875,2,0.7,0.875,1079,0
IWM191108P159,2019-11-05,2019-11-05 09:37:13,0.71,0.8875,369,0.69,0.8625,507,0.7,0.875,2,0.7,0.875,1079,0
IWM191108P159,2019-11-05,2019-11-05 09:37:14,0.71,0.8875,348,0.69,0.8625,486,0.7,0.875,2,0.7,0.875,1079,0
IWM191108P159,2019-11-05,2019-11-05 09:37:14,0.71,0.8875,148,0.69,0.8625,486,0.7,0.875,2,0.7,0.875,1079,0
IWM191108P159,2019-11-05,2019-11-05 09:37:15,0.71,0.8875,75,0.69,0.8625,486,0.7,0.875,2,0.7,0.875,1079,0
IWM191108P159,2019-11-05,2019-11-05 09:37:15,0.71,0.8875,422,0.69,0.8625,96,0.7,0.875,2,0.7,0.875,1079,0
IWM191108P159,2019-11-05,2019-11-05 09:37:16,0.71,0.8875,79,0.69,0.8625,245,0.7,0.875,2,0.7,0.875,1079,0
IWM191108P159,2019-11-05,2019-11-05 09:37:16,0.72,0.9,113,0.69,0.8625,438,0.7,0.875,2,0.705,0.8812,1079,0
IWM191108P159,2019-11-05,2019-11-05 09:37:17,0.72,0.9,402,0.69,0.8625,601,0.7,0.875,2,0.705,0.8812,1079,0
IWM191108P159,2019-11-05,2019-11-05 09:37:17,0.72,0.9,164,0.7,0.875,200,0.7,0.875,2,0.71,0.8875,1079,0
IWM191108P159,2019-11-05,2019-11-05 09:37:18,0.72,0.9,437,0.7,0.875,369,0.7,0.875,2,0.71,0.8875,1079,0
IWM191108P159,2019-11-05,2019-11-05 09:37:18,0.72,0.9,164,0.7,0.875,171,0.7,0.875,2,0.71,0.8875,1079,0
IWM191108P159,2019-11-05,2019-11-05 09:37:19,0.72,0.9,437,0.7,0.875,369,0.7,0.875,2,0.71,0.8875,1079,0
IWM191108P159,2019-11-05,2019-11-05 09:37:20,0.72,0.9,364,0.7,0.875,219,0.7,0.875,2,0.71,0.8875,1079,0
IWM191108P159,2019-11-05,2019-11-05 09:37:21,0.72,0.9,364,0.7,0.875,312,0.7,0.875,2,0.71,0.8875,1079,0
IWM191108P159,2019-11-05,2019-11-05 09:37:21,0.72,0.9,109,0.7,0.875,475,0.7,0.875,2,0.71,0.8875,1079,0
IWM191108P159,2019-11-05,2019-11-05 09:37:22,0.72,0.9,109,0.7,0.875,269,0.72,0.9,10,0.71,0.8875,1089,10
IWM191108P159,2019-11-05,2019-11-05 09:37:22,0.72,0.9,109,0.7,0.875,269,0.72,0.9,10,0.71,0.8875,1089,0
IWM191108P159,2019-11-05,2019-11-05 09:37:23,0.72,0.9,103,0.7,0.875,26,0.72,0.9,10,0.71,0.8875,1089,0
IWM191108P159,2019-11-05,2019-11-05 09:37:23,0.72,0.9,103,0.7,0.875,113,0.72,0.9,10,0.71,0.8875,1089,0
IWM191108P159,2019-11-05,2019-11-05 09:37:24,0.72,0.9,334,0.7,0.875,113,0.72,0.9,10,0.71,0.8875,1089,0
IWM191108P159,2019-11-05,2019-11-05 09:37:24,0.72,0.9,103,0.7,0.875,113,0.72,0.9,10,0.71,0.8875,1089,0
IWM191108P159,2019-11-05,2019-11-05 09:37:25,0.72,0.9,89,0.7,0.875,113,0.72,0.9,10,0.71,0.8875,1089,0
IWM191108P159,2019-11-05,2019-11-05 09:37:26,0.72,0.9,104,0.71,0.8875,15,0.72,0.9,10,0.715,0.8937,1100,11
IWM191108P159,2019-11-05,2019-11-05 09:37:26,0.72,0.9,89,0.7,0.875,418,0.72,0.9,10,0.71,0.8875,1100,0
IWM191108P159,2019-11-05,2019-11-05 09:37:27,0.72,0.9,1,0.71,0.8875,20,0.72,0.9,10,0.715,0.8937,1100,0
IWM191108P159,2019-11-05,2019-11-05 09:37:27,0.73,0.9125,471,0.71,0.8875,86,0.72,0.9,10,0.72,0.9,1100,0
IWM191108P159,2019-11-05,2019-11-05 09:37:28,0.73,0.9125,401,0.71,0.8875,424,0.72,0.9,10,0.72,0.9,1100,0
IWM191108P159,2019-11-05,2019-11-05 09:37:28,0.74,0.925,194,0.71,0.8875,441,0.72,0.9,10,0.725,0.9062,1100,0
IWM191108P159,2019-11-05,2019-11-05 09:37:29,0.74,0.925,371,0.71,0.8875,538,0.72,0.9,10,0.725,0.9062,1100,0
IWM191108P159,2019-11-05,2019-11-05 09:37:29,0.74,0.925,524,0.71,0.8875,581,0.72,0.9,10,0.725,0.9062,1100,0
IWM191108P159,2019-11-05,2019-11-05 09:37:30,0.73,0.9125,3,0.71,0.8875,578,0.72,0.9,10,0.72,0.9,1100,0
IWM191108P159,2019-11-05,2019-11-05 09:37:30,0.73,0.9125,3,0.71,0.8875,573,0.72,0.9,10,0.72,0.9,1100,0
IWM191108P159,2019-11-05,2019-11-05 09:37:31,0.73,0.9125,295,0.7,0.875,450,0.72,0.9,10,0.715,0.8937,1100,0
IWM191108P159,2019-11-05,2019-11-05 09:37:31,0.73,0.9125,10,0.71,0.8875,90,0.72,0.9,10,0.72,0.9,1100,0
IWM191108P159,2019-11-05,2019-11-05 09:37:32,0.73,0.9125,373,0.7,0.875,450,0.72,0.9,10,0.715,0.8937,1100,0
IWM191108P159,2019-11-05,2019-11-05 09:37:32,0.72,0.9,10,0.71,0.8875,17,0.72,0.9,10,0.715,0.8937,1100,0
IWM191108P159,2019-11-05,2019-11-05 09:37:33,0.72,0.9,393,0.7,0.875,116,0.72,0.9,10,0.71,0.8875,1100,0
IWM191108P159,2019-11-05,2019-11-05 09:37:33,0.72,0.9,289,0.7,0.875,69,0.72,0.9,10,0.71,0.8875,1100,0
IWM191108P159,2019-11-05,2019-11-05 09:37:34,0.72,0.9,292,0.7,0.875,22,0.72,0.9,10,0.71,0.8875,1100,0
IWM191108P159,2019-11-05,2019-11-05 09:37:34,0.72,0.9,292,0.7,0.875,23,0.72,0.9,10,0.71,0.8875,1100,0
IWM191108P159,2019-11-05,2019-11-05 09:37:35,0.72,0.9,358,0.7,0.875,22,0.72,0.9,10,0.71,0.8875,1100,0
IWM191108P159,2019-11-05,2019-11-05 09:37:36,0.71,0.8875,79,0.69,0.8625,75,0.72,0.9,10,0.7,0.875,1100,0
IWM191108P159,2019-11-05,2019-11-05 09:37:37,0.71,0.8875,318,0.69,0.8625,201,0.72,0.9,10,0.7,0.875,1100,0
IWM191108P159,2019-11-05,2019-11-05 09:37:37,0.71,0.8875,323,0.69,0.8625,76,0.72,0.9,10,0.7,0.875,1100,0
IWM191108P159,2019-11-05,2019-11-05 09:37:38,0.71,0.8875,458,0.69,0.8625,271,0.72,0.9,10,0.7,0.875,1100,0
IWM191108P159,2019-11-05,2019-11-05 09:37:39,0.71,0.8875,458,0.69,0.8625,394,0.72,0.9,10,0.7,0.875,1100,0
IWM191108P159,2019-11-05,2019-11-05 09:37:40,0.71,0.8875,4,0.69,0.8625,516,0.72,0.9,10,0.7,0.875,1100,0
IWM191108P159,2019-11-05,2019-11-05 09:37:40,0.71,0.8875,93,0.69,0.8625,250,0.72,0.9,10,0.7,0.875,1100,0
IWM191108P159,2019-11-05,2019-11-05 09:37:41,0.71,0.8875,93,0.69,0.8625,250,0.72,0.9,10,0.7,0.875,1100,0
IWM191108P159,2019-11-05,2019-11-05 09:37:41,0.71,0.8875,124,0.69,0.8625,202,0.72,0.9,10,0.7,0.875,1100,0
IWM191108P159,2019-11-05,2019-11-05 09:37:42,0.71,0.8875,389,0.69,0.8625,68,0.72,0.9,10,0.7,0.875,1100,0
IWM191108P159,2019-11-05,2019-11-05 09:37:42,0.71,0.8875,440,0.69,0.8625,34,0.72,0.9,10,0.7,0.875,1100,0
IWM191108P159,2019-11-05,2019-11-05 09:37:43,0.7,0.875,4,0.69,0.8625,21,0.72,0.9,10,0.695,0.8687,1100,0
IWM191108P159,2019-11-05,2019-11-05 09:37:43,0.71,0.8875,343,0.69,0.8625,21,0.72,0.9,10,0.7,0.875,1100,0
IWM191108P159,2019-11-05,2019-11-05 09:37:44,0.71,0.8875,436,0.69,0.8625,21,0.72,0.9,10,0.7,0.875,1100,0
IWM191108P159,2019-11-05,2019-11-05 09:37:44,0.71,0.8875,486,0.69,0.8625,21,0.72,0.9,10,0.7,0.875,1100,0
IWM191108P159,2019-11-05,2019-11-05 09:37:45,0.71,0.8875,326,0.69,0.8625,102,0.72,0.9,10,0.7,0.875,1100,0
IWM191108P159,2019-11-05,2019-11-05 09:37:45,0.71,0.8875,421,0.69,0.8625,123,0.72,0.9,10,0.7,0.875,1100,0
IWM191108P159,2019-11-05,2019-11-05 09:37:46,0.71,0.8875,4,0.69,0.8625,376,0.72,0.9,10,0.7,0.875,1100,0
IWM191108P159,2019-11-05,2019-11-05 09:37:47,0.72,0.9,191,0.7,0.875,17,0.72,0.9,10,0.71,0.8875,1100,0
IWM191108P159,2019-11-05,2019-11-05 09:37:47,0.71,0.8875,8,0.7,0.875,30,0.72,0.9,10,0.705,0.8812,1100,0
IWM191108P159,2019-11-05,2019-11-05 09:37:48,0.71,0.8875,8,0.7,0.875,30,0.72,0.9,10,0.705,0.8812,1100,0
IWM191108P159,2019-11-05,2019-11-05 09:37:49,0.71,0.8875,8,0.7,0.875,30,0.72,0.9,10,0.705,0.8812,1100,0
IWM191108P159,2019-11-05,2019-11-05 09:37:49,0.73,0.9125,144,0.7,0.875,367,0.72,0.9,10,0.715,0.8937,1100,0
IWM191108P159,2019-11-05,2019-11-05 09:37:50,0.72,0.9,414,0.7,0.875,130,0.72,0.9,10,0.71,0.8875,1100,0
IWM191108P159,2019-11-05,2019-11-05 09:37:50,0.72,0.9,85,0.7,0.875,100,0.72,0.9,10,0.71,0.8875,1100,0
IWM191108P159,2019-11-05,2019-11-05 09:37:51,0.72,0.9,499,0.69,0.8625,172,0.72,0.9,10,0.705,0.8812,1100,0
IWM191108P159,2019-11-05,2019-11-05 09:37:51,0.72,0.9,414,0.7,0.875,130,0.72,0.9,10,0.71,0.8875,1100,0
IWM191108P159,2019-11-05,2019-11-05 09:37:52,0.71,0.8875,237,0.7,0.875,1,0.72,0.9,10,0.705,0.8812,1100,0
IWM191108P159,2019-11-05,2019-11-05 09:37:52,0.71,0.8875,377,0.69,0.8625,149,0.72,0.9,10,0.7,0.875,1100,0
IWM191108P159,2019-11-05,2019-11-05 09:37:53,0.71,0.8875,237,0.7,0.875,17,0.71,0.8875,100,0.705,0.8812,1200,100
IWM191108P159,2019-11-05,2019-11-05 09:37:53,0.71,0.8875,237,0.7,0.875,1,0.71,0.8875,100,0.705,0.8812,1200,0
IWM191108P159,2019-11-05,2019-11-05 09:37:54,0.71,0.8875,310,0.7,0.875,1,0.71,0.8875,100,0.705,0.8812,1200,0
IWM191108P159,2019-11-05,2019-11-05 09:37:54,0.71,0.8875,237,0.7,0.875,1,0.71,0.8875,100,0.705,0.8812,1200,0
IWM191108P159,2019-11-05,2019-11-05 09:37:55,0.71,0.8875,98,0.69,0.8625,342,0.71,0.8875,100,0.7,0.875,1200,0
IWM191108P159,2019-11-05,2019-11-05 09:37:55,0.71,0.8875,310,0.7,0.875,1,0.71,0.8875,100,0.705,0.8812,1200,0
IWM191108P159,2019-11-05,2019-11-05 09:37:56,0.71,0.8875,499,0.7,0.875,17,0.71,0.8875,100,0.705,0.8812,1200,0
IWM191108P159,2019-11-05,2019-11-05 09:37:57,0.72,0.9,200,0.69,0.8625,317,0.71,0.8875,100,0.705,0.8812,1200,0
IWM191108P159,2019-11-05,2019-11-05 09:37:57,0.71,0.8875,80,0.69,0.8625,185,0.71,0.8875,100,0.7,0.875,1200,0
IWM191108P159,2019-11-05,2019-11-05 09:37:58,0.71,0.8875,369,0.69,0.8625,10,0.71,0.8875,100,0.7,0.875,1200,0
IWM191108P159,2019-11-05,2019-11-05 09:37:58,0.71,0.8875,369,0.69,0.8625,20,0.71,0.8875,100,0.7,0.875,1200,0
IWM191108P159,2019-11-05,2019-11-05 09:37:59,0.7,0.875,119,0.69,0.8625,10,0.71,0.8875,100,0.695,0.8687,1200,0
IWM191108P159,2019-11-05,2019-11-05 09:38:00,0.7,0.875,291,0.68,0.85,243,0.71,0.8875,100,0.69,0.8625,1200,0
IWM191108P159,2019-11-05,2019-11-05 09:38:00,0.7,0.875,253,0.68,0.85,167,0.71,0.8875,100,0.69,0.8625,1200,0
IWM191108P159,2019-11-05,2019-11-05 09:38:01,0.7,0.875,253,0.68,0.85,127,0.71,0.8875,100,0.69,0.8625,1200,0
IWM191108P159,2019-11-05,2019-11-05 09:38:02,0.7,0.875,80,0.69,0.8625,7,0.71,0.8875,100,0.695,0.8687,1200,0
IWM191108P159,2019-11-05,2019-11-05 09:38:02,0.69,0.8625,4,0.67,0.8375,362,0.71,0.8875,100,0.68,0.85,1200,0
IWM191108P159,2019-11-05,2019-11-05 09:38:03,0.69,0.8625,102,0.67,0.8375,351,0.71,0.8875,100,0.68,0.85,1200,0
IWM191108P159,2019-11-05,2019-11-05 09:38:03,0.69,0.8625,85,0.67,0.8375,351,0.71,0.8875,100,0.68,0.85,1200,0
IWM191108P159,2019-11-05,2019-11-05 09:38:04,0.69,0.8625,380,0.67,0.8375,62,0.71,0.8875,100,0.68,0.85,1200,0
IWM191108P159,2019-11-05,2019-11-05 09:38:04,0.69,0.8625,280,0.67,0.8375,109,0.71,0.8875,100,0.68,0.85,1200,0
IWM191108P159,2019-11-05,2019-11-05 09:38:05,0.69,0.8625,535,0.67,0.8375,62,0.71,0.8875,100,0.68,0.85,1200,0
IWM191108P159,2019-11-05,2019-11-05 09:38:05,0.69,0.8625,504,0.67,0.8375,62,0.71,0.8875,100,0.68,0.85,1200,0
IWM191108P159,2019-11-05,2019-11-05 09:38:06,0.69,0.8625,504,0.67,0.8375,62,0.71,0.8875,100,0.68,0.85,1200,0
IWM191108P159,2019-11-05,2019-11-05 09:38:06,0.69,0.8625,327,0.67,0.8375,200,0.71,0.8875,100,0.68,0.85,1200,0
IWM191108P159,2019-11-05,2019-11-05 09:38:07,0.69,0.8625,400,0.67,0.8375,413,0.71,0.8875,100,0.68,0.85,1200,0
IWM191108P159,2019-11-05,2019-11-05 09:38:07,0.69,0.8625,85,0.67,0.8375,423,0.71,0.8875,100,0.68,0.85,1200,0
IWM191108P159,2019-11-05,2019-11-05 09:38:08,0.69,0.8625,400,0.67,0.8375,213,0.71,0.8875,100,0.68,0.85,1200,0
IWM191108P159,2019-11-05,2019-11-05 09:38:09,0.69,0.8625,400,0.67,0.8375,413,0.71,0.8875,100,0.68,0.85,1200,0
IWM191108P159,2019-11-05,2019-11-05 09:38:09,0.69,0.8625,400,0.67,0.8375,213,0.71,0.8875,100,0.68,0.85,1200,0
IWM191108P159,2019-11-05,2019-11-05 09:38:10,0.69,0.8625,401,0.67,0.8375,431,0.71,0.8875,100,0.68,0.85,1200,0
IWM191108P159,2019-11-05,2019-11-05 09:38:10,0.69,0.8625,328,0.67,0.8375,341,0.71,0.8875,100,0.68,0.85,1200,0
IWM191108P159,2019-11-05,2019-11-05 09:38:11,0.69,0.8625,85,0.67,0.8375,419,0.71,0.8875,100,0.68,0.85,1200,0
IWM191108P159,2019-11-05,2019-11-05 09:38:11,0.69,0.8625,238,0.67,0.8375,517,0.71,0.8875,100,0.68,0.85,1200,0
IWM191108P159,2019-11-05,2019-11-05 09:38:12,0.69,0.8625,328,0.67,0.8375,293,0.71,0.8875,100,0.68,0.85,1200,0
IWM191108P159,2019-11-05,2019-11-05 09:38:12,0.69,0.8625,328,0.67,0.8375,292,0.71,0.8875,100,0.68,0.85,1200,0
IWM191108P159,2019-11-05,2019-11-05 09:38:13,0.69,0.8625,401,0.67,0.8375,293,0.71,0.8875,100,0.68,0.85,1200,0
IWM191108P159,2019-11-05,2019-11-05 09:38:14,0.69,0.8625,382,0.67,0.8375,244,0.71,0.8875,100,0.68,0.85,1200,0
IWM191108P159,2019-11-05,2019-11-05 09:38:15,0.68,0.85,95,0.67,0.8375,20,0.71,0.8875,100,0.675,0.8437,1200,0
IWM191108P159,2019-11-05,2019-11-05 09:38:16,0.69,0.8625,383,0.67,0.8375,236,0.71,0.8875,100,0.68,0.85,1200,0
IWM191108P159,2019-11-05,2019-11-05 09:38:16,0.69,0.8625,467,0.67,0.8375,57,0.71,0.8875,100,0.68,0.85,1200,0
IWM191108P159,2019-11-05,2019-11-05 09:38:17,0.69,0.8625,435,0.67,0.8375,428,0.71,0.8875,100,0.68,0.85,1200,0
IWM191108P159,2019-11-05,2019-11-05 09:38:17,0.7,0.875,436,0.67,0.8375,460,0.71,0.8875,100,0.685,0.8562,1200,0
IWM191108P159,2019-11-05,2019-11-05 09:38:18,0.69,0.8625,508,0.67,0.8375,419,0.71,0.8875,100,0.68,0.85,1200,0
IWM191108P159,2019-11-05,2019-11-05 09:38:18,0.69,0.8625,508,0.67,0.8375,520,0.71,0.8875,100,0.68,0.85,1200,0
IWM191108P159,2019-11-05,2019-11-05 09:38:19,0.69,0.8625,328,0.67,0.8375,292,0.71,0.8875,100,0.68,0.85,1200,0
IWM191108P159,2019-11-05,2019-11-05 09:38:19,0.69,0.8625,374,0.67,0.8375,219,0.71,0.8875,100,0.68,0.85,1200,0
IWM191108P159,2019-11-05,2019-11-05 09:38:20,0.69,0.8625,395,0.67,0.8375,53,0.71,0.8875,100,0.68,0.85,1200,0
IWM191108P159,2019-11-05,2019-11-05 09:38:20,0.69,0.8625,481,0.67,0.8375,219,0.71,0.8875,100,0.68,0.85,1200,0
IWM191108P159,2019-11-05,2019-11-05 09:38:21,0.69,0.8625,395,0.67,0.8375,53,0.71,0.8875,100,0.68,0.85,1200,0
IWM191108P159,2019-11-05,2019-11-05 09:38:21,0.68,0.85,8,0.67,0.8375,38,0.71,0.8875,100,0.675,0.8437,1200,0
IWM191108P159,2019-11-05,2019-11-05 09:38:22,0.68,0.85,8,0.67,0.8375,49,0.71,0.8875,100,0.675,0.8437,1200,0
IWM191108P159,2019-11-05,2019-11-05 09:38:22,0.68,0.85,8,0.67,0.8375,38,0.71,0.8875,100,0.675,0.8437,1200,0
IWM191108P159,2019-11-05,2019-11-05 09:38:23,0.68,0.85,83,0.67,0.8375,38,0.71,0.8875,100,0.675,0.8437,1200,0
IWM191108P159,2019-11-05,2019-11-05 09:38:23,0.68,0.85,83,0.67,0.8375,57,0.71,0.8875,100,0.675,0.8437,1200,0
IWM191108P159,2019-11-05,2019-11-05 09:38:24,0.7,0.875,274,0.67,0.8375,200,0.71,0.8875,100,0.685,0.8562,1200,0
IWM191108P159,2019-11-05,2019-11-05 09:38:24,0.69,0.8625,76,0.68,0.85,4,0.71,0.8875,100,0.685,0.8562,1200,0
IWM191108P159,2019-11-05,2019-11-05 09:38:25,0.69,0.8625,76,0.68,0.85,4,0.71,0.8875,100,0.685,0.8562,1200,0
IWM191108P159,2019-11-05,2019-11-05 09:38:25,0.69,0.8625,152,0.67,0.8375,414,0.71,0.8875,100,0.68,0.85,1200,0
IWM191108P159,2019-11-05,2019-11-05 09:38:26,0.69,0.8625,277,0.67,0.8375,414,0.71,0.8875,100,0.68,0.85,1200,0
IWM191108P159,2019-11-05,2019-11-05 09:38:26,0.69,0.8625,477,0.67,0.8375,214,0.71,0.8875,100,0.68,0.85,1200,0
IWM191108P159,2019-11-05,2019-11-05 09:38:27,0.68,0.85,42,0.67,0.8375,40,0.71,0.8875,100,0.675,0.8437,1200,0
IWM191108P159,2019-11-05,2019-11-05 09:38:27,0.68,0.85,143,0.67,0.8375,13,0.71,0.8875,100,0.675,0.8437,1200,0
IWM191108P159,2019-11-05,2019-11-05 09:38:28,0.68,0.85,501,0.66,0.825,20,0.71,0.8875,100,0.67,0.8375,1200,0
IWM191108P159,2019-11-05,2019-11-05 09:38:28,0.68,0.85,156,0.66,0.825,38,0.71,0.8875,100,0.67,0.8375,1200,0
IWM191108P159,2019-11-05,2019-11-05 09:38:29,0.67,0.8375,6,0.66,0.825,99,0.71,0.8875,100,0.665,0.8312,1200,0
IWM191108P159,2019-11-05,2019-11-05 09:38:29,0.67,0.8375,6,0.66,0.825,30,0.71,0.8875,100,0.665,0.8312,1200,0
IWM191108P159,2019-11-05,2019-11-05 09:38:30,0.67,0.8375,6,0.66,0.825,117,0.71,0.8875,100,0.665,0.8312,1200,0
IWM191108P159,2019-11-05,2019-11-05 09:38:31,0.67,0.8375,85,0.66,0.825,10,0.71,0.8875,100,0.665,0.8312,1200,0
IWM191108P159,2019-11-05,2019-11-05 09:38:31,0.67,0.8375,6,0.66,0.825,117,0.71,0.8875,100,0.665,0.8312,1200,0
IWM191108P159,2019-11-05,2019-11-05 09:38:32,0.67,0.8375,20,0.66,0.825,10,0.71,0.8875,100,0.665,0.8312,1200,0
IWM191108P159,2019-11-05,2019-11-05 09:38:32,0.67,0.8375,76,0.66,0.825,10,0.71,0.8875,100,0.665,0.8312,1200,0
IWM191108P159,2019-11-05,2019-11-05 09:38:33,0.67,0.8375,416,0.65,0.8125,1,0.65,0.8125,1,0.66,0.825,1213,3
IWM191108P159,2019-11-05,2019-11-05 09:38:33,0.67,0.8375,76,0.65,0.8125,8,0.66,0.825,10,0.66,0.825,1210,10
IWM191108P159,2019-11-05,2019-11-05 09:38:34,0.67,0.8375,527,0.65,0.8125,9,0.65,0.8125,1,0.66,0.825,1213,0
IWM191108P159,2019-11-05,2019-11-05 09:38:34,0.67,0.8375,467,0.64,0.8,472,0.65,0.8125,1,0.655,0.8187,1213,0
IWM191108P159,2019-11-05,2019-11-05 09:38:35,0.66,0.825,523,0.64,0.8,204,0.65,0.8125,1,0.65,0.8125,1213,0
IWM191108P159,2019-11-05,2019-11-05 09:38:35,0.66,0.825,164,0.64,0.8,190,0.65,0.8125,1,0.65,0.8125,1213,0
IWM191108P159,2019-11-05,2019-11-05 09:38:36,0.66,0.825,242,0.65,0.8125,9,0.65,0.8125,1,0.655,0.8187,1213,0
IWM191108P159,2019-11-05,2019-11-05 09:38:36,0.66,0.825,289,0.64,0.8,204,0.65,0.8125,1,0.65,0.8125,1213,0
IWM191108P159,2019-11-05,2019-11-05 09:38:37,0.66,0.825,89,0.64,0.8,449,0.65,0.8125,1,0.65,0.8125,1213,0
