symbol,Date,quote_time,ask_price,norm_ask_price,ask_size,bid_price,norm_bid_price,bid_size,last_trade_price,norm_last_trade_price,last_trade_size,mark_price,norm_mark_price,volume,Volume
IWM190906C150,2019-09-05,2019-09-05 09:30:01,0.89,1.0,29,0.58,0.6516,29,0.63,0.7078,1,0.735,0.8258,4,1
IWM190906C150,2019-09-05,2019-09-05 09:30:01,0.89,1.0,29,0.59,0.6629,120,0.77,0.8651,3,0.74,0.8314,3,3
IWM190906C150,2019-09-05,2019-09-05 09:30:02,0.89,1.0,29,0.59,0.6629,120,0.7,0.7865,8,0.74,0.8314,12,8
IWM190906C150,2019-09-05,2019-09-05 09:30:02,0.89,1.0,29,0.58,0.6516,29,0.63,0.7078,1,0.735,0.8258,4,0
IWM190906C150,2019-09-05,2019-09-05 09:30:03,0.86,0.9662,29,0.53,0.5955,29,0.7,0.7865,5,0.695,0.7808,20,0
IWM190906C150,2019-09-05,2019-09-05 09:30:03,0.86,0.9662,29,0.56,0.6292,29,0.7,0.7865,5,0.71,0.7977,20,8
IWM190906C150,2019-09-05,2019-09-05 09:30:04,0.85,0.955,46,0.6,0.6741,10,0.7,0.7865,5,0.725,0.8146,20,0
IWM190906C150,2019-09-05,2019-09-05 09:30:04,0.85,0.955,52,0.6,0.6741,26,0.7,0.7865,5,0.725,0.8146,20,0
IWM190906C150,2019-09-05,2019-09-05 09:30:05,0.89,1.0,16,0.53,0.5955,21,0.7,0.7865,5,0.71,0.7977,20,0
IWM190906C150,2019-09-05,2019-09-05 09:30:05,0.8,0.8988,10,0.55,0.6179,10,0.7,0.7865,5,0.675,0.7584,20,0
IWM190906C150,2019-09-05,2019-09-05 09:30:06,0.79,0.8876,10,0.54,0.6067,10,0.7,0.7865,5,0.665,0.7471,20,0
IWM190906C150,2019-09-05,2019-09-05 09:30:06,1.0,1.1235,375,0.44,0.4943,375,0.7,0.7865,5,0.72,0.8089,20,0
IWM190906C150,2019-09-05,2019-09-05 09:30:07,0.73,0.8202,202,0.45,0.5056,120,0.63,0.7078,9,0.59,0.6629,29,9
IWM190906C150,2019-09-05,2019-09-05 09:30:07,0.99,1.1123,18,0.44,0.4943,375,0.7,0.7865,5,0.715,0.8033,20,0
IWM190906C150,2019-09-05,2019-09-05 09:30:08,0.73,0.8202,202,0.45,0.5056,120,0.63,0.7078,9,0.59,0.6629,29,0
IWM190906C150,2019-09-05,2019-09-05 09:30:09,0.73,0.8202,202,0.45,0.5056,120,0.63,0.7078,9,0.59,0.6629,29,0
IWM190906C150,2019-09-05,2019-09-05 09:30:09,0.69,0.7752,101,0.61,0.6853,120,0.63,0.7078,9,0.65,0.7303,29,0
IWM190906C150,2019-09-05,2019-09-05 09:30:10,0.68,0.764,101,0.6,0.6741,120,0.63,0.7078,9,0.64,0.7191,29,0
IWM190906C150,2019-09-05,2019-09-05 09:30:10,0.69,0.7752,101,0.61,0.6853,120,0.63,0.7078,9,0.65,0.7303,29,0
IWM190906C150,2019-09-05,2019-09-05 09:30:11,0.68,0.764,98,0.6,0.6741,125,0.63,0.7078,9,0.64,0.7191,29,0
IWM190906C150,2019-09-05,2019-09-05 09:30:12,0.68,0.764,98,0.6,0.6741,161,0.63,0.7078,9,0.64,0.7191,29,0
IWM190906C150,2019-09-05,2019-09-05 09:30:12,0.68,0.764,98,0.6,0.6741,123,0.63,0.7078,9,0.64,0.7191,29,0
IWM190906C150,2019-09-05,2019-09-05 09:30:13,0.66,0.7415,101,0.59,0.6629,38,0.63,0.7078,9,0.625,0.7022,29,0
IWM190906C150,2019-09-05,2019-09-05 09:30:13,0.67,0.7528,101,0.61,0.6853,123,0.63,0.7078,9,0.64,0.7191,29,0
IWM190906C150,2019-09-05,2019-09-05 09:30:14,0.66,0.7415,101,0.59,0.6629,41,0.63,0.7078,9,0.625,0.7022,29,0
IWM190906C150,2019-09-05,2019-09-05 09:30:14,0.68,0.764,101,0.62,0.6966,36,0.63,0.7078,9,0.65,0.7303,29,0
IWM190906C150,2019-09-05,2019-09-05 09:30:15,0.71,0.7977,113,0.62,0.6966,36,0.63,0.7078,9,0.665,0.7471,29,0
IWM190906C150,2019-09-05,2019-09-05 09:30:16,0.71,0.7977,13,0.63,0.7078,101,0.63,0.7078,9,0.67,0.7528,29,0
IWM190906C150,2019-09-05,2019-09-05 09:30:16,0.72,0.8089,101,0.63,0.7078,216,0.63,0.7078,9,0.675,0.7584,29,0
IWM190906C150,2019-09-05,2019-09-05 09:30:17,0.71,0.7977,196,0.63,0.7078,38,0.63,0.7078,9,0.67,0.7528,29,0
IWM190906C150,2019-09-05,2019-09-05 09:30:17,0.7,0.7865,101,0.62,0.6966,142,0.63,0.7078,9,0.66,0.7415,29,0
IWM190906C150,2019-09-05,2019-09-05 09:30:18,0.7,0.7865,137,0.62,0.6966,63,0.63,0.7078,9,0.66,0.7415,29,0
IWM190906C150,2019-09-05,2019-09-05 09:30:19,0.71,0.7977,248,0.62,0.6966,170,0.63,0.7078,9,0.665,0.7471,29,0
IWM190906C150,2019-09-05,2019-09-05 09:30:19,0.71,0.7977,274,0.62,0.6966,170,0.63,0.7078,9,0.665,0.7471,29,0
IWM190906C150,2019-09-05,2019-09-05 09:30:20,0.71,0.7977,274,0.65,0.7303,36,0.63,0.7078,9,0.68,0.764,29,0
IWM190906C150,2019-09-05,2019-09-05 09:30:21,0.7,0.7865,2,0.64,0.7191,36,0.63,0.7078,9,0.67,0.7528,29,0
IWM190906C150,2019-09-05,2019-09-05 09:30:21,0.7,0.7865,269,0.64,0.7191,36,0.63,0.7078,9,0.67,0.7528,29,0
IWM190906C150,2019-09-05,2019-09-05 09:30:22,0.7,0.7865,269,0.64,0.7191,36,0.63,0.7078,9,0.67,0.7528,29,0
IWM190906C150,2019-09-05,2019-09-05 09:30:22,0.7,0.7865,269,0.65,0.7303,36,0.63,0.7078,9,0.675,0.7584,29,0
IWM190906C150,2019-09-05,2019-09-05 09:30:23,0.7,0.7865,344,0.65,0.7303,40,0.7,0.7865,1,0.675,0.7584,30,1
IWM190906C150,2019-09-05,2019-09-05 09:30:23,0.7,0.7865,344,0.65,0.7303,36,0.7,0.7865,1,0.675,0.7584,30,0
IWM190906C150,2019-09-05,2019-09-05 09:30:24,0.7,0.7865,344,0.65,0.7303,36,0.7,0.7865,1,0.675,0.7584,30,0
IWM190906C150,2019-09-05,2019-09-05 09:30:24,0.7,0.7865,344,0.66,0.7415,36,0.7,0.7865,1,0.68,0.764,30,0
IWM190906C150,2019-09-05,2019-09-05 09:30:25,0.7,0.7865,44,0.66,0.7415,36,0.7,0.7865,1,0.68,0.764,30,0
IWM190906C150,2019-09-05,2019-09-05 09:30:26,0.7,0.7865,44,0.66,0.7415,36,0.7,0.7865,1,0.68,0.764,30,0
IWM190906C150,2019-09-05,2019-09-05 09:30:26,0.7,0.7865,44,0.67,0.7528,36,0.7,0.7865,1,0.685,0.7696,30,0
IWM190906C150,2019-09-05,2019-09-05 09:30:27,0.7,0.7865,44,0.67,0.7528,39,0.7,0.7865,1,0.685,0.7696,30,0
IWM190906C150,2019-09-05,2019-09-05 09:30:27,0.7,0.7865,44,0.68,0.764,150,0.7,0.7865,1,0.69,0.7752,30,0
IWM190906C150,2019-09-05,2019-09-05 09:30:28,0.7,0.7865,44,0.68,0.764,150,0.7,0.7865,1,0.69,0.7752,30,0
IWM190906C150,2019-09-05,2019-09-05 09:30:29,0.7,0.7865,44,0.68,0.764,150,0.7,0.7865,1,0.69,0.7752,30,0
IWM190906C150,2019-09-05,2019-09-05 09:30:29,0.7,0.7865,2,0.68,0.764,150,0.7,0.7865,1,0.69,0.7752,30,0
IWM190906C150,2019-09-05,2019-09-05 09:30:30,0.7,0.7865,2,0.68,0.764,150,0.7,0.7865,1,0.69,0.7752,30,0
IWM190906C150,2019-09-05,2019-09-05 09:30:30,0.7,0.7865,2,0.68,0.764,491,0.7,0.7865,1,0.69,0.7752,30,0
IWM190906C150,2019-09-05,2019-09-05 09:30:31,0.7,0.7865,2,0.68,0.764,44,0.7,0.7865,1,0.69,0.7752,30,0
IWM190906C150,2019-09-05,2019-09-05 09:30:31,0.7,0.7865,2,0.68,0.764,81,0.7,0.7865,1,0.69,0.7752,30,0
IWM190906C150,2019-09-05,2019-09-05 09:30:32,0.7,0.7865,2,0.68,0.764,25,0.7,0.7865,1,0.69,0.7752,30,0
IWM190906C150,2019-09-05,2019-09-05 09:30:32,0.7,0.7865,20,0.67,0.7528,175,0.7,0.7865,1,0.685,0.7696,30,0
IWM190906C150,2019-09-05,2019-09-05 09:30:33,0.7,0.7865,20,0.67,0.7528,252,0.7,0.7865,1,0.685,0.7696,30,0
IWM190906C150,2019-09-05,2019-09-05 09:30:33,0.7,0.7865,20,0.67,0.7528,15,0.7,0.7865,1,0.685,0.7696,30,0
IWM190906C150,2019-09-05,2019-09-05 09:30:34,0.69,0.7752,208,0.62,0.6966,122,0.7,0.7865,1,0.655,0.7359,30,0
IWM190906C150,2019-09-05,2019-09-05 09:30:34,0.69,0.7752,180,0.62,0.6966,63,0.7,0.7865,1,0.655,0.7359,30,0
IWM190906C150,2019-09-05,2019-09-05 09:30:35,0.67,0.7528,247,0.62,0.6966,26,0.7,0.7865,1,0.645,0.7247,30,0
IWM190906C150,2019-09-05,2019-09-05 09:30:35,0.67,0.7528,288,0.62,0.6966,26,0.7,0.7865,1,0.645,0.7247,30,0
IWM190906C150,2019-09-05,2019-09-05 09:30:36,0.67,0.7528,78,0.62,0.6966,99,0.7,0.7865,1,0.645,0.7247,30,0
IWM190906C150,2019-09-05,2019-09-05 09:30:36,0.67,0.7528,146,0.62,0.6966,99,0.7,0.7865,1,0.645,0.7247,30,0
IWM190906C150,2019-09-05,2019-09-05 09:30:37,0.67,0.7528,138,0.62,0.6966,99,0.7,0.7865,1,0.645,0.7247,30,0
IWM190906C150,2019-09-05,2019-09-05 09:30:38,0.67,0.7528,81,0.62,0.6966,20,0.7,0.7865,1,0.645,0.7247,30,0
IWM190906C150,2019-09-05,2019-09-05 09:30:38,0.67,0.7528,175,0.62,0.6966,63,0.7,0.7865,1,0.645,0.7247,30,0
IWM190906C150,2019-09-05,2019-09-05 09:30:39,0.67,0.7528,100,0.62,0.6966,105,0.7,0.7865,1,0.645,0.7247,30,0
IWM190906C150,2019-09-05,2019-09-05 09:30:39,0.67,0.7528,121,0.62,0.6966,63,0.7,0.7865,1,0.645,0.7247,30,0
IWM190906C150,2019-09-05,2019-09-05 09:30:40,0.67,0.7528,38,0.62,0.6966,151,0.7,0.7865,1,0.645,0.7247,30,0
IWM190906C150,2019-09-05,2019-09-05 09:30:41,0.68,0.764,49,0.62,0.6966,229,0.7,0.7865,1,0.65,0.7303,30,0
IWM190906C150,2019-09-05,2019-09-05 09:30:42,0.68,0.764,67,0.62,0.6966,229,0.7,0.7865,1,0.65,0.7303,30,0
IWM190906C150,2019-09-05,2019-09-05 09:30:42,0.68,0.764,20,0.62,0.6966,229,0.7,0.7865,1,0.65,0.7303,30,0
IWM190906C150,2019-09-05,2019-09-05 09:30:43,0.69,0.7752,20,0.64,0.7191,72,0.7,0.7865,1,0.665,0.7471,30,0
IWM190906C150,2019-09-05,2019-09-05 09:30:43,0.69,0.7752,39,0.63,0.7078,151,0.7,0.7865,1,0.66,0.7415,30,0
IWM190906C150,2019-09-05,2019-09-05 09:30:44,0.7,0.7865,20,0.65,0.7303,54,0.7,0.7865,1,0.675,0.7584,30,0
IWM190906C150,2019-09-05,2019-09-05 09:30:44,0.7,0.7865,27,0.64,0.7191,249,0.7,0.7865,1,0.67,0.7528,30,0
IWM190906C150,2019-09-05,2019-09-05 09:30:45,0.7,0.7865,20,0.65,0.7303,175,0.7,0.7865,1,0.675,0.7584,30,0
IWM190906C150,2019-09-05,2019-09-05 09:30:45,0.7,0.7865,20,0.65,0.7303,233,0.7,0.7865,1,0.675,0.7584,30,0
IWM190906C150,2019-09-05,2019-09-05 09:30:46,0.7,0.7865,20,0.65,0.7303,185,0.7,0.7865,1,0.675,0.7584,30,0
IWM190906C150,2019-09-05,2019-09-05 09:30:46,0.7,0.7865,20,0.66,0.7415,165,0.7,0.7865,1,0.68,0.764,30,0
IWM190906C150,2019-09-05,2019-09-05 09:30:47,0.7,0.7865,20,0.66,0.7415,155,0.7,0.7865,1,0.68,0.764,30,0
IWM190906C150,2019-09-05,2019-09-05 09:30:48,0.7,0.7865,20,0.66,0.7415,178,0.7,0.7865,1,0.68,0.764,30,0
IWM190906C150,2019-09-05,2019-09-05 09:30:48,0.7,0.7865,2,0.66,0.7415,188,0.7,0.7865,1,0.68,0.764,30,0
IWM190906C150,2019-09-05,2019-09-05 09:30:49,0.7,0.7865,2,0.66,0.7415,188,0.7,0.7865,1,0.68,0.764,30,0
IWM190906C150,2019-09-05,2019-09-05 09:30:49,0.7,0.7865,2,0.66,0.7415,246,0.7,0.7865,1,0.68,0.764,30,0
IWM190906C150,2019-09-05,2019-09-05 09:30:50,0.7,0.7865,20,0.66,0.7415,235,0.69,0.7752,1,0.68,0.764,31,1
IWM190906C150,2019-09-05,2019-09-05 09:30:51,0.7,0.7865,20,0.66,0.7415,418,0.69,0.7752,1,0.68,0.764,31,0
IWM190906C150,2019-09-05,2019-09-05 09:30:52,0.7,0.7865,20,0.66,0.7415,318,0.69,0.7752,1,0.68,0.764,31,0
IWM190906C150,2019-09-05,2019-09-05 09:30:52,0.7,0.7865,20,0.66,0.7415,418,0.69,0.7752,1,0.68,0.764,31,0
IWM190906C150,2019-09-05,2019-09-05 09:30:53,0.7,0.7865,20,0.66,0.7415,97,0.69,0.7752,1,0.68,0.764,31,0
IWM190906C150,2019-09-05,2019-09-05 09:30:54,0.7,0.7865,20,0.66,0.7415,97,0.69,0.7752,1,0.68,0.764,31,0
IWM190906C150,2019-09-05,2019-09-05 09:30:55,0.7,0.7865,20,0.66,0.7415,97,0.69,0.7752,1,0.68,0.764,31,0
IWM190906C150,2019-09-05,2019-09-05 09:30:56,0.7,0.7865,20,0.66,0.7415,151,0.69,0.7752,1,0.68,0.764,31,0
IWM190906C150,2019-09-05,2019-09-05 09:30:57,0.7,0.7865,20,0.66,0.7415,151,0.69,0.7752,1,0.68,0.764,31,0
IWM190906C150,2019-09-05,2019-09-05 09:30:57,0.7,0.7865,2,0.66,0.7415,151,0.69,0.7752,1,0.68,0.764,31,0
IWM190906C150,2019-09-05,2019-09-05 09:30:58,0.7,0.7865,2,0.66,0.7415,244,0.69,0.7752,1,0.68,0.764,31,0
IWM190906C150,2019-09-05,2019-09-05 09:30:59,0.7,0.7865,2,0.66,0.7415,245,0.69,0.7752,3,0.68,0.764,34,3
IWM190906C150,2019-09-05,2019-09-05 09:30:59,0.7,0.7865,2,0.66,0.7415,347,0.69,0.7752,3,0.68,0.764,34,0
IWM190906C150,2019-09-05,2019-09-05 09:31:00,0.7,0.7865,2,0.67,0.7528,247,0.7,0.7865,2,0.685,0.7696,36,2
IWM190906C150,2019-09-05,2019-09-05 09:31:00,0.74,0.8314,29,0.67,0.7528,353,0.7,0.7865,2,0.705,0.7921,36,0
IWM190906C150,2019-09-05,2019-09-05 09:31:01,0.74,0.8314,101,0.67,0.7528,253,0.7,0.7865,2,0.705,0.7921,36,0
IWM190906C150,2019-09-05,2019-09-05 09:31:02,0.74,0.8314,226,0.67,0.7528,236,0.7,0.7865,2,0.705,0.7921,36,0
IWM190906C150,2019-09-05,2019-09-05 09:31:03,0.75,0.8426,189,0.67,0.7528,362,0.7,0.7865,2,0.71,0.7977,36,0
IWM190906C150,2019-09-05,2019-09-05 09:31:03,0.74,0.8314,43,0.67,0.7528,232,0.7,0.7865,2,0.705,0.7921,36,0
IWM190906C150,2019-09-05,2019-09-05 09:31:04,0.75,0.8426,350,0.68,0.764,149,0.7,0.7865,2,0.715,0.8033,36,0
IWM190906C150,2019-09-05,2019-09-05 09:31:04,0.75,0.8426,252,0.68,0.764,135,0.7,0.7865,2,0.715,0.8033,36,0
IWM190906C150,2019-09-05,2019-09-05 09:31:05,0.75,0.8426,252,0.68,0.764,369,0.7,0.7865,2,0.715,0.8033,36,0
IWM190906C150,2019-09-05,2019-09-05 09:31:06,0.75,0.8426,101,0.68,0.764,478,0.7,0.7865,2,0.715,0.8033,36,0
IWM190906C150,2019-09-05,2019-09-05 09:31:07,0.75,0.8426,101,0.68,0.764,359,0.7,0.7865,2,0.715,0.8033,36,0
IWM190906C150,2019-09-05,2019-09-05 09:31:07,0.75,0.8426,101,0.68,0.764,409,0.7,0.7865,2,0.715,0.8033,36,0
IWM190906C150,2019-09-05,2019-09-05 09:31:08,0.76,0.8539,101,0.69,0.7752,134,0.7,0.7865,2,0.725,0.8146,36,0
IWM190906C150,2019-09-05,2019-09-05 09:31:08,0.76,0.8539,101,0.69,0.7752,310,0.7,0.7865,2,0.725,0.8146,36,0
IWM190906C150,2019-09-05,2019-09-05 09:31:09,0.76,0.8539,101,0.69,0.7752,150,0.7,0.7865,2,0.725,0.8146,36,0
IWM190906C150,2019-09-05,2019-09-05 09:31:09,0.76,0.8539,101,0.69,0.7752,490,0.7,0.7865,2,0.725,0.8146,36,0
IWM190906C150,2019-09-05,2019-09-05 09:31:10,0.75,0.8426,173,0.69,0.7752,262,0.7,0.7865,2,0.72,0.8089,36,0
IWM190906C150,2019-09-05,2019-09-05 09:31:10,0.75,0.8426,244,0.69,0.7752,312,0.7,0.7865,2,0.72,0.8089,36,0
IWM190906C150,2019-09-05,2019-09-05 09:31:11,0.75,0.8426,200,0.69,0.7752,382,0.7,0.7865,2,0.72,0.8089,36,0
IWM190906C150,2019-09-05,2019-09-05 09:31:11,0.75,0.8426,216,0.69,0.7752,252,0.7,0.7865,2,0.72,0.8089,36,0
IWM190906C150,2019-09-05,2019-09-05 09:31:12,0.75,0.8426,216,0.69,0.7752,313,0.7,0.7865,2,0.72,0.8089,36,0
IWM190906C150,2019-09-05,2019-09-05 09:31:12,0.75,0.8426,216,0.7,0.7865,240,0.7,0.7865,2,0.725,0.8146,36,0
IWM190906C150,2019-09-05,2019-09-05 09:31:13,0.76,0.8539,199,0.7,0.7865,240,0.7,0.7865,2,0.73,0.8202,36,0
IWM190906C150,2019-09-05,2019-09-05 09:31:13,0.76,0.8539,217,0.71,0.7977,170,0.7,0.7865,2,0.735,0.8258,36,0
IWM190906C150,2019-09-05,2019-09-05 09:31:14,0.76,0.8539,165,0.71,0.7977,259,0.7,0.7865,2,0.735,0.8258,36,0
IWM190906C150,2019-09-05,2019-09-05 09:31:14,0.76,0.8539,165,0.71,0.7977,266,0.7,0.7865,2,0.735,0.8258,36,0
IWM190906C150,2019-09-05,2019-09-05 09:31:15,0.77,0.8651,216,0.71,0.7977,259,0.7,0.7865,2,0.74,0.8314,36,0
IWM190906C150,2019-09-05,2019-09-05 09:31:16,0.77,0.8651,216,0.71,0.7977,259,0.7,0.7865,2,0.74,0.8314,36,0
IWM190906C150,2019-09-05,2019-09-05 09:31:17,0.77,0.8651,216,0.72,0.8089,46,0.72,0.8089,1,0.745,0.837,37,1
IWM190906C150,2019-09-05,2019-09-05 09:31:17,0.77,0.8651,216,0.71,0.7977,186,0.7,0.7865,2,0.74,0.8314,36,0
IWM190906C150,2019-09-05,2019-09-05 09:31:18,0.76,0.8539,14,0.72,0.8089,46,0.72,0.8089,1,0.74,0.8314,37,0
IWM190906C150,2019-09-05,2019-09-05 09:31:18,0.76,0.8539,14,0.72,0.8089,212,0.72,0.8089,1,0.74,0.8314,37,0
IWM190906C150,2019-09-05,2019-09-05 09:31:19,0.76,0.8539,14,0.72,0.8089,20,0.72,0.8089,1,0.74,0.8314,37,0
IWM190906C150,2019-09-05,2019-09-05 09:31:19,0.76,0.8539,14,0.72,0.8089,21,0.72,0.8089,1,0.74,0.8314,37,0
IWM190906C150,2019-09-05,2019-09-05 09:31:20,0.76,0.8539,158,0.71,0.7977,194,0.72,0.8089,1,0.735,0.8258,37,0
IWM190906C150,2019-09-05,2019-09-05 09:31:20,0.76,0.8539,158,0.71,0.7977,216,0.72,0.8089,1,0.735,0.8258,37,0
IWM190906C150,2019-09-05,2019-09-05 09:31:21,0.76,0.8539,158,0.71,0.7977,19,0.72,0.8089,1,0.735,0.8258,37,0
IWM190906C150,2019-09-05,2019-09-05 09:31:21,0.75,0.8426,101,0.7,0.7865,192,0.72,0.8089,1,0.725,0.8146,37,0
IWM190906C150,2019-09-05,2019-09-05 09:31:22,0.76,0.8539,175,0.7,0.7865,471,0.72,0.8089,1,0.73,0.8202,37,0
IWM190906C150,2019-09-05,2019-09-05 09:31:22,0.76,0.8539,175,0.7,0.7865,393,0.72,0.8089,1,0.73,0.8202,37,0
IWM190906C150,2019-09-05,2019-09-05 09:31:23,0.76,0.8539,205,0.7,0.7865,369,0.72,0.8089,1,0.73,0.8202,37,0
IWM190906C150,2019-09-05,2019-09-05 09:31:24,0.76,0.8539,205,0.71,0.7977,210,0.72,0.8089,1,0.735,0.8258,37,0
IWM190906C150,2019-09-05,2019-09-05 09:31:24,0.76,0.8539,101,0.71,0.7977,377,0.72,0.8089,1,0.735,0.8258,37,0
IWM190906C150,2019-09-05,2019-09-05 09:31:25,0.76,0.8539,101,0.71,0.7977,328,0.72,0.8089,1,0.735,0.8258,37,0
IWM190906C150,2019-09-05,2019-09-05 09:31:25,0.76,0.8539,101,0.71,0.7977,353,0.72,0.8089,1,0.735,0.8258,37,0
IWM190906C150,2019-09-05,2019-09-05 09:31:26,0.76,0.8539,6,0.71,0.7977,395,0.72,0.8089,1,0.735,0.8258,37,0
IWM190906C150,2019-09-05,2019-09-05 09:31:26,0.76,0.8539,6,0.71,0.7977,353,0.72,0.8089,1,0.735,0.8258,37,0
IWM190906C150,2019-09-05,2019-09-05 09:31:27,0.76,0.8539,21,0.71,0.7977,353,0.72,0.8089,1,0.735,0.8258,37,0
IWM190906C150,2019-09-05,2019-09-05 09:31:27,0.76,0.8539,21,0.71,0.7977,354,0.72,0.8089,1,0.735,0.8258,37,0
IWM190906C150,2019-09-05,2019-09-05 09:31:28,0.76,0.8539,21,0.71,0.7977,321,0.72,0.8089,1,0.735,0.8258,37,0
IWM190906C150,2019-09-05,2019-09-05 09:31:28,0.76,0.8539,161,0.71,0.7977,321,0.72,0.8089,1,0.735,0.8258,37,0
IWM190906C150,2019-09-05,2019-09-05 09:31:29,0.76,0.8539,161,0.71,0.7977,322,0.72,0.8089,1,0.735,0.8258,37,0
IWM190906C150,2019-09-05,2019-09-05 09:31:30,0.76,0.8539,161,0.71,0.7977,340,0.72,0.8089,1,0.735,0.8258,37,0
IWM190906C150,2019-09-05,2019-09-05 09:31:30,0.76,0.8539,230,0.71,0.7977,322,0.72,0.8089,1,0.735,0.8258,37,0
IWM190906C150,2019-09-05,2019-09-05 09:31:31,0.76,0.8539,151,0.71,0.7977,347,0.72,0.8089,1,0.735,0.8258,37,0
IWM190906C150,2019-09-05,2019-09-05 09:31:31,0.76,0.8539,202,0.7,0.7865,106,0.72,0.8089,1,0.73,0.8202,37,0
IWM190906C150,2019-09-05,2019-09-05 09:31:32,0.76,0.8539,202,0.7,0.7865,234,0.72,0.8089,1,0.73,0.8202,37,0
IWM190906C150,2019-09-05,2019-09-05 09:31:33,0.75,0.8426,231,0.7,0.7865,258,0.72,0.8089,1,0.725,0.8146,37,0
IWM190906C150,2019-09-05,2019-09-05 09:31:33,0.76,0.8539,52,0.7,0.7865,380,0.72,0.8089,1,0.73,0.8202,37,0
IWM190906C150,2019-09-05,2019-09-05 09:31:34,0.76,0.8539,24,0.7,0.7865,380,0.72,0.8089,1,0.73,0.8202,37,0
IWM190906C150,2019-09-05,2019-09-05 09:31:35,0.76,0.8539,24,0.71,0.7977,353,0.72,0.8089,1,0.735,0.8258,37,0
IWM190906C150,2019-09-05,2019-09-05 09:31:35,0.76,0.8539,120,0.71,0.7977,310,0.72,0.8089,1,0.735,0.8258,37,0
IWM190906C150,2019-09-05,2019-09-05 09:31:36,0.76,0.8539,120,0.71,0.7977,310,0.72,0.8089,1,0.735,0.8258,37,0
IWM190906C150,2019-09-05,2019-09-05 09:31:37,0.76,0.8539,120,0.71,0.7977,349,0.72,0.8089,1,0.735,0.8258,37,0
IWM190906C150,2019-09-05,2019-09-05 09:31:37,0.76,0.8539,120,0.71,0.7977,310,0.72,0.8089,1,0.735,0.8258,37,0
IWM190906C150,2019-09-05,2019-09-05 09:31:38,0.76,0.8539,151,0.71,0.7977,250,0.72,0.8089,1,0.735,0.8258,37,0
IWM190906C150,2019-09-05,2019-09-05 09:31:39,0.75,0.8426,170,0.71,0.7977,250,0.72,0.8089,1,0.73,0.8202,37,0
IWM190906C150,2019-09-05,2019-09-05 09:31:40,0.75,0.8426,101,0.7,0.7865,97,0.72,0.8089,1,0.725,0.8146,37,0
IWM190906C150,2019-09-05,2019-09-05 09:31:40,0.75,0.8426,101,0.7,0.7865,196,0.72,0.8089,1,0.725,0.8146,37,0
IWM190906C150,2019-09-05,2019-09-05 09:31:41,0.76,0.8539,31,0.7,0.7865,237,0.72,0.8089,1,0.73,0.8202,37,0
IWM190906C150,2019-09-05,2019-09-05 09:31:41,0.76,0.8539,31,0.7,0.7865,196,0.72,0.8089,1,0.73,0.8202,37,0
IWM190906C150,2019-09-05,2019-09-05 09:31:42,0.74,0.8314,187,0.69,0.7752,39,0.72,0.8089,1,0.715,0.8033,37,0
IWM190906C150,2019-09-05,2019-09-05 09:31:42,0.75,0.8426,203,0.7,0.7865,196,0.72,0.8089,1,0.725,0.8146,37,0
IWM190906C150,2019-09-05,2019-09-05 09:31:43,0.74,0.8314,187,0.69,0.7752,246,0.72,0.8089,1,0.715,0.8033,37,0
IWM190906C150,2019-09-05,2019-09-05 09:31:43,0.74,0.8314,187,0.7,0.7865,150,0.72,0.8089,1,0.72,0.8089,37,0
IWM190906C150,2019-09-05,2019-09-05 09:31:44,0.76,0.8539,6,0.71,0.7977,67,0.72,0.8089,1,0.735,0.8258,37,0
IWM190906C150,2019-09-05,2019-09-05 09:31:44,0.76,0.8539,10,0.71,0.7977,626,0.72,0.8089,1,0.735,0.8258,37,0
IWM190906C150,2019-09-05,2019-09-05 09:31:45,0.76,0.8539,6,0.72,0.8089,404,0.72,0.8089,1,0.74,0.8314,37,0
IWM190906C150,2019-09-05,2019-09-05 09:31:45,0.76,0.8539,10,0.71,0.7977,626,0.72,0.8089,1,0.735,0.8258,37,0
IWM190906C150,2019-09-05,2019-09-05 09:31:46,0.76,0.8539,6,0.72,0.8089,405,0.72,0.8089,1,0.74,0.8314,37,0
IWM190906C150,2019-09-05,2019-09-05 09:31:46,0.76,0.8539,6,0.72,0.8089,436,0.72,0.8089,1,0.74,0.8314,37,0
IWM190906C150,2019-09-05,2019-09-05 09:31:47,0.76,0.8539,6,0.72,0.8089,110,0.72,0.8089,1,0.74,0.8314,37,0
IWM190906C150,2019-09-05,2019-09-05 09:31:48,0.76,0.8539,147,0.71,0.7977,15,0.72,0.8089,1,0.735,0.8258,37,0
IWM190906C150,2019-09-05,2019-09-05 09:31:48,0.76,0.8539,147,0.71,0.7977,305,0.72,0.8089,1,0.735,0.8258,37,0
IWM190906C150,2019-09-05,2019-09-05 09:31:49,0.75,0.8426,204,0.7,0.7865,191,0.72,0.8089,1,0.725,0.8146,37,0
IWM190906C150,2019-09-05,2019-09-05 09:31:49,0.76,0.8539,147,0.71,0.7977,6,0.72,0.8089,1,0.735,0.8258,37,0
IWM190906C150,2019-09-05,2019-09-05 09:31:50,0.74,0.8314,168,0.7,0.7865,180,0.72,0.8089,1,0.72,0.8089,37,0
IWM190906C150,2019-09-05,2019-09-05 09:31:51,0.74,0.8314,168,0.7,0.7865,180,0.72,0.8089,1,0.72,0.8089,37,0
IWM190906C150,2019-09-05,2019-09-05 09:31:52,0.76,0.8539,101,0.7,0.7865,236,0.72,0.8089,1,0.73,0.8202,37,0
IWM190906C150,2019-09-05,2019-09-05 09:31:52,0.74,0.8314,168,0.7,0.7865,180,0.72,0.8089,1,0.72,0.8089,37,0
IWM190906C150,2019-09-05,2019-09-05 09:31:53,0.76,0.8539,177,0.7,0.7865,290,0.72,0.8089,1,0.73,0.8202,37,0
IWM190906C150,2019-09-05,2019-09-05 09:31:53,0.76,0.8539,150,0.7,0.7865,260,0.72,0.8089,1,0.73,0.8202,37,0
IWM190906C150,2019-09-05,2019-09-05 09:31:54,0.77,0.8651,20,0.71,0.7977,411,0.72,0.8089,1,0.74,0.8314,37,0
IWM190906C150,2019-09-05,2019-09-05 09:31:54,0.76,0.8539,38,0.7,0.7865,290,0.72,0.8089,1,0.73,0.8202,37,0
IWM190906C150,2019-09-05,2019-09-05 09:31:55,0.78,0.8764,205,0.72,0.8089,240,0.72,0.8089,1,0.75,0.8426,37,0
IWM190906C150,2019-09-05,2019-09-05 09:31:55,0.78,0.8764,205,0.71,0.7977,448,0.72,0.8089,1,0.745,0.837,37,0
IWM190906C150,2019-09-05,2019-09-05 09:31:56,0.78,0.8764,205,0.72,0.8089,277,0.72,0.8089,1,0.75,0.8426,37,0
IWM190906C150,2019-09-05,2019-09-05 09:31:57,0.78,0.8764,55,0.73,0.8202,102,0.72,0.8089,1,0.755,0.8483,37,0
IWM190906C150,2019-09-05,2019-09-05 09:31:57,0.78,0.8764,205,0.73,0.8202,102,0.72,0.8089,1,0.755,0.8483,37,0
IWM190906C150,2019-09-05,2019-09-05 09:31:58,0.78,0.8764,44,0.73,0.8202,421,0.72,0.8089,1,0.755,0.8483,37,0
IWM190906C150,2019-09-05,2019-09-05 09:31:58,0.78,0.8764,142,0.73,0.8202,374,0.72,0.8089,1,0.755,0.8483,37,0
IWM190906C150,2019-09-05,2019-09-05 09:31:59,0.78,0.8764,142,0.72,0.8089,233,0.72,0.8089,1,0.75,0.8426,37,0
IWM190906C150,2019-09-05,2019-09-05 09:31:59,0.78,0.8764,142,0.73,0.8202,270,0.72,0.8089,1,0.755,0.8483,37,0
IWM190906C150,2019-09-05,2019-09-05 09:32:00,0.77,0.8651,33,0.72,0.8089,150,0.72,0.8089,1,0.745,0.837,37,0
IWM190906C150,2019-09-05,2019-09-05 09:32:00,0.77,0.8651,201,0.72,0.8089,37,0.72,0.8089,1,0.745,0.837,37,0
IWM190906C150,2019-09-05,2019-09-05 09:32:01,0.78,0.8764,137,0.72,0.8089,150,0.72,0.8089,1,0.75,0.8426,37,0
IWM190906C150,2019-09-05,2019-09-05 09:32:01,0.78,0.8764,137,0.72,0.8089,484,0.72,0.8089,1,0.75,0.8426,37,0
IWM190906C150,2019-09-05,2019-09-05 09:32:02,0.78,0.8764,149,0.72,0.8089,431,0.72,0.8089,1,0.75,0.8426,37,0
IWM190906C150,2019-09-05,2019-09-05 09:32:02,0.78,0.8764,169,0.72,0.8089,431,0.72,0.8089,1,0.75,0.8426,37,0
IWM190906C150,2019-09-05,2019-09-05 09:32:03,0.77,0.8651,168,0.72,0.8089,38,0.72,0.8089,1,0.745,0.837,37,0
IWM190906C150,2019-09-05,2019-09-05 09:32:03,0.76,0.8539,150,0.71,0.7977,102,0.72,0.8089,1,0.735,0.8258,37,0
IWM190906C150,2019-09-05,2019-09-05 09:32:04,0.76,0.8539,150,0.71,0.7977,102,0.72,0.8089,1,0.735,0.8258,37,0
IWM190906C150,2019-09-05,2019-09-05 09:32:05,0.76,0.8539,150,0.71,0.7977,201,0.72,0.8089,1,0.735,0.8258,37,0
IWM190906C150,2019-09-05,2019-09-05 09:32:05,0.76,0.8539,150,0.71,0.7977,102,0.72,0.8089,1,0.735,0.8258,37,0
IWM190906C150,2019-09-05,2019-09-05 09:32:06,0.76,0.8539,150,0.71,0.7977,130,0.72,0.8089,1,0.735,0.8258,37,0
IWM190906C150,2019-09-05,2019-09-05 09:32:06,0.76,0.8539,34,0.71,0.7977,131,0.72,0.8089,1,0.735,0.8258,37,0
IWM190906C150,2019-09-05,2019-09-05 09:32:07,0.76,0.8539,34,0.71,0.7977,252,0.72,0.8089,1,0.735,0.8258,37,0
IWM190906C150,2019-09-05,2019-09-05 09:32:08,0.76,0.8539,34,0.71,0.7977,242,0.72,0.8089,1,0.735,0.8258,37,0
IWM190906C150,2019-09-05,2019-09-05 09:32:08,0.77,0.8651,163,0.71,0.7977,242,0.72,0.8089,1,0.74,0.8314,37,0
IWM190906C150,2019-09-05,2019-09-05 09:32:09,0.77,0.8651,163,0.71,0.7977,200,0.72,0.8089,1,0.74,0.8314,37,0
IWM190906C150,2019-09-05,2019-09-05 09:32:09,0.77,0.8651,163,0.71,0.7977,151,0.72,0.8089,1,0.74,0.8314,37,0
IWM190906C150,2019-09-05,2019-09-05 09:32:10,0.77,0.8651,144,0.71,0.7977,211,0.72,0.8089,1,0.74,0.8314,37,0
IWM190906C150,2019-09-05,2019-09-05 09:32:10,0.77,0.8651,130,0.71,0.7977,130,0.72,0.8089,1,0.74,0.8314,37,0
IWM190906C150,2019-09-05,2019-09-05 09:32:11,0.77,0.8651,130,0.71,0.7977,210,0.72,0.8089,1,0.74,0.8314,37,0
IWM190906C150,2019-09-05,2019-09-05 09:32:11,0.77,0.8651,151,0.71,0.7977,130,0.72,0.8089,1,0.74,0.8314,37,0
IWM190906C150,2019-09-05,2019-09-05 09:32:12,0.76,0.8539,160,0.71,0.7977,130,0.72,0.8089,1,0.735,0.8258,37,0
IWM190906C150,2019-09-05,2019-09-05 09:32:13,0.75,0.8426,141,0.71,0.7977,80,0.72,0.8089,1,0.73,0.8202,37,0
IWM190906C150,2019-09-05,2019-09-05 09:32:13,0.76,0.8539,175,0.71,0.7977,140,0.72,0.8089,1,0.735,0.8258,37,0
IWM190906C150,2019-09-05,2019-09-05 09:32:14,0.76,0.8539,29,0.71,0.7977,191,0.72,0.8089,1,0.735,0.8258,37,0
IWM190906C150,2019-09-05,2019-09-05 09:32:14,0.76,0.8539,117,0.71,0.7977,191,0.72,0.8089,1,0.735,0.8258,37,0
IWM190906C150,2019-09-05,2019-09-05 09:32:15,0.76,0.8539,10,0.72,0.8089,110,0.72,0.8089,1,0.74,0.8314,37,0
IWM190906C150,2019-09-05,2019-09-05 09:32:15,0.76,0.8539,10,0.71,0.7977,191,0.72,0.8089,1,0.735,0.8258,37,0
IWM190906C150,2019-09-05,2019-09-05 09:32:16,0.76,0.8539,10,0.72,0.8089,100,0.72,0.8089,1,0.74,0.8314,37,0
IWM190906C150,2019-09-05,2019-09-05 09:32:17,0.76,0.8539,10,0.72,0.8089,100,0.72,0.8089,1,0.74,0.8314,37,0
IWM190906C150,2019-09-05,2019-09-05 09:32:17,0.76,0.8539,10,0.72,0.8089,173,0.72,0.8089,1,0.74,0.8314,37,0
IWM190906C150,2019-09-05,2019-09-05 09:32:18,0.77,0.8651,140,0.72,0.8089,110,0.72,0.8089,1,0.745,0.837,37,0
IWM190906C150,2019-09-05,2019-09-05 09:32:18,0.77,0.8651,140,0.72,0.8089,173,0.72,0.8089,1,0.745,0.837,37,0
IWM190906C150,2019-09-05,2019-09-05 09:32:19,0.77,0.8651,36,0.72,0.8089,244,0.72,0.8089,1,0.745,0.837,37,0
IWM190906C150,2019-09-05,2019-09-05 09:32:19,0.77,0.8651,140,0.72,0.8089,174,0.72,0.8089,1,0.745,0.837,37,0
IWM190906C150,2019-09-05,2019-09-05 09:32:20,0.77,0.8651,19,0.72,0.8089,244,0.72,0.8089,1,0.745,0.837,37,0
IWM190906C150,2019-09-05,2019-09-05 09:32:20,0.77,0.8651,92,0.72,0.8089,244,0.72,0.8089,1,0.745,0.837,37,0
IWM190906C150,2019-09-05,2019-09-05 09:32:21,0.77,0.8651,153,0.72,0.8089,140,0.72,0.8089,1,0.745,0.837,37,0
IWM190906C150,2019-09-05,2019-09-05 09:32:21,0.77,0.8651,92,0.72,0.8089,217,0.72,0.8089,1,0.745,0.837,37,0
IWM190906C150,2019-09-05,2019-09-05 09:32:22,0.77,0.8651,153,0.72,0.8089,140,0.72,0.8089,1,0.745,0.837,37,0
IWM190906C150,2019-09-05,2019-09-05 09:32:22,0.77,0.8651,25,0.73,0.8202,150,0.72,0.8089,1,0.75,0.8426,37,0
IWM190906C150,2019-09-05,2019-09-05 09:32:23,0.77,0.8651,24,0.73,0.8202,150,0.72,0.8089,1,0.75,0.8426,37,0
IWM190906C150,2019-09-05,2019-09-05 09:32:24,0.78,0.8764,100,0.73,0.8202,160,0.72,0.8089,1,0.755,0.8483,37,0
IWM190906C150,2019-09-05,2019-09-05 09:32:24,0.78,0.8764,161,0.73,0.8202,160,0.72,0.8089,1,0.755,0.8483,37,0
IWM190906C150,2019-09-05,2019-09-05 09:32:25,0.78,0.8764,100,0.73,0.8202,54,0.72,0.8089,1,0.755,0.8483,37,0
IWM190906C150,2019-09-05,2019-09-05 09:32:25,0.78,0.8764,144,0.73,0.8202,88,0.72,0.8089,1,0.755,0.8483,37,0
IWM190906C150,2019-09-05,2019-09-05 09:32:26,0.78,0.8764,39,0.73,0.8202,123,0.72,0.8089,1,0.755,0.8483,37,0
IWM190906C150,2019-09-05,2019-09-05 09:32:26,0.78,0.8764,100,0.73,0.8202,107,0.72,0.8089,1,0.755,0.8483,37,0
IWM190906C150,2019-09-05,2019-09-05 09:32:27,0.78,0.8764,39,0.73,0.8202,160,0.72,0.8089,1,0.755,0.8483,37,0
IWM190906C150,2019-09-05,2019-09-05 09:32:27,0.78,0.8764,39,0.73,0.8202,92,0.72,0.8089,1,0.755,0.8483,50,13
IWM190906C150,2019-09-05,2019-09-05 09:32:28,0.78,0.8764,39,0.73,0.8202,368,0.75,0.8426,13,0.755,0.8483,50,0
IWM190906C150,2019-09-05,2019-09-05 09:32:28,0.78,0.8764,6,0.74,0.8314,253,0.75,0.8426,13,0.76,0.8539,50,0
IWM190906C150,2019-09-05,2019-09-05 09:32:29,0.8,0.8988,173,0.78,0.8764,11,0.78,0.8764,15,0.79,0.8876,83,33
IWM190906C150,2019-09-05,2019-09-05 09:32:29,0.79,0.8876,67,0.74,0.8314,340,0.78,0.8764,15,0.765,0.8595,83,0
IWM190906C150,2019-09-05,2019-09-05 09:32:30,0.79,0.8876,10,0.74,0.8314,173,0.78,0.8764,15,0.765,0.8595,83,0
IWM190906C150,2019-09-05,2019-09-05 09:32:30,0.79,0.8876,10,0.74,0.8314,204,0.78,0.8764,15,0.765,0.8595,83,0
IWM190906C150,2019-09-05,2019-09-05 09:32:31,0.79,0.8876,10,0.75,0.8426,24,0.78,0.8764,15,0.77,0.8651,83,0
IWM190906C150,2019-09-05,2019-09-05 09:32:31,0.79,0.8876,10,0.74,0.8314,173,0.78,0.8764,15,0.765,0.8595,83,0
IWM190906C150,2019-09-05,2019-09-05 09:32:32,0.8,0.8988,41,0.75,0.8426,150,0.78,0.8764,15,0.775,0.8707,83,0
IWM190906C150,2019-09-05,2019-09-05 09:32:32,0.8,0.8988,28,0.75,0.8426,452,0.78,0.8764,15,0.775,0.8707,83,0
IWM190906C150,2019-09-05,2019-09-05 09:32:33,0.81,0.9101,138,0.75,0.8426,475,0.78,0.8764,15,0.78,0.8764,83,0
IWM190906C150,2019-09-05,2019-09-05 09:32:33,0.81,0.9101,138,0.75,0.8426,380,0.78,0.8764,15,0.78,0.8764,83,0
IWM190906C150,2019-09-05,2019-09-05 09:32:34,0.81,0.9101,117,0.75,0.8426,479,0.78,0.8764,15,0.78,0.8764,83,0
IWM190906C150,2019-09-05,2019-09-05 09:32:34,0.81,0.9101,117,0.75,0.8426,380,0.78,0.8764,15,0.78,0.8764,83,0
IWM190906C150,2019-09-05,2019-09-05 09:32:35,0.81,0.9101,117,0.75,0.8426,479,0.78,0.8764,15,0.78,0.8764,83,0
IWM190906C150,2019-09-05,2019-09-05 09:32:36,0.81,0.9101,127,0.76,0.8539,218,0.78,0.8764,15,0.785,0.882,83,0
IWM190906C150,2019-09-05,2019-09-05 09:32:36,0.81,0.9101,127,0.76,0.8539,305,0.78,0.8764,15,0.785,0.882,83,0
IWM190906C150,2019-09-05,2019-09-05 09:32:37,0.81,0.9101,127,0.76,0.8539,203,0.78,0.8764,15,0.785,0.882,83,0
IWM190906C150,2019-09-05,2019-09-05 09:32:38,0.81,0.9101,153,0.76,0.8539,203,0.78,0.8764,15,0.785,0.882,83,0
IWM190906C150,2019-09-05,2019-09-05 09:32:39,0.81,0.9101,153,0.76,0.8539,203,0.78,0.8764,15,0.785,0.882,83,0
IWM190906C150,2019-09-05,2019-09-05 09:32:40,0.81,0.9101,153,0.76,0.8539,289,0.78,0.8764,15,0.785,0.882,83,0
IWM190906C150,2019-09-05,2019-09-05 09:32:40,0.81,0.9101,153,0.76,0.8539,316,0.78,0.8764,15,0.785,0.882,83,0
IWM190906C150,2019-09-05,2019-09-05 09:32:41,0.81,0.9101,110,0.76,0.8539,270,0.81,0.9101,1,0.785,0.882,149,66
IWM190906C150,2019-09-05,2019-09-05 09:32:41,0.82,0.9213,63,0.77,0.8651,244,0.81,0.9101,1,0.795,0.8932,149,0
IWM190906C150,2019-09-05,2019-09-05 09:32:42,0.82,0.9213,63,0.77,0.8651,314,0.81,0.9101,1,0.795,0.8932,149,0
IWM190906C150,2019-09-05,2019-09-05 09:32:43,0.82,0.9213,63,0.77,0.8651,318,0.81,0.9101,1,0.795,0.8932,149,0
IWM190906C150,2019-09-05,2019-09-05 09:32:44,0.82,0.9213,338,0.77,0.8651,318,0.81,0.9101,1,0.795,0.8932,149,0
IWM190906C150,2019-09-05,2019-09-05 09:32:45,0.82,0.9213,172,0.77,0.8651,249,0.81,0.9101,1,0.795,0.8932,149,0
IWM190906C150,2019-09-05,2019-09-05 09:32:45,0.82,0.9213,114,0.77,0.8651,371,0.81,0.9101,1,0.795,0.8932,149,0
IWM190906C150,2019-09-05,2019-09-05 09:32:46,0.82,0.9213,172,0.77,0.8651,318,0.81,0.9101,1,0.795,0.8932,149,0
IWM190906C150,2019-09-05,2019-09-05 09:32:46,0.82,0.9213,163,0.77,0.8651,318,0.81,0.9101,1,0.795,0.8932,149,0
IWM190906C150,2019-09-05,2019-09-05 09:32:47,0.82,0.9213,163,0.77,0.8651,313,0.81,0.9101,1,0.795,0.8932,149,0
IWM190906C150,2019-09-05,2019-09-05 09:32:47,0.81,0.9101,112,0.77,0.8651,397,0.81,0.9101,1,0.79,0.8876,166,17
IWM190906C150,2019-09-05,2019-09-05 09:32:48,0.81,0.9101,112,0.78,0.8764,151,0.81,0.9101,1,0.795,0.8932,166,0
IWM190906C150,2019-09-05,2019-09-05 09:32:49,0.81,0.9101,112,0.78,0.8764,169,0.81,0.9101,1,0.795,0.8932,166,0
IWM190906C150,2019-09-05,2019-09-05 09:32:49,0.81,0.9101,112,0.78,0.8764,151,0.81,0.9101,1,0.795,0.8932,166,0
IWM190906C150,2019-09-05,2019-09-05 09:32:50,0.81,0.9101,112,0.78,0.8764,204,0.81,0.9101,1,0.795,0.8932,166,0
IWM190906C150,2019-09-05,2019-09-05 09:32:51,0.81,0.9101,112,0.78,0.8764,204,0.81,0.9101,1,0.795,0.8932,166,0
IWM190906C150,2019-09-05,2019-09-05 09:32:51,0.82,0.9213,103,0.78,0.8764,29,0.81,0.9101,1,0.8,0.8988,166,0
IWM190906C150,2019-09-05,2019-09-05 09:32:52,0.82,0.9213,153,0.78,0.8764,24,0.81,0.9101,1,0.8,0.8988,166,0
IWM190906C150,2019-09-05,2019-09-05 09:32:53,0.82,0.9213,153,0.78,0.8764,136,0.81,0.9101,1,0.8,0.8988,166,0
IWM190906C150,2019-09-05,2019-09-05 09:32:54,0.82,0.9213,153,0.78,0.8764,136,0.81,0.9101,1,0.8,0.8988,166,0
IWM190906C150,2019-09-05,2019-09-05 09:32:55,0.82,0.9213,153,0.78,0.8764,183,0.81,0.9101,1,0.8,0.8988,166,0
IWM190906C150,2019-09-05,2019-09-05 09:32:56,0.82,0.9213,153,0.78,0.8764,141,0.81,0.9101,1,0.8,0.8988,166,0
IWM190906C150,2019-09-05,2019-09-05 09:32:57,0.83,0.9325,110,0.78,0.8764,281,0.81,0.9101,1,0.805,0.9044,166,0
IWM190906C150,2019-09-05,2019-09-05 09:32:57,0.83,0.9325,156,0.78,0.8764,282,0.81,0.9101,1,0.805,0.9044,166,0
IWM190906C150,2019-09-05,2019-09-05 09:32:58,0.83,0.9325,156,0.79,0.8876,38,0.81,0.9101,1,0.81,0.9101,166,0
IWM190906C150,2019-09-05,2019-09-05 09:32:58,0.83,0.9325,156,0.79,0.8876,10,0.81,0.9101,1,0.81,0.9101,166,0
IWM190906C150,2019-09-05,2019-09-05 09:32:59,0.83,0.9325,156,0.79,0.8876,10,0.81,0.9101,1,0.81,0.9101,166,0
IWM190906C150,2019-09-05,2019-09-05 09:32:59,0.83,0.9325,156,0.79,0.8876,72,0.81,0.9101,1,0.81,0.9101,166,0
IWM190906C150,2019-09-05,2019-09-05 09:33:00,0.82,0.9213,113,0.78,0.8764,212,0.81,0.9101,1,0.8,0.8988,166,0
IWM190906C150,2019-09-05,2019-09-05 09:33:00,0.82,0.9213,161,0.79,0.8876,16,0.81,0.9101,1,0.805,0.9044,166,0
IWM190906C150,2019-09-05,2019-09-05 09:33:01,0.83,0.9325,143,0.78,0.8764,186,0.81,0.9101,1,0.805,0.9044,166,0
IWM190906C150,2019-09-05,2019-09-05 09:33:01,0.83,0.9325,149,0.78,0.8764,192,0.81,0.9101,1,0.805,0.9044,166,0
IWM190906C150,2019-09-05,2019-09-05 09:33:02,0.82,0.9213,100,0.77,0.8651,79,0.81,0.9101,1,0.795,0.8932,166,0
IWM190906C150,2019-09-05,2019-09-05 09:33:02,0.82,0.9213,100,0.78,0.8764,172,0.81,0.9101,1,0.8,0.8988,166,0
IWM190906C150,2019-09-05,2019-09-05 09:33:03,0.82,0.9213,100,0.77,0.8651,135,0.81,0.9101,1,0.795,0.8932,166,0
IWM190906C150,2019-09-05,2019-09-05 09:33:03,0.82,0.9213,100,0.77,0.8651,79,0.81,0.9101,1,0.795,0.8932,166,0
IWM190906C150,2019-09-05,2019-09-05 09:33:04,0.82,0.9213,100,0.77,0.8651,207,0.81,0.9101,1,0.795,0.8932,166,0
IWM190906C150,2019-09-05,2019-09-05 09:33:05,0.83,0.9325,114,0.77,0.8651,234,0.81,0.9101,1,0.8,0.8988,166,0
IWM190906C150,2019-09-05,2019-09-05 09:33:05,0.83,0.9325,135,0.78,0.8764,70,0.81,0.9101,1,0.805,0.9044,166,0
IWM190906C150,2019-09-05,2019-09-05 09:33:06,0.83,0.9325,5,0.78,0.8764,70,0.81,0.9101,1,0.805,0.9044,166,0
IWM190906C150,2019-09-05,2019-09-05 09:33:06,0.83,0.9325,150,0.78,0.8764,120,0.81,0.9101,1,0.805,0.9044,166,0
IWM190906C150,2019-09-05,2019-09-05 09:33:07,0.83,0.9325,150,0.78,0.8764,130,0.81,0.9101,1,0.805,0.9044,166,0
IWM190906C150,2019-09-05,2019-09-05 09:33:07,0.83,0.9325,150,0.78,0.8764,120,0.81,0.9101,1,0.805,0.9044,166,0
IWM190906C150,2019-09-05,2019-09-05 09:33:08,0.83,0.9325,109,0.78,0.8764,120,0.81,0.9101,1,0.805,0.9044,166,0
IWM190906C150,2019-09-05,2019-09-05 09:33:08,0.83,0.9325,109,0.78,0.8764,83,0.81,0.9101,1,0.805,0.9044,166,0
IWM190906C150,2019-09-05,2019-09-05 09:33:09,0.83,0.9325,109,0.78,0.8764,89,0.83,0.9325,5,0.805,0.9044,171,5
IWM190906C150,2019-09-05,2019-09-05 09:33:09,0.83,0.9325,109,0.78,0.8764,69,0.81,0.9101,1,0.805,0.9044,166,0
IWM190906C150,2019-09-05,2019-09-05 09:33:10,0.83,0.9325,109,0.78,0.8764,89,0.83,0.9325,5,0.805,0.9044,171,0
IWM190906C150,2019-09-05,2019-09-05 09:33:10,0.83,0.9325,109,0.78,0.8764,111,0.83,0.9325,5,0.805,0.9044,171,0
IWM190906C150,2019-09-05,2019-09-05 09:33:11,0.83,0.9325,1,0.82,0.9213,1,0.83,0.9325,1,0.825,0.9269,182,11
IWM190906C150,2019-09-05,2019-09-05 09:33:11,0.83,0.9325,103,0.79,0.8876,74,0.83,0.9325,1,0.81,0.9101,183,1
IWM190906C150,2019-09-05,2019-09-05 09:33:12,0.84,0.9438,114,0.78,0.8764,221,0.83,0.9325,1,0.81,0.9101,183,0
IWM190906C150,2019-09-05,2019-09-05 09:33:13,0.84,0.9438,114,0.78,0.8764,241,0.83,0.9325,1,0.81,0.9101,183,0
IWM190906C150,2019-09-05,2019-09-05 09:33:14,0.84,0.9438,100,0.78,0.8764,67,0.83,0.9325,1,0.81,0.9101,183,0
IWM190906C150,2019-09-05,2019-09-05 09:33:14,0.84,0.9438,100,0.78,0.8764,92,0.83,0.9325,1,0.81,0.9101,183,0
IWM190906C150,2019-09-05,2019-09-05 09:33:15,0.84,0.9438,100,0.78,0.8764,315,0.83,0.9325,1,0.81,0.9101,183,0
IWM190906C150,2019-09-05,2019-09-05 09:33:15,0.84,0.9438,100,0.78,0.8764,262,0.83,0.9325,1,0.81,0.9101,183,0
IWM190906C150,2019-09-05,2019-09-05 09:33:16,0.84,0.9438,25,0.79,0.8876,90,0.84,0.9438,7,0.815,0.9157,222,39
IWM190906C150,2019-09-05,2019-09-05 09:33:16,0.84,0.9438,100,0.78,0.8764,262,0.83,0.9325,1,0.81,0.9101,183,0
IWM190906C150,2019-09-05,2019-09-05 09:33:18,0.84,0.9438,98,0.8,0.8988,125,0.84,0.9438,6,0.82,0.9213,228,6
IWM190906C150,2019-09-05,2019-09-05 09:33:18,0.84,0.9438,107,0.8,0.8988,125,0.84,0.9438,6,0.82,0.9213,228,0
IWM190906C150,2019-09-05,2019-09-05 09:33:19,0.83,0.9325,107,0.79,0.8876,2,0.84,0.9438,6,0.81,0.9101,228,0
IWM190906C150,2019-09-05,2019-09-05 09:33:19,0.84,0.9438,107,0.8,0.8988,8,0.84,0.9438,6,0.82,0.9213,228,0
IWM190906C150,2019-09-05,2019-09-05 09:33:20,0.84,0.9438,146,0.78,0.8764,106,0.84,0.9438,6,0.81,0.9101,228,0
IWM190906C150,2019-09-05,2019-09-05 09:33:20,0.84,0.9438,146,0.79,0.8876,2,0.84,0.9438,6,0.815,0.9157,228,0
IWM190906C150,2019-09-05,2019-09-05 09:33:21,0.84,0.9438,146,0.78,0.8764,280,0.84,0.9438,6,0.81,0.9101,228,0
IWM190906C150,2019-09-05,2019-09-05 09:33:21,0.84,0.9438,146,0.78,0.8764,355,0.84,0.9438,6,0.81,0.9101,228,0
IWM190906C150,2019-09-05,2019-09-05 09:33:22,0.82,0.9213,683,0.78,0.8764,255,0.82,0.9213,13,0.8,0.8988,246,0
IWM190906C150,2019-09-05,2019-09-05 09:33:22,0.82,0.9213,683,0.78,0.8764,280,0.82,0.9213,13,0.8,0.8988,246,18
IWM190906C150,2019-09-05,2019-09-05 09:33:23,0.82,0.9213,683,0.78,0.8764,92,0.82,0.9213,13,0.8,0.8988,246,0
IWM190906C150,2019-09-05,2019-09-05 09:33:23,0.82,0.9213,683,0.79,0.8876,6,0.82,0.9213,13,0.805,0.9044,246,0
IWM190906C150,2019-09-05,2019-09-05 09:33:24,0.82,0.9213,683,0.78,0.8764,112,0.82,0.9213,13,0.8,0.8988,246,0
IWM190906C150,2019-09-05,2019-09-05 09:33:25,0.82,0.9213,782,0.78,0.8764,54,0.82,0.9213,13,0.8,0.8988,246,0
IWM190906C150,2019-09-05,2019-09-05 09:33:25,0.82,0.9213,782,0.78,0.8764,102,0.82,0.9213,13,0.8,0.8988,246,0
IWM190906C150,2019-09-05,2019-09-05 09:33:26,0.82,0.9213,782,0.78,0.8764,68,0.82,0.9213,13,0.8,0.8988,246,0
IWM190906C150,2019-09-05,2019-09-05 09:33:26,0.82,0.9213,782,0.78,0.8764,59,0.82,0.9213,13,0.8,0.8988,246,0
IWM190906C150,2019-09-05,2019-09-05 09:33:27,0.82,0.9213,783,0.78,0.8764,4,0.82,0.9213,13,0.8,0.8988,246,0
IWM190906C150,2019-09-05,2019-09-05 09:33:27,0.82,0.9213,783,0.78,0.8764,1,0.82,0.9213,13,0.8,0.8988,246,0
IWM190906C150,2019-09-05,2019-09-05 09:33:28,0.82,0.9213,783,0.78,0.8764,1,0.82,0.9213,13,0.8,0.8988,246,0
IWM190906C150,2019-09-05,2019-09-05 09:33:29,0.82,0.9213,783,0.77,0.8651,102,0.82,0.9213,13,0.795,0.8932,246,0
IWM190906C150,2019-09-05,2019-09-05 09:33:29,0.82,0.9213,783,0.78,0.8764,9,0.82,0.9213,13,0.8,0.8988,246,0
IWM190906C150,2019-09-05,2019-09-05 09:33:30,0.82,0.9213,783,0.78,0.8764,7,0.82,0.9213,13,0.8,0.8988,246,0
IWM190906C150,2019-09-05,2019-09-05 09:33:30,0.82,0.9213,783,0.78,0.8764,4,0.82,0.9213,13,0.8,0.8988,246,0
IWM190906C150,2019-09-05,2019-09-05 09:33:31,0.82,0.9213,783,0.77,0.8651,62,0.82,0.9213,13,0.795,0.8932,246,0
IWM190906C150,2019-09-05,2019-09-05 09:33:31,0.82,0.9213,783,0.78,0.8764,7,0.82,0.9213,13,0.8,0.8988,246,0
IWM190906C150,2019-09-05,2019-09-05 09:33:32,0.82,0.9213,783,0.78,0.8764,5,0.82,0.9213,13,0.8,0.8988,246,0
IWM190906C150,2019-09-05,2019-09-05 09:33:32,0.82,0.9213,783,0.78,0.8764,44,0.82,0.9213,13,0.8,0.8988,246,0
IWM190906C150,2019-09-05,2019-09-05 09:33:33,0.82,0.9213,783,0.78,0.8764,6,0.82,0.9213,13,0.8,0.8988,246,0
IWM190906C150,2019-09-05,2019-09-05 09:33:33,0.82,0.9213,783,0.78,0.8764,3,0.82,0.9213,13,0.8,0.8988,246,0
IWM190906C150,2019-09-05,2019-09-05 09:33:34,0.81,0.9101,104,0.77,0.8651,61,0.82,0.9213,13,0.79,0.8876,246,0
IWM190906C150,2019-09-05,2019-09-05 09:33:34,0.82,0.9213,783,0.77,0.8651,30,0.82,0.9213,13,0.795,0.8932,246,0
IWM190906C150,2019-09-05,2019-09-05 09:33:35,0.81,0.9101,104,0.77,0.8651,50,0.82,0.9213,13,0.79,0.8876,246,0
IWM190906C150,2019-09-05,2019-09-05 09:33:35,0.8,0.8988,4,0.77,0.8651,20,0.82,0.9213,13,0.785,0.882,246,0
IWM190906C150,2019-09-05,2019-09-05 09:33:36,0.8,0.8988,4,0.77,0.8651,20,0.82,0.9213,13,0.785,0.882,246,0
IWM190906C150,2019-09-05,2019-09-05 09:33:37,0.8,0.8988,4,0.77,0.8651,38,0.82,0.9213,13,0.785,0.882,246,0
IWM190906C150,2019-09-05,2019-09-05 09:33:38,0.8,0.8988,4,0.76,0.8539,71,0.82,0.9213,13,0.78,0.8764,246,0
IWM190906C150,2019-09-05,2019-09-05 09:33:38,0.8,0.8988,10,0.77,0.8651,1,0.82,0.9213,13,0.785,0.882,246,0
IWM190906C150,2019-09-05,2019-09-05 09:33:39,0.8,0.8988,4,0.76,0.8539,73,0.82,0.9213,13,0.78,0.8764,246,0
IWM190906C150,2019-09-05,2019-09-05 09:33:40,0.78,0.8764,4,0.75,0.8426,11,0.82,0.9213,13,0.765,0.8595,246,0
IWM190906C150,2019-09-05,2019-09-05 09:33:40,0.8,0.8988,139,0.76,0.8539,73,0.82,0.9213,13,0.78,0.8764,246,0
IWM190906C150,2019-09-05,2019-09-05 09:33:41,0.78,0.8764,117,0.73,0.8202,14,0.82,0.9213,13,0.755,0.8483,246,0
IWM190906C150,2019-09-05,2019-09-05 09:33:41,0.78,0.8764,100,0.74,0.8314,98,0.82,0.9213,13,0.76,0.8539,246,0
IWM190906C150,2019-09-05,2019-09-05 09:33:42,0.78,0.8764,100,0.72,0.8089,126,0.82,0.9213,13,0.75,0.8426,246,0
IWM190906C150,2019-09-05,2019-09-05 09:33:42,0.78,0.8764,104,0.74,0.8314,79,0.82,0.9213,13,0.76,0.8539,246,0
IWM190906C150,2019-09-05,2019-09-05 09:33:43,0.78,0.8764,104,0.74,0.8314,79,0.82,0.9213,13,0.76,0.8539,246,0
IWM190906C150,2019-09-05,2019-09-05 09:33:44,0.76,0.8539,100,0.72,0.8089,27,0.82,0.9213,13,0.74,0.8314,246,0
IWM190906C150,2019-09-05,2019-09-05 09:33:44,0.77,0.8651,114,0.74,0.8314,79,0.82,0.9213,13,0.755,0.8483,246,0
IWM190906C150,2019-09-05,2019-09-05 09:33:45,0.75,0.8426,4,0.72,0.8089,2,0.82,0.9213,13,0.735,0.8258,246,0
IWM190906C150,2019-09-05,2019-09-05 09:33:45,0.75,0.8426,104,0.72,0.8089,2,0.82,0.9213,13,0.735,0.8258,246,0
IWM190906C150,2019-09-05,2019-09-05 09:33:46,0.74,0.8314,113,0.69,0.7752,90,0.72,0.8089,2,0.715,0.8033,248,2
IWM190906C150,2019-09-05,2019-09-05 09:33:46,0.74,0.8314,104,0.72,0.8089,2,0.82,0.9213,13,0.73,0.8202,246,0
IWM190906C150,2019-09-05,2019-09-05 09:33:47,0.73,0.8202,113,0.68,0.764,14,0.72,0.8089,2,0.705,0.7921,248,0
IWM190906C150,2019-09-05,2019-09-05 09:33:47,0.74,0.8314,113,0.68,0.764,64,0.72,0.8089,2,0.71,0.7977,248,0
IWM190906C150,2019-09-05,2019-09-05 09:33:48,0.72,0.8089,5,0.67,0.7528,78,0.72,0.8089,2,0.695,0.7808,248,0
IWM190906C150,2019-09-05,2019-09-05 09:33:49,0.72,0.8089,5,0.68,0.764,57,0.72,0.8089,2,0.7,0.7865,248,0
IWM190906C150,2019-09-05,2019-09-05 09:33:49,0.72,0.8089,5,0.67,0.7528,78,0.72,0.8089,2,0.695,0.7808,248,0
IWM190906C150,2019-09-05,2019-09-05 09:33:50,0.72,0.8089,105,0.68,0.764,77,0.72,0.8089,2,0.7,0.7865,248,0
IWM190906C150,2019-09-05,2019-09-05 09:33:50,0.72,0.8089,5,0.68,0.764,57,0.72,0.8089,2,0.7,0.7865,248,0
IWM190906C150,2019-09-05,2019-09-05 09:33:51,0.72,0.8089,105,0.68,0.764,77,0.72,0.8089,2,0.7,0.7865,248,0
IWM190906C150,2019-09-05,2019-09-05 09:33:52,0.72,0.8089,105,0.69,0.7752,2,0.72,0.8089,2,0.705,0.7921,248,0
IWM190906C150,2019-09-05,2019-09-05 09:33:52,0.72,0.8089,105,0.69,0.7752,1,0.72,0.8089,2,0.705,0.7921,248,0
IWM190906C150,2019-09-05,2019-09-05 09:33:53,0.75,0.8426,104,0.71,0.7977,71,0.72,0.8089,2,0.73,0.8202,248,0
IWM190906C150,2019-09-05,2019-09-05 09:33:53,0.74,0.8314,10,0.69,0.7752,2,0.72,0.8089,2,0.715,0.8033,248,0
IWM190906C150,2019-09-05,2019-09-05 09:33:54,0.75,0.8426,6,0.71,0.7977,71,0.72,0.8089,2,0.73,0.8202,248,0
IWM190906C150,2019-09-05,2019-09-05 09:33:55,0.76,0.8539,21,0.71,0.7977,71,0.72,0.8089,2,0.735,0.8258,248,0
IWM190906C150,2019-09-05,2019-09-05 09:33:55,0.76,0.8539,115,0.72,0.8089,59,0.72,0.8089,2,0.74,0.8314,248,0
IWM190906C150,2019-09-05,2019-09-05 09:33:56,0.76,0.8539,115,0.71,0.7977,11,0.72,0.8089,2,0.735,0.8258,248,0
IWM190906C150,2019-09-05,2019-09-05 09:33:57,0.75,0.8426,105,0.69,0.7752,70,0.72,0.8089,2,0.72,0.8089,248,0
IWM190906C150,2019-09-05,2019-09-05 09:33:57,0.75,0.8426,5,0.7,0.7865,70,0.72,0.8089,2,0.725,0.8146,248,0
IWM190906C150,2019-09-05,2019-09-05 09:33:58,0.75,0.8426,105,0.69,0.7752,70,0.72,0.8089,2,0.72,0.8089,248,0
IWM190906C150,2019-09-05,2019-09-05 09:33:59,0.73,0.8202,5,0.69,0.7752,70,0.72,0.8089,2,0.71,0.7977,248,0
IWM190906C150,2019-09-05,2019-09-05 09:34:00,0.73,0.8202,5,0.69,0.7752,70,0.72,0.8089,2,0.71,0.7977,248,0
IWM190906C150,2019-09-05,2019-09-05 09:34:00,0.73,0.8202,100,0.69,0.7752,69,0.72,0.8089,2,0.71,0.7977,248,0
IWM190906C150,2019-09-05,2019-09-05 09:34:01,0.73,0.8202,113,0.69,0.7752,55,0.72,0.8089,2,0.71,0.7977,248,0
IWM190906C150,2019-09-05,2019-09-05 09:34:02,0.73,0.8202,157,0.69,0.7752,55,0.72,0.8089,2,0.71,0.7977,248,0
IWM190906C150,2019-09-05,2019-09-05 09:34:02,0.73,0.8202,126,0.69,0.7752,55,0.72,0.8089,2,0.71,0.7977,248,0
IWM190906C150,2019-09-05,2019-09-05 09:34:03,0.7,0.7865,102,0.66,0.7415,69,0.72,0.8089,2,0.68,0.764,248,0
IWM190906C150,2019-09-05,2019-09-05 09:34:04,0.7,0.7865,2,0.66,0.7415,69,0.72,0.8089,2,0.68,0.764,248,0
IWM190906C150,2019-09-05,2019-09-05 09:34:04,0.7,0.7865,102,0.65,0.7303,69,0.72,0.8089,2,0.675,0.7584,248,0
IWM190906C150,2019-09-05,2019-09-05 09:34:05,0.69,0.7752,100,0.65,0.7303,69,0.72,0.8089,2,0.67,0.7528,248,0
IWM190906C150,2019-09-05,2019-09-05 09:34:06,0.68,0.764,5,0.64,0.7191,68,0.72,0.8089,2,0.66,0.7415,248,0
IWM190906C150,2019-09-05,2019-09-05 09:34:06,0.69,0.7752,105,0.65,0.7303,68,0.72,0.8089,2,0.67,0.7528,248,0
IWM190906C150,2019-09-05,2019-09-05 09:34:07,0.68,0.764,5,0.64,0.7191,68,0.72,0.8089,2,0.66,0.7415,248,0
IWM190906C150,2019-09-05,2019-09-05 09:34:08,0.68,0.764,5,0.64,0.7191,68,0.72,0.8089,2,0.66,0.7415,248,0
IWM190906C150,2019-09-05,2019-09-05 09:34:09,0.68,0.764,5,0.63,0.7078,68,0.72,0.8089,2,0.655,0.7359,248,0
IWM190906C150,2019-09-05,2019-09-05 09:34:09,0.68,0.764,5,0.64,0.7191,68,0.72,0.8089,2,0.66,0.7415,248,0
IWM190906C150,2019-09-05,2019-09-05 09:34:10,0.68,0.764,18,0.63,0.7078,68,0.72,0.8089,2,0.655,0.7359,248,0
IWM190906C150,2019-09-05,2019-09-05 09:34:10,0.68,0.764,24,0.63,0.7078,68,0.72,0.8089,2,0.655,0.7359,248,0
IWM190906C150,2019-09-05,2019-09-05 09:34:11,0.68,0.764,24,0.64,0.7191,68,0.72,0.8089,2,0.66,0.7415,248,0
IWM190906C150,2019-09-05,2019-09-05 09:34:12,0.68,0.764,24,0.64,0.7191,36,0.72,0.8089,2,0.66,0.7415,248,0
IWM190906C150,2019-09-05,2019-09-05 09:34:13,0.68,0.764,5,0.64,0.7191,36,0.72,0.8089,2,0.66,0.7415,248,0
IWM190906C150,2019-09-05,2019-09-05 09:34:13,0.68,0.764,24,0.64,0.7191,36,0.72,0.8089,2,0.66,0.7415,248,0
IWM190906C150,2019-09-05,2019-09-05 09:34:14,0.68,0.764,5,0.64,0.7191,67,0.72,0.8089,2,0.66,0.7415,248,0
IWM190906C150,2019-09-05,2019-09-05 09:34:15,0.68,0.764,5,0.64,0.7191,67,0.72,0.8089,2,0.66,0.7415,248,0
IWM190906C150,2019-09-05,2019-09-05 09:34:16,0.68,0.764,5,0.64,0.7191,67,0.72,0.8089,2,0.66,0.7415,248,0
IWM190906C150,2019-09-05,2019-09-05 09:34:17,0.7,0.7865,109,0.65,0.7303,66,0.72,0.8089,2,0.675,0.7584,248,0
IWM190906C150,2019-09-05,2019-09-05 09:34:17,0.7,0.7865,122,0.66,0.7415,77,0.72,0.8089,2,0.68,0.764,248,0
IWM190906C150,2019-09-05,2019-09-05 09:34:18,0.71,0.7977,153,0.66,0.7415,66,0.72,0.8089,2,0.685,0.7696,248,0
IWM190906C150,2019-09-05,2019-09-05 09:34:18,0.7,0.7865,122,0.66,0.7415,66,0.72,0.8089,2,0.68,0.764,248,0
IWM190906C150,2019-09-05,2019-09-05 09:34:19,0.7,0.7865,5,0.67,0.7528,80,0.72,0.8089,2,0.685,0.7696,248,0
IWM190906C150,2019-09-05,2019-09-05 09:34:20,0.71,0.7977,114,0.67,0.7528,80,0.72,0.8089,2,0.69,0.7752,248,0
IWM190906C150,2019-09-05,2019-09-05 09:34:20,0.71,0.7977,114,0.66,0.7415,66,0.72,0.8089,2,0.685,0.7696,248,0
IWM190906C150,2019-09-05,2019-09-05 09:34:21,0.71,0.7977,100,0.66,0.7415,66,0.72,0.8089,2,0.685,0.7696,248,0
IWM190906C150,2019-09-05,2019-09-05 09:34:22,0.71,0.7977,100,0.66,0.7415,93,0.72,0.8089,2,0.685,0.7696,248,0
IWM190906C150,2019-09-05,2019-09-05 09:34:22,0.71,0.7977,100,0.71,0.7977,15,0.71,0.7977,15,0.71,0.7977,294,46
IWM190906C150,2019-09-05,2019-09-05 09:34:23,0.71,0.7977,1,0.67,0.7528,69,0.71,0.7977,10,0.69,0.7752,330,36
IWM190906C150,2019-09-05,2019-09-05 09:34:23,0.71,0.7977,1,0.67,0.7528,69,0.71,0.7977,10,0.69,0.7752,330,0
IWM190906C150,2019-09-05,2019-09-05 09:34:24,0.71,0.7977,10,0.67,0.7528,69,0.7,0.7865,30,0.69,0.7752,360,30
IWM190906C150,2019-09-05,2019-09-05 09:34:24,0.71,0.7977,1,0.67,0.7528,66,0.7,0.7865,30,0.69,0.7752,360,0
IWM190906C150,2019-09-05,2019-09-05 09:34:25,0.71,0.7977,1,0.68,0.764,11,0.71,0.7977,20,0.695,0.7808,391,0
IWM190906C150,2019-09-05,2019-09-05 09:34:25,0.71,0.7977,1,0.68,0.764,11,0.71,0.7977,20,0.695,0.7808,391,31
IWM190906C150,2019-09-05,2019-09-05 09:34:26,0.71,0.7977,1,0.68,0.764,11,0.71,0.7977,20,0.695,0.7808,391,0
IWM190906C150,2019-09-05,2019-09-05 09:34:26,0.71,0.7977,121,0.65,0.7303,39,0.71,0.7977,20,0.68,0.764,391,0
IWM190906C150,2019-09-05,2019-09-05 09:34:27,0.71,0.7977,128,0.66,0.7415,14,0.71,0.7977,20,0.685,0.7696,391,0
IWM190906C150,2019-09-05,2019-09-05 09:34:27,0.71,0.7977,121,0.66,0.7415,7,0.71,0.7977,20,0.685,0.7696,391,0
IWM190906C150,2019-09-05,2019-09-05 09:34:28,0.71,0.7977,128,0.66,0.7415,14,0.71,0.7977,20,0.685,0.7696,391,0
IWM190906C150,2019-09-05,2019-09-05 09:34:29,0.7,0.7865,111,0.66,0.7415,21,0.71,0.7977,20,0.68,0.764,391,0
IWM190906C150,2019-09-05,2019-09-05 09:34:30,0.69,0.7752,100,0.66,0.7415,7,0.71,0.7977,20,0.675,0.7584,391,0
IWM190906C150,2019-09-05,2019-09-05 09:34:30,0.69,0.7752,105,0.65,0.7303,8,0.71,0.7977,20,0.67,0.7528,391,0
IWM190906C150,2019-09-05,2019-09-05 09:34:31,0.69,0.7752,120,0.65,0.7303,90,0.71,0.7977,20,0.67,0.7528,391,0
IWM190906C150,2019-09-05,2019-09-05 09:34:31,0.68,0.764,5,0.65,0.7303,65,0.71,0.7977,20,0.665,0.7471,391,0
IWM190906C150,2019-09-05,2019-09-05 09:34:32,0.69,0.7752,126,0.65,0.7303,90,0.71,0.7977,20,0.67,0.7528,391,0
IWM190906C150,2019-09-05,2019-09-05 09:34:33,0.7,0.7865,5,0.67,0.7528,89,0.71,0.7977,20,0.685,0.7696,391,0
IWM190906C150,2019-09-05,2019-09-05 09:34:33,0.69,0.7752,126,0.65,0.7303,90,0.71,0.7977,20,0.67,0.7528,391,0
IWM190906C150,2019-09-05,2019-09-05 09:34:34,0.71,0.7977,100,0.69,0.7752,4,0.71,0.7977,20,0.7,0.7865,391,0
IWM190906C150,2019-09-05,2019-09-05 09:34:34,0.7,0.7865,5,0.68,0.764,4,0.71,0.7977,20,0.69,0.7752,391,0
IWM190906C150,2019-09-05,2019-09-05 09:34:35,0.71,0.7977,100,0.68,0.764,85,0.71,0.7977,20,0.695,0.7808,391,0
IWM190906C150,2019-09-05,2019-09-05 09:34:36,0.72,0.8089,117,0.69,0.7752,17,0.71,0.7977,20,0.705,0.7921,391,0
IWM190906C150,2019-09-05,2019-09-05 09:34:36,0.72,0.8089,139,0.7,0.7865,4,0.71,0.7977,20,0.71,0.7977,391,0
IWM190906C150,2019-09-05,2019-09-05 09:34:37,0.72,0.8089,139,0.69,0.7752,10,0.71,0.7977,20,0.705,0.7921,391,0
IWM190906C150,2019-09-05,2019-09-05 09:34:37,0.71,0.7977,28,0.68,0.764,4,0.71,0.7977,20,0.695,0.7808,391,0
IWM190906C150,2019-09-05,2019-09-05 09:34:38,0.72,0.8089,5,0.7,0.7865,4,0.71,0.7977,20,0.71,0.7977,391,0
IWM190906C150,2019-09-05,2019-09-05 09:34:39,0.72,0.8089,26,0.69,0.7752,59,0.71,0.7977,20,0.705,0.7921,391,0
IWM190906C150,2019-09-05,2019-09-05 09:34:39,0.72,0.8089,26,0.7,0.7865,4,0.71,0.7977,20,0.71,0.7977,391,0
IWM190906C150,2019-09-05,2019-09-05 09:34:40,0.73,0.8202,114,0.7,0.7865,4,0.71,0.7977,20,0.715,0.8033,391,0
IWM190906C150,2019-09-05,2019-09-05 09:34:40,0.72,0.8089,26,0.7,0.7865,4,0.71,0.7977,20,0.71,0.7977,391,0
IWM190906C150,2019-09-05,2019-09-05 09:34:41,0.73,0.8202,114,0.7,0.7865,4,0.71,0.7977,20,0.715,0.8033,391,0
IWM190906C150,2019-09-05,2019-09-05 09:34:42,0.73,0.8202,114,0.7,0.7865,4,0.71,0.7977,20,0.715,0.8033,391,0
IWM190906C150,2019-09-05,2019-09-05 09:34:42,0.72,0.8089,59,0.69,0.7752,21,0.71,0.7977,20,0.705,0.7921,391,0
IWM190906C150,2019-09-05,2019-09-05 09:34:43,0.71,0.7977,4,0.69,0.7752,4,0.71,0.7977,20,0.7,0.7865,391,0
IWM190906C150,2019-09-05,2019-09-05 09:34:43,0.71,0.7977,42,0.68,0.764,30,0.71,0.7977,20,0.695,0.7808,391,0
IWM190906C150,2019-09-05,2019-09-05 09:34:44,0.71,0.7977,42,0.68,0.764,24,0.71,0.7977,20,0.695,0.7808,391,0
IWM190906C150,2019-09-05,2019-09-05 09:34:44,0.71,0.7977,100,0.68,0.764,4,0.71,0.7977,20,0.695,0.7808,391,0
IWM190906C150,2019-09-05,2019-09-05 09:34:45,0.71,0.7977,114,0.68,0.764,15,0.71,0.7977,20,0.695,0.7808,391,0
IWM190906C150,2019-09-05,2019-09-05 09:34:45,0.71,0.7977,100,0.68,0.764,4,0.71,0.7977,20,0.695,0.7808,391,0
IWM190906C150,2019-09-05,2019-09-05 09:34:46,0.71,0.7977,161,0.68,0.764,11,0.71,0.7977,20,0.695,0.7808,391,0
IWM190906C150,2019-09-05,2019-09-05 09:34:46,0.71,0.7977,161,0.68,0.764,4,0.71,0.7977,20,0.695,0.7808,391,0
IWM190906C150,2019-09-05,2019-09-05 09:34:47,0.69,0.7752,4,0.67,0.7528,15,0.71,0.7977,20,0.68,0.764,391,0
IWM190906C150,2019-09-05,2019-09-05 09:34:47,0.71,0.7977,161,0.67,0.7528,4,0.71,0.7977,20,0.69,0.7752,391,0
IWM190906C150,2019-09-05,2019-09-05 09:34:48,0.7,0.7865,161,0.67,0.7528,4,0.71,0.7977,20,0.685,0.7696,391,0
IWM190906C150,2019-09-05,2019-09-05 09:34:48,0.69,0.7752,4,0.67,0.7528,15,0.71,0.7977,20,0.68,0.764,391,0
IWM190906C150,2019-09-05,2019-09-05 09:34:49,0.7,0.7865,161,0.67,0.7528,4,0.71,0.7977,20,0.685,0.7696,391,0
IWM190906C150,2019-09-05,2019-09-05 09:34:49,0.7,0.7865,161,0.67,0.7528,6,0.71,0.7977,20,0.685,0.7696,391,0
IWM190906C150,2019-09-05,2019-09-05 09:34:50,0.69,0.7752,4,0.67,0.7528,4,0.71,0.7977,20,0.68,0.764,391,0
IWM190906C150,2019-09-05,2019-09-05 09:34:50,0.7,0.7865,139,0.67,0.7528,4,0.71,0.7977,20,0.685,0.7696,391,0
IWM190906C150,2019-09-05,2019-09-05 09:34:51,0.69,0.7752,12,0.66,0.7415,41,0.71,0.7977,20,0.675,0.7584,391,0
IWM190906C150,2019-09-05,2019-09-05 09:34:51,0.69,0.7752,4,0.67,0.7528,4,0.71,0.7977,20,0.68,0.764,391,0
IWM190906C150,2019-09-05,2019-09-05 09:34:52,0.69,0.7752,4,0.66,0.7415,31,0.71,0.7977,20,0.675,0.7584,391,0
IWM190906C150,2019-09-05,2019-09-05 09:34:52,0.69,0.7752,8,0.66,0.7415,31,0.71,0.7977,20,0.675,0.7584,391,0
IWM190906C150,2019-09-05,2019-09-05 09:34:53,0.69,0.7752,21,0.66,0.7415,41,0.71,0.7977,20,0.675,0.7584,391,0
IWM190906C150,2019-09-05,2019-09-05 09:34:53,0.69,0.7752,100,0.66,0.7415,41,0.71,0.7977,20,0.675,0.7584,391,0
IWM190906C150,2019-09-05,2019-09-05 09:34:54,0.69,0.7752,100,0.66,0.7415,62,0.71,0.7977,20,0.675,0.7584,391,0
IWM190906C150,2019-09-05,2019-09-05 09:34:55,0.68,0.764,61,0.65,0.7303,4,0.71,0.7977,20,0.665,0.7471,391,0
IWM190906C150,2019-09-05,2019-09-05 09:34:55,0.68,0.764,166,0.65,0.7303,4,0.71,0.7977,20,0.665,0.7471,391,0
IWM190906C150,2019-09-05,2019-09-05 09:34:56,0.67,0.7528,4,0.65,0.7303,4,0.71,0.7977,20,0.66,0.7415,391,0
IWM190906C150,2019-09-05,2019-09-05 09:34:57,0.67,0.7528,4,0.65,0.7303,4,0.71,0.7977,20,0.66,0.7415,391,0
IWM190906C150,2019-09-05,2019-09-05 09:34:57,0.67,0.7528,18,0.64,0.7191,54,0.71,0.7977,20,0.655,0.7359,391,0
IWM190906C150,2019-09-05,2019-09-05 09:34:58,0.67,0.7528,18,0.64,0.7191,54,0.71,0.7977,20,0.655,0.7359,391,0
IWM190906C150,2019-09-05,2019-09-05 09:34:58,0.67,0.7528,18,0.64,0.7191,79,0.71,0.7977,20,0.655,0.7359,391,0
IWM190906C150,2019-09-05,2019-09-05 09:34:59,0.67,0.7528,18,0.64,0.7191,79,0.71,0.7977,20,0.655,0.7359,391,0
IWM190906C150,2019-09-05,2019-09-05 09:34:59,0.67,0.7528,160,0.64,0.7191,8,0.71,0.7977,20,0.655,0.7359,391,0
IWM190906C150,2019-09-05,2019-09-05 09:35:00,0.66,0.7415,10,0.64,0.7191,4,0.63,0.7078,30,0.65,0.7303,421,30
IWM190906C150,2019-09-05,2019-09-05 09:35:00,0.65,0.7303,4,0.64,0.7191,4,0.71,0.7977,20,0.645,0.7247,391,0
IWM190906C150,2019-09-05,2019-09-05 09:35:01,0.67,0.7528,137,0.64,0.7191,6,0.63,0.7078,30,0.655,0.7359,421,0
IWM190906C150,2019-09-05,2019-09-05 09:35:02,0.69,0.7752,124,0.65,0.7303,4,0.63,0.7078,30,0.67,0.7528,421,0
IWM190906C150,2019-09-05,2019-09-05 09:35:02,0.67,0.7528,109,0.64,0.7191,9,0.63,0.7078,30,0.655,0.7359,421,0
IWM190906C150,2019-09-05,2019-09-05 09:35:03,0.69,0.7752,30,0.66,0.7415,4,0.63,0.7078,30,0.675,0.7584,421,0
IWM190906C150,2019-09-05,2019-09-05 09:35:03,0.69,0.7752,113,0.66,0.7415,4,0.63,0.7078,30,0.675,0.7584,421,0
IWM190906C150,2019-09-05,2019-09-05 09:35:04,0.69,0.7752,4,0.67,0.7528,4,0.63,0.7078,30,0.68,0.764,421,0
IWM190906C150,2019-09-05,2019-09-05 09:35:05,0.69,0.7752,151,0.66,0.7415,49,0.63,0.7078,30,0.675,0.7584,421,0
IWM190906C150,2019-09-05,2019-09-05 09:35:05,0.69,0.7752,104,0.66,0.7415,33,0.63,0.7078,30,0.675,0.7584,421,0
IWM190906C150,2019-09-05,2019-09-05 09:35:06,0.69,0.7752,104,0.67,0.7528,4,0.63,0.7078,30,0.68,0.764,421,0
IWM190906C150,2019-09-05,2019-09-05 09:35:06,0.68,0.764,4,0.66,0.7415,4,0.63,0.7078,30,0.67,0.7528,421,0
IWM190906C150,2019-09-05,2019-09-05 09:35:07,0.69,0.7752,160,0.66,0.7415,4,0.63,0.7078,30,0.675,0.7584,421,0
IWM190906C150,2019-09-05,2019-09-05 09:35:07,0.68,0.764,4,0.66,0.7415,4,0.63,0.7078,30,0.67,0.7528,421,0
IWM190906C150,2019-09-05,2019-09-05 09:35:08,0.69,0.7752,160,0.67,0.7528,4,0.63,0.7078,30,0.68,0.764,421,0
IWM190906C150,2019-09-05,2019-09-05 09:35:08,0.69,0.7752,160,0.66,0.7415,25,0.63,0.7078,30,0.675,0.7584,421,0
IWM190906C150,2019-09-05,2019-09-05 09:35:09,0.7,0.7865,104,0.68,0.764,4,0.63,0.7078,30,0.69,0.7752,421,0
IWM190906C150,2019-09-05,2019-09-05 09:35:10,0.7,0.7865,33,0.67,0.7528,60,0.63,0.7078,30,0.685,0.7696,421,0
IWM190906C150,2019-09-05,2019-09-05 09:35:10,0.7,0.7865,100,0.68,0.764,4,0.63,0.7078,30,0.69,0.7752,421,0
IWM190906C150,2019-09-05,2019-09-05 09:35:11,0.7,0.7865,100,0.67,0.7528,87,0.63,0.7078,30,0.685,0.7696,421,0
IWM190906C150,2019-09-05,2019-09-05 09:35:11,0.7,0.7865,100,0.67,0.7528,62,0.63,0.7078,30,0.685,0.7696,421,0
IWM190906C150,2019-09-05,2019-09-05 09:35:12,0.7,0.7865,100,0.68,0.764,4,0.63,0.7078,30,0.69,0.7752,421,0
IWM190906C150,2019-09-05,2019-09-05 09:35:12,0.7,0.7865,124,0.67,0.7528,59,0.63,0.7078,30,0.685,0.7696,421,0
IWM190906C150,2019-09-05,2019-09-05 09:35:13,0.7,0.7865,120,0.68,0.764,4,0.63,0.7078,30,0.69,0.7752,421,0
IWM190906C150,2019-09-05,2019-09-05 09:35:14,0.7,0.7865,120,0.68,0.764,4,0.63,0.7078,30,0.69,0.7752,421,0
IWM190906C150,2019-09-05,2019-09-05 09:35:14,0.71,0.7977,160,0.68,0.764,6,0.63,0.7078,30,0.695,0.7808,421,0
IWM190906C150,2019-09-05,2019-09-05 09:35:15,0.7,0.7865,59,0.67,0.7528,31,0.63,0.7078,30,0.685,0.7696,421,0
IWM190906C150,2019-09-05,2019-09-05 09:35:15,0.71,0.7977,160,0.68,0.764,18,0.63,0.7078,30,0.695,0.7808,421,0
IWM190906C150,2019-09-05,2019-09-05 09:35:16,0.7,0.7865,59,0.66,0.7415,45,0.63,0.7078,30,0.68,0.764,421,0
IWM190906C150,2019-09-05,2019-09-05 09:35:16,0.68,0.764,109,0.65,0.7303,46,0.63,0.7078,30,0.665,0.7471,421,0
IWM190906C150,2019-09-05,2019-09-05 09:35:17,0.68,0.764,109,0.65,0.7303,46,0.63,0.7078,30,0.665,0.7471,421,0
IWM190906C150,2019-09-05,2019-09-05 09:35:18,0.68,0.764,104,0.65,0.7303,84,0.63,0.7078,30,0.665,0.7471,421,0
IWM190906C150,2019-09-05,2019-09-05 09:35:18,0.68,0.764,109,0.65,0.7303,46,0.63,0.7078,30,0.665,0.7471,421,0
IWM190906C150,2019-09-05,2019-09-05 09:35:19,0.67,0.7528,104,0.65,0.7303,4,0.63,0.7078,30,0.66,0.7415,421,0
IWM190906C150,2019-09-05,2019-09-05 09:35:19,0.68,0.764,104,0.66,0.7415,4,0.63,0.7078,30,0.67,0.7528,421,0
IWM190906C150,2019-09-05,2019-09-05 09:35:20,0.67,0.7528,104,0.65,0.7303,4,0.63,0.7078,30,0.66,0.7415,421,0
IWM190906C150,2019-09-05,2019-09-05 09:35:20,0.68,0.764,156,0.65,0.7303,4,0.63,0.7078,30,0.665,0.7471,421,0
IWM190906C150,2019-09-05,2019-09-05 09:35:21,0.67,0.7528,50,0.65,0.7303,4,0.63,0.7078,30,0.66,0.7415,421,0
IWM190906C150,2019-09-05,2019-09-05 09:35:21,0.67,0.7528,4,0.64,0.7191,4,0.63,0.7078,30,0.655,0.7359,421,0
IWM190906C150,2019-09-05,2019-09-05 09:35:22,0.67,0.7528,4,0.65,0.7303,27,0.63,0.7078,30,0.66,0.7415,421,0
IWM190906C150,2019-09-05,2019-09-05 09:35:22,0.67,0.7528,8,0.65,0.7303,4,0.63,0.7078,30,0.66,0.7415,421,0
IWM190906C150,2019-09-05,2019-09-05 09:35:23,0.67,0.7528,58,0.64,0.7191,58,0.63,0.7078,30,0.655,0.7359,421,0
IWM190906C150,2019-09-05,2019-09-05 09:35:23,0.68,0.764,104,0.65,0.7303,41,0.63,0.7078,30,0.665,0.7471,421,0
IWM190906C150,2019-09-05,2019-09-05 09:35:24,0.67,0.7528,21,0.65,0.7303,4,0.63,0.7078,30,0.66,0.7415,421,0
IWM190906C150,2019-09-05,2019-09-05 09:35:24,0.68,0.764,215,0.65,0.7303,4,0.63,0.7078,30,0.665,0.7471,421,0
IWM190906C150,2019-09-05,2019-09-05 09:35:25,0.67,0.7528,46,0.65,0.7303,4,0.63,0.7078,30,0.66,0.7415,421,0
IWM190906C150,2019-09-05,2019-09-05 09:35:26,0.67,0.7528,33,0.65,0.7303,8,0.63,0.7078,30,0.66,0.7415,421,0
IWM190906C150,2019-09-05,2019-09-05 09:35:26,0.67,0.7528,54,0.64,0.7191,33,0.63,0.7078,30,0.655,0.7359,421,0
IWM190906C150,2019-09-05,2019-09-05 09:35:27,0.67,0.7528,13,0.65,0.7303,10,0.63,0.7078,30,0.66,0.7415,421,0
IWM190906C150,2019-09-05,2019-09-05 09:35:27,0.7,0.7865,4,0.68,0.764,6,0.63,0.7078,30,0.69,0.7752,421,0
IWM190906C150,2019-09-05,2019-09-05 09:35:28,0.7,0.7865,61,0.68,0.764,6,0.63,0.7078,30,0.69,0.7752,421,0
IWM190906C150,2019-09-05,2019-09-05 09:35:28,0.7,0.7865,4,0.68,0.764,6,0.63,0.7078,30,0.69,0.7752,421,0
IWM190906C150,2019-09-05,2019-09-05 09:35:29,0.71,0.7977,90,0.69,0.7752,4,0.63,0.7078,30,0.7,0.7865,421,0
IWM190906C150,2019-09-05,2019-09-05 09:35:29,0.72,0.8089,58,0.69,0.7752,6,0.63,0.7078,30,0.705,0.7921,421,0
IWM190906C150,2019-09-05,2019-09-05 09:35:30,0.72,0.8089,110,0.69,0.7752,55,0.63,0.7078,30,0.705,0.7921,421,0
IWM190906C150,2019-09-05,2019-09-05 09:35:30,0.71,0.7977,27,0.69,0.7752,6,0.63,0.7078,30,0.7,0.7865,421,0
IWM190906C150,2019-09-05,2019-09-05 09:35:31,0.71,0.7977,27,0.69,0.7752,4,0.63,0.7078,30,0.7,0.7865,421,0
IWM190906C150,2019-09-05,2019-09-05 09:35:31,0.71,0.7977,171,0.69,0.7752,4,0.63,0.7078,30,0.7,0.7865,421,0
IWM190906C150,2019-09-05,2019-09-05 09:35:32,0.71,0.7977,171,0.68,0.764,57,0.63,0.7078,30,0.695,0.7808,421,0
IWM190906C150,2019-09-05,2019-09-05 09:35:32,0.7,0.7865,180,0.68,0.764,57,0.63,0.7078,30,0.69,0.7752,421,0
IWM190906C150,2019-09-05,2019-09-05 09:35:33,0.7,0.7865,197,0.67,0.7528,57,0.63,0.7078,30,0.685,0.7696,421,0
IWM190906C150,2019-09-05,2019-09-05 09:35:33,0.7,0.7865,197,0.68,0.764,4,0.63,0.7078,30,0.69,0.7752,421,0
IWM190906C150,2019-09-05,2019-09-05 09:35:34,0.69,0.7752,4,0.67,0.7528,14,0.63,0.7078,30,0.68,0.764,421,0
IWM190906C150,2019-09-05,2019-09-05 09:35:35,0.69,0.7752,216,0.66,0.7415,39,0.63,0.7078,30,0.675,0.7584,421,0
IWM190906C150,2019-09-05,2019-09-05 09:35:35,0.69,0.7752,216,0.67,0.7528,14,0.63,0.7078,30,0.68,0.764,421,0
IWM190906C150,2019-09-05,2019-09-05 09:35:36,0.67,0.7528,247,0.65,0.7303,8,0.63,0.7078,30,0.66,0.7415,421,0
IWM190906C150,2019-09-05,2019-09-05 09:35:36,0.67,0.7528,18,0.65,0.7303,4,0.63,0.7078,30,0.66,0.7415,421,0
IWM190906C150,2019-09-05,2019-09-05 09:35:37,0.67,0.7528,181,0.65,0.7303,4,0.63,0.7078,30,0.66,0.7415,421,0
IWM190906C150,2019-09-05,2019-09-05 09:35:37,0.67,0.7528,181,0.65,0.7303,8,0.63,0.7078,30,0.66,0.7415,421,0
IWM190906C150,2019-09-05,2019-09-05 09:35:38,0.67,0.7528,168,0.65,0.7303,4,0.63,0.7078,30,0.66,0.7415,421,0
IWM190906C150,2019-09-05,2019-09-05 09:35:39,0.67,0.7528,168,0.63,0.7078,67,0.63,0.7078,30,0.65,0.7303,421,0
IWM190906C150,2019-09-05,2019-09-05 09:35:39,0.66,0.7415,13,0.65,0.7303,4,0.63,0.7078,30,0.655,0.7359,421,0
IWM190906C150,2019-09-05,2019-09-05 09:35:40,0.67,0.7528,154,0.64,0.7191,51,0.63,0.7078,30,0.655,0.7359,421,0
IWM190906C150,2019-09-05,2019-09-05 09:35:40,0.68,0.764,168,0.65,0.7303,33,0.63,0.7078,30,0.665,0.7471,421,0
IWM190906C150,2019-09-05,2019-09-05 09:35:41,0.68,0.764,22,0.66,0.7415,8,0.63,0.7078,30,0.67,0.7528,421,0
IWM190906C150,2019-09-05,2019-09-05 09:35:41,0.68,0.764,22,0.66,0.7415,12,0.63,0.7078,30,0.67,0.7528,421,0
IWM190906C150,2019-09-05,2019-09-05 09:35:42,0.68,0.764,22,0.66,0.7415,12,0.63,0.7078,30,0.67,0.7528,421,0
IWM190906C150,2019-09-05,2019-09-05 09:35:42,0.68,0.764,35,0.66,0.7415,12,0.63,0.7078,30,0.67,0.7528,421,0
IWM190906C150,2019-09-05,2019-09-05 09:35:43,0.68,0.764,57,0.66,0.7415,8,0.63,0.7078,30,0.67,0.7528,421,0
IWM190906C150,2019-09-05,2019-09-05 09:35:43,0.68,0.764,57,0.66,0.7415,12,0.63,0.7078,30,0.67,0.7528,421,0
IWM190906C150,2019-09-05,2019-09-05 09:35:44,0.68,0.764,57,0.66,0.7415,12,0.63,0.7078,30,0.67,0.7528,421,0
IWM190906C150,2019-09-05,2019-09-05 09:35:44,0.68,0.764,22,0.66,0.7415,12,0.63,0.7078,30,0.67,0.7528,421,0
IWM190906C150,2019-09-05,2019-09-05 09:35:45,0.68,0.764,21,0.66,0.7415,12,0.63,0.7078,30,0.67,0.7528,421,0
IWM190906C150,2019-09-05,2019-09-05 09:35:45,0.69,0.7752,168,0.66,0.7415,12,0.63,0.7078,30,0.675,0.7584,421,0
IWM190906C150,2019-09-05,2019-09-05 09:35:46,0.69,0.7752,156,0.67,0.7528,12,0.63,0.7078,30,0.68,0.764,421,0
IWM190906C150,2019-09-05,2019-09-05 09:35:46,0.69,0.7752,156,0.67,0.7528,38,0.63,0.7078,30,0.68,0.764,421,0
IWM190906C150,2019-09-05,2019-09-05 09:35:47,0.69,0.7752,156,0.67,0.7528,12,0.63,0.7078,30,0.68,0.764,421,0
IWM190906C150,2019-09-05,2019-09-05 09:35:47,0.68,0.764,10,0.66,0.7415,8,0.63,0.7078,30,0.67,0.7528,421,0
IWM190906C150,2019-09-05,2019-09-05 09:35:48,0.68,0.764,29,0.66,0.7415,8,0.63,0.7078,30,0.67,0.7528,421,0
IWM190906C150,2019-09-05,2019-09-05 09:35:48,0.68,0.764,21,0.66,0.7415,8,0.63,0.7078,30,0.67,0.7528,421,0
IWM190906C150,2019-09-05,2019-09-05 09:35:49,0.68,0.764,21,0.66,0.7415,8,0.63,0.7078,30,0.67,0.7528,421,0
IWM190906C150,2019-09-05,2019-09-05 09:35:49,0.68,0.764,29,0.66,0.7415,4,0.63,0.7078,30,0.67,0.7528,421,0
IWM190906C150,2019-09-05,2019-09-05 09:35:50,0.68,0.764,21,0.66,0.7415,8,0.63,0.7078,30,0.67,0.7528,421,0
IWM190906C150,2019-09-05,2019-09-05 09:35:51,0.67,0.7528,20,0.65,0.7303,18,0.63,0.7078,30,0.66,0.7415,421,0
IWM190906C150,2019-09-05,2019-09-05 09:35:51,0.68,0.764,21,0.66,0.7415,8,0.63,0.7078,30,0.67,0.7528,421,0
IWM190906C150,2019-09-05,2019-09-05 09:35:52,0.68,0.764,239,0.65,0.7303,27,0.63,0.7078,30,0.665,0.7471,421,0
IWM190906C150,2019-09-05,2019-09-05 09:35:52,0.67,0.7528,13,0.65,0.7303,18,0.63,0.7078,30,0.66,0.7415,421,0
IWM190906C150,2019-09-05,2019-09-05 09:35:53,0.68,0.764,168,0.66,0.7415,6,0.63,0.7078,30,0.67,0.7528,421,0
IWM190906C150,2019-09-05,2019-09-05 09:35:53,0.68,0.764,156,0.66,0.7415,15,0.63,0.7078,30,0.67,0.7528,421,0
IWM190906C150,2019-09-05,2019-09-05 09:35:54,0.68,0.764,179,0.66,0.7415,15,0.63,0.7078,30,0.67,0.7528,421,0
IWM190906C150,2019-09-05,2019-09-05 09:35:55,0.69,0.7752,238,0.66,0.7415,15,0.63,0.7078,30,0.675,0.7584,421,0
IWM190906C150,2019-09-05,2019-09-05 09:35:55,0.69,0.7752,238,0.66,0.7415,6,0.63,0.7078,30,0.675,0.7584,421,0
IWM190906C150,2019-09-05,2019-09-05 09:35:56,0.68,0.764,33,0.66,0.7415,4,0.63,0.7078,30,0.67,0.7528,421,0
IWM190906C150,2019-09-05,2019-09-05 09:35:56,0.68,0.764,33,0.66,0.7415,8,0.63,0.7078,30,0.67,0.7528,421,0
IWM190906C150,2019-09-05,2019-09-05 09:35:57,0.68,0.764,33,0.65,0.7303,31,0.63,0.7078,30,0.665,0.7471,421,0
IWM190906C150,2019-09-05,2019-09-05 09:35:58,0.68,0.764,36,0.65,0.7303,30,0.63,0.7078,30,0.665,0.7471,421,0
IWM190906C150,2019-09-05,2019-09-05 09:35:58,0.67,0.7528,8,0.65,0.7303,4,0.63,0.7078,30,0.66,0.7415,421,0
IWM190906C150,2019-09-05,2019-09-05 09:35:59,0.67,0.7528,10,0.65,0.7303,6,0.63,0.7078,30,0.66,0.7415,421,0
IWM190906C150,2019-09-05,2019-09-05 09:35:59,0.67,0.7528,51,0.65,0.7303,4,0.63,0.7078,30,0.66,0.7415,421,0
IWM190906C150,2019-09-05,2019-09-05 09:36:00,0.67,0.7528,28,0.64,0.7191,73,0.63,0.7078,30,0.655,0.7359,421,0
IWM190906C150,2019-09-05,2019-09-05 09:36:01,0.68,0.764,251,0.65,0.7303,8,0.63,0.7078,30,0.665,0.7471,421,0
IWM190906C150,2019-09-05,2019-09-05 09:36:01,0.69,0.7752,219,0.66,0.7415,8,0.63,0.7078,30,0.675,0.7584,421,0
IWM190906C150,2019-09-05,2019-09-05 09:36:02,0.69,0.7752,219,0.66,0.7415,21,0.63,0.7078,30,0.675,0.7584,421,0
IWM190906C150,2019-09-05,2019-09-05 09:36:02,0.69,0.7752,156,0.68,0.764,2,0.69,0.7752,1,0.685,0.7696,483,62
IWM190906C150,2019-09-05,2019-09-05 09:36:03,0.68,0.764,22,0.67,0.7528,27,0.69,0.7752,1,0.675,0.7584,483,0
IWM190906C150,2019-09-05,2019-09-05 09:36:03,0.69,0.7752,10,0.67,0.7528,24,0.69,0.7752,1,0.68,0.764,483,0
IWM190906C150,2019-09-05,2019-09-05 09:36:04,0.68,0.764,52,0.65,0.7303,20,0.69,0.7752,1,0.665,0.7471,483,0
IWM190906C150,2019-09-05,2019-09-05 09:36:04,0.67,0.7528,4,0.67,0.7528,27,0.69,0.7752,1,0.67,0.7528,483,0
IWM190906C150,2019-09-05,2019-09-05 09:36:05,0.68,0.764,52,0.65,0.7303,26,0.69,0.7752,1,0.665,0.7471,483,0
IWM190906C150,2019-09-05,2019-09-05 09:36:05,0.68,0.764,57,0.65,0.7303,26,0.69,0.7752,1,0.665,0.7471,483,0
IWM190906C150,2019-09-05,2019-09-05 09:36:06,0.67,0.7528,10,0.65,0.7303,26,0.69,0.7752,1,0.66,0.7415,483,0
IWM190906C150,2019-09-05,2019-09-05 09:36:06,0.68,0.764,41,0.65,0.7303,69,0.69,0.7752,1,0.665,0.7471,483,0
IWM190906C150,2019-09-05,2019-09-05 09:36:07,0.67,0.7528,12,0.65,0.7303,4,0.69,0.7752,1,0.66,0.7415,483,0
IWM190906C150,2019-09-05,2019-09-05 09:36:07,0.67,0.7528,10,0.65,0.7303,19,0.69,0.7752,1,0.66,0.7415,483,0
IWM190906C150,2019-09-05,2019-09-05 09:36:08,0.67,0.7528,10,0.65,0.7303,19,0.69,0.7752,1,0.66,0.7415,483,0
IWM190906C150,2019-09-05,2019-09-05 09:36:08,0.68,0.764,236,0.65,0.7303,8,0.69,0.7752,1,0.665,0.7471,483,0
IWM190906C150,2019-09-05,2019-09-05 09:36:09,0.68,0.764,236,0.65,0.7303,22,0.69,0.7752,1,0.665,0.7471,483,0
IWM190906C150,2019-09-05,2019-09-05 09:36:09,0.68,0.764,236,0.65,0.7303,20,0.69,0.7752,1,0.665,0.7471,483,0
IWM190906C150,2019-09-05,2019-09-05 09:36:10,0.69,0.7752,21,0.67,0.7528,38,0.69,0.7752,1,0.68,0.764,483,0
IWM190906C150,2019-09-05,2019-09-05 09:36:10,0.69,0.7752,168,0.65,0.7303,21,0.69,0.7752,1,0.67,0.7528,483,0
IWM190906C150,2019-09-05,2019-09-05 09:36:11,0.68,0.764,22,0.66,0.7415,18,0.69,0.7752,1,0.67,0.7528,483,0
IWM190906C150,2019-09-05,2019-09-05 09:36:11,0.69,0.7752,21,0.67,0.7528,10,0.69,0.7752,1,0.68,0.764,483,0
IWM190906C150,2019-09-05,2019-09-05 09:36:12,0.68,0.764,22,0.65,0.7303,17,0.69,0.7752,1,0.665,0.7471,483,0
IWM190906C150,2019-09-05,2019-09-05 09:36:12,0.68,0.764,39,0.65,0.7303,17,0.69,0.7752,1,0.665,0.7471,483,0
IWM190906C150,2019-09-05,2019-09-05 09:36:13,0.68,0.764,41,0.66,0.7415,4,0.69,0.7752,1,0.67,0.7528,483,0
IWM190906C150,2019-09-05,2019-09-05 09:36:13,0.68,0.764,68,0.66,0.7415,4,0.69,0.7752,1,0.67,0.7528,483,0
IWM190906C150,2019-09-05,2019-09-05 09:36:14,0.68,0.764,68,0.65,0.7303,40,0.69,0.7752,1,0.665,0.7471,483,0
IWM190906C150,2019-09-05,2019-09-05 09:36:15,0.67,0.7528,26,0.65,0.7303,27,0.69,0.7752,1,0.66,0.7415,483,0
IWM190906C150,2019-09-05,2019-09-05 09:36:15,0.67,0.7528,10,0.65,0.7303,18,0.69,0.7752,1,0.66,0.7415,483,0
IWM190906C150,2019-09-05,2019-09-05 09:36:16,0.67,0.7528,26,0.65,0.7303,27,0.69,0.7752,1,0.66,0.7415,483,0
IWM190906C150,2019-09-05,2019-09-05 09:36:17,0.68,0.764,80,0.65,0.7303,27,0.69,0.7752,1,0.665,0.7471,483,0
IWM190906C150,2019-09-05,2019-09-05 09:36:17,0.67,0.7528,46,0.65,0.7303,27,0.69,0.7752,1,0.66,0.7415,483,0
IWM190906C150,2019-09-05,2019-09-05 09:36:18,0.67,0.7528,65,0.64,0.7191,18,0.69,0.7752,1,0.655,0.7359,483,0
IWM190906C150,2019-09-05,2019-09-05 09:36:18,0.67,0.7528,46,0.64,0.7191,18,0.69,0.7752,1,0.655,0.7359,483,0
IWM190906C150,2019-09-05,2019-09-05 09:36:19,0.66,0.7415,21,0.64,0.7191,18,0.69,0.7752,1,0.65,0.7303,483,0
IWM190906C150,2019-09-05,2019-09-05 09:36:19,0.66,0.7415,21,0.64,0.7191,27,0.69,0.7752,1,0.65,0.7303,483,0
IWM190906C150,2019-09-05,2019-09-05 09:36:20,0.65,0.7303,4,0.63,0.7078,13,0.69,0.7752,1,0.64,0.7191,483,0
IWM190906C150,2019-09-05,2019-09-05 09:36:20,0.66,0.7415,21,0.64,0.7191,4,0.69,0.7752,1,0.65,0.7303,483,0
IWM190906C150,2019-09-05,2019-09-05 09:36:21,0.66,0.7415,21,0.64,0.7191,16,0.65,0.7303,1,0.65,0.7303,500,17
IWM190906C150,2019-09-05,2019-09-05 09:36:21,0.66,0.7415,21,0.65,0.7303,1,0.65,0.7303,1,0.655,0.7359,500,0
IWM190906C150,2019-09-05,2019-09-05 09:36:22,0.66,0.7415,24,0.64,0.7191,21,0.65,0.7303,1,0.65,0.7303,500,0
IWM190906C150,2019-09-05,2019-09-05 09:36:23,0.66,0.7415,21,0.64,0.7191,12,0.65,0.7303,1,0.65,0.7303,500,0
IWM190906C150,2019-09-05,2019-09-05 09:36:23,0.66,0.7415,24,0.64,0.7191,21,0.65,0.7303,1,0.65,0.7303,500,0
IWM190906C150,2019-09-05,2019-09-05 09:36:24,0.66,0.7415,23,0.64,0.7191,13,0.65,0.7303,1,0.65,0.7303,500,0
IWM190906C150,2019-09-05,2019-09-05 09:36:24,0.66,0.7415,21,0.64,0.7191,6,0.65,0.7303,1,0.65,0.7303,500,0
IWM190906C150,2019-09-05,2019-09-05 09:36:25,0.66,0.7415,20,0.64,0.7191,17,0.65,0.7303,1,0.65,0.7303,500,0
IWM190906C150,2019-09-05,2019-09-05 09:36:26,0.66,0.7415,23,0.64,0.7191,11,0.65,0.7303,1,0.65,0.7303,500,0
IWM190906C150,2019-09-05,2019-09-05 09:36:26,0.65,0.7303,21,0.63,0.7078,14,0.65,0.7303,1,0.64,0.7191,500,0
IWM190906C150,2019-09-05,2019-09-05 09:36:27,0.64,0.7191,6,0.62,0.6966,16,0.65,0.7303,1,0.63,0.7078,500,0
IWM190906C150,2019-09-05,2019-09-05 09:36:27,0.65,0.7303,20,0.63,0.7078,4,0.65,0.7303,1,0.64,0.7191,500,0
IWM190906C150,2019-09-05,2019-09-05 09:36:28,0.65,0.7303,21,0.63,0.7078,8,0.65,0.7303,1,0.64,0.7191,500,0
IWM190906C150,2019-09-05,2019-09-05 09:36:28,0.65,0.7303,21,0.62,0.6966,24,0.65,0.7303,1,0.635,0.7134,500,0
IWM190906C150,2019-09-05,2019-09-05 09:36:29,0.65,0.7303,21,0.63,0.7078,6,0.65,0.7303,1,0.64,0.7191,500,0
IWM190906C150,2019-09-05,2019-09-05 09:36:29,0.65,0.7303,21,0.62,0.6966,59,0.65,0.7303,1,0.635,0.7134,500,0
IWM190906C150,2019-09-05,2019-09-05 09:36:30,0.65,0.7303,21,0.62,0.6966,8,0.62,0.6966,5,0.635,0.7134,505,0
IWM190906C150,2019-09-05,2019-09-05 09:36:30,0.64,0.7191,24,0.62,0.6966,4,0.62,0.6966,5,0.63,0.7078,505,5
IWM190906C150,2019-09-05,2019-09-05 09:36:31,0.65,0.7303,21,0.62,0.6966,8,0.62,0.6966,5,0.635,0.7134,505,0
IWM190906C150,2019-09-05,2019-09-05 09:36:31,0.65,0.7303,21,0.63,0.7078,12,0.62,0.6966,5,0.64,0.7191,505,0
IWM190906C150,2019-09-05,2019-09-05 09:36:32,0.65,0.7303,56,0.63,0.7078,12,0.62,0.6966,5,0.64,0.7191,505,0
IWM190906C150,2019-09-05,2019-09-05 09:36:33,0.65,0.7303,66,0.63,0.7078,12,0.62,0.6966,5,0.64,0.7191,505,0
IWM190906C150,2019-09-05,2019-09-05 09:36:33,0.64,0.7191,21,0.63,0.7078,4,0.62,0.6966,5,0.635,0.7134,505,0
IWM190906C150,2019-09-05,2019-09-05 09:36:34,0.66,0.7415,54,0.64,0.7191,12,0.62,0.6966,5,0.65,0.7303,505,0
IWM190906C150,2019-09-05,2019-09-05 09:36:34,0.66,0.7415,27,0.64,0.7191,12,0.62,0.6966,5,0.65,0.7303,505,0
IWM190906C150,2019-09-05,2019-09-05 09:36:35,0.65,0.7303,68,0.63,0.7078,18,0.62,0.6966,5,0.64,0.7191,505,0
IWM190906C150,2019-09-05,2019-09-05 09:36:35,0.65,0.7303,73,0.62,0.6966,8,0.62,0.6966,5,0.635,0.7134,505,0
IWM190906C150,2019-09-05,2019-09-05 09:36:36,0.65,0.7303,73,0.62,0.6966,8,0.62,0.6966,5,0.635,0.7134,505,0
IWM190906C150,2019-09-05,2019-09-05 09:36:36,0.64,0.7191,18,0.62,0.6966,9,0.62,0.6966,5,0.63,0.7078,505,0
IWM190906C150,2019-09-05,2019-09-05 09:36:37,0.64,0.7191,18,0.62,0.6966,9,0.62,0.6966,5,0.63,0.7078,505,0
IWM190906C150,2019-09-05,2019-09-05 09:36:37,0.64,0.7191,48,0.62,0.6966,14,0.62,0.6966,5,0.63,0.7078,505,0
IWM190906C150,2019-09-05,2019-09-05 09:36:38,0.64,0.7191,48,0.61,0.6853,18,0.62,0.6966,5,0.625,0.7022,505,0
IWM190906C150,2019-09-05,2019-09-05 09:36:38,0.64,0.7191,56,0.62,0.6966,38,0.62,0.6966,5,0.63,0.7078,505,0
IWM190906C150,2019-09-05,2019-09-05 09:36:39,0.64,0.7191,56,0.62,0.6966,8,0.62,0.6966,5,0.63,0.7078,505,0
IWM190906C150,2019-09-05,2019-09-05 09:36:39,0.64,0.7191,21,0.62,0.6966,8,0.62,0.6966,5,0.63,0.7078,505,0
IWM190906C150,2019-09-05,2019-09-05 09:36:40,0.65,0.7303,80,0.63,0.7078,12,0.62,0.6966,5,0.64,0.7191,505,0
IWM190906C150,2019-09-05,2019-09-05 09:36:40,0.65,0.7303,80,0.63,0.7078,4,0.62,0.6966,5,0.64,0.7191,505,0
IWM190906C150,2019-09-05,2019-09-05 09:36:41,0.64,0.7191,24,0.62,0.6966,25,0.62,0.6966,5,0.63,0.7078,505,0
IWM190906C150,2019-09-05,2019-09-05 09:36:41,0.65,0.7303,80,0.62,0.6966,25,0.62,0.6966,5,0.635,0.7134,505,0
IWM190906C150,2019-09-05,2019-09-05 09:36:42,0.64,0.7191,24,0.62,0.6966,25,0.62,0.6966,5,0.63,0.7078,505,0
IWM190906C150,2019-09-05,2019-09-05 09:36:42,0.64,0.7191,27,0.62,0.6966,42,0.62,0.6966,5,0.63,0.7078,505,0
IWM190906C150,2019-09-05,2019-09-05 09:36:43,0.64,0.7191,46,0.62,0.6966,27,0.62,0.6966,5,0.63,0.7078,505,0
IWM190906C150,2019-09-05,2019-09-05 09:36:44,0.64,0.7191,23,0.62,0.6966,27,0.62,0.6966,5,0.63,0.7078,505,0
IWM190906C150,2019-09-05,2019-09-05 09:36:44,0.64,0.7191,57,0.62,0.6966,27,0.62,0.6966,5,0.63,0.7078,505,0
IWM190906C150,2019-09-05,2019-09-05 09:36:45,0.63,0.7078,21,0.61,0.6853,27,0.62,0.6966,5,0.62,0.6966,505,0
IWM190906C150,2019-09-05,2019-09-05 09:36:45,0.64,0.7191,62,0.61,0.6853,27,0.62,0.6966,5,0.625,0.7022,505,0
IWM190906C150,2019-09-05,2019-09-05 09:36:46,0.64,0.7191,62,0.61,0.6853,27,0.62,0.6966,5,0.625,0.7022,505,0
IWM190906C150,2019-09-05,2019-09-05 09:36:46,0.64,0.7191,84,0.61,0.6853,10,0.62,0.6966,5,0.625,0.7022,505,0
IWM190906C150,2019-09-05,2019-09-05 09:36:47,0.64,0.7191,46,0.62,0.6966,8,0.62,0.6966,5,0.63,0.7078,505,0
IWM190906C150,2019-09-05,2019-09-05 09:36:47,0.64,0.7191,46,0.62,0.6966,4,0.62,0.6966,5,0.63,0.7078,505,0
IWM190906C150,2019-09-05,2019-09-05 09:36:48,0.64,0.7191,52,0.62,0.6966,12,0.62,0.6966,5,0.63,0.7078,505,0
IWM190906C150,2019-09-05,2019-09-05 09:36:48,0.64,0.7191,50,0.61,0.6853,25,0.62,0.6966,5,0.625,0.7022,505,0
IWM190906C150,2019-09-05,2019-09-05 09:36:49,0.65,0.7303,69,0.62,0.6966,13,0.62,0.6966,5,0.635,0.7134,505,0
IWM190906C150,2019-09-05,2019-09-05 09:36:50,0.65,0.7303,10,0.63,0.7078,8,0.62,0.6966,5,0.64,0.7191,505,0
IWM190906C150,2019-09-05,2019-09-05 09:36:50,0.66,0.7415,106,0.63,0.7078,4,0.62,0.6966,5,0.645,0.7247,505,0
IWM190906C150,2019-09-05,2019-09-05 09:36:51,0.64,0.7191,19,0.62,0.6966,8,0.62,0.6966,5,0.63,0.7078,505,0
IWM190906C150,2019-09-05,2019-09-05 09:36:51,0.65,0.7303,22,0.63,0.7078,8,0.62,0.6966,5,0.64,0.7191,505,0
IWM190906C150,2019-09-05,2019-09-05 09:36:52,0.64,0.7191,18,0.62,0.6966,8,0.62,0.6966,5,0.63,0.7078,505,0
IWM190906C150,2019-09-05,2019-09-05 09:36:52,0.64,0.7191,18,0.62,0.6966,23,0.62,0.6966,5,0.63,0.7078,505,0
IWM190906C150,2019-09-05,2019-09-05 09:36:53,0.63,0.7078,21,0.61,0.6853,8,0.62,0.6966,5,0.62,0.6966,505,0
IWM190906C150,2019-09-05,2019-09-05 09:36:53,0.63,0.7078,4,0.61,0.6853,48,0.62,0.6966,5,0.62,0.6966,505,0
IWM190906C150,2019-09-05,2019-09-05 09:36:54,0.63,0.7078,28,0.61,0.6853,41,0.62,0.6966,5,0.62,0.6966,505,0
IWM190906C150,2019-09-05,2019-09-05 09:36:54,0.63,0.7078,21,0.61,0.6853,41,0.62,0.6966,5,0.62,0.6966,505,0
IWM190906C150,2019-09-05,2019-09-05 09:36:55,0.63,0.7078,8,0.62,0.6966,12,0.62,0.6966,5,0.625,0.7022,505,0
IWM190906C150,2019-09-05,2019-09-05 09:36:56,0.64,0.7191,70,0.61,0.6853,4,0.62,0.6966,5,0.625,0.7022,505,0
IWM190906C150,2019-09-05,2019-09-05 09:36:56,0.64,0.7191,70,0.61,0.6853,42,0.62,0.6966,5,0.625,0.7022,505,0
IWM190906C150,2019-09-05,2019-09-05 09:36:57,0.63,0.7078,15,0.61,0.6853,17,0.62,0.6966,5,0.62,0.6966,505,0
IWM190906C150,2019-09-05,2019-09-05 09:36:57,0.64,0.7191,80,0.61,0.6853,26,0.62,0.6966,5,0.625,0.7022,505,0
IWM190906C150,2019-09-05,2019-09-05 09:36:58,0.64,0.7191,80,0.61,0.6853,17,0.62,0.6966,5,0.625,0.7022,505,0
IWM190906C150,2019-09-05,2019-09-05 09:36:58,0.64,0.7191,80,0.61,0.6853,26,0.62,0.6966,5,0.625,0.7022,505,0
IWM190906C150,2019-09-05,2019-09-05 09:36:59,0.64,0.7191,45,0.62,0.6966,4,0.62,0.6966,5,0.63,0.7078,505,0
IWM190906C150,2019-09-05,2019-09-05 09:36:59,0.64,0.7191,80,0.61,0.6853,17,0.62,0.6966,5,0.625,0.7022,505,0
IWM190906C150,2019-09-05,2019-09-05 09:37:00,0.64,0.7191,79,0.62,0.6966,4,0.62,0.6966,5,0.63,0.7078,505,0
IWM190906C150,2019-09-05,2019-09-05 09:37:00,0.64,0.7191,41,0.62,0.6966,41,0.62,0.6966,5,0.63,0.7078,505,0
IWM190906C150,2019-09-05,2019-09-05 09:37:01,0.64,0.7191,10,0.62,0.6966,10,0.62,0.6966,5,0.63,0.7078,505,0
IWM190906C150,2019-09-05,2019-09-05 09:37:01,0.64,0.7191,10,0.62,0.6966,16,0.62,0.6966,5,0.63,0.7078,505,0
IWM190906C150,2019-09-05,2019-09-05 09:37:02,0.64,0.7191,29,0.62,0.6966,15,0.62,0.6966,5,0.63,0.7078,505,0
IWM190906C150,2019-09-05,2019-09-05 09:37:03,0.64,0.7191,29,0.62,0.6966,15,0.62,0.6966,5,0.63,0.7078,505,0
IWM190906C150,2019-09-05,2019-09-05 09:37:03,0.64,0.7191,29,0.62,0.6966,6,0.62,0.6966,5,0.63,0.7078,505,0
IWM190906C150,2019-09-05,2019-09-05 09:37:04,0.64,0.7191,10,0.62,0.6966,55,0.62,0.6966,5,0.63,0.7078,505,0
IWM190906C150,2019-09-05,2019-09-05 09:37:04,0.64,0.7191,29,0.62,0.6966,17,0.62,0.6966,5,0.63,0.7078,505,0
IWM190906C150,2019-09-05,2019-09-05 09:37:05,0.64,0.7191,21,0.63,0.7078,16,0.62,0.6966,5,0.635,0.7134,505,0
IWM190906C150,2019-09-05,2019-09-05 09:37:05,0.64,0.7191,24,0.62,0.6966,4,0.62,0.6966,5,0.63,0.7078,505,0
IWM190906C150,2019-09-05,2019-09-05 09:37:06,0.64,0.7191,21,0.62,0.6966,161,0.62,0.6966,5,0.63,0.7078,505,0
IWM190906C150,2019-09-05,2019-09-05 09:37:06,0.64,0.7191,21,0.63,0.7078,9,0.62,0.6966,5,0.635,0.7134,505,0
IWM190906C150,2019-09-05,2019-09-05 09:37:07,0.64,0.7191,21,0.63,0.7078,50,0.62,0.6966,5,0.635,0.7134,505,0
IWM190906C150,2019-09-05,2019-09-05 09:37:07,0.64,0.7191,5,0.62,0.6966,31,0.62,0.6966,5,0.63,0.7078,505,0
IWM190906C150,2019-09-05,2019-09-05 09:37:08,0.64,0.7191,24,0.62,0.6966,4,0.62,0.6966,5,0.63,0.7078,505,0
IWM190906C150,2019-09-05,2019-09-05 09:37:09,0.63,0.7078,5,0.61,0.6853,26,0.62,0.6966,5,0.62,0.6966,505,0
IWM190906C150,2019-09-05,2019-09-05 09:37:09,0.63,0.7078,16,0.61,0.6853,45,0.62,0.6966,5,0.62,0.6966,505,0
IWM190906C150,2019-09-05,2019-09-05 09:37:10,0.63,0.7078,5,0.61,0.6853,45,0.62,0.6966,5,0.62,0.6966,505,0
IWM190906C150,2019-09-05,2019-09-05 09:37:10,0.64,0.7191,21,0.62,0.6966,19,0.62,0.6966,5,0.63,0.7078,505,0
IWM190906C150,2019-09-05,2019-09-05 09:37:11,0.64,0.7191,29,0.62,0.6966,27,0.62,0.6966,5,0.63,0.7078,505,0
IWM190906C150,2019-09-05,2019-09-05 09:37:11,0.64,0.7191,21,0.62,0.6966,10,0.62,0.6966,5,0.63,0.7078,505,0
IWM190906C150,2019-09-05,2019-09-05 09:37:12,0.64,0.7191,29,0.62,0.6966,6,0.62,0.6966,5,0.63,0.7078,505,0
IWM190906C150,2019-09-05,2019-09-05 09:37:12,0.64,0.7191,29,0.61,0.6853,44,0.62,0.6966,5,0.625,0.7022,505,0
IWM190906C150,2019-09-05,2019-09-05 09:37:13,0.64,0.7191,8,0.62,0.6966,101,0.62,0.6966,5,0.63,0.7078,505,0
IWM190906C150,2019-09-05,2019-09-05 09:37:13,0.64,0.7191,8,0.62,0.6966,23,0.62,0.6966,5,0.63,0.7078,505,0
IWM190906C150,2019-09-05,2019-09-05 09:37:14,0.64,0.7191,1,0.63,0.7078,4,0.62,0.6966,5,0.635,0.7134,505,0
IWM190906C150,2019-09-05,2019-09-05 09:37:15,0.65,0.7303,36,0.62,0.6966,48,0.63,0.7078,5,0.635,0.7134,510,0
IWM190906C150,2019-09-05,2019-09-05 09:37:15,0.64,0.7191,1,0.63,0.7078,4,0.63,0.7078,5,0.635,0.7134,510,5
IWM190906C150,2019-09-05,2019-09-05 09:37:16,0.64,0.7191,12,0.62,0.6966,4,0.63,0.7078,5,0.63,0.7078,510,0
IWM190906C150,2019-09-05,2019-09-05 09:37:16,0.65,0.7303,61,0.62,0.6966,2,0.63,0.7078,5,0.635,0.7134,510,0
IWM190906C150,2019-09-05,2019-09-05 09:37:17,0.64,0.7191,22,0.62,0.6966,4,0.63,0.7078,5,0.63,0.7078,510,0
IWM190906C150,2019-09-05,2019-09-05 09:37:17,0.64,0.7191,12,0.62,0.6966,4,0.63,0.7078,5,0.63,0.7078,510,0
IWM190906C150,2019-09-05,2019-09-05 09:37:18,0.64,0.7191,22,0.62,0.6966,4,0.63,0.7078,5,0.63,0.7078,510,0
IWM190906C150,2019-09-05,2019-09-05 09:37:18,0.64,0.7191,21,0.62,0.6966,4,0.63,0.7078,5,0.63,0.7078,510,0
IWM190906C150,2019-09-05,2019-09-05 09:37:19,0.64,0.7191,6,0.62,0.6966,36,0.63,0.7078,5,0.63,0.7078,510,0
IWM190906C150,2019-09-05,2019-09-05 09:37:19,0.64,0.7191,19,0.62,0.6966,6,0.63,0.7078,5,0.63,0.7078,510,0
IWM190906C150,2019-09-05,2019-09-05 09:37:20,0.65,0.7303,59,0.62,0.6966,32,0.63,0.7078,5,0.635,0.7134,510,0
IWM190906C150,2019-09-05,2019-09-05 09:37:20,0.64,0.7191,19,0.62,0.6966,18,0.63,0.7078,5,0.63,0.7078,510,0
IWM190906C150,2019-09-05,2019-09-05 09:37:21,0.65,0.7303,59,0.62,0.6966,32,0.63,0.7078,5,0.635,0.7134,510,0
IWM190906C150,2019-09-05,2019-09-05 09:37:21,0.65,0.7303,59,0.62,0.6966,36,0.63,0.7078,5,0.635,0.7134,510,0
IWM190906C150,2019-09-05,2019-09-05 09:37:22,0.65,0.7303,49,0.62,0.6966,32,0.63,0.7078,5,0.635,0.7134,510,0
IWM190906C150,2019-09-05,2019-09-05 09:37:22,0.65,0.7303,49,0.62,0.6966,33,0.63,0.7078,5,0.635,0.7134,510,0
IWM190906C150,2019-09-05,2019-09-05 09:37:23,0.64,0.7191,12,0.62,0.6966,32,0.63,0.7078,5,0.63,0.7078,510,0
IWM190906C150,2019-09-05,2019-09-05 09:37:24,0.65,0.7303,60,0.62,0.6966,60,0.63,0.7078,5,0.635,0.7134,510,0
IWM190906C150,2019-09-05,2019-09-05 09:37:24,0.65,0.7303,60,0.62,0.6966,46,0.63,0.7078,5,0.635,0.7134,510,0
IWM190906C150,2019-09-05,2019-09-05 09:37:25,0.65,0.7303,62,0.62,0.6966,46,0.63,0.7078,5,0.635,0.7134,510,0
IWM190906C150,2019-09-05,2019-09-05 09:37:25,0.65,0.7303,60,0.62,0.6966,46,0.63,0.7078,5,0.635,0.7134,510,0
IWM190906C150,2019-09-05,2019-09-05 09:37:26,0.65,0.7303,10,0.63,0.7078,38,0.63,0.7078,5,0.64,0.7191,510,0
IWM190906C150,2019-09-05,2019-09-05 09:37:26,0.65,0.7303,62,0.62,0.6966,35,0.63,0.7078,5,0.635,0.7134,510,0
IWM190906C150,2019-09-05,2019-09-05 09:37:27,0.65,0.7303,6,0.63,0.7078,38,0.63,0.7078,5,0.64,0.7191,510,0
IWM190906C150,2019-09-05,2019-09-05 09:37:28,0.65,0.7303,5,0.63,0.7078,12,0.63,0.7078,5,0.64,0.7191,510,0
IWM190906C150,2019-09-05,2019-09-05 09:37:28,0.65,0.7303,5,0.63,0.7078,38,0.63,0.7078,5,0.64,0.7191,510,0
IWM190906C150,2019-09-05,2019-09-05 09:37:29,0.65,0.7303,18,0.63,0.7078,8,0.63,0.7078,5,0.64,0.7191,510,0
IWM190906C150,2019-09-05,2019-09-05 09:37:29,0.65,0.7303,44,0.63,0.7078,12,0.63,0.7078,5,0.64,0.7191,510,0
IWM190906C150,2019-09-05,2019-09-05 09:37:30,0.65,0.7303,18,0.62,0.6966,45,0.63,0.7078,5,0.635,0.7134,510,0
IWM190906C150,2019-09-05,2019-09-05 09:37:31,0.65,0.7303,18,0.62,0.6966,99,0.63,0.7078,5,0.635,0.7134,510,0
IWM190906C150,2019-09-05,2019-09-05 09:37:31,0.65,0.7303,22,0.63,0.7078,12,0.63,0.7078,5,0.64,0.7191,510,0
IWM190906C150,2019-09-05,2019-09-05 09:37:32,0.65,0.7303,18,0.63,0.7078,14,0.63,0.7078,5,0.64,0.7191,510,0
IWM190906C150,2019-09-05,2019-09-05 09:37:32,0.65,0.7303,18,0.63,0.7078,17,0.63,0.7078,5,0.64,0.7191,510,0
IWM190906C150,2019-09-05,2019-09-05 09:37:33,0.65,0.7303,18,0.63,0.7078,20,0.63,0.7078,5,0.64,0.7191,510,0
IWM190906C150,2019-09-05,2019-09-05 09:37:34,0.65,0.7303,12,0.63,0.7078,52,0.63,0.7078,5,0.64,0.7191,510,0
IWM190906C150,2019-09-05,2019-09-05 09:37:34,0.66,0.7415,53,0.63,0.7078,63,0.63,0.7078,5,0.645,0.7247,510,0
IWM190906C150,2019-09-05,2019-09-05 09:37:35,0.66,0.7415,47,0.64,0.7191,44,0.63,0.7078,5,0.65,0.7303,510,0
IWM190906C150,2019-09-05,2019-09-05 09:37:35,0.65,0.7303,12,0.64,0.7191,4,0.63,0.7078,5,0.645,0.7247,510,0
IWM190906C150,2019-09-05,2019-09-05 09:37:36,0.67,0.7528,76,0.64,0.7191,37,0.63,0.7078,5,0.655,0.7359,510,0
IWM190906C150,2019-09-05,2019-09-05 09:37:36,0.66,0.7415,47,0.64,0.7191,12,0.63,0.7078,5,0.65,0.7303,510,0
IWM190906C150,2019-09-05,2019-09-05 09:37:37,0.66,0.7415,5,0.64,0.7191,45,0.63,0.7078,5,0.65,0.7303,510,0
IWM190906C150,2019-09-05,2019-09-05 09:37:37,0.66,0.7415,6,0.64,0.7191,45,0.63,0.7078,5,0.65,0.7303,510,0
IWM190906C150,2019-09-05,2019-09-05 09:37:38,0.66,0.7415,18,0.64,0.7191,45,0.63,0.7078,5,0.65,0.7303,510,0
IWM190906C150,2019-09-05,2019-09-05 09:37:38,0.66,0.7415,36,0.64,0.7191,4,0.63,0.7078,5,0.65,0.7303,510,0
IWM190906C150,2019-09-05,2019-09-05 09:37:39,0.66,0.7415,37,0.64,0.7191,12,0.63,0.7078,5,0.65,0.7303,510,0
IWM190906C150,2019-09-05,2019-09-05 09:37:39,0.66,0.7415,36,0.64,0.7191,4,0.63,0.7078,5,0.65,0.7303,510,0
IWM190906C150,2019-09-05,2019-09-05 09:37:40,0.66,0.7415,37,0.64,0.7191,12,0.63,0.7078,5,0.65,0.7303,510,0
IWM190906C150,2019-09-05,2019-09-05 09:37:40,0.66,0.7415,37,0.63,0.7078,78,0.63,0.7078,5,0.645,0.7247,510,0
IWM190906C150,2019-09-05,2019-09-05 09:37:41,0.66,0.7415,38,0.64,0.7191,5,0.63,0.7078,5,0.65,0.7303,510,0
IWM190906C150,2019-09-05,2019-09-05 09:37:42,0.66,0.7415,38,0.64,0.7191,5,0.63,0.7078,5,0.65,0.7303,510,0
IWM190906C150,2019-09-05,2019-09-05 09:37:42,0.66,0.7415,38,0.64,0.7191,10,0.63,0.7078,5,0.65,0.7303,510,0
IWM190906C150,2019-09-05,2019-09-05 09:37:43,0.66,0.7415,38,0.64,0.7191,10,0.63,0.7078,5,0.65,0.7303,510,0
IWM190906C150,2019-09-05,2019-09-05 09:37:43,0.66,0.7415,18,0.64,0.7191,10,0.63,0.7078,5,0.65,0.7303,510,0
IWM190906C150,2019-09-05,2019-09-05 09:37:44,0.66,0.7415,50,0.64,0.7191,17,0.63,0.7078,5,0.65,0.7303,510,0
IWM190906C150,2019-09-05,2019-09-05 09:37:44,0.66,0.7415,28,0.64,0.7191,17,0.63,0.7078,5,0.65,0.7303,510,0
IWM190906C150,2019-09-05,2019-09-05 09:37:45,0.66,0.7415,20,0.64,0.7191,35,0.63,0.7078,5,0.65,0.7303,510,0
IWM190906C150,2019-09-05,2019-09-05 09:37:45,0.66,0.7415,20,0.65,0.7303,1,0.63,0.7078,5,0.655,0.7359,510,0
IWM190906C150,2019-09-05,2019-09-05 09:37:46,0.66,0.7415,20,0.65,0.7303,1,0.63,0.7078,5,0.655,0.7359,510,0
IWM190906C150,2019-09-05,2019-09-05 09:37:46,0.66,0.7415,24,0.64,0.7191,13,0.63,0.7078,5,0.65,0.7303,510,0
IWM190906C150,2019-09-05,2019-09-05 09:37:47,0.66,0.7415,24,0.64,0.7191,47,0.63,0.7078,5,0.65,0.7303,510,0
IWM190906C150,2019-09-05,2019-09-05 09:37:47,0.66,0.7415,24,0.64,0.7191,17,0.63,0.7078,5,0.65,0.7303,510,0
IWM190906C150,2019-09-05,2019-09-05 09:37:48,0.66,0.7415,20,0.64,0.7191,47,0.63,0.7078,5,0.65,0.7303,510,0
IWM190906C150,2019-09-05,2019-09-05 09:37:49,0.66,0.7415,17,0.64,0.7191,138,0.63,0.7078,5,0.65,0.7303,510,0
IWM190906C150,2019-09-05,2019-09-05 09:37:49,0.66,0.7415,35,0.64,0.7191,53,0.63,0.7078,5,0.65,0.7303,510,0
IWM190906C150,2019-09-05,2019-09-05 09:37:50,0.67,0.7528,29,0.65,0.7303,21,0.63,0.7078,5,0.66,0.7415,510,0
IWM190906C150,2019-09-05,2019-09-05 09:37:50,0.66,0.7415,26,0.64,0.7191,44,0.63,0.7078,5,0.65,0.7303,510,0
IWM190906C150,2019-09-05,2019-09-05 09:37:51,0.67,0.7528,29,0.65,0.7303,30,0.63,0.7078,5,0.66,0.7415,510,0
IWM190906C150,2019-09-05,2019-09-05 09:37:51,0.67,0.7528,29,0.65,0.7303,42,0.63,0.7078,5,0.66,0.7415,510,0
IWM190906C150,2019-09-05,2019-09-05 09:37:52,0.67,0.7528,10,0.65,0.7303,27,0.63,0.7078,5,0.66,0.7415,510,0
IWM190906C150,2019-09-05,2019-09-05 09:37:53,0.66,0.7415,6,0.64,0.7191,79,0.63,0.7078,5,0.65,0.7303,510,0
IWM190906C150,2019-09-05,2019-09-05 09:37:53,0.67,0.7528,34,0.65,0.7303,27,0.63,0.7078,5,0.66,0.7415,510,0
IWM190906C150,2019-09-05,2019-09-05 09:37:54,0.66,0.7415,19,0.64,0.7191,17,0.63,0.7078,5,0.65,0.7303,510,0
IWM190906C150,2019-09-05,2019-09-05 09:37:55,0.66,0.7415,31,0.63,0.7078,47,0.63,0.7078,5,0.645,0.7247,510,0
IWM190906C150,2019-09-05,2019-09-05 09:37:55,0.66,0.7415,73,0.63,0.7078,47,0.63,0.7078,5,0.645,0.7247,510,0
IWM190906C150,2019-09-05,2019-09-05 09:37:56,0.66,0.7415,38,0.64,0.7191,39,0.63,0.7078,5,0.65,0.7303,510,0
IWM190906C150,2019-09-05,2019-09-05 09:37:56,0.66,0.7415,53,0.63,0.7078,57,0.63,0.7078,5,0.645,0.7247,510,0
IWM190906C150,2019-09-05,2019-09-05 09:37:57,0.67,0.7528,52,0.65,0.7303,31,0.63,0.7078,5,0.66,0.7415,510,0
IWM190906C150,2019-09-05,2019-09-05 09:37:57,0.67,0.7528,63,0.65,0.7303,4,0.63,0.7078,5,0.66,0.7415,510,0
IWM190906C150,2019-09-05,2019-09-05 09:37:58,0.67,0.7528,22,0.65,0.7303,31,0.63,0.7078,5,0.66,0.7415,510,0
IWM190906C150,2019-09-05,2019-09-05 09:37:59,0.67,0.7528,10,0.65,0.7303,42,0.63,0.7078,5,0.66,0.7415,510,0
IWM190906C150,2019-09-05,2019-09-05 09:37:59,0.68,0.764,23,0.65,0.7303,42,0.63,0.7078,5,0.665,0.7471,510,0
IWM190906C150,2019-09-05,2019-09-05 09:38:00,0.67,0.7528,10,0.65,0.7303,145,0.63,0.7078,5,0.66,0.7415,510,0
IWM190906C150,2019-09-05,2019-09-05 09:38:00,0.67,0.7528,10,0.65,0.7303,132,0.63,0.7078,5,0.66,0.7415,510,0
IWM190906C150,2019-09-05,2019-09-05 09:38:01,0.69,0.7752,88,0.65,0.7303,145,0.63,0.7078,5,0.67,0.7528,510,0
IWM190906C150,2019-09-05,2019-09-05 09:38:01,0.67,0.7528,10,0.65,0.7303,145,0.63,0.7078,5,0.66,0.7415,510,0
IWM190906C150,2019-09-05,2019-09-05 09:38:02,0.68,0.764,10,0.67,0.7528,4,0.63,0.7078,5,0.675,0.7584,510,0
IWM190906C150,2019-09-05,2019-09-05 09:38:02,0.69,0.7752,99,0.65,0.7303,145,0.63,0.7078,5,0.67,0.7528,510,0
IWM190906C150,2019-09-05,2019-09-05 09:38:03,0.68,0.764,4,0.67,0.7528,2,0.63,0.7078,5,0.675,0.7584,510,0
IWM190906C150,2019-09-05,2019-09-05 09:38:03,0.68,0.764,4,0.67,0.7528,5,0.63,0.7078,5,0.675,0.7584,510,0
IWM190906C150,2019-09-05,2019-09-05 09:38:04,0.67,0.7528,120,0.66,0.7415,38,0.67,0.7528,1,0.665,0.7471,512,2
IWM190906C150,2019-09-05,2019-09-05 09:38:04,0.68,0.764,4,0.67,0.7528,1,0.63,0.7078,5,0.675,0.7584,510,0
IWM190906C150,2019-09-05,2019-09-05 09:38:05,0.67,0.7528,120,0.66,0.7415,60,0.67,0.7528,1,0.665,0.7471,512,0
IWM190906C150,2019-09-05,2019-09-05 09:38:05,0.67,0.7528,120,0.66,0.7415,31,0.67,0.7528,1,0.665,0.7471,512,0
IWM190906C150,2019-09-05,2019-09-05 09:38:06,0.68,0.764,10,0.66,0.7415,29,0.66,0.7415,68,0.67,0.7528,1576,0
IWM190906C150,2019-09-05,2019-09-05 09:38:06,0.68,0.764,8,0.66,0.7415,29,0.66,0.7415,68,0.67,0.7528,1576,1064
IWM190906C150,2019-09-05,2019-09-05 09:38:07,0.68,0.764,10,0.66,0.7415,13,0.66,0.7415,68,0.67,0.7528,1576,0
IWM190906C150,2019-09-05,2019-09-05 09:38:07,0.68,0.764,10,0.66,0.7415,29,0.66,0.7415,68,0.67,0.7528,1576,0
IWM190906C150,2019-09-05,2019-09-05 09:38:08,0.69,0.7752,22,0.66,0.7415,4,0.66,0.7415,68,0.675,0.7584,1576,0
IWM190906C150,2019-09-05,2019-09-05 09:38:08,0.68,0.764,20,0.66,0.7415,4,0.66,0.7415,68,0.67,0.7528,1576,0
IWM190906C150,2019-09-05,2019-09-05 09:38:09,0.69,0.7752,70,0.66,0.7415,19,0.66,0.7415,68,0.675,0.7584,1576,0
IWM190906C150,2019-09-05,2019-09-05 09:38:09,0.68,0.764,4,0.66,0.7415,4,0.66,0.7415,68,0.67,0.7528,1576,0
IWM190906C150,2019-09-05,2019-09-05 09:38:10,0.7,0.7865,18,0.68,0.764,5,0.66,0.7415,68,0.69,0.7752,1576,0
IWM190906C150,2019-09-05,2019-09-05 09:38:10,0.69,0.7752,46,0.67,0.7528,5,0.66,0.7415,68,0.68,0.764,1576,0
IWM190906C150,2019-09-05,2019-09-05 09:38:11,0.72,0.8089,11,0.7,0.7865,10,0.66,0.7415,68,0.71,0.7977,1576,0
IWM190906C150,2019-09-05,2019-09-05 09:38:11,0.71,0.7977,18,0.69,0.7752,2,0.66,0.7415,68,0.7,0.7865,1576,0
IWM190906C150,2019-09-05,2019-09-05 09:38:12,0.72,0.8089,4,0.69,0.7752,31,0.66,0.7415,68,0.705,0.7921,1576,0
IWM190906C150,2019-09-05,2019-09-05 09:38:12,0.72,0.8089,10,0.7,0.7865,10,0.66,0.7415,68,0.71,0.7977,1576,0
IWM190906C150,2019-09-05,2019-09-05 09:38:13,0.72,0.8089,8,0.7,0.7865,16,0.66,0.7415,68,0.71,0.7977,1576,0
IWM190906C150,2019-09-05,2019-09-05 09:38:14,0.73,0.8202,7,0.71,0.7977,4,0.66,0.7415,68,0.72,0.8089,1576,0
IWM190906C150,2019-09-05,2019-09-05 09:38:14,0.73,0.8202,4,0.71,0.7977,16,0.66,0.7415,68,0.72,0.8089,1576,0
IWM190906C150,2019-09-05,2019-09-05 09:38:15,0.74,0.8314,20,0.71,0.7977,53,0.66,0.7415,68,0.725,0.8146,1576,0
IWM190906C150,2019-09-05,2019-09-05 09:38:16,0.74,0.8314,30,0.71,0.7977,36,0.66,0.7415,68,0.725,0.8146,1576,0
IWM190906C150,2019-09-05,2019-09-05 09:38:16,0.74,0.8314,30,0.71,0.7977,63,0.66,0.7415,68,0.725,0.8146,1576,0
IWM190906C150,2019-09-05,2019-09-05 09:38:17,0.74,0.8314,24,0.71,0.7977,57,0.66,0.7415,68,0.725,0.8146,1576,0
IWM190906C150,2019-09-05,2019-09-05 09:38:17,0.74,0.8314,30,0.71,0.7977,73,0.66,0.7415,68,0.725,0.8146,1576,0
IWM190906C150,2019-09-05,2019-09-05 09:38:18,0.73,0.8202,27,0.7,0.7865,93,0.66,0.7415,68,0.715,0.8033,1576,0
IWM190906C150,2019-09-05,2019-09-05 09:38:18,0.73,0.8202,10,0.71,0.7977,50,0.66,0.7415,68,0.72,0.8089,1576,0
IWM190906C150,2019-09-05,2019-09-05 09:38:19,0.72,0.8089,27,0.69,0.7752,219,0.66,0.7415,68,0.705,0.7921,1576,0
IWM190906C150,2019-09-05,2019-09-05 09:38:19,0.73,0.8202,10,0.7,0.7865,34,0.66,0.7415,68,0.715,0.8033,1576,0
IWM190906C150,2019-09-05,2019-09-05 09:38:20,0.72,0.8089,27,0.7,0.7865,14,0.66,0.7415,68,0.71,0.7977,1576,0
IWM190906C150,2019-09-05,2019-09-05 09:38:20,0.71,0.7977,20,0.69,0.7752,116,0.66,0.7415,68,0.7,0.7865,1576,0
IWM190906C150,2019-09-05,2019-09-05 09:38:21,0.7,0.7865,20,0.68,0.764,16,0.66,0.7415,68,0.69,0.7752,1576,0
IWM190906C150,2019-09-05,2019-09-05 09:38:21,0.7,0.7865,20,0.68,0.764,34,0.66,0.7415,68,0.69,0.7752,1576,0
IWM190906C150,2019-09-05,2019-09-05 09:38:22,0.7,0.7865,7,0.68,0.764,16,0.66,0.7415,68,0.69,0.7752,1576,0
IWM190906C150,2019-09-05,2019-09-05 09:38:23,0.7,0.7865,7,0.68,0.764,28,0.66,0.7415,68,0.69,0.7752,1576,0
IWM190906C150,2019-09-05,2019-09-05 09:38:23,0.7,0.7865,7,0.68,0.764,175,0.66,0.7415,68,0.69,0.7752,1576,0
IWM190906C150,2019-09-05,2019-09-05 09:38:24,0.71,0.7977,7,0.69,0.7752,22,0.66,0.7415,68,0.7,0.7865,1576,0
IWM190906C150,2019-09-05,2019-09-05 09:38:25,0.71,0.7977,20,0.69,0.7752,42,0.66,0.7415,68,0.7,0.7865,1576,0
IWM190906C150,2019-09-05,2019-09-05 09:38:25,0.71,0.7977,20,0.69,0.7752,62,0.66,0.7415,68,0.7,0.7865,1576,0
IWM190906C150,2019-09-05,2019-09-05 09:38:26,0.71,0.7977,7,0.69,0.7752,28,0.66,0.7415,68,0.7,0.7865,1576,0
IWM190906C150,2019-09-05,2019-09-05 09:38:26,0.71,0.7977,7,0.69,0.7752,7,0.66,0.7415,68,0.7,0.7865,1576,0
IWM190906C150,2019-09-05,2019-09-05 09:38:27,0.71,0.7977,10,0.68,0.764,161,0.66,0.7415,68,0.695,0.7808,1576,0
IWM190906C150,2019-09-05,2019-09-05 09:38:28,0.68,0.764,7,0.66,0.7415,31,0.66,0.7415,68,0.67,0.7528,1576,0
IWM190906C150,2019-09-05,2019-09-05 09:38:28,0.69,0.7752,20,0.68,0.764,73,0.66,0.7415,68,0.685,0.7696,1576,0
IWM190906C150,2019-09-05,2019-09-05 09:38:29,0.68,0.764,7,0.66,0.7415,56,0.66,0.7415,68,0.67,0.7528,1576,0
IWM190906C150,2019-09-05,2019-09-05 09:38:30,0.68,0.764,4,0.66,0.7415,4,0.66,0.7415,68,0.67,0.7528,1576,0
IWM190906C150,2019-09-05,2019-09-05 09:38:31,0.68,0.764,4,0.65,0.7303,144,0.66,0.7415,68,0.665,0.7471,1576,0
IWM190906C150,2019-09-05,2019-09-05 09:38:31,0.68,0.764,4,0.66,0.7415,38,0.66,0.7415,68,0.67,0.7528,1576,0
IWM190906C150,2019-09-05,2019-09-05 09:38:32,0.68,0.764,20,0.66,0.7415,40,0.66,0.7415,68,0.67,0.7528,1576,0
IWM190906C150,2019-09-05,2019-09-05 09:38:32,0.68,0.764,20,0.65,0.7303,218,0.66,0.7415,68,0.665,0.7471,1576,0
IWM190906C150,2019-09-05,2019-09-05 09:38:33,0.68,0.764,20,0.66,0.7415,40,0.66,0.7415,68,0.67,0.7528,1576,0
IWM190906C150,2019-09-05,2019-09-05 09:38:33,0.68,0.764,20,0.65,0.7303,165,0.66,0.7415,68,0.665,0.7471,1576,0
IWM190906C150,2019-09-05,2019-09-05 09:38:34,0.68,0.764,28,0.65,0.7303,175,0.66,0.7415,68,0.665,0.7471,1576,0
IWM190906C150,2019-09-05,2019-09-05 09:38:34,0.68,0.764,20,0.65,0.7303,153,0.66,0.7415,68,0.665,0.7471,1576,0
IWM190906C150,2019-09-05,2019-09-05 09:38:35,0.68,0.764,32,0.65,0.7303,217,0.66,0.7415,68,0.665,0.7471,1576,0
IWM190906C150,2019-09-05,2019-09-05 09:38:35,0.68,0.764,20,0.65,0.7303,70,0.66,0.7415,68,0.665,0.7471,1576,0
IWM190906C150,2019-09-05,2019-09-05 09:38:36,0.68,0.764,20,0.65,0.7303,127,0.66,0.7415,68,0.665,0.7471,1576,0
IWM190906C150,2019-09-05,2019-09-05 09:38:36,0.68,0.764,20,0.65,0.7303,31,0.66,0.7415,68,0.665,0.7471,1576,0
IWM190906C150,2019-09-05,2019-09-05 09:38:37,0.67,0.7528,5,0.66,0.7415,15,0.66,0.7415,68,0.665,0.7471,1576,0
IWM190906C150,2019-09-05,2019-09-05 09:38:37,0.67,0.7528,5,0.65,0.7303,31,0.66,0.7415,68,0.66,0.7415,1576,0
IWM190906C150,2019-09-05,2019-09-05 09:38:38,0.67,0.7528,20,0.65,0.7303,31,0.66,0.7415,68,0.66,0.7415,1576,0
IWM190906C150,2019-09-05,2019-09-05 09:38:39,0.67,0.7528,20,0.65,0.7303,15,0.66,0.7415,68,0.66,0.7415,1576,0
IWM190906C150,2019-09-05,2019-09-05 09:38:40,0.66,0.7415,5,0.64,0.7191,41,0.66,0.7415,68,0.65,0.7303,1576,0
IWM190906C150,2019-09-05,2019-09-05 09:38:40,0.66,0.7415,10,0.63,0.7078,80,0.66,0.7415,68,0.645,0.7247,1576,0
IWM190906C150,2019-09-05,2019-09-05 09:38:41,0.67,0.7528,12,0.64,0.7191,99,0.66,0.7415,68,0.655,0.7359,1576,0
IWM190906C150,2019-09-05,2019-09-05 09:38:42,0.67,0.7528,11,0.65,0.7303,12,0.66,0.7415,68,0.66,0.7415,1576,0
IWM190906C150,2019-09-05,2019-09-05 09:38:42,0.67,0.7528,20,0.65,0.7303,12,0.66,0.7415,68,0.66,0.7415,1576,0
IWM190906C150,2019-09-05,2019-09-05 09:38:43,0.67,0.7528,11,0.65,0.7303,11,0.66,0.7415,68,0.66,0.7415,1576,0
IWM190906C150,2019-09-05,2019-09-05 09:38:43,0.67,0.7528,11,0.65,0.7303,29,0.66,0.7415,68,0.66,0.7415,1576,0
IWM190906C150,2019-09-05,2019-09-05 09:38:44,0.67,0.7528,11,0.65,0.7303,10,0.66,0.7415,68,0.66,0.7415,1576,0
IWM190906C150,2019-09-05,2019-09-05 09:38:44,0.67,0.7528,11,0.65,0.7303,23,0.66,0.7415,68,0.66,0.7415,1576,0
IWM190906C150,2019-09-05,2019-09-05 09:38:45,0.68,0.764,196,0.66,0.7415,10,0.66,0.7415,68,0.67,0.7528,1576,0
IWM190906C150,2019-09-05,2019-09-05 09:38:46,0.67,0.7528,6,0.66,0.7415,2,0.66,0.7415,1,0.665,0.7471,1578,0
IWM190906C150,2019-09-05,2019-09-05 09:38:46,0.68,0.764,194,0.66,0.7415,10,0.66,0.7415,1,0.67,0.7528,1578,2
IWM190906C150,2019-09-05,2019-09-05 09:38:47,0.67,0.7528,28,0.65,0.7303,10,0.66,0.7415,1,0.66,0.7415,1578,0
IWM190906C150,2019-09-05,2019-09-05 09:38:47,0.67,0.7528,20,0.64,0.7191,151,0.66,0.7415,1,0.655,0.7359,1578,0
