symbol,Date,quote_time,ask_price,norm_ask_price,ask_size,bid_price,norm_bid_price,bid_size,last_trade_price,norm_last_trade_price,last_trade_size,mark_price,norm_mark_price,volume,Volume
IWM191115C160,2019-11-08,2019-11-08 09:30:01,0.6,1.0,39,0.51,0.85,39,0.71,1.1833,31,0.555,0.925,0,0
IWM191115C160,2019-11-08,2019-11-08 09:30:01,0.61,1.0166,39,0.53,0.8833,26,0.71,1.1833,31,0.57,0.95,0,0
IWM191115C160,2019-11-08,2019-11-08 09:30:02,0.61,1.0166,39,0.53,0.8833,26,0.71,1.1833,31,0.57,0.95,0,0
IWM191115C160,2019-11-08,2019-11-08 09:30:03,0.59,0.9833,75,0.53,0.8833,90,0.71,1.1833,31,0.56,0.9333,0,0
IWM191115C160,2019-11-08,2019-11-08 09:30:04,0.6,1.0,455,0.53,0.8833,352,0.71,1.1833,31,0.565,0.9416,0,0
IWM191115C160,2019-11-08,2019-11-08 09:30:05,0.59,0.9833,325,0.53,0.8833,372,0.71,1.1833,31,0.56,0.9333,0,0
IWM191115C160,2019-11-08,2019-11-08 09:30:06,0.59,0.9833,75,0.54,0.9,37,0.71,1.1833,31,0.565,0.9416,0,0
IWM191115C160,2019-11-08,2019-11-08 09:30:06,0.59,0.9833,325,0.53,0.8833,372,0.71,1.1833,31,0.56,0.9333,0,0
IWM191115C160,2019-11-08,2019-11-08 09:30:07,0.59,0.9833,75,0.54,0.9,37,0.71,1.1833,31,0.565,0.9416,0,0
IWM191115C160,2019-11-08,2019-11-08 09:30:08,0.59,0.9833,75,0.54,0.9,37,0.71,1.1833,31,0.565,0.9416,0,0
IWM191115C160,2019-11-08,2019-11-08 09:30:09,0.59,0.9833,252,0.54,0.9,37,0.71,1.1833,31,0.565,0.9416,0,0
IWM191115C160,2019-11-08,2019-11-08 09:30:10,0.59,0.9833,426,0.54,0.9,56,0.51,0.85,5,0.565,0.9416,5,0
IWM191115C160,2019-11-08,2019-11-08 09:30:10,0.59,0.9833,668,0.54,0.9,56,0.51,0.85,5,0.565,0.9416,5,5
IWM191115C160,2019-11-08,2019-11-08 09:30:11,0.59,0.9833,459,0.54,0.9,75,0.51,0.85,5,0.565,0.9416,5,0
IWM191115C160,2019-11-08,2019-11-08 09:30:11,0.59,0.9833,209,0.54,0.9,353,0.51,0.85,5,0.565,0.9416,5,0
IWM191115C160,2019-11-08,2019-11-08 09:30:12,0.59,0.9833,89,0.54,0.9,148,0.51,0.85,5,0.565,0.9416,5,0
IWM191115C160,2019-11-08,2019-11-08 09:30:12,0.59,0.9833,382,0.54,0.9,76,0.51,0.85,5,0.565,0.9416,5,0
IWM191115C160,2019-11-08,2019-11-08 09:30:13,0.58,0.9666,331,0.53,0.8833,76,0.51,0.85,5,0.555,0.925,5,0
IWM191115C160,2019-11-08,2019-11-08 09:30:13,0.58,0.9666,90,0.53,0.8833,109,0.51,0.85,5,0.555,0.925,5,0
IWM191115C160,2019-11-08,2019-11-08 09:30:14,0.58,0.9666,380,0.53,0.8833,76,0.51,0.85,5,0.555,0.925,5,0
IWM191115C160,2019-11-08,2019-11-08 09:30:14,0.57,0.95,75,0.52,0.8666,75,0.51,0.85,5,0.545,0.9083,5,0
IWM191115C160,2019-11-08,2019-11-08 09:30:15,0.57,0.95,382,0.52,0.8666,76,0.51,0.85,5,0.545,0.9083,5,0
IWM191115C160,2019-11-08,2019-11-08 09:30:16,0.55,0.9166,20,0.51,0.85,276,0.51,0.85,5,0.53,0.8833,5,0
IWM191115C160,2019-11-08,2019-11-08 09:30:16,0.57,0.95,406,0.52,0.8666,60,0.51,0.85,5,0.545,0.9083,5,0
IWM191115C160,2019-11-08,2019-11-08 09:30:17,0.55,0.9166,321,0.5,0.8333,441,0.51,0.85,5,0.525,0.875,5,0
IWM191115C160,2019-11-08,2019-11-08 09:30:17,0.55,0.9166,444,0.5,0.8333,441,0.51,0.85,5,0.525,0.875,5,0
IWM191115C160,2019-11-08,2019-11-08 09:30:18,0.53,0.8833,76,0.47,0.7833,57,0.51,0.85,5,0.5,0.8333,5,0
IWM191115C160,2019-11-08,2019-11-08 09:30:18,0.54,0.9,83,0.49,0.8166,460,0.51,0.85,5,0.515,0.8583,5,0
IWM191115C160,2019-11-08,2019-11-08 09:30:19,0.52,0.8666,395,0.48,0.8,105,0.51,0.85,5,0.5,0.8333,5,0
IWM191115C160,2019-11-08,2019-11-08 09:30:19,0.52,0.8666,102,0.48,0.8,57,0.51,0.85,5,0.5,0.8333,5,0
IWM191115C160,2019-11-08,2019-11-08 09:30:20,0.52,0.8666,30,0.48,0.8,57,0.51,0.85,5,0.5,0.8333,5,0
IWM191115C160,2019-11-08,2019-11-08 09:30:20,0.52,0.8666,36,0.49,0.8166,30,0.51,0.85,5,0.505,0.8416,5,0
IWM191115C160,2019-11-08,2019-11-08 09:30:21,0.54,0.9,313,0.49,0.8166,57,0.51,0.85,5,0.515,0.8583,5,0
IWM191115C160,2019-11-08,2019-11-08 09:30:21,0.51,0.85,1,0.49,0.8166,30,0.51,0.85,5,0.5,0.8333,5,0
IWM191115C160,2019-11-08,2019-11-08 09:30:22,0.55,0.9166,20,0.52,0.8666,57,0.51,0.85,5,0.535,0.8916,5,0
IWM191115C160,2019-11-08,2019-11-08 09:30:22,0.54,0.9,20,0.51,0.85,57,0.51,0.85,5,0.525,0.875,5,0
IWM191115C160,2019-11-08,2019-11-08 09:30:23,0.56,0.9333,2,0.52,0.8666,110,0.51,0.85,5,0.54,0.9,5,0
IWM191115C160,2019-11-08,2019-11-08 09:30:23,0.56,0.9333,80,0.52,0.8666,110,0.51,0.85,5,0.54,0.9,5,0
IWM191115C160,2019-11-08,2019-11-08 09:30:24,0.55,0.9166,178,0.52,0.8666,1,0.51,0.85,5,0.535,0.8916,5,0
IWM191115C160,2019-11-08,2019-11-08 09:30:25,0.55,0.9166,273,0.52,0.8666,20,0.51,0.85,5,0.535,0.8916,5,0
IWM191115C160,2019-11-08,2019-11-08 09:30:25,0.55,0.9166,398,0.52,0.8666,20,0.51,0.85,5,0.535,0.8916,5,0
IWM191115C160,2019-11-08,2019-11-08 09:30:26,0.55,0.9166,224,0.52,0.8666,30,0.51,0.85,5,0.535,0.8916,5,0
IWM191115C160,2019-11-08,2019-11-08 09:30:26,0.55,0.9166,486,0.52,0.8666,20,0.51,0.85,5,0.535,0.8916,5,0
IWM191115C160,2019-11-08,2019-11-08 09:30:27,0.54,0.9,204,0.51,0.85,57,0.51,0.85,5,0.525,0.875,5,0
IWM191115C160,2019-11-08,2019-11-08 09:30:28,0.53,0.8833,150,0.5,0.8333,225,0.51,0.85,5,0.515,0.8583,5,0
IWM191115C160,2019-11-08,2019-11-08 09:30:28,0.53,0.8833,1,0.5,0.8333,267,0.51,0.85,5,0.515,0.8583,5,0
IWM191115C160,2019-11-08,2019-11-08 09:30:29,0.53,0.8833,150,0.5,0.8333,225,0.51,0.85,5,0.515,0.8583,5,0
IWM191115C160,2019-11-08,2019-11-08 09:30:30,0.53,0.8833,164,0.5,0.8333,159,0.51,0.85,5,0.515,0.8583,5,0
IWM191115C160,2019-11-08,2019-11-08 09:30:30,0.53,0.8833,150,0.5,0.8333,159,0.51,0.85,5,0.515,0.8583,5,0
IWM191115C160,2019-11-08,2019-11-08 09:30:31,0.53,0.8833,199,0.5,0.8333,432,0.51,0.85,5,0.515,0.8583,5,0
IWM191115C160,2019-11-08,2019-11-08 09:30:32,0.53,0.8833,199,0.5,0.8333,115,0.51,0.85,5,0.515,0.8583,5,0
IWM191115C160,2019-11-08,2019-11-08 09:30:32,0.53,0.8833,231,0.5,0.8333,115,0.51,0.85,5,0.515,0.8583,5,0
IWM191115C160,2019-11-08,2019-11-08 09:30:33,0.53,0.8833,669,0.49,0.8166,328,0.51,0.85,5,0.51,0.85,5,0
IWM191115C160,2019-11-08,2019-11-08 09:30:33,0.53,0.8833,665,0.49,0.8166,338,0.51,0.85,5,0.51,0.85,5,0
IWM191115C160,2019-11-08,2019-11-08 09:30:34,0.53,0.8833,507,0.49,0.8166,571,0.51,0.85,5,0.51,0.85,5,0
IWM191115C160,2019-11-08,2019-11-08 09:30:35,0.53,0.8833,379,0.5,0.8333,236,0.51,0.85,5,0.515,0.8583,5,0
IWM191115C160,2019-11-08,2019-11-08 09:30:35,0.53,0.8833,673,0.49,0.8166,805,0.51,0.85,5,0.51,0.85,5,0
IWM191115C160,2019-11-08,2019-11-08 09:30:36,0.53,0.8833,92,0.5,0.8333,498,0.51,0.85,5,0.515,0.8583,5,0
IWM191115C160,2019-11-08,2019-11-08 09:30:36,0.53,0.8833,392,0.5,0.8333,236,0.51,0.85,5,0.515,0.8583,5,0
IWM191115C160,2019-11-08,2019-11-08 09:30:37,0.53,0.8833,181,0.5,0.8333,258,0.51,0.85,5,0.515,0.8583,5,0
IWM191115C160,2019-11-08,2019-11-08 09:30:37,0.53,0.8833,113,0.5,0.8333,645,0.51,0.85,5,0.515,0.8583,5,0
IWM191115C160,2019-11-08,2019-11-08 09:30:38,0.53,0.8833,340,0.5,0.8333,351,0.51,0.85,5,0.515,0.8583,5,0
IWM191115C160,2019-11-08,2019-11-08 09:30:38,0.53,0.8833,113,0.5,0.8333,645,0.51,0.85,5,0.515,0.8583,5,0
IWM191115C160,2019-11-08,2019-11-08 09:30:39,0.53,0.8833,374,0.5,0.8333,351,0.51,0.85,5,0.515,0.8583,5,0
IWM191115C160,2019-11-08,2019-11-08 09:30:39,0.53,0.8833,67,0.5,0.8333,281,0.51,0.85,5,0.515,0.8583,5,0
IWM191115C160,2019-11-08,2019-11-08 09:30:40,0.53,0.8833,38,0.51,0.85,343,0.51,0.85,5,0.52,0.8666,5,0
IWM191115C160,2019-11-08,2019-11-08 09:30:40,0.53,0.8833,225,0.5,0.8333,142,0.51,0.85,5,0.515,0.8583,5,0
IWM191115C160,2019-11-08,2019-11-08 09:30:41,0.53,0.8833,415,0.5,0.8333,623,0.51,0.85,5,0.515,0.8583,5,0
IWM191115C160,2019-11-08,2019-11-08 09:30:41,0.53,0.8833,238,0.5,0.8333,202,0.51,0.85,5,0.515,0.8583,5,0
IWM191115C160,2019-11-08,2019-11-08 09:30:42,0.53,0.8833,242,0.5,0.8333,639,0.51,0.85,5,0.515,0.8583,5,0
IWM191115C160,2019-11-08,2019-11-08 09:30:42,0.53,0.8833,63,0.5,0.8333,734,0.51,0.85,5,0.515,0.8583,5,0
IWM191115C160,2019-11-08,2019-11-08 09:30:43,0.53,0.8833,107,0.5,0.8333,500,0.51,0.85,5,0.515,0.8583,5,0
IWM191115C160,2019-11-08,2019-11-08 09:30:43,0.54,0.9,150,0.51,0.85,323,0.51,0.85,5,0.525,0.875,5,0
IWM191115C160,2019-11-08,2019-11-08 09:30:44,0.54,0.9,184,0.51,0.85,323,0.51,0.85,5,0.525,0.875,5,0
IWM191115C160,2019-11-08,2019-11-08 09:30:44,0.54,0.9,418,0.51,0.85,380,0.51,0.85,5,0.525,0.875,5,0
IWM191115C160,2019-11-08,2019-11-08 09:30:45,0.53,0.8833,438,0.5,0.8333,150,0.51,0.85,5,0.515,0.8583,5,0
IWM191115C160,2019-11-08,2019-11-08 09:30:45,0.53,0.8833,100,0.51,0.85,134,0.51,0.85,5,0.52,0.8666,5,0
IWM191115C160,2019-11-08,2019-11-08 09:30:46,0.53,0.8833,867,0.5,0.8333,238,0.51,0.85,5,0.515,0.8583,5,0
IWM191115C160,2019-11-08,2019-11-08 09:30:46,0.53,0.8833,446,0.5,0.8333,170,0.51,0.85,5,0.515,0.8583,5,0
IWM191115C160,2019-11-08,2019-11-08 09:30:47,0.53,0.8833,322,0.5,0.8333,572,0.51,0.85,5,0.515,0.8583,5,0
IWM191115C160,2019-11-08,2019-11-08 09:30:48,0.53,0.8833,440,0.5,0.8333,323,0.51,0.85,5,0.515,0.8583,5,0
IWM191115C160,2019-11-08,2019-11-08 09:30:48,0.53,0.8833,322,0.5,0.8333,583,0.51,0.85,5,0.515,0.8583,5,0
IWM191115C160,2019-11-08,2019-11-08 09:30:49,0.53,0.8833,480,0.5,0.8333,316,0.51,0.85,5,0.515,0.8583,5,0
IWM191115C160,2019-11-08,2019-11-08 09:30:50,0.53,0.8833,443,0.5,0.8333,316,0.51,0.85,5,0.515,0.8583,5,0
IWM191115C160,2019-11-08,2019-11-08 09:30:51,0.53,0.8833,631,0.5,0.8333,280,0.51,0.85,5,0.515,0.8583,5,0
IWM191115C160,2019-11-08,2019-11-08 09:30:52,0.53,0.8833,490,0.5,0.8333,280,0.51,0.85,5,0.515,0.8583,5,0
IWM191115C160,2019-11-08,2019-11-08 09:30:52,0.53,0.8833,503,0.5,0.8333,280,0.51,0.85,5,0.515,0.8583,5,0
IWM191115C160,2019-11-08,2019-11-08 09:30:53,0.53,0.8833,632,0.5,0.8333,174,0.51,0.85,5,0.515,0.8583,5,0
IWM191115C160,2019-11-08,2019-11-08 09:30:53,0.53,0.8833,503,0.5,0.8333,280,0.51,0.85,5,0.515,0.8583,5,0
IWM191115C160,2019-11-08,2019-11-08 09:30:54,0.53,0.8833,542,0.5,0.8333,267,0.51,0.85,5,0.515,0.8583,5,0
IWM191115C160,2019-11-08,2019-11-08 09:30:54,0.53,0.8833,768,0.5,0.8333,213,0.51,0.85,5,0.515,0.8583,5,0
IWM191115C160,2019-11-08,2019-11-08 09:30:55,0.53,0.8833,506,0.5,0.8333,267,0.51,0.85,5,0.515,0.8583,5,0
IWM191115C160,2019-11-08,2019-11-08 09:30:56,0.53,0.8833,599,0.5,0.8333,253,0.51,0.85,5,0.515,0.8583,5,0
IWM191115C160,2019-11-08,2019-11-08 09:30:56,0.53,0.8833,647,0.5,0.8333,253,0.51,0.85,5,0.515,0.8583,5,0
IWM191115C160,2019-11-08,2019-11-08 09:30:57,0.53,0.8833,647,0.5,0.8333,253,0.51,0.85,5,0.515,0.8583,5,0
IWM191115C160,2019-11-08,2019-11-08 09:30:57,0.53,0.8833,746,0.5,0.8333,61,0.51,0.85,5,0.515,0.8583,5,0
IWM191115C160,2019-11-08,2019-11-08 09:30:58,0.52,0.8666,84,0.5,0.8333,24,0.51,0.85,5,0.51,0.85,5,0
IWM191115C160,2019-11-08,2019-11-08 09:30:58,0.53,0.8833,162,0.5,0.8333,24,0.51,0.85,5,0.515,0.8583,5,0
IWM191115C160,2019-11-08,2019-11-08 09:30:59,0.52,0.8666,32,0.5,0.8333,42,0.51,0.85,5,0.51,0.85,5,0
IWM191115C160,2019-11-08,2019-11-08 09:30:59,0.52,0.8666,84,0.5,0.8333,24,0.51,0.85,5,0.51,0.85,5,0
IWM191115C160,2019-11-08,2019-11-08 09:31:00,0.51,0.85,1,0.49,0.8166,20,0.51,0.85,5,0.5,0.8333,5,0
IWM191115C160,2019-11-08,2019-11-08 09:31:00,0.52,0.8666,32,0.49,0.8166,15,0.51,0.85,5,0.505,0.8416,5,0
IWM191115C160,2019-11-08,2019-11-08 09:31:01,0.51,0.85,1,0.49,0.8166,44,0.51,0.85,5,0.5,0.8333,5,0
IWM191115C160,2019-11-08,2019-11-08 09:31:02,0.51,0.85,115,0.48,0.8,45,0.51,0.85,5,0.495,0.825,5,0
IWM191115C160,2019-11-08,2019-11-08 09:31:02,0.5,0.8333,1,0.48,0.8,20,0.51,0.85,5,0.49,0.8166,5,0
IWM191115C160,2019-11-08,2019-11-08 09:31:03,0.51,0.85,599,0.48,0.8,20,0.51,0.85,5,0.495,0.825,5,0
IWM191115C160,2019-11-08,2019-11-08 09:31:04,0.5,0.8333,367,0.48,0.8,20,0.51,0.85,5,0.49,0.8166,5,0
IWM191115C160,2019-11-08,2019-11-08 09:31:04,0.51,0.85,599,0.48,0.8,20,0.51,0.85,5,0.495,0.825,5,0
IWM191115C160,2019-11-08,2019-11-08 09:31:05,0.5,0.8333,150,0.48,0.8,20,0.51,0.85,5,0.49,0.8166,5,0
IWM191115C160,2019-11-08,2019-11-08 09:31:05,0.5,0.8333,350,0.48,0.8,20,0.51,0.85,5,0.49,0.8166,5,0
IWM191115C160,2019-11-08,2019-11-08 09:31:06,0.5,0.8333,350,0.47,0.7833,322,0.51,0.85,5,0.485,0.8083,5,0
IWM191115C160,2019-11-08,2019-11-08 09:31:06,0.5,0.8333,730,0.47,0.7833,105,0.51,0.85,5,0.485,0.8083,5,0
IWM191115C160,2019-11-08,2019-11-08 09:31:07,0.5,0.8333,730,0.47,0.7833,47,0.51,0.85,5,0.485,0.8083,5,0
IWM191115C160,2019-11-08,2019-11-08 09:31:07,0.5,0.8333,1005,0.47,0.7833,47,0.51,0.85,5,0.485,0.8083,5,0
IWM191115C160,2019-11-08,2019-11-08 09:31:08,0.49,0.8166,58,0.47,0.7833,30,0.51,0.85,5,0.48,0.8,5,0
IWM191115C160,2019-11-08,2019-11-08 09:31:09,0.49,0.8166,150,0.47,0.7833,30,0.51,0.85,5,0.48,0.8,5,0
IWM191115C160,2019-11-08,2019-11-08 09:31:09,0.49,0.8166,150,0.47,0.7833,59,0.51,0.85,5,0.48,0.8,5,0
IWM191115C160,2019-11-08,2019-11-08 09:31:10,0.49,0.8166,167,0.47,0.7833,60,0.51,0.85,5,0.48,0.8,5,0
IWM191115C160,2019-11-08,2019-11-08 09:31:10,0.49,0.8166,150,0.47,0.7833,60,0.51,0.85,5,0.48,0.8,5,0
IWM191115C160,2019-11-08,2019-11-08 09:31:11,0.49,0.8166,315,0.47,0.7833,46,0.51,0.85,5,0.48,0.8,5,0
IWM191115C160,2019-11-08,2019-11-08 09:31:11,0.49,0.8166,227,0.47,0.7833,130,0.51,0.85,5,0.48,0.8,5,0
IWM191115C160,2019-11-08,2019-11-08 09:31:12,0.5,0.8333,28,0.47,0.7833,262,0.51,0.85,5,0.485,0.8083,5,0
IWM191115C160,2019-11-08,2019-11-08 09:31:12,0.5,0.8333,20,0.48,0.8,105,0.51,0.85,5,0.49,0.8166,5,0
IWM191115C160,2019-11-08,2019-11-08 09:31:13,0.5,0.8333,6,0.48,0.8,127,0.51,0.85,5,0.49,0.8166,5,0
IWM191115C160,2019-11-08,2019-11-08 09:31:13,0.5,0.8333,36,0.48,0.8,127,0.51,0.85,5,0.49,0.8166,5,0
IWM191115C160,2019-11-08,2019-11-08 09:31:14,0.5,0.8333,19,0.48,0.8,220,0.51,0.85,5,0.49,0.8166,5,0
IWM191115C160,2019-11-08,2019-11-08 09:31:14,0.5,0.8333,230,0.47,0.7833,275,0.48,0.8,10,0.485,0.8083,15,10
IWM191115C160,2019-11-08,2019-11-08 09:31:15,0.5,0.8333,649,0.48,0.8,20,0.48,0.8,10,0.49,0.8166,15,0
IWM191115C160,2019-11-08,2019-11-08 09:31:15,0.5,0.8333,555,0.48,0.8,20,0.48,0.8,10,0.49,0.8166,15,0
IWM191115C160,2019-11-08,2019-11-08 09:31:16,0.49,0.8166,184,0.48,0.8,20,0.48,0.8,10,0.485,0.8083,15,0
IWM191115C160,2019-11-08,2019-11-08 09:31:16,0.49,0.8166,236,0.48,0.8,20,0.48,0.8,10,0.485,0.8083,15,0
IWM191115C160,2019-11-08,2019-11-08 09:31:17,0.49,0.8166,57,0.47,0.7833,221,0.48,0.8,10,0.48,0.8,15,0
IWM191115C160,2019-11-08,2019-11-08 09:31:17,0.49,0.8166,236,0.48,0.8,20,0.48,0.8,10,0.485,0.8083,15,0
IWM191115C160,2019-11-08,2019-11-08 09:31:18,0.49,0.8166,50,0.47,0.7833,258,0.48,0.8,10,0.48,0.8,15,0
IWM191115C160,2019-11-08,2019-11-08 09:31:18,0.49,0.8166,20,0.48,0.8,20,0.48,0.8,10,0.485,0.8083,15,0
IWM191115C160,2019-11-08,2019-11-08 09:31:19,0.49,0.8166,94,0.47,0.7833,163,0.48,0.8,10,0.48,0.8,15,0
IWM191115C160,2019-11-08,2019-11-08 09:31:19,0.49,0.8166,173,0.47,0.7833,163,0.48,0.8,10,0.48,0.8,15,0
IWM191115C160,2019-11-08,2019-11-08 09:31:20,0.49,0.8166,56,0.47,0.7833,81,0.48,0.8,10,0.48,0.8,15,0
IWM191115C160,2019-11-08,2019-11-08 09:31:20,0.49,0.8166,157,0.47,0.7833,20,0.48,0.8,10,0.48,0.8,15,0
IWM191115C160,2019-11-08,2019-11-08 09:31:21,0.49,0.8166,99,0.47,0.7833,20,0.48,0.8,10,0.48,0.8,15,0
IWM191115C160,2019-11-08,2019-11-08 09:31:21,0.49,0.8166,192,0.47,0.7833,20,0.48,0.8,10,0.48,0.8,15,0
IWM191115C160,2019-11-08,2019-11-08 09:31:22,0.49,0.8166,81,0.47,0.7833,33,0.48,0.8,10,0.48,0.8,15,0
IWM191115C160,2019-11-08,2019-11-08 09:31:22,0.49,0.8166,92,0.47,0.7833,213,0.48,0.8,10,0.48,0.8,15,0
IWM191115C160,2019-11-08,2019-11-08 09:31:23,0.5,0.8333,352,0.48,0.8,32,0.48,0.8,10,0.49,0.8166,15,0
IWM191115C160,2019-11-08,2019-11-08 09:31:23,0.5,0.8333,177,0.48,0.8,32,0.48,0.8,10,0.49,0.8166,15,0
IWM191115C160,2019-11-08,2019-11-08 09:31:24,0.5,0.8333,161,0.48,0.8,74,0.48,0.8,10,0.49,0.8166,15,0
IWM191115C160,2019-11-08,2019-11-08 09:31:24,0.5,0.8333,182,0.48,0.8,94,0.48,0.8,10,0.49,0.8166,15,0
IWM191115C160,2019-11-08,2019-11-08 09:31:25,0.5,0.8333,348,0.48,0.8,72,0.48,0.8,10,0.49,0.8166,15,0
IWM191115C160,2019-11-08,2019-11-08 09:31:26,0.5,0.8333,613,0.47,0.7833,129,0.48,0.8,10,0.485,0.8083,15,0
IWM191115C160,2019-11-08,2019-11-08 09:31:27,0.5,0.8333,724,0.47,0.7833,109,0.48,0.8,10,0.485,0.8083,15,0
IWM191115C160,2019-11-08,2019-11-08 09:31:27,0.5,0.8333,112,0.48,0.8,25,0.48,0.8,10,0.49,0.8166,15,0
IWM191115C160,2019-11-08,2019-11-08 09:31:28,0.5,0.8333,156,0.48,0.8,70,0.48,0.8,10,0.49,0.8166,15,0
IWM191115C160,2019-11-08,2019-11-08 09:31:29,0.5,0.8333,648,0.48,0.8,70,0.48,0.8,10,0.49,0.8166,15,0
IWM191115C160,2019-11-08,2019-11-08 09:31:30,0.5,0.8333,919,0.48,0.8,70,0.48,0.8,10,0.49,0.8166,15,0
IWM191115C160,2019-11-08,2019-11-08 09:31:31,0.5,0.8333,1041,0.47,0.7833,114,0.48,0.8,10,0.485,0.8083,15,0
IWM191115C160,2019-11-08,2019-11-08 09:31:31,0.5,0.8333,1055,0.48,0.8,10,0.48,0.8,10,0.49,0.8166,15,0
IWM191115C160,2019-11-08,2019-11-08 09:31:32,0.5,0.8333,1055,0.48,0.8,10,0.48,0.8,10,0.49,0.8166,15,0
IWM191115C160,2019-11-08,2019-11-08 09:31:32,0.49,0.8166,108,0.48,0.8,20,0.48,0.8,10,0.485,0.8083,15,0
IWM191115C160,2019-11-08,2019-11-08 09:31:33,0.49,0.8166,108,0.48,0.8,20,0.48,0.8,10,0.485,0.8083,15,0
IWM191115C160,2019-11-08,2019-11-08 09:31:33,0.49,0.8166,53,0.48,0.8,20,0.48,0.8,10,0.485,0.8083,15,0
IWM191115C160,2019-11-08,2019-11-08 09:31:34,0.49,0.8166,2,0.48,0.8,30,0.48,0.8,10,0.485,0.8083,15,0
IWM191115C160,2019-11-08,2019-11-08 09:31:34,0.49,0.8166,25,0.48,0.8,20,0.48,0.8,10,0.485,0.8083,15,0
IWM191115C160,2019-11-08,2019-11-08 09:31:35,0.49,0.8166,2,0.48,0.8,31,0.48,0.8,10,0.485,0.8083,15,0
IWM191115C160,2019-11-08,2019-11-08 09:31:35,0.49,0.8166,2,0.48,0.8,30,0.48,0.8,10,0.485,0.8083,15,0
IWM191115C160,2019-11-08,2019-11-08 09:31:36,0.49,0.8166,2,0.48,0.8,29,0.48,0.8,10,0.485,0.8083,15,0
IWM191115C160,2019-11-08,2019-11-08 09:31:36,0.49,0.8166,2,0.48,0.8,20,0.48,0.8,10,0.485,0.8083,15,0
IWM191115C160,2019-11-08,2019-11-08 09:31:37,0.49,0.8166,2,0.48,0.8,29,0.48,0.8,10,0.485,0.8083,15,0
IWM191115C160,2019-11-08,2019-11-08 09:31:38,0.49,0.8166,1,0.48,0.8,69,0.48,0.8,10,0.485,0.8083,15,0
IWM191115C160,2019-11-08,2019-11-08 09:31:38,0.49,0.8166,2,0.48,0.8,29,0.48,0.8,10,0.485,0.8083,15,0
IWM191115C160,2019-11-08,2019-11-08 09:31:39,0.49,0.8166,1,0.48,0.8,151,0.48,0.8,10,0.485,0.8083,15,0
IWM191115C160,2019-11-08,2019-11-08 09:31:39,0.49,0.8166,1,0.48,0.8,373,0.48,0.8,10,0.485,0.8083,15,0
IWM191115C160,2019-11-08,2019-11-08 09:31:40,0.49,0.8166,1,0.48,0.8,151,0.48,0.8,10,0.485,0.8083,15,0
IWM191115C160,2019-11-08,2019-11-08 09:31:40,0.49,0.8166,1,0.48,0.8,164,0.48,0.8,10,0.485,0.8083,15,0
IWM191115C160,2019-11-08,2019-11-08 09:31:41,0.49,0.8166,1,0.48,0.8,151,0.48,0.8,10,0.485,0.8083,15,0
IWM191115C160,2019-11-08,2019-11-08 09:31:42,0.49,0.8166,1,0.48,0.8,310,0.48,0.8,10,0.485,0.8083,15,0
IWM191115C160,2019-11-08,2019-11-08 09:31:42,0.49,0.8166,1,0.48,0.8,360,0.48,0.8,10,0.485,0.8083,15,0
IWM191115C160,2019-11-08,2019-11-08 09:31:43,0.49,0.8166,1,0.48,0.8,841,0.48,0.8,10,0.485,0.8083,15,0
IWM191115C160,2019-11-08,2019-11-08 09:31:43,0.49,0.8166,1,0.48,0.8,699,0.48,0.8,10,0.485,0.8083,15,0
IWM191115C160,2019-11-08,2019-11-08 09:31:44,0.49,0.8166,1,0.48,0.8,699,0.48,0.8,10,0.485,0.8083,15,0
IWM191115C160,2019-11-08,2019-11-08 09:31:45,0.49,0.8166,1,0.48,0.8,893,0.48,0.8,10,0.485,0.8083,15,0
IWM191115C160,2019-11-08,2019-11-08 09:31:46,0.49,0.8166,1,0.48,0.8,857,0.48,0.8,10,0.485,0.8083,15,0
IWM191115C160,2019-11-08,2019-11-08 09:31:47,0.49,0.8166,1,0.48,0.8,857,0.48,0.8,10,0.485,0.8083,15,0
IWM191115C160,2019-11-08,2019-11-08 09:31:48,0.49,0.8166,1,0.48,0.8,857,0.48,0.8,10,0.485,0.8083,15,0
IWM191115C160,2019-11-08,2019-11-08 09:31:49,0.49,0.8166,1,0.48,0.8,857,0.48,0.8,10,0.485,0.8083,15,0
IWM191115C160,2019-11-08,2019-11-08 09:31:50,0.49,0.8166,1,0.48,0.8,857,0.48,0.8,10,0.485,0.8083,15,0
IWM191115C160,2019-11-08,2019-11-08 09:31:50,0.51,0.85,115,0.49,0.8166,136,0.49,0.8166,1,0.5,0.8333,16,1
IWM191115C160,2019-11-08,2019-11-08 09:31:51,0.52,0.8666,115,0.5,0.8333,32,0.49,0.8166,1,0.51,0.85,16,0
IWM191115C160,2019-11-08,2019-11-08 09:31:51,0.52,0.8666,330,0.5,0.8333,56,0.49,0.8166,1,0.51,0.85,16,0
IWM191115C160,2019-11-08,2019-11-08 09:31:52,0.52,0.8666,565,0.5,0.8333,39,0.49,0.8166,1,0.51,0.85,16,0
IWM191115C160,2019-11-08,2019-11-08 09:31:52,0.52,0.8666,192,0.5,0.8333,20,0.49,0.8166,1,0.51,0.85,16,0
IWM191115C160,2019-11-08,2019-11-08 09:31:53,0.52,0.8666,623,0.5,0.8333,39,0.49,0.8166,1,0.51,0.85,16,0
IWM191115C160,2019-11-08,2019-11-08 09:31:53,0.52,0.8666,623,0.5,0.8333,32,0.49,0.8166,1,0.51,0.85,16,0
IWM191115C160,2019-11-08,2019-11-08 09:31:54,0.52,0.8666,565,0.5,0.8333,43,0.49,0.8166,1,0.51,0.85,16,0
IWM191115C160,2019-11-08,2019-11-08 09:31:54,0.52,0.8666,565,0.5,0.8333,408,0.49,0.8166,1,0.51,0.85,16,0
IWM191115C160,2019-11-08,2019-11-08 09:31:55,0.52,0.8666,67,0.51,0.85,20,0.49,0.8166,1,0.515,0.8583,16,0
IWM191115C160,2019-11-08,2019-11-08 09:31:55,0.52,0.8666,29,0.51,0.85,20,0.49,0.8166,1,0.515,0.8583,16,0
IWM191115C160,2019-11-08,2019-11-08 09:31:56,0.52,0.8666,36,0.51,0.85,23,0.49,0.8166,1,0.515,0.8583,16,0
IWM191115C160,2019-11-08,2019-11-08 09:31:56,0.53,0.8833,444,0.51,0.85,23,0.49,0.8166,1,0.52,0.8666,16,0
IWM191115C160,2019-11-08,2019-11-08 09:31:57,0.53,0.8833,484,0.51,0.85,23,0.49,0.8166,1,0.52,0.8666,16,0
IWM191115C160,2019-11-08,2019-11-08 09:31:57,0.53,0.8833,549,0.51,0.85,54,0.49,0.8166,1,0.52,0.8666,16,0
IWM191115C160,2019-11-08,2019-11-08 09:31:58,0.52,0.8666,514,0.5,0.8333,40,0.49,0.8166,1,0.51,0.85,16,0
IWM191115C160,2019-11-08,2019-11-08 09:31:58,0.52,0.8666,121,0.5,0.8333,136,0.49,0.8166,1,0.51,0.85,16,0
IWM191115C160,2019-11-08,2019-11-08 09:31:59,0.52,0.8666,833,0.5,0.8333,60,0.49,0.8166,1,0.51,0.85,16,0
IWM191115C160,2019-11-08,2019-11-08 09:32:00,0.52,0.8666,637,0.5,0.8333,158,0.49,0.8166,1,0.51,0.85,16,0
IWM191115C160,2019-11-08,2019-11-08 09:32:00,0.52,0.8666,381,0.5,0.8333,158,0.49,0.8166,1,0.51,0.85,16,0
IWM191115C160,2019-11-08,2019-11-08 09:32:01,0.52,0.8666,586,0.5,0.8333,44,0.49,0.8166,1,0.51,0.85,16,0
IWM191115C160,2019-11-08,2019-11-08 09:32:01,0.53,0.8833,124,0.51,0.85,59,0.49,0.8166,1,0.52,0.8666,16,0
IWM191115C160,2019-11-08,2019-11-08 09:32:02,0.53,0.8833,155,0.51,0.85,131,0.49,0.8166,1,0.52,0.8666,16,0
IWM191115C160,2019-11-08,2019-11-08 09:32:02,0.53,0.8833,188,0.51,0.85,77,0.49,0.8166,1,0.52,0.8666,16,0
IWM191115C160,2019-11-08,2019-11-08 09:32:03,0.54,0.9,806,0.51,0.85,435,0.49,0.8166,1,0.525,0.875,16,0
IWM191115C160,2019-11-08,2019-11-08 09:32:03,0.53,0.8833,155,0.51,0.85,395,0.49,0.8166,1,0.52,0.8666,16,0
IWM191115C160,2019-11-08,2019-11-08 09:32:04,0.54,0.9,806,0.51,0.85,435,0.49,0.8166,1,0.525,0.875,16,0
IWM191115C160,2019-11-08,2019-11-08 09:32:05,0.54,0.9,806,0.51,0.85,435,0.49,0.8166,1,0.525,0.875,16,0
IWM191115C160,2019-11-08,2019-11-08 09:32:05,0.54,0.9,941,0.51,0.85,435,0.49,0.8166,1,0.525,0.875,16,0
IWM191115C160,2019-11-08,2019-11-08 09:32:06,0.53,0.8833,995,0.51,0.85,10,0.49,0.8166,1,0.52,0.8666,16,0
IWM191115C160,2019-11-08,2019-11-08 09:32:06,0.53,0.8833,769,0.51,0.85,20,0.49,0.8166,1,0.52,0.8666,16,0
IWM191115C160,2019-11-08,2019-11-08 09:32:07,0.52,0.8666,542,0.5,0.8333,90,0.49,0.8166,1,0.51,0.85,16,0
IWM191115C160,2019-11-08,2019-11-08 09:32:07,0.52,0.8666,479,0.5,0.8333,90,0.49,0.8166,1,0.51,0.85,16,0
IWM191115C160,2019-11-08,2019-11-08 09:32:08,0.52,0.8666,479,0.5,0.8333,90,0.49,0.8166,1,0.51,0.85,16,0
IWM191115C160,2019-11-08,2019-11-08 09:32:08,0.52,0.8666,523,0.5,0.8333,90,0.49,0.8166,1,0.51,0.85,16,0
IWM191115C160,2019-11-08,2019-11-08 09:32:09,0.52,0.8666,179,0.5,0.8333,74,0.49,0.8166,1,0.51,0.85,16,0
IWM191115C160,2019-11-08,2019-11-08 09:32:09,0.52,0.8666,292,0.5,0.8333,67,0.49,0.8166,1,0.51,0.85,16,0
IWM191115C160,2019-11-08,2019-11-08 09:32:10,0.52,0.8666,50,0.5,0.8333,351,0.49,0.8166,1,0.51,0.85,16,0
IWM191115C160,2019-11-08,2019-11-08 09:32:10,0.53,0.8833,657,0.5,0.8333,204,0.49,0.8166,1,0.515,0.8583,16,0
IWM191115C160,2019-11-08,2019-11-08 09:32:11,0.52,0.8666,49,0.5,0.8333,619,0.49,0.8166,1,0.51,0.85,16,0
IWM191115C160,2019-11-08,2019-11-08 09:32:11,0.52,0.8666,50,0.5,0.8333,579,0.49,0.8166,1,0.51,0.85,16,0
IWM191115C160,2019-11-08,2019-11-08 09:32:12,0.52,0.8666,49,0.5,0.8333,627,0.49,0.8166,1,0.51,0.85,16,0
IWM191115C160,2019-11-08,2019-11-08 09:32:12,0.53,0.8833,722,0.5,0.8333,652,0.49,0.8166,1,0.515,0.8583,16,0
IWM191115C160,2019-11-08,2019-11-08 09:32:13,0.53,0.8833,785,0.5,0.8333,785,0.49,0.8166,1,0.515,0.8583,16,0
IWM191115C160,2019-11-08,2019-11-08 09:32:13,0.53,0.8833,772,0.5,0.8333,785,0.49,0.8166,1,0.515,0.8583,16,0
IWM191115C160,2019-11-08,2019-11-08 09:32:14,0.53,0.8833,1087,0.51,0.85,32,0.49,0.8166,1,0.52,0.8666,16,0
IWM191115C160,2019-11-08,2019-11-08 09:32:14,0.53,0.8833,876,0.5,0.8333,652,0.49,0.8166,1,0.515,0.8583,16,0
IWM191115C160,2019-11-08,2019-11-08 09:32:15,0.53,0.8833,1077,0.51,0.85,32,0.49,0.8166,1,0.52,0.8666,16,0
IWM191115C160,2019-11-08,2019-11-08 09:32:15,0.53,0.8833,739,0.51,0.85,32,0.49,0.8166,1,0.52,0.8666,16,0
IWM191115C160,2019-11-08,2019-11-08 09:32:16,0.53,0.8833,974,0.51,0.85,32,0.49,0.8166,1,0.52,0.8666,16,0
IWM191115C160,2019-11-08,2019-11-08 09:32:16,0.53,0.8833,739,0.51,0.85,32,0.49,0.8166,1,0.52,0.8666,16,0
IWM191115C160,2019-11-08,2019-11-08 09:32:17,0.53,0.8833,875,0.51,0.85,32,0.49,0.8166,1,0.52,0.8666,16,0
IWM191115C160,2019-11-08,2019-11-08 09:32:17,0.53,0.8833,940,0.51,0.85,51,0.52,0.8666,1,0.52,0.8666,17,1
IWM191115C160,2019-11-08,2019-11-08 09:32:18,0.53,0.8833,778,0.51,0.85,51,0.52,0.8666,1,0.52,0.8666,17,0
IWM191115C160,2019-11-08,2019-11-08 09:32:18,0.53,0.8833,75,0.51,0.85,128,0.52,0.8666,1,0.52,0.8666,17,0
IWM191115C160,2019-11-08,2019-11-08 09:32:19,0.53,0.8833,93,0.52,0.8666,20,0.52,0.8666,1,0.525,0.875,17,0
IWM191115C160,2019-11-08,2019-11-08 09:32:19,0.53,0.8833,300,0.52,0.8666,20,0.52,0.8666,1,0.525,0.875,17,0
IWM191115C160,2019-11-08,2019-11-08 09:32:20,0.53,0.8833,396,0.51,0.85,78,0.52,0.8666,1,0.52,0.8666,17,0
IWM191115C160,2019-11-08,2019-11-08 09:32:20,0.53,0.8833,93,0.51,0.85,78,0.52,0.8666,1,0.52,0.8666,17,0
IWM191115C160,2019-11-08,2019-11-08 09:32:21,0.52,0.8666,530,0.49,0.8166,606,0.52,0.8666,1,0.505,0.8416,17,0
IWM191115C160,2019-11-08,2019-11-08 09:32:21,0.52,0.8666,260,0.49,0.8166,456,0.52,0.8666,1,0.505,0.8416,17,0
IWM191115C160,2019-11-08,2019-11-08 09:32:22,0.52,0.8666,804,0.49,0.8166,606,0.52,0.8666,1,0.505,0.8416,17,0
IWM191115C160,2019-11-08,2019-11-08 09:32:23,0.52,0.8666,828,0.49,0.8166,606,0.52,0.8666,1,0.505,0.8416,17,0
IWM191115C160,2019-11-08,2019-11-08 09:32:24,0.52,0.8666,828,0.49,0.8166,606,0.52,0.8666,1,0.505,0.8416,17,0
IWM191115C160,2019-11-08,2019-11-08 09:32:25,0.51,0.85,20,0.49,0.8166,606,0.52,0.8666,1,0.5,0.8333,17,0
IWM191115C160,2019-11-08,2019-11-08 09:32:25,0.51,0.85,88,0.49,0.8166,606,0.52,0.8666,1,0.5,0.8333,17,0
IWM191115C160,2019-11-08,2019-11-08 09:32:26,0.51,0.85,20,0.49,0.8166,606,0.52,0.8666,1,0.5,0.8333,17,0
IWM191115C160,2019-11-08,2019-11-08 09:32:26,0.51,0.85,20,0.5,0.8333,32,0.52,0.8666,1,0.505,0.8416,17,0
IWM191115C160,2019-11-08,2019-11-08 09:32:27,0.52,0.8666,389,0.5,0.8333,20,0.52,0.8666,1,0.51,0.85,17,0
IWM191115C160,2019-11-08,2019-11-08 09:32:27,0.51,0.85,20,0.5,0.8333,32,0.52,0.8666,1,0.505,0.8416,17,0
IWM191115C160,2019-11-08,2019-11-08 09:32:28,0.52,0.8666,628,0.5,0.8333,118,0.52,0.8666,1,0.51,0.85,17,0
IWM191115C160,2019-11-08,2019-11-08 09:32:28,0.52,0.8666,764,0.5,0.8333,59,0.52,0.8666,1,0.51,0.85,17,0
IWM191115C160,2019-11-08,2019-11-08 09:32:29,0.52,0.8666,615,0.5,0.8333,118,0.52,0.8666,1,0.51,0.85,17,0
IWM191115C160,2019-11-08,2019-11-08 09:32:29,0.52,0.8666,763,0.5,0.8333,20,0.52,0.8666,1,0.51,0.85,17,0
IWM191115C160,2019-11-08,2019-11-08 09:32:30,0.52,0.8666,753,0.5,0.8333,65,0.52,0.8666,1,0.51,0.85,17,0
IWM191115C160,2019-11-08,2019-11-08 09:32:31,0.52,0.8666,753,0.5,0.8333,65,0.52,0.8666,1,0.51,0.85,17,0
IWM191115C160,2019-11-08,2019-11-08 09:32:32,0.52,0.8666,887,0.5,0.8333,39,0.52,0.8666,1,0.51,0.85,17,0
IWM191115C160,2019-11-08,2019-11-08 09:32:32,0.52,0.8666,926,0.5,0.8333,39,0.52,0.8666,1,0.51,0.85,17,0
IWM191115C160,2019-11-08,2019-11-08 09:32:33,0.52,0.8666,984,0.5,0.8333,10,0.52,0.8666,1,0.51,0.85,17,0
IWM191115C160,2019-11-08,2019-11-08 09:32:33,0.52,0.8666,1092,0.5,0.8333,32,0.52,0.8666,1,0.51,0.85,17,0
IWM191115C160,2019-11-08,2019-11-08 09:32:34,0.51,0.85,733,0.48,0.8,497,0.52,0.8666,1,0.495,0.825,17,0
IWM191115C160,2019-11-08,2019-11-08 09:32:34,0.51,0.85,358,0.49,0.8166,335,0.52,0.8666,1,0.5,0.8333,17,0
IWM191115C160,2019-11-08,2019-11-08 09:32:35,0.51,0.85,826,0.48,0.8,427,0.52,0.8666,1,0.495,0.825,17,0
IWM191115C160,2019-11-08,2019-11-08 09:32:35,0.51,0.85,826,0.49,0.8166,20,0.52,0.8666,1,0.5,0.8333,17,0
IWM191115C160,2019-11-08,2019-11-08 09:32:36,0.5,0.8333,490,0.48,0.8,517,0.52,0.8666,1,0.49,0.8166,17,0
IWM191115C160,2019-11-08,2019-11-08 09:32:36,0.5,0.8333,571,0.48,0.8,186,0.52,0.8666,1,0.49,0.8166,17,0
IWM191115C160,2019-11-08,2019-11-08 09:32:37,0.5,0.8333,84,0.48,0.8,436,0.52,0.8666,1,0.49,0.8166,17,0
IWM191115C160,2019-11-08,2019-11-08 09:32:37,0.5,0.8333,84,0.48,0.8,132,0.52,0.8666,1,0.49,0.8166,17,0
IWM191115C160,2019-11-08,2019-11-08 09:32:38,0.51,0.85,232,0.49,0.8166,169,0.52,0.8666,1,0.5,0.8333,17,0
IWM191115C160,2019-11-08,2019-11-08 09:32:38,0.51,0.85,232,0.49,0.8166,479,0.52,0.8666,1,0.5,0.8333,17,0
IWM191115C160,2019-11-08,2019-11-08 09:32:39,0.51,0.85,348,0.49,0.8166,457,0.52,0.8666,1,0.5,0.8333,17,0
IWM191115C160,2019-11-08,2019-11-08 09:32:39,0.51,0.85,705,0.49,0.8166,247,0.52,0.8666,1,0.5,0.8333,17,0
IWM191115C160,2019-11-08,2019-11-08 09:32:40,0.51,0.85,608,0.49,0.8166,128,0.52,0.8666,1,0.5,0.8333,17,0
IWM191115C160,2019-11-08,2019-11-08 09:32:40,0.51,0.85,398,0.49,0.8166,128,0.52,0.8666,1,0.5,0.8333,17,0
IWM191115C160,2019-11-08,2019-11-08 09:32:41,0.51,0.85,398,0.49,0.8166,378,0.52,0.8666,1,0.5,0.8333,17,0
IWM191115C160,2019-11-08,2019-11-08 09:32:41,0.51,0.85,608,0.49,0.8166,128,0.52,0.8666,1,0.5,0.8333,17,0
IWM191115C160,2019-11-08,2019-11-08 09:32:42,0.51,0.85,703,0.49,0.8166,32,0.52,0.8666,1,0.5,0.8333,17,0
IWM191115C160,2019-11-08,2019-11-08 09:32:43,0.51,0.85,959,0.49,0.8166,32,0.52,0.8666,1,0.5,0.8333,17,0
IWM191115C160,2019-11-08,2019-11-08 09:32:43,0.51,0.85,785,0.48,0.8,360,0.52,0.8666,1,0.495,0.825,17,0
IWM191115C160,2019-11-08,2019-11-08 09:32:44,0.5,0.8333,131,0.48,0.8,165,0.52,0.8666,1,0.49,0.8166,17,0
IWM191115C160,2019-11-08,2019-11-08 09:32:45,0.5,0.8333,258,0.48,0.8,364,0.52,0.8666,1,0.49,0.8166,17,0
IWM191115C160,2019-11-08,2019-11-08 09:32:45,0.5,0.8333,678,0.48,0.8,108,0.52,0.8666,1,0.49,0.8166,17,0
IWM191115C160,2019-11-08,2019-11-08 09:32:46,0.5,0.8333,678,0.48,0.8,32,0.52,0.8666,1,0.49,0.8166,17,0
IWM191115C160,2019-11-08,2019-11-08 09:32:47,0.5,0.8333,10,0.49,0.8166,20,0.52,0.8666,1,0.495,0.825,17,0
IWM191115C160,2019-11-08,2019-11-08 09:32:47,0.5,0.8333,199,0.48,0.8,156,0.52,0.8666,1,0.49,0.8166,17,0
IWM191115C160,2019-11-08,2019-11-08 09:32:48,0.5,0.8333,10,0.49,0.8166,20,0.52,0.8666,1,0.495,0.825,17,0
IWM191115C160,2019-11-08,2019-11-08 09:32:49,0.51,0.85,829,0.49,0.8166,34,0.52,0.8666,1,0.5,0.8333,17,0
IWM191115C160,2019-11-08,2019-11-08 09:32:49,0.51,0.85,829,0.49,0.8166,10,0.52,0.8666,1,0.5,0.8333,17,0
IWM191115C160,2019-11-08,2019-11-08 09:32:50,0.5,0.8333,307,0.48,0.8,78,0.49,0.8166,9,0.49,0.8166,27,0
IWM191115C160,2019-11-08,2019-11-08 09:32:50,0.5,0.8333,297,0.48,0.8,148,0.49,0.8166,9,0.49,0.8166,27,10
IWM191115C160,2019-11-08,2019-11-08 09:32:51,0.5,0.8333,793,0.48,0.8,20,0.49,0.8166,9,0.49,0.8166,27,0
IWM191115C160,2019-11-08,2019-11-08 09:32:51,0.5,0.8333,896,0.48,0.8,24,0.49,0.8166,9,0.49,0.8166,27,0
IWM191115C160,2019-11-08,2019-11-08 09:32:52,0.5,0.8333,143,0.48,0.8,126,0.49,0.8166,9,0.49,0.8166,27,0
IWM191115C160,2019-11-08,2019-11-08 09:32:52,0.5,0.8333,849,0.48,0.8,26,0.49,0.8166,9,0.49,0.8166,27,0
IWM191115C160,2019-11-08,2019-11-08 09:32:53,0.5,0.8333,36,0.48,0.8,580,0.49,0.8166,9,0.49,0.8166,27,0
IWM191115C160,2019-11-08,2019-11-08 09:32:53,0.5,0.8333,16,0.48,0.8,384,0.49,0.8166,9,0.49,0.8166,27,0
IWM191115C160,2019-11-08,2019-11-08 09:32:54,0.5,0.8333,26,0.48,0.8,580,0.49,0.8166,9,0.49,0.8166,27,0
IWM191115C160,2019-11-08,2019-11-08 09:32:55,0.5,0.8333,27,0.48,0.8,580,0.49,0.8166,9,0.49,0.8166,27,0
IWM191115C160,2019-11-08,2019-11-08 09:32:56,0.5,0.8333,43,0.49,0.8166,32,0.49,0.8166,9,0.495,0.825,27,0
IWM191115C160,2019-11-08,2019-11-08 09:32:56,0.5,0.8333,11,0.49,0.8166,32,0.49,0.8166,9,0.495,0.825,27,0
IWM191115C160,2019-11-08,2019-11-08 09:32:57,0.5,0.8333,20,0.49,0.8166,88,0.49,0.8166,9,0.495,0.825,27,0
IWM191115C160,2019-11-08,2019-11-08 09:32:58,0.5,0.8333,20,0.49,0.8166,88,0.49,0.8166,9,0.495,0.825,27,0
IWM191115C160,2019-11-08,2019-11-08 09:32:59,0.5,0.8333,20,0.49,0.8166,88,0.49,0.8166,9,0.495,0.825,27,0
IWM191115C160,2019-11-08,2019-11-08 09:32:59,0.5,0.8333,20,0.49,0.8166,54,0.49,0.8166,9,0.495,0.825,27,0
IWM191115C160,2019-11-08,2019-11-08 09:33:00,0.5,0.8333,267,0.48,0.8,141,0.49,0.8166,9,0.49,0.8166,27,0
IWM191115C160,2019-11-08,2019-11-08 09:33:00,0.5,0.8333,20,0.48,0.8,66,0.49,0.8166,9,0.49,0.8166,27,0
IWM191115C160,2019-11-08,2019-11-08 09:33:01,0.5,0.8333,132,0.48,0.8,474,0.49,0.8166,9,0.49,0.8166,27,0
IWM191115C160,2019-11-08,2019-11-08 09:33:02,0.5,0.8333,368,0.49,0.8166,32,0.49,0.8166,9,0.495,0.825,27,0
IWM191115C160,2019-11-08,2019-11-08 09:33:02,0.5,0.8333,87,0.48,0.8,154,0.49,0.8166,9,0.49,0.8166,27,0
IWM191115C160,2019-11-08,2019-11-08 09:33:03,0.5,0.8333,20,0.49,0.8166,54,0.49,0.8166,9,0.495,0.825,27,0
IWM191115C160,2019-11-08,2019-11-08 09:33:03,0.5,0.8333,27,0.49,0.8166,32,0.49,0.8166,9,0.495,0.825,27,0
IWM191115C160,2019-11-08,2019-11-08 09:33:04,0.51,0.85,750,0.49,0.8166,29,0.49,0.8166,9,0.5,0.8333,27,0
IWM191115C160,2019-11-08,2019-11-08 09:33:04,0.51,0.85,433,0.49,0.8166,122,0.49,0.8166,9,0.5,0.8333,27,0
IWM191115C160,2019-11-08,2019-11-08 09:33:05,0.51,0.85,433,0.49,0.8166,150,0.49,0.8166,9,0.5,0.8333,27,0
IWM191115C160,2019-11-08,2019-11-08 09:33:05,0.51,0.85,606,0.49,0.8166,124,0.49,0.8166,9,0.5,0.8333,27,0
IWM191115C160,2019-11-08,2019-11-08 09:33:06,0.51,0.85,132,0.49,0.8166,413,0.49,0.8166,9,0.5,0.8333,27,0
IWM191115C160,2019-11-08,2019-11-08 09:33:06,0.51,0.85,261,0.5,0.8333,20,0.49,0.8166,9,0.505,0.8416,27,0
IWM191115C160,2019-11-08,2019-11-08 09:33:07,0.51,0.85,10,0.5,0.8333,20,0.49,0.8166,9,0.505,0.8416,27,0
IWM191115C160,2019-11-08,2019-11-08 09:33:07,0.51,0.85,54,0.5,0.8333,20,0.49,0.8166,9,0.505,0.8416,27,0
IWM191115C160,2019-11-08,2019-11-08 09:33:08,0.51,0.85,10,0.49,0.8166,468,0.49,0.8166,9,0.5,0.8333,27,0
IWM191115C160,2019-11-08,2019-11-08 09:33:08,0.51,0.85,10,0.5,0.8333,20,0.49,0.8166,9,0.505,0.8416,27,0
IWM191115C160,2019-11-08,2019-11-08 09:33:09,0.51,0.85,247,0.5,0.8333,20,0.49,0.8166,9,0.505,0.8416,27,0
IWM191115C160,2019-11-08,2019-11-08 09:33:09,0.51,0.85,186,0.5,0.8333,20,0.49,0.8166,9,0.505,0.8416,27,0
IWM191115C160,2019-11-08,2019-11-08 09:33:10,0.51,0.85,775,0.49,0.8166,81,0.49,0.8166,9,0.5,0.8333,27,0
IWM191115C160,2019-11-08,2019-11-08 09:33:10,0.51,0.85,247,0.5,0.8333,20,0.49,0.8166,9,0.505,0.8416,27,0
IWM191115C160,2019-11-08,2019-11-08 09:33:11,0.51,0.85,848,0.49,0.8166,32,0.49,0.8166,9,0.5,0.8333,27,0
IWM191115C160,2019-11-08,2019-11-08 09:33:11,0.51,0.85,823,0.49,0.8166,32,0.49,0.8166,9,0.5,0.8333,27,0
IWM191115C160,2019-11-08,2019-11-08 09:33:12,0.5,0.8333,48,0.48,0.8,674,0.49,0.8166,9,0.49,0.8166,27,0
IWM191115C160,2019-11-08,2019-11-08 09:33:12,0.5,0.8333,79,0.48,0.8,674,0.49,0.8166,9,0.49,0.8166,27,0
IWM191115C160,2019-11-08,2019-11-08 09:33:13,0.5,0.8333,10,0.49,0.8166,20,0.49,0.8166,9,0.495,0.825,27,0
IWM191115C160,2019-11-08,2019-11-08 09:33:13,0.5,0.8333,98,0.48,0.8,674,0.49,0.8166,9,0.49,0.8166,27,0
IWM191115C160,2019-11-08,2019-11-08 09:33:14,0.51,0.85,778,0.49,0.8166,40,0.49,0.8166,9,0.5,0.8333,27,0
IWM191115C160,2019-11-08,2019-11-08 09:33:14,0.51,0.85,572,0.49,0.8166,82,0.49,0.8166,9,0.5,0.8333,27,0
IWM191115C160,2019-11-08,2019-11-08 09:33:15,0.51,0.85,751,0.49,0.8166,82,0.49,0.8166,9,0.5,0.8333,27,0
IWM191115C160,2019-11-08,2019-11-08 09:33:15,0.51,0.85,572,0.49,0.8166,82,0.49,0.8166,9,0.5,0.8333,27,0
IWM191115C160,2019-11-08,2019-11-08 09:33:16,0.51,0.85,703,0.49,0.8166,42,0.49,0.8166,9,0.5,0.8333,27,0
IWM191115C160,2019-11-08,2019-11-08 09:33:16,0.51,0.85,751,0.49,0.8166,65,0.49,0.8166,9,0.5,0.8333,27,0
IWM191115C160,2019-11-08,2019-11-08 09:33:17,0.51,0.85,701,0.49,0.8166,42,0.49,0.8166,9,0.5,0.8333,27,0
IWM191115C160,2019-11-08,2019-11-08 09:33:17,0.51,0.85,703,0.49,0.8166,42,0.49,0.8166,9,0.5,0.8333,27,0
IWM191115C160,2019-11-08,2019-11-08 09:33:18,0.51,0.85,817,0.49,0.8166,20,0.49,0.8166,9,0.5,0.8333,27,0
IWM191115C160,2019-11-08,2019-11-08 09:33:19,0.5,0.8333,5,0.48,0.8,635,0.49,0.8166,9,0.49,0.8166,27,0
IWM191115C160,2019-11-08,2019-11-08 09:33:20,0.5,0.8333,46,0.48,0.8,500,0.49,0.8166,9,0.49,0.8166,27,0
IWM191115C160,2019-11-08,2019-11-08 09:33:20,0.5,0.8333,51,0.48,0.8,314,0.49,0.8166,9,0.49,0.8166,27,0
IWM191115C160,2019-11-08,2019-11-08 09:33:21,0.5,0.8333,1147,0.47,0.7833,480,0.49,0.8166,9,0.485,0.8083,27,0
IWM191115C160,2019-11-08,2019-11-08 09:33:21,0.5,0.8333,401,0.47,0.7833,505,0.49,0.8166,9,0.485,0.8083,27,0
IWM191115C160,2019-11-08,2019-11-08 09:33:22,0.49,0.8166,104,0.47,0.7833,480,0.49,0.8166,9,0.48,0.8,27,0
IWM191115C160,2019-11-08,2019-11-08 09:33:22,0.49,0.8166,130,0.47,0.7833,493,0.49,0.8166,9,0.48,0.8,27,0
IWM191115C160,2019-11-08,2019-11-08 09:33:23,0.49,0.8166,531,0.47,0.7833,435,0.49,0.8166,9,0.48,0.8,27,0
IWM191115C160,2019-11-08,2019-11-08 09:33:23,0.49,0.8166,675,0.47,0.7833,435,0.49,0.8166,9,0.48,0.8,27,0
IWM191115C160,2019-11-08,2019-11-08 09:33:24,0.49,0.8166,66,0.47,0.7833,448,0.49,0.8166,9,0.48,0.8,27,0
IWM191115C160,2019-11-08,2019-11-08 09:33:24,0.49,0.8166,778,0.47,0.7833,435,0.49,0.8166,9,0.48,0.8,27,0
IWM191115C160,2019-11-08,2019-11-08 09:33:25,0.49,0.8166,20,0.48,0.8,20,0.49,0.8166,9,0.485,0.8083,27,0
IWM191115C160,2019-11-08,2019-11-08 09:33:25,0.49,0.8166,46,0.48,0.8,20,0.49,0.8166,9,0.485,0.8083,27,0
IWM191115C160,2019-11-08,2019-11-08 09:33:26,0.49,0.8166,20,0.48,0.8,20,0.49,0.8166,9,0.485,0.8083,27,0
IWM191115C160,2019-11-08,2019-11-08 09:33:26,0.49,0.8166,125,0.48,0.8,20,0.49,0.8166,9,0.485,0.8083,27,0
IWM191115C160,2019-11-08,2019-11-08 09:33:27,0.49,0.8166,45,0.48,0.8,20,0.49,0.8166,9,0.485,0.8083,27,0
IWM191115C160,2019-11-08,2019-11-08 09:33:27,0.49,0.8166,95,0.48,0.8,20,0.49,0.8166,9,0.485,0.8083,27,0
IWM191115C160,2019-11-08,2019-11-08 09:33:28,0.49,0.8166,54,0.48,0.8,20,0.49,0.8166,9,0.485,0.8083,27,0
IWM191115C160,2019-11-08,2019-11-08 09:33:29,0.49,0.8166,12,0.48,0.8,20,0.49,0.8166,9,0.485,0.8083,27,0
IWM191115C160,2019-11-08,2019-11-08 09:33:30,0.49,0.8166,12,0.48,0.8,20,0.49,0.8166,9,0.485,0.8083,27,0
IWM191115C160,2019-11-08,2019-11-08 09:33:30,0.49,0.8166,115,0.48,0.8,20,0.49,0.8166,9,0.485,0.8083,27,0
IWM191115C160,2019-11-08,2019-11-08 09:33:31,0.49,0.8166,99,0.48,0.8,20,0.49,0.8166,9,0.485,0.8083,27,0
IWM191115C160,2019-11-08,2019-11-08 09:33:32,0.49,0.8166,145,0.48,0.8,20,0.49,0.8166,9,0.485,0.8083,27,0
IWM191115C160,2019-11-08,2019-11-08 09:33:32,0.49,0.8166,99,0.48,0.8,20,0.49,0.8166,9,0.485,0.8083,27,0
IWM191115C160,2019-11-08,2019-11-08 09:33:33,0.49,0.8166,56,0.48,0.8,20,0.49,0.8166,9,0.485,0.8083,27,0
IWM191115C160,2019-11-08,2019-11-08 09:33:34,0.49,0.8166,56,0.48,0.8,20,0.49,0.8166,9,0.485,0.8083,27,0
IWM191115C160,2019-11-08,2019-11-08 09:33:35,0.5,0.8333,156,0.48,0.8,437,0.49,0.8166,9,0.49,0.8166,27,0
IWM191115C160,2019-11-08,2019-11-08 09:33:35,0.49,0.8166,56,0.48,0.8,20,0.49,0.8166,9,0.485,0.8083,27,0
IWM191115C160,2019-11-08,2019-11-08 09:33:36,0.5,0.8333,206,0.48,0.8,427,0.49,0.8166,9,0.49,0.8166,27,0
IWM191115C160,2019-11-08,2019-11-08 09:33:37,0.5,0.8333,195,0.48,0.8,313,0.49,0.8166,9,0.49,0.8166,27,0
IWM191115C160,2019-11-08,2019-11-08 09:33:38,0.5,0.8333,197,0.48,0.8,496,0.49,0.8166,9,0.49,0.8166,27,0
IWM191115C160,2019-11-08,2019-11-08 09:33:38,0.5,0.8333,197,0.48,0.8,478,0.49,0.8166,9,0.49,0.8166,27,0
IWM191115C160,2019-11-08,2019-11-08 09:33:39,0.5,0.8333,291,0.49,0.8166,32,0.49,0.8166,9,0.495,0.825,27,0
IWM191115C160,2019-11-08,2019-11-08 09:33:39,0.5,0.8333,478,0.49,0.8166,32,0.49,0.8166,9,0.495,0.825,27,0
IWM191115C160,2019-11-08,2019-11-08 09:33:40,0.49,0.8166,290,0.47,0.7833,527,0.49,0.8166,9,0.48,0.8,27,0
IWM191115C160,2019-11-08,2019-11-08 09:33:40,0.5,0.8333,162,0.49,0.8166,32,0.49,0.8166,9,0.495,0.825,27,0
IWM191115C160,2019-11-08,2019-11-08 09:33:41,0.49,0.8166,704,0.48,0.8,32,0.49,0.8166,9,0.485,0.8083,27,0
IWM191115C160,2019-11-08,2019-11-08 09:33:41,0.49,0.8166,619,0.47,0.7833,206,0.49,0.8166,9,0.48,0.8,27,0
IWM191115C160,2019-11-08,2019-11-08 09:33:42,0.49,0.8166,241,0.48,0.8,20,0.49,0.8166,9,0.485,0.8083,27,0
IWM191115C160,2019-11-08,2019-11-08 09:33:42,0.49,0.8166,238,0.48,0.8,20,0.49,0.8166,9,0.485,0.8083,27,0
IWM191115C160,2019-11-08,2019-11-08 09:33:43,0.49,0.8166,315,0.47,0.7833,506,0.49,0.8166,9,0.48,0.8,27,0
IWM191115C160,2019-11-08,2019-11-08 09:33:43,0.49,0.8166,281,0.47,0.7833,506,0.49,0.8166,9,0.48,0.8,27,0
IWM191115C160,2019-11-08,2019-11-08 09:33:44,0.49,0.8166,423,0.47,0.7833,515,0.49,0.8166,9,0.48,0.8,27,0
IWM191115C160,2019-11-08,2019-11-08 09:33:44,0.49,0.8166,81,0.47,0.7833,654,0.49,0.8166,9,0.48,0.8,27,0
IWM191115C160,2019-11-08,2019-11-08 09:33:45,0.5,0.8333,583,0.48,0.8,206,0.49,0.8166,9,0.49,0.8166,27,0
IWM191115C160,2019-11-08,2019-11-08 09:33:45,0.49,0.8166,587,0.48,0.8,255,0.49,0.8166,9,0.485,0.8083,27,0
IWM191115C160,2019-11-08,2019-11-08 09:33:46,0.5,0.8333,478,0.48,0.8,437,0.49,0.8166,9,0.49,0.8166,27,0
IWM191115C160,2019-11-08,2019-11-08 09:33:47,0.5,0.8333,212,0.48,0.8,690,0.49,0.8166,9,0.49,0.8166,27,0
IWM191115C160,2019-11-08,2019-11-08 09:33:47,0.5,0.8333,183,0.48,0.8,559,0.49,0.8166,9,0.49,0.8166,27,0
IWM191115C160,2019-11-08,2019-11-08 09:33:48,0.5,0.8333,89,0.49,0.8166,32,0.49,0.8166,9,0.495,0.825,27,0
IWM191115C160,2019-11-08,2019-11-08 09:33:48,0.5,0.8333,212,0.48,0.8,690,0.49,0.8166,9,0.49,0.8166,27,0
IWM191115C160,2019-11-08,2019-11-08 09:33:49,0.51,0.85,481,0.49,0.8166,389,0.49,0.8166,9,0.5,0.8333,27,0
IWM191115C160,2019-11-08,2019-11-08 09:33:49,0.5,0.8333,89,0.49,0.8166,32,0.49,0.8166,9,0.495,0.825,27,0
IWM191115C160,2019-11-08,2019-11-08 09:33:50,0.51,0.85,662,0.49,0.8166,389,0.49,0.8166,9,0.5,0.8333,27,0
IWM191115C160,2019-11-08,2019-11-08 09:33:50,0.51,0.85,560,0.49,0.8166,294,0.49,0.8166,9,0.5,0.8333,27,0
IWM191115C160,2019-11-08,2019-11-08 09:33:51,0.51,0.85,386,0.5,0.8333,32,0.49,0.8166,9,0.505,0.8416,27,0
IWM191115C160,2019-11-08,2019-11-08 09:33:51,0.51,0.85,623,0.49,0.8166,294,0.49,0.8166,9,0.5,0.8333,27,0
IWM191115C160,2019-11-08,2019-11-08 09:33:52,0.51,0.85,386,0.5,0.8333,32,0.49,0.8166,9,0.505,0.8416,27,0
IWM191115C160,2019-11-08,2019-11-08 09:33:53,0.51,0.85,390,0.49,0.8166,41,0.49,0.8166,9,0.5,0.8333,27,0
IWM191115C160,2019-11-08,2019-11-08 09:33:53,0.51,0.85,455,0.5,0.8333,10,0.49,0.8166,9,0.505,0.8416,27,0
IWM191115C160,2019-11-08,2019-11-08 09:33:54,0.51,0.85,794,0.49,0.8166,39,0.49,0.8166,9,0.5,0.8333,27,0
IWM191115C160,2019-11-08,2019-11-08 09:33:54,0.5,0.8333,57,0.49,0.8166,39,0.49,0.8166,9,0.495,0.825,27,0
IWM191115C160,2019-11-08,2019-11-08 09:33:55,0.51,0.85,733,0.49,0.8166,20,0.49,0.8166,9,0.5,0.8333,27,0
IWM191115C160,2019-11-08,2019-11-08 09:33:55,0.5,0.8333,109,0.49,0.8166,32,0.49,0.8166,9,0.495,0.825,27,0
IWM191115C160,2019-11-08,2019-11-08 09:33:56,0.51,0.85,1144,0.49,0.8166,20,0.49,0.8166,9,0.5,0.8333,27,0
IWM191115C160,2019-11-08,2019-11-08 09:33:56,0.5,0.8333,20,0.49,0.8166,20,0.49,0.8166,9,0.495,0.825,27,0
IWM191115C160,2019-11-08,2019-11-08 09:33:57,0.5,0.8333,216,0.49,0.8166,20,0.49,0.8166,9,0.495,0.825,27,0
IWM191115C160,2019-11-08,2019-11-08 09:33:57,0.5,0.8333,20,0.49,0.8166,20,0.49,0.8166,9,0.495,0.825,27,0
IWM191115C160,2019-11-08,2019-11-08 09:33:58,0.5,0.8333,18,0.49,0.8166,31,0.49,0.8166,9,0.495,0.825,27,0
IWM191115C160,2019-11-08,2019-11-08 09:33:58,0.5,0.8333,20,0.49,0.8166,55,0.49,0.8166,9,0.495,0.825,27,0
IWM191115C160,2019-11-08,2019-11-08 09:33:59,0.5,0.8333,20,0.49,0.8166,23,0.49,0.8166,9,0.495,0.825,27,0
IWM191115C160,2019-11-08,2019-11-08 09:33:59,0.5,0.8333,20,0.49,0.8166,55,0.49,0.8166,9,0.495,0.825,27,0
IWM191115C160,2019-11-08,2019-11-08 09:34:00,0.51,0.85,399,0.49,0.8166,115,0.49,0.8166,9,0.5,0.8333,27,0
IWM191115C160,2019-11-08,2019-11-08 09:34:00,0.5,0.8333,20,0.49,0.8166,38,0.49,0.8166,9,0.495,0.825,27,0
IWM191115C160,2019-11-08,2019-11-08 09:34:01,0.52,0.8666,337,0.5,0.8333,338,0.49,0.8166,9,0.51,0.85,27,0
IWM191115C160,2019-11-08,2019-11-08 09:34:01,0.51,0.85,15,0.49,0.8166,701,0.49,0.8166,9,0.5,0.8333,27,0
IWM191115C160,2019-11-08,2019-11-08 09:34:02,0.52,0.8666,73,0.51,0.85,32,0.49,0.8166,9,0.515,0.8583,27,0
IWM191115C160,2019-11-08,2019-11-08 09:34:02,0.52,0.8666,306,0.51,0.85,32,0.49,0.8166,9,0.515,0.8583,27,0
IWM191115C160,2019-11-08,2019-11-08 09:34:03,0.52,0.8666,77,0.51,0.85,55,0.49,0.8166,9,0.515,0.8583,27,0
IWM191115C160,2019-11-08,2019-11-08 09:34:03,0.53,0.8833,439,0.51,0.85,326,0.49,0.8166,9,0.52,0.8666,27,0
IWM191115C160,2019-11-08,2019-11-08 09:34:04,0.53,0.8833,767,0.51,0.85,460,0.49,0.8166,9,0.52,0.8666,27,0
IWM191115C160,2019-11-08,2019-11-08 09:34:04,0.53,0.8833,767,0.51,0.85,500,0.49,0.8166,9,0.52,0.8666,27,0
IWM191115C160,2019-11-08,2019-11-08 09:34:05,0.53,0.8833,256,0.52,0.8666,20,0.49,0.8166,9,0.525,0.875,27,0
IWM191115C160,2019-11-08,2019-11-08 09:34:05,0.53,0.8833,767,0.51,0.85,460,0.49,0.8166,9,0.52,0.8666,27,0
IWM191115C160,2019-11-08,2019-11-08 09:34:06,0.53,0.8833,78,0.52,0.8666,20,0.49,0.8166,9,0.525,0.875,27,0
IWM191115C160,2019-11-08,2019-11-08 09:34:07,0.53,0.8833,63,0.52,0.8666,20,0.49,0.8166,9,0.525,0.875,27,0
IWM191115C160,2019-11-08,2019-11-08 09:34:08,0.54,0.9,539,0.52,0.8666,136,0.49,0.8166,9,0.53,0.8833,27,0
IWM191115C160,2019-11-08,2019-11-08 09:34:08,0.54,0.9,187,0.52,0.8666,474,0.49,0.8166,9,0.53,0.8833,27,0
IWM191115C160,2019-11-08,2019-11-08 09:34:09,0.54,0.9,76,0.53,0.8833,32,0.49,0.8166,9,0.535,0.8916,27,0
IWM191115C160,2019-11-08,2019-11-08 09:34:09,0.54,0.9,84,0.52,0.8666,447,0.49,0.8166,9,0.53,0.8833,27,0
IWM191115C160,2019-11-08,2019-11-08 09:34:10,0.54,0.9,30,0.53,0.8833,30,0.49,0.8166,9,0.535,0.8916,27,0
IWM191115C160,2019-11-08,2019-11-08 09:34:10,0.54,0.9,76,0.53,0.8833,20,0.49,0.8166,9,0.535,0.8916,27,0
IWM191115C160,2019-11-08,2019-11-08 09:34:11,0.54,0.9,12,0.52,0.8666,720,0.49,0.8166,9,0.53,0.8833,27,0
IWM191115C160,2019-11-08,2019-11-08 09:34:11,0.55,0.9166,472,0.53,0.8833,135,0.49,0.8166,9,0.54,0.9,27,0
IWM191115C160,2019-11-08,2019-11-08 09:34:12,0.55,0.9166,407,0.53,0.8833,364,0.49,0.8166,9,0.54,0.9,27,0
IWM191115C160,2019-11-08,2019-11-08 09:34:12,0.55,0.9166,832,0.53,0.8833,295,0.49,0.8166,9,0.54,0.9,27,0
IWM191115C160,2019-11-08,2019-11-08 09:34:13,0.54,0.9,70,0.52,0.8666,195,0.49,0.8166,9,0.53,0.8833,27,0
IWM191115C160,2019-11-08,2019-11-08 09:34:13,0.55,0.9166,887,0.53,0.8833,18,0.49,0.8166,9,0.54,0.9,27,0
IWM191115C160,2019-11-08,2019-11-08 09:34:14,0.54,0.9,276,0.52,0.8666,634,0.49,0.8166,9,0.53,0.8833,27,0
IWM191115C160,2019-11-08,2019-11-08 09:34:14,0.54,0.9,137,0.52,0.8666,325,0.49,0.8166,9,0.53,0.8833,27,0
IWM191115C160,2019-11-08,2019-11-08 09:34:15,0.54,0.9,276,0.52,0.8666,357,0.49,0.8166,9,0.53,0.8833,27,0
IWM191115C160,2019-11-08,2019-11-08 09:34:15,0.54,0.9,391,0.52,0.8666,600,0.49,0.8166,9,0.53,0.8833,27,0
IWM191115C160,2019-11-08,2019-11-08 09:34:16,0.54,0.9,590,0.52,0.8666,85,0.49,0.8166,9,0.53,0.8833,27,0
IWM191115C160,2019-11-08,2019-11-08 09:34:16,0.54,0.9,345,0.52,0.8666,308,0.49,0.8166,9,0.53,0.8833,27,0
IWM191115C160,2019-11-08,2019-11-08 09:34:17,0.54,0.9,571,0.52,0.8666,57,0.49,0.8166,9,0.53,0.8833,27,0
IWM191115C160,2019-11-08,2019-11-08 09:34:18,0.53,0.8833,25,0.52,0.8666,27,0.49,0.8166,9,0.525,0.875,27,0
IWM191115C160,2019-11-08,2019-11-08 09:34:18,0.53,0.8833,25,0.52,0.8666,57,0.49,0.8166,9,0.525,0.875,27,0
IWM191115C160,2019-11-08,2019-11-08 09:34:19,0.53,0.8833,60,0.51,0.85,217,0.49,0.8166,9,0.52,0.8666,27,0
IWM191115C160,2019-11-08,2019-11-08 09:34:19,0.53,0.8833,172,0.51,0.85,217,0.49,0.8166,9,0.52,0.8666,27,0
IWM191115C160,2019-11-08,2019-11-08 09:34:20,0.53,0.8833,210,0.52,0.8666,20,0.49,0.8166,9,0.525,0.875,27,0
IWM191115C160,2019-11-08,2019-11-08 09:34:20,0.53,0.8833,123,0.52,0.8666,20,0.49,0.8166,9,0.525,0.875,27,0
IWM191115C160,2019-11-08,2019-11-08 09:34:21,0.54,0.9,775,0.52,0.8666,20,0.49,0.8166,9,0.53,0.8833,27,0
IWM191115C160,2019-11-08,2019-11-08 09:34:21,0.53,0.8833,20,0.52,0.8666,20,0.49,0.8166,9,0.525,0.875,27,0
IWM191115C160,2019-11-08,2019-11-08 09:34:22,0.54,0.9,775,0.52,0.8666,20,0.49,0.8166,9,0.53,0.8833,27,0
IWM191115C160,2019-11-08,2019-11-08 09:34:23,0.54,0.9,343,0.52,0.8666,493,0.49,0.8166,9,0.53,0.8833,27,0
IWM191115C160,2019-11-08,2019-11-08 09:34:23,0.54,0.9,343,0.52,0.8666,658,0.49,0.8166,9,0.53,0.8833,27,0
IWM191115C160,2019-11-08,2019-11-08 09:34:24,0.54,0.9,343,0.52,0.8666,658,0.49,0.8166,9,0.53,0.8833,27,0
IWM191115C160,2019-11-08,2019-11-08 09:34:24,0.54,0.9,50,0.52,0.8666,686,0.49,0.8166,9,0.53,0.8833,27,0
IWM191115C160,2019-11-08,2019-11-08 09:34:25,0.54,0.9,332,0.52,0.8666,467,0.49,0.8166,9,0.53,0.8833,27,0
IWM191115C160,2019-11-08,2019-11-08 09:34:25,0.54,0.9,399,0.52,0.8666,467,0.49,0.8166,9,0.53,0.8833,27,0
IWM191115C160,2019-11-08,2019-11-08 09:34:26,0.54,0.9,690,0.52,0.8666,300,0.49,0.8166,9,0.53,0.8833,27,0
IWM191115C160,2019-11-08,2019-11-08 09:34:26,0.54,0.9,500,0.52,0.8666,132,0.49,0.8166,9,0.53,0.8833,27,0
IWM191115C160,2019-11-08,2019-11-08 09:34:27,0.54,0.9,593,0.52,0.8666,528,0.49,0.8166,9,0.53,0.8833,27,0
IWM191115C160,2019-11-08,2019-11-08 09:34:27,0.54,0.9,442,0.52,0.8666,445,0.49,0.8166,9,0.53,0.8833,27,0
IWM191115C160,2019-11-08,2019-11-08 09:34:28,0.54,0.9,197,0.52,0.8666,367,0.49,0.8166,9,0.53,0.8833,27,0
IWM191115C160,2019-11-08,2019-11-08 09:34:28,0.54,0.9,593,0.52,0.8666,528,0.49,0.8166,9,0.53,0.8833,27,0
IWM191115C160,2019-11-08,2019-11-08 09:34:29,0.54,0.9,528,0.52,0.8666,445,0.49,0.8166,9,0.53,0.8833,27,0
IWM191115C160,2019-11-08,2019-11-08 09:34:29,0.54,0.9,233,0.52,0.8666,607,0.49,0.8166,9,0.53,0.8833,27,0
IWM191115C160,2019-11-08,2019-11-08 09:34:30,0.54,0.9,669,0.52,0.8666,514,0.49,0.8166,9,0.53,0.8833,27,0
IWM191115C160,2019-11-08,2019-11-08 09:34:30,0.54,0.9,459,0.52,0.8666,564,0.49,0.8166,9,0.53,0.8833,27,0
IWM191115C160,2019-11-08,2019-11-08 09:34:31,0.54,0.9,380,0.52,0.8666,596,0.49,0.8166,9,0.53,0.8833,27,0
IWM191115C160,2019-11-08,2019-11-08 09:34:31,0.54,0.9,418,0.52,0.8666,596,0.49,0.8166,9,0.53,0.8833,27,0
IWM191115C160,2019-11-08,2019-11-08 09:34:32,0.54,0.9,120,0.52,0.8666,258,0.49,0.8166,9,0.53,0.8833,27,0
IWM191115C160,2019-11-08,2019-11-08 09:34:32,0.54,0.9,133,0.52,0.8666,240,0.49,0.8166,9,0.53,0.8833,27,0
IWM191115C160,2019-11-08,2019-11-08 09:34:33,0.54,0.9,324,0.52,0.8666,240,0.49,0.8166,9,0.53,0.8833,27,0
IWM191115C160,2019-11-08,2019-11-08 09:34:33,0.54,0.9,324,0.52,0.8666,369,0.49,0.8166,9,0.53,0.8833,27,0
IWM191115C160,2019-11-08,2019-11-08 09:34:34,0.55,0.9166,302,0.53,0.8833,63,0.49,0.8166,9,0.54,0.9,27,0
IWM191115C160,2019-11-08,2019-11-08 09:34:34,0.55,0.9166,100,0.53,0.8833,76,0.49,0.8166,9,0.54,0.9,27,0
IWM191115C160,2019-11-08,2019-11-08 09:34:35,0.56,0.9333,291,0.54,0.9,419,0.49,0.8166,9,0.55,0.9166,27,0
IWM191115C160,2019-11-08,2019-11-08 09:34:35,0.55,0.9166,112,0.54,0.9,23,0.49,0.8166,9,0.545,0.9083,27,0
IWM191115C160,2019-11-08,2019-11-08 09:34:36,0.56,0.9333,250,0.54,0.9,595,0.49,0.8166,9,0.55,0.9166,27,0
IWM191115C160,2019-11-08,2019-11-08 09:34:36,0.56,0.9333,255,0.54,0.9,595,0.49,0.8166,9,0.55,0.9166,27,0
IWM191115C160,2019-11-08,2019-11-08 09:34:37,0.56,0.9333,287,0.54,0.9,609,0.49,0.8166,9,0.55,0.9166,27,0
IWM191115C160,2019-11-08,2019-11-08 09:34:38,0.56,0.9333,403,0.54,0.9,595,0.49,0.8166,9,0.55,0.9166,27,0
IWM191115C160,2019-11-08,2019-11-08 09:34:39,0.56,0.9333,98,0.54,0.9,689,0.49,0.8166,9,0.55,0.9166,27,0
IWM191115C160,2019-11-08,2019-11-08 09:34:39,0.56,0.9333,86,0.54,0.9,434,0.49,0.8166,9,0.55,0.9166,27,0
IWM191115C160,2019-11-08,2019-11-08 09:34:40,0.56,0.9333,30,0.54,0.9,693,0.49,0.8166,9,0.55,0.9166,27,0
IWM191115C160,2019-11-08,2019-11-08 09:34:40,0.56,0.9333,74,0.55,0.9166,32,0.49,0.8166,9,0.555,0.925,27,0
IWM191115C160,2019-11-08,2019-11-08 09:34:41,0.56,0.9333,35,0.55,0.9166,66,0.49,0.8166,9,0.555,0.925,27,0
IWM191115C160,2019-11-08,2019-11-08 09:34:41,0.56,0.9333,71,0.55,0.9166,82,0.49,0.8166,9,0.555,0.925,27,0
IWM191115C160,2019-11-08,2019-11-08 09:34:42,0.56,0.9333,70,0.55,0.9166,66,0.49,0.8166,9,0.555,0.925,27,0
IWM191115C160,2019-11-08,2019-11-08 09:34:43,0.56,0.9333,423,0.54,0.9,473,0.49,0.8166,9,0.55,0.9166,27,0
IWM191115C160,2019-11-08,2019-11-08 09:34:43,0.56,0.9333,433,0.55,0.9166,20,0.49,0.8166,9,0.555,0.925,27,0
IWM191115C160,2019-11-08,2019-11-08 09:34:44,0.56,0.9333,376,0.54,0.9,473,0.49,0.8166,9,0.55,0.9166,27,0
IWM191115C160,2019-11-08,2019-11-08 09:34:44,0.56,0.9333,366,0.54,0.9,473,0.49,0.8166,9,0.55,0.9166,27,0
IWM191115C160,2019-11-08,2019-11-08 09:34:45,0.56,0.9333,621,0.54,0.9,120,0.49,0.8166,9,0.55,0.9166,27,0
IWM191115C160,2019-11-08,2019-11-08 09:34:45,0.56,0.9333,366,0.54,0.9,473,0.49,0.8166,9,0.55,0.9166,27,0
IWM191115C160,2019-11-08,2019-11-08 09:34:46,0.56,0.9333,712,0.54,0.9,333,0.49,0.8166,9,0.55,0.9166,27,0
IWM191115C160,2019-11-08,2019-11-08 09:34:47,0.56,0.9333,712,0.54,0.9,333,0.49,0.8166,9,0.55,0.9166,27,0
IWM191115C160,2019-11-08,2019-11-08 09:34:48,0.56,0.9333,712,0.54,0.9,468,0.49,0.8166,9,0.55,0.9166,27,0
IWM191115C160,2019-11-08,2019-11-08 09:34:49,0.56,0.9333,752,0.54,0.9,173,0.49,0.8166,9,0.55,0.9166,27,0
IWM191115C160,2019-11-08,2019-11-08 09:34:49,0.56,0.9333,752,0.54,0.9,193,0.49,0.8166,9,0.55,0.9166,27,0
IWM191115C160,2019-11-08,2019-11-08 09:34:50,0.56,0.9333,708,0.54,0.9,193,0.49,0.8166,9,0.55,0.9166,27,0
IWM191115C160,2019-11-08,2019-11-08 09:34:50,0.56,0.9333,708,0.54,0.9,466,0.49,0.8166,9,0.55,0.9166,27,0
IWM191115C160,2019-11-08,2019-11-08 09:34:51,0.56,0.9333,708,0.54,0.9,466,0.49,0.8166,9,0.55,0.9166,27,0
IWM191115C160,2019-11-08,2019-11-08 09:34:52,0.56,0.9333,743,0.54,0.9,205,0.49,0.8166,9,0.55,0.9166,27,0
IWM191115C160,2019-11-08,2019-11-08 09:34:52,0.56,0.9333,708,0.54,0.9,466,0.49,0.8166,9,0.55,0.9166,27,0
IWM191115C160,2019-11-08,2019-11-08 09:34:53,0.56,0.9333,708,0.54,0.9,54,0.49,0.8166,9,0.55,0.9166,27,0
IWM191115C160,2019-11-08,2019-11-08 09:34:53,0.56,0.9333,708,0.54,0.9,108,0.49,0.8166,9,0.55,0.9166,27,0
IWM191115C160,2019-11-08,2019-11-08 09:34:54,0.56,0.9333,750,0.54,0.9,57,0.49,0.8166,9,0.55,0.9166,27,0
IWM191115C160,2019-11-08,2019-11-08 09:34:55,0.56,0.9333,750,0.54,0.9,57,0.49,0.8166,9,0.55,0.9166,27,0
IWM191115C160,2019-11-08,2019-11-08 09:34:56,0.56,0.9333,750,0.54,0.9,57,0.49,0.8166,9,0.55,0.9166,27,0
IWM191115C160,2019-11-08,2019-11-08 09:34:56,0.56,0.9333,750,0.54,0.9,132,0.49,0.8166,9,0.55,0.9166,27,0
IWM191115C160,2019-11-08,2019-11-08 09:34:57,0.56,0.9333,750,0.54,0.9,37,0.49,0.8166,9,0.55,0.9166,27,0
IWM191115C160,2019-11-08,2019-11-08 09:34:58,0.56,0.9333,795,0.54,0.9,37,0.49,0.8166,9,0.55,0.9166,27,0
IWM191115C160,2019-11-08,2019-11-08 09:34:59,0.56,0.9333,841,0.54,0.9,27,0.49,0.8166,9,0.55,0.9166,27,0
IWM191115C160,2019-11-08,2019-11-08 09:35:00,0.56,0.9333,878,0.54,0.9,27,0.49,0.8166,9,0.55,0.9166,27,0
IWM191115C160,2019-11-08,2019-11-08 09:35:01,0.54,0.9,229,0.52,0.8666,102,0.49,0.8166,9,0.53,0.8833,27,0
IWM191115C160,2019-11-08,2019-11-08 09:35:01,0.54,0.9,200,0.52,0.8666,20,0.49,0.8166,9,0.53,0.8833,27,0
IWM191115C160,2019-11-08,2019-11-08 09:35:02,0.54,0.9,590,0.52,0.8666,28,0.49,0.8166,9,0.53,0.8833,27,0
IWM191115C160,2019-11-08,2019-11-08 09:35:02,0.54,0.9,263,0.52,0.8666,89,0.49,0.8166,9,0.53,0.8833,27,0
IWM191115C160,2019-11-08,2019-11-08 09:35:03,0.53,0.8833,117,0.52,0.8666,20,0.49,0.8166,9,0.525,0.875,27,0
IWM191115C160,2019-11-08,2019-11-08 09:35:03,0.53,0.8833,487,0.51,0.85,37,0.49,0.8166,9,0.52,0.8666,27,0
IWM191115C160,2019-11-08,2019-11-08 09:35:04,0.53,0.8833,602,0.5,0.8333,455,0.49,0.8166,9,0.515,0.8583,27,0
IWM191115C160,2019-11-08,2019-11-08 09:35:05,0.52,0.8666,173,0.5,0.8333,315,0.49,0.8166,9,0.51,0.85,27,0
IWM191115C160,2019-11-08,2019-11-08 09:35:05,0.53,0.8833,741,0.51,0.85,20,0.49,0.8166,9,0.52,0.8666,27,0
IWM191115C160,2019-11-08,2019-11-08 09:35:06,0.52,0.8666,879,0.5,0.8333,135,0.49,0.8166,9,0.51,0.85,27,0
IWM191115C160,2019-11-08,2019-11-08 09:35:06,0.52,0.8666,869,0.5,0.8333,10,0.49,0.8166,9,0.51,0.85,27,0
IWM191115C160,2019-11-08,2019-11-08 09:35:07,0.52,0.8666,1005,0.5,0.8333,135,0.49,0.8166,9,0.51,0.85,27,0
IWM191115C160,2019-11-08,2019-11-08 09:35:07,0.52,0.8666,784,0.5,0.8333,109,0.49,0.8166,9,0.51,0.85,27,0
IWM191115C160,2019-11-08,2019-11-08 09:35:08,0.52,0.8666,784,0.5,0.8333,10,0.49,0.8166,9,0.51,0.85,27,0
IWM191115C160,2019-11-08,2019-11-08 09:35:09,0.52,0.8666,1186,0.5,0.8333,10,0.49,0.8166,9,0.51,0.85,27,0
IWM191115C160,2019-11-08,2019-11-08 09:35:09,0.52,0.8666,809,0.5,0.8333,10,0.49,0.8166,9,0.51,0.85,27,0
IWM191115C160,2019-11-08,2019-11-08 09:35:10,0.52,0.8666,1058,0.5,0.8333,38,0.49,0.8166,9,0.51,0.85,27,0
IWM191115C160,2019-11-08,2019-11-08 09:35:10,0.51,0.85,50,0.5,0.8333,32,0.49,0.8166,9,0.505,0.8416,27,0
IWM191115C160,2019-11-08,2019-11-08 09:35:11,0.52,0.8666,211,0.5,0.8333,210,0.49,0.8166,9,0.51,0.85,27,0
IWM191115C160,2019-11-08,2019-11-08 09:35:11,0.51,0.85,36,0.5,0.8333,52,0.49,0.8166,9,0.505,0.8416,27,0
IWM191115C160,2019-11-08,2019-11-08 09:35:12,0.51,0.85,36,0.5,0.8333,56,0.49,0.8166,9,0.505,0.8416,27,0
IWM191115C160,2019-11-08,2019-11-08 09:35:12,0.51,0.85,105,0.5,0.8333,40,0.49,0.8166,9,0.505,0.8416,27,0
IWM191115C160,2019-11-08,2019-11-08 09:35:13,0.51,0.85,10,0.5,0.8333,17,0.49,0.8166,9,0.505,0.8416,27,0
IWM191115C160,2019-11-08,2019-11-08 09:35:13,0.51,0.85,82,0.5,0.8333,67,0.49,0.8166,9,0.505,0.8416,27,0
IWM191115C160,2019-11-08,2019-11-08 09:35:14,0.51,0.85,701,0.49,0.8166,10,0.49,0.8166,9,0.5,0.8333,27,0
IWM191115C160,2019-11-08,2019-11-08 09:35:14,0.51,0.85,449,0.49,0.8166,10,0.49,0.8166,9,0.5,0.8333,27,0
IWM191115C160,2019-11-08,2019-11-08 09:35:15,0.5,0.8333,20,0.49,0.8166,14,0.49,0.8166,9,0.495,0.825,27,0
IWM191115C160,2019-11-08,2019-11-08 09:35:15,0.51,0.85,701,0.49,0.8166,29,0.49,0.8166,9,0.5,0.8333,27,0
IWM191115C160,2019-11-08,2019-11-08 09:35:16,0.5,0.8333,697,0.49,0.8166,20,0.49,0.8166,9,0.495,0.825,27,0
IWM191115C160,2019-11-08,2019-11-08 09:35:16,0.5,0.8333,494,0.49,0.8166,20,0.49,0.8166,9,0.495,0.825,27,0
IWM191115C160,2019-11-08,2019-11-08 09:35:17,0.5,0.8333,526,0.49,0.8166,20,0.49,0.8166,9,0.495,0.825,27,0
IWM191115C160,2019-11-08,2019-11-08 09:35:17,0.5,0.8333,815,0.49,0.8166,20,0.49,0.8166,9,0.495,0.825,27,0
IWM191115C160,2019-11-08,2019-11-08 09:35:18,0.49,0.8166,61,0.47,0.7833,315,0.49,0.8166,10,0.48,0.8,37,10
IWM191115C160,2019-11-08,2019-11-08 09:35:18,0.5,0.8333,1123,0.49,0.8166,10,0.49,0.8166,9,0.495,0.825,27,0
IWM191115C160,2019-11-08,2019-11-08 09:35:19,0.49,0.8166,72,0.48,0.8,20,0.49,0.8166,10,0.485,0.8083,37,0
IWM191115C160,2019-11-08,2019-11-08 09:35:19,0.49,0.8166,227,0.47,0.7833,455,0.49,0.8166,10,0.48,0.8,37,0
IWM191115C160,2019-11-08,2019-11-08 09:35:20,0.49,0.8166,632,0.48,0.8,3,0.49,0.8166,10,0.485,0.8083,37,0
IWM191115C160,2019-11-08,2019-11-08 09:35:20,0.49,0.8166,246,0.48,0.8,20,0.49,0.8166,10,0.485,0.8083,37,0
IWM191115C160,2019-11-08,2019-11-08 09:35:21,0.49,0.8166,127,0.48,0.8,20,0.49,0.8166,10,0.485,0.8083,37,0
IWM191115C160,2019-11-08,2019-11-08 09:35:22,0.49,0.8166,595,0.47,0.7833,602,0.49,0.8166,10,0.48,0.8,37,0
IWM191115C160,2019-11-08,2019-11-08 09:35:22,0.49,0.8166,259,0.48,0.8,32,0.49,0.8166,10,0.485,0.8083,37,0
IWM191115C160,2019-11-08,2019-11-08 09:35:23,0.49,0.8166,760,0.47,0.7833,602,0.49,0.8166,10,0.48,0.8,37,0
IWM191115C160,2019-11-08,2019-11-08 09:35:24,0.49,0.8166,595,0.47,0.7833,602,0.49,0.8166,10,0.48,0.8,37,0
IWM191115C160,2019-11-08,2019-11-08 09:35:24,0.49,0.8166,777,0.47,0.7833,589,0.49,0.8166,10,0.48,0.8,37,0
IWM191115C160,2019-11-08,2019-11-08 09:35:25,0.49,0.8166,686,0.47,0.7833,213,0.49,0.8166,10,0.48,0.8,37,0
IWM191115C160,2019-11-08,2019-11-08 09:35:25,0.49,0.8166,777,0.47,0.7833,589,0.49,0.8166,10,0.48,0.8,37,0
IWM191115C160,2019-11-08,2019-11-08 09:35:26,0.49,0.8166,283,0.48,0.8,32,0.49,0.8166,10,0.485,0.8083,37,0
IWM191115C160,2019-11-08,2019-11-08 09:35:27,0.49,0.8166,23,0.48,0.8,32,0.49,0.8166,10,0.485,0.8083,37,0
IWM191115C160,2019-11-08,2019-11-08 09:35:28,0.5,0.8333,220,0.48,0.8,273,0.49,0.8166,10,0.49,0.8166,37,0
IWM191115C160,2019-11-08,2019-11-08 09:35:28,0.5,0.8333,588,0.47,0.7833,506,0.49,0.8166,10,0.485,0.8083,37,0
IWM191115C160,2019-11-08,2019-11-08 09:35:29,0.5,0.8333,588,0.47,0.7833,506,0.49,0.8166,10,0.485,0.8083,37,0
IWM191115C160,2019-11-08,2019-11-08 09:35:29,0.5,0.8333,985,0.48,0.8,21,0.49,0.8166,10,0.49,0.8166,37,0
IWM191115C160,2019-11-08,2019-11-08 09:35:30,0.5,0.8333,931,0.48,0.8,96,0.49,0.8166,10,0.49,0.8166,37,0
IWM191115C160,2019-11-08,2019-11-08 09:35:31,0.5,0.8333,128,0.48,0.8,76,0.49,0.8166,10,0.49,0.8166,37,0
IWM191115C160,2019-11-08,2019-11-08 09:35:31,0.5,0.8333,441,0.48,0.8,457,0.49,0.8166,10,0.49,0.8166,37,0
IWM191115C160,2019-11-08,2019-11-08 09:35:32,0.5,0.8333,31,0.48,0.8,456,0.49,0.8166,10,0.49,0.8166,37,0
IWM191115C160,2019-11-08,2019-11-08 09:35:32,0.5,0.8333,482,0.48,0.8,457,0.49,0.8166,10,0.49,0.8166,37,0
IWM191115C160,2019-11-08,2019-11-08 09:35:33,0.5,0.8333,34,0.48,0.8,599,0.49,0.8166,10,0.49,0.8166,37,0
IWM191115C160,2019-11-08,2019-11-08 09:35:33,0.5,0.8333,257,0.49,0.8166,20,0.49,0.8166,10,0.495,0.825,37,0
IWM191115C160,2019-11-08,2019-11-08 09:35:34,0.5,0.8333,1064,0.48,0.8,73,0.49,0.8166,10,0.49,0.8166,37,0
IWM191115C160,2019-11-08,2019-11-08 09:35:34,0.5,0.8333,605,0.48,0.8,142,0.49,0.8166,10,0.49,0.8166,37,0
IWM191115C160,2019-11-08,2019-11-08 09:35:35,0.5,0.8333,1064,0.48,0.8,73,0.49,0.8166,10,0.49,0.8166,37,0
IWM191115C160,2019-11-08,2019-11-08 09:35:35,0.5,0.8333,913,0.48,0.8,148,0.49,0.8166,10,0.49,0.8166,37,0
IWM191115C160,2019-11-08,2019-11-08 09:35:36,0.5,0.8333,645,0.48,0.8,442,0.49,0.8166,10,0.49,0.8166,37,0
IWM191115C160,2019-11-08,2019-11-08 09:35:36,0.5,0.8333,913,0.48,0.8,148,0.49,0.8166,10,0.49,0.8166,37,0
IWM191115C160,2019-11-08,2019-11-08 09:35:37,0.5,0.8333,1149,0.48,0.8,73,0.49,0.8166,10,0.49,0.8166,37,0
IWM191115C160,2019-11-08,2019-11-08 09:35:38,0.5,0.8333,1149,0.48,0.8,73,0.49,0.8166,10,0.49,0.8166,37,0
IWM191115C160,2019-11-08,2019-11-08 09:35:39,0.5,0.8333,917,0.48,0.8,73,0.49,0.8166,10,0.49,0.8166,37,0
IWM191115C160,2019-11-08,2019-11-08 09:35:39,0.5,0.8333,1128,0.48,0.8,22,0.49,0.8166,10,0.49,0.8166,37,0
IWM191115C160,2019-11-08,2019-11-08 09:35:40,0.49,0.8166,140,0.48,0.8,22,0.49,0.8166,10,0.485,0.8083,37,0
IWM191115C160,2019-11-08,2019-11-08 09:35:41,0.49,0.8166,122,0.48,0.8,22,0.49,0.8166,10,0.485,0.8083,37,0
IWM191115C160,2019-11-08,2019-11-08 09:35:41,0.49,0.8166,167,0.48,0.8,24,0.49,0.8166,10,0.485,0.8083,37,0
IWM191115C160,2019-11-08,2019-11-08 09:35:42,0.49,0.8166,101,0.48,0.8,64,0.49,0.8166,10,0.485,0.8083,37,0
IWM191115C160,2019-11-08,2019-11-08 09:35:42,0.49,0.8166,195,0.48,0.8,46,0.49,0.8166,10,0.485,0.8083,37,0
IWM191115C160,2019-11-08,2019-11-08 09:35:43,0.49,0.8166,557,0.47,0.7833,192,0.49,0.8166,10,0.48,0.8,37,0
IWM191115C160,2019-11-08,2019-11-08 09:35:43,0.49,0.8166,328,0.48,0.8,39,0.49,0.8166,10,0.485,0.8083,37,0
IWM191115C160,2019-11-08,2019-11-08 09:35:44,0.49,0.8166,854,0.47,0.7833,86,0.49,0.8166,10,0.48,0.8,37,0
IWM191115C160,2019-11-08,2019-11-08 09:35:44,0.49,0.8166,965,0.47,0.7833,86,0.49,0.8166,10,0.48,0.8,37,0
IWM191115C160,2019-11-08,2019-11-08 09:35:45,0.49,0.8166,1157,0.47,0.7833,88,0.49,0.8166,10,0.48,0.8,37,0
IWM191115C160,2019-11-08,2019-11-08 09:35:46,0.49,0.8166,1004,0.47,0.7833,89,0.49,0.8166,10,0.48,0.8,37,0
IWM191115C160,2019-11-08,2019-11-08 09:35:46,0.49,0.8166,1004,0.47,0.7833,88,0.49,0.8166,10,0.48,0.8,37,0
IWM191115C160,2019-11-08,2019-11-08 09:35:47,0.49,0.8166,676,0.47,0.7833,102,0.49,0.8166,10,0.48,0.8,37,0
IWM191115C160,2019-11-08,2019-11-08 09:35:48,0.49,0.8166,735,0.47,0.7833,102,0.49,0.8166,10,0.48,0.8,37,0
IWM191115C160,2019-11-08,2019-11-08 09:35:49,0.49,0.8166,735,0.47,0.7833,102,0.49,0.8166,10,0.48,0.8,37,0
IWM191115C160,2019-11-08,2019-11-08 09:35:50,0.49,0.8166,735,0.47,0.7833,89,0.49,0.8166,10,0.48,0.8,37,0
IWM191115C160,2019-11-08,2019-11-08 09:35:50,0.49,0.8166,735,0.47,0.7833,102,0.49,0.8166,10,0.48,0.8,37,0
IWM191115C160,2019-11-08,2019-11-08 09:35:51,0.49,0.8166,735,0.47,0.7833,89,0.49,0.8166,10,0.48,0.8,37,0
IWM191115C160,2019-11-08,2019-11-08 09:35:52,0.49,0.8166,735,0.47,0.7833,60,0.49,0.8166,10,0.48,0.8,37,0
IWM191115C160,2019-11-08,2019-11-08 09:35:52,0.49,0.8166,735,0.47,0.7833,89,0.49,0.8166,10,0.48,0.8,37,0
IWM191115C160,2019-11-08,2019-11-08 09:35:53,0.48,0.8,85,0.47,0.7833,59,0.49,0.8166,10,0.475,0.7916,37,0
IWM191115C160,2019-11-08,2019-11-08 09:35:53,0.48,0.8,149,0.47,0.7833,60,0.49,0.8166,10,0.475,0.7916,37,0
IWM191115C160,2019-11-08,2019-11-08 09:35:54,0.48,0.8,85,0.47,0.7833,27,0.49,0.8166,10,0.475,0.7916,37,0
IWM191115C160,2019-11-08,2019-11-08 09:35:54,0.48,0.8,85,0.47,0.7833,59,0.49,0.8166,10,0.475,0.7916,37,0
IWM191115C160,2019-11-08,2019-11-08 09:35:55,0.48,0.8,85,0.47,0.7833,50,0.49,0.8166,10,0.475,0.7916,37,0
IWM191115C160,2019-11-08,2019-11-08 09:35:56,0.48,0.8,156,0.47,0.7833,6,0.49,0.8166,10,0.475,0.7916,37,0
IWM191115C160,2019-11-08,2019-11-08 09:35:56,0.48,0.8,459,0.47,0.7833,6,0.49,0.8166,10,0.475,0.7916,37,0
IWM191115C160,2019-11-08,2019-11-08 09:35:57,0.48,0.8,567,0.47,0.7833,10,0.49,0.8166,10,0.475,0.7916,37,0
IWM191115C160,2019-11-08,2019-11-08 09:35:58,0.48,0.8,567,0.47,0.7833,10,0.49,0.8166,10,0.475,0.7916,37,0
IWM191115C160,2019-11-08,2019-11-08 09:35:59,0.48,0.8,528,0.47,0.7833,10,0.49,0.8166,10,0.475,0.7916,37,0
IWM191115C160,2019-11-08,2019-11-08 09:35:59,0.48,0.8,567,0.47,0.7833,10,0.49,0.8166,10,0.475,0.7916,37,0
IWM191115C160,2019-11-08,2019-11-08 09:36:00,0.48,0.8,530,0.46,0.7666,46,0.47,0.7833,1,0.47,0.7833,38,1
IWM191115C160,2019-11-08,2019-11-08 09:36:00,0.48,0.8,308,0.47,0.7833,10,0.49,0.8166,10,0.475,0.7916,37,0
IWM191115C160,2019-11-08,2019-11-08 09:36:01,0.48,0.8,812,0.46,0.7666,66,0.47,0.7833,1,0.47,0.7833,38,0
IWM191115C160,2019-11-08,2019-11-08 09:36:01,0.48,0.8,769,0.45,0.75,358,0.47,0.7833,1,0.465,0.775,38,0
IWM191115C160,2019-11-08,2019-11-08 09:36:02,0.48,0.8,678,0.46,0.7666,86,0.47,0.7833,1,0.47,0.7833,38,0
IWM191115C160,2019-11-08,2019-11-08 09:36:02,0.48,0.8,688,0.46,0.7666,59,0.47,0.7833,1,0.47,0.7833,38,0
IWM191115C160,2019-11-08,2019-11-08 09:36:03,0.48,0.8,678,0.46,0.7666,117,0.47,0.7833,1,0.47,0.7833,38,0
IWM191115C160,2019-11-08,2019-11-08 09:36:03,0.48,0.8,678,0.46,0.7666,66,0.47,0.7833,1,0.47,0.7833,38,0
IWM191115C160,2019-11-08,2019-11-08 09:36:04,0.48,0.8,678,0.46,0.7666,79,0.47,0.7833,1,0.47,0.7833,38,0
IWM191115C160,2019-11-08,2019-11-08 09:36:04,0.48,0.8,794,0.46,0.7666,96,0.47,0.7833,1,0.47,0.7833,38,0
IWM191115C160,2019-11-08,2019-11-08 09:36:05,0.48,0.8,702,0.46,0.7666,96,0.47,0.7833,1,0.47,0.7833,38,0
IWM191115C160,2019-11-08,2019-11-08 09:36:05,0.48,0.8,706,0.46,0.7666,55,0.47,0.7833,1,0.47,0.7833,38,0
IWM191115C160,2019-11-08,2019-11-08 09:36:06,0.48,0.8,811,0.46,0.7666,55,0.47,0.7833,1,0.47,0.7833,38,0
IWM191115C160,2019-11-08,2019-11-08 09:36:06,0.47,0.7833,685,0.45,0.75,292,0.47,0.7833,1,0.46,0.7666,38,0
IWM191115C160,2019-11-08,2019-11-08 09:36:07,0.47,0.7833,620,0.45,0.75,167,0.47,0.7833,1,0.46,0.7666,38,0
IWM191115C160,2019-11-08,2019-11-08 09:36:07,0.47,0.7833,579,0.45,0.75,167,0.47,0.7833,1,0.46,0.7666,38,0
IWM191115C160,2019-11-08,2019-11-08 09:36:08,0.47,0.7833,579,0.45,0.75,131,0.47,0.7833,1,0.46,0.7666,38,0
IWM191115C160,2019-11-08,2019-11-08 09:36:08,0.47,0.7833,579,0.45,0.75,182,0.47,0.7833,1,0.46,0.7666,38,0
IWM191115C160,2019-11-08,2019-11-08 09:36:09,0.47,0.7833,579,0.45,0.75,120,0.47,0.7833,1,0.46,0.7666,38,0
IWM191115C160,2019-11-08,2019-11-08 09:36:09,0.47,0.7833,579,0.45,0.75,195,0.47,0.7833,1,0.46,0.7666,38,0
IWM191115C160,2019-11-08,2019-11-08 09:36:10,0.47,0.7833,721,0.45,0.75,120,0.47,0.7833,1,0.46,0.7666,38,0
IWM191115C160,2019-11-08,2019-11-08 09:36:11,0.47,0.7833,721,0.45,0.75,32,0.47,0.7833,1,0.46,0.7666,38,0
IWM191115C160,2019-11-08,2019-11-08 09:36:11,0.46,0.7666,20,0.45,0.75,32,0.47,0.7833,1,0.455,0.7583,38,0
IWM191115C160,2019-11-08,2019-11-08 09:36:12,0.47,0.7833,433,0.45,0.75,145,0.47,0.7833,1,0.46,0.7666,38,0
IWM191115C160,2019-11-08,2019-11-08 09:36:12,0.47,0.7833,977,0.45,0.75,339,0.47,0.7833,1,0.46,0.7666,38,0
IWM191115C160,2019-11-08,2019-11-08 09:36:13,0.47,0.7833,977,0.45,0.75,339,0.47,0.7833,1,0.46,0.7666,38,0
IWM191115C160,2019-11-08,2019-11-08 09:36:14,0.47,0.7833,85,0.46,0.7666,46,0.47,0.7833,1,0.465,0.775,38,0
IWM191115C160,2019-11-08,2019-11-08 09:36:14,0.47,0.7833,977,0.45,0.75,339,0.47,0.7833,1,0.46,0.7666,38,0
IWM191115C160,2019-11-08,2019-11-08 09:36:15,0.48,0.8,448,0.46,0.7666,635,0.47,0.7833,1,0.47,0.7833,38,0
IWM191115C160,2019-11-08,2019-11-08 09:36:15,0.48,0.8,791,0.47,0.7833,80,0.47,0.7833,1,0.475,0.7916,38,0
IWM191115C160,2019-11-08,2019-11-08 09:36:16,0.48,0.8,257,0.46,0.7666,442,0.47,0.7833,1,0.47,0.7833,38,0
IWM191115C160,2019-11-08,2019-11-08 09:36:16,0.48,0.8,87,0.46,0.7666,225,0.47,0.7833,1,0.47,0.7833,38,0
IWM191115C160,2019-11-08,2019-11-08 09:36:17,0.48,0.8,20,0.47,0.7833,119,0.47,0.7833,1,0.475,0.7916,38,0
IWM191115C160,2019-11-08,2019-11-08 09:36:17,0.48,0.8,20,0.47,0.7833,106,0.47,0.7833,1,0.475,0.7916,38,0
IWM191115C160,2019-11-08,2019-11-08 09:36:18,0.48,0.8,20,0.47,0.7833,119,0.47,0.7833,1,0.475,0.7916,38,0
IWM191115C160,2019-11-08,2019-11-08 09:36:18,0.48,0.8,20,0.47,0.7833,106,0.47,0.7833,1,0.475,0.7916,38,0
IWM191115C160,2019-11-08,2019-11-08 09:36:19,0.49,0.8166,75,0.48,0.8,150,0.47,0.7833,1,0.485,0.8083,38,0
IWM191115C160,2019-11-08,2019-11-08 09:36:19,0.49,0.8166,146,0.47,0.7833,96,0.47,0.7833,1,0.48,0.8,38,0
IWM191115C160,2019-11-08,2019-11-08 09:36:20,0.5,0.8333,674,0.48,0.8,66,0.47,0.7833,1,0.49,0.8166,38,0
IWM191115C160,2019-11-08,2019-11-08 09:36:20,0.5,0.8333,635,0.47,0.7833,196,0.47,0.7833,1,0.485,0.8083,38,0
IWM191115C160,2019-11-08,2019-11-08 09:36:21,0.5,0.8333,40,0.49,0.8166,47,0.47,0.7833,1,0.495,0.825,38,0
IWM191115C160,2019-11-08,2019-11-08 09:36:21,0.5,0.8333,113,0.48,0.8,386,0.47,0.7833,1,0.49,0.8166,38,0
IWM191115C160,2019-11-08,2019-11-08 09:36:22,0.5,0.8333,30,0.49,0.8166,32,0.47,0.7833,1,0.495,0.825,38,0
IWM191115C160,2019-11-08,2019-11-08 09:36:22,0.5,0.8333,75,0.49,0.8166,32,0.47,0.7833,1,0.495,0.825,38,0
IWM191115C160,2019-11-08,2019-11-08 09:36:23,0.5,0.8333,30,0.49,0.8166,89,0.47,0.7833,1,0.495,0.825,38,0
IWM191115C160,2019-11-08,2019-11-08 09:36:23,0.5,0.8333,258,0.49,0.8166,32,0.47,0.7833,1,0.495,0.825,38,0
IWM191115C160,2019-11-08,2019-11-08 09:36:24,0.5,0.8333,249,0.49,0.8166,11,0.47,0.7833,1,0.495,0.825,38,0
IWM191115C160,2019-11-08,2019-11-08 09:36:24,0.5,0.8333,277,0.49,0.8166,11,0.47,0.7833,1,0.495,0.825,38,0
IWM191115C160,2019-11-08,2019-11-08 09:36:25,0.5,0.8333,20,0.49,0.8166,25,0.47,0.7833,1,0.495,0.825,38,0
IWM191115C160,2019-11-08,2019-11-08 09:36:26,0.5,0.8333,20,0.49,0.8166,11,0.47,0.7833,1,0.495,0.825,38,0
IWM191115C160,2019-11-08,2019-11-08 09:36:27,0.5,0.8333,704,0.48,0.8,131,0.47,0.7833,1,0.49,0.8166,38,0
IWM191115C160,2019-11-08,2019-11-08 09:36:27,0.5,0.8333,809,0.48,0.8,60,0.47,0.7833,1,0.49,0.8166,38,0
IWM191115C160,2019-11-08,2019-11-08 09:36:28,0.5,0.8333,911,0.48,0.8,19,0.47,0.7833,1,0.49,0.8166,38,0
IWM191115C160,2019-11-08,2019-11-08 09:36:28,0.49,0.8166,365,0.48,0.8,44,0.47,0.7833,1,0.485,0.8083,38,0
IWM191115C160,2019-11-08,2019-11-08 09:36:29,0.49,0.8166,62,0.48,0.8,29,0.47,0.7833,1,0.485,0.8083,38,0
IWM191115C160,2019-11-08,2019-11-08 09:36:29,0.49,0.8166,62,0.48,0.8,51,0.47,0.7833,1,0.485,0.8083,38,0
IWM191115C160,2019-11-08,2019-11-08 09:36:30,0.49,0.8166,62,0.48,0.8,32,0.47,0.7833,1,0.485,0.8083,38,0
IWM191115C160,2019-11-08,2019-11-08 09:36:31,0.49,0.8166,62,0.48,0.8,62,0.47,0.7833,1,0.485,0.8083,38,0
IWM191115C160,2019-11-08,2019-11-08 09:36:31,0.5,0.8333,933,0.48,0.8,62,0.47,0.7833,1,0.49,0.8166,38,0
IWM191115C160,2019-11-08,2019-11-08 09:36:32,0.5,0.8333,847,0.48,0.8,62,0.47,0.7833,1,0.49,0.8166,38,0
IWM191115C160,2019-11-08,2019-11-08 09:36:32,0.49,0.8166,20,0.48,0.8,62,0.47,0.7833,1,0.485,0.8083,38,0
IWM191115C160,2019-11-08,2019-11-08 09:36:33,0.5,0.8333,885,0.48,0.8,69,0.47,0.7833,1,0.49,0.8166,38,0
IWM191115C160,2019-11-08,2019-11-08 09:36:34,0.5,0.8333,832,0.48,0.8,69,0.47,0.7833,1,0.49,0.8166,38,0
IWM191115C160,2019-11-08,2019-11-08 09:36:35,0.5,0.8333,832,0.48,0.8,69,0.47,0.7833,1,0.49,0.8166,38,0
IWM191115C160,2019-11-08,2019-11-08 09:36:36,0.5,0.8333,903,0.48,0.8,54,0.47,0.7833,1,0.49,0.8166,38,0
IWM191115C160,2019-11-08,2019-11-08 09:36:36,0.5,0.8333,890,0.48,0.8,54,0.47,0.7833,1,0.49,0.8166,38,0
IWM191115C160,2019-11-08,2019-11-08 09:36:37,0.5,0.8333,150,0.49,0.8166,30,0.47,0.7833,1,0.495,0.825,38,0
IWM191115C160,2019-11-08,2019-11-08 09:36:37,0.5,0.8333,709,0.48,0.8,494,0.47,0.7833,1,0.49,0.8166,38,0
IWM191115C160,2019-11-08,2019-11-08 09:36:38,0.5,0.8333,10,0.49,0.8166,53,0.47,0.7833,1,0.495,0.825,38,0
IWM191115C160,2019-11-08,2019-11-08 09:36:38,0.51,0.85,82,0.49,0.8166,53,0.47,0.7833,1,0.5,0.8333,38,0
IWM191115C160,2019-11-08,2019-11-08 09:36:39,0.51,0.85,58,0.49,0.8166,740,0.47,0.7833,1,0.5,0.8333,38,0
IWM191115C160,2019-11-08,2019-11-08 09:36:39,0.51,0.85,1,0.5,0.8333,125,0.47,0.7833,1,0.505,0.8416,38,0
IWM191115C160,2019-11-08,2019-11-08 09:36:40,0.51,0.85,21,0.5,0.8333,79,0.47,0.7833,1,0.505,0.8416,38,0
IWM191115C160,2019-11-08,2019-11-08 09:36:40,0.52,0.8666,682,0.5,0.8333,123,0.47,0.7833,1,0.51,0.85,38,0
IWM191115C160,2019-11-08,2019-11-08 09:36:41,0.52,0.8666,745,0.5,0.8333,123,0.47,0.7833,1,0.51,0.85,38,0
IWM191115C160,2019-11-08,2019-11-08 09:36:41,0.52,0.8666,281,0.51,0.85,32,0.47,0.7833,1,0.515,0.8583,38,0
IWM191115C160,2019-11-08,2019-11-08 09:36:42,0.52,0.8666,281,0.51,0.85,32,0.47,0.7833,1,0.515,0.8583,38,0
IWM191115C160,2019-11-08,2019-11-08 09:36:42,0.52,0.8666,302,0.51,0.85,32,0.47,0.7833,1,0.515,0.8583,38,0
IWM191115C160,2019-11-08,2019-11-08 09:36:43,0.51,0.85,137,0.5,0.8333,32,0.47,0.7833,1,0.505,0.8416,38,0
IWM191115C160,2019-11-08,2019-11-08 09:36:43,0.51,0.85,622,0.49,0.8166,195,0.47,0.7833,1,0.5,0.8333,38,0
IWM191115C160,2019-11-08,2019-11-08 09:36:44,0.51,0.85,486,0.49,0.8166,668,0.47,0.7833,1,0.5,0.8333,38,0
IWM191115C160,2019-11-08,2019-11-08 09:36:45,0.51,0.85,621,0.49,0.8166,313,0.47,0.7833,1,0.5,0.8333,38,0
IWM191115C160,2019-11-08,2019-11-08 09:36:45,0.51,0.85,604,0.49,0.8166,553,0.47,0.7833,1,0.5,0.8333,38,0
IWM191115C160,2019-11-08,2019-11-08 09:36:46,0.53,0.8833,622,0.51,0.85,27,0.47,0.7833,1,0.52,0.8666,38,0
IWM191115C160,2019-11-08,2019-11-08 09:36:46,0.53,0.8833,257,0.5,0.8333,273,0.47,0.7833,1,0.515,0.8583,38,0
IWM191115C160,2019-11-08,2019-11-08 09:36:47,0.53,0.8833,786,0.51,0.85,50,0.47,0.7833,1,0.52,0.8666,38,0
IWM191115C160,2019-11-08,2019-11-08 09:36:47,0.52,0.8666,157,0.51,0.85,79,0.47,0.7833,1,0.515,0.8583,38,0
IWM191115C160,2019-11-08,2019-11-08 09:36:48,0.52,0.8666,273,0.51,0.85,79,0.47,0.7833,1,0.515,0.8583,38,0
IWM191115C160,2019-11-08,2019-11-08 09:36:48,0.52,0.8666,691,0.5,0.8333,207,0.47,0.7833,1,0.51,0.85,38,0
IWM191115C160,2019-11-08,2019-11-08 09:36:49,0.52,0.8666,671,0.5,0.8333,362,0.47,0.7833,1,0.51,0.85,38,0
IWM191115C160,2019-11-08,2019-11-08 09:36:49,0.52,0.8666,740,0.5,0.8333,207,0.47,0.7833,1,0.51,0.85,38,0
IWM191115C160,2019-11-08,2019-11-08 09:36:50,0.52,0.8666,982,0.5,0.8333,103,0.47,0.7833,1,0.51,0.85,38,0
IWM191115C160,2019-11-08,2019-11-08 09:36:50,0.52,0.8666,780,0.5,0.8333,107,0.47,0.7833,1,0.51,0.85,38,0
IWM191115C160,2019-11-08,2019-11-08 09:36:51,0.52,0.8666,982,0.5,0.8333,103,0.47,0.7833,1,0.51,0.85,38,0
IWM191115C160,2019-11-08,2019-11-08 09:36:52,0.52,0.8666,440,0.51,0.85,67,0.47,0.7833,1,0.515,0.8583,38,0
IWM191115C160,2019-11-08,2019-11-08 09:36:52,0.52,0.8666,914,0.5,0.8333,103,0.47,0.7833,1,0.51,0.85,38,0
IWM191115C160,2019-11-08,2019-11-08 09:36:53,0.52,0.8666,636,0.51,0.85,56,0.47,0.7833,1,0.515,0.8583,38,0
IWM191115C160,2019-11-08,2019-11-08 09:36:53,0.52,0.8666,777,0.51,0.85,56,0.47,0.7833,1,0.515,0.8583,38,0
IWM191115C160,2019-11-08,2019-11-08 09:36:54,0.52,0.8666,812,0.5,0.8333,88,0.47,0.7833,1,0.51,0.85,38,0
IWM191115C160,2019-11-08,2019-11-08 09:36:54,0.52,0.8666,812,0.5,0.8333,117,0.47,0.7833,1,0.51,0.85,38,0
IWM191115C160,2019-11-08,2019-11-08 09:36:55,0.52,0.8666,938,0.5,0.8333,88,0.47,0.7833,1,0.51,0.85,38,0
IWM191115C160,2019-11-08,2019-11-08 09:36:55,0.52,0.8666,840,0.5,0.8333,88,0.47,0.7833,1,0.51,0.85,38,0
IWM191115C160,2019-11-08,2019-11-08 09:36:56,0.51,0.85,34,0.5,0.8333,73,0.47,0.7833,1,0.505,0.8416,38,0
IWM191115C160,2019-11-08,2019-11-08 09:36:56,0.51,0.85,319,0.5,0.8333,40,0.47,0.7833,1,0.505,0.8416,38,0
IWM191115C160,2019-11-08,2019-11-08 09:36:57,0.51,0.85,10,0.5,0.8333,70,0.47,0.7833,1,0.505,0.8416,38,0
IWM191115C160,2019-11-08,2019-11-08 09:36:57,0.51,0.85,34,0.5,0.8333,73,0.47,0.7833,1,0.505,0.8416,38,0
IWM191115C160,2019-11-08,2019-11-08 09:36:58,0.51,0.85,543,0.49,0.8166,217,0.47,0.7833,1,0.5,0.8333,38,0
IWM191115C160,2019-11-08,2019-11-08 09:36:58,0.51,0.85,394,0.49,0.8166,94,0.47,0.7833,1,0.5,0.8333,38,0
IWM191115C160,2019-11-08,2019-11-08 09:36:59,0.52,0.8666,574,0.51,0.85,14,0.47,0.7833,1,0.515,0.8583,38,0
IWM191115C160,2019-11-08,2019-11-08 09:36:59,0.52,0.8666,633,0.5,0.8333,193,0.47,0.7833,1,0.51,0.85,38,0
IWM191115C160,2019-11-08,2019-11-08 09:37:00,0.52,0.8666,748,0.5,0.8333,308,0.47,0.7833,1,0.51,0.85,38,0
IWM191115C160,2019-11-08,2019-11-08 09:37:00,0.53,0.8833,490,0.5,0.8333,552,0.47,0.7833,1,0.515,0.8583,38,0
IWM191115C160,2019-11-08,2019-11-08 09:37:01,0.53,0.8833,550,0.5,0.8333,562,0.47,0.7833,1,0.515,0.8583,38,0
IWM191115C160,2019-11-08,2019-11-08 09:37:01,0.52,0.8666,10,0.5,0.8333,526,0.47,0.7833,1,0.51,0.85,38,0
IWM191115C160,2019-11-08,2019-11-08 09:37:02,0.53,0.8833,185,0.5,0.8333,526,0.47,0.7833,1,0.515,0.8583,38,0
IWM191115C160,2019-11-08,2019-11-08 09:37:03,0.53,0.8833,20,0.5,0.8333,526,0.47,0.7833,1,0.515,0.8583,38,0
IWM191115C160,2019-11-08,2019-11-08 09:37:03,0.53,0.8833,110,0.51,0.85,206,0.47,0.7833,1,0.52,0.8666,38,0
IWM191115C160,2019-11-08,2019-11-08 09:37:04,0.52,0.8666,570,0.5,0.8333,430,0.47,0.7833,1,0.51,0.85,38,0
IWM191115C160,2019-11-08,2019-11-08 09:37:04,0.52,0.8666,605,0.5,0.8333,430,0.47,0.7833,1,0.51,0.85,38,0
IWM191115C160,2019-11-08,2019-11-08 09:37:05,0.52,0.8666,593,0.5,0.8333,65,0.47,0.7833,1,0.51,0.85,38,0
IWM191115C160,2019-11-08,2019-11-08 09:37:05,0.52,0.8666,528,0.5,0.8333,58,0.47,0.7833,1,0.51,0.85,38,0
IWM191115C160,2019-11-08,2019-11-08 09:37:06,0.51,0.85,159,0.5,0.8333,58,0.47,0.7833,1,0.505,0.8416,38,0
IWM191115C160,2019-11-08,2019-11-08 09:37:06,0.51,0.85,264,0.5,0.8333,58,0.47,0.7833,1,0.505,0.8416,38,0
IWM191115C160,2019-11-08,2019-11-08 09:37:07,0.51,0.85,126,0.5,0.8333,85,0.47,0.7833,1,0.505,0.8416,38,0
IWM191115C160,2019-11-08,2019-11-08 09:37:07,0.51,0.85,687,0.49,0.8166,46,0.47,0.7833,1,0.5,0.8333,38,0
IWM191115C160,2019-11-08,2019-11-08 09:37:08,0.52,0.8666,516,0.5,0.8333,225,0.47,0.7833,1,0.51,0.85,38,0
IWM191115C160,2019-11-08,2019-11-08 09:37:08,0.52,0.8666,377,0.5,0.8333,145,0.47,0.7833,1,0.51,0.85,38,0
IWM191115C160,2019-11-08,2019-11-08 09:37:09,0.52,0.8666,500,0.5,0.8333,681,0.47,0.7833,1,0.51,0.85,38,0
IWM191115C160,2019-11-08,2019-11-08 09:37:09,0.52,0.8666,654,0.5,0.8333,348,0.47,0.7833,1,0.51,0.85,38,0
IWM191115C160,2019-11-08,2019-11-08 09:37:10,0.52,0.8666,592,0.5,0.8333,756,0.47,0.7833,1,0.51,0.85,38,0
IWM191115C160,2019-11-08,2019-11-08 09:37:10,0.52,0.8666,382,0.5,0.8333,515,0.47,0.7833,1,0.51,0.85,38,0
IWM191115C160,2019-11-08,2019-11-08 09:37:11,0.51,0.85,178,0.49,0.8166,21,0.47,0.7833,1,0.5,0.8333,38,0
IWM191115C160,2019-11-08,2019-11-08 09:37:11,0.52,0.8666,657,0.5,0.8333,482,0.47,0.7833,1,0.51,0.85,38,0
IWM191115C160,2019-11-08,2019-11-08 09:37:12,0.51,0.85,828,0.49,0.8166,10,0.47,0.7833,1,0.5,0.8333,38,0
IWM191115C160,2019-11-08,2019-11-08 09:37:12,0.51,0.85,708,0.48,0.8,286,0.47,0.7833,1,0.495,0.825,38,0
IWM191115C160,2019-11-08,2019-11-08 09:37:13,0.5,0.8333,208,0.49,0.8166,10,0.47,0.7833,1,0.495,0.825,38,0
IWM191115C160,2019-11-08,2019-11-08 09:37:14,0.5,0.8333,133,0.49,0.8166,26,0.47,0.7833,1,0.495,0.825,38,0
IWM191115C160,2019-11-08,2019-11-08 09:37:14,0.51,0.85,682,0.49,0.8166,30,0.47,0.7833,1,0.5,0.8333,38,0
IWM191115C160,2019-11-08,2019-11-08 09:37:15,0.51,0.85,775,0.49,0.8166,30,0.47,0.7833,1,0.5,0.8333,38,0
IWM191115C160,2019-11-08,2019-11-08 09:37:16,0.51,0.85,154,0.49,0.8166,347,0.47,0.7833,1,0.5,0.8333,38,0
IWM191115C160,2019-11-08,2019-11-08 09:37:16,0.51,0.85,873,0.49,0.8166,30,0.47,0.7833,1,0.5,0.8333,38,0
IWM191115C160,2019-11-08,2019-11-08 09:37:17,0.52,0.8666,441,0.5,0.8333,79,0.47,0.7833,1,0.51,0.85,38,0
IWM191115C160,2019-11-08,2019-11-08 09:37:17,0.51,0.85,154,0.49,0.8166,527,0.47,0.7833,1,0.5,0.8333,38,0
IWM191115C160,2019-11-08,2019-11-08 09:37:18,0.51,0.85,56,0.5,0.8333,79,0.47,0.7833,1,0.505,0.8416,38,0
IWM191115C160,2019-11-08,2019-11-08 09:37:18,0.51,0.85,23,0.5,0.8333,95,0.47,0.7833,1,0.505,0.8416,38,0
IWM191115C160,2019-11-08,2019-11-08 09:37:19,0.51,0.85,87,0.5,0.8333,79,0.47,0.7833,1,0.505,0.8416,38,0
IWM191115C160,2019-11-08,2019-11-08 09:37:20,0.51,0.85,765,0.49,0.8166,75,0.47,0.7833,1,0.5,0.8333,38,0
IWM191115C160,2019-11-08,2019-11-08 09:37:21,0.51,0.85,946,0.5,0.8333,13,0.47,0.7833,1,0.505,0.8416,38,0
IWM191115C160,2019-11-08,2019-11-08 09:37:21,0.51,0.85,765,0.49,0.8166,91,0.47,0.7833,1,0.5,0.8333,38,0
IWM191115C160,2019-11-08,2019-11-08 09:37:22,0.51,0.85,57,0.5,0.8333,23,0.47,0.7833,1,0.505,0.8416,38,0
IWM191115C160,2019-11-08,2019-11-08 09:37:22,0.51,0.85,84,0.5,0.8333,23,0.47,0.7833,1,0.505,0.8416,38,0
IWM191115C160,2019-11-08,2019-11-08 09:37:23,0.51,0.85,917,0.48,0.8,490,0.47,0.7833,1,0.495,0.825,38,0
IWM191115C160,2019-11-08,2019-11-08 09:37:23,0.51,0.85,433,0.48,0.8,460,0.47,0.7833,1,0.495,0.825,38,0
IWM191115C160,2019-11-08,2019-11-08 09:37:24,0.51,0.85,869,0.49,0.8166,60,0.47,0.7833,1,0.5,0.8333,38,0
IWM191115C160,2019-11-08,2019-11-08 09:37:24,0.51,0.85,917,0.48,0.8,490,0.47,0.7833,1,0.495,0.825,38,0
IWM191115C160,2019-11-08,2019-11-08 09:37:25,0.51,0.85,484,0.49,0.8166,593,0.47,0.7833,1,0.5,0.8333,38,0
IWM191115C160,2019-11-08,2019-11-08 09:37:26,0.51,0.85,828,0.49,0.8166,274,0.47,0.7833,1,0.5,0.8333,38,0
IWM191115C160,2019-11-08,2019-11-08 09:37:26,0.51,0.85,847,0.49,0.8166,288,0.47,0.7833,1,0.5,0.8333,38,0
IWM191115C160,2019-11-08,2019-11-08 09:37:27,0.51,0.85,773,0.49,0.8166,274,0.47,0.7833,1,0.5,0.8333,38,0
IWM191115C160,2019-11-08,2019-11-08 09:37:27,0.51,0.85,828,0.49,0.8166,274,0.47,0.7833,1,0.5,0.8333,38,0
IWM191115C160,2019-11-08,2019-11-08 09:37:28,0.51,0.85,631,0.49,0.8166,122,0.47,0.7833,1,0.5,0.8333,38,0
IWM191115C160,2019-11-08,2019-11-08 09:37:28,0.51,0.85,927,0.49,0.8166,217,0.47,0.7833,1,0.5,0.8333,38,0
IWM191115C160,2019-11-08,2019-11-08 09:37:29,0.51,0.85,815,0.49,0.8166,271,0.47,0.7833,1,0.5,0.8333,38,0
IWM191115C160,2019-11-08,2019-11-08 09:37:29,0.51,0.85,702,0.49,0.8166,242,0.47,0.7833,1,0.5,0.8333,38,0
IWM191115C160,2019-11-08,2019-11-08 09:37:30,0.5,0.8333,78,0.49,0.8166,52,0.47,0.7833,1,0.495,0.825,38,0
IWM191115C160,2019-11-08,2019-11-08 09:37:30,0.51,0.85,803,0.49,0.8166,271,0.47,0.7833,1,0.5,0.8333,38,0
IWM191115C160,2019-11-08,2019-11-08 09:37:31,0.5,0.8333,78,0.49,0.8166,36,0.47,0.7833,1,0.495,0.825,38,0
IWM191115C160,2019-11-08,2019-11-08 09:37:31,0.5,0.8333,648,0.49,0.8166,45,0.47,0.7833,1,0.495,0.825,38,0
IWM191115C160,2019-11-08,2019-11-08 09:37:32,0.5,0.8333,111,0.49,0.8166,50,0.47,0.7833,1,0.495,0.825,38,0
IWM191115C160,2019-11-08,2019-11-08 09:37:33,0.5,0.8333,66,0.49,0.8166,103,0.47,0.7833,1,0.495,0.825,38,0
IWM191115C160,2019-11-08,2019-11-08 09:37:34,0.5,0.8333,43,0.49,0.8166,103,0.47,0.7833,1,0.495,0.825,38,0
IWM191115C160,2019-11-08,2019-11-08 09:37:35,0.51,0.85,172,0.49,0.8166,70,0.47,0.7833,1,0.5,0.8333,38,0
IWM191115C160,2019-11-08,2019-11-08 09:37:35,0.5,0.8333,43,0.49,0.8166,67,0.47,0.7833,1,0.495,0.825,38,0
IWM191115C160,2019-11-08,2019-11-08 09:37:36,0.51,0.85,490,0.49,0.8166,248,0.47,0.7833,1,0.5,0.8333,38,0
IWM191115C160,2019-11-08,2019-11-08 09:37:36,0.51,0.85,541,0.49,0.8166,138,0.47,0.7833,1,0.5,0.8333,38,0
IWM191115C160,2019-11-08,2019-11-08 09:37:37,0.51,0.85,725,0.49,0.8166,290,0.47,0.7833,1,0.5,0.8333,38,0
IWM191115C160,2019-11-08,2019-11-08 09:37:38,0.51,0.85,725,0.49,0.8166,290,0.47,0.7833,1,0.5,0.8333,38,0
IWM191115C160,2019-11-08,2019-11-08 09:37:38,0.51,0.85,773,0.49,0.8166,277,0.47,0.7833,1,0.5,0.8333,38,0
IWM191115C160,2019-11-08,2019-11-08 09:37:39,0.51,0.85,847,0.49,0.8166,56,0.47,0.7833,1,0.5,0.8333,38,0
IWM191115C160,2019-11-08,2019-11-08 09:37:39,0.51,0.85,854,0.49,0.8166,49,0.47,0.7833,1,0.5,0.8333,38,0
IWM191115C160,2019-11-08,2019-11-08 09:37:40,0.51,0.85,904,0.49,0.8166,56,0.47,0.7833,1,0.5,0.8333,38,0
IWM191115C160,2019-11-08,2019-11-08 09:37:41,0.51,0.85,52,0.5,0.8333,20,0.47,0.7833,1,0.505,0.8416,38,0
IWM191115C160,2019-11-08,2019-11-08 09:37:41,0.51,0.85,904,0.49,0.8166,57,0.47,0.7833,1,0.5,0.8333,38,0
IWM191115C160,2019-11-08,2019-11-08 09:37:42,0.51,0.85,111,0.5,0.8333,10,0.47,0.7833,1,0.505,0.8416,38,0
IWM191115C160,2019-11-08,2019-11-08 09:37:42,0.51,0.85,95,0.5,0.8333,20,0.47,0.7833,1,0.505,0.8416,38,0
IWM191115C160,2019-11-08,2019-11-08 09:37:43,0.51,0.85,404,0.5,0.8333,10,0.47,0.7833,1,0.505,0.8416,38,0
IWM191115C160,2019-11-08,2019-11-08 09:37:43,0.51,0.85,318,0.5,0.8333,10,0.47,0.7833,1,0.505,0.8416,38,0
IWM191115C160,2019-11-08,2019-11-08 09:37:44,0.52,0.8666,16,0.5,0.8333,70,0.47,0.7833,1,0.51,0.85,38,0
IWM191115C160,2019-11-08,2019-11-08 09:37:44,0.51,0.85,137,0.5,0.8333,20,0.47,0.7833,1,0.505,0.8416,38,0
IWM191115C160,2019-11-08,2019-11-08 09:37:45,0.52,0.8666,622,0.5,0.8333,217,0.47,0.7833,1,0.51,0.85,38,0
IWM191115C160,2019-11-08,2019-11-08 09:37:45,0.52,0.8666,506,0.5,0.8333,217,0.47,0.7833,1,0.51,0.85,38,0
IWM191115C160,2019-11-08,2019-11-08 09:37:46,0.52,0.8666,767,0.5,0.8333,453,0.47,0.7833,1,0.51,0.85,38,0
IWM191115C160,2019-11-08,2019-11-08 09:37:46,0.52,0.8666,767,0.5,0.8333,412,0.47,0.7833,1,0.51,0.85,38,0
IWM191115C160,2019-11-08,2019-11-08 09:37:47,0.52,0.8666,767,0.5,0.8333,449,0.47,0.7833,1,0.51,0.85,38,0
IWM191115C160,2019-11-08,2019-11-08 09:37:48,0.52,0.8666,767,0.5,0.8333,449,0.47,0.7833,1,0.51,0.85,38,0
IWM191115C160,2019-11-08,2019-11-08 09:37:49,0.52,0.8666,767,0.5,0.8333,450,0.47,0.7833,1,0.51,0.85,38,0
IWM191115C160,2019-11-08,2019-11-08 09:37:49,0.52,0.8666,822,0.5,0.8333,367,0.47,0.7833,1,0.51,0.85,38,0
IWM191115C160,2019-11-08,2019-11-08 09:37:50,0.52,0.8666,822,0.5,0.8333,424,0.47,0.7833,1,0.51,0.85,38,0
IWM191115C160,2019-11-08,2019-11-08 09:37:51,0.52,0.8666,822,0.5,0.8333,424,0.5,0.8333,3,0.51,0.85,41,3
IWM191115C160,2019-11-08,2019-11-08 09:37:51,0.52,0.8666,822,0.5,0.8333,370,0.5,0.8333,3,0.51,0.85,41,0
IWM191115C160,2019-11-08,2019-11-08 09:37:52,0.52,0.8666,775,0.5,0.8333,484,0.5,0.8333,3,0.51,0.85,41,0
IWM191115C160,2019-11-08,2019-11-08 09:37:53,0.52,0.8666,744,0.5,0.8333,484,0.5,0.8333,3,0.51,0.85,41,0
IWM191115C160,2019-11-08,2019-11-08 09:37:54,0.52,0.8666,762,0.5,0.8333,476,0.5,0.8333,3,0.51,0.85,41,0
IWM191115C160,2019-11-08,2019-11-08 09:37:55,0.52,0.8666,762,0.5,0.8333,100,0.5,0.8333,3,0.51,0.85,41,0
IWM191115C160,2019-11-08,2019-11-08 09:37:56,0.52,0.8666,756,0.5,0.8333,182,0.5,0.8333,3,0.51,0.85,41,0
IWM191115C160,2019-11-08,2019-11-08 09:37:56,0.52,0.8666,866,0.5,0.8333,143,0.5,0.8333,3,0.51,0.85,41,0
IWM191115C160,2019-11-08,2019-11-08 09:37:57,0.52,0.8666,822,0.5,0.8333,96,0.5,0.8333,3,0.51,0.85,41,0
IWM191115C160,2019-11-08,2019-11-08 09:37:57,0.52,0.8666,822,0.5,0.8333,143,0.5,0.8333,3,0.51,0.85,41,0
IWM191115C160,2019-11-08,2019-11-08 09:37:58,0.52,0.8666,876,0.5,0.8333,96,0.5,0.8333,3,0.51,0.85,41,0
IWM191115C160,2019-11-08,2019-11-08 09:37:59,0.52,0.8666,909,0.5,0.8333,84,0.5,0.8333,3,0.51,0.85,41,0
IWM191115C160,2019-11-08,2019-11-08 09:37:59,0.52,0.8666,876,0.5,0.8333,96,0.5,0.8333,3,0.51,0.85,41,0
IWM191115C160,2019-11-08,2019-11-08 09:38:00,0.52,0.8666,830,0.5,0.8333,322,0.5,0.8333,3,0.51,0.85,41,0
IWM191115C160,2019-11-08,2019-11-08 09:38:00,0.52,0.8666,909,0.5,0.8333,84,0.5,0.8333,3,0.51,0.85,41,0
IWM191115C160,2019-11-08,2019-11-08 09:38:01,0.52,0.8666,545,0.5,0.8333,620,0.5,0.8333,3,0.51,0.85,41,0
IWM191115C160,2019-11-08,2019-11-08 09:38:01,0.52,0.8666,632,0.5,0.8333,190,0.5,0.8333,3,0.51,0.85,41,0
IWM191115C160,2019-11-08,2019-11-08 09:38:02,0.52,0.8666,645,0.5,0.8333,620,0.5,0.8333,3,0.51,0.85,41,0
IWM191115C160,2019-11-08,2019-11-08 09:38:03,0.52,0.8666,765,0.5,0.8333,620,0.5,0.8333,3,0.51,0.85,41,0
IWM191115C160,2019-11-08,2019-11-08 09:38:04,0.52,0.8666,769,0.5,0.8333,81,0.5,0.8333,3,0.51,0.85,41,0
IWM191115C160,2019-11-08,2019-11-08 09:38:04,0.52,0.8666,765,0.5,0.8333,620,0.5,0.8333,3,0.51,0.85,41,0
IWM191115C160,2019-11-08,2019-11-08 09:38:05,0.52,0.8666,831,0.5,0.8333,49,0.5,0.8333,3,0.51,0.85,41,0
IWM191115C160,2019-11-08,2019-11-08 09:38:05,0.52,0.8666,769,0.5,0.8333,49,0.5,0.8333,3,0.51,0.85,41,0
IWM191115C160,2019-11-08,2019-11-08 09:38:06,0.52,0.8666,883,0.5,0.8333,123,0.5,0.8333,3,0.51,0.85,41,0
IWM191115C160,2019-11-08,2019-11-08 09:38:07,0.52,0.8666,534,0.5,0.8333,113,0.5,0.8333,3,0.51,0.85,41,0
IWM191115C160,2019-11-08,2019-11-08 09:38:07,0.53,0.8833,437,0.51,0.85,483,0.5,0.8333,3,0.52,0.8666,41,0
IWM191115C160,2019-11-08,2019-11-08 09:38:08,0.53,0.8833,30,0.52,0.8666,74,0.5,0.8333,3,0.525,0.875,41,0
IWM191115C160,2019-11-08,2019-11-08 09:38:08,0.53,0.8833,630,0.52,0.8666,43,0.5,0.8333,3,0.525,0.875,41,0
IWM191115C160,2019-11-08,2019-11-08 09:38:09,0.54,0.9,64,0.53,0.8833,72,0.5,0.8333,3,0.535,0.8916,41,0
IWM191115C160,2019-11-08,2019-11-08 09:38:10,0.54,0.9,64,0.53,0.8833,72,0.5,0.8333,3,0.535,0.8916,41,0
IWM191115C160,2019-11-08,2019-11-08 09:38:11,0.54,0.9,59,0.54,0.9,11,0.5,0.8333,3,0.54,0.9,41,0
IWM191115C160,2019-11-08,2019-11-08 09:38:11,0.54,0.9,59,0.53,0.8833,96,0.5,0.8333,3,0.535,0.8916,41,0
IWM191115C160,2019-11-08,2019-11-08 09:38:12,0.54,0.9,59,0.54,0.9,22,0.5,0.8333,3,0.54,0.9,41,0
IWM191115C160,2019-11-08,2019-11-08 09:38:12,0.55,0.9166,807,0.54,0.9,3,0.5,0.8333,3,0.545,0.9083,41,0
IWM191115C160,2019-11-08,2019-11-08 09:38:13,0.55,0.9166,804,0.54,0.9,10,0.5,0.8333,3,0.545,0.9083,41,0
IWM191115C160,2019-11-08,2019-11-08 09:38:14,0.55,0.9166,754,0.52,0.8666,385,0.5,0.8333,3,0.535,0.8916,41,0
IWM191115C160,2019-11-08,2019-11-08 09:38:14,0.54,0.9,438,0.53,0.8833,16,0.5,0.8333,3,0.535,0.8916,41,0
IWM191115C160,2019-11-08,2019-11-08 09:38:15,0.54,0.9,547,0.53,0.8833,16,0.5,0.8333,3,0.535,0.8916,41,0
IWM191115C160,2019-11-08,2019-11-08 09:38:15,0.54,0.9,663,0.53,0.8833,17,0.5,0.8333,3,0.535,0.8916,41,0
IWM191115C160,2019-11-08,2019-11-08 09:38:16,0.54,0.9,619,0.53,0.8833,41,0.5,0.8333,3,0.535,0.8916,41,0
IWM191115C160,2019-11-08,2019-11-08 09:38:16,0.54,0.9,404,0.53,0.8833,20,0.5,0.8333,3,0.535,0.8916,41,0
IWM191115C160,2019-11-08,2019-11-08 09:38:17,0.54,0.9,190,0.53,0.8833,20,0.5,0.8333,3,0.535,0.8916,41,0
IWM191115C160,2019-11-08,2019-11-08 09:38:17,0.55,0.9166,529,0.53,0.8833,131,0.5,0.8333,3,0.54,0.9,41,0
IWM191115C160,2019-11-08,2019-11-08 09:38:18,0.55,0.9166,539,0.53,0.8833,276,0.5,0.8333,3,0.54,0.9,41,0
IWM191115C160,2019-11-08,2019-11-08 09:38:18,0.55,0.9166,465,0.53,0.8833,429,0.5,0.8333,3,0.54,0.9,41,0
IWM191115C160,2019-11-08,2019-11-08 09:38:19,0.55,0.9166,474,0.53,0.8833,200,0.5,0.8333,3,0.54,0.9,41,0
IWM191115C160,2019-11-08,2019-11-08 09:38:19,0.55,0.9166,439,0.53,0.8833,487,0.5,0.8333,3,0.54,0.9,41,0
IWM191115C160,2019-11-08,2019-11-08 09:38:20,0.55,0.9166,127,0.53,0.8833,371,0.5,0.8333,3,0.54,0.9,41,0
IWM191115C160,2019-11-08,2019-11-08 09:38:20,0.55,0.9166,303,0.53,0.8833,432,0.5,0.8333,3,0.54,0.9,41,0
IWM191115C160,2019-11-08,2019-11-08 09:38:21,0.55,0.9166,348,0.53,0.8833,657,0.5,0.8333,3,0.54,0.9,41,0
IWM191115C160,2019-11-08,2019-11-08 09:38:21,0.55,0.9166,682,0.53,0.8833,59,0.5,0.8333,3,0.54,0.9,41,0
IWM191115C160,2019-11-08,2019-11-08 09:38:22,0.55,0.9166,407,0.53,0.8833,59,0.5,0.8333,3,0.54,0.9,41,0
IWM191115C160,2019-11-08,2019-11-08 09:38:22,0.55,0.9166,436,0.53,0.8833,429,0.5,0.8333,3,0.54,0.9,41,0
IWM191115C160,2019-11-08,2019-11-08 09:38:23,0.55,0.9166,467,0.54,0.9,31,0.5,0.8333,3,0.545,0.9083,41,0
IWM191115C160,2019-11-08,2019-11-08 09:38:23,0.55,0.9166,476,0.53,0.8833,190,0.5,0.8333,3,0.54,0.9,41,0
IWM191115C160,2019-11-08,2019-11-08 09:38:24,0.55,0.9166,467,0.54,0.9,31,0.5,0.8333,3,0.545,0.9083,41,0
IWM191115C160,2019-11-08,2019-11-08 09:38:25,0.55,0.9166,674,0.54,0.9,31,0.5,0.8333,3,0.545,0.9083,41,0
IWM191115C160,2019-11-08,2019-11-08 09:38:26,0.55,0.9166,598,0.54,0.9,31,0.5,0.8333,3,0.545,0.9083,41,0
IWM191115C160,2019-11-08,2019-11-08 09:38:26,0.55,0.9166,393,0.54,0.9,31,0.5,0.8333,3,0.545,0.9083,41,0
IWM191115C160,2019-11-08,2019-11-08 09:38:27,0.55,0.9166,741,0.54,0.9,31,0.5,0.8333,3,0.545,0.9083,41,0
IWM191115C160,2019-11-08,2019-11-08 09:38:27,0.55,0.9166,643,0.54,0.9,31,0.5,0.8333,3,0.545,0.9083,41,0
IWM191115C160,2019-11-08,2019-11-08 09:38:28,0.55,0.9166,618,0.53,0.8833,357,0.5,0.8333,3,0.54,0.9,41,0
IWM191115C160,2019-11-08,2019-11-08 09:38:28,0.55,0.9166,643,0.54,0.9,31,0.5,0.8333,3,0.545,0.9083,41,0
IWM191115C160,2019-11-08,2019-11-08 09:38:29,0.55,0.9166,618,0.53,0.8833,706,0.5,0.8333,3,0.54,0.9,41,0
IWM191115C160,2019-11-08,2019-11-08 09:38:30,0.55,0.9166,44,0.53,0.8833,706,0.5,0.8333,3,0.54,0.9,41,0
IWM191115C160,2019-11-08,2019-11-08 09:38:30,0.56,0.9333,339,0.53,0.8833,893,0.5,0.8333,3,0.545,0.9083,41,0
IWM191115C160,2019-11-08,2019-11-08 09:38:31,0.56,0.9333,871,0.54,0.9,90,0.5,0.8333,3,0.55,0.9166,41,0
IWM191115C160,2019-11-08,2019-11-08 09:38:31,0.56,0.9333,752,0.53,0.8833,893,0.5,0.8333,3,0.545,0.9083,41,0
IWM191115C160,2019-11-08,2019-11-08 09:38:32,0.56,0.9333,871,0.54,0.9,90,0.5,0.8333,3,0.55,0.9166,41,0
IWM191115C160,2019-11-08,2019-11-08 09:38:32,0.56,0.9333,871,0.54,0.9,81,0.5,0.8333,3,0.55,0.9166,41,0
IWM191115C160,2019-11-08,2019-11-08 09:38:33,0.56,0.9333,871,0.54,0.9,81,0.5,0.8333,3,0.55,0.9166,41,0
IWM191115C160,2019-11-08,2019-11-08 09:38:33,0.56,0.9333,756,0.54,0.9,268,0.5,0.8333,3,0.55,0.9166,41,0
IWM191115C160,2019-11-08,2019-11-08 09:38:34,0.56,0.9333,756,0.54,0.9,524,0.5,0.8333,3,0.55,0.9166,41,0
IWM191115C160,2019-11-08,2019-11-08 09:38:34,0.56,0.9333,756,0.54,0.9,350,0.5,0.8333,3,0.55,0.9166,41,0
IWM191115C160,2019-11-08,2019-11-08 09:38:35,0.56,0.9333,756,0.54,0.9,651,0.5,0.8333,3,0.55,0.9166,41,0
IWM191115C160,2019-11-08,2019-11-08 09:38:35,0.56,0.9333,715,0.54,0.9,651,0.5,0.8333,3,0.55,0.9166,41,0
IWM191115C160,2019-11-08,2019-11-08 09:38:36,0.56,0.9333,856,0.54,0.9,387,0.5,0.8333,3,0.55,0.9166,41,0
IWM191115C160,2019-11-08,2019-11-08 09:38:37,0.56,0.9333,97,0.54,0.9,575,0.5,0.8333,3,0.55,0.9166,41,0
IWM191115C160,2019-11-08,2019-11-08 09:38:37,0.57,0.95,305,0.54,0.9,1042,0.5,0.8333,3,0.555,0.925,41,0
IWM191115C160,2019-11-08,2019-11-08 09:38:38,0.57,0.95,461,0.55,0.9166,89,0.5,0.8333,3,0.56,0.9333,41,0
IWM191115C160,2019-11-08,2019-11-08 09:38:38,0.57,0.95,461,0.54,0.9,1076,0.5,0.8333,3,0.555,0.925,41,0
IWM191115C160,2019-11-08,2019-11-08 09:38:39,0.57,0.95,502,0.55,0.9166,154,0.5,0.8333,3,0.56,0.9333,41,0
IWM191115C160,2019-11-08,2019-11-08 09:38:40,0.57,0.95,386,0.55,0.9166,397,0.5,0.8333,3,0.56,0.9333,41,0
IWM191115C160,2019-11-08,2019-11-08 09:38:40,0.57,0.95,164,0.55,0.9166,397,0.5,0.8333,3,0.56,0.9333,41,0
IWM191115C160,2019-11-08,2019-11-08 09:38:41,0.57,0.95,490,0.55,0.9166,536,0.5,0.8333,3,0.56,0.9333,41,0
IWM191115C160,2019-11-08,2019-11-08 09:38:41,0.57,0.95,293,0.55,0.9166,501,0.5,0.8333,3,0.56,0.9333,41,0
IWM191115C160,2019-11-08,2019-11-08 09:38:42,0.57,0.95,169,0.55,0.9166,501,0.5,0.8333,3,0.56,0.9333,41,0
IWM191115C160,2019-11-08,2019-11-08 09:38:42,0.57,0.95,406,0.56,0.9333,15,0.5,0.8333,3,0.565,0.9416,41,0
IWM191115C160,2019-11-08,2019-11-08 09:38:43,0.57,0.95,701,0.56,0.9333,15,0.5,0.8333,3,0.565,0.9416,41,0
IWM191115C160,2019-11-08,2019-11-08 09:38:44,0.57,0.95,609,0.56,0.9333,15,0.5,0.8333,3,0.565,0.9416,41,0
IWM191115C160,2019-11-08,2019-11-08 09:38:44,0.57,0.95,701,0.56,0.9333,15,0.5,0.8333,3,0.565,0.9416,41,0
IWM191115C160,2019-11-08,2019-11-08 09:38:45,0.57,0.95,609,0.56,0.9333,15,0.5,0.8333,3,0.565,0.9416,41,0
IWM191115C160,2019-11-08,2019-11-08 09:38:45,0.57,0.95,581,0.56,0.9333,15,0.5,0.8333,3,0.565,0.9416,41,0
IWM191115C160,2019-11-08,2019-11-08 09:38:46,0.57,0.95,594,0.56,0.9333,15,0.5,0.8333,3,0.565,0.9416,41,0
IWM191115C160,2019-11-08,2019-11-08 09:38:46,0.57,0.95,624,0.56,0.9333,15,0.5,0.8333,3,0.565,0.9416,41,0
IWM191115C160,2019-11-08,2019-11-08 09:38:47,0.57,0.95,594,0.56,0.9333,15,0.5,0.8333,3,0.565,0.9416,41,0
IWM191115C160,2019-11-08,2019-11-08 09:38:48,0.57,0.95,641,0.56,0.9333,15,0.5,0.8333,3,0.565,0.9416,41,0
IWM191115C160,2019-11-08,2019-11-08 09:38:49,0.57,0.95,641,0.56,0.9333,15,0.5,0.8333,3,0.565,0.9416,41,0
IWM191115C160,2019-11-08,2019-11-08 09:38:50,0.57,0.95,641,0.56,0.9333,26,0.5,0.8333,3,0.565,0.9416,41,0
IWM191115C160,2019-11-08,2019-11-08 09:38:50,0.58,0.9666,669,0.56,0.9333,123,0.5,0.8333,3,0.57,0.95,41,0
IWM191115C160,2019-11-08,2019-11-08 09:38:51,0.58,0.9666,673,0.56,0.9333,128,0.5,0.8333,3,0.57,0.95,41,0
IWM191115C160,2019-11-08,2019-11-08 09:38:51,0.58,0.9666,866,0.56,0.9333,81,0.5,0.8333,3,0.57,0.95,41,0
IWM191115C160,2019-11-08,2019-11-08 09:38:52,0.58,0.9666,553,0.56,0.9333,273,0.5,0.8333,3,0.57,0.95,41,0
IWM191115C160,2019-11-08,2019-11-08 09:38:52,0.58,0.9666,553,0.56,0.9333,236,0.5,0.8333,3,0.57,0.95,41,0
IWM191115C160,2019-11-08,2019-11-08 09:38:53,0.58,0.9666,303,0.56,0.9333,125,0.5,0.8333,3,0.57,0.95,41,0
IWM191115C160,2019-11-08,2019-11-08 09:38:53,0.58,0.9666,698,0.56,0.9333,292,0.5,0.8333,3,0.57,0.95,41,0
IWM191115C160,2019-11-08,2019-11-08 09:38:54,0.58,0.9666,698,0.56,0.9333,292,0.5,0.8333,3,0.57,0.95,41,0
IWM191115C160,2019-11-08,2019-11-08 09:38:54,0.58,0.9666,698,0.56,0.9333,356,0.5,0.8333,3,0.57,0.95,41,0
IWM191115C160,2019-11-08,2019-11-08 09:38:55,0.58,0.9666,819,0.56,0.9333,356,0.5,0.8333,3,0.57,0.95,41,0
IWM191115C160,2019-11-08,2019-11-08 09:38:55,0.58,0.9666,857,0.56,0.9333,342,0.5,0.8333,3,0.57,0.95,41,0
IWM191115C160,2019-11-08,2019-11-08 09:38:56,0.57,0.95,73,0.56,0.9333,26,0.5,0.8333,3,0.565,0.9416,41,0
IWM191115C160,2019-11-08,2019-11-08 09:38:56,0.58,0.9666,506,0.56,0.9333,342,0.5,0.8333,3,0.57,0.95,41,0
IWM191115C160,2019-11-08,2019-11-08 09:38:57,0.58,0.9666,408,0.56,0.9333,146,0.5,0.8333,3,0.57,0.95,41,0
IWM191115C160,2019-11-08,2019-11-08 09:38:57,0.58,0.9666,422,0.56,0.9333,132,0.5,0.8333,3,0.57,0.95,41,0
IWM191115C160,2019-11-08,2019-11-08 09:38:58,0.58,0.9666,881,0.56,0.9333,437,0.5,0.8333,3,0.57,0.95,41,0
IWM191115C160,2019-11-08,2019-11-08 09:38:59,0.58,0.9666,881,0.56,0.9333,407,0.5,0.8333,3,0.57,0.95,41,0
IWM191115C160,2019-11-08,2019-11-08 09:39:00,0.58,0.9666,881,0.56,0.9333,393,0.5,0.8333,3,0.57,0.95,41,0
IWM191115C160,2019-11-08,2019-11-08 09:39:00,0.58,0.9666,881,0.56,0.9333,431,0.5,0.8333,3,0.57,0.95,41,0
IWM191115C160,2019-11-08,2019-11-08 09:39:01,0.58,0.9666,736,0.56,0.9333,497,0.5,0.8333,3,0.57,0.95,41,0
IWM191115C160,2019-11-08,2019-11-08 09:39:01,0.58,0.9666,562,0.56,0.9333,466,0.5,0.8333,3,0.57,0.95,41,0
IWM191115C160,2019-11-08,2019-11-08 09:39:02,0.58,0.9666,645,0.56,0.9333,461,0.5,0.8333,3,0.57,0.95,41,0
IWM191115C160,2019-11-08,2019-11-08 09:39:02,0.58,0.9666,799,0.57,0.95,26,0.57,0.95,3,0.575,0.9583,44,3
IWM191115C160,2019-11-08,2019-11-08 09:39:03,0.58,0.9666,394,0.57,0.95,10,0.57,0.95,3,0.575,0.9583,44,0
IWM191115C160,2019-11-08,2019-11-08 09:39:03,0.58,0.9666,799,0.57,0.95,10,0.57,0.95,3,0.575,0.9583,44,0
IWM191115C160,2019-11-08,2019-11-08 09:39:04,0.58,0.9666,89,0.57,0.95,26,0.57,0.95,3,0.575,0.9583,44,0
IWM191115C160,2019-11-08,2019-11-08 09:39:04,0.58,0.9666,394,0.57,0.95,10,0.57,0.95,3,0.575,0.9583,44,0
IWM191115C160,2019-11-08,2019-11-08 09:39:05,0.58,0.9666,196,0.57,0.95,10,0.57,0.95,3,0.575,0.9583,44,0
