symbol,Date,quote_time,ask_price,norm_ask_price,ask_size,bid_price,norm_bid_price,bid_size,last_trade_price,norm_last_trade_price,last_trade_size,mark_price,norm_mark_price,volume,Volume
IWM190920P156,2019-09-13,2019-09-13 09:30:00,0.98,0.9607,30,0.9,0.8823,30,1.0,0.9803,1,0.94,0.9215,1,0
IWM190920P156,2019-09-13,2019-09-13 09:30:00,1.02,1.0,50,0.85,0.8333,50,1.0,0.9803,1,0.935,0.9166,1,1
IWM190920P156,2019-09-13,2019-09-13 09:30:01,0.97,0.9509,15,0.9,0.8823,30,1.0,0.9803,1,0.935,0.9166,1,0
IWM190920P156,2019-09-13,2019-09-13 09:30:02,0.97,0.9509,15,0.9,0.8823,30,1.0,0.9803,1,0.935,0.9166,1,0
IWM190920P156,2019-09-13,2019-09-13 09:30:03,0.97,0.9509,75,0.9,0.8823,60,1.0,0.9803,1,0.935,0.9166,1,0
IWM190920P156,2019-09-13,2019-09-13 09:30:03,0.97,0.9509,60,0.9,0.8823,60,1.0,0.9803,1,0.935,0.9166,1,0
IWM190920P156,2019-09-13,2019-09-13 09:30:04,0.97,0.9509,60,0.9,0.8823,60,1.0,0.9803,1,0.935,0.9166,1,0
IWM190920P156,2019-09-13,2019-09-13 09:30:04,0.98,0.9607,174,0.91,0.8921,60,1.0,0.9803,1,0.945,0.9264,1,0
IWM190920P156,2019-09-13,2019-09-13 09:30:05,0.97,0.9509,30,0.91,0.8921,16,1.0,0.9803,1,0.94,0.9215,1,0
IWM190920P156,2019-09-13,2019-09-13 09:30:06,0.97,0.9509,174,0.91,0.8921,16,1.0,0.9803,1,0.94,0.9215,1,0
IWM190920P156,2019-09-13,2019-09-13 09:30:06,0.97,0.9509,174,0.9,0.8823,48,1.0,0.9803,1,0.935,0.9166,1,0
IWM190920P156,2019-09-13,2019-09-13 09:30:07,0.96,0.9411,15,0.89,0.8725,30,1.0,0.9803,1,0.925,0.9068,1,0
IWM190920P156,2019-09-13,2019-09-13 09:30:07,0.96,0.9411,30,0.9,0.8823,17,1.0,0.9803,1,0.93,0.9117,1,0
IWM190920P156,2019-09-13,2019-09-13 09:30:08,0.96,0.9411,174,0.89,0.8725,30,1.0,0.9803,1,0.925,0.9068,1,0
IWM190920P156,2019-09-13,2019-09-13 09:30:08,0.94,0.9215,122,0.89,0.8725,17,1.0,0.9803,1,0.915,0.897,1,0
IWM190920P156,2019-09-13,2019-09-13 09:30:09,0.94,0.9215,222,0.89,0.8725,17,1.0,0.9803,1,0.915,0.897,1,0
IWM190920P156,2019-09-13,2019-09-13 09:30:10,0.94,0.9215,222,0.88,0.8627,60,1.0,0.9803,1,0.91,0.8921,1,0
IWM190920P156,2019-09-13,2019-09-13 09:30:10,0.93,0.9117,222,0.88,0.8627,60,1.0,0.9803,1,0.905,0.8872,1,0
IWM190920P156,2019-09-13,2019-09-13 09:30:11,0.93,0.9117,222,0.88,0.8627,60,1.0,0.9803,1,0.905,0.8872,1,0
IWM190920P156,2019-09-13,2019-09-13 09:30:11,0.93,0.9117,134,0.88,0.8627,60,1.0,0.9803,1,0.905,0.8872,1,0
IWM190920P156,2019-09-13,2019-09-13 09:30:12,0.93,0.9117,222,0.88,0.8627,60,1.0,0.9803,1,0.905,0.8872,1,0
IWM190920P156,2019-09-13,2019-09-13 09:30:12,0.93,0.9117,245,0.88,0.8627,60,1.0,0.9803,1,0.905,0.8872,1,0
IWM190920P156,2019-09-13,2019-09-13 09:30:13,0.93,0.9117,10,0.88,0.8627,60,1.0,0.9803,1,0.905,0.8872,1,0
IWM190920P156,2019-09-13,2019-09-13 09:30:14,0.93,0.9117,3,0.9,0.8823,121,1.0,0.9803,1,0.915,0.897,1,0
IWM190920P156,2019-09-13,2019-09-13 09:30:14,0.93,0.9117,3,0.9,0.8823,70,1.0,0.9803,1,0.915,0.897,1,0
IWM190920P156,2019-09-13,2019-09-13 09:30:15,0.94,0.9215,49,0.91,0.8921,77,1.0,0.9803,1,0.925,0.9068,1,0
IWM190920P156,2019-09-13,2019-09-13 09:30:15,0.94,0.9215,49,0.9,0.8823,140,1.0,0.9803,1,0.92,0.9019,1,0
IWM190920P156,2019-09-13,2019-09-13 09:30:16,0.94,0.9215,106,0.9,0.8823,159,1.0,0.9803,1,0.92,0.9019,1,0
IWM190920P156,2019-09-13,2019-09-13 09:30:16,0.93,0.9117,20,0.9,0.8823,140,1.0,0.9803,1,0.915,0.897,1,0
IWM190920P156,2019-09-13,2019-09-13 09:30:17,0.93,0.9117,20,0.9,0.8823,20,1.0,0.9803,1,0.915,0.897,1,0
IWM190920P156,2019-09-13,2019-09-13 09:30:17,0.93,0.9117,20,0.9,0.8823,54,1.0,0.9803,1,0.915,0.897,1,0
IWM190920P156,2019-09-13,2019-09-13 09:30:18,0.93,0.9117,20,0.9,0.8823,54,1.0,0.9803,1,0.915,0.897,1,0
IWM190920P156,2019-09-13,2019-09-13 09:30:19,0.93,0.9117,20,0.9,0.8823,53,1.0,0.9803,1,0.915,0.897,1,0
IWM190920P156,2019-09-13,2019-09-13 09:30:19,0.93,0.9117,20,0.9,0.8823,54,1.0,0.9803,1,0.915,0.897,1,0
IWM190920P156,2019-09-13,2019-09-13 09:30:20,0.93,0.9117,20,0.9,0.8823,53,1.0,0.9803,1,0.915,0.897,1,0
IWM190920P156,2019-09-13,2019-09-13 09:30:21,0.93,0.9117,20,0.9,0.8823,60,1.0,0.9803,1,0.915,0.897,1,0
IWM190920P156,2019-09-13,2019-09-13 09:30:21,0.93,0.9117,20,0.9,0.8823,69,1.0,0.9803,1,0.915,0.897,1,0
IWM190920P156,2019-09-13,2019-09-13 09:30:22,0.93,0.9117,20,0.9,0.8823,19,1.0,0.9803,1,0.915,0.897,1,0
IWM190920P156,2019-09-13,2019-09-13 09:30:23,0.93,0.9117,20,0.9,0.8823,19,1.0,0.9803,1,0.915,0.897,1,0
IWM190920P156,2019-09-13,2019-09-13 09:30:24,0.93,0.9117,30,0.89,0.8725,96,1.0,0.9803,1,0.91,0.8921,1,0
IWM190920P156,2019-09-13,2019-09-13 09:30:24,0.93,0.9117,20,0.9,0.8823,19,1.0,0.9803,1,0.915,0.897,1,0
IWM190920P156,2019-09-13,2019-09-13 09:30:25,0.93,0.9117,20,0.89,0.8725,103,1.0,0.9803,1,0.91,0.8921,1,0
IWM190920P156,2019-09-13,2019-09-13 09:30:26,0.93,0.9117,210,0.89,0.8725,219,1.0,0.9803,1,0.91,0.8921,1,0
IWM190920P156,2019-09-13,2019-09-13 09:30:27,0.93,0.9117,210,0.89,0.8725,221,1.0,0.9803,1,0.91,0.8921,1,0
IWM190920P156,2019-09-13,2019-09-13 09:30:28,0.93,0.9117,249,0.89,0.8725,224,1.0,0.9803,1,0.91,0.8921,1,0
IWM190920P156,2019-09-13,2019-09-13 09:30:28,0.93,0.9117,255,0.89,0.8725,221,1.0,0.9803,1,0.91,0.8921,1,0
IWM190920P156,2019-09-13,2019-09-13 09:30:29,0.93,0.9117,259,0.89,0.8725,170,1.0,0.9803,1,0.91,0.8921,1,0
IWM190920P156,2019-09-13,2019-09-13 09:30:29,0.93,0.9117,268,0.89,0.8725,224,1.0,0.9803,1,0.91,0.8921,1,0
IWM190920P156,2019-09-13,2019-09-13 09:30:30,0.93,0.9117,214,0.89,0.8725,140,1.0,0.9803,1,0.91,0.8921,1,0
IWM190920P156,2019-09-13,2019-09-13 09:30:30,0.92,0.9019,23,0.89,0.8725,140,1.0,0.9803,1,0.905,0.8872,1,0
IWM190920P156,2019-09-13,2019-09-13 09:30:31,0.92,0.9019,20,0.89,0.8725,137,1.0,0.9803,1,0.905,0.8872,1,0
IWM190920P156,2019-09-13,2019-09-13 09:30:32,0.92,0.9019,199,0.89,0.8725,58,1.0,0.9803,1,0.905,0.8872,1,0
IWM190920P156,2019-09-13,2019-09-13 09:30:32,0.92,0.9019,25,0.89,0.8725,106,1.0,0.9803,1,0.905,0.8872,1,0
IWM190920P156,2019-09-13,2019-09-13 09:30:33,0.92,0.9019,154,0.89,0.8725,57,1.0,0.9803,1,0.905,0.8872,1,0
IWM190920P156,2019-09-13,2019-09-13 09:30:34,0.92,0.9019,115,0.88,0.8627,60,1.0,0.9803,1,0.9,0.8823,1,0
IWM190920P156,2019-09-13,2019-09-13 09:30:34,0.92,0.9019,154,0.89,0.8725,57,1.0,0.9803,1,0.905,0.8872,1,0
IWM190920P156,2019-09-13,2019-09-13 09:30:35,0.91,0.8921,10,0.88,0.8627,115,1.0,0.9803,1,0.895,0.8774,1,0
IWM190920P156,2019-09-13,2019-09-13 09:30:35,0.92,0.9019,255,0.88,0.8627,48,1.0,0.9803,1,0.9,0.8823,1,0
IWM190920P156,2019-09-13,2019-09-13 09:30:36,0.92,0.9019,223,0.88,0.8627,113,1.0,0.9803,1,0.9,0.8823,1,0
IWM190920P156,2019-09-13,2019-09-13 09:30:36,0.92,0.9019,248,0.88,0.8627,113,1.0,0.9803,1,0.9,0.8823,1,0
IWM190920P156,2019-09-13,2019-09-13 09:30:37,0.92,0.9019,330,0.88,0.8627,34,1.0,0.9803,1,0.9,0.8823,1,0
IWM190920P156,2019-09-13,2019-09-13 09:30:37,0.92,0.9019,259,0.88,0.8627,34,1.0,0.9803,1,0.9,0.8823,1,0
IWM190920P156,2019-09-13,2019-09-13 09:30:38,0.92,0.9019,401,0.87,0.8529,110,1.0,0.9803,1,0.895,0.8774,1,0
IWM190920P156,2019-09-13,2019-09-13 09:30:38,0.92,0.9019,340,0.87,0.8529,135,1.0,0.9803,1,0.895,0.8774,1,0
IWM190920P156,2019-09-13,2019-09-13 09:30:39,0.91,0.8921,110,0.87,0.8529,94,1.0,0.9803,1,0.89,0.8725,1,0
IWM190920P156,2019-09-13,2019-09-13 09:30:39,0.91,0.8921,248,0.88,0.8627,13,1.0,0.9803,1,0.895,0.8774,1,0
IWM190920P156,2019-09-13,2019-09-13 09:30:40,0.9,0.8823,96,0.88,0.8627,13,1.0,0.9803,1,0.89,0.8725,1,0
IWM190920P156,2019-09-13,2019-09-13 09:30:40,0.91,0.8921,278,0.88,0.8627,13,1.0,0.9803,1,0.895,0.8774,1,0
IWM190920P156,2019-09-13,2019-09-13 09:30:41,0.9,0.8823,96,0.88,0.8627,13,1.0,0.9803,1,0.89,0.8725,1,0
IWM190920P156,2019-09-13,2019-09-13 09:30:41,0.9,0.8823,222,0.87,0.8529,13,1.0,0.9803,1,0.885,0.8676,1,0
IWM190920P156,2019-09-13,2019-09-13 09:30:42,0.9,0.8823,279,0.87,0.8529,13,1.0,0.9803,1,0.885,0.8676,1,0
IWM190920P156,2019-09-13,2019-09-13 09:30:42,0.89,0.8725,221,0.86,0.8431,34,1.0,0.9803,1,0.875,0.8578,1,0
IWM190920P156,2019-09-13,2019-09-13 09:30:43,0.89,0.8725,221,0.86,0.8431,25,1.0,0.9803,1,0.875,0.8578,1,0
IWM190920P156,2019-09-13,2019-09-13 09:30:43,0.89,0.8725,298,0.87,0.8529,13,1.0,0.9803,1,0.88,0.8627,1,0
IWM190920P156,2019-09-13,2019-09-13 09:30:44,0.89,0.8725,118,0.87,0.8529,13,1.0,0.9803,1,0.88,0.8627,1,0
IWM190920P156,2019-09-13,2019-09-13 09:30:44,0.89,0.8725,61,0.87,0.8529,13,1.0,0.9803,1,0.88,0.8627,1,0
IWM190920P156,2019-09-13,2019-09-13 09:30:45,0.89,0.8725,157,0.87,0.8529,13,1.0,0.9803,1,0.88,0.8627,1,0
IWM190920P156,2019-09-13,2019-09-13 09:30:46,0.89,0.8725,132,0.86,0.8431,25,1.0,0.9803,1,0.875,0.8578,1,0
IWM190920P156,2019-09-13,2019-09-13 09:30:46,0.89,0.8725,103,0.86,0.8431,25,1.0,0.9803,1,0.875,0.8578,1,0
IWM190920P156,2019-09-13,2019-09-13 09:30:47,0.89,0.8725,140,0.86,0.8431,73,1.0,0.9803,1,0.875,0.8578,1,0
IWM190920P156,2019-09-13,2019-09-13 09:30:47,0.89,0.8725,103,0.87,0.8529,13,1.0,0.9803,1,0.88,0.8627,1,0
IWM190920P156,2019-09-13,2019-09-13 09:30:48,0.89,0.8725,127,0.86,0.8431,96,1.0,0.9803,1,0.875,0.8578,1,0
IWM190920P156,2019-09-13,2019-09-13 09:30:48,0.89,0.8725,127,0.87,0.8529,13,1.0,0.9803,1,0.88,0.8627,1,0
IWM190920P156,2019-09-13,2019-09-13 09:30:49,0.89,0.8725,132,0.87,0.8529,13,1.0,0.9803,1,0.88,0.8627,1,0
IWM190920P156,2019-09-13,2019-09-13 09:30:49,0.89,0.8725,142,0.87,0.8529,13,1.0,0.9803,1,0.88,0.8627,1,0
IWM190920P156,2019-09-13,2019-09-13 09:30:50,0.89,0.8725,107,0.87,0.8529,13,1.0,0.9803,1,0.88,0.8627,1,0
IWM190920P156,2019-09-13,2019-09-13 09:30:50,0.89,0.8725,94,0.87,0.8529,13,1.0,0.9803,1,0.88,0.8627,1,0
IWM190920P156,2019-09-13,2019-09-13 09:30:51,0.89,0.8725,94,0.87,0.8529,13,1.0,0.9803,1,0.88,0.8627,1,0
IWM190920P156,2019-09-13,2019-09-13 09:30:52,0.89,0.8725,93,0.87,0.8529,13,1.0,0.9803,1,0.88,0.8627,1,0
IWM190920P156,2019-09-13,2019-09-13 09:30:52,0.89,0.8725,94,0.87,0.8529,13,1.0,0.9803,1,0.88,0.8627,1,0
IWM190920P156,2019-09-13,2019-09-13 09:30:53,0.89,0.8725,74,0.87,0.8529,27,1.0,0.9803,1,0.88,0.8627,1,0
IWM190920P156,2019-09-13,2019-09-13 09:30:53,0.89,0.8725,93,0.87,0.8529,13,1.0,0.9803,1,0.88,0.8627,1,0
IWM190920P156,2019-09-13,2019-09-13 09:30:54,0.89,0.8725,93,0.87,0.8529,25,1.0,0.9803,1,0.88,0.8627,1,0
IWM190920P156,2019-09-13,2019-09-13 09:30:54,0.89,0.8725,101,0.87,0.8529,13,1.0,0.9803,1,0.88,0.8627,1,0
IWM190920P156,2019-09-13,2019-09-13 09:30:55,0.89,0.8725,93,0.87,0.8529,13,1.0,0.9803,1,0.88,0.8627,1,0
IWM190920P156,2019-09-13,2019-09-13 09:30:55,0.89,0.8725,93,0.87,0.8529,25,1.0,0.9803,1,0.88,0.8627,1,0
IWM190920P156,2019-09-13,2019-09-13 09:30:56,0.89,0.8725,93,0.87,0.8529,13,1.0,0.9803,1,0.88,0.8627,1,0
IWM190920P156,2019-09-13,2019-09-13 09:30:57,0.89,0.8725,93,0.87,0.8529,13,1.0,0.9803,1,0.88,0.8627,1,0
IWM190920P156,2019-09-13,2019-09-13 09:30:57,0.89,0.8725,84,0.87,0.8529,13,1.0,0.9803,1,0.88,0.8627,1,0
IWM190920P156,2019-09-13,2019-09-13 09:30:58,0.89,0.8725,97,0.87,0.8529,13,1.0,0.9803,1,0.88,0.8627,1,0
IWM190920P156,2019-09-13,2019-09-13 09:30:58,0.89,0.8725,173,0.87,0.8529,13,1.0,0.9803,1,0.88,0.8627,1,0
IWM190920P156,2019-09-13,2019-09-13 09:30:59,0.89,0.8725,110,0.87,0.8529,55,1.0,0.9803,1,0.88,0.8627,1,0
IWM190920P156,2019-09-13,2019-09-13 09:30:59,0.89,0.8725,173,0.87,0.8529,13,1.0,0.9803,1,0.88,0.8627,1,0
IWM190920P156,2019-09-13,2019-09-13 09:31:00,0.89,0.8725,143,0.87,0.8529,13,1.0,0.9803,1,0.88,0.8627,1,0
IWM190920P156,2019-09-13,2019-09-13 09:31:00,0.89,0.8725,83,0.87,0.8529,13,1.0,0.9803,1,0.88,0.8627,1,0
IWM190920P156,2019-09-13,2019-09-13 09:31:01,0.89,0.8725,227,0.86,0.8431,214,1.0,0.9803,1,0.875,0.8578,1,0
IWM190920P156,2019-09-13,2019-09-13 09:31:01,0.89,0.8725,187,0.87,0.8529,13,1.0,0.9803,1,0.88,0.8627,1,0
IWM190920P156,2019-09-13,2019-09-13 09:31:02,0.88,0.8627,20,0.86,0.8431,13,1.0,0.9803,1,0.87,0.8529,1,0
IWM190920P156,2019-09-13,2019-09-13 09:31:03,0.88,0.8627,20,0.86,0.8431,13,1.0,0.9803,1,0.87,0.8529,1,0
IWM190920P156,2019-09-13,2019-09-13 09:31:04,0.88,0.8627,70,0.86,0.8431,13,1.0,0.9803,1,0.87,0.8529,1,0
IWM190920P156,2019-09-13,2019-09-13 09:31:05,0.88,0.8627,216,0.85,0.8333,60,1.0,0.9803,1,0.865,0.848,1,0
IWM190920P156,2019-09-13,2019-09-13 09:31:05,0.87,0.8529,34,0.85,0.8333,13,1.0,0.9803,1,0.86,0.8431,1,0
IWM190920P156,2019-09-13,2019-09-13 09:31:06,0.88,0.8627,244,0.85,0.8333,13,1.0,0.9803,1,0.865,0.848,1,0
IWM190920P156,2019-09-13,2019-09-13 09:31:06,0.87,0.8529,50,0.85,0.8333,13,1.0,0.9803,1,0.86,0.8431,1,0
IWM190920P156,2019-09-13,2019-09-13 09:31:07,0.88,0.8627,72,0.85,0.8333,95,1.0,0.9803,1,0.865,0.848,1,0
IWM190920P156,2019-09-13,2019-09-13 09:31:07,0.88,0.8627,178,0.85,0.8333,95,1.0,0.9803,1,0.865,0.848,1,0
IWM190920P156,2019-09-13,2019-09-13 09:31:08,0.88,0.8627,33,0.86,0.8431,13,1.0,0.9803,1,0.87,0.8529,1,0
IWM190920P156,2019-09-13,2019-09-13 09:31:08,0.88,0.8627,168,0.86,0.8431,13,1.0,0.9803,1,0.87,0.8529,1,0
IWM190920P156,2019-09-13,2019-09-13 09:31:09,0.88,0.8627,97,0.86,0.8431,13,1.0,0.9803,1,0.87,0.8529,1,0
IWM190920P156,2019-09-13,2019-09-13 09:31:09,0.89,0.8725,338,0.86,0.8431,94,1.0,0.9803,1,0.875,0.8578,1,0
IWM190920P156,2019-09-13,2019-09-13 09:31:10,0.88,0.8627,63,0.86,0.8431,94,1.0,0.9803,1,0.87,0.8529,1,0
IWM190920P156,2019-09-13,2019-09-13 09:31:11,0.88,0.8627,107,0.86,0.8431,13,1.0,0.9803,1,0.87,0.8529,1,0
IWM190920P156,2019-09-13,2019-09-13 09:31:11,0.88,0.8627,126,0.85,0.8333,203,1.0,0.9803,1,0.865,0.848,1,0
IWM190920P156,2019-09-13,2019-09-13 09:31:12,0.88,0.8627,74,0.86,0.8431,13,1.0,0.9803,1,0.87,0.8529,1,0
IWM190920P156,2019-09-13,2019-09-13 09:31:12,0.88,0.8627,68,0.86,0.8431,13,1.0,0.9803,1,0.87,0.8529,1,0
IWM190920P156,2019-09-13,2019-09-13 09:31:13,0.88,0.8627,28,0.86,0.8431,13,1.0,0.9803,1,0.87,0.8529,1,0
IWM190920P156,2019-09-13,2019-09-13 09:31:13,0.89,0.8725,250,0.86,0.8431,13,1.0,0.9803,1,0.875,0.8578,1,0
IWM190920P156,2019-09-13,2019-09-13 09:31:14,0.88,0.8627,14,0.86,0.8431,43,1.0,0.9803,1,0.87,0.8529,1,0
IWM190920P156,2019-09-13,2019-09-13 09:31:14,0.89,0.8725,171,0.86,0.8431,25,1.0,0.9803,1,0.875,0.8578,1,0
IWM190920P156,2019-09-13,2019-09-13 09:31:15,0.88,0.8627,21,0.86,0.8431,13,1.0,0.9803,1,0.87,0.8529,1,0
IWM190920P156,2019-09-13,2019-09-13 09:31:16,0.88,0.8627,21,0.86,0.8431,13,1.0,0.9803,1,0.87,0.8529,1,0
IWM190920P156,2019-09-13,2019-09-13 09:31:16,0.88,0.8627,39,0.86,0.8431,13,1.0,0.9803,1,0.87,0.8529,1,0
IWM190920P156,2019-09-13,2019-09-13 09:31:17,0.88,0.8627,1,0.86,0.8431,60,0.88,0.8627,5,0.87,0.8529,6,0
IWM190920P156,2019-09-13,2019-09-13 09:31:17,0.88,0.8627,50,0.86,0.8431,13,0.88,0.8627,5,0.87,0.8529,6,5
IWM190920P156,2019-09-13,2019-09-13 09:31:18,0.89,0.8725,232,0.87,0.8529,13,0.88,0.8627,5,0.88,0.8627,6,0
IWM190920P156,2019-09-13,2019-09-13 09:31:18,0.89,0.8725,240,0.87,0.8529,13,0.88,0.8627,5,0.88,0.8627,6,0
IWM190920P156,2019-09-13,2019-09-13 09:31:19,0.89,0.8725,208,0.87,0.8529,13,0.88,0.8627,5,0.88,0.8627,6,0
IWM190920P156,2019-09-13,2019-09-13 09:31:19,0.89,0.8725,222,0.87,0.8529,13,0.88,0.8627,5,0.88,0.8627,6,0
IWM190920P156,2019-09-13,2019-09-13 09:31:20,0.89,0.8725,216,0.87,0.8529,13,0.88,0.8627,5,0.88,0.8627,6,0
IWM190920P156,2019-09-13,2019-09-13 09:31:20,0.89,0.8725,233,0.87,0.8529,13,0.88,0.8627,5,0.88,0.8627,6,0
IWM190920P156,2019-09-13,2019-09-13 09:31:21,0.89,0.8725,378,0.87,0.8529,13,0.88,0.8627,5,0.88,0.8627,6,0
IWM190920P156,2019-09-13,2019-09-13 09:31:21,0.89,0.8725,150,0.86,0.8431,97,0.88,0.8627,5,0.875,0.8578,6,0
IWM190920P156,2019-09-13,2019-09-13 09:31:22,0.89,0.8725,215,0.86,0.8431,88,0.88,0.8627,5,0.875,0.8578,6,0
IWM190920P156,2019-09-13,2019-09-13 09:31:22,0.89,0.8725,165,0.86,0.8431,88,0.88,0.8627,5,0.875,0.8578,6,0
IWM190920P156,2019-09-13,2019-09-13 09:31:23,0.89,0.8725,117,0.86,0.8431,88,0.88,0.8627,5,0.875,0.8578,6,0
IWM190920P156,2019-09-13,2019-09-13 09:31:23,0.89,0.8725,142,0.86,0.8431,88,0.88,0.8627,5,0.875,0.8578,6,0
IWM190920P156,2019-09-13,2019-09-13 09:31:24,0.89,0.8725,142,0.87,0.8529,13,0.88,0.8627,5,0.88,0.8627,6,0
IWM190920P156,2019-09-13,2019-09-13 09:31:24,0.89,0.8725,142,0.86,0.8431,88,0.88,0.8627,5,0.875,0.8578,6,0
IWM190920P156,2019-09-13,2019-09-13 09:31:25,0.89,0.8725,139,0.87,0.8529,13,0.88,0.8627,5,0.88,0.8627,6,0
IWM190920P156,2019-09-13,2019-09-13 09:31:26,0.89,0.8725,117,0.87,0.8529,13,0.88,0.8627,5,0.88,0.8627,6,0
IWM190920P156,2019-09-13,2019-09-13 09:31:26,0.89,0.8725,134,0.86,0.8431,94,0.88,0.8627,5,0.875,0.8578,6,0
IWM190920P156,2019-09-13,2019-09-13 09:31:27,0.89,0.8725,100,0.87,0.8529,13,0.88,0.8627,5,0.88,0.8627,6,0
IWM190920P156,2019-09-13,2019-09-13 09:31:27,0.89,0.8725,161,0.86,0.8431,94,0.88,0.8627,5,0.875,0.8578,6,0
IWM190920P156,2019-09-13,2019-09-13 09:31:28,0.89,0.8725,148,0.86,0.8431,106,0.88,0.8627,5,0.875,0.8578,6,0
IWM190920P156,2019-09-13,2019-09-13 09:31:28,0.89,0.8725,92,0.86,0.8431,106,0.88,0.8627,5,0.875,0.8578,6,0
IWM190920P156,2019-09-13,2019-09-13 09:31:29,0.89,0.8725,100,0.86,0.8431,176,0.88,0.8627,5,0.875,0.8578,6,0
IWM190920P156,2019-09-13,2019-09-13 09:31:29,0.89,0.8725,92,0.86,0.8431,201,0.88,0.8627,5,0.875,0.8578,6,0
IWM190920P156,2019-09-13,2019-09-13 09:31:30,0.89,0.8725,100,0.86,0.8431,176,0.88,0.8627,5,0.875,0.8578,6,0
IWM190920P156,2019-09-13,2019-09-13 09:31:30,0.89,0.8725,134,0.86,0.8431,107,0.88,0.8627,5,0.875,0.8578,6,0
IWM190920P156,2019-09-13,2019-09-13 09:31:31,0.89,0.8725,95,0.86,0.8431,107,0.88,0.8627,5,0.875,0.8578,6,0
IWM190920P156,2019-09-13,2019-09-13 09:31:32,0.89,0.8725,95,0.86,0.8431,155,0.88,0.8627,5,0.875,0.8578,6,0
IWM190920P156,2019-09-13,2019-09-13 09:31:32,0.89,0.8725,103,0.86,0.8431,144,0.88,0.8627,5,0.875,0.8578,6,0
IWM190920P156,2019-09-13,2019-09-13 09:31:33,0.89,0.8725,142,0.86,0.8431,267,0.88,0.8627,5,0.875,0.8578,6,0
IWM190920P156,2019-09-13,2019-09-13 09:31:33,0.89,0.8725,95,0.86,0.8431,155,0.88,0.8627,5,0.875,0.8578,6,0
IWM190920P156,2019-09-13,2019-09-13 09:31:34,0.89,0.8725,132,0.86,0.8431,267,0.88,0.8627,5,0.875,0.8578,6,0
IWM190920P156,2019-09-13,2019-09-13 09:31:34,0.88,0.8627,13,0.86,0.8431,138,0.88,0.8627,5,0.87,0.8529,6,0
IWM190920P156,2019-09-13,2019-09-13 09:31:35,0.88,0.8627,13,0.86,0.8431,90,0.88,0.8627,5,0.87,0.8529,6,0
IWM190920P156,2019-09-13,2019-09-13 09:31:35,0.89,0.8725,161,0.86,0.8431,150,0.88,0.8627,5,0.875,0.8578,6,0
IWM190920P156,2019-09-13,2019-09-13 09:31:36,0.88,0.8627,20,0.86,0.8431,190,0.88,0.8627,5,0.87,0.8529,6,0
IWM190920P156,2019-09-13,2019-09-13 09:31:36,0.89,0.8725,149,0.86,0.8431,235,0.88,0.8627,5,0.875,0.8578,6,0
IWM190920P156,2019-09-13,2019-09-13 09:31:37,0.88,0.8627,13,0.86,0.8431,235,0.88,0.8627,5,0.87,0.8529,6,0
IWM190920P156,2019-09-13,2019-09-13 09:31:37,0.89,0.8725,104,0.86,0.8431,289,0.88,0.8627,5,0.875,0.8578,6,0
IWM190920P156,2019-09-13,2019-09-13 09:31:38,0.89,0.8725,151,0.86,0.8431,223,0.88,0.8627,5,0.875,0.8578,6,0
IWM190920P156,2019-09-13,2019-09-13 09:31:38,0.89,0.8725,151,0.86,0.8431,289,0.88,0.8627,5,0.875,0.8578,6,0
IWM190920P156,2019-09-13,2019-09-13 09:31:39,0.88,0.8627,23,0.86,0.8431,195,0.88,0.8627,5,0.87,0.8529,6,0
IWM190920P156,2019-09-13,2019-09-13 09:31:39,0.88,0.8627,39,0.86,0.8431,60,0.88,0.8627,5,0.87,0.8529,6,0
IWM190920P156,2019-09-13,2019-09-13 09:31:40,0.88,0.8627,27,0.86,0.8431,159,0.88,0.8627,5,0.87,0.8529,6,0
IWM190920P156,2019-09-13,2019-09-13 09:31:40,0.88,0.8627,39,0.86,0.8431,136,0.88,0.8627,5,0.87,0.8529,6,0
IWM190920P156,2019-09-13,2019-09-13 09:31:41,0.88,0.8627,10,0.86,0.8431,238,0.88,0.8627,5,0.87,0.8529,6,0
IWM190920P156,2019-09-13,2019-09-13 09:31:41,0.88,0.8627,15,0.86,0.8431,148,0.88,0.8627,5,0.87,0.8529,6,0
IWM190920P156,2019-09-13,2019-09-13 09:31:42,0.88,0.8627,13,0.86,0.8431,115,0.88,0.8627,5,0.87,0.8529,6,0
IWM190920P156,2019-09-13,2019-09-13 09:31:43,0.88,0.8627,36,0.86,0.8431,115,0.88,0.8627,5,0.87,0.8529,6,0
IWM190920P156,2019-09-13,2019-09-13 09:31:44,0.88,0.8627,84,0.86,0.8431,11,0.88,0.8627,5,0.87,0.8529,6,0
IWM190920P156,2019-09-13,2019-09-13 09:31:44,0.88,0.8627,96,0.86,0.8431,60,0.88,0.8627,5,0.87,0.8529,6,0
IWM190920P156,2019-09-13,2019-09-13 09:31:45,0.87,0.8529,13,0.86,0.8431,79,0.88,0.8627,5,0.865,0.848,6,0
IWM190920P156,2019-09-13,2019-09-13 09:31:45,0.87,0.8529,13,0.86,0.8431,60,0.88,0.8627,5,0.865,0.848,6,0
IWM190920P156,2019-09-13,2019-09-13 09:31:46,0.88,0.8627,78,0.86,0.8431,85,0.88,0.8627,5,0.87,0.8529,6,0
IWM190920P156,2019-09-13,2019-09-13 09:31:46,0.88,0.8627,61,0.86,0.8431,163,0.88,0.8627,5,0.87,0.8529,6,0
IWM190920P156,2019-09-13,2019-09-13 09:31:47,0.87,0.8529,13,0.86,0.8431,11,0.88,0.8627,5,0.865,0.848,6,0
IWM190920P156,2019-09-13,2019-09-13 09:31:48,0.87,0.8529,85,0.86,0.8431,11,0.86,0.8431,1,0.865,0.848,10,4
IWM190920P156,2019-09-13,2019-09-13 09:31:48,0.87,0.8529,20,0.86,0.8431,11,0.88,0.8627,5,0.865,0.848,6,0
IWM190920P156,2019-09-13,2019-09-13 09:31:49,0.87,0.8529,85,0.86,0.8431,11,0.86,0.8431,1,0.865,0.848,10,0
IWM190920P156,2019-09-13,2019-09-13 09:31:49,0.87,0.8529,108,0.85,0.8333,60,0.86,0.8431,8,0.86,0.8431,27,17
IWM190920P156,2019-09-13,2019-09-13 09:31:50,0.87,0.8529,64,0.84,0.8235,245,0.86,0.8431,8,0.855,0.8382,27,0
IWM190920P156,2019-09-13,2019-09-13 09:31:50,0.87,0.8529,142,0.84,0.8235,245,0.86,0.8431,8,0.855,0.8382,27,0
IWM190920P156,2019-09-13,2019-09-13 09:31:51,0.87,0.8529,35,0.85,0.8333,111,0.86,0.8431,8,0.86,0.8431,27,0
IWM190920P156,2019-09-13,2019-09-13 09:31:51,0.88,0.8627,176,0.86,0.8431,13,0.86,0.8431,8,0.87,0.8529,27,0
IWM190920P156,2019-09-13,2019-09-13 09:31:52,0.88,0.8627,55,0.85,0.8333,194,0.86,0.8431,8,0.865,0.848,27,0
IWM190920P156,2019-09-13,2019-09-13 09:31:53,0.88,0.8627,82,0.85,0.8333,196,0.86,0.8431,8,0.865,0.848,27,0
IWM190920P156,2019-09-13,2019-09-13 09:31:53,0.88,0.8627,55,0.86,0.8431,13,0.86,0.8431,8,0.87,0.8529,27,0
IWM190920P156,2019-09-13,2019-09-13 09:31:54,0.88,0.8627,39,0.86,0.8431,44,0.86,0.8431,8,0.87,0.8529,27,0
IWM190920P156,2019-09-13,2019-09-13 09:31:54,0.88,0.8627,59,0.86,0.8431,74,0.86,0.8431,8,0.87,0.8529,27,0
IWM190920P156,2019-09-13,2019-09-13 09:31:55,0.88,0.8627,82,0.85,0.8333,119,0.86,0.8431,8,0.865,0.848,27,0
IWM190920P156,2019-09-13,2019-09-13 09:31:55,0.87,0.8529,41,0.85,0.8333,121,0.86,0.8431,8,0.86,0.8431,27,0
IWM190920P156,2019-09-13,2019-09-13 09:31:56,0.87,0.8529,27,0.85,0.8333,104,0.86,0.8431,8,0.86,0.8431,27,0
IWM190920P156,2019-09-13,2019-09-13 09:31:56,0.87,0.8529,28,0.85,0.8333,104,0.86,0.8431,8,0.86,0.8431,27,0
IWM190920P156,2019-09-13,2019-09-13 09:31:57,0.87,0.8529,40,0.85,0.8333,186,0.86,0.8431,8,0.86,0.8431,27,0
IWM190920P156,2019-09-13,2019-09-13 09:31:57,0.87,0.8529,103,0.85,0.8333,186,0.86,0.8431,8,0.86,0.8431,27,0
IWM190920P156,2019-09-13,2019-09-13 09:31:58,0.87,0.8529,26,0.85,0.8333,158,0.86,0.8431,8,0.86,0.8431,27,0
IWM190920P156,2019-09-13,2019-09-13 09:31:58,0.87,0.8529,26,0.85,0.8333,186,0.86,0.8431,8,0.86,0.8431,27,0
IWM190920P156,2019-09-13,2019-09-13 09:31:59,0.87,0.8529,27,0.85,0.8333,196,0.86,0.8431,8,0.86,0.8431,27,0
IWM190920P156,2019-09-13,2019-09-13 09:31:59,0.87,0.8529,14,0.85,0.8333,196,0.86,0.8431,8,0.86,0.8431,27,0
IWM190920P156,2019-09-13,2019-09-13 09:32:00,0.86,0.8431,111,0.84,0.8235,38,0.86,0.8431,8,0.85,0.8333,27,0
IWM190920P156,2019-09-13,2019-09-13 09:32:00,0.87,0.8529,28,0.85,0.8333,168,0.86,0.8431,8,0.86,0.8431,27,0
IWM190920P156,2019-09-13,2019-09-13 09:32:01,0.86,0.8431,99,0.84,0.8235,91,0.86,0.8431,8,0.85,0.8333,27,0
IWM190920P156,2019-09-13,2019-09-13 09:32:01,0.86,0.8431,99,0.84,0.8235,68,0.86,0.8431,8,0.85,0.8333,27,0
IWM190920P156,2019-09-13,2019-09-13 09:32:02,0.86,0.8431,244,0.84,0.8235,43,0.86,0.8431,8,0.85,0.8333,27,0
IWM190920P156,2019-09-13,2019-09-13 09:32:03,0.85,0.8333,49,0.83,0.8137,381,0.86,0.8431,8,0.84,0.8235,27,0
IWM190920P156,2019-09-13,2019-09-13 09:32:03,0.85,0.8333,82,0.83,0.8137,263,0.86,0.8431,8,0.84,0.8235,27,0
IWM190920P156,2019-09-13,2019-09-13 09:32:04,0.84,0.8235,10,0.83,0.8137,36,0.86,0.8431,8,0.835,0.8186,27,0
IWM190920P156,2019-09-13,2019-09-13 09:32:04,0.85,0.8333,343,0.83,0.8137,387,0.86,0.8431,8,0.84,0.8235,27,0
IWM190920P156,2019-09-13,2019-09-13 09:32:05,0.85,0.8333,217,0.83,0.8137,36,0.86,0.8431,8,0.84,0.8235,27,0
IWM190920P156,2019-09-13,2019-09-13 09:32:05,0.84,0.8235,10,0.83,0.8137,36,0.86,0.8431,8,0.835,0.8186,27,0
IWM190920P156,2019-09-13,2019-09-13 09:32:06,0.85,0.8333,210,0.83,0.8137,69,0.86,0.8431,8,0.84,0.8235,27,0
IWM190920P156,2019-09-13,2019-09-13 09:32:06,0.85,0.8333,299,0.83,0.8137,80,0.86,0.8431,8,0.84,0.8235,27,0
IWM190920P156,2019-09-13,2019-09-13 09:32:07,0.85,0.8333,205,0.83,0.8137,91,0.86,0.8431,8,0.84,0.8235,27,0
IWM190920P156,2019-09-13,2019-09-13 09:32:07,0.85,0.8333,350,0.83,0.8137,44,0.86,0.8431,8,0.84,0.8235,27,0
IWM190920P156,2019-09-13,2019-09-13 09:32:08,0.85,0.8333,114,0.83,0.8137,113,0.86,0.8431,8,0.84,0.8235,27,0
IWM190920P156,2019-09-13,2019-09-13 09:32:08,0.84,0.8235,21,0.82,0.8039,394,0.86,0.8431,8,0.83,0.8137,27,0
IWM190920P156,2019-09-13,2019-09-13 09:32:09,0.85,0.8333,383,0.83,0.8137,49,0.86,0.8431,8,0.84,0.8235,27,0
IWM190920P156,2019-09-13,2019-09-13 09:32:09,0.85,0.8333,174,0.83,0.8137,113,0.86,0.8431,8,0.84,0.8235,27,0
IWM190920P156,2019-09-13,2019-09-13 09:32:10,0.85,0.8333,158,0.84,0.8235,13,0.86,0.8431,8,0.845,0.8284,27,0
IWM190920P156,2019-09-13,2019-09-13 09:32:10,0.85,0.8333,244,0.83,0.8137,39,0.86,0.8431,8,0.84,0.8235,27,0
IWM190920P156,2019-09-13,2019-09-13 09:32:11,0.85,0.8333,158,0.84,0.8235,13,0.86,0.8431,8,0.845,0.8284,27,0
IWM190920P156,2019-09-13,2019-09-13 09:32:11,0.85,0.8333,153,0.83,0.8137,84,0.86,0.8431,8,0.84,0.8235,27,0
IWM190920P156,2019-09-13,2019-09-13 09:32:12,0.85,0.8333,213,0.83,0.8137,315,0.86,0.8431,8,0.84,0.8235,27,0
IWM190920P156,2019-09-13,2019-09-13 09:32:13,0.85,0.8333,181,0.83,0.8137,54,0.86,0.8431,8,0.84,0.8235,27,0
IWM190920P156,2019-09-13,2019-09-13 09:32:13,0.85,0.8333,309,0.83,0.8137,54,0.86,0.8431,8,0.84,0.8235,27,0
IWM190920P156,2019-09-13,2019-09-13 09:32:14,0.85,0.8333,495,0.82,0.8039,100,0.86,0.8431,8,0.835,0.8186,27,0
IWM190920P156,2019-09-13,2019-09-13 09:32:14,0.85,0.8333,485,0.83,0.8137,44,0.86,0.8431,8,0.84,0.8235,27,0
IWM190920P156,2019-09-13,2019-09-13 09:32:15,0.86,0.8431,369,0.84,0.8235,13,0.86,0.8431,8,0.85,0.8333,27,0
IWM190920P156,2019-09-13,2019-09-13 09:32:15,0.85,0.8333,122,0.83,0.8137,13,0.86,0.8431,8,0.84,0.8235,27,0
IWM190920P156,2019-09-13,2019-09-13 09:32:16,0.85,0.8333,130,0.82,0.8039,86,0.86,0.8431,8,0.835,0.8186,27,0
IWM190920P156,2019-09-13,2019-09-13 09:32:16,0.86,0.8431,540,0.84,0.8235,13,0.86,0.8431,8,0.85,0.8333,27,0
IWM190920P156,2019-09-13,2019-09-13 09:32:17,0.85,0.8333,144,0.82,0.8039,240,0.86,0.8431,8,0.835,0.8186,27,0
IWM190920P156,2019-09-13,2019-09-13 09:32:17,0.84,0.8235,97,0.82,0.8039,335,0.86,0.8431,8,0.83,0.8137,27,0
IWM190920P156,2019-09-13,2019-09-13 09:32:18,0.84,0.8235,86,0.82,0.8039,86,0.86,0.8431,8,0.83,0.8137,27,0
IWM190920P156,2019-09-13,2019-09-13 09:32:18,0.84,0.8235,102,0.82,0.8039,240,0.86,0.8431,8,0.83,0.8137,27,0
IWM190920P156,2019-09-13,2019-09-13 09:32:19,0.84,0.8235,218,0.82,0.8039,85,0.86,0.8431,8,0.83,0.8137,27,0
IWM190920P156,2019-09-13,2019-09-13 09:32:19,0.84,0.8235,57,0.83,0.8137,13,0.86,0.8431,8,0.835,0.8186,27,0
IWM190920P156,2019-09-13,2019-09-13 09:32:20,0.84,0.8235,379,0.82,0.8039,157,0.86,0.8431,8,0.83,0.8137,27,0
IWM190920P156,2019-09-13,2019-09-13 09:32:20,0.84,0.8235,119,0.82,0.8039,275,0.86,0.8431,8,0.83,0.8137,27,0
IWM190920P156,2019-09-13,2019-09-13 09:32:21,0.84,0.8235,419,0.82,0.8039,233,0.86,0.8431,8,0.83,0.8137,27,0
IWM190920P156,2019-09-13,2019-09-13 09:32:21,0.84,0.8235,449,0.82,0.8039,233,0.86,0.8431,8,0.83,0.8137,27,0
IWM190920P156,2019-09-13,2019-09-13 09:32:22,0.84,0.8235,107,0.82,0.8039,250,0.86,0.8431,8,0.83,0.8137,27,0
IWM190920P156,2019-09-13,2019-09-13 09:32:22,0.84,0.8235,316,0.82,0.8039,418,0.86,0.8431,8,0.83,0.8137,27,0
IWM190920P156,2019-09-13,2019-09-13 09:32:23,0.84,0.8235,57,0.82,0.8039,250,0.86,0.8431,8,0.83,0.8137,27,0
IWM190920P156,2019-09-13,2019-09-13 09:32:23,0.84,0.8235,63,0.82,0.8039,250,0.86,0.8431,8,0.83,0.8137,27,0
IWM190920P156,2019-09-13,2019-09-13 09:32:24,0.84,0.8235,251,0.82,0.8039,214,0.86,0.8431,8,0.83,0.8137,27,0
IWM190920P156,2019-09-13,2019-09-13 09:32:24,0.84,0.8235,107,0.82,0.8039,286,0.86,0.8431,8,0.83,0.8137,27,0
IWM190920P156,2019-09-13,2019-09-13 09:32:25,0.84,0.8235,57,0.82,0.8039,268,0.86,0.8431,8,0.83,0.8137,27,0
IWM190920P156,2019-09-13,2019-09-13 09:32:25,0.84,0.8235,57,0.82,0.8039,377,0.86,0.8431,8,0.83,0.8137,27,0
IWM190920P156,2019-09-13,2019-09-13 09:32:26,0.84,0.8235,131,0.82,0.8039,377,0.86,0.8431,8,0.83,0.8137,27,0
IWM190920P156,2019-09-13,2019-09-13 09:32:26,0.84,0.8235,266,0.82,0.8039,336,0.86,0.8431,8,0.83,0.8137,27,0
IWM190920P156,2019-09-13,2019-09-13 09:32:27,0.84,0.8235,279,0.82,0.8039,240,0.86,0.8431,8,0.83,0.8137,27,0
IWM190920P156,2019-09-13,2019-09-13 09:32:27,0.84,0.8235,102,0.82,0.8039,358,0.86,0.8431,8,0.83,0.8137,27,0
IWM190920P156,2019-09-13,2019-09-13 09:32:28,0.84,0.8235,194,0.82,0.8039,358,0.86,0.8431,8,0.83,0.8137,27,0
IWM190920P156,2019-09-13,2019-09-13 09:32:28,0.84,0.8235,191,0.82,0.8039,312,0.86,0.8431,8,0.83,0.8137,27,0
IWM190920P156,2019-09-13,2019-09-13 09:32:29,0.83,0.8137,70,0.82,0.8039,18,0.86,0.8431,8,0.825,0.8088,27,0
IWM190920P156,2019-09-13,2019-09-13 09:32:29,0.83,0.8137,308,0.81,0.7941,220,0.86,0.8431,8,0.82,0.8039,27,0
IWM190920P156,2019-09-13,2019-09-13 09:32:30,0.83,0.8137,575,0.81,0.7941,13,0.86,0.8431,8,0.82,0.8039,27,0
IWM190920P156,2019-09-13,2019-09-13 09:32:30,0.83,0.8137,499,0.81,0.7941,259,0.86,0.8431,8,0.82,0.8039,27,0
IWM190920P156,2019-09-13,2019-09-13 09:32:31,0.83,0.8137,389,0.81,0.7941,13,0.86,0.8431,8,0.82,0.8039,27,0
IWM190920P156,2019-09-13,2019-09-13 09:32:31,0.82,0.8039,87,0.8,0.7843,412,0.86,0.8431,8,0.81,0.7941,27,0
IWM190920P156,2019-09-13,2019-09-13 09:32:32,0.82,0.8039,333,0.8,0.7843,266,0.86,0.8431,8,0.81,0.7941,27,0
IWM190920P156,2019-09-13,2019-09-13 09:32:32,0.82,0.8039,354,0.8,0.7843,117,0.86,0.8431,8,0.81,0.7941,27,0
IWM190920P156,2019-09-13,2019-09-13 09:32:33,0.82,0.8039,364,0.8,0.7843,117,0.86,0.8431,8,0.81,0.7941,27,0
IWM190920P156,2019-09-13,2019-09-13 09:32:34,0.82,0.8039,465,0.8,0.7843,160,0.86,0.8431,8,0.81,0.7941,27,0
IWM190920P156,2019-09-13,2019-09-13 09:32:34,0.82,0.8039,364,0.8,0.7843,173,0.86,0.8431,8,0.81,0.7941,27,0
IWM190920P156,2019-09-13,2019-09-13 09:32:35,0.82,0.8039,347,0.8,0.7843,189,0.86,0.8431,8,0.81,0.7941,27,0
IWM190920P156,2019-09-13,2019-09-13 09:32:35,0.82,0.8039,344,0.8,0.7843,359,0.86,0.8431,8,0.81,0.7941,27,0
IWM190920P156,2019-09-13,2019-09-13 09:32:36,0.82,0.8039,352,0.8,0.7843,359,0.86,0.8431,8,0.81,0.7941,27,0
IWM190920P156,2019-09-13,2019-09-13 09:32:36,0.82,0.8039,12,0.8,0.7843,359,0.86,0.8431,8,0.81,0.7941,27,0
IWM190920P156,2019-09-13,2019-09-13 09:32:37,0.82,0.8039,31,0.81,0.7941,13,0.86,0.8431,8,0.815,0.799,27,0
IWM190920P156,2019-09-13,2019-09-13 09:32:37,0.82,0.8039,31,0.81,0.7941,30,0.86,0.8431,8,0.815,0.799,27,0
IWM190920P156,2019-09-13,2019-09-13 09:32:38,0.82,0.8039,102,0.8,0.7843,187,0.86,0.8431,8,0.81,0.7941,27,0
IWM190920P156,2019-09-13,2019-09-13 09:32:38,0.82,0.8039,37,0.81,0.7941,13,0.86,0.8431,8,0.815,0.799,27,0
IWM190920P156,2019-09-13,2019-09-13 09:32:39,0.82,0.8039,166,0.8,0.7843,178,0.86,0.8431,8,0.81,0.7941,27,0
IWM190920P156,2019-09-13,2019-09-13 09:32:39,0.82,0.8039,265,0.8,0.7843,385,0.86,0.8431,8,0.81,0.7941,27,0
IWM190920P156,2019-09-13,2019-09-13 09:32:40,0.82,0.8039,54,0.8,0.7843,385,0.86,0.8431,8,0.81,0.7941,27,0
IWM190920P156,2019-09-13,2019-09-13 09:32:40,0.84,0.8235,45,0.82,0.8039,13,0.86,0.8431,8,0.83,0.8137,27,0
IWM190920P156,2019-09-13,2019-09-13 09:32:41,0.84,0.8235,257,0.82,0.8039,43,0.86,0.8431,8,0.83,0.8137,27,0
IWM190920P156,2019-09-13,2019-09-13 09:32:41,0.83,0.8137,14,0.82,0.8039,43,0.86,0.8431,8,0.825,0.8088,27,0
IWM190920P156,2019-09-13,2019-09-13 09:32:42,0.84,0.8235,366,0.82,0.8039,13,0.86,0.8431,8,0.83,0.8137,27,0
IWM190920P156,2019-09-13,2019-09-13 09:32:42,0.84,0.8235,274,0.82,0.8039,43,0.86,0.8431,8,0.83,0.8137,27,0
IWM190920P156,2019-09-13,2019-09-13 09:32:43,0.84,0.8235,168,0.82,0.8039,48,0.86,0.8431,8,0.83,0.8137,27,0
IWM190920P156,2019-09-13,2019-09-13 09:32:43,0.84,0.8235,183,0.82,0.8039,48,0.86,0.8431,8,0.83,0.8137,27,0
IWM190920P156,2019-09-13,2019-09-13 09:32:44,0.85,0.8333,289,0.83,0.8137,134,0.86,0.8431,8,0.84,0.8235,27,0
IWM190920P156,2019-09-13,2019-09-13 09:32:44,0.84,0.8235,44,0.82,0.8039,48,0.86,0.8431,8,0.83,0.8137,27,0
IWM190920P156,2019-09-13,2019-09-13 09:32:45,0.85,0.8333,290,0.83,0.8137,87,0.86,0.8431,8,0.84,0.8235,27,0
IWM190920P156,2019-09-13,2019-09-13 09:32:45,0.85,0.8333,144,0.83,0.8137,181,0.86,0.8431,8,0.84,0.8235,27,0
IWM190920P156,2019-09-13,2019-09-13 09:32:46,0.85,0.8333,143,0.83,0.8137,242,0.86,0.8431,8,0.84,0.8235,27,0
IWM190920P156,2019-09-13,2019-09-13 09:32:46,0.85,0.8333,202,0.83,0.8137,143,0.86,0.8431,8,0.84,0.8235,27,0
IWM190920P156,2019-09-13,2019-09-13 09:32:47,0.85,0.8333,310,0.83,0.8137,215,0.86,0.8431,8,0.84,0.8235,27,0
IWM190920P156,2019-09-13,2019-09-13 09:32:47,0.85,0.8333,194,0.83,0.8137,296,0.86,0.8431,8,0.84,0.8235,27,0
IWM190920P156,2019-09-13,2019-09-13 09:32:48,0.85,0.8333,320,0.83,0.8137,143,0.86,0.8431,8,0.84,0.8235,27,0
IWM190920P156,2019-09-13,2019-09-13 09:32:48,0.85,0.8333,452,0.83,0.8137,13,0.86,0.8431,8,0.84,0.8235,27,0
IWM190920P156,2019-09-13,2019-09-13 09:32:49,0.84,0.8235,267,0.83,0.8137,13,0.86,0.8431,8,0.835,0.8186,27,0
IWM190920P156,2019-09-13,2019-09-13 09:32:49,0.84,0.8235,214,0.83,0.8137,13,0.86,0.8431,8,0.835,0.8186,27,0
IWM190920P156,2019-09-13,2019-09-13 09:32:50,0.83,0.8137,13,0.82,0.8039,158,0.86,0.8431,8,0.825,0.8088,27,0
IWM190920P156,2019-09-13,2019-09-13 09:32:50,0.84,0.8235,242,0.82,0.8039,158,0.86,0.8431,8,0.83,0.8137,27,0
IWM190920P156,2019-09-13,2019-09-13 09:32:51,0.84,0.8235,240,0.82,0.8039,158,0.86,0.8431,8,0.83,0.8137,27,0
IWM190920P156,2019-09-13,2019-09-13 09:32:51,0.84,0.8235,347,0.82,0.8039,158,0.86,0.8431,8,0.83,0.8137,27,0
IWM190920P156,2019-09-13,2019-09-13 09:32:52,0.84,0.8235,347,0.82,0.8039,158,0.86,0.8431,8,0.83,0.8137,27,0
IWM190920P156,2019-09-13,2019-09-13 09:32:52,0.83,0.8137,50,0.81,0.7941,412,0.86,0.8431,8,0.82,0.8039,27,0
IWM190920P156,2019-09-13,2019-09-13 09:32:53,0.84,0.8235,330,0.81,0.7941,412,0.86,0.8431,8,0.825,0.8088,27,0
IWM190920P156,2019-09-13,2019-09-13 09:32:53,0.83,0.8137,53,0.82,0.8039,117,0.86,0.8431,8,0.825,0.8088,27,0
IWM190920P156,2019-09-13,2019-09-13 09:32:54,0.83,0.8137,13,0.82,0.8039,80,0.86,0.8431,8,0.825,0.8088,27,0
IWM190920P156,2019-09-13,2019-09-13 09:32:55,0.84,0.8235,298,0.82,0.8039,317,0.86,0.8431,8,0.83,0.8137,27,0
IWM190920P156,2019-09-13,2019-09-13 09:32:56,0.83,0.8137,53,0.82,0.8039,80,0.86,0.8431,8,0.825,0.8088,27,0
IWM190920P156,2019-09-13,2019-09-13 09:32:56,0.84,0.8235,333,0.82,0.8039,400,0.86,0.8431,8,0.83,0.8137,27,0
IWM190920P156,2019-09-13,2019-09-13 09:32:57,0.83,0.8137,86,0.82,0.8039,60,0.86,0.8431,8,0.825,0.8088,27,0
IWM190920P156,2019-09-13,2019-09-13 09:32:57,0.83,0.8137,86,0.82,0.8039,97,0.86,0.8431,8,0.825,0.8088,27,0
IWM190920P156,2019-09-13,2019-09-13 09:32:58,0.83,0.8137,145,0.82,0.8039,83,0.86,0.8431,8,0.825,0.8088,27,0
IWM190920P156,2019-09-13,2019-09-13 09:32:58,0.83,0.8137,152,0.82,0.8039,126,0.86,0.8431,8,0.825,0.8088,27,0
IWM190920P156,2019-09-13,2019-09-13 09:32:59,0.83,0.8137,32,0.82,0.8039,126,0.86,0.8431,8,0.825,0.8088,27,0
IWM190920P156,2019-09-13,2019-09-13 09:32:59,0.83,0.8137,85,0.82,0.8039,126,0.86,0.8431,8,0.825,0.8088,27,0
IWM190920P156,2019-09-13,2019-09-13 09:33:00,0.84,0.8235,260,0.82,0.8039,180,0.86,0.8431,8,0.83,0.8137,27,0
IWM190920P156,2019-09-13,2019-09-13 09:33:00,0.84,0.8235,306,0.82,0.8039,98,0.86,0.8431,8,0.83,0.8137,27,0
IWM190920P156,2019-09-13,2019-09-13 09:33:01,0.83,0.8137,131,0.82,0.8039,42,0.86,0.8431,8,0.825,0.8088,27,0
IWM190920P156,2019-09-13,2019-09-13 09:33:01,0.83,0.8137,24,0.82,0.8039,19,0.86,0.8431,8,0.825,0.8088,27,0
IWM190920P156,2019-09-13,2019-09-13 09:33:02,0.83,0.8137,123,0.82,0.8039,19,0.86,0.8431,8,0.825,0.8088,27,0
IWM190920P156,2019-09-13,2019-09-13 09:33:02,0.83,0.8137,289,0.81,0.7941,359,0.86,0.8431,8,0.82,0.8039,27,0
IWM190920P156,2019-09-13,2019-09-13 09:33:03,0.82,0.8039,85,0.81,0.7941,53,0.86,0.8431,8,0.815,0.799,27,0
IWM190920P156,2019-09-13,2019-09-13 09:33:03,0.82,0.8039,13,0.81,0.7941,211,0.86,0.8431,8,0.815,0.799,27,0
IWM190920P156,2019-09-13,2019-09-13 09:33:04,0.82,0.8039,109,0.81,0.7941,25,0.86,0.8431,8,0.815,0.799,27,0
IWM190920P156,2019-09-13,2019-09-13 09:33:04,0.82,0.8039,253,0.81,0.7941,25,0.86,0.8431,8,0.815,0.799,27,0
IWM190920P156,2019-09-13,2019-09-13 09:33:05,0.81,0.7941,13,0.8,0.7843,138,0.81,0.7941,4,0.805,0.7892,31,4
IWM190920P156,2019-09-13,2019-09-13 09:33:05,0.81,0.7941,13,0.8,0.7843,138,0.81,0.7941,4,0.805,0.7892,31,0
IWM190920P156,2019-09-13,2019-09-13 09:33:06,0.81,0.7941,20,0.8,0.7843,69,0.81,0.7941,4,0.805,0.7892,31,0
IWM190920P156,2019-09-13,2019-09-13 09:33:06,0.81,0.7941,152,0.8,0.7843,85,0.81,0.7941,4,0.805,0.7892,31,0
IWM190920P156,2019-09-13,2019-09-13 09:33:07,0.82,0.8039,341,0.8,0.7843,141,0.81,0.7941,4,0.81,0.7941,31,0
IWM190920P156,2019-09-13,2019-09-13 09:33:07,0.82,0.8039,282,0.8,0.7843,117,0.81,0.7941,4,0.81,0.7941,31,0
IWM190920P156,2019-09-13,2019-09-13 09:33:08,0.82,0.8039,362,0.8,0.7843,141,0.81,0.7941,4,0.81,0.7941,31,0
IWM190920P156,2019-09-13,2019-09-13 09:33:08,0.81,0.7941,93,0.8,0.7843,69,0.81,0.7941,4,0.805,0.7892,31,0
IWM190920P156,2019-09-13,2019-09-13 09:33:09,0.81,0.7941,46,0.8,0.7843,69,0.81,0.7941,4,0.805,0.7892,31,0
IWM190920P156,2019-09-13,2019-09-13 09:33:09,0.82,0.8039,156,0.81,0.7941,68,0.81,0.7941,4,0.815,0.799,31,0
IWM190920P156,2019-09-13,2019-09-13 09:33:10,0.82,0.8039,214,0.81,0.7941,31,0.81,0.7941,4,0.815,0.799,31,0
IWM190920P156,2019-09-13,2019-09-13 09:33:10,0.82,0.8039,165,0.81,0.7941,32,0.81,0.7941,4,0.815,0.799,31,0
IWM190920P156,2019-09-13,2019-09-13 09:33:11,0.83,0.8137,212,0.81,0.7941,141,0.81,0.7941,4,0.82,0.8039,31,0
IWM190920P156,2019-09-13,2019-09-13 09:33:12,0.83,0.8137,409,0.81,0.7941,78,0.81,0.7941,4,0.82,0.8039,31,0
IWM190920P156,2019-09-13,2019-09-13 09:33:12,0.83,0.8137,252,0.81,0.7941,144,0.81,0.7941,4,0.82,0.8039,31,0
IWM190920P156,2019-09-13,2019-09-13 09:33:13,0.83,0.8137,379,0.81,0.7941,78,0.81,0.7941,4,0.82,0.8039,31,0
IWM190920P156,2019-09-13,2019-09-13 09:33:13,0.83,0.8137,429,0.81,0.7941,78,0.81,0.7941,4,0.82,0.8039,31,0
IWM190920P156,2019-09-13,2019-09-13 09:33:14,0.82,0.8039,102,0.81,0.7941,78,0.81,0.7941,4,0.815,0.799,31,0
IWM190920P156,2019-09-13,2019-09-13 09:33:14,0.82,0.8039,159,0.81,0.7941,78,0.81,0.7941,4,0.815,0.799,31,0
IWM190920P156,2019-09-13,2019-09-13 09:33:15,0.82,0.8039,200,0.81,0.7941,78,0.81,0.7941,4,0.815,0.799,31,0
IWM190920P156,2019-09-13,2019-09-13 09:33:15,0.82,0.8039,275,0.81,0.7941,78,0.81,0.7941,4,0.815,0.799,31,0
IWM190920P156,2019-09-13,2019-09-13 09:33:16,0.82,0.8039,305,0.81,0.7941,78,0.81,0.7941,4,0.815,0.799,31,0
IWM190920P156,2019-09-13,2019-09-13 09:33:16,0.82,0.8039,287,0.81,0.7941,17,0.81,0.7941,4,0.815,0.799,31,0
IWM190920P156,2019-09-13,2019-09-13 09:33:17,0.82,0.8039,194,0.81,0.7941,17,0.81,0.7941,4,0.815,0.799,31,0
IWM190920P156,2019-09-13,2019-09-13 09:33:17,0.82,0.8039,213,0.81,0.7941,12,0.81,0.7941,4,0.815,0.799,31,0
IWM190920P156,2019-09-13,2019-09-13 09:33:18,0.82,0.8039,230,0.81,0.7941,12,0.81,0.7941,4,0.815,0.799,31,0
IWM190920P156,2019-09-13,2019-09-13 09:33:18,0.82,0.8039,218,0.81,0.7941,39,0.81,0.7941,4,0.815,0.799,31,0
IWM190920P156,2019-09-13,2019-09-13 09:33:19,0.82,0.8039,153,0.81,0.7941,57,0.81,0.7941,4,0.815,0.799,31,0
IWM190920P156,2019-09-13,2019-09-13 09:33:19,0.82,0.8039,149,0.81,0.7941,221,0.81,0.7941,4,0.815,0.799,31,0
IWM190920P156,2019-09-13,2019-09-13 09:33:20,0.82,0.8039,149,0.81,0.7941,153,0.81,0.7941,4,0.815,0.799,31,0
IWM190920P156,2019-09-13,2019-09-13 09:33:21,0.83,0.8137,211,0.82,0.8039,32,0.81,0.7941,4,0.825,0.8088,31,0
IWM190920P156,2019-09-13,2019-09-13 09:33:21,0.83,0.8137,211,0.82,0.8039,14,0.81,0.7941,4,0.825,0.8088,31,0
IWM190920P156,2019-09-13,2019-09-13 09:33:22,0.83,0.8137,144,0.82,0.8039,32,0.81,0.7941,4,0.825,0.8088,31,0
IWM190920P156,2019-09-13,2019-09-13 09:33:22,0.83,0.8137,212,0.82,0.8039,32,0.81,0.7941,4,0.825,0.8088,31,0
IWM190920P156,2019-09-13,2019-09-13 09:33:23,0.84,0.8235,200,0.82,0.8039,144,0.81,0.7941,4,0.83,0.8137,31,0
IWM190920P156,2019-09-13,2019-09-13 09:33:23,0.84,0.8235,262,0.82,0.8039,73,0.81,0.7941,4,0.83,0.8137,31,0
IWM190920P156,2019-09-13,2019-09-13 09:33:24,0.84,0.8235,375,0.82,0.8039,52,0.81,0.7941,4,0.83,0.8137,31,0
IWM190920P156,2019-09-13,2019-09-13 09:33:24,0.84,0.8235,355,0.82,0.8039,100,0.81,0.7941,4,0.83,0.8137,31,0
IWM190920P156,2019-09-13,2019-09-13 09:33:25,0.84,0.8235,457,0.82,0.8039,263,0.81,0.7941,4,0.83,0.8137,31,0
IWM190920P156,2019-09-13,2019-09-13 09:33:25,0.84,0.8235,396,0.82,0.8039,332,0.81,0.7941,4,0.83,0.8137,31,0
IWM190920P156,2019-09-13,2019-09-13 09:33:26,0.84,0.8235,317,0.82,0.8039,332,0.81,0.7941,4,0.83,0.8137,31,0
IWM190920P156,2019-09-13,2019-09-13 09:33:26,0.84,0.8235,451,0.82,0.8039,52,0.81,0.7941,4,0.83,0.8137,31,0
IWM190920P156,2019-09-13,2019-09-13 09:33:27,0.84,0.8235,451,0.82,0.8039,90,0.81,0.7941,4,0.83,0.8137,31,0
IWM190920P156,2019-09-13,2019-09-13 09:33:27,0.84,0.8235,451,0.82,0.8039,52,0.81,0.7941,4,0.83,0.8137,31,0
IWM190920P156,2019-09-13,2019-09-13 09:33:28,0.84,0.8235,134,0.82,0.8039,111,0.81,0.7941,4,0.83,0.8137,31,0
IWM190920P156,2019-09-13,2019-09-13 09:33:28,0.84,0.8235,62,0.83,0.8137,33,0.81,0.7941,4,0.835,0.8186,31,0
IWM190920P156,2019-09-13,2019-09-13 09:33:29,0.84,0.8235,62,0.83,0.8137,33,0.81,0.7941,4,0.835,0.8186,31,0
IWM190920P156,2019-09-13,2019-09-13 09:33:29,0.84,0.8235,225,0.83,0.8137,20,0.81,0.7941,4,0.835,0.8186,31,0
IWM190920P156,2019-09-13,2019-09-13 09:33:30,0.84,0.8235,384,0.82,0.8039,66,0.81,0.7941,4,0.83,0.8137,31,0
IWM190920P156,2019-09-13,2019-09-13 09:33:30,0.84,0.8235,457,0.83,0.8137,9,0.81,0.7941,4,0.835,0.8186,31,0
IWM190920P156,2019-09-13,2019-09-13 09:33:31,0.83,0.8137,147,0.82,0.8039,66,0.81,0.7941,4,0.825,0.8088,31,0
IWM190920P156,2019-09-13,2019-09-13 09:33:32,0.83,0.8137,364,0.81,0.7941,100,0.81,0.7941,4,0.82,0.8039,31,0
IWM190920P156,2019-09-13,2019-09-13 09:33:33,0.83,0.8137,226,0.81,0.7941,144,0.81,0.7941,4,0.82,0.8039,31,0
IWM190920P156,2019-09-13,2019-09-13 09:33:33,0.83,0.8137,325,0.81,0.7941,158,0.81,0.7941,4,0.82,0.8039,31,0
IWM190920P156,2019-09-13,2019-09-13 09:33:34,0.83,0.8137,178,0.81,0.7941,262,0.81,0.7941,4,0.82,0.8039,31,0
IWM190920P156,2019-09-13,2019-09-13 09:33:34,0.83,0.8137,178,0.81,0.7941,394,0.81,0.7941,4,0.82,0.8039,31,0
IWM190920P156,2019-09-13,2019-09-13 09:33:35,0.83,0.8137,401,0.81,0.7941,108,0.81,0.7941,4,0.82,0.8039,31,0
IWM190920P156,2019-09-13,2019-09-13 09:33:35,0.83,0.8137,156,0.81,0.7941,138,0.81,0.7941,4,0.82,0.8039,31,0
IWM190920P156,2019-09-13,2019-09-13 09:33:36,0.83,0.8137,148,0.81,0.7941,282,0.81,0.7941,4,0.82,0.8039,31,0
IWM190920P156,2019-09-13,2019-09-13 09:33:36,0.84,0.8235,169,0.81,0.7941,282,0.81,0.7941,4,0.825,0.8088,31,0
IWM190920P156,2019-09-13,2019-09-13 09:33:37,0.84,0.8235,512,0.82,0.8039,80,0.81,0.7941,4,0.83,0.8137,31,0
IWM190920P156,2019-09-13,2019-09-13 09:33:38,0.83,0.8137,67,0.81,0.7941,351,0.83,0.8137,1,0.82,0.8039,32,1
IWM190920P156,2019-09-13,2019-09-13 09:33:38,0.83,0.8137,23,0.81,0.7941,383,0.81,0.7941,4,0.82,0.8039,31,0
IWM190920P156,2019-09-13,2019-09-13 09:33:39,0.83,0.8137,138,0.82,0.8039,41,0.83,0.8137,1,0.825,0.8088,32,0
IWM190920P156,2019-09-13,2019-09-13 09:33:39,0.83,0.8137,148,0.81,0.7941,351,0.83,0.8137,1,0.82,0.8039,32,0
IWM190920P156,2019-09-13,2019-09-13 09:33:40,0.84,0.8235,458,0.82,0.8039,82,0.83,0.8137,1,0.83,0.8137,32,0
IWM190920P156,2019-09-13,2019-09-13 09:33:40,0.84,0.8235,392,0.82,0.8039,39,0.83,0.8137,1,0.83,0.8137,32,0
IWM190920P156,2019-09-13,2019-09-13 09:33:41,0.84,0.8235,392,0.82,0.8039,39,0.83,0.8137,1,0.83,0.8137,32,0
IWM190920P156,2019-09-13,2019-09-13 09:33:41,0.83,0.8137,22,0.82,0.8039,39,0.83,0.8137,1,0.825,0.8088,32,0
IWM190920P156,2019-09-13,2019-09-13 09:33:42,0.83,0.8137,22,0.82,0.8039,39,0.83,0.8137,1,0.825,0.8088,32,0
IWM190920P156,2019-09-13,2019-09-13 09:33:42,0.83,0.8137,13,0.82,0.8039,39,0.83,0.8137,1,0.825,0.8088,32,0
IWM190920P156,2019-09-13,2019-09-13 09:33:43,0.83,0.8137,22,0.82,0.8039,39,0.83,0.8137,1,0.825,0.8088,32,0
IWM190920P156,2019-09-13,2019-09-13 09:33:43,0.83,0.8137,134,0.82,0.8039,26,0.83,0.8137,1,0.825,0.8088,32,0
IWM190920P156,2019-09-13,2019-09-13 09:33:44,0.83,0.8137,118,0.82,0.8039,26,0.83,0.8137,1,0.825,0.8088,32,0
IWM190920P156,2019-09-13,2019-09-13 09:33:45,0.83,0.8137,90,0.82,0.8039,34,0.83,0.8137,1,0.825,0.8088,32,0
IWM190920P156,2019-09-13,2019-09-13 09:33:45,0.84,0.8235,435,0.82,0.8039,180,0.83,0.8137,1,0.83,0.8137,32,0
IWM190920P156,2019-09-13,2019-09-13 09:33:46,0.84,0.8235,435,0.82,0.8039,180,0.83,0.8137,1,0.83,0.8137,32,0
IWM190920P156,2019-09-13,2019-09-13 09:33:46,0.83,0.8137,13,0.82,0.8039,26,0.83,0.8137,1,0.825,0.8088,32,0
IWM190920P156,2019-09-13,2019-09-13 09:33:47,0.83,0.8137,13,0.82,0.8039,26,0.83,0.8137,1,0.825,0.8088,32,0
IWM190920P156,2019-09-13,2019-09-13 09:33:48,0.84,0.8235,335,0.82,0.8039,26,0.83,0.8137,1,0.83,0.8137,32,0
IWM190920P156,2019-09-13,2019-09-13 09:33:48,0.83,0.8137,13,0.82,0.8039,26,0.83,0.8137,1,0.825,0.8088,32,0
IWM190920P156,2019-09-13,2019-09-13 09:33:49,0.84,0.8235,200,0.83,0.8137,38,0.83,0.8137,1,0.835,0.8186,32,0
IWM190920P156,2019-09-13,2019-09-13 09:33:49,0.84,0.8235,91,0.83,0.8137,138,0.83,0.8137,1,0.835,0.8186,32,0
IWM190920P156,2019-09-13,2019-09-13 09:33:50,0.84,0.8235,130,0.83,0.8137,18,0.83,0.8137,1,0.835,0.8186,32,0
IWM190920P156,2019-09-13,2019-09-13 09:33:50,0.84,0.8235,35,0.83,0.8137,101,0.83,0.8137,1,0.835,0.8186,32,0
IWM190920P156,2019-09-13,2019-09-13 09:33:51,0.84,0.8235,131,0.83,0.8137,38,0.83,0.8137,1,0.835,0.8186,32,0
IWM190920P156,2019-09-13,2019-09-13 09:33:51,0.85,0.8333,120,0.83,0.8137,122,0.83,0.8137,1,0.84,0.8235,32,0
IWM190920P156,2019-09-13,2019-09-13 09:33:52,0.85,0.8333,159,0.83,0.8137,158,0.83,0.8137,1,0.84,0.8235,32,0
IWM190920P156,2019-09-13,2019-09-13 09:33:52,0.85,0.8333,77,0.84,0.8235,10,0.83,0.8137,1,0.845,0.8284,32,0
IWM190920P156,2019-09-13,2019-09-13 09:33:53,0.84,0.8235,48,0.83,0.8137,35,0.83,0.8137,1,0.835,0.8186,32,0
IWM190920P156,2019-09-13,2019-09-13 09:33:53,0.85,0.8333,171,0.83,0.8137,91,0.83,0.8137,1,0.84,0.8235,32,0
IWM190920P156,2019-09-13,2019-09-13 09:33:54,0.84,0.8235,81,0.83,0.8137,35,0.83,0.8137,1,0.835,0.8186,32,0
IWM190920P156,2019-09-13,2019-09-13 09:33:54,0.84,0.8235,136,0.83,0.8137,35,0.83,0.8137,1,0.835,0.8186,32,0
IWM190920P156,2019-09-13,2019-09-13 09:33:55,0.84,0.8235,136,0.83,0.8137,35,0.83,0.8137,1,0.835,0.8186,32,0
IWM190920P156,2019-09-13,2019-09-13 09:33:55,0.84,0.8235,174,0.83,0.8137,35,0.83,0.8137,1,0.835,0.8186,32,0
IWM190920P156,2019-09-13,2019-09-13 09:33:56,0.84,0.8235,231,0.82,0.8039,92,0.83,0.8137,1,0.83,0.8137,32,0
IWM190920P156,2019-09-13,2019-09-13 09:33:56,0.84,0.8235,78,0.82,0.8039,178,0.83,0.8137,1,0.83,0.8137,32,0
IWM190920P156,2019-09-13,2019-09-13 09:33:57,0.84,0.8235,231,0.82,0.8039,92,0.83,0.8137,1,0.83,0.8137,32,0
IWM190920P156,2019-09-13,2019-09-13 09:33:58,0.83,0.8137,64,0.82,0.8039,78,0.83,0.8137,1,0.825,0.8088,32,0
IWM190920P156,2019-09-13,2019-09-13 09:33:58,0.84,0.8235,385,0.82,0.8039,78,0.83,0.8137,1,0.83,0.8137,32,0
IWM190920P156,2019-09-13,2019-09-13 09:33:59,0.84,0.8235,206,0.82,0.8039,78,0.83,0.8137,1,0.83,0.8137,32,0
IWM190920P156,2019-09-13,2019-09-13 09:33:59,0.84,0.8235,232,0.82,0.8039,105,0.83,0.8137,1,0.83,0.8137,32,0
IWM190920P156,2019-09-13,2019-09-13 09:34:00,0.84,0.8235,246,0.83,0.8137,41,0.83,0.8137,1,0.835,0.8186,32,0
IWM190920P156,2019-09-13,2019-09-13 09:34:00,0.84,0.8235,243,0.82,0.8039,384,0.83,0.8137,1,0.83,0.8137,32,0
IWM190920P156,2019-09-13,2019-09-13 09:34:01,0.85,0.8333,407,0.83,0.8137,259,0.83,0.8137,1,0.84,0.8235,32,0
IWM190920P156,2019-09-13,2019-09-13 09:34:01,0.85,0.8333,301,0.83,0.8137,259,0.83,0.8137,1,0.84,0.8235,32,0
IWM190920P156,2019-09-13,2019-09-13 09:34:02,0.85,0.8333,10,0.84,0.8235,125,0.83,0.8137,1,0.845,0.8284,32,0
IWM190920P156,2019-09-13,2019-09-13 09:34:02,0.85,0.8333,149,0.84,0.8235,15,0.83,0.8137,1,0.845,0.8284,32,0
IWM190920P156,2019-09-13,2019-09-13 09:34:03,0.86,0.8431,133,0.84,0.8235,65,0.83,0.8137,1,0.85,0.8333,32,0
IWM190920P156,2019-09-13,2019-09-13 09:34:03,0.85,0.8333,145,0.84,0.8235,11,0.83,0.8137,1,0.845,0.8284,32,0
IWM190920P156,2019-09-13,2019-09-13 09:34:04,0.86,0.8431,68,0.84,0.8235,258,0.83,0.8137,1,0.85,0.8333,32,0
IWM190920P156,2019-09-13,2019-09-13 09:34:04,0.86,0.8431,61,0.84,0.8235,55,0.83,0.8137,1,0.85,0.8333,32,0
IWM190920P156,2019-09-13,2019-09-13 09:34:05,0.87,0.8529,63,0.85,0.8333,38,0.83,0.8137,1,0.86,0.8431,32,0
IWM190920P156,2019-09-13,2019-09-13 09:34:05,0.87,0.8529,248,0.85,0.8333,38,0.83,0.8137,1,0.86,0.8431,32,0
IWM190920P156,2019-09-13,2019-09-13 09:34:06,0.88,0.8627,418,0.86,0.8431,75,0.83,0.8137,1,0.87,0.8529,32,0
IWM190920P156,2019-09-13,2019-09-13 09:34:06,0.88,0.8627,285,0.86,0.8431,146,0.83,0.8137,1,0.87,0.8529,32,0
IWM190920P156,2019-09-13,2019-09-13 09:34:07,0.88,0.8627,285,0.86,0.8431,211,0.83,0.8137,1,0.87,0.8529,32,0
IWM190920P156,2019-09-13,2019-09-13 09:34:07,0.88,0.8627,345,0.86,0.8431,211,0.83,0.8137,1,0.87,0.8529,32,0
IWM190920P156,2019-09-13,2019-09-13 09:34:08,0.88,0.8627,40,0.87,0.8529,31,0.83,0.8137,1,0.875,0.8578,32,0
IWM190920P156,2019-09-13,2019-09-13 09:34:08,0.88,0.8627,345,0.87,0.8529,19,0.83,0.8137,1,0.875,0.8578,32,0
IWM190920P156,2019-09-13,2019-09-13 09:34:09,0.89,0.8725,487,0.87,0.8529,112,0.83,0.8137,1,0.88,0.8627,32,0
IWM190920P156,2019-09-13,2019-09-13 09:34:09,0.88,0.8627,273,0.86,0.8431,189,0.83,0.8137,1,0.87,0.8529,32,0
IWM190920P156,2019-09-13,2019-09-13 09:34:10,0.88,0.8627,173,0.86,0.8431,199,0.83,0.8137,1,0.87,0.8529,32,0
IWM190920P156,2019-09-13,2019-09-13 09:34:10,0.88,0.8627,242,0.86,0.8431,199,0.83,0.8137,1,0.87,0.8529,32,0
IWM190920P156,2019-09-13,2019-09-13 09:34:11,0.88,0.8627,334,0.86,0.8431,182,0.83,0.8137,1,0.87,0.8529,32,0
IWM190920P156,2019-09-13,2019-09-13 09:34:11,0.88,0.8627,217,0.87,0.8529,13,0.83,0.8137,1,0.875,0.8578,32,0
IWM190920P156,2019-09-13,2019-09-13 09:34:12,0.87,0.8529,90,0.86,0.8431,204,0.83,0.8137,1,0.865,0.848,32,0
IWM190920P156,2019-09-13,2019-09-13 09:34:12,0.87,0.8529,388,0.85,0.8333,201,0.83,0.8137,1,0.86,0.8431,32,0
IWM190920P156,2019-09-13,2019-09-13 09:34:13,0.86,0.8431,315,0.85,0.8333,15,0.83,0.8137,1,0.855,0.8382,32,0
IWM190920P156,2019-09-13,2019-09-13 09:34:13,0.87,0.8529,388,0.85,0.8333,96,0.83,0.8137,1,0.86,0.8431,32,0
IWM190920P156,2019-09-13,2019-09-13 09:34:14,0.86,0.8431,204,0.85,0.8333,57,0.83,0.8137,1,0.855,0.8382,32,0
IWM190920P156,2019-09-13,2019-09-13 09:34:14,0.86,0.8431,92,0.85,0.8333,15,0.83,0.8137,1,0.855,0.8382,32,0
IWM190920P156,2019-09-13,2019-09-13 09:34:15,0.86,0.8431,244,0.85,0.8333,208,0.83,0.8137,1,0.855,0.8382,32,0
IWM190920P156,2019-09-13,2019-09-13 09:34:15,0.86,0.8431,244,0.85,0.8333,44,0.83,0.8137,1,0.855,0.8382,32,0
IWM190920P156,2019-09-13,2019-09-13 09:34:16,0.86,0.8431,67,0.85,0.8333,51,0.83,0.8137,1,0.855,0.8382,32,0
IWM190920P156,2019-09-13,2019-09-13 09:34:16,0.86,0.8431,109,0.85,0.8333,44,0.83,0.8137,1,0.855,0.8382,32,0
IWM190920P156,2019-09-13,2019-09-13 09:34:17,0.86,0.8431,67,0.85,0.8333,73,0.83,0.8137,1,0.855,0.8382,32,0
IWM190920P156,2019-09-13,2019-09-13 09:34:17,0.86,0.8431,67,0.85,0.8333,51,0.83,0.8137,1,0.855,0.8382,32,0
IWM190920P156,2019-09-13,2019-09-13 09:34:18,0.86,0.8431,67,0.85,0.8333,81,0.83,0.8137,1,0.855,0.8382,32,0
IWM190920P156,2019-09-13,2019-09-13 09:34:19,0.87,0.8529,124,0.85,0.8333,165,0.83,0.8137,1,0.86,0.8431,32,0
IWM190920P156,2019-09-13,2019-09-13 09:34:19,0.87,0.8529,20,0.86,0.8431,41,0.83,0.8137,1,0.865,0.848,32,0
IWM190920P156,2019-09-13,2019-09-13 09:34:20,0.88,0.8627,181,0.86,0.8431,186,0.83,0.8137,1,0.87,0.8529,32,0
IWM190920P156,2019-09-13,2019-09-13 09:34:20,0.88,0.8627,274,0.86,0.8431,354,0.83,0.8137,1,0.87,0.8529,32,0
IWM190920P156,2019-09-13,2019-09-13 09:34:21,0.88,0.8627,268,0.86,0.8431,354,0.83,0.8137,1,0.87,0.8529,32,0
IWM190920P156,2019-09-13,2019-09-13 09:34:21,0.88,0.8627,407,0.86,0.8431,395,0.83,0.8137,1,0.87,0.8529,32,0
IWM190920P156,2019-09-13,2019-09-13 09:34:22,0.88,0.8627,357,0.87,0.8529,15,0.83,0.8137,1,0.875,0.8578,32,0
IWM190920P156,2019-09-13,2019-09-13 09:34:22,0.88,0.8627,399,0.86,0.8431,435,0.83,0.8137,1,0.87,0.8529,32,0
IWM190920P156,2019-09-13,2019-09-13 09:34:23,0.87,0.8529,67,0.86,0.8431,36,0.83,0.8137,1,0.865,0.848,32,0
IWM190920P156,2019-09-13,2019-09-13 09:34:23,0.87,0.8529,45,0.86,0.8431,205,0.83,0.8137,1,0.865,0.848,32,0
IWM190920P156,2019-09-13,2019-09-13 09:34:24,0.88,0.8627,395,0.86,0.8431,166,0.83,0.8137,1,0.87,0.8529,32,0
IWM190920P156,2019-09-13,2019-09-13 09:34:24,0.88,0.8627,93,0.86,0.8431,166,0.83,0.8137,1,0.87,0.8529,32,0
IWM190920P156,2019-09-13,2019-09-13 09:34:25,0.88,0.8627,339,0.86,0.8431,166,0.83,0.8137,1,0.87,0.8529,32,0
IWM190920P156,2019-09-13,2019-09-13 09:34:25,0.88,0.8627,405,0.86,0.8431,166,0.83,0.8137,1,0.87,0.8529,32,0
IWM190920P156,2019-09-13,2019-09-13 09:34:26,0.88,0.8627,339,0.86,0.8431,166,0.83,0.8137,1,0.87,0.8529,32,0
IWM190920P156,2019-09-13,2019-09-13 09:34:27,0.88,0.8627,511,0.86,0.8431,166,0.83,0.8137,1,0.87,0.8529,32,0
IWM190920P156,2019-09-13,2019-09-13 09:34:27,0.88,0.8627,439,0.86,0.8431,234,0.83,0.8137,1,0.87,0.8529,32,0
IWM190920P156,2019-09-13,2019-09-13 09:34:28,0.88,0.8627,381,0.86,0.8431,177,0.83,0.8137,1,0.87,0.8529,32,0
IWM190920P156,2019-09-13,2019-09-13 09:34:28,0.88,0.8627,554,0.86,0.8431,177,0.83,0.8137,1,0.87,0.8529,32,0
IWM190920P156,2019-09-13,2019-09-13 09:34:29,0.88,0.8627,626,0.86,0.8431,177,0.83,0.8137,1,0.87,0.8529,32,0
IWM190920P156,2019-09-13,2019-09-13 09:34:29,0.88,0.8627,381,0.86,0.8431,177,0.83,0.8137,1,0.87,0.8529,32,0
IWM190920P156,2019-09-13,2019-09-13 09:34:30,0.88,0.8627,589,0.86,0.8431,182,0.83,0.8137,1,0.87,0.8529,32,0
IWM190920P156,2019-09-13,2019-09-13 09:34:30,0.88,0.8627,381,0.86,0.8431,177,0.83,0.8137,1,0.87,0.8529,32,0
IWM190920P156,2019-09-13,2019-09-13 09:34:31,0.86,0.8431,161,0.85,0.8333,54,0.83,0.8137,1,0.855,0.8382,32,0
IWM190920P156,2019-09-13,2019-09-13 09:34:31,0.86,0.8431,154,0.85,0.8333,34,0.83,0.8137,1,0.855,0.8382,32,0
IWM190920P156,2019-09-13,2019-09-13 09:34:32,0.86,0.8431,244,0.84,0.8235,244,0.83,0.8137,1,0.85,0.8333,32,0
IWM190920P156,2019-09-13,2019-09-13 09:34:32,0.86,0.8431,136,0.84,0.8235,63,0.83,0.8137,1,0.85,0.8333,32,0
IWM190920P156,2019-09-13,2019-09-13 09:34:33,0.86,0.8431,244,0.84,0.8235,364,0.83,0.8137,1,0.85,0.8333,32,0
IWM190920P156,2019-09-13,2019-09-13 09:34:34,0.86,0.8431,365,0.84,0.8235,364,0.83,0.8137,1,0.85,0.8333,32,0
IWM190920P156,2019-09-13,2019-09-13 09:34:34,0.86,0.8431,328,0.84,0.8235,364,0.83,0.8137,1,0.85,0.8333,32,0
IWM190920P156,2019-09-13,2019-09-13 09:34:35,0.85,0.8333,116,0.84,0.8235,41,0.83,0.8137,1,0.845,0.8284,32,0
IWM190920P156,2019-09-13,2019-09-13 09:34:35,0.86,0.8431,364,0.84,0.8235,58,0.83,0.8137,1,0.85,0.8333,32,0
IWM190920P156,2019-09-13,2019-09-13 09:34:36,0.85,0.8333,15,0.84,0.8235,41,0.83,0.8137,1,0.845,0.8284,32,0
IWM190920P156,2019-09-13,2019-09-13 09:34:36,0.85,0.8333,52,0.84,0.8235,69,0.83,0.8137,1,0.845,0.8284,32,0
IWM190920P156,2019-09-13,2019-09-13 09:34:37,0.85,0.8333,168,0.84,0.8235,110,0.83,0.8137,1,0.845,0.8284,32,0
IWM190920P156,2019-09-13,2019-09-13 09:34:37,0.85,0.8333,168,0.84,0.8235,105,0.83,0.8137,1,0.845,0.8284,32,0
IWM190920P156,2019-09-13,2019-09-13 09:34:38,0.86,0.8431,431,0.84,0.8235,55,0.83,0.8137,1,0.85,0.8333,32,0
IWM190920P156,2019-09-13,2019-09-13 09:34:38,0.86,0.8431,376,0.84,0.8235,55,0.83,0.8137,1,0.85,0.8333,32,0
IWM190920P156,2019-09-13,2019-09-13 09:34:39,0.86,0.8431,431,0.84,0.8235,55,0.83,0.8137,1,0.85,0.8333,32,0
IWM190920P156,2019-09-13,2019-09-13 09:34:40,0.86,0.8431,334,0.84,0.8235,55,0.83,0.8137,1,0.85,0.8333,32,0
IWM190920P156,2019-09-13,2019-09-13 09:34:40,0.86,0.8431,335,0.85,0.8333,15,0.83,0.8137,1,0.855,0.8382,32,0
IWM190920P156,2019-09-13,2019-09-13 09:34:41,0.86,0.8431,299,0.85,0.8333,15,0.83,0.8137,1,0.855,0.8382,32,0
IWM190920P156,2019-09-13,2019-09-13 09:34:41,0.86,0.8431,220,0.85,0.8333,15,0.83,0.8137,1,0.855,0.8382,32,0
IWM190920P156,2019-09-13,2019-09-13 09:34:42,0.86,0.8431,365,0.85,0.8333,28,0.83,0.8137,1,0.855,0.8382,32,0
IWM190920P156,2019-09-13,2019-09-13 09:34:43,0.86,0.8431,256,0.85,0.8333,28,0.83,0.8137,1,0.855,0.8382,32,0
IWM190920P156,2019-09-13,2019-09-13 09:34:43,0.86,0.8431,357,0.85,0.8333,28,0.83,0.8137,1,0.855,0.8382,32,0
IWM190920P156,2019-09-13,2019-09-13 09:34:44,0.86,0.8431,498,0.84,0.8235,78,0.83,0.8137,1,0.85,0.8333,32,0
IWM190920P156,2019-09-13,2019-09-13 09:34:44,0.86,0.8431,374,0.84,0.8235,110,0.83,0.8137,1,0.85,0.8333,32,0
IWM190920P156,2019-09-13,2019-09-13 09:34:45,0.86,0.8431,316,0.84,0.8235,177,0.83,0.8137,1,0.85,0.8333,32,0
IWM190920P156,2019-09-13,2019-09-13 09:34:46,0.85,0.8333,198,0.83,0.8137,110,0.83,0.8137,1,0.84,0.8235,32,0
IWM190920P156,2019-09-13,2019-09-13 09:34:46,0.86,0.8431,466,0.84,0.8235,177,0.83,0.8137,1,0.85,0.8333,32,0
IWM190920P156,2019-09-13,2019-09-13 09:34:47,0.85,0.8333,301,0.83,0.8137,194,0.83,0.8137,1,0.84,0.8235,32,0
IWM190920P156,2019-09-13,2019-09-13 09:34:47,0.85,0.8333,282,0.83,0.8137,194,0.83,0.8137,1,0.84,0.8235,32,0
IWM190920P156,2019-09-13,2019-09-13 09:34:48,0.85,0.8333,174,0.83,0.8137,194,0.83,0.8137,1,0.84,0.8235,32,0
IWM190920P156,2019-09-13,2019-09-13 09:34:48,0.85,0.8333,282,0.83,0.8137,194,0.83,0.8137,1,0.84,0.8235,32,0
IWM190920P156,2019-09-13,2019-09-13 09:34:49,0.85,0.8333,322,0.83,0.8137,69,0.84,0.8235,2,0.84,0.8235,34,2
IWM190920P156,2019-09-13,2019-09-13 09:34:49,0.85,0.8333,322,0.83,0.8137,194,0.83,0.8137,1,0.84,0.8235,32,0
IWM190920P156,2019-09-13,2019-09-13 09:34:50,0.85,0.8333,195,0.83,0.8137,30,0.84,0.8235,2,0.84,0.8235,34,0
IWM190920P156,2019-09-13,2019-09-13 09:34:50,0.85,0.8333,176,0.83,0.8137,150,0.84,0.8235,2,0.84,0.8235,34,0
IWM190920P156,2019-09-13,2019-09-13 09:34:51,0.84,0.8235,85,0.83,0.8137,236,0.84,0.8235,2,0.835,0.8186,34,0
IWM190920P156,2019-09-13,2019-09-13 09:34:51,0.84,0.8235,139,0.83,0.8137,141,0.84,0.8235,2,0.835,0.8186,34,0
IWM190920P156,2019-09-13,2019-09-13 09:34:52,0.83,0.8137,13,0.82,0.8039,27,0.84,0.8235,2,0.825,0.8088,34,0
IWM190920P156,2019-09-13,2019-09-13 09:34:52,0.83,0.8137,122,0.82,0.8039,53,0.84,0.8235,2,0.825,0.8088,34,0
IWM190920P156,2019-09-13,2019-09-13 09:34:53,0.83,0.8137,299,0.82,0.8039,14,0.84,0.8235,2,0.825,0.8088,34,0
IWM190920P156,2019-09-13,2019-09-13 09:34:54,0.83,0.8137,336,0.82,0.8039,14,0.84,0.8235,2,0.825,0.8088,34,0
IWM190920P156,2019-09-13,2019-09-13 09:34:55,0.83,0.8137,360,0.82,0.8039,14,0.84,0.8235,2,0.825,0.8088,34,0
IWM190920P156,2019-09-13,2019-09-13 09:34:55,0.83,0.8137,336,0.82,0.8039,14,0.84,0.8235,2,0.825,0.8088,34,0
IWM190920P156,2019-09-13,2019-09-13 09:34:56,0.83,0.8137,360,0.82,0.8039,14,0.84,0.8235,2,0.825,0.8088,34,0
IWM190920P156,2019-09-13,2019-09-13 09:34:57,0.83,0.8137,79,0.82,0.8039,48,0.84,0.8235,2,0.825,0.8088,34,0
IWM190920P156,2019-09-13,2019-09-13 09:34:57,0.83,0.8137,238,0.82,0.8039,14,0.84,0.8235,2,0.825,0.8088,34,0
IWM190920P156,2019-09-13,2019-09-13 09:34:58,0.83,0.8137,302,0.82,0.8039,33,0.84,0.8235,2,0.825,0.8088,34,0
IWM190920P156,2019-09-13,2019-09-13 09:34:58,0.83,0.8137,391,0.82,0.8039,33,0.84,0.8235,2,0.825,0.8088,34,0
IWM190920P156,2019-09-13,2019-09-13 09:34:59,0.83,0.8137,411,0.82,0.8039,8,0.84,0.8235,2,0.825,0.8088,34,0
IWM190920P156,2019-09-13,2019-09-13 09:34:59,0.83,0.8137,159,0.82,0.8039,8,0.84,0.8235,2,0.825,0.8088,34,0
IWM190920P156,2019-09-13,2019-09-13 09:35:00,0.83,0.8137,127,0.81,0.7941,38,0.84,0.8235,2,0.82,0.8039,34,0
IWM190920P156,2019-09-13,2019-09-13 09:35:01,0.81,0.7941,150,0.8,0.7843,21,0.84,0.8235,2,0.805,0.7892,34,0
IWM190920P156,2019-09-13,2019-09-13 09:35:01,0.82,0.8039,85,0.8,0.7843,21,0.84,0.8235,2,0.81,0.7941,34,0
IWM190920P156,2019-09-13,2019-09-13 09:35:02,0.81,0.7941,171,0.8,0.7843,8,0.84,0.8235,2,0.805,0.7892,34,0
IWM190920P156,2019-09-13,2019-09-13 09:35:02,0.81,0.7941,95,0.8,0.7843,8,0.84,0.8235,2,0.805,0.7892,34,0
IWM190920P156,2019-09-13,2019-09-13 09:35:03,0.81,0.7941,208,0.8,0.7843,21,0.84,0.8235,2,0.805,0.7892,34,0
IWM190920P156,2019-09-13,2019-09-13 09:35:03,0.81,0.7941,437,0.79,0.7745,38,0.84,0.8235,2,0.8,0.7843,34,0
IWM190920P156,2019-09-13,2019-09-13 09:35:04,0.81,0.7941,375,0.79,0.7745,13,0.84,0.8235,2,0.8,0.7843,34,0
IWM190920P156,2019-09-13,2019-09-13 09:35:04,0.81,0.7941,372,0.79,0.7745,38,0.84,0.8235,2,0.8,0.7843,34,0
IWM190920P156,2019-09-13,2019-09-13 09:35:05,0.8,0.7843,180,0.79,0.7745,26,0.84,0.8235,2,0.795,0.7794,34,0
IWM190920P156,2019-09-13,2019-09-13 09:35:05,0.8,0.7843,106,0.79,0.7745,26,0.84,0.8235,2,0.795,0.7794,34,0
IWM190920P156,2019-09-13,2019-09-13 09:35:06,0.8,0.7843,119,0.79,0.7745,13,0.84,0.8235,2,0.795,0.7794,34,0
IWM190920P156,2019-09-13,2019-09-13 09:35:07,0.8,0.7843,243,0.78,0.7647,50,0.84,0.8235,2,0.79,0.7745,34,0
IWM190920P156,2019-09-13,2019-09-13 09:35:07,0.8,0.7843,415,0.78,0.7647,32,0.84,0.8235,2,0.79,0.7745,34,0
IWM190920P156,2019-09-13,2019-09-13 09:35:08,0.81,0.7941,83,0.78,0.7647,32,0.84,0.8235,2,0.795,0.7794,34,0
IWM190920P156,2019-09-13,2019-09-13 09:35:08,0.81,0.7941,353,0.79,0.7745,22,0.84,0.8235,2,0.8,0.7843,34,0
IWM190920P156,2019-09-13,2019-09-13 09:35:09,0.8,0.7843,122,0.79,0.7745,36,0.84,0.8235,2,0.795,0.7794,34,0
IWM190920P156,2019-09-13,2019-09-13 09:35:09,0.8,0.7843,117,0.79,0.7745,36,0.84,0.8235,2,0.795,0.7794,34,0
IWM190920P156,2019-09-13,2019-09-13 09:35:10,0.8,0.7843,362,0.79,0.7745,14,0.84,0.8235,2,0.795,0.7794,34,0
IWM190920P156,2019-09-13,2019-09-13 09:35:10,0.8,0.7843,263,0.79,0.7745,14,0.84,0.8235,2,0.795,0.7794,34,0
IWM190920P156,2019-09-13,2019-09-13 09:35:11,0.8,0.7843,300,0.78,0.7647,83,0.84,0.8235,2,0.79,0.7745,34,0
IWM190920P156,2019-09-13,2019-09-13 09:35:12,0.79,0.7745,334,0.78,0.7647,40,0.84,0.8235,2,0.785,0.7696,34,0
IWM190920P156,2019-09-13,2019-09-13 09:35:12,0.79,0.7745,196,0.78,0.7647,38,0.84,0.8235,2,0.785,0.7696,34,0
IWM190920P156,2019-09-13,2019-09-13 09:35:13,0.79,0.7745,380,0.78,0.7647,25,0.84,0.8235,2,0.785,0.7696,34,0
IWM190920P156,2019-09-13,2019-09-13 09:35:13,0.79,0.7745,397,0.78,0.7647,8,0.84,0.8235,2,0.785,0.7696,34,0
IWM190920P156,2019-09-13,2019-09-13 09:35:14,0.79,0.7745,527,0.78,0.7647,8,0.84,0.8235,2,0.785,0.7696,34,0
IWM190920P156,2019-09-13,2019-09-13 09:35:14,0.79,0.7745,507,0.78,0.7647,8,0.84,0.8235,2,0.785,0.7696,34,0
IWM190920P156,2019-09-13,2019-09-13 09:35:15,0.79,0.7745,517,0.78,0.7647,8,0.84,0.8235,2,0.785,0.7696,34,0
IWM190920P156,2019-09-13,2019-09-13 09:35:15,0.77,0.7549,77,0.76,0.745,35,0.78,0.7647,8,0.765,0.75,42,8
IWM190920P156,2019-09-13,2019-09-13 09:35:16,0.78,0.7647,379,0.77,0.7549,13,0.78,0.7647,8,0.775,0.7598,42,0
IWM190920P156,2019-09-13,2019-09-13 09:35:16,0.77,0.7549,90,0.76,0.745,13,0.78,0.7647,8,0.765,0.75,42,0
IWM190920P156,2019-09-13,2019-09-13 09:35:17,0.77,0.7549,133,0.76,0.745,43,0.78,0.7647,8,0.765,0.75,42,0
IWM190920P156,2019-09-13,2019-09-13 09:35:17,0.77,0.7549,168,0.76,0.745,13,0.78,0.7647,8,0.765,0.75,42,0
IWM190920P156,2019-09-13,2019-09-13 09:35:18,0.77,0.7549,216,0.76,0.745,36,0.78,0.7647,8,0.765,0.75,42,0
IWM190920P156,2019-09-13,2019-09-13 09:35:18,0.77,0.7549,162,0.76,0.745,36,0.78,0.7647,8,0.765,0.75,42,0
IWM190920P156,2019-09-13,2019-09-13 09:35:19,0.77,0.7549,316,0.76,0.745,36,0.78,0.7647,8,0.765,0.75,42,0
IWM190920P156,2019-09-13,2019-09-13 09:35:19,0.77,0.7549,334,0.76,0.745,27,0.78,0.7647,8,0.765,0.75,42,0
IWM190920P156,2019-09-13,2019-09-13 09:35:20,0.77,0.7549,346,0.76,0.745,27,0.78,0.7647,8,0.765,0.75,42,0
IWM190920P156,2019-09-13,2019-09-13 09:35:20,0.77,0.7549,399,0.76,0.745,27,0.78,0.7647,8,0.765,0.75,42,0
IWM190920P156,2019-09-13,2019-09-13 09:35:21,0.77,0.7549,382,0.76,0.745,13,0.78,0.7647,8,0.765,0.75,42,0
IWM190920P156,2019-09-13,2019-09-13 09:35:21,0.77,0.7549,416,0.76,0.745,13,0.78,0.7647,8,0.765,0.75,42,0
IWM190920P156,2019-09-13,2019-09-13 09:35:22,0.77,0.7549,416,0.75,0.7352,78,0.78,0.7647,8,0.76,0.745,42,0
IWM190920P156,2019-09-13,2019-09-13 09:35:22,0.77,0.7549,416,0.75,0.7352,68,0.78,0.7647,8,0.76,0.745,42,0
IWM190920P156,2019-09-13,2019-09-13 09:35:23,0.77,0.7549,416,0.75,0.7352,78,0.78,0.7647,8,0.76,0.745,42,0
IWM190920P156,2019-09-13,2019-09-13 09:35:23,0.77,0.7549,522,0.75,0.7352,169,0.78,0.7647,8,0.76,0.745,42,0
IWM190920P156,2019-09-13,2019-09-13 09:35:24,0.76,0.745,281,0.75,0.7352,3,0.78,0.7647,8,0.755,0.7401,42,0
IWM190920P156,2019-09-13,2019-09-13 09:35:25,0.76,0.745,304,0.75,0.7352,3,0.78,0.7647,8,0.755,0.7401,42,0
IWM190920P156,2019-09-13,2019-09-13 09:35:25,0.76,0.745,411,0.75,0.7352,13,0.78,0.7647,8,0.755,0.7401,42,0
IWM190920P156,2019-09-13,2019-09-13 09:35:26,0.77,0.7549,427,0.75,0.7352,16,0.78,0.7647,8,0.76,0.745,42,0
IWM190920P156,2019-09-13,2019-09-13 09:35:26,0.76,0.745,453,0.74,0.7254,38,0.78,0.7647,8,0.75,0.7352,42,0
IWM190920P156,2019-09-13,2019-09-13 09:35:27,0.77,0.7549,187,0.75,0.7352,38,0.78,0.7647,8,0.76,0.745,42,0
IWM190920P156,2019-09-13,2019-09-13 09:35:27,0.77,0.7549,183,0.75,0.7352,38,0.78,0.7647,8,0.76,0.745,42,0
IWM190920P156,2019-09-13,2019-09-13 09:35:28,0.77,0.7549,150,0.75,0.7352,38,0.78,0.7647,8,0.76,0.745,42,0
IWM190920P156,2019-09-13,2019-09-13 09:35:29,0.77,0.7549,209,0.75,0.7352,38,0.78,0.7647,8,0.76,0.745,42,0
IWM190920P156,2019-09-13,2019-09-13 09:35:29,0.77,0.7549,94,0.76,0.745,16,0.78,0.7647,8,0.765,0.75,42,0
IWM190920P156,2019-09-13,2019-09-13 09:35:30,0.77,0.7549,38,0.76,0.745,3,0.78,0.7647,8,0.765,0.75,42,0
IWM190920P156,2019-09-13,2019-09-13 09:35:30,0.76,0.745,87,0.76,0.745,3,0.78,0.7647,8,0.76,0.745,42,0
IWM190920P156,2019-09-13,2019-09-13 09:35:31,0.76,0.745,155,0.74,0.7254,175,0.78,0.7647,8,0.75,0.7352,42,0
IWM190920P156,2019-09-13,2019-09-13 09:35:31,0.77,0.7549,168,0.76,0.745,10,0.78,0.7647,8,0.765,0.75,42,0
IWM190920P156,2019-09-13,2019-09-13 09:35:32,0.77,0.7549,239,0.75,0.7352,38,0.76,0.745,13,0.76,0.745,55,0
IWM190920P156,2019-09-13,2019-09-13 09:35:32,0.77,0.7549,273,0.75,0.7352,38,0.76,0.745,13,0.76,0.745,55,13
IWM190920P156,2019-09-13,2019-09-13 09:35:33,0.77,0.7549,157,0.76,0.745,10,0.76,0.745,13,0.765,0.75,55,0
IWM190920P156,2019-09-13,2019-09-13 09:35:33,0.77,0.7549,299,0.75,0.7352,72,0.76,0.745,13,0.76,0.745,55,0
IWM190920P156,2019-09-13,2019-09-13 09:35:34,0.76,0.745,202,0.75,0.7352,23,0.76,0.745,13,0.755,0.7401,55,0
IWM190920P156,2019-09-13,2019-09-13 09:35:35,0.75,0.7352,13,0.74,0.7254,38,0.76,0.745,13,0.745,0.7303,55,0
IWM190920P156,2019-09-13,2019-09-13 09:35:35,0.76,0.745,99,0.74,0.7254,38,0.76,0.745,13,0.75,0.7352,55,0
IWM190920P156,2019-09-13,2019-09-13 09:35:36,0.76,0.745,434,0.74,0.7254,38,0.76,0.745,13,0.75,0.7352,55,0
IWM190920P156,2019-09-13,2019-09-13 09:35:36,0.76,0.745,442,0.74,0.7254,38,0.76,0.745,13,0.75,0.7352,55,0
IWM190920P156,2019-09-13,2019-09-13 09:35:37,0.76,0.745,444,0.74,0.7254,64,0.76,0.745,13,0.75,0.7352,55,0
IWM190920P156,2019-09-13,2019-09-13 09:35:37,0.76,0.745,355,0.74,0.7254,38,0.76,0.745,13,0.75,0.7352,55,0
IWM190920P156,2019-09-13,2019-09-13 09:35:38,0.75,0.7352,103,0.74,0.7254,14,0.76,0.745,13,0.745,0.7303,55,0
IWM190920P156,2019-09-13,2019-09-13 09:35:38,0.75,0.7352,81,0.74,0.7254,38,0.76,0.745,13,0.745,0.7303,55,0
IWM190920P156,2019-09-13,2019-09-13 09:35:39,0.75,0.7352,74,0.74,0.7254,14,0.76,0.745,13,0.745,0.7303,55,0
IWM190920P156,2019-09-13,2019-09-13 09:35:39,0.74,0.7254,58,0.73,0.7156,38,0.76,0.745,13,0.735,0.7205,55,0
IWM190920P156,2019-09-13,2019-09-13 09:35:40,0.74,0.7254,369,0.73,0.7156,38,0.76,0.745,13,0.735,0.7205,55,0
IWM190920P156,2019-09-13,2019-09-13 09:35:40,0.74,0.7254,122,0.73,0.7156,38,0.76,0.745,13,0.735,0.7205,55,0
IWM190920P156,2019-09-13,2019-09-13 09:35:41,0.74,0.7254,122,0.73,0.7156,38,0.76,0.745,13,0.735,0.7205,55,0
IWM190920P156,2019-09-13,2019-09-13 09:35:42,0.74,0.7254,264,0.73,0.7156,38,0.76,0.745,13,0.735,0.7205,55,0
IWM190920P156,2019-09-13,2019-09-13 09:35:42,0.74,0.7254,387,0.73,0.7156,38,0.76,0.745,13,0.735,0.7205,55,0
IWM190920P156,2019-09-13,2019-09-13 09:35:43,0.74,0.7254,24,0.73,0.7156,162,0.76,0.745,13,0.735,0.7205,55,0
IWM190920P156,2019-09-13,2019-09-13 09:35:43,0.75,0.7352,238,0.73,0.7156,162,0.76,0.745,13,0.74,0.7254,55,0
IWM190920P156,2019-09-13,2019-09-13 09:35:44,0.76,0.745,164,0.73,0.7156,162,0.76,0.745,13,0.745,0.7303,55,0
IWM190920P156,2019-09-13,2019-09-13 09:35:44,0.75,0.7352,236,0.73,0.7156,162,0.76,0.745,13,0.74,0.7254,55,0
IWM190920P156,2019-09-13,2019-09-13 09:35:45,0.76,0.745,429,0.74,0.7254,27,0.76,0.745,13,0.75,0.7352,55,0
IWM190920P156,2019-09-13,2019-09-13 09:35:45,0.76,0.745,236,0.74,0.7254,30,0.76,0.745,13,0.75,0.7352,55,0
IWM190920P156,2019-09-13,2019-09-13 09:35:46,0.75,0.7352,182,0.74,0.7254,27,0.76,0.745,13,0.745,0.7303,55,0
IWM190920P156,2019-09-13,2019-09-13 09:35:46,0.75,0.7352,150,0.74,0.7254,33,0.76,0.745,13,0.745,0.7303,55,0
IWM190920P156,2019-09-13,2019-09-13 09:35:47,0.75,0.7352,150,0.74,0.7254,32,0.76,0.745,13,0.745,0.7303,55,0
IWM190920P156,2019-09-13,2019-09-13 09:35:48,0.75,0.7352,78,0.74,0.7254,121,0.76,0.745,13,0.745,0.7303,55,0
IWM190920P156,2019-09-13,2019-09-13 09:35:48,0.75,0.7352,126,0.74,0.7254,13,0.76,0.745,13,0.745,0.7303,55,0
IWM190920P156,2019-09-13,2019-09-13 09:35:49,0.75,0.7352,37,0.74,0.7254,36,0.76,0.745,13,0.745,0.7303,55,0
IWM190920P156,2019-09-13,2019-09-13 09:35:49,0.75,0.7352,120,0.74,0.7254,25,0.76,0.745,13,0.745,0.7303,55,0
IWM190920P156,2019-09-13,2019-09-13 09:35:50,0.76,0.745,113,0.74,0.7254,58,0.76,0.745,13,0.75,0.7352,55,0
IWM190920P156,2019-09-13,2019-09-13 09:35:50,0.76,0.745,198,0.74,0.7254,103,0.76,0.745,13,0.75,0.7352,55,0
IWM190920P156,2019-09-13,2019-09-13 09:35:51,0.76,0.745,273,0.74,0.7254,103,0.76,0.745,13,0.75,0.7352,55,0
IWM190920P156,2019-09-13,2019-09-13 09:35:51,0.76,0.745,273,0.75,0.7352,12,0.76,0.745,13,0.755,0.7401,55,0
IWM190920P156,2019-09-13,2019-09-13 09:35:52,0.76,0.745,375,0.74,0.7254,25,0.76,0.745,13,0.75,0.7352,55,0
IWM190920P156,2019-09-13,2019-09-13 09:35:52,0.76,0.745,198,0.74,0.7254,13,0.76,0.745,13,0.75,0.7352,55,0
IWM190920P156,2019-09-13,2019-09-13 09:35:53,0.75,0.7352,150,0.74,0.7254,13,0.76,0.745,13,0.745,0.7303,55,0
IWM190920P156,2019-09-13,2019-09-13 09:35:53,0.76,0.745,183,0.74,0.7254,25,0.76,0.745,13,0.75,0.7352,55,0
IWM190920P156,2019-09-13,2019-09-13 09:35:54,0.76,0.745,150,0.74,0.7254,46,0.76,0.745,13,0.75,0.7352,55,0
IWM190920P156,2019-09-13,2019-09-13 09:35:54,0.76,0.745,150,0.74,0.7254,13,0.76,0.745,13,0.75,0.7352,55,0
IWM190920P156,2019-09-13,2019-09-13 09:35:55,0.76,0.745,529,0.74,0.7254,16,0.76,0.745,13,0.75,0.7352,55,0
IWM190920P156,2019-09-13,2019-09-13 09:35:55,0.76,0.745,532,0.74,0.7254,16,0.76,0.745,13,0.75,0.7352,55,0
IWM190920P156,2019-09-13,2019-09-13 09:35:56,0.75,0.7352,364,0.74,0.7254,15,0.76,0.745,13,0.745,0.7303,55,0
IWM190920P156,2019-09-13,2019-09-13 09:35:56,0.75,0.7352,207,0.74,0.7254,16,0.76,0.745,13,0.745,0.7303,55,0
IWM190920P156,2019-09-13,2019-09-13 09:35:57,0.75,0.7352,276,0.74,0.7254,19,0.76,0.745,13,0.745,0.7303,55,0
IWM190920P156,2019-09-13,2019-09-13 09:35:58,0.76,0.745,120,0.74,0.7254,137,0.76,0.745,13,0.75,0.7352,55,0
IWM190920P156,2019-09-13,2019-09-13 09:35:58,0.75,0.7352,32,0.74,0.7254,65,0.76,0.745,13,0.745,0.7303,55,0
IWM190920P156,2019-09-13,2019-09-13 09:35:59,0.75,0.7352,131,0.74,0.7254,65,0.76,0.745,13,0.745,0.7303,55,0
IWM190920P156,2019-09-13,2019-09-13 09:35:59,0.75,0.7352,73,0.74,0.7254,117,0.76,0.745,13,0.745,0.7303,55,0
IWM190920P156,2019-09-13,2019-09-13 09:36:00,0.75,0.7352,73,0.74,0.7254,208,0.76,0.745,13,0.745,0.7303,55,0
IWM190920P156,2019-09-13,2019-09-13 09:36:00,0.75,0.7352,73,0.74,0.7254,246,0.76,0.745,13,0.745,0.7303,55,0
IWM190920P156,2019-09-13,2019-09-13 09:36:01,0.75,0.7352,349,0.74,0.7254,32,0.76,0.745,13,0.745,0.7303,55,0
IWM190920P156,2019-09-13,2019-09-13 09:36:01,0.75,0.7352,357,0.74,0.7254,32,0.76,0.745,13,0.745,0.7303,55,0
IWM190920P156,2019-09-13,2019-09-13 09:36:02,0.75,0.7352,269,0.74,0.7254,25,0.76,0.745,13,0.745,0.7303,55,0
IWM190920P156,2019-09-13,2019-09-13 09:36:02,0.75,0.7352,269,0.74,0.7254,90,0.76,0.745,13,0.745,0.7303,55,0
IWM190920P156,2019-09-13,2019-09-13 09:36:03,0.75,0.7352,113,0.74,0.7254,25,0.76,0.745,13,0.745,0.7303,55,0
IWM190920P156,2019-09-13,2019-09-13 09:36:03,0.75,0.7352,129,0.74,0.7254,96,0.76,0.745,13,0.745,0.7303,55,0
IWM190920P156,2019-09-13,2019-09-13 09:36:04,0.75,0.7352,221,0.73,0.7156,114,0.76,0.745,13,0.74,0.7254,55,0
IWM190920P156,2019-09-13,2019-09-13 09:36:04,0.75,0.7352,311,0.74,0.7254,25,0.76,0.745,13,0.745,0.7303,55,0
IWM190920P156,2019-09-13,2019-09-13 09:36:05,0.76,0.745,314,0.74,0.7254,170,0.76,0.745,13,0.75,0.7352,55,0
IWM190920P156,2019-09-13,2019-09-13 09:36:05,0.76,0.745,100,0.74,0.7254,170,0.76,0.745,13,0.75,0.7352,55,0
IWM190920P156,2019-09-13,2019-09-13 09:36:06,0.76,0.745,305,0.75,0.7352,25,0.76,0.745,13,0.755,0.7401,55,0
IWM190920P156,2019-09-13,2019-09-13 09:36:06,0.76,0.745,305,0.75,0.7352,13,0.76,0.745,13,0.755,0.7401,55,0
IWM190920P156,2019-09-13,2019-09-13 09:36:07,0.76,0.745,305,0.75,0.7352,13,0.76,0.745,13,0.755,0.7401,55,0
IWM190920P156,2019-09-13,2019-09-13 09:36:07,0.76,0.745,305,0.75,0.7352,25,0.76,0.745,13,0.755,0.7401,55,0
IWM190920P156,2019-09-13,2019-09-13 09:36:08,0.76,0.745,141,0.74,0.7254,16,0.76,0.745,13,0.75,0.7352,55,0
IWM190920P156,2019-09-13,2019-09-13 09:36:08,0.76,0.745,145,0.75,0.7352,29,0.76,0.745,13,0.755,0.7401,55,0
IWM190920P156,2019-09-13,2019-09-13 09:36:09,0.75,0.7352,167,0.74,0.7254,20,0.76,0.745,13,0.745,0.7303,55,0
IWM190920P156,2019-09-13,2019-09-13 09:36:09,0.75,0.7352,20,0.74,0.7254,27,0.76,0.745,13,0.745,0.7303,55,0
IWM190920P156,2019-09-13,2019-09-13 09:36:10,0.75,0.7352,167,0.74,0.7254,16,0.76,0.745,13,0.745,0.7303,55,0
IWM190920P156,2019-09-13,2019-09-13 09:36:10,0.75,0.7352,377,0.74,0.7254,13,0.76,0.745,13,0.745,0.7303,55,0
IWM190920P156,2019-09-13,2019-09-13 09:36:11,0.75,0.7352,78,0.74,0.7254,39,0.76,0.745,13,0.745,0.7303,55,0
IWM190920P156,2019-09-13,2019-09-13 09:36:11,0.75,0.7352,119,0.74,0.7254,16,0.76,0.745,13,0.745,0.7303,55,0
IWM190920P156,2019-09-13,2019-09-13 09:36:12,0.75,0.7352,78,0.74,0.7254,454,0.76,0.745,13,0.745,0.7303,55,0
IWM190920P156,2019-09-13,2019-09-13 09:36:12,0.75,0.7352,78,0.74,0.7254,293,0.76,0.745,13,0.745,0.7303,55,0
IWM190920P156,2019-09-13,2019-09-13 09:36:13,0.76,0.745,94,0.75,0.7352,34,0.75,0.7352,1,0.755,0.7401,61,6
IWM190920P156,2019-09-13,2019-09-13 09:36:13,0.76,0.745,94,0.75,0.7352,34,0.75,0.7352,1,0.755,0.7401,61,0
IWM190920P156,2019-09-13,2019-09-13 09:36:14,0.76,0.745,194,0.74,0.7254,108,0.75,0.7352,1,0.75,0.7352,61,0
IWM190920P156,2019-09-13,2019-09-13 09:36:15,0.76,0.745,456,0.74,0.7254,95,0.75,0.7352,1,0.75,0.7352,61,0
IWM190920P156,2019-09-13,2019-09-13 09:36:15,0.75,0.7352,12,0.74,0.7254,95,0.75,0.7352,1,0.745,0.7303,61,0
IWM190920P156,2019-09-13,2019-09-13 09:36:16,0.75,0.7352,226,0.74,0.7254,26,0.75,0.7352,1,0.745,0.7303,61,0
IWM190920P156,2019-09-13,2019-09-13 09:36:16,0.75,0.7352,382,0.74,0.7254,26,0.75,0.7352,1,0.745,0.7303,61,0
IWM190920P156,2019-09-13,2019-09-13 09:36:17,0.75,0.7352,259,0.74,0.7254,26,0.75,0.7352,1,0.745,0.7303,61,0
IWM190920P156,2019-09-13,2019-09-13 09:36:18,0.75,0.7352,20,0.73,0.7156,25,0.75,0.7352,1,0.74,0.7254,61,0
IWM190920P156,2019-09-13,2019-09-13 09:36:18,0.75,0.7352,202,0.74,0.7254,26,0.75,0.7352,1,0.745,0.7303,61,0
IWM190920P156,2019-09-13,2019-09-13 09:36:19,0.73,0.7156,78,0.72,0.7058,17,0.75,0.7352,1,0.725,0.7107,61,0
IWM190920P156,2019-09-13,2019-09-13 09:36:19,0.73,0.7156,114,0.72,0.7058,26,0.75,0.7352,1,0.725,0.7107,61,0
IWM190920P156,2019-09-13,2019-09-13 09:36:20,0.73,0.7156,127,0.72,0.7058,26,0.75,0.7352,1,0.725,0.7107,61,0
IWM190920P156,2019-09-13,2019-09-13 09:36:20,0.73,0.7156,213,0.72,0.7058,26,0.75,0.7352,1,0.725,0.7107,61,0
IWM190920P156,2019-09-13,2019-09-13 09:36:21,0.73,0.7156,198,0.71,0.696,32,0.75,0.7352,1,0.72,0.7058,61,0
IWM190920P156,2019-09-13,2019-09-13 09:36:21,0.72,0.7058,74,0.71,0.696,32,0.75,0.7352,1,0.715,0.7009,61,0
IWM190920P156,2019-09-13,2019-09-13 09:36:22,0.72,0.7058,110,0.71,0.696,32,0.75,0.7352,1,0.715,0.7009,61,0
IWM190920P156,2019-09-13,2019-09-13 09:36:22,0.72,0.7058,91,0.71,0.696,32,0.75,0.7352,1,0.715,0.7009,61,0
IWM190920P156,2019-09-13,2019-09-13 09:36:23,0.72,0.7058,82,0.71,0.696,32,0.75,0.7352,1,0.715,0.7009,61,0
IWM190920P156,2019-09-13,2019-09-13 09:36:23,0.72,0.7058,103,0.72,0.7058,6,0.75,0.7352,1,0.72,0.7058,61,0
IWM190920P156,2019-09-13,2019-09-13 09:36:24,0.73,0.7156,316,0.72,0.7058,13,0.75,0.7352,1,0.725,0.7107,61,0
IWM190920P156,2019-09-13,2019-09-13 09:36:24,0.73,0.7156,316,0.71,0.696,32,0.75,0.7352,1,0.72,0.7058,61,0
IWM190920P156,2019-09-13,2019-09-13 09:36:25,0.72,0.7058,194,0.71,0.696,32,0.75,0.7352,1,0.715,0.7009,61,0
IWM190920P156,2019-09-13,2019-09-13 09:36:25,0.72,0.7058,158,0.71,0.696,19,0.75,0.7352,1,0.715,0.7009,61,0
IWM190920P156,2019-09-13,2019-09-13 09:36:26,0.72,0.7058,108,0.71,0.696,19,0.75,0.7352,1,0.715,0.7009,61,0
IWM190920P156,2019-09-13,2019-09-13 09:36:27,0.72,0.7058,120,0.71,0.696,19,0.75,0.7352,1,0.715,0.7009,61,0
IWM190920P156,2019-09-13,2019-09-13 09:36:27,0.72,0.7058,133,0.71,0.696,19,0.75,0.7352,1,0.715,0.7009,61,0
IWM190920P156,2019-09-13,2019-09-13 09:36:28,0.72,0.7058,102,0.71,0.696,58,0.75,0.7352,1,0.715,0.7009,61,0
IWM190920P156,2019-09-13,2019-09-13 09:36:28,0.72,0.7058,120,0.71,0.696,58,0.75,0.7352,1,0.715,0.7009,61,0
IWM190920P156,2019-09-13,2019-09-13 09:36:29,0.72,0.7058,293,0.71,0.696,41,0.75,0.7352,1,0.715,0.7009,61,0
IWM190920P156,2019-09-13,2019-09-13 09:36:29,0.72,0.7058,166,0.71,0.696,41,0.75,0.7352,1,0.715,0.7009,61,0
IWM190920P156,2019-09-13,2019-09-13 09:36:30,0.72,0.7058,293,0.71,0.696,41,0.75,0.7352,1,0.715,0.7009,61,0
IWM190920P156,2019-09-13,2019-09-13 09:36:31,0.72,0.7058,540,0.71,0.696,15,0.75,0.7352,1,0.715,0.7009,61,0
IWM190920P156,2019-09-13,2019-09-13 09:36:31,0.72,0.7058,379,0.71,0.696,15,0.75,0.7352,1,0.715,0.7009,61,0
IWM190920P156,2019-09-13,2019-09-13 09:36:32,0.72,0.7058,379,0.71,0.696,15,0.75,0.7352,1,0.715,0.7009,61,0
IWM190920P156,2019-09-13,2019-09-13 09:36:33,0.72,0.7058,274,0.71,0.696,19,0.75,0.7352,1,0.715,0.7009,61,0
IWM190920P156,2019-09-13,2019-09-13 09:36:34,0.72,0.7058,274,0.71,0.696,15,0.75,0.7352,1,0.715,0.7009,61,0
IWM190920P156,2019-09-13,2019-09-13 09:36:34,0.72,0.7058,512,0.71,0.696,15,0.75,0.7352,1,0.715,0.7009,61,0
IWM190920P156,2019-09-13,2019-09-13 09:36:35,0.72,0.7058,359,0.71,0.696,15,0.75,0.7352,1,0.715,0.7009,61,0
IWM190920P156,2019-09-13,2019-09-13 09:36:35,0.72,0.7058,381,0.71,0.696,15,0.75,0.7352,1,0.715,0.7009,61,0
IWM190920P156,2019-09-13,2019-09-13 09:36:36,0.72,0.7058,381,0.71,0.696,15,0.75,0.7352,1,0.715,0.7009,61,0
IWM190920P156,2019-09-13,2019-09-13 09:36:37,0.72,0.7058,496,0.71,0.696,15,0.75,0.7352,1,0.715,0.7009,61,0
IWM190920P156,2019-09-13,2019-09-13 09:36:38,0.72,0.7058,379,0.71,0.696,15,0.75,0.7352,1,0.715,0.7009,61,0
IWM190920P156,2019-09-13,2019-09-13 09:36:38,0.72,0.7058,657,0.71,0.696,15,0.75,0.7352,1,0.715,0.7009,61,0
IWM190920P156,2019-09-13,2019-09-13 09:36:39,0.72,0.7058,751,0.71,0.696,15,0.75,0.7352,1,0.715,0.7009,61,0
IWM190920P156,2019-09-13,2019-09-13 09:36:39,0.72,0.7058,555,0.71,0.696,15,0.75,0.7352,1,0.715,0.7009,61,0
IWM190920P156,2019-09-13,2019-09-13 09:36:40,0.71,0.696,150,0.7,0.6862,13,0.71,0.696,3,0.705,0.6911,76,15
IWM190920P156,2019-09-13,2019-09-13 09:36:40,0.71,0.696,150,0.7,0.6862,13,0.71,0.696,3,0.705,0.6911,76,0
IWM190920P156,2019-09-13,2019-09-13 09:36:41,0.71,0.696,114,0.7,0.6862,21,0.71,0.696,3,0.705,0.6911,76,0
IWM190920P156,2019-09-13,2019-09-13 09:36:41,0.71,0.696,118,0.7,0.6862,29,0.71,0.696,3,0.705,0.6911,76,0
IWM190920P156,2019-09-13,2019-09-13 09:36:42,0.71,0.696,114,0.7,0.6862,21,0.71,0.696,3,0.705,0.6911,76,0
IWM190920P156,2019-09-13,2019-09-13 09:36:42,0.71,0.696,175,0.7,0.6862,21,0.71,0.696,3,0.705,0.6911,76,0
IWM190920P156,2019-09-13,2019-09-13 09:36:43,0.71,0.696,187,0.7,0.6862,6,0.71,0.696,3,0.705,0.6911,76,0
IWM190920P156,2019-09-13,2019-09-13 09:36:43,0.71,0.696,222,0.69,0.6764,80,0.71,0.696,3,0.7,0.6862,76,0
IWM190920P156,2019-09-13,2019-09-13 09:36:44,0.71,0.696,222,0.7,0.6862,26,0.71,0.696,3,0.705,0.6911,76,0
IWM190920P156,2019-09-13,2019-09-13 09:36:45,0.71,0.696,183,0.7,0.6862,26,0.71,0.696,3,0.705,0.6911,76,0
IWM190920P156,2019-09-13,2019-09-13 09:36:46,0.71,0.696,114,0.7,0.6862,26,0.71,0.696,3,0.705,0.6911,76,0
IWM190920P156,2019-09-13,2019-09-13 09:36:46,0.71,0.696,214,0.7,0.6862,13,0.71,0.696,3,0.705,0.6911,76,0
IWM190920P156,2019-09-13,2019-09-13 09:36:47,0.71,0.696,185,0.68,0.6666,139,0.71,0.696,3,0.695,0.6813,76,0
IWM190920P156,2019-09-13,2019-09-13 09:36:47,0.7,0.6862,64,0.69,0.6764,47,0.71,0.696,3,0.695,0.6813,76,0
IWM190920P156,2019-09-13,2019-09-13 09:36:48,0.7,0.6862,64,0.69,0.6764,26,0.71,0.696,3,0.695,0.6813,76,0
IWM190920P156,2019-09-13,2019-09-13 09:36:48,0.7,0.6862,37,0.69,0.6764,45,0.71,0.696,3,0.695,0.6813,76,0
IWM190920P156,2019-09-13,2019-09-13 09:36:49,0.71,0.696,20,0.69,0.6764,45,0.71,0.696,3,0.7,0.6862,76,0
IWM190920P156,2019-09-13,2019-09-13 09:36:49,0.7,0.6862,78,0.69,0.6764,45,0.71,0.696,3,0.695,0.6813,76,0
IWM190920P156,2019-09-13,2019-09-13 09:36:50,0.71,0.696,171,0.7,0.6862,48,0.71,0.696,3,0.705,0.6911,76,0
IWM190920P156,2019-09-13,2019-09-13 09:36:50,0.71,0.696,171,0.7,0.6862,26,0.71,0.696,3,0.705,0.6911,76,0
IWM190920P156,2019-09-13,2019-09-13 09:36:51,0.71,0.696,127,0.7,0.6862,48,0.71,0.696,3,0.705,0.6911,76,0
IWM190920P156,2019-09-13,2019-09-13 09:36:52,0.71,0.696,141,0.7,0.6862,66,0.71,0.696,3,0.705,0.6911,76,0
IWM190920P156,2019-09-13,2019-09-13 09:36:52,0.71,0.696,278,0.7,0.6862,66,0.71,0.696,3,0.705,0.6911,76,0
IWM190920P156,2019-09-13,2019-09-13 09:36:53,0.71,0.696,307,0.7,0.6862,66,0.71,0.696,3,0.705,0.6911,76,0
IWM190920P156,2019-09-13,2019-09-13 09:36:53,0.71,0.696,317,0.7,0.6862,66,0.71,0.696,3,0.705,0.6911,76,0
IWM190920P156,2019-09-13,2019-09-13 09:36:54,0.71,0.696,79,0.7,0.6862,66,0.71,0.696,3,0.705,0.6911,76,0
IWM190920P156,2019-09-13,2019-09-13 09:36:54,0.71,0.696,129,0.7,0.6862,66,0.71,0.696,3,0.705,0.6911,76,0
IWM190920P156,2019-09-13,2019-09-13 09:36:55,0.71,0.696,351,0.7,0.6862,26,0.71,0.696,3,0.705,0.6911,76,0
IWM190920P156,2019-09-13,2019-09-13 09:36:56,0.71,0.696,340,0.7,0.6862,26,0.71,0.696,3,0.705,0.6911,76,0
IWM190920P156,2019-09-13,2019-09-13 09:36:56,0.71,0.696,253,0.69,0.6764,219,0.71,0.696,3,0.7,0.6862,76,0
IWM190920P156,2019-09-13,2019-09-13 09:36:57,0.71,0.696,241,0.69,0.6764,279,0.71,0.696,3,0.7,0.6862,76,0
IWM190920P156,2019-09-13,2019-09-13 09:36:58,0.71,0.696,252,0.7,0.6862,26,0.71,0.696,3,0.705,0.6911,76,0
IWM190920P156,2019-09-13,2019-09-13 09:36:59,0.72,0.7058,281,0.7,0.6862,26,0.71,0.696,3,0.71,0.696,76,0
IWM190920P156,2019-09-13,2019-09-13 09:36:59,0.71,0.696,37,0.7,0.6862,43,0.71,0.696,3,0.705,0.6911,76,0
IWM190920P156,2019-09-13,2019-09-13 09:37:00,0.71,0.696,37,0.7,0.6862,26,0.71,0.696,3,0.705,0.6911,76,0
IWM190920P156,2019-09-13,2019-09-13 09:37:01,0.72,0.7058,121,0.7,0.6862,26,0.71,0.696,3,0.71,0.696,76,0
IWM190920P156,2019-09-13,2019-09-13 09:37:01,0.72,0.7058,387,0.7,0.6862,26,0.71,0.696,3,0.71,0.696,76,0
IWM190920P156,2019-09-13,2019-09-13 09:37:02,0.72,0.7058,561,0.7,0.6862,65,0.71,0.696,3,0.71,0.696,76,0
IWM190920P156,2019-09-13,2019-09-13 09:37:02,0.72,0.7058,396,0.7,0.6862,36,0.71,0.696,3,0.71,0.696,76,0
IWM190920P156,2019-09-13,2019-09-13 09:37:03,0.72,0.7058,561,0.7,0.6862,65,0.71,0.696,3,0.71,0.696,76,0
IWM190920P156,2019-09-13,2019-09-13 09:37:03,0.72,0.7058,171,0.71,0.696,25,0.71,0.696,3,0.715,0.7009,76,0
IWM190920P156,2019-09-13,2019-09-13 09:37:04,0.71,0.696,278,0.69,0.6764,36,0.71,0.696,3,0.7,0.6862,76,0
IWM190920P156,2019-09-13,2019-09-13 09:37:04,0.7,0.6862,282,0.69,0.6764,36,0.71,0.696,3,0.695,0.6813,76,0
IWM190920P156,2019-09-13,2019-09-13 09:37:05,0.7,0.6862,36,0.69,0.6764,47,0.71,0.696,3,0.695,0.6813,76,0
IWM190920P156,2019-09-13,2019-09-13 09:37:05,0.7,0.6862,204,0.69,0.6764,36,0.71,0.696,3,0.695,0.6813,76,0
IWM190920P156,2019-09-13,2019-09-13 09:37:06,0.7,0.6862,84,0.69,0.6764,66,0.71,0.696,3,0.695,0.6813,76,0
IWM190920P156,2019-09-13,2019-09-13 09:37:06,0.7,0.6862,84,0.69,0.6764,37,0.71,0.696,3,0.695,0.6813,76,0
IWM190920P156,2019-09-13,2019-09-13 09:37:07,0.7,0.6862,209,0.69,0.6764,64,0.71,0.696,3,0.695,0.6813,76,0
IWM190920P156,2019-09-13,2019-09-13 09:37:07,0.7,0.6862,403,0.69,0.6764,64,0.71,0.696,3,0.695,0.6813,76,0
IWM190920P156,2019-09-13,2019-09-13 09:37:08,0.7,0.6862,297,0.69,0.6764,36,0.71,0.696,3,0.695,0.6813,76,0
IWM190920P156,2019-09-13,2019-09-13 09:37:08,0.7,0.6862,358,0.69,0.6764,36,0.71,0.696,3,0.695,0.6813,76,0
IWM190920P156,2019-09-13,2019-09-13 09:37:09,0.7,0.6862,151,0.69,0.6764,36,0.71,0.696,3,0.695,0.6813,76,0
IWM190920P156,2019-09-13,2019-09-13 09:37:09,0.7,0.6862,248,0.69,0.6764,36,0.71,0.696,3,0.695,0.6813,76,0
IWM190920P156,2019-09-13,2019-09-13 09:37:10,0.7,0.6862,245,0.69,0.6764,113,0.71,0.696,3,0.695,0.6813,76,0
IWM190920P156,2019-09-13,2019-09-13 09:37:11,0.7,0.6862,245,0.69,0.6764,113,0.71,0.696,3,0.695,0.6813,76,0
IWM190920P156,2019-09-13,2019-09-13 09:37:12,0.7,0.6862,222,0.69,0.6764,63,0.71,0.696,3,0.695,0.6813,76,0
IWM190920P156,2019-09-13,2019-09-13 09:37:12,0.7,0.6862,245,0.69,0.6764,63,0.71,0.696,3,0.695,0.6813,76,0
IWM190920P156,2019-09-13,2019-09-13 09:37:13,0.7,0.6862,121,0.69,0.6764,63,0.71,0.696,3,0.695,0.6813,76,0
IWM190920P156,2019-09-13,2019-09-13 09:37:13,0.7,0.6862,222,0.69,0.6764,63,0.71,0.696,3,0.695,0.6813,76,0
IWM190920P156,2019-09-13,2019-09-13 09:37:14,0.7,0.6862,121,0.69,0.6764,56,0.71,0.696,3,0.695,0.6813,76,0
IWM190920P156,2019-09-13,2019-09-13 09:37:15,0.7,0.6862,121,0.69,0.6764,37,0.71,0.696,3,0.695,0.6813,76,0
IWM190920P156,2019-09-13,2019-09-13 09:37:16,0.7,0.6862,121,0.69,0.6764,58,0.71,0.696,3,0.695,0.6813,76,0
IWM190920P156,2019-09-13,2019-09-13 09:37:16,0.7,0.6862,141,0.69,0.6764,141,0.71,0.696,3,0.695,0.6813,76,0
IWM190920P156,2019-09-13,2019-09-13 09:37:17,0.7,0.6862,141,0.69,0.6764,141,0.71,0.696,3,0.695,0.6813,76,0
IWM190920P156,2019-09-13,2019-09-13 09:37:18,0.7,0.6862,107,0.69,0.6764,141,0.71,0.696,3,0.695,0.6813,76,0
IWM190920P156,2019-09-13,2019-09-13 09:37:18,0.7,0.6862,112,0.69,0.6764,13,0.71,0.696,3,0.695,0.6813,76,0
IWM190920P156,2019-09-13,2019-09-13 09:37:19,0.69,0.6764,152,0.69,0.6764,13,0.71,0.696,3,0.69,0.6764,76,0
IWM190920P156,2019-09-13,2019-09-13 09:37:19,0.7,0.6862,288,0.69,0.6764,13,0.71,0.696,3,0.695,0.6813,76,0
IWM190920P156,2019-09-13,2019-09-13 09:37:20,0.69,0.6764,168,0.68,0.6666,83,0.71,0.696,3,0.685,0.6715,76,0
IWM190920P156,2019-09-13,2019-09-13 09:37:20,0.7,0.6862,130,0.68,0.6666,83,0.69,0.6764,1,0.69,0.6764,78,2
IWM190920P156,2019-09-13,2019-09-13 09:37:21,0.71,0.696,303,0.7,0.6862,13,0.7,0.6862,1,0.705,0.6911,79,1
IWM190920P156,2019-09-13,2019-09-13 09:37:21,0.7,0.6862,145,0.68,0.6666,83,0.69,0.6764,1,0.69,0.6764,78,0
IWM190920P156,2019-09-13,2019-09-13 09:37:22,0.71,0.696,303,0.7,0.6862,13,0.7,0.6862,1,0.705,0.6911,79,0
IWM190920P156,2019-09-13,2019-09-13 09:37:23,0.71,0.696,303,0.7,0.6862,13,0.7,0.6862,1,0.705,0.6911,79,0
IWM190920P156,2019-09-13,2019-09-13 09:37:23,0.71,0.696,303,0.7,0.6862,26,0.7,0.6862,1,0.705,0.6911,79,0
IWM190920P156,2019-09-13,2019-09-13 09:37:24,0.71,0.696,303,0.7,0.6862,26,0.7,0.6862,1,0.705,0.6911,79,0
IWM190920P156,2019-09-13,2019-09-13 09:37:25,0.71,0.696,283,0.69,0.6764,19,0.7,0.6862,1,0.7,0.6862,79,0
IWM190920P156,2019-09-13,2019-09-13 09:37:25,0.71,0.696,303,0.7,0.6862,26,0.7,0.6862,1,0.705,0.6911,79,0
IWM190920P156,2019-09-13,2019-09-13 09:37:26,0.71,0.696,166,0.69,0.6764,18,0.7,0.6862,1,0.7,0.6862,79,0
IWM190920P156,2019-09-13,2019-09-13 09:37:26,0.71,0.696,335,0.7,0.6862,13,0.7,0.6862,1,0.705,0.6911,86,7
IWM190920P156,2019-09-13,2019-09-13 09:37:27,0.71,0.696,335,0.7,0.6862,27,0.7,0.6862,1,0.705,0.6911,86,0
IWM190920P156,2019-09-13,2019-09-13 09:37:28,0.7,0.6862,239,0.69,0.6764,18,0.7,0.6862,1,0.695,0.6813,86,0
IWM190920P156,2019-09-13,2019-09-13 09:37:28,0.71,0.696,328,0.7,0.6862,13,0.7,0.6862,1,0.705,0.6911,86,0
IWM190920P156,2019-09-13,2019-09-13 09:37:29,0.7,0.6862,139,0.69,0.6764,136,0.7,0.6862,1,0.695,0.6813,86,0
IWM190920P156,2019-09-13,2019-09-13 09:37:29,0.7,0.6862,127,0.69,0.6764,44,0.7,0.6862,1,0.695,0.6813,86,0
IWM190920P156,2019-09-13,2019-09-13 09:37:30,0.7,0.6862,117,0.69,0.6764,21,0.7,0.6862,1,0.695,0.6813,86,0
IWM190920P156,2019-09-13,2019-09-13 09:37:30,0.7,0.6862,356,0.69,0.6764,21,0.7,0.6862,1,0.695,0.6813,86,0
IWM190920P156,2019-09-13,2019-09-13 09:37:31,0.7,0.6862,356,0.69,0.6764,21,0.7,0.6862,1,0.695,0.6813,86,0
IWM190920P156,2019-09-13,2019-09-13 09:37:32,0.7,0.6862,356,0.69,0.6764,21,0.7,0.6862,1,0.695,0.6813,86,0
IWM190920P156,2019-09-13,2019-09-13 09:37:33,0.7,0.6862,356,0.69,0.6764,8,0.7,0.6862,1,0.695,0.6813,86,0
IWM190920P156,2019-09-13,2019-09-13 09:37:33,0.7,0.6862,303,0.69,0.6764,8,0.7,0.6862,1,0.695,0.6813,86,0
IWM190920P156,2019-09-13,2019-09-13 09:37:34,0.7,0.6862,388,0.68,0.6666,50,0.69,0.6764,5,0.69,0.6764,91,5
IWM190920P156,2019-09-13,2019-09-13 09:37:35,0.69,0.6764,78,0.68,0.6666,45,0.69,0.6764,5,0.685,0.6715,91,0
IWM190920P156,2019-09-13,2019-09-13 09:37:35,0.69,0.6764,165,0.68,0.6666,45,0.69,0.6764,5,0.685,0.6715,91,0
IWM190920P156,2019-09-13,2019-09-13 09:37:36,0.69,0.6764,78,0.68,0.6666,159,0.69,0.6764,5,0.685,0.6715,91,0
IWM190920P156,2019-09-13,2019-09-13 09:37:36,0.69,0.6764,65,0.68,0.6666,159,0.69,0.6764,5,0.685,0.6715,91,0
IWM190920P156,2019-09-13,2019-09-13 09:37:37,0.69,0.6764,16,0.68,0.6666,117,0.69,0.6764,5,0.685,0.6715,91,0
IWM190920P156,2019-09-13,2019-09-13 09:37:37,0.69,0.6764,16,0.68,0.6666,159,0.69,0.6764,5,0.685,0.6715,91,0
IWM190920P156,2019-09-13,2019-09-13 09:37:38,0.69,0.6764,16,0.68,0.6666,117,0.69,0.6764,5,0.685,0.6715,91,0
IWM190920P156,2019-09-13,2019-09-13 09:37:38,0.69,0.6764,104,0.68,0.6666,117,0.69,0.6764,5,0.685,0.6715,91,0
IWM190920P156,2019-09-13,2019-09-13 09:37:39,0.69,0.6764,16,0.68,0.6666,159,0.69,0.6764,5,0.685,0.6715,91,0
IWM190920P156,2019-09-13,2019-09-13 09:37:39,0.69,0.6764,58,0.68,0.6666,117,0.69,0.6764,5,0.685,0.6715,91,0
IWM190920P156,2019-09-13,2019-09-13 09:37:40,0.69,0.6764,58,0.68,0.6666,117,0.69,0.6764,5,0.685,0.6715,91,0
IWM190920P156,2019-09-13,2019-09-13 09:37:40,0.69,0.6764,16,0.68,0.6666,65,0.69,0.6764,5,0.685,0.6715,91,0
IWM190920P156,2019-09-13,2019-09-13 09:37:41,0.69,0.6764,126,0.68,0.6666,26,0.69,0.6764,5,0.685,0.6715,91,0
IWM190920P156,2019-09-13,2019-09-13 09:37:41,0.69,0.6764,266,0.68,0.6666,46,0.69,0.6764,5,0.685,0.6715,91,0
IWM190920P156,2019-09-13,2019-09-13 09:37:42,0.69,0.6764,55,0.68,0.6666,135,0.69,0.6764,5,0.685,0.6715,91,0
IWM190920P156,2019-09-13,2019-09-13 09:37:42,0.69,0.6764,30,0.68,0.6666,46,0.69,0.6764,5,0.685,0.6715,91,0
IWM190920P156,2019-09-13,2019-09-13 09:37:43,0.69,0.6764,55,0.68,0.6666,135,0.69,0.6764,5,0.685,0.6715,91,0
IWM190920P156,2019-09-13,2019-09-13 09:37:43,0.69,0.6764,248,0.68,0.6666,24,0.69,0.6764,5,0.685,0.6715,91,0
IWM190920P156,2019-09-13,2019-09-13 09:37:44,0.69,0.6764,251,0.68,0.6666,24,0.69,0.6764,5,0.685,0.6715,91,0
IWM190920P156,2019-09-13,2019-09-13 09:37:44,0.69,0.6764,182,0.68,0.6666,76,0.69,0.6764,5,0.685,0.6715,91,0
IWM190920P156,2019-09-13,2019-09-13 09:37:45,0.69,0.6764,182,0.68,0.6666,97,0.69,0.6764,5,0.685,0.6715,91,0
IWM190920P156,2019-09-13,2019-09-13 09:37:46,0.69,0.6764,342,0.67,0.6568,140,0.69,0.6764,5,0.68,0.6666,91,0
IWM190920P156,2019-09-13,2019-09-13 09:37:46,0.69,0.6764,93,0.67,0.6568,140,0.69,0.6764,5,0.68,0.6666,91,0
IWM190920P156,2019-09-13,2019-09-13 09:37:47,0.69,0.6764,93,0.69,0.6764,13,0.69,0.6764,5,0.69,0.6764,91,0
IWM190920P156,2019-09-13,2019-09-13 09:37:47,0.7,0.6862,314,0.69,0.6764,25,0.69,0.6764,5,0.695,0.6813,91,0
IWM190920P156,2019-09-13,2019-09-13 09:37:48,0.69,0.6764,121,0.68,0.6666,156,0.69,0.6764,5,0.685,0.6715,91,0
IWM190920P156,2019-09-13,2019-09-13 09:37:48,0.69,0.6764,78,0.68,0.6666,41,0.69,0.6764,5,0.685,0.6715,91,0
IWM190920P156,2019-09-13,2019-09-13 09:37:49,0.69,0.6764,78,0.68,0.6666,47,0.69,0.6764,5,0.685,0.6715,91,0
IWM190920P156,2019-09-13,2019-09-13 09:37:49,0.69,0.6764,105,0.68,0.6666,41,0.69,0.6764,5,0.685,0.6715,91,0
IWM190920P156,2019-09-13,2019-09-13 09:37:50,0.69,0.6764,78,0.68,0.6666,63,0.69,0.6764,5,0.685,0.6715,91,0
IWM190920P156,2019-09-13,2019-09-13 09:37:50,0.68,0.6666,108,0.67,0.6568,80,0.69,0.6764,5,0.675,0.6617,91,0
IWM190920P156,2019-09-13,2019-09-13 09:37:51,0.68,0.6666,108,0.67,0.6568,95,0.69,0.6764,5,0.675,0.6617,91,0
IWM190920P156,2019-09-13,2019-09-13 09:37:51,0.68,0.6666,78,0.67,0.6568,52,0.69,0.6764,5,0.675,0.6617,91,0
IWM190920P156,2019-09-13,2019-09-13 09:37:52,0.69,0.6764,37,0.68,0.6666,20,0.69,0.6764,5,0.685,0.6715,91,0
IWM190920P156,2019-09-13,2019-09-13 09:37:52,0.69,0.6764,37,0.68,0.6666,7,0.69,0.6764,5,0.685,0.6715,91,0
IWM190920P156,2019-09-13,2019-09-13 09:37:53,0.68,0.6666,78,0.67,0.6568,104,0.69,0.6764,5,0.675,0.6617,91,0
IWM190920P156,2019-09-13,2019-09-13 09:37:54,0.69,0.6764,218,0.67,0.6568,114,0.69,0.6764,5,0.68,0.6666,91,0
IWM190920P156,2019-09-13,2019-09-13 09:37:54,0.69,0.6764,228,0.67,0.6568,114,0.69,0.6764,5,0.68,0.6666,91,0
IWM190920P156,2019-09-13,2019-09-13 09:37:55,0.69,0.6764,228,0.68,0.6666,12,0.69,0.6764,5,0.685,0.6715,91,0
IWM190920P156,2019-09-13,2019-09-13 09:37:56,0.69,0.6764,228,0.67,0.6568,104,0.69,0.6764,5,0.68,0.6666,91,0
IWM190920P156,2019-09-13,2019-09-13 09:37:56,0.69,0.6764,228,0.68,0.6666,12,0.69,0.6764,5,0.685,0.6715,91,0
IWM190920P156,2019-09-13,2019-09-13 09:37:57,0.69,0.6764,228,0.67,0.6568,100,0.69,0.6764,5,0.68,0.6666,91,0
IWM190920P156,2019-09-13,2019-09-13 09:37:57,0.69,0.6764,151,0.67,0.6568,69,0.69,0.6764,5,0.68,0.6666,91,0
IWM190920P156,2019-09-13,2019-09-13 09:37:58,0.69,0.6764,33,0.68,0.6666,13,0.69,0.6764,5,0.685,0.6715,91,0
IWM190920P156,2019-09-13,2019-09-13 09:37:58,0.69,0.6764,16,0.68,0.6666,80,0.69,0.6764,5,0.685,0.6715,91,0
IWM190920P156,2019-09-13,2019-09-13 09:37:59,0.69,0.6764,16,0.68,0.6666,72,0.68,0.6666,8,0.685,0.6715,99,8
IWM190920P156,2019-09-13,2019-09-13 09:37:59,0.7,0.6862,33,0.68,0.6666,13,0.68,0.6666,8,0.69,0.6764,99,0
IWM190920P156,2019-09-13,2019-09-13 09:38:00,0.7,0.6862,33,0.68,0.6666,20,0.68,0.6666,8,0.69,0.6764,99,0
IWM190920P156,2019-09-13,2019-09-13 09:38:01,0.69,0.6764,33,0.67,0.6568,36,0.68,0.6666,8,0.68,0.6666,99,0
IWM190920P156,2019-09-13,2019-09-13 09:38:01,0.7,0.6862,216,0.68,0.6666,43,0.68,0.6666,8,0.69,0.6764,99,0
IWM190920P156,2019-09-13,2019-09-13 09:38:02,0.69,0.6764,33,0.68,0.6666,20,0.68,0.6666,8,0.685,0.6715,99,0
IWM190920P156,2019-09-13,2019-09-13 09:38:02,0.69,0.6764,33,0.67,0.6568,69,0.68,0.6666,8,0.68,0.6666,99,0
IWM190920P156,2019-09-13,2019-09-13 09:38:03,0.69,0.6764,33,0.67,0.6568,69,0.68,0.6666,8,0.68,0.6666,99,0
IWM190920P156,2019-09-13,2019-09-13 09:38:04,0.69,0.6764,20,0.68,0.6666,16,0.68,0.6666,8,0.685,0.6715,99,0
IWM190920P156,2019-09-13,2019-09-13 09:38:04,0.69,0.6764,33,0.67,0.6568,151,0.68,0.6666,8,0.68,0.6666,99,0
IWM190920P156,2019-09-13,2019-09-13 09:38:05,0.7,0.6862,33,0.68,0.6666,85,0.68,0.6666,8,0.69,0.6764,99,0
IWM190920P156,2019-09-13,2019-09-13 09:38:05,0.7,0.6862,277,0.69,0.6764,3,0.68,0.6666,8,0.695,0.6813,99,0
IWM190920P156,2019-09-13,2019-09-13 09:38:06,0.7,0.6862,33,0.68,0.6666,73,0.68,0.6666,8,0.69,0.6764,99,0
IWM190920P156,2019-09-13,2019-09-13 09:38:06,0.7,0.6862,33,0.68,0.6666,60,0.68,0.6666,8,0.69,0.6764,99,0
IWM190920P156,2019-09-13,2019-09-13 09:38:07,0.7,0.6862,266,0.68,0.6666,120,0.68,0.6666,8,0.69,0.6764,99,0
IWM190920P156,2019-09-13,2019-09-13 09:38:07,0.7,0.6862,328,0.68,0.6666,120,0.68,0.6666,8,0.69,0.6764,99,0
IWM190920P156,2019-09-13,2019-09-13 09:38:08,0.7,0.6862,150,0.69,0.6764,3,0.68,0.6666,8,0.695,0.6813,99,0
IWM190920P156,2019-09-13,2019-09-13 09:38:08,0.7,0.6862,356,0.69,0.6764,3,0.68,0.6666,8,0.695,0.6813,99,0
IWM190920P156,2019-09-13,2019-09-13 09:38:09,0.7,0.6862,354,0.69,0.6764,3,0.68,0.6666,8,0.695,0.6813,99,0
IWM190920P156,2019-09-13,2019-09-13 09:38:09,0.7,0.6862,354,0.69,0.6764,16,0.68,0.6666,8,0.695,0.6813,99,0
IWM190920P156,2019-09-13,2019-09-13 09:38:10,0.7,0.6862,23,0.69,0.6764,25,0.68,0.6666,8,0.695,0.6813,99,0
IWM190920P156,2019-09-13,2019-09-13 09:38:10,0.7,0.6862,221,0.69,0.6764,75,0.68,0.6666,8,0.695,0.6813,99,0
IWM190920P156,2019-09-13,2019-09-13 09:38:11,0.7,0.6862,20,0.7,0.6862,26,0.68,0.6666,8,0.7,0.6862,99,0
IWM190920P156,2019-09-13,2019-09-13 09:38:11,0.7,0.6862,23,0.69,0.6764,25,0.68,0.6666,8,0.695,0.6813,99,0
IWM190920P156,2019-09-13,2019-09-13 09:38:12,0.71,0.696,110,0.7,0.6862,26,0.68,0.6666,8,0.705,0.6911,99,0
IWM190920P156,2019-09-13,2019-09-13 09:38:12,0.71,0.696,110,0.69,0.6764,98,0.68,0.6666,8,0.7,0.6862,99,0
IWM190920P156,2019-09-13,2019-09-13 09:38:13,0.71,0.696,417,0.7,0.6862,26,0.68,0.6666,8,0.705,0.6911,99,0
IWM190920P156,2019-09-13,2019-09-13 09:38:13,0.71,0.696,427,0.7,0.6862,26,0.68,0.6666,8,0.705,0.6911,99,0
IWM190920P156,2019-09-13,2019-09-13 09:38:14,0.7,0.6862,372,0.68,0.6666,68,0.68,0.6666,8,0.69,0.6764,99,0
IWM190920P156,2019-09-13,2019-09-13 09:38:14,0.71,0.696,683,0.69,0.6764,46,0.68,0.6666,8,0.7,0.6862,99,0
IWM190920P156,2019-09-13,2019-09-13 09:38:15,0.7,0.6862,352,0.69,0.6764,32,0.68,0.6666,8,0.695,0.6813,99,0
IWM190920P156,2019-09-13,2019-09-13 09:38:15,0.7,0.6862,514,0.69,0.6764,16,0.68,0.6666,8,0.695,0.6813,99,0
IWM190920P156,2019-09-13,2019-09-13 09:38:16,0.7,0.6862,20,0.69,0.6764,32,0.68,0.6666,8,0.695,0.6813,99,0
IWM190920P156,2019-09-13,2019-09-13 09:38:16,0.71,0.696,220,0.7,0.6862,3,0.68,0.6666,8,0.705,0.6911,99,0
IWM190920P156,2019-09-13,2019-09-13 09:38:17,0.71,0.696,378,0.7,0.6862,3,0.68,0.6666,8,0.705,0.6911,99,0
IWM190920P156,2019-09-13,2019-09-13 09:38:17,0.71,0.696,534,0.7,0.6862,3,0.68,0.6666,8,0.705,0.6911,99,0
IWM190920P156,2019-09-13,2019-09-13 09:38:18,0.71,0.696,326,0.7,0.6862,16,0.68,0.6666,8,0.705,0.6911,99,0
IWM190920P156,2019-09-13,2019-09-13 09:38:19,0.71,0.696,386,0.7,0.6862,16,0.68,0.6666,8,0.705,0.6911,99,0
IWM190920P156,2019-09-13,2019-09-13 09:38:20,0.71,0.696,54,0.69,0.6764,139,0.68,0.6666,8,0.7,0.6862,99,0
IWM190920P156,2019-09-13,2019-09-13 09:38:20,0.71,0.696,54,0.7,0.6862,28,0.68,0.6666,8,0.705,0.6911,99,0
IWM190920P156,2019-09-13,2019-09-13 09:38:21,0.71,0.696,54,0.7,0.6862,55,0.68,0.6666,8,0.705,0.6911,99,0
IWM190920P156,2019-09-13,2019-09-13 09:38:21,0.71,0.696,70,0.7,0.6862,16,0.68,0.6666,8,0.705,0.6911,99,0
IWM190920P156,2019-09-13,2019-09-13 09:38:22,0.71,0.696,459,0.69,0.6764,113,0.68,0.6666,8,0.7,0.6862,99,0
IWM190920P156,2019-09-13,2019-09-13 09:38:22,0.71,0.696,416,0.69,0.6764,123,0.68,0.6666,8,0.7,0.6862,99,0
IWM190920P156,2019-09-13,2019-09-13 09:38:23,0.71,0.696,416,0.69,0.6764,110,0.68,0.6666,8,0.7,0.6862,99,0
IWM190920P156,2019-09-13,2019-09-13 09:38:23,0.71,0.696,20,0.7,0.6862,25,0.68,0.6666,8,0.705,0.6911,99,0
IWM190920P156,2019-09-13,2019-09-13 09:38:24,0.72,0.7058,457,0.7,0.6862,77,0.68,0.6666,8,0.71,0.696,99,0
IWM190920P156,2019-09-13,2019-09-13 09:38:24,0.71,0.696,20,0.7,0.6862,77,0.68,0.6666,8,0.705,0.6911,99,0
IWM190920P156,2019-09-13,2019-09-13 09:38:25,0.72,0.7058,467,0.71,0.696,16,0.68,0.6666,8,0.715,0.7009,99,0
IWM190920P156,2019-09-13,2019-09-13 09:38:26,0.72,0.7058,462,0.7,0.6862,28,0.68,0.6666,8,0.71,0.696,99,0
IWM190920P156,2019-09-13,2019-09-13 09:38:26,0.72,0.7058,457,0.7,0.6862,76,0.68,0.6666,8,0.71,0.696,99,0
IWM190920P156,2019-09-13,2019-09-13 09:38:27,0.72,0.7058,435,0.7,0.6862,28,0.68,0.6666,8,0.71,0.696,99,0
IWM190920P156,2019-09-13,2019-09-13 09:38:28,0.72,0.7058,466,0.7,0.6862,28,0.68,0.6666,8,0.71,0.696,99,0
IWM190920P156,2019-09-13,2019-09-13 09:38:29,0.71,0.696,78,0.7,0.6862,28,0.68,0.6666,8,0.705,0.6911,99,0
IWM190920P156,2019-09-13,2019-09-13 09:38:30,0.72,0.7058,98,0.71,0.696,26,0.68,0.6666,8,0.715,0.7009,99,0
IWM190920P156,2019-09-13,2019-09-13 09:38:30,0.72,0.7058,98,0.71,0.696,13,0.68,0.6666,8,0.715,0.7009,99,0
IWM190920P156,2019-09-13,2019-09-13 09:38:31,0.72,0.7058,98,0.71,0.696,26,0.68,0.6666,8,0.715,0.7009,99,0
IWM190920P156,2019-09-13,2019-09-13 09:38:32,0.72,0.7058,78,0.71,0.696,43,0.68,0.6666,8,0.715,0.7009,99,0
