symbol,Date,quote_time,ask_price,norm_ask_price,ask_size,bid_price,norm_bid_price,bid_size,last_trade_price,norm_last_trade_price,last_trade_size,mark_price,norm_mark_price,volume,Volume
IWM191108C160,2019-11-07,2019-11-07 09:30:00,0.55,1.0,1,0.48,0.8727,21,0.12,0.2181,1,0.515,0.9363,0,0
IWM191108C160,2019-11-07,2019-11-07 09:30:01,0.55,1.0,1,0.49,0.8909,4,0.12,0.2181,1,0.52,0.9454,0,0
IWM191108C160,2019-11-07,2019-11-07 09:30:02,0.55,1.0,80,0.49,0.8909,5,0.12,0.2181,1,0.52,0.9454,0,0
IWM191108C160,2019-11-07,2019-11-07 09:30:03,0.54,0.9818,75,0.49,0.8909,5,0.12,0.2181,1,0.515,0.9363,0,0
IWM191108C160,2019-11-07,2019-11-07 09:30:03,0.55,1.0,189,0.49,0.8909,5,0.12,0.2181,1,0.52,0.9454,0,0
IWM191108C160,2019-11-07,2019-11-07 09:30:04,0.53,0.9636,2,0.48,0.8727,75,0.12,0.2181,1,0.505,0.9181,0,0
IWM191108C160,2019-11-07,2019-11-07 09:30:05,0.53,0.9636,2,0.48,0.8727,75,0.12,0.2181,1,0.505,0.9181,0,0
IWM191108C160,2019-11-07,2019-11-07 09:30:05,0.53,0.9636,77,0.48,0.8727,75,0.12,0.2181,1,0.505,0.9181,0,0
IWM191108C160,2019-11-07,2019-11-07 09:30:06,0.53,0.9636,77,0.48,0.8727,30,0.12,0.2181,1,0.505,0.9181,0,0
IWM191108C160,2019-11-07,2019-11-07 09:30:06,0.53,0.9636,77,0.48,0.8727,75,0.12,0.2181,1,0.505,0.9181,0,0
IWM191108C160,2019-11-07,2019-11-07 09:30:07,0.53,0.9636,77,0.47,0.8545,75,0.12,0.2181,1,0.5,0.909,0,0
IWM191108C160,2019-11-07,2019-11-07 09:30:08,0.53,0.9636,335,0.47,0.8545,75,0.12,0.2181,1,0.5,0.909,0,0
IWM191108C160,2019-11-07,2019-11-07 09:30:08,0.53,0.9636,77,0.47,0.8545,75,0.12,0.2181,1,0.5,0.909,0,0
IWM191108C160,2019-11-07,2019-11-07 09:30:09,0.53,0.9636,335,0.47,0.8545,75,0.12,0.2181,1,0.5,0.909,0,0
IWM191108C160,2019-11-07,2019-11-07 09:30:09,0.52,0.9454,75,0.47,0.8545,75,0.12,0.2181,1,0.495,0.9,0,0
IWM191108C160,2019-11-07,2019-11-07 09:30:10,0.52,0.9454,75,0.45,0.8181,75,0.12,0.2181,1,0.485,0.8818,0,0
IWM191108C160,2019-11-07,2019-11-07 09:30:10,0.52,0.9454,75,0.46,0.8363,75,0.12,0.2181,1,0.49,0.8909,0,0
IWM191108C160,2019-11-07,2019-11-07 09:30:11,0.52,0.9454,266,0.45,0.8181,75,0.12,0.2181,1,0.485,0.8818,0,0
IWM191108C160,2019-11-07,2019-11-07 09:30:12,0.52,0.9454,266,0.48,0.8727,115,0.12,0.2181,1,0.5,0.909,0,0
IWM191108C160,2019-11-07,2019-11-07 09:30:12,0.52,0.9454,105,0.46,0.8363,163,0.12,0.2181,1,0.49,0.8909,0,0
IWM191108C160,2019-11-07,2019-11-07 09:30:13,0.52,0.9454,105,0.46,0.8363,163,0.12,0.2181,1,0.49,0.8909,0,0
IWM191108C160,2019-11-07,2019-11-07 09:30:14,0.52,0.9454,46,0.46,0.8363,163,0.5,0.909,1,0.49,0.8909,1,1
IWM191108C160,2019-11-07,2019-11-07 09:30:14,0.52,0.9454,203,0.46,0.8363,163,0.5,0.909,1,0.49,0.8909,1,0
IWM191108C160,2019-11-07,2019-11-07 09:30:15,0.52,0.9454,54,0.48,0.8727,156,0.5,0.909,1,0.5,0.909,1,0
IWM191108C160,2019-11-07,2019-11-07 09:30:15,0.52,0.9454,150,0.46,0.8363,163,0.5,0.909,1,0.49,0.8909,1,0
IWM191108C160,2019-11-07,2019-11-07 09:30:16,0.52,0.9454,54,0.49,0.8909,240,0.5,0.909,1,0.505,0.9181,1,0
IWM191108C160,2019-11-07,2019-11-07 09:30:17,0.52,0.9454,54,0.49,0.8909,240,0.5,0.909,1,0.505,0.9181,1,0
IWM191108C160,2019-11-07,2019-11-07 09:30:17,0.52,0.9454,10,0.48,0.8727,345,0.5,0.909,1,0.5,0.909,1,0
IWM191108C160,2019-11-07,2019-11-07 09:30:18,0.52,0.9454,10,0.48,0.8727,345,0.5,0.909,1,0.5,0.909,1,0
IWM191108C160,2019-11-07,2019-11-07 09:30:18,0.54,0.9818,39,0.5,0.909,90,0.5,0.909,1,0.52,0.9454,1,0
IWM191108C160,2019-11-07,2019-11-07 09:30:19,0.54,0.9818,30,0.51,0.9272,75,0.5,0.909,1,0.525,0.9545,1,0
IWM191108C160,2019-11-07,2019-11-07 09:30:19,0.54,0.9818,20,0.51,0.9272,260,0.5,0.909,1,0.525,0.9545,1,0
IWM191108C160,2019-11-07,2019-11-07 09:30:20,0.54,0.9818,46,0.52,0.9454,75,0.5,0.909,1,0.53,0.9636,1,0
IWM191108C160,2019-11-07,2019-11-07 09:30:20,0.54,0.9818,40,0.52,0.9454,75,0.5,0.909,1,0.53,0.9636,1,0
IWM191108C160,2019-11-07,2019-11-07 09:30:21,0.54,0.9818,42,0.51,0.9272,347,0.5,0.909,1,0.525,0.9545,1,0
IWM191108C160,2019-11-07,2019-11-07 09:30:21,0.54,0.9818,40,0.52,0.9454,75,0.5,0.909,1,0.53,0.9636,1,0
IWM191108C160,2019-11-07,2019-11-07 09:30:22,0.54,0.9818,40,0.51,0.9272,347,0.5,0.909,1,0.525,0.9545,1,0
IWM191108C160,2019-11-07,2019-11-07 09:30:22,0.54,0.9818,30,0.52,0.9454,75,0.5,0.909,1,0.53,0.9636,1,0
IWM191108C160,2019-11-07,2019-11-07 09:30:23,0.54,0.9818,20,0.51,0.9272,360,0.5,0.909,1,0.525,0.9545,1,0
IWM191108C160,2019-11-07,2019-11-07 09:30:23,0.54,0.9818,20,0.52,0.9454,281,0.5,0.909,1,0.53,0.9636,1,0
IWM191108C160,2019-11-07,2019-11-07 09:30:24,0.54,0.9818,30,0.52,0.9454,360,0.5,0.909,1,0.53,0.9636,1,0
IWM191108C160,2019-11-07,2019-11-07 09:30:24,0.54,0.9818,40,0.52,0.9454,360,0.5,0.909,1,0.53,0.9636,1,0
IWM191108C160,2019-11-07,2019-11-07 09:30:25,0.54,0.9818,46,0.52,0.9454,419,0.52,0.9454,1,0.53,0.9636,2,0
IWM191108C160,2019-11-07,2019-11-07 09:30:25,0.54,0.9818,30,0.52,0.9454,409,0.52,0.9454,1,0.53,0.9636,2,1
IWM191108C160,2019-11-07,2019-11-07 09:30:26,0.54,0.9818,40,0.51,0.9272,171,0.52,0.9454,1,0.525,0.9545,2,0
IWM191108C160,2019-11-07,2019-11-07 09:30:26,0.54,0.9818,46,0.52,0.9454,121,0.52,0.9454,1,0.53,0.9636,2,0
IWM191108C160,2019-11-07,2019-11-07 09:30:27,0.54,0.9818,46,0.51,0.9272,322,0.52,0.9454,1,0.525,0.9545,2,0
IWM191108C160,2019-11-07,2019-11-07 09:30:28,0.54,0.9818,20,0.52,0.9454,56,0.52,0.9454,1,0.53,0.9636,2,0
IWM191108C160,2019-11-07,2019-11-07 09:30:28,0.54,0.9818,46,0.52,0.9454,75,0.52,0.9454,1,0.53,0.9636,2,0
IWM191108C160,2019-11-07,2019-11-07 09:30:29,0.54,0.9818,30,0.53,0.9636,75,0.52,0.9454,1,0.535,0.9727,2,0
IWM191108C160,2019-11-07,2019-11-07 09:30:29,0.54,0.9818,30,0.53,0.9636,150,0.52,0.9454,1,0.535,0.9727,2,0
IWM191108C160,2019-11-07,2019-11-07 09:30:30,0.54,0.9818,40,0.53,0.9636,281,0.52,0.9454,1,0.535,0.9727,2,0
IWM191108C160,2019-11-07,2019-11-07 09:30:30,0.54,0.9818,30,0.53,0.9636,75,0.52,0.9454,1,0.535,0.9727,2,0
IWM191108C160,2019-11-07,2019-11-07 09:30:32,0.56,1.0181,111,0.54,0.9818,360,0.55,1.0,5,0.55,1.0,19,0
IWM191108C160,2019-11-07,2019-11-07 09:30:32,0.56,1.0181,111,0.54,0.9818,360,0.55,1.0,5,0.55,1.0,19,17
IWM191108C160,2019-11-07,2019-11-07 09:30:33,0.57,1.0363,53,0.56,1.0181,360,0.55,1.0,5,0.565,1.0272,19,0
IWM191108C160,2019-11-07,2019-11-07 09:30:33,0.56,1.0181,101,0.55,1.0,75,0.55,1.0,5,0.555,1.009,19,0
IWM191108C160,2019-11-07,2019-11-07 09:30:34,0.57,1.0363,63,0.56,1.0181,63,0.57,1.0363,63,0.565,1.0272,82,63
IWM191108C160,2019-11-07,2019-11-07 09:30:34,0.6,1.0909,49,0.58,1.0545,75,0.57,1.0363,63,0.59,1.0727,82,0
IWM191108C160,2019-11-07,2019-11-07 09:30:35,0.6,1.0909,49,0.58,1.0545,323,0.57,1.0363,63,0.59,1.0727,82,0
IWM191108C160,2019-11-07,2019-11-07 09:30:35,0.6,1.0909,5,0.59,1.0727,75,0.57,1.0363,63,0.595,1.0818,82,0
IWM191108C160,2019-11-07,2019-11-07 09:30:36,0.61,1.109,31,0.6,1.0909,350,0.57,1.0363,63,0.605,1.1,82,0
IWM191108C160,2019-11-07,2019-11-07 09:30:36,0.61,1.109,31,0.59,1.0727,360,0.57,1.0363,63,0.6,1.0909,82,0
IWM191108C160,2019-11-07,2019-11-07 09:30:37,0.61,1.109,31,0.6,1.0909,81,0.57,1.0363,63,0.605,1.1,82,0
IWM191108C160,2019-11-07,2019-11-07 09:30:38,0.63,1.1454,30,0.59,1.0727,296,0.57,1.0363,63,0.61,1.109,82,0
IWM191108C160,2019-11-07,2019-11-07 09:30:38,0.63,1.1454,230,0.59,1.0727,296,0.57,1.0363,63,0.61,1.109,82,0
IWM191108C160,2019-11-07,2019-11-07 09:30:39,0.62,1.1272,212,0.51,0.9272,21,0.57,1.0363,63,0.565,1.0272,82,0
IWM191108C160,2019-11-07,2019-11-07 09:30:39,0.63,1.1454,536,0.57,1.0363,155,0.57,1.0363,63,0.6,1.0909,82,0
IWM191108C160,2019-11-07,2019-11-07 09:30:40,0.59,1.0727,199,0.52,0.9454,168,0.57,1.0363,63,0.555,1.009,82,0
IWM191108C160,2019-11-07,2019-11-07 09:30:40,0.57,1.0363,220,0.52,0.9454,293,0.57,1.0363,63,0.545,0.9909,82,0
IWM191108C160,2019-11-07,2019-11-07 09:30:41,0.57,1.0363,20,0.54,0.9818,75,0.57,1.0363,63,0.555,1.009,82,0
IWM191108C160,2019-11-07,2019-11-07 09:30:41,0.57,1.0363,44,0.53,0.9636,75,0.57,1.0363,63,0.55,1.0,82,0
IWM191108C160,2019-11-07,2019-11-07 09:30:42,0.57,1.0363,20,0.54,0.9818,360,0.57,1.0363,63,0.555,1.009,82,0
IWM191108C160,2019-11-07,2019-11-07 09:30:43,0.57,1.0363,20,0.54,0.9818,301,0.57,1.0363,63,0.555,1.009,82,0
IWM191108C160,2019-11-07,2019-11-07 09:30:43,0.57,1.0363,20,0.54,0.9818,75,0.57,1.0363,63,0.555,1.009,82,0
IWM191108C160,2019-11-07,2019-11-07 09:30:44,0.58,1.0545,122,0.54,0.9818,360,0.57,1.0363,63,0.56,1.0181,82,0
IWM191108C160,2019-11-07,2019-11-07 09:30:44,0.58,1.0545,70,0.54,0.9818,360,0.57,1.0363,63,0.56,1.0181,82,0
IWM191108C160,2019-11-07,2019-11-07 09:30:45,0.58,1.0545,122,0.55,1.0,96,0.57,1.0363,63,0.565,1.0272,82,0
IWM191108C160,2019-11-07,2019-11-07 09:30:45,0.58,1.0545,84,0.55,1.0,256,0.57,1.0363,63,0.565,1.0272,82,0
IWM191108C160,2019-11-07,2019-11-07 09:30:46,0.58,1.0545,84,0.54,0.9818,481,0.57,1.0363,63,0.56,1.0181,82,0
IWM191108C160,2019-11-07,2019-11-07 09:30:46,0.58,1.0545,84,0.54,0.9818,306,0.57,1.0363,63,0.56,1.0181,82,0
IWM191108C160,2019-11-07,2019-11-07 09:30:47,0.58,1.0545,84,0.54,0.9818,481,0.57,1.0363,63,0.56,1.0181,82,0
IWM191108C160,2019-11-07,2019-11-07 09:30:47,0.58,1.0545,34,0.54,0.9818,75,0.57,1.0363,63,0.56,1.0181,82,0
IWM191108C160,2019-11-07,2019-11-07 09:30:48,0.58,1.0545,56,0.54,0.9818,156,0.57,1.0363,63,0.56,1.0181,82,0
IWM191108C160,2019-11-07,2019-11-07 09:30:48,0.58,1.0545,30,0.54,0.9818,523,0.57,1.0363,63,0.56,1.0181,82,0
IWM191108C160,2019-11-07,2019-11-07 09:30:49,0.58,1.0545,30,0.54,0.9818,533,0.57,1.0363,63,0.56,1.0181,82,0
IWM191108C160,2019-11-07,2019-11-07 09:30:49,0.58,1.0545,30,0.54,0.9818,523,0.57,1.0363,63,0.56,1.0181,82,0
IWM191108C160,2019-11-07,2019-11-07 09:30:50,0.58,1.0545,40,0.54,0.9818,75,0.57,1.0363,63,0.56,1.0181,82,0
IWM191108C160,2019-11-07,2019-11-07 09:30:50,0.57,1.0363,328,0.54,0.9818,15,0.57,1.0363,63,0.555,1.009,82,0
IWM191108C160,2019-11-07,2019-11-07 09:30:51,0.56,1.0181,122,0.52,0.9454,162,0.57,1.0363,63,0.54,0.9818,82,0
IWM191108C160,2019-11-07,2019-11-07 09:30:51,0.56,1.0181,114,0.52,0.9454,150,0.57,1.0363,63,0.54,0.9818,82,0
IWM191108C160,2019-11-07,2019-11-07 09:30:52,0.56,1.0181,220,0.52,0.9454,162,0.57,1.0363,63,0.54,0.9818,82,0
IWM191108C160,2019-11-07,2019-11-07 09:30:52,0.56,1.0181,546,0.51,0.9272,150,0.57,1.0363,63,0.535,0.9727,82,0
IWM191108C160,2019-11-07,2019-11-07 09:30:53,0.56,1.0181,525,0.51,0.9272,152,0.57,1.0363,63,0.535,0.9727,82,0
IWM191108C160,2019-11-07,2019-11-07 09:30:53,0.56,1.0181,893,0.51,0.9272,203,0.57,1.0363,63,0.535,0.9727,82,0
IWM191108C160,2019-11-07,2019-11-07 09:30:54,0.56,1.0181,855,0.51,0.9272,1023,0.57,1.0363,63,0.535,0.9727,82,0
IWM191108C160,2019-11-07,2019-11-07 09:30:55,0.56,1.0181,791,0.52,0.9454,233,0.57,1.0363,63,0.54,0.9818,82,0
IWM191108C160,2019-11-07,2019-11-07 09:30:56,0.56,1.0181,758,0.52,0.9454,100,0.57,1.0363,63,0.54,0.9818,82,0
IWM191108C160,2019-11-07,2019-11-07 09:30:56,0.55,1.0,254,0.51,0.9272,118,0.57,1.0363,63,0.53,0.9636,82,0
IWM191108C160,2019-11-07,2019-11-07 09:30:57,0.54,0.9818,20,0.5,0.909,554,0.57,1.0363,63,0.52,0.9454,82,0
IWM191108C160,2019-11-07,2019-11-07 09:30:57,0.55,1.0,923,0.51,0.9272,118,0.57,1.0363,63,0.53,0.9636,82,0
IWM191108C160,2019-11-07,2019-11-07 09:30:58,0.54,0.9818,46,0.5,0.909,576,0.57,1.0363,63,0.52,0.9454,82,0
IWM191108C160,2019-11-07,2019-11-07 09:30:58,0.54,0.9818,508,0.5,0.909,322,0.57,1.0363,63,0.52,0.9454,82,0
IWM191108C160,2019-11-07,2019-11-07 09:30:59,0.54,0.9818,188,0.5,0.909,28,0.57,1.0363,63,0.52,0.9454,82,0
IWM191108C160,2019-11-07,2019-11-07 09:30:59,0.54,0.9818,188,0.5,0.909,175,0.57,1.0363,63,0.52,0.9454,82,0
IWM191108C160,2019-11-07,2019-11-07 09:31:00,0.54,0.9818,398,0.49,0.8909,153,0.57,1.0363,63,0.515,0.9363,82,0
IWM191108C160,2019-11-07,2019-11-07 09:31:00,0.54,0.9818,205,0.5,0.909,184,0.57,1.0363,63,0.52,0.9454,82,0
IWM191108C160,2019-11-07,2019-11-07 09:31:01,0.54,0.9818,155,0.49,0.8909,244,0.57,1.0363,63,0.515,0.9363,82,0
IWM191108C160,2019-11-07,2019-11-07 09:31:01,0.54,0.9818,475,0.49,0.8909,160,0.57,1.0363,63,0.515,0.9363,82,0
IWM191108C160,2019-11-07,2019-11-07 09:31:02,0.54,0.9818,113,0.5,0.909,75,0.57,1.0363,63,0.52,0.9454,82,0
IWM191108C160,2019-11-07,2019-11-07 09:31:02,0.54,0.9818,26,0.49,0.8909,284,0.57,1.0363,63,0.515,0.9363,82,0
IWM191108C160,2019-11-07,2019-11-07 09:31:03,0.54,0.9818,23,0.5,0.909,349,0.57,1.0363,63,0.52,0.9454,82,0
IWM191108C160,2019-11-07,2019-11-07 09:31:03,0.54,0.9818,23,0.5,0.909,218,0.57,1.0363,63,0.52,0.9454,82,0
IWM191108C160,2019-11-07,2019-11-07 09:31:04,0.54,0.9818,4,0.51,0.9272,75,0.57,1.0363,63,0.525,0.9545,82,0
IWM191108C160,2019-11-07,2019-11-07 09:31:04,0.54,0.9818,23,0.51,0.9272,18,0.57,1.0363,63,0.525,0.9545,82,0
IWM191108C160,2019-11-07,2019-11-07 09:31:05,0.54,0.9818,4,0.51,0.9272,20,0.57,1.0363,63,0.525,0.9545,82,0
IWM191108C160,2019-11-07,2019-11-07 09:31:05,0.54,0.9818,4,0.51,0.9272,218,0.57,1.0363,63,0.525,0.9545,82,0
IWM191108C160,2019-11-07,2019-11-07 09:31:06,0.54,0.9818,4,0.51,0.9272,259,0.57,1.0363,63,0.525,0.9545,82,0
IWM191108C160,2019-11-07,2019-11-07 09:31:06,0.54,0.9818,4,0.51,0.9272,459,0.57,1.0363,63,0.525,0.9545,82,0
IWM191108C160,2019-11-07,2019-11-07 09:31:07,0.54,0.9818,4,0.51,0.9272,328,0.54,0.9818,1,0.525,0.9545,83,1
IWM191108C160,2019-11-07,2019-11-07 09:31:07,0.57,1.0363,20,0.53,0.9636,218,0.54,0.9818,1,0.55,1.0,83,0
IWM191108C160,2019-11-07,2019-11-07 09:31:08,0.57,1.0363,1,0.53,0.9636,439,0.54,0.9818,1,0.55,1.0,83,0
IWM191108C160,2019-11-07,2019-11-07 09:31:09,0.58,1.0545,198,0.53,0.9636,453,0.54,0.9818,1,0.555,1.009,83,0
IWM191108C160,2019-11-07,2019-11-07 09:31:09,0.58,1.0545,49,0.54,0.9818,278,0.54,0.9818,1,0.56,1.0181,83,0
IWM191108C160,2019-11-07,2019-11-07 09:31:10,0.59,1.0727,519,0.54,0.9818,595,0.54,0.9818,1,0.565,1.0272,83,0
IWM191108C160,2019-11-07,2019-11-07 09:31:10,0.59,1.0727,187,0.54,0.9818,471,0.54,0.9818,1,0.565,1.0272,83,0
IWM191108C160,2019-11-07,2019-11-07 09:31:11,0.59,1.0727,370,0.54,0.9818,554,0.54,0.9818,1,0.565,1.0272,83,0
IWM191108C160,2019-11-07,2019-11-07 09:31:11,0.58,1.0545,10,0.54,0.9818,678,0.54,0.9818,1,0.56,1.0181,83,0
IWM191108C160,2019-11-07,2019-11-07 09:31:12,0.59,1.0727,449,0.54,0.9818,181,0.54,0.9818,1,0.565,1.0272,83,0
IWM191108C160,2019-11-07,2019-11-07 09:31:12,0.59,1.0727,469,0.54,0.9818,314,0.54,0.9818,1,0.565,1.0272,83,0
IWM191108C160,2019-11-07,2019-11-07 09:31:13,0.59,1.0727,469,0.54,0.9818,592,0.54,0.9818,1,0.565,1.0272,83,0
IWM191108C160,2019-11-07,2019-11-07 09:31:13,0.58,1.0545,21,0.54,0.9818,592,0.54,0.9818,1,0.56,1.0181,83,0
IWM191108C160,2019-11-07,2019-11-07 09:31:14,0.58,1.0545,21,0.54,0.9818,592,0.54,0.9818,1,0.56,1.0181,83,0
IWM191108C160,2019-11-07,2019-11-07 09:31:14,0.58,1.0545,21,0.54,0.9818,392,0.54,0.9818,1,0.56,1.0181,83,0
IWM191108C160,2019-11-07,2019-11-07 09:31:15,0.59,1.0727,798,0.54,0.9818,716,0.54,0.9818,1,0.565,1.0272,83,0
IWM191108C160,2019-11-07,2019-11-07 09:31:15,0.59,1.0727,713,0.54,0.9818,592,0.54,0.9818,1,0.565,1.0272,83,0
IWM191108C160,2019-11-07,2019-11-07 09:31:16,0.59,1.0727,78,0.55,1.0,722,0.54,0.9818,1,0.57,1.0363,83,0
IWM191108C160,2019-11-07,2019-11-07 09:31:16,0.59,1.0727,78,0.55,1.0,427,0.54,0.9818,1,0.57,1.0363,83,0
IWM191108C160,2019-11-07,2019-11-07 09:31:17,0.59,1.0727,27,0.56,1.0181,260,0.54,0.9818,1,0.575,1.0454,83,0
IWM191108C160,2019-11-07,2019-11-07 09:31:17,0.59,1.0727,78,0.55,1.0,548,0.54,0.9818,1,0.57,1.0363,83,0
IWM191108C160,2019-11-07,2019-11-07 09:31:18,0.59,1.0727,27,0.56,1.0181,150,0.54,0.9818,1,0.575,1.0454,83,0
IWM191108C160,2019-11-07,2019-11-07 09:31:18,0.59,1.0727,20,0.56,1.0181,150,0.54,0.9818,1,0.575,1.0454,83,0
IWM191108C160,2019-11-07,2019-11-07 09:31:19,0.59,1.0727,86,0.55,1.0,340,0.54,0.9818,1,0.57,1.0363,83,0
IWM191108C160,2019-11-07,2019-11-07 09:31:19,0.59,1.0727,20,0.55,1.0,227,0.54,0.9818,1,0.57,1.0363,83,0
IWM191108C160,2019-11-07,2019-11-07 09:31:20,0.59,1.0727,131,0.55,1.0,322,0.54,0.9818,1,0.57,1.0363,83,0
IWM191108C160,2019-11-07,2019-11-07 09:31:20,0.58,1.0545,28,0.55,1.0,103,0.54,0.9818,1,0.565,1.0272,83,0
IWM191108C160,2019-11-07,2019-11-07 09:31:21,0.58,1.0545,28,0.55,1.0,161,0.54,0.9818,1,0.565,1.0272,83,0
IWM191108C160,2019-11-07,2019-11-07 09:31:21,0.58,1.0545,38,0.55,1.0,131,0.54,0.9818,1,0.565,1.0272,83,0
IWM191108C160,2019-11-07,2019-11-07 09:31:22,0.58,1.0545,445,0.54,0.9818,157,0.54,0.9818,1,0.56,1.0181,83,0
IWM191108C160,2019-11-07,2019-11-07 09:31:22,0.58,1.0545,28,0.55,1.0,139,0.54,0.9818,1,0.565,1.0272,83,0
IWM191108C160,2019-11-07,2019-11-07 09:31:23,0.58,1.0545,214,0.54,0.9818,184,0.54,0.9818,1,0.56,1.0181,83,0
IWM191108C160,2019-11-07,2019-11-07 09:31:23,0.58,1.0545,180,0.54,0.9818,448,0.54,0.9818,1,0.56,1.0181,83,0
IWM191108C160,2019-11-07,2019-11-07 09:31:24,0.58,1.0545,51,0.55,1.0,163,0.54,0.9818,1,0.565,1.0272,83,0
IWM191108C160,2019-11-07,2019-11-07 09:31:24,0.58,1.0545,59,0.55,1.0,120,0.54,0.9818,1,0.565,1.0272,83,0
IWM191108C160,2019-11-07,2019-11-07 09:31:25,0.58,1.0545,57,0.55,1.0,163,0.54,0.9818,1,0.565,1.0272,83,0
IWM191108C160,2019-11-07,2019-11-07 09:31:26,0.58,1.0545,61,0.55,1.0,170,0.54,0.9818,1,0.565,1.0272,83,0
IWM191108C160,2019-11-07,2019-11-07 09:31:26,0.58,1.0545,61,0.55,1.0,114,0.54,0.9818,1,0.565,1.0272,83,0
IWM191108C160,2019-11-07,2019-11-07 09:31:27,0.57,1.0363,1,0.55,1.0,61,0.54,0.9818,1,0.56,1.0181,83,0
IWM191108C160,2019-11-07,2019-11-07 09:31:27,0.58,1.0545,403,0.55,1.0,114,0.54,0.9818,1,0.565,1.0272,83,0
IWM191108C160,2019-11-07,2019-11-07 09:31:28,0.57,1.0363,384,0.53,0.9636,521,0.54,0.9818,1,0.55,1.0,83,0
IWM191108C160,2019-11-07,2019-11-07 09:31:28,0.57,1.0363,416,0.53,0.9636,575,0.54,0.9818,1,0.55,1.0,83,0
IWM191108C160,2019-11-07,2019-11-07 09:31:29,0.57,1.0363,574,0.53,0.9636,629,0.54,0.9818,1,0.55,1.0,83,0
IWM191108C160,2019-11-07,2019-11-07 09:31:29,0.57,1.0363,216,0.53,0.9636,561,0.54,0.9818,1,0.55,1.0,83,0
IWM191108C160,2019-11-07,2019-11-07 09:31:30,0.57,1.0363,571,0.53,0.9636,629,0.54,0.9818,1,0.55,1.0,83,0
IWM191108C160,2019-11-07,2019-11-07 09:31:31,0.57,1.0363,22,0.54,0.9818,625,0.54,0.9818,1,0.555,1.009,83,0
IWM191108C160,2019-11-07,2019-11-07 09:31:32,0.57,1.0363,22,0.54,0.9818,31,0.54,0.9818,1,0.555,1.009,83,0
IWM191108C160,2019-11-07,2019-11-07 09:31:32,0.57,1.0363,22,0.54,0.9818,601,0.54,0.9818,1,0.555,1.009,83,0
IWM191108C160,2019-11-07,2019-11-07 09:31:33,0.57,1.0363,8,0.54,0.9818,225,0.54,0.9818,1,0.555,1.009,83,0
IWM191108C160,2019-11-07,2019-11-07 09:31:33,0.57,1.0363,81,0.54,0.9818,102,0.54,0.9818,1,0.555,1.009,83,0
IWM191108C160,2019-11-07,2019-11-07 09:31:34,0.57,1.0363,104,0.54,0.9818,102,0.54,0.9818,1,0.555,1.009,83,0
IWM191108C160,2019-11-07,2019-11-07 09:31:34,0.57,1.0363,505,0.54,0.9818,102,0.54,0.9818,1,0.555,1.009,83,0
IWM191108C160,2019-11-07,2019-11-07 09:31:35,0.57,1.0363,686,0.54,0.9818,102,0.54,0.9818,1,0.555,1.009,83,0
IWM191108C160,2019-11-07,2019-11-07 09:31:35,0.57,1.0363,90,0.54,0.9818,137,0.54,0.9818,1,0.555,1.009,83,0
IWM191108C160,2019-11-07,2019-11-07 09:31:36,0.58,1.0545,360,0.55,1.0,80,0.54,0.9818,1,0.565,1.0272,83,0
IWM191108C160,2019-11-07,2019-11-07 09:31:36,0.58,1.0545,24,0.55,1.0,70,0.54,0.9818,1,0.565,1.0272,83,0
IWM191108C160,2019-11-07,2019-11-07 09:31:37,0.56,1.0181,441,0.52,0.9454,140,0.54,0.9818,1,0.54,0.9818,83,0
IWM191108C160,2019-11-07,2019-11-07 09:31:37,0.58,1.0545,269,0.54,0.9818,28,0.54,0.9818,1,0.56,1.0181,83,0
IWM191108C160,2019-11-07,2019-11-07 09:31:38,0.55,1.0,17,0.53,0.9636,93,0.54,0.9818,1,0.54,0.9818,94,11
IWM191108C160,2019-11-07,2019-11-07 09:31:38,0.55,1.0,440,0.52,0.9454,12,0.54,0.9818,1,0.535,0.9727,83,0
IWM191108C160,2019-11-07,2019-11-07 09:31:39,0.55,1.0,17,0.52,0.9454,67,0.54,0.9818,1,0.535,0.9727,94,0
IWM191108C160,2019-11-07,2019-11-07 09:31:39,0.55,1.0,82,0.52,0.9454,121,0.54,0.9818,1,0.535,0.9727,94,0
IWM191108C160,2019-11-07,2019-11-07 09:31:40,0.55,1.0,99,0.52,0.9454,196,0.54,0.9818,1,0.535,0.9727,94,0
IWM191108C160,2019-11-07,2019-11-07 09:31:40,0.55,1.0,209,0.52,0.9454,30,0.54,0.9818,1,0.535,0.9727,94,0
IWM191108C160,2019-11-07,2019-11-07 09:31:41,0.56,1.0181,105,0.52,0.9454,29,0.54,0.9818,1,0.54,0.9818,94,0
IWM191108C160,2019-11-07,2019-11-07 09:31:41,0.56,1.0181,93,0.53,0.9636,228,0.54,0.9818,1,0.545,0.9909,94,0
IWM191108C160,2019-11-07,2019-11-07 09:31:42,0.55,1.0,17,0.53,0.9636,278,0.54,0.9818,1,0.54,0.9818,94,0
IWM191108C160,2019-11-07,2019-11-07 09:31:42,0.55,1.0,17,0.53,0.9636,750,0.54,0.9818,1,0.54,0.9818,94,0
IWM191108C160,2019-11-07,2019-11-07 09:31:43,0.56,1.0181,195,0.53,0.9636,21,0.54,0.9818,1,0.545,0.9909,94,0
IWM191108C160,2019-11-07,2019-11-07 09:31:43,0.55,1.0,17,0.53,0.9636,669,0.54,0.9818,1,0.54,0.9818,94,0
IWM191108C160,2019-11-07,2019-11-07 09:31:44,0.56,1.0181,378,0.52,0.9454,315,0.54,0.9818,1,0.54,0.9818,94,0
IWM191108C160,2019-11-07,2019-11-07 09:31:45,0.56,1.0181,375,0.53,0.9636,103,0.54,0.9818,1,0.545,0.9909,94,0
IWM191108C160,2019-11-07,2019-11-07 09:31:45,0.56,1.0181,457,0.53,0.9636,122,0.54,0.9818,1,0.545,0.9909,94,0
IWM191108C160,2019-11-07,2019-11-07 09:31:46,0.56,1.0181,375,0.53,0.9636,103,0.54,0.9818,1,0.545,0.9909,94,0
IWM191108C160,2019-11-07,2019-11-07 09:31:46,0.56,1.0181,375,0.53,0.9636,93,0.54,0.9818,1,0.545,0.9909,94,0
IWM191108C160,2019-11-07,2019-11-07 09:31:47,0.55,1.0,10,0.54,0.9818,1,0.54,0.9818,1,0.545,0.9909,95,1
IWM191108C160,2019-11-07,2019-11-07 09:31:47,0.55,1.0,10,0.53,0.9636,36,0.54,0.9818,1,0.54,0.9818,95,0
IWM191108C160,2019-11-07,2019-11-07 09:31:48,0.55,1.0,10,0.53,0.9636,101,0.54,0.9818,1,0.54,0.9818,95,0
IWM191108C160,2019-11-07,2019-11-07 09:31:48,0.55,1.0,10,0.53,0.9636,159,0.54,0.9818,1,0.54,0.9818,95,0
IWM191108C160,2019-11-07,2019-11-07 09:31:49,0.55,1.0,10,0.53,0.9636,72,0.54,0.9818,1,0.54,0.9818,95,0
IWM191108C160,2019-11-07,2019-11-07 09:31:49,0.55,1.0,20,0.53,0.9636,72,0.54,0.9818,1,0.54,0.9818,95,0
IWM191108C160,2019-11-07,2019-11-07 09:31:50,0.55,1.0,77,0.53,0.9636,72,0.54,0.9818,1,0.54,0.9818,95,0
IWM191108C160,2019-11-07,2019-11-07 09:31:50,0.55,1.0,10,0.53,0.9636,72,0.54,0.9818,1,0.54,0.9818,95,0
IWM191108C160,2019-11-07,2019-11-07 09:31:51,0.55,1.0,448,0.51,0.9272,97,0.53,0.9636,1,0.53,0.9636,96,1
IWM191108C160,2019-11-07,2019-11-07 09:31:51,0.53,0.9636,30,0.51,0.9272,40,0.53,0.9636,1,0.52,0.9454,96,0
IWM191108C160,2019-11-07,2019-11-07 09:31:52,0.53,0.9636,30,0.51,0.9272,51,0.53,0.9636,1,0.52,0.9454,96,0
IWM191108C160,2019-11-07,2019-11-07 09:31:52,0.54,0.9818,20,0.51,0.9272,169,0.53,0.9636,1,0.525,0.9545,96,0
IWM191108C160,2019-11-07,2019-11-07 09:31:53,0.54,0.9818,7,0.52,0.9454,315,0.53,0.9636,1,0.53,0.9636,96,0
IWM191108C160,2019-11-07,2019-11-07 09:31:53,0.54,0.9818,22,0.51,0.9272,389,0.53,0.9636,1,0.525,0.9545,96,0
IWM191108C160,2019-11-07,2019-11-07 09:31:54,0.54,0.9818,24,0.51,0.9272,658,0.53,0.9636,20,0.525,0.9545,124,20
IWM191108C160,2019-11-07,2019-11-07 09:31:54,0.54,0.9818,24,0.52,0.9454,48,0.54,0.9818,1,0.53,0.9636,104,8
IWM191108C160,2019-11-07,2019-11-07 09:31:55,0.54,0.9818,24,0.52,0.9454,510,0.53,0.9636,20,0.53,0.9636,124,0
IWM191108C160,2019-11-07,2019-11-07 09:31:55,0.54,0.9818,24,0.52,0.9454,315,0.53,0.9636,20,0.53,0.9636,124,0
IWM191108C160,2019-11-07,2019-11-07 09:31:56,0.54,0.9818,24,0.52,0.9454,55,0.53,0.9636,20,0.53,0.9636,124,0
IWM191108C160,2019-11-07,2019-11-07 09:31:56,0.55,1.0,392,0.52,0.9454,172,0.53,0.9636,20,0.535,0.9727,124,0
IWM191108C160,2019-11-07,2019-11-07 09:31:57,0.54,0.9818,10,0.52,0.9454,162,0.53,0.9636,20,0.53,0.9636,124,0
IWM191108C160,2019-11-07,2019-11-07 09:31:57,0.54,0.9818,116,0.51,0.9272,164,0.53,0.9636,20,0.525,0.9545,124,0
IWM191108C160,2019-11-07,2019-11-07 09:31:58,0.53,0.9636,1,0.51,0.9272,137,0.53,0.9636,20,0.52,0.9454,124,0
IWM191108C160,2019-11-07,2019-11-07 09:31:58,0.54,0.9818,438,0.51,0.9272,425,0.53,0.9636,20,0.525,0.9545,124,0
IWM191108C160,2019-11-07,2019-11-07 09:31:59,0.53,0.9636,10,0.51,0.9272,137,0.53,0.9636,20,0.52,0.9454,124,0
IWM191108C160,2019-11-07,2019-11-07 09:32:00,0.53,0.9636,1,0.51,0.9272,100,0.53,0.9636,20,0.52,0.9454,124,0
IWM191108C160,2019-11-07,2019-11-07 09:32:00,0.54,0.9818,204,0.51,0.9272,207,0.53,0.9636,20,0.525,0.9545,124,0
IWM191108C160,2019-11-07,2019-11-07 09:32:01,0.56,1.0181,75,0.53,0.9636,217,0.53,0.9636,20,0.545,0.9909,124,0
IWM191108C160,2019-11-07,2019-11-07 09:32:01,0.56,1.0181,10,0.54,0.9818,27,0.56,1.0181,10,0.55,1.0,134,10
IWM191108C160,2019-11-07,2019-11-07 09:32:02,0.56,1.0181,2,0.54,0.9818,76,0.56,1.0181,10,0.55,1.0,134,0
IWM191108C160,2019-11-07,2019-11-07 09:32:02,0.56,1.0181,10,0.54,0.9818,27,0.56,1.0181,10,0.55,1.0,134,0
IWM191108C160,2019-11-07,2019-11-07 09:32:03,0.56,1.0181,2,0.54,0.9818,75,0.56,1.0181,10,0.55,1.0,134,0
IWM191108C160,2019-11-07,2019-11-07 09:32:03,0.56,1.0181,2,0.54,0.9818,76,0.56,1.0181,10,0.55,1.0,134,0
IWM191108C160,2019-11-07,2019-11-07 09:32:04,0.55,1.0,1,0.53,0.9636,75,0.56,1.0181,10,0.54,0.9818,134,0
IWM191108C160,2019-11-07,2019-11-07 09:32:04,0.56,1.0181,6,0.53,0.9636,411,0.56,1.0181,10,0.545,0.9909,134,0
IWM191108C160,2019-11-07,2019-11-07 09:32:05,0.55,1.0,282,0.52,0.9454,75,0.56,1.0181,10,0.535,0.9727,134,0
IWM191108C160,2019-11-07,2019-11-07 09:32:05,0.55,1.0,154,0.52,0.9454,218,0.56,1.0181,10,0.535,0.9727,134,0
IWM191108C160,2019-11-07,2019-11-07 09:32:06,0.54,0.9818,10,0.52,0.9454,345,0.56,1.0181,10,0.53,0.9636,134,0
IWM191108C160,2019-11-07,2019-11-07 09:32:07,0.54,0.9818,4,0.52,0.9454,537,0.56,1.0181,10,0.53,0.9636,134,0
IWM191108C160,2019-11-07,2019-11-07 09:32:07,0.54,0.9818,10,0.52,0.9454,346,0.56,1.0181,10,0.53,0.9636,134,0
IWM191108C160,2019-11-07,2019-11-07 09:32:08,0.54,0.9818,4,0.52,0.9454,537,0.56,1.0181,10,0.53,0.9636,134,0
IWM191108C160,2019-11-07,2019-11-07 09:32:09,0.54,0.9818,4,0.52,0.9454,200,0.56,1.0181,10,0.53,0.9636,134,0
IWM191108C160,2019-11-07,2019-11-07 09:32:10,0.54,0.9818,259,0.5,0.909,75,0.56,1.0181,10,0.52,0.9454,134,0
IWM191108C160,2019-11-07,2019-11-07 09:32:10,0.54,0.9818,20,0.52,0.9454,10,0.56,1.0181,10,0.53,0.9636,134,0
IWM191108C160,2019-11-07,2019-11-07 09:32:11,0.53,0.9636,525,0.5,0.909,332,0.56,1.0181,10,0.515,0.9363,134,0
IWM191108C160,2019-11-07,2019-11-07 09:32:11,0.53,0.9636,609,0.5,0.909,156,0.56,1.0181,10,0.515,0.9363,134,0
IWM191108C160,2019-11-07,2019-11-07 09:32:12,0.53,0.9636,683,0.5,0.909,332,0.56,1.0181,10,0.515,0.9363,134,0
IWM191108C160,2019-11-07,2019-11-07 09:32:13,0.55,1.0,87,0.52,0.9454,115,0.56,1.0181,10,0.535,0.9727,134,0
IWM191108C160,2019-11-07,2019-11-07 09:32:13,0.52,0.9454,5,0.51,0.9272,108,0.56,1.0181,10,0.515,0.9363,134,0
IWM191108C160,2019-11-07,2019-11-07 09:32:14,0.55,1.0,464,0.52,0.9454,240,0.56,1.0181,10,0.535,0.9727,134,0
IWM191108C160,2019-11-07,2019-11-07 09:32:14,0.54,0.9818,22,0.52,0.9454,113,0.56,1.0181,10,0.53,0.9636,134,0
IWM191108C160,2019-11-07,2019-11-07 09:32:15,0.55,1.0,239,0.52,0.9454,120,0.56,1.0181,10,0.535,0.9727,134,0
IWM191108C160,2019-11-07,2019-11-07 09:32:15,0.54,0.9818,13,0.52,0.9454,113,0.56,1.0181,10,0.53,0.9636,134,0
IWM191108C160,2019-11-07,2019-11-07 09:32:16,0.54,0.9818,25,0.52,0.9454,109,0.56,1.0181,10,0.53,0.9636,134,0
IWM191108C160,2019-11-07,2019-11-07 09:32:16,0.54,0.9818,79,0.51,0.9272,510,0.56,1.0181,10,0.525,0.9545,134,0
IWM191108C160,2019-11-07,2019-11-07 09:32:17,0.54,0.9818,24,0.52,0.9454,75,0.56,1.0181,10,0.53,0.9636,134,0
IWM191108C160,2019-11-07,2019-11-07 09:32:17,0.54,0.9818,79,0.51,0.9272,218,0.56,1.0181,10,0.525,0.9545,134,0
IWM191108C160,2019-11-07,2019-11-07 09:32:18,0.54,0.9818,424,0.51,0.9272,241,0.56,1.0181,10,0.525,0.9545,134,0
IWM191108C160,2019-11-07,2019-11-07 09:32:18,0.54,0.9818,424,0.51,0.9272,218,0.56,1.0181,10,0.525,0.9545,134,0
IWM191108C160,2019-11-07,2019-11-07 09:32:19,0.53,0.9636,20,0.51,0.9272,79,0.56,1.0181,10,0.52,0.9454,134,0
IWM191108C160,2019-11-07,2019-11-07 09:32:19,0.54,0.9818,424,0.51,0.9272,241,0.56,1.0181,10,0.525,0.9545,134,0
IWM191108C160,2019-11-07,2019-11-07 09:32:20,0.53,0.9636,20,0.51,0.9272,79,0.56,1.0181,10,0.52,0.9454,134,0
IWM191108C160,2019-11-07,2019-11-07 09:32:20,0.53,0.9636,20,0.5,0.909,75,0.56,1.0181,10,0.515,0.9363,134,0
IWM191108C160,2019-11-07,2019-11-07 09:32:21,0.52,0.9454,646,0.49,0.8909,357,0.56,1.0181,10,0.505,0.9181,134,0
IWM191108C160,2019-11-07,2019-11-07 09:32:21,0.52,0.9454,75,0.5,0.909,75,0.56,1.0181,10,0.51,0.9272,134,0
IWM191108C160,2019-11-07,2019-11-07 09:32:22,0.52,0.9454,61,0.49,0.8909,389,0.56,1.0181,10,0.505,0.9181,134,0
IWM191108C160,2019-11-07,2019-11-07 09:32:22,0.52,0.9454,646,0.49,0.8909,357,0.56,1.0181,10,0.505,0.9181,134,0
IWM191108C160,2019-11-07,2019-11-07 09:32:23,0.52,0.9454,65,0.49,0.8909,389,0.56,1.0181,10,0.505,0.9181,134,0
IWM191108C160,2019-11-07,2019-11-07 09:32:23,0.52,0.9454,43,0.49,0.8909,389,0.56,1.0181,10,0.505,0.9181,134,0
IWM191108C160,2019-11-07,2019-11-07 09:32:24,0.52,0.9454,5,0.5,0.909,319,0.56,1.0181,10,0.51,0.9272,134,0
IWM191108C160,2019-11-07,2019-11-07 09:32:25,0.53,0.9636,98,0.5,0.909,385,0.56,1.0181,10,0.515,0.9363,134,0
IWM191108C160,2019-11-07,2019-11-07 09:32:25,0.53,0.9636,137,0.5,0.909,490,0.56,1.0181,10,0.515,0.9363,134,0
IWM191108C160,2019-11-07,2019-11-07 09:32:26,0.53,0.9636,20,0.51,0.9272,78,0.56,1.0181,10,0.52,0.9454,134,0
IWM191108C160,2019-11-07,2019-11-07 09:32:26,0.53,0.9636,20,0.5,0.909,490,0.56,1.0181,10,0.515,0.9363,134,0
IWM191108C160,2019-11-07,2019-11-07 09:32:27,0.53,0.9636,50,0.5,0.909,423,0.56,1.0181,10,0.515,0.9363,134,0
IWM191108C160,2019-11-07,2019-11-07 09:32:27,0.53,0.9636,20,0.5,0.909,501,0.56,1.0181,10,0.515,0.9363,134,0
IWM191108C160,2019-11-07,2019-11-07 09:32:28,0.53,0.9636,50,0.5,0.909,423,0.56,1.0181,10,0.515,0.9363,134,0
IWM191108C160,2019-11-07,2019-11-07 09:32:28,0.53,0.9636,24,0.51,0.9272,75,0.56,1.0181,10,0.52,0.9454,134,0
IWM191108C160,2019-11-07,2019-11-07 09:32:29,0.53,0.9636,24,0.51,0.9272,75,0.56,1.0181,10,0.52,0.9454,134,0
IWM191108C160,2019-11-07,2019-11-07 09:32:29,0.53,0.9636,24,0.51,0.9272,239,0.56,1.0181,10,0.52,0.9454,134,0
IWM191108C160,2019-11-07,2019-11-07 09:32:30,0.53,0.9636,96,0.5,0.909,278,0.56,1.0181,10,0.515,0.9363,134,0
IWM191108C160,2019-11-07,2019-11-07 09:32:30,0.53,0.9636,96,0.5,0.909,392,0.56,1.0181,10,0.515,0.9363,134,0
IWM191108C160,2019-11-07,2019-11-07 09:32:31,0.53,0.9636,395,0.5,0.909,384,0.56,1.0181,10,0.515,0.9363,134,0
IWM191108C160,2019-11-07,2019-11-07 09:32:31,0.53,0.9636,289,0.5,0.909,494,0.56,1.0181,10,0.515,0.9363,134,0
IWM191108C160,2019-11-07,2019-11-07 09:32:32,0.52,0.9454,22,0.5,0.909,384,0.56,1.0181,10,0.51,0.9272,134,0
IWM191108C160,2019-11-07,2019-11-07 09:32:32,0.52,0.9454,13,0.5,0.909,384,0.56,1.0181,10,0.51,0.9272,134,0
IWM191108C160,2019-11-07,2019-11-07 09:32:33,0.52,0.9454,32,0.5,0.909,156,0.56,1.0181,10,0.51,0.9272,134,0
IWM191108C160,2019-11-07,2019-11-07 09:32:33,0.52,0.9454,47,0.51,0.9272,75,0.56,1.0181,10,0.515,0.9363,134,0
IWM191108C160,2019-11-07,2019-11-07 09:32:34,0.54,0.9818,64,0.51,0.9272,371,0.56,1.0181,10,0.525,0.9545,134,0
IWM191108C160,2019-11-07,2019-11-07 09:32:34,0.54,0.9818,22,0.51,0.9272,371,0.56,1.0181,10,0.525,0.9545,134,0
IWM191108C160,2019-11-07,2019-11-07 09:32:35,0.54,0.9818,22,0.51,0.9272,163,0.56,1.0181,10,0.525,0.9545,134,0
IWM191108C160,2019-11-07,2019-11-07 09:32:35,0.55,1.0,36,0.53,0.9636,25,0.56,1.0181,10,0.54,0.9818,134,0
IWM191108C160,2019-11-07,2019-11-07 09:32:36,0.56,1.0181,4,0.54,0.9818,4,0.56,1.0181,10,0.55,1.0,224,90
IWM191108C160,2019-11-07,2019-11-07 09:32:36,0.55,1.0,43,0.53,0.9636,104,0.56,1.0181,10,0.54,0.9818,134,0
IWM191108C160,2019-11-07,2019-11-07 09:32:37,0.56,1.0181,20,0.54,0.9818,4,0.55,1.0,10,0.55,1.0,224,0
IWM191108C160,2019-11-07,2019-11-07 09:32:37,0.56,1.0181,20,0.54,0.9818,4,0.56,1.0181,10,0.55,1.0,224,0
IWM191108C160,2019-11-07,2019-11-07 09:32:38,0.57,1.0363,11,0.54,0.9818,483,0.55,1.0,1,0.555,1.009,382,158
IWM191108C160,2019-11-07,2019-11-07 09:32:38,0.56,1.0181,1,0.54,0.9818,392,0.55,1.0,1,0.55,1.0,384,2
IWM191108C160,2019-11-07,2019-11-07 09:32:39,0.56,1.0181,10,0.54,0.9818,417,0.55,1.0,1,0.55,1.0,384,0
IWM191108C160,2019-11-07,2019-11-07 09:32:39,0.56,1.0181,10,0.54,0.9818,376,0.55,1.0,1,0.55,1.0,384,0
IWM191108C160,2019-11-07,2019-11-07 09:32:40,0.56,1.0181,20,0.54,0.9818,99,0.55,1.0,1,0.55,1.0,384,0
IWM191108C160,2019-11-07,2019-11-07 09:32:41,0.57,1.0363,78,0.54,0.9818,539,0.55,1.0,1,0.555,1.009,384,0
IWM191108C160,2019-11-07,2019-11-07 09:32:41,0.56,1.0181,1,0.54,0.9818,481,0.55,1.0,1,0.55,1.0,384,0
IWM191108C160,2019-11-07,2019-11-07 09:32:42,0.56,1.0181,10,0.54,0.9818,481,0.55,1.0,1,0.55,1.0,384,0
IWM191108C160,2019-11-07,2019-11-07 09:32:42,0.56,1.0181,22,0.54,0.9818,481,0.55,1.0,1,0.55,1.0,384,0
IWM191108C160,2019-11-07,2019-11-07 09:32:43,0.56,1.0181,674,0.53,0.9636,121,0.55,1.0,1,0.545,0.9909,384,0
IWM191108C160,2019-11-07,2019-11-07 09:32:43,0.56,1.0181,181,0.53,0.9636,115,0.55,1.0,1,0.545,0.9909,384,0
IWM191108C160,2019-11-07,2019-11-07 09:32:44,0.54,0.9818,17,0.52,0.9454,114,0.55,1.0,1,0.53,0.9636,384,0
IWM191108C160,2019-11-07,2019-11-07 09:32:44,0.55,1.0,572,0.52,0.9454,361,0.55,1.0,1,0.535,0.9727,384,0
IWM191108C160,2019-11-07,2019-11-07 09:32:45,0.54,0.9818,43,0.52,0.9454,23,0.55,1.0,1,0.53,0.9636,384,0
IWM191108C160,2019-11-07,2019-11-07 09:32:45,0.54,0.9818,63,0.52,0.9454,114,0.55,1.0,1,0.53,0.9636,384,0
IWM191108C160,2019-11-07,2019-11-07 09:32:46,0.54,0.9818,29,0.52,0.9454,98,0.55,1.0,1,0.53,0.9636,384,0
IWM191108C160,2019-11-07,2019-11-07 09:32:46,0.54,0.9818,48,0.52,0.9454,23,0.55,1.0,1,0.53,0.9636,384,0
IWM191108C160,2019-11-07,2019-11-07 09:32:47,0.54,0.9818,28,0.52,0.9454,103,0.55,1.0,1,0.53,0.9636,384,0
IWM191108C160,2019-11-07,2019-11-07 09:32:48,0.53,0.9636,1,0.52,0.9454,289,0.55,1.0,1,0.525,0.9545,384,0
IWM191108C160,2019-11-07,2019-11-07 09:32:48,0.54,0.9818,28,0.52,0.9454,115,0.55,1.0,1,0.53,0.9636,384,0
IWM191108C160,2019-11-07,2019-11-07 09:32:49,0.54,0.9818,26,0.52,0.9454,289,0.55,1.0,1,0.53,0.9636,384,0
IWM191108C160,2019-11-07,2019-11-07 09:32:49,0.54,0.9818,31,0.52,0.9454,289,0.55,1.0,1,0.53,0.9636,384,0
IWM191108C160,2019-11-07,2019-11-07 09:32:50,0.53,0.9636,7,0.51,0.9272,612,0.55,1.0,1,0.52,0.9454,384,0
IWM191108C160,2019-11-07,2019-11-07 09:32:50,0.54,0.9818,36,0.51,0.9272,281,0.55,1.0,1,0.525,0.9545,384,0
IWM191108C160,2019-11-07,2019-11-07 09:32:51,0.53,0.9636,10,0.51,0.9272,612,0.55,1.0,1,0.52,0.9454,384,0
IWM191108C160,2019-11-07,2019-11-07 09:32:51,0.53,0.9636,23,0.51,0.9272,109,0.55,1.0,1,0.52,0.9454,384,0
IWM191108C160,2019-11-07,2019-11-07 09:32:52,0.53,0.9636,23,0.51,0.9272,409,0.55,1.0,1,0.52,0.9454,384,0
IWM191108C160,2019-11-07,2019-11-07 09:32:52,0.54,0.9818,75,0.52,0.9454,20,0.55,1.0,1,0.53,0.9636,384,0
IWM191108C160,2019-11-07,2019-11-07 09:32:53,0.54,0.9818,107,0.51,0.9272,572,0.55,1.0,1,0.525,0.9545,384,0
IWM191108C160,2019-11-07,2019-11-07 09:32:53,0.53,0.9636,1,0.52,0.9454,20,0.55,1.0,1,0.525,0.9545,384,0
IWM191108C160,2019-11-07,2019-11-07 09:32:54,0.53,0.9636,22,0.52,0.9454,4,0.55,1.0,1,0.525,0.9545,384,0
IWM191108C160,2019-11-07,2019-11-07 09:32:54,0.53,0.9636,22,0.52,0.9454,5,0.55,1.0,1,0.525,0.9545,384,0
IWM191108C160,2019-11-07,2019-11-07 09:32:55,0.53,0.9636,22,0.51,0.9272,501,0.55,1.0,1,0.52,0.9454,384,0
IWM191108C160,2019-11-07,2019-11-07 09:32:55,0.53,0.9636,25,0.51,0.9272,316,0.55,1.0,1,0.52,0.9454,384,0
IWM191108C160,2019-11-07,2019-11-07 09:32:56,0.53,0.9636,61,0.51,0.9272,385,0.55,1.0,1,0.52,0.9454,384,0
IWM191108C160,2019-11-07,2019-11-07 09:32:56,0.53,0.9636,25,0.51,0.9272,385,0.55,1.0,1,0.52,0.9454,384,0
IWM191108C160,2019-11-07,2019-11-07 09:32:57,0.53,0.9636,22,0.51,0.9272,479,0.55,1.0,1,0.52,0.9454,384,0
IWM191108C160,2019-11-07,2019-11-07 09:32:58,0.54,0.9818,79,0.52,0.9454,101,0.55,1.0,1,0.53,0.9636,384,0
IWM191108C160,2019-11-07,2019-11-07 09:32:59,0.53,0.9636,2,0.52,0.9454,94,0.55,1.0,1,0.525,0.9545,384,0
IWM191108C160,2019-11-07,2019-11-07 09:32:59,0.55,1.0,79,0.53,0.9636,5,0.55,1.0,1,0.54,0.9818,384,0
IWM191108C160,2019-11-07,2019-11-07 09:33:00,0.56,1.0181,5,0.53,0.9636,5,0.55,1.0,1,0.545,0.9909,384,0
IWM191108C160,2019-11-07,2019-11-07 09:33:01,0.56,1.0181,97,0.53,0.9636,157,0.55,1.0,1,0.545,0.9909,384,0
IWM191108C160,2019-11-07,2019-11-07 09:33:02,0.55,1.0,20,0.53,0.9636,405,0.55,1.0,1,0.54,0.9818,384,0
IWM191108C160,2019-11-07,2019-11-07 09:33:07,0.57,1.0363,20,0.55,1.0,200,0.55,1.0,1,0.56,1.0181,384,0
IWM191108C160,2019-11-07,2019-11-07 09:33:10,0.57,1.0363,4,0.56,1.0181,6,0.55,1.0,1,0.565,1.0272,384,0
IWM191108C160,2019-11-07,2019-11-07 09:33:12,0.58,1.0545,276,0.55,1.0,280,0.55,1.0,1,0.565,1.0272,384,0
IWM191108C160,2019-11-07,2019-11-07 09:33:13,0.59,1.0727,393,0.56,1.0181,164,0.55,1.0,1,0.575,1.0454,384,0
IWM191108C160,2019-11-07,2019-11-07 09:33:14,0.58,1.0545,21,0.56,1.0181,282,0.55,1.0,1,0.57,1.0363,384,0
IWM191108C160,2019-11-07,2019-11-07 09:33:14,0.58,1.0545,21,0.56,1.0181,221,0.55,1.0,1,0.57,1.0363,384,0
IWM191108C160,2019-11-07,2019-11-07 09:33:15,0.58,1.0545,44,0.56,1.0181,221,0.55,1.0,1,0.57,1.0363,384,0
IWM191108C160,2019-11-07,2019-11-07 09:33:16,0.58,1.0545,44,0.56,1.0181,221,0.55,1.0,1,0.57,1.0363,384,0
IWM191108C160,2019-11-07,2019-11-07 09:33:17,0.58,1.0545,34,0.56,1.0181,282,0.55,1.0,1,0.57,1.0363,384,0
IWM191108C160,2019-11-07,2019-11-07 09:33:18,0.58,1.0545,30,0.56,1.0181,88,0.55,1.0,1,0.57,1.0363,384,0
IWM191108C160,2019-11-07,2019-11-07 09:33:18,0.58,1.0545,105,0.56,1.0181,84,0.55,1.0,1,0.57,1.0363,384,0
IWM191108C160,2019-11-07,2019-11-07 09:33:19,0.57,1.0363,22,0.56,1.0181,8,0.57,1.0363,1,0.565,1.0272,385,0
IWM191108C160,2019-11-07,2019-11-07 09:33:19,0.58,1.0545,105,0.56,1.0181,105,0.57,1.0363,1,0.57,1.0363,385,1
IWM191108C160,2019-11-07,2019-11-07 09:33:20,0.58,1.0545,154,0.55,1.0,250,0.57,1.0363,1,0.565,1.0272,385,0
IWM191108C160,2019-11-07,2019-11-07 09:33:20,0.58,1.0545,118,0.56,1.0181,82,0.57,1.0363,1,0.57,1.0363,385,0
IWM191108C160,2019-11-07,2019-11-07 09:33:21,0.56,1.0181,22,0.55,1.0,8,0.57,1.0363,1,0.555,1.009,385,0
IWM191108C160,2019-11-07,2019-11-07 09:33:21,0.57,1.0363,49,0.56,1.0181,11,0.57,1.0363,1,0.565,1.0272,385,0
IWM191108C160,2019-11-07,2019-11-07 09:33:22,0.56,1.0181,22,0.54,0.9818,258,0.57,1.0363,1,0.55,1.0,385,0
IWM191108C160,2019-11-07,2019-11-07 09:33:22,0.56,1.0181,12,0.54,0.9818,438,0.57,1.0363,1,0.55,1.0,385,0
IWM191108C160,2019-11-07,2019-11-07 09:33:23,0.56,1.0181,409,0.53,0.9636,128,0.57,1.0363,1,0.545,0.9909,385,0
IWM191108C160,2019-11-07,2019-11-07 09:33:23,0.55,1.0,22,0.53,0.9636,6,0.57,1.0363,1,0.54,0.9818,385,0
IWM191108C160,2019-11-07,2019-11-07 09:33:24,0.54,0.9818,45,0.52,0.9454,359,0.57,1.0363,1,0.53,0.9636,385,0
IWM191108C160,2019-11-07,2019-11-07 09:33:24,0.55,1.0,32,0.52,0.9454,508,0.57,1.0363,1,0.535,0.9727,385,0
IWM191108C160,2019-11-07,2019-11-07 09:33:25,0.54,0.9818,45,0.52,0.9454,443,0.57,1.0363,1,0.53,0.9636,385,0
IWM191108C160,2019-11-07,2019-11-07 09:33:25,0.53,0.9636,20,0.52,0.9454,27,0.57,1.0363,1,0.525,0.9545,385,0
IWM191108C160,2019-11-07,2019-11-07 09:33:26,0.53,0.9636,78,0.52,0.9454,122,0.57,1.0363,1,0.525,0.9545,385,0
IWM191108C160,2019-11-07,2019-11-07 09:33:26,0.53,0.9636,20,0.51,0.9272,236,0.57,1.0363,1,0.52,0.9454,385,0
IWM191108C160,2019-11-07,2019-11-07 09:33:27,0.53,0.9636,78,0.52,0.9454,122,0.57,1.0363,1,0.525,0.9545,385,0
IWM191108C160,2019-11-07,2019-11-07 09:33:27,0.53,0.9636,78,0.52,0.9454,252,0.57,1.0363,1,0.525,0.9545,385,0
IWM191108C160,2019-11-07,2019-11-07 09:33:28,0.54,0.9818,19,0.52,0.9454,122,0.57,1.0363,1,0.53,0.9636,385,0
IWM191108C160,2019-11-07,2019-11-07 09:33:28,0.53,0.9636,10,0.52,0.9454,110,0.57,1.0363,1,0.525,0.9545,385,0
IWM191108C160,2019-11-07,2019-11-07 09:33:29,0.55,1.0,45,0.53,0.9636,108,0.57,1.0363,1,0.54,0.9818,385,0
IWM191108C160,2019-11-07,2019-11-07 09:33:30,0.55,1.0,412,0.51,0.9272,492,0.57,1.0363,1,0.53,0.9636,385,0
IWM191108C160,2019-11-07,2019-11-07 09:33:30,0.54,0.9818,115,0.51,0.9272,422,0.57,1.0363,1,0.525,0.9545,385,0
IWM191108C160,2019-11-07,2019-11-07 09:33:31,0.53,0.9636,32,0.51,0.9272,417,0.57,1.0363,1,0.52,0.9454,385,0
IWM191108C160,2019-11-07,2019-11-07 09:33:31,0.53,0.9636,42,0.51,0.9272,75,0.57,1.0363,1,0.52,0.9454,385,0
IWM191108C160,2019-11-07,2019-11-07 09:33:32,0.54,0.9818,96,0.52,0.9454,58,0.57,1.0363,1,0.53,0.9636,385,0
IWM191108C160,2019-11-07,2019-11-07 09:33:32,0.53,0.9636,53,0.52,0.9454,58,0.57,1.0363,1,0.525,0.9545,385,0
IWM191108C160,2019-11-07,2019-11-07 09:33:33,0.55,1.0,79,0.52,0.9454,133,0.57,1.0363,1,0.535,0.9727,385,0
IWM191108C160,2019-11-07,2019-11-07 09:33:33,0.55,1.0,52,0.53,0.9636,27,0.57,1.0363,1,0.54,0.9818,385,0
IWM191108C160,2019-11-07,2019-11-07 09:33:34,0.55,1.0,50,0.53,0.9636,104,0.57,1.0363,1,0.54,0.9818,385,0
IWM191108C160,2019-11-07,2019-11-07 09:33:35,0.55,1.0,50,0.53,0.9636,389,0.57,1.0363,1,0.54,0.9818,385,0
IWM191108C160,2019-11-07,2019-11-07 09:33:36,0.55,1.0,50,0.53,0.9636,389,0.57,1.0363,1,0.54,0.9818,385,0
IWM191108C160,2019-11-07,2019-11-07 09:33:37,0.55,1.0,120,0.52,0.9454,458,0.57,1.0363,1,0.535,0.9727,385,0
IWM191108C160,2019-11-07,2019-11-07 09:33:37,0.54,0.9818,10,0.52,0.9454,458,0.57,1.0363,1,0.53,0.9636,385,0
IWM191108C160,2019-11-07,2019-11-07 09:33:38,0.55,1.0,100,0.51,0.9272,147,0.57,1.0363,1,0.53,0.9636,385,0
IWM191108C160,2019-11-07,2019-11-07 09:33:38,0.55,1.0,121,0.52,0.9454,458,0.57,1.0363,1,0.535,0.9727,385,0
IWM191108C160,2019-11-07,2019-11-07 09:33:39,0.53,0.9636,20,0.51,0.9272,387,0.57,1.0363,1,0.52,0.9454,385,0
IWM191108C160,2019-11-07,2019-11-07 09:33:39,0.55,1.0,100,0.51,0.9272,387,0.57,1.0363,1,0.53,0.9636,385,0
IWM191108C160,2019-11-07,2019-11-07 09:33:40,0.52,0.9454,10,0.5,0.909,472,0.57,1.0363,1,0.51,0.9272,385,0
IWM191108C160,2019-11-07,2019-11-07 09:33:40,0.53,0.9636,11,0.51,0.9272,217,0.57,1.0363,1,0.52,0.9454,385,0
IWM191108C160,2019-11-07,2019-11-07 09:33:41,0.52,0.9454,20,0.5,0.909,307,0.57,1.0363,1,0.51,0.9272,385,0
IWM191108C160,2019-11-07,2019-11-07 09:33:41,0.53,0.9636,530,0.5,0.909,472,0.57,1.0363,1,0.515,0.9363,385,0
IWM191108C160,2019-11-07,2019-11-07 09:33:42,0.52,0.9454,30,0.49,0.8909,458,0.57,1.0363,1,0.505,0.9181,385,0
IWM191108C160,2019-11-07,2019-11-07 09:33:42,0.52,0.9454,20,0.5,0.909,307,0.57,1.0363,1,0.51,0.9272,385,0
IWM191108C160,2019-11-07,2019-11-07 09:33:43,0.52,0.9454,88,0.49,0.8909,468,0.57,1.0363,1,0.505,0.9181,385,0
IWM191108C160,2019-11-07,2019-11-07 09:33:43,0.52,0.9454,215,0.49,0.8909,168,0.57,1.0363,1,0.505,0.9181,385,0
IWM191108C160,2019-11-07,2019-11-07 09:33:44,0.52,0.9454,492,0.49,0.8909,418,0.57,1.0363,1,0.505,0.9181,385,0
IWM191108C160,2019-11-07,2019-11-07 09:33:44,0.52,0.9454,467,0.49,0.8909,168,0.57,1.0363,1,0.505,0.9181,385,0
IWM191108C160,2019-11-07,2019-11-07 09:33:45,0.51,0.9272,20,0.49,0.8909,24,0.57,1.0363,1,0.5,0.909,385,0
IWM191108C160,2019-11-07,2019-11-07 09:33:45,0.51,0.9272,22,0.49,0.8909,31,0.57,1.0363,1,0.5,0.909,385,0
IWM191108C160,2019-11-07,2019-11-07 09:33:46,0.51,0.9272,3,0.49,0.8909,488,0.57,1.0363,1,0.5,0.909,385,0
IWM191108C160,2019-11-07,2019-11-07 09:33:46,0.51,0.9272,3,0.49,0.8909,480,0.57,1.0363,1,0.5,0.909,385,0
IWM191108C160,2019-11-07,2019-11-07 09:33:47,0.51,0.9272,3,0.49,0.8909,278,0.57,1.0363,1,0.5,0.909,385,0
IWM191108C160,2019-11-07,2019-11-07 09:33:47,0.51,0.9272,3,0.5,0.909,200,0.57,1.0363,1,0.505,0.9181,385,0
IWM191108C160,2019-11-07,2019-11-07 09:33:48,0.51,0.9272,18,0.48,0.8727,75,0.57,1.0363,1,0.495,0.9,385,0
IWM191108C160,2019-11-07,2019-11-07 09:33:48,0.51,0.9272,7,0.5,0.909,81,0.57,1.0363,1,0.505,0.9181,385,0
IWM191108C160,2019-11-07,2019-11-07 09:33:49,0.51,0.9272,433,0.48,0.8727,89,0.57,1.0363,1,0.495,0.9,388,3
IWM191108C160,2019-11-07,2019-11-07 09:33:49,0.49,0.8909,20,0.48,0.8727,1,0.48,0.8727,3,0.485,0.8818,388,0
IWM191108C160,2019-11-07,2019-11-07 09:33:50,0.5,0.909,208,0.47,0.8545,200,0.48,0.8727,3,0.485,0.8818,388,0
IWM191108C160,2019-11-07,2019-11-07 09:33:51,0.49,0.8909,48,0.47,0.8545,200,0.48,0.8727,3,0.48,0.8727,388,0
IWM191108C160,2019-11-07,2019-11-07 09:33:51,0.49,0.8909,52,0.47,0.8545,200,0.48,0.8727,3,0.48,0.8727,388,0
IWM191108C160,2019-11-07,2019-11-07 09:33:52,0.49,0.8909,71,0.47,0.8545,381,0.48,0.8727,3,0.48,0.8727,388,0
IWM191108C160,2019-11-07,2019-11-07 09:33:52,0.49,0.8909,93,0.47,0.8545,381,0.48,0.8727,3,0.48,0.8727,388,0
IWM191108C160,2019-11-07,2019-11-07 09:33:53,0.5,0.909,21,0.48,0.8727,124,0.48,0.8727,3,0.49,0.8909,388,0
IWM191108C160,2019-11-07,2019-11-07 09:33:54,0.5,0.909,33,0.48,0.8727,243,0.48,0.8727,3,0.49,0.8909,388,0
IWM191108C160,2019-11-07,2019-11-07 09:33:55,0.5,0.909,60,0.48,0.8727,85,0.48,0.8727,3,0.49,0.8909,388,0
IWM191108C160,2019-11-07,2019-11-07 09:33:55,0.5,0.909,18,0.48,0.8727,456,0.48,0.8727,3,0.49,0.8909,388,0
IWM191108C160,2019-11-07,2019-11-07 09:33:56,0.5,0.909,20,0.48,0.8727,478,0.48,0.8727,3,0.49,0.8909,388,0
IWM191108C160,2019-11-07,2019-11-07 09:33:57,0.5,0.909,20,0.48,0.8727,478,0.48,0.8727,3,0.49,0.8909,388,0
IWM191108C160,2019-11-07,2019-11-07 09:33:58,0.5,0.909,20,0.48,0.8727,200,0.48,0.8727,3,0.49,0.8909,388,0
IWM191108C160,2019-11-07,2019-11-07 09:33:58,0.5,0.909,20,0.48,0.8727,478,0.48,0.8727,3,0.49,0.8909,388,0
IWM191108C160,2019-11-07,2019-11-07 09:33:59,0.5,0.909,21,0.48,0.8727,421,0.48,0.8727,3,0.49,0.8909,388,0
IWM191108C160,2019-11-07,2019-11-07 09:33:59,0.5,0.909,21,0.48,0.8727,234,0.48,0.8727,3,0.49,0.8909,388,0
IWM191108C160,2019-11-07,2019-11-07 09:34:00,0.49,0.8909,11,0.47,0.8545,152,0.48,0.8727,3,0.48,0.8727,388,0
IWM191108C160,2019-11-07,2019-11-07 09:34:00,0.49,0.8909,23,0.47,0.8545,51,0.48,0.8727,3,0.48,0.8727,388,0
IWM191108C160,2019-11-07,2019-11-07 09:34:01,0.49,0.8909,216,0.47,0.8545,106,0.48,0.8727,3,0.48,0.8727,388,0
IWM191108C160,2019-11-07,2019-11-07 09:34:04,0.49,0.8909,6,0.48,0.8727,90,0.48,0.8727,3,0.485,0.8818,388,0
IWM191108C160,2019-11-07,2019-11-07 09:34:04,0.51,0.9272,356,0.48,0.8727,283,0.48,0.8727,3,0.495,0.9,388,0
IWM191108C160,2019-11-07,2019-11-07 09:34:05,0.51,0.9272,356,0.49,0.8909,10,0.48,0.8727,3,0.5,0.909,388,0
IWM191108C160,2019-11-07,2019-11-07 09:34:05,0.51,0.9272,364,0.49,0.8909,22,0.48,0.8727,3,0.5,0.909,388,0
IWM191108C160,2019-11-07,2019-11-07 09:34:06,0.51,0.9272,239,0.49,0.8909,114,0.48,0.8727,3,0.5,0.909,388,0
IWM191108C160,2019-11-07,2019-11-07 09:34:06,0.51,0.9272,434,0.49,0.8909,82,0.48,0.8727,3,0.5,0.909,388,0
IWM191108C160,2019-11-07,2019-11-07 09:34:07,0.51,0.9272,239,0.49,0.8909,239,0.48,0.8727,3,0.5,0.909,388,0
IWM191108C160,2019-11-07,2019-11-07 09:34:08,0.51,0.9272,315,0.49,0.8909,239,0.48,0.8727,3,0.5,0.909,388,0
IWM191108C160,2019-11-07,2019-11-07 09:34:08,0.51,0.9272,298,0.48,0.8727,444,0.48,0.8727,3,0.495,0.9,388,0
IWM191108C160,2019-11-07,2019-11-07 09:34:09,0.5,0.909,406,0.47,0.8545,397,0.48,0.8727,3,0.485,0.8818,388,0
IWM191108C160,2019-11-07,2019-11-07 09:34:09,0.5,0.909,14,0.48,0.8727,200,0.48,0.8727,3,0.49,0.8909,388,0
IWM191108C160,2019-11-07,2019-11-07 09:34:10,0.49,0.8909,14,0.47,0.8545,83,0.48,0.8727,3,0.48,0.8727,388,0
IWM191108C160,2019-11-07,2019-11-07 09:34:10,0.49,0.8909,83,0.47,0.8545,98,0.48,0.8727,3,0.48,0.8727,388,0
IWM191108C160,2019-11-07,2019-11-07 09:34:11,0.49,0.8909,89,0.47,0.8545,382,0.48,0.8727,3,0.48,0.8727,388,0
IWM191108C160,2019-11-07,2019-11-07 09:34:11,0.49,0.8909,114,0.47,0.8545,382,0.48,0.8727,3,0.48,0.8727,388,0
IWM191108C160,2019-11-07,2019-11-07 09:34:12,0.49,0.8909,412,0.47,0.8545,114,0.48,0.8727,3,0.48,0.8727,388,0
IWM191108C160,2019-11-07,2019-11-07 09:34:12,0.49,0.8909,89,0.47,0.8545,382,0.48,0.8727,3,0.48,0.8727,388,0
IWM191108C160,2019-11-07,2019-11-07 09:34:13,0.49,0.8909,271,0.47,0.8545,16,0.48,0.8727,3,0.48,0.8727,388,0
IWM191108C160,2019-11-07,2019-11-07 09:34:14,0.49,0.8909,215,0.47,0.8545,223,0.48,0.8727,3,0.48,0.8727,388,0
IWM191108C160,2019-11-07,2019-11-07 09:34:15,0.49,0.8909,272,0.47,0.8545,319,0.48,0.8727,3,0.48,0.8727,388,0
IWM191108C160,2019-11-07,2019-11-07 09:34:15,0.49,0.8909,291,0.47,0.8545,299,0.48,0.8727,3,0.48,0.8727,388,0
IWM191108C160,2019-11-07,2019-11-07 09:34:16,0.48,0.8727,22,0.47,0.8545,8,0.48,0.8727,3,0.475,0.8636,388,0
IWM191108C160,2019-11-07,2019-11-07 09:34:17,0.5,0.909,20,0.48,0.8727,487,0.48,0.8727,3,0.49,0.8909,388,0
IWM191108C160,2019-11-07,2019-11-07 09:34:17,0.49,0.8909,11,0.48,0.8727,104,0.48,0.8727,3,0.485,0.8818,388,0
IWM191108C160,2019-11-07,2019-11-07 09:34:18,0.5,0.909,34,0.49,0.8909,6,0.48,0.8727,3,0.495,0.9,388,0
IWM191108C160,2019-11-07,2019-11-07 09:34:18,0.5,0.909,28,0.49,0.8909,6,0.48,0.8727,3,0.495,0.9,388,0
IWM191108C160,2019-11-07,2019-11-07 09:34:19,0.5,0.909,34,0.49,0.8909,6,0.48,0.8727,3,0.495,0.9,388,0
IWM191108C160,2019-11-07,2019-11-07 09:34:20,0.5,0.909,38,0.48,0.8727,549,0.48,0.8727,3,0.49,0.8909,388,0
IWM191108C160,2019-11-07,2019-11-07 09:34:21,0.5,0.909,2,0.49,0.8909,115,0.48,0.8727,3,0.495,0.9,388,0
IWM191108C160,2019-11-07,2019-11-07 09:34:22,0.5,0.909,19,0.49,0.8909,91,0.48,0.8727,3,0.495,0.9,388,0
IWM191108C160,2019-11-07,2019-11-07 09:34:22,0.5,0.909,2,0.49,0.8909,115,0.48,0.8727,3,0.495,0.9,388,0
IWM191108C160,2019-11-07,2019-11-07 09:34:23,0.51,0.9272,10,0.5,0.909,1,0.51,0.9272,10,0.505,0.9181,400,12
IWM191108C160,2019-11-07,2019-11-07 09:34:23,0.51,0.9272,10,0.49,0.8909,477,0.51,0.9272,10,0.5,0.909,400,0
IWM191108C160,2019-11-07,2019-11-07 09:34:24,0.5,0.909,10,0.49,0.8909,107,0.51,0.9272,10,0.495,0.9,400,0
IWM191108C160,2019-11-07,2019-11-07 09:34:24,0.51,0.9272,59,0.49,0.8909,75,0.51,0.9272,10,0.5,0.909,400,0
IWM191108C160,2019-11-07,2019-11-07 09:34:25,0.5,0.909,10,0.49,0.8909,224,0.51,0.9272,10,0.495,0.9,400,0
IWM191108C160,2019-11-07,2019-11-07 09:34:25,0.5,0.909,10,0.49,0.8909,102,0.51,0.9272,10,0.495,0.9,400,0
IWM191108C160,2019-11-07,2019-11-07 09:34:26,0.5,0.909,20,0.49,0.8909,102,0.51,0.9272,10,0.495,0.9,400,0
IWM191108C160,2019-11-07,2019-11-07 09:34:26,0.5,0.909,10,0.49,0.8909,102,0.51,0.9272,10,0.495,0.9,400,0
IWM191108C160,2019-11-07,2019-11-07 09:34:27,0.5,0.909,37,0.49,0.8909,32,0.51,0.9272,10,0.495,0.9,400,0
IWM191108C160,2019-11-07,2019-11-07 09:34:27,0.5,0.909,20,0.49,0.8909,32,0.51,0.9272,10,0.495,0.9,400,0
IWM191108C160,2019-11-07,2019-11-07 09:34:28,0.51,0.9272,14,0.49,0.8909,32,0.51,0.9272,10,0.5,0.909,400,0
IWM191108C160,2019-11-07,2019-11-07 09:34:28,0.51,0.9272,53,0.5,0.909,18,0.51,0.9272,10,0.505,0.9181,400,0
IWM191108C160,2019-11-07,2019-11-07 09:34:29,0.51,0.9272,2,0.5,0.909,268,0.51,0.9272,10,0.505,0.9181,400,0
IWM191108C160,2019-11-07,2019-11-07 09:34:29,0.51,0.9272,53,0.5,0.909,481,0.51,0.9272,10,0.505,0.9181,400,0
IWM191108C160,2019-11-07,2019-11-07 09:34:30,0.52,0.9454,20,0.5,0.909,536,0.51,0.9272,2,0.51,0.9272,402,2
IWM191108C160,2019-11-07,2019-11-07 09:34:30,0.52,0.9454,20,0.51,0.9272,23,0.51,0.9272,2,0.515,0.9363,402,0
IWM191108C160,2019-11-07,2019-11-07 09:34:31,0.52,0.9454,13,0.51,0.9272,23,0.51,0.9272,2,0.515,0.9363,402,0
IWM191108C160,2019-11-07,2019-11-07 09:34:31,0.53,0.9636,42,0.51,0.9272,23,0.51,0.9272,2,0.52,0.9454,402,0
IWM191108C160,2019-11-07,2019-11-07 09:34:32,0.52,0.9454,13,0.51,0.9272,23,0.51,0.9272,2,0.515,0.9363,402,0
IWM191108C160,2019-11-07,2019-11-07 09:34:33,0.52,0.9454,13,0.51,0.9272,23,0.51,0.9272,2,0.515,0.9363,402,0
IWM191108C160,2019-11-07,2019-11-07 09:34:34,0.52,0.9454,13,0.51,0.9272,23,0.51,0.9272,2,0.515,0.9363,402,0
IWM191108C160,2019-11-07,2019-11-07 09:34:35,0.52,0.9454,13,0.51,0.9272,299,0.51,0.9272,2,0.515,0.9363,402,0
IWM191108C160,2019-11-07,2019-11-07 09:34:35,0.52,0.9454,13,0.51,0.9272,113,0.51,0.9272,2,0.515,0.9363,402,0
IWM191108C160,2019-11-07,2019-11-07 09:34:36,0.52,0.9454,13,0.51,0.9272,113,0.51,0.9272,2,0.515,0.9363,402,0
IWM191108C160,2019-11-07,2019-11-07 09:34:36,0.53,0.9636,63,0.51,0.9272,126,0.51,0.9272,2,0.52,0.9454,402,0
IWM191108C160,2019-11-07,2019-11-07 09:34:37,0.53,0.9636,93,0.51,0.9272,219,0.51,0.9272,2,0.52,0.9454,402,0
IWM191108C160,2019-11-07,2019-11-07 09:34:37,0.53,0.9636,108,0.51,0.9272,219,0.51,0.9272,2,0.52,0.9454,402,0
IWM191108C160,2019-11-07,2019-11-07 09:34:38,0.53,0.9636,57,0.51,0.9272,469,0.51,0.9272,2,0.52,0.9454,402,0
IWM191108C160,2019-11-07,2019-11-07 09:34:38,0.53,0.9636,108,0.51,0.9272,165,0.51,0.9272,2,0.52,0.9454,402,0
IWM191108C160,2019-11-07,2019-11-07 09:34:39,0.53,0.9636,12,0.51,0.9272,614,0.51,0.9272,2,0.52,0.9454,402,0
IWM191108C160,2019-11-07,2019-11-07 09:34:39,0.53,0.9636,25,0.51,0.9272,614,0.51,0.9272,2,0.52,0.9454,402,0
IWM191108C160,2019-11-07,2019-11-07 09:34:40,0.53,0.9636,10,0.52,0.9454,124,0.51,0.9272,2,0.525,0.9545,402,0
IWM191108C160,2019-11-07,2019-11-07 09:34:40,0.53,0.9636,10,0.52,0.9454,49,0.51,0.9272,2,0.525,0.9545,402,0
IWM191108C160,2019-11-07,2019-11-07 09:34:41,0.53,0.9636,32,0.51,0.9272,131,0.51,0.9272,2,0.52,0.9454,402,0
IWM191108C160,2019-11-07,2019-11-07 09:34:41,0.53,0.9636,131,0.51,0.9272,36,0.51,0.9272,2,0.52,0.9454,402,0
IWM191108C160,2019-11-07,2019-11-07 09:34:42,0.53,0.9636,262,0.5,0.909,299,0.51,0.9272,2,0.515,0.9363,402,0
IWM191108C160,2019-11-07,2019-11-07 09:34:42,0.53,0.9636,165,0.5,0.909,479,0.51,0.9272,2,0.515,0.9363,402,0
IWM191108C160,2019-11-07,2019-11-07 09:34:43,0.52,0.9454,270,0.49,0.8909,442,0.51,0.9272,2,0.505,0.9181,402,0
IWM191108C160,2019-11-07,2019-11-07 09:34:43,0.52,0.9454,94,0.5,0.909,281,0.51,0.9272,2,0.51,0.9272,402,0
IWM191108C160,2019-11-07,2019-11-07 09:34:44,0.52,0.9454,521,0.49,0.8909,308,0.51,0.9272,2,0.505,0.9181,402,0
IWM191108C160,2019-11-07,2019-11-07 09:34:44,0.51,0.9272,8,0.5,0.909,26,0.51,0.9272,2,0.505,0.9181,402,0
IWM191108C160,2019-11-07,2019-11-07 09:34:45,0.51,0.9272,53,0.49,0.8909,635,0.51,0.9272,2,0.5,0.909,402,0
IWM191108C160,2019-11-07,2019-11-07 09:34:45,0.51,0.9272,48,0.49,0.8909,525,0.51,0.9272,2,0.5,0.909,402,0
IWM191108C160,2019-11-07,2019-11-07 09:34:46,0.51,0.9272,48,0.49,0.8909,589,0.51,0.9272,2,0.5,0.909,402,0
IWM191108C160,2019-11-07,2019-11-07 09:34:47,0.51,0.9272,108,0.49,0.8909,31,0.51,0.9272,2,0.5,0.909,402,0
IWM191108C160,2019-11-07,2019-11-07 09:34:47,0.51,0.9272,64,0.49,0.8909,143,0.51,0.9272,2,0.5,0.909,402,0
IWM191108C160,2019-11-07,2019-11-07 09:34:48,0.51,0.9272,159,0.48,0.8727,113,0.51,0.9272,2,0.495,0.9,402,0
IWM191108C160,2019-11-07,2019-11-07 09:34:48,0.51,0.9272,159,0.48,0.8727,494,0.51,0.9272,2,0.495,0.9,402,0
IWM191108C160,2019-11-07,2019-11-07 09:34:49,0.5,0.909,100,0.48,0.8727,399,0.51,0.9272,2,0.49,0.8909,402,0
IWM191108C160,2019-11-07,2019-11-07 09:34:49,0.5,0.909,79,0.48,0.8727,359,0.51,0.9272,2,0.49,0.8909,402,0
IWM191108C160,2019-11-07,2019-11-07 09:34:50,0.51,0.9272,82,0.49,0.8909,38,0.51,0.9272,2,0.5,0.909,402,0
IWM191108C160,2019-11-07,2019-11-07 09:34:50,0.51,0.9272,20,0.49,0.8909,496,0.51,0.9272,2,0.5,0.909,402,0
IWM191108C160,2019-11-07,2019-11-07 09:34:51,0.52,0.9454,103,0.49,0.8909,496,0.51,0.9272,2,0.505,0.9181,402,0
IWM191108C160,2019-11-07,2019-11-07 09:34:51,0.51,0.9272,19,0.49,0.8909,496,0.51,0.9272,2,0.5,0.909,402,0
IWM191108C160,2019-11-07,2019-11-07 09:34:52,0.52,0.9454,131,0.5,0.909,437,0.51,0.9272,5,0.51,0.9272,453,0
IWM191108C160,2019-11-07,2019-11-07 09:34:52,0.51,0.9272,19,0.5,0.909,444,0.51,0.9272,5,0.505,0.9181,453,51
IWM191108C160,2019-11-07,2019-11-07 09:34:53,0.53,0.9636,97,0.5,0.909,437,0.51,0.9272,5,0.515,0.9363,453,0
IWM191108C160,2019-11-07,2019-11-07 09:34:53,0.53,0.9636,121,0.51,0.9272,71,0.51,0.9272,5,0.52,0.9454,453,0
IWM191108C160,2019-11-07,2019-11-07 09:34:54,0.53,0.9636,21,0.51,0.9272,585,0.51,0.9272,5,0.52,0.9454,453,0
IWM191108C160,2019-11-07,2019-11-07 09:34:55,0.53,0.9636,6,0.51,0.9272,585,0.51,0.9272,5,0.52,0.9454,453,0
IWM191108C160,2019-11-07,2019-11-07 09:34:55,0.53,0.9636,1,0.52,0.9454,22,0.51,0.9272,5,0.525,0.9545,453,0
IWM191108C160,2019-11-07,2019-11-07 09:34:56,0.53,0.9636,83,0.5,0.909,306,0.51,0.9272,5,0.515,0.9363,453,0
IWM191108C160,2019-11-07,2019-11-07 09:34:56,0.53,0.9636,383,0.5,0.909,75,0.51,0.9272,5,0.515,0.9363,453,0
IWM191108C160,2019-11-07,2019-11-07 09:34:57,0.53,0.9636,124,0.51,0.9272,73,0.51,0.9272,5,0.52,0.9454,453,0
IWM191108C160,2019-11-07,2019-11-07 09:34:57,0.53,0.9636,165,0.51,0.9272,32,0.51,0.9272,5,0.52,0.9454,453,0
IWM191108C160,2019-11-07,2019-11-07 09:34:58,0.53,0.9636,192,0.51,0.9272,73,0.51,0.9272,5,0.52,0.9454,453,0
IWM191108C160,2019-11-07,2019-11-07 09:34:58,0.52,0.9454,17,0.5,0.909,278,0.51,0.9272,5,0.51,0.9272,453,0
IWM191108C160,2019-11-07,2019-11-07 09:34:59,0.53,0.9636,118,0.51,0.9272,119,0.51,0.9272,5,0.52,0.9454,453,0
IWM191108C160,2019-11-07,2019-11-07 09:34:59,0.53,0.9636,131,0.51,0.9272,149,0.51,0.9272,5,0.52,0.9454,453,0
IWM191108C160,2019-11-07,2019-11-07 09:35:00,0.53,0.9636,442,0.51,0.9272,46,0.51,0.9272,5,0.52,0.9454,453,0
IWM191108C160,2019-11-07,2019-11-07 09:35:00,0.53,0.9636,431,0.51,0.9272,483,0.51,0.9272,5,0.52,0.9454,453,0
IWM191108C160,2019-11-07,2019-11-07 09:35:01,0.54,0.9818,205,0.53,0.9636,16,0.51,0.9272,5,0.535,0.9727,453,0
IWM191108C160,2019-11-07,2019-11-07 09:35:01,0.54,0.9818,534,0.51,0.9272,483,0.51,0.9272,5,0.525,0.9545,453,0
IWM191108C160,2019-11-07,2019-11-07 09:35:02,0.55,1.0,88,0.53,0.9636,98,0.51,0.9272,5,0.54,0.9818,453,0
IWM191108C160,2019-11-07,2019-11-07 09:35:02,0.55,1.0,475,0.53,0.9636,16,0.51,0.9272,5,0.54,0.9818,453,0
IWM191108C160,2019-11-07,2019-11-07 09:35:03,0.55,1.0,53,0.53,0.9636,144,0.51,0.9272,5,0.54,0.9818,453,0
IWM191108C160,2019-11-07,2019-11-07 09:35:03,0.55,1.0,276,0.53,0.9636,23,0.51,0.9272,5,0.54,0.9818,453,0
IWM191108C160,2019-11-07,2019-11-07 09:35:04,0.54,0.9818,20,0.53,0.9636,18,0.51,0.9272,5,0.535,0.9727,453,0
IWM191108C160,2019-11-07,2019-11-07 09:35:05,0.55,1.0,278,0.53,0.9636,23,0.51,0.9272,5,0.54,0.9818,453,0
IWM191108C160,2019-11-07,2019-11-07 09:35:05,0.55,1.0,433,0.53,0.9636,18,0.51,0.9272,5,0.54,0.9818,453,0
IWM191108C160,2019-11-07,2019-11-07 09:35:06,0.54,0.9818,35,0.52,0.9454,349,0.51,0.9272,5,0.53,0.9636,453,0
IWM191108C160,2019-11-07,2019-11-07 09:35:06,0.54,0.9818,20,0.53,0.9636,18,0.51,0.9272,5,0.535,0.9727,453,0
IWM191108C160,2019-11-07,2019-11-07 09:35:07,0.55,1.0,460,0.53,0.9636,14,0.51,0.9272,5,0.54,0.9818,453,0
IWM191108C160,2019-11-07,2019-11-07 09:35:08,0.54,0.9818,17,0.52,0.9454,18,0.51,0.9272,5,0.53,0.9636,453,0
IWM191108C160,2019-11-07,2019-11-07 09:35:08,0.53,0.9636,192,0.51,0.9272,40,0.51,0.9272,5,0.52,0.9454,453,0
IWM191108C160,2019-11-07,2019-11-07 09:35:09,0.53,0.9636,216,0.51,0.9272,23,0.51,0.9272,5,0.52,0.9454,453,0
IWM191108C160,2019-11-07,2019-11-07 09:35:09,0.53,0.9636,380,0.51,0.9272,23,0.51,0.9272,5,0.52,0.9454,453,0
IWM191108C160,2019-11-07,2019-11-07 09:35:10,0.52,0.9454,17,0.49,0.8909,272,0.51,0.9272,5,0.505,0.9181,453,0
IWM191108C160,2019-11-07,2019-11-07 09:35:10,0.52,0.9454,478,0.5,0.909,14,0.51,0.9272,5,0.51,0.9272,453,0
IWM191108C160,2019-11-07,2019-11-07 09:35:11,0.52,0.9454,501,0.5,0.909,117,0.51,0.9272,5,0.51,0.9272,453,0
IWM191108C160,2019-11-07,2019-11-07 09:35:11,0.52,0.9454,268,0.5,0.909,443,0.51,0.9272,5,0.51,0.9272,453,0
IWM191108C160,2019-11-07,2019-11-07 09:35:12,0.53,0.9636,146,0.51,0.9272,60,0.51,0.9272,5,0.52,0.9454,453,0
IWM191108C160,2019-11-07,2019-11-07 09:35:12,0.53,0.9636,363,0.5,0.909,363,0.51,0.9272,5,0.515,0.9363,453,0
IWM191108C160,2019-11-07,2019-11-07 09:35:13,0.54,0.9818,500,0.52,0.9454,15,0.51,0.9272,5,0.53,0.9636,453,0
IWM191108C160,2019-11-07,2019-11-07 09:35:13,0.53,0.9636,9,0.52,0.9454,15,0.51,0.9272,5,0.525,0.9545,453,0
IWM191108C160,2019-11-07,2019-11-07 09:35:14,0.54,0.9818,440,0.52,0.9454,160,0.51,0.9272,5,0.53,0.9636,453,0
IWM191108C160,2019-11-07,2019-11-07 09:35:15,0.54,0.9818,221,0.52,0.9454,120,0.51,0.9272,5,0.53,0.9636,453,0
IWM191108C160,2019-11-07,2019-11-07 09:35:16,0.54,0.9818,192,0.52,0.9454,18,0.51,0.9272,5,0.53,0.9636,453,0
IWM191108C160,2019-11-07,2019-11-07 09:35:16,0.54,0.9818,278,0.52,0.9454,120,0.51,0.9272,5,0.53,0.9636,453,0
IWM191108C160,2019-11-07,2019-11-07 09:35:17,0.54,0.9818,195,0.52,0.9454,37,0.51,0.9272,5,0.53,0.9636,453,0
IWM191108C160,2019-11-07,2019-11-07 09:35:17,0.54,0.9818,149,0.52,0.9454,114,0.51,0.9272,5,0.53,0.9636,453,0
IWM191108C160,2019-11-07,2019-11-07 09:35:18,0.54,0.9818,186,0.52,0.9454,263,0.51,0.9272,5,0.53,0.9636,453,0
IWM191108C160,2019-11-07,2019-11-07 09:35:18,0.54,0.9818,186,0.52,0.9454,390,0.51,0.9272,5,0.53,0.9636,453,0
IWM191108C160,2019-11-07,2019-11-07 09:35:19,0.55,1.0,538,0.52,0.9454,447,0.51,0.9272,5,0.535,0.9727,453,0
IWM191108C160,2019-11-07,2019-11-07 09:35:19,0.55,1.0,265,0.52,0.9454,446,0.51,0.9272,5,0.535,0.9727,453,0
IWM191108C160,2019-11-07,2019-11-07 09:35:20,0.53,0.9636,31,0.51,0.9272,6,0.51,0.9272,5,0.52,0.9454,453,0
IWM191108C160,2019-11-07,2019-11-07 09:35:20,0.53,0.9636,51,0.51,0.9272,246,0.51,0.9272,5,0.52,0.9454,453,0
IWM191108C160,2019-11-07,2019-11-07 09:35:21,0.54,0.9818,171,0.52,0.9454,31,0.51,0.9272,5,0.53,0.9636,453,0
IWM191108C160,2019-11-07,2019-11-07 09:35:21,0.54,0.9818,171,0.51,0.9272,246,0.51,0.9272,5,0.525,0.9545,453,0
IWM191108C160,2019-11-07,2019-11-07 09:35:22,0.54,0.9818,195,0.52,0.9454,31,0.51,0.9272,5,0.53,0.9636,453,0
IWM191108C160,2019-11-07,2019-11-07 09:35:22,0.54,0.9818,216,0.52,0.9454,31,0.51,0.9272,5,0.53,0.9636,453,0
IWM191108C160,2019-11-07,2019-11-07 09:35:23,0.54,0.9818,278,0.51,0.9272,384,0.51,0.9272,5,0.525,0.9545,453,0
IWM191108C160,2019-11-07,2019-11-07 09:35:24,0.54,0.9818,377,0.52,0.9454,29,0.51,0.9272,5,0.53,0.9636,453,0
IWM191108C160,2019-11-07,2019-11-07 09:35:24,0.54,0.9818,347,0.52,0.9454,29,0.51,0.9272,5,0.53,0.9636,453,0
IWM191108C160,2019-11-07,2019-11-07 09:35:25,0.55,1.0,174,0.53,0.9636,25,0.51,0.9272,5,0.54,0.9818,453,0
IWM191108C160,2019-11-07,2019-11-07 09:35:25,0.54,0.9818,286,0.52,0.9454,29,0.51,0.9272,5,0.53,0.9636,453,0
IWM191108C160,2019-11-07,2019-11-07 09:35:26,0.55,1.0,257,0.53,0.9636,25,0.51,0.9272,5,0.54,0.9818,453,0
IWM191108C160,2019-11-07,2019-11-07 09:35:27,0.55,1.0,390,0.53,0.9636,25,0.51,0.9272,5,0.54,0.9818,453,0
IWM191108C160,2019-11-07,2019-11-07 09:35:27,0.54,0.9818,27,0.52,0.9454,96,0.51,0.9272,5,0.53,0.9636,453,0
IWM191108C160,2019-11-07,2019-11-07 09:35:28,0.56,1.0181,252,0.53,0.9636,130,0.51,0.9272,5,0.545,0.9909,453,0
IWM191108C160,2019-11-07,2019-11-07 09:35:28,0.56,1.0181,466,0.53,0.9636,508,0.51,0.9272,5,0.545,0.9909,453,0
IWM191108C160,2019-11-07,2019-11-07 09:35:29,0.56,1.0181,486,0.54,0.9818,48,0.51,0.9272,5,0.55,1.0,453,0
IWM191108C160,2019-11-07,2019-11-07 09:35:29,0.56,1.0181,430,0.54,0.9818,48,0.51,0.9272,5,0.55,1.0,453,0
IWM191108C160,2019-11-07,2019-11-07 09:35:30,0.56,1.0181,258,0.54,0.9818,160,0.51,0.9272,5,0.55,1.0,453,0
IWM191108C160,2019-11-07,2019-11-07 09:35:30,0.56,1.0181,490,0.54,0.9818,48,0.51,0.9272,5,0.55,1.0,453,0
IWM191108C160,2019-11-07,2019-11-07 09:35:31,0.56,1.0181,258,0.54,0.9818,87,0.51,0.9272,5,0.55,1.0,453,0
IWM191108C160,2019-11-07,2019-11-07 09:35:31,0.56,1.0181,173,0.54,0.9818,12,0.51,0.9272,5,0.55,1.0,453,0
IWM191108C160,2019-11-07,2019-11-07 09:35:32,0.56,1.0181,270,0.54,0.9818,23,0.51,0.9272,5,0.55,1.0,453,0
IWM191108C160,2019-11-07,2019-11-07 09:35:32,0.56,1.0181,284,0.54,0.9818,18,0.51,0.9272,5,0.55,1.0,453,0
IWM191108C160,2019-11-07,2019-11-07 09:35:33,0.56,1.0181,460,0.54,0.9818,23,0.51,0.9272,5,0.55,1.0,453,0
IWM191108C160,2019-11-07,2019-11-07 09:35:33,0.56,1.0181,464,0.54,0.9818,23,0.51,0.9272,5,0.55,1.0,453,0
IWM191108C160,2019-11-07,2019-11-07 09:35:34,0.56,1.0181,262,0.54,0.9818,38,0.51,0.9272,5,0.55,1.0,453,0
IWM191108C160,2019-11-07,2019-11-07 09:35:34,0.56,1.0181,425,0.54,0.9818,23,0.51,0.9272,5,0.55,1.0,453,0
IWM191108C160,2019-11-07,2019-11-07 09:35:35,0.56,1.0181,141,0.55,1.0,15,0.51,0.9272,5,0.555,1.009,453,0
IWM191108C160,2019-11-07,2019-11-07 09:35:35,0.56,1.0181,209,0.55,1.0,15,0.51,0.9272,5,0.555,1.009,453,0
IWM191108C160,2019-11-07,2019-11-07 09:35:36,0.56,1.0181,141,0.55,1.0,15,0.51,0.9272,5,0.555,1.009,453,0
IWM191108C160,2019-11-07,2019-11-07 09:35:36,0.56,1.0181,169,0.54,0.9818,15,0.51,0.9272,5,0.55,1.0,453,0
IWM191108C160,2019-11-07,2019-11-07 09:35:37,0.56,1.0181,39,0.55,1.0,14,0.51,0.9272,5,0.555,1.009,453,0
IWM191108C160,2019-11-07,2019-11-07 09:35:37,0.57,1.0363,595,0.55,1.0,14,0.51,0.9272,5,0.56,1.0181,453,0
IWM191108C160,2019-11-07,2019-11-07 09:35:38,0.56,1.0181,24,0.55,1.0,14,0.51,0.9272,5,0.555,1.009,453,0
IWM191108C160,2019-11-07,2019-11-07 09:35:38,0.57,1.0363,499,0.55,1.0,14,0.51,0.9272,5,0.56,1.0181,453,0
IWM191108C160,2019-11-07,2019-11-07 09:35:39,0.56,1.0181,10,0.55,1.0,14,0.55,1.0,1,0.555,1.009,454,1
IWM191108C160,2019-11-07,2019-11-07 09:35:40,0.56,1.0181,24,0.55,1.0,13,0.55,1.0,1,0.555,1.009,454,0
IWM191108C160,2019-11-07,2019-11-07 09:35:40,0.57,1.0363,551,0.55,1.0,13,0.55,1.0,1,0.56,1.0181,454,0
IWM191108C160,2019-11-07,2019-11-07 09:35:41,0.56,1.0181,31,0.54,0.9818,377,0.55,1.0,1,0.55,1.0,454,0
IWM191108C160,2019-11-07,2019-11-07 09:35:41,0.56,1.0181,31,0.54,0.9818,214,0.55,1.0,1,0.55,1.0,454,0
IWM191108C160,2019-11-07,2019-11-07 09:35:42,0.57,1.0363,451,0.55,1.0,23,0.55,1.0,1,0.56,1.0181,454,0
IWM191108C160,2019-11-07,2019-11-07 09:35:42,0.57,1.0363,194,0.55,1.0,23,0.55,1.0,1,0.56,1.0181,454,0
IWM191108C160,2019-11-07,2019-11-07 09:35:43,0.57,1.0363,361,0.55,1.0,23,0.55,1.0,1,0.56,1.0181,454,0
IWM191108C160,2019-11-07,2019-11-07 09:35:43,0.57,1.0363,374,0.55,1.0,14,0.55,1.0,1,0.56,1.0181,454,0
IWM191108C160,2019-11-07,2019-11-07 09:35:44,0.57,1.0363,150,0.55,1.0,14,0.55,1.0,1,0.56,1.0181,454,0
IWM191108C160,2019-11-07,2019-11-07 09:35:44,0.57,1.0363,147,0.55,1.0,255,0.55,1.0,1,0.56,1.0181,454,0
IWM191108C160,2019-11-07,2019-11-07 09:35:45,0.57,1.0363,147,0.55,1.0,255,0.55,1.0,1,0.56,1.0181,454,0
IWM191108C160,2019-11-07,2019-11-07 09:35:45,0.57,1.0363,51,0.55,1.0,255,0.56,1.0181,20,0.56,1.0181,474,20
IWM191108C160,2019-11-07,2019-11-07 09:35:46,0.57,1.0363,63,0.55,1.0,261,0.56,1.0181,20,0.56,1.0181,474,0
IWM191108C160,2019-11-07,2019-11-07 09:35:46,0.57,1.0363,63,0.55,1.0,630,0.56,1.0181,20,0.56,1.0181,474,0
IWM191108C160,2019-11-07,2019-11-07 09:35:47,0.58,1.0545,30,0.55,1.0,513,0.56,1.0181,20,0.565,1.0272,474,0
IWM191108C160,2019-11-07,2019-11-07 09:35:47,0.58,1.0545,450,0.56,1.0181,10,0.56,1.0181,20,0.57,1.0363,474,0
IWM191108C160,2019-11-07,2019-11-07 09:35:48,0.58,1.0545,352,0.56,1.0181,122,0.56,1.0181,20,0.57,1.0363,474,0
IWM191108C160,2019-11-07,2019-11-07 09:35:48,0.58,1.0545,300,0.56,1.0181,95,0.56,1.0181,20,0.57,1.0363,474,0
IWM191108C160,2019-11-07,2019-11-07 09:35:49,0.58,1.0545,383,0.55,1.0,136,0.56,1.0181,20,0.565,1.0272,474,0
IWM191108C160,2019-11-07,2019-11-07 09:35:49,0.58,1.0545,321,0.56,1.0181,238,0.56,1.0181,20,0.57,1.0363,474,0
IWM191108C160,2019-11-07,2019-11-07 09:35:50,0.57,1.0363,50,0.55,1.0,440,0.56,1.0181,20,0.56,1.0181,474,0
IWM191108C160,2019-11-07,2019-11-07 09:35:50,0.58,1.0545,623,0.55,1.0,117,0.56,1.0181,20,0.565,1.0272,474,0
IWM191108C160,2019-11-07,2019-11-07 09:35:51,0.57,1.0363,74,0.55,1.0,290,0.56,1.0181,20,0.56,1.0181,474,0
IWM191108C160,2019-11-07,2019-11-07 09:35:51,0.57,1.0363,24,0.55,1.0,440,0.56,1.0181,20,0.56,1.0181,474,0
IWM191108C160,2019-11-07,2019-11-07 09:35:52,0.57,1.0363,121,0.55,1.0,234,0.56,1.0181,20,0.56,1.0181,474,0
IWM191108C160,2019-11-07,2019-11-07 09:35:52,0.57,1.0363,81,0.55,1.0,234,0.56,1.0181,20,0.56,1.0181,474,0
IWM191108C160,2019-11-07,2019-11-07 09:35:53,0.57,1.0363,12,0.56,1.0181,18,0.56,1.0181,20,0.565,1.0272,474,0
IWM191108C160,2019-11-07,2019-11-07 09:35:54,0.57,1.0363,13,0.56,1.0181,18,0.56,1.0181,20,0.565,1.0272,474,0
IWM191108C160,2019-11-07,2019-11-07 09:35:54,0.57,1.0363,12,0.56,1.0181,18,0.56,1.0181,20,0.565,1.0272,474,0
IWM191108C160,2019-11-07,2019-11-07 09:35:55,0.57,1.0363,4,0.56,1.0181,18,0.56,1.0181,20,0.565,1.0272,474,0
IWM191108C160,2019-11-07,2019-11-07 09:35:56,0.57,1.0363,23,0.56,1.0181,22,0.56,1.0181,20,0.565,1.0272,474,0
IWM191108C160,2019-11-07,2019-11-07 09:35:56,0.57,1.0363,23,0.55,1.0,463,0.56,1.0181,20,0.56,1.0181,474,0
IWM191108C160,2019-11-07,2019-11-07 09:35:57,0.58,1.0545,369,0.56,1.0181,147,0.56,1.0181,20,0.57,1.0363,474,0
IWM191108C160,2019-11-07,2019-11-07 09:35:58,0.58,1.0545,32,0.56,1.0181,351,0.56,1.0181,20,0.57,1.0363,474,0
IWM191108C160,2019-11-07,2019-11-07 09:35:58,0.58,1.0545,369,0.56,1.0181,577,0.56,1.0181,20,0.57,1.0363,474,0
IWM191108C160,2019-11-07,2019-11-07 09:35:59,0.57,1.0363,10,0.56,1.0181,100,0.56,1.0181,20,0.565,1.0272,474,0
IWM191108C160,2019-11-07,2019-11-07 09:35:59,0.58,1.0545,79,0.56,1.0181,114,0.56,1.0181,20,0.57,1.0363,474,0
IWM191108C160,2019-11-07,2019-11-07 09:36:00,0.58,1.0545,144,0.56,1.0181,117,0.56,1.0181,20,0.57,1.0363,474,0
IWM191108C160,2019-11-07,2019-11-07 09:36:00,0.58,1.0545,171,0.56,1.0181,100,0.56,1.0181,20,0.57,1.0363,474,0
IWM191108C160,2019-11-07,2019-11-07 09:36:01,0.58,1.0545,116,0.56,1.0181,100,0.56,1.0181,20,0.57,1.0363,474,0
IWM191108C160,2019-11-07,2019-11-07 09:36:01,0.58,1.0545,82,0.56,1.0181,87,0.56,1.0181,20,0.57,1.0363,474,0
IWM191108C160,2019-11-07,2019-11-07 09:36:02,0.58,1.0545,92,0.56,1.0181,223,0.56,1.0181,20,0.57,1.0363,474,0
IWM191108C160,2019-11-07,2019-11-07 09:36:02,0.58,1.0545,82,0.56,1.0181,101,0.56,1.0181,20,0.57,1.0363,474,0
IWM191108C160,2019-11-07,2019-11-07 09:36:03,0.58,1.0545,295,0.56,1.0181,98,0.56,1.0181,20,0.57,1.0363,474,0
IWM191108C160,2019-11-07,2019-11-07 09:36:03,0.58,1.0545,111,0.56,1.0181,98,0.56,1.0181,20,0.57,1.0363,474,0
IWM191108C160,2019-11-07,2019-11-07 09:36:04,0.58,1.0545,69,0.57,1.0363,9,0.56,1.0181,20,0.575,1.0454,474,0
IWM191108C160,2019-11-07,2019-11-07 09:36:04,0.59,1.0727,135,0.57,1.0363,496,0.56,1.0181,20,0.58,1.0545,474,0
IWM191108C160,2019-11-07,2019-11-07 09:36:05,0.6,1.0909,13,0.59,1.0727,186,0.56,1.0181,20,0.595,1.0818,474,0
IWM191108C160,2019-11-07,2019-11-07 09:36:05,0.6,1.0909,13,0.59,1.0727,366,0.56,1.0181,20,0.595,1.0818,474,0
IWM191108C160,2019-11-07,2019-11-07 09:36:06,0.6,1.0909,13,0.59,1.0727,450,0.56,1.0181,20,0.595,1.0818,474,0
IWM191108C160,2019-11-07,2019-11-07 09:36:06,0.62,1.1272,196,0.6,1.0909,1,0.6,1.0909,2,0.61,1.109,476,2
IWM191108C160,2019-11-07,2019-11-07 09:36:07,0.62,1.1272,485,0.6,1.0909,39,0.6,1.0909,2,0.61,1.109,476,0
IWM191108C160,2019-11-07,2019-11-07 09:36:07,0.62,1.1272,98,0.6,1.0909,36,0.6,1.0909,2,0.61,1.109,476,0
IWM191108C160,2019-11-07,2019-11-07 09:36:08,0.62,1.1272,165,0.6,1.0909,75,0.6,1.0909,2,0.61,1.109,476,0
IWM191108C160,2019-11-07,2019-11-07 09:36:08,0.62,1.1272,119,0.6,1.0909,104,0.6,1.0909,2,0.61,1.109,476,0
IWM191108C160,2019-11-07,2019-11-07 09:36:09,0.62,1.1272,135,0.6,1.0909,21,0.6,1.0909,2,0.61,1.109,476,0
IWM191108C160,2019-11-07,2019-11-07 09:36:09,0.62,1.1272,284,0.6,1.0909,2,0.6,1.0909,2,0.61,1.109,476,0
IWM191108C160,2019-11-07,2019-11-07 09:36:10,0.62,1.1272,283,0.59,1.0727,144,0.6,1.0909,2,0.605,1.1,476,0
IWM191108C160,2019-11-07,2019-11-07 09:36:10,0.62,1.1272,515,0.59,1.0727,144,0.6,1.0909,2,0.605,1.1,476,0
IWM191108C160,2019-11-07,2019-11-07 09:36:11,0.61,1.109,32,0.57,1.0363,75,0.6,1.0909,2,0.59,1.0727,476,0
IWM191108C160,2019-11-07,2019-11-07 09:36:11,0.62,1.1272,515,0.6,1.0909,22,0.6,1.0909,2,0.61,1.109,476,0
IWM191108C160,2019-11-07,2019-11-07 09:36:12,0.61,1.109,103,0.59,1.0727,12,0.6,1.0909,2,0.6,1.0909,476,0
IWM191108C160,2019-11-07,2019-11-07 09:36:13,0.61,1.109,104,0.59,1.0727,17,0.6,1.0909,2,0.6,1.0909,476,0
IWM191108C160,2019-11-07,2019-11-07 09:36:14,0.61,1.109,124,0.59,1.0727,17,0.6,1.0909,2,0.6,1.0909,476,0
IWM191108C160,2019-11-07,2019-11-07 09:36:14,0.61,1.109,104,0.59,1.0727,17,0.6,1.0909,2,0.6,1.0909,476,0
IWM191108C160,2019-11-07,2019-11-07 09:36:15,0.61,1.109,37,0.6,1.0909,1,0.6,1.0909,2,0.605,1.1,476,0
IWM191108C160,2019-11-07,2019-11-07 09:36:15,0.61,1.109,1,0.59,1.0727,34,0.6,1.0909,2,0.6,1.0909,476,0
IWM191108C160,2019-11-07,2019-11-07 09:36:16,0.61,1.109,34,0.57,1.0363,297,0.6,1.0909,1,0.59,1.0727,477,1
IWM191108C160,2019-11-07,2019-11-07 09:36:16,0.6,1.0909,86,0.57,1.0363,212,0.6,1.0909,1,0.585,1.0636,477,0
IWM191108C160,2019-11-07,2019-11-07 09:36:17,0.6,1.0909,157,0.57,1.0363,571,0.6,1.0909,1,0.585,1.0636,477,0
IWM191108C160,2019-11-07,2019-11-07 09:36:17,0.6,1.0909,165,0.58,1.0545,2,0.6,1.0909,1,0.59,1.0727,477,0
IWM191108C160,2019-11-07,2019-11-07 09:36:18,0.59,1.0727,150,0.57,1.0363,12,0.6,1.0909,1,0.58,1.0545,477,0
IWM191108C160,2019-11-07,2019-11-07 09:36:18,0.59,1.0727,28,0.57,1.0363,75,0.6,1.0909,1,0.58,1.0545,477,0
IWM191108C160,2019-11-07,2019-11-07 09:36:19,0.59,1.0727,197,0.57,1.0363,12,0.6,1.0909,1,0.58,1.0545,477,0
IWM191108C160,2019-11-07,2019-11-07 09:36:19,0.59,1.0727,89,0.57,1.0363,16,0.6,1.0909,1,0.58,1.0545,477,0
IWM191108C160,2019-11-07,2019-11-07 09:36:20,0.59,1.0727,1,0.57,1.0363,200,0.6,1.0909,1,0.58,1.0545,477,0
IWM191108C160,2019-11-07,2019-11-07 09:36:20,0.59,1.0727,32,0.57,1.0363,154,0.6,1.0909,1,0.58,1.0545,477,0
IWM191108C160,2019-11-07,2019-11-07 09:36:21,0.6,1.0909,106,0.58,1.0545,87,0.6,1.0909,1,0.59,1.0727,477,0
IWM191108C160,2019-11-07,2019-11-07 09:36:21,0.6,1.0909,172,0.58,1.0545,15,0.6,1.0909,1,0.59,1.0727,477,0
IWM191108C160,2019-11-07,2019-11-07 09:36:22,0.6,1.0909,121,0.58,1.0545,78,0.6,1.0909,1,0.59,1.0727,477,0
IWM191108C160,2019-11-07,2019-11-07 09:36:22,0.61,1.109,41,0.59,1.0727,86,0.6,1.0909,1,0.6,1.0909,477,0
IWM191108C160,2019-11-07,2019-11-07 09:36:23,0.61,1.109,46,0.59,1.0727,237,0.6,1.0909,1,0.6,1.0909,477,0
IWM191108C160,2019-11-07,2019-11-07 09:36:24,0.61,1.109,121,0.59,1.0727,155,0.6,1.0909,1,0.6,1.0909,477,0
IWM191108C160,2019-11-07,2019-11-07 09:36:24,0.61,1.109,52,0.59,1.0727,407,0.6,1.0909,1,0.6,1.0909,477,0
IWM191108C160,2019-11-07,2019-11-07 09:36:25,0.61,1.109,52,0.59,1.0727,407,0.6,1.0909,1,0.6,1.0909,477,0
IWM191108C160,2019-11-07,2019-11-07 09:36:25,0.61,1.109,78,0.59,1.0727,207,0.6,1.0909,1,0.6,1.0909,477,0
IWM191108C160,2019-11-07,2019-11-07 09:36:26,0.61,1.109,52,0.59,1.0727,207,0.6,1.0909,1,0.6,1.0909,477,0
IWM191108C160,2019-11-07,2019-11-07 09:36:26,0.61,1.109,78,0.59,1.0727,207,0.6,1.0909,1,0.6,1.0909,477,0
IWM191108C160,2019-11-07,2019-11-07 09:36:27,0.61,1.109,37,0.59,1.0727,166,0.6,1.0909,1,0.6,1.0909,477,0
IWM191108C160,2019-11-07,2019-11-07 09:36:27,0.61,1.109,52,0.6,1.0909,12,0.6,1.0909,1,0.605,1.1,477,0
IWM191108C160,2019-11-07,2019-11-07 09:36:28,0.62,1.1272,225,0.6,1.0909,21,0.6,1.0909,1,0.61,1.109,477,0
IWM191108C160,2019-11-07,2019-11-07 09:36:28,0.62,1.1272,225,0.6,1.0909,16,0.6,1.0909,1,0.61,1.109,477,0
IWM191108C160,2019-11-07,2019-11-07 09:36:29,0.61,1.109,95,0.6,1.0909,21,0.6,1.0909,4,0.605,1.1,481,0
IWM191108C160,2019-11-07,2019-11-07 09:36:29,0.62,1.1272,316,0.6,1.0909,21,0.6,1.0909,4,0.61,1.109,481,4
IWM191108C160,2019-11-07,2019-11-07 09:36:30,0.61,1.109,95,0.59,1.0727,113,0.6,1.0909,4,0.6,1.0909,481,0
IWM191108C160,2019-11-07,2019-11-07 09:36:31,0.61,1.109,78,0.59,1.0727,113,0.6,1.0909,4,0.6,1.0909,481,0
IWM191108C160,2019-11-07,2019-11-07 09:36:31,0.61,1.109,51,0.59,1.0727,128,0.6,1.0909,4,0.6,1.0909,481,0
IWM191108C160,2019-11-07,2019-11-07 09:36:32,0.61,1.109,169,0.58,1.0545,121,0.6,1.0909,4,0.595,1.0818,481,0
IWM191108C160,2019-11-07,2019-11-07 09:36:32,0.61,1.109,38,0.6,1.0909,16,0.6,1.0909,4,0.605,1.1,481,0
IWM191108C160,2019-11-07,2019-11-07 09:36:33,0.6,1.0909,95,0.57,1.0363,402,0.6,1.0909,4,0.585,1.0636,481,0
IWM191108C160,2019-11-07,2019-11-07 09:36:33,0.6,1.0909,113,0.57,1.0363,454,0.6,1.0909,4,0.585,1.0636,481,0
IWM191108C160,2019-11-07,2019-11-07 09:36:34,0.6,1.0909,181,0.58,1.0545,25,0.6,1.0909,4,0.59,1.0727,481,0
IWM191108C160,2019-11-07,2019-11-07 09:36:34,0.6,1.0909,389,0.58,1.0545,25,0.6,1.0909,4,0.59,1.0727,481,0
IWM191108C160,2019-11-07,2019-11-07 09:36:35,0.6,1.0909,389,0.58,1.0545,25,0.6,1.0909,4,0.59,1.0727,481,0
IWM191108C160,2019-11-07,2019-11-07 09:36:35,0.61,1.109,276,0.58,1.0545,302,0.6,1.0909,4,0.595,1.0818,481,0
IWM191108C160,2019-11-07,2019-11-07 09:36:36,0.61,1.109,427,0.59,1.0727,53,0.6,1.0909,4,0.6,1.0909,481,0
IWM191108C160,2019-11-07,2019-11-07 09:36:36,0.61,1.109,129,0.59,1.0727,53,0.6,1.0909,4,0.6,1.0909,481,0
IWM191108C160,2019-11-07,2019-11-07 09:36:37,0.61,1.109,129,0.59,1.0727,53,0.6,1.0909,4,0.6,1.0909,481,0
IWM191108C160,2019-11-07,2019-11-07 09:36:37,0.61,1.109,129,0.59,1.0727,348,0.6,1.0909,4,0.6,1.0909,481,0
IWM191108C160,2019-11-07,2019-11-07 09:36:38,0.61,1.109,129,0.59,1.0727,599,0.6,1.0909,4,0.6,1.0909,481,0
IWM191108C160,2019-11-07,2019-11-07 09:36:38,0.61,1.109,129,0.59,1.0727,348,0.6,1.0909,4,0.6,1.0909,481,0
IWM191108C160,2019-11-07,2019-11-07 09:36:39,0.61,1.109,10,0.59,1.0727,508,0.6,1.0909,4,0.6,1.0909,481,0
IWM191108C160,2019-11-07,2019-11-07 09:36:39,0.61,1.109,10,0.59,1.0727,295,0.6,1.0909,4,0.6,1.0909,481,0
IWM191108C160,2019-11-07,2019-11-07 09:36:40,0.61,1.109,26,0.59,1.0727,100,0.6,1.0909,4,0.6,1.0909,481,0
IWM191108C160,2019-11-07,2019-11-07 09:36:40,0.62,1.1272,102,0.57,1.0363,20,0.6,1.0909,4,0.595,1.0818,481,0
IWM191108C160,2019-11-07,2019-11-07 09:36:41,0.61,1.109,35,0.59,1.0727,128,0.6,1.0909,4,0.6,1.0909,481,0
IWM191108C160,2019-11-07,2019-11-07 09:36:41,0.62,1.1272,516,0.59,1.0727,128,0.6,1.0909,4,0.605,1.1,481,0
IWM191108C160,2019-11-07,2019-11-07 09:36:42,0.62,1.1272,511,0.6,1.0909,12,0.6,1.0909,4,0.61,1.109,481,0
IWM191108C160,2019-11-07,2019-11-07 09:36:42,0.62,1.1272,516,0.59,1.0727,128,0.6,1.0909,4,0.605,1.1,481,0
IWM191108C160,2019-11-07,2019-11-07 09:36:43,0.62,1.1272,269,0.6,1.0909,29,0.6,1.0909,4,0.61,1.109,481,0
IWM191108C160,2019-11-07,2019-11-07 09:36:43,0.62,1.1272,316,0.6,1.0909,29,0.6,1.0909,4,0.61,1.109,481,0
IWM191108C160,2019-11-07,2019-11-07 09:36:44,0.62,1.1272,469,0.6,1.0909,6,0.6,1.0909,4,0.61,1.109,481,0
IWM191108C160,2019-11-07,2019-11-07 09:36:45,0.62,1.1272,469,0.6,1.0909,6,0.6,1.0909,4,0.61,1.109,481,0
IWM191108C160,2019-11-07,2019-11-07 09:36:45,0.62,1.1272,516,0.59,1.0727,117,0.6,1.0909,4,0.605,1.1,481,0
IWM191108C160,2019-11-07,2019-11-07 09:36:46,0.61,1.109,253,0.58,1.0545,218,0.6,1.0909,4,0.595,1.0818,481,0
IWM191108C160,2019-11-07,2019-11-07 09:36:46,0.61,1.109,419,0.57,1.0363,275,0.6,1.0909,4,0.59,1.0727,481,0
IWM191108C160,2019-11-07,2019-11-07 09:36:47,0.61,1.109,222,0.58,1.0545,315,0.6,1.0909,4,0.595,1.0818,481,0
IWM191108C160,2019-11-07,2019-11-07 09:36:47,0.61,1.109,105,0.59,1.0727,21,0.6,1.0909,4,0.6,1.0909,481,0
IWM191108C160,2019-11-07,2019-11-07 09:36:48,0.61,1.109,195,0.59,1.0727,40,0.6,1.0909,4,0.6,1.0909,481,0
IWM191108C160,2019-11-07,2019-11-07 09:36:49,0.6,1.0909,29,0.58,1.0545,220,0.6,1.0909,4,0.59,1.0727,481,0
IWM191108C160,2019-11-07,2019-11-07 09:36:49,0.6,1.0909,41,0.58,1.0545,434,0.6,1.0909,4,0.59,1.0727,481,0
IWM191108C160,2019-11-07,2019-11-07 09:36:50,0.59,1.0727,185,0.56,1.0181,101,0.6,1.0909,4,0.575,1.0454,481,0
IWM191108C160,2019-11-07,2019-11-07 09:36:50,0.6,1.0909,176,0.58,1.0545,12,0.6,1.0909,4,0.59,1.0727,481,0
IWM191108C160,2019-11-07,2019-11-07 09:36:51,0.58,1.0545,64,0.57,1.0363,291,0.6,1.0909,4,0.575,1.0454,481,0
IWM191108C160,2019-11-07,2019-11-07 09:36:51,0.58,1.0545,64,0.56,1.0181,396,0.6,1.0909,4,0.57,1.0363,481,0
IWM191108C160,2019-11-07,2019-11-07 09:36:52,0.59,1.0727,421,0.56,1.0181,277,0.6,1.0909,4,0.575,1.0454,481,0
IWM191108C160,2019-11-07,2019-11-07 09:36:52,0.59,1.0727,421,0.57,1.0363,21,0.6,1.0909,4,0.58,1.0545,481,0
IWM191108C160,2019-11-07,2019-11-07 09:36:53,0.59,1.0727,525,0.57,1.0363,21,0.6,1.0909,4,0.58,1.0545,481,0
IWM191108C160,2019-11-07,2019-11-07 09:36:54,0.6,1.0909,102,0.58,1.0545,441,0.6,1.0909,4,0.59,1.0727,481,0
IWM191108C160,2019-11-07,2019-11-07 09:36:55,0.6,1.0909,31,0.58,1.0545,520,0.6,1.0909,4,0.59,1.0727,481,0
IWM191108C160,2019-11-07,2019-11-07 09:36:55,0.6,1.0909,31,0.58,1.0545,600,0.6,1.0909,4,0.59,1.0727,481,0
IWM191108C160,2019-11-07,2019-11-07 09:36:56,0.61,1.109,116,0.59,1.0727,187,0.6,1.0909,4,0.6,1.0909,481,0
IWM191108C160,2019-11-07,2019-11-07 09:36:56,0.61,1.109,119,0.58,1.0545,600,0.6,1.0909,4,0.595,1.0818,481,0
IWM191108C160,2019-11-07,2019-11-07 09:36:57,0.61,1.109,83,0.59,1.0727,177,0.6,1.0909,4,0.6,1.0909,481,0
IWM191108C160,2019-11-07,2019-11-07 09:36:57,0.61,1.109,126,0.59,1.0727,153,0.6,1.0909,4,0.6,1.0909,481,0
IWM191108C160,2019-11-07,2019-11-07 09:36:58,0.59,1.0727,19,0.57,1.0363,87,0.6,1.0909,4,0.58,1.0545,481,0
IWM191108C160,2019-11-07,2019-11-07 09:36:58,0.6,1.0909,50,0.57,1.0363,12,0.6,1.0909,4,0.585,1.0636,481,0
IWM191108C160,2019-11-07,2019-11-07 09:36:59,0.59,1.0727,19,0.57,1.0363,87,0.6,1.0909,4,0.58,1.0545,481,0
IWM191108C160,2019-11-07,2019-11-07 09:36:59,0.59,1.0727,45,0.57,1.0363,86,0.6,1.0909,4,0.58,1.0545,481,0
IWM191108C160,2019-11-07,2019-11-07 09:37:00,0.59,1.0727,539,0.57,1.0363,10,0.6,1.0909,4,0.58,1.0545,481,0
IWM191108C160,2019-11-07,2019-11-07 09:37:00,0.59,1.0727,555,0.57,1.0363,10,0.6,1.0909,4,0.58,1.0545,481,0
IWM191108C160,2019-11-07,2019-11-07 09:37:01,0.59,1.0727,163,0.57,1.0363,39,0.6,1.0909,4,0.58,1.0545,481,0
IWM191108C160,2019-11-07,2019-11-07 09:37:01,0.59,1.0727,499,0.56,1.0181,75,0.6,1.0909,4,0.575,1.0454,481,0
IWM191108C160,2019-11-07,2019-11-07 09:37:02,0.58,1.0545,199,0.55,1.0,468,0.6,1.0909,4,0.565,1.0272,481,0
IWM191108C160,2019-11-07,2019-11-07 09:37:02,0.58,1.0545,90,0.55,1.0,304,0.6,1.0909,4,0.565,1.0272,481,0
IWM191108C160,2019-11-07,2019-11-07 09:37:03,0.58,1.0545,361,0.56,1.0181,47,0.6,1.0909,4,0.57,1.0363,481,0
IWM191108C160,2019-11-07,2019-11-07 09:37:03,0.58,1.0545,242,0.56,1.0181,34,0.6,1.0909,4,0.57,1.0363,481,0
IWM191108C160,2019-11-07,2019-11-07 09:37:04,0.58,1.0545,442,0.56,1.0181,21,0.6,1.0909,4,0.57,1.0363,481,0
IWM191108C160,2019-11-07,2019-11-07 09:37:04,0.58,1.0545,43,0.56,1.0181,21,0.6,1.0909,4,0.57,1.0363,481,0
IWM191108C160,2019-11-07,2019-11-07 09:37:05,0.59,1.0727,135,0.57,1.0363,53,0.6,1.0909,4,0.58,1.0545,481,0
IWM191108C160,2019-11-07,2019-11-07 09:37:05,0.59,1.0727,180,0.57,1.0363,77,0.6,1.0909,4,0.58,1.0545,481,0
IWM191108C160,2019-11-07,2019-11-07 09:37:06,0.59,1.0727,266,0.57,1.0363,128,0.6,1.0909,4,0.58,1.0545,481,0
IWM191108C160,2019-11-07,2019-11-07 09:37:06,0.59,1.0727,266,0.57,1.0363,77,0.6,1.0909,4,0.58,1.0545,481,0
IWM191108C160,2019-11-07,2019-11-07 09:37:07,0.59,1.0727,257,0.57,1.0363,27,0.6,1.0909,4,0.58,1.0545,481,0
IWM191108C160,2019-11-07,2019-11-07 09:37:07,0.59,1.0727,157,0.57,1.0363,27,0.6,1.0909,4,0.58,1.0545,481,0
IWM191108C160,2019-11-07,2019-11-07 09:37:08,0.59,1.0727,57,0.57,1.0363,696,0.6,1.0909,4,0.58,1.0545,481,0
IWM191108C160,2019-11-07,2019-11-07 09:37:09,0.6,1.0909,191,0.58,1.0545,40,0.6,1.0909,4,0.59,1.0727,481,0
IWM191108C160,2019-11-07,2019-11-07 09:37:10,0.61,1.109,197,0.59,1.0727,28,0.6,1.0909,4,0.6,1.0909,481,0
IWM191108C160,2019-11-07,2019-11-07 09:37:10,0.61,1.109,145,0.58,1.0545,415,0.6,1.0909,4,0.595,1.0818,481,0
IWM191108C160,2019-11-07,2019-11-07 09:37:11,0.61,1.109,549,0.59,1.0727,28,0.6,1.0909,4,0.6,1.0909,481,0
IWM191108C160,2019-11-07,2019-11-07 09:37:11,0.61,1.109,549,0.59,1.0727,41,0.6,1.0909,4,0.6,1.0909,481,0
IWM191108C160,2019-11-07,2019-11-07 09:37:12,0.61,1.109,20,0.6,1.0909,59,0.6,1.0909,4,0.605,1.1,481,0
IWM191108C160,2019-11-07,2019-11-07 09:37:12,0.61,1.109,456,0.59,1.0727,41,0.6,1.0909,4,0.6,1.0909,481,0
IWM191108C160,2019-11-07,2019-11-07 09:37:13,0.61,1.109,47,0.59,1.0727,87,0.6,1.0909,4,0.6,1.0909,481,0
IWM191108C160,2019-11-07,2019-11-07 09:37:13,0.6,1.0909,32,0.59,1.0727,16,0.6,1.0909,4,0.595,1.0818,481,0
IWM191108C160,2019-11-07,2019-11-07 09:37:14,0.6,1.0909,14,0.58,1.0545,112,0.6,1.0909,4,0.59,1.0727,481,0
IWM191108C160,2019-11-07,2019-11-07 09:37:14,0.61,1.109,417,0.58,1.0545,112,0.6,1.0909,4,0.595,1.0818,481,0
IWM191108C160,2019-11-07,2019-11-07 09:37:15,0.6,1.0909,2,0.59,1.0727,16,0.6,1.0909,4,0.595,1.0818,481,0
IWM191108C160,2019-11-07,2019-11-07 09:37:15,0.61,1.109,46,0.59,1.0727,104,0.6,1.0909,4,0.6,1.0909,481,0
IWM191108C160,2019-11-07,2019-11-07 09:37:16,0.62,1.1272,469,0.59,1.0727,86,0.6,1.0909,4,0.605,1.1,481,0
IWM191108C160,2019-11-07,2019-11-07 09:37:16,0.62,1.1272,115,0.6,1.0909,16,0.6,1.0909,4,0.61,1.109,481,0
IWM191108C160,2019-11-07,2019-11-07 09:37:17,0.61,1.109,34,0.59,1.0727,39,0.6,1.0909,4,0.6,1.0909,481,0
IWM191108C160,2019-11-07,2019-11-07 09:37:17,0.61,1.109,80,0.58,1.0545,408,0.6,1.0909,4,0.595,1.0818,481,0
IWM191108C160,2019-11-07,2019-11-07 09:37:18,0.61,1.109,34,0.59,1.0727,361,0.6,1.0909,4,0.6,1.0909,481,0
IWM191108C160,2019-11-07,2019-11-07 09:37:18,0.61,1.109,10,0.59,1.0727,576,0.6,1.0909,4,0.6,1.0909,481,0
IWM191108C160,2019-11-07,2019-11-07 09:37:19,0.61,1.109,14,0.59,1.0727,540,0.6,1.0909,4,0.6,1.0909,481,0
IWM191108C160,2019-11-07,2019-11-07 09:37:20,0.61,1.109,100,0.59,1.0727,342,0.6,1.0909,4,0.6,1.0909,481,0
IWM191108C160,2019-11-07,2019-11-07 09:37:20,0.61,1.109,82,0.59,1.0727,341,0.6,1.0909,4,0.6,1.0909,481,0
IWM191108C160,2019-11-07,2019-11-07 09:37:21,0.61,1.109,111,0.59,1.0727,124,0.6,1.0909,4,0.6,1.0909,481,0
IWM191108C160,2019-11-07,2019-11-07 09:37:21,0.61,1.109,14,0.59,1.0727,92,0.6,1.0909,4,0.6,1.0909,481,0
IWM191108C160,2019-11-07,2019-11-07 09:37:22,0.61,1.109,14,0.59,1.0727,290,0.6,1.0909,4,0.6,1.0909,481,0
IWM191108C160,2019-11-07,2019-11-07 09:37:23,0.62,1.1272,130,0.59,1.0727,290,0.6,1.0909,4,0.605,1.1,481,0
IWM191108C160,2019-11-07,2019-11-07 09:37:23,0.62,1.1272,125,0.61,1.109,14,0.6,1.0909,4,0.615,1.1181,481,0
IWM191108C160,2019-11-07,2019-11-07 09:37:24,0.62,1.1272,96,0.6,1.0909,113,0.6,1.0909,4,0.61,1.109,481,0
IWM191108C160,2019-11-07,2019-11-07 09:37:25,0.62,1.1272,104,0.6,1.0909,18,0.6,1.0909,4,0.61,1.109,481,0
IWM191108C160,2019-11-07,2019-11-07 09:37:25,0.62,1.1272,104,0.61,1.109,12,0.6,1.0909,4,0.615,1.1181,481,0
IWM191108C160,2019-11-07,2019-11-07 09:37:26,0.62,1.1272,104,0.61,1.109,12,0.6,1.0909,4,0.615,1.1181,481,0
IWM191108C160,2019-11-07,2019-11-07 09:37:27,0.62,1.1272,116,0.61,1.109,12,0.6,1.0909,4,0.615,1.1181,481,0
IWM191108C160,2019-11-07,2019-11-07 09:37:27,0.62,1.1272,161,0.6,1.0909,40,0.6,1.0909,4,0.61,1.109,481,0
IWM191108C160,2019-11-07,2019-11-07 09:37:28,0.62,1.1272,142,0.6,1.0909,40,0.6,1.0909,4,0.61,1.109,481,0
IWM191108C160,2019-11-07,2019-11-07 09:37:28,0.62,1.1272,104,0.6,1.0909,390,0.6,1.0909,4,0.61,1.109,481,0
IWM191108C160,2019-11-07,2019-11-07 09:37:29,0.62,1.1272,104,0.6,1.0909,400,0.6,1.0909,4,0.61,1.109,481,0
IWM191108C160,2019-11-07,2019-11-07 09:37:29,0.62,1.1272,104,0.6,1.0909,130,0.6,1.0909,4,0.61,1.109,481,0
IWM191108C160,2019-11-07,2019-11-07 09:37:30,0.62,1.1272,47,0.6,1.0909,514,0.6,1.0909,4,0.61,1.109,481,0
IWM191108C160,2019-11-07,2019-11-07 09:37:30,0.62,1.1272,47,0.6,1.0909,594,0.62,1.1272,29,0.61,1.109,510,29
IWM191108C160,2019-11-07,2019-11-07 09:37:31,0.64,1.1636,14,0.62,1.1272,360,0.62,1.1272,29,0.63,1.1454,510,0
IWM191108C160,2019-11-07,2019-11-07 09:37:31,0.64,1.1636,16,0.62,1.1272,296,0.62,1.1272,29,0.63,1.1454,510,0
IWM191108C160,2019-11-07,2019-11-07 09:37:32,0.64,1.1636,14,0.62,1.1272,360,0.62,1.1272,29,0.63,1.1454,510,0
IWM191108C160,2019-11-07,2019-11-07 09:37:32,0.64,1.1636,16,0.62,1.1272,401,0.62,1.1272,29,0.63,1.1454,510,0
IWM191108C160,2019-11-07,2019-11-07 09:37:33,0.64,1.1636,33,0.62,1.1272,401,0.62,1.1272,29,0.63,1.1454,510,0
IWM191108C160,2019-11-07,2019-11-07 09:37:33,0.63,1.1454,103,0.6,1.0909,147,0.62,1.1272,29,0.615,1.1181,510,0
IWM191108C160,2019-11-07,2019-11-07 09:37:34,0.64,1.1636,40,0.62,1.1272,119,0.62,1.1272,29,0.63,1.1454,510,0
IWM191108C160,2019-11-07,2019-11-07 09:37:34,0.64,1.1636,45,0.62,1.1272,119,0.62,1.1272,29,0.63,1.1454,510,0
IWM191108C160,2019-11-07,2019-11-07 09:37:35,0.64,1.1636,40,0.62,1.1272,119,0.62,1.1272,29,0.63,1.1454,510,0
IWM191108C160,2019-11-07,2019-11-07 09:37:36,0.64,1.1636,40,0.62,1.1272,119,0.62,1.1272,29,0.63,1.1454,510,0
IWM191108C160,2019-11-07,2019-11-07 09:37:37,0.64,1.1636,138,0.62,1.1272,39,0.62,1.1272,29,0.63,1.1454,510,0
IWM191108C160,2019-11-07,2019-11-07 09:37:37,0.64,1.1636,40,0.62,1.1272,124,0.62,1.1272,29,0.63,1.1454,510,0
IWM191108C160,2019-11-07,2019-11-07 09:37:38,0.64,1.1636,72,0.63,1.1454,14,0.62,1.1272,29,0.635,1.1545,510,0
IWM191108C160,2019-11-07,2019-11-07 09:37:38,0.64,1.1636,87,0.63,1.1454,14,0.62,1.1272,29,0.635,1.1545,510,0
IWM191108C160,2019-11-07,2019-11-07 09:37:39,0.63,1.1454,58,0.59,1.0727,67,0.62,1.1272,29,0.61,1.109,510,0
IWM191108C160,2019-11-07,2019-11-07 09:37:39,0.63,1.1454,9,0.6,1.0909,90,0.62,1.1272,29,0.615,1.1181,510,0
IWM191108C160,2019-11-07,2019-11-07 09:37:40,0.62,1.1272,86,0.6,1.0909,29,0.62,1.1272,29,0.61,1.109,510,0
IWM191108C160,2019-11-07,2019-11-07 09:37:40,0.62,1.1272,97,0.6,1.0909,16,0.62,1.1272,29,0.61,1.109,510,0
IWM191108C160,2019-11-07,2019-11-07 09:37:41,0.62,1.1272,102,0.6,1.0909,21,0.62,1.1272,29,0.61,1.109,510,0
IWM191108C160,2019-11-07,2019-11-07 09:37:41,0.62,1.1272,86,0.6,1.0909,21,0.62,1.1272,29,0.61,1.109,510,0
IWM191108C160,2019-11-07,2019-11-07 09:37:42,0.63,1.1454,198,0.61,1.109,16,0.61,1.109,1,0.62,1.1272,521,11
IWM191108C160,2019-11-07,2019-11-07 09:37:42,0.62,1.1272,44,0.58,1.0545,93,0.61,1.109,1,0.6,1.0909,521,0
IWM191108C160,2019-11-07,2019-11-07 09:37:43,0.62,1.1272,22,0.59,1.0727,210,0.61,1.109,1,0.605,1.1,521,0
IWM191108C160,2019-11-07,2019-11-07 09:37:43,0.63,1.1454,247,0.59,1.0727,149,0.61,1.109,1,0.61,1.109,521,0
IWM191108C160,2019-11-07,2019-11-07 09:37:44,0.61,1.109,29,0.59,1.0727,200,0.61,1.109,1,0.6,1.0909,521,0
IWM191108C160,2019-11-07,2019-11-07 09:37:44,0.62,1.1272,37,0.59,1.0727,482,0.61,1.109,1,0.605,1.1,521,0
IWM191108C160,2019-11-07,2019-11-07 09:37:45,0.61,1.109,155,0.58,1.0545,217,0.61,1.109,1,0.595,1.0818,521,0
IWM191108C160,2019-11-07,2019-11-07 09:37:46,0.59,1.0727,32,0.58,1.0545,12,0.58,1.0545,75,0.585,1.0636,596,75
IWM191108C160,2019-11-07,2019-11-07 09:37:46,0.61,1.109,356,0.58,1.0545,210,0.58,1.0545,75,0.595,1.0818,596,0
IWM191108C160,2019-11-07,2019-11-07 09:37:47,0.6,1.0909,100,0.58,1.0545,91,0.58,1.0545,75,0.59,1.0727,596,0
IWM191108C160,2019-11-07,2019-11-07 09:37:47,0.6,1.0909,46,0.57,1.0363,397,0.58,1.0545,75,0.585,1.0636,596,0
IWM191108C160,2019-11-07,2019-11-07 09:37:48,0.6,1.0909,115,0.58,1.0545,21,0.58,1.0545,75,0.59,1.0727,596,0
IWM191108C160,2019-11-07,2019-11-07 09:37:48,0.6,1.0909,477,0.58,1.0545,21,0.58,1.0545,75,0.59,1.0727,596,0
IWM191108C160,2019-11-07,2019-11-07 09:37:49,0.6,1.0909,172,0.58,1.0545,207,0.58,1.0545,75,0.59,1.0727,596,0
IWM191108C160,2019-11-07,2019-11-07 09:37:49,0.6,1.0909,326,0.58,1.0545,56,0.58,1.0545,75,0.59,1.0727,596,0
IWM191108C160,2019-11-07,2019-11-07 09:37:50,0.6,1.0909,326,0.58,1.0545,56,0.58,1.0545,75,0.59,1.0727,596,0
IWM191108C160,2019-11-07,2019-11-07 09:37:51,0.61,1.109,490,0.58,1.0545,356,0.58,1.0545,75,0.595,1.0818,596,0
IWM191108C160,2019-11-07,2019-11-07 09:37:51,0.61,1.109,206,0.58,1.0545,208,0.58,1.0545,75,0.595,1.0818,596,0
IWM191108C160,2019-11-07,2019-11-07 09:37:52,0.61,1.109,364,0.58,1.0545,356,0.58,1.0545,75,0.595,1.0818,596,0
IWM191108C160,2019-11-07,2019-11-07 09:37:53,0.6,1.0909,59,0.58,1.0545,156,0.58,1.0545,75,0.59,1.0727,596,0
IWM191108C160,2019-11-07,2019-11-07 09:37:53,0.6,1.0909,416,0.56,1.0181,330,0.58,1.0545,75,0.58,1.0545,596,0
IWM191108C160,2019-11-07,2019-11-07 09:37:54,0.59,1.0727,271,0.57,1.0363,16,0.58,1.0545,75,0.58,1.0545,596,0
IWM191108C160,2019-11-07,2019-11-07 09:37:54,0.59,1.0727,44,0.57,1.0363,21,0.58,1.0545,75,0.58,1.0545,596,0
IWM191108C160,2019-11-07,2019-11-07 09:37:55,0.59,1.0727,236,0.57,1.0363,12,0.58,1.0545,75,0.58,1.0545,596,0
IWM191108C160,2019-11-07,2019-11-07 09:37:55,0.59,1.0727,236,0.57,1.0363,96,0.58,1.0545,75,0.58,1.0545,596,0
IWM191108C160,2019-11-07,2019-11-07 09:37:56,0.59,1.0727,562,0.56,1.0181,86,0.58,1.0545,75,0.575,1.0454,596,0
IWM191108C160,2019-11-07,2019-11-07 09:37:57,0.58,1.0545,70,0.57,1.0363,8,0.58,1.0545,75,0.575,1.0454,596,0
IWM191108C160,2019-11-07,2019-11-07 09:37:57,0.58,1.0545,69,0.56,1.0181,107,0.58,1.0545,75,0.57,1.0363,596,0
IWM191108C160,2019-11-07,2019-11-07 09:37:58,0.59,1.0727,166,0.57,1.0363,12,0.58,1.0545,75,0.58,1.0545,596,0
IWM191108C160,2019-11-07,2019-11-07 09:37:58,0.59,1.0727,136,0.56,1.0181,401,0.58,1.0545,75,0.575,1.0454,596,0
IWM191108C160,2019-11-07,2019-11-07 09:37:59,0.59,1.0727,138,0.57,1.0363,409,0.58,1.0545,75,0.58,1.0545,596,0
IWM191108C160,2019-11-07,2019-11-07 09:37:59,0.59,1.0727,138,0.57,1.0363,156,0.58,1.0545,75,0.58,1.0545,596,0
IWM191108C160,2019-11-07,2019-11-07 09:38:00,0.59,1.0727,97,0.57,1.0363,96,0.58,1.0545,75,0.58,1.0545,596,0
IWM191108C160,2019-11-07,2019-11-07 09:38:00,0.59,1.0727,97,0.57,1.0363,29,0.58,1.0545,75,0.58,1.0545,596,0
IWM191108C160,2019-11-07,2019-11-07 09:38:01,0.59,1.0727,29,0.57,1.0363,462,0.58,1.0545,75,0.58,1.0545,596,0
IWM191108C160,2019-11-07,2019-11-07 09:38:01,0.59,1.0727,50,0.57,1.0363,361,0.58,1.0545,75,0.58,1.0545,596,0
IWM191108C160,2019-11-07,2019-11-07 09:38:02,0.61,1.109,585,0.58,1.0545,347,0.59,1.0727,15,0.595,1.0818,611,15
IWM191108C160,2019-11-07,2019-11-07 09:38:02,0.59,1.0727,15,0.58,1.0545,222,0.58,1.0545,75,0.585,1.0636,596,0
IWM191108C160,2019-11-07,2019-11-07 09:38:03,0.6,1.0909,174,0.58,1.0545,21,0.59,1.0727,15,0.59,1.0727,611,0
IWM191108C160,2019-11-07,2019-11-07 09:38:03,0.6,1.0909,140,0.58,1.0545,228,0.59,1.0727,15,0.59,1.0727,611,0
IWM191108C160,2019-11-07,2019-11-07 09:38:04,0.59,1.0727,29,0.58,1.0545,21,0.59,1.0727,15,0.585,1.0636,611,0
IWM191108C160,2019-11-07,2019-11-07 09:38:04,0.6,1.0909,131,0.58,1.0545,21,0.59,1.0727,15,0.59,1.0727,611,0
IWM191108C160,2019-11-07,2019-11-07 09:38:05,0.59,1.0727,29,0.57,1.0363,12,0.58,1.0545,10,0.58,1.0545,621,10
IWM191108C160,2019-11-07,2019-11-07 09:38:05,0.59,1.0727,29,0.58,1.0545,88,0.59,1.0727,15,0.585,1.0636,611,0
IWM191108C160,2019-11-07,2019-11-07 09:38:06,0.58,1.0545,29,0.56,1.0181,96,0.58,1.0545,10,0.57,1.0363,621,0
IWM191108C160,2019-11-07,2019-11-07 09:38:07,0.58,1.0545,104,0.56,1.0181,104,0.58,1.0545,10,0.57,1.0363,621,0
IWM191108C160,2019-11-07,2019-11-07 09:38:08,0.58,1.0545,15,0.57,1.0363,16,0.58,1.0545,10,0.575,1.0454,621,0
IWM191108C160,2019-11-07,2019-11-07 09:38:08,0.58,1.0545,47,0.57,1.0363,12,0.58,1.0545,10,0.575,1.0454,621,0
IWM191108C160,2019-11-07,2019-11-07 09:38:09,0.59,1.0727,49,0.57,1.0363,131,0.58,1.0545,10,0.58,1.0545,621,0
IWM191108C160,2019-11-07,2019-11-07 09:38:09,0.59,1.0727,85,0.57,1.0363,29,0.58,1.0545,10,0.58,1.0545,621,0
IWM191108C160,2019-11-07,2019-11-07 09:38:10,0.59,1.0727,33,0.57,1.0363,274,0.58,1.0545,10,0.58,1.0545,621,0
IWM191108C160,2019-11-07,2019-11-07 09:38:11,0.59,1.0727,8,0.57,1.0363,181,0.58,1.0545,10,0.58,1.0545,621,0
IWM191108C160,2019-11-07,2019-11-07 09:38:11,0.6,1.0909,115,0.58,1.0545,86,0.58,1.0545,10,0.59,1.0727,621,0
IWM191108C160,2019-11-07,2019-11-07 09:38:12,0.59,1.0727,609,0.56,1.0181,86,0.58,1.0545,10,0.575,1.0454,621,0
IWM191108C160,2019-11-07,2019-11-07 09:38:12,0.59,1.0727,609,0.56,1.0181,243,0.58,1.0545,10,0.575,1.0454,621,0
IWM191108C160,2019-11-07,2019-11-07 09:38:13,0.59,1.0727,609,0.57,1.0363,12,0.57,1.0363,26,0.58,1.0545,647,26
IWM191108C160,2019-11-07,2019-11-07 09:38:13,0.59,1.0727,609,0.57,1.0363,12,0.58,1.0545,10,0.58,1.0545,621,0
IWM191108C160,2019-11-07,2019-11-07 09:38:14,0.59,1.0727,609,0.57,1.0363,12,0.57,1.0363,26,0.58,1.0545,647,0
IWM191108C160,2019-11-07,2019-11-07 09:38:14,0.58,1.0545,27,0.57,1.0363,12,0.57,1.0363,26,0.575,1.0454,647,0
IWM191108C160,2019-11-07,2019-11-07 09:38:15,0.58,1.0545,32,0.57,1.0363,12,0.57,1.0363,26,0.575,1.0454,647,0
IWM191108C160,2019-11-07,2019-11-07 09:38:15,0.58,1.0545,41,0.57,1.0363,12,0.57,1.0363,26,0.575,1.0454,647,0
IWM191108C160,2019-11-07,2019-11-07 09:38:16,0.58,1.0545,32,0.56,1.0181,135,0.57,1.0363,26,0.57,1.0363,647,0
IWM191108C160,2019-11-07,2019-11-07 09:38:17,0.58,1.0545,29,0.57,1.0363,16,0.57,1.0363,26,0.575,1.0454,647,0
IWM191108C160,2019-11-07,2019-11-07 09:38:17,0.58,1.0545,29,0.57,1.0363,8,0.57,1.0363,26,0.575,1.0454,647,0
IWM191108C160,2019-11-07,2019-11-07 09:38:18,0.58,1.0545,27,0.57,1.0363,74,0.57,1.0363,26,0.575,1.0454,647,0
IWM191108C160,2019-11-07,2019-11-07 09:38:18,0.59,1.0727,134,0.57,1.0363,74,0.57,1.0363,26,0.58,1.0545,647,0
IWM191108C160,2019-11-07,2019-11-07 09:38:19,0.58,1.0545,14,0.56,1.0181,178,0.57,1.0363,26,0.57,1.0363,647,0
IWM191108C160,2019-11-07,2019-11-07 09:38:19,0.58,1.0545,29,0.57,1.0363,16,0.57,1.0363,26,0.575,1.0454,647,0
IWM191108C160,2019-11-07,2019-11-07 09:38:20,0.59,1.0727,84,0.57,1.0363,16,0.57,1.0363,26,0.58,1.0545,647,0
IWM191108C160,2019-11-07,2019-11-07 09:38:20,0.58,1.0545,29,0.57,1.0363,16,0.57,1.0363,26,0.575,1.0454,647,0
IWM191108C160,2019-11-07,2019-11-07 09:38:21,0.59,1.0727,28,0.58,1.0545,68,0.57,1.0363,26,0.585,1.0636,647,0
IWM191108C160,2019-11-07,2019-11-07 09:38:21,0.59,1.0727,32,0.57,1.0363,348,0.57,1.0363,26,0.58,1.0545,647,0
IWM191108C160,2019-11-07,2019-11-07 09:38:22,0.59,1.0727,25,0.57,1.0363,301,0.57,1.0363,26,0.58,1.0545,647,0
IWM191108C160,2019-11-07,2019-11-07 09:38:22,0.59,1.0727,23,0.58,1.0545,12,0.57,1.0363,26,0.585,1.0636,647,0
IWM191108C160,2019-11-07,2019-11-07 09:38:23,0.59,1.0727,23,0.58,1.0545,71,0.57,1.0363,26,0.585,1.0636,647,0
IWM191108C160,2019-11-07,2019-11-07 09:38:24,0.59,1.0727,13,0.58,1.0545,71,0.57,1.0363,26,0.585,1.0636,647,0
IWM191108C160,2019-11-07,2019-11-07 09:38:24,0.59,1.0727,17,0.58,1.0545,71,0.57,1.0363,26,0.585,1.0636,647,0
IWM191108C160,2019-11-07,2019-11-07 09:38:25,0.59,1.0727,13,0.58,1.0545,26,0.57,1.0363,26,0.585,1.0636,647,0
IWM191108C160,2019-11-07,2019-11-07 09:38:26,0.59,1.0727,13,0.58,1.0545,26,0.57,1.0363,26,0.585,1.0636,647,0
IWM191108C160,2019-11-07,2019-11-07 09:38:27,0.59,1.0727,13,0.58,1.0545,26,0.57,1.0363,26,0.585,1.0636,647,0
IWM191108C160,2019-11-07,2019-11-07 09:38:28,0.6,1.0909,697,0.58,1.0545,26,0.57,1.0363,26,0.59,1.0727,647,0
IWM191108C160,2019-11-07,2019-11-07 09:38:28,0.6,1.0909,632,0.58,1.0545,26,0.57,1.0363,26,0.59,1.0727,647,0
IWM191108C160,2019-11-07,2019-11-07 09:38:29,0.6,1.0909,664,0.58,1.0545,51,0.57,1.0363,26,0.59,1.0727,647,0
IWM191108C160,2019-11-07,2019-11-07 09:38:29,0.6,1.0909,697,0.58,1.0545,34,0.57,1.0363,26,0.59,1.0727,647,0
IWM191108C160,2019-11-07,2019-11-07 09:38:30,0.6,1.0909,664,0.58,1.0545,65,0.57,1.0363,26,0.59,1.0727,647,0
IWM191108C160,2019-11-07,2019-11-07 09:38:30,0.6,1.0909,464,0.58,1.0545,65,0.57,1.0363,26,0.59,1.0727,647,0
IWM191108C160,2019-11-07,2019-11-07 09:38:31,0.6,1.0909,464,0.58,1.0545,273,0.57,1.0363,26,0.59,1.0727,647,0
IWM191108C160,2019-11-07,2019-11-07 09:38:31,0.6,1.0909,464,0.58,1.0545,220,0.57,1.0363,26,0.59,1.0727,647,0
IWM191108C160,2019-11-07,2019-11-07 09:38:32,0.6,1.0909,464,0.58,1.0545,220,0.57,1.0363,26,0.59,1.0727,647,0
IWM191108C160,2019-11-07,2019-11-07 09:38:32,0.6,1.0909,65,0.58,1.0545,218,0.57,1.0363,26,0.59,1.0727,647,0
IWM191108C160,2019-11-07,2019-11-07 09:38:33,0.6,1.0909,29,0.58,1.0545,487,0.57,1.0363,26,0.59,1.0727,647,0
IWM191108C160,2019-11-07,2019-11-07 09:38:33,0.6,1.0909,42,0.59,1.0727,51,0.57,1.0363,26,0.595,1.0818,647,0
IWM191108C160,2019-11-07,2019-11-07 09:38:34,0.6,1.0909,22,0.59,1.0727,51,0.57,1.0363,26,0.595,1.0818,647,0
IWM191108C160,2019-11-07,2019-11-07 09:38:34,0.61,1.109,95,0.59,1.0727,51,0.57,1.0363,26,0.6,1.0909,647,0
IWM191108C160,2019-11-07,2019-11-07 09:38:35,0.61,1.109,117,0.59,1.0727,261,0.57,1.0363,26,0.6,1.0909,647,0
IWM191108C160,2019-11-07,2019-11-07 09:38:35,0.61,1.109,100,0.59,1.0727,392,0.57,1.0363,26,0.6,1.0909,647,0
IWM191108C160,2019-11-07,2019-11-07 09:38:36,0.61,1.109,160,0.59,1.0727,427,0.57,1.0363,26,0.6,1.0909,647,0
IWM191108C160,2019-11-07,2019-11-07 09:38:36,0.61,1.109,199,0.59,1.0727,427,0.57,1.0363,26,0.6,1.0909,647,0
IWM191108C160,2019-11-07,2019-11-07 09:38:37,0.61,1.109,108,0.6,1.0909,8,0.57,1.0363,26,0.605,1.1,647,0
IWM191108C160,2019-11-07,2019-11-07 09:38:37,0.61,1.109,199,0.59,1.0727,427,0.57,1.0363,26,0.6,1.0909,647,0
IWM191108C160,2019-11-07,2019-11-07 09:38:38,0.61,1.109,293,0.6,1.0909,8,0.57,1.0363,26,0.605,1.1,647,0
IWM191108C160,2019-11-07,2019-11-07 09:38:38,0.61,1.109,98,0.6,1.0909,8,0.57,1.0363,26,0.605,1.1,647,0
IWM191108C160,2019-11-07,2019-11-07 09:38:39,0.61,1.109,168,0.59,1.0727,56,0.57,1.0363,26,0.6,1.0909,647,0
IWM191108C160,2019-11-07,2019-11-07 09:38:39,0.61,1.109,439,0.59,1.0727,55,0.57,1.0363,26,0.6,1.0909,647,0
IWM191108C160,2019-11-07,2019-11-07 09:38:40,0.61,1.109,510,0.59,1.0727,19,0.57,1.0363,26,0.6,1.0909,647,0
IWM191108C160,2019-11-07,2019-11-07 09:38:40,0.61,1.109,255,0.58,1.0545,140,0.57,1.0363,26,0.595,1.0818,647,0
IWM191108C160,2019-11-07,2019-11-07 09:38:41,0.6,1.0909,304,0.58,1.0545,1,0.57,1.0363,26,0.59,1.0727,647,0
IWM191108C160,2019-11-07,2019-11-07 09:38:41,0.61,1.109,510,0.58,1.0545,86,0.57,1.0363,26,0.595,1.0818,647,0
