symbol,Date,quote_time,ask_price,norm_ask_price,ask_size,bid_price,norm_bid_price,bid_size,last_trade_price,norm_last_trade_price,last_trade_size,mark_price,norm_mark_price,volume,Volume
IWM191115C159,2019-11-12,2019-11-12 09:30:00,0.96,1.0,18,0.87,0.9062,18,0.92,0.9583,1,0.915,0.9531,0,0
IWM191115C159,2019-11-12,2019-11-12 09:30:01,0.96,1.0,31,0.87,0.9062,31,0.92,0.9583,1,0.915,0.9531,1,1
IWM191115C159,2019-11-12,2019-11-12 09:30:02,0.96,1.0,31,0.87,0.9062,31,0.92,0.9583,1,0.915,0.9531,1,0
IWM191115C159,2019-11-12,2019-11-12 09:30:03,0.95,0.9895,307,0.87,0.9062,150,0.92,0.9583,1,0.91,0.9479,1,0
IWM191115C159,2019-11-12,2019-11-12 09:30:03,0.95,0.9895,407,0.88,0.9166,113,0.92,0.9583,1,0.915,0.9531,1,0
IWM191115C159,2019-11-12,2019-11-12 09:30:04,0.94,0.9791,75,0.87,0.9062,308,0.92,0.9583,1,0.905,0.9427,1,0
IWM191115C159,2019-11-12,2019-11-12 09:30:05,0.94,0.9791,313,0.87,0.9062,308,0.92,0.9583,1,0.905,0.9427,1,0
IWM191115C159,2019-11-12,2019-11-12 09:30:05,0.94,0.9791,281,0.87,0.9062,311,0.92,0.9583,1,0.905,0.9427,1,0
IWM191115C159,2019-11-12,2019-11-12 09:30:06,0.94,0.9791,281,0.87,0.9062,311,0.92,0.9583,1,0.905,0.9427,1,0
IWM191115C159,2019-11-12,2019-11-12 09:30:06,0.94,0.9791,317,0.87,0.9062,276,0.92,0.9583,1,0.905,0.9427,1,0
IWM191115C159,2019-11-12,2019-11-12 09:30:07,0.94,0.9791,386,0.87,0.9062,335,0.92,0.9583,1,0.905,0.9427,1,0
IWM191115C159,2019-11-12,2019-11-12 09:30:08,0.94,0.9791,386,0.87,0.9062,335,0.92,0.9583,1,0.905,0.9427,1,0
IWM191115C159,2019-11-12,2019-11-12 09:30:09,0.94,0.9791,40,0.88,0.9166,75,0.92,0.9583,1,0.91,0.9479,1,0
IWM191115C159,2019-11-12,2019-11-12 09:30:09,0.94,0.9791,123,0.88,0.9166,272,0.92,0.9583,1,0.91,0.9479,1,0
IWM191115C159,2019-11-12,2019-11-12 09:30:10,0.94,0.9791,376,0.88,0.9166,75,0.92,0.9583,1,0.91,0.9479,1,0
IWM191115C159,2019-11-12,2019-11-12 09:30:11,0.94,0.9791,295,0.88,0.9166,75,0.92,0.9583,1,0.91,0.9479,1,0
IWM191115C159,2019-11-12,2019-11-12 09:30:11,0.94,0.9791,240,0.88,0.9166,355,0.92,0.9583,1,0.91,0.9479,1,0
IWM191115C159,2019-11-12,2019-11-12 09:30:12,0.94,0.9791,143,0.88,0.9166,164,0.92,0.9583,1,0.91,0.9479,1,0
IWM191115C159,2019-11-12,2019-11-12 09:30:12,0.94,0.9791,143,0.88,0.9166,25,0.92,0.9583,1,0.91,0.9479,1,0
IWM191115C159,2019-11-12,2019-11-12 09:30:13,0.93,0.9687,238,0.87,0.9062,85,0.92,0.9583,1,0.9,0.9375,1,0
IWM191115C159,2019-11-12,2019-11-12 09:30:14,0.93,0.9687,536,0.87,0.9062,107,0.92,0.9583,1,0.9,0.9375,1,0
IWM191115C159,2019-11-12,2019-11-12 09:30:14,0.91,0.9479,530,0.85,0.8854,290,0.92,0.9583,1,0.88,0.9166,1,0
IWM191115C159,2019-11-12,2019-11-12 09:30:15,0.91,0.9479,559,0.85,0.8854,10,0.92,0.9583,1,0.88,0.9166,1,0
IWM191115C159,2019-11-12,2019-11-12 09:30:15,0.91,0.9479,559,0.84,0.875,347,0.92,0.9583,1,0.875,0.9114,1,0
IWM191115C159,2019-11-12,2019-11-12 09:30:16,0.91,0.9479,295,0.86,0.8958,75,0.92,0.9583,1,0.885,0.9218,1,0
IWM191115C159,2019-11-12,2019-11-12 09:30:16,0.91,0.9479,98,0.86,0.8958,58,0.92,0.9583,1,0.885,0.9218,1,0
IWM191115C159,2019-11-12,2019-11-12 09:30:17,0.91,0.9479,99,0.87,0.9062,291,0.92,0.9583,1,0.89,0.927,1,0
IWM191115C159,2019-11-12,2019-11-12 09:30:18,0.9,0.9375,38,0.86,0.8958,126,0.92,0.9583,1,0.88,0.9166,1,0
IWM191115C159,2019-11-12,2019-11-12 09:30:18,0.9,0.9375,470,0.84,0.875,533,0.92,0.9583,1,0.87,0.9062,1,0
IWM191115C159,2019-11-12,2019-11-12 09:30:19,0.89,0.927,327,0.84,0.875,482,0.92,0.9583,1,0.865,0.901,1,0
IWM191115C159,2019-11-12,2019-11-12 09:30:19,0.89,0.927,527,0.84,0.875,407,0.92,0.9583,1,0.865,0.901,1,0
IWM191115C159,2019-11-12,2019-11-12 09:30:20,0.89,0.927,637,0.84,0.875,407,0.92,0.9583,1,0.865,0.901,1,0
IWM191115C159,2019-11-12,2019-11-12 09:30:20,0.89,0.927,738,0.83,0.8645,421,0.92,0.9583,1,0.86,0.8958,1,0
IWM191115C159,2019-11-12,2019-11-12 09:30:21,0.89,0.927,495,0.84,0.875,10,0.92,0.9583,1,0.865,0.901,1,0
IWM191115C159,2019-11-12,2019-11-12 09:30:21,0.89,0.927,309,0.84,0.875,77,0.92,0.9583,1,0.865,0.901,1,0
IWM191115C159,2019-11-12,2019-11-12 09:30:22,0.88,0.9166,529,0.83,0.8645,462,0.92,0.9583,1,0.855,0.8906,1,0
IWM191115C159,2019-11-12,2019-11-12 09:30:22,0.88,0.9166,475,0.83,0.8645,462,0.92,0.9583,1,0.855,0.8906,1,0
IWM191115C159,2019-11-12,2019-11-12 09:30:23,0.88,0.9166,451,0.83,0.8645,285,0.92,0.9583,1,0.855,0.8906,1,0
IWM191115C159,2019-11-12,2019-11-12 09:30:23,0.88,0.9166,517,0.83,0.8645,323,0.92,0.9583,1,0.855,0.8906,1,0
IWM191115C159,2019-11-12,2019-11-12 09:30:24,0.88,0.9166,589,0.83,0.8645,377,0.92,0.9583,1,0.855,0.8906,1,0
IWM191115C159,2019-11-12,2019-11-12 09:30:24,0.88,0.9166,571,0.83,0.8645,313,0.92,0.9583,1,0.855,0.8906,1,0
IWM191115C159,2019-11-12,2019-11-12 09:30:25,0.87,0.9062,115,0.83,0.8645,280,0.92,0.9583,1,0.85,0.8854,1,0
IWM191115C159,2019-11-12,2019-11-12 09:30:25,0.87,0.9062,319,0.83,0.8645,280,0.92,0.9583,1,0.85,0.8854,1,0
IWM191115C159,2019-11-12,2019-11-12 09:30:26,0.87,0.9062,368,0.83,0.8645,280,0.92,0.9583,1,0.85,0.8854,1,0
IWM191115C159,2019-11-12,2019-11-12 09:30:27,0.87,0.9062,125,0.85,0.8854,50,0.92,0.9583,1,0.86,0.8958,1,0
IWM191115C159,2019-11-12,2019-11-12 09:30:28,0.87,0.9062,77,0.85,0.8854,50,0.92,0.9583,1,0.86,0.8958,1,0
IWM191115C159,2019-11-12,2019-11-12 09:30:29,0.87,0.9062,81,0.85,0.8854,50,0.92,0.9583,1,0.86,0.8958,1,0
IWM191115C159,2019-11-12,2019-11-12 09:30:30,0.87,0.9062,430,0.85,0.8854,50,0.92,0.9583,1,0.86,0.8958,1,0
IWM191115C159,2019-11-12,2019-11-12 09:30:30,0.87,0.9062,534,0.85,0.8854,50,0.92,0.9583,1,0.86,0.8958,1,0
IWM191115C159,2019-11-12,2019-11-12 09:30:31,0.87,0.9062,411,0.85,0.8854,50,0.92,0.9583,1,0.86,0.8958,1,0
IWM191115C159,2019-11-12,2019-11-12 09:30:31,0.87,0.9062,239,0.85,0.8854,50,0.92,0.9583,1,0.86,0.8958,1,0
IWM191115C159,2019-11-12,2019-11-12 09:30:32,0.87,0.9062,128,0.85,0.8854,50,0.92,0.9583,1,0.86,0.8958,1,0
IWM191115C159,2019-11-12,2019-11-12 09:30:32,0.87,0.9062,199,0.85,0.8854,50,0.92,0.9583,1,0.86,0.8958,1,0
IWM191115C159,2019-11-12,2019-11-12 09:30:33,0.87,0.9062,212,0.85,0.8854,50,0.92,0.9583,1,0.86,0.8958,1,0
IWM191115C159,2019-11-12,2019-11-12 09:30:33,0.87,0.9062,58,0.85,0.8854,50,0.92,0.9583,1,0.86,0.8958,1,0
IWM191115C159,2019-11-12,2019-11-12 09:30:34,0.87,0.9062,212,0.85,0.8854,50,0.92,0.9583,1,0.86,0.8958,1,0
IWM191115C159,2019-11-12,2019-11-12 09:30:35,0.87,0.9062,359,0.85,0.8854,50,0.92,0.9583,1,0.86,0.8958,1,0
IWM191115C159,2019-11-12,2019-11-12 09:30:35,0.87,0.9062,341,0.85,0.8854,50,0.92,0.9583,1,0.86,0.8958,1,0
IWM191115C159,2019-11-12,2019-11-12 09:30:36,0.87,0.9062,356,0.85,0.8854,50,0.92,0.9583,1,0.86,0.8958,1,0
IWM191115C159,2019-11-12,2019-11-12 09:30:37,0.87,0.9062,449,0.83,0.8645,58,0.85,0.8854,50,0.85,0.8854,51,50
IWM191115C159,2019-11-12,2019-11-12 09:30:37,0.87,0.9062,356,0.85,0.8854,50,0.92,0.9583,1,0.86,0.8958,1,0
IWM191115C159,2019-11-12,2019-11-12 09:30:38,0.85,0.8854,20,0.82,0.8541,40,0.85,0.8854,50,0.835,0.8697,51,0
IWM191115C159,2019-11-12,2019-11-12 09:30:38,0.85,0.8854,75,0.82,0.8541,40,0.85,0.8854,50,0.835,0.8697,51,0
IWM191115C159,2019-11-12,2019-11-12 09:30:39,0.85,0.8854,162,0.82,0.8541,40,0.85,0.8854,50,0.835,0.8697,51,0
IWM191115C159,2019-11-12,2019-11-12 09:30:39,0.84,0.875,75,0.82,0.8541,40,0.85,0.8854,50,0.83,0.8645,51,0
IWM191115C159,2019-11-12,2019-11-12 09:30:40,0.84,0.875,20,0.81,0.8437,44,0.85,0.8854,50,0.825,0.8593,51,0
IWM191115C159,2019-11-12,2019-11-12 09:30:40,0.84,0.875,20,0.81,0.8437,57,0.85,0.8854,50,0.825,0.8593,51,0
IWM191115C159,2019-11-12,2019-11-12 09:30:41,0.85,0.8854,355,0.81,0.8437,292,0.85,0.8854,50,0.83,0.8645,51,0
IWM191115C159,2019-11-12,2019-11-12 09:30:41,0.85,0.8854,468,0.81,0.8437,488,0.85,0.8854,50,0.83,0.8645,51,0
IWM191115C159,2019-11-12,2019-11-12 09:30:42,0.85,0.8854,650,0.81,0.8437,488,0.85,0.8854,50,0.83,0.8645,51,0
IWM191115C159,2019-11-12,2019-11-12 09:30:43,0.85,0.8854,666,0.81,0.8437,506,0.85,0.8854,50,0.83,0.8645,51,0
IWM191115C159,2019-11-12,2019-11-12 09:30:45,0.85,0.8854,655,0.81,0.8437,535,0.85,0.8854,50,0.83,0.8645,51,0
IWM191115C159,2019-11-12,2019-11-12 09:30:45,0.85,0.8854,95,0.81,0.8437,535,0.85,0.8854,50,0.83,0.8645,51,0
IWM191115C159,2019-11-12,2019-11-12 09:30:46,0.85,0.8854,58,0.82,0.8541,136,0.85,0.8854,50,0.835,0.8697,51,0
IWM191115C159,2019-11-12,2019-11-12 09:30:47,0.85,0.8854,83,0.82,0.8541,64,0.85,0.8854,50,0.835,0.8697,51,0
IWM191115C159,2019-11-12,2019-11-12 09:30:47,0.85,0.8854,64,0.82,0.8541,40,0.85,0.8854,50,0.835,0.8697,51,0
IWM191115C159,2019-11-12,2019-11-12 09:30:48,0.85,0.8854,102,0.82,0.8541,40,0.85,0.8854,50,0.835,0.8697,51,0
IWM191115C159,2019-11-12,2019-11-12 09:30:49,0.85,0.8854,55,0.82,0.8541,359,0.85,0.8854,50,0.835,0.8697,51,0
IWM191115C159,2019-11-12,2019-11-12 09:30:49,0.85,0.8854,55,0.82,0.8541,293,0.85,0.8854,50,0.835,0.8697,51,0
IWM191115C159,2019-11-12,2019-11-12 09:30:50,0.85,0.8854,10,0.82,0.8541,537,0.85,0.8854,50,0.835,0.8697,51,0
IWM191115C159,2019-11-12,2019-11-12 09:30:50,0.85,0.8854,55,0.82,0.8541,480,0.85,0.8854,50,0.835,0.8697,51,0
IWM191115C159,2019-11-12,2019-11-12 09:30:51,0.85,0.8854,10,0.83,0.8645,115,0.85,0.8854,50,0.84,0.875,51,0
IWM191115C159,2019-11-12,2019-11-12 09:30:52,0.87,0.9062,95,0.84,0.875,115,0.85,0.8854,50,0.855,0.8906,51,0
IWM191115C159,2019-11-12,2019-11-12 09:30:52,0.87,0.9062,140,0.83,0.8645,518,0.85,0.8854,50,0.85,0.8854,51,0
IWM191115C159,2019-11-12,2019-11-12 09:30:53,0.87,0.9062,95,0.84,0.875,133,0.85,0.8854,50,0.855,0.8906,51,0
IWM191115C159,2019-11-12,2019-11-12 09:30:53,0.88,0.9166,60,0.84,0.875,372,0.85,0.8854,50,0.86,0.8958,51,0
IWM191115C159,2019-11-12,2019-11-12 09:30:54,0.88,0.9166,75,0.85,0.8854,99,0.85,0.8854,50,0.865,0.901,51,0
IWM191115C159,2019-11-12,2019-11-12 09:30:54,0.88,0.9166,60,0.85,0.8854,99,0.85,0.8854,50,0.865,0.901,51,0
IWM191115C159,2019-11-12,2019-11-12 09:30:55,0.88,0.9166,75,0.84,0.875,478,0.85,0.8854,50,0.86,0.8958,51,0
IWM191115C159,2019-11-12,2019-11-12 09:30:55,0.88,0.9166,324,0.84,0.875,520,0.85,0.8854,50,0.86,0.8958,51,0
IWM191115C159,2019-11-12,2019-11-12 09:30:56,0.88,0.9166,509,0.84,0.875,520,0.85,0.8854,50,0.86,0.8958,51,0
IWM191115C159,2019-11-12,2019-11-12 09:30:57,0.88,0.9166,553,0.84,0.875,520,0.85,0.8854,50,0.86,0.8958,51,0
IWM191115C159,2019-11-12,2019-11-12 09:30:57,0.88,0.9166,724,0.84,0.875,520,0.85,0.8854,50,0.86,0.8958,51,0
IWM191115C159,2019-11-12,2019-11-12 09:30:58,0.88,0.9166,830,0.84,0.875,75,0.85,0.8854,50,0.86,0.8958,51,0
IWM191115C159,2019-11-12,2019-11-12 09:30:59,0.88,0.9166,833,0.84,0.875,16,0.85,0.8854,50,0.86,0.8958,51,0
IWM191115C159,2019-11-12,2019-11-12 09:30:59,0.88,0.9166,795,0.84,0.875,12,0.85,0.8854,50,0.86,0.8958,51,0
IWM191115C159,2019-11-12,2019-11-12 09:31:00,0.87,0.9062,333,0.83,0.8645,265,0.85,0.8854,50,0.85,0.8854,51,0
IWM191115C159,2019-11-12,2019-11-12 09:31:00,0.87,0.9062,333,0.83,0.8645,340,0.85,0.8854,50,0.85,0.8854,51,0
IWM191115C159,2019-11-12,2019-11-12 09:31:01,0.87,0.9062,395,0.83,0.8645,340,0.85,0.8854,50,0.85,0.8854,51,0
IWM191115C159,2019-11-12,2019-11-12 09:31:01,0.87,0.9062,269,0.83,0.8645,340,0.85,0.8854,50,0.85,0.8854,51,0
IWM191115C159,2019-11-12,2019-11-12 09:31:02,0.87,0.9062,565,0.83,0.8645,409,0.85,0.8854,50,0.85,0.8854,51,0
IWM191115C159,2019-11-12,2019-11-12 09:31:03,0.87,0.9062,577,0.83,0.8645,406,0.85,0.8854,50,0.85,0.8854,51,0
IWM191115C159,2019-11-12,2019-11-12 09:31:03,0.87,0.9062,542,0.83,0.8645,660,0.85,0.8854,50,0.85,0.8854,51,0
IWM191115C159,2019-11-12,2019-11-12 09:31:04,0.87,0.9062,449,0.83,0.8645,405,0.85,0.8854,50,0.85,0.8854,51,0
IWM191115C159,2019-11-12,2019-11-12 09:31:04,0.87,0.9062,419,0.83,0.8645,451,0.85,0.8854,50,0.85,0.8854,51,0
IWM191115C159,2019-11-12,2019-11-12 09:31:05,0.87,0.9062,681,0.83,0.8645,405,0.85,0.8854,50,0.85,0.8854,51,0
IWM191115C159,2019-11-12,2019-11-12 09:31:06,0.87,0.9062,151,0.84,0.875,383,0.85,0.8854,50,0.855,0.8906,51,0
IWM191115C159,2019-11-12,2019-11-12 09:31:06,0.87,0.9062,63,0.83,0.8645,423,0.85,0.8854,50,0.85,0.8854,51,0
IWM191115C159,2019-11-12,2019-11-12 09:31:07,0.87,0.9062,140,0.84,0.875,383,0.85,0.8854,50,0.855,0.8906,51,0
IWM191115C159,2019-11-12,2019-11-12 09:31:08,0.86,0.8958,56,0.84,0.875,18,0.85,0.8854,50,0.85,0.8854,51,0
IWM191115C159,2019-11-12,2019-11-12 09:31:09,0.86,0.8958,51,0.83,0.8645,305,0.85,0.8854,50,0.845,0.8802,51,0
IWM191115C159,2019-11-12,2019-11-12 09:31:09,0.86,0.8958,52,0.83,0.8645,389,0.85,0.8854,50,0.845,0.8802,51,0
IWM191115C159,2019-11-12,2019-11-12 09:31:10,0.87,0.9062,4,0.83,0.8645,16,0.85,0.8854,50,0.85,0.8854,51,0
IWM191115C159,2019-11-12,2019-11-12 09:31:10,0.87,0.9062,99,0.84,0.875,22,0.85,0.8854,50,0.855,0.8906,51,0
IWM191115C159,2019-11-12,2019-11-12 09:31:11,0.87,0.9062,58,0.84,0.875,113,0.85,0.8854,50,0.855,0.8906,51,0
IWM191115C159,2019-11-12,2019-11-12 09:31:11,0.87,0.9062,58,0.84,0.875,319,0.85,0.8854,50,0.855,0.8906,51,0
IWM191115C159,2019-11-12,2019-11-12 09:31:12,0.86,0.8958,20,0.84,0.875,408,0.85,0.8854,50,0.85,0.8854,51,0
IWM191115C159,2019-11-12,2019-11-12 09:31:13,0.86,0.8958,37,0.84,0.875,424,0.85,0.8854,50,0.85,0.8854,51,0
IWM191115C159,2019-11-12,2019-11-12 09:31:13,0.86,0.8958,30,0.84,0.875,424,0.85,0.8854,50,0.85,0.8854,51,0
IWM191115C159,2019-11-12,2019-11-12 09:31:14,0.86,0.8958,370,0.83,0.8645,384,0.85,0.8854,50,0.845,0.8802,51,0
IWM191115C159,2019-11-12,2019-11-12 09:31:14,0.86,0.8958,105,0.83,0.8645,384,0.85,0.8854,50,0.845,0.8802,51,0
IWM191115C159,2019-11-12,2019-11-12 09:31:15,0.86,0.8958,465,0.83,0.8645,49,0.85,0.8854,50,0.845,0.8802,51,0
IWM191115C159,2019-11-12,2019-11-12 09:31:15,0.86,0.8958,481,0.83,0.8645,17,0.85,0.8854,50,0.845,0.8802,51,0
IWM191115C159,2019-11-12,2019-11-12 09:31:16,0.86,0.8958,614,0.83,0.8645,17,0.85,0.8854,50,0.845,0.8802,51,0
IWM191115C159,2019-11-12,2019-11-12 09:31:16,0.86,0.8958,683,0.83,0.8645,17,0.85,0.8854,50,0.845,0.8802,51,0
IWM191115C159,2019-11-12,2019-11-12 09:31:17,0.86,0.8958,406,0.83,0.8645,17,0.85,0.8854,50,0.845,0.8802,51,0
IWM191115C159,2019-11-12,2019-11-12 09:31:17,0.86,0.8958,614,0.83,0.8645,17,0.85,0.8854,50,0.845,0.8802,51,0
IWM191115C159,2019-11-12,2019-11-12 09:31:18,0.84,0.875,30,0.82,0.8541,126,0.85,0.8854,50,0.83,0.8645,51,0
IWM191115C159,2019-11-12,2019-11-12 09:31:19,0.84,0.875,40,0.82,0.8541,51,0.85,0.8854,50,0.83,0.8645,51,0
IWM191115C159,2019-11-12,2019-11-12 09:31:19,0.84,0.875,35,0.82,0.8541,40,0.85,0.8854,50,0.83,0.8645,51,0
IWM191115C159,2019-11-12,2019-11-12 09:31:20,0.84,0.875,35,0.82,0.8541,25,0.85,0.8854,50,0.83,0.8645,51,0
IWM191115C159,2019-11-12,2019-11-12 09:31:20,0.84,0.875,30,0.82,0.8541,25,0.85,0.8854,50,0.83,0.8645,51,0
IWM191115C159,2019-11-12,2019-11-12 09:31:21,0.85,0.8854,51,0.82,0.8541,496,0.85,0.8854,50,0.835,0.8697,51,0
IWM191115C159,2019-11-12,2019-11-12 09:31:21,0.84,0.875,4,0.82,0.8541,496,0.85,0.8854,50,0.83,0.8645,51,0
IWM191115C159,2019-11-12,2019-11-12 09:31:22,0.84,0.875,20,0.82,0.8541,496,0.85,0.8854,50,0.83,0.8645,51,0
IWM191115C159,2019-11-12,2019-11-12 09:31:22,0.85,0.8854,75,0.82,0.8541,95,0.85,0.8854,50,0.835,0.8697,51,0
IWM191115C159,2019-11-12,2019-11-12 09:31:23,0.85,0.8854,40,0.82,0.8541,371,0.85,0.8854,50,0.835,0.8697,51,0
IWM191115C159,2019-11-12,2019-11-12 09:31:23,0.85,0.8854,12,0.82,0.8541,400,0.85,0.8854,50,0.835,0.8697,51,0
IWM191115C159,2019-11-12,2019-11-12 09:31:24,0.85,0.8854,12,0.82,0.8541,527,0.85,0.8854,50,0.835,0.8697,51,0
IWM191115C159,2019-11-12,2019-11-12 09:31:24,0.85,0.8854,46,0.82,0.8541,527,0.85,0.8854,50,0.835,0.8697,51,0
IWM191115C159,2019-11-12,2019-11-12 09:31:25,0.85,0.8854,49,0.82,0.8541,696,0.85,0.8854,50,0.835,0.8697,51,0
IWM191115C159,2019-11-12,2019-11-12 09:31:25,0.85,0.8854,49,0.82,0.8541,527,0.85,0.8854,50,0.835,0.8697,51,0
IWM191115C159,2019-11-12,2019-11-12 09:31:26,0.85,0.8854,90,0.82,0.8541,433,0.85,0.8854,50,0.835,0.8697,51,0
IWM191115C159,2019-11-12,2019-11-12 09:31:26,0.85,0.8854,100,0.82,0.8541,433,0.85,0.8854,50,0.835,0.8697,51,0
IWM191115C159,2019-11-12,2019-11-12 09:31:27,0.85,0.8854,90,0.82,0.8541,542,0.85,0.8854,50,0.835,0.8697,51,0
IWM191115C159,2019-11-12,2019-11-12 09:31:27,0.85,0.8854,90,0.82,0.8541,723,0.85,0.8854,50,0.835,0.8697,51,0
IWM191115C159,2019-11-12,2019-11-12 09:31:28,0.85,0.8854,162,0.82,0.8541,425,0.85,0.8854,50,0.835,0.8697,51,0
IWM191115C159,2019-11-12,2019-11-12 09:31:28,0.85,0.8854,104,0.82,0.8541,542,0.85,0.8854,50,0.835,0.8697,51,0
IWM191115C159,2019-11-12,2019-11-12 09:31:29,0.85,0.8854,256,0.82,0.8541,563,0.85,0.8854,50,0.835,0.8697,51,0
IWM191115C159,2019-11-12,2019-11-12 09:31:30,0.85,0.8854,231,0.82,0.8541,454,0.85,0.8854,50,0.835,0.8697,51,0
IWM191115C159,2019-11-12,2019-11-12 09:31:30,0.85,0.8854,231,0.82,0.8541,563,0.85,0.8854,50,0.835,0.8697,51,0
IWM191115C159,2019-11-12,2019-11-12 09:31:31,0.85,0.8854,458,0.82,0.8541,308,0.85,0.8854,50,0.835,0.8697,51,0
IWM191115C159,2019-11-12,2019-11-12 09:31:32,0.85,0.8854,407,0.82,0.8541,461,0.85,0.8854,50,0.835,0.8697,51,0
IWM191115C159,2019-11-12,2019-11-12 09:31:32,0.85,0.8854,407,0.82,0.8541,570,0.85,0.8854,50,0.835,0.8697,51,0
IWM191115C159,2019-11-12,2019-11-12 09:31:33,0.83,0.8645,57,0.81,0.8437,27,0.85,0.8854,50,0.82,0.8541,51,0
IWM191115C159,2019-11-12,2019-11-12 09:31:33,0.85,0.8854,115,0.82,0.8541,43,0.85,0.8854,50,0.835,0.8697,51,0
IWM191115C159,2019-11-12,2019-11-12 09:31:34,0.82,0.8541,12,0.8,0.8333,470,0.85,0.8854,50,0.81,0.8437,51,0
IWM191115C159,2019-11-12,2019-11-12 09:31:34,0.82,0.8541,27,0.8,0.8333,124,0.85,0.8854,50,0.81,0.8437,51,0
IWM191115C159,2019-11-12,2019-11-12 09:31:35,0.82,0.8541,50,0.8,0.8333,10,0.85,0.8854,50,0.81,0.8437,51,0
IWM191115C159,2019-11-12,2019-11-12 09:31:36,0.82,0.8541,10,0.8,0.8333,28,0.85,0.8854,50,0.81,0.8437,51,0
IWM191115C159,2019-11-12,2019-11-12 09:31:36,0.82,0.8541,65,0.8,0.8333,10,0.85,0.8854,50,0.81,0.8437,51,0
IWM191115C159,2019-11-12,2019-11-12 09:31:37,0.82,0.8541,30,0.8,0.8333,378,0.85,0.8854,50,0.81,0.8437,51,0
IWM191115C159,2019-11-12,2019-11-12 09:31:37,0.82,0.8541,30,0.8,0.8333,103,0.85,0.8854,50,0.81,0.8437,51,0
IWM191115C159,2019-11-12,2019-11-12 09:31:38,0.82,0.8541,9,0.8,0.8333,442,0.85,0.8854,50,0.81,0.8437,51,0
IWM191115C159,2019-11-12,2019-11-12 09:31:38,0.82,0.8541,30,0.8,0.8333,408,0.85,0.8854,50,0.81,0.8437,51,0
IWM191115C159,2019-11-12,2019-11-12 09:31:39,0.82,0.8541,9,0.8,0.8333,442,0.85,0.8854,50,0.81,0.8437,51,0
IWM191115C159,2019-11-12,2019-11-12 09:31:40,0.82,0.8541,10,0.8,0.8333,200,0.85,0.8854,50,0.81,0.8437,51,0
IWM191115C159,2019-11-12,2019-11-12 09:31:40,0.82,0.8541,25,0.8,0.8333,28,0.85,0.8854,50,0.81,0.8437,51,0
IWM191115C159,2019-11-12,2019-11-12 09:31:41,0.82,0.8541,38,0.8,0.8333,28,0.85,0.8854,50,0.81,0.8437,51,0
IWM191115C159,2019-11-12,2019-11-12 09:31:42,0.82,0.8541,52,0.8,0.8333,28,0.85,0.8854,50,0.81,0.8437,51,0
IWM191115C159,2019-11-12,2019-11-12 09:31:42,0.82,0.8541,38,0.8,0.8333,28,0.85,0.8854,50,0.81,0.8437,51,0
IWM191115C159,2019-11-12,2019-11-12 09:31:43,0.82,0.8541,62,0.8,0.8333,28,0.85,0.8854,50,0.81,0.8437,51,0
IWM191115C159,2019-11-12,2019-11-12 09:31:44,0.82,0.8541,30,0.8,0.8333,28,0.85,0.8854,50,0.81,0.8437,51,0
IWM191115C159,2019-11-12,2019-11-12 09:31:44,0.82,0.8541,20,0.8,0.8333,352,0.85,0.8854,50,0.81,0.8437,51,0
IWM191115C159,2019-11-12,2019-11-12 09:31:45,0.82,0.8541,20,0.8,0.8333,364,0.85,0.8854,50,0.81,0.8437,51,0
IWM191115C159,2019-11-12,2019-11-12 09:31:45,0.82,0.8541,20,0.8,0.8333,274,0.82,0.8541,2,0.81,0.8437,53,2
IWM191115C159,2019-11-12,2019-11-12 09:31:46,0.83,0.8645,1,0.81,0.8437,28,0.82,0.8541,2,0.82,0.8541,53,0
IWM191115C159,2019-11-12,2019-11-12 09:31:47,0.83,0.8645,10,0.81,0.8437,354,0.82,0.8541,2,0.82,0.8541,53,0
IWM191115C159,2019-11-12,2019-11-12 09:31:47,0.84,0.875,123,0.81,0.8437,95,0.82,0.8541,2,0.825,0.8593,53,0
IWM191115C159,2019-11-12,2019-11-12 09:31:48,0.83,0.8645,10,0.81,0.8437,359,0.82,0.8541,2,0.82,0.8541,53,0
IWM191115C159,2019-11-12,2019-11-12 09:31:48,0.83,0.8645,10,0.81,0.8437,349,0.82,0.8541,2,0.82,0.8541,53,0
IWM191115C159,2019-11-12,2019-11-12 09:31:49,0.83,0.8645,10,0.81,0.8437,129,0.82,0.8541,2,0.82,0.8541,53,0
IWM191115C159,2019-11-12,2019-11-12 09:31:49,0.83,0.8645,10,0.81,0.8437,359,0.82,0.8541,2,0.82,0.8541,53,0
IWM191115C159,2019-11-12,2019-11-12 09:31:50,0.83,0.8645,10,0.81,0.8437,103,0.82,0.8541,2,0.82,0.8541,53,0
IWM191115C159,2019-11-12,2019-11-12 09:31:50,0.83,0.8645,36,0.81,0.8437,13,0.82,0.8541,2,0.82,0.8541,53,0
IWM191115C159,2019-11-12,2019-11-12 09:31:51,0.83,0.8645,47,0.81,0.8437,53,0.82,0.8541,2,0.82,0.8541,53,0
IWM191115C159,2019-11-12,2019-11-12 09:31:51,0.83,0.8645,31,0.81,0.8437,53,0.82,0.8541,2,0.82,0.8541,53,0
IWM191115C159,2019-11-12,2019-11-12 09:31:52,0.83,0.8645,47,0.81,0.8437,53,0.82,0.8541,2,0.82,0.8541,53,0
IWM191115C159,2019-11-12,2019-11-12 09:31:52,0.83,0.8645,12,0.81,0.8437,536,0.82,0.8541,2,0.82,0.8541,53,0
IWM191115C159,2019-11-12,2019-11-12 09:31:53,0.83,0.8645,20,0.81,0.8437,69,0.82,0.8541,2,0.82,0.8541,53,0
IWM191115C159,2019-11-12,2019-11-12 09:31:53,0.83,0.8645,20,0.81,0.8437,10,0.82,0.8541,2,0.82,0.8541,53,0
IWM191115C159,2019-11-12,2019-11-12 09:31:54,0.83,0.8645,49,0.81,0.8437,37,0.82,0.8541,2,0.82,0.8541,53,0
IWM191115C159,2019-11-12,2019-11-12 09:31:54,0.83,0.8645,38,0.81,0.8437,37,0.82,0.8541,2,0.82,0.8541,53,0
IWM191115C159,2019-11-12,2019-11-12 09:31:55,0.83,0.8645,51,0.81,0.8437,37,0.82,0.8541,2,0.82,0.8541,53,0
IWM191115C159,2019-11-12,2019-11-12 09:31:55,0.83,0.8645,49,0.81,0.8437,37,0.82,0.8541,2,0.82,0.8541,53,0
IWM191115C159,2019-11-12,2019-11-12 09:31:56,0.82,0.8541,52,0.8,0.8333,57,0.82,0.8541,2,0.81,0.8437,53,0
IWM191115C159,2019-11-12,2019-11-12 09:31:56,0.83,0.8645,138,0.81,0.8437,27,0.82,0.8541,2,0.82,0.8541,53,0
IWM191115C159,2019-11-12,2019-11-12 09:31:57,0.82,0.8541,117,0.8,0.8333,50,0.82,0.8541,2,0.81,0.8437,53,0
IWM191115C159,2019-11-12,2019-11-12 09:31:58,0.82,0.8541,230,0.8,0.8333,50,0.82,0.8541,2,0.81,0.8437,53,0
IWM191115C159,2019-11-12,2019-11-12 09:31:58,0.82,0.8541,215,0.8,0.8333,50,0.82,0.8541,2,0.81,0.8437,53,0
IWM191115C159,2019-11-12,2019-11-12 09:31:59,0.82,0.8541,273,0.8,0.8333,50,0.82,0.8541,2,0.81,0.8437,53,0
IWM191115C159,2019-11-12,2019-11-12 09:32:00,0.8,0.8333,72,0.78,0.8125,55,0.8,0.8333,50,0.79,0.8229,103,50
IWM191115C159,2019-11-12,2019-11-12 09:32:00,0.82,0.8541,561,0.8,0.8333,50,0.82,0.8541,2,0.81,0.8437,53,0
IWM191115C159,2019-11-12,2019-11-12 09:32:01,0.79,0.8229,110,0.77,0.802,430,0.8,0.8333,50,0.78,0.8125,103,0
IWM191115C159,2019-11-12,2019-11-12 09:32:01,0.79,0.8229,426,0.76,0.7916,10,0.77,0.802,50,0.775,0.8072,153,50
IWM191115C159,2019-11-12,2019-11-12 09:32:02,0.78,0.8125,207,0.76,0.7916,10,0.77,0.802,50,0.77,0.802,153,0
IWM191115C159,2019-11-12,2019-11-12 09:32:02,0.78,0.8125,172,0.76,0.7916,13,0.77,0.802,50,0.77,0.802,153,0
IWM191115C159,2019-11-12,2019-11-12 09:32:03,0.78,0.8125,257,0.75,0.7812,119,0.77,0.802,50,0.765,0.7968,153,0
IWM191115C159,2019-11-12,2019-11-12 09:32:03,0.78,0.8125,457,0.75,0.7812,274,0.77,0.802,50,0.765,0.7968,153,0
IWM191115C159,2019-11-12,2019-11-12 09:32:04,0.76,0.7916,30,0.74,0.7708,419,0.77,0.802,50,0.75,0.7812,153,0
IWM191115C159,2019-11-12,2019-11-12 09:32:04,0.78,0.8125,257,0.74,0.7708,419,0.77,0.802,50,0.76,0.7916,153,0
IWM191115C159,2019-11-12,2019-11-12 09:32:05,0.76,0.7916,404,0.73,0.7604,238,0.77,0.802,50,0.745,0.776,153,0
IWM191115C159,2019-11-12,2019-11-12 09:32:05,0.76,0.7916,30,0.73,0.7604,19,0.77,0.802,50,0.745,0.776,153,0
IWM191115C159,2019-11-12,2019-11-12 09:32:06,0.76,0.7916,404,0.73,0.7604,61,0.77,0.802,50,0.745,0.776,153,0
IWM191115C159,2019-11-12,2019-11-12 09:32:06,0.75,0.7812,64,0.72,0.75,265,0.77,0.802,50,0.735,0.7656,153,0
IWM191115C159,2019-11-12,2019-11-12 09:32:07,0.75,0.7812,27,0.73,0.7604,27,0.77,0.802,50,0.74,0.7708,153,0
IWM191115C159,2019-11-12,2019-11-12 09:32:07,0.75,0.7812,49,0.73,0.7604,57,0.77,0.802,50,0.74,0.7708,153,0
IWM191115C159,2019-11-12,2019-11-12 09:32:08,0.75,0.7812,38,0.73,0.7604,373,0.77,0.802,50,0.74,0.7708,153,0
IWM191115C159,2019-11-12,2019-11-12 09:32:09,0.75,0.7812,5,0.73,0.7604,693,0.77,0.802,50,0.74,0.7708,153,0
IWM191115C159,2019-11-12,2019-11-12 09:32:09,0.76,0.7916,199,0.73,0.7604,543,0.77,0.802,50,0.745,0.776,153,0
IWM191115C159,2019-11-12,2019-11-12 09:32:10,0.75,0.7812,10,0.72,0.75,350,0.77,0.802,50,0.735,0.7656,153,0
IWM191115C159,2019-11-12,2019-11-12 09:32:10,0.75,0.7812,10,0.73,0.7604,305,0.77,0.802,50,0.74,0.7708,153,0
IWM191115C159,2019-11-12,2019-11-12 09:32:11,0.74,0.7708,5,0.72,0.75,470,0.77,0.802,50,0.73,0.7604,153,0
IWM191115C159,2019-11-12,2019-11-12 09:32:11,0.74,0.7708,5,0.72,0.75,653,0.77,0.802,50,0.73,0.7604,153,0
IWM191115C159,2019-11-12,2019-11-12 09:32:12,0.75,0.7812,192,0.72,0.75,563,0.74,0.7708,1,0.735,0.7656,154,1
IWM191115C159,2019-11-12,2019-11-12 09:32:12,0.75,0.7812,337,0.74,0.7708,1,0.77,0.802,50,0.745,0.776,153,0
IWM191115C159,2019-11-12,2019-11-12 09:32:13,0.74,0.7708,13,0.72,0.75,424,0.74,0.7708,1,0.73,0.7604,154,0
IWM191115C159,2019-11-12,2019-11-12 09:32:13,0.74,0.7708,13,0.72,0.75,563,0.74,0.7708,1,0.73,0.7604,154,0
IWM191115C159,2019-11-12,2019-11-12 09:32:14,0.74,0.7708,22,0.72,0.75,424,0.74,0.7708,1,0.73,0.7604,154,0
IWM191115C159,2019-11-12,2019-11-12 09:32:15,0.74,0.7708,56,0.72,0.75,51,0.74,0.7708,1,0.73,0.7604,154,0
IWM191115C159,2019-11-12,2019-11-12 09:32:15,0.74,0.7708,69,0.72,0.75,61,0.74,0.7708,1,0.73,0.7604,154,0
IWM191115C159,2019-11-12,2019-11-12 09:32:16,0.74,0.7708,72,0.72,0.75,44,0.74,0.7708,1,0.73,0.7604,154,0
IWM191115C159,2019-11-12,2019-11-12 09:32:16,0.73,0.7604,2,0.71,0.7395,393,0.74,0.7708,1,0.72,0.75,154,0
IWM191115C159,2019-11-12,2019-11-12 09:32:17,0.74,0.7708,92,0.72,0.75,88,0.74,0.7708,1,0.73,0.7604,154,0
IWM191115C159,2019-11-12,2019-11-12 09:32:18,0.73,0.7604,22,0.71,0.7395,248,0.74,0.7708,1,0.72,0.75,154,0
IWM191115C159,2019-11-12,2019-11-12 09:32:18,0.73,0.7604,6,0.71,0.7395,394,0.74,0.7708,1,0.72,0.75,154,0
IWM191115C159,2019-11-12,2019-11-12 09:32:19,0.73,0.7604,22,0.71,0.7395,279,0.74,0.7708,1,0.72,0.75,154,0
IWM191115C159,2019-11-12,2019-11-12 09:32:19,0.73,0.7604,77,0.71,0.7395,317,0.74,0.7708,1,0.72,0.75,154,0
IWM191115C159,2019-11-12,2019-11-12 09:32:20,0.72,0.75,13,0.71,0.7395,52,0.74,0.7708,1,0.715,0.7447,154,0
IWM191115C159,2019-11-12,2019-11-12 09:32:20,0.72,0.75,13,0.71,0.7395,71,0.74,0.7708,1,0.715,0.7447,154,0
IWM191115C159,2019-11-12,2019-11-12 09:32:21,0.72,0.75,17,0.71,0.7395,10,0.74,0.7708,1,0.715,0.7447,154,0
IWM191115C159,2019-11-12,2019-11-12 09:32:22,0.72,0.75,17,0.71,0.7395,120,0.74,0.7708,1,0.715,0.7447,154,0
IWM191115C159,2019-11-12,2019-11-12 09:32:22,0.76,0.7916,171,0.73,0.7604,115,0.74,0.7708,1,0.745,0.776,154,0
IWM191115C159,2019-11-12,2019-11-12 09:32:23,0.75,0.7812,396,0.72,0.75,75,0.74,0.7708,1,0.735,0.7656,154,0
IWM191115C159,2019-11-12,2019-11-12 09:32:23,0.75,0.7812,154,0.72,0.75,425,0.74,0.7708,1,0.735,0.7656,154,0
IWM191115C159,2019-11-12,2019-11-12 09:32:24,0.74,0.7708,8,0.72,0.75,401,0.74,0.7708,1,0.73,0.7604,154,0
IWM191115C159,2019-11-12,2019-11-12 09:32:24,0.74,0.7708,13,0.72,0.75,428,0.74,0.7708,1,0.73,0.7604,154,0
IWM191115C159,2019-11-12,2019-11-12 09:32:25,0.74,0.7708,30,0.72,0.75,402,0.74,0.7708,1,0.73,0.7604,154,0
IWM191115C159,2019-11-12,2019-11-12 09:32:25,0.74,0.7708,30,0.72,0.75,428,0.74,0.7708,1,0.73,0.7604,154,0
IWM191115C159,2019-11-12,2019-11-12 09:32:26,0.74,0.7708,456,0.71,0.7395,356,0.74,0.7708,1,0.725,0.7552,154,0
IWM191115C159,2019-11-12,2019-11-12 09:32:26,0.74,0.7708,742,0.71,0.7395,80,0.74,0.7708,1,0.725,0.7552,154,0
IWM191115C159,2019-11-12,2019-11-12 09:32:27,0.74,0.7708,742,0.71,0.7395,80,0.74,0.7708,1,0.725,0.7552,154,0
IWM191115C159,2019-11-12,2019-11-12 09:32:27,0.77,0.802,59,0.72,0.75,171,0.74,0.7708,1,0.745,0.776,154,0
IWM191115C159,2019-11-12,2019-11-12 09:32:28,0.74,0.7708,2,0.72,0.75,276,0.74,0.7708,1,0.73,0.7604,154,0
IWM191115C159,2019-11-12,2019-11-12 09:32:28,0.74,0.7708,30,0.72,0.75,447,0.74,0.7708,1,0.73,0.7604,154,0
IWM191115C159,2019-11-12,2019-11-12 09:32:29,0.74,0.7708,45,0.72,0.75,78,0.74,0.7708,1,0.73,0.7604,154,0
IWM191115C159,2019-11-12,2019-11-12 09:32:29,0.74,0.7708,45,0.72,0.75,447,0.74,0.7708,1,0.73,0.7604,154,0
IWM191115C159,2019-11-12,2019-11-12 09:32:30,0.74,0.7708,80,0.72,0.75,447,0.74,0.7708,1,0.73,0.7604,154,0
IWM191115C159,2019-11-12,2019-11-12 09:32:30,0.74,0.7708,118,0.72,0.75,234,0.74,0.7708,1,0.73,0.7604,154,0
IWM191115C159,2019-11-12,2019-11-12 09:32:31,0.74,0.7708,80,0.72,0.75,307,0.74,0.7708,1,0.73,0.7604,154,0
IWM191115C159,2019-11-12,2019-11-12 09:32:32,0.74,0.7708,183,0.72,0.75,133,0.74,0.7708,1,0.73,0.7604,154,0
IWM191115C159,2019-11-12,2019-11-12 09:32:33,0.74,0.7708,220,0.72,0.75,84,0.74,0.7708,1,0.73,0.7604,154,0
IWM191115C159,2019-11-12,2019-11-12 09:32:33,0.74,0.7708,164,0.72,0.75,329,0.74,0.7708,1,0.73,0.7604,154,0
IWM191115C159,2019-11-12,2019-11-12 09:32:34,0.74,0.7708,246,0.72,0.75,329,0.74,0.7708,1,0.73,0.7604,154,0
IWM191115C159,2019-11-12,2019-11-12 09:32:34,0.74,0.7708,148,0.72,0.75,344,0.74,0.7708,1,0.73,0.7604,154,0
IWM191115C159,2019-11-12,2019-11-12 09:32:35,0.74,0.7708,103,0.72,0.75,157,0.74,0.7708,1,0.73,0.7604,154,0
IWM191115C159,2019-11-12,2019-11-12 09:32:35,0.74,0.7708,148,0.72,0.75,129,0.74,0.7708,1,0.73,0.7604,154,0
IWM191115C159,2019-11-12,2019-11-12 09:32:36,0.74,0.7708,103,0.72,0.75,298,0.74,0.7708,1,0.73,0.7604,154,0
IWM191115C159,2019-11-12,2019-11-12 09:32:36,0.74,0.7708,103,0.72,0.75,399,0.74,0.7708,1,0.73,0.7604,154,0
IWM191115C159,2019-11-12,2019-11-12 09:32:37,0.74,0.7708,103,0.72,0.75,535,0.74,0.7708,1,0.73,0.7604,154,0
IWM191115C159,2019-11-12,2019-11-12 09:32:38,0.75,0.7812,95,0.73,0.7604,127,0.74,0.7708,1,0.74,0.7708,154,0
IWM191115C159,2019-11-12,2019-11-12 09:32:38,0.75,0.7812,145,0.73,0.7604,177,0.74,0.7708,1,0.74,0.7708,154,0
IWM191115C159,2019-11-12,2019-11-12 09:32:39,0.75,0.7812,112,0.73,0.7604,524,0.74,0.7708,1,0.74,0.7708,154,0
IWM191115C159,2019-11-12,2019-11-12 09:32:39,0.75,0.7812,112,0.73,0.7604,501,0.74,0.7708,1,0.74,0.7708,154,0
IWM191115C159,2019-11-12,2019-11-12 09:32:40,0.75,0.7812,127,0.73,0.7604,388,0.74,0.7708,1,0.74,0.7708,154,0
IWM191115C159,2019-11-12,2019-11-12 09:32:41,0.75,0.7812,127,0.73,0.7604,410,0.74,0.7708,1,0.74,0.7708,154,0
IWM191115C159,2019-11-12,2019-11-12 09:32:41,0.76,0.7916,22,0.74,0.7708,191,0.74,0.7708,1,0.75,0.7812,154,0
IWM191115C159,2019-11-12,2019-11-12 09:32:42,0.76,0.7916,17,0.75,0.7812,10,0.74,0.7708,1,0.755,0.7864,154,0
IWM191115C159,2019-11-12,2019-11-12 09:32:43,0.78,0.8125,8,0.75,0.7812,103,0.74,0.7708,1,0.765,0.7968,154,0
IWM191115C159,2019-11-12,2019-11-12 09:32:43,0.77,0.802,66,0.75,0.7812,112,0.74,0.7708,1,0.76,0.7916,154,0
IWM191115C159,2019-11-12,2019-11-12 09:32:44,0.78,0.8125,119,0.75,0.7812,95,0.74,0.7708,1,0.765,0.7968,154,0
IWM191115C159,2019-11-12,2019-11-12 09:32:44,0.77,0.802,32,0.75,0.7812,218,0.74,0.7708,1,0.76,0.7916,154,0
IWM191115C159,2019-11-12,2019-11-12 09:32:45,0.76,0.7916,65,0.74,0.7708,236,0.75,0.7812,20,0.75,0.7812,174,0
IWM191115C159,2019-11-12,2019-11-12 09:32:45,0.76,0.7916,33,0.75,0.7812,1,0.75,0.7812,20,0.755,0.7864,174,20
IWM191115C159,2019-11-12,2019-11-12 09:32:46,0.76,0.7916,65,0.74,0.7708,161,0.75,0.7812,20,0.75,0.7812,174,0
IWM191115C159,2019-11-12,2019-11-12 09:32:46,0.76,0.7916,27,0.74,0.7708,161,0.75,0.7812,20,0.75,0.7812,174,0
IWM191115C159,2019-11-12,2019-11-12 09:32:47,0.75,0.7812,33,0.73,0.7604,560,0.75,0.7812,20,0.74,0.7708,174,0
IWM191115C159,2019-11-12,2019-11-12 09:32:47,0.76,0.7916,28,0.73,0.7604,560,0.75,0.7812,20,0.745,0.776,174,0
IWM191115C159,2019-11-12,2019-11-12 09:32:48,0.75,0.7812,33,0.74,0.7708,326,0.75,0.7812,20,0.745,0.776,174,0
IWM191115C159,2019-11-12,2019-11-12 09:32:48,0.75,0.7812,33,0.74,0.7708,16,0.75,0.7812,20,0.745,0.776,174,0
IWM191115C159,2019-11-12,2019-11-12 09:32:49,0.76,0.7916,10,0.74,0.7708,458,0.75,0.7812,20,0.75,0.7812,174,0
IWM191115C159,2019-11-12,2019-11-12 09:32:50,0.76,0.7916,82,0.74,0.7708,472,0.75,0.7812,20,0.75,0.7812,174,0
IWM191115C159,2019-11-12,2019-11-12 09:32:51,0.76,0.7916,122,0.74,0.7708,91,0.75,0.7812,20,0.75,0.7812,174,0
IWM191115C159,2019-11-12,2019-11-12 09:32:51,0.76,0.7916,83,0.74,0.7708,91,0.75,0.7812,20,0.75,0.7812,174,0
IWM191115C159,2019-11-12,2019-11-12 09:32:52,0.76,0.7916,122,0.74,0.7708,91,0.75,0.7812,20,0.75,0.7812,174,0
IWM191115C159,2019-11-12,2019-11-12 09:32:52,0.76,0.7916,135,0.74,0.7708,78,0.75,0.7812,20,0.75,0.7812,174,0
IWM191115C159,2019-11-12,2019-11-12 09:32:53,0.76,0.7916,174,0.74,0.7708,96,0.75,0.7812,20,0.75,0.7812,174,0
IWM191115C159,2019-11-12,2019-11-12 09:32:53,0.76,0.7916,174,0.74,0.7708,78,0.75,0.7812,20,0.75,0.7812,174,0
IWM191115C159,2019-11-12,2019-11-12 09:32:54,0.76,0.7916,174,0.74,0.7708,119,0.75,0.7812,20,0.75,0.7812,174,0
IWM191115C159,2019-11-12,2019-11-12 09:32:54,0.76,0.7916,174,0.74,0.7708,328,0.75,0.7812,20,0.75,0.7812,174,0
IWM191115C159,2019-11-12,2019-11-12 09:32:55,0.76,0.7916,174,0.74,0.7708,84,0.75,0.7812,20,0.75,0.7812,174,0
IWM191115C159,2019-11-12,2019-11-12 09:32:56,0.76,0.7916,174,0.74,0.7708,84,0.75,0.7812,20,0.75,0.7812,174,0
IWM191115C159,2019-11-12,2019-11-12 09:32:57,0.76,0.7916,151,0.74,0.7708,84,0.75,0.7812,20,0.75,0.7812,174,0
IWM191115C159,2019-11-12,2019-11-12 09:32:58,0.77,0.802,20,0.74,0.7708,84,0.75,0.7812,20,0.755,0.7864,174,0
IWM191115C159,2019-11-12,2019-11-12 09:32:58,0.76,0.7916,13,0.75,0.7812,40,0.75,0.7812,20,0.755,0.7864,174,0
IWM191115C159,2019-11-12,2019-11-12 09:32:59,0.77,0.802,483,0.75,0.7812,40,0.75,0.7812,20,0.76,0.7916,174,0
IWM191115C159,2019-11-12,2019-11-12 09:33:00,0.76,0.7916,92,0.75,0.7812,40,0.75,0.7812,20,0.755,0.7864,194,20
IWM191115C159,2019-11-12,2019-11-12 09:33:00,0.76,0.7916,86,0.75,0.7812,40,0.75,0.7812,20,0.755,0.7864,174,0
IWM191115C159,2019-11-12,2019-11-12 09:33:01,0.75,0.7812,34,0.73,0.7604,3,0.75,0.7812,20,0.74,0.7708,214,20
IWM191115C159,2019-11-12,2019-11-12 09:33:01,0.75,0.7812,23,0.73,0.7604,268,0.75,0.7812,20,0.74,0.7708,214,0
IWM191115C159,2019-11-12,2019-11-12 09:33:02,0.75,0.7812,74,0.72,0.75,424,0.75,0.7812,20,0.735,0.7656,214,0
IWM191115C159,2019-11-12,2019-11-12 09:33:02,0.75,0.7812,80,0.73,0.7604,103,0.75,0.7812,20,0.74,0.7708,214,0
IWM191115C159,2019-11-12,2019-11-12 09:33:03,0.75,0.7812,380,0.73,0.7604,10,0.75,0.7812,20,0.74,0.7708,214,0
IWM191115C159,2019-11-12,2019-11-12 09:33:03,0.75,0.7812,552,0.72,0.75,363,0.75,0.7812,20,0.735,0.7656,214,0
IWM191115C159,2019-11-12,2019-11-12 09:33:04,0.75,0.7812,380,0.73,0.7604,10,0.75,0.7812,20,0.74,0.7708,214,0
IWM191115C159,2019-11-12,2019-11-12 09:33:04,0.75,0.7812,580,0.73,0.7604,10,0.75,0.7812,20,0.74,0.7708,214,0
IWM191115C159,2019-11-12,2019-11-12 09:33:05,0.75,0.7812,580,0.73,0.7604,10,0.75,0.7812,20,0.74,0.7708,214,0
IWM191115C159,2019-11-12,2019-11-12 09:33:05,0.75,0.7812,270,0.73,0.7604,22,0.75,0.7812,20,0.74,0.7708,214,0
IWM191115C159,2019-11-12,2019-11-12 09:33:06,0.75,0.7812,270,0.73,0.7604,22,0.75,0.7812,20,0.74,0.7708,214,0
IWM191115C159,2019-11-12,2019-11-12 09:33:07,0.74,0.7708,17,0.73,0.7604,11,0.75,0.7812,20,0.735,0.7656,214,0
IWM191115C159,2019-11-12,2019-11-12 09:33:07,0.75,0.7812,270,0.73,0.7604,22,0.75,0.7812,20,0.74,0.7708,214,0
IWM191115C159,2019-11-12,2019-11-12 09:33:08,0.74,0.7708,17,0.73,0.7604,11,0.75,0.7812,20,0.735,0.7656,214,0
IWM191115C159,2019-11-12,2019-11-12 09:33:08,0.74,0.7708,48,0.72,0.75,472,0.75,0.7812,20,0.73,0.7604,214,0
IWM191115C159,2019-11-12,2019-11-12 09:33:09,0.74,0.7708,114,0.72,0.75,488,0.75,0.7812,20,0.73,0.7604,214,0
IWM191115C159,2019-11-12,2019-11-12 09:33:09,0.74,0.7708,48,0.72,0.75,472,0.75,0.7812,20,0.73,0.7604,214,0
IWM191115C159,2019-11-12,2019-11-12 09:33:10,0.74,0.7708,131,0.72,0.75,367,0.75,0.7812,20,0.73,0.7604,214,0
IWM191115C159,2019-11-12,2019-11-12 09:33:10,0.74,0.7708,131,0.72,0.75,472,0.75,0.7812,20,0.73,0.7604,214,0
IWM191115C159,2019-11-12,2019-11-12 09:33:11,0.74,0.7708,286,0.72,0.75,43,0.75,0.7812,20,0.73,0.7604,214,0
IWM191115C159,2019-11-12,2019-11-12 09:33:11,0.74,0.7708,131,0.72,0.75,367,0.75,0.7812,20,0.73,0.7604,214,0
IWM191115C159,2019-11-12,2019-11-12 09:33:12,0.74,0.7708,286,0.72,0.75,43,0.75,0.7812,20,0.73,0.7604,214,0
IWM191115C159,2019-11-12,2019-11-12 09:33:13,0.74,0.7708,239,0.72,0.75,48,0.75,0.7812,20,0.73,0.7604,214,0
IWM191115C159,2019-11-12,2019-11-12 09:33:13,0.74,0.7708,239,0.72,0.75,43,0.75,0.7812,20,0.73,0.7604,214,0
IWM191115C159,2019-11-12,2019-11-12 09:33:14,0.74,0.7708,26,0.72,0.75,82,0.75,0.7812,20,0.73,0.7604,214,0
IWM191115C159,2019-11-12,2019-11-12 09:33:15,0.74,0.7708,109,0.72,0.75,40,0.75,0.7812,20,0.73,0.7604,214,0
IWM191115C159,2019-11-12,2019-11-12 09:33:16,0.73,0.7604,22,0.72,0.75,22,0.75,0.7812,20,0.725,0.7552,214,0
IWM191115C159,2019-11-12,2019-11-12 09:33:16,0.74,0.7708,46,0.72,0.75,79,0.75,0.7812,20,0.73,0.7604,214,0
IWM191115C159,2019-11-12,2019-11-12 09:33:17,0.73,0.7604,22,0.72,0.75,227,0.75,0.7812,20,0.725,0.7552,214,0
IWM191115C159,2019-11-12,2019-11-12 09:33:17,0.74,0.7708,47,0.72,0.75,227,0.75,0.7812,20,0.73,0.7604,214,0
IWM191115C159,2019-11-12,2019-11-12 09:33:18,0.74,0.7708,47,0.72,0.75,304,0.75,0.7812,20,0.73,0.7604,214,0
IWM191115C159,2019-11-12,2019-11-12 09:33:18,0.74,0.7708,47,0.72,0.75,319,0.75,0.7812,20,0.73,0.7604,214,0
IWM191115C159,2019-11-12,2019-11-12 09:33:19,0.73,0.7604,11,0.72,0.75,153,0.75,0.7812,20,0.725,0.7552,214,0
IWM191115C159,2019-11-12,2019-11-12 09:33:19,0.74,0.7708,41,0.72,0.75,204,0.75,0.7812,20,0.73,0.7604,214,0
IWM191115C159,2019-11-12,2019-11-12 09:33:20,0.74,0.7708,41,0.72,0.75,20,0.75,0.7812,20,0.73,0.7604,214,0
IWM191115C159,2019-11-12,2019-11-12 09:33:20,0.73,0.7604,14,0.72,0.75,20,0.75,0.7812,20,0.725,0.7552,214,0
IWM191115C159,2019-11-12,2019-11-12 09:33:21,0.73,0.7604,14,0.72,0.75,20,0.75,0.7812,20,0.725,0.7552,214,0
IWM191115C159,2019-11-12,2019-11-12 09:33:22,0.73,0.7604,14,0.72,0.75,99,0.75,0.7812,20,0.725,0.7552,214,0
IWM191115C159,2019-11-12,2019-11-12 09:33:23,0.73,0.7604,33,0.72,0.75,46,0.75,0.7812,20,0.725,0.7552,214,0
IWM191115C159,2019-11-12,2019-11-12 09:33:23,0.73,0.7604,9,0.72,0.75,46,0.75,0.7812,20,0.725,0.7552,214,0
IWM191115C159,2019-11-12,2019-11-12 09:33:24,0.74,0.7708,57,0.72,0.75,353,0.75,0.7812,20,0.73,0.7604,214,0
IWM191115C159,2019-11-12,2019-11-12 09:33:24,0.74,0.7708,54,0.72,0.75,91,0.75,0.7812,20,0.73,0.7604,214,0
IWM191115C159,2019-11-12,2019-11-12 09:33:25,0.74,0.7708,109,0.72,0.75,55,0.75,0.7812,20,0.73,0.7604,214,0
IWM191115C159,2019-11-12,2019-11-12 09:33:25,0.74,0.7708,57,0.72,0.75,135,0.75,0.7812,20,0.73,0.7604,214,0
IWM191115C159,2019-11-12,2019-11-12 09:33:26,0.74,0.7708,204,0.72,0.75,55,0.75,0.7812,20,0.73,0.7604,214,0
IWM191115C159,2019-11-12,2019-11-12 09:33:26,0.74,0.7708,229,0.72,0.75,55,0.75,0.7812,20,0.73,0.7604,214,0
IWM191115C159,2019-11-12,2019-11-12 09:33:27,0.74,0.7708,229,0.72,0.75,136,0.75,0.7812,20,0.73,0.7604,214,0
IWM191115C159,2019-11-12,2019-11-12 09:33:27,0.74,0.7708,229,0.72,0.75,154,0.75,0.7812,20,0.73,0.7604,214,0
IWM191115C159,2019-11-12,2019-11-12 09:33:28,0.74,0.7708,229,0.72,0.75,70,0.75,0.7812,20,0.73,0.7604,214,0
IWM191115C159,2019-11-12,2019-11-12 09:33:28,0.74,0.7708,6,0.72,0.75,508,0.75,0.7812,20,0.73,0.7604,214,0
IWM191115C159,2019-11-12,2019-11-12 09:33:29,0.74,0.7708,6,0.72,0.75,387,0.75,0.7812,20,0.73,0.7604,214,0
IWM191115C159,2019-11-12,2019-11-12 09:33:29,0.74,0.7708,6,0.72,0.75,456,0.75,0.7812,20,0.73,0.7604,214,0
IWM191115C159,2019-11-12,2019-11-12 09:33:30,0.74,0.7708,31,0.72,0.75,400,0.75,0.7812,20,0.73,0.7604,214,0
IWM191115C159,2019-11-12,2019-11-12 09:33:30,0.74,0.7708,29,0.72,0.75,387,0.75,0.7812,20,0.73,0.7604,214,0
IWM191115C159,2019-11-12,2019-11-12 09:33:31,0.74,0.7708,68,0.72,0.75,95,0.75,0.7812,20,0.73,0.7604,214,0
IWM191115C159,2019-11-12,2019-11-12 09:33:31,0.74,0.7708,47,0.72,0.75,400,0.75,0.7812,20,0.73,0.7604,214,0
IWM191115C159,2019-11-12,2019-11-12 09:33:32,0.74,0.7708,74,0.72,0.75,366,0.75,0.7812,20,0.73,0.7604,214,0
IWM191115C159,2019-11-12,2019-11-12 09:33:33,0.74,0.7708,66,0.72,0.75,378,0.75,0.7812,20,0.73,0.7604,214,0
IWM191115C159,2019-11-12,2019-11-12 09:33:33,0.74,0.7708,137,0.72,0.75,166,0.75,0.7812,20,0.73,0.7604,214,0
IWM191115C159,2019-11-12,2019-11-12 09:33:34,0.74,0.7708,66,0.72,0.75,366,0.75,0.7812,20,0.73,0.7604,214,0
IWM191115C159,2019-11-12,2019-11-12 09:33:34,0.74,0.7708,114,0.72,0.75,58,0.75,0.7812,20,0.73,0.7604,214,0
IWM191115C159,2019-11-12,2019-11-12 09:33:35,0.74,0.7708,114,0.72,0.75,82,0.75,0.7812,20,0.73,0.7604,214,0
IWM191115C159,2019-11-12,2019-11-12 09:33:35,0.74,0.7708,47,0.72,0.75,386,0.75,0.7812,20,0.73,0.7604,214,0
IWM191115C159,2019-11-12,2019-11-12 09:33:36,0.74,0.7708,67,0.72,0.75,186,0.75,0.7812,20,0.73,0.7604,214,0
IWM191115C159,2019-11-12,2019-11-12 09:33:37,0.75,0.7812,142,0.72,0.75,117,0.75,0.7812,20,0.735,0.7656,214,0
IWM191115C159,2019-11-12,2019-11-12 09:33:37,0.75,0.7812,142,0.72,0.75,495,0.75,0.7812,20,0.735,0.7656,214,0
IWM191115C159,2019-11-12,2019-11-12 09:33:38,0.75,0.7812,48,0.73,0.7604,49,0.75,0.7812,20,0.74,0.7708,214,0
IWM191115C159,2019-11-12,2019-11-12 09:33:38,0.76,0.7916,60,0.73,0.7604,42,0.75,0.7812,20,0.745,0.776,214,0
IWM191115C159,2019-11-12,2019-11-12 09:33:39,0.76,0.7916,270,0.74,0.7708,84,0.75,0.7812,20,0.75,0.7812,214,0
IWM191115C159,2019-11-12,2019-11-12 09:33:39,0.76,0.7916,308,0.74,0.7708,44,0.75,0.7812,20,0.75,0.7812,214,0
IWM191115C159,2019-11-12,2019-11-12 09:33:40,0.76,0.7916,83,0.74,0.7708,99,0.75,0.7812,20,0.75,0.7812,214,0
IWM191115C159,2019-11-12,2019-11-12 09:33:40,0.76,0.7916,308,0.74,0.7708,44,0.75,0.7812,20,0.75,0.7812,214,0
IWM191115C159,2019-11-12,2019-11-12 09:33:41,0.76,0.7916,200,0.74,0.7708,99,0.75,0.7812,20,0.75,0.7812,214,0
IWM191115C159,2019-11-12,2019-11-12 09:33:41,0.76,0.7916,84,0.74,0.7708,18,0.75,0.7812,20,0.75,0.7812,214,0
IWM191115C159,2019-11-12,2019-11-12 09:33:42,0.75,0.7812,6,0.74,0.7708,30,0.75,0.7812,20,0.745,0.776,214,0
IWM191115C159,2019-11-12,2019-11-12 09:33:42,0.77,0.802,283,0.74,0.7708,41,0.75,0.7812,20,0.755,0.7864,214,0
IWM191115C159,2019-11-12,2019-11-12 09:33:43,0.77,0.802,32,0.75,0.7812,359,0.75,0.7812,20,0.76,0.7916,214,0
IWM191115C159,2019-11-12,2019-11-12 09:33:43,0.76,0.7916,11,0.75,0.7812,43,0.75,0.7812,20,0.755,0.7864,214,0
IWM191115C159,2019-11-12,2019-11-12 09:33:44,0.77,0.802,83,0.75,0.7812,100,0.75,0.7812,20,0.76,0.7916,214,0
IWM191115C159,2019-11-12,2019-11-12 09:33:44,0.78,0.8125,577,0.75,0.7812,359,0.75,0.7812,20,0.765,0.7968,214,0
IWM191115C159,2019-11-12,2019-11-12 09:33:45,0.77,0.802,18,0.76,0.7916,19,0.75,0.7812,20,0.765,0.7968,214,0
IWM191115C159,2019-11-12,2019-11-12 09:33:45,0.77,0.802,20,0.75,0.7812,100,0.75,0.7812,20,0.76,0.7916,214,0
IWM191115C159,2019-11-12,2019-11-12 09:33:46,0.77,0.802,18,0.75,0.7812,425,0.75,0.7812,20,0.76,0.7916,214,0
IWM191115C159,2019-11-12,2019-11-12 09:33:47,0.77,0.802,27,0.75,0.7812,425,0.75,0.7812,20,0.76,0.7916,214,0
IWM191115C159,2019-11-12,2019-11-12 09:33:48,0.77,0.802,27,0.75,0.7812,164,0.75,0.7812,20,0.76,0.7916,214,0
IWM191115C159,2019-11-12,2019-11-12 09:33:49,0.77,0.802,90,0.75,0.7812,12,0.75,0.7812,20,0.76,0.7916,214,0
IWM191115C159,2019-11-12,2019-11-12 09:33:49,0.76,0.7916,32,0.74,0.7708,389,0.75,0.7812,20,0.75,0.7812,214,0
IWM191115C159,2019-11-12,2019-11-12 09:33:50,0.76,0.7916,15,0.75,0.7812,47,0.75,0.7812,20,0.755,0.7864,214,0
IWM191115C159,2019-11-12,2019-11-12 09:33:50,0.77,0.802,80,0.75,0.7812,88,0.75,0.7812,20,0.76,0.7916,214,0
IWM191115C159,2019-11-12,2019-11-12 09:33:51,0.76,0.7916,23,0.74,0.7708,522,0.75,0.7812,20,0.75,0.7812,214,0
IWM191115C159,2019-11-12,2019-11-12 09:33:51,0.77,0.802,244,0.75,0.7812,48,0.75,0.7812,20,0.76,0.7916,214,0
IWM191115C159,2019-11-12,2019-11-12 09:33:52,0.76,0.7916,23,0.74,0.7708,522,0.75,0.7812,20,0.75,0.7812,214,0
IWM191115C159,2019-11-12,2019-11-12 09:33:53,0.76,0.7916,15,0.74,0.7708,403,0.75,0.7812,20,0.75,0.7812,214,0
IWM191115C159,2019-11-12,2019-11-12 09:33:53,0.76,0.7916,15,0.74,0.7708,522,0.75,0.7812,20,0.75,0.7812,214,0
IWM191115C159,2019-11-12,2019-11-12 09:33:54,0.76,0.7916,15,0.74,0.7708,511,0.75,0.7812,20,0.75,0.7812,214,0
IWM191115C159,2019-11-12,2019-11-12 09:33:54,0.77,0.802,28,0.75,0.7812,198,0.75,0.7812,20,0.76,0.7916,214,0
IWM191115C159,2019-11-12,2019-11-12 09:33:55,0.78,0.8125,113,0.76,0.7916,1,0.76,0.7916,3,0.77,0.802,217,3
IWM191115C159,2019-11-12,2019-11-12 09:33:55,0.78,0.8125,114,0.76,0.7916,1,0.76,0.7916,3,0.77,0.802,217,0
IWM191115C159,2019-11-12,2019-11-12 09:33:56,0.78,0.8125,114,0.76,0.7916,1,0.76,0.7916,3,0.77,0.802,217,0
IWM191115C159,2019-11-12,2019-11-12 09:33:56,0.78,0.8125,233,0.76,0.7916,32,0.76,0.7916,3,0.77,0.802,217,0
IWM191115C159,2019-11-12,2019-11-12 09:33:57,0.78,0.8125,397,0.76,0.7916,32,0.76,0.7916,3,0.77,0.802,217,0
IWM191115C159,2019-11-12,2019-11-12 09:33:57,0.78,0.8125,622,0.76,0.7916,32,0.76,0.7916,3,0.77,0.802,217,0
IWM191115C159,2019-11-12,2019-11-12 09:33:58,0.78,0.8125,397,0.76,0.7916,32,0.76,0.7916,3,0.77,0.802,217,0
IWM191115C159,2019-11-12,2019-11-12 09:33:58,0.77,0.802,22,0.75,0.7812,103,0.76,0.7916,3,0.76,0.7916,217,0
IWM191115C159,2019-11-12,2019-11-12 09:33:59,0.77,0.802,62,0.75,0.7812,442,0.76,0.7916,3,0.76,0.7916,217,0
IWM191115C159,2019-11-12,2019-11-12 09:34:00,0.77,0.802,81,0.75,0.7812,218,0.76,0.7916,3,0.76,0.7916,217,0
IWM191115C159,2019-11-12,2019-11-12 09:34:00,0.77,0.802,28,0.75,0.7812,259,0.76,0.7916,3,0.76,0.7916,217,0
IWM191115C159,2019-11-12,2019-11-12 09:34:01,0.77,0.802,36,0.75,0.7812,218,0.76,0.7916,3,0.76,0.7916,217,0
IWM191115C159,2019-11-12,2019-11-12 09:34:01,0.77,0.802,36,0.75,0.7812,326,0.76,0.7916,3,0.76,0.7916,217,0
IWM191115C159,2019-11-12,2019-11-12 09:34:02,0.77,0.802,36,0.76,0.7916,15,0.76,0.7916,3,0.765,0.7968,217,0
IWM191115C159,2019-11-12,2019-11-12 09:34:03,0.77,0.802,38,0.76,0.7916,8,0.76,0.7916,3,0.765,0.7968,217,0
IWM191115C159,2019-11-12,2019-11-12 09:34:03,0.77,0.802,22,0.76,0.7916,8,0.76,0.7916,3,0.765,0.7968,217,0
IWM191115C159,2019-11-12,2019-11-12 09:34:04,0.77,0.802,33,0.76,0.7916,13,0.76,0.7916,3,0.765,0.7968,217,0
IWM191115C159,2019-11-12,2019-11-12 09:34:05,0.77,0.802,33,0.76,0.7916,8,0.76,0.7916,3,0.765,0.7968,217,0
IWM191115C159,2019-11-12,2019-11-12 09:34:06,0.77,0.802,22,0.76,0.7916,8,0.76,0.7916,3,0.765,0.7968,217,0
IWM191115C159,2019-11-12,2019-11-12 09:34:06,0.77,0.802,33,0.76,0.7916,8,0.76,0.7916,3,0.765,0.7968,217,0
IWM191115C159,2019-11-12,2019-11-12 09:34:07,0.78,0.8125,20,0.76,0.7916,537,0.76,0.7916,3,0.77,0.802,217,0
IWM191115C159,2019-11-12,2019-11-12 09:34:07,0.79,0.8229,50,0.76,0.7916,87,0.76,0.7916,3,0.775,0.8072,217,0
IWM191115C159,2019-11-12,2019-11-12 09:34:08,0.78,0.8125,92,0.76,0.7916,25,0.76,0.7916,3,0.77,0.802,217,0
IWM191115C159,2019-11-12,2019-11-12 09:34:09,0.78,0.8125,481,0.75,0.7812,389,0.76,0.7916,3,0.765,0.7968,217,0
IWM191115C159,2019-11-12,2019-11-12 09:34:10,0.78,0.8125,316,0.75,0.7812,418,0.76,0.7916,3,0.765,0.7968,217,0
IWM191115C159,2019-11-12,2019-11-12 09:34:10,0.77,0.802,22,0.75,0.7812,388,0.76,0.7916,3,0.76,0.7916,217,0
IWM191115C159,2019-11-12,2019-11-12 09:34:11,0.77,0.802,22,0.75,0.7812,423,0.76,0.7916,3,0.76,0.7916,217,0
IWM191115C159,2019-11-12,2019-11-12 09:34:12,0.79,0.8229,66,0.77,0.802,84,0.77,0.802,1,0.78,0.8125,218,1
IWM191115C159,2019-11-12,2019-11-12 09:34:12,0.77,0.802,22,0.77,0.802,92,0.76,0.7916,3,0.77,0.802,217,0
IWM191115C159,2019-11-12,2019-11-12 09:34:13,0.79,0.8229,27,0.77,0.802,172,0.77,0.802,1,0.78,0.8125,218,0
IWM191115C159,2019-11-12,2019-11-12 09:34:13,0.79,0.8229,20,0.77,0.802,145,0.77,0.802,1,0.78,0.8125,218,0
IWM191115C159,2019-11-12,2019-11-12 09:34:14,0.82,0.8541,137,0.79,0.8229,388,0.8,0.8333,20,0.805,0.8385,238,20
IWM191115C159,2019-11-12,2019-11-12 09:34:14,0.8,0.8333,29,0.78,0.8125,312,0.77,0.802,1,0.79,0.8229,218,0
IWM191115C159,2019-11-12,2019-11-12 09:34:15,0.82,0.8541,137,0.79,0.8229,536,0.8,0.8333,20,0.805,0.8385,238,0
IWM191115C159,2019-11-12,2019-11-12 09:34:16,0.82,0.8541,92,0.79,0.8229,536,0.8,0.8333,20,0.805,0.8385,238,0
IWM191115C159,2019-11-12,2019-11-12 09:34:16,0.82,0.8541,63,0.8,0.8333,64,0.8,0.8333,20,0.81,0.8437,238,0
IWM191115C159,2019-11-12,2019-11-12 09:34:17,0.82,0.8541,90,0.8,0.8333,72,0.8,0.8333,20,0.81,0.8437,238,0
IWM191115C159,2019-11-12,2019-11-12 09:34:17,0.82,0.8541,44,0.8,0.8333,93,0.8,0.8333,20,0.81,0.8437,238,0
IWM191115C159,2019-11-12,2019-11-12 09:34:18,0.82,0.8541,131,0.8,0.8333,67,0.8,0.8333,20,0.81,0.8437,238,0
IWM191115C159,2019-11-12,2019-11-12 09:34:18,0.82,0.8541,144,0.79,0.8229,54,0.8,0.8333,20,0.805,0.8385,238,0
IWM191115C159,2019-11-12,2019-11-12 09:34:19,0.81,0.8437,218,0.79,0.8229,61,0.8,0.8333,20,0.8,0.8333,238,0
IWM191115C159,2019-11-12,2019-11-12 09:34:20,0.81,0.8437,22,0.79,0.8229,197,0.8,0.8333,20,0.8,0.8333,238,0
IWM191115C159,2019-11-12,2019-11-12 09:34:20,0.81,0.8437,1,0.79,0.8229,445,0.8,0.8333,20,0.8,0.8333,238,0
IWM191115C159,2019-11-12,2019-11-12 09:34:21,0.81,0.8437,97,0.79,0.8229,46,0.8,0.8333,20,0.8,0.8333,238,0
IWM191115C159,2019-11-12,2019-11-12 09:34:22,0.81,0.8437,46,0.79,0.8229,197,0.8,0.8333,20,0.8,0.8333,238,0
IWM191115C159,2019-11-12,2019-11-12 09:34:22,0.81,0.8437,97,0.79,0.8229,46,0.8,0.8333,20,0.8,0.8333,238,0
IWM191115C159,2019-11-12,2019-11-12 09:34:23,0.82,0.8541,148,0.79,0.8229,276,0.8,0.8333,20,0.805,0.8385,238,0
IWM191115C159,2019-11-12,2019-11-12 09:34:23,0.81,0.8437,15,0.79,0.8229,487,0.8,0.8333,20,0.8,0.8333,238,0
IWM191115C159,2019-11-12,2019-11-12 09:34:24,0.82,0.8541,85,0.8,0.8333,16,0.8,0.8333,20,0.81,0.8437,238,0
IWM191115C159,2019-11-12,2019-11-12 09:34:24,0.81,0.8437,15,0.8,0.8333,57,0.8,0.8333,20,0.805,0.8385,238,0
IWM191115C159,2019-11-12,2019-11-12 09:34:25,0.81,0.8437,67,0.79,0.8229,241,0.8,0.8333,20,0.8,0.8333,238,0
IWM191115C159,2019-11-12,2019-11-12 09:34:25,0.81,0.8437,67,0.79,0.8229,28,0.8,0.8333,20,0.8,0.8333,238,0
IWM191115C159,2019-11-12,2019-11-12 09:34:26,0.81,0.8437,135,0.79,0.8229,28,0.8,0.8333,20,0.8,0.8333,238,0
IWM191115C159,2019-11-12,2019-11-12 09:34:26,0.81,0.8437,105,0.79,0.8229,28,0.8,0.8333,20,0.8,0.8333,238,0
IWM191115C159,2019-11-12,2019-11-12 09:34:27,0.81,0.8437,50,0.79,0.8229,97,0.8,0.8333,20,0.8,0.8333,238,0
IWM191115C159,2019-11-12,2019-11-12 09:34:27,0.81,0.8437,50,0.79,0.8229,388,0.8,0.8333,20,0.8,0.8333,238,0
IWM191115C159,2019-11-12,2019-11-12 09:34:28,0.81,0.8437,100,0.79,0.8229,388,0.8,0.8333,20,0.8,0.8333,238,0
IWM191115C159,2019-11-12,2019-11-12 09:34:28,0.81,0.8437,112,0.79,0.8229,388,0.8,0.8333,20,0.8,0.8333,238,0
IWM191115C159,2019-11-12,2019-11-12 09:34:29,0.81,0.8437,379,0.78,0.8125,402,0.8,0.8333,20,0.795,0.8281,238,0
IWM191115C159,2019-11-12,2019-11-12 09:34:29,0.81,0.8437,112,0.79,0.8229,388,0.8,0.8333,20,0.8,0.8333,238,0
IWM191115C159,2019-11-12,2019-11-12 09:34:30,0.81,0.8437,512,0.78,0.8125,402,0.8,0.8333,20,0.795,0.8281,238,0
IWM191115C159,2019-11-12,2019-11-12 09:34:30,0.81,0.8437,312,0.78,0.8125,402,0.8,0.8333,20,0.795,0.8281,238,0
IWM191115C159,2019-11-12,2019-11-12 09:34:31,0.81,0.8437,296,0.79,0.8229,21,0.8,0.8333,20,0.8,0.8333,238,0
IWM191115C159,2019-11-12,2019-11-12 09:34:32,0.81,0.8437,296,0.79,0.8229,21,0.8,0.8333,20,0.8,0.8333,238,0
IWM191115C159,2019-11-12,2019-11-12 09:34:33,0.81,0.8437,491,0.79,0.8229,21,0.8,0.8333,20,0.8,0.8333,238,0
IWM191115C159,2019-11-12,2019-11-12 09:34:33,0.81,0.8437,296,0.79,0.8229,48,0.8,0.8333,20,0.8,0.8333,238,0
IWM191115C159,2019-11-12,2019-11-12 09:34:34,0.81,0.8437,96,0.79,0.8229,36,0.79,0.8229,1,0.8,0.8333,239,0
IWM191115C159,2019-11-12,2019-11-12 09:34:34,0.81,0.8437,275,0.79,0.8229,32,0.79,0.8229,1,0.8,0.8333,239,1
IWM191115C159,2019-11-12,2019-11-12 09:34:35,0.8,0.8333,56,0.78,0.8125,190,0.79,0.8229,1,0.79,0.8229,239,0
IWM191115C159,2019-11-12,2019-11-12 09:34:35,0.8,0.8333,43,0.79,0.8229,9,0.79,0.8229,1,0.795,0.8281,239,0
IWM191115C159,2019-11-12,2019-11-12 09:34:36,0.81,0.8437,22,0.79,0.8229,381,0.79,0.8229,1,0.8,0.8333,239,0
IWM191115C159,2019-11-12,2019-11-12 09:34:36,0.82,0.8541,49,0.8,0.8333,103,0.79,0.8229,1,0.81,0.8437,239,0
IWM191115C159,2019-11-12,2019-11-12 09:34:37,0.82,0.8541,22,0.81,0.8437,16,0.79,0.8229,1,0.815,0.8489,239,0
IWM191115C159,2019-11-12,2019-11-12 09:34:37,0.82,0.8541,22,0.8,0.8333,144,0.79,0.8229,1,0.81,0.8437,239,0
IWM191115C159,2019-11-12,2019-11-12 09:34:38,0.82,0.8541,22,0.8,0.8333,137,0.79,0.8229,1,0.81,0.8437,239,0
IWM191115C159,2019-11-12,2019-11-12 09:34:38,0.82,0.8541,33,0.81,0.8437,12,0.79,0.8229,1,0.815,0.8489,239,0
IWM191115C159,2019-11-12,2019-11-12 09:34:39,0.82,0.8541,30,0.8,0.8333,400,0.79,0.8229,1,0.81,0.8437,239,0
IWM191115C159,2019-11-12,2019-11-12 09:34:39,0.82,0.8541,22,0.8,0.8333,432,0.79,0.8229,1,0.81,0.8437,239,0
IWM191115C159,2019-11-12,2019-11-12 09:34:40,0.82,0.8541,22,0.8,0.8333,423,0.79,0.8229,1,0.81,0.8437,239,0
IWM191115C159,2019-11-12,2019-11-12 09:34:40,0.82,0.8541,10,0.8,0.8333,180,0.79,0.8229,1,0.81,0.8437,239,0
IWM191115C159,2019-11-12,2019-11-12 09:34:41,0.82,0.8541,22,0.8,0.8333,422,0.79,0.8229,1,0.81,0.8437,239,0
IWM191115C159,2019-11-12,2019-11-12 09:34:41,0.82,0.8541,22,0.8,0.8333,423,0.79,0.8229,1,0.81,0.8437,239,0
IWM191115C159,2019-11-12,2019-11-12 09:34:42,0.82,0.8541,33,0.8,0.8333,270,0.79,0.8229,1,0.81,0.8437,239,0
IWM191115C159,2019-11-12,2019-11-12 09:34:42,0.82,0.8541,22,0.8,0.8333,439,0.79,0.8229,1,0.81,0.8437,239,0
IWM191115C159,2019-11-12,2019-11-12 09:34:43,0.82,0.8541,22,0.8,0.8333,443,0.79,0.8229,1,0.81,0.8437,239,0
IWM191115C159,2019-11-12,2019-11-12 09:34:44,0.82,0.8541,22,0.8,0.8333,441,0.79,0.8229,1,0.81,0.8437,239,0
IWM191115C159,2019-11-12,2019-11-12 09:34:44,0.82,0.8541,33,0.8,0.8333,391,0.79,0.8229,1,0.81,0.8437,239,0
IWM191115C159,2019-11-12,2019-11-12 09:34:45,0.82,0.8541,17,0.8,0.8333,391,0.79,0.8229,1,0.81,0.8437,239,0
IWM191115C159,2019-11-12,2019-11-12 09:34:45,0.82,0.8541,33,0.8,0.8333,391,0.79,0.8229,1,0.81,0.8437,239,0
IWM191115C159,2019-11-12,2019-11-12 09:34:46,0.81,0.8437,5,0.8,0.8333,391,0.79,0.8229,1,0.805,0.8385,239,0
IWM191115C159,2019-11-12,2019-11-12 09:34:47,0.82,0.8541,22,0.8,0.8333,409,0.79,0.8229,1,0.81,0.8437,239,0
IWM191115C159,2019-11-12,2019-11-12 09:34:47,0.82,0.8541,24,0.8,0.8333,409,0.79,0.8229,1,0.81,0.8437,239,0
IWM191115C159,2019-11-12,2019-11-12 09:34:48,0.82,0.8541,14,0.8,0.8333,216,0.79,0.8229,1,0.81,0.8437,239,0
IWM191115C159,2019-11-12,2019-11-12 09:34:48,0.82,0.8541,42,0.8,0.8333,211,0.79,0.8229,1,0.81,0.8437,239,0
IWM191115C159,2019-11-12,2019-11-12 09:34:49,0.82,0.8541,24,0.8,0.8333,333,0.79,0.8229,1,0.81,0.8437,239,0
IWM191115C159,2019-11-12,2019-11-12 09:34:50,0.82,0.8541,24,0.8,0.8333,377,0.79,0.8229,1,0.81,0.8437,239,0
IWM191115C159,2019-11-12,2019-11-12 09:34:50,0.83,0.8645,42,0.81,0.8437,99,0.79,0.8229,1,0.82,0.8541,239,0
IWM191115C159,2019-11-12,2019-11-12 09:34:51,0.83,0.8645,2,0.81,0.8437,406,0.79,0.8229,1,0.82,0.8541,239,0
IWM191115C159,2019-11-12,2019-11-12 09:34:51,0.84,0.875,109,0.82,0.8541,84,0.79,0.8229,1,0.83,0.8645,239,0
IWM191115C159,2019-11-12,2019-11-12 09:34:52,0.83,0.8645,2,0.82,0.8541,16,0.79,0.8229,1,0.825,0.8593,239,0
IWM191115C159,2019-11-12,2019-11-12 09:34:53,0.84,0.875,260,0.82,0.8541,22,0.79,0.8229,1,0.83,0.8645,239,0
IWM191115C159,2019-11-12,2019-11-12 09:34:53,0.84,0.875,439,0.82,0.8541,8,0.79,0.8229,1,0.83,0.8645,239,0
IWM191115C159,2019-11-12,2019-11-12 09:34:54,0.84,0.875,439,0.82,0.8541,8,0.79,0.8229,1,0.83,0.8645,239,0
IWM191115C159,2019-11-12,2019-11-12 09:34:54,0.83,0.8645,224,0.81,0.8437,63,0.79,0.8229,1,0.82,0.8541,239,0
IWM191115C159,2019-11-12,2019-11-12 09:34:55,0.83,0.8645,394,0.8,0.8333,123,0.79,0.8229,1,0.815,0.8489,239,0
IWM191115C159,2019-11-12,2019-11-12 09:34:55,0.83,0.8645,546,0.8,0.8333,215,0.79,0.8229,1,0.815,0.8489,239,0
IWM191115C159,2019-11-12,2019-11-12 09:34:56,0.83,0.8645,546,0.8,0.8333,215,0.79,0.8229,1,0.815,0.8489,239,0
IWM191115C159,2019-11-12,2019-11-12 09:34:57,0.83,0.8645,512,0.8,0.8333,218,0.79,0.8229,1,0.815,0.8489,239,0
IWM191115C159,2019-11-12,2019-11-12 09:34:57,0.83,0.8645,703,0.8,0.8333,375,0.79,0.8229,1,0.815,0.8489,239,0
IWM191115C159,2019-11-12,2019-11-12 09:34:58,0.82,0.8541,81,0.8,0.8333,80,0.79,0.8229,1,0.81,0.8437,239,0
IWM191115C159,2019-11-12,2019-11-12 09:34:58,0.83,0.8645,703,0.8,0.8333,393,0.79,0.8229,1,0.815,0.8489,239,0
IWM191115C159,2019-11-12,2019-11-12 09:34:59,0.82,0.8541,72,0.8,0.8333,31,0.79,0.8229,1,0.81,0.8437,239,0
IWM191115C159,2019-11-12,2019-11-12 09:34:59,0.82,0.8541,72,0.8,0.8333,242,0.79,0.8229,1,0.81,0.8437,239,0
IWM191115C159,2019-11-12,2019-11-12 09:35:00,0.79,0.8229,88,0.77,0.802,18,0.79,0.8229,1,0.78,0.8125,239,0
IWM191115C159,2019-11-12,2019-11-12 09:35:01,0.79,0.8229,210,0.76,0.7916,58,0.79,0.8229,1,0.775,0.8072,239,0
IWM191115C159,2019-11-12,2019-11-12 09:35:01,0.79,0.8229,219,0.76,0.7916,449,0.79,0.8229,1,0.775,0.8072,239,0
IWM191115C159,2019-11-12,2019-11-12 09:35:02,0.79,0.8229,140,0.77,0.802,23,0.79,0.8229,1,0.78,0.8125,239,0
IWM191115C159,2019-11-12,2019-11-12 09:35:02,0.79,0.8229,174,0.77,0.802,23,0.79,0.8229,1,0.78,0.8125,239,0
IWM191115C159,2019-11-12,2019-11-12 09:35:03,0.79,0.8229,174,0.77,0.802,90,0.79,0.8229,1,0.78,0.8125,239,0
IWM191115C159,2019-11-12,2019-11-12 09:35:03,0.8,0.8333,77,0.78,0.8125,283,0.79,0.8229,1,0.79,0.8229,239,0
IWM191115C159,2019-11-12,2019-11-12 09:35:04,0.8,0.8333,41,0.78,0.8125,430,0.79,0.8229,1,0.79,0.8229,239,0
IWM191115C159,2019-11-12,2019-11-12 09:35:04,0.8,0.8333,41,0.78,0.8125,536,0.79,0.8229,1,0.79,0.8229,239,0
IWM191115C159,2019-11-12,2019-11-12 09:35:05,0.81,0.8437,391,0.78,0.8125,536,0.79,0.8229,1,0.795,0.8281,239,0
IWM191115C159,2019-11-12,2019-11-12 09:35:05,0.81,0.8437,180,0.78,0.8125,536,0.79,0.8229,1,0.795,0.8281,239,0
IWM191115C159,2019-11-12,2019-11-12 09:35:06,0.81,0.8437,72,0.78,0.8125,147,0.79,0.8229,1,0.795,0.8281,239,0
IWM191115C159,2019-11-12,2019-11-12 09:35:06,0.81,0.8437,72,0.79,0.8229,392,0.79,0.8229,1,0.8,0.8333,239,0
IWM191115C159,2019-11-12,2019-11-12 09:35:07,0.8,0.8333,15,0.78,0.8125,398,0.79,0.8229,1,0.79,0.8229,239,0
IWM191115C159,2019-11-12,2019-11-12 09:35:07,0.81,0.8437,465,0.78,0.8125,494,0.79,0.8229,1,0.795,0.8281,239,0
IWM191115C159,2019-11-12,2019-11-12 09:35:08,0.8,0.8333,101,0.79,0.8229,10,0.79,0.8229,1,0.795,0.8281,239,0
IWM191115C159,2019-11-12,2019-11-12 09:35:08,0.8,0.8333,23,0.78,0.8125,401,0.79,0.8229,1,0.79,0.8229,239,0
IWM191115C159,2019-11-12,2019-11-12 09:35:09,0.79,0.8229,105,0.77,0.802,85,0.79,0.8229,10,0.78,0.8125,249,0
IWM191115C159,2019-11-12,2019-11-12 09:35:09,0.8,0.8333,101,0.77,0.802,163,0.79,0.8229,10,0.785,0.8177,249,10
IWM191115C159,2019-11-12,2019-11-12 09:35:10,0.78,0.8125,18,0.76,0.7916,104,0.79,0.8229,10,0.77,0.802,249,0
IWM191115C159,2019-11-12,2019-11-12 09:35:10,0.79,0.8229,275,0.77,0.802,17,0.79,0.8229,10,0.78,0.8125,249,0
IWM191115C159,2019-11-12,2019-11-12 09:35:11,0.78,0.8125,215,0.76,0.7916,91,0.79,0.8229,10,0.77,0.802,249,0
IWM191115C159,2019-11-12,2019-11-12 09:35:12,0.79,0.8229,323,0.76,0.7916,510,0.79,0.8229,10,0.775,0.8072,249,0
IWM191115C159,2019-11-12,2019-11-12 09:35:12,0.77,0.802,13,0.76,0.7916,114,0.79,0.8229,10,0.765,0.7968,249,0
IWM191115C159,2019-11-12,2019-11-12 09:35:13,0.78,0.8125,43,0.76,0.7916,101,0.79,0.8229,10,0.77,0.802,249,0
IWM191115C159,2019-11-12,2019-11-12 09:35:14,0.78,0.8125,43,0.76,0.7916,505,0.79,0.8229,10,0.77,0.802,249,0
IWM191115C159,2019-11-12,2019-11-12 09:35:14,0.78,0.8125,43,0.76,0.7916,412,0.79,0.8229,10,0.77,0.802,249,0
IWM191115C159,2019-11-12,2019-11-12 09:35:15,0.78,0.8125,43,0.76,0.7916,516,0.79,0.8229,10,0.77,0.802,249,0
IWM191115C159,2019-11-12,2019-11-12 09:35:16,0.78,0.8125,13,0.76,0.7916,637,0.79,0.8229,10,0.77,0.802,249,0
IWM191115C159,2019-11-12,2019-11-12 09:35:16,0.78,0.8125,13,0.76,0.7916,538,0.79,0.8229,10,0.77,0.802,249,0
IWM191115C159,2019-11-12,2019-11-12 09:35:17,0.79,0.8229,49,0.77,0.802,54,0.79,0.8229,10,0.78,0.8125,249,0
IWM191115C159,2019-11-12,2019-11-12 09:35:18,0.8,0.8333,551,0.77,0.802,291,0.79,0.8229,10,0.785,0.8177,249,0
IWM191115C159,2019-11-12,2019-11-12 09:35:18,0.8,0.8333,551,0.77,0.802,506,0.79,0.8229,10,0.785,0.8177,249,0
IWM191115C159,2019-11-12,2019-11-12 09:35:19,0.79,0.8229,22,0.77,0.802,468,0.79,0.8229,10,0.78,0.8125,249,0
IWM191115C159,2019-11-12,2019-11-12 09:35:19,0.79,0.8229,17,0.78,0.8125,32,0.79,0.8229,10,0.785,0.8177,249,0
IWM191115C159,2019-11-12,2019-11-12 09:35:20,0.79,0.8229,63,0.77,0.802,140,0.79,0.8229,10,0.78,0.8125,249,0
IWM191115C159,2019-11-12,2019-11-12 09:35:21,0.79,0.8229,97,0.77,0.802,140,0.79,0.8229,10,0.78,0.8125,249,0
IWM191115C159,2019-11-12,2019-11-12 09:35:22,0.78,0.8125,33,0.77,0.802,63,0.79,0.8229,10,0.775,0.8072,249,0
IWM191115C159,2019-11-12,2019-11-12 09:35:22,0.79,0.8229,97,0.77,0.802,63,0.79,0.8229,10,0.78,0.8125,249,0
IWM191115C159,2019-11-12,2019-11-12 09:35:23,0.78,0.8125,11,0.77,0.802,63,0.79,0.8229,10,0.775,0.8072,249,0
IWM191115C159,2019-11-12,2019-11-12 09:35:24,0.78,0.8125,33,0.77,0.802,63,0.79,0.8229,10,0.775,0.8072,249,0
IWM191115C159,2019-11-12,2019-11-12 09:35:24,0.79,0.8229,36,0.77,0.802,181,0.79,0.8229,10,0.78,0.8125,249,0
IWM191115C159,2019-11-12,2019-11-12 09:35:25,0.79,0.8229,26,0.77,0.802,143,0.79,0.8229,10,0.78,0.8125,249,0
IWM191115C159,2019-11-12,2019-11-12 09:35:25,0.8,0.8333,72,0.78,0.8125,96,0.79,0.8229,10,0.79,0.8229,249,0
IWM191115C159,2019-11-12,2019-11-12 09:35:26,0.79,0.8229,63,0.77,0.802,143,0.79,0.8229,10,0.78,0.8125,249,0
IWM191115C159,2019-11-12,2019-11-12 09:35:26,0.79,0.8229,26,0.77,0.802,143,0.79,0.8229,10,0.78,0.8125,249,0
IWM191115C159,2019-11-12,2019-11-12 09:35:27,0.79,0.8229,27,0.77,0.802,143,0.79,0.8229,10,0.78,0.8125,249,0
IWM191115C159,2019-11-12,2019-11-12 09:35:28,0.81,0.8437,220,0.78,0.8125,207,0.79,0.8229,10,0.795,0.8281,249,0
IWM191115C159,2019-11-12,2019-11-12 09:35:28,0.8,0.8333,222,0.78,0.8125,97,0.79,0.8229,10,0.79,0.8229,249,0
IWM191115C159,2019-11-12,2019-11-12 09:35:29,0.81,0.8437,291,0.79,0.8229,78,0.79,0.8229,10,0.8,0.8333,249,0
IWM191115C159,2019-11-12,2019-11-12 09:35:29,0.81,0.8437,544,0.79,0.8229,78,0.79,0.8229,10,0.8,0.8333,249,0
IWM191115C159,2019-11-12,2019-11-12 09:35:30,0.8,0.8333,177,0.77,0.802,155,0.79,0.8229,10,0.785,0.8177,249,0
IWM191115C159,2019-11-12,2019-11-12 09:35:30,0.8,0.8333,599,0.77,0.802,536,0.79,0.8229,10,0.785,0.8177,249,0
IWM191115C159,2019-11-12,2019-11-12 09:35:31,0.8,0.8333,599,0.77,0.802,536,0.79,0.8229,10,0.785,0.8177,249,0
IWM191115C159,2019-11-12,2019-11-12 09:35:31,0.78,0.8125,9,0.77,0.802,78,0.79,0.8229,10,0.775,0.8072,249,0
IWM191115C159,2019-11-12,2019-11-12 09:35:32,0.78,0.8125,92,0.77,0.802,30,0.79,0.8229,10,0.775,0.8072,249,0
IWM191115C159,2019-11-12,2019-11-12 09:35:32,0.78,0.8125,227,0.76,0.7916,37,0.79,0.8229,10,0.77,0.802,249,0
IWM191115C159,2019-11-12,2019-11-12 09:35:33,0.78,0.8125,121,0.76,0.7916,174,0.79,0.8229,10,0.77,0.802,249,0
IWM191115C159,2019-11-12,2019-11-12 09:35:33,0.78,0.8125,79,0.76,0.7916,21,0.79,0.8229,10,0.77,0.802,249,0
IWM191115C159,2019-11-12,2019-11-12 09:35:34,0.78,0.8125,22,0.76,0.7916,201,0.79,0.8229,10,0.77,0.802,249,0
IWM191115C159,2019-11-12,2019-11-12 09:35:34,0.78,0.8125,351,0.76,0.7916,21,0.79,0.8229,10,0.77,0.802,249,0
IWM191115C159,2019-11-12,2019-11-12 09:35:35,0.8,0.8333,427,0.77,0.802,171,0.79,0.8229,10,0.785,0.8177,249,0
IWM191115C159,2019-11-12,2019-11-12 09:35:35,0.8,0.8333,479,0.77,0.802,349,0.79,0.8229,10,0.785,0.8177,249,0
IWM191115C159,2019-11-12,2019-11-12 09:35:36,0.8,0.8333,404,0.77,0.802,538,0.79,0.8229,10,0.785,0.8177,249,0
IWM191115C159,2019-11-12,2019-11-12 09:35:36,0.8,0.8333,542,0.77,0.802,127,0.79,0.8229,10,0.785,0.8177,249,0
IWM191115C159,2019-11-12,2019-11-12 09:35:37,0.79,0.8229,317,0.77,0.802,114,0.79,0.8229,10,0.78,0.8125,249,0
IWM191115C159,2019-11-12,2019-11-12 09:35:37,0.79,0.8229,13,0.78,0.8125,54,0.79,0.8229,10,0.785,0.8177,249,0
IWM191115C159,2019-11-12,2019-11-12 09:35:38,0.79,0.8229,13,0.78,0.8125,54,0.79,0.8229,10,0.785,0.8177,249,0
IWM191115C159,2019-11-12,2019-11-12 09:35:39,0.79,0.8229,13,0.78,0.8125,18,0.79,0.8229,10,0.785,0.8177,249,0
IWM191115C159,2019-11-12,2019-11-12 09:35:39,0.79,0.8229,13,0.78,0.8125,54,0.79,0.8229,10,0.785,0.8177,249,0
IWM191115C159,2019-11-12,2019-11-12 09:35:40,0.79,0.8229,13,0.78,0.8125,53,0.79,0.8229,10,0.785,0.8177,249,0
IWM191115C159,2019-11-12,2019-11-12 09:35:40,0.79,0.8229,13,0.78,0.8125,18,0.79,0.8229,10,0.785,0.8177,249,0
IWM191115C159,2019-11-12,2019-11-12 09:35:41,0.79,0.8229,24,0.77,0.802,109,0.79,0.8229,10,0.78,0.8125,249,0
IWM191115C159,2019-11-12,2019-11-12 09:35:41,0.79,0.8229,49,0.78,0.8125,20,0.79,0.8229,10,0.785,0.8177,249,0
IWM191115C159,2019-11-12,2019-11-12 09:35:42,0.79,0.8229,33,0.77,0.802,475,0.79,0.8229,10,0.78,0.8125,249,0
IWM191115C159,2019-11-12,2019-11-12 09:35:42,0.79,0.8229,74,0.77,0.802,471,0.79,0.8229,10,0.78,0.8125,249,0
IWM191115C159,2019-11-12,2019-11-12 09:35:43,0.79,0.8229,33,0.77,0.802,449,0.79,0.8229,10,0.78,0.8125,249,0
IWM191115C159,2019-11-12,2019-11-12 09:35:43,0.79,0.8229,13,0.77,0.802,559,0.79,0.8229,10,0.78,0.8125,249,0
IWM191115C159,2019-11-12,2019-11-12 09:35:44,0.79,0.8229,13,0.77,0.802,688,0.79,0.8229,10,0.78,0.8125,249,0
IWM191115C159,2019-11-12,2019-11-12 09:35:45,0.79,0.8229,20,0.77,0.802,403,0.79,0.8229,10,0.78,0.8125,249,0
IWM191115C159,2019-11-12,2019-11-12 09:35:45,0.8,0.8333,159,0.78,0.8125,78,0.79,0.8229,10,0.79,0.8229,249,0
IWM191115C159,2019-11-12,2019-11-12 09:35:46,0.79,0.8229,20,0.77,0.802,203,0.79,0.8229,10,0.78,0.8125,249,0
IWM191115C159,2019-11-12,2019-11-12 09:35:47,0.79,0.8229,51,0.77,0.802,203,0.79,0.8229,6,0.78,0.8125,264,15
IWM191115C159,2019-11-12,2019-11-12 09:35:47,0.79,0.8229,20,0.77,0.802,203,0.79,0.8229,10,0.78,0.8125,249,0
IWM191115C159,2019-11-12,2019-11-12 09:35:48,0.81,0.8437,18,0.8,0.8333,21,0.79,0.8229,6,0.805,0.8385,264,0
IWM191115C159,2019-11-12,2019-11-12 09:35:48,0.82,0.8541,281,0.8,0.8333,21,0.79,0.8229,6,0.81,0.8437,264,0
IWM191115C159,2019-11-12,2019-11-12 09:35:49,0.82,0.8541,320,0.8,0.8333,110,0.79,0.8229,6,0.81,0.8437,264,0
IWM191115C159,2019-11-12,2019-11-12 09:35:49,0.82,0.8541,17,0.8,0.8333,107,0.79,0.8229,6,0.81,0.8437,264,0
IWM191115C159,2019-11-12,2019-11-12 09:35:50,0.82,0.8541,262,0.8,0.8333,131,0.79,0.8229,6,0.81,0.8437,264,0
IWM191115C159,2019-11-12,2019-11-12 09:35:50,0.83,0.8645,355,0.8,0.8333,108,0.79,0.8229,6,0.815,0.8489,264,0
IWM191115C159,2019-11-12,2019-11-12 09:35:51,0.82,0.8541,335,0.79,0.8229,153,0.79,0.8229,6,0.805,0.8385,264,0
IWM191115C159,2019-11-12,2019-11-12 09:35:51,0.82,0.8541,33,0.8,0.8333,140,0.79,0.8229,6,0.81,0.8437,264,0
IWM191115C159,2019-11-12,2019-11-12 09:35:52,0.82,0.8541,335,0.79,0.8229,153,0.79,0.8229,6,0.805,0.8385,264,0
IWM191115C159,2019-11-12,2019-11-12 09:35:52,0.81,0.8437,17,0.79,0.8229,213,0.79,0.8229,6,0.8,0.8333,264,0
IWM191115C159,2019-11-12,2019-11-12 09:35:53,0.82,0.8541,22,0.8,0.8333,223,0.79,0.8229,6,0.81,0.8437,264,0
IWM191115C159,2019-11-12,2019-11-12 09:35:54,0.82,0.8541,33,0.8,0.8333,190,0.79,0.8229,6,0.81,0.8437,264,0
IWM191115C159,2019-11-12,2019-11-12 09:35:54,0.82,0.8541,33,0.8,0.8333,202,0.79,0.8229,6,0.81,0.8437,264,0
IWM191115C159,2019-11-12,2019-11-12 09:35:55,0.82,0.8541,37,0.8,0.8333,151,0.79,0.8229,6,0.81,0.8437,264,0
IWM191115C159,2019-11-12,2019-11-12 09:35:56,0.82,0.8541,483,0.8,0.8333,76,0.79,0.8229,6,0.81,0.8437,264,0
IWM191115C159,2019-11-12,2019-11-12 09:35:56,0.82,0.8541,71,0.8,0.8333,206,0.79,0.8229,6,0.81,0.8437,264,0
IWM191115C159,2019-11-12,2019-11-12 09:35:57,0.82,0.8541,33,0.8,0.8333,165,0.79,0.8229,6,0.81,0.8437,264,0
IWM191115C159,2019-11-12,2019-11-12 09:35:57,0.82,0.8541,56,0.8,0.8333,239,0.79,0.8229,6,0.81,0.8437,264,0
IWM191115C159,2019-11-12,2019-11-12 09:35:58,0.82,0.8541,367,0.8,0.8333,114,0.79,0.8229,6,0.81,0.8437,264,0
IWM191115C159,2019-11-12,2019-11-12 09:35:58,0.82,0.8541,493,0.8,0.8333,114,0.79,0.8229,6,0.81,0.8437,264,0
IWM191115C159,2019-11-12,2019-11-12 09:35:59,0.81,0.8437,30,0.79,0.8229,302,0.81,0.8437,14,0.8,0.8333,336,72
IWM191115C159,2019-11-12,2019-11-12 09:35:59,0.82,0.8541,271,0.8,0.8333,60,0.79,0.8229,6,0.81,0.8437,264,0
IWM191115C159,2019-11-12,2019-11-12 09:36:00,0.84,0.875,75,0.81,0.8437,151,0.81,0.8437,7,0.825,0.8593,343,7
IWM191115C159,2019-11-12,2019-11-12 09:36:00,0.81,0.8437,30,0.8,0.8333,12,0.81,0.8437,14,0.805,0.8385,336,0
IWM191115C159,2019-11-12,2019-11-12 09:36:01,0.84,0.875,352,0.81,0.8437,421,0.81,0.8437,7,0.825,0.8593,343,0
IWM191115C159,2019-11-12,2019-11-12 09:36:01,0.83,0.8645,22,0.81,0.8437,221,0.81,0.8437,7,0.82,0.8541,343,0
IWM191115C159,2019-11-12,2019-11-12 09:36:02,0.83,0.8645,90,0.82,0.8541,8,0.81,0.8437,7,0.825,0.8593,343,0
IWM191115C159,2019-11-12,2019-11-12 09:36:02,0.83,0.8645,9,0.81,0.8437,353,0.81,0.8437,7,0.82,0.8541,343,0
IWM191115C159,2019-11-12,2019-11-12 09:36:03,0.82,0.8541,84,0.8,0.8333,78,0.81,0.8437,7,0.81,0.8437,343,0
IWM191115C159,2019-11-12,2019-11-12 09:36:03,0.82,0.8541,360,0.8,0.8333,103,0.81,0.8437,7,0.81,0.8437,343,0
IWM191115C159,2019-11-12,2019-11-12 09:36:04,0.82,0.8541,471,0.8,0.8333,111,0.81,0.8437,7,0.81,0.8437,343,0
IWM191115C159,2019-11-12,2019-11-12 09:36:04,0.82,0.8541,501,0.8,0.8333,111,0.81,0.8437,7,0.81,0.8437,343,0
IWM191115C159,2019-11-12,2019-11-12 09:36:05,0.82,0.8541,501,0.8,0.8333,86,0.81,0.8437,7,0.81,0.8437,343,0
IWM191115C159,2019-11-12,2019-11-12 09:36:05,0.82,0.8541,358,0.79,0.8229,98,0.81,0.8437,7,0.805,0.8385,343,0
IWM191115C159,2019-11-12,2019-11-12 09:36:06,0.82,0.8541,120,0.79,0.8229,124,0.81,0.8437,7,0.805,0.8385,343,0
IWM191115C159,2019-11-12,2019-11-12 09:36:06,0.82,0.8541,277,0.8,0.8333,406,0.81,0.8437,7,0.81,0.8437,343,0
IWM191115C159,2019-11-12,2019-11-12 09:36:07,0.83,0.8645,214,0.8,0.8333,565,0.81,0.8437,7,0.815,0.8489,343,0
IWM191115C159,2019-11-12,2019-11-12 09:36:07,0.82,0.8541,17,0.8,0.8333,565,0.81,0.8437,7,0.81,0.8437,343,0
IWM191115C159,2019-11-12,2019-11-12 09:36:08,0.82,0.8541,85,0.8,0.8333,80,0.81,0.8437,7,0.81,0.8437,343,0
IWM191115C159,2019-11-12,2019-11-12 09:36:08,0.82,0.8541,17,0.8,0.8333,565,0.81,0.8437,7,0.81,0.8437,343,0
IWM191115C159,2019-11-12,2019-11-12 09:36:09,0.81,0.8437,13,0.8,0.8333,42,0.81,0.8437,7,0.805,0.8385,343,0
IWM191115C159,2019-11-12,2019-11-12 09:36:10,0.8,0.8333,458,0.78,0.8125,101,0.81,0.8437,7,0.79,0.8229,343,0
IWM191115C159,2019-11-12,2019-11-12 09:36:10,0.81,0.8437,13,0.78,0.8125,80,0.81,0.8437,7,0.795,0.8281,343,0
IWM191115C159,2019-11-12,2019-11-12 09:36:11,0.79,0.8229,95,0.77,0.802,131,0.78,0.8125,15,0.78,0.8125,358,15
IWM191115C159,2019-11-12,2019-11-12 09:36:11,0.79,0.8229,75,0.78,0.8125,114,0.81,0.8437,7,0.785,0.8177,343,0
IWM191115C159,2019-11-12,2019-11-12 09:36:12,0.79,0.8229,417,0.77,0.802,211,0.78,0.8125,15,0.78,0.8125,358,0
IWM191115C159,2019-11-12,2019-11-12 09:36:13,0.79,0.8229,352,0.77,0.802,109,0.78,0.8125,15,0.78,0.8125,358,0
IWM191115C159,2019-11-12,2019-11-12 09:36:13,0.79,0.8229,326,0.77,0.802,97,0.78,0.8125,15,0.78,0.8125,358,0
IWM191115C159,2019-11-12,2019-11-12 09:36:14,0.79,0.8229,326,0.77,0.802,97,0.78,0.8125,15,0.78,0.8125,358,0
IWM191115C159,2019-11-12,2019-11-12 09:36:15,0.79,0.8229,608,0.77,0.802,97,0.78,0.8125,15,0.78,0.8125,358,0
IWM191115C159,2019-11-12,2019-11-12 09:36:15,0.79,0.8229,562,0.77,0.802,97,0.78,0.8125,15,0.78,0.8125,358,0
IWM191115C159,2019-11-12,2019-11-12 09:36:16,0.79,0.8229,548,0.77,0.802,97,0.78,0.8125,15,0.78,0.8125,358,0
IWM191115C159,2019-11-12,2019-11-12 09:36:16,0.79,0.8229,562,0.77,0.802,97,0.78,0.8125,15,0.78,0.8125,358,0
IWM191115C159,2019-11-12,2019-11-12 09:36:17,0.79,0.8229,547,0.77,0.802,139,0.78,0.8125,15,0.78,0.8125,358,0
IWM191115C159,2019-11-12,2019-11-12 09:36:17,0.79,0.8229,548,0.77,0.802,97,0.78,0.8125,15,0.78,0.8125,358,0
IWM191115C159,2019-11-12,2019-11-12 09:36:18,0.79,0.8229,456,0.77,0.802,121,0.78,0.8125,15,0.78,0.8125,358,0
IWM191115C159,2019-11-12,2019-11-12 09:36:19,0.79,0.8229,346,0.77,0.802,139,0.78,0.8125,15,0.78,0.8125,358,0
IWM191115C159,2019-11-12,2019-11-12 09:36:19,0.79,0.8229,456,0.77,0.802,121,0.78,0.8125,15,0.78,0.8125,358,0
IWM191115C159,2019-11-12,2019-11-12 09:36:20,0.79,0.8229,456,0.77,0.802,121,0.78,0.8125,15,0.78,0.8125,358,0
IWM191115C159,2019-11-12,2019-11-12 09:36:20,0.79,0.8229,456,0.77,0.802,65,0.78,0.8125,15,0.78,0.8125,358,0
IWM191115C159,2019-11-12,2019-11-12 09:36:21,0.79,0.8229,544,0.77,0.802,65,0.78,0.8125,15,0.78,0.8125,358,0
IWM191115C159,2019-11-12,2019-11-12 09:36:22,0.78,0.8125,13,0.77,0.802,52,0.78,0.8125,15,0.775,0.8072,358,0
IWM191115C159,2019-11-12,2019-11-12 09:36:22,0.79,0.8229,481,0.76,0.7916,168,0.78,0.8125,15,0.775,0.8072,358,0
IWM191115C159,2019-11-12,2019-11-12 09:36:23,0.78,0.8125,13,0.77,0.802,52,0.78,0.8125,15,0.775,0.8072,358,0
IWM191115C159,2019-11-12,2019-11-12 09:36:24,0.78,0.8125,13,0.77,0.802,51,0.78,0.8125,15,0.775,0.8072,358,0
IWM191115C159,2019-11-12,2019-11-12 09:36:24,0.78,0.8125,17,0.77,0.802,41,0.78,0.8125,15,0.775,0.8072,358,0
IWM191115C159,2019-11-12,2019-11-12 09:36:25,0.78,0.8125,17,0.77,0.802,48,0.78,0.8125,15,0.775,0.8072,358,0
IWM191115C159,2019-11-12,2019-11-12 09:36:25,0.78,0.8125,17,0.77,0.802,29,0.78,0.8125,15,0.775,0.8072,358,0
IWM191115C159,2019-11-12,2019-11-12 09:36:26,0.78,0.8125,13,0.76,0.7916,71,0.78,0.8125,15,0.77,0.802,358,0
IWM191115C159,2019-11-12,2019-11-12 09:36:26,0.79,0.8229,326,0.76,0.7916,71,0.78,0.8125,15,0.775,0.8072,358,0
IWM191115C159,2019-11-12,2019-11-12 09:36:27,0.78,0.8125,13,0.77,0.802,58,0.78,0.8125,15,0.775,0.8072,358,0
IWM191115C159,2019-11-12,2019-11-12 09:36:28,0.78,0.8125,13,0.77,0.802,58,0.78,0.8125,15,0.775,0.8072,358,0
IWM191115C159,2019-11-12,2019-11-12 09:36:28,0.78,0.8125,13,0.77,0.802,24,0.78,0.8125,15,0.775,0.8072,358,0
IWM191115C159,2019-11-12,2019-11-12 09:36:29,0.78,0.8125,13,0.77,0.802,51,0.78,0.8125,15,0.775,0.8072,358,0
IWM191115C159,2019-11-12,2019-11-12 09:36:29,0.8,0.8333,220,0.77,0.802,146,0.78,0.8125,15,0.785,0.8177,358,0
IWM191115C159,2019-11-12,2019-11-12 09:36:30,0.8,0.8333,55,0.78,0.8125,131,0.78,0.8125,15,0.79,0.8229,358,0
IWM191115C159,2019-11-12,2019-11-12 09:36:30,0.8,0.8333,397,0.77,0.802,573,0.78,0.8125,15,0.785,0.8177,358,0
IWM191115C159,2019-11-12,2019-11-12 09:36:31,0.8,0.8333,130,0.78,0.8125,376,0.78,0.8125,15,0.79,0.8229,358,0
IWM191115C159,2019-11-12,2019-11-12 09:36:31,0.8,0.8333,130,0.78,0.8125,131,0.78,0.8125,15,0.79,0.8229,358,0
IWM191115C159,2019-11-12,2019-11-12 09:36:32,0.82,0.8541,164,0.78,0.8125,200,0.78,0.8125,15,0.8,0.8333,358,0
IWM191115C159,2019-11-12,2019-11-12 09:36:32,0.8,0.8333,99,0.78,0.8125,376,0.78,0.8125,15,0.79,0.8229,358,0
IWM191115C159,2019-11-12,2019-11-12 09:36:33,0.82,0.8541,343,0.79,0.8229,54,0.78,0.8125,15,0.805,0.8385,358,0
IWM191115C159,2019-11-12,2019-11-12 09:36:33,0.81,0.8437,13,0.79,0.8229,122,0.78,0.8125,15,0.8,0.8333,358,0
IWM191115C159,2019-11-12,2019-11-12 09:36:34,0.81,0.8437,33,0.79,0.8229,122,0.78,0.8125,15,0.8,0.8333,358,0
IWM191115C159,2019-11-12,2019-11-12 09:36:35,0.81,0.8437,33,0.79,0.8229,387,0.78,0.8125,15,0.8,0.8333,358,0
IWM191115C159,2019-11-12,2019-11-12 09:36:35,0.81,0.8437,33,0.79,0.8229,155,0.78,0.8125,15,0.8,0.8333,358,0
IWM191115C159,2019-11-12,2019-11-12 09:36:36,0.81,0.8437,33,0.79,0.8229,236,0.78,0.8125,15,0.8,0.8333,358,0
IWM191115C159,2019-11-12,2019-11-12 09:36:37,0.81,0.8437,609,0.79,0.8229,74,0.78,0.8125,15,0.8,0.8333,358,0
IWM191115C159,2019-11-12,2019-11-12 09:36:37,0.81,0.8437,209,0.79,0.8229,117,0.78,0.8125,15,0.8,0.8333,358,0
IWM191115C159,2019-11-12,2019-11-12 09:36:38,0.81,0.8437,486,0.79,0.8229,31,0.78,0.8125,15,0.8,0.8333,358,0
IWM191115C159,2019-11-12,2019-11-12 09:36:39,0.8,0.8333,340,0.78,0.8125,79,0.78,0.8125,15,0.79,0.8229,358,0
IWM191115C159,2019-11-12,2019-11-12 09:36:39,0.8,0.8333,172,0.78,0.8125,79,0.78,0.8125,15,0.79,0.8229,358,0
IWM191115C159,2019-11-12,2019-11-12 09:36:40,0.8,0.8333,359,0.78,0.8125,79,0.78,0.8125,15,0.79,0.8229,358,0
IWM191115C159,2019-11-12,2019-11-12 09:36:40,0.8,0.8333,549,0.78,0.8125,79,0.78,0.8125,15,0.79,0.8229,358,0
IWM191115C159,2019-11-12,2019-11-12 09:36:41,0.79,0.8229,75,0.77,0.802,543,0.78,0.8125,15,0.78,0.8125,358,0
IWM191115C159,2019-11-12,2019-11-12 09:36:41,0.8,0.8333,549,0.78,0.8125,71,0.78,0.8125,15,0.79,0.8229,358,0
IWM191115C159,2019-11-12,2019-11-12 09:36:42,0.79,0.8229,28,0.77,0.802,543,0.78,0.8125,15,0.78,0.8125,358,0
IWM191115C159,2019-11-12,2019-11-12 09:36:42,0.79,0.8229,95,0.77,0.802,70,0.78,0.8125,15,0.78,0.8125,358,0
IWM191115C159,2019-11-12,2019-11-12 09:36:43,0.79,0.8229,53,0.77,0.802,76,0.78,0.8125,15,0.78,0.8125,358,0
IWM191115C159,2019-11-12,2019-11-12 09:36:43,0.79,0.8229,28,0.77,0.802,215,0.78,0.8125,15,0.78,0.8125,358,0
IWM191115C159,2019-11-12,2019-11-12 09:36:44,0.79,0.8229,22,0.77,0.802,295,0.78,0.8125,15,0.78,0.8125,358,0
IWM191115C159,2019-11-12,2019-11-12 09:36:44,0.79,0.8229,13,0.77,0.802,539,0.78,0.8125,15,0.78,0.8125,358,0
IWM191115C159,2019-11-12,2019-11-12 09:36:45,0.8,0.8333,66,0.77,0.802,547,0.78,0.8125,15,0.785,0.8177,358,0
IWM191115C159,2019-11-12,2019-11-12 09:36:45,0.81,0.8437,97,0.78,0.8125,462,0.78,0.8125,15,0.795,0.8281,358,0
IWM191115C159,2019-11-12,2019-11-12 09:36:46,0.81,0.8437,33,0.79,0.8229,112,0.78,0.8125,15,0.8,0.8333,358,0
IWM191115C159,2019-11-12,2019-11-12 09:36:46,0.81,0.8437,24,0.79,0.8229,511,0.78,0.8125,15,0.8,0.8333,358,0
IWM191115C159,2019-11-12,2019-11-12 09:36:47,0.81,0.8437,33,0.79,0.8229,294,0.78,0.8125,15,0.8,0.8333,358,0
IWM191115C159,2019-11-12,2019-11-12 09:36:47,0.81,0.8437,33,0.79,0.8229,257,0.78,0.8125,15,0.8,0.8333,358,0
IWM191115C159,2019-11-12,2019-11-12 09:36:48,0.81,0.8437,382,0.79,0.8229,101,0.78,0.8125,15,0.8,0.8333,358,0
IWM191115C159,2019-11-12,2019-11-12 09:36:48,0.81,0.8437,220,0.79,0.8229,101,0.78,0.8125,15,0.8,0.8333,358,0
IWM191115C159,2019-11-12,2019-11-12 09:36:49,0.81,0.8437,295,0.79,0.8229,101,0.78,0.8125,15,0.8,0.8333,358,0
IWM191115C159,2019-11-12,2019-11-12 09:36:49,0.81,0.8437,423,0.79,0.8229,83,0.78,0.8125,15,0.8,0.8333,358,0
IWM191115C159,2019-11-12,2019-11-12 09:36:50,0.81,0.8437,617,0.78,0.8125,222,0.78,0.8125,15,0.795,0.8281,358,0
IWM191115C159,2019-11-12,2019-11-12 09:36:50,0.81,0.8437,454,0.78,0.8125,101,0.78,0.8125,15,0.795,0.8281,358,0
IWM191115C159,2019-11-12,2019-11-12 09:36:51,0.8,0.8333,102,0.78,0.8125,59,0.78,0.8125,15,0.79,0.8229,358,0
IWM191115C159,2019-11-12,2019-11-12 09:36:52,0.8,0.8333,334,0.78,0.8125,86,0.78,0.8125,15,0.79,0.8229,358,0
IWM191115C159,2019-11-12,2019-11-12 09:36:52,0.8,0.8333,317,0.78,0.8125,86,0.78,0.8125,15,0.79,0.8229,358,0
IWM191115C159,2019-11-12,2019-11-12 09:36:53,0.8,0.8333,411,0.77,0.802,236,0.78,0.8125,15,0.785,0.8177,358,0
IWM191115C159,2019-11-12,2019-11-12 09:36:53,0.8,0.8333,27,0.78,0.8125,148,0.78,0.8125,15,0.79,0.8229,358,0
IWM191115C159,2019-11-12,2019-11-12 09:36:54,0.8,0.8333,27,0.78,0.8125,78,0.78,0.8125,15,0.79,0.8229,358,0
IWM191115C159,2019-11-12,2019-11-12 09:36:54,0.8,0.8333,27,0.78,0.8125,107,0.78,0.8125,15,0.79,0.8229,358,0
IWM191115C159,2019-11-12,2019-11-12 09:36:55,0.81,0.8437,200,0.78,0.8125,494,0.78,0.8125,15,0.795,0.8281,358,0
IWM191115C159,2019-11-12,2019-11-12 09:36:55,0.83,0.8645,220,0.8,0.8333,474,0.78,0.8125,15,0.815,0.8489,358,0
IWM191115C159,2019-11-12,2019-11-12 09:36:56,0.83,0.8645,42,0.81,0.8437,110,0.78,0.8125,15,0.82,0.8541,358,0
IWM191115C159,2019-11-12,2019-11-12 09:36:56,0.82,0.8541,13,0.8,0.8333,474,0.78,0.8125,15,0.81,0.8437,358,0
IWM191115C159,2019-11-12,2019-11-12 09:36:57,0.84,0.875,288,0.82,0.8541,97,0.78,0.8125,15,0.83,0.8645,358,0
IWM191115C159,2019-11-12,2019-11-12 09:36:57,0.83,0.8645,8,0.81,0.8437,381,0.78,0.8125,15,0.82,0.8541,358,0
IWM191115C159,2019-11-12,2019-11-12 09:36:58,0.84,0.875,372,0.82,0.8541,139,0.78,0.8125,15,0.83,0.8645,358,0
IWM191115C159,2019-11-12,2019-11-12 09:36:58,0.84,0.875,372,0.82,0.8541,101,0.78,0.8125,15,0.83,0.8645,358,0
IWM191115C159,2019-11-12,2019-11-12 09:36:59,0.84,0.875,146,0.82,0.8541,139,0.78,0.8125,15,0.83,0.8645,358,0
IWM191115C159,2019-11-12,2019-11-12 09:36:59,0.84,0.875,372,0.82,0.8541,139,0.78,0.8125,15,0.83,0.8645,358,0
IWM191115C159,2019-11-12,2019-11-12 09:37:00,0.84,0.875,9,0.82,0.8541,195,0.78,0.8125,15,0.83,0.8645,358,0
IWM191115C159,2019-11-12,2019-11-12 09:37:00,0.84,0.875,24,0.82,0.8541,250,0.78,0.8125,15,0.83,0.8645,358,0
IWM191115C159,2019-11-12,2019-11-12 09:37:01,0.84,0.875,9,0.82,0.8541,449,0.78,0.8125,15,0.83,0.8645,358,0
IWM191115C159,2019-11-12,2019-11-12 09:37:02,0.84,0.875,28,0.82,0.8541,195,0.78,0.8125,15,0.83,0.8645,358,0
IWM191115C159,2019-11-12,2019-11-12 09:37:02,0.85,0.8854,223,0.82,0.8541,530,0.78,0.8125,15,0.835,0.8697,358,0
IWM191115C159,2019-11-12,2019-11-12 09:37:03,0.85,0.8854,394,0.82,0.8541,18,0.78,0.8125,15,0.835,0.8697,358,0
IWM191115C159,2019-11-12,2019-11-12 09:37:03,0.84,0.875,13,0.83,0.8645,74,0.78,0.8125,15,0.835,0.8697,358,0
IWM191115C159,2019-11-12,2019-11-12 09:37:04,0.84,0.875,86,0.82,0.8541,139,0.78,0.8125,15,0.83,0.8645,358,0
IWM191115C159,2019-11-12,2019-11-12 09:37:04,0.84,0.875,86,0.82,0.8541,121,0.78,0.8125,15,0.83,0.8645,358,0
IWM191115C159,2019-11-12,2019-11-12 09:37:05,0.84,0.875,93,0.83,0.8645,36,0.78,0.8125,15,0.835,0.8697,358,0
IWM191115C159,2019-11-12,2019-11-12 09:37:06,0.84,0.875,13,0.83,0.8645,36,0.78,0.8125,15,0.835,0.8697,358,0
IWM191115C159,2019-11-12,2019-11-12 09:37:06,0.84,0.875,17,0.83,0.8645,36,0.78,0.8125,15,0.835,0.8697,358,0
IWM191115C159,2019-11-12,2019-11-12 09:37:07,0.84,0.875,22,0.83,0.8645,36,0.78,0.8125,15,0.835,0.8697,358,0
IWM191115C159,2019-11-12,2019-11-12 09:37:07,0.84,0.875,13,0.83,0.8645,37,0.78,0.8125,15,0.835,0.8697,358,0
IWM191115C159,2019-11-12,2019-11-12 09:37:08,0.85,0.8854,368,0.83,0.8645,101,0.78,0.8125,15,0.84,0.875,358,0
IWM191115C159,2019-11-12,2019-11-12 09:37:08,0.85,0.8854,492,0.83,0.8645,36,0.78,0.8125,15,0.84,0.875,358,0
IWM191115C159,2019-11-12,2019-11-12 09:37:09,0.84,0.875,9,0.83,0.8645,40,0.78,0.8125,15,0.835,0.8697,358,0
IWM191115C159,2019-11-12,2019-11-12 09:37:09,0.85,0.8854,350,0.82,0.8541,187,0.78,0.8125,15,0.835,0.8697,358,0
IWM191115C159,2019-11-12,2019-11-12 09:37:10,0.83,0.8645,333,0.81,0.8437,57,0.78,0.8125,15,0.82,0.8541,358,0
IWM191115C159,2019-11-12,2019-11-12 09:37:10,0.84,0.875,22,0.81,0.8437,126,0.78,0.8125,15,0.825,0.8593,358,0
IWM191115C159,2019-11-12,2019-11-12 09:37:11,0.84,0.875,17,0.82,0.8541,475,0.78,0.8125,15,0.83,0.8645,358,0
IWM191115C159,2019-11-12,2019-11-12 09:37:11,0.84,0.875,17,0.82,0.8541,8,0.78,0.8125,15,0.83,0.8645,358,0
IWM191115C159,2019-11-12,2019-11-12 09:37:12,0.84,0.875,9,0.82,0.8541,724,0.78,0.8125,15,0.83,0.8645,358,0
IWM191115C159,2019-11-12,2019-11-12 09:37:13,0.84,0.875,22,0.82,0.8541,156,0.78,0.8125,15,0.83,0.8645,358,0
IWM191115C159,2019-11-12,2019-11-12 09:37:13,0.84,0.875,9,0.82,0.8541,126,0.78,0.8125,15,0.83,0.8645,358,0
IWM191115C159,2019-11-12,2019-11-12 09:37:14,0.84,0.875,22,0.82,0.8541,170,0.78,0.8125,15,0.83,0.8645,358,0
IWM191115C159,2019-11-12,2019-11-12 09:37:15,0.84,0.875,406,0.82,0.8541,170,0.78,0.8125,15,0.83,0.8645,358,0
IWM191115C159,2019-11-12,2019-11-12 09:37:15,0.84,0.875,464,0.82,0.8541,135,0.78,0.8125,15,0.83,0.8645,358,0
IWM191115C159,2019-11-12,2019-11-12 09:37:16,0.84,0.875,464,0.82,0.8541,135,0.78,0.8125,15,0.83,0.8645,358,0
IWM191115C159,2019-11-12,2019-11-12 09:37:17,0.84,0.875,501,0.82,0.8541,70,0.78,0.8125,15,0.83,0.8645,358,0
IWM191115C159,2019-11-12,2019-11-12 09:37:17,0.85,0.8854,394,0.83,0.8645,30,0.78,0.8125,15,0.84,0.875,358,0
IWM191115C159,2019-11-12,2019-11-12 09:37:18,0.84,0.875,13,0.83,0.8645,36,0.78,0.8125,15,0.835,0.8697,358,0
IWM191115C159,2019-11-12,2019-11-12 09:37:19,0.86,0.8958,176,0.83,0.8645,72,0.78,0.8125,15,0.845,0.8802,358,0
IWM191115C159,2019-11-12,2019-11-12 09:37:19,0.87,0.9062,24,0.83,0.8645,14,0.78,0.8125,15,0.85,0.8854,358,0
IWM191115C159,2019-11-12,2019-11-12 09:37:20,0.86,0.8958,20,0.83,0.8645,282,0.78,0.8125,15,0.845,0.8802,358,0
IWM191115C159,2019-11-12,2019-11-12 09:37:20,0.86,0.8958,106,0.84,0.875,103,0.78,0.8125,15,0.85,0.8854,358,0
IWM191115C159,2019-11-12,2019-11-12 09:37:21,0.86,0.8958,420,0.84,0.875,69,0.78,0.8125,15,0.85,0.8854,358,0
IWM191115C159,2019-11-12,2019-11-12 09:37:21,0.86,0.8958,378,0.84,0.875,69,0.78,0.8125,15,0.85,0.8854,358,0
IWM191115C159,2019-11-12,2019-11-12 09:37:22,0.85,0.8854,22,0.84,0.875,19,0.78,0.8125,15,0.845,0.8802,358,0
IWM191115C159,2019-11-12,2019-11-12 09:37:22,0.85,0.8854,22,0.84,0.875,29,0.78,0.8125,15,0.845,0.8802,358,0
IWM191115C159,2019-11-12,2019-11-12 09:37:23,0.85,0.8854,183,0.83,0.8645,138,0.78,0.8125,15,0.84,0.875,358,0
IWM191115C159,2019-11-12,2019-11-12 09:37:23,0.85,0.8854,22,0.83,0.8645,138,0.78,0.8125,15,0.84,0.875,358,0
IWM191115C159,2019-11-12,2019-11-12 09:37:24,0.85,0.8854,6,0.83,0.8645,566,0.78,0.8125,15,0.84,0.875,358,0
IWM191115C159,2019-11-12,2019-11-12 09:37:24,0.85,0.8854,6,0.83,0.8645,461,0.78,0.8125,15,0.84,0.875,358,0
IWM191115C159,2019-11-12,2019-11-12 09:37:25,0.86,0.8958,300,0.83,0.8645,566,0.78,0.8125,15,0.845,0.8802,358,0
IWM191115C159,2019-11-12,2019-11-12 09:37:25,0.85,0.8854,9,0.83,0.8645,566,0.78,0.8125,15,0.84,0.875,358,0
IWM191115C159,2019-11-12,2019-11-12 09:37:26,0.86,0.8958,39,0.84,0.875,240,0.78,0.8125,15,0.85,0.8854,358,0
IWM191115C159,2019-11-12,2019-11-12 09:37:26,0.86,0.8958,39,0.84,0.875,131,0.78,0.8125,15,0.85,0.8854,358,0
IWM191115C159,2019-11-12,2019-11-12 09:37:27,0.86,0.8958,88,0.84,0.875,169,0.78,0.8125,15,0.85,0.8854,358,0
IWM191115C159,2019-11-12,2019-11-12 09:37:28,0.86,0.8958,22,0.85,0.8854,40,0.78,0.8125,15,0.855,0.8906,358,0
IWM191115C159,2019-11-12,2019-11-12 09:37:28,0.87,0.9062,114,0.84,0.875,703,0.78,0.8125,15,0.855,0.8906,358,0
IWM191115C159,2019-11-12,2019-11-12 09:37:29,0.86,0.8958,8,0.85,0.8854,38,0.78,0.8125,15,0.855,0.8906,358,0
IWM191115C159,2019-11-12,2019-11-12 09:37:29,0.86,0.8958,22,0.85,0.8854,38,0.78,0.8125,15,0.855,0.8906,358,0
IWM191115C159,2019-11-12,2019-11-12 09:37:30,0.86,0.8958,13,0.85,0.8854,104,0.78,0.8125,15,0.855,0.8906,358,0
IWM191115C159,2019-11-12,2019-11-12 09:37:31,0.86,0.8958,13,0.84,0.875,135,0.78,0.8125,15,0.85,0.8854,358,0
IWM191115C159,2019-11-12,2019-11-12 09:37:31,0.86,0.8958,13,0.84,0.875,452,0.78,0.8125,15,0.85,0.8854,358,0
IWM191115C159,2019-11-12,2019-11-12 09:37:32,0.86,0.8958,449,0.83,0.8645,442,0.78,0.8125,15,0.845,0.8802,358,0
IWM191115C159,2019-11-12,2019-11-12 09:37:32,0.85,0.8854,92,0.83,0.8645,442,0.78,0.8125,15,0.84,0.875,358,0
IWM191115C159,2019-11-12,2019-11-12 09:37:33,0.83,0.8645,13,0.82,0.8541,57,0.83,0.8645,9,0.825,0.8593,367,9
IWM191115C159,2019-11-12,2019-11-12 09:37:33,0.84,0.875,17,0.83,0.8645,67,0.78,0.8125,15,0.835,0.8697,358,0
IWM191115C159,2019-11-12,2019-11-12 09:37:34,0.85,0.8854,220,0.82,0.8541,653,0.83,0.8645,9,0.835,0.8697,367,0
IWM191115C159,2019-11-12,2019-11-12 09:37:34,0.83,0.8645,13,0.82,0.8541,94,0.83,0.8645,9,0.825,0.8593,367,0
IWM191115C159,2019-11-12,2019-11-12 09:37:35,0.85,0.8854,114,0.83,0.8645,210,0.83,0.8645,9,0.84,0.875,367,0
IWM191115C159,2019-11-12,2019-11-12 09:37:35,0.85,0.8854,114,0.83,0.8645,358,0.83,0.8645,9,0.84,0.875,367,0
IWM191115C159,2019-11-12,2019-11-12 09:37:36,0.85,0.8854,22,0.83,0.8645,358,0.83,0.8645,9,0.84,0.875,367,0
IWM191115C159,2019-11-12,2019-11-12 09:37:36,0.85,0.8854,17,0.83,0.8645,358,0.83,0.8645,9,0.84,0.875,367,0
IWM191115C159,2019-11-12,2019-11-12 09:37:37,0.86,0.8958,377,0.83,0.8645,570,0.83,0.8645,9,0.845,0.8802,367,0
IWM191115C159,2019-11-12,2019-11-12 09:37:37,0.86,0.8958,175,0.83,0.8645,640,0.83,0.8645,9,0.845,0.8802,367,0
IWM191115C159,2019-11-12,2019-11-12 09:37:38,0.86,0.8958,200,0.83,0.8645,674,0.83,0.8645,9,0.845,0.8802,367,0
IWM191115C159,2019-11-12,2019-11-12 09:37:39,0.86,0.8958,238,0.83,0.8645,358,0.83,0.8645,9,0.845,0.8802,367,0
IWM191115C159,2019-11-12,2019-11-12 09:37:39,0.86,0.8958,238,0.83,0.8645,674,0.83,0.8645,9,0.845,0.8802,367,0
IWM191115C159,2019-11-12,2019-11-12 09:37:40,0.85,0.8854,33,0.83,0.8645,297,0.83,0.8645,9,0.84,0.875,367,0
IWM191115C159,2019-11-12,2019-11-12 09:37:40,0.85,0.8854,84,0.83,0.8645,297,0.83,0.8645,9,0.84,0.875,367,0
IWM191115C159,2019-11-12,2019-11-12 09:37:41,0.85,0.8854,166,0.83,0.8645,297,0.83,0.8645,9,0.84,0.875,367,0
IWM191115C159,2019-11-12,2019-11-12 09:37:41,0.85,0.8854,97,0.83,0.8645,210,0.83,0.8645,9,0.84,0.875,367,0
IWM191115C159,2019-11-12,2019-11-12 09:37:42,0.85,0.8854,38,0.83,0.8645,249,0.83,0.8645,9,0.84,0.875,367,0
IWM191115C159,2019-11-12,2019-11-12 09:37:43,0.85,0.8854,38,0.83,0.8645,235,0.83,0.8645,9,0.84,0.875,367,0
IWM191115C159,2019-11-12,2019-11-12 09:37:43,0.85,0.8854,208,0.83,0.8645,235,0.83,0.8645,9,0.84,0.875,367,0
IWM191115C159,2019-11-12,2019-11-12 09:37:44,0.85,0.8854,293,0.83,0.8645,303,0.83,0.8645,9,0.84,0.875,367,0
IWM191115C159,2019-11-12,2019-11-12 09:37:45,0.84,0.875,32,0.82,0.8541,120,0.83,0.8645,9,0.83,0.8645,367,0
IWM191115C159,2019-11-12,2019-11-12 09:37:45,0.85,0.8854,293,0.83,0.8645,46,0.83,0.8645,9,0.84,0.875,367,0
IWM191115C159,2019-11-12,2019-11-12 09:37:46,0.84,0.875,89,0.82,0.8541,150,0.83,0.8645,9,0.83,0.8645,367,0
IWM191115C159,2019-11-12,2019-11-12 09:37:46,0.84,0.875,98,0.82,0.8541,258,0.83,0.8645,9,0.83,0.8645,367,0
IWM191115C159,2019-11-12,2019-11-12 09:37:47,0.84,0.875,104,0.82,0.8541,247,0.83,0.8645,9,0.83,0.8645,367,0
IWM191115C159,2019-11-12,2019-11-12 09:37:49,0.83,0.8645,97,0.82,0.8541,63,0.83,0.8645,9,0.825,0.8593,367,0
IWM191115C159,2019-11-12,2019-11-12 09:37:49,0.84,0.875,359,0.82,0.8541,63,0.83,0.8645,9,0.83,0.8645,367,0
IWM191115C159,2019-11-12,2019-11-12 09:37:50,0.82,0.8541,17,0.81,0.8437,43,0.83,0.8645,9,0.815,0.8489,367,0
IWM191115C159,2019-11-12,2019-11-12 09:37:51,0.83,0.8645,149,0.81,0.8437,52,0.83,0.8645,9,0.82,0.8541,367,0
IWM191115C159,2019-11-12,2019-11-12 09:37:51,0.83,0.8645,113,0.81,0.8437,108,0.83,0.8645,9,0.82,0.8541,367,0
IWM191115C159,2019-11-12,2019-11-12 09:37:52,0.82,0.8541,33,0.8,0.8333,401,0.83,0.8645,9,0.81,0.8437,367,0
IWM191115C159,2019-11-12,2019-11-12 09:37:52,0.82,0.8541,33,0.81,0.8437,94,0.83,0.8645,9,0.815,0.8489,367,0
IWM191115C159,2019-11-12,2019-11-12 09:37:53,0.83,0.8645,97,0.81,0.8437,73,0.83,0.8645,9,0.82,0.8541,367,0
IWM191115C159,2019-11-12,2019-11-12 09:37:56,0.84,0.875,26,0.83,0.8645,33,0.83,0.8645,9,0.835,0.8697,367,0
IWM191115C159,2019-11-12,2019-11-12 09:37:57,0.84,0.875,164,0.82,0.8541,54,0.83,0.8645,9,0.83,0.8645,367,0
IWM191115C159,2019-11-12,2019-11-12 09:37:57,0.83,0.8645,12,0.82,0.8541,54,0.83,0.8645,9,0.825,0.8593,367,0
IWM191115C159,2019-11-12,2019-11-12 09:37:58,0.82,0.8541,343,0.8,0.8333,46,0.83,0.8645,9,0.81,0.8437,367,0
IWM191115C159,2019-11-12,2019-11-12 09:37:58,0.81,0.8437,5,0.8,0.8333,46,0.83,0.8645,9,0.805,0.8385,367,0
IWM191115C159,2019-11-12,2019-11-12 09:37:59,0.82,0.8541,107,0.8,0.8333,72,0.83,0.8645,9,0.81,0.8437,367,0
IWM191115C159,2019-11-12,2019-11-12 09:37:59,0.81,0.8437,86,0.79,0.8229,111,0.83,0.8645,9,0.8,0.8333,367,0
IWM191115C159,2019-11-12,2019-11-12 09:38:00,0.81,0.8437,103,0.79,0.8229,11,0.83,0.8645,9,0.8,0.8333,367,0
IWM191115C159,2019-11-12,2019-11-12 09:38:01,0.8,0.8333,107,0.78,0.8125,18,0.83,0.8645,9,0.79,0.8229,367,0
IWM191115C159,2019-11-12,2019-11-12 09:38:01,0.79,0.8229,357,0.77,0.802,37,0.83,0.8645,9,0.78,0.8125,367,0
IWM191115C159,2019-11-12,2019-11-12 09:38:02,0.79,0.8229,357,0.76,0.7916,275,0.83,0.8645,9,0.775,0.8072,367,0
IWM191115C159,2019-11-12,2019-11-12 09:38:02,0.79,0.8229,357,0.77,0.802,49,0.83,0.8645,9,0.78,0.8125,367,0
IWM191115C159,2019-11-12,2019-11-12 09:38:03,0.78,0.8125,33,0.76,0.7916,265,0.83,0.8645,9,0.77,0.802,367,0
IWM191115C159,2019-11-12,2019-11-12 09:38:03,0.78,0.8125,123,0.77,0.802,18,0.83,0.8645,9,0.775,0.8072,367,0
IWM191115C159,2019-11-12,2019-11-12 09:38:04,0.78,0.8125,33,0.76,0.7916,288,0.83,0.8645,9,0.77,0.802,367,0
IWM191115C159,2019-11-12,2019-11-12 09:38:04,0.78,0.8125,107,0.76,0.7916,288,0.83,0.8645,9,0.77,0.802,367,0
IWM191115C159,2019-11-12,2019-11-12 09:38:05,0.79,0.8229,75,0.77,0.802,106,0.83,0.8645,9,0.78,0.8125,367,0
IWM191115C159,2019-11-12,2019-11-12 09:38:05,0.78,0.8125,3,0.77,0.802,78,0.83,0.8645,9,0.775,0.8072,367,0
IWM191115C159,2019-11-12,2019-11-12 09:38:06,0.78,0.8125,210,0.76,0.7916,208,0.83,0.8645,9,0.77,0.802,367,0
IWM191115C159,2019-11-12,2019-11-12 09:38:06,0.78,0.8125,400,0.76,0.7916,53,0.83,0.8645,9,0.77,0.802,367,0
IWM191115C159,2019-11-12,2019-11-12 09:38:07,0.79,0.8229,72,0.77,0.802,95,0.83,0.8645,9,0.78,0.8125,367,0
IWM191115C159,2019-11-12,2019-11-12 09:38:07,0.78,0.8125,15,0.77,0.802,68,0.83,0.8645,9,0.775,0.8072,367,0
IWM191115C159,2019-11-12,2019-11-12 09:38:08,0.8,0.8333,378,0.77,0.802,377,0.83,0.8645,9,0.785,0.8177,367,0
IWM191115C159,2019-11-12,2019-11-12 09:38:08,0.8,0.8333,378,0.77,0.802,598,0.83,0.8645,9,0.785,0.8177,367,0
IWM191115C159,2019-11-12,2019-11-12 09:38:09,0.79,0.8229,33,0.78,0.8125,15,0.83,0.8645,9,0.785,0.8177,367,0
IWM191115C159,2019-11-12,2019-11-12 09:38:10,0.79,0.8229,33,0.78,0.8125,15,0.83,0.8645,9,0.785,0.8177,367,0
IWM191115C159,2019-11-12,2019-11-12 09:38:10,0.79,0.8229,475,0.78,0.8125,10,0.83,0.8645,9,0.785,0.8177,367,0
IWM191115C159,2019-11-12,2019-11-12 09:38:11,0.79,0.8229,17,0.78,0.8125,29,0.83,0.8645,9,0.785,0.8177,367,0
IWM191115C159,2019-11-12,2019-11-12 09:38:11,0.79,0.8229,17,0.78,0.8125,39,0.83,0.8645,9,0.785,0.8177,367,0
IWM191115C159,2019-11-12,2019-11-12 09:38:12,0.79,0.8229,17,0.78,0.8125,28,0.83,0.8645,9,0.785,0.8177,367,0
IWM191115C159,2019-11-12,2019-11-12 09:38:12,0.79,0.8229,26,0.78,0.8125,27,0.83,0.8645,9,0.785,0.8177,367,0
IWM191115C159,2019-11-12,2019-11-12 09:38:13,0.79,0.8229,17,0.78,0.8125,31,0.83,0.8645,9,0.785,0.8177,367,0
IWM191115C159,2019-11-12,2019-11-12 09:38:13,0.79,0.8229,17,0.78,0.8125,28,0.83,0.8645,9,0.785,0.8177,367,0
IWM191115C159,2019-11-12,2019-11-12 09:38:14,0.8,0.8333,429,0.78,0.8125,26,0.83,0.8645,9,0.79,0.8229,367,0
IWM191115C159,2019-11-12,2019-11-12 09:38:14,0.8,0.8333,22,0.78,0.8125,598,0.83,0.8645,9,0.79,0.8229,367,0
IWM191115C159,2019-11-12,2019-11-12 09:38:15,0.81,0.8437,34,0.78,0.8125,598,0.83,0.8645,9,0.795,0.8281,367,0
IWM191115C159,2019-11-12,2019-11-12 09:38:15,0.81,0.8437,109,0.79,0.8229,125,0.83,0.8645,9,0.8,0.8333,367,0
IWM191115C159,2019-11-12,2019-11-12 09:38:16,0.81,0.8437,78,0.79,0.8229,193,0.83,0.8645,9,0.8,0.8333,367,0
IWM191115C159,2019-11-12,2019-11-12 09:38:16,0.81,0.8437,67,0.79,0.8229,189,0.83,0.8645,9,0.8,0.8333,367,0
IWM191115C159,2019-11-12,2019-11-12 09:38:17,0.82,0.8541,411,0.79,0.8229,477,0.83,0.8645,9,0.805,0.8385,367,0
IWM191115C159,2019-11-12,2019-11-12 09:38:17,0.82,0.8541,411,0.79,0.8229,441,0.83,0.8645,9,0.805,0.8385,367,0
IWM191115C159,2019-11-12,2019-11-12 09:38:18,0.81,0.8437,33,0.79,0.8229,225,0.83,0.8645,9,0.8,0.8333,367,0
IWM191115C159,2019-11-12,2019-11-12 09:38:18,0.82,0.8541,411,0.79,0.8229,407,0.83,0.8645,9,0.805,0.8385,367,0
IWM191115C159,2019-11-12,2019-11-12 09:38:19,0.82,0.8541,349,0.79,0.8229,425,0.83,0.8645,9,0.805,0.8385,367,0
IWM191115C159,2019-11-12,2019-11-12 09:38:20,0.8,0.8333,9,0.79,0.8229,93,0.83,0.8645,9,0.795,0.8281,367,0
IWM191115C159,2019-11-12,2019-11-12 09:38:21,0.81,0.8437,83,0.79,0.8229,37,0.83,0.8645,9,0.8,0.8333,367,0
IWM191115C159,2019-11-12,2019-11-12 09:38:21,0.8,0.8333,22,0.79,0.8229,93,0.83,0.8645,9,0.795,0.8281,367,0
IWM191115C159,2019-11-12,2019-11-12 09:38:22,0.81,0.8437,26,0.79,0.8229,27,0.83,0.8645,9,0.8,0.8333,367,0
IWM191115C159,2019-11-12,2019-11-12 09:38:22,0.81,0.8437,26,0.79,0.8229,112,0.83,0.8645,9,0.8,0.8333,367,0
IWM191115C159,2019-11-12,2019-11-12 09:38:23,0.81,0.8437,450,0.79,0.8229,40,0.83,0.8645,9,0.8,0.8333,367,0
IWM191115C159,2019-11-12,2019-11-12 09:38:23,0.81,0.8437,149,0.79,0.8229,45,0.83,0.8645,9,0.8,0.8333,367,0
IWM191115C159,2019-11-12,2019-11-12 09:38:24,0.81,0.8437,153,0.79,0.8229,40,0.83,0.8645,9,0.8,0.8333,367,0
IWM191115C159,2019-11-12,2019-11-12 09:38:24,0.81,0.8437,148,0.79,0.8229,40,0.83,0.8645,9,0.8,0.8333,367,0
IWM191115C159,2019-11-12,2019-11-12 09:38:25,0.8,0.8333,86,0.78,0.8125,146,0.83,0.8645,9,0.79,0.8229,367,0
IWM191115C159,2019-11-12,2019-11-12 09:38:25,0.81,0.8437,423,0.78,0.8125,146,0.83,0.8645,9,0.795,0.8281,367,0
IWM191115C159,2019-11-12,2019-11-12 09:38:26,0.8,0.8333,592,0.78,0.8125,24,0.83,0.8645,9,0.79,0.8229,367,0
IWM191115C159,2019-11-12,2019-11-12 09:38:26,0.8,0.8333,376,0.78,0.8125,28,0.83,0.8645,9,0.79,0.8229,367,0
IWM191115C159,2019-11-12,2019-11-12 09:38:27,0.81,0.8437,123,0.79,0.8229,20,0.83,0.8645,9,0.8,0.8333,367,0
IWM191115C159,2019-11-12,2019-11-12 09:38:27,0.8,0.8333,562,0.78,0.8125,20,0.83,0.8645,9,0.79,0.8229,367,0
IWM191115C159,2019-11-12,2019-11-12 09:38:28,0.81,0.8437,173,0.79,0.8229,93,0.83,0.8645,9,0.8,0.8333,367,0
IWM191115C159,2019-11-12,2019-11-12 09:38:29,0.81,0.8437,468,0.79,0.8229,182,0.83,0.8645,9,0.8,0.8333,367,0
IWM191115C159,2019-11-12,2019-11-12 09:38:30,0.81,0.8437,11,0.79,0.8229,506,0.83,0.8645,9,0.8,0.8333,367,0
IWM191115C159,2019-11-12,2019-11-12 09:38:30,0.81,0.8437,212,0.79,0.8229,101,0.83,0.8645,9,0.8,0.8333,367,0
IWM191115C159,2019-11-12,2019-11-12 09:38:31,0.81,0.8437,11,0.79,0.8229,506,0.83,0.8645,9,0.8,0.8333,367,0
IWM191115C159,2019-11-12,2019-11-12 09:38:31,0.81,0.8437,97,0.79,0.8229,126,0.83,0.8645,9,0.8,0.8333,367,0
IWM191115C159,2019-11-12,2019-11-12 09:38:32,0.81,0.8437,326,0.79,0.8229,51,0.83,0.8645,9,0.8,0.8333,367,0
IWM191115C159,2019-11-12,2019-11-12 09:38:32,0.8,0.8333,422,0.78,0.8125,86,0.83,0.8645,9,0.79,0.8229,367,0
IWM191115C159,2019-11-12,2019-11-12 09:38:33,0.8,0.8333,411,0.78,0.8125,86,0.83,0.8645,9,0.79,0.8229,367,0
IWM191115C159,2019-11-12,2019-11-12 09:38:33,0.8,0.8333,274,0.78,0.8125,175,0.83,0.8645,9,0.79,0.8229,367,0
IWM191115C159,2019-11-12,2019-11-12 09:38:34,0.8,0.8333,222,0.78,0.8125,37,0.83,0.8645,9,0.79,0.8229,367,0
IWM191115C159,2019-11-12,2019-11-12 09:38:34,0.8,0.8333,222,0.78,0.8125,175,0.83,0.8645,9,0.79,0.8229,367,0
IWM191115C159,2019-11-12,2019-11-12 09:38:35,0.8,0.8333,473,0.77,0.802,138,0.83,0.8645,9,0.785,0.8177,367,0
IWM191115C159,2019-11-12,2019-11-12 09:38:35,0.8,0.8333,473,0.77,0.802,294,0.83,0.8645,9,0.785,0.8177,367,0
IWM191115C159,2019-11-12,2019-11-12 09:38:36,0.79,0.8229,102,0.77,0.802,345,0.83,0.8645,9,0.78,0.8125,367,0
IWM191115C159,2019-11-12,2019-11-12 09:38:36,0.79,0.8229,102,0.77,0.802,438,0.83,0.8645,9,0.78,0.8125,367,0
IWM191115C159,2019-11-12,2019-11-12 09:38:37,0.79,0.8229,102,0.77,0.802,345,0.83,0.8645,9,0.78,0.8125,367,0
IWM191115C159,2019-11-12,2019-11-12 09:38:38,0.79,0.8229,336,0.77,0.802,138,0.83,0.8645,9,0.78,0.8125,367,0
IWM191115C159,2019-11-12,2019-11-12 09:38:38,0.79,0.8229,107,0.77,0.802,138,0.83,0.8645,9,0.78,0.8125,367,0
IWM191115C159,2019-11-12,2019-11-12 09:38:39,0.79,0.8229,14,0.77,0.802,442,0.83,0.8645,9,0.78,0.8125,367,0
IWM191115C159,2019-11-12,2019-11-12 09:38:39,0.78,0.8125,13,0.77,0.802,113,0.83,0.8645,9,0.775,0.8072,367,0
IWM191115C159,2019-11-12,2019-11-12 09:38:40,0.8,0.8333,385,0.77,0.802,632,0.83,0.8645,9,0.785,0.8177,367,0
IWM191115C159,2019-11-12,2019-11-12 09:38:41,0.8,0.8333,17,0.78,0.8125,453,0.83,0.8645,9,0.79,0.8229,367,0
IWM191115C159,2019-11-12,2019-11-12 09:38:41,0.8,0.8333,104,0.77,0.802,632,0.83,0.8645,9,0.785,0.8177,367,0
IWM191115C159,2019-11-12,2019-11-12 09:38:42,0.8,0.8333,124,0.78,0.8125,352,0.83,0.8645,9,0.79,0.8229,367,0
IWM191115C159,2019-11-12,2019-11-12 09:38:42,0.8,0.8333,113,0.78,0.8125,194,0.83,0.8645,9,0.79,0.8229,367,0
IWM191115C159,2019-11-12,2019-11-12 09:38:43,0.8,0.8333,90,0.78,0.8125,340,0.83,0.8645,9,0.79,0.8229,367,0
IWM191115C159,2019-11-12,2019-11-12 09:38:43,0.8,0.8333,90,0.78,0.8125,492,0.83,0.8645,9,0.79,0.8229,367,0
IWM191115C159,2019-11-12,2019-11-12 09:38:44,0.8,0.8333,22,0.79,0.8229,59,0.83,0.8645,9,0.795,0.8281,367,0
IWM191115C159,2019-11-12,2019-11-12 09:38:44,0.8,0.8333,29,0.78,0.8125,492,0.83,0.8645,9,0.79,0.8229,367,0
IWM191115C159,2019-11-12,2019-11-12 09:38:45,0.8,0.8333,47,0.79,0.8229,47,0.83,0.8645,9,0.795,0.8281,367,0
IWM191115C159,2019-11-12,2019-11-12 09:38:45,0.8,0.8333,55,0.79,0.8229,47,0.83,0.8645,9,0.795,0.8281,367,0
IWM191115C159,2019-11-12,2019-11-12 09:38:46,0.8,0.8333,39,0.78,0.8125,413,0.83,0.8645,9,0.79,0.8229,367,0
IWM191115C159,2019-11-12,2019-11-12 09:38:46,0.8,0.8333,55,0.79,0.8229,47,0.83,0.8645,9,0.795,0.8281,367,0
IWM191115C159,2019-11-12,2019-11-12 09:38:47,0.8,0.8333,66,0.78,0.8125,110,0.83,0.8645,9,0.79,0.8229,367,0
