symbol,Date,quote_time,ask_price,norm_ask_price,ask_size,bid_price,norm_bid_price,bid_size,last_trade_price,norm_last_trade_price,last_trade_size,mark_price,norm_mark_price,volume,Volume
IWM191115P158,2019-11-13,2019-11-13 09:30:02,1.03,1.0,250,0.85,0.8252,1,0.51,0.4951,1,0.94,0.9126,0,0
IWM191115P158,2019-11-13,2019-11-13 09:30:04,1.0,0.9708,2,0.86,0.8349,250,0.51,0.4951,1,0.93,0.9029,0,0
IWM191115P158,2019-11-13,2019-11-13 09:30:05,1.0,0.9708,2,0.86,0.8349,250,0.51,0.4951,1,0.93,0.9029,0,0
IWM191115P158,2019-11-13,2019-11-13 09:30:06,1.0,0.9708,75,0.9,0.8737,75,0.51,0.4951,1,0.95,0.9223,0,0
IWM191115P158,2019-11-13,2019-11-13 09:30:06,0.98,0.9514,75,0.86,0.8349,444,0.51,0.4951,1,0.92,0.8932,0,0
IWM191115P158,2019-11-13,2019-11-13 09:30:07,1.0,0.9708,2,0.86,0.8349,198,0.51,0.4951,1,0.93,0.9029,0,0
IWM191115P158,2019-11-13,2019-11-13 09:30:08,1.0,0.9708,2,0.86,0.8349,198,0.51,0.4951,1,0.93,0.9029,0,0
IWM191115P158,2019-11-13,2019-11-13 09:30:08,1.0,0.9708,2,0.86,0.8349,21,0.51,0.4951,1,0.93,0.9029,0,0
IWM191115P158,2019-11-13,2019-11-13 09:30:09,1.0,0.9708,2,0.86,0.8349,21,0.51,0.4951,1,0.93,0.9029,0,0
IWM191115P158,2019-11-13,2019-11-13 09:30:09,1.0,0.9708,2,0.86,0.8349,2,0.51,0.4951,1,0.93,0.9029,0,0
IWM191115P158,2019-11-13,2019-11-13 09:30:10,1.0,0.9708,2,0.86,0.8349,10,0.51,0.4951,1,0.93,0.9029,0,0
IWM191115P158,2019-11-13,2019-11-13 09:30:11,1.0,0.9708,2,0.86,0.8349,10,0.51,0.4951,1,0.93,0.9029,0,0
IWM191115P158,2019-11-13,2019-11-13 09:30:12,1.0,0.9708,75,0.92,0.8932,75,1.07,1.0388,1,0.96,0.932,4,1
IWM191115P158,2019-11-13,2019-11-13 09:30:12,1.0,0.9708,75,0.9,0.8737,75,1.0,0.9708,2,0.95,0.9223,3,3
IWM191115P158,2019-11-13,2019-11-13 09:30:13,1.0,0.9708,10,0.92,0.8932,75,1.07,1.0388,1,0.96,0.932,4,0
IWM191115P158,2019-11-13,2019-11-13 09:30:13,1.0,0.9708,13,0.93,0.9029,13,1.07,1.0388,1,0.965,0.9368,4,0
IWM191115P158,2019-11-13,2019-11-13 09:30:14,1.0,0.9708,13,0.92,0.8932,88,1.07,1.0388,1,0.96,0.932,4,0
IWM191115P158,2019-11-13,2019-11-13 09:30:14,1.0,0.9708,2,0.93,0.9029,13,1.07,1.0388,1,0.965,0.9368,4,0
IWM191115P158,2019-11-13,2019-11-13 09:30:15,1.0,0.9708,2,0.95,0.9223,13,1.07,1.0388,1,0.975,0.9466,4,0
IWM191115P158,2019-11-13,2019-11-13 09:30:15,1.0,0.9708,2,0.95,0.9223,75,1.07,1.0388,4,0.975,0.9466,8,4
IWM191115P158,2019-11-13,2019-11-13 09:30:16,1.0,0.9708,2,0.95,0.9223,88,1.09,1.0582,100,0.975,0.9466,108,0
IWM191115P158,2019-11-13,2019-11-13 09:30:16,1.0,0.9708,2,0.95,0.9223,88,1.09,1.0582,100,0.975,0.9466,108,100
IWM191115P158,2019-11-13,2019-11-13 09:30:17,1.07,1.0388,88,0.99,0.9611,24,1.09,1.0582,100,1.03,1.0,108,0
IWM191115P158,2019-11-13,2019-11-13 09:30:17,1.0,0.9708,2,0.96,0.932,19,1.09,1.0582,100,0.98,0.9514,108,0
IWM191115P158,2019-11-13,2019-11-13 09:30:18,1.07,1.0388,56,0.99,0.9611,92,1.09,1.0582,100,1.03,1.0,108,0
IWM191115P158,2019-11-13,2019-11-13 09:30:19,1.07,1.0388,4,1.0,0.9708,712,1.09,1.0582,100,1.035,1.0048,108,0
IWM191115P158,2019-11-13,2019-11-13 09:30:19,1.07,1.0388,4,1.06,1.0291,23,1.14,1.1067,10,1.065,1.0339,118,10
IWM191115P158,2019-11-13,2019-11-13 09:30:20,1.15,1.1165,60,1.08,1.0485,44,1.14,1.1067,10,1.115,1.0825,118,0
IWM191115P158,2019-11-13,2019-11-13 09:30:20,1.16,1.1262,4,1.09,1.0582,162,1.15,1.1165,2,1.125,1.0922,128,10
IWM191115P158,2019-11-13,2019-11-13 09:30:21,1.16,1.1262,20,1.1,1.0679,223,1.15,1.1165,2,1.13,1.097,128,0
IWM191115P158,2019-11-13,2019-11-13 09:30:21,1.16,1.1262,23,1.1,1.0679,223,1.15,1.1165,2,1.13,1.097,128,0
IWM191115P158,2019-11-13,2019-11-13 09:30:22,1.17,1.1359,40,1.1,1.0679,13,1.15,1.1165,2,1.135,1.1019,128,0
IWM191115P158,2019-11-13,2019-11-13 09:30:22,1.17,1.1359,35,1.1,1.0679,172,1.15,1.1165,2,1.135,1.1019,128,0
IWM191115P158,2019-11-13,2019-11-13 09:30:23,1.16,1.1262,108,1.09,1.0582,212,1.15,1.1165,2,1.125,1.0922,128,0
IWM191115P158,2019-11-13,2019-11-13 09:30:23,1.16,1.1262,160,1.09,1.0582,39,1.15,1.1165,2,1.125,1.0922,128,0
IWM191115P158,2019-11-13,2019-11-13 09:30:24,1.15,1.1165,268,1.07,1.0388,234,1.15,1.1165,2,1.11,1.0776,128,0
IWM191115P158,2019-11-13,2019-11-13 09:30:24,1.15,1.1165,150,1.07,1.0388,150,1.15,1.1165,2,1.11,1.0776,128,0
IWM191115P158,2019-11-13,2019-11-13 09:30:26,1.16,1.1262,10,1.09,1.0582,150,1.15,1.1165,2,1.125,1.0922,128,0
IWM191115P158,2019-11-13,2019-11-13 09:30:26,1.16,1.1262,10,1.1,1.0679,223,1.15,1.1165,2,1.13,1.097,128,0
IWM191115P158,2019-11-13,2019-11-13 09:30:27,1.17,1.1359,27,1.13,1.097,255,1.15,1.1165,1,1.15,1.1165,129,0
IWM191115P158,2019-11-13,2019-11-13 09:30:27,1.17,1.1359,27,1.13,1.097,150,1.15,1.1165,1,1.15,1.1165,129,1
IWM191115P158,2019-11-13,2019-11-13 09:30:28,1.17,1.1359,27,1.14,1.1067,10,1.15,1.1165,1,1.155,1.1213,129,0
IWM191115P158,2019-11-13,2019-11-13 09:30:28,1.17,1.1359,10,1.13,1.097,229,1.15,1.1165,1,1.15,1.1165,129,0
IWM191115P158,2019-11-13,2019-11-13 09:30:29,1.17,1.1359,10,1.13,1.097,234,1.15,1.1165,1,1.15,1.1165,129,0
IWM191115P158,2019-11-13,2019-11-13 09:30:29,1.17,1.1359,61,1.1,1.0679,260,1.15,1.1165,1,1.135,1.1019,129,0
IWM191115P158,2019-11-13,2019-11-13 09:30:30,1.17,1.1359,126,1.1,1.0679,260,1.15,1.1165,1,1.135,1.1019,129,0
IWM191115P158,2019-11-13,2019-11-13 09:30:31,1.17,1.1359,306,1.1,1.0679,21,1.15,1.1165,1,1.135,1.1019,129,0
IWM191115P158,2019-11-13,2019-11-13 09:30:31,1.16,1.1262,163,1.07,1.0388,150,1.15,1.1165,1,1.115,1.0825,129,0
IWM191115P158,2019-11-13,2019-11-13 09:30:32,1.15,1.1165,220,1.08,1.0485,150,1.15,1.1165,1,1.115,1.0825,129,0
IWM191115P158,2019-11-13,2019-11-13 09:30:32,1.15,1.1165,274,1.08,1.0485,150,1.15,1.1165,1,1.115,1.0825,129,0
IWM191115P158,2019-11-13,2019-11-13 09:30:33,1.15,1.1165,99,1.08,1.0485,163,1.15,1.1165,1,1.115,1.0825,129,0
IWM191115P158,2019-11-13,2019-11-13 09:30:34,1.15,1.1165,285,1.08,1.0485,150,1.1,1.0679,100,1.115,1.0825,229,100
IWM191115P158,2019-11-13,2019-11-13 09:30:34,1.15,1.1165,36,1.08,1.0485,155,1.1,1.0679,100,1.115,1.0825,229,0
IWM191115P158,2019-11-13,2019-11-13 09:30:35,1.15,1.1165,11,1.09,1.0582,150,1.1,1.0679,100,1.12,1.0873,229,0
IWM191115P158,2019-11-13,2019-11-13 09:30:35,1.15,1.1165,28,1.09,1.0582,150,1.1,1.0679,100,1.12,1.0873,229,0
IWM191115P158,2019-11-13,2019-11-13 09:30:36,1.16,1.1262,79,1.09,1.0582,150,1.1,1.0679,100,1.125,1.0922,229,0
IWM191115P158,2019-11-13,2019-11-13 09:30:36,1.16,1.1262,79,1.1,1.0679,150,1.1,1.0679,100,1.13,1.097,229,0
IWM191115P158,2019-11-13,2019-11-13 09:30:37,1.17,1.1359,87,1.11,1.0776,177,1.1,1.0679,100,1.14,1.1067,229,0
IWM191115P158,2019-11-13,2019-11-13 09:30:37,1.17,1.1359,34,1.1,1.0679,150,1.1,1.0679,100,1.135,1.1019,229,0
IWM191115P158,2019-11-13,2019-11-13 09:30:38,1.17,1.1359,87,1.11,1.0776,177,1.1,1.0679,100,1.14,1.1067,229,0
IWM191115P158,2019-11-13,2019-11-13 09:30:38,1.16,1.1262,19,1.08,1.0485,150,1.1,1.0679,100,1.12,1.0873,229,0
IWM191115P158,2019-11-13,2019-11-13 09:30:39,1.16,1.1262,91,1.08,1.0485,33,1.1,1.0679,100,1.12,1.0873,229,0
IWM191115P158,2019-11-13,2019-11-13 09:30:39,1.16,1.1262,171,1.08,1.0485,37,1.1,1.0679,100,1.12,1.0873,229,0
IWM191115P158,2019-11-13,2019-11-13 09:30:40,1.16,1.1262,217,1.08,1.0485,37,1.1,1.0679,100,1.12,1.0873,229,0
IWM191115P158,2019-11-13,2019-11-13 09:30:40,1.16,1.1262,217,1.07,1.0388,120,1.1,1.0679,100,1.115,1.0825,229,0
IWM191115P158,2019-11-13,2019-11-13 09:30:41,1.16,1.1262,217,1.07,1.0388,639,1.1,1.0679,100,1.115,1.0825,229,0
IWM191115P158,2019-11-13,2019-11-13 09:30:42,1.12,1.0873,10,1.08,1.0485,240,1.1,1.0679,100,1.1,1.0679,229,0
IWM191115P158,2019-11-13,2019-11-13 09:30:43,1.12,1.0873,10,1.07,1.0388,20,1.1,1.0679,100,1.095,1.0631,229,0
IWM191115P158,2019-11-13,2019-11-13 09:30:43,1.12,1.0873,10,1.08,1.0485,91,1.08,1.0485,5,1.1,1.0679,234,5
IWM191115P158,2019-11-13,2019-11-13 09:30:44,1.12,1.0873,10,1.08,1.0485,50,1.08,1.0485,5,1.1,1.0679,234,0
IWM191115P158,2019-11-13,2019-11-13 09:30:44,1.12,1.0873,10,1.08,1.0485,95,1.08,1.0485,5,1.1,1.0679,234,0
IWM191115P158,2019-11-13,2019-11-13 09:30:45,1.12,1.0873,10,1.08,1.0485,80,1.08,1.0485,5,1.1,1.0679,234,0
IWM191115P158,2019-11-13,2019-11-13 09:30:46,1.12,1.0873,10,1.08,1.0485,213,1.08,1.0485,5,1.1,1.0679,234,0
IWM191115P158,2019-11-13,2019-11-13 09:30:47,1.12,1.0873,10,1.09,1.0582,383,1.09,1.0582,1,1.105,1.0728,239,5
IWM191115P158,2019-11-13,2019-11-13 09:30:48,1.12,1.0873,10,1.09,1.0582,230,1.09,1.0582,1,1.105,1.0728,239,0
IWM191115P158,2019-11-13,2019-11-13 09:30:48,1.12,1.0873,10,1.09,1.0582,383,1.09,1.0582,1,1.105,1.0728,239,0
IWM191115P158,2019-11-13,2019-11-13 09:30:49,1.12,1.0873,10,1.09,1.0582,74,1.09,1.0582,1,1.105,1.0728,239,0
IWM191115P158,2019-11-13,2019-11-13 09:30:49,1.12,1.0873,10,1.09,1.0582,230,1.09,1.0582,1,1.105,1.0728,239,0
IWM191115P158,2019-11-13,2019-11-13 09:30:50,1.12,1.0873,10,1.09,1.0582,475,1.09,1.0582,1,1.105,1.0728,239,0
IWM191115P158,2019-11-13,2019-11-13 09:30:51,1.12,1.0873,10,1.09,1.0582,475,1.09,1.0582,1,1.105,1.0728,239,0
IWM191115P158,2019-11-13,2019-11-13 09:30:52,1.12,1.0873,10,1.09,1.0582,465,1.09,1.0582,1,1.105,1.0728,239,0
IWM191115P158,2019-11-13,2019-11-13 09:30:52,1.12,1.0873,10,1.09,1.0582,335,1.09,1.0582,1,1.105,1.0728,239,0
IWM191115P158,2019-11-13,2019-11-13 09:30:53,1.12,1.0873,10,1.09,1.0582,461,1.09,1.0582,1,1.105,1.0728,239,0
IWM191115P158,2019-11-13,2019-11-13 09:30:54,1.12,1.0873,10,1.09,1.0582,461,1.09,1.0582,1,1.105,1.0728,239,0
IWM191115P158,2019-11-13,2019-11-13 09:30:55,1.12,1.0873,10,1.09,1.0582,461,1.09,1.0582,1,1.105,1.0728,239,0
IWM191115P158,2019-11-13,2019-11-13 09:30:55,1.12,1.0873,10,1.09,1.0582,471,1.09,1.0582,1,1.105,1.0728,239,0
IWM191115P158,2019-11-13,2019-11-13 09:30:56,1.12,1.0873,10,1.09,1.0582,410,1.12,1.0873,1,1.105,1.0728,240,1
IWM191115P158,2019-11-13,2019-11-13 09:30:56,1.12,1.0873,10,1.09,1.0582,677,1.12,1.0873,1,1.105,1.0728,240,0
IWM191115P158,2019-11-13,2019-11-13 09:30:57,1.12,1.0873,10,1.09,1.0582,702,1.12,1.0873,1,1.105,1.0728,240,0
IWM191115P158,2019-11-13,2019-11-13 09:30:57,1.12,1.0873,10,1.09,1.0582,742,1.12,1.0873,4,1.105,1.0728,250,10
IWM191115P158,2019-11-13,2019-11-13 09:30:58,1.12,1.0873,10,1.09,1.0582,578,1.12,1.0873,4,1.105,1.0728,250,0
IWM191115P158,2019-11-13,2019-11-13 09:30:58,1.12,1.0873,10,1.09,1.0582,588,1.12,1.0873,4,1.105,1.0728,250,0
IWM191115P158,2019-11-13,2019-11-13 09:30:59,1.15,1.1165,20,1.09,1.0582,631,1.12,1.0873,4,1.12,1.0873,250,0
IWM191115P158,2019-11-13,2019-11-13 09:31:00,1.17,1.1359,20,1.11,1.0776,103,1.12,1.0873,4,1.14,1.1067,250,0
IWM191115P158,2019-11-13,2019-11-13 09:31:00,1.17,1.1359,20,1.11,1.0776,184,1.12,1.0873,4,1.14,1.1067,250,0
IWM191115P158,2019-11-13,2019-11-13 09:31:01,1.17,1.1359,20,1.12,1.0873,67,1.12,1.0873,4,1.145,1.1116,250,0
IWM191115P158,2019-11-13,2019-11-13 09:31:01,1.17,1.1359,20,1.12,1.0873,100,1.12,1.0873,4,1.145,1.1116,250,0
IWM191115P158,2019-11-13,2019-11-13 09:31:02,1.18,1.1456,20,1.12,1.0873,251,1.12,1.0873,4,1.15,1.1165,250,0
IWM191115P158,2019-11-13,2019-11-13 09:31:02,1.19,1.1553,20,1.12,1.0873,75,1.12,1.0873,4,1.155,1.1213,250,0
IWM191115P158,2019-11-13,2019-11-13 09:31:03,1.2,1.165,20,1.13,1.097,390,1.16,1.1262,20,1.165,1.131,293,0
IWM191115P158,2019-11-13,2019-11-13 09:31:03,1.19,1.1553,20,1.13,1.097,20,1.16,1.1262,20,1.16,1.1262,293,43
IWM191115P158,2019-11-13,2019-11-13 09:31:04,1.2,1.165,20,1.13,1.097,390,1.16,1.1262,20,1.165,1.131,293,0
IWM191115P158,2019-11-13,2019-11-13 09:31:05,1.22,1.1844,40,1.13,1.097,274,1.16,1.1262,20,1.175,1.1407,293,0
IWM191115P158,2019-11-13,2019-11-13 09:31:05,1.22,1.1844,1,1.13,1.097,520,1.16,1.1262,20,1.175,1.1407,293,0
IWM191115P158,2019-11-13,2019-11-13 09:31:06,1.23,1.1941,20,1.14,1.1067,388,1.16,1.1262,20,1.185,1.1504,293,0
IWM191115P158,2019-11-13,2019-11-13 09:31:06,1.23,1.1941,20,1.14,1.1067,318,1.16,1.1262,20,1.185,1.1504,293,0
IWM191115P158,2019-11-13,2019-11-13 09:31:07,1.23,1.1941,2,1.14,1.1067,365,1.16,1.1262,20,1.185,1.1504,293,0
IWM191115P158,2019-11-13,2019-11-13 09:31:07,1.23,1.1941,153,1.14,1.1067,365,1.16,1.1262,20,1.185,1.1504,293,0
IWM191115P158,2019-11-13,2019-11-13 09:31:08,1.23,1.1941,286,1.14,1.1067,451,1.16,1.1262,20,1.185,1.1504,293,0
IWM191115P158,2019-11-13,2019-11-13 09:31:08,1.23,1.1941,259,1.14,1.1067,86,1.16,1.1262,20,1.185,1.1504,293,0
IWM191115P158,2019-11-13,2019-11-13 09:31:09,1.23,1.1941,239,1.14,1.1067,124,1.16,1.1262,20,1.185,1.1504,293,0
IWM191115P158,2019-11-13,2019-11-13 09:31:09,1.23,1.1941,259,1.14,1.1067,138,1.16,1.1262,20,1.185,1.1504,293,0
IWM191115P158,2019-11-13,2019-11-13 09:31:10,1.22,1.1844,20,1.14,1.1067,4,1.16,1.1262,20,1.18,1.1456,293,0
IWM191115P158,2019-11-13,2019-11-13 09:31:10,1.23,1.1941,259,1.14,1.1067,138,1.16,1.1262,20,1.185,1.1504,293,0
IWM191115P158,2019-11-13,2019-11-13 09:31:11,1.22,1.1844,51,1.12,1.0873,153,1.16,1.1262,20,1.17,1.1359,293,0
IWM191115P158,2019-11-13,2019-11-13 09:31:12,1.23,1.1941,65,1.15,1.1165,155,1.16,1.1262,20,1.19,1.1553,293,0
IWM191115P158,2019-11-13,2019-11-13 09:31:12,1.23,1.1941,65,1.15,1.1165,41,1.16,1.1262,20,1.19,1.1553,293,0
IWM191115P158,2019-11-13,2019-11-13 09:31:13,1.23,1.1941,95,1.16,1.1262,40,1.16,1.1262,20,1.195,1.1601,293,0
IWM191115P158,2019-11-13,2019-11-13 09:31:13,1.23,1.1941,95,1.18,1.1456,20,1.16,1.1262,20,1.205,1.1699,293,0
IWM191115P158,2019-11-13,2019-11-13 09:31:14,1.22,1.1844,65,1.17,1.1359,41,1.16,1.1262,20,1.195,1.1601,293,0
IWM191115P158,2019-11-13,2019-11-13 09:31:14,1.22,1.1844,65,1.18,1.1456,20,1.16,1.1262,20,1.2,1.165,293,0
IWM191115P158,2019-11-13,2019-11-13 09:31:15,1.22,1.1844,65,1.17,1.1359,68,1.16,1.1262,20,1.195,1.1601,293,0
IWM191115P158,2019-11-13,2019-11-13 09:31:15,1.22,1.1844,65,1.17,1.1359,41,1.16,1.1262,20,1.195,1.1601,293,0
IWM191115P158,2019-11-13,2019-11-13 09:31:16,1.22,1.1844,65,1.17,1.1359,63,1.16,1.1262,20,1.195,1.1601,293,0
IWM191115P158,2019-11-13,2019-11-13 09:31:17,1.22,1.1844,65,1.17,1.1359,172,1.16,1.1262,20,1.195,1.1601,293,0
IWM191115P158,2019-11-13,2019-11-13 09:31:18,1.22,1.1844,106,1.18,1.1456,91,1.18,1.1456,100,1.2,1.165,393,0
IWM191115P158,2019-11-13,2019-11-13 09:31:18,1.22,1.1844,65,1.17,1.1359,172,1.18,1.1456,100,1.195,1.1601,393,100
IWM191115P158,2019-11-13,2019-11-13 09:31:19,1.22,1.1844,117,1.17,1.1359,330,1.2,1.165,5,1.195,1.1601,398,0
IWM191115P158,2019-11-13,2019-11-13 09:31:19,1.22,1.1844,106,1.17,1.1359,299,1.2,1.165,5,1.195,1.1601,398,5
IWM191115P158,2019-11-13,2019-11-13 09:31:20,1.22,1.1844,166,1.17,1.1359,295,1.2,1.165,5,1.195,1.1601,398,0
IWM191115P158,2019-11-13,2019-11-13 09:31:20,1.22,1.1844,159,1.17,1.1359,213,1.2,1.165,5,1.195,1.1601,398,0
IWM191115P158,2019-11-13,2019-11-13 09:31:21,1.22,1.1844,159,1.18,1.1456,20,1.2,1.165,5,1.2,1.165,398,0
IWM191115P158,2019-11-13,2019-11-13 09:31:21,1.22,1.1844,64,1.18,1.1456,20,1.2,1.165,5,1.2,1.165,398,0
IWM191115P158,2019-11-13,2019-11-13 09:31:22,1.22,1.1844,95,1.18,1.1456,30,1.2,1.165,5,1.2,1.165,398,0
IWM191115P158,2019-11-13,2019-11-13 09:31:22,1.22,1.1844,68,1.18,1.1456,30,1.2,1.165,5,1.2,1.165,398,0
IWM191115P158,2019-11-13,2019-11-13 09:31:23,1.22,1.1844,10,1.18,1.1456,166,1.2,1.165,5,1.2,1.165,398,0
IWM191115P158,2019-11-13,2019-11-13 09:31:23,1.22,1.1844,95,1.18,1.1456,43,1.2,1.165,5,1.2,1.165,398,0
IWM191115P158,2019-11-13,2019-11-13 09:31:24,1.21,1.1747,77,1.17,1.1359,10,1.2,1.165,5,1.19,1.1553,398,0
IWM191115P158,2019-11-13,2019-11-13 09:31:24,1.22,1.1844,1,1.15,1.1165,4,1.2,1.165,5,1.185,1.1504,398,0
IWM191115P158,2019-11-13,2019-11-13 09:31:25,1.21,1.1747,65,1.17,1.1359,57,1.2,1.165,5,1.19,1.1553,398,0
IWM191115P158,2019-11-13,2019-11-13 09:31:26,1.21,1.1747,65,1.17,1.1359,100,1.2,1.165,5,1.19,1.1553,398,0
IWM191115P158,2019-11-13,2019-11-13 09:31:29,1.22,1.1844,100,1.16,1.1262,10,1.2,1.165,3,1.19,1.1553,401,3
IWM191115P158,2019-11-13,2019-11-13 09:31:30,1.22,1.1844,89,1.17,1.1359,20,1.2,1.165,3,1.195,1.1601,401,0
IWM191115P158,2019-11-13,2019-11-13 09:31:31,1.22,1.1844,53,1.17,1.1359,20,1.2,1.165,3,1.195,1.1601,401,0
IWM191115P158,2019-11-13,2019-11-13 09:31:31,1.22,1.1844,60,1.17,1.1359,81,1.2,1.165,3,1.195,1.1601,401,0
IWM191115P158,2019-11-13,2019-11-13 09:31:32,1.22,1.1844,53,1.15,1.1165,20,1.2,1.165,3,1.185,1.1504,401,0
IWM191115P158,2019-11-13,2019-11-13 09:31:32,1.22,1.1844,53,1.15,1.1165,88,1.2,1.165,3,1.185,1.1504,401,0
IWM191115P158,2019-11-13,2019-11-13 09:31:33,1.22,1.1844,198,1.14,1.1067,218,1.2,1.165,3,1.18,1.1456,401,0
IWM191115P158,2019-11-13,2019-11-13 09:31:34,1.21,1.1747,120,1.14,1.1067,384,1.2,1.165,3,1.175,1.1407,401,0
IWM191115P158,2019-11-13,2019-11-13 09:31:38,1.21,1.1747,259,1.14,1.1067,208,1.2,1.165,3,1.175,1.1407,401,0
IWM191115P158,2019-11-13,2019-11-13 09:31:38,1.21,1.1747,338,1.14,1.1067,172,1.2,1.165,3,1.175,1.1407,401,0
IWM191115P158,2019-11-13,2019-11-13 09:31:39,1.21,1.1747,496,1.14,1.1067,156,1.2,1.165,3,1.175,1.1407,401,0
IWM191115P158,2019-11-13,2019-11-13 09:31:40,1.21,1.1747,461,1.14,1.1067,156,1.2,1.165,3,1.175,1.1407,401,0
IWM191115P158,2019-11-13,2019-11-13 09:31:40,1.21,1.1747,496,1.14,1.1067,156,1.2,1.165,3,1.175,1.1407,401,0
IWM191115P158,2019-11-13,2019-11-13 09:31:41,1.21,1.1747,370,1.11,1.0776,60,1.2,1.165,3,1.16,1.1262,401,0
IWM191115P158,2019-11-13,2019-11-13 09:31:42,1.21,1.1747,713,1.12,1.0873,75,1.2,1.165,3,1.165,1.131,401,0
IWM191115P158,2019-11-13,2019-11-13 09:31:43,1.19,1.1553,13,1.09,1.0582,50,1.2,1.165,3,1.14,1.1067,401,0
IWM191115P158,2019-11-13,2019-11-13 09:31:43,1.2,1.165,213,1.11,1.0776,129,1.2,1.165,3,1.155,1.1213,401,0
IWM191115P158,2019-11-13,2019-11-13 09:31:44,1.19,1.1553,386,1.1,1.0679,160,1.2,1.165,3,1.145,1.1116,401,0
IWM191115P158,2019-11-13,2019-11-13 09:31:44,1.19,1.1553,287,1.1,1.0679,4,1.2,1.165,3,1.145,1.1116,401,0
IWM191115P158,2019-11-13,2019-11-13 09:31:45,1.19,1.1553,321,1.11,1.0776,262,1.2,1.165,3,1.15,1.1165,401,0
IWM191115P158,2019-11-13,2019-11-13 09:31:45,1.19,1.1553,388,1.1,1.0679,279,1.2,1.165,3,1.145,1.1116,401,0
IWM191115P158,2019-11-13,2019-11-13 09:31:46,1.19,1.1553,366,1.11,1.0776,74,1.2,1.165,3,1.15,1.1165,401,0
IWM191115P158,2019-11-13,2019-11-13 09:31:46,1.19,1.1553,300,1.11,1.0776,125,1.2,1.165,3,1.15,1.1165,401,0
IWM191115P158,2019-11-13,2019-11-13 09:31:47,1.19,1.1553,308,1.11,1.0776,158,1.2,1.165,3,1.15,1.1165,401,0
IWM191115P158,2019-11-13,2019-11-13 09:31:47,1.19,1.1553,403,1.11,1.0776,125,1.2,1.165,3,1.15,1.1165,401,0
IWM191115P158,2019-11-13,2019-11-13 09:31:48,1.18,1.1456,23,1.07,1.0388,13,1.14,1.1067,1,1.125,1.0922,402,1
IWM191115P158,2019-11-13,2019-11-13 09:31:48,1.19,1.1553,308,1.11,1.0776,150,1.2,1.165,3,1.15,1.1165,401,0
IWM191115P158,2019-11-13,2019-11-13 09:31:49,1.17,1.1359,293,1.11,1.0776,69,1.14,1.1067,1,1.14,1.1067,402,0
IWM191115P158,2019-11-13,2019-11-13 09:31:49,1.17,1.1359,297,1.11,1.0776,27,1.14,1.1067,1,1.14,1.1067,402,0
IWM191115P158,2019-11-13,2019-11-13 09:31:50,1.15,1.1165,100,1.09,1.0582,152,1.14,1.1067,1,1.12,1.0873,402,0
IWM191115P158,2019-11-13,2019-11-13 09:31:50,1.15,1.1165,139,1.1,1.0679,141,1.14,1.1067,1,1.125,1.0922,402,0
IWM191115P158,2019-11-13,2019-11-13 09:31:51,1.15,1.1165,184,1.1,1.0679,173,1.14,1.1067,1,1.125,1.0922,402,0
IWM191115P158,2019-11-13,2019-11-13 09:31:51,1.15,1.1165,139,1.1,1.0679,157,1.14,1.1067,1,1.125,1.0922,402,0
IWM191115P158,2019-11-13,2019-11-13 09:31:52,1.14,1.1067,72,1.1,1.0679,196,1.14,1.1067,1,1.12,1.0873,402,0
IWM191115P158,2019-11-13,2019-11-13 09:31:52,1.14,1.1067,72,1.1,1.0679,80,1.14,1.1067,1,1.12,1.0873,402,0
IWM191115P158,2019-11-13,2019-11-13 09:31:53,1.15,1.1165,72,1.1,1.0679,466,1.14,1.1067,1,1.125,1.0922,402,0
IWM191115P158,2019-11-13,2019-11-13 09:31:54,1.15,1.1165,72,1.1,1.0679,499,1.14,1.1067,1,1.125,1.0922,402,0
IWM191115P158,2019-11-13,2019-11-13 09:31:54,1.15,1.1165,72,1.1,1.0679,510,1.14,1.1067,1,1.125,1.0922,402,0
IWM191115P158,2019-11-13,2019-11-13 09:31:55,1.15,1.1165,72,1.12,1.0873,122,1.14,1.1067,1,1.135,1.1019,402,0
IWM191115P158,2019-11-13,2019-11-13 09:31:55,1.17,1.1359,88,1.13,1.097,56,1.14,1.1067,1,1.15,1.1165,402,0
IWM191115P158,2019-11-13,2019-11-13 09:31:56,1.17,1.1359,88,1.13,1.097,38,1.14,1.1067,1,1.15,1.1165,402,0
IWM191115P158,2019-11-13,2019-11-13 09:31:56,1.17,1.1359,93,1.13,1.097,38,1.14,1.1067,1,1.15,1.1165,402,0
IWM191115P158,2019-11-13,2019-11-13 09:31:57,1.17,1.1359,93,1.13,1.097,55,1.14,1.1067,1,1.15,1.1165,402,0
IWM191115P158,2019-11-13,2019-11-13 09:31:57,1.17,1.1359,51,1.14,1.1067,31,1.14,1.1067,1,1.155,1.1213,402,0
IWM191115P158,2019-11-13,2019-11-13 09:31:58,1.17,1.1359,10,1.14,1.1067,33,1.14,1.1067,1,1.155,1.1213,402,0
IWM191115P158,2019-11-13,2019-11-13 09:31:58,1.17,1.1359,10,1.15,1.1165,15,1.14,1.1067,1,1.16,1.1262,402,0
IWM191115P158,2019-11-13,2019-11-13 09:31:59,1.17,1.1359,3,1.15,1.1165,15,1.17,1.1359,1,1.16,1.1262,403,1
IWM191115P158,2019-11-13,2019-11-13 09:31:59,1.17,1.1359,10,1.15,1.1165,15,1.14,1.1067,1,1.16,1.1262,402,0
IWM191115P158,2019-11-13,2019-11-13 09:32:00,1.19,1.1553,10,1.15,1.1165,54,1.17,1.1359,1,1.17,1.1359,403,0
IWM191115P158,2019-11-13,2019-11-13 09:32:00,1.19,1.1553,118,1.15,1.1165,51,1.17,1.1359,1,1.17,1.1359,403,0
IWM191115P158,2019-11-13,2019-11-13 09:32:01,1.19,1.1553,202,1.15,1.1165,52,1.17,1.1359,1,1.17,1.1359,403,0
IWM191115P158,2019-11-13,2019-11-13 09:32:01,1.19,1.1553,107,1.15,1.1165,92,1.17,1.1359,1,1.17,1.1359,403,0
IWM191115P158,2019-11-13,2019-11-13 09:32:02,1.19,1.1553,91,1.15,1.1165,86,1.17,1.1359,1,1.17,1.1359,403,0
IWM191115P158,2019-11-13,2019-11-13 09:32:03,1.19,1.1553,71,1.15,1.1165,111,1.17,1.1359,1,1.17,1.1359,403,0
IWM191115P158,2019-11-13,2019-11-13 09:32:03,1.19,1.1553,141,1.15,1.1165,143,1.17,1.1359,1,1.17,1.1359,403,0
IWM191115P158,2019-11-13,2019-11-13 09:32:04,1.19,1.1553,89,1.16,1.1262,32,1.17,1.1359,1,1.175,1.1407,403,0
IWM191115P158,2019-11-13,2019-11-13 09:32:04,1.19,1.1553,117,1.16,1.1262,32,1.19,1.1553,1,1.175,1.1407,404,1
IWM191115P158,2019-11-13,2019-11-13 09:32:05,1.19,1.1553,43,1.16,1.1262,9,1.19,1.1553,1,1.175,1.1407,404,0
IWM191115P158,2019-11-13,2019-11-13 09:32:05,1.19,1.1553,43,1.16,1.1262,32,1.19,1.1553,1,1.175,1.1407,404,0
IWM191115P158,2019-11-13,2019-11-13 09:32:06,1.19,1.1553,54,1.17,1.1359,3,1.19,1.1553,1,1.18,1.1456,404,0
IWM191115P158,2019-11-13,2019-11-13 09:32:06,1.19,1.1553,54,1.16,1.1262,28,1.19,1.1553,1,1.175,1.1407,404,0
IWM191115P158,2019-11-13,2019-11-13 09:32:07,1.19,1.1553,54,1.17,1.1359,4,1.19,1.1553,1,1.18,1.1456,404,0
IWM191115P158,2019-11-13,2019-11-13 09:32:07,1.2,1.165,17,1.17,1.1359,17,1.19,1.1553,1,1.185,1.1504,404,0
IWM191115P158,2019-11-13,2019-11-13 09:32:08,1.21,1.1747,30,1.18,1.1456,17,1.19,1.1553,1,1.195,1.1601,404,0
IWM191115P158,2019-11-13,2019-11-13 09:32:08,1.21,1.1747,38,1.18,1.1456,17,1.19,1.1553,1,1.195,1.1601,404,0
IWM191115P158,2019-11-13,2019-11-13 09:32:09,1.21,1.1747,47,1.18,1.1456,23,1.19,1.1553,1,1.195,1.1601,404,0
IWM191115P158,2019-11-13,2019-11-13 09:32:09,1.21,1.1747,47,1.18,1.1456,39,1.19,1.1553,1,1.195,1.1601,404,0
IWM191115P158,2019-11-13,2019-11-13 09:32:10,1.21,1.1747,104,1.18,1.1456,23,1.19,1.1553,1,1.195,1.1601,404,0
IWM191115P158,2019-11-13,2019-11-13 09:32:11,1.21,1.1747,63,1.18,1.1456,23,1.19,1.1553,1,1.195,1.1601,404,0
IWM191115P158,2019-11-13,2019-11-13 09:32:11,1.21,1.1747,104,1.18,1.1456,23,1.19,1.1553,1,1.195,1.1601,404,0
IWM191115P158,2019-11-13,2019-11-13 09:32:12,1.21,1.1747,63,1.18,1.1456,23,1.19,1.1553,1,1.195,1.1601,404,0
IWM191115P158,2019-11-13,2019-11-13 09:32:12,1.21,1.1747,93,1.18,1.1456,25,1.19,1.1553,1,1.195,1.1601,404,0
IWM191115P158,2019-11-13,2019-11-13 09:32:13,1.21,1.1747,115,1.18,1.1456,17,1.19,1.1553,1,1.195,1.1601,404,0
IWM191115P158,2019-11-13,2019-11-13 09:32:13,1.21,1.1747,44,1.18,1.1456,17,1.19,1.1553,1,1.195,1.1601,404,0
IWM191115P158,2019-11-13,2019-11-13 09:32:14,1.21,1.1747,44,1.18,1.1456,67,1.19,1.1553,1,1.195,1.1601,404,0
IWM191115P158,2019-11-13,2019-11-13 09:32:14,1.21,1.1747,20,1.18,1.1456,67,1.19,1.1553,1,1.195,1.1601,404,0
IWM191115P158,2019-11-13,2019-11-13 09:32:15,1.21,1.1747,20,1.18,1.1456,77,1.19,1.1553,1,1.195,1.1601,404,0
IWM191115P158,2019-11-13,2019-11-13 09:32:16,1.21,1.1747,32,1.19,1.1553,32,1.19,1.1553,1,1.2,1.165,404,0
IWM191115P158,2019-11-13,2019-11-13 09:32:17,1.21,1.1747,23,1.19,1.1553,92,1.19,1.1553,1,1.2,1.165,404,0
IWM191115P158,2019-11-13,2019-11-13 09:32:17,1.21,1.1747,32,1.19,1.1553,32,1.19,1.1553,1,1.2,1.165,404,0
IWM191115P158,2019-11-13,2019-11-13 09:32:18,1.21,1.1747,23,1.19,1.1553,56,1.19,1.1553,1,1.2,1.165,404,0
IWM191115P158,2019-11-13,2019-11-13 09:32:19,1.24,1.2038,41,1.2,1.165,43,1.19,1.1553,1,1.22,1.1844,404,0
IWM191115P158,2019-11-13,2019-11-13 09:32:19,1.24,1.2038,80,1.21,1.1747,69,1.19,1.1553,1,1.225,1.1893,404,0
IWM191115P158,2019-11-13,2019-11-13 09:32:20,1.24,1.2038,141,1.21,1.1747,69,1.19,1.1553,1,1.225,1.1893,404,0
IWM191115P158,2019-11-13,2019-11-13 09:32:20,1.24,1.2038,198,1.2,1.165,64,1.19,1.1553,1,1.22,1.1844,404,0
IWM191115P158,2019-11-13,2019-11-13 09:32:21,1.24,1.2038,282,1.21,1.1747,22,1.19,1.1553,1,1.225,1.1893,404,0
IWM191115P158,2019-11-13,2019-11-13 09:32:21,1.24,1.2038,303,1.2,1.165,75,1.19,1.1553,1,1.22,1.1844,404,0
IWM191115P158,2019-11-13,2019-11-13 09:32:22,1.24,1.2038,282,1.21,1.1747,29,1.19,1.1553,1,1.225,1.1893,404,0
IWM191115P158,2019-11-13,2019-11-13 09:32:22,1.24,1.2038,290,1.21,1.1747,29,1.19,1.1553,1,1.225,1.1893,404,0
IWM191115P158,2019-11-13,2019-11-13 09:32:23,1.24,1.2038,132,1.22,1.1844,10,1.19,1.1553,1,1.23,1.1941,404,0
IWM191115P158,2019-11-13,2019-11-13 09:32:23,1.24,1.2038,290,1.21,1.1747,29,1.19,1.1553,1,1.225,1.1893,404,0
IWM191115P158,2019-11-13,2019-11-13 09:32:24,1.24,1.2038,92,1.21,1.1747,64,1.19,1.1553,1,1.225,1.1893,404,0
IWM191115P158,2019-11-13,2019-11-13 09:32:25,1.24,1.2038,92,1.21,1.1747,69,1.19,1.1553,1,1.225,1.1893,404,0
IWM191115P158,2019-11-13,2019-11-13 09:32:25,1.24,1.2038,117,1.21,1.1747,82,1.19,1.1553,1,1.225,1.1893,404,0
IWM191115P158,2019-11-13,2019-11-13 09:32:26,1.25,1.2135,5,1.23,1.1941,48,1.23,1.1941,1,1.24,1.2038,405,1
IWM191115P158,2019-11-13,2019-11-13 09:32:26,1.24,1.2038,90,1.21,1.1747,163,1.19,1.1553,1,1.225,1.1893,404,0
IWM191115P158,2019-11-13,2019-11-13 09:32:27,1.25,1.2135,5,1.23,1.1941,16,1.23,1.1941,1,1.24,1.2038,405,0
IWM191115P158,2019-11-13,2019-11-13 09:32:28,1.27,1.233,48,1.24,1.2038,68,1.25,1.2135,5,1.255,1.2184,410,5
IWM191115P158,2019-11-13,2019-11-13 09:32:28,1.28,1.2427,10,1.24,1.2038,94,1.25,1.2135,5,1.26,1.2233,410,0
IWM191115P158,2019-11-13,2019-11-13 09:32:29,1.28,1.2427,1,1.24,1.2038,94,1.25,1.2135,5,1.26,1.2233,410,0
IWM191115P158,2019-11-13,2019-11-13 09:32:29,1.28,1.2427,13,1.24,1.2038,76,1.25,1.2135,5,1.26,1.2233,410,0
IWM191115P158,2019-11-13,2019-11-13 09:32:30,1.28,1.2427,22,1.24,1.2038,76,1.25,1.2135,5,1.26,1.2233,410,0
IWM191115P158,2019-11-13,2019-11-13 09:32:30,1.28,1.2427,32,1.24,1.2038,76,1.25,1.2135,5,1.26,1.2233,410,0
IWM191115P158,2019-11-13,2019-11-13 09:32:31,1.28,1.2427,43,1.24,1.2038,91,1.25,1.2135,5,1.26,1.2233,410,0
IWM191115P158,2019-11-13,2019-11-13 09:32:31,1.28,1.2427,33,1.24,1.2038,91,1.25,1.2135,5,1.26,1.2233,410,0
IWM191115P158,2019-11-13,2019-11-13 09:32:32,1.28,1.2427,42,1.24,1.2038,79,1.25,1.2135,5,1.26,1.2233,410,0
IWM191115P158,2019-11-13,2019-11-13 09:32:32,1.28,1.2427,71,1.24,1.2038,68,1.25,1.2135,5,1.26,1.2233,410,0
IWM191115P158,2019-11-13,2019-11-13 09:32:33,1.28,1.2427,20,1.22,1.1844,278,1.25,1.2135,5,1.25,1.2135,410,0
IWM191115P158,2019-11-13,2019-11-13 09:32:33,1.28,1.2427,85,1.22,1.1844,53,1.25,1.2135,5,1.25,1.2135,410,0
IWM191115P158,2019-11-13,2019-11-13 09:32:34,1.28,1.2427,10,1.22,1.1844,177,1.25,1.2135,5,1.25,1.2135,410,0
IWM191115P158,2019-11-13,2019-11-13 09:32:34,1.28,1.2427,10,1.22,1.1844,156,1.25,1.2135,5,1.25,1.2135,410,0
IWM191115P158,2019-11-13,2019-11-13 09:32:35,1.28,1.2427,10,1.22,1.1844,232,1.25,1.2135,5,1.25,1.2135,410,0
IWM191115P158,2019-11-13,2019-11-13 09:32:35,1.28,1.2427,12,1.22,1.1844,385,1.25,1.2135,5,1.25,1.2135,410,0
IWM191115P158,2019-11-13,2019-11-13 09:32:36,1.28,1.2427,10,1.22,1.1844,385,1.25,1.2135,5,1.25,1.2135,410,0
IWM191115P158,2019-11-13,2019-11-13 09:32:36,1.28,1.2427,12,1.22,1.1844,385,1.25,1.2135,5,1.25,1.2135,410,0
IWM191115P158,2019-11-13,2019-11-13 09:32:37,1.28,1.2427,10,1.22,1.1844,525,1.25,1.2135,5,1.25,1.2135,410,0
IWM191115P158,2019-11-13,2019-11-13 09:32:38,1.28,1.2427,10,1.22,1.1844,488,1.25,1.2135,5,1.25,1.2135,410,0
IWM191115P158,2019-11-13,2019-11-13 09:32:38,1.28,1.2427,10,1.22,1.1844,528,1.25,1.2135,5,1.25,1.2135,410,0
IWM191115P158,2019-11-13,2019-11-13 09:32:39,1.28,1.2427,2,1.22,1.1844,528,1.25,1.2135,5,1.25,1.2135,410,0
IWM191115P158,2019-11-13,2019-11-13 09:32:39,1.28,1.2427,10,1.22,1.1844,521,1.25,1.2135,5,1.25,1.2135,410,0
IWM191115P158,2019-11-13,2019-11-13 09:32:40,1.28,1.2427,15,1.23,1.1941,251,1.25,1.2135,5,1.255,1.2184,410,0
IWM191115P158,2019-11-13,2019-11-13 09:32:40,1.28,1.2427,30,1.23,1.1941,241,1.25,1.2135,5,1.255,1.2184,410,0
IWM191115P158,2019-11-13,2019-11-13 09:32:41,1.28,1.2427,29,1.23,1.1941,241,1.25,1.2135,5,1.255,1.2184,410,0
IWM191115P158,2019-11-13,2019-11-13 09:32:41,1.28,1.2427,87,1.23,1.1941,215,1.25,1.2135,5,1.255,1.2184,410,0
IWM191115P158,2019-11-13,2019-11-13 09:32:42,1.3,1.2621,110,1.25,1.2135,103,1.28,1.2427,2,1.275,1.2378,412,0
IWM191115P158,2019-11-13,2019-11-13 09:32:42,1.28,1.2427,16,1.25,1.2135,95,1.28,1.2427,2,1.265,1.2281,412,2
IWM191115P158,2019-11-13,2019-11-13 09:32:43,1.3,1.2621,189,1.25,1.2135,71,1.28,1.2427,2,1.275,1.2378,412,0
IWM191115P158,2019-11-13,2019-11-13 09:32:44,1.3,1.2621,408,1.23,1.1941,91,1.28,1.2427,2,1.265,1.2281,412,0
IWM191115P158,2019-11-13,2019-11-13 09:32:44,1.3,1.2621,315,1.23,1.1941,95,1.28,1.2427,2,1.265,1.2281,412,0
IWM191115P158,2019-11-13,2019-11-13 09:32:45,1.3,1.2621,511,1.23,1.1941,79,1.28,1.2427,2,1.265,1.2281,412,0
IWM191115P158,2019-11-13,2019-11-13 09:32:46,1.29,1.2524,346,1.21,1.1747,104,1.28,1.2427,2,1.25,1.2135,412,0
IWM191115P158,2019-11-13,2019-11-13 09:32:46,1.29,1.2524,510,1.19,1.1553,19,1.28,1.2427,2,1.24,1.2038,412,0
IWM191115P158,2019-11-13,2019-11-13 09:32:47,1.29,1.2524,233,1.19,1.1553,19,1.28,1.2427,2,1.24,1.2038,412,0
IWM191115P158,2019-11-13,2019-11-13 09:32:47,1.29,1.2524,686,1.19,1.1553,19,1.28,1.2427,2,1.24,1.2038,412,0
IWM191115P158,2019-11-13,2019-11-13 09:32:48,1.29,1.2524,422,1.21,1.1747,84,1.28,1.2427,2,1.25,1.2135,412,0
IWM191115P158,2019-11-13,2019-11-13 09:32:48,1.29,1.2524,137,1.21,1.1747,38,1.28,1.2427,2,1.25,1.2135,412,0
IWM191115P158,2019-11-13,2019-11-13 09:32:49,1.29,1.2524,364,1.21,1.1747,38,1.28,1.2427,2,1.25,1.2135,412,0
IWM191115P158,2019-11-13,2019-11-13 09:32:49,1.29,1.2524,439,1.21,1.1747,60,1.28,1.2427,2,1.25,1.2135,412,0
IWM191115P158,2019-11-13,2019-11-13 09:32:50,1.27,1.233,225,1.19,1.1553,83,1.28,1.2427,2,1.23,1.1941,412,0
IWM191115P158,2019-11-13,2019-11-13 09:32:51,1.27,1.233,303,1.18,1.1456,73,1.28,1.2427,2,1.225,1.1893,412,0
IWM191115P158,2019-11-13,2019-11-13 09:32:51,1.26,1.2233,89,1.18,1.1456,45,1.28,1.2427,2,1.22,1.1844,412,0
IWM191115P158,2019-11-13,2019-11-13 09:32:52,1.22,1.1844,65,1.18,1.1456,53,1.28,1.2427,2,1.2,1.165,412,0
IWM191115P158,2019-11-13,2019-11-13 09:32:52,1.22,1.1844,25,1.18,1.1456,30,1.28,1.2427,2,1.2,1.165,412,0
IWM191115P158,2019-11-13,2019-11-13 09:32:53,1.26,1.2233,103,1.19,1.1553,32,1.28,1.2427,2,1.225,1.1893,412,0
IWM191115P158,2019-11-13,2019-11-13 09:32:53,1.25,1.2135,190,1.16,1.1262,113,1.28,1.2427,2,1.205,1.1699,412,0
IWM191115P158,2019-11-13,2019-11-13 09:32:54,1.24,1.2038,438,1.17,1.1359,40,1.28,1.2427,2,1.205,1.1699,412,0
IWM191115P158,2019-11-13,2019-11-13 09:32:54,1.24,1.2038,182,1.18,1.1456,48,1.28,1.2427,2,1.21,1.1747,412,0
IWM191115P158,2019-11-13,2019-11-13 09:32:55,1.21,1.1747,91,1.17,1.1359,24,1.28,1.2427,2,1.19,1.1553,412,0
IWM191115P158,2019-11-13,2019-11-13 09:32:55,1.21,1.1747,171,1.15,1.1165,42,1.28,1.2427,2,1.18,1.1456,412,0
IWM191115P158,2019-11-13,2019-11-13 09:32:56,1.17,1.1359,104,1.13,1.097,4,1.15,1.1165,8,1.15,1.1165,426,14
IWM191115P158,2019-11-13,2019-11-13 09:32:56,1.16,1.1262,65,1.13,1.097,4,1.15,1.1165,8,1.145,1.1116,426,0
IWM191115P158,2019-11-13,2019-11-13 09:32:57,1.16,1.1262,65,1.13,1.097,4,1.15,1.1165,8,1.145,1.1116,426,0
IWM191115P158,2019-11-13,2019-11-13 09:32:57,1.2,1.165,18,1.14,1.1067,8,1.15,1.1165,8,1.17,1.1359,426,0
IWM191115P158,2019-11-13,2019-11-13 09:32:58,1.19,1.1553,63,1.16,1.1262,75,1.15,1.1165,8,1.175,1.1407,426,0
IWM191115P158,2019-11-13,2019-11-13 09:32:58,1.19,1.1553,44,1.15,1.1165,96,1.15,1.1165,8,1.17,1.1359,426,0
IWM191115P158,2019-11-13,2019-11-13 09:32:59,1.19,1.1553,50,1.16,1.1262,75,1.15,1.1165,8,1.175,1.1407,426,0
IWM191115P158,2019-11-13,2019-11-13 09:32:59,1.18,1.1456,25,1.16,1.1262,75,1.15,1.1165,8,1.17,1.1359,426,0
IWM191115P158,2019-11-13,2019-11-13 09:33:00,1.16,1.1262,74,1.11,1.0776,80,1.15,1.1165,8,1.135,1.1019,426,0
IWM191115P158,2019-11-13,2019-11-13 09:33:00,1.18,1.1456,33,1.09,1.0582,44,1.15,1.1165,8,1.135,1.1019,426,0
IWM191115P158,2019-11-13,2019-11-13 09:33:01,1.16,1.1262,146,1.12,1.0873,17,1.15,1.1165,8,1.14,1.1067,426,0
IWM191115P158,2019-11-13,2019-11-13 09:33:01,1.16,1.1262,98,1.12,1.0873,31,1.15,1.1165,8,1.14,1.1067,426,0
IWM191115P158,2019-11-13,2019-11-13 09:33:02,1.16,1.1262,236,1.11,1.0776,24,1.15,1.1165,8,1.135,1.1019,426,0
IWM191115P158,2019-11-13,2019-11-13 09:33:02,1.16,1.1262,274,1.09,1.0582,109,1.15,1.1165,8,1.125,1.0922,426,0
IWM191115P158,2019-11-13,2019-11-13 09:33:03,1.14,1.1067,165,1.09,1.0582,129,1.15,1.1165,8,1.115,1.0825,426,0
IWM191115P158,2019-11-13,2019-11-13 09:33:03,1.11,1.0776,14,1.07,1.0388,9,1.15,1.1165,8,1.09,1.0582,426,0
IWM191115P158,2019-11-13,2019-11-13 09:33:04,1.1,1.0679,74,1.06,1.0291,26,1.15,1.1165,8,1.08,1.0485,426,0
IWM191115P158,2019-11-13,2019-11-13 09:33:04,1.13,1.097,20,1.05,1.0194,12,1.15,1.1165,8,1.09,1.0582,426,0
IWM191115P158,2019-11-13,2019-11-13 09:33:05,1.09,1.0582,87,1.05,1.0194,61,1.15,1.1165,8,1.07,1.0388,426,0
IWM191115P158,2019-11-13,2019-11-13 09:33:05,1.11,1.0776,89,1.05,1.0194,85,1.15,1.1165,8,1.08,1.0485,426,0
IWM191115P158,2019-11-13,2019-11-13 09:33:06,1.09,1.0582,111,1.01,0.9805,19,1.15,1.1165,8,1.05,1.0194,426,0
IWM191115P158,2019-11-13,2019-11-13 09:33:07,1.05,1.0194,114,1.0,0.9708,20,1.15,1.1165,8,1.025,0.9951,426,0
IWM191115P158,2019-11-13,2019-11-13 09:33:07,1.09,1.0582,94,1.0,0.9708,28,1.15,1.1165,8,1.045,1.0145,426,0
IWM191115P158,2019-11-13,2019-11-13 09:33:08,1.06,1.0291,74,1.01,0.9805,66,1.15,1.1165,8,1.035,1.0048,426,0
IWM191115P158,2019-11-13,2019-11-13 09:33:08,1.05,1.0194,98,1.0,0.9708,30,1.15,1.1165,8,1.025,0.9951,426,0
IWM191115P158,2019-11-13,2019-11-13 09:33:09,1.08,1.0485,74,1.05,1.0194,32,1.15,1.1165,8,1.065,1.0339,426,0
IWM191115P158,2019-11-13,2019-11-13 09:33:09,1.07,1.0388,74,1.03,1.0,52,1.15,1.1165,8,1.05,1.0194,426,0
IWM191115P158,2019-11-13,2019-11-13 09:33:10,1.09,1.0582,115,1.03,1.0,22,1.15,1.1165,8,1.06,1.0291,426,0
IWM191115P158,2019-11-13,2019-11-13 09:33:11,1.08,1.0485,73,1.04,1.0097,30,1.15,1.1165,8,1.06,1.0291,426,0
IWM191115P158,2019-11-13,2019-11-13 09:33:11,1.08,1.0485,73,1.04,1.0097,20,1.15,1.1165,8,1.06,1.0291,426,0
IWM191115P158,2019-11-13,2019-11-13 09:33:12,1.09,1.0582,95,1.04,1.0097,13,1.15,1.1165,8,1.065,1.0339,426,0
IWM191115P158,2019-11-13,2019-11-13 09:33:12,1.1,1.0679,93,1.05,1.0194,15,1.15,1.1165,8,1.075,1.0436,426,0
IWM191115P158,2019-11-13,2019-11-13 09:33:13,1.1,1.0679,73,1.07,1.0388,11,1.15,1.1165,8,1.085,1.0533,426,0
IWM191115P158,2019-11-13,2019-11-13 09:33:13,1.09,1.0582,95,1.05,1.0194,20,1.15,1.1165,8,1.07,1.0388,426,0
IWM191115P158,2019-11-13,2019-11-13 09:33:14,1.09,1.0582,19,1.06,1.0291,33,1.15,1.1165,8,1.075,1.0436,426,0
IWM191115P158,2019-11-13,2019-11-13 09:33:14,1.09,1.0582,5,1.06,1.0291,17,1.15,1.1165,8,1.075,1.0436,426,0
IWM191115P158,2019-11-13,2019-11-13 09:33:15,1.1,1.0679,2,1.06,1.0291,171,1.15,1.1165,8,1.08,1.0485,426,0
IWM191115P158,2019-11-13,2019-11-13 09:33:15,1.1,1.0679,29,1.06,1.0291,54,1.15,1.1165,8,1.08,1.0485,426,0
IWM191115P158,2019-11-13,2019-11-13 09:33:16,1.11,1.0776,72,1.08,1.0485,124,1.15,1.1165,8,1.095,1.0631,426,0
IWM191115P158,2019-11-13,2019-11-13 09:33:16,1.11,1.0776,83,1.08,1.0485,72,1.15,1.1165,8,1.095,1.0631,426,0
IWM191115P158,2019-11-13,2019-11-13 09:33:17,1.11,1.0776,72,1.08,1.0485,270,1.15,1.1165,8,1.095,1.0631,426,0
IWM191115P158,2019-11-13,2019-11-13 09:33:17,1.12,1.0873,6,1.08,1.0485,270,1.15,1.1165,8,1.1,1.0679,426,0
IWM191115P158,2019-11-13,2019-11-13 09:33:18,1.13,1.097,19,1.11,1.0776,6,1.15,1.1165,8,1.12,1.0873,426,0
IWM191115P158,2019-11-13,2019-11-13 09:33:18,1.13,1.097,41,1.1,1.0679,96,1.15,1.1165,8,1.115,1.0825,426,0
IWM191115P158,2019-11-13,2019-11-13 09:33:19,1.15,1.1165,133,1.1,1.0679,65,1.15,1.1165,8,1.125,1.0922,426,0
IWM191115P158,2019-11-13,2019-11-13 09:33:19,1.15,1.1165,90,1.1,1.0679,72,1.15,1.1165,8,1.125,1.0922,426,0
IWM191115P158,2019-11-13,2019-11-13 09:33:20,1.15,1.1165,200,1.1,1.0679,24,1.15,1.1165,8,1.125,1.0922,426,0
IWM191115P158,2019-11-13,2019-11-13 09:33:20,1.15,1.1165,313,1.1,1.0679,24,1.15,1.1165,8,1.125,1.0922,426,0
IWM191115P158,2019-11-13,2019-11-13 09:33:21,1.15,1.1165,141,1.1,1.0679,83,1.15,1.1165,8,1.125,1.0922,426,0
IWM191115P158,2019-11-13,2019-11-13 09:33:21,1.15,1.1165,313,1.09,1.0582,204,1.15,1.1165,8,1.12,1.0873,426,0
IWM191115P158,2019-11-13,2019-11-13 09:33:22,1.15,1.1165,107,1.1,1.0679,149,1.15,1.1165,8,1.125,1.0922,426,0
IWM191115P158,2019-11-13,2019-11-13 09:33:22,1.15,1.1165,63,1.1,1.0679,306,1.15,1.1165,8,1.125,1.0922,426,0
IWM191115P158,2019-11-13,2019-11-13 09:33:23,1.18,1.1456,64,1.12,1.0873,234,1.15,1.1165,8,1.15,1.1165,426,0
IWM191115P158,2019-11-13,2019-11-13 09:33:23,1.16,1.1262,38,1.12,1.0873,133,1.15,1.1165,8,1.14,1.1067,426,0
IWM191115P158,2019-11-13,2019-11-13 09:33:24,1.18,1.1456,81,1.12,1.0873,274,1.15,1.1165,8,1.15,1.1165,426,0
IWM191115P158,2019-11-13,2019-11-13 09:33:24,1.18,1.1456,118,1.12,1.0873,364,1.15,1.1165,8,1.15,1.1165,426,0
IWM191115P158,2019-11-13,2019-11-13 09:33:25,1.18,1.1456,139,1.13,1.097,33,1.15,1.1165,8,1.155,1.1213,426,0
IWM191115P158,2019-11-13,2019-11-13 09:33:26,1.18,1.1456,139,1.13,1.097,33,1.15,1.1165,8,1.155,1.1213,426,0
IWM191115P158,2019-11-13,2019-11-13 09:33:27,1.18,1.1456,167,1.13,1.097,41,1.15,1.1165,8,1.155,1.1213,426,0
IWM191115P158,2019-11-13,2019-11-13 09:33:27,1.18,1.1456,167,1.13,1.097,32,1.15,1.1165,8,1.155,1.1213,426,0
IWM191115P158,2019-11-13,2019-11-13 09:33:28,1.19,1.1553,44,1.13,1.097,63,1.15,1.1165,8,1.16,1.1262,426,0
IWM191115P158,2019-11-13,2019-11-13 09:33:29,1.18,1.1456,88,1.12,1.0873,78,1.15,1.1165,8,1.15,1.1165,426,0
IWM191115P158,2019-11-13,2019-11-13 09:33:29,1.18,1.1456,17,1.12,1.0873,19,1.15,1.1165,8,1.15,1.1165,426,0
IWM191115P158,2019-11-13,2019-11-13 09:33:30,1.18,1.1456,55,1.13,1.097,94,1.15,1.1165,8,1.155,1.1213,426,0
IWM191115P158,2019-11-13,2019-11-13 09:33:30,1.18,1.1456,23,1.15,1.1165,81,1.15,1.1165,8,1.165,1.131,426,0
IWM191115P158,2019-11-13,2019-11-13 09:33:31,1.18,1.1456,23,1.15,1.1165,81,1.15,1.1165,8,1.165,1.131,426,0
IWM191115P158,2019-11-13,2019-11-13 09:33:31,1.19,1.1553,56,1.15,1.1165,81,1.15,1.1165,8,1.17,1.1359,426,0
IWM191115P158,2019-11-13,2019-11-13 09:33:32,1.19,1.1553,143,1.15,1.1165,87,1.15,1.1165,8,1.17,1.1359,426,0
IWM191115P158,2019-11-13,2019-11-13 09:33:32,1.19,1.1553,77,1.15,1.1165,81,1.15,1.1165,8,1.17,1.1359,426,0
IWM191115P158,2019-11-13,2019-11-13 09:33:33,1.19,1.1553,143,1.16,1.1262,73,1.15,1.1165,8,1.175,1.1407,426,0
IWM191115P158,2019-11-13,2019-11-13 09:33:33,1.19,1.1553,101,1.16,1.1262,73,1.15,1.1165,8,1.175,1.1407,426,0
IWM191115P158,2019-11-13,2019-11-13 09:33:34,1.19,1.1553,158,1.13,1.097,13,1.15,1.1165,8,1.16,1.1262,426,0
IWM191115P158,2019-11-13,2019-11-13 09:33:34,1.19,1.1553,127,1.14,1.1067,73,1.15,1.1165,8,1.165,1.131,426,0
IWM191115P158,2019-11-13,2019-11-13 09:33:35,1.19,1.1553,114,1.14,1.1067,50,1.15,1.1165,8,1.165,1.131,426,0
IWM191115P158,2019-11-13,2019-11-13 09:33:35,1.19,1.1553,282,1.13,1.097,14,1.15,1.1165,8,1.16,1.1262,426,0
IWM191115P158,2019-11-13,2019-11-13 09:33:36,1.19,1.1553,217,1.13,1.097,81,1.15,1.1165,8,1.16,1.1262,429,3
IWM191115P158,2019-11-13,2019-11-13 09:33:36,1.19,1.1553,180,1.13,1.097,81,1.15,1.1165,8,1.16,1.1262,426,0
IWM191115P158,2019-11-13,2019-11-13 09:33:37,1.18,1.1456,209,1.12,1.0873,76,1.14,1.1067,3,1.15,1.1165,429,0
IWM191115P158,2019-11-13,2019-11-13 09:33:37,1.18,1.1456,314,1.12,1.0873,75,1.14,1.1067,3,1.15,1.1165,429,0
IWM191115P158,2019-11-13,2019-11-13 09:33:38,1.18,1.1456,314,1.12,1.0873,75,1.14,1.1067,3,1.15,1.1165,429,0
IWM191115P158,2019-11-13,2019-11-13 09:33:38,1.18,1.1456,382,1.11,1.0776,9,1.14,1.1067,3,1.145,1.1116,429,0
IWM191115P158,2019-11-13,2019-11-13 09:33:39,1.18,1.1456,480,1.11,1.0776,195,1.14,1.1067,3,1.145,1.1116,429,0
IWM191115P158,2019-11-13,2019-11-13 09:33:39,1.18,1.1456,382,1.11,1.0776,116,1.14,1.1067,3,1.145,1.1116,429,0
IWM191115P158,2019-11-13,2019-11-13 09:33:40,1.18,1.1456,231,1.11,1.0776,72,1.14,1.1067,3,1.145,1.1116,429,0
IWM191115P158,2019-11-13,2019-11-13 09:33:40,1.18,1.1456,355,1.11,1.0776,48,1.14,1.1067,3,1.145,1.1116,429,0
IWM191115P158,2019-11-13,2019-11-13 09:33:41,1.18,1.1456,416,1.12,1.0873,59,1.14,1.1067,3,1.15,1.1165,429,0
IWM191115P158,2019-11-13,2019-11-13 09:33:42,1.18,1.1456,382,1.11,1.0776,17,1.14,1.1067,3,1.145,1.1116,429,0
IWM191115P158,2019-11-13,2019-11-13 09:33:42,1.18,1.1456,382,1.11,1.0776,28,1.14,1.1067,3,1.145,1.1116,429,0
IWM191115P158,2019-11-13,2019-11-13 09:33:43,1.14,1.1067,41,1.11,1.0776,17,1.14,1.1067,3,1.125,1.0922,429,0
IWM191115P158,2019-11-13,2019-11-13 09:33:43,1.14,1.1067,80,1.11,1.0776,28,1.14,1.1067,3,1.125,1.0922,429,0
IWM191115P158,2019-11-13,2019-11-13 09:33:44,1.15,1.1165,20,1.11,1.0776,64,1.14,1.1067,3,1.13,1.097,429,0
IWM191115P158,2019-11-13,2019-11-13 09:33:44,1.14,1.1067,43,1.1,1.0679,23,1.14,1.1067,3,1.12,1.0873,429,0
IWM191115P158,2019-11-13,2019-11-13 09:33:45,1.14,1.1067,218,1.08,1.0485,84,1.14,1.1067,3,1.11,1.0776,429,0
IWM191115P158,2019-11-13,2019-11-13 09:33:45,1.14,1.1067,133,1.1,1.0679,19,1.14,1.1067,3,1.12,1.0873,429,0
IWM191115P158,2019-11-13,2019-11-13 09:33:46,1.14,1.1067,260,1.09,1.0582,48,1.14,1.1067,3,1.115,1.0825,429,0
IWM191115P158,2019-11-13,2019-11-13 09:33:46,1.14,1.1067,255,1.09,1.0582,45,1.14,1.1067,3,1.115,1.0825,429,0
IWM191115P158,2019-11-13,2019-11-13 09:33:47,1.14,1.1067,230,1.08,1.0485,84,1.14,1.1067,3,1.11,1.0776,429,0
IWM191115P158,2019-11-13,2019-11-13 09:33:47,1.14,1.1067,249,1.09,1.0582,48,1.14,1.1067,3,1.115,1.0825,429,0
IWM191115P158,2019-11-13,2019-11-13 09:33:48,1.14,1.1067,401,1.09,1.0582,22,1.14,1.1067,3,1.115,1.0825,429,0
IWM191115P158,2019-11-13,2019-11-13 09:33:48,1.14,1.1067,402,1.08,1.0485,14,1.14,1.1067,3,1.11,1.0776,429,0
IWM191115P158,2019-11-13,2019-11-13 09:33:49,1.14,1.1067,358,1.08,1.0485,32,1.14,1.1067,3,1.11,1.0776,429,0
IWM191115P158,2019-11-13,2019-11-13 09:33:49,1.13,1.097,104,1.09,1.0582,26,1.14,1.1067,3,1.11,1.0776,429,0
IWM191115P158,2019-11-13,2019-11-13 09:33:50,1.13,1.097,104,1.09,1.0582,16,1.14,1.1067,3,1.11,1.0776,429,0
IWM191115P158,2019-11-13,2019-11-13 09:33:50,1.13,1.097,112,1.09,1.0582,9,1.14,1.1067,3,1.11,1.0776,429,0
IWM191115P158,2019-11-13,2019-11-13 09:33:51,1.13,1.097,145,1.09,1.0582,9,1.14,1.1067,3,1.11,1.0776,429,0
IWM191115P158,2019-11-13,2019-11-13 09:33:52,1.13,1.097,145,1.09,1.0582,9,1.14,1.1067,3,1.11,1.0776,429,0
IWM191115P158,2019-11-13,2019-11-13 09:33:52,1.13,1.097,207,1.07,1.0388,130,1.14,1.1067,3,1.1,1.0679,429,0
IWM191115P158,2019-11-13,2019-11-13 09:33:53,1.13,1.097,207,1.07,1.0388,142,1.14,1.1067,3,1.1,1.0679,429,0
IWM191115P158,2019-11-13,2019-11-13 09:33:53,1.11,1.0776,80,1.07,1.0388,16,1.14,1.1067,3,1.09,1.0582,429,0
IWM191115P158,2019-11-13,2019-11-13 09:33:54,1.11,1.0776,155,1.07,1.0388,17,1.14,1.1067,3,1.09,1.0582,429,0
IWM191115P158,2019-11-13,2019-11-13 09:33:54,1.11,1.0776,80,1.07,1.0388,16,1.14,1.1067,3,1.09,1.0582,429,0
IWM191115P158,2019-11-13,2019-11-13 09:33:55,1.11,1.0776,155,1.05,1.0194,32,1.14,1.1067,3,1.08,1.0485,429,0
IWM191115P158,2019-11-13,2019-11-13 09:33:56,1.11,1.0776,235,1.06,1.0291,9,1.14,1.1067,3,1.085,1.0533,429,0
IWM191115P158,2019-11-13,2019-11-13 09:33:56,1.11,1.0776,124,1.06,1.0291,9,1.14,1.1067,3,1.085,1.0533,429,0
IWM191115P158,2019-11-13,2019-11-13 09:33:57,1.11,1.0776,235,1.06,1.0291,9,1.14,1.1067,3,1.085,1.0533,429,0
IWM191115P158,2019-11-13,2019-11-13 09:33:57,1.11,1.0776,239,1.06,1.0291,9,1.14,1.1067,3,1.085,1.0533,429,0
IWM191115P158,2019-11-13,2019-11-13 09:33:58,1.11,1.0776,218,1.06,1.0291,9,1.14,1.1067,3,1.085,1.0533,429,0
IWM191115P158,2019-11-13,2019-11-13 09:33:59,1.11,1.0776,220,1.06,1.0291,4,1.14,1.1067,3,1.085,1.0533,429,0
IWM191115P158,2019-11-13,2019-11-13 09:33:59,1.11,1.0776,221,1.06,1.0291,30,1.14,1.1067,3,1.085,1.0533,429,0
IWM191115P158,2019-11-13,2019-11-13 09:34:00,1.11,1.0776,222,1.06,1.0291,20,1.14,1.1067,3,1.085,1.0533,429,0
IWM191115P158,2019-11-13,2019-11-13 09:34:00,1.11,1.0776,221,1.06,1.0291,30,1.14,1.1067,3,1.085,1.0533,429,0
IWM191115P158,2019-11-13,2019-11-13 09:34:01,1.11,1.0776,222,1.06,1.0291,30,1.14,1.1067,3,1.085,1.0533,429,0
IWM191115P158,2019-11-13,2019-11-13 09:34:01,1.11,1.0776,222,1.05,1.0194,100,1.14,1.1067,3,1.08,1.0485,429,0
IWM191115P158,2019-11-13,2019-11-13 09:34:02,1.11,1.0776,129,1.05,1.0194,130,1.14,1.1067,3,1.08,1.0485,429,0
IWM191115P158,2019-11-13,2019-11-13 09:34:02,1.11,1.0776,120,1.06,1.0291,158,1.14,1.1067,3,1.085,1.0533,429,0
IWM191115P158,2019-11-13,2019-11-13 09:34:03,1.11,1.0776,124,1.07,1.0388,20,1.14,1.1067,3,1.09,1.0582,429,0
IWM191115P158,2019-11-13,2019-11-13 09:34:03,1.11,1.0776,120,1.07,1.0388,20,1.14,1.1067,3,1.09,1.0582,429,0
IWM191115P158,2019-11-13,2019-11-13 09:34:04,1.11,1.0776,139,1.07,1.0388,4,1.14,1.1067,3,1.09,1.0582,429,0
IWM191115P158,2019-11-13,2019-11-13 09:34:04,1.11,1.0776,124,1.07,1.0388,3,1.14,1.1067,3,1.09,1.0582,429,0
IWM191115P158,2019-11-13,2019-11-13 09:34:05,1.11,1.0776,119,1.07,1.0388,20,1.14,1.1067,3,1.09,1.0582,429,0
IWM191115P158,2019-11-13,2019-11-13 09:34:05,1.11,1.0776,108,1.06,1.0291,166,1.14,1.1067,3,1.085,1.0533,429,0
IWM191115P158,2019-11-13,2019-11-13 09:34:06,1.11,1.0776,140,1.07,1.0388,6,1.14,1.1067,3,1.09,1.0582,429,0
IWM191115P158,2019-11-13,2019-11-13 09:34:06,1.11,1.0776,142,1.07,1.0388,20,1.14,1.1067,3,1.09,1.0582,429,0
IWM191115P158,2019-11-13,2019-11-13 09:34:07,1.11,1.0776,140,1.09,1.0582,16,1.14,1.1067,3,1.1,1.0679,429,0
IWM191115P158,2019-11-13,2019-11-13 09:34:07,1.11,1.0776,140,1.07,1.0388,105,1.14,1.1067,3,1.09,1.0582,429,0
IWM191115P158,2019-11-13,2019-11-13 09:34:08,1.11,1.0776,180,1.07,1.0388,115,1.14,1.1067,3,1.09,1.0582,429,0
IWM191115P158,2019-11-13,2019-11-13 09:34:08,1.11,1.0776,76,1.08,1.0485,41,1.14,1.1067,3,1.095,1.0631,429,0
IWM191115P158,2019-11-13,2019-11-13 09:34:09,1.11,1.0776,197,1.08,1.0485,9,1.14,1.1067,3,1.095,1.0631,429,0
IWM191115P158,2019-11-13,2019-11-13 09:34:10,1.09,1.0582,77,1.06,1.0291,113,1.14,1.1067,3,1.075,1.0436,429,0
IWM191115P158,2019-11-13,2019-11-13 09:34:10,1.09,1.0582,20,1.07,1.0388,16,1.14,1.1067,3,1.08,1.0485,429,0
IWM191115P158,2019-11-13,2019-11-13 09:34:11,1.1,1.0679,146,1.07,1.0388,16,1.14,1.1067,3,1.085,1.0533,429,0
IWM191115P158,2019-11-13,2019-11-13 09:34:11,1.09,1.0582,181,1.05,1.0194,128,1.14,1.1067,3,1.07,1.0388,429,0
IWM191115P158,2019-11-13,2019-11-13 09:34:12,1.09,1.0582,76,1.06,1.0291,107,1.14,1.1067,3,1.075,1.0436,429,0
IWM191115P158,2019-11-13,2019-11-13 09:34:12,1.09,1.0582,76,1.06,1.0291,16,1.14,1.1067,3,1.075,1.0436,429,0
IWM191115P158,2019-11-13,2019-11-13 09:34:13,1.09,1.0582,20,1.06,1.0291,102,1.14,1.1067,3,1.075,1.0436,429,0
IWM191115P158,2019-11-13,2019-11-13 09:34:13,1.09,1.0582,88,1.06,1.0291,76,1.14,1.1067,3,1.075,1.0436,429,0
IWM191115P158,2019-11-13,2019-11-13 09:34:14,1.09,1.0582,88,1.06,1.0291,76,1.14,1.1067,3,1.075,1.0436,429,0
IWM191115P158,2019-11-13,2019-11-13 09:34:14,1.09,1.0582,112,1.06,1.0291,103,1.14,1.1067,3,1.075,1.0436,429,0
IWM191115P158,2019-11-13,2019-11-13 09:34:15,1.08,1.0485,75,1.05,1.0194,157,1.14,1.1067,3,1.065,1.0339,429,0
IWM191115P158,2019-11-13,2019-11-13 09:34:15,1.09,1.0582,112,1.05,1.0194,130,1.14,1.1067,3,1.07,1.0388,429,0
IWM191115P158,2019-11-13,2019-11-13 09:34:16,1.07,1.0388,75,1.02,0.9902,114,1.14,1.1067,3,1.045,1.0145,429,0
IWM191115P158,2019-11-13,2019-11-13 09:34:16,1.09,1.0582,16,1.07,1.0388,6,1.14,1.1067,3,1.08,1.0485,429,0
IWM191115P158,2019-11-13,2019-11-13 09:34:17,1.06,1.0291,16,1.03,1.0,87,1.14,1.1067,3,1.045,1.0145,429,0
IWM191115P158,2019-11-13,2019-11-13 09:34:18,1.05,1.0194,76,1.03,1.0,28,1.14,1.1067,3,1.04,1.0097,429,0
IWM191115P158,2019-11-13,2019-11-13 09:34:18,1.05,1.0194,96,1.02,0.9902,16,1.14,1.1067,3,1.035,1.0048,429,0
IWM191115P158,2019-11-13,2019-11-13 09:34:19,1.05,1.0194,113,1.02,0.9902,118,1.14,1.1067,3,1.035,1.0048,429,0
IWM191115P158,2019-11-13,2019-11-13 09:34:19,1.06,1.0291,76,1.03,1.0,83,1.14,1.1067,3,1.045,1.0145,429,0
IWM191115P158,2019-11-13,2019-11-13 09:34:20,1.06,1.0291,76,1.03,1.0,83,1.14,1.1067,3,1.045,1.0145,429,0
IWM191115P158,2019-11-13,2019-11-13 09:34:20,1.06,1.0291,76,1.04,1.0097,107,1.14,1.1067,3,1.05,1.0194,429,0
IWM191115P158,2019-11-13,2019-11-13 09:34:21,1.08,1.0485,76,1.05,1.0194,10,1.14,1.1067,3,1.065,1.0339,429,0
IWM191115P158,2019-11-13,2019-11-13 09:34:21,1.08,1.0485,76,1.04,1.0097,217,1.14,1.1067,3,1.06,1.0291,429,0
IWM191115P158,2019-11-13,2019-11-13 09:34:22,1.08,1.0485,117,1.04,1.0097,115,1.14,1.1067,3,1.06,1.0291,429,0
IWM191115P158,2019-11-13,2019-11-13 09:34:22,1.08,1.0485,139,1.05,1.0194,12,1.14,1.1067,3,1.065,1.0339,429,0
IWM191115P158,2019-11-13,2019-11-13 09:34:23,1.08,1.0485,111,1.06,1.0291,16,1.14,1.1067,3,1.07,1.0388,429,0
IWM191115P158,2019-11-13,2019-11-13 09:34:23,1.08,1.0485,139,1.04,1.0097,40,1.14,1.1067,3,1.06,1.0291,429,0
IWM191115P158,2019-11-13,2019-11-13 09:34:24,1.09,1.0582,141,1.06,1.0291,43,1.14,1.1067,3,1.075,1.0436,429,0
IWM191115P158,2019-11-13,2019-11-13 09:34:24,1.09,1.0582,88,1.06,1.0291,109,1.14,1.1067,3,1.075,1.0436,429,0
IWM191115P158,2019-11-13,2019-11-13 09:34:25,1.08,1.0485,76,1.04,1.0097,123,1.14,1.1067,3,1.06,1.0291,429,0
IWM191115P158,2019-11-13,2019-11-13 09:34:25,1.09,1.0582,166,1.06,1.0291,37,1.14,1.1067,3,1.075,1.0436,429,0
IWM191115P158,2019-11-13,2019-11-13 09:34:26,1.07,1.0388,77,1.04,1.0097,48,1.14,1.1067,3,1.055,1.0242,429,0
IWM191115P158,2019-11-13,2019-11-13 09:34:26,1.07,1.0388,91,1.03,1.0,152,1.14,1.1067,3,1.05,1.0194,429,0
IWM191115P158,2019-11-13,2019-11-13 09:34:27,1.08,1.0485,92,1.04,1.0097,136,1.14,1.1067,3,1.06,1.0291,429,0
IWM191115P158,2019-11-13,2019-11-13 09:34:27,1.08,1.0485,92,1.04,1.0097,93,1.14,1.1067,3,1.06,1.0291,429,0
IWM191115P158,2019-11-13,2019-11-13 09:34:28,1.09,1.0582,128,1.05,1.0194,91,1.14,1.1067,3,1.07,1.0388,429,0
IWM191115P158,2019-11-13,2019-11-13 09:34:28,1.09,1.0582,94,1.06,1.0291,91,1.14,1.1067,3,1.075,1.0436,429,0
IWM191115P158,2019-11-13,2019-11-13 09:34:29,1.08,1.0485,76,1.05,1.0194,107,1.14,1.1067,3,1.065,1.0339,429,0
IWM191115P158,2019-11-13,2019-11-13 09:34:29,1.08,1.0485,33,1.04,1.0097,93,1.14,1.1067,3,1.06,1.0291,429,0
IWM191115P158,2019-11-13,2019-11-13 09:34:30,1.07,1.0388,114,1.04,1.0097,116,1.04,1.0097,5,1.055,1.0242,434,5
IWM191115P158,2019-11-13,2019-11-13 09:34:30,1.09,1.0582,75,1.05,1.0194,115,1.14,1.1067,3,1.07,1.0388,429,0
IWM191115P158,2019-11-13,2019-11-13 09:34:31,1.07,1.0388,114,1.04,1.0097,124,1.04,1.0097,5,1.055,1.0242,434,0
IWM191115P158,2019-11-13,2019-11-13 09:34:31,1.07,1.0388,59,1.04,1.0097,124,1.04,1.0097,5,1.055,1.0242,434,0
IWM191115P158,2019-11-13,2019-11-13 09:34:32,1.07,1.0388,16,1.05,1.0194,24,1.04,1.0097,5,1.06,1.0291,434,0
IWM191115P158,2019-11-13,2019-11-13 09:34:32,1.07,1.0388,59,1.05,1.0194,86,1.04,1.0097,5,1.06,1.0291,434,0
IWM191115P158,2019-11-13,2019-11-13 09:34:33,1.07,1.0388,16,1.05,1.0194,24,1.04,1.0097,5,1.06,1.0291,434,0
IWM191115P158,2019-11-13,2019-11-13 09:34:34,1.07,1.0388,16,1.05,1.0194,24,1.04,1.0097,5,1.06,1.0291,434,0
IWM191115P158,2019-11-13,2019-11-13 09:34:35,1.06,1.0291,79,1.03,1.0,138,1.04,1.0097,5,1.045,1.0145,434,0
IWM191115P158,2019-11-13,2019-11-13 09:34:35,1.06,1.0291,23,1.03,1.0,138,1.04,1.0097,5,1.045,1.0145,434,0
IWM191115P158,2019-11-13,2019-11-13 09:34:36,1.06,1.0291,12,1.04,1.0097,2,1.04,1.0097,5,1.05,1.0194,434,0
IWM191115P158,2019-11-13,2019-11-13 09:34:36,1.07,1.0388,78,1.04,1.0097,135,1.04,1.0097,5,1.055,1.0242,434,0
IWM191115P158,2019-11-13,2019-11-13 09:34:37,1.07,1.0388,78,1.04,1.0097,279,1.04,1.0097,5,1.055,1.0242,434,0
IWM191115P158,2019-11-13,2019-11-13 09:34:37,1.07,1.0388,78,1.04,1.0097,231,1.04,1.0097,5,1.055,1.0242,434,0
IWM191115P158,2019-11-13,2019-11-13 09:34:38,1.07,1.0388,112,1.04,1.0097,279,1.04,1.0097,5,1.055,1.0242,434,0
IWM191115P158,2019-11-13,2019-11-13 09:34:38,1.07,1.0388,87,1.04,1.0097,279,1.04,1.0097,5,1.055,1.0242,434,0
IWM191115P158,2019-11-13,2019-11-13 09:34:39,1.07,1.0388,54,1.04,1.0097,22,1.04,1.0097,5,1.055,1.0242,434,0
IWM191115P158,2019-11-13,2019-11-13 09:34:39,1.07,1.0388,112,1.04,1.0097,279,1.04,1.0097,5,1.055,1.0242,434,0
IWM191115P158,2019-11-13,2019-11-13 09:34:40,1.07,1.0388,140,1.03,1.0,38,1.04,1.0097,5,1.05,1.0194,434,0
IWM191115P158,2019-11-13,2019-11-13 09:34:40,1.04,1.0097,15,1.02,0.9902,75,1.04,1.0097,5,1.03,1.0,434,0
IWM191115P158,2019-11-13,2019-11-13 09:34:41,1.04,1.0097,5,1.01,0.9805,162,1.04,1.0097,5,1.025,0.9951,434,0
IWM191115P158,2019-11-13,2019-11-13 09:34:41,1.03,1.0,15,1.01,0.9805,81,1.04,1.0097,5,1.02,0.9902,434,0
IWM191115P158,2019-11-13,2019-11-13 09:34:42,1.04,1.0097,98,1.01,0.9805,121,1.04,1.0097,5,1.025,0.9951,434,0
IWM191115P158,2019-11-13,2019-11-13 09:34:42,1.04,1.0097,118,1.01,0.9805,177,1.04,1.0097,5,1.025,0.9951,434,0
IWM191115P158,2019-11-13,2019-11-13 09:34:43,1.04,1.0097,41,1.02,0.9902,81,1.04,1.0097,5,1.03,1.0,434,0
IWM191115P158,2019-11-13,2019-11-13 09:34:43,1.04,1.0097,118,1.01,0.9805,160,1.04,1.0097,5,1.025,0.9951,434,0
IWM191115P158,2019-11-13,2019-11-13 09:34:44,1.03,1.0,75,1.0,0.9708,93,1.04,1.0097,5,1.015,0.9854,434,0
IWM191115P158,2019-11-13,2019-11-13 09:34:44,1.04,1.0097,40,1.01,0.9805,83,1.04,1.0097,5,1.025,0.9951,434,0
IWM191115P158,2019-11-13,2019-11-13 09:34:45,1.03,1.0,115,1.0,0.9708,10,1.04,1.0097,5,1.015,0.9854,434,0
IWM191115P158,2019-11-13,2019-11-13 09:34:45,1.03,1.0,75,1.0,0.9708,83,1.04,1.0097,5,1.015,0.9854,434,0
IWM191115P158,2019-11-13,2019-11-13 09:34:46,1.03,1.0,211,0.99,0.9611,83,1.04,1.0097,5,1.01,0.9805,434,0
IWM191115P158,2019-11-13,2019-11-13 09:34:47,1.03,1.0,251,0.99,0.9611,83,1.04,1.0097,5,1.01,0.9805,434,0
IWM191115P158,2019-11-13,2019-11-13 09:34:47,1.01,0.9805,81,0.98,0.9514,93,1.04,1.0097,5,0.995,0.966,434,0
IWM191115P158,2019-11-13,2019-11-13 09:34:48,1.02,0.9902,140,0.99,0.9611,56,0.99,0.9611,10,1.005,0.9757,444,10
IWM191115P158,2019-11-13,2019-11-13 09:34:48,1.01,0.9805,75,0.99,0.9611,83,1.04,1.0097,5,1.0,0.9708,434,0
IWM191115P158,2019-11-13,2019-11-13 09:34:49,1.01,0.9805,9,0.99,0.9611,16,0.99,0.9611,10,1.0,0.9708,444,0
IWM191115P158,2019-11-13,2019-11-13 09:34:50,1.01,0.9805,12,0.99,0.9611,87,0.99,0.9611,10,1.0,0.9708,444,0
IWM191115P158,2019-11-13,2019-11-13 09:34:51,1.0,0.9708,13,0.97,0.9417,131,0.99,0.9611,10,0.985,0.9563,444,0
IWM191115P158,2019-11-13,2019-11-13 09:34:51,1.0,0.9708,74,0.97,0.9417,131,0.99,0.9611,10,0.985,0.9563,444,0
IWM191115P158,2019-11-13,2019-11-13 09:34:52,1.0,0.9708,7,0.98,0.9514,94,0.99,0.9611,10,0.99,0.9611,444,0
IWM191115P158,2019-11-13,2019-11-13 09:34:52,1.0,0.9708,10,0.98,0.9514,94,0.99,0.9611,10,0.99,0.9611,444,0
IWM191115P158,2019-11-13,2019-11-13 09:34:53,1.0,0.9708,58,0.98,0.9514,10,0.99,0.9611,10,0.99,0.9611,444,0
IWM191115P158,2019-11-13,2019-11-13 09:34:53,1.0,0.9708,15,0.98,0.9514,73,0.99,0.9611,10,0.99,0.9611,444,0
IWM191115P158,2019-11-13,2019-11-13 09:34:54,0.99,0.9611,64,0.96,0.932,39,0.98,0.9514,1,0.975,0.9466,445,0
IWM191115P158,2019-11-13,2019-11-13 09:34:54,0.99,0.9611,64,0.96,0.932,106,0.98,0.9514,1,0.975,0.9466,445,1
IWM191115P158,2019-11-13,2019-11-13 09:34:55,0.99,0.9611,134,0.96,0.932,18,0.98,0.9514,1,0.975,0.9466,445,0
IWM191115P158,2019-11-13,2019-11-13 09:34:55,0.99,0.9611,153,0.95,0.9223,116,0.98,0.9514,1,0.97,0.9417,445,0
IWM191115P158,2019-11-13,2019-11-13 09:34:56,0.98,0.9514,38,0.96,0.932,9,0.98,0.9514,1,0.97,0.9417,445,0
IWM191115P158,2019-11-13,2019-11-13 09:34:56,0.98,0.9514,74,0.95,0.9223,123,0.98,0.9514,1,0.965,0.9368,445,0
IWM191115P158,2019-11-13,2019-11-13 09:34:57,0.98,0.9514,149,0.95,0.9223,87,0.98,0.9514,1,0.965,0.9368,445,0
IWM191115P158,2019-11-13,2019-11-13 09:34:57,0.98,0.9514,149,0.96,0.932,9,0.98,0.9514,1,0.97,0.9417,445,0
IWM191115P158,2019-11-13,2019-11-13 09:34:58,0.98,0.9514,149,0.95,0.9223,87,0.98,0.9514,1,0.965,0.9368,445,0
IWM191115P158,2019-11-13,2019-11-13 09:34:58,0.98,0.9514,111,0.95,0.9223,87,0.98,0.9514,1,0.965,0.9368,445,0
IWM191115P158,2019-11-13,2019-11-13 09:34:59,0.98,0.9514,123,0.94,0.9126,102,0.98,0.9514,1,0.96,0.932,445,0
IWM191115P158,2019-11-13,2019-11-13 09:34:59,0.98,0.9514,191,0.94,0.9126,82,0.98,0.9514,1,0.96,0.932,445,0
IWM191115P158,2019-11-13,2019-11-13 09:35:00,0.96,0.932,200,0.93,0.9029,23,0.98,0.9514,1,0.945,0.9174,445,0
IWM191115P158,2019-11-13,2019-11-13 09:35:00,0.98,0.9514,211,0.94,0.9126,82,0.98,0.9514,1,0.96,0.932,445,0
IWM191115P158,2019-11-13,2019-11-13 09:35:01,0.96,0.932,134,0.93,0.9029,116,0.98,0.9514,1,0.945,0.9174,445,0
IWM191115P158,2019-11-13,2019-11-13 09:35:01,0.97,0.9417,54,0.95,0.9223,81,0.98,0.9514,1,0.96,0.932,445,0
IWM191115P158,2019-11-13,2019-11-13 09:35:02,0.98,0.9514,81,0.94,0.9126,92,0.98,0.9514,1,0.96,0.932,445,0
IWM191115P158,2019-11-13,2019-11-13 09:35:03,0.96,0.932,217,0.93,0.9029,21,0.98,0.9514,1,0.945,0.9174,445,0
IWM191115P158,2019-11-13,2019-11-13 09:35:03,0.96,0.932,88,0.93,0.9029,10,0.98,0.9514,1,0.945,0.9174,445,0
IWM191115P158,2019-11-13,2019-11-13 09:35:04,0.95,0.9223,232,0.91,0.8834,99,0.98,0.9514,1,0.93,0.9029,445,0
IWM191115P158,2019-11-13,2019-11-13 09:35:04,0.95,0.9223,109,0.91,0.8834,87,0.98,0.9514,1,0.93,0.9029,445,0
IWM191115P158,2019-11-13,2019-11-13 09:35:05,0.95,0.9223,110,0.91,0.8834,10,0.98,0.9514,1,0.93,0.9029,445,0
IWM191115P158,2019-11-13,2019-11-13 09:35:05,0.95,0.9223,134,0.89,0.864,85,0.98,0.9514,1,0.92,0.8932,445,0
IWM191115P158,2019-11-13,2019-11-13 09:35:06,0.92,0.8932,74,0.89,0.864,76,0.98,0.9514,1,0.905,0.8786,445,0
IWM191115P158,2019-11-13,2019-11-13 09:35:06,0.92,0.8932,49,0.89,0.864,95,0.98,0.9514,1,0.905,0.8786,445,0
IWM191115P158,2019-11-13,2019-11-13 09:35:07,0.92,0.8932,74,0.89,0.864,95,0.98,0.9514,1,0.905,0.8786,445,0
IWM191115P158,2019-11-13,2019-11-13 09:35:07,0.92,0.8932,72,0.89,0.864,25,0.98,0.9514,1,0.905,0.8786,445,0
IWM191115P158,2019-11-13,2019-11-13 09:35:08,0.92,0.8932,49,0.9,0.8737,10,0.98,0.9514,1,0.91,0.8834,445,0
IWM191115P158,2019-11-13,2019-11-13 09:35:08,0.92,0.8932,49,0.9,0.8737,1,0.98,0.9514,1,0.91,0.8834,445,0
IWM191115P158,2019-11-13,2019-11-13 09:35:09,0.92,0.8932,144,0.89,0.864,23,0.98,0.9514,1,0.905,0.8786,445,0
IWM191115P158,2019-11-13,2019-11-13 09:35:10,0.93,0.9029,19,0.89,0.864,75,0.98,0.9514,1,0.91,0.8834,445,0
IWM191115P158,2019-11-13,2019-11-13 09:35:10,0.92,0.8932,65,0.89,0.864,75,0.98,0.9514,1,0.905,0.8786,445,0
IWM191115P158,2019-11-13,2019-11-13 09:35:11,0.92,0.8932,81,0.89,0.864,84,0.98,0.9514,1,0.905,0.8786,445,0
IWM191115P158,2019-11-13,2019-11-13 09:35:11,0.92,0.8932,43,0.9,0.8737,11,0.98,0.9514,1,0.91,0.8834,445,0
IWM191115P158,2019-11-13,2019-11-13 09:35:12,0.92,0.8932,62,0.9,0.8737,17,0.98,0.9514,1,0.91,0.8834,445,0
IWM191115P158,2019-11-13,2019-11-13 09:35:12,0.92,0.8932,77,0.9,0.8737,17,0.98,0.9514,1,0.91,0.8834,445,0
IWM191115P158,2019-11-13,2019-11-13 09:35:13,0.92,0.8932,77,0.89,0.864,92,0.98,0.9514,1,0.905,0.8786,445,0
IWM191115P158,2019-11-13,2019-11-13 09:35:13,0.92,0.8932,94,0.89,0.864,7,0.98,0.9514,1,0.905,0.8786,445,0
IWM191115P158,2019-11-13,2019-11-13 09:35:14,0.92,0.8932,18,0.89,0.864,91,0.98,0.9514,1,0.905,0.8786,445,0
IWM191115P158,2019-11-13,2019-11-13 09:35:14,0.92,0.8932,91,0.89,0.864,107,0.98,0.9514,1,0.905,0.8786,445,0
IWM191115P158,2019-11-13,2019-11-13 09:35:15,0.92,0.8932,18,0.89,0.864,121,0.98,0.9514,1,0.905,0.8786,445,0
IWM191115P158,2019-11-13,2019-11-13 09:35:15,0.92,0.8932,18,0.9,0.8737,17,0.98,0.9514,1,0.91,0.8834,445,0
IWM191115P158,2019-11-13,2019-11-13 09:35:16,0.92,0.8932,73,0.9,0.8737,10,0.98,0.9514,1,0.91,0.8834,445,0
IWM191115P158,2019-11-13,2019-11-13 09:35:16,0.92,0.8932,1,0.9,0.8737,17,0.98,0.9514,1,0.91,0.8834,445,0
IWM191115P158,2019-11-13,2019-11-13 09:35:17,0.89,0.864,73,0.88,0.8543,11,0.98,0.9514,1,0.885,0.8592,445,0
IWM191115P158,2019-11-13,2019-11-13 09:35:17,0.89,0.864,9,0.87,0.8446,47,0.98,0.9514,1,0.88,0.8543,445,0
IWM191115P158,2019-11-13,2019-11-13 09:35:18,0.89,0.864,9,0.86,0.8349,75,0.98,0.9514,1,0.875,0.8495,445,0
IWM191115P158,2019-11-13,2019-11-13 09:35:18,0.89,0.864,9,0.87,0.8446,41,0.98,0.9514,1,0.88,0.8543,445,0
IWM191115P158,2019-11-13,2019-11-13 09:35:19,0.89,0.864,9,0.87,0.8446,130,0.98,0.9514,1,0.88,0.8543,445,0
IWM191115P158,2019-11-13,2019-11-13 09:35:19,0.88,0.8543,73,0.86,0.8349,112,0.98,0.9514,1,0.87,0.8446,445,0
IWM191115P158,2019-11-13,2019-11-13 09:35:20,0.89,0.864,10,0.87,0.8446,112,0.98,0.9514,1,0.88,0.8543,445,0
IWM191115P158,2019-11-13,2019-11-13 09:35:20,0.89,0.864,9,0.88,0.8543,82,0.98,0.9514,1,0.885,0.8592,445,0
IWM191115P158,2019-11-13,2019-11-13 09:35:21,0.89,0.864,9,0.87,0.8446,58,0.98,0.9514,1,0.88,0.8543,445,0
IWM191115P158,2019-11-13,2019-11-13 09:35:22,0.89,0.864,9,0.87,0.8446,149,0.98,0.9514,1,0.88,0.8543,445,0
IWM191115P158,2019-11-13,2019-11-13 09:35:23,0.89,0.864,9,0.87,0.8446,138,0.98,0.9514,1,0.88,0.8543,445,0
IWM191115P158,2019-11-13,2019-11-13 09:35:23,0.89,0.864,9,0.87,0.8446,62,0.98,0.9514,1,0.88,0.8543,445,0
IWM191115P158,2019-11-13,2019-11-13 09:35:24,0.89,0.864,9,0.87,0.8446,205,0.88,0.8543,5,0.88,0.8543,450,5
IWM191115P158,2019-11-13,2019-11-13 09:35:24,0.89,0.864,9,0.88,0.8543,11,0.88,0.8543,5,0.885,0.8592,450,0
IWM191115P158,2019-11-13,2019-11-13 09:35:25,0.9,0.8737,97,0.88,0.8543,30,0.88,0.8543,5,0.89,0.864,450,0
IWM191115P158,2019-11-13,2019-11-13 09:35:25,0.9,0.8737,77,0.88,0.8543,30,0.88,0.8543,5,0.89,0.864,450,0
IWM191115P158,2019-11-13,2019-11-13 09:35:26,0.9,0.8737,80,0.88,0.8543,8,0.88,0.8543,5,0.89,0.864,450,0
IWM191115P158,2019-11-13,2019-11-13 09:35:26,0.91,0.8834,80,0.89,0.864,21,0.88,0.8543,5,0.9,0.8737,450,0
IWM191115P158,2019-11-13,2019-11-13 09:35:27,0.91,0.8834,83,0.89,0.864,17,0.89,0.864,1,0.9,0.8737,451,0
IWM191115P158,2019-11-13,2019-11-13 09:35:27,0.91,0.8834,80,0.89,0.864,17,0.89,0.864,1,0.9,0.8737,451,1
IWM191115P158,2019-11-13,2019-11-13 09:35:28,0.9,0.8737,147,0.87,0.8446,10,0.89,0.864,1,0.885,0.8592,451,0
IWM191115P158,2019-11-13,2019-11-13 09:35:28,0.9,0.8737,233,0.87,0.8446,20,0.89,0.864,1,0.885,0.8592,451,0
IWM191115P158,2019-11-13,2019-11-13 09:35:29,0.89,0.864,88,0.88,0.8543,2,0.89,0.864,1,0.885,0.8592,451,0
IWM191115P158,2019-11-13,2019-11-13 09:35:29,0.89,0.864,105,0.87,0.8446,20,0.89,0.864,1,0.88,0.8543,451,0
IWM191115P158,2019-11-13,2019-11-13 09:35:30,0.9,0.8737,57,0.88,0.8543,21,0.89,0.864,1,0.89,0.864,451,0
IWM191115P158,2019-11-13,2019-11-13 09:35:31,0.9,0.8737,69,0.88,0.8543,94,0.89,0.864,1,0.89,0.864,451,0
IWM191115P158,2019-11-13,2019-11-13 09:35:31,0.91,0.8834,6,0.88,0.8543,94,0.89,0.864,1,0.895,0.8689,451,0
IWM191115P158,2019-11-13,2019-11-13 09:35:32,0.91,0.8834,10,0.89,0.864,134,0.89,0.864,1,0.9,0.8737,451,0
IWM191115P158,2019-11-13,2019-11-13 09:35:32,0.91,0.8834,10,0.89,0.864,143,0.89,0.864,1,0.9,0.8737,451,0
IWM191115P158,2019-11-13,2019-11-13 09:35:33,0.91,0.8834,10,0.89,0.864,134,0.89,0.864,1,0.9,0.8737,451,0
IWM191115P158,2019-11-13,2019-11-13 09:35:34,0.92,0.8932,98,0.9,0.8737,11,0.89,0.864,1,0.91,0.8834,451,0
IWM191115P158,2019-11-13,2019-11-13 09:35:34,0.92,0.8932,74,0.89,0.864,207,0.89,0.864,1,0.905,0.8786,451,0
IWM191115P158,2019-11-13,2019-11-13 09:35:35,0.92,0.8932,69,0.9,0.8737,14,0.89,0.864,1,0.91,0.8834,451,0
IWM191115P158,2019-11-13,2019-11-13 09:35:35,0.92,0.8932,167,0.89,0.864,12,0.89,0.864,1,0.905,0.8786,451,0
IWM191115P158,2019-11-13,2019-11-13 09:35:36,0.93,0.9029,77,0.9,0.8737,26,0.89,0.864,1,0.915,0.8883,451,0
IWM191115P158,2019-11-13,2019-11-13 09:35:36,0.93,0.9029,90,0.89,0.864,103,0.89,0.864,1,0.91,0.8834,451,0
IWM191115P158,2019-11-13,2019-11-13 09:35:37,0.92,0.8932,72,0.9,0.8737,125,0.89,0.864,1,0.91,0.8834,451,0
IWM191115P158,2019-11-13,2019-11-13 09:35:38,0.94,0.9126,87,0.92,0.8932,27,0.89,0.864,1,0.93,0.9029,451,0
IWM191115P158,2019-11-13,2019-11-13 09:35:38,0.94,0.9126,87,0.92,0.8932,10,0.89,0.864,1,0.93,0.9029,451,0
IWM191115P158,2019-11-13,2019-11-13 09:35:39,0.94,0.9126,77,0.92,0.8932,20,0.89,0.864,1,0.93,0.9029,451,0
IWM191115P158,2019-11-13,2019-11-13 09:35:39,0.94,0.9126,71,0.91,0.8834,134,0.89,0.864,1,0.925,0.898,451,0
IWM191115P158,2019-11-13,2019-11-13 09:35:40,0.94,0.9126,77,0.92,0.8932,20,0.89,0.864,1,0.93,0.9029,451,0
IWM191115P158,2019-11-13,2019-11-13 09:35:40,0.94,0.9126,76,0.92,0.8932,84,0.89,0.864,1,0.93,0.9029,451,0
IWM191115P158,2019-11-13,2019-11-13 09:35:41,0.93,0.9029,20,0.92,0.8932,8,0.89,0.864,1,0.925,0.898,451,0
IWM191115P158,2019-11-13,2019-11-13 09:35:41,0.93,0.9029,20,0.91,0.8834,84,0.89,0.864,1,0.92,0.8932,451,0
IWM191115P158,2019-11-13,2019-11-13 09:35:42,0.93,0.9029,113,0.91,0.8834,48,0.89,0.864,1,0.92,0.8932,451,0
IWM191115P158,2019-11-13,2019-11-13 09:35:42,0.93,0.9029,153,0.89,0.864,88,0.89,0.864,1,0.91,0.8834,451,0
IWM191115P158,2019-11-13,2019-11-13 09:35:43,0.92,0.8932,87,0.88,0.8543,102,0.89,0.864,1,0.9,0.8737,451,0
IWM191115P158,2019-11-13,2019-11-13 09:35:44,0.92,0.8932,87,0.88,0.8543,156,0.89,0.864,1,0.9,0.8737,451,0
IWM191115P158,2019-11-13,2019-11-13 09:35:44,0.92,0.8932,87,0.88,0.8543,144,0.89,0.864,1,0.9,0.8737,451,0
IWM191115P158,2019-11-13,2019-11-13 09:35:45,0.9,0.8737,97,0.87,0.8446,148,0.89,0.864,1,0.885,0.8592,451,0
IWM191115P158,2019-11-13,2019-11-13 09:35:45,0.9,0.8737,97,0.88,0.8543,11,0.89,0.864,1,0.89,0.864,451,0
IWM191115P158,2019-11-13,2019-11-13 09:35:46,0.9,0.8737,106,0.87,0.8446,121,0.89,0.864,1,0.885,0.8592,451,0
IWM191115P158,2019-11-13,2019-11-13 09:35:46,0.9,0.8737,130,0.88,0.8543,17,0.89,0.864,1,0.89,0.864,451,0
IWM191115P158,2019-11-13,2019-11-13 09:35:47,0.89,0.864,72,0.87,0.8446,22,0.89,0.864,1,0.88,0.8543,451,0
IWM191115P158,2019-11-13,2019-11-13 09:35:47,0.9,0.8737,130,0.88,0.8543,92,0.89,0.864,1,0.89,0.864,451,0
IWM191115P158,2019-11-13,2019-11-13 09:35:48,0.89,0.864,69,0.87,0.8446,92,0.89,0.864,1,0.88,0.8543,451,0
IWM191115P158,2019-11-13,2019-11-13 09:35:48,0.89,0.864,76,0.87,0.8446,92,0.89,0.864,1,0.88,0.8543,451,0
IWM191115P158,2019-11-13,2019-11-13 09:35:49,0.9,0.8737,96,0.87,0.8446,10,0.89,0.864,1,0.885,0.8592,451,0
IWM191115P158,2019-11-13,2019-11-13 09:35:49,0.89,0.864,135,0.86,0.8349,87,0.89,0.864,1,0.875,0.8495,451,0
IWM191115P158,2019-11-13,2019-11-13 09:35:50,0.89,0.864,135,0.86,0.8349,104,0.89,0.864,1,0.875,0.8495,451,0
IWM191115P158,2019-11-13,2019-11-13 09:35:50,0.89,0.864,135,0.86,0.8349,134,0.89,0.864,1,0.875,0.8495,451,0
IWM191115P158,2019-11-13,2019-11-13 09:35:51,0.89,0.864,112,0.87,0.8446,11,0.89,0.864,1,0.88,0.8543,451,0
IWM191115P158,2019-11-13,2019-11-13 09:35:52,0.89,0.864,88,0.87,0.8446,17,0.89,0.864,1,0.88,0.8543,451,0
IWM191115P158,2019-11-13,2019-11-13 09:35:52,0.89,0.864,112,0.87,0.8446,92,0.89,0.864,1,0.88,0.8543,451,0
IWM191115P158,2019-11-13,2019-11-13 09:35:53,0.89,0.864,113,0.87,0.8446,17,0.89,0.864,1,0.88,0.8543,451,0
IWM191115P158,2019-11-13,2019-11-13 09:35:53,0.89,0.864,113,0.87,0.8446,92,0.89,0.864,1,0.88,0.8543,451,0
IWM191115P158,2019-11-13,2019-11-13 09:35:54,0.91,0.8834,52,0.89,0.864,84,0.89,0.864,1,0.9,0.8737,451,0
IWM191115P158,2019-11-13,2019-11-13 09:35:54,0.89,0.864,113,0.87,0.8446,135,0.89,0.864,1,0.88,0.8543,451,0
IWM191115P158,2019-11-13,2019-11-13 09:35:56,0.91,0.8834,52,0.89,0.864,129,0.89,0.864,1,0.9,0.8737,451,0
IWM191115P158,2019-11-13,2019-11-13 09:35:57,0.91,0.8834,52,0.89,0.864,129,0.89,0.864,1,0.9,0.8737,451,0
IWM191115P158,2019-11-13,2019-11-13 09:36:00,0.91,0.8834,72,0.89,0.864,11,0.89,0.864,1,0.9,0.8737,451,0
IWM191115P158,2019-11-13,2019-11-13 09:36:00,0.9,0.8737,72,0.88,0.8543,61,0.89,0.864,1,0.89,0.864,451,0
IWM191115P158,2019-11-13,2019-11-13 09:36:01,0.91,0.8834,65,0.89,0.864,17,0.89,0.864,1,0.9,0.8737,451,0
IWM191115P158,2019-11-13,2019-11-13 09:36:02,0.91,0.8834,65,0.89,0.864,17,0.89,0.864,1,0.9,0.8737,451,0
IWM191115P158,2019-11-13,2019-11-13 09:36:02,0.9,0.8737,72,0.88,0.8543,113,0.89,0.864,1,0.89,0.864,451,0
IWM191115P158,2019-11-13,2019-11-13 09:36:03,0.91,0.8834,78,0.89,0.864,20,0.89,0.864,1,0.9,0.8737,451,0
IWM191115P158,2019-11-13,2019-11-13 09:36:03,0.91,0.8834,72,0.89,0.864,82,0.89,0.864,1,0.9,0.8737,451,0
IWM191115P158,2019-11-13,2019-11-13 09:36:04,0.91,0.8834,58,0.89,0.864,156,0.89,0.864,1,0.9,0.8737,451,0
IWM191115P158,2019-11-13,2019-11-13 09:36:04,0.91,0.8834,104,0.89,0.864,14,0.89,0.864,1,0.9,0.8737,451,0
IWM191115P158,2019-11-13,2019-11-13 09:36:05,0.91,0.8834,10,0.89,0.864,114,0.89,0.864,1,0.9,0.8737,451,0
IWM191115P158,2019-11-13,2019-11-13 09:36:05,0.91,0.8834,10,0.89,0.864,92,0.89,0.864,1,0.9,0.8737,451,0
IWM191115P158,2019-11-13,2019-11-13 09:36:06,0.91,0.8834,18,0.89,0.864,40,0.89,0.864,1,0.9,0.8737,451,0
IWM191115P158,2019-11-13,2019-11-13 09:36:06,0.91,0.8834,10,0.88,0.8543,135,0.89,0.864,1,0.895,0.8689,451,0
IWM191115P158,2019-11-13,2019-11-13 09:36:07,0.91,0.8834,10,0.89,0.864,114,0.89,0.864,1,0.9,0.8737,451,0
IWM191115P158,2019-11-13,2019-11-13 09:36:13,0.91,0.8834,122,0.89,0.864,44,0.91,0.8834,10,0.9,0.8737,461,10
IWM191115P158,2019-11-13,2019-11-13 09:36:14,0.9,0.8737,95,0.88,0.8543,44,0.91,0.8834,10,0.89,0.864,461,0
IWM191115P158,2019-11-13,2019-11-13 09:36:15,0.9,0.8737,87,0.88,0.8543,28,0.91,0.8834,10,0.89,0.864,461,0
IWM191115P158,2019-11-13,2019-11-13 09:36:15,0.91,0.8834,71,0.88,0.8543,146,0.91,0.8834,10,0.895,0.8689,461,0
IWM191115P158,2019-11-13,2019-11-13 09:36:16,0.91,0.8834,71,0.88,0.8543,154,0.91,0.8834,10,0.895,0.8689,461,0
IWM191115P158,2019-11-13,2019-11-13 09:36:16,0.91,0.8834,111,0.89,0.864,84,0.91,0.8834,10,0.9,0.8737,461,0
IWM191115P158,2019-11-13,2019-11-13 09:36:17,0.92,0.8932,24,0.89,0.864,174,0.91,0.8834,10,0.905,0.8786,461,0
IWM191115P158,2019-11-13,2019-11-13 09:36:17,0.92,0.8932,104,0.9,0.8737,71,0.91,0.8834,10,0.91,0.8834,461,0
IWM191115P158,2019-11-13,2019-11-13 09:36:18,0.92,0.8932,216,0.9,0.8737,60,0.91,0.8834,10,0.91,0.8834,461,0
IWM191115P158,2019-11-13,2019-11-13 09:36:20,0.93,0.9029,74,0.9,0.8737,189,0.91,0.8834,10,0.915,0.8883,461,0
IWM191115P158,2019-11-13,2019-11-13 09:36:21,0.93,0.9029,75,0.91,0.8834,146,0.91,0.8834,10,0.92,0.8932,461,0
IWM191115P158,2019-11-13,2019-11-13 09:36:22,0.93,0.9029,75,0.91,0.8834,146,0.91,0.8834,10,0.92,0.8932,461,0
IWM191115P158,2019-11-13,2019-11-13 09:36:23,0.95,0.9223,69,0.92,0.8932,75,0.91,0.8834,10,0.935,0.9077,461,0
IWM191115P158,2019-11-13,2019-11-13 09:36:23,0.94,0.9126,20,0.91,0.8834,142,0.91,0.8834,10,0.925,0.898,461,0
IWM191115P158,2019-11-13,2019-11-13 09:36:24,0.95,0.9223,69,0.93,0.9029,71,0.91,0.8834,10,0.94,0.9126,461,0
IWM191115P158,2019-11-13,2019-11-13 09:36:24,0.95,0.9223,83,0.93,0.9029,71,0.91,0.8834,10,0.94,0.9126,461,0
IWM191115P158,2019-11-13,2019-11-13 09:36:25,0.95,0.9223,67,0.92,0.8932,113,0.91,0.8834,10,0.935,0.9077,461,0
IWM191115P158,2019-11-13,2019-11-13 09:36:25,0.95,0.9223,83,0.92,0.8932,113,0.91,0.8834,10,0.935,0.9077,461,0
IWM191115P158,2019-11-13,2019-11-13 09:36:26,0.95,0.9223,62,0.93,0.9029,58,0.91,0.8834,10,0.94,0.9126,461,0
IWM191115P158,2019-11-13,2019-11-13 09:36:26,0.95,0.9223,75,0.92,0.8932,101,0.91,0.8834,10,0.935,0.9077,461,0
IWM191115P158,2019-11-13,2019-11-13 09:36:27,0.93,0.9029,62,0.91,0.8834,133,0.91,0.8834,10,0.92,0.8932,461,0
IWM191115P158,2019-11-13,2019-11-13 09:36:27,0.94,0.9126,17,0.91,0.8834,133,0.91,0.8834,10,0.925,0.898,461,0
IWM191115P158,2019-11-13,2019-11-13 09:36:28,0.93,0.9029,74,0.91,0.8834,17,0.91,0.8834,10,0.92,0.8932,461,0
IWM191115P158,2019-11-13,2019-11-13 09:36:28,0.92,0.8932,58,0.91,0.8834,10,0.91,0.8834,30,0.915,0.8883,491,30
IWM191115P158,2019-11-13,2019-11-13 09:36:29,0.93,0.9029,134,0.91,0.8834,10,0.91,0.8834,30,0.92,0.8932,491,0
IWM191115P158,2019-11-13,2019-11-13 09:36:30,0.93,0.9029,88,0.91,0.8834,10,0.91,0.8834,30,0.92,0.8932,491,0
IWM191115P158,2019-11-13,2019-11-13 09:36:30,0.93,0.9029,89,0.91,0.8834,23,0.91,0.8834,30,0.92,0.8932,491,0
IWM191115P158,2019-11-13,2019-11-13 09:36:31,0.93,0.9029,128,0.91,0.8834,23,0.91,0.8834,30,0.92,0.8932,491,0
IWM191115P158,2019-11-13,2019-11-13 09:36:31,0.93,0.9029,128,0.91,0.8834,39,0.91,0.8834,30,0.92,0.8932,491,0
IWM191115P158,2019-11-13,2019-11-13 09:36:32,0.93,0.9029,192,0.91,0.8834,26,0.91,0.8834,30,0.92,0.8932,491,0
IWM191115P158,2019-11-13,2019-11-13 09:36:32,0.93,0.9029,20,0.91,0.8834,50,0.91,0.8834,30,0.92,0.8932,491,0
IWM191115P158,2019-11-13,2019-11-13 09:36:33,0.94,0.9126,104,0.91,0.8834,63,0.91,0.8834,30,0.925,0.898,491,0
IWM191115P158,2019-11-13,2019-11-13 09:36:33,0.94,0.9126,204,0.91,0.8834,50,0.91,0.8834,30,0.925,0.898,491,0
IWM191115P158,2019-11-13,2019-11-13 09:36:34,0.94,0.9126,34,0.92,0.8932,13,0.91,0.8834,30,0.93,0.9029,491,0
IWM191115P158,2019-11-13,2019-11-13 09:36:34,0.94,0.9126,63,0.92,0.8932,52,0.91,0.8834,30,0.93,0.9029,491,0
IWM191115P158,2019-11-13,2019-11-13 09:36:35,0.95,0.9223,63,0.92,0.8932,93,0.91,0.8834,30,0.935,0.9077,491,0
IWM191115P158,2019-11-13,2019-11-13 09:36:35,0.95,0.9223,41,0.92,0.8932,49,0.91,0.8834,30,0.935,0.9077,491,0
IWM191115P158,2019-11-13,2019-11-13 09:36:36,0.95,0.9223,63,0.92,0.8932,93,0.91,0.8834,30,0.935,0.9077,491,0
IWM191115P158,2019-11-13,2019-11-13 09:36:36,0.95,0.9223,54,0.92,0.8932,49,0.91,0.8834,30,0.935,0.9077,491,0
IWM191115P158,2019-11-13,2019-11-13 09:36:37,0.94,0.9126,11,0.92,0.8932,126,0.91,0.8834,30,0.93,0.9029,491,0
IWM191115P158,2019-11-13,2019-11-13 09:36:37,0.94,0.9126,112,0.91,0.8834,36,0.91,0.8834,30,0.925,0.898,491,0
IWM191115P158,2019-11-13,2019-11-13 09:36:38,0.94,0.9126,52,0.92,0.8932,40,0.91,0.8834,30,0.93,0.9029,491,0
IWM191115P158,2019-11-13,2019-11-13 09:36:38,0.94,0.9126,79,0.91,0.8834,167,0.91,0.8834,30,0.925,0.898,491,0
IWM191115P158,2019-11-13,2019-11-13 09:36:39,0.94,0.9126,106,0.91,0.8834,172,0.91,0.8834,30,0.925,0.898,491,0
IWM191115P158,2019-11-13,2019-11-13 09:36:39,0.94,0.9126,30,0.92,0.8932,40,0.91,0.8834,30,0.93,0.9029,491,0
IWM191115P158,2019-11-13,2019-11-13 09:36:40,0.94,0.9126,20,0.91,0.8834,212,0.91,0.8834,30,0.925,0.898,491,0
IWM191115P158,2019-11-13,2019-11-13 09:36:40,0.94,0.9126,106,0.91,0.8834,212,0.91,0.8834,30,0.925,0.898,491,0
IWM191115P158,2019-11-13,2019-11-13 09:36:41,0.95,0.9223,35,0.92,0.8932,134,0.91,0.8834,30,0.935,0.9077,491,0
IWM191115P158,2019-11-13,2019-11-13 09:36:41,0.95,0.9223,31,0.93,0.9029,71,0.91,0.8834,30,0.94,0.9126,491,0
IWM191115P158,2019-11-13,2019-11-13 09:36:42,0.94,0.9126,14,0.92,0.8932,145,0.91,0.8834,30,0.93,0.9029,491,0
IWM191115P158,2019-11-13,2019-11-13 09:36:42,0.94,0.9126,29,0.92,0.8932,146,0.91,0.8834,30,0.93,0.9029,491,0
IWM191115P158,2019-11-13,2019-11-13 09:36:43,0.94,0.9126,14,0.92,0.8932,93,0.91,0.8834,30,0.93,0.9029,491,0
IWM191115P158,2019-11-13,2019-11-13 09:36:44,0.95,0.9223,34,0.92,0.8932,99,0.91,0.8834,30,0.935,0.9077,491,0
IWM191115P158,2019-11-13,2019-11-13 09:36:44,0.94,0.9126,34,0.93,0.9029,31,0.91,0.8834,30,0.935,0.9077,491,0
IWM191115P158,2019-11-13,2019-11-13 09:36:45,0.95,0.9223,60,0.93,0.9029,29,0.91,0.8834,30,0.94,0.9126,491,0
IWM191115P158,2019-11-13,2019-11-13 09:36:45,0.95,0.9223,89,0.93,0.9029,22,0.91,0.8834,30,0.94,0.9126,491,0
IWM191115P158,2019-11-13,2019-11-13 09:36:46,0.94,0.9126,85,0.91,0.8834,19,0.91,0.8834,30,0.925,0.898,491,0
IWM191115P158,2019-11-13,2019-11-13 09:36:46,0.94,0.9126,94,0.92,0.8932,42,0.91,0.8834,30,0.93,0.9029,491,0
IWM191115P158,2019-11-13,2019-11-13 09:36:47,0.94,0.9126,66,0.91,0.8834,160,0.91,0.8834,30,0.925,0.898,491,0
IWM191115P158,2019-11-13,2019-11-13 09:36:47,0.94,0.9126,68,0.92,0.8932,37,0.91,0.8834,30,0.93,0.9029,491,0
IWM191115P158,2019-11-13,2019-11-13 09:36:48,0.94,0.9126,66,0.91,0.8834,182,0.91,0.8834,30,0.925,0.898,491,0
IWM191115P158,2019-11-13,2019-11-13 09:36:48,0.95,0.9223,24,0.93,0.9029,70,0.91,0.8834,30,0.94,0.9126,491,0
IWM191115P158,2019-11-13,2019-11-13 09:36:49,0.96,0.932,74,0.93,0.9029,164,0.91,0.8834,30,0.945,0.9174,491,0
IWM191115P158,2019-11-13,2019-11-13 09:36:49,0.95,0.9223,31,0.93,0.9029,145,0.91,0.8834,30,0.94,0.9126,491,0
IWM191115P158,2019-11-13,2019-11-13 09:36:50,0.96,0.932,54,0.93,0.9029,164,0.91,0.8834,30,0.945,0.9174,491,0
IWM191115P158,2019-11-13,2019-11-13 09:36:50,0.96,0.932,54,0.93,0.9029,161,0.91,0.8834,30,0.945,0.9174,491,0
IWM191115P158,2019-11-13,2019-11-13 09:36:51,0.95,0.9223,44,0.93,0.9029,123,0.91,0.8834,30,0.94,0.9126,491,0
IWM191115P158,2019-11-13,2019-11-13 09:36:51,0.96,0.932,34,0.93,0.9029,123,0.91,0.8834,30,0.945,0.9174,491,0
IWM191115P158,2019-11-13,2019-11-13 09:36:52,0.96,0.932,51,0.93,0.9029,123,0.91,0.8834,30,0.945,0.9174,491,0
IWM191115P158,2019-11-13,2019-11-13 09:36:53,0.95,0.9223,48,0.93,0.9029,93,0.91,0.8834,30,0.94,0.9126,491,0
IWM191115P158,2019-11-13,2019-11-13 09:36:53,0.95,0.9223,68,0.93,0.9029,11,0.91,0.8834,30,0.94,0.9126,491,0
IWM191115P158,2019-11-13,2019-11-13 09:36:54,0.95,0.9223,98,0.93,0.9029,11,0.91,0.8834,30,0.94,0.9126,491,0
IWM191115P158,2019-11-13,2019-11-13 09:36:54,0.95,0.9223,86,0.93,0.9029,19,0.91,0.8834,30,0.94,0.9126,491,0
IWM191115P158,2019-11-13,2019-11-13 09:36:55,0.95,0.9223,86,0.93,0.9029,8,0.91,0.8834,30,0.94,0.9126,491,0
IWM191115P158,2019-11-13,2019-11-13 09:36:56,0.95,0.9223,71,0.93,0.9029,21,0.91,0.8834,30,0.94,0.9126,491,0
IWM191115P158,2019-11-13,2019-11-13 09:36:57,0.95,0.9223,87,0.93,0.9029,20,0.91,0.8834,30,0.94,0.9126,491,0
IWM191115P158,2019-11-13,2019-11-13 09:36:57,0.95,0.9223,87,0.93,0.9029,21,0.91,0.8834,30,0.94,0.9126,491,0
IWM191115P158,2019-11-13,2019-11-13 09:36:58,0.95,0.9223,31,0.93,0.9029,92,0.91,0.8834,30,0.94,0.9126,491,0
IWM191115P158,2019-11-13,2019-11-13 09:36:58,0.96,0.932,69,0.93,0.9029,92,0.91,0.8834,30,0.945,0.9174,491,0
IWM191115P158,2019-11-13,2019-11-13 09:36:59,0.95,0.9223,31,0.93,0.9029,115,0.91,0.8834,30,0.94,0.9126,491,0
IWM191115P158,2019-11-13,2019-11-13 09:36:59,0.95,0.9223,31,0.93,0.9029,78,0.91,0.8834,30,0.94,0.9126,491,0
IWM191115P158,2019-11-13,2019-11-13 09:37:00,0.96,0.932,115,0.93,0.9029,78,0.91,0.8834,30,0.945,0.9174,491,0
IWM191115P158,2019-11-13,2019-11-13 09:37:00,0.96,0.932,73,0.93,0.9029,78,0.91,0.8834,30,0.945,0.9174,491,0
IWM191115P158,2019-11-13,2019-11-13 09:37:01,0.95,0.9223,97,0.93,0.9029,19,0.91,0.8834,30,0.94,0.9126,491,0
IWM191115P158,2019-11-13,2019-11-13 09:37:01,0.96,0.932,121,0.93,0.9029,36,0.91,0.8834,30,0.945,0.9174,491,0
IWM191115P158,2019-11-13,2019-11-13 09:37:02,0.95,0.9223,97,0.93,0.9029,13,0.91,0.8834,30,0.94,0.9126,491,0
IWM191115P158,2019-11-13,2019-11-13 09:37:02,0.96,0.932,125,0.91,0.8834,93,0.93,0.9029,11,0.935,0.9077,502,11
IWM191115P158,2019-11-13,2019-11-13 09:37:03,0.94,0.9126,26,0.92,0.8932,77,0.93,0.9029,11,0.93,0.9029,502,0
IWM191115P158,2019-11-13,2019-11-13 09:37:03,0.94,0.9126,49,0.92,0.8932,77,0.93,0.9029,11,0.93,0.9029,502,0
IWM191115P158,2019-11-13,2019-11-13 09:37:04,0.94,0.9126,65,0.92,0.8932,77,0.93,0.9029,11,0.93,0.9029,502,0
IWM191115P158,2019-11-13,2019-11-13 09:37:04,0.95,0.9223,60,0.93,0.9029,18,0.93,0.9029,11,0.94,0.9126,502,0
IWM191115P158,2019-11-13,2019-11-13 09:37:05,0.95,0.9223,89,0.93,0.9029,18,0.93,0.9029,11,0.94,0.9126,502,0
IWM191115P158,2019-11-13,2019-11-13 09:37:05,0.94,0.9126,11,0.92,0.8932,75,0.93,0.9029,11,0.93,0.9029,502,0
IWM191115P158,2019-11-13,2019-11-13 09:37:06,0.94,0.9126,42,0.92,0.8932,14,0.93,0.9029,11,0.93,0.9029,502,0
IWM191115P158,2019-11-13,2019-11-13 09:37:06,0.94,0.9126,20,0.92,0.8932,76,0.93,0.9029,11,0.93,0.9029,502,0
IWM191115P158,2019-11-13,2019-11-13 09:37:07,0.94,0.9126,65,0.91,0.8834,111,0.93,0.9029,11,0.925,0.898,502,0
IWM191115P158,2019-11-13,2019-11-13 09:37:08,0.94,0.9126,94,0.91,0.8834,127,0.93,0.9029,11,0.925,0.898,502,0
IWM191115P158,2019-11-13,2019-11-13 09:37:08,0.94,0.9126,94,0.91,0.8834,123,0.93,0.9029,11,0.925,0.898,502,0
IWM191115P158,2019-11-13,2019-11-13 09:37:09,0.94,0.9126,74,0.92,0.8932,49,0.93,0.9029,11,0.93,0.9029,502,0
IWM191115P158,2019-11-13,2019-11-13 09:37:09,0.94,0.9126,94,0.91,0.8834,127,0.93,0.9029,11,0.925,0.898,502,0
IWM191115P158,2019-11-13,2019-11-13 09:37:10,0.94,0.9126,5,0.92,0.8932,97,0.93,0.9029,11,0.93,0.9029,502,0
IWM191115P158,2019-11-13,2019-11-13 09:37:10,0.94,0.9126,43,0.92,0.8932,22,0.93,0.9029,11,0.93,0.9029,502,0
IWM191115P158,2019-11-13,2019-11-13 09:37:11,0.94,0.9126,65,0.91,0.8834,116,0.93,0.9029,11,0.925,0.898,502,0
IWM191115P158,2019-11-13,2019-11-13 09:37:11,0.94,0.9126,25,0.92,0.8932,97,0.93,0.9029,11,0.93,0.9029,502,0
IWM191115P158,2019-11-13,2019-11-13 09:37:12,0.93,0.9029,31,0.91,0.8834,93,0.93,0.9029,11,0.92,0.8932,502,0
IWM191115P158,2019-11-13,2019-11-13 09:37:12,0.94,0.9126,65,0.91,0.8834,93,0.93,0.9029,11,0.925,0.898,502,0
IWM191115P158,2019-11-13,2019-11-13 09:37:13,0.93,0.9029,55,0.91,0.8834,94,0.93,0.9029,11,0.92,0.8932,502,0
IWM191115P158,2019-11-13,2019-11-13 09:37:13,0.93,0.9029,55,0.92,0.8932,21,0.93,0.9029,11,0.925,0.898,502,0
IWM191115P158,2019-11-13,2019-11-13 09:37:14,0.92,0.8932,35,0.9,0.8737,94,0.93,0.9029,11,0.91,0.8834,502,0
IWM191115P158,2019-11-13,2019-11-13 09:37:14,0.92,0.8932,55,0.9,0.8737,5,0.93,0.9029,11,0.91,0.8834,502,0
IWM191115P158,2019-11-13,2019-11-13 09:37:15,0.91,0.8834,49,0.89,0.864,91,0.93,0.9029,11,0.9,0.8737,502,0
IWM191115P158,2019-11-13,2019-11-13 09:37:15,0.92,0.8932,76,0.88,0.8543,126,0.93,0.9029,11,0.9,0.8737,502,0
IWM191115P158,2019-11-13,2019-11-13 09:37:16,0.91,0.8834,54,0.89,0.864,91,0.93,0.9029,11,0.9,0.8737,502,0
IWM191115P158,2019-11-13,2019-11-13 09:37:16,0.91,0.8834,49,0.89,0.864,91,0.93,0.9029,11,0.9,0.8737,502,0
IWM191115P158,2019-11-13,2019-11-13 09:37:17,0.91,0.8834,56,0.88,0.8543,88,0.93,0.9029,11,0.895,0.8689,502,0
IWM191115P158,2019-11-13,2019-11-13 09:37:18,0.9,0.8737,67,0.88,0.8543,5,0.93,0.9029,11,0.89,0.864,502,0
IWM191115P158,2019-11-13,2019-11-13 09:37:18,0.91,0.8834,80,0.88,0.8543,91,0.93,0.9029,11,0.895,0.8689,502,0
IWM191115P158,2019-11-13,2019-11-13 09:37:19,0.89,0.864,68,0.87,0.8446,76,0.93,0.9029,11,0.88,0.8543,502,0
IWM191115P158,2019-11-13,2019-11-13 09:37:19,0.9,0.8737,67,0.88,0.8543,40,0.93,0.9029,11,0.89,0.864,502,0
IWM191115P158,2019-11-13,2019-11-13 09:37:20,0.89,0.864,112,0.86,0.8349,124,0.93,0.9029,11,0.875,0.8495,502,0
IWM191115P158,2019-11-13,2019-11-13 09:37:20,0.89,0.864,99,0.87,0.8446,10,0.93,0.9029,11,0.88,0.8543,502,0
IWM191115P158,2019-11-13,2019-11-13 09:37:21,0.88,0.8543,30,0.86,0.8349,112,0.93,0.9029,11,0.87,0.8446,502,0
IWM191115P158,2019-11-13,2019-11-13 09:37:21,0.88,0.8543,50,0.86,0.8349,11,0.93,0.9029,11,0.87,0.8446,502,0
IWM191115P158,2019-11-13,2019-11-13 09:37:22,0.88,0.8543,41,0.86,0.8349,18,0.93,0.9029,11,0.87,0.8446,502,0
IWM191115P158,2019-11-13,2019-11-13 09:37:22,0.88,0.8543,50,0.86,0.8349,18,0.93,0.9029,11,0.87,0.8446,502,0
IWM191115P158,2019-11-13,2019-11-13 09:37:23,0.88,0.8543,63,0.86,0.8349,10,0.93,0.9029,11,0.87,0.8446,502,0
IWM191115P158,2019-11-13,2019-11-13 09:37:23,0.88,0.8543,41,0.86,0.8349,18,0.93,0.9029,11,0.87,0.8446,502,0
IWM191115P158,2019-11-13,2019-11-13 09:37:24,0.88,0.8543,85,0.86,0.8349,10,0.93,0.9029,11,0.87,0.8446,502,0
IWM191115P158,2019-11-13,2019-11-13 09:37:24,0.88,0.8543,63,0.86,0.8349,20,0.93,0.9029,11,0.87,0.8446,502,0
IWM191115P158,2019-11-13,2019-11-13 09:37:25,0.88,0.8543,35,0.86,0.8349,10,0.86,0.8349,100,0.87,0.8446,602,0
IWM191115P158,2019-11-13,2019-11-13 09:37:25,0.88,0.8543,35,0.86,0.8349,10,0.86,0.8349,100,0.87,0.8446,602,100
IWM191115P158,2019-11-13,2019-11-13 09:37:26,0.88,0.8543,35,0.86,0.8349,82,0.86,0.8349,100,0.87,0.8446,602,0
IWM191115P158,2019-11-13,2019-11-13 09:37:26,0.89,0.864,74,0.87,0.8446,1,0.86,0.8349,100,0.88,0.8543,602,0
IWM191115P158,2019-11-13,2019-11-13 09:37:27,0.88,0.8543,46,0.86,0.8349,61,0.86,0.8349,100,0.87,0.8446,602,0
IWM191115P158,2019-11-13,2019-11-13 09:37:27,0.88,0.8543,46,0.86,0.8349,18,0.86,0.8349,100,0.87,0.8446,602,0
IWM191115P158,2019-11-13,2019-11-13 09:37:28,0.88,0.8543,118,0.85,0.8252,18,0.86,0.8349,100,0.865,0.8398,602,0
IWM191115P158,2019-11-13,2019-11-13 09:37:28,0.87,0.8446,69,0.85,0.8252,18,0.86,0.8349,100,0.86,0.8349,602,0
IWM191115P158,2019-11-13,2019-11-13 09:37:29,0.87,0.8446,73,0.85,0.8252,18,0.86,0.8349,100,0.86,0.8349,602,0
IWM191115P158,2019-11-13,2019-11-13 09:37:29,0.87,0.8446,26,0.85,0.8252,18,0.86,0.8349,100,0.86,0.8349,602,0
IWM191115P158,2019-11-13,2019-11-13 09:37:30,0.87,0.8446,18,0.85,0.8252,76,0.86,0.8349,100,0.86,0.8349,602,0
IWM191115P158,2019-11-13,2019-11-13 09:37:31,0.88,0.8543,36,0.85,0.8252,78,0.86,0.8349,100,0.865,0.8398,602,0
IWM191115P158,2019-11-13,2019-11-13 09:37:31,0.88,0.8543,34,0.85,0.8252,78,0.86,0.8349,100,0.865,0.8398,602,0
IWM191115P158,2019-11-13,2019-11-13 09:37:32,0.88,0.8543,34,0.86,0.8349,75,0.87,0.8446,10,0.87,0.8446,612,10
IWM191115P158,2019-11-13,2019-11-13 09:37:33,0.88,0.8543,18,0.85,0.8252,91,0.87,0.8446,10,0.865,0.8398,612,0
IWM191115P158,2019-11-13,2019-11-13 09:37:33,0.88,0.8543,50,0.86,0.8349,10,0.87,0.8446,10,0.87,0.8446,612,0
IWM191115P158,2019-11-13,2019-11-13 09:37:34,0.89,0.864,79,0.86,0.8349,84,0.87,0.8446,10,0.875,0.8495,612,0
IWM191115P158,2019-11-13,2019-11-13 09:37:34,0.88,0.8543,24,0.86,0.8349,20,0.87,0.8446,10,0.87,0.8446,612,0
IWM191115P158,2019-11-13,2019-11-13 09:37:35,0.88,0.8543,11,0.86,0.8349,130,0.87,0.8446,10,0.87,0.8446,612,0
IWM191115P158,2019-11-13,2019-11-13 09:37:35,0.89,0.864,46,0.86,0.8349,130,0.87,0.8446,10,0.875,0.8495,612,0
IWM191115P158,2019-11-13,2019-11-13 09:37:36,0.89,0.864,69,0.87,0.8446,18,0.87,0.8446,10,0.88,0.8543,612,0
IWM191115P158,2019-11-13,2019-11-13 09:37:36,0.89,0.864,106,0.87,0.8446,10,0.87,0.8446,10,0.88,0.8543,612,0
IWM191115P158,2019-11-13,2019-11-13 09:37:37,0.89,0.864,32,0.87,0.8446,112,0.87,0.8446,10,0.88,0.8543,612,0
IWM191115P158,2019-11-13,2019-11-13 09:37:37,0.89,0.864,89,0.87,0.8446,22,0.87,0.8446,10,0.88,0.8543,612,0
IWM191115P158,2019-11-13,2019-11-13 09:37:38,0.9,0.8737,18,0.88,0.8543,100,0.87,0.8446,10,0.89,0.864,612,0
IWM191115P158,2019-11-13,2019-11-13 09:37:38,0.9,0.8737,11,0.88,0.8543,42,0.87,0.8446,10,0.89,0.864,612,0
IWM191115P158,2019-11-13,2019-11-13 09:37:39,0.9,0.8737,18,0.87,0.8446,120,0.87,0.8446,10,0.885,0.8592,612,0
IWM191115P158,2019-11-13,2019-11-13 09:37:39,0.9,0.8737,204,0.86,0.8349,128,0.87,0.8446,10,0.88,0.8543,612,0
IWM191115P158,2019-11-13,2019-11-13 09:37:40,0.88,0.8543,88,0.86,0.8349,23,0.87,0.8446,10,0.87,0.8446,612,0
IWM191115P158,2019-11-13,2019-11-13 09:37:40,0.88,0.8543,68,0.86,0.8349,23,0.87,0.8446,10,0.87,0.8446,612,0
IWM191115P158,2019-11-13,2019-11-13 09:37:41,0.88,0.8543,88,0.86,0.8349,21,0.87,0.8446,10,0.87,0.8446,612,0
IWM191115P158,2019-11-13,2019-11-13 09:37:42,0.88,0.8543,78,0.86,0.8349,20,0.87,0.8446,10,0.87,0.8446,612,0
IWM191115P158,2019-11-13,2019-11-13 09:37:42,0.88,0.8543,63,0.86,0.8349,19,0.87,0.8446,10,0.87,0.8446,612,0
IWM191115P158,2019-11-13,2019-11-13 09:37:43,0.88,0.8543,78,0.86,0.8349,20,0.87,0.8446,10,0.87,0.8446,612,0
IWM191115P158,2019-11-13,2019-11-13 09:37:43,0.88,0.8543,78,0.86,0.8349,18,0.87,0.8446,10,0.87,0.8446,612,0
IWM191115P158,2019-11-13,2019-11-13 09:37:44,0.88,0.8543,78,0.86,0.8349,20,0.87,0.8446,10,0.87,0.8446,612,0
IWM191115P158,2019-11-13,2019-11-13 09:37:45,0.88,0.8543,19,0.86,0.8349,26,0.87,0.8446,10,0.87,0.8446,612,0
IWM191115P158,2019-11-13,2019-11-13 09:37:46,0.88,0.8543,21,0.86,0.8349,20,0.87,0.8446,10,0.87,0.8446,612,0
IWM191115P158,2019-11-13,2019-11-13 09:37:46,0.88,0.8543,39,0.86,0.8349,20,0.87,0.8446,10,0.87,0.8446,612,0
IWM191115P158,2019-11-13,2019-11-13 09:37:47,0.88,0.8543,18,0.86,0.8349,48,0.87,0.8446,10,0.87,0.8446,612,0
IWM191115P158,2019-11-13,2019-11-13 09:37:47,0.89,0.864,81,0.86,0.8349,122,0.87,0.8446,10,0.875,0.8495,612,0
IWM191115P158,2019-11-13,2019-11-13 09:37:48,0.88,0.8543,69,0.86,0.8349,20,0.87,0.8446,10,0.87,0.8446,612,0
IWM191115P158,2019-11-13,2019-11-13 09:37:48,0.88,0.8543,18,0.86,0.8349,20,0.87,0.8446,10,0.87,0.8446,612,0
IWM191115P158,2019-11-13,2019-11-13 09:37:49,0.91,0.8834,76,0.88,0.8543,110,0.87,0.8446,10,0.895,0.8689,612,0
IWM191115P158,2019-11-13,2019-11-13 09:37:49,0.92,0.8932,115,0.88,0.8543,110,0.87,0.8446,10,0.9,0.8737,612,0
IWM191115P158,2019-11-13,2019-11-13 09:37:50,0.91,0.8834,69,0.89,0.864,67,0.87,0.8446,10,0.9,0.8737,612,0
IWM191115P158,2019-11-13,2019-11-13 09:37:51,0.91,0.8834,69,0.89,0.864,42,0.87,0.8446,10,0.9,0.8737,612,0
IWM191115P158,2019-11-13,2019-11-13 09:37:51,0.91,0.8834,81,0.89,0.864,42,0.87,0.8446,10,0.9,0.8737,612,0
IWM191115P158,2019-11-13,2019-11-13 09:37:52,0.9,0.8737,11,0.89,0.864,20,0.87,0.8446,10,0.895,0.8689,612,0
IWM191115P158,2019-11-13,2019-11-13 09:37:52,0.91,0.8834,49,0.89,0.864,47,0.87,0.8446,10,0.9,0.8737,612,0
IWM191115P158,2019-11-13,2019-11-13 09:37:53,0.9,0.8737,11,0.89,0.864,20,0.87,0.8446,10,0.895,0.8689,612,0
IWM191115P158,2019-11-13,2019-11-13 09:37:53,0.91,0.8834,17,0.89,0.864,142,0.87,0.8446,10,0.9,0.8737,612,0
IWM191115P158,2019-11-13,2019-11-13 09:37:54,0.91,0.8834,8,0.89,0.864,231,0.87,0.8446,10,0.9,0.8737,612,0
IWM191115P158,2019-11-13,2019-11-13 09:37:55,0.92,0.8932,67,0.89,0.864,231,0.87,0.8446,10,0.905,0.8786,612,0
IWM191115P158,2019-11-13,2019-11-13 09:37:55,0.92,0.8932,66,0.89,0.864,231,0.87,0.8446,10,0.905,0.8786,612,0
IWM191115P158,2019-11-13,2019-11-13 09:37:56,0.91,0.8834,8,0.9,0.8737,20,0.87,0.8446,10,0.905,0.8786,612,0
IWM191115P158,2019-11-13,2019-11-13 09:37:57,0.91,0.8834,20,0.89,0.864,88,0.87,0.8446,10,0.9,0.8737,612,0
IWM191115P158,2019-11-13,2019-11-13 09:37:57,0.91,0.8834,13,0.89,0.864,88,0.87,0.8446,10,0.9,0.8737,612,0
IWM191115P158,2019-11-13,2019-11-13 09:37:58,0.93,0.9029,51,0.89,0.864,95,0.87,0.8446,10,0.91,0.8834,612,0
IWM191115P158,2019-11-13,2019-11-13 09:37:59,0.92,0.8932,1,0.9,0.8737,76,0.87,0.8446,10,0.91,0.8834,612,0
IWM191115P158,2019-11-13,2019-11-13 09:37:59,0.92,0.8932,32,0.9,0.8737,142,0.87,0.8446,10,0.91,0.8834,612,0
IWM191115P158,2019-11-13,2019-11-13 09:38:00,0.92,0.8932,1,0.91,0.8834,13,0.87,0.8446,10,0.915,0.8883,612,0
IWM191115P158,2019-11-13,2019-11-13 09:38:00,0.92,0.8932,1,0.91,0.8834,46,0.87,0.8446,10,0.915,0.8883,612,0
IWM191115P158,2019-11-13,2019-11-13 09:38:01,0.92,0.8932,1,0.91,0.8834,107,0.87,0.8446,10,0.915,0.8883,612,0
IWM191115P158,2019-11-13,2019-11-13 09:38:01,0.93,0.9029,34,0.91,0.8834,142,0.87,0.8446,10,0.92,0.8932,612,0
IWM191115P158,2019-11-13,2019-11-13 09:38:02,0.93,0.9029,40,0.91,0.8834,42,0.87,0.8446,10,0.92,0.8932,612,0
IWM191115P158,2019-11-13,2019-11-13 09:38:02,0.94,0.9126,45,0.91,0.8834,125,0.87,0.8446,10,0.925,0.898,612,0
IWM191115P158,2019-11-13,2019-11-13 09:38:03,0.95,0.9223,33,0.92,0.8932,130,0.87,0.8446,10,0.935,0.9077,612,0
IWM191115P158,2019-11-13,2019-11-13 09:38:03,0.95,0.9223,33,0.93,0.9029,110,0.87,0.8446,10,0.94,0.9126,612,0
IWM191115P158,2019-11-13,2019-11-13 09:38:04,0.95,0.9223,47,0.93,0.9029,22,0.87,0.8446,10,0.94,0.9126,612,0
IWM191115P158,2019-11-13,2019-11-13 09:38:04,0.95,0.9223,33,0.93,0.9029,135,0.87,0.8446,10,0.94,0.9126,612,0
IWM191115P158,2019-11-13,2019-11-13 09:38:05,0.94,0.9126,32,0.92,0.8932,114,0.87,0.8446,10,0.93,0.9029,612,0
IWM191115P158,2019-11-13,2019-11-13 09:38:05,0.95,0.9223,87,0.92,0.8932,114,0.87,0.8446,10,0.935,0.9077,612,0
IWM191115P158,2019-11-13,2019-11-13 09:38:06,0.94,0.9126,8,0.92,0.8932,114,0.87,0.8446,10,0.93,0.9029,612,0
IWM191115P158,2019-11-13,2019-11-13 09:38:07,0.94,0.9126,8,0.92,0.8932,102,0.87,0.8446,10,0.93,0.9029,612,0
IWM191115P158,2019-11-13,2019-11-13 09:38:07,0.95,0.9223,23,0.93,0.9029,180,0.87,0.8446,10,0.94,0.9126,612,0
IWM191115P158,2019-11-13,2019-11-13 09:38:08,0.95,0.9223,35,0.93,0.9029,47,0.87,0.8446,10,0.94,0.9126,612,0
IWM191115P158,2019-11-13,2019-11-13 09:38:08,0.96,0.932,69,0.94,0.9126,52,0.87,0.8446,10,0.95,0.9223,612,0
IWM191115P158,2019-11-13,2019-11-13 09:38:09,0.96,0.932,55,0.94,0.9126,52,0.87,0.8446,10,0.95,0.9223,612,0
IWM191115P158,2019-11-13,2019-11-13 09:38:10,0.95,0.9223,11,0.93,0.9029,106,0.87,0.8446,10,0.94,0.9126,612,0
IWM191115P158,2019-11-13,2019-11-13 09:38:10,0.96,0.932,55,0.93,0.9029,120,0.87,0.8446,10,0.945,0.9174,612,0
IWM191115P158,2019-11-13,2019-11-13 09:38:11,0.94,0.9126,89,0.91,0.8834,136,0.87,0.8446,10,0.925,0.898,612,0
IWM191115P158,2019-11-13,2019-11-13 09:38:11,0.95,0.9223,11,0.93,0.9029,106,0.87,0.8446,10,0.94,0.9126,612,0
IWM191115P158,2019-11-13,2019-11-13 09:38:12,0.94,0.9126,58,0.92,0.8932,23,0.87,0.8446,10,0.93,0.9029,612,0
IWM191115P158,2019-11-13,2019-11-13 09:38:13,0.94,0.9126,104,0.92,0.8932,23,0.87,0.8446,10,0.93,0.9029,612,0
IWM191115P158,2019-11-13,2019-11-13 09:38:14,0.95,0.9223,93,0.93,0.9029,3,0.92,0.8932,3,0.94,0.9126,622,0
IWM191115P158,2019-11-13,2019-11-13 09:38:14,0.94,0.9126,27,0.93,0.9029,3,0.92,0.8932,3,0.935,0.9077,622,10
IWM191115P158,2019-11-13,2019-11-13 09:38:15,0.95,0.9223,88,0.93,0.9029,27,0.92,0.8932,3,0.94,0.9126,622,0
IWM191115P158,2019-11-13,2019-11-13 09:38:16,0.95,0.9223,92,0.93,0.9029,6,0.92,0.8932,3,0.94,0.9126,622,0
IWM191115P158,2019-11-13,2019-11-13 09:38:16,0.94,0.9126,76,0.92,0.8932,43,0.92,0.8932,3,0.93,0.9029,622,0
IWM191115P158,2019-11-13,2019-11-13 09:38:17,0.94,0.9126,123,0.92,0.8932,43,0.92,0.8932,3,0.93,0.9029,622,0
IWM191115P158,2019-11-13,2019-11-13 09:38:17,0.94,0.9126,126,0.91,0.8834,16,0.92,0.8932,3,0.925,0.898,622,0
IWM191115P158,2019-11-13,2019-11-13 09:38:18,0.93,0.9029,75,0.91,0.8834,17,0.92,0.8932,3,0.92,0.8932,622,0
IWM191115P158,2019-11-13,2019-11-13 09:38:18,0.94,0.9126,82,0.91,0.8834,17,0.92,0.8932,3,0.925,0.898,622,0
IWM191115P158,2019-11-13,2019-11-13 09:38:19,0.94,0.9126,82,0.91,0.8834,132,0.92,0.8932,3,0.925,0.898,622,0
IWM191115P158,2019-11-13,2019-11-13 09:38:20,0.94,0.9126,82,0.91,0.8834,132,0.92,0.8932,3,0.925,0.898,622,0
IWM191115P158,2019-11-13,2019-11-13 09:38:21,0.93,0.9029,64,0.91,0.8834,18,0.92,0.8932,3,0.92,0.8932,622,0
IWM191115P158,2019-11-13,2019-11-13 09:38:22,0.93,0.9029,107,0.91,0.8834,18,0.92,0.8932,3,0.92,0.8932,622,0
IWM191115P158,2019-11-13,2019-11-13 09:38:22,0.93,0.9029,86,0.92,0.8932,14,0.92,0.8932,3,0.925,0.898,622,0
IWM191115P158,2019-11-13,2019-11-13 09:38:23,0.92,0.8932,42,0.9,0.8737,24,0.92,0.8932,3,0.91,0.8834,622,0
IWM191115P158,2019-11-13,2019-11-13 09:38:23,0.93,0.9029,34,0.92,0.8932,14,0.92,0.8932,3,0.925,0.898,622,0
IWM191115P158,2019-11-13,2019-11-13 09:38:24,0.92,0.8932,14,0.9,0.8737,30,0.92,0.8932,3,0.91,0.8834,622,0
IWM191115P158,2019-11-13,2019-11-13 09:38:24,0.92,0.8932,18,0.9,0.8737,24,0.92,0.8932,3,0.91,0.8834,622,0
IWM191115P158,2019-11-13,2019-11-13 09:38:25,0.91,0.8834,1,0.9,0.8737,31,0.91,0.8834,8,0.905,0.8786,630,8
IWM191115P158,2019-11-13,2019-11-13 09:38:25,0.91,0.8834,1,0.9,0.8737,25,0.91,0.8834,8,0.905,0.8786,630,0
IWM191115P158,2019-11-13,2019-11-13 09:38:26,0.92,0.8932,59,0.9,0.8737,25,0.91,0.8834,8,0.91,0.8834,630,0
IWM191115P158,2019-11-13,2019-11-13 09:38:27,0.92,0.8932,42,0.9,0.8737,25,0.91,0.8834,8,0.91,0.8834,630,0
IWM191115P158,2019-11-13,2019-11-13 09:38:27,0.92,0.8932,27,0.9,0.8737,13,0.91,0.8834,8,0.91,0.8834,630,0
IWM191115P158,2019-11-13,2019-11-13 09:38:28,0.92,0.8932,76,0.9,0.8737,25,0.91,0.8834,8,0.91,0.8834,630,0
IWM191115P158,2019-11-13,2019-11-13 09:38:28,0.92,0.8932,68,0.9,0.8737,25,0.91,0.8834,8,0.91,0.8834,630,0
IWM191115P158,2019-11-13,2019-11-13 09:38:29,0.92,0.8932,43,0.9,0.8737,10,0.91,0.8834,8,0.91,0.8834,630,0
IWM191115P158,2019-11-13,2019-11-13 09:38:29,0.92,0.8932,54,0.9,0.8737,20,0.91,0.8834,8,0.91,0.8834,630,0
IWM191115P158,2019-11-13,2019-11-13 09:38:30,0.92,0.8932,52,0.9,0.8737,30,0.91,0.8834,8,0.91,0.8834,630,0
IWM191115P158,2019-11-13,2019-11-13 09:38:30,0.92,0.8932,18,0.91,0.8834,2,0.91,0.8834,8,0.915,0.8883,630,0
IWM191115P158,2019-11-13,2019-11-13 09:38:31,0.93,0.9029,67,0.91,0.8834,13,0.91,0.8834,8,0.92,0.8932,630,0
IWM191115P158,2019-11-13,2019-11-13 09:38:31,0.93,0.9029,85,0.9,0.8737,100,0.91,0.8834,8,0.915,0.8883,630,0
IWM191115P158,2019-11-13,2019-11-13 09:38:32,0.93,0.9029,96,0.91,0.8834,14,0.91,0.8834,8,0.92,0.8932,630,0
IWM191115P158,2019-11-13,2019-11-13 09:38:33,0.93,0.9029,42,0.91,0.8834,14,0.91,0.8834,8,0.92,0.8932,630,0
IWM191115P158,2019-11-13,2019-11-13 09:38:33,0.94,0.9126,107,0.91,0.8834,14,0.91,0.8834,8,0.925,0.898,630,0
IWM191115P158,2019-11-13,2019-11-13 09:38:34,0.94,0.9126,98,0.92,0.8932,13,0.91,0.8834,8,0.93,0.9029,630,0
IWM191115P158,2019-11-13,2019-11-13 09:38:34,0.93,0.9029,32,0.91,0.8834,95,0.91,0.8834,8,0.92,0.8932,630,0
IWM191115P158,2019-11-13,2019-11-13 09:38:35,0.94,0.9126,98,0.92,0.8932,13,0.91,0.8834,8,0.93,0.9029,630,0
IWM191115P158,2019-11-13,2019-11-13 09:38:35,0.94,0.9126,108,0.92,0.8932,13,0.91,0.8834,8,0.93,0.9029,630,0
IWM191115P158,2019-11-13,2019-11-13 09:38:36,0.93,0.9029,81,0.91,0.8834,99,0.91,0.8834,8,0.92,0.8932,630,0
IWM191115P158,2019-11-13,2019-11-13 09:38:36,0.93,0.9029,67,0.91,0.8834,15,0.91,0.8834,8,0.92,0.8932,630,0
IWM191115P158,2019-11-13,2019-11-13 09:38:37,0.93,0.9029,18,0.91,0.8834,106,0.91,0.8834,8,0.92,0.8932,630,0
IWM191115P158,2019-11-13,2019-11-13 09:38:38,0.93,0.9029,19,0.91,0.8834,210,0.91,0.8834,8,0.92,0.8932,630,0
IWM191115P158,2019-11-13,2019-11-13 09:38:38,0.93,0.9029,19,0.91,0.8834,106,0.91,0.8834,8,0.92,0.8932,630,0
IWM191115P158,2019-11-13,2019-11-13 09:38:39,0.94,0.9126,18,0.92,0.8932,93,0.91,0.8834,8,0.93,0.9029,630,0
IWM191115P158,2019-11-13,2019-11-13 09:38:39,0.95,0.9223,52,0.93,0.9029,18,0.91,0.8834,8,0.94,0.9126,630,0
IWM191115P158,2019-11-13,2019-11-13 09:38:40,0.95,0.9223,52,0.93,0.9029,30,0.91,0.8834,8,0.94,0.9126,630,0
IWM191115P158,2019-11-13,2019-11-13 09:38:40,0.95,0.9223,33,0.93,0.9029,38,0.91,0.8834,8,0.94,0.9126,630,0
IWM191115P158,2019-11-13,2019-11-13 09:38:41,0.96,0.932,28,0.94,0.9126,101,0.91,0.8834,8,0.95,0.9223,630,0
IWM191115P158,2019-11-13,2019-11-13 09:38:41,0.96,0.932,42,0.94,0.9126,93,0.91,0.8834,8,0.95,0.9223,630,0
IWM191115P158,2019-11-13,2019-11-13 09:38:42,0.97,0.9417,81,0.94,0.9126,46,0.91,0.8834,8,0.955,0.9271,630,0
IWM191115P158,2019-11-13,2019-11-13 09:38:43,0.96,0.932,28,0.95,0.9223,2,0.91,0.8834,8,0.955,0.9271,630,0
IWM191115P158,2019-11-13,2019-11-13 09:38:43,0.96,0.932,42,0.94,0.9126,75,0.91,0.8834,8,0.95,0.9223,630,0
IWM191115P158,2019-11-13,2019-11-13 09:38:44,0.97,0.9417,56,0.95,0.9223,17,0.91,0.8834,8,0.96,0.932,630,0
IWM191115P158,2019-11-13,2019-11-13 09:38:45,0.97,0.9417,62,0.95,0.9223,4,0.91,0.8834,8,0.96,0.932,630,0
IWM191115P158,2019-11-13,2019-11-13 09:38:46,0.97,0.9417,40,0.95,0.9223,20,0.91,0.8834,8,0.96,0.932,630,0
IWM191115P158,2019-11-13,2019-11-13 09:38:46,0.97,0.9417,7,0.95,0.9223,75,0.91,0.8834,8,0.96,0.932,630,0
IWM191115P158,2019-11-13,2019-11-13 09:38:47,0.97,0.9417,7,0.95,0.9223,115,0.91,0.8834,8,0.96,0.932,630,0
IWM191115P158,2019-11-13,2019-11-13 09:38:47,0.98,0.9514,70,0.95,0.9223,217,0.91,0.8834,8,0.965,0.9368,630,0
IWM191115P158,2019-11-13,2019-11-13 09:38:48,0.98,0.9514,70,0.95,0.9223,153,0.91,0.8834,8,0.965,0.9368,630,0
IWM191115P158,2019-11-13,2019-11-13 09:38:48,0.97,0.9417,55,0.95,0.9223,84,0.91,0.8834,8,0.96,0.932,630,0
IWM191115P158,2019-11-13,2019-11-13 09:38:49,0.97,0.9417,35,0.95,0.9223,84,0.91,0.8834,8,0.96,0.932,630,0
IWM191115P158,2019-11-13,2019-11-13 09:38:50,0.97,0.9417,55,0.95,0.9223,84,0.91,0.8834,8,0.96,0.932,630,0
IWM191115P158,2019-11-13,2019-11-13 09:38:51,0.97,0.9417,55,0.95,0.9223,84,0.91,0.8834,8,0.96,0.932,630,0
IWM191115P158,2019-11-13,2019-11-13 09:38:51,0.97,0.9417,55,0.95,0.9223,18,0.91,0.8834,8,0.96,0.932,630,0
IWM191115P158,2019-11-13,2019-11-13 09:38:52,0.97,0.9417,17,0.95,0.9223,113,0.91,0.8834,8,0.96,0.932,630,0
IWM191115P158,2019-11-13,2019-11-13 09:38:52,0.98,0.9514,50,0.95,0.9223,108,0.91,0.8834,8,0.965,0.9368,630,0
IWM191115P158,2019-11-13,2019-11-13 09:38:53,0.98,0.9514,30,0.96,0.932,21,0.91,0.8834,8,0.97,0.9417,630,0
