symbol,Date,quote_time,ask_price,norm_ask_price,ask_size,bid_price,norm_bid_price,bid_size,last_trade_price,norm_last_trade_price,last_trade_size,mark_price,norm_mark_price,volume,Volume
IWM191018C149,2019-10-14,2019-10-14 09:30:00,2.46,1.0,119,2.39,0.9715,14,2.43,0.9878,1,2.425,0.9857,5110,5110
IWM191018C149,2019-10-14,2019-10-14 09:30:01,2.12,0.8617,25,1.96,0.7967,25,2.43,0.9878,1,2.04,0.8292,0,0
IWM191018C149,2019-10-14,2019-10-14 09:30:01,2.12,0.8617,25,1.96,0.7967,25,2.43,0.9878,1,2.04,0.8292,0,-5110
IWM191018C149,2019-10-14,2019-10-14 09:30:02,2.12,0.8617,25,1.96,0.7967,25,2.43,0.9878,1,2.04,0.8292,0,0
IWM191018C149,2019-10-14,2019-10-14 09:30:03,2.12,0.8617,25,1.96,0.7967,25,2.43,0.9878,1,2.04,0.8292,0,0
IWM191018C149,2019-10-14,2019-10-14 09:30:04,2.12,0.8617,25,1.96,0.7967,25,2.43,0.9878,1,2.04,0.8292,1,1
IWM191018C149,2019-10-14,2019-10-14 09:30:04,2.12,0.8617,25,1.96,0.7967,25,2.06,0.8373,1,2.04,0.8292,1,0
IWM191018C149,2019-10-14,2019-10-14 09:30:05,2.12,0.8617,25,1.96,0.7967,25,2.06,0.8373,1,2.04,0.8292,1,0
IWM191018C149,2019-10-14,2019-10-14 09:30:06,2.12,0.8617,25,1.99,0.8089,100,2.06,0.8373,1,2.055,0.8353,1,0
IWM191018C149,2019-10-14,2019-10-14 09:30:07,2.12,0.8617,25,1.99,0.8089,100,2.06,0.8373,1,2.055,0.8353,1,0
IWM191018C149,2019-10-14,2019-10-14 09:30:08,2.12,0.8617,25,1.99,0.8089,100,2.06,0.8373,1,2.055,0.8353,1,0
IWM191018C149,2019-10-14,2019-10-14 09:30:09,2.1,0.8536,37,1.98,0.8048,100,2.06,0.8373,1,2.04,0.8292,1,0
IWM191018C149,2019-10-14,2019-10-14 09:30:09,2.12,0.8617,27,1.98,0.8048,100,2.06,0.8373,1,2.05,0.8333,1,0
IWM191018C149,2019-10-14,2019-10-14 09:30:10,2.11,0.8577,55,1.98,0.8048,250,2.06,0.8373,1,2.045,0.8313,1,0
IWM191018C149,2019-10-14,2019-10-14 09:30:10,2.11,0.8577,55,2.0,0.813,100,2.06,0.8373,1,2.055,0.8353,1,0
IWM191018C149,2019-10-14,2019-10-14 09:30:11,2.11,0.8577,88,2.0,0.813,100,2.06,0.8373,1,2.055,0.8353,1,0
IWM191018C149,2019-10-14,2019-10-14 09:30:11,2.11,0.8577,55,2.0,0.813,100,2.06,0.8373,1,2.055,0.8353,1,0
IWM191018C149,2019-10-14,2019-10-14 09:30:12,2.11,0.8577,55,2.0,0.813,30,2.06,0.8373,1,2.055,0.8353,1,0
IWM191018C149,2019-10-14,2019-10-14 09:30:12,2.11,0.8577,58,2.0,0.813,100,2.06,0.8373,1,2.055,0.8353,1,0
IWM191018C149,2019-10-14,2019-10-14 09:30:13,2.11,0.8577,55,1.99,0.8089,281,2.06,0.8373,1,2.05,0.8333,1,0
IWM191018C149,2019-10-14,2019-10-14 09:30:14,2.11,0.8577,55,1.99,0.8089,416,2.06,0.8373,1,2.05,0.8333,1,0
IWM191018C149,2019-10-14,2019-10-14 09:30:15,2.11,0.8577,10,2.0,0.813,137,2.06,0.8373,1,2.055,0.8353,1,0
IWM191018C149,2019-10-14,2019-10-14 09:30:15,2.11,0.8577,97,1.99,0.8089,253,2.06,0.8373,1,2.05,0.8333,1,0
IWM191018C149,2019-10-14,2019-10-14 09:30:16,2.11,0.8577,10,2.0,0.813,167,2.06,0.8373,1,2.055,0.8353,1,0
IWM191018C149,2019-10-14,2019-10-14 09:30:16,2.12,0.8617,55,2.0,0.813,20,2.06,0.8373,1,2.06,0.8373,1,0
IWM191018C149,2019-10-14,2019-10-14 09:30:17,2.12,0.8617,100,2.01,0.817,200,2.06,0.8373,1,2.065,0.8394,1,0
IWM191018C149,2019-10-14,2019-10-14 09:30:17,2.12,0.8617,55,2.01,0.817,200,2.06,0.8373,1,2.065,0.8394,1,0
IWM191018C149,2019-10-14,2019-10-14 09:30:18,2.12,0.8617,55,2.01,0.817,218,2.06,0.8373,1,2.065,0.8394,1,0
IWM191018C149,2019-10-14,2019-10-14 09:30:18,2.12,0.8617,120,2.01,0.817,218,2.06,0.8373,1,2.065,0.8394,1,0
IWM191018C149,2019-10-14,2019-10-14 09:30:19,2.12,0.8617,130,2.02,0.8211,250,2.06,0.8373,1,2.07,0.8414,1,0
IWM191018C149,2019-10-14,2019-10-14 09:30:19,2.12,0.8617,105,2.02,0.8211,456,2.06,0.8373,1,2.07,0.8414,1,0
IWM191018C149,2019-10-14,2019-10-14 09:30:20,2.17,0.8821,157,2.06,0.8373,405,2.06,0.8373,1,2.115,0.8597,1,0
IWM191018C149,2019-10-14,2019-10-14 09:30:20,2.12,0.8617,105,2.04,0.8292,465,2.06,0.8373,1,2.08,0.8455,1,0
IWM191018C149,2019-10-14,2019-10-14 09:30:21,2.17,0.8821,165,2.06,0.8373,429,2.06,0.8373,1,2.115,0.8597,1,0
IWM191018C149,2019-10-14,2019-10-14 09:30:21,2.17,0.8821,114,2.06,0.8373,429,2.06,0.8373,1,2.115,0.8597,1,0
IWM191018C149,2019-10-14,2019-10-14 09:30:22,2.17,0.8821,45,2.06,0.8373,438,2.06,0.8373,1,2.115,0.8597,1,0
IWM191018C149,2019-10-14,2019-10-14 09:30:22,2.17,0.8821,35,2.06,0.8373,438,2.06,0.8373,1,2.115,0.8597,1,0
IWM191018C149,2019-10-14,2019-10-14 09:30:23,2.17,0.8821,45,2.06,0.8373,438,2.06,0.8373,1,2.115,0.8597,1,0
IWM191018C149,2019-10-14,2019-10-14 09:30:24,2.16,0.878,77,2.06,0.8373,414,2.06,0.8373,1,2.11,0.8577,1,0
IWM191018C149,2019-10-14,2019-10-14 09:30:24,2.17,0.8821,45,2.06,0.8373,438,2.06,0.8373,1,2.115,0.8597,1,0
IWM191018C149,2019-10-14,2019-10-14 09:30:25,2.16,0.878,90,2.06,0.8373,414,2.06,0.8373,1,2.11,0.8577,1,0
IWM191018C149,2019-10-14,2019-10-14 09:30:26,2.13,0.8658,20,2.06,0.8373,41,2.06,0.8373,1,2.095,0.8516,1,0
IWM191018C149,2019-10-14,2019-10-14 09:30:26,2.14,0.8699,29,2.07,0.8414,20,2.06,0.8373,1,2.105,0.8556,1,0
IWM191018C149,2019-10-14,2019-10-14 09:30:27,2.13,0.8658,27,2.06,0.8373,47,2.06,0.8373,1,2.095,0.8516,108,107
IWM191018C149,2019-10-14,2019-10-14 09:30:27,2.12,0.8617,24,2.06,0.8373,47,2.06,0.8373,1,2.09,0.8495,108,0
IWM191018C149,2019-10-14,2019-10-14 09:30:28,2.1,0.8536,20,2.06,0.8373,47,2.06,0.8373,1,2.08,0.8455,108,0
IWM191018C149,2019-10-14,2019-10-14 09:30:28,2.11,0.8577,20,2.06,0.8373,47,2.06,0.8373,1,2.085,0.8475,108,0
IWM191018C149,2019-10-14,2019-10-14 09:30:29,2.1,0.8536,20,2.06,0.8373,47,2.06,0.8373,1,2.08,0.8455,108,0
IWM191018C149,2019-10-14,2019-10-14 09:30:30,2.1,0.8536,20,2.06,0.8373,69,2.06,0.8373,1,2.08,0.8455,108,0
IWM191018C149,2019-10-14,2019-10-14 09:30:30,2.1,0.8536,20,2.06,0.8373,86,2.06,0.8373,1,2.08,0.8455,108,0
IWM191018C149,2019-10-14,2019-10-14 09:30:31,2.11,0.8577,20,2.06,0.8373,19,2.06,0.8373,1,2.085,0.8475,108,0
IWM191018C149,2019-10-14,2019-10-14 09:30:31,2.11,0.8577,20,2.06,0.8373,208,2.06,0.8373,1,2.085,0.8475,108,0
IWM191018C149,2019-10-14,2019-10-14 09:30:32,2.11,0.8577,20,2.07,0.8414,20,2.06,0.8373,1,2.09,0.8495,108,0
IWM191018C149,2019-10-14,2019-10-14 09:30:33,2.11,0.8577,20,2.07,0.8414,20,2.06,0.8373,1,2.09,0.8495,108,0
IWM191018C149,2019-10-14,2019-10-14 09:30:34,2.11,0.8577,20,2.07,0.8414,20,2.06,0.8373,1,2.09,0.8495,108,0
IWM191018C149,2019-10-14,2019-10-14 09:30:34,2.11,0.8577,20,2.07,0.8414,26,2.06,0.8373,1,2.09,0.8495,108,0
IWM191018C149,2019-10-14,2019-10-14 09:30:35,2.11,0.8577,20,2.07,0.8414,26,2.06,0.8373,1,2.09,0.8495,108,0
IWM191018C149,2019-10-14,2019-10-14 09:30:35,2.11,0.8577,31,2.07,0.8414,26,2.06,0.8373,1,2.09,0.8495,108,0
IWM191018C149,2019-10-14,2019-10-14 09:30:36,2.11,0.8577,2,2.07,0.8414,70,2.06,0.8373,1,2.09,0.8495,108,0
IWM191018C149,2019-10-14,2019-10-14 09:30:36,2.11,0.8577,2,2.07,0.8414,20,2.06,0.8373,1,2.09,0.8495,108,0
IWM191018C149,2019-10-14,2019-10-14 09:30:37,2.11,0.8577,2,2.07,0.8414,20,2.06,0.8373,1,2.09,0.8495,108,0
IWM191018C149,2019-10-14,2019-10-14 09:30:37,2.11,0.8577,36,2.07,0.8414,20,2.06,0.8373,1,2.09,0.8495,108,0
IWM191018C149,2019-10-14,2019-10-14 09:30:38,2.09,0.8495,20,2.05,0.8333,22,2.06,0.8373,1,2.07,0.8414,108,0
IWM191018C149,2019-10-14,2019-10-14 09:30:39,2.1,0.8536,15,2.04,0.8292,2,2.06,0.8373,1,2.07,0.8414,108,0
IWM191018C149,2019-10-14,2019-10-14 09:30:39,2.1,0.8536,20,2.06,0.8373,20,2.06,0.8373,1,2.08,0.8455,108,0
IWM191018C149,2019-10-14,2019-10-14 09:30:40,2.1,0.8536,30,2.06,0.8373,20,2.06,0.8373,1,2.08,0.8455,108,0
IWM191018C149,2019-10-14,2019-10-14 09:30:40,2.1,0.8536,53,2.06,0.8373,20,2.06,0.8373,1,2.08,0.8455,108,0
IWM191018C149,2019-10-14,2019-10-14 09:30:41,2.1,0.8536,30,2.06,0.8373,2,2.06,0.8373,1,2.08,0.8455,108,0
IWM191018C149,2019-10-14,2019-10-14 09:30:41,2.13,0.8658,60,2.06,0.8373,1,2.06,0.8373,1,2.095,0.8516,108,0
IWM191018C149,2019-10-14,2019-10-14 09:30:42,2.12,0.8617,31,2.06,0.8373,32,2.06,0.8373,1,2.09,0.8495,108,0
IWM191018C149,2019-10-14,2019-10-14 09:30:42,2.12,0.8617,20,2.06,0.8373,22,2.06,0.8373,1,2.09,0.8495,108,0
IWM191018C149,2019-10-14,2019-10-14 09:30:43,2.11,0.8577,20,2.07,0.8414,22,2.06,0.8373,1,2.09,0.8495,108,0
IWM191018C149,2019-10-14,2019-10-14 09:30:44,2.11,0.8577,20,2.07,0.8414,22,2.06,0.8373,1,2.09,0.8495,108,0
IWM191018C149,2019-10-14,2019-10-14 09:30:45,2.11,0.8577,20,2.07,0.8414,22,2.06,0.8373,1,2.09,0.8495,108,0
IWM191018C149,2019-10-14,2019-10-14 09:30:46,2.12,0.8617,38,2.08,0.8455,20,2.06,0.8373,1,2.1,0.8536,108,0
IWM191018C149,2019-10-14,2019-10-14 09:30:47,2.12,0.8617,55,2.07,0.8414,22,2.06,0.8373,1,2.095,0.8516,108,0
IWM191018C149,2019-10-14,2019-10-14 09:30:48,2.11,0.8577,20,2.07,0.8414,22,2.06,0.8373,1,2.09,0.8495,108,0
IWM191018C149,2019-10-14,2019-10-14 09:30:49,2.14,0.8699,52,2.07,0.8414,130,2.06,0.8373,1,2.105,0.8556,108,0
IWM191018C149,2019-10-14,2019-10-14 09:30:49,2.12,0.8617,30,2.07,0.8414,130,2.06,0.8373,1,2.095,0.8516,108,0
IWM191018C149,2019-10-14,2019-10-14 09:30:50,2.11,0.8577,20,2.07,0.8414,130,2.06,0.8373,1,2.09,0.8495,108,0
IWM191018C149,2019-10-14,2019-10-14 09:30:50,2.11,0.8577,10,2.07,0.8414,193,2.06,0.8373,1,2.09,0.8495,108,0
IWM191018C149,2019-10-14,2019-10-14 09:30:51,2.11,0.8577,20,2.07,0.8414,146,2.06,0.8373,1,2.09,0.8495,108,0
IWM191018C149,2019-10-14,2019-10-14 09:30:51,2.11,0.8577,20,2.07,0.8414,193,2.06,0.8373,1,2.09,0.8495,108,0
IWM191018C149,2019-10-14,2019-10-14 09:30:52,2.13,0.8658,20,2.07,0.8414,7,2.06,0.8373,1,2.1,0.8536,108,0
IWM191018C149,2019-10-14,2019-10-14 09:30:52,2.13,0.8658,74,2.07,0.8414,23,2.06,0.8373,1,2.1,0.8536,108,0
IWM191018C149,2019-10-14,2019-10-14 09:30:53,2.11,0.8577,20,2.07,0.8414,189,2.06,0.8373,1,2.09,0.8495,108,0
IWM191018C149,2019-10-14,2019-10-14 09:30:53,2.12,0.8617,20,2.07,0.8414,177,2.06,0.8373,1,2.095,0.8516,108,0
IWM191018C149,2019-10-14,2019-10-14 09:30:54,2.1,0.8536,20,2.07,0.8414,92,2.06,0.8373,1,2.085,0.8475,108,0
IWM191018C149,2019-10-14,2019-10-14 09:30:55,2.1,0.8536,20,2.07,0.8414,156,2.06,0.8373,1,2.085,0.8475,108,0
IWM191018C149,2019-10-14,2019-10-14 09:30:55,2.1,0.8536,20,2.07,0.8414,145,2.06,0.8373,1,2.085,0.8475,108,0
IWM191018C149,2019-10-14,2019-10-14 09:30:56,2.1,0.8536,20,2.07,0.8414,43,2.06,0.8373,1,2.085,0.8475,108,0
IWM191018C149,2019-10-14,2019-10-14 09:30:56,2.1,0.8536,20,2.07,0.8414,77,2.06,0.8373,1,2.085,0.8475,108,0
IWM191018C149,2019-10-14,2019-10-14 09:30:57,2.1,0.8536,20,2.07,0.8414,42,2.06,0.8373,1,2.085,0.8475,108,0
IWM191018C149,2019-10-14,2019-10-14 09:30:57,2.1,0.8536,26,2.07,0.8414,10,2.06,0.8373,1,2.085,0.8475,108,0
IWM191018C149,2019-10-14,2019-10-14 09:30:58,2.1,0.8536,31,2.07,0.8414,30,2.06,0.8373,1,2.085,0.8475,108,0
IWM191018C149,2019-10-14,2019-10-14 09:30:59,2.1,0.8536,20,2.07,0.8414,30,2.06,0.8373,1,2.085,0.8475,108,0
IWM191018C149,2019-10-14,2019-10-14 09:31:00,2.1,0.8536,20,2.07,0.8414,20,2.06,0.8373,1,2.085,0.8475,108,0
IWM191018C149,2019-10-14,2019-10-14 09:31:01,2.1,0.8536,20,2.07,0.8414,89,2.06,0.8373,1,2.085,0.8475,108,0
IWM191018C149,2019-10-14,2019-10-14 09:31:01,2.09,0.8495,20,2.07,0.8414,10,2.06,0.8373,1,2.08,0.8455,108,0
IWM191018C149,2019-10-14,2019-10-14 09:31:02,2.1,0.8536,20,2.07,0.8414,22,2.06,0.8373,1,2.085,0.8475,108,0
IWM191018C149,2019-10-14,2019-10-14 09:31:02,2.1,0.8536,20,2.07,0.8414,71,2.06,0.8373,1,2.085,0.8475,108,0
IWM191018C149,2019-10-14,2019-10-14 09:31:03,2.1,0.8536,30,2.07,0.8414,10,2.06,0.8373,1,2.085,0.8475,108,0
IWM191018C149,2019-10-14,2019-10-14 09:31:03,2.1,0.8536,20,2.07,0.8414,153,2.06,0.8373,1,2.085,0.8475,108,0
IWM191018C149,2019-10-14,2019-10-14 09:31:04,2.09,0.8495,30,2.05,0.8333,1,2.06,0.8373,1,2.07,0.8414,108,0
IWM191018C149,2019-10-14,2019-10-14 09:31:04,2.1,0.8536,30,2.07,0.8414,4,2.06,0.8373,1,2.085,0.8475,108,0
IWM191018C149,2019-10-14,2019-10-14 09:31:05,2.08,0.8455,20,2.04,0.8292,222,2.06,0.8373,1,2.06,0.8373,108,0
IWM191018C149,2019-10-14,2019-10-14 09:31:05,2.09,0.8495,30,2.04,0.8292,22,2.06,0.8373,1,2.065,0.8394,108,0
IWM191018C149,2019-10-14,2019-10-14 09:31:06,2.09,0.8495,20,2.05,0.8333,22,2.06,0.8373,1,2.07,0.8414,108,0
IWM191018C149,2019-10-14,2019-10-14 09:31:06,2.09,0.8495,29,2.05,0.8333,143,2.06,0.8373,1,2.07,0.8414,108,0
IWM191018C149,2019-10-14,2019-10-14 09:31:07,2.09,0.8495,20,2.06,0.8373,22,2.06,0.8373,1,2.075,0.8434,108,0
IWM191018C149,2019-10-14,2019-10-14 09:31:07,2.09,0.8495,20,2.06,0.8373,27,2.06,0.8373,1,2.075,0.8434,108,0
IWM191018C149,2019-10-14,2019-10-14 09:31:08,2.09,0.8495,31,2.06,0.8373,135,2.06,0.8373,1,2.075,0.8434,108,0
IWM191018C149,2019-10-14,2019-10-14 09:31:08,2.09,0.8495,30,2.06,0.8373,135,2.06,0.8373,1,2.075,0.8434,108,0
IWM191018C149,2019-10-14,2019-10-14 09:31:09,2.09,0.8495,31,2.06,0.8373,135,2.06,0.8373,1,2.075,0.8434,108,0
IWM191018C149,2019-10-14,2019-10-14 09:31:09,2.09,0.8495,31,2.06,0.8373,140,2.06,0.8373,1,2.075,0.8434,108,0
IWM191018C149,2019-10-14,2019-10-14 09:31:10,2.14,0.8699,150,2.08,0.8455,20,2.06,0.8373,1,2.11,0.8577,108,0
IWM191018C149,2019-10-14,2019-10-14 09:31:10,2.14,0.8699,123,2.06,0.8373,146,2.06,0.8373,1,2.1,0.8536,108,0
IWM191018C149,2019-10-14,2019-10-14 09:31:11,2.12,0.8617,33,2.08,0.8455,22,2.06,0.8373,1,2.1,0.8536,108,0
IWM191018C149,2019-10-14,2019-10-14 09:31:11,2.12,0.8617,34,2.08,0.8455,22,2.06,0.8373,1,2.1,0.8536,108,0
IWM191018C149,2019-10-14,2019-10-14 09:31:12,2.11,0.8577,20,2.08,0.8455,22,2.06,0.8373,1,2.095,0.8516,108,0
IWM191018C149,2019-10-14,2019-10-14 09:31:12,2.13,0.8658,38,2.08,0.8455,4,2.06,0.8373,1,2.105,0.8556,108,0
IWM191018C149,2019-10-14,2019-10-14 09:31:13,2.14,0.8699,76,2.08,0.8455,22,2.06,0.8373,1,2.11,0.8577,108,0
IWM191018C149,2019-10-14,2019-10-14 09:31:13,2.15,0.8739,34,2.1,0.8536,20,2.06,0.8373,1,2.125,0.8638,108,0
IWM191018C149,2019-10-14,2019-10-14 09:31:14,2.13,0.8658,20,2.1,0.8536,8,2.06,0.8373,1,2.115,0.8597,108,0
IWM191018C149,2019-10-14,2019-10-14 09:31:15,2.13,0.8658,49,2.09,0.8495,4,2.06,0.8373,1,2.11,0.8577,108,0
IWM191018C149,2019-10-14,2019-10-14 09:31:15,2.12,0.8617,20,2.09,0.8495,3,2.06,0.8373,1,2.105,0.8556,108,0
IWM191018C149,2019-10-14,2019-10-14 09:31:16,2.12,0.8617,20,2.09,0.8495,3,2.06,0.8373,1,2.105,0.8556,108,0
IWM191018C149,2019-10-14,2019-10-14 09:31:16,2.12,0.8617,20,2.09,0.8495,4,2.06,0.8373,1,2.105,0.8556,108,0
IWM191018C149,2019-10-14,2019-10-14 09:31:17,2.12,0.8617,20,2.09,0.8495,4,2.06,0.8373,1,2.105,0.8556,108,0
IWM191018C149,2019-10-14,2019-10-14 09:31:18,2.12,0.8617,20,2.09,0.8495,4,2.06,0.8373,1,2.105,0.8556,108,0
IWM191018C149,2019-10-14,2019-10-14 09:31:19,2.12,0.8617,20,2.09,0.8495,4,2.06,0.8373,1,2.105,0.8556,108,0
IWM191018C149,2019-10-14,2019-10-14 09:31:20,2.12,0.8617,20,2.09,0.8495,20,2.06,0.8373,1,2.105,0.8556,108,0
IWM191018C149,2019-10-14,2019-10-14 09:31:20,2.12,0.8617,20,2.09,0.8495,4,2.06,0.8373,1,2.105,0.8556,108,0
IWM191018C149,2019-10-14,2019-10-14 09:31:21,2.14,0.8699,30,2.1,0.8536,20,2.06,0.8373,1,2.12,0.8617,108,0
IWM191018C149,2019-10-14,2019-10-14 09:31:21,2.14,0.8699,20,2.09,0.8495,154,2.06,0.8373,1,2.115,0.8597,108,0
IWM191018C149,2019-10-14,2019-10-14 09:31:22,2.13,0.8658,20,2.1,0.8536,20,2.06,0.8373,1,2.115,0.8597,108,0
IWM191018C149,2019-10-14,2019-10-14 09:31:22,2.13,0.8658,20,2.1,0.8536,22,2.06,0.8373,1,2.115,0.8597,108,0
IWM191018C149,2019-10-14,2019-10-14 09:31:23,2.11,0.8577,20,2.06,0.8373,151,2.06,0.8373,1,2.085,0.8475,108,0
IWM191018C149,2019-10-14,2019-10-14 09:31:23,2.13,0.8658,103,2.06,0.8373,3,2.06,0.8373,1,2.095,0.8516,108,0
IWM191018C149,2019-10-14,2019-10-14 09:31:24,2.1,0.8536,20,2.06,0.8373,232,2.06,0.8373,1,2.08,0.8455,108,0
IWM191018C149,2019-10-14,2019-10-14 09:31:24,2.1,0.8536,26,2.06,0.8373,232,2.06,0.8373,1,2.08,0.8455,108,0
IWM191018C149,2019-10-14,2019-10-14 09:31:25,2.11,0.8577,20,2.07,0.8414,20,2.06,0.8373,1,2.09,0.8495,108,0
IWM191018C149,2019-10-14,2019-10-14 09:31:25,2.11,0.8577,20,2.07,0.8414,22,2.06,0.8373,1,2.09,0.8495,108,0
IWM191018C149,2019-10-14,2019-10-14 09:31:26,2.11,0.8577,34,2.07,0.8414,180,2.06,0.8373,1,2.09,0.8495,108,0
IWM191018C149,2019-10-14,2019-10-14 09:31:26,2.11,0.8577,34,2.07,0.8414,20,2.06,0.8373,1,2.09,0.8495,108,0
IWM191018C149,2019-10-14,2019-10-14 09:31:27,2.11,0.8577,34,2.07,0.8414,180,2.06,0.8373,1,2.09,0.8495,108,0
IWM191018C149,2019-10-14,2019-10-14 09:31:27,2.1,0.8536,20,2.07,0.8414,180,2.06,0.8373,1,2.085,0.8475,108,0
IWM191018C149,2019-10-14,2019-10-14 09:31:28,2.1,0.8536,20,2.07,0.8414,127,2.06,0.8373,1,2.085,0.8475,108,0
IWM191018C149,2019-10-14,2019-10-14 09:31:28,2.12,0.8617,20,2.07,0.8414,127,2.06,0.8373,1,2.095,0.8516,108,0
IWM191018C149,2019-10-14,2019-10-14 09:31:29,2.11,0.8577,20,2.08,0.8455,3,2.06,0.8373,1,2.095,0.8516,108,0
IWM191018C149,2019-10-14,2019-10-14 09:31:29,2.12,0.8617,32,2.08,0.8455,22,2.06,0.8373,1,2.1,0.8536,108,0
IWM191018C149,2019-10-14,2019-10-14 09:31:30,2.11,0.8577,20,2.08,0.8455,4,2.06,0.8373,1,2.095,0.8516,108,0
IWM191018C149,2019-10-14,2019-10-14 09:31:30,2.11,0.8577,26,2.08,0.8455,3,2.06,0.8373,1,2.095,0.8516,108,0
IWM191018C149,2019-10-14,2019-10-14 09:31:31,2.11,0.8577,22,2.08,0.8455,226,2.06,0.8373,1,2.095,0.8516,108,0
IWM191018C149,2019-10-14,2019-10-14 09:31:31,2.11,0.8577,20,2.08,0.8455,226,2.06,0.8373,1,2.095,0.8516,108,0
IWM191018C149,2019-10-14,2019-10-14 09:31:32,2.11,0.8577,31,2.08,0.8455,226,2.06,0.8373,1,2.095,0.8516,108,0
IWM191018C149,2019-10-14,2019-10-14 09:31:33,2.15,0.8739,3,2.08,0.8455,226,2.06,0.8373,1,2.115,0.8597,108,0
IWM191018C149,2019-10-14,2019-10-14 09:31:33,2.11,0.8577,31,2.08,0.8455,226,2.06,0.8373,1,2.095,0.8516,108,0
IWM191018C149,2019-10-14,2019-10-14 09:31:34,2.12,0.8617,56,2.06,0.8373,12,2.06,0.8373,1,2.09,0.8495,108,0
IWM191018C149,2019-10-14,2019-10-14 09:31:35,2.1,0.8536,20,2.06,0.8373,177,2.06,0.8373,1,2.08,0.8455,108,0
IWM191018C149,2019-10-14,2019-10-14 09:31:35,2.11,0.8577,34,2.06,0.8373,167,2.06,0.8373,1,2.085,0.8475,108,0
IWM191018C149,2019-10-14,2019-10-14 09:31:36,2.1,0.8536,20,2.06,0.8373,177,2.06,0.8373,1,2.08,0.8455,108,0
IWM191018C149,2019-10-14,2019-10-14 09:31:36,2.1,0.8536,20,2.06,0.8373,270,2.06,0.8373,1,2.08,0.8455,108,0
IWM191018C149,2019-10-14,2019-10-14 09:31:37,2.1,0.8536,30,2.06,0.8373,270,2.06,0.8373,1,2.08,0.8455,108,0
IWM191018C149,2019-10-14,2019-10-14 09:31:37,2.1,0.8536,20,2.06,0.8373,270,2.06,0.8373,1,2.08,0.8455,108,0
IWM191018C149,2019-10-14,2019-10-14 09:31:38,2.1,0.8536,30,2.06,0.8373,270,2.06,0.8373,1,2.08,0.8455,108,0
IWM191018C149,2019-10-14,2019-10-14 09:31:39,2.1,0.8536,26,2.06,0.8373,270,2.06,0.8373,1,2.08,0.8455,108,0
IWM191018C149,2019-10-14,2019-10-14 09:31:40,2.1,0.8536,26,2.06,0.8373,285,2.06,0.8373,1,2.08,0.8455,108,0
IWM191018C149,2019-10-14,2019-10-14 09:31:40,2.1,0.8536,20,2.07,0.8414,20,2.06,0.8373,1,2.085,0.8475,108,0
IWM191018C149,2019-10-14,2019-10-14 09:31:41,2.1,0.8536,20,2.07,0.8414,6,2.06,0.8373,1,2.085,0.8475,108,0
IWM191018C149,2019-10-14,2019-10-14 09:31:41,2.09,0.8495,20,2.06,0.8373,10,2.06,0.8373,1,2.075,0.8434,108,0
IWM191018C149,2019-10-14,2019-10-14 09:31:42,2.09,0.8495,20,2.05,0.8333,37,2.06,0.8373,1,2.07,0.8414,108,0
IWM191018C149,2019-10-14,2019-10-14 09:31:42,2.09,0.8495,20,2.06,0.8373,6,2.06,0.8373,1,2.075,0.8434,108,0
IWM191018C149,2019-10-14,2019-10-14 09:31:43,2.1,0.8536,51,2.05,0.8333,6,2.06,0.8373,1,2.075,0.8434,108,0
IWM191018C149,2019-10-14,2019-10-14 09:31:43,2.09,0.8495,22,2.06,0.8373,22,2.06,0.8373,1,2.075,0.8434,108,0
IWM191018C149,2019-10-14,2019-10-14 09:31:44,2.09,0.8495,48,2.05,0.8333,22,2.06,0.8373,1,2.07,0.8414,108,0
IWM191018C149,2019-10-14,2019-10-14 09:31:44,2.09,0.8495,31,2.05,0.8333,6,2.06,0.8373,1,2.07,0.8414,108,0
IWM191018C149,2019-10-14,2019-10-14 09:31:45,2.09,0.8495,72,2.05,0.8333,26,2.06,0.8373,1,2.07,0.8414,108,0
IWM191018C149,2019-10-14,2019-10-14 09:31:46,2.09,0.8495,72,2.05,0.8333,26,2.06,0.8373,1,2.07,0.8414,108,0
IWM191018C149,2019-10-14,2019-10-14 09:31:46,2.1,0.8536,64,2.06,0.8373,20,2.06,0.8373,1,2.08,0.8455,108,0
IWM191018C149,2019-10-14,2019-10-14 09:31:47,2.1,0.8536,64,2.06,0.8373,22,2.06,0.8373,1,2.08,0.8455,108,0
IWM191018C149,2019-10-14,2019-10-14 09:31:47,2.1,0.8536,74,2.06,0.8373,27,2.06,0.8373,1,2.08,0.8455,108,0
IWM191018C149,2019-10-14,2019-10-14 09:31:48,2.09,0.8495,20,2.06,0.8373,209,2.06,0.8373,1,2.075,0.8434,108,0
IWM191018C149,2019-10-14,2019-10-14 09:31:48,2.1,0.8536,74,2.06,0.8373,37,2.06,0.8373,1,2.08,0.8455,108,0
IWM191018C149,2019-10-14,2019-10-14 09:31:49,2.08,0.8455,20,2.06,0.8373,10,2.06,0.8373,1,2.07,0.8414,108,0
IWM191018C149,2019-10-14,2019-10-14 09:31:50,2.08,0.8455,58,2.05,0.8333,30,2.06,0.8373,1,2.065,0.8394,108,0
IWM191018C149,2019-10-14,2019-10-14 09:31:50,2.08,0.8455,20,2.05,0.8333,30,2.06,0.8373,1,2.065,0.8394,108,0
IWM191018C149,2019-10-14,2019-10-14 09:31:51,2.09,0.8495,20,2.05,0.8333,209,2.06,0.8373,1,2.07,0.8414,108,0
IWM191018C149,2019-10-14,2019-10-14 09:31:51,2.08,0.8455,58,2.05,0.8333,209,2.06,0.8373,1,2.065,0.8394,108,0
IWM191018C149,2019-10-14,2019-10-14 09:31:52,2.11,0.8577,25,2.06,0.8373,2,2.06,0.8373,1,2.085,0.8475,108,0
IWM191018C149,2019-10-14,2019-10-14 09:31:52,2.09,0.8495,32,2.06,0.8373,5,2.06,0.8373,1,2.075,0.8434,108,0
IWM191018C149,2019-10-14,2019-10-14 09:31:53,2.11,0.8577,25,2.06,0.8373,2,2.06,0.8373,1,2.085,0.8475,108,0
IWM191018C149,2019-10-14,2019-10-14 09:31:53,2.1,0.8536,55,2.06,0.8373,3,2.06,0.8373,1,2.08,0.8455,108,0
IWM191018C149,2019-10-14,2019-10-14 09:31:54,2.1,0.8536,55,2.06,0.8373,3,2.06,0.8373,1,2.08,0.8455,108,0
IWM191018C149,2019-10-14,2019-10-14 09:31:55,2.1,0.8536,55,2.06,0.8373,281,2.06,0.8373,1,2.08,0.8455,108,0
IWM191018C149,2019-10-14,2019-10-14 09:31:55,2.1,0.8536,56,2.06,0.8373,296,2.06,0.8373,1,2.08,0.8455,108,0
IWM191018C149,2019-10-14,2019-10-14 09:31:56,2.1,0.8536,56,2.06,0.8373,296,2.06,0.8373,1,2.08,0.8455,108,0
IWM191018C149,2019-10-14,2019-10-14 09:31:57,2.1,0.8536,56,2.06,0.8373,163,2.06,0.8373,1,2.08,0.8455,108,0
IWM191018C149,2019-10-14,2019-10-14 09:31:57,2.1,0.8536,56,2.06,0.8373,315,2.06,0.8373,1,2.08,0.8455,108,0
IWM191018C149,2019-10-14,2019-10-14 09:31:58,2.1,0.8536,56,2.06,0.8373,20,2.06,0.8373,1,2.08,0.8455,108,0
IWM191018C149,2019-10-14,2019-10-14 09:31:58,2.09,0.8495,26,2.06,0.8373,3,2.06,0.8373,1,2.075,0.8434,108,0
IWM191018C149,2019-10-14,2019-10-14 09:31:59,2.1,0.8536,67,2.06,0.8373,233,2.06,0.8373,1,2.08,0.8455,108,0
IWM191018C149,2019-10-14,2019-10-14 09:31:59,2.09,0.8495,26,2.06,0.8373,177,2.06,0.8373,1,2.075,0.8434,108,0
IWM191018C149,2019-10-14,2019-10-14 09:32:00,2.1,0.8536,77,2.06,0.8373,270,2.06,0.8373,1,2.08,0.8455,108,0
IWM191018C149,2019-10-14,2019-10-14 09:32:00,2.1,0.8536,77,2.06,0.8373,250,2.06,0.8373,1,2.08,0.8455,108,0
IWM191018C149,2019-10-14,2019-10-14 09:32:01,2.11,0.8577,20,2.08,0.8455,4,2.06,0.8373,1,2.095,0.8516,108,0
IWM191018C149,2019-10-14,2019-10-14 09:32:01,2.11,0.8577,20,2.06,0.8373,270,2.06,0.8373,1,2.085,0.8475,108,0
IWM191018C149,2019-10-14,2019-10-14 09:32:02,2.1,0.8536,20,2.07,0.8414,4,2.06,0.8373,1,2.085,0.8475,108,0
IWM191018C149,2019-10-14,2019-10-14 09:32:02,2.1,0.8536,54,2.07,0.8414,4,2.06,0.8373,1,2.085,0.8475,108,0
IWM191018C149,2019-10-14,2019-10-14 09:32:03,2.09,0.8495,32,2.06,0.8373,295,2.06,0.8373,1,2.075,0.8434,108,0
IWM191018C149,2019-10-14,2019-10-14 09:32:03,2.1,0.8536,64,2.07,0.8414,4,2.06,0.8373,1,2.085,0.8475,108,0
IWM191018C149,2019-10-14,2019-10-14 09:32:04,2.09,0.8495,32,2.06,0.8373,320,2.06,0.8373,1,2.075,0.8434,108,0
IWM191018C149,2019-10-14,2019-10-14 09:32:05,2.09,0.8495,56,2.06,0.8373,10,2.06,0.8373,1,2.075,0.8434,108,0
IWM191018C149,2019-10-14,2019-10-14 09:32:05,2.09,0.8495,32,2.06,0.8373,214,2.06,0.8373,1,2.075,0.8434,108,0
IWM191018C149,2019-10-14,2019-10-14 09:32:06,2.09,0.8495,88,2.05,0.8333,291,2.06,0.8373,1,2.07,0.8414,108,0
IWM191018C149,2019-10-14,2019-10-14 09:32:06,2.09,0.8495,56,2.05,0.8333,20,2.06,0.8373,1,2.07,0.8414,108,0
IWM191018C149,2019-10-14,2019-10-14 09:32:07,2.08,0.8455,23,2.05,0.8333,10,2.06,0.8373,1,2.065,0.8394,108,0
IWM191018C149,2019-10-14,2019-10-14 09:32:07,2.08,0.8455,34,2.05,0.8333,305,2.06,0.8373,1,2.065,0.8394,108,0
IWM191018C149,2019-10-14,2019-10-14 09:32:08,2.09,0.8495,79,2.05,0.8333,314,2.06,0.8373,1,2.07,0.8414,108,0
IWM191018C149,2019-10-14,2019-10-14 09:32:08,2.09,0.8495,69,2.05,0.8333,282,2.06,0.8373,1,2.07,0.8414,108,0
IWM191018C149,2019-10-14,2019-10-14 09:32:09,2.1,0.8536,60,2.05,0.8333,314,2.06,0.8373,1,2.075,0.8434,108,0
IWM191018C149,2019-10-14,2019-10-14 09:32:09,2.1,0.8536,60,2.06,0.8373,351,2.06,0.8373,1,2.08,0.8455,108,0
IWM191018C149,2019-10-14,2019-10-14 09:32:10,2.1,0.8536,34,2.07,0.8414,42,2.06,0.8373,1,2.085,0.8475,108,0
IWM191018C149,2019-10-14,2019-10-14 09:32:10,2.1,0.8536,60,2.06,0.8373,364,2.06,0.8373,1,2.08,0.8455,108,0
IWM191018C149,2019-10-14,2019-10-14 09:32:11,2.11,0.8577,83,2.07,0.8414,42,2.06,0.8373,1,2.09,0.8495,108,0
IWM191018C149,2019-10-14,2019-10-14 09:32:11,2.11,0.8577,20,2.08,0.8455,20,2.06,0.8373,1,2.095,0.8516,108,0
IWM191018C149,2019-10-14,2019-10-14 09:32:12,2.11,0.8577,20,2.08,0.8455,198,2.06,0.8373,1,2.095,0.8516,108,0
IWM191018C149,2019-10-14,2019-10-14 09:32:12,2.11,0.8577,20,2.07,0.8414,16,2.06,0.8373,1,2.09,0.8495,108,0
IWM191018C149,2019-10-14,2019-10-14 09:32:13,2.1,0.8536,60,2.06,0.8373,42,2.06,0.8373,1,2.08,0.8455,108,0
IWM191018C149,2019-10-14,2019-10-14 09:32:13,2.1,0.8536,85,2.06,0.8373,273,2.06,0.8373,1,2.08,0.8455,108,0
IWM191018C149,2019-10-14,2019-10-14 09:32:14,2.09,0.8495,20,2.06,0.8373,259,2.06,0.8373,1,2.075,0.8434,108,0
IWM191018C149,2019-10-14,2019-10-14 09:32:14,2.07,0.8414,20,2.04,0.8292,15,2.06,0.8373,1,2.055,0.8353,108,0
IWM191018C149,2019-10-14,2019-10-14 09:32:15,2.08,0.8455,51,2.04,0.8292,22,2.06,0.8373,1,2.06,0.8373,108,0
IWM191018C149,2019-10-14,2019-10-14 09:32:15,2.09,0.8495,62,2.04,0.8292,20,2.06,0.8373,1,2.065,0.8394,108,0
IWM191018C149,2019-10-14,2019-10-14 09:32:16,2.08,0.8455,54,2.04,0.8292,35,2.06,0.8373,1,2.06,0.8373,108,0
IWM191018C149,2019-10-14,2019-10-14 09:32:16,2.08,0.8455,62,2.04,0.8292,22,2.06,0.8373,1,2.06,0.8373,108,0
IWM191018C149,2019-10-14,2019-10-14 09:32:17,2.08,0.8455,20,2.04,0.8292,22,2.06,0.8373,1,2.06,0.8373,108,0
IWM191018C149,2019-10-14,2019-10-14 09:32:17,2.08,0.8455,20,2.04,0.8292,35,2.06,0.8373,1,2.06,0.8373,108,0
IWM191018C149,2019-10-14,2019-10-14 09:32:18,2.08,0.8455,20,2.04,0.8292,37,2.06,0.8373,1,2.06,0.8373,108,0
IWM191018C149,2019-10-14,2019-10-14 09:32:19,2.08,0.8455,20,2.04,0.8292,312,2.06,0.8373,1,2.06,0.8373,108,0
IWM191018C149,2019-10-14,2019-10-14 09:32:19,2.08,0.8455,20,2.04,0.8292,47,2.06,0.8373,1,2.06,0.8373,108,0
IWM191018C149,2019-10-14,2019-10-14 09:32:20,2.07,0.8414,20,2.04,0.8292,285,2.06,0.8373,1,2.055,0.8353,108,0
IWM191018C149,2019-10-14,2019-10-14 09:32:21,2.08,0.8455,30,2.04,0.8292,42,2.06,0.8373,1,2.06,0.8373,108,0
IWM191018C149,2019-10-14,2019-10-14 09:32:21,2.08,0.8455,20,2.04,0.8292,27,2.06,0.8373,1,2.06,0.8373,108,0
IWM191018C149,2019-10-14,2019-10-14 09:32:22,2.08,0.8455,20,2.05,0.8333,22,2.06,0.8373,1,2.065,0.8394,108,0
IWM191018C149,2019-10-14,2019-10-14 09:32:23,2.07,0.8414,20,2.04,0.8292,36,2.06,0.8373,1,2.055,0.8353,108,0
IWM191018C149,2019-10-14,2019-10-14 09:32:23,2.08,0.8455,37,2.04,0.8292,36,2.06,0.8373,1,2.06,0.8373,108,0
IWM191018C149,2019-10-14,2019-10-14 09:32:24,2.07,0.8414,44,2.03,0.8252,42,2.06,0.8373,1,2.05,0.8333,108,0
IWM191018C149,2019-10-14,2019-10-14 09:32:24,2.07,0.8414,20,2.03,0.8252,22,2.06,0.8373,1,2.05,0.8333,108,0
IWM191018C149,2019-10-14,2019-10-14 09:32:25,2.06,0.8373,20,2.03,0.8252,20,2.06,0.8373,1,2.045,0.8313,108,0
IWM191018C149,2019-10-14,2019-10-14 09:32:25,2.06,0.8373,20,2.03,0.8252,42,2.06,0.8373,1,2.045,0.8313,108,0
IWM191018C149,2019-10-14,2019-10-14 09:32:26,2.06,0.8373,41,2.02,0.8211,22,2.06,0.8373,1,2.04,0.8292,108,0
IWM191018C149,2019-10-14,2019-10-14 09:32:26,2.06,0.8373,64,2.02,0.8211,22,2.06,0.8373,1,2.04,0.8292,108,0
IWM191018C149,2019-10-14,2019-10-14 09:32:27,2.06,0.8373,32,2.02,0.8211,22,2.06,0.8373,1,2.04,0.8292,108,0
IWM191018C149,2019-10-14,2019-10-14 09:32:27,2.06,0.8373,20,2.03,0.8252,22,2.06,0.8373,1,2.045,0.8313,108,0
IWM191018C149,2019-10-14,2019-10-14 09:32:28,2.06,0.8373,10,2.03,0.8252,31,2.06,0.8373,1,2.045,0.8313,108,0
IWM191018C149,2019-10-14,2019-10-14 09:32:28,2.06,0.8373,20,2.03,0.8252,345,2.06,0.8373,1,2.045,0.8313,108,0
IWM191018C149,2019-10-14,2019-10-14 09:32:29,2.07,0.8414,51,2.03,0.8252,391,2.06,0.8373,1,2.05,0.8333,108,0
IWM191018C149,2019-10-14,2019-10-14 09:32:29,2.06,0.8373,20,2.03,0.8252,345,2.06,0.8373,1,2.045,0.8313,108,0
IWM191018C149,2019-10-14,2019-10-14 09:32:30,2.06,0.8373,12,2.01,0.817,46,2.06,0.8373,1,2.035,0.8272,108,0
IWM191018C149,2019-10-14,2019-10-14 09:32:30,2.07,0.8414,51,2.03,0.8252,393,2.06,0.8373,1,2.05,0.8333,108,0
IWM191018C149,2019-10-14,2019-10-14 09:32:31,2.06,0.8373,12,2.01,0.817,56,2.06,0.8373,1,2.035,0.8272,108,0
IWM191018C149,2019-10-14,2019-10-14 09:32:31,2.05,0.8333,26,2.01,0.817,302,2.06,0.8373,1,2.03,0.8252,108,0
IWM191018C149,2019-10-14,2019-10-14 09:32:32,2.05,0.8333,26,2.01,0.817,302,2.06,0.8373,1,2.03,0.8252,108,0
IWM191018C149,2019-10-14,2019-10-14 09:32:33,2.05,0.8333,30,2.01,0.817,302,2.06,0.8373,1,2.03,0.8252,108,0
IWM191018C149,2019-10-14,2019-10-14 09:32:33,2.05,0.8333,30,2.01,0.817,314,2.06,0.8373,1,2.03,0.8252,108,0
IWM191018C149,2019-10-14,2019-10-14 09:32:34,2.05,0.8333,20,2.01,0.817,410,2.06,0.8373,1,2.03,0.8252,108,0
IWM191018C149,2019-10-14,2019-10-14 09:32:34,2.05,0.8333,30,2.01,0.817,314,2.06,0.8373,1,2.03,0.8252,108,0
IWM191018C149,2019-10-14,2019-10-14 09:32:35,2.04,0.8292,20,2.01,0.817,410,2.06,0.8373,1,2.025,0.8231,108,0
IWM191018C149,2019-10-14,2019-10-14 09:32:36,2.04,0.8292,20,2.01,0.817,356,2.06,0.8373,1,2.025,0.8231,108,0
IWM191018C149,2019-10-14,2019-10-14 09:32:36,2.05,0.8333,20,2.02,0.8211,245,2.06,0.8373,1,2.035,0.8272,108,0
IWM191018C149,2019-10-14,2019-10-14 09:32:37,2.06,0.8373,20,2.03,0.8252,37,2.06,0.8373,1,2.045,0.8313,108,0
IWM191018C149,2019-10-14,2019-10-14 09:32:37,2.05,0.8333,20,2.02,0.8211,347,2.06,0.8373,1,2.035,0.8272,108,0
IWM191018C149,2019-10-14,2019-10-14 09:32:38,2.06,0.8373,20,2.02,0.8211,36,2.06,0.8373,1,2.04,0.8292,108,0
IWM191018C149,2019-10-14,2019-10-14 09:32:38,2.05,0.8333,20,2.02,0.8211,33,2.06,0.8373,1,2.035,0.8272,108,0
IWM191018C149,2019-10-14,2019-10-14 09:32:39,2.06,0.8373,20,2.02,0.8211,361,2.06,0.8373,1,2.04,0.8292,108,0
IWM191018C149,2019-10-14,2019-10-14 09:32:39,2.05,0.8333,20,2.02,0.8211,303,2.06,0.8373,1,2.035,0.8272,108,0
IWM191018C149,2019-10-14,2019-10-14 09:32:40,2.06,0.8373,33,2.02,0.8211,361,2.06,0.8373,14,2.04,0.8292,137,29
IWM191018C149,2019-10-14,2019-10-14 09:32:40,2.06,0.8373,33,2.02,0.8211,361,2.04,0.8292,1,2.04,0.8292,138,1
IWM191018C149,2019-10-14,2019-10-14 09:32:41,2.06,0.8373,51,2.02,0.8211,22,2.04,0.8292,1,2.04,0.8292,138,0
IWM191018C149,2019-10-14,2019-10-14 09:32:41,2.06,0.8373,20,2.02,0.8211,22,2.04,0.8292,1,2.04,0.8292,138,0
IWM191018C149,2019-10-14,2019-10-14 09:32:42,2.06,0.8373,51,2.02,0.8211,22,2.04,0.8292,1,2.04,0.8292,138,0
IWM191018C149,2019-10-14,2019-10-14 09:32:42,2.06,0.8373,22,2.03,0.8252,20,2.04,0.8292,1,2.045,0.8313,138,0
IWM191018C149,2019-10-14,2019-10-14 09:32:43,2.06,0.8373,20,2.03,0.8252,20,2.04,0.8292,1,2.045,0.8313,138,0
IWM191018C149,2019-10-14,2019-10-14 09:32:44,2.06,0.8373,20,2.02,0.8211,22,2.04,0.8292,1,2.04,0.8292,138,0
IWM191018C149,2019-10-14,2019-10-14 09:32:44,2.06,0.8373,54,2.03,0.8252,10,2.04,0.8292,1,2.045,0.8313,138,0
IWM191018C149,2019-10-14,2019-10-14 09:32:45,2.06,0.8373,20,2.03,0.8252,22,2.04,0.8292,1,2.045,0.8313,138,0
IWM191018C149,2019-10-14,2019-10-14 09:32:46,2.06,0.8373,26,2.03,0.8252,20,2.04,0.8292,1,2.045,0.8313,138,0
IWM191018C149,2019-10-14,2019-10-14 09:32:46,2.06,0.8373,26,2.03,0.8252,22,2.04,0.8292,1,2.045,0.8313,138,0
IWM191018C149,2019-10-14,2019-10-14 09:32:47,2.06,0.8373,20,2.01,0.817,12,2.04,0.8292,1,2.035,0.8272,138,0
IWM191018C149,2019-10-14,2019-10-14 09:32:47,2.04,0.8292,20,2.01,0.817,22,2.04,0.8292,1,2.025,0.8231,138,0
IWM191018C149,2019-10-14,2019-10-14 09:32:48,2.04,0.8292,20,2.01,0.817,10,2.04,0.8292,1,2.025,0.8231,138,0
IWM191018C149,2019-10-14,2019-10-14 09:32:48,2.04,0.8292,20,2.01,0.817,20,2.04,0.8292,1,2.025,0.8231,138,0
IWM191018C149,2019-10-14,2019-10-14 09:32:49,2.03,0.8252,20,2.0,0.813,20,2.04,0.8292,1,2.015,0.8191,138,0
IWM191018C149,2019-10-14,2019-10-14 09:32:49,2.04,0.8292,20,2.0,0.813,37,2.04,0.8292,1,2.02,0.8211,138,0
IWM191018C149,2019-10-14,2019-10-14 09:32:50,2.03,0.8252,20,2.0,0.813,20,2.04,0.8292,1,2.015,0.8191,138,0
IWM191018C149,2019-10-14,2019-10-14 09:32:50,2.03,0.8252,20,1.99,0.8089,423,2.04,0.8292,1,2.01,0.817,138,0
IWM191018C149,2019-10-14,2019-10-14 09:32:51,2.05,0.8333,34,2.0,0.813,37,2.04,0.8292,1,2.025,0.8231,138,0
IWM191018C149,2019-10-14,2019-10-14 09:32:51,2.04,0.8292,20,2.0,0.813,37,2.04,0.8292,1,2.02,0.8211,138,0
IWM191018C149,2019-10-14,2019-10-14 09:32:52,2.04,0.8292,20,2.01,0.817,22,2.04,0.8292,1,2.025,0.8231,138,0
IWM191018C149,2019-10-14,2019-10-14 09:32:53,2.05,0.8333,20,2.01,0.817,37,2.04,0.8292,1,2.03,0.8252,138,0
IWM191018C149,2019-10-14,2019-10-14 09:32:54,2.05,0.8333,20,2.01,0.817,278,2.04,0.8292,1,2.03,0.8252,138,0
IWM191018C149,2019-10-14,2019-10-14 09:32:54,2.03,0.8252,20,2.01,0.817,249,2.04,0.8292,1,2.02,0.8211,138,0
IWM191018C149,2019-10-14,2019-10-14 09:32:55,2.04,0.8292,1,1.99,0.8089,14,2.04,0.8292,1,2.015,0.8191,138,0
IWM191018C149,2019-10-14,2019-10-14 09:32:55,2.06,0.8373,10,2.01,0.817,216,2.04,0.8292,1,2.035,0.8272,138,0
IWM191018C149,2019-10-14,2019-10-14 09:32:56,2.02,0.8211,20,1.98,0.8048,278,2.04,0.8292,1,2.0,0.813,138,0
IWM191018C149,2019-10-14,2019-10-14 09:32:56,2.04,0.8292,129,1.98,0.8048,160,2.04,0.8292,1,2.01,0.817,138,0
IWM191018C149,2019-10-14,2019-10-14 09:32:57,2.02,0.8211,27,1.98,0.8048,54,2.04,0.8292,1,2.0,0.813,138,0
IWM191018C149,2019-10-14,2019-10-14 09:32:57,2.01,0.817,20,1.98,0.8048,35,2.04,0.8292,1,1.995,0.8109,138,0
IWM191018C149,2019-10-14,2019-10-14 09:32:58,2.01,0.817,20,1.98,0.8048,32,2.04,0.8292,1,1.995,0.8109,138,0
IWM191018C149,2019-10-14,2019-10-14 09:32:58,2.01,0.817,26,1.98,0.8048,5,2.04,0.8292,1,1.995,0.8109,138,0
IWM191018C149,2019-10-14,2019-10-14 09:32:59,2.0,0.813,20,1.97,0.8008,35,2.04,0.8292,1,1.985,0.8069,138,0
IWM191018C149,2019-10-14,2019-10-14 09:32:59,2.01,0.817,37,1.97,0.8008,64,2.04,0.8292,1,1.99,0.8089,138,0
IWM191018C149,2019-10-14,2019-10-14 09:33:00,2.01,0.817,30,1.97,0.8008,107,2.04,0.8292,1,1.99,0.8089,138,0
IWM191018C149,2019-10-14,2019-10-14 09:33:00,2.01,0.817,33,1.97,0.8008,110,2.04,0.8292,1,1.99,0.8089,138,0
IWM191018C149,2019-10-14,2019-10-14 09:33:01,2.02,0.8211,74,1.98,0.8048,22,2.04,0.8292,1,2.0,0.813,138,0
IWM191018C149,2019-10-14,2019-10-14 09:33:01,2.01,0.817,20,1.97,0.8008,452,2.04,0.8292,1,1.99,0.8089,138,0
IWM191018C149,2019-10-14,2019-10-14 09:33:02,2.02,0.8211,33,1.98,0.8048,22,2.04,0.8292,1,2.0,0.813,138,0
IWM191018C149,2019-10-14,2019-10-14 09:33:02,2.02,0.8211,31,1.98,0.8048,22,2.04,0.8292,1,2.0,0.813,138,0
IWM191018C149,2019-10-14,2019-10-14 09:33:03,2.02,0.8211,33,1.98,0.8048,22,2.04,0.8292,1,2.0,0.813,138,0
IWM191018C149,2019-10-14,2019-10-14 09:33:04,2.01,0.817,20,1.98,0.8048,22,2.04,0.8292,1,1.995,0.8109,138,0
IWM191018C149,2019-10-14,2019-10-14 09:33:05,2.02,0.8211,32,1.98,0.8048,290,2.04,0.8292,1,2.0,0.813,138,0
IWM191018C149,2019-10-14,2019-10-14 09:33:05,2.01,0.817,34,1.98,0.8048,299,2.04,0.8292,1,1.995,0.8109,138,0
IWM191018C149,2019-10-14,2019-10-14 09:33:06,2.01,0.817,20,1.97,0.8008,22,2.04,0.8292,1,1.99,0.8089,138,0
IWM191018C149,2019-10-14,2019-10-14 09:33:06,2.0,0.813,20,1.97,0.8008,20,2.04,0.8292,1,1.985,0.8069,138,0
IWM191018C149,2019-10-14,2019-10-14 09:33:07,2.01,0.817,34,1.97,0.8008,26,2.04,0.8292,1,1.99,0.8089,138,0
IWM191018C149,2019-10-14,2019-10-14 09:33:07,2.0,0.813,20,1.97,0.8008,22,2.04,0.8292,1,1.985,0.8069,138,0
IWM191018C149,2019-10-14,2019-10-14 09:33:08,2.01,0.817,28,1.97,0.8008,36,2.04,0.8292,1,1.99,0.8089,138,0
IWM191018C149,2019-10-14,2019-10-14 09:33:08,2.01,0.817,56,1.97,0.8008,26,2.04,0.8292,1,1.99,0.8089,138,0
IWM191018C149,2019-10-14,2019-10-14 09:33:09,2.01,0.817,66,1.97,0.8008,26,2.04,0.8292,1,1.99,0.8089,138,0
IWM191018C149,2019-10-14,2019-10-14 09:33:09,2.01,0.817,66,1.97,0.8008,36,2.04,0.8292,1,1.99,0.8089,138,0
IWM191018C149,2019-10-14,2019-10-14 09:33:10,2.01,0.817,50,1.97,0.8008,36,2.04,0.8292,1,1.99,0.8089,138,0
IWM191018C149,2019-10-14,2019-10-14 09:33:11,2.03,0.8252,51,1.99,0.8089,22,2.04,0.8292,1,2.01,0.817,138,0
IWM191018C149,2019-10-14,2019-10-14 09:33:11,2.02,0.8211,20,1.98,0.8048,48,2.04,0.8292,1,2.0,0.813,138,0
IWM191018C149,2019-10-14,2019-10-14 09:33:12,2.02,0.8211,20,1.99,0.8089,155,2.04,0.8292,1,2.005,0.815,138,0
IWM191018C149,2019-10-14,2019-10-14 09:33:12,2.03,0.8252,36,1.99,0.8089,230,2.04,0.8292,1,2.01,0.817,138,0
IWM191018C149,2019-10-14,2019-10-14 09:33:13,2.03,0.8252,36,1.99,0.8089,231,2.04,0.8292,1,2.01,0.817,138,0
IWM191018C149,2019-10-14,2019-10-14 09:33:13,2.02,0.8211,20,1.99,0.8089,163,2.04,0.8292,1,2.005,0.815,138,0
IWM191018C149,2019-10-14,2019-10-14 09:33:14,2.04,0.8292,47,2.0,0.813,47,2.04,0.8292,1,2.02,0.8211,138,0
IWM191018C149,2019-10-14,2019-10-14 09:33:14,2.04,0.8292,34,2.0,0.813,22,2.04,0.8292,1,2.02,0.8211,138,0
IWM191018C149,2019-10-14,2019-10-14 09:33:15,2.04,0.8292,48,2.0,0.813,209,2.04,0.8292,1,2.02,0.8211,138,0
IWM191018C149,2019-10-14,2019-10-14 09:33:15,2.04,0.8292,47,2.0,0.813,209,2.04,0.8292,1,2.02,0.8211,138,0
IWM191018C149,2019-10-14,2019-10-14 09:33:16,2.04,0.8292,48,2.0,0.813,178,2.04,0.8292,1,2.02,0.8211,138,0
IWM191018C149,2019-10-14,2019-10-14 09:33:16,2.04,0.8292,48,2.0,0.813,209,2.04,0.8292,1,2.02,0.8211,138,0
IWM191018C149,2019-10-14,2019-10-14 09:33:17,2.04,0.8292,42,2.0,0.813,178,2.04,0.8292,1,2.02,0.8211,138,0
IWM191018C149,2019-10-14,2019-10-14 09:33:17,2.04,0.8292,27,2.0,0.813,178,2.04,0.8292,1,2.02,0.8211,138,0
IWM191018C149,2019-10-14,2019-10-14 09:33:18,2.04,0.8292,77,2.0,0.813,213,2.04,0.8292,1,2.02,0.8211,138,0
IWM191018C149,2019-10-14,2019-10-14 09:33:18,2.04,0.8292,64,2.0,0.813,213,2.04,0.8292,1,2.02,0.8211,138,0
IWM191018C149,2019-10-14,2019-10-14 09:33:19,2.04,0.8292,61,2.0,0.813,173,2.04,0.8292,1,2.02,0.8211,138,0
IWM191018C149,2019-10-14,2019-10-14 09:33:19,2.04,0.8292,87,2.0,0.813,214,2.04,0.8292,1,2.02,0.8211,138,0
IWM191018C149,2019-10-14,2019-10-14 09:33:20,2.04,0.8292,56,2.0,0.813,173,2.04,0.8292,1,2.02,0.8211,138,0
IWM191018C149,2019-10-14,2019-10-14 09:33:20,2.04,0.8292,66,2.0,0.813,173,2.04,0.8292,1,2.02,0.8211,138,0
IWM191018C149,2019-10-14,2019-10-14 09:33:21,2.04,0.8292,81,2.0,0.813,173,2.04,0.8292,1,2.02,0.8211,138,0
IWM191018C149,2019-10-14,2019-10-14 09:33:21,2.03,0.8252,34,2.0,0.813,173,2.04,0.8292,1,2.015,0.8191,138,0
IWM191018C149,2019-10-14,2019-10-14 09:33:22,2.03,0.8252,51,1.99,0.8089,182,2.04,0.8292,1,2.01,0.817,138,0
IWM191018C149,2019-10-14,2019-10-14 09:33:22,2.03,0.8252,16,2.0,0.813,173,2.04,0.8292,1,2.015,0.8191,138,0
IWM191018C149,2019-10-14,2019-10-14 09:33:23,2.03,0.8252,61,1.99,0.8089,264,2.04,0.8292,1,2.01,0.817,138,0
IWM191018C149,2019-10-14,2019-10-14 09:33:23,2.03,0.8252,51,1.99,0.8089,264,2.04,0.8292,1,2.01,0.817,138,0
IWM191018C149,2019-10-14,2019-10-14 09:33:24,2.04,0.8292,77,2.0,0.813,128,2.04,0.8292,1,2.02,0.8211,138,0
IWM191018C149,2019-10-14,2019-10-14 09:33:24,2.04,0.8292,77,2.0,0.813,138,2.04,0.8292,1,2.02,0.8211,138,0
IWM191018C149,2019-10-14,2019-10-14 09:33:25,2.04,0.8292,77,2.0,0.813,138,2.04,0.8292,1,2.02,0.8211,138,0
IWM191018C149,2019-10-14,2019-10-14 09:33:25,2.04,0.8292,87,2.0,0.813,158,2.04,0.8292,1,2.02,0.8211,138,0
IWM191018C149,2019-10-14,2019-10-14 09:33:26,2.04,0.8292,100,2.0,0.813,144,2.04,0.8292,1,2.02,0.8211,138,0
IWM191018C149,2019-10-14,2019-10-14 09:33:27,2.04,0.8292,90,2.0,0.813,317,2.04,0.8292,1,2.02,0.8211,138,0
IWM191018C149,2019-10-14,2019-10-14 09:33:27,2.04,0.8292,100,2.0,0.813,169,2.04,0.8292,1,2.02,0.8211,138,0
IWM191018C149,2019-10-14,2019-10-14 09:33:28,2.04,0.8292,39,2.0,0.813,285,2.04,0.8292,1,2.02,0.8211,138,0
IWM191018C149,2019-10-14,2019-10-14 09:33:28,2.03,0.8252,20,2.0,0.813,317,2.04,0.8292,1,2.015,0.8191,138,0
IWM191018C149,2019-10-14,2019-10-14 09:33:29,2.03,0.8252,79,1.99,0.8089,57,2.04,0.8292,1,2.01,0.817,138,0
IWM191018C149,2019-10-14,2019-10-14 09:33:29,2.03,0.8252,38,2.0,0.813,286,2.04,0.8292,1,2.015,0.8191,138,0
IWM191018C149,2019-10-14,2019-10-14 09:33:30,2.03,0.8252,45,1.99,0.8089,57,2.04,0.8292,1,2.01,0.817,138,0
IWM191018C149,2019-10-14,2019-10-14 09:33:30,2.03,0.8252,79,1.99,0.8089,57,2.04,0.8292,1,2.01,0.817,138,0
IWM191018C149,2019-10-14,2019-10-14 09:33:31,2.04,0.8292,44,1.99,0.8089,253,2.04,0.8292,1,2.015,0.8191,138,0
IWM191018C149,2019-10-14,2019-10-14 09:33:31,2.03,0.8252,20,2.0,0.813,2,2.04,0.8292,1,2.015,0.8191,138,0
IWM191018C149,2019-10-14,2019-10-14 09:33:32,2.04,0.8292,41,2.0,0.813,30,2.04,0.8292,1,2.02,0.8211,138,0
IWM191018C149,2019-10-14,2019-10-14 09:33:32,2.03,0.8252,30,1.99,0.8089,83,2.04,0.8292,1,2.01,0.817,138,0
IWM191018C149,2019-10-14,2019-10-14 09:33:33,2.04,0.8292,20,2.01,0.817,22,2.04,0.8292,1,2.025,0.8231,138,0
IWM191018C149,2019-10-14,2019-10-14 09:33:33,2.05,0.8333,45,2.01,0.817,274,2.04,0.8292,1,2.03,0.8252,138,0
IWM191018C149,2019-10-14,2019-10-14 09:33:34,2.05,0.8333,76,2.01,0.817,39,2.04,0.8292,1,2.03,0.8252,138,0
IWM191018C149,2019-10-14,2019-10-14 09:33:34,2.05,0.8333,20,2.02,0.8211,10,2.04,0.8292,1,2.035,0.8272,138,0
IWM191018C149,2019-10-14,2019-10-14 09:33:35,2.04,0.8292,20,2.01,0.817,200,2.04,0.8292,1,2.025,0.8231,138,0
IWM191018C149,2019-10-14,2019-10-14 09:33:35,2.04,0.8292,20,2.01,0.817,210,2.04,0.8292,1,2.025,0.8231,138,0
IWM191018C149,2019-10-14,2019-10-14 09:33:36,2.05,0.8333,59,2.01,0.817,213,2.04,0.8292,1,2.03,0.8252,138,0
IWM191018C149,2019-10-14,2019-10-14 09:33:36,2.05,0.8333,23,2.01,0.817,200,2.04,0.8292,1,2.03,0.8252,138,0
IWM191018C149,2019-10-14,2019-10-14 09:33:37,2.05,0.8333,40,2.01,0.817,213,2.04,0.8292,1,2.03,0.8252,138,0
IWM191018C149,2019-10-14,2019-10-14 09:33:37,2.05,0.8333,72,2.01,0.817,231,2.04,0.8292,1,2.03,0.8252,138,0
IWM191018C149,2019-10-14,2019-10-14 09:33:38,2.05,0.8333,72,2.01,0.817,231,2.04,0.8292,1,2.03,0.8252,138,0
IWM191018C149,2019-10-14,2019-10-14 09:33:39,2.05,0.8333,53,2.01,0.817,231,2.04,0.8292,1,2.03,0.8252,138,0
IWM191018C149,2019-10-14,2019-10-14 09:33:39,2.05,0.8333,41,2.01,0.817,234,2.04,0.8292,1,2.03,0.8252,138,0
IWM191018C149,2019-10-14,2019-10-14 09:33:40,2.04,0.8292,20,2.01,0.817,213,2.04,0.8292,1,2.025,0.8231,138,0
IWM191018C149,2019-10-14,2019-10-14 09:33:40,2.05,0.8333,41,2.01,0.817,213,2.04,0.8292,1,2.03,0.8252,138,0
IWM191018C149,2019-10-14,2019-10-14 09:33:41,2.05,0.8333,155,1.99,0.8089,230,2.04,0.8292,1,2.02,0.8211,138,0
IWM191018C149,2019-10-14,2019-10-14 09:33:41,2.05,0.8333,52,2.01,0.817,236,2.04,0.8292,1,2.03,0.8252,138,0
IWM191018C149,2019-10-14,2019-10-14 09:33:42,2.03,0.8252,30,1.99,0.8089,163,2.04,0.8292,1,2.01,0.817,138,0
IWM191018C149,2019-10-14,2019-10-14 09:33:43,2.02,0.8211,20,1.99,0.8089,79,2.04,0.8292,1,2.005,0.815,138,0
IWM191018C149,2019-10-14,2019-10-14 09:33:43,2.02,0.8211,30,1.99,0.8089,79,2.04,0.8292,1,2.005,0.815,138,0
IWM191018C149,2019-10-14,2019-10-14 09:33:44,2.02,0.8211,24,1.98,0.8048,23,2.04,0.8292,1,2.0,0.813,138,0
IWM191018C149,2019-10-14,2019-10-14 09:33:44,2.02,0.8211,26,1.99,0.8089,79,2.04,0.8292,1,2.005,0.815,138,0
IWM191018C149,2019-10-14,2019-10-14 09:33:45,2.03,0.8252,26,1.99,0.8089,29,2.04,0.8292,1,2.01,0.817,138,0
IWM191018C149,2019-10-14,2019-10-14 09:33:45,2.03,0.8252,74,1.99,0.8089,20,2.04,0.8292,1,2.01,0.817,138,0
IWM191018C149,2019-10-14,2019-10-14 09:33:46,2.03,0.8252,20,2.0,0.813,22,2.04,0.8292,1,2.015,0.8191,138,0
IWM191018C149,2019-10-14,2019-10-14 09:33:46,2.03,0.8252,16,2.0,0.813,38,2.04,0.8292,1,2.015,0.8191,138,0
IWM191018C149,2019-10-14,2019-10-14 09:33:47,2.03,0.8252,20,2.0,0.813,38,2.04,0.8292,1,2.015,0.8191,138,0
IWM191018C149,2019-10-14,2019-10-14 09:33:48,2.03,0.8252,20,2.0,0.813,22,2.04,0.8292,1,2.015,0.8191,138,0
IWM191018C149,2019-10-14,2019-10-14 09:33:49,2.03,0.8252,20,2.0,0.813,22,2.04,0.8292,1,2.015,0.8191,138,0
IWM191018C149,2019-10-14,2019-10-14 09:33:49,2.04,0.8292,20,2.0,0.813,57,2.04,0.8292,1,2.02,0.8211,138,0
IWM191018C149,2019-10-14,2019-10-14 09:33:50,2.03,0.8252,20,2.0,0.813,6,2.04,0.8292,1,2.015,0.8191,138,0
IWM191018C149,2019-10-14,2019-10-14 09:33:50,2.04,0.8292,24,2.0,0.813,52,2.04,0.8292,1,2.02,0.8211,138,0
IWM191018C149,2019-10-14,2019-10-14 09:33:51,2.04,0.8292,24,2.01,0.817,20,2.04,0.8292,1,2.025,0.8231,138,0
IWM191018C149,2019-10-14,2019-10-14 09:33:51,2.04,0.8292,34,2.0,0.813,23,2.04,0.8292,1,2.02,0.8211,138,0
IWM191018C149,2019-10-14,2019-10-14 09:33:52,2.04,0.8292,24,2.0,0.813,22,2.04,0.8292,1,2.02,0.8211,138,0
IWM191018C149,2019-10-14,2019-10-14 09:33:52,2.04,0.8292,40,2.0,0.813,221,2.04,0.8292,1,2.02,0.8211,138,0
IWM191018C149,2019-10-14,2019-10-14 09:33:53,2.04,0.8292,24,2.0,0.813,317,2.04,0.8292,1,2.02,0.8211,138,0
IWM191018C149,2019-10-14,2019-10-14 09:33:54,2.04,0.8292,23,2.01,0.817,221,2.04,0.8292,1,2.025,0.8231,138,0
IWM191018C149,2019-10-14,2019-10-14 09:33:54,2.04,0.8292,24,2.01,0.817,20,2.04,0.8292,1,2.025,0.8231,138,0
IWM191018C149,2019-10-14,2019-10-14 09:33:55,2.06,0.8373,40,2.02,0.8211,22,2.04,0.8292,1,2.04,0.8292,138,0
IWM191018C149,2019-10-14,2019-10-14 09:33:55,2.04,0.8292,23,2.01,0.817,22,2.04,0.8292,1,2.025,0.8231,138,0
IWM191018C149,2019-10-14,2019-10-14 09:33:56,2.05,0.8333,26,2.01,0.817,57,2.04,0.8292,1,2.03,0.8252,138,0
IWM191018C149,2019-10-14,2019-10-14 09:33:56,2.05,0.8333,31,2.01,0.817,237,2.04,0.8292,1,2.03,0.8252,138,0
IWM191018C149,2019-10-14,2019-10-14 09:33:58,2.05,0.8333,30,2.01,0.817,81,2.04,0.8292,1,2.03,0.8252,138,0
IWM191018C149,2019-10-14,2019-10-14 09:33:58,2.05,0.8333,20,2.01,0.817,93,2.04,0.8292,1,2.03,0.8252,138,0
IWM191018C149,2019-10-14,2019-10-14 09:33:59,2.06,0.8373,49,2.02,0.8211,49,2.04,0.8292,1,2.04,0.8292,138,0
IWM191018C149,2019-10-14,2019-10-14 09:33:59,2.06,0.8373,36,2.02,0.8211,53,2.04,0.8292,1,2.04,0.8292,138,0
IWM191018C149,2019-10-14,2019-10-14 09:34:00,2.06,0.8373,36,2.02,0.8211,116,2.04,0.8292,1,2.04,0.8292,138,0
IWM191018C149,2019-10-14,2019-10-14 09:34:00,2.06,0.8373,36,2.02,0.8211,121,2.04,0.8292,1,2.04,0.8292,138,0
IWM191018C149,2019-10-14,2019-10-14 09:34:01,2.06,0.8373,42,2.02,0.8211,187,2.04,0.8292,1,2.04,0.8292,138,0
IWM191018C149,2019-10-14,2019-10-14 09:34:01,2.06,0.8373,38,2.02,0.8211,333,2.04,0.8292,1,2.04,0.8292,138,0
IWM191018C149,2019-10-14,2019-10-14 09:34:02,2.05,0.8333,30,2.01,0.817,45,2.04,0.8292,1,2.03,0.8252,138,0
IWM191018C149,2019-10-14,2019-10-14 09:34:02,2.04,0.8292,20,2.01,0.817,20,2.04,0.8292,1,2.025,0.8231,138,0
IWM191018C149,2019-10-14,2019-10-14 09:34:03,2.05,0.8333,30,2.01,0.817,269,2.04,0.8292,1,2.03,0.8252,138,0
IWM191018C149,2019-10-14,2019-10-14 09:34:03,2.04,0.8292,20,2.01,0.817,269,2.04,0.8292,1,2.025,0.8231,138,0
IWM191018C149,2019-10-14,2019-10-14 09:34:04,2.05,0.8333,26,2.01,0.817,237,2.04,0.8292,1,2.03,0.8252,138,0
IWM191018C149,2019-10-14,2019-10-14 09:34:05,2.05,0.8333,26,2.01,0.817,237,2.04,0.8292,1,2.03,0.8252,138,0
IWM191018C149,2019-10-14,2019-10-14 09:34:06,2.05,0.8333,26,2.01,0.817,237,2.04,0.8292,1,2.03,0.8252,138,0
IWM191018C149,2019-10-14,2019-10-14 09:34:06,2.05,0.8333,29,2.01,0.817,63,2.04,0.8292,1,2.03,0.8252,138,0
IWM191018C149,2019-10-14,2019-10-14 09:34:07,2.04,0.8292,20,2.01,0.817,10,2.04,0.8292,1,2.025,0.8231,138,0
IWM191018C149,2019-10-14,2019-10-14 09:34:07,2.05,0.8333,30,2.01,0.817,180,2.04,0.8292,1,2.03,0.8252,138,0
IWM191018C149,2019-10-14,2019-10-14 09:34:08,2.04,0.8292,20,2.0,0.813,26,2.04,0.8292,1,2.02,0.8211,138,0
IWM191018C149,2019-10-14,2019-10-14 09:34:08,2.03,0.8252,26,2.0,0.813,20,2.04,0.8292,1,2.015,0.8191,138,0
IWM191018C149,2019-10-14,2019-10-14 09:34:09,2.02,0.8211,20,1.99,0.8089,20,2.04,0.8292,1,2.005,0.815,138,0
IWM191018C149,2019-10-14,2019-10-14 09:34:09,2.03,0.8252,26,2.0,0.813,22,2.04,0.8292,1,2.015,0.8191,138,0
IWM191018C149,2019-10-14,2019-10-14 09:34:10,2.02,0.8211,20,1.99,0.8089,20,2.04,0.8292,1,2.005,0.815,138,0
IWM191018C149,2019-10-14,2019-10-14 09:34:10,2.02,0.8211,31,1.99,0.8089,20,2.04,0.8292,1,2.005,0.815,138,0
IWM191018C149,2019-10-14,2019-10-14 09:34:11,2.03,0.8252,20,2.0,0.813,20,2.04,0.8292,1,2.015,0.8191,138,0
IWM191018C149,2019-10-14,2019-10-14 09:34:11,2.03,0.8252,20,2.0,0.813,22,2.04,0.8292,1,2.015,0.8191,138,0
IWM191018C149,2019-10-14,2019-10-14 09:34:12,2.03,0.8252,20,2.0,0.813,107,2.04,0.8292,1,2.015,0.8191,138,0
IWM191018C149,2019-10-14,2019-10-14 09:34:13,2.03,0.8252,37,2.0,0.813,22,2.04,0.8292,1,2.015,0.8191,138,0
IWM191018C149,2019-10-14,2019-10-14 09:34:13,2.03,0.8252,20,2.0,0.813,20,2.04,0.8292,1,2.015,0.8191,138,0
IWM191018C149,2019-10-14,2019-10-14 09:34:14,2.02,0.8211,20,1.99,0.8089,1,2.04,0.8292,1,2.005,0.815,138,0
IWM191018C149,2019-10-14,2019-10-14 09:34:14,2.02,0.8211,20,1.99,0.8089,21,2.04,0.8292,1,2.005,0.815,138,0
IWM191018C149,2019-10-14,2019-10-14 09:34:15,2.02,0.8211,13,1.99,0.8089,145,2.04,0.8292,1,2.005,0.815,138,0
IWM191018C149,2019-10-14,2019-10-14 09:34:15,2.02,0.8211,20,1.99,0.8089,21,2.04,0.8292,1,2.005,0.815,138,0
IWM191018C149,2019-10-14,2019-10-14 09:34:16,2.01,0.817,21,1.97,0.8008,36,2.04,0.8292,1,1.99,0.8089,138,0
IWM191018C149,2019-10-14,2019-10-14 09:34:16,2.0,0.813,20,1.97,0.8008,22,2.04,0.8292,1,1.985,0.8069,138,0
IWM191018C149,2019-10-14,2019-10-14 09:34:17,2.0,0.813,20,1.97,0.8008,22,2.04,0.8292,1,1.985,0.8069,138,0
IWM191018C149,2019-10-14,2019-10-14 09:34:18,2.0,0.813,56,1.96,0.7967,56,2.04,0.8292,1,1.98,0.8048,138,0
IWM191018C149,2019-10-14,2019-10-14 09:34:18,2.0,0.813,33,1.97,0.8008,20,2.04,0.8292,1,1.985,0.8069,138,0
IWM191018C149,2019-10-14,2019-10-14 09:34:19,2.0,0.813,54,1.96,0.7967,57,2.04,0.8292,1,1.98,0.8048,138,0
IWM191018C149,2019-10-14,2019-10-14 09:34:19,2.0,0.813,56,1.96,0.7967,56,2.04,0.8292,1,1.98,0.8048,138,0
IWM191018C149,2019-10-14,2019-10-14 09:34:20,2.0,0.813,79,1.96,0.7967,58,2.04,0.8292,1,1.98,0.8048,138,0
IWM191018C149,2019-10-14,2019-10-14 09:34:20,2.0,0.813,79,1.96,0.7967,54,2.04,0.8292,1,1.98,0.8048,138,0
IWM191018C149,2019-10-14,2019-10-14 09:34:21,2.0,0.813,79,1.97,0.8008,108,2.04,0.8292,1,1.985,0.8069,138,0
IWM191018C149,2019-10-14,2019-10-14 09:34:21,2.0,0.813,79,1.97,0.8008,20,2.04,0.8292,1,1.985,0.8069,138,0
IWM191018C149,2019-10-14,2019-10-14 09:34:22,2.0,0.813,79,1.97,0.8008,55,2.04,0.8292,1,1.985,0.8069,138,0
IWM191018C149,2019-10-14,2019-10-14 09:34:22,2.0,0.813,55,1.96,0.7967,212,2.04,0.8292,1,1.98,0.8048,138,0
IWM191018C149,2019-10-14,2019-10-14 09:34:23,2.0,0.813,55,1.96,0.7967,321,2.04,0.8292,1,1.98,0.8048,138,0
IWM191018C149,2019-10-14,2019-10-14 09:34:23,2.0,0.813,55,1.96,0.7967,306,2.04,0.8292,1,1.98,0.8048,138,0
IWM191018C149,2019-10-14,2019-10-14 09:34:24,2.0,0.813,94,1.96,0.7967,60,2.04,0.8292,1,1.98,0.8048,138,0
IWM191018C149,2019-10-14,2019-10-14 09:34:24,2.0,0.813,94,1.96,0.7967,212,2.04,0.8292,1,1.98,0.8048,138,0
IWM191018C149,2019-10-14,2019-10-14 09:34:25,2.0,0.813,55,1.96,0.7967,60,2.04,0.8292,1,1.98,0.8048,138,0
IWM191018C149,2019-10-14,2019-10-14 09:34:26,2.0,0.813,52,1.97,0.8008,12,2.04,0.8292,1,1.985,0.8069,138,0
IWM191018C149,2019-10-14,2019-10-14 09:34:26,2.0,0.813,77,1.97,0.8008,12,2.04,0.8292,1,1.985,0.8069,138,0
IWM191018C149,2019-10-14,2019-10-14 09:34:27,2.0,0.813,77,1.97,0.8008,12,2.04,0.8292,1,1.985,0.8069,138,0
IWM191018C149,2019-10-14,2019-10-14 09:34:27,2.0,0.813,77,1.97,0.8008,139,2.04,0.8292,1,1.985,0.8069,138,0
IWM191018C149,2019-10-14,2019-10-14 09:34:28,2.0,0.813,77,1.97,0.8008,32,2.04,0.8292,1,1.985,0.8069,138,0
IWM191018C149,2019-10-14,2019-10-14 09:34:29,2.0,0.813,77,1.97,0.8008,32,2.04,0.8292,1,1.985,0.8069,138,0
IWM191018C149,2019-10-14,2019-10-14 09:34:30,2.0,0.813,21,1.97,0.8008,151,2.04,0.8292,1,1.985,0.8069,138,0
IWM191018C149,2019-10-14,2019-10-14 09:34:30,2.0,0.813,21,1.97,0.8008,139,2.04,0.8292,1,1.985,0.8069,138,0
IWM191018C149,2019-10-14,2019-10-14 09:34:31,2.0,0.813,21,1.97,0.8008,36,2.04,0.8292,1,1.985,0.8069,138,0
IWM191018C149,2019-10-14,2019-10-14 09:34:31,2.02,0.8211,47,1.98,0.8048,56,2.04,0.8292,1,2.0,0.813,138,0
IWM191018C149,2019-10-14,2019-10-14 09:34:32,2.02,0.8211,47,1.99,0.8089,20,2.04,0.8292,1,2.005,0.815,138,0
IWM191018C149,2019-10-14,2019-10-14 09:34:32,2.03,0.8252,48,2.0,0.813,20,2.04,0.8292,1,2.015,0.8191,138,0
IWM191018C149,2019-10-14,2019-10-14 09:34:33,2.03,0.8252,22,2.0,0.813,31,2.04,0.8292,1,2.015,0.8191,138,0
IWM191018C149,2019-10-14,2019-10-14 09:34:33,2.03,0.8252,40,2.0,0.813,11,2.04,0.8292,1,2.015,0.8191,138,0
IWM191018C149,2019-10-14,2019-10-14 09:34:34,2.03,0.8252,21,2.0,0.813,34,2.04,0.8292,1,2.015,0.8191,138,0
IWM191018C149,2019-10-14,2019-10-14 09:34:34,2.03,0.8252,10,2.0,0.813,34,2.04,0.8292,1,2.015,0.8191,138,0
IWM191018C149,2019-10-14,2019-10-14 09:34:35,2.04,0.8292,20,2.01,0.817,157,2.04,0.8292,1,2.025,0.8231,138,0
IWM191018C149,2019-10-14,2019-10-14 09:34:35,2.04,0.8292,20,2.01,0.817,141,2.04,0.8292,1,2.025,0.8231,138,0
IWM191018C149,2019-10-14,2019-10-14 09:34:36,2.04,0.8292,45,2.01,0.817,157,2.04,0.8292,1,2.025,0.8231,138,0
IWM191018C149,2019-10-14,2019-10-14 09:34:37,2.04,0.8292,45,2.01,0.817,1,2.04,0.8292,1,2.025,0.8231,138,0
IWM191018C149,2019-10-14,2019-10-14 09:34:37,2.04,0.8292,45,2.01,0.817,102,2.04,0.8292,1,2.025,0.8231,138,0
IWM191018C149,2019-10-14,2019-10-14 09:34:38,2.04,0.8292,83,2.01,0.817,21,2.04,0.8292,1,2.025,0.8231,138,0
IWM191018C149,2019-10-14,2019-10-14 09:34:38,2.04,0.8292,83,2.01,0.817,68,2.04,0.8292,1,2.025,0.8231,138,0
IWM191018C149,2019-10-14,2019-10-14 09:34:39,2.04,0.8292,83,2.01,0.817,21,2.04,0.8292,1,2.025,0.8231,138,0
IWM191018C149,2019-10-14,2019-10-14 09:34:39,2.04,0.8292,83,2.01,0.817,20,2.04,0.8292,1,2.025,0.8231,138,0
IWM191018C149,2019-10-14,2019-10-14 09:34:40,2.03,0.8252,29,1.99,0.8089,55,2.04,0.8292,1,2.01,0.817,138,0
IWM191018C149,2019-10-14,2019-10-14 09:34:40,2.04,0.8292,86,2.01,0.817,20,2.04,0.8292,1,2.025,0.8231,138,0
IWM191018C149,2019-10-14,2019-10-14 09:34:41,2.03,0.8252,66,2.0,0.813,20,2.04,0.8292,1,2.015,0.8191,138,0
IWM191018C149,2019-10-14,2019-10-14 09:34:42,2.02,0.8211,54,1.99,0.8089,24,2.04,0.8292,1,2.005,0.815,138,0
IWM191018C149,2019-10-14,2019-10-14 09:34:42,2.03,0.8252,107,1.99,0.8089,27,2.04,0.8292,1,2.01,0.817,138,0
IWM191018C149,2019-10-14,2019-10-14 09:34:43,2.02,0.8211,79,1.99,0.8089,20,2.04,0.8292,1,2.005,0.815,138,0
IWM191018C149,2019-10-14,2019-10-14 09:34:43,2.02,0.8211,54,1.99,0.8089,24,2.04,0.8292,1,2.005,0.815,138,0
IWM191018C149,2019-10-14,2019-10-14 09:34:44,2.02,0.8211,101,1.98,0.8048,23,2.04,0.8292,1,2.0,0.813,138,0
IWM191018C149,2019-10-14,2019-10-14 09:34:44,2.02,0.8211,124,1.98,0.8048,50,2.04,0.8292,1,2.0,0.813,138,0
IWM191018C149,2019-10-14,2019-10-14 09:34:45,2.02,0.8211,124,1.98,0.8048,47,2.04,0.8292,1,2.0,0.813,138,0
IWM191018C149,2019-10-14,2019-10-14 09:34:45,2.01,0.817,74,1.98,0.8048,47,2.04,0.8292,1,1.995,0.8109,138,0
IWM191018C149,2019-10-14,2019-10-14 09:34:46,2.0,0.813,56,1.97,0.8008,20,2.04,0.8292,1,1.985,0.8069,138,0
IWM191018C149,2019-10-14,2019-10-14 09:34:46,2.01,0.817,74,1.97,0.8008,23,2.04,0.8292,1,1.99,0.8089,138,0
IWM191018C149,2019-10-14,2019-10-14 09:34:47,2.0,0.813,40,1.97,0.8008,20,2.04,0.8292,1,1.985,0.8069,138,0
IWM191018C149,2019-10-14,2019-10-14 09:34:48,2.01,0.817,40,1.98,0.8048,20,2.04,0.8292,1,1.995,0.8109,138,0
IWM191018C149,2019-10-14,2019-10-14 09:34:49,2.02,0.8211,81,1.99,0.8089,20,2.04,0.8292,1,2.005,0.815,138,0
IWM191018C149,2019-10-14,2019-10-14 09:34:49,2.01,0.817,40,1.98,0.8048,30,2.04,0.8292,1,1.995,0.8109,138,0
IWM191018C149,2019-10-14,2019-10-14 09:34:50,2.02,0.8211,81,1.99,0.8089,20,2.04,0.8292,1,2.005,0.815,138,0
IWM191018C149,2019-10-14,2019-10-14 09:34:50,2.02,0.8211,81,2.0,0.813,20,2.04,0.8292,1,2.01,0.817,138,0
IWM191018C149,2019-10-14,2019-10-14 09:34:51,2.03,0.8252,101,2.0,0.813,20,2.04,0.8292,1,2.015,0.8191,138,0
IWM191018C149,2019-10-14,2019-10-14 09:34:51,2.03,0.8252,88,2.0,0.813,20,2.04,0.8292,1,2.015,0.8191,138,0
IWM191018C149,2019-10-14,2019-10-14 09:34:52,2.03,0.8252,56,2.0,0.813,22,2.04,0.8292,1,2.015,0.8191,138,0
IWM191018C149,2019-10-14,2019-10-14 09:34:52,2.03,0.8252,76,2.0,0.813,20,2.04,0.8292,1,2.015,0.8191,138,0
IWM191018C149,2019-10-14,2019-10-14 09:34:53,2.03,0.8252,56,2.0,0.813,22,2.04,0.8292,1,2.015,0.8191,138,0
IWM191018C149,2019-10-14,2019-10-14 09:34:53,2.03,0.8252,104,1.99,0.8089,97,2.04,0.8292,1,2.01,0.817,138,0
IWM191018C149,2019-10-14,2019-10-14 09:34:54,2.02,0.8211,52,1.99,0.8089,33,2.04,0.8292,1,2.005,0.815,138,0
IWM191018C149,2019-10-14,2019-10-14 09:34:54,2.03,0.8252,158,1.99,0.8089,33,2.04,0.8292,1,2.01,0.817,138,0
IWM191018C149,2019-10-14,2019-10-14 09:34:55,2.02,0.8211,52,1.99,0.8089,33,2.04,0.8292,1,2.005,0.815,138,0
IWM191018C149,2019-10-14,2019-10-14 09:34:56,2.02,0.8211,56,1.99,0.8089,33,2.04,0.8292,1,2.005,0.815,138,0
IWM191018C149,2019-10-14,2019-10-14 09:34:56,2.03,0.8252,122,1.99,0.8089,44,2.04,0.8292,1,2.01,0.817,138,0
IWM191018C149,2019-10-14,2019-10-14 09:34:57,2.03,0.8252,122,1.99,0.8089,66,2.04,0.8292,1,2.01,0.817,138,0
IWM191018C149,2019-10-14,2019-10-14 09:34:58,2.03,0.8252,122,1.99,0.8089,66,2.04,0.8292,1,2.01,0.817,138,0
IWM191018C149,2019-10-14,2019-10-14 09:34:58,2.02,0.8211,56,1.99,0.8089,44,2.04,0.8292,1,2.005,0.815,138,0
IWM191018C149,2019-10-14,2019-10-14 09:34:59,2.02,0.8211,46,1.99,0.8089,44,2.04,0.8292,1,2.005,0.815,138,0
IWM191018C149,2019-10-14,2019-10-14 09:34:59,2.02,0.8211,40,1.99,0.8089,79,2.04,0.8292,1,2.005,0.815,138,0
IWM191018C149,2019-10-14,2019-10-14 09:35:00,2.02,0.8211,40,2.0,0.813,22,2.04,0.8292,1,2.01,0.817,138,0
IWM191018C149,2019-10-14,2019-10-14 09:35:00,2.02,0.8211,40,1.99,0.8089,44,2.04,0.8292,1,2.005,0.815,138,0
IWM191018C149,2019-10-14,2019-10-14 09:35:01,2.04,0.8292,56,2.01,0.817,22,2.04,0.8292,1,2.025,0.8231,138,0
IWM191018C149,2019-10-14,2019-10-14 09:35:01,2.04,0.8292,56,2.0,0.813,76,2.04,0.8292,1,2.02,0.8211,138,0
IWM191018C149,2019-10-14,2019-10-14 09:35:02,2.05,0.8333,66,2.02,0.8211,20,2.04,0.8292,1,2.035,0.8272,138,0
IWM191018C149,2019-10-14,2019-10-14 09:35:02,2.04,0.8292,36,2.02,0.8211,20,2.04,0.8292,1,2.03,0.8252,138,0
IWM191018C149,2019-10-14,2019-10-14 09:35:03,2.06,0.8373,91,2.03,0.8252,20,2.04,0.8292,1,2.045,0.8313,138,0
IWM191018C149,2019-10-14,2019-10-14 09:35:03,2.05,0.8333,91,2.02,0.8211,20,2.04,0.8292,1,2.035,0.8272,138,0
IWM191018C149,2019-10-14,2019-10-14 09:35:04,2.06,0.8373,91,2.02,0.8211,56,2.04,0.8292,1,2.04,0.8292,138,0
IWM191018C149,2019-10-14,2019-10-14 09:35:05,2.06,0.8373,130,2.02,0.8211,56,2.04,0.8292,1,2.04,0.8292,138,0
IWM191018C149,2019-10-14,2019-10-14 09:35:05,2.06,0.8373,165,2.02,0.8211,56,2.04,0.8292,1,2.04,0.8292,138,0
IWM191018C149,2019-10-14,2019-10-14 09:35:06,2.05,0.8333,88,2.02,0.8211,36,2.04,0.8292,1,2.035,0.8272,138,0
IWM191018C149,2019-10-14,2019-10-14 09:35:07,2.04,0.8292,81,2.01,0.817,47,2.04,0.8292,1,2.025,0.8231,138,0
IWM191018C149,2019-10-14,2019-10-14 09:35:07,2.04,0.8292,57,2.01,0.817,20,2.04,0.8292,1,2.025,0.8231,138,0
IWM191018C149,2019-10-14,2019-10-14 09:35:08,2.03,0.8252,82,2.0,0.813,81,2.04,0.8292,1,2.015,0.8191,138,0
IWM191018C149,2019-10-14,2019-10-14 09:35:08,2.02,0.8211,38,2.0,0.813,1,2.04,0.8292,1,2.01,0.817,138,0
IWM191018C149,2019-10-14,2019-10-14 09:35:09,2.03,0.8252,82,1.99,0.8089,20,2.04,0.8292,1,2.01,0.817,138,0
IWM191018C149,2019-10-14,2019-10-14 09:35:09,2.03,0.8252,168,1.99,0.8089,86,2.04,0.8292,1,2.01,0.817,138,0
IWM191018C149,2019-10-14,2019-10-14 09:35:10,2.02,0.8211,56,1.99,0.8089,20,2.04,0.8292,1,2.005,0.815,138,0
IWM191018C149,2019-10-14,2019-10-14 09:35:10,2.02,0.8211,76,1.98,0.8048,26,2.04,0.8292,1,2.0,0.813,138,0
IWM191018C149,2019-10-14,2019-10-14 09:35:11,2.01,0.817,98,1.98,0.8048,26,2.04,0.8292,1,1.995,0.8109,138,0
IWM191018C149,2019-10-14,2019-10-14 09:35:11,2.02,0.8211,93,1.98,0.8048,26,2.04,0.8292,1,2.0,0.813,138,0
IWM191018C149,2019-10-14,2019-10-14 09:35:12,2.01,0.817,98,1.98,0.8048,26,2.04,0.8292,1,1.995,0.8109,138,0
IWM191018C149,2019-10-14,2019-10-14 09:35:13,2.01,0.817,106,1.97,0.8008,20,2.04,0.8292,1,1.99,0.8089,138,0
IWM191018C149,2019-10-14,2019-10-14 09:35:13,2.01,0.817,98,1.98,0.8048,26,2.04,0.8292,1,1.995,0.8109,138,0
IWM191018C149,2019-10-14,2019-10-14 09:35:14,2.01,0.817,78,1.98,0.8048,20,2.04,0.8292,1,1.995,0.8109,138,0
IWM191018C149,2019-10-14,2019-10-14 09:35:14,2.01,0.817,57,1.98,0.8048,133,2.04,0.8292,1,1.995,0.8109,138,0
IWM191018C149,2019-10-14,2019-10-14 09:35:15,2.02,0.8211,59,1.99,0.8089,20,2.04,0.8292,1,2.005,0.815,138,0
IWM191018C149,2019-10-14,2019-10-14 09:35:15,2.02,0.8211,24,1.99,0.8089,20,2.04,0.8292,1,2.005,0.815,138,0
IWM191018C149,2019-10-14,2019-10-14 09:35:16,2.02,0.8211,24,1.99,0.8089,20,2.04,0.8292,1,2.005,0.815,138,0
IWM191018C149,2019-10-14,2019-10-14 09:35:16,2.02,0.8211,24,1.99,0.8089,60,2.04,0.8292,1,2.005,0.815,138,0
IWM191018C149,2019-10-14,2019-10-14 09:35:17,2.02,0.8211,136,1.99,0.8089,60,2.04,0.8292,1,2.005,0.815,138,0
IWM191018C149,2019-10-14,2019-10-14 09:35:17,2.02,0.8211,57,1.99,0.8089,60,2.04,0.8292,1,2.005,0.815,138,0
IWM191018C149,2019-10-14,2019-10-14 09:35:18,2.02,0.8211,119,1.99,0.8089,1,2.04,0.8292,1,2.005,0.815,138,0
IWM191018C149,2019-10-14,2019-10-14 09:35:18,2.02,0.8211,140,1.99,0.8089,40,2.04,0.8292,1,2.005,0.815,138,0
IWM191018C149,2019-10-14,2019-10-14 09:35:19,2.01,0.817,81,1.98,0.8048,58,2.04,0.8292,1,1.995,0.8109,138,0
IWM191018C149,2019-10-14,2019-10-14 09:35:19,2.02,0.8211,172,1.99,0.8089,21,2.04,0.8292,1,2.005,0.815,138,0
IWM191018C149,2019-10-14,2019-10-14 09:35:20,2.01,0.817,133,1.98,0.8048,58,2.04,0.8292,1,1.995,0.8109,138,0
IWM191018C149,2019-10-14,2019-10-14 09:35:20,2.01,0.817,81,1.98,0.8048,58,2.04,0.8292,1,1.995,0.8109,138,0
IWM191018C149,2019-10-14,2019-10-14 09:35:21,2.01,0.817,10,1.98,0.8048,26,2.04,0.8292,1,1.995,0.8109,138,0
IWM191018C149,2019-10-14,2019-10-14 09:35:22,2.01,0.817,10,1.98,0.8048,26,2.04,0.8292,1,1.995,0.8109,138,0
IWM191018C149,2019-10-14,2019-10-14 09:35:23,2.02,0.8211,81,1.98,0.8048,116,2.04,0.8292,1,2.0,0.813,138,0
IWM191018C149,2019-10-14,2019-10-14 09:35:24,2.02,0.8211,169,1.98,0.8048,84,2.04,0.8292,1,2.0,0.813,138,0
IWM191018C149,2019-10-14,2019-10-14 09:35:24,2.01,0.817,1,1.98,0.8048,57,2.04,0.8292,1,1.995,0.8109,138,0
IWM191018C149,2019-10-14,2019-10-14 09:35:25,2.02,0.8211,169,1.98,0.8048,57,2.04,0.8292,1,2.0,0.813,138,0
IWM191018C149,2019-10-14,2019-10-14 09:35:25,2.02,0.8211,169,1.98,0.8048,84,2.04,0.8292,1,2.0,0.813,138,0
IWM191018C149,2019-10-14,2019-10-14 09:35:26,2.02,0.8211,85,1.99,0.8089,22,2.04,0.8292,1,2.005,0.815,138,0
IWM191018C149,2019-10-14,2019-10-14 09:35:26,2.02,0.8211,131,1.98,0.8048,57,2.04,0.8292,1,2.0,0.813,138,0
IWM191018C149,2019-10-14,2019-10-14 09:35:27,2.02,0.8211,101,1.99,0.8089,10,2.04,0.8292,1,2.005,0.815,138,0
IWM191018C149,2019-10-14,2019-10-14 09:35:27,2.02,0.8211,69,1.99,0.8089,22,2.04,0.8292,1,2.005,0.815,138,0
IWM191018C149,2019-10-14,2019-10-14 09:35:28,2.02,0.8211,191,1.98,0.8048,54,2.04,0.8292,1,2.0,0.813,138,0
IWM191018C149,2019-10-14,2019-10-14 09:35:29,2.02,0.8211,198,1.98,0.8048,93,2.04,0.8292,1,2.0,0.813,138,0
IWM191018C149,2019-10-14,2019-10-14 09:35:29,2.02,0.8211,172,1.98,0.8048,78,2.04,0.8292,1,2.0,0.813,138,0
IWM191018C149,2019-10-14,2019-10-14 09:35:30,2.02,0.8211,107,1.99,0.8089,26,2.04,0.8292,1,2.005,0.815,138,0
IWM191018C149,2019-10-14,2019-10-14 09:35:31,2.03,0.8252,112,1.99,0.8089,58,2.04,0.8292,1,2.01,0.817,138,0
IWM191018C149,2019-10-14,2019-10-14 09:35:31,2.02,0.8211,107,1.99,0.8089,93,2.04,0.8292,1,2.005,0.815,138,0
IWM191018C149,2019-10-14,2019-10-14 09:35:32,2.03,0.8252,122,2.0,0.813,22,2.04,0.8292,1,2.015,0.8191,138,0
IWM191018C149,2019-10-14,2019-10-14 09:35:32,2.02,0.8211,59,1.99,0.8089,33,2.04,0.8292,1,2.005,0.815,138,0
IWM191018C149,2019-10-14,2019-10-14 09:35:33,2.02,0.8211,119,1.99,0.8089,33,2.04,0.8292,1,2.005,0.815,138,0
IWM191018C149,2019-10-14,2019-10-14 09:35:33,2.02,0.8211,83,1.99,0.8089,30,2.04,0.8292,1,2.005,0.815,138,0
IWM191018C149,2019-10-14,2019-10-14 09:35:34,2.02,0.8211,122,1.99,0.8089,30,2.04,0.8292,1,2.005,0.815,138,0
IWM191018C149,2019-10-14,2019-10-14 09:35:34,2.02,0.8211,122,1.98,0.8048,90,2.04,0.8292,1,2.0,0.813,138,0
IWM191018C149,2019-10-14,2019-10-14 09:35:35,2.02,0.8211,19,1.98,0.8048,90,2.04,0.8292,1,2.0,0.813,138,0
IWM191018C149,2019-10-14,2019-10-14 09:35:36,2.03,0.8252,111,2.0,0.813,21,2.04,0.8292,1,2.015,0.8191,138,0
IWM191018C149,2019-10-14,2019-10-14 09:35:36,2.03,0.8252,74,2.0,0.813,21,2.04,0.8292,1,2.015,0.8191,138,0
IWM191018C149,2019-10-14,2019-10-14 09:35:37,2.02,0.8211,25,1.99,0.8089,59,2.04,0.8292,1,2.005,0.815,138,0
IWM191018C149,2019-10-14,2019-10-14 09:35:37,2.02,0.8211,25,1.99,0.8089,78,2.04,0.8292,1,2.005,0.815,138,0
IWM191018C149,2019-10-14,2019-10-14 09:35:38,2.0,0.813,10,1.99,0.8089,20,2.04,0.8292,1,1.995,0.8109,138,0
IWM191018C149,2019-10-14,2019-10-14 09:35:38,2.02,0.8211,3,1.99,0.8089,78,2.04,0.8292,1,2.005,0.815,138,0
IWM191018C149,2019-10-14,2019-10-14 09:35:39,2.0,0.813,10,1.99,0.8089,160,2.0,0.813,3,1.995,0.8109,193,55
IWM191018C149,2019-10-14,2019-10-14 09:35:39,2.0,0.813,10,1.99,0.8089,36,2.0,0.813,3,1.995,0.8109,193,0
IWM191018C149,2019-10-14,2019-10-14 09:35:40,2.03,0.8252,97,2.0,0.813,24,2.0,0.813,10,2.015,0.8191,238,0
IWM191018C149,2019-10-14,2019-10-14 09:35:40,2.03,0.8252,60,1.99,0.8089,36,2.0,0.813,10,2.01,0.817,238,45
IWM191018C149,2019-10-14,2019-10-14 09:35:41,2.02,0.8211,32,1.99,0.8089,42,2.0,0.813,10,2.005,0.815,238,0
IWM191018C149,2019-10-14,2019-10-14 09:35:42,2.02,0.8211,35,1.99,0.8089,42,2.0,0.813,10,2.005,0.815,238,0
IWM191018C149,2019-10-14,2019-10-14 09:35:43,2.01,0.817,58,1.98,0.8048,74,2.0,0.813,10,1.995,0.8109,238,0
IWM191018C149,2019-10-14,2019-10-14 09:35:43,2.01,0.817,58,1.98,0.8048,98,2.0,0.813,10,1.995,0.8109,238,0
IWM191018C149,2019-10-14,2019-10-14 09:35:44,2.01,0.817,83,1.98,0.8048,74,2.0,0.813,10,1.995,0.8109,238,0
IWM191018C149,2019-10-14,2019-10-14 09:35:45,2.01,0.817,168,1.97,0.8008,58,2.0,0.813,10,1.99,0.8089,238,0
IWM191018C149,2019-10-14,2019-10-14 09:35:45,2.01,0.817,134,1.98,0.8048,54,2.0,0.813,10,1.995,0.8109,238,0
IWM191018C149,2019-10-14,2019-10-14 09:35:46,2.01,0.817,101,1.97,0.8008,38,2.0,0.813,10,1.99,0.8089,238,0
IWM191018C149,2019-10-14,2019-10-14 09:35:46,2.01,0.817,179,1.97,0.8008,142,2.0,0.813,10,1.99,0.8089,238,0
IWM191018C149,2019-10-14,2019-10-14 09:35:47,2.0,0.813,116,1.97,0.8008,27,2.0,0.813,10,1.985,0.8069,238,0
IWM191018C149,2019-10-14,2019-10-14 09:35:47,2.0,0.813,81,1.97,0.8008,58,2.0,0.813,10,1.985,0.8069,238,0
IWM191018C149,2019-10-14,2019-10-14 09:35:48,1.99,0.8089,34,1.96,0.7967,58,2.0,0.813,10,1.975,0.8028,238,0
IWM191018C149,2019-10-14,2019-10-14 09:35:48,1.99,0.8089,51,1.96,0.7967,58,2.0,0.813,10,1.975,0.8028,238,0
IWM191018C149,2019-10-14,2019-10-14 09:35:49,1.99,0.8089,76,1.96,0.7967,98,2.0,0.813,10,1.975,0.8028,238,0
IWM191018C149,2019-10-14,2019-10-14 09:35:49,1.98,0.8048,26,1.95,0.7926,58,2.0,0.813,10,1.965,0.7987,238,0
IWM191018C149,2019-10-14,2019-10-14 09:35:50,1.98,0.8048,34,1.96,0.7967,32,2.0,0.813,10,1.97,0.8008,238,0
IWM191018C149,2019-10-14,2019-10-14 09:35:50,1.99,0.8089,58,1.96,0.7967,52,2.0,0.813,10,1.975,0.8028,238,0
IWM191018C149,2019-10-14,2019-10-14 09:35:51,1.98,0.8048,83,1.95,0.7926,42,2.0,0.813,10,1.965,0.7987,238,0
IWM191018C149,2019-10-14,2019-10-14 09:35:51,1.98,0.8048,58,1.95,0.7926,42,2.0,0.813,10,1.965,0.7987,238,0
IWM191018C149,2019-10-14,2019-10-14 09:35:52,1.98,0.8048,83,1.95,0.7926,42,2.0,0.813,10,1.965,0.7987,238,0
IWM191018C149,2019-10-14,2019-10-14 09:35:52,1.97,0.8008,83,1.94,0.7886,20,2.0,0.813,10,1.955,0.7947,238,0
IWM191018C149,2019-10-14,2019-10-14 09:35:53,1.97,0.8008,50,1.94,0.7886,58,2.0,0.813,10,1.955,0.7947,238,0
IWM191018C149,2019-10-14,2019-10-14 09:35:53,1.97,0.8008,45,1.94,0.7886,58,2.0,0.813,10,1.955,0.7947,238,0
IWM191018C149,2019-10-14,2019-10-14 09:35:54,1.97,0.8008,65,1.94,0.7886,58,2.0,0.813,10,1.955,0.7947,238,0
IWM191018C149,2019-10-14,2019-10-14 09:35:54,1.97,0.8008,90,1.94,0.7886,38,2.0,0.813,10,1.955,0.7947,238,0
IWM191018C149,2019-10-14,2019-10-14 09:35:55,1.96,0.7967,24,1.93,0.7845,25,2.0,0.813,10,1.945,0.7906,238,0
IWM191018C149,2019-10-14,2019-10-14 09:35:55,1.96,0.7967,67,1.93,0.7845,5,2.0,0.813,10,1.945,0.7906,238,0
IWM191018C149,2019-10-14,2019-10-14 09:35:56,1.96,0.7967,24,1.94,0.7886,88,2.0,0.813,10,1.95,0.7926,238,0
IWM191018C149,2019-10-14,2019-10-14 09:35:56,1.97,0.8008,1,1.94,0.7886,63,2.0,0.813,10,1.955,0.7947,238,0
IWM191018C149,2019-10-14,2019-10-14 09:35:57,1.98,0.8048,87,1.94,0.7886,63,2.0,0.813,10,1.96,0.7967,238,0
IWM191018C149,2019-10-14,2019-10-14 09:35:58,1.98,0.8048,164,1.94,0.7886,164,2.0,0.813,10,1.96,0.7967,238,0
IWM191018C149,2019-10-14,2019-10-14 09:35:58,1.98,0.8048,164,1.94,0.7886,58,2.0,0.813,10,1.96,0.7967,238,0
IWM191018C149,2019-10-14,2019-10-14 09:35:59,1.97,0.8008,24,1.94,0.7886,58,2.0,0.813,10,1.955,0.7947,238,0
IWM191018C149,2019-10-14,2019-10-14 09:35:59,1.98,0.8048,120,1.94,0.7886,164,2.0,0.813,10,1.96,0.7967,238,0
IWM191018C149,2019-10-14,2019-10-14 09:36:00,1.97,0.8008,34,1.94,0.7886,146,2.0,0.813,10,1.955,0.7947,238,0
IWM191018C149,2019-10-14,2019-10-14 09:36:00,1.97,0.8008,40,1.94,0.7886,38,2.0,0.813,10,1.955,0.7947,238,0
IWM191018C149,2019-10-14,2019-10-14 09:36:01,1.99,0.8089,23,1.96,0.7967,134,2.0,0.813,10,1.975,0.8028,238,0
IWM191018C149,2019-10-14,2019-10-14 09:36:01,1.99,0.8089,58,1.96,0.7967,58,2.0,0.813,10,1.975,0.8028,238,0
IWM191018C149,2019-10-14,2019-10-14 09:36:02,2.02,0.8211,43,1.98,0.8048,20,2.0,0.813,10,2.0,0.813,238,0
IWM191018C149,2019-10-14,2019-10-14 09:36:02,2.02,0.8211,44,1.99,0.8089,20,2.0,0.813,10,2.005,0.815,238,0
IWM191018C149,2019-10-14,2019-10-14 09:36:03,2.0,0.813,58,1.97,0.8008,67,2.0,0.813,10,1.985,0.8069,238,0
IWM191018C149,2019-10-14,2019-10-14 09:36:03,2.01,0.817,58,1.98,0.8048,37,2.0,0.813,10,1.995,0.8109,238,0
IWM191018C149,2019-10-14,2019-10-14 09:36:04,2.0,0.813,111,1.96,0.7967,22,2.0,0.813,10,1.98,0.8048,238,0
IWM191018C149,2019-10-14,2019-10-14 09:36:04,2.0,0.813,128,1.96,0.7967,22,2.0,0.813,10,1.98,0.8048,238,0
IWM191018C149,2019-10-14,2019-10-14 09:36:05,1.98,0.8048,83,1.94,0.7886,9,2.0,0.813,10,1.96,0.7967,238,0
IWM191018C149,2019-10-14,2019-10-14 09:36:05,1.99,0.8089,95,1.96,0.7967,36,2.0,0.813,10,1.975,0.8028,238,0
IWM191018C149,2019-10-14,2019-10-14 09:36:06,1.97,0.8008,75,1.94,0.7886,7,2.0,0.813,10,1.955,0.7947,238,0
IWM191018C149,2019-10-14,2019-10-14 09:36:06,1.97,0.8008,119,1.93,0.7845,107,2.0,0.813,10,1.95,0.7926,238,0
IWM191018C149,2019-10-14,2019-10-14 09:36:07,1.95,0.7926,20,1.92,0.7804,33,2.0,0.813,10,1.935,0.7865,238,0
IWM191018C149,2019-10-14,2019-10-14 09:36:07,1.96,0.7967,58,1.93,0.7845,58,2.0,0.813,10,1.945,0.7906,238,0
IWM191018C149,2019-10-14,2019-10-14 09:36:08,1.95,0.7926,58,1.92,0.7804,20,2.0,0.813,10,1.935,0.7865,238,0
IWM191018C149,2019-10-14,2019-10-14 09:36:08,1.95,0.7926,72,1.91,0.7764,67,2.0,0.813,10,1.93,0.7845,238,0
IWM191018C149,2019-10-14,2019-10-14 09:36:09,1.95,0.7926,58,1.92,0.7804,25,2.0,0.813,10,1.935,0.7865,238,0
IWM191018C149,2019-10-14,2019-10-14 09:36:09,1.95,0.7926,89,1.92,0.7804,5,2.0,0.813,10,1.935,0.7865,238,0
IWM191018C149,2019-10-14,2019-10-14 09:36:10,1.95,0.7926,58,1.92,0.7804,20,2.0,0.813,10,1.935,0.7865,238,0
IWM191018C149,2019-10-14,2019-10-14 09:36:10,1.94,0.7886,57,1.91,0.7764,58,2.0,0.813,10,1.925,0.7825,238,0
IWM191018C149,2019-10-14,2019-10-14 09:36:11,1.95,0.7926,38,1.92,0.7804,20,2.0,0.813,10,1.935,0.7865,238,0
IWM191018C149,2019-10-14,2019-10-14 09:36:11,1.95,0.7926,58,1.92,0.7804,20,2.0,0.813,10,1.935,0.7865,238,0
IWM191018C149,2019-10-14,2019-10-14 09:36:12,1.96,0.7967,58,1.93,0.7845,20,2.0,0.813,10,1.945,0.7906,238,0
IWM191018C149,2019-10-14,2019-10-14 09:36:12,1.95,0.7926,38,1.92,0.7804,20,2.0,0.813,10,1.935,0.7865,238,0
IWM191018C149,2019-10-14,2019-10-14 09:36:13,1.97,0.8008,58,1.94,0.7886,36,2.0,0.813,10,1.955,0.7947,238,0
IWM191018C149,2019-10-14,2019-10-14 09:36:13,1.96,0.7967,69,1.93,0.7845,20,2.0,0.813,10,1.945,0.7906,238,0
IWM191018C149,2019-10-14,2019-10-14 09:36:14,1.97,0.8008,78,1.94,0.7886,36,2.0,0.813,10,1.955,0.7947,238,0
IWM191018C149,2019-10-14,2019-10-14 09:36:14,1.97,0.8008,78,1.94,0.7886,46,2.0,0.813,10,1.955,0.7947,238,0
IWM191018C149,2019-10-14,2019-10-14 09:36:15,1.97,0.8008,92,1.94,0.7886,36,2.0,0.813,10,1.955,0.7947,238,0
IWM191018C149,2019-10-14,2019-10-14 09:36:16,1.96,0.7967,33,1.93,0.7845,20,2.0,0.813,10,1.945,0.7906,238,0
IWM191018C149,2019-10-14,2019-10-14 09:36:16,1.96,0.7967,54,1.93,0.7845,10,2.0,0.813,10,1.945,0.7906,238,0
IWM191018C149,2019-10-14,2019-10-14 09:36:17,1.96,0.7967,54,1.93,0.7845,58,2.0,0.813,10,1.945,0.7906,238,0
IWM191018C149,2019-10-14,2019-10-14 09:36:17,1.96,0.7967,71,1.93,0.7845,38,2.0,0.813,10,1.945,0.7906,238,0
IWM191018C149,2019-10-14,2019-10-14 09:36:18,1.95,0.7926,34,1.93,0.7845,10,2.0,0.813,10,1.94,0.7886,238,0
IWM191018C149,2019-10-14,2019-10-14 09:36:18,1.96,0.7967,48,1.93,0.7845,58,2.0,0.813,10,1.945,0.7906,238,0
IWM191018C149,2019-10-14,2019-10-14 09:36:19,1.94,0.7886,76,1.92,0.7804,58,2.0,0.813,10,1.93,0.7845,238,0
IWM191018C149,2019-10-14,2019-10-14 09:36:19,1.95,0.7926,58,1.92,0.7804,58,2.0,0.813,10,1.935,0.7865,238,0
IWM191018C149,2019-10-14,2019-10-14 09:36:20,1.93,0.7845,68,1.9,0.7723,25,2.0,0.813,10,1.915,0.7784,238,0
IWM191018C149,2019-10-14,2019-10-14 09:36:20,1.93,0.7845,32,1.9,0.7723,25,2.0,0.813,10,1.915,0.7784,238,0
IWM191018C149,2019-10-14,2019-10-14 09:36:21,1.94,0.7886,20,1.91,0.7764,37,2.0,0.813,10,1.925,0.7825,238,0
IWM191018C149,2019-10-14,2019-10-14 09:36:21,1.93,0.7845,27,1.9,0.7723,57,2.0,0.813,10,1.915,0.7784,238,0
IWM191018C149,2019-10-14,2019-10-14 09:36:22,1.93,0.7845,47,1.9,0.7723,57,2.0,0.813,10,1.915,0.7784,238,0
IWM191018C149,2019-10-14,2019-10-14 09:36:22,1.93,0.7845,89,1.9,0.7723,57,2.0,0.813,10,1.915,0.7784,238,0
IWM191018C149,2019-10-14,2019-10-14 09:36:23,1.92,0.7804,57,1.89,0.7682,29,2.0,0.813,10,1.905,0.7743,238,0
IWM191018C149,2019-10-14,2019-10-14 09:36:23,1.92,0.7804,57,1.89,0.7682,49,2.0,0.813,10,1.905,0.7743,238,0
IWM191018C149,2019-10-14,2019-10-14 09:36:24,1.92,0.7804,82,1.89,0.7682,29,2.0,0.813,10,1.905,0.7743,238,0
IWM191018C149,2019-10-14,2019-10-14 09:36:25,1.92,0.7804,43,1.89,0.7682,49,2.0,0.813,10,1.905,0.7743,238,0
IWM191018C149,2019-10-14,2019-10-14 09:36:25,1.92,0.7804,82,1.89,0.7682,49,2.0,0.813,10,1.905,0.7743,238,0
IWM191018C149,2019-10-14,2019-10-14 09:36:26,1.92,0.7804,37,1.9,0.7723,53,2.0,0.813,10,1.91,0.7764,238,0
IWM191018C149,2019-10-14,2019-10-14 09:36:27,1.92,0.7804,57,1.89,0.7682,57,2.0,0.813,10,1.905,0.7743,238,0
IWM191018C149,2019-10-14,2019-10-14 09:36:27,1.92,0.7804,37,1.9,0.7723,53,2.0,0.813,10,1.91,0.7764,238,0
IWM191018C149,2019-10-14,2019-10-14 09:36:28,1.92,0.7804,123,1.89,0.7682,7,2.0,0.813,10,1.905,0.7743,238,0
IWM191018C149,2019-10-14,2019-10-14 09:36:28,1.92,0.7804,57,1.89,0.7682,7,2.0,0.813,10,1.905,0.7743,238,0
IWM191018C149,2019-10-14,2019-10-14 09:36:29,1.92,0.7804,148,1.89,0.7682,7,2.0,0.813,10,1.905,0.7743,238,0
IWM191018C149,2019-10-14,2019-10-14 09:36:29,1.91,0.7764,31,1.89,0.7682,7,2.0,0.813,10,1.9,0.7723,238,0
IWM191018C149,2019-10-14,2019-10-14 09:36:30,1.91,0.7764,31,1.89,0.7682,7,2.0,0.813,10,1.9,0.7723,238,0
IWM191018C149,2019-10-14,2019-10-14 09:36:30,1.92,0.7804,52,1.89,0.7682,7,2.0,0.813,10,1.905,0.7743,238,0
IWM191018C149,2019-10-14,2019-10-14 09:36:31,1.91,0.7764,20,1.88,0.7642,20,2.0,0.813,10,1.895,0.7703,238,0
IWM191018C149,2019-10-14,2019-10-14 09:36:31,1.92,0.7804,52,1.89,0.7682,27,2.0,0.813,10,1.905,0.7743,238,0
IWM191018C149,2019-10-14,2019-10-14 09:36:33,1.9,0.7723,34,1.88,0.7642,13,2.0,0.813,10,1.89,0.7682,238,0
IWM191018C149,2019-10-14,2019-10-14 09:36:33,1.9,0.7723,20,1.88,0.7642,13,2.0,0.813,10,1.89,0.7682,238,0
IWM191018C149,2019-10-14,2019-10-14 09:36:34,1.9,0.7723,20,1.87,0.7601,20,2.0,0.813,10,1.885,0.7662,238,0
IWM191018C149,2019-10-14,2019-10-14 09:36:34,1.9,0.7723,30,1.87,0.7601,20,2.0,0.813,10,1.885,0.7662,238,0
IWM191018C149,2019-10-14,2019-10-14 09:36:35,1.9,0.7723,71,1.87,0.7601,82,2.0,0.813,10,1.885,0.7662,238,0
IWM191018C149,2019-10-14,2019-10-14 09:36:35,1.9,0.7723,47,1.87,0.7601,57,2.0,0.813,10,1.885,0.7662,238,0
IWM191018C149,2019-10-14,2019-10-14 09:36:36,1.9,0.7723,27,1.88,0.7642,70,2.0,0.813,10,1.89,0.7682,238,0
IWM191018C149,2019-10-14,2019-10-14 09:36:36,1.9,0.7723,47,1.87,0.7601,36,2.0,0.813,10,1.885,0.7662,238,0
IWM191018C149,2019-10-14,2019-10-14 09:36:37,1.9,0.7723,27,1.88,0.7642,50,2.0,0.813,10,1.89,0.7682,238,0
IWM191018C149,2019-10-14,2019-10-14 09:36:38,1.9,0.7723,20,1.87,0.7601,116,2.0,0.813,10,1.885,0.7662,238,0
IWM191018C149,2019-10-14,2019-10-14 09:36:39,1.9,0.7723,36,1.88,0.7642,20,2.0,0.813,10,1.89,0.7682,238,0
IWM191018C149,2019-10-14,2019-10-14 09:36:39,1.9,0.7723,56,1.87,0.7601,190,2.0,0.813,10,1.885,0.7662,238,0
IWM191018C149,2019-10-14,2019-10-14 09:36:40,1.91,0.7764,56,1.88,0.7642,64,2.0,0.813,10,1.895,0.7703,238,0
IWM191018C149,2019-10-14,2019-10-14 09:36:40,1.91,0.7764,56,1.88,0.7642,35,2.0,0.813,10,1.895,0.7703,238,0
IWM191018C149,2019-10-14,2019-10-14 09:36:41,1.91,0.7764,36,1.88,0.7642,161,2.0,0.813,10,1.895,0.7703,238,0
IWM191018C149,2019-10-14,2019-10-14 09:36:41,1.94,0.7886,20,1.9,0.7723,24,2.0,0.813,10,1.92,0.7804,238,0
IWM191018C149,2019-10-14,2019-10-14 09:36:42,1.93,0.7845,26,1.9,0.7723,10,2.0,0.813,10,1.915,0.7784,238,0
IWM191018C149,2019-10-14,2019-10-14 09:36:42,1.93,0.7845,20,1.9,0.7723,75,2.0,0.813,10,1.915,0.7784,238,0
IWM191018C149,2019-10-14,2019-10-14 09:36:43,1.92,0.7804,56,1.89,0.7682,71,2.0,0.813,10,1.905,0.7743,238,0
IWM191018C149,2019-10-14,2019-10-14 09:36:44,1.92,0.7804,56,1.89,0.7682,71,2.0,0.813,10,1.905,0.7743,238,0
IWM191018C149,2019-10-14,2019-10-14 09:36:44,1.93,0.7845,24,1.9,0.7723,36,2.0,0.813,10,1.915,0.7784,238,0
IWM191018C149,2019-10-14,2019-10-14 09:36:45,1.93,0.7845,111,1.9,0.7723,50,2.0,0.813,10,1.915,0.7784,238,0
IWM191018C149,2019-10-14,2019-10-14 09:36:45,1.93,0.7845,56,1.9,0.7723,50,2.0,0.813,10,1.915,0.7784,238,0
IWM191018C149,2019-10-14,2019-10-14 09:36:46,1.92,0.7804,20,1.9,0.7723,50,2.0,0.813,10,1.91,0.7764,238,0
IWM191018C149,2019-10-14,2019-10-14 09:36:47,1.92,0.7804,21,1.9,0.7723,70,2.0,0.813,10,1.91,0.7764,238,0
IWM191018C149,2019-10-14,2019-10-14 09:36:47,1.92,0.7804,41,1.9,0.7723,50,2.0,0.813,10,1.91,0.7764,238,0
IWM191018C149,2019-10-14,2019-10-14 09:36:48,1.92,0.7804,21,1.9,0.7723,50,2.0,0.813,10,1.91,0.7764,238,0
IWM191018C149,2019-10-14,2019-10-14 09:36:49,1.92,0.7804,21,1.9,0.7723,50,2.0,0.813,10,1.91,0.7764,238,0
IWM191018C149,2019-10-14,2019-10-14 09:36:50,1.92,0.7804,21,1.9,0.7723,50,2.0,0.813,10,1.91,0.7764,238,0
IWM191018C149,2019-10-14,2019-10-14 09:36:51,1.92,0.7804,21,1.9,0.7723,159,2.0,0.813,10,1.91,0.7764,238,0
IWM191018C149,2019-10-14,2019-10-14 09:36:51,1.92,0.7804,21,1.9,0.7723,50,2.0,0.813,10,1.91,0.7764,238,0
IWM191018C149,2019-10-14,2019-10-14 09:36:52,1.92,0.7804,21,1.9,0.7723,304,2.0,0.813,10,1.91,0.7764,238,0
IWM191018C149,2019-10-14,2019-10-14 09:36:52,1.94,0.7886,20,1.91,0.7764,81,2.0,0.813,10,1.925,0.7825,238,0
IWM191018C149,2019-10-14,2019-10-14 09:36:53,1.94,0.7886,20,1.92,0.7804,55,2.0,0.813,10,1.93,0.7845,238,0
IWM191018C149,2019-10-14,2019-10-14 09:36:54,1.94,0.7886,34,1.91,0.7764,56,2.0,0.813,10,1.925,0.7825,238,0
IWM191018C149,2019-10-14,2019-10-14 09:36:54,1.94,0.7886,34,1.92,0.7804,55,2.0,0.813,10,1.93,0.7845,238,0
IWM191018C149,2019-10-14,2019-10-14 09:36:55,1.93,0.7845,55,1.91,0.7764,55,2.0,0.813,10,1.92,0.7804,238,0
IWM191018C149,2019-10-14,2019-10-14 09:36:56,1.93,0.7845,57,1.91,0.7764,55,2.0,0.813,10,1.92,0.7804,238,0
IWM191018C149,2019-10-14,2019-10-14 09:36:57,1.93,0.7845,63,1.91,0.7764,55,2.0,0.813,10,1.92,0.7804,238,0
IWM191018C149,2019-10-14,2019-10-14 09:36:58,1.93,0.7845,63,1.91,0.7764,55,2.0,0.813,10,1.92,0.7804,238,0
IWM191018C149,2019-10-14,2019-10-14 09:36:59,1.93,0.7845,34,1.91,0.7764,55,2.0,0.813,10,1.92,0.7804,238,0
IWM191018C149,2019-10-14,2019-10-14 09:36:59,1.94,0.7886,56,1.91,0.7764,75,2.0,0.813,10,1.925,0.7825,238,0
IWM191018C149,2019-10-14,2019-10-14 09:37:00,1.93,0.7845,51,1.91,0.7764,55,2.0,0.813,10,1.92,0.7804,238,0
IWM191018C149,2019-10-14,2019-10-14 09:37:00,1.93,0.7845,42,1.91,0.7764,55,2.0,0.813,10,1.92,0.7804,238,0
IWM191018C149,2019-10-14,2019-10-14 09:37:01,1.93,0.7845,34,1.91,0.7764,75,2.0,0.813,10,1.92,0.7804,238,0
IWM191018C149,2019-10-14,2019-10-14 09:37:01,1.93,0.7845,34,1.91,0.7764,55,2.0,0.813,10,1.92,0.7804,238,0
IWM191018C149,2019-10-14,2019-10-14 09:37:02,1.93,0.7845,34,1.91,0.7764,84,2.0,0.813,10,1.92,0.7804,238,0
IWM191018C149,2019-10-14,2019-10-14 09:37:02,1.93,0.7845,34,1.91,0.7764,75,2.0,0.813,10,1.92,0.7804,238,0
IWM191018C149,2019-10-14,2019-10-14 09:37:03,1.92,0.7804,17,1.89,0.7682,93,2.0,0.813,10,1.905,0.7743,238,0
IWM191018C149,2019-10-14,2019-10-14 09:37:03,1.93,0.7845,54,1.89,0.7682,55,2.0,0.813,10,1.91,0.7764,238,0
IWM191018C149,2019-10-14,2019-10-14 09:37:04,1.92,0.7804,18,1.89,0.7682,46,2.0,0.813,10,1.905,0.7743,238,0
IWM191018C149,2019-10-14,2019-10-14 09:37:04,1.92,0.7804,18,1.89,0.7682,185,2.0,0.813,10,1.905,0.7743,238,0
IWM191018C149,2019-10-14,2019-10-14 09:37:05,1.92,0.7804,48,1.89,0.7682,46,2.0,0.813,10,1.905,0.7743,238,0
IWM191018C149,2019-10-14,2019-10-14 09:37:06,1.92,0.7804,22,1.89,0.7682,77,2.0,0.813,10,1.905,0.7743,238,0
IWM191018C149,2019-10-14,2019-10-14 09:37:06,1.92,0.7804,55,1.89,0.7682,119,2.0,0.813,10,1.905,0.7743,238,0
IWM191018C149,2019-10-14,2019-10-14 09:37:07,1.93,0.7845,105,1.88,0.7642,63,2.0,0.813,10,1.905,0.7743,238,0
IWM191018C149,2019-10-14,2019-10-14 09:37:07,1.92,0.7804,66,1.87,0.7601,86,2.0,0.813,10,1.895,0.7703,238,0
IWM191018C149,2019-10-14,2019-10-14 09:37:08,1.92,0.7804,80,1.89,0.7682,55,2.0,0.813,10,1.905,0.7743,238,0
IWM191018C149,2019-10-14,2019-10-14 09:37:08,1.92,0.7804,109,1.89,0.7682,55,2.0,0.813,10,1.905,0.7743,238,0
IWM191018C149,2019-10-14,2019-10-14 09:37:09,1.91,0.7764,33,1.87,0.7601,18,2.0,0.813,10,1.89,0.7682,238,0
IWM191018C149,2019-10-14,2019-10-14 09:37:09,1.91,0.7764,46,1.89,0.7682,55,2.0,0.813,10,1.9,0.7723,238,0
IWM191018C149,2019-10-14,2019-10-14 09:37:10,1.91,0.7764,33,1.86,0.756,56,2.0,0.813,10,1.885,0.7662,238,0
IWM191018C149,2019-10-14,2019-10-14 09:37:10,1.9,0.7723,55,1.87,0.7601,55,2.0,0.813,10,1.885,0.7662,238,0
IWM191018C149,2019-10-14,2019-10-14 09:37:11,1.89,0.7682,30,1.87,0.7601,55,2.0,0.813,10,1.88,0.7642,238,0
IWM191018C149,2019-10-14,2019-10-14 09:37:12,1.9,0.7723,55,1.87,0.7601,106,2.0,0.813,10,1.885,0.7662,238,0
IWM191018C149,2019-10-14,2019-10-14 09:37:12,1.89,0.7682,30,1.87,0.7601,55,2.0,0.813,10,1.88,0.7642,238,0
IWM191018C149,2019-10-14,2019-10-14 09:37:13,1.9,0.7723,55,1.88,0.7642,53,2.0,0.813,10,1.89,0.7682,238,0
IWM191018C149,2019-10-14,2019-10-14 09:37:13,1.9,0.7723,55,1.88,0.7642,33,2.0,0.813,10,1.89,0.7682,238,0
IWM191018C149,2019-10-14,2019-10-14 09:37:14,1.9,0.7723,106,1.87,0.7601,55,2.0,0.813,10,1.885,0.7662,238,0
IWM191018C149,2019-10-14,2019-10-14 09:37:14,1.9,0.7723,96,1.87,0.7601,55,2.0,0.813,10,1.885,0.7662,238,0
IWM191018C149,2019-10-14,2019-10-14 09:37:15,1.89,0.7682,39,1.87,0.7601,55,2.0,0.813,10,1.88,0.7642,238,0
IWM191018C149,2019-10-14,2019-10-14 09:37:16,1.89,0.7682,39,1.87,0.7601,55,2.0,0.813,10,1.88,0.7642,238,0
IWM191018C149,2019-10-14,2019-10-14 09:37:17,1.88,0.7642,20,1.86,0.756,14,2.0,0.813,10,1.87,0.7601,238,0
IWM191018C149,2019-10-14,2019-10-14 09:37:17,1.89,0.7682,18,1.84,0.7479,52,2.0,0.813,10,1.865,0.7581,238,0
IWM191018C149,2019-10-14,2019-10-14 09:37:18,1.9,0.7723,26,1.85,0.752,60,2.0,0.813,10,1.875,0.7621,238,0
IWM191018C149,2019-10-14,2019-10-14 09:37:18,1.9,0.7723,38,1.87,0.7601,107,2.0,0.813,10,1.885,0.7662,238,0
IWM191018C149,2019-10-14,2019-10-14 09:37:19,1.91,0.7764,55,1.88,0.7642,71,2.0,0.813,10,1.895,0.7703,238,0
IWM191018C149,2019-10-14,2019-10-14 09:37:19,1.9,0.7723,38,1.88,0.7642,55,2.0,0.813,10,1.89,0.7682,238,0
IWM191018C149,2019-10-14,2019-10-14 09:37:20,1.91,0.7764,35,1.88,0.7642,262,2.0,0.813,10,1.895,0.7703,238,0
IWM191018C149,2019-10-14,2019-10-14 09:37:20,1.91,0.7764,55,1.88,0.7642,71,2.0,0.813,10,1.895,0.7703,238,0
IWM191018C149,2019-10-14,2019-10-14 09:37:21,1.91,0.7764,55,1.88,0.7642,80,2.0,0.813,10,1.895,0.7703,238,0
IWM191018C149,2019-10-14,2019-10-14 09:37:21,1.91,0.7764,35,1.88,0.7642,125,2.0,0.813,10,1.895,0.7703,238,0
IWM191018C149,2019-10-14,2019-10-14 09:37:22,1.91,0.7764,55,1.88,0.7642,108,2.0,0.813,10,1.895,0.7703,238,0
IWM191018C149,2019-10-14,2019-10-14 09:37:22,1.91,0.7764,51,1.88,0.7642,71,2.0,0.813,10,1.895,0.7703,238,0
IWM191018C149,2019-10-14,2019-10-14 09:37:23,1.91,0.7764,80,1.88,0.7642,80,2.0,0.813,10,1.895,0.7703,238,0
IWM191018C149,2019-10-14,2019-10-14 09:37:23,1.91,0.7764,51,1.88,0.7642,55,2.0,0.813,10,1.895,0.7703,238,0
IWM191018C149,2019-10-14,2019-10-14 09:37:24,1.91,0.7764,68,1.88,0.7642,80,2.0,0.813,10,1.895,0.7703,238,0
IWM191018C149,2019-10-14,2019-10-14 09:37:25,1.91,0.7764,55,1.88,0.7642,68,2.0,0.813,10,1.895,0.7703,238,0
IWM191018C149,2019-10-14,2019-10-14 09:37:25,1.91,0.7764,68,1.88,0.7642,140,2.0,0.813,10,1.895,0.7703,238,0
IWM191018C149,2019-10-14,2019-10-14 09:37:26,1.91,0.7764,29,1.88,0.7642,10,2.0,0.813,10,1.895,0.7703,238,0
IWM191018C149,2019-10-14,2019-10-14 09:37:26,1.91,0.7764,35,1.88,0.7642,68,2.0,0.813,10,1.895,0.7703,238,0
IWM191018C149,2019-10-14,2019-10-14 09:37:27,1.9,0.7723,20,1.87,0.7601,32,2.0,0.813,10,1.885,0.7662,238,0
IWM191018C149,2019-10-14,2019-10-14 09:37:27,1.9,0.7723,30,1.87,0.7601,32,2.0,0.813,10,1.885,0.7662,238,0
IWM191018C149,2019-10-14,2019-10-14 09:37:28,1.9,0.7723,55,1.87,0.7601,20,2.0,0.813,10,1.885,0.7662,238,0
IWM191018C149,2019-10-14,2019-10-14 09:37:29,1.9,0.7723,25,1.87,0.7601,344,2.0,0.813,10,1.885,0.7662,238,0
IWM191018C149,2019-10-14,2019-10-14 09:37:29,1.9,0.7723,45,1.87,0.7601,30,2.0,0.813,10,1.885,0.7662,238,0
IWM191018C149,2019-10-14,2019-10-14 09:37:30,1.9,0.7723,25,1.87,0.7601,344,2.0,0.813,10,1.885,0.7662,238,0
IWM191018C149,2019-10-14,2019-10-14 09:37:31,1.9,0.7723,25,1.87,0.7601,344,2.0,0.813,10,1.885,0.7662,238,0
IWM191018C149,2019-10-14,2019-10-14 09:37:31,1.9,0.7723,25,1.87,0.7601,159,2.0,0.813,10,1.885,0.7662,238,0
IWM191018C149,2019-10-14,2019-10-14 09:37:32,1.89,0.7682,56,1.87,0.7601,23,2.0,0.813,10,1.88,0.7642,238,0
IWM191018C149,2019-10-14,2019-10-14 09:37:32,1.9,0.7723,25,1.87,0.7601,23,2.0,0.813,10,1.885,0.7662,238,0
IWM191018C149,2019-10-14,2019-10-14 09:37:33,1.89,0.7682,56,1.87,0.7601,23,2.0,0.813,10,1.88,0.7642,238,0
IWM191018C149,2019-10-14,2019-10-14 09:37:33,1.89,0.7682,101,1.87,0.7601,3,2.0,0.813,10,1.88,0.7642,238,0
IWM191018C149,2019-10-14,2019-10-14 09:37:34,1.89,0.7682,76,1.86,0.756,36,2.0,0.813,10,1.875,0.7621,238,0
IWM191018C149,2019-10-14,2019-10-14 09:37:34,1.9,0.7723,42,1.87,0.7601,20,2.0,0.813,10,1.885,0.7662,238,0
IWM191018C149,2019-10-14,2019-10-14 09:37:35,1.9,0.7723,42,1.87,0.7601,32,2.0,0.813,10,1.885,0.7662,238,0
IWM191018C149,2019-10-14,2019-10-14 09:37:35,1.9,0.7723,42,1.87,0.7601,130,2.0,0.813,10,1.885,0.7662,238,0
IWM191018C149,2019-10-14,2019-10-14 09:37:36,1.89,0.7682,20,1.87,0.7601,130,2.0,0.813,10,1.88,0.7642,238,0
IWM191018C149,2019-10-14,2019-10-14 09:37:36,1.89,0.7682,56,1.85,0.752,22,2.0,0.813,10,1.87,0.7601,238,0
IWM191018C149,2019-10-14,2019-10-14 09:37:37,1.88,0.7642,56,1.85,0.752,22,2.0,0.813,10,1.865,0.7581,238,0
IWM191018C149,2019-10-14,2019-10-14 09:37:37,1.87,0.7601,39,1.85,0.752,2,2.0,0.813,10,1.86,0.756,238,0
IWM191018C149,2019-10-14,2019-10-14 09:37:38,1.87,0.7601,39,1.84,0.7479,76,2.0,0.813,10,1.855,0.754,238,0
IWM191018C149,2019-10-14,2019-10-14 09:37:38,1.87,0.7601,39,1.84,0.7479,105,2.0,0.813,10,1.855,0.754,238,0
IWM191018C149,2019-10-14,2019-10-14 09:37:39,1.87,0.7601,23,1.84,0.7479,329,2.0,0.813,10,1.855,0.754,238,0
IWM191018C149,2019-10-14,2019-10-14 09:37:39,1.87,0.7601,39,1.84,0.7479,46,2.0,0.813,10,1.855,0.754,238,0
IWM191018C149,2019-10-14,2019-10-14 09:37:40,1.87,0.7601,39,1.84,0.7479,203,2.0,0.813,10,1.855,0.754,238,0
IWM191018C149,2019-10-14,2019-10-14 09:37:40,1.87,0.7601,23,1.84,0.7479,227,2.0,0.813,10,1.855,0.754,238,0
IWM191018C149,2019-10-14,2019-10-14 09:37:41,1.87,0.7601,39,1.84,0.7479,154,2.0,0.813,10,1.855,0.754,238,0
IWM191018C149,2019-10-14,2019-10-14 09:37:42,1.87,0.7601,39,1.84,0.7479,36,2.0,0.813,10,1.855,0.754,238,0
IWM191018C149,2019-10-14,2019-10-14 09:37:43,1.87,0.7601,19,1.84,0.7479,214,2.0,0.813,10,1.855,0.754,238,0
IWM191018C149,2019-10-14,2019-10-14 09:37:43,1.87,0.7601,21,1.84,0.7479,69,2.0,0.813,10,1.855,0.754,238,0
IWM191018C149,2019-10-14,2019-10-14 09:37:44,1.87,0.7601,39,1.84,0.7479,258,2.0,0.813,10,1.855,0.754,238,0
IWM191018C149,2019-10-14,2019-10-14 09:37:44,1.87,0.7601,19,1.84,0.7479,258,2.0,0.813,10,1.855,0.754,238,0
IWM191018C149,2019-10-14,2019-10-14 09:37:45,1.87,0.7601,19,1.84,0.7479,265,2.0,0.813,10,1.855,0.754,238,0
IWM191018C149,2019-10-14,2019-10-14 09:37:45,1.87,0.7601,26,1.84,0.7479,258,2.0,0.813,10,1.855,0.754,238,0
IWM191018C149,2019-10-14,2019-10-14 09:37:46,1.87,0.7601,39,1.84,0.7479,201,2.0,0.813,10,1.855,0.754,238,0
IWM191018C149,2019-10-14,2019-10-14 09:37:46,1.87,0.7601,21,1.84,0.7479,191,2.0,0.813,10,1.855,0.754,238,0
IWM191018C149,2019-10-14,2019-10-14 09:37:47,1.87,0.7601,39,1.84,0.7479,191,2.0,0.813,10,1.855,0.754,238,0
IWM191018C149,2019-10-14,2019-10-14 09:37:48,1.87,0.7601,65,1.84,0.7479,16,2.0,0.813,10,1.855,0.754,238,0
IWM191018C149,2019-10-14,2019-10-14 09:37:48,1.87,0.7601,153,1.84,0.7479,16,2.0,0.813,10,1.855,0.754,238,0
IWM191018C149,2019-10-14,2019-10-14 09:37:49,1.87,0.7601,82,1.84,0.7479,16,2.0,0.813,10,1.855,0.754,238,0
IWM191018C149,2019-10-14,2019-10-14 09:37:49,1.87,0.7601,82,1.84,0.7479,145,2.0,0.813,10,1.855,0.754,238,0
IWM191018C149,2019-10-14,2019-10-14 09:37:50,1.87,0.7601,39,1.84,0.7479,145,2.0,0.813,10,1.855,0.754,238,0
IWM191018C149,2019-10-14,2019-10-14 09:37:50,1.87,0.7601,82,1.84,0.7479,145,2.0,0.813,10,1.855,0.754,238,0
IWM191018C149,2019-10-14,2019-10-14 09:37:51,1.87,0.7601,39,1.84,0.7479,145,2.0,0.813,10,1.855,0.754,238,0
IWM191018C149,2019-10-14,2019-10-14 09:37:51,1.87,0.7601,39,1.84,0.7479,125,2.0,0.813,10,1.855,0.754,238,0
IWM191018C149,2019-10-14,2019-10-14 09:37:52,1.87,0.7601,39,1.84,0.7479,36,2.0,0.813,10,1.855,0.754,238,0
IWM191018C149,2019-10-14,2019-10-14 09:37:52,1.87,0.7601,39,1.84,0.7479,54,2.0,0.813,10,1.855,0.754,238,0
IWM191018C149,2019-10-14,2019-10-14 09:37:53,1.87,0.7601,54,1.84,0.7479,54,2.0,0.813,10,1.855,0.754,238,0
IWM191018C149,2019-10-14,2019-10-14 09:37:53,1.87,0.7601,39,1.84,0.7479,54,2.0,0.813,10,1.855,0.754,238,0
IWM191018C149,2019-10-14,2019-10-14 09:37:54,1.87,0.7601,39,1.84,0.7479,118,2.0,0.813,10,1.855,0.754,238,0
IWM191018C149,2019-10-14,2019-10-14 09:37:54,1.87,0.7601,57,1.84,0.7479,125,2.0,0.813,10,1.855,0.754,238,0
IWM191018C149,2019-10-14,2019-10-14 09:37:55,1.86,0.756,20,1.84,0.7479,125,2.0,0.813,10,1.85,0.752,238,0
IWM191018C149,2019-10-14,2019-10-14 09:37:55,1.86,0.756,47,1.82,0.7398,50,2.0,0.813,10,1.84,0.7479,238,0
IWM191018C149,2019-10-14,2019-10-14 09:37:56,1.86,0.756,58,1.83,0.7439,58,2.0,0.813,10,1.845,0.75,238,0
IWM191018C149,2019-10-14,2019-10-14 09:37:57,1.86,0.756,73,1.83,0.7439,58,2.0,0.813,10,1.845,0.75,238,0
IWM191018C149,2019-10-14,2019-10-14 09:37:57,1.86,0.756,58,1.83,0.7439,58,2.0,0.813,10,1.845,0.75,238,0
IWM191018C149,2019-10-14,2019-10-14 09:37:58,1.85,0.752,53,1.83,0.7439,58,2.0,0.813,10,1.84,0.7479,238,0
IWM191018C149,2019-10-14,2019-10-14 09:37:59,1.85,0.752,33,1.83,0.7439,58,2.0,0.813,10,1.84,0.7479,238,0
IWM191018C149,2019-10-14,2019-10-14 09:37:59,1.85,0.752,33,1.83,0.7439,83,2.0,0.813,10,1.84,0.7479,238,0
IWM191018C149,2019-10-14,2019-10-14 09:38:00,1.85,0.752,33,1.83,0.7439,58,2.0,0.813,10,1.84,0.7479,238,0
IWM191018C149,2019-10-14,2019-10-14 09:38:01,1.85,0.752,53,1.83,0.7439,58,2.0,0.813,10,1.84,0.7479,238,0
IWM191018C149,2019-10-14,2019-10-14 09:38:01,1.85,0.752,33,1.82,0.7398,78,2.0,0.813,10,1.835,0.7459,238,0
IWM191018C149,2019-10-14,2019-10-14 09:38:02,1.85,0.752,78,1.82,0.7398,103,2.0,0.813,10,1.835,0.7459,238,0
IWM191018C149,2019-10-14,2019-10-14 09:38:02,1.85,0.752,53,1.82,0.7398,78,2.0,0.813,10,1.835,0.7459,238,0
IWM191018C149,2019-10-14,2019-10-14 09:38:03,1.85,0.752,31,1.81,0.7357,20,2.0,0.813,10,1.83,0.7439,238,0
IWM191018C149,2019-10-14,2019-10-14 09:38:03,1.84,0.7479,20,1.81,0.7357,20,2.0,0.813,10,1.825,0.7418,238,0
IWM191018C149,2019-10-14,2019-10-14 09:38:04,1.84,0.7479,58,1.81,0.7357,78,2.0,0.813,10,1.825,0.7418,238,0
IWM191018C149,2019-10-14,2019-10-14 09:38:05,1.83,0.7439,28,1.81,0.7357,58,2.0,0.813,10,1.82,0.7398,238,0
IWM191018C149,2019-10-14,2019-10-14 09:38:06,1.83,0.7439,15,1.8,0.7317,58,2.0,0.813,10,1.815,0.7378,238,0
IWM191018C149,2019-10-14,2019-10-14 09:38:06,1.83,0.7439,28,1.81,0.7357,58,2.0,0.813,10,1.82,0.7398,238,0
IWM191018C149,2019-10-14,2019-10-14 09:38:07,1.83,0.7439,23,1.8,0.7317,69,2.0,0.813,10,1.815,0.7378,238,0
IWM191018C149,2019-10-14,2019-10-14 09:38:08,1.83,0.7439,28,1.8,0.7317,69,2.0,0.813,10,1.815,0.7378,238,0
IWM191018C149,2019-10-14,2019-10-14 09:38:08,1.83,0.7439,8,1.79,0.7276,39,2.0,0.813,10,1.81,0.7357,238,0
IWM191018C149,2019-10-14,2019-10-14 09:38:09,1.82,0.7398,57,1.79,0.7276,62,2.0,0.813,10,1.805,0.7337,238,0
IWM191018C149,2019-10-14,2019-10-14 09:38:09,1.82,0.7398,57,1.79,0.7276,45,2.0,0.813,10,1.805,0.7337,238,0
IWM191018C149,2019-10-14,2019-10-14 09:38:10,1.81,0.7357,36,1.78,0.7235,20,2.0,0.813,10,1.795,0.7296,238,0
IWM191018C149,2019-10-14,2019-10-14 09:38:10,1.81,0.7357,39,1.77,0.7195,59,2.0,0.813,10,1.79,0.7276,238,0
IWM191018C149,2019-10-14,2019-10-14 09:38:11,1.81,0.7357,91,1.78,0.7235,57,2.0,0.813,10,1.795,0.7296,238,0
IWM191018C149,2019-10-14,2019-10-14 09:38:11,1.8,0.7317,20,1.77,0.7195,34,2.0,0.813,10,1.785,0.7256,238,0
IWM191018C149,2019-10-14,2019-10-14 09:38:12,1.8,0.7317,57,1.77,0.7195,34,2.0,0.813,10,1.785,0.7256,238,0
IWM191018C149,2019-10-14,2019-10-14 09:38:13,1.79,0.7276,37,1.76,0.7154,10,2.0,0.813,10,1.775,0.7215,238,0
IWM191018C149,2019-10-14,2019-10-14 09:38:13,1.8,0.7317,67,1.77,0.7195,34,2.0,0.813,10,1.785,0.7256,238,0
IWM191018C149,2019-10-14,2019-10-14 09:38:14,1.79,0.7276,37,1.76,0.7154,109,2.0,0.813,10,1.775,0.7215,238,0
IWM191018C149,2019-10-14,2019-10-14 09:38:14,1.79,0.7276,37,1.76,0.7154,66,2.0,0.813,10,1.775,0.7215,238,0
IWM191018C149,2019-10-14,2019-10-14 09:38:15,1.79,0.7276,38,1.76,0.7154,72,2.0,0.813,10,1.775,0.7215,238,0
IWM191018C149,2019-10-14,2019-10-14 09:38:16,1.79,0.7276,38,1.76,0.7154,185,2.0,0.813,10,1.775,0.7215,238,0
IWM191018C149,2019-10-14,2019-10-14 09:38:16,1.79,0.7276,38,1.76,0.7154,208,2.0,0.813,10,1.775,0.7215,238,0
IWM191018C149,2019-10-14,2019-10-14 09:38:17,1.8,0.7317,23,1.78,0.7235,35,2.0,0.813,10,1.79,0.7276,238,0
IWM191018C149,2019-10-14,2019-10-14 09:38:17,1.79,0.7276,37,1.76,0.7154,152,2.0,0.813,10,1.775,0.7215,238,0
IWM191018C149,2019-10-14,2019-10-14 09:38:18,1.81,0.7357,30,1.78,0.7235,35,2.0,0.813,10,1.795,0.7296,238,0
IWM191018C149,2019-10-14,2019-10-14 09:38:18,1.81,0.7357,50,1.78,0.7235,35,2.0,0.813,10,1.795,0.7296,238,0
IWM191018C149,2019-10-14,2019-10-14 09:38:19,1.81,0.7357,30,1.78,0.7235,220,2.0,0.813,10,1.795,0.7296,238,0
IWM191018C149,2019-10-14,2019-10-14 09:38:19,1.81,0.7357,30,1.78,0.7235,215,2.0,0.813,10,1.795,0.7296,238,0
IWM191018C149,2019-10-14,2019-10-14 09:38:20,1.8,0.7317,99,1.76,0.7154,58,2.0,0.813,10,1.78,0.7235,238,0
IWM191018C149,2019-10-14,2019-10-14 09:38:20,1.81,0.7357,30,1.78,0.7235,220,2.0,0.813,10,1.795,0.7296,238,0
IWM191018C149,2019-10-14,2019-10-14 09:38:21,1.79,0.7276,37,1.77,0.7195,77,2.0,0.813,10,1.78,0.7235,238,0
IWM191018C149,2019-10-14,2019-10-14 09:38:21,1.79,0.7276,37,1.77,0.7195,57,2.0,0.813,10,1.78,0.7235,238,0
IWM191018C149,2019-10-14,2019-10-14 09:38:22,1.8,0.7317,32,1.77,0.7195,153,2.0,0.813,10,1.785,0.7256,238,0
IWM191018C149,2019-10-14,2019-10-14 09:38:22,1.79,0.7276,37,1.77,0.7195,57,2.0,0.813,10,1.78,0.7235,238,0
IWM191018C149,2019-10-14,2019-10-14 09:38:23,1.8,0.7317,32,1.77,0.7195,102,2.0,0.813,10,1.785,0.7256,238,0
IWM191018C149,2019-10-14,2019-10-14 09:38:23,1.8,0.7317,51,1.77,0.7195,57,2.0,0.813,10,1.785,0.7256,238,0
IWM191018C149,2019-10-14,2019-10-14 09:38:24,1.79,0.7276,74,1.76,0.7154,57,2.0,0.813,10,1.775,0.7215,238,0
IWM191018C149,2019-10-14,2019-10-14 09:38:24,1.79,0.7276,57,1.77,0.7195,57,2.0,0.813,10,1.78,0.7235,238,0
IWM191018C149,2019-10-14,2019-10-14 09:38:25,1.79,0.7276,37,1.76,0.7154,102,2.0,0.813,10,1.775,0.7215,238,0
IWM191018C149,2019-10-14,2019-10-14 09:38:25,1.79,0.7276,64,1.76,0.7154,57,2.0,0.813,10,1.775,0.7215,238,0
IWM191018C149,2019-10-14,2019-10-14 09:38:26,1.78,0.7235,37,1.76,0.7154,57,2.0,0.813,10,1.77,0.7195,238,0
IWM191018C149,2019-10-14,2019-10-14 09:38:26,1.78,0.7235,37,1.76,0.7154,77,2.0,0.813,10,1.77,0.7195,238,0
IWM191018C149,2019-10-14,2019-10-14 09:38:27,1.78,0.7235,37,1.76,0.7154,248,2.0,0.813,10,1.77,0.7195,238,0
IWM191018C149,2019-10-14,2019-10-14 09:38:27,1.79,0.7276,57,1.77,0.7195,71,2.0,0.813,10,1.78,0.7235,238,0
IWM191018C149,2019-10-14,2019-10-14 09:38:28,1.79,0.7276,57,1.77,0.7195,23,2.0,0.813,10,1.78,0.7235,238,0
IWM191018C149,2019-10-14,2019-10-14 09:38:28,1.8,0.7317,34,1.77,0.7195,77,2.0,0.813,10,1.785,0.7256,238,0
IWM191018C149,2019-10-14,2019-10-14 09:38:29,1.8,0.7317,34,1.78,0.7235,57,2.0,0.813,10,1.79,0.7276,238,0
IWM191018C149,2019-10-14,2019-10-14 09:38:29,1.8,0.7317,34,1.77,0.7195,63,2.0,0.813,10,1.785,0.7256,238,0
IWM191018C149,2019-10-14,2019-10-14 09:38:30,1.81,0.7357,20,1.78,0.7235,57,2.0,0.813,10,1.795,0.7296,238,0
IWM191018C149,2019-10-14,2019-10-14 09:38:31,1.81,0.7357,28,1.78,0.7235,305,2.0,0.813,10,1.795,0.7296,238,0
IWM191018C149,2019-10-14,2019-10-14 09:38:31,1.81,0.7357,10,1.79,0.7276,68,2.0,0.813,10,1.8,0.7317,238,0
IWM191018C149,2019-10-14,2019-10-14 09:38:32,1.81,0.7357,10,1.79,0.7276,100,2.0,0.813,10,1.8,0.7317,238,0
IWM191018C149,2019-10-14,2019-10-14 09:38:32,1.81,0.7357,10,1.79,0.7276,90,2.0,0.813,10,1.8,0.7317,238,0
IWM191018C149,2019-10-14,2019-10-14 09:38:33,1.81,0.7357,10,1.79,0.7276,100,2.0,0.813,10,1.8,0.7317,238,0
IWM191018C149,2019-10-14,2019-10-14 09:38:34,1.81,0.7357,10,1.79,0.7276,94,2.0,0.813,10,1.8,0.7317,238,0
IWM191018C149,2019-10-14,2019-10-14 09:38:34,1.81,0.7357,10,1.79,0.7276,35,2.0,0.813,10,1.8,0.7317,238,0
IWM191018C149,2019-10-14,2019-10-14 09:38:35,1.81,0.7357,10,1.79,0.7276,89,2.0,0.813,10,1.8,0.7317,238,0
IWM191018C149,2019-10-14,2019-10-14 09:38:35,1.81,0.7357,10,1.79,0.7276,99,2.0,0.813,10,1.8,0.7317,238,0
IWM191018C149,2019-10-14,2019-10-14 09:38:36,1.82,0.7398,25,1.79,0.7276,178,2.0,0.813,10,1.805,0.7337,238,0
IWM191018C149,2019-10-14,2019-10-14 09:38:36,1.82,0.7398,25,1.8,0.7317,57,2.0,0.813,10,1.81,0.7357,238,0
IWM191018C149,2019-10-14,2019-10-14 09:38:37,1.82,0.7398,25,1.8,0.7317,57,2.0,0.813,10,1.81,0.7357,238,0
IWM191018C149,2019-10-14,2019-10-14 09:38:37,1.83,0.7439,37,1.8,0.7317,82,2.0,0.813,10,1.815,0.7378,238,0
IWM191018C149,2019-10-14,2019-10-14 09:38:38,1.83,0.7439,37,1.8,0.7317,88,2.0,0.813,10,1.815,0.7378,238,0
IWM191018C149,2019-10-14,2019-10-14 09:38:38,1.83,0.7439,17,1.8,0.7317,88,2.0,0.813,10,1.815,0.7378,238,0
IWM191018C149,2019-10-14,2019-10-14 09:38:39,1.83,0.7439,17,1.8,0.7317,161,2.0,0.813,10,1.815,0.7378,238,0
IWM191018C149,2019-10-14,2019-10-14 09:38:39,1.83,0.7439,17,1.8,0.7317,110,2.0,0.813,10,1.815,0.7378,238,0
IWM191018C149,2019-10-14,2019-10-14 09:38:40,1.83,0.7439,17,1.8,0.7317,250,2.0,0.813,10,1.815,0.7378,238,0
IWM191018C149,2019-10-14,2019-10-14 09:38:40,1.83,0.7439,17,1.8,0.7317,273,2.0,0.813,10,1.815,0.7378,238,0
IWM191018C149,2019-10-14,2019-10-14 09:38:41,1.83,0.7439,17,1.8,0.7317,273,2.0,0.813,10,1.815,0.7378,238,0
IWM191018C149,2019-10-14,2019-10-14 09:38:42,1.84,0.7479,45,1.81,0.7357,58,2.0,0.813,10,1.825,0.7418,238,0
IWM191018C149,2019-10-14,2019-10-14 09:38:42,1.85,0.752,66,1.81,0.7357,316,2.0,0.813,10,1.83,0.7439,238,0
IWM191018C149,2019-10-14,2019-10-14 09:38:43,1.85,0.752,66,1.83,0.7439,34,2.0,0.813,10,1.84,0.7479,238,0
IWM191018C149,2019-10-14,2019-10-14 09:38:44,1.86,0.756,58,1.83,0.7439,54,2.0,0.813,10,1.845,0.75,238,0
IWM191018C149,2019-10-14,2019-10-14 09:38:44,1.86,0.756,45,1.83,0.7439,54,2.0,0.813,10,1.845,0.75,238,0
