symbol,Date,quote_time,ask_price,norm_ask_price,ask_size,bid_price,norm_bid_price,bid_size,last_trade_price,norm_last_trade_price,last_trade_size,mark_price,norm_mark_price,volume,Volume
IWM190920C156,2019-09-19,2019-09-19 09:33:48,1.4,1.0,37,1.37,0.9785,51,1.47,1.05,5,1.385,0.9892,83,83
IWM190920C156,2019-09-19,2019-09-19 09:33:49,1.39,0.9928,32,1.36,0.9714,81,1.47,1.05,5,1.375,0.9821,83,0
IWM190920C156,2019-09-19,2019-09-19 09:33:49,1.38,0.9857,19,1.35,0.9642,50,1.47,1.05,5,1.365,0.975,83,0
IWM190920C156,2019-09-19,2019-09-19 09:33:50,1.37,0.9785,58,1.34,0.9571,53,1.47,1.05,5,1.355,0.9678,83,0
IWM190920C156,2019-09-19,2019-09-19 09:33:50,1.38,0.9857,22,1.36,0.9714,30,1.47,1.05,5,1.37,0.9785,83,0
IWM190920C156,2019-09-19,2019-09-19 09:33:51,1.37,0.9785,58,1.34,0.9571,68,1.47,1.05,5,1.355,0.9678,83,0
IWM190920C156,2019-09-19,2019-09-19 09:33:51,1.37,0.9785,59,1.34,0.9571,53,1.47,1.05,5,1.355,0.9678,83,0
IWM190920C156,2019-09-19,2019-09-19 09:33:52,1.37,0.9785,34,1.35,0.9642,19,1.47,1.05,5,1.36,0.9714,83,0
IWM190920C156,2019-09-19,2019-09-19 09:33:53,1.37,0.9785,21,1.34,0.9571,19,1.38,0.9857,1,1.355,0.9678,84,1
IWM190920C156,2019-09-19,2019-09-19 09:33:53,1.36,0.9714,34,1.34,0.9571,53,1.38,0.9857,1,1.35,0.9642,84,0
IWM190920C156,2019-09-19,2019-09-19 09:33:54,1.36,0.9714,33,1.34,0.9571,58,1.38,0.9857,1,1.35,0.9642,84,0
IWM190920C156,2019-09-19,2019-09-19 09:33:54,1.36,0.9714,59,1.33,0.95,53,1.38,0.9857,1,1.345,0.9607,84,0
IWM190920C156,2019-09-19,2019-09-19 09:33:55,1.36,0.9714,33,1.34,0.9571,58,1.38,0.9857,1,1.35,0.9642,84,0
IWM190920C156,2019-09-19,2019-09-19 09:33:56,1.36,0.9714,33,1.33,0.95,80,1.38,0.9857,1,1.345,0.9607,84,0
IWM190920C156,2019-09-19,2019-09-19 09:33:56,1.36,0.9714,34,1.33,0.95,69,1.38,0.9857,1,1.345,0.9607,84,0
IWM190920C156,2019-09-19,2019-09-19 09:33:57,1.35,0.9642,42,1.33,0.95,37,1.38,0.9857,1,1.34,0.9571,84,0
IWM190920C156,2019-09-19,2019-09-19 09:33:58,1.34,0.9571,55,1.32,0.9428,27,1.38,0.9857,1,1.33,0.95,84,0
IWM190920C156,2019-09-19,2019-09-19 09:33:58,1.35,0.9642,40,1.33,0.95,37,1.38,0.9857,1,1.34,0.9571,84,0
IWM190920C156,2019-09-19,2019-09-19 09:33:59,1.35,0.9642,51,1.32,0.9428,42,1.38,0.9857,1,1.335,0.9535,84,0
IWM190920C156,2019-09-19,2019-09-19 09:33:59,1.35,0.9642,57,1.32,0.9428,27,1.38,0.9857,1,1.335,0.9535,84,0
IWM190920C156,2019-09-19,2019-09-19 09:34:00,1.35,0.9642,39,1.33,0.95,34,1.38,0.9857,1,1.34,0.9571,84,0
IWM190920C156,2019-09-19,2019-09-19 09:34:00,1.35,0.9642,27,1.33,0.95,34,1.38,0.9857,1,1.34,0.9571,84,0
IWM190920C156,2019-09-19,2019-09-19 09:34:01,1.35,0.9642,72,1.32,0.9428,88,1.38,0.9857,1,1.335,0.9535,84,0
IWM190920C156,2019-09-19,2019-09-19 09:34:01,1.35,0.9642,52,1.33,0.95,52,1.38,0.9857,1,1.34,0.9571,84,0
IWM190920C156,2019-09-19,2019-09-19 09:34:02,1.34,0.9571,56,1.32,0.9428,52,1.33,0.95,10,1.33,0.95,94,10
IWM190920C156,2019-09-19,2019-09-19 09:34:02,1.35,0.9642,28,1.33,0.95,52,1.38,0.9857,1,1.34,0.9571,84,0
IWM190920C156,2019-09-19,2019-09-19 09:34:03,1.34,0.9571,56,1.32,0.9428,52,1.33,0.95,10,1.33,0.95,94,0
IWM190920C156,2019-09-19,2019-09-19 09:34:04,1.35,0.9642,26,1.33,0.95,52,1.33,0.95,10,1.34,0.9571,94,0
IWM190920C156,2019-09-19,2019-09-19 09:34:05,1.36,0.9714,52,1.33,0.95,95,1.33,0.95,10,1.345,0.9607,94,0
IWM190920C156,2019-09-19,2019-09-19 09:34:06,1.37,0.9785,23,1.34,0.9571,52,1.33,0.95,10,1.355,0.9678,94,0
IWM190920C156,2019-09-19,2019-09-19 09:34:06,1.36,0.9714,52,1.33,0.95,100,1.33,0.95,10,1.345,0.9607,94,0
IWM190920C156,2019-09-19,2019-09-19 09:34:07,1.38,0.9857,38,1.35,0.9642,62,1.33,0.95,10,1.365,0.975,94,0
IWM190920C156,2019-09-19,2019-09-19 09:34:07,1.36,0.9714,19,1.34,0.9571,33,1.33,0.95,10,1.35,0.9642,94,0
IWM190920C156,2019-09-19,2019-09-19 09:34:08,1.39,0.9928,60,1.36,0.9714,19,1.33,0.95,10,1.375,0.9821,94,0
IWM190920C156,2019-09-19,2019-09-19 09:34:08,1.37,0.9785,19,1.35,0.9642,52,1.33,0.95,10,1.36,0.9714,94,0
IWM190920C156,2019-09-19,2019-09-19 09:34:09,1.39,0.9928,52,1.36,0.9714,93,1.33,0.95,10,1.375,0.9821,94,0
IWM190920C156,2019-09-19,2019-09-19 09:34:10,1.4,1.0,67,1.37,0.9785,52,1.33,0.95,10,1.385,0.9892,94,0
IWM190920C156,2019-09-19,2019-09-19 09:34:11,1.41,1.0071,26,1.37,0.9785,76,1.33,0.95,10,1.39,0.9928,94,0
IWM190920C156,2019-09-19,2019-09-19 09:34:11,1.43,1.0214,51,1.41,1.0071,70,1.41,1.0071,1,1.42,1.0142,95,1
IWM190920C156,2019-09-19,2019-09-19 09:34:12,1.45,1.0357,38,1.42,1.0142,72,1.41,1.0071,1,1.435,1.025,95,0
IWM190920C156,2019-09-19,2019-09-19 09:34:12,1.44,1.0285,54,1.41,1.0071,52,1.41,1.0071,1,1.425,1.0178,95,0
IWM190920C156,2019-09-19,2019-09-19 09:34:13,1.45,1.0357,52,1.42,1.0142,52,1.41,1.0071,1,1.435,1.025,95,0
IWM190920C156,2019-09-19,2019-09-19 09:34:13,1.45,1.0357,52,1.42,1.0142,69,1.41,1.0071,1,1.435,1.025,95,0
IWM190920C156,2019-09-19,2019-09-19 09:34:14,1.44,1.0285,54,1.42,1.0142,33,1.41,1.0071,1,1.43,1.0214,95,0
IWM190920C156,2019-09-19,2019-09-19 09:34:14,1.45,1.0357,52,1.42,1.0142,65,1.41,1.0071,1,1.435,1.025,95,0
IWM190920C156,2019-09-19,2019-09-19 09:34:15,1.45,1.0357,52,1.43,1.0214,52,1.41,1.0071,1,1.44,1.0285,95,0
IWM190920C156,2019-09-19,2019-09-19 09:34:16,1.45,1.0357,31,1.43,1.0214,127,1.41,1.0071,1,1.44,1.0285,95,0
IWM190920C156,2019-09-19,2019-09-19 09:34:16,1.45,1.0357,31,1.43,1.0214,103,1.41,1.0071,1,1.44,1.0285,95,0
IWM190920C156,2019-09-19,2019-09-19 09:34:17,1.46,1.0428,19,1.43,1.0214,136,1.41,1.0071,1,1.445,1.0321,95,0
IWM190920C156,2019-09-19,2019-09-19 09:34:18,1.46,1.0428,52,1.43,1.0214,144,1.41,1.0071,1,1.445,1.0321,95,0
IWM190920C156,2019-09-19,2019-09-19 09:34:18,1.46,1.0428,52,1.43,1.0214,104,1.41,1.0071,1,1.445,1.0321,95,0
IWM190920C156,2019-09-19,2019-09-19 09:34:19,1.46,1.0428,21,1.44,1.0285,52,1.41,1.0071,1,1.45,1.0357,95,0
IWM190920C156,2019-09-19,2019-09-19 09:34:19,1.47,1.05,31,1.45,1.0357,52,1.41,1.0071,1,1.46,1.0428,95,0
IWM190920C156,2019-09-19,2019-09-19 09:34:20,1.47,1.05,42,1.44,1.0285,85,1.41,1.0071,1,1.455,1.0392,95,0
IWM190920C156,2019-09-19,2019-09-19 09:34:20,1.47,1.05,42,1.44,1.0285,136,1.41,1.0071,1,1.455,1.0392,95,0
IWM190920C156,2019-09-19,2019-09-19 09:34:21,1.48,1.0571,71,1.45,1.0357,52,1.41,1.0071,1,1.465,1.0464,95,0
IWM190920C156,2019-09-19,2019-09-19 09:34:22,1.46,1.0428,19,1.43,1.0214,53,1.41,1.0071,1,1.445,1.0321,95,0
IWM190920C156,2019-09-19,2019-09-19 09:34:22,1.48,1.0571,72,1.45,1.0357,52,1.41,1.0071,1,1.465,1.0464,95,0
IWM190920C156,2019-09-19,2019-09-19 09:34:23,1.46,1.0428,59,1.43,1.0214,68,1.41,1.0071,1,1.445,1.0321,95,0
IWM190920C156,2019-09-19,2019-09-19 09:34:23,1.46,1.0428,61,1.43,1.0214,65,1.41,1.0071,1,1.445,1.0321,95,0
IWM190920C156,2019-09-19,2019-09-19 09:34:24,1.46,1.0428,60,1.43,1.0214,53,1.41,1.0071,1,1.445,1.0321,95,0
IWM190920C156,2019-09-19,2019-09-19 09:34:24,1.44,1.0285,19,1.41,1.0071,32,1.41,1.0071,1,1.425,1.0178,95,0
IWM190920C156,2019-09-19,2019-09-19 09:34:25,1.44,1.0285,21,1.42,1.0142,35,1.41,1.0071,1,1.43,1.0214,95,0
IWM190920C156,2019-09-19,2019-09-19 09:34:25,1.47,1.05,55,1.44,1.0285,42,1.41,1.0071,1,1.455,1.0392,95,0
IWM190920C156,2019-09-19,2019-09-19 09:34:26,1.47,1.05,57,1.44,1.0285,55,1.41,1.0071,1,1.455,1.0392,95,0
IWM190920C156,2019-09-19,2019-09-19 09:34:26,1.47,1.05,58,1.44,1.0285,55,1.41,1.0071,1,1.455,1.0392,95,0
IWM190920C156,2019-09-19,2019-09-19 09:34:27,1.47,1.05,37,1.44,1.0285,23,1.41,1.0071,1,1.455,1.0392,95,0
IWM190920C156,2019-09-19,2019-09-19 09:34:28,1.47,1.05,53,1.42,1.0142,52,1.41,1.0071,1,1.445,1.0321,95,0
IWM190920C156,2019-09-19,2019-09-19 09:34:28,1.46,1.0428,52,1.43,1.0214,29,1.41,1.0071,1,1.445,1.0321,95,0
IWM190920C156,2019-09-19,2019-09-19 09:34:29,1.46,1.0428,52,1.43,1.0214,29,1.41,1.0071,1,1.445,1.0321,95,0
IWM190920C156,2019-09-19,2019-09-19 09:34:29,1.46,1.0428,58,1.43,1.0214,29,1.41,1.0071,1,1.445,1.0321,95,0
IWM190920C156,2019-09-19,2019-09-19 09:34:30,1.44,1.0285,59,1.41,1.0071,43,1.41,1.0071,1,1.425,1.0178,95,0
IWM190920C156,2019-09-19,2019-09-19 09:34:30,1.45,1.0357,52,1.43,1.0214,15,1.41,1.0071,1,1.44,1.0285,95,0
IWM190920C156,2019-09-19,2019-09-19 09:34:31,1.44,1.0285,52,1.41,1.0071,71,1.41,1.0071,1,1.425,1.0178,95,0
IWM190920C156,2019-09-19,2019-09-19 09:34:31,1.44,1.0285,84,1.41,1.0071,52,1.41,1.0071,1,1.425,1.0178,95,0
IWM190920C156,2019-09-19,2019-09-19 09:34:32,1.43,1.0214,33,1.41,1.0071,71,1.41,1.0071,1,1.42,1.0142,95,0
IWM190920C156,2019-09-19,2019-09-19 09:34:32,1.43,1.0214,52,1.41,1.0071,52,1.41,1.0071,1,1.42,1.0142,95,0
IWM190920C156,2019-09-19,2019-09-19 09:34:33,1.45,1.0357,14,1.43,1.0214,12,1.41,1.0071,1,1.44,1.0285,95,0
IWM190920C156,2019-09-19,2019-09-19 09:34:33,1.44,1.0285,44,1.41,1.0071,71,1.41,1.0071,1,1.425,1.0178,95,0
IWM190920C156,2019-09-19,2019-09-19 09:34:34,1.46,1.0428,56,1.43,1.0214,12,1.41,1.0071,1,1.445,1.0321,95,0
IWM190920C156,2019-09-19,2019-09-19 09:34:35,1.46,1.0428,81,1.43,1.0214,47,1.41,1.0071,1,1.445,1.0321,95,0
IWM190920C156,2019-09-19,2019-09-19 09:34:35,1.46,1.0428,53,1.43,1.0214,10,1.41,1.0071,1,1.445,1.0321,95,0
IWM190920C156,2019-09-19,2019-09-19 09:34:36,1.46,1.0428,51,1.43,1.0214,28,1.41,1.0071,1,1.445,1.0321,95,0
IWM190920C156,2019-09-19,2019-09-19 09:34:36,1.46,1.0428,54,1.43,1.0214,28,1.41,1.0071,1,1.445,1.0321,95,0
IWM190920C156,2019-09-19,2019-09-19 09:34:37,1.46,1.0428,54,1.43,1.0214,28,1.41,1.0071,1,1.445,1.0321,95,0
IWM190920C156,2019-09-19,2019-09-19 09:34:37,1.46,1.0428,79,1.43,1.0214,38,1.41,1.0071,1,1.445,1.0321,95,0
IWM190920C156,2019-09-19,2019-09-19 09:34:38,1.48,1.0571,70,1.45,1.0357,51,1.41,1.0071,1,1.465,1.0464,95,0
IWM190920C156,2019-09-19,2019-09-19 09:34:38,1.46,1.0428,55,1.43,1.0214,20,1.41,1.0071,1,1.445,1.0321,95,0
IWM190920C156,2019-09-19,2019-09-19 09:34:39,1.47,1.05,57,1.44,1.0285,11,1.41,1.0071,1,1.455,1.0392,95,0
IWM190920C156,2019-09-19,2019-09-19 09:34:39,1.47,1.05,62,1.44,1.0285,48,1.41,1.0071,1,1.455,1.0392,95,0
IWM190920C156,2019-09-19,2019-09-19 09:34:40,1.48,1.0571,51,1.44,1.0285,124,1.41,1.0071,1,1.46,1.0428,95,0
IWM190920C156,2019-09-19,2019-09-19 09:34:40,1.48,1.0571,51,1.44,1.0285,48,1.41,1.0071,1,1.46,1.0428,95,0
IWM190920C156,2019-09-19,2019-09-19 09:34:41,1.47,1.05,50,1.44,1.0285,46,1.41,1.0071,1,1.455,1.0392,95,0
IWM190920C156,2019-09-19,2019-09-19 09:34:41,1.48,1.0571,49,1.45,1.0357,81,1.41,1.0071,1,1.465,1.0464,95,0
IWM190920C156,2019-09-19,2019-09-19 09:34:42,1.46,1.0428,51,1.44,1.0285,27,1.41,1.0071,1,1.45,1.0357,95,0
IWM190920C156,2019-09-19,2019-09-19 09:34:42,1.47,1.05,51,1.44,1.0285,77,1.41,1.0071,1,1.455,1.0392,95,0
IWM190920C156,2019-09-19,2019-09-19 09:34:43,1.47,1.05,51,1.45,1.0357,32,1.41,1.0071,1,1.46,1.0428,95,0
IWM190920C156,2019-09-19,2019-09-19 09:34:44,1.46,1.0428,46,1.43,1.0214,65,1.41,1.0071,1,1.445,1.0321,95,0
IWM190920C156,2019-09-19,2019-09-19 09:34:44,1.46,1.0428,39,1.43,1.0214,51,1.41,1.0071,1,1.445,1.0321,95,0
IWM190920C156,2019-09-19,2019-09-19 09:34:45,1.47,1.05,19,1.44,1.0285,32,1.41,1.0071,1,1.455,1.0392,95,0
IWM190920C156,2019-09-19,2019-09-19 09:34:45,1.46,1.0428,51,1.43,1.0214,48,1.41,1.0071,1,1.445,1.0321,95,0
IWM190920C156,2019-09-19,2019-09-19 09:34:46,1.48,1.0571,51,1.45,1.0357,30,1.41,1.0071,1,1.465,1.0464,95,0
IWM190920C156,2019-09-19,2019-09-19 09:34:46,1.48,1.0571,27,1.46,1.0428,69,1.41,1.0071,1,1.47,1.05,95,0
IWM190920C156,2019-09-19,2019-09-19 09:34:47,1.48,1.0571,19,1.46,1.0428,44,1.41,1.0071,1,1.47,1.05,95,0
IWM190920C156,2019-09-19,2019-09-19 09:34:47,1.49,1.0642,46,1.46,1.0428,69,1.41,1.0071,1,1.475,1.0535,95,0
IWM190920C156,2019-09-19,2019-09-19 09:34:48,1.49,1.0642,19,1.46,1.0428,69,1.41,1.0071,1,1.475,1.0535,95,0
IWM190920C156,2019-09-19,2019-09-19 09:34:48,1.49,1.0642,38,1.46,1.0428,107,1.41,1.0071,1,1.475,1.0535,95,0
IWM190920C156,2019-09-19,2019-09-19 09:34:49,1.49,1.0642,19,1.47,1.05,20,1.41,1.0071,1,1.48,1.0571,95,0
IWM190920C156,2019-09-19,2019-09-19 09:34:49,1.49,1.0642,19,1.47,1.05,51,1.41,1.0071,1,1.48,1.0571,95,0
IWM190920C156,2019-09-19,2019-09-19 09:34:50,1.49,1.0642,19,1.47,1.05,20,1.41,1.0071,1,1.48,1.0571,95,0
IWM190920C156,2019-09-19,2019-09-19 09:34:51,1.49,1.0642,38,1.47,1.05,20,1.41,1.0071,1,1.48,1.0571,95,0
IWM190920C156,2019-09-19,2019-09-19 09:34:52,1.47,1.05,32,1.45,1.0357,17,1.41,1.0071,1,1.46,1.0428,95,0
IWM190920C156,2019-09-19,2019-09-19 09:34:52,1.48,1.0571,53,1.45,1.0357,14,1.41,1.0071,1,1.465,1.0464,95,0
IWM190920C156,2019-09-19,2019-09-19 09:34:53,1.47,1.05,51,1.44,1.0285,47,1.41,1.0071,1,1.455,1.0392,95,0
IWM190920C156,2019-09-19,2019-09-19 09:34:53,1.47,1.05,59,1.44,1.0285,42,1.41,1.0071,1,1.455,1.0392,95,0
IWM190920C156,2019-09-19,2019-09-19 09:34:54,1.46,1.0428,32,1.44,1.0285,17,1.41,1.0071,1,1.45,1.0357,95,0
IWM190920C156,2019-09-19,2019-09-19 09:34:54,1.47,1.05,49,1.44,1.0285,69,1.41,1.0071,1,1.455,1.0392,95,0
IWM190920C156,2019-09-19,2019-09-19 09:34:55,1.48,1.0571,43,1.46,1.0428,51,1.41,1.0071,1,1.47,1.05,95,0
IWM190920C156,2019-09-19,2019-09-19 09:34:55,1.46,1.0428,51,1.44,1.0285,32,1.41,1.0071,1,1.45,1.0357,95,0
IWM190920C156,2019-09-19,2019-09-19 09:34:56,1.46,1.0428,53,1.43,1.0214,38,1.41,1.0071,1,1.445,1.0321,95,0
IWM190920C156,2019-09-19,2019-09-19 09:34:56,1.44,1.0285,51,1.42,1.0142,19,1.41,1.0071,1,1.43,1.0214,95,0
IWM190920C156,2019-09-19,2019-09-19 09:34:57,1.43,1.0214,51,1.42,1.0142,56,1.41,1.0071,1,1.425,1.0178,95,0
IWM190920C156,2019-09-19,2019-09-19 09:34:57,1.44,1.0285,51,1.42,1.0142,35,1.41,1.0071,1,1.43,1.0214,95,0
IWM190920C156,2019-09-19,2019-09-19 09:34:58,1.43,1.0214,70,1.4,1.0,51,1.41,1.0071,1,1.415,1.0107,95,0
IWM190920C156,2019-09-19,2019-09-19 09:34:58,1.43,1.0214,77,1.4,1.0,19,1.41,1.0071,1,1.415,1.0107,95,0
IWM190920C156,2019-09-19,2019-09-19 09:34:59,1.42,1.0142,19,1.4,1.0,51,1.41,1.0071,1,1.41,1.0071,95,0
IWM190920C156,2019-09-19,2019-09-19 09:34:59,1.43,1.0214,76,1.4,1.0,51,1.41,1.0071,1,1.415,1.0107,95,0
IWM190920C156,2019-09-19,2019-09-19 09:35:00,1.41,1.0071,21,1.36,0.9714,19,1.41,1.0071,1,1.385,0.9892,95,0
IWM190920C156,2019-09-19,2019-09-19 09:35:00,1.42,1.0142,77,1.39,0.9928,50,1.41,1.0071,1,1.405,1.0035,95,0
IWM190920C156,2019-09-19,2019-09-19 09:35:01,1.41,1.0071,21,1.38,0.9857,25,1.41,1.0071,1,1.395,0.9964,95,0
IWM190920C156,2019-09-19,2019-09-19 09:35:01,1.4,1.0,8,1.38,0.9857,50,1.41,1.0071,1,1.39,0.9928,95,0
IWM190920C156,2019-09-19,2019-09-19 09:35:02,1.4,1.0,8,1.38,0.9857,50,1.41,1.0071,1,1.39,0.9928,95,0
IWM190920C156,2019-09-19,2019-09-19 09:35:03,1.42,1.0142,32,1.4,1.0,63,1.41,1.0071,1,1.41,1.0071,95,0
IWM190920C156,2019-09-19,2019-09-19 09:35:03,1.4,1.0,8,1.38,0.9857,61,1.41,1.0071,1,1.39,0.9928,95,0
IWM190920C156,2019-09-19,2019-09-19 09:35:04,1.42,1.0142,22,1.4,1.0,63,1.41,1.0071,1,1.41,1.0071,95,0
IWM190920C156,2019-09-19,2019-09-19 09:35:04,1.41,1.0071,50,1.39,0.9928,50,1.41,1.0071,1,1.4,1.0,95,0
IWM190920C156,2019-09-19,2019-09-19 09:35:05,1.4,1.0,50,1.37,0.9785,69,1.41,1.0071,1,1.385,0.9892,95,0
IWM190920C156,2019-09-19,2019-09-19 09:35:05,1.41,1.0071,53,1.38,0.9857,54,1.41,1.0071,1,1.395,0.9964,95,0
IWM190920C156,2019-09-19,2019-09-19 09:35:06,1.39,0.9928,50,1.36,0.9714,46,1.41,1.0071,1,1.375,0.9821,95,0
IWM190920C156,2019-09-19,2019-09-19 09:35:06,1.39,0.9928,31,1.37,0.9785,81,1.41,1.0071,1,1.38,0.9857,95,0
IWM190920C156,2019-09-19,2019-09-19 09:35:07,1.4,1.0,31,1.37,0.9785,89,1.41,1.0071,1,1.385,0.9892,95,0
IWM190920C156,2019-09-19,2019-09-19 09:35:07,1.39,0.9928,31,1.37,0.9785,50,1.41,1.0071,1,1.38,0.9857,95,0
IWM190920C156,2019-09-19,2019-09-19 09:35:08,1.4,1.0,26,1.37,0.9785,57,1.41,1.0071,1,1.385,0.9892,95,0
IWM190920C156,2019-09-19,2019-09-19 09:35:08,1.39,0.9928,56,1.36,0.9714,31,1.41,1.0071,1,1.375,0.9821,95,0
IWM190920C156,2019-09-19,2019-09-19 09:35:09,1.38,0.9857,50,1.36,0.9714,31,1.41,1.0071,1,1.37,0.9785,95,0
IWM190920C156,2019-09-19,2019-09-19 09:35:09,1.39,0.9928,50,1.36,0.9714,38,1.41,1.0071,1,1.375,0.9821,95,0
IWM190920C156,2019-09-19,2019-09-19 09:35:10,1.4,1.0,31,1.38,0.9857,37,1.41,1.0071,1,1.39,0.9928,95,0
IWM190920C156,2019-09-19,2019-09-19 09:35:10,1.4,1.0,25,1.38,0.9857,98,1.41,1.0071,1,1.39,0.9928,95,0
IWM190920C156,2019-09-19,2019-09-19 09:35:11,1.41,1.0071,45,1.39,0.9928,50,1.41,1.0071,1,1.4,1.0,95,0
IWM190920C156,2019-09-19,2019-09-19 09:35:11,1.4,1.0,55,1.38,0.9857,37,1.41,1.0071,1,1.39,0.9928,95,0
IWM190920C156,2019-09-19,2019-09-19 09:35:12,1.41,1.0071,45,1.39,0.9928,50,1.41,1.0071,1,1.4,1.0,95,0
IWM190920C156,2019-09-19,2019-09-19 09:35:12,1.41,1.0071,45,1.39,0.9928,93,1.41,1.0071,1,1.4,1.0,95,0
IWM190920C156,2019-09-19,2019-09-19 09:35:13,1.42,1.0142,40,1.39,0.9928,88,1.41,1.0071,1,1.405,1.0035,95,0
IWM190920C156,2019-09-19,2019-09-19 09:35:14,1.43,1.0214,39,1.4,1.0,54,1.41,1.0071,1,1.415,1.0107,95,0
IWM190920C156,2019-09-19,2019-09-19 09:35:14,1.43,1.0214,39,1.4,1.0,31,1.41,1.0071,1,1.415,1.0107,95,0
IWM190920C156,2019-09-19,2019-09-19 09:35:15,1.43,1.0214,28,1.4,1.0,73,1.44,1.0285,1,1.415,1.0107,96,0
IWM190920C156,2019-09-19,2019-09-19 09:35:15,1.43,1.0214,26,1.4,1.0,73,1.44,1.0285,1,1.415,1.0107,96,1
IWM190920C156,2019-09-19,2019-09-19 09:35:16,1.43,1.0214,30,1.4,1.0,63,1.44,1.0285,1,1.415,1.0107,96,0
IWM190920C156,2019-09-19,2019-09-19 09:35:16,1.45,1.0357,75,1.41,1.0071,63,1.44,1.0285,1,1.43,1.0214,96,0
IWM190920C156,2019-09-19,2019-09-19 09:35:17,1.45,1.0357,76,1.41,1.0071,112,1.44,1.0285,1,1.43,1.0214,96,0
IWM190920C156,2019-09-19,2019-09-19 09:35:17,1.45,1.0357,76,1.41,1.0071,63,1.44,1.0285,1,1.43,1.0214,96,0
IWM190920C156,2019-09-19,2019-09-19 09:35:18,1.44,1.0285,59,1.41,1.0071,125,1.44,1.0285,1,1.425,1.0178,96,0
IWM190920C156,2019-09-19,2019-09-19 09:35:18,1.44,1.0285,52,1.41,1.0071,125,1.44,1.0285,1,1.425,1.0178,96,0
IWM190920C156,2019-09-19,2019-09-19 09:35:19,1.43,1.0214,60,1.41,1.0071,31,1.44,1.0285,1,1.42,1.0142,96,0
IWM190920C156,2019-09-19,2019-09-19 09:35:20,1.42,1.0142,31,1.4,1.0,34,1.44,1.0285,1,1.41,1.0071,96,0
IWM190920C156,2019-09-19,2019-09-19 09:35:20,1.42,1.0142,50,1.4,1.0,15,1.44,1.0285,1,1.41,1.0071,96,0
IWM190920C156,2019-09-19,2019-09-19 09:35:21,1.42,1.0142,31,1.4,1.0,34,1.44,1.0285,1,1.41,1.0071,96,0
IWM190920C156,2019-09-19,2019-09-19 09:35:21,1.42,1.0142,56,1.4,1.0,15,1.44,1.0285,1,1.41,1.0071,96,0
IWM190920C156,2019-09-19,2019-09-19 09:35:22,1.4,1.0,21,1.37,0.9785,32,1.44,1.0285,1,1.385,0.9892,96,0
IWM190920C156,2019-09-19,2019-09-19 09:35:22,1.4,1.0,24,1.36,0.9714,54,1.44,1.0285,1,1.38,0.9857,96,0
IWM190920C156,2019-09-19,2019-09-19 09:35:23,1.41,1.0071,22,1.38,0.9857,67,1.44,1.0285,1,1.395,0.9964,96,0
IWM190920C156,2019-09-19,2019-09-19 09:35:23,1.41,1.0071,22,1.38,0.9857,82,1.44,1.0285,1,1.395,0.9964,96,0
IWM190920C156,2019-09-19,2019-09-19 09:35:24,1.42,1.0142,21,1.39,0.9928,49,1.44,1.0285,1,1.405,1.0035,96,0
IWM190920C156,2019-09-19,2019-09-19 09:35:24,1.41,1.0071,28,1.38,0.9857,47,1.44,1.0285,1,1.395,0.9964,96,0
IWM190920C156,2019-09-19,2019-09-19 09:35:25,1.4,1.0,31,1.38,0.9857,19,1.44,1.0285,1,1.39,0.9928,96,0
IWM190920C156,2019-09-19,2019-09-19 09:35:26,1.41,1.0071,74,1.38,0.9857,28,1.44,1.0285,1,1.395,0.9964,96,0
IWM190920C156,2019-09-19,2019-09-19 09:35:26,1.41,1.0071,38,1.39,0.9928,32,1.44,1.0285,1,1.4,1.0,96,0
IWM190920C156,2019-09-19,2019-09-19 09:35:27,1.41,1.0071,38,1.39,0.9928,45,1.44,1.0285,1,1.4,1.0,96,0
IWM190920C156,2019-09-19,2019-09-19 09:35:27,1.41,1.0071,42,1.38,0.9857,46,1.44,1.0285,1,1.395,0.9964,96,0
IWM190920C156,2019-09-19,2019-09-19 09:35:28,1.41,1.0071,64,1.38,0.9857,53,1.44,1.0285,1,1.395,0.9964,96,0
IWM190920C156,2019-09-19,2019-09-19 09:35:28,1.42,1.0142,26,1.39,0.9928,49,1.44,1.0285,1,1.405,1.0035,96,0
IWM190920C156,2019-09-19,2019-09-19 09:35:29,1.41,1.0071,51,1.39,0.9928,10,1.44,1.0285,1,1.4,1.0,96,0
IWM190920C156,2019-09-19,2019-09-19 09:35:29,1.41,1.0071,59,1.38,0.9857,85,1.44,1.0285,1,1.395,0.9964,96,0
IWM190920C156,2019-09-19,2019-09-19 09:35:30,1.42,1.0142,49,1.39,0.9928,77,1.44,1.0285,1,1.405,1.0035,96,0
IWM190920C156,2019-09-19,2019-09-19 09:35:30,1.42,1.0142,49,1.39,0.9928,67,1.44,1.0285,1,1.405,1.0035,96,0
IWM190920C156,2019-09-19,2019-09-19 09:35:31,1.43,1.0214,49,1.41,1.0071,11,1.44,1.0285,1,1.42,1.0142,96,0
IWM190920C156,2019-09-19,2019-09-19 09:35:31,1.42,1.0142,54,1.4,1.0,6,1.44,1.0285,1,1.41,1.0071,96,0
IWM190920C156,2019-09-19,2019-09-19 09:35:33,1.42,1.0142,53,1.4,1.0,4,1.44,1.0285,1,1.41,1.0071,96,0
IWM190920C156,2019-09-19,2019-09-19 09:35:33,1.42,1.0142,30,1.4,1.0,4,1.44,1.0285,1,1.41,1.0071,96,0
IWM190920C156,2019-09-19,2019-09-19 09:35:34,1.42,1.0142,54,1.4,1.0,4,1.44,1.0285,1,1.41,1.0071,96,0
IWM190920C156,2019-09-19,2019-09-19 09:35:34,1.42,1.0142,58,1.39,0.9928,57,1.44,1.0285,1,1.405,1.0035,96,0
IWM190920C156,2019-09-19,2019-09-19 09:35:35,1.43,1.0214,50,1.4,1.0,73,1.44,1.0285,1,1.415,1.0107,96,0
IWM190920C156,2019-09-19,2019-09-19 09:35:35,1.43,1.0214,68,1.4,1.0,52,1.44,1.0285,1,1.415,1.0107,96,0
IWM190920C156,2019-09-19,2019-09-19 09:35:36,1.43,1.0214,70,1.4,1.0,123,1.44,1.0285,1,1.415,1.0107,96,0
IWM190920C156,2019-09-19,2019-09-19 09:35:36,1.43,1.0214,94,1.4,1.0,76,1.44,1.0285,1,1.415,1.0107,96,0
IWM190920C156,2019-09-19,2019-09-19 09:35:37,1.42,1.0142,30,1.4,1.0,36,1.44,1.0285,1,1.41,1.0071,96,0
IWM190920C156,2019-09-19,2019-09-19 09:35:38,1.42,1.0142,30,1.4,1.0,55,1.44,1.0285,1,1.41,1.0071,96,0
IWM190920C156,2019-09-19,2019-09-19 09:35:38,1.42,1.0142,30,1.4,1.0,69,1.44,1.0285,1,1.41,1.0071,96,0
IWM190920C156,2019-09-19,2019-09-19 09:35:39,1.42,1.0142,21,1.4,1.0,65,1.44,1.0285,1,1.41,1.0071,96,0
IWM190920C156,2019-09-19,2019-09-19 09:35:39,1.42,1.0142,28,1.4,1.0,32,1.44,1.0285,1,1.41,1.0071,96,0
IWM190920C156,2019-09-19,2019-09-19 09:35:40,1.42,1.0142,54,1.4,1.0,13,1.44,1.0285,1,1.41,1.0071,96,0
IWM190920C156,2019-09-19,2019-09-19 09:35:40,1.42,1.0142,54,1.39,0.9928,48,1.44,1.0285,1,1.405,1.0035,96,0
IWM190920C156,2019-09-19,2019-09-19 09:35:41,1.42,1.0142,5,1.4,1.0,29,1.44,1.0285,1,1.41,1.0071,96,0
IWM190920C156,2019-09-19,2019-09-19 09:35:41,1.42,1.0142,54,1.39,0.9928,48,1.44,1.0285,1,1.405,1.0035,96,0
IWM190920C156,2019-09-19,2019-09-19 09:35:42,1.4,1.0,10,1.39,0.9928,17,1.44,1.0285,1,1.395,0.9964,96,0
IWM190920C156,2019-09-19,2019-09-19 09:35:42,1.4,1.0,11,1.38,0.9857,32,1.44,1.0285,1,1.39,0.9928,96,0
IWM190920C156,2019-09-19,2019-09-19 09:35:43,1.41,1.0071,32,1.38,0.9857,88,1.44,1.0285,1,1.395,0.9964,96,0
IWM190920C156,2019-09-19,2019-09-19 09:35:44,1.42,1.0142,49,1.39,0.9928,65,1.44,1.0285,1,1.405,1.0035,96,0
IWM190920C156,2019-09-19,2019-09-19 09:35:44,1.42,1.0142,77,1.39,0.9928,77,1.44,1.0285,1,1.405,1.0035,96,0
IWM190920C156,2019-09-19,2019-09-19 09:35:45,1.39,0.9928,3,1.38,0.9857,21,1.44,1.0285,1,1.385,0.9892,96,0
IWM190920C156,2019-09-19,2019-09-19 09:35:45,1.41,1.0071,51,1.39,0.9928,17,1.44,1.0285,1,1.4,1.0,96,0
IWM190920C156,2019-09-19,2019-09-19 09:35:46,1.39,0.9928,96,1.36,0.9714,25,1.44,1.0285,1,1.375,0.9821,96,0
IWM190920C156,2019-09-19,2019-09-19 09:35:46,1.39,0.9928,3,1.38,0.9857,21,1.44,1.0285,1,1.385,0.9892,96,0
IWM190920C156,2019-09-19,2019-09-19 09:35:47,1.39,0.9928,51,1.36,0.9714,38,1.44,1.0285,1,1.375,0.9821,96,0
IWM190920C156,2019-09-19,2019-09-19 09:35:47,1.39,0.9928,16,1.37,0.9785,51,1.44,1.0285,1,1.38,0.9857,96,0
IWM190920C156,2019-09-19,2019-09-19 09:35:48,1.39,0.9928,16,1.37,0.9785,51,1.44,1.0285,1,1.38,0.9857,96,0
IWM190920C156,2019-09-19,2019-09-19 09:35:48,1.39,0.9928,37,1.37,0.9785,30,1.44,1.0285,1,1.38,0.9857,96,0
IWM190920C156,2019-09-19,2019-09-19 09:35:49,1.4,1.0,52,1.37,0.9785,83,1.44,1.0285,1,1.385,0.9892,96,0
IWM190920C156,2019-09-19,2019-09-19 09:35:49,1.4,1.0,49,1.37,0.9785,61,1.44,1.0285,1,1.385,0.9892,96,0
IWM190920C156,2019-09-19,2019-09-19 09:35:50,1.4,1.0,30,1.38,0.9857,83,1.44,1.0285,1,1.39,0.9928,96,0
IWM190920C156,2019-09-19,2019-09-19 09:35:50,1.41,1.0071,44,1.39,0.9928,42,1.44,1.0285,1,1.4,1.0,96,0
IWM190920C156,2019-09-19,2019-09-19 09:35:51,1.39,0.9928,51,1.37,0.9785,39,1.44,1.0285,1,1.38,0.9857,96,0
IWM190920C156,2019-09-19,2019-09-19 09:35:51,1.4,1.0,52,1.38,0.9857,49,1.44,1.0285,1,1.39,0.9928,96,0
IWM190920C156,2019-09-19,2019-09-19 09:35:52,1.39,0.9928,49,1.37,0.9785,52,1.44,1.0285,1,1.38,0.9857,96,0
IWM190920C156,2019-09-19,2019-09-19 09:35:52,1.4,1.0,77,1.37,0.9785,65,1.44,1.0285,1,1.385,0.9892,96,0
IWM190920C156,2019-09-19,2019-09-19 09:35:53,1.39,0.9928,47,1.37,0.9785,89,1.39,0.9928,1,1.38,0.9857,97,0
IWM190920C156,2019-09-19,2019-09-19 09:35:53,1.39,0.9928,54,1.37,0.9785,89,1.39,0.9928,1,1.38,0.9857,97,1
IWM190920C156,2019-09-19,2019-09-19 09:35:54,1.38,0.9857,55,1.36,0.9714,6,1.37,0.9785,10,1.37,0.9785,107,10
IWM190920C156,2019-09-19,2019-09-19 09:35:54,1.38,0.9857,57,1.36,0.9714,6,1.37,0.9785,10,1.37,0.9785,107,0
IWM190920C156,2019-09-19,2019-09-19 09:35:55,1.37,0.9785,49,1.34,0.9571,72,1.37,0.9785,10,1.355,0.9678,107,0
IWM190920C156,2019-09-19,2019-09-19 09:35:55,1.36,0.9714,19,1.34,0.9571,27,1.37,0.9785,10,1.35,0.9642,107,0
IWM190920C156,2019-09-19,2019-09-19 09:35:55,1.36,0.9714,30,1.34,0.9571,46,1.37,0.9785,10,1.35,0.9642,107,0
IWM190920C156,2019-09-19,2019-09-19 09:35:56,1.37,0.9785,73,1.34,0.9571,93,1.36,0.9714,2,1.355,0.9678,109,0
IWM190920C156,2019-09-19,2019-09-19 09:35:56,1.37,0.9785,73,1.34,0.9571,82,1.36,0.9714,2,1.355,0.9678,109,2
IWM190920C156,2019-09-19,2019-09-19 09:35:56,1.37,0.9785,49,1.34,0.9571,77,1.37,0.9785,10,1.355,0.9678,107,0
IWM190920C156,2019-09-19,2019-09-19 09:35:57,1.36,0.9714,61,1.34,0.9571,27,1.36,0.9714,2,1.35,0.9642,109,0
IWM190920C156,2019-09-19,2019-09-19 09:35:57,1.37,0.9785,73,1.34,0.9571,37,1.36,0.9714,2,1.355,0.9678,109,0
IWM190920C156,2019-09-19,2019-09-19 09:35:57,1.37,0.9785,73,1.34,0.9571,136,1.36,0.9714,2,1.355,0.9678,109,0
IWM190920C156,2019-09-19,2019-09-19 09:35:58,1.36,0.9714,61,1.34,0.9571,27,1.36,0.9714,2,1.35,0.9642,109,0
IWM190920C156,2019-09-19,2019-09-19 09:35:58,1.37,0.9785,20,1.35,0.9642,49,1.36,0.9714,2,1.36,0.9714,109,0
IWM190920C156,2019-09-19,2019-09-19 09:35:58,1.37,0.9785,20,1.35,0.9642,61,1.36,0.9714,2,1.36,0.9714,109,0
IWM190920C156,2019-09-19,2019-09-19 09:35:59,1.37,0.9785,28,1.35,0.9642,23,1.36,0.9714,5,1.36,0.9714,114,5
IWM190920C156,2019-09-19,2019-09-19 09:35:59,1.39,0.9928,36,1.36,0.9714,49,1.36,0.9714,5,1.375,0.9821,114,0
IWM190920C156,2019-09-19,2019-09-19 09:35:59,1.37,0.9785,20,1.35,0.9642,41,1.36,0.9714,2,1.36,0.9714,109,0
IWM190920C156,2019-09-19,2019-09-19 09:35:59,1.37,0.9785,39,1.35,0.9642,41,1.36,0.9714,2,1.36,0.9714,109,0
IWM190920C156,2019-09-19,2019-09-19 09:36:00,1.39,0.9928,30,1.36,0.9714,70,1.36,0.9714,5,1.375,0.9821,114,0
IWM190920C156,2019-09-19,2019-09-19 09:36:00,1.39,0.9928,30,1.36,0.9714,80,1.36,0.9714,5,1.375,0.9821,114,0
IWM190920C156,2019-09-19,2019-09-19 09:36:01,1.39,0.9928,33,1.36,0.9714,46,1.36,0.9714,5,1.375,0.9821,114,0
IWM190920C156,2019-09-19,2019-09-19 09:36:01,1.39,0.9928,30,1.36,0.9714,100,1.36,0.9714,5,1.375,0.9821,114,0
IWM190920C156,2019-09-19,2019-09-19 09:36:01,1.39,0.9928,33,1.36,0.9714,61,1.36,0.9714,5,1.375,0.9821,114,0
IWM190920C156,2019-09-19,2019-09-19 09:36:02,1.4,1.0,36,1.38,0.9857,19,1.36,0.9714,5,1.39,0.9928,114,0
IWM190920C156,2019-09-19,2019-09-19 09:36:02,1.4,1.0,40,1.38,0.9857,19,1.36,0.9714,5,1.39,0.9928,114,0
IWM190920C156,2019-09-19,2019-09-19 09:36:03,1.4,1.0,40,1.38,0.9857,20,1.36,0.9714,5,1.39,0.9928,114,0
IWM190920C156,2019-09-19,2019-09-19 09:36:04,1.41,1.0071,21,1.37,0.9785,21,1.36,0.9714,5,1.39,0.9928,114,0
IWM190920C156,2019-09-19,2019-09-19 09:36:04,1.41,1.0071,21,1.38,0.9857,56,1.36,0.9714,5,1.395,0.9964,114,0
IWM190920C156,2019-09-19,2019-09-19 09:36:05,1.43,1.0214,19,1.4,1.0,87,1.36,0.9714,5,1.415,1.0107,114,0
IWM190920C156,2019-09-19,2019-09-19 09:36:05,1.44,1.0285,19,1.42,1.0142,40,1.36,0.9714,5,1.43,1.0214,114,0
IWM190920C156,2019-09-19,2019-09-19 09:36:06,1.45,1.0357,19,1.42,1.0142,77,1.36,0.9714,5,1.435,1.025,114,0
IWM190920C156,2019-09-19,2019-09-19 09:36:06,1.44,1.0285,19,1.42,1.0142,40,1.36,0.9714,5,1.43,1.0214,114,0
IWM190920C156,2019-09-19,2019-09-19 09:36:07,1.45,1.0357,19,1.42,1.0142,84,1.36,0.9714,5,1.435,1.025,114,0
IWM190920C156,2019-09-19,2019-09-19 09:36:07,1.45,1.0357,19,1.42,1.0142,87,1.36,0.9714,5,1.435,1.025,114,0
IWM190920C156,2019-09-19,2019-09-19 09:36:08,1.44,1.0285,19,1.42,1.0142,57,1.36,0.9714,5,1.43,1.0214,114,0
IWM190920C156,2019-09-19,2019-09-19 09:36:08,1.45,1.0357,23,1.42,1.0142,119,1.36,0.9714,5,1.435,1.025,114,0
IWM190920C156,2019-09-19,2019-09-19 09:36:08,1.45,1.0357,19,1.42,1.0142,119,1.36,0.9714,5,1.435,1.025,114,0
IWM190920C156,2019-09-19,2019-09-19 09:36:09,1.44,1.0285,19,1.42,1.0142,59,1.36,0.9714,5,1.43,1.0214,114,0
IWM190920C156,2019-09-19,2019-09-19 09:36:09,1.45,1.0357,28,1.42,1.0142,111,1.36,0.9714,5,1.435,1.025,114,0
IWM190920C156,2019-09-19,2019-09-19 09:36:09,1.45,1.0357,23,1.42,1.0142,111,1.36,0.9714,5,1.435,1.025,114,0
IWM190920C156,2019-09-19,2019-09-19 09:36:09,1.45,1.0357,32,1.42,1.0142,59,1.36,0.9714,5,1.435,1.025,114,0
IWM190920C156,2019-09-19,2019-09-19 09:36:10,1.46,1.0428,47,1.44,1.0285,8,1.36,0.9714,5,1.45,1.0357,114,0
IWM190920C156,2019-09-19,2019-09-19 09:36:10,1.45,1.0357,28,1.42,1.0142,104,1.36,0.9714,5,1.435,1.025,114,0
IWM190920C156,2019-09-19,2019-09-19 09:36:11,1.45,1.0357,19,1.44,1.0285,8,1.36,0.9714,5,1.445,1.0321,114,0
IWM190920C156,2019-09-19,2019-09-19 09:36:11,1.46,1.0428,47,1.43,1.0214,65,1.36,0.9714,5,1.445,1.0321,114,0
IWM190920C156,2019-09-19,2019-09-19 09:36:11,1.46,1.0428,45,1.43,1.0214,65,1.36,0.9714,5,1.445,1.0321,114,0
IWM190920C156,2019-09-19,2019-09-19 09:36:12,1.44,1.0285,19,1.41,1.0071,32,1.36,0.9714,5,1.425,1.0178,114,0
IWM190920C156,2019-09-19,2019-09-19 09:36:12,1.46,1.0428,21,1.43,1.0214,44,1.36,0.9714,5,1.445,1.0321,114,0
IWM190920C156,2019-09-19,2019-09-19 09:36:13,1.46,1.0428,21,1.43,1.0214,44,1.36,0.9714,5,1.445,1.0321,114,0
IWM190920C156,2019-09-19,2019-09-19 09:36:13,1.45,1.0357,39,1.42,1.0142,86,1.36,0.9714,5,1.435,1.025,114,0
IWM190920C156,2019-09-19,2019-09-19 09:36:14,1.44,1.0285,23,1.42,1.0142,12,1.36,0.9714,5,1.43,1.0214,114,0
IWM190920C156,2019-09-19,2019-09-19 09:36:14,1.47,1.05,21,1.45,1.0357,19,1.36,0.9714,5,1.46,1.0428,114,0
IWM190920C156,2019-09-19,2019-09-19 09:36:15,1.49,1.0642,19,1.46,1.0428,53,1.36,0.9714,5,1.475,1.0535,114,0
IWM190920C156,2019-09-19,2019-09-19 09:36:15,1.5,1.0714,24,1.47,1.05,87,1.36,0.9714,5,1.485,1.0607,114,0
IWM190920C156,2019-09-19,2019-09-19 09:36:16,1.5,1.0714,24,1.47,1.05,114,1.36,0.9714,5,1.485,1.0607,114,0
IWM190920C156,2019-09-19,2019-09-19 09:36:16,1.5,1.0714,24,1.47,1.05,110,1.36,0.9714,5,1.485,1.0607,114,0
IWM190920C156,2019-09-19,2019-09-19 09:36:16,1.49,1.0642,19,1.47,1.05,82,1.36,0.9714,5,1.48,1.0571,114,0
IWM190920C156,2019-09-19,2019-09-19 09:36:17,1.49,1.0642,19,1.47,1.05,82,1.36,0.9714,5,1.48,1.0571,114,0
IWM190920C156,2019-09-19,2019-09-19 09:36:17,1.49,1.0642,19,1.47,1.05,86,1.36,0.9714,5,1.48,1.0571,114,0
IWM190920C156,2019-09-19,2019-09-19 09:36:18,1.51,1.0785,56,1.48,1.0571,75,1.5,1.0714,7,1.495,1.0678,123,9
IWM190920C156,2019-09-19,2019-09-19 09:36:18,1.5,1.0714,7,1.48,1.0571,32,1.36,0.9714,5,1.49,1.0642,114,0
IWM190920C156,2019-09-19,2019-09-19 09:36:18,1.51,1.0785,56,1.48,1.0571,75,1.5,1.0714,7,1.495,1.0678,123,0
IWM190920C156,2019-09-19,2019-09-19 09:36:19,1.52,1.0857,68,1.49,1.0642,19,1.5,1.0714,7,1.505,1.075,123,0
IWM190920C156,2019-09-19,2019-09-19 09:36:19,1.52,1.0857,49,1.49,1.0642,43,1.5,1.0714,7,1.505,1.075,123,0
IWM190920C156,2019-09-19,2019-09-19 09:36:20,1.53,1.0928,39,1.49,1.0642,77,1.5,1.0714,7,1.51,1.0785,123,0
IWM190920C156,2019-09-19,2019-09-19 09:36:21,1.52,1.0857,39,1.49,1.0642,76,1.5,1.0714,7,1.505,1.075,123,0
IWM190920C156,2019-09-19,2019-09-19 09:36:21,1.52,1.0857,2,1.49,1.0642,77,1.5,1.0714,7,1.505,1.075,123,0
IWM190920C156,2019-09-19,2019-09-19 09:36:21,1.53,1.0928,49,1.5,1.0714,19,1.5,1.0714,7,1.515,1.0821,123,0
IWM190920C156,2019-09-19,2019-09-19 09:36:22,1.52,1.0857,73,1.49,1.0642,34,1.5,1.0714,7,1.505,1.075,123,0
IWM190920C156,2019-09-19,2019-09-19 09:36:22,1.51,1.0785,93,1.48,1.0571,27,1.5,1.0714,7,1.495,1.0678,123,0
IWM190920C156,2019-09-19,2019-09-19 09:36:23,1.51,1.0785,11,1.49,1.0642,33,1.51,1.0785,2,1.5,1.0714,125,0
IWM190920C156,2019-09-19,2019-09-19 09:36:23,1.51,1.0785,11,1.49,1.0642,33,1.51,1.0785,2,1.5,1.0714,125,2
IWM190920C156,2019-09-19,2019-09-19 09:36:23,1.53,1.0928,24,1.5,1.0714,24,1.51,1.0785,2,1.515,1.0821,125,0
IWM190920C156,2019-09-19,2019-09-19 09:36:23,1.53,1.0928,49,1.5,1.0714,24,1.51,1.0785,2,1.515,1.0821,125,0
IWM190920C156,2019-09-19,2019-09-19 09:36:24,1.53,1.0928,24,1.5,1.0714,78,1.51,1.0785,2,1.515,1.0821,125,0
IWM190920C156,2019-09-19,2019-09-19 09:36:24,1.53,1.0928,24,1.5,1.0714,16,1.51,1.0785,2,1.515,1.0821,125,0
IWM190920C156,2019-09-19,2019-09-19 09:36:25,1.52,1.0857,16,1.5,1.0714,19,1.51,1.0785,2,1.51,1.0785,125,0
IWM190920C156,2019-09-19,2019-09-19 09:36:25,1.52,1.0857,22,1.49,1.0642,25,1.51,1.0785,2,1.505,1.075,125,0
IWM190920C156,2019-09-19,2019-09-19 09:36:25,1.52,1.0857,9,1.5,1.0714,10,1.51,1.0785,2,1.51,1.0785,125,0
IWM190920C156,2019-09-19,2019-09-19 09:36:26,1.53,1.0928,3,1.5,1.0714,5,1.51,1.0785,2,1.515,1.0821,125,0
IWM190920C156,2019-09-19,2019-09-19 09:36:26,1.53,1.0928,3,1.5,1.0714,52,1.51,1.0785,2,1.515,1.0821,125,0
IWM190920C156,2019-09-19,2019-09-19 09:36:26,1.53,1.0928,3,1.5,1.0714,57,1.51,1.0785,2,1.515,1.0821,125,0
IWM190920C156,2019-09-19,2019-09-19 09:36:26,1.53,1.0928,3,1.5,1.0714,48,1.51,1.0785,2,1.515,1.0821,125,0
IWM190920C156,2019-09-19,2019-09-19 09:36:27,1.52,1.0857,30,1.5,1.0714,24,1.51,1.0785,2,1.51,1.0785,125,0
IWM190920C156,2019-09-19,2019-09-19 09:36:27,1.53,1.0928,3,1.5,1.0714,5,1.51,1.0785,2,1.515,1.0821,125,0
IWM190920C156,2019-09-19,2019-09-19 09:36:28,1.53,1.0928,29,1.49,1.0642,57,1.51,1.0785,2,1.51,1.0785,125,0
IWM190920C156,2019-09-19,2019-09-19 09:36:28,1.52,1.0857,30,1.49,1.0642,23,1.51,1.0785,2,1.505,1.075,125,0
IWM190920C156,2019-09-19,2019-09-19 09:36:28,1.52,1.0857,49,1.49,1.0642,67,1.51,1.0785,2,1.505,1.075,125,0
IWM190920C156,2019-09-19,2019-09-19 09:36:28,1.53,1.0928,29,1.5,1.0714,3,1.51,1.0785,2,1.515,1.0821,125,0
IWM190920C156,2019-09-19,2019-09-19 09:36:29,1.52,1.0857,4,1.5,1.0714,10,1.51,1.0785,2,1.51,1.0785,125,0
IWM190920C156,2019-09-19,2019-09-19 09:36:29,1.52,1.0857,4,1.5,1.0714,25,1.51,1.0785,2,1.51,1.0785,125,0
IWM190920C156,2019-09-19,2019-09-19 09:36:29,1.53,1.0928,49,1.5,1.0714,11,1.51,1.0785,2,1.515,1.0821,125,0
IWM190920C156,2019-09-19,2019-09-19 09:36:29,1.52,1.0857,30,1.49,1.0642,140,1.51,1.0785,2,1.505,1.075,125,0
IWM190920C156,2019-09-19,2019-09-19 09:36:30,1.55,1.1071,45,1.52,1.0857,49,1.51,1.0785,2,1.535,1.0964,125,0
IWM190920C156,2019-09-19,2019-09-19 09:36:30,1.54,1.1,19,1.51,1.0785,55,1.51,1.0785,2,1.525,1.0892,125,0
IWM190920C156,2019-09-19,2019-09-19 09:36:30,1.55,1.1071,40,1.51,1.0785,55,1.51,1.0785,2,1.53,1.0928,125,0
IWM190920C156,2019-09-19,2019-09-19 09:36:31,1.55,1.1071,11,1.52,1.0857,57,1.51,1.0785,2,1.535,1.0964,125,0
IWM190920C156,2019-09-19,2019-09-19 09:36:31,1.55,1.1071,11,1.52,1.0857,47,1.51,1.0785,2,1.535,1.0964,125,0
IWM190920C156,2019-09-19,2019-09-19 09:36:31,1.55,1.1071,19,1.52,1.0857,57,1.51,1.0785,2,1.535,1.0964,125,0
IWM190920C156,2019-09-19,2019-09-19 09:36:32,1.55,1.1071,19,1.52,1.0857,24,1.51,1.0785,2,1.535,1.0964,125,0
IWM190920C156,2019-09-19,2019-09-19 09:36:33,1.56,1.1142,58,1.52,1.0857,37,1.51,1.0785,2,1.54,1.1,125,0
IWM190920C156,2019-09-19,2019-09-19 09:36:33,1.56,1.1142,29,1.53,1.0928,49,1.51,1.0785,2,1.545,1.1035,125,0
IWM190920C156,2019-09-19,2019-09-19 09:36:34,1.57,1.1214,27,1.54,1.1,82,1.51,1.0785,2,1.555,1.1107,125,0
IWM190920C156,2019-09-19,2019-09-19 09:36:34,1.57,1.1214,27,1.54,1.1,62,1.51,1.0785,2,1.555,1.1107,125,0
IWM190920C156,2019-09-19,2019-09-19 09:36:34,1.57,1.1214,34,1.54,1.1,40,1.51,1.0785,2,1.555,1.1107,125,0
IWM190920C156,2019-09-19,2019-09-19 09:36:35,1.57,1.1214,34,1.54,1.1,58,1.51,1.0785,2,1.555,1.1107,125,0
IWM190920C156,2019-09-19,2019-09-19 09:36:35,1.58,1.1285,49,1.55,1.1071,49,1.51,1.0785,2,1.565,1.1178,125,0
IWM190920C156,2019-09-19,2019-09-19 09:36:35,1.58,1.1285,49,1.54,1.1,58,1.51,1.0785,2,1.56,1.1142,125,0
IWM190920C156,2019-09-19,2019-09-19 09:36:36,1.57,1.1214,19,1.55,1.1071,47,1.51,1.0785,2,1.56,1.1142,125,0
IWM190920C156,2019-09-19,2019-09-19 09:36:36,1.58,1.1285,49,1.55,1.1071,37,1.51,1.0785,2,1.565,1.1178,125,0
IWM190920C156,2019-09-19,2019-09-19 09:36:36,1.58,1.1285,49,1.55,1.1071,49,1.51,1.0785,2,1.565,1.1178,125,0
IWM190920C156,2019-09-19,2019-09-19 09:36:37,1.58,1.1285,48,1.55,1.1071,20,1.51,1.0785,2,1.565,1.1178,125,0
IWM190920C156,2019-09-19,2019-09-19 09:36:37,1.57,1.1214,19,1.55,1.1071,47,1.51,1.0785,2,1.56,1.1142,125,0
IWM190920C156,2019-09-19,2019-09-19 09:36:37,1.58,1.1285,42,1.55,1.1071,49,1.51,1.0785,2,1.565,1.1178,125,0
IWM190920C156,2019-09-19,2019-09-19 09:36:38,1.58,1.1285,19,1.55,1.1071,48,1.51,1.0785,2,1.565,1.1178,125,0
IWM190920C156,2019-09-19,2019-09-19 09:36:38,1.57,1.1214,6,1.55,1.1071,48,1.51,1.0785,2,1.56,1.1142,125,0
IWM190920C156,2019-09-19,2019-09-19 09:36:39,1.57,1.1214,25,1.54,1.1,78,1.51,1.0785,2,1.555,1.1107,125,0
IWM190920C156,2019-09-19,2019-09-19 09:36:39,1.57,1.1214,25,1.54,1.1,63,1.51,1.0785,2,1.555,1.1107,125,0
IWM190920C156,2019-09-19,2019-09-19 09:36:39,1.57,1.1214,6,1.55,1.1071,48,1.51,1.0785,2,1.56,1.1142,125,0
IWM190920C156,2019-09-19,2019-09-19 09:36:39,1.57,1.1214,6,1.54,1.1,63,1.51,1.0785,2,1.555,1.1107,125,0
IWM190920C156,2019-09-19,2019-09-19 09:36:40,1.57,1.1214,25,1.54,1.1,53,1.51,1.0785,2,1.555,1.1107,125,0
IWM190920C156,2019-09-19,2019-09-19 09:36:40,1.57,1.1214,25,1.54,1.1,66,1.51,1.0785,2,1.555,1.1107,125,0
IWM190920C156,2019-09-19,2019-09-19 09:36:40,1.57,1.1214,11,1.54,1.1,53,1.51,1.0785,2,1.555,1.1107,125,0
IWM190920C156,2019-09-19,2019-09-19 09:36:41,1.58,1.1285,19,1.55,1.1071,31,1.51,1.0785,2,1.565,1.1178,125,0
IWM190920C156,2019-09-19,2019-09-19 09:36:41,1.58,1.1285,15,1.55,1.1071,60,1.51,1.0785,2,1.565,1.1178,125,0
IWM190920C156,2019-09-19,2019-09-19 09:36:41,1.58,1.1285,19,1.55,1.1071,23,1.51,1.0785,2,1.565,1.1178,125,0
IWM190920C156,2019-09-19,2019-09-19 09:36:41,1.58,1.1285,34,1.54,1.1,53,1.51,1.0785,2,1.56,1.1142,125,0
IWM190920C156,2019-09-19,2019-09-19 09:36:42,1.61,1.15,19,1.58,1.1285,19,1.51,1.0785,2,1.595,1.1392,125,0
IWM190920C156,2019-09-19,2019-09-19 09:36:42,1.58,1.1285,19,1.54,1.1,51,1.51,1.0785,2,1.56,1.1142,125,0
IWM190920C156,2019-09-19,2019-09-19 09:36:42,1.58,1.1285,19,1.55,1.1071,31,1.51,1.0785,2,1.565,1.1178,125,0
IWM190920C156,2019-09-19,2019-09-19 09:36:43,1.62,1.1571,19,1.58,1.1285,32,1.51,1.0785,2,1.6,1.1428,125,0
IWM190920C156,2019-09-19,2019-09-19 09:36:43,1.61,1.15,19,1.57,1.1214,41,1.51,1.0785,2,1.59,1.1357,125,0
IWM190920C156,2019-09-19,2019-09-19 09:36:44,1.62,1.1571,19,1.58,1.1285,35,1.51,1.0785,2,1.6,1.1428,125,0
IWM190920C156,2019-09-19,2019-09-19 09:36:44,1.61,1.15,19,1.58,1.1285,54,1.51,1.0785,2,1.595,1.1392,125,0
IWM190920C156,2019-09-19,2019-09-19 09:36:45,1.63,1.1642,19,1.6,1.1428,19,1.51,1.0785,2,1.615,1.1535,125,0
IWM190920C156,2019-09-19,2019-09-19 09:36:45,1.63,1.1642,21,1.58,1.1285,46,1.51,1.0785,2,1.605,1.1464,125,0
IWM190920C156,2019-09-19,2019-09-19 09:36:45,1.63,1.1642,6,1.6,1.1428,29,1.51,1.0785,2,1.615,1.1535,125,0
IWM190920C156,2019-09-19,2019-09-19 09:36:46,1.63,1.1642,19,1.6,1.1428,19,1.51,1.0785,2,1.615,1.1535,125,0
IWM190920C156,2019-09-19,2019-09-19 09:36:47,1.63,1.1642,19,1.6,1.1428,36,1.51,1.0785,2,1.615,1.1535,125,0
IWM190920C156,2019-09-19,2019-09-19 09:36:47,1.64,1.1714,29,1.6,1.1428,73,1.51,1.0785,2,1.62,1.1571,125,0
IWM190920C156,2019-09-19,2019-09-19 09:36:47,1.63,1.1642,19,1.6,1.1428,19,1.51,1.0785,2,1.615,1.1535,125,0
IWM190920C156,2019-09-19,2019-09-19 09:36:47,1.63,1.1642,19,1.6,1.1428,73,1.51,1.0785,2,1.615,1.1535,125,0
IWM190920C156,2019-09-19,2019-09-19 09:36:48,1.64,1.1714,19,1.61,1.15,57,1.51,1.0785,2,1.625,1.1607,125,0
IWM190920C156,2019-09-19,2019-09-19 09:36:48,1.63,1.1642,19,1.61,1.15,46,1.51,1.0785,2,1.62,1.1571,125,0
IWM190920C156,2019-09-19,2019-09-19 09:36:48,1.63,1.1642,19,1.61,1.15,21,1.51,1.0785,2,1.62,1.1571,125,0
IWM190920C156,2019-09-19,2019-09-19 09:36:49,1.63,1.1642,19,1.61,1.15,21,1.51,1.0785,2,1.62,1.1571,125,0
IWM190920C156,2019-09-19,2019-09-19 09:36:49,1.65,1.1785,19,1.61,1.15,32,1.51,1.0785,2,1.63,1.1642,125,0
IWM190920C156,2019-09-19,2019-09-19 09:36:50,1.64,1.1714,19,1.61,1.15,50,1.51,1.0785,2,1.625,1.1607,125,0
IWM190920C156,2019-09-19,2019-09-19 09:36:50,1.64,1.1714,19,1.6,1.1428,39,1.51,1.0785,2,1.62,1.1571,125,0
IWM190920C156,2019-09-19,2019-09-19 09:36:50,1.64,1.1714,19,1.62,1.1571,32,1.51,1.0785,2,1.63,1.1642,125,0
IWM190920C156,2019-09-19,2019-09-19 09:36:50,1.65,1.1785,19,1.62,1.1571,32,1.51,1.0785,2,1.635,1.1678,125,0
IWM190920C156,2019-09-19,2019-09-19 09:36:51,1.64,1.1714,19,1.6,1.1428,67,1.51,1.0785,2,1.62,1.1571,125,0
IWM190920C156,2019-09-19,2019-09-19 09:36:51,1.64,1.1714,19,1.6,1.1428,36,1.51,1.0785,2,1.62,1.1571,125,0
IWM190920C156,2019-09-19,2019-09-19 09:36:51,1.64,1.1714,19,1.6,1.1428,74,1.51,1.0785,2,1.62,1.1571,125,0
IWM190920C156,2019-09-19,2019-09-19 09:36:52,1.64,1.1714,19,1.6,1.1428,64,1.51,1.0785,2,1.62,1.1571,125,0
IWM190920C156,2019-09-19,2019-09-19 09:36:53,1.64,1.1714,19,1.6,1.1428,64,1.51,1.0785,2,1.62,1.1571,125,0
IWM190920C156,2019-09-19,2019-09-19 09:36:53,1.64,1.1714,19,1.61,1.15,57,1.51,1.0785,2,1.625,1.1607,125,0
IWM190920C156,2019-09-19,2019-09-19 09:36:54,1.64,1.1714,19,1.61,1.15,78,1.51,1.0785,2,1.625,1.1607,125,0
IWM190920C156,2019-09-19,2019-09-19 09:36:54,1.64,1.1714,19,1.61,1.15,31,1.51,1.0785,2,1.625,1.1607,125,0
IWM190920C156,2019-09-19,2019-09-19 09:36:54,1.64,1.1714,19,1.61,1.15,45,1.51,1.0785,2,1.625,1.1607,125,0
IWM190920C156,2019-09-19,2019-09-19 09:36:55,1.65,1.1785,19,1.62,1.1571,31,1.51,1.0785,2,1.635,1.1678,125,0
IWM190920C156,2019-09-19,2019-09-19 09:36:55,1.64,1.1714,19,1.61,1.15,45,1.51,1.0785,2,1.625,1.1607,125,0
IWM190920C156,2019-09-19,2019-09-19 09:36:55,1.65,1.1785,19,1.62,1.1571,52,1.51,1.0785,2,1.635,1.1678,125,0
IWM190920C156,2019-09-19,2019-09-19 09:36:56,1.65,1.1785,19,1.62,1.1571,31,1.51,1.0785,2,1.635,1.1678,125,0
IWM190920C156,2019-09-19,2019-09-19 09:36:56,1.65,1.1785,29,1.62,1.1571,31,1.51,1.0785,2,1.635,1.1678,125,0
IWM190920C156,2019-09-19,2019-09-19 09:36:57,1.64,1.1714,19,1.61,1.15,29,1.51,1.0785,2,1.625,1.1607,125,0
IWM190920C156,2019-09-19,2019-09-19 09:36:57,1.65,1.1785,29,1.6,1.1428,32,1.51,1.0785,2,1.625,1.1607,125,0
IWM190920C156,2019-09-19,2019-09-19 09:36:58,1.65,1.1785,29,1.62,1.1571,19,1.51,1.0785,2,1.635,1.1678,125,0
IWM190920C156,2019-09-19,2019-09-19 09:36:58,1.64,1.1714,19,1.61,1.15,31,1.51,1.0785,2,1.625,1.1607,125,0
IWM190920C156,2019-09-19,2019-09-19 09:36:59,1.67,1.1928,28,1.63,1.1642,19,1.64,1.1714,5,1.65,1.1785,130,5
IWM190920C156,2019-09-19,2019-09-19 09:36:59,1.65,1.1785,29,1.62,1.1571,19,1.51,1.0785,2,1.635,1.1678,125,0
IWM190920C156,2019-09-19,2019-09-19 09:37:00,1.66,1.1857,29,1.63,1.1642,20,1.64,1.1714,5,1.645,1.175,130,0
IWM190920C156,2019-09-19,2019-09-19 09:37:00,1.67,1.1928,19,1.63,1.1642,19,1.64,1.1714,5,1.65,1.1785,130,0
IWM190920C156,2019-09-19,2019-09-19 09:37:00,1.66,1.1857,29,1.63,1.1642,19,1.64,1.1714,5,1.645,1.175,130,0
IWM190920C156,2019-09-19,2019-09-19 09:37:01,1.66,1.1857,86,1.6,1.1428,72,1.64,1.1714,5,1.63,1.1642,130,0
IWM190920C156,2019-09-19,2019-09-19 09:37:01,1.66,1.1857,64,1.63,1.1642,19,1.64,1.1714,5,1.645,1.175,130,0
IWM190920C156,2019-09-19,2019-09-19 09:37:01,1.66,1.1857,86,1.63,1.1642,19,1.64,1.1714,5,1.645,1.175,130,0
IWM190920C156,2019-09-19,2019-09-19 09:37:02,1.63,1.1642,19,1.57,1.1214,19,1.64,1.1714,5,1.6,1.1428,130,0
IWM190920C156,2019-09-19,2019-09-19 09:37:02,1.62,1.1571,19,1.59,1.1357,19,1.64,1.1714,5,1.605,1.1464,130,0
IWM190920C156,2019-09-19,2019-09-19 09:37:02,1.62,1.1571,19,1.58,1.1285,32,1.64,1.1714,5,1.6,1.1428,130,0
IWM190920C156,2019-09-19,2019-09-19 09:37:03,1.63,1.1642,19,1.59,1.1357,49,1.64,1.1714,5,1.61,1.15,130,0
IWM190920C156,2019-09-19,2019-09-19 09:37:03,1.62,1.1571,19,1.59,1.1357,47,1.64,1.1714,5,1.605,1.1464,130,0
IWM190920C156,2019-09-19,2019-09-19 09:37:03,1.62,1.1571,29,1.59,1.1357,47,1.64,1.1714,5,1.605,1.1464,130,0
IWM190920C156,2019-09-19,2019-09-19 09:37:03,1.62,1.1571,19,1.59,1.1357,49,1.64,1.1714,5,1.605,1.1464,130,0
IWM190920C156,2019-09-19,2019-09-19 09:37:04,1.62,1.1571,24,1.59,1.1357,19,1.59,1.1357,10,1.605,1.1464,140,10
IWM190920C156,2019-09-19,2019-09-19 09:37:04,1.61,1.15,19,1.56,1.1142,33,1.59,1.1357,10,1.585,1.1321,140,0
IWM190920C156,2019-09-19,2019-09-19 09:37:04,1.62,1.1571,24,1.59,1.1357,19,1.59,1.1357,10,1.605,1.1464,140,0
IWM190920C156,2019-09-19,2019-09-19 09:37:05,1.59,1.1357,47,1.56,1.1142,67,1.59,1.1357,10,1.575,1.125,140,0
IWM190920C156,2019-09-19,2019-09-19 09:37:05,1.6,1.1428,19,1.57,1.1214,19,1.59,1.1357,10,1.585,1.1321,140,0
IWM190920C156,2019-09-19,2019-09-19 09:37:05,1.59,1.1357,47,1.56,1.1142,32,1.59,1.1357,10,1.575,1.125,140,0
IWM190920C156,2019-09-19,2019-09-19 09:37:05,1.6,1.1428,19,1.57,1.1214,29,1.59,1.1357,10,1.585,1.1321,140,0
IWM190920C156,2019-09-19,2019-09-19 09:37:06,1.59,1.1357,47,1.57,1.1214,19,1.59,1.1357,10,1.58,1.1285,140,0
IWM190920C156,2019-09-19,2019-09-19 09:37:06,1.62,1.1571,19,1.58,1.1285,19,1.59,1.1357,10,1.6,1.1428,140,0
IWM190920C156,2019-09-19,2019-09-19 09:37:06,1.61,1.15,19,1.58,1.1285,19,1.59,1.1357,10,1.595,1.1392,140,0
IWM190920C156,2019-09-19,2019-09-19 09:37:07,1.61,1.15,19,1.58,1.1285,19,1.59,1.1357,10,1.595,1.1392,140,0
IWM190920C156,2019-09-19,2019-09-19 09:37:07,1.59,1.1357,19,1.56,1.1142,32,1.59,1.1357,10,1.575,1.125,140,0
IWM190920C156,2019-09-19,2019-09-19 09:37:07,1.61,1.15,19,1.57,1.1214,32,1.59,1.1357,10,1.59,1.1357,140,0
IWM190920C156,2019-09-19,2019-09-19 09:37:08,1.6,1.1428,19,1.56,1.1142,87,1.59,1.1357,10,1.58,1.1285,140,0
IWM190920C156,2019-09-19,2019-09-19 09:37:08,1.59,1.1357,66,1.56,1.1142,89,1.59,1.1357,10,1.575,1.125,140,0
IWM190920C156,2019-09-19,2019-09-19 09:37:09,1.59,1.1357,90,1.56,1.1142,51,1.59,1.1357,10,1.575,1.125,140,0
IWM190920C156,2019-09-19,2019-09-19 09:37:09,1.6,1.1428,19,1.57,1.1214,67,1.59,1.1357,10,1.585,1.1321,140,0
IWM190920C156,2019-09-19,2019-09-19 09:37:09,1.59,1.1357,90,1.56,1.1142,47,1.59,1.1357,10,1.575,1.125,140,0
IWM190920C156,2019-09-19,2019-09-19 09:37:10,1.61,1.15,19,1.58,1.1285,31,1.59,1.1357,10,1.595,1.1392,140,0
IWM190920C156,2019-09-19,2019-09-19 09:37:10,1.6,1.1428,19,1.57,1.1214,42,1.59,1.1357,10,1.585,1.1321,140,0
IWM190920C156,2019-09-19,2019-09-19 09:37:11,1.61,1.15,19,1.58,1.1285,31,1.59,1.1357,10,1.595,1.1392,140,0
IWM190920C156,2019-09-19,2019-09-19 09:37:12,1.62,1.1571,19,1.59,1.1357,24,1.59,1.1357,10,1.605,1.1464,140,0
IWM190920C156,2019-09-19,2019-09-19 09:37:12,1.63,1.1642,19,1.6,1.1428,23,1.59,1.1357,10,1.615,1.1535,140,0
IWM190920C156,2019-09-19,2019-09-19 09:37:13,1.63,1.1642,19,1.6,1.1428,39,1.59,1.1357,10,1.615,1.1535,140,0
IWM190920C156,2019-09-19,2019-09-19 09:37:13,1.63,1.1642,19,1.6,1.1428,23,1.59,1.1357,10,1.615,1.1535,140,0
IWM190920C156,2019-09-19,2019-09-19 09:37:13,1.63,1.1642,19,1.59,1.1357,33,1.59,1.1357,10,1.61,1.15,140,0
IWM190920C156,2019-09-19,2019-09-19 09:37:14,1.63,1.1642,19,1.6,1.1428,22,1.59,1.1357,10,1.615,1.1535,140,0
IWM190920C156,2019-09-19,2019-09-19 09:37:14,1.63,1.1642,19,1.59,1.1357,33,1.59,1.1357,10,1.61,1.15,140,0
IWM190920C156,2019-09-19,2019-09-19 09:37:15,1.64,1.1714,19,1.6,1.1428,53,1.59,1.1357,10,1.62,1.1571,140,0
IWM190920C156,2019-09-19,2019-09-19 09:37:15,1.64,1.1714,19,1.6,1.1428,58,1.59,1.1357,10,1.62,1.1571,140,0
IWM190920C156,2019-09-19,2019-09-19 09:37:15,1.64,1.1714,19,1.6,1.1428,63,1.59,1.1357,10,1.62,1.1571,140,0
IWM190920C156,2019-09-19,2019-09-19 09:37:16,1.64,1.1714,19,1.6,1.1428,57,1.59,1.1357,10,1.62,1.1571,140,0
IWM190920C156,2019-09-19,2019-09-19 09:37:16,1.63,1.1642,19,1.6,1.1428,57,1.59,1.1357,10,1.615,1.1535,140,0
IWM190920C156,2019-09-19,2019-09-19 09:37:17,1.63,1.1642,19,1.59,1.1357,32,1.59,1.1357,10,1.61,1.15,140,0
IWM190920C156,2019-09-19,2019-09-19 09:37:17,1.63,1.1642,19,1.6,1.1428,22,1.59,1.1357,10,1.615,1.1535,140,0
IWM190920C156,2019-09-19,2019-09-19 09:37:18,1.63,1.1642,19,1.6,1.1428,60,1.59,1.1357,10,1.615,1.1535,140,0
IWM190920C156,2019-09-19,2019-09-19 09:37:18,1.63,1.1642,19,1.6,1.1428,64,1.59,1.1357,10,1.615,1.1535,140,0
IWM190920C156,2019-09-19,2019-09-19 09:37:19,1.63,1.1642,9,1.6,1.1428,59,1.59,1.1357,10,1.615,1.1535,140,0
IWM190920C156,2019-09-19,2019-09-19 09:37:19,1.63,1.1642,9,1.6,1.1428,69,1.59,1.1357,10,1.615,1.1535,140,0
IWM190920C156,2019-09-19,2019-09-19 09:37:20,1.65,1.1785,19,1.61,1.15,77,1.59,1.1357,10,1.63,1.1642,140,0
IWM190920C156,2019-09-19,2019-09-19 09:37:20,1.65,1.1785,19,1.6,1.1428,4,1.59,1.1357,10,1.625,1.1607,140,0
IWM190920C156,2019-09-19,2019-09-19 09:37:21,1.65,1.1785,19,1.62,1.1571,43,1.59,1.1357,10,1.635,1.1678,140,0
IWM190920C156,2019-09-19,2019-09-19 09:37:22,1.66,1.1857,19,1.61,1.15,48,1.59,1.1357,10,1.635,1.1678,140,0
IWM190920C156,2019-09-19,2019-09-19 09:37:22,1.66,1.1857,19,1.61,1.15,70,1.59,1.1357,10,1.635,1.1678,140,0
IWM190920C156,2019-09-19,2019-09-19 09:37:22,1.66,1.1857,19,1.61,1.15,39,1.59,1.1357,10,1.635,1.1678,140,0
IWM190920C156,2019-09-19,2019-09-19 09:37:23,1.65,1.1785,29,1.61,1.15,70,1.59,1.1357,10,1.63,1.1642,140,0
IWM190920C156,2019-09-19,2019-09-19 09:37:23,1.64,1.1714,19,1.59,1.1357,19,1.59,1.1357,10,1.615,1.1535,140,0
IWM190920C156,2019-09-19,2019-09-19 09:37:24,1.64,1.1714,19,1.61,1.15,39,1.59,1.1357,10,1.625,1.1607,140,0
IWM190920C156,2019-09-19,2019-09-19 09:37:24,1.64,1.1714,19,1.61,1.15,19,1.59,1.1357,10,1.625,1.1607,140,0
IWM190920C156,2019-09-19,2019-09-19 09:37:25,1.63,1.1642,19,1.6,1.1428,22,1.59,1.1357,10,1.615,1.1535,140,0
IWM190920C156,2019-09-19,2019-09-19 09:37:25,1.64,1.1714,19,1.6,1.1428,13,1.59,1.1357,10,1.62,1.1571,140,0
IWM190920C156,2019-09-19,2019-09-19 09:37:26,1.63,1.1642,19,1.6,1.1428,22,1.59,1.1357,10,1.615,1.1535,140,0
IWM190920C156,2019-09-19,2019-09-19 09:37:26,1.65,1.1785,19,1.6,1.1428,22,1.59,1.1357,10,1.625,1.1607,140,0
IWM190920C156,2019-09-19,2019-09-19 09:37:27,1.65,1.1785,19,1.62,1.1571,63,1.59,1.1357,10,1.635,1.1678,140,0
IWM190920C156,2019-09-19,2019-09-19 09:37:27,1.66,1.1857,19,1.62,1.1571,73,1.59,1.1357,10,1.64,1.1714,140,0
IWM190920C156,2019-09-19,2019-09-19 09:37:28,1.65,1.1785,19,1.62,1.1571,63,1.59,1.1357,10,1.635,1.1678,140,0
IWM190920C156,2019-09-19,2019-09-19 09:37:28,1.65,1.1785,19,1.62,1.1571,66,1.59,1.1357,10,1.635,1.1678,140,0
IWM190920C156,2019-09-19,2019-09-19 09:37:28,1.66,1.1857,19,1.63,1.1642,30,1.59,1.1357,10,1.645,1.175,140,0
IWM190920C156,2019-09-19,2019-09-19 09:37:29,1.65,1.1785,19,1.62,1.1571,19,1.59,1.1357,10,1.635,1.1678,140,0
IWM190920C156,2019-09-19,2019-09-19 09:37:29,1.65,1.1785,19,1.61,1.15,19,1.59,1.1357,10,1.63,1.1642,140,0
IWM190920C156,2019-09-19,2019-09-19 09:37:29,1.67,1.1928,19,1.63,1.1642,29,1.59,1.1357,10,1.65,1.1785,140,0
IWM190920C156,2019-09-19,2019-09-19 09:37:30,1.67,1.1928,19,1.63,1.1642,19,1.59,1.1357,10,1.65,1.1785,140,0
IWM190920C156,2019-09-19,2019-09-19 09:37:30,1.67,1.1928,19,1.63,1.1642,29,1.59,1.1357,10,1.65,1.1785,140,0
IWM190920C156,2019-09-19,2019-09-19 09:37:30,1.67,1.1928,19,1.64,1.1714,19,1.59,1.1357,10,1.655,1.1821,140,0
IWM190920C156,2019-09-19,2019-09-19 09:37:31,1.67,1.1928,19,1.63,1.1642,32,1.59,1.1357,10,1.65,1.1785,140,0
IWM190920C156,2019-09-19,2019-09-19 09:37:31,1.67,1.1928,19,1.63,1.1642,30,1.59,1.1357,10,1.65,1.1785,140,0
IWM190920C156,2019-09-19,2019-09-19 09:37:31,1.67,1.1928,19,1.63,1.1642,20,1.59,1.1357,10,1.65,1.1785,140,0
IWM190920C156,2019-09-19,2019-09-19 09:37:32,1.67,1.1928,19,1.63,1.1642,20,1.59,1.1357,10,1.65,1.1785,140,0
IWM190920C156,2019-09-19,2019-09-19 09:37:32,1.68,1.2,29,1.65,1.1785,10,1.65,1.1785,1,1.665,1.1892,141,1
IWM190920C156,2019-09-19,2019-09-19 09:37:33,1.68,1.2,19,1.65,1.1785,10,1.65,1.1785,1,1.665,1.1892,141,0
IWM190920C156,2019-09-19,2019-09-19 09:37:34,1.68,1.2,19,1.65,1.1785,10,1.65,1.1785,1,1.665,1.1892,141,0
IWM190920C156,2019-09-19,2019-09-19 09:37:34,1.68,1.2,19,1.65,1.1785,29,1.65,1.1785,1,1.665,1.1892,141,0
IWM190920C156,2019-09-19,2019-09-19 09:37:35,1.65,1.1785,1,1.61,1.15,19,1.65,1.1785,9,1.63,1.1642,160,19
IWM190920C156,2019-09-19,2019-09-19 09:37:35,1.66,1.1857,29,1.61,1.15,19,1.65,1.1785,9,1.635,1.1678,160,0
IWM190920C156,2019-09-19,2019-09-19 09:37:35,1.65,1.1785,1,1.61,1.15,19,1.65,1.1785,9,1.63,1.1642,160,0
IWM190920C156,2019-09-19,2019-09-19 09:37:35,1.65,1.1785,1,1.65,1.1785,10,1.65,1.1785,9,1.65,1.1785,160,0
IWM190920C156,2019-09-19,2019-09-19 09:37:36,1.66,1.1857,29,1.61,1.15,19,1.65,1.1785,9,1.635,1.1678,160,0
IWM190920C156,2019-09-19,2019-09-19 09:37:36,1.67,1.1928,29,1.63,1.1642,19,1.65,1.1785,9,1.65,1.1785,160,0
IWM190920C156,2019-09-19,2019-09-19 09:37:36,1.67,1.1928,19,1.62,1.1571,19,1.65,1.1785,9,1.645,1.175,160,0
IWM190920C156,2019-09-19,2019-09-19 09:37:37,1.66,1.1857,19,1.62,1.1571,12,1.65,1.1785,9,1.64,1.1714,160,0
IWM190920C156,2019-09-19,2019-09-19 09:37:37,1.67,1.1928,29,1.63,1.1642,19,1.65,1.1785,9,1.65,1.1785,160,0
IWM190920C156,2019-09-19,2019-09-19 09:37:38,1.66,1.1857,19,1.62,1.1571,12,1.65,1.1785,9,1.64,1.1714,160,0
IWM190920C156,2019-09-19,2019-09-19 09:37:38,1.67,1.1928,29,1.63,1.1642,19,1.65,1.1785,9,1.65,1.1785,160,0
IWM190920C156,2019-09-19,2019-09-19 09:37:39,1.66,1.1857,19,1.62,1.1571,20,1.65,1.1785,9,1.64,1.1714,160,0
IWM190920C156,2019-09-19,2019-09-19 09:37:39,1.66,1.1857,19,1.63,1.1642,19,1.65,1.1785,9,1.645,1.175,160,0
IWM190920C156,2019-09-19,2019-09-19 09:37:40,1.68,1.2,26,1.63,1.1642,30,1.65,1.1785,9,1.655,1.1821,160,0
IWM190920C156,2019-09-19,2019-09-19 09:37:40,1.68,1.2,26,1.63,1.1642,20,1.65,1.1785,9,1.655,1.1821,160,0
IWM190920C156,2019-09-19,2019-09-19 09:37:41,1.68,1.2,19,1.63,1.1642,20,1.65,1.1785,9,1.655,1.1821,160,0
IWM190920C156,2019-09-19,2019-09-19 09:37:41,1.68,1.2,23,1.64,1.1714,24,1.65,1.1785,9,1.66,1.1857,160,0
IWM190920C156,2019-09-19,2019-09-19 09:37:42,1.68,1.2,51,1.64,1.1714,34,1.65,1.1785,9,1.66,1.1857,160,0
IWM190920C156,2019-09-19,2019-09-19 09:37:42,1.67,1.1928,19,1.63,1.1642,11,1.65,1.1785,9,1.65,1.1785,160,0
IWM190920C156,2019-09-19,2019-09-19 09:37:42,1.68,1.2,23,1.65,1.1785,19,1.65,1.1785,9,1.665,1.1892,160,0
IWM190920C156,2019-09-19,2019-09-19 09:37:43,1.67,1.1928,19,1.63,1.1642,11,1.65,1.1785,9,1.65,1.1785,160,0
IWM190920C156,2019-09-19,2019-09-19 09:37:44,1.68,1.2,23,1.63,1.1642,25,1.65,1.1785,9,1.655,1.1821,160,0
IWM190920C156,2019-09-19,2019-09-19 09:37:44,1.65,1.1785,19,1.61,1.15,19,1.65,1.1785,9,1.63,1.1642,160,0
IWM190920C156,2019-09-19,2019-09-19 09:37:45,1.65,1.1785,29,1.61,1.15,19,1.65,1.1785,9,1.63,1.1642,160,0
IWM190920C156,2019-09-19,2019-09-19 09:37:45,1.65,1.1785,31,1.61,1.15,40,1.65,1.1785,9,1.63,1.1642,160,0
IWM190920C156,2019-09-19,2019-09-19 09:37:46,1.65,1.1785,19,1.62,1.1571,19,1.65,1.1785,9,1.635,1.1678,160,0
IWM190920C156,2019-09-19,2019-09-19 09:37:46,1.65,1.1785,31,1.62,1.1571,19,1.65,1.1785,9,1.635,1.1678,160,0
IWM190920C156,2019-09-19,2019-09-19 09:37:47,1.65,1.1785,19,1.62,1.1571,19,1.65,1.1785,9,1.635,1.1678,160,0
IWM190920C156,2019-09-19,2019-09-19 09:37:47,1.64,1.1714,19,1.61,1.15,19,1.65,1.1785,9,1.625,1.1607,160,0
IWM190920C156,2019-09-19,2019-09-19 09:37:48,1.64,1.1714,19,1.61,1.15,19,1.65,1.1785,9,1.625,1.1607,160,0
IWM190920C156,2019-09-19,2019-09-19 09:37:48,1.64,1.1714,29,1.61,1.15,19,1.65,1.1785,9,1.625,1.1607,160,0
IWM190920C156,2019-09-19,2019-09-19 09:37:49,1.66,1.1857,24,1.62,1.1571,19,1.65,1.1785,9,1.64,1.1714,160,0
IWM190920C156,2019-09-19,2019-09-19 09:37:49,1.64,1.1714,19,1.59,1.1357,160,1.65,1.1785,9,1.615,1.1535,160,0
IWM190920C156,2019-09-19,2019-09-19 09:37:50,1.65,1.1785,19,1.62,1.1571,33,1.65,1.1785,9,1.635,1.1678,160,0
IWM190920C156,2019-09-19,2019-09-19 09:37:50,1.65,1.1785,19,1.62,1.1571,19,1.65,1.1785,9,1.635,1.1678,160,0
IWM190920C156,2019-09-19,2019-09-19 09:37:51,1.66,1.1857,19,1.63,1.1642,25,1.65,1.1785,9,1.645,1.175,160,0
IWM190920C156,2019-09-19,2019-09-19 09:37:51,1.66,1.1857,19,1.63,1.1642,19,1.65,1.1785,9,1.645,1.175,160,0
IWM190920C156,2019-09-19,2019-09-19 09:37:52,1.68,1.2,79,1.62,1.1571,66,1.65,1.1785,9,1.65,1.1785,160,0
IWM190920C156,2019-09-19,2019-09-19 09:37:52,1.68,1.2,57,1.62,1.1571,32,1.65,1.1785,9,1.65,1.1785,160,0
IWM190920C156,2019-09-19,2019-09-19 09:37:52,1.68,1.2,57,1.63,1.1642,46,1.65,1.1785,9,1.655,1.1821,160,0
IWM190920C156,2019-09-19,2019-09-19 09:37:53,1.66,1.1857,19,1.62,1.1571,19,1.65,1.1785,9,1.64,1.1714,160,0
IWM190920C156,2019-09-19,2019-09-19 09:37:53,1.67,1.1928,29,1.63,1.1642,32,1.65,1.1785,9,1.65,1.1785,160,0
IWM190920C156,2019-09-19,2019-09-19 09:37:53,1.67,1.1928,19,1.64,1.1714,19,1.65,1.1785,9,1.655,1.1821,160,0
IWM190920C156,2019-09-19,2019-09-19 09:37:54,1.64,1.1714,19,1.6,1.1428,25,1.65,1.1785,9,1.62,1.1571,160,0
IWM190920C156,2019-09-19,2019-09-19 09:37:54,1.65,1.1785,23,1.62,1.1571,19,1.65,1.1785,9,1.635,1.1678,160,0
IWM190920C156,2019-09-19,2019-09-19 09:37:55,1.63,1.1642,29,1.59,1.1357,19,1.65,1.1785,9,1.61,1.15,160,0
IWM190920C156,2019-09-19,2019-09-19 09:37:55,1.63,1.1642,29,1.58,1.1285,32,1.65,1.1785,9,1.605,1.1464,160,0
IWM190920C156,2019-09-19,2019-09-19 09:37:55,1.63,1.1642,43,1.58,1.1285,32,1.65,1.1785,9,1.605,1.1464,160,0
IWM190920C156,2019-09-19,2019-09-19 09:37:56,1.63,1.1642,29,1.57,1.1214,13,1.65,1.1785,9,1.6,1.1428,160,0
IWM190920C156,2019-09-19,2019-09-19 09:37:56,1.6,1.1428,40,1.58,1.1285,38,1.65,1.1785,9,1.59,1.1357,160,0
IWM190920C156,2019-09-19,2019-09-19 09:37:56,1.6,1.1428,44,1.57,1.1214,44,1.65,1.1785,9,1.585,1.1321,160,0
IWM190920C156,2019-09-19,2019-09-19 09:37:57,1.6,1.1428,79,1.57,1.1214,44,1.65,1.1785,9,1.585,1.1321,160,0
IWM190920C156,2019-09-19,2019-09-19 09:37:57,1.61,1.15,5,1.58,1.1285,59,1.65,1.1785,9,1.595,1.1392,160,0
IWM190920C156,2019-09-19,2019-09-19 09:37:58,1.62,1.1571,19,1.59,1.1357,19,1.65,1.1785,9,1.605,1.1464,160,0
IWM190920C156,2019-09-19,2019-09-19 09:37:58,1.65,1.1785,22,1.6,1.1428,47,1.65,1.1785,9,1.625,1.1607,160,0
IWM190920C156,2019-09-19,2019-09-19 09:37:59,1.64,1.1714,19,1.61,1.15,140,1.61,1.15,2,1.625,1.1607,162,2
IWM190920C156,2019-09-19,2019-09-19 09:37:59,1.64,1.1714,19,1.61,1.15,140,1.61,1.15,2,1.625,1.1607,162,0
IWM190920C156,2019-09-19,2019-09-19 09:37:59,1.65,1.1785,19,1.61,1.15,186,1.61,1.15,2,1.63,1.1642,162,0
IWM190920C156,2019-09-19,2019-09-19 09:38:00,1.64,1.1714,19,1.61,1.15,224,1.61,1.15,2,1.625,1.1607,162,0
IWM190920C156,2019-09-19,2019-09-19 09:38:00,1.63,1.1642,29,1.6,1.1428,20,1.61,1.15,2,1.615,1.1535,162,0
IWM190920C156,2019-09-19,2019-09-19 09:38:01,1.61,1.15,29,1.58,1.1285,19,1.61,1.15,2,1.595,1.1392,162,0
IWM190920C156,2019-09-19,2019-09-19 09:38:01,1.61,1.15,29,1.57,1.1214,19,1.61,1.15,2,1.59,1.1357,162,0
IWM190920C156,2019-09-19,2019-09-19 09:38:01,1.61,1.15,29,1.56,1.1142,32,1.61,1.15,2,1.585,1.1321,162,0
IWM190920C156,2019-09-19,2019-09-19 09:38:02,1.6,1.1428,44,1.58,1.1285,8,1.59,1.1357,3,1.59,1.1357,165,3
IWM190920C156,2019-09-19,2019-09-19 09:38:02,1.6,1.1428,44,1.58,1.1285,8,1.59,1.1357,3,1.59,1.1357,165,0
IWM190920C156,2019-09-19,2019-09-19 09:38:02,1.6,1.1428,87,1.58,1.1285,8,1.59,1.1357,3,1.59,1.1357,165,0
IWM190920C156,2019-09-19,2019-09-19 09:38:02,1.6,1.1428,44,1.58,1.1285,27,1.59,1.1357,3,1.59,1.1357,165,0
IWM190920C156,2019-09-19,2019-09-19 09:38:03,1.6,1.1428,44,1.58,1.1285,8,1.59,1.1357,3,1.59,1.1357,165,0
IWM190920C156,2019-09-19,2019-09-19 09:38:03,1.6,1.1428,25,1.58,1.1285,8,1.59,1.1357,3,1.59,1.1357,165,0
IWM190920C156,2019-09-19,2019-09-19 09:38:04,1.6,1.1428,25,1.58,1.1285,27,1.59,1.1357,3,1.59,1.1357,165,0
IWM190920C156,2019-09-19,2019-09-19 09:38:04,1.62,1.1571,19,1.59,1.1357,19,1.59,1.1357,3,1.605,1.1464,165,0
IWM190920C156,2019-09-19,2019-09-19 09:38:04,1.62,1.1571,19,1.58,1.1285,39,1.59,1.1357,3,1.6,1.1428,165,0
IWM190920C156,2019-09-19,2019-09-19 09:38:05,1.63,1.1642,19,1.6,1.1428,33,1.59,1.1357,3,1.615,1.1535,165,0
IWM190920C156,2019-09-19,2019-09-19 09:38:05,1.62,1.1571,19,1.58,1.1285,19,1.59,1.1357,3,1.6,1.1428,165,0
IWM190920C156,2019-09-19,2019-09-19 09:38:06,1.63,1.1642,19,1.58,1.1285,48,1.59,1.1357,3,1.605,1.1464,165,0
IWM190920C156,2019-09-19,2019-09-19 09:38:07,1.62,1.1571,19,1.58,1.1285,19,1.59,1.1357,3,1.6,1.1428,165,0
IWM190920C156,2019-09-19,2019-09-19 09:38:07,1.62,1.1571,19,1.58,1.1285,55,1.59,1.1357,3,1.6,1.1428,165,0
IWM190920C156,2019-09-19,2019-09-19 09:38:07,1.62,1.1571,19,1.58,1.1285,34,1.59,1.1357,3,1.6,1.1428,165,0
IWM190920C156,2019-09-19,2019-09-19 09:38:08,1.6,1.1428,19,1.57,1.1214,19,1.59,1.1357,3,1.585,1.1321,165,0
IWM190920C156,2019-09-19,2019-09-19 09:38:08,1.6,1.1428,29,1.57,1.1214,23,1.59,1.1357,3,1.585,1.1321,165,0
IWM190920C156,2019-09-19,2019-09-19 09:38:09,1.59,1.1357,44,1.56,1.1142,44,1.59,1.1357,3,1.575,1.125,165,0
IWM190920C156,2019-09-19,2019-09-19 09:38:09,1.58,1.1285,66,1.56,1.1142,25,1.59,1.1357,3,1.57,1.1214,165,0
IWM190920C156,2019-09-19,2019-09-19 09:38:10,1.57,1.1214,66,1.54,1.1,36,1.59,1.1357,3,1.555,1.1107,165,0
IWM190920C156,2019-09-19,2019-09-19 09:38:10,1.57,1.1214,29,1.54,1.1,45,1.59,1.1357,3,1.555,1.1107,165,0
IWM190920C156,2019-09-19,2019-09-19 09:38:10,1.57,1.1214,34,1.54,1.1,36,1.59,1.1357,3,1.555,1.1107,165,0
IWM190920C156,2019-09-19,2019-09-19 09:38:11,1.57,1.1214,29,1.54,1.1,44,1.59,1.1357,3,1.555,1.1107,165,0
IWM190920C156,2019-09-19,2019-09-19 09:38:11,1.55,1.1071,19,1.53,1.0928,44,1.59,1.1357,3,1.54,1.1,165,0
IWM190920C156,2019-09-19,2019-09-19 09:38:12,1.55,1.1071,19,1.53,1.0928,44,1.59,1.1357,3,1.54,1.1,165,0
IWM190920C156,2019-09-19,2019-09-19 09:38:12,1.56,1.1142,29,1.53,1.0928,44,1.59,1.1357,3,1.545,1.1035,165,0
IWM190920C156,2019-09-19,2019-09-19 09:38:13,1.53,1.0928,19,1.5,1.0714,30,1.59,1.1357,3,1.515,1.0821,165,0
IWM190920C156,2019-09-19,2019-09-19 09:38:13,1.54,1.1,19,1.51,1.0785,19,1.59,1.1357,3,1.525,1.0892,165,0
IWM190920C156,2019-09-19,2019-09-19 09:38:14,1.54,1.1,19,1.51,1.0785,63,1.52,1.0857,25,1.525,1.0892,190,25
IWM190920C156,2019-09-19,2019-09-19 09:38:14,1.54,1.1,19,1.51,1.0785,44,1.59,1.1357,3,1.525,1.0892,165,0
IWM190920C156,2019-09-19,2019-09-19 09:38:14,1.54,1.1,19,1.51,1.0785,63,1.52,1.0857,25,1.525,1.0892,190,0
IWM190920C156,2019-09-19,2019-09-19 09:38:15,1.54,1.1,19,1.51,1.0785,63,1.52,1.0857,25,1.525,1.0892,190,0
IWM190920C156,2019-09-19,2019-09-19 09:38:15,1.53,1.0928,19,1.51,1.0785,44,1.52,1.0857,25,1.52,1.0857,190,0
IWM190920C156,2019-09-19,2019-09-19 09:38:15,1.55,1.1071,36,1.51,1.0785,75,1.52,1.0857,25,1.53,1.0928,190,0
IWM190920C156,2019-09-19,2019-09-19 09:38:16,1.52,1.0857,19,1.5,1.0714,44,1.52,1.0857,25,1.51,1.0785,190,0
IWM190920C156,2019-09-19,2019-09-19 09:38:17,1.52,1.0857,19,1.5,1.0714,44,1.52,1.0857,25,1.51,1.0785,190,0
IWM190920C156,2019-09-19,2019-09-19 09:38:18,1.52,1.0857,19,1.49,1.0642,44,1.52,1.0857,25,1.505,1.075,190,0
IWM190920C156,2019-09-19,2019-09-19 09:38:18,1.52,1.0857,19,1.5,1.0714,44,1.52,1.0857,25,1.51,1.0785,190,0
IWM190920C156,2019-09-19,2019-09-19 09:38:18,1.53,1.0928,21,1.5,1.0714,63,1.52,1.0857,25,1.515,1.0821,190,0
IWM190920C156,2019-09-19,2019-09-19 09:38:18,1.53,1.0928,31,1.5,1.0714,44,1.52,1.0857,25,1.515,1.0821,190,0
IWM190920C156,2019-09-19,2019-09-19 09:38:19,1.54,1.1,19,1.5,1.0714,19,1.52,1.0857,25,1.52,1.0857,190,0
IWM190920C156,2019-09-19,2019-09-19 09:38:19,1.52,1.0857,19,1.49,1.0642,44,1.52,1.0857,25,1.505,1.075,190,0
IWM190920C156,2019-09-19,2019-09-19 09:38:19,1.54,1.1,19,1.5,1.0714,24,1.52,1.0857,25,1.52,1.0857,190,0
IWM190920C156,2019-09-19,2019-09-19 09:38:20,1.54,1.1,19,1.5,1.0714,24,1.52,1.0857,25,1.52,1.0857,190,0
IWM190920C156,2019-09-19,2019-09-19 09:38:20,1.54,1.1,19,1.51,1.0785,44,1.52,1.0857,25,1.525,1.0892,190,0
IWM190920C156,2019-09-19,2019-09-19 09:38:21,1.54,1.1,19,1.51,1.0785,44,1.52,1.0857,25,1.525,1.0892,190,0
IWM190920C156,2019-09-19,2019-09-19 09:38:21,1.54,1.1,29,1.51,1.0785,44,1.52,1.0857,25,1.525,1.0892,190,0
IWM190920C156,2019-09-19,2019-09-19 09:38:22,1.54,1.1,29,1.51,1.0785,20,1.52,1.0857,25,1.525,1.0892,190,0
IWM190920C156,2019-09-19,2019-09-19 09:38:22,1.53,1.0928,29,1.51,1.0785,44,1.52,1.0857,25,1.52,1.0857,190,0
IWM190920C156,2019-09-19,2019-09-19 09:38:23,1.54,1.1,19,1.51,1.0785,44,1.52,1.0857,25,1.525,1.0892,190,0
IWM190920C156,2019-09-19,2019-09-19 09:38:23,1.54,1.1,29,1.51,1.0785,63,1.52,1.0857,25,1.525,1.0892,190,0
IWM190920C156,2019-09-19,2019-09-19 09:38:24,1.52,1.0857,19,1.49,1.0642,44,1.52,1.0857,25,1.505,1.075,190,0
IWM190920C156,2019-09-19,2019-09-19 09:38:24,1.52,1.0857,29,1.49,1.0642,62,1.52,1.0857,25,1.505,1.075,190,0
IWM190920C156,2019-09-19,2019-09-19 09:38:25,1.52,1.0857,29,1.49,1.0642,47,1.52,1.0857,25,1.505,1.075,190,0
IWM190920C156,2019-09-19,2019-09-19 09:38:25,1.52,1.0857,29,1.49,1.0642,62,1.52,1.0857,25,1.505,1.075,190,0
IWM190920C156,2019-09-19,2019-09-19 09:38:26,1.52,1.0857,29,1.49,1.0642,85,1.52,1.0857,25,1.505,1.075,190,0
IWM190920C156,2019-09-19,2019-09-19 09:38:26,1.52,1.0857,29,1.49,1.0642,66,1.52,1.0857,25,1.505,1.075,190,0
IWM190920C156,2019-09-19,2019-09-19 09:38:27,1.52,1.0857,29,1.49,1.0642,62,1.52,1.0857,25,1.505,1.075,190,0
IWM190920C156,2019-09-19,2019-09-19 09:38:27,1.52,1.0857,19,1.5,1.0714,44,1.52,1.0857,25,1.51,1.0785,190,0
IWM190920C156,2019-09-19,2019-09-19 09:38:27,1.51,1.0785,19,1.48,1.0571,10,1.52,1.0857,25,1.495,1.0678,190,0
IWM190920C156,2019-09-19,2019-09-19 09:38:27,1.53,1.0928,19,1.49,1.0642,62,1.52,1.0857,25,1.51,1.0785,190,0
IWM190920C156,2019-09-19,2019-09-19 09:38:28,1.52,1.0857,19,1.49,1.0642,43,1.52,1.0857,25,1.505,1.075,190,0
IWM190920C156,2019-09-19,2019-09-19 09:38:28,1.51,1.0785,29,1.49,1.0642,43,1.52,1.0857,25,1.5,1.0714,190,0
IWM190920C156,2019-09-19,2019-09-19 09:38:29,1.52,1.0857,19,1.49,1.0642,43,1.52,1.0857,25,1.505,1.075,190,0
IWM190920C156,2019-09-19,2019-09-19 09:38:30,1.52,1.0857,19,1.5,1.0714,43,1.52,1.0857,25,1.51,1.0785,190,0
IWM190920C156,2019-09-19,2019-09-19 09:38:30,1.52,1.0857,19,1.48,1.0571,62,1.52,1.0857,25,1.5,1.0714,190,0
IWM190920C156,2019-09-19,2019-09-19 09:38:30,1.51,1.0785,19,1.48,1.0571,62,1.52,1.0857,25,1.495,1.0678,190,0
IWM190920C156,2019-09-19,2019-09-19 09:38:30,1.51,1.0785,19,1.49,1.0642,43,1.52,1.0857,25,1.5,1.0714,190,0
IWM190920C156,2019-09-19,2019-09-19 09:38:31,1.5,1.0714,19,1.46,1.0428,62,1.52,1.0857,25,1.48,1.0571,190,0
IWM190920C156,2019-09-19,2019-09-19 09:38:31,1.5,1.0714,19,1.48,1.0571,43,1.52,1.0857,25,1.49,1.0642,190,0
IWM190920C156,2019-09-19,2019-09-19 09:38:31,1.51,1.0785,29,1.48,1.0571,62,1.52,1.0857,25,1.495,1.0678,190,0
IWM190920C156,2019-09-19,2019-09-19 09:38:32,1.5,1.0714,19,1.48,1.0571,43,1.52,1.0857,25,1.49,1.0642,190,0
IWM190920C156,2019-09-19,2019-09-19 09:38:32,1.52,1.0857,19,1.49,1.0642,43,1.52,1.0857,25,1.505,1.075,190,0
IWM190920C156,2019-09-19,2019-09-19 09:38:32,1.52,1.0857,43,1.49,1.0642,24,1.52,1.0857,25,1.505,1.075,190,0
IWM190920C156,2019-09-19,2019-09-19 09:38:32,1.51,1.0785,19,1.47,1.05,62,1.52,1.0857,25,1.49,1.0642,190,0
IWM190920C156,2019-09-19,2019-09-19 09:38:33,1.51,1.0785,19,1.48,1.0571,43,1.52,1.0857,25,1.495,1.0678,190,0
IWM190920C156,2019-09-19,2019-09-19 09:38:33,1.51,1.0785,19,1.48,1.0571,62,1.52,1.0857,25,1.495,1.0678,190,0
IWM190920C156,2019-09-19,2019-09-19 09:38:33,1.51,1.0785,19,1.47,1.05,62,1.52,1.0857,25,1.49,1.0642,190,0
IWM190920C156,2019-09-19,2019-09-19 09:38:33,1.5,1.0714,19,1.48,1.0571,43,1.52,1.0857,25,1.49,1.0642,190,0
IWM190920C156,2019-09-19,2019-09-19 09:38:34,1.5,1.0714,25,1.47,1.05,43,1.52,1.0857,25,1.485,1.0607,190,0
IWM190920C156,2019-09-19,2019-09-19 09:38:34,1.5,1.0714,19,1.48,1.0571,43,1.52,1.0857,25,1.49,1.0642,190,0
IWM190920C156,2019-09-19,2019-09-19 09:38:34,1.5,1.0714,29,1.48,1.0571,43,1.52,1.0857,25,1.49,1.0642,190,0
IWM190920C156,2019-09-19,2019-09-19 09:38:35,1.49,1.0642,19,1.47,1.05,23,1.52,1.0857,25,1.48,1.0571,190,0
IWM190920C156,2019-09-19,2019-09-19 09:38:35,1.5,1.0714,32,1.47,1.05,23,1.52,1.0857,25,1.485,1.0607,190,0
IWM190920C156,2019-09-19,2019-09-19 09:38:35,1.5,1.0714,19,1.47,1.05,23,1.52,1.0857,25,1.485,1.0607,190,0
IWM190920C156,2019-09-19,2019-09-19 09:38:35,1.5,1.0714,32,1.47,1.05,26,1.52,1.0857,25,1.485,1.0607,190,0
IWM190920C156,2019-09-19,2019-09-19 09:38:36,1.51,1.0785,19,1.49,1.0642,53,1.52,1.0857,25,1.5,1.0714,190,0
IWM190920C156,2019-09-19,2019-09-19 09:38:36,1.5,1.0714,54,1.47,1.05,56,1.52,1.0857,25,1.485,1.0607,190,0
IWM190920C156,2019-09-19,2019-09-19 09:38:36,1.49,1.0642,19,1.47,1.05,43,1.52,1.0857,25,1.48,1.0571,190,0
IWM190920C156,2019-09-19,2019-09-19 09:38:36,1.5,1.0714,24,1.47,1.05,56,1.52,1.0857,25,1.485,1.0607,190,0
IWM190920C156,2019-09-19,2019-09-19 09:38:37,1.52,1.0857,19,1.49,1.0642,53,1.52,1.0857,25,1.505,1.075,190,0
IWM190920C156,2019-09-19,2019-09-19 09:38:37,1.53,1.0928,19,1.5,1.0714,19,1.52,1.0857,25,1.515,1.0821,190,0
IWM190920C156,2019-09-19,2019-09-19 09:38:37,1.52,1.0857,19,1.5,1.0714,44,1.52,1.0857,25,1.51,1.0785,190,0
IWM190920C156,2019-09-19,2019-09-19 09:38:38,1.51,1.0785,19,1.47,1.05,32,1.52,1.0857,25,1.49,1.0642,190,0
IWM190920C156,2019-09-19,2019-09-19 09:38:38,1.52,1.0857,19,1.5,1.0714,43,1.52,1.0857,25,1.51,1.0785,190,0
IWM190920C156,2019-09-19,2019-09-19 09:38:38,1.52,1.0857,19,1.5,1.0714,44,1.52,1.0857,25,1.51,1.0785,190,0
IWM190920C156,2019-09-19,2019-09-19 09:38:39,1.51,1.0785,19,1.48,1.0571,49,1.52,1.0857,25,1.495,1.0678,190,0
IWM190920C156,2019-09-19,2019-09-19 09:38:39,1.52,1.0857,38,1.49,1.0642,43,1.52,1.0857,25,1.505,1.075,190,0
IWM190920C156,2019-09-19,2019-09-19 09:38:39,1.52,1.0857,19,1.48,1.0571,66,1.52,1.0857,25,1.5,1.0714,190,0
IWM190920C156,2019-09-19,2019-09-19 09:38:39,1.52,1.0857,19,1.48,1.0571,49,1.52,1.0857,25,1.5,1.0714,190,0
IWM190920C156,2019-09-19,2019-09-19 09:38:39,1.52,1.0857,19,1.48,1.0571,76,1.52,1.0857,25,1.5,1.0714,190,0
IWM190920C156,2019-09-19,2019-09-19 09:38:40,1.52,1.0857,38,1.49,1.0642,44,1.52,1.0857,25,1.505,1.075,190,0
IWM190920C156,2019-09-19,2019-09-19 09:38:40,1.52,1.0857,19,1.49,1.0642,74,1.52,1.0857,25,1.505,1.075,190,0
IWM190920C156,2019-09-19,2019-09-19 09:38:40,1.52,1.0857,38,1.49,1.0642,74,1.52,1.0857,25,1.505,1.075,190,0
IWM190920C156,2019-09-19,2019-09-19 09:38:41,1.53,1.0928,43,1.5,1.0714,11,1.52,1.0857,25,1.515,1.0821,190,0
IWM190920C156,2019-09-19,2019-09-19 09:38:41,1.52,1.0857,32,1.49,1.0642,53,1.52,1.0857,25,1.505,1.075,190,0
IWM190920C156,2019-09-19,2019-09-19 09:38:41,1.52,1.0857,19,1.5,1.0714,11,1.52,1.0857,25,1.51,1.0785,190,0
IWM190920C156,2019-09-19,2019-09-19 09:38:41,1.53,1.0928,19,1.5,1.0714,30,1.52,1.0857,25,1.515,1.0821,190,0
IWM190920C156,2019-09-19,2019-09-19 09:38:41,1.52,1.0857,32,1.49,1.0642,72,1.52,1.0857,25,1.505,1.075,190,0
IWM190920C156,2019-09-19,2019-09-19 09:38:42,1.53,1.0928,19,1.51,1.0785,43,1.52,1.0857,25,1.52,1.0857,190,0
IWM190920C156,2019-09-19,2019-09-19 09:38:43,1.53,1.0928,29,1.51,1.0785,43,1.52,1.0857,5,1.52,1.0857,195,0
IWM190920C156,2019-09-19,2019-09-19 09:38:43,1.53,1.0928,19,1.51,1.0785,43,1.52,1.0857,25,1.52,1.0857,190,0
IWM190920C156,2019-09-19,2019-09-19 09:38:43,1.53,1.0928,19,1.51,1.0785,43,1.52,1.0857,5,1.52,1.0857,195,0
IWM190920C156,2019-09-19,2019-09-19 09:38:43,1.53,1.0928,19,1.51,1.0785,43,1.52,1.0857,5,1.52,1.0857,195,5
IWM190920C156,2019-09-19,2019-09-19 09:38:44,1.51,1.0785,19,1.47,1.05,41,1.51,1.0785,11,1.49,1.0642,206,0
IWM190920C156,2019-09-19,2019-09-19 09:38:44,1.51,1.0785,19,1.47,1.05,19,1.51,1.0785,11,1.49,1.0642,206,11
IWM190920C156,2019-09-19,2019-09-19 09:38:44,1.51,1.0785,19,1.48,1.0571,19,1.51,1.0785,11,1.495,1.0678,206,0
IWM190920C156,2019-09-19,2019-09-19 09:38:45,1.51,1.0785,33,1.48,1.0571,43,1.51,1.0785,11,1.495,1.0678,206,0
IWM190920C156,2019-09-19,2019-09-19 09:38:45,1.51,1.0785,19,1.48,1.0571,19,1.51,1.0785,11,1.495,1.0678,206,0
IWM190920C156,2019-09-19,2019-09-19 09:38:45,1.51,1.0785,33,1.48,1.0571,28,1.51,1.0785,11,1.495,1.0678,206,0
IWM190920C156,2019-09-19,2019-09-19 09:38:45,1.51,1.0785,33,1.48,1.0571,48,1.51,1.0785,11,1.495,1.0678,206,0
IWM190920C156,2019-09-19,2019-09-19 09:38:46,1.51,1.0785,26,1.48,1.0571,29,1.51,1.0785,11,1.495,1.0678,206,0
IWM190920C156,2019-09-19,2019-09-19 09:38:46,1.51,1.0785,17,1.48,1.0571,41,1.51,1.0785,11,1.495,1.0678,206,0
IWM190920C156,2019-09-19,2019-09-19 09:38:46,1.5,1.0714,43,1.47,1.05,13,1.51,1.0785,11,1.485,1.0607,206,0
IWM190920C156,2019-09-19,2019-09-19 09:38:46,1.51,1.0785,33,1.48,1.0571,41,1.51,1.0785,11,1.495,1.0678,206,0
IWM190920C156,2019-09-19,2019-09-19 09:38:47,1.5,1.0714,49,1.47,1.05,32,1.51,1.0785,11,1.485,1.0607,206,0
IWM190920C156,2019-09-19,2019-09-19 09:38:47,1.5,1.0714,43,1.47,1.05,13,1.51,1.0785,11,1.485,1.0607,206,0
IWM190920C156,2019-09-19,2019-09-19 09:38:47,1.5,1.0714,49,1.47,1.05,24,1.51,1.0785,11,1.485,1.0607,206,0
IWM190920C156,2019-09-19,2019-09-19 09:38:47,1.5,1.0714,49,1.47,1.05,16,1.51,1.0785,11,1.485,1.0607,206,0
IWM190920C156,2019-09-19,2019-09-19 09:38:47,1.49,1.0642,19,1.47,1.05,24,1.51,1.0785,11,1.48,1.0571,206,0
IWM190920C156,2019-09-19,2019-09-19 09:38:48,1.49,1.0642,19,1.47,1.05,24,1.51,1.0785,11,1.48,1.0571,206,0
IWM190920C156,2019-09-19,2019-09-19 09:38:48,1.48,1.0571,38,1.45,1.0357,53,1.51,1.0785,11,1.465,1.0464,206,0
IWM190920C156,2019-09-19,2019-09-19 09:38:48,1.49,1.0642,19,1.46,1.0428,19,1.51,1.0785,11,1.475,1.0535,206,0
IWM190920C156,2019-09-19,2019-09-19 09:38:48,1.49,1.0642,43,1.46,1.0428,43,1.51,1.0785,11,1.475,1.0535,206,0
IWM190920C156,2019-09-19,2019-09-19 09:38:49,1.48,1.0571,38,1.45,1.0357,53,1.51,1.0785,11,1.465,1.0464,206,0
IWM190920C156,2019-09-19,2019-09-19 09:38:49,1.48,1.0571,12,1.45,1.0357,53,1.51,1.0785,11,1.465,1.0464,206,0
IWM190920C156,2019-09-19,2019-09-19 09:38:49,1.48,1.0571,12,1.46,1.0428,24,1.51,1.0785,11,1.47,1.05,206,0
IWM190920C156,2019-09-19,2019-09-19 09:38:49,1.48,1.0571,28,1.46,1.0428,24,1.51,1.0785,11,1.47,1.05,206,0
IWM190920C156,2019-09-19,2019-09-19 09:38:50,1.48,1.0571,25,1.45,1.0357,43,1.51,1.0785,11,1.465,1.0464,206,0
IWM190920C156,2019-09-19,2019-09-19 09:38:50,1.48,1.0571,58,1.44,1.0285,92,1.51,1.0785,11,1.46,1.0428,206,0
IWM190920C156,2019-09-19,2019-09-19 09:38:50,1.48,1.0571,28,1.46,1.0428,24,1.51,1.0785,11,1.47,1.05,206,0
IWM190920C156,2019-09-19,2019-09-19 09:38:50,1.48,1.0571,38,1.45,1.0357,43,1.51,1.0785,11,1.465,1.0464,206,0
IWM190920C156,2019-09-19,2019-09-19 09:38:50,1.48,1.0571,38,1.45,1.0357,23,1.51,1.0785,11,1.465,1.0464,206,0
IWM190920C156,2019-09-19,2019-09-19 09:38:51,1.47,1.05,19,1.44,1.0285,92,1.51,1.0785,11,1.455,1.0392,206,0
IWM190920C156,2019-09-19,2019-09-19 09:38:51,1.47,1.05,4,1.45,1.0357,24,1.51,1.0785,11,1.46,1.0428,206,0
IWM190920C156,2019-09-19,2019-09-19 09:38:52,1.52,1.0857,37,1.49,1.0642,34,1.5,1.0714,3,1.505,1.075,209,0
IWM190920C156,2019-09-19,2019-09-19 09:38:52,1.5,1.0714,3,1.48,1.0571,19,1.51,1.0785,11,1.49,1.0642,206,0
IWM190920C156,2019-09-19,2019-09-19 09:38:52,1.52,1.0857,37,1.49,1.0642,43,1.5,1.0714,3,1.505,1.075,209,0
IWM190920C156,2019-09-19,2019-09-19 09:38:52,1.49,1.0642,30,1.46,1.0428,44,1.51,1.0785,11,1.475,1.0535,206,0
IWM190920C156,2019-09-19,2019-09-19 09:38:52,1.5,1.0714,3,1.48,1.0571,43,1.51,1.0785,11,1.49,1.0642,206,0
IWM190920C156,2019-09-19,2019-09-19 09:38:52,1.52,1.0857,19,1.49,1.0642,31,1.5,1.0714,3,1.505,1.075,209,3
IWM190920C156,2019-09-19,2019-09-19 09:38:53,1.52,1.0857,37,1.49,1.0642,1,1.5,1.0714,3,1.505,1.075,209,0
IWM190920C156,2019-09-19,2019-09-19 09:38:53,1.51,1.0785,19,1.49,1.0642,43,1.5,1.0714,3,1.5,1.0714,209,0
IWM190920C156,2019-09-19,2019-09-19 09:38:53,1.52,1.0857,62,1.49,1.0642,72,1.5,1.0714,3,1.505,1.075,209,0
IWM190920C156,2019-09-19,2019-09-19 09:38:53,1.52,1.0857,62,1.49,1.0642,62,1.5,1.0714,3,1.505,1.075,209,0
IWM190920C156,2019-09-19,2019-09-19 09:38:54,1.53,1.0928,26,1.5,1.0714,44,1.51,1.0785,1,1.515,1.0821,210,0
IWM190920C156,2019-09-19,2019-09-19 09:38:54,1.53,1.0928,26,1.5,1.0714,44,1.51,1.0785,1,1.515,1.0821,210,1
IWM190920C156,2019-09-19,2019-09-19 09:38:55,1.52,1.0857,25,1.48,1.0571,43,1.51,1.0785,1,1.5,1.0714,210,0
IWM190920C156,2019-09-19,2019-09-19 09:38:55,1.51,1.0785,19,1.48,1.0571,26,1.51,1.0785,1,1.495,1.0678,210,0
IWM190920C156,2019-09-19,2019-09-19 09:38:55,1.52,1.0857,19,1.47,1.05,189,1.51,1.0785,1,1.495,1.0678,210,0
IWM190920C156,2019-09-19,2019-09-19 09:38:55,1.53,1.0928,26,1.47,1.05,41,1.51,1.0785,1,1.5,1.0714,210,0
IWM190920C156,2019-09-19,2019-09-19 09:38:56,1.51,1.0785,14,1.49,1.0642,19,1.51,1.0785,1,1.5,1.0714,210,0
IWM190920C156,2019-09-19,2019-09-19 09:38:56,1.51,1.0785,14,1.48,1.0571,63,1.51,1.0785,1,1.495,1.0678,210,0
IWM190920C156,2019-09-19,2019-09-19 09:38:57,1.51,1.0785,1,1.49,1.0642,76,1.49,1.0642,1,1.5,1.0714,211,0
IWM190920C156,2019-09-19,2019-09-19 09:38:57,1.54,1.1,25,1.51,1.0785,19,1.51,1.0785,1,1.525,1.0892,212,0
IWM190920C156,2019-09-19,2019-09-19 09:38:57,1.51,1.0785,1,1.49,1.0642,44,1.49,1.0642,1,1.5,1.0714,211,1
IWM190920C156,2019-09-19,2019-09-19 09:38:57,1.54,1.1,25,1.51,1.0785,19,1.51,1.0785,1,1.525,1.0892,212,1
IWM190920C156,2019-09-19,2019-09-19 09:38:58,1.55,1.1071,32,1.52,1.0857,38,1.51,1.0785,1,1.535,1.0964,212,0
IWM190920C156,2019-09-19,2019-09-19 09:38:58,1.55,1.1071,23,1.52,1.0857,22,1.51,1.0785,1,1.535,1.0964,212,0
IWM190920C156,2019-09-19,2019-09-19 09:38:58,1.54,1.1,25,1.51,1.0785,43,1.51,1.0785,1,1.525,1.0892,212,0
IWM190920C156,2019-09-19,2019-09-19 09:38:58,1.55,1.1071,32,1.52,1.0857,32,1.51,1.0785,1,1.535,1.0964,212,0
IWM190920C156,2019-09-19,2019-09-19 09:38:59,1.55,1.1071,32,1.52,1.0857,38,1.51,1.0785,1,1.535,1.0964,212,0
IWM190920C156,2019-09-19,2019-09-19 09:38:59,1.55,1.1071,19,1.53,1.0928,43,1.51,1.0785,1,1.54,1.1,212,0
IWM190920C156,2019-09-19,2019-09-19 09:39:00,1.55,1.1071,19,1.53,1.0928,43,1.51,1.0785,1,1.54,1.1,212,0
IWM190920C156,2019-09-19,2019-09-19 09:39:00,1.56,1.1142,19,1.53,1.0928,43,1.51,1.0785,1,1.545,1.1035,212,0
IWM190920C156,2019-09-19,2019-09-19 09:39:01,1.56,1.1142,25,1.53,1.0928,44,1.51,1.0785,1,1.545,1.1035,212,0
IWM190920C156,2019-09-19,2019-09-19 09:39:01,1.55,1.1071,19,1.53,1.0928,44,1.51,1.0785,1,1.54,1.1,212,0
IWM190920C156,2019-09-19,2019-09-19 09:39:02,1.57,1.1214,19,1.54,1.1,19,1.51,1.0785,1,1.555,1.1107,212,0
IWM190920C156,2019-09-19,2019-09-19 09:39:02,1.57,1.1214,24,1.53,1.0928,26,1.55,1.1071,2,1.55,1.1071,214,2
IWM190920C156,2019-09-19,2019-09-19 09:39:02,1.57,1.1214,24,1.53,1.0928,26,1.55,1.1071,2,1.55,1.1071,214,0
IWM190920C156,2019-09-19,2019-09-19 09:39:03,1.57,1.1214,24,1.53,1.0928,26,1.55,1.1071,2,1.55,1.1071,214,0
IWM190920C156,2019-09-19,2019-09-19 09:39:03,1.57,1.1214,43,1.54,1.1,43,1.55,1.1071,2,1.555,1.1107,214,0
IWM190920C156,2019-09-19,2019-09-19 09:39:03,1.57,1.1214,62,1.54,1.1,43,1.55,1.1071,2,1.555,1.1107,214,0
IWM190920C156,2019-09-19,2019-09-19 09:39:04,1.57,1.1214,19,1.54,1.1,83,1.55,1.1071,2,1.555,1.1107,214,0
IWM190920C156,2019-09-19,2019-09-19 09:39:04,1.57,1.1214,23,1.54,1.1,85,1.55,1.1071,2,1.555,1.1107,214,0
IWM190920C156,2019-09-19,2019-09-19 09:39:04,1.57,1.1214,23,1.53,1.0928,43,1.55,1.1071,2,1.55,1.1071,214,0
IWM190920C156,2019-09-19,2019-09-19 09:39:04,1.57,1.1214,23,1.54,1.1,63,1.55,1.1071,2,1.555,1.1107,214,0
IWM190920C156,2019-09-19,2019-09-19 09:39:05,1.56,1.1142,65,1.53,1.0928,23,1.55,1.1071,2,1.545,1.1035,214,0
IWM190920C156,2019-09-19,2019-09-19 09:39:05,1.55,1.1071,41,1.52,1.0857,43,1.55,1.1071,2,1.535,1.0964,214,0
IWM190920C156,2019-09-19,2019-09-19 09:39:05,1.56,1.1142,43,1.53,1.0928,54,1.55,1.1071,2,1.545,1.1035,214,0
IWM190920C156,2019-09-19,2019-09-19 09:39:06,1.55,1.1071,41,1.52,1.0857,66,1.55,1.1071,2,1.535,1.0964,214,0
IWM190920C156,2019-09-19,2019-09-19 09:39:06,1.54,1.1,19,1.51,1.0785,19,1.55,1.1071,2,1.525,1.0892,214,0
IWM190920C156,2019-09-19,2019-09-19 09:39:06,1.55,1.1071,41,1.52,1.0857,55,1.55,1.1071,2,1.535,1.0964,214,0
IWM190920C156,2019-09-19,2019-09-19 09:39:07,1.53,1.0928,43,1.5,1.0714,65,1.55,1.1071,2,1.515,1.0821,214,0
IWM190920C156,2019-09-19,2019-09-19 09:39:07,1.53,1.0928,43,1.5,1.0714,40,1.55,1.1071,2,1.515,1.0821,214,0
IWM190920C156,2019-09-19,2019-09-19 09:39:07,1.53,1.0928,43,1.51,1.0785,19,1.55,1.1071,2,1.52,1.0857,214,0
IWM190920C156,2019-09-19,2019-09-19 09:39:08,1.52,1.0857,19,1.49,1.0642,62,1.55,1.1071,2,1.505,1.075,214,0
IWM190920C156,2019-09-19,2019-09-19 09:39:08,1.53,1.0928,65,1.5,1.0714,65,1.55,1.1071,2,1.515,1.0821,214,0
IWM190920C156,2019-09-19,2019-09-19 09:39:09,1.51,1.0785,65,1.48,1.0571,43,1.55,1.1071,2,1.495,1.0678,214,0
IWM190920C156,2019-09-19,2019-09-19 09:39:09,1.51,1.0785,46,1.49,1.0642,43,1.55,1.1071,2,1.5,1.0714,214,0
IWM190920C156,2019-09-19,2019-09-19 09:39:09,1.52,1.0857,43,1.49,1.0642,24,1.55,1.1071,2,1.505,1.075,214,0
IWM190920C156,2019-09-19,2019-09-19 09:39:09,1.52,1.0857,43,1.49,1.0642,43,1.55,1.1071,2,1.505,1.075,214,0
IWM190920C156,2019-09-19,2019-09-19 09:39:10,1.51,1.0785,43,1.49,1.0642,73,1.55,1.1071,2,1.5,1.0714,214,0
IWM190920C156,2019-09-19,2019-09-19 09:39:10,1.51,1.0785,46,1.49,1.0642,43,1.55,1.1071,2,1.5,1.0714,214,0
IWM190920C156,2019-09-19,2019-09-19 09:39:11,1.51,1.0785,24,1.49,1.0642,73,1.55,1.1071,2,1.5,1.0714,214,0
IWM190920C156,2019-09-19,2019-09-19 09:39:11,1.53,1.0928,19,1.5,1.0714,84,1.55,1.1071,2,1.515,1.0821,214,0
IWM190920C156,2019-09-19,2019-09-19 09:39:11,1.53,1.0928,29,1.5,1.0714,74,1.55,1.1071,2,1.515,1.0821,214,0
IWM190920C156,2019-09-19,2019-09-19 09:39:12,1.54,1.1,20,1.5,1.0714,74,1.55,1.1071,2,1.52,1.0857,214,0
IWM190920C156,2019-09-19,2019-09-19 09:39:12,1.54,1.1,20,1.51,1.0785,43,1.55,1.1071,2,1.525,1.0892,214,0
IWM190920C156,2019-09-19,2019-09-19 09:39:13,1.54,1.1,24,1.52,1.0857,43,1.55,1.1071,2,1.53,1.0928,214,0
IWM190920C156,2019-09-19,2019-09-19 09:39:13,1.54,1.1,24,1.52,1.0857,32,1.55,1.1071,2,1.53,1.0928,214,0
IWM190920C156,2019-09-19,2019-09-19 09:39:14,1.55,1.1071,34,1.52,1.0857,90,1.55,1.1071,2,1.535,1.0964,214,0
IWM190920C156,2019-09-19,2019-09-19 09:39:15,1.55,1.1071,34,1.52,1.0857,90,1.55,1.1071,2,1.535,1.0964,214,0
IWM190920C156,2019-09-19,2019-09-19 09:39:15,1.55,1.1071,51,1.52,1.0857,36,1.55,1.1071,2,1.535,1.0964,214,0
IWM190920C156,2019-09-19,2019-09-19 09:39:15,1.55,1.1071,34,1.52,1.0857,112,1.55,1.1071,2,1.535,1.0964,214,0
IWM190920C156,2019-09-19,2019-09-19 09:39:16,1.51,1.0785,28,1.49,1.0642,24,1.55,1.1071,2,1.5,1.0714,214,0
IWM190920C156,2019-09-19,2019-09-19 09:39:16,1.53,1.0928,19,1.51,1.0785,30,1.55,1.1071,2,1.52,1.0857,214,0
IWM190920C156,2019-09-19,2019-09-19 09:39:16,1.54,1.1,43,1.51,1.0785,30,1.55,1.1071,2,1.525,1.0892,214,0
IWM190920C156,2019-09-19,2019-09-19 09:39:17,1.51,1.0785,28,1.49,1.0642,24,1.55,1.1071,2,1.5,1.0714,214,0
IWM190920C156,2019-09-19,2019-09-19 09:39:17,1.51,1.0785,28,1.49,1.0642,55,1.55,1.1071,2,1.5,1.0714,214,0
IWM190920C156,2019-09-19,2019-09-19 09:39:18,1.52,1.0857,19,1.49,1.0642,30,1.55,1.1071,2,1.505,1.075,214,0
IWM190920C156,2019-09-19,2019-09-19 09:39:18,1.52,1.0857,19,1.49,1.0642,63,1.55,1.1071,2,1.505,1.075,214,0
IWM190920C156,2019-09-19,2019-09-19 09:39:18,1.52,1.0857,19,1.49,1.0642,19,1.55,1.1071,2,1.505,1.075,214,0
IWM190920C156,2019-09-19,2019-09-19 09:39:19,1.51,1.0785,62,1.48,1.0571,76,1.55,1.1071,2,1.495,1.0678,214,0
IWM190920C156,2019-09-19,2019-09-19 09:39:19,1.51,1.0785,62,1.49,1.0642,13,1.55,1.1071,2,1.5,1.0714,214,0
IWM190920C156,2019-09-19,2019-09-19 09:39:19,1.52,1.0857,19,1.49,1.0642,13,1.55,1.1071,2,1.505,1.075,214,0
IWM190920C156,2019-09-19,2019-09-19 09:39:20,1.51,1.0785,43,1.48,1.0571,20,1.55,1.1071,2,1.495,1.0678,214,0
IWM190920C156,2019-09-19,2019-09-19 09:39:20,1.51,1.0785,43,1.48,1.0571,18,1.55,1.1071,2,1.495,1.0678,214,0
IWM190920C156,2019-09-19,2019-09-19 09:39:21,1.51,1.0785,19,1.48,1.0571,77,1.55,1.1071,2,1.495,1.0678,214,0
IWM190920C156,2019-09-19,2019-09-19 09:39:21,1.51,1.0785,19,1.48,1.0571,14,1.55,1.1071,2,1.495,1.0678,214,0
IWM190920C156,2019-09-19,2019-09-19 09:39:21,1.51,1.0785,19,1.48,1.0571,87,1.55,1.1071,2,1.495,1.0678,214,0
IWM190920C156,2019-09-19,2019-09-19 09:39:22,1.48,1.0571,65,1.45,1.0357,29,1.55,1.1071,2,1.465,1.0464,214,0
IWM190920C156,2019-09-19,2019-09-19 09:39:22,1.49,1.0642,43,1.46,1.0428,19,1.55,1.1071,2,1.475,1.0535,214,0
IWM190920C156,2019-09-19,2019-09-19 09:39:22,1.51,1.0785,19,1.47,1.05,40,1.55,1.1071,2,1.49,1.0642,214,0
IWM190920C156,2019-09-19,2019-09-19 09:39:22,1.48,1.0571,65,1.45,1.0357,32,1.55,1.1071,2,1.465,1.0464,214,0
IWM190920C156,2019-09-19,2019-09-19 09:39:23,1.49,1.0642,24,1.47,1.05,19,1.55,1.1071,2,1.48,1.0571,214,0
IWM190920C156,2019-09-19,2019-09-19 09:39:23,1.49,1.0642,43,1.46,1.0428,33,1.55,1.1071,2,1.475,1.0535,214,0
IWM190920C156,2019-09-19,2019-09-19 09:39:23,1.5,1.0714,43,1.47,1.05,30,1.55,1.1071,2,1.485,1.0607,214,0
IWM190920C156,2019-09-19,2019-09-19 09:39:24,1.5,1.0714,3,1.48,1.0571,19,1.55,1.1071,2,1.49,1.0642,214,0
IWM190920C156,2019-09-19,2019-09-19 09:39:24,1.5,1.0714,22,1.47,1.05,19,1.55,1.1071,2,1.485,1.0607,214,0
IWM190920C156,2019-09-19,2019-09-19 09:39:24,1.5,1.0714,43,1.47,1.05,30,1.55,1.1071,2,1.485,1.0607,214,0
IWM190920C156,2019-09-19,2019-09-19 09:39:25,1.5,1.0714,3,1.48,1.0571,20,1.55,1.1071,2,1.49,1.0642,214,0
IWM190920C156,2019-09-19,2019-09-19 09:39:25,1.5,1.0714,8,1.47,1.05,19,1.55,1.1071,2,1.485,1.0607,214,0
IWM190920C156,2019-09-19,2019-09-19 09:39:25,1.5,1.0714,22,1.47,1.05,19,1.55,1.1071,2,1.485,1.0607,214,0
IWM190920C156,2019-09-19,2019-09-19 09:39:26,1.51,1.0785,43,1.48,1.0571,20,1.55,1.1071,2,1.495,1.0678,214,0
IWM190920C156,2019-09-19,2019-09-19 09:39:26,1.5,1.0714,43,1.47,1.05,58,1.55,1.1071,2,1.485,1.0607,214,0
IWM190920C156,2019-09-19,2019-09-19 09:39:27,1.49,1.0642,42,1.47,1.05,19,1.55,1.1071,2,1.48,1.0571,214,0
IWM190920C156,2019-09-19,2019-09-19 09:39:27,1.5,1.0714,43,1.47,1.05,19,1.55,1.1071,2,1.485,1.0607,214,0
IWM190920C156,2019-09-19,2019-09-19 09:39:27,1.5,1.0714,43,1.47,1.05,58,1.55,1.1071,2,1.485,1.0607,214,0
IWM190920C156,2019-09-19,2019-09-19 09:39:27,1.49,1.0642,42,1.46,1.0428,19,1.55,1.1071,2,1.475,1.0535,214,0
IWM190920C156,2019-09-19,2019-09-19 09:39:28,1.48,1.0571,19,1.45,1.0357,22,1.55,1.1071,2,1.465,1.0464,214,0
IWM190920C156,2019-09-19,2019-09-19 09:39:28,1.48,1.0571,40,1.46,1.0428,19,1.55,1.1071,2,1.47,1.05,214,0
IWM190920C156,2019-09-19,2019-09-19 09:39:28,1.48,1.0571,21,1.46,1.0428,19,1.55,1.1071,2,1.47,1.05,214,0
IWM190920C156,2019-09-19,2019-09-19 09:39:28,1.48,1.0571,42,1.45,1.0357,19,1.55,1.1071,2,1.465,1.0464,214,0
IWM190920C156,2019-09-19,2019-09-19 09:39:29,1.48,1.0571,42,1.45,1.0357,19,1.55,1.1071,2,1.465,1.0464,214,0
IWM190920C156,2019-09-19,2019-09-19 09:39:29,1.48,1.0571,63,1.45,1.0357,19,1.55,1.1071,2,1.465,1.0464,214,0
IWM190920C156,2019-09-19,2019-09-19 09:39:30,1.47,1.05,23,1.45,1.0357,29,1.55,1.1071,2,1.46,1.0428,214,0
IWM190920C156,2019-09-19,2019-09-19 09:39:30,1.47,1.05,23,1.45,1.0357,19,1.55,1.1071,2,1.46,1.0428,214,0
IWM190920C156,2019-09-19,2019-09-19 09:39:30,1.48,1.0571,63,1.44,1.0285,40,1.55,1.1071,2,1.46,1.0428,214,0
IWM190920C156,2019-09-19,2019-09-19 09:39:31,1.47,1.05,42,1.45,1.0357,42,1.55,1.1071,2,1.46,1.0428,214,0
IWM190920C156,2019-09-19,2019-09-19 09:39:31,1.47,1.05,23,1.45,1.0357,42,1.55,1.1071,2,1.46,1.0428,214,0
IWM190920C156,2019-09-19,2019-09-19 09:39:31,1.47,1.05,23,1.44,1.0285,87,1.55,1.1071,2,1.455,1.0392,214,0
IWM190920C156,2019-09-19,2019-09-19 09:39:32,1.46,1.0428,42,1.44,1.0285,42,1.55,1.1071,2,1.45,1.0357,214,0
IWM190920C156,2019-09-19,2019-09-19 09:39:32,1.46,1.0428,63,1.44,1.0285,42,1.55,1.1071,2,1.45,1.0357,214,0
IWM190920C156,2019-09-19,2019-09-19 09:39:32,1.46,1.0428,42,1.43,1.0214,42,1.55,1.1071,2,1.445,1.0321,214,0
IWM190920C156,2019-09-19,2019-09-19 09:39:33,1.46,1.0428,42,1.43,1.0214,48,1.55,1.1071,2,1.445,1.0321,214,0
IWM190920C156,2019-09-19,2019-09-19 09:39:33,1.46,1.0428,42,1.43,1.0214,29,1.55,1.1071,2,1.445,1.0321,214,0
IWM190920C156,2019-09-19,2019-09-19 09:39:33,1.46,1.0428,63,1.43,1.0214,54,1.55,1.1071,2,1.445,1.0321,214,0
IWM190920C156,2019-09-19,2019-09-19 09:39:34,1.47,1.05,23,1.45,1.0357,73,1.55,1.1071,2,1.46,1.0428,214,0
IWM190920C156,2019-09-19,2019-09-19 09:39:34,1.46,1.0428,63,1.43,1.0214,54,1.55,1.1071,2,1.445,1.0321,214,0
IWM190920C156,2019-09-19,2019-09-19 09:39:34,1.47,1.05,23,1.45,1.0357,63,1.55,1.1071,2,1.46,1.0428,214,0
IWM190920C156,2019-09-19,2019-09-19 09:39:34,1.47,1.05,23,1.45,1.0357,83,1.55,1.1071,2,1.46,1.0428,214,0
IWM190920C156,2019-09-19,2019-09-19 09:39:35,1.47,1.05,23,1.45,1.0357,83,1.55,1.1071,2,1.46,1.0428,214,0
IWM190920C156,2019-09-19,2019-09-19 09:39:35,1.49,1.0642,42,1.46,1.0428,42,1.55,1.1071,2,1.475,1.0535,214,0
IWM190920C156,2019-09-19,2019-09-19 09:39:36,1.49,1.0642,63,1.46,1.0428,64,1.55,1.1071,2,1.475,1.0535,214,0
IWM190920C156,2019-09-19,2019-09-19 09:39:36,1.49,1.0642,42,1.46,1.0428,64,1.55,1.1071,2,1.475,1.0535,214,0
IWM190920C156,2019-09-19,2019-09-19 09:39:37,1.48,1.0571,42,1.45,1.0357,29,1.55,1.1071,2,1.465,1.0464,214,0
IWM190920C156,2019-09-19,2019-09-19 09:39:37,1.48,1.0571,42,1.46,1.0428,64,1.55,1.1071,2,1.47,1.05,214,0
IWM190920C156,2019-09-19,2019-09-19 09:39:37,1.49,1.0642,63,1.46,1.0428,64,1.55,1.1071,2,1.475,1.0535,214,0
IWM190920C156,2019-09-19,2019-09-19 09:39:37,1.48,1.0571,42,1.45,1.0357,93,1.55,1.1071,2,1.465,1.0464,214,0
IWM190920C156,2019-09-19,2019-09-19 09:39:38,1.47,1.05,27,1.45,1.0357,21,1.55,1.1071,2,1.46,1.0428,214,0
IWM190920C156,2019-09-19,2019-09-19 09:39:38,1.48,1.0571,56,1.45,1.0357,21,1.55,1.1071,2,1.465,1.0464,214,0
IWM190920C156,2019-09-19,2019-09-19 09:39:39,1.47,1.05,27,1.45,1.0357,21,1.55,1.1071,2,1.46,1.0428,214,0
IWM190920C156,2019-09-19,2019-09-19 09:39:40,1.47,1.05,27,1.45,1.0357,21,1.55,1.1071,2,1.46,1.0428,214,0
IWM190920C156,2019-09-19,2019-09-19 09:39:40,1.47,1.05,8,1.45,1.0357,34,1.55,1.1071,2,1.46,1.0428,214,0
IWM190920C156,2019-09-19,2019-09-19 09:39:41,1.46,1.0428,42,1.43,1.0214,79,1.55,1.1071,2,1.445,1.0321,214,0
IWM190920C156,2019-09-19,2019-09-19 09:39:41,1.47,1.05,31,1.45,1.0357,30,1.55,1.1071,2,1.46,1.0428,214,0
IWM190920C156,2019-09-19,2019-09-19 09:39:42,1.46,1.0428,42,1.43,1.0214,29,1.55,1.1071,2,1.445,1.0321,214,0
IWM190920C156,2019-09-19,2019-09-19 09:39:42,1.46,1.0428,42,1.43,1.0214,62,1.55,1.1071,2,1.445,1.0321,214,0
IWM190920C156,2019-09-19,2019-09-19 09:39:43,1.46,1.0428,23,1.44,1.0285,55,1.55,1.1071,2,1.45,1.0357,214,0
IWM190920C156,2019-09-19,2019-09-19 09:39:43,1.46,1.0428,42,1.43,1.0214,71,1.55,1.1071,2,1.445,1.0321,214,0
IWM190920C156,2019-09-19,2019-09-19 09:39:43,1.46,1.0428,23,1.44,1.0285,93,1.55,1.1071,2,1.45,1.0357,214,0
IWM190920C156,2019-09-19,2019-09-19 09:39:44,1.46,1.0428,23,1.44,1.0285,75,1.55,1.1071,2,1.45,1.0357,214,0
IWM190920C156,2019-09-19,2019-09-19 09:39:44,1.46,1.0428,23,1.44,1.0285,93,1.55,1.1071,2,1.45,1.0357,214,0
IWM190920C156,2019-09-19,2019-09-19 09:39:45,1.47,1.05,23,1.45,1.0357,58,1.55,1.1071,2,1.46,1.0428,214,0
IWM190920C156,2019-09-19,2019-09-19 09:39:45,1.46,1.0428,23,1.44,1.0285,75,1.55,1.1071,2,1.45,1.0357,214,0
IWM190920C156,2019-09-19,2019-09-19 09:39:45,1.47,1.05,42,1.45,1.0357,10,1.55,1.1071,2,1.46,1.0428,214,0
IWM190920C156,2019-09-19,2019-09-19 09:39:46,1.47,1.05,23,1.44,1.0285,66,1.55,1.1071,2,1.455,1.0392,214,0
IWM190920C156,2019-09-19,2019-09-19 09:39:46,1.46,1.0428,23,1.44,1.0285,61,1.55,1.1071,2,1.45,1.0357,214,0
IWM190920C156,2019-09-19,2019-09-19 09:39:47,1.46,1.0428,42,1.44,1.0285,29,1.55,1.1071,2,1.45,1.0357,214,0
IWM190920C156,2019-09-19,2019-09-19 09:39:48,1.45,1.0357,20,1.42,1.0142,1,1.55,1.1071,2,1.435,1.025,214,0
IWM190920C156,2019-09-19,2019-09-19 09:39:48,1.44,1.0285,42,1.42,1.0142,11,1.55,1.1071,2,1.43,1.0214,214,0
IWM190920C156,2019-09-19,2019-09-19 09:39:48,1.46,1.0428,19,1.42,1.0142,11,1.55,1.1071,2,1.44,1.0285,214,0
IWM190920C156,2019-09-19,2019-09-19 09:39:49,1.46,1.0428,42,1.44,1.0285,28,1.55,1.1071,2,1.45,1.0357,214,0
IWM190920C156,2019-09-19,2019-09-19 09:39:49,1.46,1.0428,42,1.44,1.0285,11,1.55,1.1071,2,1.45,1.0357,214,0
IWM190920C156,2019-09-19,2019-09-19 09:39:49,1.46,1.0428,19,1.42,1.0142,101,1.55,1.1071,2,1.44,1.0285,214,0
IWM190920C156,2019-09-19,2019-09-19 09:39:50,1.46,1.0428,32,1.44,1.0285,27,1.55,1.1071,2,1.45,1.0357,214,0
IWM190920C156,2019-09-19,2019-09-19 09:39:51,1.46,1.0428,32,1.44,1.0285,32,1.55,1.1071,2,1.45,1.0357,214,0
IWM190920C156,2019-09-19,2019-09-19 09:39:51,1.46,1.0428,32,1.44,1.0285,27,1.55,1.1071,2,1.45,1.0357,214,0
IWM190920C156,2019-09-19,2019-09-19 09:39:51,1.47,1.05,19,1.44,1.0285,93,1.55,1.1071,2,1.455,1.0392,214,0
IWM190920C156,2019-09-19,2019-09-19 09:39:52,1.48,1.0571,21,1.44,1.0285,103,1.55,1.1071,2,1.46,1.0428,214,0
IWM190920C156,2019-09-19,2019-09-19 09:39:53,1.49,1.0642,19,1.45,1.0357,49,1.47,1.05,1,1.47,1.05,215,0
IWM190920C156,2019-09-19,2019-09-19 09:39:53,1.49,1.0642,36,1.46,1.0428,56,1.47,1.05,1,1.475,1.0535,215,0
IWM190920C156,2019-09-19,2019-09-19 09:39:53,1.49,1.0642,36,1.46,1.0428,56,1.47,1.05,1,1.475,1.0535,215,1
IWM190920C156,2019-09-19,2019-09-19 09:39:53,1.49,1.0642,19,1.45,1.0357,35,1.47,1.05,1,1.47,1.05,215,0
IWM190920C156,2019-09-19,2019-09-19 09:39:54,1.47,1.05,29,1.44,1.0285,42,1.47,1.05,1,1.455,1.0392,215,0
IWM190920C156,2019-09-19,2019-09-19 09:39:54,1.46,1.0428,39,1.43,1.0214,88,1.47,1.05,1,1.445,1.0321,215,0
IWM190920C156,2019-09-19,2019-09-19 09:39:55,1.46,1.0428,39,1.43,1.0214,88,1.47,1.05,1,1.445,1.0321,215,0
IWM190920C156,2019-09-19,2019-09-19 09:39:56,1.46,1.0428,6,1.44,1.0285,32,1.47,1.05,1,1.45,1.0357,215,0
IWM190920C156,2019-09-19,2019-09-19 09:39:56,1.46,1.0428,6,1.44,1.0285,27,1.47,1.05,1,1.45,1.0357,215,0
IWM190920C156,2019-09-19,2019-09-19 09:39:57,1.47,1.05,19,1.44,1.0285,44,1.47,1.05,1,1.455,1.0392,215,0
IWM190920C156,2019-09-19,2019-09-19 09:39:57,1.47,1.05,30,1.44,1.0285,25,1.47,1.05,1,1.455,1.0392,215,0
IWM190920C156,2019-09-19,2019-09-19 09:39:57,1.47,1.05,29,1.44,1.0285,44,1.47,1.05,1,1.455,1.0392,215,0
IWM190920C156,2019-09-19,2019-09-19 09:39:58,1.47,1.05,29,1.44,1.0285,44,1.47,1.05,1,1.455,1.0392,215,0
IWM190920C156,2019-09-19,2019-09-19 09:39:58,1.48,1.0571,19,1.44,1.0285,41,1.47,1.05,1,1.46,1.0428,215,0
IWM190920C156,2019-09-19,2019-09-19 09:39:58,1.47,1.05,29,1.44,1.0285,42,1.47,1.05,1,1.455,1.0392,215,0
IWM190920C156,2019-09-19,2019-09-19 09:39:59,1.47,1.05,29,1.44,1.0285,42,1.47,1.05,1,1.455,1.0392,215,0
IWM190920C156,2019-09-19,2019-09-19 09:40:00,1.47,1.05,29,1.44,1.0285,42,1.47,1.05,1,1.455,1.0392,215,0
IWM190920C156,2019-09-19,2019-09-19 09:40:01,1.48,1.0571,19,1.43,1.0214,47,1.47,1.05,1,1.455,1.0392,215,0
IWM190920C156,2019-09-19,2019-09-19 09:40:01,1.47,1.05,29,1.44,1.0285,42,1.47,1.05,1,1.455,1.0392,215,0
IWM190920C156,2019-09-19,2019-09-19 09:40:01,1.46,1.0428,23,1.43,1.0214,47,1.47,1.05,1,1.445,1.0321,215,0
IWM190920C156,2019-09-19,2019-09-19 09:40:02,1.44,1.0285,42,1.41,1.0071,19,1.47,1.05,1,1.425,1.0178,215,0
IWM190920C156,2019-09-19,2019-09-19 09:40:02,1.45,1.0357,19,1.42,1.0142,19,1.47,1.05,1,1.435,1.025,215,0
IWM190920C156,2019-09-19,2019-09-19 09:40:02,1.46,1.0428,24,1.42,1.0142,10,1.47,1.05,1,1.44,1.0285,215,0
IWM190920C156,2019-09-19,2019-09-19 09:40:02,1.45,1.0357,19,1.42,1.0142,10,1.47,1.05,1,1.435,1.025,215,0
IWM190920C156,2019-09-19,2019-09-19 09:40:03,1.44,1.0285,63,1.41,1.0071,24,1.47,1.05,1,1.425,1.0178,215,0
IWM190920C156,2019-09-19,2019-09-19 09:40:03,1.44,1.0285,42,1.41,1.0071,19,1.47,1.05,1,1.425,1.0178,215,0
IWM190920C156,2019-09-19,2019-09-19 09:40:04,1.44,1.0285,42,1.41,1.0071,24,1.47,1.05,1,1.425,1.0178,215,0
IWM190920C156,2019-09-19,2019-09-19 09:40:04,1.44,1.0285,63,1.41,1.0071,24,1.47,1.05,1,1.425,1.0178,215,0
IWM190920C156,2019-09-19,2019-09-19 09:40:04,1.46,1.0428,19,1.42,1.0142,42,1.47,1.05,1,1.44,1.0285,215,0
IWM190920C156,2019-09-19,2019-09-19 09:40:05,1.46,1.0428,19,1.42,1.0142,19,1.47,1.05,1,1.44,1.0285,215,0
IWM190920C156,2019-09-19,2019-09-19 09:40:05,1.46,1.0428,42,1.43,1.0214,52,1.47,1.05,1,1.445,1.0321,215,0
IWM190920C156,2019-09-19,2019-09-19 09:40:05,1.46,1.0428,42,1.43,1.0214,42,1.47,1.05,1,1.445,1.0321,215,0
IWM190920C156,2019-09-19,2019-09-19 09:40:06,1.46,1.0428,42,1.43,1.0214,52,1.47,1.05,1,1.445,1.0321,215,0
IWM190920C156,2019-09-19,2019-09-19 09:40:06,1.46,1.0428,63,1.43,1.0214,103,1.47,1.05,1,1.445,1.0321,215,0
IWM190920C156,2019-09-19,2019-09-19 09:40:06,1.46,1.0428,63,1.43,1.0214,119,1.47,1.05,1,1.445,1.0321,215,0
IWM190920C156,2019-09-19,2019-09-19 09:40:07,1.46,1.0428,63,1.43,1.0214,145,1.47,1.05,1,1.445,1.0321,215,0
IWM190920C156,2019-09-19,2019-09-19 09:40:07,1.46,1.0428,63,1.43,1.0214,61,1.47,1.05,1,1.445,1.0321,215,0
IWM190920C156,2019-09-19,2019-09-19 09:40:07,1.46,1.0428,63,1.43,1.0214,72,1.47,1.05,1,1.445,1.0321,215,0
IWM190920C156,2019-09-19,2019-09-19 09:40:07,1.46,1.0428,63,1.43,1.0214,85,1.47,1.05,1,1.445,1.0321,215,0
IWM190920C156,2019-09-19,2019-09-19 09:40:08,1.46,1.0428,63,1.43,1.0214,72,1.47,1.05,1,1.445,1.0321,215,0
IWM190920C156,2019-09-19,2019-09-19 09:40:08,1.45,1.0357,42,1.43,1.0214,23,1.47,1.05,1,1.44,1.0285,215,0
IWM190920C156,2019-09-19,2019-09-19 09:40:08,1.45,1.0357,42,1.43,1.0214,72,1.47,1.05,1,1.44,1.0285,215,0
IWM190920C156,2019-09-19,2019-09-19 09:40:09,1.45,1.0357,42,1.43,1.0214,20,1.47,1.05,1,1.44,1.0285,215,0
IWM190920C156,2019-09-19,2019-09-19 09:40:09,1.45,1.0357,42,1.43,1.0214,42,1.47,1.05,1,1.44,1.0285,215,0
IWM190920C156,2019-09-19,2019-09-19 09:40:09,1.44,1.0285,21,1.42,1.0142,10,1.47,1.05,1,1.43,1.0214,215,0
IWM190920C156,2019-09-19,2019-09-19 09:40:09,1.45,1.0357,42,1.42,1.0142,76,1.47,1.05,1,1.435,1.025,215,0
IWM190920C156,2019-09-19,2019-09-19 09:40:10,1.43,1.0214,42,1.4,1.0,69,1.47,1.05,1,1.415,1.0107,215,0
IWM190920C156,2019-09-19,2019-09-19 09:40:10,1.43,1.0214,1,1.4,1.0,69,1.47,1.05,1,1.415,1.0107,215,0
IWM190920C156,2019-09-19,2019-09-19 09:40:10,1.43,1.0214,1,1.41,1.0071,15,1.47,1.05,1,1.42,1.0142,215,0
IWM190920C156,2019-09-19,2019-09-19 09:40:10,1.43,1.0214,19,1.4,1.0,69,1.47,1.05,1,1.415,1.0107,215,0
IWM190920C156,2019-09-19,2019-09-19 09:40:10,1.45,1.0357,42,1.42,1.0142,13,1.47,1.05,1,1.435,1.025,215,0
IWM190920C156,2019-09-19,2019-09-19 09:40:11,1.42,1.0142,32,1.4,1.0,16,1.47,1.05,1,1.41,1.0071,215,0
IWM190920C156,2019-09-19,2019-09-19 09:40:11,1.42,1.0142,19,1.39,0.9928,39,1.47,1.05,1,1.405,1.0035,215,0
IWM190920C156,2019-09-19,2019-09-19 09:40:11,1.42,1.0142,19,1.4,1.0,54,1.47,1.05,1,1.41,1.0071,215,0
IWM190920C156,2019-09-19,2019-09-19 09:40:11,1.42,1.0142,19,1.4,1.0,10,1.47,1.05,1,1.41,1.0071,215,0
IWM190920C156,2019-09-19,2019-09-19 09:40:12,1.42,1.0142,32,1.39,0.9928,20,1.47,1.05,1,1.405,1.0035,215,0
IWM190920C156,2019-09-19,2019-09-19 09:40:12,1.42,1.0142,32,1.39,0.9928,78,1.47,1.05,1,1.405,1.0035,215,0
IWM190920C156,2019-09-19,2019-09-19 09:40:12,1.42,1.0142,32,1.4,1.0,16,1.47,1.05,1,1.41,1.0071,215,0
IWM190920C156,2019-09-19,2019-09-19 09:40:13,1.42,1.0142,25,1.39,0.9928,22,1.47,1.05,1,1.405,1.0035,215,0
IWM190920C156,2019-09-19,2019-09-19 09:40:13,1.42,1.0142,32,1.39,0.9928,22,1.47,1.05,1,1.405,1.0035,215,0
IWM190920C156,2019-09-19,2019-09-19 09:40:13,1.42,1.0142,32,1.39,0.9928,20,1.47,1.05,1,1.405,1.0035,215,0
IWM190920C156,2019-09-19,2019-09-19 09:40:13,1.41,1.0071,21,1.39,0.9928,22,1.47,1.05,1,1.4,1.0,215,0
IWM190920C156,2019-09-19,2019-09-19 09:40:14,1.42,1.0142,25,1.39,0.9928,82,1.47,1.05,1,1.405,1.0035,215,0
IWM190920C156,2019-09-19,2019-09-19 09:40:14,1.42,1.0142,38,1.39,0.9928,82,1.47,1.05,1,1.405,1.0035,215,0
IWM190920C156,2019-09-19,2019-09-19 09:40:14,1.42,1.0142,25,1.39,0.9928,22,1.47,1.05,1,1.405,1.0035,215,0
IWM190920C156,2019-09-19,2019-09-19 09:40:15,1.41,1.0071,20,1.39,0.9928,39,1.47,1.05,1,1.4,1.0,215,0
IWM190920C156,2019-09-19,2019-09-19 09:40:15,1.42,1.0142,38,1.39,0.9928,82,1.47,1.05,1,1.405,1.0035,215,0
IWM190920C156,2019-09-19,2019-09-19 09:40:15,1.41,1.0071,20,1.39,0.9928,31,1.47,1.05,1,1.4,1.0,215,0
IWM190920C156,2019-09-19,2019-09-19 09:40:16,1.41,1.0071,30,1.39,0.9928,20,1.47,1.05,1,1.4,1.0,215,0
IWM190920C156,2019-09-19,2019-09-19 09:40:16,1.41,1.0071,20,1.38,0.9857,51,1.47,1.05,1,1.395,0.9964,215,0
IWM190920C156,2019-09-19,2019-09-19 09:40:16,1.41,1.0071,30,1.39,0.9928,35,1.47,1.05,1,1.4,1.0,215,0
IWM190920C156,2019-09-19,2019-09-19 09:40:17,1.41,1.0071,22,1.39,0.9928,25,1.47,1.05,1,1.4,1.0,215,0
IWM190920C156,2019-09-19,2019-09-19 09:40:17,1.41,1.0071,6,1.39,0.9928,25,1.47,1.05,1,1.4,1.0,215,0
IWM190920C156,2019-09-19,2019-09-19 09:40:17,1.41,1.0071,30,1.39,0.9928,25,1.47,1.05,1,1.4,1.0,215,0
