symbol,Date,quote_time,ask_price,norm_ask_price,ask_size,bid_price,norm_bid_price,bid_size,last_trade_price,norm_last_trade_price,last_trade_size,mark_price,norm_mark_price,volume,Volume
IWM191108C161,2019-11-07,2019-11-07 09:30:01,0.22,1.0,25,0.13,0.5909,40,0.03,0.1363,5,0.175,0.7954,0,0
IWM191108C161,2019-11-07,2019-11-07 09:30:02,0.2,0.909,90,0.15,0.6818,90,0.03,0.1363,5,0.175,0.7954,0,0
IWM191108C161,2019-11-07,2019-11-07 09:30:03,0.2,0.909,90,0.15,0.6818,90,0.03,0.1363,5,0.175,0.7954,0,0
IWM191108C161,2019-11-07,2019-11-07 09:30:03,0.19,0.8636,75,0.15,0.6818,75,0.03,0.1363,5,0.17,0.7727,0,0
IWM191108C161,2019-11-07,2019-11-07 09:30:04,0.19,0.8636,75,0.15,0.6818,75,0.03,0.1363,5,0.17,0.7727,0,0
IWM191108C161,2019-11-07,2019-11-07 09:30:05,0.19,0.8636,75,0.15,0.6818,75,0.03,0.1363,5,0.17,0.7727,0,0
IWM191108C161,2019-11-07,2019-11-07 09:30:06,0.19,0.8636,301,0.15,0.6818,75,0.03,0.1363,5,0.17,0.7727,0,0
IWM191108C161,2019-11-07,2019-11-07 09:30:06,0.19,0.8636,75,0.15,0.6818,75,0.03,0.1363,5,0.17,0.7727,0,0
IWM191108C161,2019-11-07,2019-11-07 09:30:07,0.19,0.8636,353,0.15,0.6818,75,0.03,0.1363,5,0.17,0.7727,0,0
IWM191108C161,2019-11-07,2019-11-07 09:30:08,0.19,0.8636,590,0.15,0.6818,75,0.03,0.1363,5,0.17,0.7727,0,0
IWM191108C161,2019-11-07,2019-11-07 09:30:08,0.19,0.8636,353,0.15,0.6818,75,0.03,0.1363,5,0.17,0.7727,0,0
IWM191108C161,2019-11-07,2019-11-07 09:30:09,0.18,0.8181,75,0.15,0.6818,75,0.03,0.1363,5,0.165,0.75,0,0
IWM191108C161,2019-11-07,2019-11-07 09:30:09,0.19,0.8636,590,0.15,0.6818,75,0.03,0.1363,5,0.17,0.7727,0,0
IWM191108C161,2019-11-07,2019-11-07 09:30:10,0.18,0.8181,75,0.15,0.6818,75,0.03,0.1363,5,0.165,0.75,0,0
IWM191108C161,2019-11-07,2019-11-07 09:30:11,0.18,0.8181,308,0.15,0.6818,5,0.03,0.1363,5,0.165,0.75,0,0
IWM191108C161,2019-11-07,2019-11-07 09:30:11,0.18,0.8181,75,0.15,0.6818,5,0.03,0.1363,5,0.165,0.75,0,0
IWM191108C161,2019-11-07,2019-11-07 09:30:12,0.19,0.8636,447,0.15,0.6818,75,0.03,0.1363,5,0.17,0.7727,0,0
IWM191108C161,2019-11-07,2019-11-07 09:30:12,0.19,0.8636,865,0.15,0.6818,20,0.03,0.1363,5,0.17,0.7727,0,0
IWM191108C161,2019-11-07,2019-11-07 09:30:13,0.18,0.8181,115,0.14,0.6363,578,0.03,0.1363,5,0.16,0.7272,0,0
IWM191108C161,2019-11-07,2019-11-07 09:30:13,0.19,0.8636,865,0.15,0.6818,20,0.03,0.1363,5,0.17,0.7727,0,0
IWM191108C161,2019-11-07,2019-11-07 09:30:14,0.18,0.8181,11,0.14,0.6363,945,0.03,0.1363,5,0.16,0.7272,0,0
IWM191108C161,2019-11-07,2019-11-07 09:30:15,0.18,0.8181,119,0.14,0.6363,945,0.03,0.1363,5,0.16,0.7272,0,0
IWM191108C161,2019-11-07,2019-11-07 09:30:15,0.18,0.8181,10,0.16,0.7272,152,0.03,0.1363,5,0.17,0.7727,0,0
IWM191108C161,2019-11-07,2019-11-07 09:30:16,0.18,0.8181,10,0.16,0.7272,148,0.03,0.1363,5,0.17,0.7727,0,0
IWM191108C161,2019-11-07,2019-11-07 09:30:16,0.19,0.8636,362,0.16,0.7272,148,0.03,0.1363,5,0.175,0.7954,0,0
IWM191108C161,2019-11-07,2019-11-07 09:30:17,0.18,0.8181,10,0.16,0.7272,148,0.03,0.1363,5,0.17,0.7727,0,0
IWM191108C161,2019-11-07,2019-11-07 09:30:17,0.19,0.8636,188,0.16,0.7272,20,0.03,0.1363,5,0.175,0.7954,0,0
IWM191108C161,2019-11-07,2019-11-07 09:30:18,0.19,0.8636,188,0.16,0.7272,20,0.03,0.1363,5,0.175,0.7954,0,0
IWM191108C161,2019-11-07,2019-11-07 09:30:18,0.19,0.8636,408,0.16,0.7272,761,0.03,0.1363,5,0.175,0.7954,0,0
IWM191108C161,2019-11-07,2019-11-07 09:30:19,0.19,0.8636,20,0.17,0.7727,81,0.03,0.1363,5,0.18,0.8181,0,0
IWM191108C161,2019-11-07,2019-11-07 09:30:19,0.19,0.8636,52,0.16,0.7272,1269,0.03,0.1363,5,0.175,0.7954,0,0
IWM191108C161,2019-11-07,2019-11-07 09:30:20,0.19,0.8636,30,0.17,0.7727,77,0.03,0.1363,5,0.18,0.8181,0,0
IWM191108C161,2019-11-07,2019-11-07 09:30:21,0.19,0.8636,30,0.17,0.7727,77,0.03,0.1363,5,0.18,0.8181,0,0
IWM191108C161,2019-11-07,2019-11-07 09:30:22,0.19,0.8636,20,0.17,0.7727,77,0.03,0.1363,5,0.18,0.8181,0,0
IWM191108C161,2019-11-07,2019-11-07 09:30:22,0.19,0.8636,20,0.17,0.7727,184,0.03,0.1363,5,0.18,0.8181,0,0
IWM191108C161,2019-11-07,2019-11-07 09:30:23,0.19,0.8636,20,0.17,0.7727,476,0.03,0.1363,5,0.18,0.8181,0,0
IWM191108C161,2019-11-07,2019-11-07 09:30:23,0.19,0.8636,20,0.17,0.7727,83,0.03,0.1363,5,0.18,0.8181,0,0
IWM191108C161,2019-11-07,2019-11-07 09:30:24,0.19,0.8636,30,0.17,0.7727,1081,0.03,0.1363,5,0.18,0.8181,0,0
IWM191108C161,2019-11-07,2019-11-07 09:30:24,0.19,0.8636,20,0.17,0.7727,930,0.03,0.1363,5,0.18,0.8181,0,0
IWM191108C161,2019-11-07,2019-11-07 09:30:25,0.19,0.8636,30,0.17,0.7727,289,0.03,0.1363,5,0.18,0.8181,0,0
IWM191108C161,2019-11-07,2019-11-07 09:30:25,0.19,0.8636,20,0.17,0.7727,807,0.03,0.1363,5,0.18,0.8181,0,0
IWM191108C161,2019-11-07,2019-11-07 09:30:26,0.19,0.8636,30,0.17,0.7727,87,0.03,0.1363,5,0.18,0.8181,0,0
IWM191108C161,2019-11-07,2019-11-07 09:30:26,0.19,0.8636,20,0.17,0.7727,62,0.03,0.1363,5,0.18,0.8181,0,0
IWM191108C161,2019-11-07,2019-11-07 09:30:27,0.19,0.8636,30,0.17,0.7727,256,0.03,0.1363,5,0.18,0.8181,0,0
IWM191108C161,2019-11-07,2019-11-07 09:30:27,0.19,0.8636,30,0.17,0.7727,625,0.03,0.1363,5,0.18,0.8181,0,0
IWM191108C161,2019-11-07,2019-11-07 09:30:28,0.19,0.8636,30,0.17,0.7727,675,0.03,0.1363,5,0.18,0.8181,0,0
IWM191108C161,2019-11-07,2019-11-07 09:30:28,0.19,0.8636,30,0.17,0.7727,303,0.03,0.1363,5,0.18,0.8181,0,0
IWM191108C161,2019-11-07,2019-11-07 09:30:29,0.19,0.8636,30,0.17,0.7727,778,0.03,0.1363,5,0.18,0.8181,0,0
IWM191108C161,2019-11-07,2019-11-07 09:30:30,0.19,0.8636,30,0.17,0.7727,861,0.03,0.1363,5,0.18,0.8181,0,0
IWM191108C161,2019-11-07,2019-11-07 09:30:30,0.19,0.8636,30,0.17,0.7727,778,0.03,0.1363,5,0.18,0.8181,0,0
IWM191108C161,2019-11-07,2019-11-07 09:30:32,0.2,0.909,418,0.18,0.8181,872,0.03,0.1363,5,0.19,0.8636,0,0
IWM191108C161,2019-11-07,2019-11-07 09:30:32,0.2,0.909,352,0.18,0.8181,872,0.03,0.1363,5,0.19,0.8636,0,0
IWM191108C161,2019-11-07,2019-11-07 09:30:33,0.2,0.909,421,0.18,0.8181,864,0.03,0.1363,5,0.19,0.8636,0,0
IWM191108C161,2019-11-07,2019-11-07 09:30:33,0.2,0.909,135,0.19,0.8636,112,0.03,0.1363,5,0.195,0.8863,0,0
IWM191108C161,2019-11-07,2019-11-07 09:30:34,0.22,1.0,127,0.19,0.8636,490,0.03,0.1363,5,0.205,0.9318,0,0
IWM191108C161,2019-11-07,2019-11-07 09:30:34,0.2,0.909,20,0.19,0.8636,656,0.03,0.1363,5,0.195,0.8863,0,0
IWM191108C161,2019-11-07,2019-11-07 09:30:35,0.22,1.0,91,0.2,0.909,679,0.03,0.1363,5,0.21,0.9545,0,0
IWM191108C161,2019-11-07,2019-11-07 09:30:35,0.22,1.0,282,0.2,0.909,362,0.03,0.1363,5,0.21,0.9545,0,0
IWM191108C161,2019-11-07,2019-11-07 09:30:36,0.22,1.0,10,0.2,0.909,788,0.03,0.1363,5,0.21,0.9545,0,0
IWM191108C161,2019-11-07,2019-11-07 09:30:36,0.22,1.0,20,0.2,0.909,705,0.03,0.1363,5,0.21,0.9545,0,0
IWM191108C161,2019-11-07,2019-11-07 09:30:37,0.22,1.0,10,0.2,0.909,788,0.03,0.1363,5,0.21,0.9545,0,0
IWM191108C161,2019-11-07,2019-11-07 09:30:38,0.22,1.0,30,0.2,0.909,303,0.03,0.1363,5,0.21,0.9545,0,0
IWM191108C161,2019-11-07,2019-11-07 09:30:38,0.22,1.0,10,0.2,0.909,190,0.03,0.1363,5,0.21,0.9545,0,0
IWM191108C161,2019-11-07,2019-11-07 09:30:39,0.22,1.0,40,0.2,0.909,293,0.03,0.1363,5,0.21,0.9545,0,0
IWM191108C161,2019-11-07,2019-11-07 09:30:39,0.22,1.0,240,0.19,0.8636,132,0.03,0.1363,5,0.205,0.9318,0,0
IWM191108C161,2019-11-07,2019-11-07 09:30:40,0.2,0.909,244,0.17,0.7727,346,0.03,0.1363,5,0.185,0.8409,0,0
IWM191108C161,2019-11-07,2019-11-07 09:30:40,0.2,0.909,75,0.17,0.7727,101,0.03,0.1363,5,0.185,0.8409,0,0
IWM191108C161,2019-11-07,2019-11-07 09:30:41,0.2,0.909,89,0.17,0.7727,605,0.03,0.1363,5,0.185,0.8409,0,0
IWM191108C161,2019-11-07,2019-11-07 09:30:41,0.2,0.909,20,0.17,0.7727,595,0.03,0.1363,5,0.185,0.8409,0,0
IWM191108C161,2019-11-07,2019-11-07 09:30:42,0.2,0.909,20,0.18,0.8181,20,0.03,0.1363,5,0.19,0.8636,0,0
IWM191108C161,2019-11-07,2019-11-07 09:30:42,0.2,0.909,30,0.18,0.8181,75,0.03,0.1363,5,0.19,0.8636,0,0
IWM191108C161,2019-11-07,2019-11-07 09:30:43,0.2,0.909,30,0.18,0.8181,493,0.03,0.1363,5,0.19,0.8636,0,0
IWM191108C161,2019-11-07,2019-11-07 09:30:44,0.2,0.909,30,0.18,0.8181,493,0.03,0.1363,5,0.19,0.8636,0,0
IWM191108C161,2019-11-07,2019-11-07 09:30:45,0.2,0.909,20,0.18,0.8181,346,0.03,0.1363,5,0.19,0.8636,0,0
IWM191108C161,2019-11-07,2019-11-07 09:30:45,0.2,0.909,20,0.18,0.8181,97,0.03,0.1363,5,0.19,0.8636,0,0
IWM191108C161,2019-11-07,2019-11-07 09:30:46,0.2,0.909,20,0.18,0.8181,321,0.03,0.1363,5,0.19,0.8636,0,0
IWM191108C161,2019-11-07,2019-11-07 09:30:46,0.2,0.909,30,0.18,0.8181,156,0.03,0.1363,5,0.19,0.8636,0,0
IWM191108C161,2019-11-07,2019-11-07 09:30:47,0.2,0.909,30,0.18,0.8181,321,0.03,0.1363,5,0.19,0.8636,0,0
IWM191108C161,2019-11-07,2019-11-07 09:30:47,0.2,0.909,30,0.18,0.8181,56,0.03,0.1363,5,0.19,0.8636,0,0
IWM191108C161,2019-11-07,2019-11-07 09:30:48,0.2,0.909,30,0.18,0.8181,209,0.03,0.1363,5,0.19,0.8636,0,0
IWM191108C161,2019-11-07,2019-11-07 09:30:48,0.2,0.909,30,0.18,0.8181,20,0.03,0.1363,5,0.19,0.8636,0,0
IWM191108C161,2019-11-07,2019-11-07 09:30:49,0.2,0.909,30,0.18,0.8181,629,0.03,0.1363,5,0.19,0.8636,0,0
IWM191108C161,2019-11-07,2019-11-07 09:30:49,0.2,0.909,30,0.18,0.8181,353,0.03,0.1363,5,0.19,0.8636,0,0
IWM191108C161,2019-11-07,2019-11-07 09:30:50,0.2,0.909,120,0.17,0.7727,165,0.03,0.1363,5,0.185,0.8409,0,0
IWM191108C161,2019-11-07,2019-11-07 09:30:50,0.2,0.909,32,0.17,0.7727,100,0.03,0.1363,5,0.185,0.8409,0,0
IWM191108C161,2019-11-07,2019-11-07 09:30:51,0.2,0.909,901,0.17,0.7727,154,0.03,0.1363,5,0.185,0.8409,0,0
IWM191108C161,2019-11-07,2019-11-07 09:30:51,0.2,0.909,529,0.17,0.7727,154,0.03,0.1363,5,0.185,0.8409,0,0
IWM191108C161,2019-11-07,2019-11-07 09:30:52,0.19,0.8636,123,0.17,0.7727,45,0.03,0.1363,5,0.18,0.8181,0,0
IWM191108C161,2019-11-07,2019-11-07 09:30:52,0.19,0.8636,20,0.17,0.7727,223,0.03,0.1363,5,0.18,0.8181,0,0
IWM191108C161,2019-11-07,2019-11-07 09:30:53,0.19,0.8636,123,0.17,0.7727,52,0.03,0.1363,5,0.18,0.8181,0,0
IWM191108C161,2019-11-07,2019-11-07 09:30:53,0.19,0.8636,55,0.17,0.7727,121,0.03,0.1363,5,0.18,0.8181,0,0
IWM191108C161,2019-11-07,2019-11-07 09:30:54,0.19,0.8636,45,0.17,0.7727,174,0.03,0.1363,5,0.18,0.8181,0,0
IWM191108C161,2019-11-07,2019-11-07 09:30:54,0.19,0.8636,45,0.17,0.7727,320,0.03,0.1363,5,0.18,0.8181,0,0
IWM191108C161,2019-11-07,2019-11-07 09:30:55,0.19,0.8636,45,0.17,0.7727,206,0.03,0.1363,5,0.18,0.8181,0,0
IWM191108C161,2019-11-07,2019-11-07 09:30:56,0.19,0.8636,413,0.16,0.7272,240,0.03,0.1363,5,0.175,0.7954,0,0
IWM191108C161,2019-11-07,2019-11-07 09:30:56,0.19,0.8636,45,0.17,0.7727,191,0.03,0.1363,5,0.18,0.8181,0,0
IWM191108C161,2019-11-07,2019-11-07 09:30:57,0.19,0.8636,936,0.16,0.7272,539,0.03,0.1363,5,0.175,0.7954,0,0
IWM191108C161,2019-11-07,2019-11-07 09:30:57,0.19,0.8636,1158,0.16,0.7272,811,0.03,0.1363,5,0.175,0.7954,0,0
IWM191108C161,2019-11-07,2019-11-07 09:30:58,0.19,0.8636,775,0.16,0.7272,586,0.03,0.1363,5,0.175,0.7954,0,0
IWM191108C161,2019-11-07,2019-11-07 09:30:58,0.19,0.8636,1043,0.16,0.7272,811,0.03,0.1363,5,0.175,0.7954,0,0
IWM191108C161,2019-11-07,2019-11-07 09:30:59,0.19,0.8636,165,0.16,0.7272,852,0.03,0.1363,5,0.175,0.7954,0,0
IWM191108C161,2019-11-07,2019-11-07 09:30:59,0.19,0.8636,649,0.16,0.7272,486,0.03,0.1363,5,0.175,0.7954,0,0
IWM191108C161,2019-11-07,2019-11-07 09:31:00,0.19,0.8636,587,0.16,0.7272,681,0.03,0.1363,5,0.175,0.7954,0,0
IWM191108C161,2019-11-07,2019-11-07 09:31:00,0.19,0.8636,565,0.16,0.7272,453,0.03,0.1363,5,0.175,0.7954,0,0
IWM191108C161,2019-11-07,2019-11-07 09:31:01,0.18,0.8181,20,0.16,0.7272,453,0.03,0.1363,5,0.17,0.7727,0,0
IWM191108C161,2019-11-07,2019-11-07 09:31:01,0.19,0.8636,667,0.16,0.7272,453,0.03,0.1363,5,0.175,0.7954,0,0
IWM191108C161,2019-11-07,2019-11-07 09:31:02,0.18,0.8181,20,0.16,0.7272,161,0.03,0.1363,5,0.17,0.7727,0,0
IWM191108C161,2019-11-07,2019-11-07 09:31:02,0.18,0.8181,20,0.16,0.7272,211,0.03,0.1363,5,0.17,0.7727,0,0
IWM191108C161,2019-11-07,2019-11-07 09:31:03,0.19,0.8636,366,0.16,0.7272,330,0.03,0.1363,5,0.175,0.7954,0,0
IWM191108C161,2019-11-07,2019-11-07 09:31:03,0.19,0.8636,606,0.16,0.7272,294,0.03,0.1363,5,0.175,0.7954,0,0
IWM191108C161,2019-11-07,2019-11-07 09:31:04,0.19,0.8636,38,0.16,0.7272,573,0.03,0.1363,5,0.175,0.7954,0,0
IWM191108C161,2019-11-07,2019-11-07 09:31:04,0.19,0.8636,20,0.16,0.7272,330,0.03,0.1363,5,0.175,0.7954,0,0
IWM191108C161,2019-11-07,2019-11-07 09:31:05,0.19,0.8636,38,0.16,0.7272,663,0.03,0.1363,5,0.175,0.7954,0,0
IWM191108C161,2019-11-07,2019-11-07 09:31:06,0.19,0.8636,38,0.16,0.7272,947,0.03,0.1363,5,0.175,0.7954,0,0
IWM191108C161,2019-11-07,2019-11-07 09:31:07,0.2,0.909,20,0.16,0.7272,947,0.03,0.1363,5,0.18,0.8181,0,0
IWM191108C161,2019-11-07,2019-11-07 09:31:08,0.2,0.909,30,0.17,0.7727,512,0.03,0.1363,5,0.185,0.8409,0,0
IWM191108C161,2019-11-07,2019-11-07 09:31:08,0.2,0.909,30,0.17,0.7727,617,0.03,0.1363,5,0.185,0.8409,0,0
IWM191108C161,2019-11-07,2019-11-07 09:31:09,0.2,0.909,20,0.17,0.7727,969,0.03,0.1363,5,0.185,0.8409,0,0
IWM191108C161,2019-11-07,2019-11-07 09:31:09,0.2,0.909,30,0.17,0.7727,537,0.03,0.1363,5,0.185,0.8409,0,0
IWM191108C161,2019-11-07,2019-11-07 09:31:10,0.2,0.909,30,0.18,0.8181,760,0.03,0.1363,5,0.19,0.8636,0,0
IWM191108C161,2019-11-07,2019-11-07 09:31:10,0.2,0.909,30,0.18,0.8181,630,0.03,0.1363,5,0.19,0.8636,0,0
IWM191108C161,2019-11-07,2019-11-07 09:31:11,0.2,0.909,31,0.18,0.8181,520,0.03,0.1363,5,0.19,0.8636,0,0
IWM191108C161,2019-11-07,2019-11-07 09:31:11,0.2,0.909,31,0.18,0.8181,310,0.03,0.1363,5,0.19,0.8636,0,0
IWM191108C161,2019-11-07,2019-11-07 09:31:12,0.2,0.909,31,0.18,0.8181,429,0.03,0.1363,5,0.19,0.8636,0,0
IWM191108C161,2019-11-07,2019-11-07 09:31:12,0.2,0.909,21,0.18,0.8181,286,0.03,0.1363,5,0.19,0.8636,0,0
IWM191108C161,2019-11-07,2019-11-07 09:31:13,0.2,0.909,21,0.18,0.8181,516,0.03,0.1363,5,0.19,0.8636,0,0
IWM191108C161,2019-11-07,2019-11-07 09:31:13,0.2,0.909,31,0.18,0.8181,516,0.03,0.1363,5,0.19,0.8636,0,0
IWM191108C161,2019-11-07,2019-11-07 09:31:14,0.2,0.909,31,0.18,0.8181,516,0.03,0.1363,5,0.19,0.8636,0,0
IWM191108C161,2019-11-07,2019-11-07 09:31:15,0.2,0.909,31,0.18,0.8181,516,0.03,0.1363,5,0.19,0.8636,0,0
IWM191108C161,2019-11-07,2019-11-07 09:31:15,0.2,0.909,21,0.18,0.8181,720,0.03,0.1363,5,0.19,0.8636,0,0
IWM191108C161,2019-11-07,2019-11-07 09:31:16,0.2,0.909,30,0.18,0.8181,810,0.03,0.1363,5,0.19,0.8636,0,0
IWM191108C161,2019-11-07,2019-11-07 09:31:16,0.2,0.909,20,0.18,0.8181,810,0.03,0.1363,5,0.19,0.8636,0,0
IWM191108C161,2019-11-07,2019-11-07 09:31:17,0.21,0.9545,37,0.18,0.8181,890,0.03,0.1363,5,0.195,0.8863,0,0
IWM191108C161,2019-11-07,2019-11-07 09:31:17,0.2,0.909,30,0.18,0.8181,810,0.03,0.1363,5,0.19,0.8636,0,0
IWM191108C161,2019-11-07,2019-11-07 09:31:18,0.21,0.9545,56,0.18,0.8181,810,0.03,0.1363,5,0.195,0.8863,0,0
IWM191108C161,2019-11-07,2019-11-07 09:31:19,0.21,0.9545,381,0.18,0.8181,648,0.03,0.1363,5,0.195,0.8863,0,0
IWM191108C161,2019-11-07,2019-11-07 09:31:19,0.21,0.9545,465,0.18,0.8181,888,0.03,0.1363,5,0.195,0.8863,0,0
IWM191108C161,2019-11-07,2019-11-07 09:31:20,0.21,0.9545,841,0.18,0.8181,464,0.03,0.1363,5,0.195,0.8863,0,0
IWM191108C161,2019-11-07,2019-11-07 09:31:20,0.21,0.9545,437,0.18,0.8181,648,0.03,0.1363,5,0.195,0.8863,0,0
IWM191108C161,2019-11-07,2019-11-07 09:31:21,0.21,0.9545,702,0.18,0.8181,240,0.03,0.1363,5,0.195,0.8863,0,0
IWM191108C161,2019-11-07,2019-11-07 09:31:21,0.21,0.9545,720,0.18,0.8181,240,0.03,0.1363,5,0.195,0.8863,0,0
IWM191108C161,2019-11-07,2019-11-07 09:31:22,0.2,0.909,93,0.18,0.8181,189,0.03,0.1363,5,0.19,0.8636,0,0
IWM191108C161,2019-11-07,2019-11-07 09:31:22,0.21,0.9545,702,0.18,0.8181,250,0.03,0.1363,5,0.195,0.8863,0,0
IWM191108C161,2019-11-07,2019-11-07 09:31:23,0.2,0.909,115,0.18,0.8181,233,0.03,0.1363,5,0.19,0.8636,0,0
IWM191108C161,2019-11-07,2019-11-07 09:31:23,0.2,0.909,93,0.18,0.8181,223,0.03,0.1363,5,0.19,0.8636,0,0
IWM191108C161,2019-11-07,2019-11-07 09:31:24,0.2,0.909,115,0.18,0.8181,701,0.03,0.1363,5,0.19,0.8636,0,0
IWM191108C161,2019-11-07,2019-11-07 09:31:25,0.2,0.909,115,0.18,0.8181,902,0.03,0.1363,5,0.19,0.8636,0,0
IWM191108C161,2019-11-07,2019-11-07 09:31:25,0.2,0.909,92,0.18,0.8181,711,0.03,0.1363,5,0.19,0.8636,0,0
IWM191108C161,2019-11-07,2019-11-07 09:31:26,0.2,0.909,92,0.18,0.8181,711,0.03,0.1363,5,0.19,0.8636,0,0
IWM191108C161,2019-11-07,2019-11-07 09:31:26,0.2,0.909,102,0.18,0.8181,711,0.03,0.1363,5,0.19,0.8636,0,0
IWM191108C161,2019-11-07,2019-11-07 09:31:27,0.2,0.909,102,0.18,0.8181,711,0.03,0.1363,5,0.19,0.8636,0,0
IWM191108C161,2019-11-07,2019-11-07 09:31:27,0.2,0.909,149,0.18,0.8181,103,0.03,0.1363,5,0.19,0.8636,0,0
IWM191108C161,2019-11-07,2019-11-07 09:31:28,0.2,0.909,674,0.17,0.7727,1121,0.03,0.1363,5,0.185,0.8409,0,0
IWM191108C161,2019-11-07,2019-11-07 09:31:28,0.2,0.909,385,0.17,0.7727,673,0.03,0.1363,5,0.185,0.8409,0,0
IWM191108C161,2019-11-07,2019-11-07 09:31:29,0.2,0.909,502,0.17,0.7727,881,0.03,0.1363,5,0.185,0.8409,0,0
IWM191108C161,2019-11-07,2019-11-07 09:31:29,0.2,0.909,675,0.17,0.7727,1121,0.03,0.1363,5,0.185,0.8409,0,0
IWM191108C161,2019-11-07,2019-11-07 09:31:30,0.2,0.909,675,0.17,0.7727,1121,0.03,0.1363,5,0.185,0.8409,0,0
IWM191108C161,2019-11-07,2019-11-07 09:31:31,0.2,0.909,309,0.18,0.8181,640,0.03,0.1363,5,0.19,0.8636,0,0
IWM191108C161,2019-11-07,2019-11-07 09:31:32,0.2,0.909,54,0.18,0.8181,95,0.03,0.1363,5,0.19,0.8636,0,0
IWM191108C161,2019-11-07,2019-11-07 09:31:32,0.2,0.909,63,0.18,0.8181,911,0.03,0.1363,5,0.19,0.8636,0,0
IWM191108C161,2019-11-07,2019-11-07 09:31:33,0.2,0.909,533,0.18,0.8181,447,0.03,0.1363,5,0.19,0.8636,0,0
IWM191108C161,2019-11-07,2019-11-07 09:31:33,0.2,0.909,533,0.18,0.8181,322,0.03,0.1363,5,0.19,0.8636,0,0
IWM191108C161,2019-11-07,2019-11-07 09:31:34,0.2,0.909,509,0.18,0.8181,76,0.03,0.1363,5,0.19,0.8636,0,0
IWM191108C161,2019-11-07,2019-11-07 09:31:34,0.2,0.909,598,0.18,0.8181,40,0.03,0.1363,5,0.19,0.8636,0,0
IWM191108C161,2019-11-07,2019-11-07 09:31:35,0.2,0.909,598,0.18,0.8181,40,0.03,0.1363,5,0.19,0.8636,0,0
IWM191108C161,2019-11-07,2019-11-07 09:31:36,0.2,0.909,38,0.18,0.8181,698,0.03,0.1363,5,0.19,0.8636,0,0
IWM191108C161,2019-11-07,2019-11-07 09:31:36,0.2,0.909,121,0.18,0.8181,351,0.03,0.1363,5,0.19,0.8636,0,0
IWM191108C161,2019-11-07,2019-11-07 09:31:37,0.2,0.909,89,0.17,0.7727,748,0.03,0.1363,5,0.185,0.8409,0,0
IWM191108C161,2019-11-07,2019-11-07 09:31:37,0.19,0.8636,83,0.17,0.7727,730,0.03,0.1363,5,0.18,0.8181,0,0
IWM191108C161,2019-11-07,2019-11-07 09:31:38,0.19,0.8636,27,0.17,0.7727,522,0.03,0.1363,5,0.18,0.8181,0,0
IWM191108C161,2019-11-07,2019-11-07 09:31:38,0.19,0.8636,282,0.17,0.7727,522,0.03,0.1363,5,0.18,0.8181,0,0
IWM191108C161,2019-11-07,2019-11-07 09:31:39,0.19,0.8636,426,0.17,0.7727,186,0.03,0.1363,5,0.18,0.8181,0,0
IWM191108C161,2019-11-07,2019-11-07 09:31:39,0.19,0.8636,43,0.17,0.7727,625,0.03,0.1363,5,0.18,0.8181,0,0
IWM191108C161,2019-11-07,2019-11-07 09:31:40,0.19,0.8636,462,0.17,0.7727,30,0.03,0.1363,5,0.18,0.8181,0,0
IWM191108C161,2019-11-07,2019-11-07 09:31:40,0.19,0.8636,264,0.17,0.7727,154,0.03,0.1363,5,0.18,0.8181,0,0
IWM191108C161,2019-11-07,2019-11-07 09:31:41,0.2,0.909,308,0.17,0.7727,815,0.03,0.1363,5,0.185,0.8409,0,0
IWM191108C161,2019-11-07,2019-11-07 09:31:41,0.19,0.8636,536,0.17,0.7727,240,0.03,0.1363,5,0.18,0.8181,0,0
IWM191108C161,2019-11-07,2019-11-07 09:31:42,0.19,0.8636,12,0.17,0.7727,595,0.03,0.1363,5,0.18,0.8181,0,0
IWM191108C161,2019-11-07,2019-11-07 09:31:42,0.19,0.8636,20,0.17,0.7727,795,0.03,0.1363,5,0.18,0.8181,0,0
IWM191108C161,2019-11-07,2019-11-07 09:31:43,0.19,0.8636,15,0.17,0.7727,795,0.03,0.1363,5,0.18,0.8181,0,0
IWM191108C161,2019-11-07,2019-11-07 09:31:43,0.19,0.8636,104,0.17,0.7727,539,0.03,0.1363,5,0.18,0.8181,0,0
IWM191108C161,2019-11-07,2019-11-07 09:31:44,0.18,0.8181,4,0.17,0.7727,627,0.03,0.1363,5,0.175,0.7954,0,0
IWM191108C161,2019-11-07,2019-11-07 09:31:45,0.18,0.8181,4,0.17,0.7727,680,0.03,0.1363,5,0.175,0.7954,0,0
IWM191108C161,2019-11-07,2019-11-07 09:31:45,0.19,0.8636,94,0.17,0.7727,627,0.03,0.1363,5,0.18,0.8181,0,0
IWM191108C161,2019-11-07,2019-11-07 09:31:46,0.19,0.8636,36,0.17,0.7727,834,0.03,0.1363,5,0.18,0.8181,0,0
IWM191108C161,2019-11-07,2019-11-07 09:31:46,0.19,0.8636,62,0.17,0.7727,1053,0.03,0.1363,5,0.18,0.8181,0,0
IWM191108C161,2019-11-07,2019-11-07 09:31:47,0.19,0.8636,62,0.17,0.7727,719,0.03,0.1363,5,0.18,0.8181,0,0
IWM191108C161,2019-11-07,2019-11-07 09:31:47,0.19,0.8636,35,0.17,0.7727,863,0.03,0.1363,5,0.18,0.8181,0,0
IWM191108C161,2019-11-07,2019-11-07 09:31:48,0.19,0.8636,39,0.17,0.7727,730,0.03,0.1363,5,0.18,0.8181,0,0
IWM191108C161,2019-11-07,2019-11-07 09:31:48,0.19,0.8636,39,0.17,0.7727,863,0.03,0.1363,5,0.18,0.8181,0,0
IWM191108C161,2019-11-07,2019-11-07 09:31:49,0.18,0.8181,7,0.17,0.7727,863,0.03,0.1363,5,0.175,0.7954,0,0
IWM191108C161,2019-11-07,2019-11-07 09:31:49,0.18,0.8181,7,0.17,0.7727,886,0.03,0.1363,5,0.175,0.7954,0,0
IWM191108C161,2019-11-07,2019-11-07 09:31:50,0.18,0.8181,9,0.17,0.7727,886,0.03,0.1363,5,0.175,0.7954,0,0
IWM191108C161,2019-11-07,2019-11-07 09:31:50,0.18,0.8181,18,0.16,0.7272,90,0.03,0.1363,5,0.17,0.7727,0,0
IWM191108C161,2019-11-07,2019-11-07 09:31:51,0.18,0.8181,20,0.17,0.7727,74,0.03,0.1363,5,0.175,0.7954,0,0
IWM191108C161,2019-11-07,2019-11-07 09:31:51,0.18,0.8181,51,0.16,0.7272,621,0.03,0.1363,5,0.17,0.7727,0,0
IWM191108C161,2019-11-07,2019-11-07 09:31:52,0.18,0.8181,10,0.16,0.7272,824,0.03,0.1363,5,0.17,0.7727,0,0
IWM191108C161,2019-11-07,2019-11-07 09:31:52,0.18,0.8181,41,0.16,0.7272,808,0.03,0.1363,5,0.17,0.7727,0,0
IWM191108C161,2019-11-07,2019-11-07 09:31:53,0.19,0.8636,369,0.16,0.7272,669,0.03,0.1363,5,0.175,0.7954,0,0
IWM191108C161,2019-11-07,2019-11-07 09:31:53,0.18,0.8181,10,0.16,0.7272,1222,0.03,0.1363,5,0.17,0.7727,0,0
IWM191108C161,2019-11-07,2019-11-07 09:31:54,0.19,0.8636,255,0.17,0.7727,75,0.03,0.1363,5,0.18,0.8181,0,0
IWM191108C161,2019-11-07,2019-11-07 09:31:54,0.19,0.8636,834,0.17,0.7727,75,0.18,0.8181,1,0.18,0.8181,1,1
IWM191108C161,2019-11-07,2019-11-07 09:31:55,0.19,0.8636,564,0.17,0.7727,358,0.18,0.8181,1,0.18,0.8181,1,0
IWM191108C161,2019-11-07,2019-11-07 09:31:55,0.18,0.8181,23,0.17,0.7727,77,0.18,0.8181,1,0.175,0.7954,1,0
IWM191108C161,2019-11-07,2019-11-07 09:31:56,0.18,0.8181,20,0.17,0.7727,508,0.18,0.8181,1,0.175,0.7954,1,0
IWM191108C161,2019-11-07,2019-11-07 09:31:56,0.18,0.8181,23,0.17,0.7727,77,0.18,0.8181,1,0.175,0.7954,1,0
IWM191108C161,2019-11-07,2019-11-07 09:31:57,0.18,0.8181,28,0.16,0.7272,203,0.18,0.8181,1,0.17,0.7727,1,0
IWM191108C161,2019-11-07,2019-11-07 09:31:57,0.18,0.8181,20,0.17,0.7727,867,0.18,0.8181,1,0.175,0.7954,1,0
IWM191108C161,2019-11-07,2019-11-07 09:31:58,0.18,0.8181,46,0.16,0.7272,617,0.18,0.8181,1,0.17,0.7727,1,0
IWM191108C161,2019-11-07,2019-11-07 09:31:58,0.17,0.7727,18,0.16,0.7272,725,0.18,0.8181,1,0.165,0.75,1,0
IWM191108C161,2019-11-07,2019-11-07 09:31:59,0.17,0.7727,18,0.16,0.7272,955,0.17,0.7727,10,0.165,0.75,11,10
IWM191108C161,2019-11-07,2019-11-07 09:32:00,0.17,0.7727,1,0.16,0.7272,620,0.17,0.7727,10,0.165,0.75,11,0
IWM191108C161,2019-11-07,2019-11-07 09:32:00,0.19,0.8636,247,0.16,0.7272,842,0.17,0.7727,10,0.175,0.7954,11,0
IWM191108C161,2019-11-07,2019-11-07 09:32:01,0.2,0.909,534,0.17,0.7727,531,0.17,0.7727,10,0.185,0.8409,11,0
IWM191108C161,2019-11-07,2019-11-07 09:32:01,0.2,0.909,464,0.17,0.7727,621,0.17,0.7727,10,0.185,0.8409,11,0
IWM191108C161,2019-11-07,2019-11-07 09:32:02,0.2,0.909,480,0.18,0.8181,75,0.17,0.7727,10,0.19,0.8636,11,0
IWM191108C161,2019-11-07,2019-11-07 09:32:02,0.2,0.909,480,0.18,0.8181,10,0.17,0.7727,10,0.19,0.8636,11,0
IWM191108C161,2019-11-07,2019-11-07 09:32:03,0.19,0.8636,10,0.18,0.8181,10,0.17,0.7727,10,0.185,0.8409,11,0
IWM191108C161,2019-11-07,2019-11-07 09:32:03,0.2,0.909,480,0.18,0.8181,10,0.17,0.7727,10,0.19,0.8636,11,0
IWM191108C161,2019-11-07,2019-11-07 09:32:04,0.19,0.8636,10,0.17,0.7727,311,0.17,0.7727,10,0.18,0.8181,11,0
IWM191108C161,2019-11-07,2019-11-07 09:32:04,0.19,0.8636,10,0.17,0.7727,565,0.17,0.7727,10,0.18,0.8181,11,0
IWM191108C161,2019-11-07,2019-11-07 09:32:05,0.19,0.8636,545,0.17,0.7727,175,0.17,0.7727,10,0.18,0.8181,11,0
IWM191108C161,2019-11-07,2019-11-07 09:32:05,0.19,0.8636,100,0.17,0.7727,565,0.17,0.7727,10,0.18,0.8181,11,0
IWM191108C161,2019-11-07,2019-11-07 09:32:06,0.19,0.8636,548,0.17,0.7727,484,0.17,0.7727,10,0.18,0.8181,11,0
IWM191108C161,2019-11-07,2019-11-07 09:32:06,0.19,0.8636,545,0.17,0.7727,175,0.17,0.7727,10,0.18,0.8181,11,0
IWM191108C161,2019-11-07,2019-11-07 09:32:07,0.19,0.8636,317,0.17,0.7727,420,0.17,0.7727,10,0.18,0.8181,11,0
IWM191108C161,2019-11-07,2019-11-07 09:32:07,0.19,0.8636,542,0.17,0.7727,552,0.17,0.7727,10,0.18,0.8181,11,0
IWM191108C161,2019-11-07,2019-11-07 09:32:08,0.19,0.8636,542,0.17,0.7727,440,0.17,0.7727,10,0.18,0.8181,11,0
IWM191108C161,2019-11-07,2019-11-07 09:32:09,0.18,0.8181,23,0.17,0.7727,643,0.17,0.7727,10,0.175,0.7954,11,0
IWM191108C161,2019-11-07,2019-11-07 09:32:10,0.18,0.8181,332,0.16,0.7272,365,0.17,0.7727,10,0.17,0.7727,11,0
IWM191108C161,2019-11-07,2019-11-07 09:32:10,0.18,0.8181,23,0.16,0.7272,172,0.17,0.7727,10,0.17,0.7727,11,0
IWM191108C161,2019-11-07,2019-11-07 09:32:11,0.18,0.8181,574,0.16,0.7272,365,0.17,0.7727,10,0.17,0.7727,11,0
IWM191108C161,2019-11-07,2019-11-07 09:32:12,0.18,0.8181,574,0.16,0.7272,386,0.17,0.7727,10,0.17,0.7727,11,0
IWM191108C161,2019-11-07,2019-11-07 09:32:12,0.18,0.8181,574,0.16,0.7272,365,0.17,0.7727,10,0.17,0.7727,11,0
IWM191108C161,2019-11-07,2019-11-07 09:32:13,0.19,0.8636,289,0.17,0.7727,283,0.17,0.7727,10,0.18,0.8181,11,0
IWM191108C161,2019-11-07,2019-11-07 09:32:13,0.18,0.8181,20,0.16,0.7272,245,0.17,0.7727,10,0.17,0.7727,11,0
IWM191108C161,2019-11-07,2019-11-07 09:32:14,0.18,0.8181,23,0.17,0.7727,157,0.17,0.7727,10,0.175,0.7954,11,0
IWM191108C161,2019-11-07,2019-11-07 09:32:14,0.19,0.8636,581,0.17,0.7727,368,0.17,0.7727,10,0.18,0.8181,11,0
IWM191108C161,2019-11-07,2019-11-07 09:32:15,0.18,0.8181,20,0.17,0.7727,414,0.17,0.7727,10,0.175,0.7954,11,0
IWM191108C161,2019-11-07,2019-11-07 09:32:15,0.18,0.8181,23,0.17,0.7727,169,0.17,0.7727,10,0.175,0.7954,11,0
IWM191108C161,2019-11-07,2019-11-07 09:32:16,0.18,0.8181,31,0.17,0.7727,173,0.17,0.7727,10,0.175,0.7954,11,0
IWM191108C161,2019-11-07,2019-11-07 09:32:16,0.18,0.8181,27,0.16,0.7272,770,0.17,0.7727,10,0.17,0.7727,11,0
IWM191108C161,2019-11-07,2019-11-07 09:32:17,0.18,0.8181,42,0.16,0.7272,648,0.17,0.7727,10,0.17,0.7727,11,0
IWM191108C161,2019-11-07,2019-11-07 09:32:17,0.18,0.8181,31,0.17,0.7727,88,0.17,0.7727,10,0.175,0.7954,11,0
IWM191108C161,2019-11-07,2019-11-07 09:32:18,0.18,0.8181,42,0.16,0.7272,706,0.17,0.7727,10,0.17,0.7727,11,0
IWM191108C161,2019-11-07,2019-11-07 09:32:19,0.18,0.8181,42,0.16,0.7272,797,0.17,0.7727,10,0.17,0.7727,11,0
IWM191108C161,2019-11-07,2019-11-07 09:32:20,0.18,0.8181,182,0.16,0.7272,648,0.17,0.7727,10,0.17,0.7727,11,0
IWM191108C161,2019-11-07,2019-11-07 09:32:21,0.18,0.8181,680,0.16,0.7272,406,0.17,0.7727,10,0.17,0.7727,11,0
IWM191108C161,2019-11-07,2019-11-07 09:32:21,0.18,0.8181,551,0.16,0.7272,406,0.17,0.7727,10,0.17,0.7727,11,0
IWM191108C161,2019-11-07,2019-11-07 09:32:22,0.18,0.8181,351,0.16,0.7272,78,0.17,0.7727,10,0.17,0.7727,11,0
IWM191108C161,2019-11-07,2019-11-07 09:32:22,0.18,0.8181,724,0.16,0.7272,75,0.17,0.7727,10,0.17,0.7727,11,0
IWM191108C161,2019-11-07,2019-11-07 09:32:23,0.18,0.8181,458,0.16,0.7272,283,0.17,0.7727,10,0.17,0.7727,11,0
IWM191108C161,2019-11-07,2019-11-07 09:32:23,0.17,0.7727,3,0.16,0.7272,300,0.17,0.7727,10,0.165,0.75,11,0
IWM191108C161,2019-11-07,2019-11-07 09:32:24,0.18,0.8181,289,0.16,0.7272,426,0.17,0.7727,10,0.17,0.7727,11,0
IWM191108C161,2019-11-07,2019-11-07 09:32:24,0.18,0.8181,452,0.16,0.7272,300,0.17,0.7727,10,0.17,0.7727,11,0
IWM191108C161,2019-11-07,2019-11-07 09:32:25,0.18,0.8181,289,0.16,0.7272,426,0.17,0.7727,10,0.17,0.7727,11,0
IWM191108C161,2019-11-07,2019-11-07 09:32:26,0.18,0.8181,125,0.16,0.7272,426,0.17,0.7727,10,0.17,0.7727,11,0
IWM191108C161,2019-11-07,2019-11-07 09:32:26,0.18,0.8181,337,0.16,0.7272,617,0.17,0.7727,10,0.17,0.7727,11,0
IWM191108C161,2019-11-07,2019-11-07 09:32:27,0.18,0.8181,340,0.16,0.7272,707,0.17,0.7727,10,0.17,0.7727,11,0
IWM191108C161,2019-11-07,2019-11-07 09:32:27,0.18,0.8181,134,0.16,0.7272,597,0.17,0.7727,10,0.17,0.7727,11,0
IWM191108C161,2019-11-07,2019-11-07 09:32:28,0.18,0.8181,134,0.16,0.7272,597,0.17,0.7727,10,0.17,0.7727,11,0
IWM191108C161,2019-11-07,2019-11-07 09:32:28,0.18,0.8181,131,0.16,0.7272,673,0.17,0.7727,10,0.17,0.7727,11,0
IWM191108C161,2019-11-07,2019-11-07 09:32:29,0.18,0.8181,131,0.16,0.7272,673,0.17,0.7727,10,0.17,0.7727,11,0
IWM191108C161,2019-11-07,2019-11-07 09:32:29,0.17,0.7727,23,0.16,0.7272,795,0.17,0.7727,10,0.165,0.75,11,0
IWM191108C161,2019-11-07,2019-11-07 09:32:30,0.17,0.7727,23,0.16,0.7272,784,0.17,0.7727,10,0.165,0.75,11,0
IWM191108C161,2019-11-07,2019-11-07 09:32:30,0.17,0.7727,20,0.16,0.7272,784,0.17,0.7727,10,0.165,0.75,21,10
IWM191108C161,2019-11-07,2019-11-07 09:32:31,0.18,0.8181,953,0.16,0.7272,784,0.17,0.7727,10,0.17,0.7727,21,0
IWM191108C161,2019-11-07,2019-11-07 09:32:31,0.18,0.8181,756,0.16,0.7272,795,0.17,0.7727,10,0.17,0.7727,21,0
IWM191108C161,2019-11-07,2019-11-07 09:32:32,0.18,0.8181,953,0.16,0.7272,784,0.17,0.7727,10,0.17,0.7727,21,0
IWM191108C161,2019-11-07,2019-11-07 09:32:33,0.17,0.7727,23,0.16,0.7272,784,0.17,0.7727,10,0.165,0.75,21,0
IWM191108C161,2019-11-07,2019-11-07 09:32:34,0.18,0.8181,95,0.16,0.7272,690,0.17,0.7727,10,0.17,0.7727,21,0
IWM191108C161,2019-11-07,2019-11-07 09:32:34,0.18,0.8181,84,0.17,0.7727,326,0.17,0.7727,10,0.175,0.7954,21,0
IWM191108C161,2019-11-07,2019-11-07 09:32:35,0.18,0.8181,77,0.17,0.7727,159,0.17,0.7727,10,0.175,0.7954,21,0
IWM191108C161,2019-11-07,2019-11-07 09:32:35,0.18,0.8181,84,0.17,0.7727,326,0.17,0.7727,10,0.175,0.7954,21,0
IWM191108C161,2019-11-07,2019-11-07 09:32:36,0.19,0.8636,122,0.17,0.7727,441,0.17,0.7727,10,0.18,0.8181,21,0
IWM191108C161,2019-11-07,2019-11-07 09:32:36,0.19,0.8636,245,0.17,0.7727,441,0.17,0.7727,10,0.18,0.8181,21,0
IWM191108C161,2019-11-07,2019-11-07 09:32:37,0.19,0.8636,95,0.18,0.8181,374,0.17,0.7727,10,0.185,0.8409,21,0
IWM191108C161,2019-11-07,2019-11-07 09:32:37,0.19,0.8636,101,0.18,0.8181,81,0.17,0.7727,10,0.185,0.8409,21,0
IWM191108C161,2019-11-07,2019-11-07 09:32:38,0.19,0.8636,12,0.18,0.8181,374,0.17,0.7727,10,0.185,0.8409,21,0
IWM191108C161,2019-11-07,2019-11-07 09:32:38,0.19,0.8636,5,0.18,0.8181,630,0.17,0.7727,10,0.185,0.8409,21,0
IWM191108C161,2019-11-07,2019-11-07 09:32:39,0.19,0.8636,12,0.18,0.8181,577,0.17,0.7727,10,0.185,0.8409,21,0
IWM191108C161,2019-11-07,2019-11-07 09:32:40,0.2,0.909,488,0.18,0.8181,420,0.17,0.7727,10,0.19,0.8636,21,0
IWM191108C161,2019-11-07,2019-11-07 09:32:40,0.2,0.909,488,0.18,0.8181,460,0.17,0.7727,10,0.19,0.8636,21,0
IWM191108C161,2019-11-07,2019-11-07 09:32:41,0.2,0.909,684,0.18,0.8181,656,0.17,0.7727,10,0.19,0.8636,21,0
IWM191108C161,2019-11-07,2019-11-07 09:32:41,0.19,0.8636,44,0.18,0.8181,175,0.17,0.7727,10,0.185,0.8409,21,0
IWM191108C161,2019-11-07,2019-11-07 09:32:42,0.19,0.8636,68,0.18,0.8181,175,0.17,0.7727,10,0.185,0.8409,21,0
IWM191108C161,2019-11-07,2019-11-07 09:32:43,0.19,0.8636,140,0.17,0.7727,425,0.17,0.7727,10,0.18,0.8181,21,0
IWM191108C161,2019-11-07,2019-11-07 09:32:43,0.19,0.8636,103,0.17,0.7727,637,0.17,0.7727,10,0.18,0.8181,21,0
IWM191108C161,2019-11-07,2019-11-07 09:32:44,0.18,0.8181,44,0.17,0.7727,425,0.17,0.7727,10,0.175,0.7954,21,0
IWM191108C161,2019-11-07,2019-11-07 09:32:44,0.18,0.8181,93,0.17,0.7727,102,0.17,0.7727,10,0.175,0.7954,21,0
IWM191108C161,2019-11-07,2019-11-07 09:32:45,0.18,0.8181,87,0.17,0.7727,364,0.17,0.7727,10,0.175,0.7954,21,0
IWM191108C161,2019-11-07,2019-11-07 09:32:45,0.18,0.8181,87,0.17,0.7727,113,0.17,0.7727,10,0.175,0.7954,21,0
IWM191108C161,2019-11-07,2019-11-07 09:32:46,0.18,0.8181,87,0.17,0.7727,734,0.17,0.7727,10,0.175,0.7954,21,0
IWM191108C161,2019-11-07,2019-11-07 09:32:46,0.18,0.8181,87,0.17,0.7727,775,0.17,0.7727,10,0.175,0.7954,21,0
IWM191108C161,2019-11-07,2019-11-07 09:32:47,0.18,0.8181,87,0.17,0.7727,761,0.17,0.7727,10,0.175,0.7954,21,0
IWM191108C161,2019-11-07,2019-11-07 09:32:48,0.18,0.8181,87,0.17,0.7727,807,0.17,0.7727,10,0.175,0.7954,21,0
IWM191108C161,2019-11-07,2019-11-07 09:32:49,0.18,0.8181,87,0.17,0.7727,807,0.17,0.7727,10,0.175,0.7954,21,0
IWM191108C161,2019-11-07,2019-11-07 09:32:50,0.18,0.8181,77,0.16,0.7272,513,0.17,0.7727,10,0.17,0.7727,21,0
IWM191108C161,2019-11-07,2019-11-07 09:32:50,0.18,0.8181,110,0.17,0.7727,11,0.17,0.7727,10,0.175,0.7954,21,0
IWM191108C161,2019-11-07,2019-11-07 09:32:51,0.18,0.8181,110,0.17,0.7727,11,0.17,0.7727,10,0.175,0.7954,21,0
IWM191108C161,2019-11-07,2019-11-07 09:32:51,0.18,0.8181,396,0.16,0.7272,710,0.17,0.7727,10,0.17,0.7727,21,0
IWM191108C161,2019-11-07,2019-11-07 09:32:52,0.18,0.8181,179,0.17,0.7727,27,0.17,0.7727,10,0.175,0.7954,21,0
IWM191108C161,2019-11-07,2019-11-07 09:32:52,0.18,0.8181,179,0.17,0.7727,19,0.17,0.7727,10,0.175,0.7954,21,0
IWM191108C161,2019-11-07,2019-11-07 09:32:53,0.18,0.8181,179,0.17,0.7727,60,0.17,0.7727,10,0.175,0.7954,21,0
IWM191108C161,2019-11-07,2019-11-07 09:32:54,0.18,0.8181,179,0.17,0.7727,8,0.17,0.7727,10,0.175,0.7954,21,0
IWM191108C161,2019-11-07,2019-11-07 09:32:54,0.18,0.8181,147,0.17,0.7727,80,0.17,0.7727,10,0.175,0.7954,21,0
IWM191108C161,2019-11-07,2019-11-07 09:32:55,0.18,0.8181,128,0.16,0.7272,750,0.17,0.7727,10,0.17,0.7727,21,0
IWM191108C161,2019-11-07,2019-11-07 09:32:55,0.18,0.8181,147,0.17,0.7727,104,0.17,0.7727,10,0.175,0.7954,21,0
IWM191108C161,2019-11-07,2019-11-07 09:32:56,0.18,0.8181,99,0.16,0.7272,902,0.17,0.7727,10,0.17,0.7727,21,0
IWM191108C161,2019-11-07,2019-11-07 09:32:56,0.18,0.8181,99,0.16,0.7272,1017,0.17,0.7727,10,0.17,0.7727,21,0
IWM191108C161,2019-11-07,2019-11-07 09:32:57,0.18,0.8181,99,0.16,0.7272,902,0.17,0.7727,10,0.17,0.7727,21,0
IWM191108C161,2019-11-07,2019-11-07 09:32:59,0.18,0.8181,99,0.17,0.7727,368,0.17,0.7727,10,0.175,0.7954,21,0
IWM191108C161,2019-11-07,2019-11-07 09:32:59,0.18,0.8181,99,0.17,0.7727,154,0.17,0.7727,10,0.175,0.7954,21,0
IWM191108C161,2019-11-07,2019-11-07 09:33:00,0.19,0.8636,583,0.17,0.7727,450,0.17,0.7727,10,0.18,0.8181,21,0
IWM191108C161,2019-11-07,2019-11-07 09:33:01,0.19,0.8636,84,0.17,0.7727,800,0.17,0.7727,10,0.18,0.8181,21,0
IWM191108C161,2019-11-07,2019-11-07 09:33:02,0.19,0.8636,84,0.17,0.7727,800,0.17,0.7727,10,0.18,0.8181,21,0
IWM191108C161,2019-11-07,2019-11-07 09:33:07,0.2,0.909,175,0.18,0.8181,484,0.17,0.7727,10,0.19,0.8636,21,0
IWM191108C161,2019-11-07,2019-11-07 09:33:10,0.2,0.909,235,0.19,0.8636,19,0.17,0.7727,10,0.195,0.8863,21,0
IWM191108C161,2019-11-07,2019-11-07 09:33:12,0.2,0.909,129,0.19,0.8636,10,0.17,0.7727,10,0.195,0.8863,21,0
IWM191108C161,2019-11-07,2019-11-07 09:33:13,0.2,0.909,89,0.19,0.8636,131,0.17,0.7727,10,0.195,0.8863,21,0
IWM191108C161,2019-11-07,2019-11-07 09:33:14,0.2,0.909,51,0.19,0.8636,208,0.17,0.7727,10,0.195,0.8863,21,0
IWM191108C161,2019-11-07,2019-11-07 09:33:14,0.2,0.909,95,0.19,0.8636,134,0.17,0.7727,10,0.195,0.8863,21,0
IWM191108C161,2019-11-07,2019-11-07 09:33:15,0.2,0.909,95,0.19,0.8636,134,0.17,0.7727,10,0.195,0.8863,21,0
IWM191108C161,2019-11-07,2019-11-07 09:33:16,0.2,0.909,95,0.19,0.8636,134,0.17,0.7727,10,0.195,0.8863,21,0
IWM191108C161,2019-11-07,2019-11-07 09:33:17,0.2,0.909,95,0.19,0.8636,134,0.17,0.7727,10,0.195,0.8863,21,0
IWM191108C161,2019-11-07,2019-11-07 09:33:17,0.2,0.909,95,0.19,0.8636,19,0.17,0.7727,10,0.195,0.8863,21,0
IWM191108C161,2019-11-07,2019-11-07 09:33:18,0.2,0.909,95,0.19,0.8636,19,0.17,0.7727,10,0.195,0.8863,21,0
IWM191108C161,2019-11-07,2019-11-07 09:33:18,0.2,0.909,95,0.19,0.8636,35,0.17,0.7727,10,0.195,0.8863,21,0
IWM191108C161,2019-11-07,2019-11-07 09:33:19,0.2,0.909,95,0.18,0.8181,461,0.17,0.7727,10,0.19,0.8636,21,0
IWM191108C161,2019-11-07,2019-11-07 09:33:20,0.2,0.909,133,0.18,0.8181,546,0.17,0.7727,10,0.19,0.8636,21,0
IWM191108C161,2019-11-07,2019-11-07 09:33:20,0.2,0.909,95,0.18,0.8181,781,0.17,0.7727,10,0.19,0.8636,21,0
IWM191108C161,2019-11-07,2019-11-07 09:33:21,0.2,0.909,107,0.18,0.8181,391,0.17,0.7727,10,0.19,0.8636,21,0
IWM191108C161,2019-11-07,2019-11-07 09:33:21,0.19,0.8636,133,0.18,0.8181,656,0.17,0.7727,10,0.185,0.8409,21,0
IWM191108C161,2019-11-07,2019-11-07 09:33:22,0.19,0.8636,155,0.18,0.8181,732,0.17,0.7727,10,0.185,0.8409,21,0
IWM191108C161,2019-11-07,2019-11-07 09:33:23,0.19,0.8636,41,0.17,0.7727,724,0.17,0.7727,10,0.18,0.8181,21,0
IWM191108C161,2019-11-07,2019-11-07 09:33:23,0.19,0.8636,93,0.17,0.7727,270,0.17,0.7727,10,0.18,0.8181,21,0
IWM191108C161,2019-11-07,2019-11-07 09:33:24,0.19,0.8636,407,0.17,0.7727,794,0.17,0.7727,10,0.18,0.8181,21,0
IWM191108C161,2019-11-07,2019-11-07 09:33:24,0.19,0.8636,146,0.17,0.7727,938,0.17,0.7727,10,0.18,0.8181,21,0
IWM191108C161,2019-11-07,2019-11-07 09:33:25,0.19,0.8636,650,0.17,0.7727,700,0.17,0.7727,10,0.18,0.8181,21,0
IWM191108C161,2019-11-07,2019-11-07 09:33:25,0.18,0.8181,42,0.17,0.7727,143,0.17,0.7727,10,0.175,0.7954,21,0
IWM191108C161,2019-11-07,2019-11-07 09:33:26,0.18,0.8181,42,0.17,0.7727,275,0.17,0.7727,10,0.175,0.7954,21,0
IWM191108C161,2019-11-07,2019-11-07 09:33:26,0.18,0.8181,59,0.16,0.7272,298,0.17,0.7727,10,0.17,0.7727,21,0
IWM191108C161,2019-11-07,2019-11-07 09:33:27,0.18,0.8181,24,0.17,0.7727,784,0.17,0.7727,10,0.175,0.7954,21,0
IWM191108C161,2019-11-07,2019-11-07 09:33:27,0.18,0.8181,27,0.17,0.7727,784,0.17,0.7727,10,0.175,0.7954,21,0
IWM191108C161,2019-11-07,2019-11-07 09:33:28,0.18,0.8181,27,0.17,0.7727,723,0.17,0.7727,10,0.175,0.7954,21,0
IWM191108C161,2019-11-07,2019-11-07 09:33:28,0.18,0.8181,27,0.17,0.7727,784,0.17,0.7727,10,0.175,0.7954,21,0
IWM191108C161,2019-11-07,2019-11-07 09:33:29,0.19,0.8636,95,0.17,0.7727,686,0.17,0.7727,10,0.18,0.8181,21,0
IWM191108C161,2019-11-07,2019-11-07 09:33:29,0.19,0.8636,95,0.17,0.7727,1277,0.17,0.7727,10,0.18,0.8181,21,0
IWM191108C161,2019-11-07,2019-11-07 09:33:30,0.19,0.8636,676,0.17,0.7727,1277,0.17,0.7727,10,0.18,0.8181,21,0
IWM191108C161,2019-11-07,2019-11-07 09:33:30,0.19,0.8636,724,0.17,0.7727,84,0.17,0.7727,10,0.18,0.8181,21,0
IWM191108C161,2019-11-07,2019-11-07 09:33:31,0.19,0.8636,724,0.16,0.7272,1127,0.17,0.7727,10,0.175,0.7954,21,0
IWM191108C161,2019-11-07,2019-11-07 09:33:31,0.18,0.8181,34,0.16,0.7272,1160,0.17,0.7727,10,0.17,0.7727,21,0
IWM191108C161,2019-11-07,2019-11-07 09:33:32,0.18,0.8181,32,0.17,0.7727,116,0.17,0.7727,10,0.175,0.7954,21,0
IWM191108C161,2019-11-07,2019-11-07 09:33:32,0.18,0.8181,23,0.17,0.7727,169,0.17,0.7727,10,0.175,0.7954,21,0
IWM191108C161,2019-11-07,2019-11-07 09:33:33,0.19,0.8636,216,0.17,0.7727,1149,0.17,0.7727,10,0.18,0.8181,21,0
IWM191108C161,2019-11-07,2019-11-07 09:33:33,0.18,0.8181,20,0.17,0.7727,961,0.17,0.7727,10,0.175,0.7954,21,0
IWM191108C161,2019-11-07,2019-11-07 09:33:34,0.19,0.8636,137,0.17,0.7727,1315,0.17,0.7727,10,0.18,0.8181,21,0
IWM191108C161,2019-11-07,2019-11-07 09:33:35,0.19,0.8636,137,0.17,0.7727,1149,0.17,0.7727,10,0.18,0.8181,21,0
IWM191108C161,2019-11-07,2019-11-07 09:33:36,0.19,0.8636,90,0.17,0.7727,1149,0.17,0.7727,10,0.18,0.8181,21,0
IWM191108C161,2019-11-07,2019-11-07 09:33:36,0.19,0.8636,314,0.17,0.7727,1078,0.17,0.7727,10,0.18,0.8181,21,0
IWM191108C161,2019-11-07,2019-11-07 09:33:37,0.18,0.8181,23,0.17,0.7727,1078,0.17,0.7727,10,0.175,0.7954,21,0
IWM191108C161,2019-11-07,2019-11-07 09:33:38,0.18,0.8181,20,0.17,0.7727,1078,0.17,0.7727,10,0.175,0.7954,21,0
IWM191108C161,2019-11-07,2019-11-07 09:33:38,0.18,0.8181,25,0.16,0.7272,665,0.17,0.7727,10,0.17,0.7727,21,0
IWM191108C161,2019-11-07,2019-11-07 09:33:39,0.18,0.8181,41,0.17,0.7727,19,0.17,0.7727,10,0.175,0.7954,21,0
IWM191108C161,2019-11-07,2019-11-07 09:33:39,0.18,0.8181,109,0.16,0.7272,682,0.17,0.7727,10,0.17,0.7727,21,0
IWM191108C161,2019-11-07,2019-11-07 09:33:40,0.18,0.8181,83,0.16,0.7272,846,0.17,0.7727,10,0.17,0.7727,21,0
IWM191108C161,2019-11-07,2019-11-07 09:33:40,0.18,0.8181,416,0.16,0.7272,836,0.17,0.7727,10,0.17,0.7727,21,0
IWM191108C161,2019-11-07,2019-11-07 09:33:41,0.18,0.8181,368,0.16,0.7272,618,0.17,0.7727,10,0.17,0.7727,21,0
IWM191108C161,2019-11-07,2019-11-07 09:33:41,0.18,0.8181,550,0.16,0.7272,663,0.17,0.7727,10,0.17,0.7727,21,0
IWM191108C161,2019-11-07,2019-11-07 09:33:42,0.17,0.7727,9,0.16,0.7272,152,0.17,0.7727,10,0.165,0.75,21,0
IWM191108C161,2019-11-07,2019-11-07 09:33:42,0.18,0.8181,441,0.16,0.7272,595,0.17,0.7727,10,0.17,0.7727,21,0
IWM191108C161,2019-11-07,2019-11-07 09:33:43,0.17,0.7727,9,0.16,0.7272,152,0.17,0.7727,10,0.165,0.75,21,0
IWM191108C161,2019-11-07,2019-11-07 09:33:43,0.17,0.7727,35,0.15,0.6818,780,0.17,0.7727,10,0.16,0.7272,21,0
IWM191108C161,2019-11-07,2019-11-07 09:33:44,0.17,0.7727,56,0.15,0.6818,694,0.17,0.7727,10,0.16,0.7272,21,0
IWM191108C161,2019-11-07,2019-11-07 09:33:44,0.17,0.7727,40,0.15,0.6818,694,0.17,0.7727,10,0.16,0.7272,21,0
IWM191108C161,2019-11-07,2019-11-07 09:33:45,0.17,0.7727,30,0.16,0.7272,114,0.17,0.7727,10,0.165,0.75,21,0
IWM191108C161,2019-11-07,2019-11-07 09:33:45,0.17,0.7727,40,0.15,0.6818,817,0.17,0.7727,10,0.16,0.7272,21,0
IWM191108C161,2019-11-07,2019-11-07 09:33:46,0.17,0.7727,30,0.16,0.7272,556,0.17,0.7727,10,0.165,0.75,21,0
IWM191108C161,2019-11-07,2019-11-07 09:33:47,0.17,0.7727,30,0.16,0.7272,903,0.17,0.7727,10,0.165,0.75,21,0
IWM191108C161,2019-11-07,2019-11-07 09:33:47,0.17,0.7727,30,0.16,0.7272,640,0.17,0.7727,10,0.165,0.75,21,0
IWM191108C161,2019-11-07,2019-11-07 09:33:48,0.17,0.7727,30,0.16,0.7272,368,0.17,0.7727,10,0.165,0.75,21,0
IWM191108C161,2019-11-07,2019-11-07 09:33:48,0.17,0.7727,30,0.16,0.7272,81,0.17,0.7727,10,0.165,0.75,21,0
IWM191108C161,2019-11-07,2019-11-07 09:33:49,0.17,0.7727,466,0.15,0.6818,588,0.17,0.7727,10,0.16,0.7272,21,0
IWM191108C161,2019-11-07,2019-11-07 09:33:49,0.17,0.7727,71,0.15,0.6818,137,0.17,0.7727,10,0.16,0.7272,21,0
IWM191108C161,2019-11-07,2019-11-07 09:33:50,0.17,0.7727,841,0.15,0.6818,450,0.17,0.7727,10,0.16,0.7272,21,0
IWM191108C161,2019-11-07,2019-11-07 09:33:50,0.17,0.7727,850,0.15,0.6818,406,0.17,0.7727,10,0.16,0.7272,21,0
IWM191108C161,2019-11-07,2019-11-07 09:33:51,0.17,0.7727,1236,0.15,0.6818,282,0.17,0.7727,10,0.16,0.7272,21,0
IWM191108C161,2019-11-07,2019-11-07 09:33:51,0.17,0.7727,893,0.15,0.6818,282,0.17,0.7727,10,0.16,0.7272,21,0
IWM191108C161,2019-11-07,2019-11-07 09:33:52,0.17,0.7727,893,0.15,0.6818,556,0.17,0.7727,10,0.16,0.7272,21,0
IWM191108C161,2019-11-07,2019-11-07 09:33:52,0.16,0.7272,10,0.15,0.6818,370,0.17,0.7727,10,0.155,0.7045,21,0
IWM191108C161,2019-11-07,2019-11-07 09:33:53,0.17,0.7727,758,0.16,0.7272,17,0.17,0.7727,10,0.165,0.75,21,0
IWM191108C161,2019-11-07,2019-11-07 09:33:54,0.17,0.7727,442,0.16,0.7272,17,0.17,0.7727,10,0.165,0.75,21,0
IWM191108C161,2019-11-07,2019-11-07 09:33:55,0.17,0.7727,683,0.16,0.7272,17,0.17,0.7727,10,0.165,0.75,21,0
IWM191108C161,2019-11-07,2019-11-07 09:33:55,0.17,0.7727,516,0.16,0.7272,17,0.17,0.7727,10,0.165,0.75,21,0
IWM191108C161,2019-11-07,2019-11-07 09:33:56,0.17,0.7727,516,0.16,0.7272,17,0.17,0.7727,10,0.165,0.75,21,0
IWM191108C161,2019-11-07,2019-11-07 09:33:57,0.17,0.7727,640,0.15,0.6818,431,0.17,0.7727,10,0.16,0.7272,21,0
IWM191108C161,2019-11-07,2019-11-07 09:33:57,0.17,0.7727,682,0.15,0.6818,431,0.17,0.7727,10,0.16,0.7272,21,0
IWM191108C161,2019-11-07,2019-11-07 09:33:58,0.17,0.7727,374,0.15,0.6818,657,0.17,0.7727,10,0.16,0.7272,21,0
IWM191108C161,2019-11-07,2019-11-07 09:33:58,0.17,0.7727,640,0.15,0.6818,431,0.17,0.7727,10,0.16,0.7272,21,0
IWM191108C161,2019-11-07,2019-11-07 09:33:59,0.17,0.7727,533,0.16,0.7272,11,0.17,0.7727,10,0.165,0.75,21,0
IWM191108C161,2019-11-07,2019-11-07 09:33:59,0.17,0.7727,657,0.15,0.6818,1180,0.17,0.7727,10,0.16,0.7272,21,0
IWM191108C161,2019-11-07,2019-11-07 09:34:00,0.17,0.7727,548,0.15,0.6818,274,0.17,0.7727,10,0.16,0.7272,21,0
IWM191108C161,2019-11-07,2019-11-07 09:34:00,0.17,0.7727,854,0.15,0.6818,190,0.17,0.7727,10,0.16,0.7272,21,0
IWM191108C161,2019-11-07,2019-11-07 09:34:01,0.17,0.7727,854,0.15,0.6818,285,0.17,0.7727,10,0.16,0.7272,21,0
IWM191108C161,2019-11-07,2019-11-07 09:34:04,0.17,0.7727,423,0.16,0.7272,14,0.17,0.7727,10,0.165,0.75,21,0
IWM191108C161,2019-11-07,2019-11-07 09:34:04,0.16,0.7272,10,0.15,0.6818,250,0.17,0.7727,10,0.155,0.7045,21,0
IWM191108C161,2019-11-07,2019-11-07 09:34:05,0.17,0.7727,423,0.16,0.7272,14,0.17,0.7727,10,0.165,0.75,21,0
IWM191108C161,2019-11-07,2019-11-07 09:34:05,0.17,0.7727,423,0.16,0.7272,36,0.17,0.7727,10,0.165,0.75,21,0
IWM191108C161,2019-11-07,2019-11-07 09:34:06,0.17,0.7727,547,0.16,0.7272,27,0.17,0.7727,10,0.165,0.75,21,0
IWM191108C161,2019-11-07,2019-11-07 09:34:07,0.17,0.7727,232,0.16,0.7272,102,0.17,0.7727,10,0.165,0.75,21,0
IWM191108C161,2019-11-07,2019-11-07 09:34:08,0.17,0.7727,232,0.16,0.7272,102,0.17,0.7727,10,0.165,0.75,21,0
IWM191108C161,2019-11-07,2019-11-07 09:34:08,0.17,0.7727,422,0.15,0.6818,1244,0.17,0.7727,10,0.16,0.7272,21,0
IWM191108C161,2019-11-07,2019-11-07 09:34:09,0.17,0.7727,644,0.15,0.6818,766,0.17,0.7727,10,0.16,0.7272,21,0
IWM191108C161,2019-11-07,2019-11-07 09:34:09,0.17,0.7727,421,0.15,0.6818,1054,0.17,0.7727,10,0.16,0.7272,21,0
IWM191108C161,2019-11-07,2019-11-07 09:34:10,0.16,0.7272,30,0.15,0.6818,466,0.17,0.7727,10,0.155,0.7045,21,0
IWM191108C161,2019-11-07,2019-11-07 09:34:10,0.16,0.7272,43,0.15,0.6818,86,0.17,0.7727,10,0.155,0.7045,21,0
IWM191108C161,2019-11-07,2019-11-07 09:34:11,0.16,0.7272,30,0.15,0.6818,315,0.17,0.7727,10,0.155,0.7045,21,0
IWM191108C161,2019-11-07,2019-11-07 09:34:11,0.16,0.7272,30,0.15,0.6818,523,0.17,0.7727,10,0.155,0.7045,21,0
IWM191108C161,2019-11-07,2019-11-07 09:34:12,0.16,0.7272,30,0.15,0.6818,315,0.17,0.7727,10,0.155,0.7045,21,0
IWM191108C161,2019-11-07,2019-11-07 09:34:12,0.16,0.7272,98,0.14,0.6363,221,0.17,0.7727,10,0.15,0.6818,21,0
IWM191108C161,2019-11-07,2019-11-07 09:34:13,0.16,0.7272,53,0.14,0.6363,221,0.17,0.7727,10,0.15,0.6818,21,0
IWM191108C161,2019-11-07,2019-11-07 09:34:13,0.16,0.7272,115,0.14,0.6363,221,0.17,0.7727,10,0.15,0.6818,21,0
IWM191108C161,2019-11-07,2019-11-07 09:34:14,0.16,0.7272,53,0.15,0.6818,333,0.17,0.7727,10,0.155,0.7045,21,0
IWM191108C161,2019-11-07,2019-11-07 09:34:15,0.16,0.7272,30,0.15,0.6818,768,0.17,0.7727,10,0.155,0.7045,21,0
IWM191108C161,2019-11-07,2019-11-07 09:34:15,0.16,0.7272,30,0.15,0.6818,610,0.17,0.7727,10,0.155,0.7045,21,0
IWM191108C161,2019-11-07,2019-11-07 09:34:16,0.16,0.7272,30,0.15,0.6818,411,0.17,0.7727,10,0.155,0.7045,21,0
IWM191108C161,2019-11-07,2019-11-07 09:34:16,0.16,0.7272,125,0.15,0.6818,411,0.17,0.7727,10,0.155,0.7045,21,0
IWM191108C161,2019-11-07,2019-11-07 09:34:17,0.16,0.7272,30,0.15,0.6818,685,0.17,0.7727,10,0.155,0.7045,21,0
IWM191108C161,2019-11-07,2019-11-07 09:34:17,0.17,0.7727,379,0.15,0.6818,661,0.17,0.7727,10,0.16,0.7272,21,0
IWM191108C161,2019-11-07,2019-11-07 09:34:18,0.17,0.7727,501,0.15,0.6818,1165,0.17,0.7727,10,0.16,0.7272,21,0
IWM191108C161,2019-11-07,2019-11-07 09:34:19,0.17,0.7727,501,0.15,0.6818,1165,0.17,0.7727,10,0.16,0.7272,21,0
IWM191108C161,2019-11-07,2019-11-07 09:34:20,0.17,0.7727,501,0.15,0.6818,1165,0.17,0.7727,10,0.16,0.7272,21,0
IWM191108C161,2019-11-07,2019-11-07 09:34:21,0.17,0.7727,251,0.15,0.6818,1228,0.17,0.7727,10,0.16,0.7272,21,0
IWM191108C161,2019-11-07,2019-11-07 09:34:22,0.17,0.7727,251,0.15,0.6818,1228,0.17,0.7727,10,0.16,0.7272,21,0
IWM191108C161,2019-11-07,2019-11-07 09:34:23,0.17,0.7727,251,0.16,0.7272,99,0.17,0.7727,10,0.165,0.75,21,0
IWM191108C161,2019-11-07,2019-11-07 09:34:23,0.17,0.7727,251,0.16,0.7272,982,0.17,0.7727,10,0.165,0.75,21,0
IWM191108C161,2019-11-07,2019-11-07 09:34:24,0.17,0.7727,251,0.16,0.7272,87,0.17,0.7727,10,0.165,0.75,21,0
IWM191108C161,2019-11-07,2019-11-07 09:34:24,0.17,0.7727,257,0.15,0.6818,1128,0.17,0.7727,10,0.16,0.7272,21,0
IWM191108C161,2019-11-07,2019-11-07 09:34:25,0.17,0.7727,98,0.16,0.7272,87,0.17,0.7727,10,0.165,0.75,21,0
IWM191108C161,2019-11-07,2019-11-07 09:34:25,0.17,0.7727,165,0.15,0.6818,1241,0.17,0.7727,10,0.16,0.7272,21,0
IWM191108C161,2019-11-07,2019-11-07 09:34:26,0.17,0.7727,116,0.16,0.7272,87,0.17,0.7727,10,0.165,0.75,21,0
IWM191108C161,2019-11-07,2019-11-07 09:34:27,0.17,0.7727,366,0.16,0.7272,87,0.17,0.7727,10,0.165,0.75,21,0
IWM191108C161,2019-11-07,2019-11-07 09:34:27,0.17,0.7727,674,0.15,0.6818,691,0.17,0.7727,10,0.16,0.7272,21,0
IWM191108C161,2019-11-07,2019-11-07 09:34:28,0.17,0.7727,359,0.16,0.7272,194,0.17,0.7727,10,0.165,0.75,21,0
IWM191108C161,2019-11-07,2019-11-07 09:34:28,0.17,0.7727,609,0.15,0.6818,859,0.17,0.7727,10,0.16,0.7272,21,0
IWM191108C161,2019-11-07,2019-11-07 09:34:29,0.17,0.7727,44,0.16,0.7272,729,0.17,0.7727,10,0.165,0.75,21,0
IWM191108C161,2019-11-07,2019-11-07 09:34:29,0.17,0.7727,44,0.16,0.7272,730,0.17,0.7727,10,0.165,0.75,21,0
IWM191108C161,2019-11-07,2019-11-07 09:34:30,0.17,0.7727,44,0.16,0.7272,839,0.17,0.7727,10,0.165,0.75,21,0
IWM191108C161,2019-11-07,2019-11-07 09:34:31,0.17,0.7727,44,0.16,0.7272,1136,0.17,0.7727,10,0.165,0.75,21,0
IWM191108C161,2019-11-07,2019-11-07 09:34:32,0.17,0.7727,44,0.16,0.7272,1137,0.17,0.7727,10,0.165,0.75,21,0
IWM191108C161,2019-11-07,2019-11-07 09:34:33,0.17,0.7727,44,0.16,0.7272,1137,0.17,0.7727,10,0.165,0.75,21,0
IWM191108C161,2019-11-07,2019-11-07 09:34:34,0.17,0.7727,44,0.16,0.7272,1137,0.17,0.7727,10,0.165,0.75,21,0
IWM191108C161,2019-11-07,2019-11-07 09:34:35,0.17,0.7727,44,0.16,0.7272,1137,0.17,0.7727,10,0.165,0.75,31,10
IWM191108C161,2019-11-07,2019-11-07 09:34:35,0.17,0.7727,44,0.16,0.7272,1137,0.17,0.7727,10,0.165,0.75,21,0
IWM191108C161,2019-11-07,2019-11-07 09:34:36,0.17,0.7727,44,0.16,0.7272,1114,0.17,0.7727,10,0.165,0.75,31,0
IWM191108C161,2019-11-07,2019-11-07 09:34:36,0.17,0.7727,44,0.16,0.7272,1137,0.17,0.7727,10,0.165,0.75,31,0
IWM191108C161,2019-11-07,2019-11-07 09:34:37,0.17,0.7727,44,0.16,0.7272,1414,0.17,0.7727,10,0.165,0.75,31,0
IWM191108C161,2019-11-07,2019-11-07 09:34:37,0.17,0.7727,44,0.16,0.7272,1114,0.17,0.7727,10,0.165,0.75,31,0
IWM191108C161,2019-11-07,2019-11-07 09:34:38,0.17,0.7727,44,0.16,0.7272,1114,0.17,0.7727,10,0.165,0.75,31,0
IWM191108C161,2019-11-07,2019-11-07 09:34:39,0.18,0.8181,81,0.17,0.7727,621,0.17,0.7727,10,0.175,0.7954,31,0
IWM191108C161,2019-11-07,2019-11-07 09:34:40,0.18,0.8181,93,0.17,0.7727,849,0.17,0.7727,10,0.175,0.7954,31,0
IWM191108C161,2019-11-07,2019-11-07 09:34:41,0.18,0.8181,521,0.16,0.7272,988,0.17,0.7727,10,0.17,0.7727,31,0
IWM191108C161,2019-11-07,2019-11-07 09:34:41,0.18,0.8181,86,0.17,0.7727,46,0.17,0.7727,10,0.175,0.7954,31,0
IWM191108C161,2019-11-07,2019-11-07 09:34:42,0.18,0.8181,564,0.16,0.7272,868,0.17,0.7727,10,0.17,0.7727,31,0
IWM191108C161,2019-11-07,2019-11-07 09:34:43,0.17,0.7727,44,0.16,0.7272,146,0.17,0.7727,10,0.165,0.75,31,0
IWM191108C161,2019-11-07,2019-11-07 09:34:43,0.17,0.7727,99,0.16,0.7272,157,0.17,0.7727,10,0.165,0.75,31,0
IWM191108C161,2019-11-07,2019-11-07 09:34:44,0.17,0.7727,117,0.16,0.7272,248,0.17,0.7727,10,0.165,0.75,31,0
IWM191108C161,2019-11-07,2019-11-07 09:34:44,0.17,0.7727,117,0.16,0.7272,157,0.17,0.7727,10,0.165,0.75,31,0
IWM191108C161,2019-11-07,2019-11-07 09:34:45,0.17,0.7727,77,0.16,0.7272,766,0.17,0.7727,10,0.165,0.75,31,0
IWM191108C161,2019-11-07,2019-11-07 09:34:45,0.17,0.7727,67,0.16,0.7272,809,0.17,0.7727,10,0.165,0.75,31,0
IWM191108C161,2019-11-07,2019-11-07 09:34:46,0.17,0.7727,77,0.16,0.7272,766,0.17,0.7727,10,0.165,0.75,31,0
IWM191108C161,2019-11-07,2019-11-07 09:34:46,0.17,0.7727,96,0.16,0.7272,766,0.17,0.7727,10,0.165,0.75,31,0
IWM191108C161,2019-11-07,2019-11-07 09:34:47,0.17,0.7727,168,0.16,0.7272,32,0.17,0.7727,10,0.165,0.75,31,0
IWM191108C161,2019-11-07,2019-11-07 09:34:47,0.17,0.7727,168,0.16,0.7272,766,0.17,0.7727,10,0.165,0.75,31,0
IWM191108C161,2019-11-07,2019-11-07 09:34:48,0.17,0.7727,565,0.15,0.6818,666,0.17,0.7727,10,0.16,0.7272,31,0
IWM191108C161,2019-11-07,2019-11-07 09:34:48,0.17,0.7727,198,0.16,0.7272,32,0.17,0.7727,10,0.165,0.75,31,0
IWM191108C161,2019-11-07,2019-11-07 09:34:49,0.17,0.7727,662,0.15,0.6818,880,0.17,0.7727,10,0.16,0.7272,31,0
IWM191108C161,2019-11-07,2019-11-07 09:34:50,0.17,0.7727,73,0.16,0.7272,75,0.17,0.7727,10,0.165,0.75,31,0
IWM191108C161,2019-11-07,2019-11-07 09:34:50,0.17,0.7727,751,0.15,0.6818,961,0.17,0.7727,10,0.16,0.7272,31,0
IWM191108C161,2019-11-07,2019-11-07 09:34:51,0.17,0.7727,73,0.16,0.7272,469,0.17,0.7727,10,0.165,0.75,31,0
IWM191108C161,2019-11-07,2019-11-07 09:34:51,0.17,0.7727,67,0.16,0.7272,440,0.17,0.7727,10,0.165,0.75,31,0
IWM191108C161,2019-11-07,2019-11-07 09:34:52,0.17,0.7727,44,0.16,0.7272,450,0.17,0.7727,10,0.165,0.75,31,0
IWM191108C161,2019-11-07,2019-11-07 09:34:52,0.17,0.7727,44,0.16,0.7272,835,0.17,0.7727,10,0.165,0.75,31,0
IWM191108C161,2019-11-07,2019-11-07 09:34:53,0.17,0.7727,44,0.16,0.7272,862,0.17,0.7727,10,0.165,0.75,31,0
IWM191108C161,2019-11-07,2019-11-07 09:34:53,0.17,0.7727,44,0.16,0.7272,852,0.17,0.7727,10,0.165,0.75,31,0
IWM191108C161,2019-11-07,2019-11-07 09:34:54,0.17,0.7727,44,0.16,0.7272,1073,0.17,0.7727,10,0.165,0.75,42,0
IWM191108C161,2019-11-07,2019-11-07 09:34:54,0.17,0.7727,44,0.16,0.7272,1373,0.17,0.7727,10,0.165,0.75,42,11
IWM191108C161,2019-11-07,2019-11-07 09:34:55,0.17,0.7727,44,0.16,0.7272,1073,0.17,0.7727,10,0.165,0.75,42,0
IWM191108C161,2019-11-07,2019-11-07 09:34:55,0.17,0.7727,44,0.16,0.7272,1266,0.17,0.7727,10,0.165,0.75,42,0
IWM191108C161,2019-11-07,2019-11-07 09:34:56,0.17,0.7727,53,0.16,0.7272,704,0.17,0.7727,10,0.165,0.75,42,0
IWM191108C161,2019-11-07,2019-11-07 09:34:56,0.17,0.7727,65,0.16,0.7272,914,0.17,0.7727,10,0.165,0.75,42,0
IWM191108C161,2019-11-07,2019-11-07 09:34:57,0.17,0.7727,44,0.16,0.7272,982,0.17,0.7727,10,0.165,0.75,42,0
IWM191108C161,2019-11-07,2019-11-07 09:34:58,0.17,0.7727,44,0.16,0.7272,991,0.17,0.7727,10,0.165,0.75,42,0
IWM191108C161,2019-11-07,2019-11-07 09:34:58,0.17,0.7727,44,0.16,0.7272,982,0.17,0.7727,10,0.165,0.75,42,0
IWM191108C161,2019-11-07,2019-11-07 09:34:59,0.17,0.7727,44,0.16,0.7272,991,0.17,0.7727,10,0.165,0.75,42,0
IWM191108C161,2019-11-07,2019-11-07 09:35:00,0.17,0.7727,44,0.16,0.7272,1229,0.17,0.7727,10,0.165,0.75,42,0
IWM191108C161,2019-11-07,2019-11-07 09:35:00,0.17,0.7727,65,0.16,0.7272,991,0.17,0.7727,10,0.165,0.75,42,0
IWM191108C161,2019-11-07,2019-11-07 09:35:01,0.18,0.8181,72,0.17,0.7727,159,0.17,0.7727,10,0.175,0.7954,42,0
IWM191108C161,2019-11-07,2019-11-07 09:35:02,0.19,0.8636,808,0.17,0.7727,672,0.17,0.7727,10,0.18,0.8181,42,0
IWM191108C161,2019-11-07,2019-11-07 09:35:02,0.18,0.8181,10,0.17,0.7727,587,0.17,0.7727,10,0.175,0.7954,42,0
IWM191108C161,2019-11-07,2019-11-07 09:35:03,0.19,0.8636,294,0.17,0.7727,747,0.17,0.7727,10,0.18,0.8181,42,0
IWM191108C161,2019-11-07,2019-11-07 09:35:03,0.19,0.8636,539,0.17,0.7727,747,0.17,0.7727,10,0.18,0.8181,42,0
IWM191108C161,2019-11-07,2019-11-07 09:35:04,0.19,0.8636,892,0.17,0.7727,876,0.17,0.7727,10,0.18,0.8181,42,0
IWM191108C161,2019-11-07,2019-11-07 09:35:04,0.19,0.8636,1089,0.17,0.7727,753,0.17,0.7727,10,0.18,0.8181,42,0
IWM191108C161,2019-11-07,2019-11-07 09:35:05,0.19,0.8636,985,0.17,0.7727,995,0.17,0.7727,10,0.18,0.8181,42,0
IWM191108C161,2019-11-07,2019-11-07 09:35:05,0.19,0.8636,750,0.17,0.7727,876,0.17,0.7727,10,0.18,0.8181,42,0
IWM191108C161,2019-11-07,2019-11-07 09:35:06,0.19,0.8636,750,0.17,0.7727,876,0.17,0.7727,10,0.18,0.8181,42,0
IWM191108C161,2019-11-07,2019-11-07 09:35:06,0.19,0.8636,750,0.17,0.7727,865,0.17,0.7727,10,0.18,0.8181,42,0
IWM191108C161,2019-11-07,2019-11-07 09:35:07,0.19,0.8636,750,0.17,0.7727,876,0.17,0.7727,10,0.18,0.8181,42,0
IWM191108C161,2019-11-07,2019-11-07 09:35:07,0.19,0.8636,870,0.17,0.7727,1079,0.17,0.7727,10,0.18,0.8181,42,0
IWM191108C161,2019-11-07,2019-11-07 09:35:08,0.18,0.8181,146,0.16,0.7272,409,0.17,0.7727,10,0.17,0.7727,42,0
IWM191108C161,2019-11-07,2019-11-07 09:35:08,0.18,0.8181,465,0.16,0.7272,837,0.17,0.7727,10,0.17,0.7727,42,0
IWM191108C161,2019-11-07,2019-11-07 09:35:09,0.18,0.8181,641,0.16,0.7272,660,0.17,0.7727,10,0.17,0.7727,42,0
IWM191108C161,2019-11-07,2019-11-07 09:35:09,0.18,0.8181,465,0.16,0.7272,837,0.17,0.7727,10,0.17,0.7727,42,0
IWM191108C161,2019-11-07,2019-11-07 09:35:10,0.18,0.8181,1079,0.16,0.7272,713,0.17,0.7727,10,0.17,0.7727,42,0
IWM191108C161,2019-11-07,2019-11-07 09:35:10,0.18,0.8181,1134,0.16,0.7272,796,0.17,0.7727,10,0.17,0.7727,42,0
IWM191108C161,2019-11-07,2019-11-07 09:35:11,0.18,0.8181,889,0.16,0.7272,1062,0.17,0.7727,10,0.17,0.7727,42,0
IWM191108C161,2019-11-07,2019-11-07 09:35:11,0.18,0.8181,1134,0.16,0.7272,1068,0.17,0.7727,10,0.17,0.7727,42,0
IWM191108C161,2019-11-07,2019-11-07 09:35:12,0.18,0.8181,687,0.17,0.7727,17,0.17,0.7727,10,0.175,0.7954,42,0
IWM191108C161,2019-11-07,2019-11-07 09:35:12,0.18,0.8181,507,0.17,0.7727,22,0.17,0.7727,10,0.175,0.7954,42,0
IWM191108C161,2019-11-07,2019-11-07 09:35:13,0.18,0.8181,124,0.17,0.7727,263,0.17,0.7727,10,0.175,0.7954,42,0
IWM191108C161,2019-11-07,2019-11-07 09:35:13,0.18,0.8181,89,0.17,0.7727,102,0.17,0.7727,10,0.175,0.7954,42,0
IWM191108C161,2019-11-07,2019-11-07 09:35:14,0.18,0.8181,89,0.17,0.7727,756,0.17,0.7727,10,0.175,0.7954,42,0
IWM191108C161,2019-11-07,2019-11-07 09:35:15,0.18,0.8181,89,0.17,0.7727,726,0.17,0.7727,10,0.175,0.7954,42,0
IWM191108C161,2019-11-07,2019-11-07 09:35:16,0.18,0.8181,89,0.17,0.7727,726,0.17,0.7727,10,0.175,0.7954,42,0
IWM191108C161,2019-11-07,2019-11-07 09:35:16,0.18,0.8181,89,0.17,0.7727,440,0.17,0.7727,10,0.175,0.7954,42,0
IWM191108C161,2019-11-07,2019-11-07 09:35:17,0.18,0.8181,89,0.17,0.7727,709,0.17,0.7727,10,0.175,0.7954,42,0
IWM191108C161,2019-11-07,2019-11-07 09:35:17,0.18,0.8181,89,0.17,0.7727,668,0.17,0.7727,10,0.175,0.7954,42,0
IWM191108C161,2019-11-07,2019-11-07 09:35:18,0.18,0.8181,89,0.17,0.7727,831,0.17,0.7727,10,0.175,0.7954,42,0
IWM191108C161,2019-11-07,2019-11-07 09:35:18,0.18,0.8181,89,0.17,0.7727,933,0.17,0.7727,10,0.175,0.7954,42,0
IWM191108C161,2019-11-07,2019-11-07 09:35:19,0.19,0.8636,910,0.17,0.7727,1022,0.17,0.7727,10,0.18,0.8181,42,0
IWM191108C161,2019-11-07,2019-11-07 09:35:19,0.18,0.8181,89,0.17,0.7727,831,0.17,0.7727,10,0.175,0.7954,42,0
IWM191108C161,2019-11-07,2019-11-07 09:35:20,0.19,0.8636,998,0.17,0.7727,1015,0.17,0.7727,10,0.18,0.8181,42,0
IWM191108C161,2019-11-07,2019-11-07 09:35:20,0.18,0.8181,40,0.17,0.7727,89,0.17,0.7727,10,0.175,0.7954,42,0
IWM191108C161,2019-11-07,2019-11-07 09:35:21,0.18,0.8181,30,0.17,0.7727,507,0.17,0.7727,10,0.175,0.7954,42,0
IWM191108C161,2019-11-07,2019-11-07 09:35:21,0.18,0.8181,30,0.17,0.7727,123,0.17,0.7727,10,0.175,0.7954,42,0
IWM191108C161,2019-11-07,2019-11-07 09:35:22,0.18,0.8181,30,0.17,0.7727,601,0.17,0.7727,10,0.175,0.7954,42,0
IWM191108C161,2019-11-07,2019-11-07 09:35:23,0.19,0.8636,706,0.17,0.7727,358,0.17,0.7727,10,0.18,0.8181,42,0
IWM191108C161,2019-11-07,2019-11-07 09:35:23,0.19,0.8636,1048,0.17,0.7727,248,0.17,0.7727,10,0.18,0.8181,42,0
IWM191108C161,2019-11-07,2019-11-07 09:35:24,0.19,0.8636,1130,0.17,0.7727,302,0.17,0.7727,10,0.18,0.8181,42,0
IWM191108C161,2019-11-07,2019-11-07 09:35:25,0.19,0.8636,768,0.17,0.7727,501,0.17,0.7727,10,0.18,0.8181,42,0
IWM191108C161,2019-11-07,2019-11-07 09:35:25,0.19,0.8636,944,0.17,0.7727,848,0.17,0.7727,10,0.18,0.8181,42,0
IWM191108C161,2019-11-07,2019-11-07 09:35:26,0.19,0.8636,880,0.18,0.8181,33,0.17,0.7727,10,0.185,0.8409,42,0
IWM191108C161,2019-11-07,2019-11-07 09:35:26,0.19,0.8636,768,0.17,0.7727,703,0.17,0.7727,10,0.18,0.8181,42,0
IWM191108C161,2019-11-07,2019-11-07 09:35:27,0.19,0.8636,52,0.17,0.7727,730,0.17,0.7727,10,0.18,0.8181,42,0
IWM191108C161,2019-11-07,2019-11-07 09:35:27,0.19,0.8636,722,0.17,0.7727,730,0.17,0.7727,10,0.18,0.8181,42,0
IWM191108C161,2019-11-07,2019-11-07 09:35:28,0.19,0.8636,44,0.18,0.8181,125,0.17,0.7727,10,0.185,0.8409,42,0
IWM191108C161,2019-11-07,2019-11-07 09:35:28,0.19,0.8636,76,0.18,0.8181,125,0.17,0.7727,10,0.185,0.8409,42,0
IWM191108C161,2019-11-07,2019-11-07 09:35:29,0.19,0.8636,44,0.18,0.8181,125,0.17,0.7727,10,0.185,0.8409,42,0
IWM191108C161,2019-11-07,2019-11-07 09:35:30,0.19,0.8636,69,0.18,0.8181,125,0.17,0.7727,10,0.185,0.8409,42,0
IWM191108C161,2019-11-07,2019-11-07 09:35:30,0.19,0.8636,69,0.18,0.8181,517,0.17,0.7727,10,0.185,0.8409,42,0
IWM191108C161,2019-11-07,2019-11-07 09:35:31,0.19,0.8636,69,0.18,0.8181,435,0.17,0.7727,10,0.185,0.8409,42,0
IWM191108C161,2019-11-07,2019-11-07 09:35:32,0.19,0.8636,69,0.18,0.8181,114,0.17,0.7727,10,0.185,0.8409,42,0
IWM191108C161,2019-11-07,2019-11-07 09:35:32,0.19,0.8636,69,0.18,0.8181,435,0.17,0.7727,10,0.185,0.8409,42,0
IWM191108C161,2019-11-07,2019-11-07 09:35:33,0.19,0.8636,133,0.18,0.8181,114,0.17,0.7727,10,0.185,0.8409,42,0
IWM191108C161,2019-11-07,2019-11-07 09:35:34,0.19,0.8636,147,0.18,0.8181,395,0.17,0.7727,10,0.185,0.8409,42,0
IWM191108C161,2019-11-07,2019-11-07 09:35:34,0.19,0.8636,149,0.18,0.8181,300,0.17,0.7727,10,0.185,0.8409,42,0
IWM191108C161,2019-11-07,2019-11-07 09:35:35,0.19,0.8636,106,0.18,0.8181,271,0.17,0.7727,10,0.185,0.8409,42,0
IWM191108C161,2019-11-07,2019-11-07 09:35:35,0.19,0.8636,106,0.18,0.8181,828,0.17,0.7727,10,0.185,0.8409,42,0
IWM191108C161,2019-11-07,2019-11-07 09:35:36,0.19,0.8636,106,0.18,0.8181,828,0.17,0.7727,10,0.185,0.8409,42,0
IWM191108C161,2019-11-07,2019-11-07 09:35:36,0.19,0.8636,44,0.18,0.8181,828,0.17,0.7727,10,0.185,0.8409,42,0
IWM191108C161,2019-11-07,2019-11-07 09:35:37,0.19,0.8636,84,0.18,0.8181,786,0.17,0.7727,10,0.185,0.8409,42,0
IWM191108C161,2019-11-07,2019-11-07 09:35:37,0.19,0.8636,84,0.18,0.8181,823,0.17,0.7727,10,0.185,0.8409,42,0
IWM191108C161,2019-11-07,2019-11-07 09:35:38,0.19,0.8636,84,0.18,0.8181,786,0.17,0.7727,10,0.185,0.8409,42,0
IWM191108C161,2019-11-07,2019-11-07 09:35:39,0.19,0.8636,84,0.18,0.8181,676,0.17,0.7727,10,0.185,0.8409,42,0
IWM191108C161,2019-11-07,2019-11-07 09:35:39,0.19,0.8636,84,0.18,0.8181,984,0.17,0.7727,10,0.185,0.8409,42,0
IWM191108C161,2019-11-07,2019-11-07 09:35:40,0.19,0.8636,84,0.18,0.8181,673,0.17,0.7727,10,0.185,0.8409,42,0
IWM191108C161,2019-11-07,2019-11-07 09:35:40,0.19,0.8636,84,0.18,0.8181,984,0.17,0.7727,10,0.185,0.8409,42,0
IWM191108C161,2019-11-07,2019-11-07 09:35:41,0.19,0.8636,87,0.18,0.8181,768,0.17,0.7727,10,0.185,0.8409,42,0
IWM191108C161,2019-11-07,2019-11-07 09:35:41,0.19,0.8636,84,0.18,0.8181,812,0.17,0.7727,10,0.185,0.8409,42,0
IWM191108C161,2019-11-07,2019-11-07 09:35:42,0.19,0.8636,87,0.18,0.8181,896,0.17,0.7727,10,0.185,0.8409,42,0
IWM191108C161,2019-11-07,2019-11-07 09:35:43,0.19,0.8636,87,0.18,0.8181,1126,0.17,0.7727,10,0.185,0.8409,42,0
IWM191108C161,2019-11-07,2019-11-07 09:35:43,0.19,0.8636,87,0.18,0.8181,896,0.17,0.7727,10,0.185,0.8409,42,0
IWM191108C161,2019-11-07,2019-11-07 09:35:44,0.19,0.8636,87,0.18,0.8181,706,0.17,0.7727,10,0.185,0.8409,42,0
IWM191108C161,2019-11-07,2019-11-07 09:35:44,0.19,0.8636,87,0.18,0.8181,909,0.17,0.7727,10,0.185,0.8409,42,0
IWM191108C161,2019-11-07,2019-11-07 09:35:45,0.19,0.8636,87,0.18,0.8181,858,0.17,0.7727,10,0.185,0.8409,42,0
IWM191108C161,2019-11-07,2019-11-07 09:35:45,0.19,0.8636,35,0.18,0.8181,535,0.17,0.7727,10,0.185,0.8409,42,0
IWM191108C161,2019-11-07,2019-11-07 09:35:46,0.2,0.909,171,0.18,0.8181,838,0.17,0.7727,10,0.19,0.8636,42,0
IWM191108C161,2019-11-07,2019-11-07 09:35:47,0.2,0.909,115,0.19,0.8636,113,0.17,0.7727,10,0.195,0.8863,42,0
IWM191108C161,2019-11-07,2019-11-07 09:35:47,0.2,0.909,282,0.18,0.8181,993,0.17,0.7727,10,0.19,0.8636,42,0
IWM191108C161,2019-11-07,2019-11-07 09:35:48,0.2,0.909,118,0.19,0.8636,511,0.17,0.7727,10,0.195,0.8863,42,0
IWM191108C161,2019-11-07,2019-11-07 09:35:48,0.2,0.909,118,0.19,0.8636,404,0.17,0.7727,10,0.195,0.8863,42,0
IWM191108C161,2019-11-07,2019-11-07 09:35:49,0.2,0.909,96,0.19,0.8636,554,0.17,0.7727,10,0.195,0.8863,42,0
IWM191108C161,2019-11-07,2019-11-07 09:35:49,0.2,0.909,118,0.19,0.8636,554,0.17,0.7727,10,0.195,0.8863,42,0
IWM191108C161,2019-11-07,2019-11-07 09:35:50,0.2,0.909,655,0.19,0.8636,27,0.17,0.7727,10,0.195,0.8863,42,0
IWM191108C161,2019-11-07,2019-11-07 09:35:50,0.2,0.909,630,0.19,0.8636,27,0.17,0.7727,10,0.195,0.8863,42,0
IWM191108C161,2019-11-07,2019-11-07 09:35:51,0.2,0.909,275,0.19,0.8636,27,0.17,0.7727,10,0.195,0.8863,42,0
IWM191108C161,2019-11-07,2019-11-07 09:35:51,0.2,0.909,416,0.19,0.8636,27,0.17,0.7727,10,0.195,0.8863,42,0
IWM191108C161,2019-11-07,2019-11-07 09:35:52,0.2,0.909,759,0.19,0.8636,27,0.17,0.7727,10,0.195,0.8863,42,0
IWM191108C161,2019-11-07,2019-11-07 09:35:52,0.2,0.909,694,0.19,0.8636,27,0.17,0.7727,10,0.195,0.8863,42,0
IWM191108C161,2019-11-07,2019-11-07 09:35:53,0.2,0.909,498,0.19,0.8636,27,0.17,0.7727,10,0.195,0.8863,42,0
IWM191108C161,2019-11-07,2019-11-07 09:35:53,0.2,0.909,752,0.19,0.8636,41,0.17,0.7727,10,0.195,0.8863,42,0
IWM191108C161,2019-11-07,2019-11-07 09:35:54,0.2,0.909,317,0.19,0.8636,113,0.17,0.7727,10,0.195,0.8863,42,0
IWM191108C161,2019-11-07,2019-11-07 09:35:55,0.2,0.909,317,0.19,0.8636,113,0.17,0.7727,10,0.195,0.8863,42,0
IWM191108C161,2019-11-07,2019-11-07 09:35:56,0.2,0.909,591,0.19,0.8636,56,0.17,0.7727,10,0.195,0.8863,42,0
IWM191108C161,2019-11-07,2019-11-07 09:35:56,0.2,0.909,591,0.19,0.8636,63,0.19,0.8636,57,0.195,0.8863,103,61
IWM191108C161,2019-11-07,2019-11-07 09:35:57,0.2,0.909,84,0.19,0.8636,1104,0.19,0.8636,57,0.195,0.8863,103,0
IWM191108C161,2019-11-07,2019-11-07 09:35:57,0.2,0.909,44,0.19,0.8636,521,0.19,0.8636,57,0.195,0.8863,103,0
IWM191108C161,2019-11-07,2019-11-07 09:35:58,0.2,0.909,84,0.19,0.8636,952,0.19,0.8636,57,0.195,0.8863,103,0
IWM191108C161,2019-11-07,2019-11-07 09:35:58,0.2,0.909,84,0.19,0.8636,127,0.19,0.8636,57,0.195,0.8863,103,0
IWM191108C161,2019-11-07,2019-11-07 09:35:59,0.2,0.909,84,0.19,0.8636,451,0.19,0.8636,57,0.195,0.8863,103,0
IWM191108C161,2019-11-07,2019-11-07 09:36:00,0.2,0.909,84,0.19,0.8636,282,0.19,0.8636,57,0.195,0.8863,103,0
IWM191108C161,2019-11-07,2019-11-07 09:36:01,0.2,0.909,84,0.19,0.8636,246,0.19,0.8636,57,0.195,0.8863,103,0
IWM191108C161,2019-11-07,2019-11-07 09:36:01,0.2,0.909,84,0.19,0.8636,404,0.19,0.8636,57,0.195,0.8863,103,0
IWM191108C161,2019-11-07,2019-11-07 09:36:02,0.2,0.909,84,0.19,0.8636,486,0.19,0.8636,57,0.195,0.8863,103,0
IWM191108C161,2019-11-07,2019-11-07 09:36:02,0.2,0.909,84,0.19,0.8636,505,0.19,0.8636,57,0.195,0.8863,103,0
IWM191108C161,2019-11-07,2019-11-07 09:36:03,0.2,0.909,84,0.19,0.8636,313,0.19,0.8636,57,0.195,0.8863,103,0
IWM191108C161,2019-11-07,2019-11-07 09:36:03,0.2,0.909,84,0.19,0.8636,228,0.19,0.8636,57,0.195,0.8863,103,0
IWM191108C161,2019-11-07,2019-11-07 09:36:04,0.21,0.9545,77,0.2,0.909,136,0.19,0.8636,57,0.205,0.9318,103,0
IWM191108C161,2019-11-07,2019-11-07 09:36:04,0.2,0.909,84,0.19,0.8636,679,0.19,0.8636,57,0.195,0.8863,103,0
IWM191108C161,2019-11-07,2019-11-07 09:36:05,0.22,1.0,284,0.2,0.909,470,0.19,0.8636,57,0.21,0.9545,103,0
IWM191108C161,2019-11-07,2019-11-07 09:36:05,0.22,1.0,412,0.2,0.909,711,0.19,0.8636,57,0.21,0.9545,103,0
IWM191108C161,2019-11-07,2019-11-07 09:36:06,0.22,1.0,172,0.2,0.909,730,0.19,0.8636,57,0.21,0.9545,103,0
IWM191108C161,2019-11-07,2019-11-07 09:36:06,0.22,1.0,681,0.2,0.909,1044,0.19,0.8636,57,0.21,0.9545,103,0
IWM191108C161,2019-11-07,2019-11-07 09:36:07,0.22,1.0,145,0.21,0.9545,87,0.19,0.8636,57,0.215,0.9772,103,0
IWM191108C161,2019-11-07,2019-11-07 09:36:07,0.22,1.0,140,0.2,0.909,1024,0.19,0.8636,57,0.21,0.9545,103,0
IWM191108C161,2019-11-07,2019-11-07 09:36:08,0.22,1.0,145,0.21,0.9545,181,0.19,0.8636,57,0.215,0.9772,103,0
IWM191108C161,2019-11-07,2019-11-07 09:36:08,0.22,1.0,145,0.21,0.9545,131,0.19,0.8636,57,0.215,0.9772,103,0
IWM191108C161,2019-11-07,2019-11-07 09:36:09,0.22,1.0,133,0.21,0.9545,87,0.19,0.8636,57,0.215,0.9772,103,0
IWM191108C161,2019-11-07,2019-11-07 09:36:09,0.22,1.0,151,0.21,0.9545,98,0.19,0.8636,57,0.215,0.9772,103,0
IWM191108C161,2019-11-07,2019-11-07 09:36:10,0.22,1.0,209,0.21,0.9545,87,0.19,0.8636,57,0.215,0.9772,103,0
IWM191108C161,2019-11-07,2019-11-07 09:36:11,0.22,1.0,209,0.21,0.9545,87,0.19,0.8636,57,0.215,0.9772,103,0
IWM191108C161,2019-11-07,2019-11-07 09:36:11,0.22,1.0,270,0.2,0.909,135,0.19,0.8636,57,0.21,0.9545,103,0
IWM191108C161,2019-11-07,2019-11-07 09:36:12,0.22,1.0,442,0.2,0.909,571,0.19,0.8636,57,0.21,0.9545,103,0
IWM191108C161,2019-11-07,2019-11-07 09:36:12,0.22,1.0,143,0.2,0.909,212,0.19,0.8636,57,0.21,0.9545,103,0
IWM191108C161,2019-11-07,2019-11-07 09:36:13,0.22,1.0,442,0.2,0.909,571,0.19,0.8636,57,0.21,0.9545,103,0
IWM191108C161,2019-11-07,2019-11-07 09:36:13,0.22,1.0,627,0.21,0.9545,2,0.19,0.8636,57,0.215,0.9772,103,0
IWM191108C161,2019-11-07,2019-11-07 09:36:14,0.22,1.0,645,0.21,0.9545,2,0.19,0.8636,57,0.215,0.9772,103,0
IWM191108C161,2019-11-07,2019-11-07 09:36:14,0.22,1.0,518,0.2,0.909,577,0.19,0.8636,57,0.21,0.9545,103,0
IWM191108C161,2019-11-07,2019-11-07 09:36:15,0.22,1.0,67,0.2,0.909,637,0.19,0.8636,57,0.21,0.9545,103,0
IWM191108C161,2019-11-07,2019-11-07 09:36:16,0.22,1.0,489,0.2,0.909,65,0.19,0.8636,57,0.21,0.9545,103,0
IWM191108C161,2019-11-07,2019-11-07 09:36:16,0.22,1.0,802,0.19,0.8636,451,0.19,0.8636,57,0.205,0.9318,103,0
IWM191108C161,2019-11-07,2019-11-07 09:36:17,0.22,1.0,821,0.19,0.8636,949,0.19,0.8636,57,0.205,0.9318,103,0
IWM191108C161,2019-11-07,2019-11-07 09:36:17,0.22,1.0,926,0.19,0.8636,779,0.19,0.8636,57,0.205,0.9318,103,0
IWM191108C161,2019-11-07,2019-11-07 09:36:18,0.21,0.9545,348,0.19,0.8636,975,0.19,0.8636,57,0.2,0.909,103,0
IWM191108C161,2019-11-07,2019-11-07 09:36:18,0.21,0.9545,728,0.19,0.8636,975,0.19,0.8636,57,0.2,0.909,103,0
IWM191108C161,2019-11-07,2019-11-07 09:36:19,0.21,0.9545,620,0.19,0.8636,454,0.19,0.8636,57,0.2,0.909,103,0
IWM191108C161,2019-11-07,2019-11-07 09:36:20,0.21,0.9545,216,0.2,0.909,17,0.19,0.8636,57,0.205,0.9318,103,0
IWM191108C161,2019-11-07,2019-11-07 09:36:20,0.21,0.9545,696,0.2,0.909,17,0.19,0.8636,57,0.205,0.9318,103,0
IWM191108C161,2019-11-07,2019-11-07 09:36:21,0.21,0.9545,123,0.2,0.909,45,0.19,0.8636,57,0.205,0.9318,103,0
IWM191108C161,2019-11-07,2019-11-07 09:36:21,0.21,0.9545,216,0.2,0.909,31,0.19,0.8636,57,0.205,0.9318,103,0
IWM191108C161,2019-11-07,2019-11-07 09:36:22,0.21,0.9545,35,0.2,0.909,687,0.19,0.8636,57,0.205,0.9318,103,0
IWM191108C161,2019-11-07,2019-11-07 09:36:22,0.21,0.9545,90,0.2,0.909,481,0.19,0.8636,57,0.205,0.9318,103,0
IWM191108C161,2019-11-07,2019-11-07 09:36:23,0.21,0.9545,10,0.2,0.909,573,0.19,0.8636,57,0.205,0.9318,103,0
IWM191108C161,2019-11-07,2019-11-07 09:36:23,0.21,0.9545,10,0.2,0.909,913,0.19,0.8636,57,0.205,0.9318,103,0
IWM191108C161,2019-11-07,2019-11-07 09:36:24,0.21,0.9545,5,0.2,0.909,743,0.19,0.8636,57,0.205,0.9318,103,0
IWM191108C161,2019-11-07,2019-11-07 09:36:24,0.21,0.9545,5,0.2,0.909,913,0.19,0.8636,57,0.205,0.9318,103,0
IWM191108C161,2019-11-07,2019-11-07 09:36:25,0.21,0.9545,5,0.2,0.909,743,0.19,0.8636,57,0.205,0.9318,103,0
IWM191108C161,2019-11-07,2019-11-07 09:36:26,0.21,0.9545,5,0.2,0.909,913,0.19,0.8636,57,0.205,0.9318,103,0
IWM191108C161,2019-11-07,2019-11-07 09:36:26,0.21,0.9545,5,0.2,0.909,743,0.19,0.8636,57,0.205,0.9318,103,0
IWM191108C161,2019-11-07,2019-11-07 09:36:27,0.21,0.9545,5,0.2,0.909,743,0.19,0.8636,57,0.205,0.9318,103,0
IWM191108C161,2019-11-07,2019-11-07 09:36:27,0.21,0.9545,5,0.2,0.909,913,0.19,0.8636,57,0.205,0.9318,103,0
IWM191108C161,2019-11-07,2019-11-07 09:36:28,0.21,0.9545,5,0.2,0.909,891,0.19,0.8636,57,0.205,0.9318,103,0
IWM191108C161,2019-11-07,2019-11-07 09:36:28,0.21,0.9545,5,0.2,0.909,870,0.19,0.8636,57,0.205,0.9318,103,0
IWM191108C161,2019-11-07,2019-11-07 09:36:29,0.21,0.9545,5,0.2,0.909,553,0.19,0.8636,57,0.205,0.9318,103,0
IWM191108C161,2019-11-07,2019-11-07 09:36:29,0.21,0.9545,5,0.2,0.909,740,0.19,0.8636,57,0.205,0.9318,103,0
IWM191108C161,2019-11-07,2019-11-07 09:36:30,0.21,0.9545,5,0.2,0.909,778,0.19,0.8636,57,0.205,0.9318,103,0
IWM191108C161,2019-11-07,2019-11-07 09:36:31,0.21,0.9545,5,0.2,0.909,778,0.19,0.8636,57,0.205,0.9318,103,0
IWM191108C161,2019-11-07,2019-11-07 09:36:32,0.21,0.9545,5,0.2,0.909,778,0.19,0.8636,57,0.205,0.9318,103,0
IWM191108C161,2019-11-07,2019-11-07 09:36:32,0.21,0.9545,19,0.2,0.909,362,0.19,0.8636,57,0.205,0.9318,103,0
IWM191108C161,2019-11-07,2019-11-07 09:36:33,0.21,0.9545,100,0.2,0.909,90,0.19,0.8636,57,0.205,0.9318,103,0
IWM191108C161,2019-11-07,2019-11-07 09:36:33,0.21,0.9545,25,0.2,0.909,79,0.19,0.8636,57,0.205,0.9318,103,0
IWM191108C161,2019-11-07,2019-11-07 09:36:34,0.21,0.9545,102,0.2,0.909,156,0.19,0.8636,57,0.205,0.9318,103,0
IWM191108C161,2019-11-07,2019-11-07 09:36:34,0.21,0.9545,218,0.2,0.909,156,0.19,0.8636,57,0.205,0.9318,103,0
IWM191108C161,2019-11-07,2019-11-07 09:36:35,0.21,0.9545,100,0.2,0.909,356,0.19,0.8636,57,0.205,0.9318,103,0
IWM191108C161,2019-11-07,2019-11-07 09:36:35,0.21,0.9545,116,0.2,0.909,156,0.19,0.8636,57,0.205,0.9318,103,0
IWM191108C161,2019-11-07,2019-11-07 09:36:36,0.21,0.9545,59,0.2,0.909,947,0.21,0.9545,2,0.205,0.9318,105,2
IWM191108C161,2019-11-07,2019-11-07 09:36:36,0.21,0.9545,69,0.2,0.909,832,0.19,0.8636,57,0.205,0.9318,103,0
IWM191108C161,2019-11-07,2019-11-07 09:36:37,0.21,0.9545,59,0.2,0.909,795,0.21,0.9545,2,0.205,0.9318,105,0
IWM191108C161,2019-11-07,2019-11-07 09:36:37,0.21,0.9545,59,0.2,0.909,886,0.21,0.9545,2,0.205,0.9318,105,0
IWM191108C161,2019-11-07,2019-11-07 09:36:38,0.21,0.9545,59,0.2,0.909,886,0.21,0.9545,2,0.205,0.9318,105,0
IWM191108C161,2019-11-07,2019-11-07 09:36:39,0.21,0.9545,59,0.2,0.909,731,0.21,0.9545,2,0.205,0.9318,105,0
IWM191108C161,2019-11-07,2019-11-07 09:36:39,0.21,0.9545,59,0.2,0.909,795,0.21,0.9545,2,0.205,0.9318,105,0
IWM191108C161,2019-11-07,2019-11-07 09:36:40,0.21,0.9545,59,0.2,0.909,240,0.21,0.9545,2,0.205,0.9318,105,0
IWM191108C161,2019-11-07,2019-11-07 09:36:40,0.21,0.9545,104,0.2,0.909,867,0.21,0.9545,2,0.205,0.9318,105,0
IWM191108C161,2019-11-07,2019-11-07 09:36:41,0.21,0.9545,110,0.2,0.909,885,0.21,0.9545,2,0.205,0.9318,105,0
IWM191108C161,2019-11-07,2019-11-07 09:36:41,0.21,0.9545,104,0.2,0.909,766,0.21,0.9545,2,0.205,0.9318,105,0
IWM191108C161,2019-11-07,2019-11-07 09:36:42,0.21,0.9545,110,0.2,0.909,885,0.21,0.9545,2,0.205,0.9318,105,0
IWM191108C161,2019-11-07,2019-11-07 09:36:43,0.21,0.9545,59,0.2,0.909,885,0.21,0.9545,2,0.205,0.9318,105,0
IWM191108C161,2019-11-07,2019-11-07 09:36:44,0.21,0.9545,59,0.2,0.909,885,0.21,0.9545,2,0.205,0.9318,105,0
IWM191108C161,2019-11-07,2019-11-07 09:36:45,0.21,0.9545,169,0.2,0.909,839,0.21,0.9545,2,0.205,0.9318,105,0
IWM191108C161,2019-11-07,2019-11-07 09:36:45,0.21,0.9545,116,0.2,0.909,885,0.21,0.9545,2,0.205,0.9318,105,0
IWM191108C161,2019-11-07,2019-11-07 09:36:46,0.21,0.9545,59,0.2,0.909,337,0.21,0.9545,2,0.205,0.9318,105,0
IWM191108C161,2019-11-07,2019-11-07 09:36:46,0.21,0.9545,197,0.2,0.909,222,0.21,0.9545,2,0.205,0.9318,105,0
IWM191108C161,2019-11-07,2019-11-07 09:36:47,0.21,0.9545,102,0.2,0.909,518,0.21,0.9545,2,0.205,0.9318,105,0
IWM191108C161,2019-11-07,2019-11-07 09:36:47,0.21,0.9545,121,0.2,0.909,806,0.21,0.9545,2,0.205,0.9318,105,0
IWM191108C161,2019-11-07,2019-11-07 09:36:48,0.21,0.9545,121,0.2,0.909,707,0.21,0.9545,2,0.205,0.9318,105,0
IWM191108C161,2019-11-07,2019-11-07 09:36:49,0.21,0.9545,139,0.2,0.909,538,0.21,0.9545,2,0.205,0.9318,105,0
IWM191108C161,2019-11-07,2019-11-07 09:36:49,0.21,0.9545,92,0.2,0.909,306,0.21,0.9545,2,0.205,0.9318,105,0
IWM191108C161,2019-11-07,2019-11-07 09:36:50,0.21,0.9545,234,0.19,0.8636,846,0.21,0.9545,2,0.2,0.909,105,0
IWM191108C161,2019-11-07,2019-11-07 09:36:50,0.21,0.9545,139,0.19,0.8636,750,0.21,0.9545,2,0.2,0.909,105,0
IWM191108C161,2019-11-07,2019-11-07 09:36:51,0.21,0.9545,655,0.2,0.909,46,0.21,0.9545,2,0.205,0.9318,105,0
IWM191108C161,2019-11-07,2019-11-07 09:36:51,0.21,0.9545,797,0.19,0.8636,649,0.21,0.9545,2,0.2,0.909,105,0
IWM191108C161,2019-11-07,2019-11-07 09:36:52,0.21,0.9545,650,0.2,0.909,1,0.2,0.909,17,0.205,0.9318,122,17
IWM191108C161,2019-11-07,2019-11-07 09:36:52,0.21,0.9545,685,0.19,0.8636,662,0.2,0.909,17,0.2,0.909,122,0
IWM191108C161,2019-11-07,2019-11-07 09:36:53,0.21,0.9545,140,0.2,0.909,37,0.2,0.909,17,0.205,0.9318,122,0
IWM191108C161,2019-11-07,2019-11-07 09:36:53,0.21,0.9545,685,0.2,0.909,78,0.2,0.909,17,0.205,0.9318,122,0
IWM191108C161,2019-11-07,2019-11-07 09:36:54,0.21,0.9545,115,0.2,0.909,598,0.2,0.909,17,0.205,0.9318,122,0
IWM191108C161,2019-11-07,2019-11-07 09:36:55,0.21,0.9545,115,0.2,0.909,850,0.2,0.909,17,0.205,0.9318,122,0
IWM191108C161,2019-11-07,2019-11-07 09:36:55,0.21,0.9545,115,0.2,0.909,883,0.2,0.909,17,0.205,0.9318,122,0
IWM191108C161,2019-11-07,2019-11-07 09:36:56,0.21,0.9545,59,0.2,0.909,883,0.2,0.909,17,0.205,0.9318,122,0
IWM191108C161,2019-11-07,2019-11-07 09:36:56,0.21,0.9545,59,0.2,0.909,1002,0.2,0.909,17,0.205,0.9318,122,0
IWM191108C161,2019-11-07,2019-11-07 09:36:57,0.21,0.9545,115,0.2,0.909,767,0.2,0.909,17,0.205,0.9318,122,0
IWM191108C161,2019-11-07,2019-11-07 09:36:57,0.21,0.9545,115,0.2,0.909,1002,0.2,0.909,17,0.205,0.9318,122,0
IWM191108C161,2019-11-07,2019-11-07 09:36:58,0.21,0.9545,150,0.19,0.8636,719,0.2,0.909,17,0.2,0.909,122,0
IWM191108C161,2019-11-07,2019-11-07 09:36:58,0.21,0.9545,175,0.19,0.8636,1092,0.2,0.909,17,0.2,0.909,122,0
IWM191108C161,2019-11-07,2019-11-07 09:36:59,0.21,0.9545,484,0.19,0.8636,487,0.2,0.909,17,0.2,0.909,122,0
IWM191108C161,2019-11-07,2019-11-07 09:36:59,0.21,0.9545,175,0.19,0.8636,925,0.2,0.909,17,0.2,0.909,122,0
IWM191108C161,2019-11-07,2019-11-07 09:37:00,0.21,0.9545,1010,0.19,0.8636,751,0.2,0.909,17,0.2,0.909,122,0
IWM191108C161,2019-11-07,2019-11-07 09:37:00,0.21,0.9545,1010,0.19,0.8636,682,0.2,0.909,17,0.2,0.909,122,0
IWM191108C161,2019-11-07,2019-11-07 09:37:01,0.21,0.9545,759,0.19,0.8636,764,0.2,0.909,17,0.2,0.909,122,0
IWM191108C161,2019-11-07,2019-11-07 09:37:01,0.21,0.9545,1010,0.19,0.8636,682,0.2,0.909,17,0.2,0.909,122,0
IWM191108C161,2019-11-07,2019-11-07 09:37:02,0.2,0.909,119,0.19,0.8636,397,0.2,0.909,17,0.195,0.8863,122,0
IWM191108C161,2019-11-07,2019-11-07 09:37:02,0.2,0.909,59,0.19,0.8636,87,0.2,0.909,17,0.195,0.8863,122,0
IWM191108C161,2019-11-07,2019-11-07 09:37:03,0.2,0.909,119,0.19,0.8636,311,0.2,0.909,17,0.195,0.8863,122,0
IWM191108C161,2019-11-07,2019-11-07 09:37:03,0.2,0.909,155,0.19,0.8636,546,0.2,0.909,17,0.195,0.8863,122,0
IWM191108C161,2019-11-07,2019-11-07 09:37:04,0.2,0.909,155,0.19,0.8636,630,0.2,0.909,17,0.195,0.8863,122,0
IWM191108C161,2019-11-07,2019-11-07 09:37:05,0.2,0.909,149,0.19,0.8636,868,0.2,0.909,17,0.195,0.8863,122,0
IWM191108C161,2019-11-07,2019-11-07 09:37:05,0.2,0.909,110,0.19,0.8636,1093,0.2,0.909,17,0.195,0.8863,122,0
IWM191108C161,2019-11-07,2019-11-07 09:37:06,0.2,0.909,110,0.19,0.8636,962,0.2,0.909,17,0.195,0.8863,122,0
IWM191108C161,2019-11-07,2019-11-07 09:37:06,0.2,0.909,110,0.19,0.8636,950,0.2,0.909,17,0.195,0.8863,122,0
IWM191108C161,2019-11-07,2019-11-07 09:37:07,0.2,0.909,59,0.19,0.8636,729,0.2,0.909,17,0.195,0.8863,122,0
IWM191108C161,2019-11-07,2019-11-07 09:37:07,0.2,0.909,119,0.19,0.8636,802,0.2,0.909,17,0.195,0.8863,122,0
IWM191108C161,2019-11-07,2019-11-07 09:37:08,0.2,0.909,59,0.19,0.8636,895,0.2,0.909,17,0.195,0.8863,122,0
IWM191108C161,2019-11-07,2019-11-07 09:37:08,0.2,0.909,119,0.19,0.8636,802,0.2,0.909,17,0.195,0.8863,122,0
IWM191108C161,2019-11-07,2019-11-07 09:37:09,0.2,0.909,59,0.19,0.8636,895,0.2,0.909,17,0.195,0.8863,122,0
IWM191108C161,2019-11-07,2019-11-07 09:37:10,0.21,0.9545,200,0.2,0.909,882,0.2,0.909,17,0.205,0.9318,122,0
IWM191108C161,2019-11-07,2019-11-07 09:37:10,0.21,0.9545,193,0.2,0.909,712,0.2,0.909,17,0.205,0.9318,122,0
IWM191108C161,2019-11-07,2019-11-07 09:37:11,0.21,0.9545,51,0.2,0.909,665,0.2,0.909,17,0.205,0.9318,122,0
IWM191108C161,2019-11-07,2019-11-07 09:37:11,0.21,0.9545,193,0.2,0.909,712,0.2,0.909,17,0.205,0.9318,122,0
IWM191108C161,2019-11-07,2019-11-07 09:37:12,0.21,0.9545,88,0.2,0.909,684,0.2,0.909,17,0.205,0.9318,122,0
IWM191108C161,2019-11-07,2019-11-07 09:37:12,0.21,0.9545,23,0.2,0.909,610,0.2,0.909,17,0.205,0.9318,122,0
IWM191108C161,2019-11-07,2019-11-07 09:37:13,0.21,0.9545,13,0.2,0.909,379,0.2,0.909,17,0.205,0.9318,122,0
IWM191108C161,2019-11-07,2019-11-07 09:37:13,0.21,0.9545,44,0.2,0.909,748,0.2,0.909,17,0.205,0.9318,122,0
IWM191108C161,2019-11-07,2019-11-07 09:37:14,0.21,0.9545,27,0.2,0.909,379,0.2,0.909,17,0.205,0.9318,122,0
IWM191108C161,2019-11-07,2019-11-07 09:37:14,0.21,0.9545,20,0.2,0.909,864,0.2,0.909,17,0.205,0.9318,122,0
IWM191108C161,2019-11-07,2019-11-07 09:37:15,0.21,0.9545,20,0.2,0.909,801,0.2,0.909,17,0.205,0.9318,122,0
IWM191108C161,2019-11-07,2019-11-07 09:37:15,0.21,0.9545,12,0.2,0.909,700,0.2,0.909,17,0.205,0.9318,122,0
IWM191108C161,2019-11-07,2019-11-07 09:37:16,0.21,0.9545,59,0.2,0.909,693,0.2,0.909,17,0.205,0.9318,122,0
IWM191108C161,2019-11-07,2019-11-07 09:37:16,0.21,0.9545,5,0.2,0.909,687,0.2,0.909,17,0.205,0.9318,122,0
IWM191108C161,2019-11-07,2019-11-07 09:37:17,0.21,0.9545,93,0.2,0.909,693,0.2,0.909,17,0.205,0.9318,122,0
IWM191108C161,2019-11-07,2019-11-07 09:37:17,0.21,0.9545,93,0.2,0.909,723,0.2,0.909,17,0.205,0.9318,122,0
IWM191108C161,2019-11-07,2019-11-07 09:37:18,0.21,0.9545,111,0.2,0.909,834,0.2,0.909,17,0.205,0.9318,122,0
IWM191108C161,2019-11-07,2019-11-07 09:37:19,0.21,0.9545,109,0.2,0.909,765,0.2,0.909,17,0.205,0.9318,122,0
IWM191108C161,2019-11-07,2019-11-07 09:37:20,0.21,0.9545,109,0.2,0.909,681,0.2,0.909,17,0.205,0.9318,122,0
IWM191108C161,2019-11-07,2019-11-07 09:37:20,0.21,0.9545,109,0.2,0.909,724,0.2,0.909,17,0.205,0.9318,122,0
IWM191108C161,2019-11-07,2019-11-07 09:37:21,0.21,0.9545,59,0.2,0.909,169,0.2,0.909,17,0.205,0.9318,122,0
IWM191108C161,2019-11-07,2019-11-07 09:37:21,0.21,0.9545,109,0.2,0.909,75,0.2,0.909,17,0.205,0.9318,122,0
IWM191108C161,2019-11-07,2019-11-07 09:37:22,0.21,0.9545,119,0.2,0.909,377,0.2,0.909,17,0.205,0.9318,122,0
IWM191108C161,2019-11-07,2019-11-07 09:37:22,0.21,0.9545,119,0.2,0.909,704,0.2,0.909,17,0.205,0.9318,122,0
IWM191108C161,2019-11-07,2019-11-07 09:37:23,0.22,1.0,191,0.21,0.9545,258,0.21,0.9545,5,0.215,0.9772,127,5
IWM191108C161,2019-11-07,2019-11-07 09:37:23,0.21,0.9545,10,0.2,0.909,810,0.2,0.909,17,0.205,0.9318,122,0
IWM191108C161,2019-11-07,2019-11-07 09:37:24,0.22,1.0,228,0.21,0.9545,528,0.21,0.9545,5,0.215,0.9772,127,0
IWM191108C161,2019-11-07,2019-11-07 09:37:24,0.22,1.0,289,0.21,0.9545,212,0.21,0.9545,5,0.215,0.9772,127,0
IWM191108C161,2019-11-07,2019-11-07 09:37:25,0.22,1.0,250,0.21,0.9545,785,0.21,0.9545,5,0.215,0.9772,127,0
IWM191108C161,2019-11-07,2019-11-07 09:37:25,0.22,1.0,288,0.21,0.9545,527,0.21,0.9545,5,0.215,0.9772,127,0
IWM191108C161,2019-11-07,2019-11-07 09:37:26,0.22,1.0,250,0.21,0.9545,784,0.21,0.9545,5,0.215,0.9772,127,0
IWM191108C161,2019-11-07,2019-11-07 09:37:26,0.22,1.0,250,0.21,0.9545,679,0.21,0.9545,5,0.215,0.9772,127,0
IWM191108C161,2019-11-07,2019-11-07 09:37:27,0.22,1.0,191,0.21,0.9545,679,0.21,0.9545,5,0.215,0.9772,127,0
IWM191108C161,2019-11-07,2019-11-07 09:37:27,0.22,1.0,221,0.21,0.9545,714,0.21,0.9545,5,0.215,0.9772,127,0
IWM191108C161,2019-11-07,2019-11-07 09:37:28,0.22,1.0,191,0.21,0.9545,761,0.21,0.9545,5,0.215,0.9772,127,0
IWM191108C161,2019-11-07,2019-11-07 09:37:28,0.22,1.0,221,0.21,0.9545,714,0.21,0.9545,5,0.215,0.9772,127,0
IWM191108C161,2019-11-07,2019-11-07 09:37:29,0.22,1.0,121,0.21,0.9545,832,0.21,0.9545,5,0.215,0.9772,127,0
IWM191108C161,2019-11-07,2019-11-07 09:37:30,0.22,1.0,20,0.21,0.9545,813,0.21,0.9545,5,0.215,0.9772,127,0
IWM191108C161,2019-11-07,2019-11-07 09:37:30,0.23,1.0454,38,0.21,0.9545,813,0.22,1.0,5,0.22,1.0,132,5
IWM191108C161,2019-11-07,2019-11-07 09:37:31,0.24,1.0909,479,0.23,1.0454,78,0.22,1.0,5,0.235,1.0681,132,0
IWM191108C161,2019-11-07,2019-11-07 09:37:31,0.23,1.0454,20,0.22,1.0,620,0.22,1.0,5,0.225,1.0227,132,0
IWM191108C161,2019-11-07,2019-11-07 09:37:32,0.24,1.0909,554,0.22,1.0,478,0.22,1.0,5,0.23,1.0454,132,0
IWM191108C161,2019-11-07,2019-11-07 09:37:32,0.24,1.0909,554,0.23,1.0454,16,0.22,1.0,5,0.235,1.0681,132,0
IWM191108C161,2019-11-07,2019-11-07 09:37:33,0.23,1.0454,59,0.21,0.9545,318,0.22,1.0,5,0.22,1.0,132,0
IWM191108C161,2019-11-07,2019-11-07 09:37:33,0.24,1.0909,686,0.22,1.0,466,0.22,1.0,5,0.23,1.0454,132,0
IWM191108C161,2019-11-07,2019-11-07 09:37:34,0.23,1.0454,156,0.22,1.0,433,0.22,1.0,5,0.225,1.0227,132,0
IWM191108C161,2019-11-07,2019-11-07 09:37:35,0.23,1.0454,156,0.22,1.0,627,0.22,1.0,5,0.225,1.0227,132,0
IWM191108C161,2019-11-07,2019-11-07 09:37:35,0.23,1.0454,156,0.22,1.0,594,0.22,1.0,5,0.225,1.0227,132,0
IWM191108C161,2019-11-07,2019-11-07 09:37:36,0.23,1.0454,156,0.22,1.0,594,0.22,1.0,5,0.225,1.0227,132,0
IWM191108C161,2019-11-07,2019-11-07 09:37:37,0.23,1.0454,156,0.22,1.0,442,0.22,1.0,5,0.225,1.0227,132,0
IWM191108C161,2019-11-07,2019-11-07 09:37:37,0.23,1.0454,156,0.22,1.0,719,0.22,1.0,5,0.225,1.0227,132,0
IWM191108C161,2019-11-07,2019-11-07 09:37:38,0.23,1.0454,156,0.22,1.0,322,0.22,1.0,5,0.225,1.0227,132,0
IWM191108C161,2019-11-07,2019-11-07 09:37:38,0.23,1.0454,156,0.22,1.0,447,0.22,1.0,5,0.225,1.0227,132,0
IWM191108C161,2019-11-07,2019-11-07 09:37:39,0.23,1.0454,90,0.21,0.9545,90,0.22,1.0,5,0.22,1.0,132,0
IWM191108C161,2019-11-07,2019-11-07 09:37:39,0.23,1.0454,272,0.21,0.9545,110,0.22,1.0,5,0.22,1.0,132,0
IWM191108C161,2019-11-07,2019-11-07 09:37:40,0.23,1.0454,513,0.21,0.9545,217,0.22,1.0,5,0.22,1.0,132,0
IWM191108C161,2019-11-07,2019-11-07 09:37:40,0.23,1.0454,523,0.21,0.9545,50,0.22,1.0,5,0.22,1.0,132,0
IWM191108C161,2019-11-07,2019-11-07 09:37:41,0.23,1.0454,511,0.21,0.9545,217,0.22,1.0,5,0.22,1.0,132,0
IWM191108C161,2019-11-07,2019-11-07 09:37:41,0.23,1.0454,527,0.21,0.9545,217,0.22,1.0,5,0.22,1.0,132,0
IWM191108C161,2019-11-07,2019-11-07 09:37:42,0.23,1.0454,405,0.21,0.9545,180,0.22,1.0,5,0.22,1.0,132,0
IWM191108C161,2019-11-07,2019-11-07 09:37:42,0.23,1.0454,404,0.21,0.9545,46,0.22,1.0,5,0.22,1.0,132,0
IWM191108C161,2019-11-07,2019-11-07 09:37:43,0.23,1.0454,455,0.21,0.9545,118,0.22,1.0,5,0.22,1.0,132,0
IWM191108C161,2019-11-07,2019-11-07 09:37:43,0.23,1.0454,600,0.21,0.9545,117,0.22,1.0,5,0.22,1.0,132,0
IWM191108C161,2019-11-07,2019-11-07 09:37:44,0.23,1.0454,1036,0.21,0.9545,61,0.22,1.0,5,0.22,1.0,132,0
IWM191108C161,2019-11-07,2019-11-07 09:37:45,0.22,1.0,92,0.2,0.909,952,0.22,1.0,5,0.21,0.9545,132,0
IWM191108C161,2019-11-07,2019-11-07 09:37:46,0.22,1.0,651,0.2,0.909,366,0.22,1.0,5,0.21,0.9545,132,0
IWM191108C161,2019-11-07,2019-11-07 09:37:46,0.22,1.0,795,0.2,0.909,332,0.22,1.0,5,0.21,0.9545,132,0
IWM191108C161,2019-11-07,2019-11-07 09:37:47,0.22,1.0,650,0.2,0.909,145,0.22,1.0,5,0.21,0.9545,132,0
IWM191108C161,2019-11-07,2019-11-07 09:37:47,0.22,1.0,778,0.2,0.909,117,0.22,1.0,5,0.21,0.9545,132,0
IWM191108C161,2019-11-07,2019-11-07 09:37:48,0.22,1.0,885,0.21,0.9545,17,0.22,1.0,5,0.215,0.9772,132,0
IWM191108C161,2019-11-07,2019-11-07 09:37:48,0.22,1.0,885,0.2,0.909,367,0.22,1.0,5,0.21,0.9545,132,0
IWM191108C161,2019-11-07,2019-11-07 09:37:49,0.22,1.0,931,0.2,0.909,333,0.22,1.0,5,0.21,0.9545,132,0
IWM191108C161,2019-11-07,2019-11-07 09:37:49,0.22,1.0,650,0.21,0.9545,17,0.22,1.0,5,0.215,0.9772,132,0
IWM191108C161,2019-11-07,2019-11-07 09:37:50,0.22,1.0,931,0.2,0.909,419,0.22,1.0,5,0.21,0.9545,132,0
IWM191108C161,2019-11-07,2019-11-07 09:37:50,0.22,1.0,931,0.2,0.909,333,0.22,1.0,5,0.21,0.9545,132,0
IWM191108C161,2019-11-07,2019-11-07 09:37:51,0.22,1.0,867,0.21,0.9545,95,0.22,1.0,5,0.215,0.9772,132,0
IWM191108C161,2019-11-07,2019-11-07 09:37:51,0.22,1.0,438,0.21,0.9545,17,0.22,1.0,5,0.215,0.9772,132,0
IWM191108C161,2019-11-07,2019-11-07 09:37:52,0.22,1.0,867,0.21,0.9545,17,0.22,1.0,5,0.215,0.9772,132,0
IWM191108C161,2019-11-07,2019-11-07 09:37:52,0.22,1.0,867,0.21,0.9545,95,0.22,1.0,5,0.215,0.9772,132,0
IWM191108C161,2019-11-07,2019-11-07 09:37:53,0.22,1.0,867,0.21,0.9545,17,0.22,1.0,5,0.215,0.9772,132,0
IWM191108C161,2019-11-07,2019-11-07 09:37:54,0.21,0.9545,174,0.2,0.909,22,0.22,1.0,5,0.205,0.9318,132,0
IWM191108C161,2019-11-07,2019-11-07 09:37:54,0.21,0.9545,787,0.2,0.909,13,0.22,1.0,5,0.205,0.9318,132,0
IWM191108C161,2019-11-07,2019-11-07 09:37:55,0.21,0.9545,492,0.2,0.909,13,0.22,1.0,5,0.205,0.9318,132,0
IWM191108C161,2019-11-07,2019-11-07 09:37:55,0.21,0.9545,492,0.2,0.909,89,0.22,1.0,5,0.205,0.9318,132,0
IWM191108C161,2019-11-07,2019-11-07 09:37:56,0.21,0.9545,883,0.19,0.8636,313,0.22,1.0,5,0.2,0.909,132,0
IWM191108C161,2019-11-07,2019-11-07 09:37:56,0.21,0.9545,989,0.19,0.8636,445,0.22,1.0,5,0.2,0.909,132,0
IWM191108C161,2019-11-07,2019-11-07 09:37:57,0.21,0.9545,498,0.19,0.8636,445,0.22,1.0,5,0.2,0.909,132,0
IWM191108C161,2019-11-07,2019-11-07 09:37:57,0.21,0.9545,883,0.19,0.8636,445,0.22,1.0,5,0.2,0.909,132,0
IWM191108C161,2019-11-07,2019-11-07 09:37:58,0.21,0.9545,514,0.2,0.909,40,0.22,1.0,5,0.205,0.9318,132,0
IWM191108C161,2019-11-07,2019-11-07 09:37:58,0.21,0.9545,764,0.19,0.8636,445,0.22,1.0,5,0.2,0.909,132,0
IWM191108C161,2019-11-07,2019-11-07 09:37:59,0.21,0.9545,113,0.2,0.909,89,0.22,1.0,5,0.205,0.9318,132,0
IWM191108C161,2019-11-07,2019-11-07 09:37:59,0.21,0.9545,81,0.2,0.909,115,0.22,1.0,5,0.205,0.9318,132,0
IWM191108C161,2019-11-07,2019-11-07 09:38:00,0.21,0.9545,85,0.2,0.909,62,0.22,1.0,5,0.205,0.9318,132,0
IWM191108C161,2019-11-07,2019-11-07 09:38:01,0.21,0.9545,50,0.2,0.909,62,0.22,1.0,5,0.205,0.9318,132,0
IWM191108C161,2019-11-07,2019-11-07 09:38:01,0.21,0.9545,180,0.2,0.909,62,0.22,1.0,5,0.205,0.9318,132,0
IWM191108C161,2019-11-07,2019-11-07 09:38:02,0.21,0.9545,20,0.2,0.909,180,0.22,1.0,5,0.205,0.9318,132,0
IWM191108C161,2019-11-07,2019-11-07 09:38:02,0.21,0.9545,20,0.2,0.909,518,0.22,1.0,5,0.205,0.9318,132,0
IWM191108C161,2019-11-07,2019-11-07 09:38:03,0.21,0.9545,34,0.2,0.909,634,0.22,1.0,5,0.205,0.9318,132,0
IWM191108C161,2019-11-07,2019-11-07 09:38:03,0.21,0.9545,20,0.2,0.909,634,0.22,1.0,5,0.205,0.9318,132,0
IWM191108C161,2019-11-07,2019-11-07 09:38:04,0.21,0.9545,29,0.2,0.909,84,0.22,1.0,5,0.205,0.9318,132,0
IWM191108C161,2019-11-07,2019-11-07 09:38:04,0.21,0.9545,55,0.2,0.909,84,0.22,1.0,5,0.205,0.9318,132,0
IWM191108C161,2019-11-07,2019-11-07 09:38:05,0.21,0.9545,49,0.2,0.909,442,0.22,1.0,5,0.205,0.9318,132,0
IWM191108C161,2019-11-07,2019-11-07 09:38:05,0.21,0.9545,59,0.19,0.8636,202,0.22,1.0,5,0.2,0.909,132,0
IWM191108C161,2019-11-07,2019-11-07 09:38:06,0.21,0.9545,446,0.19,0.8636,513,0.22,1.0,5,0.2,0.909,132,0
IWM191108C161,2019-11-07,2019-11-07 09:38:06,0.21,0.9545,804,0.19,0.8636,534,0.22,1.0,5,0.2,0.909,132,0
IWM191108C161,2019-11-07,2019-11-07 09:38:07,0.21,0.9545,848,0.19,0.8636,567,0.22,1.0,5,0.2,0.909,132,0
IWM191108C161,2019-11-07,2019-11-07 09:38:07,0.21,0.9545,804,0.19,0.8636,567,0.22,1.0,5,0.2,0.909,132,0
IWM191108C161,2019-11-07,2019-11-07 09:38:08,0.21,0.9545,848,0.19,0.8636,567,0.22,1.0,5,0.2,0.909,132,0
IWM191108C161,2019-11-07,2019-11-07 09:38:08,0.21,0.9545,663,0.19,0.8636,622,0.22,1.0,5,0.2,0.909,132,0
IWM191108C161,2019-11-07,2019-11-07 09:38:09,0.21,0.9545,663,0.19,0.8636,755,0.22,1.0,5,0.2,0.909,132,0
IWM191108C161,2019-11-07,2019-11-07 09:38:09,0.21,0.9545,428,0.2,0.909,54,0.22,1.0,5,0.205,0.9318,132,0
IWM191108C161,2019-11-07,2019-11-07 09:38:10,0.21,0.9545,493,0.2,0.909,78,0.22,1.0,5,0.205,0.9318,132,0
IWM191108C161,2019-11-07,2019-11-07 09:38:10,0.21,0.9545,177,0.2,0.909,183,0.22,1.0,5,0.205,0.9318,132,0
IWM191108C161,2019-11-07,2019-11-07 09:38:11,0.21,0.9545,177,0.2,0.909,692,0.22,1.0,5,0.205,0.9318,132,0
IWM191108C161,2019-11-07,2019-11-07 09:38:11,0.21,0.9545,570,0.19,0.8636,560,0.22,1.0,5,0.2,0.909,132,0
IWM191108C161,2019-11-07,2019-11-07 09:38:12,0.21,0.9545,858,0.2,0.909,39,0.22,1.0,5,0.205,0.9318,132,0
IWM191108C161,2019-11-07,2019-11-07 09:38:12,0.21,0.9545,858,0.19,0.8636,751,0.22,1.0,5,0.2,0.909,132,0
IWM191108C161,2019-11-07,2019-11-07 09:38:13,0.21,0.9545,858,0.2,0.909,12,0.22,1.0,5,0.205,0.9318,132,0
IWM191108C161,2019-11-07,2019-11-07 09:38:13,0.21,0.9545,952,0.19,0.8636,787,0.22,1.0,5,0.2,0.909,132,0
IWM191108C161,2019-11-07,2019-11-07 09:38:14,0.21,0.9545,899,0.2,0.909,87,0.22,1.0,5,0.205,0.9318,132,0
IWM191108C161,2019-11-07,2019-11-07 09:38:14,0.21,0.9545,952,0.2,0.909,87,0.22,1.0,5,0.205,0.9318,132,0
IWM191108C161,2019-11-07,2019-11-07 09:38:15,0.21,0.9545,954,0.19,0.8636,917,0.22,1.0,5,0.2,0.909,132,0
IWM191108C161,2019-11-07,2019-11-07 09:38:16,0.21,0.9545,920,0.19,0.8636,881,0.22,1.0,5,0.2,0.909,132,0
IWM191108C161,2019-11-07,2019-11-07 09:38:17,0.21,0.9545,920,0.2,0.909,13,0.22,1.0,5,0.205,0.9318,132,0
IWM191108C161,2019-11-07,2019-11-07 09:38:17,0.21,0.9545,920,0.2,0.909,91,0.22,1.0,5,0.205,0.9318,132,0
IWM191108C161,2019-11-07,2019-11-07 09:38:18,0.21,0.9545,820,0.2,0.909,76,0.22,1.0,5,0.205,0.9318,132,0
IWM191108C161,2019-11-07,2019-11-07 09:38:19,0.21,0.9545,820,0.2,0.909,67,0.22,1.0,5,0.205,0.9318,132,0
IWM191108C161,2019-11-07,2019-11-07 09:38:19,0.21,0.9545,949,0.2,0.909,76,0.22,1.0,5,0.205,0.9318,132,0
IWM191108C161,2019-11-07,2019-11-07 09:38:20,0.21,0.9545,820,0.2,0.909,56,0.22,1.0,5,0.205,0.9318,132,0
IWM191108C161,2019-11-07,2019-11-07 09:38:21,0.21,0.9545,501,0.2,0.909,56,0.22,1.0,5,0.205,0.9318,132,0
IWM191108C161,2019-11-07,2019-11-07 09:38:21,0.21,0.9545,149,0.2,0.909,67,0.22,1.0,5,0.205,0.9318,132,0
IWM191108C161,2019-11-07,2019-11-07 09:38:22,0.21,0.9545,149,0.2,0.909,162,0.22,1.0,5,0.205,0.9318,132,0
IWM191108C161,2019-11-07,2019-11-07 09:38:22,0.21,0.9545,97,0.2,0.909,162,0.22,1.0,5,0.205,0.9318,132,0
IWM191108C161,2019-11-07,2019-11-07 09:38:23,0.21,0.9545,149,0.2,0.909,162,0.22,1.0,5,0.205,0.9318,132,0
IWM191108C161,2019-11-07,2019-11-07 09:38:24,0.21,0.9545,149,0.2,0.909,162,0.22,1.0,5,0.205,0.9318,132,0
IWM191108C161,2019-11-07,2019-11-07 09:38:25,0.21,0.9545,149,0.2,0.909,162,0.22,1.0,5,0.205,0.9318,132,0
IWM191108C161,2019-11-07,2019-11-07 09:38:26,0.21,0.9545,149,0.2,0.909,162,0.22,1.0,5,0.205,0.9318,132,0
IWM191108C161,2019-11-07,2019-11-07 09:38:27,0.21,0.9545,149,0.2,0.909,162,0.22,1.0,5,0.205,0.9318,132,0
IWM191108C161,2019-11-07,2019-11-07 09:38:27,0.21,0.9545,239,0.2,0.909,202,0.22,1.0,5,0.205,0.9318,132,0
IWM191108C161,2019-11-07,2019-11-07 09:38:28,0.21,0.9545,288,0.2,0.909,648,0.22,1.0,5,0.205,0.9318,132,0
IWM191108C161,2019-11-07,2019-11-07 09:38:28,0.21,0.9545,277,0.2,0.909,526,0.22,1.0,5,0.205,0.9318,132,0
IWM191108C161,2019-11-07,2019-11-07 09:38:29,0.21,0.9545,242,0.2,0.909,645,0.22,1.0,5,0.205,0.9318,132,0
IWM191108C161,2019-11-07,2019-11-07 09:38:29,0.21,0.9545,277,0.2,0.909,526,0.22,1.0,5,0.205,0.9318,132,0
IWM191108C161,2019-11-07,2019-11-07 09:38:30,0.21,0.9545,242,0.2,0.909,610,0.22,1.0,5,0.205,0.9318,132,0
IWM191108C161,2019-11-07,2019-11-07 09:38:30,0.21,0.9545,242,0.2,0.909,645,0.22,1.0,5,0.205,0.9318,132,0
IWM191108C161,2019-11-07,2019-11-07 09:38:31,0.21,0.9545,242,0.2,0.909,610,0.22,1.0,5,0.205,0.9318,132,0
IWM191108C161,2019-11-07,2019-11-07 09:38:32,0.21,0.9545,138,0.2,0.909,830,0.22,1.0,5,0.205,0.9318,132,0
IWM191108C161,2019-11-07,2019-11-07 09:38:32,0.21,0.9545,242,0.2,0.909,610,0.22,1.0,5,0.205,0.9318,132,0
IWM191108C161,2019-11-07,2019-11-07 09:38:33,0.21,0.9545,124,0.2,0.909,830,0.22,1.0,5,0.205,0.9318,132,0
IWM191108C161,2019-11-07,2019-11-07 09:38:34,0.21,0.9545,174,0.2,0.909,797,0.22,1.0,5,0.205,0.9318,132,0
IWM191108C161,2019-11-07,2019-11-07 09:38:34,0.21,0.9545,109,0.2,0.909,516,0.22,1.0,5,0.205,0.9318,132,0
IWM191108C161,2019-11-07,2019-11-07 09:38:35,0.21,0.9545,109,0.2,0.909,950,0.22,1.0,5,0.205,0.9318,132,0
IWM191108C161,2019-11-07,2019-11-07 09:38:35,0.21,0.9545,160,0.2,0.909,791,0.22,1.0,5,0.205,0.9318,132,0
IWM191108C161,2019-11-07,2019-11-07 09:38:36,0.21,0.9545,160,0.2,0.909,791,0.22,1.0,5,0.205,0.9318,132,0
IWM191108C161,2019-11-07,2019-11-07 09:38:37,0.21,0.9545,160,0.2,0.909,791,0.22,1.0,5,0.205,0.9318,132,0
IWM191108C161,2019-11-07,2019-11-07 09:38:38,0.21,0.9545,160,0.2,0.909,791,0.22,1.0,5,0.205,0.9318,132,0
IWM191108C161,2019-11-07,2019-11-07 09:38:39,0.21,0.9545,51,0.2,0.909,780,0.22,1.0,5,0.205,0.9318,132,0
IWM191108C161,2019-11-07,2019-11-07 09:38:39,0.21,0.9545,160,0.2,0.909,780,0.22,1.0,5,0.205,0.9318,132,0
IWM191108C161,2019-11-07,2019-11-07 09:38:40,0.22,1.0,753,0.2,0.909,500,0.22,1.0,5,0.21,0.9545,132,0
IWM191108C161,2019-11-07,2019-11-07 09:38:40,0.21,0.9545,51,0.2,0.909,780,0.22,1.0,5,0.205,0.9318,132,0
IWM191108C161,2019-11-07,2019-11-07 09:38:41,0.22,1.0,615,0.2,0.909,552,0.22,1.0,5,0.21,0.9545,132,0
IWM191108C161,2019-11-07,2019-11-07 09:38:41,0.22,1.0,878,0.2,0.909,221,0.22,1.0,5,0.21,0.9545,132,0
IWM191108C161,2019-11-07,2019-11-07 09:38:42,0.22,1.0,866,0.2,0.909,221,0.22,1.0,5,0.21,0.9545,132,0
IWM191108C161,2019-11-07,2019-11-07 09:38:42,0.21,0.9545,168,0.2,0.909,598,0.22,1.0,5,0.205,0.9318,132,0
IWM191108C161,2019-11-07,2019-11-07 09:38:43,0.21,0.9545,168,0.2,0.909,598,0.22,1.0,5,0.205,0.9318,132,0
IWM191108C161,2019-11-07,2019-11-07 09:38:44,0.21,0.9545,168,0.2,0.909,758,0.22,1.0,5,0.205,0.9318,132,0
IWM191108C161,2019-11-07,2019-11-07 09:38:44,0.21,0.9545,109,0.2,0.909,637,0.22,1.0,5,0.205,0.9318,132,0
IWM191108C161,2019-11-07,2019-11-07 09:38:45,0.21,0.9545,109,0.2,0.909,608,0.22,1.0,5,0.205,0.9318,132,0
IWM191108C161,2019-11-07,2019-11-07 09:38:45,0.21,0.9545,109,0.2,0.909,434,0.22,1.0,5,0.205,0.9318,132,0
IWM191108C161,2019-11-07,2019-11-07 09:38:46,0.21,0.9545,109,0.2,0.909,562,0.22,1.0,5,0.205,0.9318,132,0
IWM191108C161,2019-11-07,2019-11-07 09:38:46,0.21,0.9545,109,0.2,0.909,597,0.22,1.0,5,0.205,0.9318,132,0
IWM191108C161,2019-11-07,2019-11-07 09:38:47,0.21,0.9545,168,0.2,0.909,455,0.22,1.0,5,0.205,0.9318,132,0
IWM191108C161,2019-11-07,2019-11-07 09:38:47,0.21,0.9545,109,0.2,0.909,365,0.22,1.0,5,0.205,0.9318,132,0
IWM191108C161,2019-11-07,2019-11-07 09:38:48,0.21,0.9545,166,0.2,0.909,87,0.22,1.0,5,0.205,0.9318,132,0
IWM191108C161,2019-11-07,2019-11-07 09:38:49,0.21,0.9545,75,0.2,0.909,87,0.22,1.0,5,0.205,0.9318,132,0
IWM191108C161,2019-11-07,2019-11-07 09:38:49,0.21,0.9545,310,0.2,0.909,87,0.22,1.0,5,0.205,0.9318,132,0
IWM191108C161,2019-11-07,2019-11-07 09:38:50,0.21,0.9545,72,0.2,0.909,67,0.22,1.0,5,0.205,0.9318,132,0
IWM191108C161,2019-11-07,2019-11-07 09:38:50,0.21,0.9545,135,0.2,0.909,15,0.22,1.0,5,0.205,0.9318,132,0
IWM191108C161,2019-11-07,2019-11-07 09:38:51,0.21,0.9545,42,0.2,0.909,223,0.22,1.0,5,0.205,0.9318,132,0
IWM191108C161,2019-11-07,2019-11-07 09:38:52,0.21,0.9545,42,0.2,0.909,223,0.22,1.0,5,0.205,0.9318,132,0
IWM191108C161,2019-11-07,2019-11-07 09:38:52,0.21,0.9545,42,0.2,0.909,233,0.22,1.0,5,0.205,0.9318,132,0
IWM191108C161,2019-11-07,2019-11-07 09:38:53,0.21,0.9545,470,0.2,0.909,30,0.22,1.0,5,0.205,0.9318,132,0
IWM191108C161,2019-11-07,2019-11-07 09:38:53,0.21,0.9545,305,0.2,0.909,30,0.22,1.0,5,0.205,0.9318,132,0
IWM191108C161,2019-11-07,2019-11-07 09:38:54,0.21,0.9545,77,0.2,0.909,132,0.22,1.0,5,0.205,0.9318,132,0
IWM191108C161,2019-11-07,2019-11-07 09:38:54,0.21,0.9545,77,0.2,0.909,27,0.22,1.0,5,0.205,0.9318,132,0
IWM191108C161,2019-11-07,2019-11-07 09:38:55,0.21,0.9545,77,0.2,0.909,149,0.22,1.0,5,0.205,0.9318,132,0
IWM191108C161,2019-11-07,2019-11-07 09:38:55,0.21,0.9545,77,0.2,0.909,132,0.22,1.0,5,0.205,0.9318,132,0
IWM191108C161,2019-11-07,2019-11-07 09:38:56,0.21,0.9545,188,0.2,0.909,206,0.22,1.0,5,0.205,0.9318,132,0
IWM191108C161,2019-11-07,2019-11-07 09:38:56,0.21,0.9545,161,0.2,0.909,457,0.22,1.0,5,0.205,0.9318,132,0
IWM191108C161,2019-11-07,2019-11-07 09:38:57,0.21,0.9545,188,0.2,0.909,470,0.22,1.0,5,0.205,0.9318,132,0
IWM191108C161,2019-11-07,2019-11-07 09:38:57,0.21,0.9545,188,0.2,0.909,391,0.22,1.0,5,0.205,0.9318,132,0
IWM191108C161,2019-11-07,2019-11-07 09:38:58,0.21,0.9545,221,0.2,0.909,765,0.22,1.0,5,0.205,0.9318,132,0
IWM191108C161,2019-11-07,2019-11-07 09:38:58,0.21,0.9545,267,0.2,0.909,765,0.22,1.0,5,0.205,0.9318,132,0
IWM191108C161,2019-11-07,2019-11-07 09:38:59,0.21,0.9545,193,0.2,0.909,765,0.22,1.0,5,0.205,0.9318,132,0
IWM191108C161,2019-11-07,2019-11-07 09:38:59,0.21,0.9545,167,0.2,0.909,15,0.22,1.0,5,0.205,0.9318,132,0
IWM191108C161,2019-11-07,2019-11-07 09:39:00,0.21,0.9545,168,0.2,0.909,814,0.22,1.0,5,0.205,0.9318,132,0
IWM191108C161,2019-11-07,2019-11-07 09:39:00,0.21,0.9545,198,0.2,0.909,266,0.22,1.0,5,0.205,0.9318,132,0
IWM191108C161,2019-11-07,2019-11-07 09:39:01,0.21,0.9545,168,0.2,0.909,743,0.22,1.0,5,0.205,0.9318,132,0
IWM191108C161,2019-11-07,2019-11-07 09:39:02,0.21,0.9545,168,0.2,0.909,892,0.22,1.0,5,0.205,0.9318,132,0
IWM191108C161,2019-11-07,2019-11-07 09:39:02,0.21,0.9545,168,0.2,0.909,880,0.22,1.0,5,0.205,0.9318,132,0
