symbol,Date,quote_time,ask_price,norm_ask_price,ask_size,bid_price,norm_bid_price,bid_size,last_trade_price,norm_last_trade_price,last_trade_size,mark_price,norm_mark_price,volume,Volume
IWM190913C154,2019-09-10,2019-09-10 09:30:02,0.39,0.975,1,0.14,0.35,1,0.28,0.7,1,0.265,0.6625,0,0
IWM190913C154,2019-09-10,2019-09-10 09:30:02,0.4,1.0,16,0.12,0.3,16,0.28,0.7,1,0.26,0.65,0,0
IWM190913C154,2019-09-10,2019-09-10 09:30:03,0.4,1.0,16,0.12,0.3,16,0.28,0.7,1,0.26,0.65,0,0
IWM190913C154,2019-09-10,2019-09-10 09:30:03,0.39,0.975,10,0.14,0.35,10,0.28,0.7,1,0.265,0.6625,0,0
IWM190913C154,2019-09-10,2019-09-10 09:30:04,0.4,1.0,16,0.12,0.3,16,0.28,0.7,1,0.26,0.65,0,0
IWM190913C154,2019-09-10,2019-09-10 09:30:04,0.33,0.825,500,0.2,0.5,500,0.28,0.7,1,0.265,0.6625,0,0
IWM190913C154,2019-09-10,2019-09-10 09:30:05,0.33,0.825,500,0.2,0.5,500,0.28,0.7,1,0.265,0.6625,0,0
IWM190913C154,2019-09-10,2019-09-10 09:30:05,0.27,0.675,219,0.2,0.5,500,0.28,0.7,1,0.235,0.5875,0,0
IWM190913C154,2019-09-10,2019-09-10 09:30:06,0.27,0.675,219,0.2,0.5,500,0.28,0.7,1,0.235,0.5875,0,0
IWM190913C154,2019-09-10,2019-09-10 09:30:06,0.26,0.65,219,0.2,0.5,36,0.28,0.7,1,0.23,0.575,0,0
IWM190913C154,2019-09-10,2019-09-10 09:30:07,0.26,0.65,219,0.2,0.5,14,0.28,0.7,1,0.23,0.575,0,0
IWM190913C154,2019-09-10,2019-09-10 09:30:07,0.26,0.65,219,0.2,0.5,10,0.28,0.7,1,0.23,0.575,0,0
IWM190913C154,2019-09-10,2019-09-10 09:30:08,0.25,0.625,219,0.2,0.5,74,0.28,0.7,1,0.225,0.5625,0,0
IWM190913C154,2019-09-10,2019-09-10 09:30:08,0.25,0.625,219,0.21,0.525,24,0.28,0.7,1,0.23,0.575,0,0
IWM190913C154,2019-09-10,2019-09-10 09:30:09,0.24,0.6,160,0.21,0.525,24,0.28,0.7,1,0.225,0.5625,0,0
IWM190913C154,2019-09-10,2019-09-10 09:30:09,0.24,0.6,196,0.2,0.5,24,0.28,0.7,1,0.22,0.55,0,0
IWM190913C154,2019-09-10,2019-09-10 09:30:10,0.24,0.6,196,0.2,0.5,27,0.28,0.7,1,0.22,0.55,0,0
IWM190913C154,2019-09-10,2019-09-10 09:30:11,0.23,0.575,360,0.2,0.5,29,0.28,0.7,1,0.215,0.5375,0,0
IWM190913C154,2019-09-10,2019-09-10 09:30:11,0.23,0.575,360,0.19,0.475,28,0.28,0.7,1,0.21,0.525,0,0
IWM190913C154,2019-09-10,2019-09-10 09:30:12,0.22,0.55,344,0.19,0.475,28,0.28,0.7,1,0.205,0.5125,0,0
IWM190913C154,2019-09-10,2019-09-10 09:30:12,0.22,0.55,247,0.19,0.475,28,0.28,0.7,1,0.205,0.5125,0,0
IWM190913C154,2019-09-10,2019-09-10 09:30:13,0.22,0.55,344,0.19,0.475,28,0.28,0.7,1,0.205,0.5125,0,0
IWM190913C154,2019-09-10,2019-09-10 09:30:13,0.22,0.55,393,0.19,0.475,28,0.28,0.7,1,0.205,0.5125,0,0
IWM190913C154,2019-09-10,2019-09-10 09:30:14,0.22,0.55,393,0.19,0.475,28,0.28,0.7,1,0.205,0.5125,0,0
IWM190913C154,2019-09-10,2019-09-10 09:30:14,0.22,0.55,344,0.19,0.475,28,0.28,0.7,1,0.205,0.5125,0,0
IWM190913C154,2019-09-10,2019-09-10 09:30:15,0.22,0.55,344,0.19,0.475,28,0.28,0.7,1,0.205,0.5125,0,0
IWM190913C154,2019-09-10,2019-09-10 09:30:15,0.22,0.55,344,0.19,0.475,31,0.28,0.7,1,0.205,0.5125,0,0
IWM190913C154,2019-09-10,2019-09-10 09:30:16,0.22,0.55,344,0.19,0.475,31,0.28,0.7,1,0.205,0.5125,0,0
IWM190913C154,2019-09-10,2019-09-10 09:30:17,0.22,0.55,237,0.19,0.475,27,0.28,0.7,1,0.205,0.5125,0,0
IWM190913C154,2019-09-10,2019-09-10 09:30:17,0.21,0.525,11,0.18,0.45,198,0.28,0.7,1,0.195,0.4875,0,0
IWM190913C154,2019-09-10,2019-09-10 09:30:18,0.22,0.55,64,0.19,0.475,75,0.28,0.7,1,0.205,0.5125,0,0
IWM190913C154,2019-09-10,2019-09-10 09:30:18,0.22,0.55,359,0.19,0.475,26,0.28,0.7,1,0.205,0.5125,0,0
IWM190913C154,2019-09-10,2019-09-10 09:30:19,0.22,0.55,359,0.2,0.5,75,0.28,0.7,1,0.21,0.525,0,0
IWM190913C154,2019-09-10,2019-09-10 09:30:19,0.22,0.55,614,0.2,0.5,247,0.28,0.7,1,0.21,0.525,0,0
IWM190913C154,2019-09-10,2019-09-10 09:30:20,0.22,0.55,449,0.2,0.5,824,0.28,0.7,1,0.21,0.525,0,0
IWM190913C154,2019-09-10,2019-09-10 09:30:20,0.22,0.55,614,0.2,0.5,247,0.28,0.7,1,0.21,0.525,0,0
IWM190913C154,2019-09-10,2019-09-10 09:30:21,0.22,0.55,26,0.2,0.5,816,0.28,0.7,1,0.21,0.525,0,0
IWM190913C154,2019-09-10,2019-09-10 09:30:22,0.22,0.55,26,0.2,0.5,816,0.28,0.7,1,0.21,0.525,0,0
IWM190913C154,2019-09-10,2019-09-10 09:30:22,0.22,0.55,26,0.2,0.5,824,0.28,0.7,1,0.21,0.525,0,0
IWM190913C154,2019-09-10,2019-09-10 09:30:23,0.22,0.55,293,0.2,0.5,824,0.28,0.7,1,0.21,0.525,0,0
IWM190913C154,2019-09-10,2019-09-10 09:30:23,0.22,0.55,26,0.2,0.5,824,0.28,0.7,1,0.21,0.525,0,0
IWM190913C154,2019-09-10,2019-09-10 09:30:24,0.22,0.55,293,0.2,0.5,568,0.28,0.7,1,0.21,0.525,0,0
IWM190913C154,2019-09-10,2019-09-10 09:30:25,0.22,0.55,293,0.2,0.5,988,0.28,0.7,1,0.21,0.525,0,0
IWM190913C154,2019-09-10,2019-09-10 09:30:25,0.23,0.575,229,0.21,0.525,70,0.28,0.7,1,0.22,0.55,0,0
IWM190913C154,2019-09-10,2019-09-10 09:30:26,0.23,0.575,229,0.21,0.525,237,0.28,0.7,1,0.22,0.55,0,0
IWM190913C154,2019-09-10,2019-09-10 09:30:26,0.23,0.575,229,0.21,0.525,74,0.28,0.7,1,0.22,0.55,0,0
IWM190913C154,2019-09-10,2019-09-10 09:30:27,0.23,0.575,180,0.21,0.525,382,0.28,0.7,1,0.22,0.55,0,0
IWM190913C154,2019-09-10,2019-09-10 09:30:27,0.23,0.575,195,0.21,0.525,158,0.28,0.7,1,0.22,0.55,0,0
IWM190913C154,2019-09-10,2019-09-10 09:30:28,0.23,0.575,80,0.21,0.525,484,0.28,0.7,1,0.22,0.55,0,0
IWM190913C154,2019-09-10,2019-09-10 09:30:28,0.23,0.575,346,0.21,0.525,382,0.28,0.7,1,0.22,0.55,0,0
IWM190913C154,2019-09-10,2019-09-10 09:30:29,0.24,0.6,407,0.21,0.525,775,0.28,0.7,1,0.225,0.5625,0,0
IWM190913C154,2019-09-10,2019-09-10 09:30:29,0.24,0.6,762,0.21,0.525,763,0.28,0.7,1,0.225,0.5625,0,0
IWM190913C154,2019-09-10,2019-09-10 09:30:30,0.24,0.6,762,0.21,0.525,789,0.28,0.7,1,0.225,0.5625,0,0
IWM190913C154,2019-09-10,2019-09-10 09:30:30,0.24,0.6,762,0.21,0.525,832,0.28,0.7,1,0.225,0.5625,0,0
IWM190913C154,2019-09-10,2019-09-10 09:30:31,0.24,0.6,762,0.21,0.525,739,0.28,0.7,1,0.225,0.5625,0,0
IWM190913C154,2019-09-10,2019-09-10 09:30:31,0.23,0.575,311,0.21,0.525,589,0.28,0.7,1,0.22,0.55,0,0
IWM190913C154,2019-09-10,2019-09-10 09:30:32,0.23,0.575,352,0.21,0.525,465,0.28,0.7,1,0.22,0.55,0,0
IWM190913C154,2019-09-10,2019-09-10 09:30:32,0.23,0.575,278,0.21,0.525,363,0.28,0.7,1,0.22,0.55,0,0
IWM190913C154,2019-09-10,2019-09-10 09:30:33,0.23,0.575,352,0.21,0.525,279,0.28,0.7,1,0.22,0.55,0,0
IWM190913C154,2019-09-10,2019-09-10 09:30:33,0.23,0.575,352,0.21,0.525,415,0.28,0.7,1,0.22,0.55,0,0
IWM190913C154,2019-09-10,2019-09-10 09:30:34,0.23,0.575,336,0.21,0.525,482,0.28,0.7,1,0.22,0.55,0,0
IWM190913C154,2019-09-10,2019-09-10 09:30:34,0.23,0.575,352,0.21,0.525,415,0.28,0.7,1,0.22,0.55,0,0
IWM190913C154,2019-09-10,2019-09-10 09:30:35,0.23,0.575,336,0.21,0.525,490,0.28,0.7,1,0.22,0.55,0,0
IWM190913C154,2019-09-10,2019-09-10 09:30:36,0.23,0.575,336,0.21,0.525,490,0.28,0.7,1,0.22,0.55,0,0
IWM190913C154,2019-09-10,2019-09-10 09:30:37,0.22,0.55,309,0.21,0.525,251,0.28,0.7,1,0.215,0.5375,0,0
IWM190913C154,2019-09-10,2019-09-10 09:30:38,0.22,0.55,781,0.21,0.525,83,0.28,0.7,1,0.215,0.5375,0,0
IWM190913C154,2019-09-10,2019-09-10 09:30:38,0.22,0.55,940,0.2,0.5,836,0.28,0.7,1,0.21,0.525,0,0
IWM190913C154,2019-09-10,2019-09-10 09:30:39,0.22,0.55,940,0.2,0.5,1239,0.28,0.7,1,0.21,0.525,0,0
IWM190913C154,2019-09-10,2019-09-10 09:30:39,0.22,0.55,940,0.2,0.5,1303,0.28,0.7,1,0.21,0.525,0,0
IWM190913C154,2019-09-10,2019-09-10 09:30:40,0.22,0.55,940,0.2,0.5,1303,0.28,0.7,1,0.21,0.525,0,0
IWM190913C154,2019-09-10,2019-09-10 09:30:41,0.21,0.525,254,0.2,0.5,2111,0.28,0.7,1,0.205,0.5125,0,0
IWM190913C154,2019-09-10,2019-09-10 09:30:41,0.21,0.525,254,0.2,0.5,2119,0.28,0.7,1,0.205,0.5125,0,0
IWM190913C154,2019-09-10,2019-09-10 09:30:42,0.22,0.55,471,0.2,0.5,2169,0.28,0.7,1,0.21,0.525,0,0
IWM190913C154,2019-09-10,2019-09-10 09:30:42,0.22,0.55,290,0.2,0.5,2161,0.28,0.7,1,0.21,0.525,0,0
IWM190913C154,2019-09-10,2019-09-10 09:30:43,0.22,0.55,253,0.21,0.525,589,0.28,0.7,1,0.215,0.5375,0,0
IWM190913C154,2019-09-10,2019-09-10 09:30:43,0.23,0.575,408,0.21,0.525,1021,0.28,0.7,1,0.22,0.55,0,0
IWM190913C154,2019-09-10,2019-09-10 09:30:44,0.23,0.575,341,0.21,0.525,1504,0.28,0.7,1,0.22,0.55,0,0
IWM190913C154,2019-09-10,2019-09-10 09:30:44,0.23,0.575,506,0.21,0.525,1333,0.28,0.7,1,0.22,0.55,0,0
IWM190913C154,2019-09-10,2019-09-10 09:30:45,0.23,0.575,295,0.21,0.525,1570,0.28,0.7,1,0.22,0.55,0,0
IWM190913C154,2019-09-10,2019-09-10 09:30:45,0.23,0.575,506,0.21,0.525,1570,0.28,0.7,1,0.22,0.55,0,0
IWM190913C154,2019-09-10,2019-09-10 09:30:46,0.23,0.575,295,0.21,0.525,1570,0.28,0.7,1,0.22,0.55,0,0
IWM190913C154,2019-09-10,2019-09-10 09:30:47,0.23,0.575,460,0.21,0.525,1194,0.28,0.7,1,0.22,0.55,0,0
IWM190913C154,2019-09-10,2019-09-10 09:30:47,0.23,0.575,460,0.21,0.525,1570,0.28,0.7,1,0.22,0.55,0,0
IWM190913C154,2019-09-10,2019-09-10 09:30:48,0.23,0.575,511,0.21,0.525,110,0.28,0.7,1,0.22,0.55,0,0
IWM190913C154,2019-09-10,2019-09-10 09:30:48,0.23,0.575,460,0.21,0.525,1194,0.28,0.7,1,0.22,0.55,0,0
IWM190913C154,2019-09-10,2019-09-10 09:30:49,0.23,0.575,619,0.21,0.525,112,0.28,0.7,1,0.22,0.55,0,0
IWM190913C154,2019-09-10,2019-09-10 09:30:49,0.23,0.575,765,0.21,0.525,163,0.28,0.7,1,0.22,0.55,0,0
IWM190913C154,2019-09-10,2019-09-10 09:30:50,0.23,0.575,771,0.21,0.525,112,0.28,0.7,1,0.22,0.55,0,0
IWM190913C154,2019-09-10,2019-09-10 09:30:51,0.22,0.55,622,0.2,0.5,367,0.28,0.7,1,0.21,0.525,0,0
IWM190913C154,2019-09-10,2019-09-10 09:30:52,0.22,0.55,457,0.2,0.5,1230,0.28,0.7,1,0.21,0.525,0,0
IWM190913C154,2019-09-10,2019-09-10 09:30:52,0.22,0.55,622,0.2,0.5,491,0.28,0.7,1,0.21,0.525,0,0
IWM190913C154,2019-09-10,2019-09-10 09:30:53,0.22,0.55,375,0.2,0.5,1432,0.28,0.7,1,0.21,0.525,0,0
IWM190913C154,2019-09-10,2019-09-10 09:30:53,0.22,0.55,375,0.2,0.5,974,0.28,0.7,1,0.21,0.525,0,0
IWM190913C154,2019-09-10,2019-09-10 09:30:54,0.22,0.55,375,0.2,0.5,709,0.28,0.7,1,0.21,0.525,0,0
IWM190913C154,2019-09-10,2019-09-10 09:30:54,0.22,0.55,375,0.2,0.5,1076,0.28,0.7,1,0.21,0.525,0,0
IWM190913C154,2019-09-10,2019-09-10 09:30:55,0.22,0.55,262,0.2,0.5,184,0.28,0.7,1,0.21,0.525,0,0
IWM190913C154,2019-09-10,2019-09-10 09:30:55,0.22,0.55,375,0.2,0.5,755,0.28,0.7,1,0.21,0.525,0,0
IWM190913C154,2019-09-10,2019-09-10 09:30:56,0.22,0.55,711,0.2,0.5,436,0.28,0.7,1,0.21,0.525,0,0
IWM190913C154,2019-09-10,2019-09-10 09:30:57,0.22,0.55,862,0.19,0.475,460,0.28,0.7,1,0.205,0.5125,0,0
IWM190913C154,2019-09-10,2019-09-10 09:30:57,0.22,0.55,1535,0.19,0.475,460,0.28,0.7,1,0.205,0.5125,0,0
IWM190913C154,2019-09-10,2019-09-10 09:30:58,0.22,0.55,1535,0.19,0.475,500,0.28,0.7,1,0.205,0.5125,0,0
IWM190913C154,2019-09-10,2019-09-10 09:30:58,0.22,0.55,1535,0.19,0.475,827,0.28,0.7,1,0.205,0.5125,0,0
IWM190913C154,2019-09-10,2019-09-10 09:30:59,0.22,0.55,1435,0.19,0.475,1453,0.28,0.7,1,0.205,0.5125,0,0
IWM190913C154,2019-09-10,2019-09-10 09:30:59,0.22,0.55,1435,0.19,0.475,1624,0.28,0.7,1,0.205,0.5125,0,0
IWM190913C154,2019-09-10,2019-09-10 09:31:00,0.22,0.55,400,0.19,0.475,654,0.28,0.7,1,0.205,0.5125,0,0
IWM190913C154,2019-09-10,2019-09-10 09:31:00,0.22,0.55,1362,0.2,0.5,76,0.28,0.7,1,0.21,0.525,0,0
IWM190913C154,2019-09-10,2019-09-10 09:31:01,0.21,0.525,165,0.19,0.475,798,0.28,0.7,1,0.2,0.5,0,0
IWM190913C154,2019-09-10,2019-09-10 09:31:01,0.21,0.525,247,0.19,0.475,111,0.28,0.7,1,0.2,0.5,0,0
IWM190913C154,2019-09-10,2019-09-10 09:31:02,0.21,0.525,463,0.19,0.475,137,0.28,0.7,1,0.2,0.5,0,0
IWM190913C154,2019-09-10,2019-09-10 09:31:02,0.21,0.525,379,0.19,0.475,453,0.28,0.7,1,0.2,0.5,0,0
IWM190913C154,2019-09-10,2019-09-10 09:31:03,0.21,0.525,339,0.19,0.475,100,0.28,0.7,1,0.2,0.5,0,0
IWM190913C154,2019-09-10,2019-09-10 09:31:03,0.21,0.525,259,0.19,0.475,154,0.28,0.7,1,0.2,0.5,0,0
IWM190913C154,2019-09-10,2019-09-10 09:31:04,0.2,0.5,230,0.18,0.45,159,0.28,0.7,1,0.19,0.475,0,0
IWM190913C154,2019-09-10,2019-09-10 09:31:04,0.21,0.525,1003,0.19,0.475,45,0.28,0.7,1,0.2,0.5,0,0
IWM190913C154,2019-09-10,2019-09-10 09:31:05,0.2,0.5,42,0.18,0.45,921,0.28,0.7,1,0.19,0.475,0,0
IWM190913C154,2019-09-10,2019-09-10 09:31:05,0.2,0.5,42,0.18,0.45,612,0.28,0.7,1,0.19,0.475,0,0
IWM190913C154,2019-09-10,2019-09-10 09:31:06,0.2,0.5,391,0.18,0.45,403,0.28,0.7,1,0.19,0.475,0,0
IWM190913C154,2019-09-10,2019-09-10 09:31:06,0.2,0.5,210,0.18,0.45,515,0.28,0.7,1,0.19,0.475,0,0
IWM190913C154,2019-09-10,2019-09-10 09:31:07,0.2,0.5,65,0.18,0.45,866,0.28,0.7,1,0.19,0.475,0,0
IWM190913C154,2019-09-10,2019-09-10 09:31:07,0.2,0.5,192,0.18,0.45,814,0.28,0.7,1,0.19,0.475,0,0
IWM190913C154,2019-09-10,2019-09-10 09:31:08,0.2,0.5,20,0.18,0.45,866,0.28,0.7,1,0.19,0.475,0,0
IWM190913C154,2019-09-10,2019-09-10 09:31:08,0.2,0.5,20,0.18,0.45,1142,0.28,0.7,1,0.19,0.475,0,0
IWM190913C154,2019-09-10,2019-09-10 09:31:09,0.2,0.5,20,0.19,0.475,531,0.28,0.7,1,0.195,0.4875,0,0
IWM190913C154,2019-09-10,2019-09-10 09:31:09,0.2,0.5,20,0.19,0.475,624,0.28,0.7,1,0.195,0.4875,0,0
IWM190913C154,2019-09-10,2019-09-10 09:31:10,0.2,0.5,20,0.19,0.475,826,0.28,0.7,1,0.195,0.4875,0,0
IWM190913C154,2019-09-10,2019-09-10 09:31:11,0.2,0.5,20,0.19,0.475,826,0.28,0.7,1,0.195,0.4875,0,0
IWM190913C154,2019-09-10,2019-09-10 09:31:12,0.2,0.5,20,0.19,0.475,868,0.28,0.7,1,0.195,0.4875,0,0
IWM190913C154,2019-09-10,2019-09-10 09:31:12,0.2,0.5,20,0.19,0.475,936,0.28,0.7,1,0.195,0.4875,0,0
IWM190913C154,2019-09-10,2019-09-10 09:31:13,0.2,0.5,20,0.19,0.475,694,0.28,0.7,1,0.195,0.4875,0,0
IWM190913C154,2019-09-10,2019-09-10 09:31:13,0.2,0.5,20,0.19,0.475,1056,0.28,0.7,1,0.195,0.4875,0,0
IWM190913C154,2019-09-10,2019-09-10 09:31:14,0.2,0.5,20,0.19,0.475,1086,0.28,0.7,1,0.195,0.4875,0,0
IWM190913C154,2019-09-10,2019-09-10 09:31:15,0.2,0.5,20,0.19,0.475,1086,0.28,0.7,1,0.195,0.4875,0,0
IWM190913C154,2019-09-10,2019-09-10 09:31:16,0.2,0.5,20,0.19,0.475,1099,0.28,0.7,1,0.195,0.4875,0,0
IWM190913C154,2019-09-10,2019-09-10 09:31:16,0.2,0.5,20,0.19,0.475,789,0.28,0.7,1,0.195,0.4875,0,0
IWM190913C154,2019-09-10,2019-09-10 09:31:17,0.22,0.55,794,0.2,0.5,150,0.2,0.5,10,0.21,0.525,20,0
IWM190913C154,2019-09-10,2019-09-10 09:31:17,0.22,0.55,626,0.2,0.5,150,0.2,0.5,10,0.21,0.525,20,20
IWM190913C154,2019-09-10,2019-09-10 09:31:18,0.22,0.55,813,0.2,0.5,159,0.2,0.5,10,0.21,0.525,20,0
IWM190913C154,2019-09-10,2019-09-10 09:31:18,0.22,0.55,237,0.2,0.5,594,0.2,0.5,10,0.21,0.525,20,0
IWM190913C154,2019-09-10,2019-09-10 09:31:19,0.23,0.575,150,0.21,0.525,30,0.2,0.5,10,0.22,0.55,20,0
IWM190913C154,2019-09-10,2019-09-10 09:31:19,0.22,0.55,175,0.21,0.525,30,0.2,0.5,10,0.215,0.5375,20,0
IWM190913C154,2019-09-10,2019-09-10 09:31:20,0.23,0.575,10,0.21,0.525,1095,0.2,0.5,10,0.22,0.55,20,0
IWM190913C154,2019-09-10,2019-09-10 09:31:20,0.23,0.575,20,0.21,0.525,531,0.2,0.5,10,0.22,0.55,20,0
IWM190913C154,2019-09-10,2019-09-10 09:31:21,0.24,0.6,1623,0.21,0.525,862,0.2,0.5,10,0.225,0.5625,20,0
IWM190913C154,2019-09-10,2019-09-10 09:31:21,0.24,0.6,1623,0.21,0.525,613,0.2,0.5,10,0.225,0.5625,20,0
IWM190913C154,2019-09-10,2019-09-10 09:31:22,0.24,0.6,1843,0.21,0.525,1279,0.2,0.5,10,0.225,0.5625,20,0
IWM190913C154,2019-09-10,2019-09-10 09:31:22,0.24,0.6,1623,0.21,0.525,917,0.2,0.5,10,0.225,0.5625,20,0
IWM190913C154,2019-09-10,2019-09-10 09:31:23,0.24,0.6,957,0.22,0.55,132,0.2,0.5,10,0.23,0.575,20,0
IWM190913C154,2019-09-10,2019-09-10 09:31:23,0.24,0.6,1677,0.21,0.525,1053,0.2,0.5,10,0.225,0.5625,20,0
IWM190913C154,2019-09-10,2019-09-10 09:31:24,0.24,0.6,828,0.22,0.55,152,0.2,0.5,10,0.23,0.575,20,0
IWM190913C154,2019-09-10,2019-09-10 09:31:24,0.24,0.6,630,0.22,0.55,169,0.2,0.5,10,0.23,0.575,20,0
IWM190913C154,2019-09-10,2019-09-10 09:31:25,0.24,0.6,630,0.22,0.55,1399,0.2,0.5,10,0.23,0.575,20,0
IWM190913C154,2019-09-10,2019-09-10 09:31:25,0.24,0.6,485,0.22,0.55,1293,0.2,0.5,10,0.23,0.575,20,0
IWM190913C154,2019-09-10,2019-09-10 09:31:26,0.24,0.6,334,0.22,0.55,986,0.2,0.5,10,0.23,0.575,20,0
IWM190913C154,2019-09-10,2019-09-10 09:31:26,0.24,0.6,334,0.22,0.55,1378,0.2,0.5,10,0.23,0.575,20,0
IWM190913C154,2019-09-10,2019-09-10 09:31:27,0.24,0.6,334,0.22,0.55,1268,0.2,0.5,10,0.23,0.575,20,0
IWM190913C154,2019-09-10,2019-09-10 09:31:27,0.24,0.6,447,0.22,0.55,799,0.2,0.5,10,0.23,0.575,20,0
IWM190913C154,2019-09-10,2019-09-10 09:31:28,0.24,0.6,204,0.22,0.55,808,0.2,0.5,10,0.23,0.575,20,0
IWM190913C154,2019-09-10,2019-09-10 09:31:29,0.24,0.6,20,0.22,0.55,1333,0.2,0.5,10,0.23,0.575,20,0
IWM190913C154,2019-09-10,2019-09-10 09:31:30,0.24,0.6,20,0.22,0.55,1183,0.2,0.5,10,0.23,0.575,20,0
IWM190913C154,2019-09-10,2019-09-10 09:31:30,0.24,0.6,20,0.22,0.55,947,0.2,0.5,10,0.23,0.575,20,0
IWM190913C154,2019-09-10,2019-09-10 09:31:31,0.24,0.6,20,0.22,0.55,1188,0.2,0.5,10,0.23,0.575,20,0
IWM190913C154,2019-09-10,2019-09-10 09:31:31,0.24,0.6,246,0.22,0.55,1187,0.2,0.5,10,0.23,0.575,20,0
IWM190913C154,2019-09-10,2019-09-10 09:31:32,0.24,0.6,20,0.22,0.55,1183,0.2,0.5,10,0.23,0.575,20,0
IWM190913C154,2019-09-10,2019-09-10 09:31:32,0.24,0.6,70,0.22,0.55,1158,0.2,0.5,10,0.23,0.575,20,0
IWM190913C154,2019-09-10,2019-09-10 09:31:33,0.24,0.6,20,0.22,0.55,979,0.2,0.5,10,0.23,0.575,20,0
IWM190913C154,2019-09-10,2019-09-10 09:31:33,0.24,0.6,20,0.22,0.55,1047,0.2,0.5,10,0.23,0.575,20,0
IWM190913C154,2019-09-10,2019-09-10 09:31:34,0.25,0.625,604,0.23,0.575,1257,0.2,0.5,10,0.24,0.6,20,0
IWM190913C154,2019-09-10,2019-09-10 09:31:34,0.25,0.625,777,0.23,0.575,936,0.2,0.5,10,0.24,0.6,20,0
IWM190913C154,2019-09-10,2019-09-10 09:31:35,0.25,0.625,517,0.23,0.575,1199,0.2,0.5,10,0.24,0.6,20,0
IWM190913C154,2019-09-10,2019-09-10 09:31:36,0.25,0.625,394,0.23,0.575,116,0.2,0.5,10,0.24,0.6,20,0
IWM190913C154,2019-09-10,2019-09-10 09:31:36,0.25,0.625,507,0.23,0.575,116,0.2,0.5,10,0.24,0.6,20,0
IWM190913C154,2019-09-10,2019-09-10 09:31:37,0.25,0.625,636,0.23,0.575,174,0.2,0.5,10,0.24,0.6,20,0
IWM190913C154,2019-09-10,2019-09-10 09:31:37,0.25,0.625,687,0.23,0.575,174,0.2,0.5,10,0.24,0.6,20,0
IWM190913C154,2019-09-10,2019-09-10 09:31:38,0.25,0.625,1336,0.23,0.575,125,0.2,0.5,10,0.24,0.6,20,0
IWM190913C154,2019-09-10,2019-09-10 09:31:38,0.25,0.625,1471,0.22,0.55,926,0.2,0.5,10,0.235,0.5875,20,0
IWM190913C154,2019-09-10,2019-09-10 09:31:39,0.24,0.6,411,0.22,0.55,566,0.2,0.5,10,0.23,0.575,20,0
IWM190913C154,2019-09-10,2019-09-10 09:31:39,0.24,0.6,411,0.22,0.55,703,0.2,0.5,10,0.23,0.575,20,0
IWM190913C154,2019-09-10,2019-09-10 09:31:40,0.24,0.6,1089,0.22,0.55,703,0.2,0.5,10,0.23,0.575,20,0
IWM190913C154,2019-09-10,2019-09-10 09:31:40,0.24,0.6,1513,0.22,0.55,703,0.2,0.5,10,0.23,0.575,20,0
IWM190913C154,2019-09-10,2019-09-10 09:31:41,0.24,0.6,1185,0.22,0.55,703,0.2,0.5,10,0.23,0.575,20,0
IWM190913C154,2019-09-10,2019-09-10 09:31:41,0.24,0.6,1475,0.21,0.525,1152,0.2,0.5,10,0.225,0.5625,20,0
IWM190913C154,2019-09-10,2019-09-10 09:31:42,0.23,0.575,573,0.21,0.525,962,0.2,0.5,10,0.22,0.55,20,0
IWM190913C154,2019-09-10,2019-09-10 09:31:42,0.23,0.575,299,0.21,0.525,755,0.2,0.5,10,0.22,0.55,20,0
IWM190913C154,2019-09-10,2019-09-10 09:31:43,0.23,0.575,233,0.21,0.525,555,0.2,0.5,10,0.22,0.55,20,0
IWM190913C154,2019-09-10,2019-09-10 09:31:43,0.24,0.6,550,0.21,0.525,645,0.2,0.5,10,0.225,0.5625,20,0
IWM190913C154,2019-09-10,2019-09-10 09:31:44,0.23,0.575,161,0.21,0.525,960,0.2,0.5,10,0.22,0.55,20,0
IWM190913C154,2019-09-10,2019-09-10 09:31:44,0.24,0.6,1014,0.21,0.525,828,0.2,0.5,10,0.225,0.5625,20,0
IWM190913C154,2019-09-10,2019-09-10 09:31:45,0.23,0.575,877,0.21,0.525,280,0.2,0.5,10,0.22,0.55,20,0
IWM190913C154,2019-09-10,2019-09-10 09:31:45,0.23,0.575,264,0.21,0.525,949,0.2,0.5,10,0.22,0.55,20,0
IWM190913C154,2019-09-10,2019-09-10 09:31:46,0.23,0.575,1003,0.21,0.525,715,0.2,0.5,10,0.22,0.55,20,0
IWM190913C154,2019-09-10,2019-09-10 09:31:46,0.23,0.575,926,0.21,0.525,543,0.2,0.5,10,0.22,0.55,20,0
IWM190913C154,2019-09-10,2019-09-10 09:31:47,0.23,0.575,757,0.2,0.5,121,0.2,0.5,10,0.215,0.5375,20,0
IWM190913C154,2019-09-10,2019-09-10 09:31:48,0.22,0.55,372,0.2,0.5,1320,0.2,0.5,10,0.21,0.525,20,0
IWM190913C154,2019-09-10,2019-09-10 09:31:48,0.22,0.55,372,0.2,0.5,582,0.2,0.5,10,0.21,0.525,20,0
IWM190913C154,2019-09-10,2019-09-10 09:31:49,0.22,0.55,186,0.2,0.5,1459,0.2,0.5,10,0.21,0.525,20,0
IWM190913C154,2019-09-10,2019-09-10 09:31:49,0.23,0.575,1310,0.2,0.5,1459,0.2,0.5,10,0.215,0.5375,20,0
IWM190913C154,2019-09-10,2019-09-10 09:31:50,0.23,0.575,1190,0.2,0.5,880,0.2,0.5,10,0.215,0.5375,20,0
IWM190913C154,2019-09-10,2019-09-10 09:31:50,0.23,0.575,1140,0.2,0.5,864,0.2,0.5,10,0.215,0.5375,20,0
IWM190913C154,2019-09-10,2019-09-10 09:31:51,0.23,0.575,1491,0.2,0.5,1143,0.2,0.5,10,0.215,0.5375,20,0
IWM190913C154,2019-09-10,2019-09-10 09:31:51,0.23,0.575,1441,0.2,0.5,1143,0.2,0.5,10,0.215,0.5375,20,0
IWM190913C154,2019-09-10,2019-09-10 09:31:52,0.23,0.575,1569,0.2,0.5,622,0.2,0.5,10,0.215,0.5375,20,0
IWM190913C154,2019-09-10,2019-09-10 09:31:52,0.22,0.55,1140,0.2,0.5,735,0.2,0.5,10,0.21,0.525,20,0
IWM190913C154,2019-09-10,2019-09-10 09:31:53,0.22,0.55,556,0.2,0.5,1185,0.2,0.5,10,0.21,0.525,20,0
IWM190913C154,2019-09-10,2019-09-10 09:31:53,0.22,0.55,851,0.2,0.5,1185,0.2,0.5,10,0.21,0.525,20,0
IWM190913C154,2019-09-10,2019-09-10 09:31:54,0.22,0.55,1405,0.2,0.5,927,0.2,0.5,10,0.21,0.525,20,0
IWM190913C154,2019-09-10,2019-09-10 09:31:55,0.22,0.55,1405,0.2,0.5,927,0.2,0.5,10,0.21,0.525,20,0
IWM190913C154,2019-09-10,2019-09-10 09:31:56,0.22,0.55,998,0.2,0.5,140,0.2,0.5,10,0.21,0.525,20,0
IWM190913C154,2019-09-10,2019-09-10 09:31:56,0.22,0.55,1358,0.2,0.5,140,0.2,0.5,10,0.21,0.525,20,0
IWM190913C154,2019-09-10,2019-09-10 09:31:57,0.22,0.55,1414,0.2,0.5,140,0.2,0.5,10,0.21,0.525,20,0
IWM190913C154,2019-09-10,2019-09-10 09:31:57,0.22,0.55,1386,0.2,0.5,115,0.2,0.5,10,0.21,0.525,20,0
IWM190913C154,2019-09-10,2019-09-10 09:31:58,0.22,0.55,1383,0.2,0.5,450,0.2,0.5,10,0.21,0.525,20,0
IWM190913C154,2019-09-10,2019-09-10 09:31:58,0.22,0.55,1383,0.2,0.5,233,0.2,0.5,10,0.21,0.525,20,0
IWM190913C154,2019-09-10,2019-09-10 09:31:59,0.22,0.55,1535,0.2,0.5,519,0.2,0.5,10,0.21,0.525,20,0
IWM190913C154,2019-09-10,2019-09-10 09:31:59,0.22,0.55,1383,0.2,0.5,480,0.2,0.5,10,0.21,0.525,20,0
IWM190913C154,2019-09-10,2019-09-10 09:32:00,0.22,0.55,1535,0.2,0.5,496,0.2,0.5,10,0.21,0.525,20,0
IWM190913C154,2019-09-10,2019-09-10 09:32:00,0.22,0.55,1535,0.2,0.5,519,0.2,0.5,10,0.21,0.525,20,0
IWM190913C154,2019-09-10,2019-09-10 09:32:01,0.22,0.55,2094,0.2,0.5,1,0.2,0.5,10,0.21,0.525,20,0
IWM190913C154,2019-09-10,2019-09-10 09:32:01,0.22,0.55,2492,0.2,0.5,1,0.2,0.5,10,0.21,0.525,20,0
IWM190913C154,2019-09-10,2019-09-10 09:32:02,0.22,0.55,2199,0.2,0.5,1,0.2,0.5,10,0.21,0.525,20,0
IWM190913C154,2019-09-10,2019-09-10 09:32:02,0.22,0.55,1946,0.2,0.5,1,0.2,0.5,10,0.21,0.525,20,0
IWM190913C154,2019-09-10,2019-09-10 09:32:03,0.21,0.525,572,0.2,0.5,1,0.2,0.5,10,0.205,0.5125,20,0
IWM190913C154,2019-09-10,2019-09-10 09:32:03,0.21,0.525,367,0.2,0.5,1,0.2,0.5,10,0.205,0.5125,20,0
IWM190913C154,2019-09-10,2019-09-10 09:32:04,0.21,0.525,411,0.2,0.5,1,0.2,0.5,10,0.205,0.5125,20,0
IWM190913C154,2019-09-10,2019-09-10 09:32:04,0.21,0.525,478,0.2,0.5,25,0.2,0.5,10,0.205,0.5125,20,0
IWM190913C154,2019-09-10,2019-09-10 09:32:05,0.21,0.525,707,0.2,0.5,1,0.2,0.5,10,0.205,0.5125,20,0
IWM190913C154,2019-09-10,2019-09-10 09:32:05,0.21,0.525,770,0.2,0.5,1,0.2,0.5,10,0.205,0.5125,20,0
IWM190913C154,2019-09-10,2019-09-10 09:32:06,0.21,0.525,820,0.2,0.5,1,0.2,0.5,10,0.205,0.5125,20,0
IWM190913C154,2019-09-10,2019-09-10 09:32:07,0.21,0.525,915,0.2,0.5,66,0.2,0.5,10,0.205,0.5125,20,0
IWM190913C154,2019-09-10,2019-09-10 09:32:08,0.21,0.525,915,0.2,0.5,66,0.2,0.5,10,0.205,0.5125,20,0
IWM190913C154,2019-09-10,2019-09-10 09:32:09,0.21,0.525,968,0.2,0.5,66,0.2,0.5,10,0.205,0.5125,20,0
IWM190913C154,2019-09-10,2019-09-10 09:32:10,0.21,0.525,1660,0.2,0.5,1,0.2,0.5,10,0.205,0.5125,20,0
IWM190913C154,2019-09-10,2019-09-10 09:32:10,0.21,0.525,1660,0.2,0.5,66,0.2,0.5,10,0.205,0.5125,20,0
IWM190913C154,2019-09-10,2019-09-10 09:32:11,0.21,0.525,1660,0.2,0.5,1,0.2,0.5,10,0.205,0.5125,20,0
IWM190913C154,2019-09-10,2019-09-10 09:32:12,0.21,0.525,948,0.2,0.5,1,0.2,0.5,10,0.205,0.5125,20,0
IWM190913C154,2019-09-10,2019-09-10 09:32:12,0.21,0.525,451,0.2,0.5,1,0.2,0.5,10,0.205,0.5125,20,0
IWM190913C154,2019-09-10,2019-09-10 09:32:13,0.21,0.525,1203,0.2,0.5,1,0.2,0.5,10,0.205,0.5125,20,0
IWM190913C154,2019-09-10,2019-09-10 09:32:13,0.21,0.525,1141,0.2,0.5,1,0.2,0.5,10,0.205,0.5125,20,0
IWM190913C154,2019-09-10,2019-09-10 09:32:14,0.21,0.525,1335,0.2,0.5,1,0.2,0.5,10,0.205,0.5125,20,0
IWM190913C154,2019-09-10,2019-09-10 09:32:14,0.21,0.525,1319,0.2,0.5,1,0.2,0.5,10,0.205,0.5125,20,0
IWM190913C154,2019-09-10,2019-09-10 09:32:15,0.21,0.525,1158,0.2,0.5,1,0.2,0.5,10,0.205,0.5125,20,0
IWM190913C154,2019-09-10,2019-09-10 09:32:15,0.21,0.525,1651,0.2,0.5,1,0.2,0.5,10,0.205,0.5125,20,0
IWM190913C154,2019-09-10,2019-09-10 09:32:16,0.21,0.525,2208,0.2,0.5,1,0.2,0.5,10,0.205,0.5125,20,0
IWM190913C154,2019-09-10,2019-09-10 09:32:16,0.21,0.525,2142,0.2,0.5,1,0.2,0.5,10,0.205,0.5125,20,0
IWM190913C154,2019-09-10,2019-09-10 09:32:17,0.21,0.525,2142,0.2,0.5,1,0.2,0.5,10,0.205,0.5125,20,0
IWM190913C154,2019-09-10,2019-09-10 09:32:18,0.21,0.525,2142,0.2,0.5,1,0.2,0.5,10,0.205,0.5125,20,0
IWM190913C154,2019-09-10,2019-09-10 09:32:18,0.21,0.525,2153,0.2,0.5,1,0.2,0.5,10,0.205,0.5125,20,0
IWM190913C154,2019-09-10,2019-09-10 09:32:19,0.21,0.525,1698,0.2,0.5,1,0.2,0.5,10,0.205,0.5125,20,0
IWM190913C154,2019-09-10,2019-09-10 09:32:19,0.21,0.525,2216,0.2,0.5,1,0.2,0.5,10,0.205,0.5125,20,0
IWM190913C154,2019-09-10,2019-09-10 09:32:20,0.21,0.525,1932,0.2,0.5,1,0.2,0.5,10,0.205,0.5125,20,0
IWM190913C154,2019-09-10,2019-09-10 09:32:21,0.21,0.525,1932,0.2,0.5,1,0.2,0.5,10,0.205,0.5125,20,0
IWM190913C154,2019-09-10,2019-09-10 09:32:22,0.21,0.525,1932,0.2,0.5,1,0.2,0.5,10,0.205,0.5125,20,0
IWM190913C154,2019-09-10,2019-09-10 09:32:23,0.21,0.525,699,0.2,0.5,1,0.2,0.5,10,0.205,0.5125,20,0
IWM190913C154,2019-09-10,2019-09-10 09:32:23,0.21,0.525,856,0.2,0.5,1,0.2,0.5,10,0.205,0.5125,20,0
IWM190913C154,2019-09-10,2019-09-10 09:32:24,0.21,0.525,95,0.2,0.5,154,0.2,0.5,10,0.205,0.5125,20,0
IWM190913C154,2019-09-10,2019-09-10 09:32:24,0.22,0.55,1183,0.2,0.5,154,0.2,0.5,10,0.21,0.525,20,0
IWM190913C154,2019-09-10,2019-09-10 09:32:25,0.22,0.55,1592,0.2,0.5,171,0.2,0.5,10,0.21,0.525,20,0
IWM190913C154,2019-09-10,2019-09-10 09:32:25,0.22,0.55,1183,0.2,0.5,154,0.2,0.5,10,0.21,0.525,20,0
IWM190913C154,2019-09-10,2019-09-10 09:32:26,0.22,0.55,978,0.2,0.5,266,0.2,0.5,10,0.21,0.525,20,0
IWM190913C154,2019-09-10,2019-09-10 09:32:27,0.22,0.55,811,0.2,0.5,191,0.2,0.5,10,0.21,0.525,20,0
IWM190913C154,2019-09-10,2019-09-10 09:32:27,0.22,0.55,811,0.2,0.5,215,0.2,0.5,10,0.21,0.525,20,0
IWM190913C154,2019-09-10,2019-09-10 09:32:28,0.22,0.55,1349,0.2,0.5,186,0.2,0.5,10,0.21,0.525,20,0
IWM190913C154,2019-09-10,2019-09-10 09:32:29,0.22,0.55,1330,0.2,0.5,337,0.2,0.5,10,0.21,0.525,20,0
IWM190913C154,2019-09-10,2019-09-10 09:32:29,0.22,0.55,1349,0.2,0.5,186,0.2,0.5,10,0.21,0.525,20,0
IWM190913C154,2019-09-10,2019-09-10 09:32:30,0.22,0.55,1495,0.2,0.5,1185,0.2,0.5,10,0.21,0.525,20,0
IWM190913C154,2019-09-10,2019-09-10 09:32:30,0.22,0.55,1495,0.2,0.5,461,0.2,0.5,10,0.21,0.525,20,0
IWM190913C154,2019-09-10,2019-09-10 09:32:31,0.22,0.55,1323,0.2,0.5,924,0.2,0.5,10,0.21,0.525,20,0
IWM190913C154,2019-09-10,2019-09-10 09:32:31,0.22,0.55,1333,0.2,0.5,1074,0.2,0.5,10,0.21,0.525,20,0
IWM190913C154,2019-09-10,2019-09-10 09:32:32,0.22,0.55,1323,0.2,0.5,924,0.2,0.5,10,0.21,0.525,20,0
IWM190913C154,2019-09-10,2019-09-10 09:32:32,0.22,0.55,1323,0.2,0.5,1224,0.2,0.5,10,0.21,0.525,20,0
IWM190913C154,2019-09-10,2019-09-10 09:32:33,0.22,0.55,847,0.2,0.5,474,0.2,0.5,10,0.21,0.525,20,0
IWM190913C154,2019-09-10,2019-09-10 09:32:33,0.22,0.55,675,0.2,0.5,479,0.2,0.5,10,0.21,0.525,20,0
IWM190913C154,2019-09-10,2019-09-10 09:32:34,0.22,0.55,973,0.2,0.5,1297,0.2,0.5,10,0.21,0.525,20,0
IWM190913C154,2019-09-10,2019-09-10 09:32:34,0.22,0.55,777,0.2,0.5,678,0.2,0.5,10,0.21,0.525,20,0
IWM190913C154,2019-09-10,2019-09-10 09:32:35,0.22,0.55,90,0.2,0.5,652,0.2,0.5,10,0.21,0.525,20,0
IWM190913C154,2019-09-10,2019-09-10 09:32:35,0.22,0.55,144,0.2,0.5,1329,0.2,0.5,10,0.21,0.525,20,0
IWM190913C154,2019-09-10,2019-09-10 09:32:36,0.22,0.55,144,0.2,0.5,1409,0.2,0.5,10,0.21,0.525,20,0
IWM190913C154,2019-09-10,2019-09-10 09:32:36,0.22,0.55,119,0.2,0.5,762,0.2,0.5,10,0.21,0.525,20,0
IWM190913C154,2019-09-10,2019-09-10 09:32:37,0.22,0.55,1722,0.2,0.5,171,0.2,0.5,10,0.21,0.525,20,0
IWM190913C154,2019-09-10,2019-09-10 09:32:37,0.22,0.55,533,0.2,0.5,100,0.2,0.5,10,0.21,0.525,20,0
IWM190913C154,2019-09-10,2019-09-10 09:32:38,0.22,0.55,1120,0.2,0.5,154,0.2,0.5,10,0.21,0.525,20,0
IWM190913C154,2019-09-10,2019-09-10 09:32:38,0.22,0.55,1722,0.2,0.5,178,0.2,0.5,10,0.21,0.525,20,0
IWM190913C154,2019-09-10,2019-09-10 09:32:39,0.22,0.55,670,0.2,0.5,150,0.2,0.5,10,0.21,0.525,20,0
IWM190913C154,2019-09-10,2019-09-10 09:32:39,0.22,0.55,1478,0.2,0.5,171,0.2,0.5,10,0.21,0.525,20,0
IWM190913C154,2019-09-10,2019-09-10 09:32:40,0.22,0.55,1298,0.2,0.5,154,0.2,0.5,10,0.21,0.525,20,0
IWM190913C154,2019-09-10,2019-09-10 09:32:40,0.22,0.55,1487,0.2,0.5,154,0.2,0.5,10,0.21,0.525,20,0
IWM190913C154,2019-09-10,2019-09-10 09:32:41,0.22,0.55,1561,0.2,0.5,171,0.2,0.5,10,0.21,0.525,20,0
IWM190913C154,2019-09-10,2019-09-10 09:32:42,0.22,0.55,1532,0.2,0.5,169,0.2,0.5,10,0.21,0.525,20,0
IWM190913C154,2019-09-10,2019-09-10 09:32:43,0.22,0.55,1532,0.2,0.5,187,0.2,0.5,10,0.21,0.525,20,0
IWM190913C154,2019-09-10,2019-09-10 09:32:43,0.22,0.55,1519,0.2,0.5,302,0.2,0.5,10,0.21,0.525,20,0
IWM190913C154,2019-09-10,2019-09-10 09:32:44,0.22,0.55,1532,0.2,0.5,187,0.2,0.5,10,0.21,0.525,20,0
IWM190913C154,2019-09-10,2019-09-10 09:32:45,0.22,0.55,1532,0.2,0.5,211,0.2,0.5,10,0.21,0.525,20,0
IWM190913C154,2019-09-10,2019-09-10 09:32:46,0.22,0.55,1532,0.2,0.5,211,0.2,0.5,10,0.21,0.525,20,0
IWM190913C154,2019-09-10,2019-09-10 09:32:46,0.22,0.55,1532,0.2,0.5,223,0.2,0.5,10,0.21,0.525,20,0
IWM190913C154,2019-09-10,2019-09-10 09:32:47,0.21,0.525,132,0.2,0.5,7,0.2,0.5,10,0.205,0.5125,20,0
IWM190913C154,2019-09-10,2019-09-10 09:32:47,0.22,0.55,1674,0.2,0.5,10,0.2,0.5,10,0.21,0.525,20,0
IWM190913C154,2019-09-10,2019-09-10 09:32:48,0.21,0.525,387,0.2,0.5,85,0.2,0.5,10,0.205,0.5125,20,0
IWM190913C154,2019-09-10,2019-09-10 09:32:48,0.21,0.525,345,0.2,0.5,131,0.2,0.5,10,0.205,0.5125,20,0
IWM190913C154,2019-09-10,2019-09-10 09:32:49,0.21,0.525,709,0.2,0.5,23,0.2,0.5,10,0.205,0.5125,20,0
IWM190913C154,2019-09-10,2019-09-10 09:32:49,0.21,0.525,858,0.2,0.5,23,0.2,0.5,10,0.205,0.5125,20,0
IWM190913C154,2019-09-10,2019-09-10 09:32:50,0.21,0.525,535,0.2,0.5,82,0.2,0.5,10,0.205,0.5125,20,0
IWM190913C154,2019-09-10,2019-09-10 09:32:50,0.21,0.525,588,0.2,0.5,126,0.2,0.5,10,0.205,0.5125,20,0
IWM190913C154,2019-09-10,2019-09-10 09:32:51,0.21,0.525,535,0.2,0.5,139,0.2,0.5,10,0.205,0.5125,20,0
IWM190913C154,2019-09-10,2019-09-10 09:32:52,0.21,0.525,525,0.2,0.5,157,0.2,0.5,10,0.205,0.5125,20,0
IWM190913C154,2019-09-10,2019-09-10 09:32:52,0.21,0.525,20,0.2,0.5,144,0.2,0.5,10,0.205,0.5125,20,0
IWM190913C154,2019-09-10,2019-09-10 09:32:53,0.21,0.525,402,0.2,0.5,144,0.2,0.5,10,0.205,0.5125,20,0
IWM190913C154,2019-09-10,2019-09-10 09:32:53,0.21,0.525,229,0.2,0.5,144,0.2,0.5,10,0.205,0.5125,20,0
IWM190913C154,2019-09-10,2019-09-10 09:32:54,0.21,0.525,402,0.2,0.5,144,0.2,0.5,10,0.205,0.5125,20,0
IWM190913C154,2019-09-10,2019-09-10 09:32:54,0.21,0.525,402,0.2,0.5,145,0.2,0.5,10,0.205,0.5125,20,0
IWM190913C154,2019-09-10,2019-09-10 09:32:55,0.21,0.525,400,0.2,0.5,154,0.2,0.5,10,0.205,0.5125,20,0
IWM190913C154,2019-09-10,2019-09-10 09:32:55,0.21,0.525,400,0.2,0.5,144,0.2,0.5,10,0.205,0.5125,20,0
IWM190913C154,2019-09-10,2019-09-10 09:32:56,0.21,0.525,329,0.2,0.5,150,0.2,0.5,10,0.205,0.5125,20,0
IWM190913C154,2019-09-10,2019-09-10 09:32:56,0.21,0.525,400,0.2,0.5,144,0.2,0.5,10,0.205,0.5125,20,0
IWM190913C154,2019-09-10,2019-09-10 09:32:57,0.21,0.525,727,0.2,0.5,150,0.2,0.5,10,0.205,0.5125,20,0
IWM190913C154,2019-09-10,2019-09-10 09:32:57,0.21,0.525,627,0.2,0.5,150,0.2,0.5,10,0.205,0.5125,20,0
IWM190913C154,2019-09-10,2019-09-10 09:32:58,0.21,0.525,1,0.2,0.5,315,0.2,0.5,10,0.205,0.5125,20,0
IWM190913C154,2019-09-10,2019-09-10 09:32:58,0.21,0.525,240,0.2,0.5,157,0.2,0.5,10,0.205,0.5125,20,0
IWM190913C154,2019-09-10,2019-09-10 09:32:59,0.22,0.55,958,0.2,0.5,1017,0.2,0.5,10,0.21,0.525,20,0
IWM190913C154,2019-09-10,2019-09-10 09:32:59,0.22,0.55,189,0.2,0.5,332,0.2,0.5,10,0.21,0.525,20,0
IWM190913C154,2019-09-10,2019-09-10 09:33:00,0.22,0.55,609,0.2,0.5,1320,0.2,0.5,10,0.21,0.525,20,0
IWM190913C154,2019-09-10,2019-09-10 09:33:00,0.22,0.55,185,0.21,0.525,130,0.2,0.5,10,0.215,0.5375,20,0
IWM190913C154,2019-09-10,2019-09-10 09:33:01,0.22,0.55,179,0.21,0.525,187,0.2,0.5,10,0.215,0.5375,20,0
IWM190913C154,2019-09-10,2019-09-10 09:33:01,0.22,0.55,185,0.21,0.525,187,0.2,0.5,10,0.215,0.5375,20,0
IWM190913C154,2019-09-10,2019-09-10 09:33:02,0.22,0.55,182,0.21,0.525,194,0.2,0.5,10,0.215,0.5375,20,0
IWM190913C154,2019-09-10,2019-09-10 09:33:02,0.22,0.55,189,0.21,0.525,194,0.2,0.5,10,0.215,0.5375,20,0
IWM190913C154,2019-09-10,2019-09-10 09:33:03,0.23,0.575,581,0.22,0.55,9,0.2,0.5,10,0.225,0.5625,20,0
IWM190913C154,2019-09-10,2019-09-10 09:33:03,0.23,0.575,574,0.21,0.525,377,0.2,0.5,10,0.22,0.55,20,0
IWM190913C154,2019-09-10,2019-09-10 09:33:04,0.23,0.575,96,0.22,0.55,171,0.2,0.5,10,0.225,0.5625,20,0
IWM190913C154,2019-09-10,2019-09-10 09:33:04,0.23,0.575,364,0.22,0.55,171,0.2,0.5,10,0.225,0.5625,20,0
IWM190913C154,2019-09-10,2019-09-10 09:33:05,0.23,0.575,16,0.22,0.55,171,0.2,0.5,10,0.225,0.5625,20,0
IWM190913C154,2019-09-10,2019-09-10 09:33:05,0.24,0.6,1571,0.22,0.55,446,0.2,0.5,10,0.23,0.575,20,0
IWM190913C154,2019-09-10,2019-09-10 09:33:06,0.24,0.6,1316,0.22,0.55,100,0.2,0.5,10,0.23,0.575,20,0
IWM190913C154,2019-09-10,2019-09-10 09:33:06,0.24,0.6,1858,0.22,0.55,127,0.2,0.5,10,0.23,0.575,20,0
IWM190913C154,2019-09-10,2019-09-10 09:33:07,0.24,0.6,1969,0.22,0.55,100,0.2,0.5,10,0.23,0.575,20,0
IWM190913C154,2019-09-10,2019-09-10 09:33:08,0.23,0.575,118,0.22,0.55,121,0.2,0.5,10,0.225,0.5625,20,0
IWM190913C154,2019-09-10,2019-09-10 09:33:08,0.24,0.6,2125,0.22,0.55,100,0.2,0.5,10,0.23,0.575,20,0
IWM190913C154,2019-09-10,2019-09-10 09:33:09,0.24,0.6,382,0.22,0.55,525,0.2,0.5,10,0.23,0.575,20,0
IWM190913C154,2019-09-10,2019-09-10 09:33:09,0.24,0.6,620,0.22,0.55,966,0.2,0.5,10,0.23,0.575,20,0
IWM190913C154,2019-09-10,2019-09-10 09:33:10,0.24,0.6,469,0.22,0.55,966,0.2,0.5,10,0.23,0.575,20,0
IWM190913C154,2019-09-10,2019-09-10 09:33:11,0.24,0.6,602,0.22,0.55,474,0.2,0.5,10,0.23,0.575,20,0
IWM190913C154,2019-09-10,2019-09-10 09:33:11,0.24,0.6,602,0.23,0.575,150,0.2,0.5,10,0.235,0.5875,20,0
IWM190913C154,2019-09-10,2019-09-10 09:33:12,0.24,0.6,558,0.22,0.55,512,0.2,0.5,10,0.23,0.575,20,0
IWM190913C154,2019-09-10,2019-09-10 09:33:12,0.24,0.6,523,0.22,0.55,771,0.2,0.5,10,0.23,0.575,20,0
IWM190913C154,2019-09-10,2019-09-10 09:33:13,0.24,0.6,477,0.22,0.55,1414,0.2,0.5,10,0.23,0.575,20,0
IWM190913C154,2019-09-10,2019-09-10 09:33:13,0.24,0.6,447,0.22,0.55,771,0.2,0.5,10,0.23,0.575,20,0
IWM190913C154,2019-09-10,2019-09-10 09:33:14,0.24,0.6,447,0.22,0.55,959,0.2,0.5,10,0.23,0.575,20,0
IWM190913C154,2019-09-10,2019-09-10 09:33:14,0.24,0.6,447,0.22,0.55,920,0.2,0.5,10,0.23,0.575,20,0
IWM190913C154,2019-09-10,2019-09-10 09:33:15,0.24,0.6,447,0.22,0.55,1153,0.2,0.5,10,0.23,0.575,20,0
IWM190913C154,2019-09-10,2019-09-10 09:33:15,0.24,0.6,322,0.22,0.55,400,0.2,0.5,10,0.23,0.575,20,0
IWM190913C154,2019-09-10,2019-09-10 09:33:16,0.24,0.6,558,0.22,0.55,1192,0.2,0.5,10,0.23,0.575,20,0
IWM190913C154,2019-09-10,2019-09-10 09:33:16,0.24,0.6,322,0.22,0.55,580,0.2,0.5,10,0.23,0.575,20,0
IWM190913C154,2019-09-10,2019-09-10 09:33:17,0.24,0.6,558,0.22,0.55,1192,0.2,0.5,10,0.23,0.575,20,0
IWM190913C154,2019-09-10,2019-09-10 09:33:18,0.24,0.6,283,0.22,0.55,660,0.2,0.5,10,0.23,0.575,20,0
IWM190913C154,2019-09-10,2019-09-10 09:33:18,0.24,0.6,243,0.22,0.55,935,0.2,0.5,10,0.23,0.575,20,0
IWM190913C154,2019-09-10,2019-09-10 09:33:19,0.24,0.6,246,0.23,0.575,154,0.2,0.5,10,0.235,0.5875,20,0
IWM190913C154,2019-09-10,2019-09-10 09:33:19,0.24,0.6,93,0.23,0.575,154,0.2,0.5,10,0.235,0.5875,20,0
IWM190913C154,2019-09-10,2019-09-10 09:33:20,0.24,0.6,46,0.23,0.575,151,0.2,0.5,10,0.235,0.5875,20,0
IWM190913C154,2019-09-10,2019-09-10 09:33:20,0.24,0.6,153,0.23,0.575,22,0.2,0.5,10,0.235,0.5875,20,0
IWM190913C154,2019-09-10,2019-09-10 09:33:21,0.24,0.6,46,0.23,0.575,151,0.2,0.5,10,0.235,0.5875,20,0
IWM190913C154,2019-09-10,2019-09-10 09:33:21,0.24,0.6,305,0.23,0.575,151,0.2,0.5,10,0.235,0.5875,20,0
IWM190913C154,2019-09-10,2019-09-10 09:33:22,0.24,0.6,284,0.23,0.575,151,0.2,0.5,10,0.235,0.5875,20,0
IWM190913C154,2019-09-10,2019-09-10 09:33:22,0.24,0.6,231,0.23,0.575,111,0.2,0.5,10,0.235,0.5875,20,0
IWM190913C154,2019-09-10,2019-09-10 09:33:23,0.24,0.6,261,0.23,0.575,160,0.2,0.5,10,0.235,0.5875,20,0
IWM190913C154,2019-09-10,2019-09-10 09:33:24,0.24,0.6,83,0.23,0.575,111,0.2,0.5,10,0.235,0.5875,20,0
IWM190913C154,2019-09-10,2019-09-10 09:33:24,0.24,0.6,96,0.23,0.575,68,0.2,0.5,10,0.235,0.5875,20,0
IWM190913C154,2019-09-10,2019-09-10 09:33:25,0.24,0.6,20,0.23,0.575,100,0.2,0.5,10,0.235,0.5875,20,0
IWM190913C154,2019-09-10,2019-09-10 09:33:25,0.24,0.6,337,0.23,0.575,154,0.2,0.5,10,0.235,0.5875,20,0
IWM190913C154,2019-09-10,2019-09-10 09:33:26,0.24,0.6,337,0.23,0.575,154,0.2,0.5,10,0.235,0.5875,20,0
IWM190913C154,2019-09-10,2019-09-10 09:33:27,0.24,0.6,337,0.23,0.575,154,0.2,0.5,10,0.235,0.5875,20,0
IWM190913C154,2019-09-10,2019-09-10 09:33:28,0.24,0.6,18,0.23,0.575,102,0.2,0.5,10,0.235,0.5875,20,0
IWM190913C154,2019-09-10,2019-09-10 09:33:28,0.24,0.6,45,0.22,0.55,511,0.2,0.5,10,0.23,0.575,20,0
IWM190913C154,2019-09-10,2019-09-10 09:33:29,0.24,0.6,45,0.22,0.55,735,0.2,0.5,10,0.23,0.575,20,0
IWM190913C154,2019-09-10,2019-09-10 09:33:29,0.24,0.6,411,0.23,0.575,1,0.2,0.5,10,0.235,0.5875,20,0
IWM190913C154,2019-09-10,2019-09-10 09:33:30,0.24,0.6,310,0.23,0.575,24,0.2,0.5,10,0.235,0.5875,20,0
IWM190913C154,2019-09-10,2019-09-10 09:33:30,0.24,0.6,355,0.23,0.575,122,0.2,0.5,10,0.235,0.5875,20,0
IWM190913C154,2019-09-10,2019-09-10 09:33:31,0.24,0.6,382,0.23,0.575,115,0.24,0.6,1,0.235,0.5875,21,1
IWM190913C154,2019-09-10,2019-09-10 09:33:31,0.24,0.6,372,0.23,0.575,20,0.2,0.5,10,0.235,0.5875,20,0
IWM190913C154,2019-09-10,2019-09-10 09:33:32,0.24,0.6,345,0.23,0.575,11,0.24,0.6,1,0.235,0.5875,21,0
IWM190913C154,2019-09-10,2019-09-10 09:33:32,0.24,0.6,261,0.23,0.575,11,0.24,0.6,1,0.235,0.5875,21,0
IWM190913C154,2019-09-10,2019-09-10 09:33:33,0.24,0.6,786,0.23,0.575,106,0.24,0.6,1,0.235,0.5875,21,0
IWM190913C154,2019-09-10,2019-09-10 09:33:33,0.24,0.6,948,0.23,0.575,100,0.24,0.6,1,0.235,0.5875,21,0
IWM190913C154,2019-09-10,2019-09-10 09:33:34,0.24,0.6,948,0.23,0.575,100,0.24,0.6,1,0.235,0.5875,21,0
IWM190913C154,2019-09-10,2019-09-10 09:33:34,0.24,0.6,775,0.23,0.575,39,0.24,0.6,1,0.235,0.5875,21,0
IWM190913C154,2019-09-10,2019-09-10 09:33:35,0.24,0.6,724,0.23,0.575,182,0.24,0.6,1,0.235,0.5875,21,0
IWM190913C154,2019-09-10,2019-09-10 09:33:35,0.24,0.6,622,0.23,0.575,526,0.24,0.6,1,0.235,0.5875,21,0
IWM190913C154,2019-09-10,2019-09-10 09:33:36,0.24,0.6,622,0.23,0.575,526,0.24,0.6,1,0.235,0.5875,21,0
IWM190913C154,2019-09-10,2019-09-10 09:33:36,0.24,0.6,208,0.23,0.575,734,0.24,0.6,1,0.235,0.5875,21,0
IWM190913C154,2019-09-10,2019-09-10 09:33:37,0.24,0.6,183,0.23,0.575,861,0.24,0.6,1,0.235,0.5875,21,0
IWM190913C154,2019-09-10,2019-09-10 09:33:37,0.24,0.6,183,0.23,0.575,845,0.24,0.6,1,0.235,0.5875,21,0
IWM190913C154,2019-09-10,2019-09-10 09:33:38,0.24,0.6,183,0.23,0.575,1171,0.24,0.6,1,0.235,0.5875,21,0
IWM190913C154,2019-09-10,2019-09-10 09:33:39,0.24,0.6,43,0.23,0.575,1268,0.24,0.6,1,0.235,0.5875,21,0
IWM190913C154,2019-09-10,2019-09-10 09:33:39,0.24,0.6,43,0.23,0.575,74,0.24,0.6,1,0.235,0.5875,21,0
IWM190913C154,2019-09-10,2019-09-10 09:33:40,0.24,0.6,60,0.23,0.575,25,0.24,0.6,1,0.235,0.5875,21,0
IWM190913C154,2019-09-10,2019-09-10 09:33:40,0.24,0.6,212,0.23,0.575,132,0.24,0.6,1,0.235,0.5875,21,0
IWM190913C154,2019-09-10,2019-09-10 09:33:41,0.24,0.6,175,0.23,0.575,50,0.24,0.6,1,0.235,0.5875,21,0
IWM190913C154,2019-09-10,2019-09-10 09:33:41,0.24,0.6,1141,0.22,0.55,154,0.24,0.6,1,0.23,0.575,21,0
IWM190913C154,2019-09-10,2019-09-10 09:33:42,0.24,0.6,1372,0.22,0.55,364,0.24,0.6,1,0.23,0.575,21,0
IWM190913C154,2019-09-10,2019-09-10 09:33:43,0.24,0.6,1372,0.22,0.55,696,0.24,0.6,1,0.23,0.575,21,0
IWM190913C154,2019-09-10,2019-09-10 09:33:43,0.24,0.6,1372,0.22,0.55,1632,0.24,0.6,1,0.23,0.575,21,0
IWM190913C154,2019-09-10,2019-09-10 09:33:44,0.24,0.6,1642,0.22,0.55,1482,0.24,0.6,1,0.23,0.575,21,0
IWM190913C154,2019-09-10,2019-09-10 09:33:45,0.24,0.6,1637,0.22,0.55,1524,0.24,0.6,1,0.23,0.575,21,0
IWM190913C154,2019-09-10,2019-09-10 09:33:45,0.24,0.6,1338,0.22,0.55,1632,0.24,0.6,1,0.23,0.575,21,0
IWM190913C154,2019-09-10,2019-09-10 09:33:46,0.24,0.6,1622,0.22,0.55,111,0.24,0.6,1,0.23,0.575,21,0
IWM190913C154,2019-09-10,2019-09-10 09:33:46,0.23,0.575,144,0.22,0.55,76,0.24,0.6,1,0.225,0.5625,21,0
IWM190913C154,2019-09-10,2019-09-10 09:33:47,0.23,0.575,649,0.22,0.55,100,0.24,0.6,1,0.225,0.5625,21,0
IWM190913C154,2019-09-10,2019-09-10 09:33:47,0.23,0.575,427,0.22,0.55,100,0.24,0.6,1,0.225,0.5625,21,0
IWM190913C154,2019-09-10,2019-09-10 09:33:48,0.23,0.575,566,0.22,0.55,154,0.24,0.6,1,0.225,0.5625,21,0
IWM190913C154,2019-09-10,2019-09-10 09:33:48,0.23,0.575,409,0.22,0.55,154,0.24,0.6,1,0.225,0.5625,21,0
IWM190913C154,2019-09-10,2019-09-10 09:33:49,0.23,0.575,618,0.22,0.55,149,0.24,0.6,1,0.225,0.5625,21,0
IWM190913C154,2019-09-10,2019-09-10 09:33:49,0.23,0.575,618,0.22,0.55,131,0.24,0.6,1,0.225,0.5625,21,0
IWM190913C154,2019-09-10,2019-09-10 09:33:50,0.23,0.575,618,0.22,0.55,190,0.24,0.6,1,0.225,0.5625,21,0
IWM190913C154,2019-09-10,2019-09-10 09:33:51,0.23,0.575,618,0.22,0.55,190,0.24,0.6,1,0.225,0.5625,21,0
IWM190913C154,2019-09-10,2019-09-10 09:33:51,0.23,0.575,368,0.22,0.55,281,0.24,0.6,1,0.225,0.5625,21,0
IWM190913C154,2019-09-10,2019-09-10 09:33:52,0.23,0.575,397,0.22,0.55,71,0.24,0.6,1,0.225,0.5625,21,0
IWM190913C154,2019-09-10,2019-09-10 09:33:52,0.23,0.575,296,0.22,0.55,100,0.24,0.6,1,0.225,0.5625,21,0
IWM190913C154,2019-09-10,2019-09-10 09:33:53,0.23,0.575,397,0.22,0.55,71,0.24,0.6,1,0.225,0.5625,21,0
IWM190913C154,2019-09-10,2019-09-10 09:33:53,0.23,0.575,468,0.22,0.55,71,0.24,0.6,1,0.225,0.5625,21,0
IWM190913C154,2019-09-10,2019-09-10 09:33:54,0.23,0.575,1053,0.21,0.525,279,0.24,0.6,1,0.22,0.55,21,0
IWM190913C154,2019-09-10,2019-09-10 09:33:54,0.23,0.575,889,0.21,0.525,169,0.24,0.6,1,0.22,0.55,21,0
IWM190913C154,2019-09-10,2019-09-10 09:33:55,0.23,0.575,916,0.21,0.525,154,0.24,0.6,1,0.22,0.55,21,0
IWM190913C154,2019-09-10,2019-09-10 09:33:55,0.23,0.575,672,0.21,0.525,176,0.24,0.6,1,0.22,0.55,21,0
IWM190913C154,2019-09-10,2019-09-10 09:33:56,0.22,0.55,49,0.21,0.525,92,0.24,0.6,1,0.215,0.5375,21,0
IWM190913C154,2019-09-10,2019-09-10 09:33:56,0.23,0.575,1109,0.21,0.525,63,0.24,0.6,1,0.22,0.55,21,0
IWM190913C154,2019-09-10,2019-09-10 09:33:57,0.22,0.55,49,0.21,0.525,92,0.24,0.6,1,0.215,0.5375,21,0
IWM190913C154,2019-09-10,2019-09-10 09:33:57,0.22,0.55,309,0.21,0.525,638,0.24,0.6,1,0.215,0.5375,21,0
IWM190913C154,2019-09-10,2019-09-10 09:33:58,0.22,0.55,154,0.21,0.525,1414,0.24,0.6,1,0.215,0.5375,21,0
IWM190913C154,2019-09-10,2019-09-10 09:33:58,0.22,0.55,30,0.21,0.525,1430,0.24,0.6,1,0.215,0.5375,21,0
IWM190913C154,2019-09-10,2019-09-10 09:33:59,0.22,0.55,30,0.21,0.525,1430,0.24,0.6,1,0.215,0.5375,21,0
IWM190913C154,2019-09-10,2019-09-10 09:33:59,0.22,0.55,216,0.21,0.525,1430,0.21,0.525,2,0.215,0.5375,23,2
IWM190913C154,2019-09-10,2019-09-10 09:34:00,0.23,0.575,1051,0.21,0.525,1438,0.21,0.525,2,0.22,0.55,23,0
IWM190913C154,2019-09-10,2019-09-10 09:34:01,0.23,0.575,1416,0.21,0.525,693,0.21,0.525,2,0.22,0.55,23,0
IWM190913C154,2019-09-10,2019-09-10 09:34:02,0.23,0.575,1489,0.21,0.525,358,0.21,0.525,2,0.22,0.55,23,0
IWM190913C154,2019-09-10,2019-09-10 09:34:02,0.22,0.55,807,0.21,0.525,356,0.21,0.525,2,0.215,0.5375,23,0
IWM190913C154,2019-09-10,2019-09-10 09:34:03,0.22,0.55,836,0.21,0.525,356,0.21,0.525,2,0.215,0.5375,23,0
IWM190913C154,2019-09-10,2019-09-10 09:34:03,0.22,0.55,808,0.21,0.525,356,0.21,0.525,2,0.215,0.5375,23,0
IWM190913C154,2019-09-10,2019-09-10 09:34:04,0.22,0.55,1154,0.21,0.525,64,0.21,0.525,2,0.215,0.5375,23,0
IWM190913C154,2019-09-10,2019-09-10 09:34:05,0.22,0.55,866,0.21,0.525,64,0.21,0.525,2,0.215,0.5375,23,0
IWM190913C154,2019-09-10,2019-09-10 09:34:05,0.22,0.55,823,0.21,0.525,64,0.21,0.525,2,0.215,0.5375,23,0
IWM190913C154,2019-09-10,2019-09-10 09:34:06,0.22,0.55,809,0.21,0.525,25,0.21,0.525,2,0.215,0.5375,23,0
IWM190913C154,2019-09-10,2019-09-10 09:34:06,0.22,0.55,823,0.21,0.525,64,0.21,0.525,2,0.215,0.5375,23,0
IWM190913C154,2019-09-10,2019-09-10 09:34:07,0.22,0.55,906,0.21,0.525,71,0.21,0.525,2,0.215,0.5375,23,0
IWM190913C154,2019-09-10,2019-09-10 09:34:07,0.22,0.55,906,0.21,0.525,25,0.21,0.525,2,0.215,0.5375,23,0
IWM190913C154,2019-09-10,2019-09-10 09:34:08,0.22,0.55,906,0.21,0.525,71,0.21,0.525,2,0.215,0.5375,23,0
IWM190913C154,2019-09-10,2019-09-10 09:34:09,0.22,0.55,906,0.21,0.525,71,0.21,0.525,2,0.215,0.5375,23,0
IWM190913C154,2019-09-10,2019-09-10 09:34:09,0.22,0.55,906,0.21,0.525,62,0.21,0.525,2,0.215,0.5375,23,0
IWM190913C154,2019-09-10,2019-09-10 09:34:10,0.22,0.55,906,0.21,0.525,62,0.21,0.525,2,0.215,0.5375,23,0
IWM190913C154,2019-09-10,2019-09-10 09:34:11,0.22,0.55,906,0.21,0.525,62,0.21,0.525,2,0.215,0.5375,23,0
IWM190913C154,2019-09-10,2019-09-10 09:34:12,0.22,0.55,1240,0.2,0.5,246,0.21,0.525,2,0.21,0.525,23,0
IWM190913C154,2019-09-10,2019-09-10 09:34:12,0.22,0.55,1397,0.2,0.5,246,0.21,0.525,2,0.21,0.525,23,0
IWM190913C154,2019-09-10,2019-09-10 09:34:13,0.22,0.55,1397,0.2,0.5,442,0.21,0.525,2,0.21,0.525,23,0
IWM190913C154,2019-09-10,2019-09-10 09:34:13,0.22,0.55,1397,0.2,0.5,435,0.21,0.525,2,0.21,0.525,23,0
IWM190913C154,2019-09-10,2019-09-10 09:34:14,0.22,0.55,1809,0.2,0.5,435,0.21,0.525,2,0.21,0.525,23,0
IWM190913C154,2019-09-10,2019-09-10 09:34:14,0.22,0.55,1993,0.2,0.5,171,0.21,0.525,2,0.21,0.525,23,0
IWM190913C154,2019-09-10,2019-09-10 09:34:15,0.22,0.55,1927,0.2,0.5,253,0.21,0.525,2,0.21,0.525,23,0
IWM190913C154,2019-09-10,2019-09-10 09:34:15,0.22,0.55,1993,0.2,0.5,218,0.21,0.525,2,0.21,0.525,23,0
IWM190913C154,2019-09-10,2019-09-10 09:34:16,0.22,0.55,1927,0.2,0.5,251,0.21,0.525,2,0.21,0.525,23,0
IWM190913C154,2019-09-10,2019-09-10 09:34:16,0.22,0.55,1936,0.2,0.5,251,0.21,0.525,2,0.21,0.525,23,0
IWM190913C154,2019-09-10,2019-09-10 09:34:17,0.22,0.55,1985,0.2,0.5,279,0.21,0.525,2,0.21,0.525,23,0
IWM190913C154,2019-09-10,2019-09-10 09:34:17,0.22,0.55,1927,0.2,0.5,271,0.21,0.525,2,0.21,0.525,23,0
IWM190913C154,2019-09-10,2019-09-10 09:34:18,0.22,0.55,1980,0.2,0.5,176,0.21,0.525,2,0.21,0.525,23,0
IWM190913C154,2019-09-10,2019-09-10 09:34:18,0.22,0.55,1980,0.2,0.5,200,0.21,0.525,2,0.21,0.525,23,0
IWM190913C154,2019-09-10,2019-09-10 09:34:19,0.22,0.55,1972,0.2,0.5,176,0.21,0.525,2,0.21,0.525,23,0
IWM190913C154,2019-09-10,2019-09-10 09:34:20,0.22,0.55,1972,0.2,0.5,231,0.21,0.525,2,0.21,0.525,23,0
IWM190913C154,2019-09-10,2019-09-10 09:34:20,0.22,0.55,1922,0.2,0.5,268,0.21,0.525,2,0.21,0.525,23,0
IWM190913C154,2019-09-10,2019-09-10 09:34:21,0.22,0.55,1864,0.2,0.5,169,0.21,0.525,2,0.21,0.525,23,0
IWM190913C154,2019-09-10,2019-09-10 09:34:21,0.22,0.55,1864,0.2,0.5,219,0.21,0.525,2,0.21,0.525,23,0
IWM190913C154,2019-09-10,2019-09-10 09:34:22,0.21,0.525,155,0.2,0.5,43,0.21,0.525,2,0.205,0.5125,23,0
IWM190913C154,2019-09-10,2019-09-10 09:34:22,0.21,0.525,891,0.2,0.5,77,0.21,0.525,2,0.205,0.5125,23,0
IWM190913C154,2019-09-10,2019-09-10 09:34:23,0.21,0.525,990,0.2,0.5,25,0.21,0.525,2,0.205,0.5125,23,0
IWM190913C154,2019-09-10,2019-09-10 09:34:23,0.21,0.525,1067,0.2,0.5,27,0.21,0.525,2,0.205,0.5125,23,0
IWM190913C154,2019-09-10,2019-09-10 09:34:24,0.21,0.525,1056,0.2,0.5,45,0.21,0.525,2,0.205,0.5125,23,0
IWM190913C154,2019-09-10,2019-09-10 09:34:24,0.21,0.525,990,0.2,0.5,25,0.21,0.525,2,0.205,0.5125,23,0
IWM190913C154,2019-09-10,2019-09-10 09:34:25,0.21,0.525,867,0.2,0.5,37,0.21,0.525,2,0.205,0.5125,23,0
IWM190913C154,2019-09-10,2019-09-10 09:34:25,0.21,0.525,1002,0.2,0.5,45,0.21,0.525,2,0.205,0.5125,23,0
IWM190913C154,2019-09-10,2019-09-10 09:34:26,0.21,0.525,877,0.2,0.5,57,0.21,0.525,2,0.205,0.5125,23,0
IWM190913C154,2019-09-10,2019-09-10 09:34:26,0.21,0.525,635,0.2,0.5,28,0.21,0.525,2,0.205,0.5125,23,0
IWM190913C154,2019-09-10,2019-09-10 09:34:27,0.21,0.525,877,0.2,0.5,52,0.21,0.525,2,0.205,0.5125,23,0
IWM190913C154,2019-09-10,2019-09-10 09:34:27,0.21,0.525,714,0.2,0.5,121,0.21,0.525,2,0.205,0.5125,23,0
IWM190913C154,2019-09-10,2019-09-10 09:34:28,0.21,0.525,714,0.2,0.5,121,0.21,0.525,2,0.205,0.5125,23,0
IWM190913C154,2019-09-10,2019-09-10 09:34:28,0.21,0.525,135,0.2,0.5,169,0.21,0.525,2,0.205,0.5125,23,0
IWM190913C154,2019-09-10,2019-09-10 09:34:29,0.21,0.525,87,0.2,0.5,192,0.21,0.525,2,0.205,0.5125,23,0
IWM190913C154,2019-09-10,2019-09-10 09:34:29,0.21,0.525,183,0.2,0.5,192,0.21,0.525,2,0.205,0.5125,23,0
IWM190913C154,2019-09-10,2019-09-10 09:34:30,0.22,0.55,678,0.21,0.525,20,0.21,0.525,2,0.215,0.5375,23,0
IWM190913C154,2019-09-10,2019-09-10 09:34:31,0.22,0.55,1107,0.2,0.5,341,0.21,0.525,2,0.21,0.525,23,0
IWM190913C154,2019-09-10,2019-09-10 09:34:31,0.22,0.55,1083,0.21,0.525,129,0.21,0.525,2,0.215,0.5375,23,0
IWM190913C154,2019-09-10,2019-09-10 09:34:32,0.22,0.55,1107,0.2,0.5,395,0.21,0.525,2,0.21,0.525,23,0
IWM190913C154,2019-09-10,2019-09-10 09:34:32,0.22,0.55,1107,0.2,0.5,671,0.21,0.525,2,0.21,0.525,23,0
IWM190913C154,2019-09-10,2019-09-10 09:34:33,0.22,0.55,1107,0.2,0.5,869,0.21,0.525,2,0.21,0.525,23,0
IWM190913C154,2019-09-10,2019-09-10 09:34:34,0.22,0.55,1107,0.2,0.5,869,0.21,0.525,2,0.21,0.525,23,0
IWM190913C154,2019-09-10,2019-09-10 09:34:35,0.22,0.55,1015,0.21,0.525,11,0.21,0.525,2,0.215,0.5375,23,0
IWM190913C154,2019-09-10,2019-09-10 09:34:35,0.22,0.55,1117,0.21,0.525,11,0.21,0.525,2,0.215,0.5375,23,0
IWM190913C154,2019-09-10,2019-09-10 09:34:36,0.22,0.55,948,0.21,0.525,172,0.21,0.525,2,0.215,0.5375,23,0
IWM190913C154,2019-09-10,2019-09-10 09:34:36,0.22,0.55,1015,0.21,0.525,187,0.21,0.525,2,0.215,0.5375,23,0
IWM190913C154,2019-09-10,2019-09-10 09:34:37,0.22,0.55,930,0.21,0.525,187,0.21,0.525,2,0.215,0.5375,23,0
IWM190913C154,2019-09-10,2019-09-10 09:34:37,0.22,0.55,948,0.21,0.525,187,0.21,0.525,2,0.215,0.5375,23,0
IWM190913C154,2019-09-10,2019-09-10 09:34:38,0.22,0.55,848,0.21,0.525,106,0.21,0.525,2,0.215,0.5375,23,0
IWM190913C154,2019-09-10,2019-09-10 09:34:38,0.22,0.55,838,0.21,0.525,163,0.21,0.525,2,0.215,0.5375,23,0
IWM190913C154,2019-09-10,2019-09-10 09:34:39,0.22,0.55,262,0.21,0.525,188,0.21,0.525,2,0.215,0.5375,23,0
IWM190913C154,2019-09-10,2019-09-10 09:34:39,0.22,0.55,262,0.21,0.525,246,0.21,0.525,2,0.215,0.5375,23,0
IWM190913C154,2019-09-10,2019-09-10 09:34:40,0.22,0.55,262,0.21,0.525,711,0.21,0.525,2,0.215,0.5375,23,0
IWM190913C154,2019-09-10,2019-09-10 09:34:41,0.22,0.55,358,0.21,0.525,171,0.21,0.525,2,0.215,0.5375,23,0
IWM190913C154,2019-09-10,2019-09-10 09:34:41,0.22,0.55,817,0.21,0.525,171,0.21,0.525,2,0.215,0.5375,23,0
IWM190913C154,2019-09-10,2019-09-10 09:34:42,0.22,0.55,844,0.21,0.525,171,0.21,0.525,2,0.215,0.5375,23,0
IWM190913C154,2019-09-10,2019-09-10 09:34:43,0.22,0.55,1033,0.21,0.525,87,0.21,0.525,2,0.215,0.5375,23,0
IWM190913C154,2019-09-10,2019-09-10 09:34:43,0.22,0.55,1033,0.21,0.525,171,0.21,0.525,2,0.215,0.5375,23,0
IWM190913C154,2019-09-10,2019-09-10 09:34:44,0.22,0.55,1112,0.2,0.5,415,0.21,0.525,2,0.21,0.525,23,0
IWM190913C154,2019-09-10,2019-09-10 09:34:44,0.22,0.55,1119,0.2,0.5,546,0.21,0.525,2,0.21,0.525,23,0
IWM190913C154,2019-09-10,2019-09-10 09:34:45,0.22,0.55,721,0.2,0.5,930,0.21,0.525,2,0.21,0.525,23,0
IWM190913C154,2019-09-10,2019-09-10 09:34:45,0.22,0.55,459,0.2,0.5,890,0.21,0.525,2,0.21,0.525,23,0
IWM190913C154,2019-09-10,2019-09-10 09:34:46,0.22,0.55,777,0.2,0.5,959,0.21,0.525,2,0.21,0.525,23,0
IWM190913C154,2019-09-10,2019-09-10 09:34:47,0.22,0.55,1087,0.2,0.5,1125,0.21,0.525,2,0.21,0.525,23,0
IWM190913C154,2019-09-10,2019-09-10 09:34:47,0.22,0.55,1087,0.2,0.5,975,0.21,0.525,2,0.21,0.525,23,0
IWM190913C154,2019-09-10,2019-09-10 09:34:48,0.22,0.55,1180,0.21,0.525,1,0.21,0.525,2,0.215,0.5375,23,0
IWM190913C154,2019-09-10,2019-09-10 09:34:48,0.22,0.55,1087,0.2,0.5,1125,0.21,0.525,2,0.21,0.525,23,0
IWM190913C154,2019-09-10,2019-09-10 09:34:49,0.22,0.55,730,0.21,0.525,98,0.21,0.525,2,0.215,0.5375,23,0
IWM190913C154,2019-09-10,2019-09-10 09:34:49,0.22,0.55,730,0.21,0.525,150,0.21,0.525,2,0.215,0.5375,23,0
IWM190913C154,2019-09-10,2019-09-10 09:34:50,0.22,0.55,502,0.21,0.525,121,0.21,0.525,2,0.215,0.5375,23,0
IWM190913C154,2019-09-10,2019-09-10 09:34:50,0.22,0.55,713,0.21,0.525,146,0.21,0.525,2,0.215,0.5375,23,0
IWM190913C154,2019-09-10,2019-09-10 09:34:51,0.22,0.55,713,0.21,0.525,146,0.21,0.525,2,0.215,0.5375,23,0
IWM190913C154,2019-09-10,2019-09-10 09:34:51,0.22,0.55,689,0.21,0.525,146,0.21,0.525,2,0.215,0.5375,23,0
IWM190913C154,2019-09-10,2019-09-10 09:34:52,0.22,0.55,135,0.21,0.525,232,0.21,0.525,2,0.215,0.5375,23,0
IWM190913C154,2019-09-10,2019-09-10 09:34:52,0.22,0.55,458,0.21,0.525,31,0.21,0.525,2,0.215,0.5375,23,0
IWM190913C154,2019-09-10,2019-09-10 09:34:53,0.22,0.55,135,0.21,0.525,279,0.21,0.525,2,0.215,0.5375,23,0
IWM190913C154,2019-09-10,2019-09-10 09:34:53,0.23,0.575,1065,0.21,0.525,263,0.21,0.525,2,0.22,0.55,23,0
IWM190913C154,2019-09-10,2019-09-10 09:34:54,0.22,0.55,521,0.21,0.525,140,0.21,0.525,2,0.215,0.5375,23,0
IWM190913C154,2019-09-10,2019-09-10 09:34:54,0.23,0.575,1497,0.21,0.525,263,0.21,0.525,2,0.22,0.55,23,0
IWM190913C154,2019-09-10,2019-09-10 09:34:55,0.22,0.55,740,0.21,0.525,171,0.21,0.525,2,0.215,0.5375,23,0
IWM190913C154,2019-09-10,2019-09-10 09:34:55,0.22,0.55,468,0.21,0.525,162,0.21,0.525,2,0.215,0.5375,23,0
IWM190913C154,2019-09-10,2019-09-10 09:34:56,0.23,0.575,1384,0.21,0.525,830,0.21,0.525,2,0.22,0.55,23,0
IWM190913C154,2019-09-10,2019-09-10 09:34:56,0.23,0.575,1384,0.21,0.525,846,0.21,0.525,2,0.22,0.55,23,0
IWM190913C154,2019-09-10,2019-09-10 09:34:57,0.23,0.575,1639,0.21,0.525,846,0.21,0.525,2,0.22,0.55,23,0
IWM190913C154,2019-09-10,2019-09-10 09:34:57,0.23,0.575,1639,0.21,0.525,1269,0.21,0.525,2,0.22,0.55,23,0
IWM190913C154,2019-09-10,2019-09-10 09:34:58,0.23,0.575,1607,0.21,0.525,204,0.21,0.525,2,0.22,0.55,23,0
IWM190913C154,2019-09-10,2019-09-10 09:34:58,0.23,0.575,1607,0.21,0.525,1664,0.21,0.525,2,0.22,0.55,23,0
IWM190913C154,2019-09-10,2019-09-10 09:34:59,0.23,0.575,1607,0.21,0.525,788,0.21,0.525,2,0.22,0.55,23,0
IWM190913C154,2019-09-10,2019-09-10 09:35:00,0.21,0.525,138,0.2,0.5,38,0.21,0.525,2,0.205,0.5125,23,0
IWM190913C154,2019-09-10,2019-09-10 09:35:00,0.23,0.575,1321,0.2,0.5,30,0.21,0.525,2,0.215,0.5375,23,0
IWM190913C154,2019-09-10,2019-09-10 09:35:01,0.21,0.525,10,0.2,0.5,38,0.21,0.525,2,0.205,0.5125,23,0
IWM190913C154,2019-09-10,2019-09-10 09:35:01,0.21,0.525,10,0.2,0.5,337,0.21,0.525,2,0.205,0.5125,23,0
IWM190913C154,2019-09-10,2019-09-10 09:35:02,0.21,0.525,10,0.2,0.5,306,0.21,0.525,2,0.205,0.5125,23,0
IWM190913C154,2019-09-10,2019-09-10 09:35:02,0.21,0.525,100,0.2,0.5,230,0.21,0.525,2,0.205,0.5125,23,0
IWM190913C154,2019-09-10,2019-09-10 09:35:03,0.21,0.525,100,0.2,0.5,259,0.21,0.525,2,0.205,0.5125,23,0
IWM190913C154,2019-09-10,2019-09-10 09:35:04,0.21,0.525,100,0.2,0.5,253,0.21,0.525,10,0.205,0.5125,33,10
IWM190913C154,2019-09-10,2019-09-10 09:35:04,0.21,0.525,100,0.2,0.5,278,0.21,0.525,10,0.205,0.5125,33,0
IWM190913C154,2019-09-10,2019-09-10 09:35:05,0.22,0.55,1607,0.2,0.5,283,0.21,0.525,10,0.21,0.525,33,0
IWM190913C154,2019-09-10,2019-09-10 09:35:05,0.21,0.525,17,0.2,0.5,413,0.21,0.525,10,0.205,0.5125,33,0
IWM190913C154,2019-09-10,2019-09-10 09:35:06,0.22,0.55,1024,0.2,0.5,462,0.21,0.525,10,0.21,0.525,33,0
IWM190913C154,2019-09-10,2019-09-10 09:35:06,0.22,0.55,514,0.21,0.525,98,0.21,0.525,10,0.215,0.5375,33,0
IWM190913C154,2019-09-10,2019-09-10 09:35:07,0.22,0.55,522,0.21,0.525,154,0.21,0.525,10,0.215,0.5375,33,0
IWM190913C154,2019-09-10,2019-09-10 09:35:07,0.22,0.55,556,0.21,0.525,63,0.21,0.525,10,0.215,0.5375,33,0
IWM190913C154,2019-09-10,2019-09-10 09:35:08,0.22,0.55,463,0.2,0.5,70,0.21,0.525,10,0.21,0.525,33,0
IWM190913C154,2019-09-10,2019-09-10 09:35:08,0.22,0.55,1406,0.2,0.5,109,0.21,0.525,10,0.21,0.525,33,0
IWM190913C154,2019-09-10,2019-09-10 09:35:09,0.21,0.525,704,0.2,0.5,150,0.21,0.525,10,0.205,0.5125,33,0
IWM190913C154,2019-09-10,2019-09-10 09:35:09,0.21,0.525,747,0.2,0.5,29,0.21,0.525,10,0.205,0.5125,33,0
IWM190913C154,2019-09-10,2019-09-10 09:35:10,0.21,0.525,980,0.2,0.5,150,0.21,0.525,10,0.205,0.5125,33,0
IWM190913C154,2019-09-10,2019-09-10 09:35:10,0.21,0.525,1096,0.2,0.5,18,0.21,0.525,10,0.205,0.5125,33,0
IWM190913C154,2019-09-10,2019-09-10 09:35:11,0.21,0.525,1136,0.2,0.5,18,0.21,0.525,10,0.205,0.5125,33,0
IWM190913C154,2019-09-10,2019-09-10 09:35:11,0.21,0.525,806,0.2,0.5,1,0.21,0.525,10,0.205,0.5125,33,0
IWM190913C154,2019-09-10,2019-09-10 09:35:12,0.21,0.525,1162,0.2,0.5,47,0.21,0.525,10,0.205,0.5125,33,0
IWM190913C154,2019-09-10,2019-09-10 09:35:13,0.21,0.525,179,0.2,0.5,100,0.21,0.525,10,0.205,0.5125,33,0
IWM190913C154,2019-09-10,2019-09-10 09:35:13,0.21,0.525,240,0.2,0.5,154,0.21,0.525,10,0.205,0.5125,33,0
IWM190913C154,2019-09-10,2019-09-10 09:35:14,0.21,0.525,364,0.2,0.5,134,0.21,0.525,10,0.205,0.5125,33,0
IWM190913C154,2019-09-10,2019-09-10 09:35:14,0.21,0.525,115,0.2,0.5,102,0.21,0.525,10,0.205,0.5125,33,0
IWM190913C154,2019-09-10,2019-09-10 09:35:15,0.21,0.525,3,0.2,0.5,87,0.21,0.525,10,0.205,0.5125,33,0
IWM190913C154,2019-09-10,2019-09-10 09:35:15,0.21,0.525,136,0.2,0.5,87,0.21,0.525,10,0.205,0.5125,33,0
IWM190913C154,2019-09-10,2019-09-10 09:35:16,0.22,0.55,836,0.2,0.5,298,0.21,0.525,10,0.21,0.525,33,0
IWM190913C154,2019-09-10,2019-09-10 09:35:16,0.21,0.525,3,0.2,0.5,308,0.21,0.525,10,0.205,0.5125,33,0
IWM190913C154,2019-09-10,2019-09-10 09:35:17,0.22,0.55,1209,0.2,0.5,139,0.21,0.525,10,0.21,0.525,33,0
IWM190913C154,2019-09-10,2019-09-10 09:35:18,0.22,0.55,1417,0.2,0.5,323,0.21,0.525,10,0.21,0.525,33,0
IWM190913C154,2019-09-10,2019-09-10 09:35:18,0.22,0.55,870,0.2,0.5,139,0.21,0.525,10,0.21,0.525,33,0
IWM190913C154,2019-09-10,2019-09-10 09:35:19,0.22,0.55,1553,0.2,0.5,115,0.21,0.525,10,0.21,0.525,33,0
IWM190913C154,2019-09-10,2019-09-10 09:35:19,0.22,0.55,1553,0.2,0.5,577,0.21,0.525,10,0.21,0.525,33,0
IWM190913C154,2019-09-10,2019-09-10 09:35:20,0.22,0.55,585,0.2,0.5,500,0.21,0.525,10,0.21,0.525,33,0
IWM190913C154,2019-09-10,2019-09-10 09:35:21,0.22,0.55,574,0.2,0.5,1027,0.21,0.525,10,0.21,0.525,33,0
IWM190913C154,2019-09-10,2019-09-10 09:35:21,0.22,0.55,586,0.2,0.5,1043,0.21,0.525,10,0.21,0.525,33,0
IWM190913C154,2019-09-10,2019-09-10 09:35:22,0.22,0.55,578,0.21,0.525,150,0.21,0.525,10,0.215,0.5375,33,0
IWM190913C154,2019-09-10,2019-09-10 09:35:22,0.22,0.55,616,0.21,0.525,159,0.21,0.525,10,0.215,0.5375,33,0
IWM190913C154,2019-09-10,2019-09-10 09:35:23,0.22,0.55,19,0.21,0.525,20,0.21,0.525,10,0.215,0.5375,33,0
IWM190913C154,2019-09-10,2019-09-10 09:35:23,0.22,0.55,522,0.2,0.5,707,0.21,0.525,10,0.21,0.525,33,0
IWM190913C154,2019-09-10,2019-09-10 09:35:24,0.23,0.575,1357,0.21,0.525,184,0.21,0.525,10,0.22,0.55,33,0
IWM190913C154,2019-09-10,2019-09-10 09:35:24,0.23,0.575,1801,0.21,0.525,174,0.21,0.525,10,0.22,0.55,33,0
IWM190913C154,2019-09-10,2019-09-10 09:35:25,0.23,0.575,1759,0.21,0.525,319,0.21,0.525,10,0.22,0.55,33,0
IWM190913C154,2019-09-10,2019-09-10 09:35:25,0.23,0.575,1801,0.21,0.525,181,0.21,0.525,10,0.22,0.55,33,0
IWM190913C154,2019-09-10,2019-09-10 09:35:26,0.23,0.575,1629,0.21,0.525,1598,0.21,0.525,10,0.22,0.55,33,0
IWM190913C154,2019-09-10,2019-09-10 09:35:26,0.23,0.575,1387,0.21,0.525,1111,0.21,0.525,10,0.22,0.55,33,0
IWM190913C154,2019-09-10,2019-09-10 09:35:27,0.23,0.575,1629,0.21,0.525,1457,0.21,0.525,10,0.22,0.55,33,0
IWM190913C154,2019-09-10,2019-09-10 09:35:27,0.23,0.575,1479,0.21,0.525,1473,0.21,0.525,10,0.22,0.55,33,0
IWM190913C154,2019-09-10,2019-09-10 09:35:28,0.23,0.575,1430,0.21,0.525,231,0.21,0.525,10,0.22,0.55,33,0
IWM190913C154,2019-09-10,2019-09-10 09:35:28,0.23,0.575,1442,0.21,0.525,231,0.21,0.525,10,0.22,0.55,33,0
IWM190913C154,2019-09-10,2019-09-10 09:35:29,0.23,0.575,2242,0.21,0.525,231,0.21,0.525,10,0.22,0.55,33,0
IWM190913C154,2019-09-10,2019-09-10 09:35:29,0.23,0.575,2064,0.21,0.525,231,0.21,0.525,10,0.22,0.55,33,0
IWM190913C154,2019-09-10,2019-09-10 09:35:30,0.23,0.575,1873,0.21,0.525,560,0.21,0.525,10,0.22,0.55,33,0
IWM190913C154,2019-09-10,2019-09-10 09:35:30,0.23,0.575,2238,0.21,0.525,232,0.21,0.525,10,0.22,0.55,33,0
IWM190913C154,2019-09-10,2019-09-10 09:35:31,0.23,0.575,1119,0.21,0.525,576,0.21,0.525,10,0.22,0.55,33,0
IWM190913C154,2019-09-10,2019-09-10 09:35:31,0.23,0.575,1777,0.21,0.525,576,0.21,0.525,10,0.22,0.55,33,0
IWM190913C154,2019-09-10,2019-09-10 09:35:32,0.23,0.575,1119,0.22,0.55,179,0.21,0.525,10,0.225,0.5625,33,0
IWM190913C154,2019-09-10,2019-09-10 09:35:33,0.23,0.575,1119,0.22,0.55,179,0.21,0.525,10,0.225,0.5625,33,0
IWM190913C154,2019-09-10,2019-09-10 09:35:33,0.23,0.575,667,0.22,0.55,180,0.21,0.525,10,0.225,0.5625,33,0
IWM190913C154,2019-09-10,2019-09-10 09:35:34,0.23,0.575,24,0.22,0.55,12,0.21,0.525,10,0.225,0.5625,33,0
IWM190913C154,2019-09-10,2019-09-10 09:35:34,0.23,0.575,24,0.22,0.55,171,0.21,0.525,10,0.225,0.5625,33,0
IWM190913C154,2019-09-10,2019-09-10 09:35:35,0.24,0.6,659,0.22,0.55,181,0.21,0.525,10,0.23,0.575,33,0
IWM190913C154,2019-09-10,2019-09-10 09:35:35,0.24,0.6,764,0.22,0.55,217,0.21,0.525,10,0.23,0.575,33,0
IWM190913C154,2019-09-10,2019-09-10 09:35:36,0.24,0.6,764,0.22,0.55,217,0.21,0.525,10,0.23,0.575,33,0
IWM190913C154,2019-09-10,2019-09-10 09:35:36,0.23,0.575,20,0.22,0.55,142,0.21,0.525,10,0.225,0.5625,33,0
IWM190913C154,2019-09-10,2019-09-10 09:35:37,0.23,0.575,25,0.22,0.55,332,0.21,0.525,10,0.225,0.5625,33,0
IWM190913C154,2019-09-10,2019-09-10 09:35:37,0.23,0.575,18,0.22,0.55,332,0.21,0.525,10,0.225,0.5625,33,0
IWM190913C154,2019-09-10,2019-09-10 09:35:38,0.23,0.575,18,0.22,0.55,329,0.21,0.525,10,0.225,0.5625,33,0
IWM190913C154,2019-09-10,2019-09-10 09:35:38,0.23,0.575,28,0.22,0.55,339,0.21,0.525,10,0.225,0.5625,33,0
IWM190913C154,2019-09-10,2019-09-10 09:35:39,0.23,0.575,95,0.21,0.525,199,0.21,0.525,10,0.22,0.55,33,0
IWM190913C154,2019-09-10,2019-09-10 09:35:40,0.23,0.575,55,0.22,0.55,60,0.21,0.525,10,0.225,0.5625,33,0
IWM190913C154,2019-09-10,2019-09-10 09:35:40,0.23,0.575,375,0.21,0.525,745,0.21,0.525,10,0.22,0.55,33,0
IWM190913C154,2019-09-10,2019-09-10 09:35:41,0.23,0.575,13,0.22,0.55,133,0.21,0.525,10,0.225,0.5625,33,0
IWM190913C154,2019-09-10,2019-09-10 09:35:41,0.24,0.6,197,0.22,0.55,231,0.21,0.525,10,0.23,0.575,33,0
IWM190913C154,2019-09-10,2019-09-10 09:35:42,0.24,0.6,760,0.23,0.575,150,0.21,0.525,10,0.235,0.5875,33,0
IWM190913C154,2019-09-10,2019-09-10 09:35:42,0.24,0.6,784,0.22,0.55,879,0.21,0.525,10,0.23,0.575,33,0
IWM190913C154,2019-09-10,2019-09-10 09:35:43,0.24,0.6,99,0.23,0.575,171,0.21,0.525,10,0.235,0.5875,33,0
IWM190913C154,2019-09-10,2019-09-10 09:35:44,0.24,0.6,402,0.23,0.575,171,0.23,0.575,2,0.235,0.5875,37,4
IWM190913C154,2019-09-10,2019-09-10 09:35:44,0.24,0.6,1176,0.23,0.575,150,0.23,0.575,2,0.235,0.5875,37,0
IWM190913C154,2019-09-10,2019-09-10 09:35:45,0.24,0.6,728,0.23,0.575,150,0.23,0.575,2,0.235,0.5875,37,0
IWM190913C154,2019-09-10,2019-09-10 09:35:45,0.24,0.6,730,0.23,0.575,162,0.23,0.575,2,0.235,0.5875,37,0
IWM190913C154,2019-09-10,2019-09-10 09:35:46,0.24,0.6,788,0.23,0.575,162,0.23,0.575,2,0.235,0.5875,37,0
IWM190913C154,2019-09-10,2019-09-10 09:35:47,0.24,0.6,825,0.22,0.55,581,0.23,0.575,2,0.23,0.575,37,0
IWM190913C154,2019-09-10,2019-09-10 09:35:47,0.24,0.6,1027,0.22,0.55,123,0.23,0.575,2,0.23,0.575,37,0
IWM190913C154,2019-09-10,2019-09-10 09:35:48,0.24,0.6,845,0.22,0.55,496,0.23,0.575,2,0.23,0.575,37,0
IWM190913C154,2019-09-10,2019-09-10 09:35:48,0.24,0.6,845,0.22,0.55,512,0.23,0.575,2,0.23,0.575,37,0
IWM190913C154,2019-09-10,2019-09-10 09:35:49,0.24,0.6,1202,0.22,0.55,512,0.23,0.575,2,0.23,0.575,37,0
IWM190913C154,2019-09-10,2019-09-10 09:35:49,0.24,0.6,1113,0.22,0.55,512,0.23,0.575,2,0.23,0.575,37,0
IWM190913C154,2019-09-10,2019-09-10 09:35:50,0.24,0.6,1259,0.22,0.55,111,0.23,0.575,2,0.23,0.575,37,0
IWM190913C154,2019-09-10,2019-09-10 09:35:50,0.24,0.6,1097,0.22,0.55,512,0.23,0.575,2,0.23,0.575,37,0
IWM190913C154,2019-09-10,2019-09-10 09:35:51,0.23,0.575,555,0.22,0.55,81,0.23,0.575,2,0.225,0.5625,37,0
IWM190913C154,2019-09-10,2019-09-10 09:35:51,0.24,0.6,1708,0.22,0.55,140,0.23,0.575,2,0.23,0.575,37,0
IWM190913C154,2019-09-10,2019-09-10 09:35:52,0.23,0.575,669,0.22,0.55,81,0.23,0.575,2,0.225,0.5625,37,0
IWM190913C154,2019-09-10,2019-09-10 09:35:53,0.23,0.575,555,0.22,0.55,81,0.23,0.575,2,0.225,0.5625,37,0
IWM190913C154,2019-09-10,2019-09-10 09:35:53,0.24,0.6,1425,0.22,0.55,91,0.23,0.575,2,0.23,0.575,37,0
IWM190913C154,2019-09-10,2019-09-10 09:35:54,0.24,0.6,1658,0.22,0.55,91,0.23,0.575,2,0.23,0.575,37,0
IWM190913C154,2019-09-10,2019-09-10 09:35:55,0.24,0.6,1114,0.22,0.55,302,0.23,0.575,2,0.23,0.575,37,0
IWM190913C154,2019-09-10,2019-09-10 09:35:55,0.24,0.6,1063,0.23,0.575,1,0.23,0.575,2,0.235,0.5875,37,0
IWM190913C154,2019-09-10,2019-09-10 09:35:56,0.24,0.6,1053,0.22,0.55,318,0.23,0.575,2,0.23,0.575,37,0
IWM190913C154,2019-09-10,2019-09-10 09:35:57,0.24,0.6,1153,0.22,0.55,81,0.23,0.575,2,0.23,0.575,37,0
IWM190913C154,2019-09-10,2019-09-10 09:35:57,0.24,0.6,1128,0.22,0.55,81,0.23,0.575,2,0.23,0.575,37,0
IWM190913C154,2019-09-10,2019-09-10 09:35:58,0.24,0.6,1103,0.22,0.55,111,0.23,0.575,2,0.23,0.575,37,0
IWM190913C154,2019-09-10,2019-09-10 09:35:58,0.24,0.6,1103,0.22,0.55,101,0.23,0.575,2,0.23,0.575,37,0
IWM190913C154,2019-09-10,2019-09-10 09:35:59,0.24,0.6,1153,0.22,0.55,111,0.23,0.575,2,0.23,0.575,37,0
IWM190913C154,2019-09-10,2019-09-10 09:35:59,0.24,0.6,1364,0.22,0.55,22,0.23,0.575,2,0.23,0.575,37,0
IWM190913C154,2019-09-10,2019-09-10 09:36:00,0.24,0.6,1364,0.22,0.55,100,0.23,0.575,2,0.23,0.575,37,0
IWM190913C154,2019-09-10,2019-09-10 09:36:01,0.24,0.6,1214,0.22,0.55,110,0.23,0.575,2,0.23,0.575,37,0
IWM190913C154,2019-09-10,2019-09-10 09:36:01,0.23,0.575,391,0.22,0.55,3,0.23,0.575,2,0.225,0.5625,37,0
IWM190913C154,2019-09-10,2019-09-10 09:36:02,0.23,0.575,526,0.22,0.55,109,0.23,0.575,2,0.225,0.5625,37,0
IWM190913C154,2019-09-10,2019-09-10 09:36:02,0.23,0.575,1312,0.21,0.525,528,0.23,0.575,2,0.22,0.55,37,0
IWM190913C154,2019-09-10,2019-09-10 09:36:03,0.23,0.575,758,0.22,0.55,6,0.23,0.575,2,0.225,0.5625,37,0
IWM190913C154,2019-09-10,2019-09-10 09:36:03,0.23,0.575,476,0.22,0.55,94,0.23,0.575,2,0.225,0.5625,37,0
IWM190913C154,2019-09-10,2019-09-10 09:36:04,0.23,0.575,1108,0.21,0.525,100,0.23,0.575,2,0.22,0.55,37,0
IWM190913C154,2019-09-10,2019-09-10 09:36:04,0.23,0.575,1420,0.21,0.525,100,0.23,0.575,2,0.22,0.55,37,0
IWM190913C154,2019-09-10,2019-09-10 09:36:05,0.23,0.575,1470,0.21,0.525,100,0.23,0.575,2,0.22,0.55,37,0
IWM190913C154,2019-09-10,2019-09-10 09:36:05,0.23,0.575,1420,0.21,0.525,151,0.23,0.575,2,0.22,0.55,37,0
IWM190913C154,2019-09-10,2019-09-10 09:36:06,0.23,0.575,420,0.22,0.55,9,0.23,0.575,2,0.225,0.5625,37,0
IWM190913C154,2019-09-10,2019-09-10 09:36:06,0.23,0.575,399,0.22,0.55,150,0.23,0.575,2,0.225,0.5625,37,0
IWM190913C154,2019-09-10,2019-09-10 09:36:07,0.23,0.575,29,0.22,0.55,122,0.23,0.575,2,0.225,0.5625,37,0
IWM190913C154,2019-09-10,2019-09-10 09:36:07,0.23,0.575,287,0.22,0.55,158,0.23,0.575,2,0.225,0.5625,37,0
IWM190913C154,2019-09-10,2019-09-10 09:36:08,0.23,0.575,29,0.22,0.55,122,0.23,0.575,2,0.225,0.5625,37,0
IWM190913C154,2019-09-10,2019-09-10 09:36:08,0.24,0.6,894,0.22,0.55,122,0.23,0.575,2,0.23,0.575,37,0
IWM190913C154,2019-09-10,2019-09-10 09:36:09,0.23,0.575,18,0.22,0.55,122,0.23,0.575,2,0.225,0.5625,37,0
IWM190913C154,2019-09-10,2019-09-10 09:36:10,0.24,0.6,970,0.22,0.55,122,0.23,0.575,2,0.23,0.575,37,0
IWM190913C154,2019-09-10,2019-09-10 09:36:10,0.24,0.6,1548,0.22,0.55,492,0.23,0.575,2,0.23,0.575,37,0
IWM190913C154,2019-09-10,2019-09-10 09:36:11,0.24,0.6,607,0.23,0.575,1,0.23,0.575,2,0.235,0.5875,37,0
IWM190913C154,2019-09-10,2019-09-10 09:36:11,0.24,0.6,579,0.22,0.55,1425,0.23,0.575,2,0.23,0.575,37,0
IWM190913C154,2019-09-10,2019-09-10 09:36:12,0.24,0.6,557,0.23,0.575,150,0.23,0.575,2,0.235,0.5875,37,0
IWM190913C154,2019-09-10,2019-09-10 09:36:12,0.24,0.6,607,0.23,0.575,2,0.23,0.575,2,0.235,0.5875,37,0
IWM190913C154,2019-09-10,2019-09-10 09:36:13,0.24,0.6,557,0.23,0.575,150,0.23,0.575,2,0.235,0.5875,37,0
IWM190913C154,2019-09-10,2019-09-10 09:36:13,0.24,0.6,571,0.23,0.575,150,0.23,0.575,2,0.235,0.5875,37,0
IWM190913C154,2019-09-10,2019-09-10 09:36:14,0.24,0.6,562,0.23,0.575,80,0.23,0.575,2,0.235,0.5875,37,0
IWM190913C154,2019-09-10,2019-09-10 09:36:14,0.24,0.6,562,0.23,0.575,150,0.23,0.575,2,0.235,0.5875,37,0
IWM190913C154,2019-09-10,2019-09-10 09:36:15,0.24,0.6,637,0.22,0.55,1246,0.23,0.575,2,0.23,0.575,37,0
IWM190913C154,2019-09-10,2019-09-10 09:36:15,0.24,0.6,509,0.22,0.55,1121,0.23,0.575,2,0.23,0.575,37,0
IWM190913C154,2019-09-10,2019-09-10 09:36:16,0.24,0.6,620,0.22,0.55,1126,0.23,0.575,2,0.23,0.575,37,0
IWM190913C154,2019-09-10,2019-09-10 09:36:17,0.24,0.6,18,0.22,0.55,976,0.23,0.575,2,0.23,0.575,37,0
IWM190913C154,2019-09-10,2019-09-10 09:36:17,0.24,0.6,18,0.23,0.575,116,0.23,0.575,2,0.235,0.5875,37,0
IWM190913C154,2019-09-10,2019-09-10 09:36:18,0.24,0.6,18,0.23,0.575,116,0.23,0.575,2,0.235,0.5875,37,0
IWM190913C154,2019-09-10,2019-09-10 09:36:19,0.24,0.6,18,0.23,0.575,110,0.23,0.575,2,0.235,0.5875,37,0
IWM190913C154,2019-09-10,2019-09-10 09:36:20,0.24,0.6,406,0.23,0.575,166,0.23,0.575,2,0.235,0.5875,37,0
IWM190913C154,2019-09-10,2019-09-10 09:36:20,0.24,0.6,406,0.22,0.55,1092,0.23,0.575,2,0.23,0.575,37,0
IWM190913C154,2019-09-10,2019-09-10 09:36:21,0.24,0.6,572,0.22,0.55,1185,0.23,0.575,2,0.23,0.575,37,0
IWM190913C154,2019-09-10,2019-09-10 09:36:21,0.24,0.6,476,0.22,0.55,698,0.23,0.575,2,0.23,0.575,37,0
IWM190913C154,2019-09-10,2019-09-10 09:36:22,0.24,0.6,18,0.22,0.55,1090,0.23,0.575,2,0.23,0.575,37,0
IWM190913C154,2019-09-10,2019-09-10 09:36:22,0.24,0.6,418,0.22,0.55,1359,0.23,0.575,2,0.23,0.575,37,0
IWM190913C154,2019-09-10,2019-09-10 09:36:23,0.24,0.6,50,0.22,0.55,1024,0.23,0.575,2,0.23,0.575,37,0
IWM190913C154,2019-09-10,2019-09-10 09:36:23,0.24,0.6,18,0.22,0.55,857,0.23,0.575,2,0.23,0.575,37,0
IWM190913C154,2019-09-10,2019-09-10 09:36:24,0.24,0.6,969,0.22,0.55,1278,0.23,0.575,2,0.23,0.575,37,0
IWM190913C154,2019-09-10,2019-09-10 09:36:24,0.24,0.6,807,0.22,0.55,889,0.23,0.575,2,0.23,0.575,37,0
IWM190913C154,2019-09-10,2019-09-10 09:36:25,0.24,0.6,919,0.22,0.55,272,0.23,0.575,2,0.23,0.575,37,0
IWM190913C154,2019-09-10,2019-09-10 09:36:25,0.24,0.6,1378,0.22,0.55,140,0.23,0.575,2,0.23,0.575,37,0
IWM190913C154,2019-09-10,2019-09-10 09:36:26,0.24,0.6,1444,0.22,0.55,144,0.23,0.575,2,0.23,0.575,37,0
IWM190913C154,2019-09-10,2019-09-10 09:36:26,0.24,0.6,1378,0.22,0.55,400,0.23,0.575,2,0.23,0.575,37,0
IWM190913C154,2019-09-10,2019-09-10 09:36:27,0.24,0.6,985,0.22,0.55,158,0.23,0.575,2,0.23,0.575,37,0
IWM190913C154,2019-09-10,2019-09-10 09:36:27,0.24,0.6,1378,0.22,0.55,156,0.23,0.575,2,0.23,0.575,37,0
IWM190913C154,2019-09-10,2019-09-10 09:36:28,0.24,0.6,985,0.22,0.55,156,0.23,0.575,2,0.23,0.575,37,0
IWM190913C154,2019-09-10,2019-09-10 09:36:29,0.24,0.6,1552,0.22,0.55,130,0.23,0.575,2,0.23,0.575,37,0
IWM190913C154,2019-09-10,2019-09-10 09:36:29,0.23,0.575,60,0.22,0.55,34,0.23,0.575,2,0.225,0.5625,37,0
IWM190913C154,2019-09-10,2019-09-10 09:36:30,0.23,0.575,406,0.22,0.55,111,0.23,0.575,2,0.225,0.5625,37,0
IWM190913C154,2019-09-10,2019-09-10 09:36:30,0.23,0.575,172,0.22,0.55,111,0.23,0.575,2,0.225,0.5625,37,0
IWM190913C154,2019-09-10,2019-09-10 09:36:31,0.23,0.575,1126,0.22,0.55,23,0.23,0.575,2,0.225,0.5625,37,0
IWM190913C154,2019-09-10,2019-09-10 09:36:31,0.23,0.575,1314,0.22,0.55,67,0.23,0.575,2,0.225,0.5625,37,0
IWM190913C154,2019-09-10,2019-09-10 09:36:32,0.23,0.575,1076,0.22,0.55,23,0.23,0.575,2,0.225,0.5625,37,0
IWM190913C154,2019-09-10,2019-09-10 09:36:33,0.23,0.575,685,0.22,0.55,23,0.23,0.575,2,0.225,0.5625,37,0
IWM190913C154,2019-09-10,2019-09-10 09:36:34,0.23,0.575,733,0.22,0.55,23,0.23,0.575,2,0.225,0.5625,37,0
IWM190913C154,2019-09-10,2019-09-10 09:36:35,0.23,0.575,1151,0.22,0.55,23,0.23,0.575,2,0.225,0.5625,37,0
IWM190913C154,2019-09-10,2019-09-10 09:36:36,0.23,0.575,914,0.22,0.55,23,0.23,0.575,2,0.225,0.5625,37,0
IWM190913C154,2019-09-10,2019-09-10 09:36:36,0.23,0.575,887,0.22,0.55,23,0.23,0.575,2,0.225,0.5625,37,0
IWM190913C154,2019-09-10,2019-09-10 09:36:37,0.23,0.575,1193,0.22,0.55,23,0.23,0.575,2,0.225,0.5625,37,0
IWM190913C154,2019-09-10,2019-09-10 09:36:37,0.23,0.575,857,0.22,0.55,23,0.23,0.575,2,0.225,0.5625,37,0
IWM190913C154,2019-09-10,2019-09-10 09:36:38,0.24,0.6,1030,0.22,0.55,150,0.23,0.575,2,0.23,0.575,37,0
IWM190913C154,2019-09-10,2019-09-10 09:36:38,0.23,0.575,927,0.22,0.55,23,0.23,0.575,2,0.225,0.5625,37,0
IWM190913C154,2019-09-10,2019-09-10 09:36:39,0.24,0.6,1523,0.22,0.55,226,0.23,0.575,2,0.23,0.575,37,0
IWM190913C154,2019-09-10,2019-09-10 09:36:39,0.24,0.6,1673,0.22,0.55,150,0.23,0.575,2,0.23,0.575,37,0
IWM190913C154,2019-09-10,2019-09-10 09:36:40,0.23,0.575,60,0.22,0.55,110,0.23,0.575,2,0.225,0.5625,37,0
IWM190913C154,2019-09-10,2019-09-10 09:36:40,0.24,0.6,1523,0.22,0.55,401,0.23,0.575,2,0.23,0.575,37,0
IWM190913C154,2019-09-10,2019-09-10 09:36:41,0.24,0.6,1537,0.22,0.55,230,0.23,0.575,2,0.23,0.575,37,0
IWM190913C154,2019-09-10,2019-09-10 09:36:41,0.23,0.575,18,0.22,0.55,121,0.23,0.575,2,0.225,0.5625,37,0
IWM190913C154,2019-09-10,2019-09-10 09:36:42,0.24,0.6,18,0.22,0.55,820,0.23,0.575,2,0.23,0.575,37,0
IWM190913C154,2019-09-10,2019-09-10 09:36:42,0.24,0.6,1581,0.22,0.55,230,0.23,0.575,2,0.23,0.575,37,0
IWM190913C154,2019-09-10,2019-09-10 09:36:43,0.24,0.6,18,0.22,0.55,863,0.23,0.575,2,0.23,0.575,37,0
IWM190913C154,2019-09-10,2019-09-10 09:36:43,0.24,0.6,18,0.22,0.55,686,0.23,0.575,2,0.23,0.575,37,0
IWM190913C154,2019-09-10,2019-09-10 09:36:44,0.24,0.6,114,0.22,0.55,1120,0.23,0.575,2,0.23,0.575,37,0
IWM190913C154,2019-09-10,2019-09-10 09:36:44,0.24,0.6,114,0.22,0.55,1203,0.23,0.575,2,0.23,0.575,37,0
IWM190913C154,2019-09-10,2019-09-10 09:36:45,0.24,0.6,83,0.22,0.55,1282,0.23,0.575,2,0.23,0.575,37,0
IWM190913C154,2019-09-10,2019-09-10 09:36:45,0.24,0.6,217,0.22,0.55,1282,0.23,0.575,2,0.23,0.575,37,0
IWM190913C154,2019-09-10,2019-09-10 09:36:46,0.24,0.6,150,0.22,0.55,1007,0.23,0.575,2,0.23,0.575,37,0
IWM190913C154,2019-09-10,2019-09-10 09:36:46,0.24,0.6,69,0.23,0.575,22,0.23,0.575,2,0.235,0.5875,37,0
IWM190913C154,2019-09-10,2019-09-10 09:36:47,0.24,0.6,223,0.22,0.55,808,0.23,0.575,2,0.23,0.575,37,0
IWM190913C154,2019-09-10,2019-09-10 09:36:47,0.24,0.6,309,0.22,0.55,808,0.23,0.575,2,0.23,0.575,37,0
IWM190913C154,2019-09-10,2019-09-10 09:36:48,0.25,0.625,1146,0.23,0.575,229,0.23,0.575,2,0.24,0.6,37,0
IWM190913C154,2019-09-10,2019-09-10 09:36:48,0.24,0.6,69,0.23,0.575,111,0.23,0.575,2,0.235,0.5875,37,0
IWM190913C154,2019-09-10,2019-09-10 09:36:49,0.25,0.625,1056,0.23,0.575,229,0.23,0.575,2,0.24,0.6,37,0
IWM190913C154,2019-09-10,2019-09-10 09:36:50,0.25,0.625,1056,0.23,0.575,259,0.23,0.575,2,0.24,0.6,37,0
IWM190913C154,2019-09-10,2019-09-10 09:36:51,0.24,0.6,180,0.23,0.575,140,0.23,0.575,2,0.235,0.5875,37,0
IWM190913C154,2019-09-10,2019-09-10 09:36:51,0.24,0.6,363,0.23,0.575,121,0.23,0.575,2,0.235,0.5875,37,0
IWM190913C154,2019-09-10,2019-09-10 09:36:52,0.24,0.6,426,0.23,0.575,100,0.23,0.575,2,0.235,0.5875,37,0
IWM190913C154,2019-09-10,2019-09-10 09:36:52,0.24,0.6,418,0.23,0.575,100,0.23,0.575,2,0.235,0.5875,37,0
IWM190913C154,2019-09-10,2019-09-10 09:36:53,0.24,0.6,18,0.23,0.575,110,0.23,0.575,2,0.235,0.5875,37,0
IWM190913C154,2019-09-10,2019-09-10 09:36:53,0.24,0.6,281,0.23,0.575,110,0.23,0.575,2,0.235,0.5875,37,0
IWM190913C154,2019-09-10,2019-09-10 09:36:54,0.25,0.625,1363,0.23,0.575,110,0.23,0.575,2,0.24,0.6,37,0
IWM190913C154,2019-09-10,2019-09-10 09:36:54,0.25,0.625,1363,0.23,0.575,120,0.23,0.575,2,0.24,0.6,37,0
IWM190913C154,2019-09-10,2019-09-10 09:36:55,0.25,0.625,1363,0.23,0.575,111,0.23,0.575,2,0.24,0.6,37,0
IWM190913C154,2019-09-10,2019-09-10 09:36:55,0.25,0.625,1363,0.23,0.575,121,0.23,0.575,2,0.24,0.6,37,0
IWM190913C154,2019-09-10,2019-09-10 09:36:56,0.25,0.625,1363,0.23,0.575,120,0.23,0.575,2,0.24,0.6,37,0
IWM190913C154,2019-09-10,2019-09-10 09:36:56,0.25,0.625,1363,0.23,0.575,110,0.23,0.575,2,0.24,0.6,37,0
IWM190913C154,2019-09-10,2019-09-10 09:36:57,0.24,0.6,9,0.23,0.575,120,0.23,0.575,2,0.235,0.5875,37,0
IWM190913C154,2019-09-10,2019-09-10 09:36:58,0.24,0.6,9,0.23,0.575,120,0.23,0.575,2,0.235,0.5875,37,0
IWM190913C154,2019-09-10,2019-09-10 09:36:58,0.24,0.6,9,0.23,0.575,111,0.23,0.575,2,0.235,0.5875,37,0
IWM190913C154,2019-09-10,2019-09-10 09:36:59,0.24,0.6,9,0.23,0.575,150,0.23,0.575,2,0.235,0.5875,37,0
IWM190913C154,2019-09-10,2019-09-10 09:36:59,0.24,0.6,9,0.23,0.575,151,0.23,0.575,2,0.235,0.5875,37,0
IWM190913C154,2019-09-10,2019-09-10 09:37:00,0.24,0.6,433,0.23,0.575,100,0.23,0.575,2,0.235,0.5875,37,0
IWM190913C154,2019-09-10,2019-09-10 09:37:00,0.24,0.6,89,0.23,0.575,150,0.23,0.575,2,0.235,0.5875,37,0
IWM190913C154,2019-09-10,2019-09-10 09:37:01,0.24,0.6,433,0.22,0.55,605,0.23,0.575,2,0.23,0.575,37,0
IWM190913C154,2019-09-10,2019-09-10 09:37:01,0.24,0.6,433,0.23,0.575,100,0.23,0.575,2,0.235,0.5875,37,0
IWM190913C154,2019-09-10,2019-09-10 09:37:02,0.24,0.6,9,0.23,0.575,150,0.23,0.575,2,0.235,0.5875,37,0
IWM190913C154,2019-09-10,2019-09-10 09:37:02,0.24,0.6,346,0.22,0.55,605,0.23,0.575,2,0.23,0.575,37,0
IWM190913C154,2019-09-10,2019-09-10 09:37:03,0.24,0.6,9,0.23,0.575,157,0.23,0.575,2,0.235,0.5875,37,0
IWM190913C154,2019-09-10,2019-09-10 09:37:03,0.25,0.625,789,0.23,0.575,619,0.23,0.575,2,0.24,0.6,37,0
IWM190913C154,2019-09-10,2019-09-10 09:37:04,0.25,0.625,758,0.23,0.575,669,0.23,0.575,2,0.24,0.6,37,0
IWM190913C154,2019-09-10,2019-09-10 09:37:04,0.25,0.625,763,0.23,0.575,1140,0.23,0.575,2,0.24,0.6,37,0
IWM190913C154,2019-09-10,2019-09-10 09:37:05,0.25,0.625,742,0.23,0.575,835,0.23,0.575,2,0.24,0.6,37,0
IWM190913C154,2019-09-10,2019-09-10 09:37:05,0.25,0.625,18,0.23,0.575,787,0.23,0.575,2,0.24,0.6,37,0
IWM190913C154,2019-09-10,2019-09-10 09:37:06,0.25,0.625,243,0.23,0.575,518,0.23,0.575,2,0.24,0.6,37,0
IWM190913C154,2019-09-10,2019-09-10 09:37:06,0.25,0.625,18,0.23,0.575,628,0.23,0.575,2,0.24,0.6,37,0
IWM190913C154,2019-09-10,2019-09-10 09:37:07,0.25,0.625,233,0.23,0.575,1118,0.23,0.575,2,0.24,0.6,37,0
IWM190913C154,2019-09-10,2019-09-10 09:37:08,0.25,0.625,18,0.23,0.575,1010,0.23,0.575,2,0.24,0.6,37,0
IWM190913C154,2019-09-10,2019-09-10 09:37:08,0.25,0.625,172,0.23,0.575,844,0.23,0.575,2,0.24,0.6,37,0
IWM190913C154,2019-09-10,2019-09-10 09:37:09,0.25,0.625,346,0.23,0.575,291,0.23,0.575,2,0.24,0.6,37,0
IWM190913C154,2019-09-10,2019-09-10 09:37:09,0.25,0.625,18,0.23,0.575,1169,0.23,0.575,2,0.24,0.6,37,0
IWM190913C154,2019-09-10,2019-09-10 09:37:10,0.25,0.625,792,0.23,0.575,498,0.23,0.575,2,0.24,0.6,37,0
IWM190913C154,2019-09-10,2019-09-10 09:37:10,0.25,0.625,474,0.23,0.575,548,0.23,0.575,2,0.24,0.6,37,0
IWM190913C154,2019-09-10,2019-09-10 09:37:11,0.25,0.625,886,0.23,0.575,130,0.23,0.575,2,0.24,0.6,37,0
IWM190913C154,2019-09-10,2019-09-10 09:37:11,0.25,0.625,792,0.23,0.575,138,0.23,0.575,2,0.24,0.6,37,0
IWM190913C154,2019-09-10,2019-09-10 09:37:12,0.24,0.6,347,0.23,0.575,53,0.23,0.575,2,0.235,0.5875,37,0
IWM190913C154,2019-09-10,2019-09-10 09:37:12,0.24,0.6,226,0.23,0.575,53,0.23,0.575,2,0.235,0.5875,37,0
IWM190913C154,2019-09-10,2019-09-10 09:37:13,0.24,0.6,276,0.23,0.575,100,0.23,0.575,2,0.235,0.5875,37,0
IWM190913C154,2019-09-10,2019-09-10 09:37:13,0.24,0.6,249,0.23,0.575,100,0.23,0.575,2,0.235,0.5875,37,0
IWM190913C154,2019-09-10,2019-09-10 09:37:14,0.24,0.6,50,0.23,0.575,111,0.23,0.575,2,0.235,0.5875,37,0
IWM190913C154,2019-09-10,2019-09-10 09:37:14,0.24,0.6,351,0.23,0.575,100,0.23,0.575,2,0.235,0.5875,37,0
IWM190913C154,2019-09-10,2019-09-10 09:37:15,0.24,0.6,55,0.23,0.575,25,0.23,0.575,2,0.235,0.5875,37,0
IWM190913C154,2019-09-10,2019-09-10 09:37:15,0.24,0.6,557,0.22,0.55,743,0.23,0.575,2,0.23,0.575,37,0
IWM190913C154,2019-09-10,2019-09-10 09:37:16,0.24,0.6,114,0.22,0.55,456,0.23,0.575,2,0.23,0.575,37,0
IWM190913C154,2019-09-10,2019-09-10 09:37:16,0.24,0.6,663,0.22,0.55,456,0.23,0.575,2,0.23,0.575,37,0
IWM190913C154,2019-09-10,2019-09-10 09:37:17,0.24,0.6,670,0.22,0.55,300,0.23,0.575,2,0.23,0.575,37,0
IWM190913C154,2019-09-10,2019-09-10 09:37:17,0.24,0.6,720,0.22,0.55,250,0.23,0.575,2,0.23,0.575,37,0
IWM190913C154,2019-09-10,2019-09-10 09:37:18,0.24,0.6,696,0.22,0.55,427,0.23,0.575,2,0.23,0.575,37,0
IWM190913C154,2019-09-10,2019-09-10 09:37:19,0.24,0.6,696,0.22,0.55,427,0.23,0.575,2,0.23,0.575,37,0
IWM190913C154,2019-09-10,2019-09-10 09:37:20,0.24,0.6,696,0.22,0.55,427,0.23,0.575,2,0.23,0.575,37,0
IWM190913C154,2019-09-10,2019-09-10 09:37:21,0.24,0.6,696,0.22,0.55,406,0.23,0.575,2,0.23,0.575,37,0
IWM190913C154,2019-09-10,2019-09-10 09:37:21,0.24,0.6,696,0.22,0.55,427,0.23,0.575,2,0.23,0.575,37,0
IWM190913C154,2019-09-10,2019-09-10 09:37:22,0.24,0.6,646,0.22,0.55,456,0.23,0.575,2,0.23,0.575,37,0
IWM190913C154,2019-09-10,2019-09-10 09:37:22,0.24,0.6,729,0.22,0.55,412,0.23,0.575,2,0.23,0.575,37,0
IWM190913C154,2019-09-10,2019-09-10 09:37:23,0.23,0.575,18,0.22,0.55,237,0.23,0.575,2,0.225,0.5625,37,0
IWM190913C154,2019-09-10,2019-09-10 09:37:23,0.23,0.575,126,0.22,0.55,120,0.23,0.575,2,0.225,0.5625,37,0
IWM190913C154,2019-09-10,2019-09-10 09:37:24,0.23,0.575,18,0.22,0.55,407,0.23,0.575,2,0.225,0.5625,37,0
IWM190913C154,2019-09-10,2019-09-10 09:37:25,0.24,0.6,233,0.23,0.575,100,0.23,0.575,2,0.235,0.5875,37,0
IWM190913C154,2019-09-10,2019-09-10 09:37:25,0.24,0.6,225,0.23,0.575,26,0.23,0.575,2,0.235,0.5875,37,0
IWM190913C154,2019-09-10,2019-09-10 09:37:26,0.24,0.6,233,0.23,0.575,33,0.23,0.575,2,0.235,0.5875,37,0
IWM190913C154,2019-09-10,2019-09-10 09:37:27,0.24,0.6,397,0.23,0.575,33,0.23,0.575,2,0.235,0.5875,37,0
IWM190913C154,2019-09-10,2019-09-10 09:37:27,0.24,0.6,423,0.23,0.575,33,0.23,0.575,2,0.235,0.5875,37,0
IWM190913C154,2019-09-10,2019-09-10 09:37:28,0.24,0.6,407,0.23,0.575,29,0.23,0.575,2,0.235,0.5875,37,0
IWM190913C154,2019-09-10,2019-09-10 09:37:28,0.24,0.6,561,0.22,0.55,519,0.23,0.575,2,0.23,0.575,37,0
IWM190913C154,2019-09-10,2019-09-10 09:37:29,0.24,0.6,561,0.22,0.55,469,0.23,0.575,2,0.23,0.575,37,0
IWM190913C154,2019-09-10,2019-09-10 09:37:30,0.24,0.6,835,0.22,0.55,128,0.23,0.575,2,0.23,0.575,37,0
IWM190913C154,2019-09-10,2019-09-10 09:37:30,0.24,0.6,697,0.22,0.55,219,0.23,0.575,2,0.23,0.575,37,0
IWM190913C154,2019-09-10,2019-09-10 09:37:31,0.24,0.6,431,0.22,0.55,122,0.23,0.575,2,0.23,0.575,37,0
IWM190913C154,2019-09-10,2019-09-10 09:37:31,0.24,0.6,581,0.22,0.55,406,0.23,0.575,2,0.23,0.575,37,0
IWM190913C154,2019-09-10,2019-09-10 09:37:32,0.23,0.575,185,0.22,0.55,77,0.23,0.575,2,0.225,0.5625,37,0
IWM190913C154,2019-09-10,2019-09-10 09:37:32,0.24,0.6,1026,0.22,0.55,110,0.23,0.575,2,0.23,0.575,37,0
IWM190913C154,2019-09-10,2019-09-10 09:37:33,0.23,0.575,127,0.22,0.55,52,0.23,0.575,2,0.225,0.5625,37,0
IWM190913C154,2019-09-10,2019-09-10 09:37:34,0.23,0.575,127,0.21,0.525,1099,0.23,0.575,2,0.22,0.55,37,0
IWM190913C154,2019-09-10,2019-09-10 09:37:34,0.23,0.575,188,0.22,0.55,42,0.23,0.575,2,0.225,0.5625,37,0
IWM190913C154,2019-09-10,2019-09-10 09:37:35,0.23,0.575,127,0.21,0.525,930,0.23,0.575,2,0.22,0.55,37,0
IWM190913C154,2019-09-10,2019-09-10 09:37:36,0.23,0.575,11,0.21,0.525,603,0.23,0.575,2,0.22,0.55,37,0
IWM190913C154,2019-09-10,2019-09-10 09:37:36,0.23,0.575,280,0.22,0.55,1,0.23,0.575,2,0.225,0.5625,37,0
IWM190913C154,2019-09-10,2019-09-10 09:37:37,0.24,0.6,1072,0.22,0.55,120,0.23,0.575,2,0.23,0.575,37,0
IWM190913C154,2019-09-10,2019-09-10 09:37:37,0.24,0.6,1035,0.22,0.55,120,0.23,0.575,2,0.23,0.575,37,0
IWM190913C154,2019-09-10,2019-09-10 09:37:38,0.24,0.6,129,0.22,0.55,784,0.23,0.575,2,0.23,0.575,37,0
IWM190913C154,2019-09-10,2019-09-10 09:37:38,0.24,0.6,787,0.22,0.55,209,0.23,0.575,2,0.23,0.575,37,0
IWM190913C154,2019-09-10,2019-09-10 09:37:39,0.24,0.6,152,0.22,0.55,953,0.23,0.575,2,0.23,0.575,37,0
IWM190913C154,2019-09-10,2019-09-10 09:37:39,0.24,0.6,152,0.22,0.55,903,0.23,0.575,2,0.23,0.575,37,0
IWM190913C154,2019-09-10,2019-09-10 09:37:40,0.24,0.6,92,0.22,0.55,1000,0.23,0.575,2,0.23,0.575,37,0
IWM190913C154,2019-09-10,2019-09-10 09:37:40,0.24,0.6,69,0.22,0.55,826,0.23,0.575,2,0.23,0.575,37,0
IWM190913C154,2019-09-10,2019-09-10 09:37:41,0.24,0.6,55,0.22,0.55,477,0.23,0.575,2,0.23,0.575,37,0
IWM190913C154,2019-09-10,2019-09-10 09:37:41,0.24,0.6,174,0.22,0.55,1110,0.23,0.575,2,0.23,0.575,37,0
IWM190913C154,2019-09-10,2019-09-10 09:37:42,0.24,0.6,609,0.22,0.55,391,0.23,0.575,2,0.23,0.575,37,0
IWM190913C154,2019-09-10,2019-09-10 09:37:42,0.24,0.6,835,0.22,0.55,407,0.23,0.575,2,0.23,0.575,37,0
IWM190913C154,2019-09-10,2019-09-10 09:37:43,0.24,0.6,895,0.22,0.55,407,0.23,0.575,2,0.23,0.575,37,0
IWM190913C154,2019-09-10,2019-09-10 09:37:44,0.24,0.6,895,0.22,0.55,112,0.23,0.575,2,0.23,0.575,37,0
IWM190913C154,2019-09-10,2019-09-10 09:37:44,0.24,0.6,895,0.22,0.55,159,0.23,0.575,2,0.23,0.575,37,0
IWM190913C154,2019-09-10,2019-09-10 09:37:45,0.24,0.6,770,0.22,0.55,475,0.23,0.575,2,0.23,0.575,37,0
IWM190913C154,2019-09-10,2019-09-10 09:37:45,0.24,0.6,770,0.22,0.55,273,0.23,0.575,2,0.23,0.575,37,0
IWM190913C154,2019-09-10,2019-09-10 09:37:46,0.24,0.6,820,0.22,0.55,402,0.23,0.575,2,0.23,0.575,37,0
IWM190913C154,2019-09-10,2019-09-10 09:37:47,0.23,0.575,18,0.22,0.55,154,0.23,0.575,2,0.225,0.5625,37,0
IWM190913C154,2019-09-10,2019-09-10 09:37:48,0.24,0.6,846,0.21,0.525,773,0.23,0.575,2,0.225,0.5625,37,0
IWM190913C154,2019-09-10,2019-09-10 09:37:48,0.23,0.575,18,0.22,0.55,154,0.23,0.575,2,0.225,0.5625,37,0
IWM190913C154,2019-09-10,2019-09-10 09:37:49,0.23,0.575,176,0.21,0.525,1373,0.23,0.575,2,0.22,0.55,37,0
IWM190913C154,2019-09-10,2019-09-10 09:37:49,0.23,0.575,18,0.22,0.55,61,0.23,0.575,2,0.225,0.5625,37,0
IWM190913C154,2019-09-10,2019-09-10 09:37:50,0.23,0.575,309,0.21,0.525,1033,0.23,0.575,2,0.22,0.55,37,0
IWM190913C154,2019-09-10,2019-09-10 09:37:50,0.23,0.575,182,0.21,0.525,1395,0.23,0.575,2,0.22,0.55,37,0
IWM190913C154,2019-09-10,2019-09-10 09:37:51,0.23,0.575,489,0.21,0.525,953,0.23,0.575,2,0.22,0.55,37,0
IWM190913C154,2019-09-10,2019-09-10 09:37:51,0.23,0.575,182,0.21,0.525,1014,0.23,0.575,2,0.22,0.55,37,0
IWM190913C154,2019-09-10,2019-09-10 09:37:52,0.22,0.55,18,0.21,0.525,937,0.23,0.575,2,0.215,0.5375,37,0
IWM190913C154,2019-09-10,2019-09-10 09:37:53,0.22,0.55,18,0.21,0.525,259,0.23,0.575,2,0.215,0.5375,37,0
IWM190913C154,2019-09-10,2019-09-10 09:37:53,0.22,0.55,18,0.21,0.525,172,0.23,0.575,2,0.215,0.5375,37,0
IWM190913C154,2019-09-10,2019-09-10 09:37:54,0.22,0.55,100,0.21,0.525,252,0.23,0.575,2,0.215,0.5375,37,0
IWM190913C154,2019-09-10,2019-09-10 09:37:54,0.22,0.55,149,0.21,0.525,252,0.23,0.575,2,0.215,0.5375,37,0
IWM190913C154,2019-09-10,2019-09-10 09:37:55,0.22,0.55,130,0.2,0.5,780,0.23,0.575,2,0.21,0.525,37,0
IWM190913C154,2019-09-10,2019-09-10 09:37:55,0.22,0.55,300,0.2,0.5,884,0.23,0.575,2,0.21,0.525,37,0
IWM190913C154,2019-09-10,2019-09-10 09:37:56,0.22,0.55,358,0.2,0.5,1235,0.23,0.575,2,0.21,0.525,37,0
IWM190913C154,2019-09-10,2019-09-10 09:37:56,0.22,0.55,32,0.2,0.5,1326,0.23,0.575,2,0.21,0.525,37,0
IWM190913C154,2019-09-10,2019-09-10 09:37:57,0.22,0.55,61,0.2,0.5,911,0.23,0.575,2,0.21,0.525,37,0
IWM190913C154,2019-09-10,2019-09-10 09:37:57,0.22,0.55,393,0.2,0.5,927,0.23,0.575,2,0.21,0.525,37,0
IWM190913C154,2019-09-10,2019-09-10 09:37:58,0.22,0.55,68,0.2,0.5,977,0.23,0.575,2,0.21,0.525,37,0
IWM190913C154,2019-09-10,2019-09-10 09:37:58,0.22,0.55,31,0.2,0.5,1677,0.23,0.575,2,0.21,0.525,37,0
IWM190913C154,2019-09-10,2019-09-10 09:37:59,0.21,0.525,1,0.2,0.5,961,0.23,0.575,2,0.205,0.5125,37,0
IWM190913C154,2019-09-10,2019-09-10 09:37:59,0.21,0.525,1,0.2,0.5,703,0.23,0.575,2,0.205,0.5125,37,0
IWM190913C154,2019-09-10,2019-09-10 09:38:00,0.21,0.525,1,0.2,0.5,901,0.23,0.575,2,0.205,0.5125,37,0
IWM190913C154,2019-09-10,2019-09-10 09:38:00,0.21,0.525,1,0.2,0.5,961,0.23,0.575,2,0.205,0.5125,37,0
IWM190913C154,2019-09-10,2019-09-10 09:38:01,0.21,0.525,1,0.2,0.5,810,0.23,0.575,2,0.205,0.5125,37,0
IWM190913C154,2019-09-10,2019-09-10 09:38:01,0.21,0.525,1,0.2,0.5,529,0.23,0.575,2,0.205,0.5125,37,0
IWM190913C154,2019-09-10,2019-09-10 09:38:02,0.21,0.525,1,0.2,0.5,176,0.23,0.575,2,0.205,0.5125,37,0
IWM190913C154,2019-09-10,2019-09-10 09:38:02,0.21,0.525,1,0.2,0.5,210,0.23,0.575,2,0.205,0.5125,37,0
IWM190913C154,2019-09-10,2019-09-10 09:38:03,0.21,0.525,1,0.2,0.5,91,0.23,0.575,2,0.205,0.5125,37,0
IWM190913C154,2019-09-10,2019-09-10 09:38:03,0.21,0.525,1,0.2,0.5,160,0.23,0.575,2,0.205,0.5125,37,0
IWM190913C154,2019-09-10,2019-09-10 09:38:04,0.21,0.525,1,0.2,0.5,312,0.23,0.575,2,0.205,0.5125,37,0
IWM190913C154,2019-09-10,2019-09-10 09:38:04,0.21,0.525,1,0.2,0.5,68,0.23,0.575,2,0.205,0.5125,37,0
IWM190913C154,2019-09-10,2019-09-10 09:38:05,0.21,0.525,1,0.2,0.5,221,0.23,0.575,2,0.205,0.5125,37,0
IWM190913C154,2019-09-10,2019-09-10 09:38:05,0.21,0.525,1,0.2,0.5,226,0.23,0.575,2,0.205,0.5125,37,0
IWM190913C154,2019-09-10,2019-09-10 09:38:06,0.21,0.525,80,0.2,0.5,9,0.23,0.575,2,0.205,0.5125,37,0
IWM190913C154,2019-09-10,2019-09-10 09:38:06,0.21,0.525,80,0.2,0.5,68,0.23,0.575,2,0.205,0.5125,37,0
IWM190913C154,2019-09-10,2019-09-10 09:38:07,0.21,0.525,103,0.2,0.5,1,0.23,0.575,2,0.205,0.5125,37,0
IWM190913C154,2019-09-10,2019-09-10 09:38:08,0.21,0.525,103,0.2,0.5,317,0.23,0.575,2,0.205,0.5125,37,0
IWM190913C154,2019-09-10,2019-09-10 09:38:09,0.21,0.525,1,0.2,0.5,875,0.23,0.575,2,0.205,0.5125,37,0
IWM190913C154,2019-09-10,2019-09-10 09:38:09,0.21,0.525,1,0.2,0.5,620,0.23,0.575,2,0.205,0.5125,37,0
IWM190913C154,2019-09-10,2019-09-10 09:38:10,0.21,0.525,1,0.2,0.5,980,0.23,0.575,2,0.205,0.5125,37,0
IWM190913C154,2019-09-10,2019-09-10 09:38:10,0.21,0.525,1,0.2,0.5,1129,0.23,0.575,2,0.205,0.5125,37,0
IWM190913C154,2019-09-10,2019-09-10 09:38:11,0.21,0.525,1,0.2,0.5,719,0.23,0.575,2,0.205,0.5125,37,0
IWM190913C154,2019-09-10,2019-09-10 09:38:11,0.21,0.525,1,0.2,0.5,769,0.23,0.575,2,0.205,0.5125,37,0
IWM190913C154,2019-09-10,2019-09-10 09:38:12,0.21,0.525,1,0.2,0.5,769,0.23,0.575,2,0.205,0.5125,37,0
IWM190913C154,2019-09-10,2019-09-10 09:38:12,0.21,0.525,1,0.2,0.5,819,0.23,0.575,2,0.205,0.5125,37,0
IWM190913C154,2019-09-10,2019-09-10 09:38:13,0.21,0.525,1,0.2,0.5,478,0.23,0.575,2,0.205,0.5125,37,0
IWM190913C154,2019-09-10,2019-09-10 09:38:13,0.21,0.525,18,0.2,0.5,634,0.23,0.575,2,0.205,0.5125,37,0
IWM190913C154,2019-09-10,2019-09-10 09:38:14,0.21,0.525,18,0.2,0.5,420,0.23,0.575,2,0.205,0.5125,37,0
IWM190913C154,2019-09-10,2019-09-10 09:38:15,0.21,0.525,18,0.2,0.5,1120,0.23,0.575,2,0.205,0.5125,37,0
IWM190913C154,2019-09-10,2019-09-10 09:38:15,0.21,0.525,18,0.2,0.5,710,0.23,0.575,2,0.205,0.5125,37,0
IWM190913C154,2019-09-10,2019-09-10 09:38:16,0.21,0.525,18,0.2,0.5,852,0.23,0.575,2,0.205,0.5125,37,0
IWM190913C154,2019-09-10,2019-09-10 09:38:16,0.22,0.55,47,0.21,0.525,22,0.21,0.525,1,0.215,0.5375,38,1
IWM190913C154,2019-09-10,2019-09-10 09:38:17,0.22,0.55,47,0.21,0.525,29,0.21,0.525,1,0.215,0.5375,38,0
IWM190913C154,2019-09-10,2019-09-10 09:38:17,0.22,0.55,47,0.21,0.525,22,0.21,0.525,1,0.215,0.5375,38,0
IWM190913C154,2019-09-10,2019-09-10 09:38:18,0.22,0.55,18,0.21,0.525,38,0.21,0.525,1,0.215,0.5375,38,0
IWM190913C154,2019-09-10,2019-09-10 09:38:18,0.22,0.55,18,0.21,0.525,105,0.21,0.525,1,0.215,0.5375,38,0
IWM190913C154,2019-09-10,2019-09-10 09:38:19,0.22,0.55,83,0.21,0.525,132,0.21,0.525,1,0.215,0.5375,38,0
IWM190913C154,2019-09-10,2019-09-10 09:38:19,0.22,0.55,18,0.21,0.525,2,0.21,0.525,1,0.215,0.5375,38,0
IWM190913C154,2019-09-10,2019-09-10 09:38:20,0.22,0.55,18,0.21,0.525,315,0.21,0.525,1,0.215,0.5375,38,0
IWM190913C154,2019-09-10,2019-09-10 09:38:20,0.22,0.55,18,0.21,0.525,351,0.21,0.525,1,0.215,0.5375,38,0
IWM190913C154,2019-09-10,2019-09-10 09:38:21,0.22,0.55,18,0.21,0.525,367,0.21,0.525,1,0.215,0.5375,38,0
IWM190913C154,2019-09-10,2019-09-10 09:38:22,0.22,0.55,47,0.21,0.525,63,0.21,0.525,1,0.215,0.5375,38,0
IWM190913C154,2019-09-10,2019-09-10 09:38:22,0.22,0.55,18,0.21,0.525,367,0.21,0.525,1,0.215,0.5375,38,0
IWM190913C154,2019-09-10,2019-09-10 09:38:23,0.22,0.55,47,0.21,0.525,97,0.21,0.525,1,0.215,0.5375,38,0
IWM190913C154,2019-09-10,2019-09-10 09:38:23,0.22,0.55,47,0.21,0.525,92,0.21,0.525,1,0.215,0.5375,38,0
IWM190913C154,2019-09-10,2019-09-10 09:38:25,0.22,0.55,47,0.21,0.525,123,0.21,0.525,1,0.215,0.5375,38,0
IWM190913C154,2019-09-10,2019-09-10 09:38:26,0.22,0.55,18,0.21,0.525,123,0.21,0.525,1,0.215,0.5375,38,0
IWM190913C154,2019-09-10,2019-09-10 09:38:26,0.22,0.55,47,0.21,0.525,123,0.21,0.525,1,0.215,0.5375,38,0
IWM190913C154,2019-09-10,2019-09-10 09:38:27,0.22,0.55,18,0.21,0.525,123,0.21,0.525,1,0.215,0.5375,38,0
IWM190913C154,2019-09-10,2019-09-10 09:38:27,0.22,0.55,53,0.21,0.525,123,0.21,0.525,1,0.215,0.5375,38,0
IWM190913C154,2019-09-10,2019-09-10 09:38:28,0.22,0.55,68,0.2,0.5,943,0.21,0.525,1,0.21,0.525,38,0
IWM190913C154,2019-09-10,2019-09-10 09:38:28,0.22,0.55,53,0.21,0.525,123,0.21,0.525,1,0.215,0.5375,38,0
IWM190913C154,2019-09-10,2019-09-10 09:38:29,0.22,0.55,203,0.2,0.5,834,0.21,0.525,1,0.21,0.525,38,0
IWM190913C154,2019-09-10,2019-09-10 09:38:29,0.22,0.55,111,0.2,0.5,1067,0.21,0.525,1,0.21,0.525,38,0
IWM190913C154,2019-09-10,2019-09-10 09:38:30,0.22,0.55,200,0.2,0.5,834,0.21,0.525,1,0.21,0.525,38,0
IWM190913C154,2019-09-10,2019-09-10 09:38:30,0.22,0.55,251,0.2,0.5,1108,0.21,0.525,1,0.21,0.525,38,0
IWM190913C154,2019-09-10,2019-09-10 09:38:31,0.22,0.55,251,0.2,0.5,1108,0.21,0.525,1,0.21,0.525,38,0
IWM190913C154,2019-09-10,2019-09-10 09:38:31,0.22,0.55,100,0.21,0.525,97,0.21,0.525,1,0.215,0.5375,38,0
IWM190913C154,2019-09-10,2019-09-10 09:38:32,0.22,0.55,100,0.21,0.525,176,0.21,0.525,1,0.215,0.5375,38,0
IWM190913C154,2019-09-10,2019-09-10 09:38:32,0.22,0.55,100,0.21,0.525,59,0.21,0.525,1,0.215,0.5375,38,0
IWM190913C154,2019-09-10,2019-09-10 09:38:33,0.22,0.55,100,0.21,0.525,338,0.21,0.525,1,0.215,0.5375,38,0
IWM190913C154,2019-09-10,2019-09-10 09:38:33,0.22,0.55,100,0.21,0.525,354,0.21,0.525,1,0.215,0.5375,38,0
IWM190913C154,2019-09-10,2019-09-10 09:38:34,0.22,0.55,18,0.21,0.525,354,0.21,0.525,1,0.215,0.5375,38,0
IWM190913C154,2019-09-10,2019-09-10 09:38:35,0.23,0.575,988,0.21,0.525,495,0.21,0.525,1,0.22,0.55,38,0
IWM190913C154,2019-09-10,2019-09-10 09:38:35,0.23,0.575,981,0.21,0.525,420,0.21,0.525,1,0.22,0.55,38,0
IWM190913C154,2019-09-10,2019-09-10 09:38:36,0.22,0.55,18,0.21,0.525,345,0.21,0.525,1,0.215,0.5375,38,0
IWM190913C154,2019-09-10,2019-09-10 09:38:36,0.23,0.575,978,0.21,0.525,345,0.21,0.525,1,0.22,0.55,38,0
IWM190913C154,2019-09-10,2019-09-10 09:38:37,0.23,0.575,978,0.21,0.525,329,0.21,0.525,1,0.22,0.55,38,0
IWM190913C154,2019-09-10,2019-09-10 09:38:37,0.23,0.575,978,0.21,0.525,345,0.21,0.525,1,0.22,0.55,38,0
IWM190913C154,2019-09-10,2019-09-10 09:38:38,0.22,0.55,18,0.21,0.525,327,0.21,0.525,1,0.215,0.5375,38,0
IWM190913C154,2019-09-10,2019-09-10 09:38:39,0.22,0.55,18,0.21,0.525,200,0.21,0.525,1,0.215,0.5375,38,0
IWM190913C154,2019-09-10,2019-09-10 09:38:39,0.22,0.55,18,0.21,0.525,232,0.21,0.525,1,0.215,0.5375,38,0
IWM190913C154,2019-09-10,2019-09-10 09:38:40,0.22,0.55,18,0.21,0.525,276,0.21,0.525,1,0.215,0.5375,38,0
IWM190913C154,2019-09-10,2019-09-10 09:38:40,0.22,0.55,18,0.21,0.525,275,0.21,0.525,1,0.215,0.5375,38,0
IWM190913C154,2019-09-10,2019-09-10 09:38:41,0.23,0.575,707,0.21,0.525,601,0.21,0.525,1,0.22,0.55,38,0
IWM190913C154,2019-09-10,2019-09-10 09:38:41,0.23,0.575,1096,0.21,0.525,306,0.21,0.525,1,0.22,0.55,38,0
IWM190913C154,2019-09-10,2019-09-10 09:38:42,0.23,0.575,176,0.22,0.55,83,0.21,0.525,1,0.225,0.5625,38,0
IWM190913C154,2019-09-10,2019-09-10 09:38:42,0.23,0.575,661,0.22,0.55,83,0.21,0.525,1,0.225,0.5625,38,0
IWM190913C154,2019-09-10,2019-09-10 09:38:43,0.24,0.6,1200,0.22,0.55,99,0.21,0.525,1,0.23,0.575,38,0
IWM190913C154,2019-09-10,2019-09-10 09:38:43,0.23,0.575,176,0.22,0.55,83,0.21,0.525,1,0.225,0.5625,38,0
IWM190913C154,2019-09-10,2019-09-10 09:38:44,0.24,0.6,1309,0.22,0.55,356,0.21,0.525,1,0.23,0.575,38,0
IWM190913C154,2019-09-10,2019-09-10 09:38:44,0.24,0.6,650,0.22,0.55,356,0.21,0.525,1,0.23,0.575,38,0
IWM190913C154,2019-09-10,2019-09-10 09:38:45,0.24,0.6,650,0.22,0.55,427,0.21,0.525,1,0.23,0.575,38,0
IWM190913C154,2019-09-10,2019-09-10 09:38:45,0.24,0.6,934,0.22,0.55,287,0.21,0.525,1,0.23,0.575,38,0
IWM190913C154,2019-09-10,2019-09-10 09:38:46,0.23,0.575,60,0.22,0.55,29,0.21,0.525,1,0.225,0.5625,38,0
IWM190913C154,2019-09-10,2019-09-10 09:38:46,0.24,0.6,1084,0.22,0.55,245,0.21,0.525,1,0.23,0.575,38,0
IWM190913C154,2019-09-10,2019-09-10 09:38:47,0.23,0.575,127,0.22,0.55,62,0.21,0.525,1,0.225,0.5625,38,0
IWM190913C154,2019-09-10,2019-09-10 09:38:47,0.23,0.575,32,0.22,0.55,80,0.21,0.525,1,0.225,0.5625,38,0
IWM190913C154,2019-09-10,2019-09-10 09:38:48,0.23,0.575,103,0.22,0.55,80,0.21,0.525,1,0.225,0.5625,38,0
IWM190913C154,2019-09-10,2019-09-10 09:38:48,0.23,0.575,77,0.21,0.525,1378,0.21,0.525,1,0.22,0.55,38,0
IWM190913C154,2019-09-10,2019-09-10 09:38:49,0.23,0.575,265,0.21,0.525,698,0.21,0.525,1,0.22,0.55,38,0
IWM190913C154,2019-09-10,2019-09-10 09:38:49,0.23,0.575,259,0.21,0.525,937,0.21,0.525,1,0.22,0.55,38,0
IWM190913C154,2019-09-10,2019-09-10 09:38:50,0.23,0.575,757,0.21,0.525,889,0.21,0.525,1,0.22,0.55,38,0
IWM190913C154,2019-09-10,2019-09-10 09:38:50,0.23,0.575,772,0.21,0.525,823,0.21,0.525,1,0.22,0.55,38,0
IWM190913C154,2019-09-10,2019-09-10 09:38:51,0.23,0.575,870,0.21,0.525,687,0.21,0.525,1,0.22,0.55,38,0
IWM190913C154,2019-09-10,2019-09-10 09:38:51,0.23,0.575,825,0.21,0.525,687,0.21,0.525,1,0.22,0.55,38,0
IWM190913C154,2019-09-10,2019-09-10 09:38:52,0.23,0.575,1100,0.21,0.525,392,0.21,0.525,1,0.22,0.55,38,0
IWM190913C154,2019-09-10,2019-09-10 09:38:52,0.23,0.575,1200,0.21,0.525,392,0.21,0.525,1,0.22,0.55,38,0
IWM190913C154,2019-09-10,2019-09-10 09:38:53,0.23,0.575,1184,0.21,0.525,302,0.21,0.525,1,0.22,0.55,38,0
IWM190913C154,2019-09-10,2019-09-10 09:38:53,0.23,0.575,1237,0.21,0.525,181,0.21,0.525,1,0.22,0.55,38,0
IWM190913C154,2019-09-10,2019-09-10 09:38:54,0.23,0.575,1074,0.21,0.525,4,0.21,0.525,1,0.22,0.55,38,0
IWM190913C154,2019-09-10,2019-09-10 09:38:54,0.23,0.575,1219,0.21,0.525,72,0.21,0.525,1,0.22,0.55,38,0
IWM190913C154,2019-09-10,2019-09-10 09:38:55,0.22,0.55,213,0.2,0.5,658,0.21,0.525,1,0.21,0.525,38,0
IWM190913C154,2019-09-10,2019-09-10 09:38:56,0.22,0.55,90,0.21,0.525,4,0.21,0.525,1,0.215,0.5375,38,0
IWM190913C154,2019-09-10,2019-09-10 09:38:56,0.22,0.55,90,0.21,0.525,91,0.21,0.525,1,0.215,0.5375,38,0
IWM190913C154,2019-09-10,2019-09-10 09:38:57,0.22,0.55,213,0.2,0.5,1019,0.21,0.525,1,0.21,0.525,38,0
IWM190913C154,2019-09-10,2019-09-10 09:38:57,0.22,0.55,273,0.2,0.5,799,0.21,0.525,1,0.21,0.525,38,0
IWM190913C154,2019-09-10,2019-09-10 09:38:58,0.22,0.55,27,0.21,0.525,35,0.21,0.525,1,0.215,0.5375,38,0
IWM190913C154,2019-09-10,2019-09-10 09:38:58,0.22,0.55,108,0.21,0.525,37,0.21,0.525,1,0.215,0.5375,38,0
IWM190913C154,2019-09-10,2019-09-10 09:38:59,0.22,0.55,27,0.21,0.525,33,0.21,0.525,1,0.215,0.5375,38,0
IWM190913C154,2019-09-10,2019-09-10 09:38:59,0.22,0.55,79,0.21,0.525,39,0.21,0.525,1,0.215,0.5375,38,0
IWM190913C154,2019-09-10,2019-09-10 09:39:00,0.22,0.55,79,0.21,0.525,39,0.21,0.525,1,0.215,0.5375,38,0
IWM190913C154,2019-09-10,2019-09-10 09:39:00,0.22,0.55,761,0.2,0.5,407,0.21,0.525,1,0.21,0.525,38,0
IWM190913C154,2019-09-10,2019-09-10 09:39:01,0.22,0.55,822,0.2,0.5,315,0.21,0.525,1,0.21,0.525,38,0
IWM190913C154,2019-09-10,2019-09-10 09:39:01,0.22,0.55,873,0.2,0.5,170,0.21,0.525,1,0.21,0.525,38,0
IWM190913C154,2019-09-10,2019-09-10 09:39:02,0.22,0.55,822,0.2,0.5,308,0.21,0.525,1,0.21,0.525,38,0
IWM190913C154,2019-09-10,2019-09-10 09:39:02,0.21,0.525,55,0.2,0.5,309,0.21,0.525,1,0.205,0.5125,38,0
