symbol,Date,quote_time,ask_price,norm_ask_price,ask_size,bid_price,norm_bid_price,bid_size,last_trade_price,norm_last_trade_price,last_trade_size,mark_price,norm_mark_price,volume,Volume
IWM190920P156,2019-09-18,2019-09-18 09:30:01,0.71,1.0,15,0.63,0.8873,15,0.69,0.9718,5,0.67,0.9436,0,0
IWM190920P156,2019-09-18,2019-09-18 09:30:02,0.72,1.014,22,0.64,0.9014,22,0.69,0.9718,5,0.68,0.9577,0,0
IWM190920P156,2019-09-18,2019-09-18 09:30:03,0.7,0.9859,182,0.63,0.8873,22,0.69,0.9718,5,0.665,0.9366,0,0
IWM190920P156,2019-09-18,2019-09-18 09:30:03,0.7,0.9859,15,0.63,0.8873,22,0.69,0.9718,5,0.665,0.9366,0,0
IWM190920P156,2019-09-18,2019-09-18 09:30:04,0.7,0.9859,182,0.63,0.8873,22,0.69,0.9718,5,0.665,0.9366,0,0
IWM190920P156,2019-09-18,2019-09-18 09:30:05,0.7,0.9859,182,0.64,0.9014,22,0.69,0.9718,5,0.67,0.9436,0,0
IWM190920P156,2019-09-18,2019-09-18 09:30:06,0.7,0.9859,5,0.64,0.9014,22,0.69,0.9718,5,0.67,0.9436,0,0
IWM190920P156,2019-09-18,2019-09-18 09:30:07,0.69,0.9718,369,0.64,0.9014,23,0.69,0.9718,5,0.665,0.9366,0,0
IWM190920P156,2019-09-18,2019-09-18 09:30:07,0.69,0.9718,369,0.64,0.9014,22,0.69,0.9718,5,0.665,0.9366,0,0
IWM190920P156,2019-09-18,2019-09-18 09:30:08,0.69,0.9718,207,0.64,0.9014,23,0.69,0.9718,5,0.665,0.9366,0,0
IWM190920P156,2019-09-18,2019-09-18 09:30:09,0.69,0.9718,207,0.64,0.9014,23,0.69,0.9718,5,0.665,0.9366,0,0
IWM190920P156,2019-09-18,2019-09-18 09:30:09,0.69,0.9718,126,0.64,0.9014,23,0.69,0.9718,5,0.665,0.9366,0,0
IWM190920P156,2019-09-18,2019-09-18 09:30:10,0.69,0.9718,126,0.64,0.9014,23,0.69,0.9718,5,0.665,0.9366,0,0
IWM190920P156,2019-09-18,2019-09-18 09:30:11,0.69,0.9718,126,0.64,0.9014,23,0.69,0.9718,5,0.665,0.9366,0,0
IWM190920P156,2019-09-18,2019-09-18 09:30:12,0.69,0.9718,140,0.64,0.9014,23,0.69,0.9718,5,0.665,0.9366,0,0
IWM190920P156,2019-09-18,2019-09-18 09:30:12,0.69,0.9718,126,0.64,0.9014,23,0.69,0.9718,5,0.665,0.9366,0,0
IWM190920P156,2019-09-18,2019-09-18 09:30:13,0.69,0.9718,10,0.66,0.9295,60,0.69,0.9718,5,0.675,0.9507,0,0
IWM190920P156,2019-09-18,2019-09-18 09:30:13,0.69,0.9718,149,0.64,0.9014,23,0.69,0.9718,5,0.665,0.9366,0,0
IWM190920P156,2019-09-18,2019-09-18 09:30:14,0.7,0.9859,402,0.67,0.9436,60,0.69,0.9718,5,0.685,0.9647,0,0
IWM190920P156,2019-09-18,2019-09-18 09:30:14,0.7,0.9859,225,0.66,0.9295,60,0.69,0.9718,5,0.68,0.9577,0,0
IWM190920P156,2019-09-18,2019-09-18 09:30:15,0.69,0.9718,212,0.66,0.9295,30,0.69,0.9718,5,0.675,0.9507,0,0
IWM190920P156,2019-09-18,2019-09-18 09:30:16,0.69,0.9718,212,0.66,0.9295,30,0.69,0.9718,5,0.675,0.9507,0,0
IWM190920P156,2019-09-18,2019-09-18 09:30:16,0.69,0.9718,43,0.66,0.9295,30,0.69,0.9718,5,0.675,0.9507,0,0
IWM190920P156,2019-09-18,2019-09-18 09:30:17,0.69,0.9718,20,0.66,0.9295,30,0.69,0.9718,5,0.675,0.9507,0,0
IWM190920P156,2019-09-18,2019-09-18 09:30:18,0.7,0.9859,20,0.66,0.9295,85,0.69,0.9718,5,0.68,0.9577,0,0
IWM190920P156,2019-09-18,2019-09-18 09:30:18,0.7,0.9859,20,0.66,0.9295,204,0.69,0.9718,5,0.68,0.9577,0,0
IWM190920P156,2019-09-18,2019-09-18 09:30:19,0.7,0.9859,20,0.66,0.9295,204,0.69,0.9718,5,0.68,0.9577,0,0
IWM190920P156,2019-09-18,2019-09-18 09:30:20,0.71,1.0,249,0.66,0.9295,204,0.69,0.9718,5,0.685,0.9647,0,0
IWM190920P156,2019-09-18,2019-09-18 09:30:20,0.7,0.9859,20,0.66,0.9295,204,0.69,0.9718,5,0.68,0.9577,0,0
IWM190920P156,2019-09-18,2019-09-18 09:30:21,0.71,1.0,42,0.66,0.9295,204,0.69,0.9718,5,0.685,0.9647,0,0
IWM190920P156,2019-09-18,2019-09-18 09:30:21,0.71,1.0,20,0.67,0.9436,168,0.69,0.9718,5,0.69,0.9718,0,0
IWM190920P156,2019-09-18,2019-09-18 09:30:22,0.71,1.0,20,0.67,0.9436,168,0.69,0.9718,5,0.69,0.9718,0,0
IWM190920P156,2019-09-18,2019-09-18 09:30:22,0.72,1.014,20,0.67,0.9436,60,0.69,0.9718,5,0.695,0.9788,0,0
IWM190920P156,2019-09-18,2019-09-18 09:30:23,0.72,1.014,42,0.67,0.9436,60,0.69,0.9718,5,0.695,0.9788,0,0
IWM190920P156,2019-09-18,2019-09-18 09:30:23,0.72,1.014,8,0.67,0.9436,112,0.69,0.9718,5,0.695,0.9788,0,0
IWM190920P156,2019-09-18,2019-09-18 09:30:24,0.72,1.014,19,0.69,0.9718,19,0.69,0.9718,5,0.705,0.9929,0,0
IWM190920P156,2019-09-18,2019-09-18 09:30:24,0.72,1.014,19,0.7,0.9859,19,0.69,0.9718,5,0.71,1.0,0,0
IWM190920P156,2019-09-18,2019-09-18 09:30:25,0.73,1.0281,19,0.7,0.9859,19,0.69,0.9718,5,0.715,1.007,0,0
IWM190920P156,2019-09-18,2019-09-18 09:30:25,0.73,1.0281,20,0.7,0.9859,19,0.69,0.9718,5,0.715,1.007,0,0
IWM190920P156,2019-09-18,2019-09-18 09:30:26,0.73,1.0281,19,0.7,0.9859,19,0.69,0.9718,5,0.715,1.007,0,0
IWM190920P156,2019-09-18,2019-09-18 09:30:27,0.71,1.0,19,0.68,0.9577,49,0.69,0.9718,5,0.695,0.9788,0,0
IWM190920P156,2019-09-18,2019-09-18 09:30:27,0.73,1.0281,21,0.7,0.9859,19,0.69,0.9718,5,0.715,1.007,0,0
IWM190920P156,2019-09-18,2019-09-18 09:30:28,0.71,1.0,19,0.68,0.9577,60,0.69,0.9718,5,0.695,0.9788,0,0
IWM190920P156,2019-09-18,2019-09-18 09:30:28,0.71,1.0,19,0.69,0.9718,19,0.69,0.9718,5,0.7,0.9859,0,0
IWM190920P156,2019-09-18,2019-09-18 09:30:29,0.71,1.0,22,0.69,0.9718,19,0.69,0.9718,5,0.7,0.9859,0,0
IWM190920P156,2019-09-18,2019-09-18 09:30:30,0.71,1.0,22,0.68,0.9577,72,0.69,0.9718,5,0.695,0.9788,0,0
IWM190920P156,2019-09-18,2019-09-18 09:30:30,0.71,1.0,22,0.68,0.9577,167,0.69,0.9718,5,0.695,0.9788,0,0
IWM190920P156,2019-09-18,2019-09-18 09:30:31,0.71,1.0,37,0.68,0.9577,167,0.69,0.9718,5,0.695,0.9788,0,0
IWM190920P156,2019-09-18,2019-09-18 09:30:31,0.71,1.0,37,0.68,0.9577,60,0.69,0.9718,5,0.695,0.9788,0,0
IWM190920P156,2019-09-18,2019-09-18 09:30:32,0.71,1.0,37,0.68,0.9577,60,0.69,0.9718,5,0.695,0.9788,0,0
IWM190920P156,2019-09-18,2019-09-18 09:30:33,0.71,1.0,33,0.68,0.9577,60,0.69,0.9718,5,0.695,0.9788,0,0
IWM190920P156,2019-09-18,2019-09-18 09:30:33,0.71,1.0,37,0.68,0.9577,60,0.69,0.9718,5,0.695,0.9788,0,0
IWM190920P156,2019-09-18,2019-09-18 09:30:34,0.71,1.0,33,0.68,0.9577,167,0.69,0.9718,5,0.695,0.9788,0,0
IWM190920P156,2019-09-18,2019-09-18 09:30:35,0.71,1.0,25,0.69,0.9718,19,0.69,0.9718,5,0.7,0.9859,0,0
IWM190920P156,2019-09-18,2019-09-18 09:30:35,0.71,1.0,33,0.68,0.9577,167,0.69,0.9718,5,0.695,0.9788,0,0
IWM190920P156,2019-09-18,2019-09-18 09:30:36,0.71,1.0,298,0.69,0.9718,19,0.69,0.9718,5,0.7,0.9859,0,0
IWM190920P156,2019-09-18,2019-09-18 09:30:36,0.71,1.0,305,0.69,0.9718,19,0.69,0.9718,5,0.7,0.9859,0,0
IWM190920P156,2019-09-18,2019-09-18 09:30:37,0.71,1.0,79,0.69,0.9718,19,0.69,0.9718,5,0.7,0.9859,0,0
IWM190920P156,2019-09-18,2019-09-18 09:30:37,0.71,1.0,305,0.69,0.9718,19,0.69,0.9718,5,0.7,0.9859,0,0
IWM190920P156,2019-09-18,2019-09-18 09:30:38,0.71,1.0,45,0.69,0.9718,19,0.69,0.9718,5,0.7,0.9859,0,0
IWM190920P156,2019-09-18,2019-09-18 09:30:39,0.71,1.0,285,0.69,0.9718,19,0.69,0.9718,5,0.7,0.9859,0,0
IWM190920P156,2019-09-18,2019-09-18 09:30:39,0.71,1.0,35,0.69,0.9718,19,0.69,0.9718,5,0.7,0.9859,0,0
IWM190920P156,2019-09-18,2019-09-18 09:30:40,0.71,1.0,300,0.69,0.9718,19,0.69,0.9718,5,0.7,0.9859,0,0
IWM190920P156,2019-09-18,2019-09-18 09:30:40,0.71,1.0,300,0.69,0.9718,60,0.69,0.9718,5,0.7,0.9859,0,0
IWM190920P156,2019-09-18,2019-09-18 09:30:41,0.71,1.0,204,0.69,0.9718,60,0.69,0.9718,5,0.7,0.9859,0,0
IWM190920P156,2019-09-18,2019-09-18 09:30:41,0.71,1.0,27,0.69,0.9718,60,0.69,0.9718,5,0.7,0.9859,0,0
IWM190920P156,2019-09-18,2019-09-18 09:30:42,0.71,1.0,283,0.69,0.9718,60,0.69,0.9718,5,0.7,0.9859,0,0
IWM190920P156,2019-09-18,2019-09-18 09:30:43,0.71,1.0,283,0.69,0.9718,60,0.69,0.9718,5,0.7,0.9859,0,0
IWM190920P156,2019-09-18,2019-09-18 09:30:43,0.71,1.0,283,0.69,0.9718,172,0.69,0.9718,5,0.7,0.9859,0,0
IWM190920P156,2019-09-18,2019-09-18 09:30:44,0.71,1.0,283,0.69,0.9718,172,0.69,0.9718,5,0.7,0.9859,0,0
IWM190920P156,2019-09-18,2019-09-18 09:30:45,0.71,1.0,210,0.69,0.9718,60,0.69,0.9718,5,0.7,0.9859,0,0
IWM190920P156,2019-09-18,2019-09-18 09:30:45,0.71,1.0,283,0.69,0.9718,172,0.69,0.9718,5,0.7,0.9859,0,0
IWM190920P156,2019-09-18,2019-09-18 09:30:46,0.71,1.0,150,0.69,0.9718,60,0.69,0.9718,5,0.7,0.9859,0,0
IWM190920P156,2019-09-18,2019-09-18 09:30:46,0.71,1.0,45,0.69,0.9718,60,0.69,0.9718,5,0.7,0.9859,0,0
IWM190920P156,2019-09-18,2019-09-18 09:30:47,0.71,1.0,41,0.69,0.9718,60,0.69,0.9718,5,0.7,0.9859,0,0
IWM190920P156,2019-09-18,2019-09-18 09:30:48,0.71,1.0,41,0.69,0.9718,60,0.69,0.9718,5,0.7,0.9859,0,0
IWM190920P156,2019-09-18,2019-09-18 09:30:49,0.71,1.0,20,0.69,0.9718,60,0.69,0.9718,5,0.7,0.9859,0,0
IWM190920P156,2019-09-18,2019-09-18 09:30:49,0.71,1.0,41,0.69,0.9718,60,0.69,0.9718,5,0.7,0.9859,0,0
IWM190920P156,2019-09-18,2019-09-18 09:30:50,0.71,1.0,41,0.68,0.9577,172,0.69,0.9718,5,0.695,0.9788,0,0
IWM190920P156,2019-09-18,2019-09-18 09:30:50,0.71,1.0,20,0.68,0.9577,172,0.69,0.9718,5,0.695,0.9788,0,0
IWM190920P156,2019-09-18,2019-09-18 09:30:51,0.71,1.0,41,0.68,0.9577,172,0.69,0.9718,5,0.695,0.9788,0,0
IWM190920P156,2019-09-18,2019-09-18 09:30:52,0.71,1.0,41,0.68,0.9577,172,0.69,0.9718,5,0.695,0.9788,0,0
IWM190920P156,2019-09-18,2019-09-18 09:30:52,0.72,1.014,19,0.68,0.9577,172,0.69,0.9718,5,0.7,0.9859,0,0
IWM190920P156,2019-09-18,2019-09-18 09:30:53,0.71,1.0,41,0.69,0.9718,133,0.69,0.9718,5,0.7,0.9859,0,0
IWM190920P156,2019-09-18,2019-09-18 09:30:53,0.71,1.0,31,0.68,0.9577,164,0.69,0.9718,5,0.695,0.9788,0,0
IWM190920P156,2019-09-18,2019-09-18 09:30:54,0.71,1.0,85,0.69,0.9718,143,0.69,0.9718,5,0.7,0.9859,0,0
IWM190920P156,2019-09-18,2019-09-18 09:30:54,0.71,1.0,85,0.69,0.9718,94,0.69,0.9718,5,0.7,0.9859,0,0
IWM190920P156,2019-09-18,2019-09-18 09:30:55,0.72,1.014,44,0.69,0.9718,177,0.69,0.9718,5,0.705,0.9929,0,0
IWM190920P156,2019-09-18,2019-09-18 09:30:55,0.71,1.0,19,0.69,0.9718,84,0.69,0.9718,5,0.7,0.9859,0,0
IWM190920P156,2019-09-18,2019-09-18 09:30:56,0.71,1.0,31,0.69,0.9718,148,0.69,0.9718,5,0.7,0.9859,0,0
IWM190920P156,2019-09-18,2019-09-18 09:30:56,0.71,1.0,10,0.69,0.9718,148,0.69,0.9718,5,0.7,0.9859,0,0
IWM190920P156,2019-09-18,2019-09-18 09:30:57,0.71,1.0,21,0.69,0.9718,178,0.69,0.9718,5,0.7,0.9859,0,0
IWM190920P156,2019-09-18,2019-09-18 09:30:57,0.71,1.0,22,0.69,0.9718,178,0.69,0.9718,5,0.7,0.9859,0,0
IWM190920P156,2019-09-18,2019-09-18 09:30:58,0.72,1.014,19,0.7,0.9859,19,0.69,0.9718,5,0.71,1.0,0,0
IWM190920P156,2019-09-18,2019-09-18 09:30:58,0.72,1.014,22,0.69,0.9718,167,0.69,0.9718,5,0.705,0.9929,0,0
IWM190920P156,2019-09-18,2019-09-18 09:30:59,0.72,1.014,19,0.7,0.9859,73,0.69,0.9718,5,0.71,1.0,0,0
IWM190920P156,2019-09-18,2019-09-18 09:30:59,0.73,1.0281,24,0.71,1.0,19,0.69,0.9718,5,0.72,1.014,0,0
IWM190920P156,2019-09-18,2019-09-18 09:31:00,0.73,1.0281,176,0.71,1.0,19,0.69,0.9718,5,0.72,1.014,0,0
IWM190920P156,2019-09-18,2019-09-18 09:31:00,0.74,1.0422,169,0.71,1.0,163,0.69,0.9718,5,0.725,1.0211,0,0
IWM190920P156,2019-09-18,2019-09-18 09:31:01,0.74,1.0422,19,0.72,1.014,94,0.69,0.9718,5,0.73,1.0281,0,0
IWM190920P156,2019-09-18,2019-09-18 09:31:01,0.74,1.0422,19,0.72,1.014,19,0.69,0.9718,5,0.73,1.0281,0,0
IWM190920P156,2019-09-18,2019-09-18 09:31:02,0.75,1.0563,22,0.73,1.0281,19,0.69,0.9718,5,0.74,1.0422,0,0
IWM190920P156,2019-09-18,2019-09-18 09:31:02,0.75,1.0563,22,0.72,1.014,94,0.69,0.9718,5,0.735,1.0352,0,0
IWM190920P156,2019-09-18,2019-09-18 09:31:03,0.75,1.0563,22,0.72,1.014,86,0.69,0.9718,5,0.735,1.0352,0,0
IWM190920P156,2019-09-18,2019-09-18 09:31:03,0.75,1.0563,22,0.72,1.014,141,0.69,0.9718,5,0.735,1.0352,0,0
IWM190920P156,2019-09-18,2019-09-18 09:31:04,0.75,1.0563,37,0.73,1.0281,19,0.69,0.9718,5,0.74,1.0422,0,0
IWM190920P156,2019-09-18,2019-09-18 09:31:04,0.75,1.0563,24,0.72,1.014,141,0.69,0.9718,5,0.735,1.0352,0,0
IWM190920P156,2019-09-18,2019-09-18 09:31:05,0.76,1.0704,43,0.73,1.0281,167,0.69,0.9718,5,0.745,1.0492,0,0
IWM190920P156,2019-09-18,2019-09-18 09:31:05,0.76,1.0704,43,0.74,1.0422,19,0.69,0.9718,5,0.75,1.0563,0,0
IWM190920P156,2019-09-18,2019-09-18 09:31:06,0.76,1.0704,33,0.74,1.0422,19,0.69,0.9718,5,0.75,1.0563,0,0
IWM190920P156,2019-09-18,2019-09-18 09:31:06,0.76,1.0704,32,0.74,1.0422,19,0.69,0.9718,5,0.75,1.0563,0,0
IWM190920P156,2019-09-18,2019-09-18 09:31:07,0.76,1.0704,23,0.74,1.0422,19,0.69,0.9718,5,0.75,1.0563,0,0
IWM190920P156,2019-09-18,2019-09-18 09:31:07,0.77,1.0845,42,0.75,1.0563,19,0.69,0.9718,5,0.76,1.0704,0,0
IWM190920P156,2019-09-18,2019-09-18 09:31:08,0.77,1.0845,42,0.74,1.0422,109,0.69,0.9718,5,0.755,1.0633,0,0
IWM190920P156,2019-09-18,2019-09-18 09:31:09,0.77,1.0845,42,0.74,1.0422,109,0.69,0.9718,5,0.755,1.0633,0,0
IWM190920P156,2019-09-18,2019-09-18 09:31:09,0.77,1.0845,32,0.74,1.0422,109,0.69,0.9718,5,0.755,1.0633,0,0
IWM190920P156,2019-09-18,2019-09-18 09:31:10,0.76,1.0704,19,0.74,1.0422,124,0.76,1.0704,1,0.75,1.0563,2,2
IWM190920P156,2019-09-18,2019-09-18 09:31:10,0.77,1.0845,42,0.74,1.0422,109,0.69,0.9718,5,0.755,1.0633,0,0
IWM190920P156,2019-09-18,2019-09-18 09:31:11,0.77,1.0845,42,0.74,1.0422,190,0.76,1.0704,1,0.755,1.0633,2,0
IWM190920P156,2019-09-18,2019-09-18 09:31:11,0.76,1.0704,25,0.74,1.0422,124,0.76,1.0704,1,0.75,1.0563,2,0
IWM190920P156,2019-09-18,2019-09-18 09:31:12,0.77,1.0845,271,0.75,1.0563,19,0.76,1.0704,1,0.76,1.0704,2,0
IWM190920P156,2019-09-18,2019-09-18 09:31:13,0.78,1.0985,27,0.75,1.0563,37,0.76,1.0704,1,0.765,1.0774,2,0
IWM190920P156,2019-09-18,2019-09-18 09:31:13,0.77,1.0845,269,0.75,1.0563,29,0.76,1.0704,1,0.76,1.0704,2,0
IWM190920P156,2019-09-18,2019-09-18 09:31:14,0.77,1.0845,192,0.74,1.0422,109,0.76,1.0704,1,0.755,1.0633,2,0
IWM190920P156,2019-09-18,2019-09-18 09:31:14,0.78,1.0985,182,0.75,1.0563,72,0.76,1.0704,1,0.765,1.0774,2,0
IWM190920P156,2019-09-18,2019-09-18 09:31:15,0.76,1.0704,25,0.74,1.0422,60,0.76,1.0704,1,0.75,1.0563,2,0
IWM190920P156,2019-09-18,2019-09-18 09:31:15,0.76,1.0704,19,0.74,1.0422,60,0.76,1.0704,1,0.75,1.0563,2,0
IWM190920P156,2019-09-18,2019-09-18 09:31:16,0.76,1.0704,19,0.74,1.0422,82,0.76,1.0704,1,0.75,1.0563,2,0
IWM190920P156,2019-09-18,2019-09-18 09:31:17,0.78,1.0985,41,0.75,1.0563,60,0.76,1.0704,1,0.765,1.0774,2,0
IWM190920P156,2019-09-18,2019-09-18 09:31:17,0.78,1.0985,27,0.75,1.0563,60,0.76,1.0704,1,0.765,1.0774,2,0
IWM190920P156,2019-09-18,2019-09-18 09:31:18,0.78,1.0985,27,0.75,1.0563,60,0.76,1.0704,1,0.765,1.0774,2,0
IWM190920P156,2019-09-18,2019-09-18 09:31:18,0.78,1.0985,86,0.75,1.0563,60,0.76,1.0704,1,0.765,1.0774,2,0
IWM190920P156,2019-09-18,2019-09-18 09:31:19,0.78,1.0985,272,0.75,1.0563,60,0.76,1.0704,1,0.765,1.0774,2,0
IWM190920P156,2019-09-18,2019-09-18 09:31:20,0.77,1.0845,53,0.74,1.0422,141,0.76,1.0704,1,0.755,1.0633,2,0
IWM190920P156,2019-09-18,2019-09-18 09:31:20,0.77,1.0845,19,0.75,1.0563,60,0.76,1.0704,1,0.76,1.0704,2,0
IWM190920P156,2019-09-18,2019-09-18 09:31:21,0.76,1.0704,230,0.74,1.0422,28,0.76,1.0704,1,0.75,1.0563,2,0
IWM190920P156,2019-09-18,2019-09-18 09:31:21,0.76,1.0704,118,0.74,1.0422,28,0.76,1.0704,1,0.75,1.0563,2,0
IWM190920P156,2019-09-18,2019-09-18 09:31:22,0.76,1.0704,230,0.74,1.0422,28,0.76,1.0704,1,0.75,1.0563,2,0
IWM190920P156,2019-09-18,2019-09-18 09:31:23,0.75,1.0563,19,0.73,1.0281,60,0.76,1.0704,1,0.74,1.0422,2,0
IWM190920P156,2019-09-18,2019-09-18 09:31:23,0.76,1.0704,230,0.74,1.0422,28,0.76,1.0704,1,0.75,1.0563,2,0
IWM190920P156,2019-09-18,2019-09-18 09:31:24,0.75,1.0563,44,0.73,1.0281,60,0.76,1.0704,1,0.74,1.0422,2,0
IWM190920P156,2019-09-18,2019-09-18 09:31:24,0.75,1.0563,215,0.72,1.014,81,0.76,1.0704,1,0.735,1.0352,2,0
IWM190920P156,2019-09-18,2019-09-18 09:31:25,0.75,1.0563,215,0.72,1.014,109,0.76,1.0704,1,0.735,1.0352,2,0
IWM190920P156,2019-09-18,2019-09-18 09:31:25,0.75,1.0563,215,0.73,1.0281,19,0.76,1.0704,1,0.74,1.0422,2,0
IWM190920P156,2019-09-18,2019-09-18 09:31:26,0.75,1.0563,232,0.72,1.014,81,0.76,1.0704,1,0.735,1.0352,2,0
IWM190920P156,2019-09-18,2019-09-18 09:31:27,0.75,1.0563,222,0.72,1.014,60,0.76,1.0704,1,0.735,1.0352,2,0
IWM190920P156,2019-09-18,2019-09-18 09:31:28,0.75,1.0563,14,0.73,1.0281,60,0.76,1.0704,1,0.74,1.0422,2,0
IWM190920P156,2019-09-18,2019-09-18 09:31:29,0.75,1.0563,20,0.73,1.0281,60,0.76,1.0704,1,0.74,1.0422,2,0
IWM190920P156,2019-09-18,2019-09-18 09:31:29,0.76,1.0704,24,0.73,1.0281,60,0.76,1.0704,1,0.745,1.0492,2,0
IWM190920P156,2019-09-18,2019-09-18 09:31:30,0.75,1.0563,23,0.72,1.014,27,0.76,1.0704,1,0.735,1.0352,2,0
IWM190920P156,2019-09-18,2019-09-18 09:31:30,0.75,1.0563,19,0.73,1.0281,73,0.76,1.0704,1,0.74,1.0422,2,0
IWM190920P156,2019-09-18,2019-09-18 09:31:31,0.75,1.0563,194,0.71,1.0,198,0.76,1.0704,1,0.73,1.0281,2,0
IWM190920P156,2019-09-18,2019-09-18 09:31:31,0.75,1.0563,27,0.72,1.014,27,0.76,1.0704,1,0.735,1.0352,2,0
IWM190920P156,2019-09-18,2019-09-18 09:31:32,0.74,1.0422,19,0.72,1.014,30,0.76,1.0704,1,0.73,1.0281,2,0
IWM190920P156,2019-09-18,2019-09-18 09:31:32,0.74,1.0422,23,0.72,1.014,19,0.76,1.0704,1,0.73,1.0281,2,0
IWM190920P156,2019-09-18,2019-09-18 09:31:33,0.74,1.0422,23,0.72,1.014,19,0.76,1.0704,1,0.73,1.0281,2,0
IWM190920P156,2019-09-18,2019-09-18 09:31:33,0.75,1.0563,23,0.72,1.014,60,0.76,1.0704,1,0.735,1.0352,2,0
IWM190920P156,2019-09-18,2019-09-18 09:31:34,0.75,1.0563,23,0.72,1.014,167,0.76,1.0704,1,0.735,1.0352,2,0
IWM190920P156,2019-09-18,2019-09-18 09:31:34,0.75,1.0563,23,0.72,1.014,60,0.76,1.0704,1,0.735,1.0352,2,0
IWM190920P156,2019-09-18,2019-09-18 09:31:35,0.75,1.0563,35,0.72,1.014,167,0.76,1.0704,1,0.735,1.0352,2,0
IWM190920P156,2019-09-18,2019-09-18 09:31:36,0.75,1.0563,35,0.72,1.014,141,0.76,1.0704,1,0.735,1.0352,2,0
IWM190920P156,2019-09-18,2019-09-18 09:31:37,0.75,1.0563,180,0.72,1.014,141,0.76,1.0704,1,0.735,1.0352,2,0
IWM190920P156,2019-09-18,2019-09-18 09:31:37,0.75,1.0563,191,0.72,1.014,141,0.76,1.0704,1,0.735,1.0352,2,0
IWM190920P156,2019-09-18,2019-09-18 09:31:38,0.75,1.0563,190,0.72,1.014,141,0.76,1.0704,1,0.735,1.0352,2,0
IWM190920P156,2019-09-18,2019-09-18 09:31:38,0.75,1.0563,180,0.72,1.014,141,0.76,1.0704,1,0.735,1.0352,2,0
IWM190920P156,2019-09-18,2019-09-18 09:31:39,0.75,1.0563,190,0.72,1.014,141,0.76,1.0704,1,0.735,1.0352,2,0
IWM190920P156,2019-09-18,2019-09-18 09:31:40,0.75,1.0563,27,0.72,1.014,19,0.76,1.0704,1,0.735,1.0352,2,0
IWM190920P156,2019-09-18,2019-09-18 09:31:40,0.75,1.0563,190,0.72,1.014,141,0.76,1.0704,1,0.735,1.0352,2,0
IWM190920P156,2019-09-18,2019-09-18 09:31:41,0.75,1.0563,175,0.72,1.014,60,0.76,1.0704,1,0.735,1.0352,2,0
IWM190920P156,2019-09-18,2019-09-18 09:31:41,0.75,1.0563,55,0.72,1.014,73,0.76,1.0704,1,0.735,1.0352,2,0
IWM190920P156,2019-09-18,2019-09-18 09:31:42,0.75,1.0563,27,0.73,1.0281,19,0.76,1.0704,1,0.74,1.0422,2,0
IWM190920P156,2019-09-18,2019-09-18 09:31:42,0.75,1.0563,35,0.72,1.014,61,0.76,1.0704,1,0.735,1.0352,2,0
IWM190920P156,2019-09-18,2019-09-18 09:31:43,0.75,1.0563,27,0.73,1.0281,19,0.76,1.0704,1,0.74,1.0422,2,0
IWM190920P156,2019-09-18,2019-09-18 09:31:43,0.75,1.0563,249,0.73,1.0281,29,0.76,1.0704,1,0.74,1.0422,2,0
IWM190920P156,2019-09-18,2019-09-18 09:31:44,0.75,1.0563,229,0.73,1.0281,31,0.76,1.0704,1,0.74,1.0422,2,0
IWM190920P156,2019-09-18,2019-09-18 09:31:45,0.74,1.0422,5,0.72,1.014,63,0.76,1.0704,1,0.73,1.0281,2,0
IWM190920P156,2019-09-18,2019-09-18 09:31:45,0.75,1.0563,239,0.72,1.014,63,0.76,1.0704,1,0.735,1.0352,2,0
IWM190920P156,2019-09-18,2019-09-18 09:31:46,0.74,1.0422,10,0.73,1.0281,19,0.76,1.0704,1,0.735,1.0352,2,0
IWM190920P156,2019-09-18,2019-09-18 09:31:46,0.74,1.0422,5,0.73,1.0281,19,0.76,1.0704,1,0.735,1.0352,2,0
IWM190920P156,2019-09-18,2019-09-18 09:31:47,0.75,1.0563,21,0.73,1.0281,36,0.76,1.0704,1,0.74,1.0422,2,0
IWM190920P156,2019-09-18,2019-09-18 09:31:48,0.75,1.0563,15,0.74,1.0422,19,0.76,1.0704,1,0.745,1.0492,2,0
IWM190920P156,2019-09-18,2019-09-18 09:31:49,0.75,1.0563,15,0.74,1.0422,19,0.76,1.0704,1,0.745,1.0492,2,0
IWM190920P156,2019-09-18,2019-09-18 09:31:50,0.75,1.0563,39,0.74,1.0422,19,0.76,1.0704,1,0.745,1.0492,2,0
IWM190920P156,2019-09-18,2019-09-18 09:31:51,0.75,1.0563,208,0.73,1.0281,31,0.76,1.0704,1,0.74,1.0422,2,0
IWM190920P156,2019-09-18,2019-09-18 09:31:51,0.75,1.0563,208,0.73,1.0281,21,0.76,1.0704,1,0.74,1.0422,2,0
IWM190920P156,2019-09-18,2019-09-18 09:31:52,0.75,1.0563,188,0.73,1.0281,31,0.76,1.0704,1,0.74,1.0422,2,0
IWM190920P156,2019-09-18,2019-09-18 09:31:52,0.75,1.0563,188,0.73,1.0281,19,0.76,1.0704,1,0.74,1.0422,2,0
IWM190920P156,2019-09-18,2019-09-18 09:31:53,0.75,1.0563,188,0.73,1.0281,38,0.76,1.0704,1,0.74,1.0422,2,0
IWM190920P156,2019-09-18,2019-09-18 09:31:53,0.75,1.0563,198,0.73,1.0281,28,0.76,1.0704,1,0.74,1.0422,2,0
IWM190920P156,2019-09-18,2019-09-18 09:31:54,0.74,1.0422,24,0.72,1.014,63,0.76,1.0704,1,0.73,1.0281,2,0
IWM190920P156,2019-09-18,2019-09-18 09:31:54,0.74,1.0422,28,0.72,1.014,85,0.76,1.0704,1,0.73,1.0281,2,0
IWM190920P156,2019-09-18,2019-09-18 09:31:55,0.74,1.0422,98,0.72,1.014,55,0.76,1.0704,1,0.73,1.0281,2,0
IWM190920P156,2019-09-18,2019-09-18 09:31:55,0.74,1.0422,30,0.72,1.014,85,0.76,1.0704,1,0.73,1.0281,2,0
IWM190920P156,2019-09-18,2019-09-18 09:31:56,0.74,1.0422,28,0.72,1.014,55,0.76,1.0704,1,0.73,1.0281,2,0
IWM190920P156,2019-09-18,2019-09-18 09:31:57,0.73,1.0281,10,0.72,1.014,10,0.76,1.0704,1,0.725,1.0211,2,0
IWM190920P156,2019-09-18,2019-09-18 09:31:57,0.73,1.0281,10,0.72,1.014,55,0.76,1.0704,1,0.725,1.0211,2,0
IWM190920P156,2019-09-18,2019-09-18 09:31:58,0.73,1.0281,1,0.72,1.014,21,0.76,1.0704,1,0.725,1.0211,2,0
IWM190920P156,2019-09-18,2019-09-18 09:31:58,0.73,1.0281,10,0.72,1.014,31,0.76,1.0704,1,0.725,1.0211,2,0
IWM190920P156,2019-09-18,2019-09-18 09:31:59,0.73,1.0281,10,0.72,1.014,31,0.76,1.0704,1,0.725,1.0211,2,0
IWM190920P156,2019-09-18,2019-09-18 09:32:00,0.74,1.0422,20,0.72,1.014,31,0.76,1.0704,1,0.73,1.0281,2,0
IWM190920P156,2019-09-18,2019-09-18 09:32:00,0.73,1.0281,1,0.72,1.014,31,0.76,1.0704,1,0.725,1.0211,2,0
IWM190920P156,2019-09-18,2019-09-18 09:32:01,0.75,1.0563,10,0.74,1.0422,19,0.76,1.0704,1,0.745,1.0492,2,0
IWM190920P156,2019-09-18,2019-09-18 09:32:02,0.75,1.0563,10,0.74,1.0422,19,0.76,1.0704,1,0.745,1.0492,2,0
IWM190920P156,2019-09-18,2019-09-18 09:32:03,0.75,1.0563,10,0.73,1.0281,76,0.76,1.0704,1,0.74,1.0422,2,0
IWM190920P156,2019-09-18,2019-09-18 09:32:04,0.75,1.0563,108,0.73,1.0281,54,0.76,1.0704,1,0.74,1.0422,2,0
IWM190920P156,2019-09-18,2019-09-18 09:32:04,0.75,1.0563,61,0.73,1.0281,42,0.76,1.0704,1,0.74,1.0422,2,0
IWM190920P156,2019-09-18,2019-09-18 09:32:05,0.75,1.0563,113,0.74,1.0422,19,0.76,1.0704,1,0.745,1.0492,2,0
IWM190920P156,2019-09-18,2019-09-18 09:32:05,0.75,1.0563,67,0.74,1.0422,29,0.76,1.0704,1,0.745,1.0492,2,0
IWM190920P156,2019-09-18,2019-09-18 09:32:06,0.75,1.0563,77,0.73,1.0281,22,0.76,1.0704,1,0.74,1.0422,2,0
IWM190920P156,2019-09-18,2019-09-18 09:32:06,0.75,1.0563,123,0.73,1.0281,27,0.76,1.0704,1,0.74,1.0422,2,0
IWM190920P156,2019-09-18,2019-09-18 09:32:07,0.75,1.0563,353,0.73,1.0281,33,0.76,1.0704,1,0.74,1.0422,2,0
IWM190920P156,2019-09-18,2019-09-18 09:32:07,0.75,1.0563,302,0.73,1.0281,33,0.76,1.0704,1,0.74,1.0422,2,0
IWM190920P156,2019-09-18,2019-09-18 09:32:08,0.75,1.0563,468,0.73,1.0281,8,0.76,1.0704,1,0.74,1.0422,2,0
IWM190920P156,2019-09-18,2019-09-18 09:32:08,0.75,1.0563,383,0.73,1.0281,31,0.76,1.0704,1,0.74,1.0422,2,0
IWM190920P156,2019-09-18,2019-09-18 09:32:09,0.75,1.0563,468,0.72,1.014,63,0.76,1.0704,1,0.735,1.0352,2,0
IWM190920P156,2019-09-18,2019-09-18 09:32:10,0.75,1.0563,468,0.72,1.014,63,0.76,1.0704,1,0.735,1.0352,2,0
IWM190920P156,2019-09-18,2019-09-18 09:32:10,0.73,1.0281,53,0.72,1.014,21,0.76,1.0704,1,0.725,1.0211,2,0
IWM190920P156,2019-09-18,2019-09-18 09:32:11,0.73,1.0281,69,0.71,1.0,44,0.76,1.0704,1,0.72,1.014,2,0
IWM190920P156,2019-09-18,2019-09-18 09:32:11,0.73,1.0281,80,0.71,1.0,44,0.76,1.0704,1,0.72,1.014,2,0
IWM190920P156,2019-09-18,2019-09-18 09:32:12,0.73,1.0281,239,0.71,1.0,65,0.73,1.0281,1,0.72,1.014,12,10
IWM190920P156,2019-09-18,2019-09-18 09:32:12,0.73,1.0281,107,0.71,1.0,29,0.76,1.0704,1,0.72,1.014,2,0
IWM190920P156,2019-09-18,2019-09-18 09:32:13,0.73,1.0281,248,0.71,1.0,29,0.73,1.0281,1,0.72,1.014,12,0
IWM190920P156,2019-09-18,2019-09-18 09:32:14,0.73,1.0281,229,0.71,1.0,76,0.73,1.0281,1,0.72,1.014,12,0
IWM190920P156,2019-09-18,2019-09-18 09:32:14,0.73,1.0281,227,0.71,1.0,66,0.73,1.0281,1,0.72,1.014,12,0
IWM190920P156,2019-09-18,2019-09-18 09:32:15,0.73,1.0281,139,0.71,1.0,72,0.73,1.0281,1,0.72,1.014,12,0
IWM190920P156,2019-09-18,2019-09-18 09:32:15,0.73,1.0281,237,0.71,1.0,82,0.73,1.0281,1,0.72,1.014,12,0
IWM190920P156,2019-09-18,2019-09-18 09:32:16,0.73,1.0281,56,0.72,1.014,30,0.73,1.0281,1,0.725,1.0211,12,0
IWM190920P156,2019-09-18,2019-09-18 09:32:16,0.73,1.0281,56,0.72,1.014,28,0.73,1.0281,1,0.725,1.0211,12,0
IWM190920P156,2019-09-18,2019-09-18 09:32:17,0.73,1.0281,15,0.72,1.014,42,0.73,1.0281,1,0.725,1.0211,12,0
IWM190920P156,2019-09-18,2019-09-18 09:32:17,0.73,1.0281,15,0.72,1.014,28,0.73,1.0281,1,0.725,1.0211,12,0
IWM190920P156,2019-09-18,2019-09-18 09:32:18,0.73,1.0281,11,0.72,1.014,43,0.73,1.0281,1,0.725,1.0211,12,0
IWM190920P156,2019-09-18,2019-09-18 09:32:18,0.74,1.0422,212,0.73,1.0281,2,0.73,1.0281,1,0.735,1.0352,12,0
IWM190920P156,2019-09-18,2019-09-18 09:32:19,0.74,1.0422,212,0.72,1.014,50,0.73,1.0281,1,0.73,1.0281,12,0
IWM190920P156,2019-09-18,2019-09-18 09:32:19,0.74,1.0422,127,0.72,1.014,50,0.73,1.0281,1,0.73,1.0281,12,0
IWM190920P156,2019-09-18,2019-09-18 09:32:20,0.74,1.0422,226,0.72,1.014,56,0.73,1.0281,1,0.73,1.0281,12,0
IWM190920P156,2019-09-18,2019-09-18 09:32:20,0.74,1.0422,226,0.72,1.014,50,0.73,1.0281,1,0.73,1.0281,12,0
IWM190920P156,2019-09-18,2019-09-18 09:32:21,0.74,1.0422,226,0.72,1.014,70,0.73,1.0281,1,0.73,1.0281,12,0
IWM190920P156,2019-09-18,2019-09-18 09:32:22,0.74,1.0422,15,0.73,1.0281,21,0.73,1.0281,1,0.735,1.0352,12,0
IWM190920P156,2019-09-18,2019-09-18 09:32:22,0.74,1.0422,226,0.72,1.014,70,0.73,1.0281,1,0.73,1.0281,12,0
IWM190920P156,2019-09-18,2019-09-18 09:32:23,0.74,1.0422,15,0.73,1.0281,21,0.74,1.0422,25,0.735,1.0352,62,50
IWM190920P156,2019-09-18,2019-09-18 09:32:24,0.74,1.0422,15,0.73,1.0281,21,0.74,1.0422,25,0.735,1.0352,62,0
IWM190920P156,2019-09-18,2019-09-18 09:32:25,0.74,1.0422,15,0.73,1.0281,21,0.74,1.0422,25,0.735,1.0352,62,0
IWM190920P156,2019-09-18,2019-09-18 09:32:26,0.74,1.0422,15,0.73,1.0281,21,0.74,1.0422,25,0.735,1.0352,62,0
IWM190920P156,2019-09-18,2019-09-18 09:32:27,0.74,1.0422,15,0.73,1.0281,21,0.74,1.0422,25,0.735,1.0352,62,0
IWM190920P156,2019-09-18,2019-09-18 09:32:28,0.74,1.0422,1,0.73,1.0281,20,0.74,1.0422,25,0.735,1.0352,62,0
IWM190920P156,2019-09-18,2019-09-18 09:32:28,0.74,1.0422,15,0.73,1.0281,21,0.74,1.0422,25,0.735,1.0352,62,0
IWM190920P156,2019-09-18,2019-09-18 09:32:29,0.74,1.0422,1,0.73,1.0281,20,0.74,1.0422,25,0.735,1.0352,62,0
IWM190920P156,2019-09-18,2019-09-18 09:32:30,0.74,1.0422,1,0.73,1.0281,20,0.74,1.0422,25,0.735,1.0352,62,0
IWM190920P156,2019-09-18,2019-09-18 09:32:30,0.74,1.0422,293,0.72,1.014,35,0.74,1.0422,25,0.73,1.0281,62,0
IWM190920P156,2019-09-18,2019-09-18 09:32:31,0.74,1.0422,312,0.72,1.014,35,0.74,1.0422,25,0.73,1.0281,62,0
IWM190920P156,2019-09-18,2019-09-18 09:32:31,0.73,1.0281,69,0.71,1.0,61,0.74,1.0422,25,0.72,1.014,62,0
IWM190920P156,2019-09-18,2019-09-18 09:32:32,0.74,1.0422,211,0.72,1.014,20,0.74,1.0422,25,0.73,1.0281,62,0
IWM190920P156,2019-09-18,2019-09-18 09:32:32,0.73,1.0281,2,0.71,1.0,61,0.74,1.0422,25,0.72,1.014,62,0
IWM190920P156,2019-09-18,2019-09-18 09:32:33,0.74,1.0422,211,0.72,1.014,20,0.74,1.0422,25,0.73,1.0281,62,0
IWM190920P156,2019-09-18,2019-09-18 09:32:33,0.74,1.0422,242,0.72,1.014,20,0.74,1.0422,25,0.73,1.0281,62,0
IWM190920P156,2019-09-18,2019-09-18 09:32:34,0.74,1.0422,272,0.72,1.014,20,0.74,1.0422,25,0.73,1.0281,62,0
IWM190920P156,2019-09-18,2019-09-18 09:32:35,0.74,1.0422,272,0.72,1.014,20,0.74,1.0422,25,0.73,1.0281,62,0
IWM190920P156,2019-09-18,2019-09-18 09:32:35,0.74,1.0422,352,0.72,1.014,20,0.74,1.0422,25,0.73,1.0281,62,0
IWM190920P156,2019-09-18,2019-09-18 09:32:36,0.74,1.0422,269,0.72,1.014,26,0.74,1.0422,25,0.73,1.0281,62,0
IWM190920P156,2019-09-18,2019-09-18 09:32:36,0.74,1.0422,269,0.72,1.014,20,0.74,1.0422,25,0.73,1.0281,62,0
IWM190920P156,2019-09-18,2019-09-18 09:32:37,0.74,1.0422,269,0.72,1.014,26,0.74,1.0422,25,0.73,1.0281,62,0
IWM190920P156,2019-09-18,2019-09-18 09:32:38,0.74,1.0422,342,0.72,1.014,26,0.74,1.0422,25,0.73,1.0281,62,0
IWM190920P156,2019-09-18,2019-09-18 09:32:39,0.74,1.0422,274,0.72,1.014,10,0.74,1.0422,25,0.73,1.0281,62,0
IWM190920P156,2019-09-18,2019-09-18 09:32:39,0.74,1.0422,392,0.72,1.014,10,0.74,1.0422,25,0.73,1.0281,62,0
IWM190920P156,2019-09-18,2019-09-18 09:32:40,0.73,1.0281,159,0.71,1.0,29,0.74,1.0422,25,0.72,1.014,62,0
IWM190920P156,2019-09-18,2019-09-18 09:32:40,0.74,1.0422,392,0.72,1.014,10,0.74,1.0422,25,0.73,1.0281,62,0
IWM190920P156,2019-09-18,2019-09-18 09:32:41,0.73,1.0281,182,0.71,1.0,29,0.74,1.0422,25,0.72,1.014,62,0
IWM190920P156,2019-09-18,2019-09-18 09:32:41,0.73,1.0281,192,0.71,1.0,29,0.74,1.0422,25,0.72,1.014,62,0
IWM190920P156,2019-09-18,2019-09-18 09:32:42,0.73,1.0281,137,0.71,1.0,168,0.74,1.0422,25,0.72,1.014,62,0
IWM190920P156,2019-09-18,2019-09-18 09:32:43,0.73,1.0281,22,0.71,1.0,168,0.74,1.0422,25,0.72,1.014,62,0
IWM190920P156,2019-09-18,2019-09-18 09:32:43,0.73,1.0281,137,0.71,1.0,168,0.74,1.0422,25,0.72,1.014,62,0
IWM190920P156,2019-09-18,2019-09-18 09:32:44,0.73,1.0281,14,0.72,1.014,20,0.74,1.0422,25,0.725,1.0211,62,0
IWM190920P156,2019-09-18,2019-09-18 09:32:44,0.74,1.0422,285,0.72,1.014,25,0.74,1.0422,25,0.73,1.0281,62,0
IWM190920P156,2019-09-18,2019-09-18 09:32:45,0.74,1.0422,285,0.72,1.014,25,0.74,1.0422,25,0.73,1.0281,62,0
IWM190920P156,2019-09-18,2019-09-18 09:32:45,0.74,1.0422,22,0.72,1.014,25,0.74,1.0422,25,0.73,1.0281,62,0
IWM190920P156,2019-09-18,2019-09-18 09:32:46,0.75,1.0563,101,0.73,1.0281,154,0.74,1.0422,25,0.74,1.0422,62,0
IWM190920P156,2019-09-18,2019-09-18 09:32:46,0.74,1.0422,22,0.73,1.0281,19,0.74,1.0422,25,0.735,1.0352,62,0
IWM190920P156,2019-09-18,2019-09-18 09:32:47,0.74,1.0422,88,0.72,1.014,295,0.74,1.0422,25,0.73,1.0281,62,0
IWM190920P156,2019-09-18,2019-09-18 09:32:47,0.74,1.0422,119,0.73,1.0281,19,0.74,1.0422,25,0.735,1.0352,62,0
IWM190920P156,2019-09-18,2019-09-18 09:32:48,0.74,1.0422,66,0.73,1.0281,19,0.74,1.0422,25,0.735,1.0352,62,0
IWM190920P156,2019-09-18,2019-09-18 09:32:48,0.74,1.0422,100,0.73,1.0281,19,0.74,1.0422,25,0.735,1.0352,62,0
IWM190920P156,2019-09-18,2019-09-18 09:32:49,0.74,1.0422,17,0.73,1.0281,20,0.74,1.0422,25,0.735,1.0352,62,0
IWM190920P156,2019-09-18,2019-09-18 09:32:49,0.74,1.0422,59,0.73,1.0281,19,0.74,1.0422,25,0.735,1.0352,62,0
IWM190920P156,2019-09-18,2019-09-18 09:32:50,0.74,1.0422,17,0.73,1.0281,19,0.74,1.0422,25,0.735,1.0352,62,0
IWM190920P156,2019-09-18,2019-09-18 09:32:50,0.74,1.0422,22,0.73,1.0281,20,0.74,1.0422,25,0.735,1.0352,62,0
IWM190920P156,2019-09-18,2019-09-18 09:32:51,0.74,1.0422,26,0.73,1.0281,20,0.74,1.0422,25,0.735,1.0352,62,0
IWM190920P156,2019-09-18,2019-09-18 09:32:51,0.75,1.0563,116,0.73,1.0281,26,0.74,1.0422,25,0.74,1.0422,62,0
IWM190920P156,2019-09-18,2019-09-18 09:32:52,0.75,1.0563,228,0.73,1.0281,26,0.74,1.0422,25,0.74,1.0422,62,0
IWM190920P156,2019-09-18,2019-09-18 09:32:52,0.75,1.0563,215,0.73,1.0281,26,0.74,1.0422,25,0.74,1.0422,62,0
IWM190920P156,2019-09-18,2019-09-18 09:32:53,0.75,1.0563,328,0.72,1.014,333,0.74,1.0422,25,0.735,1.0352,62,0
IWM190920P156,2019-09-18,2019-09-18 09:32:53,0.75,1.0563,292,0.72,1.014,316,0.74,1.0422,25,0.735,1.0352,62,0
IWM190920P156,2019-09-18,2019-09-18 09:32:54,0.75,1.0563,292,0.72,1.014,163,0.74,1.0422,25,0.735,1.0352,62,0
IWM190920P156,2019-09-18,2019-09-18 09:32:54,0.75,1.0563,195,0.73,1.0281,24,0.74,1.0422,25,0.74,1.0422,62,0
IWM190920P156,2019-09-18,2019-09-18 09:32:55,0.75,1.0563,147,0.73,1.0281,26,0.74,1.0422,25,0.74,1.0422,62,0
IWM190920P156,2019-09-18,2019-09-18 09:32:55,0.75,1.0563,147,0.73,1.0281,24,0.74,1.0422,25,0.74,1.0422,62,0
IWM190920P156,2019-09-18,2019-09-18 09:32:56,0.75,1.0563,120,0.73,1.0281,26,0.74,1.0422,25,0.74,1.0422,62,0
IWM190920P156,2019-09-18,2019-09-18 09:32:57,0.75,1.0563,168,0.73,1.0281,26,0.74,1.0422,25,0.74,1.0422,62,0
IWM190920P156,2019-09-18,2019-09-18 09:32:57,0.75,1.0563,120,0.73,1.0281,26,0.74,1.0422,25,0.74,1.0422,62,0
IWM190920P156,2019-09-18,2019-09-18 09:32:58,0.75,1.0563,30,0.73,1.0281,20,0.74,1.0422,25,0.74,1.0422,62,0
IWM190920P156,2019-09-18,2019-09-18 09:32:58,0.75,1.0563,141,0.73,1.0281,26,0.74,1.0422,25,0.74,1.0422,62,0
IWM190920P156,2019-09-18,2019-09-18 09:32:59,0.75,1.0563,30,0.74,1.0422,24,0.74,1.0422,25,0.745,1.0492,62,0
IWM190920P156,2019-09-18,2019-09-18 09:33:00,0.75,1.0563,13,0.74,1.0422,19,0.74,1.0422,25,0.745,1.0492,62,0
IWM190920P156,2019-09-18,2019-09-18 09:33:00,0.75,1.0563,22,0.74,1.0422,20,0.74,1.0422,25,0.745,1.0492,62,0
IWM190920P156,2019-09-18,2019-09-18 09:33:01,0.75,1.0563,22,0.74,1.0422,20,0.75,1.0563,1,0.745,1.0492,68,6
IWM190920P156,2019-09-18,2019-09-18 09:33:01,0.77,1.0845,108,0.74,1.0422,432,0.75,1.0563,1,0.755,1.0633,68,0
IWM190920P156,2019-09-18,2019-09-18 09:33:02,0.77,1.0845,8,0.74,1.0422,622,0.75,1.0563,1,0.755,1.0633,68,0
IWM190920P156,2019-09-18,2019-09-18 09:33:02,0.76,1.0704,11,0.74,1.0422,295,0.75,1.0563,1,0.75,1.0563,68,0
IWM190920P156,2019-09-18,2019-09-18 09:33:03,0.76,1.0704,18,0.74,1.0422,339,0.75,1.0563,1,0.75,1.0563,68,0
IWM190920P156,2019-09-18,2019-09-18 09:33:03,0.75,1.0563,5,0.74,1.0422,295,0.75,1.0563,1,0.745,1.0492,68,0
IWM190920P156,2019-09-18,2019-09-18 09:33:04,0.75,1.0563,155,0.73,1.0281,183,0.75,1.0563,1,0.74,1.0422,68,0
IWM190920P156,2019-09-18,2019-09-18 09:33:04,0.74,1.0422,9,0.73,1.0281,183,0.75,1.0563,1,0.735,1.0352,68,0
IWM190920P156,2019-09-18,2019-09-18 09:33:05,0.75,1.0563,179,0.73,1.0281,152,0.75,1.0563,1,0.74,1.0422,68,0
IWM190920P156,2019-09-18,2019-09-18 09:33:06,0.75,1.0563,189,0.73,1.0281,152,0.75,1.0563,1,0.74,1.0422,68,0
IWM190920P156,2019-09-18,2019-09-18 09:33:07,0.75,1.0563,189,0.73,1.0281,152,0.75,1.0563,1,0.74,1.0422,68,0
IWM190920P156,2019-09-18,2019-09-18 09:33:08,0.75,1.0563,159,0.73,1.0281,152,0.75,1.0563,1,0.74,1.0422,68,0
IWM190920P156,2019-09-18,2019-09-18 09:33:08,0.75,1.0563,140,0.73,1.0281,152,0.75,1.0563,1,0.74,1.0422,68,0
IWM190920P156,2019-09-18,2019-09-18 09:33:09,0.75,1.0563,49,0.73,1.0281,121,0.75,1.0563,1,0.74,1.0422,68,0
IWM190920P156,2019-09-18,2019-09-18 09:33:09,0.75,1.0563,38,0.73,1.0281,121,0.75,1.0563,1,0.74,1.0422,68,0
IWM190920P156,2019-09-18,2019-09-18 09:33:10,0.75,1.0563,185,0.73,1.0281,66,0.75,1.0563,1,0.74,1.0422,68,0
IWM190920P156,2019-09-18,2019-09-18 09:33:10,0.75,1.0563,183,0.72,1.014,129,0.75,1.0563,1,0.735,1.0352,68,0
IWM190920P156,2019-09-18,2019-09-18 09:33:11,0.75,1.0563,243,0.72,1.014,137,0.75,1.0563,1,0.735,1.0352,68,0
IWM190920P156,2019-09-18,2019-09-18 09:33:11,0.75,1.0563,201,0.72,1.014,137,0.75,1.0563,1,0.735,1.0352,68,0
IWM190920P156,2019-09-18,2019-09-18 09:33:12,0.75,1.0563,245,0.72,1.014,137,0.75,1.0563,1,0.735,1.0352,68,0
IWM190920P156,2019-09-18,2019-09-18 09:33:12,0.75,1.0563,274,0.73,1.0281,72,0.75,1.0563,1,0.74,1.0422,68,0
IWM190920P156,2019-09-18,2019-09-18 09:33:13,0.75,1.0563,202,0.73,1.0281,72,0.75,1.0563,1,0.74,1.0422,68,0
IWM190920P156,2019-09-18,2019-09-18 09:33:13,0.75,1.0563,115,0.73,1.0281,72,0.75,1.0563,1,0.74,1.0422,68,0
IWM190920P156,2019-09-18,2019-09-18 09:33:14,0.75,1.0563,150,0.73,1.0281,72,0.75,1.0563,1,0.74,1.0422,68,0
IWM190920P156,2019-09-18,2019-09-18 09:33:15,0.75,1.0563,84,0.73,1.0281,38,0.75,1.0563,1,0.74,1.0422,68,0
IWM190920P156,2019-09-18,2019-09-18 09:33:15,0.75,1.0563,25,0.74,1.0422,19,0.75,1.0563,1,0.745,1.0492,68,0
IWM190920P156,2019-09-18,2019-09-18 09:33:16,0.75,1.0563,25,0.73,1.0281,27,0.75,1.0563,1,0.74,1.0422,68,0
IWM190920P156,2019-09-18,2019-09-18 09:33:16,0.75,1.0563,25,0.74,1.0422,21,0.75,1.0563,1,0.745,1.0492,68,0
IWM190920P156,2019-09-18,2019-09-18 09:33:17,0.75,1.0563,25,0.73,1.0281,27,0.75,1.0563,1,0.74,1.0422,68,0
IWM190920P156,2019-09-18,2019-09-18 09:33:18,0.75,1.0563,199,0.73,1.0281,58,0.75,1.0563,1,0.74,1.0422,68,0
IWM190920P156,2019-09-18,2019-09-18 09:33:18,0.75,1.0563,209,0.73,1.0281,58,0.75,1.0563,1,0.74,1.0422,68,0
IWM190920P156,2019-09-18,2019-09-18 09:33:19,0.75,1.0563,211,0.73,1.0281,22,0.75,1.0563,1,0.74,1.0422,68,0
IWM190920P156,2019-09-18,2019-09-18 09:33:20,0.75,1.0563,211,0.73,1.0281,26,0.75,1.0563,1,0.74,1.0422,68,0
IWM190920P156,2019-09-18,2019-09-18 09:33:20,0.75,1.0563,214,0.73,1.0281,22,0.75,1.0563,1,0.74,1.0422,68,0
IWM190920P156,2019-09-18,2019-09-18 09:33:21,0.75,1.0563,229,0.72,1.014,44,0.75,1.0563,1,0.735,1.0352,68,0
IWM190920P156,2019-09-18,2019-09-18 09:33:21,0.75,1.0563,229,0.73,1.0281,21,0.75,1.0563,1,0.74,1.0422,68,0
IWM190920P156,2019-09-18,2019-09-18 09:33:22,0.75,1.0563,174,0.73,1.0281,21,0.75,1.0563,1,0.74,1.0422,68,0
IWM190920P156,2019-09-18,2019-09-18 09:33:22,0.75,1.0563,106,0.73,1.0281,21,0.75,1.0563,1,0.74,1.0422,68,0
IWM190920P156,2019-09-18,2019-09-18 09:33:23,0.75,1.0563,136,0.73,1.0281,25,0.75,1.0563,1,0.74,1.0422,68,0
IWM190920P156,2019-09-18,2019-09-18 09:33:23,0.75,1.0563,33,0.73,1.0281,21,0.75,1.0563,1,0.74,1.0422,68,0
IWM190920P156,2019-09-18,2019-09-18 09:33:24,0.75,1.0563,187,0.73,1.0281,25,0.75,1.0563,1,0.74,1.0422,68,0
IWM190920P156,2019-09-18,2019-09-18 09:33:24,0.75,1.0563,136,0.73,1.0281,19,0.75,1.0563,1,0.74,1.0422,68,0
IWM190920P156,2019-09-18,2019-09-18 09:33:25,0.75,1.0563,71,0.73,1.0281,21,0.75,1.0563,1,0.74,1.0422,68,0
IWM190920P156,2019-09-18,2019-09-18 09:33:25,0.75,1.0563,136,0.73,1.0281,25,0.75,1.0563,1,0.74,1.0422,68,0
IWM190920P156,2019-09-18,2019-09-18 09:33:26,0.75,1.0563,71,0.73,1.0281,150,0.75,1.0563,1,0.74,1.0422,68,0
IWM190920P156,2019-09-18,2019-09-18 09:33:26,0.75,1.0563,109,0.73,1.0281,155,0.75,1.0563,1,0.74,1.0422,68,0
IWM190920P156,2019-09-18,2019-09-18 09:33:27,0.75,1.0563,50,0.73,1.0281,138,0.75,1.0563,1,0.74,1.0422,68,0
IWM190920P156,2019-09-18,2019-09-18 09:33:27,0.75,1.0563,50,0.73,1.0281,152,0.75,1.0563,1,0.74,1.0422,68,0
IWM190920P156,2019-09-18,2019-09-18 09:33:28,0.74,1.0422,17,0.73,1.0281,131,0.75,1.0563,1,0.735,1.0352,68,0
IWM190920P156,2019-09-18,2019-09-18 09:33:29,0.74,1.0422,72,0.72,1.014,74,0.75,1.0563,1,0.73,1.0281,68,0
IWM190920P156,2019-09-18,2019-09-18 09:33:29,0.74,1.0422,214,0.72,1.014,19,0.75,1.0563,1,0.73,1.0281,68,0
IWM190920P156,2019-09-18,2019-09-18 09:33:30,0.74,1.0422,214,0.72,1.014,19,0.75,1.0563,1,0.73,1.0281,68,0
IWM190920P156,2019-09-18,2019-09-18 09:33:30,0.74,1.0422,222,0.72,1.014,127,0.75,1.0563,1,0.73,1.0281,68,0
IWM190920P156,2019-09-18,2019-09-18 09:33:31,0.74,1.0422,222,0.72,1.014,127,0.75,1.0563,1,0.73,1.0281,68,0
IWM190920P156,2019-09-18,2019-09-18 09:33:31,0.74,1.0422,224,0.72,1.014,129,0.75,1.0563,1,0.73,1.0281,68,0
IWM190920P156,2019-09-18,2019-09-18 09:33:32,0.74,1.0422,262,0.72,1.014,129,0.75,1.0563,1,0.73,1.0281,68,0
IWM190920P156,2019-09-18,2019-09-18 09:33:33,0.74,1.0422,262,0.72,1.014,129,0.75,1.0563,1,0.73,1.0281,68,0
IWM190920P156,2019-09-18,2019-09-18 09:33:33,0.74,1.0422,267,0.72,1.014,129,0.75,1.0563,1,0.73,1.0281,68,0
IWM190920P156,2019-09-18,2019-09-18 09:33:34,0.74,1.0422,267,0.72,1.014,129,0.75,1.0563,1,0.73,1.0281,68,0
IWM190920P156,2019-09-18,2019-09-18 09:33:35,0.74,1.0422,299,0.72,1.014,129,0.75,1.0563,1,0.73,1.0281,68,0
IWM190920P156,2019-09-18,2019-09-18 09:33:36,0.74,1.0422,299,0.72,1.014,27,0.75,1.0563,1,0.73,1.0281,68,0
IWM190920P156,2019-09-18,2019-09-18 09:33:36,0.74,1.0422,299,0.72,1.014,129,0.75,1.0563,1,0.73,1.0281,68,0
IWM190920P156,2019-09-18,2019-09-18 09:33:37,0.74,1.0422,299,0.73,1.0281,123,0.75,1.0563,1,0.735,1.0352,68,0
IWM190920P156,2019-09-18,2019-09-18 09:33:37,0.74,1.0422,299,0.73,1.0281,37,0.75,1.0563,1,0.735,1.0352,68,0
IWM190920P156,2019-09-18,2019-09-18 09:33:38,0.74,1.0422,33,0.72,1.014,293,0.75,1.0563,1,0.73,1.0281,68,0
IWM190920P156,2019-09-18,2019-09-18 09:33:38,0.74,1.0422,22,0.72,1.014,387,0.75,1.0563,1,0.73,1.0281,68,0
IWM190920P156,2019-09-18,2019-09-18 09:33:39,0.74,1.0422,100,0.72,1.014,217,0.75,1.0563,1,0.73,1.0281,68,0
IWM190920P156,2019-09-18,2019-09-18 09:33:39,0.74,1.0422,22,0.72,1.014,307,0.75,1.0563,1,0.73,1.0281,68,0
IWM190920P156,2019-09-18,2019-09-18 09:33:40,0.74,1.0422,127,0.72,1.014,217,0.75,1.0563,1,0.73,1.0281,68,0
IWM190920P156,2019-09-18,2019-09-18 09:33:41,0.74,1.0422,159,0.72,1.014,217,0.75,1.0563,1,0.73,1.0281,68,0
IWM190920P156,2019-09-18,2019-09-18 09:33:41,0.74,1.0422,127,0.72,1.014,217,0.75,1.0563,1,0.73,1.0281,68,0
IWM190920P156,2019-09-18,2019-09-18 09:33:42,0.74,1.0422,166,0.72,1.014,128,0.75,1.0563,1,0.73,1.0281,68,0
IWM190920P156,2019-09-18,2019-09-18 09:33:42,0.74,1.0422,158,0.72,1.014,160,0.75,1.0563,1,0.73,1.0281,68,0
IWM190920P156,2019-09-18,2019-09-18 09:33:43,0.74,1.0422,124,0.72,1.014,187,0.75,1.0563,1,0.73,1.0281,68,0
IWM190920P156,2019-09-18,2019-09-18 09:33:44,0.74,1.0422,124,0.72,1.014,64,0.75,1.0563,1,0.73,1.0281,68,0
IWM190920P156,2019-09-18,2019-09-18 09:33:44,0.74,1.0422,124,0.72,1.014,187,0.75,1.0563,1,0.73,1.0281,68,0
IWM190920P156,2019-09-18,2019-09-18 09:33:45,0.74,1.0422,52,0.72,1.014,268,0.75,1.0563,1,0.73,1.0281,68,0
IWM190920P156,2019-09-18,2019-09-18 09:33:46,0.74,1.0422,62,0.72,1.014,268,0.75,1.0563,1,0.73,1.0281,68,0
IWM190920P156,2019-09-18,2019-09-18 09:33:47,0.74,1.0422,62,0.73,1.0281,26,0.75,1.0563,1,0.735,1.0352,68,0
IWM190920P156,2019-09-18,2019-09-18 09:33:47,0.74,1.0422,11,0.73,1.0281,26,0.75,1.0563,1,0.735,1.0352,68,0
IWM190920P156,2019-09-18,2019-09-18 09:33:48,0.74,1.0422,11,0.73,1.0281,114,0.75,1.0563,1,0.735,1.0352,68,0
IWM190920P156,2019-09-18,2019-09-18 09:33:48,0.74,1.0422,21,0.73,1.0281,23,0.75,1.0563,1,0.735,1.0352,68,0
IWM190920P156,2019-09-18,2019-09-18 09:33:49,0.74,1.0422,21,0.73,1.0281,23,0.75,1.0563,1,0.735,1.0352,68,0
IWM190920P156,2019-09-18,2019-09-18 09:33:50,0.74,1.0422,8,0.73,1.0281,60,0.75,1.0563,1,0.735,1.0352,68,0
IWM190920P156,2019-09-18,2019-09-18 09:33:50,0.74,1.0422,21,0.73,1.0281,23,0.75,1.0563,1,0.735,1.0352,68,0
IWM190920P156,2019-09-18,2019-09-18 09:33:51,0.74,1.0422,8,0.73,1.0281,211,0.75,1.0563,1,0.735,1.0352,68,0
IWM190920P156,2019-09-18,2019-09-18 09:33:51,0.74,1.0422,8,0.73,1.0281,155,0.75,1.0563,1,0.735,1.0352,68,0
IWM190920P156,2019-09-18,2019-09-18 09:33:52,0.74,1.0422,8,0.73,1.0281,23,0.75,1.0563,1,0.735,1.0352,68,0
IWM190920P156,2019-09-18,2019-09-18 09:33:52,0.74,1.0422,8,0.73,1.0281,22,0.75,1.0563,1,0.735,1.0352,68,0
IWM190920P156,2019-09-18,2019-09-18 09:33:53,0.74,1.0422,14,0.73,1.0281,22,0.75,1.0563,1,0.735,1.0352,68,0
IWM190920P156,2019-09-18,2019-09-18 09:33:54,0.74,1.0422,17,0.72,1.014,595,0.75,1.0563,1,0.73,1.0281,68,0
IWM190920P156,2019-09-18,2019-09-18 09:33:54,0.74,1.0422,32,0.72,1.014,620,0.75,1.0563,1,0.73,1.0281,68,0
IWM190920P156,2019-09-18,2019-09-18 09:33:55,0.74,1.0422,8,0.72,1.014,595,0.75,1.0563,1,0.73,1.0281,68,0
IWM190920P156,2019-09-18,2019-09-18 09:33:55,0.74,1.0422,14,0.72,1.014,369,0.75,1.0563,1,0.73,1.0281,68,0
IWM190920P156,2019-09-18,2019-09-18 09:33:56,0.74,1.0422,8,0.72,1.014,271,0.75,1.0563,1,0.73,1.0281,68,0
IWM190920P156,2019-09-18,2019-09-18 09:33:56,0.74,1.0422,27,0.72,1.014,271,0.75,1.0563,1,0.73,1.0281,68,0
IWM190920P156,2019-09-18,2019-09-18 09:33:57,0.74,1.0422,8,0.72,1.014,271,0.75,1.0563,1,0.73,1.0281,68,0
IWM190920P156,2019-09-18,2019-09-18 09:33:58,0.74,1.0422,8,0.73,1.0281,141,0.75,1.0563,1,0.735,1.0352,68,0
IWM190920P156,2019-09-18,2019-09-18 09:33:58,0.74,1.0422,8,0.73,1.0281,210,0.75,1.0563,1,0.735,1.0352,68,0
IWM190920P156,2019-09-18,2019-09-18 09:33:59,0.75,1.0563,24,0.74,1.0422,25,0.75,1.0563,1,0.745,1.0492,68,0
IWM190920P156,2019-09-18,2019-09-18 09:33:59,0.75,1.0563,24,0.74,1.0422,100,0.75,1.0563,1,0.745,1.0492,68,0
IWM190920P156,2019-09-18,2019-09-18 09:34:00,0.75,1.0563,24,0.74,1.0422,133,0.75,1.0563,1,0.745,1.0492,68,0
IWM190920P156,2019-09-18,2019-09-18 09:34:01,0.75,1.0563,24,0.75,1.0563,90,0.75,1.0563,1,0.75,1.0563,68,0
IWM190920P156,2019-09-18,2019-09-18 09:34:02,0.75,1.0563,24,0.75,1.0563,115,0.75,1.0563,1,0.75,1.0563,68,0
IWM190920P156,2019-09-18,2019-09-18 09:34:02,0.75,1.0563,24,0.75,1.0563,24,0.75,1.0563,1,0.75,1.0563,68,0
IWM190920P156,2019-09-18,2019-09-18 09:34:03,0.78,1.0985,63,0.76,1.0704,130,0.75,1.0563,1,0.77,1.0845,68,0
IWM190920P156,2019-09-18,2019-09-18 09:34:03,0.76,1.0704,32,0.75,1.0563,115,0.75,1.0563,1,0.755,1.0633,68,0
IWM190920P156,2019-09-18,2019-09-18 09:34:04,0.77,1.0845,1,0.76,1.0704,236,0.75,1.0563,1,0.765,1.0774,68,0
IWM190920P156,2019-09-18,2019-09-18 09:34:05,0.78,1.0985,26,0.77,1.0845,113,0.75,1.0563,1,0.775,1.0915,68,0
IWM190920P156,2019-09-18,2019-09-18 09:34:05,0.78,1.0985,26,0.77,1.0845,24,0.75,1.0563,1,0.775,1.0915,68,0
IWM190920P156,2019-09-18,2019-09-18 09:34:06,0.78,1.0985,26,0.77,1.0845,501,0.75,1.0563,1,0.775,1.0915,68,0
IWM190920P156,2019-09-18,2019-09-18 09:34:07,0.78,1.0985,26,0.77,1.0845,407,0.75,1.0563,1,0.775,1.0915,68,0
IWM190920P156,2019-09-18,2019-09-18 09:34:07,0.78,1.0985,3,0.77,1.0845,431,0.75,1.0563,1,0.775,1.0915,68,0
IWM190920P156,2019-09-18,2019-09-18 09:34:08,0.78,1.0985,22,0.76,1.0704,573,0.75,1.0563,1,0.77,1.0845,68,0
IWM190920P156,2019-09-18,2019-09-18 09:34:08,0.78,1.0985,22,0.76,1.0704,231,0.75,1.0563,1,0.77,1.0845,68,0
IWM190920P156,2019-09-18,2019-09-18 09:34:09,0.78,1.0985,24,0.76,1.0704,554,0.75,1.0563,1,0.77,1.0845,68,0
IWM190920P156,2019-09-18,2019-09-18 09:34:09,0.78,1.0985,14,0.76,1.0704,554,0.75,1.0563,1,0.77,1.0845,68,0
IWM190920P156,2019-09-18,2019-09-18 09:34:10,0.78,1.0985,123,0.76,1.0704,468,0.75,1.0563,1,0.77,1.0845,68,0
IWM190920P156,2019-09-18,2019-09-18 09:34:10,0.78,1.0985,49,0.76,1.0704,460,0.75,1.0563,1,0.77,1.0845,68,0
IWM190920P156,2019-09-18,2019-09-18 09:34:11,0.78,1.0985,126,0.76,1.0704,574,0.75,1.0563,1,0.77,1.0845,68,0
IWM190920P156,2019-09-18,2019-09-18 09:34:12,0.77,1.0845,21,0.76,1.0704,574,0.75,1.0563,1,0.765,1.0774,68,0
IWM190920P156,2019-09-18,2019-09-18 09:34:12,0.78,1.0985,126,0.76,1.0704,574,0.75,1.0563,1,0.77,1.0845,68,0
IWM190920P156,2019-09-18,2019-09-18 09:34:13,0.77,1.0845,10,0.76,1.0704,108,0.75,1.0563,1,0.765,1.0774,68,0
IWM190920P156,2019-09-18,2019-09-18 09:34:13,0.77,1.0845,4,0.76,1.0704,78,0.75,1.0563,1,0.765,1.0774,68,0
IWM190920P156,2019-09-18,2019-09-18 09:34:14,0.77,1.0845,16,0.76,1.0704,120,0.75,1.0563,1,0.765,1.0774,68,0
IWM190920P156,2019-09-18,2019-09-18 09:34:14,0.77,1.0845,16,0.76,1.0704,62,0.75,1.0563,1,0.765,1.0774,68,0
IWM190920P156,2019-09-18,2019-09-18 09:34:15,0.77,1.0845,16,0.76,1.0704,188,0.75,1.0563,1,0.765,1.0774,68,0
IWM190920P156,2019-09-18,2019-09-18 09:34:15,0.77,1.0845,16,0.76,1.0704,81,0.75,1.0563,1,0.765,1.0774,68,0
IWM190920P156,2019-09-18,2019-09-18 09:34:16,0.77,1.0845,16,0.76,1.0704,427,0.75,1.0563,1,0.765,1.0774,68,0
IWM190920P156,2019-09-18,2019-09-18 09:34:16,0.77,1.0845,16,0.76,1.0704,331,0.75,1.0563,1,0.765,1.0774,68,0
IWM190920P156,2019-09-18,2019-09-18 09:34:17,0.77,1.0845,4,0.76,1.0704,505,0.75,1.0563,1,0.765,1.0774,68,0
IWM190920P156,2019-09-18,2019-09-18 09:34:17,0.77,1.0845,16,0.76,1.0704,427,0.75,1.0563,1,0.765,1.0774,68,0
IWM190920P156,2019-09-18,2019-09-18 09:34:18,0.77,1.0845,16,0.76,1.0704,539,0.75,1.0563,1,0.765,1.0774,68,0
IWM190920P156,2019-09-18,2019-09-18 09:34:18,0.78,1.0985,16,0.76,1.0704,539,0.75,1.0563,1,0.77,1.0845,68,0
IWM190920P156,2019-09-18,2019-09-18 09:34:19,0.78,1.0985,16,0.76,1.0704,464,0.75,1.0563,1,0.77,1.0845,68,0
IWM190920P156,2019-09-18,2019-09-18 09:34:20,0.78,1.0985,16,0.77,1.0845,19,0.75,1.0563,1,0.775,1.0915,68,0
IWM190920P156,2019-09-18,2019-09-18 09:34:20,0.78,1.0985,16,0.76,1.0704,464,0.75,1.0563,1,0.77,1.0845,68,0
IWM190920P156,2019-09-18,2019-09-18 09:34:21,0.78,1.0985,16,0.77,1.0845,79,0.75,1.0563,1,0.775,1.0915,68,0
IWM190920P156,2019-09-18,2019-09-18 09:34:21,0.78,1.0985,16,0.76,1.0704,574,0.75,1.0563,1,0.77,1.0845,68,0
IWM190920P156,2019-09-18,2019-09-18 09:34:22,0.78,1.0985,200,0.76,1.0704,59,0.75,1.0563,1,0.77,1.0845,68,0
IWM190920P156,2019-09-18,2019-09-18 09:34:22,0.78,1.0985,224,0.76,1.0704,26,0.75,1.0563,1,0.77,1.0845,68,0
IWM190920P156,2019-09-18,2019-09-18 09:34:23,0.78,1.0985,194,0.76,1.0704,163,0.75,1.0563,1,0.77,1.0845,68,0
IWM190920P156,2019-09-18,2019-09-18 09:34:23,0.78,1.0985,224,0.76,1.0704,163,0.75,1.0563,1,0.77,1.0845,68,0
IWM190920P156,2019-09-18,2019-09-18 09:34:24,0.78,1.0985,158,0.76,1.0704,163,0.75,1.0563,1,0.77,1.0845,68,0
IWM190920P156,2019-09-18,2019-09-18 09:34:24,0.78,1.0985,158,0.76,1.0704,196,0.75,1.0563,1,0.77,1.0845,68,0
IWM190920P156,2019-09-18,2019-09-18 09:34:25,0.78,1.0985,161,0.76,1.0704,311,0.75,1.0563,1,0.77,1.0845,68,0
IWM190920P156,2019-09-18,2019-09-18 09:34:25,0.78,1.0985,152,0.76,1.0704,311,0.75,1.0563,1,0.77,1.0845,68,0
IWM190920P156,2019-09-18,2019-09-18 09:34:26,0.78,1.0985,171,0.76,1.0704,132,0.75,1.0563,1,0.77,1.0845,68,0
IWM190920P156,2019-09-18,2019-09-18 09:34:26,0.78,1.0985,161,0.76,1.0704,163,0.75,1.0563,1,0.77,1.0845,68,0
IWM190920P156,2019-09-18,2019-09-18 09:34:27,0.78,1.0985,146,0.76,1.0704,24,0.75,1.0563,1,0.77,1.0845,68,0
IWM190920P156,2019-09-18,2019-09-18 09:34:27,0.78,1.0985,158,0.76,1.0704,26,0.75,1.0563,1,0.77,1.0845,68,0
IWM190920P156,2019-09-18,2019-09-18 09:34:28,0.78,1.0985,158,0.76,1.0704,291,0.75,1.0563,1,0.77,1.0845,68,0
IWM190920P156,2019-09-18,2019-09-18 09:34:29,0.78,1.0985,16,0.77,1.0845,150,0.75,1.0563,1,0.775,1.0915,68,0
IWM190920P156,2019-09-18,2019-09-18 09:34:29,0.78,1.0985,158,0.76,1.0704,291,0.75,1.0563,1,0.77,1.0845,68,0
IWM190920P156,2019-09-18,2019-09-18 09:34:30,0.78,1.0985,16,0.76,1.0704,341,0.75,1.0563,1,0.77,1.0845,68,0
IWM190920P156,2019-09-18,2019-09-18 09:34:30,0.78,1.0985,16,0.77,1.0845,150,0.75,1.0563,1,0.775,1.0915,68,0
IWM190920P156,2019-09-18,2019-09-18 09:34:31,0.78,1.0985,82,0.76,1.0704,340,0.75,1.0563,1,0.77,1.0845,68,0
IWM190920P156,2019-09-18,2019-09-18 09:34:32,0.78,1.0985,82,0.77,1.0845,150,0.75,1.0563,1,0.775,1.0915,68,0
IWM190920P156,2019-09-18,2019-09-18 09:34:32,0.78,1.0985,82,0.76,1.0704,327,0.75,1.0563,1,0.77,1.0845,68,0
IWM190920P156,2019-09-18,2019-09-18 09:34:33,0.79,1.1126,65,0.77,1.0845,150,0.75,1.0563,1,0.78,1.0985,68,0
IWM190920P156,2019-09-18,2019-09-18 09:34:33,0.79,1.1126,196,0.77,1.0845,24,0.75,1.0563,1,0.78,1.0985,68,0
IWM190920P156,2019-09-18,2019-09-18 09:34:34,0.79,1.1126,113,0.77,1.0845,24,0.75,1.0563,1,0.78,1.0985,68,0
IWM190920P156,2019-09-18,2019-09-18 09:34:34,0.79,1.1126,141,0.77,1.0845,93,0.75,1.0563,1,0.78,1.0985,68,0
IWM190920P156,2019-09-18,2019-09-18 09:34:35,0.78,1.0985,9,0.77,1.0845,150,0.75,1.0563,1,0.775,1.0915,68,0
IWM190920P156,2019-09-18,2019-09-18 09:34:35,0.79,1.1126,194,0.76,1.0704,296,0.75,1.0563,1,0.775,1.0915,68,0
IWM190920P156,2019-09-18,2019-09-18 09:34:36,0.79,1.1126,66,0.77,1.0845,24,0.75,1.0563,1,0.78,1.0985,68,0
IWM190920P156,2019-09-18,2019-09-18 09:34:36,0.79,1.1126,145,0.77,1.0845,26,0.75,1.0563,1,0.78,1.0985,68,0
IWM190920P156,2019-09-18,2019-09-18 09:34:37,0.79,1.1126,82,0.78,1.0985,107,0.75,1.0563,1,0.785,1.1056,68,0
IWM190920P156,2019-09-18,2019-09-18 09:34:37,0.79,1.1126,23,0.78,1.0985,107,0.75,1.0563,1,0.785,1.1056,68,0
IWM190920P156,2019-09-18,2019-09-18 09:34:38,0.79,1.1126,38,0.78,1.0985,19,0.75,1.0563,1,0.785,1.1056,68,0
IWM190920P156,2019-09-18,2019-09-18 09:34:38,0.79,1.1126,12,0.78,1.0985,24,0.75,1.0563,1,0.785,1.1056,68,0
IWM190920P156,2019-09-18,2019-09-18 09:34:39,0.79,1.1126,26,0.78,1.0985,111,0.75,1.0563,1,0.785,1.1056,68,0
IWM190920P156,2019-09-18,2019-09-18 09:34:39,0.79,1.1126,26,0.78,1.0985,24,0.75,1.0563,1,0.785,1.1056,68,0
IWM190920P156,2019-09-18,2019-09-18 09:34:40,0.79,1.1126,26,0.78,1.0985,111,0.75,1.0563,1,0.785,1.1056,68,0
IWM190920P156,2019-09-18,2019-09-18 09:34:40,0.79,1.1126,3,0.78,1.0985,24,0.75,1.0563,1,0.785,1.1056,68,0
IWM190920P156,2019-09-18,2019-09-18 09:34:41,0.78,1.0985,1,0.76,1.0704,254,0.75,1.0563,1,0.77,1.0845,68,0
IWM190920P156,2019-09-18,2019-09-18 09:34:41,0.79,1.1126,3,0.78,1.0985,24,0.75,1.0563,1,0.785,1.1056,68,0
IWM190920P156,2019-09-18,2019-09-18 09:34:42,0.78,1.0985,10,0.76,1.0704,347,0.75,1.0563,1,0.77,1.0845,68,0
IWM190920P156,2019-09-18,2019-09-18 09:34:42,0.78,1.0985,32,0.76,1.0704,439,0.75,1.0563,1,0.77,1.0845,68,0
IWM190920P156,2019-09-18,2019-09-18 09:34:43,0.78,1.0985,32,0.76,1.0704,439,0.75,1.0563,1,0.77,1.0845,68,0
IWM190920P156,2019-09-18,2019-09-18 09:34:43,0.78,1.0985,10,0.76,1.0704,439,0.75,1.0563,1,0.77,1.0845,68,0
IWM190920P156,2019-09-18,2019-09-18 09:34:44,0.78,1.0985,10,0.77,1.0845,24,0.75,1.0563,1,0.775,1.0915,68,0
IWM190920P156,2019-09-18,2019-09-18 09:34:45,0.78,1.0985,1,0.77,1.0845,24,0.75,1.0563,1,0.775,1.0915,68,0
IWM190920P156,2019-09-18,2019-09-18 09:34:46,0.78,1.0985,1,0.77,1.0845,24,0.75,1.0563,1,0.775,1.0915,68,0
IWM190920P156,2019-09-18,2019-09-18 09:34:47,0.78,1.0985,1,0.77,1.0845,24,0.75,1.0563,1,0.775,1.0915,68,0
IWM190920P156,2019-09-18,2019-09-18 09:34:47,0.78,1.0985,1,0.77,1.0845,141,0.75,1.0563,1,0.775,1.0915,68,0
IWM190920P156,2019-09-18,2019-09-18 09:34:48,0.78,1.0985,10,0.76,1.0704,417,0.75,1.0563,1,0.77,1.0845,68,0
IWM190920P156,2019-09-18,2019-09-18 09:34:48,0.78,1.0985,1,0.76,1.0704,458,0.75,1.0563,1,0.77,1.0845,68,0
IWM190920P156,2019-09-18,2019-09-18 09:34:49,0.78,1.0985,1,0.77,1.0845,170,0.75,1.0563,1,0.775,1.0915,68,0
IWM190920P156,2019-09-18,2019-09-18 09:34:50,0.78,1.0985,1,0.77,1.0845,205,0.75,1.0563,1,0.775,1.0915,68,0
IWM190920P156,2019-09-18,2019-09-18 09:34:51,0.78,1.0985,10,0.76,1.0704,424,0.75,1.0563,1,0.77,1.0845,68,0
IWM190920P156,2019-09-18,2019-09-18 09:34:52,0.78,1.0985,10,0.77,1.0845,24,0.75,1.0563,1,0.775,1.0915,68,0
IWM190920P156,2019-09-18,2019-09-18 09:34:53,0.78,1.0985,1,0.77,1.0845,446,0.75,1.0563,1,0.775,1.0915,68,0
IWM190920P156,2019-09-18,2019-09-18 09:34:53,0.78,1.0985,1,0.77,1.0845,24,0.75,1.0563,1,0.775,1.0915,68,0
IWM190920P156,2019-09-18,2019-09-18 09:34:54,0.78,1.0985,1,0.77,1.0845,446,0.75,1.0563,1,0.775,1.0915,68,0
IWM190920P156,2019-09-18,2019-09-18 09:34:54,0.79,1.1126,11,0.78,1.0985,24,0.75,1.0563,1,0.785,1.1056,68,0
IWM190920P156,2019-09-18,2019-09-18 09:34:55,0.8,1.1267,14,0.78,1.0985,378,0.75,1.0563,1,0.79,1.1126,68,0
IWM190920P156,2019-09-18,2019-09-18 09:34:55,0.8,1.1267,20,0.78,1.0985,24,0.75,1.0563,1,0.79,1.1126,68,0
IWM190920P156,2019-09-18,2019-09-18 09:34:56,0.8,1.1267,14,0.79,1.1126,70,0.75,1.0563,1,0.795,1.1197,68,0
IWM190920P156,2019-09-18,2019-09-18 09:34:56,0.8,1.1267,14,0.79,1.1126,19,0.75,1.0563,1,0.795,1.1197,68,0
IWM190920P156,2019-09-18,2019-09-18 09:34:57,0.8,1.1267,14,0.79,1.1126,127,0.75,1.0563,1,0.795,1.1197,68,0
IWM190920P156,2019-09-18,2019-09-18 09:34:57,0.8,1.1267,14,0.79,1.1126,24,0.75,1.0563,1,0.795,1.1197,68,0
IWM190920P156,2019-09-18,2019-09-18 09:34:58,0.8,1.1267,14,0.79,1.1126,127,0.75,1.0563,1,0.795,1.1197,68,0
IWM190920P156,2019-09-18,2019-09-18 09:34:58,0.8,1.1267,14,0.79,1.1126,24,0.75,1.0563,1,0.795,1.1197,68,0
IWM190920P156,2019-09-18,2019-09-18 09:34:59,0.8,1.1267,14,0.79,1.1126,76,0.75,1.0563,1,0.795,1.1197,68,0
IWM190920P156,2019-09-18,2019-09-18 09:34:59,0.8,1.1267,14,0.79,1.1126,24,0.75,1.0563,1,0.795,1.1197,68,0
IWM190920P156,2019-09-18,2019-09-18 09:35:00,0.8,1.1267,14,0.79,1.1126,24,0.75,1.0563,1,0.795,1.1197,68,0
IWM190920P156,2019-09-18,2019-09-18 09:35:00,0.8,1.1267,14,0.79,1.1126,108,0.75,1.0563,1,0.795,1.1197,68,0
IWM190920P156,2019-09-18,2019-09-18 09:35:01,0.82,1.1549,88,0.8,1.1267,24,0.75,1.0563,1,0.81,1.1408,68,0
IWM190920P156,2019-09-18,2019-09-18 09:35:01,0.81,1.1408,54,0.8,1.1267,70,0.75,1.0563,1,0.805,1.1338,68,0
IWM190920P156,2019-09-18,2019-09-18 09:35:02,0.82,1.1549,88,0.8,1.1267,24,0.75,1.0563,1,0.81,1.1408,68,0
IWM190920P156,2019-09-18,2019-09-18 09:35:02,0.81,1.1408,20,0.8,1.1267,86,0.75,1.0563,1,0.805,1.1338,68,0
IWM190920P156,2019-09-18,2019-09-18 09:35:03,0.81,1.1408,34,0.79,1.1126,408,0.75,1.0563,1,0.8,1.1267,68,0
IWM190920P156,2019-09-18,2019-09-18 09:35:03,0.81,1.1408,57,0.8,1.1267,10,0.75,1.0563,1,0.805,1.1338,68,0
IWM190920P156,2019-09-18,2019-09-18 09:35:04,0.81,1.1408,29,0.79,1.1126,422,0.75,1.0563,1,0.8,1.1267,68,0
IWM190920P156,2019-09-18,2019-09-18 09:35:04,0.81,1.1408,7,0.79,1.1126,448,0.75,1.0563,1,0.8,1.1267,68,0
IWM190920P156,2019-09-18,2019-09-18 09:35:05,0.81,1.1408,8,0.8,1.1267,153,0.75,1.0563,1,0.805,1.1338,68,0
IWM190920P156,2019-09-18,2019-09-18 09:35:05,0.81,1.1408,8,0.8,1.1267,304,0.75,1.0563,1,0.805,1.1338,68,0
IWM190920P156,2019-09-18,2019-09-18 09:35:06,0.81,1.1408,3,0.8,1.1267,228,0.75,1.0563,1,0.805,1.1338,68,0
IWM190920P156,2019-09-18,2019-09-18 09:35:06,0.81,1.1408,3,0.8,1.1267,401,0.75,1.0563,1,0.805,1.1338,68,0
IWM190920P156,2019-09-18,2019-09-18 09:35:07,0.82,1.1549,3,0.79,1.1126,204,0.75,1.0563,1,0.805,1.1338,68,0
IWM190920P156,2019-09-18,2019-09-18 09:35:07,0.81,1.1408,23,0.79,1.1126,299,0.75,1.0563,1,0.8,1.1267,68,0
IWM190920P156,2019-09-18,2019-09-18 09:35:08,0.8,1.1267,20,0.79,1.1126,34,0.75,1.0563,1,0.795,1.1197,68,0
IWM190920P156,2019-09-18,2019-09-18 09:35:08,0.81,1.1408,23,0.79,1.1126,393,0.75,1.0563,1,0.8,1.1267,68,0
IWM190920P156,2019-09-18,2019-09-18 09:35:09,0.79,1.1126,10,0.77,1.0845,174,0.75,1.0563,1,0.78,1.0985,68,0
IWM190920P156,2019-09-18,2019-09-18 09:35:09,0.8,1.1267,10,0.78,1.0985,204,0.75,1.0563,1,0.79,1.1126,68,0
IWM190920P156,2019-09-18,2019-09-18 09:35:10,0.79,1.1126,2,0.78,1.0985,22,0.75,1.0563,1,0.785,1.1056,68,0
IWM190920P156,2019-09-18,2019-09-18 09:35:10,0.79,1.1126,2,0.78,1.0985,88,0.75,1.0563,1,0.785,1.1056,68,0
IWM190920P156,2019-09-18,2019-09-18 09:35:11,0.8,1.1267,29,0.78,1.0985,88,0.75,1.0563,1,0.79,1.1126,68,0
IWM190920P156,2019-09-18,2019-09-18 09:35:11,0.8,1.1267,25,0.78,1.0985,88,0.75,1.0563,1,0.79,1.1126,68,0
IWM190920P156,2019-09-18,2019-09-18 09:35:12,0.78,1.0985,3,0.78,1.0985,66,0.75,1.0563,1,0.78,1.0985,68,0
IWM190920P156,2019-09-18,2019-09-18 09:35:13,0.79,1.1126,10,0.77,1.0845,306,0.75,1.0563,1,0.78,1.0985,68,0
IWM190920P156,2019-09-18,2019-09-18 09:35:13,0.79,1.1126,10,0.77,1.0845,343,0.75,1.0563,1,0.78,1.0985,68,0
IWM190920P156,2019-09-18,2019-09-18 09:35:14,0.79,1.1126,6,0.78,1.0985,152,0.75,1.0563,1,0.785,1.1056,68,0
IWM190920P156,2019-09-18,2019-09-18 09:35:14,0.79,1.1126,6,0.78,1.0985,34,0.75,1.0563,1,0.785,1.1056,68,0
IWM190920P156,2019-09-18,2019-09-18 09:35:15,0.79,1.1126,6,0.78,1.0985,210,0.75,1.0563,1,0.785,1.1056,68,0
IWM190920P156,2019-09-18,2019-09-18 09:35:15,0.8,1.1267,94,0.78,1.0985,210,0.75,1.0563,1,0.79,1.1126,68,0
IWM190920P156,2019-09-18,2019-09-18 09:35:16,0.8,1.1267,55,0.78,1.0985,89,0.75,1.0563,1,0.79,1.1126,68,0
IWM190920P156,2019-09-18,2019-09-18 09:35:16,0.8,1.1267,57,0.78,1.0985,82,0.75,1.0563,1,0.79,1.1126,68,0
IWM190920P156,2019-09-18,2019-09-18 09:35:17,0.8,1.1267,68,0.78,1.0985,167,0.75,1.0563,1,0.79,1.1126,68,0
IWM190920P156,2019-09-18,2019-09-18 09:35:17,0.8,1.1267,68,0.78,1.0985,138,0.75,1.0563,1,0.79,1.1126,68,0
IWM190920P156,2019-09-18,2019-09-18 09:35:18,0.8,1.1267,80,0.78,1.0985,163,0.75,1.0563,1,0.79,1.1126,68,0
IWM190920P156,2019-09-18,2019-09-18 09:35:18,0.8,1.1267,80,0.78,1.0985,82,0.75,1.0563,1,0.79,1.1126,68,0
IWM190920P156,2019-09-18,2019-09-18 09:35:19,0.8,1.1267,72,0.78,1.0985,163,0.75,1.0563,1,0.79,1.1126,68,0
IWM190920P156,2019-09-18,2019-09-18 09:35:20,0.8,1.1267,72,0.78,1.0985,163,0.75,1.0563,1,0.79,1.1126,68,0
IWM190920P156,2019-09-18,2019-09-18 09:35:21,0.8,1.1267,76,0.78,1.0985,163,0.75,1.0563,1,0.79,1.1126,68,0
IWM190920P156,2019-09-18,2019-09-18 09:35:21,0.8,1.1267,68,0.78,1.0985,244,0.75,1.0563,1,0.79,1.1126,68,0
IWM190920P156,2019-09-18,2019-09-18 09:35:22,0.8,1.1267,38,0.78,1.0985,431,0.75,1.0563,1,0.79,1.1126,68,0
IWM190920P156,2019-09-18,2019-09-18 09:35:22,0.8,1.1267,38,0.78,1.0985,531,0.75,1.0563,1,0.79,1.1126,68,0
IWM190920P156,2019-09-18,2019-09-18 09:35:23,0.8,1.1267,38,0.78,1.0985,441,0.75,1.0563,1,0.79,1.1126,68,0
IWM190920P156,2019-09-18,2019-09-18 09:35:24,0.82,1.1549,10,0.8,1.1267,79,0.75,1.0563,1,0.81,1.1408,68,0
IWM190920P156,2019-09-18,2019-09-18 09:35:24,0.82,1.1549,1,0.8,1.1267,79,0.75,1.0563,1,0.81,1.1408,68,0
IWM190920P156,2019-09-18,2019-09-18 09:35:25,0.82,1.1549,10,0.8,1.1267,455,0.75,1.0563,1,0.81,1.1408,68,0
IWM190920P156,2019-09-18,2019-09-18 09:35:25,0.82,1.1549,10,0.8,1.1267,79,0.75,1.0563,1,0.81,1.1408,68,0
IWM190920P156,2019-09-18,2019-09-18 09:35:26,0.82,1.1549,75,0.8,1.1267,337,0.75,1.0563,1,0.81,1.1408,68,0
IWM190920P156,2019-09-18,2019-09-18 09:35:26,0.82,1.1549,34,0.8,1.1267,431,0.75,1.0563,1,0.81,1.1408,68,0
IWM190920P156,2019-09-18,2019-09-18 09:35:27,0.81,1.1408,41,0.79,1.1126,435,0.75,1.0563,1,0.8,1.1267,68,0
IWM190920P156,2019-09-18,2019-09-18 09:35:27,0.82,1.1549,89,0.8,1.1267,23,0.75,1.0563,1,0.81,1.1408,68,0
IWM190920P156,2019-09-18,2019-09-18 09:35:28,0.8,1.1267,12,0.78,1.0985,304,0.75,1.0563,1,0.79,1.1126,68,0
IWM190920P156,2019-09-18,2019-09-18 09:35:28,0.8,1.1267,25,0.78,1.0985,291,0.75,1.0563,1,0.79,1.1126,68,0
IWM190920P156,2019-09-18,2019-09-18 09:35:29,0.81,1.1408,136,0.79,1.1126,229,0.75,1.0563,1,0.8,1.1267,68,0
IWM190920P156,2019-09-18,2019-09-18 09:35:29,0.81,1.1408,136,0.79,1.1126,280,0.75,1.0563,1,0.8,1.1267,68,0
IWM190920P156,2019-09-18,2019-09-18 09:35:30,0.81,1.1408,47,0.8,1.1267,155,0.75,1.0563,1,0.805,1.1338,68,0
IWM190920P156,2019-09-18,2019-09-18 09:35:30,0.81,1.1408,97,0.8,1.1267,23,0.75,1.0563,1,0.805,1.1338,68,0
IWM190920P156,2019-09-18,2019-09-18 09:35:31,0.81,1.1408,89,0.79,1.1126,88,0.75,1.0563,1,0.8,1.1267,68,0
IWM190920P156,2019-09-18,2019-09-18 09:35:31,0.81,1.1408,207,0.79,1.1126,148,0.75,1.0563,1,0.8,1.1267,68,0
IWM190920P156,2019-09-18,2019-09-18 09:35:32,0.81,1.1408,112,0.79,1.1126,88,0.75,1.0563,1,0.8,1.1267,68,0
IWM190920P156,2019-09-18,2019-09-18 09:35:33,0.81,1.1408,58,0.79,1.1126,238,0.75,1.0563,1,0.8,1.1267,68,0
IWM190920P156,2019-09-18,2019-09-18 09:35:33,0.81,1.1408,83,0.79,1.1126,88,0.75,1.0563,1,0.8,1.1267,68,0
IWM190920P156,2019-09-18,2019-09-18 09:35:34,0.81,1.1408,58,0.79,1.1126,238,0.75,1.0563,1,0.8,1.1267,68,0
IWM190920P156,2019-09-18,2019-09-18 09:35:35,0.81,1.1408,58,0.79,1.1126,238,0.75,1.0563,1,0.8,1.1267,68,0
IWM190920P156,2019-09-18,2019-09-18 09:35:35,0.81,1.1408,77,0.79,1.1126,238,0.75,1.0563,1,0.8,1.1267,68,0
IWM190920P156,2019-09-18,2019-09-18 09:35:36,0.81,1.1408,37,0.79,1.1126,238,0.75,1.0563,1,0.8,1.1267,68,0
IWM190920P156,2019-09-18,2019-09-18 09:35:37,0.81,1.1408,35,0.79,1.1126,238,0.75,1.0563,1,0.8,1.1267,68,0
IWM190920P156,2019-09-18,2019-09-18 09:35:38,0.81,1.1408,46,0.79,1.1126,238,0.75,1.0563,1,0.8,1.1267,68,0
IWM190920P156,2019-09-18,2019-09-18 09:35:38,0.81,1.1408,54,0.79,1.1126,215,0.75,1.0563,1,0.8,1.1267,68,0
IWM190920P156,2019-09-18,2019-09-18 09:35:39,0.81,1.1408,163,0.79,1.1126,85,0.75,1.0563,1,0.8,1.1267,68,0
IWM190920P156,2019-09-18,2019-09-18 09:35:39,0.81,1.1408,78,0.79,1.1126,88,0.75,1.0563,1,0.8,1.1267,68,0
IWM190920P156,2019-09-18,2019-09-18 09:35:40,0.81,1.1408,197,0.79,1.1126,10,0.75,1.0563,1,0.8,1.1267,68,0
IWM190920P156,2019-09-18,2019-09-18 09:35:40,0.81,1.1408,258,0.78,1.0985,295,0.75,1.0563,1,0.795,1.1197,68,0
IWM190920P156,2019-09-18,2019-09-18 09:35:41,0.81,1.1408,292,0.78,1.0985,295,0.75,1.0563,1,0.795,1.1197,68,0
IWM190920P156,2019-09-18,2019-09-18 09:35:41,0.81,1.1408,292,0.78,1.0985,319,0.75,1.0563,1,0.795,1.1197,68,0
IWM190920P156,2019-09-18,2019-09-18 09:35:42,0.79,1.1126,28,0.78,1.0985,319,0.75,1.0563,1,0.785,1.1056,68,0
IWM190920P156,2019-09-18,2019-09-18 09:35:42,0.81,1.1408,292,0.78,1.0985,319,0.75,1.0563,1,0.795,1.1197,68,0
IWM190920P156,2019-09-18,2019-09-18 09:35:43,0.78,1.0985,13,0.77,1.0845,172,0.75,1.0563,1,0.775,1.0915,68,0
IWM190920P156,2019-09-18,2019-09-18 09:35:44,0.78,1.0985,1,0.77,1.0845,172,0.75,1.0563,1,0.775,1.0915,68,0
IWM190920P156,2019-09-18,2019-09-18 09:35:44,0.79,1.1126,39,0.77,1.0845,172,0.75,1.0563,1,0.78,1.0985,68,0
IWM190920P156,2019-09-18,2019-09-18 09:35:45,0.79,1.1126,18,0.78,1.0985,19,0.75,1.0563,1,0.785,1.1056,68,0
IWM190920P156,2019-09-18,2019-09-18 09:35:45,0.78,1.0985,1,0.77,1.0845,225,0.75,1.0563,1,0.775,1.0915,68,0
IWM190920P156,2019-09-18,2019-09-18 09:35:46,0.78,1.0985,1,0.77,1.0845,34,0.75,1.0563,1,0.775,1.0915,68,0
IWM190920P156,2019-09-18,2019-09-18 09:35:46,0.78,1.0985,1,0.77,1.0845,128,0.75,1.0563,1,0.775,1.0915,68,0
IWM190920P156,2019-09-18,2019-09-18 09:35:47,0.79,1.1126,10,0.77,1.0845,176,0.75,1.0563,1,0.78,1.0985,68,0
IWM190920P156,2019-09-18,2019-09-18 09:35:47,0.79,1.1126,3,0.78,1.0985,182,0.75,1.0563,1,0.785,1.1056,68,0
IWM190920P156,2019-09-18,2019-09-18 09:35:48,0.79,1.1126,3,0.78,1.0985,206,0.75,1.0563,1,0.785,1.1056,68,0
IWM190920P156,2019-09-18,2019-09-18 09:35:49,0.8,1.1267,82,0.78,1.0985,203,0.75,1.0563,1,0.79,1.1126,68,0
IWM190920P156,2019-09-18,2019-09-18 09:35:49,0.8,1.1267,9,0.79,1.1126,19,0.75,1.0563,1,0.795,1.1197,68,0
IWM190920P156,2019-09-18,2019-09-18 09:35:50,0.8,1.1267,110,0.78,1.0985,292,0.75,1.0563,1,0.79,1.1126,68,0
IWM190920P156,2019-09-18,2019-09-18 09:35:51,0.8,1.1267,107,0.78,1.0985,292,0.75,1.0563,1,0.79,1.1126,68,0
IWM190920P156,2019-09-18,2019-09-18 09:35:51,0.8,1.1267,107,0.79,1.1126,23,0.75,1.0563,1,0.795,1.1197,68,0
IWM190920P156,2019-09-18,2019-09-18 09:35:52,0.8,1.1267,107,0.78,1.0985,465,0.75,1.0563,1,0.79,1.1126,68,0
IWM190920P156,2019-09-18,2019-09-18 09:35:52,0.8,1.1267,107,0.78,1.0985,290,0.75,1.0563,1,0.79,1.1126,68,0
IWM190920P156,2019-09-18,2019-09-18 09:35:53,0.8,1.1267,121,0.78,1.0985,64,0.75,1.0563,1,0.79,1.1126,68,0
IWM190920P156,2019-09-18,2019-09-18 09:35:53,0.8,1.1267,143,0.78,1.0985,64,0.75,1.0563,1,0.79,1.1126,68,0
IWM190920P156,2019-09-18,2019-09-18 09:35:54,0.8,1.1267,145,0.78,1.0985,164,0.75,1.0563,1,0.79,1.1126,68,0
IWM190920P156,2019-09-18,2019-09-18 09:35:54,0.8,1.1267,158,0.78,1.0985,164,0.75,1.0563,1,0.79,1.1126,68,0
IWM190920P156,2019-09-18,2019-09-18 09:35:55,0.8,1.1267,158,0.77,1.0845,440,0.75,1.0563,1,0.785,1.1056,68,0
IWM190920P156,2019-09-18,2019-09-18 09:35:55,0.8,1.1267,158,0.77,1.0845,366,0.75,1.0563,1,0.785,1.1056,68,0
IWM190920P156,2019-09-18,2019-09-18 09:35:56,0.79,1.1126,10,0.78,1.0985,205,0.75,1.0563,1,0.785,1.1056,68,0
IWM190920P156,2019-09-18,2019-09-18 09:35:56,0.8,1.1267,158,0.78,1.0985,23,0.75,1.0563,1,0.79,1.1126,68,0
IWM190920P156,2019-09-18,2019-09-18 09:35:57,0.81,1.1408,145,0.79,1.1126,34,0.75,1.0563,1,0.8,1.1267,68,0
IWM190920P156,2019-09-18,2019-09-18 09:35:57,0.8,1.1267,108,0.78,1.0985,292,0.75,1.0563,1,0.79,1.1126,68,0
IWM190920P156,2019-09-18,2019-09-18 09:35:58,0.81,1.1408,262,0.79,1.1126,34,0.75,1.0563,1,0.8,1.1267,68,0
IWM190920P156,2019-09-18,2019-09-18 09:35:58,0.81,1.1408,136,0.79,1.1126,90,0.75,1.0563,1,0.8,1.1267,68,0
IWM190920P156,2019-09-18,2019-09-18 09:35:59,0.81,1.1408,270,0.79,1.1126,34,0.75,1.0563,1,0.8,1.1267,68,0
IWM190920P156,2019-09-18,2019-09-18 09:35:59,0.81,1.1408,259,0.79,1.1126,34,0.75,1.0563,1,0.8,1.1267,68,0
IWM190920P156,2019-09-18,2019-09-18 09:36:00,0.81,1.1408,182,0.79,1.1126,302,0.75,1.0563,1,0.8,1.1267,68,0
IWM190920P156,2019-09-18,2019-09-18 09:36:00,0.81,1.1408,274,0.79,1.1126,98,0.75,1.0563,1,0.8,1.1267,68,0
IWM190920P156,2019-09-18,2019-09-18 09:36:01,0.81,1.1408,148,0.79,1.1126,92,0.75,1.0563,1,0.8,1.1267,68,0
IWM190920P156,2019-09-18,2019-09-18 09:36:01,0.81,1.1408,148,0.78,1.0985,251,0.75,1.0563,1,0.795,1.1197,68,0
IWM190920P156,2019-09-18,2019-09-18 09:36:02,0.81,1.1408,84,0.79,1.1126,316,0.75,1.0563,1,0.8,1.1267,68,0
IWM190920P156,2019-09-18,2019-09-18 09:36:02,0.8,1.1267,25,0.79,1.1126,243,0.75,1.0563,1,0.795,1.1197,68,0
IWM190920P156,2019-09-18,2019-09-18 09:36:03,0.82,1.1549,104,0.8,1.1267,74,0.75,1.0563,1,0.81,1.1408,68,0
IWM190920P156,2019-09-18,2019-09-18 09:36:03,0.81,1.1408,92,0.79,1.1126,441,0.75,1.0563,1,0.8,1.1267,68,0
IWM190920P156,2019-09-18,2019-09-18 09:36:04,0.8,1.1267,13,0.79,1.1126,392,0.75,1.0563,1,0.795,1.1197,68,0
IWM190920P156,2019-09-18,2019-09-18 09:36:04,0.8,1.1267,13,0.79,1.1126,381,0.75,1.0563,1,0.795,1.1197,68,0
IWM190920P156,2019-09-18,2019-09-18 09:36:05,0.8,1.1267,13,0.79,1.1126,381,0.75,1.0563,1,0.795,1.1197,68,0
IWM190920P156,2019-09-18,2019-09-18 09:36:05,0.81,1.1408,62,0.79,1.1126,441,0.75,1.0563,1,0.8,1.1267,68,0
IWM190920P156,2019-09-18,2019-09-18 09:36:06,0.81,1.1408,25,0.8,1.1267,34,0.75,1.0563,1,0.805,1.1338,68,0
IWM190920P156,2019-09-18,2019-09-18 09:36:07,0.81,1.1408,35,0.8,1.1267,99,0.75,1.0563,1,0.805,1.1338,68,0
IWM190920P156,2019-09-18,2019-09-18 09:36:07,0.81,1.1408,25,0.8,1.1267,99,0.75,1.0563,1,0.805,1.1338,68,0
IWM190920P156,2019-09-18,2019-09-18 09:36:08,0.81,1.1408,25,0.79,1.1126,475,0.75,1.0563,1,0.8,1.1267,68,0
IWM190920P156,2019-09-18,2019-09-18 09:36:08,0.81,1.1408,25,0.8,1.1267,88,0.75,1.0563,1,0.805,1.1338,68,0
IWM190920P156,2019-09-18,2019-09-18 09:36:09,0.81,1.1408,29,0.8,1.1267,78,0.75,1.0563,1,0.805,1.1338,68,0
IWM190920P156,2019-09-18,2019-09-18 09:36:10,0.81,1.1408,40,0.8,1.1267,34,0.75,1.0563,1,0.805,1.1338,68,0
IWM190920P156,2019-09-18,2019-09-18 09:36:10,0.81,1.1408,25,0.8,1.1267,34,0.75,1.0563,1,0.805,1.1338,68,0
IWM190920P156,2019-09-18,2019-09-18 09:36:11,0.81,1.1408,25,0.8,1.1267,129,0.75,1.0563,1,0.805,1.1338,68,0
IWM190920P156,2019-09-18,2019-09-18 09:36:11,0.81,1.1408,25,0.8,1.1267,100,0.75,1.0563,1,0.805,1.1338,68,0
IWM190920P156,2019-09-18,2019-09-18 09:36:12,0.81,1.1408,25,0.8,1.1267,129,0.75,1.0563,1,0.805,1.1338,68,0
IWM190920P156,2019-09-18,2019-09-18 09:36:12,0.81,1.1408,1,0.8,1.1267,300,0.75,1.0563,1,0.805,1.1338,68,0
IWM190920P156,2019-09-18,2019-09-18 09:36:13,0.81,1.1408,1,0.8,1.1267,300,0.75,1.0563,1,0.805,1.1338,68,0
IWM190920P156,2019-09-18,2019-09-18 09:36:14,0.81,1.1408,13,0.8,1.1267,34,0.75,1.0563,1,0.805,1.1338,68,0
IWM190920P156,2019-09-18,2019-09-18 09:36:14,0.81,1.1408,9,0.8,1.1267,155,0.75,1.0563,1,0.805,1.1338,68,0
IWM190920P156,2019-09-18,2019-09-18 09:36:15,0.81,1.1408,13,0.8,1.1267,34,0.75,1.0563,1,0.805,1.1338,68,0
IWM190920P156,2019-09-18,2019-09-18 09:36:15,0.8,1.1267,8,0.79,1.1126,288,0.75,1.0563,1,0.795,1.1197,68,0
IWM190920P156,2019-09-18,2019-09-18 09:36:16,0.8,1.1267,8,0.79,1.1126,34,0.75,1.0563,1,0.795,1.1197,68,0
IWM190920P156,2019-09-18,2019-09-18 09:36:16,0.8,1.1267,8,0.79,1.1126,288,0.75,1.0563,1,0.795,1.1197,68,0
IWM190920P156,2019-09-18,2019-09-18 09:36:17,0.79,1.1126,15,0.78,1.0985,129,0.75,1.0563,1,0.785,1.1056,68,0
IWM190920P156,2019-09-18,2019-09-18 09:36:17,0.8,1.1267,8,0.77,1.0845,245,0.75,1.0563,1,0.785,1.1056,68,0
IWM190920P156,2019-09-18,2019-09-18 09:36:18,0.79,1.1126,15,0.78,1.0985,129,0.75,1.0563,1,0.785,1.1056,68,0
IWM190920P156,2019-09-18,2019-09-18 09:36:19,0.79,1.1126,43,0.78,1.0985,129,0.75,1.0563,1,0.785,1.1056,68,0
IWM190920P156,2019-09-18,2019-09-18 09:36:19,0.79,1.1126,69,0.77,1.0845,268,0.75,1.0563,1,0.78,1.0985,68,0
IWM190920P156,2019-09-18,2019-09-18 09:36:20,0.79,1.1126,135,0.77,1.0845,447,0.75,1.0563,1,0.78,1.0985,68,0
IWM190920P156,2019-09-18,2019-09-18 09:36:21,0.79,1.1126,10,0.78,1.0985,34,0.75,1.0563,1,0.785,1.1056,68,0
IWM190920P156,2019-09-18,2019-09-18 09:36:21,0.79,1.1126,135,0.78,1.0985,8,0.75,1.0563,1,0.785,1.1056,68,0
IWM190920P156,2019-09-18,2019-09-18 09:36:22,0.79,1.1126,29,0.77,1.0845,435,0.75,1.0563,1,0.78,1.0985,68,0
IWM190920P156,2019-09-18,2019-09-18 09:36:22,0.79,1.1126,108,0.77,1.0845,249,0.75,1.0563,1,0.78,1.0985,68,0
IWM190920P156,2019-09-18,2019-09-18 09:36:23,0.78,1.0985,35,0.77,1.0845,54,0.75,1.0563,1,0.775,1.0915,68,0
IWM190920P156,2019-09-18,2019-09-18 09:36:23,0.79,1.1126,138,0.77,1.0845,279,0.75,1.0563,1,0.78,1.0985,68,0
IWM190920P156,2019-09-18,2019-09-18 09:36:24,0.78,1.0985,136,0.76,1.0704,309,0.75,1.0563,1,0.77,1.0845,68,0
IWM190920P156,2019-09-18,2019-09-18 09:36:24,0.78,1.0985,136,0.77,1.0845,40,0.75,1.0563,1,0.775,1.0915,68,0
IWM190920P156,2019-09-18,2019-09-18 09:36:25,0.76,1.0704,6,0.74,1.0422,368,0.75,1.0563,1,0.75,1.0563,68,0
IWM190920P156,2019-09-18,2019-09-18 09:36:25,0.76,1.0704,6,0.75,1.0563,20,0.75,1.0563,1,0.755,1.0633,68,0
IWM190920P156,2019-09-18,2019-09-18 09:36:26,0.77,1.0845,52,0.75,1.0563,142,0.75,1.0563,1,0.76,1.0704,68,0
IWM190920P156,2019-09-18,2019-09-18 09:36:26,0.76,1.0704,6,0.75,1.0563,32,0.75,1.0563,1,0.755,1.0633,68,0
IWM190920P156,2019-09-18,2019-09-18 09:36:27,0.76,1.0704,7,0.75,1.0563,34,0.75,1.0563,1,0.755,1.0633,68,0
IWM190920P156,2019-09-18,2019-09-18 09:36:27,0.76,1.0704,7,0.75,1.0563,182,0.75,1.0563,1,0.755,1.0633,68,0
IWM190920P156,2019-09-18,2019-09-18 09:36:28,0.76,1.0704,7,0.75,1.0563,34,0.75,1.0563,1,0.755,1.0633,68,0
IWM190920P156,2019-09-18,2019-09-18 09:36:28,0.76,1.0704,7,0.75,1.0563,101,0.75,1.0563,1,0.755,1.0633,68,0
IWM190920P156,2019-09-18,2019-09-18 09:36:29,0.76,1.0704,7,0.75,1.0563,217,0.75,1.0563,1,0.755,1.0633,68,0
IWM190920P156,2019-09-18,2019-09-18 09:36:29,0.76,1.0704,7,0.75,1.0563,34,0.75,1.0563,1,0.755,1.0633,68,0
IWM190920P156,2019-09-18,2019-09-18 09:36:30,0.76,1.0704,7,0.75,1.0563,217,0.75,1.0563,1,0.755,1.0633,68,0
IWM190920P156,2019-09-18,2019-09-18 09:36:31,0.78,1.0985,160,0.76,1.0704,203,0.75,1.0563,1,0.77,1.0845,68,0
IWM190920P156,2019-09-18,2019-09-18 09:36:31,0.78,1.0985,102,0.76,1.0704,203,0.75,1.0563,1,0.77,1.0845,68,0
IWM190920P156,2019-09-18,2019-09-18 09:36:32,0.78,1.0985,141,0.76,1.0704,62,0.75,1.0563,1,0.77,1.0845,68,0
IWM190920P156,2019-09-18,2019-09-18 09:36:32,0.78,1.0985,166,0.76,1.0704,128,0.75,1.0563,1,0.77,1.0845,68,0
IWM190920P156,2019-09-18,2019-09-18 09:36:33,0.76,1.0704,1,0.75,1.0563,182,0.75,1.0563,1,0.755,1.0633,68,0
IWM190920P156,2019-09-18,2019-09-18 09:36:33,0.76,1.0704,1,0.76,1.0704,164,0.76,1.0704,5,0.76,1.0704,73,5
IWM190920P156,2019-09-18,2019-09-18 09:36:34,0.76,1.0704,1,0.76,1.0704,164,0.76,1.0704,5,0.76,1.0704,73,0
IWM190920P156,2019-09-18,2019-09-18 09:36:34,0.77,1.0845,1,0.76,1.0704,324,0.76,1.0704,5,0.765,1.0774,73,0
IWM190920P156,2019-09-18,2019-09-18 09:36:35,0.77,1.0845,1,0.76,1.0704,34,0.76,1.0704,5,0.765,1.0774,73,0
IWM190920P156,2019-09-18,2019-09-18 09:36:35,0.77,1.0845,10,0.76,1.0704,34,0.76,1.0704,5,0.765,1.0774,73,0
IWM190920P156,2019-09-18,2019-09-18 09:36:36,0.77,1.0845,1,0.76,1.0704,324,0.76,1.0704,5,0.765,1.0774,73,0
IWM190920P156,2019-09-18,2019-09-18 09:36:36,0.77,1.0845,10,0.76,1.0704,34,0.76,1.0704,5,0.765,1.0774,73,0
IWM190920P156,2019-09-18,2019-09-18 09:36:37,0.77,1.0845,1,0.76,1.0704,324,0.76,1.0704,5,0.765,1.0774,73,0
IWM190920P156,2019-09-18,2019-09-18 09:36:37,0.77,1.0845,1,0.76,1.0704,418,0.76,1.0704,5,0.765,1.0774,73,0
IWM190920P156,2019-09-18,2019-09-18 09:36:38,0.77,1.0845,44,0.76,1.0704,211,0.76,1.0704,5,0.765,1.0774,73,0
IWM190920P156,2019-09-18,2019-09-18 09:36:39,0.77,1.0845,19,0.76,1.0704,211,0.76,1.0704,5,0.765,1.0774,73,0
IWM190920P156,2019-09-18,2019-09-18 09:36:39,0.77,1.0845,19,0.76,1.0704,244,0.76,1.0704,5,0.765,1.0774,73,0
IWM190920P156,2019-09-18,2019-09-18 09:36:40,0.78,1.0985,55,0.77,1.0845,175,0.76,1.0704,5,0.775,1.0915,73,0
IWM190920P156,2019-09-18,2019-09-18 09:36:40,0.78,1.0985,110,0.77,1.0845,175,0.76,1.0704,5,0.775,1.0915,73,0
IWM190920P156,2019-09-18,2019-09-18 09:36:41,0.78,1.0985,110,0.77,1.0845,20,0.76,1.0704,5,0.775,1.0915,73,0
IWM190920P156,2019-09-18,2019-09-18 09:36:42,0.78,1.0985,20,0.77,1.0845,178,0.76,1.0704,5,0.775,1.0915,73,0
IWM190920P156,2019-09-18,2019-09-18 09:36:42,0.79,1.1126,91,0.77,1.0845,455,0.76,1.0704,5,0.78,1.0985,73,0
IWM190920P156,2019-09-18,2019-09-18 09:36:43,0.78,1.0985,16,0.77,1.0845,395,0.76,1.0704,5,0.775,1.0915,73,0
IWM190920P156,2019-09-18,2019-09-18 09:36:43,0.78,1.0985,16,0.77,1.0845,244,0.76,1.0704,5,0.775,1.0915,73,0
IWM190920P156,2019-09-18,2019-09-18 09:36:44,0.78,1.0985,198,0.76,1.0704,244,0.76,1.0704,5,0.77,1.0845,73,0
IWM190920P156,2019-09-18,2019-09-18 09:36:44,0.78,1.0985,168,0.76,1.0704,244,0.76,1.0704,5,0.77,1.0845,73,0
IWM190920P156,2019-09-18,2019-09-18 09:36:45,0.78,1.0985,198,0.76,1.0704,623,0.76,1.0704,5,0.77,1.0845,73,0
IWM190920P156,2019-09-18,2019-09-18 09:36:45,0.78,1.0985,198,0.76,1.0704,244,0.76,1.0704,5,0.77,1.0845,73,0
IWM190920P156,2019-09-18,2019-09-18 09:36:46,0.78,1.0985,151,0.76,1.0704,594,0.76,1.0704,5,0.77,1.0845,73,0
IWM190920P156,2019-09-18,2019-09-18 09:36:46,0.78,1.0985,151,0.77,1.0845,197,0.76,1.0704,5,0.775,1.0915,73,0
IWM190920P156,2019-09-18,2019-09-18 09:36:47,0.78,1.0985,19,0.77,1.0845,202,0.76,1.0704,5,0.775,1.0915,73,0
IWM190920P156,2019-09-18,2019-09-18 09:36:47,0.79,1.1126,39,0.78,1.0985,295,0.76,1.0704,5,0.785,1.1056,73,0
IWM190920P156,2019-09-18,2019-09-18 09:36:48,0.78,1.0985,19,0.77,1.0845,229,0.76,1.0704,5,0.775,1.0915,73,0
IWM190920P156,2019-09-18,2019-09-18 09:36:49,0.78,1.0985,19,0.77,1.0845,229,0.76,1.0704,5,0.775,1.0915,73,0
IWM190920P156,2019-09-18,2019-09-18 09:36:50,0.78,1.0985,71,0.77,1.0845,290,0.76,1.0704,5,0.775,1.0915,73,0
IWM190920P156,2019-09-18,2019-09-18 09:36:50,0.78,1.0985,90,0.77,1.0845,290,0.76,1.0704,5,0.775,1.0915,73,0
IWM190920P156,2019-09-18,2019-09-18 09:36:51,0.78,1.0985,31,0.77,1.0845,290,0.76,1.0704,5,0.775,1.0915,73,0
IWM190920P156,2019-09-18,2019-09-18 09:36:51,0.79,1.1126,34,0.78,1.0985,84,0.76,1.0704,5,0.785,1.1056,73,0
IWM190920P156,2019-09-18,2019-09-18 09:36:52,0.79,1.1126,65,0.78,1.0985,159,0.76,1.0704,5,0.785,1.1056,73,0
IWM190920P156,2019-09-18,2019-09-18 09:36:52,0.79,1.1126,65,0.78,1.0985,413,0.76,1.0704,5,0.785,1.1056,73,0
IWM190920P156,2019-09-18,2019-09-18 09:36:53,0.79,1.1126,5,0.78,1.0985,450,0.76,1.0704,5,0.785,1.1056,73,0
IWM190920P156,2019-09-18,2019-09-18 09:36:53,0.8,1.1267,127,0.79,1.1126,150,0.76,1.0704,5,0.795,1.1197,73,0
IWM190920P156,2019-09-18,2019-09-18 09:36:54,0.8,1.1267,113,0.78,1.0985,433,0.76,1.0704,5,0.79,1.1126,73,0
IWM190920P156,2019-09-18,2019-09-18 09:36:54,0.8,1.1267,127,0.79,1.1126,150,0.76,1.0704,5,0.795,1.1197,73,0
IWM190920P156,2019-09-18,2019-09-18 09:36:55,0.81,1.1408,182,0.79,1.1126,257,0.76,1.0704,5,0.8,1.1267,73,0
IWM190920P156,2019-09-18,2019-09-18 09:36:55,0.81,1.1408,104,0.79,1.1126,257,0.76,1.0704,5,0.8,1.1267,73,0
IWM190920P156,2019-09-18,2019-09-18 09:36:56,0.8,1.1267,28,0.79,1.1126,234,0.76,1.0704,5,0.795,1.1197,73,0
IWM190920P156,2019-09-18,2019-09-18 09:36:56,0.8,1.1267,28,0.79,1.1126,285,0.76,1.0704,5,0.795,1.1197,73,0
IWM190920P156,2019-09-18,2019-09-18 09:36:57,0.8,1.1267,9,0.79,1.1126,285,0.76,1.0704,5,0.795,1.1197,73,0
IWM190920P156,2019-09-18,2019-09-18 09:36:57,0.8,1.1267,15,0.79,1.1126,285,0.76,1.0704,5,0.795,1.1197,73,0
IWM190920P156,2019-09-18,2019-09-18 09:36:58,0.8,1.1267,9,0.79,1.1126,219,0.76,1.0704,5,0.795,1.1197,73,0
IWM190920P156,2019-09-18,2019-09-18 09:36:58,0.8,1.1267,25,0.79,1.1126,159,0.76,1.0704,5,0.795,1.1197,73,0
IWM190920P156,2019-09-18,2019-09-18 09:36:59,0.8,1.1267,25,0.79,1.1126,293,0.76,1.0704,5,0.795,1.1197,73,0
IWM190920P156,2019-09-18,2019-09-18 09:36:59,0.8,1.1267,73,0.78,1.0985,179,0.76,1.0704,5,0.79,1.1126,73,0
IWM190920P156,2019-09-18,2019-09-18 09:37:00,0.8,1.1267,37,0.79,1.1126,104,0.76,1.0704,5,0.795,1.1197,73,0
IWM190920P156,2019-09-18,2019-09-18 09:37:00,0.8,1.1267,146,0.78,1.0985,343,0.76,1.0704,5,0.79,1.1126,73,0
IWM190920P156,2019-09-18,2019-09-18 09:37:01,0.81,1.1408,63,0.8,1.1267,21,0.76,1.0704,5,0.805,1.1338,73,0
IWM190920P156,2019-09-18,2019-09-18 09:37:01,0.8,1.1267,9,0.8,1.1267,21,0.76,1.0704,5,0.8,1.1267,73,0
IWM190920P156,2019-09-18,2019-09-18 09:37:02,0.81,1.1408,55,0.79,1.1126,181,0.76,1.0704,5,0.8,1.1267,73,0
IWM190920P156,2019-09-18,2019-09-18 09:37:02,0.81,1.1408,62,0.8,1.1267,1,0.76,1.0704,5,0.805,1.1338,73,0
IWM190920P156,2019-09-18,2019-09-18 09:37:03,0.81,1.1408,33,0.8,1.1267,151,0.76,1.0704,5,0.805,1.1338,73,0
IWM190920P156,2019-09-18,2019-09-18 09:37:03,0.81,1.1408,73,0.8,1.1267,49,0.76,1.0704,5,0.805,1.1338,73,0
IWM190920P156,2019-09-18,2019-09-18 09:37:04,0.82,1.1549,87,0.8,1.1267,315,0.76,1.0704,5,0.81,1.1408,73,0
IWM190920P156,2019-09-18,2019-09-18 09:37:04,0.81,1.1408,13,0.8,1.1267,322,0.76,1.0704,5,0.805,1.1338,73,0
IWM190920P156,2019-09-18,2019-09-18 09:37:05,0.81,1.1408,81,0.79,1.1126,268,0.76,1.0704,5,0.8,1.1267,73,0
IWM190920P156,2019-09-18,2019-09-18 09:37:05,0.81,1.1408,40,0.8,1.1267,1,0.76,1.0704,5,0.805,1.1338,73,0
IWM190920P156,2019-09-18,2019-09-18 09:37:06,0.81,1.1408,40,0.8,1.1267,67,0.76,1.0704,5,0.805,1.1338,73,0
IWM190920P156,2019-09-18,2019-09-18 09:37:06,0.81,1.1408,60,0.8,1.1267,67,0.76,1.0704,5,0.805,1.1338,73,0
IWM190920P156,2019-09-18,2019-09-18 09:37:07,0.81,1.1408,60,0.8,1.1267,67,0.76,1.0704,5,0.805,1.1338,73,0
IWM190920P156,2019-09-18,2019-09-18 09:37:07,0.8,1.1267,28,0.79,1.1126,172,0.76,1.0704,5,0.795,1.1197,73,0
IWM190920P156,2019-09-18,2019-09-18 09:37:08,0.8,1.1267,75,0.79,1.1126,70,0.76,1.0704,5,0.795,1.1197,73,0
IWM190920P156,2019-09-18,2019-09-18 09:37:09,0.8,1.1267,75,0.79,1.1126,65,0.76,1.0704,5,0.795,1.1197,73,0
IWM190920P156,2019-09-18,2019-09-18 09:37:09,0.8,1.1267,75,0.79,1.1126,150,0.76,1.0704,5,0.795,1.1197,73,0
IWM190920P156,2019-09-18,2019-09-18 09:37:10,0.8,1.1267,13,0.79,1.1126,53,0.76,1.0704,5,0.795,1.1197,73,0
IWM190920P156,2019-09-18,2019-09-18 09:37:10,0.8,1.1267,23,0.79,1.1126,53,0.76,1.0704,5,0.795,1.1197,73,0
IWM190920P156,2019-09-18,2019-09-18 09:37:11,0.8,1.1267,23,0.79,1.1126,53,0.76,1.0704,5,0.795,1.1197,73,0
IWM190920P156,2019-09-18,2019-09-18 09:37:12,0.8,1.1267,23,0.79,1.1126,174,0.76,1.0704,5,0.795,1.1197,73,0
IWM190920P156,2019-09-18,2019-09-18 09:37:12,0.81,1.1408,113,0.79,1.1126,111,0.76,1.0704,5,0.8,1.1267,73,0
IWM190920P156,2019-09-18,2019-09-18 09:37:13,0.81,1.1408,113,0.79,1.1126,80,0.76,1.0704,5,0.8,1.1267,73,0
IWM190920P156,2019-09-18,2019-09-18 09:37:14,0.81,1.1408,113,0.79,1.1126,80,0.76,1.0704,5,0.8,1.1267,73,0
IWM190920P156,2019-09-18,2019-09-18 09:37:14,0.81,1.1408,113,0.79,1.1126,125,0.76,1.0704,5,0.8,1.1267,73,0
IWM190920P156,2019-09-18,2019-09-18 09:37:15,0.81,1.1408,113,0.79,1.1126,80,0.76,1.0704,5,0.8,1.1267,73,0
IWM190920P156,2019-09-18,2019-09-18 09:37:15,0.8,1.1267,41,0.79,1.1126,53,0.76,1.0704,5,0.795,1.1197,73,0
IWM190920P156,2019-09-18,2019-09-18 09:37:16,0.8,1.1267,41,0.79,1.1126,12,0.76,1.0704,5,0.795,1.1197,73,0
IWM190920P156,2019-09-18,2019-09-18 09:37:17,0.81,1.1408,84,0.79,1.1126,65,0.76,1.0704,5,0.8,1.1267,73,0
IWM190920P156,2019-09-18,2019-09-18 09:37:18,0.81,1.1408,60,0.79,1.1126,244,0.76,1.0704,5,0.8,1.1267,73,0
IWM190920P156,2019-09-18,2019-09-18 09:37:18,0.81,1.1408,111,0.79,1.1126,203,0.76,1.0704,5,0.8,1.1267,73,0
IWM190920P156,2019-09-18,2019-09-18 09:37:19,0.81,1.1408,70,0.79,1.1126,233,0.76,1.0704,5,0.8,1.1267,73,0
IWM190920P156,2019-09-18,2019-09-18 09:37:19,0.81,1.1408,60,0.79,1.1126,203,0.76,1.0704,5,0.8,1.1267,73,0
IWM190920P156,2019-09-18,2019-09-18 09:37:20,0.8,1.1267,61,0.79,1.1126,26,0.76,1.0704,5,0.795,1.1197,73,0
IWM190920P156,2019-09-18,2019-09-18 09:37:21,0.8,1.1267,8,0.79,1.1126,174,0.76,1.0704,5,0.795,1.1197,73,0
IWM190920P156,2019-09-18,2019-09-18 09:37:22,0.8,1.1267,11,0.79,1.1126,241,0.76,1.0704,5,0.795,1.1197,73,0
IWM190920P156,2019-09-18,2019-09-18 09:37:22,0.81,1.1408,54,0.79,1.1126,284,0.76,1.0704,5,0.8,1.1267,73,0
IWM190920P156,2019-09-18,2019-09-18 09:37:23,0.8,1.1267,11,0.79,1.1126,284,0.76,1.0704,5,0.795,1.1197,73,0
IWM190920P156,2019-09-18,2019-09-18 09:37:23,0.81,1.1408,54,0.79,1.1126,254,0.76,1.0704,5,0.8,1.1267,73,0
IWM190920P156,2019-09-18,2019-09-18 09:37:24,0.81,1.1408,54,0.79,1.1126,284,0.76,1.0704,5,0.8,1.1267,73,0
IWM190920P156,2019-09-18,2019-09-18 09:37:25,0.8,1.1267,12,0.79,1.1126,235,0.76,1.0704,5,0.795,1.1197,73,0
IWM190920P156,2019-09-18,2019-09-18 09:37:26,0.8,1.1267,12,0.79,1.1126,235,0.76,1.0704,5,0.795,1.1197,73,0
IWM190920P156,2019-09-18,2019-09-18 09:37:27,0.8,1.1267,12,0.79,1.1126,48,0.76,1.0704,5,0.795,1.1197,73,0
IWM190920P156,2019-09-18,2019-09-18 09:37:28,0.8,1.1267,12,0.79,1.1126,48,0.76,1.0704,5,0.795,1.1197,73,0
IWM190920P156,2019-09-18,2019-09-18 09:37:29,0.8,1.1267,75,0.77,1.0845,268,0.76,1.0704,5,0.785,1.1056,73,0
IWM190920P156,2019-09-18,2019-09-18 09:37:30,0.78,1.0985,12,0.77,1.0845,168,0.76,1.0704,5,0.775,1.0915,73,0
IWM190920P156,2019-09-18,2019-09-18 09:37:31,0.78,1.0985,12,0.77,1.0845,203,0.76,1.0704,5,0.775,1.0915,73,0
IWM190920P156,2019-09-18,2019-09-18 09:37:31,0.78,1.0985,12,0.77,1.0845,227,0.76,1.0704,5,0.775,1.0915,73,0
IWM190920P156,2019-09-18,2019-09-18 09:37:32,0.78,1.0985,31,0.77,1.0845,91,0.76,1.0704,5,0.775,1.0915,73,0
IWM190920P156,2019-09-18,2019-09-18 09:37:33,0.78,1.0985,68,0.76,1.0704,268,0.76,1.0704,5,0.77,1.0845,73,0
IWM190920P156,2019-09-18,2019-09-18 09:37:33,0.77,1.0845,9,0.76,1.0704,174,0.76,1.0704,5,0.765,1.0774,73,0
IWM190920P156,2019-09-18,2019-09-18 09:37:34,0.77,1.0845,28,0.76,1.0704,86,0.76,1.0704,5,0.765,1.0774,73,0
IWM190920P156,2019-09-18,2019-09-18 09:37:34,0.77,1.0845,9,0.76,1.0704,63,0.76,1.0704,5,0.765,1.0774,73,0
IWM190920P156,2019-09-18,2019-09-18 09:37:35,0.77,1.0845,9,0.76,1.0704,63,0.76,1.0704,5,0.765,1.0774,73,0
IWM190920P156,2019-09-18,2019-09-18 09:37:36,0.77,1.0845,41,0.76,1.0704,10,0.76,1.0704,5,0.765,1.0774,73,0
IWM190920P156,2019-09-18,2019-09-18 09:37:36,0.77,1.0845,28,0.76,1.0704,63,0.76,1.0704,5,0.765,1.0774,73,0
IWM190920P156,2019-09-18,2019-09-18 09:37:37,0.77,1.0845,19,0.76,1.0704,10,0.76,1.0704,5,0.765,1.0774,73,0
IWM190920P156,2019-09-18,2019-09-18 09:37:37,0.77,1.0845,28,0.76,1.0704,10,0.76,1.0704,5,0.765,1.0774,73,0
IWM190920P156,2019-09-18,2019-09-18 09:37:38,0.77,1.0845,19,0.75,1.0563,312,0.76,1.0704,5,0.76,1.0704,73,0
IWM190920P156,2019-09-18,2019-09-18 09:37:39,0.77,1.0845,19,0.75,1.0563,276,0.76,1.0704,5,0.76,1.0704,73,0
IWM190920P156,2019-09-18,2019-09-18 09:37:39,0.77,1.0845,19,0.75,1.0563,299,0.76,1.0704,5,0.76,1.0704,73,0
IWM190920P156,2019-09-18,2019-09-18 09:37:40,0.77,1.0845,19,0.75,1.0563,327,0.76,1.0704,5,0.76,1.0704,73,0
IWM190920P156,2019-09-18,2019-09-18 09:37:41,0.77,1.0845,22,0.76,1.0704,79,0.76,1.0704,5,0.765,1.0774,73,0
IWM190920P156,2019-09-18,2019-09-18 09:37:41,0.77,1.0845,19,0.76,1.0704,71,0.76,1.0704,5,0.765,1.0774,73,0
IWM190920P156,2019-09-18,2019-09-18 09:37:42,0.77,1.0845,48,0.75,1.0563,334,0.76,1.0704,5,0.76,1.0704,73,0
IWM190920P156,2019-09-18,2019-09-18 09:37:42,0.77,1.0845,22,0.75,1.0563,352,0.76,1.0704,5,0.76,1.0704,73,0
IWM190920P156,2019-09-18,2019-09-18 09:37:43,0.77,1.0845,54,0.75,1.0563,301,0.76,1.0704,5,0.76,1.0704,73,0
IWM190920P156,2019-09-18,2019-09-18 09:37:44,0.77,1.0845,54,0.75,1.0563,388,0.76,1.0704,5,0.76,1.0704,73,0
IWM190920P156,2019-09-18,2019-09-18 09:37:44,0.77,1.0845,21,0.75,1.0563,573,0.76,1.0704,5,0.76,1.0704,73,0
IWM190920P156,2019-09-18,2019-09-18 09:37:45,0.77,1.0845,29,0.75,1.0563,420,0.76,1.0704,5,0.76,1.0704,73,0
IWM190920P156,2019-09-18,2019-09-18 09:37:45,0.77,1.0845,29,0.75,1.0563,573,0.76,1.0704,5,0.76,1.0704,73,0
IWM190920P156,2019-09-18,2019-09-18 09:37:46,0.78,1.0985,59,0.76,1.0704,344,0.76,1.0704,5,0.77,1.0845,73,0
IWM190920P156,2019-09-18,2019-09-18 09:37:46,0.78,1.0985,59,0.76,1.0704,320,0.76,1.0704,5,0.77,1.0845,73,0
IWM190920P156,2019-09-18,2019-09-18 09:37:47,0.78,1.0985,40,0.76,1.0704,388,0.76,1.0704,5,0.77,1.0845,73,0
IWM190920P156,2019-09-18,2019-09-18 09:37:47,0.78,1.0985,59,0.76,1.0704,388,0.76,1.0704,5,0.77,1.0845,73,0
IWM190920P156,2019-09-18,2019-09-18 09:37:48,0.78,1.0985,60,0.77,1.0845,47,0.76,1.0704,5,0.775,1.0915,73,0
IWM190920P156,2019-09-18,2019-09-18 09:37:49,0.78,1.0985,60,0.77,1.0845,47,0.76,1.0704,5,0.775,1.0915,73,0
IWM190920P156,2019-09-18,2019-09-18 09:37:50,0.78,1.0985,127,0.76,1.0704,150,0.76,1.0704,5,0.77,1.0845,73,0
IWM190920P156,2019-09-18,2019-09-18 09:37:50,0.78,1.0985,127,0.76,1.0704,95,0.76,1.0704,5,0.77,1.0845,73,0
IWM190920P156,2019-09-18,2019-09-18 09:37:51,0.78,1.0985,97,0.76,1.0704,353,0.76,1.0704,5,0.77,1.0845,73,0
IWM190920P156,2019-09-18,2019-09-18 09:37:52,0.78,1.0985,99,0.76,1.0704,343,0.76,1.0704,5,0.77,1.0845,73,0
IWM190920P156,2019-09-18,2019-09-18 09:37:52,0.78,1.0985,99,0.76,1.0704,353,0.76,1.0704,5,0.77,1.0845,73,0
IWM190920P156,2019-09-18,2019-09-18 09:37:53,0.78,1.0985,99,0.76,1.0704,357,0.76,1.0704,5,0.77,1.0845,73,0
IWM190920P156,2019-09-18,2019-09-18 09:37:54,0.78,1.0985,145,0.76,1.0704,76,0.76,1.0704,5,0.77,1.0845,73,0
IWM190920P156,2019-09-18,2019-09-18 09:37:54,0.78,1.0985,145,0.76,1.0704,260,0.76,1.0704,5,0.77,1.0845,73,0
IWM190920P156,2019-09-18,2019-09-18 09:37:55,0.78,1.0985,145,0.76,1.0704,76,0.76,1.0704,5,0.77,1.0845,73,0
IWM190920P156,2019-09-18,2019-09-18 09:37:55,0.78,1.0985,145,0.76,1.0704,150,0.76,1.0704,5,0.77,1.0845,73,0
IWM190920P156,2019-09-18,2019-09-18 09:37:56,0.78,1.0985,145,0.76,1.0704,482,0.76,1.0704,5,0.77,1.0845,73,0
IWM190920P156,2019-09-18,2019-09-18 09:37:56,0.79,1.1126,174,0.77,1.0845,150,0.76,1.0704,5,0.78,1.0985,73,0
IWM190920P156,2019-09-18,2019-09-18 09:37:57,0.79,1.1126,138,0.77,1.0845,150,0.76,1.0704,5,0.78,1.0985,73,0
IWM190920P156,2019-09-18,2019-09-18 09:37:58,0.79,1.1126,119,0.77,1.0845,225,0.76,1.0704,5,0.78,1.0985,73,0
IWM190920P156,2019-09-18,2019-09-18 09:37:58,0.79,1.1126,138,0.77,1.0845,225,0.76,1.0704,5,0.78,1.0985,73,0
IWM190920P156,2019-09-18,2019-09-18 09:37:59,0.79,1.1126,138,0.77,1.0845,269,0.76,1.0704,5,0.78,1.0985,73,0
IWM190920P156,2019-09-18,2019-09-18 09:38:00,0.79,1.1126,138,0.78,1.0985,20,0.76,1.0704,5,0.785,1.1056,73,0
IWM190920P156,2019-09-18,2019-09-18 09:38:00,0.79,1.1126,183,0.78,1.0985,20,0.76,1.0704,5,0.785,1.1056,73,0
IWM190920P156,2019-09-18,2019-09-18 09:38:01,0.78,1.0985,126,0.77,1.0845,173,0.76,1.0704,5,0.775,1.0915,73,0
IWM190920P156,2019-09-18,2019-09-18 09:38:02,0.79,1.1126,118,0.77,1.0845,48,0.76,1.0704,5,0.78,1.0985,73,0
IWM190920P156,2019-09-18,2019-09-18 09:38:02,0.78,1.0985,114,0.76,1.0704,242,0.76,1.0704,5,0.77,1.0845,73,0
IWM190920P156,2019-09-18,2019-09-18 09:38:03,0.78,1.0985,114,0.76,1.0704,173,0.76,1.0704,5,0.77,1.0845,73,0
IWM190920P156,2019-09-18,2019-09-18 09:38:03,0.78,1.0985,114,0.76,1.0704,222,0.76,1.0704,5,0.77,1.0845,73,0
IWM190920P156,2019-09-18,2019-09-18 09:38:04,0.77,1.0845,47,0.76,1.0704,86,0.76,1.0704,5,0.765,1.0774,73,0
IWM190920P156,2019-09-18,2019-09-18 09:38:04,0.77,1.0845,18,0.76,1.0704,86,0.76,1.0704,5,0.765,1.0774,73,0
IWM190920P156,2019-09-18,2019-09-18 09:38:05,0.77,1.0845,52,0.76,1.0704,41,0.76,1.0704,5,0.765,1.0774,73,0
IWM190920P156,2019-09-18,2019-09-18 09:38:06,0.77,1.0845,52,0.76,1.0704,35,0.76,1.0704,5,0.765,1.0774,73,0
IWM190920P156,2019-09-18,2019-09-18 09:38:07,0.77,1.0845,82,0.76,1.0704,15,0.76,1.0704,5,0.765,1.0774,73,0
IWM190920P156,2019-09-18,2019-09-18 09:38:07,0.77,1.0845,82,0.76,1.0704,31,0.76,1.0704,5,0.765,1.0774,73,0
IWM190920P156,2019-09-18,2019-09-18 09:38:08,0.77,1.0845,92,0.76,1.0704,17,0.76,1.0704,5,0.765,1.0774,73,0
IWM190920P156,2019-09-18,2019-09-18 09:38:08,0.77,1.0845,92,0.76,1.0704,31,0.76,1.0704,5,0.765,1.0774,73,0
IWM190920P156,2019-09-18,2019-09-18 09:38:09,0.77,1.0845,38,0.76,1.0704,17,0.76,1.0704,5,0.765,1.0774,73,0
IWM190920P156,2019-09-18,2019-09-18 09:38:10,0.77,1.0845,44,0.76,1.0704,2,0.76,1.0704,5,0.765,1.0774,73,0
IWM190920P156,2019-09-18,2019-09-18 09:38:10,0.77,1.0845,57,0.76,1.0704,17,0.76,1.0704,5,0.765,1.0774,73,0
IWM190920P156,2019-09-18,2019-09-18 09:38:11,0.77,1.0845,44,0.76,1.0704,3,0.76,1.0704,5,0.765,1.0774,73,0
IWM190920P156,2019-09-18,2019-09-18 09:38:11,0.78,1.0985,76,0.77,1.0845,36,0.76,1.0704,5,0.775,1.0915,73,0
IWM190920P156,2019-09-18,2019-09-18 09:38:12,0.78,1.0985,99,0.77,1.0845,36,0.76,1.0704,5,0.775,1.0915,73,0
IWM190920P156,2019-09-18,2019-09-18 09:38:13,0.78,1.0985,88,0.77,1.0845,36,0.76,1.0704,5,0.775,1.0915,73,0
IWM190920P156,2019-09-18,2019-09-18 09:38:13,0.78,1.0985,57,0.77,1.0845,36,0.76,1.0704,5,0.775,1.0915,73,0
IWM190920P156,2019-09-18,2019-09-18 09:38:14,0.78,1.0985,76,0.77,1.0845,19,0.76,1.0704,5,0.775,1.0915,73,0
IWM190920P156,2019-09-18,2019-09-18 09:38:15,0.78,1.0985,76,0.77,1.0845,33,0.76,1.0704,5,0.775,1.0915,73,0
IWM190920P156,2019-09-18,2019-09-18 09:38:16,0.78,1.0985,76,0.77,1.0845,34,0.76,1.0704,5,0.775,1.0915,73,0
IWM190920P156,2019-09-18,2019-09-18 09:38:16,0.78,1.0985,25,0.77,1.0845,34,0.76,1.0704,5,0.775,1.0915,73,0
IWM190920P156,2019-09-18,2019-09-18 09:38:17,0.78,1.0985,25,0.77,1.0845,68,0.76,1.0704,5,0.775,1.0915,73,0
IWM190920P156,2019-09-18,2019-09-18 09:38:17,0.79,1.1126,91,0.77,1.0845,49,0.76,1.0704,5,0.78,1.0985,73,0
IWM190920P156,2019-09-18,2019-09-18 09:38:18,0.79,1.1126,115,0.77,1.0845,68,0.76,1.0704,5,0.78,1.0985,73,0
IWM190920P156,2019-09-18,2019-09-18 09:38:18,0.79,1.1126,115,0.77,1.0845,49,0.76,1.0704,5,0.78,1.0985,73,0
IWM190920P156,2019-09-18,2019-09-18 09:38:19,0.78,1.0985,73,0.77,1.0845,26,0.76,1.0704,5,0.775,1.0915,73,0
IWM190920P156,2019-09-18,2019-09-18 09:38:19,0.78,1.0985,73,0.77,1.0845,39,0.76,1.0704,5,0.775,1.0915,73,0
IWM190920P156,2019-09-18,2019-09-18 09:38:20,0.78,1.0985,73,0.77,1.0845,39,0.76,1.0704,5,0.775,1.0915,73,0
IWM190920P156,2019-09-18,2019-09-18 09:38:20,0.78,1.0985,97,0.77,1.0845,59,0.76,1.0704,5,0.775,1.0915,73,0
IWM190920P156,2019-09-18,2019-09-18 09:38:21,0.78,1.0985,97,0.77,1.0845,59,0.76,1.0704,5,0.775,1.0915,73,0
IWM190920P156,2019-09-18,2019-09-18 09:38:21,0.78,1.0985,79,0.77,1.0845,23,0.76,1.0704,5,0.775,1.0915,73,0
IWM190920P156,2019-09-18,2019-09-18 09:38:22,0.77,1.0845,31,0.76,1.0704,70,0.76,1.0704,5,0.765,1.0774,73,0
IWM190920P156,2019-09-18,2019-09-18 09:38:22,0.77,1.0845,61,0.76,1.0704,23,0.76,1.0704,5,0.765,1.0774,73,0
IWM190920P156,2019-09-18,2019-09-18 09:38:23,0.77,1.0845,89,0.76,1.0704,30,0.76,1.0704,5,0.765,1.0774,73,0
IWM190920P156,2019-09-18,2019-09-18 09:38:23,0.77,1.0845,61,0.76,1.0704,23,0.76,1.0704,5,0.765,1.0774,73,0
IWM190920P156,2019-09-18,2019-09-18 09:38:24,0.77,1.0845,89,0.76,1.0704,30,0.76,1.0704,5,0.765,1.0774,73,0
IWM190920P156,2019-09-18,2019-09-18 09:38:25,0.77,1.0845,89,0.76,1.0704,30,0.76,1.0704,5,0.765,1.0774,73,0
IWM190920P156,2019-09-18,2019-09-18 09:38:25,0.78,1.0985,39,0.76,1.0704,204,0.76,1.0704,5,0.77,1.0845,73,0
IWM190920P156,2019-09-18,2019-09-18 09:38:26,0.78,1.0985,39,0.76,1.0704,388,0.76,1.0704,5,0.77,1.0845,73,0
IWM190920P156,2019-09-18,2019-09-18 09:38:27,0.78,1.0985,61,0.76,1.0704,388,0.76,1.0704,5,0.77,1.0845,73,0
IWM190920P156,2019-09-18,2019-09-18 09:38:27,0.78,1.0985,85,0.77,1.0845,67,0.76,1.0704,5,0.775,1.0915,73,0
IWM190920P156,2019-09-18,2019-09-18 09:38:28,0.78,1.0985,85,0.77,1.0845,67,0.76,1.0704,5,0.775,1.0915,73,0
IWM190920P156,2019-09-18,2019-09-18 09:38:28,0.78,1.0985,104,0.77,1.0845,30,0.76,1.0704,5,0.775,1.0915,73,0
IWM190920P156,2019-09-18,2019-09-18 09:38:29,0.78,1.0985,155,0.77,1.0845,30,0.76,1.0704,5,0.775,1.0915,73,0
IWM190920P156,2019-09-18,2019-09-18 09:38:29,0.78,1.0985,129,0.77,1.0845,30,0.76,1.0704,5,0.775,1.0915,73,0
IWM190920P156,2019-09-18,2019-09-18 09:38:30,0.78,1.0985,106,0.76,1.0704,113,0.76,1.0704,5,0.77,1.0845,73,0
IWM190920P156,2019-09-18,2019-09-18 09:38:31,0.77,1.0845,60,0.76,1.0704,70,0.76,1.0704,5,0.765,1.0774,73,0
IWM190920P156,2019-09-18,2019-09-18 09:38:31,0.77,1.0845,60,0.75,1.0563,361,0.76,1.0704,5,0.76,1.0704,73,0
IWM190920P156,2019-09-18,2019-09-18 09:38:32,0.77,1.0845,87,0.76,1.0704,66,0.76,1.0704,5,0.765,1.0774,73,0
IWM190920P156,2019-09-18,2019-09-18 09:38:32,0.77,1.0845,60,0.76,1.0704,66,0.76,1.0704,5,0.765,1.0774,73,0
IWM190920P156,2019-09-18,2019-09-18 09:38:33,0.77,1.0845,84,0.76,1.0704,30,0.76,1.0704,5,0.765,1.0774,73,0
IWM190920P156,2019-09-18,2019-09-18 09:38:33,0.77,1.0845,84,0.75,1.0563,361,0.76,1.0704,5,0.76,1.0704,73,0
IWM190920P156,2019-09-18,2019-09-18 09:38:34,0.77,1.0845,84,0.76,1.0704,26,0.76,1.0704,5,0.765,1.0774,73,0
IWM190920P156,2019-09-18,2019-09-18 09:38:35,0.77,1.0845,102,0.76,1.0704,25,0.76,1.0704,5,0.765,1.0774,73,0
IWM190920P156,2019-09-18,2019-09-18 09:38:36,0.77,1.0845,102,0.76,1.0704,30,0.76,1.0704,5,0.765,1.0774,73,0
IWM190920P156,2019-09-18,2019-09-18 09:38:37,0.77,1.0845,102,0.76,1.0704,30,0.76,1.0704,5,0.765,1.0774,73,0
IWM190920P156,2019-09-18,2019-09-18 09:38:37,0.77,1.0845,130,0.76,1.0704,21,0.76,1.0704,5,0.765,1.0774,73,0
IWM190920P156,2019-09-18,2019-09-18 09:38:38,0.77,1.0845,130,0.75,1.0563,34,0.76,1.0704,5,0.76,1.0704,73,0
IWM190920P156,2019-09-18,2019-09-18 09:38:38,0.77,1.0845,154,0.75,1.0563,20,0.76,1.0704,5,0.76,1.0704,73,0
IWM190920P156,2019-09-18,2019-09-18 09:38:39,0.76,1.0704,31,0.75,1.0563,34,0.76,1.0704,5,0.755,1.0633,73,0
IWM190920P156,2019-09-18,2019-09-18 09:38:39,0.77,1.0845,158,0.75,1.0563,20,0.76,1.0704,5,0.76,1.0704,73,0
IWM190920P156,2019-09-18,2019-09-18 09:38:40,0.76,1.0704,31,0.75,1.0563,34,0.76,1.0704,5,0.755,1.0633,73,0
IWM190920P156,2019-09-18,2019-09-18 09:38:41,0.76,1.0704,12,0.75,1.0563,33,0.76,1.0704,5,0.755,1.0633,73,0
IWM190920P156,2019-09-18,2019-09-18 09:38:41,0.76,1.0704,31,0.75,1.0563,34,0.76,1.0704,5,0.755,1.0633,73,0
IWM190920P156,2019-09-18,2019-09-18 09:38:42,0.76,1.0704,12,0.75,1.0563,32,0.76,1.0704,5,0.755,1.0633,73,0
IWM190920P156,2019-09-18,2019-09-18 09:38:42,0.76,1.0704,12,0.75,1.0563,9,0.76,1.0704,5,0.755,1.0633,73,0
IWM190920P156,2019-09-18,2019-09-18 09:38:43,0.76,1.0704,12,0.75,1.0563,32,0.76,1.0704,5,0.755,1.0633,73,0
IWM190920P156,2019-09-18,2019-09-18 09:38:44,0.77,1.0845,7,0.76,1.0704,27,0.76,1.0704,5,0.765,1.0774,73,0
IWM190920P156,2019-09-18,2019-09-18 09:38:44,0.76,1.0704,12,0.75,1.0563,297,0.76,1.0704,5,0.755,1.0633,73,0
IWM190920P156,2019-09-18,2019-09-18 09:38:45,0.77,1.0845,7,0.76,1.0704,87,0.76,1.0704,5,0.765,1.0774,73,0
IWM190920P156,2019-09-18,2019-09-18 09:38:45,0.77,1.0845,7,0.76,1.0704,86,0.76,1.0704,5,0.765,1.0774,73,0
IWM190920P156,2019-09-18,2019-09-18 09:38:46,0.77,1.0845,7,0.76,1.0704,86,0.76,1.0704,5,0.765,1.0774,73,0
IWM190920P156,2019-09-18,2019-09-18 09:38:46,0.77,1.0845,26,0.76,1.0704,21,0.76,1.0704,5,0.765,1.0774,73,0
IWM190920P156,2019-09-18,2019-09-18 09:38:47,0.77,1.0845,86,0.76,1.0704,30,0.76,1.0704,5,0.765,1.0774,73,0
IWM190920P156,2019-09-18,2019-09-18 09:38:47,0.77,1.0845,110,0.76,1.0704,30,0.76,1.0704,5,0.765,1.0774,73,0
IWM190920P156,2019-09-18,2019-09-18 09:38:48,0.77,1.0845,110,0.76,1.0704,30,0.76,1.0704,5,0.765,1.0774,73,0
IWM190920P156,2019-09-18,2019-09-18 09:38:49,0.77,1.0845,110,0.76,1.0704,30,0.76,1.0704,5,0.765,1.0774,73,0
IWM190920P156,2019-09-18,2019-09-18 09:38:50,0.77,1.0845,159,0.76,1.0704,30,0.76,1.0704,5,0.765,1.0774,73,0
IWM190920P156,2019-09-18,2019-09-18 09:38:50,0.77,1.0845,188,0.75,1.0563,50,0.76,1.0704,5,0.76,1.0704,73,0
IWM190920P156,2019-09-18,2019-09-18 09:38:51,0.77,1.0845,188,0.75,1.0563,50,0.76,1.0704,5,0.76,1.0704,73,0
IWM190920P156,2019-09-18,2019-09-18 09:38:52,0.77,1.0845,188,0.75,1.0563,50,0.76,1.0704,5,0.76,1.0704,73,0
IWM190920P156,2019-09-18,2019-09-18 09:38:53,0.77,1.0845,188,0.75,1.0563,74,0.76,1.0704,5,0.76,1.0704,73,0
IWM190920P156,2019-09-18,2019-09-18 09:38:54,0.76,1.0704,165,0.75,1.0563,13,0.76,1.0704,5,0.755,1.0633,73,0
IWM190920P156,2019-09-18,2019-09-18 09:38:54,0.76,1.0704,61,0.74,1.0422,153,0.76,1.0704,5,0.75,1.0563,73,0
IWM190920P156,2019-09-18,2019-09-18 09:38:55,0.76,1.0704,175,0.75,1.0563,13,0.76,1.0704,5,0.755,1.0633,73,0
IWM190920P156,2019-09-18,2019-09-18 09:38:56,0.75,1.0563,19,0.74,1.0422,9,0.76,1.0704,5,0.745,1.0492,73,0
IWM190920P156,2019-09-18,2019-09-18 09:38:56,0.76,1.0704,165,0.74,1.0422,30,0.76,1.0704,5,0.75,1.0563,73,0
IWM190920P156,2019-09-18,2019-09-18 09:38:57,0.75,1.0563,25,0.74,1.0422,74,0.76,1.0704,5,0.745,1.0492,73,0
IWM190920P156,2019-09-18,2019-09-18 09:38:57,0.75,1.0563,42,0.74,1.0422,35,0.76,1.0704,5,0.745,1.0492,73,0
IWM190920P156,2019-09-18,2019-09-18 09:38:58,0.76,1.0704,220,0.74,1.0422,10,0.76,1.0704,5,0.75,1.0563,73,0
IWM190920P156,2019-09-18,2019-09-18 09:38:58,0.76,1.0704,141,0.74,1.0422,10,0.76,1.0704,5,0.75,1.0563,73,0
IWM190920P156,2019-09-18,2019-09-18 09:38:59,0.75,1.0563,27,0.74,1.0422,26,0.76,1.0704,5,0.745,1.0492,73,0
IWM190920P156,2019-09-18,2019-09-18 09:38:59,0.75,1.0563,27,0.74,1.0422,2,0.76,1.0704,5,0.745,1.0492,73,0
IWM190920P156,2019-09-18,2019-09-18 09:39:00,0.75,1.0563,46,0.74,1.0422,6,0.76,1.0704,5,0.745,1.0492,73,0
IWM190920P156,2019-09-18,2019-09-18 09:39:00,0.75,1.0563,27,0.74,1.0422,1,0.76,1.0704,5,0.745,1.0492,73,0
IWM190920P156,2019-09-18,2019-09-18 09:39:01,0.75,1.0563,46,0.74,1.0422,1,0.76,1.0704,5,0.745,1.0492,73,0
IWM190920P156,2019-09-18,2019-09-18 09:39:01,0.74,1.0422,7,0.73,1.0281,84,0.76,1.0704,5,0.735,1.0352,73,0
IWM190920P156,2019-09-18,2019-09-18 09:39:02,0.74,1.0422,7,0.73,1.0281,84,0.76,1.0704,5,0.735,1.0352,73,0
IWM190920P156,2019-09-18,2019-09-18 09:39:03,0.75,1.0563,84,0.73,1.0281,84,0.76,1.0704,5,0.74,1.0422,73,0
IWM190920P156,2019-09-18,2019-09-18 09:39:03,0.75,1.0563,73,0.73,1.0281,239,0.76,1.0704,5,0.74,1.0422,73,0
IWM190920P156,2019-09-18,2019-09-18 09:39:04,0.75,1.0563,37,0.74,1.0422,10,0.76,1.0704,5,0.745,1.0492,73,0
