symbol,Date,quote_time,ask_price,norm_ask_price,ask_size,bid_price,norm_bid_price,bid_size,last_trade_price,norm_last_trade_price,last_trade_size,mark_price,norm_mark_price,volume,Volume
IWM191108P159,2019-11-07,2019-11-07 09:30:00,0.41,1.0,30,0.32,0.7804,30,1.06,2.5853,4,0.365,0.8902,0,0
IWM191108P159,2019-11-07,2019-11-07 09:30:01,0.41,1.0,30,0.32,0.7804,30,1.06,2.5853,4,0.365,0.8902,0,0
IWM191108P159,2019-11-07,2019-11-07 09:30:02,0.41,1.0,7,0.33,0.8048,30,1.06,2.5853,4,0.37,0.9024,0,0
IWM191108P159,2019-11-07,2019-11-07 09:30:03,0.42,1.0243,30,0.33,0.8048,30,1.06,2.5853,4,0.375,0.9146,0,0
IWM191108P159,2019-11-07,2019-11-07 09:30:04,0.39,0.9512,389,0.33,0.8048,75,1.06,2.5853,4,0.36,0.878,0,0
IWM191108P159,2019-11-07,2019-11-07 09:30:04,0.42,1.0243,30,0.33,0.8048,30,1.06,2.5853,4,0.375,0.9146,0,0
IWM191108P159,2019-11-07,2019-11-07 09:30:05,0.39,0.9512,189,0.34,0.8292,75,1.06,2.5853,4,0.365,0.8902,0,0
IWM191108P159,2019-11-07,2019-11-07 09:30:05,0.39,0.9512,107,0.34,0.8292,75,1.06,2.5853,4,0.365,0.8902,30,30
IWM191108P159,2019-11-07,2019-11-07 09:30:06,0.39,0.9512,107,0.34,0.8292,75,0.37,0.9024,30,0.365,0.8902,30,0
IWM191108P159,2019-11-07,2019-11-07 09:30:07,0.39,0.9512,107,0.34,0.8292,75,0.37,0.9024,30,0.365,0.8902,30,0
IWM191108P159,2019-11-07,2019-11-07 09:30:07,0.39,0.9512,107,0.35,0.8536,75,0.37,0.9024,30,0.37,0.9024,30,0
IWM191108P159,2019-11-07,2019-11-07 09:30:08,0.39,0.9512,107,0.35,0.8536,109,0.37,0.9024,30,0.37,0.9024,30,0
IWM191108P159,2019-11-07,2019-11-07 09:30:08,0.39,0.9512,107,0.35,0.8536,75,0.37,0.9024,30,0.37,0.9024,30,0
IWM191108P159,2019-11-07,2019-11-07 09:30:09,0.39,0.9512,107,0.35,0.8536,234,0.37,0.9024,30,0.37,0.9024,30,0
IWM191108P159,2019-11-07,2019-11-07 09:30:10,0.39,0.9512,10,0.35,0.8536,252,0.37,0.9024,30,0.37,0.9024,30,0
IWM191108P159,2019-11-07,2019-11-07 09:30:10,0.4,0.9756,125,0.36,0.878,75,0.37,0.9024,30,0.38,0.9268,30,0
IWM191108P159,2019-11-07,2019-11-07 09:30:11,0.39,0.9512,8,0.36,0.878,75,0.37,0.9024,30,0.375,0.9146,30,0
IWM191108P159,2019-11-07,2019-11-07 09:30:11,0.39,0.9512,8,0.36,0.878,105,0.37,0.9024,30,0.375,0.9146,30,0
IWM191108P159,2019-11-07,2019-11-07 09:30:12,0.39,0.9512,8,0.36,0.878,105,0.37,0.9024,30,0.375,0.9146,30,0
IWM191108P159,2019-11-07,2019-11-07 09:30:13,0.4,0.9756,25,0.37,0.9024,1,0.37,0.9024,30,0.385,0.939,30,0
IWM191108P159,2019-11-07,2019-11-07 09:30:14,0.4,0.9756,25,0.36,0.878,234,0.37,0.9024,30,0.38,0.9268,30,0
IWM191108P159,2019-11-07,2019-11-07 09:30:14,0.4,0.9756,25,0.36,0.878,308,0.37,0.9024,30,0.38,0.9268,30,0
IWM191108P159,2019-11-07,2019-11-07 09:30:15,0.39,0.9512,3,0.36,0.878,75,0.37,0.9024,30,0.375,0.9146,30,0
IWM191108P159,2019-11-07,2019-11-07 09:30:15,0.39,0.9512,3,0.36,0.878,46,0.37,0.9024,30,0.375,0.9146,30,0
IWM191108P159,2019-11-07,2019-11-07 09:30:16,0.39,0.9512,3,0.36,0.878,110,0.38,0.9268,1,0.375,0.9146,31,1
IWM191108P159,2019-11-07,2019-11-07 09:30:16,0.39,0.9512,3,0.36,0.878,98,0.37,0.9024,30,0.375,0.9146,30,0
IWM191108P159,2019-11-07,2019-11-07 09:30:17,0.39,0.9512,3,0.36,0.878,212,0.38,0.9268,1,0.375,0.9146,31,0
IWM191108P159,2019-11-07,2019-11-07 09:30:17,0.39,0.9512,3,0.36,0.878,27,0.38,0.9268,1,0.375,0.9146,31,0
IWM191108P159,2019-11-07,2019-11-07 09:30:18,0.39,0.9512,210,0.34,0.8292,375,0.38,0.9268,1,0.365,0.8902,31,0
IWM191108P159,2019-11-07,2019-11-07 09:30:18,0.39,0.9512,251,0.34,0.8292,244,0.38,0.9268,1,0.365,0.8902,31,0
IWM191108P159,2019-11-07,2019-11-07 09:30:19,0.39,0.9512,262,0.34,0.8292,435,0.38,0.9268,1,0.365,0.8902,31,0
IWM191108P159,2019-11-07,2019-11-07 09:30:20,0.38,0.9268,562,0.33,0.8048,416,0.38,0.9268,1,0.355,0.8658,31,0
IWM191108P159,2019-11-07,2019-11-07 09:30:20,0.38,0.9268,616,0.34,0.8292,233,0.38,0.9268,1,0.36,0.878,31,0
IWM191108P159,2019-11-07,2019-11-07 09:30:21,0.37,0.9024,139,0.33,0.8048,30,0.38,0.9268,1,0.35,0.8536,31,0
IWM191108P159,2019-11-07,2019-11-07 09:30:21,0.37,0.9024,402,0.33,0.8048,20,0.38,0.9268,1,0.35,0.8536,31,0
IWM191108P159,2019-11-07,2019-11-07 09:30:22,0.37,0.9024,139,0.33,0.8048,30,0.38,0.9268,1,0.35,0.8536,31,0
IWM191108P159,2019-11-07,2019-11-07 09:30:22,0.37,0.9024,403,0.33,0.8048,30,0.38,0.9268,1,0.35,0.8536,31,0
IWM191108P159,2019-11-07,2019-11-07 09:30:23,0.37,0.9024,206,0.33,0.8048,20,0.38,0.9268,1,0.35,0.8536,31,0
IWM191108P159,2019-11-07,2019-11-07 09:30:23,0.36,0.878,75,0.32,0.7804,158,0.38,0.9268,1,0.34,0.8292,31,0
IWM191108P159,2019-11-07,2019-11-07 09:30:24,0.36,0.878,115,0.32,0.7804,211,0.38,0.9268,1,0.34,0.8292,31,0
IWM191108P159,2019-11-07,2019-11-07 09:30:24,0.36,0.878,300,0.32,0.7804,411,0.38,0.9268,1,0.34,0.8292,31,0
IWM191108P159,2019-11-07,2019-11-07 09:30:25,0.36,0.878,260,0.32,0.7804,316,0.38,0.9268,1,0.34,0.8292,31,0
IWM191108P159,2019-11-07,2019-11-07 09:30:25,0.36,0.878,90,0.32,0.7804,484,0.38,0.9268,1,0.34,0.8292,31,0
IWM191108P159,2019-11-07,2019-11-07 09:30:26,0.36,0.878,90,0.32,0.7804,484,0.38,0.9268,1,0.34,0.8292,31,0
IWM191108P159,2019-11-07,2019-11-07 09:30:26,0.36,0.878,20,0.33,0.8048,115,0.38,0.9268,1,0.345,0.8414,31,0
IWM191108P159,2019-11-07,2019-11-07 09:30:27,0.36,0.878,20,0.33,0.8048,20,0.38,0.9268,1,0.345,0.8414,31,0
IWM191108P159,2019-11-07,2019-11-07 09:30:27,0.36,0.878,75,0.33,0.8048,20,0.38,0.9268,1,0.345,0.8414,31,0
IWM191108P159,2019-11-07,2019-11-07 09:30:28,0.36,0.878,54,0.33,0.8048,20,0.38,0.9268,1,0.345,0.8414,31,0
IWM191108P159,2019-11-07,2019-11-07 09:30:29,0.36,0.878,403,0.33,0.8048,20,0.38,0.9268,1,0.345,0.8414,31,0
IWM191108P159,2019-11-07,2019-11-07 09:30:30,0.36,0.878,537,0.33,0.8048,20,0.38,0.9268,1,0.345,0.8414,31,0
IWM191108P159,2019-11-07,2019-11-07 09:30:30,0.36,0.878,582,0.33,0.8048,20,0.38,0.9268,1,0.345,0.8414,31,0
IWM191108P159,2019-11-07,2019-11-07 09:30:31,0.35,0.8536,386,0.32,0.7804,30,0.38,0.9268,1,0.335,0.817,31,0
IWM191108P159,2019-11-07,2019-11-07 09:30:31,0.36,0.878,582,0.32,0.7804,30,0.38,0.9268,1,0.34,0.8292,31,0
IWM191108P159,2019-11-07,2019-11-07 09:30:32,0.35,0.8536,397,0.31,0.756,69,0.38,0.9268,1,0.33,0.8048,31,0
IWM191108P159,2019-11-07,2019-11-07 09:30:33,0.34,0.8292,314,0.3,0.7317,63,0.38,0.9268,1,0.32,0.7804,31,0
IWM191108P159,2019-11-07,2019-11-07 09:30:33,0.34,0.8292,75,0.31,0.756,69,0.38,0.9268,1,0.325,0.7926,31,0
IWM191108P159,2019-11-07,2019-11-07 09:30:34,0.32,0.7804,75,0.29,0.7073,20,0.38,0.9268,1,0.305,0.7439,31,0
IWM191108P159,2019-11-07,2019-11-07 09:30:34,0.34,0.8292,94,0.3,0.7317,63,0.38,0.9268,1,0.32,0.7804,31,0
IWM191108P159,2019-11-07,2019-11-07 09:30:35,0.32,0.7804,383,0.28,0.6829,85,0.38,0.9268,1,0.3,0.7317,31,0
IWM191108P159,2019-11-07,2019-11-07 09:30:35,0.32,0.7804,419,0.28,0.6829,118,0.38,0.9268,1,0.3,0.7317,31,0
IWM191108P159,2019-11-07,2019-11-07 09:30:36,0.31,0.756,344,0.27,0.6585,413,0.38,0.9268,1,0.29,0.7073,31,0
IWM191108P159,2019-11-07,2019-11-07 09:30:36,0.31,0.756,75,0.28,0.6829,46,0.38,0.9268,1,0.295,0.7195,31,0
IWM191108P159,2019-11-07,2019-11-07 09:30:37,0.31,0.756,385,0.27,0.6585,413,0.38,0.9268,1,0.29,0.7073,31,0
IWM191108P159,2019-11-07,2019-11-07 09:30:37,0.31,0.756,385,0.27,0.6585,213,0.38,0.9268,1,0.29,0.7073,31,0
IWM191108P159,2019-11-07,2019-11-07 09:30:38,0.31,0.756,310,0.28,0.6829,30,0.38,0.9268,1,0.295,0.7195,31,0
IWM191108P159,2019-11-07,2019-11-07 09:30:38,0.32,0.7804,313,0.28,0.6829,211,0.38,0.9268,1,0.3,0.7317,31,0
IWM191108P159,2019-11-07,2019-11-07 09:30:39,0.32,0.7804,363,0.28,0.6829,421,0.38,0.9268,1,0.3,0.7317,31,0
IWM191108P159,2019-11-07,2019-11-07 09:30:39,0.46,1.1219,30,0.28,0.6829,74,0.38,0.9268,1,0.37,0.9024,31,0
IWM191108P159,2019-11-07,2019-11-07 09:30:40,0.35,0.8536,153,0.31,0.756,38,0.38,0.9268,1,0.33,0.8048,31,0
IWM191108P159,2019-11-07,2019-11-07 09:30:40,0.35,0.8536,269,0.31,0.756,285,0.38,0.9268,1,0.33,0.8048,31,0
IWM191108P159,2019-11-07,2019-11-07 09:30:41,0.34,0.8292,239,0.31,0.756,78,0.38,0.9268,1,0.325,0.7926,31,0
IWM191108P159,2019-11-07,2019-11-07 09:30:41,0.35,0.8536,269,0.31,0.756,260,0.38,0.9268,1,0.33,0.8048,31,0
IWM191108P159,2019-11-07,2019-11-07 09:30:42,0.34,0.8292,269,0.31,0.756,78,0.38,0.9268,1,0.325,0.7926,31,0
IWM191108P159,2019-11-07,2019-11-07 09:30:42,0.34,0.8292,371,0.31,0.756,78,0.38,0.9268,1,0.325,0.7926,31,0
IWM191108P159,2019-11-07,2019-11-07 09:30:43,0.34,0.8292,415,0.31,0.756,78,0.38,0.9268,1,0.325,0.7926,31,0
IWM191108P159,2019-11-07,2019-11-07 09:30:44,0.34,0.8292,405,0.31,0.756,78,0.38,0.9268,1,0.325,0.7926,31,0
IWM191108P159,2019-11-07,2019-11-07 09:30:45,0.34,0.8292,416,0.31,0.756,20,0.38,0.9268,1,0.325,0.7926,31,0
IWM191108P159,2019-11-07,2019-11-07 09:30:46,0.34,0.8292,440,0.31,0.756,30,0.38,0.9268,1,0.325,0.7926,31,0
IWM191108P159,2019-11-07,2019-11-07 09:30:47,0.34,0.8292,416,0.31,0.756,30,0.38,0.9268,1,0.325,0.7926,31,0
IWM191108P159,2019-11-07,2019-11-07 09:30:47,0.34,0.8292,440,0.31,0.756,30,0.38,0.9268,1,0.325,0.7926,31,0
IWM191108P159,2019-11-07,2019-11-07 09:30:48,0.34,0.8292,416,0.31,0.756,30,0.38,0.9268,1,0.325,0.7926,31,0
IWM191108P159,2019-11-07,2019-11-07 09:30:48,0.34,0.8292,661,0.31,0.756,30,0.38,0.9268,1,0.325,0.7926,31,0
IWM191108P159,2019-11-07,2019-11-07 09:30:49,0.34,0.8292,661,0.31,0.756,30,0.38,0.9268,1,0.325,0.7926,31,0
IWM191108P159,2019-11-07,2019-11-07 09:30:49,0.34,0.8292,453,0.31,0.756,30,0.38,0.9268,1,0.325,0.7926,31,0
IWM191108P159,2019-11-07,2019-11-07 09:30:50,0.34,0.8292,200,0.31,0.756,46,0.38,0.9268,1,0.325,0.7926,31,0
IWM191108P159,2019-11-07,2019-11-07 09:30:50,0.35,0.8536,151,0.32,0.7804,180,0.38,0.9268,1,0.335,0.817,31,0
IWM191108P159,2019-11-07,2019-11-07 09:30:51,0.35,0.8536,151,0.32,0.7804,287,0.38,0.9268,1,0.335,0.817,31,0
IWM191108P159,2019-11-07,2019-11-07 09:30:52,0.35,0.8536,150,0.33,0.8048,61,0.38,0.9268,1,0.34,0.8292,31,0
IWM191108P159,2019-11-07,2019-11-07 09:30:53,0.35,0.8536,119,0.33,0.8048,197,0.38,0.9268,1,0.34,0.8292,31,0
IWM191108P159,2019-11-07,2019-11-07 09:30:53,0.35,0.8536,119,0.33,0.8048,150,0.38,0.9268,1,0.34,0.8292,31,0
IWM191108P159,2019-11-07,2019-11-07 09:30:54,0.35,0.8536,77,0.33,0.8048,161,0.38,0.9268,1,0.34,0.8292,31,0
IWM191108P159,2019-11-07,2019-11-07 09:30:54,0.35,0.8536,178,0.33,0.8048,55,0.38,0.9268,1,0.34,0.8292,31,0
IWM191108P159,2019-11-07,2019-11-07 09:30:55,0.35,0.8536,194,0.33,0.8048,55,0.38,0.9268,1,0.34,0.8292,31,0
IWM191108P159,2019-11-07,2019-11-07 09:30:56,0.35,0.8536,60,0.33,0.8048,103,0.38,0.9268,1,0.34,0.8292,31,0
IWM191108P159,2019-11-07,2019-11-07 09:30:56,0.36,0.878,87,0.34,0.8292,33,0.38,0.9268,1,0.35,0.8536,31,0
IWM191108P159,2019-11-07,2019-11-07 09:30:57,0.36,0.878,113,0.34,0.8292,98,0.38,0.9268,1,0.35,0.8536,31,0
IWM191108P159,2019-11-07,2019-11-07 09:30:57,0.36,0.878,113,0.34,0.8292,107,0.38,0.9268,1,0.35,0.8536,31,0
IWM191108P159,2019-11-07,2019-11-07 09:30:58,0.36,0.878,44,0.34,0.8292,300,0.38,0.9268,1,0.35,0.8536,31,0
IWM191108P159,2019-11-07,2019-11-07 09:30:58,0.36,0.878,113,0.34,0.8292,119,0.38,0.9268,1,0.35,0.8536,31,0
IWM191108P159,2019-11-07,2019-11-07 09:30:59,0.36,0.878,216,0.34,0.8292,10,0.38,0.9268,1,0.35,0.8536,31,0
IWM191108P159,2019-11-07,2019-11-07 09:30:59,0.36,0.878,281,0.34,0.8292,20,0.38,0.9268,1,0.35,0.8536,31,0
IWM191108P159,2019-11-07,2019-11-07 09:31:00,0.36,0.878,172,0.34,0.8292,30,0.38,0.9268,1,0.35,0.8536,31,0
IWM191108P159,2019-11-07,2019-11-07 09:31:00,0.38,0.9268,125,0.34,0.8292,49,0.38,0.9268,1,0.36,0.878,31,0
IWM191108P159,2019-11-07,2019-11-07 09:31:01,0.37,0.9024,312,0.34,0.8292,26,0.38,0.9268,1,0.355,0.8658,31,0
IWM191108P159,2019-11-07,2019-11-07 09:31:01,0.38,0.9268,578,0.34,0.8292,68,0.38,0.9268,1,0.36,0.878,31,0
IWM191108P159,2019-11-07,2019-11-07 09:31:02,0.37,0.9024,515,0.33,0.8048,83,0.38,0.9268,1,0.35,0.8536,31,0
IWM191108P159,2019-11-07,2019-11-07 09:31:02,0.37,0.9024,567,0.33,0.8048,176,0.38,0.9268,1,0.35,0.8536,31,0
IWM191108P159,2019-11-07,2019-11-07 09:31:03,0.37,0.9024,763,0.33,0.8048,177,0.38,0.9268,1,0.35,0.8536,31,0
IWM191108P159,2019-11-07,2019-11-07 09:31:03,0.37,0.9024,807,0.33,0.8048,178,0.38,0.9268,1,0.35,0.8536,31,0
IWM191108P159,2019-11-07,2019-11-07 09:31:04,0.36,0.878,353,0.32,0.7804,400,0.38,0.9268,1,0.34,0.8292,31,0
IWM191108P159,2019-11-07,2019-11-07 09:31:04,0.36,0.878,150,0.33,0.8048,104,0.38,0.9268,1,0.345,0.8414,31,0
IWM191108P159,2019-11-07,2019-11-07 09:31:05,0.35,0.8536,1,0.32,0.7804,459,0.38,0.9268,1,0.335,0.817,61,30
IWM191108P159,2019-11-07,2019-11-07 09:31:06,0.35,0.8536,34,0.32,0.7804,541,0.35,0.8536,30,0.335,0.817,61,0
IWM191108P159,2019-11-07,2019-11-07 09:31:06,0.35,0.8536,34,0.32,0.7804,626,0.35,0.8536,30,0.335,0.817,61,0
IWM191108P159,2019-11-07,2019-11-07 09:31:07,0.35,0.8536,10,0.31,0.756,21,0.35,0.8536,30,0.33,0.8048,61,0
IWM191108P159,2019-11-07,2019-11-07 09:31:07,0.35,0.8536,34,0.32,0.7804,626,0.35,0.8536,30,0.335,0.817,61,0
IWM191108P159,2019-11-07,2019-11-07 09:31:08,0.35,0.8536,515,0.31,0.756,201,0.35,0.8536,30,0.33,0.8048,61,0
IWM191108P159,2019-11-07,2019-11-07 09:31:08,0.35,0.8536,515,0.31,0.756,309,0.35,0.8536,30,0.33,0.8048,61,0
IWM191108P159,2019-11-07,2019-11-07 09:31:09,0.35,0.8536,429,0.31,0.756,206,0.35,0.8536,30,0.33,0.8048,61,0
IWM191108P159,2019-11-07,2019-11-07 09:31:09,0.34,0.8292,494,0.31,0.756,20,0.35,0.8536,30,0.325,0.7926,61,0
IWM191108P159,2019-11-07,2019-11-07 09:31:10,0.34,0.8292,453,0.3,0.7317,410,0.35,0.8536,30,0.32,0.7804,61,0
IWM191108P159,2019-11-07,2019-11-07 09:31:10,0.34,0.8292,514,0.3,0.7317,305,0.35,0.8536,30,0.32,0.7804,61,0
IWM191108P159,2019-11-07,2019-11-07 09:31:11,0.34,0.8292,526,0.3,0.7317,410,0.35,0.8536,30,0.32,0.7804,61,0
IWM191108P159,2019-11-07,2019-11-07 09:31:12,0.34,0.8292,516,0.3,0.7317,471,0.35,0.8536,30,0.32,0.7804,61,0
IWM191108P159,2019-11-07,2019-11-07 09:31:13,0.34,0.8292,453,0.3,0.7317,612,0.35,0.8536,30,0.32,0.7804,61,0
IWM191108P159,2019-11-07,2019-11-07 09:31:13,0.34,0.8292,526,0.3,0.7317,471,0.35,0.8536,30,0.32,0.7804,61,0
IWM191108P159,2019-11-07,2019-11-07 09:31:14,0.34,0.8292,453,0.31,0.756,94,0.35,0.8536,30,0.325,0.7926,61,0
IWM191108P159,2019-11-07,2019-11-07 09:31:15,0.34,0.8292,680,0.31,0.756,74,0.35,0.8536,30,0.325,0.7926,61,0
IWM191108P159,2019-11-07,2019-11-07 09:31:15,0.34,0.8292,680,0.31,0.756,77,0.35,0.8536,30,0.325,0.7926,61,0
IWM191108P159,2019-11-07,2019-11-07 09:31:16,0.33,0.8048,298,0.3,0.7317,209,0.35,0.8536,30,0.315,0.7682,61,0
IWM191108P159,2019-11-07,2019-11-07 09:31:16,0.33,0.8048,382,0.3,0.7317,192,0.35,0.8536,30,0.315,0.7682,61,0
IWM191108P159,2019-11-07,2019-11-07 09:31:17,0.33,0.8048,298,0.3,0.7317,225,0.35,0.8536,30,0.315,0.7682,61,0
IWM191108P159,2019-11-07,2019-11-07 09:31:17,0.33,0.8048,298,0.3,0.7317,227,0.35,0.8536,30,0.315,0.7682,61,0
IWM191108P159,2019-11-07,2019-11-07 09:31:18,0.33,0.8048,227,0.3,0.7317,202,0.35,0.8536,30,0.315,0.7682,61,0
IWM191108P159,2019-11-07,2019-11-07 09:31:18,0.33,0.8048,389,0.3,0.7317,563,0.35,0.8536,30,0.315,0.7682,61,0
IWM191108P159,2019-11-07,2019-11-07 09:31:19,0.33,0.8048,162,0.3,0.7317,595,0.35,0.8536,30,0.315,0.7682,61,0
IWM191108P159,2019-11-07,2019-11-07 09:31:19,0.33,0.8048,169,0.3,0.7317,809,0.35,0.8536,30,0.315,0.7682,61,0
IWM191108P159,2019-11-07,2019-11-07 09:31:20,0.33,0.8048,78,0.3,0.7317,595,0.35,0.8536,30,0.315,0.7682,61,0
IWM191108P159,2019-11-07,2019-11-07 09:31:20,0.33,0.8048,78,0.3,0.7317,682,0.35,0.8536,30,0.315,0.7682,61,0
IWM191108P159,2019-11-07,2019-11-07 09:31:21,0.33,0.8048,91,0.3,0.7317,620,0.35,0.8536,30,0.315,0.7682,61,0
IWM191108P159,2019-11-07,2019-11-07 09:31:22,0.33,0.8048,91,0.31,0.756,79,0.35,0.8536,30,0.32,0.7804,61,0
IWM191108P159,2019-11-07,2019-11-07 09:31:22,0.34,0.8292,171,0.31,0.756,79,0.35,0.8536,30,0.325,0.7926,61,0
IWM191108P159,2019-11-07,2019-11-07 09:31:23,0.34,0.8292,434,0.31,0.756,464,0.35,0.8536,30,0.325,0.7926,61,0
IWM191108P159,2019-11-07,2019-11-07 09:31:23,0.34,0.8292,329,0.31,0.756,471,0.35,0.8536,30,0.325,0.7926,61,0
IWM191108P159,2019-11-07,2019-11-07 09:31:24,0.34,0.8292,487,0.31,0.756,84,0.35,0.8536,30,0.325,0.7926,61,0
IWM191108P159,2019-11-07,2019-11-07 09:31:24,0.34,0.8292,480,0.31,0.756,60,0.35,0.8536,30,0.325,0.7926,61,0
IWM191108P159,2019-11-07,2019-11-07 09:31:25,0.34,0.8292,513,0.31,0.756,86,0.35,0.8536,30,0.325,0.7926,61,0
IWM191108P159,2019-11-07,2019-11-07 09:31:25,0.34,0.8292,523,0.31,0.756,141,0.35,0.8536,30,0.325,0.7926,61,0
IWM191108P159,2019-11-07,2019-11-07 09:31:26,0.34,0.8292,480,0.31,0.756,211,0.35,0.8536,30,0.325,0.7926,61,0
IWM191108P159,2019-11-07,2019-11-07 09:31:27,0.34,0.8292,471,0.31,0.756,201,0.35,0.8536,30,0.325,0.7926,61,0
IWM191108P159,2019-11-07,2019-11-07 09:31:27,0.34,0.8292,70,0.31,0.756,263,0.35,0.8536,30,0.325,0.7926,61,0
IWM191108P159,2019-11-07,2019-11-07 09:31:28,0.34,0.8292,75,0.32,0.7804,82,0.35,0.8536,30,0.33,0.8048,61,0
IWM191108P159,2019-11-07,2019-11-07 09:31:28,0.34,0.8292,70,0.32,0.7804,165,0.35,0.8536,30,0.33,0.8048,61,0
IWM191108P159,2019-11-07,2019-11-07 09:31:29,0.34,0.8292,311,0.32,0.7804,164,0.35,0.8536,30,0.33,0.8048,61,0
IWM191108P159,2019-11-07,2019-11-07 09:31:29,0.35,0.8536,439,0.32,0.7804,164,0.35,0.8536,30,0.335,0.817,61,0
IWM191108P159,2019-11-07,2019-11-07 09:31:30,0.34,0.8292,75,0.31,0.756,250,0.35,0.8536,30,0.325,0.7926,61,0
IWM191108P159,2019-11-07,2019-11-07 09:31:30,0.35,0.8536,449,0.32,0.7804,154,0.35,0.8536,30,0.335,0.817,61,0
IWM191108P159,2019-11-07,2019-11-07 09:31:31,0.34,0.8292,449,0.31,0.756,623,0.35,0.8536,30,0.325,0.7926,61,0
IWM191108P159,2019-11-07,2019-11-07 09:31:31,0.34,0.8292,658,0.31,0.756,423,0.35,0.8536,30,0.325,0.7926,61,0
IWM191108P159,2019-11-07,2019-11-07 09:31:32,0.34,0.8292,449,0.31,0.756,458,0.35,0.8536,30,0.325,0.7926,61,0
IWM191108P159,2019-11-07,2019-11-07 09:31:32,0.34,0.8292,433,0.31,0.756,223,0.35,0.8536,30,0.325,0.7926,61,0
IWM191108P159,2019-11-07,2019-11-07 09:31:33,0.34,0.8292,233,0.31,0.756,536,0.35,0.8536,30,0.325,0.7926,61,0
IWM191108P159,2019-11-07,2019-11-07 09:31:33,0.34,0.8292,462,0.31,0.756,574,0.35,0.8536,30,0.325,0.7926,61,0
IWM191108P159,2019-11-07,2019-11-07 09:31:34,0.34,0.8292,74,0.32,0.7804,129,0.35,0.8536,30,0.33,0.8048,61,0
IWM191108P159,2019-11-07,2019-11-07 09:31:34,0.35,0.8536,567,0.32,0.7804,327,0.35,0.8536,30,0.335,0.817,61,0
IWM191108P159,2019-11-07,2019-11-07 09:31:35,0.35,0.8536,477,0.32,0.7804,375,0.35,0.8536,30,0.335,0.817,61,0
IWM191108P159,2019-11-07,2019-11-07 09:31:35,0.35,0.8536,477,0.31,0.756,186,0.35,0.8536,30,0.33,0.8048,61,0
IWM191108P159,2019-11-07,2019-11-07 09:31:36,0.34,0.8292,399,0.31,0.756,163,0.35,0.8536,30,0.325,0.7926,61,0
IWM191108P159,2019-11-07,2019-11-07 09:31:36,0.34,0.8292,399,0.31,0.756,329,0.35,0.8536,30,0.325,0.7926,61,0
IWM191108P159,2019-11-07,2019-11-07 09:31:37,0.35,0.8536,224,0.32,0.7804,252,0.35,0.8536,30,0.335,0.817,61,0
IWM191108P159,2019-11-07,2019-11-07 09:31:37,0.35,0.8536,416,0.33,0.8048,180,0.35,0.8536,30,0.34,0.8292,61,0
IWM191108P159,2019-11-07,2019-11-07 09:31:38,0.36,0.878,401,0.33,0.8048,344,0.35,0.8536,30,0.345,0.8414,61,0
IWM191108P159,2019-11-07,2019-11-07 09:31:38,0.36,0.878,200,0.33,0.8048,24,0.35,0.8536,30,0.345,0.8414,61,0
IWM191108P159,2019-11-07,2019-11-07 09:31:39,0.35,0.8536,97,0.33,0.8048,201,0.35,0.8536,30,0.34,0.8292,61,0
IWM191108P159,2019-11-07,2019-11-07 09:31:39,0.36,0.878,374,0.33,0.8048,155,0.35,0.8536,30,0.345,0.8414,61,0
IWM191108P159,2019-11-07,2019-11-07 09:31:40,0.36,0.878,153,0.33,0.8048,216,0.35,0.8536,30,0.345,0.8414,61,0
IWM191108P159,2019-11-07,2019-11-07 09:31:41,0.36,0.878,400,0.33,0.8048,39,0.35,0.8536,30,0.345,0.8414,61,0
IWM191108P159,2019-11-07,2019-11-07 09:31:41,0.36,0.878,400,0.33,0.8048,423,0.35,0.8536,30,0.345,0.8414,61,0
IWM191108P159,2019-11-07,2019-11-07 09:31:42,0.35,0.8536,315,0.32,0.7804,204,0.35,0.8536,30,0.335,0.817,61,0
IWM191108P159,2019-11-07,2019-11-07 09:31:42,0.35,0.8536,389,0.32,0.7804,204,0.35,0.8536,30,0.335,0.817,61,0
IWM191108P159,2019-11-07,2019-11-07 09:31:43,0.35,0.8536,200,0.32,0.7804,391,0.35,0.8536,30,0.335,0.817,61,0
IWM191108P159,2019-11-07,2019-11-07 09:31:43,0.35,0.8536,389,0.32,0.7804,345,0.35,0.8536,30,0.335,0.817,61,0
IWM191108P159,2019-11-07,2019-11-07 09:31:44,0.35,0.8536,75,0.33,0.8048,144,0.35,0.8536,30,0.34,0.8292,61,0
IWM191108P159,2019-11-07,2019-11-07 09:31:44,0.35,0.8536,277,0.33,0.8048,132,0.35,0.8536,30,0.34,0.8292,61,0
IWM191108P159,2019-11-07,2019-11-07 09:31:45,0.35,0.8536,277,0.33,0.8048,132,0.35,0.8536,30,0.34,0.8292,61,0
IWM191108P159,2019-11-07,2019-11-07 09:31:45,0.35,0.8536,330,0.33,0.8048,299,0.35,0.8536,30,0.34,0.8292,61,0
IWM191108P159,2019-11-07,2019-11-07 09:31:46,0.35,0.8536,373,0.33,0.8048,31,0.35,0.8536,30,0.34,0.8292,61,0
IWM191108P159,2019-11-07,2019-11-07 09:31:46,0.35,0.8536,373,0.33,0.8048,34,0.35,0.8536,30,0.34,0.8292,61,0
IWM191108P159,2019-11-07,2019-11-07 09:31:47,0.35,0.8536,330,0.33,0.8048,88,0.35,0.8536,30,0.34,0.8292,61,0
IWM191108P159,2019-11-07,2019-11-07 09:31:47,0.35,0.8536,330,0.33,0.8048,126,0.35,0.8536,30,0.34,0.8292,61,0
IWM191108P159,2019-11-07,2019-11-07 09:31:48,0.35,0.8536,330,0.33,0.8048,126,0.35,0.8536,30,0.34,0.8292,61,0
IWM191108P159,2019-11-07,2019-11-07 09:31:48,0.35,0.8536,373,0.33,0.8048,32,0.35,0.8536,30,0.34,0.8292,61,0
IWM191108P159,2019-11-07,2019-11-07 09:31:49,0.35,0.8536,330,0.33,0.8048,252,0.35,0.8536,30,0.34,0.8292,61,0
IWM191108P159,2019-11-07,2019-11-07 09:31:50,0.35,0.8536,157,0.33,0.8048,477,0.35,0.8536,30,0.34,0.8292,61,0
IWM191108P159,2019-11-07,2019-11-07 09:31:51,0.36,0.878,113,0.34,0.8292,191,0.35,0.8536,30,0.35,0.8536,61,0
IWM191108P159,2019-11-07,2019-11-07 09:31:51,0.36,0.878,423,0.34,0.8292,83,0.35,0.8536,30,0.35,0.8536,61,0
IWM191108P159,2019-11-07,2019-11-07 09:31:52,0.36,0.878,212,0.34,0.8292,167,0.35,0.8536,30,0.35,0.8536,61,0
IWM191108P159,2019-11-07,2019-11-07 09:31:52,0.37,0.9024,442,0.35,0.8536,20,0.35,0.8536,30,0.36,0.878,61,0
IWM191108P159,2019-11-07,2019-11-07 09:31:53,0.35,0.8536,177,0.34,0.8292,30,0.35,0.8536,30,0.345,0.8414,91,30
IWM191108P159,2019-11-07,2019-11-07 09:31:53,0.36,0.878,377,0.34,0.8292,39,0.35,0.8536,30,0.35,0.8536,61,0
IWM191108P159,2019-11-07,2019-11-07 09:31:54,0.35,0.8536,37,0.33,0.8048,107,0.35,0.8536,30,0.34,0.8292,91,0
IWM191108P159,2019-11-07,2019-11-07 09:31:54,0.35,0.8536,1,0.33,0.8048,601,0.35,0.8536,30,0.34,0.8292,91,0
IWM191108P159,2019-11-07,2019-11-07 09:31:55,0.35,0.8536,98,0.33,0.8048,491,0.35,0.8536,30,0.34,0.8292,91,0
IWM191108P159,2019-11-07,2019-11-07 09:31:55,0.35,0.8536,237,0.33,0.8048,564,0.35,0.8536,30,0.34,0.8292,91,0
IWM191108P159,2019-11-07,2019-11-07 09:31:56,0.36,0.878,287,0.33,0.8048,623,0.35,0.8536,30,0.345,0.8414,91,0
IWM191108P159,2019-11-07,2019-11-07 09:31:56,0.36,0.878,480,0.33,0.8048,636,0.35,0.8536,30,0.345,0.8414,91,0
IWM191108P159,2019-11-07,2019-11-07 09:31:57,0.36,0.878,390,0.33,0.8048,636,0.35,0.8536,30,0.345,0.8414,91,0
IWM191108P159,2019-11-07,2019-11-07 09:31:57,0.36,0.878,390,0.33,0.8048,495,0.35,0.8536,30,0.345,0.8414,91,0
IWM191108P159,2019-11-07,2019-11-07 09:31:58,0.36,0.878,306,0.34,0.8292,202,0.35,0.8536,30,0.35,0.8536,91,0
IWM191108P159,2019-11-07,2019-11-07 09:31:58,0.36,0.878,136,0.34,0.8292,252,0.35,0.8536,30,0.35,0.8536,91,0
IWM191108P159,2019-11-07,2019-11-07 09:31:59,0.36,0.878,306,0.34,0.8292,20,0.35,0.8536,30,0.35,0.8536,91,0
IWM191108P159,2019-11-07,2019-11-07 09:31:59,0.36,0.878,136,0.34,0.8292,397,0.35,0.8536,30,0.35,0.8536,91,0
IWM191108P159,2019-11-07,2019-11-07 09:32:00,0.36,0.878,10,0.34,0.8292,190,0.35,0.8536,30,0.35,0.8536,91,0
IWM191108P159,2019-11-07,2019-11-07 09:32:00,0.35,0.8536,114,0.32,0.7804,110,0.35,0.8536,30,0.335,0.817,91,0
IWM191108P159,2019-11-07,2019-11-07 09:32:01,0.35,0.8536,433,0.32,0.7804,55,0.35,0.8536,30,0.335,0.817,91,0
IWM191108P159,2019-11-07,2019-11-07 09:32:01,0.34,0.8292,76,0.32,0.7804,21,0.35,0.8536,30,0.33,0.8048,91,0
IWM191108P159,2019-11-07,2019-11-07 09:32:02,0.34,0.8292,209,0.32,0.7804,21,0.35,0.8536,30,0.33,0.8048,91,0
IWM191108P159,2019-11-07,2019-11-07 09:32:03,0.34,0.8292,209,0.32,0.7804,21,0.35,0.8536,30,0.33,0.8048,91,0
IWM191108P159,2019-11-07,2019-11-07 09:32:04,0.34,0.8292,200,0.32,0.7804,326,0.35,0.8536,30,0.33,0.8048,91,0
IWM191108P159,2019-11-07,2019-11-07 09:32:04,0.34,0.8292,344,0.32,0.7804,221,0.35,0.8536,30,0.33,0.8048,91,0
IWM191108P159,2019-11-07,2019-11-07 09:32:05,0.35,0.8536,95,0.33,0.8048,94,0.35,0.8536,30,0.34,0.8292,91,0
IWM191108P159,2019-11-07,2019-11-07 09:32:05,0.35,0.8536,87,0.33,0.8048,234,0.35,0.8536,30,0.34,0.8292,91,0
IWM191108P159,2019-11-07,2019-11-07 09:32:06,0.35,0.8536,515,0.33,0.8048,200,0.35,0.8536,30,0.34,0.8292,91,0
IWM191108P159,2019-11-07,2019-11-07 09:32:06,0.35,0.8536,99,0.33,0.8048,248,0.35,0.8536,30,0.34,0.8292,91,0
IWM191108P159,2019-11-07,2019-11-07 09:32:07,0.34,0.8292,23,0.32,0.7804,429,0.35,0.8536,30,0.33,0.8048,91,0
IWM191108P159,2019-11-07,2019-11-07 09:32:07,0.34,0.8292,23,0.33,0.8048,200,0.35,0.8536,30,0.335,0.817,91,0
IWM191108P159,2019-11-07,2019-11-07 09:32:08,0.34,0.8292,23,0.32,0.7804,548,0.35,0.8536,30,0.33,0.8048,91,0
IWM191108P159,2019-11-07,2019-11-07 09:32:09,0.35,0.8536,78,0.33,0.8048,50,0.35,0.8536,30,0.34,0.8292,91,0
IWM191108P159,2019-11-07,2019-11-07 09:32:09,0.34,0.8292,23,0.32,0.7804,548,0.35,0.8536,30,0.33,0.8048,91,0
IWM191108P159,2019-11-07,2019-11-07 09:32:10,0.35,0.8536,39,0.34,0.8292,80,0.35,0.8536,30,0.345,0.8414,91,0
IWM191108P159,2019-11-07,2019-11-07 09:32:10,0.36,0.878,15,0.34,0.8292,335,0.35,0.8536,30,0.35,0.8536,91,0
IWM191108P159,2019-11-07,2019-11-07 09:32:11,0.37,0.9024,399,0.35,0.8536,55,0.35,0.8536,30,0.36,0.878,91,0
IWM191108P159,2019-11-07,2019-11-07 09:32:11,0.36,0.878,16,0.34,0.8292,471,0.35,0.8536,30,0.35,0.8536,91,0
IWM191108P159,2019-11-07,2019-11-07 09:32:12,0.36,0.878,3,0.35,0.8536,92,0.35,0.8536,30,0.355,0.8658,91,0
IWM191108P159,2019-11-07,2019-11-07 09:32:13,0.36,0.878,154,0.34,0.8292,30,0.35,0.8536,30,0.35,0.8536,91,0
IWM191108P159,2019-11-07,2019-11-07 09:32:13,0.36,0.878,373,0.33,0.8048,275,0.35,0.8536,30,0.345,0.8414,91,0
IWM191108P159,2019-11-07,2019-11-07 09:32:14,0.36,0.878,373,0.33,0.8048,316,0.35,0.8536,30,0.345,0.8414,91,0
IWM191108P159,2019-11-07,2019-11-07 09:32:14,0.36,0.878,507,0.33,0.8048,520,0.35,0.8536,30,0.345,0.8414,91,0
IWM191108P159,2019-11-07,2019-11-07 09:32:15,0.35,0.8536,77,0.33,0.8048,334,0.35,0.8536,30,0.34,0.8292,91,0
IWM191108P159,2019-11-07,2019-11-07 09:32:15,0.36,0.878,165,0.34,0.8292,32,0.35,0.8536,30,0.35,0.8536,91,0
IWM191108P159,2019-11-07,2019-11-07 09:32:16,0.36,0.878,336,0.34,0.8292,20,0.35,0.8536,30,0.35,0.8536,91,0
IWM191108P159,2019-11-07,2019-11-07 09:32:16,0.36,0.878,400,0.34,0.8292,10,0.35,0.8536,30,0.35,0.8536,91,0
IWM191108P159,2019-11-07,2019-11-07 09:32:17,0.36,0.878,90,0.34,0.8292,139,0.35,0.8536,30,0.35,0.8536,91,0
IWM191108P159,2019-11-07,2019-11-07 09:32:17,0.36,0.878,336,0.33,0.8048,544,0.35,0.8536,30,0.345,0.8414,91,0
IWM191108P159,2019-11-07,2019-11-07 09:32:18,0.36,0.878,138,0.34,0.8292,139,0.35,0.8536,30,0.35,0.8536,91,0
IWM191108P159,2019-11-07,2019-11-07 09:32:19,0.36,0.878,331,0.34,0.8292,156,0.35,0.8536,30,0.35,0.8536,91,0
IWM191108P159,2019-11-07,2019-11-07 09:32:20,0.36,0.878,138,0.34,0.8292,364,0.35,0.8536,30,0.35,0.8536,91,0
IWM191108P159,2019-11-07,2019-11-07 09:32:20,0.36,0.878,138,0.34,0.8292,201,0.35,0.8536,30,0.35,0.8536,91,0
IWM191108P159,2019-11-07,2019-11-07 09:32:21,0.37,0.9024,353,0.35,0.8536,64,0.35,0.8536,30,0.36,0.878,91,0
IWM191108P159,2019-11-07,2019-11-07 09:32:21,0.37,0.9024,415,0.35,0.8536,398,0.35,0.8536,30,0.36,0.878,91,0
IWM191108P159,2019-11-07,2019-11-07 09:32:22,0.37,0.9024,22,0.35,0.8536,602,0.35,0.8536,30,0.36,0.878,91,0
IWM191108P159,2019-11-07,2019-11-07 09:32:22,0.37,0.9024,14,0.35,0.8536,602,0.35,0.8536,30,0.36,0.878,91,0
IWM191108P159,2019-11-07,2019-11-07 09:32:23,0.36,0.878,23,0.35,0.8536,83,0.35,0.8536,30,0.355,0.8658,91,0
IWM191108P159,2019-11-07,2019-11-07 09:32:23,0.36,0.878,17,0.35,0.8536,602,0.35,0.8536,30,0.355,0.8658,91,0
IWM191108P159,2019-11-07,2019-11-07 09:32:24,0.36,0.878,23,0.34,0.8292,417,0.35,0.8536,30,0.35,0.8536,91,0
IWM191108P159,2019-11-07,2019-11-07 09:32:24,0.36,0.878,23,0.34,0.8292,487,0.35,0.8536,30,0.35,0.8536,91,0
IWM191108P159,2019-11-07,2019-11-07 09:32:25,0.36,0.878,23,0.34,0.8292,606,0.35,0.8536,30,0.35,0.8536,91,0
IWM191108P159,2019-11-07,2019-11-07 09:32:25,0.36,0.878,23,0.34,0.8292,406,0.35,0.8536,30,0.35,0.8536,91,0
IWM191108P159,2019-11-07,2019-11-07 09:32:26,0.36,0.878,118,0.34,0.8292,406,0.35,0.8536,30,0.35,0.8536,91,0
IWM191108P159,2019-11-07,2019-11-07 09:32:26,0.36,0.878,118,0.34,0.8292,487,0.35,0.8536,30,0.35,0.8536,91,0
IWM191108P159,2019-11-07,2019-11-07 09:32:27,0.36,0.878,101,0.34,0.8292,287,0.35,0.8536,30,0.35,0.8536,91,0
IWM191108P159,2019-11-07,2019-11-07 09:32:27,0.36,0.878,55,0.34,0.8292,586,0.35,0.8536,30,0.35,0.8536,91,0
IWM191108P159,2019-11-07,2019-11-07 09:32:28,0.36,0.878,301,0.34,0.8292,287,0.35,0.8536,30,0.35,0.8536,91,0
IWM191108P159,2019-11-07,2019-11-07 09:32:29,0.36,0.878,46,0.34,0.8292,606,0.35,0.8536,30,0.35,0.8536,91,0
IWM191108P159,2019-11-07,2019-11-07 09:32:29,0.36,0.878,301,0.34,0.8292,406,0.35,0.8536,30,0.35,0.8536,91,0
IWM191108P159,2019-11-07,2019-11-07 09:32:30,0.36,0.878,10,0.34,0.8292,619,0.35,0.8536,30,0.35,0.8536,91,0
IWM191108P159,2019-11-07,2019-11-07 09:32:31,0.36,0.878,10,0.34,0.8292,599,0.35,0.8536,30,0.35,0.8536,91,0
IWM191108P159,2019-11-07,2019-11-07 09:32:31,0.36,0.878,1,0.34,0.8292,635,0.35,0.8536,30,0.35,0.8536,91,0
IWM191108P159,2019-11-07,2019-11-07 09:32:32,0.36,0.878,10,0.35,0.8536,27,0.35,0.8536,30,0.355,0.8658,91,0
IWM191108P159,2019-11-07,2019-11-07 09:32:33,0.37,0.9024,560,0.35,0.8536,27,0.35,0.8536,30,0.36,0.878,91,0
IWM191108P159,2019-11-07,2019-11-07 09:32:33,0.37,0.9024,482,0.35,0.8536,48,0.35,0.8536,30,0.36,0.878,91,0
IWM191108P159,2019-11-07,2019-11-07 09:32:34,0.36,0.878,90,0.34,0.8292,30,0.35,0.8536,30,0.35,0.8536,91,0
IWM191108P159,2019-11-07,2019-11-07 09:32:34,0.36,0.878,383,0.34,0.8292,10,0.35,0.8536,30,0.35,0.8536,91,0
IWM191108P159,2019-11-07,2019-11-07 09:32:35,0.35,0.8536,75,0.34,0.8292,5,0.35,0.8536,30,0.345,0.8414,91,0
IWM191108P159,2019-11-07,2019-11-07 09:32:35,0.36,0.878,398,0.34,0.8292,5,0.35,0.8536,30,0.35,0.8536,91,0
IWM191108P159,2019-11-07,2019-11-07 09:32:36,0.35,0.8536,434,0.32,0.7804,188,0.35,0.8536,30,0.335,0.817,91,0
IWM191108P159,2019-11-07,2019-11-07 09:32:36,0.35,0.8536,320,0.33,0.8048,59,0.35,0.8536,30,0.34,0.8292,91,0
IWM191108P159,2019-11-07,2019-11-07 09:32:37,0.34,0.8292,443,0.32,0.7804,313,0.35,0.8536,30,0.33,0.8048,91,0
IWM191108P159,2019-11-07,2019-11-07 09:32:37,0.34,0.8292,382,0.32,0.7804,313,0.35,0.8536,30,0.33,0.8048,91,0
IWM191108P159,2019-11-07,2019-11-07 09:32:38,0.34,0.8292,274,0.32,0.7804,98,0.35,0.8536,30,0.33,0.8048,91,0
IWM191108P159,2019-11-07,2019-11-07 09:32:38,0.33,0.8048,23,0.32,0.7804,6,0.35,0.8536,30,0.325,0.7926,91,0
IWM191108P159,2019-11-07,2019-11-07 09:32:39,0.34,0.8292,314,0.32,0.7804,59,0.35,0.8536,30,0.33,0.8048,91,0
IWM191108P159,2019-11-07,2019-11-07 09:32:39,0.34,0.8292,313,0.32,0.7804,54,0.35,0.8536,30,0.33,0.8048,91,0
IWM191108P159,2019-11-07,2019-11-07 09:32:40,0.34,0.8292,320,0.32,0.7804,67,0.35,0.8536,30,0.33,0.8048,91,0
IWM191108P159,2019-11-07,2019-11-07 09:32:40,0.34,0.8292,188,0.32,0.7804,58,0.35,0.8536,30,0.33,0.8048,91,0
IWM191108P159,2019-11-07,2019-11-07 09:32:41,0.34,0.8292,320,0.32,0.7804,37,0.35,0.8536,30,0.33,0.8048,91,0
IWM191108P159,2019-11-07,2019-11-07 09:32:41,0.34,0.8292,320,0.33,0.8048,8,0.35,0.8536,30,0.335,0.817,91,0
IWM191108P159,2019-11-07,2019-11-07 09:32:42,0.34,0.8292,143,0.33,0.8048,8,0.35,0.8536,30,0.335,0.817,91,0
IWM191108P159,2019-11-07,2019-11-07 09:32:42,0.34,0.8292,143,0.32,0.7804,269,0.35,0.8536,30,0.33,0.8048,91,0
IWM191108P159,2019-11-07,2019-11-07 09:32:43,0.34,0.8292,23,0.33,0.8048,11,0.35,0.8536,30,0.335,0.817,91,0
IWM191108P159,2019-11-07,2019-11-07 09:32:43,0.35,0.8536,187,0.33,0.8048,31,0.35,0.8536,30,0.34,0.8292,91,0
IWM191108P159,2019-11-07,2019-11-07 09:32:44,0.35,0.8536,187,0.33,0.8048,480,0.35,0.8536,30,0.34,0.8292,91,0
IWM191108P159,2019-11-07,2019-11-07 09:32:44,0.35,0.8536,128,0.33,0.8048,623,0.35,0.8536,30,0.34,0.8292,91,0
IWM191108P159,2019-11-07,2019-11-07 09:32:45,0.35,0.8536,128,0.33,0.8048,623,0.35,0.8536,30,0.34,0.8292,91,0
IWM191108P159,2019-11-07,2019-11-07 09:32:45,0.35,0.8536,34,0.33,0.8048,623,0.35,0.8536,30,0.34,0.8292,91,0
IWM191108P159,2019-11-07,2019-11-07 09:32:46,0.35,0.8536,34,0.33,0.8048,367,0.35,0.8536,30,0.34,0.8292,91,0
IWM191108P159,2019-11-07,2019-11-07 09:32:47,0.35,0.8536,98,0.33,0.8048,367,0.35,0.8536,30,0.34,0.8292,91,0
IWM191108P159,2019-11-07,2019-11-07 09:32:47,0.35,0.8536,68,0.33,0.8048,367,0.35,0.8536,30,0.34,0.8292,91,0
IWM191108P159,2019-11-07,2019-11-07 09:32:48,0.35,0.8536,98,0.33,0.8048,587,0.35,0.8536,30,0.34,0.8292,91,0
IWM191108P159,2019-11-07,2019-11-07 09:32:48,0.35,0.8536,268,0.33,0.8048,387,0.35,0.8536,30,0.34,0.8292,91,0
IWM191108P159,2019-11-07,2019-11-07 09:32:49,0.35,0.8536,268,0.33,0.8048,387,0.35,0.8536,30,0.34,0.8292,91,0
IWM191108P159,2019-11-07,2019-11-07 09:32:49,0.35,0.8536,98,0.33,0.8048,587,0.35,0.8536,30,0.34,0.8292,91,0
IWM191108P159,2019-11-07,2019-11-07 09:32:50,0.35,0.8536,18,0.33,0.8048,387,0.35,0.8536,30,0.34,0.8292,91,0
IWM191108P159,2019-11-07,2019-11-07 09:32:50,0.35,0.8536,23,0.33,0.8048,387,0.35,0.8536,30,0.34,0.8292,91,0
IWM191108P159,2019-11-07,2019-11-07 09:32:51,0.36,0.878,326,0.34,0.8292,281,0.35,0.8536,30,0.35,0.8536,91,0
IWM191108P159,2019-11-07,2019-11-07 09:32:51,0.36,0.878,162,0.34,0.8292,90,0.35,0.8536,30,0.35,0.8536,91,0
IWM191108P159,2019-11-07,2019-11-07 09:32:52,0.35,0.8536,23,0.34,0.8292,20,0.35,0.8536,30,0.345,0.8414,91,0
IWM191108P159,2019-11-07,2019-11-07 09:32:52,0.36,0.878,326,0.34,0.8292,15,0.35,0.8536,30,0.35,0.8536,91,0
IWM191108P159,2019-11-07,2019-11-07 09:32:53,0.36,0.878,173,0.34,0.8292,20,0.35,0.8536,30,0.35,0.8536,91,0
IWM191108P159,2019-11-07,2019-11-07 09:32:53,0.35,0.8536,23,0.34,0.8292,20,0.35,0.8536,30,0.345,0.8414,91,0
IWM191108P159,2019-11-07,2019-11-07 09:32:54,0.36,0.878,388,0.34,0.8292,30,0.35,0.8536,30,0.35,0.8536,91,0
IWM191108P159,2019-11-07,2019-11-07 09:32:54,0.36,0.878,388,0.34,0.8292,52,0.35,0.8536,30,0.35,0.8536,91,0
IWM191108P159,2019-11-07,2019-11-07 09:32:55,0.36,0.878,388,0.34,0.8292,52,0.35,0.8536,30,0.35,0.8536,91,0
IWM191108P159,2019-11-07,2019-11-07 09:32:56,0.36,0.878,391,0.34,0.8292,86,0.35,0.8536,30,0.35,0.8536,91,0
IWM191108P159,2019-11-07,2019-11-07 09:32:56,0.36,0.878,391,0.34,0.8292,79,0.35,0.8536,30,0.35,0.8536,91,0
IWM191108P159,2019-11-07,2019-11-07 09:32:57,0.36,0.878,464,0.34,0.8292,87,0.35,0.8536,30,0.35,0.8536,91,0
IWM191108P159,2019-11-07,2019-11-07 09:32:58,0.35,0.8536,98,0.34,0.8292,20,0.35,0.8536,30,0.345,0.8414,91,0
IWM191108P159,2019-11-07,2019-11-07 09:32:59,0.35,0.8536,108,0.34,0.8292,11,0.35,0.8536,30,0.345,0.8414,91,0
IWM191108P159,2019-11-07,2019-11-07 09:33:00,0.35,0.8536,408,0.33,0.8048,36,0.35,0.8536,30,0.34,0.8292,91,0
IWM191108P159,2019-11-07,2019-11-07 09:33:01,0.34,0.8292,83,0.33,0.8048,10,0.35,0.8536,30,0.335,0.817,91,0
IWM191108P159,2019-11-07,2019-11-07 09:33:02,0.35,0.8536,352,0.33,0.8048,16,0.35,0.8536,30,0.34,0.8292,91,0
IWM191108P159,2019-11-07,2019-11-07 09:33:05,0.34,0.8292,260,0.32,0.7804,388,0.35,0.8536,30,0.33,0.8048,91,0
IWM191108P159,2019-11-07,2019-11-07 09:33:08,0.34,0.8292,486,0.32,0.7804,2,0.35,0.8536,30,0.33,0.8048,91,0
IWM191108P159,2019-11-07,2019-11-07 09:33:12,0.33,0.8048,33,0.31,0.756,529,0.35,0.8536,30,0.32,0.7804,91,0
IWM191108P159,2019-11-07,2019-11-07 09:33:13,0.33,0.8048,435,0.31,0.756,38,0.35,0.8536,30,0.32,0.7804,91,0
IWM191108P159,2019-11-07,2019-11-07 09:33:14,0.33,0.8048,435,0.31,0.756,232,0.35,0.8536,30,0.32,0.7804,91,0
IWM191108P159,2019-11-07,2019-11-07 09:33:14,0.33,0.8048,327,0.32,0.7804,5,0.35,0.8536,30,0.325,0.7926,91,0
IWM191108P159,2019-11-07,2019-11-07 09:33:15,0.33,0.8048,31,0.32,0.7804,5,0.35,0.8536,30,0.325,0.7926,91,0
IWM191108P159,2019-11-07,2019-11-07 09:33:17,0.33,0.8048,16,0.32,0.7804,5,0.35,0.8536,30,0.325,0.7926,91,0
IWM191108P159,2019-11-07,2019-11-07 09:33:17,0.33,0.8048,31,0.32,0.7804,5,0.35,0.8536,30,0.325,0.7926,91,0
IWM191108P159,2019-11-07,2019-11-07 09:33:18,0.34,0.8292,550,0.32,0.7804,11,0.35,0.8536,30,0.33,0.8048,91,0
IWM191108P159,2019-11-07,2019-11-07 09:33:18,0.34,0.8292,574,0.32,0.7804,10,0.35,0.8536,30,0.33,0.8048,91,0
IWM191108P159,2019-11-07,2019-11-07 09:33:19,0.34,0.8292,542,0.32,0.7804,1,0.35,0.8536,30,0.33,0.8048,91,0
IWM191108P159,2019-11-07,2019-11-07 09:33:19,0.34,0.8292,411,0.32,0.7804,1,0.35,0.8536,30,0.33,0.8048,91,0
IWM191108P159,2019-11-07,2019-11-07 09:33:20,0.34,0.8292,411,0.32,0.7804,1,0.35,0.8536,30,0.33,0.8048,91,0
IWM191108P159,2019-11-07,2019-11-07 09:33:20,0.34,0.8292,411,0.32,0.7804,107,0.35,0.8536,30,0.33,0.8048,91,0
IWM191108P159,2019-11-07,2019-11-07 09:33:21,0.34,0.8292,10,0.33,0.8048,12,0.35,0.8536,30,0.335,0.817,91,0
IWM191108P159,2019-11-07,2019-11-07 09:33:21,0.34,0.8292,20,0.33,0.8048,12,0.35,0.8536,30,0.335,0.817,91,0
IWM191108P159,2019-11-07,2019-11-07 09:33:22,0.34,0.8292,10,0.32,0.7804,420,0.35,0.8536,30,0.33,0.8048,91,0
IWM191108P159,2019-11-07,2019-11-07 09:33:22,0.34,0.8292,10,0.33,0.8048,9,0.35,0.8536,30,0.335,0.817,91,0
IWM191108P159,2019-11-07,2019-11-07 09:33:23,0.35,0.8536,42,0.33,0.8048,333,0.35,0.8536,30,0.34,0.8292,91,0
IWM191108P159,2019-11-07,2019-11-07 09:33:23,0.36,0.878,201,0.33,0.8048,657,0.35,0.8536,30,0.345,0.8414,91,0
IWM191108P159,2019-11-07,2019-11-07 09:33:24,0.36,0.878,417,0.34,0.8292,93,0.35,0.8536,30,0.35,0.8536,91,0
IWM191108P159,2019-11-07,2019-11-07 09:33:24,0.36,0.878,262,0.33,0.8048,657,0.35,0.8536,30,0.345,0.8414,91,0
IWM191108P159,2019-11-07,2019-11-07 09:33:25,0.36,0.878,6,0.35,0.8536,40,0.35,0.8536,30,0.355,0.8658,91,0
IWM191108P159,2019-11-07,2019-11-07 09:33:25,0.36,0.878,62,0.34,0.8292,93,0.35,0.8536,30,0.35,0.8536,91,0
IWM191108P159,2019-11-07,2019-11-07 09:33:26,0.37,0.9024,564,0.35,0.8536,40,0.35,0.8536,30,0.36,0.878,91,0
IWM191108P159,2019-11-07,2019-11-07 09:33:26,0.36,0.878,85,0.35,0.8536,30,0.35,0.8536,30,0.355,0.8658,91,0
IWM191108P159,2019-11-07,2019-11-07 09:33:27,0.36,0.878,85,0.35,0.8536,30,0.35,0.8536,30,0.355,0.8658,91,0
IWM191108P159,2019-11-07,2019-11-07 09:33:28,0.36,0.878,85,0.35,0.8536,30,0.35,0.8536,30,0.355,0.8658,91,0
IWM191108P159,2019-11-07,2019-11-07 09:33:29,0.36,0.878,394,0.35,0.8536,30,0.35,0.8536,30,0.355,0.8658,91,0
IWM191108P159,2019-11-07,2019-11-07 09:33:29,0.36,0.878,118,0.35,0.8536,30,0.35,0.8536,30,0.355,0.8658,91,0
IWM191108P159,2019-11-07,2019-11-07 09:33:30,0.36,0.878,23,0.35,0.8536,30,0.35,0.8536,30,0.355,0.8658,91,0
IWM191108P159,2019-11-07,2019-11-07 09:33:30,0.37,0.9024,499,0.35,0.8536,45,0.35,0.8536,30,0.36,0.878,91,0
IWM191108P159,2019-11-07,2019-11-07 09:33:31,0.37,0.9024,185,0.35,0.8536,38,0.35,0.8536,30,0.36,0.878,91,0
IWM191108P159,2019-11-07,2019-11-07 09:33:31,0.37,0.9024,342,0.35,0.8536,30,0.35,0.8536,30,0.36,0.878,91,0
IWM191108P159,2019-11-07,2019-11-07 09:33:32,0.37,0.9024,342,0.35,0.8536,30,0.35,0.8536,30,0.36,0.878,91,0
IWM191108P159,2019-11-07,2019-11-07 09:33:32,0.37,0.9024,478,0.35,0.8536,30,0.35,0.8536,30,0.36,0.878,91,0
IWM191108P159,2019-11-07,2019-11-07 09:33:33,0.36,0.878,445,0.35,0.8536,30,0.35,0.8536,30,0.355,0.8658,91,0
IWM191108P159,2019-11-07,2019-11-07 09:33:33,0.36,0.878,177,0.35,0.8536,30,0.35,0.8536,30,0.355,0.8658,91,0
IWM191108P159,2019-11-07,2019-11-07 09:33:34,0.36,0.878,562,0.35,0.8536,30,0.35,0.8536,30,0.355,0.8658,91,0
IWM191108P159,2019-11-07,2019-11-07 09:33:34,0.36,0.878,523,0.35,0.8536,30,0.35,0.8536,30,0.355,0.8658,91,0
IWM191108P159,2019-11-07,2019-11-07 09:33:35,0.36,0.878,459,0.35,0.8536,30,0.35,0.8536,30,0.355,0.8658,91,0
IWM191108P159,2019-11-07,2019-11-07 09:33:35,0.36,0.878,562,0.35,0.8536,30,0.35,0.8536,30,0.355,0.8658,91,0
IWM191108P159,2019-11-07,2019-11-07 09:33:36,0.36,0.878,459,0.35,0.8536,30,0.35,0.8536,30,0.355,0.8658,91,0
IWM191108P159,2019-11-07,2019-11-07 09:33:37,0.36,0.878,448,0.35,0.8536,30,0.35,0.8536,30,0.355,0.8658,91,0
IWM191108P159,2019-11-07,2019-11-07 09:33:38,0.36,0.878,448,0.35,0.8536,30,0.35,0.8536,30,0.355,0.8658,91,0
IWM191108P159,2019-11-07,2019-11-07 09:33:38,0.37,0.9024,301,0.35,0.8536,57,0.35,0.8536,30,0.36,0.878,91,0
IWM191108P159,2019-11-07,2019-11-07 09:33:39,0.37,0.9024,344,0.35,0.8536,57,0.35,0.8536,30,0.36,0.878,91,0
IWM191108P159,2019-11-07,2019-11-07 09:33:40,0.37,0.9024,221,0.35,0.8536,524,0.35,0.8536,30,0.36,0.878,91,0
IWM191108P159,2019-11-07,2019-11-07 09:33:40,0.37,0.9024,330,0.36,0.878,8,0.35,0.8536,30,0.365,0.8902,91,0
IWM191108P159,2019-11-07,2019-11-07 09:33:41,0.37,0.9024,23,0.36,0.878,21,0.35,0.8536,30,0.365,0.8902,91,0
IWM191108P159,2019-11-07,2019-11-07 09:33:41,0.37,0.9024,67,0.35,0.8536,541,0.35,0.8536,30,0.36,0.878,91,0
IWM191108P159,2019-11-07,2019-11-07 09:33:42,0.38,0.9268,379,0.36,0.878,20,0.35,0.8536,30,0.37,0.9024,91,0
IWM191108P159,2019-11-07,2019-11-07 09:33:42,0.38,0.9268,440,0.36,0.878,104,0.35,0.8536,30,0.37,0.9024,91,0
IWM191108P159,2019-11-07,2019-11-07 09:33:43,0.38,0.9268,440,0.36,0.878,104,0.35,0.8536,30,0.37,0.9024,91,0
IWM191108P159,2019-11-07,2019-11-07 09:33:43,0.38,0.9268,93,0.36,0.878,311,0.35,0.8536,30,0.37,0.9024,91,0
IWM191108P159,2019-11-07,2019-11-07 09:33:44,0.38,0.9268,32,0.36,0.878,106,0.35,0.8536,30,0.37,0.9024,91,0
IWM191108P159,2019-11-07,2019-11-07 09:33:44,0.38,0.9268,54,0.36,0.878,534,0.35,0.8536,30,0.37,0.9024,91,0
IWM191108P159,2019-11-07,2019-11-07 09:33:45,0.38,0.9268,20,0.37,0.9024,15,0.35,0.8536,30,0.375,0.9146,91,0
IWM191108P159,2019-11-07,2019-11-07 09:33:45,0.38,0.9268,33,0.36,0.878,494,0.35,0.8536,30,0.37,0.9024,91,0
IWM191108P159,2019-11-07,2019-11-07 09:33:46,0.38,0.9268,30,0.36,0.878,323,0.35,0.8536,30,0.37,0.9024,91,0
IWM191108P159,2019-11-07,2019-11-07 09:33:47,0.38,0.9268,162,0.37,0.9024,10,0.35,0.8536,30,0.375,0.9146,91,0
IWM191108P159,2019-11-07,2019-11-07 09:33:47,0.38,0.9268,342,0.36,0.878,90,0.35,0.8536,30,0.37,0.9024,91,0
IWM191108P159,2019-11-07,2019-11-07 09:33:48,0.38,0.9268,362,0.36,0.878,493,0.35,0.8536,30,0.37,0.9024,91,0
IWM191108P159,2019-11-07,2019-11-07 09:33:48,0.38,0.9268,183,0.36,0.878,273,0.35,0.8536,30,0.37,0.9024,91,0
IWM191108P159,2019-11-07,2019-11-07 09:33:49,0.39,0.9512,21,0.36,0.878,130,0.38,0.9268,1,0.375,0.9146,92,1
IWM191108P159,2019-11-07,2019-11-07 09:33:49,0.39,0.9512,10,0.38,0.9268,15,0.38,0.9268,1,0.385,0.939,92,0
IWM191108P159,2019-11-07,2019-11-07 09:33:50,0.4,0.9756,98,0.38,0.9268,100,0.38,0.9268,1,0.39,0.9512,92,0
IWM191108P159,2019-11-07,2019-11-07 09:33:50,0.4,0.9756,98,0.38,0.9268,288,0.38,0.9268,1,0.39,0.9512,92,0
IWM191108P159,2019-11-07,2019-11-07 09:33:51,0.4,0.9756,190,0.38,0.9268,215,0.38,0.9268,1,0.39,0.9512,92,0
IWM191108P159,2019-11-07,2019-11-07 09:33:51,0.4,0.9756,194,0.38,0.9268,386,0.38,0.9268,1,0.39,0.9512,92,0
IWM191108P159,2019-11-07,2019-11-07 09:33:52,0.39,0.9512,9,0.38,0.9268,91,0.38,0.9268,1,0.385,0.939,92,0
IWM191108P159,2019-11-07,2019-11-07 09:33:52,0.4,0.9756,215,0.38,0.9268,99,0.38,0.9268,1,0.39,0.9512,92,0
IWM191108P159,2019-11-07,2019-11-07 09:33:53,0.39,0.9512,98,0.37,0.9024,216,0.38,0.9268,1,0.38,0.9268,92,0
IWM191108P159,2019-11-07,2019-11-07 09:33:53,0.39,0.9512,23,0.37,0.9024,532,0.38,0.9268,1,0.38,0.9268,92,0
IWM191108P159,2019-11-07,2019-11-07 09:33:54,0.39,0.9512,113,0.37,0.9024,378,0.38,0.9268,1,0.38,0.9268,92,0
IWM191108P159,2019-11-07,2019-11-07 09:33:55,0.39,0.9512,112,0.37,0.9024,563,0.38,0.9268,1,0.38,0.9268,92,0
IWM191108P159,2019-11-07,2019-11-07 09:33:56,0.39,0.9512,118,0.37,0.9024,563,0.38,0.9268,1,0.38,0.9268,92,0
IWM191108P159,2019-11-07,2019-11-07 09:33:56,0.39,0.9512,118,0.37,0.9024,505,0.38,0.9268,1,0.38,0.9268,92,0
IWM191108P159,2019-11-07,2019-11-07 09:33:57,0.39,0.9512,118,0.37,0.9024,505,0.38,0.9268,1,0.38,0.9268,92,0
IWM191108P159,2019-11-07,2019-11-07 09:33:57,0.39,0.9512,118,0.37,0.9024,525,0.38,0.9268,1,0.38,0.9268,92,0
IWM191108P159,2019-11-07,2019-11-07 09:33:58,0.39,0.9512,118,0.38,0.9268,5,0.38,0.9268,1,0.385,0.939,92,0
IWM191108P159,2019-11-07,2019-11-07 09:33:58,0.39,0.9512,79,0.38,0.9268,5,0.38,0.9268,1,0.385,0.939,92,0
IWM191108P159,2019-11-07,2019-11-07 09:33:59,0.39,0.9512,125,0.38,0.9268,8,0.38,0.9268,1,0.385,0.939,92,0
IWM191108P159,2019-11-07,2019-11-07 09:33:59,0.39,0.9512,40,0.38,0.9268,8,0.38,0.9268,1,0.385,0.939,92,0
IWM191108P159,2019-11-07,2019-11-07 09:34:00,0.39,0.9512,49,0.38,0.9268,32,0.38,0.9268,1,0.385,0.939,92,0
IWM191108P159,2019-11-07,2019-11-07 09:34:00,0.4,0.9756,103,0.38,0.9268,143,0.38,0.9268,1,0.39,0.9512,92,0
IWM191108P159,2019-11-07,2019-11-07 09:34:01,0.4,0.9756,152,0.38,0.9268,558,0.38,0.9268,1,0.39,0.9512,92,0
IWM191108P159,2019-11-07,2019-11-07 09:34:04,0.39,0.9512,168,0.37,0.9024,156,0.38,0.9268,1,0.38,0.9268,92,0
IWM191108P159,2019-11-07,2019-11-07 09:34:04,0.4,0.9756,130,0.38,0.9268,730,0.38,0.9268,1,0.39,0.9512,92,0
IWM191108P159,2019-11-07,2019-11-07 09:34:05,0.39,0.9512,396,0.38,0.9268,10,0.38,0.9268,1,0.385,0.939,92,0
IWM191108P159,2019-11-07,2019-11-07 09:34:05,0.39,0.9512,293,0.38,0.9268,5,0.38,0.9268,1,0.385,0.939,92,0
IWM191108P159,2019-11-07,2019-11-07 09:34:06,0.39,0.9512,396,0.38,0.9268,10,0.38,0.9268,1,0.385,0.939,92,0
IWM191108P159,2019-11-07,2019-11-07 09:34:06,0.39,0.9512,412,0.38,0.9268,10,0.38,0.9268,1,0.385,0.939,92,0
IWM191108P159,2019-11-07,2019-11-07 09:34:07,0.39,0.9512,457,0.37,0.9024,44,0.38,0.9268,1,0.38,0.9268,92,0
IWM191108P159,2019-11-07,2019-11-07 09:34:07,0.39,0.9512,457,0.37,0.9024,27,0.38,0.9268,1,0.38,0.9268,92,0
IWM191108P159,2019-11-07,2019-11-07 09:34:08,0.39,0.9512,457,0.37,0.9024,36,0.38,0.9268,1,0.38,0.9268,92,0
IWM191108P159,2019-11-07,2019-11-07 09:34:08,0.39,0.9512,446,0.37,0.9024,119,0.38,0.9268,1,0.38,0.9268,92,0
IWM191108P159,2019-11-07,2019-11-07 09:34:09,0.39,0.9512,10,0.38,0.9268,44,0.38,0.9268,1,0.385,0.939,92,0
IWM191108P159,2019-11-07,2019-11-07 09:34:09,0.39,0.9512,119,0.37,0.9024,119,0.38,0.9268,1,0.38,0.9268,92,0
IWM191108P159,2019-11-07,2019-11-07 09:34:10,0.4,0.9756,68,0.38,0.9268,642,0.38,0.9268,1,0.39,0.9512,92,0
IWM191108P159,2019-11-07,2019-11-07 09:34:10,0.4,0.9756,186,0.38,0.9268,639,0.38,0.9268,1,0.39,0.9512,92,0
IWM191108P159,2019-11-07,2019-11-07 09:34:11,0.4,0.9756,156,0.38,0.9268,236,0.38,0.9268,1,0.39,0.9512,92,0
IWM191108P159,2019-11-07,2019-11-07 09:34:12,0.4,0.9756,114,0.38,0.9268,236,0.38,0.9268,1,0.39,0.9512,92,0
IWM191108P159,2019-11-07,2019-11-07 09:34:12,0.4,0.9756,124,0.38,0.9268,302,0.38,0.9268,1,0.39,0.9512,92,0
IWM191108P159,2019-11-07,2019-11-07 09:34:13,0.4,0.9756,76,0.38,0.9268,491,0.38,0.9268,1,0.39,0.9512,92,0
IWM191108P159,2019-11-07,2019-11-07 09:34:13,0.4,0.9756,117,0.38,0.9268,409,0.38,0.9268,1,0.39,0.9512,92,0
IWM191108P159,2019-11-07,2019-11-07 09:34:14,0.4,0.9756,155,0.38,0.9268,389,0.38,0.9268,1,0.39,0.9512,92,0
IWM191108P159,2019-11-07,2019-11-07 09:34:14,0.4,0.9756,155,0.38,0.9268,527,0.38,0.9268,1,0.39,0.9512,92,0
IWM191108P159,2019-11-07,2019-11-07 09:34:15,0.4,0.9756,338,0.38,0.9268,568,0.38,0.9268,1,0.39,0.9512,92,0
IWM191108P159,2019-11-07,2019-11-07 09:34:15,0.4,0.9756,155,0.38,0.9268,297,0.38,0.9268,1,0.39,0.9512,92,0
IWM191108P159,2019-11-07,2019-11-07 09:34:16,0.4,0.9756,138,0.38,0.9268,277,0.38,0.9268,1,0.39,0.9512,92,0
IWM191108P159,2019-11-07,2019-11-07 09:34:16,0.4,0.9756,138,0.39,0.9512,7,0.38,0.9268,1,0.395,0.9634,92,0
IWM191108P159,2019-11-07,2019-11-07 09:34:17,0.39,0.9512,336,0.37,0.9024,175,0.38,0.9268,1,0.38,0.9268,92,0
IWM191108P159,2019-11-07,2019-11-07 09:34:17,0.38,0.9268,9,0.37,0.9024,370,0.38,0.9268,1,0.375,0.9146,92,0
IWM191108P159,2019-11-07,2019-11-07 09:34:18,0.38,0.9268,23,0.37,0.9024,427,0.38,0.9268,1,0.375,0.9146,92,0
IWM191108P159,2019-11-07,2019-11-07 09:34:18,0.39,0.9512,407,0.37,0.9024,520,0.38,0.9268,1,0.38,0.9268,92,0
IWM191108P159,2019-11-07,2019-11-07 09:34:19,0.39,0.9512,212,0.37,0.9024,443,0.38,0.9268,1,0.38,0.9268,92,0
IWM191108P159,2019-11-07,2019-11-07 09:34:19,0.39,0.9512,478,0.37,0.9024,520,0.38,0.9268,1,0.38,0.9268,92,0
IWM191108P159,2019-11-07,2019-11-07 09:34:20,0.39,0.9512,459,0.37,0.9024,311,0.38,0.9268,1,0.38,0.9268,92,0
IWM191108P159,2019-11-07,2019-11-07 09:34:21,0.38,0.9268,23,0.37,0.9024,10,0.38,0.9268,1,0.375,0.9146,92,0
IWM191108P159,2019-11-07,2019-11-07 09:34:22,0.38,0.9268,23,0.37,0.9024,10,0.38,0.9268,1,0.375,0.9146,92,0
IWM191108P159,2019-11-07,2019-11-07 09:34:23,0.38,0.9268,33,0.36,0.878,306,0.38,0.9268,1,0.37,0.9024,92,0
IWM191108P159,2019-11-07,2019-11-07 09:34:23,0.38,0.9268,24,0.36,0.878,160,0.38,0.9268,1,0.37,0.9024,92,0
IWM191108P159,2019-11-07,2019-11-07 09:34:24,0.39,0.9512,252,0.36,0.878,306,0.38,0.9268,1,0.375,0.9146,92,0
IWM191108P159,2019-11-07,2019-11-07 09:34:24,0.39,0.9512,188,0.37,0.9024,15,0.38,0.9268,1,0.38,0.9268,92,0
IWM191108P159,2019-11-07,2019-11-07 09:34:25,0.39,0.9512,188,0.37,0.9024,41,0.38,0.9268,1,0.38,0.9268,92,0
IWM191108P159,2019-11-07,2019-11-07 09:34:25,0.39,0.9512,188,0.37,0.9024,21,0.38,0.9268,1,0.38,0.9268,92,0
IWM191108P159,2019-11-07,2019-11-07 09:34:26,0.39,0.9512,188,0.37,0.9024,41,0.38,0.9268,1,0.38,0.9268,92,0
IWM191108P159,2019-11-07,2019-11-07 09:34:27,0.39,0.9512,297,0.37,0.9024,315,0.38,0.9268,1,0.38,0.9268,92,0
IWM191108P159,2019-11-07,2019-11-07 09:34:27,0.39,0.9512,292,0.37,0.9024,89,0.38,0.9268,1,0.38,0.9268,92,0
IWM191108P159,2019-11-07,2019-11-07 09:34:28,0.39,0.9512,386,0.37,0.9024,215,0.38,0.9268,1,0.38,0.9268,92,0
IWM191108P159,2019-11-07,2019-11-07 09:34:28,0.38,0.9268,80,0.36,0.878,381,0.38,0.9268,1,0.37,0.9024,92,0
IWM191108P159,2019-11-07,2019-11-07 09:34:29,0.38,0.9268,557,0.35,0.8536,599,0.37,0.9024,5,0.365,0.8902,97,0
IWM191108P159,2019-11-07,2019-11-07 09:34:29,0.38,0.9268,424,0.35,0.8536,448,0.37,0.9024,5,0.365,0.8902,97,5
IWM191108P159,2019-11-07,2019-11-07 09:34:30,0.37,0.9024,23,0.36,0.878,15,0.37,0.9024,5,0.365,0.8902,97,0
IWM191108P159,2019-11-07,2019-11-07 09:34:31,0.37,0.9024,120,0.35,0.8536,374,0.37,0.9024,5,0.36,0.878,97,0
IWM191108P159,2019-11-07,2019-11-07 09:34:31,0.37,0.9024,120,0.36,0.878,11,0.37,0.9024,5,0.365,0.8902,97,0
IWM191108P159,2019-11-07,2019-11-07 09:34:32,0.37,0.9024,120,0.35,0.8536,393,0.37,0.9024,5,0.36,0.878,97,0
IWM191108P159,2019-11-07,2019-11-07 09:34:32,0.37,0.9024,120,0.36,0.878,15,0.37,0.9024,5,0.365,0.8902,97,0
IWM191108P159,2019-11-07,2019-11-07 09:34:33,0.37,0.9024,118,0.35,0.8536,478,0.37,0.9024,5,0.36,0.878,97,0
IWM191108P159,2019-11-07,2019-11-07 09:34:33,0.37,0.9024,118,0.35,0.8536,468,0.37,0.9024,5,0.36,0.878,97,0
IWM191108P159,2019-11-07,2019-11-07 09:34:34,0.37,0.9024,168,0.35,0.8536,568,0.37,0.9024,5,0.36,0.878,97,0
IWM191108P159,2019-11-07,2019-11-07 09:34:35,0.37,0.9024,168,0.35,0.8536,502,0.37,0.9024,5,0.36,0.878,97,0
IWM191108P159,2019-11-07,2019-11-07 09:34:35,0.37,0.9024,168,0.35,0.8536,541,0.37,0.9024,5,0.36,0.878,97,0
IWM191108P159,2019-11-07,2019-11-07 09:34:36,0.37,0.9024,173,0.35,0.8536,356,0.37,0.9024,5,0.36,0.878,97,0
IWM191108P159,2019-11-07,2019-11-07 09:34:36,0.37,0.9024,168,0.36,0.878,8,0.37,0.9024,5,0.365,0.8902,97,0
IWM191108P159,2019-11-07,2019-11-07 09:34:37,0.37,0.9024,179,0.35,0.8536,518,0.37,0.9024,5,0.36,0.878,97,0
IWM191108P159,2019-11-07,2019-11-07 09:34:37,0.37,0.9024,179,0.35,0.8536,371,0.37,0.9024,5,0.36,0.878,97,0
IWM191108P159,2019-11-07,2019-11-07 09:34:38,0.37,0.9024,304,0.35,0.8536,371,0.37,0.9024,5,0.36,0.878,97,0
IWM191108P159,2019-11-07,2019-11-07 09:34:38,0.36,0.878,20,0.35,0.8536,414,0.37,0.9024,5,0.355,0.8658,97,0
IWM191108P159,2019-11-07,2019-11-07 09:34:39,0.36,0.878,20,0.35,0.8536,414,0.37,0.9024,5,0.355,0.8658,97,0
IWM191108P159,2019-11-07,2019-11-07 09:34:39,0.36,0.878,20,0.35,0.8536,47,0.37,0.9024,5,0.355,0.8658,97,0
IWM191108P159,2019-11-07,2019-11-07 09:34:40,0.37,0.9024,444,0.35,0.8536,70,0.37,0.9024,5,0.36,0.878,97,0
IWM191108P159,2019-11-07,2019-11-07 09:34:40,0.37,0.9024,222,0.35,0.8536,245,0.37,0.9024,5,0.36,0.878,97,0
IWM191108P159,2019-11-07,2019-11-07 09:34:41,0.37,0.9024,20,0.36,0.878,8,0.37,0.9024,5,0.365,0.8902,97,0
IWM191108P159,2019-11-07,2019-11-07 09:34:41,0.37,0.9024,101,0.35,0.8536,222,0.37,0.9024,5,0.36,0.878,97,0
IWM191108P159,2019-11-07,2019-11-07 09:34:42,0.37,0.9024,20,0.36,0.878,8,0.37,0.9024,5,0.365,0.8902,97,0
IWM191108P159,2019-11-07,2019-11-07 09:34:42,0.38,0.9268,319,0.35,0.8536,563,0.37,0.9024,5,0.365,0.8902,97,0
IWM191108P159,2019-11-07,2019-11-07 09:34:43,0.38,0.9268,21,0.36,0.878,693,0.37,0.9024,5,0.37,0.9024,97,0
IWM191108P159,2019-11-07,2019-11-07 09:34:43,0.38,0.9268,287,0.36,0.878,313,0.37,0.9024,5,0.37,0.9024,97,0
IWM191108P159,2019-11-07,2019-11-07 09:34:44,0.38,0.9268,54,0.36,0.878,693,0.37,0.9024,5,0.37,0.9024,97,0
IWM191108P159,2019-11-07,2019-11-07 09:34:45,0.37,0.9024,4,0.36,0.878,321,0.37,0.9024,5,0.365,0.8902,97,0
IWM191108P159,2019-11-07,2019-11-07 09:34:45,0.38,0.9268,203,0.36,0.878,589,0.37,0.9024,5,0.37,0.9024,97,0
IWM191108P159,2019-11-07,2019-11-07 09:34:46,0.38,0.9268,22,0.36,0.878,496,0.37,0.9024,5,0.37,0.9024,97,0
IWM191108P159,2019-11-07,2019-11-07 09:34:47,0.38,0.9268,22,0.37,0.9024,117,0.37,0.9024,5,0.375,0.9146,97,0
IWM191108P159,2019-11-07,2019-11-07 09:34:47,0.38,0.9268,15,0.37,0.9024,115,0.37,0.9024,5,0.375,0.9146,97,0
IWM191108P159,2019-11-07,2019-11-07 09:34:48,0.39,0.9512,6,0.37,0.9024,182,0.37,0.9024,5,0.38,0.9268,97,0
IWM191108P159,2019-11-07,2019-11-07 09:34:48,0.38,0.9268,10,0.37,0.9024,114,0.37,0.9024,5,0.375,0.9146,97,0
IWM191108P159,2019-11-07,2019-11-07 09:34:49,0.39,0.9512,64,0.37,0.9024,457,0.37,0.9024,5,0.38,0.9268,97,0
IWM191108P159,2019-11-07,2019-11-07 09:34:49,0.39,0.9512,64,0.37,0.9024,443,0.37,0.9024,5,0.38,0.9268,97,0
IWM191108P159,2019-11-07,2019-11-07 09:34:50,0.39,0.9512,524,0.36,0.878,493,0.37,0.9024,5,0.375,0.9146,97,0
IWM191108P159,2019-11-07,2019-11-07 09:34:50,0.39,0.9512,179,0.37,0.9024,10,0.37,0.9024,5,0.38,0.9268,97,0
IWM191108P159,2019-11-07,2019-11-07 09:34:51,0.38,0.9268,75,0.36,0.878,241,0.37,0.9024,5,0.37,0.9024,97,0
IWM191108P159,2019-11-07,2019-11-07 09:34:51,0.38,0.9268,92,0.36,0.878,420,0.37,0.9024,5,0.37,0.9024,97,0
IWM191108P159,2019-11-07,2019-11-07 09:34:52,0.38,0.9268,290,0.36,0.878,123,0.37,0.9024,5,0.37,0.9024,97,0
IWM191108P159,2019-11-07,2019-11-07 09:34:52,0.38,0.9268,270,0.36,0.878,113,0.37,0.9024,5,0.37,0.9024,97,0
IWM191108P159,2019-11-07,2019-11-07 09:34:53,0.38,0.9268,498,0.35,0.8536,628,0.37,0.9024,5,0.365,0.8902,97,0
IWM191108P159,2019-11-07,2019-11-07 09:34:54,0.37,0.9024,100,0.36,0.878,17,0.37,0.9024,5,0.365,0.8902,97,0
IWM191108P159,2019-11-07,2019-11-07 09:34:54,0.37,0.9024,431,0.36,0.878,17,0.37,0.9024,5,0.365,0.8902,97,0
IWM191108P159,2019-11-07,2019-11-07 09:34:55,0.37,0.9024,514,0.36,0.878,17,0.37,0.9024,5,0.365,0.8902,97,0
IWM191108P159,2019-11-07,2019-11-07 09:34:55,0.37,0.9024,431,0.36,0.878,17,0.37,0.9024,5,0.365,0.8902,97,0
IWM191108P159,2019-11-07,2019-11-07 09:34:56,0.38,0.9268,88,0.36,0.878,91,0.37,0.9024,5,0.37,0.9024,97,0
IWM191108P159,2019-11-07,2019-11-07 09:34:56,0.38,0.9268,348,0.36,0.878,43,0.37,0.9024,5,0.37,0.9024,97,0
IWM191108P159,2019-11-07,2019-11-07 09:34:57,0.38,0.9268,306,0.35,0.8536,627,0.37,0.9024,5,0.365,0.8902,97,0
IWM191108P159,2019-11-07,2019-11-07 09:34:57,0.37,0.9024,103,0.36,0.878,26,0.37,0.9024,5,0.365,0.8902,97,0
IWM191108P159,2019-11-07,2019-11-07 09:34:58,0.38,0.9268,409,0.36,0.878,56,0.37,0.9024,5,0.37,0.9024,97,0
IWM191108P159,2019-11-07,2019-11-07 09:34:58,0.38,0.9268,409,0.35,0.8536,627,0.37,0.9024,5,0.365,0.8902,97,0
IWM191108P159,2019-11-07,2019-11-07 09:34:59,0.37,0.9024,75,0.36,0.878,13,0.37,0.9024,5,0.365,0.8902,97,0
IWM191108P159,2019-11-07,2019-11-07 09:34:59,0.38,0.9268,409,0.36,0.878,13,0.37,0.9024,5,0.37,0.9024,97,0
IWM191108P159,2019-11-07,2019-11-07 09:35:00,0.38,0.9268,413,0.36,0.878,25,0.37,0.9024,5,0.37,0.9024,97,0
IWM191108P159,2019-11-07,2019-11-07 09:35:00,0.38,0.9268,413,0.35,0.8536,243,0.37,0.9024,5,0.365,0.8902,97,0
IWM191108P159,2019-11-07,2019-11-07 09:35:01,0.37,0.9024,280,0.36,0.878,13,0.37,0.9024,5,0.365,0.8902,97,0
IWM191108P159,2019-11-07,2019-11-07 09:35:01,0.37,0.9024,284,0.35,0.8536,142,0.37,0.9024,5,0.36,0.878,97,0
IWM191108P159,2019-11-07,2019-11-07 09:35:02,0.36,0.878,382,0.35,0.8536,22,0.35,0.8536,30,0.355,0.8658,127,30
IWM191108P159,2019-11-07,2019-11-07 09:35:02,0.36,0.878,75,0.35,0.8536,142,0.37,0.9024,5,0.355,0.8658,97,0
IWM191108P159,2019-11-07,2019-11-07 09:35:03,0.36,0.878,419,0.35,0.8536,17,0.35,0.8536,30,0.355,0.8658,127,0
IWM191108P159,2019-11-07,2019-11-07 09:35:03,0.36,0.878,159,0.35,0.8536,17,0.35,0.8536,30,0.355,0.8658,127,0
IWM191108P159,2019-11-07,2019-11-07 09:35:04,0.36,0.878,210,0.35,0.8536,17,0.35,0.8536,30,0.355,0.8658,127,0
IWM191108P159,2019-11-07,2019-11-07 09:35:05,0.36,0.878,161,0.34,0.8292,287,0.35,0.8536,30,0.35,0.8536,127,0
IWM191108P159,2019-11-07,2019-11-07 09:35:05,0.36,0.878,370,0.34,0.8292,287,0.35,0.8536,30,0.35,0.8536,127,0
IWM191108P159,2019-11-07,2019-11-07 09:35:06,0.36,0.878,224,0.35,0.8536,9,0.35,0.8536,30,0.355,0.8658,127,0
IWM191108P159,2019-11-07,2019-11-07 09:35:06,0.36,0.878,194,0.35,0.8536,9,0.35,0.8536,30,0.355,0.8658,127,0
IWM191108P159,2019-11-07,2019-11-07 09:35:07,0.36,0.878,146,0.35,0.8536,22,0.35,0.8536,30,0.355,0.8658,127,0
IWM191108P159,2019-11-07,2019-11-07 09:35:07,0.36,0.878,194,0.35,0.8536,9,0.35,0.8536,30,0.355,0.8658,127,0
IWM191108P159,2019-11-07,2019-11-07 09:35:08,0.37,0.9024,34,0.35,0.8536,468,0.35,0.8536,30,0.36,0.878,127,0
IWM191108P159,2019-11-07,2019-11-07 09:35:09,0.37,0.9024,41,0.35,0.8536,490,0.35,0.8536,30,0.36,0.878,127,0
IWM191108P159,2019-11-07,2019-11-07 09:35:09,0.37,0.9024,41,0.35,0.8536,632,0.35,0.8536,30,0.36,0.878,127,0
IWM191108P159,2019-11-07,2019-11-07 09:35:10,0.38,0.9268,58,0.36,0.878,471,0.35,0.8536,30,0.37,0.9024,127,0
IWM191108P159,2019-11-07,2019-11-07 09:35:10,0.38,0.9268,58,0.35,0.8536,652,0.35,0.8536,30,0.365,0.8902,127,0
IWM191108P159,2019-11-07,2019-11-07 09:35:11,0.38,0.9268,516,0.36,0.878,465,0.35,0.8536,30,0.37,0.9024,127,0
IWM191108P159,2019-11-07,2019-11-07 09:35:11,0.38,0.9268,316,0.36,0.878,465,0.35,0.8536,30,0.37,0.9024,127,0
IWM191108P159,2019-11-07,2019-11-07 09:35:12,0.37,0.9024,45,0.35,0.8536,533,0.35,0.8536,30,0.36,0.878,127,0
IWM191108P159,2019-11-07,2019-11-07 09:35:12,0.37,0.9024,38,0.36,0.878,22,0.35,0.8536,30,0.365,0.8902,127,0
IWM191108P159,2019-11-07,2019-11-07 09:35:13,0.36,0.878,65,0.35,0.8536,137,0.35,0.8536,30,0.355,0.8658,127,0
IWM191108P159,2019-11-07,2019-11-07 09:35:13,0.36,0.878,65,0.35,0.8536,99,0.35,0.8536,30,0.355,0.8658,127,0
IWM191108P159,2019-11-07,2019-11-07 09:35:14,0.36,0.878,65,0.35,0.8536,67,0.35,0.8536,30,0.355,0.8658,127,0
IWM191108P159,2019-11-07,2019-11-07 09:35:15,0.36,0.878,65,0.35,0.8536,95,0.35,0.8536,30,0.355,0.8658,127,0
IWM191108P159,2019-11-07,2019-11-07 09:35:15,0.36,0.878,65,0.35,0.8536,55,0.35,0.8536,30,0.355,0.8658,127,0
IWM191108P159,2019-11-07,2019-11-07 09:35:16,0.36,0.878,65,0.35,0.8536,95,0.35,0.8536,30,0.355,0.8658,127,0
IWM191108P159,2019-11-07,2019-11-07 09:35:16,0.36,0.878,65,0.35,0.8536,144,0.35,0.8536,30,0.355,0.8658,127,0
IWM191108P159,2019-11-07,2019-11-07 09:35:17,0.36,0.878,65,0.35,0.8536,55,0.35,0.8536,30,0.355,0.8658,127,0
IWM191108P159,2019-11-07,2019-11-07 09:35:17,0.36,0.878,65,0.35,0.8536,103,0.35,0.8536,30,0.355,0.8658,127,0
IWM191108P159,2019-11-07,2019-11-07 09:35:18,0.36,0.878,65,0.35,0.8536,55,0.35,0.8536,30,0.355,0.8658,127,0
IWM191108P159,2019-11-07,2019-11-07 09:35:18,0.36,0.878,65,0.35,0.8536,16,0.35,0.8536,30,0.355,0.8658,127,0
IWM191108P159,2019-11-07,2019-11-07 09:35:19,0.36,0.878,231,0.34,0.8292,431,0.35,0.8536,30,0.35,0.8536,127,0
IWM191108P159,2019-11-07,2019-11-07 09:35:19,0.36,0.878,127,0.34,0.8292,479,0.35,0.8536,30,0.35,0.8536,127,0
IWM191108P159,2019-11-07,2019-11-07 09:35:20,0.37,0.9024,147,0.35,0.8536,422,0.36,0.878,1,0.36,0.878,128,0
IWM191108P159,2019-11-07,2019-11-07 09:35:20,0.37,0.9024,115,0.34,0.8292,431,0.36,0.878,1,0.355,0.8658,128,1
IWM191108P159,2019-11-07,2019-11-07 09:35:21,0.37,0.9024,510,0.35,0.8536,527,0.36,0.878,1,0.36,0.878,128,0
IWM191108P159,2019-11-07,2019-11-07 09:35:21,0.37,0.9024,371,0.35,0.8536,527,0.36,0.878,1,0.36,0.878,128,0
IWM191108P159,2019-11-07,2019-11-07 09:35:22,0.37,0.9024,443,0.35,0.8536,103,0.36,0.878,1,0.36,0.878,128,0
IWM191108P159,2019-11-07,2019-11-07 09:35:22,0.37,0.9024,443,0.35,0.8536,527,0.36,0.878,1,0.36,0.878,128,0
IWM191108P159,2019-11-07,2019-11-07 09:35:23,0.37,0.9024,299,0.35,0.8536,275,0.36,0.878,1,0.36,0.878,128,0
IWM191108P159,2019-11-07,2019-11-07 09:35:23,0.37,0.9024,462,0.35,0.8536,215,0.36,0.878,1,0.36,0.878,128,0
IWM191108P159,2019-11-07,2019-11-07 09:35:24,0.37,0.9024,462,0.35,0.8536,490,0.36,0.878,1,0.36,0.878,128,0
IWM191108P159,2019-11-07,2019-11-07 09:35:25,0.36,0.878,72,0.34,0.8292,523,0.36,0.878,1,0.35,0.8536,128,0
IWM191108P159,2019-11-07,2019-11-07 09:35:25,0.37,0.9024,462,0.35,0.8536,290,0.36,0.878,1,0.36,0.878,128,0
IWM191108P159,2019-11-07,2019-11-07 09:35:26,0.36,0.878,72,0.34,0.8292,523,0.36,0.878,1,0.35,0.8536,128,0
IWM191108P159,2019-11-07,2019-11-07 09:35:27,0.36,0.878,63,0.35,0.8536,22,0.36,0.878,1,0.355,0.8658,128,0
IWM191108P159,2019-11-07,2019-11-07 09:35:27,0.36,0.878,72,0.34,0.8292,523,0.36,0.878,1,0.35,0.8536,128,0
IWM191108P159,2019-11-07,2019-11-07 09:35:28,0.35,0.8536,13,0.33,0.8048,437,0.36,0.878,1,0.34,0.8292,128,0
IWM191108P159,2019-11-07,2019-11-07 09:35:28,0.35,0.8536,28,0.34,0.8292,22,0.36,0.878,1,0.345,0.8414,128,0
IWM191108P159,2019-11-07,2019-11-07 09:35:29,0.35,0.8536,115,0.34,0.8292,17,0.36,0.878,1,0.345,0.8414,128,0
IWM191108P159,2019-11-07,2019-11-07 09:35:30,0.35,0.8536,180,0.33,0.8048,444,0.36,0.878,1,0.34,0.8292,128,0
IWM191108P159,2019-11-07,2019-11-07 09:35:30,0.35,0.8536,115,0.34,0.8292,36,0.36,0.878,1,0.345,0.8414,128,0
IWM191108P159,2019-11-07,2019-11-07 09:35:31,0.35,0.8536,105,0.34,0.8292,13,0.36,0.878,1,0.345,0.8414,128,0
IWM191108P159,2019-11-07,2019-11-07 09:35:31,0.35,0.8536,105,0.34,0.8292,1,0.36,0.878,1,0.345,0.8414,128,0
IWM191108P159,2019-11-07,2019-11-07 09:35:32,0.35,0.8536,110,0.34,0.8292,10,0.36,0.878,1,0.345,0.8414,128,0
IWM191108P159,2019-11-07,2019-11-07 09:35:32,0.35,0.8536,78,0.34,0.8292,10,0.36,0.878,1,0.345,0.8414,128,0
IWM191108P159,2019-11-07,2019-11-07 09:35:33,0.35,0.8536,84,0.34,0.8292,10,0.36,0.878,1,0.345,0.8414,128,0
IWM191108P159,2019-11-07,2019-11-07 09:35:33,0.35,0.8536,97,0.34,0.8292,1,0.36,0.878,1,0.345,0.8414,128,0
IWM191108P159,2019-11-07,2019-11-07 09:35:34,0.35,0.8536,45,0.34,0.8292,1,0.36,0.878,1,0.345,0.8414,128,0
IWM191108P159,2019-11-07,2019-11-07 09:35:34,0.35,0.8536,97,0.34,0.8292,1,0.36,0.878,1,0.345,0.8414,128,0
IWM191108P159,2019-11-07,2019-11-07 09:35:35,0.35,0.8536,61,0.33,0.8048,479,0.36,0.878,1,0.34,0.8292,128,0
IWM191108P159,2019-11-07,2019-11-07 09:35:36,0.35,0.8536,52,0.34,0.8292,22,0.36,0.878,1,0.345,0.8414,128,0
IWM191108P159,2019-11-07,2019-11-07 09:35:36,0.35,0.8536,61,0.34,0.8292,3,0.36,0.878,1,0.345,0.8414,128,0
IWM191108P159,2019-11-07,2019-11-07 09:35:37,0.34,0.8292,48,0.33,0.8048,359,0.36,0.878,1,0.335,0.817,128,0
IWM191108P159,2019-11-07,2019-11-07 09:35:37,0.34,0.8292,53,0.33,0.8048,359,0.36,0.878,1,0.335,0.817,128,0
IWM191108P159,2019-11-07,2019-11-07 09:35:38,0.34,0.8292,48,0.33,0.8048,439,0.36,0.878,1,0.335,0.817,128,0
IWM191108P159,2019-11-07,2019-11-07 09:35:38,0.34,0.8292,48,0.33,0.8048,484,0.36,0.878,1,0.335,0.817,128,0
IWM191108P159,2019-11-07,2019-11-07 09:35:39,0.35,0.8536,387,0.33,0.8048,448,0.36,0.878,1,0.34,0.8292,128,0
IWM191108P159,2019-11-07,2019-11-07 09:35:39,0.35,0.8536,566,0.33,0.8048,446,0.36,0.878,1,0.34,0.8292,128,0
IWM191108P159,2019-11-07,2019-11-07 09:35:40,0.35,0.8536,196,0.33,0.8048,446,0.36,0.878,1,0.34,0.8292,128,0
IWM191108P159,2019-11-07,2019-11-07 09:35:40,0.35,0.8536,602,0.33,0.8048,505,0.36,0.878,1,0.34,0.8292,128,0
IWM191108P159,2019-11-07,2019-11-07 09:35:41,0.35,0.8536,420,0.33,0.8048,510,0.36,0.878,1,0.34,0.8292,128,0
IWM191108P159,2019-11-07,2019-11-07 09:35:41,0.34,0.8292,70,0.33,0.8048,198,0.36,0.878,1,0.335,0.817,128,0
IWM191108P159,2019-11-07,2019-11-07 09:35:42,0.34,0.8292,64,0.33,0.8048,198,0.36,0.878,1,0.335,0.817,128,0
IWM191108P159,2019-11-07,2019-11-07 09:35:43,0.34,0.8292,64,0.33,0.8048,400,0.36,0.878,1,0.335,0.817,128,0
IWM191108P159,2019-11-07,2019-11-07 09:35:43,0.34,0.8292,64,0.33,0.8048,454,0.36,0.878,1,0.335,0.817,128,0
IWM191108P159,2019-11-07,2019-11-07 09:35:44,0.34,0.8292,64,0.33,0.8048,196,0.36,0.878,1,0.335,0.817,128,0
IWM191108P159,2019-11-07,2019-11-07 09:35:44,0.34,0.8292,64,0.33,0.8048,219,0.36,0.878,1,0.335,0.817,128,0
IWM191108P159,2019-11-07,2019-11-07 09:35:45,0.34,0.8292,71,0.33,0.8048,20,0.36,0.878,1,0.335,0.817,128,0
IWM191108P159,2019-11-07,2019-11-07 09:35:45,0.34,0.8292,64,0.33,0.8048,196,0.36,0.878,1,0.335,0.817,128,0
IWM191108P159,2019-11-07,2019-11-07 09:35:46,0.34,0.8292,71,0.32,0.7804,567,0.36,0.878,1,0.33,0.8048,128,0
IWM191108P159,2019-11-07,2019-11-07 09:35:46,0.34,0.8292,71,0.32,0.7804,424,0.36,0.878,1,0.33,0.8048,128,0
IWM191108P159,2019-11-07,2019-11-07 09:35:47,0.34,0.8292,85,0.32,0.7804,484,0.36,0.878,1,0.33,0.8048,128,0
IWM191108P159,2019-11-07,2019-11-07 09:35:47,0.34,0.8292,85,0.32,0.7804,591,0.36,0.878,1,0.33,0.8048,128,0
IWM191108P159,2019-11-07,2019-11-07 09:35:48,0.34,0.8292,323,0.32,0.7804,571,0.36,0.878,1,0.33,0.8048,128,0
IWM191108P159,2019-11-07,2019-11-07 09:35:48,0.34,0.8292,423,0.32,0.7804,571,0.36,0.878,1,0.33,0.8048,128,0
IWM191108P159,2019-11-07,2019-11-07 09:35:49,0.34,0.8292,502,0.32,0.7804,571,0.36,0.878,1,0.33,0.8048,128,0
IWM191108P159,2019-11-07,2019-11-07 09:35:49,0.34,0.8292,24,0.33,0.8048,31,0.36,0.878,1,0.335,0.817,128,0
IWM191108P159,2019-11-07,2019-11-07 09:35:50,0.34,0.8292,24,0.33,0.8048,96,0.36,0.878,1,0.335,0.817,128,0
IWM191108P159,2019-11-07,2019-11-07 09:35:50,0.34,0.8292,33,0.33,0.8048,96,0.36,0.878,1,0.335,0.817,128,0
IWM191108P159,2019-11-07,2019-11-07 09:35:51,0.34,0.8292,24,0.33,0.8048,222,0.36,0.878,1,0.335,0.817,128,0
IWM191108P159,2019-11-07,2019-11-07 09:35:51,0.34,0.8292,33,0.33,0.8048,222,0.36,0.878,1,0.335,0.817,128,0
IWM191108P159,2019-11-07,2019-11-07 09:35:52,0.34,0.8292,24,0.33,0.8048,255,0.36,0.878,1,0.335,0.817,128,0
IWM191108P159,2019-11-07,2019-11-07 09:35:53,0.34,0.8292,44,0.33,0.8048,57,0.36,0.878,1,0.335,0.817,128,0
IWM191108P159,2019-11-07,2019-11-07 09:35:53,0.34,0.8292,33,0.33,0.8048,74,0.36,0.878,1,0.335,0.817,128,0
IWM191108P159,2019-11-07,2019-11-07 09:35:54,0.34,0.8292,64,0.33,0.8048,47,0.36,0.878,1,0.335,0.817,128,0
IWM191108P159,2019-11-07,2019-11-07 09:35:55,0.34,0.8292,94,0.33,0.8048,24,0.36,0.878,1,0.335,0.817,128,0
IWM191108P159,2019-11-07,2019-11-07 09:35:56,0.34,0.8292,33,0.32,0.7804,288,0.36,0.878,1,0.33,0.8048,128,0
IWM191108P159,2019-11-07,2019-11-07 09:35:56,0.34,0.8292,33,0.33,0.8048,64,0.36,0.878,1,0.335,0.817,128,0
IWM191108P159,2019-11-07,2019-11-07 09:35:57,0.34,0.8292,514,0.32,0.7804,341,0.36,0.878,1,0.33,0.8048,128,0
IWM191108P159,2019-11-07,2019-11-07 09:35:57,0.34,0.8292,537,0.32,0.7804,341,0.36,0.878,1,0.33,0.8048,128,0
IWM191108P159,2019-11-07,2019-11-07 09:35:58,0.34,0.8292,361,0.32,0.7804,681,0.36,0.878,1,0.33,0.8048,128,0
IWM191108P159,2019-11-07,2019-11-07 09:35:59,0.34,0.8292,123,0.32,0.7804,499,0.36,0.878,1,0.33,0.8048,128,0
IWM191108P159,2019-11-07,2019-11-07 09:35:59,0.34,0.8292,287,0.32,0.7804,499,0.36,0.878,1,0.33,0.8048,128,0
IWM191108P159,2019-11-07,2019-11-07 09:36:00,0.34,0.8292,298,0.32,0.7804,576,0.36,0.878,1,0.33,0.8048,128,0
IWM191108P159,2019-11-07,2019-11-07 09:36:00,0.34,0.8292,274,0.32,0.7804,547,0.36,0.878,1,0.33,0.8048,128,0
IWM191108P159,2019-11-07,2019-11-07 09:36:01,0.34,0.8292,373,0.32,0.7804,547,0.36,0.878,1,0.33,0.8048,128,0
IWM191108P159,2019-11-07,2019-11-07 09:36:01,0.34,0.8292,129,0.32,0.7804,573,0.36,0.878,1,0.33,0.8048,128,0
IWM191108P159,2019-11-07,2019-11-07 09:36:02,0.34,0.8292,281,0.32,0.7804,545,0.36,0.878,1,0.33,0.8048,128,0
IWM191108P159,2019-11-07,2019-11-07 09:36:02,0.34,0.8292,310,0.32,0.7804,545,0.36,0.878,1,0.33,0.8048,128,0
IWM191108P159,2019-11-07,2019-11-07 09:36:03,0.34,0.8292,117,0.32,0.7804,545,0.36,0.878,1,0.33,0.8048,128,0
IWM191108P159,2019-11-07,2019-11-07 09:36:04,0.33,0.8048,250,0.32,0.7804,10,0.36,0.878,1,0.325,0.7926,128,0
IWM191108P159,2019-11-07,2019-11-07 09:36:04,0.34,0.8292,310,0.32,0.7804,200,0.36,0.878,1,0.33,0.8048,128,0
IWM191108P159,2019-11-07,2019-11-07 09:36:05,0.32,0.7804,289,0.3,0.7317,588,0.36,0.878,1,0.31,0.756,128,0
IWM191108P159,2019-11-07,2019-11-07 09:36:05,0.32,0.7804,106,0.3,0.7317,480,0.36,0.878,1,0.31,0.756,128,0
IWM191108P159,2019-11-07,2019-11-07 09:36:06,0.32,0.7804,388,0.3,0.7317,520,0.36,0.878,1,0.31,0.756,128,0
IWM191108P159,2019-11-07,2019-11-07 09:36:06,0.32,0.7804,376,0.3,0.7317,139,0.36,0.878,1,0.31,0.756,128,0
IWM191108P159,2019-11-07,2019-11-07 09:36:07,0.32,0.7804,579,0.3,0.7317,413,0.36,0.878,1,0.31,0.756,128,0
IWM191108P159,2019-11-07,2019-11-07 09:36:07,0.32,0.7804,338,0.31,0.756,13,0.36,0.878,1,0.315,0.7682,128,0
IWM191108P159,2019-11-07,2019-11-07 09:36:08,0.32,0.7804,485,0.3,0.7317,413,0.36,0.878,1,0.31,0.756,128,0
IWM191108P159,2019-11-07,2019-11-07 09:36:08,0.32,0.7804,568,0.3,0.7317,516,0.36,0.878,1,0.31,0.756,128,0
IWM191108P159,2019-11-07,2019-11-07 09:36:09,0.32,0.7804,485,0.31,0.756,9,0.36,0.878,1,0.315,0.7682,128,0
IWM191108P159,2019-11-07,2019-11-07 09:36:09,0.32,0.7804,485,0.3,0.7317,371,0.36,0.878,1,0.31,0.756,128,0
IWM191108P159,2019-11-07,2019-11-07 09:36:10,0.32,0.7804,563,0.3,0.7317,572,0.36,0.878,1,0.31,0.756,128,0
IWM191108P159,2019-11-07,2019-11-07 09:36:10,0.32,0.7804,563,0.31,0.756,13,0.36,0.878,1,0.315,0.7682,128,0
IWM191108P159,2019-11-07,2019-11-07 09:36:11,0.32,0.7804,563,0.31,0.756,13,0.36,0.878,1,0.315,0.7682,128,0
IWM191108P159,2019-11-07,2019-11-07 09:36:11,0.33,0.8048,87,0.31,0.756,7,0.36,0.878,1,0.32,0.7804,128,0
IWM191108P159,2019-11-07,2019-11-07 09:36:12,0.32,0.7804,48,0.3,0.7317,465,0.36,0.878,1,0.31,0.756,128,0
IWM191108P159,2019-11-07,2019-11-07 09:36:12,0.32,0.7804,15,0.31,0.756,17,0.36,0.878,1,0.315,0.7682,128,0
IWM191108P159,2019-11-07,2019-11-07 09:36:13,0.32,0.7804,60,0.31,0.756,22,0.36,0.878,1,0.315,0.7682,128,0
IWM191108P159,2019-11-07,2019-11-07 09:36:13,0.32,0.7804,60,0.31,0.756,30,0.36,0.878,1,0.315,0.7682,128,0
IWM191108P159,2019-11-07,2019-11-07 09:36:14,0.32,0.7804,58,0.31,0.756,22,0.36,0.878,1,0.315,0.7682,128,0
IWM191108P159,2019-11-07,2019-11-07 09:36:15,0.32,0.7804,57,0.3,0.7317,170,0.36,0.878,1,0.31,0.756,128,0
IWM191108P159,2019-11-07,2019-11-07 09:36:15,0.32,0.7804,152,0.31,0.756,22,0.36,0.878,1,0.315,0.7682,128,0
IWM191108P159,2019-11-07,2019-11-07 09:36:16,0.33,0.8048,359,0.32,0.7804,13,0.36,0.878,1,0.325,0.7926,128,0
IWM191108P159,2019-11-07,2019-11-07 09:36:16,0.33,0.8048,359,0.31,0.756,148,0.36,0.878,1,0.32,0.7804,128,0
IWM191108P159,2019-11-07,2019-11-07 09:36:17,0.33,0.8048,538,0.32,0.7804,13,0.36,0.878,1,0.325,0.7926,128,0
IWM191108P159,2019-11-07,2019-11-07 09:36:17,0.33,0.8048,538,0.31,0.756,393,0.36,0.878,1,0.32,0.7804,128,0
IWM191108P159,2019-11-07,2019-11-07 09:36:18,0.34,0.8292,645,0.31,0.756,580,0.36,0.878,1,0.325,0.7926,128,0
IWM191108P159,2019-11-07,2019-11-07 09:36:18,0.33,0.8048,37,0.31,0.756,580,0.36,0.878,1,0.32,0.7804,128,0
IWM191108P159,2019-11-07,2019-11-07 09:36:19,0.33,0.8048,78,0.31,0.756,580,0.36,0.878,1,0.32,0.7804,128,0
IWM191108P159,2019-11-07,2019-11-07 09:36:19,0.33,0.8048,85,0.32,0.7804,34,0.36,0.878,1,0.325,0.7926,128,0
IWM191108P159,2019-11-07,2019-11-07 09:36:20,0.33,0.8048,85,0.31,0.756,169,0.36,0.878,1,0.32,0.7804,128,0
IWM191108P159,2019-11-07,2019-11-07 09:36:20,0.33,0.8048,85,0.32,0.7804,4,0.36,0.878,1,0.325,0.7926,128,0
IWM191108P159,2019-11-07,2019-11-07 09:36:21,0.33,0.8048,472,0.31,0.756,286,0.36,0.878,1,0.32,0.7804,128,0
IWM191108P159,2019-11-07,2019-11-07 09:36:21,0.33,0.8048,393,0.31,0.756,286,0.36,0.878,1,0.32,0.7804,128,0
IWM191108P159,2019-11-07,2019-11-07 09:36:22,0.33,0.8048,524,0.3,0.7317,459,0.36,0.878,1,0.315,0.7682,128,0
IWM191108P159,2019-11-07,2019-11-07 09:36:22,0.33,0.8048,524,0.3,0.7317,210,0.36,0.878,1,0.315,0.7682,128,0
IWM191108P159,2019-11-07,2019-11-07 09:36:23,0.32,0.7804,435,0.31,0.756,3,0.36,0.878,1,0.315,0.7682,128,0
IWM191108P159,2019-11-07,2019-11-07 09:36:23,0.32,0.7804,435,0.3,0.7317,459,0.36,0.878,1,0.31,0.756,128,0
IWM191108P159,2019-11-07,2019-11-07 09:36:24,0.32,0.7804,470,0.31,0.756,3,0.36,0.878,1,0.315,0.7682,128,0
IWM191108P159,2019-11-07,2019-11-07 09:36:24,0.32,0.7804,315,0.31,0.756,3,0.36,0.878,1,0.315,0.7682,128,0
IWM191108P159,2019-11-07,2019-11-07 09:36:25,0.32,0.7804,203,0.3,0.7317,353,0.36,0.878,1,0.31,0.756,128,0
IWM191108P159,2019-11-07,2019-11-07 09:36:25,0.32,0.7804,470,0.31,0.756,3,0.36,0.878,1,0.315,0.7682,128,0
IWM191108P159,2019-11-07,2019-11-07 09:36:26,0.32,0.7804,403,0.31,0.756,6,0.36,0.878,1,0.315,0.7682,128,0
IWM191108P159,2019-11-07,2019-11-07 09:36:27,0.32,0.7804,283,0.3,0.7317,328,0.36,0.878,1,0.31,0.756,128,0
IWM191108P159,2019-11-07,2019-11-07 09:36:27,0.32,0.7804,482,0.31,0.756,6,0.36,0.878,1,0.315,0.7682,128,0
IWM191108P159,2019-11-07,2019-11-07 09:36:28,0.32,0.7804,572,0.3,0.7317,353,0.36,0.878,1,0.31,0.756,128,0
IWM191108P159,2019-11-07,2019-11-07 09:36:28,0.32,0.7804,401,0.3,0.7317,353,0.36,0.878,1,0.31,0.756,128,0
IWM191108P159,2019-11-07,2019-11-07 09:36:29,0.32,0.7804,168,0.31,0.756,17,0.36,0.878,1,0.315,0.7682,128,0
IWM191108P159,2019-11-07,2019-11-07 09:36:30,0.32,0.7804,193,0.31,0.756,22,0.36,0.878,1,0.315,0.7682,128,0
IWM191108P159,2019-11-07,2019-11-07 09:36:30,0.32,0.7804,130,0.31,0.756,17,0.36,0.878,1,0.315,0.7682,128,0
IWM191108P159,2019-11-07,2019-11-07 09:36:31,0.32,0.7804,175,0.31,0.756,22,0.36,0.878,1,0.315,0.7682,128,0
IWM191108P159,2019-11-07,2019-11-07 09:36:32,0.32,0.7804,175,0.3,0.7317,406,0.36,0.878,1,0.31,0.756,128,0
IWM191108P159,2019-11-07,2019-11-07 09:36:32,0.33,0.8048,451,0.3,0.7317,406,0.36,0.878,1,0.315,0.7682,128,0
IWM191108P159,2019-11-07,2019-11-07 09:36:33,0.33,0.8048,450,0.31,0.756,202,0.36,0.878,1,0.32,0.7804,128,0
IWM191108P159,2019-11-07,2019-11-07 09:36:33,0.33,0.8048,594,0.31,0.756,442,0.36,0.878,1,0.32,0.7804,128,0
IWM191108P159,2019-11-07,2019-11-07 09:36:34,0.33,0.8048,509,0.31,0.756,490,0.36,0.878,1,0.32,0.7804,128,0
IWM191108P159,2019-11-07,2019-11-07 09:36:34,0.33,0.8048,565,0.31,0.756,529,0.36,0.878,1,0.32,0.7804,128,0
IWM191108P159,2019-11-07,2019-11-07 09:36:35,0.32,0.7804,10,0.31,0.756,120,0.36,0.878,1,0.315,0.7682,128,0
IWM191108P159,2019-11-07,2019-11-07 09:36:35,0.33,0.8048,596,0.31,0.756,515,0.36,0.878,1,0.32,0.7804,128,0
IWM191108P159,2019-11-07,2019-11-07 09:36:36,0.32,0.7804,20,0.31,0.756,120,0.36,0.878,1,0.315,0.7682,128,0
IWM191108P159,2019-11-07,2019-11-07 09:36:36,0.32,0.7804,20,0.31,0.756,22,0.36,0.878,1,0.315,0.7682,128,0
IWM191108P159,2019-11-07,2019-11-07 09:36:37,0.32,0.7804,248,0.31,0.756,22,0.36,0.878,1,0.315,0.7682,128,0
IWM191108P159,2019-11-07,2019-11-07 09:36:37,0.32,0.7804,146,0.31,0.756,22,0.36,0.878,1,0.315,0.7682,128,0
IWM191108P159,2019-11-07,2019-11-07 09:36:38,0.32,0.7804,330,0.31,0.756,13,0.36,0.878,1,0.315,0.7682,128,0
IWM191108P159,2019-11-07,2019-11-07 09:36:38,0.32,0.7804,248,0.31,0.756,22,0.36,0.878,1,0.315,0.7682,128,0
IWM191108P159,2019-11-07,2019-11-07 09:36:39,0.32,0.7804,15,0.31,0.756,44,0.36,0.878,1,0.315,0.7682,128,0
IWM191108P159,2019-11-07,2019-11-07 09:36:39,0.32,0.7804,252,0.31,0.756,13,0.36,0.878,1,0.315,0.7682,128,0
IWM191108P159,2019-11-07,2019-11-07 09:36:40,0.33,0.8048,609,0.3,0.7317,543,0.36,0.878,1,0.315,0.7682,128,0
IWM191108P159,2019-11-07,2019-11-07 09:36:40,0.32,0.7804,43,0.3,0.7317,195,0.36,0.878,1,0.31,0.756,128,0
IWM191108P159,2019-11-07,2019-11-07 09:36:41,0.32,0.7804,124,0.31,0.756,17,0.36,0.878,1,0.315,0.7682,128,0
IWM191108P159,2019-11-07,2019-11-07 09:36:42,0.32,0.7804,124,0.31,0.756,17,0.36,0.878,1,0.315,0.7682,128,0
IWM191108P159,2019-11-07,2019-11-07 09:36:42,0.32,0.7804,330,0.3,0.7317,371,0.36,0.878,1,0.31,0.756,128,0
IWM191108P159,2019-11-07,2019-11-07 09:36:43,0.32,0.7804,328,0.3,0.7317,446,0.36,0.878,1,0.31,0.756,128,0
IWM191108P159,2019-11-07,2019-11-07 09:36:43,0.32,0.7804,303,0.3,0.7317,353,0.36,0.878,1,0.31,0.756,128,0
IWM191108P159,2019-11-07,2019-11-07 09:36:44,0.32,0.7804,124,0.3,0.7317,353,0.36,0.878,1,0.31,0.756,128,0
IWM191108P159,2019-11-07,2019-11-07 09:36:45,0.32,0.7804,112,0.31,0.756,9,0.36,0.878,1,0.315,0.7682,128,0
IWM191108P159,2019-11-07,2019-11-07 09:36:45,0.32,0.7804,124,0.3,0.7317,504,0.36,0.878,1,0.31,0.756,128,0
IWM191108P159,2019-11-07,2019-11-07 09:36:46,0.32,0.7804,59,0.31,0.756,285,0.36,0.878,1,0.315,0.7682,128,0
IWM191108P159,2019-11-07,2019-11-07 09:36:46,0.32,0.7804,100,0.3,0.7317,415,0.36,0.878,1,0.31,0.756,128,0
IWM191108P159,2019-11-07,2019-11-07 09:36:47,0.33,0.8048,439,0.31,0.756,503,0.36,0.878,1,0.32,0.7804,128,0
IWM191108P159,2019-11-07,2019-11-07 09:36:47,0.32,0.7804,1,0.31,0.756,19,0.36,0.878,1,0.315,0.7682,128,0
IWM191108P159,2019-11-07,2019-11-07 09:36:48,0.32,0.7804,10,0.31,0.756,85,0.36,0.878,1,0.315,0.7682,128,0
IWM191108P159,2019-11-07,2019-11-07 09:36:49,0.32,0.7804,10,0.31,0.756,429,0.36,0.878,1,0.315,0.7682,128,0
IWM191108P159,2019-11-07,2019-11-07 09:36:49,0.32,0.7804,10,0.32,0.7804,10,0.36,0.878,1,0.32,0.7804,128,0
IWM191108P159,2019-11-07,2019-11-07 09:36:50,0.33,0.8048,127,0.32,0.7804,22,0.36,0.878,1,0.325,0.7926,128,0
IWM191108P159,2019-11-07,2019-11-07 09:36:50,0.34,0.8292,165,0.32,0.7804,200,0.36,0.878,1,0.33,0.8048,128,0
IWM191108P159,2019-11-07,2019-11-07 09:36:51,0.34,0.8292,397,0.32,0.7804,100,0.36,0.878,1,0.33,0.8048,128,0
IWM191108P159,2019-11-07,2019-11-07 09:36:51,0.34,0.8292,476,0.32,0.7804,175,0.36,0.878,1,0.33,0.8048,128,0
IWM191108P159,2019-11-07,2019-11-07 09:36:52,0.34,0.8292,253,0.33,0.8048,17,0.36,0.878,1,0.335,0.817,128,0
IWM191108P159,2019-11-07,2019-11-07 09:36:52,0.34,0.8292,91,0.32,0.7804,187,0.36,0.878,1,0.33,0.8048,128,0
IWM191108P159,2019-11-07,2019-11-07 09:36:53,0.34,0.8292,410,0.32,0.7804,319,0.36,0.878,1,0.33,0.8048,128,0
IWM191108P159,2019-11-07,2019-11-07 09:36:53,0.33,0.8048,26,0.32,0.7804,14,0.36,0.878,1,0.325,0.7926,128,0
IWM191108P159,2019-11-07,2019-11-07 09:36:54,0.33,0.8048,45,0.32,0.7804,17,0.36,0.878,1,0.325,0.7926,128,0
IWM191108P159,2019-11-07,2019-11-07 09:36:54,0.33,0.8048,253,0.32,0.7804,17,0.36,0.878,1,0.325,0.7926,128,0
IWM191108P159,2019-11-07,2019-11-07 09:36:55,0.33,0.8048,253,0.32,0.7804,17,0.36,0.878,1,0.325,0.7926,128,0
IWM191108P159,2019-11-07,2019-11-07 09:36:56,0.33,0.8048,520,0.31,0.756,318,0.36,0.878,1,0.32,0.7804,128,0
IWM191108P159,2019-11-07,2019-11-07 09:36:56,0.33,0.8048,585,0.32,0.7804,9,0.36,0.878,1,0.325,0.7926,128,0
IWM191108P159,2019-11-07,2019-11-07 09:36:57,0.33,0.8048,136,0.32,0.7804,9,0.36,0.878,1,0.325,0.7926,128,0
IWM191108P159,2019-11-07,2019-11-07 09:36:57,0.33,0.8048,566,0.32,0.7804,9,0.36,0.878,1,0.325,0.7926,128,0
IWM191108P159,2019-11-07,2019-11-07 09:36:59,0.34,0.8292,613,0.32,0.7804,574,0.36,0.878,1,0.33,0.8048,128,0
IWM191108P159,2019-11-07,2019-11-07 09:36:59,0.34,0.8292,462,0.32,0.7804,486,0.36,0.878,1,0.33,0.8048,128,0
IWM191108P159,2019-11-07,2019-11-07 09:37:00,0.34,0.8292,69,0.32,0.7804,535,0.36,0.878,1,0.33,0.8048,128,0
IWM191108P159,2019-11-07,2019-11-07 09:37:00,0.34,0.8292,40,0.32,0.7804,557,0.36,0.878,1,0.33,0.8048,128,0
IWM191108P159,2019-11-07,2019-11-07 09:37:01,0.34,0.8292,14,0.32,0.7804,511,0.36,0.878,1,0.33,0.8048,128,0
IWM191108P159,2019-11-07,2019-11-07 09:37:01,0.34,0.8292,64,0.32,0.7804,293,0.36,0.878,1,0.33,0.8048,128,0
IWM191108P159,2019-11-07,2019-11-07 09:37:02,0.35,0.8536,463,0.33,0.8048,540,0.36,0.878,1,0.34,0.8292,128,0
IWM191108P159,2019-11-07,2019-11-07 09:37:02,0.35,0.8536,121,0.33,0.8048,163,0.36,0.878,1,0.34,0.8292,128,0
IWM191108P159,2019-11-07,2019-11-07 09:37:03,0.35,0.8536,468,0.33,0.8048,553,0.36,0.878,1,0.34,0.8292,128,0
IWM191108P159,2019-11-07,2019-11-07 09:37:03,0.35,0.8536,352,0.33,0.8048,389,0.36,0.878,1,0.34,0.8292,128,0
IWM191108P159,2019-11-07,2019-11-07 09:37:04,0.35,0.8536,264,0.34,0.8292,13,0.36,0.878,1,0.345,0.8414,128,0
IWM191108P159,2019-11-07,2019-11-07 09:37:04,0.35,0.8536,317,0.33,0.8048,431,0.36,0.878,1,0.34,0.8292,128,0
IWM191108P159,2019-11-07,2019-11-07 09:37:05,0.34,0.8292,41,0.33,0.8048,13,0.36,0.878,1,0.335,0.817,128,0
IWM191108P159,2019-11-07,2019-11-07 09:37:05,0.34,0.8292,30,0.33,0.8048,13,0.36,0.878,1,0.335,0.817,128,0
IWM191108P159,2019-11-07,2019-11-07 09:37:06,0.34,0.8292,96,0.33,0.8048,34,0.36,0.878,1,0.335,0.817,128,0
IWM191108P159,2019-11-07,2019-11-07 09:37:06,0.34,0.8292,104,0.32,0.7804,100,0.36,0.878,1,0.33,0.8048,128,0
IWM191108P159,2019-11-07,2019-11-07 09:37:07,0.34,0.8292,46,0.33,0.8048,11,0.36,0.878,1,0.335,0.817,128,0
IWM191108P159,2019-11-07,2019-11-07 09:37:07,0.34,0.8292,46,0.33,0.8048,24,0.36,0.878,1,0.335,0.817,128,0
IWM191108P159,2019-11-07,2019-11-07 09:37:08,0.34,0.8292,407,0.33,0.8048,17,0.36,0.878,1,0.335,0.817,128,0
IWM191108P159,2019-11-07,2019-11-07 09:37:09,0.34,0.8292,445,0.33,0.8048,17,0.36,0.878,1,0.335,0.817,128,0
IWM191108P159,2019-11-07,2019-11-07 09:37:09,0.34,0.8292,592,0.32,0.7804,165,0.36,0.878,1,0.33,0.8048,128,0
IWM191108P159,2019-11-07,2019-11-07 09:37:10,0.34,0.8292,521,0.31,0.756,458,0.36,0.878,1,0.325,0.7926,128,0
IWM191108P159,2019-11-07,2019-11-07 09:37:10,0.33,0.8048,24,0.31,0.756,456,0.36,0.878,1,0.32,0.7804,128,0
IWM191108P159,2019-11-07,2019-11-07 09:37:11,0.33,0.8048,24,0.31,0.756,507,0.36,0.878,1,0.32,0.7804,128,0
IWM191108P159,2019-11-07,2019-11-07 09:37:11,0.33,0.8048,31,0.32,0.7804,13,0.36,0.878,1,0.325,0.7926,128,0
IWM191108P159,2019-11-07,2019-11-07 09:37:12,0.32,0.7804,9,0.31,0.756,205,0.36,0.878,1,0.315,0.7682,128,0
IWM191108P159,2019-11-07,2019-11-07 09:37:12,0.33,0.8048,29,0.31,0.756,572,0.36,0.878,1,0.32,0.7804,128,0
IWM191108P159,2019-11-07,2019-11-07 09:37:13,0.33,0.8048,120,0.31,0.756,439,0.36,0.878,1,0.32,0.7804,128,0
IWM191108P159,2019-11-07,2019-11-07 09:37:13,0.33,0.8048,145,0.32,0.7804,13,0.36,0.878,1,0.325,0.7926,128,0
IWM191108P159,2019-11-07,2019-11-07 09:37:14,0.33,0.8048,34,0.32,0.7804,28,0.36,0.878,1,0.325,0.7926,128,0
IWM191108P159,2019-11-07,2019-11-07 09:37:14,0.33,0.8048,62,0.32,0.7804,51,0.36,0.878,1,0.325,0.7926,128,0
IWM191108P159,2019-11-07,2019-11-07 09:37:15,0.33,0.8048,466,0.32,0.7804,13,0.36,0.878,1,0.325,0.7926,128,0
IWM191108P159,2019-11-07,2019-11-07 09:37:15,0.33,0.8048,34,0.32,0.7804,26,0.36,0.878,1,0.325,0.7926,128,0
IWM191108P159,2019-11-07,2019-11-07 09:37:16,0.33,0.8048,126,0.32,0.7804,13,0.36,0.878,1,0.325,0.7926,128,0
IWM191108P159,2019-11-07,2019-11-07 09:37:16,0.33,0.8048,435,0.32,0.7804,13,0.36,0.878,1,0.325,0.7926,128,0
IWM191108P159,2019-11-07,2019-11-07 09:37:17,0.33,0.8048,111,0.31,0.756,448,0.36,0.878,1,0.32,0.7804,128,0
IWM191108P159,2019-11-07,2019-11-07 09:37:17,0.33,0.8048,117,0.32,0.7804,13,0.36,0.878,1,0.325,0.7926,128,0
IWM191108P159,2019-11-07,2019-11-07 09:37:18,0.33,0.8048,396,0.32,0.7804,11,0.36,0.878,1,0.325,0.7926,128,0
IWM191108P159,2019-11-07,2019-11-07 09:37:18,0.32,0.7804,68,0.31,0.756,319,0.36,0.878,1,0.315,0.7682,128,0
IWM191108P159,2019-11-07,2019-11-07 09:37:19,0.32,0.7804,68,0.31,0.756,423,0.36,0.878,1,0.315,0.7682,128,0
IWM191108P159,2019-11-07,2019-11-07 09:37:20,0.32,0.7804,68,0.31,0.756,544,0.36,0.878,1,0.315,0.7682,128,0
IWM191108P159,2019-11-07,2019-11-07 09:37:20,0.33,0.8048,195,0.32,0.7804,9,0.36,0.878,1,0.325,0.7926,128,0
IWM191108P159,2019-11-07,2019-11-07 09:37:21,0.33,0.8048,23,0.31,0.756,299,0.36,0.878,1,0.32,0.7804,128,0
IWM191108P159,2019-11-07,2019-11-07 09:37:21,0.33,0.8048,91,0.31,0.756,178,0.36,0.878,1,0.32,0.7804,128,0
IWM191108P159,2019-11-07,2019-11-07 09:37:22,0.32,0.7804,62,0.31,0.756,163,0.36,0.878,1,0.315,0.7682,128,0
IWM191108P159,2019-11-07,2019-11-07 09:37:22,0.32,0.7804,61,0.31,0.756,481,0.36,0.878,1,0.315,0.7682,128,0
IWM191108P159,2019-11-07,2019-11-07 09:37:23,0.32,0.7804,105,0.31,0.756,9,0.36,0.878,1,0.315,0.7682,128,0
IWM191108P159,2019-11-07,2019-11-07 09:37:23,0.32,0.7804,62,0.31,0.756,85,0.36,0.878,1,0.315,0.7682,128,0
IWM191108P159,2019-11-07,2019-11-07 09:37:24,0.32,0.7804,62,0.31,0.756,85,0.36,0.878,1,0.315,0.7682,128,0
IWM191108P159,2019-11-07,2019-11-07 09:37:25,0.32,0.7804,99,0.31,0.756,57,0.36,0.878,1,0.315,0.7682,128,0
IWM191108P159,2019-11-07,2019-11-07 09:37:25,0.32,0.7804,77,0.31,0.756,85,0.36,0.878,1,0.315,0.7682,128,0
IWM191108P159,2019-11-07,2019-11-07 09:37:26,0.32,0.7804,99,0.31,0.756,30,0.36,0.878,1,0.315,0.7682,128,0
IWM191108P159,2019-11-07,2019-11-07 09:37:26,0.32,0.7804,157,0.31,0.756,30,0.36,0.878,1,0.315,0.7682,128,0
IWM191108P159,2019-11-07,2019-11-07 09:37:27,0.32,0.7804,72,0.31,0.756,110,0.36,0.878,1,0.315,0.7682,128,0
IWM191108P159,2019-11-07,2019-11-07 09:37:27,0.32,0.7804,141,0.31,0.756,30,0.36,0.878,1,0.315,0.7682,128,0
IWM191108P159,2019-11-07,2019-11-07 09:37:28,0.32,0.7804,72,0.31,0.756,30,0.36,0.878,1,0.315,0.7682,128,0
IWM191108P159,2019-11-07,2019-11-07 09:37:28,0.32,0.7804,72,0.31,0.756,110,0.36,0.878,1,0.315,0.7682,128,0
IWM191108P159,2019-11-07,2019-11-07 09:37:29,0.32,0.7804,72,0.31,0.756,30,0.36,0.878,1,0.315,0.7682,128,0
IWM191108P159,2019-11-07,2019-11-07 09:37:29,0.32,0.7804,80,0.31,0.756,30,0.36,0.878,1,0.315,0.7682,128,0
IWM191108P159,2019-11-07,2019-11-07 09:37:30,0.32,0.7804,172,0.3,0.7317,593,0.36,0.878,1,0.31,0.756,128,0
IWM191108P159,2019-11-07,2019-11-07 09:37:30,0.32,0.7804,172,0.3,0.7317,526,0.36,0.878,1,0.31,0.756,128,0
IWM191108P159,2019-11-07,2019-11-07 09:37:31,0.31,0.756,105,0.29,0.7073,334,0.36,0.878,1,0.3,0.7317,128,0
IWM191108P159,2019-11-07,2019-11-07 09:37:31,0.31,0.756,87,0.29,0.7073,691,0.36,0.878,1,0.3,0.7317,128,0
IWM191108P159,2019-11-07,2019-11-07 09:37:32,0.31,0.756,335,0.29,0.7073,563,0.36,0.878,1,0.3,0.7317,128,0
IWM191108P159,2019-11-07,2019-11-07 09:37:32,0.31,0.756,211,0.29,0.7073,577,0.36,0.878,1,0.3,0.7317,128,0
IWM191108P159,2019-11-07,2019-11-07 09:37:33,0.32,0.7804,84,0.3,0.7317,152,0.36,0.878,1,0.31,0.756,128,0
IWM191108P159,2019-11-07,2019-11-07 09:37:33,0.31,0.756,86,0.29,0.7073,577,0.36,0.878,1,0.3,0.7317,128,0
IWM191108P159,2019-11-07,2019-11-07 09:37:34,0.32,0.7804,456,0.3,0.7317,10,0.36,0.878,1,0.31,0.756,128,0
IWM191108P159,2019-11-07,2019-11-07 09:37:34,0.31,0.756,86,0.3,0.7317,14,0.36,0.878,1,0.305,0.7439,128,0
IWM191108P159,2019-11-07,2019-11-07 09:37:35,0.31,0.756,86,0.3,0.7317,30,0.36,0.878,1,0.305,0.7439,128,0
IWM191108P159,2019-11-07,2019-11-07 09:37:36,0.31,0.756,78,0.3,0.7317,62,0.36,0.878,1,0.305,0.7439,128,0
IWM191108P159,2019-11-07,2019-11-07 09:37:36,0.31,0.756,86,0.3,0.7317,76,0.36,0.878,1,0.305,0.7439,128,0
IWM191108P159,2019-11-07,2019-11-07 09:37:37,0.31,0.756,112,0.3,0.7317,30,0.36,0.878,1,0.305,0.7439,128,0
IWM191108P159,2019-11-07,2019-11-07 09:37:37,0.31,0.756,112,0.3,0.7317,22,0.36,0.878,1,0.305,0.7439,128,0
IWM191108P159,2019-11-07,2019-11-07 09:37:38,0.31,0.756,112,0.3,0.7317,30,0.36,0.878,1,0.305,0.7439,128,0
IWM191108P159,2019-11-07,2019-11-07 09:37:38,0.32,0.7804,40,0.3,0.7317,46,0.36,0.878,1,0.31,0.756,128,0
IWM191108P159,2019-11-07,2019-11-07 09:37:39,0.33,0.8048,101,0.31,0.756,41,0.36,0.878,1,0.32,0.7804,128,0
IWM191108P159,2019-11-07,2019-11-07 09:37:40,0.33,0.8048,246,0.31,0.756,41,0.36,0.878,1,0.32,0.7804,128,0
IWM191108P159,2019-11-07,2019-11-07 09:37:41,0.33,0.8048,285,0.31,0.756,33,0.36,0.878,1,0.32,0.7804,128,0
IWM191108P159,2019-11-07,2019-11-07 09:37:41,0.33,0.8048,246,0.31,0.756,41,0.36,0.878,1,0.32,0.7804,128,0
IWM191108P159,2019-11-07,2019-11-07 09:37:42,0.33,0.8048,285,0.3,0.7317,224,0.36,0.878,1,0.315,0.7682,128,0
IWM191108P159,2019-11-07,2019-11-07 09:37:42,0.33,0.8048,71,0.3,0.7317,134,0.36,0.878,1,0.315,0.7682,128,0
IWM191108P159,2019-11-07,2019-11-07 09:37:43,0.33,0.8048,265,0.3,0.7317,209,0.36,0.878,1,0.315,0.7682,128,0
IWM191108P159,2019-11-07,2019-11-07 09:37:43,0.32,0.7804,38,0.3,0.7317,241,0.36,0.878,1,0.31,0.756,128,0
IWM191108P159,2019-11-07,2019-11-07 09:37:44,0.33,0.8048,317,0.31,0.756,163,0.36,0.878,1,0.32,0.7804,128,0
IWM191108P159,2019-11-07,2019-11-07 09:37:44,0.33,0.8048,240,0.31,0.756,120,0.36,0.878,1,0.32,0.7804,128,0
IWM191108P159,2019-11-07,2019-11-07 09:37:45,0.33,0.8048,189,0.31,0.756,480,0.36,0.878,1,0.32,0.7804,128,0
IWM191108P159,2019-11-07,2019-11-07 09:37:45,0.34,0.8292,80,0.32,0.7804,320,0.36,0.878,1,0.33,0.8048,128,0
IWM191108P159,2019-11-07,2019-11-07 09:37:46,0.34,0.8292,410,0.32,0.7804,307,0.36,0.878,1,0.33,0.8048,128,0
IWM191108P159,2019-11-07,2019-11-07 09:37:46,0.34,0.8292,341,0.32,0.7804,517,0.36,0.878,1,0.33,0.8048,128,0
IWM191108P159,2019-11-07,2019-11-07 09:37:47,0.34,0.8292,123,0.32,0.7804,359,0.36,0.878,1,0.33,0.8048,128,0
IWM191108P159,2019-11-07,2019-11-07 09:37:47,0.34,0.8292,460,0.32,0.7804,552,0.36,0.878,1,0.33,0.8048,128,0
IWM191108P159,2019-11-07,2019-11-07 09:37:48,0.34,0.8292,460,0.32,0.7804,601,0.36,0.878,1,0.33,0.8048,128,0
IWM191108P159,2019-11-07,2019-11-07 09:37:48,0.34,0.8292,181,0.33,0.8048,17,0.36,0.878,1,0.335,0.817,128,0
IWM191108P159,2019-11-07,2019-11-07 09:37:49,0.34,0.8292,489,0.32,0.7804,530,0.36,0.878,1,0.33,0.8048,128,0
IWM191108P159,2019-11-07,2019-11-07 09:37:50,0.34,0.8292,181,0.32,0.7804,530,0.36,0.878,1,0.33,0.8048,128,0
IWM191108P159,2019-11-07,2019-11-07 09:37:50,0.34,0.8292,489,0.32,0.7804,530,0.36,0.878,1,0.33,0.8048,128,0
IWM191108P159,2019-11-07,2019-11-07 09:37:51,0.34,0.8292,422,0.32,0.7804,123,0.36,0.878,1,0.33,0.8048,128,0
IWM191108P159,2019-11-07,2019-11-07 09:37:51,0.34,0.8292,529,0.32,0.7804,123,0.36,0.878,1,0.33,0.8048,128,0
IWM191108P159,2019-11-07,2019-11-07 09:37:52,0.34,0.8292,529,0.32,0.7804,93,0.36,0.878,1,0.33,0.8048,128,0
IWM191108P159,2019-11-07,2019-11-07 09:37:52,0.34,0.8292,529,0.32,0.7804,180,0.36,0.878,1,0.33,0.8048,128,0
IWM191108P159,2019-11-07,2019-11-07 09:37:53,0.34,0.8292,17,0.32,0.7804,180,0.36,0.878,1,0.33,0.8048,128,0
IWM191108P159,2019-11-07,2019-11-07 09:37:53,0.33,0.8048,41,0.32,0.7804,180,0.36,0.878,1,0.325,0.7926,128,0
IWM191108P159,2019-11-07,2019-11-07 09:37:54,0.34,0.8292,20,0.33,0.8048,52,0.36,0.878,1,0.335,0.817,128,0
IWM191108P159,2019-11-07,2019-11-07 09:37:54,0.34,0.8292,20,0.33,0.8048,107,0.36,0.878,1,0.335,0.817,128,0
IWM191108P159,2019-11-07,2019-11-07 09:37:55,0.34,0.8292,35,0.33,0.8048,22,0.36,0.878,1,0.335,0.817,128,0
IWM191108P159,2019-11-07,2019-11-07 09:37:56,0.35,0.8536,110,0.33,0.8048,41,0.36,0.878,1,0.34,0.8292,128,0
IWM191108P159,2019-11-07,2019-11-07 09:37:56,0.35,0.8536,149,0.33,0.8048,505,0.36,0.878,1,0.34,0.8292,128,0
IWM191108P159,2019-11-07,2019-11-07 09:37:57,0.35,0.8536,164,0.33,0.8048,495,0.36,0.878,1,0.34,0.8292,128,0
IWM191108P159,2019-11-07,2019-11-07 09:37:57,0.35,0.8536,280,0.33,0.8048,495,0.36,0.878,1,0.34,0.8292,128,0
IWM191108P159,2019-11-07,2019-11-07 09:37:58,0.35,0.8536,531,0.33,0.8048,145,0.36,0.878,1,0.34,0.8292,128,0
IWM191108P159,2019-11-07,2019-11-07 09:37:58,0.35,0.8536,458,0.33,0.8048,155,0.36,0.878,1,0.34,0.8292,128,0
IWM191108P159,2019-11-07,2019-11-07 09:37:59,0.34,0.8292,449,0.32,0.7804,589,0.36,0.878,1,0.33,0.8048,128,0
IWM191108P159,2019-11-07,2019-11-07 09:37:59,0.34,0.8292,37,0.33,0.8048,29,0.36,0.878,1,0.335,0.817,128,0
IWM191108P159,2019-11-07,2019-11-07 09:38:00,0.34,0.8292,46,0.33,0.8048,44,0.36,0.878,1,0.335,0.817,128,0
IWM191108P159,2019-11-07,2019-11-07 09:38:00,0.34,0.8292,30,0.33,0.8048,44,0.36,0.878,1,0.335,0.817,128,0
IWM191108P159,2019-11-07,2019-11-07 09:38:01,0.34,0.8292,44,0.33,0.8048,40,0.36,0.878,1,0.335,0.817,128,0
IWM191108P159,2019-11-07,2019-11-07 09:38:01,0.34,0.8292,79,0.32,0.7804,120,0.36,0.878,1,0.33,0.8048,128,0
IWM191108P159,2019-11-07,2019-11-07 09:38:02,0.34,0.8292,502,0.32,0.7804,128,0.36,0.878,1,0.33,0.8048,128,0
IWM191108P159,2019-11-07,2019-11-07 09:38:02,0.34,0.8292,629,0.32,0.7804,215,0.36,0.878,1,0.33,0.8048,128,0
IWM191108P159,2019-11-07,2019-11-07 09:38:03,0.34,0.8292,629,0.33,0.8048,8,0.36,0.878,1,0.335,0.817,128,0
IWM191108P159,2019-11-07,2019-11-07 09:38:03,0.34,0.8292,564,0.32,0.7804,311,0.33,0.8048,4,0.33,0.8048,132,4
IWM191108P159,2019-11-07,2019-11-07 09:38:04,0.34,0.8292,126,0.33,0.8048,13,0.33,0.8048,4,0.335,0.817,132,0
IWM191108P159,2019-11-07,2019-11-07 09:38:04,0.34,0.8292,535,0.32,0.7804,509,0.33,0.8048,4,0.33,0.8048,132,0
IWM191108P159,2019-11-07,2019-11-07 09:38:05,0.35,0.8536,260,0.33,0.8048,251,0.33,0.8048,4,0.34,0.8292,132,0
IWM191108P159,2019-11-07,2019-11-07 09:38:05,0.34,0.8292,148,0.32,0.7804,509,0.33,0.8048,4,0.33,0.8048,132,0
IWM191108P159,2019-11-07,2019-11-07 09:38:06,0.35,0.8536,142,0.33,0.8048,19,0.33,0.8048,4,0.34,0.8292,132,0
IWM191108P159,2019-11-07,2019-11-07 09:38:06,0.35,0.8536,161,0.33,0.8048,19,0.33,0.8048,4,0.34,0.8292,132,0
IWM191108P159,2019-11-07,2019-11-07 09:38:07,0.35,0.8536,251,0.34,0.8292,13,0.33,0.8048,4,0.345,0.8414,132,0
IWM191108P159,2019-11-07,2019-11-07 09:38:08,0.35,0.8536,399,0.33,0.8048,191,0.33,0.8048,4,0.34,0.8292,132,0
IWM191108P159,2019-11-07,2019-11-07 09:38:09,0.34,0.8292,28,0.33,0.8048,55,0.33,0.8048,4,0.335,0.817,132,0
IWM191108P159,2019-11-07,2019-11-07 09:38:09,0.35,0.8536,529,0.33,0.8048,186,0.33,0.8048,4,0.34,0.8292,132,0
IWM191108P159,2019-11-07,2019-11-07 09:38:10,0.34,0.8292,28,0.32,0.7804,461,0.33,0.8048,4,0.33,0.8048,132,0
IWM191108P159,2019-11-07,2019-11-07 09:38:10,0.34,0.8292,28,0.32,0.7804,410,0.33,0.8048,4,0.33,0.8048,132,0
IWM191108P159,2019-11-07,2019-11-07 09:38:11,0.34,0.8292,149,0.33,0.8048,22,0.33,0.8048,4,0.335,0.817,132,0
IWM191108P159,2019-11-07,2019-11-07 09:38:11,0.34,0.8292,511,0.32,0.7804,417,0.33,0.8048,4,0.33,0.8048,132,0
IWM191108P159,2019-11-07,2019-11-07 09:38:12,0.35,0.8536,525,0.33,0.8048,491,0.33,0.8048,4,0.34,0.8292,132,0
IWM191108P159,2019-11-07,2019-11-07 09:38:12,0.35,0.8536,159,0.33,0.8048,361,0.33,0.8048,4,0.34,0.8292,132,0
IWM191108P159,2019-11-07,2019-11-07 09:38:13,0.35,0.8536,438,0.33,0.8048,525,0.33,0.8048,4,0.34,0.8292,132,0
IWM191108P159,2019-11-07,2019-11-07 09:38:14,0.35,0.8536,513,0.33,0.8048,151,0.33,0.8048,4,0.34,0.8292,132,0
IWM191108P159,2019-11-07,2019-11-07 09:38:14,0.35,0.8536,548,0.33,0.8048,170,0.33,0.8048,4,0.34,0.8292,132,0
IWM191108P159,2019-11-07,2019-11-07 09:38:15,0.35,0.8536,616,0.33,0.8048,465,0.33,0.8048,4,0.34,0.8292,132,0
IWM191108P159,2019-11-07,2019-11-07 09:38:15,0.35,0.8536,475,0.33,0.8048,479,0.33,0.8048,4,0.34,0.8292,132,0
IWM191108P159,2019-11-07,2019-11-07 09:38:16,0.35,0.8536,356,0.33,0.8048,479,0.33,0.8048,4,0.34,0.8292,132,0
IWM191108P159,2019-11-07,2019-11-07 09:38:16,0.35,0.8536,677,0.33,0.8048,479,0.33,0.8048,4,0.34,0.8292,132,0
IWM191108P159,2019-11-07,2019-11-07 09:38:17,0.35,0.8536,664,0.33,0.8048,479,0.33,0.8048,4,0.34,0.8292,132,0
IWM191108P159,2019-11-07,2019-11-07 09:38:17,0.35,0.8536,561,0.33,0.8048,418,0.33,0.8048,4,0.34,0.8292,132,0
IWM191108P159,2019-11-07,2019-11-07 09:38:18,0.34,0.8292,30,0.33,0.8048,365,0.33,0.8048,4,0.335,0.817,132,0
IWM191108P159,2019-11-07,2019-11-07 09:38:18,0.35,0.8536,561,0.33,0.8048,365,0.33,0.8048,4,0.34,0.8292,132,0
IWM191108P159,2019-11-07,2019-11-07 09:38:19,0.35,0.8536,670,0.33,0.8048,406,0.33,0.8048,4,0.34,0.8292,132,0
IWM191108P159,2019-11-07,2019-11-07 09:38:19,0.34,0.8292,30,0.33,0.8048,575,0.33,0.8048,4,0.335,0.817,132,0
IWM191108P159,2019-11-07,2019-11-07 09:38:20,0.34,0.8292,20,0.33,0.8048,406,0.33,0.8048,4,0.335,0.817,132,0
IWM191108P159,2019-11-07,2019-11-07 09:38:20,0.35,0.8536,547,0.33,0.8048,406,0.33,0.8048,4,0.34,0.8292,132,0
IWM191108P159,2019-11-07,2019-11-07 09:38:21,0.34,0.8292,224,0.33,0.8048,15,0.33,0.8048,4,0.335,0.817,132,0
IWM191108P159,2019-11-07,2019-11-07 09:38:21,0.34,0.8292,32,0.33,0.8048,15,0.33,0.8048,4,0.335,0.817,132,0
IWM191108P159,2019-11-07,2019-11-07 09:38:22,0.34,0.8292,304,0.32,0.7804,572,0.33,0.8048,4,0.33,0.8048,132,0
IWM191108P159,2019-11-07,2019-11-07 09:38:22,0.34,0.8292,304,0.32,0.7804,350,0.33,0.8048,4,0.33,0.8048,132,0
IWM191108P159,2019-11-07,2019-11-07 09:38:23,0.34,0.8292,304,0.32,0.7804,572,0.33,0.8048,4,0.33,0.8048,132,0
IWM191108P159,2019-11-07,2019-11-07 09:38:24,0.34,0.8292,304,0.32,0.7804,572,0.33,0.8048,4,0.33,0.8048,132,0
IWM191108P159,2019-11-07,2019-11-07 09:38:24,0.34,0.8292,439,0.32,0.7804,572,0.33,0.8048,4,0.33,0.8048,132,0
IWM191108P159,2019-11-07,2019-11-07 09:38:25,0.34,0.8292,439,0.32,0.7804,572,0.33,0.8048,4,0.33,0.8048,132,0
IWM191108P159,2019-11-07,2019-11-07 09:38:25,0.34,0.8292,330,0.32,0.7804,572,0.33,0.8048,4,0.33,0.8048,132,0
IWM191108P159,2019-11-07,2019-11-07 09:38:26,0.34,0.8292,330,0.32,0.7804,572,0.33,0.8048,4,0.33,0.8048,132,0
IWM191108P159,2019-11-07,2019-11-07 09:38:26,0.34,0.8292,306,0.32,0.7804,572,0.33,0.8048,4,0.33,0.8048,132,0
IWM191108P159,2019-11-07,2019-11-07 09:38:27,0.34,0.8292,306,0.32,0.7804,572,0.33,0.8048,4,0.33,0.8048,132,0
IWM191108P159,2019-11-07,2019-11-07 09:38:28,0.34,0.8292,511,0.32,0.7804,720,0.33,0.8048,4,0.33,0.8048,132,0
IWM191108P159,2019-11-07,2019-11-07 09:38:29,0.34,0.8292,532,0.32,0.7804,486,0.33,0.8048,4,0.33,0.8048,132,0
IWM191108P159,2019-11-07,2019-11-07 09:38:29,0.34,0.8292,532,0.32,0.7804,565,0.33,0.8048,4,0.33,0.8048,132,0
IWM191108P159,2019-11-07,2019-11-07 09:38:30,0.34,0.8292,532,0.32,0.7804,472,0.33,0.8048,4,0.33,0.8048,132,0
IWM191108P159,2019-11-07,2019-11-07 09:38:31,0.34,0.8292,532,0.32,0.7804,472,0.33,0.8048,4,0.33,0.8048,132,0
IWM191108P159,2019-11-07,2019-11-07 09:38:32,0.34,0.8292,532,0.32,0.7804,472,0.33,0.8048,4,0.33,0.8048,132,0
IWM191108P159,2019-11-07,2019-11-07 09:38:32,0.33,0.8048,31,0.32,0.7804,40,0.33,0.8048,4,0.325,0.7926,132,0
IWM191108P159,2019-11-07,2019-11-07 09:38:33,0.33,0.8048,26,0.32,0.7804,40,0.33,0.8048,4,0.325,0.7926,132,0
IWM191108P159,2019-11-07,2019-11-07 09:38:33,0.33,0.8048,49,0.32,0.7804,40,0.33,0.8048,4,0.325,0.7926,132,0
IWM191108P159,2019-11-07,2019-11-07 09:38:34,0.33,0.8048,54,0.32,0.7804,13,0.33,0.8048,4,0.325,0.7926,132,0
IWM191108P159,2019-11-07,2019-11-07 09:38:34,0.33,0.8048,11,0.32,0.7804,24,0.33,0.8048,4,0.325,0.7926,132,0
IWM191108P159,2019-11-07,2019-11-07 09:38:35,0.33,0.8048,613,0.31,0.756,584,0.33,0.8048,4,0.32,0.7804,132,0
IWM191108P159,2019-11-07,2019-11-07 09:38:35,0.33,0.8048,391,0.32,0.7804,13,0.33,0.8048,4,0.325,0.7926,132,0
IWM191108P159,2019-11-07,2019-11-07 09:38:36,0.33,0.8048,200,0.32,0.7804,13,0.33,0.8048,4,0.325,0.7926,132,0
IWM191108P159,2019-11-07,2019-11-07 09:38:36,0.33,0.8048,231,0.32,0.7804,13,0.33,0.8048,4,0.325,0.7926,132,0
IWM191108P159,2019-11-07,2019-11-07 09:38:37,0.33,0.8048,279,0.31,0.756,427,0.33,0.8048,4,0.32,0.7804,132,0
IWM191108P159,2019-11-07,2019-11-07 09:38:37,0.33,0.8048,328,0.32,0.7804,13,0.33,0.8048,4,0.325,0.7926,132,0
IWM191108P159,2019-11-07,2019-11-07 09:38:38,0.33,0.8048,279,0.31,0.756,427,0.33,0.8048,4,0.32,0.7804,132,0
IWM191108P159,2019-11-07,2019-11-07 09:38:39,0.33,0.8048,279,0.32,0.7804,12,0.33,0.8048,4,0.325,0.7926,132,0
IWM191108P159,2019-11-07,2019-11-07 09:38:39,0.33,0.8048,136,0.32,0.7804,39,0.33,0.8048,4,0.325,0.7926,132,0
IWM191108P159,2019-11-07,2019-11-07 09:38:40,0.33,0.8048,236,0.32,0.7804,25,0.33,0.8048,4,0.325,0.7926,132,0
IWM191108P159,2019-11-07,2019-11-07 09:38:40,0.33,0.8048,136,0.32,0.7804,39,0.33,0.8048,4,0.325,0.7926,132,0
IWM191108P159,2019-11-07,2019-11-07 09:38:41,0.33,0.8048,89,0.32,0.7804,40,0.33,0.8048,4,0.325,0.7926,132,0
IWM191108P159,2019-11-07,2019-11-07 09:38:41,0.34,0.8292,154,0.32,0.7804,391,0.33,0.8048,4,0.33,0.8048,132,0
IWM191108P159,2019-11-07,2019-11-07 09:38:42,0.33,0.8048,6,0.32,0.7804,576,0.33,0.8048,4,0.325,0.7926,132,0
IWM191108P159,2019-11-07,2019-11-07 09:38:42,0.34,0.8292,516,0.32,0.7804,576,0.33,0.8048,4,0.33,0.8048,132,0
IWM191108P159,2019-11-07,2019-11-07 09:38:43,0.33,0.8048,30,0.32,0.7804,104,0.33,0.8048,4,0.325,0.7926,132,0
IWM191108P159,2019-11-07,2019-11-07 09:38:43,0.34,0.8292,516,0.32,0.7804,104,0.33,0.8048,4,0.33,0.8048,132,0
IWM191108P159,2019-11-07,2019-11-07 09:38:44,0.33,0.8048,105,0.32,0.7804,45,0.33,0.8048,4,0.325,0.7926,132,0
IWM191108P159,2019-11-07,2019-11-07 09:38:44,0.33,0.8048,37,0.32,0.7804,51,0.33,0.8048,4,0.325,0.7926,132,0
