symbol,Date,quote_time,ask_price,norm_ask_price,ask_size,bid_price,norm_bid_price,bid_size,last_trade_price,norm_last_trade_price,last_trade_size,mark_price,norm_mark_price,volume,Volume
IWM191025C155,2019-10-24,2019-10-24 09:30:00,0.66,1.0,13,0.57,0.8636,18,0.48,0.7272,1,0.615,0.9318,0,0
IWM191025C155,2019-10-24,2019-10-24 09:30:01,0.68,1.0303,28,0.57,0.8636,29,0.48,0.7272,1,0.625,0.9469,0,0
IWM191025C155,2019-10-24,2019-10-24 09:30:01,0.66,1.0,13,0.57,0.8636,29,0.48,0.7272,1,0.615,0.9318,0,0
IWM191025C155,2019-10-24,2019-10-24 09:30:02,0.68,1.0303,28,0.57,0.8636,29,0.48,0.7272,1,0.625,0.9469,0,0
IWM191025C155,2019-10-24,2019-10-24 09:30:03,0.66,1.0,35,0.6,0.909,75,0.48,0.7272,1,0.63,0.9545,0,0
IWM191025C155,2019-10-24,2019-10-24 09:30:03,0.66,1.0,77,0.6,0.909,75,0.48,0.7272,1,0.63,0.9545,0,0
IWM191025C155,2019-10-24,2019-10-24 09:30:04,0.66,1.0,14,0.61,0.9242,75,0.48,0.7272,1,0.635,0.9621,0,0
IWM191025C155,2019-10-24,2019-10-24 09:30:04,0.66,1.0,74,0.6,0.909,75,0.48,0.7272,1,0.63,0.9545,0,0
IWM191025C155,2019-10-24,2019-10-24 09:30:05,0.66,1.0,20,0.61,0.9242,75,0.48,0.7272,1,0.635,0.9621,0,0
IWM191025C155,2019-10-24,2019-10-24 09:30:06,0.66,1.0,20,0.61,0.9242,75,0.48,0.7272,1,0.635,0.9621,0,0
IWM191025C155,2019-10-24,2019-10-24 09:30:06,0.66,1.0,30,0.61,0.9242,75,0.48,0.7272,1,0.635,0.9621,0,0
IWM191025C155,2019-10-24,2019-10-24 09:30:07,0.67,1.0151,100,0.61,0.9242,75,0.48,0.7272,1,0.64,0.9696,0,0
IWM191025C155,2019-10-24,2019-10-24 09:30:08,0.67,1.0151,100,0.61,0.9242,75,0.48,0.7272,1,0.64,0.9696,0,0
IWM191025C155,2019-10-24,2019-10-24 09:30:08,0.67,1.0151,12,0.61,0.9242,135,0.48,0.7272,1,0.64,0.9696,0,0
IWM191025C155,2019-10-24,2019-10-24 09:30:09,0.67,1.0151,46,0.62,0.9393,75,0.48,0.7272,1,0.645,0.9772,0,0
IWM191025C155,2019-10-24,2019-10-24 09:30:09,0.67,1.0151,12,0.62,0.9393,75,0.48,0.7272,1,0.645,0.9772,0,0
IWM191025C155,2019-10-24,2019-10-24 09:30:10,0.68,1.0303,113,0.62,0.9393,138,0.48,0.7272,1,0.65,0.9848,0,0
IWM191025C155,2019-10-24,2019-10-24 09:30:10,0.68,1.0303,123,0.62,0.9393,222,0.48,0.7272,1,0.65,0.9848,0,0
IWM191025C155,2019-10-24,2019-10-24 09:30:11,0.68,1.0303,54,0.62,0.9393,183,0.48,0.7272,1,0.65,0.9848,0,0
IWM191025C155,2019-10-24,2019-10-24 09:30:11,0.69,1.0454,62,0.63,0.9545,146,0.48,0.7272,1,0.66,1.0,0,0
IWM191025C155,2019-10-24,2019-10-24 09:30:12,0.69,1.0454,103,0.63,0.9545,146,0.48,0.7272,1,0.66,1.0,0,0
IWM191025C155,2019-10-24,2019-10-24 09:30:12,0.69,1.0454,36,0.63,0.9545,373,0.48,0.7272,1,0.66,1.0,0,0
IWM191025C155,2019-10-24,2019-10-24 09:30:13,0.69,1.0454,69,0.63,0.9545,202,0.48,0.7272,1,0.66,1.0,0,0
IWM191025C155,2019-10-24,2019-10-24 09:30:13,0.68,1.0303,10,0.63,0.9545,277,0.48,0.7272,1,0.655,0.9924,0,0
IWM191025C155,2019-10-24,2019-10-24 09:30:14,0.7,1.0606,277,0.63,0.9545,354,0.48,0.7272,1,0.665,1.0075,0,0
IWM191025C155,2019-10-24,2019-10-24 09:30:14,0.68,1.0303,15,0.63,0.9545,266,0.48,0.7272,1,0.655,0.9924,0,0
IWM191025C155,2019-10-24,2019-10-24 09:30:15,0.67,1.0151,230,0.61,0.9242,3,0.48,0.7272,1,0.64,0.9696,0,0
IWM191025C155,2019-10-24,2019-10-24 09:30:15,0.68,1.0303,144,0.63,0.9545,266,0.48,0.7272,1,0.655,0.9924,0,0
IWM191025C155,2019-10-24,2019-10-24 09:30:16,0.66,1.0,162,0.6,0.909,75,0.48,0.7272,1,0.63,0.9545,0,0
IWM191025C155,2019-10-24,2019-10-24 09:30:16,0.66,1.0,162,0.6,0.909,38,0.48,0.7272,1,0.63,0.9545,0,0
IWM191025C155,2019-10-24,2019-10-24 09:30:17,0.66,1.0,402,0.6,0.909,7,0.48,0.7272,1,0.63,0.9545,0,0
IWM191025C155,2019-10-24,2019-10-24 09:30:17,0.65,0.9848,418,0.59,0.8939,83,0.48,0.7272,1,0.62,0.9393,0,0
IWM191025C155,2019-10-24,2019-10-24 09:30:18,0.65,0.9848,418,0.59,0.8939,83,0.48,0.7272,1,0.62,0.9393,0,0
IWM191025C155,2019-10-24,2019-10-24 09:30:18,0.65,0.9848,418,0.6,0.909,20,0.48,0.7272,1,0.625,0.9469,0,0
IWM191025C155,2019-10-24,2019-10-24 09:30:19,0.65,0.9848,418,0.6,0.909,20,0.48,0.7272,1,0.625,0.9469,0,0
IWM191025C155,2019-10-24,2019-10-24 09:30:19,0.63,0.9545,83,0.58,0.8787,46,0.48,0.7272,1,0.605,0.9166,0,0
IWM191025C155,2019-10-24,2019-10-24 09:30:20,0.63,0.9545,368,0.59,0.8939,10,0.48,0.7272,1,0.61,0.9242,0,0
IWM191025C155,2019-10-24,2019-10-24 09:30:20,0.63,0.9545,284,0.58,0.8787,24,0.48,0.7272,1,0.605,0.9166,0,0
IWM191025C155,2019-10-24,2019-10-24 09:30:21,0.63,0.9545,316,0.58,0.8787,30,0.48,0.7272,1,0.605,0.9166,0,0
IWM191025C155,2019-10-24,2019-10-24 09:30:22,0.62,0.9393,394,0.56,0.8484,103,0.48,0.7272,1,0.59,0.8939,0,0
IWM191025C155,2019-10-24,2019-10-24 09:30:22,0.62,0.9393,227,0.58,0.8787,10,0.48,0.7272,1,0.6,0.909,0,0
IWM191025C155,2019-10-24,2019-10-24 09:30:23,0.62,0.9393,394,0.56,0.8484,128,0.48,0.7272,1,0.59,0.8939,0,0
IWM191025C155,2019-10-24,2019-10-24 09:30:23,0.61,0.9242,120,0.56,0.8484,114,0.48,0.7272,1,0.585,0.8863,0,0
IWM191025C155,2019-10-24,2019-10-24 09:30:24,0.61,0.9242,372,0.56,0.8484,114,0.48,0.7272,1,0.585,0.8863,0,0
IWM191025C155,2019-10-24,2019-10-24 09:30:24,0.61,0.9242,418,0.56,0.8484,95,0.48,0.7272,1,0.585,0.8863,0,0
IWM191025C155,2019-10-24,2019-10-24 09:30:25,0.6,0.909,115,0.56,0.8484,75,0.48,0.7272,1,0.58,0.8787,0,0
IWM191025C155,2019-10-24,2019-10-24 09:30:25,0.6,0.909,167,0.56,0.8484,40,0.48,0.7272,1,0.58,0.8787,0,0
IWM191025C155,2019-10-24,2019-10-24 09:30:26,0.6,0.909,89,0.56,0.8484,67,0.48,0.7272,1,0.58,0.8787,0,0
IWM191025C155,2019-10-24,2019-10-24 09:30:26,0.6,0.909,89,0.57,0.8636,232,0.48,0.7272,1,0.585,0.8863,0,0
IWM191025C155,2019-10-24,2019-10-24 09:30:27,0.62,0.9393,125,0.57,0.8636,373,0.48,0.7272,1,0.595,0.9015,0,0
IWM191025C155,2019-10-24,2019-10-24 09:30:27,0.6,0.909,89,0.57,0.8636,427,0.48,0.7272,1,0.585,0.8863,0,0
IWM191025C155,2019-10-24,2019-10-24 09:30:28,0.62,0.9393,115,0.57,0.8636,373,0.48,0.7272,1,0.595,0.9015,0,0
IWM191025C155,2019-10-24,2019-10-24 09:30:28,0.62,0.9393,331,0.57,0.8636,373,0.48,0.7272,1,0.595,0.9015,0,0
IWM191025C155,2019-10-24,2019-10-24 09:30:29,0.61,0.9242,263,0.57,0.8636,360,0.48,0.7272,1,0.59,0.8939,0,0
IWM191025C155,2019-10-24,2019-10-24 09:30:29,0.61,0.9242,75,0.57,0.8636,360,0.48,0.7272,1,0.59,0.8939,0,0
IWM191025C155,2019-10-24,2019-10-24 09:30:30,0.61,0.9242,236,0.57,0.8636,360,0.48,0.7272,1,0.59,0.8939,0,0
IWM191025C155,2019-10-24,2019-10-24 09:30:30,0.61,0.9242,226,0.57,0.8636,360,0.48,0.7272,1,0.59,0.8939,0,0
IWM191025C155,2019-10-24,2019-10-24 09:30:31,0.61,0.9242,196,0.57,0.8636,360,0.48,0.7272,1,0.59,0.8939,0,0
IWM191025C155,2019-10-24,2019-10-24 09:30:31,0.61,0.9242,263,0.57,0.8636,360,0.48,0.7272,1,0.59,0.8939,0,0
IWM191025C155,2019-10-24,2019-10-24 09:30:32,0.6,0.909,221,0.57,0.8636,237,0.48,0.7272,1,0.585,0.8863,0,0
IWM191025C155,2019-10-24,2019-10-24 09:30:32,0.6,0.909,221,0.57,0.8636,261,0.48,0.7272,1,0.585,0.8863,0,0
IWM191025C155,2019-10-24,2019-10-24 09:30:33,0.6,0.909,271,0.55,0.8333,54,0.48,0.7272,1,0.575,0.8712,0,0
IWM191025C155,2019-10-24,2019-10-24 09:30:33,0.6,0.909,517,0.55,0.8333,67,0.48,0.7272,1,0.575,0.8712,0,0
IWM191025C155,2019-10-24,2019-10-24 09:30:34,0.6,0.909,517,0.55,0.8333,67,0.48,0.7272,1,0.575,0.8712,0,0
IWM191025C155,2019-10-24,2019-10-24 09:30:34,0.6,0.909,520,0.55,0.8333,61,0.48,0.7272,1,0.575,0.8712,0,0
IWM191025C155,2019-10-24,2019-10-24 09:30:35,0.59,0.8939,166,0.54,0.8181,9,0.48,0.7272,1,0.565,0.856,0,0
IWM191025C155,2019-10-24,2019-10-24 09:30:35,0.6,0.909,520,0.55,0.8333,61,0.48,0.7272,1,0.575,0.8712,0,0
IWM191025C155,2019-10-24,2019-10-24 09:30:36,0.59,0.8939,151,0.54,0.8181,331,0.48,0.7272,1,0.565,0.856,0,0
IWM191025C155,2019-10-24,2019-10-24 09:30:36,0.59,0.8939,161,0.54,0.8181,286,0.48,0.7272,1,0.565,0.856,0,0
IWM191025C155,2019-10-24,2019-10-24 09:30:37,0.59,0.8939,151,0.54,0.8181,530,0.48,0.7272,1,0.565,0.856,0,0
IWM191025C155,2019-10-24,2019-10-24 09:30:37,0.59,0.8939,151,0.54,0.8181,331,0.48,0.7272,1,0.565,0.856,0,0
IWM191025C155,2019-10-24,2019-10-24 09:30:38,0.59,0.8939,72,0.54,0.8181,530,0.48,0.7272,1,0.565,0.856,0,0
IWM191025C155,2019-10-24,2019-10-24 09:30:38,0.59,0.8939,73,0.54,0.8181,530,0.48,0.7272,1,0.565,0.856,0,0
IWM191025C155,2019-10-24,2019-10-24 09:30:39,0.59,0.8939,72,0.54,0.8181,530,0.48,0.7272,1,0.565,0.856,0,0
IWM191025C155,2019-10-24,2019-10-24 09:30:39,0.59,0.8939,60,0.54,0.8181,530,0.48,0.7272,1,0.565,0.856,0,0
IWM191025C155,2019-10-24,2019-10-24 09:30:40,0.59,0.8939,70,0.54,0.8181,530,0.48,0.7272,1,0.565,0.856,0,0
IWM191025C155,2019-10-24,2019-10-24 09:30:41,0.59,0.8939,133,0.54,0.8181,460,0.48,0.7272,1,0.565,0.856,0,0
IWM191025C155,2019-10-24,2019-10-24 09:30:42,0.59,0.8939,139,0.54,0.8181,530,0.48,0.7272,1,0.565,0.856,0,0
IWM191025C155,2019-10-24,2019-10-24 09:30:42,0.59,0.8939,197,0.54,0.8181,460,0.48,0.7272,1,0.565,0.856,0,0
IWM191025C155,2019-10-24,2019-10-24 09:30:43,0.59,0.8939,139,0.54,0.8181,478,0.48,0.7272,1,0.565,0.856,0,0
IWM191025C155,2019-10-24,2019-10-24 09:30:43,0.59,0.8939,166,0.54,0.8181,425,0.48,0.7272,1,0.565,0.856,0,0
IWM191025C155,2019-10-24,2019-10-24 09:30:44,0.59,0.8939,235,0.54,0.8181,400,0.48,0.7272,1,0.565,0.856,0,0
IWM191025C155,2019-10-24,2019-10-24 09:30:44,0.59,0.8939,437,0.54,0.8181,400,0.48,0.7272,1,0.565,0.856,0,0
IWM191025C155,2019-10-24,2019-10-24 09:30:45,0.59,0.8939,437,0.54,0.8181,340,0.48,0.7272,1,0.565,0.856,0,0
IWM191025C155,2019-10-24,2019-10-24 09:30:45,0.59,0.8939,437,0.54,0.8181,379,0.48,0.7272,1,0.565,0.856,0,0
IWM191025C155,2019-10-24,2019-10-24 09:30:46,0.58,0.8787,290,0.54,0.8181,340,0.48,0.7272,1,0.56,0.8484,0,0
IWM191025C155,2019-10-24,2019-10-24 09:30:47,0.57,0.8636,366,0.52,0.7878,42,0.48,0.7272,1,0.545,0.8257,0,0
IWM191025C155,2019-10-24,2019-10-24 09:30:47,0.58,0.8787,290,0.54,0.8181,340,0.48,0.7272,1,0.56,0.8484,0,0
IWM191025C155,2019-10-24,2019-10-24 09:30:48,0.56,0.8484,126,0.52,0.7878,20,0.48,0.7272,1,0.54,0.8181,0,0
IWM191025C155,2019-10-24,2019-10-24 09:30:48,0.55,0.8333,39,0.52,0.7878,13,0.48,0.7272,1,0.535,0.8106,0,0
IWM191025C155,2019-10-24,2019-10-24 09:30:49,0.55,0.8333,112,0.52,0.7878,13,0.48,0.7272,1,0.535,0.8106,0,0
IWM191025C155,2019-10-24,2019-10-24 09:30:49,0.55,0.8333,102,0.52,0.7878,13,0.48,0.7272,1,0.535,0.8106,0,0
IWM191025C155,2019-10-24,2019-10-24 09:30:50,0.55,0.8333,34,0.51,0.7727,98,0.48,0.7272,1,0.53,0.803,0,0
IWM191025C155,2019-10-24,2019-10-24 09:30:50,0.55,0.8333,112,0.52,0.7878,13,0.48,0.7272,1,0.535,0.8106,0,0
IWM191025C155,2019-10-24,2019-10-24 09:30:51,0.56,0.8484,116,0.52,0.7878,82,0.48,0.7272,1,0.54,0.8181,0,0
IWM191025C155,2019-10-24,2019-10-24 09:30:51,0.55,0.8333,20,0.51,0.7727,515,0.48,0.7272,1,0.53,0.803,0,0
IWM191025C155,2019-10-24,2019-10-24 09:30:52,0.56,0.8484,98,0.52,0.7878,74,0.48,0.7272,1,0.54,0.8181,0,0
IWM191025C155,2019-10-24,2019-10-24 09:30:52,0.56,0.8484,116,0.52,0.7878,82,0.48,0.7272,1,0.54,0.8181,0,0
IWM191025C155,2019-10-24,2019-10-24 09:30:53,0.57,0.8636,62,0.53,0.803,51,0.48,0.7272,1,0.55,0.8333,0,0
IWM191025C155,2019-10-24,2019-10-24 09:30:53,0.56,0.8484,56,0.52,0.7878,288,0.48,0.7272,1,0.54,0.8181,0,0
IWM191025C155,2019-10-24,2019-10-24 09:30:54,0.57,0.8636,68,0.53,0.803,147,0.48,0.7272,1,0.55,0.8333,0,0
IWM191025C155,2019-10-24,2019-10-24 09:30:54,0.57,0.8636,81,0.53,0.803,147,0.48,0.7272,1,0.55,0.8333,0,0
IWM191025C155,2019-10-24,2019-10-24 09:30:55,0.57,0.8636,20,0.53,0.803,315,0.48,0.7272,1,0.55,0.8333,0,0
IWM191025C155,2019-10-24,2019-10-24 09:30:55,0.57,0.8636,30,0.53,0.803,349,0.48,0.7272,1,0.55,0.8333,0,0
IWM191025C155,2019-10-24,2019-10-24 09:30:56,0.57,0.8636,30,0.53,0.803,349,0.48,0.7272,1,0.55,0.8333,0,0
IWM191025C155,2019-10-24,2019-10-24 09:30:56,0.57,0.8636,47,0.53,0.803,345,0.48,0.7272,1,0.55,0.8333,0,0
IWM191025C155,2019-10-24,2019-10-24 09:30:57,0.58,0.8787,30,0.54,0.8181,264,0.48,0.7272,1,0.56,0.8484,0,0
IWM191025C155,2019-10-24,2019-10-24 09:30:57,0.57,0.8636,77,0.53,0.803,425,0.48,0.7272,1,0.55,0.8333,0,0
IWM191025C155,2019-10-24,2019-10-24 09:30:58,0.58,0.8787,47,0.54,0.8181,317,0.48,0.7272,1,0.56,0.8484,0,0
IWM191025C155,2019-10-24,2019-10-24 09:30:58,0.58,0.8787,57,0.54,0.8181,317,0.48,0.7272,1,0.56,0.8484,0,0
IWM191025C155,2019-10-24,2019-10-24 09:30:59,0.58,0.8787,20,0.55,0.8333,41,0.48,0.7272,1,0.565,0.856,0,0
IWM191025C155,2019-10-24,2019-10-24 09:30:59,0.58,0.8787,47,0.54,0.8181,343,0.48,0.7272,1,0.56,0.8484,0,0
IWM191025C155,2019-10-24,2019-10-24 09:31:00,0.6,0.909,52,0.56,0.8484,27,0.48,0.7272,1,0.58,0.8787,0,0
IWM191025C155,2019-10-24,2019-10-24 09:31:00,0.61,0.9242,81,0.56,0.8484,27,0.48,0.7272,1,0.585,0.8863,0,0
IWM191025C155,2019-10-24,2019-10-24 09:31:01,0.6,0.909,108,0.56,0.8484,61,0.48,0.7272,1,0.58,0.8787,0,0
IWM191025C155,2019-10-24,2019-10-24 09:31:01,0.59,0.8939,302,0.54,0.8181,100,0.48,0.7272,1,0.565,0.856,0,0
IWM191025C155,2019-10-24,2019-10-24 09:31:02,0.59,0.8939,344,0.53,0.803,36,0.48,0.7272,1,0.56,0.8484,0,0
IWM191025C155,2019-10-24,2019-10-24 09:31:03,0.58,0.8787,415,0.53,0.803,30,0.48,0.7272,1,0.555,0.8409,0,0
IWM191025C155,2019-10-24,2019-10-24 09:31:03,0.58,0.8787,486,0.53,0.803,89,0.48,0.7272,1,0.555,0.8409,0,0
IWM191025C155,2019-10-24,2019-10-24 09:31:04,0.57,0.8636,291,0.53,0.803,96,0.48,0.7272,1,0.55,0.8333,0,0
IWM191025C155,2019-10-24,2019-10-24 09:31:04,0.57,0.8636,238,0.53,0.803,106,0.48,0.7272,1,0.55,0.8333,0,0
IWM191025C155,2019-10-24,2019-10-24 09:31:05,0.56,0.8484,11,0.53,0.803,67,0.48,0.7272,1,0.545,0.8257,0,0
IWM191025C155,2019-10-24,2019-10-24 09:31:05,0.57,0.8636,497,0.53,0.803,67,0.48,0.7272,1,0.55,0.8333,0,0
IWM191025C155,2019-10-24,2019-10-24 09:31:06,0.59,0.8939,74,0.55,0.8333,140,0.48,0.7272,1,0.57,0.8636,0,0
IWM191025C155,2019-10-24,2019-10-24 09:31:06,0.6,0.909,75,0.55,0.8333,77,0.48,0.7272,1,0.575,0.8712,0,0
IWM191025C155,2019-10-24,2019-10-24 09:31:07,0.6,0.909,14,0.56,0.8484,29,0.48,0.7272,1,0.58,0.8787,0,0
IWM191025C155,2019-10-24,2019-10-24 09:31:07,0.59,0.8939,55,0.56,0.8484,29,0.48,0.7272,1,0.575,0.8712,0,0
IWM191025C155,2019-10-24,2019-10-24 09:31:08,0.59,0.8939,261,0.54,0.8181,175,0.48,0.7272,1,0.565,0.856,0,0
IWM191025C155,2019-10-24,2019-10-24 09:31:08,0.59,0.8939,200,0.56,0.8484,29,0.48,0.7272,1,0.575,0.8712,0,0
IWM191025C155,2019-10-24,2019-10-24 09:31:09,0.59,0.8939,207,0.54,0.8181,325,0.48,0.7272,1,0.565,0.856,0,0
IWM191025C155,2019-10-24,2019-10-24 09:31:09,0.59,0.8939,197,0.55,0.8333,117,0.48,0.7272,1,0.57,0.8636,0,0
IWM191025C155,2019-10-24,2019-10-24 09:31:10,0.59,0.8939,58,0.55,0.8333,262,0.48,0.7272,1,0.57,0.8636,0,0
IWM191025C155,2019-10-24,2019-10-24 09:31:10,0.59,0.8939,37,0.56,0.8484,69,0.48,0.7272,1,0.575,0.8712,0,0
IWM191025C155,2019-10-24,2019-10-24 09:31:11,0.58,0.8787,67,0.54,0.8181,21,0.48,0.7272,1,0.56,0.8484,0,0
IWM191025C155,2019-10-24,2019-10-24 09:31:11,0.59,0.8939,37,0.56,0.8484,136,0.48,0.7272,1,0.575,0.8712,0,0
IWM191025C155,2019-10-24,2019-10-24 09:31:12,0.58,0.8787,52,0.55,0.8333,18,0.48,0.7272,1,0.565,0.856,0,0
IWM191025C155,2019-10-24,2019-10-24 09:31:12,0.58,0.8787,85,0.55,0.8333,18,0.48,0.7272,1,0.565,0.856,0,0
IWM191025C155,2019-10-24,2019-10-24 09:31:13,0.57,0.8636,110,0.53,0.803,135,0.48,0.7272,1,0.55,0.8333,0,0
IWM191025C155,2019-10-24,2019-10-24 09:31:13,0.57,0.8636,87,0.54,0.8181,143,0.48,0.7272,1,0.555,0.8409,0,0
IWM191025C155,2019-10-24,2019-10-24 09:31:14,0.57,0.8636,130,0.54,0.8181,29,0.48,0.7272,1,0.555,0.8409,0,0
IWM191025C155,2019-10-24,2019-10-24 09:31:14,0.57,0.8636,104,0.53,0.803,344,0.48,0.7272,1,0.55,0.8333,0,0
IWM191025C155,2019-10-24,2019-10-24 09:31:15,0.57,0.8636,30,0.54,0.8181,157,0.48,0.7272,1,0.555,0.8409,0,0
IWM191025C155,2019-10-24,2019-10-24 09:31:15,0.59,0.8939,30,0.55,0.8333,167,0.48,0.7272,1,0.57,0.8636,0,0
IWM191025C155,2019-10-24,2019-10-24 09:31:16,0.59,0.8939,79,0.56,0.8484,31,0.48,0.7272,1,0.575,0.8712,0,0
IWM191025C155,2019-10-24,2019-10-24 09:31:16,0.59,0.8939,79,0.56,0.8484,36,0.48,0.7272,1,0.575,0.8712,0,0
IWM191025C155,2019-10-24,2019-10-24 09:31:17,0.59,0.8939,199,0.55,0.8333,140,0.48,0.7272,1,0.57,0.8636,0,0
IWM191025C155,2019-10-24,2019-10-24 09:31:17,0.59,0.8939,79,0.56,0.8484,11,0.48,0.7272,1,0.575,0.8712,0,0
IWM191025C155,2019-10-24,2019-10-24 09:31:18,0.59,0.8939,210,0.55,0.8333,211,0.48,0.7272,1,0.57,0.8636,0,0
IWM191025C155,2019-10-24,2019-10-24 09:31:18,0.59,0.8939,199,0.55,0.8333,140,0.48,0.7272,1,0.57,0.8636,0,0
IWM191025C155,2019-10-24,2019-10-24 09:31:19,0.59,0.8939,144,0.55,0.8333,233,0.48,0.7272,1,0.57,0.8636,0,0
IWM191025C155,2019-10-24,2019-10-24 09:31:19,0.59,0.8939,157,0.55,0.8333,343,0.48,0.7272,1,0.57,0.8636,0,0
IWM191025C155,2019-10-24,2019-10-24 09:31:20,0.58,0.8787,219,0.53,0.803,170,0.48,0.7272,1,0.555,0.8409,0,0
IWM191025C155,2019-10-24,2019-10-24 09:31:20,0.58,0.8787,115,0.55,0.8333,22,0.48,0.7272,1,0.565,0.856,0,0
IWM191025C155,2019-10-24,2019-10-24 09:31:21,0.56,0.8484,35,0.53,0.803,193,0.48,0.7272,1,0.545,0.8257,0,0
IWM191025C155,2019-10-24,2019-10-24 09:31:21,0.57,0.8636,189,0.53,0.803,342,0.48,0.7272,1,0.55,0.8333,0,0
IWM191025C155,2019-10-24,2019-10-24 09:31:22,0.56,0.8484,30,0.53,0.803,42,0.48,0.7272,1,0.545,0.8257,0,0
IWM191025C155,2019-10-24,2019-10-24 09:31:22,0.56,0.8484,39,0.53,0.803,193,0.48,0.7272,1,0.545,0.8257,0,0
IWM191025C155,2019-10-24,2019-10-24 09:31:23,0.56,0.8484,290,0.51,0.7727,234,0.48,0.7272,1,0.535,0.8106,0,0
IWM191025C155,2019-10-24,2019-10-24 09:31:24,0.56,0.8484,382,0.51,0.7727,303,0.48,0.7272,1,0.535,0.8106,0,0
IWM191025C155,2019-10-24,2019-10-24 09:31:24,0.56,0.8484,337,0.52,0.7878,18,0.48,0.7272,1,0.54,0.8181,0,0
IWM191025C155,2019-10-24,2019-10-24 09:31:25,0.56,0.8484,294,0.52,0.7878,121,0.48,0.7272,1,0.54,0.8181,0,0
IWM191025C155,2019-10-24,2019-10-24 09:31:25,0.56,0.8484,126,0.52,0.7878,18,0.48,0.7272,1,0.54,0.8181,0,0
IWM191025C155,2019-10-24,2019-10-24 09:31:26,0.56,0.8484,378,0.52,0.7878,197,0.48,0.7272,1,0.54,0.8181,0,0
IWM191025C155,2019-10-24,2019-10-24 09:31:26,0.56,0.8484,378,0.52,0.7878,233,0.48,0.7272,1,0.54,0.8181,0,0
IWM191025C155,2019-10-24,2019-10-24 09:31:27,0.56,0.8484,121,0.52,0.7878,164,0.48,0.7272,1,0.54,0.8181,0,0
IWM191025C155,2019-10-24,2019-10-24 09:31:27,0.56,0.8484,56,0.52,0.7878,243,0.48,0.7272,1,0.54,0.8181,0,0
IWM191025C155,2019-10-24,2019-10-24 09:31:28,0.56,0.8484,175,0.52,0.7878,164,0.48,0.7272,1,0.54,0.8181,0,0
IWM191025C155,2019-10-24,2019-10-24 09:31:28,0.56,0.8484,185,0.52,0.7878,164,0.48,0.7272,1,0.54,0.8181,0,0
IWM191025C155,2019-10-24,2019-10-24 09:31:29,0.56,0.8484,92,0.53,0.803,81,0.48,0.7272,1,0.545,0.8257,0,0
IWM191025C155,2019-10-24,2019-10-24 09:31:29,0.56,0.8484,185,0.52,0.7878,184,0.48,0.7272,1,0.54,0.8181,0,0
IWM191025C155,2019-10-24,2019-10-24 09:31:30,0.56,0.8484,116,0.53,0.803,47,0.48,0.7272,1,0.545,0.8257,0,0
IWM191025C155,2019-10-24,2019-10-24 09:31:31,0.56,0.8484,158,0.53,0.803,28,0.48,0.7272,1,0.545,0.8257,0,0
IWM191025C155,2019-10-24,2019-10-24 09:31:31,0.56,0.8484,92,0.53,0.803,30,0.48,0.7272,1,0.545,0.8257,0,0
IWM191025C155,2019-10-24,2019-10-24 09:31:32,0.56,0.8484,37,0.53,0.803,80,0.48,0.7272,1,0.545,0.8257,0,0
IWM191025C155,2019-10-24,2019-10-24 09:31:32,0.56,0.8484,86,0.53,0.803,142,0.48,0.7272,1,0.545,0.8257,0,0
IWM191025C155,2019-10-24,2019-10-24 09:31:33,0.56,0.8484,58,0.53,0.803,228,0.48,0.7272,1,0.545,0.8257,0,0
IWM191025C155,2019-10-24,2019-10-24 09:31:33,0.57,0.8636,75,0.53,0.803,228,0.48,0.7272,1,0.55,0.8333,0,0
IWM191025C155,2019-10-24,2019-10-24 09:31:34,0.57,0.8636,99,0.54,0.8181,18,0.48,0.7272,1,0.555,0.8409,0,0
IWM191025C155,2019-10-24,2019-10-24 09:31:34,0.57,0.8636,174,0.53,0.803,47,0.48,0.7272,1,0.55,0.8333,0,0
IWM191025C155,2019-10-24,2019-10-24 09:31:35,0.56,0.8484,172,0.53,0.803,51,0.48,0.7272,1,0.545,0.8257,0,0
IWM191025C155,2019-10-24,2019-10-24 09:31:35,0.56,0.8484,78,0.53,0.803,51,0.48,0.7272,1,0.545,0.8257,0,0
IWM191025C155,2019-10-24,2019-10-24 09:31:36,0.55,0.8333,96,0.52,0.7878,18,0.48,0.7272,1,0.535,0.8106,0,0
IWM191025C155,2019-10-24,2019-10-24 09:31:36,0.56,0.8484,574,0.52,0.7878,18,0.48,0.7272,1,0.54,0.8181,0,0
IWM191025C155,2019-10-24,2019-10-24 09:31:37,0.55,0.8333,248,0.51,0.7727,95,0.48,0.7272,1,0.53,0.803,0,0
IWM191025C155,2019-10-24,2019-10-24 09:31:37,0.55,0.8333,126,0.51,0.7727,165,0.48,0.7272,1,0.53,0.803,0,0
IWM191025C155,2019-10-24,2019-10-24 09:31:38,0.55,0.8333,281,0.51,0.7727,85,0.48,0.7272,1,0.53,0.803,0,0
IWM191025C155,2019-10-24,2019-10-24 09:31:38,0.55,0.8333,281,0.51,0.7727,148,0.48,0.7272,1,0.53,0.803,0,0
IWM191025C155,2019-10-24,2019-10-24 09:31:39,0.55,0.8333,76,0.51,0.7727,156,0.48,0.7272,1,0.53,0.803,0,0
IWM191025C155,2019-10-24,2019-10-24 09:31:39,0.55,0.8333,20,0.52,0.7878,62,0.48,0.7272,1,0.535,0.8106,0,0
IWM191025C155,2019-10-24,2019-10-24 09:31:40,0.56,0.8484,92,0.52,0.7878,62,0.48,0.7272,1,0.54,0.8181,0,0
IWM191025C155,2019-10-24,2019-10-24 09:31:40,0.56,0.8484,112,0.52,0.7878,53,0.48,0.7272,1,0.54,0.8181,0,0
IWM191025C155,2019-10-24,2019-10-24 09:31:41,0.56,0.8484,355,0.52,0.7878,127,0.48,0.7272,1,0.54,0.8181,0,0
IWM191025C155,2019-10-24,2019-10-24 09:31:41,0.56,0.8484,112,0.52,0.7878,80,0.48,0.7272,1,0.54,0.8181,0,0
IWM191025C155,2019-10-24,2019-10-24 09:31:42,0.55,0.8333,92,0.52,0.7878,21,0.48,0.7272,1,0.535,0.8106,0,0
IWM191025C155,2019-10-24,2019-10-24 09:31:42,0.55,0.8333,180,0.52,0.7878,13,0.48,0.7272,1,0.535,0.8106,0,0
IWM191025C155,2019-10-24,2019-10-24 09:31:43,0.55,0.8333,364,0.51,0.7727,52,0.48,0.7272,1,0.53,0.803,0,0
IWM191025C155,2019-10-24,2019-10-24 09:31:44,0.55,0.8333,364,0.51,0.7727,226,0.48,0.7272,1,0.53,0.803,0,0
IWM191025C155,2019-10-24,2019-10-24 09:31:44,0.55,0.8333,420,0.51,0.7727,299,0.48,0.7272,1,0.53,0.803,0,0
IWM191025C155,2019-10-24,2019-10-24 09:31:45,0.55,0.8333,538,0.51,0.7727,285,0.48,0.7272,1,0.53,0.803,0,0
IWM191025C155,2019-10-24,2019-10-24 09:31:45,0.55,0.8333,540,0.51,0.7727,285,0.48,0.7272,1,0.53,0.803,0,0
IWM191025C155,2019-10-24,2019-10-24 09:31:46,0.55,0.8333,195,0.51,0.7727,171,0.48,0.7272,1,0.53,0.803,0,0
IWM191025C155,2019-10-24,2019-10-24 09:31:46,0.55,0.8333,111,0.51,0.7727,141,0.48,0.7272,1,0.53,0.803,0,0
IWM191025C155,2019-10-24,2019-10-24 09:31:47,0.55,0.8333,195,0.51,0.7727,145,0.48,0.7272,1,0.53,0.803,0,0
IWM191025C155,2019-10-24,2019-10-24 09:31:47,0.55,0.8333,564,0.51,0.7727,85,0.48,0.7272,1,0.53,0.803,0,0
IWM191025C155,2019-10-24,2019-10-24 09:31:48,0.54,0.8181,107,0.51,0.7727,78,0.48,0.7272,1,0.525,0.7954,0,0
IWM191025C155,2019-10-24,2019-10-24 09:31:48,0.54,0.8181,70,0.51,0.7727,78,0.48,0.7272,1,0.525,0.7954,0,0
IWM191025C155,2019-10-24,2019-10-24 09:31:49,0.54,0.8181,117,0.51,0.7727,19,0.48,0.7272,1,0.525,0.7954,0,0
IWM191025C155,2019-10-24,2019-10-24 09:31:49,0.54,0.8181,263,0.5,0.7575,42,0.48,0.7272,1,0.52,0.7878,0,0
IWM191025C155,2019-10-24,2019-10-24 09:31:50,0.53,0.803,68,0.5,0.7575,83,0.48,0.7272,1,0.515,0.7803,0,0
IWM191025C155,2019-10-24,2019-10-24 09:31:50,0.54,0.8181,445,0.5,0.7575,45,0.48,0.7272,1,0.52,0.7878,0,0
IWM191025C155,2019-10-24,2019-10-24 09:31:51,0.53,0.803,109,0.5,0.7575,83,0.48,0.7272,1,0.515,0.7803,0,0
IWM191025C155,2019-10-24,2019-10-24 09:31:51,0.53,0.803,109,0.5,0.7575,90,0.48,0.7272,1,0.515,0.7803,0,0
IWM191025C155,2019-10-24,2019-10-24 09:31:52,0.53,0.803,85,0.5,0.7575,16,0.48,0.7272,1,0.515,0.7803,0,0
IWM191025C155,2019-10-24,2019-10-24 09:31:52,0.53,0.803,101,0.5,0.7575,49,0.48,0.7272,1,0.515,0.7803,0,0
IWM191025C155,2019-10-24,2019-10-24 09:31:53,0.53,0.803,85,0.5,0.7575,16,0.48,0.7272,1,0.515,0.7803,0,0
IWM191025C155,2019-10-24,2019-10-24 09:31:53,0.53,0.803,112,0.5,0.7575,16,0.48,0.7272,1,0.515,0.7803,0,0
IWM191025C155,2019-10-24,2019-10-24 09:31:54,0.53,0.803,145,0.5,0.7575,13,0.48,0.7272,1,0.515,0.7803,0,0
IWM191025C155,2019-10-24,2019-10-24 09:31:54,0.53,0.803,115,0.5,0.7575,13,0.48,0.7272,1,0.515,0.7803,0,0
IWM191025C155,2019-10-24,2019-10-24 09:31:55,0.53,0.803,365,0.5,0.7575,13,0.48,0.7272,1,0.515,0.7803,0,0
IWM191025C155,2019-10-24,2019-10-24 09:31:55,0.53,0.803,357,0.5,0.7575,13,0.48,0.7272,1,0.515,0.7803,0,0
IWM191025C155,2019-10-24,2019-10-24 09:31:56,0.53,0.803,285,0.5,0.7575,22,0.48,0.7272,1,0.515,0.7803,0,0
IWM191025C155,2019-10-24,2019-10-24 09:31:56,0.53,0.803,325,0.5,0.7575,29,0.48,0.7272,1,0.515,0.7803,0,0
IWM191025C155,2019-10-24,2019-10-24 09:31:57,0.53,0.803,465,0.5,0.7575,27,0.48,0.7272,1,0.515,0.7803,0,0
IWM191025C155,2019-10-24,2019-10-24 09:31:57,0.53,0.803,515,0.5,0.7575,27,0.48,0.7272,1,0.515,0.7803,0,0
IWM191025C155,2019-10-24,2019-10-24 09:31:58,0.52,0.7878,78,0.5,0.7575,27,0.48,0.7272,1,0.51,0.7727,0,0
IWM191025C155,2019-10-24,2019-10-24 09:31:58,0.53,0.803,515,0.5,0.7575,27,0.48,0.7272,1,0.515,0.7803,0,0
IWM191025C155,2019-10-24,2019-10-24 09:31:59,0.52,0.7878,10,0.49,0.7424,314,0.48,0.7272,1,0.505,0.7651,0,0
IWM191025C155,2019-10-24,2019-10-24 09:32:00,0.53,0.803,217,0.49,0.7424,422,0.48,0.7272,1,0.51,0.7727,0,0
IWM191025C155,2019-10-24,2019-10-24 09:32:00,0.53,0.803,177,0.49,0.7424,440,0.48,0.7272,1,0.51,0.7727,0,0
IWM191025C155,2019-10-24,2019-10-24 09:32:01,0.53,0.803,136,0.5,0.7575,115,0.48,0.7272,1,0.515,0.7803,0,0
IWM191025C155,2019-10-24,2019-10-24 09:32:01,0.53,0.803,147,0.5,0.7575,116,0.48,0.7272,1,0.515,0.7803,0,0
IWM191025C155,2019-10-24,2019-10-24 09:32:02,0.53,0.803,51,0.5,0.7575,216,0.48,0.7272,1,0.515,0.7803,0,0
IWM191025C155,2019-10-24,2019-10-24 09:32:02,0.54,0.8181,116,0.5,0.7575,116,0.48,0.7272,1,0.52,0.7878,0,0
IWM191025C155,2019-10-24,2019-10-24 09:32:03,0.53,0.803,541,0.5,0.7575,3,0.48,0.7272,1,0.515,0.7803,0,0
IWM191025C155,2019-10-24,2019-10-24 09:32:03,0.52,0.7878,137,0.48,0.7272,411,0.48,0.7272,1,0.5,0.7575,0,0
IWM191025C155,2019-10-24,2019-10-24 09:32:04,0.52,0.7878,468,0.48,0.7272,469,0.48,0.7272,1,0.5,0.7575,0,0
IWM191025C155,2019-10-24,2019-10-24 09:32:04,0.52,0.7878,207,0.48,0.7272,390,0.48,0.7272,1,0.5,0.7575,0,0
IWM191025C155,2019-10-24,2019-10-24 09:32:05,0.52,0.7878,397,0.48,0.7272,168,0.48,0.7272,1,0.5,0.7575,0,0
IWM191025C155,2019-10-24,2019-10-24 09:32:05,0.52,0.7878,468,0.48,0.7272,469,0.48,0.7272,1,0.5,0.7575,0,0
IWM191025C155,2019-10-24,2019-10-24 09:32:06,0.52,0.7878,440,0.48,0.7272,121,0.48,0.7272,1,0.5,0.7575,0,0
IWM191025C155,2019-10-24,2019-10-24 09:32:06,0.51,0.7727,83,0.48,0.7272,64,0.48,0.7272,1,0.495,0.75,0,0
IWM191025C155,2019-10-24,2019-10-24 09:32:07,0.51,0.7727,126,0.47,0.7121,300,0.48,0.7272,1,0.49,0.7424,0,0
IWM191025C155,2019-10-24,2019-10-24 09:32:07,0.51,0.7727,116,0.47,0.7121,237,0.48,0.7272,1,0.49,0.7424,0,0
IWM191025C155,2019-10-24,2019-10-24 09:32:08,0.51,0.7727,166,0.47,0.7121,550,0.48,0.7272,1,0.49,0.7424,0,0
IWM191025C155,2019-10-24,2019-10-24 09:32:08,0.51,0.7727,170,0.47,0.7121,260,0.48,0.7272,1,0.49,0.7424,0,0
IWM191025C155,2019-10-24,2019-10-24 09:32:09,0.51,0.7727,166,0.47,0.7121,550,0.48,0.7272,1,0.49,0.7424,0,0
IWM191025C155,2019-10-24,2019-10-24 09:32:09,0.51,0.7727,148,0.48,0.7272,115,0.48,0.7272,1,0.495,0.75,0,0
IWM191025C155,2019-10-24,2019-10-24 09:32:10,0.52,0.7878,648,0.48,0.7272,451,0.48,0.7272,1,0.5,0.7575,0,0
IWM191025C155,2019-10-24,2019-10-24 09:32:10,0.52,0.7878,95,0.48,0.7272,603,0.48,0.7272,1,0.5,0.7575,0,0
IWM191025C155,2019-10-24,2019-10-24 09:32:11,0.52,0.7878,74,0.48,0.7272,399,0.48,0.7272,1,0.5,0.7575,0,0
IWM191025C155,2019-10-24,2019-10-24 09:32:11,0.52,0.7878,114,0.48,0.7272,161,0.48,0.7272,1,0.5,0.7575,0,0
IWM191025C155,2019-10-24,2019-10-24 09:32:12,0.52,0.7878,68,0.49,0.7424,108,0.48,0.7272,1,0.505,0.7651,0,0
IWM191025C155,2019-10-24,2019-10-24 09:32:12,0.52,0.7878,99,0.48,0.7272,445,0.48,0.7272,1,0.5,0.7575,0,0
IWM191025C155,2019-10-24,2019-10-24 09:32:13,0.52,0.7878,318,0.48,0.7272,161,0.48,0.7272,1,0.5,0.7575,0,0
IWM191025C155,2019-10-24,2019-10-24 09:32:13,0.52,0.7878,230,0.48,0.7272,142,0.48,0.7272,1,0.5,0.7575,0,0
IWM191025C155,2019-10-24,2019-10-24 09:32:14,0.51,0.7727,115,0.48,0.7272,229,0.48,0.7272,1,0.495,0.75,0,0
IWM191025C155,2019-10-24,2019-10-24 09:32:14,0.52,0.7878,441,0.48,0.7272,229,0.48,0.7272,1,0.5,0.7575,0,0
IWM191025C155,2019-10-24,2019-10-24 09:32:15,0.52,0.7878,52,0.49,0.7424,181,0.48,0.7272,1,0.505,0.7651,0,0
IWM191025C155,2019-10-24,2019-10-24 09:32:15,0.52,0.7878,20,0.48,0.7272,102,0.48,0.7272,1,0.5,0.7575,0,0
IWM191025C155,2019-10-24,2019-10-24 09:32:16,0.52,0.7878,20,0.49,0.7424,122,0.48,0.7272,1,0.505,0.7651,0,0
IWM191025C155,2019-10-24,2019-10-24 09:32:16,0.53,0.803,80,0.5,0.7575,136,0.48,0.7272,1,0.515,0.7803,0,0
IWM191025C155,2019-10-24,2019-10-24 09:32:17,0.54,0.8181,29,0.5,0.7575,198,0.48,0.7272,1,0.52,0.7878,0,0
IWM191025C155,2019-10-24,2019-10-24 09:32:18,0.54,0.8181,41,0.5,0.7575,381,0.48,0.7272,1,0.52,0.7878,0,0
IWM191025C155,2019-10-24,2019-10-24 09:32:18,0.54,0.8181,41,0.5,0.7575,671,0.48,0.7272,1,0.52,0.7878,0,0
IWM191025C155,2019-10-24,2019-10-24 09:32:19,0.55,0.8333,184,0.51,0.7727,127,0.48,0.7272,1,0.53,0.803,0,0
IWM191025C155,2019-10-24,2019-10-24 09:32:19,0.55,0.8333,180,0.51,0.7727,302,0.48,0.7272,1,0.53,0.803,0,0
IWM191025C155,2019-10-24,2019-10-24 09:32:20,0.55,0.8333,178,0.51,0.7727,369,0.48,0.7272,1,0.53,0.803,0,0
IWM191025C155,2019-10-24,2019-10-24 09:32:20,0.55,0.8333,141,0.51,0.7727,408,0.48,0.7272,1,0.53,0.803,0,0
IWM191025C155,2019-10-24,2019-10-24 09:32:21,0.55,0.8333,232,0.51,0.7727,465,0.48,0.7272,1,0.53,0.803,0,0
IWM191025C155,2019-10-24,2019-10-24 09:32:21,0.55,0.8333,378,0.51,0.7727,343,0.48,0.7272,1,0.53,0.803,0,0
IWM191025C155,2019-10-24,2019-10-24 09:32:22,0.54,0.8181,379,0.5,0.7575,238,0.48,0.7272,1,0.52,0.7878,0,0
IWM191025C155,2019-10-24,2019-10-24 09:32:22,0.54,0.8181,202,0.5,0.7575,237,0.48,0.7272,1,0.52,0.7878,0,0
IWM191025C155,2019-10-24,2019-10-24 09:32:23,0.54,0.8181,74,0.51,0.7727,115,0.48,0.7272,1,0.525,0.7954,0,0
IWM191025C155,2019-10-24,2019-10-24 09:32:24,0.54,0.8181,74,0.51,0.7727,220,0.48,0.7272,1,0.525,0.7954,0,0
IWM191025C155,2019-10-24,2019-10-24 09:32:25,0.54,0.8181,74,0.51,0.7727,13,0.48,0.7272,1,0.525,0.7954,0,0
IWM191025C155,2019-10-24,2019-10-24 09:32:25,0.54,0.8181,62,0.5,0.7575,405,0.48,0.7272,1,0.52,0.7878,0,0
IWM191025C155,2019-10-24,2019-10-24 09:32:26,0.54,0.8181,98,0.5,0.7575,411,0.48,0.7272,1,0.52,0.7878,0,0
IWM191025C155,2019-10-24,2019-10-24 09:32:26,0.54,0.8181,98,0.5,0.7575,479,0.48,0.7272,1,0.52,0.7878,0,0
IWM191025C155,2019-10-24,2019-10-24 09:32:27,0.54,0.8181,98,0.5,0.7575,529,0.48,0.7272,1,0.52,0.7878,0,0
IWM191025C155,2019-10-24,2019-10-24 09:32:28,0.54,0.8181,98,0.5,0.7575,537,0.48,0.7272,1,0.52,0.7878,0,0
IWM191025C155,2019-10-24,2019-10-24 09:32:28,0.53,0.803,30,0.5,0.7575,423,0.48,0.7272,1,0.515,0.7803,0,0
IWM191025C155,2019-10-24,2019-10-24 09:32:29,0.54,0.8181,11,0.51,0.7727,8,0.48,0.7272,1,0.525,0.7954,0,0
IWM191025C155,2019-10-24,2019-10-24 09:32:29,0.53,0.803,12,0.5,0.7575,567,0.48,0.7272,1,0.515,0.7803,0,0
IWM191025C155,2019-10-24,2019-10-24 09:32:30,0.54,0.8181,55,0.51,0.7727,357,0.48,0.7272,1,0.525,0.7954,0,0
IWM191025C155,2019-10-24,2019-10-24 09:32:30,0.54,0.8181,30,0.51,0.7727,330,0.48,0.7272,1,0.525,0.7954,0,0
IWM191025C155,2019-10-24,2019-10-24 09:32:31,0.54,0.8181,66,0.51,0.7727,353,0.48,0.7272,1,0.525,0.7954,0,0
IWM191025C155,2019-10-24,2019-10-24 09:32:31,0.54,0.8181,66,0.51,0.7727,341,0.48,0.7272,1,0.525,0.7954,0,0
IWM191025C155,2019-10-24,2019-10-24 09:32:32,0.53,0.803,30,0.5,0.7575,143,0.48,0.7272,1,0.515,0.7803,0,0
IWM191025C155,2019-10-24,2019-10-24 09:32:32,0.54,0.8181,223,0.51,0.7727,303,0.48,0.7272,1,0.525,0.7954,0,0
IWM191025C155,2019-10-24,2019-10-24 09:32:33,0.53,0.803,57,0.5,0.7575,153,0.48,0.7272,1,0.515,0.7803,0,0
IWM191025C155,2019-10-24,2019-10-24 09:32:33,0.53,0.803,47,0.5,0.7575,113,0.48,0.7272,1,0.515,0.7803,0,0
IWM191025C155,2019-10-24,2019-10-24 09:32:34,0.53,0.803,30,0.5,0.7575,171,0.48,0.7272,1,0.515,0.7803,0,0
IWM191025C155,2019-10-24,2019-10-24 09:32:35,0.53,0.803,312,0.5,0.7575,170,0.48,0.7272,1,0.515,0.7803,0,0
IWM191025C155,2019-10-24,2019-10-24 09:32:35,0.52,0.7878,1,0.5,0.7575,170,0.48,0.7272,1,0.51,0.7727,0,0
IWM191025C155,2019-10-24,2019-10-24 09:32:36,0.52,0.7878,42,0.49,0.7424,86,0.48,0.7272,1,0.505,0.7651,0,0
IWM191025C155,2019-10-24,2019-10-24 09:32:36,0.52,0.7878,52,0.49,0.7424,86,0.48,0.7272,1,0.505,0.7651,0,0
IWM191025C155,2019-10-24,2019-10-24 09:32:37,0.52,0.7878,407,0.49,0.7424,62,0.51,0.7727,10,0.505,0.7651,10,10
IWM191025C155,2019-10-24,2019-10-24 09:32:37,0.52,0.7878,229,0.49,0.7424,50,0.48,0.7272,1,0.505,0.7651,0,0
IWM191025C155,2019-10-24,2019-10-24 09:32:38,0.51,0.7727,2,0.49,0.7424,62,0.51,0.7727,10,0.5,0.7575,10,0
IWM191025C155,2019-10-24,2019-10-24 09:32:38,0.51,0.7727,2,0.49,0.7424,97,0.51,0.7727,10,0.5,0.7575,10,0
IWM191025C155,2019-10-24,2019-10-24 09:32:39,0.54,0.8181,40,0.51,0.7727,26,0.51,0.7727,10,0.525,0.7954,10,0
IWM191025C155,2019-10-24,2019-10-24 09:32:39,0.53,0.803,20,0.49,0.7424,379,0.51,0.7727,10,0.51,0.7727,10,0
IWM191025C155,2019-10-24,2019-10-24 09:32:40,0.54,0.8181,59,0.51,0.7727,312,0.51,0.7727,10,0.525,0.7954,10,0
IWM191025C155,2019-10-24,2019-10-24 09:32:40,0.54,0.8181,49,0.51,0.7727,312,0.51,0.7727,10,0.525,0.7954,10,0
IWM191025C155,2019-10-24,2019-10-24 09:32:41,0.55,0.8333,54,0.52,0.7878,107,0.51,0.7727,10,0.535,0.8106,10,0
IWM191025C155,2019-10-24,2019-10-24 09:32:41,0.55,0.8333,64,0.53,0.803,1,0.51,0.7727,10,0.54,0.8181,10,0
IWM191025C155,2019-10-24,2019-10-24 09:32:42,0.55,0.8333,40,0.52,0.7878,250,0.51,0.7727,10,0.535,0.8106,10,0
IWM191025C155,2019-10-24,2019-10-24 09:32:43,0.54,0.8181,20,0.52,0.7878,282,0.51,0.7727,10,0.53,0.803,10,0
IWM191025C155,2019-10-24,2019-10-24 09:32:43,0.54,0.8181,20,0.52,0.7878,250,0.51,0.7727,10,0.53,0.803,10,0
IWM191025C155,2019-10-24,2019-10-24 09:32:44,0.54,0.8181,20,0.52,0.7878,282,0.51,0.7727,10,0.53,0.803,10,0
IWM191025C155,2019-10-24,2019-10-24 09:32:44,0.54,0.8181,20,0.52,0.7878,200,0.54,0.8181,1,0.53,0.803,11,1
IWM191025C155,2019-10-24,2019-10-24 09:32:45,0.54,0.8181,44,0.52,0.7878,10,0.54,0.8181,1,0.53,0.803,11,0
IWM191025C155,2019-10-24,2019-10-24 09:32:45,0.54,0.8181,34,0.52,0.7878,21,0.54,0.8181,1,0.53,0.803,11,0
IWM191025C155,2019-10-24,2019-10-24 09:32:46,0.55,0.8333,40,0.52,0.7878,165,0.54,0.8181,1,0.535,0.8106,11,0
IWM191025C155,2019-10-24,2019-10-24 09:32:46,0.55,0.8333,190,0.52,0.7878,70,0.54,0.8181,1,0.535,0.8106,11,0
IWM191025C155,2019-10-24,2019-10-24 09:32:47,0.55,0.8333,190,0.52,0.7878,70,0.54,0.8181,1,0.535,0.8106,11,0
IWM191025C155,2019-10-24,2019-10-24 09:32:47,0.55,0.8333,73,0.52,0.7878,257,0.54,0.8181,1,0.535,0.8106,11,0
IWM191025C155,2019-10-24,2019-10-24 09:32:48,0.55,0.8333,92,0.52,0.7878,446,0.54,0.8181,1,0.535,0.8106,11,0
IWM191025C155,2019-10-24,2019-10-24 09:32:48,0.55,0.8333,78,0.52,0.7878,461,0.54,0.8181,1,0.535,0.8106,11,0
IWM191025C155,2019-10-24,2019-10-24 09:32:49,0.55,0.8333,78,0.52,0.7878,570,0.54,0.8181,1,0.535,0.8106,11,0
IWM191025C155,2019-10-24,2019-10-24 09:32:49,0.55,0.8333,100,0.52,0.7878,490,0.54,0.8181,1,0.535,0.8106,11,0
IWM191025C155,2019-10-24,2019-10-24 09:32:50,0.55,0.8333,112,0.52,0.7878,580,0.54,0.8181,1,0.535,0.8106,11,0
IWM191025C155,2019-10-24,2019-10-24 09:32:50,0.55,0.8333,112,0.52,0.7878,490,0.54,0.8181,1,0.535,0.8106,11,0
IWM191025C155,2019-10-24,2019-10-24 09:32:51,0.55,0.8333,97,0.52,0.7878,570,0.54,0.8181,1,0.535,0.8106,11,0
IWM191025C155,2019-10-24,2019-10-24 09:32:51,0.55,0.8333,112,0.52,0.7878,570,0.54,0.8181,1,0.535,0.8106,11,0
IWM191025C155,2019-10-24,2019-10-24 09:32:52,0.55,0.8333,110,0.52,0.7878,570,0.54,0.8181,1,0.535,0.8106,11,0
IWM191025C155,2019-10-24,2019-10-24 09:32:53,0.55,0.8333,110,0.52,0.7878,570,0.54,0.8181,1,0.535,0.8106,11,0
IWM191025C155,2019-10-24,2019-10-24 09:32:54,0.55,0.8333,8,0.53,0.803,640,0.54,0.8181,1,0.54,0.8181,11,0
IWM191025C155,2019-10-24,2019-10-24 09:32:54,0.55,0.8333,97,0.52,0.7878,580,0.54,0.8181,1,0.535,0.8106,11,0
IWM191025C155,2019-10-24,2019-10-24 09:32:55,0.56,0.8484,54,0.54,0.8181,20,0.54,0.8181,1,0.55,0.8333,11,0
IWM191025C155,2019-10-24,2019-10-24 09:32:55,0.56,0.8484,66,0.54,0.8181,20,0.54,0.8181,1,0.55,0.8333,11,0
IWM191025C155,2019-10-24,2019-10-24 09:32:56,0.56,0.8484,66,0.54,0.8181,20,0.54,0.8181,1,0.55,0.8333,11,0
IWM191025C155,2019-10-24,2019-10-24 09:32:56,0.56,0.8484,54,0.54,0.8181,135,0.54,0.8181,1,0.55,0.8333,11,0
IWM191025C155,2019-10-24,2019-10-24 09:32:57,0.56,0.8484,54,0.54,0.8181,184,0.54,0.8181,1,0.55,0.8333,11,0
IWM191025C155,2019-10-24,2019-10-24 09:32:57,0.56,0.8484,54,0.54,0.8181,245,0.54,0.8181,1,0.55,0.8333,11,0
IWM191025C155,2019-10-24,2019-10-24 09:32:58,0.55,0.8333,6,0.53,0.803,160,0.54,0.8181,1,0.54,0.8181,11,0
IWM191025C155,2019-10-24,2019-10-24 09:32:58,0.56,0.8484,91,0.54,0.8181,35,0.54,0.8181,1,0.55,0.8333,11,0
IWM191025C155,2019-10-24,2019-10-24 09:32:59,0.55,0.8333,6,0.53,0.803,228,0.54,0.8181,1,0.54,0.8181,11,0
IWM191025C155,2019-10-24,2019-10-24 09:32:59,0.55,0.8333,14,0.53,0.803,212,0.54,0.8181,1,0.54,0.8181,11,0
IWM191025C155,2019-10-24,2019-10-24 09:33:00,0.55,0.8333,20,0.53,0.803,212,0.54,0.8181,1,0.54,0.8181,11,0
IWM191025C155,2019-10-24,2019-10-24 09:33:00,0.55,0.8333,14,0.53,0.803,382,0.54,0.8181,1,0.54,0.8181,11,0
IWM191025C155,2019-10-24,2019-10-24 09:33:01,0.56,0.8484,45,0.53,0.803,289,0.54,0.8181,1,0.545,0.8257,11,0
IWM191025C155,2019-10-24,2019-10-24 09:33:01,0.56,0.8484,35,0.53,0.803,276,0.54,0.8181,1,0.545,0.8257,11,0
IWM191025C155,2019-10-24,2019-10-24 09:33:02,0.56,0.8484,35,0.53,0.803,276,0.54,0.8181,1,0.545,0.8257,11,0
IWM191025C155,2019-10-24,2019-10-24 09:33:02,0.54,0.8181,75,0.49,0.7424,150,0.54,0.8181,1,0.515,0.7803,11,0
IWM191025C155,2019-10-24,2019-10-24 09:33:03,0.53,0.803,30,0.5,0.7575,92,0.54,0.8181,1,0.515,0.7803,11,0
IWM191025C155,2019-10-24,2019-10-24 09:33:03,0.54,0.8181,70,0.49,0.7424,219,0.54,0.8181,1,0.515,0.7803,11,0
IWM191025C155,2019-10-24,2019-10-24 09:33:04,0.53,0.803,114,0.5,0.7575,195,0.54,0.8181,1,0.515,0.7803,11,0
IWM191025C155,2019-10-24,2019-10-24 09:33:04,0.53,0.803,30,0.5,0.7575,120,0.54,0.8181,1,0.515,0.7803,11,0
IWM191025C155,2019-10-24,2019-10-24 09:33:05,0.52,0.7878,21,0.5,0.7575,66,0.54,0.8181,1,0.51,0.7727,11,0
IWM191025C155,2019-10-24,2019-10-24 09:33:05,0.53,0.803,83,0.5,0.7575,84,0.54,0.8181,1,0.515,0.7803,11,0
IWM191025C155,2019-10-24,2019-10-24 09:33:06,0.52,0.7878,62,0.5,0.7575,66,0.54,0.8181,1,0.51,0.7727,11,0
IWM191025C155,2019-10-24,2019-10-24 09:33:07,0.54,0.8181,20,0.51,0.7727,84,0.54,0.8181,1,0.525,0.7954,11,0
IWM191025C155,2019-10-24,2019-10-24 09:33:07,0.53,0.803,10,0.51,0.7727,20,0.54,0.8181,1,0.52,0.7878,11,0
IWM191025C155,2019-10-24,2019-10-24 09:33:08,0.54,0.8181,52,0.51,0.7727,84,0.54,0.8181,1,0.525,0.7954,11,0
IWM191025C155,2019-10-24,2019-10-24 09:33:09,0.55,0.8333,6,0.52,0.7878,130,0.54,0.8181,1,0.535,0.8106,11,0
IWM191025C155,2019-10-24,2019-10-24 09:33:09,0.55,0.8333,20,0.52,0.7878,228,0.54,0.8181,1,0.535,0.8106,11,0
IWM191025C155,2019-10-24,2019-10-24 09:33:10,0.55,0.8333,163,0.51,0.7727,42,0.54,0.8181,1,0.53,0.803,11,0
IWM191025C155,2019-10-24,2019-10-24 09:33:10,0.54,0.8181,50,0.52,0.7878,87,0.54,0.8181,1,0.53,0.803,11,0
IWM191025C155,2019-10-24,2019-10-24 09:33:11,0.54,0.8181,91,0.52,0.7878,87,0.54,0.8181,1,0.53,0.803,11,0
IWM191025C155,2019-10-24,2019-10-24 09:33:11,0.54,0.8181,50,0.52,0.7878,110,0.54,0.8181,1,0.53,0.803,11,0
IWM191025C155,2019-10-24,2019-10-24 09:33:12,0.53,0.803,30,0.51,0.7727,88,0.54,0.8181,1,0.52,0.7878,11,0
IWM191025C155,2019-10-24,2019-10-24 09:33:13,0.53,0.803,74,0.51,0.7727,92,0.54,0.8181,1,0.52,0.7878,11,0
IWM191025C155,2019-10-24,2019-10-24 09:33:13,0.53,0.803,49,0.51,0.7727,92,0.54,0.8181,1,0.52,0.7878,11,0
IWM191025C155,2019-10-24,2019-10-24 09:33:14,0.53,0.803,54,0.51,0.7727,92,0.54,0.8181,1,0.52,0.7878,11,0
IWM191025C155,2019-10-24,2019-10-24 09:33:14,0.53,0.803,50,0.52,0.7878,20,0.51,0.7727,1,0.525,0.7954,12,1
IWM191025C155,2019-10-24,2019-10-24 09:33:15,0.53,0.803,10,0.51,0.7727,84,0.51,0.7727,1,0.52,0.7878,12,0
IWM191025C155,2019-10-24,2019-10-24 09:33:15,0.54,0.8181,37,0.51,0.7727,195,0.51,0.7727,1,0.525,0.7954,12,0
IWM191025C155,2019-10-24,2019-10-24 09:33:16,0.54,0.8181,10,0.51,0.7727,233,0.51,0.7727,1,0.525,0.7954,12,0
IWM191025C155,2019-10-24,2019-10-24 09:33:16,0.54,0.8181,14,0.51,0.7727,256,0.51,0.7727,1,0.525,0.7954,12,0
IWM191025C155,2019-10-24,2019-10-24 09:33:17,0.54,0.8181,14,0.51,0.7727,230,0.51,0.7727,1,0.525,0.7954,12,0
IWM191025C155,2019-10-24,2019-10-24 09:33:17,0.53,0.803,3,0.51,0.7727,70,0.51,0.7727,1,0.52,0.7878,12,0
IWM191025C155,2019-10-24,2019-10-24 09:33:18,0.53,0.803,1,0.51,0.7727,102,0.51,0.7727,1,0.52,0.7878,12,0
IWM191025C155,2019-10-24,2019-10-24 09:33:18,0.54,0.8181,236,0.51,0.7727,54,0.51,0.7727,1,0.525,0.7954,12,0
IWM191025C155,2019-10-24,2019-10-24 09:33:19,0.53,0.803,29,0.51,0.7727,16,0.51,0.7727,1,0.52,0.7878,12,0
IWM191025C155,2019-10-24,2019-10-24 09:33:19,0.53,0.803,29,0.51,0.7727,7,0.51,0.7727,1,0.52,0.7878,12,0
IWM191025C155,2019-10-24,2019-10-24 09:33:20,0.53,0.803,129,0.5,0.7575,88,0.51,0.7727,1,0.515,0.7803,12,0
IWM191025C155,2019-10-24,2019-10-24 09:33:21,0.52,0.7878,30,0.49,0.7424,216,0.51,0.7727,1,0.505,0.7651,12,0
IWM191025C155,2019-10-24,2019-10-24 09:33:21,0.52,0.7878,12,0.49,0.7424,126,0.51,0.7727,1,0.505,0.7651,12,0
IWM191025C155,2019-10-24,2019-10-24 09:33:22,0.53,0.803,20,0.51,0.7727,11,0.51,0.7727,1,0.52,0.7878,12,0
IWM191025C155,2019-10-24,2019-10-24 09:33:22,0.53,0.803,10,0.51,0.7727,11,0.51,0.7727,1,0.52,0.7878,12,0
IWM191025C155,2019-10-24,2019-10-24 09:33:23,0.54,0.8181,20,0.52,0.7878,20,0.51,0.7727,1,0.53,0.803,12,0
IWM191025C155,2019-10-24,2019-10-24 09:33:23,0.55,0.8333,10,0.52,0.7878,9,0.51,0.7727,1,0.535,0.8106,12,0
IWM191025C155,2019-10-24,2019-10-24 09:33:24,0.55,0.8333,34,0.52,0.7878,167,0.51,0.7727,1,0.535,0.8106,12,0
IWM191025C155,2019-10-24,2019-10-24 09:33:24,0.55,0.8333,34,0.54,0.8181,87,0.51,0.7727,1,0.545,0.8257,12,0
IWM191025C155,2019-10-24,2019-10-24 09:33:25,0.57,0.8636,87,0.54,0.8181,109,0.51,0.7727,1,0.555,0.8409,12,0
IWM191025C155,2019-10-24,2019-10-24 09:33:26,0.56,0.8484,8,0.54,0.8181,87,0.51,0.7727,1,0.55,0.8333,12,0
IWM191025C155,2019-10-24,2019-10-24 09:33:26,0.57,0.8636,87,0.55,0.8333,7,0.51,0.7727,1,0.56,0.8484,12,0
IWM191025C155,2019-10-24,2019-10-24 09:33:27,0.56,0.8484,94,0.54,0.8181,77,0.51,0.7727,1,0.55,0.8333,12,0
IWM191025C155,2019-10-24,2019-10-24 09:33:27,0.56,0.8484,19,0.54,0.8181,123,0.51,0.7727,1,0.55,0.8333,12,0
IWM191025C155,2019-10-24,2019-10-24 09:33:28,0.56,0.8484,94,0.54,0.8181,158,0.51,0.7727,1,0.55,0.8333,12,0
IWM191025C155,2019-10-24,2019-10-24 09:33:28,0.56,0.8484,126,0.53,0.803,84,0.51,0.7727,1,0.545,0.8257,12,0
IWM191025C155,2019-10-24,2019-10-24 09:33:29,0.56,0.8484,624,0.53,0.803,117,0.51,0.7727,1,0.545,0.8257,12,0
IWM191025C155,2019-10-24,2019-10-24 09:33:30,0.55,0.8333,19,0.53,0.803,117,0.51,0.7727,1,0.54,0.8181,12,0
IWM191025C155,2019-10-24,2019-10-24 09:33:30,0.56,0.8484,564,0.53,0.803,117,0.51,0.7727,1,0.545,0.8257,12,0
IWM191025C155,2019-10-24,2019-10-24 09:33:31,0.55,0.8333,19,0.53,0.803,117,0.51,0.7727,1,0.54,0.8181,12,0
IWM191025C155,2019-10-24,2019-10-24 09:33:31,0.55,0.8333,19,0.53,0.803,175,0.51,0.7727,1,0.54,0.8181,12,0
IWM191025C155,2019-10-24,2019-10-24 09:33:32,0.55,0.8333,19,0.53,0.803,84,0.51,0.7727,1,0.54,0.8181,12,0
IWM191025C155,2019-10-24,2019-10-24 09:33:32,0.55,0.8333,48,0.53,0.803,84,0.51,0.7727,1,0.54,0.8181,12,0
IWM191025C155,2019-10-24,2019-10-24 09:33:33,0.55,0.8333,10,0.54,0.8181,4,0.51,0.7727,1,0.545,0.8257,12,0
IWM191025C155,2019-10-24,2019-10-24 09:33:33,0.55,0.8333,19,0.53,0.803,84,0.51,0.7727,1,0.54,0.8181,12,0
IWM191025C155,2019-10-24,2019-10-24 09:33:34,0.55,0.8333,35,0.53,0.803,77,0.51,0.7727,1,0.54,0.8181,12,0
IWM191025C155,2019-10-24,2019-10-24 09:33:34,0.55,0.8333,21,0.53,0.803,64,0.51,0.7727,1,0.54,0.8181,12,0
IWM191025C155,2019-10-24,2019-10-24 09:33:35,0.55,0.8333,141,0.53,0.803,53,0.51,0.7727,1,0.54,0.8181,12,0
IWM191025C155,2019-10-24,2019-10-24 09:33:35,0.55,0.8333,35,0.53,0.803,94,0.51,0.7727,1,0.54,0.8181,12,0
IWM191025C155,2019-10-24,2019-10-24 09:33:36,0.55,0.8333,181,0.53,0.803,53,0.51,0.7727,1,0.54,0.8181,12,0
IWM191025C155,2019-10-24,2019-10-24 09:33:36,0.54,0.8181,15,0.52,0.7878,85,0.51,0.7727,1,0.53,0.803,12,0
IWM191025C155,2019-10-24,2019-10-24 09:33:37,0.54,0.8181,163,0.52,0.7878,62,0.51,0.7727,1,0.53,0.803,12,0
IWM191025C155,2019-10-24,2019-10-24 09:33:37,0.54,0.8181,109,0.51,0.7727,90,0.51,0.7727,1,0.525,0.7954,12,0
IWM191025C155,2019-10-24,2019-10-24 09:33:38,0.54,0.8181,231,0.52,0.7878,90,0.51,0.7727,1,0.53,0.803,12,0
IWM191025C155,2019-10-24,2019-10-24 09:33:38,0.55,0.8333,109,0.53,0.803,85,0.51,0.7727,1,0.54,0.8181,12,0
IWM191025C155,2019-10-24,2019-10-24 09:33:39,0.54,0.8181,80,0.52,0.7878,59,0.51,0.7727,1,0.53,0.803,12,0
IWM191025C155,2019-10-24,2019-10-24 09:33:39,0.54,0.8181,132,0.52,0.7878,59,0.51,0.7727,1,0.53,0.803,12,0
IWM191025C155,2019-10-24,2019-10-24 09:33:40,0.54,0.8181,116,0.52,0.7878,59,0.51,0.7727,1,0.53,0.803,12,0
IWM191025C155,2019-10-24,2019-10-24 09:33:41,0.54,0.8181,93,0.52,0.7878,59,0.51,0.7727,1,0.53,0.803,12,0
IWM191025C155,2019-10-24,2019-10-24 09:33:41,0.54,0.8181,87,0.52,0.7878,95,0.51,0.7727,1,0.53,0.803,12,0
IWM191025C155,2019-10-24,2019-10-24 09:33:42,0.54,0.8181,317,0.52,0.7878,37,0.51,0.7727,1,0.53,0.803,12,0
IWM191025C155,2019-10-24,2019-10-24 09:33:42,0.53,0.803,11,0.51,0.7727,103,0.51,0.7727,1,0.52,0.7878,12,0
IWM191025C155,2019-10-24,2019-10-24 09:33:43,0.54,0.8181,348,0.51,0.7727,191,0.51,0.7727,1,0.525,0.7954,12,0
IWM191025C155,2019-10-24,2019-10-24 09:33:43,0.54,0.8181,343,0.51,0.7727,233,0.51,0.7727,1,0.525,0.7954,12,0
IWM191025C155,2019-10-24,2019-10-24 09:33:44,0.55,0.8333,155,0.53,0.803,79,0.51,0.7727,1,0.54,0.8181,12,0
IWM191025C155,2019-10-24,2019-10-24 09:33:44,0.54,0.8181,10,0.52,0.7878,85,0.51,0.7727,1,0.53,0.803,12,0
IWM191025C155,2019-10-24,2019-10-24 09:33:45,0.55,0.8333,45,0.52,0.7878,82,0.51,0.7727,1,0.535,0.8106,12,0
IWM191025C155,2019-10-24,2019-10-24 09:33:45,0.55,0.8333,41,0.52,0.7878,82,0.51,0.7727,1,0.535,0.8106,12,0
IWM191025C155,2019-10-24,2019-10-24 09:33:46,0.55,0.8333,41,0.53,0.803,84,0.51,0.7727,1,0.54,0.8181,12,0
IWM191025C155,2019-10-24,2019-10-24 09:33:47,0.55,0.8333,89,0.53,0.803,84,0.51,0.7727,1,0.54,0.8181,12,0
IWM191025C155,2019-10-24,2019-10-24 09:33:47,0.55,0.8333,41,0.53,0.803,84,0.51,0.7727,1,0.54,0.8181,12,0
IWM191025C155,2019-10-24,2019-10-24 09:33:48,0.54,0.8181,15,0.52,0.7878,80,0.51,0.7727,1,0.53,0.803,12,0
IWM191025C155,2019-10-24,2019-10-24 09:33:49,0.54,0.8181,58,0.52,0.7878,65,0.51,0.7727,1,0.53,0.803,12,0
IWM191025C155,2019-10-24,2019-10-24 09:33:49,0.54,0.8181,23,0.52,0.7878,83,0.51,0.7727,1,0.53,0.803,12,0
IWM191025C155,2019-10-24,2019-10-24 09:33:50,0.54,0.8181,61,0.52,0.7878,83,0.51,0.7727,1,0.53,0.803,12,0
IWM191025C155,2019-10-24,2019-10-24 09:33:50,0.54,0.8181,75,0.52,0.7878,65,0.51,0.7727,1,0.53,0.803,12,0
IWM191025C155,2019-10-24,2019-10-24 09:33:51,0.55,0.8333,41,0.52,0.7878,138,0.51,0.7727,1,0.535,0.8106,12,0
IWM191025C155,2019-10-24,2019-10-24 09:33:51,0.55,0.8333,20,0.52,0.7878,138,0.51,0.7727,1,0.535,0.8106,12,0
IWM191025C155,2019-10-24,2019-10-24 09:33:52,0.55,0.8333,41,0.52,0.7878,175,0.51,0.7727,1,0.535,0.8106,12,0
IWM191025C155,2019-10-24,2019-10-24 09:33:52,0.55,0.8333,257,0.52,0.7878,175,0.51,0.7727,1,0.535,0.8106,12,0
IWM191025C155,2019-10-24,2019-10-24 09:33:53,0.55,0.8333,362,0.52,0.7878,198,0.51,0.7727,1,0.535,0.8106,12,0
IWM191025C155,2019-10-24,2019-10-24 09:33:54,0.54,0.8181,103,0.52,0.7878,66,0.51,0.7727,1,0.53,0.803,12,0
IWM191025C155,2019-10-24,2019-10-24 09:33:54,0.54,0.8181,87,0.52,0.7878,61,0.51,0.7727,1,0.53,0.803,12,0
IWM191025C155,2019-10-24,2019-10-24 09:33:55,0.54,0.8181,117,0.52,0.7878,94,0.51,0.7727,1,0.53,0.803,12,0
IWM191025C155,2019-10-24,2019-10-24 09:33:55,0.54,0.8181,103,0.52,0.7878,66,0.51,0.7727,1,0.53,0.803,12,0
IWM191025C155,2019-10-24,2019-10-24 09:33:56,0.54,0.8181,107,0.52,0.7878,148,0.51,0.7727,1,0.53,0.803,12,0
IWM191025C155,2019-10-24,2019-10-24 09:33:56,0.54,0.8181,117,0.52,0.7878,109,0.51,0.7727,1,0.53,0.803,12,0
IWM191025C155,2019-10-24,2019-10-24 09:33:57,0.54,0.8181,117,0.52,0.7878,131,0.51,0.7727,1,0.53,0.803,12,0
IWM191025C155,2019-10-24,2019-10-24 09:33:58,0.54,0.8181,10,0.52,0.7878,82,0.51,0.7727,1,0.53,0.803,12,0
IWM191025C155,2019-10-24,2019-10-24 09:33:58,0.54,0.8181,10,0.52,0.7878,142,0.51,0.7727,1,0.53,0.803,12,0
IWM191025C155,2019-10-24,2019-10-24 09:33:59,0.55,0.8333,141,0.52,0.7878,247,0.51,0.7727,1,0.535,0.8106,12,0
IWM191025C155,2019-10-24,2019-10-24 09:33:59,0.55,0.8333,117,0.52,0.7878,219,0.51,0.7727,1,0.535,0.8106,12,0
IWM191025C155,2019-10-24,2019-10-24 09:34:00,0.54,0.8181,9,0.53,0.803,4,0.51,0.7727,1,0.535,0.8106,12,0
IWM191025C155,2019-10-24,2019-10-24 09:34:00,0.54,0.8181,9,0.52,0.7878,147,0.51,0.7727,1,0.53,0.803,12,0
IWM191025C155,2019-10-24,2019-10-24 09:34:01,0.54,0.8181,30,0.52,0.7878,147,0.51,0.7727,1,0.53,0.803,12,0
IWM191025C155,2019-10-24,2019-10-24 09:34:01,0.54,0.8181,176,0.52,0.7878,52,0.51,0.7727,1,0.53,0.803,12,0
IWM191025C155,2019-10-24,2019-10-24 09:34:02,0.54,0.8181,176,0.52,0.7878,52,0.51,0.7727,1,0.53,0.803,12,0
IWM191025C155,2019-10-24,2019-10-24 09:34:02,0.53,0.803,147,0.51,0.7727,100,0.51,0.7727,1,0.52,0.7878,12,0
IWM191025C155,2019-10-24,2019-10-24 09:34:03,0.53,0.803,147,0.51,0.7727,100,0.51,0.7727,1,0.52,0.7878,12,0
IWM191025C155,2019-10-24,2019-10-24 09:34:04,0.53,0.803,147,0.51,0.7727,109,0.51,0.7727,1,0.52,0.7878,12,0
IWM191025C155,2019-10-24,2019-10-24 09:34:04,0.53,0.803,147,0.51,0.7727,133,0.51,0.7727,1,0.52,0.7878,12,0
IWM191025C155,2019-10-24,2019-10-24 09:34:05,0.53,0.803,127,0.49,0.7424,79,0.51,0.7727,1,0.51,0.7727,12,0
IWM191025C155,2019-10-24,2019-10-24 09:34:06,0.51,0.7727,92,0.49,0.7424,10,0.51,0.7727,1,0.5,0.7575,12,0
IWM191025C155,2019-10-24,2019-10-24 09:34:06,0.51,0.7727,54,0.49,0.7424,1,0.51,0.7727,1,0.5,0.7575,12,0
IWM191025C155,2019-10-24,2019-10-24 09:34:07,0.51,0.7727,92,0.49,0.7424,10,0.51,0.7727,1,0.5,0.7575,12,0
IWM191025C155,2019-10-24,2019-10-24 09:34:08,0.51,0.7727,97,0.48,0.7272,99,0.51,0.7727,1,0.495,0.75,12,0
IWM191025C155,2019-10-24,2019-10-24 09:34:08,0.51,0.7727,92,0.49,0.7424,10,0.51,0.7727,1,0.5,0.7575,12,0
IWM191025C155,2019-10-24,2019-10-24 09:34:09,0.51,0.7727,73,0.48,0.7272,99,0.51,0.7727,1,0.495,0.75,12,0
IWM191025C155,2019-10-24,2019-10-24 09:34:09,0.51,0.7727,139,0.48,0.7272,122,0.51,0.7727,1,0.495,0.75,12,0
IWM191025C155,2019-10-24,2019-10-24 09:34:10,0.51,0.7727,81,0.48,0.7272,156,0.51,0.7727,1,0.495,0.75,12,0
IWM191025C155,2019-10-24,2019-10-24 09:34:10,0.51,0.7727,164,0.49,0.7424,61,0.51,0.7727,1,0.5,0.7575,12,0
IWM191025C155,2019-10-24,2019-10-24 09:34:11,0.51,0.7727,85,0.48,0.7272,231,0.51,0.7727,1,0.495,0.75,12,0
IWM191025C155,2019-10-24,2019-10-24 09:34:11,0.51,0.7727,85,0.48,0.7272,272,0.51,0.7727,1,0.495,0.75,12,0
IWM191025C155,2019-10-24,2019-10-24 09:34:12,0.51,0.7727,71,0.48,0.7272,234,0.51,0.7727,1,0.495,0.75,12,0
IWM191025C155,2019-10-24,2019-10-24 09:34:12,0.51,0.7727,87,0.48,0.7272,250,0.51,0.7727,1,0.495,0.75,12,0
IWM191025C155,2019-10-24,2019-10-24 09:34:13,0.51,0.7727,110,0.48,0.7272,284,0.51,0.7727,1,0.495,0.75,12,0
IWM191025C155,2019-10-24,2019-10-24 09:34:13,0.51,0.7727,91,0.48,0.7272,268,0.51,0.7727,1,0.495,0.75,12,0
IWM191025C155,2019-10-24,2019-10-24 09:34:14,0.51,0.7727,110,0.48,0.7272,313,0.51,0.7727,1,0.495,0.75,12,0
IWM191025C155,2019-10-24,2019-10-24 09:34:14,0.51,0.7727,110,0.48,0.7272,284,0.51,0.7727,1,0.495,0.75,12,0
IWM191025C155,2019-10-24,2019-10-24 09:34:15,0.51,0.7727,117,0.48,0.7272,281,0.51,0.7727,1,0.495,0.75,12,0
IWM191025C155,2019-10-24,2019-10-24 09:34:15,0.51,0.7727,101,0.48,0.7272,294,0.51,0.7727,1,0.495,0.75,12,0
IWM191025C155,2019-10-24,2019-10-24 09:34:16,0.51,0.7727,32,0.49,0.7424,131,0.51,0.7727,1,0.5,0.7575,12,0
IWM191025C155,2019-10-24,2019-10-24 09:34:16,0.51,0.7727,144,0.48,0.7272,310,0.51,0.7727,1,0.495,0.75,12,0
IWM191025C155,2019-10-24,2019-10-24 09:34:17,0.5,0.7575,22,0.49,0.7424,102,0.51,0.7727,1,0.495,0.75,12,0
IWM191025C155,2019-10-24,2019-10-24 09:34:17,0.51,0.7727,32,0.49,0.7424,131,0.51,0.7727,1,0.5,0.7575,12,0
IWM191025C155,2019-10-24,2019-10-24 09:34:18,0.51,0.7727,149,0.49,0.7424,81,0.51,0.7727,1,0.5,0.7575,12,0
IWM191025C155,2019-10-24,2019-10-24 09:34:18,0.51,0.7727,111,0.49,0.7424,81,0.51,0.7727,1,0.5,0.7575,12,0
IWM191025C155,2019-10-24,2019-10-24 09:34:19,0.51,0.7727,10,0.5,0.7575,10,0.51,0.7727,1,0.505,0.7651,12,0
IWM191025C155,2019-10-24,2019-10-24 09:34:20,0.53,0.803,22,0.51,0.7727,81,0.51,0.7727,1,0.52,0.7878,12,0
IWM191025C155,2019-10-24,2019-10-24 09:34:20,0.52,0.7878,117,0.5,0.7575,81,0.51,0.7727,1,0.51,0.7727,12,0
IWM191025C155,2019-10-24,2019-10-24 09:34:21,0.54,0.8181,44,0.51,0.7727,289,0.51,0.7727,1,0.525,0.7954,12,0
IWM191025C155,2019-10-24,2019-10-24 09:34:21,0.54,0.8181,59,0.51,0.7727,238,0.51,0.7727,1,0.525,0.7954,12,0
IWM191025C155,2019-10-24,2019-10-24 09:34:22,0.54,0.8181,44,0.51,0.7727,262,0.51,0.7727,1,0.525,0.7954,12,0
IWM191025C155,2019-10-24,2019-10-24 09:34:22,0.54,0.8181,77,0.51,0.7727,324,0.51,0.7727,1,0.525,0.7954,12,0
IWM191025C155,2019-10-24,2019-10-24 09:34:23,0.54,0.8181,102,0.51,0.7727,285,0.51,0.7727,1,0.525,0.7954,12,0
IWM191025C155,2019-10-24,2019-10-24 09:34:23,0.54,0.8181,173,0.51,0.7727,267,0.51,0.7727,1,0.525,0.7954,12,0
IWM191025C155,2019-10-24,2019-10-24 09:34:24,0.54,0.8181,235,0.51,0.7727,11,0.51,0.7727,1,0.525,0.7954,12,0
IWM191025C155,2019-10-24,2019-10-24 09:34:25,0.54,0.8181,170,0.51,0.7727,6,0.51,0.7727,1,0.525,0.7954,12,0
IWM191025C155,2019-10-24,2019-10-24 09:34:25,0.52,0.7878,50,0.5,0.7575,10,0.51,0.7727,1,0.51,0.7727,12,0
IWM191025C155,2019-10-24,2019-10-24 09:34:26,0.52,0.7878,99,0.5,0.7575,10,0.51,0.7727,1,0.51,0.7727,12,0
IWM191025C155,2019-10-24,2019-10-24 09:34:26,0.52,0.7878,127,0.49,0.7424,171,0.51,0.7727,1,0.505,0.7651,12,0
IWM191025C155,2019-10-24,2019-10-24 09:34:27,0.52,0.7878,22,0.49,0.7424,187,0.51,0.7727,1,0.505,0.7651,12,0
IWM191025C155,2019-10-24,2019-10-24 09:34:27,0.52,0.7878,17,0.5,0.7575,60,0.51,0.7727,1,0.51,0.7727,12,0
IWM191025C155,2019-10-24,2019-10-24 09:34:28,0.52,0.7878,17,0.5,0.7575,16,0.51,0.7727,1,0.51,0.7727,12,0
IWM191025C155,2019-10-24,2019-10-24 09:34:29,0.52,0.7878,70,0.5,0.7575,16,0.51,0.7727,1,0.51,0.7727,12,0
IWM191025C155,2019-10-24,2019-10-24 09:34:29,0.52,0.7878,73,0.5,0.7575,16,0.51,0.7727,1,0.51,0.7727,12,0
IWM191025C155,2019-10-24,2019-10-24 09:34:30,0.54,0.8181,33,0.51,0.7727,121,0.51,0.7727,1,0.525,0.7954,12,0
IWM191025C155,2019-10-24,2019-10-24 09:34:30,0.52,0.7878,13,0.51,0.7727,51,0.51,0.7727,1,0.515,0.7803,12,0
IWM191025C155,2019-10-24,2019-10-24 09:34:31,0.53,0.803,13,0.51,0.7727,42,0.51,0.7727,1,0.52,0.7878,12,0
IWM191025C155,2019-10-24,2019-10-24 09:34:31,0.54,0.8181,33,0.52,0.7878,20,0.51,0.7727,1,0.53,0.803,12,0
IWM191025C155,2019-10-24,2019-10-24 09:34:32,0.53,0.803,13,0.51,0.7727,65,0.51,0.7727,1,0.52,0.7878,12,0
IWM191025C155,2019-10-24,2019-10-24 09:34:32,0.53,0.803,31,0.51,0.7727,123,0.51,0.7727,1,0.52,0.7878,12,0
IWM191025C155,2019-10-24,2019-10-24 09:34:33,0.53,0.803,17,0.51,0.7727,164,0.51,0.7727,1,0.52,0.7878,12,0
IWM191025C155,2019-10-24,2019-10-24 09:34:34,0.53,0.803,226,0.49,0.7424,45,0.51,0.7727,1,0.51,0.7727,12,0
IWM191025C155,2019-10-24,2019-10-24 09:34:34,0.53,0.803,61,0.51,0.7727,44,0.51,0.7727,1,0.52,0.7878,12,0
IWM191025C155,2019-10-24,2019-10-24 09:34:35,0.51,0.7727,20,0.49,0.7424,112,0.51,0.7727,1,0.5,0.7575,12,0
IWM191025C155,2019-10-24,2019-10-24 09:34:35,0.51,0.7727,17,0.49,0.7424,81,0.51,0.7727,1,0.5,0.7575,12,0
IWM191025C155,2019-10-24,2019-10-24 09:34:36,0.51,0.7727,20,0.49,0.7424,112,0.51,0.7727,1,0.5,0.7575,12,0
IWM191025C155,2019-10-24,2019-10-24 09:34:37,0.51,0.7727,20,0.49,0.7424,63,0.51,0.7727,1,0.5,0.7575,12,0
IWM191025C155,2019-10-24,2019-10-24 09:34:37,0.52,0.7878,6,0.49,0.7424,201,0.51,0.7727,1,0.505,0.7651,12,0
IWM191025C155,2019-10-24,2019-10-24 09:34:38,0.52,0.7878,20,0.49,0.7424,185,0.51,0.7727,1,0.505,0.7651,12,0
IWM191025C155,2019-10-24,2019-10-24 09:34:38,0.53,0.803,4,0.51,0.7727,73,0.51,0.7727,1,0.52,0.7878,12,0
IWM191025C155,2019-10-24,2019-10-24 09:34:39,0.54,0.8181,66,0.52,0.7878,2,0.51,0.7727,1,0.53,0.803,12,0
IWM191025C155,2019-10-24,2019-10-24 09:34:39,0.53,0.803,4,0.51,0.7727,118,0.51,0.7727,1,0.52,0.7878,12,0
IWM191025C155,2019-10-24,2019-10-24 09:34:40,0.54,0.8181,75,0.51,0.7727,247,0.51,0.7727,1,0.525,0.7954,12,0
IWM191025C155,2019-10-24,2019-10-24 09:34:40,0.54,0.8181,75,0.51,0.7727,201,0.51,0.7727,1,0.525,0.7954,12,0
IWM191025C155,2019-10-24,2019-10-24 09:34:41,0.54,0.8181,26,0.52,0.7878,28,0.51,0.7727,1,0.53,0.803,12,0
IWM191025C155,2019-10-24,2019-10-24 09:34:41,0.53,0.803,10,0.52,0.7878,28,0.51,0.7727,1,0.525,0.7954,12,0
IWM191025C155,2019-10-24,2019-10-24 09:34:42,0.54,0.8181,64,0.52,0.7878,52,0.51,0.7727,1,0.53,0.803,12,0
IWM191025C155,2019-10-24,2019-10-24 09:34:42,0.54,0.8181,61,0.52,0.7878,52,0.51,0.7727,1,0.53,0.803,12,0
IWM191025C155,2019-10-24,2019-10-24 09:34:43,0.54,0.8181,26,0.52,0.7878,188,0.51,0.7727,1,0.53,0.803,12,0
IWM191025C155,2019-10-24,2019-10-24 09:34:43,0.54,0.8181,22,0.52,0.7878,262,0.51,0.7727,1,0.53,0.803,12,0
IWM191025C155,2019-10-24,2019-10-24 09:34:44,0.54,0.8181,22,0.52,0.7878,308,0.51,0.7727,1,0.53,0.803,12,0
IWM191025C155,2019-10-24,2019-10-24 09:34:45,0.54,0.8181,22,0.52,0.7878,359,0.51,0.7727,1,0.53,0.803,12,0
IWM191025C155,2019-10-24,2019-10-24 09:34:46,0.54,0.8181,46,0.52,0.7878,55,0.51,0.7727,1,0.53,0.803,12,0
IWM191025C155,2019-10-24,2019-10-24 09:34:47,0.54,0.8181,54,0.52,0.7878,114,0.51,0.7727,1,0.53,0.803,12,0
IWM191025C155,2019-10-24,2019-10-24 09:34:47,0.54,0.8181,54,0.52,0.7878,135,0.51,0.7727,1,0.53,0.803,12,0
IWM191025C155,2019-10-24,2019-10-24 09:34:48,0.54,0.8181,60,0.52,0.7878,135,0.51,0.7727,1,0.53,0.803,12,0
IWM191025C155,2019-10-24,2019-10-24 09:34:48,0.54,0.8181,176,0.51,0.7727,85,0.51,0.7727,1,0.525,0.7954,12,0
IWM191025C155,2019-10-24,2019-10-24 09:34:49,0.54,0.8181,263,0.51,0.7727,181,0.51,0.7727,1,0.525,0.7954,12,0
IWM191025C155,2019-10-24,2019-10-24 09:34:49,0.54,0.8181,144,0.51,0.7727,101,0.51,0.7727,1,0.525,0.7954,12,0
IWM191025C155,2019-10-24,2019-10-24 09:34:50,0.53,0.803,93,0.5,0.7575,290,0.51,0.7727,1,0.515,0.7803,12,0
IWM191025C155,2019-10-24,2019-10-24 09:34:50,0.53,0.803,48,0.5,0.7575,320,0.51,0.7727,1,0.515,0.7803,12,0
IWM191025C155,2019-10-24,2019-10-24 09:34:51,0.53,0.803,281,0.49,0.7424,115,0.51,0.7727,1,0.51,0.7727,12,0
IWM191025C155,2019-10-24,2019-10-24 09:34:51,0.53,0.803,164,0.5,0.7575,196,0.51,0.7727,1,0.515,0.7803,12,0
IWM191025C155,2019-10-24,2019-10-24 09:34:52,0.51,0.7727,69,0.49,0.7424,34,0.51,0.7727,1,0.5,0.7575,12,0
IWM191025C155,2019-10-24,2019-10-24 09:34:52,0.51,0.7727,73,0.49,0.7424,54,0.51,0.7727,1,0.5,0.7575,12,0
IWM191025C155,2019-10-24,2019-10-24 09:34:53,0.51,0.7727,73,0.49,0.7424,41,0.51,0.7727,1,0.5,0.7575,12,0
IWM191025C155,2019-10-24,2019-10-24 09:34:54,0.51,0.7727,87,0.49,0.7424,41,0.51,0.7727,1,0.5,0.7575,12,0
IWM191025C155,2019-10-24,2019-10-24 09:34:55,0.51,0.7727,87,0.49,0.7424,41,0.51,0.7727,1,0.5,0.7575,12,0
IWM191025C155,2019-10-24,2019-10-24 09:34:56,0.51,0.7727,102,0.49,0.7424,28,0.51,0.7727,1,0.5,0.7575,12,0
IWM191025C155,2019-10-24,2019-10-24 09:34:57,0.51,0.7727,102,0.49,0.7424,28,0.51,0.7727,1,0.5,0.7575,12,0
IWM191025C155,2019-10-24,2019-10-24 09:34:57,0.51,0.7727,38,0.49,0.7424,109,0.51,0.7727,1,0.5,0.7575,12,0
IWM191025C155,2019-10-24,2019-10-24 09:34:58,0.51,0.7727,38,0.49,0.7424,110,0.51,0.7727,1,0.5,0.7575,12,0
IWM191025C155,2019-10-24,2019-10-24 09:34:59,0.51,0.7727,101,0.49,0.7424,10,0.51,0.7727,1,0.5,0.7575,12,0
IWM191025C155,2019-10-24,2019-10-24 09:34:59,0.51,0.7727,60,0.49,0.7424,110,0.51,0.7727,1,0.5,0.7575,12,0
IWM191025C155,2019-10-24,2019-10-24 09:35:00,0.5,0.7575,17,0.48,0.7272,67,0.51,0.7727,1,0.49,0.7424,12,0
IWM191025C155,2019-10-24,2019-10-24 09:35:00,0.51,0.7727,176,0.48,0.7272,45,0.51,0.7727,1,0.495,0.75,12,0
IWM191025C155,2019-10-24,2019-10-24 09:35:01,0.48,0.7272,97,0.45,0.6818,21,0.51,0.7727,1,0.465,0.7045,12,0
IWM191025C155,2019-10-24,2019-10-24 09:35:01,0.5,0.7575,29,0.48,0.7272,151,0.51,0.7727,1,0.49,0.7424,12,0
IWM191025C155,2019-10-24,2019-10-24 09:35:02,0.47,0.7121,65,0.45,0.6818,24,0.51,0.7727,1,0.46,0.6969,12,0
IWM191025C155,2019-10-24,2019-10-24 09:35:03,0.47,0.7121,91,0.45,0.6818,34,0.51,0.7727,1,0.46,0.6969,12,0
IWM191025C155,2019-10-24,2019-10-24 09:35:03,0.47,0.7121,53,0.45,0.6818,70,0.51,0.7727,1,0.46,0.6969,12,0
IWM191025C155,2019-10-24,2019-10-24 09:35:04,0.47,0.7121,100,0.45,0.6818,38,0.51,0.7727,1,0.46,0.6969,12,0
IWM191025C155,2019-10-24,2019-10-24 09:35:04,0.47,0.7121,115,0.45,0.6818,38,0.51,0.7727,1,0.46,0.6969,12,0
IWM191025C155,2019-10-24,2019-10-24 09:35:06,0.45,0.6818,35,0.43,0.6515,37,0.51,0.7727,1,0.44,0.6666,12,0
IWM191025C155,2019-10-24,2019-10-24 09:35:06,0.45,0.6818,75,0.43,0.6515,41,0.51,0.7727,1,0.44,0.6666,12,0
IWM191025C155,2019-10-24,2019-10-24 09:35:07,0.45,0.6818,44,0.43,0.6515,15,0.51,0.7727,1,0.44,0.6666,12,0
IWM191025C155,2019-10-24,2019-10-24 09:35:07,0.44,0.6666,49,0.42,0.6363,71,0.51,0.7727,1,0.43,0.6515,12,0
IWM191025C155,2019-10-24,2019-10-24 09:35:08,0.44,0.6666,40,0.42,0.6363,45,0.51,0.7727,1,0.43,0.6515,12,0
IWM191025C155,2019-10-24,2019-10-24 09:35:08,0.44,0.6666,10,0.42,0.6363,64,0.51,0.7727,1,0.43,0.6515,12,0
IWM191025C155,2019-10-24,2019-10-24 09:35:09,0.45,0.6818,30,0.43,0.6515,25,0.51,0.7727,1,0.44,0.6666,12,0
IWM191025C155,2019-10-24,2019-10-24 09:35:09,0.46,0.6969,20,0.44,0.6666,74,0.51,0.7727,1,0.45,0.6818,12,0
IWM191025C155,2019-10-24,2019-10-24 09:35:10,0.47,0.7121,128,0.44,0.6666,61,0.51,0.7727,1,0.455,0.6893,12,0
IWM191025C155,2019-10-24,2019-10-24 09:35:10,0.48,0.7272,101,0.44,0.6666,78,0.51,0.7727,1,0.46,0.6969,12,0
IWM191025C155,2019-10-24,2019-10-24 09:35:11,0.46,0.6969,76,0.44,0.6666,61,0.51,0.7727,1,0.45,0.6818,12,0
IWM191025C155,2019-10-24,2019-10-24 09:35:11,0.46,0.6969,101,0.45,0.6818,4,0.51,0.7727,1,0.455,0.6893,12,0
IWM191025C155,2019-10-24,2019-10-24 09:35:12,0.46,0.6969,60,0.44,0.6666,66,0.51,0.7727,1,0.45,0.6818,12,0
IWM191025C155,2019-10-24,2019-10-24 09:35:12,0.49,0.7424,86,0.45,0.6818,23,0.51,0.7727,1,0.47,0.7121,12,0
IWM191025C155,2019-10-24,2019-10-24 09:35:13,0.49,0.7424,12,0.47,0.7121,21,0.51,0.7727,1,0.48,0.7272,12,0
IWM191025C155,2019-10-24,2019-10-24 09:35:13,0.49,0.7424,40,0.46,0.6969,10,0.51,0.7727,1,0.475,0.7196,12,0
IWM191025C155,2019-10-24,2019-10-24 09:35:14,0.49,0.7424,20,0.47,0.7121,77,0.51,0.7727,1,0.48,0.7272,12,0
IWM191025C155,2019-10-24,2019-10-24 09:35:14,0.49,0.7424,30,0.47,0.7121,21,0.51,0.7727,1,0.48,0.7272,12,0
IWM191025C155,2019-10-24,2019-10-24 09:35:15,0.49,0.7424,20,0.47,0.7121,21,0.51,0.7727,1,0.48,0.7272,12,0
IWM191025C155,2019-10-24,2019-10-24 09:35:16,0.5,0.7575,15,0.47,0.7121,64,0.51,0.7727,1,0.485,0.7348,12,0
IWM191025C155,2019-10-24,2019-10-24 09:35:16,0.49,0.7424,31,0.47,0.7121,38,0.51,0.7727,1,0.48,0.7272,12,0
IWM191025C155,2019-10-24,2019-10-24 09:35:17,0.51,0.7727,258,0.48,0.7272,72,0.49,0.7424,6,0.495,0.75,22,0
IWM191025C155,2019-10-24,2019-10-24 09:35:17,0.51,0.7727,86,0.47,0.7121,48,0.49,0.7424,6,0.49,0.7424,22,10
IWM191025C155,2019-10-24,2019-10-24 09:35:18,0.5,0.7575,24,0.48,0.7272,70,0.49,0.7424,6,0.49,0.7424,22,0
IWM191025C155,2019-10-24,2019-10-24 09:35:18,0.5,0.7575,45,0.48,0.7272,72,0.49,0.7424,6,0.49,0.7424,22,0
IWM191025C155,2019-10-24,2019-10-24 09:35:19,0.5,0.7575,117,0.47,0.7121,92,0.49,0.7424,6,0.485,0.7348,22,0
IWM191025C155,2019-10-24,2019-10-24 09:35:19,0.49,0.7424,44,0.47,0.7121,45,0.49,0.7424,6,0.48,0.7272,22,0
IWM191025C155,2019-10-24,2019-10-24 09:35:20,0.49,0.7424,105,0.47,0.7121,22,0.49,0.7424,6,0.48,0.7272,22,0
IWM191025C155,2019-10-24,2019-10-24 09:35:20,0.49,0.7424,20,0.47,0.7121,22,0.49,0.7424,6,0.48,0.7272,22,0
IWM191025C155,2019-10-24,2019-10-24 09:35:21,0.49,0.7424,72,0.46,0.6969,179,0.49,0.7424,6,0.475,0.7196,22,0
IWM191025C155,2019-10-24,2019-10-24 09:35:21,0.49,0.7424,20,0.46,0.6969,214,0.49,0.7424,6,0.475,0.7196,22,0
IWM191025C155,2019-10-24,2019-10-24 09:35:22,0.5,0.7575,107,0.48,0.7272,22,0.49,0.7424,6,0.49,0.7424,22,0
IWM191025C155,2019-10-24,2019-10-24 09:35:22,0.49,0.7424,96,0.46,0.6969,264,0.49,0.7424,6,0.475,0.7196,22,0
IWM191025C155,2019-10-24,2019-10-24 09:35:23,0.49,0.7424,93,0.47,0.7121,15,0.49,0.7424,6,0.48,0.7272,22,0
IWM191025C155,2019-10-24,2019-10-24 09:35:23,0.49,0.7424,21,0.48,0.7272,22,0.49,0.7424,6,0.485,0.7348,22,0
IWM191025C155,2019-10-24,2019-10-24 09:35:24,0.49,0.7424,76,0.47,0.7121,14,0.49,0.7424,6,0.48,0.7272,22,0
IWM191025C155,2019-10-24,2019-10-24 09:35:25,0.49,0.7424,111,0.47,0.7121,14,0.49,0.7424,6,0.48,0.7272,22,0
IWM191025C155,2019-10-24,2019-10-24 09:35:25,0.48,0.7272,44,0.46,0.6969,54,0.49,0.7424,6,0.47,0.7121,22,0
IWM191025C155,2019-10-24,2019-10-24 09:35:26,0.48,0.7272,195,0.46,0.6969,2,0.49,0.7424,6,0.47,0.7121,22,0
IWM191025C155,2019-10-24,2019-10-24 09:35:26,0.48,0.7272,193,0.46,0.6969,2,0.49,0.7424,6,0.47,0.7121,22,0
IWM191025C155,2019-10-24,2019-10-24 09:35:27,0.49,0.7424,98,0.46,0.6969,46,0.49,0.7424,6,0.475,0.7196,22,0
IWM191025C155,2019-10-24,2019-10-24 09:35:27,0.48,0.7272,57,0.46,0.6969,2,0.49,0.7424,6,0.47,0.7121,22,0
IWM191025C155,2019-10-24,2019-10-24 09:35:28,0.48,0.7272,20,0.46,0.6969,15,0.49,0.7424,6,0.47,0.7121,22,0
IWM191025C155,2019-10-24,2019-10-24 09:35:29,0.48,0.7272,10,0.46,0.6969,15,0.49,0.7424,6,0.47,0.7121,22,0
IWM191025C155,2019-10-24,2019-10-24 09:35:29,0.48,0.7272,20,0.46,0.6969,49,0.49,0.7424,6,0.47,0.7121,22,0
IWM191025C155,2019-10-24,2019-10-24 09:35:30,0.48,0.7272,20,0.46,0.6969,86,0.49,0.7424,6,0.47,0.7121,22,0
IWM191025C155,2019-10-24,2019-10-24 09:35:30,0.49,0.7424,20,0.46,0.6969,86,0.49,0.7424,6,0.475,0.7196,22,0
IWM191025C155,2019-10-24,2019-10-24 09:35:31,0.49,0.7424,100,0.46,0.6969,94,0.49,0.7424,6,0.475,0.7196,22,0
IWM191025C155,2019-10-24,2019-10-24 09:35:31,0.49,0.7424,37,0.46,0.6969,144,0.49,0.7424,6,0.475,0.7196,22,0
IWM191025C155,2019-10-24,2019-10-24 09:35:32,0.49,0.7424,58,0.46,0.6969,274,0.49,0.7424,6,0.475,0.7196,22,0
IWM191025C155,2019-10-24,2019-10-24 09:35:32,0.49,0.7424,47,0.46,0.6969,274,0.49,0.7424,6,0.475,0.7196,22,0
IWM191025C155,2019-10-24,2019-10-24 09:35:33,0.49,0.7424,48,0.46,0.6969,262,0.49,0.7424,6,0.475,0.7196,22,0
IWM191025C155,2019-10-24,2019-10-24 09:35:33,0.49,0.7424,58,0.46,0.6969,342,0.49,0.7424,6,0.475,0.7196,22,0
IWM191025C155,2019-10-24,2019-10-24 09:35:34,0.48,0.7272,31,0.46,0.6969,262,0.49,0.7424,6,0.47,0.7121,22,0
IWM191025C155,2019-10-24,2019-10-24 09:35:34,0.48,0.7272,143,0.45,0.6818,71,0.49,0.7424,6,0.465,0.7045,22,0
IWM191025C155,2019-10-24,2019-10-24 09:35:35,0.48,0.7272,247,0.45,0.6818,192,0.49,0.7424,6,0.465,0.7045,22,0
IWM191025C155,2019-10-24,2019-10-24 09:35:36,0.47,0.7121,17,0.45,0.6818,192,0.49,0.7424,6,0.46,0.6969,22,0
IWM191025C155,2019-10-24,2019-10-24 09:35:36,0.47,0.7121,64,0.45,0.6818,221,0.49,0.7424,6,0.46,0.6969,22,0
IWM191025C155,2019-10-24,2019-10-24 09:35:37,0.48,0.7272,22,0.45,0.6818,318,0.49,0.7424,6,0.465,0.7045,22,0
IWM191025C155,2019-10-24,2019-10-24 09:35:37,0.49,0.7424,1,0.47,0.7121,58,0.49,0.7424,6,0.48,0.7272,22,0
IWM191025C155,2019-10-24,2019-10-24 09:35:38,0.49,0.7424,20,0.47,0.7121,46,0.49,0.7424,6,0.48,0.7272,22,0
IWM191025C155,2019-10-24,2019-10-24 09:35:38,0.49,0.7424,20,0.47,0.7121,59,0.49,0.7424,6,0.48,0.7272,22,0
IWM191025C155,2019-10-24,2019-10-24 09:35:39,0.49,0.7424,20,0.47,0.7121,46,0.49,0.7424,6,0.48,0.7272,22,0
IWM191025C155,2019-10-24,2019-10-24 09:35:40,0.49,0.7424,8,0.47,0.7121,225,0.49,0.7424,6,0.48,0.7272,22,0
IWM191025C155,2019-10-24,2019-10-24 09:35:40,0.49,0.7424,30,0.47,0.7121,60,0.49,0.7424,6,0.48,0.7272,22,0
IWM191025C155,2019-10-24,2019-10-24 09:35:41,0.49,0.7424,30,0.47,0.7121,157,0.49,0.7424,6,0.48,0.7272,22,0
IWM191025C155,2019-10-24,2019-10-24 09:35:41,0.49,0.7424,30,0.47,0.7121,225,0.49,0.7424,6,0.48,0.7272,22,0
IWM191025C155,2019-10-24,2019-10-24 09:35:42,0.49,0.7424,67,0.47,0.7121,74,0.49,0.7424,6,0.48,0.7272,22,0
IWM191025C155,2019-10-24,2019-10-24 09:35:42,0.49,0.7424,42,0.47,0.7121,74,0.49,0.7424,6,0.48,0.7272,22,0
IWM191025C155,2019-10-24,2019-10-24 09:35:43,0.49,0.7424,117,0.47,0.7121,27,0.49,0.7424,6,0.48,0.7272,22,0
IWM191025C155,2019-10-24,2019-10-24 09:35:44,0.49,0.7424,74,0.47,0.7121,47,0.49,0.7424,6,0.48,0.7272,22,0
IWM191025C155,2019-10-24,2019-10-24 09:35:44,0.49,0.7424,117,0.47,0.7121,27,0.49,0.7424,6,0.48,0.7272,22,0
IWM191025C155,2019-10-24,2019-10-24 09:35:45,0.49,0.7424,134,0.46,0.6969,70,0.49,0.7424,6,0.475,0.7196,22,0
IWM191025C155,2019-10-24,2019-10-24 09:35:45,0.49,0.7424,74,0.47,0.7121,25,0.49,0.7424,6,0.48,0.7272,22,0
IWM191025C155,2019-10-24,2019-10-24 09:35:46,0.49,0.7424,32,0.47,0.7121,26,0.49,0.7424,6,0.48,0.7272,22,0
IWM191025C155,2019-10-24,2019-10-24 09:35:46,0.49,0.7424,34,0.47,0.7121,26,0.49,0.7424,6,0.48,0.7272,22,0
IWM191025C155,2019-10-24,2019-10-24 09:35:47,0.49,0.7424,34,0.47,0.7121,26,0.49,0.7424,6,0.48,0.7272,22,0
IWM191025C155,2019-10-24,2019-10-24 09:35:48,0.49,0.7424,34,0.47,0.7121,52,0.49,0.7424,6,0.48,0.7272,22,0
IWM191025C155,2019-10-24,2019-10-24 09:35:49,0.49,0.7424,44,0.47,0.7121,52,0.49,0.7424,6,0.48,0.7272,22,0
IWM191025C155,2019-10-24,2019-10-24 09:35:49,0.49,0.7424,67,0.47,0.7121,26,0.49,0.7424,6,0.48,0.7272,22,0
IWM191025C155,2019-10-24,2019-10-24 09:35:50,0.49,0.7424,67,0.47,0.7121,56,0.49,0.7424,6,0.48,0.7272,22,0
IWM191025C155,2019-10-24,2019-10-24 09:35:50,0.49,0.7424,88,0.47,0.7121,56,0.49,0.7424,6,0.48,0.7272,22,0
IWM191025C155,2019-10-24,2019-10-24 09:35:51,0.49,0.7424,88,0.47,0.7121,72,0.49,0.7424,6,0.48,0.7272,22,0
IWM191025C155,2019-10-24,2019-10-24 09:35:51,0.49,0.7424,88,0.47,0.7121,97,0.49,0.7424,6,0.48,0.7272,22,0
IWM191025C155,2019-10-24,2019-10-24 09:35:52,0.49,0.7424,88,0.47,0.7121,36,0.49,0.7424,6,0.48,0.7272,22,0
IWM191025C155,2019-10-24,2019-10-24 09:35:52,0.49,0.7424,88,0.47,0.7121,97,0.49,0.7424,6,0.48,0.7272,22,0
IWM191025C155,2019-10-24,2019-10-24 09:35:53,0.49,0.7424,88,0.47,0.7121,26,0.49,0.7424,6,0.48,0.7272,22,0
IWM191025C155,2019-10-24,2019-10-24 09:35:53,0.49,0.7424,165,0.47,0.7121,26,0.49,0.7424,6,0.48,0.7272,22,0
IWM191025C155,2019-10-24,2019-10-24 09:35:54,0.49,0.7424,165,0.47,0.7121,26,0.49,0.7424,6,0.48,0.7272,22,0
IWM191025C155,2019-10-24,2019-10-24 09:35:55,0.48,0.7272,36,0.46,0.6969,45,0.49,0.7424,6,0.47,0.7121,22,0
IWM191025C155,2019-10-24,2019-10-24 09:35:55,0.49,0.7424,165,0.47,0.7121,26,0.49,0.7424,6,0.48,0.7272,22,0
IWM191025C155,2019-10-24,2019-10-24 09:35:56,0.47,0.7121,20,0.45,0.6818,222,0.49,0.7424,6,0.46,0.6969,22,0
IWM191025C155,2019-10-24,2019-10-24 09:35:56,0.48,0.7272,113,0.45,0.6818,137,0.49,0.7424,6,0.465,0.7045,22,0
IWM191025C155,2019-10-24,2019-10-24 09:35:57,0.47,0.7121,20,0.45,0.6818,222,0.49,0.7424,6,0.46,0.6969,22,0
IWM191025C155,2019-10-24,2019-10-24 09:35:58,0.48,0.7272,53,0.45,0.6818,222,0.49,0.7424,6,0.465,0.7045,22,0
IWM191025C155,2019-10-24,2019-10-24 09:35:58,0.47,0.7121,20,0.45,0.6818,222,0.49,0.7424,6,0.46,0.6969,22,0
IWM191025C155,2019-10-24,2019-10-24 09:35:59,0.48,0.7272,91,0.45,0.6818,222,0.49,0.7424,6,0.465,0.7045,22,0
IWM191025C155,2019-10-24,2019-10-24 09:35:59,0.47,0.7121,2,0.45,0.6818,427,0.49,0.7424,6,0.46,0.6969,22,0
IWM191025C155,2019-10-24,2019-10-24 09:36:00,0.47,0.7121,67,0.45,0.6818,24,0.49,0.7424,6,0.46,0.6969,22,0
IWM191025C155,2019-10-24,2019-10-24 09:36:00,0.47,0.7121,32,0.45,0.6818,427,0.49,0.7424,6,0.46,0.6969,22,0
IWM191025C155,2019-10-24,2019-10-24 09:36:01,0.47,0.7121,76,0.45,0.6818,24,0.49,0.7424,6,0.46,0.6969,22,0
IWM191025C155,2019-10-24,2019-10-24 09:36:01,0.47,0.7121,72,0.45,0.6818,24,0.49,0.7424,6,0.46,0.6969,22,0
IWM191025C155,2019-10-24,2019-10-24 09:36:02,0.47,0.7121,133,0.45,0.6818,24,0.49,0.7424,6,0.46,0.6969,22,0
IWM191025C155,2019-10-24,2019-10-24 09:36:02,0.47,0.7121,190,0.45,0.6818,24,0.49,0.7424,6,0.46,0.6969,22,0
IWM191025C155,2019-10-24,2019-10-24 09:36:03,0.47,0.7121,50,0.45,0.6818,46,0.49,0.7424,6,0.46,0.6969,22,0
IWM191025C155,2019-10-24,2019-10-24 09:36:03,0.47,0.7121,92,0.45,0.6818,24,0.49,0.7424,6,0.46,0.6969,22,0
IWM191025C155,2019-10-24,2019-10-24 09:36:04,0.47,0.7121,101,0.45,0.6818,46,0.49,0.7424,6,0.46,0.6969,22,0
IWM191025C155,2019-10-24,2019-10-24 09:36:05,0.46,0.6969,45,0.44,0.6666,26,0.49,0.7424,6,0.45,0.6818,22,0
IWM191025C155,2019-10-24,2019-10-24 09:36:05,0.47,0.7121,150,0.45,0.6818,24,0.49,0.7424,6,0.46,0.6969,22,0
IWM191025C155,2019-10-24,2019-10-24 09:36:06,0.46,0.6969,106,0.44,0.6666,5,0.49,0.7424,6,0.45,0.6818,22,0
IWM191025C155,2019-10-24,2019-10-24 09:36:06,0.46,0.6969,74,0.44,0.6666,29,0.49,0.7424,6,0.45,0.6818,22,0
IWM191025C155,2019-10-24,2019-10-24 09:36:07,0.45,0.6818,17,0.42,0.6363,389,0.49,0.7424,6,0.435,0.659,22,0
IWM191025C155,2019-10-24,2019-10-24 09:36:07,0.45,0.6818,31,0.43,0.6515,182,0.49,0.7424,6,0.44,0.6666,22,0
IWM191025C155,2019-10-24,2019-10-24 09:36:08,0.44,0.6666,10,0.42,0.6363,66,0.49,0.7424,6,0.43,0.6515,22,0
IWM191025C155,2019-10-24,2019-10-24 09:36:08,0.44,0.6666,28,0.42,0.6363,83,0.49,0.7424,6,0.43,0.6515,22,0
IWM191025C155,2019-10-24,2019-10-24 09:36:09,0.44,0.6666,1,0.42,0.6363,330,0.49,0.7424,6,0.43,0.6515,22,0
IWM191025C155,2019-10-24,2019-10-24 09:36:09,0.45,0.6818,17,0.43,0.6515,99,0.49,0.7424,6,0.44,0.6666,22,0
IWM191025C155,2019-10-24,2019-10-24 09:36:10,0.47,0.7121,33,0.45,0.6818,3,0.49,0.7424,6,0.46,0.6969,22,0
IWM191025C155,2019-10-24,2019-10-24 09:36:10,0.46,0.6969,14,0.44,0.6666,61,0.49,0.7424,6,0.45,0.6818,22,0
IWM191025C155,2019-10-24,2019-10-24 09:36:11,0.47,0.7121,20,0.45,0.6818,75,0.49,0.7424,6,0.46,0.6969,22,0
IWM191025C155,2019-10-24,2019-10-24 09:36:11,0.47,0.7121,10,0.44,0.6666,61,0.49,0.7424,6,0.455,0.6893,22,0
IWM191025C155,2019-10-24,2019-10-24 09:36:12,0.47,0.7121,20,0.45,0.6818,75,0.49,0.7424,6,0.46,0.6969,22,0
IWM191025C155,2019-10-24,2019-10-24 09:36:12,0.47,0.7121,36,0.45,0.6818,77,0.49,0.7424,6,0.46,0.6969,22,0
IWM191025C155,2019-10-24,2019-10-24 09:36:13,0.47,0.7121,36,0.45,0.6818,75,0.49,0.7424,6,0.46,0.6969,22,0
IWM191025C155,2019-10-24,2019-10-24 09:36:14,0.47,0.7121,56,0.45,0.6818,91,0.49,0.7424,6,0.46,0.6969,22,0
IWM191025C155,2019-10-24,2019-10-24 09:36:14,0.47,0.7121,56,0.45,0.6818,75,0.49,0.7424,6,0.46,0.6969,22,0
IWM191025C155,2019-10-24,2019-10-24 09:36:15,0.47,0.7121,56,0.45,0.6818,237,0.49,0.7424,6,0.46,0.6969,22,0
IWM191025C155,2019-10-24,2019-10-24 09:36:15,0.47,0.7121,20,0.45,0.6818,155,0.49,0.7424,6,0.46,0.6969,22,0
IWM191025C155,2019-10-24,2019-10-24 09:36:16,0.46,0.6969,76,0.44,0.6666,104,0.49,0.7424,6,0.45,0.6818,22,0
IWM191025C155,2019-10-24,2019-10-24 09:36:16,0.47,0.7121,272,0.44,0.6666,104,0.49,0.7424,6,0.455,0.6893,22,0
IWM191025C155,2019-10-24,2019-10-24 09:36:17,0.46,0.6969,76,0.44,0.6666,144,0.49,0.7424,6,0.45,0.6818,22,0
IWM191025C155,2019-10-24,2019-10-24 09:36:17,0.46,0.6969,90,0.44,0.6666,144,0.46,0.6969,7,0.45,0.6818,37,15
IWM191025C155,2019-10-24,2019-10-24 09:36:18,0.46,0.6969,147,0.44,0.6666,63,0.46,0.6969,7,0.45,0.6818,37,0
IWM191025C155,2019-10-24,2019-10-24 09:36:18,0.46,0.6969,127,0.44,0.6666,63,0.46,0.6969,7,0.45,0.6818,37,0
IWM191025C155,2019-10-24,2019-10-24 09:36:19,0.46,0.6969,127,0.44,0.6666,24,0.46,0.6969,7,0.45,0.6818,37,0
IWM191025C155,2019-10-24,2019-10-24 09:36:20,0.45,0.6818,38,0.43,0.6515,126,0.46,0.6969,7,0.44,0.6666,37,0
IWM191025C155,2019-10-24,2019-10-24 09:36:20,0.46,0.6969,127,0.44,0.6666,19,0.46,0.6969,7,0.45,0.6818,37,0
IWM191025C155,2019-10-24,2019-10-24 09:36:21,0.45,0.6818,66,0.43,0.6515,291,0.46,0.6969,7,0.44,0.6666,37,0
IWM191025C155,2019-10-24,2019-10-24 09:36:21,0.45,0.6818,66,0.43,0.6515,164,0.46,0.6969,7,0.44,0.6666,37,0
IWM191025C155,2019-10-24,2019-10-24 09:36:22,0.45,0.6818,69,0.43,0.6515,38,0.46,0.6969,7,0.44,0.6666,37,0
IWM191025C155,2019-10-24,2019-10-24 09:36:22,0.44,0.6666,4,0.43,0.6515,52,0.46,0.6969,7,0.435,0.659,37,0
IWM191025C155,2019-10-24,2019-10-24 09:36:23,0.46,0.6969,209,0.43,0.6515,144,0.46,0.6969,7,0.445,0.6742,37,0
IWM191025C155,2019-10-24,2019-10-24 09:36:23,0.44,0.6666,2,0.42,0.6363,116,0.46,0.6969,7,0.43,0.6515,37,0
IWM191025C155,2019-10-24,2019-10-24 09:36:24,0.46,0.6969,22,0.44,0.6666,135,0.46,0.6969,7,0.45,0.6818,37,0
IWM191025C155,2019-10-24,2019-10-24 09:36:24,0.46,0.6969,34,0.43,0.6515,325,0.46,0.6969,7,0.445,0.6742,37,0
IWM191025C155,2019-10-24,2019-10-24 09:36:25,0.46,0.6969,22,0.44,0.6666,324,0.46,0.6969,7,0.45,0.6818,37,0
IWM191025C155,2019-10-24,2019-10-24 09:36:26,0.47,0.7121,155,0.44,0.6666,259,0.46,0.6969,7,0.455,0.6893,37,0
IWM191025C155,2019-10-24,2019-10-24 09:36:27,0.48,0.7272,75,0.46,0.6969,6,0.46,0.6969,7,0.47,0.7121,37,0
IWM191025C155,2019-10-24,2019-10-24 09:36:28,0.48,0.7272,75,0.46,0.6969,40,0.46,0.6969,7,0.47,0.7121,37,0
IWM191025C155,2019-10-24,2019-10-24 09:36:28,0.48,0.7272,75,0.46,0.6969,26,0.46,0.6969,7,0.47,0.7121,37,0
IWM191025C155,2019-10-24,2019-10-24 09:36:29,0.49,0.7424,88,0.47,0.7121,8,0.46,0.6969,7,0.48,0.7272,37,0
IWM191025C155,2019-10-24,2019-10-24 09:36:29,0.48,0.7272,5,0.47,0.7121,8,0.46,0.6969,7,0.475,0.7196,37,0
IWM191025C155,2019-10-24,2019-10-24 09:36:30,0.49,0.7424,48,0.47,0.7121,37,0.46,0.6969,7,0.48,0.7272,37,0
IWM191025C155,2019-10-24,2019-10-24 09:36:30,0.49,0.7424,48,0.47,0.7121,81,0.46,0.6969,7,0.48,0.7272,37,0
IWM191025C155,2019-10-24,2019-10-24 09:36:31,0.49,0.7424,10,0.46,0.6969,41,0.46,0.6969,7,0.475,0.7196,37,0
IWM191025C155,2019-10-24,2019-10-24 09:36:31,0.49,0.7424,10,0.47,0.7121,242,0.46,0.6969,7,0.48,0.7272,37,0
IWM191025C155,2019-10-24,2019-10-24 09:36:32,0.49,0.7424,35,0.46,0.6969,129,0.46,0.6969,7,0.475,0.7196,37,0
IWM191025C155,2019-10-24,2019-10-24 09:36:32,0.49,0.7424,36,0.47,0.7121,36,0.46,0.6969,7,0.48,0.7272,37,0
IWM191025C155,2019-10-24,2019-10-24 09:36:33,0.5,0.7575,64,0.47,0.7121,395,0.46,0.6969,7,0.485,0.7348,37,0
IWM191025C155,2019-10-24,2019-10-24 09:36:33,0.5,0.7575,88,0.47,0.7121,323,0.46,0.6969,7,0.485,0.7348,37,0
IWM191025C155,2019-10-24,2019-10-24 09:36:34,0.5,0.7575,108,0.47,0.7121,452,0.46,0.6969,7,0.485,0.7348,37,0
IWM191025C155,2019-10-24,2019-10-24 09:36:34,0.5,0.7575,194,0.47,0.7121,452,0.46,0.6969,7,0.485,0.7348,37,0
IWM191025C155,2019-10-24,2019-10-24 09:36:35,0.5,0.7575,32,0.48,0.7272,102,0.46,0.6969,7,0.49,0.7424,37,0
IWM191025C155,2019-10-24,2019-10-24 09:36:35,0.5,0.7575,141,0.48,0.7272,51,0.46,0.6969,7,0.49,0.7424,37,0
IWM191025C155,2019-10-24,2019-10-24 09:36:36,0.5,0.7575,169,0.48,0.7272,10,0.46,0.6969,7,0.49,0.7424,37,0
IWM191025C155,2019-10-24,2019-10-24 09:36:37,0.5,0.7575,158,0.48,0.7272,19,0.46,0.6969,7,0.49,0.7424,37,0
IWM191025C155,2019-10-24,2019-10-24 09:36:37,0.5,0.7575,198,0.48,0.7272,10,0.46,0.6969,7,0.49,0.7424,37,0
IWM191025C155,2019-10-24,2019-10-24 09:36:38,0.5,0.7575,109,0.48,0.7272,19,0.46,0.6969,7,0.49,0.7424,37,0
IWM191025C155,2019-10-24,2019-10-24 09:36:38,0.5,0.7575,138,0.48,0.7272,108,0.46,0.6969,7,0.49,0.7424,37,0
IWM191025C155,2019-10-24,2019-10-24 09:36:39,0.5,0.7575,138,0.48,0.7272,153,0.46,0.6969,7,0.49,0.7424,37,0
IWM191025C155,2019-10-24,2019-10-24 09:36:40,0.5,0.7575,138,0.47,0.7121,215,0.46,0.6969,7,0.485,0.7348,37,0
IWM191025C155,2019-10-24,2019-10-24 09:36:40,0.5,0.7575,85,0.48,0.7272,65,0.46,0.6969,7,0.49,0.7424,37,0
IWM191025C155,2019-10-24,2019-10-24 09:36:41,0.5,0.7575,145,0.48,0.7272,19,0.46,0.6969,7,0.49,0.7424,37,0
IWM191025C155,2019-10-24,2019-10-24 09:36:41,0.49,0.7424,19,0.47,0.7121,367,0.46,0.6969,7,0.48,0.7272,37,0
IWM191025C155,2019-10-24,2019-10-24 09:36:42,0.49,0.7424,31,0.47,0.7121,292,0.46,0.6969,7,0.48,0.7272,37,0
IWM191025C155,2019-10-24,2019-10-24 09:36:43,0.49,0.7424,54,0.47,0.7121,283,0.46,0.6969,7,0.48,0.7272,37,0
IWM191025C155,2019-10-24,2019-10-24 09:36:44,0.49,0.7424,54,0.47,0.7121,259,0.46,0.6969,7,0.48,0.7272,37,0
IWM191025C155,2019-10-24,2019-10-24 09:36:44,0.49,0.7424,54,0.48,0.7272,3,0.46,0.6969,7,0.485,0.7348,37,0
IWM191025C155,2019-10-24,2019-10-24 09:36:45,0.5,0.7575,43,0.48,0.7272,70,0.46,0.6969,7,0.49,0.7424,37,0
IWM191025C155,2019-10-24,2019-10-24 09:36:45,0.49,0.7424,54,0.47,0.7121,337,0.46,0.6969,7,0.48,0.7272,37,0
IWM191025C155,2019-10-24,2019-10-24 09:36:46,0.5,0.7575,19,0.48,0.7272,216,0.46,0.6969,7,0.49,0.7424,37,0
IWM191025C155,2019-10-24,2019-10-24 09:36:46,0.5,0.7575,40,0.48,0.7272,169,0.46,0.6969,7,0.49,0.7424,37,0
IWM191025C155,2019-10-24,2019-10-24 09:36:47,0.5,0.7575,19,0.48,0.7272,324,0.46,0.6969,7,0.49,0.7424,37,0
IWM191025C155,2019-10-24,2019-10-24 09:36:47,0.51,0.7727,27,0.48,0.7272,225,0.46,0.6969,7,0.495,0.75,37,0
IWM191025C155,2019-10-24,2019-10-24 09:36:48,0.51,0.7727,69,0.49,0.7424,53,0.46,0.6969,7,0.5,0.7575,37,0
IWM191025C155,2019-10-24,2019-10-24 09:36:48,0.51,0.7727,27,0.48,0.7272,342,0.46,0.6969,7,0.495,0.75,37,0
IWM191025C155,2019-10-24,2019-10-24 09:36:49,0.51,0.7727,22,0.49,0.7424,129,0.46,0.6969,7,0.5,0.7575,37,0
IWM191025C155,2019-10-24,2019-10-24 09:36:49,0.51,0.7727,69,0.49,0.7424,107,0.46,0.6969,7,0.5,0.7575,37,0
IWM191025C155,2019-10-24,2019-10-24 09:36:50,0.51,0.7727,155,0.48,0.7272,224,0.46,0.6969,7,0.495,0.75,37,0
IWM191025C155,2019-10-24,2019-10-24 09:36:50,0.51,0.7727,55,0.49,0.7424,27,0.46,0.6969,7,0.5,0.7575,37,0
IWM191025C155,2019-10-24,2019-10-24 09:36:51,0.51,0.7727,260,0.48,0.7272,224,0.46,0.6969,7,0.495,0.75,37,0
IWM191025C155,2019-10-24,2019-10-24 09:36:51,0.51,0.7727,260,0.48,0.7272,161,0.46,0.6969,7,0.495,0.75,37,0
IWM191025C155,2019-10-24,2019-10-24 09:36:52,0.51,0.7727,347,0.48,0.7272,289,0.46,0.6969,7,0.495,0.75,37,0
IWM191025C155,2019-10-24,2019-10-24 09:36:52,0.5,0.7575,94,0.48,0.7272,226,0.46,0.6969,7,0.49,0.7424,37,0
IWM191025C155,2019-10-24,2019-10-24 09:36:53,0.5,0.7575,127,0.48,0.7272,187,0.46,0.6969,7,0.49,0.7424,37,0
IWM191025C155,2019-10-24,2019-10-24 09:36:53,0.5,0.7575,196,0.48,0.7272,26,0.46,0.6969,7,0.49,0.7424,37,0
IWM191025C155,2019-10-24,2019-10-24 09:36:54,0.49,0.7424,9,0.48,0.7272,40,0.46,0.6969,7,0.485,0.7348,37,0
IWM191025C155,2019-10-24,2019-10-24 09:36:54,0.49,0.7424,22,0.48,0.7272,26,0.46,0.6969,7,0.485,0.7348,37,0
IWM191025C155,2019-10-24,2019-10-24 09:36:55,0.49,0.7424,9,0.48,0.7272,40,0.46,0.6969,7,0.485,0.7348,37,0
IWM191025C155,2019-10-24,2019-10-24 09:36:55,0.5,0.7575,178,0.48,0.7272,61,0.46,0.6969,7,0.49,0.7424,37,0
IWM191025C155,2019-10-24,2019-10-24 09:36:56,0.49,0.7424,22,0.47,0.7121,485,0.46,0.6969,7,0.48,0.7272,37,0
IWM191025C155,2019-10-24,2019-10-24 09:36:56,0.49,0.7424,22,0.48,0.7272,26,0.46,0.6969,7,0.485,0.7348,37,0
IWM191025C155,2019-10-24,2019-10-24 09:36:57,0.49,0.7424,126,0.47,0.7121,307,0.46,0.6969,7,0.48,0.7272,37,0
IWM191025C155,2019-10-24,2019-10-24 09:36:57,0.49,0.7424,156,0.47,0.7121,139,0.46,0.6969,7,0.48,0.7272,37,0
IWM191025C155,2019-10-24,2019-10-24 09:36:58,0.48,0.7272,13,0.47,0.7121,139,0.46,0.6969,7,0.475,0.7196,37,0
IWM191025C155,2019-10-24,2019-10-24 09:36:59,0.48,0.7272,13,0.47,0.7121,52,0.46,0.6969,7,0.475,0.7196,37,0
IWM191025C155,2019-10-24,2019-10-24 09:36:59,0.49,0.7424,17,0.48,0.7272,28,0.46,0.6969,7,0.485,0.7348,37,0
IWM191025C155,2019-10-24,2019-10-24 09:37:00,0.49,0.7424,75,0.47,0.7121,65,0.46,0.6969,7,0.48,0.7272,37,0
IWM191025C155,2019-10-24,2019-10-24 09:37:00,0.49,0.7424,75,0.47,0.7121,18,0.46,0.6969,7,0.48,0.7272,37,0
IWM191025C155,2019-10-24,2019-10-24 09:37:01,0.5,0.7575,3,0.48,0.7272,86,0.46,0.6969,7,0.49,0.7424,37,0
IWM191025C155,2019-10-24,2019-10-24 09:37:01,0.51,0.7727,84,0.49,0.7424,71,0.46,0.6969,7,0.5,0.7575,37,0
IWM191025C155,2019-10-24,2019-10-24 09:37:02,0.5,0.7575,17,0.48,0.7272,122,0.46,0.6969,7,0.49,0.7424,37,0
IWM191025C155,2019-10-24,2019-10-24 09:37:02,0.5,0.7575,81,0.48,0.7272,74,0.46,0.6969,7,0.49,0.7424,37,0
IWM191025C155,2019-10-24,2019-10-24 09:37:03,0.5,0.7575,43,0.48,0.7272,334,0.46,0.6969,7,0.49,0.7424,37,0
IWM191025C155,2019-10-24,2019-10-24 09:37:03,0.5,0.7575,34,0.48,0.7272,286,0.46,0.6969,7,0.49,0.7424,37,0
IWM191025C155,2019-10-24,2019-10-24 09:37:04,0.5,0.7575,143,0.48,0.7272,286,0.46,0.6969,7,0.49,0.7424,37,0
IWM191025C155,2019-10-24,2019-10-24 09:37:04,0.5,0.7575,168,0.48,0.7272,55,0.46,0.6969,7,0.49,0.7424,37,0
IWM191025C155,2019-10-24,2019-10-24 09:37:05,0.49,0.7424,183,0.46,0.6969,553,0.46,0.6969,7,0.475,0.7196,37,0
IWM191025C155,2019-10-24,2019-10-24 09:37:05,0.5,0.7575,301,0.47,0.7121,119,0.46,0.6969,7,0.485,0.7348,37,0
IWM191025C155,2019-10-24,2019-10-24 09:37:06,0.49,0.7424,196,0.47,0.7121,37,0.46,0.6969,7,0.48,0.7272,37,0
IWM191025C155,2019-10-24,2019-10-24 09:37:06,0.49,0.7424,222,0.47,0.7121,37,0.46,0.6969,7,0.48,0.7272,37,0
IWM191025C155,2019-10-24,2019-10-24 09:37:07,0.48,0.7272,88,0.47,0.7121,8,0.48,0.7272,7,0.475,0.7196,49,12
IWM191025C155,2019-10-24,2019-10-24 09:37:07,0.48,0.7272,40,0.46,0.6969,287,0.46,0.6969,7,0.47,0.7121,37,0
IWM191025C155,2019-10-24,2019-10-24 09:37:08,0.5,0.7575,58,0.48,0.7272,72,0.48,0.7272,7,0.49,0.7424,49,0
IWM191025C155,2019-10-24,2019-10-24 09:37:09,0.5,0.7575,17,0.48,0.7272,573,0.48,0.7272,7,0.49,0.7424,49,0
IWM191025C155,2019-10-24,2019-10-24 09:37:09,0.5,0.7575,17,0.49,0.7424,4,0.48,0.7272,7,0.495,0.75,49,0
IWM191025C155,2019-10-24,2019-10-24 09:37:10,0.51,0.7727,20,0.49,0.7424,195,0.48,0.7272,7,0.5,0.7575,49,0
IWM191025C155,2019-10-24,2019-10-24 09:37:10,0.51,0.7727,39,0.49,0.7424,117,0.48,0.7272,7,0.5,0.7575,49,0
IWM191025C155,2019-10-24,2019-10-24 09:37:11,0.51,0.7727,20,0.49,0.7424,223,0.48,0.7272,7,0.5,0.7575,49,0
IWM191025C155,2019-10-24,2019-10-24 09:37:12,0.51,0.7727,20,0.49,0.7424,223,0.48,0.7272,7,0.5,0.7575,49,0
IWM191025C155,2019-10-24,2019-10-24 09:37:12,0.51,0.7727,76,0.49,0.7424,215,0.48,0.7272,7,0.5,0.7575,49,0
IWM191025C155,2019-10-24,2019-10-24 09:37:13,0.51,0.7727,119,0.49,0.7424,198,0.48,0.7272,7,0.5,0.7575,49,0
IWM191025C155,2019-10-24,2019-10-24 09:37:14,0.5,0.7575,14,0.49,0.7424,14,0.48,0.7272,7,0.495,0.75,49,0
IWM191025C155,2019-10-24,2019-10-24 09:37:14,0.51,0.7727,96,0.49,0.7424,26,0.48,0.7272,7,0.5,0.7575,49,0
IWM191025C155,2019-10-24,2019-10-24 09:37:15,0.5,0.7575,14,0.48,0.7272,508,0.48,0.7272,7,0.49,0.7424,49,0
IWM191025C155,2019-10-24,2019-10-24 09:37:16,0.51,0.7727,20,0.49,0.7424,269,0.48,0.7272,7,0.5,0.7575,49,0
IWM191025C155,2019-10-24,2019-10-24 09:37:16,0.52,0.7878,80,0.49,0.7424,76,0.48,0.7272,7,0.505,0.7651,49,0
IWM191025C155,2019-10-24,2019-10-24 09:37:17,0.51,0.7727,10,0.49,0.7424,375,0.48,0.7272,7,0.5,0.7575,49,0
IWM191025C155,2019-10-24,2019-10-24 09:37:17,0.51,0.7727,20,0.49,0.7424,364,0.48,0.7272,7,0.5,0.7575,49,0
IWM191025C155,2019-10-24,2019-10-24 09:37:18,0.51,0.7727,10,0.49,0.7424,370,0.48,0.7272,7,0.5,0.7575,49,0
IWM191025C155,2019-10-24,2019-10-24 09:37:18,0.51,0.7727,14,0.49,0.7424,424,0.48,0.7272,7,0.5,0.7575,49,0
IWM191025C155,2019-10-24,2019-10-24 09:37:19,0.51,0.7727,31,0.48,0.7272,228,0.48,0.7272,7,0.495,0.75,49,0
IWM191025C155,2019-10-24,2019-10-24 09:37:19,0.51,0.7727,65,0.48,0.7272,121,0.48,0.7272,7,0.495,0.75,49,0
IWM191025C155,2019-10-24,2019-10-24 09:37:20,0.52,0.7878,191,0.49,0.7424,231,0.48,0.7272,7,0.505,0.7651,49,0
IWM191025C155,2019-10-24,2019-10-24 09:37:20,0.52,0.7878,218,0.49,0.7424,206,0.48,0.7272,7,0.505,0.7651,49,0
IWM191025C155,2019-10-24,2019-10-24 09:37:21,0.52,0.7878,191,0.49,0.7424,273,0.48,0.7272,7,0.505,0.7651,49,0
IWM191025C155,2019-10-24,2019-10-24 09:37:21,0.51,0.7727,20,0.49,0.7424,273,0.48,0.7272,7,0.5,0.7575,49,0
IWM191025C155,2019-10-24,2019-10-24 09:37:22,0.51,0.7727,31,0.49,0.7424,323,0.48,0.7272,7,0.5,0.7575,49,0
IWM191025C155,2019-10-24,2019-10-24 09:37:22,0.51,0.7727,31,0.49,0.7424,170,0.48,0.7272,7,0.5,0.7575,49,0
IWM191025C155,2019-10-24,2019-10-24 09:37:23,0.51,0.7727,21,0.49,0.7424,323,0.48,0.7272,7,0.5,0.7575,49,0
IWM191025C155,2019-10-24,2019-10-24 09:37:23,0.51,0.7727,21,0.49,0.7424,431,0.48,0.7272,7,0.5,0.7575,49,0
IWM191025C155,2019-10-24,2019-10-24 09:37:24,0.49,0.7424,58,0.46,0.6969,135,0.48,0.7272,7,0.475,0.7196,49,0
IWM191025C155,2019-10-24,2019-10-24 09:37:24,0.49,0.7424,76,0.46,0.6969,99,0.48,0.7272,7,0.475,0.7196,49,0
IWM191025C155,2019-10-24,2019-10-24 09:37:25,0.5,0.7575,20,0.47,0.7121,366,0.48,0.7272,7,0.485,0.7348,49,0
IWM191025C155,2019-10-24,2019-10-24 09:37:25,0.48,0.7272,1,0.47,0.7121,46,0.48,0.7272,7,0.475,0.7196,49,0
IWM191025C155,2019-10-24,2019-10-24 09:37:26,0.51,0.7727,139,0.47,0.7121,366,0.48,0.7272,7,0.49,0.7424,49,0
IWM191025C155,2019-10-24,2019-10-24 09:37:26,0.5,0.7575,20,0.48,0.7272,153,0.48,0.7272,7,0.49,0.7424,49,0
IWM191025C155,2019-10-24,2019-10-24 09:37:27,0.5,0.7575,30,0.48,0.7272,153,0.48,0.7272,7,0.49,0.7424,49,0
IWM191025C155,2019-10-24,2019-10-24 09:37:28,0.5,0.7575,38,0.48,0.7272,153,0.48,0.7272,7,0.49,0.7424,49,0
IWM191025C155,2019-10-24,2019-10-24 09:37:28,0.5,0.7575,47,0.48,0.7272,243,0.48,0.7272,7,0.49,0.7424,49,0
IWM191025C155,2019-10-24,2019-10-24 09:37:29,0.5,0.7575,47,0.48,0.7272,280,0.48,0.7272,7,0.49,0.7424,49,0
IWM191025C155,2019-10-24,2019-10-24 09:37:30,0.5,0.7575,47,0.48,0.7272,239,0.48,0.7272,7,0.49,0.7424,49,0
IWM191025C155,2019-10-24,2019-10-24 09:37:30,0.5,0.7575,20,0.48,0.7272,325,0.48,0.7272,7,0.49,0.7424,49,0
IWM191025C155,2019-10-24,2019-10-24 09:37:31,0.5,0.7575,20,0.48,0.7272,414,0.48,0.7272,7,0.49,0.7424,49,0
IWM191025C155,2019-10-24,2019-10-24 09:37:31,0.5,0.7575,3,0.48,0.7272,414,0.48,0.7272,7,0.49,0.7424,49,0
IWM191025C155,2019-10-24,2019-10-24 09:37:32,0.51,0.7727,53,0.49,0.7424,78,0.48,0.7272,7,0.5,0.7575,49,0
IWM191025C155,2019-10-24,2019-10-24 09:37:32,0.51,0.7727,53,0.48,0.7272,168,0.48,0.7272,7,0.495,0.75,49,0
IWM191025C155,2019-10-24,2019-10-24 09:37:33,0.5,0.7575,10,0.48,0.7272,387,0.48,0.7272,7,0.49,0.7424,49,0
IWM191025C155,2019-10-24,2019-10-24 09:37:33,0.5,0.7575,10,0.48,0.7272,517,0.48,0.7272,7,0.49,0.7424,49,0
IWM191025C155,2019-10-24,2019-10-24 09:37:34,0.5,0.7575,1,0.48,0.7272,150,0.48,0.7272,7,0.49,0.7424,49,0
IWM191025C155,2019-10-24,2019-10-24 09:37:34,0.51,0.7727,32,0.49,0.7424,94,0.48,0.7272,7,0.5,0.7575,49,0
IWM191025C155,2019-10-24,2019-10-24 09:37:35,0.5,0.7575,123,0.48,0.7272,145,0.48,0.7272,7,0.49,0.7424,49,0
IWM191025C155,2019-10-24,2019-10-24 09:37:35,0.5,0.7575,147,0.48,0.7272,82,0.48,0.7272,7,0.49,0.7424,49,0
IWM191025C155,2019-10-24,2019-10-24 09:37:36,0.5,0.7575,215,0.48,0.7272,42,0.48,0.7272,7,0.49,0.7424,49,0
IWM191025C155,2019-10-24,2019-10-24 09:37:36,0.49,0.7424,20,0.47,0.7121,158,0.48,0.7272,7,0.48,0.7272,49,0
IWM191025C155,2019-10-24,2019-10-24 09:37:37,0.49,0.7424,56,0.47,0.7121,203,0.48,0.7272,7,0.48,0.7272,49,0
IWM191025C155,2019-10-24,2019-10-24 09:37:37,0.49,0.7424,56,0.47,0.7121,283,0.48,0.7272,7,0.48,0.7272,49,0
IWM191025C155,2019-10-24,2019-10-24 09:37:38,0.48,0.7272,99,0.45,0.6818,180,0.48,0.7272,7,0.465,0.7045,49,0
IWM191025C155,2019-10-24,2019-10-24 09:37:38,0.5,0.7575,117,0.48,0.7272,10,0.48,0.7272,7,0.49,0.7424,49,0
IWM191025C155,2019-10-24,2019-10-24 09:37:39,0.48,0.7272,20,0.46,0.6969,172,0.48,0.7272,7,0.47,0.7121,49,0
IWM191025C155,2019-10-24,2019-10-24 09:37:39,0.47,0.7121,9,0.45,0.6818,245,0.48,0.7272,7,0.46,0.6969,49,0
IWM191025C155,2019-10-24,2019-10-24 09:37:40,0.48,0.7272,47,0.46,0.6969,202,0.48,0.7272,7,0.47,0.7121,49,0
IWM191025C155,2019-10-24,2019-10-24 09:37:40,0.48,0.7272,22,0.46,0.6969,172,0.48,0.7272,7,0.47,0.7121,49,0
IWM191025C155,2019-10-24,2019-10-24 09:37:41,0.48,0.7272,47,0.46,0.6969,202,0.48,0.7272,7,0.47,0.7121,49,0
IWM191025C155,2019-10-24,2019-10-24 09:37:42,0.48,0.7272,47,0.46,0.6969,202,0.48,0.7272,7,0.47,0.7121,49,0
IWM191025C155,2019-10-24,2019-10-24 09:37:43,0.47,0.7121,9,0.45,0.6818,181,0.48,0.7272,7,0.46,0.6969,49,0
IWM191025C155,2019-10-24,2019-10-24 09:37:43,0.47,0.7121,31,0.45,0.6818,254,0.48,0.7272,7,0.46,0.6969,49,0
IWM191025C155,2019-10-24,2019-10-24 09:37:44,0.47,0.7121,134,0.45,0.6818,48,0.48,0.7272,7,0.46,0.6969,49,0
IWM191025C155,2019-10-24,2019-10-24 09:37:45,0.46,0.6969,17,0.44,0.6666,295,0.48,0.7272,7,0.45,0.6818,49,0
IWM191025C155,2019-10-24,2019-10-24 09:37:45,0.46,0.6969,17,0.44,0.6666,282,0.48,0.7272,7,0.45,0.6818,49,0
IWM191025C155,2019-10-24,2019-10-24 09:37:46,0.46,0.6969,17,0.44,0.6666,295,0.48,0.7272,7,0.45,0.6818,49,0
IWM191025C155,2019-10-24,2019-10-24 09:37:46,0.46,0.6969,41,0.44,0.6666,153,0.48,0.7272,7,0.45,0.6818,49,0
IWM191025C155,2019-10-24,2019-10-24 09:37:47,0.46,0.6969,41,0.45,0.6818,11,0.48,0.7272,7,0.455,0.6893,49,0
IWM191025C155,2019-10-24,2019-10-24 09:37:47,0.46,0.6969,41,0.44,0.6666,339,0.48,0.7272,7,0.45,0.6818,49,0
IWM191025C155,2019-10-24,2019-10-24 09:37:48,0.46,0.6969,20,0.44,0.6666,256,0.48,0.7272,7,0.45,0.6818,49,0
IWM191025C155,2019-10-24,2019-10-24 09:37:49,0.47,0.7121,20,0.44,0.6666,57,0.48,0.7272,7,0.455,0.6893,49,0
IWM191025C155,2019-10-24,2019-10-24 09:37:49,0.47,0.7121,151,0.44,0.6666,114,0.48,0.7272,7,0.455,0.6893,49,0
IWM191025C155,2019-10-24,2019-10-24 09:37:50,0.46,0.6969,9,0.44,0.6666,141,0.48,0.7272,7,0.45,0.6818,49,0
IWM191025C155,2019-10-24,2019-10-24 09:37:50,0.47,0.7121,151,0.44,0.6666,131,0.48,0.7272,7,0.455,0.6893,49,0
IWM191025C155,2019-10-24,2019-10-24 09:37:51,0.47,0.7121,92,0.45,0.6818,67,0.48,0.7272,7,0.46,0.6969,49,0
IWM191025C155,2019-10-24,2019-10-24 09:37:52,0.46,0.6969,14,0.45,0.6818,52,0.48,0.7272,7,0.455,0.6893,49,0
IWM191025C155,2019-10-24,2019-10-24 09:37:52,0.46,0.6969,22,0.45,0.6818,4,0.48,0.7272,7,0.455,0.6893,49,0
IWM191025C155,2019-10-24,2019-10-24 09:37:53,0.47,0.7121,21,0.45,0.6818,165,0.48,0.7272,7,0.46,0.6969,49,0
IWM191025C155,2019-10-24,2019-10-24 09:37:53,0.47,0.7121,26,0.45,0.6818,359,0.48,0.7272,7,0.46,0.6969,49,0
IWM191025C155,2019-10-24,2019-10-24 09:37:54,0.47,0.7121,97,0.45,0.6818,130,0.48,0.7272,7,0.46,0.6969,49,0
IWM191025C155,2019-10-24,2019-10-24 09:37:54,0.47,0.7121,26,0.45,0.6818,376,0.48,0.7272,7,0.46,0.6969,49,0
IWM191025C155,2019-10-24,2019-10-24 09:37:55,0.46,0.6969,1,0.45,0.6818,65,0.45,0.6818,180,0.455,0.6893,319,0
IWM191025C155,2019-10-24,2019-10-24 09:37:55,0.47,0.7121,97,0.45,0.6818,50,0.45,0.6818,180,0.46,0.6969,319,270
IWM191025C155,2019-10-24,2019-10-24 09:37:56,0.47,0.7121,160,0.45,0.6818,109,0.45,0.6818,180,0.46,0.6969,319,0
IWM191025C155,2019-10-24,2019-10-24 09:37:57,0.47,0.7121,271,0.45,0.6818,53,0.45,0.6818,12,0.46,0.6969,343,24
IWM191025C155,2019-10-24,2019-10-24 09:37:57,0.47,0.7121,155,0.44,0.6666,83,0.45,0.6818,15,0.455,0.6893,358,15
IWM191025C155,2019-10-24,2019-10-24 09:37:58,0.47,0.7121,155,0.44,0.6666,83,0.45,0.6818,15,0.455,0.6893,358,0
IWM191025C155,2019-10-24,2019-10-24 09:37:58,0.46,0.6969,75,0.44,0.6666,165,0.45,0.6818,15,0.45,0.6818,358,0
IWM191025C155,2019-10-24,2019-10-24 09:37:59,0.46,0.6969,75,0.44,0.6666,220,0.45,0.6818,15,0.45,0.6818,358,0
IWM191025C155,2019-10-24,2019-10-24 09:37:59,0.46,0.6969,24,0.44,0.6666,212,0.45,0.6818,15,0.45,0.6818,358,0
IWM191025C155,2019-10-24,2019-10-24 09:38:00,0.45,0.6818,203,0.44,0.6666,1,0.45,0.6818,1,0.445,0.6742,389,16
IWM191025C155,2019-10-24,2019-10-24 09:38:00,0.45,0.6818,17,0.44,0.6666,63,0.44,0.6666,9,0.445,0.6742,373,15
IWM191025C155,2019-10-24,2019-10-24 09:38:01,0.45,0.6818,9,0.43,0.6515,502,0.43,0.6515,15,0.44,0.6666,404,0
IWM191025C155,2019-10-24,2019-10-24 09:38:01,0.46,0.6969,133,0.43,0.6515,301,0.43,0.6515,15,0.445,0.6742,404,15
IWM191025C155,2019-10-24,2019-10-24 09:38:02,0.45,0.6818,9,0.43,0.6515,278,0.43,0.6515,15,0.44,0.6666,404,0
IWM191025C155,2019-10-24,2019-10-24 09:38:02,0.45,0.6818,9,0.43,0.6515,318,0.43,0.6515,15,0.44,0.6666,404,0
IWM191025C155,2019-10-24,2019-10-24 09:38:03,0.45,0.6818,97,0.43,0.6515,226,0.43,0.6515,15,0.44,0.6666,404,0
IWM191025C155,2019-10-24,2019-10-24 09:38:03,0.45,0.6818,32,0.43,0.6515,352,0.43,0.6515,15,0.44,0.6666,404,0
IWM191025C155,2019-10-24,2019-10-24 09:38:04,0.45,0.6818,32,0.44,0.6666,29,0.43,0.6515,15,0.445,0.6742,404,0
IWM191025C155,2019-10-24,2019-10-24 09:38:04,0.45,0.6818,97,0.43,0.6515,367,0.43,0.6515,15,0.44,0.6666,404,0
IWM191025C155,2019-10-24,2019-10-24 09:38:05,0.45,0.6818,9,0.43,0.6515,501,0.43,0.6515,15,0.44,0.6666,404,0
IWM191025C155,2019-10-24,2019-10-24 09:38:06,0.46,0.6969,138,0.44,0.6666,20,0.44,0.6666,21,0.45,0.6818,425,21
IWM191025C155,2019-10-24,2019-10-24 09:38:06,0.46,0.6969,22,0.44,0.6666,117,0.44,0.6666,9,0.45,0.6818,434,9
IWM191025C155,2019-10-24,2019-10-24 09:38:07,0.47,0.7121,97,0.44,0.6666,165,0.44,0.6666,9,0.455,0.6893,434,0
IWM191025C155,2019-10-24,2019-10-24 09:38:07,0.46,0.6969,22,0.44,0.6666,117,0.44,0.6666,9,0.45,0.6818,434,0
IWM191025C155,2019-10-24,2019-10-24 09:38:08,0.47,0.7121,70,0.44,0.6666,248,0.44,0.6666,9,0.455,0.6893,434,0
IWM191025C155,2019-10-24,2019-10-24 09:38:08,0.47,0.7121,93,0.44,0.6666,248,0.44,0.6666,9,0.455,0.6893,434,0
IWM191025C155,2019-10-24,2019-10-24 09:38:09,0.47,0.7121,242,0.44,0.6666,402,0.44,0.6666,9,0.455,0.6893,434,0
IWM191025C155,2019-10-24,2019-10-24 09:38:09,0.47,0.7121,70,0.44,0.6666,292,0.44,0.6666,9,0.455,0.6893,434,0
IWM191025C155,2019-10-24,2019-10-24 09:38:10,0.47,0.7121,282,0.44,0.6666,457,0.44,0.6666,9,0.455,0.6893,434,0
IWM191025C155,2019-10-24,2019-10-24 09:38:10,0.47,0.7121,387,0.44,0.6666,506,0.44,0.6666,9,0.455,0.6893,434,0
IWM191025C155,2019-10-24,2019-10-24 09:38:11,0.46,0.6969,281,0.44,0.6666,250,0.44,0.6666,15,0.45,0.6818,449,15
IWM191025C155,2019-10-24,2019-10-24 09:38:11,0.46,0.6969,121,0.44,0.6666,250,0.44,0.6666,9,0.45,0.6818,434,0
IWM191025C155,2019-10-24,2019-10-24 09:38:12,0.46,0.6969,321,0.43,0.6515,189,0.44,0.6666,15,0.445,0.6742,449,0
IWM191025C155,2019-10-24,2019-10-24 09:38:12,0.46,0.6969,321,0.44,0.6666,113,0.44,0.6666,15,0.45,0.6818,449,0
IWM191025C155,2019-10-24,2019-10-24 09:38:13,0.45,0.6818,176,0.43,0.6515,253,0.44,0.6666,15,0.44,0.6666,449,0
IWM191025C155,2019-10-24,2019-10-24 09:38:13,0.45,0.6818,114,0.43,0.6515,189,0.44,0.6666,15,0.44,0.6666,449,0
IWM191025C155,2019-10-24,2019-10-24 09:38:14,0.45,0.6818,45,0.43,0.6515,314,0.44,0.6666,15,0.44,0.6666,449,0
IWM191025C155,2019-10-24,2019-10-24 09:38:14,0.45,0.6818,167,0.43,0.6515,128,0.44,0.6666,15,0.44,0.6666,449,0
IWM191025C155,2019-10-24,2019-10-24 09:38:15,0.46,0.6969,115,0.44,0.6666,120,0.44,0.6666,15,0.45,0.6818,449,0
IWM191025C155,2019-10-24,2019-10-24 09:38:15,0.46,0.6969,115,0.44,0.6666,93,0.44,0.6666,15,0.45,0.6818,449,0
IWM191025C155,2019-10-24,2019-10-24 09:38:16,0.45,0.6818,245,0.43,0.6515,264,0.44,0.6666,15,0.44,0.6666,449,0
IWM191025C155,2019-10-24,2019-10-24 09:38:16,0.45,0.6818,144,0.44,0.6666,63,0.44,0.6666,15,0.445,0.6742,449,0
IWM191025C155,2019-10-24,2019-10-24 09:38:17,0.45,0.6818,89,0.43,0.6515,249,0.44,0.6666,15,0.44,0.6666,449,0
IWM191025C155,2019-10-24,2019-10-24 09:38:17,0.45,0.6818,77,0.43,0.6515,387,0.44,0.6666,15,0.44,0.6666,449,0
IWM191025C155,2019-10-24,2019-10-24 09:38:18,0.46,0.6969,178,0.45,0.6818,1,0.45,0.6818,3,0.455,0.6893,459,10
IWM191025C155,2019-10-24,2019-10-24 09:38:18,0.45,0.6818,2,0.43,0.6515,402,0.44,0.6666,15,0.44,0.6666,449,0
IWM191025C155,2019-10-24,2019-10-24 09:38:19,0.45,0.6818,158,0.43,0.6515,38,0.45,0.6818,3,0.44,0.6666,459,0
IWM191025C155,2019-10-24,2019-10-24 09:38:20,0.45,0.6818,324,0.43,0.6515,33,0.45,0.6818,3,0.44,0.6666,459,0
IWM191025C155,2019-10-24,2019-10-24 09:38:20,0.44,0.6666,9,0.42,0.6363,176,0.45,0.6818,3,0.43,0.6515,459,0
IWM191025C155,2019-10-24,2019-10-24 09:38:21,0.45,0.6818,174,0.43,0.6515,147,0.45,0.6818,3,0.44,0.6666,459,0
IWM191025C155,2019-10-24,2019-10-24 09:38:21,0.45,0.6818,214,0.43,0.6515,65,0.45,0.6818,3,0.44,0.6666,459,0
IWM191025C155,2019-10-24,2019-10-24 09:38:22,0.45,0.6818,84,0.43,0.6515,186,0.45,0.6818,3,0.44,0.6666,459,0
IWM191025C155,2019-10-24,2019-10-24 09:38:22,0.45,0.6818,174,0.44,0.6666,18,0.45,0.6818,3,0.445,0.6742,459,0
IWM191025C155,2019-10-24,2019-10-24 09:38:23,0.45,0.6818,45,0.43,0.6515,105,0.45,0.6818,3,0.44,0.6666,459,0
IWM191025C155,2019-10-24,2019-10-24 09:38:23,0.45,0.6818,11,0.43,0.6515,278,0.45,0.6818,3,0.44,0.6666,459,0
IWM191025C155,2019-10-24,2019-10-24 09:38:24,0.45,0.6818,17,0.43,0.6515,161,0.45,0.6818,3,0.44,0.6666,459,0
IWM191025C155,2019-10-24,2019-10-24 09:38:25,0.45,0.6818,9,0.44,0.6666,38,0.45,0.6818,3,0.445,0.6742,459,0
IWM191025C155,2019-10-24,2019-10-24 09:38:25,0.45,0.6818,9,0.44,0.6666,14,0.45,0.6818,3,0.445,0.6742,459,0
IWM191025C155,2019-10-24,2019-10-24 09:38:26,0.45,0.6818,97,0.43,0.6515,79,0.45,0.6818,3,0.44,0.6666,459,0
IWM191025C155,2019-10-24,2019-10-24 09:38:26,0.45,0.6818,130,0.43,0.6515,168,0.45,0.6818,3,0.44,0.6666,459,0
IWM191025C155,2019-10-24,2019-10-24 09:38:27,0.45,0.6818,130,0.43,0.6515,346,0.45,0.6818,3,0.44,0.6666,459,0
IWM191025C155,2019-10-24,2019-10-24 09:38:27,0.45,0.6818,97,0.43,0.6515,315,0.45,0.6818,3,0.44,0.6666,459,0
