symbol,Date,quote_time,ask_price,norm_ask_price,ask_size,bid_price,norm_bid_price,bid_size,last_trade_price,norm_last_trade_price,last_trade_size,mark_price,norm_mark_price,volume,Volume
IWM190927P152,2019-09-26,2019-09-26 09:30:02,0.31,1.0,41,0.24,0.7741,41,0.29,0.9354,200,0.275,0.887,0,0
IWM190927P152,2019-09-26,2019-09-26 09:30:03,0.29,0.9354,226,0.24,0.7741,41,0.29,0.9354,200,0.265,0.8548,0,0
IWM190927P152,2019-09-26,2019-09-26 09:30:03,0.31,1.0,41,0.24,0.7741,41,0.29,0.9354,200,0.275,0.887,0,0
IWM190927P152,2019-09-26,2019-09-26 09:30:04,0.33,1.0645,41,0.24,0.7741,41,0.29,0.9354,200,0.285,0.9193,0,0
IWM190927P152,2019-09-26,2019-09-26 09:30:04,0.3,0.9677,226,0.24,0.7741,41,0.29,0.9354,200,0.27,0.8709,0,0
IWM190927P152,2019-09-26,2019-09-26 09:30:05,0.33,1.0645,41,0.24,0.7741,41,0.29,0.9354,200,0.285,0.9193,0,0
IWM190927P152,2019-09-26,2019-09-26 09:30:06,0.35,1.129,2,0.23,0.7419,10,0.29,0.9354,200,0.29,0.9354,0,0
IWM190927P152,2019-09-26,2019-09-26 09:30:07,0.32,1.0322,100,0.25,0.8064,90,0.29,0.9354,200,0.285,0.9193,0,0
IWM190927P152,2019-09-26,2019-09-26 09:30:07,0.37,1.1935,10,0.14,0.4516,500,0.29,0.9354,200,0.255,0.8225,0,0
IWM190927P152,2019-09-26,2019-09-26 09:30:08,0.32,1.0322,100,0.25,0.8064,90,0.29,0.9354,200,0.285,0.9193,0,0
IWM190927P152,2019-09-26,2019-09-26 09:30:08,0.3,0.9677,156,0.26,0.8387,151,0.29,0.9354,200,0.28,0.9032,0,0
IWM190927P152,2019-09-26,2019-09-26 09:30:09,0.3,0.9677,156,0.26,0.8387,151,0.29,0.9354,200,0.28,0.9032,0,0
IWM190927P152,2019-09-26,2019-09-26 09:30:09,0.3,0.9677,156,0.25,0.8064,310,0.29,0.9354,200,0.275,0.887,0,0
IWM190927P152,2019-09-26,2019-09-26 09:30:10,0.31,1.0,183,0.26,0.8387,600,0.29,0.9354,200,0.285,0.9193,0,0
IWM190927P152,2019-09-26,2019-09-26 09:30:10,0.3,0.9677,156,0.26,0.8387,151,0.29,0.9354,200,0.28,0.9032,0,0
IWM190927P152,2019-09-26,2019-09-26 09:30:11,0.31,1.0,151,0.26,0.8387,508,0.29,0.9354,200,0.285,0.9193,0,0
IWM190927P152,2019-09-26,2019-09-26 09:30:11,0.31,1.0,151,0.26,0.8387,663,0.29,0.9354,200,0.285,0.9193,0,0
IWM190927P152,2019-09-26,2019-09-26 09:30:12,0.31,1.0,5,0.27,0.8709,313,0.29,0.9354,200,0.29,0.9354,0,0
IWM190927P152,2019-09-26,2019-09-26 09:30:12,0.3,0.9677,5,0.27,0.8709,100,0.29,0.9354,200,0.285,0.9193,0,0
IWM190927P152,2019-09-26,2019-09-26 09:30:13,0.33,1.0645,217,0.27,0.8709,313,0.29,0.9354,200,0.3,0.9677,0,0
IWM190927P152,2019-09-26,2019-09-26 09:30:13,0.32,1.0322,5,0.27,0.8709,313,0.29,0.9354,200,0.295,0.9516,0,0
IWM190927P152,2019-09-26,2019-09-26 09:30:14,0.33,1.0645,163,0.3,0.9677,91,0.29,0.9354,200,0.315,1.0161,0,0
IWM190927P152,2019-09-26,2019-09-26 09:30:14,0.34,1.0967,167,0.3,0.9677,91,0.29,0.9354,200,0.32,1.0322,0,0
IWM190927P152,2019-09-26,2019-09-26 09:30:15,0.33,1.0645,383,0.3,0.9677,203,0.29,0.9354,200,0.315,1.0161,0,0
IWM190927P152,2019-09-26,2019-09-26 09:30:15,0.33,1.0645,60,0.31,1.0,91,0.29,0.9354,200,0.32,1.0322,0,0
IWM190927P152,2019-09-26,2019-09-26 09:30:16,0.34,1.0967,55,0.32,1.0322,45,0.29,0.9354,200,0.33,1.0645,0,0
IWM190927P152,2019-09-26,2019-09-26 09:30:16,0.36,1.1612,79,0.33,1.0645,5,0.29,0.9354,200,0.345,1.1129,0,0
IWM190927P152,2019-09-26,2019-09-26 09:30:17,0.36,1.1612,79,0.33,1.0645,30,0.29,0.9354,200,0.345,1.1129,0,0
IWM190927P152,2019-09-26,2019-09-26 09:30:18,0.36,1.1612,79,0.33,1.0645,100,0.29,0.9354,200,0.345,1.1129,0,0
IWM190927P152,2019-09-26,2019-09-26 09:30:18,0.37,1.1935,1,0.33,1.0645,51,0.29,0.9354,200,0.35,1.129,0,0
IWM190927P152,2019-09-26,2019-09-26 09:30:19,0.37,1.1935,1,0.33,1.0645,20,0.29,0.9354,200,0.35,1.129,0,0
IWM190927P152,2019-09-26,2019-09-26 09:30:19,0.37,1.1935,314,0.34,1.0967,28,0.29,0.9354,200,0.355,1.1451,0,0
IWM190927P152,2019-09-26,2019-09-26 09:30:20,0.36,1.1612,20,0.33,1.0645,321,0.29,0.9354,200,0.345,1.1129,0,0
IWM190927P152,2019-09-26,2019-09-26 09:30:20,0.36,1.1612,20,0.34,1.0967,10,0.29,0.9354,200,0.35,1.129,0,0
IWM190927P152,2019-09-26,2019-09-26 09:30:21,0.36,1.1612,20,0.33,1.0645,454,0.29,0.9354,200,0.345,1.1129,0,0
IWM190927P152,2019-09-26,2019-09-26 09:30:21,0.36,1.1612,20,0.33,1.0645,304,0.29,0.9354,200,0.345,1.1129,0,0
IWM190927P152,2019-09-26,2019-09-26 09:30:22,0.36,1.1612,20,0.33,1.0645,10,0.29,0.9354,200,0.345,1.1129,0,0
IWM190927P152,2019-09-26,2019-09-26 09:30:22,0.35,1.129,190,0.32,1.0322,383,0.29,0.9354,200,0.335,1.0806,0,0
IWM190927P152,2019-09-26,2019-09-26 09:30:23,0.35,1.129,361,0.32,1.0322,140,0.29,0.9354,200,0.335,1.0806,0,0
IWM190927P152,2019-09-26,2019-09-26 09:30:23,0.35,1.129,190,0.32,1.0322,140,0.29,0.9354,200,0.335,1.0806,0,0
IWM190927P152,2019-09-26,2019-09-26 09:30:24,0.35,1.129,361,0.31,1.0,88,0.29,0.9354,200,0.33,1.0645,0,0
IWM190927P152,2019-09-26,2019-09-26 09:30:25,0.33,1.0645,20,0.3,0.9677,245,0.29,0.9354,200,0.315,1.0161,0,0
IWM190927P152,2019-09-26,2019-09-26 09:30:25,0.33,1.0645,20,0.3,0.9677,322,0.29,0.9354,200,0.315,1.0161,0,0
IWM190927P152,2019-09-26,2019-09-26 09:30:26,0.33,1.0645,141,0.3,0.9677,322,0.29,0.9354,200,0.315,1.0161,0,0
IWM190927P152,2019-09-26,2019-09-26 09:30:26,0.33,1.0645,184,0.3,0.9677,322,0.29,0.9354,200,0.315,1.0161,0,0
IWM190927P152,2019-09-26,2019-09-26 09:30:27,0.33,1.0645,591,0.29,0.9354,257,0.29,0.9354,200,0.31,1.0,0,0
IWM190927P152,2019-09-26,2019-09-26 09:30:27,0.32,1.0322,90,0.29,0.9354,195,0.29,0.9354,200,0.305,0.9838,0,0
IWM190927P152,2019-09-26,2019-09-26 09:30:28,0.32,1.0322,621,0.29,0.9354,91,0.29,0.9354,200,0.305,0.9838,0,0
IWM190927P152,2019-09-26,2019-09-26 09:30:28,0.31,1.0,147,0.29,0.9354,322,0.29,0.9354,200,0.3,0.9677,0,0
IWM190927P152,2019-09-26,2019-09-26 09:30:29,0.31,1.0,426,0.27,0.8709,307,0.29,0.9354,200,0.29,0.9354,0,0
IWM190927P152,2019-09-26,2019-09-26 09:30:29,0.31,1.0,426,0.27,0.8709,322,0.29,0.9354,200,0.29,0.9354,0,0
IWM190927P152,2019-09-26,2019-09-26 09:30:30,0.31,1.0,426,0.27,0.8709,398,0.29,0.9354,200,0.29,0.9354,0,0
IWM190927P152,2019-09-26,2019-09-26 09:30:30,0.29,0.9354,19,0.27,0.8709,348,0.29,0.9354,200,0.28,0.9032,0,0
IWM190927P152,2019-09-26,2019-09-26 09:30:31,0.29,0.9354,19,0.27,0.8709,348,0.29,0.9354,200,0.28,0.9032,0,0
IWM190927P152,2019-09-26,2019-09-26 09:30:32,0.32,1.0322,232,0.29,0.9354,245,0.29,0.9354,200,0.305,0.9838,0,0
IWM190927P152,2019-09-26,2019-09-26 09:30:32,0.29,0.9354,19,0.28,0.9032,245,0.29,0.9354,200,0.285,0.9193,0,0
IWM190927P152,2019-09-26,2019-09-26 09:30:33,0.32,1.0322,635,0.29,0.9354,486,0.29,0.9354,200,0.305,0.9838,0,0
IWM190927P152,2019-09-26,2019-09-26 09:30:33,0.31,1.0,19,0.29,0.9354,486,0.29,0.9354,200,0.3,0.9677,0,0
IWM190927P152,2019-09-26,2019-09-26 09:30:34,0.31,1.0,25,0.3,0.9677,19,0.29,0.9354,200,0.305,0.9838,0,0
IWM190927P152,2019-09-26,2019-09-26 09:30:35,0.31,1.0,174,0.29,0.9354,101,0.29,0.9354,200,0.3,0.9677,0,0
IWM190927P152,2019-09-26,2019-09-26 09:30:35,0.31,1.0,75,0.29,0.9354,195,0.29,0.9354,200,0.3,0.9677,0,0
IWM190927P152,2019-09-26,2019-09-26 09:30:36,0.31,1.0,173,0.29,0.9354,56,0.29,0.9354,200,0.3,0.9677,0,0
IWM190927P152,2019-09-26,2019-09-26 09:30:36,0.31,1.0,326,0.29,0.9354,56,0.29,0.9354,200,0.3,0.9677,0,0
IWM190927P152,2019-09-26,2019-09-26 09:30:37,0.31,1.0,205,0.29,0.9354,56,0.29,0.9354,200,0.3,0.9677,0,0
IWM190927P152,2019-09-26,2019-09-26 09:30:38,0.31,1.0,152,0.29,0.9354,60,0.29,0.9354,200,0.3,0.9677,0,0
IWM190927P152,2019-09-26,2019-09-26 09:30:38,0.31,1.0,109,0.3,0.9677,19,0.29,0.9354,200,0.305,0.9838,0,0
IWM190927P152,2019-09-26,2019-09-26 09:30:39,0.32,1.0322,302,0.31,1.0,19,0.29,0.9354,200,0.315,1.0161,0,0
IWM190927P152,2019-09-26,2019-09-26 09:30:39,0.32,1.0322,57,0.31,1.0,19,0.29,0.9354,200,0.315,1.0161,0,0
IWM190927P152,2019-09-26,2019-09-26 09:30:40,0.32,1.0322,150,0.31,1.0,19,0.29,0.9354,200,0.315,1.0161,0,0
IWM190927P152,2019-09-26,2019-09-26 09:30:40,0.32,1.0322,132,0.31,1.0,19,0.29,0.9354,200,0.315,1.0161,0,0
IWM190927P152,2019-09-26,2019-09-26 09:30:41,0.32,1.0322,802,0.29,0.9354,101,0.29,0.9354,200,0.305,0.9838,0,0
IWM190927P152,2019-09-26,2019-09-26 09:30:41,0.32,1.0322,198,0.3,0.9677,19,0.29,0.9354,200,0.31,1.0,0,0
IWM190927P152,2019-09-26,2019-09-26 09:30:42,0.31,1.0,240,0.29,0.9354,19,0.29,0.9354,200,0.3,0.9677,0,0
IWM190927P152,2019-09-26,2019-09-26 09:30:42,0.31,1.0,280,0.29,0.9354,19,0.29,0.9354,200,0.3,0.9677,0,0
IWM190927P152,2019-09-26,2019-09-26 09:30:43,0.31,1.0,325,0.3,0.9677,19,0.29,0.9354,200,0.305,0.9838,0,0
IWM190927P152,2019-09-26,2019-09-26 09:30:43,0.31,1.0,328,0.29,0.9354,19,0.29,0.9354,200,0.3,0.9677,0,0
IWM190927P152,2019-09-26,2019-09-26 09:30:44,0.31,1.0,319,0.29,0.9354,19,0.29,0.9354,200,0.3,0.9677,0,0
IWM190927P152,2019-09-26,2019-09-26 09:30:45,0.31,1.0,20,0.3,0.9677,19,0.29,0.9354,200,0.305,0.9838,0,0
IWM190927P152,2019-09-26,2019-09-26 09:30:45,0.31,1.0,304,0.29,0.9354,19,0.29,0.9354,200,0.3,0.9677,0,0
IWM190927P152,2019-09-26,2019-09-26 09:30:46,0.31,1.0,20,0.3,0.9677,19,0.29,0.9354,200,0.305,0.9838,0,0
IWM190927P152,2019-09-26,2019-09-26 09:30:47,0.31,1.0,20,0.3,0.9677,19,0.29,0.9354,200,0.305,0.9838,0,0
IWM190927P152,2019-09-26,2019-09-26 09:30:48,0.31,1.0,20,0.3,0.9677,19,0.29,0.9354,200,0.305,0.9838,0,0
IWM190927P152,2019-09-26,2019-09-26 09:30:49,0.31,1.0,147,0.3,0.9677,19,0.29,0.9354,200,0.305,0.9838,0,0
IWM190927P152,2019-09-26,2019-09-26 09:30:49,0.31,1.0,283,0.3,0.9677,19,0.29,0.9354,200,0.305,0.9838,0,0
IWM190927P152,2019-09-26,2019-09-26 09:30:50,0.31,1.0,283,0.29,0.9354,120,0.29,0.9354,200,0.3,0.9677,0,0
IWM190927P152,2019-09-26,2019-09-26 09:30:50,0.31,1.0,283,0.3,0.9677,19,0.29,0.9354,200,0.305,0.9838,0,0
IWM190927P152,2019-09-26,2019-09-26 09:30:51,0.31,1.0,317,0.3,0.9677,19,0.29,0.9354,200,0.305,0.9838,0,0
IWM190927P152,2019-09-26,2019-09-26 09:30:52,0.31,1.0,109,0.3,0.9677,19,0.29,0.9354,200,0.305,0.9838,0,0
IWM190927P152,2019-09-26,2019-09-26 09:30:52,0.32,1.0322,240,0.3,0.9677,19,0.29,0.9354,200,0.31,1.0,0,0
IWM190927P152,2019-09-26,2019-09-26 09:30:53,0.32,1.0322,446,0.3,0.9677,19,0.29,0.9354,200,0.31,1.0,0,0
IWM190927P152,2019-09-26,2019-09-26 09:30:54,0.31,1.0,409,0.3,0.9677,19,0.29,0.9354,200,0.305,0.9838,0,0
IWM190927P152,2019-09-26,2019-09-26 09:30:54,0.31,1.0,425,0.3,0.9677,19,0.29,0.9354,200,0.305,0.9838,0,0
IWM190927P152,2019-09-26,2019-09-26 09:30:55,0.31,1.0,425,0.3,0.9677,19,0.29,0.9354,200,0.305,0.9838,0,0
IWM190927P152,2019-09-26,2019-09-26 09:30:56,0.31,1.0,425,0.3,0.9677,19,0.29,0.9354,200,0.305,0.9838,0,0
IWM190927P152,2019-09-26,2019-09-26 09:30:56,0.31,1.0,508,0.29,0.9354,120,0.29,0.9354,200,0.3,0.9677,0,0
IWM190927P152,2019-09-26,2019-09-26 09:30:57,0.31,1.0,508,0.29,0.9354,128,0.29,0.9354,200,0.3,0.9677,0,0
IWM190927P152,2019-09-26,2019-09-26 09:30:57,0.31,1.0,504,0.29,0.9354,144,0.29,0.9354,200,0.3,0.9677,0,0
IWM190927P152,2019-09-26,2019-09-26 09:30:58,0.31,1.0,574,0.3,0.9677,19,0.29,0.9354,200,0.305,0.9838,0,0
IWM190927P152,2019-09-26,2019-09-26 09:30:58,0.31,1.0,504,0.29,0.9354,144,0.29,0.9354,200,0.3,0.9677,0,0
IWM190927P152,2019-09-26,2019-09-26 09:30:59,0.31,1.0,388,0.3,0.9677,19,0.29,0.9354,200,0.305,0.9838,0,0
IWM190927P152,2019-09-26,2019-09-26 09:30:59,0.31,1.0,574,0.3,0.9677,19,0.29,0.9354,200,0.305,0.9838,0,0
IWM190927P152,2019-09-26,2019-09-26 09:31:00,0.31,1.0,12,0.3,0.9677,19,0.29,0.9354,200,0.305,0.9838,0,0
IWM190927P152,2019-09-26,2019-09-26 09:31:00,0.31,1.0,474,0.29,0.9354,341,0.29,0.9354,200,0.3,0.9677,0,0
IWM190927P152,2019-09-26,2019-09-26 09:31:01,0.31,1.0,550,0.29,0.9354,60,0.29,0.9354,200,0.3,0.9677,0,0
IWM190927P152,2019-09-26,2019-09-26 09:31:02,0.31,1.0,551,0.29,0.9354,19,0.29,0.9354,200,0.3,0.9677,0,0
IWM190927P152,2019-09-26,2019-09-26 09:31:04,0.31,1.0,415,0.29,0.9354,90,0.29,0.9354,200,0.3,0.9677,0,0
IWM190927P152,2019-09-26,2019-09-26 09:31:05,0.32,1.0322,498,0.3,0.9677,19,0.29,0.9354,200,0.31,1.0,0,0
IWM190927P152,2019-09-26,2019-09-26 09:31:05,0.32,1.0322,335,0.3,0.9677,19,0.29,0.9354,200,0.31,1.0,0,0
IWM190927P152,2019-09-26,2019-09-26 09:31:06,0.32,1.0322,359,0.3,0.9677,19,0.29,0.9354,200,0.31,1.0,0,0
IWM190927P152,2019-09-26,2019-09-26 09:31:07,0.32,1.0322,461,0.3,0.9677,19,0.29,0.9354,200,0.31,1.0,0,0
IWM190927P152,2019-09-26,2019-09-26 09:31:08,0.31,1.0,250,0.3,0.9677,19,0.29,0.9354,200,0.305,0.9838,0,0
IWM190927P152,2019-09-26,2019-09-26 09:31:08,0.32,1.0322,457,0.3,0.9677,79,0.29,0.9354,200,0.31,1.0,0,0
IWM190927P152,2019-09-26,2019-09-26 09:31:09,0.31,1.0,268,0.29,0.9354,195,0.29,0.9354,200,0.3,0.9677,0,0
IWM190927P152,2019-09-26,2019-09-26 09:31:09,0.31,1.0,544,0.29,0.9354,19,0.29,0.9354,200,0.3,0.9677,0,0
IWM190927P152,2019-09-26,2019-09-26 09:31:10,0.3,0.9677,160,0.28,0.9032,245,0.29,0.9354,200,0.29,0.9354,0,0
IWM190927P152,2019-09-26,2019-09-26 09:31:11,0.3,0.9677,375,0.29,0.9354,100,0.29,0.9354,200,0.295,0.9516,0,0
IWM190927P152,2019-09-26,2019-09-26 09:31:11,0.31,1.0,204,0.29,0.9354,90,0.29,0.9354,200,0.3,0.9677,0,0
IWM190927P152,2019-09-26,2019-09-26 09:31:12,0.31,1.0,239,0.29,0.9354,195,0.29,0.9354,200,0.3,0.9677,0,0
IWM190927P152,2019-09-26,2019-09-26 09:31:12,0.31,1.0,444,0.29,0.9354,195,0.29,0.9354,200,0.3,0.9677,0,0
IWM190927P152,2019-09-26,2019-09-26 09:31:13,0.31,1.0,444,0.3,0.9677,23,0.29,0.9354,200,0.305,0.9838,0,0
IWM190927P152,2019-09-26,2019-09-26 09:31:13,0.32,1.0322,270,0.3,0.9677,83,0.29,0.9354,200,0.31,1.0,0,0
IWM190927P152,2019-09-26,2019-09-26 09:31:14,0.32,1.0322,667,0.3,0.9677,47,0.29,0.9354,200,0.31,1.0,0,0
IWM190927P152,2019-09-26,2019-09-26 09:31:14,0.32,1.0322,593,0.3,0.9677,111,0.29,0.9354,200,0.31,1.0,0,0
IWM190927P152,2019-09-26,2019-09-26 09:31:15,0.31,1.0,453,0.29,0.9354,468,0.29,0.9354,200,0.3,0.9677,0,0
IWM190927P152,2019-09-26,2019-09-26 09:31:15,0.31,1.0,414,0.29,0.9354,371,0.29,0.9354,200,0.3,0.9677,0,0
IWM190927P152,2019-09-26,2019-09-26 09:31:16,0.31,1.0,453,0.29,0.9354,468,0.29,0.9354,200,0.3,0.9677,0,0
IWM190927P152,2019-09-26,2019-09-26 09:31:17,0.31,1.0,502,0.3,0.9677,19,0.31,1.0,8,0.305,0.9838,8,0
IWM190927P152,2019-09-26,2019-09-26 09:31:17,0.31,1.0,453,0.3,0.9677,19,0.31,1.0,8,0.305,0.9838,8,8
IWM190927P152,2019-09-26,2019-09-26 09:31:18,0.31,1.0,290,0.29,0.9354,326,0.31,1.0,8,0.3,0.9677,8,0
IWM190927P152,2019-09-26,2019-09-26 09:31:18,0.31,1.0,425,0.29,0.9354,276,0.31,1.0,8,0.3,0.9677,8,0
IWM190927P152,2019-09-26,2019-09-26 09:31:19,0.31,1.0,285,0.29,0.9354,493,0.31,1.0,8,0.3,0.9677,8,0
IWM190927P152,2019-09-26,2019-09-26 09:31:19,0.31,1.0,224,0.3,0.9677,19,0.31,1.0,8,0.305,0.9838,8,0
IWM190927P152,2019-09-26,2019-09-26 09:31:20,0.32,1.0322,706,0.3,0.9677,19,0.31,1.0,8,0.31,1.0,8,0
IWM190927P152,2019-09-26,2019-09-26 09:31:20,0.32,1.0322,678,0.3,0.9677,19,0.31,1.0,8,0.31,1.0,8,0
IWM190927P152,2019-09-26,2019-09-26 09:31:21,0.32,1.0322,636,0.3,0.9677,90,0.31,1.0,8,0.31,1.0,8,0
IWM190927P152,2019-09-26,2019-09-26 09:31:22,0.32,1.0322,430,0.3,0.9677,90,0.31,1.0,8,0.31,1.0,8,0
IWM190927P152,2019-09-26,2019-09-26 09:31:23,0.31,1.0,504,0.3,0.9677,19,0.31,1.0,8,0.305,0.9838,8,0
IWM190927P152,2019-09-26,2019-09-26 09:31:23,0.32,1.0322,678,0.3,0.9677,90,0.31,1.0,8,0.31,1.0,8,0
IWM190927P152,2019-09-26,2019-09-26 09:31:24,0.31,1.0,495,0.3,0.9677,19,0.31,1.0,8,0.305,0.9838,8,0
IWM190927P152,2019-09-26,2019-09-26 09:31:25,0.31,1.0,537,0.29,0.9354,363,0.31,1.0,8,0.3,0.9677,8,0
IWM190927P152,2019-09-26,2019-09-26 09:31:25,0.31,1.0,470,0.29,0.9354,443,0.31,1.0,8,0.3,0.9677,8,0
IWM190927P152,2019-09-26,2019-09-26 09:31:26,0.31,1.0,525,0.29,0.9354,19,0.31,1.0,8,0.3,0.9677,8,0
IWM190927P152,2019-09-26,2019-09-26 09:31:26,0.31,1.0,354,0.29,0.9354,159,0.31,1.0,8,0.3,0.9677,8,0
IWM190927P152,2019-09-26,2019-09-26 09:31:27,0.31,1.0,722,0.29,0.9354,19,0.31,1.0,8,0.3,0.9677,8,0
IWM190927P152,2019-09-26,2019-09-26 09:31:28,0.3,0.9677,261,0.28,0.9032,144,0.31,1.0,8,0.29,0.9354,8,0
IWM190927P152,2019-09-26,2019-09-26 09:31:28,0.3,0.9677,552,0.27,0.8709,135,0.31,1.0,8,0.285,0.9193,8,0
IWM190927P152,2019-09-26,2019-09-26 09:31:29,0.3,0.9677,650,0.28,0.9032,120,0.31,1.0,8,0.29,0.9354,8,0
IWM190927P152,2019-09-26,2019-09-26 09:31:29,0.3,0.9677,651,0.27,0.8709,135,0.31,1.0,8,0.285,0.9193,8,0
IWM190927P152,2019-09-26,2019-09-26 09:31:30,0.3,0.9677,373,0.28,0.9032,363,0.31,1.0,8,0.29,0.9354,8,0
IWM190927P152,2019-09-26,2019-09-26 09:31:30,0.3,0.9677,368,0.28,0.9032,245,0.31,1.0,8,0.29,0.9354,8,0
IWM190927P152,2019-09-26,2019-09-26 09:31:31,0.3,0.9677,373,0.28,0.9032,413,0.31,1.0,8,0.29,0.9354,8,0
IWM190927P152,2019-09-26,2019-09-26 09:31:32,0.3,0.9677,20,0.29,0.9354,19,0.31,1.0,8,0.295,0.9516,8,0
IWM190927P152,2019-09-26,2019-09-26 09:31:33,0.31,1.0,306,0.29,0.9354,261,0.31,1.0,8,0.3,0.9677,8,0
IWM190927P152,2019-09-26,2019-09-26 09:31:33,0.31,1.0,648,0.29,0.9354,90,0.31,1.0,8,0.3,0.9677,8,0
IWM190927P152,2019-09-26,2019-09-26 09:31:34,0.31,1.0,326,0.29,0.9354,351,0.31,1.0,8,0.3,0.9677,8,0
IWM190927P152,2019-09-26,2019-09-26 09:31:35,0.31,1.0,353,0.29,0.9354,211,0.31,1.0,8,0.3,0.9677,8,0
IWM190927P152,2019-09-26,2019-09-26 09:31:35,0.31,1.0,452,0.29,0.9354,325,0.31,1.0,8,0.3,0.9677,8,0
IWM190927P152,2019-09-26,2019-09-26 09:31:36,0.31,1.0,46,0.29,0.9354,325,0.31,1.0,8,0.3,0.9677,8,0
IWM190927P152,2019-09-26,2019-09-26 09:31:37,0.32,1.0322,265,0.3,0.9677,100,0.31,1.0,8,0.31,1.0,8,0
IWM190927P152,2019-09-26,2019-09-26 09:31:37,0.32,1.0322,508,0.3,0.9677,349,0.31,1.0,8,0.31,1.0,8,0
IWM190927P152,2019-09-26,2019-09-26 09:31:38,0.32,1.0322,445,0.3,0.9677,349,0.31,1.0,8,0.31,1.0,8,0
IWM190927P152,2019-09-26,2019-09-26 09:31:38,0.32,1.0322,808,0.3,0.9677,19,0.31,1.0,8,0.31,1.0,8,0
IWM190927P152,2019-09-26,2019-09-26 09:31:39,0.32,1.0322,872,0.3,0.9677,19,0.31,1.0,8,0.31,1.0,8,0
IWM190927P152,2019-09-26,2019-09-26 09:31:40,0.32,1.0322,726,0.3,0.9677,90,0.31,1.0,8,0.31,1.0,8,0
IWM190927P152,2019-09-26,2019-09-26 09:31:41,0.31,1.0,430,0.29,0.9354,90,0.31,1.0,8,0.3,0.9677,8,0
IWM190927P152,2019-09-26,2019-09-26 09:31:41,0.31,1.0,185,0.3,0.9677,19,0.31,1.0,8,0.305,0.9838,8,0
IWM190927P152,2019-09-26,2019-09-26 09:31:42,0.3,0.9677,1,0.29,0.9354,90,0.31,1.0,8,0.295,0.9516,8,0
IWM190927P152,2019-09-26,2019-09-26 09:31:42,0.3,0.9677,185,0.29,0.9354,90,0.31,1.0,8,0.295,0.9516,8,0
IWM190927P152,2019-09-26,2019-09-26 09:31:43,0.3,0.9677,239,0.29,0.9354,90,0.31,1.0,8,0.295,0.9516,8,0
IWM190927P152,2019-09-26,2019-09-26 09:31:43,0.3,0.9677,185,0.29,0.9354,90,0.31,1.0,8,0.295,0.9516,8,0
IWM190927P152,2019-09-26,2019-09-26 09:31:44,0.3,0.9677,285,0.29,0.9354,19,0.31,1.0,8,0.295,0.9516,8,0
IWM190927P152,2019-09-26,2019-09-26 09:31:45,0.3,0.9677,185,0.29,0.9354,19,0.31,1.0,8,0.295,0.9516,8,0
IWM190927P152,2019-09-26,2019-09-26 09:31:45,0.3,0.9677,381,0.29,0.9354,19,0.31,1.0,8,0.295,0.9516,8,0
IWM190927P152,2019-09-26,2019-09-26 09:31:46,0.3,0.9677,635,0.28,0.9032,483,0.31,1.0,8,0.29,0.9354,8,0
IWM190927P152,2019-09-26,2019-09-26 09:31:46,0.3,0.9677,381,0.28,0.9032,195,0.31,1.0,8,0.29,0.9354,8,0
IWM190927P152,2019-09-26,2019-09-26 09:31:47,0.3,0.9677,558,0.28,0.9032,288,0.31,1.0,8,0.29,0.9354,8,0
IWM190927P152,2019-09-26,2019-09-26 09:31:47,0.3,0.9677,558,0.28,0.9032,438,0.31,1.0,8,0.29,0.9354,8,0
IWM190927P152,2019-09-26,2019-09-26 09:31:48,0.3,0.9677,556,0.28,0.9032,483,0.31,1.0,8,0.29,0.9354,8,0
IWM190927P152,2019-09-26,2019-09-26 09:31:48,0.3,0.9677,558,0.28,0.9032,288,0.31,1.0,8,0.29,0.9354,8,0
IWM190927P152,2019-09-26,2019-09-26 09:31:49,0.3,0.9677,556,0.28,0.9032,483,0.31,1.0,8,0.29,0.9354,8,0
IWM190927P152,2019-09-26,2019-09-26 09:31:49,0.3,0.9677,409,0.28,0.9032,483,0.31,1.0,8,0.29,0.9354,8,0
IWM190927P152,2019-09-26,2019-09-26 09:31:50,0.3,0.9677,521,0.28,0.9032,90,0.31,1.0,8,0.29,0.9354,8,0
IWM190927P152,2019-09-26,2019-09-26 09:31:51,0.3,0.9677,464,0.28,0.9032,19,0.31,1.0,8,0.29,0.9354,8,0
IWM190927P152,2019-09-26,2019-09-26 09:31:51,0.3,0.9677,409,0.28,0.9032,90,0.31,1.0,8,0.29,0.9354,8,0
IWM190927P152,2019-09-26,2019-09-26 09:31:52,0.3,0.9677,464,0.28,0.9032,19,0.31,1.0,8,0.29,0.9354,8,0
IWM190927P152,2019-09-26,2019-09-26 09:31:52,0.3,0.9677,685,0.28,0.9032,19,0.31,1.0,8,0.29,0.9354,8,0
IWM190927P152,2019-09-26,2019-09-26 09:31:53,0.3,0.9677,685,0.28,0.9032,19,0.31,1.0,8,0.29,0.9354,8,0
IWM190927P152,2019-09-26,2019-09-26 09:31:53,0.3,0.9677,661,0.28,0.9032,19,0.31,1.0,8,0.29,0.9354,8,0
IWM190927P152,2019-09-26,2019-09-26 09:31:54,0.3,0.9677,468,0.28,0.9032,19,0.31,1.0,8,0.29,0.9354,8,0
IWM190927P152,2019-09-26,2019-09-26 09:31:54,0.3,0.9677,535,0.28,0.9032,19,0.31,1.0,8,0.29,0.9354,8,0
IWM190927P152,2019-09-26,2019-09-26 09:31:55,0.3,0.9677,640,0.28,0.9032,19,0.31,1.0,8,0.29,0.9354,8,0
IWM190927P152,2019-09-26,2019-09-26 09:31:55,0.29,0.9354,10,0.28,0.9032,19,0.31,1.0,8,0.285,0.9193,8,0
IWM190927P152,2019-09-26,2019-09-26 09:31:56,0.3,0.9677,659,0.28,0.9032,19,0.31,1.0,8,0.29,0.9354,8,0
IWM190927P152,2019-09-26,2019-09-26 09:31:56,0.3,0.9677,618,0.28,0.9032,19,0.31,1.0,8,0.29,0.9354,8,0
IWM190927P152,2019-09-26,2019-09-26 09:31:57,0.3,0.9677,618,0.28,0.9032,19,0.31,1.0,8,0.29,0.9354,8,0
IWM190927P152,2019-09-26,2019-09-26 09:31:58,0.3,0.9677,618,0.28,0.9032,19,0.31,1.0,8,0.29,0.9354,8,0
IWM190927P152,2019-09-26,2019-09-26 09:31:59,0.3,0.9677,608,0.28,0.9032,19,0.31,1.0,8,0.29,0.9354,8,0
IWM190927P152,2019-09-26,2019-09-26 09:31:59,0.3,0.9677,618,0.28,0.9032,19,0.31,1.0,8,0.29,0.9354,8,0
IWM190927P152,2019-09-26,2019-09-26 09:32:00,0.3,0.9677,608,0.28,0.9032,19,0.31,1.0,8,0.29,0.9354,8,0
IWM190927P152,2019-09-26,2019-09-26 09:32:00,0.3,0.9677,618,0.28,0.9032,102,0.31,1.0,8,0.29,0.9354,8,0
IWM190927P152,2019-09-26,2019-09-26 09:32:01,0.3,0.9677,618,0.28,0.9032,102,0.31,1.0,8,0.29,0.9354,8,0
IWM190927P152,2019-09-26,2019-09-26 09:32:01,0.3,0.9677,618,0.28,0.9032,110,0.31,1.0,8,0.29,0.9354,8,0
IWM190927P152,2019-09-26,2019-09-26 09:32:02,0.3,0.9677,280,0.28,0.9032,285,0.31,1.0,8,0.29,0.9354,8,0
IWM190927P152,2019-09-26,2019-09-26 09:32:02,0.3,0.9677,370,0.28,0.9032,363,0.31,1.0,8,0.29,0.9354,8,0
IWM190927P152,2019-09-26,2019-09-26 09:32:03,0.3,0.9677,431,0.28,0.9032,131,0.31,1.0,8,0.29,0.9354,8,0
IWM190927P152,2019-09-26,2019-09-26 09:32:03,0.3,0.9677,364,0.28,0.9032,120,0.31,1.0,8,0.29,0.9354,8,0
IWM190927P152,2019-09-26,2019-09-26 09:32:04,0.3,0.9677,431,0.28,0.9032,90,0.31,1.0,8,0.29,0.9354,8,0
IWM190927P152,2019-09-26,2019-09-26 09:32:05,0.3,0.9677,435,0.29,0.9354,12,0.31,1.0,8,0.295,0.9516,8,0
IWM190927P152,2019-09-26,2019-09-26 09:32:05,0.3,0.9677,442,0.29,0.9354,12,0.31,1.0,8,0.295,0.9516,8,0
IWM190927P152,2019-09-26,2019-09-26 09:32:06,0.3,0.9677,419,0.29,0.9354,17,0.31,1.0,8,0.295,0.9516,8,0
IWM190927P152,2019-09-26,2019-09-26 09:32:06,0.3,0.9677,435,0.29,0.9354,17,0.31,1.0,8,0.295,0.9516,8,0
IWM190927P152,2019-09-26,2019-09-26 09:32:07,0.3,0.9677,268,0.29,0.9354,17,0.31,1.0,8,0.295,0.9516,8,0
IWM190927P152,2019-09-26,2019-09-26 09:32:08,0.3,0.9677,385,0.29,0.9354,17,0.31,1.0,8,0.295,0.9516,8,0
IWM190927P152,2019-09-26,2019-09-26 09:32:08,0.3,0.9677,542,0.29,0.9354,17,0.31,1.0,8,0.295,0.9516,8,0
IWM190927P152,2019-09-26,2019-09-26 09:32:09,0.3,0.9677,233,0.29,0.9354,17,0.31,1.0,8,0.295,0.9516,8,0
IWM190927P152,2019-09-26,2019-09-26 09:32:09,0.3,0.9677,288,0.28,0.9032,112,0.31,1.0,8,0.29,0.9354,8,0
IWM190927P152,2019-09-26,2019-09-26 09:32:10,0.3,0.9677,288,0.28,0.9032,255,0.31,1.0,8,0.29,0.9354,8,0
IWM190927P152,2019-09-26,2019-09-26 09:32:10,0.3,0.9677,298,0.28,0.9032,112,0.31,1.0,8,0.29,0.9354,8,0
IWM190927P152,2019-09-26,2019-09-26 09:32:11,0.3,0.9677,572,0.28,0.9032,255,0.31,1.0,8,0.29,0.9354,8,0
IWM190927P152,2019-09-26,2019-09-26 09:32:12,0.3,0.9677,572,0.29,0.9354,16,0.31,1.0,8,0.295,0.9516,8,0
IWM190927P152,2019-09-26,2019-09-26 09:32:13,0.3,0.9677,540,0.29,0.9354,16,0.31,1.0,8,0.295,0.9516,8,0
IWM190927P152,2019-09-26,2019-09-26 09:32:13,0.3,0.9677,540,0.29,0.9354,35,0.31,1.0,8,0.295,0.9516,8,0
IWM190927P152,2019-09-26,2019-09-26 09:32:14,0.31,1.0,572,0.29,0.9354,112,0.31,1.0,8,0.3,0.9677,8,0
IWM190927P152,2019-09-26,2019-09-26 09:32:14,0.31,1.0,628,0.29,0.9354,277,0.31,1.0,8,0.3,0.9677,8,0
IWM190927P152,2019-09-26,2019-09-26 09:32:15,0.31,1.0,628,0.29,0.9354,277,0.31,1.0,8,0.3,0.9677,8,0
IWM190927P152,2019-09-26,2019-09-26 09:32:15,0.3,0.9677,74,0.29,0.9354,122,0.31,1.0,8,0.295,0.9516,8,0
IWM190927P152,2019-09-26,2019-09-26 09:32:16,0.3,0.9677,74,0.29,0.9354,136,0.31,1.0,8,0.295,0.9516,8,0
IWM190927P152,2019-09-26,2019-09-26 09:32:16,0.3,0.9677,74,0.29,0.9354,62,0.31,1.0,8,0.295,0.9516,8,0
IWM190927P152,2019-09-26,2019-09-26 09:32:17,0.3,0.9677,130,0.29,0.9354,19,0.31,1.0,8,0.295,0.9516,8,0
IWM190927P152,2019-09-26,2019-09-26 09:32:17,0.3,0.9677,150,0.29,0.9354,19,0.31,1.0,8,0.295,0.9516,8,0
IWM190927P152,2019-09-26,2019-09-26 09:32:18,0.3,0.9677,98,0.29,0.9354,19,0.31,1.0,8,0.295,0.9516,8,0
IWM190927P152,2019-09-26,2019-09-26 09:32:18,0.3,0.9677,150,0.29,0.9354,19,0.31,1.0,8,0.295,0.9516,8,0
IWM190927P152,2019-09-26,2019-09-26 09:32:19,0.3,0.9677,110,0.29,0.9354,19,0.31,1.0,8,0.295,0.9516,8,0
IWM190927P152,2019-09-26,2019-09-26 09:32:19,0.3,0.9677,97,0.29,0.9354,19,0.31,1.0,8,0.295,0.9516,8,0
IWM190927P152,2019-09-26,2019-09-26 09:32:20,0.3,0.9677,176,0.29,0.9354,19,0.31,1.0,8,0.295,0.9516,8,0
IWM190927P152,2019-09-26,2019-09-26 09:32:20,0.3,0.9677,186,0.29,0.9354,19,0.31,1.0,8,0.295,0.9516,8,0
IWM190927P152,2019-09-26,2019-09-26 09:32:21,0.3,0.9677,190,0.29,0.9354,19,0.31,1.0,8,0.295,0.9516,8,0
IWM190927P152,2019-09-26,2019-09-26 09:32:21,0.3,0.9677,190,0.29,0.9354,35,0.31,1.0,8,0.295,0.9516,8,0
IWM190927P152,2019-09-26,2019-09-26 09:32:22,0.3,0.9677,190,0.29,0.9354,35,0.31,1.0,8,0.295,0.9516,8,0
IWM190927P152,2019-09-26,2019-09-26 09:32:23,0.3,0.9677,20,0.29,0.9354,113,0.31,1.0,8,0.295,0.9516,8,0
IWM190927P152,2019-09-26,2019-09-26 09:32:24,0.31,1.0,552,0.3,0.9677,19,0.31,1.0,8,0.305,0.9838,8,0
IWM190927P152,2019-09-26,2019-09-26 09:32:24,0.3,0.9677,20,0.29,0.9354,126,0.31,1.0,8,0.295,0.9516,8,0
IWM190927P152,2019-09-26,2019-09-26 09:32:25,0.31,1.0,364,0.3,0.9677,19,0.31,1.0,8,0.305,0.9838,8,0
IWM190927P152,2019-09-26,2019-09-26 09:32:25,0.32,1.0322,223,0.3,0.9677,19,0.31,1.0,8,0.31,1.0,8,0
IWM190927P152,2019-09-26,2019-09-26 09:32:26,0.32,1.0322,283,0.3,0.9677,295,0.31,1.0,8,0.31,1.0,8,0
IWM190927P152,2019-09-26,2019-09-26 09:32:26,0.32,1.0322,285,0.3,0.9677,295,0.31,1.0,8,0.31,1.0,8,0
IWM190927P152,2019-09-26,2019-09-26 09:32:27,0.32,1.0322,189,0.3,0.9677,283,0.31,1.0,8,0.31,1.0,8,0
IWM190927P152,2019-09-26,2019-09-26 09:32:27,0.32,1.0322,230,0.3,0.9677,283,0.31,1.0,8,0.31,1.0,8,0
IWM190927P152,2019-09-26,2019-09-26 09:32:28,0.32,1.0322,330,0.3,0.9677,283,0.31,1.0,8,0.31,1.0,8,0
IWM190927P152,2019-09-26,2019-09-26 09:32:29,0.32,1.0322,330,0.3,0.9677,283,0.31,1.0,8,0.31,1.0,8,0
IWM190927P152,2019-09-26,2019-09-26 09:32:29,0.32,1.0322,273,0.3,0.9677,283,0.31,1.0,8,0.31,1.0,8,0
IWM190927P152,2019-09-26,2019-09-26 09:32:30,0.32,1.0322,134,0.3,0.9677,283,0.31,1.0,8,0.31,1.0,8,0
IWM190927P152,2019-09-26,2019-09-26 09:32:30,0.32,1.0322,164,0.3,0.9677,283,0.31,1.0,8,0.31,1.0,8,0
IWM190927P152,2019-09-26,2019-09-26 09:32:31,0.32,1.0322,134,0.31,1.0,31,0.31,1.0,8,0.315,1.0161,8,0
IWM190927P152,2019-09-26,2019-09-26 09:32:31,0.32,1.0322,134,0.3,0.9677,283,0.31,1.0,8,0.31,1.0,8,0
IWM190927P152,2019-09-26,2019-09-26 09:32:32,0.32,1.0322,134,0.31,1.0,31,0.31,1.0,8,0.315,1.0161,8,0
IWM190927P152,2019-09-26,2019-09-26 09:32:33,0.32,1.0322,83,0.3,0.9677,285,0.31,1.0,8,0.31,1.0,8,0
IWM190927P152,2019-09-26,2019-09-26 09:32:33,0.32,1.0322,134,0.31,1.0,12,0.31,1.0,8,0.315,1.0161,8,0
IWM190927P152,2019-09-26,2019-09-26 09:32:34,0.32,1.0322,92,0.3,0.9677,285,0.31,1.0,8,0.31,1.0,8,0
IWM190927P152,2019-09-26,2019-09-26 09:32:34,0.32,1.0322,99,0.3,0.9677,285,0.31,1.0,8,0.31,1.0,8,0
IWM190927P152,2019-09-26,2019-09-26 09:32:35,0.32,1.0322,92,0.3,0.9677,285,0.31,1.0,8,0.31,1.0,8,0
IWM190927P152,2019-09-26,2019-09-26 09:32:36,0.32,1.0322,646,0.3,0.9677,600,0.31,1.0,8,0.31,1.0,8,0
IWM190927P152,2019-09-26,2019-09-26 09:32:37,0.32,1.0322,395,0.3,0.9677,77,0.31,1.0,8,0.31,1.0,8,0
IWM190927P152,2019-09-26,2019-09-26 09:32:37,0.32,1.0322,731,0.3,0.9677,34,0.31,1.0,8,0.31,1.0,8,0
IWM190927P152,2019-09-26,2019-09-26 09:32:38,0.31,1.0,812,0.29,0.9354,216,0.31,1.0,8,0.3,0.9677,8,0
IWM190927P152,2019-09-26,2019-09-26 09:32:38,0.3,0.9677,32,0.29,0.9354,31,0.31,1.0,8,0.295,0.9516,8,0
IWM190927P152,2019-09-26,2019-09-26 09:32:39,0.3,0.9677,34,0.29,0.9354,31,0.31,1.0,8,0.295,0.9516,8,0
IWM190927P152,2019-09-26,2019-09-26 09:32:39,0.3,0.9677,32,0.29,0.9354,31,0.31,1.0,8,0.295,0.9516,8,0
IWM190927P152,2019-09-26,2019-09-26 09:32:40,0.31,1.0,291,0.29,0.9354,138,0.31,1.0,8,0.3,0.9677,8,0
IWM190927P152,2019-09-26,2019-09-26 09:32:40,0.31,1.0,684,0.29,0.9354,108,0.31,1.0,8,0.3,0.9677,8,0
IWM190927P152,2019-09-26,2019-09-26 09:32:41,0.31,1.0,559,0.29,0.9354,371,0.31,1.0,8,0.3,0.9677,8,0
IWM190927P152,2019-09-26,2019-09-26 09:32:41,0.31,1.0,655,0.3,0.9677,4,0.31,1.0,8,0.305,0.9838,8,0
IWM190927P152,2019-09-26,2019-09-26 09:32:42,0.31,1.0,542,0.29,0.9354,288,0.31,1.0,8,0.3,0.9677,8,0
IWM190927P152,2019-09-26,2019-09-26 09:32:42,0.31,1.0,557,0.29,0.9354,261,0.31,1.0,8,0.3,0.9677,8,0
IWM190927P152,2019-09-26,2019-09-26 09:32:43,0.31,1.0,611,0.29,0.9354,34,0.31,1.0,8,0.3,0.9677,8,0
IWM190927P152,2019-09-26,2019-09-26 09:32:43,0.3,0.9677,102,0.28,0.9032,504,0.31,1.0,8,0.29,0.9354,8,0
IWM190927P152,2019-09-26,2019-09-26 09:32:44,0.3,0.9677,555,0.28,0.9032,503,0.31,1.0,8,0.29,0.9354,8,0
IWM190927P152,2019-09-26,2019-09-26 09:32:44,0.3,0.9677,344,0.28,0.9032,503,0.31,1.0,8,0.29,0.9354,8,0
IWM190927P152,2019-09-26,2019-09-26 09:32:45,0.3,0.9677,483,0.28,0.9032,556,0.31,1.0,8,0.29,0.9354,8,0
IWM190927P152,2019-09-26,2019-09-26 09:32:45,0.3,0.9677,555,0.28,0.9032,503,0.31,1.0,8,0.29,0.9354,8,0
IWM190927P152,2019-09-26,2019-09-26 09:32:46,0.3,0.9677,506,0.28,0.9032,371,0.31,1.0,8,0.29,0.9354,8,0
IWM190927P152,2019-09-26,2019-09-26 09:32:46,0.3,0.9677,163,0.29,0.9354,15,0.31,1.0,8,0.295,0.9516,8,0
IWM190927P152,2019-09-26,2019-09-26 09:32:47,0.3,0.9677,163,0.29,0.9354,15,0.31,1.0,8,0.295,0.9516,8,0
IWM190927P152,2019-09-26,2019-09-26 09:32:47,0.3,0.9677,536,0.28,0.9032,490,0.31,1.0,8,0.29,0.9354,8,0
IWM190927P152,2019-09-26,2019-09-26 09:32:48,0.3,0.9677,536,0.28,0.9032,490,0.31,1.0,8,0.29,0.9354,8,0
IWM190927P152,2019-09-26,2019-09-26 09:32:49,0.3,0.9677,443,0.28,0.9032,514,0.31,1.0,8,0.29,0.9354,8,0
IWM190927P152,2019-09-26,2019-09-26 09:32:50,0.3,0.9677,443,0.28,0.9032,514,0.31,1.0,8,0.29,0.9354,8,0
IWM190927P152,2019-09-26,2019-09-26 09:32:51,0.3,0.9677,443,0.28,0.9032,604,0.31,1.0,8,0.29,0.9354,8,0
IWM190927P152,2019-09-26,2019-09-26 09:32:51,0.3,0.9677,443,0.28,0.9032,514,0.31,1.0,8,0.29,0.9354,8,0
IWM190927P152,2019-09-26,2019-09-26 09:32:52,0.3,0.9677,589,0.28,0.9032,514,0.31,1.0,8,0.29,0.9354,8,0
IWM190927P152,2019-09-26,2019-09-26 09:32:52,0.3,0.9677,443,0.28,0.9032,514,0.31,1.0,8,0.29,0.9354,8,0
IWM190927P152,2019-09-26,2019-09-26 09:32:53,0.29,0.9354,55,0.28,0.9032,54,0.31,1.0,8,0.285,0.9193,8,0
IWM190927P152,2019-09-26,2019-09-26 09:32:53,0.29,0.9354,49,0.28,0.9032,91,0.31,1.0,8,0.285,0.9193,8,0
IWM190927P152,2019-09-26,2019-09-26 09:32:54,0.29,0.9354,54,0.28,0.9032,33,0.31,1.0,8,0.285,0.9193,8,0
IWM190927P152,2019-09-26,2019-09-26 09:32:54,0.29,0.9354,31,0.28,0.9032,54,0.31,1.0,8,0.285,0.9193,8,0
IWM190927P152,2019-09-26,2019-09-26 09:32:55,0.29,0.9354,16,0.28,0.9032,23,0.31,1.0,8,0.285,0.9193,8,0
IWM190927P152,2019-09-26,2019-09-26 09:32:55,0.29,0.9354,21,0.28,0.9032,23,0.31,1.0,8,0.285,0.9193,8,0
IWM190927P152,2019-09-26,2019-09-26 09:32:56,0.29,0.9354,16,0.28,0.9032,83,0.31,1.0,8,0.285,0.9193,8,0
IWM190927P152,2019-09-26,2019-09-26 09:32:56,0.29,0.9354,20,0.28,0.9032,83,0.31,1.0,8,0.285,0.9193,8,0
IWM190927P152,2019-09-26,2019-09-26 09:32:57,0.3,0.9677,281,0.28,0.9032,549,0.31,1.0,8,0.29,0.9354,8,0
IWM190927P152,2019-09-26,2019-09-26 09:32:58,0.3,0.9677,569,0.28,0.9032,484,0.31,1.0,8,0.29,0.9354,8,0
IWM190927P152,2019-09-26,2019-09-26 09:32:58,0.3,0.9677,364,0.28,0.9032,574,0.31,1.0,8,0.29,0.9354,8,0
IWM190927P152,2019-09-26,2019-09-26 09:32:59,0.3,0.9677,3,0.28,0.9032,284,0.31,1.0,8,0.29,0.9354,8,0
IWM190927P152,2019-09-26,2019-09-26 09:32:59,0.3,0.9677,177,0.28,0.9032,574,0.31,1.0,8,0.29,0.9354,8,0
IWM190927P152,2019-09-26,2019-09-26 09:33:00,0.3,0.9677,110,0.28,0.9032,336,0.31,1.0,8,0.29,0.9354,8,0
IWM190927P152,2019-09-26,2019-09-26 09:33:00,0.3,0.9677,110,0.29,0.9354,23,0.31,1.0,8,0.295,0.9516,8,0
IWM190927P152,2019-09-26,2019-09-26 09:33:01,0.3,0.9677,392,0.28,0.9032,434,0.31,1.0,8,0.29,0.9354,8,0
IWM190927P152,2019-09-26,2019-09-26 09:33:02,0.3,0.9677,392,0.28,0.9032,356,0.31,1.0,8,0.29,0.9354,8,0
IWM190927P152,2019-09-26,2019-09-26 09:33:02,0.3,0.9677,497,0.28,0.9032,434,0.31,1.0,8,0.29,0.9354,8,0
IWM190927P152,2019-09-26,2019-09-26 09:33:03,0.3,0.9677,392,0.28,0.9032,434,0.31,1.0,8,0.29,0.9354,8,0
IWM190927P152,2019-09-26,2019-09-26 09:33:04,0.3,0.9677,392,0.28,0.9032,434,0.31,1.0,8,0.29,0.9354,8,0
IWM190927P152,2019-09-26,2019-09-26 09:33:05,0.3,0.9677,223,0.28,0.9032,434,0.31,1.0,8,0.29,0.9354,8,0
IWM190927P152,2019-09-26,2019-09-26 09:33:05,0.3,0.9677,207,0.29,0.9354,34,0.31,1.0,8,0.295,0.9516,8,0
IWM190927P152,2019-09-26,2019-09-26 09:33:06,0.3,0.9677,20,0.29,0.9354,34,0.31,1.0,8,0.295,0.9516,8,0
IWM190927P152,2019-09-26,2019-09-26 09:33:06,0.3,0.9677,16,0.29,0.9354,106,0.31,1.0,8,0.295,0.9516,8,0
IWM190927P152,2019-09-26,2019-09-26 09:33:07,0.3,0.9677,16,0.29,0.9354,193,0.31,1.0,8,0.295,0.9516,8,0
IWM190927P152,2019-09-26,2019-09-26 09:33:07,0.3,0.9677,16,0.28,0.9032,364,0.31,1.0,8,0.29,0.9354,8,0
IWM190927P152,2019-09-26,2019-09-26 09:33:08,0.29,0.9354,3,0.28,0.9032,126,0.31,1.0,8,0.285,0.9193,8,0
IWM190927P152,2019-09-26,2019-09-26 09:33:08,0.29,0.9354,22,0.28,0.9032,36,0.28,0.9032,1,0.285,0.9193,9,1
IWM190927P152,2019-09-26,2019-09-26 09:33:09,0.29,0.9354,27,0.28,0.9032,19,0.28,0.9032,1,0.285,0.9193,9,0
IWM190927P152,2019-09-26,2019-09-26 09:33:09,0.29,0.9354,27,0.28,0.9032,15,0.28,0.9032,1,0.285,0.9193,9,0
IWM190927P152,2019-09-26,2019-09-26 09:33:10,0.29,0.9354,280,0.28,0.9032,15,0.28,0.9032,1,0.285,0.9193,9,0
IWM190927P152,2019-09-26,2019-09-26 09:33:10,0.29,0.9354,280,0.28,0.9032,22,0.28,0.9032,1,0.285,0.9193,9,0
IWM190927P152,2019-09-26,2019-09-26 09:33:11,0.29,0.9354,280,0.28,0.9032,15,0.28,0.9032,1,0.285,0.9193,9,0
IWM190927P152,2019-09-26,2019-09-26 09:33:12,0.29,0.9354,280,0.27,0.8709,352,0.28,0.9032,1,0.28,0.9032,9,0
IWM190927P152,2019-09-26,2019-09-26 09:33:13,0.29,0.9354,280,0.27,0.8709,352,0.28,0.9032,1,0.28,0.9032,9,0
IWM190927P152,2019-09-26,2019-09-26 09:33:14,0.29,0.9354,350,0.27,0.8709,607,0.28,0.9032,1,0.28,0.9032,9,0
IWM190927P152,2019-09-26,2019-09-26 09:33:14,0.29,0.9354,62,0.27,0.8709,620,0.28,0.9032,1,0.28,0.9032,9,0
IWM190927P152,2019-09-26,2019-09-26 09:33:15,0.29,0.9354,252,0.27,0.8709,607,0.28,0.9032,1,0.28,0.9032,9,0
IWM190927P152,2019-09-26,2019-09-26 09:33:15,0.29,0.9354,298,0.27,0.8709,457,0.28,0.9032,1,0.28,0.9032,9,0
IWM190927P152,2019-09-26,2019-09-26 09:33:16,0.29,0.9354,335,0.27,0.8709,457,0.28,0.9032,1,0.28,0.9032,9,0
IWM190927P152,2019-09-26,2019-09-26 09:33:16,0.29,0.9354,298,0.27,0.8709,457,0.28,0.9032,1,0.28,0.9032,9,0
IWM190927P152,2019-09-26,2019-09-26 09:33:17,0.29,0.9354,46,0.28,0.9032,143,0.28,0.9032,1,0.285,0.9193,9,0
IWM190927P152,2019-09-26,2019-09-26 09:33:17,0.29,0.9354,526,0.27,0.8709,457,0.28,0.9032,1,0.28,0.9032,9,0
IWM190927P152,2019-09-26,2019-09-26 09:33:18,0.29,0.9354,22,0.28,0.9032,12,0.28,0.9032,1,0.285,0.9193,9,0
IWM190927P152,2019-09-26,2019-09-26 09:33:18,0.29,0.9354,20,0.28,0.9032,31,0.28,0.9032,1,0.285,0.9193,9,0
IWM190927P152,2019-09-26,2019-09-26 09:33:19,0.29,0.9354,20,0.28,0.9032,31,0.28,0.9032,1,0.285,0.9193,9,0
IWM190927P152,2019-09-26,2019-09-26 09:33:19,0.29,0.9354,20,0.28,0.9032,29,0.28,0.9032,1,0.285,0.9193,9,0
IWM190927P152,2019-09-26,2019-09-26 09:33:20,0.29,0.9354,20,0.28,0.9032,236,0.28,0.9032,1,0.285,0.9193,9,0
IWM190927P152,2019-09-26,2019-09-26 09:33:20,0.29,0.9354,20,0.28,0.9032,186,0.28,0.9032,1,0.285,0.9193,9,0
IWM190927P152,2019-09-26,2019-09-26 09:33:21,0.3,0.9677,568,0.29,0.9354,17,0.28,0.9032,1,0.295,0.9516,9,0
IWM190927P152,2019-09-26,2019-09-26 09:33:21,0.3,0.9677,448,0.28,0.9032,274,0.28,0.9032,1,0.29,0.9354,9,0
IWM190927P152,2019-09-26,2019-09-26 09:33:22,0.3,0.9677,558,0.28,0.9032,42,0.28,0.9032,1,0.29,0.9354,9,0
IWM190927P152,2019-09-26,2019-09-26 09:33:23,0.3,0.9677,534,0.28,0.9032,296,0.28,0.9032,1,0.29,0.9354,9,0
IWM190927P152,2019-09-26,2019-09-26 09:33:23,0.3,0.9677,534,0.28,0.9032,308,0.28,0.9032,1,0.29,0.9354,9,0
IWM190927P152,2019-09-26,2019-09-26 09:33:24,0.3,0.9677,534,0.29,0.9354,23,0.28,0.9032,1,0.295,0.9516,9,0
IWM190927P152,2019-09-26,2019-09-26 09:33:24,0.3,0.9677,534,0.29,0.9354,17,0.28,0.9032,1,0.295,0.9516,9,0
IWM190927P152,2019-09-26,2019-09-26 09:33:25,0.3,0.9677,534,0.29,0.9354,34,0.28,0.9032,1,0.295,0.9516,9,0
IWM190927P152,2019-09-26,2019-09-26 09:33:25,0.3,0.9677,140,0.29,0.9354,198,0.28,0.9032,1,0.295,0.9516,9,0
IWM190927P152,2019-09-26,2019-09-26 09:33:26,0.3,0.9677,22,0.29,0.9354,198,0.28,0.9032,1,0.295,0.9516,9,0
IWM190927P152,2019-09-26,2019-09-26 09:33:26,0.3,0.9677,20,0.29,0.9354,41,0.28,0.9032,1,0.295,0.9516,9,0
IWM190927P152,2019-09-26,2019-09-26 09:33:27,0.3,0.9677,32,0.29,0.9354,21,0.28,0.9032,1,0.295,0.9516,9,0
IWM190927P152,2019-09-26,2019-09-26 09:33:27,0.3,0.9677,32,0.29,0.9354,41,0.28,0.9032,1,0.295,0.9516,9,0
IWM190927P152,2019-09-26,2019-09-26 09:33:28,0.3,0.9677,32,0.29,0.9354,21,0.28,0.9032,1,0.295,0.9516,9,0
IWM190927P152,2019-09-26,2019-09-26 09:33:29,0.31,1.0,789,0.29,0.9354,34,0.28,0.9032,1,0.3,0.9677,9,0
IWM190927P152,2019-09-26,2019-09-26 09:33:29,0.31,1.0,608,0.29,0.9354,140,0.28,0.9032,1,0.3,0.9677,9,0
IWM190927P152,2019-09-26,2019-09-26 09:33:30,0.31,1.0,608,0.29,0.9354,254,0.28,0.9032,1,0.3,0.9677,9,0
IWM190927P152,2019-09-26,2019-09-26 09:33:30,0.31,1.0,658,0.29,0.9354,254,0.28,0.9032,1,0.3,0.9677,9,0
IWM190927P152,2019-09-26,2019-09-26 09:33:31,0.31,1.0,673,0.29,0.9354,206,0.28,0.9032,1,0.3,0.9677,9,0
IWM190927P152,2019-09-26,2019-09-26 09:33:31,0.31,1.0,608,0.29,0.9354,206,0.28,0.9032,1,0.3,0.9677,9,0
IWM190927P152,2019-09-26,2019-09-26 09:33:32,0.31,1.0,608,0.29,0.9354,206,0.28,0.9032,1,0.3,0.9677,9,0
IWM190927P152,2019-09-26,2019-09-26 09:33:33,0.31,1.0,458,0.29,0.9354,47,0.28,0.9032,1,0.3,0.9677,9,0
IWM190927P152,2019-09-26,2019-09-26 09:33:33,0.31,1.0,458,0.3,0.9677,20,0.28,0.9032,1,0.305,0.9838,9,0
IWM190927P152,2019-09-26,2019-09-26 09:33:34,0.31,1.0,458,0.29,0.9354,211,0.28,0.9032,1,0.3,0.9677,9,0
IWM190927P152,2019-09-26,2019-09-26 09:33:34,0.31,1.0,608,0.29,0.9354,211,0.28,0.9032,1,0.3,0.9677,9,0
IWM190927P152,2019-09-26,2019-09-26 09:33:35,0.31,1.0,458,0.29,0.9354,211,0.28,0.9032,1,0.3,0.9677,9,0
IWM190927P152,2019-09-26,2019-09-26 09:33:36,0.31,1.0,458,0.3,0.9677,20,0.28,0.9032,1,0.305,0.9838,9,0
IWM190927P152,2019-09-26,2019-09-26 09:33:36,0.31,1.0,458,0.29,0.9354,211,0.28,0.9032,1,0.3,0.9677,9,0
IWM190927P152,2019-09-26,2019-09-26 09:33:37,0.31,1.0,458,0.3,0.9677,213,0.28,0.9032,1,0.305,0.9838,9,0
IWM190927P152,2019-09-26,2019-09-26 09:33:38,0.31,1.0,38,0.3,0.9677,243,0.28,0.9032,1,0.305,0.9838,9,0
IWM190927P152,2019-09-26,2019-09-26 09:33:38,0.31,1.0,20,0.3,0.9677,243,0.28,0.9032,1,0.305,0.9838,9,0
IWM190927P152,2019-09-26,2019-09-26 09:33:39,0.31,1.0,10,0.3,0.9677,243,0.28,0.9032,1,0.305,0.9838,9,0
IWM190927P152,2019-09-26,2019-09-26 09:33:39,0.31,1.0,20,0.3,0.9677,243,0.28,0.9032,1,0.305,0.9838,9,0
IWM190927P152,2019-09-26,2019-09-26 09:33:40,0.31,1.0,10,0.3,0.9677,243,0.28,0.9032,1,0.305,0.9838,9,0
IWM190927P152,2019-09-26,2019-09-26 09:33:40,0.32,1.0322,318,0.3,0.9677,243,0.28,0.9032,1,0.31,1.0,9,0
IWM190927P152,2019-09-26,2019-09-26 09:33:41,0.32,1.0322,611,0.3,0.9677,243,0.28,0.9032,1,0.31,1.0,9,0
IWM190927P152,2019-09-26,2019-09-26 09:33:41,0.32,1.0322,737,0.3,0.9677,243,0.28,0.9032,1,0.31,1.0,9,0
IWM190927P152,2019-09-26,2019-09-26 09:33:42,0.32,1.0322,611,0.3,0.9677,243,0.28,0.9032,1,0.31,1.0,9,0
IWM190927P152,2019-09-26,2019-09-26 09:33:43,0.32,1.0322,611,0.3,0.9677,243,0.28,0.9032,1,0.31,1.0,9,0
IWM190927P152,2019-09-26,2019-09-26 09:33:43,0.32,1.0322,613,0.3,0.9677,243,0.28,0.9032,1,0.31,1.0,9,0
IWM190927P152,2019-09-26,2019-09-26 09:33:44,0.32,1.0322,761,0.3,0.9677,243,0.28,0.9032,1,0.31,1.0,9,0
IWM190927P152,2019-09-26,2019-09-26 09:33:45,0.32,1.0322,318,0.3,0.9677,120,0.28,0.9032,1,0.31,1.0,9,0
IWM190927P152,2019-09-26,2019-09-26 09:33:45,0.32,1.0322,613,0.3,0.9677,65,0.28,0.9032,1,0.31,1.0,9,0
IWM190927P152,2019-09-26,2019-09-26 09:33:46,0.32,1.0322,650,0.31,1.0,4,0.28,0.9032,1,0.315,1.0161,9,0
IWM190927P152,2019-09-26,2019-09-26 09:33:46,0.32,1.0322,468,0.3,0.9677,57,0.28,0.9032,1,0.31,1.0,9,0
IWM190927P152,2019-09-26,2019-09-26 09:33:47,0.32,1.0322,468,0.3,0.9677,72,0.28,0.9032,1,0.31,1.0,9,0
IWM190927P152,2019-09-26,2019-09-26 09:33:47,0.32,1.0322,468,0.3,0.9677,57,0.28,0.9032,1,0.31,1.0,9,0
IWM190927P152,2019-09-26,2019-09-26 09:33:48,0.32,1.0322,468,0.3,0.9677,237,0.28,0.9032,1,0.31,1.0,9,0
IWM190927P152,2019-09-26,2019-09-26 09:33:48,0.32,1.0322,486,0.3,0.9677,225,0.28,0.9032,1,0.31,1.0,9,0
IWM190927P152,2019-09-26,2019-09-26 09:33:49,0.32,1.0322,468,0.3,0.9677,281,0.28,0.9032,1,0.31,1.0,9,0
IWM190927P152,2019-09-26,2019-09-26 09:33:49,0.32,1.0322,486,0.3,0.9677,281,0.28,0.9032,1,0.31,1.0,9,0
IWM190927P152,2019-09-26,2019-09-26 09:33:50,0.32,1.0322,414,0.31,1.0,8,0.28,0.9032,1,0.315,1.0161,9,0
IWM190927P152,2019-09-26,2019-09-26 09:33:51,0.32,1.0322,219,0.31,1.0,8,0.28,0.9032,1,0.315,1.0161,9,0
IWM190927P152,2019-09-26,2019-09-26 09:33:51,0.32,1.0322,299,0.3,0.9677,131,0.28,0.9032,1,0.31,1.0,9,0
IWM190927P152,2019-09-26,2019-09-26 09:33:52,0.32,1.0322,20,0.31,1.0,244,0.28,0.9032,1,0.315,1.0161,9,0
IWM190927P152,2019-09-26,2019-09-26 09:33:52,0.32,1.0322,20,0.31,1.0,136,0.28,0.9032,1,0.315,1.0161,9,0
IWM190927P152,2019-09-26,2019-09-26 09:33:53,0.32,1.0322,20,0.31,1.0,163,0.28,0.9032,1,0.315,1.0161,9,0
IWM190927P152,2019-09-26,2019-09-26 09:33:53,0.32,1.0322,20,0.31,1.0,244,0.28,0.9032,1,0.315,1.0161,9,0
IWM190927P152,2019-09-26,2019-09-26 09:33:54,0.32,1.0322,96,0.31,1.0,20,0.28,0.9032,1,0.315,1.0161,9,0
IWM190927P152,2019-09-26,2019-09-26 09:33:54,0.32,1.0322,121,0.31,1.0,20,0.28,0.9032,1,0.315,1.0161,9,0
IWM190927P152,2019-09-26,2019-09-26 09:33:55,0.32,1.0322,70,0.31,1.0,23,0.28,0.9032,1,0.315,1.0161,9,0
IWM190927P152,2019-09-26,2019-09-26 09:33:56,0.32,1.0322,70,0.31,1.0,23,0.28,0.9032,1,0.315,1.0161,9,0
IWM190927P152,2019-09-26,2019-09-26 09:33:57,0.32,1.0322,33,0.31,1.0,23,0.28,0.9032,1,0.315,1.0161,9,0
IWM190927P152,2019-09-26,2019-09-26 09:33:57,0.32,1.0322,33,0.31,1.0,165,0.28,0.9032,1,0.315,1.0161,9,0
IWM190927P152,2019-09-26,2019-09-26 09:33:58,0.32,1.0322,33,0.31,1.0,235,0.28,0.9032,1,0.315,1.0161,9,0
IWM190927P152,2019-09-26,2019-09-26 09:33:58,0.33,1.0645,317,0.31,1.0,235,0.28,0.9032,1,0.32,1.0322,9,0
IWM190927P152,2019-09-26,2019-09-26 09:33:59,0.33,1.0645,802,0.31,1.0,249,0.28,0.9032,1,0.32,1.0322,9,0
IWM190927P152,2019-09-26,2019-09-26 09:34:00,0.33,1.0645,802,0.31,1.0,271,0.28,0.9032,1,0.32,1.0322,9,0
IWM190927P152,2019-09-26,2019-09-26 09:34:00,0.32,1.0322,769,0.3,0.9677,306,0.28,0.9032,1,0.31,1.0,9,0
IWM190927P152,2019-09-26,2019-09-26 09:34:01,0.32,1.0322,644,0.3,0.9677,326,0.28,0.9032,1,0.31,1.0,9,0
IWM190927P152,2019-09-26,2019-09-26 09:34:01,0.32,1.0322,877,0.3,0.9677,345,0.28,0.9032,1,0.31,1.0,9,0
IWM190927P152,2019-09-26,2019-09-26 09:34:02,0.32,1.0322,855,0.3,0.9677,103,0.28,0.9032,1,0.31,1.0,9,0
IWM190927P152,2019-09-26,2019-09-26 09:34:02,0.32,1.0322,951,0.3,0.9677,345,0.28,0.9032,1,0.31,1.0,9,0
IWM190927P152,2019-09-26,2019-09-26 09:34:03,0.32,1.0322,855,0.3,0.9677,115,0.28,0.9032,1,0.31,1.0,9,0
IWM190927P152,2019-09-26,2019-09-26 09:34:04,0.33,1.0645,641,0.31,1.0,48,0.28,0.9032,1,0.32,1.0322,9,0
IWM190927P152,2019-09-26,2019-09-26 09:34:04,0.33,1.0645,567,0.32,1.0322,4,0.28,0.9032,1,0.325,1.0483,9,0
IWM190927P152,2019-09-26,2019-09-26 09:34:05,0.33,1.0645,391,0.32,1.0322,12,0.28,0.9032,1,0.325,1.0483,9,0
IWM190927P152,2019-09-26,2019-09-26 09:34:06,0.33,1.0645,569,0.32,1.0322,22,0.28,0.9032,1,0.325,1.0483,9,0
IWM190927P152,2019-09-26,2019-09-26 09:34:06,0.33,1.0645,610,0.32,1.0322,22,0.28,0.9032,1,0.325,1.0483,9,0
IWM190927P152,2019-09-26,2019-09-26 09:34:07,0.33,1.0645,610,0.32,1.0322,171,0.28,0.9032,1,0.325,1.0483,9,0
IWM190927P152,2019-09-26,2019-09-26 09:34:07,0.33,1.0645,57,0.32,1.0322,279,0.28,0.9032,1,0.325,1.0483,9,0
IWM190927P152,2019-09-26,2019-09-26 09:34:08,0.33,1.0645,74,0.32,1.0322,147,0.28,0.9032,1,0.325,1.0483,9,0
IWM190927P152,2019-09-26,2019-09-26 09:34:08,0.33,1.0645,375,0.31,1.0,231,0.28,0.9032,1,0.32,1.0322,9,0
IWM190927P152,2019-09-26,2019-09-26 09:34:09,0.33,1.0645,771,0.31,1.0,317,0.28,0.9032,1,0.32,1.0322,9,0
IWM190927P152,2019-09-26,2019-09-26 09:34:09,0.33,1.0645,375,0.31,1.0,156,0.28,0.9032,1,0.32,1.0322,9,0
IWM190927P152,2019-09-26,2019-09-26 09:34:10,0.33,1.0645,764,0.31,1.0,243,0.28,0.9032,1,0.32,1.0322,9,0
IWM190927P152,2019-09-26,2019-09-26 09:34:11,0.33,1.0645,763,0.31,1.0,243,0.28,0.9032,1,0.32,1.0322,9,0
IWM190927P152,2019-09-26,2019-09-26 09:34:11,0.33,1.0645,794,0.31,1.0,243,0.28,0.9032,1,0.32,1.0322,9,0
IWM190927P152,2019-09-26,2019-09-26 09:34:12,0.32,1.0322,81,0.31,1.0,243,0.28,0.9032,1,0.315,1.0161,9,0
IWM190927P152,2019-09-26,2019-09-26 09:34:12,0.32,1.0322,237,0.3,0.9677,366,0.28,0.9032,1,0.31,1.0,9,0
IWM190927P152,2019-09-26,2019-09-26 09:34:13,0.32,1.0322,479,0.3,0.9677,366,0.28,0.9032,1,0.31,1.0,9,0
IWM190927P152,2019-09-26,2019-09-26 09:34:13,0.32,1.0322,449,0.3,0.9677,80,0.28,0.9032,1,0.31,1.0,9,0
IWM190927P152,2019-09-26,2019-09-26 09:34:14,0.32,1.0322,790,0.3,0.9677,230,0.28,0.9032,1,0.31,1.0,9,0
IWM190927P152,2019-09-26,2019-09-26 09:34:14,0.32,1.0322,790,0.3,0.9677,125,0.28,0.9032,1,0.31,1.0,9,0
IWM190927P152,2019-09-26,2019-09-26 09:34:15,0.32,1.0322,240,0.3,0.9677,230,0.28,0.9032,1,0.31,1.0,9,0
IWM190927P152,2019-09-26,2019-09-26 09:34:15,0.32,1.0322,790,0.3,0.9677,230,0.28,0.9032,1,0.31,1.0,9,0
IWM190927P152,2019-09-26,2019-09-26 09:34:16,0.32,1.0322,167,0.3,0.9677,160,0.28,0.9032,1,0.31,1.0,9,0
IWM190927P152,2019-09-26,2019-09-26 09:34:16,0.32,1.0322,728,0.3,0.9677,36,0.28,0.9032,1,0.31,1.0,9,0
IWM190927P152,2019-09-26,2019-09-26 09:34:17,0.31,1.0,28,0.3,0.9677,20,0.28,0.9032,1,0.305,0.9838,9,0
IWM190927P152,2019-09-26,2019-09-26 09:34:17,0.32,1.0322,534,0.3,0.9677,191,0.28,0.9032,1,0.31,1.0,9,0
IWM190927P152,2019-09-26,2019-09-26 09:34:18,0.31,1.0,44,0.29,0.9354,381,0.28,0.9032,1,0.3,0.9677,9,0
IWM190927P152,2019-09-26,2019-09-26 09:34:18,0.31,1.0,20,0.3,0.9677,15,0.28,0.9032,1,0.305,0.9838,9,0
IWM190927P152,2019-09-26,2019-09-26 09:34:19,0.31,1.0,100,0.29,0.9354,703,0.28,0.9032,1,0.3,0.9677,9,0
IWM190927P152,2019-09-26,2019-09-26 09:34:19,0.31,1.0,100,0.29,0.9354,612,0.28,0.9032,1,0.3,0.9677,9,0
IWM190927P152,2019-09-26,2019-09-26 09:34:20,0.31,1.0,77,0.29,0.9354,703,0.28,0.9032,1,0.3,0.9677,9,0
IWM190927P152,2019-09-26,2019-09-26 09:34:20,0.31,1.0,100,0.29,0.9354,703,0.28,0.9032,1,0.3,0.9677,9,0
IWM190927P152,2019-09-26,2019-09-26 09:34:21,0.31,1.0,120,0.29,0.9354,357,0.28,0.9032,1,0.3,0.9677,9,0
IWM190927P152,2019-09-26,2019-09-26 09:34:21,0.31,1.0,77,0.29,0.9354,703,0.28,0.9032,1,0.3,0.9677,9,0
IWM190927P152,2019-09-26,2019-09-26 09:34:22,0.31,1.0,64,0.29,0.9354,640,0.28,0.9032,1,0.3,0.9677,9,0
IWM190927P152,2019-09-26,2019-09-26 09:34:22,0.31,1.0,181,0.29,0.9354,595,0.28,0.9032,1,0.3,0.9677,9,0
IWM190927P152,2019-09-26,2019-09-26 09:34:23,0.31,1.0,64,0.29,0.9354,500,0.28,0.9032,1,0.3,0.9677,9,0
IWM190927P152,2019-09-26,2019-09-26 09:34:24,0.31,1.0,64,0.29,0.9354,500,0.28,0.9032,1,0.3,0.9677,9,0
IWM190927P152,2019-09-26,2019-09-26 09:34:24,0.31,1.0,670,0.29,0.9354,190,0.28,0.9032,1,0.3,0.9677,9,0
IWM190927P152,2019-09-26,2019-09-26 09:34:25,0.31,1.0,670,0.29,0.9354,124,0.28,0.9032,1,0.3,0.9677,9,0
IWM190927P152,2019-09-26,2019-09-26 09:34:25,0.3,0.9677,24,0.29,0.9354,18,0.28,0.9032,1,0.295,0.9516,9,0
IWM190927P152,2019-09-26,2019-09-26 09:34:26,0.31,1.0,66,0.29,0.9354,77,0.28,0.9032,1,0.3,0.9677,9,0
IWM190927P152,2019-09-26,2019-09-26 09:34:26,0.31,1.0,633,0.29,0.9354,77,0.28,0.9032,1,0.3,0.9677,9,0
IWM190927P152,2019-09-26,2019-09-26 09:34:27,0.31,1.0,32,0.29,0.9354,242,0.28,0.9032,1,0.3,0.9677,9,0
IWM190927P152,2019-09-26,2019-09-26 09:34:28,0.31,1.0,25,0.29,0.9354,242,0.28,0.9032,1,0.3,0.9677,9,0
IWM190927P152,2019-09-26,2019-09-26 09:34:28,0.31,1.0,32,0.29,0.9354,242,0.28,0.9032,1,0.3,0.9677,9,0
IWM190927P152,2019-09-26,2019-09-26 09:34:29,0.31,1.0,25,0.29,0.9354,242,0.28,0.9032,1,0.3,0.9677,9,0
IWM190927P152,2019-09-26,2019-09-26 09:34:30,0.31,1.0,19,0.29,0.9354,122,0.28,0.9032,1,0.3,0.9677,9,0
IWM190927P152,2019-09-26,2019-09-26 09:34:30,0.32,1.0322,324,0.29,0.9354,253,0.28,0.9032,1,0.305,0.9838,9,0
IWM190927P152,2019-09-26,2019-09-26 09:34:31,0.32,1.0322,296,0.3,0.9677,34,0.28,0.9032,1,0.31,1.0,9,0
IWM190927P152,2019-09-26,2019-09-26 09:34:31,0.32,1.0322,646,0.29,0.9354,483,0.28,0.9032,1,0.305,0.9838,9,0
IWM190927P152,2019-09-26,2019-09-26 09:34:32,0.32,1.0322,169,0.31,1.0,15,0.28,0.9032,1,0.315,1.0161,9,0
IWM190927P152,2019-09-26,2019-09-26 09:34:33,0.32,1.0322,112,0.31,1.0,15,0.28,0.9032,1,0.315,1.0161,9,0
IWM190927P152,2019-09-26,2019-09-26 09:34:34,0.32,1.0322,112,0.31,1.0,15,0.28,0.9032,1,0.315,1.0161,9,0
IWM190927P152,2019-09-26,2019-09-26 09:34:34,0.33,1.0645,683,0.31,1.0,15,0.28,0.9032,1,0.32,1.0322,9,0
IWM190927P152,2019-09-26,2019-09-26 09:34:35,0.32,1.0322,20,0.31,1.0,23,0.28,0.9032,1,0.315,1.0161,9,0
IWM190927P152,2019-09-26,2019-09-26 09:34:35,0.33,1.0645,803,0.31,1.0,23,0.28,0.9032,1,0.32,1.0322,9,0
IWM190927P152,2019-09-26,2019-09-26 09:34:36,0.33,1.0645,539,0.31,1.0,187,0.28,0.9032,1,0.32,1.0322,9,0
IWM190927P152,2019-09-26,2019-09-26 09:34:37,0.33,1.0645,338,0.31,1.0,187,0.28,0.9032,1,0.32,1.0322,9,0
IWM190927P152,2019-09-26,2019-09-26 09:34:37,0.33,1.0645,185,0.31,1.0,187,0.28,0.9032,1,0.32,1.0322,9,0
IWM190927P152,2019-09-26,2019-09-26 09:34:38,0.33,1.0645,414,0.31,1.0,29,0.28,0.9032,1,0.32,1.0322,9,0
IWM190927P152,2019-09-26,2019-09-26 09:34:38,0.33,1.0645,338,0.31,1.0,187,0.28,0.9032,1,0.32,1.0322,9,0
IWM190927P152,2019-09-26,2019-09-26 09:34:39,0.33,1.0645,414,0.31,1.0,29,0.28,0.9032,1,0.32,1.0322,9,0
IWM190927P152,2019-09-26,2019-09-26 09:34:39,0.33,1.0645,572,0.31,1.0,29,0.28,0.9032,1,0.32,1.0322,9,0
IWM190927P152,2019-09-26,2019-09-26 09:34:40,0.33,1.0645,692,0.31,1.0,29,0.28,0.9032,1,0.32,1.0322,9,0
IWM190927P152,2019-09-26,2019-09-26 09:34:40,0.33,1.0645,692,0.31,1.0,23,0.28,0.9032,1,0.32,1.0322,9,0
IWM190927P152,2019-09-26,2019-09-26 09:34:41,0.32,1.0322,83,0.31,1.0,15,0.28,0.9032,1,0.315,1.0161,9,0
IWM190927P152,2019-09-26,2019-09-26 09:34:41,0.32,1.0322,160,0.31,1.0,15,0.28,0.9032,1,0.315,1.0161,9,0
IWM190927P152,2019-09-26,2019-09-26 09:34:42,0.33,1.0645,182,0.31,1.0,214,0.28,0.9032,1,0.32,1.0322,9,0
IWM190927P152,2019-09-26,2019-09-26 09:34:42,0.33,1.0645,25,0.31,1.0,145,0.28,0.9032,1,0.32,1.0322,9,0
IWM190927P152,2019-09-26,2019-09-26 09:34:43,0.33,1.0645,182,0.31,1.0,214,0.28,0.9032,1,0.32,1.0322,9,0
IWM190927P152,2019-09-26,2019-09-26 09:34:44,0.33,1.0645,212,0.31,1.0,214,0.28,0.9032,1,0.32,1.0322,9,0
IWM190927P152,2019-09-26,2019-09-26 09:34:44,0.33,1.0645,182,0.31,1.0,214,0.28,0.9032,1,0.32,1.0322,9,0
IWM190927P152,2019-09-26,2019-09-26 09:34:45,0.33,1.0645,182,0.31,1.0,267,0.28,0.9032,1,0.32,1.0322,9,0
IWM190927P152,2019-09-26,2019-09-26 09:34:46,0.33,1.0645,182,0.31,1.0,267,0.28,0.9032,1,0.32,1.0322,9,0
IWM190927P152,2019-09-26,2019-09-26 09:34:47,0.33,1.0645,269,0.31,1.0,267,0.28,0.9032,1,0.32,1.0322,9,0
IWM190927P152,2019-09-26,2019-09-26 09:34:47,0.33,1.0645,961,0.31,1.0,267,0.28,0.9032,1,0.32,1.0322,9,0
IWM190927P152,2019-09-26,2019-09-26 09:34:48,0.32,1.0322,150,0.3,0.9677,196,0.28,0.9032,1,0.31,1.0,9,0
IWM190927P152,2019-09-26,2019-09-26 09:34:49,0.32,1.0322,160,0.3,0.9677,311,0.28,0.9032,1,0.31,1.0,9,0
IWM190927P152,2019-09-26,2019-09-26 09:34:50,0.32,1.0322,78,0.31,1.0,184,0.28,0.9032,1,0.315,1.0161,9,0
IWM190927P152,2019-09-26,2019-09-26 09:34:50,0.32,1.0322,78,0.3,0.9677,261,0.28,0.9032,1,0.31,1.0,9,0
IWM190927P152,2019-09-26,2019-09-26 09:34:51,0.33,1.0645,912,0.31,1.0,203,0.28,0.9032,1,0.32,1.0322,9,0
IWM190927P152,2019-09-26,2019-09-26 09:34:51,0.33,1.0645,840,0.31,1.0,203,0.28,0.9032,1,0.32,1.0322,9,0
IWM190927P152,2019-09-26,2019-09-26 09:34:52,0.33,1.0645,332,0.31,1.0,210,0.28,0.9032,1,0.32,1.0322,9,0
IWM190927P152,2019-09-26,2019-09-26 09:34:52,0.33,1.0645,510,0.31,1.0,144,0.28,0.9032,1,0.32,1.0322,9,0
IWM190927P152,2019-09-26,2019-09-26 09:34:53,0.33,1.0645,572,0.31,1.0,210,0.28,0.9032,1,0.32,1.0322,9,0
IWM190927P152,2019-09-26,2019-09-26 09:34:53,0.33,1.0645,422,0.31,1.0,210,0.28,0.9032,1,0.32,1.0322,9,0
IWM190927P152,2019-09-26,2019-09-26 09:34:54,0.33,1.0645,562,0.31,1.0,210,0.28,0.9032,1,0.32,1.0322,9,0
IWM190927P152,2019-09-26,2019-09-26 09:34:55,0.33,1.0645,127,0.31,1.0,234,0.28,0.9032,1,0.32,1.0322,9,0
IWM190927P152,2019-09-26,2019-09-26 09:34:55,0.33,1.0645,489,0.31,1.0,367,0.28,0.9032,1,0.32,1.0322,9,0
IWM190927P152,2019-09-26,2019-09-26 09:34:56,0.33,1.0645,127,0.31,1.0,427,0.28,0.9032,1,0.32,1.0322,9,0
IWM190927P152,2019-09-26,2019-09-26 09:34:57,0.33,1.0645,182,0.31,1.0,427,0.28,0.9032,1,0.32,1.0322,9,0
IWM190927P152,2019-09-26,2019-09-26 09:34:58,0.33,1.0645,120,0.31,1.0,427,0.28,0.9032,1,0.32,1.0322,9,0
IWM190927P152,2019-09-26,2019-09-26 09:34:59,0.33,1.0645,99,0.31,1.0,477,0.28,0.9032,1,0.32,1.0322,9,0
IWM190927P152,2019-09-26,2019-09-26 09:34:59,0.33,1.0645,110,0.31,1.0,477,0.28,0.9032,1,0.32,1.0322,9,0
IWM190927P152,2019-09-26,2019-09-26 09:35:00,0.33,1.0645,57,0.32,1.0322,235,0.28,0.9032,1,0.325,1.0483,9,0
IWM190927P152,2019-09-26,2019-09-26 09:35:00,0.34,1.0967,287,0.32,1.0322,153,0.28,0.9032,1,0.33,1.0645,9,0
IWM190927P152,2019-09-26,2019-09-26 09:35:01,0.33,1.0645,270,0.31,1.0,401,0.28,0.9032,1,0.32,1.0322,9,0
IWM190927P152,2019-09-26,2019-09-26 09:35:01,0.33,1.0645,94,0.31,1.0,376,0.28,0.9032,1,0.32,1.0322,9,0
IWM190927P152,2019-09-26,2019-09-26 09:35:02,0.33,1.0645,515,0.31,1.0,254,0.28,0.9032,1,0.32,1.0322,9,0
IWM190927P152,2019-09-26,2019-09-26 09:35:02,0.33,1.0645,780,0.31,1.0,231,0.28,0.9032,1,0.32,1.0322,9,0
IWM190927P152,2019-09-26,2019-09-26 09:35:03,0.32,1.0322,20,0.31,1.0,20,0.28,0.9032,1,0.315,1.0161,9,0
IWM190927P152,2019-09-26,2019-09-26 09:35:03,0.32,1.0322,105,0.3,0.9677,498,0.28,0.9032,1,0.31,1.0,9,0
IWM190927P152,2019-09-26,2019-09-26 09:35:04,0.32,1.0322,164,0.3,0.9677,492,0.28,0.9032,1,0.31,1.0,9,0
IWM190927P152,2019-09-26,2019-09-26 09:35:04,0.32,1.0322,140,0.3,0.9677,192,0.28,0.9032,1,0.31,1.0,9,0
IWM190927P152,2019-09-26,2019-09-26 09:35:05,0.32,1.0322,164,0.3,0.9677,492,0.28,0.9032,1,0.31,1.0,9,0
IWM190927P152,2019-09-26,2019-09-26 09:35:05,0.32,1.0322,164,0.3,0.9677,192,0.28,0.9032,1,0.31,1.0,9,0
IWM190927P152,2019-09-26,2019-09-26 09:35:06,0.32,1.0322,164,0.3,0.9677,192,0.28,0.9032,1,0.31,1.0,9,0
IWM190927P152,2019-09-26,2019-09-26 09:35:06,0.31,1.0,61,0.3,0.9677,7,0.28,0.9032,1,0.305,0.9838,9,0
IWM190927P152,2019-09-26,2019-09-26 09:35:07,0.31,1.0,19,0.3,0.9677,7,0.28,0.9032,1,0.305,0.9838,9,0
IWM190927P152,2019-09-26,2019-09-26 09:35:07,0.32,1.0322,144,0.3,0.9677,137,0.28,0.9032,1,0.31,1.0,9,0
IWM190927P152,2019-09-26,2019-09-26 09:35:08,0.31,1.0,19,0.3,0.9677,41,0.28,0.9032,1,0.305,0.9838,9,0
IWM190927P152,2019-09-26,2019-09-26 09:35:08,0.32,1.0322,400,0.3,0.9677,362,0.28,0.9032,1,0.31,1.0,9,0
IWM190927P152,2019-09-26,2019-09-26 09:35:09,0.32,1.0322,303,0.3,0.9677,405,0.28,0.9032,1,0.31,1.0,9,0
IWM190927P152,2019-09-26,2019-09-26 09:35:10,0.32,1.0322,80,0.3,0.9677,378,0.28,0.9032,1,0.31,1.0,9,0
IWM190927P152,2019-09-26,2019-09-26 09:35:10,0.32,1.0322,90,0.3,0.9677,378,0.28,0.9032,1,0.31,1.0,9,0
IWM190927P152,2019-09-26,2019-09-26 09:35:11,0.32,1.0322,44,0.3,0.9677,378,0.28,0.9032,1,0.31,1.0,9,0
IWM190927P152,2019-09-26,2019-09-26 09:35:11,0.32,1.0322,73,0.3,0.9677,423,0.28,0.9032,1,0.31,1.0,9,0
IWM190927P152,2019-09-26,2019-09-26 09:35:12,0.32,1.0322,162,0.3,0.9677,423,0.28,0.9032,1,0.31,1.0,9,0
IWM190927P152,2019-09-26,2019-09-26 09:35:12,0.32,1.0322,73,0.3,0.9677,423,0.28,0.9032,1,0.31,1.0,9,0
IWM190927P152,2019-09-26,2019-09-26 09:35:13,0.32,1.0322,150,0.3,0.9677,373,0.28,0.9032,1,0.31,1.0,9,0
IWM190927P152,2019-09-26,2019-09-26 09:35:14,0.32,1.0322,120,0.3,0.9677,423,0.28,0.9032,1,0.31,1.0,9,0
IWM190927P152,2019-09-26,2019-09-26 09:35:14,0.32,1.0322,193,0.3,0.9677,423,0.28,0.9032,1,0.31,1.0,9,0
IWM190927P152,2019-09-26,2019-09-26 09:35:15,0.32,1.0322,193,0.3,0.9677,423,0.28,0.9032,1,0.31,1.0,9,0
IWM190927P152,2019-09-26,2019-09-26 09:35:15,0.32,1.0322,472,0.3,0.9677,110,0.28,0.9032,1,0.31,1.0,9,0
IWM190927P152,2019-09-26,2019-09-26 09:35:16,0.32,1.0322,561,0.3,0.9677,110,0.28,0.9032,1,0.31,1.0,9,0
IWM190927P152,2019-09-26,2019-09-26 09:35:16,0.32,1.0322,725,0.3,0.9677,96,0.28,0.9032,1,0.31,1.0,9,0
IWM190927P152,2019-09-26,2019-09-26 09:35:17,0.32,1.0322,225,0.3,0.9677,323,0.28,0.9032,1,0.31,1.0,9,0
IWM190927P152,2019-09-26,2019-09-26 09:35:17,0.32,1.0322,192,0.3,0.9677,323,0.28,0.9032,1,0.31,1.0,9,0
IWM190927P152,2019-09-26,2019-09-26 09:35:18,0.32,1.0322,319,0.3,0.9677,397,0.28,0.9032,1,0.31,1.0,9,0
IWM190927P152,2019-09-26,2019-09-26 09:35:18,0.32,1.0322,319,0.3,0.9677,215,0.28,0.9032,1,0.31,1.0,9,0
IWM190927P152,2019-09-26,2019-09-26 09:35:19,0.31,1.0,36,0.3,0.9677,295,0.28,0.9032,1,0.305,0.9838,9,0
IWM190927P152,2019-09-26,2019-09-26 09:35:19,0.31,1.0,47,0.3,0.9677,28,0.28,0.9032,1,0.305,0.9838,9,0
IWM190927P152,2019-09-26,2019-09-26 09:35:20,0.31,1.0,56,0.3,0.9677,28,0.28,0.9032,1,0.305,0.9838,9,0
IWM190927P152,2019-09-26,2019-09-26 09:35:20,0.31,1.0,19,0.3,0.9677,28,0.28,0.9032,1,0.305,0.9838,9,0
IWM190927P152,2019-09-26,2019-09-26 09:35:21,0.31,1.0,4,0.3,0.9677,22,0.28,0.9032,1,0.305,0.9838,9,0
IWM190927P152,2019-09-26,2019-09-26 09:35:21,0.32,1.0322,642,0.3,0.9677,22,0.28,0.9032,1,0.31,1.0,9,0
IWM190927P152,2019-09-26,2019-09-26 09:35:22,0.31,1.0,48,0.3,0.9677,22,0.28,0.9032,1,0.305,0.9838,9,0
IWM190927P152,2019-09-26,2019-09-26 09:35:22,0.31,1.0,216,0.3,0.9677,14,0.28,0.9032,1,0.305,0.9838,9,0
IWM190927P152,2019-09-26,2019-09-26 09:35:23,0.31,1.0,216,0.3,0.9677,14,0.28,0.9032,1,0.305,0.9838,9,0
IWM190927P152,2019-09-26,2019-09-26 09:35:23,0.31,1.0,173,0.3,0.9677,14,0.28,0.9032,1,0.305,0.9838,9,0
IWM190927P152,2019-09-26,2019-09-26 09:35:24,0.31,1.0,173,0.3,0.9677,14,0.28,0.9032,1,0.305,0.9838,9,0
IWM190927P152,2019-09-26,2019-09-26 09:35:24,0.31,1.0,173,0.29,0.9354,77,0.28,0.9032,1,0.3,0.9677,9,0
IWM190927P152,2019-09-26,2019-09-26 09:35:25,0.32,1.0322,352,0.3,0.9677,38,0.28,0.9032,1,0.31,1.0,9,0
IWM190927P152,2019-09-26,2019-09-26 09:35:25,0.32,1.0322,222,0.3,0.9677,38,0.28,0.9032,1,0.31,1.0,9,0
IWM190927P152,2019-09-26,2019-09-26 09:35:26,0.31,1.0,23,0.3,0.9677,113,0.28,0.9032,1,0.305,0.9838,9,0
IWM190927P152,2019-09-26,2019-09-26 09:35:26,0.31,1.0,23,0.3,0.9677,116,0.28,0.9032,1,0.305,0.9838,9,0
IWM190927P152,2019-09-26,2019-09-26 09:35:27,0.32,1.0322,236,0.3,0.9677,322,0.28,0.9032,1,0.31,1.0,9,0
IWM190927P152,2019-09-26,2019-09-26 09:35:27,0.31,1.0,23,0.3,0.9677,273,0.28,0.9032,1,0.305,0.9838,9,0
IWM190927P152,2019-09-26,2019-09-26 09:35:28,0.32,1.0322,249,0.3,0.9677,322,0.28,0.9032,1,0.31,1.0,9,0
IWM190927P152,2019-09-26,2019-09-26 09:35:29,0.32,1.0322,131,0.3,0.9677,574,0.28,0.9032,1,0.31,1.0,9,0
IWM190927P152,2019-09-26,2019-09-26 09:35:29,0.32,1.0322,114,0.3,0.9677,322,0.28,0.9032,1,0.31,1.0,9,0
IWM190927P152,2019-09-26,2019-09-26 09:35:30,0.32,1.0322,49,0.3,0.9677,641,0.28,0.9032,1,0.31,1.0,9,0
IWM190927P152,2019-09-26,2019-09-26 09:35:30,0.32,1.0322,57,0.3,0.9677,471,0.28,0.9032,1,0.31,1.0,9,0
IWM190927P152,2019-09-26,2019-09-26 09:35:31,0.32,1.0322,57,0.3,0.9677,324,0.28,0.9032,1,0.31,1.0,9,0
IWM190927P152,2019-09-26,2019-09-26 09:35:32,0.32,1.0322,73,0.3,0.9677,567,0.28,0.9032,1,0.31,1.0,9,0
IWM190927P152,2019-09-26,2019-09-26 09:35:32,0.31,1.0,23,0.3,0.9677,274,0.28,0.9032,1,0.305,0.9838,9,0
IWM190927P152,2019-09-26,2019-09-26 09:35:33,0.32,1.0322,31,0.31,1.0,30,0.28,0.9032,1,0.315,1.0161,9,0
IWM190927P152,2019-09-26,2019-09-26 09:35:33,0.32,1.0322,120,0.31,1.0,30,0.28,0.9032,1,0.315,1.0161,9,0
IWM190927P152,2019-09-26,2019-09-26 09:35:34,0.32,1.0322,31,0.31,1.0,254,0.28,0.9032,1,0.315,1.0161,9,0
IWM190927P152,2019-09-26,2019-09-26 09:35:35,0.32,1.0322,31,0.31,1.0,254,0.28,0.9032,1,0.315,1.0161,9,0
IWM190927P152,2019-09-26,2019-09-26 09:35:36,0.32,1.0322,31,0.31,1.0,254,0.28,0.9032,1,0.315,1.0161,9,0
IWM190927P152,2019-09-26,2019-09-26 09:35:37,0.32,1.0322,53,0.3,0.9677,963,0.28,0.9032,1,0.31,1.0,9,0
IWM190927P152,2019-09-26,2019-09-26 09:35:37,0.32,1.0322,31,0.31,1.0,254,0.28,0.9032,1,0.315,1.0161,9,0
IWM190927P152,2019-09-26,2019-09-26 09:35:38,0.32,1.0322,42,0.3,0.9677,737,0.28,0.9032,1,0.31,1.0,9,0
IWM190927P152,2019-09-26,2019-09-26 09:35:38,0.32,1.0322,31,0.3,0.9677,737,0.28,0.9032,1,0.31,1.0,9,0
IWM190927P152,2019-09-26,2019-09-26 09:35:39,0.32,1.0322,31,0.3,0.9677,1050,0.28,0.9032,1,0.31,1.0,9,0
IWM190927P152,2019-09-26,2019-09-26 09:35:39,0.32,1.0322,31,0.3,0.9677,617,0.28,0.9032,1,0.31,1.0,9,0
IWM190927P152,2019-09-26,2019-09-26 09:35:40,0.32,1.0322,31,0.3,0.9677,1050,0.28,0.9032,1,0.31,1.0,9,0
IWM190927P152,2019-09-26,2019-09-26 09:35:41,0.32,1.0322,31,0.31,1.0,41,0.28,0.9032,1,0.315,1.0161,9,0
IWM190927P152,2019-09-26,2019-09-26 09:35:41,0.32,1.0322,79,0.31,1.0,63,0.28,0.9032,1,0.315,1.0161,9,0
IWM190927P152,2019-09-26,2019-09-26 09:35:42,0.32,1.0322,42,0.31,1.0,265,0.28,0.9032,1,0.315,1.0161,9,0
IWM190927P152,2019-09-26,2019-09-26 09:35:42,0.32,1.0322,99,0.31,1.0,63,0.28,0.9032,1,0.315,1.0161,9,0
IWM190927P152,2019-09-26,2019-09-26 09:35:43,0.32,1.0322,19,0.31,1.0,63,0.28,0.9032,1,0.315,1.0161,9,0
IWM190927P152,2019-09-26,2019-09-26 09:35:43,0.32,1.0322,26,0.31,1.0,63,0.28,0.9032,1,0.315,1.0161,9,0
IWM190927P152,2019-09-26,2019-09-26 09:35:44,0.32,1.0322,26,0.31,1.0,225,0.28,0.9032,1,0.315,1.0161,9,0
IWM190927P152,2019-09-26,2019-09-26 09:35:45,0.32,1.0322,26,0.31,1.0,249,0.28,0.9032,1,0.315,1.0161,9,0
IWM190927P152,2019-09-26,2019-09-26 09:35:45,0.32,1.0322,23,0.31,1.0,249,0.28,0.9032,1,0.315,1.0161,9,0
IWM190927P152,2019-09-26,2019-09-26 09:35:46,0.32,1.0322,23,0.31,1.0,291,0.28,0.9032,1,0.315,1.0161,9,0
IWM190927P152,2019-09-26,2019-09-26 09:35:47,0.32,1.0322,23,0.31,1.0,378,0.28,0.9032,1,0.315,1.0161,9,0
IWM190927P152,2019-09-26,2019-09-26 09:35:47,0.33,1.0645,162,0.31,1.0,752,0.28,0.9032,1,0.32,1.0322,9,0
IWM190927P152,2019-09-26,2019-09-26 09:35:48,0.33,1.0645,162,0.31,1.0,392,0.28,0.9032,1,0.32,1.0322,9,0
IWM190927P152,2019-09-26,2019-09-26 09:35:49,0.33,1.0645,162,0.31,1.0,90,0.28,0.9032,1,0.32,1.0322,9,0
IWM190927P152,2019-09-26,2019-09-26 09:35:49,0.33,1.0645,162,0.31,1.0,345,0.28,0.9032,1,0.32,1.0322,9,0
IWM190927P152,2019-09-26,2019-09-26 09:35:50,0.33,1.0645,162,0.31,1.0,90,0.28,0.9032,1,0.32,1.0322,9,0
IWM190927P152,2019-09-26,2019-09-26 09:35:50,0.33,1.0645,162,0.31,1.0,63,0.28,0.9032,1,0.32,1.0322,9,0
IWM190927P152,2019-09-26,2019-09-26 09:35:51,0.32,1.0322,53,0.31,1.0,54,0.28,0.9032,1,0.315,1.0161,9,0
IWM190927P152,2019-09-26,2019-09-26 09:35:51,0.32,1.0322,43,0.31,1.0,54,0.28,0.9032,1,0.315,1.0161,9,0
IWM190927P152,2019-09-26,2019-09-26 09:35:52,0.31,1.0,19,0.3,0.9677,473,0.28,0.9032,1,0.305,0.9838,9,0
IWM190927P152,2019-09-26,2019-09-26 09:35:52,0.31,1.0,19,0.3,0.9677,565,0.28,0.9032,1,0.305,0.9838,9,0
IWM190927P152,2019-09-26,2019-09-26 09:35:53,0.32,1.0322,35,0.3,0.9677,861,0.28,0.9032,1,0.31,1.0,9,0
IWM190927P152,2019-09-26,2019-09-26 09:35:53,0.32,1.0322,54,0.3,0.9677,565,0.28,0.9032,1,0.31,1.0,9,0
IWM190927P152,2019-09-26,2019-09-26 09:35:54,0.32,1.0322,22,0.3,0.9677,1070,0.28,0.9032,1,0.31,1.0,9,0
IWM190927P152,2019-09-26,2019-09-26 09:35:54,0.32,1.0322,22,0.31,1.0,275,0.28,0.9032,1,0.315,1.0161,9,0
IWM190927P152,2019-09-26,2019-09-26 09:35:55,0.32,1.0322,22,0.31,1.0,301,0.28,0.9032,1,0.315,1.0161,9,0
IWM190927P152,2019-09-26,2019-09-26 09:35:55,0.32,1.0322,22,0.31,1.0,275,0.28,0.9032,1,0.315,1.0161,9,0
IWM190927P152,2019-09-26,2019-09-26 09:35:56,0.32,1.0322,22,0.31,1.0,383,0.28,0.9032,1,0.315,1.0161,9,0
IWM190927P152,2019-09-26,2019-09-26 09:35:56,0.32,1.0322,22,0.31,1.0,359,0.28,0.9032,1,0.315,1.0161,9,0
IWM190927P152,2019-09-26,2019-09-26 09:35:57,0.32,1.0322,174,0.31,1.0,54,0.28,0.9032,1,0.315,1.0161,9,0
IWM190927P152,2019-09-26,2019-09-26 09:35:57,0.32,1.0322,82,0.31,1.0,74,0.28,0.9032,1,0.315,1.0161,9,0
IWM190927P152,2019-09-26,2019-09-26 09:35:58,0.32,1.0322,137,0.31,1.0,54,0.28,0.9032,1,0.315,1.0161,9,0
IWM190927P152,2019-09-26,2019-09-26 09:35:58,0.32,1.0322,23,0.31,1.0,103,0.28,0.9032,1,0.315,1.0161,9,0
IWM190927P152,2019-09-26,2019-09-26 09:35:59,0.33,1.0645,97,0.31,1.0,327,0.28,0.9032,1,0.32,1.0322,9,0
IWM190927P152,2019-09-26,2019-09-26 09:35:59,0.32,1.0322,23,0.31,1.0,213,0.28,0.9032,1,0.315,1.0161,9,0
IWM190927P152,2019-09-26,2019-09-26 09:36:00,0.33,1.0645,119,0.32,1.0322,63,0.28,0.9032,1,0.325,1.0483,9,0
IWM190927P152,2019-09-26,2019-09-26 09:36:00,0.33,1.0645,125,0.32,1.0322,63,0.28,0.9032,1,0.325,1.0483,9,0
IWM190927P152,2019-09-26,2019-09-26 09:36:01,0.33,1.0645,95,0.32,1.0322,47,0.28,0.9032,1,0.325,1.0483,9,0
IWM190927P152,2019-09-26,2019-09-26 09:36:01,0.33,1.0645,95,0.32,1.0322,63,0.28,0.9032,1,0.325,1.0483,9,0
IWM190927P152,2019-09-26,2019-09-26 09:36:02,0.33,1.0645,95,0.32,1.0322,47,0.28,0.9032,1,0.325,1.0483,9,0
IWM190927P152,2019-09-26,2019-09-26 09:36:02,0.33,1.0645,103,0.32,1.0322,45,0.28,0.9032,1,0.325,1.0483,9,0
IWM190927P152,2019-09-26,2019-09-26 09:36:03,0.33,1.0645,94,0.32,1.0322,47,0.28,0.9032,1,0.325,1.0483,9,0
IWM190927P152,2019-09-26,2019-09-26 09:36:03,0.33,1.0645,120,0.32,1.0322,47,0.28,0.9032,1,0.325,1.0483,9,0
IWM190927P152,2019-09-26,2019-09-26 09:36:04,0.32,1.0322,19,0.31,1.0,78,0.28,0.9032,1,0.315,1.0161,9,0
IWM190927P152,2019-09-26,2019-09-26 09:36:04,0.32,1.0322,42,0.31,1.0,20,0.28,0.9032,1,0.315,1.0161,9,0
IWM190927P152,2019-09-26,2019-09-26 09:36:05,0.32,1.0322,35,0.3,0.9677,967,0.28,0.9032,1,0.31,1.0,9,0
IWM190927P152,2019-09-26,2019-09-26 09:36:06,0.32,1.0322,35,0.3,0.9677,972,0.28,0.9032,1,0.31,1.0,9,0
IWM190927P152,2019-09-26,2019-09-26 09:36:07,0.32,1.0322,22,0.3,0.9677,1156,0.28,0.9032,1,0.31,1.0,9,0
IWM190927P152,2019-09-26,2019-09-26 09:36:07,0.32,1.0322,39,0.3,0.9677,674,0.28,0.9032,1,0.31,1.0,9,0
IWM190927P152,2019-09-26,2019-09-26 09:36:08,0.32,1.0322,36,0.31,1.0,58,0.28,0.9032,1,0.315,1.0161,9,0
IWM190927P152,2019-09-26,2019-09-26 09:36:08,0.32,1.0322,22,0.3,0.9677,1156,0.28,0.9032,1,0.31,1.0,9,0
IWM190927P152,2019-09-26,2019-09-26 09:36:09,0.32,1.0322,22,0.31,1.0,148,0.28,0.9032,1,0.315,1.0161,9,0
IWM190927P152,2019-09-26,2019-09-26 09:36:10,0.32,1.0322,39,0.31,1.0,35,0.28,0.9032,1,0.315,1.0161,9,0
IWM190927P152,2019-09-26,2019-09-26 09:36:10,0.32,1.0322,39,0.31,1.0,148,0.28,0.9032,1,0.315,1.0161,9,0
IWM190927P152,2019-09-26,2019-09-26 09:36:11,0.33,1.0645,56,0.31,1.0,890,0.28,0.9032,1,0.32,1.0322,9,0
IWM190927P152,2019-09-26,2019-09-26 09:36:11,0.33,1.0645,34,0.31,1.0,633,0.28,0.9032,1,0.32,1.0322,9,0
IWM190927P152,2019-09-26,2019-09-26 09:36:12,0.33,1.0645,56,0.32,1.0322,149,0.28,0.9032,1,0.325,1.0483,9,0
IWM190927P152,2019-09-26,2019-09-26 09:36:12,0.33,1.0645,56,0.31,1.0,890,0.28,0.9032,1,0.32,1.0322,9,0
IWM190927P152,2019-09-26,2019-09-26 09:36:13,0.33,1.0645,56,0.32,1.0322,143,0.28,0.9032,1,0.325,1.0483,9,0
IWM190927P152,2019-09-26,2019-09-26 09:36:13,0.33,1.0645,39,0.32,1.0322,143,0.28,0.9032,1,0.325,1.0483,9,0
IWM190927P152,2019-09-26,2019-09-26 09:36:14,0.33,1.0645,39,0.32,1.0322,248,0.28,0.9032,1,0.325,1.0483,9,0
IWM190927P152,2019-09-26,2019-09-26 09:36:14,0.34,1.0967,32,0.32,1.0322,889,0.28,0.9032,1,0.33,1.0645,9,0
IWM190927P152,2019-09-26,2019-09-26 09:36:15,0.34,1.0967,58,0.33,1.0645,82,0.28,0.9032,1,0.335,1.0806,9,0
IWM190927P152,2019-09-26,2019-09-26 09:36:16,0.34,1.0967,58,0.33,1.0645,45,0.28,0.9032,1,0.335,1.0806,9,0
IWM190927P152,2019-09-26,2019-09-26 09:36:16,0.34,1.0967,151,0.32,1.0322,168,0.28,0.9032,1,0.33,1.0645,9,0
IWM190927P152,2019-09-26,2019-09-26 09:36:17,0.34,1.0967,183,0.32,1.0322,168,0.28,0.9032,1,0.33,1.0645,9,0
IWM190927P152,2019-09-26,2019-09-26 09:36:17,0.34,1.0967,141,0.32,1.0322,379,0.28,0.9032,1,0.33,1.0645,9,0
IWM190927P152,2019-09-26,2019-09-26 09:36:18,0.34,1.0967,61,0.33,1.0645,65,0.28,0.9032,1,0.335,1.0806,9,0
IWM190927P152,2019-09-26,2019-09-26 09:36:19,0.34,1.0967,58,0.33,1.0645,45,0.28,0.9032,1,0.335,1.0806,9,0
IWM190927P152,2019-09-26,2019-09-26 09:36:20,0.34,1.0967,63,0.32,1.0322,573,0.28,0.9032,1,0.33,1.0645,9,0
IWM190927P152,2019-09-26,2019-09-26 09:36:20,0.34,1.0967,63,0.33,1.0645,10,0.28,0.9032,1,0.335,1.0806,9,0
IWM190927P152,2019-09-26,2019-09-26 09:36:21,0.34,1.0967,63,0.32,1.0322,573,0.28,0.9032,1,0.33,1.0645,9,0
IWM190927P152,2019-09-26,2019-09-26 09:36:21,0.34,1.0967,63,0.32,1.0322,429,0.28,0.9032,1,0.33,1.0645,9,0
IWM190927P152,2019-09-26,2019-09-26 09:36:22,0.34,1.0967,23,0.33,1.0645,55,0.28,0.9032,1,0.335,1.0806,9,0
IWM190927P152,2019-09-26,2019-09-26 09:36:22,0.34,1.0967,58,0.32,1.0322,429,0.28,0.9032,1,0.33,1.0645,9,0
IWM190927P152,2019-09-26,2019-09-26 09:36:23,0.35,1.129,144,0.33,1.0645,132,0.28,0.9032,1,0.34,1.0967,9,0
IWM190927P152,2019-09-26,2019-09-26 09:36:23,0.35,1.129,183,0.33,1.0645,243,0.28,0.9032,1,0.34,1.0967,9,0
IWM190927P152,2019-09-26,2019-09-26 09:36:24,0.35,1.129,203,0.33,1.0645,419,0.28,0.9032,1,0.34,1.0967,9,0
IWM190927P152,2019-09-26,2019-09-26 09:36:25,0.35,1.129,127,0.33,1.0645,333,0.28,0.9032,1,0.34,1.0967,9,0
IWM190927P152,2019-09-26,2019-09-26 09:36:25,0.35,1.129,203,0.33,1.0645,419,0.28,0.9032,1,0.34,1.0967,9,0
IWM190927P152,2019-09-26,2019-09-26 09:36:26,0.35,1.129,127,0.33,1.0645,333,0.28,0.9032,1,0.34,1.0967,9,0
IWM190927P152,2019-09-26,2019-09-26 09:36:27,0.35,1.129,110,0.33,1.0645,425,0.28,0.9032,1,0.34,1.0967,9,0
IWM190927P152,2019-09-26,2019-09-26 09:36:27,0.35,1.129,127,0.33,1.0645,425,0.28,0.9032,1,0.34,1.0967,9,0
IWM190927P152,2019-09-26,2019-09-26 09:36:28,0.35,1.129,110,0.33,1.0645,425,0.28,0.9032,1,0.34,1.0967,9,0
IWM190927P152,2019-09-26,2019-09-26 09:36:29,0.35,1.129,47,0.34,1.0967,78,0.28,0.9032,1,0.345,1.1129,9,0
IWM190927P152,2019-09-26,2019-09-26 09:36:29,0.36,1.1612,24,0.34,1.0967,184,0.28,0.9032,1,0.35,1.129,9,0
IWM190927P152,2019-09-26,2019-09-26 09:36:30,0.36,1.1612,142,0.34,1.0967,388,0.28,0.9032,1,0.35,1.129,9,0
IWM190927P152,2019-09-26,2019-09-26 09:36:30,0.36,1.1612,34,0.34,1.0967,140,0.28,0.9032,1,0.35,1.129,9,0
IWM190927P152,2019-09-26,2019-09-26 09:36:31,0.36,1.1612,123,0.34,1.0967,388,0.28,0.9032,1,0.35,1.129,9,0
IWM190927P152,2019-09-26,2019-09-26 09:36:31,0.36,1.1612,183,0.34,1.0967,132,0.28,0.9032,1,0.35,1.129,9,0
IWM190927P152,2019-09-26,2019-09-26 09:36:32,0.36,1.1612,26,0.34,1.0967,558,0.28,0.9032,1,0.35,1.129,9,0
IWM190927P152,2019-09-26,2019-09-26 09:36:32,0.36,1.1612,97,0.34,1.0967,389,0.28,0.9032,1,0.35,1.129,9,0
IWM190927P152,2019-09-26,2019-09-26 09:36:33,0.37,1.1935,121,0.35,1.129,152,0.28,0.9032,1,0.36,1.1612,9,0
IWM190927P152,2019-09-26,2019-09-26 09:36:33,0.37,1.1935,57,0.35,1.129,419,0.28,0.9032,1,0.36,1.1612,9,0
IWM190927P152,2019-09-26,2019-09-26 09:36:34,0.37,1.1935,111,0.35,1.129,531,0.28,0.9032,1,0.36,1.1612,9,0
IWM190927P152,2019-09-26,2019-09-26 09:36:34,0.37,1.1935,111,0.35,1.129,375,0.28,0.9032,1,0.36,1.1612,9,0
IWM190927P152,2019-09-26,2019-09-26 09:36:35,0.37,1.1935,24,0.35,1.129,379,0.28,0.9032,1,0.36,1.1612,9,0
IWM190927P152,2019-09-26,2019-09-26 09:36:35,0.37,1.1935,73,0.35,1.129,817,0.28,0.9032,1,0.36,1.1612,9,0
IWM190927P152,2019-09-26,2019-09-26 09:36:36,0.36,1.1612,21,0.35,1.129,152,0.28,0.9032,1,0.355,1.1451,9,0
IWM190927P152,2019-09-26,2019-09-26 09:36:36,0.37,1.1935,155,0.35,1.129,199,0.28,0.9032,1,0.36,1.1612,9,0
IWM190927P152,2019-09-26,2019-09-26 09:36:37,0.36,1.1612,42,0.35,1.129,73,0.28,0.9032,1,0.355,1.1451,9,0
IWM190927P152,2019-09-26,2019-09-26 09:36:37,0.36,1.1612,56,0.34,1.0967,172,0.28,0.9032,1,0.35,1.129,9,0
IWM190927P152,2019-09-26,2019-09-26 09:36:38,0.36,1.1612,365,0.34,1.0967,142,0.28,0.9032,1,0.35,1.129,9,0
IWM190927P152,2019-09-26,2019-09-26 09:36:38,0.36,1.1612,104,0.34,1.0967,82,0.28,0.9032,1,0.35,1.129,9,0
IWM190927P152,2019-09-26,2019-09-26 09:36:39,0.36,1.1612,242,0.34,1.0967,130,0.28,0.9032,1,0.35,1.129,9,0
IWM190927P152,2019-09-26,2019-09-26 09:36:39,0.35,1.129,19,0.34,1.0967,82,0.28,0.9032,1,0.345,1.1129,9,0
IWM190927P152,2019-09-26,2019-09-26 09:36:40,0.36,1.1612,401,0.34,1.0967,169,0.28,0.9032,1,0.35,1.129,9,0
IWM190927P152,2019-09-26,2019-09-26 09:36:41,0.36,1.1612,312,0.34,1.0967,23,0.28,0.9032,1,0.35,1.129,9,0
IWM190927P152,2019-09-26,2019-09-26 09:36:41,0.35,1.129,140,0.34,1.0967,18,0.28,0.9032,1,0.345,1.1129,9,0
IWM190927P152,2019-09-26,2019-09-26 09:36:42,0.35,1.129,88,0.33,1.0645,107,0.28,0.9032,1,0.34,1.0967,9,0
IWM190927P152,2019-09-26,2019-09-26 09:36:43,0.34,1.0967,19,0.33,1.0645,238,0.28,0.9032,1,0.335,1.0806,9,0
IWM190927P152,2019-09-26,2019-09-26 09:36:44,0.34,1.0967,19,0.33,1.0645,82,0.28,0.9032,1,0.335,1.0806,9,0
IWM190927P152,2019-09-26,2019-09-26 09:36:45,0.34,1.0967,20,0.33,1.0645,55,0.28,0.9032,1,0.335,1.0806,9,0
IWM190927P152,2019-09-26,2019-09-26 09:36:45,0.34,1.0967,10,0.33,1.0645,55,0.28,0.9032,1,0.335,1.0806,9,0
IWM190927P152,2019-09-26,2019-09-26 09:36:46,0.34,1.0967,163,0.32,1.0322,79,0.28,0.9032,1,0.33,1.0645,9,0
IWM190927P152,2019-09-26,2019-09-26 09:36:46,0.34,1.0967,344,0.32,1.0322,79,0.28,0.9032,1,0.33,1.0645,9,0
IWM190927P152,2019-09-26,2019-09-26 09:36:47,0.34,1.0967,344,0.32,1.0322,48,0.28,0.9032,1,0.33,1.0645,9,0
IWM190927P152,2019-09-26,2019-09-26 09:36:47,0.34,1.0967,97,0.32,1.0322,183,0.28,0.9032,1,0.33,1.0645,9,0
IWM190927P152,2019-09-26,2019-09-26 09:36:48,0.34,1.0967,78,0.32,1.0322,193,0.28,0.9032,1,0.33,1.0645,9,0
IWM190927P152,2019-09-26,2019-09-26 09:36:48,0.34,1.0967,64,0.32,1.0322,183,0.28,0.9032,1,0.33,1.0645,9,0
IWM190927P152,2019-09-26,2019-09-26 09:36:49,0.34,1.0967,38,0.33,1.0645,18,0.28,0.9032,1,0.335,1.0806,9,0
IWM190927P152,2019-09-26,2019-09-26 09:36:49,0.34,1.0967,78,0.33,1.0645,33,0.28,0.9032,1,0.335,1.0806,9,0
IWM190927P152,2019-09-26,2019-09-26 09:36:50,0.34,1.0967,19,0.33,1.0645,18,0.28,0.9032,1,0.335,1.0806,9,0
IWM190927P152,2019-09-26,2019-09-26 09:36:50,0.34,1.0967,38,0.33,1.0645,33,0.28,0.9032,1,0.335,1.0806,9,0
IWM190927P152,2019-09-26,2019-09-26 09:36:51,0.34,1.0967,34,0.33,1.0645,59,0.28,0.9032,1,0.335,1.0806,9,0
IWM190927P152,2019-09-26,2019-09-26 09:36:51,0.34,1.0967,34,0.33,1.0645,84,0.28,0.9032,1,0.335,1.0806,9,0
IWM190927P152,2019-09-26,2019-09-26 09:36:52,0.35,1.129,360,0.33,1.0645,145,0.28,0.9032,1,0.34,1.0967,9,0
IWM190927P152,2019-09-26,2019-09-26 09:36:52,0.35,1.129,299,0.33,1.0645,196,0.28,0.9032,1,0.34,1.0967,9,0
IWM190927P152,2019-09-26,2019-09-26 09:36:53,0.35,1.129,299,0.33,1.0645,145,0.28,0.9032,1,0.34,1.0967,9,0
IWM190927P152,2019-09-26,2019-09-26 09:36:53,0.34,1.0967,1,0.33,1.0645,125,0.28,0.9032,1,0.335,1.0806,9,0
IWM190927P152,2019-09-26,2019-09-26 09:36:54,0.34,1.0967,38,0.33,1.0645,23,0.28,0.9032,1,0.335,1.0806,9,0
IWM190927P152,2019-09-26,2019-09-26 09:36:54,0.34,1.0967,38,0.33,1.0645,54,0.28,0.9032,1,0.335,1.0806,9,0
IWM190927P152,2019-09-26,2019-09-26 09:36:55,0.34,1.0967,38,0.33,1.0645,23,0.28,0.9032,1,0.335,1.0806,9,0
IWM190927P152,2019-09-26,2019-09-26 09:36:56,0.34,1.0967,38,0.33,1.0645,23,0.28,0.9032,1,0.335,1.0806,9,0
IWM190927P152,2019-09-26,2019-09-26 09:36:56,0.34,1.0967,38,0.33,1.0645,39,0.28,0.9032,1,0.335,1.0806,9,0
IWM190927P152,2019-09-26,2019-09-26 09:36:57,0.35,1.129,32,0.33,1.0645,99,0.28,0.9032,1,0.34,1.0967,9,0
IWM190927P152,2019-09-26,2019-09-26 09:36:57,0.34,1.0967,38,0.33,1.0645,99,0.28,0.9032,1,0.335,1.0806,9,0
IWM190927P152,2019-09-26,2019-09-26 09:36:58,0.35,1.129,26,0.33,1.0645,257,0.28,0.9032,1,0.34,1.0967,9,0
IWM190927P152,2019-09-26,2019-09-26 09:36:59,0.35,1.129,73,0.33,1.0645,595,0.28,0.9032,1,0.34,1.0967,9,0
IWM190927P152,2019-09-26,2019-09-26 09:36:59,0.35,1.129,26,0.33,1.0645,257,0.28,0.9032,1,0.34,1.0967,9,0
IWM190927P152,2019-09-26,2019-09-26 09:37:00,0.35,1.129,73,0.34,1.0967,54,0.28,0.9032,1,0.345,1.1129,9,0
IWM190927P152,2019-09-26,2019-09-26 09:37:01,0.36,1.1612,426,0.34,1.0967,174,0.28,0.9032,1,0.35,1.129,9,0
IWM190927P152,2019-09-26,2019-09-26 09:37:01,0.35,1.129,12,0.34,1.0967,174,0.28,0.9032,1,0.345,1.1129,9,0
IWM190927P152,2019-09-26,2019-09-26 09:37:02,0.35,1.129,53,0.34,1.0967,54,0.28,0.9032,1,0.345,1.1129,9,0
IWM190927P152,2019-09-26,2019-09-26 09:37:02,0.35,1.129,11,0.34,1.0967,54,0.28,0.9032,1,0.345,1.1129,9,0
IWM190927P152,2019-09-26,2019-09-26 09:37:03,0.35,1.129,63,0.33,1.0645,211,0.28,0.9032,1,0.34,1.0967,9,0
IWM190927P152,2019-09-26,2019-09-26 09:37:03,0.35,1.129,102,0.33,1.0645,211,0.28,0.9032,1,0.34,1.0967,9,0
IWM190927P152,2019-09-26,2019-09-26 09:37:04,0.35,1.129,64,0.33,1.0645,368,0.28,0.9032,1,0.34,1.0967,9,0
IWM190927P152,2019-09-26,2019-09-26 09:37:04,0.35,1.129,31,0.33,1.0645,211,0.28,0.9032,1,0.34,1.0967,9,0
IWM190927P152,2019-09-26,2019-09-26 09:37:05,0.35,1.129,64,0.33,1.0645,508,0.28,0.9032,1,0.34,1.0967,9,0
IWM190927P152,2019-09-26,2019-09-26 09:37:05,0.35,1.129,64,0.33,1.0645,368,0.28,0.9032,1,0.34,1.0967,9,0
IWM190927P152,2019-09-26,2019-09-26 09:37:06,0.35,1.129,214,0.33,1.0645,368,0.28,0.9032,1,0.34,1.0967,9,0
IWM190927P152,2019-09-26,2019-09-26 09:37:06,0.35,1.129,333,0.33,1.0645,368,0.28,0.9032,1,0.34,1.0967,9,0
IWM190927P152,2019-09-26,2019-09-26 09:37:07,0.35,1.129,353,0.33,1.0645,123,0.28,0.9032,1,0.34,1.0967,9,0
IWM190927P152,2019-09-26,2019-09-26 09:37:07,0.35,1.129,363,0.33,1.0645,123,0.28,0.9032,1,0.34,1.0967,9,0
IWM190927P152,2019-09-26,2019-09-26 09:37:08,0.35,1.129,363,0.32,1.0322,115,0.28,0.9032,1,0.335,1.0806,9,0
IWM190927P152,2019-09-26,2019-09-26 09:37:08,0.34,1.0967,122,0.32,1.0322,115,0.28,0.9032,1,0.33,1.0645,9,0
IWM190927P152,2019-09-26,2019-09-26 09:37:09,0.34,1.0967,122,0.32,1.0322,115,0.28,0.9032,1,0.33,1.0645,9,0
IWM190927P152,2019-09-26,2019-09-26 09:37:09,0.34,1.0967,248,0.33,1.0645,5,0.28,0.9032,1,0.335,1.0806,9,0
IWM190927P152,2019-09-26,2019-09-26 09:37:10,0.34,1.0967,294,0.32,1.0322,106,0.28,0.9032,1,0.33,1.0645,9,0
IWM190927P152,2019-09-26,2019-09-26 09:37:10,0.34,1.0967,218,0.32,1.0322,106,0.28,0.9032,1,0.33,1.0645,9,0
IWM190927P152,2019-09-26,2019-09-26 09:37:11,0.34,1.0967,330,0.32,1.0322,186,0.28,0.9032,1,0.33,1.0645,9,0
IWM190927P152,2019-09-26,2019-09-26 09:37:11,0.34,1.0967,241,0.32,1.0322,106,0.28,0.9032,1,0.33,1.0645,9,0
IWM190927P152,2019-09-26,2019-09-26 09:37:12,0.34,1.0967,330,0.32,1.0322,233,0.28,0.9032,1,0.33,1.0645,9,0
IWM190927P152,2019-09-26,2019-09-26 09:37:13,0.34,1.0967,330,0.32,1.0322,106,0.28,0.9032,1,0.33,1.0645,9,0
IWM190927P152,2019-09-26,2019-09-26 09:37:14,0.33,1.0645,19,0.32,1.0322,106,0.28,0.9032,1,0.325,1.0483,9,0
IWM190927P152,2019-09-26,2019-09-26 09:37:14,0.33,1.0645,20,0.32,1.0322,75,0.28,0.9032,1,0.325,1.0483,9,0
IWM190927P152,2019-09-26,2019-09-26 09:37:15,0.33,1.0645,213,0.32,1.0322,10,0.28,0.9032,1,0.325,1.0483,9,0
IWM190927P152,2019-09-26,2019-09-26 09:37:15,0.33,1.0645,192,0.32,1.0322,27,0.28,0.9032,1,0.325,1.0483,9,0
IWM190927P152,2019-09-26,2019-09-26 09:37:16,0.33,1.0645,150,0.32,1.0322,10,0.28,0.9032,1,0.325,1.0483,9,0
IWM190927P152,2019-09-26,2019-09-26 09:37:16,0.33,1.0645,57,0.32,1.0322,10,0.28,0.9032,1,0.325,1.0483,9,0
IWM190927P152,2019-09-26,2019-09-26 09:37:17,0.33,1.0645,52,0.32,1.0322,33,0.28,0.9032,1,0.325,1.0483,9,0
IWM190927P152,2019-09-26,2019-09-26 09:37:17,0.33,1.0645,26,0.32,1.0322,10,0.28,0.9032,1,0.325,1.0483,9,0
IWM190927P152,2019-09-26,2019-09-26 09:37:18,0.33,1.0645,69,0.32,1.0322,33,0.28,0.9032,1,0.325,1.0483,9,0
IWM190927P152,2019-09-26,2019-09-26 09:37:19,0.33,1.0645,128,0.32,1.0322,33,0.28,0.9032,1,0.325,1.0483,9,0
IWM190927P152,2019-09-26,2019-09-26 09:37:19,0.33,1.0645,86,0.32,1.0322,33,0.28,0.9032,1,0.325,1.0483,9,0
IWM190927P152,2019-09-26,2019-09-26 09:37:20,0.34,1.0967,110,0.32,1.0322,33,0.28,0.9032,1,0.33,1.0645,9,0
IWM190927P152,2019-09-26,2019-09-26 09:37:20,0.34,1.0967,268,0.33,1.0645,17,0.28,0.9032,1,0.335,1.0806,9,0
IWM190927P152,2019-09-26,2019-09-26 09:37:21,0.34,1.0967,184,0.33,1.0645,17,0.28,0.9032,1,0.335,1.0806,9,0
IWM190927P152,2019-09-26,2019-09-26 09:37:21,0.34,1.0967,204,0.33,1.0645,17,0.28,0.9032,1,0.335,1.0806,9,0
IWM190927P152,2019-09-26,2019-09-26 09:37:22,0.33,1.0645,44,0.32,1.0322,27,0.28,0.9032,1,0.325,1.0483,9,0
IWM190927P152,2019-09-26,2019-09-26 09:37:22,0.34,1.0967,36,0.33,1.0645,23,0.28,0.9032,1,0.335,1.0806,9,0
IWM190927P152,2019-09-26,2019-09-26 09:37:23,0.33,1.0645,117,0.32,1.0322,23,0.28,0.9032,1,0.325,1.0483,9,0
IWM190927P152,2019-09-26,2019-09-26 09:37:23,0.33,1.0645,166,0.32,1.0322,27,0.28,0.9032,1,0.325,1.0483,9,0
IWM190927P152,2019-09-26,2019-09-26 09:37:24,0.33,1.0645,530,0.32,1.0322,10,0.28,0.9032,1,0.325,1.0483,9,0
IWM190927P152,2019-09-26,2019-09-26 09:37:24,0.33,1.0645,117,0.32,1.0322,10,0.28,0.9032,1,0.325,1.0483,9,0
IWM190927P152,2019-09-26,2019-09-26 09:37:25,0.32,1.0322,129,0.32,1.0322,10,0.32,1.0322,10,0.32,1.0322,19,10
IWM190927P152,2019-09-26,2019-09-26 09:37:25,0.32,1.0322,129,0.3,0.9677,334,0.32,1.0322,10,0.31,1.0,19,0
IWM190927P152,2019-09-26,2019-09-26 09:37:26,0.32,1.0322,194,0.3,0.9677,795,0.32,1.0322,10,0.31,1.0,19,0
IWM190927P152,2019-09-26,2019-09-26 09:37:26,0.32,1.0322,158,0.3,0.9677,795,0.32,1.0322,10,0.31,1.0,19,0
IWM190927P152,2019-09-26,2019-09-26 09:37:27,0.33,1.0645,120,0.31,1.0,136,0.32,1.0322,10,0.32,1.0322,19,0
IWM190927P152,2019-09-26,2019-09-26 09:37:27,0.32,1.0322,194,0.3,0.9677,795,0.32,1.0322,10,0.31,1.0,19,0
IWM190927P152,2019-09-26,2019-09-26 09:37:28,0.33,1.0645,237,0.31,1.0,212,0.32,1.0322,10,0.32,1.0322,19,0
IWM190927P152,2019-09-26,2019-09-26 09:37:29,0.33,1.0645,173,0.32,1.0322,28,0.32,1.0322,10,0.325,1.0483,19,0
IWM190927P152,2019-09-26,2019-09-26 09:37:29,0.33,1.0645,130,0.32,1.0322,28,0.32,1.0322,10,0.325,1.0483,19,0
IWM190927P152,2019-09-26,2019-09-26 09:37:30,0.33,1.0645,123,0.32,1.0322,23,0.32,1.0322,10,0.325,1.0483,19,0
IWM190927P152,2019-09-26,2019-09-26 09:37:30,0.33,1.0645,88,0.31,1.0,512,0.32,1.0322,10,0.32,1.0322,19,0
IWM190927P152,2019-09-26,2019-09-26 09:37:31,0.33,1.0645,194,0.32,1.0322,9,0.32,1.0322,10,0.325,1.0483,19,0
IWM190927P152,2019-09-26,2019-09-26 09:37:31,0.33,1.0645,174,0.31,1.0,366,0.32,1.0322,10,0.32,1.0322,19,0
IWM190927P152,2019-09-26,2019-09-26 09:37:32,0.33,1.0645,174,0.31,1.0,366,0.32,1.0322,10,0.32,1.0322,19,0
IWM190927P152,2019-09-26,2019-09-26 09:37:32,0.33,1.0645,134,0.32,1.0322,31,0.32,1.0322,10,0.325,1.0483,19,0
IWM190927P152,2019-09-26,2019-09-26 09:37:33,0.33,1.0645,172,0.32,1.0322,31,0.32,1.0322,10,0.325,1.0483,19,0
IWM190927P152,2019-09-26,2019-09-26 09:37:34,0.33,1.0645,185,0.32,1.0322,22,0.32,1.0322,10,0.325,1.0483,19,0
IWM190927P152,2019-09-26,2019-09-26 09:37:34,0.33,1.0645,185,0.32,1.0322,31,0.32,1.0322,10,0.325,1.0483,19,0
IWM190927P152,2019-09-26,2019-09-26 09:37:35,0.33,1.0645,195,0.31,1.0,349,0.32,1.0322,10,0.32,1.0322,19,0
IWM190927P152,2019-09-26,2019-09-26 09:37:35,0.33,1.0645,185,0.32,1.0322,22,0.32,1.0322,10,0.325,1.0483,19,0
IWM190927P152,2019-09-26,2019-09-26 09:37:36,0.33,1.0645,205,0.31,1.0,349,0.32,1.0322,10,0.32,1.0322,19,0
IWM190927P152,2019-09-26,2019-09-26 09:37:36,0.33,1.0645,196,0.31,1.0,349,0.32,1.0322,10,0.32,1.0322,19,0
IWM190927P152,2019-09-26,2019-09-26 09:37:37,0.33,1.0645,466,0.31,1.0,133,0.32,1.0322,10,0.32,1.0322,19,0
IWM190927P152,2019-09-26,2019-09-26 09:37:38,0.33,1.0645,466,0.31,1.0,133,0.32,1.0322,10,0.32,1.0322,19,0
IWM190927P152,2019-09-26,2019-09-26 09:37:39,0.32,1.0322,138,0.31,1.0,22,0.32,1.0322,10,0.315,1.0161,19,0
IWM190927P152,2019-09-26,2019-09-26 09:37:39,0.32,1.0322,29,0.31,1.0,22,0.32,1.0322,10,0.315,1.0161,19,0
IWM190927P152,2019-09-26,2019-09-26 09:37:40,0.32,1.0322,138,0.31,1.0,22,0.32,1.0322,10,0.315,1.0161,19,0
IWM190927P152,2019-09-26,2019-09-26 09:37:40,0.32,1.0322,116,0.31,1.0,39,0.32,1.0322,10,0.315,1.0161,19,0
IWM190927P152,2019-09-26,2019-09-26 09:37:41,0.33,1.0645,165,0.31,1.0,308,0.32,1.0322,10,0.32,1.0322,19,0
IWM190927P152,2019-09-26,2019-09-26 09:37:41,0.33,1.0645,140,0.31,1.0,308,0.32,1.0322,10,0.32,1.0322,19,0
IWM190927P152,2019-09-26,2019-09-26 09:37:42,0.33,1.0645,230,0.31,1.0,258,0.32,1.0322,10,0.32,1.0322,19,0
IWM190927P152,2019-09-26,2019-09-26 09:37:43,0.33,1.0645,230,0.31,1.0,231,0.32,1.0322,10,0.32,1.0322,19,0
IWM190927P152,2019-09-26,2019-09-26 09:37:43,0.33,1.0645,110,0.31,1.0,231,0.32,1.0322,10,0.32,1.0322,19,0
IWM190927P152,2019-09-26,2019-09-26 09:37:44,0.33,1.0645,110,0.31,1.0,260,0.32,1.0322,10,0.32,1.0322,19,0
IWM190927P152,2019-09-26,2019-09-26 09:37:44,0.33,1.0645,86,0.31,1.0,260,0.32,1.0322,10,0.32,1.0322,19,0
IWM190927P152,2019-09-26,2019-09-26 09:37:45,0.32,1.0322,13,0.31,1.0,160,0.32,1.0322,10,0.315,1.0161,19,0
IWM190927P152,2019-09-26,2019-09-26 09:37:45,0.32,1.0322,13,0.31,1.0,170,0.32,1.0322,10,0.315,1.0161,19,0
IWM190927P152,2019-09-26,2019-09-26 09:37:46,0.33,1.0645,254,0.31,1.0,264,0.32,1.0322,10,0.32,1.0322,19,0
IWM190927P152,2019-09-26,2019-09-26 09:37:46,0.33,1.0645,216,0.31,1.0,314,0.32,1.0322,10,0.32,1.0322,19,0
IWM190927P152,2019-09-26,2019-09-26 09:37:47,0.33,1.0645,122,0.31,1.0,314,0.32,1.0322,10,0.32,1.0322,19,0
IWM190927P152,2019-09-26,2019-09-26 09:37:48,0.33,1.0645,122,0.31,1.0,314,0.32,1.0322,10,0.32,1.0322,19,0
IWM190927P152,2019-09-26,2019-09-26 09:37:48,0.33,1.0645,122,0.31,1.0,279,0.32,1.0322,10,0.32,1.0322,19,0
IWM190927P152,2019-09-26,2019-09-26 09:37:49,0.33,1.0645,122,0.31,1.0,279,0.32,1.0322,10,0.32,1.0322,19,0
IWM190927P152,2019-09-26,2019-09-26 09:37:49,0.32,1.0322,66,0.31,1.0,160,0.32,1.0322,10,0.315,1.0161,19,0
IWM190927P152,2019-09-26,2019-09-26 09:37:50,0.32,1.0322,54,0.31,1.0,160,0.32,1.0322,10,0.315,1.0161,19,0
IWM190927P152,2019-09-26,2019-09-26 09:37:51,0.32,1.0322,115,0.31,1.0,17,0.32,1.0322,10,0.315,1.0161,19,0
IWM190927P152,2019-09-26,2019-09-26 09:37:51,0.32,1.0322,115,0.31,1.0,160,0.32,1.0322,10,0.315,1.0161,19,0
IWM190927P152,2019-09-26,2019-09-26 09:37:52,0.32,1.0322,243,0.31,1.0,17,0.32,1.0322,10,0.315,1.0161,19,0
IWM190927P152,2019-09-26,2019-09-26 09:37:53,0.32,1.0322,146,0.3,0.9677,702,0.32,1.0322,2,0.31,1.0,21,2
IWM190927P152,2019-09-26,2019-09-26 09:37:53,0.32,1.0322,146,0.3,0.9677,519,0.32,1.0322,10,0.31,1.0,19,0
IWM190927P152,2019-09-26,2019-09-26 09:37:54,0.32,1.0322,314,0.3,0.9677,702,0.32,1.0322,2,0.31,1.0,21,0
IWM190927P152,2019-09-26,2019-09-26 09:37:55,0.32,1.0322,177,0.3,0.9677,917,0.32,1.0322,2,0.31,1.0,21,0
IWM190927P152,2019-09-26,2019-09-26 09:37:55,0.32,1.0322,98,0.31,1.0,145,0.32,1.0322,2,0.315,1.0161,21,0
IWM190927P152,2019-09-26,2019-09-26 09:37:56,0.33,1.0645,100,0.31,1.0,266,0.32,1.0322,2,0.32,1.0322,21,0
IWM190927P152,2019-09-26,2019-09-26 09:37:56,0.33,1.0645,212,0.31,1.0,487,0.32,1.0322,2,0.32,1.0322,21,0
IWM190927P152,2019-09-26,2019-09-26 09:37:57,0.33,1.0645,230,0.31,1.0,443,0.32,1.0322,2,0.32,1.0322,21,0
IWM190927P152,2019-09-26,2019-09-26 09:37:57,0.33,1.0645,212,0.31,1.0,487,0.32,1.0322,2,0.32,1.0322,21,0
IWM190927P152,2019-09-26,2019-09-26 09:37:58,0.33,1.0645,230,0.31,1.0,414,0.32,1.0322,2,0.32,1.0322,21,0
IWM190927P152,2019-09-26,2019-09-26 09:37:58,0.33,1.0645,201,0.31,1.0,424,0.32,1.0322,2,0.32,1.0322,21,0
IWM190927P152,2019-09-26,2019-09-26 09:37:59,0.33,1.0645,161,0.31,1.0,424,0.32,1.0322,2,0.32,1.0322,21,0
IWM190927P152,2019-09-26,2019-09-26 09:37:59,0.33,1.0645,123,0.31,1.0,374,0.32,1.0322,2,0.32,1.0322,21,0
IWM190927P152,2019-09-26,2019-09-26 09:38:00,0.33,1.0645,134,0.31,1.0,324,0.32,1.0322,2,0.32,1.0322,21,0
IWM190927P152,2019-09-26,2019-09-26 09:38:01,0.33,1.0645,141,0.31,1.0,324,0.32,1.0322,2,0.32,1.0322,21,0
IWM190927P152,2019-09-26,2019-09-26 09:38:02,0.33,1.0645,215,0.31,1.0,414,0.32,1.0322,2,0.32,1.0322,21,0
IWM190927P152,2019-09-26,2019-09-26 09:38:02,0.33,1.0645,168,0.31,1.0,414,0.32,1.0322,2,0.32,1.0322,21,0
IWM190927P152,2019-09-26,2019-09-26 09:38:03,0.33,1.0645,186,0.31,1.0,324,0.32,1.0322,2,0.32,1.0322,21,0
IWM190927P152,2019-09-26,2019-09-26 09:38:03,0.33,1.0645,215,0.31,1.0,414,0.32,1.0322,2,0.32,1.0322,21,0
IWM190927P152,2019-09-26,2019-09-26 09:38:04,0.33,1.0645,39,0.32,1.0322,40,0.32,1.0322,2,0.325,1.0483,21,0
IWM190927P152,2019-09-26,2019-09-26 09:38:04,0.33,1.0645,186,0.31,1.0,464,0.32,1.0322,2,0.32,1.0322,21,0
IWM190927P152,2019-09-26,2019-09-26 09:38:05,0.33,1.0645,16,0.32,1.0322,130,0.32,1.0322,2,0.325,1.0483,21,0
IWM190927P152,2019-09-26,2019-09-26 09:38:05,0.33,1.0645,26,0.32,1.0322,130,0.32,1.0322,2,0.325,1.0483,21,0
IWM190927P152,2019-09-26,2019-09-26 09:38:06,0.33,1.0645,27,0.32,1.0322,130,0.32,1.0322,2,0.325,1.0483,21,0
IWM190927P152,2019-09-26,2019-09-26 09:38:06,0.33,1.0645,59,0.32,1.0322,130,0.32,1.0322,2,0.325,1.0483,21,0
IWM190927P152,2019-09-26,2019-09-26 09:38:07,0.34,1.0967,90,0.32,1.0322,130,0.32,1.0322,2,0.33,1.0645,21,0
IWM190927P152,2019-09-26,2019-09-26 09:38:07,0.34,1.0967,100,0.33,1.0645,101,0.32,1.0322,2,0.335,1.0806,21,0
IWM190927P152,2019-09-26,2019-09-26 09:38:08,0.34,1.0967,93,0.32,1.0322,263,0.32,1.0322,2,0.33,1.0645,21,0
IWM190927P152,2019-09-26,2019-09-26 09:38:08,0.34,1.0967,83,0.32,1.0322,263,0.32,1.0322,2,0.33,1.0645,21,0
IWM190927P152,2019-09-26,2019-09-26 09:38:09,0.34,1.0967,54,0.33,1.0645,112,0.32,1.0322,2,0.335,1.0806,21,0
IWM190927P152,2019-09-26,2019-09-26 09:38:10,0.34,1.0967,115,0.33,1.0645,101,0.32,1.0322,2,0.335,1.0806,21,0
IWM190927P152,2019-09-26,2019-09-26 09:38:10,0.34,1.0967,64,0.33,1.0645,101,0.32,1.0322,2,0.335,1.0806,21,0
IWM190927P152,2019-09-26,2019-09-26 09:38:11,0.34,1.0967,115,0.32,1.0322,774,0.32,1.0322,2,0.33,1.0645,21,0
IWM190927P152,2019-09-26,2019-09-26 09:38:12,0.34,1.0967,131,0.32,1.0322,943,0.32,1.0322,2,0.33,1.0645,21,0
IWM190927P152,2019-09-26,2019-09-26 09:38:12,0.34,1.0967,115,0.32,1.0322,646,0.32,1.0322,2,0.33,1.0645,21,0
IWM190927P152,2019-09-26,2019-09-26 09:38:13,0.34,1.0967,131,0.33,1.0645,100,0.32,1.0322,2,0.335,1.0806,21,0
IWM190927P152,2019-09-26,2019-09-26 09:38:13,0.34,1.0967,131,0.32,1.0322,761,0.32,1.0322,2,0.33,1.0645,21,0
IWM190927P152,2019-09-26,2019-09-26 09:38:14,0.34,1.0967,22,0.33,1.0645,231,0.32,1.0322,2,0.335,1.0806,21,0
IWM190927P152,2019-09-26,2019-09-26 09:38:14,0.35,1.129,301,0.33,1.0645,352,0.32,1.0322,2,0.34,1.0967,21,0
IWM190927P152,2019-09-26,2019-09-26 09:38:15,0.35,1.129,299,0.33,1.0645,383,0.32,1.0322,2,0.34,1.0967,21,0
IWM190927P152,2019-09-26,2019-09-26 09:38:16,0.34,1.0967,13,0.33,1.0645,383,0.32,1.0322,2,0.335,1.0806,21,0
IWM190927P152,2019-09-26,2019-09-26 09:38:16,0.34,1.0967,13,0.33,1.0645,150,0.32,1.0322,2,0.335,1.0806,21,0
IWM190927P152,2019-09-26,2019-09-26 09:38:17,0.34,1.0967,69,0.33,1.0645,150,0.32,1.0322,2,0.335,1.0806,21,0
IWM190927P152,2019-09-26,2019-09-26 09:38:17,0.34,1.0967,69,0.33,1.0645,110,0.32,1.0322,2,0.335,1.0806,21,0
IWM190927P152,2019-09-26,2019-09-26 09:38:18,0.34,1.0967,46,0.33,1.0645,57,0.32,1.0322,2,0.335,1.0806,21,0
IWM190927P152,2019-09-26,2019-09-26 09:38:18,0.34,1.0967,69,0.33,1.0645,57,0.32,1.0322,2,0.335,1.0806,21,0
IWM190927P152,2019-09-26,2019-09-26 09:38:19,0.34,1.0967,36,0.33,1.0645,119,0.32,1.0322,2,0.335,1.0806,21,0
IWM190927P152,2019-09-26,2019-09-26 09:38:20,0.34,1.0967,36,0.33,1.0645,119,0.32,1.0322,2,0.335,1.0806,21,0
IWM190927P152,2019-09-26,2019-09-26 09:38:20,0.35,1.129,211,0.33,1.0645,400,0.32,1.0322,2,0.34,1.0967,21,0
IWM190927P152,2019-09-26,2019-09-26 09:38:21,0.35,1.129,248,0.33,1.0645,276,0.32,1.0322,2,0.34,1.0967,21,0
IWM190927P152,2019-09-26,2019-09-26 09:38:21,0.34,1.0967,30,0.32,1.0322,476,0.32,1.0322,2,0.33,1.0645,21,0
IWM190927P152,2019-09-26,2019-09-26 09:38:22,0.35,1.129,488,0.33,1.0645,235,0.32,1.0322,2,0.34,1.0967,21,0
IWM190927P152,2019-09-26,2019-09-26 09:38:23,0.34,1.0967,61,0.33,1.0645,10,0.32,1.0322,2,0.335,1.0806,21,0
IWM190927P152,2019-09-26,2019-09-26 09:38:23,0.35,1.129,488,0.33,1.0645,124,0.32,1.0322,2,0.34,1.0967,21,0
IWM190927P152,2019-09-26,2019-09-26 09:38:24,0.34,1.0967,137,0.32,1.0322,336,0.32,1.0322,2,0.33,1.0645,21,0
IWM190927P152,2019-09-26,2019-09-26 09:38:24,0.34,1.0967,127,0.32,1.0322,225,0.32,1.0322,2,0.33,1.0645,21,0
IWM190927P152,2019-09-26,2019-09-26 09:38:25,0.34,1.0967,159,0.32,1.0322,247,0.32,1.0322,2,0.33,1.0645,21,0
IWM190927P152,2019-09-26,2019-09-26 09:38:25,0.34,1.0967,204,0.32,1.0322,251,0.32,1.0322,2,0.33,1.0645,21,0
IWM190927P152,2019-09-26,2019-09-26 09:38:26,0.34,1.0967,197,0.32,1.0322,247,0.32,1.0322,2,0.33,1.0645,21,0
IWM190927P152,2019-09-26,2019-09-26 09:38:26,0.34,1.0967,197,0.32,1.0322,163,0.32,1.0322,2,0.33,1.0645,21,0
IWM190927P152,2019-09-26,2019-09-26 09:38:27,0.34,1.0967,197,0.32,1.0322,163,0.32,1.0322,2,0.33,1.0645,21,0
IWM190927P152,2019-09-26,2019-09-26 09:38:27,0.34,1.0967,231,0.32,1.0322,245,0.32,1.0322,2,0.33,1.0645,21,0
IWM190927P152,2019-09-26,2019-09-26 09:38:28,0.34,1.0967,146,0.32,1.0322,221,0.32,1.0322,2,0.33,1.0645,21,0
IWM190927P152,2019-09-26,2019-09-26 09:38:28,0.34,1.0967,241,0.32,1.0322,221,0.32,1.0322,2,0.33,1.0645,21,0
IWM190927P152,2019-09-26,2019-09-26 09:38:29,0.34,1.0967,146,0.32,1.0322,221,0.32,1.0322,2,0.33,1.0645,21,0
IWM190927P152,2019-09-26,2019-09-26 09:38:29,0.34,1.0967,146,0.32,1.0322,250,0.32,1.0322,2,0.33,1.0645,21,0
IWM190927P152,2019-09-26,2019-09-26 09:38:30,0.34,1.0967,124,0.33,1.0645,9,0.32,1.0322,2,0.335,1.0806,21,0
IWM190927P152,2019-09-26,2019-09-26 09:38:30,0.34,1.0967,213,0.32,1.0322,434,0.32,1.0322,2,0.33,1.0645,21,0
IWM190927P152,2019-09-26,2019-09-26 09:38:31,0.34,1.0967,237,0.32,1.0322,434,0.32,1.0322,2,0.33,1.0645,21,0
IWM190927P152,2019-09-26,2019-09-26 09:38:32,0.34,1.0967,298,0.32,1.0322,223,0.32,1.0322,2,0.33,1.0645,21,0
IWM190927P152,2019-09-26,2019-09-26 09:38:33,0.34,1.0967,298,0.32,1.0322,223,0.32,1.0322,2,0.33,1.0645,21,0
IWM190927P152,2019-09-26,2019-09-26 09:38:33,0.34,1.0967,288,0.32,1.0322,223,0.32,1.0322,2,0.33,1.0645,21,0
IWM190927P152,2019-09-26,2019-09-26 09:38:34,0.34,1.0967,288,0.32,1.0322,253,0.32,1.0322,2,0.33,1.0645,21,0
IWM190927P152,2019-09-26,2019-09-26 09:38:34,0.34,1.0967,298,0.32,1.0322,253,0.32,1.0322,2,0.33,1.0645,21,0
IWM190927P152,2019-09-26,2019-09-26 09:38:35,0.34,1.0967,38,0.32,1.0322,253,0.32,1.0322,2,0.33,1.0645,21,0
IWM190927P152,2019-09-26,2019-09-26 09:38:36,0.34,1.0967,66,0.33,1.0645,28,0.32,1.0322,2,0.335,1.0806,21,0
IWM190927P152,2019-09-26,2019-09-26 09:38:36,0.34,1.0967,135,0.32,1.0322,286,0.32,1.0322,2,0.33,1.0645,21,0
IWM190927P152,2019-09-26,2019-09-26 09:38:37,0.34,1.0967,66,0.32,1.0322,286,0.32,1.0322,2,0.33,1.0645,21,0
IWM190927P152,2019-09-26,2019-09-26 09:38:37,0.35,1.129,282,0.33,1.0645,199,0.32,1.0322,2,0.34,1.0967,21,0
IWM190927P152,2019-09-26,2019-09-26 09:38:38,0.35,1.129,303,0.33,1.0645,446,0.32,1.0322,2,0.34,1.0967,21,0
IWM190927P152,2019-09-26,2019-09-26 09:38:38,0.35,1.129,303,0.33,1.0645,451,0.32,1.0322,2,0.34,1.0967,21,0
IWM190927P152,2019-09-26,2019-09-26 09:38:39,0.35,1.129,120,0.34,1.0967,90,0.32,1.0322,2,0.345,1.1129,21,0
IWM190927P152,2019-09-26,2019-09-26 09:38:40,0.35,1.129,120,0.34,1.0967,4,0.32,1.0322,2,0.345,1.1129,21,0
IWM190927P152,2019-09-26,2019-09-26 09:38:40,0.35,1.129,120,0.34,1.0967,93,0.32,1.0322,2,0.345,1.1129,21,0
IWM190927P152,2019-09-26,2019-09-26 09:38:41,0.35,1.129,52,0.34,1.0967,111,0.32,1.0322,2,0.345,1.1129,21,0
IWM190927P152,2019-09-26,2019-09-26 09:38:41,0.35,1.129,121,0.34,1.0967,4,0.32,1.0322,2,0.345,1.1129,21,0
IWM190927P152,2019-09-26,2019-09-26 09:38:42,0.35,1.129,142,0.34,1.0967,11,0.32,1.0322,2,0.345,1.1129,21,0
IWM190927P152,2019-09-26,2019-09-26 09:38:43,0.35,1.129,52,0.34,1.0967,11,0.32,1.0322,2,0.345,1.1129,21,0
IWM190927P152,2019-09-26,2019-09-26 09:38:43,0.35,1.129,82,0.34,1.0967,11,0.32,1.0322,2,0.345,1.1129,21,0
IWM190927P152,2019-09-26,2019-09-26 09:38:44,0.35,1.129,82,0.34,1.0967,90,0.32,1.0322,2,0.345,1.1129,21,0
IWM190927P152,2019-09-26,2019-09-26 09:38:44,0.36,1.1612,258,0.34,1.0967,152,0.32,1.0322,2,0.35,1.129,21,0
IWM190927P152,2019-09-26,2019-09-26 09:38:45,0.35,1.129,47,0.34,1.0967,90,0.32,1.0322,2,0.345,1.1129,21,0
IWM190927P152,2019-09-26,2019-09-26 09:38:46,0.35,1.129,47,0.34,1.0967,90,0.32,1.0322,2,0.345,1.1129,21,0
IWM190927P152,2019-09-26,2019-09-26 09:38:47,0.36,1.1612,273,0.34,1.0967,90,0.32,1.0322,2,0.35,1.129,21,0
IWM190927P152,2019-09-26,2019-09-26 09:38:47,0.36,1.1612,237,0.34,1.0967,172,0.32,1.0322,2,0.35,1.129,21,0
IWM190927P152,2019-09-26,2019-09-26 09:38:48,0.36,1.1612,297,0.34,1.0967,123,0.32,1.0322,2,0.35,1.129,21,0
IWM190927P152,2019-09-26,2019-09-26 09:38:49,0.36,1.1612,297,0.34,1.0967,134,0.32,1.0322,2,0.35,1.129,21,0
IWM190927P152,2019-09-26,2019-09-26 09:38:49,0.36,1.1612,297,0.34,1.0967,101,0.32,1.0322,2,0.35,1.129,21,0
IWM190927P152,2019-09-26,2019-09-26 09:38:50,0.36,1.1612,297,0.34,1.0967,101,0.32,1.0322,2,0.35,1.129,21,0
IWM190927P152,2019-09-26,2019-09-26 09:38:51,0.35,1.129,40,0.34,1.0967,101,0.32,1.0322,2,0.345,1.1129,21,0
IWM190927P152,2019-09-26,2019-09-26 09:38:52,0.35,1.129,47,0.34,1.0967,124,0.32,1.0322,2,0.345,1.1129,21,0
IWM190927P152,2019-09-26,2019-09-26 09:38:53,0.35,1.129,47,0.34,1.0967,124,0.32,1.0322,2,0.345,1.1129,21,0
IWM190927P152,2019-09-26,2019-09-26 09:38:54,0.35,1.129,47,0.34,1.0967,124,0.32,1.0322,2,0.345,1.1129,21,0
IWM190927P152,2019-09-26,2019-09-26 09:38:55,0.35,1.129,66,0.34,1.0967,124,0.32,1.0322,2,0.345,1.1129,21,0
IWM190927P152,2019-09-26,2019-09-26 09:38:55,0.35,1.129,244,0.33,1.0645,433,0.32,1.0322,2,0.34,1.0967,21,0
IWM190927P152,2019-09-26,2019-09-26 09:38:56,0.34,1.0967,19,0.33,1.0645,32,0.32,1.0322,2,0.335,1.0806,21,0
IWM190927P152,2019-09-26,2019-09-26 09:38:56,0.35,1.129,147,0.33,1.0645,433,0.32,1.0322,2,0.34,1.0967,21,0
IWM190927P152,2019-09-26,2019-09-26 09:38:57,0.34,1.0967,75,0.33,1.0645,37,0.32,1.0322,2,0.335,1.0806,21,0
IWM190927P152,2019-09-26,2019-09-26 09:38:57,0.34,1.0967,50,0.33,1.0645,37,0.32,1.0322,2,0.335,1.0806,21,0
IWM190927P152,2019-09-26,2019-09-26 09:38:58,0.35,1.129,279,0.33,1.0645,108,0.32,1.0322,2,0.34,1.0967,21,0
IWM190927P152,2019-09-26,2019-09-26 09:38:58,0.34,1.0967,38,0.33,1.0645,108,0.32,1.0322,2,0.335,1.0806,21,0
IWM190927P152,2019-09-26,2019-09-26 09:38:59,0.35,1.129,279,0.33,1.0645,108,0.32,1.0322,2,0.34,1.0967,21,0
IWM190927P152,2019-09-26,2019-09-26 09:38:59,0.34,1.0967,113,0.33,1.0645,108,0.32,1.0322,2,0.335,1.0806,21,0
IWM190927P152,2019-09-26,2019-09-26 09:39:00,0.34,1.0967,204,0.32,1.0322,417,0.32,1.0322,2,0.33,1.0645,21,0
IWM190927P152,2019-09-26,2019-09-26 09:39:00,0.34,1.0967,113,0.33,1.0645,108,0.32,1.0322,2,0.335,1.0806,21,0
IWM190927P152,2019-09-26,2019-09-26 09:39:01,0.34,1.0967,258,0.32,1.0322,651,0.32,1.0322,2,0.33,1.0645,21,0
IWM190927P152,2019-09-26,2019-09-26 09:39:01,0.34,1.0967,258,0.32,1.0322,701,0.32,1.0322,2,0.33,1.0645,21,0
IWM190927P152,2019-09-26,2019-09-26 09:39:02,0.34,1.0967,258,0.32,1.0322,651,0.32,1.0322,2,0.33,1.0645,21,0
IWM190927P152,2019-09-26,2019-09-26 09:39:03,0.34,1.0967,258,0.32,1.0322,519,0.32,1.0322,2,0.33,1.0645,21,0
IWM190927P152,2019-09-26,2019-09-26 09:39:03,0.34,1.0967,258,0.32,1.0322,369,0.32,1.0322,2,0.33,1.0645,21,0
IWM190927P152,2019-09-26,2019-09-26 09:39:04,0.34,1.0967,258,0.32,1.0322,651,0.32,1.0322,2,0.33,1.0645,21,0
IWM190927P152,2019-09-26,2019-09-26 09:39:04,0.34,1.0967,258,0.32,1.0322,601,0.32,1.0322,2,0.33,1.0645,21,0
IWM190927P152,2019-09-26,2019-09-26 09:39:05,0.34,1.0967,258,0.32,1.0322,173,0.32,1.0322,2,0.33,1.0645,21,0
IWM190927P152,2019-09-26,2019-09-26 09:39:05,0.34,1.0967,258,0.32,1.0322,141,0.32,1.0322,2,0.33,1.0645,21,0
IWM190927P152,2019-09-26,2019-09-26 09:39:06,0.33,1.0645,21,0.32,1.0322,141,0.32,1.0322,2,0.325,1.0483,21,0
IWM190927P152,2019-09-26,2019-09-26 09:39:06,0.33,1.0645,54,0.32,1.0322,141,0.32,1.0322,2,0.325,1.0483,21,0
IWM190927P152,2019-09-26,2019-09-26 09:39:07,0.34,1.0967,176,0.32,1.0322,1067,0.32,1.0322,2,0.33,1.0645,21,0
IWM190927P152,2019-09-26,2019-09-26 09:39:07,0.34,1.0967,270,0.32,1.0322,349,0.32,1.0322,2,0.33,1.0645,21,0
IWM190927P152,2019-09-26,2019-09-26 09:39:08,0.34,1.0967,149,0.33,1.0645,111,0.32,1.0322,2,0.335,1.0806,21,0
