symbol,Date,quote_time,ask_price,norm_ask_price,ask_size,bid_price,norm_bid_price,bid_size,last_trade_price,norm_last_trade_price,last_trade_size,mark_price,norm_mark_price,volume,Volume
IWM191129P163,2019-11-22,2019-11-22 09:30:00,4.79,1.0,10,4.53,0.9457,10,5.03,1.0501,1,4.66,0.9728,0,0
IWM191129P163,2019-11-22,2019-11-22 09:30:01,4.79,1.0,10,4.53,0.9457,10,5.03,1.0501,1,4.66,0.9728,0,0
IWM191129P163,2019-11-22,2019-11-22 09:30:02,4.79,1.0,10,4.53,0.9457,10,5.03,1.0501,1,4.66,0.9728,0,0
IWM191129P163,2019-11-22,2019-11-22 09:30:03,4.79,1.0,10,4.53,0.9457,10,5.03,1.0501,1,4.66,0.9728,0,0
IWM191129P163,2019-11-22,2019-11-22 09:30:04,4.79,1.0,10,4.53,0.9457,10,5.03,1.0501,1,4.66,0.9728,0,0
IWM191129P163,2019-11-22,2019-11-22 09:30:05,4.79,1.0,10,4.47,0.9331,19,5.03,1.0501,1,4.63,0.9665,0,0
IWM191129P163,2019-11-22,2019-11-22 09:30:05,4.79,1.0,10,4.53,0.9457,10,5.03,1.0501,1,4.66,0.9728,0,0
IWM191129P163,2019-11-22,2019-11-22 09:30:06,4.79,1.0,10,4.47,0.9331,19,5.03,1.0501,1,4.63,0.9665,0,0
IWM191129P163,2019-11-22,2019-11-22 09:30:07,4.79,1.0,10,4.51,0.9415,10,5.03,1.0501,1,4.65,0.9707,0,0
IWM191129P163,2019-11-22,2019-11-22 09:30:08,4.79,1.0,10,4.51,0.9415,10,5.03,1.0501,1,4.65,0.9707,0,0
IWM191129P163,2019-11-22,2019-11-22 09:30:09,4.79,1.0,10,4.51,0.9415,10,5.03,1.0501,1,4.65,0.9707,0,0
IWM191129P163,2019-11-22,2019-11-22 09:30:10,4.79,1.0,10,4.51,0.9415,10,5.03,1.0501,1,4.65,0.9707,0,0
IWM191129P163,2019-11-22,2019-11-22 09:30:11,4.79,1.0,10,4.51,0.9415,10,5.03,1.0501,1,4.65,0.9707,0,0
IWM191129P163,2019-11-22,2019-11-22 09:30:12,4.79,1.0,10,4.51,0.9415,10,5.03,1.0501,1,4.65,0.9707,0,0
IWM191129P163,2019-11-22,2019-11-22 09:30:13,4.77,0.9958,20,4.52,0.9436,20,5.03,1.0501,1,4.645,0.9697,0,0
IWM191129P163,2019-11-22,2019-11-22 09:30:14,4.77,0.9958,20,4.54,0.9478,20,5.03,1.0501,1,4.655,0.9718,0,0
IWM191129P163,2019-11-22,2019-11-22 09:30:15,4.73,0.9874,20,4.54,0.9478,10,5.03,1.0501,1,4.635,0.9676,0,0
IWM191129P163,2019-11-22,2019-11-22 09:30:15,4.77,0.9958,20,4.54,0.9478,20,5.03,1.0501,1,4.655,0.9718,0,0
IWM191129P163,2019-11-22,2019-11-22 09:30:16,4.74,0.9895,20,4.54,0.9478,20,5.03,1.0501,1,4.64,0.9686,0,0
IWM191129P163,2019-11-22,2019-11-22 09:30:16,4.73,0.9874,20,4.51,0.9415,15,5.03,1.0501,1,4.62,0.9645,0,0
IWM191129P163,2019-11-22,2019-11-22 09:30:17,4.8,1.002,20,4.58,0.9561,30,5.03,1.0501,1,4.69,0.9791,0,0
IWM191129P163,2019-11-22,2019-11-22 09:30:17,4.74,0.9895,20,4.54,0.9478,30,5.03,1.0501,1,4.64,0.9686,0,0
IWM191129P163,2019-11-22,2019-11-22 09:30:18,4.8,1.002,20,4.61,0.9624,20,5.03,1.0501,1,4.705,0.9822,0,0
IWM191129P163,2019-11-22,2019-11-22 09:30:19,4.8,1.002,20,4.61,0.9624,20,5.03,1.0501,1,4.705,0.9822,0,0
IWM191129P163,2019-11-22,2019-11-22 09:30:19,4.8,1.002,120,4.61,0.9624,120,5.03,1.0501,1,4.705,0.9822,0,0
IWM191129P163,2019-11-22,2019-11-22 09:30:20,4.8,1.002,150,4.61,0.9624,150,5.03,1.0501,1,4.705,0.9822,0,0
IWM191129P163,2019-11-22,2019-11-22 09:30:20,4.8,1.002,150,4.61,0.9624,91,5.03,1.0501,1,4.705,0.9822,0,0
IWM191129P163,2019-11-22,2019-11-22 09:30:21,4.8,1.002,150,4.61,0.9624,91,5.03,1.0501,1,4.705,0.9822,0,0
IWM191129P163,2019-11-22,2019-11-22 09:30:22,4.8,1.002,150,4.61,0.9624,88,5.03,1.0501,1,4.705,0.9822,0,0
IWM191129P163,2019-11-22,2019-11-22 09:30:22,4.8,1.002,150,4.61,0.9624,78,5.03,1.0501,1,4.705,0.9822,0,0
IWM191129P163,2019-11-22,2019-11-22 09:30:24,4.79,1.0,150,4.61,0.9624,88,5.03,1.0501,1,4.7,0.9812,0,0
IWM191129P163,2019-11-22,2019-11-22 09:30:24,4.8,1.002,150,4.61,0.9624,88,5.03,1.0501,1,4.705,0.9822,0,0
IWM191129P163,2019-11-22,2019-11-22 09:30:25,4.78,0.9979,120,4.61,0.9624,10,5.03,1.0501,1,4.695,0.9801,0,0
IWM191129P163,2019-11-22,2019-11-22 09:30:25,4.78,0.9979,150,4.56,0.9519,150,5.03,1.0501,1,4.67,0.9749,0,0
IWM191129P163,2019-11-22,2019-11-22 09:30:26,4.78,0.9979,150,4.56,0.9519,150,5.03,1.0501,1,4.67,0.9749,0,0
IWM191129P163,2019-11-22,2019-11-22 09:30:27,4.78,0.9979,150,4.56,0.9519,25,5.03,1.0501,1,4.67,0.9749,0,0
IWM191129P163,2019-11-22,2019-11-22 09:30:28,4.78,0.9979,150,4.56,0.9519,25,5.03,1.0501,1,4.67,0.9749,0,0
IWM191129P163,2019-11-22,2019-11-22 09:30:29,4.78,0.9979,150,4.56,0.9519,25,5.03,1.0501,1,4.67,0.9749,0,0
IWM191129P163,2019-11-22,2019-11-22 09:30:30,4.78,0.9979,150,4.56,0.9519,38,5.03,1.0501,1,4.67,0.9749,0,0
IWM191129P163,2019-11-22,2019-11-22 09:30:31,4.77,0.9958,150,4.56,0.9519,38,5.03,1.0501,1,4.665,0.9739,0,0
IWM191129P163,2019-11-22,2019-11-22 09:30:32,4.77,0.9958,150,4.56,0.9519,38,5.03,1.0501,1,4.665,0.9739,0,0
IWM191129P163,2019-11-22,2019-11-22 09:30:33,4.77,0.9958,150,4.56,0.9519,38,5.03,1.0501,1,4.665,0.9739,0,0
IWM191129P163,2019-11-22,2019-11-22 09:30:34,4.77,0.9958,150,4.56,0.9519,38,5.03,1.0501,1,4.665,0.9739,0,0
IWM191129P163,2019-11-22,2019-11-22 09:30:34,4.77,0.9958,120,4.56,0.9519,30,5.03,1.0501,1,4.665,0.9739,0,0
IWM191129P163,2019-11-22,2019-11-22 09:30:35,4.76,0.9937,150,4.56,0.9519,30,5.03,1.0501,1,4.66,0.9728,0,0
IWM191129P163,2019-11-22,2019-11-22 09:30:36,4.76,0.9937,150,4.56,0.9519,30,5.03,1.0501,1,4.66,0.9728,0,0
IWM191129P163,2019-11-22,2019-11-22 09:30:37,4.76,0.9937,150,4.56,0.9519,150,5.03,1.0501,1,4.66,0.9728,0,0
IWM191129P163,2019-11-22,2019-11-22 09:30:38,4.76,0.9937,150,4.56,0.9519,150,5.03,1.0501,1,4.66,0.9728,0,0
IWM191129P163,2019-11-22,2019-11-22 09:30:39,4.76,0.9937,150,4.56,0.9519,150,5.03,1.0501,1,4.66,0.9728,0,0
IWM191129P163,2019-11-22,2019-11-22 09:30:40,4.76,0.9937,150,4.56,0.9519,150,5.03,1.0501,1,4.66,0.9728,0,0
IWM191129P163,2019-11-22,2019-11-22 09:30:41,4.76,0.9937,150,4.56,0.9519,150,5.03,1.0501,1,4.66,0.9728,0,0
IWM191129P163,2019-11-22,2019-11-22 09:30:42,4.74,0.9895,150,4.56,0.9519,150,5.03,1.0501,1,4.65,0.9707,0,0
IWM191129P163,2019-11-22,2019-11-22 09:30:42,4.74,0.9895,88,4.56,0.9519,150,5.03,1.0501,1,4.65,0.9707,0,0
IWM191129P163,2019-11-22,2019-11-22 09:30:43,4.74,0.9895,150,4.56,0.9519,121,5.03,1.0501,1,4.65,0.9707,0,0
IWM191129P163,2019-11-22,2019-11-22 09:30:43,4.74,0.9895,110,4.56,0.9519,86,5.03,1.0501,1,4.65,0.9707,0,0
IWM191129P163,2019-11-22,2019-11-22 09:30:44,4.74,0.9895,150,4.56,0.9519,121,5.03,1.0501,1,4.65,0.9707,0,0
IWM191129P163,2019-11-22,2019-11-22 09:30:45,4.74,0.9895,150,4.56,0.9519,121,5.03,1.0501,1,4.65,0.9707,0,0
IWM191129P163,2019-11-22,2019-11-22 09:30:46,4.74,0.9895,150,4.56,0.9519,121,5.03,1.0501,1,4.65,0.9707,0,0
IWM191129P163,2019-11-22,2019-11-22 09:30:47,4.74,0.9895,150,4.56,0.9519,87,5.03,1.0501,1,4.65,0.9707,0,0
IWM191129P163,2019-11-22,2019-11-22 09:30:48,4.74,0.9895,150,4.56,0.9519,87,5.03,1.0501,1,4.65,0.9707,0,0
IWM191129P163,2019-11-22,2019-11-22 09:30:49,4.74,0.9895,150,4.56,0.9519,58,5.03,1.0501,1,4.65,0.9707,0,0
IWM191129P163,2019-11-22,2019-11-22 09:30:49,4.74,0.9895,150,4.56,0.9519,87,5.03,1.0501,1,4.65,0.9707,0,0
IWM191129P163,2019-11-22,2019-11-22 09:30:50,4.72,0.9853,150,4.56,0.9519,22,5.03,1.0501,1,4.64,0.9686,0,0
IWM191129P163,2019-11-22,2019-11-22 09:30:51,4.72,0.9853,150,4.55,0.9498,44,5.03,1.0501,1,4.635,0.9676,0,0
IWM191129P163,2019-11-22,2019-11-22 09:30:52,4.72,0.9853,150,4.55,0.9498,44,5.03,1.0501,1,4.635,0.9676,0,0
IWM191129P163,2019-11-22,2019-11-22 09:30:53,4.72,0.9853,150,4.55,0.9498,44,5.03,1.0501,1,4.635,0.9676,0,0
IWM191129P163,2019-11-22,2019-11-22 09:30:54,4.72,0.9853,150,4.55,0.9498,44,5.03,1.0501,1,4.635,0.9676,0,0
IWM191129P163,2019-11-22,2019-11-22 09:30:55,4.72,0.9853,150,4.55,0.9498,44,5.03,1.0501,1,4.635,0.9676,0,0
IWM191129P163,2019-11-22,2019-11-22 09:30:55,4.7,0.9812,150,4.52,0.9436,130,5.03,1.0501,1,4.61,0.9624,0,0
IWM191129P163,2019-11-22,2019-11-22 09:30:56,4.7,0.9812,150,4.52,0.9436,96,5.03,1.0501,1,4.61,0.9624,0,0
IWM191129P163,2019-11-22,2019-11-22 09:30:57,4.7,0.9812,150,4.52,0.9436,96,5.03,1.0501,1,4.61,0.9624,0,0
IWM191129P163,2019-11-22,2019-11-22 09:30:57,4.7,0.9812,150,4.52,0.9436,150,5.03,1.0501,1,4.61,0.9624,0,0
IWM191129P163,2019-11-22,2019-11-22 09:30:58,4.7,0.9812,150,4.52,0.9436,10,5.03,1.0501,1,4.61,0.9624,0,0
IWM191129P163,2019-11-22,2019-11-22 09:30:58,4.73,0.9874,89,4.55,0.9498,150,5.03,1.0501,1,4.64,0.9686,0,0
IWM191129P163,2019-11-22,2019-11-22 09:30:59,4.73,0.9874,89,4.55,0.9498,150,5.03,1.0501,1,4.64,0.9686,0,0
IWM191129P163,2019-11-22,2019-11-22 09:31:00,4.73,0.9874,89,4.55,0.9498,150,5.03,1.0501,1,4.64,0.9686,0,0
IWM191129P163,2019-11-22,2019-11-22 09:31:01,4.73,0.9874,89,4.55,0.9498,150,5.03,1.0501,1,4.64,0.9686,0,0
IWM191129P163,2019-11-22,2019-11-22 09:31:02,4.76,0.9937,20,4.57,0.954,20,5.03,1.0501,1,4.665,0.9739,0,0
IWM191129P163,2019-11-22,2019-11-22 09:31:02,4.76,0.9937,75,4.56,0.9519,16,5.03,1.0501,1,4.66,0.9728,0,0
IWM191129P163,2019-11-22,2019-11-22 09:31:03,4.76,0.9937,150,4.57,0.954,150,5.03,1.0501,1,4.665,0.9739,0,0
IWM191129P163,2019-11-22,2019-11-22 09:31:04,4.76,0.9937,150,4.57,0.954,150,5.03,1.0501,1,4.665,0.9739,0,0
IWM191129P163,2019-11-22,2019-11-22 09:31:05,4.76,0.9937,14,4.57,0.954,20,5.03,1.0501,1,4.665,0.9739,0,0
IWM191129P163,2019-11-22,2019-11-22 09:31:05,4.76,0.9937,150,4.57,0.954,150,5.03,1.0501,1,4.665,0.9739,0,0
IWM191129P163,2019-11-22,2019-11-22 09:31:06,4.76,0.9937,101,4.57,0.954,150,5.03,1.0501,1,4.665,0.9739,0,0
IWM191129P163,2019-11-22,2019-11-22 09:31:07,4.76,0.9937,20,4.59,0.9582,30,5.03,1.0501,1,4.675,0.9759,0,0
IWM191129P163,2019-11-22,2019-11-22 09:31:07,4.76,0.9937,125,4.59,0.9582,150,5.03,1.0501,1,4.675,0.9759,0,0
IWM191129P163,2019-11-22,2019-11-22 09:31:08,4.76,0.9937,125,4.59,0.9582,150,5.03,1.0501,1,4.675,0.9759,0,0
IWM191129P163,2019-11-22,2019-11-22 09:31:09,4.76,0.9937,80,4.59,0.9582,150,5.03,1.0501,1,4.675,0.9759,0,0
IWM191129P163,2019-11-22,2019-11-22 09:31:10,4.76,0.9937,80,4.59,0.9582,150,5.03,1.0501,1,4.675,0.9759,0,0
IWM191129P163,2019-11-22,2019-11-22 09:31:11,4.76,0.9937,20,4.59,0.9582,20,5.03,1.0501,1,4.675,0.9759,0,0
IWM191129P163,2019-11-22,2019-11-22 09:31:11,4.76,0.9937,115,4.59,0.9582,150,5.03,1.0501,1,4.675,0.9759,0,0
IWM191129P163,2019-11-22,2019-11-22 09:31:12,4.77,0.9958,150,4.59,0.9582,150,5.03,1.0501,1,4.68,0.977,0,0
IWM191129P163,2019-11-22,2019-11-22 09:31:12,4.77,0.9958,116,4.59,0.9582,150,5.03,1.0501,1,4.68,0.977,0,0
IWM191129P163,2019-11-22,2019-11-22 09:31:13,4.77,0.9958,81,4.61,0.9624,30,5.03,1.0501,1,4.69,0.9791,0,0
IWM191129P163,2019-11-22,2019-11-22 09:31:14,4.78,0.9979,81,4.62,0.9645,20,5.03,1.0501,1,4.7,0.9812,0,0
IWM191129P163,2019-11-22,2019-11-22 09:31:14,4.78,0.9979,111,4.61,0.9624,150,5.03,1.0501,1,4.695,0.9801,0,0
IWM191129P163,2019-11-22,2019-11-22 09:31:15,4.78,0.9979,80,4.62,0.9645,150,5.03,1.0501,1,4.7,0.9812,0,0
IWM191129P163,2019-11-22,2019-11-22 09:31:15,4.78,0.9979,103,4.62,0.9645,150,5.03,1.0501,1,4.7,0.9812,0,0
IWM191129P163,2019-11-22,2019-11-22 09:31:16,4.78,0.9979,80,4.62,0.9645,150,5.03,1.0501,1,4.7,0.9812,0,0
IWM191129P163,2019-11-22,2019-11-22 09:31:17,4.81,1.0041,150,4.63,0.9665,30,5.03,1.0501,1,4.72,0.9853,0,0
IWM191129P163,2019-11-22,2019-11-22 09:31:17,4.81,1.0041,150,4.63,0.9665,150,5.03,1.0501,1,4.72,0.9853,0,0
IWM191129P163,2019-11-22,2019-11-22 09:31:18,4.81,1.0041,150,4.63,0.9665,150,5.03,1.0501,1,4.72,0.9853,0,0
IWM191129P163,2019-11-22,2019-11-22 09:31:19,4.81,1.0041,150,4.63,0.9665,105,5.03,1.0501,1,4.72,0.9853,0,0
IWM191129P163,2019-11-22,2019-11-22 09:31:20,4.81,1.0041,150,4.63,0.9665,105,5.03,1.0501,1,4.72,0.9853,0,0
IWM191129P163,2019-11-22,2019-11-22 09:31:20,4.81,1.0041,150,4.63,0.9665,70,5.03,1.0501,1,4.72,0.9853,0,0
IWM191129P163,2019-11-22,2019-11-22 09:31:21,4.81,1.0041,150,4.63,0.9665,70,5.03,1.0501,1,4.72,0.9853,0,0
IWM191129P163,2019-11-22,2019-11-22 09:31:21,4.79,1.0,20,4.63,0.9665,37,5.03,1.0501,1,4.71,0.9832,0,0
IWM191129P163,2019-11-22,2019-11-22 09:31:27,4.79,1.0,150,4.63,0.9665,21,5.03,1.0501,1,4.71,0.9832,0,0
IWM191129P163,2019-11-22,2019-11-22 09:31:28,4.79,1.0,150,4.63,0.9665,86,5.03,1.0501,1,4.71,0.9832,0,0
IWM191129P163,2019-11-22,2019-11-22 09:31:28,4.79,1.0,20,4.63,0.9665,20,5.03,1.0501,1,4.71,0.9832,0,0
IWM191129P163,2019-11-22,2019-11-22 09:31:29,4.79,1.0,150,4.63,0.9665,86,5.03,1.0501,1,4.71,0.9832,0,0
IWM191129P163,2019-11-22,2019-11-22 09:31:30,4.79,1.0,150,4.63,0.9665,86,5.03,1.0501,1,4.71,0.9832,0,0
IWM191129P163,2019-11-22,2019-11-22 09:31:31,4.79,1.0,150,4.63,0.9665,86,5.03,1.0501,1,4.71,0.9832,0,0
IWM191129P163,2019-11-22,2019-11-22 09:31:31,4.79,1.0,25,4.63,0.9665,60,5.03,1.0501,1,4.71,0.9832,0,0
IWM191129P163,2019-11-22,2019-11-22 09:31:32,4.79,1.0,150,4.63,0.9665,50,5.03,1.0501,1,4.71,0.9832,0,0
IWM191129P163,2019-11-22,2019-11-22 09:31:33,4.79,1.0,20,4.63,0.9665,30,5.03,1.0501,1,4.71,0.9832,0,0
IWM191129P163,2019-11-22,2019-11-22 09:31:36,4.79,1.0,150,4.63,0.9665,90,5.03,1.0501,1,4.71,0.9832,0,0
IWM191129P163,2019-11-22,2019-11-22 09:31:37,4.79,1.0,150,4.63,0.9665,90,5.03,1.0501,1,4.71,0.9832,0,0
IWM191129P163,2019-11-22,2019-11-22 09:31:38,4.79,1.0,150,4.63,0.9665,90,5.03,1.0501,1,4.71,0.9832,0,0
IWM191129P163,2019-11-22,2019-11-22 09:31:39,4.79,1.0,150,4.63,0.9665,90,5.03,1.0501,1,4.71,0.9832,0,0
IWM191129P163,2019-11-22,2019-11-22 09:31:40,4.79,1.0,150,4.63,0.9665,90,5.03,1.0501,1,4.71,0.9832,0,0
IWM191129P163,2019-11-22,2019-11-22 09:31:41,4.79,1.0,150,4.63,0.9665,90,5.03,1.0501,1,4.71,0.9832,0,0
IWM191129P163,2019-11-22,2019-11-22 09:31:43,4.79,1.0,51,4.63,0.9665,112,5.03,1.0501,1,4.71,0.9832,0,0
IWM191129P163,2019-11-22,2019-11-22 09:31:44,4.79,1.0,87,4.63,0.9665,102,5.03,1.0501,1,4.71,0.9832,0,0
IWM191129P163,2019-11-22,2019-11-22 09:31:44,4.79,1.0,87,4.63,0.9665,103,5.03,1.0501,1,4.71,0.9832,0,0
IWM191129P163,2019-11-22,2019-11-22 09:31:45,4.79,1.0,10,4.63,0.9665,20,5.03,1.0501,1,4.71,0.9832,0,0
IWM191129P163,2019-11-22,2019-11-22 09:31:45,4.79,1.0,150,4.63,0.9665,65,5.03,1.0501,1,4.71,0.9832,0,0
IWM191129P163,2019-11-22,2019-11-22 09:31:46,4.79,1.0,150,4.63,0.9665,100,5.03,1.0501,1,4.71,0.9832,0,0
IWM191129P163,2019-11-22,2019-11-22 09:31:49,4.79,1.0,44,4.63,0.9665,183,5.03,1.0501,1,4.71,0.9832,0,0
IWM191129P163,2019-11-22,2019-11-22 09:31:50,4.79,1.0,52,4.63,0.9665,236,5.03,1.0501,1,4.71,0.9832,0,0
IWM191129P163,2019-11-22,2019-11-22 09:31:50,4.79,1.0,44,4.63,0.9665,236,5.03,1.0501,1,4.71,0.9832,0,0
IWM191129P163,2019-11-22,2019-11-22 09:31:51,4.79,1.0,52,4.63,0.9665,185,5.03,1.0501,1,4.71,0.9832,0,0
IWM191129P163,2019-11-22,2019-11-22 09:31:51,4.79,1.0,52,4.63,0.9665,220,5.03,1.0501,1,4.71,0.9832,0,0
IWM191129P163,2019-11-22,2019-11-22 09:31:52,4.79,1.0,52,4.63,0.9665,150,5.03,1.0501,1,4.71,0.9832,0,0
IWM191129P163,2019-11-22,2019-11-22 09:31:52,4.79,1.0,52,4.63,0.9665,185,5.03,1.0501,1,4.71,0.9832,0,0
IWM191129P163,2019-11-22,2019-11-22 09:31:53,4.79,1.0,52,4.63,0.9665,150,5.03,1.0501,1,4.71,0.9832,0,0
IWM191129P163,2019-11-22,2019-11-22 09:31:59,4.79,1.0,34,4.64,0.9686,207,5.03,1.0501,1,4.715,0.9843,0,0
IWM191129P163,2019-11-22,2019-11-22 09:32:00,4.79,1.0,10,4.65,0.9707,130,5.03,1.0501,1,4.72,0.9853,0,0
IWM191129P163,2019-11-22,2019-11-22 09:32:01,4.8,1.002,30,4.65,0.9707,150,5.03,1.0501,1,4.725,0.9864,0,0
IWM191129P163,2019-11-22,2019-11-22 09:32:01,4.82,1.0062,129,4.65,0.9707,130,5.03,1.0501,1,4.735,0.9885,0,0
IWM191129P163,2019-11-22,2019-11-22 09:32:02,4.8,1.002,51,4.65,0.9707,212,5.03,1.0501,1,4.725,0.9864,0,0
IWM191129P163,2019-11-22,2019-11-22 09:32:03,4.8,1.002,51,4.65,0.9707,265,5.03,1.0501,1,4.725,0.9864,0,0
IWM191129P163,2019-11-22,2019-11-22 09:32:04,4.8,1.002,67,4.65,0.9707,234,5.03,1.0501,1,4.725,0.9864,0,0
IWM191129P163,2019-11-22,2019-11-22 09:32:04,4.8,1.002,51,4.65,0.9707,234,5.03,1.0501,1,4.725,0.9864,0,0
IWM191129P163,2019-11-22,2019-11-22 09:32:05,4.8,1.002,97,4.65,0.9707,150,5.03,1.0501,1,4.725,0.9864,0,0
IWM191129P163,2019-11-22,2019-11-22 09:32:05,4.8,1.002,51,4.65,0.9707,150,5.03,1.0501,1,4.725,0.9864,0,0
IWM191129P163,2019-11-22,2019-11-22 09:32:06,4.8,1.002,85,4.65,0.9707,178,5.03,1.0501,1,4.725,0.9864,0,0
IWM191129P163,2019-11-22,2019-11-22 09:32:06,4.8,1.002,68,4.65,0.9707,228,5.03,1.0501,1,4.725,0.9864,0,0
IWM191129P163,2019-11-22,2019-11-22 09:32:07,4.8,1.002,85,4.65,0.9707,58,5.03,1.0501,1,4.725,0.9864,0,0
IWM191129P163,2019-11-22,2019-11-22 09:32:07,4.8,1.002,120,4.65,0.9707,10,5.03,1.0501,1,4.725,0.9864,0,0
IWM191129P163,2019-11-22,2019-11-22 09:32:08,4.79,1.0,164,4.61,0.9624,98,5.03,1.0501,1,4.7,0.9812,0,0
IWM191129P163,2019-11-22,2019-11-22 09:32:09,4.79,1.0,164,4.61,0.9624,207,5.03,1.0501,1,4.7,0.9812,0,0
IWM191129P163,2019-11-22,2019-11-22 09:32:10,4.79,1.0,150,4.61,0.9624,31,5.03,1.0501,1,4.7,0.9812,0,0
IWM191129P163,2019-11-22,2019-11-22 09:32:11,4.79,1.0,67,4.63,0.9665,120,5.03,1.0501,1,4.71,0.9832,0,0
IWM191129P163,2019-11-22,2019-11-22 09:32:11,4.79,1.0,150,4.61,0.9624,201,5.03,1.0501,1,4.7,0.9812,0,0
IWM191129P163,2019-11-22,2019-11-22 09:32:12,4.79,1.0,101,4.63,0.9665,164,5.03,1.0501,1,4.71,0.9832,0,0
IWM191129P163,2019-11-22,2019-11-22 09:32:12,4.79,1.0,101,4.63,0.9665,203,5.03,1.0501,1,4.71,0.9832,0,0
IWM191129P163,2019-11-22,2019-11-22 09:32:13,4.79,1.0,101,4.63,0.9665,164,5.03,1.0501,1,4.71,0.9832,0,0
IWM191129P163,2019-11-22,2019-11-22 09:32:14,4.79,1.0,101,4.63,0.9665,150,5.03,1.0501,1,4.71,0.9832,0,0
IWM191129P163,2019-11-22,2019-11-22 09:32:14,4.79,1.0,108,4.63,0.9665,106,5.03,1.0501,1,4.71,0.9832,0,0
IWM191129P163,2019-11-22,2019-11-22 09:32:15,4.79,1.0,108,4.63,0.9665,106,5.03,1.0501,1,4.71,0.9832,0,0
IWM191129P163,2019-11-22,2019-11-22 09:32:16,4.79,1.0,150,4.63,0.9665,44,5.03,1.0501,1,4.71,0.9832,0,0
IWM191129P163,2019-11-22,2019-11-22 09:32:16,4.79,1.0,108,4.63,0.9665,99,5.03,1.0501,1,4.71,0.9832,0,0
IWM191129P163,2019-11-22,2019-11-22 09:32:17,4.79,1.0,150,4.63,0.9665,44,5.03,1.0501,1,4.71,0.9832,0,0
IWM191129P163,2019-11-22,2019-11-22 09:32:18,4.79,1.0,150,4.63,0.9665,50,5.03,1.0501,1,4.71,0.9832,0,0
IWM191129P163,2019-11-22,2019-11-22 09:32:18,4.79,1.0,150,4.63,0.9665,44,5.03,1.0501,1,4.71,0.9832,0,0
IWM191129P163,2019-11-22,2019-11-22 09:32:19,4.79,1.0,150,4.63,0.9665,72,5.03,1.0501,1,4.71,0.9832,0,0
IWM191129P163,2019-11-22,2019-11-22 09:32:20,4.79,1.0,150,4.63,0.9665,88,5.03,1.0501,1,4.71,0.9832,0,0
IWM191129P163,2019-11-22,2019-11-22 09:32:20,4.79,1.0,150,4.63,0.9665,78,5.03,1.0501,1,4.71,0.9832,0,0
IWM191129P163,2019-11-22,2019-11-22 09:32:21,4.79,1.0,150,4.63,0.9665,78,5.03,1.0501,1,4.71,0.9832,0,0
IWM191129P163,2019-11-22,2019-11-22 09:32:21,4.79,1.0,150,4.63,0.9665,88,5.03,1.0501,1,4.71,0.9832,0,0
IWM191129P163,2019-11-22,2019-11-22 09:32:22,4.79,1.0,150,4.63,0.9665,88,5.03,1.0501,1,4.71,0.9832,0,0
IWM191129P163,2019-11-22,2019-11-22 09:32:23,4.79,1.0,150,4.63,0.9665,78,5.03,1.0501,1,4.71,0.9832,0,0
IWM191129P163,2019-11-22,2019-11-22 09:32:23,4.79,1.0,150,4.63,0.9665,88,5.03,1.0501,1,4.71,0.9832,0,0
IWM191129P163,2019-11-22,2019-11-22 09:32:24,4.79,1.0,150,4.63,0.9665,88,5.03,1.0501,1,4.71,0.9832,0,0
IWM191129P163,2019-11-22,2019-11-22 09:32:25,4.79,1.0,150,4.63,0.9665,88,5.03,1.0501,1,4.71,0.9832,0,0
IWM191129P163,2019-11-22,2019-11-22 09:32:25,4.79,1.0,150,4.63,0.9665,107,5.03,1.0501,1,4.71,0.9832,0,0
IWM191129P163,2019-11-22,2019-11-22 09:32:26,4.79,1.0,150,4.63,0.9665,107,5.03,1.0501,1,4.71,0.9832,0,0
IWM191129P163,2019-11-22,2019-11-22 09:32:27,4.79,1.0,150,4.63,0.9665,107,5.03,1.0501,1,4.71,0.9832,0,0
IWM191129P163,2019-11-22,2019-11-22 09:32:27,4.79,1.0,150,4.63,0.9665,10,5.03,1.0501,1,4.71,0.9832,0,0
IWM191129P163,2019-11-22,2019-11-22 09:32:28,4.79,1.0,27,4.65,0.9707,120,5.03,1.0501,1,4.72,0.9853,0,0
IWM191129P163,2019-11-22,2019-11-22 09:32:29,4.83,1.0083,16,4.65,0.9707,198,5.03,1.0501,1,4.74,0.9895,0,0
IWM191129P163,2019-11-22,2019-11-22 09:32:30,4.83,1.0083,56,4.69,0.9791,120,5.03,1.0501,1,4.76,0.9937,0,0
IWM191129P163,2019-11-22,2019-11-22 09:32:30,4.83,1.0083,56,4.68,0.977,150,5.03,1.0501,1,4.755,0.9926,0,0
IWM191129P163,2019-11-22,2019-11-22 09:32:31,4.83,1.0083,51,4.69,0.9791,162,5.03,1.0501,1,4.76,0.9937,0,0
IWM191129P163,2019-11-22,2019-11-22 09:32:31,4.83,1.0083,51,4.69,0.9791,150,5.03,1.0501,1,4.76,0.9937,0,0
IWM191129P163,2019-11-22,2019-11-22 09:32:32,4.83,1.0083,59,4.69,0.9791,150,5.03,1.0501,1,4.76,0.9937,0,0
IWM191129P163,2019-11-22,2019-11-22 09:32:32,4.83,1.0083,23,4.69,0.9791,162,5.03,1.0501,1,4.76,0.9937,0,0
IWM191129P163,2019-11-22,2019-11-22 09:32:33,4.83,1.0083,101,4.69,0.9791,170,5.03,1.0501,1,4.76,0.9937,0,0
IWM191129P163,2019-11-22,2019-11-22 09:32:33,4.83,1.0083,101,4.69,0.9791,109,5.03,1.0501,1,4.76,0.9937,0,0
IWM191129P163,2019-11-22,2019-11-22 09:32:34,4.83,1.0083,101,4.69,0.9791,109,5.03,1.0501,1,4.76,0.9937,0,0
IWM191129P163,2019-11-22,2019-11-22 09:32:35,4.83,1.0083,101,4.69,0.9791,109,5.03,1.0501,1,4.76,0.9937,0,0
IWM191129P163,2019-11-22,2019-11-22 09:32:36,4.83,1.0083,70,4.69,0.9791,109,5.03,1.0501,1,4.76,0.9937,0,0
IWM191129P163,2019-11-22,2019-11-22 09:32:37,4.83,1.0083,65,4.69,0.9791,109,5.03,1.0501,1,4.76,0.9937,0,0
IWM191129P163,2019-11-22,2019-11-22 09:32:37,4.83,1.0083,70,4.69,0.9791,109,5.03,1.0501,1,4.76,0.9937,0,0
IWM191129P163,2019-11-22,2019-11-22 09:32:38,4.85,1.0125,87,4.69,0.9791,109,5.03,1.0501,1,4.77,0.9958,0,0
IWM191129P163,2019-11-22,2019-11-22 09:32:39,4.85,1.0125,55,4.69,0.9791,147,5.03,1.0501,1,4.77,0.9958,0,0
IWM191129P163,2019-11-22,2019-11-22 09:32:39,4.85,1.0125,87,4.69,0.9791,109,5.03,1.0501,1,4.77,0.9958,0,0
IWM191129P163,2019-11-22,2019-11-22 09:32:40,4.85,1.0125,88,4.69,0.9791,157,5.03,1.0501,1,4.77,0.9958,0,0
IWM191129P163,2019-11-22,2019-11-22 09:32:40,4.85,1.0125,88,4.69,0.9791,194,5.03,1.0501,1,4.77,0.9958,0,0
IWM191129P163,2019-11-22,2019-11-22 09:32:41,4.85,1.0125,88,4.69,0.9791,157,5.03,1.0501,1,4.77,0.9958,0,0
IWM191129P163,2019-11-22,2019-11-22 09:32:41,4.85,1.0125,58,4.69,0.9791,157,5.03,1.0501,1,4.77,0.9958,0,0
IWM191129P163,2019-11-22,2019-11-22 09:32:42,4.85,1.0125,58,4.69,0.9791,157,5.03,1.0501,1,4.77,0.9958,0,0
IWM191129P163,2019-11-22,2019-11-22 09:32:43,4.85,1.0125,58,4.69,0.9791,157,5.03,1.0501,1,4.77,0.9958,0,0
IWM191129P163,2019-11-22,2019-11-22 09:32:43,4.85,1.0125,87,4.69,0.9791,157,5.03,1.0501,1,4.77,0.9958,0,0
IWM191129P163,2019-11-22,2019-11-22 09:32:44,4.85,1.0125,87,4.69,0.9791,157,5.03,1.0501,1,4.77,0.9958,0,0
IWM191129P163,2019-11-22,2019-11-22 09:32:45,4.85,1.0125,87,4.69,0.9791,157,5.03,1.0501,1,4.77,0.9958,0,0
IWM191129P163,2019-11-22,2019-11-22 09:32:46,4.85,1.0125,55,4.69,0.9791,157,5.03,1.0501,1,4.77,0.9958,0,0
IWM191129P163,2019-11-22,2019-11-22 09:32:46,4.85,1.0125,87,4.69,0.9791,91,5.03,1.0501,1,4.77,0.9958,0,0
IWM191129P163,2019-11-22,2019-11-22 09:32:47,4.85,1.0125,150,4.69,0.9791,150,5.03,1.0501,1,4.77,0.9958,0,0
IWM191129P163,2019-11-22,2019-11-22 09:32:48,4.85,1.0125,150,4.69,0.9791,150,5.03,1.0501,1,4.77,0.9958,0,0
IWM191129P163,2019-11-22,2019-11-22 09:32:49,4.85,1.0125,150,4.69,0.9791,150,5.03,1.0501,1,4.77,0.9958,0,0
IWM191129P163,2019-11-22,2019-11-22 09:32:50,4.85,1.0125,150,4.69,0.9791,150,5.03,1.0501,1,4.77,0.9958,0,0
IWM191129P163,2019-11-22,2019-11-22 09:32:51,4.85,1.0125,150,4.69,0.9791,150,5.03,1.0501,1,4.77,0.9958,0,0
IWM191129P163,2019-11-22,2019-11-22 09:32:52,4.84,1.0104,150,4.69,0.9791,28,5.03,1.0501,1,4.765,0.9947,0,0
IWM191129P163,2019-11-22,2019-11-22 09:32:52,4.85,1.0125,150,4.69,0.9791,101,5.03,1.0501,1,4.77,0.9958,0,0
IWM191129P163,2019-11-22,2019-11-22 09:32:53,4.83,1.0083,150,4.69,0.9791,22,5.03,1.0501,1,4.76,0.9937,0,0
IWM191129P163,2019-11-22,2019-11-22 09:32:53,4.84,1.0104,150,4.69,0.9791,22,5.03,1.0501,1,4.765,0.9947,0,0
IWM191129P163,2019-11-22,2019-11-22 09:32:54,4.83,1.0083,150,4.69,0.9791,34,5.03,1.0501,1,4.76,0.9937,0,0
IWM191129P163,2019-11-22,2019-11-22 09:32:54,4.83,1.0083,150,4.69,0.9791,22,5.03,1.0501,1,4.76,0.9937,0,0
IWM191129P163,2019-11-22,2019-11-22 09:32:55,4.83,1.0083,150,4.69,0.9791,18,5.03,1.0501,1,4.76,0.9937,0,0
IWM191129P163,2019-11-22,2019-11-22 09:32:56,4.83,1.0083,150,4.69,0.9791,39,5.03,1.0501,1,4.76,0.9937,0,0
IWM191129P163,2019-11-22,2019-11-22 09:32:57,4.83,1.0083,150,4.69,0.9791,71,5.03,1.0501,1,4.76,0.9937,0,0
IWM191129P163,2019-11-22,2019-11-22 09:32:58,4.83,1.0083,150,4.68,0.977,15,5.03,1.0501,1,4.755,0.9926,0,0
IWM191129P163,2019-11-22,2019-11-22 09:32:58,4.83,1.0083,150,4.69,0.9791,48,5.03,1.0501,1,4.76,0.9937,0,0
IWM191129P163,2019-11-22,2019-11-22 09:32:59,4.82,1.0062,162,4.67,0.9749,30,5.03,1.0501,1,4.745,0.9906,0,0
IWM191129P163,2019-11-22,2019-11-22 09:32:59,4.82,1.0062,162,4.68,0.977,15,5.03,1.0501,1,4.75,0.9916,0,0
IWM191129P163,2019-11-22,2019-11-22 09:33:00,4.82,1.0062,162,4.67,0.9749,47,5.03,1.0501,1,4.745,0.9906,0,0
IWM191129P163,2019-11-22,2019-11-22 09:33:00,4.82,1.0062,162,4.67,0.9749,33,5.03,1.0501,1,4.745,0.9906,0,0
IWM191129P163,2019-11-22,2019-11-22 09:33:01,4.82,1.0062,162,4.67,0.9749,37,5.03,1.0501,1,4.745,0.9906,0,0
IWM191129P163,2019-11-22,2019-11-22 09:33:01,4.82,1.0062,162,4.67,0.9749,38,5.03,1.0501,1,4.745,0.9906,0,0
IWM191129P163,2019-11-22,2019-11-22 09:33:02,4.82,1.0062,162,4.67,0.9749,37,5.03,1.0501,1,4.745,0.9906,0,0
IWM191129P163,2019-11-22,2019-11-22 09:33:02,4.82,1.0062,162,4.67,0.9749,26,5.03,1.0501,1,4.745,0.9906,0,0
IWM191129P163,2019-11-22,2019-11-22 09:33:03,4.82,1.0062,162,4.67,0.9749,44,5.03,1.0501,1,4.745,0.9906,0,0
IWM191129P163,2019-11-22,2019-11-22 09:33:04,4.82,1.0062,162,4.67,0.9749,42,5.03,1.0501,1,4.745,0.9906,0,0
IWM191129P163,2019-11-22,2019-11-22 09:33:04,4.82,1.0062,162,4.67,0.9749,59,5.03,1.0501,1,4.745,0.9906,0,0
IWM191129P163,2019-11-22,2019-11-22 09:33:05,4.81,1.0041,150,4.67,0.9749,59,5.03,1.0501,1,4.74,0.9895,0,0
IWM191129P163,2019-11-22,2019-11-22 09:33:06,4.81,1.0041,150,4.67,0.9749,70,5.03,1.0501,1,4.74,0.9895,0,0
IWM191129P163,2019-11-22,2019-11-22 09:33:07,4.81,1.0041,150,4.67,0.9749,70,5.03,1.0501,1,4.74,0.9895,0,0
IWM191129P163,2019-11-22,2019-11-22 09:33:08,4.81,1.0041,150,4.67,0.9749,80,5.03,1.0501,1,4.74,0.9895,0,0
IWM191129P163,2019-11-22,2019-11-22 09:33:08,4.81,1.0041,150,4.67,0.9749,70,5.03,1.0501,1,4.74,0.9895,0,0
IWM191129P163,2019-11-22,2019-11-22 09:33:09,4.82,1.0062,44,4.68,0.977,130,5.03,1.0501,1,4.75,0.9916,0,0
IWM191129P163,2019-11-22,2019-11-22 09:33:09,4.81,1.0041,35,4.67,0.9749,150,5.03,1.0501,1,4.74,0.9895,0,0
IWM191129P163,2019-11-22,2019-11-22 09:33:10,4.85,1.0125,123,4.68,0.977,207,5.03,1.0501,1,4.765,0.9947,0,0
IWM191129P163,2019-11-22,2019-11-22 09:33:11,4.85,1.0125,123,4.68,0.977,207,5.03,1.0501,1,4.765,0.9947,0,0
IWM191129P163,2019-11-22,2019-11-22 09:33:12,4.86,1.0146,40,4.68,0.977,195,5.03,1.0501,1,4.77,0.9958,0,0
IWM191129P163,2019-11-22,2019-11-22 09:33:12,4.85,1.0125,60,4.7,0.9812,130,5.03,1.0501,1,4.775,0.9968,0,0
IWM191129P163,2019-11-22,2019-11-22 09:33:13,4.85,1.0125,26,4.7,0.9812,150,5.03,1.0501,1,4.775,0.9968,0,0
IWM191129P163,2019-11-22,2019-11-22 09:33:13,4.85,1.0125,84,4.7,0.9812,216,5.03,1.0501,1,4.775,0.9968,0,0
IWM191129P163,2019-11-22,2019-11-22 09:33:14,4.85,1.0125,84,4.7,0.9812,216,5.03,1.0501,1,4.775,0.9968,0,0
IWM191129P163,2019-11-22,2019-11-22 09:33:15,4.85,1.0125,84,4.7,0.9812,164,5.03,1.0501,1,4.775,0.9968,0,0
IWM191129P163,2019-11-22,2019-11-22 09:33:16,4.85,1.0125,105,4.7,0.9812,135,5.03,1.0501,1,4.775,0.9968,0,0
IWM191129P163,2019-11-22,2019-11-22 09:33:16,4.85,1.0125,105,4.7,0.9812,150,5.03,1.0501,1,4.775,0.9968,0,0
IWM191129P163,2019-11-22,2019-11-22 09:33:17,4.85,1.0125,105,4.7,0.9812,135,5.03,1.0501,1,4.775,0.9968,0,0
IWM191129P163,2019-11-22,2019-11-22 09:33:17,4.85,1.0125,105,4.7,0.9812,110,5.03,1.0501,1,4.775,0.9968,0,0
IWM191129P163,2019-11-22,2019-11-22 09:33:18,4.85,1.0125,105,4.7,0.9812,110,5.03,1.0501,1,4.775,0.9968,0,0
IWM191129P163,2019-11-22,2019-11-22 09:33:19,4.85,1.0125,105,4.7,0.9812,110,5.03,1.0501,1,4.775,0.9968,0,0
IWM191129P163,2019-11-22,2019-11-22 09:33:20,4.85,1.0125,105,4.7,0.9812,131,5.03,1.0501,1,4.775,0.9968,0,0
IWM191129P163,2019-11-22,2019-11-22 09:33:20,4.85,1.0125,105,4.7,0.9812,110,5.03,1.0501,1,4.775,0.9968,0,0
IWM191129P163,2019-11-22,2019-11-22 09:33:21,4.85,1.0125,105,4.7,0.9812,131,5.03,1.0501,1,4.775,0.9968,0,0
IWM191129P163,2019-11-22,2019-11-22 09:33:22,4.85,1.0125,105,4.7,0.9812,131,5.03,1.0501,1,4.775,0.9968,0,0
IWM191129P163,2019-11-22,2019-11-22 09:33:23,4.85,1.0125,105,4.7,0.9812,131,5.03,1.0501,1,4.775,0.9968,0,0
IWM191129P163,2019-11-22,2019-11-22 09:33:24,4.85,1.0125,105,4.7,0.9812,79,5.03,1.0501,1,4.775,0.9968,0,0
IWM191129P163,2019-11-22,2019-11-22 09:33:25,4.85,1.0125,105,4.7,0.9812,60,5.03,1.0501,1,4.775,0.9968,0,0
IWM191129P163,2019-11-22,2019-11-22 09:33:25,4.85,1.0125,105,4.7,0.9812,79,5.03,1.0501,1,4.775,0.9968,0,0
IWM191129P163,2019-11-22,2019-11-22 09:33:26,4.85,1.0125,105,4.7,0.9812,60,5.03,1.0501,1,4.775,0.9968,0,0
IWM191129P163,2019-11-22,2019-11-22 09:33:27,4.85,1.0125,105,4.7,0.9812,25,5.03,1.0501,1,4.775,0.9968,0,0
IWM191129P163,2019-11-22,2019-11-22 09:33:27,4.83,1.0083,110,4.69,0.9791,45,5.03,1.0501,1,4.76,0.9937,0,0
IWM191129P163,2019-11-22,2019-11-22 09:33:28,4.84,1.0104,20,4.65,0.9707,30,5.03,1.0501,1,4.745,0.9906,0,0
IWM191129P163,2019-11-22,2019-11-22 09:33:28,4.83,1.0083,47,4.68,0.977,6,5.03,1.0501,1,4.755,0.9926,0,0
IWM191129P163,2019-11-22,2019-11-22 09:33:29,4.84,1.0104,120,4.68,0.977,130,5.03,1.0501,1,4.76,0.9937,0,0
IWM191129P163,2019-11-22,2019-11-22 09:33:29,4.84,1.0104,150,4.68,0.977,130,5.03,1.0501,1,4.76,0.9937,0,0
IWM191129P163,2019-11-22,2019-11-22 09:33:30,4.84,1.0104,150,4.68,0.977,130,5.03,1.0501,1,4.76,0.9937,0,0
IWM191129P163,2019-11-22,2019-11-22 09:33:31,4.84,1.0104,150,4.68,0.977,130,5.03,1.0501,1,4.76,0.9937,0,0
IWM191129P163,2019-11-22,2019-11-22 09:33:32,4.84,1.0104,150,4.68,0.977,130,5.03,1.0501,1,4.76,0.9937,0,0
IWM191129P163,2019-11-22,2019-11-22 09:33:33,4.84,1.0104,117,4.68,0.977,130,5.03,1.0501,1,4.76,0.9937,0,0
IWM191129P163,2019-11-22,2019-11-22 09:33:33,4.84,1.0104,150,4.68,0.977,130,5.03,1.0501,1,4.76,0.9937,0,0
IWM191129P163,2019-11-22,2019-11-22 09:33:34,4.84,1.0104,117,4.68,0.977,130,5.03,1.0501,1,4.76,0.9937,0,0
IWM191129P163,2019-11-22,2019-11-22 09:33:35,4.84,1.0104,117,4.68,0.977,130,5.03,1.0501,1,4.76,0.9937,0,0
IWM191129P163,2019-11-22,2019-11-22 09:33:36,4.84,1.0104,130,4.68,0.977,54,5.03,1.0501,1,4.76,0.9937,0,0
IWM191129P163,2019-11-22,2019-11-22 09:33:36,4.84,1.0104,117,4.68,0.977,130,5.03,1.0501,1,4.76,0.9937,0,0
IWM191129P163,2019-11-22,2019-11-22 09:33:37,4.84,1.0104,120,4.68,0.977,54,5.03,1.0501,1,4.76,0.9937,0,0
IWM191129P163,2019-11-22,2019-11-22 09:33:38,4.84,1.0104,120,4.68,0.977,54,5.03,1.0501,1,4.76,0.9937,0,0
IWM191129P163,2019-11-22,2019-11-22 09:33:38,4.84,1.0104,150,4.68,0.977,108,5.03,1.0501,1,4.76,0.9937,0,0
IWM191129P163,2019-11-22,2019-11-22 09:33:39,4.84,1.0104,150,4.68,0.977,108,5.03,1.0501,1,4.76,0.9937,0,0
IWM191129P163,2019-11-22,2019-11-22 09:33:40,4.84,1.0104,150,4.68,0.977,155,5.03,1.0501,1,4.76,0.9937,0,0
IWM191129P163,2019-11-22,2019-11-22 09:33:41,4.84,1.0104,150,4.68,0.977,155,5.03,1.0501,1,4.76,0.9937,0,0
IWM191129P163,2019-11-22,2019-11-22 09:33:42,4.84,1.0104,150,4.68,0.977,155,5.03,1.0501,1,4.76,0.9937,0,0
IWM191129P163,2019-11-22,2019-11-22 09:33:43,4.84,1.0104,150,4.68,0.977,155,5.03,1.0501,1,4.76,0.9937,0,0
IWM191129P163,2019-11-22,2019-11-22 09:33:44,4.84,1.0104,150,4.68,0.977,155,5.03,1.0501,1,4.76,0.9937,0,0
IWM191129P163,2019-11-22,2019-11-22 09:33:45,4.84,1.0104,150,4.68,0.977,155,5.03,1.0501,1,4.76,0.9937,0,0
IWM191129P163,2019-11-22,2019-11-22 09:33:45,4.84,1.0104,86,4.68,0.977,119,5.03,1.0501,1,4.76,0.9937,0,0
IWM191129P163,2019-11-22,2019-11-22 09:33:46,4.84,1.0104,141,4.68,0.977,155,5.03,1.0501,1,4.76,0.9937,0,0
IWM191129P163,2019-11-22,2019-11-22 09:33:47,4.84,1.0104,141,4.68,0.977,155,5.03,1.0501,1,4.76,0.9937,0,0
IWM191129P163,2019-11-22,2019-11-22 09:33:48,4.84,1.0104,141,4.68,0.977,155,5.03,1.0501,1,4.76,0.9937,0,0
IWM191129P163,2019-11-22,2019-11-22 09:33:49,4.84,1.0104,92,4.7,0.9812,166,5.03,1.0501,1,4.77,0.9958,0,0
IWM191129P163,2019-11-22,2019-11-22 09:33:49,4.84,1.0104,92,4.7,0.9812,114,5.03,1.0501,1,4.77,0.9958,0,0
IWM191129P163,2019-11-22,2019-11-22 09:33:50,4.84,1.0104,92,4.7,0.9812,166,5.03,1.0501,1,4.77,0.9958,0,0
IWM191129P163,2019-11-22,2019-11-22 09:33:50,4.84,1.0104,60,4.7,0.9812,166,5.03,1.0501,1,4.77,0.9958,0,0
IWM191129P163,2019-11-22,2019-11-22 09:33:51,4.84,1.0104,60,4.7,0.9812,172,5.03,1.0501,1,4.77,0.9958,0,0
IWM191129P163,2019-11-22,2019-11-22 09:33:52,4.84,1.0104,60,4.7,0.9812,150,5.03,1.0501,1,4.77,0.9958,0,0
IWM191129P163,2019-11-22,2019-11-22 09:33:53,4.84,1.0104,60,4.7,0.9812,150,5.03,1.0501,1,4.77,0.9958,0,0
IWM191129P163,2019-11-22,2019-11-22 09:33:54,4.84,1.0104,60,4.7,0.9812,150,5.03,1.0501,1,4.77,0.9958,0,0
IWM191129P163,2019-11-22,2019-11-22 09:33:55,4.89,1.0208,111,4.71,0.9832,114,5.03,1.0501,1,4.8,1.002,0,0
IWM191129P163,2019-11-22,2019-11-22 09:33:55,4.84,1.0104,10,4.7,0.9812,150,5.03,1.0501,1,4.77,0.9958,0,0
IWM191129P163,2019-11-22,2019-11-22 09:33:56,4.86,1.0146,12,4.73,0.9874,110,5.03,1.0501,1,4.795,1.001,0,0
IWM191129P163,2019-11-22,2019-11-22 09:33:56,4.86,1.0146,12,4.72,0.9853,10,5.03,1.0501,1,4.79,1.0,0,0
IWM191129P163,2019-11-22,2019-11-22 09:33:57,4.89,1.0208,133,4.74,0.9895,176,5.03,1.0501,1,4.815,1.0052,0,0
IWM191129P163,2019-11-22,2019-11-22 09:33:58,4.89,1.0208,61,4.75,0.9916,162,5.03,1.0501,1,4.82,1.0062,0,0
IWM191129P163,2019-11-22,2019-11-22 09:33:58,4.89,1.0208,32,4.76,0.9937,107,5.03,1.0501,1,4.825,1.0073,0,0
IWM191129P163,2019-11-22,2019-11-22 09:33:59,4.89,1.0208,32,4.76,0.9937,147,5.03,1.0501,1,4.825,1.0073,0,0
IWM191129P163,2019-11-22,2019-11-22 09:34:00,4.89,1.0208,91,4.76,0.9937,160,5.03,1.0501,1,4.825,1.0073,0,0
IWM191129P163,2019-11-22,2019-11-22 09:34:00,4.89,1.0208,91,4.76,0.9937,147,5.03,1.0501,1,4.825,1.0073,0,0
IWM191129P163,2019-11-22,2019-11-22 09:34:01,4.89,1.0208,91,4.76,0.9937,110,5.03,1.0501,1,4.825,1.0073,0,0
IWM191129P163,2019-11-22,2019-11-22 09:34:02,4.89,1.0208,91,4.76,0.9937,75,5.03,1.0501,1,4.825,1.0073,0,0
IWM191129P163,2019-11-22,2019-11-22 09:34:02,4.89,1.0208,91,4.76,0.9937,110,5.03,1.0501,1,4.825,1.0073,0,0
IWM191129P163,2019-11-22,2019-11-22 09:34:03,4.89,1.0208,91,4.76,0.9937,75,5.03,1.0501,1,4.825,1.0073,0,0
IWM191129P163,2019-11-22,2019-11-22 09:34:04,4.89,1.0208,110,4.76,0.9937,42,5.03,1.0501,1,4.825,1.0073,0,0
IWM191129P163,2019-11-22,2019-11-22 09:34:04,4.89,1.0208,91,4.76,0.9937,75,5.03,1.0501,1,4.825,1.0073,0,0
IWM191129P163,2019-11-22,2019-11-22 09:34:05,4.89,1.0208,111,4.76,0.9937,42,5.03,1.0501,1,4.825,1.0073,0,0
IWM191129P163,2019-11-22,2019-11-22 09:34:05,4.89,1.0208,91,4.76,0.9937,42,5.03,1.0501,1,4.825,1.0073,0,0
IWM191129P163,2019-11-22,2019-11-22 09:34:06,4.89,1.0208,111,4.76,0.9937,42,5.03,1.0501,1,4.825,1.0073,0,0
IWM191129P163,2019-11-22,2019-11-22 09:34:07,4.89,1.0208,111,4.76,0.9937,67,5.03,1.0501,1,4.825,1.0073,0,0
IWM191129P163,2019-11-22,2019-11-22 09:34:07,4.89,1.0208,111,4.76,0.9937,42,5.03,1.0501,1,4.825,1.0073,0,0
IWM191129P163,2019-11-22,2019-11-22 09:34:08,4.89,1.0208,111,4.76,0.9937,67,5.03,1.0501,1,4.825,1.0073,0,0
IWM191129P163,2019-11-22,2019-11-22 09:34:09,4.89,1.0208,91,4.76,0.9937,67,5.03,1.0501,1,4.825,1.0073,0,0
IWM191129P163,2019-11-22,2019-11-22 09:34:09,4.89,1.0208,111,4.76,0.9937,67,5.03,1.0501,1,4.825,1.0073,0,0
IWM191129P163,2019-11-22,2019-11-22 09:34:10,4.89,1.0208,91,4.76,0.9937,67,5.03,1.0501,1,4.825,1.0073,0,0
IWM191129P163,2019-11-22,2019-11-22 09:34:10,4.89,1.0208,91,4.76,0.9937,55,5.03,1.0501,1,4.825,1.0073,0,0
IWM191129P163,2019-11-22,2019-11-22 09:34:11,4.89,1.0208,84,4.76,0.9937,49,5.03,1.0501,1,4.825,1.0073,0,0
IWM191129P163,2019-11-22,2019-11-22 09:34:11,4.89,1.0208,91,4.76,0.9937,55,5.03,1.0501,1,4.825,1.0073,0,0
IWM191129P163,2019-11-22,2019-11-22 09:34:12,4.89,1.0208,131,4.76,0.9937,49,5.03,1.0501,1,4.825,1.0073,0,0
IWM191129P163,2019-11-22,2019-11-22 09:34:12,4.89,1.0208,131,4.76,0.9937,78,5.03,1.0501,1,4.825,1.0073,0,0
IWM191129P163,2019-11-22,2019-11-22 09:34:13,4.89,1.0208,131,4.76,0.9937,66,5.03,1.0501,1,4.825,1.0073,0,0
IWM191129P163,2019-11-22,2019-11-22 09:34:13,4.89,1.0208,131,4.76,0.9937,49,5.03,1.0501,1,4.825,1.0073,0,0
IWM191129P163,2019-11-22,2019-11-22 09:34:14,4.89,1.0208,131,4.76,0.9937,44,5.03,1.0501,1,4.825,1.0073,0,0
IWM191129P163,2019-11-22,2019-11-22 09:34:15,4.89,1.0208,131,4.76,0.9937,44,5.03,1.0501,1,4.825,1.0073,0,0
IWM191129P163,2019-11-22,2019-11-22 09:34:15,4.89,1.0208,131,4.72,0.9853,150,5.03,1.0501,1,4.805,1.0031,0,0
IWM191129P163,2019-11-22,2019-11-22 09:34:16,4.89,1.0208,131,4.72,0.9853,150,5.03,1.0501,1,4.805,1.0031,0,0
IWM191129P163,2019-11-22,2019-11-22 09:34:17,4.87,1.0167,150,4.72,0.9853,105,5.03,1.0501,1,4.795,1.001,0,0
IWM191129P163,2019-11-22,2019-11-22 09:34:18,4.87,1.0167,150,4.72,0.9853,105,5.03,1.0501,1,4.795,1.001,0,0
IWM191129P163,2019-11-22,2019-11-22 09:34:19,4.87,1.0167,150,4.72,0.9853,105,5.03,1.0501,1,4.795,1.001,0,0
IWM191129P163,2019-11-22,2019-11-22 09:34:20,4.87,1.0167,150,4.72,0.9853,105,5.03,1.0501,1,4.795,1.001,0,0
IWM191129P163,2019-11-22,2019-11-22 09:34:21,4.87,1.0167,150,4.72,0.9853,105,5.03,1.0501,1,4.795,1.001,0,0
IWM191129P163,2019-11-22,2019-11-22 09:34:22,4.87,1.0167,150,4.72,0.9853,54,5.03,1.0501,1,4.795,1.001,0,0
IWM191129P163,2019-11-22,2019-11-22 09:34:22,4.87,1.0167,150,4.72,0.9853,73,5.03,1.0501,1,4.795,1.001,0,0
IWM191129P163,2019-11-22,2019-11-22 09:34:23,4.87,1.0167,150,4.72,0.9853,54,5.03,1.0501,1,4.795,1.001,0,0
IWM191129P163,2019-11-22,2019-11-22 09:34:24,4.87,1.0167,150,4.72,0.9853,15,5.03,1.0501,1,4.795,1.001,0,0
IWM191129P163,2019-11-22,2019-11-22 09:34:24,4.87,1.0167,150,4.72,0.9853,54,5.03,1.0501,1,4.795,1.001,0,0
IWM191129P163,2019-11-22,2019-11-22 09:34:25,4.85,1.0125,150,4.71,0.9832,45,5.03,1.0501,1,4.78,0.9979,0,0
IWM191129P163,2019-11-22,2019-11-22 09:34:25,4.85,1.0125,150,4.71,0.9832,52,5.03,1.0501,1,4.78,0.9979,0,0
IWM191129P163,2019-11-22,2019-11-22 09:34:26,4.85,1.0125,150,4.71,0.9832,45,5.03,1.0501,1,4.78,0.9979,0,0
IWM191129P163,2019-11-22,2019-11-22 09:34:27,4.85,1.0125,150,4.71,0.9832,48,5.03,1.0501,1,4.78,0.9979,0,0
IWM191129P163,2019-11-22,2019-11-22 09:34:28,4.84,1.0104,120,4.71,0.9832,23,5.03,1.0501,1,4.775,0.9968,0,0
IWM191129P163,2019-11-22,2019-11-22 09:34:28,4.84,1.0104,180,4.71,0.9832,20,5.03,1.0501,1,4.775,0.9968,0,0
IWM191129P163,2019-11-22,2019-11-22 09:34:29,4.84,1.0104,180,4.7,0.9812,15,5.03,1.0501,1,4.77,0.9958,0,0
IWM191129P163,2019-11-22,2019-11-22 09:34:30,4.84,1.0104,180,4.7,0.9812,20,5.03,1.0501,1,4.77,0.9958,0,0
IWM191129P163,2019-11-22,2019-11-22 09:34:31,4.84,1.0104,180,4.7,0.9812,20,5.03,1.0501,1,4.77,0.9958,0,0
IWM191129P163,2019-11-22,2019-11-22 09:34:32,4.84,1.0104,180,4.7,0.9812,20,5.03,1.0501,1,4.77,0.9958,0,0
IWM191129P163,2019-11-22,2019-11-22 09:34:32,4.84,1.0104,180,4.7,0.9812,13,5.03,1.0501,1,4.77,0.9958,0,0
IWM191129P163,2019-11-22,2019-11-22 09:34:33,4.84,1.0104,180,4.7,0.9812,20,5.03,1.0501,1,4.77,0.9958,0,0
IWM191129P163,2019-11-22,2019-11-22 09:34:34,4.84,1.0104,180,4.7,0.9812,20,5.03,1.0501,1,4.77,0.9958,0,0
IWM191129P163,2019-11-22,2019-11-22 09:34:35,4.84,1.0104,180,4.7,0.9812,20,5.03,1.0501,1,4.77,0.9958,0,0
IWM191129P163,2019-11-22,2019-11-22 09:34:36,4.84,1.0104,180,4.7,0.9812,20,5.03,1.0501,1,4.77,0.9958,0,0
IWM191129P163,2019-11-22,2019-11-22 09:34:36,4.84,1.0104,180,4.7,0.9812,45,5.03,1.0501,1,4.77,0.9958,0,0
IWM191129P163,2019-11-22,2019-11-22 09:34:37,4.84,1.0104,180,4.7,0.9812,32,5.03,1.0501,1,4.77,0.9958,0,0
IWM191129P163,2019-11-22,2019-11-22 09:34:37,4.84,1.0104,180,4.7,0.9812,45,5.03,1.0501,1,4.77,0.9958,0,0
IWM191129P163,2019-11-22,2019-11-22 09:34:38,4.84,1.0104,180,4.7,0.9812,20,5.03,1.0501,1,4.77,0.9958,0,0
IWM191129P163,2019-11-22,2019-11-22 09:34:39,4.84,1.0104,180,4.7,0.9812,20,5.03,1.0501,1,4.77,0.9958,0,0
IWM191129P163,2019-11-22,2019-11-22 09:34:40,4.82,1.0062,120,4.68,0.977,20,5.03,1.0501,1,4.75,0.9916,0,0
IWM191129P163,2019-11-22,2019-11-22 09:34:40,4.82,1.0062,150,4.68,0.977,34,5.03,1.0501,1,4.75,0.9916,0,0
IWM191129P163,2019-11-22,2019-11-22 09:34:41,4.82,1.0062,150,4.68,0.977,56,5.03,1.0501,1,4.75,0.9916,0,0
IWM191129P163,2019-11-22,2019-11-22 09:34:41,4.82,1.0062,150,4.68,0.977,34,5.03,1.0501,1,4.75,0.9916,0,0
IWM191129P163,2019-11-22,2019-11-22 09:34:42,4.82,1.0062,150,4.68,0.977,34,5.03,1.0501,1,4.75,0.9916,0,0
IWM191129P163,2019-11-22,2019-11-22 09:34:43,4.82,1.0062,150,4.68,0.977,34,5.03,1.0501,1,4.75,0.9916,0,0
IWM191129P163,2019-11-22,2019-11-22 09:34:44,4.82,1.0062,150,4.68,0.977,34,5.03,1.0501,1,4.75,0.9916,0,0
IWM191129P163,2019-11-22,2019-11-22 09:34:45,4.82,1.0062,150,4.68,0.977,52,5.03,1.0501,1,4.75,0.9916,0,0
IWM191129P163,2019-11-22,2019-11-22 09:34:46,4.82,1.0062,150,4.68,0.977,52,5.03,1.0501,1,4.75,0.9916,0,0
IWM191129P163,2019-11-22,2019-11-22 09:34:47,4.82,1.0062,150,4.68,0.977,35,5.03,1.0501,1,4.75,0.9916,0,0
IWM191129P163,2019-11-22,2019-11-22 09:34:47,4.81,1.0041,150,4.68,0.977,34,5.03,1.0501,1,4.745,0.9906,0,0
IWM191129P163,2019-11-22,2019-11-22 09:34:48,4.81,1.0041,150,4.67,0.9749,15,5.03,1.0501,1,4.74,0.9895,0,0
IWM191129P163,2019-11-22,2019-11-22 09:34:48,4.81,1.0041,150,4.66,0.9728,28,5.03,1.0501,1,4.735,0.9885,0,0
IWM191129P163,2019-11-22,2019-11-22 09:34:49,4.8,1.002,10,4.66,0.9728,20,5.03,1.0501,1,4.73,0.9874,0,0
IWM191129P163,2019-11-22,2019-11-22 09:34:49,4.81,1.0041,150,4.66,0.9728,16,5.03,1.0501,1,4.735,0.9885,0,0
IWM191129P163,2019-11-22,2019-11-22 09:34:50,4.8,1.002,162,4.66,0.9728,20,5.03,1.0501,1,4.73,0.9874,0,0
IWM191129P163,2019-11-22,2019-11-22 09:34:51,4.78,0.9979,162,4.63,0.9665,31,5.03,1.0501,1,4.705,0.9822,0,0
IWM191129P163,2019-11-22,2019-11-22 09:34:52,4.78,0.9979,162,4.63,0.9665,51,5.03,1.0501,1,4.705,0.9822,0,0
IWM191129P163,2019-11-22,2019-11-22 09:34:52,4.78,0.9979,162,4.63,0.9665,35,5.03,1.0501,1,4.705,0.9822,0,0
IWM191129P163,2019-11-22,2019-11-22 09:34:53,4.76,0.9937,120,4.63,0.9665,20,5.03,1.0501,1,4.695,0.9801,0,0
IWM191129P163,2019-11-22,2019-11-22 09:34:53,4.76,0.9937,120,4.63,0.9665,35,5.03,1.0501,1,4.695,0.9801,0,0
IWM191129P163,2019-11-22,2019-11-22 09:34:54,4.76,0.9937,120,4.63,0.9665,30,5.03,1.0501,1,4.695,0.9801,0,0
IWM191129P163,2019-11-22,2019-11-22 09:34:55,4.76,0.9937,120,4.63,0.9665,20,5.03,1.0501,1,4.695,0.9801,0,0
IWM191129P163,2019-11-22,2019-11-22 09:34:56,4.74,0.9895,115,4.6,0.9603,76,5.03,1.0501,1,4.67,0.9749,0,0
IWM191129P163,2019-11-22,2019-11-22 09:34:57,4.74,0.9895,150,4.6,0.9603,55,5.03,1.0501,1,4.67,0.9749,0,0
IWM191129P163,2019-11-22,2019-11-22 09:34:57,4.74,0.9895,115,4.6,0.9603,55,5.03,1.0501,1,4.67,0.9749,0,0
IWM191129P163,2019-11-22,2019-11-22 09:34:58,4.74,0.9895,150,4.6,0.9603,55,5.03,1.0501,1,4.67,0.9749,0,0
IWM191129P163,2019-11-22,2019-11-22 09:34:59,4.73,0.9874,120,4.59,0.9582,21,5.03,1.0501,1,4.66,0.9728,0,0
IWM191129P163,2019-11-22,2019-11-22 09:35:00,4.72,0.9853,162,4.56,0.9519,111,5.03,1.0501,1,4.64,0.9686,0,0
IWM191129P163,2019-11-22,2019-11-22 09:35:00,4.72,0.9853,162,4.56,0.9519,56,5.03,1.0501,1,4.64,0.9686,0,0
IWM191129P163,2019-11-22,2019-11-22 09:35:01,4.72,0.9853,150,4.56,0.9519,111,5.03,1.0501,1,4.64,0.9686,0,0
IWM191129P163,2019-11-22,2019-11-22 09:35:01,4.72,0.9853,85,4.57,0.954,150,5.03,1.0501,1,4.645,0.9697,0,0
IWM191129P163,2019-11-22,2019-11-22 09:35:02,4.72,0.9853,54,4.59,0.9582,142,5.03,1.0501,1,4.655,0.9718,0,0
IWM191129P163,2019-11-22,2019-11-22 09:35:02,4.72,0.9853,46,4.59,0.9582,84,5.03,1.0501,1,4.655,0.9718,0,0
IWM191129P163,2019-11-22,2019-11-22 09:35:03,4.72,0.9853,16,4.6,0.9603,85,5.03,1.0501,1,4.66,0.9728,0,0
IWM191129P163,2019-11-22,2019-11-22 09:35:03,4.75,0.9916,127,4.6,0.9603,150,5.03,1.0501,1,4.675,0.9759,0,0
IWM191129P163,2019-11-22,2019-11-22 09:35:04,4.75,0.9916,127,4.6,0.9603,150,5.03,1.0501,1,4.675,0.9759,0,0
IWM191129P163,2019-11-22,2019-11-22 09:35:05,4.75,0.9916,127,4.63,0.9665,150,5.03,1.0501,1,4.69,0.9791,0,0
IWM191129P163,2019-11-22,2019-11-22 09:35:05,4.75,0.9916,127,4.63,0.9665,76,5.03,1.0501,1,4.69,0.9791,0,0
IWM191129P163,2019-11-22,2019-11-22 09:35:06,4.79,1.0,130,4.63,0.9665,150,5.03,1.0501,1,4.71,0.9832,0,0
IWM191129P163,2019-11-22,2019-11-22 09:35:07,4.78,0.9979,151,4.63,0.9665,62,5.03,1.0501,1,4.705,0.9822,0,0
IWM191129P163,2019-11-22,2019-11-22 09:35:07,4.79,1.0,150,4.63,0.9665,97,5.03,1.0501,1,4.71,0.9832,0,0
IWM191129P163,2019-11-22,2019-11-22 09:35:08,4.78,0.9979,151,4.63,0.9665,46,5.03,1.0501,1,4.705,0.9822,0,0
IWM191129P163,2019-11-22,2019-11-22 09:35:08,4.78,0.9979,151,4.63,0.9665,61,5.03,1.0501,1,4.705,0.9822,0,0
IWM191129P163,2019-11-22,2019-11-22 09:35:09,4.78,0.9979,151,4.63,0.9665,46,5.03,1.0501,1,4.705,0.9822,0,0
IWM191129P163,2019-11-22,2019-11-22 09:35:10,4.77,0.9958,154,4.63,0.9665,46,5.03,1.0501,1,4.7,0.9812,0,0
IWM191129P163,2019-11-22,2019-11-22 09:35:11,4.77,0.9958,154,4.63,0.9665,46,5.03,1.0501,1,4.7,0.9812,0,0
IWM191129P163,2019-11-22,2019-11-22 09:35:12,4.75,0.9916,120,4.61,0.9624,22,5.03,1.0501,1,4.68,0.977,0,0
IWM191129P163,2019-11-22,2019-11-22 09:35:12,4.77,0.9958,154,4.63,0.9665,46,5.03,1.0501,1,4.7,0.9812,0,0
IWM191129P163,2019-11-22,2019-11-22 09:35:13,4.75,0.9916,150,4.61,0.9624,115,5.03,1.0501,1,4.68,0.977,0,0
IWM191129P163,2019-11-22,2019-11-22 09:35:13,4.75,0.9916,150,4.61,0.9624,52,5.03,1.0501,1,4.68,0.977,0,0
IWM191129P163,2019-11-22,2019-11-22 09:35:14,4.75,0.9916,109,4.61,0.9624,115,5.03,1.0501,1,4.68,0.977,0,0
IWM191129P163,2019-11-22,2019-11-22 09:35:14,4.75,0.9916,109,4.61,0.9624,125,5.03,1.0501,1,4.68,0.977,0,0
IWM191129P163,2019-11-22,2019-11-22 09:35:15,4.75,0.9916,109,4.62,0.9645,127,5.03,1.0501,1,4.685,0.978,0,0
IWM191129P163,2019-11-22,2019-11-22 09:35:16,4.75,0.9916,77,4.62,0.9645,127,5.03,1.0501,1,4.685,0.978,0,0
IWM191129P163,2019-11-22,2019-11-22 09:35:16,4.75,0.9916,109,4.62,0.9645,127,5.03,1.0501,1,4.685,0.978,0,0
IWM191129P163,2019-11-22,2019-11-22 09:35:17,4.75,0.9916,48,4.62,0.9645,127,5.03,1.0501,1,4.685,0.978,0,0
IWM191129P163,2019-11-22,2019-11-22 09:35:18,4.75,0.9916,48,4.62,0.9645,127,5.03,1.0501,1,4.685,0.978,0,0
IWM191129P163,2019-11-22,2019-11-22 09:35:19,4.75,0.9916,48,4.63,0.9665,75,5.03,1.0501,1,4.69,0.9791,0,0
IWM191129P163,2019-11-22,2019-11-22 09:35:19,4.77,0.9958,108,4.63,0.9665,150,5.03,1.0501,1,4.7,0.9812,0,0
IWM191129P163,2019-11-22,2019-11-22 09:35:20,4.77,0.9958,108,4.63,0.9665,150,5.03,1.0501,1,4.7,0.9812,0,0
IWM191129P163,2019-11-22,2019-11-22 09:35:21,4.79,1.0,84,4.64,0.9686,150,5.03,1.0501,1,4.715,0.9843,0,0
IWM191129P163,2019-11-22,2019-11-22 09:35:21,4.77,0.9958,20,4.64,0.9686,105,5.03,1.0501,1,4.705,0.9822,0,0
IWM191129P163,2019-11-22,2019-11-22 09:35:22,4.79,1.0,84,4.64,0.9686,150,5.03,1.0501,1,4.715,0.9843,0,0
IWM191129P163,2019-11-22,2019-11-22 09:35:23,4.79,1.0,84,4.64,0.9686,113,5.03,1.0501,1,4.715,0.9843,0,0
IWM191129P163,2019-11-22,2019-11-22 09:35:23,4.79,1.0,84,4.64,0.9686,150,5.03,1.0501,1,4.715,0.9843,0,0
IWM191129P163,2019-11-22,2019-11-22 09:35:24,4.79,1.0,87,4.64,0.9686,113,5.03,1.0501,1,4.715,0.9843,0,0
IWM191129P163,2019-11-22,2019-11-22 09:35:25,4.79,1.0,84,4.65,0.9707,150,5.03,1.0501,1,4.72,0.9853,0,0
IWM191129P163,2019-11-22,2019-11-22 09:35:25,4.79,1.0,84,4.65,0.9707,10,5.03,1.0501,1,4.72,0.9853,0,0
IWM191129P163,2019-11-22,2019-11-22 09:35:26,4.79,1.0,54,4.65,0.9707,150,5.03,1.0501,1,4.72,0.9853,0,0
IWM191129P163,2019-11-22,2019-11-22 09:35:27,4.79,1.0,54,4.65,0.9707,150,5.03,1.0501,1,4.72,0.9853,0,0
IWM191129P163,2019-11-22,2019-11-22 09:35:28,4.79,1.0,54,4.65,0.9707,150,5.03,1.0501,1,4.72,0.9853,0,0
IWM191129P163,2019-11-22,2019-11-22 09:35:29,4.79,1.0,54,4.65,0.9707,150,5.03,1.0501,1,4.72,0.9853,0,0
IWM191129P163,2019-11-22,2019-11-22 09:35:30,4.79,1.0,54,4.65,0.9707,114,5.03,1.0501,1,4.72,0.9853,0,0
IWM191129P163,2019-11-22,2019-11-22 09:35:30,4.79,1.0,54,4.65,0.9707,150,5.03,1.0501,1,4.72,0.9853,0,0
IWM191129P163,2019-11-22,2019-11-22 09:35:31,4.79,1.0,99,4.65,0.9707,114,5.03,1.0501,1,4.72,0.9853,0,0
IWM191129P163,2019-11-22,2019-11-22 09:35:31,4.79,1.0,54,4.65,0.9707,114,5.03,1.0501,1,4.72,0.9853,0,0
IWM191129P163,2019-11-22,2019-11-22 09:35:32,4.79,1.0,130,4.65,0.9707,19,5.03,1.0501,1,4.72,0.9853,0,0
IWM191129P163,2019-11-22,2019-11-22 09:35:33,4.78,0.9979,150,4.64,0.9686,52,5.03,1.0501,1,4.71,0.9832,0,0
IWM191129P163,2019-11-22,2019-11-22 09:35:34,4.78,0.9979,150,4.64,0.9686,20,5.03,1.0501,1,4.71,0.9832,0,0
IWM191129P163,2019-11-22,2019-11-22 09:35:34,4.78,0.9979,150,4.64,0.9686,52,5.03,1.0501,1,4.71,0.9832,0,0
IWM191129P163,2019-11-22,2019-11-22 09:35:35,4.77,0.9958,20,4.64,0.9686,20,5.03,1.0501,1,4.705,0.9822,0,0
IWM191129P163,2019-11-22,2019-11-22 09:35:35,4.77,0.9958,20,4.63,0.9665,38,5.03,1.0501,1,4.7,0.9812,0,0
IWM191129P163,2019-11-22,2019-11-22 09:35:36,4.77,0.9958,20,4.63,0.9665,38,5.03,1.0501,1,4.7,0.9812,0,0
IWM191129P163,2019-11-22,2019-11-22 09:35:36,4.77,0.9958,20,4.63,0.9665,52,5.03,1.0501,1,4.7,0.9812,0,0
IWM191129P163,2019-11-22,2019-11-22 09:35:37,4.77,0.9958,20,4.63,0.9665,52,5.03,1.0501,1,4.7,0.9812,0,0
IWM191129P163,2019-11-22,2019-11-22 09:35:38,4.77,0.9958,20,4.63,0.9665,36,5.03,1.0501,1,4.7,0.9812,0,0
IWM191129P163,2019-11-22,2019-11-22 09:35:38,4.77,0.9958,20,4.63,0.9665,52,5.03,1.0501,1,4.7,0.9812,0,0
IWM191129P163,2019-11-22,2019-11-22 09:35:39,4.77,0.9958,20,4.63,0.9665,28,5.03,1.0501,1,4.7,0.9812,0,0
IWM191129P163,2019-11-22,2019-11-22 09:35:40,4.77,0.9958,20,4.63,0.9665,28,5.03,1.0501,1,4.7,0.9812,0,0
IWM191129P163,2019-11-22,2019-11-22 09:35:40,4.77,0.9958,20,4.63,0.9665,66,5.03,1.0501,1,4.7,0.9812,0,0
IWM191129P163,2019-11-22,2019-11-22 09:35:41,4.77,0.9958,20,4.63,0.9665,86,5.03,1.0501,1,4.7,0.9812,0,0
IWM191129P163,2019-11-22,2019-11-22 09:35:41,4.77,0.9958,20,4.63,0.9665,66,5.03,1.0501,1,4.7,0.9812,0,0
IWM191129P163,2019-11-22,2019-11-22 09:35:42,4.77,0.9958,117,4.63,0.9665,66,5.03,1.0501,1,4.7,0.9812,0,0
IWM191129P163,2019-11-22,2019-11-22 09:35:42,4.77,0.9958,20,4.63,0.9665,66,5.03,1.0501,1,4.7,0.9812,0,0
IWM191129P163,2019-11-22,2019-11-22 09:35:43,4.77,0.9958,37,4.65,0.9707,5,5.03,1.0501,1,4.71,0.9832,0,0
IWM191129P163,2019-11-22,2019-11-22 09:35:43,4.77,0.9958,21,4.65,0.9707,5,5.03,1.0501,1,4.71,0.9832,0,0
IWM191129P163,2019-11-22,2019-11-22 09:35:44,4.77,0.9958,37,4.65,0.9707,5,5.03,1.0501,1,4.71,0.9832,0,0
IWM191129P163,2019-11-22,2019-11-22 09:35:45,4.77,0.9958,37,4.65,0.9707,5,5.03,1.0501,1,4.71,0.9832,0,0
IWM191129P163,2019-11-22,2019-11-22 09:35:46,4.77,0.9958,47,4.65,0.9707,20,5.03,1.0501,1,4.71,0.9832,0,0
IWM191129P163,2019-11-22,2019-11-22 09:35:46,4.77,0.9958,37,4.65,0.9707,5,5.03,1.0501,1,4.71,0.9832,0,0
IWM191129P163,2019-11-22,2019-11-22 09:35:47,4.77,0.9958,47,4.65,0.9707,20,5.03,1.0501,1,4.71,0.9832,0,0
IWM191129P163,2019-11-22,2019-11-22 09:35:47,4.77,0.9958,85,4.65,0.9707,20,5.03,1.0501,1,4.71,0.9832,0,0
IWM191129P163,2019-11-22,2019-11-22 09:35:48,4.77,0.9958,124,4.65,0.9707,10,5.03,1.0501,1,4.71,0.9832,0,0
IWM191129P163,2019-11-22,2019-11-22 09:35:49,4.77,0.9958,85,4.63,0.9665,41,5.03,1.0501,1,4.7,0.9812,0,0
IWM191129P163,2019-11-22,2019-11-22 09:35:50,4.77,0.9958,85,4.63,0.9665,41,5.03,1.0501,1,4.7,0.9812,0,0
IWM191129P163,2019-11-22,2019-11-22 09:35:51,4.77,0.9958,95,4.63,0.9665,41,5.03,1.0501,1,4.7,0.9812,0,0
IWM191129P163,2019-11-22,2019-11-22 09:35:51,4.77,0.9958,85,4.63,0.9665,41,5.03,1.0501,1,4.7,0.9812,0,0
IWM191129P163,2019-11-22,2019-11-22 09:35:52,4.77,0.9958,95,4.63,0.9665,41,5.03,1.0501,1,4.7,0.9812,0,0
IWM191129P163,2019-11-22,2019-11-22 09:35:52,4.77,0.9958,95,4.63,0.9665,140,5.03,1.0501,1,4.7,0.9812,0,0
IWM191129P163,2019-11-22,2019-11-22 09:35:53,4.77,0.9958,85,4.63,0.9665,140,5.03,1.0501,1,4.7,0.9812,0,0
IWM191129P163,2019-11-22,2019-11-22 09:35:54,4.77,0.9958,85,4.63,0.9665,140,5.03,1.0501,1,4.7,0.9812,0,0
IWM191129P163,2019-11-22,2019-11-22 09:35:55,4.77,0.9958,85,4.63,0.9665,140,5.03,1.0501,1,4.7,0.9812,0,0
IWM191129P163,2019-11-22,2019-11-22 09:35:56,4.77,0.9958,55,4.64,0.9686,173,5.03,1.0501,1,4.705,0.9822,0,0
IWM191129P163,2019-11-22,2019-11-22 09:35:56,4.77,0.9958,55,4.64,0.9686,106,5.03,1.0501,1,4.705,0.9822,0,0
IWM191129P163,2019-11-22,2019-11-22 09:35:57,4.77,0.9958,33,4.64,0.9686,173,5.03,1.0501,1,4.705,0.9822,0,0
IWM191129P163,2019-11-22,2019-11-22 09:35:57,4.77,0.9958,55,4.64,0.9686,173,5.03,1.0501,1,4.705,0.9822,0,0
IWM191129P163,2019-11-22,2019-11-22 09:35:58,4.79,1.0,72,4.66,0.9728,109,5.03,1.0501,1,4.725,0.9864,0,0
IWM191129P163,2019-11-22,2019-11-22 09:35:58,4.77,0.9958,33,4.64,0.9686,173,5.03,1.0501,1,4.705,0.9822,0,0
IWM191129P163,2019-11-22,2019-11-22 09:35:59,4.79,1.0,72,4.66,0.9728,150,5.03,1.0501,1,4.725,0.9864,0,0
IWM191129P163,2019-11-22,2019-11-22 09:36:00,4.79,1.0,30,4.66,0.9728,150,5.03,1.0501,1,4.725,0.9864,0,0
IWM191129P163,2019-11-22,2019-11-22 09:36:00,4.79,1.0,72,4.66,0.9728,150,5.03,1.0501,1,4.725,0.9864,0,0
IWM191129P163,2019-11-22,2019-11-22 09:36:01,4.79,1.0,84,4.66,0.9728,22,5.03,1.0501,1,4.725,0.9864,0,0
IWM191129P163,2019-11-22,2019-11-22 09:36:01,4.79,1.0,17,4.66,0.9728,150,5.03,1.0501,1,4.725,0.9864,0,0
IWM191129P163,2019-11-22,2019-11-22 09:36:02,4.77,0.9958,101,4.64,0.9686,35,5.03,1.0501,1,4.705,0.9822,0,0
IWM191129P163,2019-11-22,2019-11-22 09:36:02,4.79,1.0,110,4.65,0.9707,25,5.03,1.0501,1,4.72,0.9853,0,0
IWM191129P163,2019-11-22,2019-11-22 09:36:03,4.77,0.9958,101,4.64,0.9686,35,5.03,1.0501,1,4.705,0.9822,0,0
IWM191129P163,2019-11-22,2019-11-22 09:36:03,4.77,0.9958,101,4.62,0.9645,100,5.03,1.0501,1,4.695,0.9801,0,0
IWM191129P163,2019-11-22,2019-11-22 09:36:04,4.77,0.9958,101,4.62,0.9645,100,5.03,1.0501,1,4.695,0.9801,0,0
IWM191129P163,2019-11-22,2019-11-22 09:36:05,4.76,0.9937,150,4.62,0.9645,100,5.03,1.0501,1,4.69,0.9791,0,0
IWM191129P163,2019-11-22,2019-11-22 09:36:06,4.74,0.9895,150,4.62,0.9645,28,5.03,1.0501,1,4.68,0.977,0,0
IWM191129P163,2019-11-22,2019-11-22 09:36:06,4.76,0.9937,150,4.62,0.9645,28,5.03,1.0501,1,4.69,0.9791,0,0
IWM191129P163,2019-11-22,2019-11-22 09:36:07,4.74,0.9895,150,4.62,0.9645,20,5.03,1.0501,1,4.68,0.977,0,0
IWM191129P163,2019-11-22,2019-11-22 09:36:07,4.74,0.9895,150,4.62,0.9645,31,5.03,1.0501,1,4.68,0.977,0,0
IWM191129P163,2019-11-22,2019-11-22 09:36:08,4.74,0.9895,150,4.62,0.9645,31,5.03,1.0501,1,4.68,0.977,0,0
IWM191129P163,2019-11-22,2019-11-22 09:36:08,4.74,0.9895,150,4.62,0.9645,20,5.03,1.0501,1,4.68,0.977,0,0
IWM191129P163,2019-11-22,2019-11-22 09:36:09,4.74,0.9895,141,4.62,0.9645,20,5.03,1.0501,1,4.68,0.977,0,0
IWM191129P163,2019-11-22,2019-11-22 09:36:10,4.74,0.9895,150,4.6,0.9603,81,5.03,1.0501,1,4.67,0.9749,0,0
IWM191129P163,2019-11-22,2019-11-22 09:36:11,4.74,0.9895,150,4.6,0.9603,99,5.03,1.0501,1,4.67,0.9749,0,0
IWM191129P163,2019-11-22,2019-11-22 09:36:12,4.74,0.9895,150,4.6,0.9603,81,5.03,1.0501,1,4.67,0.9749,0,0
IWM191129P163,2019-11-22,2019-11-22 09:36:13,4.74,0.9895,109,4.6,0.9603,96,5.03,1.0501,1,4.67,0.9749,0,0
IWM191129P163,2019-11-22,2019-11-22 09:36:13,4.74,0.9895,150,4.6,0.9603,81,5.03,1.0501,1,4.67,0.9749,0,0
IWM191129P163,2019-11-22,2019-11-22 09:36:14,4.74,0.9895,109,4.6,0.9603,96,5.03,1.0501,1,4.67,0.9749,0,0
IWM191129P163,2019-11-22,2019-11-22 09:36:15,4.74,0.9895,109,4.6,0.9603,96,5.03,1.0501,1,4.67,0.9749,0,0
IWM191129P163,2019-11-22,2019-11-22 09:36:16,4.74,0.9895,109,4.6,0.9603,96,5.03,1.0501,1,4.67,0.9749,0,0
IWM191129P163,2019-11-22,2019-11-22 09:36:17,4.74,0.9895,109,4.6,0.9603,96,5.03,1.0501,1,4.67,0.9749,0,0
IWM191129P163,2019-11-22,2019-11-22 09:36:17,4.74,0.9895,109,4.6,0.9603,81,5.03,1.0501,1,4.67,0.9749,0,0
IWM191129P163,2019-11-22,2019-11-22 09:36:18,4.74,0.9895,109,4.6,0.9603,81,5.03,1.0501,1,4.67,0.9749,0,0
IWM191129P163,2019-11-22,2019-11-22 09:36:19,4.74,0.9895,109,4.6,0.9603,81,5.03,1.0501,1,4.67,0.9749,0,0
IWM191129P163,2019-11-22,2019-11-22 09:36:20,4.74,0.9895,109,4.6,0.9603,81,5.03,1.0501,1,4.67,0.9749,0,0
IWM191129P163,2019-11-22,2019-11-22 09:36:21,4.74,0.9895,109,4.6,0.9603,81,5.03,1.0501,1,4.67,0.9749,0,0
IWM191129P163,2019-11-22,2019-11-22 09:36:22,4.74,0.9895,109,4.6,0.9603,99,5.03,1.0501,1,4.67,0.9749,0,0
IWM191129P163,2019-11-22,2019-11-22 09:36:22,4.74,0.9895,109,4.6,0.9603,81,5.03,1.0501,1,4.67,0.9749,0,0
IWM191129P163,2019-11-22,2019-11-22 09:36:23,4.74,0.9895,49,4.6,0.9603,99,5.03,1.0501,1,4.67,0.9749,0,0
IWM191129P163,2019-11-22,2019-11-22 09:36:23,4.74,0.9895,109,4.6,0.9603,99,5.03,1.0501,1,4.67,0.9749,0,0
IWM191129P163,2019-11-22,2019-11-22 09:36:24,4.74,0.9895,49,4.6,0.9603,99,5.03,1.0501,1,4.67,0.9749,0,0
IWM191129P163,2019-11-22,2019-11-22 09:36:24,4.74,0.9895,90,4.6,0.9603,136,5.03,1.0501,1,4.67,0.9749,0,0
IWM191129P163,2019-11-22,2019-11-22 09:36:25,4.74,0.9895,90,4.6,0.9603,107,5.03,1.0501,1,4.67,0.9749,0,0
IWM191129P163,2019-11-22,2019-11-22 09:36:26,4.74,0.9895,100,4.6,0.9603,107,5.03,1.0501,1,4.67,0.9749,0,0
IWM191129P163,2019-11-22,2019-11-22 09:36:26,4.74,0.9895,100,4.6,0.9603,81,5.03,1.0501,1,4.67,0.9749,0,0
IWM191129P163,2019-11-22,2019-11-22 09:36:27,4.74,0.9895,130,4.6,0.9603,81,5.03,1.0501,1,4.67,0.9749,0,0
IWM191129P163,2019-11-22,2019-11-22 09:36:28,4.74,0.9895,130,4.6,0.9603,81,5.03,1.0501,1,4.67,0.9749,0,0
IWM191129P163,2019-11-22,2019-11-22 09:36:28,4.73,0.9874,150,4.6,0.9603,81,5.03,1.0501,1,4.665,0.9739,0,0
IWM191129P163,2019-11-22,2019-11-22 09:36:29,4.73,0.9874,150,4.6,0.9603,81,5.03,1.0501,1,4.665,0.9739,0,0
IWM191129P163,2019-11-22,2019-11-22 09:36:30,4.73,0.9874,150,4.6,0.9603,81,5.03,1.0501,1,4.665,0.9739,0,0
IWM191129P163,2019-11-22,2019-11-22 09:36:31,4.73,0.9874,150,4.6,0.9603,81,5.03,1.0501,1,4.665,0.9739,0,0
IWM191129P163,2019-11-22,2019-11-22 09:36:32,4.73,0.9874,150,4.6,0.9603,47,5.03,1.0501,1,4.665,0.9739,0,0
IWM191129P163,2019-11-22,2019-11-22 09:36:32,4.73,0.9874,150,4.6,0.9603,81,5.03,1.0501,1,4.665,0.9739,0,0
IWM191129P163,2019-11-22,2019-11-22 09:36:33,4.73,0.9874,150,4.6,0.9603,42,5.03,1.0501,1,4.665,0.9739,0,0
IWM191129P163,2019-11-22,2019-11-22 09:36:33,4.73,0.9874,150,4.6,0.9603,47,5.03,1.0501,1,4.665,0.9739,0,0
IWM191129P163,2019-11-22,2019-11-22 09:36:34,4.72,0.9853,150,4.59,0.9582,29,5.03,1.0501,1,4.655,0.9718,0,0
IWM191129P163,2019-11-22,2019-11-22 09:36:34,4.72,0.9853,120,4.59,0.9582,29,5.03,1.0501,1,4.655,0.9718,0,0
IWM191129P163,2019-11-22,2019-11-22 09:36:35,4.72,0.9853,150,4.59,0.9582,45,5.03,1.0501,1,4.655,0.9718,0,0
IWM191129P163,2019-11-22,2019-11-22 09:36:36,4.71,0.9832,150,4.59,0.9582,42,5.03,1.0501,1,4.65,0.9707,0,0
IWM191129P163,2019-11-22,2019-11-22 09:36:37,4.71,0.9832,150,4.58,0.9561,35,5.03,1.0501,1,4.645,0.9697,0,0
IWM191129P163,2019-11-22,2019-11-22 09:36:37,4.71,0.9832,150,4.59,0.9582,11,5.03,1.0501,1,4.65,0.9707,0,0
IWM191129P163,2019-11-22,2019-11-22 09:36:38,4.71,0.9832,150,4.58,0.9561,35,5.03,1.0501,1,4.645,0.9697,0,0
IWM191129P163,2019-11-22,2019-11-22 09:36:39,4.71,0.9832,150,4.58,0.9561,35,5.03,1.0501,1,4.645,0.9697,0,0
IWM191129P163,2019-11-22,2019-11-22 09:36:39,4.7,0.9812,112,4.57,0.954,15,5.03,1.0501,1,4.635,0.9676,0,0
IWM191129P163,2019-11-22,2019-11-22 09:36:40,4.7,0.9812,150,4.57,0.954,31,5.03,1.0501,1,4.635,0.9676,0,0
IWM191129P163,2019-11-22,2019-11-22 09:36:40,4.7,0.9812,150,4.57,0.954,45,5.03,1.0501,1,4.635,0.9676,0,0
IWM191129P163,2019-11-22,2019-11-22 09:36:41,4.69,0.9791,150,4.57,0.954,14,5.03,1.0501,1,4.63,0.9665,0,0
IWM191129P163,2019-11-22,2019-11-22 09:36:41,4.7,0.9812,150,4.57,0.954,45,5.03,1.0501,1,4.635,0.9676,0,0
IWM191129P163,2019-11-22,2019-11-22 09:36:42,4.68,0.977,120,4.54,0.9478,48,5.03,1.0501,1,4.61,0.9624,0,0
IWM191129P163,2019-11-22,2019-11-22 09:36:42,4.69,0.9791,150,4.54,0.9478,38,5.03,1.0501,1,4.615,0.9634,0,0
IWM191129P163,2019-11-22,2019-11-22 09:36:43,4.68,0.977,150,4.54,0.9478,96,5.03,1.0501,1,4.61,0.9624,0,0
IWM191129P163,2019-11-22,2019-11-22 09:36:44,4.68,0.977,150,4.54,0.9478,68,5.03,1.0501,1,4.61,0.9624,0,0
IWM191129P163,2019-11-22,2019-11-22 09:36:45,4.68,0.977,150,4.54,0.9478,78,5.03,1.0501,1,4.61,0.9624,0,0
IWM191129P163,2019-11-22,2019-11-22 09:36:46,4.68,0.977,150,4.54,0.9478,78,5.03,1.0501,1,4.61,0.9624,0,0
IWM191129P163,2019-11-22,2019-11-22 09:36:46,4.67,0.9749,10,4.54,0.9478,10,5.03,1.0501,1,4.605,0.9613,0,0
IWM191129P163,2019-11-22,2019-11-22 09:36:47,4.67,0.9749,120,4.54,0.9478,23,5.03,1.0501,1,4.605,0.9613,0,0
IWM191129P163,2019-11-22,2019-11-22 09:36:47,4.67,0.9749,110,4.54,0.9478,17,5.03,1.0501,1,4.605,0.9613,0,0
IWM191129P163,2019-11-22,2019-11-22 09:36:48,4.66,0.9728,151,4.53,0.9457,21,5.03,1.0501,1,4.595,0.9592,0,0
IWM191129P163,2019-11-22,2019-11-22 09:36:48,4.66,0.9728,118,4.53,0.9457,12,5.03,1.0501,1,4.595,0.9592,0,0
IWM191129P163,2019-11-22,2019-11-22 09:36:49,4.66,0.9728,151,4.53,0.9457,21,5.03,1.0501,1,4.595,0.9592,0,0
IWM191129P163,2019-11-22,2019-11-22 09:36:50,4.66,0.9728,151,4.51,0.9415,88,5.03,1.0501,1,4.585,0.9572,0,0
IWM191129P163,2019-11-22,2019-11-22 09:36:50,4.66,0.9728,151,4.53,0.9457,15,5.03,1.0501,1,4.595,0.9592,0,0
IWM191129P163,2019-11-22,2019-11-22 09:36:51,4.66,0.9728,151,4.51,0.9415,88,5.03,1.0501,1,4.585,0.9572,0,0
IWM191129P163,2019-11-22,2019-11-22 09:36:52,4.65,0.9707,150,4.51,0.9415,88,5.03,1.0501,1,4.58,0.9561,0,0
IWM191129P163,2019-11-22,2019-11-22 09:36:53,4.65,0.9707,118,4.51,0.9415,88,5.03,1.0501,1,4.58,0.9561,0,0
IWM191129P163,2019-11-22,2019-11-22 09:36:54,4.65,0.9707,118,4.51,0.9415,88,5.03,1.0501,1,4.58,0.9561,0,0
IWM191129P163,2019-11-22,2019-11-22 09:36:55,4.64,0.9686,130,4.51,0.9415,10,5.03,1.0501,1,4.575,0.9551,0,0
IWM191129P163,2019-11-22,2019-11-22 09:36:55,4.65,0.9707,118,4.51,0.9415,88,5.03,1.0501,1,4.58,0.9561,0,0
IWM191129P163,2019-11-22,2019-11-22 09:36:56,4.64,0.9686,150,4.51,0.9415,20,5.03,1.0501,1,4.575,0.9551,0,0
IWM191129P163,2019-11-22,2019-11-22 09:36:56,4.63,0.9665,119,4.51,0.9415,20,5.03,1.0501,1,4.57,0.954,0,0
IWM191129P163,2019-11-22,2019-11-22 09:36:57,4.62,0.9645,120,4.49,0.9373,10,5.03,1.0501,1,4.555,0.9509,0,0
IWM191129P163,2019-11-22,2019-11-22 09:36:57,4.62,0.9645,120,4.48,0.9352,65,5.03,1.0501,1,4.55,0.9498,0,0
IWM191129P163,2019-11-22,2019-11-22 09:36:58,4.62,0.9645,123,4.48,0.9352,14,5.03,1.0501,1,4.55,0.9498,0,0
IWM191129P163,2019-11-22,2019-11-22 09:36:59,4.62,0.9645,150,4.48,0.9352,5,5.03,1.0501,1,4.55,0.9498,0,0
IWM191129P163,2019-11-22,2019-11-22 09:36:59,4.63,0.9665,81,4.47,0.9331,22,5.03,1.0501,1,4.55,0.9498,0,0
IWM191129P163,2019-11-22,2019-11-22 09:37:00,4.63,0.9665,52,4.5,0.9394,144,5.03,1.0501,1,4.565,0.953,0,0
IWM191129P163,2019-11-22,2019-11-22 09:37:00,4.63,0.9665,79,4.48,0.9352,90,5.03,1.0501,1,4.555,0.9509,0,0
IWM191129P163,2019-11-22,2019-11-22 09:37:01,4.63,0.9665,79,4.5,0.9394,144,5.03,1.0501,1,4.565,0.953,0,0
IWM191129P163,2019-11-22,2019-11-22 09:37:02,4.63,0.9665,35,4.5,0.9394,150,5.03,1.0501,1,4.565,0.953,0,0
IWM191129P163,2019-11-22,2019-11-22 09:37:02,4.63,0.9665,46,4.5,0.9394,150,5.03,1.0501,1,4.565,0.953,0,0
IWM191129P163,2019-11-22,2019-11-22 09:37:03,4.63,0.9665,46,4.5,0.9394,133,5.03,1.0501,1,4.565,0.953,0,0
IWM191129P163,2019-11-22,2019-11-22 09:37:03,4.63,0.9665,46,4.5,0.9394,150,5.03,1.0501,1,4.565,0.953,0,0
IWM191129P163,2019-11-22,2019-11-22 09:37:04,4.63,0.9665,46,4.5,0.9394,115,5.03,1.0501,1,4.565,0.953,0,0
IWM191129P163,2019-11-22,2019-11-22 09:37:05,4.63,0.9665,46,4.5,0.9394,115,5.03,1.0501,1,4.565,0.953,0,0
IWM191129P163,2019-11-22,2019-11-22 09:37:06,4.63,0.9665,66,4.5,0.9394,115,5.03,1.0501,1,4.565,0.953,0,0
IWM191129P163,2019-11-22,2019-11-22 09:37:06,4.63,0.9665,56,4.5,0.9394,115,5.03,1.0501,1,4.565,0.953,0,0
IWM191129P163,2019-11-22,2019-11-22 09:37:07,4.63,0.9665,46,4.5,0.9394,115,5.03,1.0501,1,4.565,0.953,0,0
IWM191129P163,2019-11-22,2019-11-22 09:37:08,4.63,0.9665,46,4.5,0.9394,115,5.03,1.0501,1,4.565,0.953,0,0
IWM191129P163,2019-11-22,2019-11-22 09:37:09,4.66,0.9728,150,4.51,0.9415,150,5.03,1.0501,1,4.585,0.9572,0,0
IWM191129P163,2019-11-22,2019-11-22 09:37:09,4.63,0.9665,24,4.51,0.9415,10,5.03,1.0501,1,4.57,0.954,0,0
IWM191129P163,2019-11-22,2019-11-22 09:37:10,4.66,0.9728,150,4.51,0.9415,150,5.03,1.0501,1,4.585,0.9572,0,0
IWM191129P163,2019-11-22,2019-11-22 09:37:10,4.65,0.9707,150,4.51,0.9415,73,5.03,1.0501,1,4.58,0.9561,0,0
IWM191129P163,2019-11-22,2019-11-22 09:37:11,4.65,0.9707,150,4.51,0.9415,49,5.03,1.0501,1,4.58,0.9561,0,0
IWM191129P163,2019-11-22,2019-11-22 09:37:11,4.65,0.9707,150,4.51,0.9415,48,5.03,1.0501,1,4.58,0.9561,0,0
IWM191129P163,2019-11-22,2019-11-22 09:37:12,4.65,0.9707,150,4.51,0.9415,47,5.03,1.0501,1,4.58,0.9561,0,0
IWM191129P163,2019-11-22,2019-11-22 09:37:13,4.65,0.9707,150,4.51,0.9415,47,5.03,1.0501,1,4.58,0.9561,0,0
IWM191129P163,2019-11-22,2019-11-22 09:37:14,4.65,0.9707,150,4.51,0.9415,47,5.03,1.0501,1,4.58,0.9561,0,0
IWM191129P163,2019-11-22,2019-11-22 09:37:15,4.65,0.9707,150,4.51,0.9415,47,5.03,1.0501,1,4.58,0.9561,0,0
IWM191129P163,2019-11-22,2019-11-22 09:37:16,4.65,0.9707,150,4.51,0.9415,47,5.03,1.0501,1,4.58,0.9561,0,0
IWM191129P163,2019-11-22,2019-11-22 09:37:17,4.65,0.9707,59,4.51,0.9415,100,5.03,1.0501,1,4.58,0.9561,0,0
IWM191129P163,2019-11-22,2019-11-22 09:37:17,4.65,0.9707,150,4.51,0.9415,47,5.03,1.0501,1,4.58,0.9561,0,0
IWM191129P163,2019-11-22,2019-11-22 09:37:18,4.65,0.9707,115,4.51,0.9415,150,5.03,1.0501,1,4.58,0.9561,0,0
IWM191129P163,2019-11-22,2019-11-22 09:37:19,4.65,0.9707,115,4.51,0.9415,150,5.03,1.0501,1,4.58,0.9561,0,0
IWM191129P163,2019-11-22,2019-11-22 09:37:20,4.67,0.9749,75,4.53,0.9457,98,5.03,1.0501,1,4.6,0.9603,0,0
IWM191129P163,2019-11-22,2019-11-22 09:37:20,4.65,0.9707,115,4.51,0.9415,150,5.03,1.0501,1,4.58,0.9561,0,0
IWM191129P163,2019-11-22,2019-11-22 09:37:21,4.67,0.9749,113,4.53,0.9457,150,5.03,1.0501,1,4.6,0.9603,0,0
IWM191129P163,2019-11-22,2019-11-22 09:37:21,4.67,0.9749,76,4.53,0.9457,150,5.03,1.0501,1,4.6,0.9603,0,0
IWM191129P163,2019-11-22,2019-11-22 09:37:22,4.67,0.9749,76,4.53,0.9457,150,5.03,1.0501,1,4.6,0.9603,0,0
IWM191129P163,2019-11-22,2019-11-22 09:37:23,4.67,0.9749,76,4.53,0.9457,150,5.03,1.0501,1,4.6,0.9603,0,0
IWM191129P163,2019-11-22,2019-11-22 09:37:24,4.67,0.9749,76,4.53,0.9457,150,5.03,1.0501,1,4.6,0.9603,0,0
IWM191129P163,2019-11-22,2019-11-22 09:37:25,4.67,0.9749,76,4.53,0.9457,150,5.03,1.0501,1,4.6,0.9603,0,0
IWM191129P163,2019-11-22,2019-11-22 09:37:26,4.67,0.9749,116,4.53,0.9457,112,5.03,1.0501,1,4.6,0.9603,0,0
IWM191129P163,2019-11-22,2019-11-22 09:37:26,4.67,0.9749,76,4.53,0.9457,112,5.03,1.0501,1,4.6,0.9603,0,0
IWM191129P163,2019-11-22,2019-11-22 09:37:27,4.67,0.9749,106,4.53,0.9457,112,5.03,1.0501,1,4.6,0.9603,0,0
IWM191129P163,2019-11-22,2019-11-22 09:37:28,4.67,0.9749,106,4.53,0.9457,112,5.03,1.0501,1,4.6,0.9603,0,0
IWM191129P163,2019-11-22,2019-11-22 09:37:29,4.67,0.9749,76,4.53,0.9457,112,5.03,1.0501,1,4.6,0.9603,0,0
IWM191129P163,2019-11-22,2019-11-22 09:37:30,4.67,0.9749,76,4.53,0.9457,112,5.03,1.0501,1,4.6,0.9603,0,0
IWM191129P163,2019-11-22,2019-11-22 09:37:31,4.67,0.9749,45,4.53,0.9457,112,5.03,1.0501,1,4.6,0.9603,0,0
IWM191129P163,2019-11-22,2019-11-22 09:37:32,4.67,0.9749,45,4.53,0.9457,112,5.03,1.0501,1,4.6,0.9603,0,0
IWM191129P163,2019-11-22,2019-11-22 09:37:33,4.67,0.9749,45,4.53,0.9457,112,5.03,1.0501,1,4.6,0.9603,0,0
IWM191129P163,2019-11-22,2019-11-22 09:37:34,4.67,0.9749,72,4.53,0.9457,112,5.03,1.0501,1,4.6,0.9603,0,0
IWM191129P163,2019-11-22,2019-11-22 09:37:35,4.67,0.9749,45,4.53,0.9457,112,5.03,1.0501,1,4.6,0.9603,0,0
IWM191129P163,2019-11-22,2019-11-22 09:37:36,4.67,0.9749,11,4.55,0.9498,100,5.03,1.0501,1,4.61,0.9624,0,0
IWM191129P163,2019-11-22,2019-11-22 09:37:36,4.67,0.9749,45,4.53,0.9457,112,5.03,1.0501,1,4.6,0.9603,0,0
IWM191129P163,2019-11-22,2019-11-22 09:37:37,4.68,0.977,47,4.56,0.9519,95,5.03,1.0501,1,4.62,0.9645,0,0
IWM191129P163,2019-11-22,2019-11-22 09:37:37,4.67,0.9749,11,4.55,0.9498,161,5.03,1.0501,1,4.61,0.9624,0,0
IWM191129P163,2019-11-22,2019-11-22 09:37:38,4.68,0.977,29,4.56,0.9519,150,5.03,1.0501,1,4.62,0.9645,0,0
IWM191129P163,2019-11-22,2019-11-22 09:37:38,4.68,0.977,55,4.56,0.9519,150,5.03,1.0501,1,4.62,0.9645,0,0
IWM191129P163,2019-11-22,2019-11-22 09:37:39,4.68,0.977,55,4.56,0.9519,150,5.03,1.0501,1,4.62,0.9645,0,0
IWM191129P163,2019-11-22,2019-11-22 09:37:40,4.68,0.977,55,4.56,0.9519,150,5.03,1.0501,1,4.62,0.9645,0,0
IWM191129P163,2019-11-22,2019-11-22 09:37:40,4.68,0.977,55,4.56,0.9519,108,5.03,1.0501,1,4.62,0.9645,0,0
IWM191129P163,2019-11-22,2019-11-22 09:37:41,4.68,0.977,23,4.56,0.9519,20,5.03,1.0501,1,4.62,0.9645,0,0
IWM191129P163,2019-11-22,2019-11-22 09:37:41,4.68,0.977,55,4.56,0.9519,108,5.03,1.0501,1,4.62,0.9645,0,0
IWM191129P163,2019-11-22,2019-11-22 09:37:42,4.68,0.977,140,4.55,0.9498,41,5.03,1.0501,1,4.615,0.9634,0,0
IWM191129P163,2019-11-22,2019-11-22 09:37:42,4.68,0.977,105,4.55,0.9498,68,5.03,1.0501,1,4.615,0.9634,0,0
IWM191129P163,2019-11-22,2019-11-22 09:37:43,4.68,0.977,79,4.55,0.9498,81,5.03,1.0501,1,4.615,0.9634,0,0
IWM191129P163,2019-11-22,2019-11-22 09:37:43,4.68,0.977,69,4.55,0.9498,81,5.03,1.0501,1,4.615,0.9634,0,0
IWM191129P163,2019-11-22,2019-11-22 09:37:44,4.68,0.977,69,4.55,0.9498,68,5.03,1.0501,1,4.615,0.9634,0,0
IWM191129P163,2019-11-22,2019-11-22 09:37:44,4.68,0.977,108,4.55,0.9498,68,5.03,1.0501,1,4.615,0.9634,0,0
IWM191129P163,2019-11-22,2019-11-22 09:37:45,4.68,0.977,74,4.55,0.9498,68,5.03,1.0501,1,4.615,0.9634,0,0
IWM191129P163,2019-11-22,2019-11-22 09:37:46,4.68,0.977,74,4.55,0.9498,68,5.03,1.0501,1,4.615,0.9634,0,0
IWM191129P163,2019-11-22,2019-11-22 09:37:47,4.68,0.977,74,4.55,0.9498,68,5.03,1.0501,1,4.615,0.9634,0,0
IWM191129P163,2019-11-22,2019-11-22 09:37:47,4.68,0.977,39,4.55,0.9498,104,5.03,1.0501,1,4.615,0.9634,0,0
IWM191129P163,2019-11-22,2019-11-22 09:37:48,4.68,0.977,74,4.55,0.9498,73,5.03,1.0501,1,4.615,0.9634,0,0
IWM191129P163,2019-11-22,2019-11-22 09:37:48,4.68,0.977,74,4.55,0.9498,72,5.03,1.0501,1,4.615,0.9634,0,0
IWM191129P163,2019-11-22,2019-11-22 09:37:49,4.68,0.977,36,4.55,0.9498,110,5.03,1.0501,1,4.615,0.9634,0,0
IWM191129P163,2019-11-22,2019-11-22 09:37:49,4.68,0.977,36,4.55,0.9498,72,5.03,1.0501,1,4.615,0.9634,0,0
IWM191129P163,2019-11-22,2019-11-22 09:37:50,4.68,0.977,36,4.55,0.9498,110,5.03,1.0501,1,4.615,0.9634,0,0
IWM191129P163,2019-11-22,2019-11-22 09:37:51,4.68,0.977,36,4.55,0.9498,140,5.03,1.0501,1,4.615,0.9634,0,0
IWM191129P163,2019-11-22,2019-11-22 09:37:52,4.68,0.977,36,4.55,0.9498,140,5.03,1.0501,1,4.615,0.9634,0,0
IWM191129P163,2019-11-22,2019-11-22 09:37:53,4.68,0.977,36,4.55,0.9498,114,5.03,1.0501,1,4.615,0.9634,0,0
IWM191129P163,2019-11-22,2019-11-22 09:37:54,4.69,0.9791,58,4.55,0.9498,90,5.03,1.0501,1,4.62,0.9645,0,0
IWM191129P163,2019-11-22,2019-11-22 09:37:54,4.69,0.9791,58,4.55,0.9498,95,5.03,1.0501,1,4.62,0.9645,0,0
IWM191129P163,2019-11-22,2019-11-22 09:37:55,4.69,0.9791,58,4.55,0.9498,90,5.03,1.0501,1,4.62,0.9645,0,0
IWM191129P163,2019-11-22,2019-11-22 09:37:56,4.69,0.9791,58,4.55,0.9498,120,5.03,1.0501,1,4.62,0.9645,0,0
IWM191129P163,2019-11-22,2019-11-22 09:37:56,4.69,0.9791,58,4.55,0.9498,90,5.03,1.0501,1,4.62,0.9645,0,0
IWM191129P163,2019-11-22,2019-11-22 09:37:57,4.69,0.9791,41,4.55,0.9498,120,5.03,1.0501,1,4.62,0.9645,0,0
IWM191129P163,2019-11-22,2019-11-22 09:37:58,4.69,0.9791,29,4.56,0.9519,185,5.03,1.0501,1,4.625,0.9655,0,0
IWM191129P163,2019-11-22,2019-11-22 09:37:58,4.69,0.9791,10,4.56,0.9519,110,5.03,1.0501,1,4.625,0.9655,0,0
IWM191129P163,2019-11-22,2019-11-22 09:37:59,4.69,0.9791,42,4.56,0.9519,150,5.03,1.0501,1,4.625,0.9655,0,0
IWM191129P163,2019-11-22,2019-11-22 09:37:59,4.69,0.9791,29,4.56,0.9519,185,5.03,1.0501,1,4.625,0.9655,0,0
IWM191129P163,2019-11-22,2019-11-22 09:38:00,4.69,0.9791,42,4.56,0.9519,150,5.03,1.0501,1,4.625,0.9655,0,0
IWM191129P163,2019-11-22,2019-11-22 09:38:01,4.69,0.9791,42,4.56,0.9519,150,5.03,1.0501,1,4.625,0.9655,0,0
IWM191129P163,2019-11-22,2019-11-22 09:38:02,4.69,0.9791,15,4.56,0.9519,150,5.03,1.0501,1,4.625,0.9655,0,0
IWM191129P163,2019-11-22,2019-11-22 09:38:02,4.69,0.9791,30,4.56,0.9519,150,5.03,1.0501,1,4.625,0.9655,0,0
IWM191129P163,2019-11-22,2019-11-22 09:38:03,4.69,0.9791,30,4.56,0.9519,150,5.03,1.0501,1,4.625,0.9655,0,0
IWM191129P163,2019-11-22,2019-11-22 09:38:04,4.69,0.9791,30,4.56,0.9519,150,5.03,1.0501,1,4.625,0.9655,0,0
IWM191129P163,2019-11-22,2019-11-22 09:38:04,4.69,0.9791,23,4.56,0.9519,150,5.03,1.0501,1,4.625,0.9655,0,0
IWM191129P163,2019-11-22,2019-11-22 09:38:05,4.7,0.9812,38,4.57,0.954,153,5.03,1.0501,1,4.635,0.9676,0,0
IWM191129P163,2019-11-22,2019-11-22 09:38:05,4.7,0.9812,48,4.57,0.954,153,5.03,1.0501,1,4.635,0.9676,0,0
IWM191129P163,2019-11-22,2019-11-22 09:38:06,4.7,0.9812,23,4.57,0.954,153,5.03,1.0501,1,4.635,0.9676,0,0
IWM191129P163,2019-11-22,2019-11-22 09:38:06,4.7,0.9812,48,4.57,0.954,153,5.03,1.0501,1,4.635,0.9676,0,0
IWM191129P163,2019-11-22,2019-11-22 09:38:07,4.7,0.9812,23,4.57,0.954,153,5.03,1.0501,1,4.635,0.9676,0,0
IWM191129P163,2019-11-22,2019-11-22 09:38:07,4.76,0.9937,20,4.57,0.954,22,5.03,1.0501,1,4.665,0.9739,0,0
IWM191129P163,2019-11-22,2019-11-22 09:38:08,4.76,0.9937,30,4.6,0.9603,95,5.03,1.0501,1,4.68,0.977,0,0
IWM191129P163,2019-11-22,2019-11-22 09:38:08,4.75,0.9916,49,4.61,0.9624,120,5.03,1.0501,1,4.68,0.977,0,0
IWM191129P163,2019-11-22,2019-11-22 09:38:09,4.75,0.9916,89,4.61,0.9624,110,5.03,1.0501,1,4.68,0.977,0,0
IWM191129P163,2019-11-22,2019-11-22 09:38:09,4.75,0.9916,48,4.61,0.9624,190,5.03,1.0501,1,4.68,0.977,0,0
IWM191129P163,2019-11-22,2019-11-22 09:38:10,4.74,0.9895,109,4.61,0.9624,40,5.03,1.0501,1,4.675,0.9759,0,0
IWM191129P163,2019-11-22,2019-11-22 09:38:11,4.74,0.9895,150,4.61,0.9624,34,5.03,1.0501,1,4.675,0.9759,0,0
IWM191129P163,2019-11-22,2019-11-22 09:38:11,4.74,0.9895,150,4.61,0.9624,20,5.03,1.0501,1,4.675,0.9759,0,0
IWM191129P163,2019-11-22,2019-11-22 09:38:12,4.74,0.9895,150,4.61,0.9624,78,5.03,1.0501,1,4.675,0.9759,0,0
IWM191129P163,2019-11-22,2019-11-22 09:38:12,4.74,0.9895,74,4.61,0.9624,82,5.03,1.0501,1,4.675,0.9759,0,0
IWM191129P163,2019-11-22,2019-11-22 09:38:13,4.74,0.9895,48,4.61,0.9624,82,5.03,1.0501,1,4.675,0.9759,0,0
IWM191129P163,2019-11-22,2019-11-22 09:38:14,4.74,0.9895,48,4.61,0.9624,115,5.03,1.0501,1,4.675,0.9759,0,0
IWM191129P163,2019-11-22,2019-11-22 09:38:15,4.74,0.9895,48,4.61,0.9624,115,5.03,1.0501,1,4.675,0.9759,0,0
IWM191129P163,2019-11-22,2019-11-22 09:38:15,4.76,0.9937,10,4.63,0.9665,105,5.03,1.0501,1,4.695,0.9801,0,0
IWM191129P163,2019-11-22,2019-11-22 09:38:16,4.76,0.9937,10,4.63,0.9665,174,5.03,1.0501,1,4.695,0.9801,0,0
IWM191129P163,2019-11-22,2019-11-22 09:38:16,4.76,0.9937,37,4.63,0.9665,174,5.03,1.0501,1,4.695,0.9801,0,0
IWM191129P163,2019-11-22,2019-11-22 09:38:17,4.76,0.9937,10,4.64,0.9686,176,5.03,1.0501,1,4.7,0.9812,0,0
IWM191129P163,2019-11-22,2019-11-22 09:38:18,4.76,0.9937,10,4.64,0.9686,107,5.03,1.0501,1,4.7,0.9812,0,0
IWM191129P163,2019-11-22,2019-11-22 09:38:19,4.78,0.9979,94,4.64,0.9686,107,5.03,1.0501,1,4.71,0.9832,0,0
IWM191129P163,2019-11-22,2019-11-22 09:38:19,4.78,0.9979,150,4.64,0.9686,74,5.03,1.0501,1,4.71,0.9832,0,0
IWM191129P163,2019-11-22,2019-11-22 09:38:20,4.77,0.9958,150,4.64,0.9686,47,5.03,1.0501,1,4.705,0.9822,0,0
IWM191129P163,2019-11-22,2019-11-22 09:38:21,4.76,0.9937,145,4.64,0.9686,47,5.03,1.0501,1,4.7,0.9812,0,0
IWM191129P163,2019-11-22,2019-11-22 09:38:22,4.76,0.9937,145,4.64,0.9686,47,5.03,1.0501,1,4.7,0.9812,0,0
IWM191129P163,2019-11-22,2019-11-22 09:38:22,4.75,0.9916,81,4.63,0.9665,25,5.03,1.0501,1,4.69,0.9791,0,0
IWM191129P163,2019-11-22,2019-11-22 09:38:23,4.75,0.9916,107,4.63,0.9665,66,5.03,1.0501,1,4.69,0.9791,0,0
IWM191129P163,2019-11-22,2019-11-22 09:38:23,4.75,0.9916,150,4.63,0.9665,66,5.03,1.0501,1,4.69,0.9791,0,0
IWM191129P163,2019-11-22,2019-11-22 09:38:24,4.75,0.9916,107,4.63,0.9665,41,5.03,1.0501,1,4.69,0.9791,0,0
IWM191129P163,2019-11-22,2019-11-22 09:38:24,4.75,0.9916,107,4.63,0.9665,66,5.03,1.0501,1,4.69,0.9791,0,0
IWM191129P163,2019-11-22,2019-11-22 09:38:25,4.75,0.9916,107,4.63,0.9665,41,5.03,1.0501,1,4.69,0.9791,0,0
IWM191129P163,2019-11-22,2019-11-22 09:38:26,4.75,0.9916,107,4.63,0.9665,41,5.03,1.0501,1,4.69,0.9791,0,0
IWM191129P163,2019-11-22,2019-11-22 09:38:27,4.75,0.9916,107,4.63,0.9665,41,5.03,1.0501,1,4.69,0.9791,0,0
IWM191129P163,2019-11-22,2019-11-22 09:38:28,4.74,0.9895,150,4.62,0.9645,30,5.03,1.0501,1,4.68,0.977,0,0
IWM191129P163,2019-11-22,2019-11-22 09:38:28,4.75,0.9916,108,4.63,0.9665,6,5.03,1.0501,1,4.69,0.9791,0,0
IWM191129P163,2019-11-22,2019-11-22 09:38:29,4.74,0.9895,150,4.62,0.9645,30,5.03,1.0501,1,4.68,0.977,0,0
IWM191129P163,2019-11-22,2019-11-22 09:38:29,4.73,0.9874,149,4.6,0.9603,38,5.03,1.0501,1,4.665,0.9739,0,0
IWM191129P163,2019-11-22,2019-11-22 09:38:30,4.73,0.9874,149,4.6,0.9603,71,5.03,1.0501,1,4.665,0.9739,0,0
IWM191129P163,2019-11-22,2019-11-22 09:38:31,4.73,0.9874,149,4.6,0.9603,48,5.03,1.0501,1,4.665,0.9739,0,0
IWM191129P163,2019-11-22,2019-11-22 09:38:32,4.72,0.9853,150,4.6,0.9603,33,5.03,1.0501,1,4.66,0.9728,0,0
IWM191129P163,2019-11-22,2019-11-22 09:38:32,4.73,0.9874,149,4.6,0.9603,48,5.03,1.0501,1,4.665,0.9739,0,0
IWM191129P163,2019-11-22,2019-11-22 09:38:33,4.72,0.9853,150,4.6,0.9603,35,5.03,1.0501,1,4.66,0.9728,0,0
IWM191129P163,2019-11-22,2019-11-22 09:38:33,4.72,0.9853,150,4.6,0.9603,33,5.03,1.0501,1,4.66,0.9728,0,0
IWM191129P163,2019-11-22,2019-11-22 09:38:34,4.72,0.9853,150,4.57,0.954,115,5.03,1.0501,1,4.645,0.9697,0,0
IWM191129P163,2019-11-22,2019-11-22 09:38:35,4.72,0.9853,150,4.57,0.954,115,5.03,1.0501,1,4.645,0.9697,0,0
IWM191129P163,2019-11-22,2019-11-22 09:38:35,4.71,0.9832,150,4.57,0.954,115,5.03,1.0501,1,4.64,0.9686,0,0
IWM191129P163,2019-11-22,2019-11-22 09:38:36,4.7,0.9812,150,4.57,0.954,83,5.03,1.0501,1,4.635,0.9676,0,0
IWM191129P163,2019-11-22,2019-11-22 09:38:36,4.71,0.9832,150,4.57,0.954,83,5.03,1.0501,1,4.64,0.9686,0,0
IWM191129P163,2019-11-22,2019-11-22 09:38:37,4.7,0.9812,150,4.57,0.954,83,5.03,1.0501,1,4.635,0.9676,0,0
IWM191129P163,2019-11-22,2019-11-22 09:38:38,4.7,0.9812,150,4.57,0.954,83,5.03,1.0501,1,4.635,0.9676,0,0
IWM191129P163,2019-11-22,2019-11-22 09:38:38,4.7,0.9812,96,4.57,0.954,83,5.03,1.0501,1,4.635,0.9676,0,0
IWM191129P163,2019-11-22,2019-11-22 09:38:39,4.7,0.9812,67,4.57,0.954,92,5.03,1.0501,1,4.635,0.9676,0,0
IWM191129P163,2019-11-22,2019-11-22 09:38:40,4.7,0.9812,32,4.57,0.954,108,5.03,1.0501,1,4.635,0.9676,0,0
IWM191129P163,2019-11-22,2019-11-22 09:38:40,4.7,0.9812,32,4.57,0.954,92,5.03,1.0501,1,4.635,0.9676,0,0
IWM191129P163,2019-11-22,2019-11-22 09:38:41,4.7,0.9812,32,4.57,0.954,122,5.03,1.0501,1,4.635,0.9676,0,0
IWM191129P163,2019-11-22,2019-11-22 09:38:41,4.7,0.9812,32,4.57,0.954,149,5.03,1.0501,1,4.635,0.9676,0,0
IWM191129P163,2019-11-22,2019-11-22 09:38:42,4.7,0.9812,32,4.57,0.954,122,5.03,1.0501,1,4.635,0.9676,0,0
IWM191129P163,2019-11-22,2019-11-22 09:38:43,4.7,0.9812,32,4.57,0.954,122,5.03,1.0501,1,4.635,0.9676,0,0
IWM191129P163,2019-11-22,2019-11-22 09:38:44,4.7,0.9812,20,4.57,0.954,122,5.03,1.0501,1,4.635,0.9676,0,0
IWM191129P163,2019-11-22,2019-11-22 09:38:45,4.7,0.9812,48,4.57,0.954,92,5.03,1.0501,1,4.635,0.9676,0,0
IWM191129P163,2019-11-22,2019-11-22 09:38:46,4.7,0.9812,48,4.57,0.954,103,5.03,1.0501,1,4.635,0.9676,0,0
IWM191129P163,2019-11-22,2019-11-22 09:38:46,4.7,0.9812,48,4.57,0.954,130,5.03,1.0501,1,4.635,0.9676,0,0
IWM191129P163,2019-11-22,2019-11-22 09:38:47,4.7,0.9812,48,4.57,0.954,103,5.03,1.0501,1,4.635,0.9676,0,0
IWM191129P163,2019-11-22,2019-11-22 09:38:48,4.7,0.9812,48,4.57,0.954,103,5.03,1.0501,1,4.635,0.9676,0,0
IWM191129P163,2019-11-22,2019-11-22 09:38:49,4.7,0.9812,48,4.57,0.954,103,5.03,1.0501,1,4.635,0.9676,0,0
IWM191129P163,2019-11-22,2019-11-22 09:38:50,4.7,0.9812,48,4.57,0.954,103,5.03,1.0501,1,4.635,0.9676,0,0
IWM191129P163,2019-11-22,2019-11-22 09:38:51,4.7,0.9812,48,4.57,0.954,103,5.03,1.0501,1,4.635,0.9676,0,0
IWM191129P163,2019-11-22,2019-11-22 09:38:52,4.7,0.9812,48,4.57,0.954,103,5.03,1.0501,1,4.635,0.9676,0,0
IWM191129P163,2019-11-22,2019-11-22 09:38:52,4.7,0.9812,48,4.57,0.954,112,5.03,1.0501,1,4.635,0.9676,0,0
IWM191129P163,2019-11-22,2019-11-22 09:38:53,4.7,0.9812,41,4.57,0.954,112,5.03,1.0501,1,4.635,0.9676,0,0
IWM191129P163,2019-11-22,2019-11-22 09:38:54,4.7,0.9812,41,4.57,0.954,112,5.03,1.0501,1,4.635,0.9676,0,0
IWM191129P163,2019-11-22,2019-11-22 09:38:55,4.7,0.9812,41,4.57,0.954,112,5.03,1.0501,1,4.635,0.9676,0,0
IWM191129P163,2019-11-22,2019-11-22 09:38:56,4.7,0.9812,41,4.57,0.954,112,5.03,1.0501,1,4.635,0.9676,0,0
IWM191129P163,2019-11-22,2019-11-22 09:38:56,4.7,0.9812,76,4.57,0.954,83,5.03,1.0501,1,4.635,0.9676,0,0
IWM191129P163,2019-11-22,2019-11-22 09:38:57,4.7,0.9812,76,4.57,0.954,92,5.03,1.0501,1,4.635,0.9676,0,0
IWM191129P163,2019-11-22,2019-11-22 09:38:57,4.7,0.9812,76,4.57,0.954,83,5.03,1.0501,1,4.635,0.9676,0,0
IWM191129P163,2019-11-22,2019-11-22 09:38:58,4.7,0.9812,76,4.57,0.954,83,5.03,1.0501,1,4.635,0.9676,0,0
IWM191129P163,2019-11-22,2019-11-22 09:38:59,4.7,0.9812,76,4.57,0.954,83,5.03,1.0501,1,4.635,0.9676,0,0
IWM191129P163,2019-11-22,2019-11-22 09:39:00,4.7,0.9812,76,4.57,0.954,83,5.03,1.0501,1,4.635,0.9676,0,0
IWM191129P163,2019-11-22,2019-11-22 09:39:01,4.7,0.9812,76,4.57,0.954,83,5.03,1.0501,1,4.635,0.9676,0,0
IWM191129P163,2019-11-22,2019-11-22 09:39:02,4.7,0.9812,76,4.57,0.954,83,5.03,1.0501,1,4.635,0.9676,0,0
IWM191129P163,2019-11-22,2019-11-22 09:39:03,4.7,0.9812,76,4.57,0.954,83,5.03,1.0501,1,4.635,0.9676,0,0
IWM191129P163,2019-11-22,2019-11-22 09:39:04,4.7,0.9812,76,4.57,0.954,83,5.03,1.0501,1,4.635,0.9676,0,0
IWM191129P163,2019-11-22,2019-11-22 09:39:05,4.7,0.9812,51,4.57,0.954,83,5.03,1.0501,1,4.635,0.9676,0,0
IWM191129P163,2019-11-22,2019-11-22 09:39:06,4.7,0.9812,51,4.57,0.954,83,5.03,1.0501,1,4.635,0.9676,0,0
IWM191129P163,2019-11-22,2019-11-22 09:39:07,4.7,0.9812,64,4.57,0.954,83,5.03,1.0501,1,4.635,0.9676,0,0
IWM191129P163,2019-11-22,2019-11-22 09:39:08,4.7,0.9812,96,4.57,0.954,83,5.03,1.0501,1,4.635,0.9676,0,0
IWM191129P163,2019-11-22,2019-11-22 09:39:08,4.7,0.9812,64,4.57,0.954,83,5.03,1.0501,1,4.635,0.9676,0,0
IWM191129P163,2019-11-22,2019-11-22 09:39:09,4.7,0.9812,96,4.57,0.954,83,5.03,1.0501,1,4.635,0.9676,0,0
IWM191129P163,2019-11-22,2019-11-22 09:39:10,4.7,0.9812,96,4.57,0.954,83,5.03,1.0501,1,4.635,0.9676,0,0
IWM191129P163,2019-11-22,2019-11-22 09:39:10,4.7,0.9812,63,4.57,0.954,83,5.03,1.0501,1,4.635,0.9676,0,0
IWM191129P163,2019-11-22,2019-11-22 09:39:11,4.7,0.9812,63,4.57,0.954,83,5.03,1.0501,1,4.635,0.9676,0,0
IWM191129P163,2019-11-22,2019-11-22 09:39:12,4.7,0.9812,63,4.57,0.954,83,5.03,1.0501,1,4.635,0.9676,0,0
IWM191129P163,2019-11-22,2019-11-22 09:39:13,4.7,0.9812,63,4.57,0.954,83,5.03,1.0501,1,4.635,0.9676,0,0
IWM191129P163,2019-11-22,2019-11-22 09:39:14,4.7,0.9812,63,4.57,0.954,83,5.03,1.0501,1,4.635,0.9676,0,0
IWM191129P163,2019-11-22,2019-11-22 09:39:15,4.7,0.9812,63,4.57,0.954,104,5.03,1.0501,1,4.635,0.9676,0,0
IWM191129P163,2019-11-22,2019-11-22 09:39:16,4.7,0.9812,63,4.57,0.954,104,5.03,1.0501,1,4.635,0.9676,0,0
IWM191129P163,2019-11-22,2019-11-22 09:39:16,4.7,0.9812,68,4.57,0.954,105,5.03,1.0501,1,4.635,0.9676,0,0
IWM191129P163,2019-11-22,2019-11-22 09:39:17,4.7,0.9812,68,4.57,0.954,105,5.03,1.0501,1,4.635,0.9676,0,0
IWM191129P163,2019-11-22,2019-11-22 09:39:18,4.7,0.9812,68,4.57,0.954,105,5.03,1.0501,1,4.635,0.9676,0,0
IWM191129P163,2019-11-22,2019-11-22 09:39:19,4.7,0.9812,68,4.57,0.954,126,5.03,1.0501,1,4.635,0.9676,0,0
IWM191129P163,2019-11-22,2019-11-22 09:39:19,4.7,0.9812,68,4.57,0.954,93,5.03,1.0501,1,4.635,0.9676,0,0
IWM191129P163,2019-11-22,2019-11-22 09:39:20,4.7,0.9812,68,4.57,0.954,137,5.03,1.0501,1,4.635,0.9676,0,0
IWM191129P163,2019-11-22,2019-11-22 09:39:20,4.7,0.9812,68,4.57,0.954,169,5.03,1.0501,1,4.635,0.9676,0,0
IWM191129P163,2019-11-22,2019-11-22 09:39:21,4.7,0.9812,68,4.57,0.954,137,5.03,1.0501,1,4.635,0.9676,0,0
IWM191129P163,2019-11-22,2019-11-22 09:39:22,4.7,0.9812,68,4.57,0.954,137,5.03,1.0501,1,4.635,0.9676,0,0
IWM191129P163,2019-11-22,2019-11-22 09:39:23,4.7,0.9812,68,4.57,0.954,137,5.03,1.0501,1,4.635,0.9676,0,0
IWM191129P163,2019-11-22,2019-11-22 09:39:24,4.7,0.9812,68,4.57,0.954,137,5.03,1.0501,1,4.635,0.9676,0,0
IWM191129P163,2019-11-22,2019-11-22 09:39:25,4.7,0.9812,58,4.57,0.954,89,5.03,1.0501,1,4.635,0.9676,0,0
IWM191129P163,2019-11-22,2019-11-22 09:39:25,4.7,0.9812,45,4.57,0.954,89,5.03,1.0501,1,4.635,0.9676,0,0
IWM191129P163,2019-11-22,2019-11-22 09:39:26,4.7,0.9812,45,4.57,0.954,89,5.03,1.0501,1,4.635,0.9676,0,0
IWM191129P163,2019-11-22,2019-11-22 09:39:27,4.7,0.9812,41,4.57,0.954,125,5.03,1.0501,1,4.635,0.9676,0,0
IWM191129P163,2019-11-22,2019-11-22 09:39:28,4.7,0.9812,41,4.57,0.954,125,5.03,1.0501,1,4.635,0.9676,0,0
IWM191129P163,2019-11-22,2019-11-22 09:39:29,4.7,0.9812,33,4.58,0.9561,150,5.03,1.0501,1,4.64,0.9686,0,0
IWM191129P163,2019-11-22,2019-11-22 09:39:30,4.71,0.9832,32,4.59,0.9582,150,5.03,1.0501,1,4.65,0.9707,0,0
IWM191129P163,2019-11-22,2019-11-22 09:39:30,4.7,0.9812,10,4.59,0.9582,97,5.03,1.0501,1,4.645,0.9697,0,0
IWM191129P163,2019-11-22,2019-11-22 09:39:31,4.71,0.9832,43,4.59,0.9582,150,5.03,1.0501,1,4.65,0.9707,0,0
IWM191129P163,2019-11-22,2019-11-22 09:39:32,4.71,0.9832,43,4.59,0.9582,150,5.03,1.0501,1,4.65,0.9707,0,0
IWM191129P163,2019-11-22,2019-11-22 09:39:33,4.71,0.9832,43,4.59,0.9582,150,5.03,1.0501,1,4.65,0.9707,0,0
IWM191129P163,2019-11-22,2019-11-22 09:39:34,4.71,0.9832,43,4.59,0.9582,150,5.03,1.0501,1,4.65,0.9707,0,0
IWM191129P163,2019-11-22,2019-11-22 09:39:34,4.71,0.9832,43,4.59,0.9582,104,5.03,1.0501,1,4.65,0.9707,0,0
IWM191129P163,2019-11-22,2019-11-22 09:39:35,4.71,0.9832,43,4.59,0.9582,104,5.03,1.0501,1,4.65,0.9707,0,0
IWM191129P163,2019-11-22,2019-11-22 09:39:36,4.72,0.9853,44,4.6,0.9603,141,5.03,1.0501,1,4.66,0.9728,0,0
IWM191129P163,2019-11-22,2019-11-22 09:39:36,4.71,0.9832,43,4.59,0.9582,104,5.03,1.0501,1,4.65,0.9707,0,0
IWM191129P163,2019-11-22,2019-11-22 09:39:37,4.72,0.9853,44,4.6,0.9603,141,5.03,1.0501,1,4.66,0.9728,0,0
IWM191129P163,2019-11-22,2019-11-22 09:39:38,4.72,0.9853,65,4.6,0.9603,108,5.03,1.0501,1,4.66,0.9728,0,0
IWM191129P163,2019-11-22,2019-11-22 09:39:39,4.72,0.9853,65,4.6,0.9603,108,5.03,1.0501,1,4.66,0.9728,0,0
IWM191129P163,2019-11-22,2019-11-22 09:39:40,4.72,0.9853,65,4.6,0.9603,108,5.03,1.0501,1,4.66,0.9728,0,0
IWM191129P163,2019-11-22,2019-11-22 09:39:40,4.72,0.9853,65,4.6,0.9603,40,5.03,1.0501,1,4.66,0.9728,0,0
IWM191129P163,2019-11-22,2019-11-22 09:39:41,4.72,0.9853,102,4.6,0.9603,55,5.03,1.0501,1,4.66,0.9728,0,0
IWM191129P163,2019-11-22,2019-11-22 09:39:41,4.72,0.9853,102,4.6,0.9603,40,5.03,1.0501,1,4.66,0.9728,0,0
IWM191129P163,2019-11-22,2019-11-22 09:39:42,4.72,0.9853,102,4.6,0.9603,55,5.03,1.0501,1,4.66,0.9728,0,0
IWM191129P163,2019-11-22,2019-11-22 09:39:43,4.72,0.9853,102,4.6,0.9603,55,5.03,1.0501,1,4.66,0.9728,0,0
IWM191129P163,2019-11-22,2019-11-22 09:39:44,4.72,0.9853,102,4.6,0.9603,55,5.03,1.0501,1,4.66,0.9728,0,0
IWM191129P163,2019-11-22,2019-11-22 09:39:45,4.72,0.9853,102,4.6,0.9603,55,5.03,1.0501,1,4.66,0.9728,0,0
IWM191129P163,2019-11-22,2019-11-22 09:39:46,4.72,0.9853,67,4.6,0.9603,55,5.03,1.0501,1,4.66,0.9728,0,0
IWM191129P163,2019-11-22,2019-11-22 09:39:46,4.72,0.9853,67,4.6,0.9603,76,5.03,1.0501,1,4.66,0.9728,0,0
IWM191129P163,2019-11-22,2019-11-22 09:39:47,4.72,0.9853,67,4.6,0.9603,76,5.03,1.0501,1,4.66,0.9728,0,0
IWM191129P163,2019-11-22,2019-11-22 09:39:48,4.72,0.9853,67,4.6,0.9603,76,5.03,1.0501,1,4.66,0.9728,0,0
IWM191129P163,2019-11-22,2019-11-22 09:39:49,4.72,0.9853,67,4.6,0.9603,76,5.03,1.0501,1,4.66,0.9728,0,0
IWM191129P163,2019-11-22,2019-11-22 09:39:50,4.72,0.9853,20,4.6,0.9603,55,5.03,1.0501,1,4.66,0.9728,0,0
IWM191129P163,2019-11-22,2019-11-22 09:39:51,4.72,0.9853,20,4.6,0.9603,55,5.03,1.0501,1,4.66,0.9728,0,0
IWM191129P163,2019-11-22,2019-11-22 09:39:52,4.72,0.9853,20,4.6,0.9603,55,5.03,1.0501,1,4.66,0.9728,0,0
IWM191129P163,2019-11-22,2019-11-22 09:39:53,4.72,0.9853,10,4.6,0.9603,55,5.03,1.0501,1,4.66,0.9728,0,0
IWM191129P163,2019-11-22,2019-11-22 09:39:53,4.72,0.9853,20,4.6,0.9603,55,5.03,1.0501,1,4.66,0.9728,0,0
IWM191129P163,2019-11-22,2019-11-22 09:39:54,4.77,0.9958,30,4.6,0.9603,23,5.03,1.0501,1,4.685,0.978,0,0
IWM191129P163,2019-11-22,2019-11-22 09:39:54,4.76,0.9937,20,4.6,0.9603,20,5.03,1.0501,1,4.68,0.977,0,0
IWM191129P163,2019-11-22,2019-11-22 09:39:55,4.78,0.9979,21,4.61,0.9624,22,5.03,1.0501,1,4.695,0.9801,0,0
IWM191129P163,2019-11-22,2019-11-22 09:39:55,4.78,0.9979,20,4.61,0.9624,22,5.03,1.0501,1,4.695,0.9801,0,0
IWM191129P163,2019-11-22,2019-11-22 09:39:56,4.78,0.9979,20,4.61,0.9624,30,5.03,1.0501,1,4.695,0.9801,0,0
IWM191129P163,2019-11-22,2019-11-22 09:39:56,4.78,0.9979,20,4.61,0.9624,22,5.03,1.0501,1,4.695,0.9801,0,0
IWM191129P163,2019-11-22,2019-11-22 09:39:57,4.78,0.9979,10,4.63,0.9665,20,5.03,1.0501,1,4.705,0.9822,0,0
IWM191129P163,2019-11-22,2019-11-22 09:39:57,4.78,0.9979,20,4.63,0.9665,10,5.03,1.0501,1,4.705,0.9822,0,0
IWM191129P163,2019-11-22,2019-11-22 09:39:58,4.8,1.002,20,4.63,0.9665,20,5.03,1.0501,1,4.715,0.9843,0,0
IWM191129P163,2019-11-22,2019-11-22 09:39:58,4.8,1.002,30,4.63,0.9665,20,5.03,1.0501,1,4.715,0.9843,0,0
IWM191129P163,2019-11-22,2019-11-22 09:39:59,4.8,1.002,20,4.63,0.9665,20,5.03,1.0501,1,4.715,0.9843,0,0
IWM191129P163,2019-11-22,2019-11-22 09:40:00,4.8,1.002,144,4.65,0.9707,68,5.03,1.0501,1,4.725,0.9864,0,0
IWM191129P163,2019-11-22,2019-11-22 09:40:00,4.8,1.002,144,4.65,0.9707,105,5.03,1.0501,1,4.725,0.9864,0,0
IWM191129P163,2019-11-22,2019-11-22 09:40:01,4.8,1.002,144,4.65,0.9707,142,5.03,1.0501,1,4.725,0.9864,0,0
IWM191129P163,2019-11-22,2019-11-22 09:40:02,4.79,1.0,150,4.65,0.9707,106,5.03,1.0501,1,4.72,0.9853,0,0
IWM191129P163,2019-11-22,2019-11-22 09:40:03,4.78,0.9979,148,4.65,0.9707,73,5.03,1.0501,1,4.715,0.9843,0,0
IWM191129P163,2019-11-22,2019-11-22 09:40:03,4.78,0.9979,112,4.65,0.9707,73,5.03,1.0501,1,4.715,0.9843,0,0
IWM191129P163,2019-11-22,2019-11-22 09:40:04,4.78,0.9979,112,4.65,0.9707,73,5.03,1.0501,1,4.715,0.9843,0,0
IWM191129P163,2019-11-22,2019-11-22 09:40:05,4.8,1.002,15,4.67,0.9749,92,5.03,1.0501,1,4.735,0.9885,0,0
IWM191129P163,2019-11-22,2019-11-22 09:40:05,4.78,0.9979,112,4.65,0.9707,73,5.03,1.0501,1,4.715,0.9843,0,0
IWM191129P163,2019-11-22,2019-11-22 09:40:06,4.8,1.002,20,4.66,0.9728,20,5.03,1.0501,1,4.73,0.9874,0,0
IWM191129P163,2019-11-22,2019-11-22 09:40:06,4.8,1.002,66,4.66,0.9728,142,5.03,1.0501,1,4.73,0.9874,0,0
IWM191129P163,2019-11-22,2019-11-22 09:40:07,4.8,1.002,88,4.66,0.9728,142,5.03,1.0501,1,4.73,0.9874,0,0
IWM191129P163,2019-11-22,2019-11-22 09:40:08,4.8,1.002,88,4.66,0.9728,110,5.03,1.0501,1,4.73,0.9874,0,0
IWM191129P163,2019-11-22,2019-11-22 09:40:08,4.8,1.002,68,4.66,0.9728,110,5.03,1.0501,1,4.73,0.9874,0,0
IWM191129P163,2019-11-22,2019-11-22 09:40:09,4.8,1.002,88,4.66,0.9728,110,5.03,1.0501,1,4.73,0.9874,0,0
IWM191129P163,2019-11-22,2019-11-22 09:40:10,4.8,1.002,88,4.66,0.9728,110,5.03,1.0501,1,4.73,0.9874,0,0
IWM191129P163,2019-11-22,2019-11-22 09:40:11,4.79,1.0,150,4.66,0.9728,79,5.03,1.0501,1,4.725,0.9864,0,0
IWM191129P163,2019-11-22,2019-11-22 09:40:12,4.79,1.0,150,4.66,0.9728,49,5.03,1.0501,1,4.725,0.9864,0,0
IWM191129P163,2019-11-22,2019-11-22 09:40:12,4.79,1.0,150,4.66,0.9728,79,5.03,1.0501,1,4.725,0.9864,0,0
IWM191129P163,2019-11-22,2019-11-22 09:40:13,4.79,1.0,150,4.66,0.9728,49,5.03,1.0501,1,4.725,0.9864,0,0
IWM191129P163,2019-11-22,2019-11-22 09:40:14,4.79,1.0,150,4.66,0.9728,49,5.03,1.0501,1,4.725,0.9864,0,0
IWM191129P163,2019-11-22,2019-11-22 09:40:14,4.79,1.0,73,4.66,0.9728,63,5.03,1.0501,1,4.725,0.9864,0,0
IWM191129P163,2019-11-22,2019-11-22 09:40:15,4.8,1.002,45,4.66,0.9728,133,5.03,1.0501,1,4.73,0.9874,0,0
IWM191129P163,2019-11-22,2019-11-22 09:40:15,4.79,1.0,40,4.66,0.9728,133,5.03,1.0501,1,4.725,0.9864,0,0
IWM191129P163,2019-11-22,2019-11-22 09:40:16,4.8,1.002,45,4.66,0.9728,156,5.03,1.0501,1,4.73,0.9874,0,0
IWM191129P163,2019-11-22,2019-11-22 09:40:17,4.8,1.002,45,4.66,0.9728,133,5.03,1.0501,1,4.73,0.9874,0,0
IWM191129P163,2019-11-22,2019-11-22 09:40:17,4.8,1.002,115,4.66,0.9728,140,5.03,1.0501,1,4.73,0.9874,0,0
IWM191129P163,2019-11-22,2019-11-22 09:40:18,4.8,1.002,115,4.66,0.9728,133,5.03,1.0501,1,4.73,0.9874,0,0
IWM191129P163,2019-11-22,2019-11-22 09:40:18,4.8,1.002,115,4.66,0.9728,76,5.03,1.0501,1,4.73,0.9874,0,0
IWM191129P163,2019-11-22,2019-11-22 09:40:19,4.8,1.002,117,4.66,0.9728,10,5.03,1.0501,1,4.73,0.9874,0,0
IWM191129P163,2019-11-22,2019-11-22 09:40:19,4.8,1.002,117,4.66,0.9728,46,5.03,1.0501,1,4.73,0.9874,0,0
IWM191129P163,2019-11-22,2019-11-22 09:40:20,4.78,0.9979,110,4.64,0.9686,50,5.03,1.0501,1,4.71,0.9832,0,0
IWM191129P163,2019-11-22,2019-11-22 09:40:20,4.78,0.9979,150,4.64,0.9686,72,5.03,1.0501,1,4.71,0.9832,0,0
IWM191129P163,2019-11-22,2019-11-22 09:40:21,4.78,0.9979,150,4.64,0.9686,72,5.03,1.0501,1,4.71,0.9832,0,0
IWM191129P163,2019-11-22,2019-11-22 09:40:22,4.78,0.9979,150,4.64,0.9686,72,5.03,1.0501,1,4.71,0.9832,0,0
IWM191129P163,2019-11-22,2019-11-22 09:40:23,4.78,0.9979,150,4.64,0.9686,96,5.03,1.0501,1,4.71,0.9832,0,0
IWM191129P163,2019-11-22,2019-11-22 09:40:23,4.78,0.9979,53,4.64,0.9686,84,5.03,1.0501,1,4.71,0.9832,0,0
IWM191129P163,2019-11-22,2019-11-22 09:40:24,4.78,0.9979,53,4.66,0.9728,117,5.03,1.0501,1,4.72,0.9853,0,0
IWM191129P163,2019-11-22,2019-11-22 09:40:24,4.81,1.0041,118,4.66,0.9728,150,5.03,1.0501,1,4.735,0.9885,0,0
IWM191129P163,2019-11-22,2019-11-22 09:40:25,4.81,1.0041,118,4.66,0.9728,205,5.03,1.0501,1,4.735,0.9885,0,0
IWM191129P163,2019-11-22,2019-11-22 09:40:26,4.81,1.0041,118,4.66,0.9728,205,5.03,1.0501,1,4.735,0.9885,0,0
IWM191129P163,2019-11-22,2019-11-22 09:40:26,4.81,1.0041,118,4.66,0.9728,150,5.03,1.0501,1,4.735,0.9885,0,0
IWM191129P163,2019-11-22,2019-11-22 09:40:27,4.81,1.0041,118,4.66,0.9728,150,5.03,1.0501,1,4.735,0.9885,0,0
IWM191129P163,2019-11-22,2019-11-22 09:40:28,4.81,1.0041,118,4.66,0.9728,150,5.03,1.0501,1,4.735,0.9885,0,0
IWM191129P163,2019-11-22,2019-11-22 09:40:29,4.81,1.0041,119,4.66,0.9728,117,5.03,1.0501,1,4.735,0.9885,0,0
IWM191129P163,2019-11-22,2019-11-22 09:40:29,4.81,1.0041,118,4.66,0.9728,150,5.03,1.0501,1,4.735,0.9885,0,0
IWM191129P163,2019-11-22,2019-11-22 09:40:30,4.81,1.0041,119,4.66,0.9728,112,5.03,1.0501,1,4.735,0.9885,0,0
IWM191129P163,2019-11-22,2019-11-22 09:40:30,4.81,1.0041,119,4.66,0.9728,117,5.03,1.0501,1,4.735,0.9885,0,0
IWM191129P163,2019-11-22,2019-11-22 09:40:31,4.81,1.0041,119,4.66,0.9728,112,5.03,1.0501,1,4.735,0.9885,0,0
IWM191129P163,2019-11-22,2019-11-22 09:40:31,4.8,1.002,150,4.66,0.9728,75,5.03,1.0501,1,4.73,0.9874,0,0
IWM191129P163,2019-11-22,2019-11-22 09:40:32,4.8,1.002,150,4.66,0.9728,75,5.03,1.0501,1,4.73,0.9874,0,0
IWM191129P163,2019-11-22,2019-11-22 09:40:33,4.8,1.002,150,4.66,0.9728,75,5.03,1.0501,1,4.73,0.9874,0,0
IWM191129P163,2019-11-22,2019-11-22 09:40:34,4.8,1.002,150,4.66,0.9728,75,5.03,1.0501,1,4.73,0.9874,0,0
IWM191129P163,2019-11-22,2019-11-22 09:40:35,4.8,1.002,150,4.66,0.9728,75,5.03,1.0501,1,4.73,0.9874,0,0
IWM191129P163,2019-11-22,2019-11-22 09:40:36,4.8,1.002,150,4.66,0.9728,75,5.03,1.0501,1,4.73,0.9874,0,0
IWM191129P163,2019-11-22,2019-11-22 09:40:37,4.8,1.002,150,4.66,0.9728,75,5.03,1.0501,1,4.73,0.9874,0,0
IWM191129P163,2019-11-22,2019-11-22 09:40:38,4.79,1.0,150,4.65,0.9707,72,5.03,1.0501,1,4.72,0.9853,0,0
IWM191129P163,2019-11-22,2019-11-22 09:40:38,4.79,1.0,150,4.66,0.9728,33,5.03,1.0501,1,4.725,0.9864,0,0
IWM191129P163,2019-11-22,2019-11-22 09:40:39,4.79,1.0,150,4.66,0.9728,70,5.03,1.0501,1,4.725,0.9864,0,0
IWM191129P163,2019-11-22,2019-11-22 09:40:39,4.79,1.0,109,4.66,0.9728,70,5.03,1.0501,1,4.725,0.9864,0,0
IWM191129P163,2019-11-22,2019-11-22 09:40:40,4.79,1.0,90,4.66,0.9728,76,5.03,1.0501,1,4.725,0.9864,0,0
IWM191129P163,2019-11-22,2019-11-22 09:40:40,4.79,1.0,80,4.66,0.9728,76,5.03,1.0501,1,4.725,0.9864,0,0
IWM191129P163,2019-11-22,2019-11-22 09:40:41,4.79,1.0,80,4.66,0.9728,76,5.03,1.0501,1,4.725,0.9864,0,0
IWM191129P163,2019-11-22,2019-11-22 09:40:42,4.79,1.0,80,4.66,0.9728,76,5.03,1.0501,1,4.725,0.9864,0,0
IWM191129P163,2019-11-22,2019-11-22 09:40:43,4.79,1.0,120,4.66,0.9728,51,5.03,1.0501,1,4.725,0.9864,0,0
IWM191129P163,2019-11-22,2019-11-22 09:40:43,4.79,1.0,80,4.66,0.9728,70,5.03,1.0501,1,4.725,0.9864,0,0
IWM191129P163,2019-11-22,2019-11-22 09:40:44,4.79,1.0,120,4.66,0.9728,51,5.03,1.0501,1,4.725,0.9864,0,0
IWM191129P163,2019-11-22,2019-11-22 09:40:44,4.79,1.0,120,4.65,0.9707,48,5.03,1.0501,1,4.72,0.9853,0,0
IWM191129P163,2019-11-22,2019-11-22 09:40:45,4.79,1.0,120,4.65,0.9707,48,5.03,1.0501,1,4.72,0.9853,0,0
IWM191129P163,2019-11-22,2019-11-22 09:40:46,4.79,1.0,120,4.65,0.9707,48,5.03,1.0501,1,4.72,0.9853,0,0
IWM191129P163,2019-11-22,2019-11-22 09:40:46,4.78,0.9979,150,4.65,0.9707,45,5.03,1.0501,1,4.715,0.9843,0,0
IWM191129P163,2019-11-22,2019-11-22 09:40:47,4.78,0.9979,150,4.65,0.9707,45,5.03,1.0501,1,4.715,0.9843,0,0
IWM191129P163,2019-11-22,2019-11-22 09:40:48,4.78,0.9979,150,4.65,0.9707,45,5.03,1.0501,1,4.715,0.9843,0,0
IWM191129P163,2019-11-22,2019-11-22 09:40:49,4.78,0.9979,150,4.65,0.9707,47,5.03,1.0501,1,4.715,0.9843,0,0
IWM191129P163,2019-11-22,2019-11-22 09:40:50,4.78,0.9979,54,4.65,0.9707,86,5.03,1.0501,1,4.715,0.9843,0,0
IWM191129P163,2019-11-22,2019-11-22 09:40:51,4.78,0.9979,54,4.65,0.9707,111,5.03,1.0501,1,4.715,0.9843,0,0
IWM191129P163,2019-11-22,2019-11-22 09:40:52,4.78,0.9979,63,4.65,0.9707,123,5.03,1.0501,1,4.715,0.9843,0,0
IWM191129P163,2019-11-22,2019-11-22 09:40:52,4.78,0.9979,54,4.65,0.9707,111,5.03,1.0501,1,4.715,0.9843,0,0
IWM191129P163,2019-11-22,2019-11-22 09:40:53,4.78,0.9979,98,4.65,0.9707,123,5.03,1.0501,1,4.715,0.9843,0,0
IWM191129P163,2019-11-22,2019-11-22 09:40:54,4.78,0.9979,98,4.65,0.9707,91,5.03,1.0501,1,4.715,0.9843,0,0
IWM191129P163,2019-11-22,2019-11-22 09:40:54,4.78,0.9979,98,4.65,0.9707,123,5.03,1.0501,1,4.715,0.9843,0,0
IWM191129P163,2019-11-22,2019-11-22 09:40:55,4.78,0.9979,98,4.65,0.9707,91,5.03,1.0501,1,4.715,0.9843,0,0
IWM191129P163,2019-11-22,2019-11-22 09:40:56,4.78,0.9979,98,4.65,0.9707,91,5.03,1.0501,1,4.715,0.9843,0,0
IWM191129P163,2019-11-22,2019-11-22 09:40:57,4.78,0.9979,98,4.65,0.9707,91,5.03,1.0501,1,4.715,0.9843,0,0
IWM191129P163,2019-11-22,2019-11-22 09:40:58,4.78,0.9979,48,4.65,0.9707,107,5.03,1.0501,1,4.715,0.9843,0,0
IWM191129P163,2019-11-22,2019-11-22 09:40:58,4.78,0.9979,38,4.65,0.9707,107,5.03,1.0501,1,4.715,0.9843,0,0
IWM191129P163,2019-11-22,2019-11-22 09:40:59,4.79,1.0,40,4.65,0.9707,107,5.03,1.0501,1,4.72,0.9853,0,0
IWM191129P163,2019-11-22,2019-11-22 09:40:59,4.79,1.0,64,4.65,0.9707,107,5.03,1.0501,1,4.72,0.9853,0,0
IWM191129P163,2019-11-22,2019-11-22 09:41:00,4.79,1.0,40,4.66,0.9728,178,5.03,1.0501,1,4.725,0.9864,0,0
IWM191129P163,2019-11-22,2019-11-22 09:41:01,4.79,1.0,20,4.66,0.9728,178,5.03,1.0501,1,4.725,0.9864,0,0
IWM191129P163,2019-11-22,2019-11-22 09:41:01,4.8,1.002,41,4.67,0.9749,118,5.03,1.0501,1,4.735,0.9885,0,0
IWM191129P163,2019-11-22,2019-11-22 09:41:02,4.8,1.002,72,4.67,0.9749,108,5.03,1.0501,1,4.735,0.9885,0,0
IWM191129P163,2019-11-22,2019-11-22 09:41:02,4.8,1.002,110,4.67,0.9749,108,5.03,1.0501,1,4.735,0.9885,0,0
IWM191129P163,2019-11-22,2019-11-22 09:41:03,4.8,1.002,72,4.67,0.9749,139,5.03,1.0501,1,4.735,0.9885,0,0
IWM191129P163,2019-11-22,2019-11-22 09:41:04,4.8,1.002,72,4.67,0.9749,139,5.03,1.0501,1,4.735,0.9885,0,0
IWM191129P163,2019-11-22,2019-11-22 09:41:04,4.8,1.002,72,4.67,0.9749,108,5.03,1.0501,1,4.735,0.9885,0,0
IWM191129P163,2019-11-22,2019-11-22 09:41:05,4.8,1.002,96,4.67,0.9749,74,5.03,1.0501,1,4.735,0.9885,0,0
IWM191129P163,2019-11-22,2019-11-22 09:41:06,4.8,1.002,96,4.67,0.9749,50,5.03,1.0501,1,4.735,0.9885,0,0
IWM191129P163,2019-11-22,2019-11-22 09:41:06,4.8,1.002,86,4.67,0.9749,50,5.03,1.0501,1,4.735,0.9885,0,0
IWM191129P163,2019-11-22,2019-11-22 09:41:07,4.8,1.002,96,4.67,0.9749,50,5.03,1.0501,1,4.735,0.9885,0,0
IWM191129P163,2019-11-22,2019-11-22 09:41:08,4.79,1.0,150,4.67,0.9749,39,5.03,1.0501,1,4.73,0.9874,0,0
IWM191129P163,2019-11-22,2019-11-22 09:41:09,4.79,1.0,150,4.67,0.9749,39,5.03,1.0501,1,4.73,0.9874,0,0
IWM191129P163,2019-11-22,2019-11-22 09:41:09,4.79,1.0,150,4.66,0.9728,15,5.03,1.0501,1,4.725,0.9864,0,0
IWM191129P163,2019-11-22,2019-11-22 09:41:10,4.78,0.9979,146,4.66,0.9728,36,5.03,1.0501,1,4.72,0.9853,0,0
IWM191129P163,2019-11-22,2019-11-22 09:41:10,4.78,0.9979,146,4.66,0.9728,43,5.03,1.0501,1,4.72,0.9853,0,0
IWM191129P163,2019-11-22,2019-11-22 09:41:11,4.78,0.9979,146,4.65,0.9707,25,5.03,1.0501,1,4.715,0.9843,0,0
IWM191129P163,2019-11-22,2019-11-22 09:41:11,4.78,0.9979,146,4.66,0.9728,43,5.03,1.0501,1,4.72,0.9853,0,0
