symbol,Date,quote_time,ask_price,norm_ask_price,ask_size,bid_price,norm_bid_price,bid_size,last_trade_price,norm_last_trade_price,last_trade_size,mark_price,norm_mark_price,volume,Volume
IWM190920C154,2019-09-13,2019-09-13 09:30:00,4.68,1.0,17,4.24,0.9059,17,4.06,0.8675,1,4.46,0.9529,0,0
IWM190920C154,2019-09-13,2019-09-13 09:30:01,4.68,1.0,17,4.24,0.9059,17,4.06,0.8675,1,4.46,0.9529,0,0
IWM190920C154,2019-09-13,2019-09-13 09:30:02,4.71,1.0064,19,4.28,0.9145,17,4.06,0.8675,1,4.495,0.9604,0,0
IWM190920C154,2019-09-13,2019-09-13 09:30:02,4.63,0.9893,1,4.24,0.9059,17,4.06,0.8675,1,4.435,0.9476,0,0
IWM190920C154,2019-09-13,2019-09-13 09:30:03,4.61,0.985,50,4.31,0.9209,71,4.06,0.8675,1,4.46,0.9529,0,0
IWM190920C154,2019-09-13,2019-09-13 09:30:03,4.63,0.9893,50,4.34,0.9273,50,4.06,0.8675,1,4.485,0.9583,0,0
IWM190920C154,2019-09-13,2019-09-13 09:30:04,4.61,0.985,50,4.31,0.9209,71,4.06,0.8675,1,4.46,0.9529,0,0
IWM190920C154,2019-09-13,2019-09-13 09:30:05,4.61,0.985,50,4.31,0.9209,71,4.06,0.8675,1,4.46,0.9529,0,0
IWM190920C154,2019-09-13,2019-09-13 09:30:06,4.63,0.9893,50,4.35,0.9294,50,4.06,0.8675,1,4.49,0.9594,0,0
IWM190920C154,2019-09-13,2019-09-13 09:30:06,4.61,0.985,50,4.33,0.9252,10,4.06,0.8675,1,4.47,0.9551,0,0
IWM190920C154,2019-09-13,2019-09-13 09:30:07,4.63,0.9893,50,4.35,0.9294,50,4.06,0.8675,1,4.49,0.9594,0,0
IWM190920C154,2019-09-13,2019-09-13 09:30:07,4.62,0.9871,22,4.41,0.9423,22,4.06,0.8675,1,4.515,0.9647,0,0
IWM190920C154,2019-09-13,2019-09-13 09:30:08,4.65,0.9935,50,4.38,0.9358,50,4.06,0.8675,1,4.515,0.9647,0,0
IWM190920C154,2019-09-13,2019-09-13 09:30:09,4.68,1.0,50,4.39,0.938,50,4.06,0.8675,1,4.535,0.969,0,0
IWM190920C154,2019-09-13,2019-09-13 09:30:10,4.68,1.0,50,4.39,0.938,50,4.06,0.8675,1,4.535,0.969,0,0
IWM190920C154,2019-09-13,2019-09-13 09:30:11,4.68,1.0,50,4.41,0.9423,50,4.06,0.8675,1,4.545,0.9711,0,0
IWM190920C154,2019-09-13,2019-09-13 09:30:11,4.66,0.9957,23,4.45,0.9508,23,4.06,0.8675,1,4.555,0.9732,0,0
IWM190920C154,2019-09-13,2019-09-13 09:30:12,4.59,0.9807,23,4.41,0.9423,7,4.06,0.8675,1,4.5,0.9615,0,0
IWM190920C154,2019-09-13,2019-09-13 09:30:12,4.64,0.9914,50,4.38,0.9358,23,4.06,0.8675,1,4.51,0.9636,0,0
IWM190920C154,2019-09-13,2019-09-13 09:30:13,4.62,0.9871,23,4.38,0.9358,72,4.06,0.8675,1,4.5,0.9615,0,0
IWM190920C154,2019-09-13,2019-09-13 09:30:13,4.6,0.9829,23,4.38,0.9358,72,4.06,0.8675,1,4.49,0.9594,0,0
IWM190920C154,2019-09-13,2019-09-13 09:30:14,4.62,0.9871,23,4.38,0.9358,33,4.06,0.8675,1,4.5,0.9615,0,0
IWM190920C154,2019-09-13,2019-09-13 09:30:15,4.62,0.9871,23,4.35,0.9294,23,4.06,0.8675,1,4.485,0.9583,0,0
IWM190920C154,2019-09-13,2019-09-13 09:30:16,4.58,0.9786,23,4.35,0.9294,29,4.06,0.8675,1,4.465,0.954,0,0
IWM190920C154,2019-09-13,2019-09-13 09:30:17,4.6,0.9829,23,4.38,0.9358,23,4.06,0.8675,1,4.49,0.9594,0,0
IWM190920C154,2019-09-13,2019-09-13 09:30:18,4.6,0.9829,23,4.38,0.9358,50,4.06,0.8675,1,4.49,0.9594,0,0
IWM190920C154,2019-09-13,2019-09-13 09:30:19,4.6,0.9829,23,4.38,0.9358,50,4.06,0.8675,1,4.49,0.9594,0,0
IWM190920C154,2019-09-13,2019-09-13 09:30:20,4.6,0.9829,23,4.38,0.9358,23,4.06,0.8675,1,4.49,0.9594,0,0
IWM190920C154,2019-09-13,2019-09-13 09:30:20,4.6,0.9829,23,4.38,0.9358,50,4.06,0.8675,1,4.49,0.9594,0,0
IWM190920C154,2019-09-13,2019-09-13 09:30:21,4.61,0.985,22,4.4,0.9401,23,4.06,0.8675,1,4.505,0.9626,0,0
IWM190920C154,2019-09-13,2019-09-13 09:30:21,4.61,0.985,50,4.4,0.9401,50,4.06,0.8675,1,4.505,0.9626,0,0
IWM190920C154,2019-09-13,2019-09-13 09:30:22,4.61,0.985,22,4.4,0.9401,23,4.06,0.8675,1,4.505,0.9626,0,0
IWM190920C154,2019-09-13,2019-09-13 09:30:23,4.61,0.985,22,4.4,0.9401,23,4.06,0.8675,1,4.505,0.9626,0,0
IWM190920C154,2019-09-13,2019-09-13 09:30:24,4.62,0.9871,50,4.4,0.9401,23,4.06,0.8675,1,4.51,0.9636,0,0
IWM190920C154,2019-09-13,2019-09-13 09:30:25,4.62,0.9871,23,4.4,0.9401,23,4.06,0.8675,1,4.51,0.9636,0,0
IWM190920C154,2019-09-13,2019-09-13 09:30:26,4.62,0.9871,212,4.4,0.9401,190,4.06,0.8675,1,4.51,0.9636,0,0
IWM190920C154,2019-09-13,2019-09-13 09:30:26,4.62,0.9871,150,4.4,0.9401,150,4.06,0.8675,1,4.51,0.9636,0,0
IWM190920C154,2019-09-13,2019-09-13 09:30:27,4.62,0.9871,212,4.4,0.9401,190,4.06,0.8675,1,4.51,0.9636,0,0
IWM190920C154,2019-09-13,2019-09-13 09:30:28,4.62,0.9871,212,4.4,0.9401,190,4.06,0.8675,1,4.51,0.9636,0,0
IWM190920C154,2019-09-13,2019-09-13 09:30:29,4.62,0.9871,212,4.4,0.9401,190,4.06,0.8675,1,4.51,0.9636,0,0
IWM190920C154,2019-09-13,2019-09-13 09:30:29,4.62,0.9871,222,4.4,0.9401,190,4.06,0.8675,1,4.51,0.9636,0,0
IWM190920C154,2019-09-13,2019-09-13 09:30:30,4.62,0.9871,222,4.4,0.9401,190,4.06,0.8675,1,4.51,0.9636,0,0
IWM190920C154,2019-09-13,2019-09-13 09:30:30,4.62,0.9871,222,4.42,0.9444,122,4.06,0.8675,1,4.52,0.9658,0,0
IWM190920C154,2019-09-13,2019-09-13 09:30:31,4.62,0.9871,222,4.42,0.9444,190,4.06,0.8675,1,4.52,0.9658,0,0
IWM190920C154,2019-09-13,2019-09-13 09:30:32,4.62,0.9871,222,4.42,0.9444,190,4.06,0.8675,1,4.52,0.9658,0,0
IWM190920C154,2019-09-13,2019-09-13 09:30:33,4.61,0.985,150,4.42,0.9444,190,4.06,0.8675,1,4.515,0.9647,0,0
IWM190920C154,2019-09-13,2019-09-13 09:30:34,4.61,0.985,150,4.42,0.9444,190,4.06,0.8675,1,4.515,0.9647,0,0
IWM190920C154,2019-09-13,2019-09-13 09:30:34,4.61,0.985,150,4.42,0.9444,116,4.06,0.8675,1,4.515,0.9647,0,0
IWM190920C154,2019-09-13,2019-09-13 09:30:35,4.61,0.985,79,4.45,0.9508,186,4.06,0.8675,1,4.53,0.9679,0,0
IWM190920C154,2019-09-13,2019-09-13 09:30:35,4.61,0.985,143,4.44,0.9487,186,4.06,0.8675,1,4.525,0.9668,0,0
IWM190920C154,2019-09-13,2019-09-13 09:30:36,4.61,0.985,79,4.45,0.9508,186,4.06,0.8675,1,4.53,0.9679,0,0
IWM190920C154,2019-09-13,2019-09-13 09:30:36,4.61,0.985,149,4.45,0.9508,281,4.06,0.8675,1,4.53,0.9679,0,0
IWM190920C154,2019-09-13,2019-09-13 09:30:37,4.61,0.985,7,4.46,0.9529,23,4.06,0.8675,1,4.535,0.969,0,0
IWM190920C154,2019-09-13,2019-09-13 09:30:37,4.61,0.985,47,4.45,0.9508,233,4.06,0.8675,1,4.53,0.9679,0,0
IWM190920C154,2019-09-13,2019-09-13 09:30:38,4.62,0.9871,30,4.46,0.9529,190,4.06,0.8675,1,4.54,0.97,0,0
IWM190920C154,2019-09-13,2019-09-13 09:30:38,4.65,0.9935,153,4.46,0.9529,228,4.06,0.8675,1,4.555,0.9732,0,0
IWM190920C154,2019-09-13,2019-09-13 09:30:39,4.65,0.9935,193,4.46,0.9529,228,4.06,0.8675,1,4.555,0.9732,0,0
IWM190920C154,2019-09-13,2019-09-13 09:30:39,4.65,0.9935,186,4.46,0.9529,228,4.06,0.8675,1,4.555,0.9732,0,0
IWM190920C154,2019-09-13,2019-09-13 09:30:40,4.65,0.9935,196,4.46,0.9529,228,4.06,0.8675,1,4.555,0.9732,0,0
IWM190920C154,2019-09-13,2019-09-13 09:30:41,4.65,0.9935,122,4.48,0.9572,23,4.06,0.8675,1,4.565,0.9754,0,0
IWM190920C154,2019-09-13,2019-09-13 09:30:41,4.65,0.9935,196,4.47,0.9551,186,4.06,0.8675,1,4.56,0.9743,0,0
IWM190920C154,2019-09-13,2019-09-13 09:30:42,4.65,0.9935,108,4.48,0.9572,23,4.06,0.8675,1,4.565,0.9754,0,0
IWM190920C154,2019-09-13,2019-09-13 09:30:42,4.66,0.9957,50,4.49,0.9594,186,4.06,0.8675,1,4.575,0.9775,0,0
IWM190920C154,2019-09-13,2019-09-13 09:30:43,4.68,1.0,129,4.5,0.9615,208,4.06,0.8675,1,4.59,0.9807,0,0
IWM190920C154,2019-09-13,2019-09-13 09:30:43,4.68,1.0,167,4.5,0.9615,198,4.06,0.8675,1,4.59,0.9807,0,0
IWM190920C154,2019-09-13,2019-09-13 09:30:44,4.68,1.0,167,4.5,0.9615,198,4.06,0.8675,1,4.59,0.9807,0,0
IWM190920C154,2019-09-13,2019-09-13 09:30:44,4.68,1.0,168,4.5,0.9615,198,4.06,0.8675,1,4.59,0.9807,0,0
IWM190920C154,2019-09-13,2019-09-13 09:30:45,4.68,1.0,158,4.5,0.9615,208,4.06,0.8675,1,4.59,0.9807,0,0
IWM190920C154,2019-09-13,2019-09-13 09:30:45,4.68,1.0,210,4.5,0.9615,208,4.06,0.8675,1,4.59,0.9807,0,0
IWM190920C154,2019-09-13,2019-09-13 09:30:46,4.68,1.0,159,4.5,0.9615,229,4.06,0.8675,1,4.59,0.9807,0,0
IWM190920C154,2019-09-13,2019-09-13 09:30:46,4.68,1.0,149,4.5,0.9615,219,4.06,0.8675,1,4.59,0.9807,0,0
IWM190920C154,2019-09-13,2019-09-13 09:30:47,4.68,1.0,159,4.5,0.9615,229,4.06,0.8675,1,4.59,0.9807,0,0
IWM190920C154,2019-09-13,2019-09-13 09:30:48,4.68,1.0,159,4.5,0.9615,228,4.06,0.8675,1,4.59,0.9807,0,0
IWM190920C154,2019-09-13,2019-09-13 09:30:48,4.68,1.0,149,4.5,0.9615,218,4.06,0.8675,1,4.59,0.9807,0,0
IWM190920C154,2019-09-13,2019-09-13 09:30:49,4.68,1.0,158,4.5,0.9615,208,4.06,0.8675,1,4.59,0.9807,0,0
IWM190920C154,2019-09-13,2019-09-13 09:30:49,4.68,1.0,159,4.5,0.9615,228,4.06,0.8675,1,4.59,0.9807,0,0
IWM190920C154,2019-09-13,2019-09-13 09:30:50,4.68,1.0,159,4.5,0.9615,229,4.06,0.8675,1,4.59,0.9807,0,0
IWM190920C154,2019-09-13,2019-09-13 09:30:51,4.68,1.0,149,4.5,0.9615,198,4.06,0.8675,1,4.59,0.9807,0,0
IWM190920C154,2019-09-13,2019-09-13 09:30:51,4.68,1.0,159,4.5,0.9615,208,4.06,0.8675,1,4.59,0.9807,0,0
IWM190920C154,2019-09-13,2019-09-13 09:30:52,4.68,1.0,176,4.5,0.9615,150,4.06,0.8675,1,4.59,0.9807,0,0
IWM190920C154,2019-09-13,2019-09-13 09:30:52,4.68,1.0,150,4.5,0.9615,150,4.06,0.8675,1,4.59,0.9807,0,0
IWM190920C154,2019-09-13,2019-09-13 09:30:53,4.68,1.0,176,4.5,0.9615,190,4.06,0.8675,1,4.59,0.9807,0,0
IWM190920C154,2019-09-13,2019-09-13 09:30:53,4.68,1.0,176,4.5,0.9615,160,4.06,0.8675,1,4.59,0.9807,0,0
IWM190920C154,2019-09-13,2019-09-13 09:30:54,4.68,1.0,176,4.5,0.9615,177,4.06,0.8675,1,4.59,0.9807,0,0
IWM190920C154,2019-09-13,2019-09-13 09:30:55,4.68,1.0,176,4.5,0.9615,177,4.06,0.8675,1,4.59,0.9807,0,0
IWM190920C154,2019-09-13,2019-09-13 09:30:56,4.68,1.0,176,4.5,0.9615,177,4.06,0.8675,1,4.59,0.9807,0,0
IWM190920C154,2019-09-13,2019-09-13 09:30:57,4.68,1.0,176,4.5,0.9615,178,4.06,0.8675,1,4.59,0.9807,0,0
IWM190920C154,2019-09-13,2019-09-13 09:30:57,4.68,1.0,176,4.5,0.9615,177,4.06,0.8675,1,4.59,0.9807,0,0
IWM190920C154,2019-09-13,2019-09-13 09:30:58,4.68,1.0,176,4.5,0.9615,178,4.06,0.8675,1,4.59,0.9807,0,0
IWM190920C154,2019-09-13,2019-09-13 09:30:59,4.68,1.0,167,4.5,0.9615,157,4.06,0.8675,1,4.59,0.9807,0,0
IWM190920C154,2019-09-13,2019-09-13 09:30:59,4.68,1.0,176,4.5,0.9615,178,4.06,0.8675,1,4.59,0.9807,0,0
IWM190920C154,2019-09-13,2019-09-13 09:31:00,4.68,1.0,160,4.5,0.9615,175,4.06,0.8675,1,4.59,0.9807,0,0
IWM190920C154,2019-09-13,2019-09-13 09:31:00,4.68,1.0,177,4.5,0.9615,175,4.06,0.8675,1,4.59,0.9807,0,0
IWM190920C154,2019-09-13,2019-09-13 09:31:01,4.68,1.0,106,4.5,0.9615,178,4.06,0.8675,1,4.59,0.9807,0,0
IWM190920C154,2019-09-13,2019-09-13 09:31:01,4.68,1.0,160,4.5,0.9615,175,4.06,0.8675,1,4.59,0.9807,0,0
IWM190920C154,2019-09-13,2019-09-13 09:31:02,4.68,1.0,132,4.51,0.9636,8,4.06,0.8675,1,4.595,0.9818,0,0
IWM190920C154,2019-09-13,2019-09-13 09:31:02,4.68,1.0,132,4.5,0.9615,177,4.06,0.8675,1,4.59,0.9807,0,0
IWM190920C154,2019-09-13,2019-09-13 09:31:03,4.68,1.0,142,4.51,0.9636,185,4.06,0.8675,1,4.595,0.9818,0,0
IWM190920C154,2019-09-13,2019-09-13 09:31:04,4.68,1.0,104,4.52,0.9658,187,4.06,0.8675,1,4.6,0.9829,0,0
IWM190920C154,2019-09-13,2019-09-13 09:31:05,4.69,1.0021,56,4.52,0.9658,227,4.06,0.8675,1,4.605,0.9839,0,0
IWM190920C154,2019-09-13,2019-09-13 09:31:05,4.71,1.0064,34,4.53,0.9679,122,4.06,0.8675,1,4.62,0.9871,0,0
IWM190920C154,2019-09-13,2019-09-13 09:31:06,4.71,1.0064,107,4.55,0.9722,8,4.06,0.8675,1,4.63,0.9893,0,0
IWM190920C154,2019-09-13,2019-09-13 09:31:06,4.71,1.0064,129,4.55,0.9722,8,4.06,0.8675,1,4.63,0.9893,0,0
IWM190920C154,2019-09-13,2019-09-13 09:31:07,4.71,1.0064,172,4.55,0.9722,194,4.06,0.8675,1,4.63,0.9893,0,0
IWM190920C154,2019-09-13,2019-09-13 09:31:07,4.71,1.0064,208,4.55,0.9722,194,4.06,0.8675,1,4.63,0.9893,0,0
IWM190920C154,2019-09-13,2019-09-13 09:31:08,4.71,1.0064,208,4.55,0.9722,194,4.06,0.8675,1,4.63,0.9893,0,0
IWM190920C154,2019-09-13,2019-09-13 09:31:08,4.71,1.0064,175,4.55,0.9722,194,4.06,0.8675,1,4.63,0.9893,0,0
IWM190920C154,2019-09-13,2019-09-13 09:31:09,4.71,1.0064,175,4.55,0.9722,194,4.06,0.8675,1,4.63,0.9893,0,0
IWM190920C154,2019-09-13,2019-09-13 09:31:09,4.71,1.0064,75,4.55,0.9722,150,4.06,0.8675,1,4.63,0.9893,0,0
IWM190920C154,2019-09-13,2019-09-13 09:31:10,4.71,1.0064,197,4.55,0.9722,128,4.06,0.8675,1,4.63,0.9893,0,0
IWM190920C154,2019-09-13,2019-09-13 09:31:11,4.71,1.0064,175,4.55,0.9722,160,4.06,0.8675,1,4.63,0.9893,0,0
IWM190920C154,2019-09-13,2019-09-13 09:31:11,4.71,1.0064,175,4.55,0.9722,181,4.06,0.8675,1,4.63,0.9893,0,0
IWM190920C154,2019-09-13,2019-09-13 09:31:12,4.71,1.0064,175,4.55,0.9722,160,4.06,0.8675,1,4.63,0.9893,0,0
IWM190920C154,2019-09-13,2019-09-13 09:31:12,4.71,1.0064,176,4.55,0.9722,160,4.06,0.8675,1,4.63,0.9893,0,0
IWM190920C154,2019-09-13,2019-09-13 09:31:13,4.71,1.0064,176,4.55,0.9722,159,4.06,0.8675,1,4.63,0.9893,0,0
IWM190920C154,2019-09-13,2019-09-13 09:31:13,4.71,1.0064,176,4.55,0.9722,160,4.06,0.8675,1,4.63,0.9893,0,0
IWM190920C154,2019-09-13,2019-09-13 09:31:14,4.71,1.0064,176,4.55,0.9722,128,4.06,0.8675,1,4.63,0.9893,0,0
IWM190920C154,2019-09-13,2019-09-13 09:31:15,4.71,1.0064,176,4.55,0.9722,132,4.06,0.8675,1,4.63,0.9893,0,0
IWM190920C154,2019-09-13,2019-09-13 09:31:16,4.71,1.0064,176,4.55,0.9722,132,4.06,0.8675,1,4.63,0.9893,0,0
IWM190920C154,2019-09-13,2019-09-13 09:31:17,4.71,1.0064,168,4.55,0.9722,132,4.06,0.8675,1,4.63,0.9893,0,0
IWM190920C154,2019-09-13,2019-09-13 09:31:17,4.71,1.0064,176,4.55,0.9722,132,4.06,0.8675,1,4.63,0.9893,0,0
IWM190920C154,2019-09-13,2019-09-13 09:31:18,4.71,1.0064,176,4.55,0.9722,132,4.06,0.8675,1,4.63,0.9893,0,0
IWM190920C154,2019-09-13,2019-09-13 09:31:18,4.71,1.0064,168,4.55,0.9722,132,4.06,0.8675,1,4.63,0.9893,0,0
IWM190920C154,2019-09-13,2019-09-13 09:31:19,4.71,1.0064,176,4.55,0.9722,132,4.06,0.8675,1,4.63,0.9893,0,0
IWM190920C154,2019-09-13,2019-09-13 09:31:19,4.71,1.0064,168,4.55,0.9722,132,4.06,0.8675,1,4.63,0.9893,0,0
IWM190920C154,2019-09-13,2019-09-13 09:31:20,4.7,1.0042,186,4.55,0.9722,87,4.06,0.8675,1,4.625,0.9882,0,0
IWM190920C154,2019-09-13,2019-09-13 09:31:21,4.7,1.0042,186,4.55,0.9722,87,4.06,0.8675,1,4.625,0.9882,0,0
IWM190920C154,2019-09-13,2019-09-13 09:31:22,4.69,1.0021,150,4.55,0.9722,87,4.06,0.8675,1,4.62,0.9871,0,0
IWM190920C154,2019-09-13,2019-09-13 09:31:22,4.7,1.0042,215,4.55,0.9722,87,4.06,0.8675,1,4.625,0.9882,0,0
IWM190920C154,2019-09-13,2019-09-13 09:31:23,4.69,1.0021,194,4.55,0.9722,87,4.06,0.8675,1,4.62,0.9871,0,0
IWM190920C154,2019-09-13,2019-09-13 09:31:23,4.69,1.0021,230,4.55,0.9722,87,4.06,0.8675,1,4.62,0.9871,0,0
IWM190920C154,2019-09-13,2019-09-13 09:31:24,4.69,1.0021,230,4.55,0.9722,87,4.06,0.8675,1,4.62,0.9871,0,0
IWM190920C154,2019-09-13,2019-09-13 09:31:25,4.69,1.0021,230,4.55,0.9722,87,4.06,0.8675,1,4.62,0.9871,0,0
IWM190920C154,2019-09-13,2019-09-13 09:31:26,4.69,1.0021,230,4.55,0.9722,87,4.06,0.8675,1,4.62,0.9871,0,0
IWM190920C154,2019-09-13,2019-09-13 09:31:26,4.69,1.0021,230,4.55,0.9722,60,4.06,0.8675,1,4.62,0.9871,0,0
IWM190920C154,2019-09-13,2019-09-13 09:31:27,4.69,1.0021,212,4.55,0.9722,126,4.06,0.8675,1,4.62,0.9871,0,0
IWM190920C154,2019-09-13,2019-09-13 09:31:28,4.69,1.0021,224,4.55,0.9722,62,4.06,0.8675,1,4.62,0.9871,0,0
IWM190920C154,2019-09-13,2019-09-13 09:31:28,4.69,1.0021,212,4.55,0.9722,101,4.06,0.8675,1,4.62,0.9871,0,0
IWM190920C154,2019-09-13,2019-09-13 09:31:29,4.69,1.0021,234,4.55,0.9722,73,4.06,0.8675,1,4.62,0.9871,0,0
IWM190920C154,2019-09-13,2019-09-13 09:31:29,4.69,1.0021,92,4.51,0.9636,10,4.06,0.8675,1,4.6,0.9829,0,0
IWM190920C154,2019-09-13,2019-09-13 09:31:30,4.69,1.0021,70,4.51,0.9636,8,4.06,0.8675,1,4.6,0.9829,0,0
IWM190920C154,2019-09-13,2019-09-13 09:31:30,4.69,1.0021,92,4.5,0.9615,10,4.06,0.8675,1,4.595,0.9818,0,0
IWM190920C154,2019-09-13,2019-09-13 09:31:31,4.69,1.0021,70,4.51,0.9636,8,4.06,0.8675,1,4.6,0.9829,0,0
IWM190920C154,2019-09-13,2019-09-13 09:31:31,4.69,1.0021,63,4.51,0.9636,8,4.06,0.8675,1,4.6,0.9829,0,0
IWM190920C154,2019-09-13,2019-09-13 09:31:32,4.69,1.0021,70,4.51,0.9636,8,4.06,0.8675,1,4.6,0.9829,0,0
IWM190920C154,2019-09-13,2019-09-13 09:31:33,4.69,1.0021,70,4.51,0.9636,8,4.06,0.8675,1,4.6,0.9829,0,0
IWM190920C154,2019-09-13,2019-09-13 09:31:33,4.69,1.0021,224,4.52,0.9658,150,4.06,0.8675,1,4.605,0.9839,0,0
IWM190920C154,2019-09-13,2019-09-13 09:31:34,4.69,1.0021,224,4.52,0.9658,150,4.06,0.8675,1,4.605,0.9839,0,0
IWM190920C154,2019-09-13,2019-09-13 09:31:34,4.68,1.0,1,4.52,0.9658,191,4.06,0.8675,1,4.6,0.9829,0,0
IWM190920C154,2019-09-13,2019-09-13 09:31:35,4.68,1.0,191,4.53,0.9679,174,4.06,0.8675,1,4.605,0.9839,0,0
IWM190920C154,2019-09-13,2019-09-13 09:31:35,4.68,1.0,163,4.52,0.9658,191,4.06,0.8675,1,4.6,0.9829,0,0
IWM190920C154,2019-09-13,2019-09-13 09:31:36,4.68,1.0,191,4.53,0.9679,191,4.06,0.8675,1,4.605,0.9839,0,0
IWM190920C154,2019-09-13,2019-09-13 09:31:36,4.67,0.9978,136,4.53,0.9679,191,4.06,0.8675,1,4.6,0.9829,0,0
IWM190920C154,2019-09-13,2019-09-13 09:31:37,4.67,0.9978,136,4.53,0.9679,191,4.06,0.8675,1,4.6,0.9829,0,0
IWM190920C154,2019-09-13,2019-09-13 09:31:38,4.67,0.9978,150,4.53,0.9679,191,4.06,0.8675,1,4.6,0.9829,0,0
IWM190920C154,2019-09-13,2019-09-13 09:31:38,4.67,0.9978,136,4.53,0.9679,191,4.06,0.8675,1,4.6,0.9829,0,0
IWM190920C154,2019-09-13,2019-09-13 09:31:39,4.67,0.9978,105,4.53,0.9679,191,4.06,0.8675,1,4.6,0.9829,0,0
IWM190920C154,2019-09-13,2019-09-13 09:31:40,4.67,0.9978,105,4.53,0.9679,191,4.06,0.8675,1,4.6,0.9829,0,0
IWM190920C154,2019-09-13,2019-09-13 09:31:40,4.67,0.9978,159,4.53,0.9679,191,4.06,0.8675,1,4.6,0.9829,0,0
IWM190920C154,2019-09-13,2019-09-13 09:31:41,4.67,0.9978,163,4.53,0.9679,191,4.06,0.8675,1,4.6,0.9829,0,0
IWM190920C154,2019-09-13,2019-09-13 09:31:41,4.67,0.9978,211,4.53,0.9679,191,4.06,0.8675,1,4.6,0.9829,0,0
IWM190920C154,2019-09-13,2019-09-13 09:31:42,4.67,0.9978,175,4.53,0.9679,191,4.06,0.8675,1,4.6,0.9829,0,0
IWM190920C154,2019-09-13,2019-09-13 09:31:42,4.67,0.9978,211,4.53,0.9679,191,4.06,0.8675,1,4.6,0.9829,0,0
IWM190920C154,2019-09-13,2019-09-13 09:31:43,4.67,0.9978,61,4.53,0.9679,150,4.64,0.9914,2,4.6,0.9829,2,0
IWM190920C154,2019-09-13,2019-09-13 09:31:43,4.67,0.9978,132,4.53,0.9679,150,4.64,0.9914,2,4.6,0.9829,2,2
IWM190920C154,2019-09-13,2019-09-13 09:31:44,4.67,0.9978,30,4.54,0.97,28,4.64,0.9914,2,4.605,0.9839,2,0
IWM190920C154,2019-09-13,2019-09-13 09:31:45,4.69,1.0021,150,4.54,0.97,150,4.64,0.9914,2,4.615,0.9861,2,0
IWM190920C154,2019-09-13,2019-09-13 09:31:45,4.69,1.0021,200,4.54,0.97,150,4.64,0.9914,2,4.615,0.9861,2,0
IWM190920C154,2019-09-13,2019-09-13 09:31:46,4.69,1.0021,200,4.54,0.97,150,4.64,0.9914,2,4.615,0.9861,2,0
IWM190920C154,2019-09-13,2019-09-13 09:31:46,4.69,1.0021,211,4.54,0.97,125,4.64,0.9914,2,4.615,0.9861,2,0
IWM190920C154,2019-09-13,2019-09-13 09:31:47,4.69,1.0021,155,4.54,0.97,159,4.64,0.9914,2,4.615,0.9861,2,0
IWM190920C154,2019-09-13,2019-09-13 09:31:47,4.69,1.0021,110,4.54,0.97,188,4.64,0.9914,2,4.615,0.9861,2,0
IWM190920C154,2019-09-13,2019-09-13 09:31:48,4.69,1.0021,87,4.54,0.97,205,4.64,0.9914,2,4.615,0.9861,2,0
IWM190920C154,2019-09-13,2019-09-13 09:31:48,4.69,1.0021,97,4.54,0.97,214,4.64,0.9914,2,4.615,0.9861,2,0
IWM190920C154,2019-09-13,2019-09-13 09:31:49,4.69,1.0021,21,4.55,0.9722,213,4.64,0.9914,2,4.62,0.9871,2,0
IWM190920C154,2019-09-13,2019-09-13 09:31:49,4.69,1.0021,10,4.55,0.9722,161,4.64,0.9914,2,4.62,0.9871,2,0
IWM190920C154,2019-09-13,2019-09-13 09:31:50,4.71,1.0064,171,4.56,0.9743,150,4.64,0.9914,2,4.635,0.9903,2,0
IWM190920C154,2019-09-13,2019-09-13 09:31:50,4.71,1.0064,136,4.56,0.9743,166,4.64,0.9914,2,4.635,0.9903,2,0
IWM190920C154,2019-09-13,2019-09-13 09:31:51,4.71,1.0064,158,4.56,0.9743,108,4.64,0.9914,2,4.635,0.9903,2,0
IWM190920C154,2019-09-13,2019-09-13 09:31:51,4.71,1.0064,185,4.56,0.9743,150,4.64,0.9914,2,4.635,0.9903,2,0
IWM190920C154,2019-09-13,2019-09-13 09:31:52,4.71,1.0064,159,4.56,0.9743,108,4.64,0.9914,2,4.635,0.9903,2,0
IWM190920C154,2019-09-13,2019-09-13 09:31:52,4.71,1.0064,200,4.56,0.9743,123,4.64,0.9914,2,4.635,0.9903,2,0
IWM190920C154,2019-09-13,2019-09-13 09:31:53,4.71,1.0064,159,4.56,0.9743,186,4.64,0.9914,2,4.635,0.9903,2,0
IWM190920C154,2019-09-13,2019-09-13 09:31:53,4.71,1.0064,159,4.56,0.9743,173,4.64,0.9914,2,4.635,0.9903,2,0
IWM190920C154,2019-09-13,2019-09-13 09:31:54,4.71,1.0064,145,4.56,0.9743,134,4.64,0.9914,2,4.635,0.9903,2,0
IWM190920C154,2019-09-13,2019-09-13 09:31:54,4.71,1.0064,159,4.56,0.9743,108,4.64,0.9914,2,4.635,0.9903,2,0
IWM190920C154,2019-09-13,2019-09-13 09:31:55,4.71,1.0064,145,4.56,0.9743,196,4.64,0.9914,2,4.635,0.9903,2,0
IWM190920C154,2019-09-13,2019-09-13 09:31:55,4.71,1.0064,145,4.56,0.9743,134,4.64,0.9914,2,4.635,0.9903,2,0
IWM190920C154,2019-09-13,2019-09-13 09:31:56,4.71,1.0064,161,4.56,0.9743,196,4.64,0.9914,2,4.635,0.9903,2,0
IWM190920C154,2019-09-13,2019-09-13 09:31:56,4.71,1.0064,160,4.56,0.9743,196,4.64,0.9914,2,4.635,0.9903,2,0
IWM190920C154,2019-09-13,2019-09-13 09:31:57,4.71,1.0064,161,4.56,0.9743,196,4.64,0.9914,2,4.635,0.9903,2,0
IWM190920C154,2019-09-13,2019-09-13 09:31:58,4.71,1.0064,161,4.56,0.9743,196,4.64,0.9914,2,4.635,0.9903,2,0
IWM190920C154,2019-09-13,2019-09-13 09:31:58,4.71,1.0064,161,4.56,0.9743,175,4.64,0.9914,2,4.635,0.9903,2,0
IWM190920C154,2019-09-13,2019-09-13 09:31:59,4.71,1.0064,161,4.56,0.9743,175,4.64,0.9914,2,4.635,0.9903,2,0
IWM190920C154,2019-09-13,2019-09-13 09:31:59,4.71,1.0064,151,4.56,0.9743,165,4.64,0.9914,2,4.635,0.9903,2,0
IWM190920C154,2019-09-13,2019-09-13 09:32:00,4.71,1.0064,161,4.56,0.9743,70,4.64,0.9914,2,4.635,0.9903,2,0
IWM190920C154,2019-09-13,2019-09-13 09:32:00,4.75,1.0149,110,4.56,0.9743,160,4.64,0.9914,2,4.655,0.9946,2,0
IWM190920C154,2019-09-13,2019-09-13 09:32:01,4.75,1.0149,197,4.58,0.9786,8,4.64,0.9914,2,4.665,0.9967,2,0
IWM190920C154,2019-09-13,2019-09-13 09:32:01,4.75,1.0149,120,4.56,0.9743,225,4.64,0.9914,2,4.655,0.9946,2,0
IWM190920C154,2019-09-13,2019-09-13 09:32:02,4.75,1.0149,223,4.58,0.9786,229,4.64,0.9914,2,4.665,0.9967,2,0
IWM190920C154,2019-09-13,2019-09-13 09:32:02,4.75,1.0149,174,4.58,0.9786,239,4.64,0.9914,2,4.665,0.9967,2,0
IWM190920C154,2019-09-13,2019-09-13 09:32:03,4.75,1.0149,229,4.58,0.9786,299,4.64,0.9914,2,4.665,0.9967,2,0
IWM190920C154,2019-09-13,2019-09-13 09:32:04,4.75,1.0149,229,4.59,0.9807,291,4.64,0.9914,2,4.67,0.9978,2,0
IWM190920C154,2019-09-13,2019-09-13 09:32:04,4.75,1.0149,150,4.6,0.9829,110,4.64,0.9914,2,4.675,0.9989,2,0
IWM190920C154,2019-09-13,2019-09-13 09:32:05,4.75,1.0149,106,4.61,0.985,294,4.64,0.9914,2,4.68,1.0,2,0
IWM190920C154,2019-09-13,2019-09-13 09:32:05,4.75,1.0149,67,4.6,0.9829,292,4.64,0.9914,2,4.675,0.9989,2,0
IWM190920C154,2019-09-13,2019-09-13 09:32:06,4.75,1.0149,32,4.61,0.985,304,4.64,0.9914,2,4.68,1.0,2,0
IWM190920C154,2019-09-13,2019-09-13 09:32:06,4.75,1.0149,45,4.61,0.985,294,4.64,0.9914,2,4.68,1.0,2,0
IWM190920C154,2019-09-13,2019-09-13 09:32:07,4.75,1.0149,105,4.61,0.985,304,4.64,0.9914,2,4.68,1.0,2,0
IWM190920C154,2019-09-13,2019-09-13 09:32:07,4.75,1.0149,20,4.61,0.985,304,4.64,0.9914,2,4.68,1.0,2,0
IWM190920C154,2019-09-13,2019-09-13 09:32:08,4.75,1.0149,88,4.62,0.9871,8,4.64,0.9914,2,4.685,1.001,2,0
IWM190920C154,2019-09-13,2019-09-13 09:32:08,4.75,1.0149,20,4.61,0.985,304,4.64,0.9914,2,4.68,1.0,2,0
IWM190920C154,2019-09-13,2019-09-13 09:32:09,4.75,1.0149,86,4.62,0.9871,302,4.64,0.9914,2,4.685,1.001,2,0
IWM190920C154,2019-09-13,2019-09-13 09:32:09,4.75,1.0149,63,4.62,0.9871,268,4.64,0.9914,2,4.685,1.001,2,0
IWM190920C154,2019-09-13,2019-09-13 09:32:10,4.75,1.0149,105,4.62,0.9871,278,4.64,0.9914,2,4.685,1.001,2,0
IWM190920C154,2019-09-13,2019-09-13 09:32:10,4.75,1.0149,20,4.62,0.9871,302,4.64,0.9914,2,4.685,1.001,2,0
IWM190920C154,2019-09-13,2019-09-13 09:32:11,4.75,1.0149,154,4.62,0.9871,278,4.64,0.9914,2,4.685,1.001,2,0
IWM190920C154,2019-09-13,2019-09-13 09:32:12,4.75,1.0149,155,4.62,0.9871,278,4.64,0.9914,2,4.685,1.001,2,0
IWM190920C154,2019-09-13,2019-09-13 09:32:13,4.77,1.0192,117,4.62,0.9871,294,4.64,0.9914,2,4.695,1.0032,2,0
IWM190920C154,2019-09-13,2019-09-13 09:32:13,4.75,1.0149,41,4.62,0.9871,302,4.64,0.9914,2,4.685,1.001,2,0
IWM190920C154,2019-09-13,2019-09-13 09:32:14,4.77,1.0192,58,4.62,0.9871,197,4.64,0.9914,2,4.695,1.0032,2,0
IWM190920C154,2019-09-13,2019-09-13 09:32:14,4.77,1.0192,137,4.62,0.9871,304,4.64,0.9914,2,4.695,1.0032,2,0
IWM190920C154,2019-09-13,2019-09-13 09:32:15,4.77,1.0192,157,4.63,0.9893,37,4.64,0.9914,2,4.7,1.0042,2,0
IWM190920C154,2019-09-13,2019-09-13 09:32:15,4.77,1.0192,128,4.63,0.9893,60,4.64,0.9914,2,4.7,1.0042,2,0
IWM190920C154,2019-09-13,2019-09-13 09:32:16,4.78,1.0213,70,4.61,0.985,88,4.64,0.9914,2,4.695,1.0032,2,0
IWM190920C154,2019-09-13,2019-09-13 09:32:16,4.77,1.0192,128,4.63,0.9893,3,4.64,0.9914,2,4.7,1.0042,2,0
IWM190920C154,2019-09-13,2019-09-13 09:32:17,4.78,1.0213,88,4.61,0.985,102,4.64,0.9914,2,4.695,1.0032,2,0
IWM190920C154,2019-09-13,2019-09-13 09:32:17,4.78,1.0213,88,4.63,0.9893,8,4.64,0.9914,2,4.705,1.0053,2,0
IWM190920C154,2019-09-13,2019-09-13 09:32:18,4.78,1.0213,98,4.64,0.9914,8,4.64,0.9914,2,4.71,1.0064,2,0
IWM190920C154,2019-09-13,2019-09-13 09:32:18,4.78,1.0213,98,4.63,0.9893,8,4.64,0.9914,2,4.705,1.0053,2,0
IWM190920C154,2019-09-13,2019-09-13 09:32:19,4.78,1.0213,137,4.64,0.9914,177,4.64,0.9914,2,4.71,1.0064,2,0
IWM190920C154,2019-09-13,2019-09-13 09:32:19,4.78,1.0213,227,4.64,0.9914,265,4.64,0.9914,2,4.71,1.0064,2,0
IWM190920C154,2019-09-13,2019-09-13 09:32:20,4.78,1.0213,165,4.64,0.9914,266,4.64,0.9914,2,4.71,1.0064,2,0
IWM190920C154,2019-09-13,2019-09-13 09:32:21,4.78,1.0213,211,4.64,0.9914,266,4.64,0.9914,2,4.71,1.0064,2,0
IWM190920C154,2019-09-13,2019-09-13 09:32:21,4.78,1.0213,165,4.64,0.9914,266,4.64,0.9914,2,4.71,1.0064,2,0
IWM190920C154,2019-09-13,2019-09-13 09:32:22,4.78,1.0213,122,4.64,0.9914,233,4.64,0.9914,2,4.71,1.0064,2,0
IWM190920C154,2019-09-13,2019-09-13 09:32:22,4.78,1.0213,212,4.64,0.9914,266,4.64,0.9914,2,4.71,1.0064,2,0
IWM190920C154,2019-09-13,2019-09-13 09:32:23,4.78,1.0213,133,4.64,0.9914,208,4.64,0.9914,2,4.71,1.0064,2,0
IWM190920C154,2019-09-13,2019-09-13 09:32:23,4.78,1.0213,161,4.64,0.9914,208,4.64,0.9914,2,4.71,1.0064,2,0
IWM190920C154,2019-09-13,2019-09-13 09:32:24,4.78,1.0213,134,4.64,0.9914,230,4.64,0.9914,2,4.71,1.0064,2,0
IWM190920C154,2019-09-13,2019-09-13 09:32:24,4.78,1.0213,83,4.65,0.9935,8,4.64,0.9914,2,4.715,1.0074,2,0
IWM190920C154,2019-09-13,2019-09-13 09:32:25,4.78,1.0213,83,4.65,0.9935,221,4.64,0.9914,2,4.715,1.0074,2,0
IWM190920C154,2019-09-13,2019-09-13 09:32:25,4.78,1.0213,139,4.65,0.9935,221,4.64,0.9914,2,4.715,1.0074,2,0
IWM190920C154,2019-09-13,2019-09-13 09:32:26,4.78,1.0213,166,4.65,0.9935,277,4.64,0.9914,2,4.715,1.0074,2,0
IWM190920C154,2019-09-13,2019-09-13 09:32:26,4.78,1.0213,142,4.65,0.9935,267,4.64,0.9914,2,4.715,1.0074,2,0
IWM190920C154,2019-09-13,2019-09-13 09:32:27,4.78,1.0213,177,4.65,0.9935,277,4.64,0.9914,2,4.715,1.0074,2,0
IWM190920C154,2019-09-13,2019-09-13 09:32:27,4.78,1.0213,173,4.65,0.9935,277,4.64,0.9914,2,4.715,1.0074,2,0
IWM190920C154,2019-09-13,2019-09-13 09:32:28,4.78,1.0213,151,4.65,0.9935,277,4.64,0.9914,2,4.715,1.0074,2,0
IWM190920C154,2019-09-13,2019-09-13 09:32:28,4.78,1.0213,174,4.65,0.9935,277,4.64,0.9914,2,4.715,1.0074,2,0
IWM190920C154,2019-09-13,2019-09-13 09:32:29,4.78,1.0213,1,4.66,0.9957,8,4.64,0.9914,2,4.72,1.0085,2,0
IWM190920C154,2019-09-13,2019-09-13 09:32:29,4.78,1.0213,135,4.65,0.9935,293,4.64,0.9914,2,4.715,1.0074,2,0
IWM190920C154,2019-09-13,2019-09-13 09:32:30,4.81,1.0277,159,4.68,1.0,8,4.64,0.9914,2,4.745,1.0138,2,0
IWM190920C154,2019-09-13,2019-09-13 09:32:30,4.81,1.0277,85,4.68,1.0,271,4.64,0.9914,2,4.745,1.0138,2,0
IWM190920C154,2019-09-13,2019-09-13 09:32:31,4.82,1.0299,133,4.69,1.0021,174,4.64,0.9914,2,4.755,1.016,2,0
IWM190920C154,2019-09-13,2019-09-13 09:32:31,4.81,1.0277,20,4.68,1.0,293,4.64,0.9914,2,4.745,1.0138,2,0
IWM190920C154,2019-09-13,2019-09-13 09:32:32,4.82,1.0299,10,4.7,1.0042,8,4.64,0.9914,2,4.76,1.017,2,0
IWM190920C154,2019-09-13,2019-09-13 09:32:32,4.84,1.0341,127,4.7,1.0042,215,4.64,0.9914,2,4.77,1.0192,2,0
IWM190920C154,2019-09-13,2019-09-13 09:32:33,4.84,1.0341,134,4.71,1.0064,236,4.64,0.9914,2,4.775,1.0202,2,0
IWM190920C154,2019-09-13,2019-09-13 09:32:33,4.84,1.0341,100,4.71,1.0064,214,4.64,0.9914,2,4.775,1.0202,2,0
IWM190920C154,2019-09-13,2019-09-13 09:32:34,4.84,1.0341,133,4.71,1.0064,246,4.64,0.9914,2,4.775,1.0202,2,0
IWM190920C154,2019-09-13,2019-09-13 09:32:34,4.84,1.0341,122,4.71,1.0064,246,4.64,0.9914,2,4.775,1.0202,2,0
IWM190920C154,2019-09-13,2019-09-13 09:32:35,4.84,1.0341,128,4.71,1.0064,258,4.64,0.9914,2,4.775,1.0202,2,0
IWM190920C154,2019-09-13,2019-09-13 09:32:35,4.83,1.032,35,4.71,1.0064,236,4.64,0.9914,2,4.77,1.0192,2,0
IWM190920C154,2019-09-13,2019-09-13 09:32:36,4.83,1.032,121,4.71,1.0064,186,4.64,0.9914,2,4.77,1.0192,2,0
IWM190920C154,2019-09-13,2019-09-13 09:32:36,4.83,1.032,35,4.71,1.0064,228,4.64,0.9914,2,4.77,1.0192,2,0
IWM190920C154,2019-09-13,2019-09-13 09:32:37,4.83,1.032,205,4.71,1.0064,171,4.64,0.9914,2,4.77,1.0192,2,0
IWM190920C154,2019-09-13,2019-09-13 09:32:38,4.83,1.032,170,4.71,1.0064,221,4.64,0.9914,2,4.77,1.0192,2,0
IWM190920C154,2019-09-13,2019-09-13 09:32:38,4.83,1.032,131,4.71,1.0064,265,4.64,0.9914,2,4.77,1.0192,2,0
IWM190920C154,2019-09-13,2019-09-13 09:32:39,4.83,1.032,134,4.71,1.0064,251,4.64,0.9914,2,4.77,1.0192,2,0
IWM190920C154,2019-09-13,2019-09-13 09:32:39,4.83,1.032,131,4.71,1.0064,265,4.64,0.9914,2,4.77,1.0192,2,0
IWM190920C154,2019-09-13,2019-09-13 09:32:40,4.83,1.032,169,4.71,1.0064,251,4.64,0.9914,2,4.77,1.0192,2,0
IWM190920C154,2019-09-13,2019-09-13 09:32:41,4.83,1.032,221,4.67,0.9978,146,4.64,0.9914,2,4.75,1.0149,2,0
IWM190920C154,2019-09-13,2019-09-13 09:32:41,4.83,1.032,288,4.71,1.0064,17,4.64,0.9914,2,4.77,1.0192,2,0
IWM190920C154,2019-09-13,2019-09-13 09:32:42,4.83,1.032,303,4.71,1.0064,48,4.64,0.9914,2,4.77,1.0192,2,0
IWM190920C154,2019-09-13,2019-09-13 09:32:42,4.83,1.032,303,4.71,1.0064,20,4.64,0.9914,2,4.77,1.0192,2,0
IWM190920C154,2019-09-13,2019-09-13 09:32:43,4.81,1.0277,181,4.68,1.0,69,4.64,0.9914,2,4.745,1.0138,2,0
IWM190920C154,2019-09-13,2019-09-13 09:32:43,4.83,1.032,303,4.7,1.0042,23,4.64,0.9914,2,4.765,1.0181,2,0
IWM190920C154,2019-09-13,2019-09-13 09:32:44,4.79,1.0235,179,4.65,0.9935,79,4.64,0.9914,2,4.72,1.0085,2,0
IWM190920C154,2019-09-13,2019-09-13 09:32:44,4.81,1.0277,282,4.68,1.0,79,4.64,0.9914,2,4.745,1.0138,2,0
IWM190920C154,2019-09-13,2019-09-13 09:32:45,4.79,1.0235,314,4.65,0.9935,130,4.64,0.9914,2,4.72,1.0085,2,0
IWM190920C154,2019-09-13,2019-09-13 09:32:45,4.79,1.0235,287,4.65,0.9935,195,4.64,0.9914,2,4.72,1.0085,2,0
IWM190920C154,2019-09-13,2019-09-13 09:32:46,4.78,1.0213,289,4.65,0.9935,104,4.64,0.9914,2,4.715,1.0074,2,0
IWM190920C154,2019-09-13,2019-09-13 09:32:46,4.78,1.0213,230,4.65,0.9935,138,4.64,0.9914,2,4.715,1.0074,2,0
IWM190920C154,2019-09-13,2019-09-13 09:32:47,4.78,1.0213,291,4.65,0.9935,156,4.64,0.9914,2,4.715,1.0074,2,0
IWM190920C154,2019-09-13,2019-09-13 09:32:47,4.78,1.0213,280,4.65,0.9935,84,4.64,0.9914,2,4.715,1.0074,2,0
IWM190920C154,2019-09-13,2019-09-13 09:32:48,4.78,1.0213,268,4.65,0.9935,184,4.64,0.9914,2,4.715,1.0074,2,0
IWM190920C154,2019-09-13,2019-09-13 09:32:48,4.78,1.0213,268,4.65,0.9935,144,4.64,0.9914,2,4.715,1.0074,2,0
IWM190920C154,2019-09-13,2019-09-13 09:32:49,4.78,1.0213,268,4.65,0.9935,184,4.64,0.9914,2,4.715,1.0074,2,0
IWM190920C154,2019-09-13,2019-09-13 09:32:49,4.78,1.0213,220,4.65,0.9935,206,4.64,0.9914,2,4.715,1.0074,2,0
IWM190920C154,2019-09-13,2019-09-13 09:32:50,4.78,1.0213,159,4.65,0.9935,197,4.64,0.9914,2,4.715,1.0074,2,0
IWM190920C154,2019-09-13,2019-09-13 09:32:50,4.78,1.0213,159,4.65,0.9935,220,4.64,0.9914,2,4.715,1.0074,2,0
IWM190920C154,2019-09-13,2019-09-13 09:32:51,4.78,1.0213,182,4.66,0.9957,276,4.64,0.9914,2,4.72,1.0085,2,0
IWM190920C154,2019-09-13,2019-09-13 09:32:51,4.78,1.0213,192,4.66,0.9957,276,4.64,0.9914,2,4.72,1.0085,2,0
IWM190920C154,2019-09-13,2019-09-13 09:32:52,4.78,1.0213,192,4.67,0.9978,197,4.64,0.9914,2,4.725,1.0096,2,0
IWM190920C154,2019-09-13,2019-09-13 09:32:52,4.78,1.0213,42,4.67,0.9978,197,4.64,0.9914,2,4.725,1.0096,2,0
IWM190920C154,2019-09-13,2019-09-13 09:32:53,4.78,1.0213,130,4.67,0.9978,232,4.64,0.9914,2,4.725,1.0096,2,0
IWM190920C154,2019-09-13,2019-09-13 09:32:53,4.78,1.0213,126,4.67,0.9978,254,4.64,0.9914,2,4.725,1.0096,2,0
IWM190920C154,2019-09-13,2019-09-13 09:32:54,4.78,1.0213,116,4.67,0.9978,266,4.64,0.9914,2,4.725,1.0096,2,0
IWM190920C154,2019-09-13,2019-09-13 09:32:54,4.78,1.0213,116,4.67,0.9978,254,4.64,0.9914,2,4.725,1.0096,2,0
IWM190920C154,2019-09-13,2019-09-13 09:32:55,4.78,1.0213,126,4.67,0.9978,264,4.64,0.9914,2,4.725,1.0096,2,0
IWM190920C154,2019-09-13,2019-09-13 09:32:56,4.79,1.0235,31,4.67,0.9978,254,4.64,0.9914,2,4.73,1.0106,2,0
IWM190920C154,2019-09-13,2019-09-13 09:32:56,4.78,1.0213,129,4.67,0.9978,287,4.64,0.9914,2,4.725,1.0096,2,0
IWM190920C154,2019-09-13,2019-09-13 09:32:57,4.79,1.0235,148,4.67,0.9978,264,4.64,0.9914,2,4.73,1.0106,2,0
IWM190920C154,2019-09-13,2019-09-13 09:32:57,4.79,1.0235,153,4.67,0.9978,288,4.64,0.9914,2,4.73,1.0106,2,0
IWM190920C154,2019-09-13,2019-09-13 09:32:58,4.79,1.0235,153,4.67,0.9978,288,4.64,0.9914,2,4.73,1.0106,2,0
IWM190920C154,2019-09-13,2019-09-13 09:32:59,4.79,1.0235,213,4.67,0.9978,264,4.64,0.9914,2,4.73,1.0106,2,0
IWM190920C154,2019-09-13,2019-09-13 09:32:59,4.79,1.0235,168,4.67,0.9978,288,4.64,0.9914,2,4.73,1.0106,2,0
IWM190920C154,2019-09-13,2019-09-13 09:33:00,4.79,1.0235,179,4.67,0.9978,264,4.64,0.9914,2,4.73,1.0106,2,0
IWM190920C154,2019-09-13,2019-09-13 09:33:01,4.79,1.0235,90,4.67,0.9978,288,4.64,0.9914,2,4.73,1.0106,2,0
IWM190920C154,2019-09-13,2019-09-13 09:33:01,4.79,1.0235,90,4.67,0.9978,280,4.64,0.9914,2,4.73,1.0106,2,0
IWM190920C154,2019-09-13,2019-09-13 09:33:02,4.79,1.0235,80,4.67,0.9978,289,4.64,0.9914,2,4.73,1.0106,2,0
IWM190920C154,2019-09-13,2019-09-13 09:33:02,4.8,1.0256,67,4.67,0.9978,289,4.64,0.9914,2,4.735,1.0117,2,0
IWM190920C154,2019-09-13,2019-09-13 09:33:03,4.8,1.0256,67,4.67,0.9978,289,4.64,0.9914,2,4.735,1.0117,2,0
IWM190920C154,2019-09-13,2019-09-13 09:33:03,4.84,1.0341,114,4.7,1.0042,151,4.64,0.9914,2,4.77,1.0192,2,0
IWM190920C154,2019-09-13,2019-09-13 09:33:04,4.83,1.032,83,4.7,1.0042,248,4.64,0.9914,2,4.765,1.0181,2,0
IWM190920C154,2019-09-13,2019-09-13 09:33:04,4.83,1.032,60,4.71,1.0064,183,4.64,0.9914,2,4.77,1.0192,2,0
IWM190920C154,2019-09-13,2019-09-13 09:33:05,4.84,1.0341,75,4.71,1.0064,311,4.64,0.9914,2,4.775,1.0202,2,0
IWM190920C154,2019-09-13,2019-09-13 09:33:05,4.84,1.0341,85,4.71,1.0064,311,4.64,0.9914,2,4.775,1.0202,2,0
IWM190920C154,2019-09-13,2019-09-13 09:33:06,4.86,1.0384,140,4.72,1.0085,214,4.64,0.9914,2,4.79,1.0235,2,0
IWM190920C154,2019-09-13,2019-09-13 09:33:06,4.84,1.0341,75,4.71,1.0064,240,4.64,0.9914,2,4.775,1.0202,2,0
IWM190920C154,2019-09-13,2019-09-13 09:33:07,4.86,1.0384,171,4.73,1.0106,245,4.64,0.9914,2,4.795,1.0245,2,0
IWM190920C154,2019-09-13,2019-09-13 09:33:07,4.86,1.0384,217,4.73,1.0106,220,4.64,0.9914,2,4.795,1.0245,2,0
IWM190920C154,2019-09-13,2019-09-13 09:33:08,4.86,1.0384,219,4.73,1.0106,244,4.64,0.9914,2,4.795,1.0245,2,0
IWM190920C154,2019-09-13,2019-09-13 09:33:08,4.86,1.0384,144,4.73,1.0106,220,4.64,0.9914,2,4.795,1.0245,2,0
IWM190920C154,2019-09-13,2019-09-13 09:33:09,4.86,1.0384,245,4.73,1.0106,207,4.64,0.9914,2,4.795,1.0245,2,0
IWM190920C154,2019-09-13,2019-09-13 09:33:09,4.86,1.0384,219,4.73,1.0106,244,4.64,0.9914,2,4.795,1.0245,2,0
IWM190920C154,2019-09-13,2019-09-13 09:33:10,4.86,1.0384,273,4.73,1.0106,267,4.64,0.9914,2,4.795,1.0245,2,0
IWM190920C154,2019-09-13,2019-09-13 09:33:11,4.86,1.0384,223,4.73,1.0106,267,4.64,0.9914,2,4.795,1.0245,2,0
IWM190920C154,2019-09-13,2019-09-13 09:33:11,4.86,1.0384,273,4.73,1.0106,60,4.64,0.9914,2,4.795,1.0245,2,0
IWM190920C154,2019-09-13,2019-09-13 09:33:12,4.86,1.0384,278,4.73,1.0106,197,4.64,0.9914,2,4.795,1.0245,2,0
IWM190920C154,2019-09-13,2019-09-13 09:33:12,4.86,1.0384,222,4.73,1.0106,100,4.64,0.9914,2,4.795,1.0245,2,0
IWM190920C154,2019-09-13,2019-09-13 09:33:13,4.86,1.0384,278,4.73,1.0106,213,4.64,0.9914,2,4.795,1.0245,2,0
IWM190920C154,2019-09-13,2019-09-13 09:33:13,4.86,1.0384,278,4.73,1.0106,193,4.64,0.9914,2,4.795,1.0245,2,0
IWM190920C154,2019-09-13,2019-09-13 09:33:14,4.86,1.0384,281,4.73,1.0106,213,4.64,0.9914,2,4.795,1.0245,2,0
IWM190920C154,2019-09-13,2019-09-13 09:33:15,4.86,1.0384,201,4.73,1.0106,224,4.64,0.9914,2,4.795,1.0245,2,0
IWM190920C154,2019-09-13,2019-09-13 09:33:15,4.86,1.0384,201,4.73,1.0106,203,4.64,0.9914,2,4.795,1.0245,2,0
IWM190920C154,2019-09-13,2019-09-13 09:33:16,4.86,1.0384,179,4.73,1.0106,150,4.64,0.9914,2,4.795,1.0245,2,0
IWM190920C154,2019-09-13,2019-09-13 09:33:16,4.86,1.0384,240,4.73,1.0106,212,4.64,0.9914,2,4.795,1.0245,2,0
IWM190920C154,2019-09-13,2019-09-13 09:33:17,4.86,1.0384,243,4.73,1.0106,212,4.64,0.9914,2,4.795,1.0245,2,0
IWM190920C154,2019-09-13,2019-09-13 09:33:17,4.86,1.0384,266,4.73,1.0106,212,4.64,0.9914,2,4.795,1.0245,2,0
IWM190920C154,2019-09-13,2019-09-13 09:33:18,4.86,1.0384,243,4.73,1.0106,223,4.64,0.9914,2,4.795,1.0245,2,0
IWM190920C154,2019-09-13,2019-09-13 09:33:18,4.86,1.0384,267,4.73,1.0106,210,4.64,0.9914,2,4.795,1.0245,2,0
IWM190920C154,2019-09-13,2019-09-13 09:33:19,4.86,1.0384,267,4.73,1.0106,177,4.64,0.9914,2,4.795,1.0245,2,0
IWM190920C154,2019-09-13,2019-09-13 09:33:20,4.86,1.0384,267,4.73,1.0106,177,4.64,0.9914,2,4.795,1.0245,2,0
IWM190920C154,2019-09-13,2019-09-13 09:33:21,4.86,1.0384,271,4.73,1.0106,60,4.64,0.9914,2,4.795,1.0245,2,0
IWM190920C154,2019-09-13,2019-09-13 09:33:22,4.86,1.0384,271,4.73,1.0106,60,4.64,0.9914,2,4.795,1.0245,2,0
IWM190920C154,2019-09-13,2019-09-13 09:33:23,4.85,1.0363,283,4.68,1.0,201,4.64,0.9914,2,4.765,1.0181,2,0
IWM190920C154,2019-09-13,2019-09-13 09:33:23,4.85,1.0363,199,4.71,1.0064,33,4.64,0.9914,2,4.78,1.0213,2,0
IWM190920C154,2019-09-13,2019-09-13 09:33:24,4.84,1.0341,246,4.68,1.0,263,4.64,0.9914,2,4.76,1.017,2,0
IWM190920C154,2019-09-13,2019-09-13 09:33:24,4.85,1.0363,283,4.68,1.0,248,4.64,0.9914,2,4.765,1.0181,2,0
IWM190920C154,2019-09-13,2019-09-13 09:33:25,4.84,1.0341,317,4.68,1.0,248,4.64,0.9914,2,4.76,1.017,2,0
IWM190920C154,2019-09-13,2019-09-13 09:33:25,4.84,1.0341,263,4.69,1.0021,192,4.64,0.9914,2,4.765,1.0181,2,0
IWM190920C154,2019-09-13,2019-09-13 09:33:26,4.84,1.0341,236,4.69,1.0021,244,4.64,0.9914,2,4.765,1.0181,2,0
IWM190920C154,2019-09-13,2019-09-13 09:33:26,4.84,1.0341,263,4.69,1.0021,244,4.64,0.9914,2,4.765,1.0181,2,0
IWM190920C154,2019-09-13,2019-09-13 09:33:27,4.84,1.0341,242,4.69,1.0021,244,4.64,0.9914,2,4.765,1.0181,2,0
IWM190920C154,2019-09-13,2019-09-13 09:33:27,4.84,1.0341,241,4.69,1.0021,244,4.64,0.9914,2,4.765,1.0181,2,0
IWM190920C154,2019-09-13,2019-09-13 09:33:28,4.84,1.0341,242,4.69,1.0021,244,4.64,0.9914,2,4.765,1.0181,2,0
IWM190920C154,2019-09-13,2019-09-13 09:33:28,4.84,1.0341,242,4.69,1.0021,107,4.64,0.9914,2,4.765,1.0181,2,0
IWM190920C154,2019-09-13,2019-09-13 09:33:29,4.83,1.032,242,4.69,1.0021,97,4.64,0.9914,2,4.76,1.017,2,0
IWM190920C154,2019-09-13,2019-09-13 09:33:29,4.84,1.0341,242,4.69,1.0021,109,4.64,0.9914,2,4.765,1.0181,2,0
IWM190920C154,2019-09-13,2019-09-13 09:33:30,4.83,1.032,255,4.69,1.0021,180,4.64,0.9914,2,4.76,1.017,2,0
IWM190920C154,2019-09-13,2019-09-13 09:33:30,4.83,1.032,307,4.69,1.0021,141,4.64,0.9914,2,4.76,1.017,2,0
IWM190920C154,2019-09-13,2019-09-13 09:33:31,4.83,1.032,255,4.69,1.0021,199,4.64,0.9914,2,4.76,1.017,2,0
IWM190920C154,2019-09-13,2019-09-13 09:33:31,4.83,1.032,255,4.69,1.0021,180,4.64,0.9914,2,4.76,1.017,2,0
IWM190920C154,2019-09-13,2019-09-13 09:33:32,4.83,1.032,255,4.7,1.0042,8,4.64,0.9914,2,4.765,1.0181,2,0
IWM190920C154,2019-09-13,2019-09-13 09:33:32,4.83,1.032,156,4.7,1.0042,228,4.64,0.9914,2,4.765,1.0181,2,0
IWM190920C154,2019-09-13,2019-09-13 09:33:33,4.83,1.032,166,4.7,1.0042,266,4.64,0.9914,2,4.765,1.0181,2,0
IWM190920C154,2019-09-13,2019-09-13 09:33:33,4.83,1.032,195,4.7,1.0042,266,4.64,0.9914,2,4.765,1.0181,2,0
IWM190920C154,2019-09-13,2019-09-13 09:33:34,4.83,1.032,195,4.7,1.0042,266,4.64,0.9914,2,4.765,1.0181,2,0
IWM190920C154,2019-09-13,2019-09-13 09:33:35,4.83,1.032,217,4.7,1.0042,266,4.64,0.9914,2,4.765,1.0181,2,0
IWM190920C154,2019-09-13,2019-09-13 09:33:35,4.83,1.032,117,4.7,1.0042,290,4.64,0.9914,2,4.765,1.0181,2,0
IWM190920C154,2019-09-13,2019-09-13 09:33:36,4.83,1.032,105,4.7,1.0042,247,4.64,0.9914,2,4.765,1.0181,2,0
IWM190920C154,2019-09-13,2019-09-13 09:33:36,4.83,1.032,10,4.7,1.0042,201,4.64,0.9914,2,4.765,1.0181,2,0
IWM190920C154,2019-09-13,2019-09-13 09:33:37,4.83,1.032,244,4.7,1.0042,262,4.64,0.9914,2,4.765,1.0181,2,0
IWM190920C154,2019-09-13,2019-09-13 09:33:37,4.83,1.032,226,4.7,1.0042,262,4.64,0.9914,2,4.765,1.0181,2,0
IWM190920C154,2019-09-13,2019-09-13 09:33:38,4.83,1.032,195,4.7,1.0042,262,4.64,0.9914,2,4.765,1.0181,2,0
IWM190920C154,2019-09-13,2019-09-13 09:33:38,4.83,1.032,244,4.7,1.0042,262,4.64,0.9914,2,4.765,1.0181,2,0
IWM190920C154,2019-09-13,2019-09-13 09:33:39,4.83,1.032,195,4.7,1.0042,262,4.64,0.9914,2,4.765,1.0181,2,0
IWM190920C154,2019-09-13,2019-09-13 09:33:39,4.83,1.032,228,4.7,1.0042,262,4.64,0.9914,2,4.765,1.0181,2,0
IWM190920C154,2019-09-13,2019-09-13 09:33:40,4.83,1.032,228,4.7,1.0042,262,4.64,0.9914,2,4.765,1.0181,2,0
IWM190920C154,2019-09-13,2019-09-13 09:33:40,4.83,1.032,200,4.7,1.0042,262,4.64,0.9914,2,4.765,1.0181,2,0
IWM190920C154,2019-09-13,2019-09-13 09:33:41,4.83,1.032,200,4.7,1.0042,262,4.64,0.9914,2,4.765,1.0181,2,0
IWM190920C154,2019-09-13,2019-09-13 09:33:41,4.83,1.032,202,4.7,1.0042,262,4.64,0.9914,2,4.765,1.0181,2,0
IWM190920C154,2019-09-13,2019-09-13 09:33:42,4.83,1.032,202,4.7,1.0042,262,4.64,0.9914,2,4.765,1.0181,2,0
IWM190920C154,2019-09-13,2019-09-13 09:33:43,4.83,1.032,186,4.7,1.0042,262,4.64,0.9914,2,4.765,1.0181,2,0
IWM190920C154,2019-09-13,2019-09-13 09:33:43,4.83,1.032,202,4.7,1.0042,262,4.64,0.9914,2,4.765,1.0181,2,0
IWM190920C154,2019-09-13,2019-09-13 09:33:44,4.83,1.032,202,4.7,1.0042,262,4.64,0.9914,2,4.765,1.0181,2,0
IWM190920C154,2019-09-13,2019-09-13 09:33:45,4.83,1.032,282,4.7,1.0042,262,4.64,0.9914,2,4.765,1.0181,2,0
IWM190920C154,2019-09-13,2019-09-13 09:33:45,4.83,1.032,251,4.7,1.0042,262,4.64,0.9914,2,4.765,1.0181,2,0
IWM190920C154,2019-09-13,2019-09-13 09:33:46,4.83,1.032,249,4.7,1.0042,262,4.64,0.9914,2,4.765,1.0181,2,0
IWM190920C154,2019-09-13,2019-09-13 09:33:46,4.83,1.032,200,4.7,1.0042,262,4.64,0.9914,2,4.765,1.0181,2,0
IWM190920C154,2019-09-13,2019-09-13 09:33:47,4.82,1.0299,59,4.7,1.0042,262,4.64,0.9914,2,4.76,1.017,2,0
IWM190920C154,2019-09-13,2019-09-13 09:33:48,4.82,1.0299,59,4.7,1.0042,262,4.64,0.9914,2,4.76,1.017,2,0
IWM190920C154,2019-09-13,2019-09-13 09:33:48,4.82,1.0299,178,4.7,1.0042,262,4.64,0.9914,2,4.76,1.017,2,0
IWM190920C154,2019-09-13,2019-09-13 09:33:49,4.81,1.0277,11,4.7,1.0042,77,4.64,0.9914,2,4.755,1.016,2,0
IWM190920C154,2019-09-13,2019-09-13 09:33:50,4.82,1.0299,197,4.7,1.0042,77,4.64,0.9914,2,4.76,1.017,2,0
IWM190920C154,2019-09-13,2019-09-13 09:33:50,4.82,1.0299,244,4.7,1.0042,77,4.64,0.9914,2,4.76,1.017,2,0
IWM190920C154,2019-09-13,2019-09-13 09:33:51,4.82,1.0299,253,4.7,1.0042,153,4.64,0.9914,2,4.76,1.017,2,0
IWM190920C154,2019-09-13,2019-09-13 09:33:51,4.82,1.0299,142,4.7,1.0042,109,4.64,0.9914,2,4.76,1.017,2,0
IWM190920C154,2019-09-13,2019-09-13 09:33:52,4.81,1.0277,221,4.67,0.9978,54,4.64,0.9914,2,4.74,1.0128,2,0
IWM190920C154,2019-09-13,2019-09-13 09:33:52,4.81,1.0277,305,4.67,0.9978,235,4.64,0.9914,2,4.74,1.0128,2,0
IWM190920C154,2019-09-13,2019-09-13 09:33:53,4.81,1.0277,217,4.67,0.9978,231,4.64,0.9914,2,4.74,1.0128,2,0
IWM190920C154,2019-09-13,2019-09-13 09:33:53,4.81,1.0277,306,4.67,0.9978,206,4.64,0.9914,2,4.74,1.0128,2,0
IWM190920C154,2019-09-13,2019-09-13 09:33:54,4.81,1.0277,217,4.67,0.9978,231,4.64,0.9914,2,4.74,1.0128,2,0
IWM190920C154,2019-09-13,2019-09-13 09:33:54,4.81,1.0277,217,4.68,1.0,164,4.64,0.9914,2,4.745,1.0138,2,0
IWM190920C154,2019-09-13,2019-09-13 09:33:55,4.81,1.0277,217,4.68,1.0,260,4.64,0.9914,2,4.745,1.0138,2,0
IWM190920C154,2019-09-13,2019-09-13 09:33:55,4.81,1.0277,241,4.68,1.0,260,4.64,0.9914,2,4.745,1.0138,2,0
IWM190920C154,2019-09-13,2019-09-13 09:33:56,4.81,1.0277,137,4.68,1.0,108,4.64,0.9914,2,4.745,1.0138,2,0
IWM190920C154,2019-09-13,2019-09-13 09:33:56,4.81,1.0277,241,4.68,1.0,260,4.64,0.9914,2,4.745,1.0138,2,0
IWM190920C154,2019-09-13,2019-09-13 09:33:57,4.81,1.0277,145,4.69,1.0021,8,4.64,0.9914,2,4.75,1.0149,2,0
IWM190920C154,2019-09-13,2019-09-13 09:33:57,4.81,1.0277,151,4.69,1.0021,220,4.64,0.9914,2,4.75,1.0149,2,0
IWM190920C154,2019-09-13,2019-09-13 09:33:58,4.81,1.0277,102,4.69,1.0021,241,4.64,0.9914,2,4.75,1.0149,2,0
IWM190920C154,2019-09-13,2019-09-13 09:33:58,4.81,1.0277,151,4.69,1.0021,241,4.64,0.9914,2,4.75,1.0149,2,0
IWM190920C154,2019-09-13,2019-09-13 09:33:59,4.81,1.0277,162,4.69,1.0021,285,4.64,0.9914,2,4.75,1.0149,2,0
IWM190920C154,2019-09-13,2019-09-13 09:33:59,4.81,1.0277,102,4.69,1.0021,255,4.64,0.9914,2,4.75,1.0149,2,0
IWM190920C154,2019-09-13,2019-09-13 09:34:00,4.81,1.0277,193,4.69,1.0021,285,4.64,0.9914,2,4.75,1.0149,2,0
IWM190920C154,2019-09-13,2019-09-13 09:34:00,4.81,1.0277,203,4.69,1.0021,189,4.64,0.9914,2,4.75,1.0149,2,0
IWM190920C154,2019-09-13,2019-09-13 09:34:01,4.81,1.0277,203,4.69,1.0021,130,4.64,0.9914,2,4.75,1.0149,2,0
IWM190920C154,2019-09-13,2019-09-13 09:34:01,4.81,1.0277,256,4.69,1.0021,165,4.64,0.9914,2,4.75,1.0149,2,0
IWM190920C154,2019-09-13,2019-09-13 09:34:02,4.8,1.0256,214,4.68,1.0,39,4.64,0.9914,2,4.74,1.0128,2,0
IWM190920C154,2019-09-13,2019-09-13 09:34:02,4.81,1.0277,289,4.68,1.0,32,4.64,0.9914,2,4.745,1.0138,2,0
IWM190920C154,2019-09-13,2019-09-13 09:34:03,4.8,1.0256,232,4.67,0.9978,62,4.64,0.9914,2,4.735,1.0117,2,0
IWM190920C154,2019-09-13,2019-09-13 09:34:03,4.8,1.0256,242,4.67,0.9978,17,4.64,0.9914,2,4.735,1.0117,2,0
IWM190920C154,2019-09-13,2019-09-13 09:34:04,4.79,1.0235,289,4.64,0.9914,126,4.64,0.9914,2,4.715,1.0074,2,0
IWM190920C154,2019-09-13,2019-09-13 09:34:04,4.79,1.0235,289,4.64,0.9914,38,4.64,0.9914,2,4.715,1.0074,2,0
IWM190920C154,2019-09-13,2019-09-13 09:34:05,4.75,1.0149,167,4.64,0.9914,38,4.64,0.9914,2,4.695,1.0032,2,0
IWM190920C154,2019-09-13,2019-09-13 09:34:06,4.74,1.0128,228,4.6,0.9829,78,4.64,0.9914,2,4.67,0.9978,2,0
IWM190920C154,2019-09-13,2019-09-13 09:34:06,4.74,1.0128,74,4.62,0.9871,36,4.64,0.9914,2,4.68,1.0,2,0
IWM190920C154,2019-09-13,2019-09-13 09:34:07,4.72,1.0085,150,4.6,0.9829,78,4.64,0.9914,2,4.66,0.9957,2,0
IWM190920C154,2019-09-13,2019-09-13 09:34:07,4.72,1.0085,226,4.6,0.9829,88,4.64,0.9914,2,4.66,0.9957,2,0
IWM190920C154,2019-09-13,2019-09-13 09:34:08,4.72,1.0085,222,4.6,0.9829,25,4.64,0.9914,2,4.66,0.9957,2,0
IWM190920C154,2019-09-13,2019-09-13 09:34:08,4.72,1.0085,227,4.6,0.9829,75,4.64,0.9914,2,4.66,0.9957,2,0
IWM190920C154,2019-09-13,2019-09-13 09:34:09,4.72,1.0085,207,4.59,0.9807,156,4.64,0.9914,2,4.655,0.9946,2,0
IWM190920C154,2019-09-13,2019-09-13 09:34:09,4.72,1.0085,222,4.59,0.9807,27,4.64,0.9914,2,4.655,0.9946,2,0
IWM190920C154,2019-09-13,2019-09-13 09:34:10,4.72,1.0085,290,4.59,0.9807,130,4.64,0.9914,2,4.655,0.9946,2,0
IWM190920C154,2019-09-13,2019-09-13 09:34:10,4.72,1.0085,290,4.59,0.9807,160,4.64,0.9914,2,4.655,0.9946,2,0
IWM190920C154,2019-09-13,2019-09-13 09:34:11,4.72,1.0085,234,4.59,0.9807,142,4.64,0.9914,2,4.655,0.9946,2,0
IWM190920C154,2019-09-13,2019-09-13 09:34:11,4.72,1.0085,269,4.59,0.9807,141,4.64,0.9914,2,4.655,0.9946,2,0
IWM190920C154,2019-09-13,2019-09-13 09:34:12,4.72,1.0085,190,4.59,0.9807,222,4.64,0.9914,2,4.655,0.9946,2,0
IWM190920C154,2019-09-13,2019-09-13 09:34:12,4.72,1.0085,179,4.59,0.9807,179,4.64,0.9914,2,4.655,0.9946,2,0
IWM190920C154,2019-09-13,2019-09-13 09:34:13,4.72,1.0085,136,4.6,0.9829,186,4.64,0.9914,2,4.66,0.9957,2,0
IWM190920C154,2019-09-13,2019-09-13 09:34:13,4.74,1.0128,132,4.6,0.9829,289,4.64,0.9914,2,4.67,0.9978,2,0
IWM190920C154,2019-09-13,2019-09-13 09:34:14,4.74,1.0128,145,4.61,0.985,8,4.64,0.9914,2,4.675,0.9989,2,0
IWM190920C154,2019-09-13,2019-09-13 09:34:14,4.74,1.0128,219,4.61,0.985,202,4.64,0.9914,2,4.675,0.9989,2,0
IWM190920C154,2019-09-13,2019-09-13 09:34:15,4.74,1.0128,223,4.61,0.985,202,4.64,0.9914,2,4.675,0.9989,2,0
IWM190920C154,2019-09-13,2019-09-13 09:34:16,4.74,1.0128,195,4.61,0.985,208,4.64,0.9914,2,4.675,0.9989,2,0
IWM190920C154,2019-09-13,2019-09-13 09:34:17,4.74,1.0128,164,4.61,0.985,252,4.64,0.9914,2,4.675,0.9989,2,0
IWM190920C154,2019-09-13,2019-09-13 09:34:17,4.74,1.0128,164,4.61,0.985,262,4.64,0.9914,2,4.675,0.9989,2,0
IWM190920C154,2019-09-13,2019-09-13 09:34:18,4.74,1.0128,164,4.61,0.985,262,4.64,0.9914,2,4.675,0.9989,2,0
IWM190920C154,2019-09-13,2019-09-13 09:34:19,4.74,1.0128,291,4.61,0.985,169,4.64,0.9914,2,4.675,0.9989,2,0
IWM190920C154,2019-09-13,2019-09-13 09:34:19,4.74,1.0128,286,4.61,0.985,200,4.64,0.9914,2,4.675,0.9989,2,0
IWM190920C154,2019-09-13,2019-09-13 09:34:20,4.74,1.0128,291,4.61,0.985,113,4.64,0.9914,2,4.675,0.9989,2,0
IWM190920C154,2019-09-13,2019-09-13 09:34:21,4.74,1.0128,301,4.61,0.985,65,4.64,0.9914,2,4.675,0.9989,2,0
IWM190920C154,2019-09-13,2019-09-13 09:34:21,4.74,1.0128,301,4.61,0.985,113,4.64,0.9914,2,4.675,0.9989,2,0
IWM190920C154,2019-09-13,2019-09-13 09:34:22,4.74,1.0128,270,4.61,0.985,95,4.64,0.9914,2,4.675,0.9989,2,0
IWM190920C154,2019-09-13,2019-09-13 09:34:22,4.74,1.0128,301,4.61,0.985,34,4.64,0.9914,2,4.675,0.9989,2,0
IWM190920C154,2019-09-13,2019-09-13 09:34:23,4.74,1.0128,294,4.61,0.985,139,4.64,0.9914,2,4.675,0.9989,2,0
IWM190920C154,2019-09-13,2019-09-13 09:34:23,4.74,1.0128,301,4.61,0.985,139,4.64,0.9914,2,4.675,0.9989,2,0
IWM190920C154,2019-09-13,2019-09-13 09:34:24,4.74,1.0128,301,4.61,0.985,91,4.64,0.9914,2,4.675,0.9989,2,0
IWM190920C154,2019-09-13,2019-09-13 09:34:25,4.74,1.0128,301,4.61,0.985,91,4.64,0.9914,2,4.675,0.9989,2,0
IWM190920C154,2019-09-13,2019-09-13 09:34:25,4.74,1.0128,301,4.61,0.985,62,4.64,0.9914,2,4.675,0.9989,2,0
IWM190920C154,2019-09-13,2019-09-13 09:34:26,4.74,1.0128,301,4.61,0.985,62,4.64,0.9914,2,4.675,0.9989,2,0
IWM190920C154,2019-09-13,2019-09-13 09:34:27,4.74,1.0128,301,4.61,0.985,65,4.64,0.9914,2,4.675,0.9989,2,0
IWM190920C154,2019-09-13,2019-09-13 09:34:28,4.74,1.0128,301,4.61,0.985,65,4.64,0.9914,2,4.675,0.9989,2,0
IWM190920C154,2019-09-13,2019-09-13 09:34:29,4.74,1.0128,301,4.61,0.985,65,4.64,0.9914,2,4.675,0.9989,2,0
IWM190920C154,2019-09-13,2019-09-13 09:34:30,4.73,1.0106,123,4.61,0.985,193,4.64,0.9914,2,4.67,0.9978,2,0
IWM190920C154,2019-09-13,2019-09-13 09:34:30,4.73,1.0106,178,4.61,0.985,56,4.64,0.9914,2,4.67,0.9978,2,0
IWM190920C154,2019-09-13,2019-09-13 09:34:31,4.73,1.0106,115,4.61,0.985,255,4.64,0.9914,2,4.67,0.9978,2,0
IWM190920C154,2019-09-13,2019-09-13 09:34:31,4.74,1.0128,28,4.62,0.9871,215,4.64,0.9914,2,4.68,1.0,2,0
IWM190920C154,2019-09-13,2019-09-13 09:34:32,4.74,1.0128,67,4.62,0.9871,277,4.64,0.9914,2,4.68,1.0,2,0
IWM190920C154,2019-09-13,2019-09-13 09:34:32,4.75,1.0149,78,4.62,0.9871,216,4.64,0.9914,2,4.685,1.001,2,0
IWM190920C154,2019-09-13,2019-09-13 09:34:33,4.74,1.0128,77,4.62,0.9871,277,4.64,0.9914,2,4.68,1.0,2,0
IWM190920C154,2019-09-13,2019-09-13 09:34:34,4.74,1.0128,77,4.62,0.9871,277,4.64,0.9914,2,4.68,1.0,2,0
IWM190920C154,2019-09-13,2019-09-13 09:34:34,4.74,1.0128,122,4.62,0.9871,277,4.64,0.9914,2,4.68,1.0,2,0
IWM190920C154,2019-09-13,2019-09-13 09:34:35,4.74,1.0128,41,4.63,0.9893,8,4.64,0.9914,2,4.685,1.001,2,0
IWM190920C154,2019-09-13,2019-09-13 09:34:35,4.74,1.0128,100,4.62,0.9871,295,4.64,0.9914,2,4.68,1.0,2,0
IWM190920C154,2019-09-13,2019-09-13 09:34:36,4.74,1.0128,47,4.63,0.9893,226,4.64,0.9914,2,4.685,1.001,2,0
IWM190920C154,2019-09-13,2019-09-13 09:34:36,4.74,1.0128,47,4.63,0.9893,225,4.64,0.9914,2,4.685,1.001,2,0
IWM190920C154,2019-09-13,2019-09-13 09:34:37,4.76,1.017,113,4.63,0.9893,275,4.64,0.9914,2,4.695,1.0032,2,0
IWM190920C154,2019-09-13,2019-09-13 09:34:37,4.76,1.017,187,4.63,0.9893,275,4.64,0.9914,2,4.695,1.0032,2,0
IWM190920C154,2019-09-13,2019-09-13 09:34:38,4.76,1.017,242,4.63,0.9893,278,4.64,0.9914,2,4.695,1.0032,2,0
IWM190920C154,2019-09-13,2019-09-13 09:34:38,4.76,1.017,269,4.63,0.9893,278,4.64,0.9914,2,4.695,1.0032,2,0
IWM190920C154,2019-09-13,2019-09-13 09:34:39,4.76,1.017,202,4.63,0.9893,278,4.64,0.9914,2,4.695,1.0032,2,0
IWM190920C154,2019-09-13,2019-09-13 09:34:40,4.76,1.017,202,4.63,0.9893,278,4.64,0.9914,2,4.695,1.0032,2,0
IWM190920C154,2019-09-13,2019-09-13 09:34:41,4.76,1.017,199,4.63,0.9893,276,4.64,0.9914,2,4.695,1.0032,2,0
IWM190920C154,2019-09-13,2019-09-13 09:34:42,4.76,1.017,155,4.63,0.9893,223,4.64,0.9914,2,4.695,1.0032,2,0
IWM190920C154,2019-09-13,2019-09-13 09:34:42,4.76,1.017,202,4.63,0.9893,266,4.64,0.9914,2,4.695,1.0032,2,0
IWM190920C154,2019-09-13,2019-09-13 09:34:43,4.76,1.017,208,4.63,0.9893,266,4.64,0.9914,2,4.695,1.0032,2,0
IWM190920C154,2019-09-13,2019-09-13 09:34:44,4.76,1.017,208,4.63,0.9893,266,4.64,0.9914,2,4.695,1.0032,2,0
IWM190920C154,2019-09-13,2019-09-13 09:34:45,4.76,1.017,201,4.63,0.9893,266,4.64,0.9914,2,4.695,1.0032,2,0
IWM190920C154,2019-09-13,2019-09-13 09:34:45,4.76,1.017,211,4.63,0.9893,266,4.64,0.9914,2,4.695,1.0032,2,0
IWM190920C154,2019-09-13,2019-09-13 09:34:46,4.76,1.017,128,4.63,0.9893,272,4.64,0.9914,2,4.695,1.0032,2,0
IWM190920C154,2019-09-13,2019-09-13 09:34:46,4.76,1.017,115,4.63,0.9893,232,4.64,0.9914,2,4.695,1.0032,2,0
IWM190920C154,2019-09-13,2019-09-13 09:34:47,4.76,1.017,125,4.64,0.9914,252,4.64,0.9914,2,4.7,1.0042,2,0
IWM190920C154,2019-09-13,2019-09-13 09:34:47,4.76,1.017,115,4.64,0.9914,252,4.64,0.9914,2,4.7,1.0042,2,0
IWM190920C154,2019-09-13,2019-09-13 09:34:48,4.76,1.017,125,4.64,0.9914,252,4.64,0.9914,2,4.7,1.0042,2,0
IWM190920C154,2019-09-13,2019-09-13 09:34:49,4.76,1.017,3,4.64,0.9914,239,4.64,0.9914,2,4.7,1.0042,2,0
IWM190920C154,2019-09-13,2019-09-13 09:34:49,4.76,1.017,109,4.64,0.9914,258,4.64,0.9914,2,4.7,1.0042,2,0
IWM190920C154,2019-09-13,2019-09-13 09:34:50,4.8,1.0256,262,4.65,0.9935,8,4.64,0.9914,2,4.725,1.0096,2,0
IWM190920C154,2019-09-13,2019-09-13 09:34:50,4.79,1.0235,10,4.64,0.9914,239,4.64,0.9914,2,4.715,1.0074,2,0
IWM190920C154,2019-09-13,2019-09-13 09:34:51,4.8,1.0256,71,4.66,0.9957,184,4.64,0.9914,2,4.73,1.0106,2,0
IWM190920C154,2019-09-13,2019-09-13 09:34:51,4.8,1.0256,222,4.65,0.9935,199,4.64,0.9914,2,4.725,1.0096,2,0
IWM190920C154,2019-09-13,2019-09-13 09:34:52,4.83,1.032,120,4.69,1.0021,8,4.64,0.9914,2,4.76,1.017,2,0
IWM190920C154,2019-09-13,2019-09-13 09:34:52,4.83,1.032,123,4.68,1.0,229,4.64,0.9914,2,4.755,1.016,2,0
IWM190920C154,2019-09-13,2019-09-13 09:34:53,4.83,1.032,145,4.7,1.0042,266,4.64,0.9914,2,4.765,1.0181,2,0
IWM190920C154,2019-09-13,2019-09-13 09:34:54,4.83,1.032,145,4.7,1.0042,266,4.64,0.9914,2,4.765,1.0181,2,0
IWM190920C154,2019-09-13,2019-09-13 09:34:54,4.83,1.032,155,4.7,1.0042,276,4.64,0.9914,2,4.765,1.0181,2,0
IWM190920C154,2019-09-13,2019-09-13 09:34:55,4.83,1.032,155,4.7,1.0042,300,4.64,0.9914,2,4.765,1.0181,2,0
IWM190920C154,2019-09-13,2019-09-13 09:34:56,4.83,1.032,155,4.7,1.0042,300,4.64,0.9914,2,4.765,1.0181,2,0
IWM190920C154,2019-09-13,2019-09-13 09:34:57,4.83,1.032,155,4.7,1.0042,276,4.64,0.9914,2,4.765,1.0181,2,0
IWM190920C154,2019-09-13,2019-09-13 09:34:57,4.83,1.032,236,4.7,1.0042,276,4.64,0.9914,2,4.765,1.0181,2,0
IWM190920C154,2019-09-13,2019-09-13 09:34:58,4.83,1.032,145,4.7,1.0042,176,4.64,0.9914,2,4.765,1.0181,2,0
IWM190920C154,2019-09-13,2019-09-13 09:34:58,4.83,1.032,202,4.7,1.0042,176,4.64,0.9914,2,4.765,1.0181,2,0
IWM190920C154,2019-09-13,2019-09-13 09:34:59,4.83,1.032,143,4.7,1.0042,194,4.64,0.9914,2,4.765,1.0181,2,0
IWM190920C154,2019-09-13,2019-09-13 09:34:59,4.83,1.032,173,4.7,1.0042,176,4.64,0.9914,2,4.765,1.0181,2,0
IWM190920C154,2019-09-13,2019-09-13 09:35:00,4.88,1.0427,18,4.7,1.0042,153,4.64,0.9914,2,4.79,1.0235,2,0
IWM190920C154,2019-09-13,2019-09-13 09:35:00,4.83,1.032,86,4.7,1.0042,153,4.64,0.9914,2,4.765,1.0181,2,0
IWM190920C154,2019-09-13,2019-09-13 09:35:01,4.88,1.0427,93,4.7,1.0042,153,4.64,0.9914,2,4.79,1.0235,2,0
IWM190920C154,2019-09-13,2019-09-13 09:35:01,4.88,1.0427,83,4.7,1.0042,153,4.64,0.9914,2,4.79,1.0235,2,0
IWM190920C154,2019-09-13,2019-09-13 09:35:02,4.88,1.0427,130,4.7,1.0042,153,4.64,0.9914,2,4.79,1.0235,2,0
IWM190920C154,2019-09-13,2019-09-13 09:35:02,4.88,1.0427,130,4.75,1.0149,217,4.64,0.9914,2,4.815,1.0288,2,0
IWM190920C154,2019-09-13,2019-09-13 09:35:03,4.88,1.0427,10,4.75,1.0149,217,4.64,0.9914,2,4.815,1.0288,2,0
IWM190920C154,2019-09-13,2019-09-13 09:35:04,4.9,1.047,117,4.78,1.0213,8,4.64,0.9914,2,4.84,1.0341,2,0
IWM190920C154,2019-09-13,2019-09-13 09:35:04,4.9,1.047,142,4.76,1.017,215,4.64,0.9914,2,4.83,1.032,2,0
IWM190920C154,2019-09-13,2019-09-13 09:35:05,4.9,1.047,67,4.78,1.0213,163,4.64,0.9914,2,4.84,1.0341,2,0
IWM190920C154,2019-09-13,2019-09-13 09:35:05,4.9,1.047,103,4.78,1.0213,150,4.64,0.9914,2,4.84,1.0341,2,0
IWM190920C154,2019-09-13,2019-09-13 09:35:06,4.9,1.047,49,4.78,1.0213,163,4.64,0.9914,2,4.84,1.0341,2,0
IWM190920C154,2019-09-13,2019-09-13 09:35:06,4.9,1.047,49,4.78,1.0213,204,4.64,0.9914,2,4.84,1.0341,2,0
IWM190920C154,2019-09-13,2019-09-13 09:35:07,4.92,1.0512,36,4.78,1.0213,125,4.64,0.9914,2,4.85,1.0363,2,0
IWM190920C154,2019-09-13,2019-09-13 09:35:07,4.92,1.0512,32,4.78,1.0213,125,4.64,0.9914,2,4.85,1.0363,2,0
IWM190920C154,2019-09-13,2019-09-13 09:35:08,4.92,1.0512,236,4.8,1.0256,221,4.64,0.9914,2,4.86,1.0384,2,0
IWM190920C154,2019-09-13,2019-09-13 09:35:08,4.92,1.0512,150,4.79,1.0235,52,4.64,0.9914,2,4.855,1.0373,2,0
IWM190920C154,2019-09-13,2019-09-13 09:35:09,4.92,1.0512,236,4.8,1.0256,221,4.64,0.9914,2,4.86,1.0384,2,0
IWM190920C154,2019-09-13,2019-09-13 09:35:09,4.92,1.0512,158,4.8,1.0256,237,4.64,0.9914,2,4.86,1.0384,2,0
IWM190920C154,2019-09-13,2019-09-13 09:35:10,4.92,1.0512,60,4.8,1.0256,247,4.64,0.9914,2,4.86,1.0384,2,0
IWM190920C154,2019-09-13,2019-09-13 09:35:11,4.93,1.0534,59,4.8,1.0256,277,4.64,0.9914,2,4.865,1.0395,2,0
IWM190920C154,2019-09-13,2019-09-13 09:35:11,4.92,1.0512,25,4.8,1.0256,277,4.64,0.9914,2,4.86,1.0384,2,0
IWM190920C154,2019-09-13,2019-09-13 09:35:12,4.93,1.0534,59,4.82,1.0299,288,4.64,0.9914,2,4.875,1.0416,2,0
IWM190920C154,2019-09-13,2019-09-13 09:35:12,4.93,1.0534,59,4.82,1.0299,160,4.64,0.9914,2,4.875,1.0416,2,0
IWM190920C154,2019-09-13,2019-09-13 09:35:13,4.96,1.0598,29,4.82,1.0299,280,4.64,0.9914,2,4.89,1.0448,2,0
IWM190920C154,2019-09-13,2019-09-13 09:35:13,4.98,1.0641,12,4.83,1.032,175,4.64,0.9914,2,4.905,1.048,2,0
IWM190920C154,2019-09-13,2019-09-13 09:35:14,4.98,1.0641,101,4.85,1.0363,50,4.64,0.9914,2,4.915,1.0502,2,0
IWM190920C154,2019-09-13,2019-09-13 09:35:14,4.98,1.0641,182,4.83,1.032,172,4.64,0.9914,2,4.905,1.048,2,0
IWM190920C154,2019-09-13,2019-09-13 09:35:15,4.99,1.0662,27,4.86,1.0384,172,4.64,0.9914,2,4.925,1.0523,2,0
IWM190920C154,2019-09-13,2019-09-13 09:35:15,4.98,1.0641,172,4.86,1.0384,172,4.64,0.9914,2,4.92,1.0512,2,0
IWM190920C154,2019-09-13,2019-09-13 09:35:16,4.99,1.0662,68,4.87,1.0405,150,4.64,0.9914,2,4.93,1.0534,2,0
IWM190920C154,2019-09-13,2019-09-13 09:35:16,4.99,1.0662,66,4.86,1.0384,213,4.64,0.9914,2,4.925,1.0523,2,0
IWM190920C154,2019-09-13,2019-09-13 09:35:17,5.0,1.0683,105,4.87,1.0405,189,4.64,0.9914,2,4.935,1.0544,2,0
IWM190920C154,2019-09-13,2019-09-13 09:35:17,5.0,1.0683,127,4.87,1.0405,150,4.64,0.9914,2,4.935,1.0544,2,0
IWM190920C154,2019-09-13,2019-09-13 09:35:18,5.0,1.0683,73,4.87,1.0405,200,4.64,0.9914,2,4.935,1.0544,2,0
IWM190920C154,2019-09-13,2019-09-13 09:35:18,5.0,1.0683,108,4.87,1.0405,189,4.64,0.9914,2,4.935,1.0544,2,0
IWM190920C154,2019-09-13,2019-09-13 09:35:19,5.0,1.0683,73,4.87,1.0405,200,4.64,0.9914,2,4.935,1.0544,2,0
IWM190920C154,2019-09-13,2019-09-13 09:35:20,5.0,1.0683,10,4.9,1.047,8,4.64,0.9914,2,4.95,1.0576,2,0
IWM190920C154,2019-09-13,2019-09-13 09:35:20,5.0,1.0683,20,4.87,1.0405,172,4.64,0.9914,2,4.935,1.0544,2,0
IWM190920C154,2019-09-13,2019-09-13 09:35:21,5.0,1.0683,10,4.9,1.047,8,4.64,0.9914,2,4.95,1.0576,2,0
IWM190920C154,2019-09-13,2019-09-13 09:35:22,5.02,1.0726,122,4.9,1.047,143,4.64,0.9914,2,4.96,1.0598,2,0
IWM190920C154,2019-09-13,2019-09-13 09:35:22,5.02,1.0726,141,4.9,1.047,143,4.64,0.9914,2,4.96,1.0598,2,0
IWM190920C154,2019-09-13,2019-09-13 09:35:23,5.02,1.0726,162,4.9,1.047,175,4.64,0.9914,2,4.96,1.0598,2,0
IWM190920C154,2019-09-13,2019-09-13 09:35:24,5.03,1.0747,10,4.91,1.0491,50,4.64,0.9914,2,4.97,1.0619,2,0
IWM190920C154,2019-09-13,2019-09-13 09:35:24,5.04,1.0769,45,4.91,1.0491,150,4.64,0.9914,2,4.975,1.063,2,0
IWM190920C154,2019-09-13,2019-09-13 09:35:25,5.05,1.079,100,4.93,1.0534,140,4.64,0.9914,2,4.99,1.0662,2,0
IWM190920C154,2019-09-13,2019-09-13 09:35:25,5.05,1.079,79,4.93,1.0534,74,4.64,0.9914,2,4.99,1.0662,2,0
IWM190920C154,2019-09-13,2019-09-13 09:35:26,5.05,1.079,91,4.93,1.0534,46,4.64,0.9914,2,4.99,1.0662,2,0
IWM190920C154,2019-09-13,2019-09-13 09:35:26,5.05,1.079,71,4.93,1.0534,46,4.64,0.9914,2,4.99,1.0662,2,0
IWM190920C154,2019-09-13,2019-09-13 09:35:27,5.05,1.079,139,4.93,1.0534,60,4.64,0.9914,2,4.99,1.0662,2,0
IWM190920C154,2019-09-13,2019-09-13 09:35:27,5.05,1.079,139,4.93,1.0534,93,4.64,0.9914,2,4.99,1.0662,2,0
IWM190920C154,2019-09-13,2019-09-13 09:35:28,5.05,1.079,153,4.93,1.0534,88,4.64,0.9914,2,4.99,1.0662,2,0
IWM190920C154,2019-09-13,2019-09-13 09:35:29,5.05,1.079,186,4.92,1.0512,107,4.64,0.9914,2,4.985,1.0651,2,0
IWM190920C154,2019-09-13,2019-09-13 09:35:30,5.05,1.079,186,4.91,1.0491,81,4.64,0.9914,2,4.98,1.0641,2,0
IWM190920C154,2019-09-13,2019-09-13 09:35:30,5.05,1.079,77,4.91,1.0491,54,4.64,0.9914,2,4.98,1.0641,2,0
IWM190920C154,2019-09-13,2019-09-13 09:35:31,5.05,1.079,98,4.92,1.0512,8,4.64,0.9914,2,4.985,1.0651,2,0
IWM190920C154,2019-09-13,2019-09-13 09:35:31,5.05,1.079,84,4.91,1.0491,30,4.64,0.9914,2,4.98,1.0641,2,0
IWM190920C154,2019-09-13,2019-09-13 09:35:32,5.05,1.079,134,4.92,1.0512,35,4.64,0.9914,2,4.985,1.0651,2,0
IWM190920C154,2019-09-13,2019-09-13 09:35:32,5.05,1.079,145,4.92,1.0512,54,4.64,0.9914,2,4.985,1.0651,2,0
IWM190920C154,2019-09-13,2019-09-13 09:35:33,5.05,1.079,145,4.92,1.0512,70,4.64,0.9914,2,4.985,1.0651,2,0
IWM190920C154,2019-09-13,2019-09-13 09:35:33,5.05,1.079,159,4.92,1.0512,85,4.64,0.9914,2,4.985,1.0651,2,0
IWM190920C154,2019-09-13,2019-09-13 09:35:34,5.05,1.079,159,4.91,1.0491,101,4.64,0.9914,2,4.98,1.0641,2,0
IWM190920C154,2019-09-13,2019-09-13 09:35:34,5.05,1.079,17,4.91,1.0491,70,4.64,0.9914,2,4.98,1.0641,2,0
IWM190920C154,2019-09-13,2019-09-13 09:35:35,5.07,1.0833,60,4.94,1.0555,239,4.64,0.9914,2,5.005,1.0694,2,0
IWM190920C154,2019-09-13,2019-09-13 09:35:35,5.07,1.0833,60,4.94,1.0555,160,4.64,0.9914,2,5.005,1.0694,2,0
IWM190920C154,2019-09-13,2019-09-13 09:35:36,5.07,1.0833,60,4.94,1.0555,299,4.64,0.9914,2,5.005,1.0694,2,0
IWM190920C154,2019-09-13,2019-09-13 09:35:36,5.07,1.0833,78,4.94,1.0555,220,4.64,0.9914,2,5.005,1.0694,2,0
IWM190920C154,2019-09-13,2019-09-13 09:35:37,5.07,1.0833,97,4.95,1.0576,184,4.64,0.9914,2,5.01,1.0705,2,0
IWM190920C154,2019-09-13,2019-09-13 09:35:37,5.07,1.0833,97,4.95,1.0576,180,4.64,0.9914,2,5.01,1.0705,2,0
IWM190920C154,2019-09-13,2019-09-13 09:35:38,5.07,1.0833,91,4.96,1.0598,261,4.64,0.9914,2,5.015,1.0715,2,0
IWM190920C154,2019-09-13,2019-09-13 09:35:38,5.07,1.0833,97,4.95,1.0576,199,4.64,0.9914,2,5.01,1.0705,2,0
IWM190920C154,2019-09-13,2019-09-13 09:35:39,5.09,1.0876,12,4.97,1.0619,8,4.64,0.9914,2,5.03,1.0747,2,0
IWM190920C154,2019-09-13,2019-09-13 09:35:39,5.09,1.0876,10,4.96,1.0598,211,4.64,0.9914,2,5.025,1.0737,2,0
IWM190920C154,2019-09-13,2019-09-13 09:35:40,5.09,1.0876,72,4.98,1.0641,138,4.64,0.9914,2,5.035,1.0758,2,0
IWM190920C154,2019-09-13,2019-09-13 09:35:40,5.09,1.0876,72,4.98,1.0641,241,4.64,0.9914,2,5.035,1.0758,2,0
IWM190920C154,2019-09-13,2019-09-13 09:35:41,5.09,1.0876,125,4.98,1.0641,251,4.64,0.9914,2,5.035,1.0758,2,0
IWM190920C154,2019-09-13,2019-09-13 09:35:42,5.09,1.0876,85,4.98,1.0641,241,4.64,0.9914,2,5.035,1.0758,2,0
IWM190920C154,2019-09-13,2019-09-13 09:35:42,5.09,1.0876,143,4.98,1.0641,241,4.64,0.9914,2,5.035,1.0758,2,0
IWM190920C154,2019-09-13,2019-09-13 09:35:43,5.09,1.0876,141,4.98,1.0641,109,4.64,0.9914,2,5.035,1.0758,2,0
IWM190920C154,2019-09-13,2019-09-13 09:35:43,5.09,1.0876,194,4.98,1.0641,105,4.64,0.9914,2,5.035,1.0758,2,0
IWM190920C154,2019-09-13,2019-09-13 09:35:44,5.09,1.0876,84,4.95,1.0576,82,4.64,0.9914,2,5.02,1.0726,2,0
IWM190920C154,2019-09-13,2019-09-13 09:35:44,5.09,1.0876,194,4.98,1.0641,105,4.64,0.9914,2,5.035,1.0758,2,0
IWM190920C154,2019-09-13,2019-09-13 09:35:45,5.09,1.0876,179,4.96,1.0598,187,4.64,0.9914,2,5.025,1.0737,2,0
IWM190920C154,2019-09-13,2019-09-13 09:35:45,5.09,1.0876,104,4.96,1.0598,113,4.64,0.9914,2,5.025,1.0737,2,0
IWM190920C154,2019-09-13,2019-09-13 09:35:46,5.09,1.0876,198,4.96,1.0598,187,4.64,0.9914,2,5.025,1.0737,2,0
IWM190920C154,2019-09-13,2019-09-13 09:35:46,5.09,1.0876,198,4.96,1.0598,179,4.64,0.9914,2,5.025,1.0737,2,0
IWM190920C154,2019-09-13,2019-09-13 09:35:47,5.09,1.0876,233,4.96,1.0598,200,4.64,0.9914,2,5.025,1.0737,2,0
IWM190920C154,2019-09-13,2019-09-13 09:35:48,5.09,1.0876,233,4.96,1.0598,170,4.64,0.9914,2,5.025,1.0737,2,0
IWM190920C154,2019-09-13,2019-09-13 09:35:49,5.09,1.0876,73,4.96,1.0598,214,4.64,0.9914,2,5.025,1.0737,2,0
IWM190920C154,2019-09-13,2019-09-13 09:35:49,5.09,1.0876,150,4.96,1.0598,214,4.64,0.9914,2,5.025,1.0737,2,0
IWM190920C154,2019-09-13,2019-09-13 09:35:50,5.09,1.0876,190,4.96,1.0598,130,4.64,0.9914,2,5.025,1.0737,2,0
IWM190920C154,2019-09-13,2019-09-13 09:35:50,5.09,1.0876,73,4.96,1.0598,123,4.64,0.9914,2,5.025,1.0737,2,0
IWM190920C154,2019-09-13,2019-09-13 09:35:51,5.09,1.0876,246,4.96,1.0598,45,4.64,0.9914,2,5.025,1.0737,2,0
IWM190920C154,2019-09-13,2019-09-13 09:35:51,5.09,1.0876,246,4.95,1.0576,127,4.64,0.9914,2,5.02,1.0726,2,0
IWM190920C154,2019-09-13,2019-09-13 09:35:52,5.09,1.0876,246,4.95,1.0576,230,4.64,0.9914,2,5.02,1.0726,2,0
IWM190920C154,2019-09-13,2019-09-13 09:35:52,5.09,1.0876,246,4.95,1.0576,152,4.64,0.9914,2,5.02,1.0726,2,0
IWM190920C154,2019-09-13,2019-09-13 09:35:53,5.09,1.0876,150,4.96,1.0598,139,4.64,0.9914,2,5.025,1.0737,2,0
IWM190920C154,2019-09-13,2019-09-13 09:35:53,5.09,1.0876,150,4.96,1.0598,204,4.64,0.9914,2,5.025,1.0737,2,0
IWM190920C154,2019-09-13,2019-09-13 09:35:54,5.09,1.0876,150,4.96,1.0598,60,4.64,0.9914,2,5.025,1.0737,2,0
IWM190920C154,2019-09-13,2019-09-13 09:35:54,5.09,1.0876,150,4.96,1.0598,71,4.64,0.9914,2,5.025,1.0737,2,0
IWM190920C154,2019-09-13,2019-09-13 09:35:55,5.09,1.0876,213,4.96,1.0598,171,4.64,0.9914,2,5.025,1.0737,2,0
IWM190920C154,2019-09-13,2019-09-13 09:35:55,5.09,1.0876,213,4.96,1.0598,201,4.64,0.9914,2,5.025,1.0737,2,0
IWM190920C154,2019-09-13,2019-09-13 09:35:56,5.09,1.0876,213,4.96,1.0598,231,4.64,0.9914,2,5.025,1.0737,2,0
IWM190920C154,2019-09-13,2019-09-13 09:35:56,5.09,1.0876,213,4.96,1.0598,214,4.64,0.9914,2,5.025,1.0737,2,0
IWM190920C154,2019-09-13,2019-09-13 09:35:57,5.09,1.0876,213,4.96,1.0598,231,4.64,0.9914,2,5.025,1.0737,2,0
IWM190920C154,2019-09-13,2019-09-13 09:35:58,5.09,1.0876,234,4.96,1.0598,171,4.64,0.9914,2,5.025,1.0737,2,0
IWM190920C154,2019-09-13,2019-09-13 09:35:58,5.09,1.0876,234,4.96,1.0598,143,4.64,0.9914,2,5.025,1.0737,2,0
IWM190920C154,2019-09-13,2019-09-13 09:35:59,5.09,1.0876,303,4.96,1.0598,171,4.64,0.9914,2,5.025,1.0737,2,0
IWM190920C154,2019-09-13,2019-09-13 09:35:59,5.09,1.0876,234,4.96,1.0598,157,4.64,0.9914,2,5.025,1.0737,2,0
IWM190920C154,2019-09-13,2019-09-13 09:36:00,5.09,1.0876,234,4.96,1.0598,143,4.64,0.9914,2,5.025,1.0737,2,0
IWM190920C154,2019-09-13,2019-09-13 09:36:01,5.09,1.0876,239,4.96,1.0598,143,4.64,0.9914,2,5.025,1.0737,2,0
IWM190920C154,2019-09-13,2019-09-13 09:36:01,5.09,1.0876,218,4.96,1.0598,182,4.64,0.9914,2,5.025,1.0737,2,0
IWM190920C154,2019-09-13,2019-09-13 09:36:02,5.09,1.0876,182,4.96,1.0598,98,4.64,0.9914,2,5.025,1.0737,2,0
IWM190920C154,2019-09-13,2019-09-13 09:36:02,5.09,1.0876,235,4.96,1.0598,183,4.64,0.9914,2,5.025,1.0737,2,0
IWM190920C154,2019-09-13,2019-09-13 09:36:03,5.09,1.0876,196,4.96,1.0598,194,4.64,0.9914,2,5.025,1.0737,2,0
IWM190920C154,2019-09-13,2019-09-13 09:36:03,5.09,1.0876,241,4.96,1.0598,183,4.64,0.9914,2,5.025,1.0737,2,0
IWM190920C154,2019-09-13,2019-09-13 09:36:04,5.09,1.0876,206,4.96,1.0598,204,4.64,0.9914,2,5.025,1.0737,2,0
IWM190920C154,2019-09-13,2019-09-13 09:36:04,5.09,1.0876,226,4.96,1.0598,190,4.64,0.9914,2,5.025,1.0737,2,0
IWM190920C154,2019-09-13,2019-09-13 09:36:05,5.09,1.0876,226,4.96,1.0598,149,4.64,0.9914,2,5.025,1.0737,2,0
IWM190920C154,2019-09-13,2019-09-13 09:36:06,5.09,1.0876,240,4.96,1.0598,90,4.64,0.9914,2,5.025,1.0737,2,0
IWM190920C154,2019-09-13,2019-09-13 09:36:06,5.09,1.0876,191,4.96,1.0598,64,4.64,0.9914,2,5.025,1.0737,2,0
IWM190920C154,2019-09-13,2019-09-13 09:36:07,5.09,1.0876,241,4.96,1.0598,90,4.64,0.9914,2,5.025,1.0737,2,0
IWM190920C154,2019-09-13,2019-09-13 09:36:08,5.08,1.0854,50,4.96,1.0598,63,4.64,0.9914,2,5.02,1.0726,2,0
IWM190920C154,2019-09-13,2019-09-13 09:36:08,5.09,1.0876,241,4.96,1.0598,36,4.64,0.9914,2,5.025,1.0737,2,0
IWM190920C154,2019-09-13,2019-09-13 09:36:09,5.08,1.0854,134,4.96,1.0598,150,4.64,0.9914,2,5.02,1.0726,2,0
IWM190920C154,2019-09-13,2019-09-13 09:36:09,5.09,1.0876,164,4.96,1.0598,188,4.64,0.9914,2,5.025,1.0737,2,0
IWM190920C154,2019-09-13,2019-09-13 09:36:10,5.08,1.0854,112,4.96,1.0598,199,4.64,0.9914,2,5.02,1.0726,2,0
IWM190920C154,2019-09-13,2019-09-13 09:36:10,5.08,1.0854,199,4.96,1.0598,249,4.64,0.9914,2,5.02,1.0726,2,0
IWM190920C154,2019-09-13,2019-09-13 09:36:11,5.08,1.0854,152,4.96,1.0598,199,4.64,0.9914,2,5.02,1.0726,2,0
IWM190920C154,2019-09-13,2019-09-13 09:36:12,5.08,1.0854,192,4.96,1.0598,150,4.64,0.9914,2,5.02,1.0726,2,0
IWM190920C154,2019-09-13,2019-09-13 09:36:12,5.08,1.0854,208,4.96,1.0598,150,4.64,0.9914,2,5.02,1.0726,2,0
IWM190920C154,2019-09-13,2019-09-13 09:36:13,5.08,1.0854,221,4.96,1.0598,112,4.64,0.9914,2,5.02,1.0726,2,0
IWM190920C154,2019-09-13,2019-09-13 09:36:13,5.08,1.0854,208,4.96,1.0598,70,4.64,0.9914,2,5.02,1.0726,2,0
IWM190920C154,2019-09-13,2019-09-13 09:36:14,5.08,1.0854,217,4.96,1.0598,159,4.64,0.9914,2,5.02,1.0726,2,0
IWM190920C154,2019-09-13,2019-09-13 09:36:14,5.08,1.0854,241,4.96,1.0598,159,4.64,0.9914,2,5.02,1.0726,2,0
IWM190920C154,2019-09-13,2019-09-13 09:36:15,5.08,1.0854,179,4.96,1.0598,187,4.64,0.9914,2,5.02,1.0726,2,0
IWM190920C154,2019-09-13,2019-09-13 09:36:15,5.08,1.0854,241,4.96,1.0598,159,4.64,0.9914,2,5.02,1.0726,2,0
IWM190920C154,2019-09-13,2019-09-13 09:36:16,5.08,1.0854,25,4.97,1.0619,236,4.64,0.9914,2,5.025,1.0737,2,0
IWM190920C154,2019-09-13,2019-09-13 09:36:16,5.08,1.0854,109,4.96,1.0598,203,4.64,0.9914,2,5.02,1.0726,2,0
IWM190920C154,2019-09-13,2019-09-13 09:36:17,5.1,1.0897,20,4.97,1.0619,129,4.64,0.9914,2,5.035,1.0758,2,0
IWM190920C154,2019-09-13,2019-09-13 09:36:17,5.08,1.0854,25,4.97,1.0619,191,4.64,0.9914,2,5.025,1.0737,2,0
IWM190920C154,2019-09-13,2019-09-13 09:36:18,5.1,1.0897,25,4.97,1.0619,129,4.64,0.9914,2,5.035,1.0758,2,0
IWM190920C154,2019-09-13,2019-09-13 09:36:18,5.12,1.094,39,4.99,1.0662,23,4.64,0.9914,2,5.055,1.0801,2,0
IWM190920C154,2019-09-13,2019-09-13 09:36:19,5.15,1.1004,118,5.03,1.0747,36,4.64,0.9914,2,5.09,1.0876,2,0
IWM190920C154,2019-09-13,2019-09-13 09:36:19,5.15,1.1004,118,5.05,1.079,23,4.64,0.9914,2,5.1,1.0897,2,0
IWM190920C154,2019-09-13,2019-09-13 09:36:20,5.17,1.1047,29,5.05,1.079,152,4.64,0.9914,2,5.11,1.0918,2,0
IWM190920C154,2019-09-13,2019-09-13 09:36:20,5.17,1.1047,39,5.05,1.079,152,4.64,0.9914,2,5.11,1.0918,2,0
IWM190920C154,2019-09-13,2019-09-13 09:36:21,5.19,1.1089,115,5.06,1.0811,109,4.64,0.9914,2,5.125,1.095,2,0
IWM190920C154,2019-09-13,2019-09-13 09:36:21,5.17,1.1047,20,5.05,1.079,152,4.64,0.9914,2,5.11,1.0918,2,0
IWM190920C154,2019-09-13,2019-09-13 09:36:22,5.18,1.1068,82,5.06,1.0811,84,4.64,0.9914,2,5.12,1.094,2,0
IWM190920C154,2019-09-13,2019-09-13 09:36:23,5.18,1.1068,111,5.06,1.0811,83,4.64,0.9914,2,5.12,1.094,2,0
IWM190920C154,2019-09-13,2019-09-13 09:36:23,5.17,1.1047,111,5.06,1.0811,70,4.64,0.9914,2,5.115,1.0929,2,0
IWM190920C154,2019-09-13,2019-09-13 09:36:24,5.17,1.1047,25,5.06,1.0811,67,4.64,0.9914,2,5.115,1.0929,2,0
IWM190920C154,2019-09-13,2019-09-13 09:36:25,5.18,1.1068,73,5.07,1.0833,133,4.64,0.9914,2,5.125,1.095,2,0
IWM190920C154,2019-09-13,2019-09-13 09:36:25,5.19,1.1089,105,5.07,1.0833,133,4.64,0.9914,2,5.13,1.0961,2,0
IWM190920C154,2019-09-13,2019-09-13 09:36:26,5.18,1.1068,145,5.07,1.0833,76,4.64,0.9914,2,5.125,1.095,2,0
IWM190920C154,2019-09-13,2019-09-13 09:36:26,5.18,1.1068,155,5.07,1.0833,76,4.64,0.9914,2,5.125,1.095,2,0
IWM190920C154,2019-09-13,2019-09-13 09:36:27,5.17,1.1047,27,5.07,1.0833,76,4.64,0.9914,2,5.12,1.094,2,0
IWM190920C154,2019-09-13,2019-09-13 09:36:27,5.17,1.1047,43,5.07,1.0833,76,4.64,0.9914,2,5.12,1.094,2,0
IWM190920C154,2019-09-13,2019-09-13 09:36:28,5.17,1.1047,43,5.07,1.0833,169,4.64,0.9914,2,5.12,1.094,2,0
IWM190920C154,2019-09-13,2019-09-13 09:36:28,5.17,1.1047,60,5.07,1.0833,120,4.64,0.9914,2,5.12,1.094,2,0
IWM190920C154,2019-09-13,2019-09-13 09:36:29,5.17,1.1047,70,5.07,1.0833,174,4.64,0.9914,2,5.12,1.094,2,0
IWM190920C154,2019-09-13,2019-09-13 09:36:29,5.19,1.1089,27,5.08,1.0854,157,4.64,0.9914,2,5.135,1.0972,2,0
IWM190920C154,2019-09-13,2019-09-13 09:36:30,5.2,1.1111,100,5.1,1.0897,120,4.64,0.9914,2,5.15,1.1004,2,0
IWM190920C154,2019-09-13,2019-09-13 09:36:30,5.2,1.1111,100,5.08,1.0854,207,4.64,0.9914,2,5.14,1.0982,2,0
IWM190920C154,2019-09-13,2019-09-13 09:36:31,5.2,1.1111,100,5.1,1.0897,180,4.64,0.9914,2,5.15,1.1004,2,0
IWM190920C154,2019-09-13,2019-09-13 09:36:31,5.2,1.1111,100,5.1,1.0897,225,4.64,0.9914,2,5.15,1.1004,2,0
IWM190920C154,2019-09-13,2019-09-13 09:36:32,5.2,1.1111,100,5.1,1.0897,180,4.64,0.9914,2,5.15,1.1004,2,0
IWM190920C154,2019-09-13,2019-09-13 09:36:32,5.2,1.1111,111,5.1,1.0897,106,4.64,0.9914,2,5.15,1.1004,2,0
IWM190920C154,2019-09-13,2019-09-13 09:36:33,5.2,1.1111,100,5.1,1.0897,101,4.64,0.9914,2,5.15,1.1004,2,0
IWM190920C154,2019-09-13,2019-09-13 09:36:34,5.2,1.1111,100,5.1,1.0897,145,4.64,0.9914,2,5.15,1.1004,2,0
IWM190920C154,2019-09-13,2019-09-13 09:36:34,5.2,1.1111,100,5.1,1.0897,105,4.64,0.9914,2,5.15,1.1004,2,0
IWM190920C154,2019-09-13,2019-09-13 09:36:35,5.2,1.1111,100,5.1,1.0897,135,4.64,0.9914,2,5.15,1.1004,2,0
IWM190920C154,2019-09-13,2019-09-13 09:36:35,5.2,1.1111,100,5.1,1.0897,184,4.64,0.9914,2,5.15,1.1004,2,0
IWM190920C154,2019-09-13,2019-09-13 09:36:36,5.2,1.1111,100,5.11,1.0918,8,4.64,0.9914,2,5.155,1.1014,2,0
IWM190920C154,2019-09-13,2019-09-13 09:36:36,5.2,1.1111,100,5.1,1.0897,157,4.64,0.9914,2,5.15,1.1004,2,0
IWM190920C154,2019-09-13,2019-09-13 09:36:37,5.2,1.1111,100,5.11,1.0918,166,4.64,0.9914,2,5.155,1.1014,2,0
IWM190920C154,2019-09-13,2019-09-13 09:36:38,5.2,1.1111,100,5.11,1.0918,150,4.64,0.9914,2,5.155,1.1014,2,0
IWM190920C154,2019-09-13,2019-09-13 09:36:38,5.2,1.1111,100,5.11,1.0918,190,4.64,0.9914,2,5.155,1.1014,2,0
IWM190920C154,2019-09-13,2019-09-13 09:36:39,5.23,1.1175,92,5.11,1.0918,179,4.64,0.9914,2,5.17,1.1047,2,0
IWM190920C154,2019-09-13,2019-09-13 09:36:39,5.2,1.1111,100,5.11,1.0918,179,4.64,0.9914,2,5.155,1.1014,2,0
IWM190920C154,2019-09-13,2019-09-13 09:36:40,5.23,1.1175,92,5.11,1.0918,179,4.64,0.9914,2,5.17,1.1047,2,0
IWM190920C154,2019-09-13,2019-09-13 09:36:40,5.23,1.1175,83,5.11,1.0918,166,4.64,0.9914,2,5.17,1.1047,2,0
IWM190920C154,2019-09-13,2019-09-13 09:36:41,5.23,1.1175,102,5.11,1.0918,178,4.64,0.9914,2,5.17,1.1047,2,0
IWM190920C154,2019-09-13,2019-09-13 09:36:41,5.23,1.1175,51,5.11,1.0918,178,4.64,0.9914,2,5.17,1.1047,2,0
IWM190920C154,2019-09-13,2019-09-13 09:36:42,5.23,1.1175,51,5.11,1.0918,168,4.64,0.9914,2,5.17,1.1047,2,0
IWM190920C154,2019-09-13,2019-09-13 09:36:42,5.23,1.1175,51,5.12,1.094,172,4.64,0.9914,2,5.175,1.1057,2,0
IWM190920C154,2019-09-13,2019-09-13 09:36:43,5.23,1.1175,51,5.12,1.094,172,4.64,0.9914,2,5.175,1.1057,2,0
IWM190920C154,2019-09-13,2019-09-13 09:36:43,5.25,1.1217,91,5.14,1.0982,191,4.64,0.9914,2,5.195,1.11,2,0
IWM190920C154,2019-09-13,2019-09-13 09:36:44,5.25,1.1217,91,5.14,1.0982,158,4.64,0.9914,2,5.195,1.11,2,0
IWM190920C154,2019-09-13,2019-09-13 09:36:44,5.25,1.1217,91,5.14,1.0982,168,4.64,0.9914,2,5.195,1.11,2,0
IWM190920C154,2019-09-13,2019-09-13 09:36:45,5.25,1.1217,91,5.14,1.0982,168,4.64,0.9914,2,5.195,1.11,2,0
IWM190920C154,2019-09-13,2019-09-13 09:36:45,5.24,1.1196,105,5.14,1.0982,168,4.64,0.9914,2,5.19,1.1089,2,0
IWM190920C154,2019-09-13,2019-09-13 09:36:46,5.24,1.1196,90,5.14,1.0982,190,4.64,0.9914,2,5.19,1.1089,2,0
IWM190920C154,2019-09-13,2019-09-13 09:36:46,5.24,1.1196,90,5.14,1.0982,158,4.64,0.9914,2,5.19,1.1089,2,0
IWM190920C154,2019-09-13,2019-09-13 09:36:47,5.27,1.126,37,5.15,1.1004,60,4.64,0.9914,2,5.21,1.1132,2,0
IWM190920C154,2019-09-13,2019-09-13 09:36:48,5.27,1.126,84,5.15,1.1004,190,4.64,0.9914,2,5.21,1.1132,2,0
IWM190920C154,2019-09-13,2019-09-13 09:36:48,5.27,1.126,94,5.15,1.1004,191,4.64,0.9914,2,5.21,1.1132,2,0
IWM190920C154,2019-09-13,2019-09-13 09:36:49,5.27,1.126,70,5.15,1.1004,201,4.64,0.9914,2,5.21,1.1132,2,0
IWM190920C154,2019-09-13,2019-09-13 09:36:49,5.27,1.126,70,5.16,1.1025,91,4.64,0.9914,2,5.215,1.1143,2,0
IWM190920C154,2019-09-13,2019-09-13 09:36:50,5.25,1.1217,138,5.14,1.0982,50,4.64,0.9914,2,5.195,1.11,2,0
IWM190920C154,2019-09-13,2019-09-13 09:36:50,5.25,1.1217,138,5.16,1.1025,24,4.64,0.9914,2,5.205,1.1121,2,0
IWM190920C154,2019-09-13,2019-09-13 09:36:51,5.24,1.1196,169,5.14,1.0982,175,4.64,0.9914,2,5.19,1.1089,2,0
IWM190920C154,2019-09-13,2019-09-13 09:36:52,5.24,1.1196,169,5.14,1.0982,175,4.64,0.9914,2,5.19,1.1089,2,0
IWM190920C154,2019-09-13,2019-09-13 09:36:52,5.24,1.1196,115,5.14,1.0982,175,4.64,0.9914,2,5.19,1.1089,2,0
IWM190920C154,2019-09-13,2019-09-13 09:36:53,5.24,1.1196,97,5.15,1.1004,58,4.64,0.9914,2,5.195,1.11,2,0
IWM190920C154,2019-09-13,2019-09-13 09:36:53,5.24,1.1196,115,5.14,1.0982,175,4.64,0.9914,2,5.19,1.1089,2,0
IWM190920C154,2019-09-13,2019-09-13 09:36:54,5.24,1.1196,53,5.15,1.1004,58,4.64,0.9914,2,5.195,1.11,2,0
IWM190920C154,2019-09-13,2019-09-13 09:36:54,5.24,1.1196,94,5.15,1.1004,120,4.64,0.9914,2,5.195,1.11,2,0
IWM190920C154,2019-09-13,2019-09-13 09:36:55,5.24,1.1196,12,5.15,1.1004,195,4.64,0.9914,2,5.195,1.11,2,0
IWM190920C154,2019-09-13,2019-09-13 09:36:55,5.24,1.1196,37,5.15,1.1004,130,4.64,0.9914,2,5.195,1.11,2,0
IWM190920C154,2019-09-13,2019-09-13 09:36:56,5.25,1.1217,61,5.15,1.1004,195,4.64,0.9914,2,5.2,1.1111,2,0
IWM190920C154,2019-09-13,2019-09-13 09:36:56,5.26,1.1239,64,5.15,1.1004,144,4.64,0.9914,2,5.205,1.1121,2,0
IWM190920C154,2019-09-13,2019-09-13 09:36:57,5.25,1.1217,127,5.15,1.1004,165,4.64,0.9914,2,5.2,1.1111,2,0
IWM190920C154,2019-09-13,2019-09-13 09:36:57,5.26,1.1239,109,5.15,1.1004,187,4.64,0.9914,2,5.205,1.1121,2,0
IWM190920C154,2019-09-13,2019-09-13 09:36:58,5.25,1.1217,191,5.15,1.1004,128,4.64,0.9914,2,5.2,1.1111,2,0
IWM190920C154,2019-09-13,2019-09-13 09:36:59,5.24,1.1196,159,5.15,1.1004,70,4.64,0.9914,2,5.195,1.11,2,0
IWM190920C154,2019-09-13,2019-09-13 09:36:59,5.24,1.1196,14,5.15,1.1004,135,4.64,0.9914,2,5.195,1.11,2,0
IWM190920C154,2019-09-13,2019-09-13 09:37:00,5.26,1.1239,116,5.15,1.1004,170,4.64,0.9914,2,5.205,1.1121,2,0
IWM190920C154,2019-09-13,2019-09-13 09:37:00,5.24,1.1196,113,5.15,1.1004,139,4.64,0.9914,2,5.195,1.11,2,0
IWM190920C154,2019-09-13,2019-09-13 09:37:01,5.23,1.1175,136,5.15,1.1004,78,4.64,0.9914,2,5.19,1.1089,2,0
IWM190920C154,2019-09-13,2019-09-13 09:37:01,5.23,1.1175,125,5.15,1.1004,47,4.64,0.9914,2,5.19,1.1089,2,0
IWM190920C154,2019-09-13,2019-09-13 09:37:02,5.23,1.1175,52,5.15,1.1004,115,4.64,0.9914,2,5.19,1.1089,2,0
IWM190920C154,2019-09-13,2019-09-13 09:37:02,5.23,1.1175,52,5.15,1.1004,38,4.64,0.9914,2,5.19,1.1089,2,0
IWM190920C154,2019-09-13,2019-09-13 09:37:03,5.23,1.1175,78,5.15,1.1004,57,4.64,0.9914,2,5.19,1.1089,2,0
IWM190920C154,2019-09-13,2019-09-13 09:37:03,5.26,1.1239,44,5.15,1.1004,171,4.64,0.9914,2,5.205,1.1121,2,0
IWM190920C154,2019-09-13,2019-09-13 09:37:04,5.29,1.1303,74,5.16,1.1025,119,4.64,0.9914,2,5.225,1.1164,2,0
IWM190920C154,2019-09-13,2019-09-13 09:37:04,5.29,1.1303,116,5.16,1.1025,193,4.64,0.9914,2,5.225,1.1164,2,0
IWM190920C154,2019-09-13,2019-09-13 09:37:05,5.29,1.1303,125,5.16,1.1025,204,4.64,0.9914,2,5.225,1.1164,2,0
IWM190920C154,2019-09-13,2019-09-13 09:37:06,5.28,1.1282,135,5.16,1.1025,279,4.64,0.9914,2,5.22,1.1153,2,0
IWM190920C154,2019-09-13,2019-09-13 09:37:06,5.28,1.1282,144,5.16,1.1025,289,4.64,0.9914,2,5.22,1.1153,2,0
IWM190920C154,2019-09-13,2019-09-13 09:37:07,5.28,1.1282,57,5.17,1.1047,169,4.64,0.9914,2,5.225,1.1164,2,0
IWM190920C154,2019-09-13,2019-09-13 09:37:07,5.28,1.1282,85,5.16,1.1025,289,4.64,0.9914,2,5.22,1.1153,2,0
IWM190920C154,2019-09-13,2019-09-13 09:37:08,5.28,1.1282,13,5.19,1.1089,179,4.64,0.9914,2,5.235,1.1185,2,0
IWM190920C154,2019-09-13,2019-09-13 09:37:08,5.28,1.1282,10,5.19,1.1089,208,4.64,0.9914,2,5.235,1.1185,2,0
IWM190920C154,2019-09-13,2019-09-13 09:37:09,5.29,1.1303,56,5.19,1.1089,169,4.64,0.9914,2,5.24,1.1196,2,0
IWM190920C154,2019-09-13,2019-09-13 09:37:09,5.29,1.1303,71,5.19,1.1089,179,4.64,0.9914,2,5.24,1.1196,2,0
IWM190920C154,2019-09-13,2019-09-13 09:37:10,5.28,1.1282,61,5.19,1.1089,208,4.64,0.9914,2,5.235,1.1185,2,0
IWM190920C154,2019-09-13,2019-09-13 09:37:10,5.28,1.1282,54,5.19,1.1089,151,4.64,0.9914,2,5.235,1.1185,2,0
IWM190920C154,2019-09-13,2019-09-13 09:37:11,5.28,1.1282,54,5.19,1.1089,151,4.64,0.9914,2,5.235,1.1185,2,0
IWM190920C154,2019-09-13,2019-09-13 09:37:11,5.28,1.1282,63,5.19,1.1089,151,4.64,0.9914,2,5.235,1.1185,2,0
IWM190920C154,2019-09-13,2019-09-13 09:37:12,5.28,1.1282,63,5.19,1.1089,141,4.64,0.9914,2,5.235,1.1185,2,0
IWM190920C154,2019-09-13,2019-09-13 09:37:13,5.28,1.1282,27,5.19,1.1089,151,4.64,0.9914,2,5.235,1.1185,2,0
IWM190920C154,2019-09-13,2019-09-13 09:37:14,5.28,1.1282,27,5.19,1.1089,103,4.64,0.9914,2,5.235,1.1185,2,0
IWM190920C154,2019-09-13,2019-09-13 09:37:14,5.28,1.1282,2,5.19,1.1089,103,4.64,0.9914,2,5.235,1.1185,2,0
IWM190920C154,2019-09-13,2019-09-13 09:37:15,5.29,1.1303,89,5.19,1.1089,103,4.64,0.9914,2,5.24,1.1196,2,0
IWM190920C154,2019-09-13,2019-09-13 09:37:15,5.28,1.1282,59,5.19,1.1089,103,4.64,0.9914,2,5.235,1.1185,2,0
IWM190920C154,2019-09-13,2019-09-13 09:37:16,5.29,1.1303,89,5.19,1.1089,103,4.64,0.9914,2,5.24,1.1196,2,0
IWM190920C154,2019-09-13,2019-09-13 09:37:17,5.29,1.1303,79,5.19,1.1089,103,4.64,0.9914,2,5.24,1.1196,2,0
IWM190920C154,2019-09-13,2019-09-13 09:37:18,5.29,1.1303,79,5.19,1.1089,103,4.64,0.9914,2,5.24,1.1196,2,0
IWM190920C154,2019-09-13,2019-09-13 09:37:18,5.29,1.1303,15,5.19,1.1089,170,4.64,0.9914,2,5.24,1.1196,2,0
IWM190920C154,2019-09-13,2019-09-13 09:37:19,5.32,1.1367,41,5.2,1.1111,174,4.64,0.9914,2,5.26,1.1239,2,0
IWM190920C154,2019-09-13,2019-09-13 09:37:19,5.31,1.1346,85,5.19,1.1089,150,4.64,0.9914,2,5.25,1.1217,2,0
IWM190920C154,2019-09-13,2019-09-13 09:37:20,5.29,1.1303,71,5.2,1.1111,125,4.64,0.9914,2,5.245,1.1207,2,0
IWM190920C154,2019-09-13,2019-09-13 09:37:20,5.32,1.1367,22,5.2,1.1111,150,4.64,0.9914,2,5.26,1.1239,2,0
IWM190920C154,2019-09-13,2019-09-13 09:37:21,5.27,1.126,81,5.2,1.1111,50,4.64,0.9914,2,5.235,1.1185,2,0
IWM190920C154,2019-09-13,2019-09-13 09:37:21,5.27,1.126,99,5.17,1.1047,91,4.64,0.9914,2,5.22,1.1153,2,0
IWM190920C154,2019-09-13,2019-09-13 09:37:22,5.27,1.126,81,5.17,1.1047,133,4.64,0.9914,2,5.22,1.1153,2,0
IWM190920C154,2019-09-13,2019-09-13 09:37:23,5.27,1.126,81,5.17,1.1047,133,4.64,0.9914,2,5.22,1.1153,2,0
IWM190920C154,2019-09-13,2019-09-13 09:37:23,5.27,1.126,81,5.17,1.1047,103,4.64,0.9914,2,5.22,1.1153,2,0
IWM190920C154,2019-09-13,2019-09-13 09:37:24,5.27,1.126,100,5.17,1.1047,135,4.64,0.9914,2,5.22,1.1153,2,0
IWM190920C154,2019-09-13,2019-09-13 09:37:25,5.27,1.126,32,5.17,1.1047,125,4.64,0.9914,2,5.22,1.1153,2,0
IWM190920C154,2019-09-13,2019-09-13 09:37:25,5.27,1.126,50,5.17,1.1047,50,4.64,0.9914,2,5.22,1.1153,2,0
IWM190920C154,2019-09-13,2019-09-13 09:37:26,5.3,1.1324,133,5.17,1.1047,184,4.64,0.9914,2,5.235,1.1185,2,0
IWM190920C154,2019-09-13,2019-09-13 09:37:26,5.28,1.1282,50,5.17,1.1047,202,4.64,0.9914,2,5.225,1.1164,2,0
IWM190920C154,2019-09-13,2019-09-13 09:37:27,5.27,1.126,82,5.17,1.1047,161,4.64,0.9914,2,5.22,1.1153,2,0
IWM190920C154,2019-09-13,2019-09-13 09:37:28,5.26,1.1239,29,5.17,1.1047,70,4.64,0.9914,2,5.215,1.1143,2,0
IWM190920C154,2019-09-13,2019-09-13 09:37:28,5.3,1.1324,27,5.17,1.1047,91,4.64,0.9914,2,5.235,1.1185,2,0
IWM190920C154,2019-09-13,2019-09-13 09:37:29,5.28,1.1282,12,5.17,1.1047,160,4.64,0.9914,2,5.225,1.1164,2,0
IWM190920C154,2019-09-13,2019-09-13 09:37:29,5.29,1.1303,81,5.17,1.1047,160,4.64,0.9914,2,5.23,1.1175,2,0
IWM190920C154,2019-09-13,2019-09-13 09:37:30,5.29,1.1303,27,5.18,1.1068,190,4.64,0.9914,2,5.235,1.1185,2,0
IWM190920C154,2019-09-13,2019-09-13 09:37:30,5.29,1.1303,57,5.17,1.1047,214,4.64,0.9914,2,5.23,1.1175,2,0
IWM190920C154,2019-09-13,2019-09-13 09:37:31,5.31,1.1346,24,5.18,1.1068,244,4.64,0.9914,2,5.245,1.1207,2,0
IWM190920C154,2019-09-13,2019-09-13 09:37:31,5.31,1.1346,64,5.19,1.1089,176,4.64,0.9914,2,5.25,1.1217,2,0
IWM190920C154,2019-09-13,2019-09-13 09:37:32,5.31,1.1346,68,5.19,1.1089,176,4.64,0.9914,2,5.25,1.1217,2,0
IWM190920C154,2019-09-13,2019-09-13 09:37:33,5.31,1.1346,68,5.19,1.1089,174,4.64,0.9914,2,5.25,1.1217,2,0
IWM190920C154,2019-09-13,2019-09-13 09:37:33,5.31,1.1346,68,5.19,1.1089,184,4.64,0.9914,2,5.25,1.1217,2,0
IWM190920C154,2019-09-13,2019-09-13 09:37:34,5.33,1.1388,18,5.21,1.1132,121,4.64,0.9914,2,5.27,1.126,2,0
IWM190920C154,2019-09-13,2019-09-13 09:37:34,5.31,1.1346,68,5.19,1.1089,174,4.64,0.9914,2,5.25,1.1217,2,0
IWM190920C154,2019-09-13,2019-09-13 09:37:35,5.33,1.1388,66,5.21,1.1132,161,4.64,0.9914,2,5.27,1.126,2,0
IWM190920C154,2019-09-13,2019-09-13 09:37:35,5.32,1.1367,155,5.21,1.1132,174,4.64,0.9914,2,5.265,1.125,2,0
IWM190920C154,2019-09-13,2019-09-13 09:37:36,5.32,1.1367,151,5.21,1.1132,174,4.64,0.9914,2,5.265,1.125,2,0
IWM190920C154,2019-09-13,2019-09-13 09:37:36,5.32,1.1367,155,5.21,1.1132,194,4.64,0.9914,2,5.265,1.125,2,0
IWM190920C154,2019-09-13,2019-09-13 09:37:37,5.32,1.1367,77,5.21,1.1132,163,4.64,0.9914,2,5.265,1.125,2,0
IWM190920C154,2019-09-13,2019-09-13 09:37:37,5.32,1.1367,151,5.21,1.1132,174,4.64,0.9914,2,5.265,1.125,2,0
IWM190920C154,2019-09-13,2019-09-13 09:37:38,5.32,1.1367,107,5.21,1.1132,163,4.64,0.9914,2,5.265,1.125,2,0
IWM190920C154,2019-09-13,2019-09-13 09:37:38,5.32,1.1367,77,5.21,1.1132,163,4.64,0.9914,2,5.265,1.125,2,0
IWM190920C154,2019-09-13,2019-09-13 09:37:39,5.32,1.1367,107,5.21,1.1132,150,4.64,0.9914,2,5.265,1.125,2,0
IWM190920C154,2019-09-13,2019-09-13 09:37:39,5.32,1.1367,107,5.21,1.1132,173,4.64,0.9914,2,5.265,1.125,2,0
IWM190920C154,2019-09-13,2019-09-13 09:37:40,5.32,1.1367,61,5.21,1.1132,194,4.64,0.9914,2,5.265,1.125,2,0
IWM190920C154,2019-09-13,2019-09-13 09:37:40,5.32,1.1367,107,5.21,1.1132,159,4.64,0.9914,2,5.265,1.125,2,0
IWM190920C154,2019-09-13,2019-09-13 09:37:41,5.34,1.141,81,5.21,1.1132,174,4.64,0.9914,2,5.275,1.1271,2,0
IWM190920C154,2019-09-13,2019-09-13 09:37:42,5.34,1.141,72,5.22,1.1153,202,4.64,0.9914,2,5.28,1.1282,2,0
IWM190920C154,2019-09-13,2019-09-13 09:37:42,5.33,1.1388,111,5.22,1.1153,162,4.64,0.9914,2,5.275,1.1271,2,0
IWM190920C154,2019-09-13,2019-09-13 09:37:43,5.32,1.1367,185,5.22,1.1153,123,4.64,0.9914,2,5.27,1.126,2,0
IWM190920C154,2019-09-13,2019-09-13 09:37:43,5.32,1.1367,185,5.22,1.1153,76,4.64,0.9914,2,5.27,1.126,2,0
IWM190920C154,2019-09-13,2019-09-13 09:37:44,5.34,1.141,82,5.22,1.1153,197,4.64,0.9914,2,5.28,1.1282,2,0
IWM190920C154,2019-09-13,2019-09-13 09:37:44,5.34,1.141,48,5.22,1.1153,197,4.64,0.9914,2,5.28,1.1282,2,0
IWM190920C154,2019-09-13,2019-09-13 09:37:45,5.35,1.1431,27,5.22,1.1153,221,4.64,0.9914,2,5.285,1.1292,2,0
IWM190920C154,2019-09-13,2019-09-13 09:37:45,5.33,1.1388,71,5.22,1.1153,221,4.64,0.9914,2,5.275,1.1271,2,0
IWM190920C154,2019-09-13,2019-09-13 09:37:46,5.32,1.1367,95,5.23,1.1175,219,4.64,0.9914,2,5.275,1.1271,2,0
IWM190920C154,2019-09-13,2019-09-13 09:37:46,5.35,1.1431,85,5.23,1.1175,169,4.64,0.9914,2,5.29,1.1303,2,0
IWM190920C154,2019-09-13,2019-09-13 09:37:47,5.31,1.1346,54,5.23,1.1175,10,4.64,0.9914,2,5.27,1.126,2,0
IWM190920C154,2019-09-13,2019-09-13 09:37:47,5.31,1.1346,71,5.23,1.1175,96,4.64,0.9914,2,5.27,1.126,2,0
IWM190920C154,2019-09-13,2019-09-13 09:37:48,5.33,1.1388,74,5.23,1.1175,191,4.64,0.9914,2,5.28,1.1282,2,0
IWM190920C154,2019-09-13,2019-09-13 09:37:48,5.34,1.141,101,5.23,1.1175,166,4.64,0.9914,2,5.285,1.1292,2,0
IWM190920C154,2019-09-13,2019-09-13 09:37:49,5.33,1.1388,74,5.23,1.1175,191,4.64,0.9914,2,5.28,1.1282,2,0
IWM190920C154,2019-09-13,2019-09-13 09:37:49,5.33,1.1388,24,5.23,1.1175,191,4.64,0.9914,2,5.28,1.1282,2,0
IWM190920C154,2019-09-13,2019-09-13 09:37:50,5.38,1.1495,50,5.23,1.1175,53,4.64,0.9914,2,5.305,1.1335,2,0
IWM190920C154,2019-09-13,2019-09-13 09:37:50,5.39,1.1517,150,5.24,1.1196,186,4.64,0.9914,2,5.315,1.1356,2,0
IWM190920C154,2019-09-13,2019-09-13 09:37:51,5.39,1.1517,150,5.24,1.1196,234,4.64,0.9914,2,5.315,1.1356,2,0
IWM190920C154,2019-09-13,2019-09-13 09:37:51,5.39,1.1517,150,5.24,1.1196,150,4.64,0.9914,2,5.315,1.1356,2,0
IWM190920C154,2019-09-13,2019-09-13 09:37:52,5.39,1.1517,150,5.24,1.1196,144,4.64,0.9914,2,5.315,1.1356,2,0
IWM190920C154,2019-09-13,2019-09-13 09:37:52,5.39,1.1517,219,5.24,1.1196,204,4.64,0.9914,2,5.315,1.1356,2,0
IWM190920C154,2019-09-13,2019-09-13 09:37:53,5.39,1.1517,219,5.24,1.1196,174,4.64,0.9914,2,5.315,1.1356,2,0
IWM190920C154,2019-09-13,2019-09-13 09:37:54,5.39,1.1517,219,5.24,1.1196,174,4.64,0.9914,2,5.315,1.1356,2,0
IWM190920C154,2019-09-13,2019-09-13 09:37:55,5.39,1.1517,219,5.24,1.1196,174,4.64,0.9914,2,5.315,1.1356,2,0
IWM190920C154,2019-09-13,2019-09-13 09:37:56,5.39,1.1517,219,5.24,1.1196,174,4.64,0.9914,2,5.315,1.1356,2,0
IWM190920C154,2019-09-13,2019-09-13 09:37:57,5.39,1.1517,219,5.24,1.1196,174,4.64,0.9914,2,5.315,1.1356,2,0
IWM190920C154,2019-09-13,2019-09-13 09:37:57,5.39,1.1517,219,5.24,1.1196,210,4.64,0.9914,2,5.315,1.1356,2,0
IWM190920C154,2019-09-13,2019-09-13 09:37:58,5.39,1.1517,84,5.24,1.1196,210,4.64,0.9914,2,5.315,1.1356,2,0
IWM190920C154,2019-09-13,2019-09-13 09:37:58,5.39,1.1517,84,5.24,1.1196,122,4.64,0.9914,2,5.315,1.1356,2,0
IWM190920C154,2019-09-13,2019-09-13 09:37:59,5.38,1.1495,137,5.24,1.1196,122,4.64,0.9914,2,5.31,1.1346,2,0
IWM190920C154,2019-09-13,2019-09-13 09:38:00,5.38,1.1495,50,5.24,1.1196,174,4.64,0.9914,2,5.31,1.1346,2,0
IWM190920C154,2019-09-13,2019-09-13 09:38:00,5.38,1.1495,50,5.24,1.1196,122,4.64,0.9914,2,5.31,1.1346,2,0
IWM190920C154,2019-09-13,2019-09-13 09:38:01,5.38,1.1495,39,5.25,1.1217,73,4.64,0.9914,2,5.315,1.1356,2,0
IWM190920C154,2019-09-13,2019-09-13 09:38:01,5.38,1.1495,39,5.24,1.1196,174,4.64,0.9914,2,5.31,1.1346,2,0
IWM190920C154,2019-09-13,2019-09-13 09:38:02,5.41,1.1559,93,5.25,1.1217,137,4.64,0.9914,2,5.33,1.1388,2,0
IWM190920C154,2019-09-13,2019-09-13 09:38:02,5.41,1.1559,119,5.25,1.1217,174,4.64,0.9914,2,5.33,1.1388,2,0
IWM190920C154,2019-09-13,2019-09-13 09:38:03,5.41,1.1559,93,5.25,1.1217,137,4.64,0.9914,2,5.33,1.1388,2,0
IWM190920C154,2019-09-13,2019-09-13 09:38:04,5.41,1.1559,78,5.25,1.1217,50,4.64,0.9914,2,5.33,1.1388,2,0
IWM190920C154,2019-09-13,2019-09-13 09:38:05,5.39,1.1517,50,5.25,1.1217,50,4.64,0.9914,2,5.32,1.1367,2,0
IWM190920C154,2019-09-13,2019-09-13 09:38:05,5.39,1.1517,60,5.25,1.1217,27,4.64,0.9914,2,5.32,1.1367,2,0
IWM190920C154,2019-09-13,2019-09-13 09:38:06,5.39,1.1517,102,5.25,1.1217,74,4.64,0.9914,2,5.32,1.1367,2,0
IWM190920C154,2019-09-13,2019-09-13 09:38:07,5.39,1.1517,74,5.25,1.1217,74,4.64,0.9914,2,5.32,1.1367,2,0
IWM190920C154,2019-09-13,2019-09-13 09:38:07,5.39,1.1517,84,5.25,1.1217,84,4.64,0.9914,2,5.32,1.1367,2,0
IWM190920C154,2019-09-13,2019-09-13 09:38:08,5.39,1.1517,99,5.25,1.1217,70,4.64,0.9914,2,5.32,1.1367,2,0
IWM190920C154,2019-09-13,2019-09-13 09:38:09,5.39,1.1517,99,5.25,1.1217,70,4.64,0.9914,2,5.32,1.1367,2,0
IWM190920C154,2019-09-13,2019-09-13 09:38:10,5.38,1.1495,50,5.24,1.1196,27,4.64,0.9914,2,5.31,1.1346,2,0
IWM190920C154,2019-09-13,2019-09-13 09:38:10,5.37,1.1474,82,5.24,1.1196,57,4.64,0.9914,2,5.305,1.1335,2,0
IWM190920C154,2019-09-13,2019-09-13 09:38:11,5.37,1.1474,106,5.23,1.1175,36,4.64,0.9914,2,5.3,1.1324,2,0
IWM190920C154,2019-09-13,2019-09-13 09:38:11,5.37,1.1474,106,5.24,1.1196,57,4.64,0.9914,2,5.305,1.1335,2,0
IWM190920C154,2019-09-13,2019-09-13 09:38:12,5.35,1.1431,60,5.21,1.1132,63,4.64,0.9914,2,5.28,1.1282,2,0
IWM190920C154,2019-09-13,2019-09-13 09:38:12,5.35,1.1431,107,5.21,1.1132,54,4.64,0.9914,2,5.28,1.1282,2,0
IWM190920C154,2019-09-13,2019-09-13 09:38:13,5.35,1.1431,75,5.21,1.1132,54,4.64,0.9914,2,5.28,1.1282,2,0
IWM190920C154,2019-09-13,2019-09-13 09:38:14,5.35,1.1431,60,5.21,1.1132,60,4.64,0.9914,2,5.28,1.1282,2,0
IWM190920C154,2019-09-13,2019-09-13 09:38:14,5.35,1.1431,50,5.21,1.1132,60,4.64,0.9914,2,5.28,1.1282,2,0
IWM190920C154,2019-09-13,2019-09-13 09:38:15,5.39,1.1517,60,5.23,1.1175,172,4.64,0.9914,2,5.31,1.1346,2,0
IWM190920C154,2019-09-13,2019-09-13 09:38:15,5.38,1.1495,27,5.23,1.1175,172,4.64,0.9914,2,5.305,1.1335,2,0
IWM190920C154,2019-09-13,2019-09-13 09:38:16,5.37,1.1474,50,5.23,1.1175,60,4.64,0.9914,2,5.3,1.1324,2,0
IWM190920C154,2019-09-13,2019-09-13 09:38:16,5.37,1.1474,50,5.23,1.1175,84,4.64,0.9914,2,5.3,1.1324,2,0
IWM190920C154,2019-09-13,2019-09-13 09:38:17,5.37,1.1474,146,5.23,1.1175,60,4.64,0.9914,2,5.3,1.1324,2,0
IWM190920C154,2019-09-13,2019-09-13 09:38:18,5.35,1.1431,112,5.22,1.1153,27,4.64,0.9914,2,5.285,1.1292,2,0
IWM190920C154,2019-09-13,2019-09-13 09:38:18,5.37,1.1474,146,5.22,1.1153,27,4.64,0.9914,2,5.295,1.1314,2,0
IWM190920C154,2019-09-13,2019-09-13 09:38:19,5.35,1.1431,74,5.22,1.1153,60,4.64,0.9914,2,5.285,1.1292,2,0
IWM190920C154,2019-09-13,2019-09-13 09:38:19,5.35,1.1431,70,5.22,1.1153,27,4.64,0.9914,2,5.285,1.1292,2,0
IWM190920C154,2019-09-13,2019-09-13 09:38:20,5.35,1.1431,74,5.22,1.1153,60,4.64,0.9914,2,5.285,1.1292,2,0
IWM190920C154,2019-09-13,2019-09-13 09:38:20,5.35,1.1431,70,5.22,1.1153,70,4.64,0.9914,2,5.285,1.1292,2,0
IWM190920C154,2019-09-13,2019-09-13 09:38:21,5.35,1.1431,74,5.22,1.1153,60,4.64,0.9914,2,5.285,1.1292,2,0
IWM190920C154,2019-09-13,2019-09-13 09:38:21,5.35,1.1431,63,5.22,1.1153,60,4.64,0.9914,2,5.285,1.1292,2,0
IWM190920C154,2019-09-13,2019-09-13 09:38:22,5.35,1.1431,63,5.22,1.1153,60,4.64,0.9914,2,5.285,1.1292,2,0
IWM190920C154,2019-09-13,2019-09-13 09:38:23,5.35,1.1431,82,5.22,1.1153,60,4.64,0.9914,2,5.285,1.1292,2,0
IWM190920C154,2019-09-13,2019-09-13 09:38:24,5.35,1.1431,82,5.21,1.1132,46,4.64,0.9914,2,5.28,1.1282,2,0
IWM190920C154,2019-09-13,2019-09-13 09:38:24,5.34,1.141,60,5.2,1.1111,24,4.64,0.9914,2,5.27,1.126,2,0
IWM190920C154,2019-09-13,2019-09-13 09:38:25,5.34,1.141,138,5.19,1.1089,54,4.64,0.9914,2,5.265,1.125,2,0
IWM190920C154,2019-09-13,2019-09-13 09:38:25,5.33,1.1388,50,5.19,1.1089,54,4.64,0.9914,2,5.26,1.1239,2,0
IWM190920C154,2019-09-13,2019-09-13 09:38:26,5.33,1.1388,86,5.19,1.1089,70,4.64,0.9914,2,5.26,1.1239,2,0
IWM190920C154,2019-09-13,2019-09-13 09:38:27,5.33,1.1388,86,5.19,1.1089,70,4.64,0.9914,2,5.26,1.1239,2,0
IWM190920C154,2019-09-13,2019-09-13 09:38:28,5.33,1.1388,86,5.19,1.1089,70,4.64,0.9914,2,5.26,1.1239,2,0
IWM190920C154,2019-09-13,2019-09-13 09:38:29,5.32,1.1367,27,5.19,1.1089,70,4.64,0.9914,2,5.255,1.1228,2,0
IWM190920C154,2019-09-13,2019-09-13 09:38:29,5.33,1.1388,86,5.19,1.1089,70,4.64,0.9914,2,5.26,1.1239,2,0
IWM190920C154,2019-09-13,2019-09-13 09:38:30,5.33,1.1388,62,5.19,1.1089,60,4.64,0.9914,2,5.26,1.1239,2,0
IWM190920C154,2019-09-13,2019-09-13 09:38:30,5.33,1.1388,62,5.19,1.1089,70,4.64,0.9914,2,5.26,1.1239,2,0
IWM190920C154,2019-09-13,2019-09-13 09:38:31,5.32,1.1367,50,5.19,1.1089,60,4.64,0.9914,2,5.255,1.1228,2,0
IWM190920C154,2019-09-13,2019-09-13 09:38:31,5.32,1.1367,93,5.19,1.1089,60,4.64,0.9914,2,5.255,1.1228,2,0
IWM190920C154,2019-09-13,2019-09-13 09:38:32,5.3,1.1324,70,5.17,1.1047,27,4.64,0.9914,2,5.235,1.1185,2,0
IWM190920C154,2019-09-13,2019-09-13 09:38:32,5.3,1.1324,89,5.17,1.1047,39,4.64,0.9914,2,5.235,1.1185,2,0
IWM190920C154,2019-09-13,2019-09-13 09:38:33,5.3,1.1324,112,5.17,1.1047,60,4.64,0.9914,2,5.235,1.1185,2,0
IWM190920C154,2019-09-13,2019-09-13 09:38:33,5.3,1.1324,88,5.17,1.1047,70,4.64,0.9914,2,5.235,1.1185,2,0
IWM190920C154,2019-09-13,2019-09-13 09:38:34,5.3,1.1324,50,5.17,1.1047,70,4.64,0.9914,2,5.235,1.1185,2,0
IWM190920C154,2019-09-13,2019-09-13 09:38:34,5.3,1.1324,83,5.17,1.1047,70,4.64,0.9914,2,5.235,1.1185,2,0
IWM190920C154,2019-09-13,2019-09-13 09:38:35,5.3,1.1324,50,5.17,1.1047,70,4.64,0.9914,2,5.235,1.1185,2,0
IWM190920C154,2019-09-13,2019-09-13 09:38:35,5.3,1.1324,50,5.17,1.1047,60,4.64,0.9914,2,5.235,1.1185,2,0
IWM190920C154,2019-09-13,2019-09-13 09:38:36,5.3,1.1324,60,5.17,1.1047,60,4.64,0.9914,2,5.235,1.1185,2,0
IWM190920C154,2019-09-13,2019-09-13 09:38:37,5.3,1.1324,50,5.15,1.1004,50,4.64,0.9914,2,5.225,1.1164,2,0
IWM190920C154,2019-09-13,2019-09-13 09:38:37,5.3,1.1324,60,5.17,1.1047,60,4.64,0.9914,2,5.235,1.1185,2,0
IWM190920C154,2019-09-13,2019-09-13 09:38:38,5.3,1.1324,126,5.14,1.0982,80,4.64,0.9914,2,5.22,1.1153,2,0
IWM190920C154,2019-09-13,2019-09-13 09:38:38,5.3,1.1324,68,5.14,1.0982,2,4.64,0.9914,2,5.22,1.1153,2,0
IWM190920C154,2019-09-13,2019-09-13 09:38:39,5.26,1.1239,10,5.12,1.094,27,4.64,0.9914,2,5.19,1.1089,2,0
IWM190920C154,2019-09-13,2019-09-13 09:38:39,5.29,1.1303,150,5.12,1.094,27,4.64,0.9914,2,5.205,1.1121,2,0
IWM190920C154,2019-09-13,2019-09-13 09:38:40,5.24,1.1196,50,5.09,1.0876,27,4.64,0.9914,2,5.165,1.1036,2,0
IWM190920C154,2019-09-13,2019-09-13 09:38:40,5.24,1.1196,50,5.1,1.0897,15,4.64,0.9914,2,5.17,1.1047,2,0
IWM190920C154,2019-09-13,2019-09-13 09:38:41,5.2,1.1111,50,5.09,1.0876,2,4.64,0.9914,2,5.145,1.0993,2,0
IWM190920C154,2019-09-13,2019-09-13 09:38:42,5.19,1.1089,27,5.06,1.0811,2,4.64,0.9914,2,5.125,1.095,2,0
IWM190920C154,2019-09-13,2019-09-13 09:38:42,5.19,1.1089,27,5.05,1.079,27,4.64,0.9914,2,5.12,1.094,2,0
IWM190920C154,2019-09-13,2019-09-13 09:38:43,5.18,1.1068,27,5.05,1.079,97,4.64,0.9914,2,5.115,1.0929,2,0
IWM190920C154,2019-09-13,2019-09-13 09:38:43,5.21,1.1132,72,5.05,1.079,50,4.64,0.9914,2,5.13,1.0961,2,0
IWM190920C154,2019-09-13,2019-09-13 09:38:44,5.21,1.1132,63,5.05,1.079,174,4.64,0.9914,2,5.13,1.0961,2,0
IWM190920C154,2019-09-13,2019-09-13 09:38:44,5.21,1.1132,87,5.05,1.079,105,4.64,0.9914,2,5.13,1.0961,2,0
IWM190920C154,2019-09-13,2019-09-13 09:38:45,5.21,1.1132,87,5.05,1.079,105,4.64,0.9914,2,5.13,1.0961,2,0
IWM190920C154,2019-09-13,2019-09-13 09:38:46,5.21,1.1132,87,5.05,1.079,105,4.64,0.9914,2,5.13,1.0961,2,0
IWM190920C154,2019-09-13,2019-09-13 09:38:46,5.21,1.1132,63,5.06,1.0811,157,4.64,0.9914,2,5.135,1.0972,2,0
IWM190920C154,2019-09-13,2019-09-13 09:38:47,5.22,1.1153,27,5.07,1.0833,37,4.64,0.9914,2,5.145,1.0993,2,0
IWM190920C154,2019-09-13,2019-09-13 09:38:47,5.22,1.1153,27,5.06,1.0811,37,4.64,0.9914,2,5.14,1.0982,2,0
IWM190920C154,2019-09-13,2019-09-13 09:38:48,5.24,1.1196,32,5.08,1.0854,174,4.64,0.9914,2,5.16,1.1025,2,0
IWM190920C154,2019-09-13,2019-09-13 09:38:49,5.26,1.1239,50,5.12,1.094,22,4.64,0.9914,2,5.19,1.1089,2,0
IWM190920C154,2019-09-13,2019-09-13 09:38:49,5.24,1.1196,27,5.08,1.0854,174,4.64,0.9914,2,5.16,1.1025,2,0
IWM190920C154,2019-09-13,2019-09-13 09:38:50,5.26,1.1239,13,5.13,1.0961,27,4.64,0.9914,2,5.195,1.11,2,0
IWM190920C154,2019-09-13,2019-09-13 09:38:50,5.27,1.126,12,5.13,1.0961,172,4.64,0.9914,2,5.2,1.1111,2,0
IWM190920C154,2019-09-13,2019-09-13 09:38:51,5.27,1.126,26,5.13,1.0961,98,4.64,0.9914,2,5.2,1.1111,2,0
IWM190920C154,2019-09-13,2019-09-13 09:38:51,5.27,1.126,36,5.13,1.0961,98,4.64,0.9914,2,5.2,1.1111,2,0
IWM190920C154,2019-09-13,2019-09-13 09:38:52,5.27,1.126,26,5.13,1.0961,98,4.64,0.9914,2,5.2,1.1111,2,0
IWM190920C154,2019-09-13,2019-09-13 09:38:52,5.27,1.126,50,5.13,1.0961,98,4.64,0.9914,2,5.2,1.1111,2,0
IWM190920C154,2019-09-13,2019-09-13 09:38:53,5.29,1.1303,42,5.13,1.0961,120,4.64,0.9914,2,5.21,1.1132,2,0
IWM190920C154,2019-09-13,2019-09-13 09:38:53,5.28,1.1282,44,5.13,1.0961,120,4.64,0.9914,2,5.205,1.1121,2,0
IWM190920C154,2019-09-13,2019-09-13 09:38:54,5.3,1.1324,101,5.15,1.1004,150,4.64,0.9914,2,5.225,1.1164,2,0
IWM190920C154,2019-09-13,2019-09-13 09:38:54,5.29,1.1303,38,5.15,1.1004,172,4.64,0.9914,2,5.22,1.1153,2,0
IWM190920C154,2019-09-13,2019-09-13 09:38:55,5.3,1.1324,101,5.15,1.1004,90,4.64,0.9914,2,5.225,1.1164,2,0
