symbol,Date,quote_time,ask_price,norm_ask_price,ask_size,bid_price,norm_bid_price,bid_size,last_trade_price,norm_last_trade_price,last_trade_size,mark_price,norm_mark_price,volume,Volume
IWM190920P158,2019-09-16,2019-09-16 09:30:00,2.06,1.0,17,1.91,0.9271,17,1.76,0.8543,38,1.985,0.9635,0,0
IWM190920P158,2019-09-16,2019-09-16 09:30:01,2.06,1.0,17,1.91,0.9271,17,2.0,0.9708,4,1.985,0.9635,4,4
IWM190920P158,2019-09-16,2019-09-16 09:30:01,2.06,1.0,17,1.91,0.9271,17,2.0,0.9708,4,1.985,0.9635,4,0
IWM190920P158,2019-09-16,2019-09-16 09:30:02,2.06,1.0,17,1.91,0.9271,17,2.0,0.9708,4,1.985,0.9635,4,0
IWM190920P158,2019-09-16,2019-09-16 09:30:03,2.01,0.9757,17,1.89,0.9174,9,2.0,0.9708,4,1.95,0.9466,4,0
IWM190920P158,2019-09-16,2019-09-16 09:30:03,2.01,0.9757,17,1.87,0.9077,17,2.0,0.9708,4,1.94,0.9417,4,0
IWM190920P158,2019-09-16,2019-09-16 09:30:04,2.01,0.9757,17,1.85,0.898,50,2.0,0.9708,4,1.93,0.9368,4,0
IWM190920P158,2019-09-16,2019-09-16 09:30:05,1.99,0.966,137,1.85,0.898,50,2.0,0.9708,4,1.92,0.932,4,0
IWM190920P158,2019-09-16,2019-09-16 09:30:05,2.01,0.9757,17,1.85,0.898,50,2.0,0.9708,4,1.93,0.9368,4,0
IWM190920P158,2019-09-16,2019-09-16 09:30:06,1.98,0.9611,175,1.9,0.9223,112,2.0,0.9708,4,1.94,0.9417,4,0
IWM190920P158,2019-09-16,2019-09-16 09:30:06,1.98,0.9611,145,1.9,0.9223,112,2.0,0.9708,4,1.94,0.9417,4,0
IWM190920P158,2019-09-16,2019-09-16 09:30:07,1.98,0.9611,177,1.9,0.9223,113,2.0,0.9708,4,1.94,0.9417,4,0
IWM190920P158,2019-09-16,2019-09-16 09:30:07,1.97,0.9563,198,1.9,0.9223,42,2.0,0.9708,4,1.935,0.9393,4,0
IWM190920P158,2019-09-16,2019-09-16 09:30:08,1.97,0.9563,198,1.9,0.9223,20,2.0,0.9708,4,1.935,0.9393,4,0
IWM190920P158,2019-09-16,2019-09-16 09:30:08,1.97,0.9563,198,1.9,0.9223,112,2.0,0.9708,4,1.935,0.9393,4,0
IWM190920P158,2019-09-16,2019-09-16 09:30:09,1.98,0.9611,128,1.9,0.9223,178,2.0,0.9708,4,1.94,0.9417,4,0
IWM190920P158,2019-09-16,2019-09-16 09:30:09,1.97,0.9563,198,1.9,0.9223,112,2.0,0.9708,4,1.935,0.9393,4,0
IWM190920P158,2019-09-16,2019-09-16 09:30:10,1.97,0.9563,23,1.9,0.9223,112,2.0,0.9708,4,1.935,0.9393,4,0
IWM190920P158,2019-09-16,2019-09-16 09:30:10,1.99,0.966,171,1.91,0.9271,112,2.0,0.9708,4,1.95,0.9466,4,0
IWM190920P158,2019-09-16,2019-09-16 09:30:11,1.98,0.9611,27,1.91,0.9271,286,2.0,0.9708,4,1.945,0.9441,4,0
IWM190920P158,2019-09-16,2019-09-16 09:30:11,1.99,0.966,244,1.91,0.9271,220,2.0,0.9708,4,1.95,0.9466,4,0
IWM190920P158,2019-09-16,2019-09-16 09:30:12,1.98,0.9611,27,1.92,0.932,259,2.0,0.9708,4,1.95,0.9466,4,0
IWM190920P158,2019-09-16,2019-09-16 09:30:12,1.99,0.966,26,1.92,0.932,294,2.0,0.9708,4,1.955,0.949,4,0
IWM190920P158,2019-09-16,2019-09-16 09:30:13,2.0,0.9708,31,1.93,0.9368,287,2.0,0.9708,4,1.965,0.9538,4,0
IWM190920P158,2019-09-16,2019-09-16 09:30:13,2.0,0.9708,43,1.94,0.9417,10,2.0,0.9708,4,1.97,0.9563,4,0
IWM190920P158,2019-09-16,2019-09-16 09:30:14,2.0,0.9708,43,1.93,0.9368,233,2.0,0.9708,4,1.965,0.9538,4,0
IWM190920P158,2019-09-16,2019-09-16 09:30:15,1.99,0.966,221,1.94,0.9417,118,2.0,0.9708,4,1.965,0.9538,4,0
IWM190920P158,2019-09-16,2019-09-16 09:30:15,2.0,0.9708,43,1.94,0.9417,275,2.0,0.9708,4,1.97,0.9563,4,0
IWM190920P158,2019-09-16,2019-09-16 09:30:16,1.97,0.9563,128,1.91,0.9271,274,2.0,0.9708,4,1.94,0.9417,4,0
IWM190920P158,2019-09-16,2019-09-16 09:30:16,1.99,0.966,312,1.91,0.9271,254,2.0,0.9708,4,1.95,0.9466,4,0
IWM190920P158,2019-09-16,2019-09-16 09:30:17,1.97,0.9563,82,1.91,0.9271,45,2.0,0.9708,4,1.94,0.9417,4,0
IWM190920P158,2019-09-16,2019-09-16 09:30:18,1.96,0.9514,112,1.9,0.9223,163,2.0,0.9708,4,1.93,0.9368,4,0
IWM190920P158,2019-09-16,2019-09-16 09:30:18,1.97,0.9563,183,1.9,0.9223,275,2.0,0.9708,4,1.935,0.9393,4,0
IWM190920P158,2019-09-16,2019-09-16 09:30:19,1.93,0.9368,128,1.87,0.9077,65,2.0,0.9708,4,1.9,0.9223,4,0
IWM190920P158,2019-09-16,2019-09-16 09:30:19,1.96,0.9514,237,1.9,0.9223,84,2.0,0.9708,4,1.93,0.9368,4,0
IWM190920P158,2019-09-16,2019-09-16 09:30:20,1.93,0.9368,213,1.85,0.898,287,2.0,0.9708,4,1.89,0.9174,4,0
IWM190920P158,2019-09-16,2019-09-16 09:30:20,1.93,0.9368,213,1.87,0.9077,5,2.0,0.9708,4,1.9,0.9223,4,0
IWM190920P158,2019-09-16,2019-09-16 09:30:21,1.93,0.9368,303,1.85,0.898,284,2.0,0.9708,4,1.89,0.9174,4,0
IWM190920P158,2019-09-16,2019-09-16 09:30:22,1.92,0.932,121,1.85,0.898,284,2.0,0.9708,4,1.885,0.915,4,0
IWM190920P158,2019-09-16,2019-09-16 09:30:22,1.92,0.932,170,1.85,0.898,284,2.0,0.9708,4,1.885,0.915,4,0
IWM190920P158,2019-09-16,2019-09-16 09:30:23,1.92,0.932,114,1.85,0.898,284,2.0,0.9708,4,1.885,0.915,4,0
IWM190920P158,2019-09-16,2019-09-16 09:30:23,1.92,0.932,226,1.85,0.898,172,2.0,0.9708,4,1.885,0.915,4,0
IWM190920P158,2019-09-16,2019-09-16 09:30:24,1.92,0.932,278,1.85,0.898,130,2.0,0.9708,4,1.885,0.915,4,0
IWM190920P158,2019-09-16,2019-09-16 09:30:24,1.92,0.932,278,1.84,0.8932,289,2.0,0.9708,4,1.88,0.9126,4,0
IWM190920P158,2019-09-16,2019-09-16 09:30:25,1.9,0.9223,20,1.86,0.9029,13,2.0,0.9708,4,1.88,0.9126,4,0
IWM190920P158,2019-09-16,2019-09-16 09:30:25,1.9,0.9223,20,1.86,0.9029,61,2.0,0.9708,4,1.88,0.9126,4,0
IWM190920P158,2019-09-16,2019-09-16 09:30:26,1.9,0.9223,35,1.86,0.9029,22,2.0,0.9708,4,1.88,0.9126,4,0
IWM190920P158,2019-09-16,2019-09-16 09:30:27,1.9,0.9223,13,1.86,0.9029,13,2.0,0.9708,4,1.88,0.9126,4,0
IWM190920P158,2019-09-16,2019-09-16 09:30:27,1.9,0.9223,18,1.87,0.9077,13,2.0,0.9708,4,1.885,0.915,4,0
IWM190920P158,2019-09-16,2019-09-16 09:30:28,1.9,0.9223,64,1.87,0.9077,13,2.0,0.9708,4,1.885,0.915,4,0
IWM190920P158,2019-09-16,2019-09-16 09:30:28,1.9,0.9223,18,1.87,0.9077,13,2.0,0.9708,4,1.885,0.915,4,0
IWM190920P158,2019-09-16,2019-09-16 09:30:29,1.89,0.9174,13,1.86,0.9029,13,2.0,0.9708,4,1.875,0.9101,4,0
IWM190920P158,2019-09-16,2019-09-16 09:30:29,1.9,0.9223,38,1.86,0.9029,19,2.0,0.9708,4,1.88,0.9126,4,0
IWM190920P158,2019-09-16,2019-09-16 09:30:30,1.9,0.9223,22,1.86,0.9029,13,2.0,0.9708,4,1.88,0.9126,4,0
IWM190920P158,2019-09-16,2019-09-16 09:30:30,1.9,0.9223,17,1.87,0.9077,13,2.0,0.9708,4,1.885,0.915,4,0
IWM190920P158,2019-09-16,2019-09-16 09:30:31,1.89,0.9174,13,1.86,0.9029,13,2.0,0.9708,4,1.875,0.9101,4,0
IWM190920P158,2019-09-16,2019-09-16 09:30:31,1.89,0.9174,13,1.85,0.898,13,2.0,0.9708,4,1.87,0.9077,4,0
IWM190920P158,2019-09-16,2019-09-16 09:30:32,1.89,0.9174,13,1.86,0.9029,27,2.0,0.9708,4,1.875,0.9101,4,0
IWM190920P158,2019-09-16,2019-09-16 09:30:33,1.89,0.9174,13,1.86,0.9029,27,2.0,0.9708,4,1.875,0.9101,4,0
IWM190920P158,2019-09-16,2019-09-16 09:30:34,1.89,0.9174,13,1.86,0.9029,27,2.0,0.9708,4,1.875,0.9101,4,0
IWM190920P158,2019-09-16,2019-09-16 09:30:35,1.89,0.9174,17,1.86,0.9029,29,1.86,0.9029,22,1.875,0.9101,54,50
IWM190920P158,2019-09-16,2019-09-16 09:30:35,1.9,0.9223,58,1.86,0.9029,29,1.86,0.9029,22,1.88,0.9126,54,0
IWM190920P158,2019-09-16,2019-09-16 09:30:36,1.89,0.9174,16,1.86,0.9029,29,1.86,0.9029,22,1.875,0.9101,54,0
IWM190920P158,2019-09-16,2019-09-16 09:30:36,1.89,0.9174,13,1.86,0.9029,69,1.86,0.9029,22,1.875,0.9101,54,0
IWM190920P158,2019-09-16,2019-09-16 09:30:37,1.92,0.932,52,1.89,0.9174,13,1.86,0.9029,22,1.905,0.9247,54,0
IWM190920P158,2019-09-16,2019-09-16 09:30:37,1.9,0.9223,17,1.87,0.9077,25,1.86,0.9029,22,1.885,0.915,54,0
IWM190920P158,2019-09-16,2019-09-16 09:30:38,1.92,0.932,79,1.88,0.9126,13,1.86,0.9029,22,1.9,0.9223,54,0
IWM190920P158,2019-09-16,2019-09-16 09:30:38,1.92,0.932,79,1.89,0.9174,13,1.86,0.9029,22,1.905,0.9247,54,0
IWM190920P158,2019-09-16,2019-09-16 09:30:39,1.92,0.932,26,1.89,0.9174,23,1.86,0.9029,22,1.905,0.9247,54,0
IWM190920P158,2019-09-16,2019-09-16 09:30:39,1.92,0.932,79,1.89,0.9174,13,1.86,0.9029,22,1.905,0.9247,54,0
IWM190920P158,2019-09-16,2019-09-16 09:30:40,1.92,0.932,26,1.9,0.9223,13,1.86,0.9029,22,1.91,0.9271,54,0
IWM190920P158,2019-09-16,2019-09-16 09:30:41,1.92,0.932,39,1.9,0.9223,13,1.86,0.9029,22,1.91,0.9271,54,0
IWM190920P158,2019-09-16,2019-09-16 09:30:41,1.94,0.9417,3,1.91,0.9271,13,1.86,0.9029,22,1.925,0.9344,54,0
IWM190920P158,2019-09-16,2019-09-16 09:30:42,1.95,0.9466,13,1.92,0.932,13,1.86,0.9029,22,1.935,0.9393,54,0
IWM190920P158,2019-09-16,2019-09-16 09:30:43,1.95,0.9466,22,1.91,0.9271,23,1.86,0.9029,22,1.93,0.9368,54,0
IWM190920P158,2019-09-16,2019-09-16 09:30:43,1.95,0.9466,22,1.91,0.9271,36,1.86,0.9029,22,1.93,0.9368,54,0
IWM190920P158,2019-09-16,2019-09-16 09:30:44,1.95,0.9466,22,1.91,0.9271,36,1.86,0.9029,22,1.93,0.9368,54,0
IWM190920P158,2019-09-16,2019-09-16 09:30:44,1.95,0.9466,22,1.91,0.9271,54,1.86,0.9029,22,1.93,0.9368,54,0
IWM190920P158,2019-09-16,2019-09-16 09:30:45,1.97,0.9563,13,1.94,0.9417,13,1.86,0.9029,22,1.955,0.949,54,0
IWM190920P158,2019-09-16,2019-09-16 09:30:45,1.95,0.9466,13,1.92,0.932,13,1.86,0.9029,22,1.935,0.9393,54,0
IWM190920P158,2019-09-16,2019-09-16 09:30:46,1.97,0.9563,13,1.94,0.9417,63,1.86,0.9029,22,1.955,0.949,54,0
IWM190920P158,2019-09-16,2019-09-16 09:30:47,1.97,0.9563,13,1.94,0.9417,63,1.86,0.9029,22,1.955,0.949,54,0
IWM190920P158,2019-09-16,2019-09-16 09:30:48,1.98,0.9611,51,1.94,0.9417,38,1.86,0.9029,22,1.96,0.9514,54,0
IWM190920P158,2019-09-16,2019-09-16 09:30:48,1.98,0.9611,51,1.94,0.9417,48,1.86,0.9029,22,1.96,0.9514,54,0
IWM190920P158,2019-09-16,2019-09-16 09:30:49,1.97,0.9563,13,1.94,0.9417,63,1.86,0.9029,22,1.955,0.949,54,0
IWM190920P158,2019-09-16,2019-09-16 09:30:49,1.98,0.9611,51,1.94,0.9417,97,1.86,0.9029,22,1.96,0.9514,54,0
IWM190920P158,2019-09-16,2019-09-16 09:30:50,1.97,0.9563,13,1.94,0.9417,110,1.86,0.9029,22,1.955,0.949,54,0
IWM190920P158,2019-09-16,2019-09-16 09:30:50,1.97,0.9563,13,1.94,0.9417,90,1.86,0.9029,22,1.955,0.949,54,0
IWM190920P158,2019-09-16,2019-09-16 09:30:51,2.02,0.9805,19,2.0,0.9708,13,2.0,0.9708,2,2.01,0.9757,57,3
IWM190920P158,2019-09-16,2019-09-16 09:30:51,2.0,0.9708,2,1.98,0.9611,13,1.86,0.9029,22,1.99,0.966,54,0
IWM190920P158,2019-09-16,2019-09-16 09:30:52,2.01,0.9757,13,1.97,0.9563,13,2.0,0.9708,1,1.99,0.966,58,1
IWM190920P158,2019-09-16,2019-09-16 09:30:52,2.0,0.9708,13,1.97,0.9563,37,2.0,0.9708,1,1.985,0.9635,58,0
IWM190920P158,2019-09-16,2019-09-16 09:30:53,2.01,0.9757,20,1.98,0.9611,20,2.0,0.9708,1,1.995,0.9684,58,0
IWM190920P158,2019-09-16,2019-09-16 09:30:53,2.01,0.9757,13,1.97,0.9563,49,2.0,0.9708,1,1.99,0.966,58,0
IWM190920P158,2019-09-16,2019-09-16 09:30:54,2.02,0.9805,15,1.98,0.9611,26,2.0,0.9708,1,2.0,0.9708,58,0
IWM190920P158,2019-09-16,2019-09-16 09:30:55,2.02,0.9805,15,1.98,0.9611,20,2.0,0.9708,1,2.0,0.9708,58,0
IWM190920P158,2019-09-16,2019-09-16 09:30:55,2.02,0.9805,15,1.98,0.9611,26,2.0,0.9708,1,2.0,0.9708,58,0
IWM190920P158,2019-09-16,2019-09-16 09:30:56,1.99,0.966,13,1.95,0.9466,13,2.0,0.9708,1,1.97,0.9563,58,0
IWM190920P158,2019-09-16,2019-09-16 09:30:57,1.99,0.966,13,1.96,0.9514,13,2.0,0.9708,1,1.975,0.9587,58,0
IWM190920P158,2019-09-16,2019-09-16 09:30:57,1.99,0.966,13,1.96,0.9514,20,2.0,0.9708,1,1.975,0.9587,58,0
IWM190920P158,2019-09-16,2019-09-16 09:30:58,1.99,0.966,13,1.95,0.9466,25,2.0,0.9708,1,1.97,0.9563,58,0
IWM190920P158,2019-09-16,2019-09-16 09:30:58,2.0,0.9708,13,1.97,0.9563,13,2.0,0.9708,1,1.985,0.9635,58,0
IWM190920P158,2019-09-16,2019-09-16 09:30:59,2.01,0.9757,38,1.98,0.9611,20,2.0,0.9708,1,1.995,0.9684,58,0
IWM190920P158,2019-09-16,2019-09-16 09:30:59,2.01,0.9757,38,1.98,0.9611,13,2.0,0.9708,1,1.995,0.9684,58,0
IWM190920P158,2019-09-16,2019-09-16 09:31:00,2.01,0.9757,38,1.98,0.9611,30,2.0,0.9708,1,1.995,0.9684,58,0
IWM190920P158,2019-09-16,2019-09-16 09:31:00,2.01,0.9757,25,1.99,0.966,22,2.0,0.9708,1,2.0,0.9708,58,0
IWM190920P158,2019-09-16,2019-09-16 09:31:01,2.01,0.9757,25,1.99,0.966,88,2.0,0.9708,1,2.0,0.9708,58,0
IWM190920P158,2019-09-16,2019-09-16 09:31:01,2.01,0.9757,25,1.99,0.966,13,2.0,0.9708,1,2.0,0.9708,58,0
IWM190920P158,2019-09-16,2019-09-16 09:31:02,2.01,0.9757,25,1.99,0.966,13,2.0,0.9708,1,2.0,0.9708,58,0
IWM190920P158,2019-09-16,2019-09-16 09:31:03,2.01,0.9757,38,1.97,0.9563,23,2.0,0.9708,1,1.99,0.966,58,0
IWM190920P158,2019-09-16,2019-09-16 09:31:03,2.01,0.9757,25,1.99,0.966,13,2.0,0.9708,1,2.0,0.9708,58,0
IWM190920P158,2019-09-16,2019-09-16 09:31:04,2.0,0.9708,10,1.95,0.9466,13,2.0,0.9708,1,1.975,0.9587,58,0
IWM190920P158,2019-09-16,2019-09-16 09:31:04,2.0,0.9708,17,1.95,0.9466,247,2.0,0.9708,1,1.975,0.9587,58,0
IWM190920P158,2019-09-16,2019-09-16 09:31:05,2.02,0.9805,15,1.99,0.966,26,2.0,0.9708,1,2.005,0.9733,58,0
IWM190920P158,2019-09-16,2019-09-16 09:31:05,2.0,0.9708,29,1.97,0.9563,20,2.0,0.9708,1,1.985,0.9635,58,0
IWM190920P158,2019-09-16,2019-09-16 09:31:06,2.02,0.9805,23,2.0,0.9708,13,2.0,0.9708,1,2.01,0.9757,58,0
IWM190920P158,2019-09-16,2019-09-16 09:31:06,2.03,0.9854,36,2.0,0.9708,13,2.0,0.9708,1,2.015,0.9781,58,0
IWM190920P158,2019-09-16,2019-09-16 09:31:07,2.04,0.9902,32,2.02,0.9805,13,2.01,0.9757,2,2.03,0.9854,60,0
IWM190920P158,2019-09-16,2019-09-16 09:31:07,2.04,0.9902,32,2.01,0.9757,20,2.01,0.9757,2,2.025,0.983,60,2
IWM190920P158,2019-09-16,2019-09-16 09:31:08,2.05,0.9951,15,2.03,0.9854,20,2.01,0.9757,2,2.04,0.9902,60,0
IWM190920P158,2019-09-16,2019-09-16 09:31:08,2.05,0.9951,15,2.03,0.9854,13,2.01,0.9757,2,2.04,0.9902,60,0
IWM190920P158,2019-09-16,2019-09-16 09:31:09,2.05,0.9951,15,2.03,0.9854,26,2.01,0.9757,2,2.04,0.9902,60,0
IWM190920P158,2019-09-16,2019-09-16 09:31:09,2.06,1.0,25,2.03,0.9854,13,2.01,0.9757,2,2.045,0.9927,60,0
IWM190920P158,2019-09-16,2019-09-16 09:31:10,2.06,1.0,25,2.03,0.9854,20,2.01,0.9757,2,2.045,0.9927,60,0
IWM190920P158,2019-09-16,2019-09-16 09:31:10,2.06,1.0,25,2.03,0.9854,13,2.01,0.9757,2,2.045,0.9927,60,0
IWM190920P158,2019-09-16,2019-09-16 09:31:11,2.05,0.9951,17,1.99,0.966,13,2.01,0.9757,2,2.02,0.9805,60,0
IWM190920P158,2019-09-16,2019-09-16 09:31:12,2.04,0.9902,37,2.01,0.9757,13,2.01,0.9757,2,2.025,0.983,60,0
IWM190920P158,2019-09-16,2019-09-16 09:31:12,2.04,0.9902,13,2.01,0.9757,13,2.01,0.9757,2,2.025,0.983,60,0
IWM190920P158,2019-09-16,2019-09-16 09:31:13,2.04,0.9902,32,2.01,0.9757,13,2.01,0.9757,2,2.025,0.983,60,0
IWM190920P158,2019-09-16,2019-09-16 09:31:13,2.05,0.9951,21,2.02,0.9805,13,2.01,0.9757,2,2.035,0.9878,60,0
IWM190920P158,2019-09-16,2019-09-16 09:31:14,2.04,0.9902,39,2.01,0.9757,13,2.01,0.9757,2,2.025,0.983,60,0
IWM190920P158,2019-09-16,2019-09-16 09:31:14,2.04,0.9902,39,2.01,0.9757,20,2.01,0.9757,2,2.025,0.983,60,0
IWM190920P158,2019-09-16,2019-09-16 09:31:15,2.03,0.9854,22,2.0,0.9708,13,2.01,0.9757,2,2.015,0.9781,60,0
IWM190920P158,2019-09-16,2019-09-16 09:31:15,2.04,0.9902,8,2.0,0.9708,13,2.01,0.9757,2,2.02,0.9805,60,0
IWM190920P158,2019-09-16,2019-09-16 09:31:16,2.04,0.9902,22,2.01,0.9757,13,2.01,0.9757,2,2.025,0.983,60,0
IWM190920P158,2019-09-16,2019-09-16 09:31:17,2.04,0.9902,22,2.01,0.9757,13,2.01,0.9757,2,2.025,0.983,60,0
IWM190920P158,2019-09-16,2019-09-16 09:31:17,2.05,0.9951,38,2.02,0.9805,13,2.01,0.9757,2,2.035,0.9878,60,0
IWM190920P158,2019-09-16,2019-09-16 09:31:18,2.06,1.0,12,2.04,0.9902,13,2.01,0.9757,2,2.05,0.9951,60,0
IWM190920P158,2019-09-16,2019-09-16 09:31:18,2.06,1.0,27,2.03,0.9854,20,2.01,0.9757,2,2.045,0.9927,60,0
IWM190920P158,2019-09-16,2019-09-16 09:31:19,2.06,1.0,21,2.04,0.9902,20,2.01,0.9757,2,2.05,0.9951,60,0
IWM190920P158,2019-09-16,2019-09-16 09:31:19,2.06,1.0,21,2.05,0.9951,13,2.01,0.9757,2,2.055,0.9975,60,0
IWM190920P158,2019-09-16,2019-09-16 09:31:20,2.06,1.0,21,2.05,0.9951,13,2.01,0.9757,2,2.055,0.9975,60,0
IWM190920P158,2019-09-16,2019-09-16 09:31:20,2.08,1.0097,43,2.05,0.9951,13,2.01,0.9757,2,2.065,1.0024,60,0
IWM190920P158,2019-09-16,2019-09-16 09:31:21,2.07,1.0048,22,2.02,0.9805,13,2.01,0.9757,2,2.045,0.9927,60,0
IWM190920P158,2019-09-16,2019-09-16 09:31:21,2.08,1.0097,43,2.05,0.9951,13,2.01,0.9757,2,2.065,1.0024,60,0
IWM190920P158,2019-09-16,2019-09-16 09:31:22,2.07,1.0048,22,2.02,0.9805,13,2.01,0.9757,2,2.045,0.9927,60,0
IWM190920P158,2019-09-16,2019-09-16 09:31:22,2.06,1.0,13,2.03,0.9854,20,2.06,1.0,50,2.045,0.9927,110,50
IWM190920P158,2019-09-16,2019-09-16 09:31:23,2.05,0.9951,13,2.02,0.9805,13,2.06,1.0,50,2.035,0.9878,110,0
IWM190920P158,2019-09-16,2019-09-16 09:31:23,2.04,0.9902,13,1.99,0.966,13,2.06,1.0,50,2.015,0.9781,110,0
IWM190920P158,2019-09-16,2019-09-16 09:31:24,2.05,0.9951,105,2.02,0.9805,13,2.06,1.0,50,2.035,0.9878,110,0
IWM190920P158,2019-09-16,2019-09-16 09:31:24,2.04,0.9902,18,1.99,0.966,60,2.06,1.0,50,2.015,0.9781,110,0
IWM190920P158,2019-09-16,2019-09-16 09:31:25,2.05,0.9951,23,1.99,0.966,22,2.06,1.0,50,2.02,0.9805,110,0
IWM190920P158,2019-09-16,2019-09-16 09:31:25,2.04,0.9902,13,2.0,0.9708,20,2.06,1.0,50,2.02,0.9805,110,0
IWM190920P158,2019-09-16,2019-09-16 09:31:26,2.05,0.9951,112,1.99,0.966,10,2.02,0.9805,1,2.02,0.9805,111,0
IWM190920P158,2019-09-16,2019-09-16 09:31:26,2.05,0.9951,143,2.0,0.9708,20,2.02,0.9805,1,2.025,0.983,111,1
IWM190920P158,2019-09-16,2019-09-16 09:31:27,2.05,0.9951,22,2.02,0.9805,20,2.02,0.9805,1,2.035,0.9878,112,1
IWM190920P158,2019-09-16,2019-09-16 09:31:27,2.05,0.9951,22,2.02,0.9805,1,2.02,0.9805,1,2.035,0.9878,112,0
IWM190920P158,2019-09-16,2019-09-16 09:31:28,2.05,0.9951,32,2.01,0.9757,22,2.02,0.9805,1,2.03,0.9854,112,0
IWM190920P158,2019-09-16,2019-09-16 09:31:29,2.05,0.9951,21,2.01,0.9757,22,2.02,0.9805,1,2.03,0.9854,112,0
IWM190920P158,2019-09-16,2019-09-16 09:31:29,2.05,0.9951,43,2.01,0.9757,22,2.02,0.9805,1,2.03,0.9854,112,0
IWM190920P158,2019-09-16,2019-09-16 09:31:30,2.06,1.0,51,2.03,0.9854,13,2.02,0.9805,1,2.045,0.9927,112,0
IWM190920P158,2019-09-16,2019-09-16 09:31:30,2.06,1.0,74,2.02,0.9805,26,2.02,0.9805,1,2.04,0.9902,112,0
IWM190920P158,2019-09-16,2019-09-16 09:31:31,2.06,1.0,41,2.03,0.9854,13,2.02,0.9805,1,2.045,0.9927,112,0
IWM190920P158,2019-09-16,2019-09-16 09:31:31,2.06,1.0,41,2.03,0.9854,20,2.02,0.9805,1,2.045,0.9927,112,0
IWM190920P158,2019-09-16,2019-09-16 09:31:32,2.05,0.9951,18,2.01,0.9757,13,2.02,0.9805,1,2.03,0.9854,112,0
IWM190920P158,2019-09-16,2019-09-16 09:31:32,2.05,0.9951,25,2.03,0.9854,20,2.02,0.9805,1,2.04,0.9902,112,0
IWM190920P158,2019-09-16,2019-09-16 09:31:33,2.05,0.9951,25,2.02,0.9805,13,2.02,0.9805,1,2.035,0.9878,112,0
IWM190920P158,2019-09-16,2019-09-16 09:31:34,2.05,0.9951,25,2.02,0.9805,22,2.02,0.9805,1,2.035,0.9878,112,0
IWM190920P158,2019-09-16,2019-09-16 09:31:35,2.05,0.9951,25,2.02,0.9805,26,2.02,0.9805,1,2.035,0.9878,112,0
IWM190920P158,2019-09-16,2019-09-16 09:31:36,2.05,0.9951,25,2.02,0.9805,26,2.02,0.9805,1,2.035,0.9878,112,0
IWM190920P158,2019-09-16,2019-09-16 09:31:36,2.05,0.9951,25,2.02,0.9805,36,2.02,0.9805,1,2.035,0.9878,112,0
IWM190920P158,2019-09-16,2019-09-16 09:31:37,2.06,1.0,5,2.04,0.9902,13,2.02,0.9805,1,2.05,0.9951,112,0
IWM190920P158,2019-09-16,2019-09-16 09:31:37,2.08,1.0097,30,2.05,0.9951,20,2.02,0.9805,1,2.065,1.0024,112,0
IWM190920P158,2019-09-16,2019-09-16 09:31:38,2.08,1.0097,50,2.05,0.9951,20,2.02,0.9805,1,2.065,1.0024,112,0
IWM190920P158,2019-09-16,2019-09-16 09:31:38,2.08,1.0097,75,2.05,0.9951,26,2.02,0.9805,1,2.065,1.0024,112,0
IWM190920P158,2019-09-16,2019-09-16 09:31:39,2.08,1.0097,75,2.05,0.9951,53,2.02,0.9805,1,2.065,1.0024,112,0
IWM190920P158,2019-09-16,2019-09-16 09:31:39,2.08,1.0097,75,2.05,0.9951,43,2.02,0.9805,1,2.065,1.0024,112,0
IWM190920P158,2019-09-16,2019-09-16 09:31:40,2.08,1.0097,50,2.05,0.9951,43,2.02,0.9805,1,2.065,1.0024,112,0
IWM190920P158,2019-09-16,2019-09-16 09:31:40,2.08,1.0097,50,2.05,0.9951,53,2.02,0.9805,1,2.065,1.0024,112,0
IWM190920P158,2019-09-16,2019-09-16 09:31:41,2.09,1.0145,41,2.06,1.0,16,2.02,0.9805,1,2.075,1.0072,112,0
IWM190920P158,2019-09-16,2019-09-16 09:31:41,2.09,1.0145,46,2.06,1.0,13,2.02,0.9805,1,2.075,1.0072,112,0
IWM190920P158,2019-09-16,2019-09-16 09:31:42,2.09,1.0145,21,2.06,1.0,16,2.02,0.9805,1,2.075,1.0072,112,0
IWM190920P158,2019-09-16,2019-09-16 09:31:43,2.09,1.0145,21,2.07,1.0048,20,2.02,0.9805,1,2.08,1.0097,112,0
IWM190920P158,2019-09-16,2019-09-16 09:31:43,2.09,1.0145,21,2.06,1.0,39,2.02,0.9805,1,2.075,1.0072,112,0
IWM190920P158,2019-09-16,2019-09-16 09:31:44,2.09,1.0145,21,2.07,1.0048,20,2.02,0.9805,1,2.08,1.0097,112,0
IWM190920P158,2019-09-16,2019-09-16 09:31:44,2.09,1.0145,36,2.07,1.0048,26,2.02,0.9805,1,2.08,1.0097,112,0
IWM190920P158,2019-09-16,2019-09-16 09:31:45,2.09,1.0145,36,2.07,1.0048,26,2.02,0.9805,1,2.08,1.0097,112,0
IWM190920P158,2019-09-16,2019-09-16 09:31:45,2.09,1.0145,37,2.05,0.9951,13,2.02,0.9805,1,2.07,1.0048,112,0
IWM190920P158,2019-09-16,2019-09-16 09:31:46,2.09,1.0145,37,2.05,0.9951,13,2.02,0.9805,1,2.07,1.0048,112,0
IWM190920P158,2019-09-16,2019-09-16 09:31:46,2.09,1.0145,37,2.07,1.0048,20,2.02,0.9805,1,2.08,1.0097,112,0
IWM190920P158,2019-09-16,2019-09-16 09:31:47,2.1,1.0194,18,2.07,1.0048,30,2.02,0.9805,1,2.085,1.0121,112,0
IWM190920P158,2019-09-16,2019-09-16 09:31:47,2.1,1.0194,18,2.08,1.0097,13,2.02,0.9805,1,2.09,1.0145,112,0
IWM190920P158,2019-09-16,2019-09-16 09:31:48,2.1,1.0194,35,2.07,1.0048,13,2.02,0.9805,1,2.085,1.0121,112,0
IWM190920P158,2019-09-16,2019-09-16 09:31:49,2.09,1.0145,1,2.07,1.0048,13,2.09,1.0145,1,2.08,1.0097,113,1
IWM190920P158,2019-09-16,2019-09-16 09:31:49,2.1,1.0194,35,2.07,1.0048,13,2.09,1.0145,1,2.085,1.0121,113,0
IWM190920P158,2019-09-16,2019-09-16 09:31:50,2.1,1.0194,42,2.07,1.0048,26,2.09,1.0145,1,2.085,1.0121,113,0
IWM190920P158,2019-09-16,2019-09-16 09:31:50,2.1,1.0194,42,2.07,1.0048,20,2.09,1.0145,1,2.085,1.0121,113,0
IWM190920P158,2019-09-16,2019-09-16 09:31:51,2.1,1.0194,42,2.07,1.0048,26,2.09,1.0145,1,2.085,1.0121,113,0
IWM190920P158,2019-09-16,2019-09-16 09:31:52,2.11,1.0242,11,2.07,1.0048,26,2.09,1.0145,1,2.09,1.0145,113,0
IWM190920P158,2019-09-16,2019-09-16 09:31:52,2.1,1.0194,42,2.07,1.0048,26,2.09,1.0145,1,2.085,1.0121,113,0
IWM190920P158,2019-09-16,2019-09-16 09:31:53,2.11,1.0242,20,2.08,1.0097,26,2.09,1.0145,1,2.095,1.0169,113,0
IWM190920P158,2019-09-16,2019-09-16 09:31:54,2.11,1.0242,1,2.09,1.0145,13,2.09,1.0145,1,2.1,1.0194,113,0
IWM190920P158,2019-09-16,2019-09-16 09:31:54,2.11,1.0242,11,2.09,1.0145,13,2.09,1.0145,1,2.1,1.0194,113,0
IWM190920P158,2019-09-16,2019-09-16 09:31:55,2.14,1.0388,13,2.11,1.0242,20,2.11,1.0242,1,2.125,1.0315,115,2
IWM190920P158,2019-09-16,2019-09-16 09:31:55,2.14,1.0388,13,2.11,1.0242,20,2.11,1.0242,1,2.125,1.0315,115,0
IWM190920P158,2019-09-16,2019-09-16 09:31:56,2.14,1.0388,18,2.11,1.0242,20,2.11,1.0242,1,2.125,1.0315,115,0
IWM190920P158,2019-09-16,2019-09-16 09:31:57,2.14,1.0388,18,2.11,1.0242,20,2.11,1.0242,1,2.125,1.0315,115,0
IWM190920P158,2019-09-16,2019-09-16 09:31:57,2.15,1.0436,134,2.12,1.0291,20,2.11,1.0242,1,2.135,1.0364,115,0
IWM190920P158,2019-09-16,2019-09-16 09:31:58,2.17,1.0533,44,2.13,1.0339,20,2.11,1.0242,1,2.15,1.0436,115,0
IWM190920P158,2019-09-16,2019-09-16 09:31:58,2.16,1.0485,10,2.13,1.0339,20,2.11,1.0242,1,2.145,1.0412,115,0
IWM190920P158,2019-09-16,2019-09-16 09:31:59,2.13,1.0339,14,2.1,1.0194,13,2.11,1.0242,1,2.115,1.0266,115,0
IWM190920P158,2019-09-16,2019-09-16 09:31:59,2.15,1.0436,13,2.11,1.0242,13,2.11,1.0242,1,2.13,1.0339,115,0
IWM190920P158,2019-09-16,2019-09-16 09:32:00,2.15,1.0436,44,2.1,1.0194,29,2.11,1.0242,1,2.125,1.0315,115,0
IWM190920P158,2019-09-16,2019-09-16 09:32:00,2.15,1.0436,78,2.12,1.0291,13,2.11,1.0242,1,2.135,1.0364,115,0
IWM190920P158,2019-09-16,2019-09-16 09:32:01,2.16,1.0485,2,2.13,1.0339,25,2.11,1.0242,1,2.145,1.0412,115,0
IWM190920P158,2019-09-16,2019-09-16 09:32:01,2.15,1.0436,13,2.12,1.0291,20,2.11,1.0242,1,2.135,1.0364,115,0
IWM190920P158,2019-09-16,2019-09-16 09:32:02,2.18,1.0582,69,2.14,1.0388,20,2.11,1.0242,1,2.16,1.0485,115,0
IWM190920P158,2019-09-16,2019-09-16 09:32:02,2.17,1.0533,18,2.14,1.0388,13,2.11,1.0242,1,2.155,1.0461,115,0
IWM190920P158,2019-09-16,2019-09-16 09:32:03,2.18,1.0582,121,2.15,1.0436,13,2.11,1.0242,1,2.165,1.0509,115,0
IWM190920P158,2019-09-16,2019-09-16 09:32:03,2.18,1.0582,121,2.14,1.0388,20,2.11,1.0242,1,2.16,1.0485,115,0
IWM190920P158,2019-09-16,2019-09-16 09:32:04,2.18,1.0582,36,2.15,1.0436,13,2.11,1.0242,1,2.165,1.0509,115,0
IWM190920P158,2019-09-16,2019-09-16 09:32:04,2.18,1.0582,51,2.15,1.0436,13,2.11,1.0242,1,2.165,1.0509,115,0
IWM190920P158,2019-09-16,2019-09-16 09:32:05,2.19,1.0631,18,2.15,1.0436,31,2.11,1.0242,1,2.17,1.0533,115,0
IWM190920P158,2019-09-16,2019-09-16 09:32:05,2.18,1.0582,18,2.15,1.0436,13,2.11,1.0242,1,2.165,1.0509,115,0
IWM190920P158,2019-09-16,2019-09-16 09:32:06,2.18,1.0582,13,2.15,1.0436,13,2.11,1.0242,1,2.165,1.0509,115,0
IWM190920P158,2019-09-16,2019-09-16 09:32:06,2.19,1.0631,79,2.15,1.0436,26,2.11,1.0242,1,2.17,1.0533,115,0
IWM190920P158,2019-09-16,2019-09-16 09:32:07,2.18,1.0582,24,2.15,1.0436,26,2.11,1.0242,1,2.165,1.0509,115,0
IWM190920P158,2019-09-16,2019-09-16 09:32:07,2.17,1.0533,13,2.14,1.0388,13,2.11,1.0242,1,2.155,1.0461,115,0
IWM190920P158,2019-09-16,2019-09-16 09:32:08,2.18,1.0582,17,2.14,1.0388,20,2.11,1.0242,1,2.16,1.0485,115,0
IWM190920P158,2019-09-16,2019-09-16 09:32:08,2.17,1.0533,18,2.14,1.0388,13,2.11,1.0242,1,2.155,1.0461,115,0
IWM190920P158,2019-09-16,2019-09-16 09:32:09,2.18,1.0582,23,2.14,1.0388,18,2.11,1.0242,1,2.16,1.0485,115,0
IWM190920P158,2019-09-16,2019-09-16 09:32:10,2.17,1.0533,18,2.14,1.0388,18,2.11,1.0242,1,2.155,1.0461,115,0
IWM190920P158,2019-09-16,2019-09-16 09:32:10,2.17,1.0533,13,2.14,1.0388,18,2.11,1.0242,1,2.155,1.0461,115,0
IWM190920P158,2019-09-16,2019-09-16 09:32:11,2.17,1.0533,18,2.14,1.0388,18,2.11,1.0242,1,2.155,1.0461,115,0
IWM190920P158,2019-09-16,2019-09-16 09:32:11,2.18,1.0582,17,2.14,1.0388,18,2.11,1.0242,1,2.16,1.0485,115,0
IWM190920P158,2019-09-16,2019-09-16 09:32:12,2.18,1.0582,4,2.15,1.0436,20,2.11,1.0242,1,2.165,1.0509,115,0
IWM190920P158,2019-09-16,2019-09-16 09:32:12,2.18,1.0582,17,2.15,1.0436,20,2.11,1.0242,1,2.165,1.0509,115,0
IWM190920P158,2019-09-16,2019-09-16 09:32:13,2.19,1.0631,53,2.16,1.0485,20,2.11,1.0242,1,2.175,1.0558,115,0
IWM190920P158,2019-09-16,2019-09-16 09:32:14,2.19,1.0631,63,2.16,1.0485,27,2.11,1.0242,1,2.175,1.0558,115,0
IWM190920P158,2019-09-16,2019-09-16 09:32:14,2.19,1.0631,63,2.16,1.0485,20,2.11,1.0242,1,2.175,1.0558,115,0
IWM190920P158,2019-09-16,2019-09-16 09:32:15,2.18,1.0582,30,2.15,1.0436,67,2.11,1.0242,1,2.165,1.0509,115,0
IWM190920P158,2019-09-16,2019-09-16 09:32:15,2.18,1.0582,34,2.15,1.0436,67,2.11,1.0242,1,2.165,1.0509,115,0
IWM190920P158,2019-09-16,2019-09-16 09:32:16,2.17,1.0533,24,2.14,1.0388,23,2.11,1.0242,1,2.155,1.0461,115,0
IWM190920P158,2019-09-16,2019-09-16 09:32:16,2.16,1.0485,133,2.09,1.0145,197,2.11,1.0242,1,2.125,1.0315,115,0
IWM190920P158,2019-09-16,2019-09-16 09:32:17,2.16,1.0485,193,2.09,1.0145,303,2.11,1.0242,1,2.125,1.0315,115,0
IWM190920P158,2019-09-16,2019-09-16 09:32:17,2.15,1.0436,13,2.11,1.0242,32,2.11,1.0242,1,2.13,1.0339,115,0
IWM190920P158,2019-09-16,2019-09-16 09:32:18,2.15,1.0436,22,2.11,1.0242,48,2.11,1.0242,1,2.13,1.0339,115,0
IWM190920P158,2019-09-16,2019-09-16 09:32:19,2.16,1.0485,146,2.12,1.0291,20,2.11,1.0242,1,2.14,1.0388,115,0
IWM190920P158,2019-09-16,2019-09-16 09:32:19,2.16,1.0485,24,2.12,1.0291,20,2.11,1.0242,1,2.14,1.0388,115,0
IWM190920P158,2019-09-16,2019-09-16 09:32:20,2.16,1.0485,13,2.13,1.0339,20,2.11,1.0242,1,2.145,1.0412,115,0
IWM190920P158,2019-09-16,2019-09-16 09:32:21,2.15,1.0436,32,2.12,1.0291,13,2.11,1.0242,1,2.135,1.0364,115,0
IWM190920P158,2019-09-16,2019-09-16 09:32:21,2.15,1.0436,13,2.12,1.0291,13,2.11,1.0242,1,2.135,1.0364,115,0
IWM190920P158,2019-09-16,2019-09-16 09:32:22,2.15,1.0436,22,2.11,1.0242,13,2.11,1.0242,1,2.13,1.0339,115,0
IWM190920P158,2019-09-16,2019-09-16 09:32:22,2.15,1.0436,13,2.12,1.0291,13,2.11,1.0242,1,2.135,1.0364,115,0
IWM190920P158,2019-09-16,2019-09-16 09:32:23,2.14,1.0388,13,2.11,1.0242,13,2.11,1.0242,1,2.125,1.0315,115,0
IWM190920P158,2019-09-16,2019-09-16 09:32:24,2.15,1.0436,129,2.11,1.0242,20,2.11,1.0242,1,2.13,1.0339,115,0
IWM190920P158,2019-09-16,2019-09-16 09:32:24,2.15,1.0436,28,2.12,1.0291,10,2.11,1.0242,1,2.135,1.0364,115,0
IWM190920P158,2019-09-16,2019-09-16 09:32:25,2.14,1.0388,19,2.11,1.0242,19,2.11,1.0242,1,2.125,1.0315,115,0
IWM190920P158,2019-09-16,2019-09-16 09:32:25,2.15,1.0436,13,2.11,1.0242,13,2.11,1.0242,1,2.13,1.0339,115,0
IWM190920P158,2019-09-16,2019-09-16 09:32:26,2.13,1.0339,19,2.1,1.0194,37,2.11,1.0242,1,2.115,1.0266,115,0
IWM190920P158,2019-09-16,2019-09-16 09:32:26,2.14,1.0388,16,2.11,1.0242,13,2.11,1.0242,1,2.125,1.0315,115,0
IWM190920P158,2019-09-16,2019-09-16 09:32:27,2.14,1.0388,21,2.11,1.0242,19,2.11,1.0242,1,2.125,1.0315,115,0
IWM190920P158,2019-09-16,2019-09-16 09:32:28,2.13,1.0339,19,2.1,1.0194,19,2.11,1.0242,1,2.115,1.0266,115,0
IWM190920P158,2019-09-16,2019-09-16 09:32:28,2.14,1.0388,21,2.11,1.0242,10,2.11,1.0242,1,2.125,1.0315,115,0
IWM190920P158,2019-09-16,2019-09-16 09:32:29,2.12,1.0291,19,2.1,1.0194,10,2.11,1.0242,1,2.11,1.0242,115,0
IWM190920P158,2019-09-16,2019-09-16 09:32:29,2.13,1.0339,20,2.1,1.0194,1,2.11,1.0242,1,2.115,1.0266,115,0
IWM190920P158,2019-09-16,2019-09-16 09:32:30,2.12,1.0291,15,2.1,1.0194,10,2.11,1.0242,1,2.11,1.0242,115,0
IWM190920P158,2019-09-16,2019-09-16 09:32:31,2.12,1.0291,20,2.09,1.0145,14,2.11,1.0242,1,2.105,1.0218,115,0
IWM190920P158,2019-09-16,2019-09-16 09:32:31,2.12,1.0291,15,2.1,1.0194,10,2.11,1.0242,1,2.11,1.0242,115,0
IWM190920P158,2019-09-16,2019-09-16 09:32:32,2.11,1.0242,15,2.09,1.0145,1,2.11,1.0242,1,2.1,1.0194,115,0
IWM190920P158,2019-09-16,2019-09-16 09:32:32,2.12,1.0291,15,2.1,1.0194,1,2.11,1.0242,1,2.11,1.0242,115,0
IWM190920P158,2019-09-16,2019-09-16 09:32:33,2.11,1.0242,15,2.09,1.0145,1,2.11,1.0242,1,2.1,1.0194,115,0
IWM190920P158,2019-09-16,2019-09-16 09:32:33,2.12,1.0291,24,2.09,1.0145,24,2.11,1.0242,1,2.105,1.0218,115,0
IWM190920P158,2019-09-16,2019-09-16 09:32:34,2.12,1.0291,24,2.1,1.0194,1,2.11,1.0242,1,2.11,1.0242,115,0
IWM190920P158,2019-09-16,2019-09-16 09:32:34,2.12,1.0291,24,2.09,1.0145,15,2.11,1.0242,1,2.105,1.0218,115,0
IWM190920P158,2019-09-16,2019-09-16 09:32:35,2.12,1.0291,24,2.1,1.0194,1,2.09,1.0145,4,2.11,1.0242,165,10
IWM190920P158,2019-09-16,2019-09-16 09:32:35,2.1,1.0194,1,2.1,1.0194,1,2.09,1.0145,24,2.1,1.0194,155,40
IWM190920P158,2019-09-16,2019-09-16 09:32:36,2.12,1.0291,24,2.09,1.0145,44,2.09,1.0145,4,2.105,1.0218,165,0
IWM190920P158,2019-09-16,2019-09-16 09:32:36,2.12,1.0291,24,2.09,1.0145,26,2.09,1.0145,4,2.105,1.0218,165,0
IWM190920P158,2019-09-16,2019-09-16 09:32:37,2.14,1.0388,25,2.11,1.0242,14,2.12,1.0291,5,2.125,1.0315,178,13
IWM190920P158,2019-09-16,2019-09-16 09:32:37,2.14,1.0388,25,2.11,1.0242,21,2.12,1.0291,5,2.125,1.0315,178,0
IWM190920P158,2019-09-16,2019-09-16 09:32:38,2.14,1.0388,25,2.11,1.0242,21,2.12,1.0291,5,2.125,1.0315,178,0
IWM190920P158,2019-09-16,2019-09-16 09:32:39,2.13,1.0339,21,2.1,1.0194,9,2.12,1.0291,5,2.115,1.0266,178,0
IWM190920P158,2019-09-16,2019-09-16 09:32:40,2.14,1.0388,31,2.1,1.0194,26,2.12,1.0291,5,2.12,1.0291,178,0
IWM190920P158,2019-09-16,2019-09-16 09:32:40,2.13,1.0339,21,2.1,1.0194,10,2.12,1.0291,5,2.115,1.0266,178,0
IWM190920P158,2019-09-16,2019-09-16 09:32:41,2.13,1.0339,24,2.1,1.0194,24,2.12,1.0291,5,2.115,1.0266,178,0
IWM190920P158,2019-09-16,2019-09-16 09:32:42,2.14,1.0388,85,2.1,1.0194,60,2.12,1.0291,5,2.12,1.0291,178,0
IWM190920P158,2019-09-16,2019-09-16 09:32:43,2.14,1.0388,23,2.11,1.0242,24,2.12,1.0291,5,2.125,1.0315,178,0
IWM190920P158,2019-09-16,2019-09-16 09:32:43,2.13,1.0339,17,2.11,1.0242,7,2.12,1.0291,5,2.12,1.0291,178,0
IWM190920P158,2019-09-16,2019-09-16 09:32:44,2.14,1.0388,23,2.11,1.0242,30,2.12,1.0291,5,2.125,1.0315,178,0
IWM190920P158,2019-09-16,2019-09-16 09:32:44,2.13,1.0339,18,2.11,1.0242,11,2.12,1.0291,5,2.12,1.0291,178,0
IWM190920P158,2019-09-16,2019-09-16 09:32:45,2.14,1.0388,23,2.11,1.0242,30,2.12,1.0291,5,2.125,1.0315,178,0
IWM190920P158,2019-09-16,2019-09-16 09:32:45,2.14,1.0388,23,2.11,1.0242,20,2.12,1.0291,5,2.125,1.0315,178,0
IWM190920P158,2019-09-16,2019-09-16 09:32:46,2.13,1.0339,23,2.11,1.0242,3,2.12,1.0291,5,2.12,1.0291,178,0
IWM190920P158,2019-09-16,2019-09-16 09:32:46,2.12,1.0291,13,2.09,1.0145,22,2.12,1.0291,5,2.105,1.0218,178,0
IWM190920P158,2019-09-16,2019-09-16 09:32:47,2.1,1.0194,15,2.08,1.0097,1,2.12,1.0291,5,2.09,1.0145,178,0
IWM190920P158,2019-09-16,2019-09-16 09:32:47,2.12,1.0291,16,2.1,1.0194,5,2.12,1.0291,5,2.11,1.0242,178,0
IWM190920P158,2019-09-16,2019-09-16 09:32:48,2.1,1.0194,13,2.07,1.0048,16,2.12,1.0291,5,2.085,1.0121,178,0
IWM190920P158,2019-09-16,2019-09-16 09:32:48,2.1,1.0194,15,2.08,1.0097,1,2.12,1.0291,5,2.09,1.0145,178,0
IWM190920P158,2019-09-16,2019-09-16 09:32:49,2.09,1.0145,13,2.06,1.0,14,2.12,1.0291,5,2.075,1.0072,178,0
IWM190920P158,2019-09-16,2019-09-16 09:32:49,2.09,1.0145,15,2.06,1.0,14,2.12,1.0291,5,2.075,1.0072,178,0
IWM190920P158,2019-09-16,2019-09-16 09:32:50,2.09,1.0145,15,2.07,1.0048,1,2.12,1.0291,5,2.08,1.0097,178,0
IWM190920P158,2019-09-16,2019-09-16 09:32:50,2.09,1.0145,20,2.07,1.0048,1,2.12,1.0291,5,2.08,1.0097,178,0
IWM190920P158,2019-09-16,2019-09-16 09:32:51,2.09,1.0145,15,2.07,1.0048,1,2.12,1.0291,5,2.08,1.0097,178,0
IWM190920P158,2019-09-16,2019-09-16 09:32:51,2.09,1.0145,13,2.07,1.0048,10,2.12,1.0291,5,2.08,1.0097,178,0
IWM190920P158,2019-09-16,2019-09-16 09:32:52,2.09,1.0145,23,2.06,1.0,27,2.12,1.0291,5,2.075,1.0072,178,0
IWM190920P158,2019-09-16,2019-09-16 09:32:52,2.09,1.0145,13,2.06,1.0,24,2.12,1.0291,5,2.075,1.0072,178,0
IWM190920P158,2019-09-16,2019-09-16 09:32:53,2.09,1.0145,22,2.07,1.0048,16,2.12,1.0291,5,2.08,1.0097,178,0
IWM190920P158,2019-09-16,2019-09-16 09:32:53,2.09,1.0145,1,2.07,1.0048,36,2.12,1.0291,5,2.08,1.0097,178,0
IWM190920P158,2019-09-16,2019-09-16 09:32:54,2.09,1.0145,1,2.08,1.0097,16,2.12,1.0291,5,2.085,1.0121,178,0
IWM190920P158,2019-09-16,2019-09-16 09:32:54,2.09,1.0145,1,2.07,1.0048,71,2.12,1.0291,5,2.08,1.0097,178,0
IWM190920P158,2019-09-16,2019-09-16 09:32:55,2.09,1.0145,4,2.06,1.0,23,2.12,1.0291,5,2.075,1.0072,178,0
IWM190920P158,2019-09-16,2019-09-16 09:32:55,2.09,1.0145,1,2.08,1.0097,13,2.12,1.0291,5,2.085,1.0121,178,0
IWM190920P158,2019-09-16,2019-09-16 09:32:56,2.09,1.0145,24,2.05,0.9951,51,2.12,1.0291,5,2.07,1.0048,178,0
IWM190920P158,2019-09-16,2019-09-16 09:32:56,2.07,1.0048,13,2.06,1.0,11,2.12,1.0291,5,2.065,1.0024,178,0
IWM190920P158,2019-09-16,2019-09-16 09:32:57,2.08,1.0097,13,2.06,1.0,21,2.12,1.0291,5,2.07,1.0048,178,0
IWM190920P158,2019-09-16,2019-09-16 09:32:57,2.08,1.0097,21,2.05,0.9951,60,2.07,1.0048,1,2.065,1.0024,188,10
IWM190920P158,2019-09-16,2019-09-16 09:32:58,2.08,1.0097,21,2.05,0.9951,56,2.07,1.0048,1,2.065,1.0024,188,0
IWM190920P158,2019-09-16,2019-09-16 09:32:58,2.08,1.0097,21,2.05,0.9951,60,2.07,1.0048,1,2.065,1.0024,188,0
IWM190920P158,2019-09-16,2019-09-16 09:32:59,2.07,1.0048,22,2.05,0.9951,1,2.07,1.0048,1,2.06,1.0,188,0
IWM190920P158,2019-09-16,2019-09-16 09:32:59,2.07,1.0048,15,2.05,0.9951,1,2.07,1.0048,1,2.06,1.0,188,0
IWM190920P158,2019-09-16,2019-09-16 09:33:00,2.08,1.0097,13,2.06,1.0,1,2.07,1.0048,1,2.07,1.0048,188,0
IWM190920P158,2019-09-16,2019-09-16 09:33:00,2.08,1.0097,15,2.05,0.9951,17,2.07,1.0048,1,2.065,1.0024,188,0
IWM190920P158,2019-09-16,2019-09-16 09:33:01,2.08,1.0097,15,2.05,0.9951,25,2.07,1.0048,1,2.065,1.0024,188,0
IWM190920P158,2019-09-16,2019-09-16 09:33:02,2.07,1.0048,15,2.04,0.9902,25,2.07,1.0048,1,2.055,0.9975,188,0
IWM190920P158,2019-09-16,2019-09-16 09:33:02,2.08,1.0097,15,2.06,1.0,10,2.07,1.0048,1,2.07,1.0048,188,0
IWM190920P158,2019-09-16,2019-09-16 09:33:03,2.06,1.0,13,2.04,0.9902,25,2.07,1.0048,1,2.05,0.9951,188,0
IWM190920P158,2019-09-16,2019-09-16 09:33:03,2.07,1.0048,15,2.04,0.9902,25,2.07,1.0048,1,2.055,0.9975,188,0
IWM190920P158,2019-09-16,2019-09-16 09:33:04,2.06,1.0,20,2.04,0.9902,10,2.07,1.0048,1,2.05,0.9951,188,0
IWM190920P158,2019-09-16,2019-09-16 09:33:04,2.06,1.0,13,2.04,0.9902,10,2.07,1.0048,1,2.05,0.9951,188,0
IWM190920P158,2019-09-16,2019-09-16 09:33:05,2.06,1.0,20,2.03,0.9854,17,2.07,1.0048,1,2.045,0.9927,188,0
IWM190920P158,2019-09-16,2019-09-16 09:33:06,2.06,1.0,20,2.03,0.9854,30,2.07,1.0048,1,2.045,0.9927,188,0
IWM190920P158,2019-09-16,2019-09-16 09:33:06,2.06,1.0,20,2.04,0.9902,3,2.07,1.0048,1,2.05,0.9951,188,0
IWM190920P158,2019-09-16,2019-09-16 09:33:07,2.04,0.9902,13,2.02,0.9805,2,2.07,1.0048,1,2.03,0.9854,188,0
IWM190920P158,2019-09-16,2019-09-16 09:33:07,2.04,0.9902,14,2.02,0.9805,12,2.07,1.0048,1,2.03,0.9854,188,0
IWM190920P158,2019-09-16,2019-09-16 09:33:08,2.06,1.0,15,2.03,0.9854,41,2.07,1.0048,1,2.045,0.9927,188,0
IWM190920P158,2019-09-16,2019-09-16 09:33:08,2.06,1.0,14,2.03,0.9854,32,2.07,1.0048,1,2.045,0.9927,188,0
IWM190920P158,2019-09-16,2019-09-16 09:33:09,2.06,1.0,26,2.03,0.9854,32,2.07,1.0048,1,2.045,0.9927,188,0
IWM190920P158,2019-09-16,2019-09-16 09:33:09,2.06,1.0,61,2.03,0.9854,32,2.07,1.0048,1,2.045,0.9927,188,0
IWM190920P158,2019-09-16,2019-09-16 09:33:10,2.05,0.9951,19,2.03,0.9854,17,2.07,1.0048,1,2.04,0.9902,188,0
IWM190920P158,2019-09-16,2019-09-16 09:33:10,2.05,0.9951,14,2.03,0.9854,17,2.07,1.0048,1,2.04,0.9902,188,0
IWM190920P158,2019-09-16,2019-09-16 09:33:11,2.06,1.0,19,2.03,0.9854,28,2.07,1.0048,1,2.045,0.9927,188,0
IWM190920P158,2019-09-16,2019-09-16 09:33:11,2.06,1.0,19,2.03,0.9854,48,2.07,1.0048,1,2.045,0.9927,188,0
IWM190920P158,2019-09-16,2019-09-16 09:33:12,2.06,1.0,19,2.03,0.9854,38,2.07,1.0048,1,2.045,0.9927,188,0
IWM190920P158,2019-09-16,2019-09-16 09:33:12,2.06,1.0,19,2.04,0.9902,6,2.07,1.0048,1,2.05,0.9951,188,0
IWM190920P158,2019-09-16,2019-09-16 09:33:13,2.07,1.0048,13,2.03,0.9854,45,2.07,1.0048,1,2.05,0.9951,188,0
IWM190920P158,2019-09-16,2019-09-16 09:33:13,2.06,1.0,19,2.03,0.9854,45,2.07,1.0048,1,2.045,0.9927,188,0
IWM190920P158,2019-09-16,2019-09-16 09:33:14,2.06,1.0,19,2.03,0.9854,45,2.07,1.0048,1,2.045,0.9927,188,0
IWM190920P158,2019-09-16,2019-09-16 09:33:15,2.06,1.0,19,2.03,0.9854,45,2.07,1.0048,1,2.045,0.9927,188,0
IWM190920P158,2019-09-16,2019-09-16 09:33:15,2.06,1.0,14,2.04,0.9902,6,2.07,1.0048,1,2.05,0.9951,188,0
IWM190920P158,2019-09-16,2019-09-16 09:33:16,2.05,0.9951,56,2.02,0.9805,37,2.07,1.0048,1,2.035,0.9878,188,0
IWM190920P158,2019-09-16,2019-09-16 09:33:16,2.06,1.0,14,2.03,0.9854,123,2.07,1.0048,1,2.045,0.9927,188,0
IWM190920P158,2019-09-16,2019-09-16 09:33:17,2.05,0.9951,77,2.02,0.9805,59,2.07,1.0048,1,2.035,0.9878,188,0
IWM190920P158,2019-09-16,2019-09-16 09:33:18,2.05,0.9951,13,2.02,0.9805,79,2.07,1.0048,1,2.035,0.9878,188,0
IWM190920P158,2019-09-16,2019-09-16 09:33:18,2.05,0.9951,13,2.02,0.9805,102,2.07,1.0048,1,2.035,0.9878,188,0
IWM190920P158,2019-09-16,2019-09-16 09:33:19,2.05,0.9951,77,2.02,0.9805,63,2.07,1.0048,1,2.035,0.9878,188,0
IWM190920P158,2019-09-16,2019-09-16 09:33:19,2.05,0.9951,22,2.02,0.9805,63,2.07,1.0048,1,2.035,0.9878,188,0
IWM190920P158,2019-09-16,2019-09-16 09:33:20,2.05,0.9951,77,2.02,0.9805,63,2.07,1.0048,1,2.035,0.9878,188,0
IWM190920P158,2019-09-16,2019-09-16 09:33:20,2.03,0.9854,13,2.01,0.9757,9,2.07,1.0048,1,2.02,0.9805,188,0
IWM190920P158,2019-09-16,2019-09-16 09:33:21,2.03,0.9854,72,2.0,0.9708,10,2.07,1.0048,1,2.015,0.9781,188,0
IWM190920P158,2019-09-16,2019-09-16 09:33:21,2.03,0.9854,50,2.0,0.9708,5,2.07,1.0048,1,2.015,0.9781,188,0
IWM190920P158,2019-09-16,2019-09-16 09:33:22,2.02,0.9805,13,2.0,0.9708,10,2.07,1.0048,1,2.01,0.9757,188,0
IWM190920P158,2019-09-16,2019-09-16 09:33:22,2.02,0.9805,17,2.0,0.9708,10,2.07,1.0048,1,2.01,0.9757,188,0
IWM190920P158,2019-09-16,2019-09-16 09:33:23,2.02,0.9805,13,2.0,0.9708,33,2.07,1.0048,1,2.01,0.9757,188,0
IWM190920P158,2019-09-16,2019-09-16 09:33:23,2.02,0.9805,51,1.99,0.966,34,2.07,1.0048,1,2.005,0.9733,188,0
IWM190920P158,2019-09-16,2019-09-16 09:33:24,2.0,0.9708,13,1.97,0.9563,35,2.07,1.0048,1,1.985,0.9635,188,0
IWM190920P158,2019-09-16,2019-09-16 09:33:24,2.01,0.9757,62,1.98,0.9611,10,2.07,1.0048,1,1.995,0.9684,188,0
IWM190920P158,2019-09-16,2019-09-16 09:33:25,1.99,0.966,13,1.95,0.9466,13,2.07,1.0048,1,1.97,0.9563,188,0
IWM190920P158,2019-09-16,2019-09-16 09:33:25,1.98,0.9611,13,1.95,0.9466,27,2.07,1.0048,1,1.965,0.9538,188,0
IWM190920P158,2019-09-16,2019-09-16 09:33:26,1.96,0.9514,13,1.94,0.9417,11,2.07,1.0048,1,1.95,0.9466,188,0
IWM190920P158,2019-09-16,2019-09-16 09:33:26,1.98,0.9611,13,1.95,0.9466,20,2.07,1.0048,1,1.965,0.9538,188,0
IWM190920P158,2019-09-16,2019-09-16 09:33:27,1.97,0.9563,10,1.95,0.9466,10,2.07,1.0048,1,1.96,0.9514,188,0
IWM190920P158,2019-09-16,2019-09-16 09:33:27,1.98,0.9611,44,1.95,0.9466,19,2.07,1.0048,1,1.965,0.9538,188,0
IWM190920P158,2019-09-16,2019-09-16 09:33:28,1.98,0.9611,58,1.95,0.9466,25,1.96,0.9514,1,1.965,0.9538,191,3
IWM190920P158,2019-09-16,2019-09-16 09:33:28,1.96,0.9514,13,1.93,0.9368,57,1.96,0.9514,1,1.945,0.9441,191,0
IWM190920P158,2019-09-16,2019-09-16 09:33:29,1.95,0.9466,44,1.92,0.932,8,1.96,0.9514,1,1.935,0.9393,191,0
IWM190920P158,2019-09-16,2019-09-16 09:33:29,1.97,0.9563,39,1.93,0.9368,32,1.96,0.9514,1,1.95,0.9466,191,0
IWM190920P158,2019-09-16,2019-09-16 09:33:30,1.94,0.9417,13,1.92,0.932,3,1.96,0.9514,1,1.93,0.9368,191,0
IWM190920P158,2019-09-16,2019-09-16 09:33:31,1.92,0.932,32,1.89,0.9174,39,1.91,0.9271,1,1.905,0.9247,192,1
IWM190920P158,2019-09-16,2019-09-16 09:33:31,1.93,0.9368,13,1.9,0.9223,32,1.96,0.9514,1,1.915,0.9296,191,0
IWM190920P158,2019-09-16,2019-09-16 09:33:32,1.92,0.932,15,1.89,0.9174,44,1.91,0.9271,1,1.905,0.9247,192,0
IWM190920P158,2019-09-16,2019-09-16 09:33:32,1.91,0.9271,13,1.89,0.9174,4,1.91,0.9271,1,1.9,0.9223,192,0
IWM190920P158,2019-09-16,2019-09-16 09:33:33,1.91,0.9271,13,1.88,0.9126,44,1.91,0.9271,1,1.895,0.9199,192,0
IWM190920P158,2019-09-16,2019-09-16 09:33:33,1.91,0.9271,20,1.9,0.9223,5,1.91,0.9271,1,1.905,0.9247,192,0
IWM190920P158,2019-09-16,2019-09-16 09:33:34,1.91,0.9271,13,1.88,0.9126,7,1.91,0.9271,1,1.895,0.9199,192,0
IWM190920P158,2019-09-16,2019-09-16 09:33:34,1.91,0.9271,43,1.88,0.9126,24,1.91,0.9271,1,1.895,0.9199,192,0
IWM190920P158,2019-09-16,2019-09-16 09:33:35,1.91,0.9271,43,1.88,0.9126,27,1.91,0.9271,1,1.895,0.9199,192,0
IWM190920P158,2019-09-16,2019-09-16 09:33:35,1.9,0.9223,28,1.87,0.9077,43,1.91,0.9271,1,1.885,0.915,192,0
IWM190920P158,2019-09-16,2019-09-16 09:33:36,1.9,0.9223,29,1.87,0.9077,43,1.91,0.9271,1,1.885,0.915,192,0
IWM190920P158,2019-09-16,2019-09-16 09:33:36,1.9,0.9223,51,1.87,0.9077,43,1.91,0.9271,1,1.885,0.915,192,0
IWM190920P158,2019-09-16,2019-09-16 09:33:37,1.89,0.9174,20,1.86,0.9029,42,1.91,0.9271,1,1.875,0.9101,192,0
IWM190920P158,2019-09-16,2019-09-16 09:33:37,1.89,0.9174,52,1.86,0.9029,43,1.91,0.9271,1,1.875,0.9101,192,0
IWM190920P158,2019-09-16,2019-09-16 09:33:38,1.89,0.9174,30,1.86,0.9029,24,1.91,0.9271,1,1.875,0.9101,192,0
IWM190920P158,2019-09-16,2019-09-16 09:33:38,1.9,0.9223,76,1.87,0.9077,43,1.91,0.9271,1,1.885,0.915,192,0
IWM190920P158,2019-09-16,2019-09-16 09:33:39,1.89,0.9174,30,1.86,0.9029,24,1.91,0.9271,1,1.875,0.9101,192,0
IWM190920P158,2019-09-16,2019-09-16 09:33:39,1.88,0.9126,34,1.85,0.898,23,1.91,0.9271,1,1.865,0.9053,192,0
IWM190920P158,2019-09-16,2019-09-16 09:33:40,1.87,0.9077,13,1.84,0.8932,26,1.91,0.9271,1,1.855,0.9004,192,0
IWM190920P158,2019-09-16,2019-09-16 09:33:40,1.89,0.9174,23,1.87,0.9077,13,1.91,0.9271,1,1.88,0.9126,192,0
IWM190920P158,2019-09-16,2019-09-16 09:33:41,1.86,0.9029,13,1.84,0.8932,10,1.91,0.9271,1,1.85,0.898,192,0
IWM190920P158,2019-09-16,2019-09-16 09:33:41,1.87,0.9077,43,1.84,0.8932,18,1.91,0.9271,1,1.855,0.9004,192,0
IWM190920P158,2019-09-16,2019-09-16 09:33:42,1.86,0.9029,25,1.83,0.8883,26,1.91,0.9271,1,1.845,0.8956,192,0
IWM190920P158,2019-09-16,2019-09-16 09:33:42,1.85,0.898,31,1.82,0.8834,10,1.91,0.9271,1,1.835,0.8907,192,0
IWM190920P158,2019-09-16,2019-09-16 09:33:43,1.84,0.8932,18,1.82,0.8834,10,1.91,0.9271,1,1.83,0.8883,192,0
IWM190920P158,2019-09-16,2019-09-16 09:33:43,1.84,0.8932,13,1.81,0.8786,41,1.91,0.9271,1,1.825,0.8859,192,0
IWM190920P158,2019-09-16,2019-09-16 09:33:44,1.84,0.8932,63,1.78,0.864,316,1.91,0.9271,1,1.81,0.8786,192,0
IWM190920P158,2019-09-16,2019-09-16 09:33:44,1.84,0.8932,82,1.8,0.8737,10,1.91,0.9271,1,1.82,0.8834,192,0
IWM190920P158,2019-09-16,2019-09-16 09:33:45,1.86,0.9029,56,1.8,0.8737,43,1.91,0.9271,1,1.83,0.8883,192,0
IWM190920P158,2019-09-16,2019-09-16 09:33:45,1.83,0.8883,13,1.8,0.8737,43,1.91,0.9271,1,1.815,0.881,192,0
IWM190920P158,2019-09-16,2019-09-16 09:33:46,1.85,0.898,13,1.82,0.8834,51,1.91,0.9271,1,1.835,0.8907,192,0
IWM190920P158,2019-09-16,2019-09-16 09:33:46,1.85,0.898,13,1.82,0.8834,26,1.91,0.9271,1,1.835,0.8907,192,0
IWM190920P158,2019-09-16,2019-09-16 09:33:47,1.88,0.9126,65,1.84,0.8932,17,1.91,0.9271,1,1.86,0.9029,192,0
IWM190920P158,2019-09-16,2019-09-16 09:33:48,1.87,0.9077,27,1.84,0.8932,31,1.91,0.9271,1,1.855,0.9004,192,0
IWM190920P158,2019-09-16,2019-09-16 09:33:48,1.88,0.9126,116,1.84,0.8932,17,1.91,0.9271,1,1.86,0.9029,192,0
IWM190920P158,2019-09-16,2019-09-16 09:33:49,1.87,0.9077,36,1.85,0.898,11,1.85,0.898,1,1.86,0.9029,193,0
IWM190920P158,2019-09-16,2019-09-16 09:33:49,1.87,0.9077,36,1.84,0.8932,31,1.85,0.898,1,1.855,0.9004,193,1
IWM190920P158,2019-09-16,2019-09-16 09:33:50,1.88,0.9126,80,1.85,0.898,11,1.85,0.898,1,1.865,0.9053,193,0
IWM190920P158,2019-09-16,2019-09-16 09:33:50,1.87,0.9077,13,1.85,0.898,29,1.85,0.898,1,1.86,0.9029,193,0
IWM190920P158,2019-09-16,2019-09-16 09:33:51,1.88,0.9126,77,1.85,0.898,52,1.85,0.898,1,1.865,0.9053,193,0
IWM190920P158,2019-09-16,2019-09-16 09:33:51,1.87,0.9077,66,1.84,0.8932,31,1.85,0.898,1,1.855,0.9004,193,0
IWM190920P158,2019-09-16,2019-09-16 09:33:52,1.87,0.9077,31,1.84,0.8932,29,1.85,0.898,1,1.855,0.9004,193,0
IWM190920P158,2019-09-16,2019-09-16 09:33:52,1.87,0.9077,13,1.85,0.898,4,1.85,0.898,1,1.86,0.9029,193,0
IWM190920P158,2019-09-16,2019-09-16 09:33:53,1.86,0.9029,13,1.83,0.8883,48,1.85,0.898,1,1.845,0.8956,193,0
IWM190920P158,2019-09-16,2019-09-16 09:33:53,1.86,0.9029,13,1.83,0.8883,42,1.85,0.898,1,1.845,0.8956,193,0
IWM190920P158,2019-09-16,2019-09-16 09:33:54,1.86,0.9029,13,1.83,0.8883,63,1.85,0.898,1,1.845,0.8956,193,0
IWM190920P158,2019-09-16,2019-09-16 09:33:54,1.86,0.9029,13,1.83,0.8883,42,1.85,0.898,1,1.845,0.8956,193,0
IWM190920P158,2019-09-16,2019-09-16 09:33:55,1.85,0.898,13,1.82,0.8834,39,1.85,0.898,1,1.835,0.8907,193,0
IWM190920P158,2019-09-16,2019-09-16 09:33:55,1.86,0.9029,43,1.82,0.8834,34,1.85,0.898,1,1.84,0.8932,193,0
IWM190920P158,2019-09-16,2019-09-16 09:33:56,1.85,0.898,22,1.83,0.8883,20,1.85,0.898,1,1.84,0.8932,193,0
IWM190920P158,2019-09-16,2019-09-16 09:33:56,1.85,0.898,22,1.83,0.8883,8,1.85,0.898,1,1.84,0.8932,193,0
IWM190920P158,2019-09-16,2019-09-16 09:33:57,1.85,0.898,13,1.82,0.8834,46,1.85,0.898,1,1.835,0.8907,193,0
IWM190920P158,2019-09-16,2019-09-16 09:33:57,1.86,0.9029,60,1.83,0.8883,35,1.85,0.898,1,1.845,0.8956,193,0
IWM190920P158,2019-09-16,2019-09-16 09:33:58,1.85,0.898,13,1.83,0.8883,33,1.85,0.898,1,1.84,0.8932,193,0
IWM190920P158,2019-09-16,2019-09-16 09:33:59,1.85,0.898,13,1.79,0.8689,13,1.85,0.898,1,1.82,0.8834,193,0
IWM190920P158,2019-09-16,2019-09-16 09:33:59,1.85,0.898,13,1.83,0.8883,33,1.85,0.898,1,1.84,0.8932,193,0
IWM190920P158,2019-09-16,2019-09-16 09:34:00,1.84,0.8932,42,1.81,0.8786,10,1.85,0.898,1,1.825,0.8859,193,0
IWM190920P158,2019-09-16,2019-09-16 09:34:00,1.83,0.8883,22,1.8,0.8737,40,1.85,0.898,1,1.815,0.881,193,0
IWM190920P158,2019-09-16,2019-09-16 09:34:01,1.83,0.8883,13,1.8,0.8737,24,1.85,0.898,1,1.815,0.881,193,0
IWM190920P158,2019-09-16,2019-09-16 09:34:01,1.83,0.8883,20,1.8,0.8737,27,1.85,0.898,1,1.815,0.881,193,0
IWM190920P158,2019-09-16,2019-09-16 09:34:02,1.8,0.8737,13,1.78,0.864,3,1.85,0.898,1,1.79,0.8689,193,0
IWM190920P158,2019-09-16,2019-09-16 09:34:02,1.81,0.8786,53,1.78,0.864,3,1.85,0.898,1,1.795,0.8713,193,0
IWM190920P158,2019-09-16,2019-09-16 09:34:03,1.81,0.8786,50,1.78,0.864,3,1.85,0.898,1,1.795,0.8713,193,0
IWM190920P158,2019-09-16,2019-09-16 09:34:04,1.81,0.8786,43,1.78,0.864,38,1.85,0.898,1,1.795,0.8713,193,0
IWM190920P158,2019-09-16,2019-09-16 09:34:04,1.82,0.8834,43,1.79,0.8689,16,1.85,0.898,1,1.805,0.8762,193,0
IWM190920P158,2019-09-16,2019-09-16 09:34:05,1.82,0.8834,22,1.8,0.8737,10,1.85,0.898,1,1.81,0.8786,193,0
IWM190920P158,2019-09-16,2019-09-16 09:34:05,1.82,0.8834,13,1.8,0.8737,10,1.85,0.898,1,1.81,0.8786,193,0
IWM190920P158,2019-09-16,2019-09-16 09:34:06,1.82,0.8834,13,1.8,0.8737,10,1.85,0.898,1,1.81,0.8786,193,0
IWM190920P158,2019-09-16,2019-09-16 09:34:07,1.82,0.8834,13,1.8,0.8737,10,1.85,0.898,1,1.81,0.8786,193,0
IWM190920P158,2019-09-16,2019-09-16 09:34:08,1.82,0.8834,13,1.8,0.8737,10,1.85,0.898,1,1.81,0.8786,193,0
IWM190920P158,2019-09-16,2019-09-16 09:34:08,1.82,0.8834,13,1.8,0.8737,20,1.85,0.898,1,1.81,0.8786,193,0
IWM190920P158,2019-09-16,2019-09-16 09:34:09,1.82,0.8834,22,1.8,0.8737,20,1.85,0.898,1,1.81,0.8786,193,0
IWM190920P158,2019-09-16,2019-09-16 09:34:09,1.83,0.8883,41,1.8,0.8737,14,1.85,0.898,1,1.815,0.881,193,0
IWM190920P158,2019-09-16,2019-09-16 09:34:10,1.83,0.8883,13,1.8,0.8737,62,1.8,0.8737,1,1.815,0.881,194,0
IWM190920P158,2019-09-16,2019-09-16 09:34:10,1.83,0.8883,54,1.8,0.8737,20,1.8,0.8737,1,1.815,0.881,194,1
IWM190920P158,2019-09-16,2019-09-16 09:34:11,1.85,0.898,54,1.82,0.8834,29,1.8,0.8737,1,1.835,0.8907,194,0
IWM190920P158,2019-09-16,2019-09-16 09:34:11,1.85,0.898,41,1.82,0.8834,41,1.8,0.8737,1,1.835,0.8907,194,0
IWM190920P158,2019-09-16,2019-09-16 09:34:12,1.85,0.898,97,1.82,0.8834,41,1.8,0.8737,1,1.835,0.8907,194,0
IWM190920P158,2019-09-16,2019-09-16 09:34:12,1.85,0.898,41,1.82,0.8834,41,1.8,0.8737,1,1.835,0.8907,194,0
IWM190920P158,2019-09-16,2019-09-16 09:34:13,1.84,0.8932,13,1.81,0.8786,41,1.8,0.8737,1,1.825,0.8859,194,0
IWM190920P158,2019-09-16,2019-09-16 09:34:13,1.85,0.898,58,1.82,0.8834,18,1.8,0.8737,1,1.835,0.8907,194,0
IWM190920P158,2019-09-16,2019-09-16 09:34:14,1.84,0.8932,13,1.81,0.8786,43,1.8,0.8737,1,1.825,0.8859,194,0
IWM190920P158,2019-09-16,2019-09-16 09:34:15,1.84,0.8932,22,1.81,0.8786,65,1.8,0.8737,1,1.825,0.8859,194,0
IWM190920P158,2019-09-16,2019-09-16 09:34:15,1.84,0.8932,13,1.82,0.8834,20,1.8,0.8737,1,1.83,0.8883,194,0
IWM190920P158,2019-09-16,2019-09-16 09:34:16,1.85,0.898,24,1.83,0.8883,20,1.8,0.8737,1,1.84,0.8932,194,0
IWM190920P158,2019-09-16,2019-09-16 09:34:16,1.85,0.898,24,1.83,0.8883,14,1.8,0.8737,1,1.84,0.8932,194,0
IWM190920P158,2019-09-16,2019-09-16 09:34:17,1.87,0.9077,44,1.84,0.8932,20,1.8,0.8737,1,1.855,0.9004,194,0
IWM190920P158,2019-09-16,2019-09-16 09:34:17,1.85,0.898,24,1.84,0.8932,1,1.8,0.8737,1,1.845,0.8956,194,0
IWM190920P158,2019-09-16,2019-09-16 09:34:18,1.87,0.9077,44,1.84,0.8932,24,1.8,0.8737,1,1.855,0.9004,194,0
IWM190920P158,2019-09-16,2019-09-16 09:34:18,1.87,0.9077,41,1.84,0.8932,10,1.8,0.8737,1,1.855,0.9004,194,0
IWM190920P158,2019-09-16,2019-09-16 09:34:19,1.86,0.9029,36,1.83,0.8883,18,1.8,0.8737,1,1.845,0.8956,194,0
IWM190920P158,2019-09-16,2019-09-16 09:34:19,1.86,0.9029,41,1.83,0.8883,13,1.8,0.8737,1,1.845,0.8956,194,0
IWM190920P158,2019-09-16,2019-09-16 09:34:20,1.85,0.898,51,1.81,0.8786,22,1.8,0.8737,1,1.83,0.8883,194,0
IWM190920P158,2019-09-16,2019-09-16 09:34:20,1.85,0.898,41,1.82,0.8834,13,1.8,0.8737,1,1.835,0.8907,194,0
IWM190920P158,2019-09-16,2019-09-16 09:34:21,1.83,0.8883,22,1.81,0.8786,5,1.8,0.8737,1,1.82,0.8834,194,0
IWM190920P158,2019-09-16,2019-09-16 09:34:21,1.82,0.8834,41,1.78,0.864,41,1.8,0.8737,1,1.8,0.8737,194,0
IWM190920P158,2019-09-16,2019-09-16 09:34:22,1.82,0.8834,41,1.79,0.8689,13,1.8,0.8737,1,1.805,0.8762,194,0
IWM190920P158,2019-09-16,2019-09-16 09:34:22,1.82,0.8834,41,1.79,0.8689,15,1.8,0.8737,1,1.805,0.8762,194,0
IWM190920P158,2019-09-16,2019-09-16 09:34:23,1.82,0.8834,41,1.79,0.8689,13,1.8,0.8737,1,1.805,0.8762,194,0
IWM190920P158,2019-09-16,2019-09-16 09:34:23,1.82,0.8834,41,1.81,0.8786,2,1.8,0.8737,1,1.815,0.881,194,0
IWM190920P158,2019-09-16,2019-09-16 09:34:24,1.83,0.8883,22,1.81,0.8786,16,1.8,0.8737,1,1.82,0.8834,194,0
IWM190920P158,2019-09-16,2019-09-16 09:34:24,1.84,0.8932,23,1.81,0.8786,16,1.8,0.8737,1,1.825,0.8859,194,0
IWM190920P158,2019-09-16,2019-09-16 09:34:25,1.84,0.8932,40,1.81,0.8786,21,1.8,0.8737,1,1.825,0.8859,194,0
IWM190920P158,2019-09-16,2019-09-16 09:34:25,1.84,0.8932,33,1.81,0.8786,16,1.8,0.8737,1,1.825,0.8859,194,0
IWM190920P158,2019-09-16,2019-09-16 09:34:26,1.84,0.8932,40,1.81,0.8786,50,1.8,0.8737,1,1.825,0.8859,194,0
IWM190920P158,2019-09-16,2019-09-16 09:34:27,1.84,0.8932,49,1.81,0.8786,93,1.8,0.8737,1,1.825,0.8859,194,0
IWM190920P158,2019-09-16,2019-09-16 09:34:27,1.84,0.8932,49,1.82,0.8834,17,1.8,0.8737,1,1.83,0.8883,194,0
IWM190920P158,2019-09-16,2019-09-16 09:34:28,1.83,0.8883,13,1.81,0.8786,23,1.8,0.8737,1,1.82,0.8834,194,0
IWM190920P158,2019-09-16,2019-09-16 09:34:28,1.84,0.8932,49,1.82,0.8834,17,1.8,0.8737,1,1.83,0.8883,194,0
IWM190920P158,2019-09-16,2019-09-16 09:34:29,1.84,0.8932,30,1.81,0.8786,122,1.8,0.8737,1,1.825,0.8859,194,0
IWM190920P158,2019-09-16,2019-09-16 09:34:29,1.83,0.8883,28,1.81,0.8786,23,1.8,0.8737,1,1.82,0.8834,194,0
IWM190920P158,2019-09-16,2019-09-16 09:34:30,1.84,0.8932,13,1.81,0.8786,141,1.8,0.8737,1,1.825,0.8859,194,0
IWM190920P158,2019-09-16,2019-09-16 09:34:30,1.84,0.8932,13,1.82,0.8834,15,1.8,0.8737,1,1.83,0.8883,194,0
IWM190920P158,2019-09-16,2019-09-16 09:34:31,1.85,0.898,13,1.83,0.8883,25,1.8,0.8737,1,1.84,0.8932,194,0
IWM190920P158,2019-09-16,2019-09-16 09:34:31,1.86,0.9029,50,1.82,0.8834,15,1.8,0.8737,1,1.84,0.8932,194,0
IWM190920P158,2019-09-16,2019-09-16 09:34:32,1.85,0.898,40,1.81,0.8786,13,1.8,0.8737,1,1.83,0.8883,194,0
IWM190920P158,2019-09-16,2019-09-16 09:34:33,1.85,0.898,40,1.81,0.8786,13,1.8,0.8737,1,1.83,0.8883,194,0
IWM190920P158,2019-09-16,2019-09-16 09:34:33,1.83,0.8883,40,1.8,0.8737,57,1.8,0.8737,1,1.815,0.881,194,0
IWM190920P158,2019-09-16,2019-09-16 09:34:34,1.84,0.8932,40,1.81,0.8786,24,1.8,0.8737,1,1.825,0.8859,194,0
IWM190920P158,2019-09-16,2019-09-16 09:34:34,1.83,0.8883,40,1.8,0.8737,47,1.8,0.8737,1,1.815,0.881,194,0
IWM190920P158,2019-09-16,2019-09-16 09:34:35,1.83,0.8883,27,1.81,0.8786,17,1.8,0.8737,1,1.82,0.8834,194,0
IWM190920P158,2019-09-16,2019-09-16 09:34:35,1.83,0.8883,40,1.8,0.8737,25,1.8,0.8737,1,1.815,0.881,194,0
IWM190920P158,2019-09-16,2019-09-16 09:34:36,1.84,0.8932,40,1.82,0.8834,5,1.8,0.8737,1,1.83,0.8883,194,0
IWM190920P158,2019-09-16,2019-09-16 09:34:36,1.84,0.8932,40,1.82,0.8834,6,1.8,0.8737,1,1.83,0.8883,194,0
IWM190920P158,2019-09-16,2019-09-16 09:34:37,1.82,0.8834,40,1.8,0.8737,11,1.8,0.8737,1,1.81,0.8786,194,0
IWM190920P158,2019-09-16,2019-09-16 09:34:37,1.82,0.8834,40,1.79,0.8689,38,1.8,0.8737,1,1.805,0.8762,194,0
IWM190920P158,2019-09-16,2019-09-16 09:34:38,1.82,0.8834,27,1.8,0.8737,19,1.8,0.8737,1,1.81,0.8786,194,0
IWM190920P158,2019-09-16,2019-09-16 09:34:38,1.82,0.8834,40,1.8,0.8737,11,1.8,0.8737,1,1.81,0.8786,194,0
IWM190920P158,2019-09-16,2019-09-16 09:34:39,1.83,0.8883,40,1.81,0.8786,19,1.8,0.8737,1,1.82,0.8834,194,0
IWM190920P158,2019-09-16,2019-09-16 09:34:39,1.83,0.8883,40,1.8,0.8737,13,1.8,0.8737,1,1.815,0.881,194,0
IWM190920P158,2019-09-16,2019-09-16 09:34:40,1.83,0.8883,27,1.81,0.8786,11,1.8,0.8737,1,1.82,0.8834,194,0
IWM190920P158,2019-09-16,2019-09-16 09:34:40,1.83,0.8883,40,1.81,0.8786,20,1.8,0.8737,1,1.82,0.8834,194,0
IWM190920P158,2019-09-16,2019-09-16 09:34:41,1.84,0.8932,20,1.82,0.8834,9,1.8,0.8737,1,1.83,0.8883,194,0
IWM190920P158,2019-09-16,2019-09-16 09:34:41,1.84,0.8932,37,1.81,0.8786,26,1.8,0.8737,1,1.825,0.8859,194,0
IWM190920P158,2019-09-16,2019-09-16 09:34:42,1.84,0.8932,40,1.82,0.8834,9,1.8,0.8737,1,1.83,0.8883,194,0
IWM190920P158,2019-09-16,2019-09-16 09:34:42,1.84,0.8932,66,1.82,0.8834,9,1.8,0.8737,1,1.83,0.8883,194,0
IWM190920P158,2019-09-16,2019-09-16 09:34:43,1.83,0.8883,40,1.81,0.8786,13,1.8,0.8737,1,1.82,0.8834,194,0
IWM190920P158,2019-09-16,2019-09-16 09:34:43,1.86,0.9029,13,1.83,0.8883,25,1.8,0.8737,1,1.845,0.8956,194,0
IWM190920P158,2019-09-16,2019-09-16 09:34:44,1.85,0.898,23,1.82,0.8834,24,1.8,0.8737,1,1.835,0.8907,194,0
IWM190920P158,2019-09-16,2019-09-16 09:34:44,1.85,0.898,40,1.82,0.8834,30,1.8,0.8737,1,1.835,0.8907,194,0
IWM190920P158,2019-09-16,2019-09-16 09:34:45,1.85,0.898,121,1.82,0.8834,30,1.8,0.8737,1,1.835,0.8907,194,0
IWM190920P158,2019-09-16,2019-09-16 09:34:45,1.83,0.8883,40,1.8,0.8737,35,1.8,0.8737,1,1.815,0.881,194,0
IWM190920P158,2019-09-16,2019-09-16 09:34:46,1.84,0.8932,45,1.82,0.8834,10,1.8,0.8737,1,1.83,0.8883,194,0
IWM190920P158,2019-09-16,2019-09-16 09:34:46,1.84,0.8932,71,1.82,0.8834,10,1.8,0.8737,1,1.83,0.8883,194,0
IWM190920P158,2019-09-16,2019-09-16 09:34:47,1.83,0.8883,40,1.81,0.8786,33,1.8,0.8737,1,1.82,0.8834,194,0
IWM190920P158,2019-09-16,2019-09-16 09:34:47,1.84,0.8932,22,1.82,0.8834,33,1.8,0.8737,1,1.83,0.8883,194,0
IWM190920P158,2019-09-16,2019-09-16 09:34:48,1.83,0.8883,40,1.81,0.8786,20,1.8,0.8737,1,1.82,0.8834,194,0
IWM190920P158,2019-09-16,2019-09-16 09:34:49,1.83,0.8883,69,1.81,0.8786,20,1.8,0.8737,1,1.82,0.8834,194,0
IWM190920P158,2019-09-16,2019-09-16 09:34:49,1.83,0.8883,27,1.81,0.8786,20,1.8,0.8737,1,1.82,0.8834,194,0
IWM190920P158,2019-09-16,2019-09-16 09:34:50,1.82,0.8834,55,1.8,0.8737,22,1.8,0.8737,1,1.81,0.8786,194,0
IWM190920P158,2019-09-16,2019-09-16 09:34:50,1.82,0.8834,13,1.81,0.8786,20,1.8,0.8737,1,1.815,0.881,194,0
IWM190920P158,2019-09-16,2019-09-16 09:34:51,1.82,0.8834,64,1.8,0.8737,22,1.8,0.8737,1,1.81,0.8786,194,0
IWM190920P158,2019-09-16,2019-09-16 09:34:51,1.81,0.8786,206,1.76,0.8543,85,1.8,0.8737,1,1.785,0.8665,194,0
IWM190920P158,2019-09-16,2019-09-16 09:34:52,1.81,0.8786,275,1.75,0.8495,60,1.8,0.8737,1,1.78,0.864,194,0
IWM190920P158,2019-09-16,2019-09-16 09:34:52,1.79,0.8689,41,1.76,0.8543,17,1.8,0.8737,1,1.775,0.8616,194,0
IWM190920P158,2019-09-16,2019-09-16 09:34:53,1.79,0.8689,98,1.76,0.8543,25,1.8,0.8737,1,1.775,0.8616,194,0
IWM190920P158,2019-09-16,2019-09-16 09:34:53,1.79,0.8689,15,1.77,0.8592,24,1.8,0.8737,1,1.78,0.864,194,0
IWM190920P158,2019-09-16,2019-09-16 09:34:54,1.79,0.8689,77,1.76,0.8543,40,1.8,0.8737,1,1.775,0.8616,194,0
IWM190920P158,2019-09-16,2019-09-16 09:34:54,1.79,0.8689,49,1.76,0.8543,40,1.8,0.8737,1,1.775,0.8616,194,0
IWM190920P158,2019-09-16,2019-09-16 09:34:55,1.79,0.8689,39,1.77,0.8592,8,1.8,0.8737,1,1.78,0.864,194,0
IWM190920P158,2019-09-16,2019-09-16 09:34:55,1.79,0.8689,55,1.76,0.8543,60,1.8,0.8737,1,1.775,0.8616,194,0
IWM190920P158,2019-09-16,2019-09-16 09:34:56,1.79,0.8689,89,1.76,0.8543,28,1.8,0.8737,1,1.775,0.8616,194,0
IWM190920P158,2019-09-16,2019-09-16 09:34:56,1.79,0.8689,69,1.76,0.8543,26,1.8,0.8737,1,1.775,0.8616,194,0
IWM190920P158,2019-09-16,2019-09-16 09:34:57,1.79,0.8689,89,1.76,0.8543,41,1.8,0.8737,1,1.775,0.8616,194,0
IWM190920P158,2019-09-16,2019-09-16 09:34:58,1.79,0.8689,103,1.76,0.8543,42,1.8,0.8737,1,1.775,0.8616,194,0
IWM190920P158,2019-09-16,2019-09-16 09:34:58,1.79,0.8689,89,1.76,0.8543,28,1.8,0.8737,1,1.775,0.8616,194,0
IWM190920P158,2019-09-16,2019-09-16 09:34:59,1.79,0.8689,26,1.77,0.8592,20,1.8,0.8737,1,1.78,0.864,194,0
IWM190920P158,2019-09-16,2019-09-16 09:34:59,1.78,0.864,37,1.76,0.8543,10,1.8,0.8737,1,1.77,0.8592,194,0
IWM190920P158,2019-09-16,2019-09-16 09:35:00,1.77,0.8592,25,1.74,0.8446,19,1.8,0.8737,1,1.755,0.8519,194,0
IWM190920P158,2019-09-16,2019-09-16 09:35:00,1.77,0.8592,25,1.74,0.8446,22,1.8,0.8737,1,1.755,0.8519,194,0
IWM190920P158,2019-09-16,2019-09-16 09:35:01,1.76,0.8543,35,1.74,0.8446,6,1.8,0.8737,1,1.75,0.8495,194,0
IWM190920P158,2019-09-16,2019-09-16 09:35:01,1.76,0.8543,51,1.74,0.8446,22,1.8,0.8737,1,1.75,0.8495,194,0
IWM190920P158,2019-09-16,2019-09-16 09:35:02,1.76,0.8543,35,1.74,0.8446,21,1.8,0.8737,1,1.75,0.8495,194,0
IWM190920P158,2019-09-16,2019-09-16 09:35:02,1.76,0.8543,67,1.74,0.8446,2,1.8,0.8737,1,1.75,0.8495,194,0
IWM190920P158,2019-09-16,2019-09-16 09:35:03,1.76,0.8543,39,1.74,0.8446,32,1.8,0.8737,1,1.75,0.8495,194,0
IWM190920P158,2019-09-16,2019-09-16 09:35:03,1.76,0.8543,40,1.74,0.8446,29,1.8,0.8737,1,1.75,0.8495,194,0
IWM190920P158,2019-09-16,2019-09-16 09:35:04,1.76,0.8543,40,1.74,0.8446,5,1.8,0.8737,1,1.75,0.8495,194,0
IWM190920P158,2019-09-16,2019-09-16 09:35:04,1.77,0.8592,44,1.74,0.8446,45,1.8,0.8737,1,1.755,0.8519,194,0
IWM190920P158,2019-09-16,2019-09-16 09:35:05,1.76,0.8543,22,1.73,0.8398,38,1.8,0.8737,1,1.745,0.847,194,0
IWM190920P158,2019-09-16,2019-09-16 09:35:06,1.76,0.8543,34,1.73,0.8398,40,1.8,0.8737,1,1.745,0.847,194,0
IWM190920P158,2019-09-16,2019-09-16 09:35:06,1.75,0.8495,27,1.73,0.8398,40,1.8,0.8737,1,1.74,0.8446,194,0
IWM190920P158,2019-09-16,2019-09-16 09:35:07,1.76,0.8543,27,1.73,0.8398,27,1.8,0.8737,1,1.745,0.847,194,0
IWM190920P158,2019-09-16,2019-09-16 09:35:07,1.75,0.8495,22,1.73,0.8398,10,1.8,0.8737,1,1.74,0.8446,194,0
IWM190920P158,2019-09-16,2019-09-16 09:35:08,1.74,0.8446,41,1.72,0.8349,20,1.8,0.8737,1,1.73,0.8398,194,0
IWM190920P158,2019-09-16,2019-09-16 09:35:08,1.74,0.8446,24,1.72,0.8349,20,1.8,0.8737,1,1.73,0.8398,194,0
IWM190920P158,2019-09-16,2019-09-16 09:35:09,1.73,0.8398,13,1.71,0.83,7,1.8,0.8737,1,1.72,0.8349,194,0
IWM190920P158,2019-09-16,2019-09-16 09:35:09,1.73,0.8398,26,1.71,0.83,27,1.8,0.8737,1,1.72,0.8349,194,0
IWM190920P158,2019-09-16,2019-09-16 09:35:10,1.73,0.8398,26,1.71,0.83,27,1.8,0.8737,1,1.72,0.8349,194,0
IWM190920P158,2019-09-16,2019-09-16 09:35:10,1.73,0.8398,9,1.71,0.83,42,1.8,0.8737,1,1.72,0.8349,194,0
IWM190920P158,2019-09-16,2019-09-16 09:35:11,1.74,0.8446,19,1.72,0.8349,9,1.8,0.8737,1,1.73,0.8398,194,0
IWM190920P158,2019-09-16,2019-09-16 09:35:11,1.73,0.8398,16,1.71,0.83,36,1.8,0.8737,1,1.72,0.8349,194,0
IWM190920P158,2019-09-16,2019-09-16 09:35:12,1.73,0.8398,13,1.72,0.8349,5,1.8,0.8737,1,1.725,0.8373,194,0
IWM190920P158,2019-09-16,2019-09-16 09:35:12,1.74,0.8446,50,1.72,0.8349,10,1.8,0.8737,1,1.73,0.8398,194,0
IWM190920P158,2019-09-16,2019-09-16 09:35:13,1.74,0.8446,30,1.7,0.8252,25,1.8,0.8737,1,1.72,0.8349,194,0
IWM190920P158,2019-09-16,2019-09-16 09:35:13,1.73,0.8398,55,1.71,0.83,39,1.8,0.8737,1,1.72,0.8349,194,0
IWM190920P158,2019-09-16,2019-09-16 09:35:14,1.76,0.8543,13,1.73,0.8398,2,1.74,0.8446,6,1.745,0.847,230,36
IWM190920P158,2019-09-16,2019-09-16 09:35:14,1.74,0.8446,73,1.72,0.8349,4,1.8,0.8737,1,1.73,0.8398,194,0
IWM190920P158,2019-09-16,2019-09-16 09:35:15,1.75,0.8495,13,1.73,0.8398,59,1.74,0.8446,6,1.74,0.8446,230,0
IWM190920P158,2019-09-16,2019-09-16 09:35:15,1.75,0.8495,13,1.73,0.8398,4,1.74,0.8446,6,1.74,0.8446,230,0
IWM190920P158,2019-09-16,2019-09-16 09:35:16,1.75,0.8495,13,1.73,0.8398,74,1.74,0.8446,6,1.74,0.8446,230,0
IWM190920P158,2019-09-16,2019-09-16 09:35:16,1.75,0.8495,16,1.73,0.8398,39,1.74,0.8446,6,1.74,0.8446,230,0
IWM190920P158,2019-09-16,2019-09-16 09:35:17,1.75,0.8495,37,1.73,0.8398,26,1.74,0.8446,6,1.74,0.8446,230,0
IWM190920P158,2019-09-16,2019-09-16 09:35:17,1.75,0.8495,33,1.73,0.8398,23,1.74,0.8446,6,1.74,0.8446,230,0
IWM190920P158,2019-09-16,2019-09-16 09:35:18,1.76,0.8543,85,1.74,0.8446,10,1.74,0.8446,6,1.75,0.8495,230,0
IWM190920P158,2019-09-16,2019-09-16 09:35:18,1.75,0.8495,13,1.73,0.8398,33,1.74,0.8446,6,1.74,0.8446,230,0
IWM190920P158,2019-09-16,2019-09-16 09:35:19,1.76,0.8543,17,1.74,0.8446,22,1.74,0.8446,6,1.75,0.8495,230,0
IWM190920P158,2019-09-16,2019-09-16 09:35:19,1.76,0.8543,24,1.74,0.8446,22,1.74,0.8446,6,1.75,0.8495,230,0
IWM190920P158,2019-09-16,2019-09-16 09:35:20,1.75,0.8495,13,1.73,0.8398,21,1.74,0.8446,6,1.74,0.8446,230,0
IWM190920P158,2019-09-16,2019-09-16 09:35:20,1.75,0.8495,39,1.73,0.8398,14,1.74,0.8446,6,1.74,0.8446,230,0
IWM190920P158,2019-09-16,2019-09-16 09:35:21,1.74,0.8446,57,1.71,0.83,34,1.74,0.8446,6,1.725,0.8373,230,0
IWM190920P158,2019-09-16,2019-09-16 09:35:21,1.75,0.8495,27,1.73,0.8398,28,1.74,0.8446,6,1.74,0.8446,230,0
IWM190920P158,2019-09-16,2019-09-16 09:35:22,1.74,0.8446,49,1.72,0.8349,33,1.74,0.8446,6,1.73,0.8398,230,0
IWM190920P158,2019-09-16,2019-09-16 09:35:23,1.77,0.8592,28,1.73,0.8398,18,1.74,0.8446,6,1.75,0.8495,230,0
IWM190920P158,2019-09-16,2019-09-16 09:35:23,1.74,0.8446,49,1.72,0.8349,33,1.74,0.8446,6,1.73,0.8398,230,0
IWM190920P158,2019-09-16,2019-09-16 09:35:24,1.77,0.8592,40,1.75,0.8495,4,1.74,0.8446,6,1.76,0.8543,230,0
IWM190920P158,2019-09-16,2019-09-16 09:35:24,1.75,0.8495,22,1.73,0.8398,24,1.74,0.8446,6,1.74,0.8446,230,0
IWM190920P158,2019-09-16,2019-09-16 09:35:25,1.77,0.8592,60,1.75,0.8495,24,1.74,0.8446,6,1.76,0.8543,230,0
IWM190920P158,2019-09-16,2019-09-16 09:35:25,1.77,0.8592,10,1.75,0.8495,52,1.74,0.8446,6,1.76,0.8543,230,0
IWM190920P158,2019-09-16,2019-09-16 09:35:26,1.79,0.8689,182,1.77,0.8592,30,1.74,0.8446,6,1.78,0.864,230,0
IWM190920P158,2019-09-16,2019-09-16 09:35:26,1.78,0.864,1,1.75,0.8495,52,1.74,0.8446,6,1.765,0.8567,230,0
IWM190920P158,2019-09-16,2019-09-16 09:35:27,1.79,0.8689,49,1.77,0.8592,38,1.74,0.8446,6,1.78,0.864,230,0
IWM190920P158,2019-09-16,2019-09-16 09:35:27,1.79,0.8689,75,1.77,0.8592,33,1.74,0.8446,6,1.78,0.864,230,0
IWM190920P158,2019-09-16,2019-09-16 09:35:28,1.79,0.8689,75,1.77,0.8592,34,1.74,0.8446,6,1.78,0.864,230,0
IWM190920P158,2019-09-16,2019-09-16 09:35:28,1.8,0.8737,39,1.78,0.864,9,1.74,0.8446,6,1.79,0.8689,230,0
IWM190920P158,2019-09-16,2019-09-16 09:35:29,1.8,0.8737,39,1.78,0.864,28,1.74,0.8446,6,1.79,0.8689,230,0
IWM190920P158,2019-09-16,2019-09-16 09:35:29,1.8,0.8737,48,1.78,0.864,39,1.74,0.8446,6,1.79,0.8689,230,0
IWM190920P158,2019-09-16,2019-09-16 09:35:30,1.8,0.8737,56,1.78,0.864,31,1.74,0.8446,6,1.79,0.8689,230,0
IWM190920P158,2019-09-16,2019-09-16 09:35:30,1.8,0.8737,132,1.78,0.864,31,1.74,0.8446,6,1.79,0.8689,230,0
IWM190920P158,2019-09-16,2019-09-16 09:35:31,1.79,0.8689,26,1.77,0.8592,16,1.74,0.8446,6,1.78,0.864,230,0
IWM190920P158,2019-09-16,2019-09-16 09:35:31,1.78,0.864,52,1.76,0.8543,31,1.74,0.8446,6,1.77,0.8592,230,0
IWM190920P158,2019-09-16,2019-09-16 09:35:32,1.79,0.8689,78,1.77,0.8592,20,1.74,0.8446,6,1.78,0.864,230,0
IWM190920P158,2019-09-16,2019-09-16 09:35:32,1.78,0.864,19,1.76,0.8543,31,1.74,0.8446,6,1.77,0.8592,230,0
IWM190920P158,2019-09-16,2019-09-16 09:35:33,1.8,0.8737,39,1.77,0.8592,16,1.74,0.8446,6,1.785,0.8665,230,0
IWM190920P158,2019-09-16,2019-09-16 09:35:33,1.79,0.8689,18,1.77,0.8592,39,1.74,0.8446,6,1.78,0.864,230,0
IWM190920P158,2019-09-16,2019-09-16 09:35:34,1.8,0.8737,162,1.78,0.864,18,1.74,0.8446,6,1.79,0.8689,230,0
IWM190920P158,2019-09-16,2019-09-16 09:35:34,1.8,0.8737,39,1.78,0.864,18,1.74,0.8446,6,1.79,0.8689,230,0
IWM190920P158,2019-09-16,2019-09-16 09:35:35,1.8,0.8737,16,1.78,0.864,27,1.74,0.8446,6,1.79,0.8689,230,0
IWM190920P158,2019-09-16,2019-09-16 09:35:36,1.79,0.8689,39,1.77,0.8592,5,1.74,0.8446,6,1.78,0.864,230,0
IWM190920P158,2019-09-16,2019-09-16 09:35:36,1.79,0.8689,233,1.77,0.8592,20,1.74,0.8446,6,1.78,0.864,230,0
IWM190920P158,2019-09-16,2019-09-16 09:35:37,1.79,0.8689,129,1.77,0.8592,65,1.74,0.8446,6,1.78,0.864,230,0
IWM190920P158,2019-09-16,2019-09-16 09:35:38,1.79,0.8689,13,1.78,0.864,47,1.74,0.8446,6,1.785,0.8665,230,0
IWM190920P158,2019-09-16,2019-09-16 09:35:38,1.79,0.8689,129,1.77,0.8592,65,1.74,0.8446,6,1.78,0.864,230,0
IWM190920P158,2019-09-16,2019-09-16 09:35:39,1.81,0.8786,52,1.79,0.8689,39,1.74,0.8446,6,1.8,0.8737,230,0
IWM190920P158,2019-09-16,2019-09-16 09:35:39,1.81,0.8786,64,1.79,0.8689,7,1.74,0.8446,6,1.8,0.8737,230,0
IWM190920P158,2019-09-16,2019-09-16 09:35:40,1.81,0.8786,93,1.79,0.8689,58,1.74,0.8446,6,1.8,0.8737,230,0
IWM190920P158,2019-09-16,2019-09-16 09:35:40,1.81,0.8786,93,1.79,0.8689,52,1.74,0.8446,6,1.8,0.8737,230,0
IWM190920P158,2019-09-16,2019-09-16 09:35:41,1.8,0.8737,39,1.79,0.8689,7,1.74,0.8446,6,1.795,0.8713,230,0
IWM190920P158,2019-09-16,2019-09-16 09:35:41,1.8,0.8737,38,1.76,0.8543,74,1.74,0.8446,6,1.78,0.864,230,0
IWM190920P158,2019-09-16,2019-09-16 09:35:42,1.79,0.8689,38,1.76,0.8543,37,1.74,0.8446,6,1.775,0.8616,230,0
IWM190920P158,2019-09-16,2019-09-16 09:35:42,1.79,0.8689,23,1.78,0.864,5,1.74,0.8446,6,1.785,0.8665,230,0
IWM190920P158,2019-09-16,2019-09-16 09:35:43,1.8,0.8737,24,1.78,0.864,14,1.74,0.8446,6,1.79,0.8689,230,0
IWM190920P158,2019-09-16,2019-09-16 09:35:43,1.8,0.8737,24,1.78,0.864,7,1.74,0.8446,6,1.79,0.8689,230,0
IWM190920P158,2019-09-16,2019-09-16 09:35:44,1.79,0.8689,24,1.77,0.8592,26,1.74,0.8446,6,1.78,0.864,230,0
IWM190920P158,2019-09-16,2019-09-16 09:35:45,1.79,0.8689,20,1.78,0.864,1,1.74,0.8446,6,1.785,0.8665,230,0
IWM190920P158,2019-09-16,2019-09-16 09:35:46,1.78,0.864,89,1.77,0.8592,3,1.74,0.8446,6,1.775,0.8616,230,0
IWM190920P158,2019-09-16,2019-09-16 09:35:46,1.79,0.8689,149,1.75,0.8495,2,1.74,0.8446,6,1.77,0.8592,230,0
IWM190920P158,2019-09-16,2019-09-16 09:35:47,1.79,0.8689,8,1.77,0.8592,17,1.74,0.8446,6,1.78,0.864,230,0
IWM190920P158,2019-09-16,2019-09-16 09:35:47,1.79,0.8689,282,1.75,0.8495,2,1.74,0.8446,6,1.77,0.8592,230,0
IWM190920P158,2019-09-16,2019-09-16 09:35:48,1.79,0.8689,20,1.77,0.8592,14,1.74,0.8446,6,1.78,0.864,230,0
IWM190920P158,2019-09-16,2019-09-16 09:35:48,1.79,0.8689,20,1.77,0.8592,17,1.74,0.8446,6,1.78,0.864,230,0
IWM190920P158,2019-09-16,2019-09-16 09:35:49,1.79,0.8689,37,1.76,0.8543,22,1.74,0.8446,6,1.775,0.8616,230,0
IWM190920P158,2019-09-16,2019-09-16 09:35:49,1.79,0.8689,37,1.77,0.8592,1,1.74,0.8446,6,1.78,0.864,230,0
IWM190920P158,2019-09-16,2019-09-16 09:35:50,1.79,0.8689,1,1.78,0.864,1,1.74,0.8446,6,1.785,0.8665,230,0
IWM190920P158,2019-09-16,2019-09-16 09:35:50,1.8,0.8737,38,1.78,0.864,1,1.74,0.8446,6,1.79,0.8689,230,0
IWM190920P158,2019-09-16,2019-09-16 09:35:51,1.78,0.864,1,1.78,0.864,1,1.78,0.864,1,1.78,0.864,231,1
IWM190920P158,2019-09-16,2019-09-16 09:35:52,1.8,0.8737,38,1.78,0.864,1,1.78,0.864,1,1.79,0.8689,231,0
IWM190920P158,2019-09-16,2019-09-16 09:35:53,1.8,0.8737,38,1.78,0.864,1,1.78,0.864,1,1.79,0.8689,231,0
IWM190920P158,2019-09-16,2019-09-16 09:35:53,1.81,0.8786,173,1.78,0.864,1,1.78,0.864,1,1.795,0.8713,231,0
IWM190920P158,2019-09-16,2019-09-16 09:35:54,1.79,0.8689,15,1.76,0.8543,42,1.78,0.864,1,1.775,0.8616,231,0
IWM190920P158,2019-09-16,2019-09-16 09:35:54,1.79,0.8689,38,1.76,0.8543,39,1.78,0.864,1,1.775,0.8616,231,0
IWM190920P158,2019-09-16,2019-09-16 09:35:55,1.79,0.8689,4,1.77,0.8592,18,1.78,0.864,1,1.78,0.864,231,0
IWM190920P158,2019-09-16,2019-09-16 09:35:55,1.79,0.8689,38,1.76,0.8543,63,1.78,0.864,1,1.775,0.8616,231,0
IWM190920P158,2019-09-16,2019-09-16 09:35:56,1.81,0.8786,49,1.79,0.8689,33,1.78,0.864,1,1.8,0.8737,231,0
IWM190920P158,2019-09-16,2019-09-16 09:35:56,1.8,0.8737,21,1.77,0.8592,18,1.78,0.864,1,1.785,0.8665,231,0
IWM190920P158,2019-09-16,2019-09-16 09:35:57,1.82,0.8834,23,1.8,0.8737,19,1.78,0.864,1,1.81,0.8786,231,0
IWM190920P158,2019-09-16,2019-09-16 09:35:57,1.82,0.8834,23,1.8,0.8737,30,1.78,0.864,1,1.81,0.8786,231,0
IWM190920P158,2019-09-16,2019-09-16 09:35:58,1.82,0.8834,10,1.8,0.8737,61,1.78,0.864,1,1.81,0.8786,231,0
IWM190920P158,2019-09-16,2019-09-16 09:35:58,1.85,0.898,58,1.82,0.8834,20,1.78,0.864,1,1.835,0.8907,231,0
IWM190920P158,2019-09-16,2019-09-16 09:35:59,1.86,0.9029,18,1.83,0.8883,55,1.78,0.864,1,1.845,0.8956,231,0
IWM190920P158,2019-09-16,2019-09-16 09:35:59,1.86,0.9029,35,1.84,0.8932,36,1.78,0.864,1,1.85,0.898,231,0
IWM190920P158,2019-09-16,2019-09-16 09:36:00,1.84,0.8932,29,1.81,0.8786,39,1.78,0.864,1,1.825,0.8859,231,0
IWM190920P158,2019-09-16,2019-09-16 09:36:00,1.85,0.898,34,1.81,0.8786,51,1.78,0.864,1,1.83,0.8883,231,0
IWM190920P158,2019-09-16,2019-09-16 09:36:01,1.85,0.898,3,1.83,0.8883,26,1.78,0.864,1,1.84,0.8932,231,0
IWM190920P158,2019-09-16,2019-09-16 09:36:01,1.86,0.9029,65,1.83,0.8883,27,1.78,0.864,1,1.845,0.8956,231,0
IWM190920P158,2019-09-16,2019-09-16 09:36:02,1.83,0.8883,14,1.81,0.8786,5,1.78,0.864,1,1.82,0.8834,231,0
IWM190920P158,2019-09-16,2019-09-16 09:36:03,1.83,0.8883,34,1.81,0.8786,40,1.78,0.864,1,1.82,0.8834,231,0
IWM190920P158,2019-09-16,2019-09-16 09:36:03,1.83,0.8883,20,1.81,0.8786,6,1.78,0.864,1,1.82,0.8834,231,0
IWM190920P158,2019-09-16,2019-09-16 09:36:04,1.82,0.8834,13,1.81,0.8786,6,1.78,0.864,1,1.815,0.881,231,0
IWM190920P158,2019-09-16,2019-09-16 09:36:04,1.82,0.8834,21,1.8,0.8737,91,1.78,0.864,1,1.81,0.8786,231,0
IWM190920P158,2019-09-16,2019-09-16 09:36:05,1.84,0.8932,73,1.82,0.8834,4,1.78,0.864,1,1.83,0.8883,231,0
IWM190920P158,2019-09-16,2019-09-16 09:36:05,1.83,0.8883,71,1.8,0.8737,101,1.78,0.864,1,1.815,0.881,231,0
IWM190920P158,2019-09-16,2019-09-16 09:36:06,1.82,0.8834,38,1.8,0.8737,19,1.78,0.864,1,1.81,0.8786,231,0
IWM190920P158,2019-09-16,2019-09-16 09:36:06,1.83,0.8883,13,1.82,0.8834,8,1.78,0.864,1,1.825,0.8859,231,0
IWM190920P158,2019-09-16,2019-09-16 09:36:07,1.83,0.8883,17,1.81,0.8786,41,1.78,0.864,1,1.82,0.8834,231,0
IWM190920P158,2019-09-16,2019-09-16 09:36:07,1.85,0.898,61,1.83,0.8883,6,1.78,0.864,1,1.84,0.8932,231,0
IWM190920P158,2019-09-16,2019-09-16 09:36:08,1.85,0.898,149,1.83,0.8883,6,1.78,0.864,1,1.84,0.8932,231,0
IWM190920P158,2019-09-16,2019-09-16 09:36:08,1.84,0.8932,35,1.82,0.8834,42,1.78,0.864,1,1.83,0.8883,231,0
IWM190920P158,2019-09-16,2019-09-16 09:36:09,1.84,0.8932,18,1.82,0.8834,60,1.78,0.864,1,1.83,0.8883,231,0
IWM190920P158,2019-09-16,2019-09-16 09:36:09,1.84,0.8932,19,1.81,0.8786,61,1.78,0.864,1,1.825,0.8859,231,0
IWM190920P158,2019-09-16,2019-09-16 09:36:10,1.84,0.8932,32,1.81,0.8786,78,1.78,0.864,1,1.825,0.8859,231,0
IWM190920P158,2019-09-16,2019-09-16 09:36:10,1.85,0.898,121,1.81,0.8786,78,1.78,0.864,1,1.83,0.8883,231,0
IWM190920P158,2019-09-16,2019-09-16 09:36:11,1.84,0.8932,181,1.81,0.8786,73,1.78,0.864,1,1.825,0.8859,231,0
IWM190920P158,2019-09-16,2019-09-16 09:36:11,1.84,0.8932,164,1.81,0.8786,44,1.78,0.864,1,1.825,0.8859,231,0
IWM190920P158,2019-09-16,2019-09-16 09:36:12,1.84,0.8932,18,1.82,0.8834,21,1.78,0.864,1,1.83,0.8883,231,0
IWM190920P158,2019-09-16,2019-09-16 09:36:12,1.85,0.898,155,1.82,0.8834,41,1.78,0.864,1,1.835,0.8907,231,0
IWM190920P158,2019-09-16,2019-09-16 09:36:13,1.84,0.8932,19,1.81,0.8786,73,1.78,0.864,1,1.825,0.8859,231,0
IWM190920P158,2019-09-16,2019-09-16 09:36:13,1.84,0.8932,37,1.81,0.8786,46,1.78,0.864,1,1.825,0.8859,231,0
IWM190920P158,2019-09-16,2019-09-16 09:36:14,1.85,0.898,46,1.82,0.8834,19,1.78,0.864,1,1.835,0.8907,231,0
IWM190920P158,2019-09-16,2019-09-16 09:36:14,1.84,0.8932,51,1.81,0.8786,61,1.78,0.864,1,1.825,0.8859,231,0
IWM190920P158,2019-09-16,2019-09-16 09:36:15,1.85,0.898,76,1.83,0.8883,6,1.78,0.864,1,1.84,0.8932,231,0
IWM190920P158,2019-09-16,2019-09-16 09:36:15,1.84,0.8932,38,1.82,0.8834,20,1.78,0.864,1,1.83,0.8883,231,0
IWM190920P158,2019-09-16,2019-09-16 09:36:16,1.82,0.8834,40,1.8,0.8737,33,1.78,0.864,1,1.81,0.8786,231,0
IWM190920P158,2019-09-16,2019-09-16 09:36:16,1.84,0.8932,58,1.81,0.8786,37,1.78,0.864,1,1.825,0.8859,231,0
IWM190920P158,2019-09-16,2019-09-16 09:36:17,1.82,0.8834,53,1.8,0.8737,3,1.78,0.864,1,1.81,0.8786,231,0
IWM190920P158,2019-09-16,2019-09-16 09:36:17,1.82,0.8834,53,1.8,0.8737,36,1.78,0.864,1,1.81,0.8786,231,0
IWM190920P158,2019-09-16,2019-09-16 09:36:18,1.82,0.8834,167,1.79,0.8689,47,1.78,0.864,1,1.805,0.8762,231,0
IWM190920P158,2019-09-16,2019-09-16 09:36:18,1.82,0.8834,62,1.79,0.8689,50,1.78,0.864,1,1.805,0.8762,231,0
IWM190920P158,2019-09-16,2019-09-16 09:36:19,1.82,0.8834,41,1.79,0.8689,19,1.78,0.864,1,1.805,0.8762,231,0
IWM190920P158,2019-09-16,2019-09-16 09:36:20,1.82,0.8834,158,1.78,0.864,119,1.78,0.864,1,1.8,0.8737,231,0
IWM190920P158,2019-09-16,2019-09-16 09:36:20,1.82,0.8834,40,1.78,0.864,119,1.78,0.864,1,1.8,0.8737,231,0
IWM190920P158,2019-09-16,2019-09-16 09:36:21,1.82,0.8834,38,1.8,0.8737,6,1.78,0.864,1,1.81,0.8786,231,0
IWM190920P158,2019-09-16,2019-09-16 09:36:21,1.81,0.8786,16,1.78,0.864,28,1.78,0.864,1,1.795,0.8713,231,0
IWM190920P158,2019-09-16,2019-09-16 09:36:22,1.82,0.8834,16,1.8,0.8737,24,1.78,0.864,1,1.81,0.8786,231,0
IWM190920P158,2019-09-16,2019-09-16 09:36:23,1.83,0.8883,57,1.81,0.8786,4,1.78,0.864,1,1.82,0.8834,231,0
IWM190920P158,2019-09-16,2019-09-16 09:36:23,1.83,0.8883,68,1.81,0.8786,4,1.78,0.864,1,1.82,0.8834,231,0
IWM190920P158,2019-09-16,2019-09-16 09:36:24,1.83,0.8883,144,1.79,0.8689,31,1.78,0.864,1,1.81,0.8786,231,0
IWM190920P158,2019-09-16,2019-09-16 09:36:24,1.82,0.8834,13,1.8,0.8737,8,1.78,0.864,1,1.81,0.8786,231,0
IWM190920P158,2019-09-16,2019-09-16 09:36:25,1.83,0.8883,39,1.81,0.8786,30,1.78,0.864,1,1.82,0.8834,231,0
IWM190920P158,2019-09-16,2019-09-16 09:36:26,1.84,0.8932,29,1.81,0.8786,69,1.78,0.864,1,1.825,0.8859,231,0
IWM190920P158,2019-09-16,2019-09-16 09:36:26,1.83,0.8883,41,1.81,0.8786,44,1.78,0.864,1,1.82,0.8834,231,0
IWM190920P158,2019-09-16,2019-09-16 09:36:27,1.84,0.8932,172,1.82,0.8834,7,1.78,0.864,1,1.83,0.8883,231,0
IWM190920P158,2019-09-16,2019-09-16 09:36:27,1.85,0.898,63,1.83,0.8883,18,1.78,0.864,1,1.84,0.8932,231,0
IWM190920P158,2019-09-16,2019-09-16 09:36:28,1.85,0.898,10,1.84,0.8932,5,1.78,0.864,1,1.845,0.8956,231,0
IWM190920P158,2019-09-16,2019-09-16 09:36:28,1.85,0.898,95,1.83,0.8883,28,1.78,0.864,1,1.84,0.8932,231,0
IWM190920P158,2019-09-16,2019-09-16 09:36:29,1.85,0.898,20,1.83,0.8883,61,1.78,0.864,1,1.84,0.8932,231,0
IWM190920P158,2019-09-16,2019-09-16 09:36:29,1.85,0.898,20,1.83,0.8883,23,1.78,0.864,1,1.84,0.8932,231,0
IWM190920P158,2019-09-16,2019-09-16 09:36:30,1.85,0.898,108,1.83,0.8883,59,1.78,0.864,1,1.84,0.8932,231,0
IWM190920P158,2019-09-16,2019-09-16 09:36:31,1.85,0.898,108,1.83,0.8883,105,1.78,0.864,1,1.84,0.8932,231,0
IWM190920P158,2019-09-16,2019-09-16 09:36:32,1.85,0.898,28,1.83,0.8883,43,1.78,0.864,1,1.84,0.8932,231,0
IWM190920P158,2019-09-16,2019-09-16 09:36:32,1.85,0.898,59,1.83,0.8883,95,1.78,0.864,1,1.84,0.8932,231,0
IWM190920P158,2019-09-16,2019-09-16 09:36:33,1.85,0.898,75,1.83,0.8883,43,1.78,0.864,1,1.84,0.8932,231,0
IWM190920P158,2019-09-16,2019-09-16 09:36:33,1.85,0.898,231,1.83,0.8883,43,1.78,0.864,1,1.84,0.8932,231,0
IWM190920P158,2019-09-16,2019-09-16 09:36:34,1.85,0.898,10,1.83,0.8883,43,1.78,0.864,1,1.84,0.8932,231,0
IWM190920P158,2019-09-16,2019-09-16 09:36:34,1.87,0.9077,52,1.85,0.898,6,1.85,0.898,10,1.86,0.9029,241,10
IWM190920P158,2019-09-16,2019-09-16 09:36:35,1.86,0.9029,27,1.84,0.8932,53,1.85,0.898,10,1.85,0.898,241,0
IWM190920P158,2019-09-16,2019-09-16 09:36:35,1.86,0.9029,41,1.84,0.8932,87,1.85,0.898,10,1.85,0.898,241,0
IWM190920P158,2019-09-16,2019-09-16 09:36:36,1.86,0.9029,84,1.84,0.8932,53,1.85,0.898,10,1.85,0.898,241,0
IWM190920P158,2019-09-16,2019-09-16 09:36:36,1.86,0.9029,30,1.84,0.8932,59,1.85,0.898,10,1.85,0.898,241,0
IWM190920P158,2019-09-16,2019-09-16 09:36:37,1.88,0.9126,53,1.87,0.9077,2,1.85,0.898,10,1.875,0.9101,241,0
IWM190920P158,2019-09-16,2019-09-16 09:36:37,1.87,0.9077,94,1.85,0.898,43,1.85,0.898,10,1.86,0.9029,241,0
IWM190920P158,2019-09-16,2019-09-16 09:36:38,1.88,0.9126,50,1.86,0.9029,50,1.85,0.898,10,1.87,0.9077,241,0
IWM190920P158,2019-09-16,2019-09-16 09:36:38,1.88,0.9126,53,1.87,0.9077,2,1.85,0.898,10,1.875,0.9101,241,0
IWM190920P158,2019-09-16,2019-09-16 09:36:39,1.89,0.9174,141,1.87,0.9077,29,1.85,0.898,10,1.88,0.9126,241,0
IWM190920P158,2019-09-16,2019-09-16 09:36:39,1.88,0.9126,95,1.86,0.9029,58,1.85,0.898,10,1.87,0.9077,241,0
IWM190920P158,2019-09-16,2019-09-16 09:36:40,1.89,0.9174,4,1.87,0.9077,49,1.85,0.898,10,1.88,0.9126,241,0
IWM190920P158,2019-09-16,2019-09-16 09:36:40,1.89,0.9174,45,1.87,0.9077,20,1.85,0.898,10,1.88,0.9126,241,0
IWM190920P158,2019-09-16,2019-09-16 09:36:41,1.89,0.9174,4,1.88,0.9126,9,1.85,0.898,10,1.885,0.915,241,0
IWM190920P158,2019-09-16,2019-09-16 09:36:41,1.89,0.9174,4,1.87,0.9077,73,1.85,0.898,10,1.88,0.9126,241,0
IWM190920P158,2019-09-16,2019-09-16 09:36:42,1.91,0.9271,77,1.88,0.9126,14,1.89,0.9174,1,1.895,0.9199,246,0
IWM190920P158,2019-09-16,2019-09-16 09:36:42,1.91,0.9271,44,1.88,0.9126,14,1.89,0.9174,1,1.895,0.9199,246,5
IWM190920P158,2019-09-16,2019-09-16 09:36:43,1.91,0.9271,67,1.88,0.9126,14,1.89,0.9174,1,1.895,0.9199,246,0
IWM190920P158,2019-09-16,2019-09-16 09:36:44,1.92,0.932,39,1.9,0.9223,35,1.89,0.9174,1,1.91,0.9271,246,0
IWM190920P158,2019-09-16,2019-09-16 09:36:44,1.93,0.9368,45,1.92,0.932,2,1.89,0.9174,1,1.925,0.9344,246,0
IWM190920P158,2019-09-16,2019-09-16 09:36:45,1.94,0.9417,39,1.91,0.9271,20,1.89,0.9174,1,1.925,0.9344,246,0
IWM190920P158,2019-09-16,2019-09-16 09:36:45,1.93,0.9368,63,1.91,0.9271,20,1.89,0.9174,1,1.92,0.932,246,0
IWM190920P158,2019-09-16,2019-09-16 09:36:46,1.94,0.9417,31,1.92,0.932,29,1.89,0.9174,1,1.93,0.9368,246,0
IWM190920P158,2019-09-16,2019-09-16 09:36:46,1.95,0.9466,39,1.93,0.9368,10,1.89,0.9174,1,1.94,0.9417,246,0
IWM190920P158,2019-09-16,2019-09-16 09:36:47,1.94,0.9417,182,1.92,0.932,7,1.89,0.9174,1,1.93,0.9368,246,0
IWM190920P158,2019-09-16,2019-09-16 09:36:47,1.94,0.9417,29,1.92,0.932,5,1.89,0.9174,1,1.93,0.9368,246,0
IWM190920P158,2019-09-16,2019-09-16 09:36:48,1.92,0.932,13,1.91,0.9271,13,1.89,0.9174,1,1.915,0.9296,246,0
IWM190920P158,2019-09-16,2019-09-16 09:36:48,1.94,0.9417,182,1.91,0.9271,32,1.89,0.9174,1,1.925,0.9344,246,0
IWM190920P158,2019-09-16,2019-09-16 09:36:49,1.93,0.9368,103,1.91,0.9271,13,1.89,0.9174,1,1.92,0.932,246,0
IWM190920P158,2019-09-16,2019-09-16 09:36:49,1.93,0.9368,69,1.91,0.9271,10,1.89,0.9174,1,1.92,0.932,246,0
IWM190920P158,2019-09-16,2019-09-16 09:36:50,1.92,0.932,44,1.85,0.898,6,1.9,0.9223,49,1.885,0.915,296,50
IWM190920P158,2019-09-16,2019-09-16 09:36:50,1.93,0.9368,167,1.91,0.9271,11,1.89,0.9174,1,1.92,0.932,246,0
IWM190920P158,2019-09-16,2019-09-16 09:36:51,1.91,0.9271,305,1.86,0.9029,77,1.9,0.9223,49,1.885,0.915,296,0
IWM190920P158,2019-09-16,2019-09-16 09:36:51,1.91,0.9271,295,1.86,0.9029,51,1.9,0.9223,49,1.885,0.915,296,0
IWM190920P158,2019-09-16,2019-09-16 09:36:52,1.89,0.9174,17,1.87,0.9077,27,1.9,0.9223,49,1.88,0.9126,296,0
IWM190920P158,2019-09-16,2019-09-16 09:36:52,1.91,0.9271,17,1.89,0.9174,4,1.9,0.9223,49,1.9,0.9223,296,0
IWM190920P158,2019-09-16,2019-09-16 09:36:53,1.92,0.932,93,1.87,0.9077,132,1.9,0.9223,49,1.895,0.9199,296,0
IWM190920P158,2019-09-16,2019-09-16 09:36:53,1.92,0.932,112,1.87,0.9077,136,1.9,0.9223,49,1.895,0.9199,296,0
IWM190920P158,2019-09-16,2019-09-16 09:36:54,1.91,0.9271,17,1.88,0.9126,28,1.9,0.9223,49,1.895,0.9199,296,0
IWM190920P158,2019-09-16,2019-09-16 09:36:54,1.92,0.932,103,1.89,0.9174,2,1.9,0.9223,49,1.905,0.9247,296,0
IWM190920P158,2019-09-16,2019-09-16 09:36:55,1.91,0.9271,17,1.89,0.9174,12,1.9,0.9223,49,1.9,0.9223,296,0
IWM190920P158,2019-09-16,2019-09-16 09:36:55,1.91,0.9271,24,1.89,0.9174,2,1.9,0.9223,49,1.9,0.9223,296,0
IWM190920P158,2019-09-16,2019-09-16 09:36:56,1.91,0.9271,13,1.89,0.9174,20,1.9,0.9223,49,1.9,0.9223,296,0
IWM190920P158,2019-09-16,2019-09-16 09:36:56,1.91,0.9271,29,1.89,0.9174,12,1.9,0.9223,49,1.9,0.9223,296,0
IWM190920P158,2019-09-16,2019-09-16 09:36:57,1.92,0.932,43,1.9,0.9223,10,1.9,0.9223,49,1.91,0.9271,296,0
IWM190920P158,2019-09-16,2019-09-16 09:36:57,1.93,0.9368,13,1.92,0.932,8,1.9,0.9223,49,1.925,0.9344,296,0
IWM190920P158,2019-09-16,2019-09-16 09:36:58,1.93,0.9368,13,1.91,0.9271,30,1.9,0.9223,49,1.92,0.932,296,0
IWM190920P158,2019-09-16,2019-09-16 09:36:58,1.95,0.9466,74,1.92,0.932,20,1.9,0.9223,49,1.935,0.9393,296,0
IWM190920P158,2019-09-16,2019-09-16 09:36:59,1.96,0.9514,99,1.93,0.9368,26,1.9,0.9223,49,1.945,0.9441,296,0
IWM190920P158,2019-09-16,2019-09-16 09:36:59,1.95,0.9466,13,1.91,0.9271,13,1.9,0.9223,49,1.93,0.9368,296,0
IWM190920P158,2019-09-16,2019-09-16 09:37:00,1.94,0.9417,103,1.91,0.9271,30,1.9,0.9223,49,1.925,0.9344,296,0
IWM190920P158,2019-09-16,2019-09-16 09:37:01,1.96,0.9514,23,1.93,0.9368,34,1.9,0.9223,49,1.945,0.9441,296,0
IWM190920P158,2019-09-16,2019-09-16 09:37:01,1.96,0.9514,15,1.94,0.9417,11,1.9,0.9223,49,1.95,0.9466,296,0
IWM190920P158,2019-09-16,2019-09-16 09:37:02,1.97,0.9563,227,1.94,0.9417,42,1.9,0.9223,49,1.955,0.949,296,0
IWM190920P158,2019-09-16,2019-09-16 09:37:02,1.95,0.9466,156,1.92,0.932,28,1.9,0.9223,49,1.935,0.9393,296,0
IWM190920P158,2019-09-16,2019-09-16 09:37:03,1.96,0.9514,53,1.94,0.9417,5,1.9,0.9223,49,1.95,0.9466,296,0
IWM190920P158,2019-09-16,2019-09-16 09:37:03,1.96,0.9514,56,1.94,0.9417,12,1.9,0.9223,49,1.95,0.9466,296,0
IWM190920P158,2019-09-16,2019-09-16 09:37:04,1.96,0.9514,56,1.93,0.9368,59,1.9,0.9223,49,1.945,0.9441,296,0
IWM190920P158,2019-09-16,2019-09-16 09:37:04,1.96,0.9514,56,1.94,0.9417,5,1.9,0.9223,49,1.95,0.9466,296,0
IWM190920P158,2019-09-16,2019-09-16 09:37:05,1.96,0.9514,181,1.94,0.9417,5,1.9,0.9223,49,1.95,0.9466,296,0
IWM190920P158,2019-09-16,2019-09-16 09:37:05,1.95,0.9466,17,1.92,0.932,20,1.9,0.9223,49,1.935,0.9393,296,0
IWM190920P158,2019-09-16,2019-09-16 09:37:06,1.94,0.9417,139,1.91,0.9271,28,1.9,0.9223,49,1.925,0.9344,296,0
IWM190920P158,2019-09-16,2019-09-16 09:37:06,1.94,0.9417,13,1.92,0.932,19,1.9,0.9223,49,1.93,0.9368,296,0
IWM190920P158,2019-09-16,2019-09-16 09:37:07,1.93,0.9368,70,1.91,0.9271,5,1.9,0.9223,49,1.92,0.932,296,0
IWM190920P158,2019-09-16,2019-09-16 09:37:07,1.93,0.9368,84,1.91,0.9271,10,1.9,0.9223,49,1.92,0.932,296,0
IWM190920P158,2019-09-16,2019-09-16 09:37:08,1.92,0.932,24,1.9,0.9223,8,1.9,0.9223,49,1.91,0.9271,296,0
IWM190920P158,2019-09-16,2019-09-16 09:37:08,1.91,0.9271,13,1.88,0.9126,25,1.9,0.9223,49,1.895,0.9199,296,0
IWM190920P158,2019-09-16,2019-09-16 09:37:09,1.91,0.9271,90,1.88,0.9126,78,1.9,0.9223,49,1.895,0.9199,296,0
IWM190920P158,2019-09-16,2019-09-16 09:37:09,1.92,0.932,112,1.9,0.9223,22,1.9,0.9223,49,1.91,0.9271,296,0
IWM190920P158,2019-09-16,2019-09-16 09:37:10,1.9,0.9223,103,1.88,0.9126,32,1.9,0.9223,49,1.89,0.9174,296,0
IWM190920P158,2019-09-16,2019-09-16 09:37:11,1.88,0.9126,39,1.85,0.898,54,1.9,0.9223,49,1.865,0.9053,296,0
IWM190920P158,2019-09-16,2019-09-16 09:37:11,1.88,0.9126,31,1.85,0.898,40,1.9,0.9223,49,1.865,0.9053,296,0
IWM190920P158,2019-09-16,2019-09-16 09:37:12,1.88,0.9126,185,1.86,0.9029,3,1.9,0.9223,49,1.87,0.9077,296,0
IWM190920P158,2019-09-16,2019-09-16 09:37:12,1.87,0.9077,96,1.86,0.9029,3,1.9,0.9223,49,1.865,0.9053,296,0
IWM190920P158,2019-09-16,2019-09-16 09:37:13,1.86,0.9029,15,1.83,0.8883,34,1.9,0.9223,49,1.845,0.8956,296,0
IWM190920P158,2019-09-16,2019-09-16 09:37:13,1.87,0.9077,27,1.84,0.8932,13,1.9,0.9223,49,1.855,0.9004,296,0
IWM190920P158,2019-09-16,2019-09-16 09:37:14,1.87,0.9077,100,1.84,0.8932,25,1.9,0.9223,49,1.855,0.9004,296,0
IWM190920P158,2019-09-16,2019-09-16 09:37:14,1.88,0.9126,53,1.86,0.9029,3,1.9,0.9223,49,1.87,0.9077,296,0
IWM190920P158,2019-09-16,2019-09-16 09:37:15,1.87,0.9077,159,1.84,0.8932,38,1.9,0.9223,49,1.855,0.9004,296,0
IWM190920P158,2019-09-16,2019-09-16 09:37:15,1.87,0.9077,103,1.84,0.8932,25,1.9,0.9223,49,1.855,0.9004,296,0
IWM190920P158,2019-09-16,2019-09-16 09:37:16,1.87,0.9077,20,1.85,0.898,21,1.9,0.9223,49,1.86,0.9029,296,0
IWM190920P158,2019-09-16,2019-09-16 09:37:16,1.87,0.9077,171,1.84,0.8932,38,1.9,0.9223,49,1.855,0.9004,296,0
IWM190920P158,2019-09-16,2019-09-16 09:37:17,1.87,0.9077,20,1.85,0.898,7,1.9,0.9223,49,1.86,0.9029,296,0
IWM190920P158,2019-09-16,2019-09-16 09:37:18,1.87,0.9077,39,1.85,0.898,11,1.9,0.9223,49,1.86,0.9029,296,0
IWM190920P158,2019-09-16,2019-09-16 09:37:18,1.89,0.9174,211,1.85,0.898,19,1.9,0.9223,49,1.87,0.9077,296,0
IWM190920P158,2019-09-16,2019-09-16 09:37:19,1.88,0.9126,79,1.86,0.9029,10,1.9,0.9223,49,1.87,0.9077,296,0
IWM190920P158,2019-09-16,2019-09-16 09:37:19,1.88,0.9126,36,1.85,0.898,23,1.9,0.9223,49,1.865,0.9053,296,0
IWM190920P158,2019-09-16,2019-09-16 09:37:20,1.88,0.9126,117,1.84,0.8932,13,1.9,0.9223,49,1.86,0.9029,296,0
IWM190920P158,2019-09-16,2019-09-16 09:37:20,1.88,0.9126,41,1.84,0.8932,13,1.9,0.9223,49,1.86,0.9029,296,0
IWM190920P158,2019-09-16,2019-09-16 09:37:21,1.88,0.9126,29,1.86,0.9029,1,1.9,0.9223,49,1.87,0.9077,296,0
IWM190920P158,2019-09-16,2019-09-16 09:37:21,1.87,0.9077,94,1.84,0.8932,16,1.9,0.9223,49,1.855,0.9004,296,0
IWM190920P158,2019-09-16,2019-09-16 09:37:22,1.88,0.9126,13,1.86,0.9029,14,1.9,0.9223,49,1.87,0.9077,296,0
IWM190920P158,2019-09-16,2019-09-16 09:37:22,1.87,0.9077,18,1.84,0.8932,13,1.9,0.9223,49,1.855,0.9004,296,0
IWM190920P158,2019-09-16,2019-09-16 09:37:23,1.88,0.9126,26,1.85,0.898,24,1.9,0.9223,49,1.865,0.9053,296,0
IWM190920P158,2019-09-16,2019-09-16 09:37:23,1.87,0.9077,4,1.85,0.898,4,1.9,0.9223,49,1.86,0.9029,296,0
IWM190920P158,2019-09-16,2019-09-16 09:37:24,1.88,0.9126,78,1.85,0.898,20,1.9,0.9223,49,1.865,0.9053,296,0
IWM190920P158,2019-09-16,2019-09-16 09:37:24,1.87,0.9077,50,1.84,0.8932,56,1.9,0.9223,49,1.855,0.9004,296,0
IWM190920P158,2019-09-16,2019-09-16 09:37:25,1.86,0.9029,24,1.83,0.8883,65,1.9,0.9223,49,1.845,0.8956,296,0
IWM190920P158,2019-09-16,2019-09-16 09:37:25,1.87,0.9077,25,1.84,0.8932,47,1.9,0.9223,49,1.855,0.9004,296,0
IWM190920P158,2019-09-16,2019-09-16 09:37:26,1.85,0.898,7,1.83,0.8883,65,1.9,0.9223,49,1.84,0.8932,296,0
IWM190920P158,2019-09-16,2019-09-16 09:37:26,1.85,0.898,5,1.83,0.8883,65,1.9,0.9223,49,1.84,0.8932,296,0
IWM190920P158,2019-09-16,2019-09-16 09:37:27,1.86,0.9029,26,1.84,0.8932,3,1.9,0.9223,49,1.85,0.898,296,0
IWM190920P158,2019-09-16,2019-09-16 09:37:27,1.85,0.898,18,1.83,0.8883,22,1.9,0.9223,49,1.84,0.8932,296,0
IWM190920P158,2019-09-16,2019-09-16 09:37:28,1.86,0.9029,39,1.83,0.8883,54,1.9,0.9223,49,1.845,0.8956,296,0
IWM190920P158,2019-09-16,2019-09-16 09:37:28,1.86,0.9029,26,1.83,0.8883,80,1.9,0.9223,49,1.845,0.8956,296,0
IWM190920P158,2019-09-16,2019-09-16 09:37:29,1.86,0.9029,39,1.84,0.8932,3,1.9,0.9223,49,1.85,0.898,296,0
IWM190920P158,2019-09-16,2019-09-16 09:37:30,1.86,0.9029,76,1.84,0.8932,20,1.9,0.9223,49,1.85,0.898,296,0
IWM190920P158,2019-09-16,2019-09-16 09:37:30,1.86,0.9029,123,1.83,0.8883,9,1.9,0.9223,49,1.845,0.8956,296,0
IWM190920P158,2019-09-16,2019-09-16 09:37:31,1.87,0.9077,41,1.84,0.8932,101,1.9,0.9223,49,1.855,0.9004,296,0
IWM190920P158,2019-09-16,2019-09-16 09:37:31,1.87,0.9077,2,1.84,0.8932,195,1.9,0.9223,49,1.855,0.9004,296,0
IWM190920P158,2019-09-16,2019-09-16 09:37:32,1.88,0.9126,21,1.86,0.9029,6,1.9,0.9223,49,1.87,0.9077,296,0
IWM190920P158,2019-09-16,2019-09-16 09:37:32,1.88,0.9126,27,1.86,0.9029,10,1.9,0.9223,49,1.87,0.9077,296,0
IWM190920P158,2019-09-16,2019-09-16 09:37:33,1.88,0.9126,49,1.86,0.9029,11,1.9,0.9223,49,1.87,0.9077,296,0
IWM190920P158,2019-09-16,2019-09-16 09:37:33,1.88,0.9126,27,1.86,0.9029,21,1.9,0.9223,49,1.87,0.9077,296,0
IWM190920P158,2019-09-16,2019-09-16 09:37:34,1.88,0.9126,27,1.86,0.9029,11,1.9,0.9223,49,1.87,0.9077,296,0
IWM190920P158,2019-09-16,2019-09-16 09:37:34,1.88,0.9126,27,1.85,0.898,32,1.9,0.9223,49,1.865,0.9053,296,0
IWM190920P158,2019-09-16,2019-09-16 09:37:35,1.87,0.9077,26,1.85,0.898,16,1.9,0.9223,49,1.86,0.9029,296,0
IWM190920P158,2019-09-16,2019-09-16 09:37:35,1.87,0.9077,15,1.85,0.898,16,1.9,0.9223,49,1.86,0.9029,296,0
IWM190920P158,2019-09-16,2019-09-16 09:37:36,1.87,0.9077,30,1.85,0.898,34,1.9,0.9223,49,1.86,0.9029,296,0
IWM190920P158,2019-09-16,2019-09-16 09:37:36,1.86,0.9029,39,1.84,0.8932,26,1.9,0.9223,49,1.85,0.898,296,0
IWM190920P158,2019-09-16,2019-09-16 09:37:37,1.87,0.9077,26,1.85,0.898,8,1.9,0.9223,49,1.86,0.9029,296,0
IWM190920P158,2019-09-16,2019-09-16 09:37:37,1.86,0.9029,39,1.84,0.8932,26,1.9,0.9223,49,1.85,0.898,296,0
IWM190920P158,2019-09-16,2019-09-16 09:37:38,1.89,0.9174,38,1.86,0.9029,27,1.87,0.9077,4,1.875,0.9101,304,8
IWM190920P158,2019-09-16,2019-09-16 09:37:38,1.89,0.9174,38,1.86,0.9029,27,1.87,0.9077,4,1.875,0.9101,304,0
IWM190920P158,2019-09-16,2019-09-16 09:37:39,1.89,0.9174,19,1.87,0.9077,10,1.87,0.9077,4,1.88,0.9126,304,0
IWM190920P158,2019-09-16,2019-09-16 09:37:39,1.89,0.9174,19,1.87,0.9077,24,1.87,0.9077,4,1.88,0.9126,304,0
IWM190920P158,2019-09-16,2019-09-16 09:37:40,1.89,0.9174,25,1.87,0.9077,10,1.87,0.9077,4,1.88,0.9126,304,0
IWM190920P158,2019-09-16,2019-09-16 09:37:41,1.89,0.9174,25,1.86,0.9029,3,1.87,0.9077,4,1.875,0.9101,304,0
IWM190920P158,2019-09-16,2019-09-16 09:37:41,1.89,0.9174,32,1.86,0.9029,77,1.87,0.9077,4,1.875,0.9101,304,0
IWM190920P158,2019-09-16,2019-09-16 09:37:42,1.89,0.9174,43,1.87,0.9077,11,1.87,0.9077,4,1.88,0.9126,304,0
IWM190920P158,2019-09-16,2019-09-16 09:37:42,1.89,0.9174,32,1.86,0.9029,132,1.87,0.9077,4,1.875,0.9101,304,0
IWM190920P158,2019-09-16,2019-09-16 09:37:43,1.9,0.9223,39,1.87,0.9077,28,1.87,0.9077,4,1.885,0.915,304,0
IWM190920P158,2019-09-16,2019-09-16 09:37:43,1.89,0.9174,23,1.87,0.9077,28,1.87,0.9077,4,1.88,0.9126,304,0
IWM190920P158,2019-09-16,2019-09-16 09:37:44,1.89,0.9174,17,1.87,0.9077,13,1.87,0.9077,4,1.88,0.9126,304,0
IWM190920P158,2019-09-16,2019-09-16 09:37:44,1.9,0.9223,69,1.88,0.9126,7,1.87,0.9077,4,1.89,0.9174,304,0
IWM190920P158,2019-09-16,2019-09-16 09:37:45,1.91,0.9271,26,1.88,0.9126,136,1.87,0.9077,4,1.895,0.9199,304,0
IWM190920P158,2019-09-16,2019-09-16 09:37:45,1.91,0.9271,26,1.88,0.9126,7,1.87,0.9077,4,1.895,0.9199,304,0
IWM190920P158,2019-09-16,2019-09-16 09:37:46,1.91,0.9271,105,1.89,0.9174,3,1.87,0.9077,4,1.9,0.9223,304,0
IWM190920P158,2019-09-16,2019-09-16 09:37:46,1.92,0.932,56,1.9,0.9223,1,1.87,0.9077,4,1.91,0.9271,304,0
IWM190920P158,2019-09-16,2019-09-16 09:37:47,1.91,0.9271,70,1.89,0.9174,3,1.87,0.9077,4,1.9,0.9223,304,0
IWM190920P158,2019-09-16,2019-09-16 09:37:48,1.88,0.9126,17,1.86,0.9029,28,1.87,0.9077,4,1.87,0.9077,304,0
IWM190920P158,2019-09-16,2019-09-16 09:37:48,1.91,0.9271,139,1.89,0.9174,3,1.87,0.9077,4,1.9,0.9223,304,0
IWM190920P158,2019-09-16,2019-09-16 09:37:49,1.88,0.9126,27,1.86,0.9029,1,1.87,0.9077,4,1.87,0.9077,304,0
IWM190920P158,2019-09-16,2019-09-16 09:37:49,1.88,0.9126,27,1.86,0.9029,51,1.87,0.9077,4,1.87,0.9077,304,0
IWM190920P158,2019-09-16,2019-09-16 09:37:50,1.88,0.9126,27,1.86,0.9029,10,1.87,0.9077,4,1.87,0.9077,304,0
IWM190920P158,2019-09-16,2019-09-16 09:37:50,1.88,0.9126,27,1.86,0.9029,12,1.87,0.9077,4,1.87,0.9077,304,0
IWM190920P158,2019-09-16,2019-09-16 09:37:51,1.87,0.9077,117,1.84,0.8932,77,1.87,0.9077,4,1.855,0.9004,304,0
IWM190920P158,2019-09-16,2019-09-16 09:37:51,1.87,0.9077,153,1.84,0.8932,34,1.87,0.9077,4,1.855,0.9004,304,0
IWM190920P158,2019-09-16,2019-09-16 09:37:52,1.86,0.9029,39,1.83,0.8883,89,1.87,0.9077,4,1.845,0.8956,304,0
IWM190920P158,2019-09-16,2019-09-16 09:37:52,1.86,0.9029,39,1.84,0.8932,6,1.87,0.9077,4,1.85,0.898,304,0
IWM190920P158,2019-09-16,2019-09-16 09:37:53,1.85,0.898,26,1.84,0.8932,1,1.87,0.9077,4,1.845,0.8956,304,0
IWM190920P158,2019-09-16,2019-09-16 09:37:53,1.85,0.898,26,1.84,0.8932,5,1.87,0.9077,4,1.845,0.8956,304,0
IWM190920P158,2019-09-16,2019-09-16 09:37:54,1.85,0.898,26,1.83,0.8883,10,1.87,0.9077,4,1.84,0.8932,304,0
IWM190920P158,2019-09-16,2019-09-16 09:37:54,1.84,0.8932,62,1.81,0.8786,56,1.87,0.9077,4,1.825,0.8859,304,0
IWM190920P158,2019-09-16,2019-09-16 09:37:55,1.84,0.8932,40,1.81,0.8786,4,1.87,0.9077,4,1.825,0.8859,304,0
IWM190920P158,2019-09-16,2019-09-16 09:37:55,1.84,0.8932,189,1.81,0.8786,56,1.87,0.9077,4,1.825,0.8859,304,0
IWM190920P158,2019-09-16,2019-09-16 09:37:56,1.83,0.8883,37,1.81,0.8786,18,1.87,0.9077,4,1.82,0.8834,304,0
IWM190920P158,2019-09-16,2019-09-16 09:37:56,1.83,0.8883,35,1.81,0.8786,10,1.87,0.9077,4,1.82,0.8834,304,0
IWM190920P158,2019-09-16,2019-09-16 09:37:57,1.82,0.8834,15,1.8,0.8737,18,1.87,0.9077,4,1.81,0.8786,304,0
IWM190920P158,2019-09-16,2019-09-16 09:37:57,1.83,0.8883,54,1.8,0.8737,25,1.87,0.9077,4,1.815,0.881,304,0
IWM190920P158,2019-09-16,2019-09-16 09:37:58,1.82,0.8834,53,1.79,0.8689,18,1.87,0.9077,4,1.805,0.8762,304,0
IWM190920P158,2019-09-16,2019-09-16 09:37:58,1.82,0.8834,173,1.79,0.8689,30,1.87,0.9077,4,1.805,0.8762,304,0
IWM190920P158,2019-09-16,2019-09-16 09:37:59,1.82,0.8834,82,1.8,0.8737,9,1.87,0.9077,4,1.81,0.8786,304,0
IWM190920P158,2019-09-16,2019-09-16 09:37:59,1.82,0.8834,50,1.8,0.8737,19,1.87,0.9077,4,1.81,0.8786,304,0
IWM190920P158,2019-09-16,2019-09-16 09:38:00,1.82,0.8834,172,1.8,0.8737,9,1.87,0.9077,4,1.81,0.8786,304,0
IWM190920P158,2019-09-16,2019-09-16 09:38:00,1.83,0.8883,57,1.81,0.8786,15,1.87,0.9077,4,1.82,0.8834,304,0
IWM190920P158,2019-09-16,2019-09-16 09:38:01,1.82,0.8834,73,1.8,0.8737,10,1.87,0.9077,4,1.81,0.8786,304,0
IWM190920P158,2019-09-16,2019-09-16 09:38:02,1.83,0.8883,142,1.8,0.8737,2,1.87,0.9077,4,1.815,0.881,304,0
IWM190920P158,2019-09-16,2019-09-16 09:38:03,1.83,0.8883,226,1.81,0.8786,10,1.87,0.9077,4,1.82,0.8834,304,0
IWM190920P158,2019-09-16,2019-09-16 09:38:03,1.83,0.8883,50,1.81,0.8786,10,1.87,0.9077,4,1.82,0.8834,304,0
IWM190920P158,2019-09-16,2019-09-16 09:38:04,1.83,0.8883,24,1.8,0.8737,17,1.87,0.9077,4,1.815,0.881,304,0
IWM190920P158,2019-09-16,2019-09-16 09:38:04,1.82,0.8834,18,1.8,0.8737,13,1.87,0.9077,4,1.81,0.8786,304,0
IWM190920P158,2019-09-16,2019-09-16 09:38:05,1.83,0.8883,24,1.81,0.8786,20,1.87,0.9077,4,1.82,0.8834,304,0
IWM190920P158,2019-09-16,2019-09-16 09:38:05,1.83,0.8883,24,1.81,0.8786,17,1.87,0.9077,4,1.82,0.8834,304,0
IWM190920P158,2019-09-16,2019-09-16 09:38:06,1.83,0.8883,5,1.8,0.8737,63,1.82,0.8834,1,1.815,0.881,305,1
IWM190920P158,2019-09-16,2019-09-16 09:38:06,1.83,0.8883,8,1.81,0.8786,22,1.87,0.9077,4,1.82,0.8834,304,0
IWM190920P158,2019-09-16,2019-09-16 09:38:07,1.83,0.8883,10,1.81,0.8786,30,1.82,0.8834,1,1.82,0.8834,305,0
IWM190920P158,2019-09-16,2019-09-16 09:38:07,1.83,0.8883,5,1.8,0.8737,124,1.82,0.8834,1,1.815,0.881,305,0
IWM190920P158,2019-09-16,2019-09-16 09:38:08,1.82,0.8834,16,1.8,0.8737,21,1.82,0.8834,1,1.81,0.8786,305,0
IWM190920P158,2019-09-16,2019-09-16 09:38:08,1.82,0.8834,26,1.8,0.8737,6,1.82,0.8834,1,1.81,0.8786,305,0
IWM190920P158,2019-09-16,2019-09-16 09:38:09,1.82,0.8834,23,1.8,0.8737,10,1.82,0.8834,1,1.81,0.8786,305,0
IWM190920P158,2019-09-16,2019-09-16 09:38:10,1.81,0.8786,23,1.79,0.8689,26,1.82,0.8834,1,1.8,0.8737,305,0
IWM190920P158,2019-09-16,2019-09-16 09:38:10,1.82,0.8834,29,1.79,0.8689,78,1.82,0.8834,1,1.805,0.8762,305,0
IWM190920P158,2019-09-16,2019-09-16 09:38:11,1.81,0.8786,10,1.79,0.8689,16,1.82,0.8834,1,1.8,0.8737,305,0
IWM190920P158,2019-09-16,2019-09-16 09:38:12,1.83,0.8883,21,1.79,0.8689,94,1.82,0.8834,1,1.81,0.8786,305,0
IWM190920P158,2019-09-16,2019-09-16 09:38:12,1.82,0.8834,21,1.79,0.8689,77,1.82,0.8834,1,1.805,0.8762,305,0
IWM190920P158,2019-09-16,2019-09-16 09:38:13,1.83,0.8883,74,1.79,0.8689,94,1.82,0.8834,1,1.81,0.8786,305,0
IWM190920P158,2019-09-16,2019-09-16 09:38:13,1.83,0.8883,74,1.81,0.8786,1,1.82,0.8834,1,1.82,0.8834,305,0
IWM190920P158,2019-09-16,2019-09-16 09:38:14,1.83,0.8883,103,1.8,0.8737,74,1.82,0.8834,1,1.815,0.881,305,0
IWM190920P158,2019-09-16,2019-09-16 09:38:14,1.83,0.8883,4,1.81,0.8786,43,1.82,0.8834,1,1.82,0.8834,305,0
IWM190920P158,2019-09-16,2019-09-16 09:38:15,1.83,0.8883,33,1.8,0.8737,28,1.82,0.8834,1,1.815,0.881,305,0
IWM190920P158,2019-09-16,2019-09-16 09:38:15,1.83,0.8883,22,1.81,0.8786,1,1.82,0.8834,1,1.82,0.8834,305,0
IWM190920P158,2019-09-16,2019-09-16 09:38:16,1.82,0.8834,99,1.79,0.8689,36,1.82,0.8834,1,1.805,0.8762,305,0
IWM190920P158,2019-09-16,2019-09-16 09:38:17,1.82,0.8834,152,1.79,0.8689,79,1.82,0.8834,1,1.805,0.8762,305,0
IWM190920P158,2019-09-16,2019-09-16 09:38:17,1.82,0.8834,132,1.79,0.8689,70,1.82,0.8834,1,1.805,0.8762,305,0
IWM190920P158,2019-09-16,2019-09-16 09:38:18,1.82,0.8834,132,1.78,0.864,67,1.82,0.8834,1,1.8,0.8737,305,0
IWM190920P158,2019-09-16,2019-09-16 09:38:18,1.82,0.8834,212,1.78,0.864,95,1.82,0.8834,1,1.8,0.8737,305,0
IWM190920P158,2019-09-16,2019-09-16 09:38:19,1.81,0.8786,113,1.78,0.864,43,1.82,0.8834,1,1.795,0.8713,305,0
IWM190920P158,2019-09-16,2019-09-16 09:38:19,1.82,0.8834,212,1.78,0.864,86,1.82,0.8834,1,1.8,0.8737,305,0
IWM190920P158,2019-09-16,2019-09-16 09:38:20,1.8,0.8737,16,1.78,0.864,26,1.82,0.8834,1,1.79,0.8689,305,0
IWM190920P158,2019-09-16,2019-09-16 09:38:21,1.81,0.8786,21,1.77,0.8592,25,1.82,0.8834,1,1.79,0.8689,305,0
IWM190920P158,2019-09-16,2019-09-16 09:38:21,1.8,0.8737,17,1.78,0.864,17,1.78,0.864,15,1.79,0.8689,355,50
IWM190920P158,2019-09-16,2019-09-16 09:38:22,1.8,0.8737,17,1.78,0.864,10,1.78,0.864,15,1.79,0.8689,355,0
IWM190920P158,2019-09-16,2019-09-16 09:38:23,1.8,0.8737,250,1.77,0.8592,49,1.78,0.864,15,1.785,0.8665,355,0
IWM190920P158,2019-09-16,2019-09-16 09:38:23,1.8,0.8737,69,1.77,0.8592,49,1.78,0.864,15,1.785,0.8665,355,0
IWM190920P158,2019-09-16,2019-09-16 09:38:24,1.8,0.8737,16,1.78,0.864,16,1.78,0.864,15,1.79,0.8689,355,0
IWM190920P158,2019-09-16,2019-09-16 09:38:24,1.8,0.8737,16,1.78,0.864,10,1.78,0.864,15,1.79,0.8689,355,0
IWM190920P158,2019-09-16,2019-09-16 09:38:25,1.81,0.8786,138,1.78,0.864,18,1.78,0.864,15,1.795,0.8713,355,0
IWM190920P158,2019-09-16,2019-09-16 09:38:26,1.82,0.8834,68,1.8,0.8737,5,1.78,0.864,15,1.81,0.8786,355,0
IWM190920P158,2019-09-16,2019-09-16 09:38:26,1.82,0.8834,61,1.8,0.8737,5,1.78,0.864,15,1.81,0.8786,355,0
