symbol,Date,quote_time,ask_price,norm_ask_price,ask_size,bid_price,norm_bid_price,bid_size,last_trade_price,norm_last_trade_price,last_trade_size,mark_price,norm_mark_price,volume,Volume
IWM190920C159,2019-09-13,2019-09-13 09:30:00,1.27,1.0,15,0.98,0.7716,15,0.85,0.6692,13,1.125,0.8858,0,0
IWM190920C159,2019-09-13,2019-09-13 09:30:01,1.27,1.0,15,0.98,0.7716,15,0.85,0.6692,13,1.125,0.8858,0,0
IWM190920C159,2019-09-13,2019-09-13 09:30:02,1.24,0.9763,1,0.99,0.7795,1,0.85,0.6692,13,1.115,0.8779,0,0
IWM190920C159,2019-09-13,2019-09-13 09:30:02,1.24,0.9763,1,0.98,0.7716,29,0.85,0.6692,13,1.11,0.874,0,0
IWM190920C159,2019-09-13,2019-09-13 09:30:03,1.17,0.9212,60,1.09,0.8582,60,0.85,0.6692,13,1.13,0.8897,0,0
IWM190920C159,2019-09-13,2019-09-13 09:30:03,1.18,0.9291,15,1.1,0.8661,30,0.85,0.6692,13,1.14,0.8976,0,0
IWM190920C159,2019-09-13,2019-09-13 09:30:04,1.17,0.9212,60,1.09,0.8582,60,0.85,0.6692,13,1.13,0.8897,0,0
IWM190920C159,2019-09-13,2019-09-13 09:30:04,1.17,0.9212,30,1.09,0.8582,30,0.85,0.6692,13,1.13,0.8897,0,0
IWM190920C159,2019-09-13,2019-09-13 09:30:05,1.17,0.9212,15,1.1,0.8661,30,0.85,0.6692,13,1.135,0.8937,0,0
IWM190920C159,2019-09-13,2019-09-13 09:30:06,1.19,0.937,30,1.12,0.8818,16,0.85,0.6692,13,1.155,0.9094,0,0
IWM190920C159,2019-09-13,2019-09-13 09:30:06,1.18,0.9291,30,1.11,0.874,15,0.85,0.6692,13,1.145,0.9015,0,0
IWM190920C159,2019-09-13,2019-09-13 09:30:07,1.18,0.9291,21,1.12,0.8818,60,0.85,0.6692,13,1.15,0.9055,0,0
IWM190920C159,2019-09-13,2019-09-13 09:30:07,1.19,0.937,30,1.12,0.8818,30,0.85,0.6692,13,1.155,0.9094,0,0
IWM190920C159,2019-09-13,2019-09-13 09:30:08,1.17,0.9212,39,1.13,0.8897,60,0.85,0.6692,13,1.15,0.9055,0,0
IWM190920C159,2019-09-13,2019-09-13 09:30:09,1.17,0.9212,39,1.13,0.8897,90,0.85,0.6692,13,1.15,0.9055,0,0
IWM190920C159,2019-09-13,2019-09-13 09:30:09,1.17,0.9212,39,1.14,0.8976,60,0.85,0.6692,13,1.155,0.9094,0,0
IWM190920C159,2019-09-13,2019-09-13 09:30:10,1.17,0.9212,13,1.14,0.8976,67,0.85,0.6692,13,1.155,0.9094,0,0
IWM190920C159,2019-09-13,2019-09-13 09:30:10,1.17,0.9212,39,1.14,0.8976,60,0.85,0.6692,13,1.155,0.9094,0,0
IWM190920C159,2019-09-13,2019-09-13 09:30:11,1.17,0.9212,47,1.14,0.8976,60,0.85,0.6692,13,1.155,0.9094,0,0
IWM190920C159,2019-09-13,2019-09-13 09:30:11,1.17,0.9212,13,1.15,0.9055,60,0.85,0.6692,13,1.16,0.9133,0,0
IWM190920C159,2019-09-13,2019-09-13 09:30:12,1.17,0.9212,219,1.11,0.874,67,0.85,0.6692,13,1.14,0.8976,0,0
IWM190920C159,2019-09-13,2019-09-13 09:30:12,1.16,0.9133,20,1.11,0.874,60,0.85,0.6692,13,1.135,0.8937,0,0
IWM190920C159,2019-09-13,2019-09-13 09:30:13,1.17,0.9212,13,1.11,0.874,60,0.85,0.6692,13,1.14,0.8976,0,0
IWM190920C159,2019-09-13,2019-09-13 09:30:13,1.16,0.9133,20,1.11,0.874,10,0.85,0.6692,13,1.135,0.8937,0,0
IWM190920C159,2019-09-13,2019-09-13 09:30:14,1.16,0.9133,60,1.1,0.8661,60,0.85,0.6692,13,1.13,0.8897,0,0
IWM190920C159,2019-09-13,2019-09-13 09:30:14,1.16,0.9133,60,1.11,0.874,60,0.85,0.6692,13,1.135,0.8937,0,0
IWM190920C159,2019-09-13,2019-09-13 09:30:15,1.15,0.9055,70,1.09,0.8582,60,0.85,0.6692,13,1.12,0.8818,0,0
IWM190920C159,2019-09-13,2019-09-13 09:30:16,1.15,0.9055,27,1.09,0.8582,112,0.85,0.6692,13,1.12,0.8818,0,0
IWM190920C159,2019-09-13,2019-09-13 09:30:16,1.15,0.9055,27,1.09,0.8582,140,0.85,0.6692,13,1.12,0.8818,0,0
IWM190920C159,2019-09-13,2019-09-13 09:30:17,1.15,0.9055,20,1.1,0.8661,90,0.85,0.6692,13,1.125,0.8858,0,0
IWM190920C159,2019-09-13,2019-09-13 09:30:17,1.15,0.9055,91,1.09,0.8582,140,0.85,0.6692,13,1.12,0.8818,0,0
IWM190920C159,2019-09-13,2019-09-13 09:30:18,1.15,0.9055,20,1.11,0.874,67,0.85,0.6692,13,1.13,0.8897,0,0
IWM190920C159,2019-09-13,2019-09-13 09:30:18,1.15,0.9055,20,1.1,0.8661,90,0.85,0.6692,13,1.125,0.8858,0,0
IWM190920C159,2019-09-13,2019-09-13 09:30:19,1.15,0.9055,20,1.11,0.874,67,0.85,0.6692,13,1.13,0.8897,0,0
IWM190920C159,2019-09-13,2019-09-13 09:30:19,1.15,0.9055,20,1.11,0.874,111,0.85,0.6692,13,1.13,0.8897,0,0
IWM190920C159,2019-09-13,2019-09-13 09:30:20,1.15,0.9055,20,1.11,0.874,114,0.85,0.6692,13,1.13,0.8897,0,0
IWM190920C159,2019-09-13,2019-09-13 09:30:20,1.15,0.9055,20,1.11,0.874,67,0.85,0.6692,13,1.13,0.8897,0,0
IWM190920C159,2019-09-13,2019-09-13 09:30:21,1.15,0.9055,13,1.11,0.874,111,0.85,0.6692,13,1.13,0.8897,0,0
IWM190920C159,2019-09-13,2019-09-13 09:30:22,1.15,0.9055,13,1.11,0.874,127,0.85,0.6692,13,1.13,0.8897,0,0
IWM190920C159,2019-09-13,2019-09-13 09:30:22,1.15,0.9055,13,1.11,0.874,119,0.85,0.6692,13,1.13,0.8897,0,0
IWM190920C159,2019-09-13,2019-09-13 09:30:23,1.15,0.9055,20,1.11,0.874,132,0.85,0.6692,13,1.13,0.8897,0,0
IWM190920C159,2019-09-13,2019-09-13 09:30:24,1.15,0.9055,3,1.11,0.874,138,0.85,0.6692,13,1.13,0.8897,0,0
IWM190920C159,2019-09-13,2019-09-13 09:30:25,1.15,0.9055,4,1.11,0.874,139,0.85,0.6692,13,1.13,0.8897,0,0
IWM190920C159,2019-09-13,2019-09-13 09:30:26,1.15,0.9055,4,1.11,0.874,217,0.85,0.6692,13,1.13,0.8897,0,0
IWM190920C159,2019-09-13,2019-09-13 09:30:26,1.15,0.9055,4,1.11,0.874,230,0.85,0.6692,13,1.13,0.8897,0,0
IWM190920C159,2019-09-13,2019-09-13 09:30:27,1.15,0.9055,4,1.11,0.874,230,0.85,0.6692,13,1.13,0.8897,0,0
IWM190920C159,2019-09-13,2019-09-13 09:30:28,1.15,0.9055,3,1.12,0.8818,122,0.85,0.6692,13,1.135,0.8937,0,0
IWM190920C159,2019-09-13,2019-09-13 09:30:28,1.15,0.9055,4,1.11,0.874,264,0.85,0.6692,13,1.13,0.8897,0,0
IWM190920C159,2019-09-13,2019-09-13 09:30:29,1.15,0.9055,3,1.12,0.8818,154,0.85,0.6692,13,1.135,0.8937,0,0
IWM190920C159,2019-09-13,2019-09-13 09:30:29,1.15,0.9055,3,1.12,0.8818,139,0.85,0.6692,13,1.135,0.8937,0,0
IWM190920C159,2019-09-13,2019-09-13 09:30:30,1.15,0.9055,3,1.12,0.8818,249,0.85,0.6692,13,1.135,0.8937,0,0
IWM190920C159,2019-09-13,2019-09-13 09:30:30,1.15,0.9055,3,1.12,0.8818,342,0.85,0.6692,13,1.135,0.8937,0,0
IWM190920C159,2019-09-13,2019-09-13 09:30:31,1.15,0.9055,3,1.12,0.8818,249,0.85,0.6692,13,1.135,0.8937,0,0
IWM190920C159,2019-09-13,2019-09-13 09:30:32,1.15,0.9055,3,1.12,0.8818,287,0.85,0.6692,13,1.135,0.8937,0,0
IWM190920C159,2019-09-13,2019-09-13 09:30:33,1.15,0.9055,3,1.12,0.8818,272,0.85,0.6692,13,1.135,0.8937,0,0
IWM190920C159,2019-09-13,2019-09-13 09:30:33,1.15,0.9055,3,1.13,0.8897,110,0.85,0.6692,13,1.14,0.8976,0,0
IWM190920C159,2019-09-13,2019-09-13 09:30:34,1.15,0.9055,3,1.13,0.8897,123,0.85,0.6692,13,1.14,0.8976,0,0
IWM190920C159,2019-09-13,2019-09-13 09:30:34,1.15,0.9055,3,1.13,0.8897,150,0.85,0.6692,13,1.14,0.8976,0,0
IWM190920C159,2019-09-13,2019-09-13 09:30:35,1.17,0.9212,1,1.15,0.9055,1,1.15,0.9055,3,1.16,0.9133,3,3
IWM190920C159,2019-09-13,2019-09-13 09:30:35,1.15,0.9055,3,1.13,0.8897,150,0.85,0.6692,13,1.14,0.8976,0,0
IWM190920C159,2019-09-13,2019-09-13 09:30:36,1.17,0.9212,20,1.14,0.8976,66,1.15,0.9055,3,1.155,0.9094,3,0
IWM190920C159,2019-09-13,2019-09-13 09:30:36,1.17,0.9212,100,1.14,0.8976,66,1.15,0.9055,3,1.155,0.9094,3,0
IWM190920C159,2019-09-13,2019-09-13 09:30:37,1.17,0.9212,1,1.14,0.8976,177,1.17,0.9212,200,1.155,0.9094,203,0
IWM190920C159,2019-09-13,2019-09-13 09:30:37,1.17,0.9212,1,1.14,0.8976,177,1.17,0.9212,200,1.155,0.9094,203,200
IWM190920C159,2019-09-13,2019-09-13 09:30:38,1.18,0.9291,50,1.14,0.8976,177,1.17,0.9212,200,1.16,0.9133,203,0
IWM190920C159,2019-09-13,2019-09-13 09:30:39,1.18,0.9291,59,1.16,0.9133,36,1.17,0.9212,200,1.17,0.9212,203,0
IWM190920C159,2019-09-13,2019-09-13 09:30:39,1.18,0.9291,50,1.16,0.9133,74,1.17,0.9212,200,1.17,0.9212,203,0
IWM190920C159,2019-09-13,2019-09-13 09:30:40,1.18,0.9291,59,1.16,0.9133,36,1.17,0.9212,200,1.17,0.9212,203,0
IWM190920C159,2019-09-13,2019-09-13 09:30:41,1.18,0.9291,50,1.16,0.9133,37,1.17,0.9212,200,1.17,0.9212,203,0
IWM190920C159,2019-09-13,2019-09-13 09:30:41,1.19,0.937,81,1.17,0.9212,25,1.17,0.9212,200,1.18,0.9291,203,0
IWM190920C159,2019-09-13,2019-09-13 09:30:42,1.19,0.937,81,1.17,0.9212,25,1.17,0.9212,200,1.18,0.9291,203,0
IWM190920C159,2019-09-13,2019-09-13 09:30:42,1.19,0.937,56,1.18,0.9291,47,1.17,0.9212,200,1.185,0.933,203,0
IWM190920C159,2019-09-13,2019-09-13 09:30:43,1.19,0.937,20,1.18,0.9291,12,1.17,0.9212,200,1.185,0.933,203,0
IWM190920C159,2019-09-13,2019-09-13 09:30:43,1.19,0.937,56,1.18,0.9291,44,1.17,0.9212,200,1.185,0.933,203,0
IWM190920C159,2019-09-13,2019-09-13 09:30:44,1.19,0.937,40,1.17,0.9212,22,1.17,0.9212,200,1.18,0.9291,203,0
IWM190920C159,2019-09-13,2019-09-13 09:30:45,1.19,0.937,10,1.17,0.9212,22,1.17,0.9212,200,1.18,0.9291,203,0
IWM190920C159,2019-09-13,2019-09-13 09:30:45,1.19,0.937,20,1.17,0.9212,60,1.17,0.9212,200,1.18,0.9291,203,0
IWM190920C159,2019-09-13,2019-09-13 09:30:46,1.2,0.9448,109,1.17,0.9212,22,1.17,0.9212,200,1.185,0.933,203,0
IWM190920C159,2019-09-13,2019-09-13 09:30:46,1.2,0.9448,119,1.17,0.9212,25,1.17,0.9212,200,1.185,0.933,203,0
IWM190920C159,2019-09-13,2019-09-13 09:30:47,1.2,0.9448,97,1.17,0.9212,25,1.17,0.9212,200,1.185,0.933,203,0
IWM190920C159,2019-09-13,2019-09-13 09:30:47,1.2,0.9448,73,1.17,0.9212,25,1.17,0.9212,200,1.185,0.933,203,0
IWM190920C159,2019-09-13,2019-09-13 09:30:48,1.2,0.9448,143,1.17,0.9212,25,1.17,0.9212,200,1.185,0.933,203,0
IWM190920C159,2019-09-13,2019-09-13 09:30:49,1.2,0.9448,143,1.17,0.9212,13,1.17,0.9212,200,1.185,0.933,203,0
IWM190920C159,2019-09-13,2019-09-13 09:30:50,1.2,0.9448,143,1.17,0.9212,13,1.17,0.9212,200,1.185,0.933,203,0
IWM190920C159,2019-09-13,2019-09-13 09:30:50,1.2,0.9448,163,1.17,0.9212,13,1.17,0.9212,200,1.185,0.933,203,0
IWM190920C159,2019-09-13,2019-09-13 09:30:51,1.2,0.9448,209,1.17,0.9212,13,1.17,0.9212,200,1.185,0.933,203,0
IWM190920C159,2019-09-13,2019-09-13 09:30:51,1.19,0.937,60,1.17,0.9212,13,1.17,0.9212,200,1.18,0.9291,203,0
IWM190920C159,2019-09-13,2019-09-13 09:30:52,1.19,0.937,56,1.17,0.9212,13,1.17,0.9212,200,1.18,0.9291,203,0
IWM190920C159,2019-09-13,2019-09-13 09:30:52,1.2,0.9448,77,1.15,0.9055,80,1.17,0.9212,200,1.175,0.9251,203,0
IWM190920C159,2019-09-13,2019-09-13 09:30:53,1.19,0.937,36,1.17,0.9212,13,1.17,0.9212,200,1.18,0.9291,203,0
IWM190920C159,2019-09-13,2019-09-13 09:30:53,1.19,0.937,60,1.16,0.9133,13,1.17,0.9212,200,1.175,0.9251,203,0
IWM190920C159,2019-09-13,2019-09-13 09:30:54,1.19,0.937,14,1.17,0.9212,13,1.17,0.9212,200,1.18,0.9291,203,0
IWM190920C159,2019-09-13,2019-09-13 09:30:54,1.19,0.937,43,1.16,0.9133,23,1.17,0.9212,200,1.175,0.9251,203,0
IWM190920C159,2019-09-13,2019-09-13 09:30:55,1.19,0.937,17,1.17,0.9212,13,1.17,0.9212,200,1.18,0.9291,203,0
IWM190920C159,2019-09-13,2019-09-13 09:30:55,1.19,0.937,50,1.17,0.9212,13,1.17,0.9212,200,1.18,0.9291,203,0
IWM190920C159,2019-09-13,2019-09-13 09:30:56,1.19,0.937,26,1.17,0.9212,13,1.17,0.9212,200,1.18,0.9291,203,0
IWM190920C159,2019-09-13,2019-09-13 09:30:56,1.19,0.937,14,1.17,0.9212,13,1.17,0.9212,200,1.18,0.9291,203,0
IWM190920C159,2019-09-13,2019-09-13 09:30:57,1.2,0.9448,39,1.17,0.9212,25,1.17,0.9212,200,1.185,0.933,203,0
IWM190920C159,2019-09-13,2019-09-13 09:30:58,1.2,0.9448,177,1.17,0.9212,13,1.17,0.9212,200,1.185,0.933,203,0
IWM190920C159,2019-09-13,2019-09-13 09:30:58,1.2,0.9448,200,1.17,0.9212,13,1.17,0.9212,200,1.185,0.933,203,0
IWM190920C159,2019-09-13,2019-09-13 09:30:59,1.2,0.9448,210,1.17,0.9212,13,1.17,0.9212,200,1.185,0.933,203,0
IWM190920C159,2019-09-13,2019-09-13 09:30:59,1.2,0.9448,200,1.17,0.9212,13,1.17,0.9212,200,1.185,0.933,203,0
IWM190920C159,2019-09-13,2019-09-13 09:31:00,1.19,0.937,70,1.17,0.9212,13,1.17,0.9212,200,1.18,0.9291,203,0
IWM190920C159,2019-09-13,2019-09-13 09:31:00,1.2,0.9448,71,1.17,0.9212,13,1.17,0.9212,200,1.185,0.933,203,0
IWM190920C159,2019-09-13,2019-09-13 09:31:01,1.2,0.9448,71,1.17,0.9212,25,1.17,0.9212,200,1.185,0.933,203,0
IWM190920C159,2019-09-13,2019-09-13 09:31:02,1.2,0.9448,7,1.18,0.9291,13,1.17,0.9212,200,1.19,0.937,203,0
IWM190920C159,2019-09-13,2019-09-13 09:31:03,1.2,0.9448,7,1.18,0.9291,13,1.17,0.9212,200,1.19,0.937,203,0
IWM190920C159,2019-09-13,2019-09-13 09:31:04,1.2,0.9448,7,1.19,0.937,13,1.17,0.9212,200,1.195,0.9409,203,0
IWM190920C159,2019-09-13,2019-09-13 09:31:04,1.21,0.9527,67,1.19,0.937,13,1.17,0.9212,200,1.2,0.9448,203,0
IWM190920C159,2019-09-13,2019-09-13 09:31:05,1.21,0.9527,21,1.2,0.9448,13,1.17,0.9212,200,1.205,0.9488,203,0
IWM190920C159,2019-09-13,2019-09-13 09:31:05,1.22,0.9606,9,1.2,0.9448,13,1.17,0.9212,200,1.21,0.9527,203,0
IWM190920C159,2019-09-13,2019-09-13 09:31:06,1.22,0.9606,42,1.2,0.9448,13,1.17,0.9212,200,1.21,0.9527,203,0
IWM190920C159,2019-09-13,2019-09-13 09:31:06,1.22,0.9606,179,1.19,0.937,13,1.17,0.9212,200,1.205,0.9488,203,0
IWM190920C159,2019-09-13,2019-09-13 09:31:07,1.21,0.9527,24,1.19,0.937,13,1.17,0.9212,200,1.2,0.9448,203,0
IWM190920C159,2019-09-13,2019-09-13 09:31:07,1.21,0.9527,32,1.19,0.937,13,1.17,0.9212,200,1.2,0.9448,203,0
IWM190920C159,2019-09-13,2019-09-13 09:31:08,1.21,0.9527,2,1.19,0.937,13,1.17,0.9212,200,1.2,0.9448,203,0
IWM190920C159,2019-09-13,2019-09-13 09:31:08,1.21,0.9527,51,1.19,0.937,13,1.17,0.9212,200,1.2,0.9448,203,0
IWM190920C159,2019-09-13,2019-09-13 09:31:09,1.2,0.9448,25,1.17,0.9212,13,1.17,0.9212,200,1.185,0.933,203,0
IWM190920C159,2019-09-13,2019-09-13 09:31:09,1.21,0.9527,220,1.18,0.9291,13,1.17,0.9212,200,1.195,0.9409,203,0
IWM190920C159,2019-09-13,2019-09-13 09:31:10,1.2,0.9448,106,1.18,0.9291,13,1.17,0.9212,200,1.19,0.937,203,0
IWM190920C159,2019-09-13,2019-09-13 09:31:10,1.2,0.9448,140,1.17,0.9212,13,1.17,0.9212,200,1.185,0.933,203,0
IWM190920C159,2019-09-13,2019-09-13 09:31:11,1.21,0.9527,59,1.18,0.9291,25,1.17,0.9212,200,1.195,0.9409,203,0
IWM190920C159,2019-09-13,2019-09-13 09:31:11,1.2,0.9448,1,1.18,0.9291,13,1.17,0.9212,200,1.19,0.937,203,0
IWM190920C159,2019-09-13,2019-09-13 09:31:12,1.2,0.9448,19,1.18,0.9291,13,1.17,0.9212,200,1.19,0.937,203,0
IWM190920C159,2019-09-13,2019-09-13 09:31:12,1.21,0.9527,147,1.18,0.9291,25,1.17,0.9212,200,1.195,0.9409,203,0
IWM190920C159,2019-09-13,2019-09-13 09:31:13,1.2,0.9448,44,1.18,0.9291,13,1.17,0.9212,200,1.19,0.937,203,0
IWM190920C159,2019-09-13,2019-09-13 09:31:13,1.2,0.9448,56,1.17,0.9212,94,1.17,0.9212,200,1.185,0.933,203,0
IWM190920C159,2019-09-13,2019-09-13 09:31:14,1.2,0.9448,40,1.17,0.9212,154,1.17,0.9212,200,1.185,0.933,203,0
IWM190920C159,2019-09-13,2019-09-13 09:31:14,1.2,0.9448,49,1.17,0.9212,29,1.17,0.9212,200,1.185,0.933,203,0
IWM190920C159,2019-09-13,2019-09-13 09:31:15,1.2,0.9448,40,1.18,0.9291,13,1.17,0.9212,200,1.19,0.937,203,0
IWM190920C159,2019-09-13,2019-09-13 09:31:15,1.2,0.9448,40,1.17,0.9212,154,1.17,0.9212,200,1.185,0.933,203,0
IWM190920C159,2019-09-13,2019-09-13 09:31:16,1.2,0.9448,40,1.18,0.9291,13,1.17,0.9212,200,1.19,0.937,203,0
IWM190920C159,2019-09-13,2019-09-13 09:31:16,1.2,0.9448,54,1.17,0.9212,205,1.17,0.9212,200,1.185,0.933,203,0
IWM190920C159,2019-09-13,2019-09-13 09:31:17,1.2,0.9448,125,1.17,0.9212,94,1.17,0.9212,200,1.185,0.933,203,0
IWM190920C159,2019-09-13,2019-09-13 09:31:17,1.2,0.9448,52,1.17,0.9212,127,1.17,0.9212,200,1.185,0.933,203,0
IWM190920C159,2019-09-13,2019-09-13 09:31:18,1.2,0.9448,168,1.17,0.9212,10,1.17,0.9212,200,1.185,0.933,203,0
IWM190920C159,2019-09-13,2019-09-13 09:31:19,1.19,0.937,78,1.16,0.9133,94,1.17,0.9212,200,1.175,0.9251,203,0
IWM190920C159,2019-09-13,2019-09-13 09:31:19,1.19,0.937,78,1.16,0.9133,159,1.17,0.9212,200,1.175,0.9251,203,0
IWM190920C159,2019-09-13,2019-09-13 09:31:20,1.19,0.937,55,1.16,0.9133,48,1.17,0.9212,200,1.175,0.9251,203,0
IWM190920C159,2019-09-13,2019-09-13 09:31:20,1.19,0.937,45,1.16,0.9133,42,1.17,0.9212,200,1.175,0.9251,203,0
IWM190920C159,2019-09-13,2019-09-13 09:31:21,1.19,0.937,25,1.16,0.9133,47,1.17,0.9212,200,1.175,0.9251,203,0
IWM190920C159,2019-09-13,2019-09-13 09:31:21,1.19,0.937,55,1.16,0.9133,42,1.17,0.9212,200,1.175,0.9251,203,0
IWM190920C159,2019-09-13,2019-09-13 09:31:22,1.19,0.937,15,1.16,0.9133,42,1.17,0.9212,200,1.175,0.9251,203,0
IWM190920C159,2019-09-13,2019-09-13 09:31:22,1.19,0.937,39,1.16,0.9133,47,1.17,0.9212,200,1.175,0.9251,203,0
IWM190920C159,2019-09-13,2019-09-13 09:31:23,1.19,0.937,43,1.16,0.9133,42,1.17,0.9212,200,1.175,0.9251,203,0
IWM190920C159,2019-09-13,2019-09-13 09:31:23,1.19,0.937,75,1.16,0.9133,42,1.17,0.9212,200,1.175,0.9251,203,0
IWM190920C159,2019-09-13,2019-09-13 09:31:24,1.19,0.937,75,1.16,0.9133,42,1.17,0.9212,200,1.175,0.9251,203,0
IWM190920C159,2019-09-13,2019-09-13 09:31:25,1.19,0.937,65,1.16,0.9133,42,1.17,0.9212,200,1.175,0.9251,203,0
IWM190920C159,2019-09-13,2019-09-13 09:31:25,1.19,0.937,78,1.16,0.9133,42,1.17,0.9212,200,1.175,0.9251,203,0
IWM190920C159,2019-09-13,2019-09-13 09:31:26,1.19,0.937,129,1.16,0.9133,42,1.17,0.9212,200,1.175,0.9251,203,0
IWM190920C159,2019-09-13,2019-09-13 09:31:26,1.19,0.937,71,1.16,0.9133,41,1.17,0.9212,200,1.175,0.9251,203,0
IWM190920C159,2019-09-13,2019-09-13 09:31:27,1.19,0.937,14,1.16,0.9133,41,1.17,0.9212,200,1.175,0.9251,203,0
IWM190920C159,2019-09-13,2019-09-13 09:31:27,1.19,0.937,21,1.16,0.9133,205,1.17,0.9212,200,1.175,0.9251,203,0
IWM190920C159,2019-09-13,2019-09-13 09:31:28,1.19,0.937,30,1.17,0.9212,13,1.17,0.9212,200,1.18,0.9291,203,0
IWM190920C159,2019-09-13,2019-09-13 09:31:28,1.19,0.937,48,1.16,0.9133,41,1.17,0.9212,200,1.175,0.9251,203,0
IWM190920C159,2019-09-13,2019-09-13 09:31:29,1.19,0.937,45,1.16,0.9133,156,1.17,0.9212,200,1.175,0.9251,203,0
IWM190920C159,2019-09-13,2019-09-13 09:31:29,1.19,0.937,36,1.16,0.9133,25,1.17,0.9212,200,1.175,0.9251,203,0
IWM190920C159,2019-09-13,2019-09-13 09:31:30,1.19,0.937,32,1.16,0.9133,55,1.17,0.9212,200,1.175,0.9251,203,0
IWM190920C159,2019-09-13,2019-09-13 09:31:30,1.19,0.937,18,1.17,0.9212,13,1.17,0.9212,200,1.18,0.9291,203,0
IWM190920C159,2019-09-13,2019-09-13 09:31:31,1.19,0.937,108,1.16,0.9133,60,1.17,0.9212,200,1.175,0.9251,203,0
IWM190920C159,2019-09-13,2019-09-13 09:31:31,1.19,0.937,1,1.17,0.9212,13,1.17,0.9212,200,1.18,0.9291,203,0
IWM190920C159,2019-09-13,2019-09-13 09:31:32,1.19,0.937,39,1.16,0.9133,28,1.17,0.9212,200,1.175,0.9251,203,0
IWM190920C159,2019-09-13,2019-09-13 09:31:33,1.19,0.937,69,1.16,0.9133,43,1.17,0.9212,200,1.175,0.9251,203,0
IWM190920C159,2019-09-13,2019-09-13 09:31:33,1.19,0.937,39,1.16,0.9133,43,1.17,0.9212,200,1.175,0.9251,203,0
IWM190920C159,2019-09-13,2019-09-13 09:31:34,1.18,0.9291,1,1.17,0.9212,13,1.17,0.9212,200,1.175,0.9251,203,0
IWM190920C159,2019-09-13,2019-09-13 09:31:34,1.19,0.937,69,1.16,0.9133,28,1.17,0.9212,200,1.175,0.9251,203,0
IWM190920C159,2019-09-13,2019-09-13 09:31:35,1.18,0.9291,1,1.16,0.9133,104,1.17,0.9212,200,1.17,0.9212,203,0
IWM190920C159,2019-09-13,2019-09-13 09:31:36,1.18,0.9291,1,1.16,0.9133,77,1.17,0.9212,200,1.17,0.9212,203,0
IWM190920C159,2019-09-13,2019-09-13 09:31:36,1.18,0.9291,1,1.16,0.9133,136,1.17,0.9212,200,1.17,0.9212,203,0
IWM190920C159,2019-09-13,2019-09-13 09:31:37,1.18,0.9291,1,1.16,0.9133,13,1.17,0.9212,200,1.17,0.9212,203,0
IWM190920C159,2019-09-13,2019-09-13 09:31:37,1.18,0.9291,1,1.17,0.9212,13,1.17,0.9212,200,1.175,0.9251,203,0
IWM190920C159,2019-09-13,2019-09-13 09:31:38,1.18,0.9291,1,1.16,0.9133,13,1.17,0.9212,200,1.17,0.9212,203,0
IWM190920C159,2019-09-13,2019-09-13 09:31:38,1.18,0.9291,1,1.16,0.9133,79,1.17,0.9212,200,1.17,0.9212,203,0
IWM190920C159,2019-09-13,2019-09-13 09:31:39,1.18,0.9291,1,1.16,0.9133,139,1.17,0.9212,200,1.17,0.9212,203,0
IWM190920C159,2019-09-13,2019-09-13 09:31:39,1.18,0.9291,1,1.17,0.9212,16,1.17,0.9212,200,1.175,0.9251,203,0
IWM190920C159,2019-09-13,2019-09-13 09:31:40,1.18,0.9291,1,1.16,0.9133,174,1.17,0.9212,200,1.17,0.9212,203,0
IWM190920C159,2019-09-13,2019-09-13 09:31:40,1.18,0.9291,1,1.16,0.9133,94,1.17,0.9212,200,1.17,0.9212,203,0
IWM190920C159,2019-09-13,2019-09-13 09:31:41,1.18,0.9291,1,1.16,0.9133,34,1.17,0.9212,200,1.17,0.9212,203,0
IWM190920C159,2019-09-13,2019-09-13 09:31:41,1.18,0.9291,1,1.16,0.9133,13,1.17,0.9212,200,1.17,0.9212,203,0
IWM190920C159,2019-09-13,2019-09-13 09:31:42,1.18,0.9291,1,1.17,0.9212,13,1.17,0.9212,200,1.175,0.9251,203,0
IWM190920C159,2019-09-13,2019-09-13 09:31:42,1.18,0.9291,1,1.16,0.9133,13,1.17,0.9212,200,1.17,0.9212,203,0
IWM190920C159,2019-09-13,2019-09-13 09:31:43,1.18,0.9291,1,1.17,0.9212,13,1.17,0.9212,200,1.175,0.9251,203,0
IWM190920C159,2019-09-13,2019-09-13 09:31:43,1.18,0.9291,1,1.17,0.9212,37,1.17,0.9212,200,1.175,0.9251,203,0
IWM190920C159,2019-09-13,2019-09-13 09:31:44,1.2,0.9448,69,1.17,0.9212,87,1.18,0.9291,1,1.185,0.933,204,0
IWM190920C159,2019-09-13,2019-09-13 09:31:44,1.2,0.9448,26,1.18,0.9291,25,1.18,0.9291,1,1.19,0.937,204,1
IWM190920C159,2019-09-13,2019-09-13 09:31:45,1.2,0.9448,45,1.17,0.9212,80,1.18,0.9291,1,1.185,0.933,204,0
IWM190920C159,2019-09-13,2019-09-13 09:31:45,1.2,0.9448,45,1.17,0.9212,145,1.18,0.9291,1,1.185,0.933,204,0
IWM190920C159,2019-09-13,2019-09-13 09:31:46,1.19,0.937,122,1.16,0.9133,119,1.18,0.9291,1,1.175,0.9251,204,0
IWM190920C159,2019-09-13,2019-09-13 09:31:46,1.19,0.937,21,1.17,0.9212,13,1.18,0.9291,1,1.18,0.9291,204,0
IWM190920C159,2019-09-13,2019-09-13 09:31:47,1.21,0.9527,112,1.18,0.9291,126,1.18,0.9291,1,1.195,0.9409,204,0
IWM190920C159,2019-09-13,2019-09-13 09:31:47,1.21,0.9527,51,1.18,0.9291,94,1.18,0.9291,1,1.195,0.9409,204,0
IWM190920C159,2019-09-13,2019-09-13 09:31:48,1.21,0.9527,33,1.18,0.9291,187,1.18,0.9291,1,1.195,0.9409,204,0
IWM190920C159,2019-09-13,2019-09-13 09:31:49,1.21,0.9527,16,1.18,0.9291,194,1.18,0.9291,1,1.195,0.9409,204,0
IWM190920C159,2019-09-13,2019-09-13 09:31:49,1.21,0.9527,2,1.18,0.9291,100,1.18,0.9291,1,1.195,0.9409,204,0
IWM190920C159,2019-09-13,2019-09-13 09:31:50,1.21,0.9527,3,1.19,0.937,79,1.18,0.9291,1,1.2,0.9448,204,0
IWM190920C159,2019-09-13,2019-09-13 09:31:50,1.22,0.9606,128,1.19,0.937,13,1.18,0.9291,1,1.205,0.9488,204,0
IWM190920C159,2019-09-13,2019-09-13 09:31:51,1.21,0.9527,95,1.18,0.9291,70,1.18,0.9291,1,1.195,0.9409,204,0
IWM190920C159,2019-09-13,2019-09-13 09:31:51,1.2,0.9448,24,1.17,0.9212,102,1.18,0.9291,1,1.185,0.933,204,0
IWM190920C159,2019-09-13,2019-09-13 09:31:52,1.2,0.9448,13,1.18,0.9291,13,1.18,0.9291,1,1.19,0.937,204,0
IWM190920C159,2019-09-13,2019-09-13 09:31:52,1.2,0.9448,21,1.18,0.9291,13,1.18,0.9291,1,1.19,0.937,204,0
IWM190920C159,2019-09-13,2019-09-13 09:31:53,1.2,0.9448,13,1.17,0.9212,143,1.18,0.9291,1,1.185,0.933,204,0
IWM190920C159,2019-09-13,2019-09-13 09:31:53,1.19,0.937,13,1.17,0.9212,125,1.18,0.9291,1,1.18,0.9291,204,0
IWM190920C159,2019-09-13,2019-09-13 09:31:54,1.21,0.9527,41,1.18,0.9291,92,1.18,0.9291,1,1.195,0.9409,204,0
IWM190920C159,2019-09-13,2019-09-13 09:31:54,1.2,0.9448,57,1.17,0.9212,156,1.18,0.9291,1,1.185,0.933,204,0
IWM190920C159,2019-09-13,2019-09-13 09:31:55,1.21,0.9527,53,1.18,0.9291,137,1.18,0.9291,1,1.195,0.9409,204,0
IWM190920C159,2019-09-13,2019-09-13 09:31:56,1.21,0.9527,155,1.18,0.9291,57,1.18,0.9291,1,1.195,0.9409,204,0
IWM190920C159,2019-09-13,2019-09-13 09:31:56,1.21,0.9527,126,1.18,0.9291,24,1.18,0.9291,1,1.195,0.9409,204,0
IWM190920C159,2019-09-13,2019-09-13 09:31:57,1.21,0.9527,155,1.18,0.9291,13,1.18,0.9291,1,1.195,0.9409,204,0
IWM190920C159,2019-09-13,2019-09-13 09:31:57,1.2,0.9448,14,1.18,0.9291,13,1.18,0.9291,1,1.19,0.937,204,0
IWM190920C159,2019-09-13,2019-09-13 09:31:58,1.21,0.9527,110,1.18,0.9291,13,1.18,0.9291,1,1.195,0.9409,204,0
IWM190920C159,2019-09-13,2019-09-13 09:31:58,1.21,0.9527,137,1.18,0.9291,13,1.18,0.9291,1,1.195,0.9409,204,0
IWM190920C159,2019-09-13,2019-09-13 09:31:59,1.21,0.9527,78,1.18,0.9291,55,1.18,0.9291,1,1.195,0.9409,204,0
IWM190920C159,2019-09-13,2019-09-13 09:31:59,1.2,0.9448,17,1.18,0.9291,13,1.18,0.9291,1,1.19,0.937,204,0
IWM190920C159,2019-09-13,2019-09-13 09:32:00,1.2,0.9448,13,1.18,0.9291,82,1.18,0.9291,1,1.19,0.937,204,0
IWM190920C159,2019-09-13,2019-09-13 09:32:00,1.21,0.9527,37,1.2,0.9448,30,1.18,0.9291,1,1.205,0.9488,204,0
IWM190920C159,2019-09-13,2019-09-13 09:32:01,1.22,0.9606,17,1.19,0.937,60,1.18,0.9291,1,1.205,0.9488,204,0
IWM190920C159,2019-09-13,2019-09-13 09:32:01,1.22,0.9606,21,1.2,0.9448,23,1.18,0.9291,1,1.21,0.9527,204,0
IWM190920C159,2019-09-13,2019-09-13 09:32:02,1.22,0.9606,10,1.2,0.9448,116,1.18,0.9291,1,1.21,0.9527,204,0
IWM190920C159,2019-09-13,2019-09-13 09:32:02,1.22,0.9606,10,1.2,0.9448,86,1.18,0.9291,1,1.21,0.9527,204,0
IWM190920C159,2019-09-13,2019-09-13 09:32:03,1.23,0.9685,32,1.21,0.9527,56,1.18,0.9291,1,1.22,0.9606,204,0
IWM190920C159,2019-09-13,2019-09-13 09:32:03,1.23,0.9685,116,1.21,0.9527,44,1.18,0.9291,1,1.22,0.9606,204,0
IWM190920C159,2019-09-13,2019-09-13 09:32:04,1.24,0.9763,103,1.22,0.9606,28,1.18,0.9291,1,1.23,0.9685,204,0
IWM190920C159,2019-09-13,2019-09-13 09:32:04,1.23,0.9685,11,1.21,0.9527,57,1.18,0.9291,1,1.22,0.9606,204,0
IWM190920C159,2019-09-13,2019-09-13 09:32:05,1.24,0.9763,77,1.22,0.9606,28,1.18,0.9291,1,1.23,0.9685,204,0
IWM190920C159,2019-09-13,2019-09-13 09:32:05,1.24,0.9763,91,1.22,0.9606,58,1.18,0.9291,1,1.23,0.9685,204,0
IWM190920C159,2019-09-13,2019-09-13 09:32:06,1.24,0.9763,91,1.22,0.9606,29,1.18,0.9291,1,1.23,0.9685,204,0
IWM190920C159,2019-09-13,2019-09-13 09:32:06,1.24,0.9763,211,1.22,0.9606,38,1.18,0.9291,1,1.23,0.9685,204,0
IWM190920C159,2019-09-13,2019-09-13 09:32:07,1.24,0.9763,107,1.22,0.9606,38,1.18,0.9291,1,1.23,0.9685,204,0
IWM190920C159,2019-09-13,2019-09-13 09:32:07,1.24,0.9763,47,1.22,0.9606,102,1.18,0.9291,1,1.23,0.9685,204,0
IWM190920C159,2019-09-13,2019-09-13 09:32:08,1.24,0.9763,60,1.22,0.9606,180,1.18,0.9291,1,1.23,0.9685,204,0
IWM190920C159,2019-09-13,2019-09-13 09:32:08,1.24,0.9763,62,1.22,0.9606,109,1.18,0.9291,1,1.23,0.9685,204,0
IWM190920C159,2019-09-13,2019-09-13 09:32:09,1.23,0.9685,27,1.21,0.9527,420,1.18,0.9291,1,1.22,0.9606,204,0
IWM190920C159,2019-09-13,2019-09-13 09:32:09,1.24,0.9763,36,1.22,0.9606,25,1.18,0.9291,1,1.23,0.9685,204,0
IWM190920C159,2019-09-13,2019-09-13 09:32:10,1.24,0.9763,287,1.22,0.9606,18,1.18,0.9291,1,1.23,0.9685,204,0
IWM190920C159,2019-09-13,2019-09-13 09:32:10,1.24,0.9763,26,1.22,0.9606,78,1.18,0.9291,1,1.23,0.9685,204,0
IWM190920C159,2019-09-13,2019-09-13 09:32:11,1.23,0.9685,20,1.21,0.9527,122,1.18,0.9291,1,1.22,0.9606,204,0
IWM190920C159,2019-09-13,2019-09-13 09:32:11,1.24,0.9763,287,1.22,0.9606,10,1.18,0.9291,1,1.23,0.9685,204,0
IWM190920C159,2019-09-13,2019-09-13 09:32:12,1.24,0.9763,102,1.22,0.9606,16,1.18,0.9291,1,1.23,0.9685,204,0
IWM190920C159,2019-09-13,2019-09-13 09:32:12,1.24,0.9763,139,1.22,0.9606,16,1.18,0.9291,1,1.23,0.9685,204,0
IWM190920C159,2019-09-13,2019-09-13 09:32:13,1.24,0.9763,74,1.22,0.9606,31,1.18,0.9291,1,1.23,0.9685,204,0
IWM190920C159,2019-09-13,2019-09-13 09:32:13,1.24,0.9763,54,1.22,0.9606,159,1.18,0.9291,1,1.23,0.9685,204,0
IWM190920C159,2019-09-13,2019-09-13 09:32:14,1.24,0.9763,29,1.22,0.9606,26,1.18,0.9291,1,1.23,0.9685,204,0
IWM190920C159,2019-09-13,2019-09-13 09:32:14,1.24,0.9763,54,1.22,0.9606,246,1.18,0.9291,1,1.23,0.9685,204,0
IWM190920C159,2019-09-13,2019-09-13 09:32:15,1.23,0.9685,4,1.21,0.9527,204,1.18,0.9291,1,1.22,0.9606,204,0
IWM190920C159,2019-09-13,2019-09-13 09:32:15,1.23,0.9685,17,1.22,0.9606,26,1.18,0.9291,1,1.225,0.9645,204,0
IWM190920C159,2019-09-13,2019-09-13 09:32:16,1.24,0.9763,35,1.22,0.9606,13,1.18,0.9291,1,1.23,0.9685,204,0
IWM190920C159,2019-09-13,2019-09-13 09:32:16,1.25,0.9842,83,1.23,0.9685,68,1.18,0.9291,1,1.24,0.9763,204,0
IWM190920C159,2019-09-13,2019-09-13 09:32:17,1.25,0.9842,97,1.23,0.9685,68,1.18,0.9291,1,1.24,0.9763,204,0
IWM190920C159,2019-09-13,2019-09-13 09:32:18,1.25,0.9842,64,1.23,0.9685,68,1.18,0.9291,1,1.24,0.9763,204,0
IWM190920C159,2019-09-13,2019-09-13 09:32:18,1.25,0.9842,72,1.23,0.9685,68,1.18,0.9291,1,1.24,0.9763,204,0
IWM190920C159,2019-09-13,2019-09-13 09:32:19,1.25,0.9842,72,1.23,0.9685,68,1.18,0.9291,1,1.24,0.9763,204,0
IWM190920C159,2019-09-13,2019-09-13 09:32:19,1.25,0.9842,74,1.23,0.9685,55,1.18,0.9291,1,1.24,0.9763,204,0
IWM190920C159,2019-09-13,2019-09-13 09:32:20,1.25,0.9842,159,1.23,0.9685,55,1.18,0.9291,1,1.24,0.9763,204,0
IWM190920C159,2019-09-13,2019-09-13 09:32:20,1.25,0.9842,83,1.23,0.9685,68,1.18,0.9291,1,1.24,0.9763,204,0
IWM190920C159,2019-09-13,2019-09-13 09:32:21,1.25,0.9842,157,1.23,0.9685,88,1.18,0.9291,1,1.24,0.9763,204,0
IWM190920C159,2019-09-13,2019-09-13 09:32:21,1.25,0.9842,157,1.23,0.9685,68,1.18,0.9291,1,1.24,0.9763,204,0
IWM190920C159,2019-09-13,2019-09-13 09:32:22,1.25,0.9842,157,1.23,0.9685,68,1.18,0.9291,1,1.24,0.9763,204,0
IWM190920C159,2019-09-13,2019-09-13 09:32:22,1.25,0.9842,194,1.23,0.9685,81,1.18,0.9291,1,1.24,0.9763,204,0
IWM190920C159,2019-09-13,2019-09-13 09:32:23,1.25,0.9842,291,1.22,0.9606,166,1.18,0.9291,1,1.235,0.9724,204,0
IWM190920C159,2019-09-13,2019-09-13 09:32:23,1.25,0.9842,129,1.22,0.9606,58,1.18,0.9291,1,1.235,0.9724,204,0
IWM190920C159,2019-09-13,2019-09-13 09:32:24,1.25,0.9842,309,1.23,0.9685,25,1.18,0.9291,1,1.24,0.9763,204,0
IWM190920C159,2019-09-13,2019-09-13 09:32:24,1.25,0.9842,309,1.23,0.9685,58,1.18,0.9291,1,1.24,0.9763,204,0
IWM190920C159,2019-09-13,2019-09-13 09:32:25,1.25,0.9842,182,1.23,0.9685,58,1.18,0.9291,1,1.24,0.9763,204,0
IWM190920C159,2019-09-13,2019-09-13 09:32:25,1.25,0.9842,296,1.23,0.9685,13,1.18,0.9291,1,1.24,0.9763,204,0
IWM190920C159,2019-09-13,2019-09-13 09:32:26,1.25,0.9842,285,1.23,0.9685,80,1.18,0.9291,1,1.24,0.9763,204,0
IWM190920C159,2019-09-13,2019-09-13 09:32:26,1.25,0.9842,297,1.23,0.9685,24,1.18,0.9291,1,1.24,0.9763,204,0
IWM190920C159,2019-09-13,2019-09-13 09:32:27,1.25,0.9842,140,1.23,0.9685,45,1.18,0.9291,1,1.24,0.9763,204,0
IWM190920C159,2019-09-13,2019-09-13 09:32:27,1.25,0.9842,235,1.23,0.9685,45,1.18,0.9291,1,1.24,0.9763,204,0
IWM190920C159,2019-09-13,2019-09-13 09:32:28,1.25,0.9842,94,1.23,0.9685,45,1.18,0.9291,1,1.24,0.9763,204,0
IWM190920C159,2019-09-13,2019-09-13 09:32:28,1.25,0.9842,117,1.23,0.9685,106,1.18,0.9291,1,1.24,0.9763,204,0
IWM190920C159,2019-09-13,2019-09-13 09:32:29,1.25,0.9842,53,1.23,0.9685,260,1.25,0.9842,2,1.24,0.9763,206,2
IWM190920C159,2019-09-13,2019-09-13 09:32:29,1.27,1.0,170,1.25,0.9842,56,1.25,0.9842,2,1.26,0.9921,206,0
IWM190920C159,2019-09-13,2019-09-13 09:32:30,1.27,1.0,149,1.25,0.9842,56,1.25,0.9842,2,1.26,0.9921,206,0
IWM190920C159,2019-09-13,2019-09-13 09:32:30,1.27,1.0,16,1.25,0.9842,113,1.25,0.9842,2,1.26,0.9921,206,0
IWM190920C159,2019-09-13,2019-09-13 09:32:31,1.27,1.0,17,1.25,0.9842,179,1.25,0.9842,2,1.26,0.9921,206,0
IWM190920C159,2019-09-13,2019-09-13 09:32:31,1.27,1.0,24,1.25,0.9842,271,1.25,0.9842,2,1.26,0.9921,206,0
IWM190920C159,2019-09-13,2019-09-13 09:32:32,1.29,1.0157,96,1.27,1.0,13,1.25,0.9842,2,1.28,1.0078,206,0
IWM190920C159,2019-09-13,2019-09-13 09:32:32,1.28,1.0078,1,1.25,0.9842,271,1.25,0.9842,2,1.265,0.996,206,0
IWM190920C159,2019-09-13,2019-09-13 09:32:33,1.29,1.0157,320,1.27,1.0,59,1.25,0.9842,2,1.28,1.0078,206,0
IWM190920C159,2019-09-13,2019-09-13 09:32:33,1.29,1.0157,335,1.27,1.0,46,1.25,0.9842,2,1.28,1.0078,206,0
IWM190920C159,2019-09-13,2019-09-13 09:32:34,1.29,1.0157,393,1.27,1.0,59,1.25,0.9842,2,1.28,1.0078,206,0
IWM190920C159,2019-09-13,2019-09-13 09:32:34,1.29,1.0157,348,1.27,1.0,59,1.25,0.9842,2,1.28,1.0078,206,0
IWM190920C159,2019-09-13,2019-09-13 09:32:35,1.28,1.0078,50,1.26,0.9921,74,1.25,0.9842,2,1.27,1.0,206,0
IWM190920C159,2019-09-13,2019-09-13 09:32:35,1.28,1.0078,25,1.26,0.9921,25,1.25,0.9842,2,1.27,1.0,206,0
IWM190920C159,2019-09-13,2019-09-13 09:32:36,1.27,1.0,21,1.26,0.9921,101,1.25,0.9842,2,1.265,0.996,206,0
IWM190920C159,2019-09-13,2019-09-13 09:32:36,1.28,1.0078,161,1.26,0.9921,101,1.25,0.9842,2,1.27,1.0,206,0
IWM190920C159,2019-09-13,2019-09-13 09:32:37,1.28,1.0078,233,1.25,0.9842,147,1.25,0.9842,2,1.265,0.996,206,0
IWM190920C159,2019-09-13,2019-09-13 09:32:37,1.28,1.0078,251,1.25,0.9842,147,1.25,0.9842,2,1.265,0.996,206,0
IWM190920C159,2019-09-13,2019-09-13 09:32:38,1.28,1.0078,137,1.25,0.9842,147,1.25,0.9842,2,1.265,0.996,206,0
IWM190920C159,2019-09-13,2019-09-13 09:32:39,1.28,1.0078,2,1.25,0.9842,147,1.25,0.9842,2,1.265,0.996,206,0
IWM190920C159,2019-09-13,2019-09-13 09:32:39,1.28,1.0078,84,1.26,0.9921,119,1.25,0.9842,2,1.27,1.0,206,0
IWM190920C159,2019-09-13,2019-09-13 09:32:40,1.28,1.0078,216,1.26,0.9921,41,1.25,0.9842,2,1.27,1.0,206,0
IWM190920C159,2019-09-13,2019-09-13 09:32:40,1.28,1.0078,255,1.26,0.9921,41,1.25,0.9842,2,1.27,1.0,206,0
IWM190920C159,2019-09-13,2019-09-13 09:32:41,1.26,0.9921,121,1.24,0.9763,16,1.25,0.9842,2,1.25,0.9842,206,0
IWM190920C159,2019-09-13,2019-09-13 09:32:41,1.26,0.9921,231,1.23,0.9685,60,1.25,0.9842,2,1.245,0.9803,206,0
IWM190920C159,2019-09-13,2019-09-13 09:32:42,1.26,0.9921,166,1.24,0.9763,61,1.25,0.9842,2,1.25,0.9842,206,0
IWM190920C159,2019-09-13,2019-09-13 09:32:42,1.26,0.9921,154,1.24,0.9763,18,1.25,0.9842,2,1.25,0.9842,206,0
IWM190920C159,2019-09-13,2019-09-13 09:32:43,1.25,0.9842,90,1.23,0.9685,48,1.25,0.9842,2,1.24,0.9763,206,0
IWM190920C159,2019-09-13,2019-09-13 09:32:43,1.26,0.9921,192,1.24,0.9763,38,1.25,0.9842,2,1.25,0.9842,206,0
IWM190920C159,2019-09-13,2019-09-13 09:32:44,1.25,0.9842,164,1.22,0.9606,260,1.25,0.9842,2,1.235,0.9724,206,0
IWM190920C159,2019-09-13,2019-09-13 09:32:44,1.24,0.9763,110,1.21,0.9527,227,1.25,0.9842,2,1.225,0.9645,206,0
IWM190920C159,2019-09-13,2019-09-13 09:32:45,1.24,0.9763,73,1.22,0.9606,44,1.25,0.9842,2,1.23,0.9685,206,0
IWM190920C159,2019-09-13,2019-09-13 09:32:45,1.24,0.9763,155,1.21,0.9527,31,1.25,0.9842,2,1.225,0.9645,206,0
IWM190920C159,2019-09-13,2019-09-13 09:32:46,1.24,0.9763,68,1.22,0.9606,13,1.25,0.9842,2,1.23,0.9685,206,0
IWM190920C159,2019-09-13,2019-09-13 09:32:46,1.24,0.9763,153,1.22,0.9606,5,1.25,0.9842,2,1.23,0.9685,206,0
IWM190920C159,2019-09-13,2019-09-13 09:32:47,1.24,0.9763,110,1.22,0.9606,18,1.25,0.9842,2,1.23,0.9685,206,0
IWM190920C159,2019-09-13,2019-09-13 09:32:47,1.24,0.9763,83,1.22,0.9606,18,1.25,0.9842,2,1.23,0.9685,206,0
IWM190920C159,2019-09-13,2019-09-13 09:32:48,1.24,0.9763,92,1.22,0.9606,18,1.25,0.9842,2,1.23,0.9685,206,0
IWM190920C159,2019-09-13,2019-09-13 09:32:48,1.24,0.9763,65,1.22,0.9606,105,1.25,0.9842,2,1.23,0.9685,206,0
IWM190920C159,2019-09-13,2019-09-13 09:32:49,1.24,0.9763,1,1.22,0.9606,105,1.25,0.9842,2,1.23,0.9685,206,0
IWM190920C159,2019-09-13,2019-09-13 09:32:49,1.25,0.9842,10,1.24,0.9763,13,1.25,0.9842,2,1.245,0.9803,206,0
IWM190920C159,2019-09-13,2019-09-13 09:32:50,1.26,0.9921,97,1.24,0.9763,53,1.25,0.9842,2,1.25,0.9842,206,0
IWM190920C159,2019-09-13,2019-09-13 09:32:51,1.26,0.9921,183,1.24,0.9763,53,1.25,0.9842,2,1.25,0.9842,206,0
IWM190920C159,2019-09-13,2019-09-13 09:32:51,1.26,0.9921,200,1.24,0.9763,53,1.25,0.9842,2,1.25,0.9842,206,0
IWM190920C159,2019-09-13,2019-09-13 09:32:52,1.26,0.9921,173,1.24,0.9763,122,1.25,0.9842,2,1.25,0.9842,206,0
IWM190920C159,2019-09-13,2019-09-13 09:32:52,1.26,0.9921,185,1.24,0.9763,53,1.25,0.9842,2,1.25,0.9842,206,0
IWM190920C159,2019-09-13,2019-09-13 09:32:53,1.26,0.9921,183,1.24,0.9763,77,1.25,0.9842,2,1.25,0.9842,206,0
IWM190920C159,2019-09-13,2019-09-13 09:32:53,1.26,0.9921,182,1.24,0.9763,74,1.25,0.9842,2,1.25,0.9842,206,0
IWM190920C159,2019-09-13,2019-09-13 09:32:54,1.26,0.9921,147,1.24,0.9763,47,1.25,0.9842,2,1.25,0.9842,206,0
IWM190920C159,2019-09-13,2019-09-13 09:32:54,1.26,0.9921,96,1.24,0.9763,47,1.25,0.9842,2,1.25,0.9842,206,0
IWM190920C159,2019-09-13,2019-09-13 09:32:55,1.26,0.9921,224,1.24,0.9763,47,1.25,0.9842,2,1.25,0.9842,206,0
IWM190920C159,2019-09-13,2019-09-13 09:32:55,1.26,0.9921,182,1.24,0.9763,47,1.25,0.9842,2,1.25,0.9842,206,0
IWM190920C159,2019-09-13,2019-09-13 09:32:56,1.26,0.9921,6,1.24,0.9763,47,1.25,0.9842,2,1.25,0.9842,206,0
IWM190920C159,2019-09-13,2019-09-13 09:32:56,1.26,0.9921,67,1.25,0.9842,5,1.25,0.9842,2,1.255,0.9881,206,0
IWM190920C159,2019-09-13,2019-09-13 09:32:57,1.26,0.9921,27,1.25,0.9842,5,1.25,0.9842,2,1.255,0.9881,206,0
IWM190920C159,2019-09-13,2019-09-13 09:32:58,1.26,0.9921,27,1.25,0.9842,18,1.25,0.9842,2,1.255,0.9881,206,0
IWM190920C159,2019-09-13,2019-09-13 09:32:59,1.26,0.9921,92,1.24,0.9763,120,1.25,0.9842,2,1.25,0.9842,206,0
IWM190920C159,2019-09-13,2019-09-13 09:32:59,1.27,1.0,224,1.25,0.9842,37,1.25,0.9842,2,1.26,0.9921,206,0
IWM190920C159,2019-09-13,2019-09-13 09:33:00,1.26,0.9921,114,1.24,0.9763,81,1.25,0.9842,2,1.25,0.9842,206,0
IWM190920C159,2019-09-13,2019-09-13 09:33:00,1.26,0.9921,114,1.24,0.9763,89,1.25,0.9842,2,1.25,0.9842,206,0
IWM190920C159,2019-09-13,2019-09-13 09:33:01,1.26,0.9921,11,1.24,0.9763,89,1.25,0.9842,2,1.25,0.9842,206,0
IWM190920C159,2019-09-13,2019-09-13 09:33:01,1.27,1.0,100,1.25,0.9842,18,1.25,0.9842,2,1.26,0.9921,206,0
IWM190920C159,2019-09-13,2019-09-13 09:33:02,1.27,1.0,138,1.25,0.9842,64,1.25,0.9842,2,1.26,0.9921,206,0
IWM190920C159,2019-09-13,2019-09-13 09:33:02,1.28,1.0078,62,1.26,0.9921,44,1.25,0.9842,2,1.27,1.0,206,0
IWM190920C159,2019-09-13,2019-09-13 09:33:03,1.28,1.0078,121,1.26,0.9921,44,1.25,0.9842,2,1.27,1.0,206,0
IWM190920C159,2019-09-13,2019-09-13 09:33:03,1.29,1.0157,208,1.26,0.9921,68,1.25,0.9842,2,1.275,1.0039,206,0
IWM190920C159,2019-09-13,2019-09-13 09:33:04,1.29,1.0157,180,1.27,1.0,35,1.25,0.9842,2,1.28,1.0078,206,0
IWM190920C159,2019-09-13,2019-09-13 09:33:04,1.29,1.0157,108,1.28,1.0078,5,1.25,0.9842,2,1.285,1.0118,206,0
IWM190920C159,2019-09-13,2019-09-13 09:33:05,1.29,1.0157,20,1.28,1.0078,21,1.25,0.9842,2,1.285,1.0118,206,0
IWM190920C159,2019-09-13,2019-09-13 09:33:06,1.3,1.0236,68,1.28,1.0078,31,1.25,0.9842,2,1.29,1.0157,206,0
IWM190920C159,2019-09-13,2019-09-13 09:33:06,1.3,1.0236,50,1.28,1.0078,31,1.25,0.9842,2,1.29,1.0157,206,0
IWM190920C159,2019-09-13,2019-09-13 09:33:07,1.3,1.0236,67,1.28,1.0078,21,1.25,0.9842,2,1.29,1.0157,206,0
IWM190920C159,2019-09-13,2019-09-13 09:33:07,1.3,1.0236,67,1.28,1.0078,27,1.25,0.9842,2,1.29,1.0157,206,0
IWM190920C159,2019-09-13,2019-09-13 09:33:08,1.3,1.0236,210,1.28,1.0078,18,1.28,1.0078,3,1.29,1.0157,209,0
IWM190920C159,2019-09-13,2019-09-13 09:33:08,1.29,1.0157,20,1.28,1.0078,18,1.28,1.0078,3,1.285,1.0118,209,3
IWM190920C159,2019-09-13,2019-09-13 09:33:09,1.3,1.0236,210,1.28,1.0078,18,1.28,1.0078,3,1.29,1.0157,209,0
IWM190920C159,2019-09-13,2019-09-13 09:33:09,1.29,1.0157,119,1.28,1.0078,18,1.28,1.0078,3,1.285,1.0118,209,0
IWM190920C159,2019-09-13,2019-09-13 09:33:10,1.29,1.0157,51,1.27,1.0,18,1.28,1.0078,3,1.28,1.0078,209,0
IWM190920C159,2019-09-13,2019-09-13 09:33:10,1.29,1.0157,134,1.27,1.0,18,1.28,1.0078,3,1.28,1.0078,209,0
IWM190920C159,2019-09-13,2019-09-13 09:33:11,1.28,1.0078,297,1.26,0.9921,36,1.28,1.0078,3,1.27,1.0,209,0
IWM190920C159,2019-09-13,2019-09-13 09:33:11,1.29,1.0157,235,1.26,0.9921,67,1.28,1.0078,3,1.275,1.0039,209,0
IWM190920C159,2019-09-13,2019-09-13 09:33:12,1.28,1.0078,36,1.26,0.9921,42,1.28,1.0078,3,1.27,1.0,209,0
IWM190920C159,2019-09-13,2019-09-13 09:33:12,1.29,1.0157,74,1.27,1.0,5,1.28,1.0078,3,1.28,1.0078,209,0
IWM190920C159,2019-09-13,2019-09-13 09:33:13,1.29,1.0157,78,1.27,1.0,34,1.28,1.0078,3,1.28,1.0078,209,0
IWM190920C159,2019-09-13,2019-09-13 09:33:13,1.28,1.0078,13,1.27,1.0,5,1.28,1.0078,3,1.275,1.0039,209,0
IWM190920C159,2019-09-13,2019-09-13 09:33:14,1.29,1.0157,143,1.27,1.0,34,1.28,1.0078,3,1.28,1.0078,209,0
IWM190920C159,2019-09-13,2019-09-13 09:33:14,1.29,1.0157,123,1.27,1.0,38,1.28,1.0078,3,1.28,1.0078,209,0
IWM190920C159,2019-09-13,2019-09-13 09:33:15,1.29,1.0157,32,1.28,1.0078,17,1.28,1.0078,3,1.285,1.0118,209,0
IWM190920C159,2019-09-13,2019-09-13 09:33:15,1.3,1.0236,36,1.28,1.0078,27,1.28,1.0078,3,1.29,1.0157,209,0
IWM190920C159,2019-09-13,2019-09-13 09:33:16,1.3,1.0236,112,1.28,1.0078,5,1.28,1.0078,3,1.29,1.0157,209,0
IWM190920C159,2019-09-13,2019-09-13 09:33:16,1.3,1.0236,197,1.28,1.0078,27,1.28,1.0078,3,1.29,1.0157,209,0
IWM190920C159,2019-09-13,2019-09-13 09:33:17,1.29,1.0157,52,1.27,1.0,42,1.28,1.0078,3,1.28,1.0078,209,0
IWM190920C159,2019-09-13,2019-09-13 09:33:17,1.29,1.0157,16,1.27,1.0,53,1.28,1.0078,3,1.28,1.0078,209,0
IWM190920C159,2019-09-13,2019-09-13 09:33:18,1.29,1.0157,161,1.26,0.9921,94,1.3,1.0236,2,1.275,1.0039,214,0
IWM190920C159,2019-09-13,2019-09-13 09:33:18,1.3,1.0236,131,1.27,1.0,33,1.3,1.0236,2,1.285,1.0118,214,5
IWM190920C159,2019-09-13,2019-09-13 09:33:19,1.29,1.0157,217,1.27,1.0,18,1.3,1.0236,2,1.28,1.0078,214,0
IWM190920C159,2019-09-13,2019-09-13 09:33:20,1.29,1.0157,227,1.27,1.0,18,1.3,1.0236,2,1.28,1.0078,214,0
IWM190920C159,2019-09-13,2019-09-13 09:33:20,1.28,1.0078,25,1.27,1.0,13,1.3,1.0236,2,1.275,1.0039,214,0
IWM190920C159,2019-09-13,2019-09-13 09:33:21,1.28,1.0078,160,1.26,0.9921,42,1.3,1.0236,2,1.27,1.0,214,0
IWM190920C159,2019-09-13,2019-09-13 09:33:21,1.28,1.0078,159,1.26,0.9921,42,1.3,1.0236,2,1.27,1.0,214,0
IWM190920C159,2019-09-13,2019-09-13 09:33:22,1.28,1.0078,160,1.26,0.9921,42,1.3,1.0236,2,1.27,1.0,214,0
IWM190920C159,2019-09-13,2019-09-13 09:33:22,1.28,1.0078,160,1.26,0.9921,36,1.3,1.0236,2,1.27,1.0,214,0
IWM190920C159,2019-09-13,2019-09-13 09:33:23,1.27,1.0,189,1.25,0.9842,35,1.3,1.0236,2,1.26,0.9921,214,0
IWM190920C159,2019-09-13,2019-09-13 09:33:23,1.27,1.0,122,1.26,0.9921,4,1.3,1.0236,2,1.265,0.996,214,0
IWM190920C159,2019-09-13,2019-09-13 09:33:24,1.27,1.0,22,1.25,0.9842,28,1.3,1.0236,2,1.26,0.9921,214,0
IWM190920C159,2019-09-13,2019-09-13 09:33:24,1.27,1.0,20,1.25,0.9842,55,1.3,1.0236,2,1.26,0.9921,214,0
IWM190920C159,2019-09-13,2019-09-13 09:33:25,1.27,1.0,30,1.26,0.9921,4,1.3,1.0236,2,1.265,0.996,214,0
IWM190920C159,2019-09-13,2019-09-13 09:33:25,1.27,1.0,96,1.26,0.9921,4,1.3,1.0236,2,1.265,0.996,214,0
IWM190920C159,2019-09-13,2019-09-13 09:33:26,1.27,1.0,256,1.25,0.9842,27,1.3,1.0236,2,1.26,0.9921,214,0
IWM190920C159,2019-09-13,2019-09-13 09:33:26,1.27,1.0,20,1.26,0.9921,4,1.3,1.0236,2,1.265,0.996,214,0
IWM190920C159,2019-09-13,2019-09-13 09:33:27,1.27,1.0,31,1.25,0.9842,61,1.3,1.0236,2,1.26,0.9921,214,0
IWM190920C159,2019-09-13,2019-09-13 09:33:27,1.27,1.0,19,1.25,0.9842,72,1.3,1.0236,2,1.26,0.9921,214,0
IWM190920C159,2019-09-13,2019-09-13 09:33:28,1.26,0.9921,75,1.25,0.9842,72,1.3,1.0236,2,1.255,0.9881,214,0
IWM190920C159,2019-09-13,2019-09-13 09:33:28,1.27,1.0,31,1.25,0.9842,72,1.3,1.0236,2,1.26,0.9921,214,0
IWM190920C159,2019-09-13,2019-09-13 09:33:29,1.27,1.0,173,1.25,0.9842,2,1.3,1.0236,2,1.26,0.9921,214,0
IWM190920C159,2019-09-13,2019-09-13 09:33:29,1.26,0.9921,84,1.25,0.9842,2,1.3,1.0236,2,1.255,0.9881,214,0
IWM190920C159,2019-09-13,2019-09-13 09:33:30,1.27,1.0,1,1.26,0.9921,18,1.27,1.0,2,1.265,0.996,216,2
IWM190920C159,2019-09-13,2019-09-13 09:33:30,1.27,1.0,264,1.25,0.9842,13,1.3,1.0236,2,1.26,0.9921,214,0
IWM190920C159,2019-09-13,2019-09-13 09:33:31,1.28,1.0078,233,1.26,0.9921,34,1.27,1.0,2,1.27,1.0,216,0
IWM190920C159,2019-09-13,2019-09-13 09:33:31,1.28,1.0078,221,1.26,0.9921,47,1.27,1.0,2,1.27,1.0,216,0
IWM190920C159,2019-09-13,2019-09-13 09:33:32,1.29,1.0157,138,1.27,1.0,52,1.27,1.0,2,1.28,1.0078,216,0
IWM190920C159,2019-09-13,2019-09-13 09:33:32,1.28,1.0078,45,1.26,0.9921,47,1.27,1.0,2,1.27,1.0,216,0
IWM190920C159,2019-09-13,2019-09-13 09:33:33,1.29,1.0157,138,1.27,1.0,39,1.27,1.0,2,1.28,1.0078,216,0
IWM190920C159,2019-09-13,2019-09-13 09:33:33,1.28,1.0078,59,1.26,0.9921,62,1.27,1.0,2,1.27,1.0,216,0
IWM190920C159,2019-09-13,2019-09-13 09:33:34,1.28,1.0078,39,1.26,0.9921,59,1.27,1.0,2,1.27,1.0,216,0
IWM190920C159,2019-09-13,2019-09-13 09:33:35,1.28,1.0078,67,1.26,0.9921,12,1.27,1.0,2,1.27,1.0,216,0
IWM190920C159,2019-09-13,2019-09-13 09:33:35,1.29,1.0157,72,1.27,1.0,41,1.27,1.0,2,1.28,1.0078,216,0
IWM190920C159,2019-09-13,2019-09-13 09:33:36,1.28,1.0078,91,1.26,0.9921,58,1.27,1.0,2,1.27,1.0,216,0
IWM190920C159,2019-09-13,2019-09-13 09:33:36,1.28,1.0078,67,1.26,0.9921,33,1.27,1.0,2,1.27,1.0,216,0
IWM190920C159,2019-09-13,2019-09-13 09:33:37,1.28,1.0078,174,1.26,0.9921,31,1.27,1.0,2,1.27,1.0,216,0
IWM190920C159,2019-09-13,2019-09-13 09:33:37,1.28,1.0078,268,1.25,0.9842,31,1.27,1.0,2,1.265,0.996,216,0
IWM190920C159,2019-09-13,2019-09-13 09:33:38,1.28,1.0078,234,1.26,0.9921,27,1.27,1.0,2,1.27,1.0,216,0
IWM190920C159,2019-09-13,2019-09-13 09:33:38,1.28,1.0078,230,1.26,0.9921,51,1.27,1.0,2,1.27,1.0,216,0
IWM190920C159,2019-09-13,2019-09-13 09:33:39,1.28,1.0078,340,1.26,0.9921,27,1.27,1.0,2,1.27,1.0,216,0
IWM190920C159,2019-09-13,2019-09-13 09:33:39,1.28,1.0078,315,1.26,0.9921,5,1.27,1.0,2,1.27,1.0,216,0
IWM190920C159,2019-09-13,2019-09-13 09:33:40,1.28,1.0078,66,1.26,0.9921,75,1.27,1.0,2,1.27,1.0,216,0
IWM190920C159,2019-09-13,2019-09-13 09:33:40,1.28,1.0078,315,1.25,0.9842,57,1.27,1.0,2,1.265,0.996,216,0
IWM190920C159,2019-09-13,2019-09-13 09:33:41,1.28,1.0078,200,1.25,0.9842,150,1.27,1.0,2,1.265,0.996,216,0
IWM190920C159,2019-09-13,2019-09-13 09:33:41,1.28,1.0078,254,1.26,0.9921,18,1.27,1.0,2,1.27,1.0,216,0
IWM190920C159,2019-09-13,2019-09-13 09:33:42,1.28,1.0078,200,1.26,0.9921,10,1.27,1.0,2,1.27,1.0,216,0
IWM190920C159,2019-09-13,2019-09-13 09:33:42,1.28,1.0078,200,1.26,0.9921,18,1.27,1.0,2,1.27,1.0,216,0
IWM190920C159,2019-09-13,2019-09-13 09:33:43,1.28,1.0078,96,1.26,0.9921,31,1.27,1.0,2,1.27,1.0,216,0
IWM190920C159,2019-09-13,2019-09-13 09:33:43,1.28,1.0078,190,1.26,0.9921,49,1.27,1.0,2,1.27,1.0,216,0
IWM190920C159,2019-09-13,2019-09-13 09:33:44,1.28,1.0078,92,1.26,0.9921,43,1.27,1.0,2,1.27,1.0,216,0
IWM190920C159,2019-09-13,2019-09-13 09:33:44,1.28,1.0078,133,1.26,0.9921,43,1.27,1.0,2,1.27,1.0,216,0
IWM190920C159,2019-09-13,2019-09-13 09:33:45,1.28,1.0078,255,1.26,0.9921,20,1.27,1.0,2,1.27,1.0,216,0
IWM190920C159,2019-09-13,2019-09-13 09:33:45,1.27,1.0,25,1.26,0.9921,28,1.27,1.0,2,1.265,0.996,216,0
IWM190920C159,2019-09-13,2019-09-13 09:33:46,1.28,1.0078,155,1.26,0.9921,28,1.27,1.0,2,1.27,1.0,216,0
IWM190920C159,2019-09-13,2019-09-13 09:33:47,1.28,1.0078,166,1.26,0.9921,28,1.27,1.0,2,1.27,1.0,216,0
IWM190920C159,2019-09-13,2019-09-13 09:33:48,1.28,1.0078,166,1.26,0.9921,12,1.27,1.0,2,1.27,1.0,216,0
IWM190920C159,2019-09-13,2019-09-13 09:33:49,1.27,1.0,23,1.25,0.9842,49,1.27,1.0,2,1.26,0.9921,216,0
IWM190920C159,2019-09-13,2019-09-13 09:33:49,1.26,0.9921,22,1.24,0.9763,69,1.25,0.9842,5,1.25,0.9842,221,5
IWM190920C159,2019-09-13,2019-09-13 09:33:50,1.26,0.9921,19,1.24,0.9763,102,1.25,0.9842,5,1.25,0.9842,221,0
IWM190920C159,2019-09-13,2019-09-13 09:33:50,1.26,0.9921,13,1.24,0.9763,125,1.25,0.9842,5,1.25,0.9842,221,0
IWM190920C159,2019-09-13,2019-09-13 09:33:51,1.26,0.9921,23,1.24,0.9763,27,1.25,0.9842,5,1.25,0.9842,221,0
IWM190920C159,2019-09-13,2019-09-13 09:33:51,1.27,1.0,126,1.24,0.9763,278,1.25,0.9842,5,1.255,0.9881,221,0
IWM190920C159,2019-09-13,2019-09-13 09:33:52,1.25,0.9842,65,1.23,0.9685,60,1.25,0.9842,5,1.24,0.9763,221,0
IWM190920C159,2019-09-13,2019-09-13 09:33:52,1.26,0.9921,119,1.23,0.9685,169,1.25,0.9842,5,1.245,0.9803,221,0
IWM190920C159,2019-09-13,2019-09-13 09:33:53,1.26,0.9921,67,1.24,0.9763,115,1.25,0.9842,5,1.25,0.9842,221,0
IWM190920C159,2019-09-13,2019-09-13 09:33:53,1.27,1.0,35,1.24,0.9763,165,1.25,0.9842,5,1.255,0.9881,221,0
IWM190920C159,2019-09-13,2019-09-13 09:33:54,1.27,1.0,209,1.24,0.9763,165,1.25,0.9842,5,1.255,0.9881,221,0
IWM190920C159,2019-09-13,2019-09-13 09:33:54,1.27,1.0,45,1.24,0.9763,165,1.25,0.9842,5,1.255,0.9881,221,0
IWM190920C159,2019-09-13,2019-09-13 09:33:55,1.27,1.0,37,1.24,0.9763,165,1.25,0.9842,5,1.255,0.9881,221,0
IWM190920C159,2019-09-13,2019-09-13 09:33:55,1.27,1.0,250,1.24,0.9763,165,1.25,0.9842,5,1.255,0.9881,221,0
IWM190920C159,2019-09-13,2019-09-13 09:33:56,1.27,1.0,10,1.26,0.9921,5,1.25,0.9842,5,1.265,0.996,221,0
IWM190920C159,2019-09-13,2019-09-13 09:33:56,1.27,1.0,180,1.24,0.9763,165,1.25,0.9842,5,1.255,0.9881,221,0
IWM190920C159,2019-09-13,2019-09-13 09:33:57,1.28,1.0078,176,1.26,0.9921,57,1.25,0.9842,5,1.27,1.0,221,0
IWM190920C159,2019-09-13,2019-09-13 09:33:57,1.28,1.0078,182,1.26,0.9921,5,1.25,0.9842,5,1.27,1.0,221,0
IWM190920C159,2019-09-13,2019-09-13 09:33:58,1.28,1.0078,62,1.26,0.9921,82,1.25,0.9842,5,1.27,1.0,221,0
IWM190920C159,2019-09-13,2019-09-13 09:33:58,1.28,1.0078,72,1.26,0.9921,82,1.25,0.9842,5,1.27,1.0,221,0
IWM190920C159,2019-09-13,2019-09-13 09:33:59,1.27,1.0,13,1.25,0.9842,75,1.25,0.9842,5,1.26,0.9921,221,0
IWM190920C159,2019-09-13,2019-09-13 09:33:59,1.28,1.0078,92,1.26,0.9921,58,1.25,0.9842,5,1.27,1.0,221,0
IWM190920C159,2019-09-13,2019-09-13 09:34:00,1.26,0.9921,13,1.25,0.9842,5,1.25,0.9842,5,1.255,0.9881,221,0
IWM190920C159,2019-09-13,2019-09-13 09:34:00,1.27,1.0,101,1.25,0.9842,75,1.25,0.9842,5,1.26,0.9921,221,0
IWM190920C159,2019-09-13,2019-09-13 09:34:01,1.26,0.9921,42,1.23,0.9685,65,1.25,0.9842,5,1.245,0.9803,221,0
IWM190920C159,2019-09-13,2019-09-13 09:34:01,1.26,0.9921,13,1.24,0.9763,101,1.25,0.9842,5,1.25,0.9842,221,0
IWM190920C159,2019-09-13,2019-09-13 09:34:02,1.25,0.9842,100,1.23,0.9685,130,1.25,0.9842,5,1.24,0.9763,221,0
IWM190920C159,2019-09-13,2019-09-13 09:34:02,1.26,0.9921,42,1.23,0.9685,33,1.25,0.9842,5,1.245,0.9803,221,0
IWM190920C159,2019-09-13,2019-09-13 09:34:03,1.25,0.9842,100,1.23,0.9685,21,1.25,0.9842,5,1.24,0.9763,221,0
IWM190920C159,2019-09-13,2019-09-13 09:34:04,1.24,0.9763,35,1.22,0.9606,49,1.25,0.9842,5,1.23,0.9685,221,0
IWM190920C159,2019-09-13,2019-09-13 09:34:04,1.24,0.9763,19,1.21,0.9527,47,1.25,0.9842,5,1.225,0.9645,221,0
IWM190920C159,2019-09-13,2019-09-13 09:34:05,1.22,0.9606,13,1.21,0.9527,21,1.25,0.9842,5,1.215,0.9566,221,0
IWM190920C159,2019-09-13,2019-09-13 09:34:06,1.22,0.9606,95,1.2,0.9448,36,1.25,0.9842,5,1.21,0.9527,221,0
IWM190920C159,2019-09-13,2019-09-13 09:34:06,1.22,0.9606,95,1.2,0.9448,17,1.25,0.9842,5,1.21,0.9527,221,0
IWM190920C159,2019-09-13,2019-09-13 09:34:07,1.21,0.9527,77,1.19,0.937,153,1.25,0.9842,5,1.2,0.9448,221,0
IWM190920C159,2019-09-13,2019-09-13 09:34:08,1.21,0.9527,88,1.19,0.937,35,1.25,0.9842,5,1.2,0.9448,221,0
IWM190920C159,2019-09-13,2019-09-13 09:34:08,1.21,0.9527,143,1.19,0.937,80,1.25,0.9842,5,1.2,0.9448,221,0
IWM190920C159,2019-09-13,2019-09-13 09:34:09,1.22,0.9606,152,1.2,0.9448,29,1.25,0.9842,5,1.21,0.9527,221,0
IWM190920C159,2019-09-13,2019-09-13 09:34:09,1.21,0.9527,97,1.19,0.937,45,1.25,0.9842,5,1.2,0.9448,221,0
IWM190920C159,2019-09-13,2019-09-13 09:34:10,1.22,0.9606,261,1.2,0.9448,5,1.25,0.9842,5,1.21,0.9527,221,0
IWM190920C159,2019-09-13,2019-09-13 09:34:10,1.21,0.9527,49,1.19,0.937,61,1.25,0.9842,5,1.2,0.9448,221,0
IWM190920C159,2019-09-13,2019-09-13 09:34:11,1.22,0.9606,85,1.2,0.9448,39,1.25,0.9842,5,1.21,0.9527,221,0
IWM190920C159,2019-09-13,2019-09-13 09:34:11,1.21,0.9527,17,1.2,0.9448,32,1.25,0.9842,5,1.205,0.9488,221,0
IWM190920C159,2019-09-13,2019-09-13 09:34:12,1.23,0.9685,46,1.21,0.9527,24,1.25,0.9842,5,1.22,0.9606,221,0
IWM190920C159,2019-09-13,2019-09-13 09:34:12,1.23,0.9685,65,1.21,0.9527,62,1.25,0.9842,5,1.22,0.9606,221,0
IWM190920C159,2019-09-13,2019-09-13 09:34:13,1.24,0.9763,39,1.23,0.9685,5,1.25,0.9842,5,1.235,0.9724,221,0
IWM190920C159,2019-09-13,2019-09-13 09:34:14,1.24,0.9763,13,1.23,0.9685,16,1.25,0.9842,5,1.235,0.9724,221,0
IWM190920C159,2019-09-13,2019-09-13 09:34:15,1.24,0.9763,128,1.21,0.9527,175,1.25,0.9842,5,1.225,0.9645,221,0
IWM190920C159,2019-09-13,2019-09-13 09:34:15,1.23,0.9685,13,1.21,0.9527,151,1.25,0.9842,5,1.22,0.9606,221,0
IWM190920C159,2019-09-13,2019-09-13 09:34:16,1.24,0.9763,87,1.22,0.9606,53,1.25,0.9842,5,1.23,0.9685,221,0
IWM190920C159,2019-09-13,2019-09-13 09:34:16,1.24,0.9763,214,1.22,0.9606,42,1.25,0.9842,5,1.23,0.9685,221,0
IWM190920C159,2019-09-13,2019-09-13 09:34:17,1.24,0.9763,87,1.22,0.9606,49,1.25,0.9842,5,1.23,0.9685,221,0
IWM190920C159,2019-09-13,2019-09-13 09:34:17,1.24,0.9763,304,1.22,0.9606,10,1.25,0.9842,5,1.23,0.9685,221,0
IWM190920C159,2019-09-13,2019-09-13 09:34:18,1.24,0.9763,304,1.22,0.9606,10,1.25,0.9842,5,1.23,0.9685,221,0
IWM190920C159,2019-09-13,2019-09-13 09:34:19,1.23,0.9685,71,1.2,0.9448,79,1.25,0.9842,5,1.215,0.9566,221,0
IWM190920C159,2019-09-13,2019-09-13 09:34:19,1.23,0.9685,71,1.21,0.9527,25,1.25,0.9842,5,1.22,0.9606,221,0
IWM190920C159,2019-09-13,2019-09-13 09:34:20,1.22,0.9606,193,1.2,0.9448,39,1.25,0.9842,5,1.21,0.9527,221,0
IWM190920C159,2019-09-13,2019-09-13 09:34:20,1.22,0.9606,154,1.2,0.9448,65,1.25,0.9842,5,1.21,0.9527,221,0
IWM190920C159,2019-09-13,2019-09-13 09:34:21,1.22,0.9606,295,1.2,0.9448,39,1.25,0.9842,5,1.21,0.9527,221,0
IWM190920C159,2019-09-13,2019-09-13 09:34:21,1.22,0.9606,239,1.2,0.9448,79,1.25,0.9842,5,1.21,0.9527,221,0
IWM190920C159,2019-09-13,2019-09-13 09:34:22,1.22,0.9606,61,1.2,0.9448,32,1.25,0.9842,5,1.21,0.9527,221,0
IWM190920C159,2019-09-13,2019-09-13 09:34:22,1.22,0.9606,298,1.2,0.9448,30,1.25,0.9842,5,1.21,0.9527,221,0
IWM190920C159,2019-09-13,2019-09-13 09:34:23,1.22,0.9606,25,1.2,0.9448,151,1.25,0.9842,5,1.21,0.9527,221,0
IWM190920C159,2019-09-13,2019-09-13 09:34:23,1.22,0.9606,18,1.2,0.9448,151,1.25,0.9842,5,1.21,0.9527,221,0
IWM190920C159,2019-09-13,2019-09-13 09:34:24,1.22,0.9606,108,1.2,0.9448,41,1.25,0.9842,5,1.21,0.9527,221,0
IWM190920C159,2019-09-13,2019-09-13 09:34:25,1.22,0.9606,167,1.2,0.9448,41,1.25,0.9842,5,1.21,0.9527,221,0
IWM190920C159,2019-09-13,2019-09-13 09:34:25,1.22,0.9606,108,1.2,0.9448,41,1.25,0.9842,5,1.21,0.9527,221,0
IWM190920C159,2019-09-13,2019-09-13 09:34:26,1.22,0.9606,144,1.2,0.9448,41,1.25,0.9842,5,1.21,0.9527,221,0
IWM190920C159,2019-09-13,2019-09-13 09:34:26,1.22,0.9606,179,1.2,0.9448,33,1.25,0.9842,5,1.21,0.9527,221,0
IWM190920C159,2019-09-13,2019-09-13 09:34:27,1.22,0.9606,94,1.2,0.9448,110,1.25,0.9842,5,1.21,0.9527,221,0
IWM190920C159,2019-09-13,2019-09-13 09:34:27,1.22,0.9606,104,1.2,0.9448,110,1.25,0.9842,5,1.21,0.9527,221,0
IWM190920C159,2019-09-13,2019-09-13 09:34:28,1.22,0.9606,104,1.2,0.9448,110,1.25,0.9842,5,1.21,0.9527,221,0
IWM190920C159,2019-09-13,2019-09-13 09:34:29,1.22,0.9606,33,1.2,0.9448,110,1.21,0.9527,20,1.21,0.9527,241,0
IWM190920C159,2019-09-13,2019-09-13 09:34:29,1.21,0.9527,1,1.2,0.9448,110,1.21,0.9527,20,1.205,0.9488,241,20
IWM190920C159,2019-09-13,2019-09-13 09:34:30,1.22,0.9606,37,1.2,0.9448,61,1.21,0.9527,20,1.21,0.9527,241,0
IWM190920C159,2019-09-13,2019-09-13 09:34:30,1.24,0.9763,68,1.22,0.9606,61,1.21,0.9527,20,1.23,0.9685,241,0
IWM190920C159,2019-09-13,2019-09-13 09:34:31,1.24,0.9763,23,1.22,0.9606,61,1.21,0.9527,20,1.23,0.9685,241,0
IWM190920C159,2019-09-13,2019-09-13 09:34:32,1.25,0.9842,107,1.23,0.9685,64,1.21,0.9527,20,1.24,0.9763,241,0
IWM190920C159,2019-09-13,2019-09-13 09:34:32,1.24,0.9763,13,1.23,0.9685,112,1.21,0.9527,20,1.235,0.9724,241,0
IWM190920C159,2019-09-13,2019-09-13 09:34:33,1.24,0.9763,10,1.23,0.9685,51,1.21,0.9527,20,1.235,0.9724,241,0
IWM190920C159,2019-09-13,2019-09-13 09:34:33,1.24,0.9763,81,1.22,0.9606,138,1.21,0.9527,20,1.23,0.9685,241,0
IWM190920C159,2019-09-13,2019-09-13 09:34:34,1.25,0.9842,221,1.23,0.9685,110,1.21,0.9527,20,1.24,0.9763,241,0
IWM190920C159,2019-09-13,2019-09-13 09:34:34,1.25,0.9842,150,1.23,0.9685,83,1.21,0.9527,20,1.24,0.9763,241,0
IWM190920C159,2019-09-13,2019-09-13 09:34:35,1.25,0.9842,184,1.23,0.9685,149,1.21,0.9527,20,1.24,0.9763,241,0
IWM190920C159,2019-09-13,2019-09-13 09:34:35,1.26,0.9921,195,1.23,0.9685,172,1.21,0.9527,20,1.245,0.9803,241,0
IWM190920C159,2019-09-13,2019-09-13 09:34:36,1.26,0.9921,182,1.23,0.9685,172,1.21,0.9527,20,1.245,0.9803,241,0
IWM190920C159,2019-09-13,2019-09-13 09:34:36,1.26,0.9921,192,1.23,0.9685,172,1.21,0.9527,20,1.245,0.9803,241,0
IWM190920C159,2019-09-13,2019-09-13 09:34:37,1.25,0.9842,67,1.23,0.9685,126,1.21,0.9527,20,1.24,0.9763,241,0
IWM190920C159,2019-09-13,2019-09-13 09:34:37,1.26,0.9921,354,1.23,0.9685,162,1.21,0.9527,20,1.245,0.9803,241,0
IWM190920C159,2019-09-13,2019-09-13 09:34:38,1.25,0.9842,208,1.23,0.9685,105,1.21,0.9527,20,1.24,0.9763,241,0
IWM190920C159,2019-09-13,2019-09-13 09:34:38,1.25,0.9842,198,1.23,0.9685,78,1.21,0.9527,20,1.24,0.9763,241,0
IWM190920C159,2019-09-13,2019-09-13 09:34:39,1.25,0.9842,208,1.23,0.9685,78,1.21,0.9527,20,1.24,0.9763,241,0
IWM190920C159,2019-09-13,2019-09-13 09:34:40,1.25,0.9842,208,1.23,0.9685,78,1.21,0.9527,20,1.24,0.9763,241,0
IWM190920C159,2019-09-13,2019-09-13 09:34:40,1.25,0.9842,210,1.23,0.9685,78,1.21,0.9527,20,1.24,0.9763,241,0
IWM190920C159,2019-09-13,2019-09-13 09:34:41,1.25,0.9842,224,1.22,0.9606,125,1.21,0.9527,20,1.235,0.9724,241,0
IWM190920C159,2019-09-13,2019-09-13 09:34:41,1.25,0.9842,158,1.22,0.9606,133,1.21,0.9527,20,1.235,0.9724,241,0
IWM190920C159,2019-09-13,2019-09-13 09:34:42,1.25,0.9842,150,1.23,0.9685,74,1.21,0.9527,20,1.24,0.9763,241,0
IWM190920C159,2019-09-13,2019-09-13 09:34:42,1.25,0.9842,96,1.23,0.9685,74,1.21,0.9527,20,1.24,0.9763,241,0
IWM190920C159,2019-09-13,2019-09-13 09:34:43,1.25,0.9842,205,1.23,0.9685,74,1.21,0.9527,20,1.24,0.9763,241,0
IWM190920C159,2019-09-13,2019-09-13 09:34:43,1.24,0.9763,34,1.22,0.9606,125,1.21,0.9527,20,1.23,0.9685,241,0
IWM190920C159,2019-09-13,2019-09-13 09:34:44,1.26,0.9921,189,1.22,0.9606,182,1.21,0.9527,20,1.24,0.9763,241,0
IWM190920C159,2019-09-13,2019-09-13 09:34:44,1.25,0.9842,135,1.22,0.9606,182,1.21,0.9527,20,1.235,0.9724,241,0
IWM190920C159,2019-09-13,2019-09-13 09:34:45,1.25,0.9842,13,1.24,0.9763,5,1.21,0.9527,20,1.245,0.9803,241,0
IWM190920C159,2019-09-13,2019-09-13 09:34:45,1.25,0.9842,131,1.23,0.9685,62,1.21,0.9527,20,1.24,0.9763,241,0
IWM190920C159,2019-09-13,2019-09-13 09:34:46,1.26,0.9921,38,1.24,0.9763,62,1.21,0.9527,20,1.25,0.9842,241,0
IWM190920C159,2019-09-13,2019-09-13 09:34:46,1.26,0.9921,38,1.24,0.9763,55,1.21,0.9527,20,1.25,0.9842,241,0
IWM190920C159,2019-09-13,2019-09-13 09:34:47,1.26,0.9921,111,1.24,0.9763,109,1.21,0.9527,20,1.25,0.9842,241,0
IWM190920C159,2019-09-13,2019-09-13 09:34:47,1.26,0.9921,121,1.24,0.9763,82,1.21,0.9527,20,1.25,0.9842,241,0
IWM190920C159,2019-09-13,2019-09-13 09:34:48,1.26,0.9921,98,1.25,0.9842,5,1.21,0.9527,20,1.255,0.9881,241,0
IWM190920C159,2019-09-13,2019-09-13 09:34:48,1.26,0.9921,103,1.24,0.9763,82,1.21,0.9527,20,1.25,0.9842,241,0
IWM190920C159,2019-09-13,2019-09-13 09:34:49,1.27,1.0,172,1.24,0.9763,62,1.21,0.9527,20,1.255,0.9881,241,0
IWM190920C159,2019-09-13,2019-09-13 09:34:50,1.27,1.0,180,1.25,0.9842,4,1.21,0.9527,20,1.26,0.9921,241,0
IWM190920C159,2019-09-13,2019-09-13 09:34:50,1.27,1.0,126,1.25,0.9842,29,1.21,0.9527,20,1.26,0.9921,241,0
IWM190920C159,2019-09-13,2019-09-13 09:34:51,1.27,1.0,52,1.25,0.9842,69,1.21,0.9527,20,1.26,0.9921,241,0
IWM190920C159,2019-09-13,2019-09-13 09:34:51,1.27,1.0,122,1.25,0.9842,37,1.21,0.9527,20,1.26,0.9921,241,0
IWM190920C159,2019-09-13,2019-09-13 09:34:52,1.28,1.0078,55,1.27,1.0,5,1.21,0.9527,20,1.275,1.0039,241,0
IWM190920C159,2019-09-13,2019-09-13 09:34:52,1.29,1.0157,35,1.27,1.0,100,1.21,0.9527,20,1.28,1.0078,241,0
IWM190920C159,2019-09-13,2019-09-13 09:34:53,1.29,1.0157,1,1.27,1.0,100,1.21,0.9527,20,1.28,1.0078,241,0
IWM190920C159,2019-09-13,2019-09-13 09:34:53,1.29,1.0157,1,1.27,1.0,145,1.21,0.9527,20,1.28,1.0078,241,0
IWM190920C159,2019-09-13,2019-09-13 09:34:54,1.29,1.0157,83,1.27,1.0,145,1.21,0.9527,20,1.28,1.0078,241,0
IWM190920C159,2019-09-13,2019-09-13 09:34:55,1.29,1.0157,93,1.27,1.0,145,1.21,0.9527,20,1.28,1.0078,241,0
IWM190920C159,2019-09-13,2019-09-13 09:34:56,1.29,1.0157,93,1.27,1.0,145,1.21,0.9527,20,1.28,1.0078,241,0
IWM190920C159,2019-09-13,2019-09-13 09:34:56,1.29,1.0157,93,1.27,1.0,135,1.21,0.9527,20,1.28,1.0078,241,0
IWM190920C159,2019-09-13,2019-09-13 09:34:57,1.29,1.0157,263,1.27,1.0,20,1.21,0.9527,20,1.28,1.0078,241,0
IWM190920C159,2019-09-13,2019-09-13 09:34:58,1.29,1.0157,66,1.28,1.0078,5,1.21,0.9527,20,1.285,1.0118,241,0
IWM190920C159,2019-09-13,2019-09-13 09:34:58,1.29,1.0157,117,1.27,1.0,65,1.21,0.9527,20,1.28,1.0078,241,0
IWM190920C159,2019-09-13,2019-09-13 09:34:59,1.29,1.0157,126,1.28,1.0078,5,1.21,0.9527,20,1.285,1.0118,241,0
IWM190920C159,2019-09-13,2019-09-13 09:34:59,1.29,1.0157,116,1.28,1.0078,5,1.21,0.9527,20,1.285,1.0118,241,0
IWM190920C159,2019-09-13,2019-09-13 09:35:00,1.31,1.0314,21,1.29,1.0157,18,1.21,0.9527,20,1.3,1.0236,241,0
IWM190920C159,2019-09-13,2019-09-13 09:35:00,1.29,1.0157,116,1.27,1.0,63,1.21,0.9527,20,1.28,1.0078,241,0
IWM190920C159,2019-09-13,2019-09-13 09:35:01,1.31,1.0314,15,1.3,1.0236,5,1.21,0.9527,20,1.305,1.0275,241,0
IWM190920C159,2019-09-13,2019-09-13 09:35:01,1.31,1.0314,15,1.3,1.0236,40,1.21,0.9527,20,1.305,1.0275,241,0
IWM190920C159,2019-09-13,2019-09-13 09:35:02,1.32,1.0393,9,1.3,1.0236,62,1.21,0.9527,20,1.31,1.0314,241,0
IWM190920C159,2019-09-13,2019-09-13 09:35:02,1.31,1.0314,15,1.3,1.0236,14,1.21,0.9527,20,1.305,1.0275,241,0
IWM190920C159,2019-09-13,2019-09-13 09:35:03,1.33,1.0472,13,1.31,1.0314,10,1.21,0.9527,20,1.32,1.0393,241,0
IWM190920C159,2019-09-13,2019-09-13 09:35:03,1.33,1.0472,21,1.31,1.0314,58,1.21,0.9527,20,1.32,1.0393,241,0
IWM190920C159,2019-09-13,2019-09-13 09:35:04,1.34,1.0551,120,1.31,1.0314,17,1.21,0.9527,20,1.325,1.0433,241,0
IWM190920C159,2019-09-13,2019-09-13 09:35:04,1.33,1.0472,21,1.31,1.0314,14,1.21,0.9527,20,1.32,1.0393,241,0
IWM190920C159,2019-09-13,2019-09-13 09:35:05,1.33,1.0472,19,1.31,1.0314,62,1.21,0.9527,20,1.32,1.0393,241,0
IWM190920C159,2019-09-13,2019-09-13 09:35:05,1.34,1.0551,313,1.32,1.0393,53,1.21,0.9527,20,1.33,1.0472,241,0
IWM190920C159,2019-09-13,2019-09-13 09:35:06,1.34,1.0551,191,1.32,1.0393,5,1.21,0.9527,20,1.33,1.0472,241,0
IWM190920C159,2019-09-13,2019-09-13 09:35:06,1.34,1.0551,191,1.31,1.0314,62,1.21,0.9527,20,1.325,1.0433,241,0
IWM190920C159,2019-09-13,2019-09-13 09:35:07,1.34,1.0551,26,1.32,1.0393,62,1.21,0.9527,20,1.33,1.0472,241,0
IWM190920C159,2019-09-13,2019-09-13 09:35:08,1.33,1.0472,30,1.31,1.0314,5,1.21,0.9527,20,1.32,1.0393,241,0
IWM190920C159,2019-09-13,2019-09-13 09:35:08,1.33,1.0472,10,1.31,1.0314,40,1.21,0.9527,20,1.32,1.0393,241,0
IWM190920C159,2019-09-13,2019-09-13 09:35:09,1.34,1.0551,158,1.31,1.0314,155,1.21,0.9527,20,1.325,1.0433,241,0
IWM190920C159,2019-09-13,2019-09-13 09:35:09,1.34,1.0551,60,1.32,1.0393,34,1.21,0.9527,20,1.33,1.0472,241,0
IWM190920C159,2019-09-13,2019-09-13 09:35:10,1.34,1.0551,89,1.33,1.0472,18,1.21,0.9527,20,1.335,1.0511,241,0
IWM190920C159,2019-09-13,2019-09-13 09:35:11,1.35,1.0629,128,1.34,1.0551,5,1.21,0.9527,20,1.345,1.059,241,0
IWM190920C159,2019-09-13,2019-09-13 09:35:11,1.35,1.0629,128,1.33,1.0472,58,1.21,0.9527,20,1.34,1.0551,241,0
IWM190920C159,2019-09-13,2019-09-13 09:35:12,1.35,1.0629,128,1.33,1.0472,62,1.21,0.9527,20,1.34,1.0551,241,0
IWM190920C159,2019-09-13,2019-09-13 09:35:12,1.36,1.0708,234,1.34,1.0551,2,1.21,0.9527,20,1.35,1.0629,241,0
IWM190920C159,2019-09-13,2019-09-13 09:35:13,1.37,1.0787,134,1.35,1.0629,18,1.21,0.9527,20,1.36,1.0708,241,0
IWM190920C159,2019-09-13,2019-09-13 09:35:13,1.37,1.0787,10,1.36,1.0708,5,1.21,0.9527,20,1.365,1.0748,241,0
IWM190920C159,2019-09-13,2019-09-13 09:35:14,1.37,1.0787,75,1.35,1.0629,13,1.21,0.9527,20,1.36,1.0708,241,0
IWM190920C159,2019-09-13,2019-09-13 09:35:14,1.37,1.0787,86,1.35,1.0629,20,1.21,0.9527,20,1.36,1.0708,241,0
IWM190920C159,2019-09-13,2019-09-13 09:35:15,1.38,1.0866,93,1.36,1.0708,43,1.21,0.9527,20,1.37,1.0787,241,0
IWM190920C159,2019-09-13,2019-09-13 09:35:15,1.38,1.0866,15,1.36,1.0708,43,1.21,0.9527,20,1.37,1.0787,241,0
IWM190920C159,2019-09-13,2019-09-13 09:35:16,1.39,1.0944,213,1.37,1.0787,16,1.21,0.9527,20,1.38,1.0866,241,0
IWM190920C159,2019-09-13,2019-09-13 09:35:16,1.38,1.0866,48,1.36,1.0708,43,1.21,0.9527,20,1.37,1.0787,241,0
IWM190920C159,2019-09-13,2019-09-13 09:35:17,1.39,1.0944,245,1.37,1.0787,16,1.21,0.9527,20,1.38,1.0866,241,0
IWM190920C159,2019-09-13,2019-09-13 09:35:17,1.39,1.0944,263,1.36,1.0708,29,1.21,0.9527,20,1.375,1.0826,241,0
IWM190920C159,2019-09-13,2019-09-13 09:35:18,1.39,1.0944,272,1.36,1.0708,22,1.21,0.9527,20,1.375,1.0826,241,0
IWM190920C159,2019-09-13,2019-09-13 09:35:18,1.39,1.0944,248,1.37,1.0787,16,1.21,0.9527,20,1.38,1.0866,241,0
IWM190920C159,2019-09-13,2019-09-13 09:35:19,1.39,1.0944,248,1.37,1.0787,20,1.21,0.9527,20,1.38,1.0866,241,0
IWM190920C159,2019-09-13,2019-09-13 09:35:20,1.39,1.0944,90,1.37,1.0787,16,1.21,0.9527,20,1.38,1.0866,241,0
IWM190920C159,2019-09-13,2019-09-13 09:35:20,1.39,1.0944,48,1.37,1.0787,18,1.21,0.9527,20,1.38,1.0866,241,0
IWM190920C159,2019-09-13,2019-09-13 09:35:21,1.39,1.0944,48,1.37,1.0787,18,1.21,0.9527,20,1.38,1.0866,241,0
IWM190920C159,2019-09-13,2019-09-13 09:35:21,1.39,1.0944,48,1.38,1.0866,16,1.21,0.9527,20,1.385,1.0905,241,0
IWM190920C159,2019-09-13,2019-09-13 09:35:22,1.4,1.1023,155,1.38,1.0866,13,1.21,0.9527,20,1.39,1.0944,241,0
IWM190920C159,2019-09-13,2019-09-13 09:35:22,1.39,1.0944,48,1.38,1.0866,13,1.21,0.9527,20,1.385,1.0905,241,0
IWM190920C159,2019-09-13,2019-09-13 09:35:23,1.4,1.1023,134,1.38,1.0866,16,1.21,0.9527,20,1.39,1.0944,241,0
IWM190920C159,2019-09-13,2019-09-13 09:35:23,1.41,1.1102,100,1.38,1.0866,16,1.21,0.9527,20,1.395,1.0984,241,0
IWM190920C159,2019-09-13,2019-09-13 09:35:24,1.41,1.1102,198,1.39,1.0944,30,1.21,0.9527,20,1.4,1.1023,241,0
IWM190920C159,2019-09-13,2019-09-13 09:35:24,1.41,1.1102,61,1.39,1.0944,18,1.21,0.9527,20,1.4,1.1023,241,0
IWM190920C159,2019-09-13,2019-09-13 09:35:25,1.41,1.1102,82,1.4,1.1023,3,1.21,0.9527,20,1.405,1.1062,241,0
IWM190920C159,2019-09-13,2019-09-13 09:35:25,1.41,1.1102,10,1.39,1.0944,18,1.21,0.9527,20,1.4,1.1023,241,0
IWM190920C159,2019-09-13,2019-09-13 09:35:26,1.4,1.1023,13,1.38,1.0866,16,1.21,0.9527,20,1.39,1.0944,241,0
IWM190920C159,2019-09-13,2019-09-13 09:35:26,1.4,1.1023,32,1.38,1.0866,16,1.21,0.9527,20,1.39,1.0944,241,0
IWM190920C159,2019-09-13,2019-09-13 09:35:27,1.4,1.1023,69,1.37,1.0787,53,1.21,0.9527,20,1.385,1.0905,241,0
IWM190920C159,2019-09-13,2019-09-13 09:35:27,1.4,1.1023,87,1.37,1.0787,31,1.21,0.9527,20,1.385,1.0905,241,0
IWM190920C159,2019-09-13,2019-09-13 09:35:28,1.39,1.0944,16,1.37,1.0787,16,1.21,0.9527,20,1.38,1.0866,241,0
IWM190920C159,2019-09-13,2019-09-13 09:35:28,1.39,1.0944,15,1.37,1.0787,18,1.21,0.9527,20,1.38,1.0866,241,0
IWM190920C159,2019-09-13,2019-09-13 09:35:29,1.39,1.0944,23,1.37,1.0787,16,1.21,0.9527,20,1.38,1.0866,241,0
IWM190920C159,2019-09-13,2019-09-13 09:35:29,1.39,1.0944,83,1.37,1.0787,3,1.21,0.9527,20,1.38,1.0866,241,0
IWM190920C159,2019-09-13,2019-09-13 09:35:30,1.39,1.0944,84,1.38,1.0866,13,1.21,0.9527,20,1.385,1.0905,241,0
IWM190920C159,2019-09-13,2019-09-13 09:35:31,1.41,1.1102,110,1.38,1.0866,16,1.21,0.9527,20,1.395,1.0984,241,0
IWM190920C159,2019-09-13,2019-09-13 09:35:31,1.41,1.1102,164,1.39,1.0944,10,1.21,0.9527,20,1.4,1.1023,241,0
IWM190920C159,2019-09-13,2019-09-13 09:35:32,1.39,1.0944,85,1.37,1.0787,16,1.21,0.9527,20,1.38,1.0866,241,0
IWM190920C159,2019-09-13,2019-09-13 09:35:32,1.4,1.1023,10,1.38,1.0866,15,1.21,0.9527,20,1.39,1.0944,241,0
IWM190920C159,2019-09-13,2019-09-13 09:35:33,1.39,1.0944,91,1.37,1.0787,16,1.21,0.9527,20,1.38,1.0866,241,0
IWM190920C159,2019-09-13,2019-09-13 09:35:33,1.39,1.0944,13,1.37,1.0787,13,1.21,0.9527,20,1.38,1.0866,241,0
IWM190920C159,2019-09-13,2019-09-13 09:35:34,1.4,1.1023,60,1.37,1.0787,16,1.21,0.9527,20,1.385,1.0905,241,0
IWM190920C159,2019-09-13,2019-09-13 09:35:34,1.41,1.1102,10,1.39,1.0944,15,1.21,0.9527,20,1.4,1.1023,241,0
IWM190920C159,2019-09-13,2019-09-13 09:35:35,1.42,1.1181,10,1.41,1.1102,5,1.21,0.9527,20,1.415,1.1141,241,0
IWM190920C159,2019-09-13,2019-09-13 09:35:35,1.42,1.1181,10,1.4,1.1023,28,1.21,0.9527,20,1.41,1.1102,241,0
IWM190920C159,2019-09-13,2019-09-13 09:35:36,1.42,1.1181,10,1.4,1.1023,30,1.21,0.9527,20,1.41,1.1102,241,0
IWM190920C159,2019-09-13,2019-09-13 09:35:36,1.42,1.1181,10,1.4,1.1023,18,1.21,0.9527,20,1.41,1.1102,241,0
IWM190920C159,2019-09-13,2019-09-13 09:35:37,1.42,1.1181,51,1.4,1.1023,16,1.21,0.9527,20,1.41,1.1102,241,0
IWM190920C159,2019-09-13,2019-09-13 09:35:37,1.41,1.1102,13,1.39,1.0944,18,1.21,0.9527,20,1.4,1.1023,241,0
IWM190920C159,2019-09-13,2019-09-13 09:35:38,1.42,1.1181,26,1.41,1.1102,18,1.21,0.9527,20,1.415,1.1141,241,0
IWM190920C159,2019-09-13,2019-09-13 09:35:39,1.44,1.1338,131,1.42,1.1181,13,1.21,0.9527,20,1.43,1.1259,241,0
IWM190920C159,2019-09-13,2019-09-13 09:35:39,1.44,1.1338,90,1.41,1.1102,18,1.21,0.9527,20,1.425,1.122,241,0
IWM190920C159,2019-09-13,2019-09-13 09:35:40,1.44,1.1338,182,1.42,1.1181,23,1.21,0.9527,20,1.43,1.1259,241,0
IWM190920C159,2019-09-13,2019-09-13 09:35:40,1.44,1.1338,182,1.42,1.1181,18,1.21,0.9527,20,1.43,1.1259,241,0
IWM190920C159,2019-09-13,2019-09-13 09:35:41,1.44,1.1338,182,1.41,1.1102,78,1.21,0.9527,20,1.425,1.122,241,0
IWM190920C159,2019-09-13,2019-09-13 09:35:41,1.44,1.1338,227,1.41,1.1102,78,1.21,0.9527,20,1.425,1.122,241,0
IWM190920C159,2019-09-13,2019-09-13 09:35:42,1.43,1.1259,14,1.41,1.1102,44,1.21,0.9527,20,1.42,1.1181,241,0
IWM190920C159,2019-09-13,2019-09-13 09:35:42,1.44,1.1338,227,1.42,1.1181,18,1.21,0.9527,20,1.43,1.1259,241,0
IWM190920C159,2019-09-13,2019-09-13 09:35:43,1.42,1.1181,34,1.4,1.1023,31,1.21,0.9527,20,1.41,1.1102,241,0
IWM190920C159,2019-09-13,2019-09-13 09:35:43,1.42,1.1181,13,1.4,1.1023,29,1.21,0.9527,20,1.41,1.1102,241,0
IWM190920C159,2019-09-13,2019-09-13 09:35:44,1.42,1.1181,67,1.41,1.1102,5,1.21,0.9527,20,1.415,1.1141,241,0
IWM190920C159,2019-09-13,2019-09-13 09:35:44,1.41,1.1102,60,1.4,1.1023,5,1.21,0.9527,20,1.405,1.1062,241,0
IWM190920C159,2019-09-13,2019-09-13 09:35:45,1.42,1.1181,211,1.4,1.1023,16,1.21,0.9527,20,1.41,1.1102,241,0
IWM190920C159,2019-09-13,2019-09-13 09:35:45,1.42,1.1181,132,1.4,1.1023,16,1.21,0.9527,20,1.41,1.1102,241,0
IWM190920C159,2019-09-13,2019-09-13 09:35:46,1.42,1.1181,123,1.4,1.1023,41,1.21,0.9527,20,1.41,1.1102,241,0
IWM190920C159,2019-09-13,2019-09-13 09:35:46,1.42,1.1181,211,1.4,1.1023,32,1.21,0.9527,20,1.41,1.1102,241,0
IWM190920C159,2019-09-13,2019-09-13 09:35:47,1.42,1.1181,306,1.4,1.1023,10,1.21,0.9527,20,1.41,1.1102,241,0
IWM190920C159,2019-09-13,2019-09-13 09:35:47,1.42,1.1181,161,1.39,1.0944,34,1.21,0.9527,20,1.405,1.1062,241,0
IWM190920C159,2019-09-13,2019-09-13 09:35:48,1.43,1.1259,110,1.41,1.1102,3,1.21,0.9527,20,1.42,1.1181,241,0
IWM190920C159,2019-09-13,2019-09-13 09:35:48,1.42,1.1181,160,1.4,1.1023,16,1.21,0.9527,20,1.41,1.1102,241,0
IWM190920C159,2019-09-13,2019-09-13 09:35:49,1.41,1.1102,30,1.39,1.0944,13,1.21,0.9527,20,1.4,1.1023,241,0
IWM190920C159,2019-09-13,2019-09-13 09:35:49,1.41,1.1102,30,1.39,1.0944,18,1.21,0.9527,20,1.4,1.1023,241,0
IWM190920C159,2019-09-13,2019-09-13 09:35:50,1.42,1.1181,269,1.39,1.0944,47,1.21,0.9527,20,1.405,1.1062,241,0
IWM190920C159,2019-09-13,2019-09-13 09:35:51,1.41,1.1102,158,1.39,1.0944,44,1.21,0.9527,20,1.4,1.1023,241,0
IWM190920C159,2019-09-13,2019-09-13 09:35:51,1.41,1.1102,146,1.39,1.0944,42,1.21,0.9527,20,1.4,1.1023,241,0
IWM190920C159,2019-09-13,2019-09-13 09:35:52,1.41,1.1102,224,1.4,1.1023,57,1.21,0.9527,20,1.405,1.1062,241,0
IWM190920C159,2019-09-13,2019-09-13 09:35:52,1.41,1.1102,207,1.39,1.0944,44,1.21,0.9527,20,1.4,1.1023,241,0
IWM190920C159,2019-09-13,2019-09-13 09:35:53,1.42,1.1181,100,1.4,1.1023,37,1.21,0.9527,20,1.41,1.1102,241,0
IWM190920C159,2019-09-13,2019-09-13 09:35:53,1.42,1.1181,31,1.4,1.1023,57,1.21,0.9527,20,1.41,1.1102,241,0
IWM190920C159,2019-09-13,2019-09-13 09:35:54,1.42,1.1181,34,1.4,1.1023,18,1.21,0.9527,20,1.41,1.1102,241,0
IWM190920C159,2019-09-13,2019-09-13 09:35:54,1.42,1.1181,60,1.39,1.0944,27,1.21,0.9527,20,1.405,1.1062,241,0
IWM190920C159,2019-09-13,2019-09-13 09:35:55,1.42,1.1181,8,1.4,1.1023,60,1.21,0.9527,20,1.41,1.1102,241,0
IWM190920C159,2019-09-13,2019-09-13 09:35:55,1.42,1.1181,19,1.4,1.1023,29,1.21,0.9527,20,1.41,1.1102,241,0
IWM190920C159,2019-09-13,2019-09-13 09:35:56,1.43,1.1259,120,1.41,1.1102,18,1.21,0.9527,20,1.42,1.1181,241,0
IWM190920C159,2019-09-13,2019-09-13 09:35:56,1.42,1.1181,10,1.4,1.1023,18,1.21,0.9527,20,1.41,1.1102,241,0
IWM190920C159,2019-09-13,2019-09-13 09:35:57,1.43,1.1259,143,1.4,1.1023,49,1.21,0.9527,20,1.415,1.1141,241,0
IWM190920C159,2019-09-13,2019-09-13 09:35:57,1.43,1.1259,232,1.4,1.1023,60,1.21,0.9527,20,1.415,1.1141,241,0
IWM190920C159,2019-09-13,2019-09-13 09:35:58,1.42,1.1181,115,1.4,1.1023,60,1.21,0.9527,20,1.41,1.1102,241,0
IWM190920C159,2019-09-13,2019-09-13 09:35:58,1.42,1.1181,52,1.4,1.1023,18,1.21,0.9527,20,1.41,1.1102,241,0
IWM190920C159,2019-09-13,2019-09-13 09:35:59,1.42,1.1181,115,1.4,1.1023,17,1.21,0.9527,20,1.41,1.1102,241,0
IWM190920C159,2019-09-13,2019-09-13 09:35:59,1.42,1.1181,150,1.4,1.1023,17,1.21,0.9527,20,1.41,1.1102,241,0
IWM190920C159,2019-09-13,2019-09-13 09:36:00,1.42,1.1181,231,1.4,1.1023,17,1.21,0.9527,20,1.41,1.1102,241,0
IWM190920C159,2019-09-13,2019-09-13 09:36:00,1.42,1.1181,239,1.39,1.0944,42,1.21,0.9527,20,1.405,1.1062,241,0
IWM190920C159,2019-09-13,2019-09-13 09:36:01,1.42,1.1181,200,1.4,1.1023,61,1.21,0.9527,20,1.41,1.1102,241,0
IWM190920C159,2019-09-13,2019-09-13 09:36:01,1.43,1.1259,274,1.41,1.1102,16,1.21,0.9527,20,1.42,1.1181,241,0
IWM190920C159,2019-09-13,2019-09-13 09:36:02,1.42,1.1181,45,1.4,1.1023,39,1.21,0.9527,20,1.41,1.1102,241,0
IWM190920C159,2019-09-13,2019-09-13 09:36:02,1.43,1.1259,274,1.4,1.1023,81,1.21,0.9527,20,1.415,1.1141,241,0
IWM190920C159,2019-09-13,2019-09-13 09:36:03,1.42,1.1181,64,1.4,1.1023,39,1.21,0.9527,20,1.41,1.1102,241,0
IWM190920C159,2019-09-13,2019-09-13 09:36:03,1.42,1.1181,76,1.39,1.0944,42,1.21,0.9527,20,1.405,1.1062,241,0
IWM190920C159,2019-09-13,2019-09-13 09:36:04,1.43,1.1259,74,1.42,1.1181,1,1.21,0.9527,20,1.425,1.122,241,0
IWM190920C159,2019-09-13,2019-09-13 09:36:04,1.42,1.1181,81,1.4,1.1023,61,1.42,1.1181,1,1.41,1.1102,242,1
IWM190920C159,2019-09-13,2019-09-13 09:36:05,1.41,1.1102,46,1.4,1.1023,5,1.42,1.1181,1,1.405,1.1062,242,0
IWM190920C159,2019-09-13,2019-09-13 09:36:05,1.42,1.1181,204,1.39,1.0944,76,1.42,1.1181,1,1.405,1.1062,242,0
IWM190920C159,2019-09-13,2019-09-13 09:36:06,1.41,1.1102,94,1.39,1.0944,78,1.42,1.1181,1,1.4,1.1023,242,0
IWM190920C159,2019-09-13,2019-09-13 09:36:06,1.41,1.1102,81,1.39,1.0944,40,1.42,1.1181,1,1.4,1.1023,242,0
IWM190920C159,2019-09-13,2019-09-13 09:36:07,1.41,1.1102,69,1.39,1.0944,78,1.42,1.1181,1,1.4,1.1023,242,0
IWM190920C159,2019-09-13,2019-09-13 09:36:08,1.43,1.1259,126,1.4,1.1023,18,1.42,1.1181,1,1.415,1.1141,242,0
IWM190920C159,2019-09-13,2019-09-13 09:36:08,1.42,1.1181,8,1.39,1.0944,96,1.42,1.1181,1,1.405,1.1062,242,0
IWM190920C159,2019-09-13,2019-09-13 09:36:09,1.43,1.1259,274,1.4,1.1023,55,1.42,1.1181,1,1.415,1.1141,242,0
IWM190920C159,2019-09-13,2019-09-13 09:36:10,1.43,1.1259,173,1.41,1.1102,18,1.42,1.1181,1,1.42,1.1181,242,0
IWM190920C159,2019-09-13,2019-09-13 09:36:10,1.43,1.1259,20,1.41,1.1102,35,1.42,1.1181,1,1.42,1.1181,242,0
IWM190920C159,2019-09-13,2019-09-13 09:36:11,1.43,1.1259,70,1.41,1.1102,29,1.42,1.1181,1,1.42,1.1181,242,0
IWM190920C159,2019-09-13,2019-09-13 09:36:11,1.43,1.1259,30,1.41,1.1102,27,1.42,1.1181,1,1.42,1.1181,242,0
IWM190920C159,2019-09-13,2019-09-13 09:36:12,1.43,1.1259,438,1.41,1.1102,18,1.42,1.1181,1,1.42,1.1181,242,0
IWM190920C159,2019-09-13,2019-09-13 09:36:12,1.42,1.1181,81,1.4,1.1023,13,1.42,1.1181,1,1.41,1.1102,242,0
IWM190920C159,2019-09-13,2019-09-13 09:36:13,1.42,1.1181,162,1.4,1.1023,36,1.42,1.1181,1,1.41,1.1102,242,0
IWM190920C159,2019-09-13,2019-09-13 09:36:13,1.42,1.1181,129,1.4,1.1023,29,1.42,1.1181,1,1.41,1.1102,242,0
IWM190920C159,2019-09-13,2019-09-13 09:36:14,1.43,1.1259,119,1.4,1.1023,80,1.42,1.1181,1,1.415,1.1141,242,0
IWM190920C159,2019-09-13,2019-09-13 09:36:14,1.43,1.1259,67,1.41,1.1102,31,1.42,1.1181,1,1.42,1.1181,242,0
IWM190920C159,2019-09-13,2019-09-13 09:36:15,1.43,1.1259,87,1.41,1.1102,59,1.42,1.1181,1,1.42,1.1181,242,0
IWM190920C159,2019-09-13,2019-09-13 09:36:15,1.43,1.1259,249,1.4,1.1023,90,1.42,1.1181,1,1.415,1.1141,242,0
IWM190920C159,2019-09-13,2019-09-13 09:36:16,1.44,1.1338,51,1.42,1.1181,105,1.42,1.1181,1,1.43,1.1259,242,0
IWM190920C159,2019-09-13,2019-09-13 09:36:16,1.44,1.1338,167,1.41,1.1102,59,1.42,1.1181,1,1.425,1.122,242,0
IWM190920C159,2019-09-13,2019-09-13 09:36:17,1.44,1.1338,20,1.43,1.1259,5,1.42,1.1181,1,1.435,1.1299,242,0
IWM190920C159,2019-09-13,2019-09-13 09:36:18,1.47,1.1574,88,1.44,1.1338,8,1.42,1.1181,1,1.455,1.1456,242,0
IWM190920C159,2019-09-13,2019-09-13 09:36:18,1.45,1.1417,102,1.43,1.1259,18,1.42,1.1181,1,1.44,1.1338,242,0
IWM190920C159,2019-09-13,2019-09-13 09:36:19,1.46,1.1496,31,1.44,1.1338,43,1.42,1.1181,1,1.45,1.1417,242,0
IWM190920C159,2019-09-13,2019-09-13 09:36:19,1.47,1.1574,27,1.45,1.1417,28,1.42,1.1181,1,1.46,1.1496,242,0
IWM190920C159,2019-09-13,2019-09-13 09:36:20,1.48,1.1653,18,1.46,1.1496,18,1.42,1.1181,1,1.47,1.1574,242,0
IWM190920C159,2019-09-13,2019-09-13 09:36:20,1.48,1.1653,37,1.46,1.1496,92,1.42,1.1181,1,1.47,1.1574,242,0
IWM190920C159,2019-09-13,2019-09-13 09:36:21,1.49,1.1732,45,1.46,1.1496,19,1.42,1.1181,1,1.475,1.1614,242,0
IWM190920C159,2019-09-13,2019-09-13 09:36:21,1.49,1.1732,103,1.46,1.1496,28,1.42,1.1181,1,1.475,1.1614,242,0
IWM190920C159,2019-09-13,2019-09-13 09:36:22,1.49,1.1732,21,1.46,1.1496,18,1.42,1.1181,1,1.475,1.1614,242,0
IWM190920C159,2019-09-13,2019-09-13 09:36:22,1.49,1.1732,60,1.46,1.1496,37,1.42,1.1181,1,1.475,1.1614,242,0
IWM190920C159,2019-09-13,2019-09-13 09:36:23,1.48,1.1653,73,1.46,1.1496,32,1.42,1.1181,1,1.47,1.1574,242,0
IWM190920C159,2019-09-13,2019-09-13 09:36:24,1.48,1.1653,10,1.46,1.1496,37,1.42,1.1181,1,1.47,1.1574,242,0
IWM190920C159,2019-09-13,2019-09-13 09:36:25,1.49,1.1732,8,1.47,1.1574,39,1.42,1.1181,1,1.48,1.1653,242,0
IWM190920C159,2019-09-13,2019-09-13 09:36:25,1.49,1.1732,60,1.47,1.1574,39,1.42,1.1181,1,1.48,1.1653,242,0
IWM190920C159,2019-09-13,2019-09-13 09:36:26,1.49,1.1732,75,1.47,1.1574,26,1.42,1.1181,1,1.48,1.1653,242,0
IWM190920C159,2019-09-13,2019-09-13 09:36:26,1.49,1.1732,134,1.47,1.1574,13,1.42,1.1181,1,1.48,1.1653,242,0
IWM190920C159,2019-09-13,2019-09-13 09:36:27,1.49,1.1732,134,1.47,1.1574,13,1.42,1.1181,1,1.48,1.1653,242,0
IWM190920C159,2019-09-13,2019-09-13 09:36:27,1.49,1.1732,134,1.46,1.1496,35,1.42,1.1181,1,1.475,1.1614,242,0
IWM190920C159,2019-09-13,2019-09-13 09:36:28,1.49,1.1732,134,1.47,1.1574,16,1.42,1.1181,1,1.48,1.1653,242,0
IWM190920C159,2019-09-13,2019-09-13 09:36:29,1.49,1.1732,134,1.47,1.1574,16,1.42,1.1181,1,1.48,1.1653,242,0
IWM190920C159,2019-09-13,2019-09-13 09:36:29,1.5,1.1811,10,1.47,1.1574,42,1.42,1.1181,1,1.485,1.1692,242,0
IWM190920C159,2019-09-13,2019-09-13 09:36:30,1.51,1.1889,21,1.49,1.1732,59,1.42,1.1181,1,1.5,1.1811,242,0
IWM190920C159,2019-09-13,2019-09-13 09:36:30,1.51,1.1889,112,1.48,1.1653,53,1.42,1.1181,1,1.495,1.1771,242,0
IWM190920C159,2019-09-13,2019-09-13 09:36:31,1.51,1.1889,100,1.48,1.1653,48,1.42,1.1181,1,1.495,1.1771,242,0
IWM190920C159,2019-09-13,2019-09-13 09:36:31,1.51,1.1889,21,1.49,1.1732,59,1.42,1.1181,1,1.5,1.1811,242,0
IWM190920C159,2019-09-13,2019-09-13 09:36:32,1.51,1.1889,100,1.48,1.1653,48,1.42,1.1181,1,1.495,1.1771,242,0
IWM190920C159,2019-09-13,2019-09-13 09:36:33,1.51,1.1889,178,1.48,1.1653,12,1.42,1.1181,1,1.495,1.1771,242,0
IWM190920C159,2019-09-13,2019-09-13 09:36:33,1.5,1.1811,21,1.48,1.1653,33,1.42,1.1181,1,1.49,1.1732,242,0
IWM190920C159,2019-09-13,2019-09-13 09:36:34,1.51,1.1889,21,1.49,1.1732,30,1.42,1.1181,1,1.5,1.1811,242,0
IWM190920C159,2019-09-13,2019-09-13 09:36:34,1.51,1.1889,105,1.49,1.1732,5,1.42,1.1181,1,1.5,1.1811,242,0
IWM190920C159,2019-09-13,2019-09-13 09:36:35,1.51,1.1889,21,1.49,1.1732,20,1.5,1.1811,1,1.5,1.1811,243,0
IWM190920C159,2019-09-13,2019-09-13 09:36:35,1.51,1.1889,8,1.49,1.1732,30,1.5,1.1811,1,1.5,1.1811,243,1
IWM190920C159,2019-09-13,2019-09-13 09:36:36,1.51,1.1889,21,1.49,1.1732,50,1.5,1.1811,1,1.5,1.1811,243,0
IWM190920C159,2019-09-13,2019-09-13 09:36:37,1.51,1.1889,13,1.49,1.1732,46,1.5,1.1811,1,1.5,1.1811,243,0
IWM190920C159,2019-09-13,2019-09-13 09:36:37,1.52,1.1968,202,1.49,1.1732,47,1.5,1.1811,1,1.505,1.185,243,0
IWM190920C159,2019-09-13,2019-09-13 09:36:38,1.51,1.1889,21,1.49,1.1732,39,1.5,1.1811,1,1.5,1.1811,243,0
IWM190920C159,2019-09-13,2019-09-13 09:36:38,1.52,1.1968,76,1.49,1.1732,46,1.5,1.1811,1,1.505,1.185,243,0
IWM190920C159,2019-09-13,2019-09-13 09:36:39,1.52,1.1968,21,1.49,1.1732,72,1.5,1.1811,1,1.505,1.185,243,0
IWM190920C159,2019-09-13,2019-09-13 09:36:39,1.52,1.1968,59,1.49,1.1732,72,1.5,1.1811,1,1.505,1.185,243,0
IWM190920C159,2019-09-13,2019-09-13 09:36:40,1.52,1.1968,21,1.49,1.1732,72,1.5,1.1811,1,1.505,1.185,243,0
IWM190920C159,2019-09-13,2019-09-13 09:36:40,1.52,1.1968,21,1.5,1.1811,20,1.5,1.1811,1,1.51,1.1889,243,0
IWM190920C159,2019-09-13,2019-09-13 09:36:41,1.52,1.1968,13,1.5,1.1811,36,1.5,1.1811,1,1.51,1.1889,243,0
IWM190920C159,2019-09-13,2019-09-13 09:36:41,1.52,1.1968,70,1.5,1.1811,60,1.5,1.1811,1,1.51,1.1889,243,0
IWM190920C159,2019-09-13,2019-09-13 09:36:42,1.53,1.2047,20,1.51,1.1889,31,1.5,1.1811,1,1.52,1.1968,243,0
IWM190920C159,2019-09-13,2019-09-13 09:36:42,1.52,1.1968,10,1.5,1.1811,36,1.5,1.1811,1,1.51,1.1889,243,0
IWM190920C159,2019-09-13,2019-09-13 09:36:43,1.53,1.2047,21,1.51,1.1889,65,1.5,1.1811,1,1.52,1.1968,243,0
IWM190920C159,2019-09-13,2019-09-13 09:36:43,1.53,1.2047,10,1.51,1.1889,31,1.5,1.1811,1,1.52,1.1968,243,0
IWM190920C159,2019-09-13,2019-09-13 09:36:44,1.53,1.2047,101,1.51,1.1889,27,1.5,1.1811,1,1.52,1.1968,243,0
IWM190920C159,2019-09-13,2019-09-13 09:36:45,1.53,1.2047,101,1.5,1.1811,76,1.5,1.1811,1,1.515,1.1929,243,0
IWM190920C159,2019-09-13,2019-09-13 09:36:45,1.53,1.2047,101,1.5,1.1811,58,1.5,1.1811,1,1.515,1.1929,243,0
IWM190920C159,2019-09-13,2019-09-13 09:36:46,1.53,1.2047,20,1.51,1.1889,53,1.5,1.1811,1,1.52,1.1968,243,0
IWM190920C159,2019-09-13,2019-09-13 09:36:46,1.53,1.2047,82,1.5,1.1811,68,1.5,1.1811,1,1.515,1.1929,243,0
IWM190920C159,2019-09-13,2019-09-13 09:36:47,1.53,1.2047,20,1.51,1.1889,53,1.5,1.1811,1,1.52,1.1968,243,0
IWM190920C159,2019-09-13,2019-09-13 09:36:47,1.54,1.2125,21,1.52,1.1968,22,1.5,1.1811,1,1.53,1.2047,243,0
IWM190920C159,2019-09-13,2019-09-13 09:36:48,1.54,1.2125,21,1.52,1.1968,22,1.5,1.1811,1,1.53,1.2047,243,0
IWM190920C159,2019-09-13,2019-09-13 09:36:48,1.54,1.2125,21,1.52,1.1968,43,1.5,1.1811,1,1.53,1.2047,243,0
IWM190920C159,2019-09-13,2019-09-13 09:36:49,1.54,1.2125,42,1.52,1.1968,36,1.5,1.1811,1,1.53,1.2047,243,0
IWM190920C159,2019-09-13,2019-09-13 09:36:49,1.54,1.2125,21,1.53,1.2047,5,1.5,1.1811,1,1.535,1.2086,243,0
IWM190920C159,2019-09-13,2019-09-13 09:36:50,1.52,1.1968,42,1.5,1.1811,64,1.5,1.1811,1,1.51,1.1889,243,0
IWM190920C159,2019-09-13,2019-09-13 09:36:50,1.53,1.2047,65,1.51,1.1889,5,1.5,1.1811,1,1.52,1.1968,243,0
IWM190920C159,2019-09-13,2019-09-13 09:36:51,1.52,1.1968,42,1.5,1.1811,69,1.5,1.1811,1,1.51,1.1889,243,0
IWM190920C159,2019-09-13,2019-09-13 09:36:52,1.52,1.1968,21,1.5,1.1811,41,1.5,1.1811,1,1.51,1.1889,243,0
IWM190920C159,2019-09-13,2019-09-13 09:36:52,1.53,1.2047,57,1.51,1.1889,18,1.5,1.1811,1,1.52,1.1968,243,0
IWM190920C159,2019-09-13,2019-09-13 09:36:53,1.53,1.2047,68,1.51,1.1889,12,1.5,1.1811,1,1.52,1.1968,243,0
IWM190920C159,2019-09-13,2019-09-13 09:36:53,1.53,1.2047,60,1.51,1.1889,47,1.5,1.1811,1,1.52,1.1968,243,0
IWM190920C159,2019-09-13,2019-09-13 09:36:54,1.53,1.2047,60,1.51,1.1889,47,1.5,1.1811,1,1.52,1.1968,243,0
IWM190920C159,2019-09-13,2019-09-13 09:36:54,1.53,1.2047,86,1.51,1.1889,21,1.5,1.1811,1,1.52,1.1968,243,0
IWM190920C159,2019-09-13,2019-09-13 09:36:55,1.53,1.2047,20,1.52,1.1968,5,1.5,1.1811,1,1.525,1.2007,243,0
IWM190920C159,2019-09-13,2019-09-13 09:36:55,1.53,1.2047,42,1.51,1.1889,74,1.5,1.1811,1,1.52,1.1968,243,0
IWM190920C159,2019-09-13,2019-09-13 09:36:56,1.54,1.2125,21,1.52,1.1968,18,1.5,1.1811,1,1.53,1.2047,243,0
IWM190920C159,2019-09-13,2019-09-13 09:36:56,1.53,1.2047,22,1.51,1.1889,33,1.5,1.1811,1,1.52,1.1968,243,0
IWM190920C159,2019-09-13,2019-09-13 09:36:57,1.53,1.2047,68,1.51,1.1889,12,1.5,1.1811,1,1.52,1.1968,243,0
IWM190920C159,2019-09-13,2019-09-13 09:36:57,1.54,1.2125,68,1.52,1.1968,12,1.5,1.1811,1,1.53,1.2047,243,0
IWM190920C159,2019-09-13,2019-09-13 09:36:58,1.52,1.1968,13,1.49,1.1732,31,1.5,1.1811,1,1.505,1.185,243,0
IWM190920C159,2019-09-13,2019-09-13 09:36:58,1.53,1.2047,98,1.51,1.1889,10,1.5,1.1811,1,1.52,1.1968,243,0
IWM190920C159,2019-09-13,2019-09-13 09:36:59,1.54,1.2125,70,1.52,1.1968,18,1.5,1.1811,1,1.53,1.2047,243,0
IWM190920C159,2019-09-13,2019-09-13 09:36:59,1.52,1.1968,37,1.5,1.1811,29,1.5,1.1811,1,1.51,1.1889,243,0
IWM190920C159,2019-09-13,2019-09-13 09:37:00,1.53,1.2047,88,1.5,1.1811,25,1.5,1.1811,1,1.515,1.1929,243,0
IWM190920C159,2019-09-13,2019-09-13 09:37:00,1.54,1.2125,70,1.52,1.1968,18,1.5,1.1811,1,1.53,1.2047,243,0
IWM190920C159,2019-09-13,2019-09-13 09:37:01,1.52,1.1968,57,1.5,1.1811,18,1.5,1.1811,1,1.51,1.1889,243,0
IWM190920C159,2019-09-13,2019-09-13 09:37:02,1.53,1.2047,68,1.51,1.1889,17,1.5,1.1811,1,1.52,1.1968,243,0
IWM190920C159,2019-09-13,2019-09-13 09:37:03,1.52,1.1968,83,1.5,1.1811,41,1.5,1.1811,1,1.51,1.1889,243,0
IWM190920C159,2019-09-13,2019-09-13 09:37:03,1.53,1.2047,112,1.51,1.1889,17,1.5,1.1811,1,1.52,1.1968,243,0
IWM190920C159,2019-09-13,2019-09-13 09:37:04,1.54,1.2125,21,1.52,1.1968,17,1.5,1.1811,1,1.53,1.2047,243,0
IWM190920C159,2019-09-13,2019-09-13 09:37:04,1.55,1.2204,10,1.54,1.2125,5,1.5,1.1811,1,1.545,1.2165,243,0
IWM190920C159,2019-09-13,2019-09-13 09:37:05,1.55,1.2204,46,1.53,1.2047,18,1.5,1.1811,1,1.54,1.2125,243,0
IWM190920C159,2019-09-13,2019-09-13 09:37:05,1.55,1.2204,42,1.53,1.2047,48,1.5,1.1811,1,1.54,1.2125,243,0
IWM190920C159,2019-09-13,2019-09-13 09:37:06,1.55,1.2204,51,1.53,1.2047,18,1.5,1.1811,1,1.54,1.2125,243,0
IWM190920C159,2019-09-13,2019-09-13 09:37:06,1.55,1.2204,77,1.53,1.2047,18,1.5,1.1811,1,1.54,1.2125,243,0
IWM190920C159,2019-09-13,2019-09-13 09:37:07,1.55,1.2204,37,1.54,1.2125,12,1.5,1.1811,1,1.545,1.2165,243,0
IWM190920C159,2019-09-13,2019-09-13 09:37:07,1.55,1.2204,8,1.53,1.2047,18,1.5,1.1811,1,1.54,1.2125,243,0
IWM190920C159,2019-09-13,2019-09-13 09:37:08,1.56,1.2283,157,1.54,1.2125,20,1.5,1.1811,1,1.55,1.2204,243,0
IWM190920C159,2019-09-13,2019-09-13 09:37:08,1.56,1.2283,44,1.54,1.2125,20,1.5,1.1811,1,1.55,1.2204,243,0
IWM190920C159,2019-09-13,2019-09-13 09:37:09,1.55,1.2204,51,1.53,1.2047,28,1.5,1.1811,1,1.54,1.2125,243,0
IWM190920C159,2019-09-13,2019-09-13 09:37:09,1.55,1.2204,51,1.53,1.2047,38,1.5,1.1811,1,1.54,1.2125,243,0
IWM190920C159,2019-09-13,2019-09-13 09:37:10,1.55,1.2204,40,1.53,1.2047,106,1.5,1.1811,1,1.54,1.2125,243,0
IWM190920C159,2019-09-13,2019-09-13 09:37:10,1.55,1.2204,40,1.53,1.2047,108,1.5,1.1811,1,1.54,1.2125,243,0
IWM190920C159,2019-09-13,2019-09-13 09:37:11,1.55,1.2204,40,1.53,1.2047,71,1.5,1.1811,1,1.54,1.2125,243,0
IWM190920C159,2019-09-13,2019-09-13 09:37:12,1.55,1.2204,42,1.53,1.2047,151,1.5,1.1811,1,1.54,1.2125,243,0
IWM190920C159,2019-09-13,2019-09-13 09:37:12,1.55,1.2204,42,1.53,1.2047,231,1.5,1.1811,1,1.54,1.2125,243,0
IWM190920C159,2019-09-13,2019-09-13 09:37:13,1.55,1.2204,42,1.53,1.2047,231,1.5,1.1811,1,1.54,1.2125,243,0
IWM190920C159,2019-09-13,2019-09-13 09:37:14,1.55,1.2204,23,1.53,1.2047,231,1.5,1.1811,1,1.54,1.2125,243,0
IWM190920C159,2019-09-13,2019-09-13 09:37:14,1.55,1.2204,20,1.53,1.2047,231,1.5,1.1811,1,1.54,1.2125,243,0
IWM190920C159,2019-09-13,2019-09-13 09:37:15,1.55,1.2204,21,1.53,1.2047,157,1.5,1.1811,1,1.54,1.2125,243,0
IWM190920C159,2019-09-13,2019-09-13 09:37:16,1.55,1.2204,21,1.53,1.2047,157,1.5,1.1811,1,1.54,1.2125,243,0
IWM190920C159,2019-09-13,2019-09-13 09:37:17,1.55,1.2204,21,1.53,1.2047,157,1.55,1.2204,1,1.54,1.2125,244,1
IWM190920C159,2019-09-13,2019-09-13 09:37:17,1.55,1.2204,21,1.53,1.2047,100,1.55,1.2204,1,1.54,1.2125,244,0
IWM190920C159,2019-09-13,2019-09-13 09:37:18,1.55,1.2204,21,1.53,1.2047,100,1.55,1.2204,1,1.54,1.2125,244,0
IWM190920C159,2019-09-13,2019-09-13 09:37:18,1.56,1.2283,21,1.55,1.2204,5,1.55,1.2204,1,1.555,1.2244,244,0
IWM190920C159,2019-09-13,2019-09-13 09:37:19,1.56,1.2283,20,1.55,1.2204,5,1.55,1.2204,1,1.555,1.2244,244,0
IWM190920C159,2019-09-13,2019-09-13 09:37:19,1.58,1.244,23,1.56,1.2283,31,1.55,1.2204,1,1.57,1.2362,244,0
IWM190920C159,2019-09-13,2019-09-13 09:37:20,1.56,1.2283,13,1.55,1.2204,25,1.55,1.2204,1,1.555,1.2244,244,0
IWM190920C159,2019-09-13,2019-09-13 09:37:21,1.56,1.2283,20,1.54,1.2125,38,1.55,1.2204,1,1.55,1.2204,244,0
IWM190920C159,2019-09-13,2019-09-13 09:37:21,1.55,1.2204,21,1.53,1.2047,16,1.55,1.2204,1,1.54,1.2125,244,0
IWM190920C159,2019-09-13,2019-09-13 09:37:22,1.54,1.2125,20,1.53,1.2047,42,1.55,1.2204,1,1.535,1.2086,244,0
IWM190920C159,2019-09-13,2019-09-13 09:37:22,1.55,1.2204,45,1.53,1.2047,55,1.55,1.2204,1,1.54,1.2125,244,0
IWM190920C159,2019-09-13,2019-09-13 09:37:23,1.55,1.2204,45,1.53,1.2047,55,1.55,1.2204,1,1.54,1.2125,244,0
IWM190920C159,2019-09-13,2019-09-13 09:37:24,1.55,1.2204,21,1.53,1.2047,42,1.55,1.2204,1,1.54,1.2125,244,0
IWM190920C159,2019-09-13,2019-09-13 09:37:24,1.55,1.2204,55,1.53,1.2047,60,1.55,1.2204,1,1.54,1.2125,244,0
IWM190920C159,2019-09-13,2019-09-13 09:37:25,1.55,1.2204,20,1.53,1.2047,15,1.55,1.2204,1,1.54,1.2125,244,0
IWM190920C159,2019-09-13,2019-09-13 09:37:25,1.55,1.2204,37,1.53,1.2047,55,1.55,1.2204,1,1.54,1.2125,244,0
IWM190920C159,2019-09-13,2019-09-13 09:37:26,1.55,1.2204,13,1.53,1.2047,18,1.55,1.2204,1,1.54,1.2125,244,0
IWM190920C159,2019-09-13,2019-09-13 09:37:26,1.56,1.2283,21,1.54,1.2125,30,1.55,1.2204,1,1.55,1.2204,244,0
IWM190920C159,2019-09-13,2019-09-13 09:37:27,1.55,1.2204,21,1.53,1.2047,20,1.55,1.2204,1,1.54,1.2125,244,0
IWM190920C159,2019-09-13,2019-09-13 09:37:28,1.54,1.2125,21,1.52,1.1968,59,1.55,1.2204,1,1.53,1.2047,244,0
IWM190920C159,2019-09-13,2019-09-13 09:37:28,1.56,1.2283,45,1.54,1.2125,76,1.55,1.2204,1,1.55,1.2204,244,0
IWM190920C159,2019-09-13,2019-09-13 09:37:29,1.56,1.2283,25,1.54,1.2125,46,1.55,1.2204,1,1.55,1.2204,244,0
IWM190920C159,2019-09-13,2019-09-13 09:37:29,1.55,1.2204,10,1.54,1.2125,55,1.55,1.2204,1,1.545,1.2165,244,0
IWM190920C159,2019-09-13,2019-09-13 09:37:30,1.56,1.2283,25,1.54,1.2125,46,1.55,1.2204,1,1.55,1.2204,244,0
IWM190920C159,2019-09-13,2019-09-13 09:37:30,1.57,1.2362,44,1.55,1.2204,55,1.55,1.2204,1,1.56,1.2283,244,0
IWM190920C159,2019-09-13,2019-09-13 09:37:31,1.57,1.2362,13,1.56,1.2283,5,1.55,1.2204,1,1.565,1.2322,244,0
IWM190920C159,2019-09-13,2019-09-13 09:37:31,1.57,1.2362,50,1.55,1.2204,54,1.55,1.2204,1,1.56,1.2283,244,0
IWM190920C159,2019-09-13,2019-09-13 09:37:32,1.57,1.2362,42,1.56,1.2283,5,1.55,1.2204,1,1.565,1.2322,244,0
IWM190920C159,2019-09-13,2019-09-13 09:37:32,1.57,1.2362,20,1.56,1.2283,5,1.55,1.2204,1,1.565,1.2322,244,0
IWM190920C159,2019-09-13,2019-09-13 09:37:33,1.57,1.2362,21,1.56,1.2283,25,1.55,1.2204,1,1.565,1.2322,244,0
IWM190920C159,2019-09-13,2019-09-13 09:37:33,1.57,1.2362,21,1.56,1.2283,5,1.55,1.2204,1,1.565,1.2322,244,0
IWM190920C159,2019-09-13,2019-09-13 09:37:34,1.58,1.244,20,1.56,1.2283,83,1.55,1.2204,1,1.57,1.2362,244,0
IWM190920C159,2019-09-13,2019-09-13 09:37:34,1.57,1.2362,21,1.56,1.2283,5,1.55,1.2204,1,1.565,1.2322,244,0
IWM190920C159,2019-09-13,2019-09-13 09:37:35,1.58,1.244,21,1.56,1.2283,67,1.55,1.2204,1,1.57,1.2362,244,0
IWM190920C159,2019-09-13,2019-09-13 09:37:35,1.57,1.2362,21,1.56,1.2283,54,1.55,1.2204,1,1.565,1.2322,244,0
IWM190920C159,2019-09-13,2019-09-13 09:37:36,1.57,1.2362,21,1.56,1.2283,5,1.55,1.2204,1,1.565,1.2322,244,0
IWM190920C159,2019-09-13,2019-09-13 09:37:36,1.57,1.2362,20,1.56,1.2283,25,1.55,1.2204,1,1.565,1.2322,244,0
IWM190920C159,2019-09-13,2019-09-13 09:37:37,1.57,1.2362,13,1.56,1.2283,5,1.55,1.2204,1,1.565,1.2322,244,0
IWM190920C159,2019-09-13,2019-09-13 09:37:37,1.57,1.2362,20,1.56,1.2283,25,1.55,1.2204,1,1.565,1.2322,244,0
IWM190920C159,2019-09-13,2019-09-13 09:37:38,1.57,1.2362,21,1.55,1.2204,54,1.55,1.2204,1,1.56,1.2283,244,0
IWM190920C159,2019-09-13,2019-09-13 09:37:38,1.58,1.244,21,1.56,1.2283,35,1.55,1.2204,1,1.57,1.2362,244,0
IWM190920C159,2019-09-13,2019-09-13 09:37:39,1.57,1.2362,21,1.55,1.2204,54,1.55,1.2204,1,1.56,1.2283,244,0
IWM190920C159,2019-09-13,2019-09-13 09:37:39,1.57,1.2362,20,1.55,1.2204,54,1.55,1.2204,1,1.56,1.2283,244,0
IWM190920C159,2019-09-13,2019-09-13 09:37:40,1.57,1.2362,20,1.55,1.2204,54,1.55,1.2204,1,1.56,1.2283,244,0
IWM190920C159,2019-09-13,2019-09-13 09:37:40,1.58,1.244,10,1.57,1.2362,16,1.55,1.2204,1,1.575,1.2401,244,0
IWM190920C159,2019-09-13,2019-09-13 09:37:41,1.59,1.2519,51,1.57,1.2362,53,1.55,1.2204,1,1.58,1.244,244,0
IWM190920C159,2019-09-13,2019-09-13 09:37:42,1.58,1.244,61,1.57,1.2362,43,1.55,1.2204,1,1.575,1.2401,244,0
IWM190920C159,2019-09-13,2019-09-13 09:37:42,1.58,1.244,36,1.56,1.2283,53,1.55,1.2204,1,1.57,1.2362,244,0
IWM190920C159,2019-09-13,2019-09-13 09:37:43,1.57,1.2362,53,1.55,1.2204,100,1.55,1.2204,1,1.56,1.2283,244,0
IWM190920C159,2019-09-13,2019-09-13 09:37:43,1.57,1.2362,53,1.55,1.2204,106,1.57,1.2362,1,1.56,1.2283,245,1
IWM190920C159,2019-09-13,2019-09-13 09:37:44,1.59,1.2519,21,1.57,1.2362,5,1.57,1.2362,1,1.58,1.244,245,0
IWM190920C159,2019-09-13,2019-09-13 09:37:44,1.59,1.2519,21,1.56,1.2283,90,1.57,1.2362,1,1.575,1.2401,245,0
IWM190920C159,2019-09-13,2019-09-13 09:37:45,1.59,1.2519,23,1.57,1.2362,27,1.57,1.2362,1,1.58,1.244,245,0
IWM190920C159,2019-09-13,2019-09-13 09:37:45,1.59,1.2519,54,1.57,1.2362,32,1.57,1.2362,1,1.58,1.244,245,0
IWM190920C159,2019-09-13,2019-09-13 09:37:46,1.58,1.244,27,1.56,1.2283,45,1.57,1.2362,1,1.57,1.2362,245,0
IWM190920C159,2019-09-13,2019-09-13 09:37:46,1.59,1.2519,20,1.58,1.244,16,1.57,1.2362,1,1.585,1.248,245,0
IWM190920C159,2019-09-13,2019-09-13 09:37:47,1.57,1.2362,61,1.55,1.2204,39,1.57,1.2362,1,1.56,1.2283,245,0
IWM190920C159,2019-09-13,2019-09-13 09:37:47,1.57,1.2362,61,1.55,1.2204,53,1.57,1.2362,1,1.56,1.2283,245,0
IWM190920C159,2019-09-13,2019-09-13 09:37:48,1.58,1.244,20,1.57,1.2362,45,1.56,1.2283,1,1.575,1.2401,246,0
IWM190920C159,2019-09-13,2019-09-13 09:37:48,1.58,1.244,20,1.57,1.2362,16,1.56,1.2283,1,1.575,1.2401,246,1
IWM190920C159,2019-09-13,2019-09-13 09:37:49,1.58,1.244,20,1.57,1.2362,64,1.56,1.2283,1,1.575,1.2401,246,0
IWM190920C159,2019-09-13,2019-09-13 09:37:49,1.59,1.2519,21,1.57,1.2362,53,1.56,1.2283,1,1.58,1.244,246,0
IWM190920C159,2019-09-13,2019-09-13 09:37:50,1.59,1.2519,20,1.59,1.2519,78,1.56,1.2283,1,1.59,1.2519,246,0
IWM190920C159,2019-09-13,2019-09-13 09:37:50,1.59,1.2519,20,1.58,1.244,49,1.56,1.2283,1,1.585,1.248,246,0
IWM190920C159,2019-09-13,2019-09-13 09:37:51,1.6,1.2598,37,1.57,1.2362,12,1.56,1.2283,1,1.585,1.248,246,0
IWM190920C159,2019-09-13,2019-09-13 09:37:51,1.59,1.2519,20,1.59,1.2519,10,1.56,1.2283,1,1.59,1.2519,246,0
IWM190920C159,2019-09-13,2019-09-13 09:37:52,1.6,1.2598,37,1.57,1.2362,12,1.56,1.2283,1,1.585,1.248,246,0
IWM190920C159,2019-09-13,2019-09-13 09:37:52,1.6,1.2598,21,1.57,1.2362,100,1.56,1.2283,1,1.585,1.248,246,0
IWM190920C159,2019-09-13,2019-09-13 09:37:53,1.6,1.2598,27,1.58,1.244,90,1.56,1.2283,1,1.59,1.2519,246,0
IWM190920C159,2019-09-13,2019-09-13 09:37:53,1.6,1.2598,41,1.58,1.244,77,1.56,1.2283,1,1.59,1.2519,246,0
IWM190920C159,2019-09-13,2019-09-13 09:37:54,1.6,1.2598,41,1.58,1.244,77,1.56,1.2283,1,1.59,1.2519,246,0
IWM190920C159,2019-09-13,2019-09-13 09:37:54,1.6,1.2598,27,1.58,1.244,77,1.56,1.2283,1,1.59,1.2519,246,0
IWM190920C159,2019-09-13,2019-09-13 09:37:55,1.6,1.2598,27,1.58,1.244,77,1.56,1.2283,1,1.59,1.2519,246,0
IWM190920C159,2019-09-13,2019-09-13 09:37:56,1.6,1.2598,27,1.58,1.244,44,1.56,1.2283,1,1.59,1.2519,246,0
IWM190920C159,2019-09-13,2019-09-13 09:37:56,1.6,1.2598,41,1.58,1.244,44,1.56,1.2283,1,1.59,1.2519,246,0
IWM190920C159,2019-09-13,2019-09-13 09:37:57,1.6,1.2598,41,1.58,1.244,65,1.56,1.2283,1,1.59,1.2519,246,0
IWM190920C159,2019-09-13,2019-09-13 09:37:57,1.6,1.2598,10,1.58,1.244,59,1.56,1.2283,1,1.59,1.2519,246,0
IWM190920C159,2019-09-13,2019-09-13 09:37:58,1.59,1.2519,10,1.57,1.2362,18,1.56,1.2283,1,1.58,1.244,246,0
IWM190920C159,2019-09-13,2019-09-13 09:37:58,1.6,1.2598,10,1.58,1.244,57,1.56,1.2283,1,1.59,1.2519,246,0
IWM190920C159,2019-09-13,2019-09-13 09:38:00,1.61,1.2677,21,1.59,1.2519,16,1.56,1.2283,1,1.6,1.2598,246,0
IWM190920C159,2019-09-13,2019-09-13 09:38:01,1.6,1.2598,60,1.59,1.2519,5,1.56,1.2283,1,1.595,1.2559,246,0
IWM190920C159,2019-09-13,2019-09-13 09:38:01,1.61,1.2677,8,1.59,1.2519,18,1.56,1.2283,1,1.6,1.2598,246,0
IWM190920C159,2019-09-13,2019-09-13 09:38:02,1.61,1.2677,21,1.59,1.2519,18,1.56,1.2283,1,1.6,1.2598,246,0
IWM190920C159,2019-09-13,2019-09-13 09:38:02,1.62,1.2755,24,1.6,1.2598,31,1.56,1.2283,1,1.61,1.2677,246,0
IWM190920C159,2019-09-13,2019-09-13 09:38:03,1.62,1.2755,64,1.6,1.2598,18,1.56,1.2283,1,1.61,1.2677,246,0
IWM190920C159,2019-09-13,2019-09-13 09:38:03,1.62,1.2755,24,1.6,1.2598,31,1.56,1.2283,1,1.61,1.2677,246,0
IWM190920C159,2019-09-13,2019-09-13 09:38:04,1.6,1.2598,26,1.58,1.244,18,1.56,1.2283,1,1.59,1.2519,246,0
IWM190920C159,2019-09-13,2019-09-13 09:38:04,1.61,1.2677,48,1.59,1.2519,5,1.56,1.2283,1,1.6,1.2598,246,0
IWM190920C159,2019-09-13,2019-09-13 09:38:05,1.6,1.2598,26,1.58,1.244,18,1.56,1.2283,1,1.59,1.2519,246,0
IWM190920C159,2019-09-13,2019-09-13 09:38:05,1.6,1.2598,34,1.58,1.244,65,1.56,1.2283,1,1.59,1.2519,246,0
IWM190920C159,2019-09-13,2019-09-13 09:38:06,1.6,1.2598,84,1.58,1.244,40,1.6,1.2598,1,1.59,1.2519,247,1
IWM190920C159,2019-09-13,2019-09-13 09:38:06,1.6,1.2598,13,1.58,1.244,40,1.6,1.2598,1,1.59,1.2519,247,0
IWM190920C159,2019-09-13,2019-09-13 09:38:07,1.6,1.2598,26,1.58,1.244,40,1.6,1.2598,1,1.59,1.2519,247,0
IWM190920C159,2019-09-13,2019-09-13 09:38:08,1.6,1.2598,26,1.58,1.244,18,1.6,1.2598,1,1.59,1.2519,247,0
IWM190920C159,2019-09-13,2019-09-13 09:38:08,1.6,1.2598,26,1.58,1.244,68,1.6,1.2598,1,1.59,1.2519,247,0
IWM190920C159,2019-09-13,2019-09-13 09:38:09,1.6,1.2598,84,1.58,1.244,39,1.6,1.2598,1,1.59,1.2519,247,0
IWM190920C159,2019-09-13,2019-09-13 09:38:09,1.6,1.2598,84,1.58,1.244,36,1.6,1.2598,1,1.59,1.2519,247,0
IWM190920C159,2019-09-13,2019-09-13 09:38:10,1.59,1.2519,76,1.58,1.244,36,1.6,1.2598,1,1.585,1.248,247,0
IWM190920C159,2019-09-13,2019-09-13 09:38:10,1.59,1.2519,76,1.57,1.2362,54,1.6,1.2598,1,1.58,1.244,247,0
IWM190920C159,2019-09-13,2019-09-13 09:38:11,1.59,1.2519,48,1.57,1.2362,37,1.6,1.2598,1,1.58,1.244,247,0
IWM190920C159,2019-09-13,2019-09-13 09:38:11,1.59,1.2519,48,1.57,1.2362,28,1.6,1.2598,1,1.58,1.244,247,0
IWM190920C159,2019-09-13,2019-09-13 09:38:12,1.58,1.244,46,1.56,1.2283,96,1.6,1.2598,1,1.57,1.2362,247,0
IWM190920C159,2019-09-13,2019-09-13 09:38:12,1.58,1.244,72,1.56,1.2283,96,1.6,1.2598,1,1.57,1.2362,247,0
IWM190920C159,2019-09-13,2019-09-13 09:38:13,1.58,1.244,46,1.57,1.2362,37,1.6,1.2598,1,1.575,1.2401,247,0
IWM190920C159,2019-09-13,2019-09-13 09:38:14,1.59,1.2519,84,1.57,1.2362,34,1.6,1.2598,1,1.58,1.244,247,0
IWM190920C159,2019-09-13,2019-09-13 09:38:14,1.6,1.2598,50,1.58,1.244,88,1.6,1.2598,1,1.59,1.2519,247,0
IWM190920C159,2019-09-13,2019-09-13 09:38:15,1.61,1.2677,10,1.59,1.2519,150,1.6,1.2598,1,1.6,1.2598,247,0
IWM190920C159,2019-09-13,2019-09-13 09:38:15,1.6,1.2598,72,1.58,1.244,62,1.6,1.2598,1,1.59,1.2519,247,0
IWM190920C159,2019-09-13,2019-09-13 09:38:16,1.6,1.2598,72,1.58,1.244,35,1.6,1.2598,1,1.59,1.2519,247,0
IWM190920C159,2019-09-13,2019-09-13 09:38:16,1.59,1.2519,70,1.57,1.2362,61,1.6,1.2598,1,1.58,1.244,247,0
IWM190920C159,2019-09-13,2019-09-13 09:38:17,1.59,1.2519,41,1.57,1.2362,34,1.6,1.2598,1,1.58,1.244,247,0
IWM190920C159,2019-09-13,2019-09-13 09:38:17,1.59,1.2519,41,1.57,1.2362,65,1.6,1.2598,1,1.58,1.244,247,0
IWM190920C159,2019-09-13,2019-09-13 09:38:18,1.58,1.244,48,1.57,1.2362,34,1.6,1.2598,1,1.575,1.2401,247,0
IWM190920C159,2019-09-13,2019-09-13 09:38:18,1.58,1.244,27,1.56,1.2283,65,1.6,1.2598,1,1.57,1.2362,247,0
IWM190920C159,2019-09-13,2019-09-13 09:38:19,1.58,1.244,25,1.56,1.2283,37,1.6,1.2598,1,1.57,1.2362,247,0
IWM190920C159,2019-09-13,2019-09-13 09:38:19,1.58,1.244,81,1.56,1.2283,35,1.6,1.2598,1,1.57,1.2362,247,0
IWM190920C159,2019-09-13,2019-09-13 09:38:20,1.59,1.2519,137,1.56,1.2283,52,1.6,1.2598,1,1.575,1.2401,247,0
IWM190920C159,2019-09-13,2019-09-13 09:38:20,1.59,1.2519,24,1.56,1.2283,95,1.6,1.2598,1,1.575,1.2401,247,0
IWM190920C159,2019-09-13,2019-09-13 09:38:21,1.59,1.2519,21,1.58,1.244,2,1.6,1.2598,1,1.585,1.248,247,0
IWM190920C159,2019-09-13,2019-09-13 09:38:21,1.59,1.2519,72,1.58,1.244,2,1.6,1.2598,1,1.585,1.248,247,0
IWM190920C159,2019-09-13,2019-09-13 09:38:22,1.59,1.2519,50,1.58,1.244,2,1.6,1.2598,1,1.585,1.248,247,0
IWM190920C159,2019-09-13,2019-09-13 09:38:23,1.59,1.2519,81,1.58,1.244,2,1.6,1.2598,1,1.585,1.248,247,0
IWM190920C159,2019-09-13,2019-09-13 09:38:23,1.58,1.244,36,1.57,1.2362,5,1.58,1.244,2,1.575,1.2401,249,2
IWM190920C159,2019-09-13,2019-09-13 09:38:24,1.58,1.244,44,1.56,1.2283,36,1.58,1.244,2,1.57,1.2362,249,0
IWM190920C159,2019-09-13,2019-09-13 09:38:24,1.58,1.244,44,1.56,1.2283,18,1.58,1.244,2,1.57,1.2362,249,0
