symbol,Date,quote_time,ask_price,norm_ask_price,ask_size,bid_price,norm_bid_price,bid_size,last_trade_price,norm_last_trade_price,last_trade_size,mark_price,norm_mark_price,volume,Volume
IWM191101P152,2019-10-28,2019-10-28 09:30:00,0.29,1.0,94,0.27,0.931,218,0.27,0.931,2,0.28,0.9655,2455,2455
IWM191101P152,2019-10-28,2019-10-28 09:30:01,5.0,17.2413,1,0.0,0.0,0,0.27,0.931,2,2.5,8.6206,0,-2455
IWM191101P152,2019-10-28,2019-10-28 09:30:02,0.3,1.0344,1,0.05,0.1724,1,0.27,0.931,2,0.175,0.6034,0,0
IWM191101P152,2019-10-28,2019-10-28 09:30:02,0.27,0.931,22,0.1,0.3448,22,0.27,0.931,2,0.185,0.6379,0,0
IWM191101P152,2019-10-28,2019-10-28 09:30:03,0.27,0.931,22,0.1,0.3448,22,0.27,0.931,2,0.185,0.6379,0,0
IWM191101P152,2019-10-28,2019-10-28 09:30:03,0.27,0.931,22,0.1,0.3448,39,0.27,0.931,2,0.185,0.6379,0,0
IWM191101P152,2019-10-28,2019-10-28 09:30:04,0.21,0.7241,330,0.17,0.5862,225,0.27,0.931,2,0.19,0.6551,0,0
IWM191101P152,2019-10-28,2019-10-28 09:30:04,0.21,0.7241,330,0.16,0.5517,330,0.27,0.931,2,0.185,0.6379,0,0
IWM191101P152,2019-10-28,2019-10-28 09:30:05,0.21,0.7241,330,0.16,0.5517,330,0.27,0.931,2,0.185,0.6379,0,0
IWM191101P152,2019-10-28,2019-10-28 09:30:06,0.2,0.6896,240,0.16,0.5517,417,0.27,0.931,2,0.18,0.6206,0,0
IWM191101P152,2019-10-28,2019-10-28 09:30:06,0.21,0.7241,555,0.16,0.5517,427,0.27,0.931,2,0.185,0.6379,0,0
IWM191101P152,2019-10-28,2019-10-28 09:30:07,0.21,0.7241,20,0.16,0.5517,98,0.27,0.931,2,0.185,0.6379,0,0
IWM191101P152,2019-10-28,2019-10-28 09:30:07,0.21,0.7241,20,0.16,0.5517,223,0.27,0.931,2,0.185,0.6379,0,0
IWM191101P152,2019-10-28,2019-10-28 09:30:08,0.21,0.7241,120,0.16,0.5517,223,0.27,0.931,2,0.185,0.6379,0,0
IWM191101P152,2019-10-28,2019-10-28 09:30:08,0.2,0.6896,372,0.16,0.5517,221,0.27,0.931,2,0.18,0.6206,0,0
IWM191101P152,2019-10-28,2019-10-28 09:30:09,0.2,0.6896,372,0.16,0.5517,221,0.27,0.931,2,0.18,0.6206,0,0
IWM191101P152,2019-10-28,2019-10-28 09:30:09,0.2,0.6896,472,0.16,0.5517,221,0.27,0.931,2,0.18,0.6206,0,0
IWM191101P152,2019-10-28,2019-10-28 09:30:10,0.2,0.6896,432,0.16,0.5517,221,0.27,0.931,2,0.18,0.6206,0,0
IWM191101P152,2019-10-28,2019-10-28 09:30:11,0.2,0.6896,482,0.16,0.5517,98,0.27,0.931,2,0.18,0.6206,0,0
IWM191101P152,2019-10-28,2019-10-28 09:30:11,0.2,0.6896,432,0.16,0.5517,221,0.27,0.931,2,0.18,0.6206,0,0
IWM191101P152,2019-10-28,2019-10-28 09:30:12,0.19,0.6551,173,0.16,0.5517,248,0.27,0.931,2,0.175,0.6034,0,0
IWM191101P152,2019-10-28,2019-10-28 09:30:13,0.19,0.6551,375,0.16,0.5517,225,0.27,0.931,2,0.175,0.6034,0,0
IWM191101P152,2019-10-28,2019-10-28 09:30:14,0.19,0.6551,375,0.16,0.5517,225,0.27,0.931,2,0.175,0.6034,0,0
IWM191101P152,2019-10-28,2019-10-28 09:30:15,0.19,0.6551,375,0.16,0.5517,225,0.27,0.931,2,0.175,0.6034,0,0
IWM191101P152,2019-10-28,2019-10-28 09:30:16,0.19,0.6551,375,0.16,0.5517,225,0.27,0.931,2,0.175,0.6034,0,0
IWM191101P152,2019-10-28,2019-10-28 09:30:17,0.19,0.6551,375,0.16,0.5517,225,0.27,0.931,2,0.175,0.6034,0,0
IWM191101P152,2019-10-28,2019-10-28 09:30:18,0.19,0.6551,375,0.16,0.5517,225,0.27,0.931,2,0.175,0.6034,0,0
IWM191101P152,2019-10-28,2019-10-28 09:30:18,0.19,0.6551,225,0.16,0.5517,234,0.27,0.931,2,0.175,0.6034,0,0
IWM191101P152,2019-10-28,2019-10-28 09:30:19,0.19,0.6551,425,0.16,0.5517,205,0.27,0.931,2,0.175,0.6034,0,0
IWM191101P152,2019-10-28,2019-10-28 09:30:20,0.18,0.6206,36,0.16,0.5517,390,0.27,0.931,2,0.17,0.5862,0,0
IWM191101P152,2019-10-28,2019-10-28 09:30:20,0.19,0.6551,425,0.16,0.5517,193,0.27,0.931,2,0.175,0.6034,0,0
IWM191101P152,2019-10-28,2019-10-28 09:30:21,0.19,0.6551,583,0.17,0.5862,202,0.27,0.931,2,0.18,0.6206,0,0
IWM191101P152,2019-10-28,2019-10-28 09:30:21,0.18,0.6206,22,0.16,0.5517,262,0.27,0.931,2,0.17,0.5862,0,0
IWM191101P152,2019-10-28,2019-10-28 09:30:22,0.19,0.6551,705,0.17,0.5862,99,0.27,0.931,2,0.18,0.6206,0,0
IWM191101P152,2019-10-28,2019-10-28 09:30:22,0.19,0.6551,705,0.17,0.5862,78,0.27,0.931,2,0.18,0.6206,0,0
IWM191101P152,2019-10-28,2019-10-28 09:30:23,0.19,0.6551,781,0.16,0.5517,621,0.27,0.931,2,0.175,0.6034,0,0
IWM191101P152,2019-10-28,2019-10-28 09:30:23,0.18,0.6206,225,0.16,0.5517,489,0.27,0.931,2,0.17,0.5862,0,0
IWM191101P152,2019-10-28,2019-10-28 09:30:24,0.18,0.6206,454,0.16,0.5517,489,0.27,0.931,2,0.17,0.5862,0,0
IWM191101P152,2019-10-28,2019-10-28 09:30:24,0.18,0.6206,225,0.16,0.5517,489,0.27,0.931,2,0.17,0.5862,0,0
IWM191101P152,2019-10-28,2019-10-28 09:30:25,0.18,0.6206,454,0.16,0.5517,489,0.27,0.931,2,0.17,0.5862,0,0
IWM191101P152,2019-10-28,2019-10-28 09:30:26,0.18,0.6206,486,0.16,0.5517,489,0.27,0.931,2,0.17,0.5862,0,0
IWM191101P152,2019-10-28,2019-10-28 09:30:26,0.18,0.6206,454,0.16,0.5517,489,0.27,0.931,2,0.17,0.5862,0,0
IWM191101P152,2019-10-28,2019-10-28 09:30:27,0.18,0.6206,634,0.16,0.5517,519,0.27,0.931,2,0.17,0.5862,0,0
IWM191101P152,2019-10-28,2019-10-28 09:30:27,0.18,0.6206,677,0.16,0.5517,519,0.27,0.931,2,0.17,0.5862,0,0
IWM191101P152,2019-10-28,2019-10-28 09:30:28,0.18,0.6206,677,0.16,0.5517,519,0.27,0.931,2,0.17,0.5862,0,0
IWM191101P152,2019-10-28,2019-10-28 09:30:28,0.18,0.6206,876,0.16,0.5517,519,0.27,0.931,2,0.17,0.5862,0,0
IWM191101P152,2019-10-28,2019-10-28 09:30:29,0.18,0.6206,781,0.16,0.5517,335,0.27,0.931,2,0.17,0.5862,0,0
IWM191101P152,2019-10-28,2019-10-28 09:30:29,0.18,0.6206,841,0.16,0.5517,266,0.27,0.931,2,0.17,0.5862,0,0
IWM191101P152,2019-10-28,2019-10-28 09:30:30,0.18,0.6206,841,0.16,0.5517,266,0.27,0.931,2,0.17,0.5862,0,0
IWM191101P152,2019-10-28,2019-10-28 09:30:31,0.18,0.6206,741,0.16,0.5517,480,0.27,0.931,2,0.17,0.5862,0,0
IWM191101P152,2019-10-28,2019-10-28 09:30:31,0.18,0.6206,841,0.16,0.5517,480,0.27,0.931,2,0.17,0.5862,0,0
IWM191101P152,2019-10-28,2019-10-28 09:30:32,0.18,0.6206,841,0.16,0.5517,480,0.27,0.931,2,0.17,0.5862,0,0
IWM191101P152,2019-10-28,2019-10-28 09:30:33,0.18,0.6206,792,0.16,0.5517,480,0.27,0.931,2,0.17,0.5862,0,0
IWM191101P152,2019-10-28,2019-10-28 09:30:34,0.18,0.6206,801,0.16,0.5517,480,0.27,0.931,2,0.17,0.5862,0,0
IWM191101P152,2019-10-28,2019-10-28 09:30:35,0.18,0.6206,801,0.16,0.5517,480,0.27,0.931,2,0.17,0.5862,0,0
IWM191101P152,2019-10-28,2019-10-28 09:30:35,0.18,0.6206,823,0.16,0.5517,480,0.27,0.931,2,0.17,0.5862,0,0
IWM191101P152,2019-10-28,2019-10-28 09:30:36,0.18,0.6206,823,0.16,0.5517,402,0.27,0.931,2,0.17,0.5862,0,0
IWM191101P152,2019-10-28,2019-10-28 09:30:37,0.17,0.5862,67,0.16,0.5517,402,0.27,0.931,2,0.165,0.5689,0,0
IWM191101P152,2019-10-28,2019-10-28 09:30:37,0.17,0.5862,78,0.16,0.5517,402,0.27,0.931,2,0.165,0.5689,0,0
IWM191101P152,2019-10-28,2019-10-28 09:30:38,0.17,0.5862,78,0.16,0.5517,321,0.27,0.931,2,0.165,0.5689,0,0
IWM191101P152,2019-10-28,2019-10-28 09:30:39,0.17,0.5862,78,0.16,0.5517,321,0.27,0.931,2,0.165,0.5689,0,0
IWM191101P152,2019-10-28,2019-10-28 09:30:39,0.17,0.5862,23,0.16,0.5517,448,0.27,0.931,2,0.165,0.5689,0,0
IWM191101P152,2019-10-28,2019-10-28 09:30:40,0.17,0.5862,23,0.16,0.5517,448,0.27,0.931,2,0.165,0.5689,0,0
IWM191101P152,2019-10-28,2019-10-28 09:30:41,0.17,0.5862,23,0.16,0.5517,448,0.27,0.931,2,0.165,0.5689,0,0
IWM191101P152,2019-10-28,2019-10-28 09:30:42,0.17,0.5862,42,0.16,0.5517,313,0.27,0.931,2,0.165,0.5689,0,0
IWM191101P152,2019-10-28,2019-10-28 09:30:42,0.17,0.5862,23,0.16,0.5517,382,0.27,0.931,2,0.165,0.5689,0,0
IWM191101P152,2019-10-28,2019-10-28 09:30:43,0.17,0.5862,23,0.16,0.5517,161,0.27,0.931,2,0.165,0.5689,0,0
IWM191101P152,2019-10-28,2019-10-28 09:30:43,0.17,0.5862,42,0.16,0.5517,164,0.27,0.931,2,0.165,0.5689,0,0
IWM191101P152,2019-10-28,2019-10-28 09:30:44,0.17,0.5862,23,0.16,0.5517,161,0.27,0.931,2,0.165,0.5689,0,0
IWM191101P152,2019-10-28,2019-10-28 09:30:44,0.18,0.6206,768,0.16,0.5517,284,0.27,0.931,2,0.17,0.5862,0,0
IWM191101P152,2019-10-28,2019-10-28 09:30:45,0.18,0.6206,883,0.16,0.5517,274,0.27,0.931,2,0.17,0.5862,0,0
IWM191101P152,2019-10-28,2019-10-28 09:30:45,0.18,0.6206,768,0.16,0.5517,284,0.27,0.931,2,0.17,0.5862,0,0
IWM191101P152,2019-10-28,2019-10-28 09:30:46,0.18,0.6206,883,0.16,0.5517,274,0.27,0.931,2,0.17,0.5862,0,0
IWM191101P152,2019-10-28,2019-10-28 09:30:47,0.18,0.6206,500,0.16,0.5517,274,0.27,0.931,2,0.17,0.5862,0,0
IWM191101P152,2019-10-28,2019-10-28 09:30:47,0.18,0.6206,865,0.16,0.5517,274,0.27,0.931,2,0.17,0.5862,0,0
IWM191101P152,2019-10-28,2019-10-28 09:30:48,0.17,0.5862,1286,0.15,0.5172,735,0.27,0.931,2,0.16,0.5517,0,0
IWM191101P152,2019-10-28,2019-10-28 09:30:48,0.18,0.6206,1101,0.15,0.5172,850,0.27,0.931,2,0.165,0.5689,0,0
IWM191101P152,2019-10-28,2019-10-28 09:30:49,0.17,0.5862,637,0.15,0.5172,187,0.27,0.931,2,0.16,0.5517,0,0
IWM191101P152,2019-10-28,2019-10-28 09:30:50,0.17,0.5862,1294,0.15,0.5172,431,0.27,0.931,2,0.16,0.5517,0,0
IWM191101P152,2019-10-28,2019-10-28 09:30:51,0.17,0.5862,1287,0.15,0.5172,598,0.27,0.931,2,0.16,0.5517,0,0
IWM191101P152,2019-10-28,2019-10-28 09:30:52,0.17,0.5862,1287,0.15,0.5172,744,0.27,0.931,2,0.16,0.5517,0,0
IWM191101P152,2019-10-28,2019-10-28 09:30:53,0.17,0.5862,1287,0.15,0.5172,744,0.27,0.931,2,0.16,0.5517,0,0
IWM191101P152,2019-10-28,2019-10-28 09:30:54,0.17,0.5862,1287,0.15,0.5172,744,0.27,0.931,2,0.16,0.5517,0,0
IWM191101P152,2019-10-28,2019-10-28 09:30:55,0.17,0.5862,1164,0.15,0.5172,568,0.27,0.931,2,0.16,0.5517,0,0
IWM191101P152,2019-10-28,2019-10-28 09:30:55,0.17,0.5862,1164,0.15,0.5172,744,0.27,0.931,2,0.16,0.5517,0,0
IWM191101P152,2019-10-28,2019-10-28 09:30:56,0.17,0.5862,829,0.15,0.5172,843,0.27,0.931,2,0.16,0.5517,0,0
IWM191101P152,2019-10-28,2019-10-28 09:30:57,0.17,0.5862,92,0.15,0.5172,378,0.27,0.931,2,0.16,0.5517,0,0
IWM191101P152,2019-10-28,2019-10-28 09:30:57,0.17,0.5862,92,0.15,0.5172,637,0.27,0.931,2,0.16,0.5517,0,0
IWM191101P152,2019-10-28,2019-10-28 09:30:58,0.17,0.5862,225,0.15,0.5172,801,0.27,0.931,2,0.16,0.5517,0,0
IWM191101P152,2019-10-28,2019-10-28 09:30:58,0.17,0.5862,225,0.15,0.5172,875,0.27,0.931,2,0.16,0.5517,0,0
IWM191101P152,2019-10-28,2019-10-28 09:30:59,0.17,0.5862,225,0.15,0.5172,919,0.27,0.931,2,0.16,0.5517,0,0
IWM191101P152,2019-10-28,2019-10-28 09:31:00,0.17,0.5862,643,0.15,0.5172,919,0.27,0.931,2,0.16,0.5517,0,0
IWM191101P152,2019-10-28,2019-10-28 09:31:00,0.17,0.5862,435,0.15,0.5172,919,0.27,0.931,2,0.16,0.5517,0,0
IWM191101P152,2019-10-28,2019-10-28 09:31:01,0.17,0.5862,1174,0.15,0.5172,842,0.27,0.931,2,0.16,0.5517,0,0
IWM191101P152,2019-10-28,2019-10-28 09:31:01,0.17,0.5862,449,0.15,0.5172,919,0.27,0.931,2,0.16,0.5517,0,0
IWM191101P152,2019-10-28,2019-10-28 09:31:02,0.17,0.5862,1175,0.15,0.5172,807,0.27,0.931,2,0.16,0.5517,0,0
IWM191101P152,2019-10-28,2019-10-28 09:31:02,0.17,0.5862,1174,0.15,0.5172,842,0.27,0.931,2,0.16,0.5517,0,0
IWM191101P152,2019-10-28,2019-10-28 09:31:03,0.17,0.5862,1444,0.15,0.5172,635,0.27,0.931,2,0.16,0.5517,0,0
IWM191101P152,2019-10-28,2019-10-28 09:31:03,0.17,0.5862,1204,0.15,0.5172,524,0.27,0.931,2,0.16,0.5517,0,0
IWM191101P152,2019-10-28,2019-10-28 09:31:04,0.17,0.5862,1444,0.15,0.5172,635,0.27,0.931,2,0.16,0.5517,0,0
IWM191101P152,2019-10-28,2019-10-28 09:31:05,0.17,0.5862,1844,0.15,0.5172,42,0.27,0.931,2,0.16,0.5517,0,0
IWM191101P152,2019-10-28,2019-10-28 09:31:05,0.17,0.5862,1844,0.15,0.5172,123,0.27,0.931,2,0.16,0.5517,0,0
IWM191101P152,2019-10-28,2019-10-28 09:31:06,0.16,0.5517,330,0.15,0.5172,20,0.27,0.931,2,0.155,0.5344,0,0
IWM191101P152,2019-10-28,2019-10-28 09:31:07,0.16,0.5517,330,0.15,0.5172,23,0.27,0.931,2,0.155,0.5344,0,0
IWM191101P152,2019-10-28,2019-10-28 09:31:08,0.16,0.5517,330,0.15,0.5172,29,0.27,0.931,2,0.155,0.5344,0,0
IWM191101P152,2019-10-28,2019-10-28 09:31:09,0.16,0.5517,579,0.14,0.4827,495,0.27,0.931,2,0.15,0.5172,0,0
IWM191101P152,2019-10-28,2019-10-28 09:31:09,0.16,0.5517,579,0.14,0.4827,405,0.27,0.931,2,0.15,0.5172,0,0
IWM191101P152,2019-10-28,2019-10-28 09:31:10,0.16,0.5517,756,0.14,0.4827,495,0.27,0.931,2,0.15,0.5172,0,0
IWM191101P152,2019-10-28,2019-10-28 09:31:10,0.16,0.5517,330,0.14,0.4827,752,0.27,0.931,2,0.15,0.5172,0,0
IWM191101P152,2019-10-28,2019-10-28 09:31:11,0.16,0.5517,1311,0.14,0.4827,1175,0.27,0.931,2,0.15,0.5172,0,0
IWM191101P152,2019-10-28,2019-10-28 09:31:11,0.16,0.5517,330,0.14,0.4827,910,0.27,0.931,2,0.15,0.5172,0,0
IWM191101P152,2019-10-28,2019-10-28 09:31:12,0.16,0.5517,92,0.14,0.4827,1554,0.27,0.931,2,0.15,0.5172,0,0
IWM191101P152,2019-10-28,2019-10-28 09:31:12,0.16,0.5517,1062,0.14,0.4827,1040,0.27,0.931,2,0.15,0.5172,0,0
IWM191101P152,2019-10-28,2019-10-28 09:31:13,0.16,0.5517,433,0.14,0.4827,1179,0.27,0.931,2,0.15,0.5172,0,0
IWM191101P152,2019-10-28,2019-10-28 09:31:13,0.16,0.5517,836,0.14,0.4827,1189,0.27,0.931,2,0.15,0.5172,0,0
IWM191101P152,2019-10-28,2019-10-28 09:31:14,0.16,0.5517,1136,0.14,0.4827,1258,0.27,0.931,2,0.15,0.5172,0,0
IWM191101P152,2019-10-28,2019-10-28 09:31:15,0.16,0.5517,1136,0.14,0.4827,1258,0.27,0.931,2,0.15,0.5172,0,0
IWM191101P152,2019-10-28,2019-10-28 09:31:15,0.16,0.5517,1372,0.14,0.4827,1504,0.27,0.931,2,0.15,0.5172,0,0
IWM191101P152,2019-10-28,2019-10-28 09:31:16,0.16,0.5517,900,0.14,0.4827,984,0.27,0.931,2,0.15,0.5172,0,0
IWM191101P152,2019-10-28,2019-10-28 09:31:17,0.16,0.5517,900,0.14,0.4827,984,0.27,0.931,2,0.15,0.5172,0,0
IWM191101P152,2019-10-28,2019-10-28 09:31:18,0.16,0.5517,900,0.14,0.4827,933,0.27,0.931,2,0.15,0.5172,0,0
IWM191101P152,2019-10-28,2019-10-28 09:31:19,0.16,0.5517,900,0.14,0.4827,933,0.27,0.931,2,0.15,0.5172,0,0
IWM191101P152,2019-10-28,2019-10-28 09:31:20,0.16,0.5517,567,0.14,0.4827,933,0.27,0.931,2,0.15,0.5172,0,0
IWM191101P152,2019-10-28,2019-10-28 09:31:20,0.16,0.5517,676,0.14,0.4827,1386,0.27,0.931,2,0.15,0.5172,0,0
IWM191101P152,2019-10-28,2019-10-28 09:31:21,0.16,0.5517,1050,0.14,0.4827,1428,0.27,0.931,2,0.15,0.5172,0,0
IWM191101P152,2019-10-28,2019-10-28 09:31:21,0.16,0.5517,95,0.14,0.4827,1593,0.27,0.931,2,0.15,0.5172,0,0
IWM191101P152,2019-10-28,2019-10-28 09:31:22,0.16,0.5517,92,0.14,0.4827,1691,0.27,0.931,2,0.15,0.5172,0,0
IWM191101P152,2019-10-28,2019-10-28 09:31:22,0.16,0.5517,92,0.14,0.4827,1851,0.27,0.931,2,0.15,0.5172,0,0
IWM191101P152,2019-10-28,2019-10-28 09:31:23,0.16,0.5517,119,0.14,0.4827,1261,0.27,0.931,2,0.15,0.5172,0,0
IWM191101P152,2019-10-28,2019-10-28 09:31:23,0.16,0.5517,119,0.14,0.4827,1360,0.27,0.931,2,0.15,0.5172,0,0
IWM191101P152,2019-10-28,2019-10-28 09:31:24,0.16,0.5517,216,0.14,0.4827,1584,0.27,0.931,2,0.15,0.5172,0,0
IWM191101P152,2019-10-28,2019-10-28 09:31:24,0.16,0.5517,119,0.14,0.4827,1261,0.27,0.931,2,0.15,0.5172,0,0
IWM191101P152,2019-10-28,2019-10-28 09:31:25,0.16,0.5517,270,0.14,0.4827,1584,0.27,0.931,2,0.15,0.5172,0,0
IWM191101P152,2019-10-28,2019-10-28 09:31:25,0.16,0.5517,240,0.14,0.4827,1584,0.27,0.931,2,0.15,0.5172,0,0
IWM191101P152,2019-10-28,2019-10-28 09:31:26,0.16,0.5517,270,0.14,0.4827,1584,0.27,0.931,2,0.15,0.5172,0,0
IWM191101P152,2019-10-28,2019-10-28 09:31:27,0.16,0.5517,270,0.14,0.4827,784,0.27,0.931,2,0.15,0.5172,0,0
IWM191101P152,2019-10-28,2019-10-28 09:31:27,0.16,0.5517,395,0.14,0.4827,670,0.27,0.931,2,0.15,0.5172,0,0
IWM191101P152,2019-10-28,2019-10-28 09:31:28,0.16,0.5517,903,0.14,0.4827,772,0.27,0.931,2,0.15,0.5172,0,0
IWM191101P152,2019-10-28,2019-10-28 09:31:28,0.16,0.5517,903,0.14,0.4827,601,0.27,0.931,2,0.15,0.5172,0,0
IWM191101P152,2019-10-28,2019-10-28 09:31:29,0.16,0.5517,1100,0.14,0.4827,601,0.27,0.931,2,0.15,0.5172,0,0
IWM191101P152,2019-10-28,2019-10-28 09:31:29,0.16,0.5517,1175,0.14,0.4827,611,0.27,0.931,2,0.15,0.5172,0,0
IWM191101P152,2019-10-28,2019-10-28 09:31:30,0.16,0.5517,1755,0.14,0.4827,675,0.27,0.931,2,0.15,0.5172,0,0
IWM191101P152,2019-10-28,2019-10-28 09:31:30,0.16,0.5517,1175,0.14,0.4827,595,0.27,0.931,2,0.15,0.5172,0,0
IWM191101P152,2019-10-28,2019-10-28 09:31:31,0.16,0.5517,1928,0.14,0.4827,776,0.27,0.931,2,0.15,0.5172,0,0
IWM191101P152,2019-10-28,2019-10-28 09:31:31,0.16,0.5517,1755,0.14,0.4827,675,0.27,0.931,2,0.15,0.5172,0,0
IWM191101P152,2019-10-28,2019-10-28 09:31:32,0.16,0.5517,1928,0.14,0.4827,776,0.27,0.931,2,0.15,0.5172,0,0
IWM191101P152,2019-10-28,2019-10-28 09:31:33,0.16,0.5517,1978,0.14,0.4827,720,0.27,0.931,2,0.15,0.5172,0,0
IWM191101P152,2019-10-28,2019-10-28 09:31:33,0.16,0.5517,1978,0.14,0.4827,675,0.27,0.931,2,0.15,0.5172,0,0
IWM191101P152,2019-10-28,2019-10-28 09:31:34,0.16,0.5517,1978,0.14,0.4827,720,0.27,0.931,2,0.15,0.5172,0,0
IWM191101P152,2019-10-28,2019-10-28 09:31:34,0.16,0.5517,931,0.14,0.4827,390,0.27,0.931,2,0.15,0.5172,0,0
IWM191101P152,2019-10-28,2019-10-28 09:31:35,0.16,0.5517,1124,0.14,0.4827,661,0.27,0.931,2,0.15,0.5172,0,0
IWM191101P152,2019-10-28,2019-10-28 09:31:35,0.16,0.5517,1124,0.14,0.4827,624,0.27,0.931,2,0.15,0.5172,0,0
IWM191101P152,2019-10-28,2019-10-28 09:31:36,0.16,0.5517,950,0.14,0.4827,857,0.27,0.931,2,0.15,0.5172,0,0
IWM191101P152,2019-10-28,2019-10-28 09:31:36,0.16,0.5517,595,0.14,0.4827,789,0.27,0.931,2,0.15,0.5172,0,0
IWM191101P152,2019-10-28,2019-10-28 09:31:37,0.16,0.5517,1425,0.14,0.4827,811,0.27,0.931,2,0.15,0.5172,0,0
IWM191101P152,2019-10-28,2019-10-28 09:31:37,0.16,0.5517,950,0.14,0.4827,811,0.27,0.931,2,0.15,0.5172,0,0
IWM191101P152,2019-10-28,2019-10-28 09:31:38,0.16,0.5517,1425,0.14,0.4827,811,0.27,0.931,2,0.15,0.5172,0,0
IWM191101P152,2019-10-28,2019-10-28 09:31:38,0.16,0.5517,1410,0.14,0.4827,884,0.27,0.931,2,0.15,0.5172,0,0
IWM191101P152,2019-10-28,2019-10-28 09:31:39,0.16,0.5517,1618,0.14,0.4827,748,0.27,0.931,2,0.15,0.5172,0,0
IWM191101P152,2019-10-28,2019-10-28 09:31:39,0.16,0.5517,1410,0.14,0.4827,879,0.27,0.931,2,0.15,0.5172,0,0
IWM191101P152,2019-10-28,2019-10-28 09:31:40,0.16,0.5517,1826,0.14,0.4827,700,0.27,0.931,2,0.15,0.5172,0,0
IWM191101P152,2019-10-28,2019-10-28 09:31:40,0.16,0.5517,1213,0.14,0.4827,700,0.27,0.931,2,0.15,0.5172,0,0
IWM191101P152,2019-10-28,2019-10-28 09:31:41,0.16,0.5517,1826,0.14,0.4827,759,0.27,0.931,2,0.15,0.5172,0,0
IWM191101P152,2019-10-28,2019-10-28 09:31:41,0.16,0.5517,1826,0.14,0.4827,700,0.27,0.931,2,0.15,0.5172,0,0
IWM191101P152,2019-10-28,2019-10-28 09:31:42,0.16,0.5517,1826,0.14,0.4827,759,0.27,0.931,2,0.15,0.5172,0,0
IWM191101P152,2019-10-28,2019-10-28 09:31:43,0.16,0.5517,1826,0.14,0.4827,761,0.27,0.931,2,0.15,0.5172,0,0
IWM191101P152,2019-10-28,2019-10-28 09:31:43,0.16,0.5517,532,0.14,0.4827,859,0.27,0.931,2,0.15,0.5172,0,0
IWM191101P152,2019-10-28,2019-10-28 09:31:44,0.16,0.5517,759,0.14,0.4827,859,0.27,0.931,2,0.15,0.5172,0,0
IWM191101P152,2019-10-28,2019-10-28 09:31:44,0.16,0.5517,454,0.14,0.4827,1020,0.27,0.931,2,0.15,0.5172,0,0
IWM191101P152,2019-10-28,2019-10-28 09:31:45,0.16,0.5517,120,0.14,0.4827,1270,0.27,0.931,2,0.15,0.5172,0,0
IWM191101P152,2019-10-28,2019-10-28 09:31:45,0.16,0.5517,120,0.14,0.4827,1030,0.27,0.931,2,0.15,0.5172,0,0
IWM191101P152,2019-10-28,2019-10-28 09:31:46,0.16,0.5517,241,0.14,0.4827,1948,0.27,0.931,2,0.15,0.5172,0,0
IWM191101P152,2019-10-28,2019-10-28 09:31:46,0.16,0.5517,317,0.14,0.4827,1948,0.27,0.931,2,0.15,0.5172,0,0
IWM191101P152,2019-10-28,2019-10-28 09:31:47,0.16,0.5517,495,0.14,0.4827,1444,0.27,0.931,2,0.15,0.5172,0,0
IWM191101P152,2019-10-28,2019-10-28 09:31:47,0.16,0.5517,346,0.14,0.4827,1444,0.27,0.931,2,0.15,0.5172,0,0
IWM191101P152,2019-10-28,2019-10-28 09:31:48,0.16,0.5517,768,0.14,0.4827,1484,0.27,0.931,2,0.15,0.5172,0,0
IWM191101P152,2019-10-28,2019-10-28 09:31:48,0.16,0.5517,805,0.14,0.4827,1444,0.27,0.931,2,0.15,0.5172,0,0
IWM191101P152,2019-10-28,2019-10-28 09:31:49,0.16,0.5517,454,0.14,0.4827,1045,0.27,0.931,2,0.15,0.5172,0,0
IWM191101P152,2019-10-28,2019-10-28 09:31:49,0.16,0.5517,761,0.14,0.4827,1484,0.27,0.931,2,0.15,0.5172,0,0
IWM191101P152,2019-10-28,2019-10-28 09:31:50,0.16,0.5517,782,0.14,0.4827,1428,0.27,0.931,2,0.15,0.5172,0,0
IWM191101P152,2019-10-28,2019-10-28 09:31:50,0.16,0.5517,782,0.14,0.4827,1441,0.27,0.931,2,0.15,0.5172,0,0
IWM191101P152,2019-10-28,2019-10-28 09:31:51,0.16,0.5517,884,0.14,0.4827,1428,0.27,0.931,2,0.15,0.5172,0,0
IWM191101P152,2019-10-28,2019-10-28 09:31:51,0.16,0.5517,884,0.14,0.4827,1418,0.27,0.931,2,0.15,0.5172,0,0
IWM191101P152,2019-10-28,2019-10-28 09:31:52,0.16,0.5517,934,0.14,0.4827,1418,0.27,0.931,2,0.15,0.5172,0,0
IWM191101P152,2019-10-28,2019-10-28 09:31:53,0.16,0.5517,927,0.14,0.4827,1418,0.27,0.931,2,0.15,0.5172,0,0
IWM191101P152,2019-10-28,2019-10-28 09:31:53,0.16,0.5517,927,0.14,0.4827,1578,0.27,0.931,2,0.15,0.5172,0,0
IWM191101P152,2019-10-28,2019-10-28 09:31:54,0.16,0.5517,597,0.14,0.4827,750,0.27,0.931,2,0.15,0.5172,0,0
IWM191101P152,2019-10-28,2019-10-28 09:31:54,0.16,0.5517,927,0.14,0.4827,1418,0.27,0.931,2,0.15,0.5172,0,0
IWM191101P152,2019-10-28,2019-10-28 09:31:55,0.16,0.5517,1204,0.14,0.4827,750,0.27,0.931,2,0.15,0.5172,0,0
IWM191101P152,2019-10-28,2019-10-28 09:31:55,0.16,0.5517,1769,0.14,0.4827,225,0.27,0.931,2,0.15,0.5172,0,0
IWM191101P152,2019-10-28,2019-10-28 09:31:56,0.16,0.5517,1769,0.14,0.4827,490,0.27,0.931,2,0.15,0.5172,0,0
IWM191101P152,2019-10-28,2019-10-28 09:31:56,0.16,0.5517,2014,0.14,0.4827,607,0.27,0.931,2,0.15,0.5172,0,0
IWM191101P152,2019-10-28,2019-10-28 09:31:57,0.16,0.5517,2014,0.14,0.4827,627,0.27,0.931,2,0.15,0.5172,0,0
IWM191101P152,2019-10-28,2019-10-28 09:31:58,0.16,0.5517,1866,0.14,0.4827,627,0.27,0.931,2,0.15,0.5172,0,0
IWM191101P152,2019-10-28,2019-10-28 09:31:58,0.16,0.5517,1916,0.14,0.4827,424,0.27,0.931,2,0.15,0.5172,0,0
IWM191101P152,2019-10-28,2019-10-28 09:31:59,0.16,0.5517,1023,0.14,0.4827,424,0.27,0.931,2,0.15,0.5172,0,0
IWM191101P152,2019-10-28,2019-10-28 09:31:59,0.16,0.5517,1023,0.14,0.4827,708,0.27,0.931,2,0.15,0.5172,0,0
IWM191101P152,2019-10-28,2019-10-28 09:32:00,0.16,0.5517,1023,0.14,0.4827,739,0.27,0.931,2,0.15,0.5172,0,0
IWM191101P152,2019-10-28,2019-10-28 09:32:01,0.16,0.5517,1230,0.14,0.4827,702,0.27,0.931,2,0.15,0.5172,0,0
IWM191101P152,2019-10-28,2019-10-28 09:32:01,0.16,0.5517,1417,0.14,0.4827,702,0.27,0.931,2,0.15,0.5172,0,0
IWM191101P152,2019-10-28,2019-10-28 09:32:02,0.16,0.5517,1760,0.14,0.4827,627,0.27,0.931,2,0.15,0.5172,0,0
IWM191101P152,2019-10-28,2019-10-28 09:32:02,0.16,0.5517,1273,0.14,0.4827,395,0.27,0.931,2,0.15,0.5172,0,0
IWM191101P152,2019-10-28,2019-10-28 09:32:03,0.16,0.5517,1760,0.14,0.4827,621,0.27,0.931,2,0.15,0.5172,0,0
IWM191101P152,2019-10-28,2019-10-28 09:32:03,0.16,0.5517,1760,0.14,0.4827,627,0.27,0.931,2,0.15,0.5172,0,0
IWM191101P152,2019-10-28,2019-10-28 09:32:04,0.15,0.5172,412,0.14,0.4827,606,0.27,0.931,2,0.145,0.5,0,0
IWM191101P152,2019-10-28,2019-10-28 09:32:04,0.15,0.5172,412,0.14,0.4827,616,0.27,0.931,2,0.145,0.5,0,0
IWM191101P152,2019-10-28,2019-10-28 09:32:05,0.15,0.5172,412,0.14,0.4827,604,0.27,0.931,2,0.145,0.5,0,0
IWM191101P152,2019-10-28,2019-10-28 09:32:05,0.15,0.5172,412,0.14,0.4827,384,0.27,0.931,2,0.145,0.5,0,0
IWM191101P152,2019-10-28,2019-10-28 09:32:06,0.15,0.5172,412,0.14,0.4827,604,0.27,0.931,2,0.145,0.5,0,0
IWM191101P152,2019-10-28,2019-10-28 09:32:07,0.15,0.5172,1240,0.13,0.4482,2005,0.27,0.931,2,0.14,0.4827,0,0
IWM191101P152,2019-10-28,2019-10-28 09:32:08,0.15,0.5172,1240,0.13,0.4482,2005,0.27,0.931,2,0.14,0.4827,0,0
IWM191101P152,2019-10-28,2019-10-28 09:32:08,0.15,0.5172,1053,0.13,0.4482,2005,0.27,0.931,2,0.14,0.4827,0,0
IWM191101P152,2019-10-28,2019-10-28 09:32:09,0.15,0.5172,1053,0.13,0.4482,2005,0.27,0.931,2,0.14,0.4827,0,0
IWM191101P152,2019-10-28,2019-10-28 09:32:09,0.15,0.5172,1053,0.13,0.4482,2196,0.27,0.931,2,0.14,0.4827,0,0
IWM191101P152,2019-10-28,2019-10-28 09:32:10,0.15,0.5172,1053,0.13,0.4482,2176,0.27,0.931,2,0.14,0.4827,0,0
IWM191101P152,2019-10-28,2019-10-28 09:32:10,0.15,0.5172,1053,0.13,0.4482,2196,0.27,0.931,2,0.14,0.4827,0,0
IWM191101P152,2019-10-28,2019-10-28 09:32:11,0.15,0.5172,1452,0.13,0.4482,2176,0.27,0.931,2,0.14,0.4827,0,0
IWM191101P152,2019-10-28,2019-10-28 09:32:11,0.15,0.5172,1240,0.13,0.4482,2176,0.27,0.931,2,0.14,0.4827,0,0
IWM191101P152,2019-10-28,2019-10-28 09:32:12,0.15,0.5172,1452,0.13,0.4482,2176,0.27,0.931,2,0.14,0.4827,0,0
IWM191101P152,2019-10-28,2019-10-28 09:32:13,0.15,0.5172,1452,0.13,0.4482,2125,0.27,0.931,2,0.14,0.4827,0,0
IWM191101P152,2019-10-28,2019-10-28 09:32:13,0.15,0.5172,1452,0.13,0.4482,2176,0.27,0.931,2,0.14,0.4827,0,0
IWM191101P152,2019-10-28,2019-10-28 09:32:14,0.15,0.5172,1452,0.13,0.4482,2125,0.27,0.931,2,0.14,0.4827,0,0
IWM191101P152,2019-10-28,2019-10-28 09:32:15,0.15,0.5172,1452,0.13,0.4482,2183,0.27,0.931,2,0.14,0.4827,0,0
IWM191101P152,2019-10-28,2019-10-28 09:32:15,0.15,0.5172,1452,0.13,0.4482,2115,0.27,0.931,2,0.14,0.4827,0,0
IWM191101P152,2019-10-28,2019-10-28 09:32:16,0.15,0.5172,1440,0.13,0.4482,2183,0.27,0.931,2,0.14,0.4827,0,0
IWM191101P152,2019-10-28,2019-10-28 09:32:17,0.15,0.5172,1440,0.13,0.4482,1561,0.27,0.931,2,0.14,0.4827,0,0
IWM191101P152,2019-10-28,2019-10-28 09:32:18,0.15,0.5172,463,0.13,0.4482,1605,0.27,0.931,2,0.14,0.4827,0,0
IWM191101P152,2019-10-28,2019-10-28 09:32:18,0.15,0.5172,1353,0.13,0.4482,1605,0.27,0.931,2,0.14,0.4827,0,0
IWM191101P152,2019-10-28,2019-10-28 09:32:19,0.15,0.5172,463,0.13,0.4482,962,0.27,0.931,2,0.14,0.4827,0,0
IWM191101P152,2019-10-28,2019-10-28 09:32:19,0.15,0.5172,1304,0.13,0.4482,962,0.27,0.931,2,0.14,0.4827,0,0
IWM191101P152,2019-10-28,2019-10-28 09:32:20,0.15,0.5172,709,0.13,0.4482,1031,0.27,0.931,2,0.14,0.4827,0,0
IWM191101P152,2019-10-28,2019-10-28 09:32:20,0.15,0.5172,330,0.13,0.4482,2360,0.27,0.931,2,0.14,0.4827,0,0
IWM191101P152,2019-10-28,2019-10-28 09:32:21,0.15,0.5172,454,0.13,0.4482,2734,0.27,0.931,2,0.14,0.4827,0,0
IWM191101P152,2019-10-28,2019-10-28 09:32:21,0.15,0.5172,875,0.13,0.4482,2734,0.27,0.931,2,0.14,0.4827,0,0
IWM191101P152,2019-10-28,2019-10-28 09:32:22,0.15,0.5172,875,0.13,0.4482,2744,0.27,0.931,2,0.14,0.4827,0,0
IWM191101P152,2019-10-28,2019-10-28 09:32:23,0.15,0.5172,875,0.13,0.4482,2744,0.27,0.931,2,0.14,0.4827,0,0
IWM191101P152,2019-10-28,2019-10-28 09:32:24,0.15,0.5172,875,0.13,0.4482,1513,0.15,0.5172,5,0.14,0.4827,10,10
IWM191101P152,2019-10-28,2019-10-28 09:32:24,0.15,0.5172,1172,0.13,0.4482,1513,0.15,0.5172,5,0.14,0.4827,10,0
IWM191101P152,2019-10-28,2019-10-28 09:32:25,0.15,0.5172,1172,0.13,0.4482,2008,0.15,0.5172,5,0.14,0.4827,10,0
IWM191101P152,2019-10-28,2019-10-28 09:32:25,0.15,0.5172,603,0.13,0.4482,2073,0.15,0.5172,5,0.14,0.4827,10,0
IWM191101P152,2019-10-28,2019-10-28 09:32:26,0.16,0.5517,919,0.14,0.4827,84,0.15,0.5172,5,0.15,0.5172,10,0
IWM191101P152,2019-10-28,2019-10-28 09:32:27,0.16,0.5517,1150,0.14,0.4827,314,0.15,0.5172,5,0.15,0.5172,10,0
IWM191101P152,2019-10-28,2019-10-28 09:32:27,0.16,0.5517,1150,0.14,0.4827,669,0.15,0.5172,5,0.15,0.5172,10,0
IWM191101P152,2019-10-28,2019-10-28 09:32:28,0.15,0.5172,344,0.14,0.4827,669,0.15,0.5172,5,0.145,0.5,10,0
IWM191101P152,2019-10-28,2019-10-28 09:32:28,0.16,0.5517,1150,0.14,0.4827,669,0.15,0.5172,5,0.15,0.5172,10,0
IWM191101P152,2019-10-28,2019-10-28 09:32:29,0.15,0.5172,344,0.14,0.4827,669,0.15,0.5172,5,0.145,0.5,10,0
IWM191101P152,2019-10-28,2019-10-28 09:32:30,0.15,0.5172,490,0.14,0.4827,669,0.15,0.5172,5,0.145,0.5,10,0
IWM191101P152,2019-10-28,2019-10-28 09:32:31,0.16,0.5517,928,0.14,0.4827,821,0.15,0.5172,5,0.15,0.5172,10,0
IWM191101P152,2019-10-28,2019-10-28 09:32:31,0.15,0.5172,490,0.14,0.4827,755,0.15,0.5172,5,0.145,0.5,10,0
IWM191101P152,2019-10-28,2019-10-28 09:32:32,0.16,0.5517,1915,0.14,0.4827,974,0.15,0.5172,5,0.15,0.5172,10,0
IWM191101P152,2019-10-28,2019-10-28 09:32:33,0.16,0.5517,2059,0.14,0.4827,819,0.15,0.5172,5,0.15,0.5172,10,0
IWM191101P152,2019-10-28,2019-10-28 09:32:33,0.16,0.5517,2059,0.14,0.4827,479,0.15,0.5172,5,0.15,0.5172,10,0
IWM191101P152,2019-10-28,2019-10-28 09:32:34,0.16,0.5517,2248,0.14,0.4827,828,0.15,0.5172,5,0.15,0.5172,10,0
IWM191101P152,2019-10-28,2019-10-28 09:32:35,0.16,0.5517,2326,0.14,0.4827,828,0.15,0.5172,5,0.15,0.5172,10,0
IWM191101P152,2019-10-28,2019-10-28 09:32:36,0.16,0.5517,2326,0.14,0.4827,828,0.15,0.5172,5,0.15,0.5172,10,0
IWM191101P152,2019-10-28,2019-10-28 09:32:37,0.16,0.5517,970,0.14,0.4827,240,0.15,0.5172,5,0.15,0.5172,10,0
IWM191101P152,2019-10-28,2019-10-28 09:32:37,0.15,0.5172,1111,0.14,0.4827,414,0.15,0.5172,5,0.145,0.5,10,0
IWM191101P152,2019-10-28,2019-10-28 09:32:38,0.15,0.5172,1174,0.14,0.4827,635,0.15,0.5172,5,0.145,0.5,10,0
IWM191101P152,2019-10-28,2019-10-28 09:32:38,0.15,0.5172,1111,0.14,0.4827,414,0.15,0.5172,5,0.145,0.5,10,0
IWM191101P152,2019-10-28,2019-10-28 09:32:39,0.15,0.5172,1174,0.14,0.4827,480,0.15,0.5172,5,0.145,0.5,10,0
IWM191101P152,2019-10-28,2019-10-28 09:32:39,0.15,0.5172,739,0.14,0.4827,158,0.15,0.5172,5,0.145,0.5,10,0
IWM191101P152,2019-10-28,2019-10-28 09:32:40,0.15,0.5172,623,0.14,0.4827,248,0.15,0.5172,5,0.145,0.5,10,0
IWM191101P152,2019-10-28,2019-10-28 09:32:40,0.15,0.5172,934,0.14,0.4827,248,0.15,0.5172,5,0.145,0.5,10,0
IWM191101P152,2019-10-28,2019-10-28 09:32:41,0.15,0.5172,345,0.14,0.4827,1,0.15,0.5172,5,0.145,0.5,10,0
IWM191101P152,2019-10-28,2019-10-28 09:32:41,0.15,0.5172,327,0.14,0.4827,1,0.15,0.5172,5,0.145,0.5,10,0
IWM191101P152,2019-10-28,2019-10-28 09:32:42,0.15,0.5172,1040,0.14,0.4827,1,0.15,0.5172,5,0.145,0.5,10,0
IWM191101P152,2019-10-28,2019-10-28 09:32:43,0.15,0.5172,1040,0.14,0.4827,1,0.15,0.5172,5,0.145,0.5,10,0
IWM191101P152,2019-10-28,2019-10-28 09:32:44,0.15,0.5172,1560,0.14,0.4827,1,0.15,0.5172,5,0.145,0.5,10,0
IWM191101P152,2019-10-28,2019-10-28 09:32:45,0.15,0.5172,1560,0.14,0.4827,1,0.15,0.5172,5,0.145,0.5,10,0
IWM191101P152,2019-10-28,2019-10-28 09:32:46,0.15,0.5172,1615,0.14,0.4827,1,0.15,0.5172,5,0.145,0.5,10,0
IWM191101P152,2019-10-28,2019-10-28 09:32:46,0.15,0.5172,1560,0.14,0.4827,1,0.15,0.5172,5,0.145,0.5,10,0
IWM191101P152,2019-10-28,2019-10-28 09:32:47,0.15,0.5172,1602,0.13,0.4482,2043,0.15,0.5172,5,0.14,0.4827,10,0
IWM191101P152,2019-10-28,2019-10-28 09:32:47,0.15,0.5172,1615,0.14,0.4827,1,0.15,0.5172,5,0.145,0.5,10,0
IWM191101P152,2019-10-28,2019-10-28 09:32:48,0.15,0.5172,1602,0.13,0.4482,2043,0.15,0.5172,5,0.14,0.4827,10,0
IWM191101P152,2019-10-28,2019-10-28 09:32:49,0.15,0.5172,1657,0.13,0.4482,2489,0.15,0.5172,5,0.14,0.4827,10,0
IWM191101P152,2019-10-28,2019-10-28 09:32:50,0.15,0.5172,1657,0.13,0.4482,2489,0.15,0.5172,5,0.14,0.4827,10,0
IWM191101P152,2019-10-28,2019-10-28 09:32:51,0.15,0.5172,1657,0.13,0.4482,2059,0.15,0.5172,5,0.14,0.4827,10,0
IWM191101P152,2019-10-28,2019-10-28 09:32:52,0.15,0.5172,1657,0.13,0.4482,2059,0.15,0.5172,5,0.14,0.4827,10,0
IWM191101P152,2019-10-28,2019-10-28 09:32:53,0.15,0.5172,1657,0.13,0.4482,2059,0.15,0.5172,5,0.14,0.4827,10,0
IWM191101P152,2019-10-28,2019-10-28 09:32:54,0.15,0.5172,1602,0.13,0.4482,2059,0.15,0.5172,5,0.14,0.4827,10,0
IWM191101P152,2019-10-28,2019-10-28 09:32:55,0.15,0.5172,1657,0.13,0.4482,2059,0.15,0.5172,5,0.14,0.4827,10,0
IWM191101P152,2019-10-28,2019-10-28 09:32:56,0.15,0.5172,1657,0.13,0.4482,2059,0.15,0.5172,5,0.14,0.4827,10,0
IWM191101P152,2019-10-28,2019-10-28 09:32:57,0.15,0.5172,1664,0.13,0.4482,1968,0.15,0.5172,5,0.14,0.4827,10,0
IWM191101P152,2019-10-28,2019-10-28 09:32:58,0.15,0.5172,1657,0.13,0.4482,1968,0.15,0.5172,5,0.14,0.4827,10,0
IWM191101P152,2019-10-28,2019-10-28 09:32:59,0.15,0.5172,1664,0.13,0.4482,1968,0.15,0.5172,5,0.14,0.4827,10,0
IWM191101P152,2019-10-28,2019-10-28 09:33:00,0.15,0.5172,1657,0.13,0.4482,1968,0.15,0.5172,5,0.14,0.4827,10,0
IWM191101P152,2019-10-28,2019-10-28 09:33:01,0.15,0.5172,1063,0.13,0.4482,1478,0.15,0.5172,5,0.14,0.4827,10,0
IWM191101P152,2019-10-28,2019-10-28 09:33:01,0.15,0.5172,1657,0.13,0.4482,1968,0.15,0.5172,5,0.14,0.4827,10,0
IWM191101P152,2019-10-28,2019-10-28 09:33:02,0.15,0.5172,1773,0.13,0.4482,1568,0.15,0.5172,5,0.14,0.4827,10,0
IWM191101P152,2019-10-28,2019-10-28 09:33:02,0.15,0.5172,1537,0.13,0.4482,1550,0.15,0.5172,5,0.14,0.4827,10,0
IWM191101P152,2019-10-28,2019-10-28 09:33:03,0.15,0.5172,1986,0.13,0.4482,1563,0.15,0.5172,5,0.14,0.4827,10,0
IWM191101P152,2019-10-28,2019-10-28 09:33:03,0.15,0.5172,1430,0.13,0.4482,982,0.15,0.5172,5,0.14,0.4827,10,0
IWM191101P152,2019-10-28,2019-10-28 09:33:04,0.15,0.5172,1100,0.13,0.4482,372,0.15,0.5172,5,0.14,0.4827,10,0
IWM191101P152,2019-10-28,2019-10-28 09:33:04,0.15,0.5172,1972,0.13,0.4482,863,0.15,0.5172,5,0.14,0.4827,10,0
IWM191101P152,2019-10-28,2019-10-28 09:33:05,0.15,0.5172,2161,0.13,0.4482,1093,0.15,0.5172,5,0.14,0.4827,10,0
IWM191101P152,2019-10-28,2019-10-28 09:33:05,0.15,0.5172,2161,0.13,0.4482,873,0.15,0.5172,5,0.14,0.4827,10,0
IWM191101P152,2019-10-28,2019-10-28 09:33:06,0.15,0.5172,2161,0.13,0.4482,1093,0.15,0.5172,5,0.14,0.4827,10,0
IWM191101P152,2019-10-28,2019-10-28 09:33:07,0.15,0.5172,2161,0.13,0.4482,1083,0.15,0.5172,5,0.14,0.4827,10,0
IWM191101P152,2019-10-28,2019-10-28 09:33:08,0.15,0.5172,2161,0.13,0.4482,1083,0.15,0.5172,5,0.14,0.4827,10,0
IWM191101P152,2019-10-28,2019-10-28 09:33:09,0.15,0.5172,1421,0.13,0.4482,697,0.15,0.5172,5,0.14,0.4827,10,0
IWM191101P152,2019-10-28,2019-10-28 09:33:09,0.15,0.5172,2161,0.13,0.4482,1083,0.15,0.5172,5,0.14,0.4827,10,0
IWM191101P152,2019-10-28,2019-10-28 09:33:10,0.15,0.5172,2259,0.13,0.4482,1450,0.15,0.5172,5,0.14,0.4827,10,0
IWM191101P152,2019-10-28,2019-10-28 09:33:10,0.15,0.5172,1965,0.13,0.4482,1450,0.15,0.5172,5,0.14,0.4827,10,0
IWM191101P152,2019-10-28,2019-10-28 09:33:11,0.15,0.5172,2259,0.13,0.4482,1450,0.15,0.5172,5,0.14,0.4827,10,0
IWM191101P152,2019-10-28,2019-10-28 09:33:12,0.14,0.4827,54,0.13,0.4482,775,0.15,0.5172,5,0.135,0.4655,10,0
IWM191101P152,2019-10-28,2019-10-28 09:33:13,0.14,0.4827,108,0.13,0.4482,775,0.15,0.5172,5,0.135,0.4655,10,0
IWM191101P152,2019-10-28,2019-10-28 09:33:14,0.14,0.4827,267,0.13,0.4482,853,0.15,0.5172,5,0.135,0.4655,10,0
IWM191101P152,2019-10-28,2019-10-28 09:33:14,0.14,0.4827,236,0.13,0.4482,853,0.15,0.5172,5,0.135,0.4655,10,0
IWM191101P152,2019-10-28,2019-10-28 09:33:15,0.14,0.4827,390,0.13,0.4482,951,0.15,0.5172,5,0.135,0.4655,10,0
IWM191101P152,2019-10-28,2019-10-28 09:33:15,0.14,0.4827,390,0.13,0.4482,945,0.15,0.5172,5,0.135,0.4655,10,0
IWM191101P152,2019-10-28,2019-10-28 09:33:16,0.14,0.4827,740,0.13,0.4482,948,0.15,0.5172,5,0.135,0.4655,10,0
IWM191101P152,2019-10-28,2019-10-28 09:33:17,0.14,0.4827,654,0.13,0.4482,948,0.15,0.5172,5,0.135,0.4655,10,0
IWM191101P152,2019-10-28,2019-10-28 09:33:18,0.14,0.4827,752,0.13,0.4482,948,0.15,0.5172,5,0.135,0.4655,10,0
IWM191101P152,2019-10-28,2019-10-28 09:33:18,0.14,0.4827,654,0.13,0.4482,948,0.15,0.5172,5,0.135,0.4655,10,0
IWM191101P152,2019-10-28,2019-10-28 09:33:19,0.14,0.4827,654,0.13,0.4482,959,0.15,0.5172,5,0.135,0.4655,10,0
IWM191101P152,2019-10-28,2019-10-28 09:33:20,0.14,0.4827,730,0.13,0.4482,953,0.15,0.5172,5,0.135,0.4655,10,0
IWM191101P152,2019-10-28,2019-10-28 09:33:20,0.14,0.4827,918,0.13,0.4482,959,0.15,0.5172,5,0.135,0.4655,10,0
IWM191101P152,2019-10-28,2019-10-28 09:33:21,0.14,0.4827,108,0.13,0.4482,959,0.15,0.5172,5,0.135,0.4655,10,0
IWM191101P152,2019-10-28,2019-10-28 09:33:21,0.14,0.4827,146,0.13,0.4482,675,0.15,0.5172,5,0.135,0.4655,10,0
IWM191101P152,2019-10-28,2019-10-28 09:33:22,0.14,0.4827,8,0.13,0.4482,568,0.15,0.5172,5,0.135,0.4655,10,0
IWM191101P152,2019-10-28,2019-10-28 09:33:22,0.14,0.4827,103,0.13,0.4482,801,0.15,0.5172,5,0.135,0.4655,10,0
IWM191101P152,2019-10-28,2019-10-28 09:33:23,0.15,0.5172,1387,0.13,0.4482,879,0.15,0.5172,5,0.14,0.4827,10,0
IWM191101P152,2019-10-28,2019-10-28 09:33:23,0.15,0.5172,1137,0.13,0.4482,907,0.15,0.5172,5,0.14,0.4827,10,0
IWM191101P152,2019-10-28,2019-10-28 09:33:24,0.15,0.5172,1332,0.13,0.4482,879,0.15,0.5172,5,0.14,0.4827,10,0
IWM191101P152,2019-10-28,2019-10-28 09:33:24,0.15,0.5172,1373,0.13,0.4482,1225,0.15,0.5172,5,0.14,0.4827,10,0
IWM191101P152,2019-10-28,2019-10-28 09:33:25,0.15,0.5172,235,0.13,0.4482,2417,0.15,0.5172,5,0.14,0.4827,10,0
IWM191101P152,2019-10-28,2019-10-28 09:33:25,0.15,0.5172,1897,0.13,0.4482,2469,0.15,0.5172,5,0.14,0.4827,10,0
IWM191101P152,2019-10-28,2019-10-28 09:33:26,0.15,0.5172,988,0.13,0.4482,2466,0.15,0.5172,5,0.14,0.4827,10,0
IWM191101P152,2019-10-28,2019-10-28 09:33:26,0.15,0.5172,1844,0.13,0.4482,1768,0.15,0.5172,5,0.14,0.4827,10,0
IWM191101P152,2019-10-28,2019-10-28 09:33:27,0.15,0.5172,1080,0.13,0.4482,1287,0.15,0.5172,5,0.14,0.4827,10,0
IWM191101P152,2019-10-28,2019-10-28 09:33:27,0.15,0.5172,1094,0.13,0.4482,908,0.15,0.5172,5,0.14,0.4827,10,0
IWM191101P152,2019-10-28,2019-10-28 09:33:28,0.15,0.5172,1080,0.13,0.4482,1042,0.15,0.5172,5,0.14,0.4827,10,0
IWM191101P152,2019-10-28,2019-10-28 09:33:28,0.15,0.5172,1080,0.13,0.4482,1287,0.15,0.5172,5,0.14,0.4827,10,0
IWM191101P152,2019-10-28,2019-10-28 09:33:29,0.15,0.5172,1129,0.13,0.4482,818,0.15,0.5172,5,0.14,0.4827,10,0
IWM191101P152,2019-10-28,2019-10-28 09:33:29,0.15,0.5172,973,0.13,0.4482,906,0.15,0.5172,5,0.14,0.4827,10,0
IWM191101P152,2019-10-28,2019-10-28 09:33:30,0.15,0.5172,973,0.13,0.4482,906,0.15,0.5172,5,0.14,0.4827,10,0
IWM191101P152,2019-10-28,2019-10-28 09:33:30,0.15,0.5172,1109,0.13,0.4482,916,0.15,0.5172,5,0.14,0.4827,10,0
IWM191101P152,2019-10-28,2019-10-28 09:33:31,0.15,0.5172,1109,0.13,0.4482,916,0.15,0.5172,5,0.14,0.4827,10,0
IWM191101P152,2019-10-28,2019-10-28 09:33:31,0.15,0.5172,1430,0.13,0.4482,916,0.15,0.5172,5,0.14,0.4827,10,0
IWM191101P152,2019-10-28,2019-10-28 09:33:32,0.15,0.5172,1923,0.13,0.4482,1254,0.15,0.5172,5,0.14,0.4827,10,0
IWM191101P152,2019-10-28,2019-10-28 09:33:33,0.15,0.5172,1923,0.13,0.4482,1254,0.15,0.5172,5,0.14,0.4827,10,0
IWM191101P152,2019-10-28,2019-10-28 09:33:34,0.15,0.5172,1923,0.13,0.4482,1254,0.15,0.5172,5,0.14,0.4827,10,0
IWM191101P152,2019-10-28,2019-10-28 09:33:35,0.15,0.5172,2040,0.13,0.4482,1397,0.15,0.5172,5,0.14,0.4827,10,0
IWM191101P152,2019-10-28,2019-10-28 09:33:36,0.15,0.5172,2040,0.13,0.4482,1380,0.15,0.5172,5,0.14,0.4827,10,0
IWM191101P152,2019-10-28,2019-10-28 09:33:36,0.15,0.5172,2040,0.13,0.4482,1397,0.15,0.5172,5,0.14,0.4827,10,0
IWM191101P152,2019-10-28,2019-10-28 09:33:37,0.15,0.5172,1524,0.13,0.4482,955,0.15,0.5172,5,0.14,0.4827,10,0
IWM191101P152,2019-10-28,2019-10-28 09:33:37,0.15,0.5172,1470,0.13,0.4482,1380,0.15,0.5172,5,0.14,0.4827,10,0
IWM191101P152,2019-10-28,2019-10-28 09:33:38,0.15,0.5172,2169,0.13,0.4482,1281,0.15,0.5172,5,0.14,0.4827,10,0
IWM191101P152,2019-10-28,2019-10-28 09:33:38,0.15,0.5172,2178,0.13,0.4482,955,0.15,0.5172,5,0.14,0.4827,10,0
IWM191101P152,2019-10-28,2019-10-28 09:33:39,0.15,0.5172,2169,0.13,0.4482,1281,0.15,0.5172,5,0.14,0.4827,10,0
IWM191101P152,2019-10-28,2019-10-28 09:33:40,0.15,0.5172,2169,0.13,0.4482,1333,0.15,0.5172,5,0.14,0.4827,10,0
IWM191101P152,2019-10-28,2019-10-28 09:33:41,0.15,0.5172,2169,0.13,0.4482,1358,0.15,0.5172,5,0.14,0.4827,10,0
IWM191101P152,2019-10-28,2019-10-28 09:33:41,0.15,0.5172,2169,0.13,0.4482,1323,0.15,0.5172,5,0.14,0.4827,10,0
IWM191101P152,2019-10-28,2019-10-28 09:33:42,0.15,0.5172,2170,0.13,0.4482,1455,0.15,0.5172,5,0.14,0.4827,10,0
IWM191101P152,2019-10-28,2019-10-28 09:33:43,0.15,0.5172,2170,0.13,0.4482,1455,0.15,0.5172,5,0.14,0.4827,10,0
IWM191101P152,2019-10-28,2019-10-28 09:33:44,0.15,0.5172,2169,0.13,0.4482,1454,0.15,0.5172,5,0.14,0.4827,10,0
IWM191101P152,2019-10-28,2019-10-28 09:33:44,0.15,0.5172,2170,0.13,0.4482,1455,0.15,0.5172,5,0.14,0.4827,10,0
IWM191101P152,2019-10-28,2019-10-28 09:33:45,0.15,0.5172,2169,0.13,0.4482,1454,0.15,0.5172,5,0.14,0.4827,10,0
IWM191101P152,2019-10-28,2019-10-28 09:33:46,0.15,0.5172,1796,0.13,0.4482,655,0.15,0.5172,5,0.14,0.4827,10,0
IWM191101P152,2019-10-28,2019-10-28 09:33:47,0.15,0.5172,1796,0.13,0.4482,655,0.15,0.5172,5,0.14,0.4827,10,0
IWM191101P152,2019-10-28,2019-10-28 09:33:48,0.15,0.5172,1796,0.13,0.4482,655,0.15,0.5172,5,0.14,0.4827,10,0
IWM191101P152,2019-10-28,2019-10-28 09:33:48,0.15,0.5172,2142,0.13,0.4482,655,0.15,0.5172,5,0.14,0.4827,10,0
IWM191101P152,2019-10-28,2019-10-28 09:33:49,0.15,0.5172,2142,0.13,0.4482,655,0.15,0.5172,5,0.14,0.4827,10,0
IWM191101P152,2019-10-28,2019-10-28 09:33:49,0.15,0.5172,2142,0.13,0.4482,654,0.15,0.5172,5,0.14,0.4827,10,0
IWM191101P152,2019-10-28,2019-10-28 09:33:50,0.15,0.5172,1451,0.13,0.4482,1100,0.15,0.5172,5,0.14,0.4827,10,0
IWM191101P152,2019-10-28,2019-10-28 09:33:50,0.15,0.5172,1451,0.13,0.4482,654,0.15,0.5172,5,0.14,0.4827,10,0
IWM191101P152,2019-10-28,2019-10-28 09:33:51,0.15,0.5172,2124,0.13,0.4482,1222,0.15,0.5172,5,0.14,0.4827,10,0
IWM191101P152,2019-10-28,2019-10-28 09:33:52,0.15,0.5172,2124,0.13,0.4482,1405,0.15,0.5172,5,0.14,0.4827,10,0
IWM191101P152,2019-10-28,2019-10-28 09:33:53,0.15,0.5172,2124,0.13,0.4482,1405,0.15,0.5172,5,0.14,0.4827,10,0
IWM191101P152,2019-10-28,2019-10-28 09:33:53,0.15,0.5172,1445,0.13,0.4482,864,0.15,0.5172,5,0.14,0.4827,10,0
IWM191101P152,2019-10-28,2019-10-28 09:33:54,0.15,0.5172,2146,0.13,0.4482,1400,0.15,0.5172,5,0.14,0.4827,10,0
IWM191101P152,2019-10-28,2019-10-28 09:33:54,0.15,0.5172,2201,0.13,0.4482,1645,0.15,0.5172,5,0.14,0.4827,10,0
IWM191101P152,2019-10-28,2019-10-28 09:33:55,0.15,0.5172,2022,0.13,0.4482,1269,0.15,0.5172,5,0.14,0.4827,10,0
IWM191101P152,2019-10-28,2019-10-28 09:33:55,0.15,0.5172,1967,0.13,0.4482,1495,0.15,0.5172,5,0.14,0.4827,10,0
IWM191101P152,2019-10-28,2019-10-28 09:33:56,0.15,0.5172,2022,0.13,0.4482,1269,0.15,0.5172,5,0.14,0.4827,10,0
IWM191101P152,2019-10-28,2019-10-28 09:33:56,0.15,0.5172,2022,0.13,0.4482,1275,0.15,0.5172,5,0.14,0.4827,10,0
IWM191101P152,2019-10-28,2019-10-28 09:33:57,0.15,0.5172,1974,0.13,0.4482,1268,0.15,0.5172,5,0.14,0.4827,10,0
IWM191101P152,2019-10-28,2019-10-28 09:33:58,0.15,0.5172,1318,0.13,0.4482,903,0.15,0.5172,5,0.14,0.4827,10,0
IWM191101P152,2019-10-28,2019-10-28 09:33:58,0.15,0.5172,1212,0.13,0.4482,551,0.15,0.5172,5,0.14,0.4827,10,0
IWM191101P152,2019-10-28,2019-10-28 09:33:59,0.15,0.5172,1221,0.13,0.4482,1018,0.15,0.5172,5,0.14,0.4827,10,0
IWM191101P152,2019-10-28,2019-10-28 09:33:59,0.15,0.5172,1190,0.13,0.4482,1023,0.15,0.5172,5,0.14,0.4827,10,0
IWM191101P152,2019-10-28,2019-10-28 09:34:00,0.15,0.5172,1221,0.13,0.4482,1018,0.15,0.5172,5,0.14,0.4827,10,0
IWM191101P152,2019-10-28,2019-10-28 09:34:00,0.15,0.5172,901,0.13,0.4482,1131,0.15,0.5172,5,0.14,0.4827,10,0
IWM191101P152,2019-10-28,2019-10-28 09:34:01,0.15,0.5172,1181,0.13,0.4482,1131,0.15,0.5172,5,0.14,0.4827,10,0
IWM191101P152,2019-10-28,2019-10-28 09:34:01,0.15,0.5172,2050,0.13,0.4482,1395,0.15,0.5172,5,0.14,0.4827,10,0
IWM191101P152,2019-10-28,2019-10-28 09:34:02,0.15,0.5172,1865,0.13,0.4482,449,0.15,0.5172,5,0.14,0.4827,10,0
IWM191101P152,2019-10-28,2019-10-28 09:34:02,0.15,0.5172,1995,0.13,0.4482,1395,0.15,0.5172,5,0.14,0.4827,10,0
IWM191101P152,2019-10-28,2019-10-28 09:34:03,0.15,0.5172,1440,0.13,0.4482,419,0.15,0.5172,5,0.14,0.4827,10,0
IWM191101P152,2019-10-28,2019-10-28 09:34:03,0.15,0.5172,2191,0.13,0.4482,864,0.15,0.5172,5,0.14,0.4827,10,0
IWM191101P152,2019-10-28,2019-10-28 09:34:04,0.15,0.5172,2145,0.13,0.4482,966,0.15,0.5172,5,0.14,0.4827,10,0
IWM191101P152,2019-10-28,2019-10-28 09:34:05,0.15,0.5172,2242,0.13,0.4482,1047,0.15,0.5172,5,0.14,0.4827,10,0
IWM191101P152,2019-10-28,2019-10-28 09:34:05,0.15,0.5172,2200,0.13,0.4482,966,0.15,0.5172,5,0.14,0.4827,10,0
IWM191101P152,2019-10-28,2019-10-28 09:34:06,0.15,0.5172,2242,0.13,0.4482,1014,0.15,0.5172,5,0.14,0.4827,10,0
IWM191101P152,2019-10-28,2019-10-28 09:34:06,0.15,0.5172,2251,0.13,0.4482,1164,0.15,0.5172,5,0.14,0.4827,10,0
IWM191101P152,2019-10-28,2019-10-28 09:34:07,0.15,0.5172,2304,0.13,0.4482,1307,0.15,0.5172,5,0.14,0.4827,10,0
IWM191101P152,2019-10-28,2019-10-28 09:34:08,0.15,0.5172,2304,0.13,0.4482,1459,0.15,0.5172,5,0.14,0.4827,10,0
IWM191101P152,2019-10-28,2019-10-28 09:34:08,0.15,0.5172,2304,0.13,0.4482,1402,0.15,0.5172,5,0.14,0.4827,10,0
IWM191101P152,2019-10-28,2019-10-28 09:34:09,0.15,0.5172,2304,0.13,0.4482,1459,0.15,0.5172,5,0.14,0.4827,10,0
IWM191101P152,2019-10-28,2019-10-28 09:34:10,0.14,0.4827,572,0.13,0.4482,996,0.15,0.5172,5,0.135,0.4655,10,0
IWM191101P152,2019-10-28,2019-10-28 09:34:10,0.14,0.4827,488,0.13,0.4482,786,0.15,0.5172,5,0.135,0.4655,10,0
IWM191101P152,2019-10-28,2019-10-28 09:34:11,0.14,0.4827,1152,0.13,0.4482,1378,0.15,0.5172,5,0.135,0.4655,10,0
IWM191101P152,2019-10-28,2019-10-28 09:34:11,0.14,0.4827,758,0.13,0.4482,970,0.15,0.5172,5,0.135,0.4655,10,0
IWM191101P152,2019-10-28,2019-10-28 09:34:12,0.14,0.4827,942,0.13,0.4482,1404,0.15,0.5172,5,0.135,0.4655,10,0
IWM191101P152,2019-10-28,2019-10-28 09:34:13,0.14,0.4827,907,0.13,0.4482,1410,0.15,0.5172,5,0.135,0.4655,10,0
IWM191101P152,2019-10-28,2019-10-28 09:34:13,0.14,0.4827,907,0.13,0.4482,725,0.15,0.5172,5,0.135,0.4655,10,0
IWM191101P152,2019-10-28,2019-10-28 09:34:14,0.14,0.4827,150,0.13,0.4482,816,0.15,0.5172,5,0.135,0.4655,10,0
IWM191101P152,2019-10-28,2019-10-28 09:34:14,0.15,0.5172,968,0.13,0.4482,828,0.15,0.5172,5,0.14,0.4827,10,0
IWM191101P152,2019-10-28,2019-10-28 09:34:15,0.15,0.5172,2119,0.13,0.4482,1086,0.15,0.5172,5,0.14,0.4827,10,0
IWM191101P152,2019-10-28,2019-10-28 09:34:15,0.15,0.5172,1903,0.13,0.4482,1009,0.15,0.5172,5,0.14,0.4827,10,0
IWM191101P152,2019-10-28,2019-10-28 09:34:16,0.15,0.5172,2282,0.13,0.4482,1209,0.15,0.5172,5,0.14,0.4827,10,0
IWM191101P152,2019-10-28,2019-10-28 09:34:17,0.15,0.5172,2282,0.13,0.4482,1209,0.15,0.5172,5,0.14,0.4827,10,0
IWM191101P152,2019-10-28,2019-10-28 09:34:18,0.15,0.5172,2444,0.13,0.4482,1342,0.15,0.5172,5,0.14,0.4827,10,0
IWM191101P152,2019-10-28,2019-10-28 09:34:18,0.15,0.5172,2282,0.13,0.4482,1209,0.15,0.5172,5,0.14,0.4827,10,0
IWM191101P152,2019-10-28,2019-10-28 09:34:19,0.15,0.5172,2444,0.13,0.4482,1342,0.15,0.5172,5,0.14,0.4827,10,0
IWM191101P152,2019-10-28,2019-10-28 09:34:21,0.15,0.5172,2444,0.13,0.4482,1342,0.15,0.5172,5,0.14,0.4827,10,0
IWM191101P152,2019-10-28,2019-10-28 09:34:22,0.15,0.5172,2444,0.13,0.4482,1342,0.15,0.5172,5,0.14,0.4827,10,0
IWM191101P152,2019-10-28,2019-10-28 09:34:22,0.15,0.5172,2444,0.13,0.4482,1307,0.15,0.5172,5,0.14,0.4827,10,0
IWM191101P152,2019-10-28,2019-10-28 09:34:23,0.15,0.5172,2444,0.13,0.4482,1307,0.15,0.5172,5,0.14,0.4827,10,0
IWM191101P152,2019-10-28,2019-10-28 09:34:24,0.14,0.4827,225,0.13,0.4482,1307,0.15,0.5172,5,0.135,0.4655,10,0
IWM191101P152,2019-10-28,2019-10-28 09:34:24,0.14,0.4827,225,0.13,0.4482,1370,0.15,0.5172,5,0.135,0.4655,10,0
IWM191101P152,2019-10-28,2019-10-28 09:34:25,0.14,0.4827,225,0.13,0.4482,1474,0.15,0.5172,5,0.135,0.4655,10,0
IWM191101P152,2019-10-28,2019-10-28 09:34:26,0.14,0.4827,307,0.13,0.4482,1474,0.15,0.5172,5,0.135,0.4655,10,0
IWM191101P152,2019-10-28,2019-10-28 09:34:26,0.14,0.4827,1115,0.12,0.4137,1318,0.15,0.5172,5,0.13,0.4482,10,0
IWM191101P152,2019-10-28,2019-10-28 09:34:27,0.14,0.4827,1151,0.12,0.4137,1318,0.15,0.5172,5,0.13,0.4482,10,0
IWM191101P152,2019-10-28,2019-10-28 09:34:27,0.14,0.4827,1276,0.12,0.4137,1600,0.15,0.5172,5,0.13,0.4482,10,0
IWM191101P152,2019-10-28,2019-10-28 09:34:28,0.14,0.4827,1361,0.12,0.4137,1685,0.15,0.5172,5,0.13,0.4482,10,0
IWM191101P152,2019-10-28,2019-10-28 09:34:29,0.14,0.4827,1361,0.12,0.4137,1802,0.15,0.5172,5,0.13,0.4482,10,0
IWM191101P152,2019-10-28,2019-10-28 09:34:30,0.14,0.4827,1404,0.12,0.4137,1780,0.15,0.5172,5,0.13,0.4482,10,0
IWM191101P152,2019-10-28,2019-10-28 09:34:30,0.14,0.4827,1488,0.12,0.4137,1858,0.15,0.5172,5,0.13,0.4482,10,0
IWM191101P152,2019-10-28,2019-10-28 09:34:31,0.14,0.4827,1897,0.12,0.4137,2160,0.15,0.5172,5,0.13,0.4482,10,0
IWM191101P152,2019-10-28,2019-10-28 09:34:31,0.14,0.4827,1488,0.12,0.4137,1858,0.15,0.5172,5,0.13,0.4482,10,0
IWM191101P152,2019-10-28,2019-10-28 09:34:32,0.14,0.4827,1897,0.12,0.4137,2100,0.15,0.5172,5,0.13,0.4482,10,0
IWM191101P152,2019-10-28,2019-10-28 09:34:32,0.14,0.4827,1897,0.12,0.4137,2160,0.15,0.5172,5,0.13,0.4482,10,0
IWM191101P152,2019-10-28,2019-10-28 09:34:33,0.14,0.4827,2203,0.12,0.4137,2403,0.15,0.5172,5,0.13,0.4482,10,0
IWM191101P152,2019-10-28,2019-10-28 09:34:33,0.14,0.4827,2143,0.12,0.4137,2403,0.15,0.5172,5,0.13,0.4482,10,0
IWM191101P152,2019-10-28,2019-10-28 09:34:34,0.14,0.4827,2137,0.12,0.4137,2403,0.15,0.5172,5,0.13,0.4482,10,0
IWM191101P152,2019-10-28,2019-10-28 09:34:34,0.14,0.4827,2203,0.12,0.4137,2403,0.15,0.5172,5,0.13,0.4482,10,0
IWM191101P152,2019-10-28,2019-10-28 09:34:35,0.14,0.4827,2197,0.12,0.4137,2403,0.15,0.5172,5,0.13,0.4482,10,0
IWM191101P152,2019-10-28,2019-10-28 09:34:36,0.14,0.4827,2132,0.12,0.4137,2403,0.15,0.5172,5,0.13,0.4482,10,0
IWM191101P152,2019-10-28,2019-10-28 09:34:36,0.14,0.4827,2263,0.12,0.4137,2403,0.15,0.5172,5,0.13,0.4482,10,0
IWM191101P152,2019-10-28,2019-10-28 09:34:37,0.14,0.4827,1289,0.12,0.4137,1342,0.15,0.5172,5,0.13,0.4482,10,0
IWM191101P152,2019-10-28,2019-10-28 09:34:37,0.14,0.4827,2132,0.12,0.4137,2403,0.15,0.5172,5,0.13,0.4482,10,0
IWM191101P152,2019-10-28,2019-10-28 09:34:38,0.14,0.4827,1163,0.12,0.4137,1336,0.15,0.5172,5,0.13,0.4482,10,0
IWM191101P152,2019-10-28,2019-10-28 09:34:38,0.14,0.4827,1289,0.12,0.4137,1342,0.15,0.5172,5,0.13,0.4482,10,0
IWM191101P152,2019-10-28,2019-10-28 09:34:39,0.14,0.4827,1925,0.12,0.4137,1750,0.15,0.5172,5,0.13,0.4482,10,0
IWM191101P152,2019-10-28,2019-10-28 09:34:39,0.14,0.4827,1925,0.12,0.4137,1878,0.15,0.5172,5,0.13,0.4482,10,0
IWM191101P152,2019-10-28,2019-10-28 09:34:40,0.14,0.4827,1925,0.12,0.4137,1878,0.15,0.5172,5,0.13,0.4482,10,0
IWM191101P152,2019-10-28,2019-10-28 09:34:41,0.14,0.4827,1865,0.12,0.4137,1878,0.15,0.5172,5,0.13,0.4482,10,0
IWM191101P152,2019-10-28,2019-10-28 09:34:42,0.14,0.4827,1799,0.12,0.4137,1878,0.15,0.5172,5,0.13,0.4482,10,0
IWM191101P152,2019-10-28,2019-10-28 09:34:42,0.14,0.4827,1799,0.12,0.4137,1938,0.15,0.5172,5,0.13,0.4482,10,0
IWM191101P152,2019-10-28,2019-10-28 09:34:43,0.14,0.4827,1799,0.12,0.4137,2139,0.15,0.5172,5,0.13,0.4482,10,0
IWM191101P152,2019-10-28,2019-10-28 09:34:44,0.14,0.4827,1599,0.12,0.4137,2249,0.15,0.5172,5,0.13,0.4482,10,0
IWM191101P152,2019-10-28,2019-10-28 09:34:44,0.14,0.4827,1799,0.12,0.4137,2199,0.15,0.5172,5,0.13,0.4482,10,0
IWM191101P152,2019-10-28,2019-10-28 09:34:45,0.14,0.4827,1845,0.12,0.4137,2273,0.15,0.5172,5,0.13,0.4482,10,0
IWM191101P152,2019-10-28,2019-10-28 09:34:45,0.14,0.4827,1266,0.12,0.4137,1463,0.15,0.5172,5,0.13,0.4482,10,0
IWM191101P152,2019-10-28,2019-10-28 09:34:46,0.14,0.4827,2042,0.12,0.4137,2283,0.15,0.5172,5,0.13,0.4482,10,0
IWM191101P152,2019-10-28,2019-10-28 09:34:46,0.14,0.4827,2102,0.12,0.4137,2283,0.15,0.5172,5,0.13,0.4482,10,0
IWM191101P152,2019-10-28,2019-10-28 09:34:47,0.14,0.4827,1976,0.12,0.4137,2199,0.15,0.5172,5,0.13,0.4482,10,0
IWM191101P152,2019-10-28,2019-10-28 09:34:47,0.14,0.4827,2162,0.12,0.4137,2223,0.15,0.5172,5,0.13,0.4482,10,0
IWM191101P152,2019-10-28,2019-10-28 09:34:48,0.14,0.4827,2162,0.12,0.4137,2223,0.15,0.5172,5,0.13,0.4482,10,0
IWM191101P152,2019-10-28,2019-10-28 09:34:49,0.14,0.4827,2257,0.12,0.4137,2513,0.15,0.5172,5,0.13,0.4482,10,0
IWM191101P152,2019-10-28,2019-10-28 09:34:50,0.14,0.4827,2257,0.12,0.4137,2513,0.15,0.5172,5,0.13,0.4482,10,0
IWM191101P152,2019-10-28,2019-10-28 09:34:50,0.14,0.4827,2377,0.12,0.4137,2453,0.15,0.5172,5,0.13,0.4482,10,0
IWM191101P152,2019-10-28,2019-10-28 09:34:51,0.14,0.4827,2377,0.12,0.4137,2453,0.15,0.5172,5,0.13,0.4482,10,0
IWM191101P152,2019-10-28,2019-10-28 09:34:52,0.14,0.4827,2431,0.12,0.4137,2455,0.15,0.5172,5,0.13,0.4482,10,0
IWM191101P152,2019-10-28,2019-10-28 09:34:52,0.14,0.4827,2431,0.12,0.4137,2395,0.15,0.5172,5,0.13,0.4482,10,0
IWM191101P152,2019-10-28,2019-10-28 09:34:53,0.14,0.4827,2431,0.12,0.4137,2395,0.15,0.5172,5,0.13,0.4482,10,0
IWM191101P152,2019-10-28,2019-10-28 09:34:53,0.14,0.4827,2431,0.12,0.4137,2455,0.15,0.5172,5,0.13,0.4482,10,0
IWM191101P152,2019-10-28,2019-10-28 09:34:54,0.14,0.4827,2431,0.12,0.4137,2455,0.15,0.5172,5,0.13,0.4482,10,0
IWM191101P152,2019-10-28,2019-10-28 09:34:54,0.14,0.4827,2431,0.12,0.4137,2395,0.15,0.5172,5,0.13,0.4482,10,0
IWM191101P152,2019-10-28,2019-10-28 09:34:55,0.14,0.4827,2431,0.12,0.4137,2395,0.15,0.5172,5,0.13,0.4482,10,0
IWM191101P152,2019-10-28,2019-10-28 09:34:56,0.14,0.4827,2431,0.12,0.4137,2360,0.15,0.5172,5,0.13,0.4482,10,0
IWM191101P152,2019-10-28,2019-10-28 09:34:57,0.13,0.4482,300,0.12,0.4137,2130,0.15,0.5172,5,0.125,0.431,10,0
IWM191101P152,2019-10-28,2019-10-28 09:34:57,0.14,0.4827,2448,0.12,0.4137,2230,0.15,0.5172,5,0.13,0.4482,10,0
IWM191101P152,2019-10-28,2019-10-28 09:34:58,0.13,0.4482,300,0.12,0.4137,2205,0.15,0.5172,5,0.125,0.431,10,0
IWM191101P152,2019-10-28,2019-10-28 09:34:58,0.13,0.4482,300,0.12,0.4137,2130,0.15,0.5172,5,0.125,0.431,10,0
IWM191101P152,2019-10-28,2019-10-28 09:34:59,0.13,0.4482,300,0.12,0.4137,2250,0.15,0.5172,5,0.125,0.431,10,0
IWM191101P152,2019-10-28,2019-10-28 09:35:00,0.13,0.4482,300,0.12,0.4137,1809,0.15,0.5172,5,0.125,0.431,10,0
IWM191101P152,2019-10-28,2019-10-28 09:35:00,0.13,0.4482,300,0.12,0.4137,2298,0.15,0.5172,5,0.125,0.431,10,0
IWM191101P152,2019-10-28,2019-10-28 09:35:01,0.13,0.4482,947,0.12,0.4137,486,0.15,0.5172,5,0.125,0.431,10,0
IWM191101P152,2019-10-28,2019-10-28 09:35:01,0.13,0.4482,973,0.12,0.4137,2016,0.15,0.5172,5,0.125,0.431,10,0
IWM191101P152,2019-10-28,2019-10-28 09:35:02,0.13,0.4482,432,0.12,0.4137,537,0.15,0.5172,5,0.125,0.431,10,0
IWM191101P152,2019-10-28,2019-10-28 09:35:02,0.13,0.4482,586,0.12,0.4137,537,0.15,0.5172,5,0.125,0.431,10,0
IWM191101P152,2019-10-28,2019-10-28 09:35:03,0.13,0.4482,1189,0.12,0.4137,585,0.15,0.5172,5,0.125,0.431,10,0
IWM191101P152,2019-10-28,2019-10-28 09:35:03,0.13,0.4482,1302,0.12,0.4137,349,0.15,0.5172,5,0.125,0.431,10,0
IWM191101P152,2019-10-28,2019-10-28 09:35:04,0.13,0.4482,1380,0.12,0.4137,518,0.15,0.5172,5,0.125,0.431,10,0
IWM191101P152,2019-10-28,2019-10-28 09:35:04,0.13,0.4482,1626,0.12,0.4137,483,0.15,0.5172,5,0.125,0.431,10,0
IWM191101P152,2019-10-28,2019-10-28 09:35:05,0.13,0.4482,665,0.12,0.4137,1002,0.15,0.5172,5,0.125,0.431,10,0
IWM191101P152,2019-10-28,2019-10-28 09:35:05,0.13,0.4482,865,0.12,0.4137,483,0.15,0.5172,5,0.125,0.431,10,0
IWM191101P152,2019-10-28,2019-10-28 09:35:06,0.13,0.4482,1326,0.12,0.4137,759,0.15,0.5172,5,0.125,0.431,10,0
IWM191101P152,2019-10-28,2019-10-28 09:35:06,0.13,0.4482,1512,0.12,0.4137,783,0.15,0.5172,5,0.125,0.431,10,0
IWM191101P152,2019-10-28,2019-10-28 09:35:07,0.13,0.4482,1311,0.12,0.4137,1370,0.15,0.5172,5,0.125,0.431,10,0
IWM191101P152,2019-10-28,2019-10-28 09:35:08,0.13,0.4482,1341,0.12,0.4137,1388,0.15,0.5172,5,0.125,0.431,10,0
IWM191101P152,2019-10-28,2019-10-28 09:35:08,0.13,0.4482,1350,0.12,0.4137,1394,0.15,0.5172,5,0.125,0.431,10,0
IWM191101P152,2019-10-28,2019-10-28 09:35:09,0.14,0.4827,1745,0.12,0.4137,1572,0.15,0.5172,5,0.13,0.4482,10,0
IWM191101P152,2019-10-28,2019-10-28 09:35:10,0.14,0.4827,1745,0.12,0.4137,1542,0.15,0.5172,5,0.13,0.4482,10,0
IWM191101P152,2019-10-28,2019-10-28 09:35:11,0.14,0.4827,1745,0.12,0.4137,1542,0.15,0.5172,5,0.13,0.4482,10,0
IWM191101P152,2019-10-28,2019-10-28 09:35:11,0.14,0.4827,1745,0.12,0.4137,1656,0.15,0.5172,5,0.13,0.4482,10,0
IWM191101P152,2019-10-28,2019-10-28 09:35:12,0.13,0.4482,371,0.12,0.4137,1653,0.15,0.5172,5,0.125,0.431,10,0
IWM191101P152,2019-10-28,2019-10-28 09:35:12,0.13,0.4482,1392,0.12,0.4137,1653,0.15,0.5172,5,0.125,0.431,10,0
IWM191101P152,2019-10-28,2019-10-28 09:35:13,0.13,0.4482,894,0.12,0.4137,1653,0.15,0.5172,5,0.125,0.431,10,0
IWM191101P152,2019-10-28,2019-10-28 09:35:13,0.13,0.4482,1016,0.12,0.4137,1683,0.15,0.5172,5,0.125,0.431,10,0
IWM191101P152,2019-10-28,2019-10-28 09:35:14,0.13,0.4482,1352,0.12,0.4137,1352,0.15,0.5172,5,0.125,0.431,10,0
IWM191101P152,2019-10-28,2019-10-28 09:35:14,0.13,0.4482,1382,0.12,0.4137,1352,0.15,0.5172,5,0.125,0.431,10,0
IWM191101P152,2019-10-28,2019-10-28 09:35:15,0.13,0.4482,1382,0.12,0.4137,1352,0.15,0.5172,5,0.125,0.431,10,0
IWM191101P152,2019-10-28,2019-10-28 09:35:15,0.13,0.4482,1611,0.12,0.4137,211,0.15,0.5172,5,0.125,0.431,10,0
IWM191101P152,2019-10-28,2019-10-28 09:35:16,0.13,0.4482,1828,0.12,0.4137,392,0.15,0.5172,5,0.125,0.431,10,0
IWM191101P152,2019-10-28,2019-10-28 09:35:16,0.13,0.4482,1918,0.12,0.4137,371,0.15,0.5172,5,0.125,0.431,10,0
IWM191101P152,2019-10-28,2019-10-28 09:35:17,0.13,0.4482,1378,0.12,0.4137,783,0.15,0.5172,5,0.125,0.431,10,0
IWM191101P152,2019-10-28,2019-10-28 09:35:18,0.13,0.4482,966,0.12,0.4137,1236,0.15,0.5172,5,0.125,0.431,10,0
IWM191101P152,2019-10-28,2019-10-28 09:35:18,0.13,0.4482,1564,0.12,0.4137,783,0.15,0.5172,5,0.125,0.431,10,0
IWM191101P152,2019-10-28,2019-10-28 09:35:19,0.13,0.4482,1178,0.12,0.4137,1380,0.15,0.5172,5,0.125,0.431,10,0
IWM191101P152,2019-10-28,2019-10-28 09:35:19,0.13,0.4482,938,0.12,0.4137,1380,0.15,0.5172,5,0.125,0.431,10,0
IWM191101P152,2019-10-28,2019-10-28 09:35:20,0.13,0.4482,1114,0.12,0.4137,1416,0.15,0.5172,5,0.125,0.431,10,0
IWM191101P152,2019-10-28,2019-10-28 09:35:20,0.13,0.4482,1387,0.12,0.4137,1380,0.15,0.5172,5,0.125,0.431,10,0
IWM191101P152,2019-10-28,2019-10-28 09:35:21,0.13,0.4482,1114,0.12,0.4137,1380,0.15,0.5172,5,0.125,0.431,10,0
IWM191101P152,2019-10-28,2019-10-28 09:35:21,0.13,0.4482,1204,0.12,0.4137,1380,0.15,0.5172,5,0.125,0.431,10,0
IWM191101P152,2019-10-28,2019-10-28 09:35:22,0.13,0.4482,1204,0.12,0.4137,1380,0.15,0.5172,5,0.125,0.431,10,0
IWM191101P152,2019-10-28,2019-10-28 09:35:23,0.13,0.4482,1114,0.12,0.4137,1380,0.15,0.5172,5,0.125,0.431,10,0
IWM191101P152,2019-10-28,2019-10-28 09:35:23,0.13,0.4482,1114,0.12,0.4137,1440,0.15,0.5172,5,0.125,0.431,10,0
IWM191101P152,2019-10-28,2019-10-28 09:35:24,0.13,0.4482,1114,0.12,0.4137,1380,0.15,0.5172,5,0.125,0.431,10,0
IWM191101P152,2019-10-28,2019-10-28 09:35:24,0.13,0.4482,1300,0.12,0.4137,1380,0.15,0.5172,5,0.125,0.431,10,0
IWM191101P152,2019-10-28,2019-10-28 09:35:25,0.13,0.4482,1397,0.12,0.4137,1380,0.15,0.5172,5,0.125,0.431,10,0
IWM191101P152,2019-10-28,2019-10-28 09:35:26,0.13,0.4482,1252,0.12,0.4137,1380,0.15,0.5172,5,0.125,0.431,10,0
IWM191101P152,2019-10-28,2019-10-28 09:35:27,0.13,0.4482,1066,0.12,0.4137,1356,0.15,0.5172,5,0.125,0.431,10,0
IWM191101P152,2019-10-28,2019-10-28 09:35:27,0.13,0.4482,1252,0.12,0.4137,1368,0.15,0.5172,5,0.125,0.431,10,0
IWM191101P152,2019-10-28,2019-10-28 09:35:28,0.13,0.4482,969,0.12,0.4137,1428,0.15,0.5172,5,0.125,0.431,10,0
IWM191101P152,2019-10-28,2019-10-28 09:35:28,0.13,0.4482,969,0.12,0.4137,1368,0.15,0.5172,5,0.125,0.431,10,0
IWM191101P152,2019-10-28,2019-10-28 09:35:29,0.13,0.4482,969,0.12,0.4137,1368,0.15,0.5172,5,0.125,0.431,10,0
IWM191101P152,2019-10-28,2019-10-28 09:35:29,0.13,0.4482,969,0.12,0.4137,1500,0.15,0.5172,5,0.125,0.431,10,0
IWM191101P152,2019-10-28,2019-10-28 09:35:30,0.13,0.4482,126,0.12,0.4137,1261,0.15,0.5172,5,0.125,0.431,10,0
IWM191101P152,2019-10-28,2019-10-28 09:35:30,0.13,0.4482,126,0.12,0.4137,619,0.15,0.5172,5,0.125,0.431,10,0
IWM191101P152,2019-10-28,2019-10-28 09:35:31,0.13,0.4482,126,0.12,0.4137,1273,0.15,0.5172,5,0.125,0.431,10,0
IWM191101P152,2019-10-28,2019-10-28 09:35:32,0.13,0.4482,80,0.12,0.4137,1482,0.15,0.5172,5,0.125,0.431,10,0
IWM191101P152,2019-10-28,2019-10-28 09:35:32,0.13,0.4482,80,0.12,0.4137,1633,0.15,0.5172,5,0.125,0.431,10,0
IWM191101P152,2019-10-28,2019-10-28 09:35:33,0.14,0.4827,2460,0.12,0.4137,2185,0.15,0.5172,5,0.13,0.4482,10,0
IWM191101P152,2019-10-28,2019-10-28 09:35:33,0.14,0.4827,1602,0.12,0.4137,1679,0.15,0.5172,5,0.13,0.4482,10,0
IWM191101P152,2019-10-28,2019-10-28 09:35:34,0.14,0.4827,2460,0.12,0.4137,2125,0.15,0.5172,5,0.13,0.4482,10,0
IWM191101P152,2019-10-28,2019-10-28 09:35:35,0.14,0.4827,2460,0.12,0.4137,2185,0.15,0.5172,5,0.13,0.4482,10,0
IWM191101P152,2019-10-28,2019-10-28 09:35:35,0.14,0.4827,2520,0.12,0.4137,2125,0.15,0.5172,5,0.13,0.4482,10,0
IWM191101P152,2019-10-28,2019-10-28 09:35:36,0.14,0.4827,2460,0.12,0.4137,2125,0.15,0.5172,5,0.13,0.4482,10,0
IWM191101P152,2019-10-28,2019-10-28 09:35:36,0.14,0.4827,2520,0.12,0.4137,2125,0.15,0.5172,5,0.13,0.4482,10,0
IWM191101P152,2019-10-28,2019-10-28 09:35:37,0.13,0.4482,8,0.12,0.4137,2065,0.15,0.5172,5,0.125,0.431,10,0
IWM191101P152,2019-10-28,2019-10-28 09:35:37,0.13,0.4482,20,0.12,0.4137,2065,0.15,0.5172,5,0.125,0.431,10,0
IWM191101P152,2019-10-28,2019-10-28 09:35:38,0.13,0.4482,20,0.12,0.4137,2090,0.15,0.5172,5,0.125,0.431,10,0
IWM191101P152,2019-10-28,2019-10-28 09:35:39,0.13,0.4482,91,0.12,0.4137,2008,0.15,0.5172,5,0.125,0.431,10,0
IWM191101P152,2019-10-28,2019-10-28 09:35:39,0.13,0.4482,54,0.12,0.4137,2008,0.15,0.5172,5,0.125,0.431,10,0
IWM191101P152,2019-10-28,2019-10-28 09:35:40,0.13,0.4482,54,0.12,0.4137,2008,0.15,0.5172,5,0.125,0.431,10,0
IWM191101P152,2019-10-28,2019-10-28 09:35:41,0.13,0.4482,137,0.12,0.4137,2008,0.15,0.5172,5,0.125,0.431,10,0
IWM191101P152,2019-10-28,2019-10-28 09:35:41,0.13,0.4482,54,0.12,0.4137,2008,0.15,0.5172,5,0.125,0.431,10,0
IWM191101P152,2019-10-28,2019-10-28 09:35:42,0.13,0.4482,62,0.12,0.4137,2008,0.15,0.5172,5,0.125,0.431,10,0
IWM191101P152,2019-10-28,2019-10-28 09:35:42,0.13,0.4482,52,0.12,0.4137,1908,0.15,0.5172,5,0.125,0.431,10,0
IWM191101P152,2019-10-28,2019-10-28 09:35:43,0.13,0.4482,52,0.12,0.4137,1980,0.15,0.5172,5,0.125,0.431,10,0
IWM191101P152,2019-10-28,2019-10-28 09:35:43,0.13,0.4482,65,0.12,0.4137,1968,0.15,0.5172,5,0.125,0.431,10,0
IWM191101P152,2019-10-28,2019-10-28 09:35:44,0.13,0.4482,65,0.12,0.4137,2028,0.15,0.5172,5,0.125,0.431,10,0
IWM191101P152,2019-10-28,2019-10-28 09:35:44,0.13,0.4482,65,0.12,0.4137,1968,0.15,0.5172,5,0.125,0.431,10,0
IWM191101P152,2019-10-28,2019-10-28 09:35:45,0.13,0.4482,65,0.12,0.4137,2040,0.15,0.5172,5,0.125,0.431,10,0
IWM191101P152,2019-10-28,2019-10-28 09:35:45,0.13,0.4482,177,0.12,0.4137,1580,0.15,0.5172,5,0.125,0.431,10,0
IWM191101P152,2019-10-28,2019-10-28 09:35:46,0.13,0.4482,532,0.12,0.4137,1716,0.15,0.5172,5,0.125,0.431,10,0
IWM191101P152,2019-10-28,2019-10-28 09:35:46,0.13,0.4482,521,0.12,0.4137,1722,0.15,0.5172,5,0.125,0.431,10,0
IWM191101P152,2019-10-28,2019-10-28 09:35:47,0.13,0.4482,521,0.12,0.4137,1662,0.15,0.5172,5,0.125,0.431,10,0
IWM191101P152,2019-10-28,2019-10-28 09:35:47,0.13,0.4482,521,0.12,0.4137,1722,0.15,0.5172,5,0.125,0.431,10,0
IWM191101P152,2019-10-28,2019-10-28 09:35:48,0.13,0.4482,521,0.12,0.4137,1662,0.15,0.5172,5,0.125,0.431,10,0
IWM191101P152,2019-10-28,2019-10-28 09:35:48,0.13,0.4482,602,0.12,0.4137,1722,0.15,0.5172,5,0.125,0.431,10,0
IWM191101P152,2019-10-28,2019-10-28 09:35:49,0.13,0.4482,573,0.12,0.4137,1722,0.15,0.5172,5,0.125,0.431,10,0
IWM191101P152,2019-10-28,2019-10-28 09:35:50,0.13,0.4482,369,0.12,0.4137,1632,0.15,0.5172,5,0.125,0.431,10,0
IWM191101P152,2019-10-28,2019-10-28 09:35:50,0.13,0.4482,521,0.12,0.4137,1662,0.15,0.5172,5,0.125,0.431,10,0
IWM191101P152,2019-10-28,2019-10-28 09:35:51,0.13,0.4482,369,0.12,0.4137,1662,0.15,0.5172,5,0.125,0.431,10,0
IWM191101P152,2019-10-28,2019-10-28 09:35:51,0.13,0.4482,554,0.12,0.4137,1662,0.15,0.5172,5,0.125,0.431,10,0
IWM191101P152,2019-10-28,2019-10-28 09:35:52,0.13,0.4482,355,0.12,0.4137,1715,0.15,0.5172,5,0.125,0.431,10,0
IWM191101P152,2019-10-28,2019-10-28 09:35:52,0.13,0.4482,242,0.12,0.4137,2139,0.15,0.5172,5,0.125,0.431,10,0
IWM191101P152,2019-10-28,2019-10-28 09:35:53,0.13,0.4482,242,0.12,0.4137,2098,0.15,0.5172,5,0.125,0.431,10,0
IWM191101P152,2019-10-28,2019-10-28 09:35:53,0.13,0.4482,20,0.12,0.4137,2003,0.15,0.5172,5,0.125,0.431,10,0
IWM191101P152,2019-10-28,2019-10-28 09:35:54,0.13,0.4482,20,0.12,0.4137,2063,0.15,0.5172,5,0.125,0.431,10,0
IWM191101P152,2019-10-28,2019-10-28 09:35:55,0.13,0.4482,20,0.12,0.4137,2063,0.15,0.5172,5,0.125,0.431,10,0
IWM191101P152,2019-10-28,2019-10-28 09:35:56,0.13,0.4482,125,0.12,0.4137,2110,0.15,0.5172,5,0.125,0.431,10,0
IWM191101P152,2019-10-28,2019-10-28 09:35:56,0.13,0.4482,192,0.12,0.4137,736,0.15,0.5172,5,0.125,0.431,10,0
IWM191101P152,2019-10-28,2019-10-28 09:35:57,0.13,0.4482,192,0.12,0.4137,1362,0.15,0.5172,5,0.125,0.431,10,0
IWM191101P152,2019-10-28,2019-10-28 09:35:57,0.13,0.4482,192,0.12,0.4137,1029,0.15,0.5172,5,0.125,0.431,10,0
IWM191101P152,2019-10-28,2019-10-28 09:35:58,0.13,0.4482,192,0.12,0.4137,1416,0.15,0.5172,5,0.125,0.431,10,0
IWM191101P152,2019-10-28,2019-10-28 09:35:58,0.13,0.4482,192,0.12,0.4137,1422,0.15,0.5172,5,0.125,0.431,10,0
IWM191101P152,2019-10-28,2019-10-28 09:35:59,0.13,0.4482,192,0.12,0.4137,1448,0.15,0.5172,5,0.125,0.431,10,0
IWM191101P152,2019-10-28,2019-10-28 09:35:59,0.13,0.4482,192,0.12,0.4137,1704,0.15,0.5172,5,0.125,0.431,10,0
IWM191101P152,2019-10-28,2019-10-28 09:36:00,0.13,0.4482,192,0.12,0.4137,980,0.15,0.5172,5,0.125,0.431,10,0
IWM191101P152,2019-10-28,2019-10-28 09:36:00,0.13,0.4482,192,0.12,0.4137,1288,0.15,0.5172,5,0.125,0.431,10,0
IWM191101P152,2019-10-28,2019-10-28 09:36:01,0.14,0.4827,1362,0.12,0.4137,1325,0.15,0.5172,5,0.13,0.4482,10,0
IWM191101P152,2019-10-28,2019-10-28 09:36:01,0.14,0.4827,1362,0.12,0.4137,1666,0.15,0.5172,5,0.13,0.4482,10,0
IWM191101P152,2019-10-28,2019-10-28 09:36:02,0.14,0.4827,1422,0.12,0.4137,1606,0.15,0.5172,5,0.13,0.4482,10,0
IWM191101P152,2019-10-28,2019-10-28 09:36:03,0.14,0.4827,1422,0.12,0.4137,1606,0.15,0.5172,5,0.13,0.4482,10,0
IWM191101P152,2019-10-28,2019-10-28 09:36:04,0.14,0.4827,1117,0.12,0.4137,1260,0.15,0.5172,5,0.13,0.4482,10,0
IWM191101P152,2019-10-28,2019-10-28 09:36:04,0.14,0.4827,1550,0.12,0.4137,1196,0.15,0.5172,5,0.13,0.4482,10,0
IWM191101P152,2019-10-28,2019-10-28 09:36:05,0.14,0.4827,1382,0.12,0.4137,1456,0.15,0.5172,5,0.13,0.4482,10,0
IWM191101P152,2019-10-28,2019-10-28 09:36:05,0.14,0.4827,1435,0.12,0.4137,1767,0.15,0.5172,5,0.13,0.4482,10,0
IWM191101P152,2019-10-28,2019-10-28 09:36:06,0.14,0.4827,1435,0.12,0.4137,1892,0.15,0.5172,5,0.13,0.4482,10,0
IWM191101P152,2019-10-28,2019-10-28 09:36:06,0.14,0.4827,1830,0.12,0.4137,1926,0.15,0.5172,5,0.13,0.4482,10,0
IWM191101P152,2019-10-28,2019-10-28 09:36:07,0.14,0.4827,1770,0.12,0.4137,2211,0.15,0.5172,5,0.13,0.4482,10,0
IWM191101P152,2019-10-28,2019-10-28 09:36:07,0.14,0.4827,1770,0.12,0.4137,1984,0.15,0.5172,5,0.13,0.4482,10,0
IWM191101P152,2019-10-28,2019-10-28 09:36:08,0.14,0.4827,1770,0.12,0.4137,2211,0.15,0.5172,5,0.13,0.4482,10,0
IWM191101P152,2019-10-28,2019-10-28 09:36:08,0.14,0.4827,1770,0.12,0.4137,2151,0.15,0.5172,5,0.13,0.4482,10,0
IWM191101P152,2019-10-28,2019-10-28 09:36:09,0.14,0.4827,1830,0.12,0.4137,2184,0.15,0.5172,5,0.13,0.4482,10,0
IWM191101P152,2019-10-28,2019-10-28 09:36:09,0.14,0.4827,1770,0.12,0.4137,2151,0.15,0.5172,5,0.13,0.4482,10,0
IWM191101P152,2019-10-28,2019-10-28 09:36:10,0.14,0.4827,1961,0.12,0.4137,2210,0.15,0.5172,5,0.13,0.4482,10,0
IWM191101P152,2019-10-28,2019-10-28 09:36:10,0.14,0.4827,1961,0.12,0.4137,2270,0.15,0.5172,5,0.13,0.4482,10,0
IWM191101P152,2019-10-28,2019-10-28 09:36:11,0.14,0.4827,1961,0.12,0.4137,2270,0.15,0.5172,5,0.13,0.4482,10,0
IWM191101P152,2019-10-28,2019-10-28 09:36:11,0.14,0.4827,1961,0.12,0.4137,2210,0.15,0.5172,5,0.13,0.4482,10,0
IWM191101P152,2019-10-28,2019-10-28 09:36:12,0.14,0.4827,2021,0.12,0.4137,2210,0.15,0.5172,5,0.13,0.4482,10,0
IWM191101P152,2019-10-28,2019-10-28 09:36:13,0.14,0.4827,2021,0.12,0.4137,2210,0.15,0.5172,5,0.13,0.4482,10,0
IWM191101P152,2019-10-28,2019-10-28 09:36:14,0.14,0.4827,2021,0.12,0.4137,2210,0.15,0.5172,5,0.13,0.4482,10,0
IWM191101P152,2019-10-28,2019-10-28 09:36:14,0.13,0.4482,300,0.12,0.4137,2081,0.15,0.5172,5,0.125,0.431,10,0
IWM191101P152,2019-10-28,2019-10-28 09:36:15,0.13,0.4482,192,0.12,0.4137,2086,0.15,0.5172,5,0.125,0.431,10,0
IWM191101P152,2019-10-28,2019-10-28 09:36:16,0.14,0.4827,1676,0.12,0.4137,2147,0.15,0.5172,5,0.13,0.4482,10,0
IWM191101P152,2019-10-28,2019-10-28 09:36:17,0.14,0.4827,1485,0.12,0.4137,2121,0.15,0.5172,5,0.13,0.4482,10,0
IWM191101P152,2019-10-28,2019-10-28 09:36:17,0.14,0.4827,1676,0.12,0.4137,2147,0.15,0.5172,5,0.13,0.4482,10,0
IWM191101P152,2019-10-28,2019-10-28 09:36:18,0.14,0.4827,1676,0.12,0.4137,2147,0.15,0.5172,5,0.13,0.4482,10,0
IWM191101P152,2019-10-28,2019-10-28 09:36:19,0.14,0.4827,1676,0.12,0.4137,2147,0.15,0.5172,5,0.13,0.4482,10,0
IWM191101P152,2019-10-28,2019-10-28 09:36:20,0.14,0.4827,1676,0.12,0.4137,2147,0.15,0.5172,5,0.13,0.4482,10,0
IWM191101P152,2019-10-28,2019-10-28 09:36:21,0.14,0.4827,1676,0.12,0.4137,2275,0.15,0.5172,5,0.13,0.4482,10,0
IWM191101P152,2019-10-28,2019-10-28 09:36:22,0.14,0.4827,1676,0.12,0.4137,2275,0.15,0.5172,5,0.13,0.4482,10,0
IWM191101P152,2019-10-28,2019-10-28 09:36:23,0.14,0.4827,1676,0.12,0.4137,2275,0.15,0.5172,5,0.13,0.4482,10,0
IWM191101P152,2019-10-28,2019-10-28 09:36:24,0.14,0.4827,1676,0.12,0.4137,2275,0.15,0.5172,5,0.13,0.4482,10,0
IWM191101P152,2019-10-28,2019-10-28 09:36:25,0.14,0.4827,1009,0.12,0.4137,1497,0.15,0.5172,5,0.13,0.4482,10,0
IWM191101P152,2019-10-28,2019-10-28 09:36:25,0.13,0.4482,952,0.12,0.4137,1497,0.15,0.5172,5,0.125,0.431,10,0
IWM191101P152,2019-10-28,2019-10-28 09:36:26,0.13,0.4482,1774,0.12,0.4137,1017,0.15,0.5172,5,0.125,0.431,10,0
IWM191101P152,2019-10-28,2019-10-28 09:36:26,0.13,0.4482,1774,0.12,0.4137,1027,0.15,0.5172,5,0.125,0.431,10,0
IWM191101P152,2019-10-28,2019-10-28 09:36:27,0.13,0.4482,1414,0.12,0.4137,341,0.15,0.5172,5,0.125,0.431,10,0
IWM191101P152,2019-10-28,2019-10-28 09:36:27,0.13,0.4482,1534,0.12,0.4137,403,0.15,0.5172,5,0.125,0.431,10,0
IWM191101P152,2019-10-28,2019-10-28 09:36:28,0.13,0.4482,2218,0.12,0.4137,483,0.15,0.5172,5,0.125,0.431,10,0
IWM191101P152,2019-10-28,2019-10-28 09:36:28,0.13,0.4482,2603,0.12,0.4137,573,0.15,0.5172,5,0.125,0.431,10,0
IWM191101P152,2019-10-28,2019-10-28 09:36:29,0.13,0.4482,2603,0.12,0.4137,573,0.15,0.5172,5,0.125,0.431,10,0
IWM191101P152,2019-10-28,2019-10-28 09:36:29,0.13,0.4482,2543,0.12,0.4137,660,0.15,0.5172,5,0.125,0.431,10,0
IWM191101P152,2019-10-28,2019-10-28 09:36:30,0.13,0.4482,2558,0.12,0.4137,767,0.15,0.5172,5,0.125,0.431,10,0
IWM191101P152,2019-10-28,2019-10-28 09:36:30,0.13,0.4482,2558,0.12,0.4137,782,0.15,0.5172,5,0.125,0.431,10,0
IWM191101P152,2019-10-28,2019-10-28 09:36:31,0.13,0.4482,2558,0.12,0.4137,782,0.15,0.5172,5,0.125,0.431,10,0
IWM191101P152,2019-10-28,2019-10-28 09:36:32,0.13,0.4482,2618,0.12,0.4137,782,0.15,0.5172,5,0.125,0.431,10,0
IWM191101P152,2019-10-28,2019-10-28 09:36:33,0.13,0.4482,2618,0.12,0.4137,782,0.15,0.5172,5,0.125,0.431,10,0
IWM191101P152,2019-10-28,2019-10-28 09:36:33,0.13,0.4482,2558,0.12,0.4137,782,0.15,0.5172,5,0.125,0.431,10,0
IWM191101P152,2019-10-28,2019-10-28 09:36:34,0.13,0.4482,2558,0.12,0.4137,782,0.15,0.5172,5,0.125,0.431,10,0
IWM191101P152,2019-10-28,2019-10-28 09:36:34,0.13,0.4482,2618,0.12,0.4137,782,0.15,0.5172,5,0.125,0.431,10,0
IWM191101P152,2019-10-28,2019-10-28 09:36:35,0.13,0.4482,2618,0.12,0.4137,782,0.15,0.5172,5,0.125,0.431,10,0
IWM191101P152,2019-10-28,2019-10-28 09:36:36,0.13,0.4482,2618,0.12,0.4137,782,0.15,0.5172,5,0.125,0.431,10,0
IWM191101P152,2019-10-28,2019-10-28 09:36:37,0.13,0.4482,2618,0.12,0.4137,772,0.15,0.5172,5,0.125,0.431,10,0
IWM191101P152,2019-10-28,2019-10-28 09:36:37,0.13,0.4482,2618,0.12,0.4137,782,0.15,0.5172,5,0.125,0.431,10,0
IWM191101P152,2019-10-28,2019-10-28 09:36:38,0.13,0.4482,2133,0.12,0.4137,619,0.15,0.5172,5,0.125,0.431,10,0
IWM191101P152,2019-10-28,2019-10-28 09:36:38,0.13,0.4482,2618,0.12,0.4137,670,0.15,0.5172,5,0.125,0.431,10,0
IWM191101P152,2019-10-28,2019-10-28 09:36:39,0.13,0.4482,2347,0.12,0.4137,643,0.15,0.5172,5,0.125,0.431,10,0
IWM191101P152,2019-10-28,2019-10-28 09:36:39,0.13,0.4482,2353,0.12,0.4137,643,0.15,0.5172,5,0.125,0.431,10,0
IWM191101P152,2019-10-28,2019-10-28 09:36:40,0.13,0.4482,1537,0.12,0.4137,429,0.15,0.5172,5,0.125,0.431,10,0
IWM191101P152,2019-10-28,2019-10-28 09:36:40,0.13,0.4482,1530,0.12,0.4137,429,0.15,0.5172,5,0.125,0.431,10,0
IWM191101P152,2019-10-28,2019-10-28 09:36:41,0.13,0.4482,1566,0.12,0.4137,429,0.15,0.5172,5,0.125,0.431,10,0
IWM191101P152,2019-10-28,2019-10-28 09:36:41,0.13,0.4482,1560,0.12,0.4137,434,0.15,0.5172,5,0.125,0.431,10,0
IWM191101P152,2019-10-28,2019-10-28 09:36:42,0.13,0.4482,1077,0.12,0.4137,430,0.15,0.5172,5,0.125,0.431,10,0
IWM191101P152,2019-10-28,2019-10-28 09:36:42,0.13,0.4482,2281,0.12,0.4137,556,0.15,0.5172,5,0.125,0.431,10,0
IWM191101P152,2019-10-28,2019-10-28 09:36:43,0.13,0.4482,2275,0.12,0.4137,556,0.15,0.5172,5,0.125,0.431,10,0
IWM191101P152,2019-10-28,2019-10-28 09:36:43,0.13,0.4482,2281,0.12,0.4137,556,0.15,0.5172,5,0.125,0.431,10,0
IWM191101P152,2019-10-28,2019-10-28 09:36:44,0.13,0.4482,2281,0.12,0.4137,505,0.15,0.5172,5,0.125,0.431,10,0
IWM191101P152,2019-10-28,2019-10-28 09:36:45,0.13,0.4482,2281,0.12,0.4137,505,0.15,0.5172,5,0.125,0.431,10,0
IWM191101P152,2019-10-28,2019-10-28 09:36:46,0.13,0.4482,2325,0.12,0.4137,587,0.15,0.5172,5,0.125,0.431,10,0
IWM191101P152,2019-10-28,2019-10-28 09:36:46,0.13,0.4482,2281,0.12,0.4137,629,0.15,0.5172,5,0.125,0.431,10,0
IWM191101P152,2019-10-28,2019-10-28 09:36:47,0.13,0.4482,2325,0.12,0.4137,587,0.15,0.5172,5,0.125,0.431,10,0
IWM191101P152,2019-10-28,2019-10-28 09:36:47,0.13,0.4482,2270,0.12,0.4137,46,0.15,0.5172,5,0.125,0.431,10,0
IWM191101P152,2019-10-28,2019-10-28 09:36:48,0.13,0.4482,1634,0.11,0.3793,1092,0.15,0.5172,5,0.12,0.4137,10,0
IWM191101P152,2019-10-28,2019-10-28 09:36:49,0.13,0.4482,1640,0.11,0.3793,1525,0.15,0.5172,5,0.12,0.4137,10,0
IWM191101P152,2019-10-28,2019-10-28 09:36:49,0.13,0.4482,2420,0.11,0.3793,1647,0.15,0.5172,5,0.12,0.4137,10,0
IWM191101P152,2019-10-28,2019-10-28 09:36:50,0.13,0.4482,2711,0.11,0.3793,1958,0.15,0.5172,5,0.12,0.4137,10,0
IWM191101P152,2019-10-28,2019-10-28 09:36:50,0.13,0.4482,2703,0.11,0.3793,2029,0.15,0.5172,5,0.12,0.4137,10,0
IWM191101P152,2019-10-28,2019-10-28 09:36:51,0.13,0.4482,2771,0.11,0.3793,1958,0.15,0.5172,5,0.12,0.4137,10,0
IWM191101P152,2019-10-28,2019-10-28 09:36:51,0.13,0.4482,2631,0.11,0.3793,1958,0.15,0.5172,5,0.12,0.4137,10,0
IWM191101P152,2019-10-28,2019-10-28 09:36:52,0.13,0.4482,2631,0.11,0.3793,1958,0.15,0.5172,5,0.12,0.4137,10,0
IWM191101P152,2019-10-28,2019-10-28 09:36:52,0.13,0.4482,1772,0.11,0.3793,1553,0.15,0.5172,5,0.12,0.4137,10,0
IWM191101P152,2019-10-28,2019-10-28 09:36:53,0.13,0.4482,1772,0.11,0.3793,1653,0.15,0.5172,5,0.12,0.4137,10,0
IWM191101P152,2019-10-28,2019-10-28 09:36:53,0.13,0.4482,2552,0.11,0.3793,1902,0.15,0.5172,5,0.12,0.4137,10,0
IWM191101P152,2019-10-28,2019-10-28 09:36:54,0.13,0.4482,2680,0.11,0.3793,2022,0.15,0.5172,5,0.12,0.4137,10,0
IWM191101P152,2019-10-28,2019-10-28 09:36:54,0.13,0.4482,2552,0.11,0.3793,1902,0.15,0.5172,5,0.12,0.4137,10,0
IWM191101P152,2019-10-28,2019-10-28 09:36:55,0.13,0.4482,2551,0.11,0.3793,2179,0.15,0.5172,5,0.12,0.4137,10,0
IWM191101P152,2019-10-28,2019-10-28 09:36:55,0.13,0.4482,2611,0.11,0.3793,2119,0.15,0.5172,5,0.12,0.4137,10,0
IWM191101P152,2019-10-28,2019-10-28 09:36:56,0.13,0.4482,1834,0.11,0.3793,1305,0.15,0.5172,5,0.12,0.4137,10,0
IWM191101P152,2019-10-28,2019-10-28 09:36:56,0.13,0.4482,2611,0.11,0.3793,2119,0.15,0.5172,5,0.12,0.4137,10,0
IWM191101P152,2019-10-28,2019-10-28 09:36:57,0.13,0.4482,1894,0.11,0.3793,1245,0.15,0.5172,5,0.12,0.4137,10,0
IWM191101P152,2019-10-28,2019-10-28 09:36:57,0.13,0.4482,3037,0.11,0.3793,2456,0.15,0.5172,5,0.12,0.4137,10,0
IWM191101P152,2019-10-28,2019-10-28 09:36:58,0.13,0.4482,2697,0.11,0.3793,1955,0.15,0.5172,5,0.12,0.4137,10,0
IWM191101P152,2019-10-28,2019-10-28 09:36:59,0.13,0.4482,1894,0.11,0.3793,1245,0.15,0.5172,5,0.12,0.4137,10,0
IWM191101P152,2019-10-28,2019-10-28 09:36:59,0.13,0.4482,2696,0.11,0.3793,1938,0.15,0.5172,5,0.12,0.4137,10,0
IWM191101P152,2019-10-28,2019-10-28 09:37:00,0.13,0.4482,2696,0.11,0.3793,1422,0.15,0.5172,5,0.12,0.4137,10,0
IWM191101P152,2019-10-28,2019-10-28 09:37:00,0.13,0.4482,2696,0.11,0.3793,1926,0.15,0.5172,5,0.12,0.4137,10,0
IWM191101P152,2019-10-28,2019-10-28 09:37:01,0.13,0.4482,2696,0.11,0.3793,1447,0.15,0.5172,5,0.12,0.4137,10,0
IWM191101P152,2019-10-28,2019-10-28 09:37:02,0.13,0.4482,2696,0.11,0.3793,1926,0.15,0.5172,5,0.12,0.4137,10,0
IWM191101P152,2019-10-28,2019-10-28 09:37:03,0.12,0.4137,52,0.11,0.3793,1929,0.15,0.5172,5,0.115,0.3965,10,0
IWM191101P152,2019-10-28,2019-10-28 09:37:03,0.12,0.4137,104,0.11,0.3793,1926,0.15,0.5172,5,0.115,0.3965,10,0
IWM191101P152,2019-10-28,2019-10-28 09:37:04,0.12,0.4137,911,0.11,0.3793,1666,0.15,0.5172,5,0.115,0.3965,10,0
IWM191101P152,2019-10-28,2019-10-28 09:37:04,0.12,0.4137,319,0.11,0.3793,1929,0.15,0.5172,5,0.115,0.3965,10,0
IWM191101P152,2019-10-28,2019-10-28 09:37:05,0.12,0.4137,1459,0.11,0.3793,1986,0.15,0.5172,5,0.115,0.3965,10,0
IWM191101P152,2019-10-28,2019-10-28 09:37:06,0.12,0.4137,900,0.11,0.3793,1258,0.15,0.5172,5,0.115,0.3965,10,0
IWM191101P152,2019-10-28,2019-10-28 09:37:06,0.12,0.4137,1459,0.11,0.3793,1980,0.15,0.5172,5,0.115,0.3965,10,0
IWM191101P152,2019-10-28,2019-10-28 09:37:07,0.12,0.4137,364,0.11,0.3793,2095,0.15,0.5172,5,0.115,0.3965,10,0
IWM191101P152,2019-10-28,2019-10-28 09:37:07,0.12,0.4137,364,0.11,0.3793,1578,0.15,0.5172,5,0.115,0.3965,10,0
IWM191101P152,2019-10-28,2019-10-28 09:37:08,0.12,0.4137,364,0.11,0.3793,2095,0.15,0.5172,5,0.115,0.3965,10,0
IWM191101P152,2019-10-28,2019-10-28 09:37:09,0.12,0.4137,364,0.11,0.3793,2095,0.15,0.5172,5,0.115,0.3965,10,0
IWM191101P152,2019-10-28,2019-10-28 09:37:09,0.12,0.4137,68,0.11,0.3793,2095,0.15,0.5172,5,0.115,0.3965,10,0
IWM191101P152,2019-10-28,2019-10-28 09:37:10,0.12,0.4137,68,0.11,0.3793,2095,0.15,0.5172,5,0.115,0.3965,10,0
IWM191101P152,2019-10-28,2019-10-28 09:37:11,0.12,0.4137,95,0.11,0.3793,2179,0.15,0.5172,5,0.115,0.3965,10,0
IWM191101P152,2019-10-28,2019-10-28 09:37:11,0.12,0.4137,95,0.11,0.3793,1445,0.15,0.5172,5,0.115,0.3965,10,0
IWM191101P152,2019-10-28,2019-10-28 09:37:12,0.12,0.4137,70,0.11,0.3793,1351,0.15,0.5172,5,0.115,0.3965,10,0
IWM191101P152,2019-10-28,2019-10-28 09:37:12,0.12,0.4137,95,0.11,0.3793,2179,0.15,0.5172,5,0.115,0.3965,10,0
IWM191101P152,2019-10-28,2019-10-28 09:37:13,0.13,0.4482,906,0.11,0.3793,873,0.15,0.5172,5,0.12,0.4137,10,0
IWM191101P152,2019-10-28,2019-10-28 09:37:13,0.12,0.4137,300,0.11,0.3793,451,0.15,0.5172,5,0.115,0.3965,10,0
IWM191101P152,2019-10-28,2019-10-28 09:37:14,0.12,0.4137,300,0.11,0.3793,921,0.15,0.5172,5,0.115,0.3965,10,0
IWM191101P152,2019-10-28,2019-10-28 09:37:14,0.12,0.4137,300,0.11,0.3793,632,0.15,0.5172,5,0.115,0.3965,10,0
IWM191101P152,2019-10-28,2019-10-28 09:37:15,0.12,0.4137,300,0.11,0.3793,869,0.15,0.5172,5,0.115,0.3965,10,0
IWM191101P152,2019-10-28,2019-10-28 09:37:15,0.13,0.4482,1325,0.11,0.3793,869,0.15,0.5172,5,0.12,0.4137,10,0
IWM191101P152,2019-10-28,2019-10-28 09:37:16,0.12,0.4137,822,0.11,0.3793,1174,0.15,0.5172,5,0.115,0.3965,10,0
IWM191101P152,2019-10-28,2019-10-28 09:37:17,0.12,0.4137,1113,0.11,0.3793,1470,0.15,0.5172,5,0.115,0.3965,10,0
IWM191101P152,2019-10-28,2019-10-28 09:37:17,0.12,0.4137,1378,0.11,0.3793,1470,0.15,0.5172,5,0.115,0.3965,10,0
IWM191101P152,2019-10-28,2019-10-28 09:37:18,0.12,0.4137,1378,0.11,0.3793,1470,0.15,0.5172,5,0.115,0.3965,10,0
IWM191101P152,2019-10-28,2019-10-28 09:37:18,0.12,0.4137,841,0.11,0.3793,989,0.15,0.5172,5,0.115,0.3965,10,0
IWM191101P152,2019-10-28,2019-10-28 09:37:19,0.12,0.4137,637,0.11,0.3793,989,0.15,0.5172,5,0.115,0.3965,10,0
IWM191101P152,2019-10-28,2019-10-28 09:37:19,0.12,0.4137,796,0.11,0.3793,235,0.15,0.5172,5,0.115,0.3965,10,0
IWM191101P152,2019-10-28,2019-10-28 09:37:20,0.12,0.4137,796,0.11,0.3793,235,0.15,0.5172,5,0.115,0.3965,10,0
IWM191101P152,2019-10-28,2019-10-28 09:37:20,0.12,0.4137,1220,0.11,0.3793,245,0.15,0.5172,5,0.115,0.3965,10,0
IWM191101P152,2019-10-28,2019-10-28 09:37:21,0.12,0.4137,1302,0.11,0.3793,245,0.15,0.5172,5,0.115,0.3965,10,0
IWM191101P152,2019-10-28,2019-10-28 09:37:22,0.12,0.4137,1159,0.11,0.3793,220,0.15,0.5172,5,0.115,0.3965,10,0
IWM191101P152,2019-10-28,2019-10-28 09:37:22,0.12,0.4137,1159,0.11,0.3793,352,0.15,0.5172,5,0.115,0.3965,10,0
IWM191101P152,2019-10-28,2019-10-28 09:37:23,0.12,0.4137,1129,0.11,0.3793,352,0.15,0.5172,5,0.115,0.3965,10,0
IWM191101P152,2019-10-28,2019-10-28 09:37:23,0.12,0.4137,1202,0.11,0.3793,512,0.15,0.5172,5,0.115,0.3965,10,0
IWM191101P152,2019-10-28,2019-10-28 09:37:24,0.12,0.4137,738,0.11,0.3793,575,0.15,0.5172,5,0.115,0.3965,10,0
IWM191101P152,2019-10-28,2019-10-28 09:37:25,0.13,0.4482,2012,0.11,0.3793,1420,0.15,0.5172,5,0.12,0.4137,10,0
IWM191101P152,2019-10-28,2019-10-28 09:37:25,0.13,0.4482,2306,0.11,0.3793,1230,0.15,0.5172,5,0.12,0.4137,10,0
IWM191101P152,2019-10-28,2019-10-28 09:37:26,0.13,0.4482,2843,0.11,0.3793,1928,0.15,0.5172,5,0.12,0.4137,10,0
IWM191101P152,2019-10-28,2019-10-28 09:37:26,0.13,0.4482,2012,0.11,0.3793,1433,0.15,0.5172,5,0.12,0.4137,10,0
IWM191101P152,2019-10-28,2019-10-28 09:37:27,0.13,0.4482,2981,0.11,0.3793,1928,0.15,0.5172,5,0.12,0.4137,10,0
IWM191101P152,2019-10-28,2019-10-28 09:37:27,0.13,0.4482,2921,0.11,0.3793,1928,0.15,0.5172,5,0.12,0.4137,10,0
IWM191101P152,2019-10-28,2019-10-28 09:37:28,0.13,0.4482,2150,0.11,0.3793,1115,0.15,0.5172,5,0.12,0.4137,10,0
IWM191101P152,2019-10-28,2019-10-28 09:37:29,0.13,0.4482,2999,0.11,0.3793,1776,0.15,0.5172,5,0.12,0.4137,10,0
IWM191101P152,2019-10-28,2019-10-28 09:37:29,0.13,0.4482,2999,0.11,0.3793,1836,0.15,0.5172,5,0.12,0.4137,10,0
IWM191101P152,2019-10-28,2019-10-28 09:37:30,0.13,0.4482,3110,0.11,0.3793,1867,0.15,0.5172,5,0.12,0.4137,10,0
IWM191101P152,2019-10-28,2019-10-28 09:37:31,0.13,0.4482,3110,0.11,0.3793,1867,0.15,0.5172,5,0.12,0.4137,10,0
IWM191101P152,2019-10-28,2019-10-28 09:37:31,0.13,0.4482,3050,0.11,0.3793,1867,0.15,0.5172,5,0.12,0.4137,10,0
IWM191101P152,2019-10-28,2019-10-28 09:37:32,0.13,0.4482,3110,0.11,0.3793,1807,0.15,0.5172,5,0.12,0.4137,10,0
IWM191101P152,2019-10-28,2019-10-28 09:37:33,0.13,0.4482,3209,0.11,0.3793,1739,0.15,0.5172,5,0.12,0.4137,10,0
IWM191101P152,2019-10-28,2019-10-28 09:37:34,0.13,0.4482,3222,0.11,0.3793,1819,0.15,0.5172,5,0.12,0.4137,10,0
IWM191101P152,2019-10-28,2019-10-28 09:37:34,0.13,0.4482,3209,0.11,0.3793,1739,0.15,0.5172,5,0.12,0.4137,10,0
IWM191101P152,2019-10-28,2019-10-28 09:37:35,0.13,0.4482,3222,0.11,0.3793,1819,0.15,0.5172,5,0.12,0.4137,10,0
IWM191101P152,2019-10-28,2019-10-28 09:37:35,0.13,0.4482,3222,0.11,0.3793,1745,0.15,0.5172,5,0.12,0.4137,10,0
IWM191101P152,2019-10-28,2019-10-28 09:37:36,0.13,0.4482,3222,0.11,0.3793,1745,0.15,0.5172,5,0.12,0.4137,10,0
IWM191101P152,2019-10-28,2019-10-28 09:37:37,0.13,0.4482,3222,0.11,0.3793,1745,0.15,0.5172,5,0.12,0.4137,10,0
IWM191101P152,2019-10-28,2019-10-28 09:37:38,0.13,0.4482,3222,0.11,0.3793,1745,0.15,0.5172,5,0.12,0.4137,10,0
IWM191101P152,2019-10-28,2019-10-28 09:37:39,0.13,0.4482,3143,0.11,0.3793,1805,0.15,0.5172,5,0.12,0.4137,10,0
IWM191101P152,2019-10-28,2019-10-28 09:37:39,0.13,0.4482,3315,0.11,0.3793,1745,0.15,0.5172,5,0.12,0.4137,10,0
IWM191101P152,2019-10-28,2019-10-28 09:37:40,0.13,0.4482,3143,0.11,0.3793,1805,0.15,0.5172,5,0.12,0.4137,10,0
IWM191101P152,2019-10-28,2019-10-28 09:37:41,0.13,0.4482,3143,0.11,0.3793,1745,0.15,0.5172,5,0.12,0.4137,10,0
IWM191101P152,2019-10-28,2019-10-28 09:37:41,0.13,0.4482,3143,0.11,0.3793,1805,0.15,0.5172,5,0.12,0.4137,10,0
IWM191101P152,2019-10-28,2019-10-28 09:37:42,0.13,0.4482,3143,0.11,0.3793,1745,0.15,0.5172,5,0.12,0.4137,10,0
IWM191101P152,2019-10-28,2019-10-28 09:37:43,0.12,0.4137,300,0.11,0.3793,1043,0.15,0.5172,5,0.115,0.3965,10,0
IWM191101P152,2019-10-28,2019-10-28 09:37:43,0.12,0.4137,300,0.11,0.3793,1578,0.15,0.5172,5,0.115,0.3965,10,0
IWM191101P152,2019-10-28,2019-10-28 09:37:44,0.13,0.4482,3124,0.11,0.3793,1578,0.15,0.5172,5,0.12,0.4137,10,0
IWM191101P152,2019-10-28,2019-10-28 09:37:44,0.13,0.4482,3424,0.11,0.3793,1578,0.15,0.5172,5,0.12,0.4137,10,0
IWM191101P152,2019-10-28,2019-10-28 09:37:45,0.13,0.4482,3124,0.11,0.3793,1578,0.15,0.5172,5,0.12,0.4137,10,0
IWM191101P152,2019-10-28,2019-10-28 09:37:46,0.13,0.4482,3124,0.11,0.3793,1572,0.15,0.5172,5,0.12,0.4137,10,0
IWM191101P152,2019-10-28,2019-10-28 09:37:46,0.13,0.4482,3124,0.11,0.3793,1578,0.15,0.5172,5,0.12,0.4137,10,0
IWM191101P152,2019-10-28,2019-10-28 09:37:47,0.13,0.4482,3124,0.11,0.3793,1578,0.15,0.5172,5,0.12,0.4137,10,0
IWM191101P152,2019-10-28,2019-10-28 09:37:48,0.13,0.4482,3124,0.11,0.3793,1578,0.15,0.5172,5,0.12,0.4137,10,0
IWM191101P152,2019-10-28,2019-10-28 09:37:49,0.13,0.4482,3124,0.11,0.3793,1578,0.15,0.5172,5,0.12,0.4137,10,0
IWM191101P152,2019-10-28,2019-10-28 09:37:50,0.13,0.4482,3124,0.11,0.3793,1578,0.15,0.5172,5,0.12,0.4137,10,0
IWM191101P152,2019-10-28,2019-10-28 09:37:50,0.13,0.4482,3124,0.11,0.3793,1696,0.15,0.5172,5,0.12,0.4137,10,0
IWM191101P152,2019-10-28,2019-10-28 09:37:51,0.13,0.4482,3015,0.11,0.3793,1875,0.15,0.5172,5,0.12,0.4137,10,0
IWM191101P152,2019-10-28,2019-10-28 09:37:51,0.13,0.4482,3124,0.11,0.3793,1696,0.15,0.5172,5,0.12,0.4137,10,0
IWM191101P152,2019-10-28,2019-10-28 09:37:52,0.13,0.4482,2870,0.11,0.3793,1716,0.15,0.5172,5,0.12,0.4137,10,0
IWM191101P152,2019-10-28,2019-10-28 09:37:53,0.13,0.4482,2810,0.11,0.3793,1836,0.15,0.5172,5,0.12,0.4137,10,0
IWM191101P152,2019-10-28,2019-10-28 09:37:53,0.13,0.4482,2870,0.11,0.3793,1776,0.15,0.5172,5,0.12,0.4137,10,0
IWM191101P152,2019-10-28,2019-10-28 09:37:54,0.13,0.4482,2972,0.11,0.3793,2185,0.15,0.5172,5,0.12,0.4137,10,0
IWM191101P152,2019-10-28,2019-10-28 09:37:54,0.13,0.4482,2972,0.11,0.3793,2245,0.15,0.5172,5,0.12,0.4137,10,0
IWM191101P152,2019-10-28,2019-10-28 09:37:55,0.13,0.4482,2972,0.11,0.3793,2185,0.15,0.5172,5,0.12,0.4137,10,0
IWM191101P152,2019-10-28,2019-10-28 09:37:56,0.13,0.4482,2972,0.11,0.3793,2185,0.15,0.5172,5,0.12,0.4137,10,0
IWM191101P152,2019-10-28,2019-10-28 09:37:56,0.13,0.4482,3032,0.11,0.3793,2185,0.15,0.5172,5,0.12,0.4137,10,0
IWM191101P152,2019-10-28,2019-10-28 09:37:57,0.13,0.4482,2923,0.11,0.3793,2181,0.15,0.5172,5,0.12,0.4137,10,0
IWM191101P152,2019-10-28,2019-10-28 09:37:58,0.13,0.4482,2983,0.11,0.3793,2181,0.15,0.5172,5,0.12,0.4137,10,0
IWM191101P152,2019-10-28,2019-10-28 09:37:58,0.13,0.4482,2923,0.11,0.3793,2181,0.15,0.5172,5,0.12,0.4137,10,0
IWM191101P152,2019-10-28,2019-10-28 09:37:59,0.13,0.4482,2923,0.11,0.3793,2181,0.15,0.5172,5,0.12,0.4137,10,0
IWM191101P152,2019-10-28,2019-10-28 09:38:00,0.13,0.4482,2969,0.11,0.3793,2184,0.15,0.5172,5,0.12,0.4137,10,0
IWM191101P152,2019-10-28,2019-10-28 09:38:00,0.13,0.4482,2923,0.11,0.3793,2181,0.15,0.5172,5,0.12,0.4137,10,0
IWM191101P152,2019-10-28,2019-10-28 09:38:01,0.13,0.4482,2976,0.11,0.3793,2073,0.15,0.5172,5,0.12,0.4137,10,0
IWM191101P152,2019-10-28,2019-10-28 09:38:02,0.12,0.4137,410,0.11,0.3793,2242,0.15,0.5172,5,0.115,0.3965,10,0
IWM191101P152,2019-10-28,2019-10-28 09:38:02,0.13,0.4482,2132,0.11,0.3793,1505,0.15,0.5172,5,0.12,0.4137,10,0
IWM191101P152,2019-10-28,2019-10-28 09:38:03,0.12,0.4137,410,0.11,0.3793,2236,0.15,0.5172,5,0.115,0.3965,10,0
IWM191101P152,2019-10-28,2019-10-28 09:38:03,0.12,0.4137,410,0.11,0.3793,2242,0.15,0.5172,5,0.115,0.3965,10,0
IWM191101P152,2019-10-28,2019-10-28 09:38:04,0.12,0.4137,410,0.11,0.3793,2206,0.15,0.5172,5,0.115,0.3965,10,0
IWM191101P152,2019-10-28,2019-10-28 09:38:04,0.12,0.4137,410,0.11,0.3793,2242,0.15,0.5172,5,0.115,0.3965,10,0
IWM191101P152,2019-10-28,2019-10-28 09:38:05,0.12,0.4137,348,0.11,0.3793,2242,0.15,0.5172,5,0.115,0.3965,10,0
IWM191101P152,2019-10-28,2019-10-28 09:38:05,0.12,0.4137,410,0.11,0.3793,2242,0.15,0.5172,5,0.115,0.3965,10,0
IWM191101P152,2019-10-28,2019-10-28 09:38:06,0.12,0.4137,348,0.11,0.3793,2242,0.15,0.5172,5,0.115,0.3965,10,0
IWM191101P152,2019-10-28,2019-10-28 09:38:07,0.12,0.4137,348,0.11,0.3793,2242,0.15,0.5172,5,0.115,0.3965,10,0
IWM191101P152,2019-10-28,2019-10-28 09:38:07,0.12,0.4137,348,0.11,0.3793,1844,0.15,0.5172,5,0.115,0.3965,10,0
IWM191101P152,2019-10-28,2019-10-28 09:38:08,0.13,0.4482,3261,0.11,0.3793,2244,0.15,0.5172,5,0.12,0.4137,10,0
IWM191101P152,2019-10-28,2019-10-28 09:38:08,0.12,0.4137,348,0.11,0.3793,1844,0.15,0.5172,5,0.115,0.3965,10,0
IWM191101P152,2019-10-28,2019-10-28 09:38:09,0.13,0.4482,2961,0.11,0.3793,2184,0.15,0.5172,5,0.12,0.4137,10,0
IWM191101P152,2019-10-28,2019-10-28 09:38:09,0.13,0.4482,2106,0.11,0.3793,1565,0.15,0.5172,5,0.12,0.4137,10,0
IWM191101P152,2019-10-28,2019-10-28 09:38:10,0.13,0.4482,2106,0.11,0.3793,1608,0.15,0.5172,5,0.12,0.4137,10,0
IWM191101P152,2019-10-28,2019-10-28 09:38:10,0.13,0.4482,2106,0.11,0.3793,1598,0.15,0.5172,5,0.12,0.4137,10,0
IWM191101P152,2019-10-28,2019-10-28 09:38:11,0.13,0.4482,2106,0.11,0.3793,1608,0.15,0.5172,5,0.12,0.4137,10,0
IWM191101P152,2019-10-28,2019-10-28 09:38:11,0.13,0.4482,2106,0.11,0.3793,1565,0.15,0.5172,5,0.12,0.4137,10,0
IWM191101P152,2019-10-28,2019-10-28 09:38:12,0.13,0.4482,2106,0.11,0.3793,1621,0.15,0.5172,5,0.12,0.4137,10,0
IWM191101P152,2019-10-28,2019-10-28 09:38:12,0.13,0.4482,2885,0.11,0.3793,2252,0.15,0.5172,5,0.12,0.4137,10,0
IWM191101P152,2019-10-28,2019-10-28 09:38:13,0.13,0.4482,2873,0.11,0.3793,2387,0.15,0.5172,5,0.12,0.4137,10,0
IWM191101P152,2019-10-28,2019-10-28 09:38:13,0.13,0.4482,2681,0.11,0.3793,2387,0.15,0.5172,5,0.12,0.4137,10,0
IWM191101P152,2019-10-28,2019-10-28 09:38:14,0.13,0.4482,2872,0.11,0.3793,2406,0.15,0.5172,5,0.12,0.4137,10,0
IWM191101P152,2019-10-28,2019-10-28 09:38:14,0.13,0.4482,2946,0.11,0.3793,2406,0.15,0.5172,5,0.12,0.4137,10,0
IWM191101P152,2019-10-28,2019-10-28 09:38:15,0.13,0.4482,2946,0.11,0.3793,2406,0.15,0.5172,5,0.12,0.4137,10,0
IWM191101P152,2019-10-28,2019-10-28 09:38:16,0.13,0.4482,2946,0.11,0.3793,2406,0.15,0.5172,5,0.12,0.4137,10,0
IWM191101P152,2019-10-28,2019-10-28 09:38:17,0.13,0.4482,3017,0.11,0.3793,2159,0.15,0.5172,5,0.12,0.4137,10,0
IWM191101P152,2019-10-28,2019-10-28 09:38:18,0.13,0.4482,3017,0.11,0.3793,2159,0.15,0.5172,5,0.12,0.4137,10,0
IWM191101P152,2019-10-28,2019-10-28 09:38:18,0.13,0.4482,2957,0.11,0.3793,2230,0.15,0.5172,5,0.12,0.4137,10,0
IWM191101P152,2019-10-28,2019-10-28 09:38:19,0.13,0.4482,2092,0.11,0.3793,1528,0.15,0.5172,5,0.12,0.4137,10,0
IWM191101P152,2019-10-28,2019-10-28 09:38:19,0.13,0.4482,2957,0.11,0.3793,2170,0.15,0.5172,5,0.12,0.4137,10,0
IWM191101P152,2019-10-28,2019-10-28 09:38:20,0.13,0.4482,2092,0.11,0.3793,1232,0.15,0.5172,5,0.12,0.4137,10,0
IWM191101P152,2019-10-28,2019-10-28 09:38:20,0.13,0.4482,2092,0.11,0.3793,1528,0.15,0.5172,5,0.12,0.4137,10,0
IWM191101P152,2019-10-28,2019-10-28 09:38:21,0.13,0.4482,3015,0.11,0.3793,1935,0.15,0.5172,5,0.12,0.4137,10,0
IWM191101P152,2019-10-28,2019-10-28 09:38:22,0.13,0.4482,3015,0.11,0.3793,1935,0.15,0.5172,5,0.12,0.4137,10,0
IWM191101P152,2019-10-28,2019-10-28 09:38:23,0.13,0.4482,3015,0.11,0.3793,1935,0.15,0.5172,5,0.12,0.4137,10,0
IWM191101P152,2019-10-28,2019-10-28 09:38:24,0.13,0.4482,3015,0.11,0.3793,1935,0.15,0.5172,5,0.12,0.4137,10,0
IWM191101P152,2019-10-28,2019-10-28 09:38:25,0.13,0.4482,3015,0.11,0.3793,1935,0.15,0.5172,5,0.12,0.4137,10,0
IWM191101P152,2019-10-28,2019-10-28 09:38:26,0.13,0.4482,3024,0.11,0.3793,2062,0.15,0.5172,5,0.12,0.4137,10,0
IWM191101P152,2019-10-28,2019-10-28 09:38:26,0.13,0.4482,3024,0.11,0.3793,2002,0.15,0.5172,5,0.12,0.4137,10,0
IWM191101P152,2019-10-28,2019-10-28 09:38:27,0.13,0.4482,3024,0.11,0.3793,2062,0.15,0.5172,5,0.12,0.4137,10,0
IWM191101P152,2019-10-28,2019-10-28 09:38:28,0.13,0.4482,3024,0.11,0.3793,2062,0.15,0.5172,5,0.12,0.4137,10,0
IWM191101P152,2019-10-28,2019-10-28 09:38:28,0.13,0.4482,2964,0.11,0.3793,2062,0.15,0.5172,5,0.12,0.4137,10,0
IWM191101P152,2019-10-28,2019-10-28 09:38:29,0.13,0.4482,3024,0.11,0.3793,2002,0.15,0.5172,5,0.12,0.4137,10,0
IWM191101P152,2019-10-28,2019-10-28 09:38:29,0.13,0.4482,3024,0.11,0.3793,2062,0.15,0.5172,5,0.12,0.4137,10,0
IWM191101P152,2019-10-28,2019-10-28 09:38:30,0.13,0.4482,3024,0.11,0.3793,2062,0.15,0.5172,5,0.12,0.4137,10,0
IWM191101P152,2019-10-28,2019-10-28 09:38:31,0.13,0.4482,3024,0.11,0.3793,1066,0.15,0.5172,5,0.12,0.4137,10,0
IWM191101P152,2019-10-28,2019-10-28 09:38:31,0.13,0.4482,3024,0.11,0.3793,2062,0.15,0.5172,5,0.12,0.4137,10,0
IWM191101P152,2019-10-28,2019-10-28 09:38:32,0.13,0.4482,2907,0.11,0.3793,1800,0.15,0.5172,5,0.12,0.4137,10,0
IWM191101P152,2019-10-28,2019-10-28 09:38:33,0.13,0.4482,3020,0.11,0.3793,2167,0.15,0.5172,5,0.12,0.4137,10,0
IWM191101P152,2019-10-28,2019-10-28 09:38:34,0.13,0.4482,2945,0.12,0.4137,9,0.15,0.5172,5,0.125,0.431,10,0
IWM191101P152,2019-10-28,2019-10-28 09:38:34,0.13,0.4482,1935,0.11,0.3793,1743,0.15,0.5172,5,0.12,0.4137,10,0
IWM191101P152,2019-10-28,2019-10-28 09:38:35,0.13,0.4482,2753,0.12,0.4137,23,0.15,0.5172,5,0.125,0.431,10,0
IWM191101P152,2019-10-28,2019-10-28 09:38:35,0.13,0.4482,2945,0.12,0.4137,9,0.15,0.5172,5,0.125,0.431,10,0
IWM191101P152,2019-10-28,2019-10-28 09:38:36,0.13,0.4482,2791,0.12,0.4137,18,0.15,0.5172,5,0.125,0.431,10,0
IWM191101P152,2019-10-28,2019-10-28 09:38:36,0.13,0.4482,2791,0.11,0.3793,784,0.15,0.5172,5,0.12,0.4137,10,0
IWM191101P152,2019-10-28,2019-10-28 09:38:37,0.13,0.4482,2983,0.12,0.4137,18,0.15,0.5172,5,0.125,0.431,10,0
IWM191101P152,2019-10-28,2019-10-28 09:38:38,0.13,0.4482,2983,0.12,0.4137,18,0.15,0.5172,5,0.125,0.431,10,0
IWM191101P152,2019-10-28,2019-10-28 09:38:38,0.13,0.4482,2983,0.12,0.4137,10,0.15,0.5172,5,0.125,0.431,10,0
IWM191101P152,2019-10-28,2019-10-28 09:38:39,0.13,0.4482,3043,0.11,0.3793,1358,0.15,0.5172,5,0.12,0.4137,10,0
IWM191101P152,2019-10-28,2019-10-28 09:38:39,0.13,0.4482,3043,0.11,0.3793,1675,0.15,0.5172,5,0.12,0.4137,10,0
IWM191101P152,2019-10-28,2019-10-28 09:38:40,0.13,0.4482,2851,0.11,0.3793,1669,0.15,0.5172,5,0.12,0.4137,10,0
IWM191101P152,2019-10-28,2019-10-28 09:38:40,0.13,0.4482,3043,0.11,0.3793,1024,0.15,0.5172,5,0.12,0.4137,10,0
IWM191101P152,2019-10-28,2019-10-28 09:38:41,0.13,0.4482,2851,0.11,0.3793,1669,0.15,0.5172,5,0.12,0.4137,10,0
IWM191101P152,2019-10-28,2019-10-28 09:38:42,0.13,0.4482,2851,0.11,0.3793,1669,0.15,0.5172,5,0.12,0.4137,10,0
IWM191101P152,2019-10-28,2019-10-28 09:38:43,0.13,0.4482,2851,0.12,0.4137,23,0.15,0.5172,5,0.125,0.431,10,0
IWM191101P152,2019-10-28,2019-10-28 09:38:44,0.13,0.4482,2851,0.12,0.4137,23,0.15,0.5172,5,0.125,0.431,10,0
IWM191101P152,2019-10-28,2019-10-28 09:38:45,0.13,0.4482,2851,0.12,0.4137,23,0.15,0.5172,5,0.125,0.431,10,0
IWM191101P152,2019-10-28,2019-10-28 09:38:46,0.13,0.4482,2851,0.12,0.4137,23,0.15,0.5172,5,0.125,0.431,10,0
IWM191101P152,2019-10-28,2019-10-28 09:38:47,0.13,0.4482,2851,0.12,0.4137,23,0.15,0.5172,5,0.125,0.431,10,0
IWM191101P152,2019-10-28,2019-10-28 09:38:47,0.13,0.4482,1955,0.12,0.4137,19,0.15,0.5172,5,0.125,0.431,10,0
IWM191101P152,2019-10-28,2019-10-28 09:38:48,0.13,0.4482,2058,0.11,0.3793,1518,0.15,0.5172,5,0.12,0.4137,10,0
IWM191101P152,2019-10-28,2019-10-28 09:38:48,0.13,0.4482,2867,0.12,0.4137,52,0.15,0.5172,5,0.125,0.431,10,0
IWM191101P152,2019-10-28,2019-10-28 09:38:49,0.13,0.4482,2007,0.11,0.3793,2134,0.15,0.5172,5,0.12,0.4137,10,0
IWM191101P152,2019-10-28,2019-10-28 09:38:49,0.13,0.4482,2007,0.11,0.3793,1797,0.15,0.5172,5,0.12,0.4137,10,0
IWM191101P152,2019-10-28,2019-10-28 09:38:50,0.13,0.4482,2838,0.11,0.3793,2792,0.15,0.5172,5,0.12,0.4137,10,0
IWM191101P152,2019-10-28,2019-10-28 09:38:51,0.13,0.4482,2838,0.11,0.3793,2732,0.15,0.5172,5,0.12,0.4137,10,0
IWM191101P152,2019-10-28,2019-10-28 09:38:52,0.13,0.4482,2949,0.12,0.4137,88,0.15,0.5172,5,0.125,0.431,10,0
IWM191101P152,2019-10-28,2019-10-28 09:38:53,0.13,0.4482,3018,0.12,0.4137,61,0.15,0.5172,5,0.125,0.431,10,0
IWM191101P152,2019-10-28,2019-10-28 09:38:53,0.13,0.4482,2949,0.12,0.4137,44,0.15,0.5172,5,0.125,0.431,10,0
IWM191101P152,2019-10-28,2019-10-28 09:38:54,0.13,0.4482,2074,0.12,0.4137,59,0.15,0.5172,5,0.125,0.431,10,0
IWM191101P152,2019-10-28,2019-10-28 09:38:54,0.13,0.4482,2074,0.12,0.4137,96,0.15,0.5172,5,0.125,0.431,10,0
IWM191101P152,2019-10-28,2019-10-28 09:38:55,0.13,0.4482,2787,0.12,0.4137,97,0.15,0.5172,5,0.125,0.431,10,0
IWM191101P152,2019-10-28,2019-10-28 09:38:55,0.13,0.4482,2913,0.12,0.4137,309,0.15,0.5172,5,0.125,0.431,10,0
IWM191101P152,2019-10-28,2019-10-28 09:38:56,0.13,0.4482,2809,0.12,0.4137,330,0.15,0.5172,5,0.125,0.431,10,0
IWM191101P152,2019-10-28,2019-10-28 09:38:56,0.13,0.4482,2787,0.12,0.4137,183,0.15,0.5172,5,0.125,0.431,10,0
IWM191101P152,2019-10-28,2019-10-28 09:38:57,0.13,0.4482,2044,0.12,0.4137,303,0.15,0.5172,5,0.125,0.431,10,0
IWM191101P152,2019-10-28,2019-10-28 09:38:57,0.13,0.4482,2809,0.12,0.4137,330,0.15,0.5172,5,0.125,0.431,10,0
IWM191101P152,2019-10-28,2019-10-28 09:38:58,0.13,0.4482,1896,0.12,0.4137,418,0.15,0.5172,5,0.125,0.431,10,0
IWM191101P152,2019-10-28,2019-10-28 09:38:58,0.13,0.4482,1896,0.12,0.4137,303,0.15,0.5172,5,0.125,0.431,10,0
IWM191101P152,2019-10-28,2019-10-28 09:38:59,0.13,0.4482,1896,0.11,0.3793,1821,0.15,0.5172,5,0.12,0.4137,10,0
IWM191101P152,2019-10-28,2019-10-28 09:38:59,0.13,0.4482,1896,0.11,0.3793,2101,0.15,0.5172,5,0.12,0.4137,10,0
IWM191101P152,2019-10-28,2019-10-28 09:39:00,0.13,0.4482,1896,0.11,0.3793,2101,0.15,0.5172,5,0.12,0.4137,10,0
IWM191101P152,2019-10-28,2019-10-28 09:39:01,0.13,0.4482,1896,0.11,0.3793,2101,0.15,0.5172,5,0.12,0.4137,10,0
IWM191101P152,2019-10-28,2019-10-28 09:39:02,0.13,0.4482,1890,0.11,0.3793,1785,0.15,0.5172,5,0.12,0.4137,10,0
IWM191101P152,2019-10-28,2019-10-28 09:39:02,0.13,0.4482,1896,0.11,0.3793,2101,0.15,0.5172,5,0.12,0.4137,10,0
IWM191101P152,2019-10-28,2019-10-28 09:39:03,0.13,0.4482,2723,0.11,0.3793,2806,0.15,0.5172,5,0.12,0.4137,10,0
IWM191101P152,2019-10-28,2019-10-28 09:39:03,0.13,0.4482,2783,0.11,0.3793,2556,0.15,0.5172,5,0.12,0.4137,10,0
IWM191101P152,2019-10-28,2019-10-28 09:39:04,0.13,0.4482,2319,0.11,0.3793,2092,0.15,0.5172,5,0.12,0.4137,10,0
IWM191101P152,2019-10-28,2019-10-28 09:39:04,0.12,0.4137,323,0.11,0.3793,2076,0.15,0.5172,5,0.115,0.3965,10,0
IWM191101P152,2019-10-28,2019-10-28 09:39:05,0.12,0.4137,323,0.11,0.3793,2106,0.15,0.5172,5,0.115,0.3965,10,0
IWM191101P152,2019-10-28,2019-10-28 09:39:05,0.12,0.4137,323,0.11,0.3793,2176,0.15,0.5172,5,0.115,0.3965,10,0
IWM191101P152,2019-10-28,2019-10-28 09:39:06,0.13,0.4482,1537,0.11,0.3793,2176,0.15,0.5172,5,0.12,0.4137,10,0
IWM191101P152,2019-10-28,2019-10-28 09:39:06,0.13,0.4482,1743,0.11,0.3793,2176,0.15,0.5172,5,0.12,0.4137,10,0
IWM191101P152,2019-10-28,2019-10-28 09:39:07,0.13,0.4482,1743,0.11,0.3793,2176,0.15,0.5172,5,0.12,0.4137,10,0
IWM191101P152,2019-10-28,2019-10-28 09:39:07,0.13,0.4482,1743,0.11,0.3793,2236,0.15,0.5172,5,0.12,0.4137,10,0
IWM191101P152,2019-10-28,2019-10-28 09:39:08,0.13,0.4482,1743,0.11,0.3793,2176,0.15,0.5172,5,0.12,0.4137,10,0
IWM191101P152,2019-10-28,2019-10-28 09:39:09,0.13,0.4482,1743,0.11,0.3793,2176,0.15,0.5172,5,0.12,0.4137,10,0
IWM191101P152,2019-10-28,2019-10-28 09:39:09,0.13,0.4482,2545,0.11,0.3793,2268,0.15,0.5172,5,0.12,0.4137,10,0
IWM191101P152,2019-10-28,2019-10-28 09:39:10,0.13,0.4482,2545,0.11,0.3793,2208,0.15,0.5172,5,0.12,0.4137,10,0
IWM191101P152,2019-10-28,2019-10-28 09:39:10,0.13,0.4482,2545,0.11,0.3793,2245,0.15,0.5172,5,0.12,0.4137,10,0
IWM191101P152,2019-10-28,2019-10-28 09:39:11,0.13,0.4482,2545,0.11,0.3793,2245,0.15,0.5172,5,0.12,0.4137,10,0
IWM191101P152,2019-10-28,2019-10-28 09:39:12,0.13,0.4482,2545,0.11,0.3793,2275,0.15,0.5172,5,0.12,0.4137,10,0
IWM191101P152,2019-10-28,2019-10-28 09:39:12,0.13,0.4482,2545,0.11,0.3793,1542,0.15,0.5172,5,0.12,0.4137,10,0
IWM191101P152,2019-10-28,2019-10-28 09:39:13,0.13,0.4482,2545,0.11,0.3793,2275,0.15,0.5172,5,0.12,0.4137,10,0
IWM191101P152,2019-10-28,2019-10-28 09:39:14,0.13,0.4482,2545,0.11,0.3793,2281,0.15,0.5172,5,0.12,0.4137,10,0
IWM191101P152,2019-10-28,2019-10-28 09:39:14,0.12,0.4137,153,0.11,0.3793,2281,0.15,0.5172,5,0.115,0.3965,10,0
IWM191101P152,2019-10-28,2019-10-28 09:39:15,0.12,0.4137,153,0.11,0.3793,2281,0.15,0.5172,5,0.115,0.3965,10,0
IWM191101P152,2019-10-28,2019-10-28 09:39:16,0.12,0.4137,160,0.11,0.3793,2281,0.15,0.5172,5,0.115,0.3965,10,0
IWM191101P152,2019-10-28,2019-10-28 09:39:16,0.12,0.4137,104,0.11,0.3793,2281,0.15,0.5172,5,0.115,0.3965,10,0
IWM191101P152,2019-10-28,2019-10-28 09:39:17,0.12,0.4137,104,0.11,0.3793,2281,0.15,0.5172,5,0.115,0.3965,10,0
IWM191101P152,2019-10-28,2019-10-28 09:39:18,0.12,0.4137,131,0.11,0.3793,2281,0.15,0.5172,5,0.115,0.3965,10,0
IWM191101P152,2019-10-28,2019-10-28 09:39:18,0.12,0.4137,148,0.11,0.3793,2301,0.15,0.5172,5,0.115,0.3965,10,0
IWM191101P152,2019-10-28,2019-10-28 09:39:19,0.12,0.4137,148,0.11,0.3793,2361,0.15,0.5172,5,0.115,0.3965,10,0
IWM191101P152,2019-10-28,2019-10-28 09:39:20,0.12,0.4137,148,0.11,0.3793,1599,0.15,0.5172,5,0.115,0.3965,10,0
IWM191101P152,2019-10-28,2019-10-28 09:39:20,0.12,0.4137,148,0.11,0.3793,2361,0.15,0.5172,5,0.115,0.3965,10,0
IWM191101P152,2019-10-28,2019-10-28 09:39:21,0.13,0.4482,2731,0.11,0.3793,2240,0.15,0.5172,5,0.12,0.4137,10,0
IWM191101P152,2019-10-28,2019-10-28 09:39:21,0.12,0.4137,148,0.11,0.3793,2244,0.15,0.5172,5,0.115,0.3965,10,0
IWM191101P152,2019-10-28,2019-10-28 09:39:22,0.13,0.4482,2731,0.11,0.3793,2180,0.15,0.5172,5,0.12,0.4137,10,0
