symbol,Date,quote_time,ask_price,norm_ask_price,ask_size,bid_price,norm_bid_price,bid_size,last_trade_price,norm_last_trade_price,last_trade_size,mark_price,norm_mark_price,volume,Volume
IWM190913C153,2019-09-10,2019-09-10 09:30:01,0.69,1.0,16,0.4,0.5797,16,0.56,0.8115,1,0.545,0.7898,0,0
IWM190913C153,2019-09-10,2019-09-10 09:30:02,0.68,0.9855,1,0.43,0.6231,1,0.56,0.8115,1,0.555,0.8043,0,0
IWM190913C153,2019-09-10,2019-09-10 09:30:02,0.69,1.0,16,0.4,0.5797,16,0.56,0.8115,1,0.545,0.7898,0,0
IWM190913C153,2019-09-10,2019-09-10 09:30:03,0.68,0.9855,1,0.42,0.6086,10,0.56,0.8115,1,0.55,0.7971,0,0
IWM190913C153,2019-09-10,2019-09-10 09:30:03,0.68,0.9855,1,0.38,0.5507,16,0.56,0.8115,1,0.53,0.7681,0,0
IWM190913C153,2019-09-10,2019-09-10 09:30:04,0.62,0.8985,250,0.47,0.6811,250,0.56,0.8115,1,0.545,0.7898,0,0
IWM190913C153,2019-09-10,2019-09-10 09:30:04,0.68,0.9855,1,0.38,0.5507,16,0.56,0.8115,1,0.53,0.7681,0,0
IWM190913C153,2019-09-10,2019-09-10 09:30:05,0.55,0.7971,173,0.47,0.6811,250,0.56,0.8115,1,0.51,0.7391,0,0
IWM190913C153,2019-09-10,2019-09-10 09:30:06,0.54,0.7826,173,0.47,0.6811,5,0.56,0.8115,1,0.505,0.7318,0,0
IWM190913C153,2019-09-10,2019-09-10 09:30:06,0.54,0.7826,173,0.45,0.6521,250,0.56,0.8115,1,0.495,0.7173,0,0
IWM190913C153,2019-09-10,2019-09-10 09:30:07,0.54,0.7826,173,0.45,0.6521,250,0.56,0.8115,1,0.495,0.7173,0,0
IWM190913C153,2019-09-10,2019-09-10 09:30:07,0.53,0.7681,173,0.45,0.6521,10,0.56,0.8115,1,0.49,0.7101,0,0
IWM190913C153,2019-09-10,2019-09-10 09:30:08,0.52,0.7536,173,0.46,0.6666,24,0.56,0.8115,1,0.49,0.7101,0,0
IWM190913C153,2019-09-10,2019-09-10 09:30:08,0.52,0.7536,173,0.45,0.6521,100,0.56,0.8115,1,0.485,0.7028,0,0
IWM190913C153,2019-09-10,2019-09-10 09:30:09,0.5,0.7246,142,0.45,0.6521,90,0.56,0.8115,1,0.475,0.6884,0,0
IWM190913C153,2019-09-10,2019-09-10 09:30:09,0.52,0.7536,173,0.46,0.6666,24,0.56,0.8115,1,0.49,0.7101,0,0
IWM190913C153,2019-09-10,2019-09-10 09:30:10,0.49,0.7101,142,0.45,0.6521,90,0.56,0.8115,1,0.47,0.6811,0,0
IWM190913C153,2019-09-10,2019-09-10 09:30:11,0.48,0.6956,152,0.45,0.6521,90,0.56,0.8115,1,0.465,0.6739,0,0
IWM190913C153,2019-09-10,2019-09-10 09:30:11,0.48,0.6956,185,0.45,0.6521,90,0.56,0.8115,1,0.465,0.6739,0,0
IWM190913C153,2019-09-10,2019-09-10 09:30:12,0.47,0.6811,187,0.43,0.6231,27,0.56,0.8115,1,0.45,0.6521,0,0
IWM190913C153,2019-09-10,2019-09-10 09:30:12,0.47,0.6811,138,0.43,0.6231,27,0.56,0.8115,1,0.45,0.6521,0,0
IWM190913C153,2019-09-10,2019-09-10 09:30:13,0.47,0.6811,187,0.43,0.6231,27,0.56,0.8115,1,0.45,0.6521,0,0
IWM190913C153,2019-09-10,2019-09-10 09:30:13,0.46,0.6666,172,0.43,0.6231,27,0.56,0.8115,1,0.445,0.6449,0,0
IWM190913C153,2019-09-10,2019-09-10 09:30:14,0.46,0.6666,48,0.42,0.6086,33,0.56,0.8115,1,0.44,0.6376,0,0
IWM190913C153,2019-09-10,2019-09-10 09:30:14,0.46,0.6666,172,0.42,0.6086,33,0.56,0.8115,1,0.44,0.6376,0,0
IWM190913C153,2019-09-10,2019-09-10 09:30:15,0.47,0.6811,124,0.42,0.6086,29,0.56,0.8115,1,0.445,0.6449,0,0
IWM190913C153,2019-09-10,2019-09-10 09:30:16,0.46,0.6666,189,0.42,0.6086,33,0.56,0.8115,1,0.44,0.6376,0,0
IWM190913C153,2019-09-10,2019-09-10 09:30:16,0.47,0.6811,188,0.42,0.6086,33,0.56,0.8115,1,0.445,0.6449,0,0
IWM190913C153,2019-09-10,2019-09-10 09:30:17,0.46,0.6666,10,0.43,0.6231,27,0.56,0.8115,1,0.445,0.6449,0,0
IWM190913C153,2019-09-10,2019-09-10 09:30:17,0.46,0.6666,61,0.42,0.6086,33,0.56,0.8115,1,0.44,0.6376,0,0
IWM190913C153,2019-09-10,2019-09-10 09:30:18,0.47,0.6811,138,0.44,0.6376,1,0.56,0.8115,1,0.455,0.6594,0,0
IWM190913C153,2019-09-10,2019-09-10 09:30:18,0.47,0.6811,39,0.44,0.6376,27,0.56,0.8115,1,0.455,0.6594,0,0
IWM190913C153,2019-09-10,2019-09-10 09:30:19,0.47,0.6811,212,0.45,0.6521,60,0.56,0.8115,1,0.46,0.6666,0,0
IWM190913C153,2019-09-10,2019-09-10 09:30:19,0.47,0.6811,20,0.45,0.6521,60,0.56,0.8115,1,0.46,0.6666,0,0
IWM190913C153,2019-09-10,2019-09-10 09:30:20,0.47,0.6811,126,0.45,0.6521,60,0.56,0.8115,1,0.46,0.6666,0,0
IWM190913C153,2019-09-10,2019-09-10 09:30:20,0.47,0.6811,227,0.45,0.6521,112,0.56,0.8115,1,0.46,0.6666,0,0
IWM190913C153,2019-09-10,2019-09-10 09:30:21,0.47,0.6811,47,0.45,0.6521,278,0.56,0.8115,1,0.46,0.6666,0,0
IWM190913C153,2019-09-10,2019-09-10 09:30:22,0.47,0.6811,47,0.45,0.6521,278,0.56,0.8115,1,0.46,0.6666,0,0
IWM190913C153,2019-09-10,2019-09-10 09:30:22,0.47,0.6811,47,0.45,0.6521,282,0.56,0.8115,1,0.46,0.6666,0,0
IWM190913C153,2019-09-10,2019-09-10 09:30:23,0.47,0.6811,20,0.45,0.6521,282,0.56,0.8115,1,0.46,0.6666,0,0
IWM190913C153,2019-09-10,2019-09-10 09:30:23,0.47,0.6811,10,0.45,0.6521,261,0.56,0.8115,1,0.46,0.6666,0,0
IWM190913C153,2019-09-10,2019-09-10 09:30:24,0.48,0.6956,316,0.45,0.6521,109,0.56,0.8115,1,0.465,0.6739,0,0
IWM190913C153,2019-09-10,2019-09-10 09:30:25,0.48,0.6956,65,0.45,0.6521,171,0.56,0.8115,1,0.465,0.6739,0,0
IWM190913C153,2019-09-10,2019-09-10 09:30:25,0.49,0.7101,128,0.46,0.6666,76,0.56,0.8115,1,0.475,0.6884,0,0
IWM190913C153,2019-09-10,2019-09-10 09:30:26,0.49,0.7101,242,0.46,0.6666,69,0.56,0.8115,1,0.475,0.6884,0,0
IWM190913C153,2019-09-10,2019-09-10 09:30:26,0.49,0.7101,242,0.46,0.6666,202,0.56,0.8115,1,0.475,0.6884,0,0
IWM190913C153,2019-09-10,2019-09-10 09:30:27,0.49,0.7101,138,0.46,0.6666,202,0.56,0.8115,1,0.475,0.6884,0,0
IWM190913C153,2019-09-10,2019-09-10 09:30:27,0.49,0.7101,138,0.46,0.6666,219,0.56,0.8115,1,0.475,0.6884,0,0
IWM190913C153,2019-09-10,2019-09-10 09:30:28,0.49,0.7101,251,0.46,0.6666,319,0.56,0.8115,1,0.475,0.6884,0,0
IWM190913C153,2019-09-10,2019-09-10 09:30:28,0.49,0.7101,251,0.47,0.6811,300,0.56,0.8115,1,0.48,0.6956,0,0
IWM190913C153,2019-09-10,2019-09-10 09:30:29,0.5,0.7246,324,0.47,0.6811,149,0.56,0.8115,1,0.485,0.7028,0,0
IWM190913C153,2019-09-10,2019-09-10 09:30:29,0.49,0.7101,39,0.47,0.6811,126,0.56,0.8115,1,0.48,0.6956,0,0
IWM190913C153,2019-09-10,2019-09-10 09:30:30,0.5,0.7246,324,0.47,0.6811,318,0.56,0.8115,1,0.485,0.7028,0,0
IWM190913C153,2019-09-10,2019-09-10 09:30:30,0.5,0.7246,324,0.47,0.6811,336,0.56,0.8115,1,0.485,0.7028,0,0
IWM190913C153,2019-09-10,2019-09-10 09:30:31,0.5,0.7246,324,0.47,0.6811,336,0.56,0.8115,1,0.485,0.7028,0,0
IWM190913C153,2019-09-10,2019-09-10 09:30:31,0.49,0.7101,137,0.47,0.6811,82,0.56,0.8115,1,0.48,0.6956,0,0
IWM190913C153,2019-09-10,2019-09-10 09:30:32,0.48,0.6956,20,0.46,0.6666,246,0.56,0.8115,1,0.47,0.6811,0,0
IWM190913C153,2019-09-10,2019-09-10 09:30:32,0.48,0.6956,12,0.46,0.6666,387,0.56,0.8115,1,0.47,0.6811,0,0
IWM190913C153,2019-09-10,2019-09-10 09:30:33,0.48,0.6956,27,0.46,0.6666,142,0.56,0.8115,1,0.47,0.6811,0,0
IWM190913C153,2019-09-10,2019-09-10 09:30:33,0.48,0.6956,27,0.46,0.6666,306,0.56,0.8115,1,0.47,0.6811,0,0
IWM190913C153,2019-09-10,2019-09-10 09:30:34,0.48,0.6956,27,0.46,0.6666,142,0.56,0.8115,1,0.47,0.6811,0,0
IWM190913C153,2019-09-10,2019-09-10 09:30:34,0.48,0.6956,27,0.46,0.6666,218,0.56,0.8115,1,0.47,0.6811,0,0
IWM190913C153,2019-09-10,2019-09-10 09:30:35,0.48,0.6956,23,0.46,0.6666,269,0.56,0.8115,1,0.47,0.6811,0,0
IWM190913C153,2019-09-10,2019-09-10 09:30:35,0.48,0.6956,23,0.46,0.6666,264,0.56,0.8115,1,0.47,0.6811,0,0
IWM190913C153,2019-09-10,2019-09-10 09:30:36,0.48,0.6956,23,0.46,0.6666,289,0.56,0.8115,1,0.47,0.6811,0,0
IWM190913C153,2019-09-10,2019-09-10 09:30:37,0.47,0.6811,361,0.45,0.6521,409,0.56,0.8115,1,0.46,0.6666,0,0
IWM190913C153,2019-09-10,2019-09-10 09:30:37,0.47,0.6811,212,0.46,0.6666,214,0.56,0.8115,1,0.465,0.6739,0,0
IWM190913C153,2019-09-10,2019-09-10 09:30:38,0.47,0.6811,361,0.45,0.6521,274,0.56,0.8115,1,0.46,0.6666,0,0
IWM190913C153,2019-09-10,2019-09-10 09:30:39,0.47,0.6811,361,0.45,0.6521,383,0.56,0.8115,1,0.46,0.6666,0,0
IWM190913C153,2019-09-10,2019-09-10 09:30:39,0.47,0.6811,361,0.45,0.6521,420,0.56,0.8115,1,0.46,0.6666,0,0
IWM190913C153,2019-09-10,2019-09-10 09:30:40,0.47,0.6811,361,0.45,0.6521,274,0.56,0.8115,1,0.46,0.6666,0,0
IWM190913C153,2019-09-10,2019-09-10 09:30:40,0.47,0.6811,361,0.45,0.6521,383,0.56,0.8115,1,0.46,0.6666,0,0
IWM190913C153,2019-09-10,2019-09-10 09:30:41,0.47,0.6811,361,0.45,0.6521,250,0.56,0.8115,1,0.46,0.6666,0,0
IWM190913C153,2019-09-10,2019-09-10 09:30:41,0.47,0.6811,361,0.45,0.6521,271,0.56,0.8115,1,0.46,0.6666,0,0
IWM190913C153,2019-09-10,2019-09-10 09:30:42,0.47,0.6811,371,0.45,0.6521,653,0.56,0.8115,1,0.46,0.6666,0,0
IWM190913C153,2019-09-10,2019-09-10 09:30:42,0.47,0.6811,220,0.45,0.6521,519,0.56,0.8115,1,0.46,0.6666,0,0
IWM190913C153,2019-09-10,2019-09-10 09:30:43,0.47,0.6811,220,0.46,0.6666,717,0.56,0.8115,1,0.465,0.6739,0,0
IWM190913C153,2019-09-10,2019-09-10 09:30:43,0.47,0.6811,220,0.46,0.6666,339,0.56,0.8115,1,0.465,0.6739,0,0
IWM190913C153,2019-09-10,2019-09-10 09:30:44,0.48,0.6956,20,0.46,0.6666,682,0.56,0.8115,1,0.47,0.6811,0,0
IWM190913C153,2019-09-10,2019-09-10 09:30:44,0.48,0.6956,13,0.46,0.6666,638,0.56,0.8115,1,0.47,0.6811,0,0
IWM190913C153,2019-09-10,2019-09-10 09:30:45,0.48,0.6956,13,0.46,0.6666,542,0.56,0.8115,1,0.47,0.6811,0,0
IWM190913C153,2019-09-10,2019-09-10 09:30:45,0.48,0.6956,13,0.46,0.6666,670,0.56,0.8115,1,0.47,0.6811,0,0
IWM190913C153,2019-09-10,2019-09-10 09:30:46,0.48,0.6956,20,0.46,0.6666,574,0.56,0.8115,1,0.47,0.6811,0,0
IWM190913C153,2019-09-10,2019-09-10 09:30:46,0.48,0.6956,13,0.46,0.6666,670,0.56,0.8115,1,0.47,0.6811,0,0
IWM190913C153,2019-09-10,2019-09-10 09:30:47,0.48,0.6956,20,0.46,0.6666,424,0.56,0.8115,1,0.47,0.6811,0,0
IWM190913C153,2019-09-10,2019-09-10 09:30:47,0.48,0.6956,20,0.46,0.6666,574,0.56,0.8115,1,0.47,0.6811,0,0
IWM190913C153,2019-09-10,2019-09-10 09:30:48,0.48,0.6956,20,0.46,0.6666,152,0.56,0.8115,1,0.47,0.6811,0,0
IWM190913C153,2019-09-10,2019-09-10 09:30:48,0.48,0.6956,20,0.46,0.6666,424,0.56,0.8115,1,0.47,0.6811,0,0
IWM190913C153,2019-09-10,2019-09-10 09:30:49,0.47,0.6811,20,0.45,0.6521,377,0.56,0.8115,1,0.46,0.6666,0,0
IWM190913C153,2019-09-10,2019-09-10 09:30:49,0.48,0.6956,20,0.46,0.6666,152,0.56,0.8115,1,0.47,0.6811,0,0
IWM190913C153,2019-09-10,2019-09-10 09:30:50,0.46,0.6666,13,0.44,0.6376,170,0.56,0.8115,1,0.45,0.6521,0,0
IWM190913C153,2019-09-10,2019-09-10 09:30:50,0.47,0.6811,20,0.45,0.6521,377,0.56,0.8115,1,0.46,0.6666,0,0
IWM190913C153,2019-09-10,2019-09-10 09:30:51,0.47,0.6811,25,0.44,0.6376,258,0.56,0.8115,1,0.455,0.6594,0,0
IWM190913C153,2019-09-10,2019-09-10 09:30:51,0.46,0.6666,13,0.44,0.6376,198,0.56,0.8115,1,0.45,0.6521,0,0
IWM190913C153,2019-09-10,2019-09-10 09:30:52,0.46,0.6666,13,0.44,0.6376,500,0.56,0.8115,1,0.45,0.6521,0,0
IWM190913C153,2019-09-10,2019-09-10 09:30:53,0.46,0.6666,13,0.45,0.6521,150,0.56,0.8115,1,0.455,0.6594,0,0
IWM190913C153,2019-09-10,2019-09-10 09:30:53,0.46,0.6666,13,0.45,0.6521,469,0.56,0.8115,1,0.455,0.6594,0,0
IWM190913C153,2019-09-10,2019-09-10 09:30:54,0.48,0.6956,13,0.45,0.6521,673,0.56,0.8115,1,0.465,0.6739,0,0
IWM190913C153,2019-09-10,2019-09-10 09:30:54,0.48,0.6956,13,0.45,0.6521,449,0.56,0.8115,1,0.465,0.6739,0,0
IWM190913C153,2019-09-10,2019-09-10 09:30:55,0.47,0.6811,20,0.44,0.6376,112,0.56,0.8115,1,0.455,0.6594,0,0
IWM190913C153,2019-09-10,2019-09-10 09:30:55,0.47,0.6811,20,0.45,0.6521,223,0.56,0.8115,1,0.46,0.6666,0,0
IWM190913C153,2019-09-10,2019-09-10 09:30:56,0.46,0.6666,13,0.44,0.6376,153,0.56,0.8115,1,0.45,0.6521,0,0
IWM190913C153,2019-09-10,2019-09-10 09:30:56,0.45,0.6521,14,0.43,0.6231,60,0.56,0.8115,1,0.44,0.6376,0,0
IWM190913C153,2019-09-10,2019-09-10 09:30:57,0.44,0.6376,13,0.43,0.6231,135,0.56,0.8115,1,0.435,0.6304,0,0
IWM190913C153,2019-09-10,2019-09-10 09:30:57,0.44,0.6376,13,0.43,0.6231,331,0.56,0.8115,1,0.435,0.6304,0,0
IWM190913C153,2019-09-10,2019-09-10 09:30:58,0.44,0.6376,13,0.43,0.6231,200,0.56,0.8115,1,0.435,0.6304,0,0
IWM190913C153,2019-09-10,2019-09-10 09:30:58,0.45,0.6521,14,0.43,0.6231,358,0.56,0.8115,1,0.44,0.6376,0,0
IWM190913C153,2019-09-10,2019-09-10 09:30:59,0.45,0.6521,14,0.43,0.6231,617,0.56,0.8115,1,0.44,0.6376,0,0
IWM190913C153,2019-09-10,2019-09-10 09:31:00,0.44,0.6376,13,0.44,0.6376,48,0.56,0.8115,1,0.44,0.6376,0,0
IWM190913C153,2019-09-10,2019-09-10 09:31:00,0.45,0.6521,1,0.44,0.6376,507,0.56,0.8115,1,0.445,0.6449,0,0
IWM190913C153,2019-09-10,2019-09-10 09:31:01,0.44,0.6376,13,0.42,0.6086,284,0.56,0.8115,1,0.43,0.6231,0,0
IWM190913C153,2019-09-10,2019-09-10 09:31:01,0.44,0.6376,13,0.42,0.6086,310,0.56,0.8115,1,0.43,0.6231,0,0
IWM190913C153,2019-09-10,2019-09-10 09:31:02,0.44,0.6376,13,0.42,0.6086,167,0.56,0.8115,1,0.43,0.6231,0,0
IWM190913C153,2019-09-10,2019-09-10 09:31:02,0.44,0.6376,13,0.42,0.6086,597,0.56,0.8115,1,0.43,0.6231,0,0
IWM190913C153,2019-09-10,2019-09-10 09:31:03,0.43,0.6231,13,0.42,0.6086,162,0.56,0.8115,1,0.425,0.6159,0,0
IWM190913C153,2019-09-10,2019-09-10 09:31:03,0.44,0.6376,13,0.42,0.6086,148,0.56,0.8115,1,0.43,0.6231,0,0
IWM190913C153,2019-09-10,2019-09-10 09:31:04,0.42,0.6086,13,0.41,0.5942,10,0.42,0.6086,4,0.415,0.6014,4,4
IWM190913C153,2019-09-10,2019-09-10 09:31:04,0.43,0.6231,13,0.41,0.5942,32,0.42,0.6086,4,0.42,0.6086,4,0
IWM190913C153,2019-09-10,2019-09-10 09:31:05,0.44,0.6376,23,0.41,0.5942,246,0.42,0.6086,4,0.425,0.6159,4,0
IWM190913C153,2019-09-10,2019-09-10 09:31:05,0.43,0.6231,45,0.41,0.5942,146,0.42,0.6086,4,0.42,0.6086,4,0
IWM190913C153,2019-09-10,2019-09-10 09:31:06,0.43,0.6231,13,0.41,0.5942,146,0.42,0.6086,4,0.42,0.6086,4,0
IWM190913C153,2019-09-10,2019-09-10 09:31:07,0.43,0.6231,13,0.41,0.5942,63,0.42,0.6086,4,0.42,0.6086,4,0
IWM190913C153,2019-09-10,2019-09-10 09:31:07,0.44,0.6376,172,0.41,0.5942,177,0.42,0.6086,4,0.425,0.6159,4,0
IWM190913C153,2019-09-10,2019-09-10 09:31:08,0.44,0.6376,29,0.41,0.5942,177,0.42,0.6086,4,0.425,0.6159,4,0
IWM190913C153,2019-09-10,2019-09-10 09:31:08,0.44,0.6376,29,0.42,0.6086,56,0.42,0.6086,4,0.43,0.6231,4,0
IWM190913C153,2019-09-10,2019-09-10 09:31:09,0.45,0.6521,20,0.43,0.6231,106,0.42,0.6086,4,0.44,0.6376,4,0
IWM190913C153,2019-09-10,2019-09-10 09:31:09,0.45,0.6521,33,0.43,0.6231,13,0.42,0.6086,4,0.44,0.6376,4,0
IWM190913C153,2019-09-10,2019-09-10 09:31:10,0.45,0.6521,16,0.43,0.6231,323,0.42,0.6086,4,0.44,0.6376,4,0
IWM190913C153,2019-09-10,2019-09-10 09:31:10,0.45,0.6521,16,0.43,0.6231,77,0.42,0.6086,4,0.44,0.6376,4,0
IWM190913C153,2019-09-10,2019-09-10 09:31:11,0.45,0.6521,2,0.44,0.6376,25,0.42,0.6086,4,0.445,0.6449,4,0
IWM190913C153,2019-09-10,2019-09-10 09:31:11,0.45,0.6521,2,0.43,0.6231,327,0.42,0.6086,4,0.44,0.6376,4,0
IWM190913C153,2019-09-10,2019-09-10 09:31:12,0.45,0.6521,20,0.43,0.6231,612,0.42,0.6086,4,0.44,0.6376,4,0
IWM190913C153,2019-09-10,2019-09-10 09:31:12,0.45,0.6521,2,0.43,0.6231,670,0.42,0.6086,4,0.44,0.6376,4,0
IWM190913C153,2019-09-10,2019-09-10 09:31:13,0.45,0.6521,2,0.43,0.6231,695,0.42,0.6086,4,0.44,0.6376,4,0
IWM190913C153,2019-09-10,2019-09-10 09:31:13,0.45,0.6521,14,0.43,0.6231,728,0.42,0.6086,4,0.44,0.6376,4,0
IWM190913C153,2019-09-10,2019-09-10 09:31:14,0.45,0.6521,2,0.43,0.6231,728,0.42,0.6086,4,0.44,0.6376,4,0
IWM190913C153,2019-09-10,2019-09-10 09:31:14,0.45,0.6521,20,0.43,0.6231,310,0.42,0.6086,4,0.44,0.6376,4,0
IWM190913C153,2019-09-10,2019-09-10 09:31:15,0.45,0.6521,2,0.43,0.6231,578,0.42,0.6086,4,0.44,0.6376,4,0
IWM190913C153,2019-09-10,2019-09-10 09:31:15,0.45,0.6521,2,0.44,0.6376,36,0.42,0.6086,4,0.445,0.6449,4,0
IWM190913C153,2019-09-10,2019-09-10 09:31:16,0.45,0.6521,2,0.44,0.6376,39,0.42,0.6086,4,0.445,0.6449,4,0
IWM190913C153,2019-09-10,2019-09-10 09:31:16,0.45,0.6521,23,0.43,0.6231,462,0.42,0.6086,4,0.44,0.6376,4,0
IWM190913C153,2019-09-10,2019-09-10 09:31:17,0.45,0.6521,2,0.44,0.6376,101,0.42,0.6086,4,0.445,0.6449,4,0
IWM190913C153,2019-09-10,2019-09-10 09:31:17,0.45,0.6521,2,0.44,0.6376,479,0.42,0.6086,4,0.445,0.6449,4,0
IWM190913C153,2019-09-10,2019-09-10 09:31:18,0.47,0.6811,35,0.45,0.6521,211,0.45,0.6521,1,0.46,0.6666,7,0
IWM190913C153,2019-09-10,2019-09-10 09:31:18,0.47,0.6811,181,0.44,0.6376,473,0.45,0.6521,1,0.455,0.6594,7,3
IWM190913C153,2019-09-10,2019-09-10 09:31:19,0.49,0.7101,67,0.46,0.6666,399,0.45,0.6521,1,0.475,0.6884,7,0
IWM190913C153,2019-09-10,2019-09-10 09:31:19,0.48,0.6956,13,0.46,0.6666,172,0.45,0.6521,1,0.47,0.6811,7,0
IWM190913C153,2019-09-10,2019-09-10 09:31:20,0.49,0.7101,185,0.47,0.6811,192,0.45,0.6521,1,0.48,0.6956,7,0
IWM190913C153,2019-09-10,2019-09-10 09:31:21,0.48,0.6956,20,0.47,0.6811,49,0.45,0.6521,1,0.475,0.6884,7,0
IWM190913C153,2019-09-10,2019-09-10 09:31:21,0.5,0.7246,157,0.47,0.6811,96,0.45,0.6521,1,0.485,0.7028,7,0
IWM190913C153,2019-09-10,2019-09-10 09:31:22,0.49,0.7101,34,0.47,0.6811,94,0.45,0.6521,1,0.48,0.6956,7,0
IWM190913C153,2019-09-10,2019-09-10 09:31:22,0.49,0.7101,34,0.47,0.6811,46,0.45,0.6521,1,0.48,0.6956,7,0
IWM190913C153,2019-09-10,2019-09-10 09:31:23,0.49,0.7101,20,0.47,0.6811,351,0.45,0.6521,1,0.48,0.6956,7,0
IWM190913C153,2019-09-10,2019-09-10 09:31:23,0.49,0.7101,20,0.47,0.6811,505,0.45,0.6521,1,0.48,0.6956,7,0
IWM190913C153,2019-09-10,2019-09-10 09:31:24,0.5,0.7246,279,0.48,0.6956,8,0.45,0.6521,1,0.49,0.7101,7,0
IWM190913C153,2019-09-10,2019-09-10 09:31:24,0.5,0.7246,65,0.48,0.6956,253,0.45,0.6521,1,0.49,0.7101,7,0
IWM190913C153,2019-09-10,2019-09-10 09:31:25,0.51,0.7391,237,0.48,0.6956,484,0.45,0.6521,1,0.495,0.7173,7,0
IWM190913C153,2019-09-10,2019-09-10 09:31:25,0.5,0.7246,20,0.48,0.6956,484,0.45,0.6521,1,0.49,0.7101,7,0
IWM190913C153,2019-09-10,2019-09-10 09:31:26,0.5,0.7246,13,0.48,0.6956,702,0.45,0.6521,1,0.49,0.7101,7,0
IWM190913C153,2019-09-10,2019-09-10 09:31:26,0.51,0.7391,288,0.48,0.6956,520,0.45,0.6521,1,0.495,0.7173,7,0
IWM190913C153,2019-09-10,2019-09-10 09:31:27,0.5,0.7246,13,0.48,0.6956,173,0.45,0.6521,1,0.49,0.7101,7,0
IWM190913C153,2019-09-10,2019-09-10 09:31:27,0.51,0.7391,370,0.48,0.6956,337,0.45,0.6521,1,0.495,0.7173,7,0
IWM190913C153,2019-09-10,2019-09-10 09:31:28,0.51,0.7391,60,0.49,0.7101,94,0.45,0.6521,1,0.5,0.7246,7,0
IWM190913C153,2019-09-10,2019-09-10 09:31:28,0.51,0.7391,39,0.49,0.7101,13,0.45,0.6521,1,0.5,0.7246,7,0
IWM190913C153,2019-09-10,2019-09-10 09:31:29,0.51,0.7391,60,0.49,0.7101,67,0.45,0.6521,1,0.5,0.7246,7,0
IWM190913C153,2019-09-10,2019-09-10 09:31:29,0.51,0.7391,20,0.49,0.7101,67,0.45,0.6521,1,0.5,0.7246,7,0
IWM190913C153,2019-09-10,2019-09-10 09:31:30,0.51,0.7391,20,0.49,0.7101,36,0.45,0.6521,1,0.5,0.7246,7,0
IWM190913C153,2019-09-10,2019-09-10 09:31:30,0.51,0.7391,34,0.49,0.7101,144,0.45,0.6521,1,0.5,0.7246,7,0
IWM190913C153,2019-09-10,2019-09-10 09:31:31,0.51,0.7391,268,0.48,0.6956,492,0.45,0.6521,1,0.495,0.7173,7,0
IWM190913C153,2019-09-10,2019-09-10 09:31:31,0.51,0.7391,343,0.48,0.6956,400,0.45,0.6521,1,0.495,0.7173,7,0
IWM190913C153,2019-09-10,2019-09-10 09:31:32,0.51,0.7391,20,0.49,0.7101,402,0.45,0.6521,1,0.5,0.7246,7,0
IWM190913C153,2019-09-10,2019-09-10 09:31:32,0.51,0.7391,59,0.49,0.7101,147,0.45,0.6521,1,0.5,0.7246,7,0
IWM190913C153,2019-09-10,2019-09-10 09:31:33,0.51,0.7391,20,0.49,0.7101,412,0.45,0.6521,1,0.5,0.7246,7,0
IWM190913C153,2019-09-10,2019-09-10 09:31:33,0.52,0.7536,207,0.49,0.7101,412,0.45,0.6521,1,0.505,0.7318,7,0
IWM190913C153,2019-09-10,2019-09-10 09:31:34,0.52,0.7536,141,0.51,0.7391,13,0.45,0.6521,1,0.515,0.7463,7,0
IWM190913C153,2019-09-10,2019-09-10 09:31:34,0.52,0.7536,158,0.5,0.7246,439,0.45,0.6521,1,0.51,0.7391,7,0
IWM190913C153,2019-09-10,2019-09-10 09:31:35,0.52,0.7536,141,0.5,0.7246,354,0.45,0.6521,1,0.51,0.7391,7,0
IWM190913C153,2019-09-10,2019-09-10 09:31:35,0.52,0.7536,141,0.51,0.7391,23,0.45,0.6521,1,0.515,0.7463,7,0
IWM190913C153,2019-09-10,2019-09-10 09:31:36,0.52,0.7536,59,0.5,0.7246,28,0.45,0.6521,1,0.51,0.7391,7,0
IWM190913C153,2019-09-10,2019-09-10 09:31:37,0.52,0.7536,508,0.5,0.7246,15,0.45,0.6521,1,0.51,0.7391,7,0
IWM190913C153,2019-09-10,2019-09-10 09:31:37,0.52,0.7536,137,0.5,0.7246,28,0.45,0.6521,1,0.51,0.7391,7,0
IWM190913C153,2019-09-10,2019-09-10 09:31:38,0.51,0.7391,141,0.49,0.7101,129,0.45,0.6521,1,0.5,0.7246,7,0
IWM190913C153,2019-09-10,2019-09-10 09:31:38,0.51,0.7391,307,0.49,0.7101,15,0.45,0.6521,1,0.5,0.7246,7,0
IWM190913C153,2019-09-10,2019-09-10 09:31:39,0.5,0.7246,181,0.48,0.6956,196,0.45,0.6521,1,0.49,0.7101,7,0
IWM190913C153,2019-09-10,2019-09-10 09:31:39,0.51,0.7391,514,0.48,0.6956,299,0.45,0.6521,1,0.495,0.7173,7,0
IWM190913C153,2019-09-10,2019-09-10 09:31:40,0.5,0.7246,556,0.48,0.6956,29,0.45,0.6521,1,0.49,0.7101,7,0
IWM190913C153,2019-09-10,2019-09-10 09:31:40,0.5,0.7246,195,0.48,0.6956,196,0.45,0.6521,1,0.49,0.7101,7,0
IWM190913C153,2019-09-10,2019-09-10 09:31:41,0.5,0.7246,595,0.48,0.6956,29,0.45,0.6521,1,0.49,0.7101,7,0
IWM190913C153,2019-09-10,2019-09-10 09:31:41,0.49,0.7101,346,0.47,0.6811,52,0.45,0.6521,1,0.48,0.6956,7,0
IWM190913C153,2019-09-10,2019-09-10 09:31:42,0.49,0.7101,515,0.47,0.6811,36,0.45,0.6521,1,0.48,0.6956,7,0
IWM190913C153,2019-09-10,2019-09-10 09:31:42,0.49,0.7101,419,0.47,0.6811,36,0.45,0.6521,1,0.48,0.6956,7,0
IWM190913C153,2019-09-10,2019-09-10 09:31:43,0.49,0.7101,13,0.47,0.6811,27,0.45,0.6521,1,0.48,0.6956,7,0
IWM190913C153,2019-09-10,2019-09-10 09:31:43,0.49,0.7101,439,0.47,0.6811,16,0.45,0.6521,1,0.48,0.6956,7,0
IWM190913C153,2019-09-10,2019-09-10 09:31:44,0.49,0.7101,59,0.47,0.6811,78,0.45,0.6521,1,0.48,0.6956,7,0
IWM190913C153,2019-09-10,2019-09-10 09:31:44,0.49,0.7101,155,0.47,0.6811,78,0.45,0.6521,1,0.48,0.6956,7,0
IWM190913C153,2019-09-10,2019-09-10 09:31:45,0.48,0.6956,114,0.46,0.6666,95,0.45,0.6521,1,0.47,0.6811,7,0
IWM190913C153,2019-09-10,2019-09-10 09:31:45,0.49,0.7101,170,0.47,0.6811,78,0.45,0.6521,1,0.48,0.6956,7,0
IWM190913C153,2019-09-10,2019-09-10 09:31:46,0.48,0.6956,13,0.46,0.6666,57,0.45,0.6521,1,0.47,0.6811,7,0
IWM190913C153,2019-09-10,2019-09-10 09:31:46,0.48,0.6956,96,0.46,0.6666,57,0.45,0.6521,1,0.47,0.6811,7,0
IWM190913C153,2019-09-10,2019-09-10 09:31:47,0.48,0.6956,28,0.46,0.6666,38,0.45,0.6521,1,0.47,0.6811,7,0
IWM190913C153,2019-09-10,2019-09-10 09:31:47,0.47,0.6811,13,0.45,0.6521,39,0.45,0.6521,1,0.46,0.6666,7,0
IWM190913C153,2019-09-10,2019-09-10 09:31:48,0.48,0.6956,223,0.45,0.6521,297,0.45,0.6521,1,0.465,0.6739,7,0
IWM190913C153,2019-09-10,2019-09-10 09:31:48,0.48,0.6956,282,0.45,0.6521,297,0.45,0.6521,1,0.465,0.6739,7,0
IWM190913C153,2019-09-10,2019-09-10 09:31:49,0.48,0.6956,355,0.46,0.6666,14,0.45,0.6521,1,0.47,0.6811,7,0
IWM190913C153,2019-09-10,2019-09-10 09:31:49,0.48,0.6956,355,0.45,0.6521,94,0.45,0.6521,1,0.465,0.6739,7,0
IWM190913C153,2019-09-10,2019-09-10 09:31:50,0.47,0.6811,20,0.45,0.6521,411,0.45,0.6521,1,0.46,0.6666,7,0
IWM190913C153,2019-09-10,2019-09-10 09:31:50,0.48,0.6956,355,0.45,0.6521,103,0.45,0.6521,1,0.465,0.6739,7,0
IWM190913C153,2019-09-10,2019-09-10 09:31:51,0.47,0.6811,120,0.45,0.6521,474,0.45,0.6521,1,0.46,0.6666,7,0
IWM190913C153,2019-09-10,2019-09-10 09:31:51,0.47,0.6811,120,0.45,0.6521,451,0.45,0.6521,1,0.46,0.6666,7,0
IWM190913C153,2019-09-10,2019-09-10 09:31:52,0.47,0.6811,215,0.44,0.6376,225,0.45,0.6521,1,0.455,0.6594,7,0
IWM190913C153,2019-09-10,2019-09-10 09:31:53,0.47,0.6811,355,0.44,0.6376,468,0.45,0.6521,1,0.455,0.6594,7,0
IWM190913C153,2019-09-10,2019-09-10 09:31:53,0.47,0.6811,392,0.45,0.6521,14,0.45,0.6521,1,0.46,0.6666,7,0
IWM190913C153,2019-09-10,2019-09-10 09:31:54,0.46,0.6666,20,0.44,0.6376,511,0.45,0.6521,1,0.45,0.6521,7,0
IWM190913C153,2019-09-10,2019-09-10 09:31:54,0.46,0.6666,20,0.44,0.6376,304,0.45,0.6521,1,0.45,0.6521,7,0
IWM190913C153,2019-09-10,2019-09-10 09:31:55,0.46,0.6666,127,0.44,0.6376,487,0.45,0.6521,1,0.45,0.6521,7,0
IWM190913C153,2019-09-10,2019-09-10 09:31:56,0.47,0.6811,240,0.44,0.6376,305,0.45,0.6521,1,0.455,0.6594,7,0
IWM190913C153,2019-09-10,2019-09-10 09:31:56,0.46,0.6666,63,0.44,0.6376,567,0.45,0.6521,1,0.45,0.6521,7,0
IWM190913C153,2019-09-10,2019-09-10 09:31:57,0.46,0.6666,91,0.44,0.6376,250,0.45,0.6521,1,0.45,0.6521,7,0
IWM190913C153,2019-09-10,2019-09-10 09:31:57,0.46,0.6666,127,0.44,0.6376,371,0.45,0.6521,1,0.45,0.6521,7,0
IWM190913C153,2019-09-10,2019-09-10 09:31:58,0.46,0.6666,105,0.44,0.6376,418,0.45,0.6521,1,0.45,0.6521,7,0
IWM190913C153,2019-09-10,2019-09-10 09:31:58,0.46,0.6666,117,0.44,0.6376,418,0.45,0.6521,1,0.45,0.6521,7,0
IWM190913C153,2019-09-10,2019-09-10 09:31:59,0.46,0.6666,158,0.44,0.6376,369,0.45,0.6521,1,0.45,0.6521,7,0
IWM190913C153,2019-09-10,2019-09-10 09:31:59,0.46,0.6666,269,0.44,0.6376,154,0.45,0.6521,1,0.45,0.6521,7,0
IWM190913C153,2019-09-10,2019-09-10 09:32:00,0.46,0.6666,269,0.44,0.6376,179,0.45,0.6521,1,0.45,0.6521,7,0
IWM190913C153,2019-09-10,2019-09-10 09:32:00,0.46,0.6666,285,0.44,0.6376,264,0.45,0.6521,1,0.45,0.6521,7,0
IWM190913C153,2019-09-10,2019-09-10 09:32:01,0.46,0.6666,133,0.44,0.6376,1,0.44,0.6376,1,0.45,0.6521,8,1
IWM190913C153,2019-09-10,2019-09-10 09:32:01,0.45,0.6521,123,0.44,0.6376,1,0.44,0.6376,1,0.445,0.6449,8,0
IWM190913C153,2019-09-10,2019-09-10 09:32:02,0.45,0.6521,75,0.43,0.6231,124,0.44,0.6376,1,0.44,0.6376,8,0
IWM190913C153,2019-09-10,2019-09-10 09:32:02,0.45,0.6521,144,0.43,0.6231,96,0.44,0.6376,1,0.44,0.6376,8,0
IWM190913C153,2019-09-10,2019-09-10 09:32:03,0.45,0.6521,130,0.43,0.6231,160,0.44,0.6376,1,0.44,0.6376,8,0
IWM190913C153,2019-09-10,2019-09-10 09:32:03,0.45,0.6521,289,0.43,0.6231,158,0.44,0.6376,1,0.44,0.6376,8,0
IWM190913C153,2019-09-10,2019-09-10 09:32:04,0.45,0.6521,132,0.43,0.6231,86,0.44,0.6376,1,0.44,0.6376,8,0
IWM190913C153,2019-09-10,2019-09-10 09:32:04,0.45,0.6521,75,0.43,0.6231,201,0.44,0.6376,1,0.44,0.6376,8,0
IWM190913C153,2019-09-10,2019-09-10 09:32:05,0.45,0.6521,166,0.43,0.6231,151,0.44,0.6376,1,0.44,0.6376,8,0
IWM190913C153,2019-09-10,2019-09-10 09:32:05,0.45,0.6521,247,0.43,0.6231,73,0.44,0.6376,1,0.44,0.6376,8,0
IWM190913C153,2019-09-10,2019-09-10 09:32:06,0.45,0.6521,91,0.43,0.6231,125,0.44,0.6376,1,0.44,0.6376,8,0
IWM190913C153,2019-09-10,2019-09-10 09:32:06,0.45,0.6521,91,0.43,0.6231,118,0.44,0.6376,1,0.44,0.6376,8,0
IWM190913C153,2019-09-10,2019-09-10 09:32:07,0.45,0.6521,183,0.43,0.6231,152,0.44,0.6376,1,0.44,0.6376,8,0
IWM190913C153,2019-09-10,2019-09-10 09:32:07,0.45,0.6521,75,0.43,0.6231,179,0.44,0.6376,1,0.44,0.6376,8,0
IWM190913C153,2019-09-10,2019-09-10 09:32:08,0.45,0.6521,102,0.43,0.6231,179,0.44,0.6376,1,0.44,0.6376,8,0
IWM190913C153,2019-09-10,2019-09-10 09:32:08,0.45,0.6521,242,0.43,0.6231,179,0.44,0.6376,1,0.44,0.6376,8,0
IWM190913C153,2019-09-10,2019-09-10 09:32:09,0.45,0.6521,242,0.43,0.6231,34,0.44,0.6376,1,0.44,0.6376,8,0
IWM190913C153,2019-09-10,2019-09-10 09:32:10,0.44,0.6376,25,0.42,0.6086,388,0.44,0.6376,1,0.43,0.6231,8,0
IWM190913C153,2019-09-10,2019-09-10 09:32:11,0.44,0.6376,157,0.42,0.6086,265,0.44,0.6376,1,0.43,0.6231,8,0
IWM190913C153,2019-09-10,2019-09-10 09:32:11,0.44,0.6376,34,0.42,0.6086,364,0.44,0.6376,1,0.43,0.6231,8,0
IWM190913C153,2019-09-10,2019-09-10 09:32:12,0.44,0.6376,157,0.41,0.5942,102,0.44,0.6376,1,0.425,0.6159,8,0
IWM190913C153,2019-09-10,2019-09-10 09:32:12,0.43,0.6231,13,0.41,0.5942,120,0.44,0.6376,1,0.42,0.6086,8,0
IWM190913C153,2019-09-10,2019-09-10 09:32:13,0.44,0.6376,360,0.42,0.6086,99,0.44,0.6376,1,0.43,0.6231,8,0
IWM190913C153,2019-09-10,2019-09-10 09:32:13,0.44,0.6376,322,0.42,0.6086,99,0.44,0.6376,1,0.43,0.6231,8,0
IWM190913C153,2019-09-10,2019-09-10 09:32:14,0.44,0.6376,326,0.42,0.6086,99,0.44,0.6376,1,0.43,0.6231,8,0
IWM190913C153,2019-09-10,2019-09-10 09:32:15,0.44,0.6376,484,0.42,0.6086,71,0.44,0.6376,1,0.43,0.6231,8,0
IWM190913C153,2019-09-10,2019-09-10 09:32:15,0.44,0.6376,146,0.42,0.6086,120,0.44,0.6376,1,0.43,0.6231,8,0
IWM190913C153,2019-09-10,2019-09-10 09:32:16,0.44,0.6376,459,0.42,0.6086,53,0.44,0.6376,1,0.43,0.6231,8,0
IWM190913C153,2019-09-10,2019-09-10 09:32:16,0.44,0.6376,369,0.41,0.5942,418,0.44,0.6376,1,0.425,0.6159,8,0
IWM190913C153,2019-09-10,2019-09-10 09:32:17,0.44,0.6376,356,0.42,0.6086,41,0.44,0.6376,1,0.43,0.6231,8,0
IWM190913C153,2019-09-10,2019-09-10 09:32:17,0.44,0.6376,315,0.42,0.6086,144,0.44,0.6376,1,0.43,0.6231,8,0
IWM190913C153,2019-09-10,2019-09-10 09:32:18,0.44,0.6376,284,0.42,0.6086,149,0.44,0.6376,1,0.43,0.6231,8,0
IWM190913C153,2019-09-10,2019-09-10 09:32:18,0.44,0.6376,325,0.42,0.6086,121,0.44,0.6376,1,0.43,0.6231,8,0
IWM190913C153,2019-09-10,2019-09-10 09:32:19,0.44,0.6376,165,0.42,0.6086,466,0.44,0.6376,1,0.43,0.6231,8,0
IWM190913C153,2019-09-10,2019-09-10 09:32:19,0.44,0.6376,487,0.42,0.6086,51,0.44,0.6376,1,0.43,0.6231,8,0
IWM190913C153,2019-09-10,2019-09-10 09:32:20,0.44,0.6376,125,0.42,0.6086,249,0.44,0.6376,1,0.43,0.6231,8,0
IWM190913C153,2019-09-10,2019-09-10 09:32:20,0.44,0.6376,182,0.42,0.6086,353,0.44,0.6376,1,0.43,0.6231,8,0
IWM190913C153,2019-09-10,2019-09-10 09:32:21,0.44,0.6376,74,0.42,0.6086,395,0.44,0.6376,1,0.43,0.6231,8,0
IWM190913C153,2019-09-10,2019-09-10 09:32:21,0.44,0.6376,127,0.42,0.6086,353,0.44,0.6376,1,0.43,0.6231,8,0
IWM190913C153,2019-09-10,2019-09-10 09:32:22,0.44,0.6376,85,0.42,0.6086,261,0.44,0.6376,1,0.43,0.6231,8,0
IWM190913C153,2019-09-10,2019-09-10 09:32:22,0.44,0.6376,118,0.42,0.6086,261,0.44,0.6376,1,0.43,0.6231,8,0
IWM190913C153,2019-09-10,2019-09-10 09:32:23,0.45,0.6521,175,0.42,0.6086,261,0.44,0.6376,1,0.435,0.6304,8,0
IWM190913C153,2019-09-10,2019-09-10 09:32:23,0.45,0.6521,131,0.42,0.6086,261,0.44,0.6376,1,0.435,0.6304,8,0
IWM190913C153,2019-09-10,2019-09-10 09:32:24,0.46,0.6666,151,0.44,0.6376,120,0.44,0.6376,1,0.45,0.6521,8,0
IWM190913C153,2019-09-10,2019-09-10 09:32:24,0.46,0.6666,362,0.44,0.6376,120,0.44,0.6376,1,0.45,0.6521,8,0
IWM190913C153,2019-09-10,2019-09-10 09:32:25,0.46,0.6666,362,0.44,0.6376,206,0.44,0.6376,1,0.45,0.6521,8,0
IWM190913C153,2019-09-10,2019-09-10 09:32:25,0.46,0.6666,315,0.44,0.6376,293,0.44,0.6376,1,0.45,0.6521,8,0
IWM190913C153,2019-09-10,2019-09-10 09:32:26,0.46,0.6666,127,0.44,0.6376,271,0.44,0.6376,1,0.45,0.6521,8,0
IWM190913C153,2019-09-10,2019-09-10 09:32:26,0.46,0.6666,34,0.45,0.6521,13,0.44,0.6376,1,0.455,0.6594,8,0
IWM190913C153,2019-09-10,2019-09-10 09:32:27,0.46,0.6666,34,0.44,0.6376,253,0.44,0.6376,1,0.45,0.6521,8,0
IWM190913C153,2019-09-10,2019-09-10 09:32:28,0.46,0.6666,208,0.44,0.6376,327,0.44,0.6376,1,0.45,0.6521,8,0
IWM190913C153,2019-09-10,2019-09-10 09:32:28,0.46,0.6666,208,0.44,0.6376,305,0.44,0.6376,1,0.45,0.6521,8,0
IWM190913C153,2019-09-10,2019-09-10 09:32:29,0.46,0.6666,186,0.45,0.6521,39,0.44,0.6376,1,0.455,0.6594,8,0
IWM190913C153,2019-09-10,2019-09-10 09:32:29,0.46,0.6666,208,0.45,0.6521,13,0.44,0.6376,1,0.455,0.6594,8,0
IWM190913C153,2019-09-10,2019-09-10 09:32:30,0.46,0.6666,20,0.45,0.6521,27,0.44,0.6376,1,0.455,0.6594,8,0
IWM190913C153,2019-09-10,2019-09-10 09:32:30,0.47,0.6811,408,0.45,0.6521,114,0.44,0.6376,1,0.46,0.6666,8,0
IWM190913C153,2019-09-10,2019-09-10 09:32:31,0.47,0.6811,549,0.45,0.6521,56,0.44,0.6376,1,0.46,0.6666,8,0
IWM190913C153,2019-09-10,2019-09-10 09:32:31,0.47,0.6811,408,0.45,0.6521,305,0.44,0.6376,1,0.46,0.6666,8,0
IWM190913C153,2019-09-10,2019-09-10 09:32:32,0.47,0.6811,360,0.45,0.6521,321,0.44,0.6376,1,0.46,0.6666,8,0
IWM190913C153,2019-09-10,2019-09-10 09:32:32,0.47,0.6811,450,0.45,0.6521,77,0.44,0.6376,1,0.46,0.6666,8,0
IWM190913C153,2019-09-10,2019-09-10 09:32:33,0.47,0.6811,363,0.45,0.6521,77,0.44,0.6376,1,0.46,0.6666,8,0
IWM190913C153,2019-09-10,2019-09-10 09:32:33,0.47,0.6811,389,0.45,0.6521,313,0.44,0.6376,1,0.46,0.6666,8,0
IWM190913C153,2019-09-10,2019-09-10 09:32:34,0.47,0.6811,269,0.45,0.6521,193,0.44,0.6376,1,0.46,0.6666,8,0
IWM190913C153,2019-09-10,2019-09-10 09:32:34,0.47,0.6811,281,0.45,0.6521,193,0.44,0.6376,1,0.46,0.6666,8,0
IWM190913C153,2019-09-10,2019-09-10 09:32:35,0.48,0.6956,326,0.46,0.6666,218,0.44,0.6376,1,0.47,0.6811,8,0
IWM190913C153,2019-09-10,2019-09-10 09:32:35,0.47,0.6811,259,0.46,0.6666,25,0.44,0.6376,1,0.465,0.6739,8,0
IWM190913C153,2019-09-10,2019-09-10 09:32:36,0.48,0.6956,319,0.46,0.6666,254,0.44,0.6376,1,0.47,0.6811,8,0
IWM190913C153,2019-09-10,2019-09-10 09:32:37,0.46,0.6666,20,0.44,0.6376,266,0.44,0.6376,1,0.45,0.6521,8,0
IWM190913C153,2019-09-10,2019-09-10 09:32:37,0.46,0.6666,25,0.44,0.6376,59,0.44,0.6376,1,0.45,0.6521,8,0
IWM190913C153,2019-09-10,2019-09-10 09:32:38,0.46,0.6666,21,0.44,0.6376,177,0.44,0.6376,1,0.45,0.6521,8,0
IWM190913C153,2019-09-10,2019-09-10 09:32:38,0.46,0.6666,20,0.44,0.6376,328,0.44,0.6376,1,0.45,0.6521,8,0
IWM190913C153,2019-09-10,2019-09-10 09:32:39,0.47,0.6811,889,0.45,0.6521,90,0.44,0.6376,1,0.46,0.6666,8,0
IWM190913C153,2019-09-10,2019-09-10 09:32:39,0.46,0.6666,23,0.44,0.6376,29,0.44,0.6376,1,0.45,0.6521,8,0
IWM190913C153,2019-09-10,2019-09-10 09:32:40,0.46,0.6666,44,0.45,0.6521,20,0.44,0.6376,1,0.455,0.6594,8,0
IWM190913C153,2019-09-10,2019-09-10 09:32:40,0.46,0.6666,41,0.44,0.6376,165,0.44,0.6376,1,0.45,0.6521,8,0
IWM190913C153,2019-09-10,2019-09-10 09:32:41,0.46,0.6666,26,0.44,0.6376,210,0.44,0.6376,1,0.45,0.6521,8,0
IWM190913C153,2019-09-10,2019-09-10 09:32:41,0.46,0.6666,26,0.44,0.6376,331,0.44,0.6376,1,0.45,0.6521,8,0
IWM190913C153,2019-09-10,2019-09-10 09:32:42,0.46,0.6666,133,0.45,0.6521,25,0.44,0.6376,1,0.455,0.6594,8,0
IWM190913C153,2019-09-10,2019-09-10 09:32:42,0.46,0.6666,215,0.44,0.6376,336,0.44,0.6376,1,0.45,0.6521,8,0
IWM190913C153,2019-09-10,2019-09-10 09:32:43,0.46,0.6666,215,0.44,0.6376,657,0.44,0.6376,1,0.45,0.6521,8,0
IWM190913C153,2019-09-10,2019-09-10 09:32:43,0.46,0.6666,133,0.45,0.6521,86,0.44,0.6376,1,0.455,0.6594,8,0
IWM190913C153,2019-09-10,2019-09-10 09:32:44,0.46,0.6666,241,0.44,0.6376,698,0.44,0.6376,1,0.45,0.6521,8,0
IWM190913C153,2019-09-10,2019-09-10 09:32:44,0.46,0.6666,241,0.44,0.6376,604,0.44,0.6376,1,0.45,0.6521,8,0
IWM190913C153,2019-09-10,2019-09-10 09:32:45,0.46,0.6666,241,0.44,0.6376,604,0.44,0.6376,1,0.45,0.6521,8,0
IWM190913C153,2019-09-10,2019-09-10 09:32:46,0.46,0.6666,236,0.44,0.6376,604,0.44,0.6376,1,0.45,0.6521,8,0
IWM190913C153,2019-09-10,2019-09-10 09:32:47,0.46,0.6666,367,0.44,0.6376,10,0.44,0.6376,1,0.45,0.6521,8,0
IWM190913C153,2019-09-10,2019-09-10 09:32:47,0.46,0.6666,530,0.44,0.6376,1,0.44,0.6376,1,0.45,0.6521,8,0
IWM190913C153,2019-09-10,2019-09-10 09:32:48,0.45,0.6521,30,0.44,0.6376,1,0.44,0.6376,5,0.445,0.6449,13,5
IWM190913C153,2019-09-10,2019-09-10 09:32:48,0.45,0.6521,20,0.44,0.6376,1,0.44,0.6376,1,0.445,0.6449,8,0
IWM190913C153,2019-09-10,2019-09-10 09:32:49,0.45,0.6521,58,0.43,0.6231,200,0.44,0.6376,5,0.44,0.6376,13,0
IWM190913C153,2019-09-10,2019-09-10 09:32:49,0.45,0.6521,38,0.43,0.6231,303,0.44,0.6376,5,0.44,0.6376,13,0
IWM190913C153,2019-09-10,2019-09-10 09:32:50,0.45,0.6521,32,0.43,0.6231,231,0.44,0.6376,5,0.44,0.6376,13,0
IWM190913C153,2019-09-10,2019-09-10 09:32:50,0.46,0.6666,312,0.43,0.6231,213,0.44,0.6376,5,0.445,0.6449,13,0
IWM190913C153,2019-09-10,2019-09-10 09:32:51,0.46,0.6666,524,0.44,0.6376,188,0.44,0.6376,5,0.45,0.6521,13,0
IWM190913C153,2019-09-10,2019-09-10 09:32:52,0.46,0.6666,385,0.44,0.6376,191,0.44,0.6376,5,0.45,0.6521,13,0
IWM190913C153,2019-09-10,2019-09-10 09:32:52,0.46,0.6666,442,0.44,0.6376,150,0.44,0.6376,5,0.45,0.6521,13,0
IWM190913C153,2019-09-10,2019-09-10 09:32:53,0.46,0.6666,442,0.44,0.6376,210,0.44,0.6376,5,0.45,0.6521,13,0
IWM190913C153,2019-09-10,2019-09-10 09:32:53,0.46,0.6666,442,0.44,0.6376,295,0.44,0.6376,5,0.45,0.6521,13,0
IWM190913C153,2019-09-10,2019-09-10 09:32:54,0.46,0.6666,442,0.44,0.6376,210,0.44,0.6376,5,0.45,0.6521,13,0
IWM190913C153,2019-09-10,2019-09-10 09:32:55,0.46,0.6666,308,0.44,0.6376,292,0.44,0.6376,5,0.45,0.6521,13,0
IWM190913C153,2019-09-10,2019-09-10 09:32:55,0.46,0.6666,369,0.44,0.6376,284,0.44,0.6376,5,0.45,0.6521,13,0
IWM190913C153,2019-09-10,2019-09-10 09:32:56,0.46,0.6666,308,0.44,0.6376,292,0.44,0.6376,5,0.45,0.6521,13,0
IWM190913C153,2019-09-10,2019-09-10 09:32:56,0.45,0.6521,106,0.44,0.6376,142,0.44,0.6376,5,0.445,0.6449,13,0
IWM190913C153,2019-09-10,2019-09-10 09:32:57,0.46,0.6666,65,0.44,0.6376,202,0.44,0.6376,5,0.45,0.6521,13,0
IWM190913C153,2019-09-10,2019-09-10 09:32:57,0.45,0.6521,18,0.44,0.6376,202,0.44,0.6376,5,0.445,0.6449,13,0
IWM190913C153,2019-09-10,2019-09-10 09:32:58,0.47,0.6811,206,0.45,0.6521,150,0.44,0.6376,5,0.46,0.6666,13,0
IWM190913C153,2019-09-10,2019-09-10 09:32:58,0.46,0.6666,35,0.44,0.6376,274,0.44,0.6376,5,0.45,0.6521,13,0
IWM190913C153,2019-09-10,2019-09-10 09:32:59,0.47,0.6811,514,0.45,0.6521,210,0.44,0.6376,5,0.46,0.6666,13,0
IWM190913C153,2019-09-10,2019-09-10 09:32:59,0.47,0.6811,514,0.45,0.6521,150,0.44,0.6376,5,0.46,0.6666,13,0
IWM190913C153,2019-09-10,2019-09-10 09:33:00,0.47,0.6811,363,0.45,0.6521,271,0.44,0.6376,5,0.46,0.6666,13,0
IWM190913C153,2019-09-10,2019-09-10 09:33:00,0.48,0.6956,60,0.46,0.6666,79,0.44,0.6376,5,0.47,0.6811,13,0
IWM190913C153,2019-09-10,2019-09-10 09:33:01,0.48,0.6956,302,0.46,0.6666,353,0.44,0.6376,5,0.47,0.6811,13,0
IWM190913C153,2019-09-10,2019-09-10 09:33:01,0.48,0.6956,312,0.46,0.6666,247,0.44,0.6376,5,0.47,0.6811,13,0
IWM190913C153,2019-09-10,2019-09-10 09:33:02,0.48,0.6956,356,0.46,0.6666,230,0.44,0.6376,5,0.47,0.6811,13,0
IWM190913C153,2019-09-10,2019-09-10 09:33:02,0.48,0.6956,312,0.46,0.6666,230,0.44,0.6376,5,0.47,0.6811,13,0
IWM190913C153,2019-09-10,2019-09-10 09:33:03,0.49,0.7101,393,0.47,0.6811,36,0.44,0.6376,5,0.48,0.6956,13,0
IWM190913C153,2019-09-10,2019-09-10 09:33:03,0.49,0.7101,187,0.47,0.6811,150,0.44,0.6376,5,0.48,0.6956,13,0
IWM190913C153,2019-09-10,2019-09-10 09:33:04,0.49,0.7101,13,0.47,0.6811,302,0.44,0.6376,5,0.48,0.6956,13,0
IWM190913C153,2019-09-10,2019-09-10 09:33:04,0.5,0.7246,215,0.48,0.6956,151,0.44,0.6376,5,0.49,0.7101,13,0
IWM190913C153,2019-09-10,2019-09-10 09:33:05,0.5,0.7246,264,0.48,0.6956,209,0.44,0.6376,5,0.49,0.7101,13,0
IWM190913C153,2019-09-10,2019-09-10 09:33:06,0.49,0.7101,26,0.47,0.6811,263,0.44,0.6376,5,0.48,0.6956,13,0
IWM190913C153,2019-09-10,2019-09-10 09:33:06,0.5,0.7246,310,0.48,0.6956,356,0.44,0.6376,5,0.49,0.7101,13,0
IWM190913C153,2019-09-10,2019-09-10 09:33:07,0.48,0.6956,18,0.47,0.6811,184,0.44,0.6376,5,0.475,0.6884,13,0
IWM190913C153,2019-09-10,2019-09-10 09:33:08,0.49,0.7101,14,0.48,0.6956,155,0.44,0.6376,5,0.485,0.7028,13,0
IWM190913C153,2019-09-10,2019-09-10 09:33:08,0.49,0.7101,13,0.48,0.6956,121,0.44,0.6376,5,0.485,0.7028,13,0
IWM190913C153,2019-09-10,2019-09-10 09:33:09,0.5,0.7246,172,0.48,0.6956,441,0.44,0.6376,5,0.49,0.7101,13,0
IWM190913C153,2019-09-10,2019-09-10 09:33:09,0.5,0.7246,172,0.48,0.6956,271,0.44,0.6376,5,0.49,0.7101,13,0
IWM190913C153,2019-09-10,2019-09-10 09:33:10,0.5,0.7246,18,0.49,0.7101,25,0.44,0.6376,5,0.495,0.7173,13,0
IWM190913C153,2019-09-10,2019-09-10 09:33:11,0.5,0.7246,120,0.48,0.6956,390,0.44,0.6376,5,0.49,0.7101,13,0
IWM190913C153,2019-09-10,2019-09-10 09:33:11,0.5,0.7246,31,0.49,0.7101,36,0.44,0.6376,5,0.495,0.7173,13,0
IWM190913C153,2019-09-10,2019-09-10 09:33:12,0.5,0.7246,31,0.48,0.6956,396,0.44,0.6376,5,0.49,0.7101,13,0
IWM190913C153,2019-09-10,2019-09-10 09:33:12,0.5,0.7246,31,0.48,0.6956,367,0.44,0.6376,5,0.49,0.7101,13,0
IWM190913C153,2019-09-10,2019-09-10 09:33:13,0.5,0.7246,18,0.49,0.7101,76,0.44,0.6376,5,0.495,0.7173,13,0
IWM190913C153,2019-09-10,2019-09-10 09:33:13,0.5,0.7246,31,0.49,0.7101,144,0.44,0.6376,5,0.495,0.7173,13,0
IWM190913C153,2019-09-10,2019-09-10 09:33:14,0.5,0.7246,18,0.49,0.7101,145,0.44,0.6376,5,0.495,0.7173,13,0
IWM190913C153,2019-09-10,2019-09-10 09:33:14,0.5,0.7246,18,0.49,0.7101,149,0.44,0.6376,5,0.495,0.7173,13,0
IWM190913C153,2019-09-10,2019-09-10 09:33:15,0.5,0.7246,51,0.49,0.7101,58,0.44,0.6376,5,0.495,0.7173,13,0
IWM190913C153,2019-09-10,2019-09-10 09:33:15,0.5,0.7246,51,0.49,0.7101,88,0.44,0.6376,5,0.495,0.7173,13,0
IWM190913C153,2019-09-10,2019-09-10 09:33:16,0.5,0.7246,134,0.49,0.7101,58,0.44,0.6376,5,0.495,0.7173,13,0
IWM190913C153,2019-09-10,2019-09-10 09:33:17,0.5,0.7246,144,0.49,0.7101,58,0.44,0.6376,5,0.495,0.7173,13,0
IWM190913C153,2019-09-10,2019-09-10 09:33:18,0.5,0.7246,134,0.5,0.7246,13,0.44,0.6376,5,0.5,0.7246,13,0
IWM190913C153,2019-09-10,2019-09-10 09:33:18,0.51,0.7391,19,0.5,0.7246,109,0.44,0.6376,5,0.505,0.7318,13,0
IWM190913C153,2019-09-10,2019-09-10 09:33:19,0.51,0.7391,458,0.49,0.7101,316,0.44,0.6376,5,0.5,0.7246,13,0
IWM190913C153,2019-09-10,2019-09-10 09:33:19,0.51,0.7391,19,0.49,0.7101,176,0.44,0.6376,5,0.5,0.7246,13,0
IWM190913C153,2019-09-10,2019-09-10 09:33:20,0.51,0.7391,189,0.49,0.7101,92,0.44,0.6376,5,0.5,0.7246,13,0
IWM190913C153,2019-09-10,2019-09-10 09:33:20,0.51,0.7391,318,0.49,0.7101,151,0.44,0.6376,5,0.5,0.7246,13,0
IWM190913C153,2019-09-10,2019-09-10 09:33:21,0.51,0.7391,292,0.49,0.7101,334,0.44,0.6376,5,0.5,0.7246,13,0
IWM190913C153,2019-09-10,2019-09-10 09:33:21,0.51,0.7391,318,0.49,0.7101,141,0.44,0.6376,5,0.5,0.7246,13,0
IWM190913C153,2019-09-10,2019-09-10 09:33:22,0.51,0.7391,230,0.49,0.7101,362,0.44,0.6376,5,0.5,0.7246,13,0
IWM190913C153,2019-09-10,2019-09-10 09:33:23,0.51,0.7391,220,0.49,0.7101,676,0.44,0.6376,5,0.5,0.7246,13,0
IWM190913C153,2019-09-10,2019-09-10 09:33:23,0.51,0.7391,230,0.49,0.7101,325,0.44,0.6376,5,0.5,0.7246,13,0
IWM190913C153,2019-09-10,2019-09-10 09:33:24,0.51,0.7391,182,0.49,0.7101,265,0.44,0.6376,5,0.5,0.7246,13,0
IWM190913C153,2019-09-10,2019-09-10 09:33:24,0.51,0.7391,230,0.49,0.7101,455,0.44,0.6376,5,0.5,0.7246,13,0
IWM190913C153,2019-09-10,2019-09-10 09:33:25,0.51,0.7391,134,0.49,0.7101,344,0.44,0.6376,5,0.5,0.7246,13,0
IWM190913C153,2019-09-10,2019-09-10 09:33:25,0.51,0.7391,204,0.49,0.7101,313,0.44,0.6376,5,0.5,0.7246,13,0
IWM190913C153,2019-09-10,2019-09-10 09:33:26,0.51,0.7391,441,0.49,0.7101,332,0.44,0.6376,5,0.5,0.7246,13,0
IWM190913C153,2019-09-10,2019-09-10 09:33:26,0.51,0.7391,371,0.49,0.7101,332,0.44,0.6376,5,0.5,0.7246,13,0
IWM190913C153,2019-09-10,2019-09-10 09:33:27,0.51,0.7391,371,0.49,0.7101,332,0.44,0.6376,5,0.5,0.7246,13,0
IWM190913C153,2019-09-10,2019-09-10 09:33:28,0.5,0.7246,10,0.49,0.7101,52,0.44,0.6376,5,0.495,0.7173,13,0
IWM190913C153,2019-09-10,2019-09-10 09:33:28,0.5,0.7246,173,0.49,0.7101,52,0.44,0.6376,5,0.495,0.7173,13,0
IWM190913C153,2019-09-10,2019-09-10 09:33:29,0.5,0.7246,9,0.49,0.7101,159,0.44,0.6376,5,0.495,0.7173,13,0
IWM190913C153,2019-09-10,2019-09-10 09:33:29,0.5,0.7246,164,0.49,0.7101,159,0.44,0.6376,5,0.495,0.7173,13,0
IWM190913C153,2019-09-10,2019-09-10 09:33:30,0.5,0.7246,164,0.49,0.7101,186,0.44,0.6376,5,0.495,0.7173,13,0
IWM190913C153,2019-09-10,2019-09-10 09:33:30,0.5,0.7246,262,0.49,0.7101,186,0.44,0.6376,5,0.495,0.7173,13,0
IWM190913C153,2019-09-10,2019-09-10 09:33:31,0.5,0.7246,116,0.48,0.6956,627,0.44,0.6376,5,0.49,0.7101,13,0
IWM190913C153,2019-09-10,2019-09-10 09:33:31,0.5,0.7246,174,0.49,0.7101,177,0.44,0.6376,5,0.495,0.7173,13,0
IWM190913C153,2019-09-10,2019-09-10 09:33:32,0.5,0.7246,57,0.49,0.7101,177,0.44,0.6376,5,0.495,0.7173,13,0
IWM190913C153,2019-09-10,2019-09-10 09:33:32,0.5,0.7246,177,0.48,0.6956,244,0.44,0.6376,5,0.49,0.7101,13,0
IWM190913C153,2019-09-10,2019-09-10 09:33:33,0.5,0.7246,249,0.48,0.6956,738,0.44,0.6376,5,0.49,0.7101,13,0
IWM190913C153,2019-09-10,2019-09-10 09:33:33,0.5,0.7246,249,0.48,0.6956,609,0.44,0.6376,5,0.49,0.7101,13,0
IWM190913C153,2019-09-10,2019-09-10 09:33:34,0.5,0.7246,98,0.49,0.7101,116,0.44,0.6376,5,0.495,0.7173,13,0
IWM190913C153,2019-09-10,2019-09-10 09:33:34,0.5,0.7246,249,0.48,0.6956,657,0.44,0.6376,5,0.49,0.7101,13,0
IWM190913C153,2019-09-10,2019-09-10 09:33:35,0.51,0.7391,288,0.49,0.7101,278,0.44,0.6376,5,0.5,0.7246,13,0
IWM190913C153,2019-09-10,2019-09-10 09:33:35,0.51,0.7391,370,0.49,0.7101,278,0.44,0.6376,5,0.5,0.7246,13,0
IWM190913C153,2019-09-10,2019-09-10 09:33:36,0.51,0.7391,183,0.5,0.7246,25,0.44,0.6376,5,0.505,0.7318,13,0
IWM190913C153,2019-09-10,2019-09-10 09:33:36,0.51,0.7391,370,0.49,0.7101,278,0.44,0.6376,5,0.5,0.7246,13,0
IWM190913C153,2019-09-10,2019-09-10 09:33:37,0.51,0.7391,45,0.5,0.7246,11,0.44,0.6376,5,0.505,0.7318,13,0
IWM190913C153,2019-09-10,2019-09-10 09:33:37,0.51,0.7391,229,0.49,0.7101,375,0.44,0.6376,5,0.5,0.7246,13,0
IWM190913C153,2019-09-10,2019-09-10 09:33:38,0.51,0.7391,127,0.49,0.7101,312,0.44,0.6376,5,0.5,0.7246,13,0
IWM190913C153,2019-09-10,2019-09-10 09:33:38,0.51,0.7391,115,0.49,0.7101,446,0.44,0.6376,5,0.5,0.7246,13,0
IWM190913C153,2019-09-10,2019-09-10 09:33:39,0.51,0.7391,315,0.49,0.7101,412,0.44,0.6376,5,0.5,0.7246,13,0
IWM190913C153,2019-09-10,2019-09-10 09:33:39,0.51,0.7391,433,0.49,0.7101,412,0.44,0.6376,5,0.5,0.7246,13,0
IWM190913C153,2019-09-10,2019-09-10 09:33:40,0.51,0.7391,19,0.5,0.7246,25,0.44,0.6376,5,0.505,0.7318,13,0
IWM190913C153,2019-09-10,2019-09-10 09:33:40,0.51,0.7391,433,0.49,0.7101,412,0.44,0.6376,5,0.5,0.7246,13,0
IWM190913C153,2019-09-10,2019-09-10 09:33:41,0.5,0.7246,60,0.48,0.6956,163,0.44,0.6376,5,0.49,0.7101,13,0
IWM190913C153,2019-09-10,2019-09-10 09:33:42,0.49,0.7101,1,0.48,0.6956,163,0.44,0.6376,5,0.485,0.7028,13,0
IWM190913C153,2019-09-10,2019-09-10 09:33:42,0.49,0.7101,178,0.48,0.6956,163,0.44,0.6376,5,0.485,0.7028,13,0
IWM190913C153,2019-09-10,2019-09-10 09:33:43,0.49,0.7101,20,0.48,0.6956,163,0.44,0.6376,5,0.485,0.7028,13,0
IWM190913C153,2019-09-10,2019-09-10 09:33:43,0.49,0.7101,20,0.48,0.6956,354,0.44,0.6376,5,0.485,0.7028,13,0
IWM190913C153,2019-09-10,2019-09-10 09:33:44,0.5,0.7246,425,0.48,0.6956,106,0.44,0.6376,5,0.49,0.7101,13,0
IWM190913C153,2019-09-10,2019-09-10 09:33:44,0.5,0.7246,229,0.48,0.6956,106,0.44,0.6376,5,0.49,0.7101,13,0
IWM190913C153,2019-09-10,2019-09-10 09:33:45,0.5,0.7246,132,0.48,0.6956,344,0.44,0.6376,5,0.49,0.7101,13,0
IWM190913C153,2019-09-10,2019-09-10 09:33:45,0.5,0.7246,187,0.48,0.6956,315,0.44,0.6376,5,0.49,0.7101,13,0
IWM190913C153,2019-09-10,2019-09-10 09:33:46,0.49,0.7101,132,0.47,0.6811,121,0.44,0.6376,5,0.48,0.6956,13,0
IWM190913C153,2019-09-10,2019-09-10 09:33:46,0.49,0.7101,294,0.47,0.6811,189,0.44,0.6376,5,0.48,0.6956,13,0
IWM190913C153,2019-09-10,2019-09-10 09:33:47,0.48,0.6956,75,0.47,0.6811,315,0.44,0.6376,5,0.475,0.6884,13,0
IWM190913C153,2019-09-10,2019-09-10 09:33:47,0.48,0.6956,100,0.47,0.6811,375,0.44,0.6376,5,0.475,0.6884,13,0
IWM190913C153,2019-09-10,2019-09-10 09:33:48,0.49,0.7101,20,0.48,0.6956,13,0.44,0.6376,5,0.485,0.7028,13,0
IWM190913C153,2019-09-10,2019-09-10 09:33:48,0.49,0.7101,156,0.48,0.6956,13,0.44,0.6376,5,0.485,0.7028,13,0
IWM190913C153,2019-09-10,2019-09-10 09:33:49,0.49,0.7101,223,0.47,0.6811,497,0.44,0.6376,5,0.48,0.6956,13,0
IWM190913C153,2019-09-10,2019-09-10 09:33:49,0.49,0.7101,101,0.47,0.6811,144,0.44,0.6376,5,0.48,0.6956,13,0
IWM190913C153,2019-09-10,2019-09-10 09:33:50,0.49,0.7101,332,0.47,0.6811,359,0.44,0.6376,5,0.48,0.6956,13,0
IWM190913C153,2019-09-10,2019-09-10 09:33:50,0.49,0.7101,332,0.47,0.6811,193,0.44,0.6376,5,0.48,0.6956,13,0
IWM190913C153,2019-09-10,2019-09-10 09:33:51,0.49,0.7101,296,0.47,0.6811,340,0.44,0.6376,5,0.48,0.6956,13,0
IWM190913C153,2019-09-10,2019-09-10 09:33:51,0.49,0.7101,367,0.47,0.6811,340,0.44,0.6376,5,0.48,0.6956,13,0
IWM190913C153,2019-09-10,2019-09-10 09:33:52,0.49,0.7101,130,0.47,0.6811,236,0.44,0.6376,5,0.48,0.6956,13,0
IWM190913C153,2019-09-10,2019-09-10 09:33:52,0.49,0.7101,185,0.47,0.6811,352,0.44,0.6376,5,0.48,0.6956,13,0
IWM190913C153,2019-09-10,2019-09-10 09:33:53,0.49,0.7101,242,0.47,0.6811,313,0.44,0.6376,5,0.48,0.6956,13,0
IWM190913C153,2019-09-10,2019-09-10 09:33:53,0.49,0.7101,356,0.48,0.6956,13,0.44,0.6376,5,0.485,0.7028,13,0
IWM190913C153,2019-09-10,2019-09-10 09:33:54,0.48,0.6956,364,0.46,0.6666,319,0.44,0.6376,5,0.47,0.6811,13,0
IWM190913C153,2019-09-10,2019-09-10 09:33:54,0.48,0.6956,228,0.47,0.6811,13,0.44,0.6376,5,0.475,0.6884,13,0
IWM190913C153,2019-09-10,2019-09-10 09:33:55,0.47,0.6811,215,0.46,0.6666,54,0.44,0.6376,5,0.465,0.6739,13,0
IWM190913C153,2019-09-10,2019-09-10 09:33:55,0.48,0.6956,364,0.46,0.6666,57,0.44,0.6376,5,0.47,0.6811,13,0
IWM190913C153,2019-09-10,2019-09-10 09:33:56,0.47,0.6811,104,0.45,0.6521,189,0.44,0.6376,5,0.46,0.6666,13,0
IWM190913C153,2019-09-10,2019-09-10 09:33:56,0.47,0.6811,215,0.45,0.6521,317,0.44,0.6376,5,0.46,0.6666,13,0
IWM190913C153,2019-09-10,2019-09-10 09:33:57,0.47,0.6811,85,0.46,0.6666,13,0.44,0.6376,5,0.465,0.6739,13,0
IWM190913C153,2019-09-10,2019-09-10 09:33:57,0.47,0.6811,12,0.46,0.6666,59,0.44,0.6376,5,0.465,0.6739,13,0
IWM190913C153,2019-09-10,2019-09-10 09:33:58,0.48,0.6956,371,0.46,0.6666,365,0.44,0.6376,5,0.47,0.6811,13,0
IWM190913C153,2019-09-10,2019-09-10 09:33:58,0.48,0.6956,431,0.46,0.6666,126,0.44,0.6376,5,0.47,0.6811,13,0
IWM190913C153,2019-09-10,2019-09-10 09:33:59,0.48,0.6956,473,0.46,0.6666,227,0.44,0.6376,5,0.47,0.6811,13,0
IWM190913C153,2019-09-10,2019-09-10 09:34:00,0.48,0.6956,473,0.46,0.6666,341,0.44,0.6376,5,0.47,0.6811,13,0
IWM190913C153,2019-09-10,2019-09-10 09:34:00,0.48,0.6956,467,0.46,0.6666,195,0.44,0.6376,5,0.47,0.6811,13,0
IWM190913C153,2019-09-10,2019-09-10 09:34:01,0.48,0.6956,467,0.46,0.6666,195,0.44,0.6376,5,0.47,0.6811,13,0
IWM190913C153,2019-09-10,2019-09-10 09:34:02,0.47,0.6811,69,0.45,0.6521,409,0.44,0.6376,5,0.46,0.6666,13,0
IWM190913C153,2019-09-10,2019-09-10 09:34:02,0.47,0.6811,69,0.45,0.6521,392,0.44,0.6376,5,0.46,0.6666,13,0
IWM190913C153,2019-09-10,2019-09-10 09:34:03,0.47,0.6811,337,0.45,0.6521,497,0.44,0.6376,5,0.46,0.6666,13,0
IWM190913C153,2019-09-10,2019-09-10 09:34:03,0.47,0.6811,321,0.45,0.6521,473,0.44,0.6376,5,0.46,0.6666,13,0
IWM190913C153,2019-09-10,2019-09-10 09:34:04,0.47,0.6811,521,0.45,0.6521,56,0.44,0.6376,5,0.46,0.6666,13,0
IWM190913C153,2019-09-10,2019-09-10 09:34:05,0.47,0.6811,388,0.45,0.6521,56,0.44,0.6376,5,0.46,0.6666,13,0
IWM190913C153,2019-09-10,2019-09-10 09:34:05,0.47,0.6811,212,0.45,0.6521,284,0.44,0.6376,5,0.46,0.6666,13,0
IWM190913C153,2019-09-10,2019-09-10 09:34:06,0.47,0.6811,37,0.45,0.6521,427,0.44,0.6376,5,0.46,0.6666,13,0
IWM190913C153,2019-09-10,2019-09-10 09:34:06,0.47,0.6811,37,0.45,0.6521,494,0.44,0.6376,5,0.46,0.6666,13,0
IWM190913C153,2019-09-10,2019-09-10 09:34:07,0.47,0.6811,403,0.45,0.6521,56,0.44,0.6376,5,0.46,0.6666,13,0
IWM190913C153,2019-09-10,2019-09-10 09:34:07,0.47,0.6811,74,0.45,0.6521,56,0.44,0.6376,5,0.46,0.6666,13,0
IWM190913C153,2019-09-10,2019-09-10 09:34:08,0.47,0.6811,668,0.45,0.6521,107,0.44,0.6376,5,0.46,0.6666,13,0
IWM190913C153,2019-09-10,2019-09-10 09:34:08,0.47,0.6811,519,0.45,0.6521,81,0.44,0.6376,5,0.46,0.6666,13,0
IWM190913C153,2019-09-10,2019-09-10 09:34:09,0.47,0.6811,752,0.45,0.6521,86,0.44,0.6376,5,0.46,0.6666,13,0
IWM190913C153,2019-09-10,2019-09-10 09:34:09,0.47,0.6811,668,0.45,0.6521,107,0.44,0.6376,5,0.46,0.6666,13,0
IWM190913C153,2019-09-10,2019-09-10 09:34:10,0.47,0.6811,689,0.45,0.6521,107,0.44,0.6376,5,0.46,0.6666,13,0
IWM190913C153,2019-09-10,2019-09-10 09:34:10,0.47,0.6811,785,0.45,0.6521,107,0.44,0.6376,5,0.46,0.6666,13,0
IWM190913C153,2019-09-10,2019-09-10 09:34:11,0.47,0.6811,785,0.45,0.6521,99,0.44,0.6376,5,0.46,0.6666,13,0
IWM190913C153,2019-09-10,2019-09-10 09:34:11,0.47,0.6811,689,0.45,0.6521,107,0.44,0.6376,5,0.46,0.6666,13,0
IWM190913C153,2019-09-10,2019-09-10 09:34:12,0.46,0.6666,66,0.44,0.6376,527,0.44,0.6376,5,0.45,0.6521,13,0
IWM190913C153,2019-09-10,2019-09-10 09:34:13,0.45,0.6521,17,0.44,0.6376,48,0.44,0.6376,5,0.445,0.6449,13,0
IWM190913C153,2019-09-10,2019-09-10 09:34:13,0.46,0.6666,99,0.44,0.6376,76,0.44,0.6376,5,0.45,0.6521,13,0
IWM190913C153,2019-09-10,2019-09-10 09:34:14,0.45,0.6521,105,0.44,0.6376,71,0.44,0.6376,5,0.445,0.6449,13,0
IWM190913C153,2019-09-10,2019-09-10 09:34:14,0.46,0.6666,252,0.44,0.6376,84,0.44,0.6376,5,0.45,0.6521,13,0
IWM190913C153,2019-09-10,2019-09-10 09:34:15,0.46,0.6666,355,0.44,0.6376,242,0.44,0.6376,5,0.45,0.6521,13,0
IWM190913C153,2019-09-10,2019-09-10 09:34:15,0.46,0.6666,496,0.44,0.6376,242,0.44,0.6376,5,0.45,0.6521,13,0
IWM190913C153,2019-09-10,2019-09-10 09:34:16,0.46,0.6666,405,0.44,0.6376,321,0.44,0.6376,5,0.45,0.6521,13,0
IWM190913C153,2019-09-10,2019-09-10 09:34:16,0.46,0.6666,496,0.44,0.6376,300,0.44,0.6376,5,0.45,0.6521,13,0
IWM190913C153,2019-09-10,2019-09-10 09:34:17,0.46,0.6666,429,0.44,0.6376,321,0.44,0.6376,5,0.45,0.6521,13,0
IWM190913C153,2019-09-10,2019-09-10 09:34:18,0.46,0.6666,489,0.44,0.6376,230,0.44,0.6376,5,0.45,0.6521,13,0
IWM190913C153,2019-09-10,2019-09-10 09:34:18,0.46,0.6666,411,0.44,0.6376,70,0.44,0.6376,5,0.45,0.6521,13,0
IWM190913C153,2019-09-10,2019-09-10 09:34:19,0.46,0.6666,605,0.44,0.6376,96,0.44,0.6376,5,0.45,0.6521,13,0
IWM190913C153,2019-09-10,2019-09-10 09:34:19,0.46,0.6666,605,0.44,0.6376,71,0.44,0.6376,5,0.45,0.6521,13,0
IWM190913C153,2019-09-10,2019-09-10 09:34:20,0.46,0.6666,509,0.44,0.6376,84,0.44,0.6376,5,0.45,0.6521,13,0
IWM190913C153,2019-09-10,2019-09-10 09:34:20,0.46,0.6666,509,0.44,0.6376,98,0.44,0.6376,5,0.45,0.6521,13,0
IWM190913C153,2019-09-10,2019-09-10 09:34:21,0.47,0.6811,193,0.44,0.6376,14,0.44,0.6376,5,0.455,0.6594,13,0
IWM190913C153,2019-09-10,2019-09-10 09:34:21,0.46,0.6666,380,0.44,0.6376,127,0.44,0.6376,5,0.45,0.6521,13,0
IWM190913C153,2019-09-10,2019-09-10 09:34:22,0.45,0.6521,77,0.43,0.6231,353,0.44,0.6376,5,0.44,0.6376,13,0
IWM190913C153,2019-09-10,2019-09-10 09:34:22,0.45,0.6521,36,0.43,0.6231,353,0.44,0.6376,5,0.44,0.6376,13,0
IWM190913C153,2019-09-10,2019-09-10 09:34:23,0.45,0.6521,377,0.43,0.6231,169,0.44,0.6376,5,0.44,0.6376,13,0
IWM190913C153,2019-09-10,2019-09-10 09:34:23,0.45,0.6521,408,0.43,0.6231,94,0.44,0.6376,5,0.44,0.6376,13,0
IWM190913C153,2019-09-10,2019-09-10 09:34:24,0.45,0.6521,325,0.43,0.6231,154,0.44,0.6376,5,0.44,0.6376,13,0
IWM190913C153,2019-09-10,2019-09-10 09:34:24,0.45,0.6521,460,0.43,0.6231,94,0.44,0.6376,5,0.44,0.6376,13,0
IWM190913C153,2019-09-10,2019-09-10 09:34:25,0.45,0.6521,223,0.43,0.6231,293,0.44,0.6376,5,0.44,0.6376,13,0
IWM190913C153,2019-09-10,2019-09-10 09:34:25,0.45,0.6521,552,0.43,0.6231,154,0.44,0.6376,5,0.44,0.6376,13,0
IWM190913C153,2019-09-10,2019-09-10 09:34:26,0.45,0.6521,45,0.43,0.6231,255,0.44,0.6376,5,0.44,0.6376,13,0
IWM190913C153,2019-09-10,2019-09-10 09:34:26,0.45,0.6521,31,0.43,0.6231,327,0.44,0.6376,5,0.44,0.6376,13,0
IWM190913C153,2019-09-10,2019-09-10 09:34:27,0.45,0.6521,180,0.43,0.6231,327,0.44,0.6376,5,0.44,0.6376,13,0
IWM190913C153,2019-09-10,2019-09-10 09:34:27,0.45,0.6521,76,0.44,0.6376,64,0.44,0.6376,5,0.445,0.6449,13,0
IWM190913C153,2019-09-10,2019-09-10 09:34:28,0.46,0.6666,502,0.44,0.6376,103,0.44,0.6376,5,0.45,0.6521,13,0
IWM190913C153,2019-09-10,2019-09-10 09:34:29,0.46,0.6666,16,0.44,0.6376,197,0.44,0.6376,5,0.45,0.6521,13,0
IWM190913C153,2019-09-10,2019-09-10 09:34:29,0.46,0.6666,389,0.44,0.6376,197,0.44,0.6376,5,0.45,0.6521,13,0
IWM190913C153,2019-09-10,2019-09-10 09:34:30,0.47,0.6811,489,0.45,0.6521,173,0.44,0.6376,5,0.46,0.6666,13,0
IWM190913C153,2019-09-10,2019-09-10 09:34:30,0.47,0.6811,421,0.45,0.6521,86,0.44,0.6376,5,0.46,0.6666,13,0
IWM190913C153,2019-09-10,2019-09-10 09:34:31,0.46,0.6666,10,0.45,0.6521,85,0.44,0.6376,5,0.455,0.6594,13,0
IWM190913C153,2019-09-10,2019-09-10 09:34:31,0.47,0.6811,593,0.45,0.6521,64,0.44,0.6376,5,0.46,0.6666,13,0
IWM190913C153,2019-09-10,2019-09-10 09:34:32,0.47,0.6811,457,0.45,0.6521,78,0.44,0.6376,5,0.46,0.6666,13,0
IWM190913C153,2019-09-10,2019-09-10 09:34:33,0.47,0.6811,476,0.45,0.6521,188,0.44,0.6376,5,0.46,0.6666,13,0
IWM190913C153,2019-09-10,2019-09-10 09:34:34,0.47,0.6811,494,0.45,0.6521,98,0.44,0.6376,5,0.46,0.6666,13,0
IWM190913C153,2019-09-10,2019-09-10 09:34:34,0.47,0.6811,574,0.45,0.6521,98,0.44,0.6376,5,0.46,0.6666,13,0
IWM190913C153,2019-09-10,2019-09-10 09:34:35,0.47,0.6811,471,0.45,0.6521,237,0.44,0.6376,5,0.46,0.6666,13,0
IWM190913C153,2019-09-10,2019-09-10 09:34:35,0.47,0.6811,494,0.45,0.6521,98,0.44,0.6376,5,0.46,0.6666,13,0
IWM190913C153,2019-09-10,2019-09-10 09:34:36,0.47,0.6811,349,0.45,0.6521,212,0.44,0.6376,5,0.46,0.6666,13,0
IWM190913C153,2019-09-10,2019-09-10 09:34:36,0.47,0.6811,471,0.45,0.6521,229,0.44,0.6376,5,0.46,0.6666,13,0
IWM190913C153,2019-09-10,2019-09-10 09:34:37,0.47,0.6811,349,0.45,0.6521,511,0.44,0.6376,5,0.46,0.6666,13,0
IWM190913C153,2019-09-10,2019-09-10 09:34:37,0.47,0.6811,309,0.45,0.6521,511,0.44,0.6376,5,0.46,0.6666,13,0
IWM190913C153,2019-09-10,2019-09-10 09:34:38,0.47,0.6811,309,0.46,0.6666,35,0.44,0.6376,5,0.465,0.6739,13,0
IWM190913C153,2019-09-10,2019-09-10 09:34:38,0.47,0.6811,37,0.46,0.6666,35,0.44,0.6376,5,0.465,0.6739,13,0
IWM190913C153,2019-09-10,2019-09-10 09:34:39,0.48,0.6956,557,0.46,0.6666,94,0.44,0.6376,5,0.47,0.6811,13,0
IWM190913C153,2019-09-10,2019-09-10 09:34:40,0.47,0.6811,156,0.46,0.6666,139,0.44,0.6376,5,0.465,0.6739,13,0
IWM190913C153,2019-09-10,2019-09-10 09:34:40,0.48,0.6956,557,0.46,0.6666,94,0.44,0.6376,5,0.47,0.6811,13,0
IWM190913C153,2019-09-10,2019-09-10 09:34:41,0.47,0.6811,67,0.46,0.6666,19,0.44,0.6376,5,0.465,0.6739,13,0
IWM190913C153,2019-09-10,2019-09-10 09:34:41,0.47,0.6811,138,0.45,0.6521,205,0.44,0.6376,5,0.46,0.6666,13,0
IWM190913C153,2019-09-10,2019-09-10 09:34:42,0.47,0.6811,520,0.45,0.6521,191,0.44,0.6376,5,0.46,0.6666,13,0
IWM190913C153,2019-09-10,2019-09-10 09:34:42,0.47,0.6811,437,0.45,0.6521,205,0.44,0.6376,5,0.46,0.6666,13,0
IWM190913C153,2019-09-10,2019-09-10 09:34:43,0.47,0.6811,520,0.45,0.6521,134,0.44,0.6376,5,0.46,0.6666,13,0
IWM190913C153,2019-09-10,2019-09-10 09:34:43,0.47,0.6811,777,0.45,0.6521,25,0.44,0.6376,5,0.46,0.6666,13,0
IWM190913C153,2019-09-10,2019-09-10 09:34:44,0.46,0.6666,205,0.45,0.6521,132,0.44,0.6376,5,0.455,0.6594,13,0
IWM190913C153,2019-09-10,2019-09-10 09:34:44,0.46,0.6666,18,0.45,0.6521,162,0.44,0.6376,5,0.455,0.6594,13,0
IWM190913C153,2019-09-10,2019-09-10 09:34:45,0.47,0.6811,69,0.45,0.6521,106,0.44,0.6376,5,0.46,0.6666,13,0
IWM190913C153,2019-09-10,2019-09-10 09:34:46,0.47,0.6811,479,0.45,0.6521,353,0.44,0.6376,5,0.46,0.6666,13,0
IWM190913C153,2019-09-10,2019-09-10 09:34:46,0.47,0.6811,283,0.45,0.6521,160,0.44,0.6376,5,0.46,0.6666,13,0
IWM190913C153,2019-09-10,2019-09-10 09:34:47,0.47,0.6811,784,0.45,0.6521,99,0.44,0.6376,5,0.46,0.6666,13,0
IWM190913C153,2019-09-10,2019-09-10 09:34:47,0.46,0.6666,44,0.45,0.6521,99,0.44,0.6376,5,0.455,0.6594,13,0
IWM190913C153,2019-09-10,2019-09-10 09:34:48,0.46,0.6666,44,0.45,0.6521,99,0.44,0.6376,5,0.455,0.6594,13,0
IWM190913C153,2019-09-10,2019-09-10 09:34:48,0.46,0.6666,72,0.45,0.6521,120,0.44,0.6376,5,0.455,0.6594,13,0
IWM190913C153,2019-09-10,2019-09-10 09:34:49,0.47,0.6811,353,0.45,0.6521,238,0.44,0.6376,5,0.46,0.6666,13,0
IWM190913C153,2019-09-10,2019-09-10 09:34:49,0.47,0.6811,324,0.45,0.6521,136,0.44,0.6376,5,0.46,0.6666,13,0
IWM190913C153,2019-09-10,2019-09-10 09:34:50,0.47,0.6811,386,0.45,0.6521,206,0.44,0.6376,5,0.46,0.6666,13,0
IWM190913C153,2019-09-10,2019-09-10 09:34:50,0.47,0.6811,479,0.45,0.6521,180,0.44,0.6376,5,0.46,0.6666,13,0
IWM190913C153,2019-09-10,2019-09-10 09:34:51,0.47,0.6811,386,0.45,0.6521,271,0.44,0.6376,5,0.46,0.6666,13,0
IWM190913C153,2019-09-10,2019-09-10 09:34:51,0.47,0.6811,291,0.45,0.6521,474,0.44,0.6376,5,0.46,0.6666,13,0
IWM190913C153,2019-09-10,2019-09-10 09:34:52,0.47,0.6811,71,0.45,0.6521,474,0.44,0.6376,5,0.46,0.6666,13,0
IWM190913C153,2019-09-10,2019-09-10 09:34:52,0.48,0.6956,332,0.46,0.6666,167,0.44,0.6376,5,0.47,0.6811,13,0
IWM190913C153,2019-09-10,2019-09-10 09:34:53,0.48,0.6956,393,0.46,0.6666,193,0.44,0.6376,5,0.47,0.6811,13,0
IWM190913C153,2019-09-10,2019-09-10 09:34:53,0.48,0.6956,364,0.46,0.6666,180,0.44,0.6376,5,0.47,0.6811,13,0
IWM190913C153,2019-09-10,2019-09-10 09:34:54,0.48,0.6956,393,0.46,0.6666,327,0.44,0.6376,5,0.47,0.6811,13,0
IWM190913C153,2019-09-10,2019-09-10 09:34:54,0.47,0.6811,385,0.46,0.6666,327,0.44,0.6376,5,0.465,0.6739,13,0
IWM190913C153,2019-09-10,2019-09-10 09:34:55,0.47,0.6811,233,0.45,0.6521,529,0.44,0.6376,5,0.46,0.6666,13,0
IWM190913C153,2019-09-10,2019-09-10 09:34:55,0.47,0.6811,263,0.46,0.6666,138,0.44,0.6376,5,0.465,0.6739,13,0
IWM190913C153,2019-09-10,2019-09-10 09:34:56,0.48,0.6956,263,0.46,0.6666,132,0.44,0.6376,5,0.47,0.6811,13,0
IWM190913C153,2019-09-10,2019-09-10 09:34:56,0.48,0.6956,263,0.46,0.6666,344,0.44,0.6376,5,0.47,0.6811,13,0
IWM190913C153,2019-09-10,2019-09-10 09:34:57,0.48,0.6956,415,0.46,0.6666,344,0.44,0.6376,5,0.47,0.6811,13,0
IWM190913C153,2019-09-10,2019-09-10 09:34:57,0.48,0.6956,263,0.46,0.6666,344,0.44,0.6376,5,0.47,0.6811,13,0
IWM190913C153,2019-09-10,2019-09-10 09:34:58,0.48,0.6956,306,0.46,0.6666,344,0.44,0.6376,5,0.47,0.6811,13,0
IWM190913C153,2019-09-10,2019-09-10 09:34:58,0.48,0.6956,321,0.46,0.6666,374,0.44,0.6376,5,0.47,0.6811,13,0
IWM190913C153,2019-09-10,2019-09-10 09:34:59,0.48,0.6956,440,0.46,0.6666,330,0.44,0.6376,5,0.47,0.6811,13,0
IWM190913C153,2019-09-10,2019-09-10 09:34:59,0.48,0.6956,440,0.46,0.6666,255,0.44,0.6376,5,0.47,0.6811,13,0
IWM190913C153,2019-09-10,2019-09-10 09:35:00,0.46,0.6666,20,0.44,0.6376,80,0.44,0.6376,5,0.45,0.6521,13,0
IWM190913C153,2019-09-10,2019-09-10 09:35:00,0.45,0.6521,38,0.44,0.6376,108,0.44,0.6376,5,0.445,0.6449,13,0
IWM190913C153,2019-09-10,2019-09-10 09:35:01,0.46,0.6666,47,0.44,0.6376,94,0.44,0.6376,5,0.45,0.6521,13,0
IWM190913C153,2019-09-10,2019-09-10 09:35:01,0.46,0.6666,26,0.44,0.6376,232,0.44,0.6376,5,0.45,0.6521,13,0
IWM190913C153,2019-09-10,2019-09-10 09:35:02,0.46,0.6666,129,0.44,0.6376,100,0.44,0.6376,5,0.45,0.6521,13,0
IWM190913C153,2019-09-10,2019-09-10 09:35:02,0.46,0.6666,26,0.45,0.6521,20,0.44,0.6376,5,0.455,0.6594,13,0
IWM190913C153,2019-09-10,2019-09-10 09:35:03,0.46,0.6666,129,0.44,0.6376,169,0.44,0.6376,5,0.45,0.6521,13,0
IWM190913C153,2019-09-10,2019-09-10 09:35:03,0.46,0.6666,115,0.44,0.6376,89,0.44,0.6376,5,0.45,0.6521,13,0
IWM190913C153,2019-09-10,2019-09-10 09:35:04,0.46,0.6666,341,0.45,0.6521,32,0.44,0.6376,5,0.455,0.6594,13,0
IWM190913C153,2019-09-10,2019-09-10 09:35:04,0.46,0.6666,342,0.44,0.6376,224,0.44,0.6376,5,0.45,0.6521,13,0
IWM190913C153,2019-09-10,2019-09-10 09:35:05,0.46,0.6666,325,0.44,0.6376,210,0.44,0.6376,5,0.45,0.6521,13,0
IWM190913C153,2019-09-10,2019-09-10 09:35:06,0.47,0.6811,269,0.45,0.6521,333,0.44,0.6376,5,0.46,0.6666,13,0
IWM190913C153,2019-09-10,2019-09-10 09:35:06,0.46,0.6666,16,0.44,0.6376,210,0.44,0.6376,5,0.45,0.6521,13,0
IWM190913C153,2019-09-10,2019-09-10 09:35:07,0.47,0.6811,316,0.45,0.6521,246,0.44,0.6376,5,0.46,0.6666,13,0
IWM190913C153,2019-09-10,2019-09-10 09:35:07,0.47,0.6811,386,0.45,0.6521,333,0.44,0.6376,5,0.46,0.6666,13,0
IWM190913C153,2019-09-10,2019-09-10 09:35:08,0.45,0.6521,155,0.43,0.6231,465,0.44,0.6376,5,0.44,0.6376,13,0
IWM190913C153,2019-09-10,2019-09-10 09:35:08,0.45,0.6521,12,0.44,0.6376,54,0.44,0.6376,5,0.445,0.6449,13,0
IWM190913C153,2019-09-10,2019-09-10 09:35:09,0.45,0.6521,270,0.43,0.6231,392,0.44,0.6376,5,0.44,0.6376,13,0
IWM190913C153,2019-09-10,2019-09-10 09:35:09,0.45,0.6521,280,0.43,0.6231,100,0.44,0.6376,5,0.44,0.6376,13,0
IWM190913C153,2019-09-10,2019-09-10 09:35:10,0.45,0.6521,329,0.43,0.6231,185,0.44,0.6376,5,0.44,0.6376,13,0
IWM190913C153,2019-09-10,2019-09-10 09:35:10,0.45,0.6521,397,0.43,0.6231,392,0.44,0.6376,5,0.44,0.6376,13,0
IWM190913C153,2019-09-10,2019-09-10 09:35:11,0.44,0.6376,158,0.43,0.6231,39,0.44,0.6376,5,0.435,0.6304,13,0
IWM190913C153,2019-09-10,2019-09-10 09:35:11,0.44,0.6376,158,0.43,0.6231,65,0.44,0.6376,5,0.435,0.6304,13,0
IWM190913C153,2019-09-10,2019-09-10 09:35:12,0.45,0.6521,338,0.43,0.6231,199,0.44,0.6376,5,0.44,0.6376,13,0
IWM190913C153,2019-09-10,2019-09-10 09:35:12,0.45,0.6521,469,0.43,0.6231,330,0.44,0.6376,5,0.44,0.6376,13,0
IWM190913C153,2019-09-10,2019-09-10 09:35:13,0.45,0.6521,54,0.44,0.6376,47,0.44,0.6376,5,0.445,0.6449,13,0
IWM190913C153,2019-09-10,2019-09-10 09:35:13,0.45,0.6521,352,0.43,0.6231,330,0.44,0.6376,5,0.44,0.6376,13,0
IWM190913C153,2019-09-10,2019-09-10 09:35:14,0.45,0.6521,106,0.44,0.6376,20,0.44,0.6376,5,0.445,0.6449,13,0
IWM190913C153,2019-09-10,2019-09-10 09:35:14,0.45,0.6521,57,0.44,0.6376,20,0.44,0.6376,5,0.445,0.6449,13,0
IWM190913C153,2019-09-10,2019-09-10 09:35:15,0.45,0.6521,67,0.44,0.6376,20,0.44,0.6376,5,0.445,0.6449,13,0
IWM190913C153,2019-09-10,2019-09-10 09:35:15,0.45,0.6521,67,0.44,0.6376,129,0.44,0.6376,5,0.445,0.6449,13,0
IWM190913C153,2019-09-10,2019-09-10 09:35:16,0.46,0.6666,304,0.44,0.6376,161,0.44,0.6376,5,0.45,0.6521,13,0
IWM190913C153,2019-09-10,2019-09-10 09:35:16,0.46,0.6666,97,0.44,0.6376,161,0.44,0.6376,5,0.45,0.6521,13,0
IWM190913C153,2019-09-10,2019-09-10 09:35:17,0.46,0.6666,609,0.44,0.6376,164,0.44,0.6376,5,0.45,0.6521,13,0
IWM190913C153,2019-09-10,2019-09-10 09:35:17,0.46,0.6666,191,0.44,0.6376,164,0.44,0.6376,5,0.45,0.6521,13,0
IWM190913C153,2019-09-10,2019-09-10 09:35:18,0.46,0.6666,803,0.44,0.6376,117,0.44,0.6376,5,0.45,0.6521,13,0
IWM190913C153,2019-09-10,2019-09-10 09:35:18,0.46,0.6666,466,0.44,0.6376,112,0.44,0.6376,5,0.45,0.6521,13,0
IWM190913C153,2019-09-10,2019-09-10 09:35:19,0.46,0.6666,71,0.45,0.6521,29,0.44,0.6376,5,0.455,0.6594,13,0
IWM190913C153,2019-09-10,2019-09-10 09:35:19,0.46,0.6666,108,0.45,0.6521,43,0.44,0.6376,5,0.455,0.6594,13,0
IWM190913C153,2019-09-10,2019-09-10 09:35:20,0.46,0.6666,112,0.45,0.6521,29,0.44,0.6376,5,0.455,0.6594,13,0
IWM190913C153,2019-09-10,2019-09-10 09:35:21,0.47,0.6811,498,0.45,0.6521,77,0.44,0.6376,5,0.46,0.6666,13,0
IWM190913C153,2019-09-10,2019-09-10 09:35:21,0.47,0.6811,363,0.45,0.6521,88,0.44,0.6376,5,0.46,0.6666,13,0
IWM190913C153,2019-09-10,2019-09-10 09:35:22,0.47,0.6811,525,0.45,0.6521,86,0.44,0.6376,5,0.46,0.6666,13,0
IWM190913C153,2019-09-10,2019-09-10 09:35:22,0.47,0.6811,525,0.45,0.6521,106,0.44,0.6376,5,0.46,0.6666,13,0
IWM190913C153,2019-09-10,2019-09-10 09:35:23,0.46,0.6666,149,0.45,0.6521,41,0.44,0.6376,5,0.455,0.6594,13,0
IWM190913C153,2019-09-10,2019-09-10 09:35:23,0.47,0.6811,18,0.46,0.6666,60,0.44,0.6376,5,0.465,0.6739,13,0
IWM190913C153,2019-09-10,2019-09-10 09:35:24,0.48,0.6956,499,0.46,0.6666,240,0.44,0.6376,5,0.47,0.6811,13,0
IWM190913C153,2019-09-10,2019-09-10 09:35:24,0.48,0.6956,381,0.46,0.6666,154,0.44,0.6376,5,0.47,0.6811,13,0
IWM190913C153,2019-09-10,2019-09-10 09:35:25,0.48,0.6956,499,0.46,0.6666,242,0.44,0.6376,5,0.47,0.6811,13,0
IWM190913C153,2019-09-10,2019-09-10 09:35:25,0.48,0.6956,500,0.46,0.6666,338,0.44,0.6376,5,0.47,0.6811,13,0
IWM190913C153,2019-09-10,2019-09-10 09:35:26,0.48,0.6956,445,0.46,0.6666,404,0.44,0.6376,5,0.47,0.6811,13,0
IWM190913C153,2019-09-10,2019-09-10 09:35:26,0.48,0.6956,443,0.47,0.6811,28,0.44,0.6376,5,0.475,0.6884,13,0
IWM190913C153,2019-09-10,2019-09-10 09:35:27,0.48,0.6956,272,0.47,0.6811,25,0.44,0.6376,5,0.475,0.6884,13,0
IWM190913C153,2019-09-10,2019-09-10 09:35:27,0.48,0.6956,272,0.47,0.6811,45,0.44,0.6376,5,0.475,0.6884,13,0
IWM190913C153,2019-09-10,2019-09-10 09:35:28,0.48,0.6956,819,0.46,0.6666,13,0.44,0.6376,5,0.47,0.6811,13,0
IWM190913C153,2019-09-10,2019-09-10 09:35:28,0.48,0.6956,461,0.46,0.6666,27,0.44,0.6376,5,0.47,0.6811,13,0
IWM190913C153,2019-09-10,2019-09-10 09:35:29,0.48,0.6956,819,0.46,0.6666,68,0.44,0.6376,5,0.47,0.6811,13,0
IWM190913C153,2019-09-10,2019-09-10 09:35:29,0.48,0.6956,819,0.46,0.6666,90,0.44,0.6376,5,0.47,0.6811,13,0
IWM190913C153,2019-09-10,2019-09-10 09:35:30,0.48,0.6956,647,0.46,0.6666,217,0.44,0.6376,5,0.47,0.6811,13,0
IWM190913C153,2019-09-10,2019-09-10 09:35:30,0.48,0.6956,675,0.46,0.6666,356,0.44,0.6376,5,0.47,0.6811,13,0
IWM190913C153,2019-09-10,2019-09-10 09:35:31,0.48,0.6956,324,0.46,0.6666,231,0.44,0.6376,5,0.47,0.6811,13,0
IWM190913C153,2019-09-10,2019-09-10 09:35:31,0.48,0.6956,166,0.47,0.6811,51,0.44,0.6376,5,0.475,0.6884,13,0
IWM190913C153,2019-09-10,2019-09-10 09:35:32,0.49,0.7101,423,0.47,0.6811,91,0.44,0.6376,5,0.48,0.6956,13,0
IWM190913C153,2019-09-10,2019-09-10 09:35:32,0.48,0.6956,20,0.47,0.6811,91,0.44,0.6376,5,0.475,0.6884,13,0
IWM190913C153,2019-09-10,2019-09-10 09:35:33,0.49,0.7101,252,0.48,0.6956,13,0.44,0.6376,5,0.485,0.7028,13,0
IWM190913C153,2019-09-10,2019-09-10 09:35:33,0.49,0.7101,530,0.47,0.6811,112,0.44,0.6376,5,0.48,0.6956,13,0
IWM190913C153,2019-09-10,2019-09-10 09:35:34,0.49,0.7101,260,0.48,0.6956,25,0.44,0.6376,5,0.485,0.7028,13,0
IWM190913C153,2019-09-10,2019-09-10 09:35:34,0.49,0.7101,42,0.48,0.6956,25,0.44,0.6376,5,0.485,0.7028,13,0
IWM190913C153,2019-09-10,2019-09-10 09:35:35,0.5,0.7246,569,0.48,0.6956,32,0.44,0.6376,5,0.49,0.7101,13,0
IWM190913C153,2019-09-10,2019-09-10 09:35:35,0.5,0.7246,488,0.48,0.6956,32,0.44,0.6376,5,0.49,0.7101,13,0
IWM190913C153,2019-09-10,2019-09-10 09:35:36,0.49,0.7101,236,0.48,0.6956,37,0.44,0.6376,5,0.485,0.7028,13,0
IWM190913C153,2019-09-10,2019-09-10 09:35:36,0.5,0.7246,569,0.48,0.6956,32,0.44,0.6376,5,0.49,0.7101,13,0
IWM190913C153,2019-09-10,2019-09-10 09:35:37,0.49,0.7101,23,0.48,0.6956,99,0.44,0.6376,5,0.485,0.7028,13,0
IWM190913C153,2019-09-10,2019-09-10 09:35:37,0.49,0.7101,84,0.48,0.6956,37,0.44,0.6376,5,0.485,0.7028,13,0
IWM190913C153,2019-09-10,2019-09-10 09:35:38,0.49,0.7101,170,0.48,0.6956,109,0.44,0.6376,5,0.485,0.7028,13,0
IWM190913C153,2019-09-10,2019-09-10 09:35:38,0.49,0.7101,30,0.48,0.6956,70,0.44,0.6376,5,0.485,0.7028,13,0
IWM190913C153,2019-09-10,2019-09-10 09:35:39,0.48,0.6956,13,0.47,0.6811,20,0.44,0.6376,5,0.475,0.6884,13,0
IWM190913C153,2019-09-10,2019-09-10 09:35:39,0.49,0.7101,30,0.48,0.6956,46,0.44,0.6376,5,0.485,0.7028,13,0
IWM190913C153,2019-09-10,2019-09-10 09:35:40,0.49,0.7101,356,0.47,0.6811,165,0.44,0.6376,5,0.48,0.6956,13,0
IWM190913C153,2019-09-10,2019-09-10 09:35:41,0.5,0.7246,123,0.48,0.6956,91,0.44,0.6376,5,0.49,0.7101,13,0
IWM190913C153,2019-09-10,2019-09-10 09:35:41,0.49,0.7101,280,0.48,0.6956,24,0.44,0.6376,5,0.485,0.7028,13,0
IWM190913C153,2019-09-10,2019-09-10 09:35:42,0.5,0.7246,224,0.49,0.7101,13,0.44,0.6376,5,0.495,0.7173,13,0
IWM190913C153,2019-09-10,2019-09-10 09:35:42,0.5,0.7246,205,0.49,0.7101,49,0.44,0.6376,5,0.495,0.7173,13,0
IWM190913C153,2019-09-10,2019-09-10 09:35:43,0.51,0.7391,625,0.49,0.7101,55,0.44,0.6376,5,0.5,0.7246,13,0
IWM190913C153,2019-09-10,2019-09-10 09:35:43,0.51,0.7391,529,0.49,0.7101,78,0.44,0.6376,5,0.5,0.7246,13,0
IWM190913C153,2019-09-10,2019-09-10 09:35:44,0.51,0.7391,587,0.49,0.7101,61,0.44,0.6376,5,0.5,0.7246,13,0
IWM190913C153,2019-09-10,2019-09-10 09:35:44,0.5,0.7246,298,0.48,0.6956,190,0.44,0.6376,5,0.49,0.7101,13,0
IWM190913C153,2019-09-10,2019-09-10 09:35:45,0.5,0.7246,15,0.49,0.7101,54,0.44,0.6376,5,0.495,0.7173,13,0
IWM190913C153,2019-09-10,2019-09-10 09:35:45,0.5,0.7246,306,0.49,0.7101,101,0.44,0.6376,5,0.495,0.7173,13,0
IWM190913C153,2019-09-10,2019-09-10 09:35:46,0.5,0.7246,35,0.48,0.6956,207,0.44,0.6376,5,0.49,0.7101,13,0
IWM190913C153,2019-09-10,2019-09-10 09:35:47,0.5,0.7246,516,0.48,0.6956,53,0.44,0.6376,5,0.49,0.7101,13,0
IWM190913C153,2019-09-10,2019-09-10 09:35:47,0.5,0.7246,360,0.48,0.6956,53,0.44,0.6376,5,0.49,0.7101,13,0
IWM190913C153,2019-09-10,2019-09-10 09:35:48,0.5,0.7246,395,0.48,0.6956,94,0.44,0.6376,5,0.49,0.7101,13,0
IWM190913C153,2019-09-10,2019-09-10 09:35:48,0.5,0.7246,395,0.48,0.6956,84,0.44,0.6376,5,0.49,0.7101,13,0
IWM190913C153,2019-09-10,2019-09-10 09:35:49,0.5,0.7246,438,0.48,0.6956,75,0.44,0.6376,5,0.49,0.7101,13,0
IWM190913C153,2019-09-10,2019-09-10 09:35:50,0.5,0.7246,438,0.48,0.6956,33,0.44,0.6376,5,0.49,0.7101,13,0
IWM190913C153,2019-09-10,2019-09-10 09:35:50,0.49,0.7101,55,0.47,0.6811,94,0.44,0.6376,5,0.48,0.6956,13,0
IWM190913C153,2019-09-10,2019-09-10 09:35:51,0.49,0.7101,370,0.46,0.6666,176,0.44,0.6376,5,0.475,0.6884,13,0
IWM190913C153,2019-09-10,2019-09-10 09:35:51,0.48,0.6956,25,0.47,0.6811,31,0.44,0.6376,5,0.475,0.6884,13,0
IWM190913C153,2019-09-10,2019-09-10 09:35:52,0.48,0.6956,13,0.47,0.6811,102,0.44,0.6376,5,0.475,0.6884,13,0
IWM190913C153,2019-09-10,2019-09-10 09:35:52,0.48,0.6956,13,0.47,0.6811,70,0.44,0.6376,5,0.475,0.6884,13,0
IWM190913C153,2019-09-10,2019-09-10 09:35:53,0.49,0.7101,301,0.47,0.6811,200,0.44,0.6376,5,0.48,0.6956,13,0
IWM190913C153,2019-09-10,2019-09-10 09:35:53,0.49,0.7101,364,0.47,0.6811,102,0.44,0.6376,5,0.48,0.6956,13,0
IWM190913C153,2019-09-10,2019-09-10 09:35:54,0.49,0.7101,321,0.47,0.6811,154,0.44,0.6376,5,0.48,0.6956,13,0
IWM190913C153,2019-09-10,2019-09-10 09:35:54,0.49,0.7101,418,0.47,0.6811,154,0.44,0.6376,5,0.48,0.6956,13,0
IWM190913C153,2019-09-10,2019-09-10 09:35:55,0.5,0.7246,279,0.48,0.6956,13,0.44,0.6376,5,0.49,0.7101,13,0
IWM190913C153,2019-09-10,2019-09-10 09:35:55,0.49,0.7101,200,0.48,0.6956,13,0.44,0.6376,5,0.485,0.7028,13,0
IWM190913C153,2019-09-10,2019-09-10 09:35:56,0.5,0.7246,336,0.48,0.6956,13,0.44,0.6376,5,0.49,0.7101,13,0
IWM190913C153,2019-09-10,2019-09-10 09:35:56,0.5,0.7246,382,0.48,0.6956,13,0.44,0.6376,5,0.49,0.7101,13,0
IWM190913C153,2019-09-10,2019-09-10 09:35:57,0.5,0.7246,336,0.48,0.6956,13,0.44,0.6376,5,0.49,0.7101,13,0
IWM190913C153,2019-09-10,2019-09-10 09:35:57,0.5,0.7246,793,0.48,0.6956,13,0.44,0.6376,5,0.49,0.7101,13,0
IWM190913C153,2019-09-10,2019-09-10 09:35:58,0.5,0.7246,336,0.48,0.6956,35,0.44,0.6376,5,0.49,0.7101,13,0
IWM190913C153,2019-09-10,2019-09-10 09:35:59,0.5,0.7246,549,0.47,0.6811,184,0.44,0.6376,5,0.485,0.7028,13,0
IWM190913C153,2019-09-10,2019-09-10 09:35:59,0.5,0.7246,392,0.48,0.6956,29,0.44,0.6376,5,0.49,0.7101,13,0
IWM190913C153,2019-09-10,2019-09-10 09:36:00,0.5,0.7246,535,0.48,0.6956,14,0.44,0.6376,5,0.49,0.7101,13,0
IWM190913C153,2019-09-10,2019-09-10 09:36:01,0.49,0.7101,42,0.47,0.6811,176,0.44,0.6376,5,0.48,0.6956,13,0
IWM190913C153,2019-09-10,2019-09-10 09:36:01,0.49,0.7101,170,0.47,0.6811,39,0.44,0.6376,5,0.48,0.6956,13,0
IWM190913C153,2019-09-10,2019-09-10 09:36:02,0.49,0.7101,584,0.47,0.6811,39,0.44,0.6376,5,0.48,0.6956,13,0
IWM190913C153,2019-09-10,2019-09-10 09:36:02,0.49,0.7101,827,0.47,0.6811,39,0.44,0.6376,5,0.48,0.6956,13,0
IWM190913C153,2019-09-10,2019-09-10 09:36:03,0.49,0.7101,660,0.47,0.6811,26,0.44,0.6376,5,0.48,0.6956,13,0
IWM190913C153,2019-09-10,2019-09-10 09:36:03,0.49,0.7101,469,0.47,0.6811,42,0.44,0.6376,5,0.48,0.6956,13,0
IWM190913C153,2019-09-10,2019-09-10 09:36:04,0.49,0.7101,660,0.47,0.6811,13,0.44,0.6376,5,0.48,0.6956,13,0
IWM190913C153,2019-09-10,2019-09-10 09:36:05,0.48,0.6956,69,0.46,0.6666,211,0.44,0.6376,5,0.47,0.6811,13,0
IWM190913C153,2019-09-10,2019-09-10 09:36:05,0.48,0.6956,69,0.46,0.6666,195,0.44,0.6376,5,0.47,0.6811,13,0
IWM190913C153,2019-09-10,2019-09-10 09:36:06,0.49,0.7101,410,0.47,0.6811,62,0.44,0.6376,5,0.48,0.6956,13,0
IWM190913C153,2019-09-10,2019-09-10 09:36:06,0.49,0.7101,358,0.47,0.6811,106,0.44,0.6376,5,0.48,0.6956,13,0
IWM190913C153,2019-09-10,2019-09-10 09:36:07,0.49,0.7101,79,0.48,0.6956,52,0.44,0.6376,5,0.485,0.7028,13,0
IWM190913C153,2019-09-10,2019-09-10 09:36:07,0.49,0.7101,358,0.47,0.6811,106,0.44,0.6376,5,0.48,0.6956,13,0
IWM190913C153,2019-09-10,2019-09-10 09:36:08,0.5,0.7246,826,0.48,0.6956,52,0.44,0.6376,5,0.49,0.7101,13,0
IWM190913C153,2019-09-10,2019-09-10 09:36:08,0.5,0.7246,826,0.48,0.6956,47,0.44,0.6376,5,0.49,0.7101,13,0
IWM190913C153,2019-09-10,2019-09-10 09:36:09,0.5,0.7246,682,0.48,0.6956,38,0.44,0.6376,5,0.49,0.7101,13,0
IWM190913C153,2019-09-10,2019-09-10 09:36:09,0.5,0.7246,538,0.48,0.6956,38,0.44,0.6376,5,0.49,0.7101,13,0
IWM190913C153,2019-09-10,2019-09-10 09:36:10,0.5,0.7246,457,0.48,0.6956,222,0.44,0.6376,5,0.49,0.7101,13,0
IWM190913C153,2019-09-10,2019-09-10 09:36:10,0.5,0.7246,424,0.49,0.7101,25,0.44,0.6376,5,0.495,0.7173,13,0
IWM190913C153,2019-09-10,2019-09-10 09:36:11,0.5,0.7246,233,0.48,0.6956,222,0.44,0.6376,5,0.49,0.7101,13,0
IWM190913C153,2019-09-10,2019-09-10 09:36:11,0.5,0.7246,321,0.48,0.6956,222,0.44,0.6376,5,0.49,0.7101,13,0
IWM190913C153,2019-09-10,2019-09-10 09:36:12,0.51,0.7391,506,0.49,0.7101,92,0.44,0.6376,5,0.5,0.7246,13,0
IWM190913C153,2019-09-10,2019-09-10 09:36:12,0.51,0.7391,655,0.48,0.6956,222,0.44,0.6376,5,0.495,0.7173,13,0
IWM190913C153,2019-09-10,2019-09-10 09:36:13,0.51,0.7391,506,0.49,0.7101,92,0.44,0.6376,5,0.5,0.7246,13,0
IWM190913C153,2019-09-10,2019-09-10 09:36:13,0.51,0.7391,506,0.49,0.7101,184,0.44,0.6376,5,0.5,0.7246,13,0
IWM190913C153,2019-09-10,2019-09-10 09:36:14,0.51,0.7391,645,0.49,0.7101,39,0.44,0.6376,5,0.5,0.7246,13,0
IWM190913C153,2019-09-10,2019-09-10 09:36:14,0.51,0.7391,645,0.49,0.7101,43,0.44,0.6376,5,0.5,0.7246,13,0
IWM190913C153,2019-09-10,2019-09-10 09:36:15,0.51,0.7391,645,0.49,0.7101,96,0.44,0.6376,5,0.5,0.7246,13,0
IWM190913C153,2019-09-10,2019-09-10 09:36:15,0.51,0.7391,645,0.49,0.7101,43,0.44,0.6376,5,0.5,0.7246,13,0
IWM190913C153,2019-09-10,2019-09-10 09:36:16,0.51,0.7391,549,0.49,0.7101,182,0.44,0.6376,5,0.5,0.7246,13,0
IWM190913C153,2019-09-10,2019-09-10 09:36:16,0.51,0.7391,645,0.49,0.7101,182,0.44,0.6376,5,0.5,0.7246,13,0
IWM190913C153,2019-09-10,2019-09-10 09:36:17,0.51,0.7391,406,0.49,0.7101,182,0.44,0.6376,5,0.5,0.7246,13,0
IWM190913C153,2019-09-10,2019-09-10 09:36:17,0.51,0.7391,446,0.49,0.7101,182,0.44,0.6376,5,0.5,0.7246,13,0
IWM190913C153,2019-09-10,2019-09-10 09:36:18,0.51,0.7391,360,0.49,0.7101,124,0.44,0.6376,5,0.5,0.7246,13,0
IWM190913C153,2019-09-10,2019-09-10 09:36:19,0.51,0.7391,399,0.49,0.7101,179,0.44,0.6376,5,0.5,0.7246,13,0
IWM190913C153,2019-09-10,2019-09-10 09:36:19,0.51,0.7391,360,0.49,0.7101,174,0.44,0.6376,5,0.5,0.7246,13,0
IWM190913C153,2019-09-10,2019-09-10 09:36:20,0.51,0.7391,399,0.49,0.7101,97,0.44,0.6376,5,0.5,0.7246,13,0
IWM190913C153,2019-09-10,2019-09-10 09:36:21,0.51,0.7391,633,0.49,0.7101,97,0.44,0.6376,5,0.5,0.7246,13,0
IWM190913C153,2019-09-10,2019-09-10 09:36:21,0.51,0.7391,665,0.49,0.7101,29,0.44,0.6376,5,0.5,0.7246,13,0
IWM190913C153,2019-09-10,2019-09-10 09:36:22,0.51,0.7391,397,0.49,0.7101,220,0.44,0.6376,5,0.5,0.7246,13,0
IWM190913C153,2019-09-10,2019-09-10 09:36:22,0.51,0.7391,601,0.49,0.7101,44,0.44,0.6376,5,0.5,0.7246,13,0
IWM190913C153,2019-09-10,2019-09-10 09:36:23,0.51,0.7391,397,0.49,0.7101,166,0.44,0.6376,5,0.5,0.7246,13,0
IWM190913C153,2019-09-10,2019-09-10 09:36:23,0.51,0.7391,409,0.49,0.7101,197,0.44,0.6376,5,0.5,0.7246,13,0
IWM190913C153,2019-09-10,2019-09-10 09:36:24,0.49,0.7101,13,0.48,0.6956,202,0.44,0.6376,5,0.485,0.7028,13,0
IWM190913C153,2019-09-10,2019-09-10 09:36:24,0.5,0.7246,296,0.48,0.6956,116,0.44,0.6376,5,0.49,0.7101,13,0
IWM190913C153,2019-09-10,2019-09-10 09:36:25,0.49,0.7101,18,0.48,0.6956,82,0.44,0.6376,5,0.485,0.7028,13,0
IWM190913C153,2019-09-10,2019-09-10 09:36:25,0.49,0.7101,18,0.48,0.6956,152,0.44,0.6376,5,0.485,0.7028,13,0
IWM190913C153,2019-09-10,2019-09-10 09:36:26,0.49,0.7101,319,0.48,0.6956,41,0.44,0.6376,5,0.485,0.7028,13,0
IWM190913C153,2019-09-10,2019-09-10 09:36:26,0.5,0.7246,331,0.48,0.6956,84,0.44,0.6376,5,0.49,0.7101,13,0
IWM190913C153,2019-09-10,2019-09-10 09:36:27,0.49,0.7101,16,0.48,0.6956,40,0.44,0.6376,5,0.485,0.7028,13,0
IWM190913C153,2019-09-10,2019-09-10 09:36:27,0.5,0.7246,450,0.48,0.6956,76,0.44,0.6376,5,0.49,0.7101,13,0
IWM190913C153,2019-09-10,2019-09-10 09:36:28,0.49,0.7101,27,0.48,0.6956,63,0.44,0.6376,5,0.485,0.7028,13,0
IWM190913C153,2019-09-10,2019-09-10 09:36:28,0.49,0.7101,27,0.48,0.6956,33,0.44,0.6376,5,0.485,0.7028,13,0
IWM190913C153,2019-09-10,2019-09-10 09:36:29,0.49,0.7101,54,0.47,0.6811,231,0.44,0.6376,5,0.48,0.6956,13,0
IWM190913C153,2019-09-10,2019-09-10 09:36:29,0.49,0.7101,60,0.47,0.6811,144,0.44,0.6376,5,0.48,0.6956,13,0
IWM190913C153,2019-09-10,2019-09-10 09:36:30,0.49,0.7101,154,0.47,0.6811,106,0.44,0.6376,5,0.48,0.6956,13,0
IWM190913C153,2019-09-10,2019-09-10 09:36:30,0.49,0.7101,154,0.47,0.6811,186,0.44,0.6376,5,0.48,0.6956,13,0
IWM190913C153,2019-09-10,2019-09-10 09:36:31,0.48,0.6956,116,0.46,0.6666,211,0.44,0.6376,5,0.47,0.6811,13,0
IWM190913C153,2019-09-10,2019-09-10 09:36:31,0.48,0.6956,29,0.46,0.6666,354,0.44,0.6376,5,0.47,0.6811,13,0
IWM190913C153,2019-09-10,2019-09-10 09:36:32,0.48,0.6956,19,0.46,0.6666,631,0.44,0.6376,5,0.47,0.6811,13,0
IWM190913C153,2019-09-10,2019-09-10 09:36:32,0.48,0.6956,29,0.46,0.6666,326,0.44,0.6376,5,0.47,0.6811,13,0
IWM190913C153,2019-09-10,2019-09-10 09:36:33,0.48,0.6956,250,0.46,0.6666,315,0.44,0.6376,5,0.47,0.6811,13,0
IWM190913C153,2019-09-10,2019-09-10 09:36:34,0.48,0.6956,20,0.46,0.6666,194,0.44,0.6376,5,0.47,0.6811,13,0
IWM190913C153,2019-09-10,2019-09-10 09:36:35,0.48,0.6956,20,0.46,0.6666,202,0.44,0.6376,5,0.47,0.6811,13,0
IWM190913C153,2019-09-10,2019-09-10 09:36:36,0.48,0.6956,25,0.47,0.6811,58,0.44,0.6376,5,0.475,0.6884,13,0
IWM190913C153,2019-09-10,2019-09-10 09:36:36,0.48,0.6956,38,0.46,0.6666,250,0.44,0.6376,5,0.47,0.6811,13,0
IWM190913C153,2019-09-10,2019-09-10 09:36:37,0.48,0.6956,314,0.47,0.6811,58,0.44,0.6376,5,0.475,0.6884,13,0
IWM190913C153,2019-09-10,2019-09-10 09:36:37,0.48,0.6956,15,0.47,0.6811,124,0.44,0.6376,5,0.475,0.6884,13,0
IWM190913C153,2019-09-10,2019-09-10 09:36:38,0.49,0.7101,24,0.47,0.6811,123,0.44,0.6376,5,0.48,0.6956,13,0
IWM190913C153,2019-09-10,2019-09-10 09:36:38,0.48,0.6956,422,0.47,0.6811,26,0.44,0.6376,5,0.475,0.6884,13,0
IWM190913C153,2019-09-10,2019-09-10 09:36:39,0.49,0.7101,14,0.47,0.6811,123,0.44,0.6376,5,0.48,0.6956,13,0
IWM190913C153,2019-09-10,2019-09-10 09:36:39,0.49,0.7101,11,0.48,0.6956,94,0.44,0.6376,5,0.485,0.7028,13,0
IWM190913C153,2019-09-10,2019-09-10 09:36:40,0.5,0.7246,351,0.48,0.6956,94,0.44,0.6376,5,0.49,0.7101,13,0
IWM190913C153,2019-09-10,2019-09-10 09:36:40,0.49,0.7101,260,0.47,0.6811,234,0.44,0.6376,5,0.48,0.6956,13,0
IWM190913C153,2019-09-10,2019-09-10 09:36:41,0.5,0.7246,376,0.48,0.6956,111,0.44,0.6376,5,0.49,0.7101,13,0
IWM190913C153,2019-09-10,2019-09-10 09:36:41,0.49,0.7101,11,0.48,0.6956,150,0.44,0.6376,5,0.485,0.7028,13,0
IWM190913C153,2019-09-10,2019-09-10 09:36:42,0.51,0.7391,42,0.49,0.7101,148,0.44,0.6376,5,0.5,0.7246,13,0
IWM190913C153,2019-09-10,2019-09-10 09:36:42,0.51,0.7391,13,0.48,0.6956,217,0.44,0.6376,5,0.495,0.7173,13,0
IWM190913C153,2019-09-10,2019-09-10 09:36:43,0.51,0.7391,42,0.49,0.7101,165,0.44,0.6376,5,0.5,0.7246,13,0
IWM190913C153,2019-09-10,2019-09-10 09:36:43,0.51,0.7391,157,0.49,0.7101,55,0.44,0.6376,5,0.5,0.7246,13,0
IWM190913C153,2019-09-10,2019-09-10 09:36:44,0.5,0.7246,1,0.49,0.7101,55,0.44,0.6376,5,0.495,0.7173,13,0
IWM190913C153,2019-09-10,2019-09-10 09:36:44,0.5,0.7246,26,0.49,0.7101,58,0.44,0.6376,5,0.495,0.7173,13,0
IWM190913C153,2019-09-10,2019-09-10 09:36:45,0.5,0.7246,26,0.49,0.7101,120,0.44,0.6376,5,0.495,0.7173,13,0
IWM190913C153,2019-09-10,2019-09-10 09:36:45,0.5,0.7246,26,0.49,0.7101,63,0.44,0.6376,5,0.495,0.7173,13,0
IWM190913C153,2019-09-10,2019-09-10 09:36:46,0.51,0.7391,362,0.49,0.7101,77,0.44,0.6376,5,0.5,0.7246,13,0
IWM190913C153,2019-09-10,2019-09-10 09:36:46,0.5,0.7246,13,0.49,0.7101,120,0.44,0.6376,5,0.495,0.7173,13,0
IWM190913C153,2019-09-10,2019-09-10 09:36:47,0.51,0.7391,362,0.49,0.7101,67,0.44,0.6376,5,0.5,0.7246,13,0
IWM190913C153,2019-09-10,2019-09-10 09:36:47,0.5,0.7246,16,0.49,0.7101,150,0.44,0.6376,5,0.495,0.7173,13,0
IWM190913C153,2019-09-10,2019-09-10 09:36:48,0.5,0.7246,16,0.49,0.7101,128,0.44,0.6376,5,0.495,0.7173,13,0
IWM190913C153,2019-09-10,2019-09-10 09:36:48,0.51,0.7391,28,0.49,0.7101,128,0.44,0.6376,5,0.5,0.7246,13,0
IWM190913C153,2019-09-10,2019-09-10 09:36:49,0.51,0.7391,28,0.49,0.7101,202,0.49,0.7101,10,0.5,0.7246,23,10
IWM190913C153,2019-09-10,2019-09-10 09:36:50,0.51,0.7391,164,0.49,0.7101,230,0.49,0.7101,10,0.5,0.7246,23,0
IWM190913C153,2019-09-10,2019-09-10 09:36:50,0.51,0.7391,28,0.49,0.7101,230,0.49,0.7101,10,0.5,0.7246,23,0
IWM190913C153,2019-09-10,2019-09-10 09:36:51,0.5,0.7246,45,0.49,0.7101,67,0.49,0.7101,10,0.495,0.7173,23,0
IWM190913C153,2019-09-10,2019-09-10 09:36:51,0.5,0.7246,26,0.48,0.6956,484,0.49,0.7101,10,0.49,0.7101,23,0
IWM190913C153,2019-09-10,2019-09-10 09:36:52,0.5,0.7246,148,0.48,0.6956,247,0.49,0.7101,10,0.49,0.7101,23,0
IWM190913C153,2019-09-10,2019-09-10 09:36:52,0.5,0.7246,148,0.49,0.7101,150,0.49,0.7101,10,0.495,0.7173,23,0
IWM190913C153,2019-09-10,2019-09-10 09:36:53,0.51,0.7391,210,0.49,0.7101,150,0.49,0.7101,10,0.5,0.7246,23,0
IWM190913C153,2019-09-10,2019-09-10 09:36:53,0.51,0.7391,28,0.49,0.7101,239,0.49,0.7101,10,0.5,0.7246,23,0
IWM190913C153,2019-09-10,2019-09-10 09:36:54,0.51,0.7391,194,0.49,0.7101,239,0.49,0.7101,10,0.5,0.7246,23,0
IWM190913C153,2019-09-10,2019-09-10 09:36:54,0.51,0.7391,26,0.49,0.7101,225,0.49,0.7101,10,0.5,0.7246,23,0
IWM190913C153,2019-09-10,2019-09-10 09:36:55,0.51,0.7391,26,0.49,0.7101,226,0.49,0.7101,10,0.5,0.7246,23,0
IWM190913C153,2019-09-10,2019-09-10 09:36:55,0.51,0.7391,26,0.49,0.7101,210,0.49,0.7101,10,0.5,0.7246,23,0
IWM190913C153,2019-09-10,2019-09-10 09:36:56,0.51,0.7391,31,0.49,0.7101,210,0.49,0.7101,10,0.5,0.7246,23,0
IWM190913C153,2019-09-10,2019-09-10 09:36:56,0.51,0.7391,82,0.49,0.7101,226,0.49,0.7101,10,0.5,0.7246,23,0
IWM190913C153,2019-09-10,2019-09-10 09:36:57,0.51,0.7391,31,0.49,0.7101,210,0.49,0.7101,10,0.5,0.7246,23,0
IWM190913C153,2019-09-10,2019-09-10 09:36:58,0.51,0.7391,173,0.49,0.7101,230,0.49,0.7101,10,0.5,0.7246,23,0
IWM190913C153,2019-09-10,2019-09-10 09:36:58,0.51,0.7391,173,0.49,0.7101,210,0.49,0.7101,10,0.5,0.7246,23,0
IWM190913C153,2019-09-10,2019-09-10 09:36:59,0.51,0.7391,173,0.49,0.7101,152,0.49,0.7101,10,0.5,0.7246,23,0
IWM190913C153,2019-09-10,2019-09-10 09:36:59,0.51,0.7391,173,0.49,0.7101,250,0.49,0.7101,10,0.5,0.7246,23,0
IWM190913C153,2019-09-10,2019-09-10 09:37:00,0.5,0.7246,26,0.49,0.7101,65,0.49,0.7101,10,0.495,0.7173,23,0
IWM190913C153,2019-09-10,2019-09-10 09:37:00,0.51,0.7391,31,0.49,0.7101,44,0.49,0.7101,10,0.5,0.7246,23,0
IWM190913C153,2019-09-10,2019-09-10 09:37:01,0.5,0.7246,26,0.49,0.7101,34,0.49,0.7101,10,0.495,0.7173,23,0
IWM190913C153,2019-09-10,2019-09-10 09:37:01,0.5,0.7246,161,0.48,0.6956,212,0.49,0.7101,10,0.49,0.7101,23,0
IWM190913C153,2019-09-10,2019-09-10 09:37:02,0.51,0.7391,129,0.49,0.7101,437,0.49,0.7101,10,0.5,0.7246,23,0
IWM190913C153,2019-09-10,2019-09-10 09:37:02,0.5,0.7246,161,0.48,0.6956,175,0.49,0.7101,10,0.49,0.7101,23,0
IWM190913C153,2019-09-10,2019-09-10 09:37:03,0.52,0.7536,83,0.5,0.7246,113,0.49,0.7101,10,0.51,0.7391,23,0
IWM190913C153,2019-09-10,2019-09-10 09:37:03,0.51,0.7391,18,0.5,0.7246,13,0.49,0.7101,10,0.505,0.7318,23,0
IWM190913C153,2019-09-10,2019-09-10 09:37:04,0.52,0.7536,83,0.5,0.7246,186,0.49,0.7101,10,0.51,0.7391,23,0
IWM190913C153,2019-09-10,2019-09-10 09:37:04,0.52,0.7536,225,0.5,0.7246,186,0.49,0.7101,10,0.51,0.7391,23,0
IWM190913C153,2019-09-10,2019-09-10 09:37:05,0.52,0.7536,31,0.5,0.7246,157,0.49,0.7101,10,0.51,0.7391,23,0
IWM190913C153,2019-09-10,2019-09-10 09:37:05,0.52,0.7536,31,0.5,0.7246,186,0.49,0.7101,10,0.51,0.7391,23,0
IWM190913C153,2019-09-10,2019-09-10 09:37:06,0.52,0.7536,16,0.51,0.7391,34,0.49,0.7101,10,0.515,0.7463,23,0
IWM190913C153,2019-09-10,2019-09-10 09:37:07,0.52,0.7536,16,0.5,0.7246,237,0.49,0.7101,10,0.51,0.7391,23,0
IWM190913C153,2019-09-10,2019-09-10 09:37:07,0.52,0.7536,131,0.51,0.7391,22,0.49,0.7101,10,0.515,0.7463,23,0
IWM190913C153,2019-09-10,2019-09-10 09:37:08,0.53,0.7681,279,0.51,0.7391,82,0.49,0.7101,10,0.52,0.7536,23,0
IWM190913C153,2019-09-10,2019-09-10 09:37:09,0.52,0.7536,180,0.5,0.7246,104,0.49,0.7101,10,0.51,0.7391,23,0
IWM190913C153,2019-09-10,2019-09-10 09:37:09,0.52,0.7536,152,0.51,0.7391,38,0.49,0.7101,10,0.515,0.7463,23,0
IWM190913C153,2019-09-10,2019-09-10 09:37:10,0.52,0.7536,381,0.5,0.7246,34,0.49,0.7101,10,0.51,0.7391,23,0
IWM190913C153,2019-09-10,2019-09-10 09:37:10,0.52,0.7536,381,0.5,0.7246,94,0.49,0.7101,10,0.51,0.7391,23,0
IWM190913C153,2019-09-10,2019-09-10 09:37:11,0.51,0.7391,16,0.49,0.7101,247,0.49,0.7101,10,0.5,0.7246,23,0
IWM190913C153,2019-09-10,2019-09-10 09:37:11,0.51,0.7391,16,0.49,0.7101,239,0.49,0.7101,10,0.5,0.7246,23,0
IWM190913C153,2019-09-10,2019-09-10 09:37:12,0.51,0.7391,279,0.49,0.7101,162,0.49,0.7101,10,0.5,0.7246,23,0
IWM190913C153,2019-09-10,2019-09-10 09:37:12,0.5,0.7246,3,0.49,0.7101,247,0.49,0.7101,10,0.495,0.7173,23,0
IWM190913C153,2019-09-10,2019-09-10 09:37:13,0.5,0.7246,178,0.49,0.7101,72,0.49,0.7101,10,0.495,0.7173,23,0
IWM190913C153,2019-09-10,2019-09-10 09:37:13,0.51,0.7391,463,0.49,0.7101,138,0.49,0.7101,10,0.5,0.7246,23,0
IWM190913C153,2019-09-10,2019-09-10 09:37:14,0.5,0.7246,13,0.49,0.7101,104,0.49,0.7101,10,0.495,0.7173,23,0
IWM190913C153,2019-09-10,2019-09-10 09:37:14,0.5,0.7246,178,0.49,0.7101,72,0.49,0.7101,10,0.495,0.7173,23,0
IWM190913C153,2019-09-10,2019-09-10 09:37:15,0.51,0.7391,611,0.49,0.7101,57,0.49,0.7101,10,0.5,0.7246,23,0
IWM190913C153,2019-09-10,2019-09-10 09:37:15,0.51,0.7391,488,0.49,0.7101,175,0.49,0.7101,10,0.5,0.7246,23,0
IWM190913C153,2019-09-10,2019-09-10 09:37:16,0.5,0.7246,13,0.49,0.7101,162,0.49,0.7101,10,0.495,0.7173,23,0
IWM190913C153,2019-09-10,2019-09-10 09:37:16,0.5,0.7246,309,0.49,0.7101,16,0.49,0.7101,10,0.495,0.7173,23,0
IWM190913C153,2019-09-10,2019-09-10 09:37:17,0.5,0.7246,13,0.49,0.7101,25,0.49,0.7101,10,0.495,0.7173,23,0
IWM190913C153,2019-09-10,2019-09-10 09:37:17,0.5,0.7246,221,0.48,0.6956,212,0.49,0.7101,10,0.49,0.7101,23,0
IWM190913C153,2019-09-10,2019-09-10 09:37:18,0.5,0.7246,353,0.48,0.6956,221,0.49,0.7101,10,0.49,0.7101,23,0
IWM190913C153,2019-09-10,2019-09-10 09:37:18,0.5,0.7246,551,0.48,0.6956,221,0.49,0.7101,10,0.49,0.7101,23,0
IWM190913C153,2019-09-10,2019-09-10 09:37:19,0.5,0.7246,208,0.48,0.6956,221,0.49,0.7101,10,0.49,0.7101,23,0
IWM190913C153,2019-09-10,2019-09-10 09:37:20,0.5,0.7246,210,0.48,0.6956,210,0.49,0.7101,10,0.49,0.7101,23,0
IWM190913C153,2019-09-10,2019-09-10 09:37:20,0.49,0.7101,18,0.48,0.6956,210,0.49,0.7101,10,0.485,0.7028,23,0
IWM190913C153,2019-09-10,2019-09-10 09:37:21,0.49,0.7101,63,0.48,0.6956,210,0.49,0.7101,10,0.485,0.7028,23,0
IWM190913C153,2019-09-10,2019-09-10 09:37:21,0.49,0.7101,18,0.48,0.6956,148,0.49,0.7101,10,0.485,0.7028,23,0
IWM190913C153,2019-09-10,2019-09-10 09:37:22,0.49,0.7101,18,0.48,0.6956,154,0.49,0.7101,10,0.485,0.7028,23,0
IWM190913C153,2019-09-10,2019-09-10 09:37:23,0.49,0.7101,36,0.48,0.6956,46,0.49,0.7101,10,0.485,0.7028,23,0
IWM190913C153,2019-09-10,2019-09-10 09:37:23,0.49,0.7101,9,0.48,0.6956,165,0.49,0.7101,10,0.485,0.7028,23,0
IWM190913C153,2019-09-10,2019-09-10 09:37:24,0.49,0.7101,9,0.48,0.6956,226,0.49,0.7101,10,0.485,0.7028,23,0
IWM190913C153,2019-09-10,2019-09-10 09:37:24,0.5,0.7246,206,0.48,0.6956,226,0.49,0.7101,10,0.49,0.7101,23,0
IWM190913C153,2019-09-10,2019-09-10 09:37:25,0.5,0.7246,15,0.49,0.7101,43,0.49,0.7101,10,0.495,0.7173,23,0
IWM190913C153,2019-09-10,2019-09-10 09:37:25,0.5,0.7246,23,0.49,0.7101,92,0.49,0.7101,10,0.495,0.7173,23,0
IWM190913C153,2019-09-10,2019-09-10 09:37:26,0.5,0.7246,56,0.48,0.6956,258,0.49,0.7101,10,0.49,0.7101,23,0
IWM190913C153,2019-09-10,2019-09-10 09:37:27,0.5,0.7246,165,0.48,0.6956,258,0.49,0.7101,10,0.49,0.7101,23,0
IWM190913C153,2019-09-10,2019-09-10 09:37:27,0.5,0.7246,165,0.49,0.7101,13,0.49,0.7101,10,0.495,0.7173,23,0
IWM190913C153,2019-09-10,2019-09-10 09:37:28,0.5,0.7246,328,0.48,0.6956,138,0.49,0.7101,10,0.49,0.7101,23,0
IWM190913C153,2019-09-10,2019-09-10 09:37:28,0.5,0.7246,167,0.48,0.6956,258,0.49,0.7101,10,0.49,0.7101,23,0
IWM190913C153,2019-09-10,2019-09-10 09:37:29,0.5,0.7246,586,0.48,0.6956,104,0.49,0.7101,10,0.49,0.7101,23,0
IWM190913C153,2019-09-10,2019-09-10 09:37:29,0.5,0.7246,485,0.48,0.6956,104,0.49,0.7101,10,0.49,0.7101,23,0
IWM190913C153,2019-09-10,2019-09-10 09:37:30,0.49,0.7101,29,0.47,0.6811,239,0.49,0.7101,10,0.48,0.6956,23,0
IWM190913C153,2019-09-10,2019-09-10 09:37:30,0.49,0.7101,36,0.48,0.6956,15,0.49,0.7101,10,0.485,0.7028,23,0
IWM190913C153,2019-09-10,2019-09-10 09:37:31,0.49,0.7101,35,0.48,0.6956,97,0.49,0.7101,10,0.485,0.7028,23,0
IWM190913C153,2019-09-10,2019-09-10 09:37:31,0.49,0.7101,14,0.48,0.6956,97,0.49,0.7101,10,0.485,0.7028,23,0
IWM190913C153,2019-09-10,2019-09-10 09:37:32,0.49,0.7101,258,0.47,0.6811,67,0.49,0.7101,10,0.48,0.6956,23,0
IWM190913C153,2019-09-10,2019-09-10 09:37:32,0.49,0.7101,58,0.47,0.6811,247,0.49,0.7101,10,0.48,0.6956,23,0
IWM190913C153,2019-09-10,2019-09-10 09:37:33,0.49,0.7101,420,0.47,0.6811,67,0.49,0.7101,10,0.48,0.6956,23,0
IWM190913C153,2019-09-10,2019-09-10 09:37:34,0.48,0.6956,87,0.47,0.6811,133,0.49,0.7101,10,0.475,0.6884,23,0
IWM190913C153,2019-09-10,2019-09-10 09:37:34,0.48,0.6956,200,0.46,0.6666,182,0.49,0.7101,10,0.47,0.6811,23,0
IWM190913C153,2019-09-10,2019-09-10 09:37:35,0.48,0.6956,67,0.47,0.6811,133,0.49,0.7101,10,0.475,0.6884,23,0
IWM190913C153,2019-09-10,2019-09-10 09:37:35,0.48,0.6956,67,0.47,0.6811,128,0.49,0.7101,10,0.475,0.6884,23,0
IWM190913C153,2019-09-10,2019-09-10 09:37:36,0.49,0.7101,47,0.48,0.6956,44,0.49,0.7101,10,0.485,0.7028,23,0
IWM190913C153,2019-09-10,2019-09-10 09:37:36,0.48,0.6956,83,0.47,0.6811,121,0.49,0.7101,10,0.475,0.6884,23,0
IWM190913C153,2019-09-10,2019-09-10 09:37:37,0.49,0.7101,24,0.48,0.6956,44,0.49,0.7101,10,0.485,0.7028,23,0
IWM190913C153,2019-09-10,2019-09-10 09:37:37,0.49,0.7101,47,0.48,0.6956,44,0.49,0.7101,10,0.485,0.7028,23,0
IWM190913C153,2019-09-10,2019-09-10 09:37:38,0.51,0.7391,290,0.49,0.7101,55,0.49,0.7101,10,0.5,0.7246,23,0
IWM190913C153,2019-09-10,2019-09-10 09:37:38,0.5,0.7246,284,0.48,0.6956,116,0.49,0.7101,10,0.49,0.7101,23,0
IWM190913C153,2019-09-10,2019-09-10 09:37:39,0.51,0.7391,290,0.49,0.7101,124,0.49,0.7101,10,0.5,0.7246,23,0
IWM190913C153,2019-09-10,2019-09-10 09:37:39,0.5,0.7246,25,0.49,0.7101,124,0.49,0.7101,10,0.495,0.7173,23,0
IWM190913C153,2019-09-10,2019-09-10 09:37:40,0.51,0.7391,545,0.49,0.7101,150,0.49,0.7101,10,0.5,0.7246,23,0
IWM190913C153,2019-09-10,2019-09-10 09:37:40,0.51,0.7391,512,0.49,0.7101,124,0.49,0.7101,10,0.5,0.7246,23,0
IWM190913C153,2019-09-10,2019-09-10 09:37:41,0.51,0.7391,229,0.49,0.7101,96,0.49,0.7101,10,0.5,0.7246,23,0
IWM190913C153,2019-09-10,2019-09-10 09:37:41,0.51,0.7391,512,0.49,0.7101,116,0.49,0.7101,10,0.5,0.7246,23,0
IWM190913C153,2019-09-10,2019-09-10 09:37:42,0.49,0.7101,18,0.48,0.6956,20,0.49,0.7101,10,0.485,0.7028,23,0
IWM190913C153,2019-09-10,2019-09-10 09:37:42,0.49,0.7101,18,0.48,0.6956,120,0.49,0.7101,10,0.485,0.7028,23,0
IWM190913C153,2019-09-10,2019-09-10 09:37:43,0.49,0.7101,22,0.47,0.6811,218,0.49,0.7101,10,0.48,0.6956,23,0
IWM190913C153,2019-09-10,2019-09-10 09:37:44,0.49,0.7101,108,0.47,0.6811,218,0.49,0.7101,10,0.48,0.6956,23,0
IWM190913C153,2019-09-10,2019-09-10 09:37:44,0.49,0.7101,18,0.47,0.6811,218,0.49,0.7101,10,0.48,0.6956,23,0
IWM190913C153,2019-09-10,2019-09-10 09:37:45,0.5,0.7246,312,0.48,0.6956,194,0.49,0.7101,10,0.49,0.7101,23,0
IWM190913C153,2019-09-10,2019-09-10 09:37:45,0.5,0.7246,390,0.48,0.6956,146,0.49,0.7101,10,0.49,0.7101,23,0
IWM190913C153,2019-09-10,2019-09-10 09:37:46,0.5,0.7246,357,0.48,0.6956,136,0.49,0.7101,10,0.49,0.7101,23,0
IWM190913C153,2019-09-10,2019-09-10 09:37:47,0.49,0.7101,18,0.48,0.6956,126,0.49,0.7101,10,0.485,0.7028,23,0
IWM190913C153,2019-09-10,2019-09-10 09:37:47,0.49,0.7101,18,0.47,0.6811,128,0.49,0.7101,10,0.48,0.6956,23,0
IWM190913C153,2019-09-10,2019-09-10 09:37:48,0.49,0.7101,23,0.47,0.6811,186,0.49,0.7101,10,0.48,0.6956,23,0
IWM190913C153,2019-09-10,2019-09-10 09:37:48,0.49,0.7101,163,0.47,0.6811,160,0.49,0.7101,10,0.48,0.6956,23,0
IWM190913C153,2019-09-10,2019-09-10 09:37:49,0.48,0.6956,3,0.47,0.6811,186,0.49,0.7101,10,0.475,0.6884,23,0
IWM190913C153,2019-09-10,2019-09-10 09:37:49,0.49,0.7101,549,0.47,0.6811,144,0.49,0.7101,10,0.48,0.6956,23,0
IWM190913C153,2019-09-10,2019-09-10 09:37:50,0.49,0.7101,417,0.46,0.6666,184,0.49,0.7101,10,0.475,0.6884,23,0
IWM190913C153,2019-09-10,2019-09-10 09:37:50,0.48,0.6956,97,0.46,0.6666,184,0.49,0.7101,10,0.47,0.6811,23,0
IWM190913C153,2019-09-10,2019-09-10 09:37:51,0.48,0.6956,2,0.47,0.6811,67,0.49,0.7101,10,0.475,0.6884,23,0
IWM190913C153,2019-09-10,2019-09-10 09:37:51,0.48,0.6956,2,0.46,0.6666,203,0.49,0.7101,10,0.47,0.6811,23,0
IWM190913C153,2019-09-10,2019-09-10 09:37:52,0.48,0.6956,149,0.47,0.6811,13,0.49,0.7101,10,0.475,0.6884,23,0
IWM190913C153,2019-09-10,2019-09-10 09:37:52,0.48,0.6956,174,0.46,0.6666,96,0.49,0.7101,10,0.47,0.6811,23,0
IWM190913C153,2019-09-10,2019-09-10 09:37:53,0.48,0.6956,461,0.46,0.6666,96,0.49,0.7101,10,0.47,0.6811,23,0
IWM190913C153,2019-09-10,2019-09-10 09:37:54,0.47,0.6811,107,0.45,0.6521,144,0.49,0.7101,10,0.46,0.6666,23,0
IWM190913C153,2019-09-10,2019-09-10 09:37:54,0.46,0.6666,18,0.46,0.6666,166,0.49,0.7101,10,0.46,0.6666,23,0
IWM190913C153,2019-09-10,2019-09-10 09:37:55,0.46,0.6666,18,0.45,0.6521,132,0.49,0.7101,10,0.455,0.6594,23,0
IWM190913C153,2019-09-10,2019-09-10 09:37:55,0.46,0.6666,18,0.45,0.6521,107,0.49,0.7101,10,0.455,0.6594,23,0
IWM190913C153,2019-09-10,2019-09-10 09:37:56,0.47,0.6811,141,0.45,0.6521,107,0.49,0.7101,10,0.46,0.6666,23,0
IWM190913C153,2019-09-10,2019-09-10 09:37:56,0.47,0.6811,86,0.45,0.6521,172,0.49,0.7101,10,0.46,0.6666,23,0
IWM190913C153,2019-09-10,2019-09-10 09:37:57,0.47,0.6811,101,0.45,0.6521,159,0.49,0.7101,10,0.46,0.6666,23,0
IWM190913C153,2019-09-10,2019-09-10 09:37:57,0.47,0.6811,101,0.45,0.6521,119,0.49,0.7101,10,0.46,0.6666,23,0
IWM190913C153,2019-09-10,2019-09-10 09:37:58,0.47,0.6811,244,0.45,0.6521,177,0.49,0.7101,10,0.46,0.6666,23,0
IWM190913C153,2019-09-10,2019-09-10 09:37:58,0.47,0.6811,101,0.45,0.6521,177,0.49,0.7101,10,0.46,0.6666,23,0
IWM190913C153,2019-09-10,2019-09-10 09:37:59,0.46,0.6666,18,0.45,0.6521,109,0.49,0.7101,10,0.455,0.6594,23,0
IWM190913C153,2019-09-10,2019-09-10 09:37:59,0.46,0.6666,18,0.45,0.6521,103,0.49,0.7101,10,0.455,0.6594,23,0
IWM190913C153,2019-09-10,2019-09-10 09:38:00,0.46,0.6666,26,0.45,0.6521,92,0.49,0.7101,10,0.455,0.6594,23,0
IWM190913C153,2019-09-10,2019-09-10 09:38:00,0.46,0.6666,18,0.45,0.6521,98,0.49,0.7101,10,0.455,0.6594,23,0
IWM190913C153,2019-09-10,2019-09-10 09:38:01,0.46,0.6666,54,0.44,0.6376,191,0.49,0.7101,10,0.45,0.6521,23,0
IWM190913C153,2019-09-10,2019-09-10 09:38:01,0.46,0.6666,26,0.45,0.6521,92,0.49,0.7101,10,0.455,0.6594,23,0
IWM190913C153,2019-09-10,2019-09-10 09:38:02,0.45,0.6521,13,0.44,0.6376,92,0.49,0.7101,10,0.445,0.6449,23,0
IWM190913C153,2019-09-10,2019-09-10 09:38:03,0.45,0.6521,26,0.44,0.6376,93,0.49,0.7101,10,0.445,0.6449,23,0
IWM190913C153,2019-09-10,2019-09-10 09:38:04,0.45,0.6521,40,0.44,0.6376,93,0.49,0.7101,10,0.445,0.6449,23,0
IWM190913C153,2019-09-10,2019-09-10 09:38:04,0.45,0.6521,26,0.44,0.6376,30,0.49,0.7101,10,0.445,0.6449,23,0
IWM190913C153,2019-09-10,2019-09-10 09:38:05,0.45,0.6521,26,0.44,0.6376,30,0.49,0.7101,10,0.445,0.6449,23,0
IWM190913C153,2019-09-10,2019-09-10 09:38:05,0.45,0.6521,152,0.43,0.6231,309,0.49,0.7101,10,0.44,0.6376,23,0
IWM190913C153,2019-09-10,2019-09-10 09:38:06,0.45,0.6521,152,0.43,0.6231,194,0.49,0.7101,10,0.44,0.6376,23,0
IWM190913C153,2019-09-10,2019-09-10 09:38:06,0.45,0.6521,26,0.43,0.6231,221,0.49,0.7101,10,0.44,0.6376,23,0
IWM190913C153,2019-09-10,2019-09-10 09:38:07,0.45,0.6521,152,0.43,0.6231,200,0.49,0.7101,10,0.44,0.6376,23,0
IWM190913C153,2019-09-10,2019-09-10 09:38:08,0.45,0.6521,13,0.44,0.6376,75,0.49,0.7101,10,0.445,0.6449,23,0
IWM190913C153,2019-09-10,2019-09-10 09:38:08,0.45,0.6521,136,0.43,0.6231,200,0.49,0.7101,10,0.44,0.6376,23,0
IWM190913C153,2019-09-10,2019-09-10 09:38:09,0.46,0.6666,10,0.45,0.6521,60,0.49,0.7101,10,0.455,0.6594,23,0
IWM190913C153,2019-09-10,2019-09-10 09:38:09,0.46,0.6666,10,0.45,0.6521,66,0.49,0.7101,10,0.455,0.6594,23,0
IWM190913C153,2019-09-10,2019-09-10 09:38:10,0.47,0.6811,100,0.45,0.6521,167,0.49,0.7101,10,0.46,0.6666,23,0
IWM190913C153,2019-09-10,2019-09-10 09:38:10,0.47,0.6811,100,0.45,0.6521,239,0.49,0.7101,10,0.46,0.6666,23,0
IWM190913C153,2019-09-10,2019-09-10 09:38:11,0.46,0.6666,13,0.45,0.6521,60,0.49,0.7101,10,0.455,0.6594,23,0
IWM190913C153,2019-09-10,2019-09-10 09:38:11,0.46,0.6666,13,0.45,0.6521,66,0.49,0.7101,10,0.455,0.6594,23,0
IWM190913C153,2019-09-10,2019-09-10 09:38:12,0.47,0.6811,260,0.45,0.6521,184,0.49,0.7101,10,0.46,0.6666,23,0
IWM190913C153,2019-09-10,2019-09-10 09:38:12,0.47,0.6811,260,0.45,0.6521,117,0.49,0.7101,10,0.46,0.6666,23,0
IWM190913C153,2019-09-10,2019-09-10 09:38:13,0.46,0.6666,185,0.45,0.6521,144,0.49,0.7101,10,0.455,0.6594,23,0
IWM190913C153,2019-09-10,2019-09-10 09:38:13,0.47,0.6811,633,0.44,0.6376,151,0.49,0.7101,10,0.455,0.6594,23,0
IWM190913C153,2019-09-10,2019-09-10 09:38:14,0.46,0.6666,31,0.44,0.6376,117,0.49,0.7101,10,0.45,0.6521,23,0
IWM190913C153,2019-09-10,2019-09-10 09:38:14,0.46,0.6666,31,0.44,0.6376,183,0.49,0.7101,10,0.45,0.6521,23,0
IWM190913C153,2019-09-10,2019-09-10 09:38:15,0.47,0.6811,80,0.45,0.6521,167,0.49,0.7101,10,0.46,0.6666,23,0
IWM190913C153,2019-09-10,2019-09-10 09:38:15,0.47,0.6811,196,0.45,0.6521,166,0.49,0.7101,10,0.46,0.6666,23,0
IWM190913C153,2019-09-10,2019-09-10 09:38:16,0.47,0.6811,18,0.46,0.6666,13,0.49,0.7101,10,0.465,0.6739,23,0
IWM190913C153,2019-09-10,2019-09-10 09:38:16,0.47,0.6811,31,0.45,0.6521,210,0.49,0.7101,10,0.46,0.6666,23,0
