symbol,Date,quote_time,ask_price,norm_ask_price,ask_size,bid_price,norm_bid_price,bid_size,last_trade_price,norm_last_trade_price,last_trade_size,mark_price,norm_mark_price,volume,Volume
IWM190913P151,2019-09-10,2019-09-10 09:30:02,0.94,1.0,1,0.69,0.734,1,0.87,0.9255,1,0.815,0.867,1,1
IWM190913P151,2019-09-10,2019-09-10 09:30:03,0.94,1.0,10,0.69,0.734,20,0.88,0.9361,2,0.815,0.867,3,2
IWM190913P151,2019-09-10,2019-09-10 09:30:03,0.94,1.0,10,0.77,0.8191,250,0.91,0.968,1,0.855,0.9095,4,1
IWM190913P151,2019-09-10,2019-09-10 09:30:04,0.94,1.0,10,0.78,0.8297,250,0.91,0.968,1,0.86,0.9148,4,0
IWM190913P151,2019-09-10,2019-09-10 09:30:04,0.95,1.0106,250,0.78,0.8297,250,0.91,0.968,1,0.865,0.9202,4,0
IWM190913P151,2019-09-10,2019-09-10 09:30:05,0.89,0.9468,164,0.81,0.8617,164,0.91,0.968,1,0.85,0.9042,4,0
IWM190913P151,2019-09-10,2019-09-10 09:30:05,0.89,0.9468,164,0.86,0.9148,1,0.91,0.968,1,0.875,0.9308,4,0
IWM190913P151,2019-09-10,2019-09-10 09:30:06,0.9,0.9574,1,0.82,0.8723,250,0.91,0.968,1,0.86,0.9148,4,0
IWM190913P151,2019-09-10,2019-09-10 09:30:06,0.91,0.968,164,0.82,0.8723,164,0.91,0.968,1,0.865,0.9202,4,0
IWM190913P151,2019-09-10,2019-09-10 09:30:07,0.91,0.968,373,0.85,0.9042,139,0.91,0.968,10,0.88,0.9361,14,0
IWM190913P151,2019-09-10,2019-09-10 09:30:07,0.91,0.968,373,0.88,0.9361,1,0.91,0.968,10,0.895,0.9521,14,10
IWM190913P151,2019-09-10,2019-09-10 09:30:08,0.91,0.968,1,0.86,0.9148,115,0.91,0.968,10,0.885,0.9414,14,0
IWM190913P151,2019-09-10,2019-09-10 09:30:08,0.91,0.968,373,0.85,0.9042,313,0.91,0.968,10,0.88,0.9361,14,0
IWM190913P151,2019-09-10,2019-09-10 09:30:09,0.91,0.968,10,0.87,0.9255,142,0.91,0.968,10,0.89,0.9468,14,0
IWM190913P151,2019-09-10,2019-09-10 09:30:09,0.93,0.9893,158,0.86,0.9148,115,0.91,0.968,10,0.895,0.9521,14,0
IWM190913P151,2019-09-10,2019-09-10 09:30:10,0.95,1.0106,158,0.88,0.9361,157,0.91,0.968,10,0.915,0.9734,14,0
IWM190913P151,2019-09-10,2019-09-10 09:30:10,0.95,1.0106,158,0.89,0.9468,1,0.91,0.968,10,0.92,0.9787,14,0
IWM190913P151,2019-09-10,2019-09-10 09:30:11,0.95,1.0106,158,0.89,0.9468,265,0.91,0.968,10,0.92,0.9787,14,0
IWM190913P151,2019-09-10,2019-09-10 09:30:11,0.97,1.0319,185,0.91,0.968,242,0.91,0.968,10,0.94,1.0,14,0
IWM190913P151,2019-09-10,2019-09-10 09:30:12,0.97,1.0319,185,0.91,0.968,26,0.91,0.968,10,0.94,1.0,14,0
IWM190913P151,2019-09-10,2019-09-10 09:30:12,0.97,1.0319,185,0.91,0.968,1,0.91,0.968,10,0.94,1.0,14,0
IWM190913P151,2019-09-10,2019-09-10 09:30:13,0.97,1.0319,185,0.91,0.968,181,0.91,0.968,10,0.94,1.0,14,0
IWM190913P151,2019-09-10,2019-09-10 09:30:13,0.98,1.0425,186,0.92,0.9787,141,0.91,0.968,10,0.95,1.0106,14,0
IWM190913P151,2019-09-10,2019-09-10 09:30:14,0.96,1.0212,125,0.91,0.968,137,0.91,0.968,10,0.935,0.9946,14,0
IWM190913P151,2019-09-10,2019-09-10 09:30:14,0.98,1.0425,187,0.92,0.9787,26,0.91,0.968,10,0.95,1.0106,14,0
IWM190913P151,2019-09-10,2019-09-10 09:30:15,0.97,1.0319,150,0.91,0.968,338,0.91,0.968,10,0.94,1.0,14,0
IWM190913P151,2019-09-10,2019-09-10 09:30:15,0.97,1.0319,163,0.91,0.968,7,0.91,0.968,10,0.94,1.0,14,0
IWM190913P151,2019-09-10,2019-09-10 09:30:16,0.98,1.0425,10,0.91,0.968,353,0.91,0.968,10,0.945,1.0053,14,0
IWM190913P151,2019-09-10,2019-09-10 09:30:17,0.96,1.0212,289,0.9,0.9574,159,0.91,0.968,10,0.93,0.9893,14,0
IWM190913P151,2019-09-10,2019-09-10 09:30:17,0.97,1.0319,128,0.92,0.9787,105,0.91,0.968,10,0.945,1.0053,14,0
IWM190913P151,2019-09-10,2019-09-10 09:30:18,0.94,1.0,115,0.9,0.9574,115,0.91,0.968,10,0.92,0.9787,14,0
IWM190913P151,2019-09-10,2019-09-10 09:30:18,0.95,1.0106,11,0.89,0.9468,290,0.91,0.968,10,0.92,0.9787,14,0
IWM190913P151,2019-09-10,2019-09-10 09:30:19,0.95,1.0106,11,0.9,0.9574,60,0.91,0.968,10,0.925,0.984,14,0
IWM190913P151,2019-09-10,2019-09-10 09:30:19,0.95,1.0106,151,0.91,0.968,60,0.91,0.968,10,0.93,0.9893,14,0
IWM190913P151,2019-09-10,2019-09-10 09:30:20,0.95,1.0106,298,0.91,0.968,124,0.91,0.968,10,0.93,0.9893,14,0
IWM190913P151,2019-09-10,2019-09-10 09:30:20,0.95,1.0106,164,0.91,0.968,237,0.91,0.968,10,0.93,0.9893,14,0
IWM190913P151,2019-09-10,2019-09-10 09:30:21,0.95,1.0106,313,0.91,0.968,186,0.91,0.968,10,0.93,0.9893,14,0
IWM190913P151,2019-09-10,2019-09-10 09:30:22,0.95,1.0106,330,0.9,0.9574,219,0.91,0.968,10,0.925,0.984,14,0
IWM190913P151,2019-09-10,2019-09-10 09:30:22,0.95,1.0106,313,0.91,0.968,45,0.91,0.968,10,0.93,0.9893,14,0
IWM190913P151,2019-09-10,2019-09-10 09:30:23,0.95,1.0106,312,0.9,0.9574,341,0.91,0.968,10,0.925,0.984,14,0
IWM190913P151,2019-09-10,2019-09-10 09:30:23,0.95,1.0106,332,0.9,0.9574,219,0.91,0.968,10,0.925,0.984,14,0
IWM190913P151,2019-09-10,2019-09-10 09:30:24,0.94,1.0,259,0.89,0.9468,226,0.91,0.968,10,0.915,0.9734,14,0
IWM190913P151,2019-09-10,2019-09-10 09:30:24,0.95,1.0106,21,0.91,0.968,10,0.91,0.968,10,0.93,0.9893,14,0
IWM190913P151,2019-09-10,2019-09-10 09:30:25,0.94,1.0,166,0.89,0.9468,53,0.91,0.968,10,0.915,0.9734,14,0
IWM190913P151,2019-09-10,2019-09-10 09:30:25,0.94,1.0,219,0.88,0.9361,10,0.91,0.968,10,0.91,0.968,14,0
IWM190913P151,2019-09-10,2019-09-10 09:30:26,0.93,0.9893,171,0.88,0.9361,405,0.91,0.968,10,0.905,0.9627,14,0
IWM190913P151,2019-09-10,2019-09-10 09:30:26,0.93,0.9893,95,0.88,0.9361,360,0.91,0.968,10,0.905,0.9627,14,0
IWM190913P151,2019-09-10,2019-09-10 09:30:27,0.93,0.9893,192,0.88,0.9361,369,0.91,0.968,10,0.905,0.9627,14,0
IWM190913P151,2019-09-10,2019-09-10 09:30:27,0.93,0.9893,156,0.88,0.9361,350,0.91,0.968,10,0.905,0.9627,14,0
IWM190913P151,2019-09-10,2019-09-10 09:30:28,0.92,0.9787,248,0.86,0.9148,60,0.91,0.968,10,0.89,0.9468,14,0
IWM190913P151,2019-09-10,2019-09-10 09:30:28,0.92,0.9787,152,0.88,0.9361,341,0.91,0.968,10,0.9,0.9574,14,0
IWM190913P151,2019-09-10,2019-09-10 09:30:29,0.91,0.968,30,0.87,0.9255,22,0.91,0.968,10,0.89,0.9468,14,0
IWM190913P151,2019-09-10,2019-09-10 09:30:29,0.91,0.968,10,0.87,0.9255,17,0.91,0.968,10,0.89,0.9468,14,0
IWM190913P151,2019-09-10,2019-09-10 09:30:30,0.91,0.968,175,0.86,0.9148,286,0.91,0.968,10,0.885,0.9414,14,0
IWM190913P151,2019-09-10,2019-09-10 09:30:30,0.91,0.968,301,0.86,0.9148,308,0.91,0.968,10,0.885,0.9414,14,0
IWM190913P151,2019-09-10,2019-09-10 09:30:31,0.92,0.9787,161,0.88,0.9361,13,0.91,0.968,10,0.9,0.9574,14,0
IWM190913P151,2019-09-10,2019-09-10 09:30:31,0.9,0.9574,13,0.87,0.9255,13,0.91,0.968,10,0.885,0.9414,14,0
IWM190913P151,2019-09-10,2019-09-10 09:30:32,0.92,0.9787,14,0.89,0.9468,13,0.91,0.968,10,0.905,0.9627,14,0
IWM190913P151,2019-09-10,2019-09-10 09:30:33,0.92,0.9787,41,0.89,0.9468,13,0.91,0.968,10,0.905,0.9627,14,0
IWM190913P151,2019-09-10,2019-09-10 09:30:33,0.92,0.9787,20,0.89,0.9468,13,0.91,0.968,10,0.905,0.9627,14,0
IWM190913P151,2019-09-10,2019-09-10 09:30:34,0.92,0.9787,13,0.89,0.9468,31,0.91,0.968,10,0.905,0.9627,14,0
IWM190913P151,2019-09-10,2019-09-10 09:30:34,0.92,0.9787,13,0.89,0.9468,13,0.91,0.968,10,0.905,0.9627,14,0
IWM190913P151,2019-09-10,2019-09-10 09:30:35,0.92,0.9787,13,0.89,0.9468,150,0.91,0.968,10,0.905,0.9627,14,0
IWM190913P151,2019-09-10,2019-09-10 09:30:35,0.92,0.9787,26,0.89,0.9468,60,0.91,0.968,10,0.905,0.9627,14,0
IWM190913P151,2019-09-10,2019-09-10 09:30:36,0.93,0.9893,24,0.9,0.9574,23,0.91,0.968,10,0.915,0.9734,14,0
IWM190913P151,2019-09-10,2019-09-10 09:30:36,0.93,0.9893,20,0.9,0.9574,13,0.91,0.968,10,0.915,0.9734,14,0
IWM190913P151,2019-09-10,2019-09-10 09:30:37,0.94,1.0,133,0.9,0.9574,229,0.91,0.968,10,0.92,0.9787,14,0
IWM190913P151,2019-09-10,2019-09-10 09:30:37,0.93,0.9893,52,0.9,0.9574,23,0.91,0.968,10,0.915,0.9734,14,0
IWM190913P151,2019-09-10,2019-09-10 09:30:38,0.94,1.0,262,0.91,0.968,112,0.91,0.968,10,0.925,0.984,14,0
IWM190913P151,2019-09-10,2019-09-10 09:30:39,0.93,0.9893,13,0.91,0.968,138,0.91,0.968,10,0.92,0.9787,14,0
IWM190913P151,2019-09-10,2019-09-10 09:30:39,0.93,0.9893,20,0.91,0.968,138,0.91,0.968,10,0.92,0.9787,14,0
IWM190913P151,2019-09-10,2019-09-10 09:30:40,0.94,1.0,173,0.91,0.968,354,0.91,0.968,10,0.925,0.984,14,0
IWM190913P151,2019-09-10,2019-09-10 09:30:40,0.94,1.0,195,0.91,0.968,339,0.91,0.968,10,0.925,0.984,14,0
IWM190913P151,2019-09-10,2019-09-10 09:30:41,0.94,1.0,137,0.92,0.9787,13,0.91,0.968,10,0.93,0.9893,14,0
IWM190913P151,2019-09-10,2019-09-10 09:30:42,0.93,0.9893,14,0.9,0.9574,41,0.91,0.968,10,0.915,0.9734,14,0
IWM190913P151,2019-09-10,2019-09-10 09:30:42,0.94,1.0,241,0.91,0.968,50,0.91,0.968,10,0.925,0.984,14,0
IWM190913P151,2019-09-10,2019-09-10 09:30:43,0.93,0.9893,14,0.9,0.9574,36,0.91,0.968,10,0.915,0.9734,14,0
IWM190913P151,2019-09-10,2019-09-10 09:30:43,0.92,0.9787,21,0.89,0.9468,206,0.91,0.968,10,0.905,0.9627,14,0
IWM190913P151,2019-09-10,2019-09-10 09:30:44,0.92,0.9787,13,0.89,0.9468,103,0.91,0.968,10,0.905,0.9627,14,0
IWM190913P151,2019-09-10,2019-09-10 09:30:44,0.92,0.9787,30,0.89,0.9468,94,0.91,0.968,10,0.905,0.9627,14,0
IWM190913P151,2019-09-10,2019-09-10 09:30:45,0.92,0.9787,30,0.89,0.9468,200,0.91,0.968,10,0.905,0.9627,14,0
IWM190913P151,2019-09-10,2019-09-10 09:30:45,0.91,0.968,13,0.89,0.9468,35,0.91,0.968,10,0.9,0.9574,14,0
IWM190913P151,2019-09-10,2019-09-10 09:30:46,0.91,0.968,13,0.89,0.9468,100,0.91,0.968,10,0.9,0.9574,14,0
IWM190913P151,2019-09-10,2019-09-10 09:30:46,0.91,0.968,13,0.89,0.9468,223,0.91,0.968,10,0.9,0.9574,14,0
IWM190913P151,2019-09-10,2019-09-10 09:30:47,0.92,0.9787,14,0.89,0.9468,306,0.91,0.968,10,0.905,0.9627,14,0
IWM190913P151,2019-09-10,2019-09-10 09:30:47,0.92,0.9787,13,0.9,0.9574,77,0.91,0.968,10,0.91,0.968,14,0
IWM190913P151,2019-09-10,2019-09-10 09:30:48,0.92,0.9787,13,0.9,0.9574,144,0.91,0.968,10,0.91,0.968,14,0
IWM190913P151,2019-09-10,2019-09-10 09:30:48,0.92,0.9787,13,0.9,0.9574,265,0.91,0.968,10,0.91,0.968,14,0
IWM190913P151,2019-09-10,2019-09-10 09:30:49,0.93,0.9893,13,0.91,0.968,28,0.91,0.968,10,0.92,0.9787,14,0
IWM190913P151,2019-09-10,2019-09-10 09:30:49,0.92,0.9787,13,0.9,0.9574,77,0.91,0.968,10,0.91,0.968,14,0
IWM190913P151,2019-09-10,2019-09-10 09:30:50,0.95,1.0106,1,0.92,0.9787,64,0.91,0.968,10,0.935,0.9946,14,0
IWM190913P151,2019-09-10,2019-09-10 09:30:50,0.94,1.0,14,0.91,0.968,28,0.91,0.968,10,0.925,0.984,14,0
IWM190913P151,2019-09-10,2019-09-10 09:30:51,0.95,1.0106,1,0.92,0.9787,221,0.91,0.968,10,0.935,0.9946,14,0
IWM190913P151,2019-09-10,2019-09-10 09:30:52,0.95,1.0106,1,0.92,0.9787,262,0.91,0.968,10,0.935,0.9946,14,0
IWM190913P151,2019-09-10,2019-09-10 09:30:52,0.95,1.0106,1,0.92,0.9787,272,0.91,0.968,10,0.935,0.9946,14,0
IWM190913P151,2019-09-10,2019-09-10 09:30:53,0.94,1.0,20,0.91,0.968,109,0.91,0.968,10,0.925,0.984,14,0
IWM190913P151,2019-09-10,2019-09-10 09:30:53,0.93,0.9893,13,0.91,0.968,23,0.91,0.968,10,0.92,0.9787,14,0
IWM190913P151,2019-09-10,2019-09-10 09:30:54,0.93,0.9893,20,0.9,0.9574,318,0.91,0.968,10,0.915,0.9734,14,0
IWM190913P151,2019-09-10,2019-09-10 09:30:54,0.93,0.9893,20,0.91,0.968,14,0.91,0.968,10,0.92,0.9787,14,0
IWM190913P151,2019-09-10,2019-09-10 09:30:55,0.95,1.0106,13,0.92,0.9787,13,0.91,0.968,10,0.935,0.9946,14,0
IWM190913P151,2019-09-10,2019-09-10 09:30:55,0.93,0.9893,13,0.91,0.968,80,0.91,0.968,10,0.92,0.9787,14,0
IWM190913P151,2019-09-10,2019-09-10 09:30:56,0.97,1.0319,13,0.94,1.0,14,0.91,0.968,10,0.955,1.0159,14,0
IWM190913P151,2019-09-10,2019-09-10 09:30:56,0.94,1.0,13,0.92,0.9787,229,0.91,0.968,10,0.93,0.9893,14,0
IWM190913P151,2019-09-10,2019-09-10 09:30:57,0.97,1.0319,13,0.94,1.0,326,0.91,0.968,10,0.955,1.0159,14,0
IWM190913P151,2019-09-10,2019-09-10 09:30:57,0.96,1.0212,13,0.94,1.0,303,0.91,0.968,10,0.95,1.0106,14,0
IWM190913P151,2019-09-10,2019-09-10 09:30:58,0.96,1.0212,13,0.94,1.0,135,0.91,0.968,10,0.95,1.0106,14,0
IWM190913P151,2019-09-10,2019-09-10 09:30:58,0.97,1.0319,13,0.94,1.0,79,0.91,0.968,10,0.955,1.0159,14,0
IWM190913P151,2019-09-10,2019-09-10 09:30:59,0.96,1.0212,16,0.93,0.9893,302,0.91,0.968,10,0.945,1.0053,14,0
IWM190913P151,2019-09-10,2019-09-10 09:30:59,0.96,1.0212,13,0.94,1.0,135,0.91,0.968,10,0.95,1.0106,14,0
IWM190913P151,2019-09-10,2019-09-10 09:31:00,0.95,1.0106,20,0.93,0.9893,302,0.91,0.968,10,0.94,1.0,14,0
IWM190913P151,2019-09-10,2019-09-10 09:31:00,0.97,1.0319,13,0.94,1.0,33,0.91,0.968,10,0.955,1.0159,14,0
IWM190913P151,2019-09-10,2019-09-10 09:31:01,0.98,1.0425,20,0.95,1.0106,210,0.91,0.968,10,0.965,1.0265,14,0
IWM190913P151,2019-09-10,2019-09-10 09:31:01,0.98,1.0425,13,0.95,1.0106,161,0.91,0.968,10,0.965,1.0265,14,0
IWM190913P151,2019-09-10,2019-09-10 09:31:02,0.98,1.0425,13,0.96,1.0212,93,0.91,0.968,10,0.97,1.0319,14,0
IWM190913P151,2019-09-10,2019-09-10 09:31:02,0.98,1.0425,13,0.95,1.0106,238,0.91,0.968,10,0.965,1.0265,14,0
IWM190913P151,2019-09-10,2019-09-10 09:31:03,0.98,1.0425,13,0.96,1.0212,174,0.91,0.968,10,0.97,1.0319,14,0
IWM190913P151,2019-09-10,2019-09-10 09:31:03,0.99,1.0531,13,0.96,1.0212,133,0.91,0.968,10,0.975,1.0372,14,0
IWM190913P151,2019-09-10,2019-09-10 09:31:04,1.01,1.0744,13,0.98,1.0425,13,0.91,0.968,10,0.995,1.0585,14,0
IWM190913P151,2019-09-10,2019-09-10 09:31:04,0.99,1.0531,13,0.96,1.0212,133,0.91,0.968,10,0.975,1.0372,14,0
IWM190913P151,2019-09-10,2019-09-10 09:31:05,1.02,1.0851,13,0.99,1.0531,13,0.91,0.968,10,1.005,1.0691,14,0
IWM190913P151,2019-09-10,2019-09-10 09:31:05,1.0,1.0638,13,0.97,1.0319,103,0.91,0.968,10,0.985,1.0478,14,0
IWM190913P151,2019-09-10,2019-09-10 09:31:06,1.01,1.0744,13,0.98,1.0425,67,0.91,0.968,10,0.995,1.0585,14,0
IWM190913P151,2019-09-10,2019-09-10 09:31:06,1.01,1.0744,13,0.98,1.0425,49,0.91,0.968,10,0.995,1.0585,14,0
IWM190913P151,2019-09-10,2019-09-10 09:31:07,1.0,1.0638,13,0.97,1.0319,137,0.91,0.968,10,0.985,1.0478,14,0
IWM190913P151,2019-09-10,2019-09-10 09:31:07,1.0,1.0638,20,0.97,1.0319,36,0.91,0.968,10,0.985,1.0478,14,0
IWM190913P151,2019-09-10,2019-09-10 09:31:08,1.0,1.0638,13,0.97,1.0319,33,0.91,0.968,10,0.985,1.0478,14,0
IWM190913P151,2019-09-10,2019-09-10 09:31:09,0.98,1.0425,20,0.95,1.0106,21,0.91,0.968,10,0.965,1.0265,14,0
IWM190913P151,2019-09-10,2019-09-10 09:31:09,0.97,1.0319,13,0.95,1.0106,17,0.91,0.968,10,0.96,1.0212,14,0
IWM190913P151,2019-09-10,2019-09-10 09:31:10,0.97,1.0319,20,0.94,1.0,105,0.91,0.968,10,0.955,1.0159,14,0
IWM190913P151,2019-09-10,2019-09-10 09:31:10,0.98,1.0425,20,0.95,1.0106,37,0.91,0.968,10,0.965,1.0265,14,0
IWM190913P151,2019-09-10,2019-09-10 09:31:11,0.96,1.0212,20,0.94,1.0,11,0.91,0.968,10,0.95,1.0106,14,0
IWM190913P151,2019-09-10,2019-09-10 09:31:11,0.97,1.0319,20,0.94,1.0,135,0.91,0.968,10,0.955,1.0159,14,0
IWM190913P151,2019-09-10,2019-09-10 09:31:12,0.97,1.0319,13,0.94,1.0,18,0.97,1.0319,5,0.955,1.0159,19,0
IWM190913P151,2019-09-10,2019-09-10 09:31:12,0.97,1.0319,13,0.94,1.0,21,0.97,1.0319,5,0.955,1.0159,19,5
IWM190913P151,2019-09-10,2019-09-10 09:31:13,0.97,1.0319,26,0.94,1.0,14,0.97,1.0319,5,0.955,1.0159,19,0
IWM190913P151,2019-09-10,2019-09-10 09:31:13,0.97,1.0319,20,0.94,1.0,14,0.97,1.0319,5,0.955,1.0159,19,0
IWM190913P151,2019-09-10,2019-09-10 09:31:14,0.97,1.0319,20,0.94,1.0,18,0.97,1.0319,5,0.955,1.0159,19,0
IWM190913P151,2019-09-10,2019-09-10 09:31:14,0.96,1.0212,13,0.94,1.0,14,0.97,1.0319,5,0.95,1.0106,19,0
IWM190913P151,2019-09-10,2019-09-10 09:31:15,0.97,1.0319,20,0.94,1.0,33,0.97,1.0319,5,0.955,1.0159,19,0
IWM190913P151,2019-09-10,2019-09-10 09:31:15,0.96,1.0212,13,0.94,1.0,33,0.97,1.0319,5,0.95,1.0106,19,0
IWM190913P151,2019-09-10,2019-09-10 09:31:16,0.96,1.0212,13,0.94,1.0,17,0.97,1.0319,5,0.95,1.0106,19,0
IWM190913P151,2019-09-10,2019-09-10 09:31:16,0.97,1.0319,13,0.95,1.0106,13,0.97,1.0319,5,0.96,1.0212,19,0
IWM190913P151,2019-09-10,2019-09-10 09:31:17,0.96,1.0212,20,0.94,1.0,14,0.97,1.0319,5,0.95,1.0106,19,0
IWM190913P151,2019-09-10,2019-09-10 09:31:17,0.96,1.0212,20,0.93,0.9893,14,0.97,1.0319,5,0.945,1.0053,19,0
IWM190913P151,2019-09-10,2019-09-10 09:31:18,0.95,1.0106,25,0.92,0.9787,19,0.97,1.0319,5,0.935,0.9946,19,0
IWM190913P151,2019-09-10,2019-09-10 09:31:18,0.94,1.0,13,0.92,0.9787,13,0.97,1.0319,5,0.93,0.9893,19,0
IWM190913P151,2019-09-10,2019-09-10 09:31:19,0.93,0.9893,13,0.9,0.9574,19,0.97,1.0319,5,0.915,0.9734,19,0
IWM190913P151,2019-09-10,2019-09-10 09:31:19,0.92,0.9787,20,0.9,0.9574,13,0.97,1.0319,5,0.91,0.968,19,0
IWM190913P151,2019-09-10,2019-09-10 09:31:20,0.91,0.968,60,0.89,0.9468,4,0.97,1.0319,5,0.9,0.9574,19,0
IWM190913P151,2019-09-10,2019-09-10 09:31:20,0.92,0.9787,199,0.89,0.9468,17,0.97,1.0319,5,0.905,0.9627,19,0
IWM190913P151,2019-09-10,2019-09-10 09:31:21,0.92,0.9787,69,0.9,0.9574,13,0.97,1.0319,5,0.91,0.968,19,0
IWM190913P151,2019-09-10,2019-09-10 09:31:21,0.92,0.9787,102,0.89,0.9468,13,0.97,1.0319,5,0.905,0.9627,19,0
IWM190913P151,2019-09-10,2019-09-10 09:31:22,0.91,0.968,13,0.88,0.9361,19,0.97,1.0319,5,0.895,0.9521,19,0
IWM190913P151,2019-09-10,2019-09-10 09:31:22,0.92,0.9787,69,0.89,0.9468,18,0.97,1.0319,5,0.905,0.9627,19,0
IWM190913P151,2019-09-10,2019-09-10 09:31:23,0.91,0.968,208,0.88,0.9361,17,0.97,1.0319,5,0.895,0.9521,19,0
IWM190913P151,2019-09-10,2019-09-10 09:31:23,0.91,0.968,237,0.89,0.9468,13,0.97,1.0319,5,0.9,0.9574,19,0
IWM190913P151,2019-09-10,2019-09-10 09:31:24,0.9,0.9574,72,0.88,0.9361,14,0.97,1.0319,5,0.89,0.9468,19,0
IWM190913P151,2019-09-10,2019-09-10 09:31:25,0.9,0.9574,227,0.88,0.9361,13,0.97,1.0319,5,0.89,0.9468,19,0
IWM190913P151,2019-09-10,2019-09-10 09:31:25,0.9,0.9574,196,0.88,0.9361,14,0.97,1.0319,5,0.89,0.9468,19,0
IWM190913P151,2019-09-10,2019-09-10 09:31:26,0.89,0.9468,60,0.87,0.9255,14,0.97,1.0319,5,0.88,0.9361,19,0
IWM190913P151,2019-09-10,2019-09-10 09:31:26,0.9,0.9574,96,0.88,0.9361,13,0.97,1.0319,5,0.89,0.9468,19,0
IWM190913P151,2019-09-10,2019-09-10 09:31:27,0.9,0.9574,60,0.88,0.9361,13,0.97,1.0319,5,0.89,0.9468,19,0
IWM190913P151,2019-09-10,2019-09-10 09:31:27,0.9,0.9574,271,0.88,0.9361,13,0.97,1.0319,5,0.89,0.9468,19,0
IWM190913P151,2019-09-10,2019-09-10 09:31:28,0.89,0.9468,13,0.87,0.9255,5,0.97,1.0319,5,0.88,0.9361,19,0
IWM190913P151,2019-09-10,2019-09-10 09:31:28,0.89,0.9468,280,0.87,0.9255,1,0.97,1.0319,5,0.88,0.9361,19,0
IWM190913P151,2019-09-10,2019-09-10 09:31:29,0.89,0.9468,255,0.87,0.9255,1,0.97,1.0319,5,0.88,0.9361,19,0
IWM190913P151,2019-09-10,2019-09-10 09:31:30,0.89,0.9468,173,0.87,0.9255,13,0.97,1.0319,5,0.88,0.9361,19,0
IWM190913P151,2019-09-10,2019-09-10 09:31:31,0.89,0.9468,71,0.87,0.9255,14,0.97,1.0319,5,0.88,0.9361,19,0
IWM190913P151,2019-09-10,2019-09-10 09:31:32,0.89,0.9468,235,0.87,0.9255,1,0.97,1.0319,5,0.88,0.9361,19,0
IWM190913P151,2019-09-10,2019-09-10 09:31:32,0.89,0.9468,401,0.87,0.9255,1,0.97,1.0319,5,0.88,0.9361,19,0
IWM190913P151,2019-09-10,2019-09-10 09:31:33,0.88,0.9361,72,0.85,0.9042,20,0.97,1.0319,5,0.865,0.9202,19,0
IWM190913P151,2019-09-10,2019-09-10 09:31:33,0.88,0.9361,13,0.86,0.9148,20,0.97,1.0319,5,0.87,0.9255,19,0
IWM190913P151,2019-09-10,2019-09-10 09:31:34,0.87,0.9255,20,0.85,0.9042,13,0.97,1.0319,5,0.86,0.9148,19,0
IWM190913P151,2019-09-10,2019-09-10 09:31:34,0.87,0.9255,69,0.84,0.8936,20,0.97,1.0319,5,0.855,0.9095,19,0
IWM190913P151,2019-09-10,2019-09-10 09:31:35,0.87,0.9255,84,0.84,0.8936,20,0.97,1.0319,5,0.855,0.9095,19,0
IWM190913P151,2019-09-10,2019-09-10 09:31:35,0.87,0.9255,232,0.84,0.8936,20,0.97,1.0319,5,0.855,0.9095,19,0
IWM190913P151,2019-09-10,2019-09-10 09:31:36,0.88,0.9361,13,0.85,0.9042,20,0.97,1.0319,5,0.865,0.9202,19,0
IWM190913P151,2019-09-10,2019-09-10 09:31:36,0.88,0.9361,20,0.86,0.9148,13,0.97,1.0319,5,0.87,0.9255,19,0
IWM190913P151,2019-09-10,2019-09-10 09:31:37,0.88,0.9361,54,0.86,0.9148,13,0.97,1.0319,5,0.87,0.9255,19,0
IWM190913P151,2019-09-10,2019-09-10 09:31:37,0.89,0.9468,131,0.86,0.9148,13,0.97,1.0319,5,0.875,0.9308,19,0
IWM190913P151,2019-09-10,2019-09-10 09:31:38,0.89,0.9468,74,0.86,0.9148,13,0.97,1.0319,5,0.875,0.9308,19,0
IWM190913P151,2019-09-10,2019-09-10 09:31:38,0.9,0.9574,411,0.86,0.9148,13,0.97,1.0319,5,0.88,0.9361,19,0
IWM190913P151,2019-09-10,2019-09-10 09:31:39,0.9,0.9574,20,0.88,0.9361,13,0.97,1.0319,5,0.89,0.9468,19,0
IWM190913P151,2019-09-10,2019-09-10 09:31:39,0.9,0.9574,46,0.88,0.9361,13,0.97,1.0319,5,0.89,0.9468,19,0
IWM190913P151,2019-09-10,2019-09-10 09:31:40,0.91,0.968,60,0.89,0.9468,13,0.97,1.0319,5,0.9,0.9574,19,0
IWM190913P151,2019-09-10,2019-09-10 09:31:41,0.91,0.968,10,0.89,0.9468,31,0.97,1.0319,5,0.9,0.9574,19,0
IWM190913P151,2019-09-10,2019-09-10 09:31:41,0.91,0.968,10,0.9,0.9574,14,0.97,1.0319,5,0.905,0.9627,19,0
IWM190913P151,2019-09-10,2019-09-10 09:31:42,0.93,0.9893,385,0.9,0.9574,14,0.97,1.0319,5,0.915,0.9734,19,0
IWM190913P151,2019-09-10,2019-09-10 09:31:43,0.92,0.9787,144,0.89,0.9468,14,0.97,1.0319,5,0.905,0.9627,19,0
IWM190913P151,2019-09-10,2019-09-10 09:31:43,0.92,0.9787,144,0.9,0.9574,14,0.97,1.0319,5,0.91,0.968,19,0
IWM190913P151,2019-09-10,2019-09-10 09:31:44,0.92,0.9787,85,0.9,0.9574,13,0.97,1.0319,5,0.91,0.968,19,0
IWM190913P151,2019-09-10,2019-09-10 09:31:45,0.92,0.9787,69,0.9,0.9574,13,0.97,1.0319,5,0.91,0.968,19,0
IWM190913P151,2019-09-10,2019-09-10 09:31:45,0.94,1.0,435,0.9,0.9574,13,0.97,1.0319,5,0.92,0.9787,19,0
IWM190913P151,2019-09-10,2019-09-10 09:31:46,0.94,1.0,342,0.91,0.968,14,0.97,1.0319,5,0.925,0.984,19,0
IWM190913P151,2019-09-10,2019-09-10 09:31:46,0.93,0.9893,53,0.91,0.968,13,0.97,1.0319,5,0.92,0.9787,19,0
IWM190913P151,2019-09-10,2019-09-10 09:31:47,0.94,1.0,308,0.91,0.968,13,0.97,1.0319,5,0.925,0.984,19,0
IWM190913P151,2019-09-10,2019-09-10 09:31:47,0.95,1.0106,13,0.92,0.9787,13,0.97,1.0319,5,0.935,0.9946,19,0
IWM190913P151,2019-09-10,2019-09-10 09:31:48,0.94,1.0,13,0.92,0.9787,13,0.97,1.0319,5,0.93,0.9893,19,0
IWM190913P151,2019-09-10,2019-09-10 09:31:49,0.94,1.0,160,0.92,0.9787,13,0.97,1.0319,5,0.93,0.9893,19,0
IWM190913P151,2019-09-10,2019-09-10 09:31:49,0.94,1.0,286,0.92,0.9787,13,0.97,1.0319,5,0.93,0.9893,19,0
IWM190913P151,2019-09-10,2019-09-10 09:31:50,0.94,1.0,13,0.92,0.9787,13,0.97,1.0319,5,0.93,0.9893,19,0
IWM190913P151,2019-09-10,2019-09-10 09:31:50,0.95,1.0106,80,0.93,0.9893,13,0.97,1.0319,5,0.94,1.0,19,0
IWM190913P151,2019-09-10,2019-09-10 09:31:51,0.94,1.0,20,0.92,0.9787,14,0.97,1.0319,5,0.93,0.9893,19,0
IWM190913P151,2019-09-10,2019-09-10 09:31:52,0.95,1.0106,20,0.93,0.9893,14,0.97,1.0319,5,0.94,1.0,19,0
IWM190913P151,2019-09-10,2019-09-10 09:31:52,0.95,1.0106,82,0.92,0.9787,14,0.97,1.0319,5,0.935,0.9946,19,0
IWM190913P151,2019-09-10,2019-09-10 09:31:53,0.95,1.0106,20,0.93,0.9893,14,0.97,1.0319,5,0.94,1.0,19,0
IWM190913P151,2019-09-10,2019-09-10 09:31:53,0.96,1.0212,104,0.94,1.0,13,0.97,1.0319,5,0.95,1.0106,19,0
IWM190913P151,2019-09-10,2019-09-10 09:31:54,0.96,1.0212,60,0.94,1.0,14,0.97,1.0319,5,0.95,1.0106,19,0
IWM190913P151,2019-09-10,2019-09-10 09:31:55,0.96,1.0212,60,0.94,1.0,14,0.97,1.0319,5,0.95,1.0106,19,0
IWM190913P151,2019-09-10,2019-09-10 09:31:55,0.96,1.0212,69,0.94,1.0,14,0.97,1.0319,5,0.95,1.0106,19,0
IWM190913P151,2019-09-10,2019-09-10 09:31:56,0.96,1.0212,86,0.94,1.0,13,0.97,1.0319,5,0.95,1.0106,19,0
IWM190913P151,2019-09-10,2019-09-10 09:31:56,0.96,1.0212,13,0.94,1.0,14,0.97,1.0319,5,0.95,1.0106,19,0
IWM190913P151,2019-09-10,2019-09-10 09:31:57,0.96,1.0212,69,0.94,1.0,14,0.97,1.0319,5,0.95,1.0106,19,0
IWM190913P151,2019-09-10,2019-09-10 09:31:57,0.96,1.0212,60,0.94,1.0,14,0.97,1.0319,5,0.95,1.0106,19,0
IWM190913P151,2019-09-10,2019-09-10 09:31:58,0.96,1.0212,60,0.94,1.0,13,0.97,1.0319,5,0.95,1.0106,19,0
IWM190913P151,2019-09-10,2019-09-10 09:31:58,0.96,1.0212,77,0.94,1.0,14,0.97,1.0319,5,0.95,1.0106,19,0
IWM190913P151,2019-09-10,2019-09-10 09:31:59,0.97,1.0319,168,0.94,1.0,14,0.97,1.0319,5,0.955,1.0159,19,0
IWM190913P151,2019-09-10,2019-09-10 09:31:59,0.97,1.0319,69,0.94,1.0,14,0.97,1.0319,5,0.955,1.0159,19,0
IWM190913P151,2019-09-10,2019-09-10 09:32:00,0.97,1.0319,60,0.94,1.0,14,0.97,1.0319,5,0.955,1.0159,19,0
IWM190913P151,2019-09-10,2019-09-10 09:32:00,0.97,1.0319,245,0.94,1.0,14,0.97,1.0319,5,0.955,1.0159,19,0
IWM190913P151,2019-09-10,2019-09-10 09:32:01,0.99,1.0531,184,0.96,1.0212,14,0.97,1.0319,5,0.975,1.0372,19,0
IWM190913P151,2019-09-10,2019-09-10 09:32:02,0.98,1.0425,230,0.96,1.0212,14,0.97,1.0319,5,0.97,1.0319,19,0
IWM190913P151,2019-09-10,2019-09-10 09:32:02,0.98,1.0425,69,0.96,1.0212,14,0.97,1.0319,5,0.97,1.0319,19,0
IWM190913P151,2019-09-10,2019-09-10 09:32:03,0.99,1.0531,145,0.96,1.0212,14,0.97,1.0319,5,0.975,1.0372,19,0
IWM190913P151,2019-09-10,2019-09-10 09:32:03,0.98,1.0425,33,0.95,1.0106,58,0.97,1.0319,5,0.965,1.0265,19,0
IWM190913P151,2019-09-10,2019-09-10 09:32:04,0.98,1.0425,182,0.96,1.0212,13,0.97,1.0319,5,0.97,1.0319,19,0
IWM190913P151,2019-09-10,2019-09-10 09:32:04,0.98,1.0425,153,0.95,1.0106,13,0.97,1.0319,5,0.965,1.0265,19,0
IWM190913P151,2019-09-10,2019-09-10 09:32:05,0.98,1.0425,77,0.96,1.0212,14,0.97,1.0319,5,0.97,1.0319,19,0
IWM190913P151,2019-09-10,2019-09-10 09:32:05,0.99,1.0531,265,0.96,1.0212,20,0.97,1.0319,5,0.975,1.0372,19,0
IWM190913P151,2019-09-10,2019-09-10 09:32:06,0.98,1.0425,103,0.96,1.0212,13,0.97,1.0319,5,0.97,1.0319,19,0
IWM190913P151,2019-09-10,2019-09-10 09:32:06,0.98,1.0425,116,0.96,1.0212,13,0.97,1.0319,5,0.97,1.0319,19,0
IWM190913P151,2019-09-10,2019-09-10 09:32:07,0.98,1.0425,123,0.96,1.0212,13,0.97,1.0319,5,0.97,1.0319,19,0
IWM190913P151,2019-09-10,2019-09-10 09:32:07,0.98,1.0425,319,0.96,1.0212,13,0.97,1.0319,5,0.97,1.0319,19,0
IWM190913P151,2019-09-10,2019-09-10 09:32:08,0.98,1.0425,73,0.96,1.0212,14,0.97,1.0319,5,0.97,1.0319,19,0
IWM190913P151,2019-09-10,2019-09-10 09:32:08,0.98,1.0425,103,0.96,1.0212,14,0.97,1.0319,5,0.97,1.0319,19,0
IWM190913P151,2019-09-10,2019-09-10 09:32:09,0.99,1.0531,39,0.97,1.0319,14,0.97,1.0319,5,0.98,1.0425,19,0
IWM190913P151,2019-09-10,2019-09-10 09:32:09,0.98,1.0425,90,0.96,1.0212,14,0.97,1.0319,5,0.97,1.0319,19,0
IWM190913P151,2019-09-10,2019-09-10 09:32:10,1.0,1.0638,270,0.97,1.0319,14,0.97,1.0319,5,0.985,1.0478,19,0
IWM190913P151,2019-09-10,2019-09-10 09:32:10,1.0,1.0638,149,0.97,1.0319,14,0.97,1.0319,5,0.985,1.0478,19,0
IWM190913P151,2019-09-10,2019-09-10 09:32:11,1.0,1.0638,236,0.97,1.0319,14,0.97,1.0319,5,0.985,1.0478,19,0
IWM190913P151,2019-09-10,2019-09-10 09:32:11,0.99,1.0531,1,0.97,1.0319,20,0.97,1.0319,5,0.98,1.0425,19,0
IWM190913P151,2019-09-10,2019-09-10 09:32:12,1.0,1.0638,25,0.98,1.0425,14,0.97,1.0319,5,0.99,1.0531,19,0
IWM190913P151,2019-09-10,2019-09-10 09:32:12,1.0,1.0638,332,0.98,1.0425,14,0.97,1.0319,5,0.99,1.0531,19,0
IWM190913P151,2019-09-10,2019-09-10 09:32:13,1.0,1.0638,16,0.98,1.0425,14,0.97,1.0319,5,0.99,1.0531,19,0
IWM190913P151,2019-09-10,2019-09-10 09:32:13,1.0,1.0638,17,0.98,1.0425,14,0.97,1.0319,5,0.99,1.0531,19,0
IWM190913P151,2019-09-10,2019-09-10 09:32:14,1.0,1.0638,1,0.98,1.0425,14,0.97,1.0319,5,0.99,1.0531,19,0
IWM190913P151,2019-09-10,2019-09-10 09:32:14,1.01,1.0744,294,0.98,1.0425,14,0.97,1.0319,5,0.995,1.0585,19,0
IWM190913P151,2019-09-10,2019-09-10 09:32:15,1.0,1.0638,10,0.98,1.0425,14,0.97,1.0319,5,0.99,1.0531,19,0
IWM190913P151,2019-09-10,2019-09-10 09:32:15,1.0,1.0638,20,0.99,1.0531,14,0.97,1.0319,5,0.995,1.0585,19,0
IWM190913P151,2019-09-10,2019-09-10 09:32:16,1.01,1.0744,327,0.99,1.0531,13,0.97,1.0319,5,1.0,1.0638,19,0
IWM190913P151,2019-09-10,2019-09-10 09:32:17,1.0,1.0638,94,0.98,1.0425,13,0.97,1.0319,5,0.99,1.0531,19,0
IWM190913P151,2019-09-10,2019-09-10 09:32:17,1.0,1.0638,202,0.98,1.0425,14,0.97,1.0319,5,0.99,1.0531,19,0
IWM190913P151,2019-09-10,2019-09-10 09:32:18,1.0,1.0638,214,0.98,1.0425,14,0.97,1.0319,5,0.99,1.0531,19,0
IWM190913P151,2019-09-10,2019-09-10 09:32:18,1.0,1.0638,94,0.98,1.0425,14,0.97,1.0319,5,0.99,1.0531,19,0
IWM190913P151,2019-09-10,2019-09-10 09:32:19,1.0,1.0638,30,0.98,1.0425,26,0.97,1.0319,5,0.99,1.0531,19,0
IWM190913P151,2019-09-10,2019-09-10 09:32:20,1.0,1.0638,335,0.97,1.0319,15,0.97,1.0319,5,0.985,1.0478,19,0
IWM190913P151,2019-09-10,2019-09-10 09:32:20,1.0,1.0638,325,0.98,1.0425,13,0.97,1.0319,5,0.99,1.0531,19,0
IWM190913P151,2019-09-10,2019-09-10 09:32:21,1.0,1.0638,296,0.97,1.0319,14,0.97,1.0319,5,0.985,1.0478,19,0
IWM190913P151,2019-09-10,2019-09-10 09:32:21,1.0,1.0638,288,0.97,1.0319,14,0.97,1.0319,5,0.985,1.0478,19,0
IWM190913P151,2019-09-10,2019-09-10 09:32:22,1.0,1.0638,325,0.98,1.0425,14,0.97,1.0319,5,0.99,1.0531,19,0
IWM190913P151,2019-09-10,2019-09-10 09:32:22,1.0,1.0638,294,0.98,1.0425,14,0.97,1.0319,5,0.99,1.0531,19,0
IWM190913P151,2019-09-10,2019-09-10 09:32:23,0.98,1.0425,13,0.96,1.0212,18,0.97,1.0319,5,0.97,1.0319,19,0
IWM190913P151,2019-09-10,2019-09-10 09:32:23,1.0,1.0638,202,0.98,1.0425,14,0.97,1.0319,5,0.99,1.0531,19,0
IWM190913P151,2019-09-10,2019-09-10 09:32:24,0.98,1.0425,154,0.96,1.0212,6,0.97,1.0319,5,0.97,1.0319,19,0
IWM190913P151,2019-09-10,2019-09-10 09:32:24,0.97,1.0319,94,0.96,1.0212,6,0.97,1.0319,5,0.965,1.0265,19,0
IWM190913P151,2019-09-10,2019-09-10 09:32:25,0.97,1.0319,229,0.96,1.0212,6,0.97,1.0319,5,0.965,1.0265,19,0
IWM190913P151,2019-09-10,2019-09-10 09:32:25,0.97,1.0319,130,0.96,1.0212,6,0.97,1.0319,5,0.965,1.0265,19,0
IWM190913P151,2019-09-10,2019-09-10 09:32:26,0.97,1.0319,132,0.96,1.0212,6,0.97,1.0319,5,0.965,1.0265,19,0
IWM190913P151,2019-09-10,2019-09-10 09:32:26,0.96,1.0212,48,0.94,1.0,13,0.96,1.0212,6,0.95,1.0106,25,6
IWM190913P151,2019-09-10,2019-09-10 09:32:27,0.96,1.0212,83,0.94,1.0,18,0.96,1.0212,6,0.95,1.0106,25,0
IWM190913P151,2019-09-10,2019-09-10 09:32:27,0.96,1.0212,50,0.94,1.0,18,0.96,1.0212,6,0.95,1.0106,25,0
IWM190913P151,2019-09-10,2019-09-10 09:32:28,0.97,1.0319,99,0.94,1.0,18,0.96,1.0212,6,0.955,1.0159,25,0
IWM190913P151,2019-09-10,2019-09-10 09:32:28,0.97,1.0319,303,0.94,1.0,18,0.96,1.0212,6,0.955,1.0159,25,0
IWM190913P151,2019-09-10,2019-09-10 09:32:29,0.96,1.0212,91,0.94,1.0,13,0.96,1.0212,6,0.95,1.0106,25,0
IWM190913P151,2019-09-10,2019-09-10 09:32:29,0.96,1.0212,10,0.94,1.0,18,0.96,1.0212,6,0.95,1.0106,25,0
IWM190913P151,2019-09-10,2019-09-10 09:32:30,0.96,1.0212,483,0.93,0.9893,20,0.96,1.0212,6,0.945,1.0053,25,0
IWM190913P151,2019-09-10,2019-09-10 09:32:30,0.96,1.0212,386,0.94,1.0,18,0.96,1.0212,6,0.95,1.0106,25,0
IWM190913P151,2019-09-10,2019-09-10 09:32:31,0.96,1.0212,520,0.93,0.9893,20,0.96,1.0212,6,0.945,1.0053,25,0
IWM190913P151,2019-09-10,2019-09-10 09:32:31,0.96,1.0212,311,0.94,1.0,18,0.96,1.0212,6,0.95,1.0106,25,0
IWM190913P151,2019-09-10,2019-09-10 09:32:32,0.96,1.0212,279,0.94,1.0,18,0.96,1.0212,6,0.95,1.0106,25,0
IWM190913P151,2019-09-10,2019-09-10 09:32:32,0.96,1.0212,284,0.94,1.0,18,0.96,1.0212,6,0.95,1.0106,25,0
IWM190913P151,2019-09-10,2019-09-10 09:32:33,0.96,1.0212,122,0.94,1.0,18,0.96,1.0212,6,0.95,1.0106,25,0
IWM190913P151,2019-09-10,2019-09-10 09:32:33,0.96,1.0212,73,0.94,1.0,18,0.96,1.0212,6,0.95,1.0106,25,0
IWM190913P151,2019-09-10,2019-09-10 09:32:34,0.96,1.0212,336,0.93,0.9893,29,0.96,1.0212,6,0.945,1.0053,25,0
IWM190913P151,2019-09-10,2019-09-10 09:32:34,0.96,1.0212,338,0.93,0.9893,29,0.96,1.0212,6,0.945,1.0053,25,0
IWM190913P151,2019-09-10,2019-09-10 09:32:35,0.95,1.0106,270,0.93,0.9893,13,0.96,1.0212,6,0.94,1.0,25,0
IWM190913P151,2019-09-10,2019-09-10 09:32:36,0.95,1.0106,88,0.93,0.9893,13,0.96,1.0212,6,0.94,1.0,25,0
IWM190913P151,2019-09-10,2019-09-10 09:32:36,0.95,1.0106,198,0.92,0.9787,19,0.96,1.0212,6,0.935,0.9946,25,0
IWM190913P151,2019-09-10,2019-09-10 09:32:37,0.97,1.0319,73,0.95,1.0106,14,0.96,1.0212,6,0.96,1.0212,25,0
IWM190913P151,2019-09-10,2019-09-10 09:32:37,0.97,1.0319,6,0.94,1.0,13,0.96,1.0212,6,0.955,1.0159,25,0
IWM190913P151,2019-09-10,2019-09-10 09:32:38,0.97,1.0319,13,0.95,1.0106,14,0.96,1.0212,6,0.96,1.0212,25,0
IWM190913P151,2019-09-10,2019-09-10 09:32:38,0.97,1.0319,42,0.95,1.0106,14,0.96,1.0212,6,0.96,1.0212,25,0
IWM190913P151,2019-09-10,2019-09-10 09:32:39,0.97,1.0319,108,0.95,1.0106,43,0.96,1.0212,6,0.96,1.0212,25,0
IWM190913P151,2019-09-10,2019-09-10 09:32:39,0.97,1.0319,13,0.94,1.0,66,0.96,1.0212,6,0.955,1.0159,25,0
IWM190913P151,2019-09-10,2019-09-10 09:32:40,0.98,1.0425,150,0.95,1.0106,14,0.96,1.0212,6,0.965,1.0265,25,0
IWM190913P151,2019-09-10,2019-09-10 09:32:40,0.97,1.0319,37,0.95,1.0106,14,0.96,1.0212,6,0.96,1.0212,25,0
IWM190913P151,2019-09-10,2019-09-10 09:32:41,0.98,1.0425,168,0.95,1.0106,19,0.96,1.0212,6,0.965,1.0265,25,0
IWM190913P151,2019-09-10,2019-09-10 09:32:41,0.97,1.0319,84,0.95,1.0106,13,0.96,1.0212,6,0.96,1.0212,25,0
IWM190913P151,2019-09-10,2019-09-10 09:32:42,0.97,1.0319,122,0.94,1.0,100,0.96,1.0212,6,0.955,1.0159,25,0
IWM190913P151,2019-09-10,2019-09-10 09:32:42,0.97,1.0319,117,0.95,1.0106,14,0.96,1.0212,6,0.96,1.0212,25,0
IWM190913P151,2019-09-10,2019-09-10 09:32:43,0.97,1.0319,119,0.95,1.0106,14,0.96,1.0212,6,0.96,1.0212,25,0
IWM190913P151,2019-09-10,2019-09-10 09:32:43,0.97,1.0319,168,0.94,1.0,355,0.96,1.0212,6,0.955,1.0159,25,0
IWM190913P151,2019-09-10,2019-09-10 09:32:44,0.97,1.0319,68,0.95,1.0106,14,0.96,1.0212,6,0.96,1.0212,25,0
IWM190913P151,2019-09-10,2019-09-10 09:32:44,0.97,1.0319,92,0.95,1.0106,13,0.96,1.0212,6,0.96,1.0212,25,0
IWM190913P151,2019-09-10,2019-09-10 09:32:45,0.97,1.0319,27,0.95,1.0106,14,0.96,1.0212,6,0.96,1.0212,25,0
IWM190913P151,2019-09-10,2019-09-10 09:32:45,0.97,1.0319,78,0.95,1.0106,20,0.96,1.0212,6,0.96,1.0212,25,0
IWM190913P151,2019-09-10,2019-09-10 09:32:46,0.97,1.0319,27,0.95,1.0106,14,0.96,1.0212,6,0.96,1.0212,25,0
IWM190913P151,2019-09-10,2019-09-10 09:32:46,0.98,1.0425,65,0.96,1.0212,13,0.96,1.0212,6,0.97,1.0319,25,0
IWM190913P151,2019-09-10,2019-09-10 09:32:47,0.98,1.0425,65,0.96,1.0212,116,0.96,1.0212,6,0.97,1.0319,25,0
IWM190913P151,2019-09-10,2019-09-10 09:32:47,0.98,1.0425,65,0.96,1.0212,56,0.96,1.0212,6,0.97,1.0319,25,0
IWM190913P151,2019-09-10,2019-09-10 09:32:48,0.98,1.0425,60,0.97,1.0319,13,0.96,1.0212,6,0.975,1.0372,25,0
IWM190913P151,2019-09-10,2019-09-10 09:32:48,0.98,1.0425,60,0.97,1.0319,23,0.96,1.0212,6,0.975,1.0372,25,0
IWM190913P151,2019-09-10,2019-09-10 09:32:49,0.98,1.0425,60,0.97,1.0319,13,0.96,1.0212,6,0.975,1.0372,25,0
IWM190913P151,2019-09-10,2019-09-10 09:32:50,0.98,1.0425,60,0.96,1.0212,20,0.96,1.0212,6,0.97,1.0319,25,0
IWM190913P151,2019-09-10,2019-09-10 09:32:50,0.98,1.0425,60,0.96,1.0212,14,0.96,1.0212,6,0.97,1.0319,25,0
IWM190913P151,2019-09-10,2019-09-10 09:32:51,0.98,1.0425,60,0.96,1.0212,14,0.96,1.0212,6,0.97,1.0319,25,0
IWM190913P151,2019-09-10,2019-09-10 09:32:52,0.98,1.0425,108,0.96,1.0212,14,0.96,1.0212,6,0.97,1.0319,25,0
IWM190913P151,2019-09-10,2019-09-10 09:32:52,0.98,1.0425,152,0.96,1.0212,14,0.96,1.0212,6,0.97,1.0319,25,0
IWM190913P151,2019-09-10,2019-09-10 09:32:53,0.98,1.0425,98,0.96,1.0212,14,0.96,1.0212,6,0.97,1.0319,25,0
IWM190913P151,2019-09-10,2019-09-10 09:32:53,0.98,1.0425,116,0.96,1.0212,14,0.96,1.0212,6,0.97,1.0319,25,0
IWM190913P151,2019-09-10,2019-09-10 09:32:54,0.98,1.0425,113,0.96,1.0212,17,0.96,1.0212,6,0.97,1.0319,25,0
IWM190913P151,2019-09-10,2019-09-10 09:32:55,0.98,1.0425,113,0.96,1.0212,18,0.96,1.0212,6,0.97,1.0319,25,0
IWM190913P151,2019-09-10,2019-09-10 09:32:55,0.98,1.0425,257,0.96,1.0212,22,0.96,1.0212,6,0.97,1.0319,25,0
IWM190913P151,2019-09-10,2019-09-10 09:32:56,0.98,1.0425,123,0.97,1.0319,16,0.96,1.0212,6,0.975,1.0372,25,0
IWM190913P151,2019-09-10,2019-09-10 09:32:56,0.98,1.0425,257,0.96,1.0212,22,0.96,1.0212,6,0.97,1.0319,25,0
IWM190913P151,2019-09-10,2019-09-10 09:32:57,0.98,1.0425,127,0.96,1.0212,22,0.96,1.0212,6,0.97,1.0319,25,0
IWM190913P151,2019-09-10,2019-09-10 09:32:57,0.98,1.0425,60,0.97,1.0319,3,0.96,1.0212,6,0.975,1.0372,25,0
IWM190913P151,2019-09-10,2019-09-10 09:32:58,0.98,1.0425,401,0.95,1.0106,20,0.96,1.0212,6,0.965,1.0265,25,0
IWM190913P151,2019-09-10,2019-09-10 09:32:58,0.97,1.0319,100,0.95,1.0106,20,0.96,1.0212,6,0.96,1.0212,25,0
IWM190913P151,2019-09-10,2019-09-10 09:32:59,0.97,1.0319,433,0.95,1.0106,20,0.96,1.0212,6,0.96,1.0212,25,0
IWM190913P151,2019-09-10,2019-09-10 09:32:59,0.97,1.0319,286,0.95,1.0106,20,0.96,1.0212,6,0.96,1.0212,25,0
IWM190913P151,2019-09-10,2019-09-10 09:33:00,0.96,1.0212,9,0.94,1.0,40,0.96,1.0212,6,0.95,1.0106,25,0
IWM190913P151,2019-09-10,2019-09-10 09:33:00,0.95,1.0106,36,0.93,0.9893,13,0.96,1.0212,6,0.94,1.0,25,0
IWM190913P151,2019-09-10,2019-09-10 09:33:01,0.95,1.0106,325,0.93,0.9893,5,0.96,1.0212,6,0.94,1.0,25,0
IWM190913P151,2019-09-10,2019-09-10 09:33:01,0.95,1.0106,248,0.93,0.9893,19,0.96,1.0212,6,0.94,1.0,25,0
IWM190913P151,2019-09-10,2019-09-10 09:33:02,0.95,1.0106,341,0.93,0.9893,20,0.96,1.0212,6,0.94,1.0,25,0
IWM190913P151,2019-09-10,2019-09-10 09:33:03,0.94,1.0,97,0.92,0.9787,19,0.96,1.0212,6,0.93,0.9893,25,0
IWM190913P151,2019-09-10,2019-09-10 09:33:03,0.94,1.0,88,0.92,0.9787,19,0.96,1.0212,6,0.93,0.9893,25,0
IWM190913P151,2019-09-10,2019-09-10 09:33:04,0.93,0.9893,97,0.91,0.968,28,0.96,1.0212,6,0.92,0.9787,25,0
IWM190913P151,2019-09-10,2019-09-10 09:33:04,0.93,0.9893,294,0.91,0.968,28,0.96,1.0212,6,0.92,0.9787,25,0
IWM190913P151,2019-09-10,2019-09-10 09:33:05,0.92,0.9787,299,0.9,0.9574,22,0.96,1.0212,6,0.91,0.968,25,0
IWM190913P151,2019-09-10,2019-09-10 09:33:05,0.92,0.9787,166,0.9,0.9574,26,0.96,1.0212,6,0.91,0.968,25,0
IWM190913P151,2019-09-10,2019-09-10 09:33:06,0.93,0.9893,19,0.92,0.9787,7,0.96,1.0212,6,0.925,0.984,25,0
IWM190913P151,2019-09-10,2019-09-10 09:33:06,0.93,0.9893,124,0.9,0.9574,22,0.96,1.0212,6,0.915,0.9734,25,0
IWM190913P151,2019-09-10,2019-09-10 09:33:07,0.93,0.9893,19,0.92,0.9787,7,0.96,1.0212,6,0.925,0.984,25,0
IWM190913P151,2019-09-10,2019-09-10 09:33:07,0.93,0.9893,37,0.91,0.968,13,0.96,1.0212,6,0.92,0.9787,25,0
IWM190913P151,2019-09-10,2019-09-10 09:33:08,0.93,0.9893,350,0.9,0.9574,135,0.96,1.0212,6,0.915,0.9734,25,0
IWM190913P151,2019-09-10,2019-09-10 09:33:08,0.91,0.968,3,0.89,0.9468,25,0.96,1.0212,6,0.9,0.9574,25,0
IWM190913P151,2019-09-10,2019-09-10 09:33:09,0.91,0.968,74,0.89,0.9468,22,0.96,1.0212,6,0.9,0.9574,25,0
IWM190913P151,2019-09-10,2019-09-10 09:33:09,0.91,0.968,44,0.89,0.9468,22,0.96,1.0212,6,0.9,0.9574,25,0
IWM190913P151,2019-09-10,2019-09-10 09:33:10,0.91,0.968,154,0.89,0.9468,10,0.96,1.0212,6,0.9,0.9574,25,0
IWM190913P151,2019-09-10,2019-09-10 09:33:10,0.91,0.968,49,0.89,0.9468,1,0.96,1.0212,6,0.9,0.9574,25,0
IWM190913P151,2019-09-10,2019-09-10 09:33:11,0.91,0.968,20,0.89,0.9468,75,0.96,1.0212,6,0.9,0.9574,25,0
IWM190913P151,2019-09-10,2019-09-10 09:33:12,0.91,0.968,25,0.89,0.9468,76,0.96,1.0212,6,0.9,0.9574,25,0
IWM190913P151,2019-09-10,2019-09-10 09:33:12,0.91,0.968,20,0.89,0.9468,22,0.96,1.0212,6,0.9,0.9574,25,0
IWM190913P151,2019-09-10,2019-09-10 09:33:13,0.91,0.968,32,0.88,0.9361,219,0.96,1.0212,6,0.895,0.9521,25,0
IWM190913P151,2019-09-10,2019-09-10 09:33:13,0.91,0.968,20,0.89,0.9468,22,0.96,1.0212,6,0.9,0.9574,25,0
IWM190913P151,2019-09-10,2019-09-10 09:33:14,0.9,0.9574,1,0.89,0.9468,17,0.96,1.0212,6,0.895,0.9521,25,0
IWM190913P151,2019-09-10,2019-09-10 09:33:14,0.9,0.9574,20,0.89,0.9468,17,0.96,1.0212,6,0.895,0.9521,25,0
IWM190913P151,2019-09-10,2019-09-10 09:33:15,0.9,0.9574,20,0.89,0.9468,17,0.96,1.0212,6,0.895,0.9521,25,0
IWM190913P151,2019-09-10,2019-09-10 09:33:15,0.9,0.9574,20,0.9,0.9574,13,0.96,1.0212,6,0.9,0.9574,25,0
IWM190913P151,2019-09-10,2019-09-10 09:33:16,0.91,0.968,20,0.89,0.9468,40,0.96,1.0212,6,0.9,0.9574,25,0
IWM190913P151,2019-09-10,2019-09-10 09:33:16,0.91,0.968,20,0.89,0.9468,49,0.96,1.0212,6,0.9,0.9574,25,0
IWM190913P151,2019-09-10,2019-09-10 09:33:17,0.91,0.968,20,0.89,0.9468,48,0.96,1.0212,6,0.9,0.9574,25,0
IWM190913P151,2019-09-10,2019-09-10 09:33:18,0.9,0.9574,73,0.88,0.9361,46,0.96,1.0212,6,0.89,0.9468,25,0
IWM190913P151,2019-09-10,2019-09-10 09:33:18,0.91,0.968,24,0.89,0.9468,48,0.96,1.0212,6,0.9,0.9574,25,0
IWM190913P151,2019-09-10,2019-09-10 09:33:19,0.91,0.968,40,0.88,0.9361,46,0.96,1.0212,6,0.895,0.9521,25,0
IWM190913P151,2019-09-10,2019-09-10 09:33:19,0.9,0.9574,1,0.88,0.9361,46,0.96,1.0212,6,0.89,0.9468,25,0
IWM190913P151,2019-09-10,2019-09-10 09:33:20,0.91,0.968,261,0.89,0.9468,22,0.96,1.0212,6,0.9,0.9574,25,0
IWM190913P151,2019-09-10,2019-09-10 09:33:20,0.91,0.968,88,0.89,0.9468,20,0.96,1.0212,6,0.9,0.9574,25,0
IWM190913P151,2019-09-10,2019-09-10 09:33:21,0.9,0.9574,10,0.89,0.9468,22,0.96,1.0212,6,0.895,0.9521,25,0
IWM190913P151,2019-09-10,2019-09-10 09:33:21,0.91,0.968,192,0.89,0.9468,22,0.96,1.0212,6,0.9,0.9574,25,0
IWM190913P151,2019-09-10,2019-09-10 09:33:22,0.9,0.9574,15,0.89,0.9468,20,0.96,1.0212,6,0.895,0.9521,25,0
IWM190913P151,2019-09-10,2019-09-10 09:33:22,0.9,0.9574,20,0.89,0.9468,7,0.96,1.0212,6,0.895,0.9521,25,0
IWM190913P151,2019-09-10,2019-09-10 09:33:23,0.9,0.9574,20,0.89,0.9468,20,0.96,1.0212,6,0.895,0.9521,25,0
IWM190913P151,2019-09-10,2019-09-10 09:33:24,0.91,0.968,94,0.89,0.9468,20,0.96,1.0212,6,0.9,0.9574,25,0
IWM190913P151,2019-09-10,2019-09-10 09:33:24,0.9,0.9574,9,0.89,0.9468,20,0.96,1.0212,6,0.895,0.9521,25,0
IWM190913P151,2019-09-10,2019-09-10 09:33:25,0.91,0.968,272,0.89,0.9468,22,0.96,1.0212,6,0.9,0.9574,25,0
IWM190913P151,2019-09-10,2019-09-10 09:33:26,0.91,0.968,305,0.89,0.9468,34,0.96,1.0212,6,0.9,0.9574,25,0
IWM190913P151,2019-09-10,2019-09-10 09:33:26,0.91,0.968,141,0.89,0.9468,30,0.96,1.0212,6,0.9,0.9574,25,0
IWM190913P151,2019-09-10,2019-09-10 09:33:27,0.91,0.968,141,0.89,0.9468,30,0.96,1.0212,6,0.9,0.9574,25,0
IWM190913P151,2019-09-10,2019-09-10 09:33:27,0.91,0.968,212,0.89,0.9468,39,0.96,1.0212,6,0.9,0.9574,25,0
IWM190913P151,2019-09-10,2019-09-10 09:33:28,0.91,0.968,19,0.9,0.9574,5,0.96,1.0212,6,0.905,0.9627,25,0
IWM190913P151,2019-09-10,2019-09-10 09:33:28,0.92,0.9787,114,0.9,0.9574,18,0.96,1.0212,6,0.91,0.968,25,0
IWM190913P151,2019-09-10,2019-09-10 09:33:29,0.91,0.968,20,0.9,0.9574,18,0.96,1.0212,6,0.905,0.9627,25,0
IWM190913P151,2019-09-10,2019-09-10 09:33:29,0.91,0.968,23,0.9,0.9574,18,0.96,1.0212,6,0.905,0.9627,25,0
IWM190913P151,2019-09-10,2019-09-10 09:33:30,0.91,0.968,27,0.9,0.9574,18,0.96,1.0212,6,0.905,0.9627,25,0
IWM190913P151,2019-09-10,2019-09-10 09:33:30,0.92,0.9787,253,0.9,0.9574,18,0.96,1.0212,6,0.91,0.968,25,0
IWM190913P151,2019-09-10,2019-09-10 09:33:31,0.92,0.9787,218,0.9,0.9574,18,0.96,1.0212,6,0.91,0.968,25,0
IWM190913P151,2019-09-10,2019-09-10 09:33:31,0.91,0.968,15,0.9,0.9574,18,0.96,1.0212,6,0.905,0.9627,25,0
IWM190913P151,2019-09-10,2019-09-10 09:33:32,0.92,0.9787,431,0.9,0.9574,22,0.96,1.0212,6,0.91,0.968,25,0
IWM190913P151,2019-09-10,2019-09-10 09:33:32,0.92,0.9787,431,0.9,0.9574,18,0.96,1.0212,6,0.91,0.968,25,0
IWM190913P151,2019-09-10,2019-09-10 09:33:33,0.92,0.9787,394,0.91,0.968,4,0.96,1.0212,6,0.915,0.9734,25,0
IWM190913P151,2019-09-10,2019-09-10 09:33:33,0.92,0.9787,335,0.91,0.968,4,0.96,1.0212,6,0.915,0.9734,25,0
IWM190913P151,2019-09-10,2019-09-10 09:33:34,0.92,0.9787,507,0.9,0.9574,22,0.96,1.0212,6,0.91,0.968,25,0
IWM190913P151,2019-09-10,2019-09-10 09:33:34,0.92,0.9787,335,0.91,0.968,4,0.96,1.0212,6,0.915,0.9734,25,0
IWM190913P151,2019-09-10,2019-09-10 09:33:35,0.91,0.968,148,0.89,0.9468,40,0.96,1.0212,6,0.9,0.9574,25,0
IWM190913P151,2019-09-10,2019-09-10 09:33:35,0.91,0.968,264,0.89,0.9468,40,0.96,1.0212,6,0.9,0.9574,25,0
IWM190913P151,2019-09-10,2019-09-10 09:33:36,0.91,0.968,429,0.89,0.9468,40,0.96,1.0212,6,0.9,0.9574,25,0
IWM190913P151,2019-09-10,2019-09-10 09:33:36,0.91,0.968,429,0.89,0.9468,20,0.96,1.0212,6,0.9,0.9574,25,0
IWM190913P151,2019-09-10,2019-09-10 09:33:37,0.91,0.968,250,0.89,0.9468,39,0.96,1.0212,6,0.9,0.9574,25,0
IWM190913P151,2019-09-10,2019-09-10 09:33:37,0.91,0.968,255,0.89,0.9468,20,0.96,1.0212,6,0.9,0.9574,25,0
IWM190913P151,2019-09-10,2019-09-10 09:33:38,0.91,0.968,366,0.89,0.9468,32,0.96,1.0212,6,0.9,0.9574,25,0
IWM190913P151,2019-09-10,2019-09-10 09:33:39,0.92,0.9787,369,0.9,0.9574,30,0.96,1.0212,6,0.91,0.968,25,0
IWM190913P151,2019-09-10,2019-09-10 09:33:39,0.91,0.968,240,0.89,0.9468,32,0.96,1.0212,6,0.9,0.9574,25,0
IWM190913P151,2019-09-10,2019-09-10 09:33:40,0.92,0.9787,234,0.9,0.9574,23,0.96,1.0212,6,0.91,0.968,25,0
IWM190913P151,2019-09-10,2019-09-10 09:33:41,0.93,0.9893,163,0.91,0.968,13,0.96,1.0212,6,0.92,0.9787,25,0
IWM190913P151,2019-09-10,2019-09-10 09:33:42,0.93,0.9893,142,0.91,0.968,72,0.96,1.0212,6,0.92,0.9787,25,0
IWM190913P151,2019-09-10,2019-09-10 09:33:43,0.93,0.9893,142,0.91,0.968,20,0.96,1.0212,6,0.92,0.9787,25,0
IWM190913P151,2019-09-10,2019-09-10 09:33:43,0.93,0.9893,142,0.91,0.968,25,0.96,1.0212,6,0.92,0.9787,25,0
IWM190913P151,2019-09-10,2019-09-10 09:33:44,0.92,0.9787,15,0.91,0.968,13,0.96,1.0212,6,0.915,0.9734,25,0
IWM190913P151,2019-09-10,2019-09-10 09:33:44,0.93,0.9893,142,0.91,0.968,35,0.96,1.0212,6,0.92,0.9787,25,0
IWM190913P151,2019-09-10,2019-09-10 09:33:45,0.93,0.9893,379,0.92,0.9787,3,0.96,1.0212,6,0.925,0.984,25,0
IWM190913P151,2019-09-10,2019-09-10 09:33:45,0.94,1.0,188,0.92,0.9787,3,0.96,1.0212,6,0.93,0.9893,25,0
IWM190913P151,2019-09-10,2019-09-10 09:33:46,0.94,1.0,15,0.92,0.9787,18,0.96,1.0212,6,0.93,0.9893,25,0
IWM190913P151,2019-09-10,2019-09-10 09:33:46,0.94,1.0,15,0.93,0.9893,3,0.96,1.0212,6,0.935,0.9946,25,0
IWM190913P151,2019-09-10,2019-09-10 09:33:47,0.94,1.0,15,0.93,0.9893,3,0.96,1.0212,6,0.935,0.9946,25,0
IWM190913P151,2019-09-10,2019-09-10 09:33:48,0.95,1.0106,266,0.92,0.9787,60,0.96,1.0212,6,0.935,0.9946,25,0
IWM190913P151,2019-09-10,2019-09-10 09:33:48,0.94,1.0,202,0.92,0.9787,19,0.96,1.0212,6,0.93,0.9893,25,0
IWM190913P151,2019-09-10,2019-09-10 09:33:49,0.95,1.0106,449,0.93,0.9893,22,0.96,1.0212,6,0.94,1.0,25,0
IWM190913P151,2019-09-10,2019-09-10 09:33:49,0.95,1.0106,262,0.92,0.9787,36,0.96,1.0212,6,0.935,0.9946,25,0
IWM190913P151,2019-09-10,2019-09-10 09:33:50,0.95,1.0106,450,0.93,0.9893,22,0.96,1.0212,6,0.94,1.0,25,0
IWM190913P151,2019-09-10,2019-09-10 09:33:50,0.94,1.0,18,0.92,0.9787,83,0.96,1.0212,6,0.93,0.9893,25,0
IWM190913P151,2019-09-10,2019-09-10 09:33:51,0.94,1.0,158,0.92,0.9787,95,0.96,1.0212,6,0.93,0.9893,25,0
IWM190913P151,2019-09-10,2019-09-10 09:33:51,0.94,1.0,286,0.92,0.9787,101,0.96,1.0212,6,0.93,0.9893,25,0
IWM190913P151,2019-09-10,2019-09-10 09:33:52,0.95,1.0106,506,0.92,0.9787,99,0.96,1.0212,6,0.935,0.9946,25,0
IWM190913P151,2019-09-10,2019-09-10 09:33:53,0.94,1.0,20,0.92,0.9787,100,0.96,1.0212,6,0.93,0.9893,25,0
IWM190913P151,2019-09-10,2019-09-10 09:33:54,0.96,1.0212,349,0.94,1.0,18,0.96,1.0212,6,0.95,1.0106,25,0
IWM190913P151,2019-09-10,2019-09-10 09:33:54,0.95,1.0106,207,0.92,0.9787,100,0.96,1.0212,6,0.935,0.9946,25,0
IWM190913P151,2019-09-10,2019-09-10 09:33:55,0.97,1.0319,174,0.95,1.0106,16,0.96,1.0212,6,0.96,1.0212,25,0
IWM190913P151,2019-09-10,2019-09-10 09:33:55,0.96,1.0212,349,0.95,1.0106,16,0.96,1.0212,6,0.955,1.0159,25,0
IWM190913P151,2019-09-10,2019-09-10 09:33:56,0.97,1.0319,212,0.95,1.0106,34,0.96,1.0212,6,0.96,1.0212,25,0
IWM190913P151,2019-09-10,2019-09-10 09:33:56,0.97,1.0319,17,0.95,1.0106,88,0.96,1.0212,6,0.96,1.0212,25,0
IWM190913P151,2019-09-10,2019-09-10 09:33:57,0.97,1.0319,266,0.95,1.0106,93,0.96,1.0212,6,0.96,1.0212,25,0
IWM190913P151,2019-09-10,2019-09-10 09:33:57,0.97,1.0319,17,0.95,1.0106,57,0.96,1.0212,6,0.96,1.0212,25,0
IWM190913P151,2019-09-10,2019-09-10 09:33:58,0.97,1.0319,453,0.94,1.0,56,0.96,1.0212,6,0.955,1.0159,25,0
IWM190913P151,2019-09-10,2019-09-10 09:33:58,0.97,1.0319,404,0.95,1.0106,3,0.96,1.0212,6,0.96,1.0212,25,0
IWM190913P151,2019-09-10,2019-09-10 09:33:59,0.97,1.0319,579,0.94,1.0,53,0.96,1.0212,6,0.955,1.0159,25,0
IWM190913P151,2019-09-10,2019-09-10 09:33:59,0.97,1.0319,357,0.94,1.0,53,0.96,1.0212,6,0.955,1.0159,25,0
IWM190913P151,2019-09-10,2019-09-10 09:34:00,0.96,1.0212,179,0.94,1.0,22,0.96,1.0212,6,0.95,1.0106,25,0
IWM190913P151,2019-09-10,2019-09-10 09:34:00,0.97,1.0319,579,0.94,1.0,53,0.96,1.0212,6,0.955,1.0159,25,0
IWM190913P151,2019-09-10,2019-09-10 09:34:01,0.96,1.0212,19,0.94,1.0,52,0.96,1.0212,6,0.95,1.0106,25,0
IWM190913P151,2019-09-10,2019-09-10 09:34:01,0.97,1.0319,19,0.96,1.0212,16,0.96,1.0212,6,0.965,1.0265,25,0
IWM190913P151,2019-09-10,2019-09-10 09:34:02,0.98,1.0425,371,0.96,1.0212,16,0.96,1.0212,6,0.97,1.0319,25,0
IWM190913P151,2019-09-10,2019-09-10 09:34:02,0.98,1.0425,565,0.96,1.0212,18,0.96,1.0212,6,0.97,1.0319,25,0
IWM190913P151,2019-09-10,2019-09-10 09:34:03,0.98,1.0425,565,0.96,1.0212,16,0.96,1.0212,6,0.97,1.0319,25,0
IWM190913P151,2019-09-10,2019-09-10 09:34:03,0.98,1.0425,606,0.96,1.0212,18,0.96,1.0212,6,0.97,1.0319,25,0
IWM190913P151,2019-09-10,2019-09-10 09:34:04,0.98,1.0425,60,0.96,1.0212,19,0.96,1.0212,6,0.97,1.0319,25,0
IWM190913P151,2019-09-10,2019-09-10 09:34:04,0.98,1.0425,483,0.96,1.0212,19,0.96,1.0212,6,0.97,1.0319,25,0
IWM190913P151,2019-09-10,2019-09-10 09:34:05,0.98,1.0425,60,0.96,1.0212,34,0.96,1.0212,6,0.97,1.0319,25,0
IWM190913P151,2019-09-10,2019-09-10 09:34:05,0.98,1.0425,142,0.96,1.0212,13,0.96,1.0212,6,0.97,1.0319,25,0
IWM190913P151,2019-09-10,2019-09-10 09:34:06,0.98,1.0425,243,0.97,1.0319,20,0.96,1.0212,6,0.975,1.0372,25,0
IWM190913P151,2019-09-10,2019-09-10 09:34:06,0.98,1.0425,355,0.96,1.0212,20,0.96,1.0212,6,0.97,1.0319,25,0
IWM190913P151,2019-09-10,2019-09-10 09:34:07,0.98,1.0425,60,0.97,1.0319,20,0.96,1.0212,6,0.975,1.0372,25,0
IWM190913P151,2019-09-10,2019-09-10 09:34:08,0.98,1.0425,60,0.97,1.0319,20,0.96,1.0212,6,0.975,1.0372,25,0
IWM190913P151,2019-09-10,2019-09-10 09:34:09,0.98,1.0425,60,0.97,1.0319,20,0.96,1.0212,6,0.975,1.0372,25,0
IWM190913P151,2019-09-10,2019-09-10 09:34:10,0.98,1.0425,60,0.97,1.0319,20,0.96,1.0212,6,0.975,1.0372,25,0
IWM190913P151,2019-09-10,2019-09-10 09:34:11,0.98,1.0425,60,0.97,1.0319,20,0.96,1.0212,6,0.975,1.0372,25,0
IWM190913P151,2019-09-10,2019-09-10 09:34:11,0.99,1.0531,15,0.98,1.0425,13,0.98,1.0425,58,0.985,1.0478,85,60
IWM190913P151,2019-09-10,2019-09-10 09:34:12,0.99,1.0531,15,0.98,1.0425,16,0.98,1.0425,58,0.985,1.0478,85,0
IWM190913P151,2019-09-10,2019-09-10 09:34:13,1.0,1.0638,160,0.98,1.0425,16,0.98,1.0425,58,0.99,1.0531,85,0
IWM190913P151,2019-09-10,2019-09-10 09:34:13,0.99,1.0531,13,0.98,1.0425,13,0.98,1.0425,58,0.985,1.0478,85,0
IWM190913P151,2019-09-10,2019-09-10 09:34:14,1.0,1.0638,15,0.99,1.0531,16,0.98,1.0425,58,0.995,1.0585,85,0
IWM190913P151,2019-09-10,2019-09-10 09:34:14,1.0,1.0638,58,0.98,1.0425,17,0.98,1.0425,58,0.99,1.0531,85,0
IWM190913P151,2019-09-10,2019-09-10 09:34:15,1.0,1.0638,83,0.98,1.0425,33,0.98,1.0425,58,0.99,1.0531,85,0
IWM190913P151,2019-09-10,2019-09-10 09:34:15,0.99,1.0531,17,0.98,1.0425,13,0.98,1.0425,58,0.985,1.0478,85,0
IWM190913P151,2019-09-10,2019-09-10 09:34:16,1.0,1.0638,449,0.98,1.0425,18,0.98,1.0425,58,0.99,1.0531,85,0
IWM190913P151,2019-09-10,2019-09-10 09:34:16,1.0,1.0638,331,0.98,1.0425,31,0.98,1.0425,58,0.99,1.0531,85,0
IWM190913P151,2019-09-10,2019-09-10 09:34:17,0.99,1.0531,10,0.98,1.0425,10,0.98,1.0425,58,0.985,1.0478,85,0
IWM190913P151,2019-09-10,2019-09-10 09:34:18,1.0,1.0638,218,0.98,1.0425,37,0.98,1.0425,58,0.99,1.0531,85,0
IWM190913P151,2019-09-10,2019-09-10 09:34:18,1.0,1.0638,20,0.98,1.0425,66,0.98,1.0425,58,0.99,1.0531,85,0
IWM190913P151,2019-09-10,2019-09-10 09:34:19,1.0,1.0638,141,0.98,1.0425,124,0.98,1.0425,58,0.99,1.0531,85,0
IWM190913P151,2019-09-10,2019-09-10 09:34:19,1.0,1.0638,90,0.98,1.0425,124,0.98,1.0425,58,0.99,1.0531,85,0
IWM190913P151,2019-09-10,2019-09-10 09:34:20,1.0,1.0638,14,0.98,1.0425,128,0.98,1.0425,58,0.99,1.0531,85,0
IWM190913P151,2019-09-10,2019-09-10 09:34:20,1.0,1.0638,82,0.98,1.0425,117,0.98,1.0425,58,0.99,1.0531,85,0
IWM190913P151,2019-09-10,2019-09-10 09:34:21,1.0,1.0638,19,0.98,1.0425,4,0.98,1.0425,58,0.99,1.0531,85,0
IWM190913P151,2019-09-10,2019-09-10 09:34:21,1.0,1.0638,14,0.98,1.0425,30,0.98,1.0425,58,0.99,1.0531,85,0
IWM190913P151,2019-09-10,2019-09-10 09:34:22,1.01,1.0744,131,0.99,1.0531,19,0.98,1.0425,58,1.0,1.0638,85,0
IWM190913P151,2019-09-10,2019-09-10 09:34:22,1.01,1.0744,20,0.99,1.0531,20,0.98,1.0425,58,1.0,1.0638,85,0
IWM190913P151,2019-09-10,2019-09-10 09:34:23,1.01,1.0744,20,0.99,1.0531,33,0.98,1.0425,58,1.0,1.0638,85,0
IWM190913P151,2019-09-10,2019-09-10 09:34:23,1.01,1.0744,28,0.99,1.0531,39,0.98,1.0425,58,1.0,1.0638,85,0
IWM190913P151,2019-09-10,2019-09-10 09:34:24,1.01,1.0744,20,0.99,1.0531,107,0.98,1.0425,58,1.0,1.0638,85,0
IWM190913P151,2019-09-10,2019-09-10 09:34:24,1.02,1.0851,88,0.99,1.0531,278,0.98,1.0425,58,1.005,1.0691,85,0
IWM190913P151,2019-09-10,2019-09-10 09:34:25,1.01,1.0744,69,0.99,1.0531,45,0.98,1.0425,58,1.0,1.0638,85,0
IWM190913P151,2019-09-10,2019-09-10 09:34:25,1.01,1.0744,16,0.99,1.0531,35,0.98,1.0425,58,1.0,1.0638,85,0
IWM190913P151,2019-09-10,2019-09-10 09:34:26,1.01,1.0744,76,0.99,1.0531,69,0.98,1.0425,58,1.0,1.0638,85,0
IWM190913P151,2019-09-10,2019-09-10 09:34:26,1.01,1.0744,137,0.99,1.0531,69,0.98,1.0425,58,1.0,1.0638,85,0
IWM190913P151,2019-09-10,2019-09-10 09:34:27,1.01,1.0744,167,0.99,1.0531,69,0.98,1.0425,58,1.0,1.0638,85,0
IWM190913P151,2019-09-10,2019-09-10 09:34:27,1.0,1.0638,66,0.98,1.0425,44,0.98,1.0425,58,0.99,1.0531,85,0
IWM190913P151,2019-09-10,2019-09-10 09:34:28,1.0,1.0638,88,0.98,1.0425,94,0.98,1.0425,58,0.99,1.0531,85,0
IWM190913P151,2019-09-10,2019-09-10 09:34:28,1.0,1.0638,163,0.98,1.0425,53,0.98,1.0425,58,0.99,1.0531,85,0
IWM190913P151,2019-09-10,2019-09-10 09:34:29,1.0,1.0638,297,0.98,1.0425,7,0.98,1.0425,58,0.99,1.0531,85,0
IWM190913P151,2019-09-10,2019-09-10 09:34:29,0.99,1.0531,164,0.96,1.0212,52,0.98,1.0425,58,0.975,1.0372,85,0
IWM190913P151,2019-09-10,2019-09-10 09:34:30,0.98,1.0425,179,0.96,1.0212,33,0.98,1.0425,58,0.97,1.0319,85,0
IWM190913P151,2019-09-10,2019-09-10 09:34:30,0.99,1.0531,372,0.96,1.0212,77,0.98,1.0425,58,0.975,1.0372,85,0
IWM190913P151,2019-09-10,2019-09-10 09:34:31,0.99,1.0531,231,0.96,1.0212,33,0.98,1.0425,58,0.975,1.0372,85,0
IWM190913P151,2019-09-10,2019-09-10 09:34:32,0.99,1.0531,368,0.96,1.0212,62,0.98,1.0425,58,0.975,1.0372,85,0
IWM190913P151,2019-09-10,2019-09-10 09:34:32,0.99,1.0531,439,0.96,1.0212,51,0.98,1.0425,58,0.975,1.0372,85,0
IWM190913P151,2019-09-10,2019-09-10 09:34:33,0.99,1.0531,370,0.97,1.0319,20,0.98,1.0425,58,0.98,1.0425,85,0
IWM190913P151,2019-09-10,2019-09-10 09:34:33,0.99,1.0531,368,0.96,1.0212,102,0.98,1.0425,58,0.975,1.0372,85,0
IWM190913P151,2019-09-10,2019-09-10 09:34:34,0.98,1.0425,1,0.97,1.0319,22,0.98,1.0425,58,0.975,1.0372,85,0
IWM190913P151,2019-09-10,2019-09-10 09:34:34,0.99,1.0531,370,0.97,1.0319,20,0.98,1.0425,58,0.98,1.0425,85,0
IWM190913P151,2019-09-10,2019-09-10 09:34:35,0.98,1.0425,80,0.96,1.0212,120,0.98,1.0425,58,0.97,1.0319,85,0
IWM190913P151,2019-09-10,2019-09-10 09:34:35,0.98,1.0425,20,0.96,1.0212,126,0.98,1.0425,58,0.97,1.0319,85,0
IWM190913P151,2019-09-10,2019-09-10 09:34:36,0.98,1.0425,80,0.97,1.0319,7,0.98,1.0425,58,0.975,1.0372,85,0
IWM190913P151,2019-09-10,2019-09-10 09:34:37,0.98,1.0425,340,0.96,1.0212,21,0.98,1.0425,58,0.97,1.0319,85,0
IWM190913P151,2019-09-10,2019-09-10 09:34:37,0.98,1.0425,132,0.97,1.0319,7,0.98,1.0425,58,0.975,1.0372,85,0
IWM190913P151,2019-09-10,2019-09-10 09:34:38,0.98,1.0425,200,0.96,1.0212,1,0.98,1.0425,58,0.97,1.0319,85,0
IWM190913P151,2019-09-10,2019-09-10 09:34:38,0.98,1.0425,402,0.95,1.0106,122,0.98,1.0425,58,0.965,1.0265,85,0
IWM190913P151,2019-09-10,2019-09-10 09:34:39,0.97,1.0319,232,0.95,1.0106,32,0.98,1.0425,58,0.96,1.0212,85,0
IWM190913P151,2019-09-10,2019-09-10 09:34:39,0.97,1.0319,10,0.95,1.0106,23,0.98,1.0425,58,0.96,1.0212,85,0
IWM190913P151,2019-09-10,2019-09-10 09:34:40,0.97,1.0319,400,0.95,1.0106,30,0.98,1.0425,58,0.96,1.0212,85,0
IWM190913P151,2019-09-10,2019-09-10 09:34:40,0.97,1.0319,286,0.95,1.0106,30,0.98,1.0425,58,0.96,1.0212,85,0
IWM190913P151,2019-09-10,2019-09-10 09:34:41,0.98,1.0425,227,0.96,1.0212,21,0.98,1.0425,58,0.97,1.0319,85,0
IWM190913P151,2019-09-10,2019-09-10 09:34:41,0.98,1.0425,20,0.96,1.0212,111,0.98,1.0425,58,0.97,1.0319,85,0
IWM190913P151,2019-09-10,2019-09-10 09:34:42,0.98,1.0425,15,0.96,1.0212,121,0.98,1.0425,58,0.97,1.0319,85,0
IWM190913P151,2019-09-10,2019-09-10 09:34:42,0.98,1.0425,20,0.96,1.0212,121,0.98,1.0425,58,0.97,1.0319,85,0
IWM190913P151,2019-09-10,2019-09-10 09:34:43,0.98,1.0425,15,0.97,1.0319,19,0.98,1.0425,58,0.975,1.0372,85,0
IWM190913P151,2019-09-10,2019-09-10 09:34:43,0.99,1.0531,371,0.97,1.0319,21,0.98,1.0425,58,0.98,1.0425,85,0
IWM190913P151,2019-09-10,2019-09-10 09:34:44,0.98,1.0425,9,0.97,1.0319,13,0.98,1.0425,58,0.975,1.0372,85,0
IWM190913P151,2019-09-10,2019-09-10 09:34:44,0.99,1.0531,166,0.97,1.0319,17,0.98,1.0425,58,0.98,1.0425,85,0
IWM190913P151,2019-09-10,2019-09-10 09:34:45,0.98,1.0425,15,0.96,1.0212,85,0.98,1.0425,58,0.97,1.0319,85,0
IWM190913P151,2019-09-10,2019-09-10 09:34:45,0.98,1.0425,15,0.96,1.0212,46,0.98,1.0425,58,0.97,1.0319,85,0
IWM190913P151,2019-09-10,2019-09-10 09:34:46,0.98,1.0425,9,0.97,1.0319,17,0.98,1.0425,58,0.975,1.0372,85,0
IWM190913P151,2019-09-10,2019-09-10 09:34:46,0.98,1.0425,15,0.97,1.0319,17,0.98,1.0425,58,0.975,1.0372,85,0
IWM190913P151,2019-09-10,2019-09-10 09:34:47,0.99,1.0531,114,0.97,1.0319,33,0.98,1.0425,58,0.98,1.0425,85,0
IWM190913P151,2019-09-10,2019-09-10 09:34:47,0.99,1.0531,263,0.97,1.0319,33,0.98,1.0425,58,0.98,1.0425,85,0
IWM190913P151,2019-09-10,2019-09-10 09:34:48,0.99,1.0531,460,0.96,1.0212,84,0.98,1.0425,58,0.975,1.0372,85,0
IWM190913P151,2019-09-10,2019-09-10 09:34:49,0.98,1.0425,201,0.96,1.0212,105,0.98,1.0425,58,0.97,1.0319,85,0
IWM190913P151,2019-09-10,2019-09-10 09:34:49,0.98,1.0425,201,0.96,1.0212,50,0.98,1.0425,58,0.97,1.0319,85,0
IWM190913P151,2019-09-10,2019-09-10 09:34:50,0.98,1.0425,26,0.96,1.0212,42,0.98,1.0425,58,0.97,1.0319,85,0
IWM190913P151,2019-09-10,2019-09-10 09:34:50,0.98,1.0425,26,0.97,1.0319,19,0.98,1.0425,58,0.975,1.0372,85,0
IWM190913P151,2019-09-10,2019-09-10 09:34:51,0.98,1.0425,313,0.96,1.0212,27,0.98,1.0425,58,0.97,1.0319,85,0
IWM190913P151,2019-09-10,2019-09-10 09:34:51,0.98,1.0425,26,0.96,1.0212,104,0.98,1.0425,58,0.97,1.0319,85,0
IWM190913P151,2019-09-10,2019-09-10 09:34:52,0.97,1.0319,321,0.95,1.0106,20,0.98,1.0425,58,0.96,1.0212,85,0
IWM190913P151,2019-09-10,2019-09-10 09:34:52,0.97,1.0319,1,0.96,1.0212,27,0.98,1.0425,58,0.965,1.0265,85,0
IWM190913P151,2019-09-10,2019-09-10 09:34:53,0.96,1.0212,20,0.95,1.0106,19,0.98,1.0425,58,0.955,1.0159,85,0
IWM190913P151,2019-09-10,2019-09-10 09:34:53,0.96,1.0212,19,0.95,1.0106,19,0.98,1.0425,58,0.955,1.0159,85,0
IWM190913P151,2019-09-10,2019-09-10 09:34:54,0.96,1.0212,20,0.95,1.0106,19,0.98,1.0425,58,0.955,1.0159,85,0
IWM190913P151,2019-09-10,2019-09-10 09:34:54,0.99,1.0531,405,0.95,1.0106,19,0.98,1.0425,58,0.97,1.0319,85,0
IWM190913P151,2019-09-10,2019-09-10 09:34:55,0.98,1.0425,303,0.96,1.0212,20,0.98,1.0425,58,0.97,1.0319,85,0
IWM190913P151,2019-09-10,2019-09-10 09:34:55,0.99,1.0531,405,0.96,1.0212,20,0.98,1.0425,58,0.975,1.0372,85,0
IWM190913P151,2019-09-10,2019-09-10 09:34:56,0.96,1.0212,26,0.95,1.0106,19,0.98,1.0425,58,0.955,1.0159,85,0
IWM190913P151,2019-09-10,2019-09-10 09:34:56,0.96,1.0212,17,0.95,1.0106,17,0.98,1.0425,58,0.955,1.0159,85,0
IWM190913P151,2019-09-10,2019-09-10 09:34:57,0.97,1.0319,249,0.95,1.0106,19,0.98,1.0425,58,0.96,1.0212,85,0
IWM190913P151,2019-09-10,2019-09-10 09:34:57,0.96,1.0212,13,0.95,1.0106,17,0.98,1.0425,58,0.955,1.0159,85,0
IWM190913P151,2019-09-10,2019-09-10 09:34:58,0.96,1.0212,145,0.94,1.0,31,0.98,1.0425,58,0.95,1.0106,85,0
IWM190913P151,2019-09-10,2019-09-10 09:34:58,0.96,1.0212,252,0.94,1.0,31,0.98,1.0425,58,0.95,1.0106,85,0
IWM190913P151,2019-09-10,2019-09-10 09:34:59,0.97,1.0319,238,0.95,1.0106,30,0.98,1.0425,58,0.96,1.0212,85,0
IWM190913P151,2019-09-10,2019-09-10 09:34:59,0.96,1.0212,19,0.95,1.0106,30,0.98,1.0425,58,0.955,1.0159,85,0
IWM190913P151,2019-09-10,2019-09-10 09:35:00,1.0,1.0638,15,0.99,1.0531,13,0.98,1.0425,58,0.995,1.0585,85,0
IWM190913P151,2019-09-10,2019-09-10 09:35:00,0.98,1.0425,15,0.97,1.0319,13,0.98,1.0425,58,0.975,1.0372,85,0
IWM190913P151,2019-09-10,2019-09-10 09:35:01,0.99,1.0531,20,0.97,1.0319,26,0.98,1.0425,58,0.98,1.0425,85,0
IWM190913P151,2019-09-10,2019-09-10 09:35:01,1.0,1.0638,14,0.98,1.0425,19,0.98,1.0425,58,0.99,1.0531,85,0
IWM190913P151,2019-09-10,2019-09-10 09:35:02,0.99,1.0531,20,0.97,1.0319,38,0.98,1.0425,58,0.98,1.0425,85,0
IWM190913P151,2019-09-10,2019-09-10 09:35:02,1.0,1.0638,36,0.98,1.0425,30,0.98,1.0425,58,0.99,1.0531,85,0
IWM190913P151,2019-09-10,2019-09-10 09:35:03,1.0,1.0638,14,0.98,1.0425,124,0.98,1.0425,58,0.99,1.0531,85,0
IWM190913P151,2019-09-10,2019-09-10 09:35:03,1.0,1.0638,36,0.98,1.0425,78,0.98,1.0425,58,0.99,1.0531,85,0
IWM190913P151,2019-09-10,2019-09-10 09:35:04,1.0,1.0638,64,0.98,1.0425,33,0.98,1.0425,58,0.99,1.0531,85,0
IWM190913P151,2019-09-10,2019-09-10 09:35:04,0.99,1.0531,14,0.97,1.0319,25,0.98,1.0425,58,0.98,1.0425,85,0
IWM190913P151,2019-09-10,2019-09-10 09:35:05,0.99,1.0531,94,0.97,1.0319,42,0.98,1.0425,58,0.98,1.0425,85,0
IWM190913P151,2019-09-10,2019-09-10 09:35:05,1.0,1.0638,144,0.98,1.0425,13,0.98,1.0425,58,0.99,1.0531,85,0
IWM190913P151,2019-09-10,2019-09-10 09:35:06,0.99,1.0531,94,0.97,1.0319,42,0.98,1.0425,58,0.98,1.0425,85,0
IWM190913P151,2019-09-10,2019-09-10 09:35:07,0.99,1.0531,179,0.96,1.0212,135,0.98,1.0425,58,0.975,1.0372,85,0
IWM190913P151,2019-09-10,2019-09-10 09:35:07,0.98,1.0425,13,0.96,1.0212,150,0.98,1.0425,58,0.97,1.0319,85,0
IWM190913P151,2019-09-10,2019-09-10 09:35:08,1.01,1.0744,28,0.99,1.0531,21,0.98,1.0425,58,1.0,1.0638,85,0
IWM190913P151,2019-09-10,2019-09-10 09:35:08,1.01,1.0744,172,0.97,1.0319,60,0.98,1.0425,58,0.99,1.0531,85,0
IWM190913P151,2019-09-10,2019-09-10 09:35:09,1.02,1.0851,173,0.99,1.0531,62,0.98,1.0425,58,1.005,1.0691,85,0
IWM190913P151,2019-09-10,2019-09-10 09:35:09,1.02,1.0851,349,0.99,1.0531,67,0.98,1.0425,58,1.005,1.0691,85,0
IWM190913P151,2019-09-10,2019-09-10 09:35:10,1.02,1.0851,519,1.0,1.0638,61,0.98,1.0425,58,1.01,1.0744,85,0
IWM190913P151,2019-09-10,2019-09-10 09:35:10,1.02,1.0851,285,1.0,1.0638,69,0.98,1.0425,58,1.01,1.0744,85,0
IWM190913P151,2019-09-10,2019-09-10 09:35:11,1.03,1.0957,28,1.01,1.0744,24,0.98,1.0425,58,1.02,1.0851,85,0
IWM190913P151,2019-09-10,2019-09-10 09:35:11,1.02,1.0851,28,1.0,1.0638,63,0.98,1.0425,58,1.01,1.0744,85,0
IWM190913P151,2019-09-10,2019-09-10 09:35:12,1.02,1.0851,104,1.0,1.0638,30,0.98,1.0425,58,1.01,1.0744,85,0
IWM190913P151,2019-09-10,2019-09-10 09:35:12,1.01,1.0744,10,1.0,1.0638,20,0.98,1.0425,58,1.005,1.0691,85,0
IWM190913P151,2019-09-10,2019-09-10 09:35:13,1.01,1.0744,10,1.0,1.0638,6,0.98,1.0425,58,1.005,1.0691,85,0
IWM190913P151,2019-09-10,2019-09-10 09:35:13,1.01,1.0744,216,0.99,1.0531,13,0.98,1.0425,58,1.0,1.0638,85,0
IWM190913P151,2019-09-10,2019-09-10 09:35:14,1.01,1.0744,16,0.99,1.0531,22,0.98,1.0425,58,1.0,1.0638,85,0
IWM190913P151,2019-09-10,2019-09-10 09:35:14,1.01,1.0744,77,0.99,1.0531,21,0.98,1.0425,58,1.0,1.0638,85,0
IWM190913P151,2019-09-10,2019-09-10 09:35:15,1.01,1.0744,58,0.99,1.0531,21,0.98,1.0425,58,1.0,1.0638,85,0
IWM190913P151,2019-09-10,2019-09-10 09:35:15,1.01,1.0744,163,0.99,1.0531,19,0.98,1.0425,58,1.0,1.0638,85,0
IWM190913P151,2019-09-10,2019-09-10 09:35:16,0.99,1.0531,9,0.98,1.0425,10,0.98,1.0425,58,0.985,1.0478,85,0
IWM190913P151,2019-09-10,2019-09-10 09:35:16,1.0,1.0638,96,0.98,1.0425,76,0.98,1.0425,58,0.99,1.0531,85,0
IWM190913P151,2019-09-10,2019-09-10 09:35:17,1.01,1.0744,149,0.99,1.0531,19,0.98,1.0425,58,1.0,1.0638,85,0
IWM190913P151,2019-09-10,2019-09-10 09:35:17,1.01,1.0744,196,0.99,1.0531,19,0.98,1.0425,58,1.0,1.0638,85,0
IWM190913P151,2019-09-10,2019-09-10 09:35:18,1.01,1.0744,285,0.99,1.0531,19,0.98,1.0425,58,1.0,1.0638,85,0
IWM190913P151,2019-09-10,2019-09-10 09:35:18,1.01,1.0744,560,0.99,1.0531,19,0.98,1.0425,58,1.0,1.0638,85,0
IWM190913P151,2019-09-10,2019-09-10 09:35:19,1.0,1.0638,482,0.98,1.0425,10,0.98,1.0425,58,0.99,1.0531,85,0
IWM190913P151,2019-09-10,2019-09-10 09:35:19,1.0,1.0638,402,0.98,1.0425,10,0.98,1.0425,58,0.99,1.0531,85,0
IWM190913P151,2019-09-10,2019-09-10 09:35:20,0.99,1.0531,194,0.98,1.0425,10,0.98,1.0425,58,0.985,1.0478,85,0
IWM190913P151,2019-09-10,2019-09-10 09:35:20,0.99,1.0531,262,0.98,1.0425,10,0.98,1.0425,58,0.985,1.0478,85,0
IWM190913P151,2019-09-10,2019-09-10 09:35:21,0.99,1.0531,172,0.98,1.0425,10,0.98,1.0425,58,0.985,1.0478,85,0
IWM190913P151,2019-09-10,2019-09-10 09:35:22,0.99,1.0531,162,0.98,1.0425,10,0.98,1.0425,58,0.985,1.0478,85,0
IWM190913P151,2019-09-10,2019-09-10 09:35:22,0.99,1.0531,363,0.98,1.0425,10,0.98,1.0425,58,0.985,1.0478,85,0
IWM190913P151,2019-09-10,2019-09-10 09:35:23,0.99,1.0531,35,0.98,1.0425,18,0.98,1.0425,58,0.985,1.0478,85,0
IWM190913P151,2019-09-10,2019-09-10 09:35:23,0.98,1.0425,194,0.96,1.0212,16,0.98,1.0425,36,0.97,1.0319,185,100
IWM190913P151,2019-09-10,2019-09-10 09:35:24,0.97,1.0319,19,0.95,1.0106,41,0.98,1.0425,36,0.96,1.0212,185,0
IWM190913P151,2019-09-10,2019-09-10 09:35:24,0.98,1.0425,292,0.96,1.0212,21,0.98,1.0425,36,0.97,1.0319,185,0
IWM190913P151,2019-09-10,2019-09-10 09:35:25,0.97,1.0319,49,0.96,1.0212,21,0.98,1.0425,36,0.965,1.0265,185,0
IWM190913P151,2019-09-10,2019-09-10 09:35:25,0.98,1.0425,388,0.96,1.0212,21,0.98,1.0425,36,0.97,1.0319,185,0
IWM190913P151,2019-09-10,2019-09-10 09:35:26,0.97,1.0319,237,0.95,1.0106,59,0.98,1.0425,36,0.96,1.0212,185,0
IWM190913P151,2019-09-10,2019-09-10 09:35:26,0.97,1.0319,49,0.95,1.0106,29,0.98,1.0425,36,0.96,1.0212,185,0
IWM190913P151,2019-09-10,2019-09-10 09:35:27,0.97,1.0319,428,0.95,1.0106,34,0.98,1.0425,36,0.96,1.0212,185,0
IWM190913P151,2019-09-10,2019-09-10 09:35:27,0.97,1.0319,446,0.94,1.0,134,0.98,1.0425,36,0.955,1.0159,185,0
IWM190913P151,2019-09-10,2019-09-10 09:35:28,0.97,1.0319,428,0.96,1.0212,124,0.98,1.0425,36,0.965,1.0265,185,0
IWM190913P151,2019-09-10,2019-09-10 09:35:29,0.99,1.0531,565,0.96,1.0212,134,0.98,1.0425,36,0.975,1.0372,185,0
IWM190913P151,2019-09-10,2019-09-10 09:35:29,0.98,1.0425,165,0.96,1.0212,130,0.98,1.0425,36,0.97,1.0319,185,0
IWM190913P151,2019-09-10,2019-09-10 09:35:30,0.98,1.0425,477,0.96,1.0212,21,0.98,1.0425,36,0.97,1.0319,185,0
IWM190913P151,2019-09-10,2019-09-10 09:35:30,0.98,1.0425,477,0.96,1.0212,26,0.98,1.0425,36,0.97,1.0319,185,0
IWM190913P151,2019-09-10,2019-09-10 09:35:31,0.97,1.0319,183,0.94,1.0,45,0.98,1.0425,36,0.955,1.0159,185,0
IWM190913P151,2019-09-10,2019-09-10 09:35:31,0.97,1.0319,13,0.95,1.0106,84,0.98,1.0425,36,0.96,1.0212,185,0
IWM190913P151,2019-09-10,2019-09-10 09:35:32,0.96,1.0212,66,0.94,1.0,137,0.98,1.0425,36,0.95,1.0106,185,0
IWM190913P151,2019-09-10,2019-09-10 09:35:32,0.96,1.0212,39,0.94,1.0,158,0.98,1.0425,36,0.95,1.0106,185,0
IWM190913P151,2019-09-10,2019-09-10 09:35:33,0.95,1.0106,55,0.93,0.9893,93,0.98,1.0425,36,0.94,1.0,185,0
IWM190913P151,2019-09-10,2019-09-10 09:35:33,0.96,1.0212,175,0.94,1.0,106,0.98,1.0425,36,0.95,1.0106,185,0
IWM190913P151,2019-09-10,2019-09-10 09:35:34,0.95,1.0106,84,0.93,0.9893,46,0.98,1.0425,36,0.94,1.0,185,0
IWM190913P151,2019-09-10,2019-09-10 09:35:34,0.96,1.0212,72,0.94,1.0,6,0.98,1.0425,36,0.95,1.0106,185,0
IWM190913P151,2019-09-10,2019-09-10 09:35:35,0.95,1.0106,282,0.93,0.9893,59,0.98,1.0425,36,0.94,1.0,185,0
IWM190913P151,2019-09-10,2019-09-10 09:35:35,0.95,1.0106,250,0.93,0.9893,53,0.98,1.0425,36,0.94,1.0,185,0
IWM190913P151,2019-09-10,2019-09-10 09:35:36,0.95,1.0106,19,0.93,0.9893,54,0.98,1.0425,36,0.94,1.0,185,0
IWM190913P151,2019-09-10,2019-09-10 09:35:36,0.95,1.0106,130,0.94,1.0,6,0.98,1.0425,36,0.945,1.0053,185,0
IWM190913P151,2019-09-10,2019-09-10 09:35:37,0.95,1.0106,141,0.93,0.9893,41,0.98,1.0425,36,0.94,1.0,185,0
IWM190913P151,2019-09-10,2019-09-10 09:35:37,0.95,1.0106,136,0.93,0.9893,38,0.98,1.0425,36,0.94,1.0,185,0
IWM190913P151,2019-09-10,2019-09-10 09:35:38,0.95,1.0106,222,0.93,0.9893,21,0.98,1.0425,36,0.94,1.0,185,0
IWM190913P151,2019-09-10,2019-09-10 09:35:38,0.95,1.0106,155,0.93,0.9893,56,0.98,1.0425,36,0.94,1.0,185,0
IWM190913P151,2019-09-10,2019-09-10 09:35:39,0.97,1.0319,65,0.95,1.0106,19,0.98,1.0425,36,0.96,1.0212,185,0
IWM190913P151,2019-09-10,2019-09-10 09:35:40,0.96,1.0212,10,0.95,1.0106,13,0.98,1.0425,36,0.955,1.0159,185,0
IWM190913P151,2019-09-10,2019-09-10 09:35:40,0.96,1.0212,10,0.94,1.0,19,0.98,1.0425,36,0.95,1.0106,185,0
IWM190913P151,2019-09-10,2019-09-10 09:35:41,0.95,1.0106,61,0.93,0.9893,28,0.98,1.0425,36,0.94,1.0,185,0
IWM190913P151,2019-09-10,2019-09-10 09:35:41,0.95,1.0106,163,0.93,0.9893,28,0.98,1.0425,36,0.94,1.0,185,0
IWM190913P151,2019-09-10,2019-09-10 09:35:42,0.94,1.0,99,0.92,0.9787,80,0.98,1.0425,36,0.93,0.9893,185,0
IWM190913P151,2019-09-10,2019-09-10 09:35:42,0.94,1.0,246,0.92,0.9787,48,0.98,1.0425,36,0.93,0.9893,185,0
IWM190913P151,2019-09-10,2019-09-10 09:35:43,0.94,1.0,370,0.92,0.9787,18,0.98,1.0425,36,0.93,0.9893,185,0
IWM190913P151,2019-09-10,2019-09-10 09:35:43,0.94,1.0,257,0.92,0.9787,6,0.98,1.0425,36,0.93,0.9893,185,0
IWM190913P151,2019-09-10,2019-09-10 09:35:44,0.95,1.0106,257,0.93,0.9893,16,0.98,1.0425,36,0.94,1.0,185,0
IWM190913P151,2019-09-10,2019-09-10 09:35:44,0.94,1.0,243,0.92,0.9787,17,0.98,1.0425,36,0.93,0.9893,185,0
IWM190913P151,2019-09-10,2019-09-10 09:35:45,0.94,1.0,83,0.92,0.9787,28,0.98,1.0425,36,0.93,0.9893,185,0
IWM190913P151,2019-09-10,2019-09-10 09:35:45,0.94,1.0,109,0.92,0.9787,28,0.98,1.0425,36,0.93,0.9893,185,0
IWM190913P151,2019-09-10,2019-09-10 09:35:46,0.95,1.0106,244,0.93,0.9893,18,0.98,1.0425,36,0.94,1.0,185,0
IWM190913P151,2019-09-10,2019-09-10 09:35:46,0.95,1.0106,456,0.93,0.9893,34,0.98,1.0425,36,0.94,1.0,185,0
IWM190913P151,2019-09-10,2019-09-10 09:35:47,0.95,1.0106,15,0.94,1.0,18,0.98,1.0425,36,0.945,1.0053,185,0
IWM190913P151,2019-09-10,2019-09-10 09:35:47,0.96,1.0212,217,0.94,1.0,31,0.98,1.0425,36,0.95,1.0106,185,0
IWM190913P151,2019-09-10,2019-09-10 09:35:48,0.95,1.0106,41,0.93,0.9893,29,0.98,1.0425,36,0.94,1.0,185,0
IWM190913P151,2019-09-10,2019-09-10 09:35:48,0.95,1.0106,73,0.93,0.9893,49,0.98,1.0425,36,0.94,1.0,185,0
IWM190913P151,2019-09-10,2019-09-10 09:35:49,0.95,1.0106,56,0.94,1.0,19,0.98,1.0425,36,0.945,1.0053,185,0
IWM190913P151,2019-09-10,2019-09-10 09:35:49,0.96,1.0212,362,0.94,1.0,21,0.98,1.0425,36,0.95,1.0106,185,0
IWM190913P151,2019-09-10,2019-09-10 09:35:50,0.97,1.0319,253,0.95,1.0106,19,0.98,1.0425,36,0.96,1.0212,185,0
IWM190913P151,2019-09-10,2019-09-10 09:35:50,0.96,1.0212,28,0.94,1.0,41,0.98,1.0425,36,0.95,1.0106,185,0
IWM190913P151,2019-09-10,2019-09-10 09:35:51,0.97,1.0319,253,0.96,1.0212,32,0.98,1.0425,36,0.965,1.0265,185,0
IWM190913P151,2019-09-10,2019-09-10 09:35:51,0.97,1.0319,79,0.96,1.0212,32,0.98,1.0425,36,0.965,1.0265,185,0
IWM190913P151,2019-09-10,2019-09-10 09:35:52,0.97,1.0319,110,0.95,1.0106,44,0.98,1.0425,36,0.96,1.0212,185,0
IWM190913P151,2019-09-10,2019-09-10 09:35:52,0.97,1.0319,110,0.95,1.0106,37,0.98,1.0425,36,0.96,1.0212,185,0
IWM190913P151,2019-09-10,2019-09-10 09:35:53,0.97,1.0319,387,0.95,1.0106,19,0.98,1.0425,36,0.96,1.0212,185,0
IWM190913P151,2019-09-10,2019-09-10 09:35:53,0.96,1.0212,166,0.94,1.0,34,0.98,1.0425,36,0.95,1.0106,185,0
IWM190913P151,2019-09-10,2019-09-10 09:35:54,0.97,1.0319,350,0.95,1.0106,19,0.98,1.0425,36,0.96,1.0212,185,0
IWM190913P151,2019-09-10,2019-09-10 09:35:54,0.96,1.0212,166,0.94,1.0,34,0.98,1.0425,36,0.95,1.0106,185,0
IWM190913P151,2019-09-10,2019-09-10 09:35:55,0.95,1.0106,91,0.94,1.0,30,0.98,1.0425,36,0.945,1.0053,185,0
IWM190913P151,2019-09-10,2019-09-10 09:35:55,0.95,1.0106,113,0.93,0.9893,49,0.98,1.0425,36,0.94,1.0,185,0
IWM190913P151,2019-09-10,2019-09-10 09:35:56,0.95,1.0106,99,0.94,1.0,19,0.98,1.0425,36,0.945,1.0053,185,0
IWM190913P151,2019-09-10,2019-09-10 09:35:56,0.96,1.0212,418,0.94,1.0,21,0.98,1.0425,36,0.95,1.0106,185,0
IWM190913P151,2019-09-10,2019-09-10 09:35:57,0.96,1.0212,318,0.94,1.0,34,0.98,1.0425,36,0.95,1.0106,185,0
IWM190913P151,2019-09-10,2019-09-10 09:35:57,0.96,1.0212,79,0.94,1.0,37,0.98,1.0425,36,0.95,1.0106,185,0
IWM190913P151,2019-09-10,2019-09-10 09:35:58,0.96,1.0212,107,0.94,1.0,36,0.98,1.0425,36,0.95,1.0106,185,0
IWM190913P151,2019-09-10,2019-09-10 09:35:58,0.96,1.0212,256,0.94,1.0,36,0.98,1.0425,36,0.95,1.0106,185,0
IWM190913P151,2019-09-10,2019-09-10 09:35:59,0.97,1.0319,427,0.95,1.0106,35,0.98,1.0425,36,0.96,1.0212,185,0
IWM190913P151,2019-09-10,2019-09-10 09:35:59,0.97,1.0319,427,0.95,1.0106,21,0.98,1.0425,36,0.96,1.0212,185,0
IWM190913P151,2019-09-10,2019-09-10 09:36:00,0.96,1.0212,26,0.94,1.0,30,0.98,1.0425,36,0.95,1.0106,185,0
IWM190913P151,2019-09-10,2019-09-10 09:36:01,0.96,1.0212,60,0.95,1.0106,31,0.98,1.0425,36,0.955,1.0159,185,0
IWM190913P151,2019-09-10,2019-09-10 09:36:01,0.98,1.0425,291,0.95,1.0106,32,0.98,1.0425,36,0.965,1.0265,185,0
IWM190913P151,2019-09-10,2019-09-10 09:36:02,0.98,1.0425,105,0.96,1.0212,35,0.98,1.0425,36,0.97,1.0319,185,0
IWM190913P151,2019-09-10,2019-09-10 09:36:02,0.98,1.0425,116,0.96,1.0212,33,0.98,1.0425,36,0.97,1.0319,185,0
IWM190913P151,2019-09-10,2019-09-10 09:36:03,0.98,1.0425,105,0.96,1.0212,17,0.98,1.0425,36,0.97,1.0319,185,0
IWM190913P151,2019-09-10,2019-09-10 09:36:03,0.97,1.0319,36,0.95,1.0106,39,0.98,1.0425,36,0.96,1.0212,185,0
IWM190913P151,2019-09-10,2019-09-10 09:36:04,0.98,1.0425,91,0.96,1.0212,13,0.98,1.0425,36,0.97,1.0319,185,0
IWM190913P151,2019-09-10,2019-09-10 09:36:04,0.98,1.0425,95,0.96,1.0212,89,0.98,1.0425,36,0.97,1.0319,185,0
IWM190913P151,2019-09-10,2019-09-10 09:36:05,0.98,1.0425,55,0.96,1.0212,32,0.98,1.0425,36,0.97,1.0319,185,0
IWM190913P151,2019-09-10,2019-09-10 09:36:05,0.98,1.0425,15,0.96,1.0212,32,0.98,1.0425,36,0.97,1.0319,185,0
IWM190913P151,2019-09-10,2019-09-10 09:36:06,0.98,1.0425,472,0.95,1.0106,32,0.98,1.0425,36,0.965,1.0265,185,0
IWM190913P151,2019-09-10,2019-09-10 09:36:06,0.96,1.0212,59,0.94,1.0,44,0.98,1.0425,36,0.95,1.0106,185,0
IWM190913P151,2019-09-10,2019-09-10 09:36:07,0.96,1.0212,8,0.94,1.0,44,0.98,1.0425,36,0.95,1.0106,185,0
IWM190913P151,2019-09-10,2019-09-10 09:36:07,0.96,1.0212,164,0.94,1.0,44,0.98,1.0425,36,0.95,1.0106,185,0
IWM190913P151,2019-09-10,2019-09-10 09:36:08,0.96,1.0212,76,0.94,1.0,34,0.98,1.0425,36,0.95,1.0106,185,0
IWM190913P151,2019-09-10,2019-09-10 09:36:08,0.96,1.0212,96,0.94,1.0,35,0.98,1.0425,36,0.95,1.0106,185,0
IWM190913P151,2019-09-10,2019-09-10 09:36:09,0.96,1.0212,85,0.94,1.0,20,0.98,1.0425,36,0.95,1.0106,185,0
IWM190913P151,2019-09-10,2019-09-10 09:36:09,0.96,1.0212,148,0.94,1.0,20,0.98,1.0425,36,0.95,1.0106,185,0
IWM190913P151,2019-09-10,2019-09-10 09:36:10,0.95,1.0106,108,0.93,0.9893,35,0.98,1.0425,36,0.94,1.0,185,0
IWM190913P151,2019-09-10,2019-09-10 09:36:10,0.95,1.0106,42,0.93,0.9893,35,0.98,1.0425,36,0.94,1.0,185,0
IWM190913P151,2019-09-10,2019-09-10 09:36:11,0.95,1.0106,424,0.93,0.9893,19,0.98,1.0425,36,0.94,1.0,185,0
IWM190913P151,2019-09-10,2019-09-10 09:36:11,0.95,1.0106,237,0.93,0.9893,19,0.98,1.0425,36,0.94,1.0,185,0
IWM190913P151,2019-09-10,2019-09-10 09:36:12,0.95,1.0106,441,0.93,0.9893,19,0.98,1.0425,36,0.94,1.0,185,0
IWM190913P151,2019-09-10,2019-09-10 09:36:12,0.94,1.0,31,0.92,0.9787,44,0.98,1.0425,36,0.93,0.9893,185,0
IWM190913P151,2019-09-10,2019-09-10 09:36:13,0.94,1.0,83,0.92,0.9787,55,0.98,1.0425,36,0.93,0.9893,185,0
IWM190913P151,2019-09-10,2019-09-10 09:36:13,0.94,1.0,76,0.92,0.9787,45,0.98,1.0425,36,0.93,0.9893,185,0
IWM190913P151,2019-09-10,2019-09-10 09:36:14,0.94,1.0,59,0.93,0.9893,13,0.98,1.0425,36,0.935,0.9946,185,0
IWM190913P151,2019-09-10,2019-09-10 09:36:14,0.94,1.0,81,0.93,0.9893,4,0.98,1.0425,36,0.935,0.9946,185,0
IWM190913P151,2019-09-10,2019-09-10 09:36:15,0.94,1.0,81,0.93,0.9893,4,0.98,1.0425,36,0.935,0.9946,185,0
IWM190913P151,2019-09-10,2019-09-10 09:36:15,0.94,1.0,81,0.93,0.9893,10,0.98,1.0425,36,0.935,0.9946,185,0
IWM190913P151,2019-09-10,2019-09-10 09:36:16,0.94,1.0,81,0.92,0.9787,31,0.98,1.0425,36,0.93,0.9893,185,0
IWM190913P151,2019-09-10,2019-09-10 09:36:16,0.94,1.0,119,0.92,0.9787,26,0.98,1.0425,36,0.93,0.9893,185,0
IWM190913P151,2019-09-10,2019-09-10 09:36:17,0.93,0.9893,1,0.91,0.968,41,0.98,1.0425,36,0.92,0.9787,185,0
IWM190913P151,2019-09-10,2019-09-10 09:36:17,0.94,1.0,113,0.92,0.9787,31,0.98,1.0425,36,0.93,0.9893,185,0
IWM190913P151,2019-09-10,2019-09-10 09:36:18,0.94,1.0,365,0.92,0.9787,22,0.98,1.0425,36,0.93,0.9893,185,0
IWM190913P151,2019-09-10,2019-09-10 09:36:19,0.94,1.0,346,0.92,0.9787,22,0.98,1.0425,36,0.93,0.9893,185,0
IWM190913P151,2019-09-10,2019-09-10 09:36:20,0.94,1.0,210,0.92,0.9787,23,0.98,1.0425,36,0.93,0.9893,185,0
IWM190913P151,2019-09-10,2019-09-10 09:36:20,0.94,1.0,18,0.93,0.9893,5,0.98,1.0425,36,0.935,0.9946,185,0
IWM190913P151,2019-09-10,2019-09-10 09:36:21,0.94,1.0,87,0.93,0.9893,54,0.98,1.0425,36,0.935,0.9946,185,0
IWM190913P151,2019-09-10,2019-09-10 09:36:21,0.94,1.0,87,0.92,0.9787,46,0.98,1.0425,36,0.93,0.9893,185,0
IWM190913P151,2019-09-10,2019-09-10 09:36:22,0.95,1.0106,525,0.92,0.9787,42,0.98,1.0425,36,0.935,0.9946,185,0
IWM190913P151,2019-09-10,2019-09-10 09:36:22,0.93,0.9893,75,0.92,0.9787,20,0.98,1.0425,36,0.925,0.984,185,0
IWM190913P151,2019-09-10,2019-09-10 09:36:23,0.94,1.0,254,0.92,0.9787,20,0.98,1.0425,36,0.93,0.9893,185,0
IWM190913P151,2019-09-10,2019-09-10 09:36:23,0.93,0.9893,32,0.92,0.9787,34,0.98,1.0425,36,0.925,0.984,185,0
IWM190913P151,2019-09-10,2019-09-10 09:36:24,0.95,1.0106,18,0.92,0.9787,20,0.93,0.9893,4,0.935,0.9946,189,4
IWM190913P151,2019-09-10,2019-09-10 09:36:24,0.95,1.0106,18,0.93,0.9893,38,0.93,0.9893,4,0.94,1.0,189,0
IWM190913P151,2019-09-10,2019-09-10 09:36:25,0.95,1.0106,1,0.94,1.0,31,0.95,1.0106,1,0.945,1.0053,190,1
IWM190913P151,2019-09-10,2019-09-10 09:36:25,0.95,1.0106,81,0.93,0.9893,48,0.93,0.9893,4,0.94,1.0,189,0
IWM190913P151,2019-09-10,2019-09-10 09:36:26,0.96,1.0212,391,0.94,1.0,19,0.95,1.0106,1,0.95,1.0106,190,0
IWM190913P151,2019-09-10,2019-09-10 09:36:26,0.96,1.0212,103,0.94,1.0,38,0.95,1.0106,1,0.95,1.0106,190,0
IWM190913P151,2019-09-10,2019-09-10 09:36:27,0.96,1.0212,205,0.94,1.0,24,0.95,1.0106,1,0.95,1.0106,190,0
IWM190913P151,2019-09-10,2019-09-10 09:36:27,0.96,1.0212,94,0.94,1.0,32,0.95,1.0106,1,0.95,1.0106,190,0
IWM190913P151,2019-09-10,2019-09-10 09:36:28,0.96,1.0212,23,0.94,1.0,108,0.95,1.0106,1,0.95,1.0106,190,0
IWM190913P151,2019-09-10,2019-09-10 09:36:28,0.96,1.0212,23,0.94,1.0,164,0.95,1.0106,1,0.95,1.0106,190,0
IWM190913P151,2019-09-10,2019-09-10 09:36:29,0.96,1.0212,18,0.95,1.0106,13,0.95,1.0106,1,0.955,1.0159,190,0
IWM190913P151,2019-09-10,2019-09-10 09:36:29,0.96,1.0212,18,0.95,1.0106,30,0.95,1.0106,1,0.955,1.0159,190,0
IWM190913P151,2019-09-10,2019-09-10 09:36:30,0.97,1.0319,31,0.95,1.0106,74,0.95,1.0106,1,0.96,1.0212,190,0
IWM190913P151,2019-09-10,2019-09-10 09:36:30,0.96,1.0212,18,0.95,1.0106,13,0.95,1.0106,1,0.955,1.0159,190,0
IWM190913P151,2019-09-10,2019-09-10 09:36:31,0.98,1.0425,31,0.96,1.0212,33,0.95,1.0106,1,0.97,1.0319,190,0
IWM190913P151,2019-09-10,2019-09-10 09:36:31,0.98,1.0425,83,0.96,1.0212,13,0.95,1.0106,1,0.97,1.0319,190,0
IWM190913P151,2019-09-10,2019-09-10 09:36:32,0.98,1.0425,181,0.96,1.0212,33,0.95,1.0106,1,0.97,1.0319,190,0
IWM190913P151,2019-09-10,2019-09-10 09:36:32,0.98,1.0425,104,0.96,1.0212,80,0.95,1.0106,1,0.97,1.0319,190,0
IWM190913P151,2019-09-10,2019-09-10 09:36:33,0.98,1.0425,98,0.96,1.0212,31,0.95,1.0106,1,0.97,1.0319,190,0
IWM190913P151,2019-09-10,2019-09-10 09:36:33,0.98,1.0425,102,0.96,1.0212,12,0.95,1.0106,1,0.97,1.0319,190,0
IWM190913P151,2019-09-10,2019-09-10 09:36:34,0.98,1.0425,60,0.97,1.0319,5,0.95,1.0106,1,0.975,1.0372,190,0
IWM190913P151,2019-09-10,2019-09-10 09:36:34,0.99,1.0531,198,0.97,1.0319,34,0.95,1.0106,1,0.98,1.0425,190,0
IWM190913P151,2019-09-10,2019-09-10 09:36:35,0.98,1.0425,39,0.96,1.0212,45,0.95,1.0106,1,0.97,1.0319,190,0
IWM190913P151,2019-09-10,2019-09-10 09:36:35,0.99,1.0531,143,0.97,1.0319,34,0.95,1.0106,1,0.98,1.0425,190,0
IWM190913P151,2019-09-10,2019-09-10 09:36:36,0.98,1.0425,70,0.96,1.0212,47,0.95,1.0106,1,0.97,1.0319,190,0
IWM190913P151,2019-09-10,2019-09-10 09:36:36,0.98,1.0425,143,0.96,1.0212,43,0.95,1.0106,1,0.97,1.0319,190,0
IWM190913P151,2019-09-10,2019-09-10 09:36:37,0.98,1.0425,91,0.96,1.0212,43,0.95,1.0106,1,0.97,1.0319,190,0
IWM190913P151,2019-09-10,2019-09-10 09:36:38,0.98,1.0425,99,0.96,1.0212,43,0.95,1.0106,1,0.97,1.0319,190,0
IWM190913P151,2019-09-10,2019-09-10 09:36:39,0.97,1.0319,334,0.94,1.0,68,0.95,1.0106,1,0.955,1.0159,190,0
IWM190913P151,2019-09-10,2019-09-10 09:36:39,0.97,1.0319,79,0.95,1.0106,35,0.95,1.0106,1,0.96,1.0212,190,0
IWM190913P151,2019-09-10,2019-09-10 09:36:40,0.96,1.0212,99,0.94,1.0,44,0.95,1.0106,1,0.95,1.0106,190,0
IWM190913P151,2019-09-10,2019-09-10 09:36:40,0.97,1.0319,69,0.95,1.0106,83,0.95,1.0106,1,0.96,1.0212,190,0
IWM190913P151,2019-09-10,2019-09-10 09:36:41,0.96,1.0212,82,0.95,1.0106,83,0.95,1.0106,1,0.955,1.0159,190,0
IWM190913P151,2019-09-10,2019-09-10 09:36:41,0.96,1.0212,41,0.94,1.0,48,0.95,1.0106,1,0.95,1.0106,190,0
IWM190913P151,2019-09-10,2019-09-10 09:36:42,0.95,1.0106,223,0.92,0.9787,14,0.95,1.0106,1,0.935,0.9946,190,0
IWM190913P151,2019-09-10,2019-09-10 09:36:42,0.95,1.0106,83,0.94,1.0,22,0.95,1.0106,1,0.945,1.0053,190,0
IWM190913P151,2019-09-10,2019-09-10 09:36:43,0.94,1.0,23,0.92,0.9787,30,0.95,1.0106,1,0.93,0.9893,190,0
IWM190913P151,2019-09-10,2019-09-10 09:36:43,0.95,1.0106,60,0.93,0.9893,19,0.95,1.0106,1,0.94,1.0,190,0
IWM190913P151,2019-09-10,2019-09-10 09:36:44,0.95,1.0106,222,0.93,0.9893,18,0.95,1.0106,1,0.94,1.0,190,0
IWM190913P151,2019-09-10,2019-09-10 09:36:44,0.95,1.0106,83,0.93,0.9893,33,0.95,1.0106,1,0.94,1.0,190,0
IWM190913P151,2019-09-10,2019-09-10 09:36:45,0.95,1.0106,61,0.93,0.9893,35,0.95,1.0106,1,0.94,1.0,190,0
IWM190913P151,2019-09-10,2019-09-10 09:36:45,0.95,1.0106,86,0.93,0.9893,22,0.95,1.0106,1,0.94,1.0,190,0
IWM190913P151,2019-09-10,2019-09-10 09:36:46,0.95,1.0106,94,0.93,0.9893,18,0.95,1.0106,1,0.94,1.0,190,0
IWM190913P151,2019-09-10,2019-09-10 09:36:46,0.95,1.0106,102,0.93,0.9893,36,0.95,1.0106,1,0.94,1.0,190,0
IWM190913P151,2019-09-10,2019-09-10 09:36:47,0.95,1.0106,18,0.93,0.9893,57,0.95,1.0106,1,0.94,1.0,190,0
IWM190913P151,2019-09-10,2019-09-10 09:36:47,0.95,1.0106,76,0.93,0.9893,61,0.95,1.0106,1,0.94,1.0,190,0
IWM190913P151,2019-09-10,2019-09-10 09:36:48,0.95,1.0106,130,0.93,0.9893,19,0.95,1.0106,1,0.94,1.0,190,0
IWM190913P151,2019-09-10,2019-09-10 09:36:48,0.94,1.0,10,0.92,0.9787,49,0.95,1.0106,1,0.93,0.9893,190,0
IWM190913P151,2019-09-10,2019-09-10 09:36:49,0.94,1.0,84,0.92,0.9787,48,0.95,1.0106,1,0.93,0.9893,190,0
IWM190913P151,2019-09-10,2019-09-10 09:36:49,0.94,1.0,96,0.92,0.9787,48,0.95,1.0106,1,0.93,0.9893,190,0
IWM190913P151,2019-09-10,2019-09-10 09:36:50,0.94,1.0,142,0.92,0.9787,48,0.95,1.0106,1,0.93,0.9893,190,0
IWM190913P151,2019-09-10,2019-09-10 09:36:50,0.95,1.0106,167,0.92,0.9787,48,0.95,1.0106,1,0.935,0.9946,190,0
IWM190913P151,2019-09-10,2019-09-10 09:36:51,0.95,1.0106,26,0.93,0.9893,33,0.95,1.0106,1,0.94,1.0,190,0
IWM190913P151,2019-09-10,2019-09-10 09:36:51,0.96,1.0212,244,0.93,0.9893,87,0.95,1.0106,1,0.945,1.0053,190,0
IWM190913P151,2019-09-10,2019-09-10 09:36:52,0.95,1.0106,95,0.93,0.9893,87,0.95,1.0106,1,0.94,1.0,190,0
IWM190913P151,2019-09-10,2019-09-10 09:36:52,0.95,1.0106,86,0.93,0.9893,87,0.95,1.0106,1,0.94,1.0,190,0
IWM190913P151,2019-09-10,2019-09-10 09:36:53,0.94,1.0,105,0.92,0.9787,58,0.95,1.0106,1,0.93,0.9893,190,0
IWM190913P151,2019-09-10,2019-09-10 09:36:53,0.94,1.0,137,0.92,0.9787,31,0.95,1.0106,1,0.93,0.9893,190,0
IWM190913P151,2019-09-10,2019-09-10 09:36:54,0.94,1.0,95,0.92,0.9787,36,0.95,1.0106,1,0.93,0.9893,190,0
IWM190913P151,2019-09-10,2019-09-10 09:36:54,0.94,1.0,55,0.92,0.9787,66,0.95,1.0106,1,0.93,0.9893,190,0
IWM190913P151,2019-09-10,2019-09-10 09:36:55,0.94,1.0,1,0.92,0.9787,96,0.95,1.0106,1,0.93,0.9893,190,0
IWM190913P151,2019-09-10,2019-09-10 09:36:55,0.94,1.0,80,0.92,0.9787,36,0.95,1.0106,1,0.93,0.9893,190,0
IWM190913P151,2019-09-10,2019-09-10 09:36:56,0.94,1.0,13,0.92,0.9787,83,0.95,1.0106,1,0.93,0.9893,190,0
IWM190913P151,2019-09-10,2019-09-10 09:36:56,0.94,1.0,13,0.92,0.9787,91,0.95,1.0106,1,0.93,0.9893,190,0
IWM190913P151,2019-09-10,2019-09-10 09:36:57,0.94,1.0,39,0.92,0.9787,36,0.95,1.0106,1,0.93,0.9893,190,0
IWM190913P151,2019-09-10,2019-09-10 09:36:57,0.94,1.0,26,0.92,0.9787,36,0.95,1.0106,1,0.93,0.9893,190,0
IWM190913P151,2019-09-10,2019-09-10 09:36:58,0.94,1.0,121,0.92,0.9787,32,0.95,1.0106,1,0.93,0.9893,190,0
IWM190913P151,2019-09-10,2019-09-10 09:36:58,0.94,1.0,20,0.92,0.9787,36,0.95,1.0106,1,0.93,0.9893,190,0
IWM190913P151,2019-09-10,2019-09-10 09:36:59,0.94,1.0,2,0.92,0.9787,28,0.95,1.0106,1,0.93,0.9893,190,0
IWM190913P151,2019-09-10,2019-09-10 09:37:00,0.95,1.0106,10,0.94,1.0,4,0.95,1.0106,1,0.945,1.0053,190,0
IWM190913P151,2019-09-10,2019-09-10 09:37:00,0.94,1.0,64,0.92,0.9787,27,0.95,1.0106,1,0.93,0.9893,190,0
IWM190913P151,2019-09-10,2019-09-10 09:37:01,0.95,1.0106,5,0.94,1.0,3,0.95,1.0106,1,0.945,1.0053,190,0
IWM190913P151,2019-09-10,2019-09-10 09:37:01,0.96,1.0212,250,0.94,1.0,5,0.95,1.0106,1,0.95,1.0106,190,0
IWM190913P151,2019-09-10,2019-09-10 09:37:02,0.93,0.9893,10,0.92,0.9787,53,0.95,1.0106,1,0.925,0.984,190,0
IWM190913P151,2019-09-10,2019-09-10 09:37:02,0.95,1.0106,21,0.94,1.0,3,0.95,1.0106,1,0.945,1.0053,190,0
IWM190913P151,2019-09-10,2019-09-10 09:37:03,0.93,0.9893,85,0.92,0.9787,17,0.95,1.0106,1,0.925,0.984,190,0
IWM190913P151,2019-09-10,2019-09-10 09:37:03,0.93,0.9893,10,0.92,0.9787,38,0.95,1.0106,1,0.925,0.984,190,0
IWM190913P151,2019-09-10,2019-09-10 09:37:04,0.93,0.9893,197,0.91,0.968,39,0.95,1.0106,1,0.92,0.9787,190,0
IWM190913P151,2019-09-10,2019-09-10 09:37:04,0.93,0.9893,197,0.91,0.968,44,0.95,1.0106,1,0.92,0.9787,190,0
IWM190913P151,2019-09-10,2019-09-10 09:37:05,0.93,0.9893,197,0.91,0.968,39,0.95,1.0106,1,0.92,0.9787,190,0
IWM190913P151,2019-09-10,2019-09-10 09:37:05,0.93,0.9893,113,0.9,0.9574,47,0.95,1.0106,1,0.915,0.9734,190,0
IWM190913P151,2019-09-10,2019-09-10 09:37:06,0.92,0.9787,69,0.9,0.9574,43,0.95,1.0106,1,0.91,0.968,190,0
IWM190913P151,2019-09-10,2019-09-10 09:37:06,0.92,0.9787,27,0.91,0.968,17,0.95,1.0106,1,0.915,0.9734,190,0
IWM190913P151,2019-09-10,2019-09-10 09:37:07,0.93,0.9893,143,0.91,0.968,30,0.95,1.0106,1,0.92,0.9787,190,0
IWM190913P151,2019-09-10,2019-09-10 09:37:07,0.93,0.9893,427,0.9,0.9574,211,0.95,1.0106,1,0.915,0.9734,190,0
IWM190913P151,2019-09-10,2019-09-10 09:37:08,0.92,0.9787,15,0.91,0.968,17,0.95,1.0106,1,0.915,0.9734,190,0
IWM190913P151,2019-09-10,2019-09-10 09:37:08,0.92,0.9787,27,0.9,0.9574,105,0.95,1.0106,1,0.91,0.968,190,0
IWM190913P151,2019-09-10,2019-09-10 09:37:09,0.94,1.0,227,0.92,0.9787,19,0.95,1.0106,1,0.93,0.9893,190,0
IWM190913P151,2019-09-10,2019-09-10 09:37:09,0.92,0.9787,10,0.91,0.968,13,0.95,1.0106,1,0.915,0.9734,190,0
IWM190913P151,2019-09-10,2019-09-10 09:37:10,0.94,1.0,172,0.92,0.9787,64,0.95,1.0106,1,0.93,0.9893,190,0
IWM190913P151,2019-09-10,2019-09-10 09:37:10,0.94,1.0,172,0.92,0.9787,99,0.95,1.0106,1,0.93,0.9893,190,0
IWM190913P151,2019-09-10,2019-09-10 09:37:11,0.94,1.0,21,0.92,0.9787,207,0.95,1.0106,1,0.93,0.9893,190,0
IWM190913P151,2019-09-10,2019-09-10 09:37:11,0.94,1.0,18,0.93,0.9893,25,0.95,1.0106,1,0.935,0.9946,190,0
IWM190913P151,2019-09-10,2019-09-10 09:37:12,0.95,1.0106,296,0.93,0.9893,74,0.95,1.0106,1,0.94,1.0,190,0
IWM190913P151,2019-09-10,2019-09-10 09:37:12,0.95,1.0106,227,0.93,0.9893,110,0.95,1.0106,1,0.94,1.0,190,0
IWM190913P151,2019-09-10,2019-09-10 09:37:13,0.95,1.0106,47,0.93,0.9893,87,0.95,1.0106,1,0.94,1.0,190,0
IWM190913P151,2019-09-10,2019-09-10 09:37:13,0.95,1.0106,18,0.93,0.9893,90,0.95,1.0106,1,0.94,1.0,190,0
IWM190913P151,2019-09-10,2019-09-10 09:37:14,0.95,1.0106,18,0.93,0.9893,87,0.95,1.0106,1,0.94,1.0,190,0
IWM190913P151,2019-09-10,2019-09-10 09:37:14,0.95,1.0106,199,0.93,0.9893,14,0.95,1.0106,1,0.94,1.0,190,0
IWM190913P151,2019-09-10,2019-09-10 09:37:15,0.96,1.0212,23,0.94,1.0,94,0.95,1.0106,1,0.95,1.0106,190,0
IWM190913P151,2019-09-10,2019-09-10 09:37:15,0.95,1.0106,210,0.93,0.9893,14,0.95,1.0106,1,0.94,1.0,190,0
IWM190913P151,2019-09-10,2019-09-10 09:37:16,0.96,1.0212,23,0.93,0.9893,68,0.95,1.0106,1,0.945,1.0053,190,0
IWM190913P151,2019-09-10,2019-09-10 09:37:16,0.96,1.0212,242,0.93,0.9893,68,0.95,1.0106,1,0.945,1.0053,190,0
IWM190913P151,2019-09-10,2019-09-10 09:37:17,0.96,1.0212,9,0.94,1.0,100,0.95,1.0106,1,0.95,1.0106,190,0
IWM190913P151,2019-09-10,2019-09-10 09:37:17,0.96,1.0212,25,0.94,1.0,28,0.95,1.0106,1,0.95,1.0106,190,0
IWM190913P151,2019-09-10,2019-09-10 09:37:18,0.96,1.0212,32,0.94,1.0,98,0.95,1.0106,1,0.95,1.0106,190,0
IWM190913P151,2019-09-10,2019-09-10 09:37:19,0.96,1.0212,187,0.94,1.0,80,0.95,1.0106,1,0.95,1.0106,190,0
IWM190913P151,2019-09-10,2019-09-10 09:37:19,0.96,1.0212,188,0.94,1.0,34,0.95,1.0106,1,0.95,1.0106,190,0
IWM190913P151,2019-09-10,2019-09-10 09:37:20,0.96,1.0212,210,0.94,1.0,34,0.95,1.0106,1,0.95,1.0106,190,0
IWM190913P151,2019-09-10,2019-09-10 09:37:21,0.96,1.0212,210,0.94,1.0,34,0.95,1.0106,1,0.95,1.0106,190,0
IWM190913P151,2019-09-10,2019-09-10 09:37:21,0.96,1.0212,99,0.94,1.0,32,0.95,1.0106,1,0.95,1.0106,190,0
IWM190913P151,2019-09-10,2019-09-10 09:37:22,0.96,1.0212,45,0.94,1.0,67,0.95,1.0106,1,0.95,1.0106,190,0
IWM190913P151,2019-09-10,2019-09-10 09:37:22,0.96,1.0212,193,0.94,1.0,82,0.95,1.0106,1,0.95,1.0106,190,0
IWM190913P151,2019-09-10,2019-09-10 09:37:23,0.97,1.0319,141,0.95,1.0106,30,0.95,1.0106,1,0.96,1.0212,190,0
IWM190913P151,2019-09-10,2019-09-10 09:37:23,0.97,1.0319,290,0.95,1.0106,27,0.95,1.0106,1,0.96,1.0212,190,0
IWM190913P151,2019-09-10,2019-09-10 09:37:24,0.96,1.0212,1,0.95,1.0106,30,0.95,1.0106,1,0.955,1.0159,190,0
IWM190913P151,2019-09-10,2019-09-10 09:37:24,0.97,1.0319,229,0.95,1.0106,49,0.95,1.0106,1,0.96,1.0212,190,0
IWM190913P151,2019-09-10,2019-09-10 09:37:25,0.95,1.0106,69,0.93,0.9893,37,0.95,1.0106,1,0.94,1.0,190,0
IWM190913P151,2019-09-10,2019-09-10 09:37:25,0.96,1.0212,23,0.93,0.9893,105,0.95,1.0106,1,0.945,1.0053,190,0
IWM190913P151,2019-09-10,2019-09-10 09:37:26,0.95,1.0106,66,0.93,0.9893,94,0.95,1.0106,1,0.94,1.0,190,0
IWM190913P151,2019-09-10,2019-09-10 09:37:26,0.95,1.0106,8,0.93,0.9893,108,0.95,1.0106,1,0.94,1.0,190,0
IWM190913P151,2019-09-10,2019-09-10 09:37:27,0.95,1.0106,74,0.93,0.9893,108,0.95,1.0106,1,0.94,1.0,190,0
IWM190913P151,2019-09-10,2019-09-10 09:37:27,0.95,1.0106,74,0.94,1.0,4,0.95,1.0106,1,0.945,1.0053,190,0
IWM190913P151,2019-09-10,2019-09-10 09:37:28,0.95,1.0106,73,0.94,1.0,60,0.95,1.0106,1,0.945,1.0053,190,0
IWM190913P151,2019-09-10,2019-09-10 09:37:28,0.96,1.0212,266,0.94,1.0,64,0.95,1.0106,1,0.95,1.0106,190,0
IWM190913P151,2019-09-10,2019-09-10 09:37:29,0.96,1.0212,27,0.94,1.0,126,0.95,1.0106,1,0.95,1.0106,190,0
IWM190913P151,2019-09-10,2019-09-10 09:37:29,0.96,1.0212,46,0.94,1.0,79,0.95,1.0106,1,0.95,1.0106,190,0
IWM190913P151,2019-09-10,2019-09-10 09:37:30,0.97,1.0319,375,0.95,1.0106,13,0.95,1.0106,1,0.96,1.0212,190,0
IWM190913P151,2019-09-10,2019-09-10 09:37:30,0.96,1.0212,18,0.94,1.0,126,0.95,1.0106,1,0.95,1.0106,190,0
IWM190913P151,2019-09-10,2019-09-10 09:37:31,0.96,1.0212,16,0.94,1.0,64,0.95,1.0106,1,0.95,1.0106,190,0
IWM190913P151,2019-09-10,2019-09-10 09:37:31,0.96,1.0212,11,0.95,1.0106,13,0.95,1.0106,1,0.955,1.0159,190,0
IWM190913P151,2019-09-10,2019-09-10 09:37:32,0.98,1.0425,239,0.96,1.0212,13,0.95,1.0106,1,0.97,1.0319,190,0
IWM190913P151,2019-09-10,2019-09-10 09:37:32,0.97,1.0319,66,0.95,1.0106,19,0.95,1.0106,1,0.96,1.0212,190,0
IWM190913P151,2019-09-10,2019-09-10 09:37:33,0.97,1.0319,6,0.96,1.0212,88,0.95,1.0106,1,0.965,1.0265,190,0
IWM190913P151,2019-09-10,2019-09-10 09:37:33,0.98,1.0425,266,0.96,1.0212,14,0.95,1.0106,1,0.97,1.0319,190,0
IWM190913P151,2019-09-10,2019-09-10 09:37:34,0.98,1.0425,75,0.96,1.0212,30,0.95,1.0106,1,0.97,1.0319,190,0
IWM190913P151,2019-09-10,2019-09-10 09:37:34,0.98,1.0425,216,0.96,1.0212,16,0.95,1.0106,1,0.97,1.0319,190,0
IWM190913P151,2019-09-10,2019-09-10 09:37:35,0.97,1.0319,10,0.96,1.0212,13,0.95,1.0106,1,0.965,1.0265,190,0
IWM190913P151,2019-09-10,2019-09-10 09:37:35,0.97,1.0319,2,0.96,1.0212,13,0.95,1.0106,1,0.965,1.0265,190,0
IWM190913P151,2019-09-10,2019-09-10 09:37:36,0.97,1.0319,271,0.94,1.0,150,0.95,1.0106,1,0.955,1.0159,190,0
IWM190913P151,2019-09-10,2019-09-10 09:37:36,0.97,1.0319,75,0.95,1.0106,57,0.95,1.0106,1,0.96,1.0212,190,0
IWM190913P151,2019-09-10,2019-09-10 09:37:37,0.97,1.0319,432,0.95,1.0106,1,0.95,1.0106,2,0.96,1.0212,192,2
IWM190913P151,2019-09-10,2019-09-10 09:37:37,0.96,1.0212,42,0.94,1.0,98,0.95,1.0106,2,0.95,1.0106,192,0
IWM190913P151,2019-09-10,2019-09-10 09:37:38,0.96,1.0212,42,0.93,0.9893,181,0.95,1.0106,2,0.945,1.0053,192,0
IWM190913P151,2019-09-10,2019-09-10 09:37:39,0.94,1.0,5,0.93,0.9893,14,0.95,1.0106,2,0.935,0.9946,192,0
IWM190913P151,2019-09-10,2019-09-10 09:37:39,0.95,1.0106,357,0.93,0.9893,24,0.95,1.0106,2,0.94,1.0,192,0
IWM190913P151,2019-09-10,2019-09-10 09:37:40,0.94,1.0,27,0.92,0.9787,106,0.95,1.0106,2,0.93,0.9893,192,0
IWM190913P151,2019-09-10,2019-09-10 09:37:40,0.94,1.0,22,0.92,0.9787,140,0.95,1.0106,2,0.93,0.9893,192,0
IWM190913P151,2019-09-10,2019-09-10 09:37:41,0.94,1.0,15,0.93,0.9893,17,0.95,1.0106,2,0.935,0.9946,192,0
IWM190913P151,2019-09-10,2019-09-10 09:37:41,0.95,1.0106,367,0.93,0.9893,17,0.95,1.0106,2,0.94,1.0,192,0
IWM190913P151,2019-09-10,2019-09-10 09:37:42,0.96,1.0212,196,0.93,0.9893,14,0.95,1.0106,2,0.945,1.0053,192,0
IWM190913P151,2019-09-10,2019-09-10 09:37:42,0.96,1.0212,196,0.94,1.0,17,0.95,1.0106,2,0.95,1.0106,192,0
IWM190913P151,2019-09-10,2019-09-10 09:37:43,0.96,1.0212,58,0.94,1.0,64,0.95,1.0106,2,0.95,1.0106,192,0
IWM190913P151,2019-09-10,2019-09-10 09:37:43,0.96,1.0212,23,0.94,1.0,19,0.95,1.0106,2,0.95,1.0106,192,0
IWM190913P151,2019-09-10,2019-09-10 09:37:44,0.96,1.0212,89,0.94,1.0,130,0.95,1.0106,2,0.95,1.0106,192,0
IWM190913P151,2019-09-10,2019-09-10 09:37:44,0.96,1.0212,58,0.94,1.0,130,0.95,1.0106,2,0.95,1.0106,192,0
IWM190913P151,2019-09-10,2019-09-10 09:37:45,0.95,1.0106,2,0.93,0.9893,82,0.95,1.0106,2,0.94,1.0,192,0
IWM190913P151,2019-09-10,2019-09-10 09:37:45,0.96,1.0212,110,0.94,1.0,7,0.95,1.0106,2,0.95,1.0106,192,0
IWM190913P151,2019-09-10,2019-09-10 09:37:46,0.95,1.0106,2,0.93,0.9893,160,0.95,1.0106,2,0.94,1.0,192,0
IWM190913P151,2019-09-10,2019-09-10 09:37:46,0.95,1.0106,1,0.94,1.0,13,0.95,1.0106,2,0.945,1.0053,192,0
IWM190913P151,2019-09-10,2019-09-10 09:37:47,0.97,1.0319,211,0.95,1.0106,20,0.95,1.0106,2,0.96,1.0212,192,0
IWM190913P151,2019-09-10,2019-09-10 09:37:47,0.96,1.0212,30,0.94,1.0,51,0.95,1.0106,2,0.95,1.0106,192,0
IWM190913P151,2019-09-10,2019-09-10 09:37:48,0.97,1.0319,236,0.95,1.0106,2,0.95,1.0106,2,0.96,1.0212,192,0
IWM190913P151,2019-09-10,2019-09-10 09:37:49,0.97,1.0319,218,0.95,1.0106,18,0.95,1.0106,2,0.96,1.0212,192,0
IWM190913P151,2019-09-10,2019-09-10 09:37:50,0.97,1.0319,26,0.95,1.0106,71,0.95,1.0106,2,0.96,1.0212,192,0
IWM190913P151,2019-09-10,2019-09-10 09:37:51,0.97,1.0319,57,0.95,1.0106,74,0.95,1.0106,2,0.96,1.0212,192,0
IWM190913P151,2019-09-10,2019-09-10 09:37:51,0.98,1.0425,274,0.96,1.0212,60,0.95,1.0106,2,0.97,1.0319,192,0
IWM190913P151,2019-09-10,2019-09-10 09:37:52,0.99,1.0531,194,0.97,1.0319,19,0.95,1.0106,2,0.98,1.0425,192,0
IWM190913P151,2019-09-10,2019-09-10 09:37:52,0.98,1.0425,284,0.96,1.0212,60,0.95,1.0106,2,0.97,1.0319,192,0
IWM190913P151,2019-09-10,2019-09-10 09:37:53,0.99,1.0531,102,0.97,1.0319,14,0.95,1.0106,2,0.98,1.0425,192,0
IWM190913P151,2019-09-10,2019-09-10 09:37:53,0.98,1.0425,26,0.96,1.0212,74,0.95,1.0106,2,0.97,1.0319,192,0
IWM190913P151,2019-09-10,2019-09-10 09:37:54,1.0,1.0638,45,0.98,1.0425,14,0.95,1.0106,2,0.99,1.0531,192,0
IWM190913P151,2019-09-10,2019-09-10 09:37:54,1.0,1.0638,31,0.98,1.0425,19,0.95,1.0106,2,0.99,1.0531,192,0
IWM190913P151,2019-09-10,2019-09-10 09:37:55,1.0,1.0638,47,0.98,1.0425,86,0.95,1.0106,2,0.99,1.0531,192,0
IWM190913P151,2019-09-10,2019-09-10 09:37:55,1.0,1.0638,31,0.98,1.0425,111,0.95,1.0106,2,0.99,1.0531,192,0
IWM190913P151,2019-09-10,2019-09-10 09:37:56,1.0,1.0638,43,0.98,1.0425,14,0.95,1.0106,2,0.99,1.0531,192,0
IWM190913P151,2019-09-10,2019-09-10 09:37:56,1.0,1.0638,31,0.97,1.0319,70,0.95,1.0106,2,0.985,1.0478,192,0
IWM190913P151,2019-09-10,2019-09-10 09:37:57,1.0,1.0638,80,0.97,1.0319,132,0.95,1.0106,2,0.985,1.0478,192,0
IWM190913P151,2019-09-10,2019-09-10 09:37:57,1.0,1.0638,75,0.98,1.0425,1,0.95,1.0106,2,0.99,1.0531,192,0
IWM190913P151,2019-09-10,2019-09-10 09:37:58,0.99,1.0531,2,0.97,1.0319,79,0.95,1.0106,2,0.98,1.0425,192,0
IWM190913P151,2019-09-10,2019-09-10 09:37:58,1.0,1.0638,30,0.98,1.0425,14,0.95,1.0106,2,0.99,1.0531,192,0
IWM190913P151,2019-09-10,2019-09-10 09:37:59,1.0,1.0638,30,0.98,1.0425,82,0.95,1.0106,2,0.99,1.0531,192,0
IWM190913P151,2019-09-10,2019-09-10 09:38:00,1.0,1.0638,17,0.98,1.0425,48,0.95,1.0106,2,0.99,1.0531,192,0
IWM190913P151,2019-09-10,2019-09-10 09:38:00,1.0,1.0638,17,0.99,1.0531,13,0.95,1.0106,2,0.995,1.0585,192,0
IWM190913P151,2019-09-10,2019-09-10 09:38:01,1.0,1.0638,17,0.99,1.0531,16,0.95,1.0106,2,0.995,1.0585,192,0
IWM190913P151,2019-09-10,2019-09-10 09:38:01,1.01,1.0744,18,0.99,1.0531,127,0.95,1.0106,2,1.0,1.0638,192,0
IWM190913P151,2019-09-10,2019-09-10 09:38:02,1.02,1.0851,47,1.0,1.0638,20,0.95,1.0106,2,1.01,1.0744,192,0
IWM190913P151,2019-09-10,2019-09-10 09:38:02,1.02,1.0851,44,1.0,1.0638,14,0.95,1.0106,2,1.01,1.0744,192,0
IWM190913P151,2019-09-10,2019-09-10 09:38:03,1.02,1.0851,61,1.0,1.0638,20,0.95,1.0106,2,1.01,1.0744,192,0
IWM190913P151,2019-09-10,2019-09-10 09:38:04,1.02,1.0851,18,1.0,1.0638,47,0.95,1.0106,2,1.01,1.0744,192,0
IWM190913P151,2019-09-10,2019-09-10 09:38:05,1.02,1.0851,18,1.01,1.0744,13,0.95,1.0106,2,1.015,1.0797,192,0
IWM190913P151,2019-09-10,2019-09-10 09:38:05,1.02,1.0851,18,1.0,1.0638,89,0.95,1.0106,2,1.01,1.0744,192,0
IWM190913P151,2019-09-10,2019-09-10 09:38:06,1.02,1.0851,70,1.0,1.0638,132,0.95,1.0106,2,1.01,1.0744,192,0
IWM190913P151,2019-09-10,2019-09-10 09:38:06,1.02,1.0851,18,1.01,1.0744,21,0.95,1.0106,2,1.015,1.0797,192,0
IWM190913P151,2019-09-10,2019-09-10 09:38:07,1.02,1.0851,18,1.01,1.0744,21,0.95,1.0106,2,1.015,1.0797,192,0
IWM190913P151,2019-09-10,2019-09-10 09:38:07,1.02,1.0851,18,1.01,1.0744,17,0.95,1.0106,2,1.015,1.0797,192,0
IWM190913P151,2019-09-10,2019-09-10 09:38:08,1.02,1.0851,172,1.0,1.0638,23,0.95,1.0106,2,1.01,1.0744,192,0
IWM190913P151,2019-09-10,2019-09-10 09:38:08,1.02,1.0851,130,1.0,1.0638,76,0.95,1.0106,2,1.01,1.0744,192,0
IWM190913P151,2019-09-10,2019-09-10 09:38:09,1.0,1.0638,72,0.98,1.0425,64,0.95,1.0106,2,0.99,1.0531,192,0
IWM190913P151,2019-09-10,2019-09-10 09:38:09,1.0,1.0638,97,0.98,1.0425,25,0.95,1.0106,2,0.99,1.0531,192,0
IWM190913P151,2019-09-10,2019-09-10 09:38:10,0.99,1.0531,47,0.97,1.0319,68,0.95,1.0106,2,0.98,1.0425,192,0
IWM190913P151,2019-09-10,2019-09-10 09:38:10,0.99,1.0531,27,0.98,1.0425,22,0.95,1.0106,2,0.985,1.0478,192,0
IWM190913P151,2019-09-10,2019-09-10 09:38:11,1.01,1.0744,185,0.99,1.0531,19,0.95,1.0106,2,1.0,1.0638,192,0
IWM190913P151,2019-09-10,2019-09-10 09:38:11,1.0,1.0638,85,0.98,1.0425,74,0.95,1.0106,2,0.99,1.0531,192,0
IWM190913P151,2019-09-10,2019-09-10 09:38:12,1.0,1.0638,128,0.98,1.0425,44,0.95,1.0106,2,0.99,1.0531,192,0
IWM190913P151,2019-09-10,2019-09-10 09:38:12,1.0,1.0638,216,0.98,1.0425,40,0.95,1.0106,2,0.99,1.0531,192,0
IWM190913P151,2019-09-10,2019-09-10 09:38:13,1.01,1.0744,31,0.99,1.0531,66,0.95,1.0106,2,1.0,1.0638,192,0
IWM190913P151,2019-09-10,2019-09-10 09:38:13,1.01,1.0744,18,0.98,1.0425,66,0.95,1.0106,2,0.995,1.0585,192,0
IWM190913P151,2019-09-10,2019-09-10 09:38:14,1.01,1.0744,18,0.99,1.0531,92,0.95,1.0106,2,1.0,1.0638,192,0
IWM190913P151,2019-09-10,2019-09-10 09:38:14,1.01,1.0744,31,0.99,1.0531,72,0.95,1.0106,2,1.0,1.0638,192,0
IWM190913P151,2019-09-10,2019-09-10 09:38:15,1.0,1.0638,16,0.98,1.0425,65,0.95,1.0106,2,0.99,1.0531,192,0
IWM190913P151,2019-09-10,2019-09-10 09:38:15,1.0,1.0638,38,0.98,1.0425,1,0.95,1.0106,2,0.99,1.0531,192,0
IWM190913P151,2019-09-10,2019-09-10 09:38:16,0.98,1.0425,3,0.97,1.0319,65,0.95,1.0106,2,0.975,1.0372,192,0
IWM190913P151,2019-09-10,2019-09-10 09:38:16,0.99,1.0531,32,0.97,1.0319,66,0.95,1.0106,2,0.98,1.0425,192,0
IWM190913P151,2019-09-10,2019-09-10 09:38:17,0.99,1.0531,32,0.97,1.0319,66,0.95,1.0106,2,0.98,1.0425,192,0
IWM190913P151,2019-09-10,2019-09-10 09:38:17,0.99,1.0531,42,0.97,1.0319,33,0.95,1.0106,2,0.98,1.0425,192,0
IWM190913P151,2019-09-10,2019-09-10 09:38:18,0.99,1.0531,56,0.97,1.0319,66,0.95,1.0106,2,0.98,1.0425,192,0
IWM190913P151,2019-09-10,2019-09-10 09:38:18,0.98,1.0425,3,0.96,1.0212,141,0.95,1.0106,2,0.97,1.0319,192,0
IWM190913P151,2019-09-10,2019-09-10 09:38:19,0.98,1.0425,16,0.97,1.0319,42,0.95,1.0106,2,0.975,1.0372,192,0
IWM190913P151,2019-09-10,2019-09-10 09:38:19,0.99,1.0531,51,0.97,1.0319,42,0.95,1.0106,2,0.98,1.0425,192,0
IWM190913P151,2019-09-10,2019-09-10 09:38:20,0.98,1.0425,6,0.96,1.0212,66,0.95,1.0106,2,0.97,1.0319,192,0
