symbol,Date,quote_time,ask_price,norm_ask_price,ask_size,bid_price,norm_bid_price,bid_size,last_trade_price,norm_last_trade_price,last_trade_size,mark_price,norm_mark_price,volume,Volume
IWM191101P154,2019-10-28,2019-10-28 09:30:00,0.72,1.0,174,0.71,0.9861,28,0.72,1.0,4,0.715,0.993,9262,9262
IWM191101P154,2019-10-28,2019-10-28 09:30:01,0.61,0.8472,1,0.42,0.5833,23,0.72,1.0,4,0.515,0.7152,0,0
IWM191101P154,2019-10-28,2019-10-28 09:30:01,0.55,0.7638,19,0.42,0.5833,23,0.72,1.0,4,0.485,0.6736,0,-9262
IWM191101P154,2019-10-28,2019-10-28 09:30:02,0.6,0.8333,7,0.5,0.6944,4,0.72,1.0,4,0.55,0.7638,0,0
IWM191101P154,2019-10-28,2019-10-28 09:30:02,0.6,0.8333,7,0.5,0.6944,4,0.72,1.0,4,0.55,0.7638,21,21
IWM191101P154,2019-10-28,2019-10-28 09:30:03,0.52,0.7222,75,0.5,0.6944,4,0.47,0.6527,3,0.51,0.7083,21,0
IWM191101P154,2019-10-28,2019-10-28 09:30:03,0.6,0.8333,7,0.5,0.6944,4,0.72,1.0,4,0.55,0.7638,21,0
IWM191101P154,2019-10-28,2019-10-28 09:30:04,0.52,0.7222,75,0.5,0.6944,4,0.47,0.6527,3,0.51,0.7083,85,64
IWM191101P154,2019-10-28,2019-10-28 09:30:05,0.52,0.7222,75,0.5,0.6944,4,0.47,0.6527,3,0.51,0.7083,85,0
IWM191101P154,2019-10-28,2019-10-28 09:30:06,0.52,0.7222,379,0.46,0.6388,263,0.45,0.625,5,0.49,0.6805,85,0
IWM191101P154,2019-10-28,2019-10-28 09:30:06,0.52,0.7222,331,0.5,0.6944,4,0.45,0.625,5,0.51,0.7083,85,0
IWM191101P154,2019-10-28,2019-10-28 09:30:07,0.52,0.7222,379,0.46,0.6388,263,0.45,0.625,5,0.49,0.6805,85,0
IWM191101P154,2019-10-28,2019-10-28 09:30:07,0.52,0.7222,5,0.46,0.6388,263,0.45,0.625,2,0.49,0.6805,87,2
IWM191101P154,2019-10-28,2019-10-28 09:30:08,0.51,0.7083,45,0.46,0.6388,263,0.45,0.625,2,0.485,0.6736,87,0
IWM191101P154,2019-10-28,2019-10-28 09:30:08,0.51,0.7083,45,0.47,0.6527,47,0.45,0.625,2,0.49,0.6805,87,0
IWM191101P154,2019-10-28,2019-10-28 09:30:09,0.51,0.7083,45,0.47,0.6527,42,0.45,0.625,2,0.49,0.6805,87,0
IWM191101P154,2019-10-28,2019-10-28 09:30:10,0.51,0.7083,499,0.45,0.625,10,0.45,0.625,2,0.48,0.6666,87,0
IWM191101P154,2019-10-28,2019-10-28 09:30:10,0.51,0.7083,499,0.47,0.6527,42,0.45,0.625,2,0.49,0.6805,87,0
IWM191101P154,2019-10-28,2019-10-28 09:30:11,0.5,0.6944,45,0.44,0.6111,55,0.45,0.625,1,0.47,0.6527,88,0
IWM191101P154,2019-10-28,2019-10-28 09:30:11,0.5,0.6944,235,0.44,0.6111,209,0.45,0.625,1,0.47,0.6527,88,1
IWM191101P154,2019-10-28,2019-10-28 09:30:12,0.48,0.6666,23,0.45,0.625,75,0.45,0.625,1,0.465,0.6458,88,0
IWM191101P154,2019-10-28,2019-10-28 09:30:13,0.48,0.6666,70,0.45,0.625,75,0.45,0.625,1,0.465,0.6458,88,0
IWM191101P154,2019-10-28,2019-10-28 09:30:13,0.48,0.6666,70,0.45,0.625,75,0.45,0.625,2,0.465,0.6458,90,2
IWM191101P154,2019-10-28,2019-10-28 09:30:14,0.48,0.6666,75,0.45,0.625,28,0.45,0.625,2,0.465,0.6458,90,0
IWM191101P154,2019-10-28,2019-10-28 09:30:14,0.48,0.6666,70,0.45,0.625,31,0.45,0.625,2,0.465,0.6458,90,0
IWM191101P154,2019-10-28,2019-10-28 09:30:15,0.48,0.6666,110,0.45,0.625,28,0.45,0.625,2,0.465,0.6458,90,0
IWM191101P154,2019-10-28,2019-10-28 09:30:16,0.48,0.6666,110,0.45,0.625,28,0.45,0.625,2,0.465,0.6458,90,0
IWM191101P154,2019-10-28,2019-10-28 09:30:17,0.48,0.6666,122,0.45,0.625,28,0.45,0.625,2,0.465,0.6458,90,0
IWM191101P154,2019-10-28,2019-10-28 09:30:18,0.46,0.6388,1,0.44,0.6111,143,0.45,0.625,2,0.45,0.625,90,0
IWM191101P154,2019-10-28,2019-10-28 09:30:18,0.47,0.6527,35,0.44,0.6111,218,0.45,0.625,2,0.455,0.6319,90,0
IWM191101P154,2019-10-28,2019-10-28 09:30:19,0.46,0.6388,2,0.44,0.6111,196,0.46,0.6388,1,0.45,0.625,91,1
IWM191101P154,2019-10-28,2019-10-28 09:30:19,0.47,0.6527,52,0.44,0.6111,382,0.46,0.6388,1,0.455,0.6319,91,0
IWM191101P154,2019-10-28,2019-10-28 09:30:20,0.47,0.6527,10,0.46,0.6388,1,0.47,0.6527,6,0.465,0.6458,107,6
IWM191101P154,2019-10-28,2019-10-28 09:30:20,0.47,0.6527,52,0.45,0.625,57,0.47,0.6527,10,0.46,0.6388,101,10
IWM191101P154,2019-10-28,2019-10-28 09:30:21,0.49,0.6805,75,0.46,0.6388,1,0.47,0.6527,6,0.475,0.6597,107,0
IWM191101P154,2019-10-28,2019-10-28 09:30:21,0.49,0.6805,35,0.47,0.6527,40,0.47,0.6527,6,0.48,0.6666,107,0
IWM191101P154,2019-10-28,2019-10-28 09:30:22,0.48,0.6666,10,0.45,0.625,239,0.47,0.6527,6,0.465,0.6458,107,0
IWM191101P154,2019-10-28,2019-10-28 09:30:23,0.47,0.6527,80,0.45,0.625,150,0.47,0.6527,6,0.46,0.6388,107,0
IWM191101P154,2019-10-28,2019-10-28 09:30:23,0.48,0.6666,204,0.45,0.625,306,0.47,0.6527,6,0.465,0.6458,107,0
IWM191101P154,2019-10-28,2019-10-28 09:30:24,0.47,0.6527,106,0.45,0.625,140,0.47,0.6527,6,0.46,0.6388,107,0
IWM191101P154,2019-10-28,2019-10-28 09:30:24,0.47,0.6527,140,0.45,0.625,140,0.47,0.6527,6,0.46,0.6388,107,0
IWM191101P154,2019-10-28,2019-10-28 09:30:25,0.46,0.6388,4,0.45,0.625,140,0.47,0.6527,6,0.455,0.6319,107,0
IWM191101P154,2019-10-28,2019-10-28 09:30:25,0.47,0.6527,150,0.45,0.625,140,0.47,0.6527,6,0.46,0.6388,107,0
IWM191101P154,2019-10-28,2019-10-28 09:30:26,0.46,0.6388,5,0.45,0.625,150,0.47,0.6527,6,0.455,0.6319,107,0
IWM191101P154,2019-10-28,2019-10-28 09:30:26,0.47,0.6527,226,0.45,0.625,131,0.45,0.625,5,0.46,0.6388,116,9
IWM191101P154,2019-10-28,2019-10-28 09:30:27,0.47,0.6527,665,0.45,0.625,131,0.45,0.625,5,0.46,0.6388,116,0
IWM191101P154,2019-10-28,2019-10-28 09:30:27,0.46,0.6388,87,0.43,0.5972,437,0.45,0.625,5,0.445,0.618,116,0
IWM191101P154,2019-10-28,2019-10-28 09:30:28,0.46,0.6388,23,0.44,0.6111,57,0.44,0.6111,2,0.45,0.625,118,2
IWM191101P154,2019-10-28,2019-10-28 09:30:28,0.45,0.625,10,0.44,0.6111,598,0.44,0.6111,2,0.445,0.618,118,0
IWM191101P154,2019-10-28,2019-10-28 09:30:29,0.45,0.625,10,0.44,0.6111,473,0.44,0.6111,2,0.445,0.618,118,0
IWM191101P154,2019-10-28,2019-10-28 09:30:29,0.45,0.625,10,0.44,0.6111,409,0.44,0.6111,2,0.445,0.618,118,0
IWM191101P154,2019-10-28,2019-10-28 09:30:30,0.45,0.625,10,0.44,0.6111,385,0.44,0.6111,2,0.445,0.618,118,0
IWM191101P154,2019-10-28,2019-10-28 09:30:31,0.45,0.625,10,0.44,0.6111,385,0.44,0.6111,2,0.445,0.618,118,0
IWM191101P154,2019-10-28,2019-10-28 09:30:32,0.45,0.625,10,0.44,0.6111,385,0.44,0.6111,2,0.445,0.618,118,0
IWM191101P154,2019-10-28,2019-10-28 09:30:33,0.45,0.625,10,0.44,0.6111,4,0.44,0.6111,2,0.445,0.618,118,0
IWM191101P154,2019-10-28,2019-10-28 09:30:34,0.45,0.625,10,0.44,0.6111,3,0.44,0.6111,2,0.445,0.618,118,0
IWM191101P154,2019-10-28,2019-10-28 09:30:35,0.45,0.625,10,0.44,0.6111,3,0.44,0.6111,2,0.445,0.618,118,0
IWM191101P154,2019-10-28,2019-10-28 09:30:36,0.45,0.625,13,0.44,0.6111,2,0.44,0.6111,3,0.445,0.618,121,0
IWM191101P154,2019-10-28,2019-10-28 09:30:36,0.45,0.625,13,0.44,0.6111,10,0.44,0.6111,3,0.445,0.618,121,3
IWM191101P154,2019-10-28,2019-10-28 09:30:37,0.45,0.625,10,0.44,0.6111,2,0.44,0.6111,3,0.445,0.618,121,0
IWM191101P154,2019-10-28,2019-10-28 09:30:37,0.46,0.6388,444,0.44,0.6111,1,0.44,0.6111,2,0.45,0.625,123,2
IWM191101P154,2019-10-28,2019-10-28 09:30:38,0.46,0.6388,339,0.43,0.5972,114,0.44,0.6111,8,0.445,0.618,131,0
IWM191101P154,2019-10-28,2019-10-28 09:30:38,0.46,0.6388,409,0.44,0.6111,1,0.44,0.6111,8,0.45,0.625,131,8
IWM191101P154,2019-10-28,2019-10-28 09:30:39,0.46,0.6388,159,0.44,0.6111,18,0.44,0.6111,8,0.45,0.625,131,0
IWM191101P154,2019-10-28,2019-10-28 09:30:40,0.46,0.6388,261,0.43,0.5972,283,0.44,0.6111,8,0.445,0.618,131,0
IWM191101P154,2019-10-28,2019-10-28 09:30:40,0.46,0.6388,206,0.43,0.5972,117,0.44,0.6111,8,0.445,0.618,131,0
IWM191101P154,2019-10-28,2019-10-28 09:30:41,0.46,0.6388,271,0.43,0.5972,283,0.44,0.6111,8,0.445,0.618,131,0
IWM191101P154,2019-10-28,2019-10-28 09:30:41,0.46,0.6388,400,0.43,0.5972,318,0.44,0.6111,8,0.445,0.618,131,0
IWM191101P154,2019-10-28,2019-10-28 09:30:42,0.46,0.6388,215,0.43,0.5972,318,0.44,0.6111,8,0.445,0.618,131,0
IWM191101P154,2019-10-28,2019-10-28 09:30:42,0.46,0.6388,321,0.43,0.5972,318,0.44,0.6111,8,0.445,0.618,131,0
IWM191101P154,2019-10-28,2019-10-28 09:30:43,0.46,0.6388,321,0.43,0.5972,283,0.44,0.6111,8,0.445,0.618,131,0
IWM191101P154,2019-10-28,2019-10-28 09:30:44,0.46,0.6388,265,0.44,0.6111,20,0.44,0.6111,8,0.45,0.625,131,0
IWM191101P154,2019-10-28,2019-10-28 09:30:44,0.46,0.6388,111,0.44,0.6111,53,0.44,0.6111,8,0.45,0.625,131,0
IWM191101P154,2019-10-28,2019-10-28 09:30:45,0.46,0.6388,111,0.44,0.6111,67,0.44,0.6111,8,0.45,0.625,131,0
IWM191101P154,2019-10-28,2019-10-28 09:30:45,0.46,0.6388,235,0.44,0.6111,67,0.44,0.6111,8,0.45,0.625,131,0
IWM191101P154,2019-10-28,2019-10-28 09:30:46,0.46,0.6388,166,0.44,0.6111,10,0.44,0.6111,8,0.45,0.625,131,0
IWM191101P154,2019-10-28,2019-10-28 09:30:46,0.46,0.6388,307,0.44,0.6111,67,0.44,0.6111,8,0.45,0.625,131,0
IWM191101P154,2019-10-28,2019-10-28 09:30:47,0.46,0.6388,223,0.44,0.6111,32,0.44,0.6111,8,0.45,0.625,131,0
IWM191101P154,2019-10-28,2019-10-28 09:30:47,0.46,0.6388,198,0.44,0.6111,10,0.44,0.6111,8,0.45,0.625,131,0
IWM191101P154,2019-10-28,2019-10-28 09:30:48,0.46,0.6388,444,0.43,0.5972,100,0.44,0.6111,8,0.445,0.618,131,0
IWM191101P154,2019-10-28,2019-10-28 09:30:48,0.45,0.625,363,0.43,0.5972,70,0.44,0.6111,8,0.44,0.6111,131,0
IWM191101P154,2019-10-28,2019-10-28 09:30:49,0.45,0.625,514,0.42,0.5833,249,0.44,0.6111,8,0.435,0.6041,131,0
IWM191101P154,2019-10-28,2019-10-28 09:30:49,0.45,0.625,943,0.42,0.5833,110,0.44,0.6111,8,0.435,0.6041,131,0
IWM191101P154,2019-10-28,2019-10-28 09:30:50,0.45,0.625,721,0.42,0.5833,249,0.44,0.6111,8,0.435,0.6041,131,0
IWM191101P154,2019-10-28,2019-10-28 09:30:50,0.45,0.625,721,0.42,0.5833,376,0.44,0.6111,8,0.435,0.6041,131,0
IWM191101P154,2019-10-28,2019-10-28 09:30:51,0.45,0.625,741,0.42,0.5833,380,0.44,0.6111,8,0.435,0.6041,131,0
IWM191101P154,2019-10-28,2019-10-28 09:30:51,0.45,0.625,741,0.42,0.5833,376,0.44,0.6111,8,0.435,0.6041,131,0
IWM191101P154,2019-10-28,2019-10-28 09:30:52,0.45,0.625,741,0.42,0.5833,380,0.44,0.6111,8,0.435,0.6041,131,0
IWM191101P154,2019-10-28,2019-10-28 09:30:53,0.45,0.625,922,0.42,0.5833,380,0.44,0.6111,8,0.435,0.6041,131,0
IWM191101P154,2019-10-28,2019-10-28 09:30:54,0.45,0.625,922,0.42,0.5833,380,0.44,0.6111,8,0.435,0.6041,131,0
IWM191101P154,2019-10-28,2019-10-28 09:30:54,0.45,0.625,793,0.42,0.5833,380,0.44,0.6111,8,0.435,0.6041,131,0
IWM191101P154,2019-10-28,2019-10-28 09:30:55,0.45,0.625,587,0.42,0.5833,778,0.44,0.6111,8,0.435,0.6041,131,0
IWM191101P154,2019-10-28,2019-10-28 09:30:55,0.45,0.625,779,0.42,0.5833,496,0.44,0.6111,8,0.435,0.6041,131,0
IWM191101P154,2019-10-28,2019-10-28 09:30:56,0.45,0.625,587,0.43,0.5972,141,0.44,0.6111,8,0.44,0.6111,131,0
IWM191101P154,2019-10-28,2019-10-28 09:30:57,0.45,0.625,106,0.43,0.5972,302,0.44,0.6111,8,0.44,0.6111,131,0
IWM191101P154,2019-10-28,2019-10-28 09:30:57,0.45,0.625,552,0.43,0.5972,211,0.44,0.6111,8,0.44,0.6111,131,0
IWM191101P154,2019-10-28,2019-10-28 09:30:58,0.45,0.625,75,0.43,0.5972,147,0.44,0.6111,8,0.44,0.6111,131,0
IWM191101P154,2019-10-28,2019-10-28 09:30:58,0.45,0.625,75,0.43,0.5972,80,0.44,0.6111,8,0.44,0.6111,131,0
IWM191101P154,2019-10-28,2019-10-28 09:30:59,0.45,0.625,84,0.43,0.5972,80,0.44,0.6111,8,0.44,0.6111,131,0
IWM191101P154,2019-10-28,2019-10-28 09:30:59,0.45,0.625,75,0.43,0.5972,80,0.44,0.6111,8,0.44,0.6111,131,0
IWM191101P154,2019-10-28,2019-10-28 09:31:00,0.45,0.625,252,0.43,0.5972,140,0.43,0.5972,10,0.44,0.6111,141,0
IWM191101P154,2019-10-28,2019-10-28 09:31:00,0.45,0.625,218,0.43,0.5972,80,0.43,0.5972,10,0.44,0.6111,141,10
IWM191101P154,2019-10-28,2019-10-28 09:31:01,0.45,0.625,477,0.42,0.5833,503,0.43,0.5972,10,0.435,0.6041,141,0
IWM191101P154,2019-10-28,2019-10-28 09:31:01,0.45,0.625,252,0.43,0.5972,140,0.43,0.5972,10,0.44,0.6111,141,0
IWM191101P154,2019-10-28,2019-10-28 09:31:02,0.45,0.625,933,0.42,0.5833,519,0.43,0.5972,10,0.435,0.6041,141,0
IWM191101P154,2019-10-28,2019-10-28 09:31:02,0.45,0.625,582,0.42,0.5833,503,0.43,0.5972,10,0.435,0.6041,141,0
IWM191101P154,2019-10-28,2019-10-28 09:31:03,0.45,0.625,673,0.42,0.5833,50,0.43,0.5972,10,0.435,0.6041,141,0
IWM191101P154,2019-10-28,2019-10-28 09:31:03,0.45,0.625,559,0.42,0.5833,50,0.43,0.5972,10,0.435,0.6041,141,0
IWM191101P154,2019-10-28,2019-10-28 09:31:04,0.44,0.6111,238,0.42,0.5833,225,0.42,0.5833,1,0.43,0.5972,142,0
IWM191101P154,2019-10-28,2019-10-28 09:31:04,0.44,0.6111,75,0.42,0.5833,174,0.42,0.5833,1,0.43,0.5972,142,1
IWM191101P154,2019-10-28,2019-10-28 09:31:05,0.44,0.6111,558,0.42,0.5833,270,0.42,0.5833,1,0.43,0.5972,142,0
IWM191101P154,2019-10-28,2019-10-28 09:31:05,0.44,0.6111,851,0.42,0.5833,130,0.42,0.5833,1,0.43,0.5972,142,0
IWM191101P154,2019-10-28,2019-10-28 09:31:06,0.43,0.5972,549,0.42,0.5833,130,0.42,0.5833,1,0.425,0.5902,142,0
IWM191101P154,2019-10-28,2019-10-28 09:31:06,0.44,0.6111,851,0.42,0.5833,130,0.42,0.5833,1,0.43,0.5972,142,0
IWM191101P154,2019-10-28,2019-10-28 09:31:07,0.42,0.5833,85,0.41,0.5694,187,0.42,0.5833,1,0.415,0.5763,142,0
IWM191101P154,2019-10-28,2019-10-28 09:31:07,0.42,0.5833,34,0.41,0.5694,346,0.42,0.5833,1,0.415,0.5763,142,0
IWM191101P154,2019-10-28,2019-10-28 09:31:08,0.42,0.5833,34,0.41,0.5694,346,0.42,0.5833,1,0.415,0.5763,142,0
IWM191101P154,2019-10-28,2019-10-28 09:31:09,0.42,0.5833,144,0.41,0.5694,474,0.42,0.5833,1,0.415,0.5763,142,0
IWM191101P154,2019-10-28,2019-10-28 09:31:09,0.42,0.5833,104,0.41,0.5694,409,0.42,0.5833,1,0.415,0.5763,142,0
IWM191101P154,2019-10-28,2019-10-28 09:31:10,0.42,0.5833,122,0.41,0.5694,374,0.42,0.5833,1,0.415,0.5763,142,0
IWM191101P154,2019-10-28,2019-10-28 09:31:11,0.42,0.5833,38,0.41,0.5694,346,0.42,0.5833,1,0.415,0.5763,142,0
IWM191101P154,2019-10-28,2019-10-28 09:31:11,0.42,0.5833,75,0.41,0.5694,358,0.42,0.5833,1,0.415,0.5763,142,0
IWM191101P154,2019-10-28,2019-10-28 09:31:12,0.42,0.5833,42,0.41,0.5694,532,0.42,0.5833,1,0.415,0.5763,142,0
IWM191101P154,2019-10-28,2019-10-28 09:31:12,0.42,0.5833,23,0.41,0.5694,250,0.42,0.5833,4,0.415,0.5763,146,4
IWM191101P154,2019-10-28,2019-10-28 09:31:13,0.42,0.5833,117,0.41,0.5694,250,0.42,0.5833,4,0.415,0.5763,146,0
IWM191101P154,2019-10-28,2019-10-28 09:31:13,0.42,0.5833,123,0.41,0.5694,346,0.42,0.5833,4,0.415,0.5763,146,0
IWM191101P154,2019-10-28,2019-10-28 09:31:14,0.42,0.5833,332,0.41,0.5694,250,0.41,0.5694,2,0.415,0.5763,148,2
IWM191101P154,2019-10-28,2019-10-28 09:31:14,0.42,0.5833,189,0.41,0.5694,250,0.42,0.5833,4,0.415,0.5763,146,0
IWM191101P154,2019-10-28,2019-10-28 09:31:15,0.42,0.5833,256,0.41,0.5694,250,0.41,0.5694,2,0.415,0.5763,148,0
IWM191101P154,2019-10-28,2019-10-28 09:31:15,0.42,0.5833,252,0.41,0.5694,250,0.41,0.5694,2,0.415,0.5763,148,0
IWM191101P154,2019-10-28,2019-10-28 09:31:16,0.42,0.5833,134,0.41,0.5694,23,0.41,0.5694,2,0.415,0.5763,148,0
IWM191101P154,2019-10-28,2019-10-28 09:31:16,0.42,0.5833,134,0.41,0.5694,23,0.41,0.5694,1,0.415,0.5763,149,1
IWM191101P154,2019-10-28,2019-10-28 09:31:17,0.42,0.5833,135,0.41,0.5694,26,0.41,0.5694,1,0.415,0.5763,149,0
IWM191101P154,2019-10-28,2019-10-28 09:31:18,0.42,0.5833,135,0.41,0.5694,14,0.41,0.5694,1,0.415,0.5763,149,0
IWM191101P154,2019-10-28,2019-10-28 09:31:18,0.42,0.5833,241,0.41,0.5694,14,0.41,0.5694,1,0.415,0.5763,149,0
IWM191101P154,2019-10-28,2019-10-28 09:31:19,0.42,0.5833,283,0.41,0.5694,14,0.41,0.5694,1,0.415,0.5763,149,0
IWM191101P154,2019-10-28,2019-10-28 09:31:19,0.42,0.5833,283,0.41,0.5694,67,0.41,0.5694,1,0.415,0.5763,149,0
IWM191101P154,2019-10-28,2019-10-28 09:31:20,0.42,0.5833,283,0.41,0.5694,16,0.41,0.5694,1,0.415,0.5763,149,0
IWM191101P154,2019-10-28,2019-10-28 09:31:20,0.42,0.5833,120,0.4,0.5555,731,0.41,0.5694,1,0.41,0.5694,149,0
IWM191101P154,2019-10-28,2019-10-28 09:31:21,0.42,0.5833,20,0.41,0.5694,55,0.41,0.5694,1,0.415,0.5763,149,0
IWM191101P154,2019-10-28,2019-10-28 09:31:21,0.42,0.5833,144,0.4,0.5555,641,0.41,0.5694,1,0.41,0.5694,149,0
IWM191101P154,2019-10-28,2019-10-28 09:31:22,0.42,0.5833,20,0.41,0.5694,514,0.41,0.5694,1,0.415,0.5763,149,0
IWM191101P154,2019-10-28,2019-10-28 09:31:23,0.42,0.5833,20,0.41,0.5694,529,0.41,0.5694,1,0.415,0.5763,149,0
IWM191101P154,2019-10-28,2019-10-28 09:31:23,0.42,0.5833,20,0.41,0.5694,460,0.41,0.5694,1,0.415,0.5763,149,0
IWM191101P154,2019-10-28,2019-10-28 09:31:24,0.42,0.5833,20,0.41,0.5694,529,0.41,0.5694,1,0.415,0.5763,149,0
IWM191101P154,2019-10-28,2019-10-28 09:31:25,0.42,0.5833,20,0.41,0.5694,395,0.41,0.5694,1,0.415,0.5763,149,0
IWM191101P154,2019-10-28,2019-10-28 09:31:25,0.42,0.5833,20,0.41,0.5694,470,0.41,0.5694,1,0.415,0.5763,149,0
IWM191101P154,2019-10-28,2019-10-28 09:31:26,0.42,0.5833,34,0.41,0.5694,14,0.41,0.5694,1,0.415,0.5763,149,0
IWM191101P154,2019-10-28,2019-10-28 09:31:26,0.42,0.5833,20,0.41,0.5694,395,0.41,0.5694,1,0.415,0.5763,149,0
IWM191101P154,2019-10-28,2019-10-28 09:31:27,0.42,0.5833,150,0.41,0.5694,14,0.41,0.5694,1,0.415,0.5763,149,0
IWM191101P154,2019-10-28,2019-10-28 09:31:28,0.42,0.5833,233,0.41,0.5694,46,0.41,0.5694,1,0.415,0.5763,149,0
IWM191101P154,2019-10-28,2019-10-28 09:31:28,0.42,0.5833,260,0.4,0.5555,1,0.41,0.5694,1,0.41,0.5694,149,0
IWM191101P154,2019-10-28,2019-10-28 09:31:29,0.42,0.5833,316,0.4,0.5555,240,0.41,0.5694,1,0.41,0.5694,149,0
IWM191101P154,2019-10-28,2019-10-28 09:31:29,0.42,0.5833,265,0.4,0.5555,473,0.41,0.5694,1,0.41,0.5694,149,0
IWM191101P154,2019-10-28,2019-10-28 09:31:30,0.42,0.5833,324,0.4,0.5555,372,0.41,0.5694,1,0.41,0.5694,149,0
IWM191101P154,2019-10-28,2019-10-28 09:31:30,0.42,0.5833,352,0.4,0.5555,372,0.41,0.5694,1,0.41,0.5694,149,0
IWM191101P154,2019-10-28,2019-10-28 09:31:31,0.42,0.5833,352,0.4,0.5555,372,0.41,0.5694,1,0.41,0.5694,149,0
IWM191101P154,2019-10-28,2019-10-28 09:31:31,0.42,0.5833,347,0.4,0.5555,372,0.41,0.5694,1,0.41,0.5694,149,0
IWM191101P154,2019-10-28,2019-10-28 09:31:32,0.42,0.5833,244,0.4,0.5555,250,0.41,0.5694,1,0.41,0.5694,149,0
IWM191101P154,2019-10-28,2019-10-28 09:31:32,0.42,0.5833,347,0.4,0.5555,372,0.41,0.5694,1,0.41,0.5694,149,0
IWM191101P154,2019-10-28,2019-10-28 09:31:33,0.42,0.5833,661,0.4,0.5555,534,0.41,0.5694,1,0.41,0.5694,149,0
IWM191101P154,2019-10-28,2019-10-28 09:31:33,0.42,0.5833,399,0.4,0.5555,250,0.41,0.5694,1,0.41,0.5694,149,0
IWM191101P154,2019-10-28,2019-10-28 09:31:34,0.42,0.5833,707,0.4,0.5555,534,0.41,0.5694,1,0.41,0.5694,149,0
IWM191101P154,2019-10-28,2019-10-28 09:31:34,0.42,0.5833,661,0.4,0.5555,534,0.41,0.5694,1,0.41,0.5694,149,0
IWM191101P154,2019-10-28,2019-10-28 09:31:35,0.41,0.5694,28,0.39,0.5416,395,0.41,0.5694,1,0.4,0.5555,149,0
IWM191101P154,2019-10-28,2019-10-28 09:31:35,0.42,0.5833,809,0.39,0.5416,395,0.41,0.5694,1,0.405,0.5625,149,0
IWM191101P154,2019-10-28,2019-10-28 09:31:36,0.41,0.5694,110,0.39,0.5416,568,0.39,0.5416,6,0.4,0.5555,155,0
IWM191101P154,2019-10-28,2019-10-28 09:31:36,0.41,0.5694,123,0.39,0.5416,679,0.39,0.5416,6,0.4,0.5555,155,6
IWM191101P154,2019-10-28,2019-10-28 09:31:37,0.41,0.5694,16,0.39,0.5416,980,0.39,0.5416,6,0.4,0.5555,161,6
IWM191101P154,2019-10-28,2019-10-28 09:31:37,0.41,0.5694,30,0.39,0.5416,980,0.39,0.5416,6,0.4,0.5555,155,0
IWM191101P154,2019-10-28,2019-10-28 09:31:38,0.41,0.5694,16,0.39,0.5416,980,0.39,0.5416,6,0.4,0.5555,161,0
IWM191101P154,2019-10-28,2019-10-28 09:31:38,0.41,0.5694,16,0.4,0.5555,203,0.39,0.5416,6,0.405,0.5625,161,0
IWM191101P154,2019-10-28,2019-10-28 09:31:39,0.41,0.5694,110,0.4,0.5555,153,0.39,0.5416,6,0.405,0.5625,161,0
IWM191101P154,2019-10-28,2019-10-28 09:31:39,0.41,0.5694,16,0.4,0.5555,203,0.39,0.5416,6,0.405,0.5625,161,0
IWM191101P154,2019-10-28,2019-10-28 09:31:40,0.41,0.5694,217,0.39,0.5416,331,0.39,0.5416,6,0.4,0.5555,161,0
IWM191101P154,2019-10-28,2019-10-28 09:31:40,0.41,0.5694,217,0.39,0.5416,60,0.39,0.5416,6,0.4,0.5555,161,0
IWM191101P154,2019-10-28,2019-10-28 09:31:41,0.41,0.5694,273,0.39,0.5416,718,0.39,0.5416,6,0.4,0.5555,161,0
IWM191101P154,2019-10-28,2019-10-28 09:31:41,0.41,0.5694,221,0.39,0.5416,357,0.39,0.5416,6,0.4,0.5555,161,0
IWM191101P154,2019-10-28,2019-10-28 09:31:42,0.41,0.5694,273,0.39,0.5416,718,0.39,0.5416,6,0.4,0.5555,161,0
IWM191101P154,2019-10-28,2019-10-28 09:31:43,0.41,0.5694,273,0.4,0.5555,509,0.39,0.5416,6,0.405,0.5625,161,0
IWM191101P154,2019-10-28,2019-10-28 09:31:43,0.41,0.5694,273,0.4,0.5555,200,0.39,0.5416,6,0.405,0.5625,161,0
IWM191101P154,2019-10-28,2019-10-28 09:31:44,0.41,0.5694,1,0.4,0.5555,697,0.4,0.5555,5,0.405,0.5625,166,5
IWM191101P154,2019-10-28,2019-10-28 09:31:44,0.41,0.5694,1,0.4,0.5555,784,0.4,0.5555,5,0.405,0.5625,166,0
IWM191101P154,2019-10-28,2019-10-28 09:31:45,0.41,0.5694,1,0.4,0.5555,570,0.4,0.5555,5,0.405,0.5625,166,0
IWM191101P154,2019-10-28,2019-10-28 09:31:45,0.41,0.5694,1,0.4,0.5555,596,0.4,0.5555,5,0.405,0.5625,166,0
IWM191101P154,2019-10-28,2019-10-28 09:31:46,0.41,0.5694,1,0.4,0.5555,525,0.4,0.5555,5,0.405,0.5625,166,0
IWM191101P154,2019-10-28,2019-10-28 09:31:46,0.41,0.5694,1,0.4,0.5555,968,0.4,0.5555,5,0.405,0.5625,166,0
IWM191101P154,2019-10-28,2019-10-28 09:31:47,0.41,0.5694,1,0.4,0.5555,559,0.4,0.5555,5,0.405,0.5625,166,0
IWM191101P154,2019-10-28,2019-10-28 09:31:47,0.41,0.5694,1,0.4,0.5555,570,0.4,0.5555,5,0.405,0.5625,166,0
IWM191101P154,2019-10-28,2019-10-28 09:31:48,0.41,0.5694,1,0.4,0.5555,50,0.4,0.5555,5,0.405,0.5625,166,0
IWM191101P154,2019-10-28,2019-10-28 09:31:49,0.41,0.5694,1,0.4,0.5555,403,0.4,0.5555,5,0.405,0.5625,166,0
IWM191101P154,2019-10-28,2019-10-28 09:31:49,0.41,0.5694,1,0.4,0.5555,298,0.4,0.5555,5,0.405,0.5625,166,0
IWM191101P154,2019-10-28,2019-10-28 09:31:50,0.42,0.5833,140,0.4,0.5555,98,0.4,0.5555,1,0.41,0.5694,168,2
IWM191101P154,2019-10-28,2019-10-28 09:31:50,0.42,0.5833,130,0.4,0.5555,427,0.4,0.5555,5,0.41,0.5694,166,0
IWM191101P154,2019-10-28,2019-10-28 09:31:51,0.42,0.5833,266,0.4,0.5555,354,0.4,0.5555,1,0.41,0.5694,168,0
IWM191101P154,2019-10-28,2019-10-28 09:31:51,0.42,0.5833,140,0.4,0.5555,479,0.4,0.5555,1,0.41,0.5694,168,0
IWM191101P154,2019-10-28,2019-10-28 09:31:52,0.42,0.5833,357,0.4,0.5555,250,0.4,0.5555,1,0.41,0.5694,188,20
IWM191101P154,2019-10-28,2019-10-28 09:31:52,0.42,0.5833,275,0.4,0.5555,250,0.4,0.5555,1,0.41,0.5694,168,0
IWM191101P154,2019-10-28,2019-10-28 09:31:53,0.42,0.5833,462,0.4,0.5555,250,0.4,0.5555,20,0.41,0.5694,188,0
IWM191101P154,2019-10-28,2019-10-28 09:31:53,0.42,0.5833,462,0.4,0.5555,438,0.4,0.5555,20,0.41,0.5694,188,0
IWM191101P154,2019-10-28,2019-10-28 09:31:54,0.42,0.5833,462,0.4,0.5555,220,0.4,0.5555,20,0.41,0.5694,188,0
IWM191101P154,2019-10-28,2019-10-28 09:31:54,0.42,0.5833,649,0.4,0.5555,220,0.4,0.5555,20,0.41,0.5694,188,0
IWM191101P154,2019-10-28,2019-10-28 09:31:55,0.41,0.5694,167,0.39,0.5416,52,0.4,0.5555,20,0.4,0.5555,188,0
IWM191101P154,2019-10-28,2019-10-28 09:31:55,0.42,0.5833,649,0.4,0.5555,50,0.4,0.5555,20,0.41,0.5694,188,0
IWM191101P154,2019-10-28,2019-10-28 09:31:56,0.41,0.5694,387,0.39,0.5416,470,0.4,0.5555,20,0.4,0.5555,188,0
IWM191101P154,2019-10-28,2019-10-28 09:31:56,0.41,0.5694,167,0.39,0.5416,102,0.4,0.5555,20,0.4,0.5555,188,0
IWM191101P154,2019-10-28,2019-10-28 09:31:57,0.41,0.5694,591,0.39,0.5416,449,0.4,0.5555,20,0.4,0.5555,188,0
IWM191101P154,2019-10-28,2019-10-28 09:31:57,0.41,0.5694,591,0.39,0.5416,357,0.4,0.5555,20,0.4,0.5555,188,0
IWM191101P154,2019-10-28,2019-10-28 09:31:58,0.41,0.5694,591,0.39,0.5416,449,0.4,0.5555,20,0.4,0.5555,188,0
IWM191101P154,2019-10-28,2019-10-28 09:31:59,0.41,0.5694,430,0.39,0.5416,395,0.4,0.5555,20,0.4,0.5555,188,0
IWM191101P154,2019-10-28,2019-10-28 09:31:59,0.41,0.5694,430,0.39,0.5416,536,0.4,0.5555,20,0.4,0.5555,188,0
IWM191101P154,2019-10-28,2019-10-28 09:32:00,0.41,0.5694,430,0.39,0.5416,543,0.4,0.5555,20,0.4,0.5555,188,0
IWM191101P154,2019-10-28,2019-10-28 09:32:00,0.41,0.5694,386,0.39,0.5416,422,0.4,0.5555,20,0.4,0.5555,188,0
IWM191101P154,2019-10-28,2019-10-28 09:32:01,0.41,0.5694,396,0.39,0.5416,422,0.4,0.5555,20,0.4,0.5555,188,0
IWM191101P154,2019-10-28,2019-10-28 09:32:01,0.41,0.5694,499,0.39,0.5416,181,0.39,0.5416,2,0.4,0.5555,190,2
IWM191101P154,2019-10-28,2019-10-28 09:32:02,0.41,0.5694,492,0.39,0.5416,50,0.39,0.5416,2,0.4,0.5555,190,0
IWM191101P154,2019-10-28,2019-10-28 09:32:02,0.41,0.5694,401,0.39,0.5416,92,0.39,0.5416,2,0.4,0.5555,190,0
IWM191101P154,2019-10-28,2019-10-28 09:32:03,0.41,0.5694,601,0.39,0.5416,271,0.39,0.5416,2,0.4,0.5555,190,0
IWM191101P154,2019-10-28,2019-10-28 09:32:03,0.41,0.5694,601,0.39,0.5416,260,0.39,0.5416,2,0.4,0.5555,190,0
IWM191101P154,2019-10-28,2019-10-28 09:32:04,0.41,0.5694,873,0.39,0.5416,180,0.39,0.5416,2,0.4,0.5555,190,0
IWM191101P154,2019-10-28,2019-10-28 09:32:05,0.41,0.5694,1023,0.39,0.5416,210,0.39,0.5416,2,0.4,0.5555,190,0
IWM191101P154,2019-10-28,2019-10-28 09:32:05,0.41,0.5694,873,0.39,0.5416,50,0.39,0.5416,2,0.4,0.5555,190,0
IWM191101P154,2019-10-28,2019-10-28 09:32:06,0.41,0.5694,1017,0.39,0.5416,23,0.39,0.5416,2,0.4,0.5555,190,0
IWM191101P154,2019-10-28,2019-10-28 09:32:06,0.41,0.5694,1023,0.39,0.5416,122,0.39,0.5416,2,0.4,0.5555,190,0
IWM191101P154,2019-10-28,2019-10-28 09:32:07,0.41,0.5694,1063,0.39,0.5416,120,0.39,0.5416,2,0.4,0.5555,190,0
IWM191101P154,2019-10-28,2019-10-28 09:32:07,0.41,0.5694,1063,0.39,0.5416,30,0.39,0.5416,2,0.4,0.5555,190,0
IWM191101P154,2019-10-28,2019-10-28 09:32:08,0.41,0.5694,1051,0.39,0.5416,120,0.39,0.5416,2,0.4,0.5555,190,0
IWM191101P154,2019-10-28,2019-10-28 09:32:09,0.41,0.5694,1088,0.39,0.5416,10,0.4,0.5555,1,0.4,0.5555,198,8
IWM191101P154,2019-10-28,2019-10-28 09:32:09,0.41,0.5694,1088,0.39,0.5416,120,0.39,0.5416,2,0.4,0.5555,190,0
IWM191101P154,2019-10-28,2019-10-28 09:32:10,0.41,0.5694,780,0.38,0.5277,788,0.4,0.5555,1,0.395,0.5486,198,0
IWM191101P154,2019-10-28,2019-10-28 09:32:10,0.41,0.5694,690,0.38,0.5277,696,0.4,0.5555,1,0.395,0.5486,198,0
IWM191101P154,2019-10-28,2019-10-28 09:32:11,0.41,0.5694,1073,0.38,0.5277,669,0.4,0.5555,1,0.395,0.5486,198,0
IWM191101P154,2019-10-28,2019-10-28 09:32:11,0.41,0.5694,915,0.38,0.5277,669,0.4,0.5555,1,0.395,0.5486,198,0
IWM191101P154,2019-10-28,2019-10-28 09:32:12,0.41,0.5694,909,0.38,0.5277,669,0.4,0.5555,1,0.395,0.5486,198,0
IWM191101P154,2019-10-28,2019-10-28 09:32:12,0.41,0.5694,791,0.38,0.5277,669,0.4,0.5555,1,0.395,0.5486,198,0
IWM191101P154,2019-10-28,2019-10-28 09:32:13,0.41,0.5694,720,0.38,0.5277,682,0.4,0.5555,1,0.395,0.5486,198,0
IWM191101P154,2019-10-28,2019-10-28 09:32:13,0.41,0.5694,1044,0.38,0.5277,694,0.4,0.5555,1,0.395,0.5486,198,0
IWM191101P154,2019-10-28,2019-10-28 09:32:14,0.4,0.5555,423,0.38,0.5277,273,0.4,0.5555,1,0.39,0.5416,198,0
IWM191101P154,2019-10-28,2019-10-28 09:32:14,0.4,0.5555,379,0.38,0.5277,337,0.4,0.5555,1,0.39,0.5416,198,0
IWM191101P154,2019-10-28,2019-10-28 09:32:15,0.4,0.5555,561,0.38,0.5277,273,0.4,0.5555,1,0.39,0.5416,198,0
IWM191101P154,2019-10-28,2019-10-28 09:32:15,0.4,0.5555,423,0.38,0.5277,273,0.4,0.5555,1,0.39,0.5416,198,0
IWM191101P154,2019-10-28,2019-10-28 09:32:16,0.4,0.5555,401,0.38,0.5277,545,0.4,0.5555,1,0.39,0.5416,198,0
IWM191101P154,2019-10-28,2019-10-28 09:32:17,0.4,0.5555,401,0.38,0.5277,535,0.4,0.5555,1,0.39,0.5416,198,0
IWM191101P154,2019-10-28,2019-10-28 09:32:18,0.4,0.5555,399,0.38,0.5277,626,0.4,0.5555,1,0.39,0.5416,198,0
IWM191101P154,2019-10-28,2019-10-28 09:32:18,0.4,0.5555,223,0.38,0.5277,616,0.4,0.5555,1,0.39,0.5416,198,0
IWM191101P154,2019-10-28,2019-10-28 09:32:19,0.4,0.5555,299,0.38,0.5277,666,0.4,0.5555,1,0.39,0.5416,198,0
IWM191101P154,2019-10-28,2019-10-28 09:32:19,0.4,0.5555,109,0.38,0.5277,484,0.4,0.5555,1,0.39,0.5416,198,0
IWM191101P154,2019-10-28,2019-10-28 09:32:20,0.4,0.5555,299,0.38,0.5277,677,0.4,0.5555,1,0.39,0.5416,198,0
IWM191101P154,2019-10-28,2019-10-28 09:32:20,0.4,0.5555,60,0.38,0.5277,988,0.4,0.5555,1,0.39,0.5416,198,0
IWM191101P154,2019-10-28,2019-10-28 09:32:21,0.4,0.5555,56,0.38,0.5277,1082,0.4,0.5555,1,0.39,0.5416,198,0
IWM191101P154,2019-10-28,2019-10-28 09:32:21,0.4,0.5555,56,0.38,0.5277,988,0.4,0.5555,1,0.39,0.5416,198,0
IWM191101P154,2019-10-28,2019-10-28 09:32:22,0.4,0.5555,56,0.38,0.5277,1125,0.38,0.5277,2,0.39,0.5416,200,2
IWM191101P154,2019-10-28,2019-10-28 09:32:22,0.4,0.5555,56,0.38,0.5277,1125,0.4,0.5555,1,0.39,0.5416,198,0
IWM191101P154,2019-10-28,2019-10-28 09:32:23,0.4,0.5555,56,0.38,0.5277,971,0.38,0.5277,2,0.39,0.5416,200,0
IWM191101P154,2019-10-28,2019-10-28 09:32:23,0.4,0.5555,56,0.38,0.5277,1109,0.38,0.5277,2,0.39,0.5416,200,0
IWM191101P154,2019-10-28,2019-10-28 09:32:24,0.4,0.5555,156,0.38,0.5277,729,0.38,0.5277,1,0.39,0.5416,201,1
IWM191101P154,2019-10-28,2019-10-28 09:32:24,0.4,0.5555,156,0.38,0.5277,729,0.38,0.5277,2,0.39,0.5416,200,0
IWM191101P154,2019-10-28,2019-10-28 09:32:25,0.4,0.5555,198,0.38,0.5277,729,0.38,0.5277,1,0.39,0.5416,201,0
IWM191101P154,2019-10-28,2019-10-28 09:32:25,0.4,0.5555,52,0.38,0.5277,729,0.38,0.5277,1,0.39,0.5416,201,0
IWM191101P154,2019-10-28,2019-10-28 09:32:26,0.41,0.5694,172,0.39,0.5416,261,0.38,0.5277,1,0.4,0.5555,201,0
IWM191101P154,2019-10-28,2019-10-28 09:32:27,0.41,0.5694,303,0.38,0.5277,545,0.38,0.5277,1,0.395,0.5486,201,0
IWM191101P154,2019-10-28,2019-10-28 09:32:27,0.41,0.5694,315,0.38,0.5277,404,0.38,0.5277,1,0.395,0.5486,201,0
IWM191101P154,2019-10-28,2019-10-28 09:32:28,0.41,0.5694,402,0.39,0.5416,201,0.38,0.5277,1,0.4,0.5555,201,0
IWM191101P154,2019-10-28,2019-10-28 09:32:29,0.41,0.5694,416,0.39,0.5416,201,0.38,0.5277,1,0.4,0.5555,201,0
IWM191101P154,2019-10-28,2019-10-28 09:32:29,0.41,0.5694,469,0.39,0.5416,201,0.38,0.5277,1,0.4,0.5555,201,0
IWM191101P154,2019-10-28,2019-10-28 09:32:30,0.41,0.5694,470,0.39,0.5416,344,0.38,0.5277,1,0.4,0.5555,201,0
IWM191101P154,2019-10-28,2019-10-28 09:32:31,0.41,0.5694,486,0.39,0.5416,344,0.39,0.5416,5,0.4,0.5555,209,8
IWM191101P154,2019-10-28,2019-10-28 09:32:31,0.41,0.5694,96,0.39,0.5416,344,0.39,0.5416,5,0.4,0.5555,209,0
IWM191101P154,2019-10-28,2019-10-28 09:32:32,0.41,0.5694,181,0.39,0.5416,358,0.39,0.5416,1,0.4,0.5555,210,1
IWM191101P154,2019-10-28,2019-10-28 09:32:32,0.41,0.5694,328,0.39,0.5416,478,0.39,0.5416,1,0.4,0.5555,210,0
IWM191101P154,2019-10-28,2019-10-28 09:32:33,0.41,0.5694,105,0.39,0.5416,421,0.39,0.5416,1,0.4,0.5555,210,0
IWM191101P154,2019-10-28,2019-10-28 09:32:33,0.41,0.5694,91,0.39,0.5416,566,0.39,0.5416,1,0.4,0.5555,210,0
IWM191101P154,2019-10-28,2019-10-28 09:32:34,0.41,0.5694,406,0.39,0.5416,573,0.39,0.5416,1,0.4,0.5555,210,0
IWM191101P154,2019-10-28,2019-10-28 09:32:34,0.41,0.5694,288,0.39,0.5416,566,0.39,0.5416,1,0.4,0.5555,210,0
IWM191101P154,2019-10-28,2019-10-28 09:32:35,0.41,0.5694,404,0.39,0.5416,645,0.39,0.5416,1,0.4,0.5555,210,0
IWM191101P154,2019-10-28,2019-10-28 09:32:35,0.41,0.5694,385,0.39,0.5416,645,0.39,0.5416,1,0.4,0.5555,210,0
IWM191101P154,2019-10-28,2019-10-28 09:32:36,0.41,0.5694,404,0.39,0.5416,572,0.39,0.5416,1,0.4,0.5555,210,0
IWM191101P154,2019-10-28,2019-10-28 09:32:38,0.41,0.5694,737,0.39,0.5416,572,0.39,0.5416,1,0.4,0.5555,210,0
IWM191101P154,2019-10-28,2019-10-28 09:32:38,0.41,0.5694,980,0.39,0.5416,572,0.39,0.5416,1,0.4,0.5555,210,0
IWM191101P154,2019-10-28,2019-10-28 09:32:39,0.41,0.5694,980,0.39,0.5416,572,0.39,0.5416,1,0.4,0.5555,210,0
IWM191101P154,2019-10-28,2019-10-28 09:32:39,0.41,0.5694,775,0.39,0.5416,290,0.39,0.5416,1,0.4,0.5555,210,0
IWM191101P154,2019-10-28,2019-10-28 09:32:40,0.41,0.5694,594,0.39,0.5416,290,0.39,0.5416,1,0.4,0.5555,210,0
IWM191101P154,2019-10-28,2019-10-28 09:32:40,0.41,0.5694,781,0.39,0.5416,290,0.39,0.5416,1,0.4,0.5555,210,0
IWM191101P154,2019-10-28,2019-10-28 09:32:41,0.41,0.5694,566,0.39,0.5416,281,0.39,0.5416,1,0.4,0.5555,210,0
IWM191101P154,2019-10-28,2019-10-28 09:32:41,0.41,0.5694,594,0.39,0.5416,240,0.39,0.5416,1,0.4,0.5555,210,0
IWM191101P154,2019-10-28,2019-10-28 09:32:42,0.41,0.5694,590,0.39,0.5416,240,0.39,0.5416,1,0.4,0.5555,210,0
IWM191101P154,2019-10-28,2019-10-28 09:32:42,0.41,0.5694,637,0.39,0.5416,240,0.39,0.5416,1,0.4,0.5555,210,0
IWM191101P154,2019-10-28,2019-10-28 09:32:43,0.41,0.5694,637,0.39,0.5416,81,0.39,0.5416,1,0.4,0.5555,210,0
IWM191101P154,2019-10-28,2019-10-28 09:32:43,0.41,0.5694,924,0.39,0.5416,81,0.39,0.5416,1,0.4,0.5555,210,0
IWM191101P154,2019-10-28,2019-10-28 09:32:44,0.4,0.5555,61,0.39,0.5416,90,0.39,0.5416,1,0.395,0.5486,210,0
IWM191101P154,2019-10-28,2019-10-28 09:32:44,0.4,0.5555,189,0.39,0.5416,64,0.39,0.5416,1,0.395,0.5486,210,0
IWM191101P154,2019-10-28,2019-10-28 09:32:45,0.4,0.5555,239,0.39,0.5416,64,0.39,0.5416,1,0.395,0.5486,210,0
IWM191101P154,2019-10-28,2019-10-28 09:32:46,0.4,0.5555,239,0.39,0.5416,64,0.39,0.5416,1,0.395,0.5486,210,0
IWM191101P154,2019-10-28,2019-10-28 09:32:46,0.4,0.5555,470,0.39,0.5416,64,0.39,0.5416,1,0.395,0.5486,210,0
IWM191101P154,2019-10-28,2019-10-28 09:32:47,0.4,0.5555,443,0.39,0.5416,64,0.39,0.5416,1,0.395,0.5486,210,0
IWM191101P154,2019-10-28,2019-10-28 09:32:47,0.4,0.5555,763,0.39,0.5416,64,0.39,0.5416,1,0.395,0.5486,210,0
IWM191101P154,2019-10-28,2019-10-28 09:32:48,0.4,0.5555,443,0.39,0.5416,64,0.39,0.5416,1,0.395,0.5486,210,0
IWM191101P154,2019-10-28,2019-10-28 09:32:49,0.4,0.5555,443,0.39,0.5416,64,0.39,0.5416,1,0.395,0.5486,210,0
IWM191101P154,2019-10-28,2019-10-28 09:32:50,0.4,0.5555,443,0.39,0.5416,64,0.39,0.5416,1,0.395,0.5486,210,0
IWM191101P154,2019-10-28,2019-10-28 09:32:51,0.4,0.5555,443,0.39,0.5416,64,0.39,0.5416,1,0.395,0.5486,210,0
IWM191101P154,2019-10-28,2019-10-28 09:32:51,0.4,0.5555,457,0.38,0.5277,339,0.39,0.5416,1,0.39,0.5416,210,0
IWM191101P154,2019-10-28,2019-10-28 09:32:52,0.4,0.5555,457,0.38,0.5277,490,0.39,0.5416,1,0.39,0.5416,210,0
IWM191101P154,2019-10-28,2019-10-28 09:32:52,0.4,0.5555,458,0.38,0.5277,549,0.39,0.5416,1,0.39,0.5416,210,0
IWM191101P154,2019-10-28,2019-10-28 09:32:53,0.4,0.5555,458,0.38,0.5277,532,0.39,0.5416,1,0.39,0.5416,210,0
IWM191101P154,2019-10-28,2019-10-28 09:32:53,0.4,0.5555,458,0.38,0.5277,605,0.39,0.5416,1,0.39,0.5416,210,0
IWM191101P154,2019-10-28,2019-10-28 09:32:54,0.4,0.5555,458,0.38,0.5277,532,0.39,0.5416,1,0.39,0.5416,210,0
IWM191101P154,2019-10-28,2019-10-28 09:32:55,0.4,0.5555,733,0.38,0.5277,535,0.39,0.5416,1,0.39,0.5416,210,0
IWM191101P154,2019-10-28,2019-10-28 09:32:55,0.4,0.5555,458,0.38,0.5277,532,0.39,0.5416,1,0.39,0.5416,210,0
IWM191101P154,2019-10-28,2019-10-28 09:32:56,0.4,0.5555,733,0.38,0.5277,462,0.39,0.5416,1,0.39,0.5416,210,0
IWM191101P154,2019-10-28,2019-10-28 09:32:57,0.4,0.5555,804,0.38,0.5277,254,0.39,0.5416,1,0.39,0.5416,210,0
IWM191101P154,2019-10-28,2019-10-28 09:32:57,0.4,0.5555,754,0.37,0.5138,287,0.39,0.5416,1,0.385,0.5347,210,0
IWM191101P154,2019-10-28,2019-10-28 09:32:58,0.4,0.5555,754,0.37,0.5138,595,0.39,0.5416,1,0.385,0.5347,210,0
IWM191101P154,2019-10-28,2019-10-28 09:32:58,0.4,0.5555,968,0.37,0.5138,641,0.39,0.5416,1,0.385,0.5347,210,0
IWM191101P154,2019-10-28,2019-10-28 09:32:59,0.4,0.5555,979,0.37,0.5138,882,0.39,0.5416,1,0.385,0.5347,210,0
IWM191101P154,2019-10-28,2019-10-28 09:32:59,0.4,0.5555,968,0.37,0.5138,798,0.39,0.5416,1,0.385,0.5347,210,0
IWM191101P154,2019-10-28,2019-10-28 09:33:00,0.4,0.5555,786,0.37,0.5138,909,0.39,0.5416,1,0.385,0.5347,210,0
IWM191101P154,2019-10-28,2019-10-28 09:33:00,0.4,0.5555,786,0.37,0.5138,895,0.39,0.5416,1,0.385,0.5347,210,0
IWM191101P154,2019-10-28,2019-10-28 09:33:01,0.4,0.5555,764,0.37,0.5138,952,0.39,0.5416,1,0.385,0.5347,210,0
IWM191101P154,2019-10-28,2019-10-28 09:33:01,0.4,0.5555,786,0.37,0.5138,917,0.39,0.5416,1,0.385,0.5347,210,0
IWM191101P154,2019-10-28,2019-10-28 09:33:02,0.4,0.5555,912,0.37,0.5138,1025,0.39,0.5416,1,0.385,0.5347,210,0
IWM191101P154,2019-10-28,2019-10-28 09:33:02,0.39,0.5416,115,0.37,0.5138,814,0.39,0.5416,1,0.38,0.5277,210,0
IWM191101P154,2019-10-28,2019-10-28 09:33:03,0.39,0.5416,364,0.37,0.5138,700,0.39,0.5416,1,0.38,0.5277,210,0
IWM191101P154,2019-10-28,2019-10-28 09:33:03,0.39,0.5416,389,0.37,0.5138,173,0.39,0.5416,1,0.38,0.5277,210,0
IWM191101P154,2019-10-28,2019-10-28 09:33:04,0.39,0.5416,952,0.37,0.5138,4,0.39,0.5416,1,0.38,0.5277,210,0
IWM191101P154,2019-10-28,2019-10-28 09:33:04,0.39,0.5416,494,0.37,0.5138,12,0.39,0.5416,1,0.38,0.5277,210,0
IWM191101P154,2019-10-28,2019-10-28 09:33:05,0.39,0.5416,903,0.36,0.5,829,0.39,0.5416,1,0.375,0.5208,210,0
IWM191101P154,2019-10-28,2019-10-28 09:33:05,0.39,0.5416,767,0.36,0.5,830,0.39,0.5416,1,0.375,0.5208,210,0
IWM191101P154,2019-10-28,2019-10-28 09:33:06,0.39,0.5416,767,0.37,0.5138,50,0.39,0.5416,1,0.38,0.5277,210,0
IWM191101P154,2019-10-28,2019-10-28 09:33:07,0.39,0.5416,824,0.37,0.5138,347,0.39,0.5416,1,0.38,0.5277,210,0
IWM191101P154,2019-10-28,2019-10-28 09:33:07,0.39,0.5416,722,0.37,0.5138,347,0.39,0.5416,1,0.38,0.5277,210,0
IWM191101P154,2019-10-28,2019-10-28 09:33:08,0.39,0.5416,722,0.37,0.5138,347,0.39,0.5416,1,0.38,0.5277,210,0
IWM191101P154,2019-10-28,2019-10-28 09:33:09,0.39,0.5416,722,0.37,0.5138,368,0.39,0.5416,1,0.38,0.5277,210,0
IWM191101P154,2019-10-28,2019-10-28 09:33:09,0.39,0.5416,722,0.37,0.5138,347,0.39,0.5416,1,0.38,0.5277,210,0
IWM191101P154,2019-10-28,2019-10-28 09:33:10,0.39,0.5416,146,0.37,0.5138,720,0.39,0.5416,1,0.38,0.5277,210,0
IWM191101P154,2019-10-28,2019-10-28 09:33:10,0.39,0.5416,146,0.37,0.5138,1134,0.39,0.5416,1,0.38,0.5277,210,0
IWM191101P154,2019-10-28,2019-10-28 09:33:11,0.4,0.5555,1077,0.37,0.5138,996,0.39,0.5416,1,0.385,0.5347,210,0
IWM191101P154,2019-10-28,2019-10-28 09:33:12,0.4,0.5555,743,0.37,0.5138,300,0.39,0.5416,1,0.385,0.5347,210,0
IWM191101P154,2019-10-28,2019-10-28 09:33:12,0.39,0.5416,499,0.37,0.5138,96,0.39,0.5416,1,0.38,0.5277,210,0
IWM191101P154,2019-10-28,2019-10-28 09:33:13,0.39,0.5416,630,0.37,0.5138,9,0.39,0.5416,1,0.38,0.5277,210,0
IWM191101P154,2019-10-28,2019-10-28 09:33:13,0.39,0.5416,630,0.37,0.5138,22,0.39,0.5416,1,0.38,0.5277,210,0
IWM191101P154,2019-10-28,2019-10-28 09:33:14,0.39,0.5416,1092,0.36,0.5,519,0.39,0.5416,1,0.375,0.5208,210,0
IWM191101P154,2019-10-28,2019-10-28 09:33:14,0.39,0.5416,959,0.36,0.5,308,0.39,0.5416,1,0.375,0.5208,210,0
IWM191101P154,2019-10-28,2019-10-28 09:33:15,0.39,0.5416,1229,0.36,0.5,539,0.39,0.5416,1,0.375,0.5208,210,0
IWM191101P154,2019-10-28,2019-10-28 09:33:15,0.39,0.5416,1126,0.36,0.5,539,0.39,0.5416,1,0.375,0.5208,210,0
IWM191101P154,2019-10-28,2019-10-28 09:33:16,0.39,0.5416,1139,0.36,0.5,810,0.39,0.5416,1,0.375,0.5208,210,0
IWM191101P154,2019-10-28,2019-10-28 09:33:16,0.39,0.5416,1288,0.36,0.5,539,0.39,0.5416,1,0.375,0.5208,210,0
IWM191101P154,2019-10-28,2019-10-28 09:33:17,0.39,0.5416,1287,0.36,0.5,1166,0.39,0.5416,1,0.375,0.5208,210,0
IWM191101P154,2019-10-28,2019-10-28 09:33:17,0.39,0.5416,1275,0.36,0.5,810,0.39,0.5416,1,0.375,0.5208,210,0
IWM191101P154,2019-10-28,2019-10-28 09:33:18,0.39,0.5416,1275,0.36,0.5,1166,0.39,0.5416,1,0.375,0.5208,210,0
IWM191101P154,2019-10-28,2019-10-28 09:33:19,0.39,0.5416,1287,0.36,0.5,1166,0.39,0.5416,1,0.375,0.5208,210,0
IWM191101P154,2019-10-28,2019-10-28 09:33:19,0.39,0.5416,1275,0.36,0.5,1166,0.39,0.5416,1,0.375,0.5208,210,0
IWM191101P154,2019-10-28,2019-10-28 09:33:20,0.39,0.5416,1287,0.36,0.5,1166,0.39,0.5416,1,0.375,0.5208,210,0
IWM191101P154,2019-10-28,2019-10-28 09:33:20,0.39,0.5416,1334,0.36,0.5,1166,0.39,0.5416,1,0.375,0.5208,210,0
IWM191101P154,2019-10-28,2019-10-28 09:33:21,0.38,0.5277,42,0.36,0.5,1259,0.39,0.5416,1,0.37,0.5138,210,0
IWM191101P154,2019-10-28,2019-10-28 09:33:21,0.39,0.5416,1275,0.36,0.5,1161,0.39,0.5416,1,0.375,0.5208,210,0
IWM191101P154,2019-10-28,2019-10-28 09:33:22,0.39,0.5416,224,0.37,0.5138,665,0.39,0.5416,1,0.38,0.5277,210,0
IWM191101P154,2019-10-28,2019-10-28 09:33:22,0.38,0.5277,42,0.36,0.5,1259,0.39,0.5416,1,0.37,0.5138,210,0
IWM191101P154,2019-10-28,2019-10-28 09:33:23,0.39,0.5416,224,0.37,0.5138,708,0.39,0.5416,1,0.38,0.5277,210,0
IWM191101P154,2019-10-28,2019-10-28 09:33:23,0.39,0.5416,224,0.37,0.5138,751,0.39,0.5416,1,0.38,0.5277,210,0
IWM191101P154,2019-10-28,2019-10-28 09:33:24,0.39,0.5416,224,0.38,0.5277,146,0.38,0.5277,3,0.385,0.5347,213,3
IWM191101P154,2019-10-28,2019-10-28 09:33:25,0.4,0.5555,67,0.38,0.5277,473,0.38,0.5277,3,0.39,0.5416,213,0
IWM191101P154,2019-10-28,2019-10-28 09:33:25,0.4,0.5555,67,0.38,0.5277,197,0.38,0.5277,3,0.39,0.5416,213,0
IWM191101P154,2019-10-28,2019-10-28 09:33:26,0.4,0.5555,537,0.38,0.5277,249,0.38,0.5277,3,0.39,0.5416,213,0
IWM191101P154,2019-10-28,2019-10-28 09:33:26,0.4,0.5555,550,0.38,0.5277,249,0.38,0.5277,3,0.39,0.5416,213,0
IWM191101P154,2019-10-28,2019-10-28 09:33:27,0.4,0.5555,722,0.37,0.5138,568,0.37,0.5138,1,0.385,0.5347,215,2
IWM191101P154,2019-10-28,2019-10-28 09:33:27,0.4,0.5555,1184,0.37,0.5138,757,0.38,0.5277,3,0.385,0.5347,213,0
IWM191101P154,2019-10-28,2019-10-28 09:33:28,0.4,0.5555,853,0.37,0.5138,776,0.37,0.5138,1,0.385,0.5347,215,0
IWM191101P154,2019-10-28,2019-10-28 09:33:28,0.4,0.5555,779,0.37,0.5138,750,0.37,0.5138,1,0.385,0.5347,215,0
IWM191101P154,2019-10-28,2019-10-28 09:33:29,0.4,0.5555,196,0.38,0.5277,525,0.37,0.5138,1,0.39,0.5416,215,0
IWM191101P154,2019-10-28,2019-10-28 09:33:29,0.4,0.5555,403,0.37,0.5138,104,0.37,0.5138,1,0.385,0.5347,215,0
IWM191101P154,2019-10-28,2019-10-28 09:33:30,0.39,0.5416,79,0.37,0.5138,419,0.37,0.5138,1,0.38,0.5277,215,0
IWM191101P154,2019-10-28,2019-10-28 09:33:30,0.39,0.5416,171,0.37,0.5138,1007,0.37,0.5138,1,0.38,0.5277,215,0
IWM191101P154,2019-10-28,2019-10-28 09:33:31,0.39,0.5416,171,0.37,0.5138,598,0.37,0.5138,1,0.38,0.5277,215,0
IWM191101P154,2019-10-28,2019-10-28 09:33:31,0.39,0.5416,192,0.37,0.5138,646,0.37,0.5138,1,0.38,0.5277,215,0
IWM191101P154,2019-10-28,2019-10-28 09:33:32,0.39,0.5416,192,0.37,0.5138,882,0.37,0.5138,1,0.38,0.5277,215,0
IWM191101P154,2019-10-28,2019-10-28 09:33:33,0.39,0.5416,199,0.37,0.5138,762,0.37,0.5138,1,0.38,0.5277,215,0
IWM191101P154,2019-10-28,2019-10-28 09:33:34,0.39,0.5416,359,0.37,0.5138,462,0.37,0.5138,1,0.38,0.5277,215,0
IWM191101P154,2019-10-28,2019-10-28 09:33:34,0.39,0.5416,199,0.37,0.5138,1118,0.37,0.5138,1,0.38,0.5277,215,0
IWM191101P154,2019-10-28,2019-10-28 09:33:35,0.39,0.5416,349,0.37,0.5138,537,0.37,0.5138,1,0.38,0.5277,215,0
IWM191101P154,2019-10-28,2019-10-28 09:33:35,0.39,0.5416,395,0.37,0.5138,537,0.37,0.5138,1,0.38,0.5277,215,0
IWM191101P154,2019-10-28,2019-10-28 09:33:36,0.39,0.5416,555,0.37,0.5138,432,0.37,0.5138,1,0.38,0.5277,215,0
IWM191101P154,2019-10-28,2019-10-28 09:33:36,0.39,0.5416,555,0.37,0.5138,376,0.37,0.5138,1,0.38,0.5277,215,0
IWM191101P154,2019-10-28,2019-10-28 09:33:37,0.39,0.5416,848,0.37,0.5138,158,0.37,0.5138,1,0.38,0.5277,215,0
IWM191101P154,2019-10-28,2019-10-28 09:33:37,0.39,0.5416,830,0.37,0.5138,292,0.37,0.5138,1,0.38,0.5277,215,0
IWM191101P154,2019-10-28,2019-10-28 09:33:38,0.39,0.5416,391,0.37,0.5138,531,0.37,0.5138,1,0.38,0.5277,215,0
IWM191101P154,2019-10-28,2019-10-28 09:33:38,0.39,0.5416,646,0.37,0.5138,331,0.37,0.5138,1,0.38,0.5277,215,0
IWM191101P154,2019-10-28,2019-10-28 09:33:39,0.39,0.5416,295,0.37,0.5138,590,0.37,0.5138,1,0.38,0.5277,215,0
IWM191101P154,2019-10-28,2019-10-28 09:33:40,0.39,0.5416,372,0.37,0.5138,578,0.37,0.5138,1,0.38,0.5277,215,0
IWM191101P154,2019-10-28,2019-10-28 09:33:40,0.39,0.5416,372,0.37,0.5138,716,0.37,0.5138,1,0.38,0.5277,215,0
IWM191101P154,2019-10-28,2019-10-28 09:33:41,0.39,0.5416,487,0.37,0.5138,665,0.37,0.5138,1,0.38,0.5277,215,0
IWM191101P154,2019-10-28,2019-10-28 09:33:41,0.39,0.5416,516,0.37,0.5138,796,0.37,0.5138,1,0.38,0.5277,215,0
IWM191101P154,2019-10-28,2019-10-28 09:33:42,0.39,0.5416,341,0.37,0.5138,639,0.37,0.5138,1,0.38,0.5277,215,0
IWM191101P154,2019-10-28,2019-10-28 09:33:42,0.39,0.5416,305,0.37,0.5138,639,0.37,0.5138,1,0.38,0.5277,215,0
IWM191101P154,2019-10-28,2019-10-28 09:33:43,0.39,0.5416,341,0.37,0.5138,732,0.37,0.5138,1,0.38,0.5277,215,0
IWM191101P154,2019-10-28,2019-10-28 09:33:43,0.39,0.5416,268,0.37,0.5138,1086,0.37,0.5138,1,0.38,0.5277,215,0
IWM191101P154,2019-10-28,2019-10-28 09:33:44,0.39,0.5416,268,0.37,0.5138,832,0.37,0.5138,1,0.38,0.5277,215,0
IWM191101P154,2019-10-28,2019-10-28 09:33:44,0.39,0.5416,274,0.37,0.5138,745,0.37,0.5138,1,0.38,0.5277,215,0
IWM191101P154,2019-10-28,2019-10-28 09:33:45,0.39,0.5416,360,0.37,0.5138,820,0.37,0.5138,1,0.38,0.5277,215,0
IWM191101P154,2019-10-28,2019-10-28 09:33:45,0.39,0.5416,258,0.37,0.5138,419,0.37,0.5138,1,0.38,0.5277,215,0
IWM191101P154,2019-10-28,2019-10-28 09:33:46,0.38,0.5277,18,0.36,0.5,641,0.37,0.5138,1,0.37,0.5138,215,0
IWM191101P154,2019-10-28,2019-10-28 09:33:46,0.39,0.5416,258,0.37,0.5138,176,0.37,0.5138,1,0.38,0.5277,215,0
IWM191101P154,2019-10-28,2019-10-28 09:33:47,0.38,0.5277,184,0.36,0.5,933,0.37,0.5138,1,0.37,0.5138,215,0
IWM191101P154,2019-10-28,2019-10-28 09:33:47,0.38,0.5277,174,0.36,0.5,1199,0.37,0.5138,1,0.37,0.5138,215,0
IWM191101P154,2019-10-28,2019-10-28 09:33:48,0.38,0.5277,241,0.36,0.5,987,0.37,0.5138,1,0.37,0.5138,215,0
IWM191101P154,2019-10-28,2019-10-28 09:33:48,0.38,0.5277,265,0.36,0.5,987,0.37,0.5138,1,0.37,0.5138,215,0
IWM191101P154,2019-10-28,2019-10-28 09:33:49,0.39,0.5416,35,0.37,0.5138,199,0.37,0.5138,2,0.38,0.5277,217,0
IWM191101P154,2019-10-28,2019-10-28 09:33:49,0.38,0.5277,265,0.37,0.5138,25,0.37,0.5138,2,0.375,0.5208,217,2
IWM191101P154,2019-10-28,2019-10-28 09:33:50,0.39,0.5416,148,0.37,0.5138,456,0.37,0.5138,2,0.38,0.5277,217,0
IWM191101P154,2019-10-28,2019-10-28 09:33:50,0.39,0.5416,230,0.37,0.5138,562,0.37,0.5138,2,0.38,0.5277,217,0
IWM191101P154,2019-10-28,2019-10-28 09:33:51,0.39,0.5416,230,0.37,0.5138,606,0.37,0.5138,2,0.38,0.5277,217,0
IWM191101P154,2019-10-28,2019-10-28 09:33:51,0.39,0.5416,230,0.37,0.5138,759,0.37,0.5138,2,0.38,0.5277,217,0
IWM191101P154,2019-10-28,2019-10-28 09:33:52,0.39,0.5416,230,0.37,0.5138,627,0.37,0.5138,2,0.38,0.5277,217,0
IWM191101P154,2019-10-28,2019-10-28 09:33:52,0.39,0.5416,230,0.37,0.5138,639,0.37,0.5138,2,0.38,0.5277,217,0
IWM191101P154,2019-10-28,2019-10-28 09:33:53,0.39,0.5416,319,0.37,0.5138,284,0.37,0.5138,2,0.38,0.5277,217,0
IWM191101P154,2019-10-28,2019-10-28 09:33:53,0.39,0.5416,230,0.37,0.5138,783,0.37,0.5138,2,0.38,0.5277,217,0
IWM191101P154,2019-10-28,2019-10-28 09:33:54,0.39,0.5416,519,0.37,0.5138,424,0.37,0.5138,2,0.38,0.5277,217,0
IWM191101P154,2019-10-28,2019-10-28 09:33:54,0.39,0.5416,303,0.37,0.5138,487,0.37,0.5138,2,0.38,0.5277,217,0
IWM191101P154,2019-10-28,2019-10-28 09:33:55,0.39,0.5416,568,0.37,0.5138,292,0.37,0.5138,2,0.38,0.5277,217,0
IWM191101P154,2019-10-28,2019-10-28 09:33:55,0.39,0.5416,462,0.37,0.5138,206,0.37,0.5138,2,0.38,0.5277,217,0
IWM191101P154,2019-10-28,2019-10-28 09:33:56,0.39,0.5416,526,0.37,0.5138,321,0.37,0.5138,2,0.38,0.5277,217,0
IWM191101P154,2019-10-28,2019-10-28 09:33:57,0.39,0.5416,526,0.37,0.5138,321,0.37,0.5138,2,0.38,0.5277,217,0
IWM191101P154,2019-10-28,2019-10-28 09:33:57,0.39,0.5416,526,0.37,0.5138,369,0.37,0.5138,2,0.38,0.5277,217,0
IWM191101P154,2019-10-28,2019-10-28 09:33:58,0.39,0.5416,526,0.37,0.5138,369,0.37,0.5138,2,0.38,0.5277,217,0
IWM191101P154,2019-10-28,2019-10-28 09:33:58,0.39,0.5416,273,0.37,0.5138,319,0.37,0.5138,2,0.38,0.5277,217,0
IWM191101P154,2019-10-28,2019-10-28 09:33:59,0.39,0.5416,228,0.37,0.5138,359,0.37,0.5138,2,0.38,0.5277,217,0
IWM191101P154,2019-10-28,2019-10-28 09:33:59,0.39,0.5416,242,0.37,0.5138,498,0.37,0.5138,2,0.38,0.5277,217,0
IWM191101P154,2019-10-28,2019-10-28 09:34:00,0.39,0.5416,238,0.37,0.5138,539,0.37,0.5138,2,0.38,0.5277,217,0
IWM191101P154,2019-10-28,2019-10-28 09:34:00,0.39,0.5416,126,0.37,0.5138,950,0.37,0.5138,2,0.38,0.5277,217,0
IWM191101P154,2019-10-28,2019-10-28 09:34:01,0.39,0.5416,105,0.37,0.5138,879,0.37,0.5138,2,0.38,0.5277,217,0
IWM191101P154,2019-10-28,2019-10-28 09:34:01,0.39,0.5416,105,0.37,0.5138,396,0.37,0.5138,2,0.38,0.5277,217,0
IWM191101P154,2019-10-28,2019-10-28 09:34:02,0.39,0.5416,594,0.37,0.5138,79,0.37,0.5138,2,0.38,0.5277,217,0
IWM191101P154,2019-10-28,2019-10-28 09:34:02,0.39,0.5416,542,0.37,0.5138,396,0.37,0.5138,2,0.38,0.5277,217,0
IWM191101P154,2019-10-28,2019-10-28 09:34:03,0.39,0.5416,780,0.36,0.5,379,0.37,0.5138,2,0.375,0.5208,217,0
IWM191101P154,2019-10-28,2019-10-28 09:34:03,0.39,0.5416,1235,0.36,0.5,917,0.37,0.5138,2,0.375,0.5208,217,0
IWM191101P154,2019-10-28,2019-10-28 09:34:04,0.39,0.5416,878,0.36,0.5,446,0.37,0.5138,2,0.375,0.5208,217,0
IWM191101P154,2019-10-28,2019-10-28 09:34:04,0.39,0.5416,342,0.36,0.5,788,0.37,0.5138,2,0.375,0.5208,217,0
IWM191101P154,2019-10-28,2019-10-28 09:34:05,0.39,0.5416,995,0.36,0.5,788,0.37,0.5138,2,0.375,0.5208,217,0
IWM191101P154,2019-10-28,2019-10-28 09:34:05,0.39,0.5416,948,0.37,0.5138,319,0.37,0.5138,2,0.38,0.5277,217,0
IWM191101P154,2019-10-28,2019-10-28 09:34:06,0.39,0.5416,960,0.37,0.5138,278,0.37,0.5138,2,0.38,0.5277,217,0
IWM191101P154,2019-10-28,2019-10-28 09:34:06,0.39,0.5416,1008,0.37,0.5138,278,0.37,0.5138,2,0.38,0.5277,217,0
IWM191101P154,2019-10-28,2019-10-28 09:34:07,0.39,0.5416,1081,0.36,0.5,650,0.37,0.5138,2,0.375,0.5208,217,0
IWM191101P154,2019-10-28,2019-10-28 09:34:07,0.39,0.5416,786,0.36,0.5,624,0.37,0.5138,2,0.375,0.5208,217,0
IWM191101P154,2019-10-28,2019-10-28 09:34:08,0.39,0.5416,1129,0.36,0.5,952,0.37,0.5138,2,0.375,0.5208,217,0
IWM191101P154,2019-10-28,2019-10-28 09:34:09,0.39,0.5416,1267,0.36,0.5,1042,0.37,0.5138,2,0.375,0.5208,217,0
IWM191101P154,2019-10-28,2019-10-28 09:34:09,0.39,0.5416,1280,0.36,0.5,1045,0.37,0.5138,2,0.375,0.5208,217,0
IWM191101P154,2019-10-28,2019-10-28 09:34:10,0.39,0.5416,1296,0.36,0.5,1081,0.37,0.5138,2,0.375,0.5208,217,0
IWM191101P154,2019-10-28,2019-10-28 09:34:10,0.38,0.5277,242,0.36,0.5,1033,0.37,0.5138,2,0.37,0.5138,217,0
IWM191101P154,2019-10-28,2019-10-28 09:34:11,0.38,0.5277,381,0.36,0.5,1044,0.37,0.5138,2,0.37,0.5138,217,0
IWM191101P154,2019-10-28,2019-10-28 09:34:11,0.38,0.5277,381,0.36,0.5,1183,0.37,0.5138,2,0.37,0.5138,217,0
IWM191101P154,2019-10-28,2019-10-28 09:34:12,0.38,0.5277,302,0.36,0.5,1306,0.37,0.5138,2,0.37,0.5138,217,0
IWM191101P154,2019-10-28,2019-10-28 09:34:12,0.38,0.5277,381,0.36,0.5,1306,0.37,0.5138,2,0.37,0.5138,217,0
IWM191101P154,2019-10-28,2019-10-28 09:34:13,0.38,0.5277,347,0.36,0.5,820,0.37,0.5138,2,0.37,0.5138,217,0
IWM191101P154,2019-10-28,2019-10-28 09:34:13,0.38,0.5277,80,0.36,0.5,904,0.38,0.5277,10,0.37,0.5138,227,10
IWM191101P154,2019-10-28,2019-10-28 09:34:14,0.38,0.5277,162,0.36,0.5,904,0.38,0.5277,10,0.37,0.5138,227,0
IWM191101P154,2019-10-28,2019-10-28 09:34:15,0.38,0.5277,194,0.36,0.5,904,0.38,0.5277,10,0.37,0.5138,227,0
IWM191101P154,2019-10-28,2019-10-28 09:34:16,0.38,0.5277,208,0.36,0.5,1013,0.38,0.5277,10,0.37,0.5138,227,0
IWM191101P154,2019-10-28,2019-10-28 09:34:16,0.38,0.5277,174,0.36,0.5,866,0.38,0.5277,10,0.37,0.5138,227,0
IWM191101P154,2019-10-28,2019-10-28 09:34:17,0.38,0.5277,174,0.36,0.5,913,0.38,0.5277,10,0.37,0.5138,227,0
IWM191101P154,2019-10-28,2019-10-28 09:34:17,0.38,0.5277,174,0.36,0.5,862,0.38,0.5277,10,0.37,0.5138,227,0
IWM191101P154,2019-10-28,2019-10-28 09:34:18,0.38,0.5277,257,0.36,0.5,1010,0.38,0.5277,10,0.37,0.5138,227,0
IWM191101P154,2019-10-28,2019-10-28 09:34:19,0.38,0.5277,257,0.36,0.5,1068,0.38,0.5277,10,0.37,0.5138,227,0
IWM191101P154,2019-10-28,2019-10-28 09:34:20,0.38,0.5277,375,0.36,0.5,1068,0.38,0.5277,10,0.37,0.5138,227,0
IWM191101P154,2019-10-28,2019-10-28 09:34:21,0.38,0.5277,375,0.36,0.5,1068,0.38,0.5277,10,0.37,0.5138,227,0
IWM191101P154,2019-10-28,2019-10-28 09:34:22,0.38,0.5277,337,0.36,0.5,1068,0.38,0.5277,10,0.37,0.5138,227,0
IWM191101P154,2019-10-28,2019-10-28 09:34:23,0.38,0.5277,337,0.36,0.5,1068,0.38,0.5277,10,0.37,0.5138,227,0
IWM191101P154,2019-10-28,2019-10-28 09:34:23,0.38,0.5277,387,0.36,0.5,1136,0.38,0.5277,10,0.37,0.5138,227,0
IWM191101P154,2019-10-28,2019-10-28 09:34:24,0.38,0.5277,273,0.36,0.5,865,0.38,0.5277,10,0.37,0.5138,227,0
IWM191101P154,2019-10-28,2019-10-28 09:34:24,0.38,0.5277,273,0.36,0.5,967,0.38,0.5277,10,0.37,0.5138,227,0
IWM191101P154,2019-10-28,2019-10-28 09:34:25,0.38,0.5277,273,0.36,0.5,865,0.38,0.5277,10,0.37,0.5138,227,0
IWM191101P154,2019-10-28,2019-10-28 09:34:26,0.38,0.5277,436,0.35,0.4861,728,0.38,0.5277,10,0.365,0.5069,227,0
IWM191101P154,2019-10-28,2019-10-28 09:34:26,0.38,0.5277,147,0.36,0.5,486,0.38,0.5277,10,0.37,0.5138,227,0
IWM191101P154,2019-10-28,2019-10-28 09:34:27,0.37,0.5138,121,0.35,0.4861,802,0.38,0.5277,10,0.36,0.5,227,0
IWM191101P154,2019-10-28,2019-10-28 09:34:28,0.37,0.5138,148,0.35,0.4861,792,0.38,0.5277,10,0.36,0.5,227,0
IWM191101P154,2019-10-28,2019-10-28 09:34:28,0.37,0.5138,121,0.35,0.4861,792,0.38,0.5277,10,0.36,0.5,227,0
IWM191101P154,2019-10-28,2019-10-28 09:34:29,0.37,0.5138,206,0.35,0.4861,792,0.38,0.5277,10,0.36,0.5,227,0
IWM191101P154,2019-10-28,2019-10-28 09:34:29,0.37,0.5138,182,0.35,0.4861,792,0.38,0.5277,10,0.36,0.5,227,0
IWM191101P154,2019-10-28,2019-10-28 09:34:30,0.37,0.5138,182,0.35,0.4861,809,0.38,0.5277,10,0.36,0.5,227,0
IWM191101P154,2019-10-28,2019-10-28 09:34:30,0.37,0.5138,182,0.35,0.4861,998,0.38,0.5277,10,0.36,0.5,227,0
IWM191101P154,2019-10-28,2019-10-28 09:34:31,0.37,0.5138,182,0.35,0.4861,809,0.38,0.5277,10,0.36,0.5,227,0
IWM191101P154,2019-10-28,2019-10-28 09:34:32,0.37,0.5138,182,0.35,0.4861,1038,0.38,0.5277,10,0.36,0.5,227,0
IWM191101P154,2019-10-28,2019-10-28 09:34:32,0.37,0.5138,182,0.35,0.4861,1026,0.38,0.5277,10,0.36,0.5,227,0
IWM191101P154,2019-10-28,2019-10-28 09:34:33,0.37,0.5138,474,0.35,0.4861,1054,0.35,0.4861,2,0.36,0.5,229,0
IWM191101P154,2019-10-28,2019-10-28 09:34:33,0.37,0.5138,354,0.35,0.4861,1026,0.35,0.4861,2,0.36,0.5,229,2
IWM191101P154,2019-10-28,2019-10-28 09:34:34,0.37,0.5138,366,0.35,0.4861,1054,0.35,0.4861,2,0.36,0.5,229,0
IWM191101P154,2019-10-28,2019-10-28 09:34:34,0.37,0.5138,476,0.35,0.4861,1054,0.35,0.4861,2,0.36,0.5,229,0
IWM191101P154,2019-10-28,2019-10-28 09:34:35,0.37,0.5138,295,0.35,0.4861,1054,0.35,0.4861,2,0.36,0.5,229,0
IWM191101P154,2019-10-28,2019-10-28 09:34:35,0.37,0.5138,241,0.35,0.4861,1065,0.35,0.4861,2,0.36,0.5,229,0
IWM191101P154,2019-10-28,2019-10-28 09:34:36,0.37,0.5138,295,0.35,0.4861,907,0.35,0.4861,2,0.36,0.5,229,0
IWM191101P154,2019-10-28,2019-10-28 09:34:36,0.37,0.5138,295,0.35,0.4861,832,0.35,0.4861,2,0.36,0.5,229,0
IWM191101P154,2019-10-28,2019-10-28 09:34:37,0.37,0.5138,258,0.35,0.4861,254,0.35,0.4861,2,0.36,0.5,229,0
IWM191101P154,2019-10-28,2019-10-28 09:34:37,0.37,0.5138,340,0.35,0.4861,832,0.35,0.4861,2,0.36,0.5,229,0
IWM191101P154,2019-10-28,2019-10-28 09:34:38,0.37,0.5138,315,0.35,0.4861,56,0.35,0.4861,2,0.36,0.5,229,0
IWM191101P154,2019-10-28,2019-10-28 09:34:38,0.37,0.5138,444,0.35,0.4861,249,0.35,0.4861,2,0.36,0.5,229,0
IWM191101P154,2019-10-28,2019-10-28 09:34:39,0.37,0.5138,238,0.35,0.4861,364,0.35,0.4861,2,0.36,0.5,229,0
IWM191101P154,2019-10-28,2019-10-28 09:34:39,0.37,0.5138,535,0.35,0.4861,492,0.35,0.4861,2,0.36,0.5,229,0
IWM191101P154,2019-10-28,2019-10-28 09:34:40,0.37,0.5138,590,0.35,0.4861,348,0.35,0.4861,2,0.36,0.5,229,0
IWM191101P154,2019-10-28,2019-10-28 09:34:41,0.37,0.5138,588,0.35,0.4861,492,0.35,0.4861,2,0.36,0.5,229,0
IWM191101P154,2019-10-28,2019-10-28 09:34:41,0.37,0.5138,917,0.35,0.4861,408,0.35,0.4861,2,0.36,0.5,229,0
IWM191101P154,2019-10-28,2019-10-28 09:34:42,0.37,0.5138,444,0.35,0.4861,521,0.35,0.4861,2,0.36,0.5,229,0
IWM191101P154,2019-10-28,2019-10-28 09:34:43,0.37,0.5138,444,0.35,0.4861,632,0.35,0.4861,2,0.36,0.5,229,0
IWM191101P154,2019-10-28,2019-10-28 09:34:43,0.37,0.5138,444,0.35,0.4861,643,0.35,0.4861,2,0.36,0.5,229,0
IWM191101P154,2019-10-28,2019-10-28 09:34:44,0.37,0.5138,378,0.35,0.4861,1060,0.35,0.4861,2,0.36,0.5,229,0
IWM191101P154,2019-10-28,2019-10-28 09:34:44,0.37,0.5138,415,0.35,0.4861,953,0.35,0.4861,2,0.36,0.5,229,0
IWM191101P154,2019-10-28,2019-10-28 09:34:45,0.37,0.5138,125,0.35,0.4861,483,0.35,0.4861,2,0.36,0.5,229,0
IWM191101P154,2019-10-28,2019-10-28 09:34:45,0.37,0.5138,246,0.35,0.4861,1148,0.35,0.4861,2,0.36,0.5,229,0
IWM191101P154,2019-10-28,2019-10-28 09:34:46,0.37,0.5138,1112,0.35,0.4861,428,0.35,0.4861,2,0.36,0.5,229,0
IWM191101P154,2019-10-28,2019-10-28 09:34:46,0.37,0.5138,594,0.35,0.4861,428,0.35,0.4861,2,0.36,0.5,229,0
IWM191101P154,2019-10-28,2019-10-28 09:34:47,0.37,0.5138,1112,0.35,0.4861,428,0.35,0.4861,2,0.36,0.5,229,0
IWM191101P154,2019-10-28,2019-10-28 09:34:47,0.36,0.5,28,0.35,0.4861,428,0.35,0.4861,2,0.355,0.493,229,0
IWM191101P154,2019-10-28,2019-10-28 09:34:48,0.36,0.5,30,0.35,0.4861,162,0.35,0.4861,2,0.355,0.493,229,0
IWM191101P154,2019-10-28,2019-10-28 09:34:48,0.36,0.5,23,0.35,0.4861,210,0.35,0.4861,2,0.355,0.493,229,0
IWM191101P154,2019-10-28,2019-10-28 09:34:49,0.37,0.5138,1077,0.35,0.4861,350,0.35,0.4861,2,0.36,0.5,229,0
IWM191101P154,2019-10-28,2019-10-28 09:34:49,0.37,0.5138,280,0.35,0.4861,105,0.35,0.4861,2,0.36,0.5,229,0
IWM191101P154,2019-10-28,2019-10-28 09:34:50,0.37,0.5138,856,0.35,0.4861,173,0.35,0.4861,2,0.36,0.5,229,0
IWM191101P154,2019-10-28,2019-10-28 09:34:50,0.37,0.5138,886,0.35,0.4861,487,0.35,0.4861,2,0.36,0.5,229,0
IWM191101P154,2019-10-28,2019-10-28 09:34:51,0.37,0.5138,856,0.35,0.4861,113,0.35,0.4861,2,0.36,0.5,229,0
IWM191101P154,2019-10-28,2019-10-28 09:34:51,0.37,0.5138,1279,0.35,0.4861,113,0.35,0.4861,2,0.36,0.5,229,0
IWM191101P154,2019-10-28,2019-10-28 09:34:52,0.36,0.5,133,0.34,0.4722,864,0.35,0.4861,2,0.35,0.4861,229,0
IWM191101P154,2019-10-28,2019-10-28 09:34:52,0.36,0.5,116,0.34,0.4722,811,0.35,0.4861,2,0.35,0.4861,229,0
IWM191101P154,2019-10-28,2019-10-28 09:34:53,0.36,0.5,116,0.34,0.4722,940,0.35,0.4861,2,0.35,0.4861,229,0
IWM191101P154,2019-10-28,2019-10-28 09:34:53,0.36,0.5,151,0.34,0.4722,1004,0.35,0.4861,2,0.35,0.4861,229,0
IWM191101P154,2019-10-28,2019-10-28 09:34:54,0.36,0.5,118,0.34,0.4722,998,0.35,0.4861,2,0.35,0.4861,229,0
IWM191101P154,2019-10-28,2019-10-28 09:34:55,0.36,0.5,503,0.34,0.4722,987,0.35,0.4861,2,0.35,0.4861,229,0
IWM191101P154,2019-10-28,2019-10-28 09:34:55,0.36,0.5,450,0.34,0.4722,987,0.35,0.4861,2,0.35,0.4861,229,0
IWM191101P154,2019-10-28,2019-10-28 09:34:56,0.36,0.5,614,0.34,0.4722,987,0.35,0.4861,2,0.35,0.4861,229,0
IWM191101P154,2019-10-28,2019-10-28 09:34:56,0.36,0.5,614,0.34,0.4722,1074,0.35,0.4861,2,0.35,0.4861,229,0
IWM191101P154,2019-10-28,2019-10-28 09:34:57,0.36,0.5,892,0.34,0.4722,601,0.35,0.4861,2,0.35,0.4861,229,0
IWM191101P154,2019-10-28,2019-10-28 09:34:57,0.36,0.5,756,0.34,0.4722,646,0.34,0.4722,2,0.35,0.4861,231,2
IWM191101P154,2019-10-28,2019-10-28 09:34:58,0.36,0.5,895,0.34,0.4722,605,0.34,0.4722,2,0.35,0.4861,231,0
IWM191101P154,2019-10-28,2019-10-28 09:34:58,0.36,0.5,756,0.34,0.4722,646,0.34,0.4722,2,0.35,0.4861,231,0
IWM191101P154,2019-10-28,2019-10-28 09:34:59,0.35,0.4861,20,0.34,0.4722,605,0.34,0.4722,2,0.345,0.4791,231,0
IWM191101P154,2019-10-28,2019-10-28 09:34:59,0.36,0.5,811,0.34,0.4722,605,0.34,0.4722,2,0.35,0.4861,231,0
IWM191101P154,2019-10-28,2019-10-28 09:35:00,0.35,0.4861,20,0.34,0.4722,681,0.34,0.4722,2,0.345,0.4791,231,0
IWM191101P154,2019-10-28,2019-10-28 09:35:00,0.35,0.4861,20,0.34,0.4722,605,0.34,0.4722,2,0.345,0.4791,231,0
IWM191101P154,2019-10-28,2019-10-28 09:35:01,0.35,0.4861,330,0.34,0.4722,10,0.34,0.4722,2,0.345,0.4791,231,0
IWM191101P154,2019-10-28,2019-10-28 09:35:01,0.35,0.4861,20,0.34,0.4722,221,0.34,0.4722,2,0.345,0.4791,231,0
IWM191101P154,2019-10-28,2019-10-28 09:35:02,0.35,0.4861,71,0.33,0.4583,620,0.34,0.4722,2,0.34,0.4722,231,0
IWM191101P154,2019-10-28,2019-10-28 09:35:02,0.35,0.4861,71,0.33,0.4583,930,0.33,0.4583,1,0.34,0.4722,232,1
IWM191101P154,2019-10-28,2019-10-28 09:35:03,0.35,0.4861,71,0.33,0.4583,979,0.33,0.4583,1,0.34,0.4722,232,0
IWM191101P154,2019-10-28,2019-10-28 09:35:03,0.35,0.4861,166,0.33,0.4583,806,0.33,0.4583,1,0.34,0.4722,232,0
IWM191101P154,2019-10-28,2019-10-28 09:35:04,0.35,0.4861,336,0.33,0.4583,936,0.33,0.4583,1,0.34,0.4722,232,0
IWM191101P154,2019-10-28,2019-10-28 09:35:04,0.35,0.4861,284,0.33,0.4583,1048,0.34,0.4722,16,0.34,0.4722,248,16
IWM191101P154,2019-10-28,2019-10-28 09:35:05,0.35,0.4861,284,0.33,0.4583,652,0.34,0.4722,16,0.34,0.4722,248,0
IWM191101P154,2019-10-28,2019-10-28 09:35:05,0.35,0.4861,284,0.34,0.4722,325,0.34,0.4722,16,0.345,0.4791,248,0
IWM191101P154,2019-10-28,2019-10-28 09:35:06,0.35,0.4861,284,0.34,0.4722,267,0.34,0.4722,16,0.345,0.4791,248,0
IWM191101P154,2019-10-28,2019-10-28 09:35:07,0.35,0.4861,9,0.34,0.4722,168,0.34,0.4722,16,0.345,0.4791,248,0
IWM191101P154,2019-10-28,2019-10-28 09:35:07,0.35,0.4861,284,0.34,0.4722,133,0.34,0.4722,16,0.345,0.4791,248,0
IWM191101P154,2019-10-28,2019-10-28 09:35:08,0.35,0.4861,9,0.34,0.4722,186,0.34,0.4722,16,0.345,0.4791,248,0
IWM191101P154,2019-10-28,2019-10-28 09:35:08,0.35,0.4861,20,0.34,0.4722,261,0.34,0.4722,16,0.345,0.4791,248,0
IWM191101P154,2019-10-28,2019-10-28 09:35:09,0.35,0.4861,20,0.34,0.4722,584,0.34,0.4722,16,0.345,0.4791,248,0
IWM191101P154,2019-10-28,2019-10-28 09:35:09,0.35,0.4861,20,0.34,0.4722,391,0.34,0.4722,16,0.345,0.4791,248,0
IWM191101P154,2019-10-28,2019-10-28 09:35:10,0.35,0.4861,20,0.34,0.4722,409,0.34,0.4722,16,0.345,0.4791,248,0
IWM191101P154,2019-10-28,2019-10-28 09:35:10,0.35,0.4861,20,0.34,0.4722,543,0.34,0.4722,16,0.345,0.4791,248,0
IWM191101P154,2019-10-28,2019-10-28 09:35:11,0.35,0.4861,20,0.34,0.4722,531,0.34,0.4722,16,0.345,0.4791,248,0
IWM191101P154,2019-10-28,2019-10-28 09:35:11,0.35,0.4861,20,0.34,0.4722,543,0.34,0.4722,16,0.345,0.4791,248,0
IWM191101P154,2019-10-28,2019-10-28 09:35:12,0.35,0.4861,20,0.34,0.4722,33,0.34,0.4722,16,0.345,0.4791,248,0
IWM191101P154,2019-10-28,2019-10-28 09:35:12,0.34,0.4722,10,0.33,0.4583,1293,0.34,0.4722,10,0.335,0.4652,258,10
IWM191101P154,2019-10-28,2019-10-28 09:35:13,0.35,0.4861,9,0.34,0.4722,337,0.34,0.4722,10,0.345,0.4791,258,0
IWM191101P154,2019-10-28,2019-10-28 09:35:13,0.34,0.4722,10,0.33,0.4583,1293,0.34,0.4722,10,0.335,0.4652,258,0
IWM191101P154,2019-10-28,2019-10-28 09:35:14,0.35,0.4861,9,0.34,0.4722,491,0.34,0.4722,10,0.345,0.4791,258,0
IWM191101P154,2019-10-28,2019-10-28 09:35:14,0.35,0.4861,9,0.34,0.4722,363,0.34,0.4722,10,0.345,0.4791,258,0
IWM191101P154,2019-10-28,2019-10-28 09:35:15,0.35,0.4861,463,0.33,0.4583,284,0.34,0.4722,10,0.34,0.4722,258,0
IWM191101P154,2019-10-28,2019-10-28 09:35:15,0.35,0.4861,97,0.34,0.4722,164,0.34,0.4722,10,0.345,0.4791,258,0
IWM191101P154,2019-10-28,2019-10-28 09:35:16,0.35,0.4861,412,0.33,0.4583,470,0.34,0.4722,10,0.34,0.4722,258,0
IWM191101P154,2019-10-28,2019-10-28 09:35:16,0.35,0.4861,512,0.33,0.4583,967,0.34,0.4722,10,0.34,0.4722,258,0
IWM191101P154,2019-10-28,2019-10-28 09:35:17,0.34,0.4722,9,0.33,0.4583,1376,0.34,0.4722,10,0.335,0.4652,258,0
IWM191101P154,2019-10-28,2019-10-28 09:35:17,0.34,0.4722,9,0.33,0.4583,1425,0.34,0.4722,10,0.335,0.4652,258,0
IWM191101P154,2019-10-28,2019-10-28 09:35:18,0.34,0.4722,9,0.33,0.4583,1425,0.34,0.4722,10,0.335,0.4652,258,0
IWM191101P154,2019-10-28,2019-10-28 09:35:18,0.35,0.4861,63,0.34,0.4722,249,0.34,0.4722,9,0.345,0.4791,267,9
IWM191101P154,2019-10-28,2019-10-28 09:35:19,0.35,0.4861,88,0.34,0.4722,372,0.34,0.4722,9,0.345,0.4791,267,0
IWM191101P154,2019-10-28,2019-10-28 09:35:19,0.35,0.4861,88,0.34,0.4722,318,0.34,0.4722,9,0.345,0.4791,267,0
IWM191101P154,2019-10-28,2019-10-28 09:35:20,0.35,0.4861,75,0.34,0.4722,488,0.34,0.4722,9,0.345,0.4791,267,0
IWM191101P154,2019-10-28,2019-10-28 09:35:20,0.35,0.4861,75,0.34,0.4722,567,0.34,0.4722,9,0.345,0.4791,267,0
IWM191101P154,2019-10-28,2019-10-28 09:35:21,0.35,0.4861,75,0.34,0.4722,658,0.34,0.4722,1,0.345,0.4791,268,1
IWM191101P154,2019-10-28,2019-10-28 09:35:22,0.35,0.4861,20,0.34,0.4722,701,0.34,0.4722,1,0.345,0.4791,268,0
IWM191101P154,2019-10-28,2019-10-28 09:35:22,0.35,0.4861,20,0.34,0.4722,658,0.34,0.4722,1,0.345,0.4791,268,0
IWM191101P154,2019-10-28,2019-10-28 09:35:23,0.35,0.4861,20,0.34,0.4722,747,0.34,0.4722,1,0.345,0.4791,268,0
IWM191101P154,2019-10-28,2019-10-28 09:35:23,0.35,0.4861,20,0.34,0.4722,796,0.34,0.4722,1,0.345,0.4791,268,0
IWM191101P154,2019-10-28,2019-10-28 09:35:24,0.35,0.4861,20,0.34,0.4722,747,0.34,0.4722,1,0.345,0.4791,268,0
IWM191101P154,2019-10-28,2019-10-28 09:35:25,0.35,0.4861,20,0.34,0.4722,747,0.34,0.4722,1,0.345,0.4791,268,0
IWM191101P154,2019-10-28,2019-10-28 09:35:26,0.35,0.4861,26,0.34,0.4722,613,0.34,0.4722,1,0.345,0.4791,268,0
IWM191101P154,2019-10-28,2019-10-28 09:35:26,0.35,0.4861,20,0.34,0.4722,613,0.34,0.4722,1,0.345,0.4791,268,0
IWM191101P154,2019-10-28,2019-10-28 09:35:27,0.35,0.4861,165,0.34,0.4722,690,0.34,0.4722,1,0.345,0.4791,268,0
IWM191101P154,2019-10-28,2019-10-28 09:35:27,0.35,0.4861,26,0.34,0.4722,613,0.34,0.4722,1,0.345,0.4791,268,0
IWM191101P154,2019-10-28,2019-10-28 09:35:28,0.35,0.4861,20,0.34,0.4722,727,0.35,0.4861,45,0.345,0.4791,313,0
IWM191101P154,2019-10-28,2019-10-28 09:35:28,0.35,0.4861,20,0.34,0.4722,727,0.35,0.4861,45,0.345,0.4791,313,45
IWM191101P154,2019-10-28,2019-10-28 09:35:29,0.36,0.5,130,0.34,0.4722,782,0.35,0.4861,45,0.35,0.4861,313,0
IWM191101P154,2019-10-28,2019-10-28 09:35:29,0.36,0.5,410,0.34,0.4722,733,0.35,0.4861,45,0.35,0.4861,313,0
IWM191101P154,2019-10-28,2019-10-28 09:35:30,0.36,0.5,553,0.34,0.4722,485,0.34,0.4722,2,0.35,0.4861,315,2
IWM191101P154,2019-10-28,2019-10-28 09:35:30,0.36,0.5,553,0.34,0.4722,490,0.35,0.4861,45,0.35,0.4861,313,0
IWM191101P154,2019-10-28,2019-10-28 09:35:31,0.36,0.5,521,0.34,0.4722,433,0.34,0.4722,2,0.35,0.4861,315,0
IWM191101P154,2019-10-28,2019-10-28 09:35:31,0.36,0.5,553,0.34,0.4722,485,0.34,0.4722,2,0.35,0.4861,315,0
IWM191101P154,2019-10-28,2019-10-28 09:35:32,0.36,0.5,441,0.34,0.4722,636,0.34,0.4722,2,0.35,0.4861,315,0
IWM191101P154,2019-10-28,2019-10-28 09:35:32,0.36,0.5,312,0.34,0.4722,742,0.34,0.4722,2,0.35,0.4861,315,0
IWM191101P154,2019-10-28,2019-10-28 09:35:33,0.37,0.5138,971,0.35,0.4861,607,0.34,0.4722,2,0.36,0.5,315,0
IWM191101P154,2019-10-28,2019-10-28 09:35:33,0.37,0.5138,427,0.35,0.4861,294,0.34,0.4722,2,0.36,0.5,315,0
IWM191101P154,2019-10-28,2019-10-28 09:35:34,0.37,0.5138,732,0.35,0.4861,296,0.34,0.4722,2,0.36,0.5,315,0
IWM191101P154,2019-10-28,2019-10-28 09:35:34,0.37,0.5138,683,0.35,0.4861,296,0.34,0.4722,2,0.36,0.5,315,0
IWM191101P154,2019-10-28,2019-10-28 09:35:35,0.37,0.5138,981,0.35,0.4861,452,0.34,0.4722,2,0.36,0.5,315,0
IWM191101P154,2019-10-28,2019-10-28 09:35:35,0.37,0.5138,1161,0.35,0.4861,405,0.34,0.4722,2,0.36,0.5,315,0
IWM191101P154,2019-10-28,2019-10-28 09:35:36,0.37,0.5138,1096,0.35,0.4861,259,0.34,0.4722,2,0.36,0.5,315,0
IWM191101P154,2019-10-28,2019-10-28 09:35:36,0.37,0.5138,1096,0.35,0.4861,119,0.34,0.4722,2,0.36,0.5,315,0
IWM191101P154,2019-10-28,2019-10-28 09:35:37,0.37,0.5138,1437,0.34,0.4722,917,0.34,0.4722,2,0.355,0.493,315,0
IWM191101P154,2019-10-28,2019-10-28 09:35:37,0.36,0.5,178,0.34,0.4722,966,0.34,0.4722,2,0.35,0.4861,315,0
IWM191101P154,2019-10-28,2019-10-28 09:35:38,0.36,0.5,600,0.34,0.4722,1043,0.34,0.4722,2,0.35,0.4861,315,0
IWM191101P154,2019-10-28,2019-10-28 09:35:39,0.36,0.5,649,0.34,0.4722,976,0.34,0.4722,2,0.35,0.4861,315,0
IWM191101P154,2019-10-28,2019-10-28 09:35:39,0.36,0.5,649,0.34,0.4722,987,0.34,0.4722,2,0.35,0.4861,315,0
IWM191101P154,2019-10-28,2019-10-28 09:35:40,0.36,0.5,637,0.34,0.4722,976,0.34,0.4722,2,0.35,0.4861,315,0
IWM191101P154,2019-10-28,2019-10-28 09:35:40,0.36,0.5,649,0.34,0.4722,976,0.34,0.4722,2,0.35,0.4861,315,0
IWM191101P154,2019-10-28,2019-10-28 09:35:41,0.36,0.5,665,0.34,0.4722,976,0.34,0.4722,2,0.35,0.4861,315,0
IWM191101P154,2019-10-28,2019-10-28 09:35:41,0.36,0.5,635,0.34,0.4722,552,0.34,0.4722,2,0.35,0.4861,315,0
IWM191101P154,2019-10-28,2019-10-28 09:35:42,0.36,0.5,878,0.34,0.4722,615,0.34,0.4722,2,0.35,0.4861,315,0
IWM191101P154,2019-10-28,2019-10-28 09:35:42,0.36,0.5,762,0.34,0.4722,615,0.34,0.4722,2,0.35,0.4861,315,0
IWM191101P154,2019-10-28,2019-10-28 09:35:43,0.36,0.5,840,0.34,0.4722,375,0.34,0.4722,2,0.35,0.4861,315,0
IWM191101P154,2019-10-28,2019-10-28 09:35:43,0.36,0.5,998,0.34,0.4722,331,0.34,0.4722,2,0.35,0.4861,315,0
IWM191101P154,2019-10-28,2019-10-28 09:35:44,0.36,0.5,816,0.34,0.4722,482,0.34,0.4722,2,0.35,0.4861,315,0
IWM191101P154,2019-10-28,2019-10-28 09:35:44,0.36,0.5,714,0.34,0.4722,778,0.34,0.4722,2,0.35,0.4861,315,0
IWM191101P154,2019-10-28,2019-10-28 09:35:45,0.36,0.5,356,0.34,0.4722,391,0.34,0.4722,2,0.35,0.4861,315,0
IWM191101P154,2019-10-28,2019-10-28 09:35:45,0.36,0.5,714,0.34,0.4722,778,0.34,0.4722,2,0.35,0.4861,315,0
IWM191101P154,2019-10-28,2019-10-28 09:35:46,0.35,0.4861,70,0.34,0.4722,346,0.34,0.4722,2,0.345,0.4791,315,0
IWM191101P154,2019-10-28,2019-10-28 09:35:46,0.35,0.4861,64,0.34,0.4722,296,0.34,0.4722,2,0.345,0.4791,315,0
IWM191101P154,2019-10-28,2019-10-28 09:35:47,0.35,0.4861,20,0.34,0.4722,483,0.34,0.4722,2,0.345,0.4791,315,0
IWM191101P154,2019-10-28,2019-10-28 09:35:47,0.36,0.5,822,0.34,0.4722,583,0.34,0.4722,2,0.35,0.4861,315,0
IWM191101P154,2019-10-28,2019-10-28 09:35:48,0.36,0.5,1049,0.34,0.4722,583,0.34,0.4722,2,0.35,0.4861,315,0
IWM191101P154,2019-10-28,2019-10-28 09:35:48,0.36,0.5,1112,0.34,0.4722,583,0.34,0.4722,2,0.35,0.4861,315,0
IWM191101P154,2019-10-28,2019-10-28 09:35:49,0.36,0.5,889,0.34,0.4722,671,0.34,0.4722,2,0.35,0.4861,315,0
IWM191101P154,2019-10-28,2019-10-28 09:35:49,0.36,0.5,1158,0.34,0.4722,672,0.34,0.4722,2,0.35,0.4861,315,0
IWM191101P154,2019-10-28,2019-10-28 09:35:50,0.36,0.5,1036,0.34,0.4722,660,0.34,0.4722,2,0.35,0.4861,315,0
IWM191101P154,2019-10-28,2019-10-28 09:35:51,0.36,0.5,775,0.34,0.4722,975,0.34,0.4722,2,0.35,0.4861,315,0
IWM191101P154,2019-10-28,2019-10-28 09:35:51,0.36,0.5,889,0.34,0.4722,671,0.34,0.4722,2,0.35,0.4861,315,0
IWM191101P154,2019-10-28,2019-10-28 09:35:52,0.36,0.5,466,0.34,0.4722,1141,0.34,0.4722,2,0.35,0.4861,315,0
IWM191101P154,2019-10-28,2019-10-28 09:35:52,0.36,0.5,877,0.34,0.4722,975,0.34,0.4722,2,0.35,0.4861,315,0
IWM191101P154,2019-10-28,2019-10-28 09:35:53,0.36,0.5,436,0.34,0.4722,1321,0.34,0.4722,2,0.35,0.4861,315,0
IWM191101P154,2019-10-28,2019-10-28 09:35:53,0.36,0.5,275,0.34,0.4722,1325,0.34,0.4722,2,0.35,0.4861,315,0
IWM191101P154,2019-10-28,2019-10-28 09:35:54,0.36,0.5,332,0.34,0.4722,1111,0.34,0.4722,2,0.35,0.4861,315,0
IWM191101P154,2019-10-28,2019-10-28 09:35:54,0.36,0.5,436,0.34,0.4722,1321,0.34,0.4722,2,0.35,0.4861,315,0
IWM191101P154,2019-10-28,2019-10-28 09:35:55,0.36,0.5,332,0.34,0.4722,1160,0.34,0.4722,2,0.35,0.4861,315,0
IWM191101P154,2019-10-28,2019-10-28 09:35:55,0.36,0.5,449,0.34,0.4722,1237,0.34,0.4722,2,0.35,0.4861,315,0
IWM191101P154,2019-10-28,2019-10-28 09:35:56,0.36,0.5,132,0.34,0.4722,502,0.34,0.4722,2,0.35,0.4861,315,0
IWM191101P154,2019-10-28,2019-10-28 09:35:56,0.36,0.5,52,0.34,0.4722,202,0.34,0.4722,2,0.35,0.4861,315,0
IWM191101P154,2019-10-28,2019-10-28 09:35:57,0.36,0.5,409,0.34,0.4722,910,0.34,0.4722,2,0.35,0.4861,315,0
IWM191101P154,2019-10-28,2019-10-28 09:35:57,0.36,0.5,409,0.34,0.4722,631,0.34,0.4722,2,0.35,0.4861,315,0
IWM191101P154,2019-10-28,2019-10-28 09:35:58,0.36,0.5,412,0.34,0.4722,856,0.34,0.4722,2,0.35,0.4861,315,0
IWM191101P154,2019-10-28,2019-10-28 09:35:58,0.36,0.5,452,0.34,0.4722,754,0.34,0.4722,2,0.35,0.4861,315,0
IWM191101P154,2019-10-28,2019-10-28 09:35:59,0.36,0.5,452,0.34,0.4722,1127,0.34,0.4722,2,0.35,0.4861,315,0
IWM191101P154,2019-10-28,2019-10-28 09:35:59,0.36,0.5,452,0.34,0.4722,877,0.34,0.4722,2,0.35,0.4861,315,0
IWM191101P154,2019-10-28,2019-10-28 09:36:00,0.36,0.5,447,0.34,0.4722,566,0.34,0.4722,2,0.35,0.4861,315,0
IWM191101P154,2019-10-28,2019-10-28 09:36:00,0.36,0.5,459,0.34,0.4722,869,0.34,0.4722,2,0.35,0.4861,315,0
IWM191101P154,2019-10-28,2019-10-28 09:36:01,0.36,0.5,103,0.35,0.4861,120,0.34,0.4722,2,0.355,0.493,315,0
IWM191101P154,2019-10-28,2019-10-28 09:36:01,0.36,0.5,612,0.34,0.4722,566,0.34,0.4722,2,0.35,0.4861,315,0
IWM191101P154,2019-10-28,2019-10-28 09:36:02,0.37,0.5138,1428,0.35,0.4861,173,0.34,0.4722,2,0.36,0.5,315,0
IWM191101P154,2019-10-28,2019-10-28 09:36:03,0.37,0.5138,1208,0.35,0.4861,107,0.34,0.4722,2,0.36,0.5,315,0
IWM191101P154,2019-10-28,2019-10-28 09:36:04,0.37,0.5138,1306,0.35,0.4861,51,0.34,0.4722,2,0.36,0.5,315,0
IWM191101P154,2019-10-28,2019-10-28 09:36:04,0.37,0.5138,1562,0.35,0.4861,50,0.34,0.4722,2,0.36,0.5,315,0
IWM191101P154,2019-10-28,2019-10-28 09:36:05,0.37,0.5138,732,0.35,0.4861,405,0.35,0.4861,1,0.36,0.5,317,2
IWM191101P154,2019-10-28,2019-10-28 09:36:05,0.37,0.5138,732,0.35,0.4861,405,0.35,0.4861,1,0.36,0.5,317,0
IWM191101P154,2019-10-28,2019-10-28 09:36:06,0.37,0.5138,776,0.35,0.4861,365,0.35,0.4861,1,0.36,0.5,317,0
IWM191101P154,2019-10-28,2019-10-28 09:36:06,0.37,0.5138,925,0.35,0.4861,475,0.35,0.4861,1,0.36,0.5,317,0
IWM191101P154,2019-10-28,2019-10-28 09:36:07,0.37,0.5138,801,0.35,0.4861,582,0.35,0.4861,1,0.36,0.5,317,0
IWM191101P154,2019-10-28,2019-10-28 09:36:08,0.37,0.5138,1235,0.35,0.4861,647,0.35,0.4861,1,0.36,0.5,317,0
IWM191101P154,2019-10-28,2019-10-28 09:36:08,0.37,0.5138,1047,0.35,0.4861,647,0.35,0.4861,1,0.36,0.5,317,0
IWM191101P154,2019-10-28,2019-10-28 09:36:09,0.37,0.5138,1235,0.35,0.4861,647,0.35,0.4861,1,0.36,0.5,317,0
IWM191101P154,2019-10-28,2019-10-28 09:36:09,0.37,0.5138,895,0.35,0.4861,207,0.35,0.4861,1,0.36,0.5,317,0
IWM191101P154,2019-10-28,2019-10-28 09:36:10,0.37,0.5138,1103,0.35,0.4861,336,0.35,0.4861,1,0.36,0.5,317,0
IWM191101P154,2019-10-28,2019-10-28 09:36:10,0.37,0.5138,1152,0.35,0.4861,429,0.35,0.4861,1,0.36,0.5,317,0
IWM191101P154,2019-10-28,2019-10-28 09:36:11,0.37,0.5138,1251,0.35,0.4861,429,0.35,0.4861,1,0.36,0.5,317,0
IWM191101P154,2019-10-28,2019-10-28 09:36:11,0.37,0.5138,1291,0.35,0.4861,429,0.35,0.4861,1,0.36,0.5,317,0
IWM191101P154,2019-10-28,2019-10-28 09:36:12,0.37,0.5138,1229,0.35,0.4861,355,0.35,0.4861,1,0.36,0.5,317,0
IWM191101P154,2019-10-28,2019-10-28 09:36:12,0.37,0.5138,1229,0.35,0.4861,410,0.35,0.4861,1,0.36,0.5,317,0
IWM191101P154,2019-10-28,2019-10-28 09:36:13,0.37,0.5138,1449,0.35,0.4861,10,0.35,0.4861,1,0.36,0.5,317,0
IWM191101P154,2019-10-28,2019-10-28 09:36:13,0.37,0.5138,1378,0.35,0.4861,178,0.35,0.4861,1,0.36,0.5,317,0
IWM191101P154,2019-10-28,2019-10-28 09:36:14,0.36,0.5,677,0.34,0.4722,639,0.35,0.4861,1,0.35,0.4861,317,0
IWM191101P154,2019-10-28,2019-10-28 09:36:14,0.37,0.5138,1449,0.35,0.4861,10,0.35,0.4861,1,0.36,0.5,317,0
IWM191101P154,2019-10-28,2019-10-28 09:36:15,0.36,0.5,607,0.34,0.4722,841,0.35,0.4861,1,0.35,0.4861,317,0
IWM191101P154,2019-10-28,2019-10-28 09:36:15,0.36,0.5,607,0.34,0.4722,914,0.35,0.4861,1,0.35,0.4861,317,0
IWM191101P154,2019-10-28,2019-10-28 09:36:16,0.36,0.5,213,0.34,0.4722,1405,0.35,0.4861,1,0.35,0.4861,317,0
IWM191101P154,2019-10-28,2019-10-28 09:36:16,0.36,0.5,201,0.34,0.4722,1110,0.35,0.4861,1,0.35,0.4861,317,0
IWM191101P154,2019-10-28,2019-10-28 09:36:17,0.36,0.5,213,0.34,0.4722,1356,0.35,0.4861,1,0.35,0.4861,317,0
IWM191101P154,2019-10-28,2019-10-28 09:36:17,0.36,0.5,213,0.34,0.4722,1280,0.35,0.4861,1,0.35,0.4861,317,0
IWM191101P154,2019-10-28,2019-10-28 09:36:18,0.36,0.5,213,0.34,0.4722,1307,0.35,0.4861,1,0.35,0.4861,317,0
IWM191101P154,2019-10-28,2019-10-28 09:36:19,0.36,0.5,292,0.34,0.4722,1307,0.35,0.4861,1,0.35,0.4861,317,0
IWM191101P154,2019-10-28,2019-10-28 09:36:20,0.36,0.5,292,0.34,0.4722,1307,0.35,0.4861,1,0.35,0.4861,317,0
IWM191101P154,2019-10-28,2019-10-28 09:36:21,0.36,0.5,292,0.34,0.4722,1307,0.35,0.4861,1,0.35,0.4861,317,0
IWM191101P154,2019-10-28,2019-10-28 09:36:22,0.36,0.5,292,0.34,0.4722,1307,0.35,0.4861,1,0.35,0.4861,317,0
IWM191101P154,2019-10-28,2019-10-28 09:36:23,0.36,0.5,292,0.34,0.4722,1307,0.35,0.4861,1,0.35,0.4861,317,0
IWM191101P154,2019-10-28,2019-10-28 09:36:24,0.36,0.5,292,0.34,0.4722,1307,0.35,0.4861,1,0.35,0.4861,317,0
IWM191101P154,2019-10-28,2019-10-28 09:36:25,0.36,0.5,322,0.34,0.4722,930,0.35,0.4861,1,0.35,0.4861,317,0
IWM191101P154,2019-10-28,2019-10-28 09:36:25,0.36,0.5,711,0.34,0.4722,179,0.35,0.4861,1,0.35,0.4861,317,0
IWM191101P154,2019-10-28,2019-10-28 09:36:26,0.35,0.4861,417,0.33,0.4583,783,0.35,0.4861,1,0.34,0.4722,317,0
IWM191101P154,2019-10-28,2019-10-28 09:36:26,0.35,0.4861,447,0.33,0.4583,411,0.35,0.4861,1,0.34,0.4722,317,0
IWM191101P154,2019-10-28,2019-10-28 09:36:27,0.35,0.4861,639,0.33,0.4583,577,0.35,0.4861,1,0.34,0.4722,317,0
IWM191101P154,2019-10-28,2019-10-28 09:36:27,0.35,0.4861,405,0.33,0.4583,577,0.35,0.4861,1,0.34,0.4722,317,0
IWM191101P154,2019-10-28,2019-10-28 09:36:28,0.35,0.4861,632,0.33,0.4583,524,0.35,0.4861,1,0.34,0.4722,317,0
IWM191101P154,2019-10-28,2019-10-28 09:36:28,0.35,0.4861,864,0.33,0.4583,593,0.35,0.4861,1,0.34,0.4722,317,0
IWM191101P154,2019-10-28,2019-10-28 09:36:29,0.35,0.4861,633,0.33,0.4583,698,0.35,0.4861,1,0.34,0.4722,317,0
IWM191101P154,2019-10-28,2019-10-28 09:36:29,0.35,0.4861,864,0.33,0.4583,593,0.35,0.4861,1,0.34,0.4722,317,0
IWM191101P154,2019-10-28,2019-10-28 09:36:30,0.35,0.4861,591,0.33,0.4583,1137,0.35,0.4861,1,0.34,0.4722,317,0
IWM191101P154,2019-10-28,2019-10-28 09:36:30,0.35,0.4861,708,0.33,0.4583,958,0.35,0.4861,1,0.34,0.4722,317,0
IWM191101P154,2019-10-28,2019-10-28 09:36:31,0.35,0.4861,801,0.33,0.4583,958,0.35,0.4861,1,0.34,0.4722,317,0
IWM191101P154,2019-10-28,2019-10-28 09:36:31,0.35,0.4861,1037,0.33,0.4583,853,0.35,0.4861,1,0.34,0.4722,317,0
IWM191101P154,2019-10-28,2019-10-28 09:36:32,0.35,0.4861,1037,0.33,0.4583,628,0.35,0.4861,1,0.34,0.4722,317,0
IWM191101P154,2019-10-28,2019-10-28 09:36:32,0.35,0.4861,853,0.33,0.4583,710,0.35,0.4861,1,0.34,0.4722,317,0
IWM191101P154,2019-10-28,2019-10-28 09:36:33,0.35,0.4861,1026,0.33,0.4583,710,0.35,0.4861,1,0.34,0.4722,317,0
IWM191101P154,2019-10-28,2019-10-28 09:36:33,0.35,0.4861,1190,0.33,0.4583,707,0.35,0.4861,1,0.34,0.4722,317,0
IWM191101P154,2019-10-28,2019-10-28 09:36:34,0.35,0.4861,1190,0.33,0.4583,707,0.35,0.4861,1,0.34,0.4722,317,0
IWM191101P154,2019-10-28,2019-10-28 09:36:34,0.35,0.4861,749,0.33,0.4583,574,0.35,0.4861,1,0.34,0.4722,317,0
IWM191101P154,2019-10-28,2019-10-28 09:36:35,0.35,0.4861,749,0.33,0.4583,554,0.35,0.4861,1,0.34,0.4722,317,0
IWM191101P154,2019-10-28,2019-10-28 09:36:36,0.35,0.4861,749,0.33,0.4583,554,0.35,0.4861,1,0.34,0.4722,317,0
IWM191101P154,2019-10-28,2019-10-28 09:36:36,0.35,0.4861,1141,0.33,0.4583,590,0.35,0.4861,1,0.34,0.4722,317,0
IWM191101P154,2019-10-28,2019-10-28 09:36:37,0.35,0.4861,1141,0.33,0.4583,590,0.35,0.4861,1,0.34,0.4722,317,0
IWM191101P154,2019-10-28,2019-10-28 09:36:37,0.35,0.4861,1141,0.33,0.4583,578,0.35,0.4861,1,0.34,0.4722,317,0
IWM191101P154,2019-10-28,2019-10-28 09:36:38,0.35,0.4861,1187,0.33,0.4583,664,0.35,0.4861,1,0.34,0.4722,317,0
IWM191101P154,2019-10-28,2019-10-28 09:36:38,0.35,0.4861,455,0.33,0.4583,1294,0.35,0.4861,1,0.34,0.4722,317,0
IWM191101P154,2019-10-28,2019-10-28 09:36:39,0.35,0.4861,338,0.33,0.4583,1415,0.35,0.4861,1,0.34,0.4722,317,0
IWM191101P154,2019-10-28,2019-10-28 09:36:39,0.35,0.4861,305,0.33,0.4583,1294,0.35,0.4861,1,0.34,0.4722,317,0
IWM191101P154,2019-10-28,2019-10-28 09:36:40,0.35,0.4861,347,0.33,0.4583,1006,0.35,0.4861,1,0.34,0.4722,317,0
IWM191101P154,2019-10-28,2019-10-28 09:36:40,0.35,0.4861,335,0.33,0.4583,981,0.35,0.4861,1,0.34,0.4722,317,0
IWM191101P154,2019-10-28,2019-10-28 09:36:41,0.35,0.4861,335,0.33,0.4583,878,0.35,0.4861,1,0.34,0.4722,317,0
IWM191101P154,2019-10-28,2019-10-28 09:36:41,0.35,0.4861,335,0.33,0.4583,931,0.35,0.4861,1,0.34,0.4722,317,0
IWM191101P154,2019-10-28,2019-10-28 09:36:42,0.35,0.4861,345,0.33,0.4583,760,0.35,0.4861,1,0.34,0.4722,317,0
IWM191101P154,2019-10-28,2019-10-28 09:36:42,0.35,0.4861,433,0.33,0.4583,1094,0.35,0.4861,1,0.34,0.4722,317,0
IWM191101P154,2019-10-28,2019-10-28 09:36:43,0.35,0.4861,433,0.33,0.4583,1226,0.33,0.4583,1,0.34,0.4722,318,0
IWM191101P154,2019-10-28,2019-10-28 09:36:43,0.35,0.4861,433,0.33,0.4583,1226,0.33,0.4583,1,0.34,0.4722,318,1
IWM191101P154,2019-10-28,2019-10-28 09:36:44,0.35,0.4861,597,0.33,0.4583,1223,0.33,0.4583,1,0.34,0.4722,318,0
IWM191101P154,2019-10-28,2019-10-28 09:36:44,0.35,0.4861,433,0.33,0.4583,1226,0.33,0.4583,1,0.34,0.4722,318,0
IWM191101P154,2019-10-28,2019-10-28 09:36:45,0.35,0.4861,461,0.33,0.4583,1223,0.33,0.4583,1,0.34,0.4722,318,0
IWM191101P154,2019-10-28,2019-10-28 09:36:45,0.35,0.4861,546,0.33,0.4583,1223,0.33,0.4583,1,0.34,0.4722,318,0
IWM191101P154,2019-10-28,2019-10-28 09:36:46,0.35,0.4861,546,0.33,0.4583,1223,0.33,0.4583,1,0.34,0.4722,318,0
IWM191101P154,2019-10-28,2019-10-28 09:36:47,0.35,0.4861,546,0.33,0.4583,1223,0.33,0.4583,1,0.34,0.4722,318,0
IWM191101P154,2019-10-28,2019-10-28 09:36:48,0.35,0.4861,546,0.33,0.4583,1223,0.33,0.4583,1,0.34,0.4722,318,0
IWM191101P154,2019-10-28,2019-10-28 09:36:48,0.35,0.4861,767,0.33,0.4583,177,0.33,0.4583,1,0.34,0.4722,318,0
IWM191101P154,2019-10-28,2019-10-28 09:36:49,0.35,0.4861,743,0.32,0.4444,796,0.33,0.4583,1,0.335,0.4652,318,0
IWM191101P154,2019-10-28,2019-10-28 09:36:49,0.35,0.4861,776,0.32,0.4444,693,0.33,0.4583,1,0.335,0.4652,318,0
IWM191101P154,2019-10-28,2019-10-28 09:36:50,0.35,0.4861,1454,0.32,0.4444,1422,0.33,0.4583,1,0.335,0.4652,318,0
IWM191101P154,2019-10-28,2019-10-28 09:36:50,0.35,0.4861,1477,0.33,0.4583,102,0.33,0.4583,1,0.34,0.4722,318,0
IWM191101P154,2019-10-28,2019-10-28 09:36:51,0.35,0.4861,1191,0.33,0.4583,71,0.33,0.4583,1,0.34,0.4722,318,0
IWM191101P154,2019-10-28,2019-10-28 09:36:51,0.35,0.4861,1272,0.33,0.4583,37,0.33,0.4583,1,0.34,0.4722,318,0
IWM191101P154,2019-10-28,2019-10-28 09:36:52,0.35,0.4861,1191,0.32,0.4444,467,0.33,0.4583,1,0.335,0.4652,318,0
IWM191101P154,2019-10-28,2019-10-28 09:36:52,0.35,0.4861,1191,0.32,0.4444,836,0.33,0.4583,1,0.335,0.4652,318,0
IWM191101P154,2019-10-28,2019-10-28 09:36:53,0.34,0.4722,592,0.32,0.4444,1231,0.33,0.4583,1,0.33,0.4583,318,0
IWM191101P154,2019-10-28,2019-10-28 09:36:53,0.35,0.4861,1191,0.32,0.4444,836,0.33,0.4583,1,0.335,0.4652,318,0
IWM191101P154,2019-10-28,2019-10-28 09:36:54,0.34,0.4722,469,0.32,0.4444,1205,0.33,0.4583,1,0.33,0.4583,318,0
IWM191101P154,2019-10-28,2019-10-28 09:36:54,0.34,0.4722,595,0.32,0.4444,1231,0.33,0.4583,1,0.33,0.4583,318,0
IWM191101P154,2019-10-28,2019-10-28 09:36:55,0.34,0.4722,469,0.32,0.4444,1484,0.33,0.4583,1,0.33,0.4583,318,0
IWM191101P154,2019-10-28,2019-10-28 09:36:55,0.34,0.4722,469,0.32,0.4444,1495,0.33,0.4583,1,0.33,0.4583,318,0
IWM191101P154,2019-10-28,2019-10-28 09:36:56,0.34,0.4722,435,0.32,0.4444,1437,0.33,0.4583,1,0.33,0.4583,318,0
IWM191101P154,2019-10-28,2019-10-28 09:36:56,0.34,0.4722,469,0.32,0.4444,1520,0.33,0.4583,1,0.33,0.4583,318,0
IWM191101P154,2019-10-28,2019-10-28 09:36:57,0.34,0.4722,435,0.32,0.4444,1437,0.33,0.4583,1,0.33,0.4583,318,0
IWM191101P154,2019-10-28,2019-10-28 09:36:57,0.34,0.4722,424,0.32,0.4444,1437,0.33,0.4583,1,0.33,0.4583,318,0
IWM191101P154,2019-10-28,2019-10-28 09:36:58,0.34,0.4722,860,0.32,0.4444,472,0.32,0.4444,1,0.33,0.4583,319,0
IWM191101P154,2019-10-28,2019-10-28 09:36:58,0.34,0.4722,799,0.32,0.4444,472,0.32,0.4444,1,0.33,0.4583,319,1
IWM191101P154,2019-10-28,2019-10-28 09:36:59,0.34,0.4722,1050,0.32,0.4444,364,0.32,0.4444,1,0.33,0.4583,319,0
IWM191101P154,2019-10-28,2019-10-28 09:36:59,0.34,0.4722,863,0.32,0.4444,472,0.32,0.4444,1,0.33,0.4583,319,0
IWM191101P154,2019-10-28,2019-10-28 09:37:00,0.34,0.4722,1000,0.32,0.4444,407,0.32,0.4444,1,0.33,0.4583,319,0
IWM191101P154,2019-10-28,2019-10-28 09:37:00,0.34,0.4722,801,0.32,0.4444,476,0.32,0.4444,1,0.33,0.4583,319,0
IWM191101P154,2019-10-28,2019-10-28 09:37:01,0.34,0.4722,763,0.32,0.4444,476,0.32,0.4444,1,0.33,0.4583,319,0
IWM191101P154,2019-10-28,2019-10-28 09:37:01,0.34,0.4722,718,0.32,0.4444,476,0.32,0.4444,1,0.33,0.4583,319,0
IWM191101P154,2019-10-28,2019-10-28 09:37:02,0.34,0.4722,1089,0.32,0.4444,499,0.32,0.4444,1,0.33,0.4583,319,0
IWM191101P154,2019-10-28,2019-10-28 09:37:02,0.34,0.4722,1058,0.32,0.4444,484,0.32,0.4444,1,0.33,0.4583,319,0
IWM191101P154,2019-10-28,2019-10-28 09:37:03,0.34,0.4722,1092,0.32,0.4444,460,0.32,0.4444,1,0.33,0.4583,319,0
IWM191101P154,2019-10-28,2019-10-28 09:37:04,0.34,0.4722,1092,0.32,0.4444,460,0.32,0.4444,1,0.33,0.4583,319,0
IWM191101P154,2019-10-28,2019-10-28 09:37:05,0.33,0.4583,29,0.32,0.4444,194,0.32,0.4444,1,0.325,0.4513,319,0
IWM191101P154,2019-10-28,2019-10-28 09:37:05,0.33,0.4583,29,0.32,0.4444,252,0.32,0.4444,1,0.325,0.4513,319,0
IWM191101P154,2019-10-28,2019-10-28 09:37:06,0.33,0.4583,237,0.32,0.4444,67,0.32,0.4444,1,0.325,0.4513,319,0
IWM191101P154,2019-10-28,2019-10-28 09:37:06,0.33,0.4583,237,0.32,0.4444,76,0.32,0.4444,1,0.325,0.4513,319,0
IWM191101P154,2019-10-28,2019-10-28 09:37:07,0.33,0.4583,209,0.32,0.4444,320,0.32,0.4444,1,0.325,0.4513,319,0
IWM191101P154,2019-10-28,2019-10-28 09:37:07,0.33,0.4583,136,0.32,0.4444,205,0.32,0.4444,1,0.325,0.4513,319,0
IWM191101P154,2019-10-28,2019-10-28 09:37:08,0.33,0.4583,209,0.32,0.4444,320,0.32,0.4444,1,0.325,0.4513,319,0
IWM191101P154,2019-10-28,2019-10-28 09:37:09,0.33,0.4583,27,0.32,0.4444,389,0.32,0.4444,1,0.325,0.4513,319,0
IWM191101P154,2019-10-28,2019-10-28 09:37:09,0.33,0.4583,27,0.32,0.4444,447,0.32,0.4444,1,0.325,0.4513,319,0
IWM191101P154,2019-10-28,2019-10-28 09:37:10,0.33,0.4583,72,0.32,0.4444,472,0.32,0.4444,1,0.325,0.4513,319,0
IWM191101P154,2019-10-28,2019-10-28 09:37:10,0.33,0.4583,40,0.32,0.4444,472,0.32,0.4444,1,0.325,0.4513,319,0
IWM191101P154,2019-10-28,2019-10-28 09:37:11,0.33,0.4583,41,0.32,0.4444,265,0.32,0.4444,2,0.325,0.4513,321,2
IWM191101P154,2019-10-28,2019-10-28 09:37:11,0.33,0.4583,123,0.32,0.4444,265,0.32,0.4444,1,0.325,0.4513,319,0
IWM191101P154,2019-10-28,2019-10-28 09:37:12,0.33,0.4583,41,0.32,0.4444,265,0.32,0.4444,2,0.325,0.4513,321,0
IWM191101P154,2019-10-28,2019-10-28 09:37:12,0.34,0.4722,610,0.32,0.4444,471,0.32,0.4444,2,0.33,0.4583,321,0
IWM191101P154,2019-10-28,2019-10-28 09:37:13,0.33,0.4583,38,0.32,0.4444,183,0.32,0.4444,2,0.325,0.4513,321,0
IWM191101P154,2019-10-28,2019-10-28 09:37:13,0.33,0.4583,38,0.32,0.4444,105,0.32,0.4444,2,0.325,0.4513,321,0
IWM191101P154,2019-10-28,2019-10-28 09:37:14,0.33,0.4583,143,0.32,0.4444,405,0.32,0.4444,2,0.325,0.4513,321,0
IWM191101P154,2019-10-28,2019-10-28 09:37:14,0.33,0.4583,135,0.32,0.4444,335,0.32,0.4444,2,0.325,0.4513,321,0
IWM191101P154,2019-10-28,2019-10-28 09:37:15,0.33,0.4583,98,0.32,0.4444,321,0.32,0.4444,2,0.325,0.4513,321,0
IWM191101P154,2019-10-28,2019-10-28 09:37:15,0.33,0.4583,157,0.32,0.4444,79,0.32,0.4444,2,0.325,0.4513,321,0
IWM191101P154,2019-10-28,2019-10-28 09:37:16,0.33,0.4583,195,0.31,0.4305,988,0.31,0.4305,2,0.32,0.4444,323,2
IWM191101P154,2019-10-28,2019-10-28 09:37:17,0.33,0.4583,278,0.31,0.4305,719,0.31,0.4305,2,0.32,0.4444,323,0
IWM191101P154,2019-10-28,2019-10-28 09:37:17,0.33,0.4583,180,0.31,0.4305,988,0.31,0.4305,2,0.32,0.4444,323,0
IWM191101P154,2019-10-28,2019-10-28 09:37:18,0.33,0.4583,156,0.31,0.4305,622,0.31,0.4305,2,0.32,0.4444,323,0
IWM191101P154,2019-10-28,2019-10-28 09:37:18,0.33,0.4583,278,0.31,0.4305,719,0.31,0.4305,2,0.32,0.4444,323,0
IWM191101P154,2019-10-28,2019-10-28 09:37:19,0.33,0.4583,279,0.31,0.4305,174,0.31,0.4305,2,0.32,0.4444,323,0
IWM191101P154,2019-10-28,2019-10-28 09:37:19,0.33,0.4583,422,0.31,0.4305,318,0.31,0.4305,2,0.32,0.4444,323,0
IWM191101P154,2019-10-28,2019-10-28 09:37:20,0.33,0.4583,396,0.31,0.4305,415,0.31,0.4305,2,0.32,0.4444,323,0
IWM191101P154,2019-10-28,2019-10-28 09:37:20,0.33,0.4583,319,0.31,0.4305,415,0.31,0.4305,2,0.32,0.4444,323,0
IWM191101P154,2019-10-28,2019-10-28 09:37:21,0.33,0.4583,310,0.31,0.4305,302,0.31,0.4305,2,0.32,0.4444,323,0
IWM191101P154,2019-10-28,2019-10-28 09:37:21,0.33,0.4583,580,0.31,0.4305,475,0.31,0.4305,2,0.32,0.4444,323,0
IWM191101P154,2019-10-28,2019-10-28 09:37:22,0.33,0.4583,344,0.31,0.4305,394,0.31,0.4305,2,0.32,0.4444,323,0
IWM191101P154,2019-10-28,2019-10-28 09:37:22,0.33,0.4583,344,0.31,0.4305,776,0.31,0.4305,2,0.32,0.4444,323,0
IWM191101P154,2019-10-28,2019-10-28 09:37:23,0.33,0.4583,244,0.31,0.4305,626,0.31,0.4305,2,0.32,0.4444,323,0
IWM191101P154,2019-10-28,2019-10-28 09:37:23,0.33,0.4583,244,0.31,0.4305,821,0.31,0.4305,2,0.32,0.4444,323,0
IWM191101P154,2019-10-28,2019-10-28 09:37:24,0.33,0.4583,78,0.31,0.4305,813,0.31,0.4305,2,0.32,0.4444,323,0
IWM191101P154,2019-10-28,2019-10-28 09:37:25,0.33,0.4583,54,0.31,0.4305,813,0.31,0.4305,2,0.32,0.4444,323,0
IWM191101P154,2019-10-28,2019-10-28 09:37:25,0.34,0.4722,198,0.32,0.4444,745,0.31,0.4305,2,0.33,0.4583,323,0
IWM191101P154,2019-10-28,2019-10-28 09:37:26,0.34,0.4722,288,0.33,0.4583,1,0.33,0.4583,1,0.335,0.4652,324,1
IWM191101P154,2019-10-28,2019-10-28 09:37:26,0.34,0.4722,261,0.32,0.4444,1189,0.31,0.4305,2,0.33,0.4583,323,0
IWM191101P154,2019-10-28,2019-10-28 09:37:27,0.34,0.4722,314,0.32,0.4444,853,0.33,0.4583,1,0.33,0.4583,324,0
IWM191101P154,2019-10-28,2019-10-28 09:37:27,0.34,0.4722,298,0.32,0.4444,1393,0.33,0.4583,1,0.33,0.4583,324,0
IWM191101P154,2019-10-28,2019-10-28 09:37:28,0.34,0.4722,314,0.32,0.4444,911,0.33,0.4583,1,0.33,0.4583,324,0
IWM191101P154,2019-10-28,2019-10-28 09:37:28,0.34,0.4722,218,0.32,0.4444,900,0.33,0.4583,1,0.33,0.4583,324,0
IWM191101P154,2019-10-28,2019-10-28 09:37:29,0.34,0.4722,610,0.32,0.4444,510,0.33,0.4583,1,0.33,0.4583,324,0
IWM191101P154,2019-10-28,2019-10-28 09:37:29,0.34,0.4722,720,0.32,0.4444,428,0.33,0.4583,1,0.33,0.4583,324,0
IWM191101P154,2019-10-28,2019-10-28 09:37:30,0.34,0.4722,720,0.32,0.4444,604,0.33,0.4583,1,0.33,0.4583,324,0
IWM191101P154,2019-10-28,2019-10-28 09:37:31,0.34,0.4722,590,0.32,0.4444,603,0.33,0.4583,1,0.33,0.4583,324,0
IWM191101P154,2019-10-28,2019-10-28 09:37:31,0.34,0.4722,590,0.32,0.4444,604,0.33,0.4583,1,0.33,0.4583,324,0
IWM191101P154,2019-10-28,2019-10-28 09:37:32,0.34,0.4722,624,0.32,0.4444,603,0.33,0.4583,1,0.33,0.4583,324,0
IWM191101P154,2019-10-28,2019-10-28 09:37:32,0.34,0.4722,862,0.32,0.4444,520,0.33,0.4583,1,0.33,0.4583,324,0
IWM191101P154,2019-10-28,2019-10-28 09:37:33,0.34,0.4722,862,0.32,0.4444,320,0.33,0.4583,1,0.33,0.4583,324,0
IWM191101P154,2019-10-28,2019-10-28 09:37:34,0.34,0.4722,992,0.32,0.4444,347,0.33,0.4583,1,0.33,0.4583,324,0
IWM191101P154,2019-10-28,2019-10-28 09:37:34,0.34,0.4722,857,0.32,0.4444,347,0.33,0.4583,1,0.33,0.4583,324,0
IWM191101P154,2019-10-28,2019-10-28 09:37:35,0.34,0.4722,923,0.32,0.4444,325,0.33,0.4583,1,0.33,0.4583,324,0
IWM191101P154,2019-10-28,2019-10-28 09:37:35,0.34,0.4722,857,0.32,0.4444,297,0.33,0.4583,1,0.33,0.4583,324,0
IWM191101P154,2019-10-28,2019-10-28 09:37:36,0.34,0.4722,923,0.32,0.4444,373,0.33,0.4583,1,0.33,0.4583,324,0
IWM191101P154,2019-10-28,2019-10-28 09:37:36,0.34,0.4722,1093,0.32,0.4444,341,0.33,0.4583,1,0.33,0.4583,324,0
IWM191101P154,2019-10-28,2019-10-28 09:37:37,0.34,0.4722,1093,0.32,0.4444,341,0.33,0.4583,1,0.33,0.4583,324,0
IWM191101P154,2019-10-28,2019-10-28 09:37:38,0.34,0.4722,1344,0.32,0.4444,158,0.33,0.4583,1,0.33,0.4583,324,0
IWM191101P154,2019-10-28,2019-10-28 09:37:38,0.34,0.4722,1215,0.32,0.4444,383,0.33,0.4583,1,0.33,0.4583,324,0
IWM191101P154,2019-10-28,2019-10-28 09:37:39,0.34,0.4722,1215,0.32,0.4444,519,0.33,0.4583,1,0.33,0.4583,324,0
IWM191101P154,2019-10-28,2019-10-28 09:37:39,0.34,0.4722,1104,0.32,0.4444,519,0.33,0.4583,1,0.33,0.4583,324,0
IWM191101P154,2019-10-28,2019-10-28 09:37:40,0.34,0.4722,1104,0.32,0.4444,558,0.33,0.4583,1,0.33,0.4583,324,0
IWM191101P154,2019-10-28,2019-10-28 09:37:41,0.34,0.4722,1104,0.32,0.4444,558,0.33,0.4583,1,0.33,0.4583,324,0
IWM191101P154,2019-10-28,2019-10-28 09:37:42,0.33,0.4583,1,0.32,0.4444,571,0.33,0.4583,1,0.325,0.4513,324,0
IWM191101P154,2019-10-28,2019-10-28 09:37:42,0.34,0.4722,1291,0.32,0.4444,571,0.33,0.4583,1,0.33,0.4583,324,0
IWM191101P154,2019-10-28,2019-10-28 09:37:43,0.33,0.4583,1,0.32,0.4444,346,0.33,0.4583,1,0.325,0.4513,324,0
IWM191101P154,2019-10-28,2019-10-28 09:37:43,0.33,0.4583,1,0.32,0.4444,510,0.33,0.4583,1,0.325,0.4513,324,0
IWM191101P154,2019-10-28,2019-10-28 09:37:44,0.33,0.4583,1,0.32,0.4444,395,0.33,0.4583,1,0.325,0.4513,324,0
IWM191101P154,2019-10-28,2019-10-28 09:37:44,0.34,0.4722,1098,0.32,0.4444,490,0.32,0.4444,1,0.33,0.4583,325,1
IWM191101P154,2019-10-28,2019-10-28 09:37:45,0.34,0.4722,1131,0.32,0.4444,447,0.32,0.4444,1,0.33,0.4583,325,0
IWM191101P154,2019-10-28,2019-10-28 09:37:45,0.34,0.4722,1256,0.32,0.4444,447,0.32,0.4444,1,0.33,0.4583,325,0
IWM191101P154,2019-10-28,2019-10-28 09:37:46,0.34,0.4722,1256,0.32,0.4444,449,0.32,0.4444,1,0.33,0.4583,325,0
IWM191101P154,2019-10-28,2019-10-28 09:37:46,0.34,0.4722,1306,0.32,0.4444,342,0.32,0.4444,1,0.33,0.4583,325,0
IWM191101P154,2019-10-28,2019-10-28 09:37:47,0.34,0.4722,1224,0.32,0.4444,379,0.32,0.4444,1,0.33,0.4583,325,0
IWM191101P154,2019-10-28,2019-10-28 09:37:47,0.34,0.4722,1131,0.32,0.4444,379,0.32,0.4444,1,0.33,0.4583,325,0
IWM191101P154,2019-10-28,2019-10-28 09:37:48,0.34,0.4722,1131,0.32,0.4444,379,0.32,0.4444,1,0.33,0.4583,325,0
IWM191101P154,2019-10-28,2019-10-28 09:37:49,0.34,0.4722,1125,0.32,0.4444,509,0.32,0.4444,1,0.33,0.4583,326,0
IWM191101P154,2019-10-28,2019-10-28 09:37:49,0.34,0.4722,1134,0.32,0.4444,509,0.32,0.4444,1,0.33,0.4583,326,1
IWM191101P154,2019-10-28,2019-10-28 09:37:50,0.34,0.4722,1125,0.32,0.4444,446,0.32,0.4444,1,0.33,0.4583,326,0
IWM191101P154,2019-10-28,2019-10-28 09:37:50,0.34,0.4722,1125,0.32,0.4444,509,0.32,0.4444,1,0.33,0.4583,326,0
IWM191101P154,2019-10-28,2019-10-28 09:37:51,0.34,0.4722,1125,0.32,0.4444,380,0.32,0.4444,1,0.33,0.4583,326,0
IWM191101P154,2019-10-28,2019-10-28 09:37:51,0.34,0.4722,750,0.32,0.4444,461,0.32,0.4444,1,0.33,0.4583,326,0
IWM191101P154,2019-10-28,2019-10-28 09:37:52,0.34,0.4722,750,0.33,0.4583,5,0.32,0.4444,1,0.335,0.4652,326,0
IWM191101P154,2019-10-28,2019-10-28 09:37:53,0.34,0.4722,595,0.33,0.4583,5,0.33,0.4583,2,0.335,0.4652,331,2
IWM191101P154,2019-10-28,2019-10-28 09:37:53,0.34,0.4722,776,0.33,0.4583,5,0.33,0.4583,3,0.335,0.4652,329,3
IWM191101P154,2019-10-28,2019-10-28 09:37:54,0.34,0.4722,595,0.33,0.4583,5,0.33,0.4583,2,0.335,0.4652,331,0
IWM191101P154,2019-10-28,2019-10-28 09:37:54,0.34,0.4722,489,0.33,0.4583,5,0.33,0.4583,2,0.335,0.4652,331,0
IWM191101P154,2019-10-28,2019-10-28 09:37:55,0.34,0.4722,489,0.33,0.4583,5,0.33,0.4583,2,0.335,0.4652,331,0
IWM191101P154,2019-10-28,2019-10-28 09:37:55,0.34,0.4722,357,0.33,0.4583,5,0.32,0.4444,21,0.335,0.4652,531,200
IWM191101P154,2019-10-28,2019-10-28 09:37:56,0.34,0.4722,389,0.32,0.4444,803,0.32,0.4444,21,0.33,0.4583,531,0
IWM191101P154,2019-10-28,2019-10-28 09:37:56,0.34,0.4722,389,0.32,0.4444,953,0.32,0.4444,21,0.33,0.4583,531,0
IWM191101P154,2019-10-28,2019-10-28 09:37:57,0.34,0.4722,389,0.32,0.4444,786,0.32,0.4444,21,0.33,0.4583,531,0
IWM191101P154,2019-10-28,2019-10-28 09:37:58,0.34,0.4722,475,0.32,0.4444,869,0.32,0.4444,21,0.33,0.4583,531,0
IWM191101P154,2019-10-28,2019-10-28 09:37:59,0.34,0.4722,475,0.32,0.4444,869,0.32,0.4444,21,0.33,0.4583,531,0
IWM191101P154,2019-10-28,2019-10-28 09:38:00,0.34,0.4722,426,0.32,0.4444,540,0.32,0.4444,21,0.33,0.4583,531,0
IWM191101P154,2019-10-28,2019-10-28 09:38:00,0.34,0.4722,475,0.32,0.4444,869,0.32,0.4444,21,0.33,0.4583,531,0
IWM191101P154,2019-10-28,2019-10-28 09:38:01,0.34,0.4722,586,0.32,0.4444,447,0.32,0.4444,21,0.33,0.4583,531,0
IWM191101P154,2019-10-28,2019-10-28 09:38:02,0.34,0.4722,1142,0.32,0.4444,704,0.32,0.4444,21,0.33,0.4583,531,0
IWM191101P154,2019-10-28,2019-10-28 09:38:02,0.34,0.4722,427,0.32,0.4444,704,0.32,0.4444,21,0.33,0.4583,531,0
IWM191101P154,2019-10-28,2019-10-28 09:38:03,0.34,0.4722,1329,0.32,0.4444,596,0.32,0.4444,21,0.33,0.4583,531,0
IWM191101P154,2019-10-28,2019-10-28 09:38:03,0.34,0.4722,1142,0.32,0.4444,704,0.32,0.4444,21,0.33,0.4583,531,0
IWM191101P154,2019-10-28,2019-10-28 09:38:04,0.34,0.4722,1329,0.32,0.4444,447,0.32,0.4444,21,0.33,0.4583,531,0
IWM191101P154,2019-10-28,2019-10-28 09:38:05,0.34,0.4722,1329,0.32,0.4444,489,0.32,0.4444,21,0.33,0.4583,531,0
IWM191101P154,2019-10-28,2019-10-28 09:38:05,0.34,0.4722,1329,0.32,0.4444,514,0.32,0.4444,21,0.33,0.4583,531,0
IWM191101P154,2019-10-28,2019-10-28 09:38:06,0.34,0.4722,1329,0.32,0.4444,653,0.32,0.4444,21,0.33,0.4583,531,0
IWM191101P154,2019-10-28,2019-10-28 09:38:07,0.34,0.4722,1329,0.32,0.4444,809,0.32,0.4444,21,0.33,0.4583,531,0
IWM191101P154,2019-10-28,2019-10-28 09:38:07,0.34,0.4722,1329,0.32,0.4444,653,0.32,0.4444,21,0.33,0.4583,531,0
IWM191101P154,2019-10-28,2019-10-28 09:38:08,0.34,0.4722,1329,0.32,0.4444,809,0.32,0.4444,21,0.33,0.4583,531,0
IWM191101P154,2019-10-28,2019-10-28 09:38:08,0.34,0.4722,1163,0.32,0.4444,821,0.32,0.4444,21,0.33,0.4583,531,0
IWM191101P154,2019-10-28,2019-10-28 09:38:09,0.34,0.4722,711,0.32,0.4444,626,0.32,0.4444,21,0.33,0.4583,531,0
IWM191101P154,2019-10-28,2019-10-28 09:38:09,0.34,0.4722,1047,0.32,0.4444,821,0.32,0.4444,21,0.33,0.4583,531,0
IWM191101P154,2019-10-28,2019-10-28 09:38:10,0.34,0.4722,668,0.32,0.4444,626,0.32,0.4444,21,0.33,0.4583,531,0
IWM191101P154,2019-10-28,2019-10-28 09:38:10,0.34,0.4722,668,0.32,0.4444,823,0.32,0.4444,21,0.33,0.4583,531,0
IWM191101P154,2019-10-28,2019-10-28 09:38:11,0.34,0.4722,668,0.32,0.4444,823,0.32,0.4444,21,0.33,0.4583,531,0
IWM191101P154,2019-10-28,2019-10-28 09:38:11,0.34,0.4722,677,0.32,0.4444,834,0.32,0.4444,21,0.33,0.4583,531,0
IWM191101P154,2019-10-28,2019-10-28 09:38:12,0.34,0.4722,155,0.32,0.4444,835,0.32,0.4444,21,0.33,0.4583,531,0
IWM191101P154,2019-10-28,2019-10-28 09:38:12,0.34,0.4722,234,0.32,0.4444,1275,0.32,0.4444,21,0.33,0.4583,531,0
IWM191101P154,2019-10-28,2019-10-28 09:38:13,0.34,0.4722,281,0.32,0.4444,1482,0.32,0.4444,21,0.33,0.4583,531,0
IWM191101P154,2019-10-28,2019-10-28 09:38:13,0.34,0.4722,281,0.32,0.4444,1491,0.32,0.4444,21,0.33,0.4583,531,0
IWM191101P154,2019-10-28,2019-10-28 09:38:14,0.34,0.4722,100,0.33,0.4583,230,0.32,0.4444,21,0.335,0.4652,531,0
IWM191101P154,2019-10-28,2019-10-28 09:38:14,0.34,0.4722,79,0.33,0.4583,50,0.32,0.4444,21,0.335,0.4652,531,0
IWM191101P154,2019-10-28,2019-10-28 09:38:15,0.34,0.4722,144,0.33,0.4583,350,0.32,0.4444,21,0.335,0.4652,531,0
IWM191101P154,2019-10-28,2019-10-28 09:38:15,0.34,0.4722,111,0.33,0.4583,304,0.32,0.4444,21,0.335,0.4652,531,0
IWM191101P154,2019-10-28,2019-10-28 09:38:16,0.34,0.4722,112,0.33,0.4583,207,0.32,0.4444,21,0.335,0.4652,531,0
IWM191101P154,2019-10-28,2019-10-28 09:38:16,0.34,0.4722,144,0.33,0.4583,350,0.32,0.4444,21,0.335,0.4652,531,0
IWM191101P154,2019-10-28,2019-10-28 09:38:17,0.34,0.4722,161,0.32,0.4444,883,0.32,0.4444,21,0.33,0.4583,531,0
IWM191101P154,2019-10-28,2019-10-28 09:38:17,0.34,0.4722,246,0.32,0.4444,752,0.32,0.4444,21,0.33,0.4583,531,0
IWM191101P154,2019-10-28,2019-10-28 09:38:18,0.34,0.4722,360,0.32,0.4444,977,0.32,0.4444,21,0.33,0.4583,531,0
IWM191101P154,2019-10-28,2019-10-28 09:38:18,0.34,0.4722,330,0.32,0.4444,927,0.32,0.4444,21,0.33,0.4583,531,0
IWM191101P154,2019-10-28,2019-10-28 09:38:19,0.34,0.4722,281,0.32,0.4444,930,0.32,0.4444,21,0.33,0.4583,531,0
IWM191101P154,2019-10-28,2019-10-28 09:38:19,0.34,0.4722,281,0.32,0.4444,695,0.32,0.4444,21,0.33,0.4583,531,0
IWM191101P154,2019-10-28,2019-10-28 09:38:20,0.34,0.4722,625,0.32,0.4444,769,0.32,0.4444,21,0.33,0.4583,531,0
IWM191101P154,2019-10-28,2019-10-28 09:38:21,0.34,0.4722,551,0.32,0.4444,769,0.32,0.4444,21,0.33,0.4583,531,0
IWM191101P154,2019-10-28,2019-10-28 09:38:21,0.34,0.4722,541,0.32,0.4444,769,0.32,0.4444,21,0.33,0.4583,531,0
IWM191101P154,2019-10-28,2019-10-28 09:38:22,0.34,0.4722,495,0.32,0.4444,769,0.32,0.4444,21,0.33,0.4583,531,0
IWM191101P154,2019-10-28,2019-10-28 09:38:22,0.34,0.4722,598,0.32,0.4444,769,0.32,0.4444,21,0.33,0.4583,531,0
IWM191101P154,2019-10-28,2019-10-28 09:38:23,0.34,0.4722,497,0.32,0.4444,769,0.32,0.4444,21,0.33,0.4583,531,0
IWM191101P154,2019-10-28,2019-10-28 09:38:23,0.34,0.4722,587,0.32,0.4444,769,0.32,0.4444,21,0.33,0.4583,531,0
IWM191101P154,2019-10-28,2019-10-28 09:38:24,0.34,0.4722,587,0.32,0.4444,769,0.32,0.4444,21,0.33,0.4583,531,0
IWM191101P154,2019-10-28,2019-10-28 09:38:24,0.33,0.4583,1,0.32,0.4444,642,0.33,0.4583,2,0.325,0.4513,538,7
IWM191101P154,2019-10-28,2019-10-28 09:38:25,0.34,0.4722,649,0.32,0.4444,642,0.33,0.4583,2,0.33,0.4583,538,0
IWM191101P154,2019-10-28,2019-10-28 09:38:25,0.34,0.4722,649,0.32,0.4444,645,0.33,0.4583,2,0.33,0.4583,538,0
IWM191101P154,2019-10-28,2019-10-28 09:38:26,0.34,0.4722,417,0.32,0.4444,680,0.32,0.4444,1,0.33,0.4583,539,0
IWM191101P154,2019-10-28,2019-10-28 09:38:26,0.34,0.4722,406,0.32,0.4444,691,0.32,0.4444,1,0.33,0.4583,539,1
IWM191101P154,2019-10-28,2019-10-28 09:38:27,0.34,0.4722,417,0.32,0.4444,680,0.32,0.4444,1,0.33,0.4583,539,0
IWM191101P154,2019-10-28,2019-10-28 09:38:27,0.34,0.4722,398,0.32,0.4444,691,0.32,0.4444,1,0.33,0.4583,539,0
IWM191101P154,2019-10-28,2019-10-28 09:38:28,0.34,0.4722,320,0.32,0.4444,841,0.32,0.4444,1,0.33,0.4583,539,0
IWM191101P154,2019-10-28,2019-10-28 09:38:28,0.34,0.4722,382,0.32,0.4444,830,0.32,0.4444,1,0.33,0.4583,539,0
IWM191101P154,2019-10-28,2019-10-28 09:38:29,0.34,0.4722,517,0.32,0.4444,508,0.32,0.4444,1,0.33,0.4583,539,0
IWM191101P154,2019-10-28,2019-10-28 09:38:29,0.34,0.4722,382,0.32,0.4444,841,0.32,0.4444,1,0.33,0.4583,539,0
