symbol,Date,quote_time,ask_price,norm_ask_price,ask_size,bid_price,norm_bid_price,bid_size,last_trade_price,norm_last_trade_price,last_trade_size,mark_price,norm_mark_price,volume,Volume
IWM190913C160,2019-09-12,2019-09-12 09:46:48,0.05,1.0,1294,0.04,0.8,26,0.04,0.8,2,0.045,0.9,2096,2096
IWM190913C160,2019-09-12,2019-09-12 09:46:49,0.05,1.0,696,0.03,0.6,1049,0.04,0.8,2,0.04,0.8,2096,0
IWM190913C160,2019-09-12,2019-09-12 09:46:50,0.05,1.0,1305,0.03,0.6,1781,0.04,0.8,2,0.04,0.8,2096,0
IWM190913C160,2019-09-12,2019-09-12 09:46:51,0.05,1.0,1256,0.04,0.8,32,0.04,0.8,2,0.045,0.9,2096,0
IWM190913C160,2019-09-12,2019-09-12 09:46:51,0.04,0.8,18,0.03,0.6,1781,0.04,0.8,2,0.035,0.7,2096,0
IWM190913C160,2019-09-12,2019-09-12 09:46:52,0.04,0.8,98,0.03,0.6,1711,0.04,0.8,2,0.035,0.7,2096,0
IWM190913C160,2019-09-12,2019-09-12 09:46:52,0.04,0.8,98,0.03,0.6,1201,0.04,0.8,2,0.035,0.7,2096,0
IWM190913C160,2019-09-12,2019-09-12 09:46:53,0.04,0.8,98,0.03,0.6,1711,0.04,0.8,2,0.035,0.7,2096,0
IWM190913C160,2019-09-12,2019-09-12 09:46:54,0.04,0.8,98,0.03,0.6,1481,0.04,0.8,2,0.035,0.7,2096,0
IWM190913C160,2019-09-12,2019-09-12 09:46:54,0.05,1.0,1375,0.03,0.6,1781,0.04,0.8,2,0.04,0.8,2096,0
IWM190913C160,2019-09-12,2019-09-12 09:46:55,0.04,0.8,98,0.03,0.6,1481,0.04,0.8,2,0.035,0.7,2096,0
IWM190913C160,2019-09-12,2019-09-12 09:46:56,0.04,0.8,98,0.03,0.6,1640,0.04,0.8,2,0.035,0.7,2096,0
IWM190913C160,2019-09-12,2019-09-12 09:46:56,0.04,0.8,98,0.03,0.6,1481,0.04,0.8,2,0.035,0.7,2096,0
IWM190913C160,2019-09-12,2019-09-12 09:46:57,0.04,0.8,98,0.03,0.6,456,0.04,0.8,2,0.035,0.7,2096,0
IWM190913C160,2019-09-12,2019-09-12 09:46:57,0.04,0.8,155,0.03,0.6,1956,0.04,0.8,2,0.035,0.7,2096,0
IWM190913C160,2019-09-12,2019-09-12 09:46:58,0.04,0.8,97,0.03,0.6,1956,0.04,0.8,2,0.035,0.7,2096,0
IWM190913C160,2019-09-12,2019-09-12 09:46:59,0.04,0.8,97,0.03,0.6,1171,0.04,0.8,2,0.035,0.7,2096,0
IWM190913C160,2019-09-12,2019-09-12 09:47:00,0.04,0.8,182,0.03,0.6,1171,0.04,0.8,2,0.035,0.7,2096,0
IWM190913C160,2019-09-12,2019-09-12 09:47:01,0.04,0.8,160,0.03,0.6,1386,0.04,0.8,2,0.035,0.7,2096,0
IWM190913C160,2019-09-12,2019-09-12 09:47:02,0.04,0.8,80,0.03,0.6,583,0.04,0.8,2,0.035,0.7,2096,0
IWM190913C160,2019-09-12,2019-09-12 09:47:03,0.04,0.8,182,0.03,0.6,846,0.04,0.8,2,0.035,0.7,2096,0
IWM190913C160,2019-09-12,2019-09-12 09:47:03,0.04,0.8,182,0.03,0.6,1134,0.04,0.8,2,0.035,0.7,2096,0
IWM190913C160,2019-09-12,2019-09-12 09:47:04,0.04,0.8,182,0.03,0.6,1134,0.04,0.8,2,0.035,0.7,2096,0
IWM190913C160,2019-09-12,2019-09-12 09:47:05,0.04,0.8,182,0.03,0.6,1688,0.04,0.8,2,0.035,0.7,2096,0
IWM190913C160,2019-09-12,2019-09-12 09:47:05,0.04,0.8,182,0.03,0.6,1725,0.04,0.8,2,0.035,0.7,2096,0
IWM190913C160,2019-09-12,2019-09-12 09:47:06,0.04,0.8,613,0.03,0.6,1266,0.04,0.8,2,0.035,0.7,2096,0
IWM190913C160,2019-09-12,2019-09-12 09:47:06,0.04,0.8,613,0.03,0.6,966,0.04,0.8,2,0.035,0.7,2096,0
IWM190913C160,2019-09-12,2019-09-12 09:47:07,0.04,0.8,570,0.03,0.6,1266,0.04,0.8,2,0.035,0.7,2096,0
IWM190913C160,2019-09-12,2019-09-12 09:47:08,0.04,0.8,570,0.03,0.6,1266,0.04,0.8,2,0.035,0.7,2096,0
IWM190913C160,2019-09-12,2019-09-12 09:47:09,0.04,0.8,570,0.03,0.6,1425,0.04,0.8,2,0.035,0.7,2096,0
IWM190913C160,2019-09-12,2019-09-12 09:47:10,0.04,0.8,570,0.03,0.6,1416,0.04,0.8,2,0.035,0.7,2096,0
IWM190913C160,2019-09-12,2019-09-12 09:47:10,0.04,0.8,570,0.03,0.6,1425,0.04,0.8,2,0.035,0.7,2096,0
IWM190913C160,2019-09-12,2019-09-12 09:47:11,0.04,0.8,332,0.03,0.6,1416,0.04,0.8,2,0.035,0.7,2096,0
IWM190913C160,2019-09-12,2019-09-12 09:47:11,0.04,0.8,307,0.03,0.6,1716,0.04,0.8,2,0.035,0.7,2096,0
IWM190913C160,2019-09-12,2019-09-12 09:47:12,0.04,0.8,307,0.03,0.6,1416,0.04,0.8,2,0.035,0.7,2096,0
IWM190913C160,2019-09-12,2019-09-12 09:47:13,0.04,0.8,307,0.03,0.6,1416,0.04,0.8,2,0.035,0.7,2096,0
IWM190913C160,2019-09-12,2019-09-12 09:47:14,0.04,0.8,307,0.03,0.6,1416,0.04,0.8,2,0.035,0.7,2096,0
IWM190913C160,2019-09-12,2019-09-12 09:47:15,0.04,0.8,307,0.03,0.6,1416,0.04,0.8,2,0.035,0.7,2096,0
IWM190913C160,2019-09-12,2019-09-12 09:47:16,0.04,0.8,307,0.03,0.6,1416,0.04,0.8,2,0.035,0.7,2096,0
IWM190913C160,2019-09-12,2019-09-12 09:47:16,0.04,0.8,307,0.03,0.6,537,0.03,0.6,1,0.035,0.7,2097,1
IWM190913C160,2019-09-12,2019-09-12 09:47:17,0.04,0.8,123,0.03,0.6,1321,0.03,0.6,1,0.035,0.7,2097,0
IWM190913C160,2019-09-12,2019-09-12 09:47:17,0.04,0.8,123,0.03,0.6,1621,0.03,0.6,1,0.035,0.7,2097,0
IWM190913C160,2019-09-12,2019-09-12 09:47:18,0.04,0.8,123,0.03,0.6,1321,0.03,0.6,1,0.035,0.7,2097,0
IWM190913C160,2019-09-12,2019-09-12 09:47:19,0.04,0.8,123,0.03,0.6,1391,0.03,0.6,1,0.035,0.7,2097,0
IWM190913C160,2019-09-12,2019-09-12 09:47:20,0.04,0.8,245,0.03,0.6,1538,0.03,0.6,1,0.035,0.7,2097,0
IWM190913C160,2019-09-12,2019-09-12 09:47:20,0.04,0.8,123,0.03,0.6,1391,0.03,0.6,1,0.035,0.7,2097,0
IWM190913C160,2019-09-12,2019-09-12 09:47:21,0.04,0.8,292,0.03,0.6,1538,0.03,0.6,1,0.035,0.7,2097,0
IWM190913C160,2019-09-12,2019-09-12 09:47:22,0.04,0.8,292,0.03,0.6,1538,0.03,0.6,1,0.035,0.7,2097,0
IWM190913C160,2019-09-12,2019-09-12 09:47:22,0.04,0.8,292,0.03,0.6,1048,0.03,0.6,1,0.035,0.7,2097,0
IWM190913C160,2019-09-12,2019-09-12 09:47:23,0.04,0.8,182,0.03,0.6,1171,0.03,0.6,1,0.035,0.7,2097,0
IWM190913C160,2019-09-12,2019-09-12 09:47:23,0.04,0.8,123,0.03,0.6,618,0.03,0.6,1,0.035,0.7,2097,0
IWM190913C160,2019-09-12,2019-09-12 09:47:24,0.04,0.8,182,0.03,0.6,1171,0.04,0.8,10,0.035,0.7,2107,0
IWM190913C160,2019-09-12,2019-09-12 09:47:24,0.04,0.8,182,0.03,0.6,1171,0.04,0.8,10,0.035,0.7,2107,10
IWM190913C160,2019-09-12,2019-09-12 09:47:25,0.04,0.8,1249,0.03,0.6,1278,0.04,0.8,10,0.035,0.7,2107,0
IWM190913C160,2019-09-12,2019-09-12 09:47:25,0.04,0.8,731,0.03,0.6,1278,0.04,0.8,10,0.035,0.7,2107,0
IWM190913C160,2019-09-12,2019-09-12 09:47:26,0.04,0.8,716,0.03,0.6,1278,0.04,0.8,10,0.035,0.7,2107,0
IWM190913C160,2019-09-12,2019-09-12 09:47:26,0.04,0.8,1249,0.03,0.6,1278,0.04,0.8,10,0.035,0.7,2107,0
IWM190913C160,2019-09-12,2019-09-12 09:47:27,0.04,0.8,1249,0.03,0.6,1278,0.04,0.8,10,0.035,0.7,2107,0
IWM190913C160,2019-09-12,2019-09-12 09:47:28,0.04,0.8,1581,0.03,0.6,1171,0.04,0.8,10,0.035,0.7,2107,0
IWM190913C160,2019-09-12,2019-09-12 09:47:29,0.04,0.8,1581,0.03,0.6,1171,0.04,0.8,10,0.035,0.7,2107,0
IWM190913C160,2019-09-12,2019-09-12 09:47:29,0.04,0.8,1695,0.03,0.6,1254,0.04,0.8,10,0.035,0.7,2107,0
IWM190913C160,2019-09-12,2019-09-12 09:47:30,0.04,0.8,1695,0.03,0.6,1254,0.04,0.8,10,0.035,0.7,2107,0
IWM190913C160,2019-09-12,2019-09-12 09:47:31,0.04,0.8,1695,0.03,0.6,1254,0.04,0.8,10,0.035,0.7,2107,0
IWM190913C160,2019-09-12,2019-09-12 09:47:32,0.04,0.8,1695,0.03,0.6,1254,0.04,0.8,10,0.035,0.7,2107,0
IWM190913C160,2019-09-12,2019-09-12 09:47:33,0.04,0.8,1581,0.03,0.6,1171,0.04,0.8,10,0.035,0.7,2107,0
IWM190913C160,2019-09-12,2019-09-12 09:47:33,0.04,0.8,1695,0.03,0.6,1254,0.04,0.8,10,0.035,0.7,2107,0
IWM190913C160,2019-09-12,2019-09-12 09:47:34,0.04,0.8,1581,0.03,0.6,1171,0.04,0.8,10,0.035,0.7,2107,0
IWM190913C160,2019-09-12,2019-09-12 09:47:34,0.04,0.8,1581,0.03,0.6,1129,0.04,0.8,10,0.035,0.7,2107,0
IWM190913C160,2019-09-12,2019-09-12 09:47:35,0.04,0.8,1581,0.03,0.6,1129,0.04,0.8,10,0.035,0.7,2107,0
IWM190913C160,2019-09-12,2019-09-12 09:47:36,0.04,0.8,350,0.03,0.6,511,0.04,0.8,10,0.035,0.7,2107,0
IWM190913C160,2019-09-12,2019-09-12 09:47:36,0.04,0.8,1693,0.03,0.6,1211,0.04,0.8,10,0.035,0.7,2107,0
IWM190913C160,2019-09-12,2019-09-12 09:47:37,0.04,0.8,613,0.03,0.6,889,0.04,0.8,10,0.035,0.7,2107,0
IWM190913C160,2019-09-12,2019-09-12 09:47:38,0.04,0.8,892,0.03,0.6,1026,0.04,0.8,10,0.035,0.7,2107,0
IWM190913C160,2019-09-12,2019-09-12 09:47:39,0.04,0.8,975,0.03,0.6,1026,0.04,0.8,10,0.035,0.7,2107,0
IWM190913C160,2019-09-12,2019-09-12 09:47:39,0.04,0.8,1434,0.03,0.6,1026,0.04,0.8,10,0.035,0.7,2107,0
IWM190913C160,2019-09-12,2019-09-12 09:47:40,0.04,0.8,1530,0.03,0.6,871,0.04,0.8,10,0.035,0.7,2107,0
IWM190913C160,2019-09-12,2019-09-12 09:47:40,0.04,0.8,912,0.03,0.6,1026,0.04,0.8,10,0.035,0.7,2107,0
IWM190913C160,2019-09-12,2019-09-12 09:47:41,0.04,0.8,1230,0.03,0.6,1071,0.04,0.8,10,0.035,0.7,2107,0
IWM190913C160,2019-09-12,2019-09-12 09:47:42,0.04,0.8,1230,0.03,0.6,1071,0.04,0.8,10,0.035,0.7,2107,0
IWM190913C160,2019-09-12,2019-09-12 09:47:43,0.04,0.8,880,0.03,0.6,721,0.04,0.8,10,0.035,0.7,2107,0
IWM190913C160,2019-09-12,2019-09-12 09:47:43,0.04,0.8,1230,0.03,0.6,1071,0.04,0.8,10,0.035,0.7,2107,0
IWM190913C160,2019-09-12,2019-09-12 09:47:44,0.04,0.8,589,0.03,0.6,50,0.04,0.8,10,0.035,0.7,2107,0
IWM190913C160,2019-09-12,2019-09-12 09:47:44,0.04,0.8,659,0.03,0.6,160,0.04,0.8,10,0.035,0.7,2107,0
IWM190913C160,2019-09-12,2019-09-12 09:47:45,0.04,0.8,1361,0.03,0.6,194,0.04,0.8,10,0.035,0.7,2107,0
IWM190913C160,2019-09-12,2019-09-12 09:47:45,0.04,0.8,951,0.03,0.6,194,0.04,0.8,10,0.035,0.7,2107,0
IWM190913C160,2019-09-12,2019-09-12 09:47:46,0.04,0.8,1205,0.03,0.6,492,0.04,0.8,10,0.035,0.7,2107,0
IWM190913C160,2019-09-12,2019-09-12 09:47:46,0.04,0.8,1135,0.03,0.6,194,0.04,0.8,10,0.035,0.7,2107,0
IWM190913C160,2019-09-12,2019-09-12 09:47:47,0.04,0.8,1135,0.03,0.6,90,0.04,0.8,10,0.035,0.7,2107,0
IWM190913C160,2019-09-12,2019-09-12 09:47:48,0.04,0.8,1205,0.03,0.6,311,0.04,0.8,10,0.035,0.7,2107,0
IWM190913C160,2019-09-12,2019-09-12 09:47:48,0.04,0.8,1329,0.03,0.6,647,0.04,0.8,10,0.035,0.7,2107,0
IWM190913C160,2019-09-12,2019-09-12 09:47:49,0.04,0.8,1329,0.03,0.6,843,0.04,0.8,10,0.035,0.7,2107,0
IWM190913C160,2019-09-12,2019-09-12 09:47:50,0.04,0.8,1135,0.03,0.6,843,0.04,0.8,10,0.035,0.7,2107,0
IWM190913C160,2019-09-12,2019-09-12 09:47:50,0.04,0.8,1329,0.03,0.6,843,0.04,0.8,10,0.035,0.7,2107,0
IWM190913C160,2019-09-12,2019-09-12 09:47:51,0.04,0.8,1135,0.03,0.6,863,0.04,0.8,10,0.035,0.7,2107,0
IWM190913C160,2019-09-12,2019-09-12 09:47:51,0.04,0.8,1135,0.03,0.6,716,0.04,0.8,10,0.035,0.7,2107,0
IWM190913C160,2019-09-12,2019-09-12 09:47:52,0.04,0.8,1268,0.03,0.6,736,0.04,0.8,10,0.035,0.7,2107,0
IWM190913C160,2019-09-12,2019-09-12 09:47:52,0.04,0.8,1135,0.03,0.6,716,0.04,0.8,10,0.035,0.7,2107,0
IWM190913C160,2019-09-12,2019-09-12 09:47:53,0.04,0.8,1268,0.03,0.6,800,0.04,0.8,10,0.035,0.7,2107,0
IWM190913C160,2019-09-12,2019-09-12 09:47:54,0.04,0.8,1268,0.03,0.6,848,0.04,0.8,10,0.035,0.7,2107,0
IWM190913C160,2019-09-12,2019-09-12 09:47:55,0.04,0.8,1268,0.03,0.6,828,0.04,0.8,10,0.035,0.7,2107,0
IWM190913C160,2019-09-12,2019-09-12 09:47:55,0.04,0.8,1135,0.03,0.6,689,0.04,0.8,10,0.035,0.7,2107,0
IWM190913C160,2019-09-12,2019-09-12 09:47:56,0.04,0.8,1205,0.03,0.6,689,0.04,0.8,10,0.035,0.7,2107,0
IWM190913C160,2019-09-12,2019-09-12 09:47:56,0.04,0.8,1135,0.03,0.6,689,0.04,0.8,10,0.035,0.7,2107,0
IWM190913C160,2019-09-12,2019-09-12 09:47:57,0.04,0.8,1205,0.03,0.6,602,0.04,0.8,10,0.035,0.7,2107,0
IWM190913C160,2019-09-12,2019-09-12 09:47:58,0.04,0.8,1344,0.03,0.6,602,0.04,0.8,10,0.035,0.7,2107,0
IWM190913C160,2019-09-12,2019-09-12 09:47:59,0.04,0.8,1344,0.03,0.6,602,0.04,0.8,10,0.035,0.7,2107,0
IWM190913C160,2019-09-12,2019-09-12 09:47:59,0.04,0.8,1274,0.03,0.6,664,0.04,0.8,10,0.035,0.7,2107,0
IWM190913C160,2019-09-12,2019-09-12 09:48:00,0.04,0.8,1274,0.03,0.6,824,0.04,0.8,10,0.035,0.7,2107,0
IWM190913C160,2019-09-12,2019-09-12 09:48:01,0.04,0.8,1274,0.03,0.6,916,0.04,0.8,10,0.035,0.7,2107,0
IWM190913C160,2019-09-12,2019-09-12 09:48:02,0.04,0.8,1274,0.03,0.6,995,0.04,0.8,10,0.035,0.7,2107,0
IWM190913C160,2019-09-12,2019-09-12 09:48:02,0.04,0.8,1274,0.03,0.6,916,0.04,0.8,10,0.035,0.7,2107,0
IWM190913C160,2019-09-12,2019-09-12 09:48:03,0.04,0.8,1274,0.03,0.6,975,0.04,0.8,10,0.035,0.7,2107,0
IWM190913C160,2019-09-12,2019-09-12 09:48:03,0.04,0.8,1135,0.03,0.6,995,0.04,0.8,10,0.035,0.7,2107,0
IWM190913C160,2019-09-12,2019-09-12 09:48:04,0.04,0.8,1135,0.03,0.6,58,0.04,0.8,10,0.035,0.7,2107,0
IWM190913C160,2019-09-12,2019-09-12 09:48:04,0.04,0.8,1135,0.03,0.6,995,0.04,0.8,10,0.035,0.7,2107,0
IWM190913C160,2019-09-12,2019-09-12 09:48:05,0.04,0.8,1229,0.03,0.6,1101,0.04,0.8,10,0.035,0.7,2107,0
IWM190913C160,2019-09-12,2019-09-12 09:48:05,0.04,0.8,1229,0.03,0.6,525,0.04,0.8,10,0.035,0.7,2107,0
IWM190913C160,2019-09-12,2019-09-12 09:48:06,0.04,0.8,1357,0.03,0.6,1188,0.04,0.8,10,0.035,0.7,2107,0
IWM190913C160,2019-09-12,2019-09-12 09:48:07,0.04,0.8,1325,0.03,0.6,1188,0.04,0.8,10,0.035,0.7,2107,0
IWM190913C160,2019-09-12,2019-09-12 09:48:08,0.04,0.8,1325,0.03,0.6,1188,0.04,0.8,10,0.035,0.7,2107,0
IWM190913C160,2019-09-12,2019-09-12 09:48:09,0.04,0.8,1325,0.03,0.6,1188,0.04,0.8,10,0.035,0.7,2107,0
IWM190913C160,2019-09-12,2019-09-12 09:48:10,0.04,0.8,958,0.03,0.6,463,0.04,0.8,10,0.035,0.7,2107,0
IWM190913C160,2019-09-12,2019-09-12 09:48:10,0.04,0.8,1325,0.03,0.6,926,0.04,0.8,10,0.035,0.7,2107,0
IWM190913C160,2019-09-12,2019-09-12 09:48:11,0.04,0.8,1318,0.03,0.6,1039,0.04,0.8,10,0.035,0.7,2107,0
IWM190913C160,2019-09-12,2019-09-12 09:48:11,0.04,0.8,1251,0.03,0.6,588,0.04,0.8,10,0.035,0.7,2107,0
IWM190913C160,2019-09-12,2019-09-12 09:48:12,0.04,0.8,1298,0.03,0.6,1039,0.04,0.8,10,0.035,0.7,2107,0
IWM190913C160,2019-09-12,2019-09-12 09:48:12,0.04,0.8,1318,0.03,0.6,1039,0.04,0.8,10,0.035,0.7,2107,0
IWM190913C160,2019-09-12,2019-09-12 09:48:13,0.04,0.8,585,0.03,0.6,1057,0.04,0.8,10,0.035,0.7,2107,0
IWM190913C160,2019-09-12,2019-09-12 09:48:13,0.04,0.8,397,0.03,0.6,871,0.04,0.8,10,0.035,0.7,2107,0
IWM190913C160,2019-09-12,2019-09-12 09:48:14,0.04,0.8,585,0.03,0.6,1057,0.04,0.8,10,0.035,0.7,2107,0
IWM190913C160,2019-09-12,2019-09-12 09:48:15,0.04,0.8,585,0.03,0.6,1012,0.04,0.8,10,0.035,0.7,2107,0
IWM190913C160,2019-09-12,2019-09-12 09:48:16,0.04,0.8,287,0.03,0.6,1285,0.04,0.8,10,0.035,0.7,2107,0
IWM190913C160,2019-09-12,2019-09-12 09:48:16,0.04,0.8,287,0.03,0.6,1220,0.04,0.8,10,0.035,0.7,2107,0
IWM190913C160,2019-09-12,2019-09-12 09:48:17,0.04,0.8,184,0.03,0.6,1066,0.04,0.8,10,0.035,0.7,2107,0
IWM190913C160,2019-09-12,2019-09-12 09:48:17,0.04,0.8,184,0.03,0.6,1156,0.04,0.8,10,0.035,0.7,2107,0
IWM190913C160,2019-09-12,2019-09-12 09:48:18,0.04,0.8,184,0.03,0.6,1156,0.04,0.8,10,0.035,0.7,2107,0
IWM190913C160,2019-09-12,2019-09-12 09:48:19,0.04,0.8,184,0.03,0.6,1086,0.04,0.8,10,0.035,0.7,2107,0
IWM190913C160,2019-09-12,2019-09-12 09:48:19,0.04,0.8,184,0.03,0.6,1162,0.04,0.8,10,0.035,0.7,2107,0
IWM190913C160,2019-09-12,2019-09-12 09:48:20,0.04,0.8,280,0.03,0.6,1162,0.04,0.8,10,0.035,0.7,2107,0
IWM190913C160,2019-09-12,2019-09-12 09:48:20,0.04,0.8,280,0.03,0.6,1092,0.04,0.8,10,0.035,0.7,2107,0
IWM190913C160,2019-09-12,2019-09-12 09:48:21,0.04,0.8,280,0.03,0.6,1009,0.04,0.8,10,0.035,0.7,2107,0
IWM190913C160,2019-09-12,2019-09-12 09:48:22,0.04,0.8,280,0.03,0.6,1009,0.04,0.8,10,0.035,0.7,2107,0
IWM190913C160,2019-09-12,2019-09-12 09:48:22,0.04,0.8,1284,0.03,0.6,1009,0.04,0.8,10,0.035,0.7,2107,0
IWM190913C160,2019-09-12,2019-09-12 09:48:23,0.04,0.8,1304,0.03,0.6,1009,0.04,0.8,10,0.035,0.7,2107,0
IWM190913C160,2019-09-12,2019-09-12 09:48:23,0.04,0.8,1430,0.03,0.6,1005,0.04,0.8,10,0.035,0.7,2107,0
IWM190913C160,2019-09-12,2019-09-12 09:48:24,0.04,0.8,1004,0.03,0.6,476,0.04,0.8,10,0.035,0.7,2107,0
IWM190913C160,2019-09-12,2019-09-12 09:48:24,0.04,0.8,1430,0.03,0.6,1005,0.04,0.8,10,0.035,0.7,2107,0
IWM190913C160,2019-09-12,2019-09-12 09:48:25,0.04,0.8,1284,0.03,0.6,952,0.04,0.8,10,0.035,0.7,2107,0
IWM190913C160,2019-09-12,2019-09-12 09:48:25,0.04,0.8,1304,0.03,0.6,689,0.04,0.8,10,0.035,0.7,2107,0
IWM190913C160,2019-09-12,2019-09-12 09:48:26,0.04,0.8,1284,0.03,0.6,952,0.04,0.8,10,0.035,0.7,2107,0
IWM190913C160,2019-09-12,2019-09-12 09:48:27,0.04,0.8,1276,0.03,0.6,1029,0.04,0.8,10,0.035,0.7,2107,0
IWM190913C160,2019-09-12,2019-09-12 09:48:27,0.04,0.8,1227,0.03,0.6,1129,0.04,0.8,10,0.035,0.7,2107,0
IWM190913C160,2019-09-12,2019-09-12 09:48:28,0.04,0.8,1227,0.03,0.6,1129,0.04,0.8,10,0.035,0.7,2107,0
IWM190913C160,2019-09-12,2019-09-12 09:48:29,0.04,0.8,817,0.03,0.6,618,0.04,0.8,10,0.035,0.7,2107,0
IWM190913C160,2019-09-12,2019-09-12 09:48:29,0.04,0.8,654,0.03,0.6,255,0.04,0.8,10,0.035,0.7,2107,0
IWM190913C160,2019-09-12,2019-09-12 09:48:30,0.04,0.8,888,0.03,0.6,1140,0.04,0.8,10,0.035,0.7,2107,0
IWM190913C160,2019-09-12,2019-09-12 09:48:30,0.04,0.8,888,0.03,0.6,1210,0.04,0.8,10,0.035,0.7,2107,0
IWM190913C160,2019-09-12,2019-09-12 09:48:31,0.04,0.8,1058,0.03,0.6,1154,0.04,0.8,10,0.035,0.7,2107,0
IWM190913C160,2019-09-12,2019-09-12 09:48:31,0.04,0.8,888,0.03,0.6,1210,0.04,0.8,10,0.035,0.7,2107,0
IWM190913C160,2019-09-12,2019-09-12 09:48:32,0.04,0.8,1058,0.03,0.6,1154,0.04,0.8,10,0.035,0.7,2107,0
IWM190913C160,2019-09-12,2019-09-12 09:48:33,0.04,0.8,1408,0.03,0.6,1028,0.04,0.8,10,0.035,0.7,2107,0
IWM190913C160,2019-09-12,2019-09-12 09:48:33,0.04,0.8,1388,0.03,0.6,1078,0.04,0.8,10,0.035,0.7,2107,0
IWM190913C160,2019-09-12,2019-09-12 09:48:34,0.04,0.8,1408,0.03,0.6,1028,0.03,0.6,1,0.035,0.7,2108,1
IWM190913C160,2019-09-12,2019-09-12 09:48:34,0.04,0.8,1408,0.03,0.6,1135,0.03,0.6,1,0.035,0.7,2108,0
IWM190913C160,2019-09-12,2019-09-12 09:48:35,0.04,0.8,1290,0.03,0.6,971,0.03,0.6,1,0.035,0.7,2108,0
IWM190913C160,2019-09-12,2019-09-12 09:48:35,0.04,0.8,1408,0.03,0.6,1011,0.03,0.6,1,0.035,0.7,2108,0
IWM190913C160,2019-09-12,2019-09-12 09:48:36,0.04,0.8,1004,0.03,0.6,883,0.03,0.6,1,0.035,0.7,2108,0
IWM190913C160,2019-09-12,2019-09-12 09:48:37,0.04,0.8,1439,0.03,0.6,1013,0.03,0.6,1,0.035,0.7,2108,0
IWM190913C160,2019-09-12,2019-09-12 09:48:37,0.04,0.8,1439,0.03,0.6,883,0.03,0.6,1,0.035,0.7,2108,0
IWM190913C160,2019-09-12,2019-09-12 09:48:38,0.04,0.8,1439,0.03,0.6,883,0.03,0.6,1,0.035,0.7,2108,0
IWM190913C160,2019-09-12,2019-09-12 09:48:39,0.04,0.8,1420,0.03,0.6,947,0.03,0.6,1,0.035,0.7,2108,0
IWM190913C160,2019-09-12,2019-09-12 09:48:40,0.04,0.8,1420,0.03,0.6,947,0.03,0.6,1,0.035,0.7,2108,0
IWM190913C160,2019-09-12,2019-09-12 09:48:40,0.04,0.8,1420,0.03,0.6,813,0.03,0.6,1,0.035,0.7,2108,0
IWM190913C160,2019-09-12,2019-09-12 09:48:41,0.04,0.8,1900,0.03,0.6,883,0.03,0.6,1,0.035,0.7,2108,0
IWM190913C160,2019-09-12,2019-09-12 09:48:42,0.04,0.8,1600,0.03,0.6,883,0.03,0.6,1,0.035,0.7,2108,0
IWM190913C160,2019-09-12,2019-09-12 09:48:43,0.04,0.8,1600,0.03,0.6,883,0.03,0.6,1,0.035,0.7,2108,0
IWM190913C160,2019-09-12,2019-09-12 09:48:44,0.04,0.8,1484,0.03,0.6,813,0.03,0.6,1,0.035,0.7,2108,0
IWM190913C160,2019-09-12,2019-09-12 09:48:45,0.04,0.8,1484,0.03,0.6,813,0.03,0.6,1,0.035,0.7,2108,0
IWM190913C160,2019-09-12,2019-09-12 09:48:45,0.04,0.8,1004,0.03,0.6,813,0.03,0.6,1,0.035,0.7,2108,0
IWM190913C160,2019-09-12,2019-09-12 09:48:46,0.04,0.8,1004,0.03,0.6,883,0.03,0.6,1,0.035,0.7,2108,0
IWM190913C160,2019-09-12,2019-09-12 09:48:46,0.04,0.8,1427,0.03,0.6,1148,0.03,0.6,1,0.035,0.7,2108,0
IWM190913C160,2019-09-12,2019-09-12 09:48:47,0.04,0.8,1427,0.03,0.6,1148,0.03,0.6,1,0.035,0.7,2108,0
IWM190913C160,2019-09-12,2019-09-12 09:48:48,0.04,0.8,1366,0.03,0.6,1142,0.03,0.6,1,0.035,0.7,2108,0
IWM190913C160,2019-09-12,2019-09-12 09:48:49,0.04,0.8,1304,0.03,0.6,1194,0.03,0.6,1,0.035,0.7,2108,0
IWM190913C160,2019-09-12,2019-09-12 09:48:49,0.04,0.8,1346,0.03,0.6,1142,0.03,0.6,1,0.035,0.7,2108,0
IWM190913C160,2019-09-12,2019-09-12 09:48:50,0.04,0.8,1304,0.03,0.6,1194,0.03,0.6,1,0.035,0.7,2108,0
IWM190913C160,2019-09-12,2019-09-12 09:48:51,0.04,0.8,1304,0.03,0.6,1194,0.03,0.6,1,0.035,0.7,2108,0
IWM190913C160,2019-09-12,2019-09-12 09:48:52,0.04,0.8,1304,0.03,0.6,1194,0.03,0.6,1,0.035,0.7,2108,0
IWM190913C160,2019-09-12,2019-09-12 09:48:52,0.04,0.8,777,0.03,0.6,1096,0.03,0.6,1,0.035,0.7,2108,0
IWM190913C160,2019-09-12,2019-09-12 09:48:53,0.04,0.8,777,0.03,0.6,1096,0.03,0.6,1,0.035,0.7,2108,0
IWM190913C160,2019-09-12,2019-09-12 09:48:54,0.04,0.8,942,0.03,0.6,1304,0.03,0.6,1,0.035,0.7,2108,0
IWM190913C160,2019-09-12,2019-09-12 09:48:55,0.04,0.8,942,0.03,0.6,1304,0.03,0.6,1,0.035,0.7,2108,0
IWM190913C160,2019-09-12,2019-09-12 09:48:56,0.04,0.8,942,0.03,0.6,1304,0.03,0.6,1,0.035,0.7,2108,0
IWM190913C160,2019-09-12,2019-09-12 09:48:57,0.04,0.8,942,0.03,0.6,1304,0.03,0.6,1,0.035,0.7,2108,0
IWM190913C160,2019-09-12,2019-09-12 09:48:58,0.04,0.8,942,0.03,0.6,1304,0.03,0.6,1,0.035,0.7,2108,0
IWM190913C160,2019-09-12,2019-09-12 09:48:59,0.04,0.8,942,0.03,0.6,1258,0.03,0.6,1,0.035,0.7,2108,0
IWM190913C160,2019-09-12,2019-09-12 09:49:00,0.04,0.8,1067,0.03,0.6,1175,0.03,0.6,1,0.035,0.7,2108,0
IWM190913C160,2019-09-12,2019-09-12 09:49:00,0.04,0.8,1067,0.03,0.6,1034,0.03,0.6,1,0.035,0.7,2108,0
IWM190913C160,2019-09-12,2019-09-12 09:49:01,0.04,0.8,1493,0.03,0.6,1039,0.03,0.6,1,0.035,0.7,2108,0
IWM190913C160,2019-09-12,2019-09-12 09:49:01,0.04,0.8,1067,0.03,0.6,969,0.03,0.6,1,0.035,0.7,2108,0
IWM190913C160,2019-09-12,2019-09-12 09:49:02,0.04,0.8,1493,0.03,0.6,1039,0.03,0.6,1,0.035,0.7,2108,0
IWM190913C160,2019-09-12,2019-09-12 09:49:03,0.04,0.8,1493,0.03,0.6,1039,0.03,0.6,1,0.035,0.7,2108,0
IWM190913C160,2019-09-12,2019-09-12 09:49:04,0.04,0.8,1493,0.03,0.6,1039,0.03,0.6,1,0.035,0.7,2108,0
IWM190913C160,2019-09-12,2019-09-12 09:49:05,0.04,0.8,1307,0.03,0.6,576,0.03,0.6,1,0.035,0.7,2108,0
IWM190913C160,2019-09-12,2019-09-12 09:49:05,0.04,0.8,1493,0.03,0.6,1039,0.03,0.6,1,0.035,0.7,2108,0
IWM190913C160,2019-09-12,2019-09-12 09:49:06,0.04,0.8,1067,0.03,0.6,1039,0.03,0.6,1,0.035,0.7,2108,0
IWM190913C160,2019-09-12,2019-09-12 09:49:07,0.04,0.8,654,0.03,0.6,700,0.03,0.6,1,0.035,0.7,2108,0
IWM190913C160,2019-09-12,2019-09-12 09:49:07,0.04,0.8,945,0.03,0.6,528,0.03,0.6,1,0.035,0.7,2108,0
IWM190913C160,2019-09-12,2019-09-12 09:49:08,0.04,0.8,945,0.03,0.6,1044,0.03,0.6,1,0.035,0.7,2108,0
IWM190913C160,2019-09-12,2019-09-12 09:49:08,0.04,0.8,945,0.03,0.6,584,0.03,0.6,1,0.035,0.7,2108,0
IWM190913C160,2019-09-12,2019-09-12 09:49:09,0.04,0.8,945,0.03,0.6,1044,0.03,0.6,1,0.035,0.7,2108,0
IWM190913C160,2019-09-12,2019-09-12 09:49:10,0.04,0.8,945,0.03,0.6,999,0.03,0.6,1,0.035,0.7,2108,0
IWM190913C160,2019-09-12,2019-09-12 09:49:10,0.04,0.8,829,0.03,0.6,998,0.03,0.6,1,0.035,0.7,2108,0
IWM190913C160,2019-09-12,2019-09-12 09:49:11,0.04,0.8,945,0.03,0.6,998,0.03,0.6,1,0.035,0.7,2108,0
IWM190913C160,2019-09-12,2019-09-12 09:49:12,0.04,0.8,945,0.03,0.6,998,0.03,0.6,1,0.035,0.7,2108,0
IWM190913C160,2019-09-12,2019-09-12 09:49:13,0.04,0.8,945,0.03,0.6,998,0.03,0.6,1,0.035,0.7,2108,0
IWM190913C160,2019-09-12,2019-09-12 09:49:13,0.04,0.8,654,0.03,0.6,1081,0.03,0.6,1,0.035,0.7,2108,0
IWM190913C160,2019-09-12,2019-09-12 09:49:14,0.04,0.8,875,0.03,0.6,1081,0.03,0.6,1,0.035,0.7,2108,0
IWM190913C160,2019-09-12,2019-09-12 09:49:14,0.04,0.8,654,0.03,0.6,1081,0.03,0.6,1,0.035,0.7,2108,0
IWM190913C160,2019-09-12,2019-09-12 09:49:15,0.04,0.8,100,0.03,0.6,606,0.03,0.6,1,0.035,0.7,2108,0
IWM190913C160,2019-09-12,2019-09-12 09:49:15,0.04,0.8,646,0.03,0.6,1356,0.03,0.6,1,0.035,0.7,2108,0
IWM190913C160,2019-09-12,2019-09-12 09:49:16,0.04,0.8,832,0.03,0.6,1356,0.03,0.6,1,0.035,0.7,2108,0
IWM190913C160,2019-09-12,2019-09-12 09:49:16,0.04,0.8,795,0.03,0.6,1194,0.03,0.6,1,0.035,0.7,2108,0
IWM190913C160,2019-09-12,2019-09-12 09:49:17,0.04,0.8,564,0.03,0.6,1214,0.03,0.6,1,0.035,0.7,2108,0
IWM190913C160,2019-09-12,2019-09-12 09:49:17,0.04,0.8,564,0.03,0.6,1194,0.03,0.6,1,0.035,0.7,2108,0
IWM190913C160,2019-09-12,2019-09-12 09:49:18,0.04,0.8,524,0.03,0.6,1284,0.03,0.6,1,0.035,0.7,2108,0
IWM190913C160,2019-09-12,2019-09-12 09:49:18,0.04,0.8,468,0.03,0.6,1284,0.03,0.6,1,0.035,0.7,2108,0
IWM190913C160,2019-09-12,2019-09-12 09:49:19,0.04,0.8,468,0.03,0.6,1284,0.03,0.6,1,0.035,0.7,2108,0
IWM190913C160,2019-09-12,2019-09-12 09:49:19,0.04,0.8,654,0.03,0.6,1284,0.03,0.6,1,0.035,0.7,2108,0
IWM190913C160,2019-09-12,2019-09-12 09:49:20,0.04,0.8,654,0.03,0.6,1093,0.03,0.6,1,0.035,0.7,2108,0
IWM190913C160,2019-09-12,2019-09-12 09:49:20,0.04,0.8,654,0.03,0.6,953,0.03,0.6,1,0.035,0.7,2108,0
IWM190913C160,2019-09-12,2019-09-12 09:49:21,0.04,0.8,664,0.03,0.6,1253,0.03,0.6,1,0.035,0.7,2108,0
IWM190913C160,2019-09-12,2019-09-12 09:49:21,0.04,0.8,478,0.03,0.6,1253,0.03,0.6,1,0.035,0.7,2108,0
IWM190913C160,2019-09-12,2019-09-12 09:49:22,0.04,0.8,664,0.03,0.6,1253,0.03,0.6,1,0.035,0.7,2108,0
IWM190913C160,2019-09-12,2019-09-12 09:49:22,0.04,0.8,728,0.03,0.6,1253,0.03,0.6,1,0.035,0.7,2108,0
IWM190913C160,2019-09-12,2019-09-12 09:49:23,0.04,0.8,1001,0.03,0.6,1155,0.03,0.6,1,0.035,0.7,2108,0
IWM190913C160,2019-09-12,2019-09-12 09:49:23,0.04,0.8,728,0.03,0.6,1253,0.03,0.6,1,0.035,0.7,2108,0
IWM190913C160,2019-09-12,2019-09-12 09:49:24,0.04,0.8,1001,0.03,0.6,1155,0.03,0.6,1,0.035,0.7,2108,0
IWM190913C160,2019-09-12,2019-09-12 09:49:24,0.04,0.8,888,0.03,0.6,1085,0.03,0.6,1,0.035,0.7,2108,0
IWM190913C160,2019-09-12,2019-09-12 09:49:25,0.04,0.8,964,0.03,0.6,1001,0.03,0.6,1,0.035,0.7,2108,0
IWM190913C160,2019-09-12,2019-09-12 09:49:25,0.04,0.8,1294,0.03,0.6,954,0.03,0.6,1,0.035,0.7,2108,0
IWM190913C160,2019-09-12,2019-09-12 09:49:26,0.04,0.8,1314,0.03,0.6,883,0.03,0.6,1,0.035,0.7,2108,0
IWM190913C160,2019-09-12,2019-09-12 09:49:27,0.04,0.8,1421,0.03,0.6,951,0.03,0.6,1,0.035,0.7,2108,0
IWM190913C160,2019-09-12,2019-09-12 09:49:27,0.04,0.8,1314,0.03,0.6,951,0.03,0.6,1,0.035,0.7,2108,0
IWM190913C160,2019-09-12,2019-09-12 09:49:28,0.04,0.8,1421,0.03,0.6,951,0.03,0.6,1,0.035,0.7,2108,0
IWM190913C160,2019-09-12,2019-09-12 09:49:28,0.04,0.8,1121,0.03,0.6,951,0.03,0.6,1,0.035,0.7,2108,0
IWM190913C160,2019-09-12,2019-09-12 09:49:29,0.04,0.8,1121,0.03,0.6,951,0.03,0.6,1,0.035,0.7,2108,0
IWM190913C160,2019-09-12,2019-09-12 09:49:30,0.04,0.8,1121,0.03,0.6,883,0.03,0.6,1,0.035,0.7,2108,0
IWM190913C160,2019-09-12,2019-09-12 09:49:31,0.04,0.8,1121,0.03,0.6,883,0.03,0.6,1,0.035,0.7,2108,0
IWM190913C160,2019-09-12,2019-09-12 09:49:32,0.04,0.8,1121,0.03,0.6,1026,0.03,0.6,1,0.035,0.7,2108,0
IWM190913C160,2019-09-12,2019-09-12 09:49:33,0.04,0.8,1122,0.03,0.6,1026,0.03,0.6,1,0.035,0.7,2108,0
IWM190913C160,2019-09-12,2019-09-12 09:49:34,0.04,0.8,1015,0.03,0.6,883,0.03,0.6,1,0.035,0.7,2108,0
IWM190913C160,2019-09-12,2019-09-12 09:49:35,0.04,0.8,1015,0.03,0.6,883,0.03,0.6,1,0.035,0.7,2108,0
IWM190913C160,2019-09-12,2019-09-12 09:49:36,0.04,0.8,1015,0.03,0.6,883,0.03,0.6,1,0.035,0.7,2108,0
IWM190913C160,2019-09-12,2019-09-12 09:49:36,0.04,0.8,1132,0.03,0.6,1026,0.03,0.6,1,0.035,0.7,2108,0
IWM190913C160,2019-09-12,2019-09-12 09:49:37,0.04,0.8,1132,0.03,0.6,1026,0.03,0.6,1,0.035,0.7,2108,0
IWM190913C160,2019-09-12,2019-09-12 09:49:38,0.04,0.8,1112,0.03,0.6,1026,0.03,0.6,1,0.035,0.7,2108,0
IWM190913C160,2019-09-12,2019-09-12 09:49:38,0.04,0.8,1132,0.03,0.6,1026,0.03,0.6,1,0.035,0.7,2108,0
IWM190913C160,2019-09-12,2019-09-12 09:49:39,0.04,0.8,925,0.03,0.6,563,0.03,0.6,1,0.035,0.7,2108,0
IWM190913C160,2019-09-12,2019-09-12 09:49:39,0.04,0.8,1112,0.03,0.6,1026,0.03,0.6,1,0.035,0.7,2108,0
IWM190913C160,2019-09-12,2019-09-12 09:49:40,0.04,0.8,925,0.03,0.6,1251,0.03,0.6,1,0.035,0.7,2108,0
IWM190913C160,2019-09-12,2019-09-12 09:49:41,0.04,0.8,995,0.03,0.6,919,0.03,0.6,1,0.035,0.7,2108,0
IWM190913C160,2019-09-12,2019-09-12 09:49:42,0.04,0.8,995,0.03,0.6,670,0.03,0.6,1,0.035,0.7,2108,0
IWM190913C160,2019-09-12,2019-09-12 09:49:42,0.04,0.8,1295,0.03,0.6,883,0.03,0.6,1,0.035,0.7,2108,0
IWM190913C160,2019-09-12,2019-09-12 09:49:43,0.04,0.8,1398,0.03,0.6,976,0.03,0.6,1,0.035,0.7,2108,0
IWM190913C160,2019-09-12,2019-09-12 09:49:43,0.04,0.8,1211,0.03,0.6,513,0.03,0.6,1,0.035,0.7,2108,0
IWM190913C160,2019-09-12,2019-09-12 09:49:44,0.04,0.8,1398,0.03,0.6,976,0.03,0.6,1,0.035,0.7,2108,0
IWM190913C160,2019-09-12,2019-09-12 09:49:45,0.04,0.8,1398,0.03,0.6,1104,0.03,0.6,1,0.035,0.7,2108,0
IWM190913C160,2019-09-12,2019-09-12 09:49:45,0.04,0.8,965,0.03,0.6,1011,0.03,0.6,1,0.035,0.7,2108,0
IWM190913C160,2019-09-12,2019-09-12 09:49:46,0.04,0.8,665,0.03,0.6,1081,0.03,0.6,1,0.035,0.7,2108,0
IWM190913C160,2019-09-12,2019-09-12 09:49:46,0.04,0.8,665,0.03,0.6,350,0.03,0.6,1,0.035,0.7,2108,0
IWM190913C160,2019-09-12,2019-09-12 09:49:47,0.04,0.8,665,0.03,0.6,420,0.03,0.6,1,0.035,0.7,2108,0
IWM190913C160,2019-09-12,2019-09-12 09:49:47,0.04,0.8,1013,0.03,0.6,630,0.03,0.6,1,0.035,0.7,2108,0
IWM190913C160,2019-09-12,2019-09-12 09:49:48,0.04,0.8,1313,0.03,0.6,630,0.03,0.6,1,0.035,0.7,2108,0
IWM190913C160,2019-09-12,2019-09-12 09:49:48,0.04,0.8,1440,0.03,0.6,886,0.03,0.6,1,0.035,0.7,2108,0
IWM190913C160,2019-09-12,2019-09-12 09:49:49,0.04,0.8,1140,0.03,0.6,886,0.03,0.6,1,0.035,0.7,2108,0
IWM190913C160,2019-09-12,2019-09-12 09:49:49,0.04,0.8,1140,0.03,0.6,816,0.03,0.6,1,0.035,0.7,2108,0
IWM190913C160,2019-09-12,2019-09-12 09:49:50,0.04,0.8,1210,0.03,0.6,816,0.03,0.6,1,0.035,0.7,2108,0
IWM190913C160,2019-09-12,2019-09-12 09:49:51,0.04,0.8,1440,0.03,0.6,816,0.03,0.6,1,0.035,0.7,2108,0
IWM190913C160,2019-09-12,2019-09-12 09:49:52,0.04,0.8,1510,0.03,0.6,816,0.03,0.6,1,0.035,0.7,2108,0
IWM190913C160,2019-09-12,2019-09-12 09:49:52,0.04,0.8,1510,0.03,0.6,555,0.03,0.6,1,0.035,0.7,2108,0
IWM190913C160,2019-09-12,2019-09-12 09:49:53,0.04,0.8,1510,0.03,0.6,555,0.03,0.6,1,0.035,0.7,2108,0
IWM190913C160,2019-09-12,2019-09-12 09:49:54,0.04,0.8,1510,0.03,0.6,555,0.03,0.6,1,0.035,0.7,2108,0
IWM190913C160,2019-09-12,2019-09-12 09:49:55,0.04,0.8,1510,0.03,0.6,555,0.03,0.6,1,0.035,0.7,2108,0
IWM190913C160,2019-09-12,2019-09-12 09:49:55,0.04,0.8,1249,0.03,0.6,555,0.03,0.6,1,0.035,0.7,2108,0
IWM190913C160,2019-09-12,2019-09-12 09:49:56,0.04,0.8,1422,0.03,0.6,368,0.03,0.6,1,0.035,0.7,2108,0
IWM190913C160,2019-09-12,2019-09-12 09:49:56,0.04,0.8,1422,0.03,0.6,555,0.03,0.6,1,0.035,0.7,2108,0
IWM190913C160,2019-09-12,2019-09-12 09:49:57,0.04,0.8,1422,0.03,0.6,368,0.03,0.6,1,0.035,0.7,2108,0
IWM190913C160,2019-09-12,2019-09-12 09:49:58,0.04,0.8,1514,0.03,0.6,819,0.03,0.6,1,0.035,0.7,2108,0
IWM190913C160,2019-09-12,2019-09-12 09:49:58,0.04,0.8,1422,0.03,0.6,612,0.03,0.6,1,0.035,0.7,2108,0
IWM190913C160,2019-09-12,2019-09-12 09:49:59,0.04,0.8,1444,0.03,0.6,819,0.03,0.6,1,0.035,0.7,2108,0
IWM190913C160,2019-09-12,2019-09-12 09:50:00,0.04,0.8,1444,0.03,0.6,904,0.03,0.6,1,0.035,0.7,2108,0
IWM190913C160,2019-09-12,2019-09-12 09:50:00,0.04,0.8,1514,0.03,0.6,904,0.03,0.6,1,0.035,0.7,2108,0
IWM190913C160,2019-09-12,2019-09-12 09:50:01,0.04,0.8,1514,0.03,0.6,819,0.03,0.6,1,0.035,0.7,2108,0
IWM190913C160,2019-09-12,2019-09-12 09:50:01,0.04,0.8,1514,0.03,0.6,904,0.03,0.6,1,0.035,0.7,2108,0
IWM190913C160,2019-09-12,2019-09-12 09:50:02,0.04,0.8,1514,0.03,0.6,413,0.03,0.6,1,0.035,0.7,2108,0
IWM190913C160,2019-09-12,2019-09-12 09:50:02,0.04,0.8,1514,0.03,0.6,819,0.03,0.6,1,0.035,0.7,2108,0
IWM190913C160,2019-09-12,2019-09-12 09:50:03,0.04,0.8,1514,0.03,0.6,587,0.03,0.6,1,0.035,0.7,2108,0
IWM190913C160,2019-09-12,2019-09-12 09:50:04,0.04,0.8,1514,0.03,0.6,672,0.03,0.6,1,0.035,0.7,2108,0
IWM190913C160,2019-09-12,2019-09-12 09:50:04,0.04,0.8,1444,0.03,0.6,601,0.03,0.6,1,0.035,0.7,2108,0
IWM190913C160,2019-09-12,2019-09-12 09:50:05,0.04,0.8,1444,0.03,0.6,963,0.03,0.6,1,0.035,0.7,2108,0
IWM190913C160,2019-09-12,2019-09-12 09:50:06,0.04,0.8,1514,0.03,0.6,963,0.03,0.6,1,0.035,0.7,2108,0
IWM190913C160,2019-09-12,2019-09-12 09:50:07,0.04,0.8,1514,0.03,0.6,819,0.03,0.6,1,0.035,0.7,2108,0
IWM190913C160,2019-09-12,2019-09-12 09:50:08,0.04,0.8,1514,0.03,0.6,819,0.03,0.6,1,0.035,0.7,2108,0
IWM190913C160,2019-09-12,2019-09-12 09:50:09,0.04,0.8,1514,0.03,0.6,819,0.03,0.6,1,0.035,0.7,2108,0
IWM190913C160,2019-09-12,2019-09-12 09:50:10,0.04,0.8,1514,0.03,0.6,819,0.03,0.6,1,0.035,0.7,2108,0
IWM190913C160,2019-09-12,2019-09-12 09:50:11,0.04,0.8,1514,0.03,0.6,819,0.03,0.6,1,0.035,0.7,2108,0
IWM190913C160,2019-09-12,2019-09-12 09:50:11,0.04,0.8,1514,0.03,0.6,853,0.03,0.6,1,0.035,0.7,2108,0
IWM190913C160,2019-09-12,2019-09-12 09:50:12,0.04,0.8,1514,0.03,0.6,853,0.03,0.6,1,0.035,0.7,2108,0
IWM190913C160,2019-09-12,2019-09-12 09:50:13,0.04,0.8,1514,0.03,0.6,853,0.03,0.6,1,0.035,0.7,2108,0
IWM190913C160,2019-09-12,2019-09-12 09:50:14,0.04,0.8,1514,0.03,0.6,958,0.03,0.6,1,0.035,0.7,2108,0
IWM190913C160,2019-09-12,2019-09-12 09:50:14,0.04,0.8,1514,0.03,0.6,960,0.03,0.6,1,0.035,0.7,2108,0
IWM190913C160,2019-09-12,2019-09-12 09:50:15,0.04,0.8,1514,0.03,0.6,819,0.03,0.6,1,0.035,0.7,2108,0
IWM190913C160,2019-09-12,2019-09-12 09:50:16,0.04,0.8,1994,0.03,0.6,819,0.03,0.6,1,0.035,0.7,2108,0
IWM190913C160,2019-09-12,2019-09-12 09:50:16,0.04,0.8,1694,0.03,0.6,819,0.03,0.6,1,0.035,0.7,2108,0
IWM190913C160,2019-09-12,2019-09-12 09:50:17,0.04,0.8,1694,0.03,0.6,819,0.03,0.6,1,0.035,0.7,2108,0
IWM190913C160,2019-09-12,2019-09-12 09:50:18,0.04,0.8,1694,0.03,0.6,819,0.03,0.6,1,0.035,0.7,2108,0
IWM190913C160,2019-09-12,2019-09-12 09:50:19,0.04,0.8,1214,0.03,0.6,819,0.03,0.6,1,0.035,0.7,2108,0
IWM190913C160,2019-09-12,2019-09-12 09:50:19,0.04,0.8,1514,0.03,0.6,819,0.03,0.6,1,0.035,0.7,2108,0
IWM190913C160,2019-09-12,2019-09-12 09:50:20,0.04,0.8,1214,0.03,0.6,567,0.03,0.6,1,0.035,0.7,2108,0
IWM190913C160,2019-09-12,2019-09-12 09:50:21,0.04,0.8,1214,0.03,0.6,567,0.03,0.6,1,0.035,0.7,2108,0
IWM190913C160,2019-09-12,2019-09-12 09:50:22,0.04,0.8,1514,0.03,0.6,567,0.03,0.6,1,0.035,0.7,2108,0
IWM190913C160,2019-09-12,2019-09-12 09:50:22,0.04,0.8,794,0.03,0.6,567,0.03,0.6,1,0.035,0.7,2108,0
IWM190913C160,2019-09-12,2019-09-12 09:50:23,0.04,0.8,1562,0.03,0.6,525,0.03,0.6,1,0.035,0.7,2108,0
IWM190913C160,2019-09-12,2019-09-12 09:50:24,0.04,0.8,1562,0.03,0.6,670,0.03,0.6,1,0.035,0.7,2108,0
IWM190913C160,2019-09-12,2019-09-12 09:50:24,0.04,0.8,1562,0.03,0.6,610,0.03,0.6,1,0.035,0.7,2108,0
IWM190913C160,2019-09-12,2019-09-12 09:50:25,0.04,0.8,1562,0.03,0.6,525,0.03,0.6,1,0.035,0.7,2108,0
IWM190913C160,2019-09-12,2019-09-12 09:50:26,0.04,0.8,1492,0.03,0.6,505,0.03,0.6,1,0.035,0.7,2108,0
IWM190913C160,2019-09-12,2019-09-12 09:50:26,0.04,0.8,1422,0.03,0.6,505,0.03,0.6,1,0.035,0.7,2108,0
IWM190913C160,2019-09-12,2019-09-12 09:50:27,0.04,0.8,1492,0.03,0.6,418,0.03,0.6,1,0.035,0.7,2108,0
IWM190913C160,2019-09-12,2019-09-12 09:50:28,0.04,0.8,1492,0.03,0.6,333,0.03,0.6,1,0.035,0.7,2108,0
IWM190913C160,2019-09-12,2019-09-12 09:50:28,0.04,0.8,1651,0.03,0.6,333,0.03,0.6,1,0.035,0.7,2108,0
IWM190913C160,2019-09-12,2019-09-12 09:50:29,0.04,0.8,1466,0.03,0.6,333,0.03,0.6,1,0.035,0.7,2108,0
IWM190913C160,2019-09-12,2019-09-12 09:50:30,0.04,0.8,1466,0.03,0.6,333,0.03,0.6,1,0.035,0.7,2108,0
IWM190913C160,2019-09-12,2019-09-12 09:50:31,0.04,0.8,1656,0.03,0.6,333,0.03,0.6,1,0.035,0.7,2108,0
IWM190913C160,2019-09-12,2019-09-12 09:50:32,0.04,0.8,1007,0.03,0.6,242,0.03,0.6,1,0.035,0.7,2108,0
IWM190913C160,2019-09-12,2019-09-12 09:50:32,0.04,0.8,1466,0.03,0.6,350,0.03,0.6,1,0.035,0.7,2108,0
IWM190913C160,2019-09-12,2019-09-12 09:50:33,0.04,0.8,1497,0.03,0.6,219,0.03,0.6,1,0.035,0.7,2108,0
IWM190913C160,2019-09-12,2019-09-12 09:50:33,0.04,0.8,1497,0.03,0.6,307,0.03,0.6,1,0.035,0.7,2108,0
IWM190913C160,2019-09-12,2019-09-12 09:50:34,0.04,0.8,1497,0.03,0.6,307,0.03,0.6,1,0.035,0.7,2108,0
IWM190913C160,2019-09-12,2019-09-12 09:50:34,0.04,0.8,1307,0.03,0.6,307,0.03,0.6,1,0.035,0.7,2108,0
IWM190913C160,2019-09-12,2019-09-12 09:50:35,0.04,0.8,1435,0.03,0.6,307,0.03,0.6,1,0.035,0.7,2108,0
IWM190913C160,2019-09-12,2019-09-12 09:50:36,0.04,0.8,1695,0.03,0.6,307,0.03,0.6,1,0.035,0.7,2108,0
IWM190913C160,2019-09-12,2019-09-12 09:50:37,0.04,0.8,1197,0.03,0.6,307,0.03,0.6,1,0.035,0.7,2108,0
IWM190913C160,2019-09-12,2019-09-12 09:50:37,0.04,0.8,1497,0.03,0.6,307,0.03,0.6,1,0.035,0.7,2108,0
IWM190913C160,2019-09-12,2019-09-12 09:50:38,0.04,0.8,1497,0.03,0.6,307,0.03,0.6,1,0.035,0.7,2108,0
IWM190913C160,2019-09-12,2019-09-12 09:50:38,0.04,0.8,1497,0.03,0.6,183,0.03,0.6,1,0.035,0.7,2108,0
IWM190913C160,2019-09-12,2019-09-12 09:50:39,0.04,0.8,1497,0.03,0.6,415,0.03,0.6,1,0.035,0.7,2108,0
IWM190913C160,2019-09-12,2019-09-12 09:50:39,0.04,0.8,1497,0.03,0.6,183,0.03,0.6,1,0.035,0.7,2108,0
IWM190913C160,2019-09-12,2019-09-12 09:50:40,0.04,0.8,1307,0.03,0.6,415,0.03,0.6,1,0.035,0.7,2108,0
IWM190913C160,2019-09-12,2019-09-12 09:50:40,0.04,0.8,1430,0.03,0.6,415,0.03,0.6,1,0.035,0.7,2108,0
IWM190913C160,2019-09-12,2019-09-12 09:50:41,0.04,0.8,1620,0.03,0.6,343,0.03,0.6,1,0.035,0.7,2108,0
IWM190913C160,2019-09-12,2019-09-12 09:50:41,0.04,0.8,1430,0.03,0.6,415,0.03,0.6,1,0.035,0.7,2108,0
IWM190913C160,2019-09-12,2019-09-12 09:50:42,0.04,0.8,1320,0.03,0.6,309,0.03,0.6,1,0.035,0.7,2108,0
IWM190913C160,2019-09-12,2019-09-12 09:50:42,0.04,0.8,1320,0.03,0.6,207,0.03,0.6,1,0.035,0.7,2108,0
IWM190913C160,2019-09-12,2019-09-12 09:50:43,0.04,0.8,1506,0.03,0.6,309,0.03,0.6,1,0.035,0.7,2108,0
IWM190913C160,2019-09-12,2019-09-12 09:50:43,0.04,0.8,1396,0.03,0.6,309,0.03,0.6,1,0.035,0.7,2108,0
IWM190913C160,2019-09-12,2019-09-12 09:50:44,0.04,0.8,1696,0.03,0.6,309,0.03,0.6,1,0.035,0.7,2108,0
IWM190913C160,2019-09-12,2019-09-12 09:50:44,0.04,0.8,1506,0.03,0.6,309,0.03,0.6,1,0.035,0.7,2108,0
IWM190913C160,2019-09-12,2019-09-12 09:50:45,0.04,0.8,1886,0.03,0.6,309,0.03,0.6,1,0.035,0.7,2108,0
IWM190913C160,2019-09-12,2019-09-12 09:50:46,0.04,0.8,1696,0.03,0.6,309,0.03,0.6,1,0.035,0.7,2108,0
IWM190913C160,2019-09-12,2019-09-12 09:50:47,0.04,0.8,1696,0.03,0.6,309,0.03,0.6,1,0.035,0.7,2108,0
IWM190913C160,2019-09-12,2019-09-12 09:50:48,0.04,0.8,1766,0.03,0.6,309,0.03,0.6,1,0.035,0.7,2108,0
IWM190913C160,2019-09-12,2019-09-12 09:50:49,0.04,0.8,1956,0.03,0.6,309,0.03,0.6,1,0.035,0.7,2108,0
IWM190913C160,2019-09-12,2019-09-12 09:50:50,0.04,0.8,1396,0.03,0.6,418,0.03,0.6,1,0.035,0.7,2108,0
IWM190913C160,2019-09-12,2019-09-12 09:50:50,0.04,0.8,1886,0.03,0.6,418,0.03,0.6,1,0.035,0.7,2108,0
IWM190913C160,2019-09-12,2019-09-12 09:50:51,0.04,0.8,1396,0.03,0.6,300,0.03,0.6,1,0.035,0.7,2108,0
IWM190913C160,2019-09-12,2019-09-12 09:50:51,0.04,0.8,1206,0.03,0.6,418,0.03,0.6,1,0.035,0.7,2108,0
IWM190913C160,2019-09-12,2019-09-12 09:50:52,0.04,0.8,1696,0.03,0.6,418,0.03,0.6,1,0.035,0.7,2108,0
IWM190913C160,2019-09-12,2019-09-12 09:50:53,0.04,0.8,1506,0.03,0.6,418,0.03,0.6,1,0.035,0.7,2108,0
IWM190913C160,2019-09-12,2019-09-12 09:50:54,0.04,0.8,1564,0.03,0.6,418,0.03,0.6,1,0.035,0.7,2108,0
IWM190913C160,2019-09-12,2019-09-12 09:50:54,0.04,0.8,1494,0.03,0.6,418,0.03,0.6,1,0.035,0.7,2108,0
IWM190913C160,2019-09-12,2019-09-12 09:50:55,0.04,0.8,1377,0.03,0.6,418,0.03,0.6,1,0.035,0.7,2108,0
IWM190913C160,2019-09-12,2019-09-12 09:50:55,0.04,0.8,1307,0.03,0.6,418,0.03,0.6,1,0.035,0.7,2108,0
IWM190913C160,2019-09-12,2019-09-12 09:50:56,0.04,0.8,1494,0.03,0.6,418,0.03,0.6,1,0.035,0.7,2108,0
IWM190913C160,2019-09-12,2019-09-12 09:50:56,0.04,0.8,1194,0.03,0.6,418,0.03,0.6,1,0.035,0.7,2108,0
IWM190913C160,2019-09-12,2019-09-12 09:50:57,0.04,0.8,1264,0.03,0.6,268,0.03,0.6,1,0.035,0.7,2108,0
IWM190913C160,2019-09-12,2019-09-12 09:50:57,0.04,0.8,1377,0.03,0.6,268,0.03,0.6,1,0.035,0.7,2108,0
IWM190913C160,2019-09-12,2019-09-12 09:50:58,0.04,0.8,1377,0.03,0.6,273,0.03,0.6,1,0.035,0.7,2108,0
IWM190913C160,2019-09-12,2019-09-12 09:50:58,0.04,0.8,1377,0.03,0.6,217,0.03,0.6,1,0.035,0.7,2108,0
IWM190913C160,2019-09-12,2019-09-12 09:50:59,0.04,0.8,2067,0.03,0.6,273,0.03,0.6,1,0.035,0.7,2108,0
IWM190913C160,2019-09-12,2019-09-12 09:50:59,0.04,0.8,1580,0.03,0.6,273,0.03,0.6,1,0.035,0.7,2108,0
IWM190913C160,2019-09-12,2019-09-12 09:51:00,0.04,0.8,1767,0.03,0.6,273,0.03,0.6,1,0.035,0.7,2108,0
IWM190913C160,2019-09-12,2019-09-12 09:51:01,0.04,0.8,1564,0.03,0.6,273,0.03,0.6,1,0.035,0.7,2108,0
IWM190913C160,2019-09-12,2019-09-12 09:51:01,0.04,0.8,1377,0.03,0.6,273,0.03,0.6,1,0.035,0.7,2108,0
IWM190913C160,2019-09-12,2019-09-12 09:51:02,0.04,0.8,1377,0.03,0.6,273,0.03,0.6,1,0.035,0.7,2108,0
IWM190913C160,2019-09-12,2019-09-12 09:51:02,0.04,0.8,1268,0.03,0.6,273,0.03,0.6,1,0.035,0.7,2108,0
IWM190913C160,2019-09-12,2019-09-12 09:51:03,0.04,0.8,1568,0.03,0.6,273,0.03,0.6,1,0.035,0.7,2108,0
IWM190913C160,2019-09-12,2019-09-12 09:51:03,0.04,0.8,1498,0.03,0.6,273,0.03,0.6,1,0.035,0.7,2108,0
IWM190913C160,2019-09-12,2019-09-12 09:51:04,0.04,0.8,1307,0.03,0.6,183,0.03,0.6,1,0.035,0.7,2108,0
IWM190913C160,2019-09-12,2019-09-12 09:51:04,0.04,0.8,1307,0.03,0.6,397,0.03,0.6,1,0.035,0.7,2108,0
IWM190913C160,2019-09-12,2019-09-12 09:51:05,0.04,0.8,1498,0.03,0.6,750,0.03,0.6,1,0.035,0.7,2108,0
IWM190913C160,2019-09-12,2019-09-12 09:51:05,0.04,0.8,1307,0.03,0.6,186,0.03,0.6,1,0.035,0.7,2108,0
IWM190913C160,2019-09-12,2019-09-12 09:51:06,0.04,0.8,1507,0.03,0.6,649,0.03,0.6,1,0.035,0.7,2108,0
IWM190913C160,2019-09-12,2019-09-12 09:51:07,0.04,0.8,1507,0.03,0.6,649,0.03,0.6,1,0.035,0.7,2108,0
IWM190913C160,2019-09-12,2019-09-12 09:51:07,0.04,0.8,1577,0.03,0.6,649,0.03,0.6,1,0.035,0.7,2108,0
IWM190913C160,2019-09-12,2019-09-12 09:51:08,0.04,0.8,1498,0.03,0.6,649,0.03,0.6,1,0.035,0.7,2108,0
IWM190913C160,2019-09-12,2019-09-12 09:51:08,0.04,0.8,1577,0.03,0.6,649,0.03,0.6,1,0.035,0.7,2108,0
IWM190913C160,2019-09-12,2019-09-12 09:51:09,0.04,0.8,1498,0.03,0.6,649,0.03,0.6,1,0.035,0.7,2108,0
IWM190913C160,2019-09-12,2019-09-12 09:51:09,0.04,0.8,1198,0.03,0.6,653,0.03,0.6,1,0.035,0.7,2108,0
IWM190913C160,2019-09-12,2019-09-12 09:51:10,0.04,0.8,1198,0.03,0.6,55,0.03,0.6,1,0.035,0.7,2108,0
IWM190913C160,2019-09-12,2019-09-12 09:51:10,0.04,0.8,1498,0.03,0.6,55,0.03,0.6,1,0.035,0.7,2108,0
IWM190913C160,2019-09-12,2019-09-12 09:51:11,0.04,0.8,1498,0.03,0.6,119,0.03,0.6,1,0.035,0.7,2108,0
IWM190913C160,2019-09-12,2019-09-12 09:51:12,0.04,0.8,1307,0.03,0.6,58,0.03,0.6,1,0.035,0.7,2108,0
IWM190913C160,2019-09-12,2019-09-12 09:51:12,0.04,0.8,1498,0.03,0.6,202,0.03,0.6,1,0.035,0.7,2108,0
IWM190913C160,2019-09-12,2019-09-12 09:51:13,0.04,0.8,1498,0.03,0.6,63,0.03,0.6,1,0.035,0.7,2108,0
IWM190913C160,2019-09-12,2019-09-12 09:51:13,0.04,0.8,1307,0.03,0.6,63,0.03,0.6,1,0.035,0.7,2108,0
IWM190913C160,2019-09-12,2019-09-12 09:51:14,0.04,0.8,1498,0.03,0.6,63,0.03,0.6,1,0.035,0.7,2108,0
IWM190913C160,2019-09-12,2019-09-12 09:51:14,0.04,0.8,1307,0.03,0.6,63,0.03,0.6,1,0.035,0.7,2108,0
IWM190913C160,2019-09-12,2019-09-12 09:51:15,0.04,0.8,1307,0.03,0.6,63,0.03,0.6,1,0.035,0.7,2108,0
IWM190913C160,2019-09-12,2019-09-12 09:51:16,0.04,0.8,1307,0.03,0.6,431,0.03,0.6,1,0.035,0.7,2108,0
IWM190913C160,2019-09-12,2019-09-12 09:51:17,0.04,0.8,1498,0.03,0.6,772,0.03,0.6,1,0.035,0.7,2108,0
IWM190913C160,2019-09-12,2019-09-12 09:51:18,0.04,0.8,1498,0.03,0.6,772,0.03,0.6,1,0.035,0.7,2108,0
IWM190913C160,2019-09-12,2019-09-12 09:51:19,0.04,0.8,1498,0.03,0.6,772,0.03,0.6,1,0.035,0.7,2108,0
IWM190913C160,2019-09-12,2019-09-12 09:51:20,0.04,0.8,710,0.03,0.6,273,0.03,0.6,1,0.035,0.7,2108,0
IWM190913C160,2019-09-12,2019-09-12 09:51:20,0.04,0.8,785,0.03,0.6,228,0.03,0.6,1,0.035,0.7,2108,0
IWM190913C160,2019-09-12,2019-09-12 09:51:21,0.04,0.8,981,0.03,0.6,346,0.03,0.6,1,0.035,0.7,2108,0
IWM190913C160,2019-09-12,2019-09-12 09:51:22,0.04,0.8,1487,0.03,0.6,346,0.03,0.6,1,0.035,0.7,2108,0
IWM190913C160,2019-09-12,2019-09-12 09:51:22,0.04,0.8,1063,0.03,0.6,496,0.03,0.6,1,0.035,0.7,2108,0
IWM190913C160,2019-09-12,2019-09-12 09:51:23,0.04,0.8,1362,0.03,0.6,496,0.03,0.6,1,0.035,0.7,2108,0
IWM190913C160,2019-09-12,2019-09-12 09:51:23,0.04,0.8,1623,0.03,0.6,496,0.03,0.6,1,0.035,0.7,2108,0
IWM190913C160,2019-09-12,2019-09-12 09:51:24,0.04,0.8,1623,0.03,0.6,496,0.03,0.6,1,0.035,0.7,2108,0
IWM190913C160,2019-09-12,2019-09-12 09:51:24,0.04,0.8,1623,0.03,0.6,346,0.03,0.6,1,0.035,0.7,2108,0
IWM190913C160,2019-09-12,2019-09-12 09:51:25,0.04,0.8,1191,0.03,0.6,273,0.03,0.6,1,0.035,0.7,2108,0
IWM190913C160,2019-09-12,2019-09-12 09:51:25,0.04,0.8,1623,0.03,0.6,273,0.03,0.6,1,0.035,0.7,2108,0
IWM190913C160,2019-09-12,2019-09-12 09:51:26,0.04,0.8,1491,0.03,0.6,273,0.03,0.6,1,0.035,0.7,2108,0
IWM190913C160,2019-09-12,2019-09-12 09:51:27,0.04,0.8,1396,0.03,0.6,273,0.03,0.6,1,0.035,0.7,2108,0
IWM190913C160,2019-09-12,2019-09-12 09:51:27,0.04,0.8,1696,0.03,0.6,273,0.03,0.6,1,0.035,0.7,2108,0
IWM190913C160,2019-09-12,2019-09-12 09:51:28,0.04,0.8,1588,0.03,0.6,203,0.03,0.6,1,0.035,0.7,2108,0
IWM190913C160,2019-09-12,2019-09-12 09:51:28,0.04,0.8,1396,0.03,0.6,273,0.03,0.6,1,0.035,0.7,2108,0
IWM190913C160,2019-09-12,2019-09-12 09:51:29,0.04,0.8,1588,0.03,0.6,203,0.03,0.6,1,0.035,0.7,2108,0
IWM190913C160,2019-09-12,2019-09-12 09:51:29,0.04,0.8,1396,0.03,0.6,308,0.03,0.6,1,0.035,0.7,2108,0
IWM190913C160,2019-09-12,2019-09-12 09:51:30,0.04,0.8,1396,0.03,0.6,308,0.03,0.6,1,0.035,0.7,2108,0
IWM190913C160,2019-09-12,2019-09-12 09:51:30,0.04,0.8,1396,0.03,0.6,401,0.03,0.6,1,0.035,0.7,2108,0
IWM190913C160,2019-09-12,2019-09-12 09:51:31,0.04,0.8,1396,0.03,0.6,401,0.03,0.6,1,0.035,0.7,2108,0
IWM190913C160,2019-09-12,2019-09-12 09:51:31,0.04,0.8,1588,0.03,0.6,401,0.03,0.6,1,0.035,0.7,2108,0
IWM190913C160,2019-09-12,2019-09-12 09:51:32,0.04,0.8,1503,0.03,0.6,401,0.03,0.6,1,0.035,0.7,2108,0
IWM190913C160,2019-09-12,2019-09-12 09:51:33,0.04,0.8,1503,0.03,0.6,401,0.03,0.6,1,0.035,0.7,2108,0
IWM190913C160,2019-09-12,2019-09-12 09:51:33,0.04,0.8,719,0.03,0.6,180,0.03,0.6,1,0.035,0.7,2108,0
IWM190913C160,2019-09-12,2019-09-12 09:51:34,0.04,0.8,957,0.03,0.6,296,0.03,0.6,1,0.035,0.7,2108,0
IWM190913C160,2019-09-12,2019-09-12 09:51:34,0.04,0.8,1257,0.03,0.6,240,0.03,0.6,1,0.035,0.7,2108,0
IWM190913C160,2019-09-12,2019-09-12 09:51:35,0.04,0.8,1257,0.03,0.6,1,0.03,0.6,1,0.035,0.7,2108,0
IWM190913C160,2019-09-12,2019-09-12 09:51:35,0.04,0.8,1257,0.03,0.6,240,0.03,0.6,1,0.035,0.7,2108,0
IWM190913C160,2019-09-12,2019-09-12 09:51:36,0.04,0.8,1905,0.03,0.6,1,0.03,0.6,1,0.035,0.7,2108,0
IWM190913C160,2019-09-12,2019-09-12 09:51:36,0.04,0.8,1713,0.03,0.6,1,0.03,0.6,1,0.035,0.7,2108,0
IWM190913C160,2019-09-12,2019-09-12 09:51:37,0.04,0.8,1713,0.03,0.6,1,0.03,0.6,1,0.035,0.7,2108,0
IWM190913C160,2019-09-12,2019-09-12 09:51:37,0.04,0.8,1905,0.03,0.6,1,0.03,0.6,1,0.035,0.7,2108,0
IWM190913C160,2019-09-12,2019-09-12 09:51:38,0.04,0.8,1990,0.03,0.6,1,0.03,0.6,1,0.035,0.7,2108,0
IWM190913C160,2019-09-12,2019-09-12 09:51:38,0.04,0.8,1798,0.03,0.6,1,0.03,0.6,1,0.035,0.7,2108,0
IWM190913C160,2019-09-12,2019-09-12 09:51:39,0.04,0.8,1690,0.03,0.6,1,0.03,0.6,1,0.035,0.7,2108,0
IWM190913C160,2019-09-12,2019-09-12 09:51:39,0.04,0.8,1798,0.03,0.6,1,0.03,0.6,1,0.035,0.7,2108,0
IWM190913C160,2019-09-12,2019-09-12 09:51:40,0.04,0.8,1690,0.03,0.6,1,0.03,0.6,1,0.035,0.7,2108,0
IWM190913C160,2019-09-12,2019-09-12 09:51:41,0.04,0.8,1917,0.03,0.6,1,0.03,0.6,1,0.035,0.7,2108,0
IWM190913C160,2019-09-12,2019-09-12 09:51:41,0.04,0.8,2002,0.03,0.6,1,0.03,0.6,1,0.035,0.7,2108,0
IWM190913C160,2019-09-12,2019-09-12 09:51:42,0.04,0.8,827,0.03,0.6,1,0.03,0.6,1,0.035,0.7,2108,0
IWM190913C160,2019-09-12,2019-09-12 09:51:42,0.04,0.8,2109,0.03,0.6,1,0.03,0.6,1,0.035,0.7,2108,0
IWM190913C160,2019-09-12,2019-09-12 09:51:43,0.04,0.8,1273,0.03,0.6,1,0.03,0.6,1,0.035,0.7,2108,0
IWM190913C160,2019-09-12,2019-09-12 09:51:43,0.04,0.8,827,0.03,0.6,1,0.03,0.6,1,0.035,0.7,2108,0
IWM190913C160,2019-09-12,2019-09-12 09:51:44,0.04,0.8,1573,0.03,0.6,55,0.03,0.6,1,0.035,0.7,2108,0
IWM190913C160,2019-09-12,2019-09-12 09:51:45,0.04,0.8,1389,0.03,0.6,154,0.03,0.6,1,0.035,0.7,2108,0
IWM190913C160,2019-09-12,2019-09-12 09:51:45,0.04,0.8,1930,0.03,0.6,63,0.03,0.6,1,0.035,0.7,2108,0
IWM190913C160,2019-09-12,2019-09-12 09:51:46,0.04,0.8,1389,0.03,0.6,204,0.03,0.6,1,0.035,0.7,2108,0
IWM190913C160,2019-09-12,2019-09-12 09:51:47,0.04,0.8,680,0.03,0.6,204,0.03,0.6,1,0.035,0.7,2108,0
IWM190913C160,2019-09-12,2019-09-12 09:51:47,0.04,0.8,1197,0.03,0.6,204,0.03,0.6,1,0.035,0.7,2108,0
IWM190913C160,2019-09-12,2019-09-12 09:51:48,0.04,0.8,1396,0.03,0.6,225,0.03,0.6,1,0.035,0.7,2108,0
IWM190913C160,2019-09-12,2019-09-12 09:51:48,0.04,0.8,1396,0.03,0.6,600,0.03,0.6,1,0.035,0.7,2108,0
IWM190913C160,2019-09-12,2019-09-12 09:51:49,0.04,0.8,1503,0.03,0.6,1097,0.03,0.6,1,0.035,0.7,2108,0
IWM190913C160,2019-09-12,2019-09-12 09:51:49,0.04,0.8,1503,0.03,0.6,1052,0.03,0.6,1,0.035,0.7,2108,0
IWM190913C160,2019-09-12,2019-09-12 09:51:50,0.04,0.8,1503,0.03,0.6,1097,0.03,0.6,1,0.035,0.7,2108,0
IWM190913C160,2019-09-12,2019-09-12 09:51:50,0.04,0.8,1503,0.03,0.6,1165,0.03,0.6,1,0.035,0.7,2108,0
IWM190913C160,2019-09-12,2019-09-12 09:51:51,0.04,0.8,1503,0.03,0.6,1097,0.03,0.6,1,0.035,0.7,2108,0
IWM190913C160,2019-09-12,2019-09-12 09:51:52,0.04,0.8,1418,0.03,0.6,1097,0.03,0.6,1,0.035,0.7,2108,0
IWM190913C160,2019-09-12,2019-09-12 09:51:53,0.04,0.8,1313,0.03,0.6,1097,0.03,0.6,1,0.035,0.7,2108,0
IWM190913C160,2019-09-12,2019-09-12 09:51:53,0.04,0.8,1418,0.03,0.6,1097,0.03,0.6,1,0.035,0.7,2108,0
IWM190913C160,2019-09-12,2019-09-12 09:51:54,0.04,0.8,1313,0.03,0.6,1182,0.03,0.6,1,0.035,0.7,2108,0
IWM190913C160,2019-09-12,2019-09-12 09:51:55,0.04,0.8,1313,0.03,0.6,1182,0.03,0.6,1,0.035,0.7,2108,0
IWM190913C160,2019-09-12,2019-09-12 09:51:56,0.04,0.8,1313,0.03,0.6,1182,0.03,0.6,1,0.035,0.7,2108,0
IWM190913C160,2019-09-12,2019-09-12 09:51:57,0.04,0.8,1313,0.03,0.6,1182,0.03,0.6,1,0.035,0.7,2108,0
IWM190913C160,2019-09-12,2019-09-12 09:51:58,0.04,0.8,1313,0.03,0.6,1182,0.03,0.6,1,0.035,0.7,2108,0
IWM190913C160,2019-09-12,2019-09-12 09:51:58,0.04,0.8,1313,0.03,0.6,1694,0.03,0.6,1,0.035,0.7,2108,0
IWM190913C160,2019-09-12,2019-09-12 09:51:59,0.04,0.8,1313,0.03,0.6,1694,0.03,0.6,1,0.035,0.7,2108,0
IWM190913C160,2019-09-12,2019-09-12 09:52:00,0.04,0.8,1613,0.03,0.6,1863,0.03,0.6,1,0.035,0.7,2108,0
IWM190913C160,2019-09-12,2019-09-12 09:52:00,0.04,0.8,1313,0.03,0.6,1694,0.03,0.6,1,0.035,0.7,2108,0
IWM190913C160,2019-09-12,2019-09-12 09:52:01,0.04,0.8,1613,0.03,0.6,1863,0.03,0.6,1,0.035,0.7,2108,0
IWM190913C160,2019-09-12,2019-09-12 09:52:02,0.04,0.8,1519,0.03,0.6,1582,0.03,0.6,1,0.035,0.7,2108,0
IWM190913C160,2019-09-12,2019-09-12 09:52:03,0.04,0.8,1519,0.03,0.6,1114,0.03,0.6,1,0.035,0.7,2108,0
IWM190913C160,2019-09-12,2019-09-12 09:52:03,0.04,0.8,1519,0.03,0.6,1070,0.03,0.6,1,0.035,0.7,2108,0
IWM190913C160,2019-09-12,2019-09-12 09:52:04,0.04,0.8,1615,0.03,0.6,1961,0.03,0.6,1,0.035,0.7,2108,0
IWM190913C160,2019-09-12,2019-09-12 09:52:04,0.04,0.8,1519,0.03,0.6,1114,0.03,0.6,1,0.035,0.7,2108,0
IWM190913C160,2019-09-12,2019-09-12 09:52:05,0.04,0.8,1570,0.03,0.6,2019,0.03,0.6,1,0.035,0.7,2108,0
IWM190913C160,2019-09-12,2019-09-12 09:52:06,0.04,0.8,1570,0.03,0.6,2019,0.03,0.6,1,0.035,0.7,2108,0
IWM190913C160,2019-09-12,2019-09-12 09:52:06,0.04,0.8,1053,0.03,0.6,1859,0.03,0.6,1,0.035,0.7,2108,0
IWM190913C160,2019-09-12,2019-09-12 09:52:07,0.04,0.8,1053,0.03,0.6,1859,0.03,0.6,1,0.035,0.7,2108,0
IWM190913C160,2019-09-12,2019-09-12 09:52:08,0.04,0.8,1053,0.03,0.6,1859,0.03,0.6,1,0.035,0.7,2108,0
IWM190913C160,2019-09-12,2019-09-12 09:52:08,0.04,0.8,1053,0.03,0.6,2080,0.03,0.6,1,0.035,0.7,2108,0
IWM190913C160,2019-09-12,2019-09-12 09:52:09,0.04,0.8,1053,0.03,0.6,2080,0.03,0.6,1,0.035,0.7,2108,0
IWM190913C160,2019-09-12,2019-09-12 09:52:10,0.04,0.8,753,0.03,0.6,1780,0.03,0.6,1,0.035,0.7,2108,0
IWM190913C160,2019-09-12,2019-09-12 09:52:10,0.04,0.8,1053,0.03,0.6,1780,0.03,0.6,1,0.035,0.7,2108,0
IWM190913C160,2019-09-12,2019-09-12 09:52:11,0.04,0.8,1103,0.03,0.6,1780,0.03,0.6,1,0.035,0.7,2108,0
IWM190913C160,2019-09-12,2019-09-12 09:52:12,0.04,0.8,192,0.03,0.6,1865,0.03,0.6,1,0.035,0.7,2108,0
IWM190913C160,2019-09-12,2019-09-12 09:52:12,0.04,0.8,308,0.03,0.6,2165,0.03,0.6,1,0.035,0.7,2108,0
IWM190913C160,2019-09-12,2019-09-12 09:52:13,0.04,0.8,308,0.03,0.6,1413,0.03,0.6,1,0.035,0.7,2108,0
IWM190913C160,2019-09-12,2019-09-12 09:52:13,0.04,0.8,308,0.03,0.6,1903,0.03,0.6,1,0.035,0.7,2108,0
IWM190913C160,2019-09-12,2019-09-12 09:52:14,0.04,0.8,308,0.03,0.6,1988,0.03,0.6,1,0.035,0.7,2108,0
IWM190913C160,2019-09-12,2019-09-12 09:52:14,0.04,0.8,308,0.03,0.6,1903,0.03,0.6,1,0.035,0.7,2108,0
IWM190913C160,2019-09-12,2019-09-12 09:52:15,0.04,0.8,308,0.03,0.6,1903,0.03,0.6,1,0.035,0.7,2108,0
IWM190913C160,2019-09-12,2019-09-12 09:52:16,0.04,0.8,308,0.03,0.6,1903,0.03,0.6,1,0.035,0.7,2108,0
IWM190913C160,2019-09-12,2019-09-12 09:52:17,0.04,0.8,308,0.03,0.6,1903,0.03,0.6,1,0.035,0.7,2108,0
IWM190913C160,2019-09-12,2019-09-12 09:52:18,0.04,0.8,308,0.03,0.6,1903,0.03,0.6,1,0.035,0.7,2108,0
IWM190913C160,2019-09-12,2019-09-12 09:52:19,0.04,0.8,308,0.03,0.6,1903,0.03,0.6,1,0.035,0.7,2108,0
IWM190913C160,2019-09-12,2019-09-12 09:52:20,0.04,0.8,308,0.03,0.6,1903,0.03,0.6,1,0.035,0.7,2108,0
IWM190913C160,2019-09-12,2019-09-12 09:52:21,0.04,0.8,308,0.03,0.6,1876,0.03,0.6,1,0.035,0.7,2108,0
IWM190913C160,2019-09-12,2019-09-12 09:52:22,0.04,0.8,420,0.03,0.6,1876,0.03,0.6,1,0.035,0.7,2108,0
IWM190913C160,2019-09-12,2019-09-12 09:52:22,0.04,0.8,334,0.03,0.6,1876,0.03,0.6,1,0.035,0.7,2108,0
IWM190913C160,2019-09-12,2019-09-12 09:52:23,0.04,0.8,289,0.03,0.6,1876,0.03,0.6,1,0.035,0.7,2108,0
IWM190913C160,2019-09-12,2019-09-12 09:52:24,0.04,0.8,289,0.03,0.6,1758,0.03,0.6,1,0.035,0.7,2108,0
IWM190913C160,2019-09-12,2019-09-12 09:52:25,0.04,0.8,289,0.03,0.6,1758,0.03,0.6,1,0.035,0.7,2108,0
IWM190913C160,2019-09-12,2019-09-12 09:52:25,0.04,0.8,373,0.03,0.6,1864,0.03,0.6,1,0.035,0.7,2108,0
IWM190913C160,2019-09-12,2019-09-12 09:52:26,0.04,0.8,443,0.03,0.6,1864,0.03,0.6,1,0.035,0.7,2108,0
IWM190913C160,2019-09-12,2019-09-12 09:52:27,0.04,0.8,443,0.03,0.6,1844,0.03,0.6,1,0.035,0.7,2108,0
IWM190913C160,2019-09-12,2019-09-12 09:52:28,0.04,0.8,443,0.03,0.6,1844,0.03,0.6,1,0.035,0.7,2108,0
IWM190913C160,2019-09-12,2019-09-12 09:52:29,0.04,0.8,506,0.03,0.6,1844,0.03,0.6,1,0.035,0.7,2108,0
IWM190913C160,2019-09-12,2019-09-12 09:52:29,0.04,0.8,506,0.03,0.6,1386,0.03,0.6,1,0.035,0.7,2108,0
IWM190913C160,2019-09-12,2019-09-12 09:52:30,0.04,0.8,243,0.03,0.6,1844,0.03,0.6,1,0.035,0.7,2108,0
IWM190913C160,2019-09-12,2019-09-12 09:52:30,0.04,0.8,307,0.03,0.6,1844,0.03,0.6,1,0.035,0.7,2108,0
IWM190913C160,2019-09-12,2019-09-12 09:52:31,0.04,0.8,307,0.03,0.6,1471,0.03,0.6,1,0.035,0.7,2108,0
IWM190913C160,2019-09-12,2019-09-12 09:52:32,0.04,0.8,307,0.03,0.6,1844,0.03,0.6,1,0.035,0.7,2108,0
IWM190913C160,2019-09-12,2019-09-12 09:52:33,0.04,0.8,307,0.03,0.6,1844,0.03,0.6,1,0.035,0.7,2108,0
IWM190913C160,2019-09-12,2019-09-12 09:52:34,0.04,0.8,307,0.03,0.6,1844,0.03,0.6,1,0.035,0.7,2108,0
IWM190913C160,2019-09-12,2019-09-12 09:52:35,0.04,0.8,307,0.03,0.6,1844,0.03,0.6,1,0.035,0.7,2108,0
IWM190913C160,2019-09-12,2019-09-12 09:52:35,0.04,0.8,173,0.03,0.6,2009,0.03,0.6,1,0.035,0.7,2108,0
IWM190913C160,2019-09-12,2019-09-12 09:52:36,0.04,0.8,10,0.03,0.6,2009,0.03,0.6,1,0.035,0.7,2108,0
IWM190913C160,2019-09-12,2019-09-12 09:52:36,0.04,0.8,160,0.03,0.6,2009,0.03,0.6,1,0.035,0.7,2108,0
IWM190913C160,2019-09-12,2019-09-12 09:52:37,0.04,0.8,10,0.03,0.6,2114,0.03,0.6,1,0.035,0.7,2108,0
IWM190913C160,2019-09-12,2019-09-12 09:52:38,0.04,0.8,10,0.03,0.6,2114,0.03,0.6,1,0.035,0.7,2108,0
IWM190913C160,2019-09-12,2019-09-12 09:52:39,0.04,0.8,10,0.03,0.6,2114,0.03,0.6,1,0.035,0.7,2108,0
IWM190913C160,2019-09-12,2019-09-12 09:52:40,0.04,0.8,10,0.03,0.6,2114,0.03,0.6,1,0.035,0.7,2108,0
IWM190913C160,2019-09-12,2019-09-12 09:52:41,0.04,0.8,10,0.03,0.6,2114,0.03,0.6,1,0.035,0.7,2108,0
IWM190913C160,2019-09-12,2019-09-12 09:52:42,0.04,0.8,10,0.03,0.6,2114,0.03,0.6,1,0.035,0.7,2108,0
IWM190913C160,2019-09-12,2019-09-12 09:52:43,0.04,0.8,10,0.03,0.6,2114,0.03,0.6,1,0.035,0.7,2108,0
IWM190913C160,2019-09-12,2019-09-12 09:52:44,0.04,0.8,10,0.03,0.6,2076,0.03,0.6,1,0.035,0.7,2108,0
IWM190913C160,2019-09-12,2019-09-12 09:52:44,0.04,0.8,10,0.03,0.6,2114,0.03,0.6,1,0.035,0.7,2108,0
IWM190913C160,2019-09-12,2019-09-12 09:52:45,0.04,0.8,10,0.03,0.6,2034,0.03,0.6,1,0.035,0.7,2108,0
IWM190913C160,2019-09-12,2019-09-12 09:52:45,0.04,0.8,10,0.03,0.6,2076,0.03,0.6,1,0.035,0.7,2108,0
IWM190913C160,2019-09-12,2019-09-12 09:52:46,0.04,0.8,10,0.03,0.6,1949,0.03,0.6,1,0.035,0.7,2108,0
IWM190913C160,2019-09-12,2019-09-12 09:52:47,0.04,0.8,10,0.03,0.6,1949,0.03,0.6,1,0.035,0.7,2108,0
IWM190913C160,2019-09-12,2019-09-12 09:52:47,0.04,0.8,10,0.03,0.6,2034,0.03,0.6,1,0.035,0.7,2108,0
IWM190913C160,2019-09-12,2019-09-12 09:52:48,0.04,0.8,150,0.03,0.6,2181,0.03,0.6,1,0.035,0.7,2108,0
IWM190913C160,2019-09-12,2019-09-12 09:52:48,0.04,0.8,10,0.03,0.6,2034,0.03,0.6,1,0.035,0.7,2108,0
IWM190913C160,2019-09-12,2019-09-12 09:52:49,0.04,0.8,150,0.03,0.6,2181,0.03,0.6,1,0.035,0.7,2108,0
IWM190913C160,2019-09-12,2019-09-12 09:52:50,0.04,0.8,150,0.03,0.6,2145,0.03,0.6,1,0.035,0.7,2108,0
IWM190913C160,2019-09-12,2019-09-12 09:52:51,0.04,0.8,10,0.03,0.6,2145,0.03,0.6,1,0.035,0.7,2108,0
IWM190913C160,2019-09-12,2019-09-12 09:52:52,0.04,0.8,10,0.03,0.6,1998,0.03,0.6,1,0.035,0.7,2108,0
IWM190913C160,2019-09-12,2019-09-12 09:52:53,0.04,0.8,150,0.03,0.6,1998,0.03,0.6,1,0.035,0.7,2108,0
IWM190913C160,2019-09-12,2019-09-12 09:52:54,0.04,0.8,150,0.03,0.6,2054,0.03,0.6,1,0.035,0.7,2108,0
IWM190913C160,2019-09-12,2019-09-12 09:52:54,0.04,0.8,150,0.03,0.6,1998,0.03,0.6,1,0.035,0.7,2108,0
IWM190913C160,2019-09-12,2019-09-12 09:52:55,0.04,0.8,150,0.03,0.6,2054,0.03,0.6,1,0.035,0.7,2108,0
IWM190913C160,2019-09-12,2019-09-12 09:52:55,0.04,0.8,150,0.03,0.6,1883,0.03,0.6,1,0.035,0.7,2108,0
IWM190913C160,2019-09-12,2019-09-12 09:52:56,0.04,0.8,10,0.03,0.6,1689,0.03,0.6,1,0.035,0.7,2108,0
IWM190913C160,2019-09-12,2019-09-12 09:52:57,0.04,0.8,10,0.03,0.6,1689,0.03,0.6,1,0.035,0.7,2108,0
IWM190913C160,2019-09-12,2019-09-12 09:52:57,0.04,0.8,10,0.03,0.6,1779,0.03,0.6,1,0.035,0.7,2108,0
IWM190913C160,2019-09-12,2019-09-12 09:52:58,0.04,0.8,10,0.03,0.6,1779,0.03,0.6,1,0.035,0.7,2108,0
IWM190913C160,2019-09-12,2019-09-12 09:52:58,0.04,0.8,10,0.03,0.6,2291,0.03,0.6,1,0.035,0.7,2108,0
IWM190913C160,2019-09-12,2019-09-12 09:52:59,0.04,0.8,10,0.03,0.6,2291,0.03,0.6,1,0.035,0.7,2108,0
IWM190913C160,2019-09-12,2019-09-12 09:53:00,0.04,0.8,10,0.03,0.6,2377,0.03,0.6,1,0.035,0.7,2108,0
IWM190913C160,2019-09-12,2019-09-12 09:53:00,0.04,0.8,10,0.03,0.6,2291,0.03,0.6,1,0.035,0.7,2108,0
IWM190913C160,2019-09-12,2019-09-12 09:53:01,0.04,0.8,10,0.03,0.6,2377,0.03,0.6,1,0.035,0.7,2108,0
IWM190913C160,2019-09-12,2019-09-12 09:53:02,0.04,0.8,10,0.03,0.6,2377,0.03,0.6,1,0.035,0.7,2108,0
IWM190913C160,2019-09-12,2019-09-12 09:53:03,0.04,0.8,10,0.03,0.6,2377,0.03,0.6,1,0.035,0.7,2108,0
IWM190913C160,2019-09-12,2019-09-12 09:53:04,0.04,0.8,10,0.03,0.6,2377,0.03,0.6,1,0.035,0.7,2108,0
IWM190913C160,2019-09-12,2019-09-12 09:53:05,0.04,0.8,10,0.03,0.6,2477,0.03,0.6,1,0.035,0.7,2108,0
IWM190913C160,2019-09-12,2019-09-12 09:53:05,0.04,0.8,10,0.03,0.6,2045,0.03,0.6,1,0.035,0.7,2108,0
IWM190913C160,2019-09-12,2019-09-12 09:53:06,0.04,0.8,10,0.03,0.6,2477,0.03,0.6,1,0.035,0.7,2108,0
IWM190913C160,2019-09-12,2019-09-12 09:53:07,0.04,0.8,10,0.03,0.6,2477,0.03,0.6,1,0.035,0.7,2108,0
IWM190913C160,2019-09-12,2019-09-12 09:53:08,0.04,0.8,10,0.03,0.6,2339,0.03,0.6,1,0.035,0.7,2108,0
IWM190913C160,2019-09-12,2019-09-12 09:53:08,0.04,0.8,10,0.03,0.6,2477,0.03,0.6,1,0.035,0.7,2108,0
IWM190913C160,2019-09-12,2019-09-12 09:53:09,0.04,0.8,10,0.03,0.6,2339,0.03,0.6,1,0.035,0.7,2108,0
IWM190913C160,2019-09-12,2019-09-12 09:53:10,0.04,0.8,10,0.03,0.6,1875,0.03,0.6,1,0.035,0.7,2108,0
IWM190913C160,2019-09-12,2019-09-12 09:53:11,0.04,0.8,10,0.03,0.6,1875,0.03,0.6,1,0.035,0.7,2108,0
IWM190913C160,2019-09-12,2019-09-12 09:53:11,0.04,0.8,10,0.03,0.6,2040,0.03,0.6,1,0.035,0.7,2108,0
IWM190913C160,2019-09-12,2019-09-12 09:53:12,0.04,0.8,10,0.03,0.6,2040,0.03,0.6,1,0.035,0.7,2108,0
IWM190913C160,2019-09-12,2019-09-12 09:53:13,0.04,0.8,10,0.03,0.6,2362,0.03,0.6,1,0.035,0.7,2108,0
IWM190913C160,2019-09-12,2019-09-12 09:53:13,0.04,0.8,10,0.03,0.6,2040,0.03,0.6,1,0.035,0.7,2108,0
IWM190913C160,2019-09-12,2019-09-12 09:53:14,0.05,1.0,1071,0.04,0.8,70,0.03,0.6,1,0.045,0.9,2108,0
IWM190913C160,2019-09-12,2019-09-12 09:53:14,0.04,0.8,10,0.04,0.8,70,0.03,0.6,1,0.04,0.8,2108,0
IWM190913C160,2019-09-12,2019-09-12 09:53:15,0.05,1.0,1071,0.04,0.8,70,0.03,0.6,1,0.045,0.9,2108,0
IWM190913C160,2019-09-12,2019-09-12 09:53:15,0.05,1.0,1237,0.04,0.8,70,0.03,0.6,1,0.045,0.9,2108,0
IWM190913C160,2019-09-12,2019-09-12 09:53:16,0.05,1.0,1237,0.04,0.8,112,0.03,0.6,1,0.045,0.9,2108,0
IWM190913C160,2019-09-12,2019-09-12 09:53:17,0.05,1.0,1071,0.04,0.8,112,0.03,0.6,1,0.045,0.9,2108,0
IWM190913C160,2019-09-12,2019-09-12 09:53:17,0.05,1.0,1071,0.04,0.8,45,0.03,0.6,1,0.045,0.9,2108,0
IWM190913C160,2019-09-12,2019-09-12 09:53:18,0.05,1.0,1071,0.04,0.8,45,0.03,0.6,1,0.045,0.9,2108,0
IWM190913C160,2019-09-12,2019-09-12 09:53:19,0.05,1.0,1071,0.04,0.8,45,0.03,0.6,1,0.045,0.9,2108,0
IWM190913C160,2019-09-12,2019-09-12 09:53:20,0.05,1.0,1071,0.04,0.8,45,0.03,0.6,1,0.045,0.9,2108,0
IWM190913C160,2019-09-12,2019-09-12 09:53:20,0.05,1.0,1156,0.04,0.8,45,0.03,0.6,1,0.045,0.9,2108,0
IWM190913C160,2019-09-12,2019-09-12 09:53:21,0.05,1.0,1156,0.04,0.8,15,0.03,0.6,1,0.045,0.9,2108,0
IWM190913C160,2019-09-12,2019-09-12 09:53:22,0.05,1.0,1156,0.04,0.8,15,0.03,0.6,1,0.045,0.9,2108,0
IWM190913C160,2019-09-12,2019-09-12 09:53:23,0.05,1.0,1071,0.04,0.8,23,0.03,0.6,1,0.045,0.9,2108,0
IWM190913C160,2019-09-12,2019-09-12 09:53:24,0.05,1.0,1071,0.04,0.8,228,0.03,0.6,1,0.045,0.9,2108,0
IWM190913C160,2019-09-12,2019-09-12 09:53:24,0.05,1.0,1071,0.04,0.8,160,0.03,0.6,1,0.045,0.9,2108,0
IWM190913C160,2019-09-12,2019-09-12 09:53:25,0.05,1.0,1071,0.04,0.8,228,0.03,0.6,1,0.045,0.9,2108,0
IWM190913C160,2019-09-12,2019-09-12 09:53:26,0.05,1.0,1071,0.04,0.8,195,0.03,0.6,1,0.045,0.9,2108,0
IWM190913C160,2019-09-12,2019-09-12 09:53:27,0.05,1.0,1071,0.04,0.8,160,0.03,0.6,1,0.045,0.9,2108,0
IWM190913C160,2019-09-12,2019-09-12 09:53:27,0.05,1.0,1322,0.04,0.8,160,0.03,0.6,1,0.045,0.9,2108,0
IWM190913C160,2019-09-12,2019-09-12 09:53:28,0.05,1.0,1322,0.03,0.6,1682,0.03,0.6,1,0.04,0.8,2108,0
IWM190913C160,2019-09-12,2019-09-12 09:53:28,0.05,1.0,1322,0.04,0.8,240,0.03,0.6,1,0.045,0.9,2108,0
IWM190913C160,2019-09-12,2019-09-12 09:53:29,0.05,1.0,1322,0.03,0.6,1682,0.03,0.6,1,0.04,0.8,2108,0
IWM190913C160,2019-09-12,2019-09-12 09:53:29,0.05,1.0,1322,0.03,0.6,1922,0.03,0.6,1,0.04,0.8,2108,0
IWM190913C160,2019-09-12,2019-09-12 09:53:30,0.05,1.0,1322,0.03,0.6,1922,0.03,0.6,1,0.04,0.8,2108,0
IWM190913C160,2019-09-12,2019-09-12 09:53:30,0.05,1.0,1322,0.04,0.8,1,0.03,0.6,1,0.045,0.9,2108,0
IWM190913C160,2019-09-12,2019-09-12 09:53:31,0.05,1.0,1322,0.04,0.8,2,0.03,0.6,1,0.045,0.9,2108,0
IWM190913C160,2019-09-12,2019-09-12 09:53:31,0.05,1.0,1456,0.04,0.8,1,0.03,0.6,1,0.045,0.9,2108,0
IWM190913C160,2019-09-12,2019-09-12 09:53:32,0.05,1.0,1622,0.04,0.8,2,0.03,0.6,1,0.045,0.9,2108,0
IWM190913C160,2019-09-12,2019-09-12 09:53:32,0.05,1.0,1456,0.04,0.8,2,0.03,0.6,1,0.045,0.9,2108,0
IWM190913C160,2019-09-12,2019-09-12 09:53:33,0.05,1.0,1622,0.04,0.8,2,0.03,0.6,1,0.045,0.9,2108,0
IWM190913C160,2019-09-12,2019-09-12 09:53:34,0.05,1.0,1622,0.04,0.8,2,0.03,0.6,1,0.045,0.9,2108,0
IWM190913C160,2019-09-12,2019-09-12 09:53:34,0.05,1.0,1456,0.04,0.8,2,0.03,0.6,1,0.045,0.9,2108,0
IWM190913C160,2019-09-12,2019-09-12 09:53:35,0.05,1.0,1622,0.04,0.8,2,0.03,0.6,1,0.045,0.9,2108,0
IWM190913C160,2019-09-12,2019-09-12 09:53:35,0.05,1.0,1456,0.04,0.8,2,0.03,0.6,1,0.045,0.9,2108,0
IWM190913C160,2019-09-12,2019-09-12 09:53:36,0.05,1.0,1707,0.03,0.6,2385,0.03,0.6,1,0.04,0.8,2108,0
IWM190913C160,2019-09-12,2019-09-12 09:53:36,0.05,1.0,1707,0.03,0.6,1922,0.03,0.6,1,0.04,0.8,2108,0
IWM190913C160,2019-09-12,2019-09-12 09:53:37,0.05,1.0,1541,0.03,0.6,1704,0.03,0.6,1,0.04,0.8,2108,0
IWM190913C160,2019-09-12,2019-09-12 09:53:38,0.05,1.0,1622,0.03,0.6,1922,0.03,0.6,1,0.04,0.8,2108,0
IWM190913C160,2019-09-12,2019-09-12 09:53:39,0.05,1.0,1707,0.03,0.6,1922,0.03,0.6,1,0.04,0.8,2108,0
IWM190913C160,2019-09-12,2019-09-12 09:53:40,0.05,1.0,1456,0.04,0.8,20,0.03,0.6,1,0.045,0.9,2108,0
IWM190913C160,2019-09-12,2019-09-12 09:53:40,0.05,1.0,1456,0.04,0.8,12,0.03,0.6,1,0.045,0.9,2108,0
IWM190913C160,2019-09-12,2019-09-12 09:53:41,0.05,1.0,1456,0.04,0.8,76,0.03,0.6,1,0.045,0.9,2108,0
IWM190913C160,2019-09-12,2019-09-12 09:53:41,0.05,1.0,1537,0.04,0.8,114,0.03,0.6,1,0.045,0.9,2108,0
IWM190913C160,2019-09-12,2019-09-12 09:53:42,0.05,1.0,1456,0.04,0.8,114,0.03,0.6,1,0.045,0.9,2108,0
IWM190913C160,2019-09-12,2019-09-12 09:53:42,0.05,1.0,1537,0.04,0.8,114,0.03,0.6,1,0.045,0.9,2108,0
IWM190913C160,2019-09-12,2019-09-12 09:53:43,0.05,1.0,1456,0.04,0.8,114,0.03,0.6,1,0.045,0.9,2108,0
IWM190913C160,2019-09-12,2019-09-12 09:53:43,0.05,1.0,1371,0.04,0.8,114,0.03,0.6,1,0.045,0.9,2108,0
IWM190913C160,2019-09-12,2019-09-12 09:53:44,0.05,1.0,1456,0.04,0.8,114,0.03,0.6,1,0.045,0.9,2108,0
IWM190913C160,2019-09-12,2019-09-12 09:53:45,0.05,1.0,1456,0.04,0.8,19,0.03,0.6,1,0.045,0.9,2108,0
IWM190913C160,2019-09-12,2019-09-12 09:53:46,0.05,1.0,1456,0.04,0.8,57,0.03,0.6,1,0.045,0.9,2108,0
IWM190913C160,2019-09-12,2019-09-12 09:53:47,0.05,1.0,1456,0.04,0.8,156,0.03,0.6,1,0.045,0.9,2108,0
IWM190913C160,2019-09-12,2019-09-12 09:53:47,0.05,1.0,1456,0.04,0.8,180,0.03,0.6,1,0.045,0.9,2108,0
IWM190913C160,2019-09-12,2019-09-12 09:53:48,0.05,1.0,1456,0.04,0.8,238,0.03,0.6,1,0.045,0.9,2108,0
IWM190913C160,2019-09-12,2019-09-12 09:53:48,0.05,1.0,1456,0.04,0.8,187,0.03,0.6,1,0.045,0.9,2108,0
IWM190913C160,2019-09-12,2019-09-12 09:53:49,0.05,1.0,1456,0.04,0.8,238,0.03,0.6,1,0.045,0.9,2108,0
IWM190913C160,2019-09-12,2019-09-12 09:53:49,0.05,1.0,1456,0.04,0.8,127,0.03,0.6,1,0.045,0.9,2108,0
IWM190913C160,2019-09-12,2019-09-12 09:53:50,0.05,1.0,1456,0.04,0.8,69,0.03,0.6,1,0.045,0.9,2108,0
IWM190913C160,2019-09-12,2019-09-12 09:53:51,0.05,1.0,1456,0.04,0.8,1,0.03,0.6,1,0.045,0.9,2108,0
IWM190913C160,2019-09-12,2019-09-12 09:53:52,0.05,1.0,1622,0.04,0.8,1,0.03,0.6,1,0.045,0.9,2108,0
IWM190913C160,2019-09-12,2019-09-12 09:53:52,0.05,1.0,1537,0.04,0.8,1,0.03,0.6,1,0.045,0.9,2108,0
IWM190913C160,2019-09-12,2019-09-12 09:53:53,0.05,1.0,1622,0.04,0.8,1,0.03,0.6,1,0.045,0.9,2108,0
IWM190913C160,2019-09-12,2019-09-12 09:53:54,0.05,1.0,1622,0.04,0.8,1,0.03,0.6,1,0.045,0.9,2108,0
IWM190913C160,2019-09-12,2019-09-12 09:53:54,0.05,1.0,1456,0.04,0.8,1,0.03,0.6,1,0.045,0.9,2108,0
IWM190913C160,2019-09-12,2019-09-12 09:53:55,0.05,1.0,1371,0.04,0.8,1,0.03,0.6,1,0.045,0.9,2108,0
IWM190913C160,2019-09-12,2019-09-12 09:53:55,0.05,1.0,1537,0.04,0.8,1,0.03,0.6,1,0.045,0.9,2108,0
IWM190913C160,2019-09-12,2019-09-12 09:53:56,0.05,1.0,1537,0.04,0.8,1,0.03,0.6,1,0.045,0.9,2108,0
IWM190913C160,2019-09-12,2019-09-12 09:53:56,0.05,1.0,1537,0.04,0.8,269,0.03,0.6,1,0.045,0.9,2108,0
IWM190913C160,2019-09-12,2019-09-12 09:53:57,0.05,1.0,1537,0.04,0.8,269,0.03,0.6,1,0.045,0.9,2108,0
IWM190913C160,2019-09-12,2019-09-12 09:53:58,0.05,1.0,1371,0.04,0.8,269,0.03,0.6,1,0.045,0.9,2108,0
IWM190913C160,2019-09-12,2019-09-12 09:53:58,0.05,1.0,1371,0.04,0.8,184,0.03,0.6,1,0.045,0.9,2108,0
IWM190913C160,2019-09-12,2019-09-12 09:53:59,0.05,1.0,1371,0.04,0.8,292,0.03,0.6,1,0.045,0.9,2108,0
IWM190913C160,2019-09-12,2019-09-12 09:53:59,0.05,1.0,1371,0.04,0.8,269,0.03,0.6,1,0.045,0.9,2108,0
IWM190913C160,2019-09-12,2019-09-12 09:54:00,0.05,1.0,1622,0.04,0.8,269,0.03,0.6,1,0.045,0.9,2108,0
IWM190913C160,2019-09-12,2019-09-12 09:54:00,0.05,1.0,1537,0.04,0.8,160,0.03,0.6,1,0.045,0.9,2108,0
IWM190913C160,2019-09-12,2019-09-12 09:54:01,0.05,1.0,1622,0.03,0.6,2222,0.03,0.6,1,0.04,0.8,2108,0
IWM190913C160,2019-09-12,2019-09-12 09:54:01,0.05,1.0,1622,0.04,0.8,269,0.03,0.6,1,0.045,0.9,2108,0
IWM190913C160,2019-09-12,2019-09-12 09:54:02,0.05,1.0,1622,0.03,0.6,2393,0.03,0.6,1,0.04,0.8,2108,0
IWM190913C160,2019-09-12,2019-09-12 09:54:02,0.05,1.0,1707,0.04,0.8,18,0.03,0.6,1,0.045,0.9,2108,0
IWM190913C160,2019-09-12,2019-09-12 09:54:03,0.05,1.0,1622,0.04,0.8,150,0.03,0.6,1,0.045,0.9,2108,0
IWM190913C160,2019-09-12,2019-09-12 09:54:03,0.05,1.0,1707,0.04,0.8,18,0.03,0.6,1,0.045,0.9,2108,0
IWM190913C160,2019-09-12,2019-09-12 09:54:04,0.05,1.0,1456,0.04,0.8,150,0.03,0.6,1,0.045,0.9,2108,0
IWM190913C160,2019-09-12,2019-09-12 09:54:05,0.05,1.0,1707,0.04,0.8,13,0.04,0.8,5,0.045,0.9,2113,5
IWM190913C160,2019-09-12,2019-09-12 09:54:05,0.05,1.0,1707,0.04,0.8,13,0.04,0.8,5,0.045,0.9,2113,0
IWM190913C160,2019-09-12,2019-09-12 09:54:06,0.05,1.0,1707,0.03,0.6,1922,0.04,0.8,5,0.04,0.8,2113,0
IWM190913C160,2019-09-12,2019-09-12 09:54:06,0.04,0.8,150,0.03,0.6,1922,0.04,0.8,5,0.035,0.7,2113,0
IWM190913C160,2019-09-12,2019-09-12 09:54:07,0.04,0.8,150,0.03,0.6,1922,0.04,0.8,5,0.035,0.7,2113,0
IWM190913C160,2019-09-12,2019-09-12 09:54:08,0.04,0.8,150,0.03,0.6,1922,0.04,0.8,5,0.035,0.7,2113,0
IWM190913C160,2019-09-12,2019-09-12 09:54:09,0.04,0.8,150,0.03,0.6,1922,0.04,0.8,5,0.035,0.7,2113,0
IWM190913C160,2019-09-12,2019-09-12 09:54:10,0.04,0.8,150,0.03,0.6,1922,0.04,0.8,5,0.035,0.7,2113,0
IWM190913C160,2019-09-12,2019-09-12 09:54:11,0.04,0.8,150,0.03,0.6,1824,0.04,0.8,5,0.035,0.7,2113,0
IWM190913C160,2019-09-12,2019-09-12 09:54:12,0.04,0.8,150,0.03,0.6,1824,0.04,0.8,5,0.035,0.7,2113,0
IWM190913C160,2019-09-12,2019-09-12 09:54:13,0.04,0.8,18,0.03,0.6,1824,0.04,0.8,5,0.035,0.7,2113,0
IWM190913C160,2019-09-12,2019-09-12 09:54:14,0.05,1.0,1622,0.03,0.6,2124,0.04,0.8,5,0.04,0.8,2118,0
IWM190913C160,2019-09-12,2019-09-12 09:54:14,0.05,1.0,1707,0.04,0.8,1,0.04,0.8,5,0.045,0.9,2118,5
IWM190913C160,2019-09-12,2019-09-12 09:54:15,0.05,1.0,1622,0.03,0.6,1824,0.04,0.8,5,0.04,0.8,2118,0
IWM190913C160,2019-09-12,2019-09-12 09:54:15,0.05,1.0,1622,0.03,0.6,1866,0.04,0.8,5,0.04,0.8,2118,0
IWM190913C160,2019-09-12,2019-09-12 09:54:16,0.05,1.0,1707,0.03,0.6,1866,0.04,0.8,5,0.04,0.8,2118,0
IWM190913C160,2019-09-12,2019-09-12 09:54:17,0.05,1.0,1707,0.03,0.6,1866,0.04,0.8,5,0.04,0.8,2118,0
IWM190913C160,2019-09-12,2019-09-12 09:54:17,0.05,1.0,1622,0.03,0.6,1866,0.04,0.8,5,0.04,0.8,2118,0
IWM190913C160,2019-09-12,2019-09-12 09:54:18,0.05,1.0,2120,0.03,0.6,1866,0.04,0.8,5,0.04,0.8,2118,0
IWM190913C160,2019-09-12,2019-09-12 09:54:18,0.05,1.0,2120,0.04,0.8,150,0.04,0.8,5,0.045,0.9,2118,0
IWM190913C160,2019-09-12,2019-09-12 09:54:19,0.05,1.0,2120,0.04,0.8,150,0.04,0.8,5,0.045,0.9,2118,0
IWM190913C160,2019-09-12,2019-09-12 09:54:20,0.05,1.0,2205,0.04,0.8,150,0.04,0.8,5,0.045,0.9,2118,0
IWM190913C160,2019-09-12,2019-09-12 09:54:21,0.04,0.8,101,0.03,0.6,1866,0.04,0.8,5,0.035,0.7,2118,0
IWM190913C160,2019-09-12,2019-09-12 09:54:21,0.05,1.0,1407,0.03,0.6,1866,0.04,0.8,5,0.04,0.8,2118,0
IWM190913C160,2019-09-12,2019-09-12 09:54:22,0.04,0.8,101,0.03,0.6,1866,0.04,0.8,5,0.035,0.7,2118,0
IWM190913C160,2019-09-12,2019-09-12 09:54:22,0.04,0.8,7,0.03,0.6,1854,0.04,0.8,5,0.035,0.7,2118,0
IWM190913C160,2019-09-12,2019-09-12 09:54:23,0.04,0.8,14,0.03,0.6,2154,0.04,0.8,5,0.035,0.7,2118,0
IWM190913C160,2019-09-12,2019-09-12 09:54:23,0.05,1.0,1707,0.03,0.6,1854,0.04,0.8,5,0.04,0.8,2118,0
IWM190913C160,2019-09-12,2019-09-12 09:54:24,0.05,1.0,1707,0.03,0.6,1854,0.04,0.8,5,0.04,0.8,2118,0
IWM190913C160,2019-09-12,2019-09-12 09:54:25,0.05,1.0,1622,0.03,0.6,1854,0.04,0.8,5,0.04,0.8,2118,0
IWM190913C160,2019-09-12,2019-09-12 09:54:25,0.05,1.0,1707,0.03,0.6,1854,0.04,0.8,5,0.04,0.8,2118,0
IWM190913C160,2019-09-12,2019-09-12 09:54:26,0.05,1.0,1622,0.04,0.8,150,0.04,0.8,5,0.045,0.9,2118,0
IWM190913C160,2019-09-12,2019-09-12 09:54:26,0.05,1.0,1456,0.04,0.8,150,0.04,0.8,5,0.045,0.9,2118,0
IWM190913C160,2019-09-12,2019-09-12 09:54:27,0.05,1.0,1622,0.04,0.8,150,0.04,0.8,5,0.045,0.9,2118,0
IWM190913C160,2019-09-12,2019-09-12 09:54:28,0.05,1.0,1456,0.04,0.8,150,0.04,0.8,5,0.045,0.9,2118,0
IWM190913C160,2019-09-12,2019-09-12 09:54:29,0.05,1.0,1622,0.04,0.8,150,0.04,0.8,5,0.045,0.9,2118,0
IWM190913C160,2019-09-12,2019-09-12 09:54:30,0.05,1.0,1622,0.04,0.8,150,0.04,0.8,5,0.045,0.9,2118,0
IWM190913C160,2019-09-12,2019-09-12 09:54:31,0.05,1.0,1622,0.04,0.8,150,0.04,0.8,5,0.045,0.9,2118,0
IWM190913C160,2019-09-12,2019-09-12 09:54:31,0.05,1.0,1456,0.04,0.8,150,0.04,0.8,5,0.045,0.9,2118,0
IWM190913C160,2019-09-12,2019-09-12 09:54:32,0.05,1.0,1942,0.04,0.8,150,0.04,0.8,5,0.045,0.9,2118,0
IWM190913C160,2019-09-12,2019-09-12 09:54:33,0.05,1.0,1942,0.04,0.8,173,0.04,0.8,5,0.045,0.9,2118,0
IWM190913C160,2019-09-12,2019-09-12 09:54:33,0.05,1.0,1942,0.04,0.8,150,0.04,0.8,5,0.045,0.9,2118,0
IWM190913C160,2019-09-12,2019-09-12 09:54:34,0.05,1.0,1456,0.04,0.8,150,0.04,0.8,5,0.045,0.9,2118,0
IWM190913C160,2019-09-12,2019-09-12 09:54:35,0.05,1.0,1456,0.04,0.8,150,0.04,0.8,5,0.045,0.9,2118,0
IWM190913C160,2019-09-12,2019-09-12 09:54:36,0.05,1.0,1456,0.04,0.8,180,0.04,0.8,5,0.045,0.9,2118,0
IWM190913C160,2019-09-12,2019-09-12 09:54:37,0.05,1.0,1456,0.04,0.8,180,0.04,0.8,5,0.045,0.9,2118,0
IWM190913C160,2019-09-12,2019-09-12 09:54:38,0.05,1.0,1456,0.04,0.8,180,0.04,0.8,5,0.045,0.9,2118,0
IWM190913C160,2019-09-12,2019-09-12 09:54:39,0.05,1.0,1456,0.04,0.8,210,0.04,0.8,5,0.045,0.9,2118,0
IWM190913C160,2019-09-12,2019-09-12 09:54:39,0.05,1.0,1456,0.04,0.8,180,0.04,0.8,5,0.045,0.9,2118,0
IWM190913C160,2019-09-12,2019-09-12 09:54:40,0.05,1.0,1456,0.04,0.8,210,0.04,0.8,5,0.045,0.9,2118,0
IWM190913C160,2019-09-12,2019-09-12 09:54:40,0.05,1.0,1622,0.04,0.8,210,0.04,0.8,5,0.045,0.9,2118,0
IWM190913C160,2019-09-12,2019-09-12 09:54:41,0.05,1.0,1456,0.04,0.8,210,0.04,0.8,5,0.045,0.9,2118,0
IWM190913C160,2019-09-12,2019-09-12 09:54:42,0.05,1.0,1456,0.04,0.8,95,0.04,0.8,5,0.045,0.9,2118,0
IWM190913C160,2019-09-12,2019-09-12 09:54:43,0.05,1.0,1456,0.04,0.8,95,0.04,0.8,5,0.045,0.9,2118,0
IWM190913C160,2019-09-12,2019-09-12 09:54:44,0.05,1.0,1371,0.04,0.8,118,0.04,0.8,5,0.045,0.9,2118,0
IWM190913C160,2019-09-12,2019-09-12 09:54:44,0.05,1.0,1456,0.04,0.8,118,0.04,0.8,5,0.045,0.9,2118,0
IWM190913C160,2019-09-12,2019-09-12 09:54:45,0.05,1.0,1371,0.04,0.8,278,0.04,0.8,5,0.045,0.9,2118,0
IWM190913C160,2019-09-12,2019-09-12 09:54:46,0.05,1.0,1371,0.04,0.8,278,0.04,0.8,5,0.045,0.9,2118,0
IWM190913C160,2019-09-12,2019-09-12 09:54:47,0.05,1.0,1371,0.04,0.8,278,0.04,0.8,5,0.045,0.9,2118,0
IWM190913C160,2019-09-12,2019-09-12 09:54:48,0.05,1.0,1371,0.04,0.8,278,0.04,0.8,5,0.045,0.9,2118,0
IWM190913C160,2019-09-12,2019-09-12 09:54:48,0.05,1.0,1286,0.04,0.8,500,0.04,0.8,5,0.045,0.9,2118,0
IWM190913C160,2019-09-12,2019-09-12 09:54:49,0.05,1.0,1371,0.04,0.8,500,0.04,0.8,5,0.045,0.9,2118,0
IWM190913C160,2019-09-12,2019-09-12 09:54:49,0.05,1.0,1286,0.04,0.8,500,0.04,0.8,5,0.045,0.9,2118,0
IWM190913C160,2019-09-12,2019-09-12 09:54:50,0.05,1.0,1537,0.04,0.8,1036,0.04,0.8,5,0.045,0.9,2118,0
IWM190913C160,2019-09-12,2019-09-12 09:54:50,0.05,1.0,1452,0.04,0.8,1185,0.04,0.8,5,0.045,0.9,2118,0
IWM190913C160,2019-09-12,2019-09-12 09:54:51,0.05,1.0,1537,0.04,0.8,1036,0.04,0.8,5,0.045,0.9,2118,0
IWM190913C160,2019-09-12,2019-09-12 09:54:52,0.05,1.0,1537,0.04,0.8,1036,0.04,0.8,5,0.045,0.9,2118,0
IWM190913C160,2019-09-12,2019-09-12 09:54:52,0.05,1.0,1452,0.04,0.8,1036,0.04,0.8,5,0.045,0.9,2118,0
IWM190913C160,2019-09-12,2019-09-12 09:54:53,0.05,1.0,1495,0.04,0.8,925,0.04,0.8,5,0.045,0.9,2118,0
IWM190913C160,2019-09-12,2019-09-12 09:54:53,0.05,1.0,1410,0.04,0.8,925,0.04,0.8,5,0.045,0.9,2118,0
IWM190913C160,2019-09-12,2019-09-12 09:54:54,0.05,1.0,1410,0.04,0.8,925,0.04,0.8,5,0.045,0.9,2118,0
IWM190913C160,2019-09-12,2019-09-12 09:54:55,0.05,1.0,934,0.04,0.8,1306,0.04,0.8,5,0.045,0.9,2118,0
IWM190913C160,2019-09-12,2019-09-12 09:54:55,0.05,1.0,1410,0.04,0.8,925,0.04,0.8,5,0.045,0.9,2118,0
IWM190913C160,2019-09-12,2019-09-12 09:54:56,0.05,1.0,934,0.04,0.8,1078,0.04,0.8,5,0.045,0.9,2118,0
IWM190913C160,2019-09-12,2019-09-12 09:54:56,0.05,1.0,934,0.04,0.8,1394,0.04,0.8,5,0.045,0.9,2118,0
IWM190913C160,2019-09-12,2019-09-12 09:54:57,0.05,1.0,934,0.04,0.8,1078,0.04,0.8,5,0.045,0.9,2118,0
IWM190913C160,2019-09-12,2019-09-12 09:54:58,0.05,1.0,964,0.04,0.8,1198,0.04,0.8,5,0.045,0.9,2118,0
IWM190913C160,2019-09-12,2019-09-12 09:54:58,0.05,1.0,934,0.04,0.8,1078,0.04,0.8,5,0.045,0.9,2118,0
IWM190913C160,2019-09-12,2019-09-12 09:54:59,0.05,1.0,619,0.04,0.8,898,0.04,0.8,5,0.045,0.9,2118,0
IWM190913C160,2019-09-12,2019-09-12 09:54:59,0.05,1.0,619,0.04,0.8,1217,0.04,0.8,5,0.045,0.9,2118,0
IWM190913C160,2019-09-12,2019-09-12 09:55:00,0.05,1.0,911,0.04,0.8,1562,0.04,0.8,5,0.045,0.9,2118,0
IWM190913C160,2019-09-12,2019-09-12 09:55:01,0.05,1.0,956,0.04,0.8,1243,0.04,0.8,5,0.045,0.9,2118,0
IWM190913C160,2019-09-12,2019-09-12 09:55:01,0.05,1.0,911,0.04,0.8,1562,0.04,0.8,5,0.045,0.9,2118,0
IWM190913C160,2019-09-12,2019-09-12 09:55:02,0.05,1.0,956,0.04,0.8,1243,0.04,0.8,5,0.045,0.9,2118,0
IWM190913C160,2019-09-12,2019-09-12 09:55:03,0.05,1.0,956,0.04,0.8,1198,0.04,0.8,5,0.045,0.9,2118,0
IWM190913C160,2019-09-12,2019-09-12 09:55:03,0.05,1.0,956,0.04,0.8,1243,0.04,0.8,5,0.045,0.9,2118,0
IWM190913C160,2019-09-12,2019-09-12 09:55:04,0.05,1.0,956,0.04,0.8,1198,0.04,0.8,5,0.045,0.9,2118,0
IWM190913C160,2019-09-12,2019-09-12 09:55:04,0.05,1.0,956,0.04,0.8,1243,0.04,0.8,5,0.045,0.9,2118,0
IWM190913C160,2019-09-12,2019-09-12 09:55:05,0.05,1.0,911,0.04,0.8,1243,0.04,0.8,5,0.045,0.9,2118,0
IWM190913C160,2019-09-12,2019-09-12 09:55:05,0.05,1.0,956,0.04,0.8,1531,0.04,0.8,5,0.045,0.9,2118,0
IWM190913C160,2019-09-12,2019-09-12 09:55:06,0.05,1.0,911,0.04,0.8,1243,0.04,0.8,5,0.045,0.9,2118,0
IWM190913C160,2019-09-12,2019-09-12 09:55:06,0.05,1.0,956,0.04,0.8,1243,0.04,0.8,5,0.045,0.9,2118,0
IWM190913C160,2019-09-12,2019-09-12 09:55:07,0.05,1.0,956,0.04,0.8,1243,0.04,0.8,5,0.045,0.9,2118,0
IWM190913C160,2019-09-12,2019-09-12 09:55:08,0.05,1.0,911,0.04,0.8,1243,0.04,0.8,5,0.045,0.9,2118,0
IWM190913C160,2019-09-12,2019-09-12 09:55:09,0.05,1.0,911,0.04,0.8,1243,0.04,0.8,5,0.045,0.9,2118,0
IWM190913C160,2019-09-12,2019-09-12 09:55:09,0.05,1.0,956,0.04,0.8,1243,0.04,0.8,5,0.045,0.9,2118,0
IWM190913C160,2019-09-12,2019-09-12 09:55:10,0.05,1.0,857,0.04,0.8,1182,0.04,0.8,5,0.045,0.9,2118,0
IWM190913C160,2019-09-12,2019-09-12 09:55:10,0.05,1.0,664,0.04,0.8,898,0.04,0.8,5,0.045,0.9,2118,0
IWM190913C160,2019-09-12,2019-09-12 09:55:11,0.05,1.0,964,0.04,0.8,1182,0.04,0.8,5,0.045,0.9,2118,0
IWM190913C160,2019-09-12,2019-09-12 09:55:11,0.05,1.0,1049,0.04,0.8,1136,0.04,0.8,5,0.045,0.9,2118,0
IWM190913C160,2019-09-12,2019-09-12 09:55:12,0.05,1.0,964,0.04,0.8,1136,0.04,0.8,5,0.045,0.9,2118,0
IWM190913C160,2019-09-12,2019-09-12 09:55:12,0.05,1.0,1049,0.04,0.8,1136,0.04,0.8,5,0.045,0.9,2118,0
IWM190913C160,2019-09-12,2019-09-12 09:55:13,0.05,1.0,1049,0.04,0.8,671,0.04,0.8,5,0.045,0.9,2118,0
IWM190913C160,2019-09-12,2019-09-12 09:55:14,0.05,1.0,1049,0.04,0.8,671,0.04,0.8,5,0.045,0.9,2118,0
IWM190913C160,2019-09-12,2019-09-12 09:55:15,0.05,1.0,1049,0.04,0.8,671,0.04,0.8,5,0.045,0.9,2118,0
IWM190913C160,2019-09-12,2019-09-12 09:55:16,0.05,1.0,1495,0.04,0.8,671,0.04,0.8,5,0.045,0.9,2118,0
IWM190913C160,2019-09-12,2019-09-12 09:55:17,0.05,1.0,964,0.04,0.8,671,0.04,0.8,5,0.045,0.9,2118,0
IWM190913C160,2019-09-12,2019-09-12 09:55:18,0.05,1.0,964,0.04,0.8,671,0.04,0.8,5,0.045,0.9,2118,0
IWM190913C160,2019-09-12,2019-09-12 09:55:18,0.05,1.0,964,0.04,0.8,1136,0.04,0.8,5,0.045,0.9,2118,0
IWM190913C160,2019-09-12,2019-09-12 09:55:19,0.05,1.0,995,0.04,0.8,1198,0.04,0.8,5,0.045,0.9,2118,0
IWM190913C160,2019-09-12,2019-09-12 09:55:19,0.05,1.0,929,0.04,0.8,898,0.04,0.8,5,0.045,0.9,2118,0
IWM190913C160,2019-09-12,2019-09-12 09:55:20,0.05,1.0,1225,0.04,0.8,1182,0.04,0.8,5,0.045,0.9,2118,0
IWM190913C160,2019-09-12,2019-09-12 09:55:21,0.05,1.0,1225,0.04,0.8,1182,0.04,0.8,5,0.045,0.9,2118,0
IWM190913C160,2019-09-12,2019-09-12 09:55:22,0.05,1.0,1225,0.04,0.8,1182,0.04,0.8,5,0.045,0.9,2118,0
IWM190913C160,2019-09-12,2019-09-12 09:55:23,0.05,1.0,1310,0.04,0.8,1128,0.04,0.8,5,0.045,0.9,2118,0
IWM190913C160,2019-09-12,2019-09-12 09:55:24,0.05,1.0,1310,0.04,0.8,695,0.04,0.8,5,0.045,0.9,2118,0
IWM190913C160,2019-09-12,2019-09-12 09:55:25,0.05,1.0,1310,0.04,0.8,695,0.04,0.8,5,0.045,0.9,2118,0
IWM190913C160,2019-09-12,2019-09-12 09:55:26,0.05,1.0,664,0.04,0.8,837,0.04,0.8,5,0.045,0.9,2118,0
IWM190913C160,2019-09-12,2019-09-12 09:55:26,0.05,1.0,1310,0.04,0.8,333,0.04,0.8,5,0.045,0.9,2118,0
IWM190913C160,2019-09-12,2019-09-12 09:55:27,0.05,1.0,964,0.04,0.8,1137,0.04,0.8,5,0.045,0.9,2118,0
IWM190913C160,2019-09-12,2019-09-12 09:55:28,0.05,1.0,1434,0.04,0.8,654,0.04,0.8,5,0.045,0.9,2118,0
IWM190913C160,2019-09-12,2019-09-12 09:55:28,0.05,1.0,1349,0.04,0.8,1137,0.04,0.8,5,0.045,0.9,2118,0
IWM190913C160,2019-09-12,2019-09-12 09:55:29,0.05,1.0,1434,0.04,0.8,654,0.04,0.8,5,0.045,0.9,2118,0
IWM190913C160,2019-09-12,2019-09-12 09:55:30,0.05,1.0,1434,0.04,0.8,620,0.04,0.8,5,0.045,0.9,2118,0
IWM190913C160,2019-09-12,2019-09-12 09:55:31,0.05,1.0,1434,0.04,0.8,620,0.04,0.8,5,0.045,0.9,2118,0
IWM190913C160,2019-09-12,2019-09-12 09:55:32,0.05,1.0,1280,0.04,0.8,620,0.04,0.8,5,0.045,0.9,2118,0
IWM190913C160,2019-09-12,2019-09-12 09:55:33,0.05,1.0,1726,0.04,0.8,620,0.04,0.8,5,0.045,0.9,2118,0
IWM190913C160,2019-09-12,2019-09-12 09:55:34,0.05,1.0,1726,0.04,0.8,310,0.04,0.8,5,0.045,0.9,2118,0
IWM190913C160,2019-09-12,2019-09-12 09:55:34,0.05,1.0,1726,0.04,0.8,620,0.04,0.8,5,0.045,0.9,2118,0
IWM190913C160,2019-09-12,2019-09-12 09:55:35,0.05,1.0,1726,0.04,0.8,310,0.04,0.8,5,0.045,0.9,2118,0
IWM190913C160,2019-09-12,2019-09-12 09:55:36,0.05,1.0,1726,0.04,0.8,310,0.04,0.8,5,0.045,0.9,2118,0
IWM190913C160,2019-09-12,2019-09-12 09:55:37,0.05,1.0,1726,0.04,0.8,310,0.04,0.8,5,0.045,0.9,2118,0
IWM190913C160,2019-09-12,2019-09-12 09:55:38,0.05,1.0,1726,0.04,0.8,310,0.04,0.8,5,0.045,0.9,2118,0
IWM190913C160,2019-09-12,2019-09-12 09:55:39,0.05,1.0,1195,0.04,0.8,696,0.04,0.8,5,0.045,0.9,2118,0
IWM190913C160,2019-09-12,2019-09-12 09:55:39,0.05,1.0,1641,0.04,0.8,310,0.04,0.8,5,0.045,0.9,2118,0
IWM190913C160,2019-09-12,2019-09-12 09:55:40,0.05,1.0,1195,0.04,0.8,696,0.04,0.8,5,0.045,0.9,2118,0
IWM190913C160,2019-09-12,2019-09-12 09:55:41,0.05,1.0,1353,0.04,0.8,1196,0.04,0.8,5,0.045,0.9,2118,0
IWM190913C160,2019-09-12,2019-09-12 09:55:41,0.05,1.0,1195,0.04,0.8,696,0.04,0.8,5,0.045,0.9,2118,0
IWM190913C160,2019-09-12,2019-09-12 09:55:42,0.05,1.0,1438,0.04,0.8,682,0.04,0.8,5,0.045,0.9,2118,0
IWM190913C160,2019-09-12,2019-09-12 09:55:42,0.05,1.0,1438,0.04,0.8,1113,0.04,0.8,5,0.045,0.9,2118,0
IWM190913C160,2019-09-12,2019-09-12 09:55:43,0.05,1.0,1438,0.04,0.8,1113,0.04,0.8,5,0.045,0.9,2118,0
IWM190913C160,2019-09-12,2019-09-12 09:55:44,0.05,1.0,1440,0.04,0.8,1178,0.04,0.8,5,0.045,0.9,2118,0
IWM190913C160,2019-09-12,2019-09-12 09:55:44,0.05,1.0,1355,0.04,0.8,1178,0.04,0.8,5,0.045,0.9,2118,0
IWM190913C160,2019-09-12,2019-09-12 09:55:45,0.05,1.0,1440,0.04,0.8,696,0.04,0.8,5,0.045,0.9,2118,0
IWM190913C160,2019-09-12,2019-09-12 09:55:46,0.05,1.0,1355,0.04,0.8,1178,0.04,0.8,5,0.045,0.9,2118,0
IWM190913C160,2019-09-12,2019-09-12 09:55:47,0.05,1.0,1355,0.04,0.8,1178,0.04,0.8,5,0.045,0.9,2118,0
IWM190913C160,2019-09-12,2019-09-12 09:55:48,0.05,1.0,1355,0.04,0.8,1178,0.04,0.8,5,0.045,0.9,2118,0
IWM190913C160,2019-09-12,2019-09-12 09:55:49,0.05,1.0,1355,0.04,0.8,1104,0.04,0.8,5,0.045,0.9,2118,0
IWM190913C160,2019-09-12,2019-09-12 09:55:50,0.05,1.0,1171,0.04,0.8,1241,0.04,0.8,5,0.045,0.9,2118,0
IWM190913C160,2019-09-12,2019-09-12 09:55:50,0.05,1.0,1171,0.04,0.8,1687,0.04,0.8,5,0.045,0.9,2118,0
IWM190913C160,2019-09-12,2019-09-12 09:55:51,0.05,1.0,904,0.04,0.8,1241,0.04,0.8,5,0.045,0.9,2118,0
IWM190913C160,2019-09-12,2019-09-12 09:55:52,0.05,1.0,904,0.04,0.8,1241,0.04,0.8,5,0.045,0.9,2118,0
IWM190913C160,2019-09-12,2019-09-12 09:55:53,0.05,1.0,949,0.04,0.8,702,0.04,0.8,5,0.045,0.9,2118,0
IWM190913C160,2019-09-12,2019-09-12 09:55:54,0.05,1.0,909,0.04,0.8,1232,0.04,0.8,5,0.045,0.9,2118,0
IWM190913C160,2019-09-12,2019-09-12 09:55:54,0.05,1.0,909,0.04,0.8,696,0.04,0.8,5,0.045,0.9,2118,0
IWM190913C160,2019-09-12,2019-09-12 09:55:55,0.05,1.0,909,0.04,0.8,1187,0.04,0.8,5,0.045,0.9,2118,0
IWM190913C160,2019-09-12,2019-09-12 09:55:56,0.05,1.0,1272,0.04,0.8,1232,0.04,0.8,5,0.045,0.9,2118,0
IWM190913C160,2019-09-12,2019-09-12 09:55:57,0.05,1.0,1272,0.04,0.8,1232,0.04,0.8,5,0.045,0.9,2118,0
IWM190913C160,2019-09-12,2019-09-12 09:55:57,0.05,1.0,1272,0.04,0.8,1187,0.04,0.8,5,0.045,0.9,2118,0
IWM190913C160,2019-09-12,2019-09-12 09:55:58,0.05,1.0,1272,0.04,0.8,1187,0.04,0.8,5,0.045,0.9,2118,0
IWM190913C160,2019-09-12,2019-09-12 09:55:59,0.05,1.0,1272,0.04,0.8,1187,0.04,0.8,5,0.045,0.9,2118,0
IWM190913C160,2019-09-12,2019-09-12 09:55:59,0.05,1.0,1272,0.04,0.8,1232,0.04,0.8,5,0.045,0.9,2118,0
IWM190913C160,2019-09-12,2019-09-12 09:56:00,0.05,1.0,1272,0.04,0.8,1187,0.04,0.8,5,0.045,0.9,2118,0
IWM190913C160,2019-09-12,2019-09-12 09:56:01,0.05,1.0,1272,0.04,0.8,150,0.04,0.8,5,0.045,0.9,2118,0
IWM190913C160,2019-09-12,2019-09-12 09:56:01,0.05,1.0,1272,0.04,0.8,1187,0.04,0.8,5,0.045,0.9,2118,0
IWM190913C160,2019-09-12,2019-09-12 09:56:02,0.05,1.0,968,0.04,0.8,577,0.04,0.8,5,0.045,0.9,2118,0
IWM190913C160,2019-09-12,2019-09-12 09:56:03,0.05,1.0,996,0.04,0.8,577,0.04,0.8,5,0.045,0.9,2118,0
IWM190913C160,2019-09-12,2019-09-12 09:56:04,0.05,1.0,996,0.04,0.8,577,0.04,0.8,5,0.045,0.9,2118,0
IWM190913C160,2019-09-12,2019-09-12 09:56:05,0.05,1.0,628,0.04,0.8,465,0.04,0.8,5,0.045,0.9,2118,0
IWM190913C160,2019-09-12,2019-09-12 09:56:05,0.05,1.0,996,0.04,0.8,577,0.04,0.8,5,0.045,0.9,2118,0
IWM190913C160,2019-09-12,2019-09-12 09:56:06,0.05,1.0,924,0.04,0.8,696,0.04,0.8,5,0.045,0.9,2118,0
IWM190913C160,2019-09-12,2019-09-12 09:56:07,0.05,1.0,924,0.04,0.8,1191,0.04,0.8,5,0.045,0.9,2118,0
IWM190913C160,2019-09-12,2019-09-12 09:56:08,0.05,1.0,924,0.04,0.8,891,0.04,0.8,5,0.045,0.9,2118,0
IWM190913C160,2019-09-12,2019-09-12 09:56:09,0.05,1.0,924,0.04,0.8,891,0.04,0.8,5,0.045,0.9,2118,0
IWM190913C160,2019-09-12,2019-09-12 09:56:10,0.05,1.0,924,0.04,0.8,891,0.04,0.8,5,0.045,0.9,2118,0
IWM190913C160,2019-09-12,2019-09-12 09:56:11,0.05,1.0,1293,0.04,0.8,891,0.04,0.8,5,0.045,0.9,2118,0
IWM190913C160,2019-09-12,2019-09-12 09:56:12,0.05,1.0,1293,0.04,0.8,891,0.04,0.8,5,0.045,0.9,2118,0
IWM190913C160,2019-09-12,2019-09-12 09:56:13,0.05,1.0,1293,0.04,0.8,891,0.04,0.8,5,0.045,0.9,2118,0
IWM190913C160,2019-09-12,2019-09-12 09:56:14,0.05,1.0,1293,0.04,0.8,891,0.04,0.8,5,0.045,0.9,2118,0
IWM190913C160,2019-09-12,2019-09-12 09:56:15,0.05,1.0,1293,0.04,0.8,891,0.04,0.8,5,0.045,0.9,2118,0
IWM190913C160,2019-09-12,2019-09-12 09:56:16,0.05,1.0,1293,0.04,0.8,891,0.04,0.8,5,0.045,0.9,2118,0
IWM190913C160,2019-09-12,2019-09-12 09:56:17,0.05,1.0,924,0.04,0.8,891,0.04,0.8,5,0.045,0.9,2118,0
IWM190913C160,2019-09-12,2019-09-12 09:56:17,0.05,1.0,1293,0.04,0.8,891,0.04,0.8,5,0.045,0.9,2118,0
IWM190913C160,2019-09-12,2019-09-12 09:56:18,0.05,1.0,924,0.04,0.8,1349,0.04,0.8,5,0.045,0.9,2118,0
IWM190913C160,2019-09-12,2019-09-12 09:56:19,0.05,1.0,924,0.04,0.8,1349,0.04,0.8,5,0.045,0.9,2118,0
IWM190913C160,2019-09-12,2019-09-12 09:56:19,0.05,1.0,1230,0.04,0.8,1394,0.04,0.8,5,0.045,0.9,2118,0
IWM190913C160,2019-09-12,2019-09-12 09:56:20,0.05,1.0,1275,0.04,0.8,1394,0.04,0.8,5,0.045,0.9,2118,0
IWM190913C160,2019-09-12,2019-09-12 09:56:20,0.05,1.0,1230,0.04,0.8,1394,0.04,0.8,5,0.045,0.9,2118,0
IWM190913C160,2019-09-12,2019-09-12 09:56:21,0.05,1.0,1275,0.04,0.8,923,0.04,0.8,5,0.045,0.9,2118,0
IWM190913C160,2019-09-12,2019-09-12 09:56:21,0.05,1.0,1733,0.04,0.8,160,0.04,0.8,5,0.045,0.9,2118,0
IWM190913C160,2019-09-12,2019-09-12 09:56:22,0.05,1.0,1733,0.04,0.8,160,0.04,0.8,5,0.045,0.9,2118,0
IWM190913C160,2019-09-12,2019-09-12 09:56:22,0.05,1.0,1733,0.04,0.8,213,0.04,0.8,5,0.045,0.9,2118,0
IWM190913C160,2019-09-12,2019-09-12 09:56:23,0.05,1.0,1733,0.04,0.8,160,0.04,0.8,5,0.045,0.9,2118,0
IWM190913C160,2019-09-12,2019-09-12 09:56:23,0.05,1.0,1733,0.04,0.8,209,0.04,0.8,5,0.045,0.9,2118,0
IWM190913C160,2019-09-12,2019-09-12 09:56:24,0.05,1.0,1733,0.04,0.8,814,0.04,0.8,5,0.045,0.9,2118,0
IWM190913C160,2019-09-12,2019-09-12 09:56:25,0.05,1.0,1615,0.04,0.8,160,0.04,0.8,5,0.045,0.9,2118,0
IWM190913C160,2019-09-12,2019-09-12 09:56:25,0.05,1.0,1769,0.04,0.8,648,0.04,0.8,5,0.045,0.9,2118,0
IWM190913C160,2019-09-12,2019-09-12 09:56:26,0.05,1.0,1769,0.04,0.8,876,0.04,0.8,5,0.045,0.9,2118,0
IWM190913C160,2019-09-12,2019-09-12 09:56:26,0.05,1.0,1769,0.04,0.8,648,0.04,0.8,5,0.045,0.9,2118,0
IWM190913C160,2019-09-12,2019-09-12 09:56:27,0.05,1.0,1769,0.04,0.8,876,0.04,0.8,5,0.045,0.9,2118,0
IWM190913C160,2019-09-12,2019-09-12 09:56:28,0.05,1.0,1769,0.04,0.8,876,0.04,0.8,5,0.045,0.9,2118,0
IWM190913C160,2019-09-12,2019-09-12 09:56:28,0.05,1.0,1769,0.04,0.8,361,0.04,0.8,5,0.045,0.9,2118,0
IWM190913C160,2019-09-12,2019-09-12 09:56:29,0.05,1.0,1769,0.04,0.8,746,0.04,0.8,5,0.045,0.9,2118,0
IWM190913C160,2019-09-12,2019-09-12 09:56:30,0.05,1.0,1769,0.04,0.8,746,0.04,0.8,5,0.045,0.9,2118,0
IWM190913C160,2019-09-12,2019-09-12 09:56:31,0.05,1.0,1769,0.04,0.8,746,0.04,0.8,5,0.045,0.9,2118,0
IWM190913C160,2019-09-12,2019-09-12 09:56:32,0.05,1.0,1769,0.04,0.8,465,0.04,0.8,5,0.045,0.9,2118,0
IWM190913C160,2019-09-12,2019-09-12 09:56:32,0.05,1.0,1769,0.04,0.8,222,0.04,0.8,5,0.045,0.9,2118,0
IWM190913C160,2019-09-12,2019-09-12 09:56:33,0.05,1.0,1769,0.04,0.8,160,0.04,0.8,5,0.045,0.9,2118,0
IWM190913C160,2019-09-12,2019-09-12 09:56:33,0.05,1.0,1769,0.04,0.8,221,0.04,0.8,5,0.045,0.9,2118,0
IWM190913C160,2019-09-12,2019-09-12 09:56:34,0.05,1.0,1769,0.04,0.8,160,0.04,0.8,5,0.045,0.9,2118,0
IWM190913C160,2019-09-12,2019-09-12 09:56:35,0.05,1.0,1854,0.04,0.8,738,0.04,0.8,5,0.045,0.9,2118,0
IWM190913C160,2019-09-12,2019-09-12 09:56:35,0.05,1.0,1769,0.04,0.8,738,0.04,0.8,5,0.045,0.9,2118,0
IWM190913C160,2019-09-12,2019-09-12 09:56:36,0.05,1.0,1418,0.04,0.8,738,0.04,0.8,5,0.045,0.9,2118,0
IWM190913C160,2019-09-12,2019-09-12 09:56:36,0.05,1.0,1854,0.04,0.8,738,0.04,0.8,5,0.045,0.9,2118,0
IWM190913C160,2019-09-12,2019-09-12 09:56:37,0.05,1.0,1418,0.04,0.8,738,0.04,0.8,5,0.045,0.9,2118,0
IWM190913C160,2019-09-12,2019-09-12 09:56:38,0.05,1.0,1883,0.04,0.8,738,0.04,0.8,5,0.045,0.9,2118,0
IWM190913C160,2019-09-12,2019-09-12 09:56:39,0.05,1.0,1883,0.04,0.8,738,0.04,0.8,5,0.045,0.9,2118,0
IWM190913C160,2019-09-12,2019-09-12 09:56:40,0.05,1.0,1883,0.04,0.8,1038,0.04,0.8,5,0.045,0.9,2118,0
IWM190913C160,2019-09-12,2019-09-12 09:56:40,0.05,1.0,1883,0.04,0.8,1129,0.04,0.8,5,0.045,0.9,2118,0
IWM190913C160,2019-09-12,2019-09-12 09:56:41,0.05,1.0,1883,0.04,0.8,1198,0.04,0.8,5,0.045,0.9,2118,0
IWM190913C160,2019-09-12,2019-09-12 09:56:41,0.05,1.0,1883,0.04,0.8,1243,0.04,0.8,5,0.045,0.9,2118,0
IWM190913C160,2019-09-12,2019-09-12 09:56:42,0.05,1.0,1425,0.04,0.8,1701,0.04,0.8,5,0.045,0.9,2118,0
IWM190913C160,2019-09-12,2019-09-12 09:56:42,0.05,1.0,1883,0.04,0.8,1243,0.04,0.8,5,0.045,0.9,2118,0
IWM190913C160,2019-09-12,2019-09-12 09:56:43,0.05,1.0,1380,0.04,0.8,1268,0.04,0.8,5,0.045,0.9,2118,0
IWM190913C160,2019-09-12,2019-09-12 09:56:43,0.05,1.0,1380,0.04,0.8,1701,0.04,0.8,5,0.045,0.9,2118,0
IWM190913C160,2019-09-12,2019-09-12 09:56:44,0.05,1.0,1380,0.04,0.8,1268,0.04,0.8,5,0.045,0.9,2118,0
IWM190913C160,2019-09-12,2019-09-12 09:56:44,0.05,1.0,1110,0.04,0.8,1268,0.04,0.8,5,0.045,0.9,2118,0
IWM190913C160,2019-09-12,2019-09-12 09:56:45,0.05,1.0,1065,0.04,0.8,1268,0.04,0.8,5,0.045,0.9,2118,0
IWM190913C160,2019-09-12,2019-09-12 09:56:45,0.05,1.0,696,0.04,0.8,1268,0.04,0.8,5,0.045,0.9,2118,0
IWM190913C160,2019-09-12,2019-09-12 09:56:46,0.05,1.0,696,0.04,0.8,1484,0.04,0.8,5,0.045,0.9,2118,0
IWM190913C160,2019-09-12,2019-09-12 09:56:47,0.05,1.0,696,0.04,0.8,1484,0.04,0.8,5,0.045,0.9,2118,0
IWM190913C160,2019-09-12,2019-09-12 09:56:49,0.05,1.0,696,0.04,0.8,1484,0.04,0.8,5,0.045,0.9,2118,0
IWM190913C160,2019-09-12,2019-09-12 09:56:50,0.05,1.0,696,0.04,0.8,1484,0.04,0.8,5,0.045,0.9,2118,0
IWM190913C160,2019-09-12,2019-09-12 09:56:51,0.05,1.0,743,0.04,0.8,1184,0.04,0.8,5,0.045,0.9,2118,0
IWM190913C160,2019-09-12,2019-09-12 09:56:51,0.05,1.0,696,0.04,0.8,1484,0.04,0.8,5,0.045,0.9,2118,0
IWM190913C160,2019-09-12,2019-09-12 09:56:52,0.05,1.0,1199,0.04,0.8,1268,0.04,0.8,5,0.045,0.9,2118,0
IWM190913C160,2019-09-12,2019-09-12 09:56:53,0.05,1.0,480,0.04,0.8,1785,0.04,0.8,5,0.045,0.9,2118,0
IWM190913C160,2019-09-12,2019-09-12 09:56:53,0.05,1.0,529,0.04,0.8,1785,0.04,0.8,5,0.045,0.9,2118,0
IWM190913C160,2019-09-12,2019-09-12 09:56:54,0.05,1.0,310,0.04,0.8,1353,0.04,0.8,5,0.045,0.9,2118,0
IWM190913C160,2019-09-12,2019-09-12 09:56:55,0.05,1.0,310,0.04,0.8,1567,0.04,0.8,5,0.045,0.9,2118,0
IWM190913C160,2019-09-12,2019-09-12 09:56:55,0.05,1.0,310,0.04,0.8,1353,0.04,0.8,5,0.045,0.9,2118,0
IWM190913C160,2019-09-12,2019-09-12 09:56:56,0.05,1.0,310,0.04,0.8,1567,0.04,0.8,5,0.045,0.9,2118,0
IWM190913C160,2019-09-12,2019-09-12 09:56:56,0.05,1.0,310,0.04,0.8,1353,0.04,0.8,5,0.045,0.9,2118,0
IWM190913C160,2019-09-12,2019-09-12 09:56:57,0.05,1.0,310,0.04,0.8,1567,0.04,0.8,5,0.045,0.9,2118,0
IWM190913C160,2019-09-12,2019-09-12 09:56:58,0.05,1.0,310,0.04,0.8,1567,0.04,0.8,5,0.045,0.9,2118,0
IWM190913C160,2019-09-12,2019-09-12 09:56:59,0.05,1.0,100,0.04,0.8,1567,0.04,0.8,5,0.045,0.9,2118,0
IWM190913C160,2019-09-12,2019-09-12 09:56:59,0.05,1.0,310,0.04,0.8,1567,0.04,0.8,5,0.045,0.9,2118,0
IWM190913C160,2019-09-12,2019-09-12 09:57:00,0.05,1.0,76,0.04,0.8,1652,0.04,0.8,5,0.045,0.9,2118,0
IWM190913C160,2019-09-12,2019-09-12 09:57:01,0.05,1.0,76,0.04,0.8,1652,0.04,0.8,5,0.045,0.9,2118,0
IWM190913C160,2019-09-12,2019-09-12 09:57:02,0.05,1.0,76,0.04,0.8,1652,0.04,0.8,5,0.045,0.9,2118,0
IWM190913C160,2019-09-12,2019-09-12 09:57:03,0.05,1.0,76,0.04,0.8,1652,0.04,0.8,5,0.045,0.9,2118,0
IWM190913C160,2019-09-12,2019-09-12 09:57:04,0.05,1.0,76,0.04,0.8,1652,0.04,0.8,5,0.045,0.9,2118,0
IWM190913C160,2019-09-12,2019-09-12 09:57:05,0.05,1.0,76,0.04,0.8,1652,0.04,0.8,5,0.045,0.9,2118,0
IWM190913C160,2019-09-12,2019-09-12 09:57:06,0.05,1.0,76,0.04,0.8,1652,0.04,0.8,5,0.045,0.9,2118,0
IWM190913C160,2019-09-12,2019-09-12 09:57:07,0.05,1.0,76,0.04,0.8,1352,0.04,0.8,5,0.045,0.9,2118,0
IWM190913C160,2019-09-12,2019-09-12 09:57:07,0.05,1.0,76,0.04,0.8,1652,0.04,0.8,5,0.045,0.9,2118,0
IWM190913C160,2019-09-12,2019-09-12 09:57:08,0.05,1.0,76,0.04,0.8,1652,0.04,0.8,5,0.045,0.9,2118,0
IWM190913C160,2019-09-12,2019-09-12 09:57:09,0.05,1.0,76,0.04,0.8,1652,0.04,0.8,5,0.045,0.9,2118,0
IWM190913C160,2019-09-12,2019-09-12 09:57:10,0.05,1.0,76,0.04,0.8,1652,0.04,0.8,5,0.045,0.9,2118,0
IWM190913C160,2019-09-12,2019-09-12 09:57:11,0.05,1.0,76,0.04,0.8,1352,0.04,0.8,5,0.045,0.9,2118,0
IWM190913C160,2019-09-12,2019-09-12 09:57:11,0.05,1.0,76,0.04,0.8,1652,0.04,0.8,5,0.045,0.9,2118,0
IWM190913C160,2019-09-12,2019-09-12 09:57:12,0.05,1.0,76,0.04,0.8,1652,0.04,0.8,5,0.045,0.9,2118,0
IWM190913C160,2019-09-12,2019-09-12 09:57:13,0.05,1.0,76,0.04,0.8,1652,0.04,0.8,5,0.045,0.9,2118,0
IWM190913C160,2019-09-12,2019-09-12 09:57:14,0.05,1.0,76,0.04,0.8,1652,0.04,0.8,5,0.045,0.9,2118,0
IWM190913C160,2019-09-12,2019-09-12 09:57:15,0.05,1.0,76,0.04,0.8,1652,0.04,0.8,5,0.045,0.9,2118,0
IWM190913C160,2019-09-12,2019-09-12 09:57:16,0.05,1.0,76,0.04,0.8,1652,0.04,0.8,5,0.045,0.9,2118,0
IWM190913C160,2019-09-12,2019-09-12 09:57:17,0.05,1.0,76,0.04,0.8,1652,0.04,0.8,5,0.045,0.9,2118,0
IWM190913C160,2019-09-12,2019-09-12 09:57:18,0.05,1.0,76,0.04,0.8,1652,0.04,0.8,5,0.045,0.9,2118,0
IWM190913C160,2019-09-12,2019-09-12 09:57:19,0.05,1.0,10,0.04,0.8,1652,0.04,0.8,5,0.045,0.9,2118,0
IWM190913C160,2019-09-12,2019-09-12 09:57:20,0.05,1.0,10,0.04,0.8,1652,0.04,0.8,5,0.045,0.9,2118,0
IWM190913C160,2019-09-12,2019-09-12 09:57:21,0.05,1.0,10,0.04,0.8,1652,0.04,0.8,5,0.045,0.9,2118,0
IWM190913C160,2019-09-12,2019-09-12 09:57:22,0.05,1.0,10,0.04,0.8,1567,0.04,0.8,5,0.045,0.9,2118,0
IWM190913C160,2019-09-12,2019-09-12 09:57:23,0.05,1.0,10,0.04,0.8,1567,0.04,0.8,5,0.045,0.9,2118,0
IWM190913C160,2019-09-12,2019-09-12 09:57:24,0.05,1.0,10,0.04,0.8,1513,0.04,0.8,5,0.045,0.9,2118,0
IWM190913C160,2019-09-12,2019-09-12 09:57:25,0.05,1.0,10,0.04,0.8,1513,0.04,0.8,5,0.045,0.9,2118,0
IWM190913C160,2019-09-12,2019-09-12 09:57:26,0.05,1.0,10,0.04,0.8,1213,0.04,0.8,5,0.045,0.9,2118,0
IWM190913C160,2019-09-12,2019-09-12 09:57:26,0.05,1.0,10,0.04,0.8,1562,0.04,0.8,5,0.045,0.9,2118,0
IWM190913C160,2019-09-12,2019-09-12 09:57:27,0.05,1.0,10,0.04,0.8,1562,0.04,0.8,5,0.045,0.9,2118,0
IWM190913C160,2019-09-12,2019-09-12 09:57:28,0.05,1.0,10,0.04,0.8,1562,0.04,0.8,5,0.045,0.9,2118,0
IWM190913C160,2019-09-12,2019-09-12 09:57:29,0.05,1.0,10,0.04,0.8,1562,0.04,0.8,5,0.045,0.9,2118,0
IWM190913C160,2019-09-12,2019-09-12 09:57:29,0.05,1.0,10,0.04,0.8,1647,0.04,0.8,5,0.045,0.9,2118,0
IWM190913C160,2019-09-12,2019-09-12 09:57:30,0.05,1.0,10,0.04,0.8,1647,0.04,0.8,5,0.045,0.9,2118,0
IWM190913C160,2019-09-12,2019-09-12 09:57:30,0.05,1.0,10,0.04,0.8,1562,0.04,0.8,5,0.045,0.9,2118,0
IWM190913C160,2019-09-12,2019-09-12 09:57:31,0.05,1.0,10,0.04,0.8,1647,0.04,0.8,5,0.045,0.9,2118,0
IWM190913C160,2019-09-12,2019-09-12 09:57:32,0.05,1.0,10,0.04,0.8,1647,0.04,0.8,5,0.045,0.9,2118,0
IWM190913C160,2019-09-12,2019-09-12 09:57:33,0.05,1.0,10,0.04,0.8,1562,0.04,0.8,5,0.045,0.9,2118,0
IWM190913C160,2019-09-12,2019-09-12 09:57:34,0.05,1.0,10,0.04,0.8,1262,0.04,0.8,5,0.045,0.9,2118,0
IWM190913C160,2019-09-12,2019-09-12 09:57:34,0.05,1.0,10,0.04,0.8,1562,0.04,0.8,5,0.045,0.9,2118,0
IWM190913C160,2019-09-12,2019-09-12 09:57:35,0.05,1.0,10,0.04,0.8,1562,0.04,0.8,5,0.045,0.9,2118,0
IWM190913C160,2019-09-12,2019-09-12 09:57:36,0.05,1.0,10,0.04,0.8,1562,0.04,0.8,5,0.045,0.9,2118,0
IWM190913C160,2019-09-12,2019-09-12 09:57:37,0.05,1.0,10,0.04,0.8,1562,0.04,0.8,5,0.045,0.9,2118,0
IWM190913C160,2019-09-12,2019-09-12 09:57:38,0.05,1.0,10,0.04,0.8,1809,0.04,0.8,5,0.045,0.9,2118,0
IWM190913C160,2019-09-12,2019-09-12 09:57:38,0.05,1.0,10,0.04,0.8,1562,0.04,0.8,5,0.045,0.9,2118,0
IWM190913C160,2019-09-12,2019-09-12 09:57:39,0.05,1.0,10,0.04,0.8,2018,0.04,0.8,5,0.045,0.9,2118,0
IWM190913C160,2019-09-12,2019-09-12 09:57:40,0.05,1.0,10,0.04,0.8,1353,0.04,0.8,5,0.045,0.9,2118,0
IWM190913C160,2019-09-12,2019-09-12 09:57:40,0.05,1.0,10,0.04,0.8,2018,0.04,0.8,5,0.045,0.9,2118,0
IWM190913C160,2019-09-12,2019-09-12 09:57:41,0.05,1.0,10,0.04,0.8,1647,0.04,0.8,5,0.045,0.9,2118,0
IWM190913C160,2019-09-12,2019-09-12 09:57:42,0.05,1.0,10,0.04,0.8,1562,0.04,0.8,5,0.045,0.9,2118,0
IWM190913C160,2019-09-12,2019-09-12 09:57:43,0.05,1.0,10,0.04,0.8,1562,0.04,0.8,5,0.045,0.9,2118,0
IWM190913C160,2019-09-12,2019-09-12 09:57:44,0.05,1.0,10,0.04,0.8,1562,0.04,0.8,5,0.045,0.9,2118,0
IWM190913C160,2019-09-12,2019-09-12 09:57:45,0.05,1.0,10,0.04,0.8,1562,0.04,0.8,5,0.045,0.9,2118,0
IWM190913C160,2019-09-12,2019-09-12 09:57:46,0.05,1.0,10,0.04,0.8,1562,0.04,0.8,5,0.045,0.9,2118,0
IWM190913C160,2019-09-12,2019-09-12 09:57:47,0.05,1.0,455,0.04,0.8,1177,0.04,0.8,5,0.045,0.9,2118,0
IWM190913C160,2019-09-12,2019-09-12 09:57:47,0.05,1.0,10,0.04,0.8,1562,0.04,0.8,5,0.045,0.9,2118,0
IWM190913C160,2019-09-12,2019-09-12 09:57:48,0.05,1.0,160,0.04,0.8,1177,0.04,0.8,5,0.045,0.9,2118,0
IWM190913C160,2019-09-12,2019-09-12 09:57:49,0.05,1.0,475,0.04,0.8,1177,0.04,0.8,5,0.045,0.9,2118,0
IWM190913C160,2019-09-12,2019-09-12 09:57:49,0.05,1.0,571,0.04,0.8,1177,0.04,0.8,5,0.045,0.9,2118,0
IWM190913C160,2019-09-12,2019-09-12 09:57:50,0.05,1.0,571,0.04,0.8,1177,0.04,0.8,5,0.045,0.9,2118,0
IWM190913C160,2019-09-12,2019-09-12 09:57:51,0.05,1.0,571,0.04,0.8,1477,0.04,0.8,5,0.045,0.9,2118,0
IWM190913C160,2019-09-12,2019-09-12 09:57:52,0.05,1.0,571,0.04,0.8,1477,0.04,0.8,5,0.045,0.9,2118,0
IWM190913C160,2019-09-12,2019-09-12 09:57:53,0.05,1.0,803,0.04,0.8,1223,0.04,0.8,5,0.045,0.9,2118,0
IWM190913C160,2019-09-12,2019-09-12 09:57:54,0.05,1.0,803,0.04,0.8,1223,0.04,0.8,5,0.045,0.9,2118,0
IWM190913C160,2019-09-12,2019-09-12 09:57:54,0.05,1.0,1036,0.04,0.8,1125,0.04,0.8,5,0.045,0.9,2118,0
IWM190913C160,2019-09-12,2019-09-12 09:57:55,0.05,1.0,1036,0.04,0.8,923,0.04,0.8,5,0.045,0.9,2118,0
IWM190913C160,2019-09-12,2019-09-12 09:57:55,0.05,1.0,1036,0.04,0.8,1125,0.04,0.8,5,0.045,0.9,2118,0
IWM190913C160,2019-09-12,2019-09-12 09:57:56,0.05,1.0,1036,0.04,0.8,1622,0.04,0.8,5,0.045,0.9,2118,0
IWM190913C160,2019-09-12,2019-09-12 09:57:57,0.05,1.0,991,0.04,0.8,1203,0.04,0.8,5,0.045,0.9,2118,0
IWM190913C160,2019-09-12,2019-09-12 09:57:57,0.05,1.0,1036,0.04,0.8,1203,0.04,0.8,5,0.045,0.9,2118,0
IWM190913C160,2019-09-12,2019-09-12 09:57:58,0.05,1.0,642,0.04,0.8,1342,0.04,0.8,5,0.045,0.9,2118,0
IWM190913C160,2019-09-12,2019-09-12 09:57:58,0.05,1.0,740,0.04,0.8,1432,0.04,0.8,5,0.045,0.9,2118,0
IWM190913C160,2019-09-12,2019-09-12 09:57:59,0.05,1.0,785,0.04,0.8,1432,0.04,0.8,5,0.045,0.9,2118,0
IWM190913C160,2019-09-12,2019-09-12 09:58:00,0.05,1.0,987,0.04,0.8,1223,0.04,0.8,5,0.045,0.9,2118,0
IWM190913C160,2019-09-12,2019-09-12 09:58:00,0.05,1.0,987,0.04,0.8,1154,0.04,0.8,5,0.045,0.9,2118,0
