symbol,Date,quote_time,ask_price,norm_ask_price,ask_size,bid_price,norm_bid_price,bid_size,last_trade_price,norm_last_trade_price,last_trade_size,mark_price,norm_mark_price,volume,Volume
IWM190913C155,2019-09-11,2019-09-11 09:30:01,0.83,1.0,30,0.75,0.9036,11,0.59,0.7108,20,0.79,0.9518,0,0
IWM190913C155,2019-09-11,2019-09-11 09:30:02,0.84,1.012,30,0.76,0.9156,30,0.59,0.7108,20,0.8,0.9638,0,0
IWM190913C155,2019-09-11,2019-09-11 09:30:02,0.84,1.012,30,0.75,0.9036,11,0.59,0.7108,20,0.795,0.9578,0,0
IWM190913C155,2019-09-11,2019-09-11 09:30:03,0.92,1.1084,18,0.65,0.7831,1,0.59,0.7108,20,0.785,0.9457,0,0
IWM190913C155,2019-09-11,2019-09-11 09:30:03,0.82,0.9879,60,0.75,0.9036,60,0.59,0.7108,20,0.785,0.9457,0,0
IWM190913C155,2019-09-11,2019-09-11 09:30:04,0.83,1.0,30,0.73,0.8795,31,0.59,0.7108,20,0.78,0.9397,0,0
IWM190913C155,2019-09-11,2019-09-11 09:30:04,0.83,1.0,30,0.73,0.8795,30,0.59,0.7108,20,0.78,0.9397,0,0
IWM190913C155,2019-09-11,2019-09-11 09:30:05,0.83,1.0,15,0.75,0.9036,80,0.59,0.7108,20,0.79,0.9518,0,0
IWM190913C155,2019-09-11,2019-09-11 09:30:05,0.83,1.0,30,0.75,0.9036,80,0.59,0.7108,20,0.79,0.9518,0,0
IWM190913C155,2019-09-11,2019-09-11 09:30:06,0.82,0.9879,30,0.76,0.9156,1,0.59,0.7108,20,0.79,0.9518,0,0
IWM190913C155,2019-09-11,2019-09-11 09:30:06,0.83,1.0,30,0.75,0.9036,31,0.59,0.7108,20,0.79,0.9518,0,0
IWM190913C155,2019-09-11,2019-09-11 09:30:07,0.8,0.9638,60,0.75,0.9036,1,0.59,0.7108,20,0.775,0.9337,0,0
IWM190913C155,2019-09-11,2019-09-11 09:30:07,0.79,0.9518,212,0.74,0.8915,1,0.59,0.7108,20,0.765,0.9216,0,0
IWM190913C155,2019-09-11,2019-09-11 09:30:08,0.79,0.9518,112,0.74,0.8915,1,0.59,0.7108,20,0.765,0.9216,0,0
IWM190913C155,2019-09-11,2019-09-11 09:30:08,0.78,0.9397,5,0.74,0.8915,1,0.59,0.7108,20,0.76,0.9156,0,0
IWM190913C155,2019-09-11,2019-09-11 09:30:09,0.79,0.9518,192,0.74,0.8915,1,0.59,0.7108,20,0.765,0.9216,0,0
IWM190913C155,2019-09-11,2019-09-11 09:30:09,0.79,0.9518,112,0.74,0.8915,1,0.59,0.7108,20,0.765,0.9216,0,0
IWM190913C155,2019-09-11,2019-09-11 09:30:10,0.78,0.9397,113,0.73,0.8795,1,0.59,0.7108,20,0.755,0.9096,0,0
IWM190913C155,2019-09-11,2019-09-11 09:30:11,0.78,0.9397,213,0.73,0.8795,1,0.59,0.7108,20,0.755,0.9096,0,0
IWM190913C155,2019-09-11,2019-09-11 09:30:11,0.78,0.9397,113,0.73,0.8795,1,0.59,0.7108,20,0.755,0.9096,0,0
IWM190913C155,2019-09-11,2019-09-11 09:30:12,0.78,0.9397,113,0.73,0.8795,1,0.59,0.7108,20,0.755,0.9096,0,0
IWM190913C155,2019-09-11,2019-09-11 09:30:13,0.79,0.9518,184,0.73,0.8795,1,0.59,0.7108,20,0.76,0.9156,0,0
IWM190913C155,2019-09-11,2019-09-11 09:30:13,0.79,0.9518,197,0.73,0.8795,69,0.59,0.7108,20,0.76,0.9156,0,0
IWM190913C155,2019-09-11,2019-09-11 09:30:14,0.78,0.9397,142,0.73,0.8795,1,0.59,0.7108,20,0.755,0.9096,0,0
IWM190913C155,2019-09-11,2019-09-11 09:30:14,0.78,0.9397,5,0.73,0.8795,1,0.59,0.7108,20,0.755,0.9096,0,0
IWM190913C155,2019-09-11,2019-09-11 09:30:15,0.77,0.9277,36,0.72,0.8674,1,0.59,0.7108,20,0.745,0.8975,0,0
IWM190913C155,2019-09-11,2019-09-11 09:30:15,0.78,0.9397,131,0.72,0.8674,60,0.59,0.7108,20,0.75,0.9036,0,0
IWM190913C155,2019-09-11,2019-09-11 09:30:16,0.78,0.9397,264,0.72,0.8674,5,0.59,0.7108,20,0.75,0.9036,0,0
IWM190913C155,2019-09-11,2019-09-11 09:30:16,0.78,0.9397,288,0.72,0.8674,1,0.59,0.7108,20,0.75,0.9036,0,0
IWM190913C155,2019-09-11,2019-09-11 09:30:17,0.78,0.9397,228,0.72,0.8674,60,0.59,0.7108,20,0.75,0.9036,0,0
IWM190913C155,2019-09-11,2019-09-11 09:30:17,0.78,0.9397,228,0.72,0.8674,1,0.59,0.7108,20,0.75,0.9036,0,0
IWM190913C155,2019-09-11,2019-09-11 09:30:18,0.77,0.9277,129,0.72,0.8674,60,0.59,0.7108,20,0.745,0.8975,0,0
IWM190913C155,2019-09-11,2019-09-11 09:30:18,0.76,0.9156,129,0.72,0.8674,1,0.59,0.7108,20,0.74,0.8915,0,0
IWM190913C155,2019-09-11,2019-09-11 09:30:19,0.75,0.9036,113,0.7,0.8433,30,0.59,0.7108,20,0.725,0.8734,0,0
IWM190913C155,2019-09-11,2019-09-11 09:30:19,0.75,0.9036,113,0.7,0.8433,60,0.59,0.7108,20,0.725,0.8734,0,0
IWM190913C155,2019-09-11,2019-09-11 09:30:20,0.76,0.9156,8,0.72,0.8674,121,0.59,0.7108,20,0.74,0.8915,0,0
IWM190913C155,2019-09-11,2019-09-11 09:30:20,0.76,0.9156,8,0.71,0.8554,54,0.59,0.7108,20,0.735,0.8855,0,0
IWM190913C155,2019-09-11,2019-09-11 09:30:21,0.76,0.9156,8,0.72,0.8674,106,0.59,0.7108,20,0.74,0.8915,0,0
IWM190913C155,2019-09-11,2019-09-11 09:30:22,0.76,0.9156,8,0.72,0.8674,60,0.59,0.7108,20,0.74,0.8915,0,0
IWM190913C155,2019-09-11,2019-09-11 09:30:22,0.76,0.9156,8,0.72,0.8674,106,0.59,0.7108,20,0.74,0.8915,0,0
IWM190913C155,2019-09-11,2019-09-11 09:30:23,0.76,0.9156,8,0.73,0.8795,60,0.59,0.7108,20,0.745,0.8975,0,0
IWM190913C155,2019-09-11,2019-09-11 09:30:23,0.76,0.9156,8,0.72,0.8674,171,0.59,0.7108,20,0.74,0.8915,0,0
IWM190913C155,2019-09-11,2019-09-11 09:30:24,0.76,0.9156,8,0.73,0.8795,60,0.59,0.7108,20,0.745,0.8975,0,0
IWM190913C155,2019-09-11,2019-09-11 09:30:24,0.78,0.9397,331,0.73,0.8795,60,0.59,0.7108,20,0.755,0.9096,0,0
IWM190913C155,2019-09-11,2019-09-11 09:30:25,0.78,0.9397,331,0.74,0.8915,13,0.59,0.7108,20,0.76,0.9156,0,0
IWM190913C155,2019-09-11,2019-09-11 09:30:26,0.77,0.9277,109,0.75,0.9036,75,0.59,0.7108,20,0.76,0.9156,0,0
IWM190913C155,2019-09-11,2019-09-11 09:30:26,0.77,0.9277,30,0.74,0.8915,59,0.59,0.7108,20,0.755,0.9096,0,0
IWM190913C155,2019-09-11,2019-09-11 09:30:27,0.78,0.9397,194,0.74,0.8915,29,0.59,0.7108,20,0.76,0.9156,0,0
IWM190913C155,2019-09-11,2019-09-11 09:30:27,0.78,0.9397,234,0.75,0.9036,33,0.59,0.7108,20,0.765,0.9216,0,0
IWM190913C155,2019-09-11,2019-09-11 09:30:28,0.78,0.9397,112,0.75,0.9036,25,0.59,0.7108,20,0.765,0.9216,0,0
IWM190913C155,2019-09-11,2019-09-11 09:30:28,0.78,0.9397,41,0.75,0.9036,146,0.59,0.7108,20,0.765,0.9216,0,0
IWM190913C155,2019-09-11,2019-09-11 09:30:29,0.79,0.9518,23,0.76,0.9156,84,0.75,0.9036,3,0.775,0.9337,3,3
IWM190913C155,2019-09-11,2019-09-11 09:30:30,0.78,0.9397,13,0.75,0.9036,150,0.75,0.9036,3,0.765,0.9216,3,0
IWM190913C155,2019-09-11,2019-09-11 09:30:30,0.79,0.9518,23,0.76,0.9156,100,0.75,0.9036,3,0.775,0.9337,3,0
IWM190913C155,2019-09-11,2019-09-11 09:30:31,0.78,0.9397,14,0.75,0.9036,150,0.75,0.9036,3,0.765,0.9216,3,0
IWM190913C155,2019-09-11,2019-09-11 09:30:32,0.78,0.9397,14,0.75,0.9036,150,0.75,0.9036,3,0.765,0.9216,3,0
IWM190913C155,2019-09-11,2019-09-11 09:30:32,0.77,0.9277,14,0.75,0.9036,74,0.75,0.9036,3,0.76,0.9156,3,0
IWM190913C155,2019-09-11,2019-09-11 09:30:33,0.78,0.9397,30,0.74,0.8915,150,0.75,0.9036,3,0.76,0.9156,3,0
IWM190913C155,2019-09-11,2019-09-11 09:30:33,0.77,0.9277,14,0.74,0.8915,150,0.75,0.9036,3,0.755,0.9096,3,0
IWM190913C155,2019-09-11,2019-09-11 09:30:34,0.77,0.9277,14,0.74,0.8915,150,0.75,0.9036,3,0.755,0.9096,3,0
IWM190913C155,2019-09-11,2019-09-11 09:30:35,0.77,0.9277,14,0.74,0.8915,150,0.75,0.9036,3,0.755,0.9096,3,0
IWM190913C155,2019-09-11,2019-09-11 09:30:35,0.77,0.9277,13,0.74,0.8915,150,0.75,0.9036,3,0.755,0.9096,3,0
IWM190913C155,2019-09-11,2019-09-11 09:30:36,0.78,0.9397,229,0.74,0.8915,100,0.75,0.9036,3,0.76,0.9156,3,0
IWM190913C155,2019-09-11,2019-09-11 09:30:36,0.77,0.9277,13,0.74,0.8915,100,0.75,0.9036,3,0.755,0.9096,3,0
IWM190913C155,2019-09-11,2019-09-11 09:30:37,0.77,0.9277,14,0.74,0.8915,100,0.75,0.9036,3,0.755,0.9096,3,0
IWM190913C155,2019-09-11,2019-09-11 09:30:37,0.77,0.9277,14,0.74,0.8915,150,0.75,0.9036,3,0.755,0.9096,3,0
IWM190913C155,2019-09-11,2019-09-11 09:30:38,0.77,0.9277,27,0.74,0.8915,150,0.75,0.9036,3,0.755,0.9096,3,0
IWM190913C155,2019-09-11,2019-09-11 09:30:38,0.77,0.9277,199,0.74,0.8915,150,0.75,0.9036,3,0.755,0.9096,3,0
IWM190913C155,2019-09-11,2019-09-11 09:30:39,0.77,0.9277,27,0.74,0.8915,150,0.75,0.9036,3,0.755,0.9096,3,0
IWM190913C155,2019-09-11,2019-09-11 09:30:40,0.77,0.9277,14,0.74,0.8915,150,0.75,0.9036,3,0.755,0.9096,3,0
IWM190913C155,2019-09-11,2019-09-11 09:30:40,0.77,0.9277,14,0.75,0.9036,15,0.75,0.9036,3,0.76,0.9156,3,0
IWM190913C155,2019-09-11,2019-09-11 09:30:41,0.77,0.9277,60,0.74,0.8915,86,0.75,0.9036,3,0.755,0.9096,3,0
IWM190913C155,2019-09-11,2019-09-11 09:30:41,0.76,0.9156,14,0.74,0.8915,86,0.75,0.9036,3,0.75,0.9036,3,0
IWM190913C155,2019-09-11,2019-09-11 09:30:42,0.76,0.9156,14,0.72,0.8674,144,0.75,0.9036,3,0.74,0.8915,3,0
IWM190913C155,2019-09-11,2019-09-11 09:30:42,0.76,0.9156,14,0.73,0.8795,150,0.75,0.9036,3,0.745,0.8975,3,0
IWM190913C155,2019-09-11,2019-09-11 09:30:43,0.76,0.9156,154,0.73,0.8795,111,0.75,0.9036,3,0.745,0.8975,3,0
IWM190913C155,2019-09-11,2019-09-11 09:30:43,0.76,0.9156,197,0.73,0.8795,52,0.75,0.9036,3,0.745,0.8975,3,0
IWM190913C155,2019-09-11,2019-09-11 09:30:44,0.76,0.9156,134,0.73,0.8795,127,0.75,0.9036,3,0.745,0.8975,3,0
IWM190913C155,2019-09-11,2019-09-11 09:30:44,0.76,0.9156,16,0.73,0.8795,161,0.75,0.9036,3,0.745,0.8975,3,0
IWM190913C155,2019-09-11,2019-09-11 09:30:45,0.76,0.9156,16,0.73,0.8795,276,0.75,0.9036,3,0.745,0.8975,3,0
IWM190913C155,2019-09-11,2019-09-11 09:30:46,0.77,0.9277,207,0.74,0.8915,127,0.75,0.9036,3,0.755,0.9096,3,0
IWM190913C155,2019-09-11,2019-09-11 09:30:46,0.77,0.9277,91,0.74,0.8915,127,0.75,0.9036,3,0.755,0.9096,3,0
IWM190913C155,2019-09-11,2019-09-11 09:30:47,0.77,0.9277,79,0.74,0.8915,127,0.75,0.9036,3,0.755,0.9096,3,0
IWM190913C155,2019-09-11,2019-09-11 09:30:47,0.77,0.9277,79,0.74,0.8915,186,0.75,0.9036,3,0.755,0.9096,3,0
IWM190913C155,2019-09-11,2019-09-11 09:30:48,0.77,0.9277,140,0.74,0.8915,186,0.75,0.9036,3,0.755,0.9096,3,0
IWM190913C155,2019-09-11,2019-09-11 09:30:48,0.77,0.9277,109,0.74,0.8915,186,0.75,0.9036,3,0.755,0.9096,3,0
IWM190913C155,2019-09-11,2019-09-11 09:30:49,0.77,0.9277,13,0.75,0.9036,13,0.75,0.9036,3,0.76,0.9156,3,0
IWM190913C155,2019-09-11,2019-09-11 09:30:50,0.78,0.9397,10,0.75,0.9036,13,0.75,0.9036,3,0.765,0.9216,3,0
IWM190913C155,2019-09-11,2019-09-11 09:30:50,0.79,0.9518,59,0.77,0.9277,56,0.75,0.9036,3,0.78,0.9397,3,0
IWM190913C155,2019-09-11,2019-09-11 09:30:51,0.79,0.9518,59,0.77,0.9277,56,0.75,0.9036,3,0.78,0.9397,3,0
IWM190913C155,2019-09-11,2019-09-11 09:30:51,0.8,0.9638,201,0.77,0.9277,56,0.75,0.9036,3,0.785,0.9457,3,0
IWM190913C155,2019-09-11,2019-09-11 09:30:52,0.79,0.9518,129,0.74,0.8915,55,0.75,0.9036,3,0.765,0.9216,3,0
IWM190913C155,2019-09-11,2019-09-11 09:30:52,0.78,0.9397,15,0.76,0.9156,25,0.75,0.9036,3,0.77,0.9277,3,0
IWM190913C155,2019-09-11,2019-09-11 09:30:53,0.78,0.9397,15,0.76,0.9156,44,0.75,0.9036,3,0.77,0.9277,3,0
IWM190913C155,2019-09-11,2019-09-11 09:30:54,0.79,0.9518,16,0.77,0.9277,25,0.75,0.9036,3,0.78,0.9397,3,0
IWM190913C155,2019-09-11,2019-09-11 09:30:54,0.79,0.9518,15,0.76,0.9156,47,0.75,0.9036,3,0.775,0.9337,3,0
IWM190913C155,2019-09-11,2019-09-11 09:30:55,0.79,0.9518,60,0.76,0.9156,150,0.75,0.9036,3,0.775,0.9337,3,0
IWM190913C155,2019-09-11,2019-09-11 09:30:55,0.79,0.9518,17,0.77,0.9277,25,0.75,0.9036,3,0.78,0.9397,3,0
IWM190913C155,2019-09-11,2019-09-11 09:30:56,0.79,0.9518,60,0.76,0.9156,104,0.75,0.9036,3,0.775,0.9337,3,0
IWM190913C155,2019-09-11,2019-09-11 09:30:56,0.79,0.9518,60,0.76,0.9156,150,0.75,0.9036,3,0.775,0.9337,3,0
IWM190913C155,2019-09-11,2019-09-11 09:30:57,0.78,0.9397,16,0.76,0.9156,17,0.75,0.9036,3,0.77,0.9277,3,0
IWM190913C155,2019-09-11,2019-09-11 09:30:57,0.79,0.9518,60,0.76,0.9156,104,0.75,0.9036,3,0.775,0.9337,3,0
IWM190913C155,2019-09-11,2019-09-11 09:30:58,0.78,0.9397,60,0.75,0.9036,24,0.75,0.9036,3,0.765,0.9216,3,0
IWM190913C155,2019-09-11,2019-09-11 09:30:58,0.78,0.9397,60,0.75,0.9036,125,0.75,0.9036,3,0.765,0.9216,3,0
IWM190913C155,2019-09-11,2019-09-11 09:30:59,0.77,0.9277,16,0.74,0.8915,150,0.75,0.9036,3,0.755,0.9096,3,0
IWM190913C155,2019-09-11,2019-09-11 09:30:59,0.76,0.9156,13,0.74,0.8915,86,0.75,0.9036,3,0.75,0.9036,3,0
IWM190913C155,2019-09-11,2019-09-11 09:31:00,0.74,0.8915,13,0.72,0.8674,13,0.75,0.9036,3,0.73,0.8795,3,0
IWM190913C155,2019-09-11,2019-09-11 09:31:00,0.76,0.9156,13,0.74,0.8915,22,0.75,0.9036,3,0.75,0.9036,3,0
IWM190913C155,2019-09-11,2019-09-11 09:31:01,0.74,0.8915,13,0.71,0.8554,99,0.75,0.9036,3,0.725,0.8734,3,0
IWM190913C155,2019-09-11,2019-09-11 09:31:01,0.74,0.8915,13,0.72,0.8674,12,0.75,0.9036,3,0.73,0.8795,3,0
IWM190913C155,2019-09-11,2019-09-11 09:31:02,0.73,0.8795,13,0.69,0.8313,13,0.75,0.9036,3,0.71,0.8554,3,0
IWM190913C155,2019-09-11,2019-09-11 09:31:02,0.72,0.8674,60,0.69,0.8313,93,0.75,0.9036,3,0.705,0.8493,3,0
IWM190913C155,2019-09-11,2019-09-11 09:31:03,0.71,0.8554,13,0.68,0.8192,47,0.75,0.9036,3,0.695,0.8373,3,0
IWM190913C155,2019-09-11,2019-09-11 09:31:03,0.71,0.8554,13,0.69,0.8313,13,0.75,0.9036,3,0.7,0.8433,3,0
IWM190913C155,2019-09-11,2019-09-11 09:31:04,0.71,0.8554,60,0.68,0.8192,55,0.75,0.9036,3,0.695,0.8373,3,0
IWM190913C155,2019-09-11,2019-09-11 09:31:04,0.71,0.8554,13,0.68,0.8192,81,0.75,0.9036,3,0.695,0.8373,3,0
IWM190913C155,2019-09-11,2019-09-11 09:31:05,0.71,0.8554,20,0.68,0.8192,55,0.75,0.9036,3,0.695,0.8373,3,0
IWM190913C155,2019-09-11,2019-09-11 09:31:05,0.71,0.8554,1,0.69,0.8313,38,0.75,0.9036,3,0.7,0.8433,3,0
IWM190913C155,2019-09-11,2019-09-11 09:31:06,0.72,0.8674,220,0.7,0.8433,13,0.75,0.9036,3,0.71,0.8554,3,0
IWM190913C155,2019-09-11,2019-09-11 09:31:06,0.73,0.8795,40,0.7,0.8433,13,0.75,0.9036,3,0.715,0.8614,3,0
IWM190913C155,2019-09-11,2019-09-11 09:31:07,0.74,0.8915,92,0.72,0.8674,13,0.75,0.9036,3,0.73,0.8795,3,0
IWM190913C155,2019-09-11,2019-09-11 09:31:07,0.74,0.8915,198,0.71,0.8554,25,0.75,0.9036,3,0.725,0.8734,3,0
IWM190913C155,2019-09-11,2019-09-11 09:31:08,0.74,0.8915,12,0.72,0.8674,16,0.75,0.9036,3,0.73,0.8795,3,0
IWM190913C155,2019-09-11,2019-09-11 09:31:09,0.74,0.8915,60,0.72,0.8674,13,0.75,0.9036,3,0.73,0.8795,3,0
IWM190913C155,2019-09-11,2019-09-11 09:31:09,0.74,0.8915,15,0.71,0.8554,33,0.75,0.9036,3,0.725,0.8734,3,0
IWM190913C155,2019-09-11,2019-09-11 09:31:10,0.74,0.8915,12,0.72,0.8674,38,0.75,0.9036,3,0.73,0.8795,3,0
IWM190913C155,2019-09-11,2019-09-11 09:31:11,0.74,0.8915,12,0.72,0.8674,45,0.75,0.9036,3,0.73,0.8795,3,0
IWM190913C155,2019-09-11,2019-09-11 09:31:11,0.74,0.8915,174,0.71,0.8554,34,0.75,0.9036,3,0.725,0.8734,3,0
IWM190913C155,2019-09-11,2019-09-11 09:31:12,0.74,0.8915,169,0.71,0.8554,34,0.75,0.9036,3,0.725,0.8734,3,0
IWM190913C155,2019-09-11,2019-09-11 09:31:12,0.74,0.8915,60,0.7,0.8433,94,0.75,0.9036,3,0.72,0.8674,3,0
IWM190913C155,2019-09-11,2019-09-11 09:31:13,0.74,0.8915,14,0.71,0.8554,34,0.75,0.9036,3,0.725,0.8734,3,0
IWM190913C155,2019-09-11,2019-09-11 09:31:13,0.74,0.8915,18,0.7,0.8433,94,0.75,0.9036,3,0.72,0.8674,3,0
IWM190913C155,2019-09-11,2019-09-11 09:31:14,0.74,0.8915,15,0.72,0.8674,13,0.75,0.9036,3,0.73,0.8795,3,0
IWM190913C155,2019-09-11,2019-09-11 09:31:14,0.74,0.8915,16,0.72,0.8674,43,0.75,0.9036,3,0.73,0.8795,3,0
IWM190913C155,2019-09-11,2019-09-11 09:31:15,0.73,0.8795,3,0.7,0.8433,94,0.75,0.9036,3,0.715,0.8614,3,0
IWM190913C155,2019-09-11,2019-09-11 09:31:15,0.73,0.8795,16,0.7,0.8433,94,0.75,0.9036,3,0.715,0.8614,3,0
IWM190913C155,2019-09-11,2019-09-11 09:31:16,0.74,0.8915,115,0.71,0.8554,21,0.75,0.9036,3,0.725,0.8734,3,0
IWM190913C155,2019-09-11,2019-09-11 09:31:16,0.74,0.8915,174,0.71,0.8554,15,0.75,0.9036,3,0.725,0.8734,3,0
IWM190913C155,2019-09-11,2019-09-11 09:31:17,0.74,0.8915,129,0.72,0.8674,13,0.75,0.9036,3,0.73,0.8795,3,0
IWM190913C155,2019-09-11,2019-09-11 09:31:17,0.75,0.9036,42,0.73,0.8795,13,0.75,0.9036,3,0.74,0.8915,3,0
IWM190913C155,2019-09-11,2019-09-11 09:31:18,0.75,0.9036,32,0.73,0.8795,20,0.75,0.9036,3,0.74,0.8915,3,0
IWM190913C155,2019-09-11,2019-09-11 09:31:18,0.75,0.9036,244,0.72,0.8674,32,0.75,0.9036,3,0.735,0.8855,3,0
IWM190913C155,2019-09-11,2019-09-11 09:31:19,0.75,0.9036,17,0.73,0.8795,13,0.75,0.9036,3,0.74,0.8915,3,0
IWM190913C155,2019-09-11,2019-09-11 09:31:20,0.75,0.9036,17,0.73,0.8795,16,0.75,0.9036,3,0.74,0.8915,3,0
IWM190913C155,2019-09-11,2019-09-11 09:31:20,0.76,0.9156,79,0.74,0.8915,13,0.75,0.9036,3,0.75,0.9036,3,0
IWM190913C155,2019-09-11,2019-09-11 09:31:21,0.76,0.9156,112,0.73,0.8795,58,0.75,0.9036,3,0.745,0.8975,3,0
IWM190913C155,2019-09-11,2019-09-11 09:31:21,0.76,0.9156,425,0.73,0.8795,58,0.75,0.9036,3,0.745,0.8975,3,0
IWM190913C155,2019-09-11,2019-09-11 09:31:22,0.76,0.9156,257,0.73,0.8795,13,0.75,0.9036,3,0.745,0.8975,3,0
IWM190913C155,2019-09-11,2019-09-11 09:31:22,0.75,0.9036,14,0.73,0.8795,13,0.75,0.9036,3,0.74,0.8915,3,0
IWM190913C155,2019-09-11,2019-09-11 09:31:23,0.76,0.9156,257,0.73,0.8795,37,0.75,0.9036,3,0.745,0.8975,3,0
IWM190913C155,2019-09-11,2019-09-11 09:31:23,0.76,0.9156,244,0.73,0.8795,48,0.75,0.9036,3,0.745,0.8975,3,0
IWM190913C155,2019-09-11,2019-09-11 09:31:24,0.75,0.9036,1,0.73,0.8795,13,0.75,0.9036,3,0.74,0.8915,3,0
IWM190913C155,2019-09-11,2019-09-11 09:31:25,0.76,0.9156,150,0.74,0.8915,13,0.75,0.9036,3,0.75,0.9036,3,0
IWM190913C155,2019-09-11,2019-09-11 09:31:25,0.76,0.9156,249,0.73,0.8795,25,0.75,0.9036,3,0.745,0.8975,3,0
IWM190913C155,2019-09-11,2019-09-11 09:31:26,0.76,0.9156,284,0.73,0.8795,30,0.75,0.9036,3,0.745,0.8975,3,0
IWM190913C155,2019-09-11,2019-09-11 09:31:26,0.76,0.9156,190,0.73,0.8795,56,0.75,0.9036,3,0.745,0.8975,3,0
IWM190913C155,2019-09-11,2019-09-11 09:31:27,0.76,0.9156,298,0.73,0.8795,56,0.75,0.9036,3,0.745,0.8975,3,0
IWM190913C155,2019-09-11,2019-09-11 09:31:27,0.76,0.9156,390,0.73,0.8795,56,0.75,0.9036,3,0.745,0.8975,3,0
IWM190913C155,2019-09-11,2019-09-11 09:31:28,0.76,0.9156,134,0.73,0.8795,65,0.75,0.9036,3,0.745,0.8975,3,0
IWM190913C155,2019-09-11,2019-09-11 09:31:28,0.76,0.9156,135,0.73,0.8795,110,0.75,0.9036,3,0.745,0.8975,3,0
IWM190913C155,2019-09-11,2019-09-11 09:31:29,0.76,0.9156,135,0.73,0.8795,110,0.75,0.9036,3,0.745,0.8975,3,0
IWM190913C155,2019-09-11,2019-09-11 09:31:30,0.76,0.9156,134,0.73,0.8795,88,0.75,0.9036,3,0.745,0.8975,3,0
IWM190913C155,2019-09-11,2019-09-11 09:31:30,0.76,0.9156,143,0.73,0.8795,88,0.75,0.9036,3,0.745,0.8975,3,0
IWM190913C155,2019-09-11,2019-09-11 09:31:31,0.76,0.9156,125,0.73,0.8795,52,0.75,0.9036,3,0.745,0.8975,3,0
IWM190913C155,2019-09-11,2019-09-11 09:31:32,0.77,0.9277,37,0.74,0.8915,13,0.75,0.9036,3,0.755,0.9096,3,0
IWM190913C155,2019-09-11,2019-09-11 09:31:32,0.77,0.9277,37,0.74,0.8915,111,0.75,0.9036,3,0.755,0.9096,3,0
IWM190913C155,2019-09-11,2019-09-11 09:31:33,0.77,0.9277,37,0.74,0.8915,111,0.75,0.9036,3,0.755,0.9096,3,0
IWM190913C155,2019-09-11,2019-09-11 09:31:33,0.77,0.9277,93,0.74,0.8915,111,0.75,0.9036,3,0.755,0.9096,3,0
IWM190913C155,2019-09-11,2019-09-11 09:31:34,0.77,0.9277,67,0.74,0.8915,111,0.75,0.9036,3,0.755,0.9096,3,0
IWM190913C155,2019-09-11,2019-09-11 09:31:34,0.77,0.9277,93,0.74,0.8915,111,0.75,0.9036,3,0.755,0.9096,3,0
IWM190913C155,2019-09-11,2019-09-11 09:31:35,0.78,0.9397,237,0.75,0.9036,13,0.75,0.9036,3,0.765,0.9216,3,0
IWM190913C155,2019-09-11,2019-09-11 09:31:35,0.77,0.9277,20,0.75,0.9036,13,0.75,0.9036,3,0.76,0.9156,3,0
IWM190913C155,2019-09-11,2019-09-11 09:31:36,0.78,0.9397,248,0.75,0.9036,85,0.75,0.9036,3,0.765,0.9216,3,0
IWM190913C155,2019-09-11,2019-09-11 09:31:37,0.78,0.9397,222,0.75,0.9036,85,0.75,0.9036,3,0.765,0.9216,3,0
IWM190913C155,2019-09-11,2019-09-11 09:31:37,0.78,0.9397,248,0.75,0.9036,85,0.75,0.9036,3,0.765,0.9216,3,0
IWM190913C155,2019-09-11,2019-09-11 09:31:38,0.78,0.9397,240,0.75,0.9036,60,0.75,0.9036,3,0.765,0.9216,3,0
IWM190913C155,2019-09-11,2019-09-11 09:31:38,0.78,0.9397,232,0.75,0.9036,60,0.75,0.9036,3,0.765,0.9216,3,0
IWM190913C155,2019-09-11,2019-09-11 09:31:39,0.78,0.9397,240,0.75,0.9036,60,0.75,0.9036,3,0.765,0.9216,3,0
IWM190913C155,2019-09-11,2019-09-11 09:31:39,0.78,0.9397,182,0.76,0.9156,36,0.75,0.9036,3,0.77,0.9277,3,0
IWM190913C155,2019-09-11,2019-09-11 09:31:40,0.8,0.9638,27,0.78,0.9397,102,0.75,0.9036,3,0.79,0.9518,3,0
IWM190913C155,2019-09-11,2019-09-11 09:31:40,0.8,0.9638,214,0.78,0.9397,25,0.75,0.9036,3,0.79,0.9518,3,0
IWM190913C155,2019-09-11,2019-09-11 09:31:41,0.8,0.9638,21,0.78,0.9397,27,0.75,0.9036,3,0.79,0.9518,3,0
IWM190913C155,2019-09-11,2019-09-11 09:31:42,0.8,0.9638,21,0.78,0.9397,41,0.75,0.9036,3,0.79,0.9518,3,0
IWM190913C155,2019-09-11,2019-09-11 09:31:42,0.81,0.9759,130,0.78,0.9397,41,0.75,0.9036,3,0.795,0.9578,3,0
IWM190913C155,2019-09-11,2019-09-11 09:31:43,0.82,0.9879,279,0.79,0.9518,35,0.75,0.9036,3,0.805,0.9698,3,0
IWM190913C155,2019-09-11,2019-09-11 09:31:43,0.81,0.9759,10,0.79,0.9518,61,0.75,0.9036,3,0.8,0.9638,3,0
IWM190913C155,2019-09-11,2019-09-11 09:31:44,0.81,0.9759,13,0.79,0.9518,35,0.75,0.9036,3,0.8,0.9638,3,0
IWM190913C155,2019-09-11,2019-09-11 09:31:44,0.81,0.9759,20,0.79,0.9518,35,0.75,0.9036,3,0.8,0.9638,3,0
IWM190913C155,2019-09-11,2019-09-11 09:31:45,0.81,0.9759,130,0.79,0.9518,35,0.75,0.9036,3,0.8,0.9638,3,0
IWM190913C155,2019-09-11,2019-09-11 09:31:45,0.81,0.9759,13,0.79,0.9518,35,0.75,0.9036,3,0.8,0.9638,3,0
IWM190913C155,2019-09-11,2019-09-11 09:31:46,0.81,0.9759,167,0.79,0.9518,25,0.75,0.9036,3,0.8,0.9638,3,0
IWM190913C155,2019-09-11,2019-09-11 09:31:46,0.81,0.9759,230,0.78,0.9397,17,0.75,0.9036,3,0.795,0.9578,3,0
IWM190913C155,2019-09-11,2019-09-11 09:31:47,0.81,0.9759,20,0.79,0.9518,66,0.75,0.9036,3,0.8,0.9638,3,0
IWM190913C155,2019-09-11,2019-09-11 09:31:47,0.81,0.9759,116,0.79,0.9518,32,0.75,0.9036,3,0.8,0.9638,3,0
IWM190913C155,2019-09-11,2019-09-11 09:31:48,0.81,0.9759,20,0.79,0.9518,66,0.75,0.9036,3,0.8,0.9638,3,0
IWM190913C155,2019-09-11,2019-09-11 09:31:48,0.83,1.0,32,0.81,0.9759,25,0.75,0.9036,3,0.82,0.9879,3,0
IWM190913C155,2019-09-11,2019-09-11 09:31:49,0.83,1.0,32,0.8,0.9638,41,0.75,0.9036,3,0.815,0.9819,3,0
IWM190913C155,2019-09-11,2019-09-11 09:31:50,0.83,1.0,144,0.8,0.9638,41,0.75,0.9036,3,0.815,0.9819,3,0
IWM190913C155,2019-09-11,2019-09-11 09:31:50,0.83,1.0,345,0.8,0.9638,41,0.75,0.9036,3,0.815,0.9819,3,0
IWM190913C155,2019-09-11,2019-09-11 09:31:51,0.83,1.0,230,0.8,0.9638,61,0.75,0.9036,3,0.815,0.9819,3,0
IWM190913C155,2019-09-11,2019-09-11 09:31:51,0.83,1.0,228,0.8,0.9638,142,0.75,0.9036,3,0.815,0.9819,3,0
IWM190913C155,2019-09-11,2019-09-11 09:31:52,0.83,1.0,210,0.8,0.9638,61,0.75,0.9036,3,0.815,0.9819,3,0
IWM190913C155,2019-09-11,2019-09-11 09:31:52,0.83,1.0,230,0.8,0.9638,62,0.75,0.9036,3,0.815,0.9819,3,0
IWM190913C155,2019-09-11,2019-09-11 09:31:53,0.82,0.9879,165,0.8,0.9638,87,0.75,0.9036,3,0.81,0.9759,3,0
IWM190913C155,2019-09-11,2019-09-11 09:31:53,0.83,1.0,315,0.8,0.9638,87,0.75,0.9036,3,0.815,0.9819,3,0
IWM190913C155,2019-09-11,2019-09-11 09:31:54,0.82,0.9879,308,0.8,0.9638,87,0.75,0.9036,3,0.81,0.9759,3,0
IWM190913C155,2019-09-11,2019-09-11 09:31:54,0.82,0.9879,313,0.79,0.9518,62,0.75,0.9036,3,0.805,0.9698,3,0
IWM190913C155,2019-09-11,2019-09-11 09:31:55,0.8,0.9638,60,0.79,0.9518,62,0.75,0.9036,3,0.795,0.9578,3,0
IWM190913C155,2019-09-11,2019-09-11 09:31:55,0.82,0.9879,330,0.79,0.9518,126,0.75,0.9036,3,0.805,0.9698,3,0
IWM190913C155,2019-09-11,2019-09-11 09:31:56,0.8,0.9638,60,0.78,0.9397,34,0.75,0.9036,3,0.79,0.9518,3,0
IWM190913C155,2019-09-11,2019-09-11 09:31:56,0.8,0.9638,60,0.79,0.9518,62,0.75,0.9036,3,0.795,0.9578,3,0
IWM190913C155,2019-09-11,2019-09-11 09:31:57,0.8,0.9638,274,0.77,0.9277,93,0.75,0.9036,3,0.785,0.9457,3,0
IWM190913C155,2019-09-11,2019-09-11 09:31:57,0.8,0.9638,60,0.77,0.9277,74,0.75,0.9036,3,0.785,0.9457,3,0
IWM190913C155,2019-09-11,2019-09-11 09:31:58,0.8,0.9638,210,0.78,0.9397,13,0.75,0.9036,3,0.79,0.9518,3,0
IWM190913C155,2019-09-11,2019-09-11 09:31:58,0.8,0.9638,230,0.77,0.9277,57,0.75,0.9036,3,0.785,0.9457,3,0
IWM190913C155,2019-09-11,2019-09-11 09:31:59,0.79,0.9518,162,0.77,0.9277,25,0.75,0.9036,3,0.78,0.9397,3,0
IWM190913C155,2019-09-11,2019-09-11 09:31:59,0.79,0.9518,162,0.77,0.9277,13,0.75,0.9036,3,0.78,0.9397,3,0
IWM190913C155,2019-09-11,2019-09-11 09:32:00,0.78,0.9397,16,0.76,0.9156,63,0.75,0.9036,3,0.77,0.9277,3,0
IWM190913C155,2019-09-11,2019-09-11 09:32:00,0.79,0.9518,296,0.76,0.9156,84,0.75,0.9036,3,0.775,0.9337,3,0
IWM190913C155,2019-09-11,2019-09-11 09:32:01,0.79,0.9518,230,0.76,0.9156,84,0.75,0.9036,3,0.775,0.9337,3,0
IWM190913C155,2019-09-11,2019-09-11 09:32:01,0.79,0.9518,263,0.76,0.9156,84,0.75,0.9036,3,0.775,0.9337,3,0
IWM190913C155,2019-09-11,2019-09-11 09:32:02,0.78,0.9397,16,0.76,0.9156,48,0.78,0.9397,30,0.77,0.9277,33,0
IWM190913C155,2019-09-11,2019-09-11 09:32:02,0.78,0.9397,13,0.76,0.9156,48,0.78,0.9397,30,0.77,0.9277,33,30
IWM190913C155,2019-09-11,2019-09-11 09:32:03,0.78,0.9397,16,0.75,0.9036,137,0.78,0.9397,30,0.765,0.9216,33,0
IWM190913C155,2019-09-11,2019-09-11 09:32:03,0.78,0.9397,16,0.76,0.9156,48,0.78,0.9397,30,0.77,0.9277,33,0
IWM190913C155,2019-09-11,2019-09-11 09:32:04,0.78,0.9397,214,0.75,0.9036,137,0.78,0.9397,30,0.765,0.9216,33,0
IWM190913C155,2019-09-11,2019-09-11 09:32:04,0.78,0.9397,300,0.75,0.9036,137,0.78,0.9397,30,0.765,0.9216,33,0
IWM190913C155,2019-09-11,2019-09-11 09:32:05,0.76,0.9156,13,0.74,0.8915,13,0.78,0.9397,30,0.75,0.9036,33,0
IWM190913C155,2019-09-11,2019-09-11 09:32:06,0.76,0.9156,348,0.73,0.8795,47,0.78,0.9397,30,0.745,0.8975,33,0
IWM190913C155,2019-09-11,2019-09-11 09:32:06,0.75,0.9036,60,0.73,0.8795,47,0.78,0.9397,30,0.74,0.8915,33,0
IWM190913C155,2019-09-11,2019-09-11 09:32:07,0.74,0.8915,25,0.71,0.8554,131,0.78,0.9397,30,0.725,0.8734,33,0
IWM190913C155,2019-09-11,2019-09-11 09:32:07,0.76,0.9156,324,0.73,0.8795,47,0.78,0.9397,30,0.745,0.8975,33,0
IWM190913C155,2019-09-11,2019-09-11 09:32:08,0.73,0.8795,14,0.71,0.8554,64,0.78,0.9397,30,0.72,0.8674,33,0
IWM190913C155,2019-09-11,2019-09-11 09:32:09,0.73,0.8795,73,0.71,0.8554,65,0.78,0.9397,30,0.72,0.8674,33,0
IWM190913C155,2019-09-11,2019-09-11 09:32:09,0.73,0.8795,90,0.71,0.8554,51,0.73,0.8795,5,0.72,0.8674,43,10
IWM190913C155,2019-09-11,2019-09-11 09:32:10,0.73,0.8795,90,0.7,0.8433,102,0.73,0.8795,5,0.715,0.8614,43,0
IWM190913C155,2019-09-11,2019-09-11 09:32:10,0.72,0.8674,16,0.7,0.8433,102,0.73,0.8795,5,0.71,0.8554,43,0
IWM190913C155,2019-09-11,2019-09-11 09:32:11,0.73,0.8795,33,0.71,0.8554,54,0.73,0.8795,5,0.72,0.8674,43,0
IWM190913C155,2019-09-11,2019-09-11 09:32:11,0.73,0.8795,80,0.71,0.8554,105,0.73,0.8795,5,0.72,0.8674,43,0
IWM190913C155,2019-09-11,2019-09-11 09:32:12,0.72,0.8674,20,0.71,0.8554,12,0.73,0.8795,5,0.715,0.8614,43,0
IWM190913C155,2019-09-11,2019-09-11 09:32:12,0.73,0.8795,68,0.71,0.8554,25,0.73,0.8795,5,0.72,0.8674,43,0
IWM190913C155,2019-09-11,2019-09-11 09:32:13,0.74,0.8915,315,0.71,0.8554,25,0.73,0.8795,5,0.725,0.8734,43,0
IWM190913C155,2019-09-11,2019-09-11 09:32:13,0.73,0.8795,20,0.71,0.8554,25,0.73,0.8795,5,0.72,0.8674,43,0
IWM190913C155,2019-09-11,2019-09-11 09:32:14,0.72,0.8674,16,0.7,0.8433,22,0.73,0.8795,5,0.71,0.8554,43,0
IWM190913C155,2019-09-11,2019-09-11 09:32:14,0.72,0.8674,20,0.7,0.8433,22,0.73,0.8795,5,0.71,0.8554,43,0
IWM190913C155,2019-09-11,2019-09-11 09:32:15,0.72,0.8674,14,0.7,0.8433,22,0.73,0.8795,5,0.71,0.8554,43,0
IWM190913C155,2019-09-11,2019-09-11 09:32:15,0.72,0.8674,20,0.7,0.8433,22,0.73,0.8795,5,0.71,0.8554,43,0
IWM190913C155,2019-09-11,2019-09-11 09:32:16,0.73,0.8795,349,0.71,0.8554,18,0.73,0.8795,5,0.72,0.8674,43,0
IWM190913C155,2019-09-11,2019-09-11 09:32:16,0.73,0.8795,349,0.7,0.8433,93,0.73,0.8795,5,0.715,0.8614,43,0
IWM190913C155,2019-09-11,2019-09-11 09:32:17,0.73,0.8795,393,0.71,0.8554,5,0.73,0.8795,5,0.72,0.8674,43,0
IWM190913C155,2019-09-11,2019-09-11 09:32:17,0.73,0.8795,349,0.71,0.8554,27,0.73,0.8795,5,0.72,0.8674,43,0
IWM190913C155,2019-09-11,2019-09-11 09:32:18,0.72,0.8674,152,0.71,0.8554,5,0.73,0.8795,5,0.715,0.8614,43,0
IWM190913C155,2019-09-11,2019-09-11 09:32:18,0.71,0.8554,131,0.69,0.8313,25,0.73,0.8795,5,0.7,0.8433,43,0
IWM190913C155,2019-09-11,2019-09-11 09:32:19,0.7,0.8433,253,0.67,0.8072,135,0.73,0.8795,5,0.685,0.8253,43,0
IWM190913C155,2019-09-11,2019-09-11 09:32:19,0.71,0.8554,373,0.68,0.8192,17,0.73,0.8795,5,0.695,0.8373,43,0
IWM190913C155,2019-09-11,2019-09-11 09:32:20,0.7,0.8433,296,0.67,0.8072,190,0.73,0.8795,5,0.685,0.8253,43,0
IWM190913C155,2019-09-11,2019-09-11 09:32:20,0.7,0.8433,358,0.67,0.8072,151,0.73,0.8795,5,0.685,0.8253,43,0
IWM190913C155,2019-09-11,2019-09-11 09:32:21,0.69,0.8313,27,0.67,0.8072,50,0.73,0.8795,5,0.68,0.8192,43,0
IWM190913C155,2019-09-11,2019-09-11 09:32:21,0.7,0.8433,253,0.68,0.8192,13,0.73,0.8795,5,0.69,0.8313,43,0
IWM190913C155,2019-09-11,2019-09-11 09:32:22,0.7,0.8433,271,0.68,0.8192,20,0.73,0.8795,5,0.69,0.8313,43,0
IWM190913C155,2019-09-11,2019-09-11 09:32:22,0.7,0.8433,12,0.68,0.8192,13,0.73,0.8795,5,0.69,0.8313,43,0
IWM190913C155,2019-09-11,2019-09-11 09:32:23,0.7,0.8433,22,0.68,0.8192,104,0.73,0.8795,5,0.69,0.8313,43,0
IWM190913C155,2019-09-11,2019-09-11 09:32:23,0.7,0.8433,72,0.68,0.8192,104,0.73,0.8795,5,0.69,0.8313,43,0
IWM190913C155,2019-09-11,2019-09-11 09:32:24,0.71,0.8554,355,0.69,0.8313,20,0.73,0.8795,5,0.7,0.8433,43,0
IWM190913C155,2019-09-11,2019-09-11 09:32:24,0.71,0.8554,355,0.69,0.8313,44,0.73,0.8795,5,0.7,0.8433,43,0
IWM190913C155,2019-09-11,2019-09-11 09:32:25,0.72,0.8674,92,0.7,0.8433,20,0.73,0.8795,5,0.71,0.8554,43,0
IWM190913C155,2019-09-11,2019-09-11 09:32:25,0.71,0.8554,21,0.69,0.8313,44,0.73,0.8795,5,0.7,0.8433,43,0
IWM190913C155,2019-09-11,2019-09-11 09:32:26,0.72,0.8674,1,0.71,0.8554,13,0.73,0.8795,5,0.715,0.8614,43,0
IWM190913C155,2019-09-11,2019-09-11 09:32:26,0.73,0.8795,351,0.71,0.8554,20,0.73,0.8795,5,0.72,0.8674,43,0
IWM190913C155,2019-09-11,2019-09-11 09:32:27,0.72,0.8674,377,0.7,0.8433,13,0.73,0.8795,5,0.71,0.8554,43,0
IWM190913C155,2019-09-11,2019-09-11 09:32:27,0.73,0.8795,385,0.7,0.8433,72,0.73,0.8795,5,0.715,0.8614,43,0
IWM190913C155,2019-09-11,2019-09-11 09:32:28,0.72,0.8674,312,0.7,0.8433,46,0.73,0.8795,5,0.71,0.8554,43,0
IWM190913C155,2019-09-11,2019-09-11 09:32:29,0.72,0.8674,268,0.7,0.8433,20,0.73,0.8795,5,0.71,0.8554,43,0
IWM190913C155,2019-09-11,2019-09-11 09:32:29,0.72,0.8674,268,0.7,0.8433,13,0.73,0.8795,5,0.71,0.8554,43,0
IWM190913C155,2019-09-11,2019-09-11 09:32:30,0.73,0.8795,192,0.71,0.8554,13,0.73,0.8795,5,0.72,0.8674,43,0
IWM190913C155,2019-09-11,2019-09-11 09:32:30,0.72,0.8674,377,0.7,0.8433,20,0.73,0.8795,5,0.71,0.8554,43,0
IWM190913C155,2019-09-11,2019-09-11 09:32:31,0.73,0.8795,24,0.71,0.8554,25,0.73,0.8795,5,0.72,0.8674,43,0
IWM190913C155,2019-09-11,2019-09-11 09:32:31,0.73,0.8795,24,0.71,0.8554,79,0.73,0.8795,5,0.72,0.8674,43,0
IWM190913C155,2019-09-11,2019-09-11 09:32:32,0.74,0.8915,321,0.72,0.8674,13,0.73,0.8795,5,0.73,0.8795,43,0
IWM190913C155,2019-09-11,2019-09-11 09:32:32,0.73,0.8795,6,0.72,0.8674,13,0.73,0.8795,5,0.725,0.8734,43,0
IWM190913C155,2019-09-11,2019-09-11 09:32:33,0.73,0.8795,20,0.71,0.8554,19,0.73,0.8795,5,0.72,0.8674,43,0
IWM190913C155,2019-09-11,2019-09-11 09:32:33,0.73,0.8795,90,0.71,0.8554,43,0.73,0.8795,5,0.72,0.8674,43,0
IWM190913C155,2019-09-11,2019-09-11 09:32:34,0.73,0.8795,26,0.71,0.8554,47,0.73,0.8795,5,0.72,0.8674,43,0
IWM190913C155,2019-09-11,2019-09-11 09:32:34,0.73,0.8795,27,0.71,0.8554,66,0.73,0.8795,5,0.72,0.8674,43,0
IWM190913C155,2019-09-11,2019-09-11 09:32:35,0.73,0.8795,201,0.71,0.8554,45,0.73,0.8795,5,0.72,0.8674,43,0
IWM190913C155,2019-09-11,2019-09-11 09:32:35,0.74,0.8915,303,0.72,0.8674,45,0.72,0.8674,1,0.73,0.8795,44,1
IWM190913C155,2019-09-11,2019-09-11 09:32:36,0.74,0.8915,250,0.72,0.8674,68,0.72,0.8674,1,0.73,0.8795,44,0
IWM190913C155,2019-09-11,2019-09-11 09:32:36,0.74,0.8915,250,0.72,0.8674,62,0.72,0.8674,1,0.73,0.8795,44,0
IWM190913C155,2019-09-11,2019-09-11 09:32:37,0.74,0.8915,353,0.72,0.8674,62,0.72,0.8674,1,0.73,0.8795,44,0
IWM190913C155,2019-09-11,2019-09-11 09:32:37,0.74,0.8915,230,0.72,0.8674,62,0.72,0.8674,1,0.73,0.8795,44,0
IWM190913C155,2019-09-11,2019-09-11 09:32:38,0.74,0.8915,238,0.72,0.8674,68,0.72,0.8674,1,0.73,0.8795,44,0
IWM190913C155,2019-09-11,2019-09-11 09:32:38,0.74,0.8915,250,0.72,0.8674,68,0.72,0.8674,1,0.73,0.8795,44,0
IWM190913C155,2019-09-11,2019-09-11 09:32:39,0.73,0.8795,299,0.71,0.8554,13,0.72,0.8674,1,0.72,0.8674,44,0
IWM190913C155,2019-09-11,2019-09-11 09:32:39,0.74,0.8915,313,0.71,0.8554,67,0.72,0.8674,1,0.725,0.8734,44,0
IWM190913C155,2019-09-11,2019-09-11 09:32:40,0.71,0.8554,32,0.69,0.8313,67,0.72,0.8674,1,0.7,0.8433,44,0
IWM190913C155,2019-09-11,2019-09-11 09:32:40,0.71,0.8554,32,0.7,0.8433,78,0.72,0.8674,1,0.705,0.8493,44,0
IWM190913C155,2019-09-11,2019-09-11 09:32:41,0.71,0.8554,49,0.69,0.8313,67,0.72,0.8674,1,0.7,0.8433,44,0
IWM190913C155,2019-09-11,2019-09-11 09:32:41,0.71,0.8554,104,0.69,0.8313,42,0.72,0.8674,1,0.7,0.8433,44,0
IWM190913C155,2019-09-11,2019-09-11 09:32:42,0.7,0.8433,314,0.68,0.8192,40,0.72,0.8674,1,0.69,0.8313,44,0
IWM190913C155,2019-09-11,2019-09-11 09:32:42,0.71,0.8554,104,0.68,0.8192,150,0.72,0.8674,1,0.695,0.8373,44,0
IWM190913C155,2019-09-11,2019-09-11 09:32:43,0.66,0.7951,26,0.64,0.771,25,0.72,0.8674,1,0.65,0.7831,44,0
IWM190913C155,2019-09-11,2019-09-11 09:32:43,0.69,0.8313,55,0.67,0.8072,67,0.72,0.8674,1,0.68,0.8192,44,0
IWM190913C155,2019-09-11,2019-09-11 09:32:44,0.66,0.7951,13,0.64,0.771,67,0.72,0.8674,1,0.65,0.7831,44,0
IWM190913C155,2019-09-11,2019-09-11 09:32:44,0.66,0.7951,31,0.64,0.771,25,0.72,0.8674,1,0.65,0.7831,44,0
IWM190913C155,2019-09-11,2019-09-11 09:32:45,0.66,0.7951,16,0.64,0.771,67,0.72,0.8674,1,0.65,0.7831,44,0
IWM190913C155,2019-09-11,2019-09-11 09:32:45,0.66,0.7951,36,0.64,0.771,92,0.72,0.8674,1,0.65,0.7831,44,0
IWM190913C155,2019-09-11,2019-09-11 09:32:46,0.66,0.7951,52,0.64,0.771,48,0.72,0.8674,1,0.65,0.7831,44,0
IWM190913C155,2019-09-11,2019-09-11 09:32:46,0.66,0.7951,93,0.64,0.771,26,0.72,0.8674,1,0.65,0.7831,44,0
IWM190913C155,2019-09-11,2019-09-11 09:32:47,0.66,0.7951,89,0.64,0.771,57,0.72,0.8674,1,0.65,0.7831,44,0
IWM190913C155,2019-09-11,2019-09-11 09:32:47,0.66,0.7951,118,0.64,0.771,26,0.72,0.8674,1,0.65,0.7831,44,0
IWM190913C155,2019-09-11,2019-09-11 09:32:48,0.66,0.7951,92,0.64,0.771,56,0.72,0.8674,1,0.65,0.7831,44,0
IWM190913C155,2019-09-11,2019-09-11 09:32:48,0.66,0.7951,124,0.64,0.771,89,0.72,0.8674,1,0.65,0.7831,44,0
IWM190913C155,2019-09-11,2019-09-11 09:32:49,0.68,0.8192,276,0.65,0.7831,109,0.72,0.8674,1,0.665,0.8012,44,0
IWM190913C155,2019-09-11,2019-09-11 09:32:49,0.68,0.8192,211,0.65,0.7831,109,0.72,0.8674,1,0.665,0.8012,44,0
IWM190913C155,2019-09-11,2019-09-11 09:32:50,0.67,0.8072,50,0.65,0.7831,41,0.72,0.8674,1,0.66,0.7951,44,0
IWM190913C155,2019-09-11,2019-09-11 09:32:50,0.68,0.8192,299,0.66,0.7951,7,0.72,0.8674,1,0.67,0.8072,44,0
IWM190913C155,2019-09-11,2019-09-11 09:32:51,0.67,0.8072,42,0.66,0.7951,11,0.72,0.8674,1,0.665,0.8012,44,0
IWM190913C155,2019-09-11,2019-09-11 09:32:52,0.68,0.8192,410,0.65,0.7831,67,0.72,0.8674,1,0.665,0.8012,44,0
IWM190913C155,2019-09-11,2019-09-11 09:32:52,0.67,0.8072,10,0.65,0.7831,93,0.72,0.8674,1,0.66,0.7951,44,0
IWM190913C155,2019-09-11,2019-09-11 09:32:53,0.67,0.8072,36,0.65,0.7831,77,0.72,0.8674,1,0.66,0.7951,44,0
IWM190913C155,2019-09-11,2019-09-11 09:32:53,0.67,0.8072,99,0.65,0.7831,68,0.72,0.8674,1,0.66,0.7951,44,0
IWM190913C155,2019-09-11,2019-09-11 09:32:54,0.67,0.8072,99,0.65,0.7831,63,0.72,0.8674,1,0.66,0.7951,44,0
IWM190913C155,2019-09-11,2019-09-11 09:32:54,0.68,0.8192,318,0.65,0.7831,63,0.72,0.8674,1,0.665,0.8012,44,0
IWM190913C155,2019-09-11,2019-09-11 09:32:55,0.67,0.8072,99,0.65,0.7831,65,0.72,0.8674,1,0.66,0.7951,44,0
IWM190913C155,2019-09-11,2019-09-11 09:32:55,0.67,0.8072,103,0.66,0.7951,1,0.72,0.8674,1,0.665,0.8012,44,0
IWM190913C155,2019-09-11,2019-09-11 09:32:56,0.67,0.8072,103,0.65,0.7831,68,0.72,0.8674,1,0.66,0.7951,44,0
IWM190913C155,2019-09-11,2019-09-11 09:32:56,0.67,0.8072,146,0.65,0.7831,68,0.72,0.8674,1,0.66,0.7951,44,0
IWM190913C155,2019-09-11,2019-09-11 09:32:57,0.67,0.8072,146,0.66,0.7951,67,0.72,0.8674,1,0.665,0.8012,44,0
IWM190913C155,2019-09-11,2019-09-11 09:32:57,0.67,0.8072,146,0.65,0.7831,68,0.72,0.8674,1,0.66,0.7951,44,0
IWM190913C155,2019-09-11,2019-09-11 09:32:58,0.67,0.8072,104,0.65,0.7831,67,0.72,0.8674,1,0.66,0.7951,44,0
IWM190913C155,2019-09-11,2019-09-11 09:32:58,0.67,0.8072,104,0.66,0.7951,67,0.72,0.8674,1,0.665,0.8012,44,0
IWM190913C155,2019-09-11,2019-09-11 09:32:59,0.67,0.8072,398,0.65,0.7831,75,0.72,0.8674,1,0.66,0.7951,44,0
IWM190913C155,2019-09-11,2019-09-11 09:32:59,0.67,0.8072,358,0.65,0.7831,75,0.72,0.8674,1,0.66,0.7951,44,0
IWM190913C155,2019-09-11,2019-09-11 09:33:00,0.67,0.8072,398,0.65,0.7831,56,0.72,0.8674,1,0.66,0.7951,44,0
IWM190913C155,2019-09-11,2019-09-11 09:33:00,0.67,0.8072,398,0.65,0.7831,75,0.72,0.8674,1,0.66,0.7951,44,0
IWM190913C155,2019-09-11,2019-09-11 09:33:01,0.66,0.7951,103,0.64,0.771,74,0.72,0.8674,1,0.65,0.7831,44,0
IWM190913C155,2019-09-11,2019-09-11 09:33:01,0.66,0.7951,183,0.64,0.771,16,0.72,0.8674,1,0.65,0.7831,44,0
IWM190913C155,2019-09-11,2019-09-11 09:33:02,0.65,0.7831,33,0.63,0.759,84,0.72,0.8674,1,0.64,0.771,44,0
IWM190913C155,2019-09-11,2019-09-11 09:33:02,0.65,0.7831,108,0.63,0.759,68,0.72,0.8674,1,0.64,0.771,44,0
IWM190913C155,2019-09-11,2019-09-11 09:33:03,0.65,0.7831,113,0.63,0.759,68,0.72,0.8674,1,0.64,0.771,44,0
IWM190913C155,2019-09-11,2019-09-11 09:33:03,0.65,0.7831,303,0.63,0.759,68,0.72,0.8674,1,0.64,0.771,44,0
IWM190913C155,2019-09-11,2019-09-11 09:33:04,0.63,0.759,13,0.62,0.7469,31,0.72,0.8674,1,0.625,0.753,44,0
IWM190913C155,2019-09-11,2019-09-11 09:33:04,0.65,0.7831,190,0.63,0.759,66,0.72,0.8674,1,0.64,0.771,44,0
IWM190913C155,2019-09-11,2019-09-11 09:33:05,0.65,0.7831,96,0.63,0.759,68,0.72,0.8674,1,0.64,0.771,44,0
IWM190913C155,2019-09-11,2019-09-11 09:33:05,0.64,0.771,53,0.62,0.7469,31,0.72,0.8674,1,0.63,0.759,44,0
IWM190913C155,2019-09-11,2019-09-11 09:33:06,0.64,0.771,34,0.62,0.7469,68,0.72,0.8674,1,0.63,0.759,44,0
IWM190913C155,2019-09-11,2019-09-11 09:33:07,0.64,0.771,172,0.62,0.7469,68,0.72,0.8674,1,0.63,0.759,44,0
IWM190913C155,2019-09-11,2019-09-11 09:33:07,0.64,0.771,136,0.62,0.7469,68,0.72,0.8674,1,0.63,0.759,44,0
IWM190913C155,2019-09-11,2019-09-11 09:33:08,0.64,0.771,10,0.63,0.759,11,0.72,0.8674,1,0.635,0.765,44,0
IWM190913C155,2019-09-11,2019-09-11 09:33:08,0.64,0.771,13,0.63,0.759,17,0.72,0.8674,1,0.635,0.765,44,0
IWM190913C155,2019-09-11,2019-09-11 09:33:09,0.64,0.771,247,0.62,0.7469,49,0.72,0.8674,1,0.63,0.759,44,0
IWM190913C155,2019-09-11,2019-09-11 09:33:09,0.65,0.7831,302,0.63,0.759,42,0.72,0.8674,1,0.64,0.771,44,0
IWM190913C155,2019-09-11,2019-09-11 09:33:10,0.64,0.771,167,0.62,0.7469,40,0.72,0.8674,1,0.63,0.759,44,0
IWM190913C155,2019-09-11,2019-09-11 09:33:10,0.64,0.771,167,0.62,0.7469,49,0.72,0.8674,1,0.63,0.759,44,0
IWM190913C155,2019-09-11,2019-09-11 09:33:12,0.64,0.771,103,0.63,0.759,1,0.72,0.8674,1,0.635,0.765,44,0
IWM190913C155,2019-09-11,2019-09-11 09:33:13,0.63,0.759,181,0.61,0.7349,44,0.72,0.8674,1,0.62,0.7469,44,0
IWM190913C155,2019-09-11,2019-09-11 09:33:13,0.62,0.7469,31,0.61,0.7349,7,0.72,0.8674,1,0.615,0.7409,44,0
IWM190913C155,2019-09-11,2019-09-11 09:33:14,0.62,0.7469,94,0.6,0.7228,34,0.72,0.8674,1,0.61,0.7349,44,0
IWM190913C155,2019-09-11,2019-09-11 09:33:14,0.62,0.7469,94,0.6,0.7228,25,0.72,0.8674,1,0.61,0.7349,44,0
IWM190913C155,2019-09-11,2019-09-11 09:33:15,0.62,0.7469,107,0.6,0.7228,78,0.72,0.8674,1,0.61,0.7349,44,0
IWM190913C155,2019-09-11,2019-09-11 09:33:15,0.62,0.7469,94,0.6,0.7228,88,0.72,0.8674,1,0.61,0.7349,44,0
IWM190913C155,2019-09-11,2019-09-11 09:33:16,0.62,0.7469,107,0.6,0.7228,34,0.72,0.8674,1,0.61,0.7349,44,0
IWM190913C155,2019-09-11,2019-09-11 09:33:16,0.62,0.7469,224,0.6,0.7228,35,0.72,0.8674,1,0.61,0.7349,44,0
IWM190913C155,2019-09-11,2019-09-11 09:33:17,0.61,0.7349,10,0.6,0.7228,33,0.72,0.8674,1,0.605,0.7289,44,0
IWM190913C155,2019-09-11,2019-09-11 09:33:17,0.61,0.7349,67,0.6,0.7228,23,0.72,0.8674,1,0.605,0.7289,44,0
IWM190913C155,2019-09-11,2019-09-11 09:33:18,0.62,0.7469,110,0.6,0.7228,65,0.72,0.8674,1,0.61,0.7349,44,0
IWM190913C155,2019-09-11,2019-09-11 09:33:19,0.62,0.7469,110,0.6,0.7228,33,0.72,0.8674,1,0.61,0.7349,44,0
IWM190913C155,2019-09-11,2019-09-11 09:33:19,0.62,0.7469,293,0.6,0.7228,33,0.72,0.8674,1,0.61,0.7349,44,0
IWM190913C155,2019-09-11,2019-09-11 09:33:20,0.62,0.7469,100,0.6,0.7228,44,0.61,0.7349,1,0.61,0.7349,45,0
IWM190913C155,2019-09-11,2019-09-11 09:33:20,0.62,0.7469,77,0.6,0.7228,44,0.61,0.7349,1,0.61,0.7349,45,1
IWM190913C155,2019-09-11,2019-09-11 09:33:21,0.62,0.7469,80,0.6,0.7228,84,0.61,0.7349,1,0.61,0.7349,45,0
IWM190913C155,2019-09-11,2019-09-11 09:33:21,0.62,0.7469,108,0.6,0.7228,60,0.61,0.7349,1,0.61,0.7349,45,0
IWM190913C155,2019-09-11,2019-09-11 09:33:22,0.63,0.759,264,0.62,0.7469,8,0.61,0.7349,1,0.625,0.753,45,0
IWM190913C155,2019-09-11,2019-09-11 09:33:22,0.63,0.759,362,0.61,0.7349,33,0.61,0.7349,1,0.62,0.7469,45,0
IWM190913C155,2019-09-11,2019-09-11 09:33:23,0.63,0.759,89,0.62,0.7469,93,0.61,0.7349,1,0.625,0.753,45,0
IWM190913C155,2019-09-11,2019-09-11 09:33:23,0.64,0.771,252,0.62,0.7469,12,0.61,0.7349,1,0.63,0.759,45,0
IWM190913C155,2019-09-11,2019-09-11 09:33:24,0.64,0.771,104,0.63,0.759,18,0.61,0.7349,1,0.635,0.765,45,0
IWM190913C155,2019-09-11,2019-09-11 09:33:24,0.65,0.7831,265,0.64,0.771,8,0.61,0.7349,1,0.645,0.7771,45,0
IWM190913C155,2019-09-11,2019-09-11 09:33:25,0.65,0.7831,25,0.64,0.771,3,0.61,0.7349,1,0.645,0.7771,45,0
IWM190913C155,2019-09-11,2019-09-11 09:33:26,0.65,0.7831,259,0.64,0.771,5,0.61,0.7349,1,0.645,0.7771,45,0
IWM190913C155,2019-09-11,2019-09-11 09:33:26,0.65,0.7831,36,0.64,0.771,3,0.61,0.7349,1,0.645,0.7771,45,0
IWM190913C155,2019-09-11,2019-09-11 09:33:27,0.65,0.7831,317,0.63,0.759,18,0.61,0.7349,1,0.64,0.771,45,0
IWM190913C155,2019-09-11,2019-09-11 09:33:27,0.64,0.771,43,0.62,0.7469,72,0.61,0.7349,1,0.63,0.759,45,0
IWM190913C155,2019-09-11,2019-09-11 09:33:28,0.64,0.771,217,0.62,0.7469,47,0.61,0.7349,1,0.63,0.759,45,0
IWM190913C155,2019-09-11,2019-09-11 09:33:28,0.64,0.771,98,0.62,0.7469,72,0.61,0.7349,1,0.63,0.759,45,0
IWM190913C155,2019-09-11,2019-09-11 09:33:29,0.63,0.759,186,0.61,0.7349,18,0.61,0.7349,1,0.62,0.7469,45,0
IWM190913C155,2019-09-11,2019-09-11 09:33:29,0.64,0.771,368,0.61,0.7349,32,0.61,0.7349,1,0.625,0.753,45,0
IWM190913C155,2019-09-11,2019-09-11 09:33:30,0.63,0.759,126,0.61,0.7349,77,0.61,0.7349,1,0.62,0.7469,45,0
IWM190913C155,2019-09-11,2019-09-11 09:33:30,0.63,0.759,183,0.62,0.7469,5,0.61,0.7349,1,0.625,0.753,45,0
IWM190913C155,2019-09-11,2019-09-11 09:33:31,0.61,0.7349,13,0.6,0.7228,13,0.61,0.7349,1,0.605,0.7289,45,0
IWM190913C155,2019-09-11,2019-09-11 09:33:31,0.62,0.7469,206,0.6,0.7228,36,0.61,0.7349,1,0.61,0.7349,45,0
IWM190913C155,2019-09-11,2019-09-11 09:33:32,0.62,0.7469,91,0.6,0.7228,28,0.61,0.7349,1,0.61,0.7349,45,0
IWM190913C155,2019-09-11,2019-09-11 09:33:32,0.62,0.7469,309,0.6,0.7228,31,0.61,0.7349,1,0.61,0.7349,45,0
IWM190913C155,2019-09-11,2019-09-11 09:33:33,0.61,0.7349,197,0.59,0.7108,66,0.61,0.7349,1,0.6,0.7228,45,0
IWM190913C155,2019-09-11,2019-09-11 09:33:33,0.61,0.7349,154,0.59,0.7108,193,0.61,0.7349,1,0.6,0.7228,45,0
IWM190913C155,2019-09-11,2019-09-11 09:33:34,0.6,0.7228,12,0.59,0.7108,12,0.61,0.7349,1,0.595,0.7168,45,0
IWM190913C155,2019-09-11,2019-09-11 09:33:34,0.61,0.7349,308,0.59,0.7108,12,0.61,0.7349,1,0.6,0.7228,45,0
IWM190913C155,2019-09-11,2019-09-11 09:33:35,0.64,0.771,403,0.61,0.7349,18,0.61,0.7349,1,0.625,0.753,45,0
IWM190913C155,2019-09-11,2019-09-11 09:33:35,0.63,0.759,229,0.61,0.7349,5,0.61,0.7349,1,0.62,0.7469,45,0
IWM190913C155,2019-09-11,2019-09-11 09:33:36,0.64,0.771,403,0.63,0.759,5,0.61,0.7349,1,0.635,0.765,45,0
IWM190913C155,2019-09-11,2019-09-11 09:33:37,0.63,0.759,263,0.62,0.7469,5,0.61,0.7349,1,0.625,0.753,45,0
IWM190913C155,2019-09-11,2019-09-11 09:33:37,0.63,0.759,332,0.61,0.7349,18,0.61,0.7349,1,0.62,0.7469,45,0
IWM190913C155,2019-09-11,2019-09-11 09:33:38,0.63,0.759,415,0.61,0.7349,42,0.61,0.7349,1,0.62,0.7469,45,0
IWM190913C155,2019-09-11,2019-09-11 09:33:38,0.63,0.759,501,0.61,0.7349,18,0.61,0.7349,1,0.62,0.7469,45,0
IWM190913C155,2019-09-11,2019-09-11 09:33:39,0.64,0.771,162,0.62,0.7469,70,0.63,0.759,10,0.63,0.759,55,0
IWM190913C155,2019-09-11,2019-09-11 09:33:39,0.63,0.759,11,0.62,0.7469,59,0.63,0.759,10,0.625,0.753,55,10
IWM190913C155,2019-09-11,2019-09-11 09:33:40,0.64,0.771,369,0.62,0.7469,44,0.63,0.759,10,0.63,0.759,55,0
IWM190913C155,2019-09-11,2019-09-11 09:33:40,0.64,0.771,230,0.62,0.7469,70,0.63,0.759,10,0.63,0.759,55,0
IWM190913C155,2019-09-11,2019-09-11 09:33:41,0.65,0.7831,388,0.63,0.759,35,0.63,0.759,10,0.64,0.771,55,0
IWM190913C155,2019-09-11,2019-09-11 09:33:41,0.65,0.7831,468,0.63,0.759,8,0.63,0.759,10,0.64,0.771,55,0
IWM190913C155,2019-09-11,2019-09-11 09:33:42,0.64,0.771,98,0.63,0.759,18,0.63,0.759,10,0.635,0.765,55,0
IWM190913C155,2019-09-11,2019-09-11 09:33:42,0.64,0.771,31,0.62,0.7469,45,0.63,0.759,10,0.63,0.759,55,0
IWM190913C155,2019-09-11,2019-09-11 09:33:43,0.64,0.771,47,0.63,0.759,5,0.63,0.759,10,0.635,0.765,55,0
IWM190913C155,2019-09-11,2019-09-11 09:33:43,0.64,0.771,44,0.62,0.7469,71,0.63,0.759,10,0.63,0.759,55,0
IWM190913C155,2019-09-11,2019-09-11 09:33:44,0.64,0.771,409,0.62,0.7469,60,0.63,0.759,10,0.63,0.759,55,0
IWM190913C155,2019-09-11,2019-09-11 09:33:44,0.64,0.771,349,0.62,0.7469,60,0.63,0.759,10,0.63,0.759,55,0
IWM190913C155,2019-09-11,2019-09-11 09:33:45,0.62,0.7469,1,0.61,0.7349,38,0.63,0.759,10,0.615,0.7409,55,0
IWM190913C155,2019-09-11,2019-09-11 09:33:45,0.63,0.759,312,0.61,0.7349,38,0.63,0.759,9,0.62,0.7469,64,9
IWM190913C155,2019-09-11,2019-09-11 09:33:46,0.63,0.759,258,0.61,0.7349,13,0.63,0.759,9,0.62,0.7469,64,0
IWM190913C155,2019-09-11,2019-09-11 09:33:46,0.62,0.7469,18,0.61,0.7349,13,0.63,0.759,9,0.615,0.7409,64,0
IWM190913C155,2019-09-11,2019-09-11 09:33:47,0.63,0.759,467,0.6,0.7228,136,0.63,0.759,9,0.615,0.7409,64,0
IWM190913C155,2019-09-11,2019-09-11 09:33:47,0.63,0.759,383,0.61,0.7349,35,0.63,0.759,9,0.62,0.7469,64,0
IWM190913C155,2019-09-11,2019-09-11 09:33:48,0.62,0.7469,44,0.6,0.7228,43,0.63,0.759,9,0.61,0.7349,64,0
IWM190913C155,2019-09-11,2019-09-11 09:33:48,0.62,0.7469,175,0.6,0.7228,65,0.63,0.759,9,0.61,0.7349,64,0
IWM190913C155,2019-09-11,2019-09-11 09:33:49,0.62,0.7469,226,0.6,0.7228,65,0.63,0.759,9,0.61,0.7349,64,0
IWM190913C155,2019-09-11,2019-09-11 09:33:49,0.62,0.7469,188,0.61,0.7349,1,0.63,0.759,9,0.615,0.7409,64,0
IWM190913C155,2019-09-11,2019-09-11 09:33:50,0.62,0.7469,99,0.6,0.7228,72,0.63,0.759,9,0.61,0.7349,64,0
IWM190913C155,2019-09-11,2019-09-11 09:33:50,0.62,0.7469,39,0.6,0.7228,72,0.63,0.759,9,0.61,0.7349,64,0
IWM190913C155,2019-09-11,2019-09-11 09:33:51,0.62,0.7469,99,0.6,0.7228,72,0.63,0.759,9,0.61,0.7349,64,0
IWM190913C155,2019-09-11,2019-09-11 09:33:51,0.62,0.7469,278,0.6,0.7228,72,0.63,0.759,9,0.61,0.7349,64,0
IWM190913C155,2019-09-11,2019-09-11 09:33:52,0.62,0.7469,249,0.6,0.7228,41,0.63,0.759,9,0.61,0.7349,64,0
IWM190913C155,2019-09-11,2019-09-11 09:33:53,0.62,0.7469,245,0.6,0.7228,41,0.63,0.759,9,0.61,0.7349,64,0
IWM190913C155,2019-09-11,2019-09-11 09:33:53,0.62,0.7469,249,0.6,0.7228,41,0.63,0.759,9,0.61,0.7349,64,0
IWM190913C155,2019-09-11,2019-09-11 09:33:54,0.63,0.759,216,0.61,0.7349,18,0.63,0.759,9,0.62,0.7469,64,0
IWM190913C155,2019-09-11,2019-09-11 09:33:54,0.62,0.7469,288,0.6,0.7228,44,0.63,0.759,9,0.61,0.7349,64,0
IWM190913C155,2019-09-11,2019-09-11 09:33:55,0.64,0.771,301,0.62,0.7469,82,0.62,0.7469,2,0.63,0.759,66,2
IWM190913C155,2019-09-11,2019-09-11 09:33:56,0.64,0.771,313,0.62,0.7469,82,0.62,0.7469,2,0.63,0.759,66,0
IWM190913C155,2019-09-11,2019-09-11 09:33:56,0.64,0.771,193,0.62,0.7469,70,0.62,0.7469,2,0.63,0.759,66,0
IWM190913C155,2019-09-11,2019-09-11 09:33:57,0.64,0.771,383,0.62,0.7469,51,0.62,0.7469,2,0.63,0.759,66,0
IWM190913C155,2019-09-11,2019-09-11 09:33:57,0.63,0.759,18,0.63,0.759,5,0.62,0.7469,2,0.63,0.759,66,0
IWM190913C155,2019-09-11,2019-09-11 09:33:58,0.64,0.771,353,0.62,0.7469,66,0.62,0.7469,2,0.63,0.759,66,0
IWM190913C155,2019-09-11,2019-09-11 09:33:59,0.63,0.759,47,0.62,0.7469,22,0.62,0.7469,2,0.625,0.753,66,0
IWM190913C155,2019-09-11,2019-09-11 09:33:59,0.63,0.759,82,0.61,0.7349,30,0.62,0.7469,2,0.62,0.7469,66,0
IWM190913C155,2019-09-11,2019-09-11 09:34:00,0.62,0.7469,121,0.6,0.7228,40,0.62,0.7469,2,0.61,0.7349,66,0
IWM190913C155,2019-09-11,2019-09-11 09:34:00,0.62,0.7469,110,0.6,0.7228,87,0.62,0.7469,2,0.61,0.7349,66,0
IWM190913C155,2019-09-11,2019-09-11 09:34:01,0.61,0.7349,81,0.59,0.7108,57,0.62,0.7469,2,0.6,0.7228,66,0
IWM190913C155,2019-09-11,2019-09-11 09:34:01,0.61,0.7349,104,0.59,0.7108,13,0.62,0.7469,2,0.6,0.7228,66,0
IWM190913C155,2019-09-11,2019-09-11 09:34:02,0.6,0.7228,35,0.58,0.6987,62,0.62,0.7469,2,0.59,0.7108,66,0
IWM190913C155,2019-09-11,2019-09-11 09:34:02,0.6,0.7228,23,0.58,0.6987,93,0.62,0.7469,2,0.59,0.7108,66,0
IWM190913C155,2019-09-11,2019-09-11 09:34:03,0.6,0.7228,337,0.58,0.6987,13,0.62,0.7469,2,0.59,0.7108,66,0
IWM190913C155,2019-09-11,2019-09-11 09:34:03,0.6,0.7228,128,0.58,0.6987,73,0.62,0.7469,2,0.59,0.7108,66,0
IWM190913C155,2019-09-11,2019-09-11 09:34:04,0.6,0.7228,193,0.58,0.6987,107,0.62,0.7469,2,0.59,0.7108,66,0
IWM190913C155,2019-09-11,2019-09-11 09:34:04,0.6,0.7228,337,0.58,0.6987,42,0.62,0.7469,2,0.59,0.7108,66,0
IWM190913C155,2019-09-11,2019-09-11 09:34:05,0.58,0.6987,13,0.56,0.6746,49,0.62,0.7469,2,0.57,0.6867,66,0
IWM190913C155,2019-09-11,2019-09-11 09:34:05,0.58,0.6987,18,0.57,0.6867,13,0.62,0.7469,2,0.575,0.6927,66,0
IWM190913C155,2019-09-11,2019-09-11 09:34:06,0.58,0.6987,18,0.57,0.6867,13,0.62,0.7469,2,0.575,0.6927,66,0
IWM190913C155,2019-09-11,2019-09-11 09:34:07,0.58,0.6987,46,0.56,0.6746,81,0.62,0.7469,2,0.57,0.6867,66,0
IWM190913C155,2019-09-11,2019-09-11 09:34:07,0.58,0.6987,60,0.56,0.6746,81,0.62,0.7469,2,0.57,0.6867,66,0
IWM190913C155,2019-09-11,2019-09-11 09:34:08,0.59,0.7108,54,0.57,0.6867,97,0.62,0.7469,2,0.58,0.6987,66,0
IWM190913C155,2019-09-11,2019-09-11 09:34:08,0.59,0.7108,30,0.57,0.6867,97,0.62,0.7469,2,0.58,0.6987,66,0
IWM190913C155,2019-09-11,2019-09-11 09:34:09,0.6,0.7228,26,0.58,0.6987,41,0.62,0.7469,2,0.59,0.7108,66,0
IWM190913C155,2019-09-11,2019-09-11 09:34:09,0.6,0.7228,232,0.58,0.6987,41,0.62,0.7469,2,0.59,0.7108,66,0
IWM190913C155,2019-09-11,2019-09-11 09:34:10,0.61,0.7349,407,0.58,0.6987,41,0.62,0.7469,2,0.595,0.7168,66,0
IWM190913C155,2019-09-11,2019-09-11 09:34:10,0.61,0.7349,210,0.59,0.7108,69,0.62,0.7469,2,0.6,0.7228,66,0
IWM190913C155,2019-09-11,2019-09-11 09:34:11,0.61,0.7349,17,0.6,0.7228,18,0.62,0.7469,2,0.605,0.7289,66,0
IWM190913C155,2019-09-11,2019-09-11 09:34:11,0.61,0.7349,17,0.6,0.7228,22,0.62,0.7469,2,0.605,0.7289,66,0
IWM190913C155,2019-09-11,2019-09-11 09:34:12,0.61,0.7349,179,0.59,0.7108,68,0.62,0.7469,2,0.6,0.7228,66,0
IWM190913C155,2019-09-11,2019-09-11 09:34:12,0.61,0.7349,218,0.59,0.7108,22,0.62,0.7469,2,0.6,0.7228,66,0
IWM190913C155,2019-09-11,2019-09-11 09:34:13,0.6,0.7228,80,0.58,0.6987,73,0.62,0.7469,2,0.59,0.7108,66,0
IWM190913C155,2019-09-11,2019-09-11 09:34:13,0.61,0.7349,218,0.59,0.7108,47,0.62,0.7469,2,0.6,0.7228,66,0
IWM190913C155,2019-09-11,2019-09-11 09:34:14,0.6,0.7228,20,0.58,0.6987,73,0.62,0.7469,2,0.59,0.7108,66,0
IWM190913C155,2019-09-11,2019-09-11 09:34:14,0.6,0.7228,87,0.58,0.6987,44,0.62,0.7469,2,0.59,0.7108,66,0
IWM190913C155,2019-09-11,2019-09-11 09:34:15,0.59,0.7108,16,0.57,0.6867,105,0.62,0.7469,2,0.58,0.6987,66,0
IWM190913C155,2019-09-11,2019-09-11 09:34:15,0.59,0.7108,32,0.57,0.6867,105,0.62,0.7469,2,0.58,0.6987,66,0
IWM190913C155,2019-09-11,2019-09-11 09:34:16,0.6,0.7228,97,0.57,0.6867,105,0.62,0.7469,2,0.585,0.7048,66,0
IWM190913C155,2019-09-11,2019-09-11 09:34:16,0.6,0.7228,4,0.59,0.7108,17,0.62,0.7469,2,0.595,0.7168,66,0
IWM190913C155,2019-09-11,2019-09-11 09:34:17,0.6,0.7228,1,0.59,0.7108,41,0.62,0.7469,2,0.595,0.7168,66,0
IWM190913C155,2019-09-11,2019-09-11 09:34:17,0.6,0.7228,42,0.59,0.7108,45,0.62,0.7469,2,0.595,0.7168,66,0
IWM190913C155,2019-09-11,2019-09-11 09:34:18,0.6,0.7228,64,0.58,0.6987,73,0.62,0.7469,2,0.59,0.7108,66,0
IWM190913C155,2019-09-11,2019-09-11 09:34:18,0.6,0.7228,24,0.59,0.7108,31,0.62,0.7469,2,0.595,0.7168,66,0
IWM190913C155,2019-09-11,2019-09-11 09:34:19,0.61,0.7349,148,0.59,0.7108,83,0.62,0.7469,2,0.6,0.7228,66,0
IWM190913C155,2019-09-11,2019-09-11 09:34:19,0.61,0.7349,201,0.59,0.7108,78,0.62,0.7469,2,0.6,0.7228,66,0
IWM190913C155,2019-09-11,2019-09-11 09:34:20,0.61,0.7349,124,0.59,0.7108,93,0.62,0.7469,2,0.6,0.7228,66,0
IWM190913C155,2019-09-11,2019-09-11 09:34:20,0.61,0.7349,66,0.59,0.7108,66,0.62,0.7469,2,0.6,0.7228,66,0
IWM190913C155,2019-09-11,2019-09-11 09:34:21,0.61,0.7349,102,0.59,0.7108,73,0.62,0.7469,2,0.6,0.7228,66,0
IWM190913C155,2019-09-11,2019-09-11 09:34:21,0.6,0.7228,21,0.59,0.7108,5,0.62,0.7469,2,0.595,0.7168,66,0
IWM190913C155,2019-09-11,2019-09-11 09:34:22,0.61,0.7349,217,0.59,0.7108,58,0.62,0.7469,2,0.6,0.7228,66,0
IWM190913C155,2019-09-11,2019-09-11 09:34:23,0.61,0.7349,38,0.59,0.7108,58,0.62,0.7469,2,0.6,0.7228,66,0
IWM190913C155,2019-09-11,2019-09-11 09:34:23,0.61,0.7349,115,0.59,0.7108,88,0.62,0.7469,2,0.6,0.7228,66,0
IWM190913C155,2019-09-11,2019-09-11 09:34:24,0.61,0.7349,93,0.59,0.7108,110,0.62,0.7469,2,0.6,0.7228,66,0
IWM190913C155,2019-09-11,2019-09-11 09:34:24,0.61,0.7349,1,0.59,0.7108,104,0.62,0.7469,2,0.6,0.7228,66,0
IWM190913C155,2019-09-11,2019-09-11 09:34:25,0.61,0.7349,93,0.59,0.7108,70,0.62,0.7469,2,0.6,0.7228,66,0
IWM190913C155,2019-09-11,2019-09-11 09:34:26,0.61,0.7349,20,0.59,0.7108,60,0.62,0.7469,2,0.6,0.7228,66,0
IWM190913C155,2019-09-11,2019-09-11 09:34:26,0.61,0.7349,20,0.59,0.7108,88,0.62,0.7469,2,0.6,0.7228,66,0
IWM190913C155,2019-09-11,2019-09-11 09:34:27,0.61,0.7349,109,0.59,0.7108,60,0.62,0.7469,2,0.6,0.7228,66,0
IWM190913C155,2019-09-11,2019-09-11 09:34:27,0.61,0.7349,23,0.59,0.7108,110,0.62,0.7469,2,0.6,0.7228,66,0
IWM190913C155,2019-09-11,2019-09-11 09:34:28,0.62,0.7469,20,0.61,0.7349,72,0.62,0.7469,2,0.615,0.7409,66,0
IWM190913C155,2019-09-11,2019-09-11 09:34:28,0.61,0.7349,18,0.6,0.7228,25,0.62,0.7469,2,0.605,0.7289,66,0
IWM190913C155,2019-09-11,2019-09-11 09:34:29,0.63,0.759,238,0.61,0.7349,29,0.62,0.7469,2,0.62,0.7469,66,0
IWM190913C155,2019-09-11,2019-09-11 09:34:29,0.62,0.7469,26,0.61,0.7349,17,0.62,0.7469,2,0.615,0.7409,66,0
IWM190913C155,2019-09-11,2019-09-11 09:34:30,0.63,0.759,1,0.61,0.7349,67,0.62,0.7469,2,0.62,0.7469,66,0
IWM190913C155,2019-09-11,2019-09-11 09:34:30,0.64,0.771,346,0.62,0.7469,67,0.62,0.7469,2,0.63,0.759,66,0
IWM190913C155,2019-09-11,2019-09-11 09:34:31,0.63,0.759,143,0.61,0.7349,100,0.62,0.7469,2,0.62,0.7469,66,0
IWM190913C155,2019-09-11,2019-09-11 09:34:32,0.64,0.771,149,0.62,0.7469,30,0.62,0.7469,2,0.63,0.759,66,0
IWM190913C155,2019-09-11,2019-09-11 09:34:32,0.64,0.771,201,0.62,0.7469,107,0.62,0.7469,2,0.63,0.759,66,0
IWM190913C155,2019-09-11,2019-09-11 09:34:33,0.63,0.759,93,0.61,0.7349,100,0.62,0.7469,2,0.62,0.7469,66,0
IWM190913C155,2019-09-11,2019-09-11 09:34:33,0.63,0.759,40,0.62,0.7469,107,0.62,0.7469,2,0.625,0.753,66,0
IWM190913C155,2019-09-11,2019-09-11 09:34:34,0.63,0.759,26,0.62,0.7469,99,0.62,0.7469,2,0.625,0.753,66,0
IWM190913C155,2019-09-11,2019-09-11 09:34:34,0.64,0.771,143,0.61,0.7349,100,0.62,0.7469,2,0.625,0.753,66,0
IWM190913C155,2019-09-11,2019-09-11 09:34:35,0.63,0.759,89,0.61,0.7349,89,0.62,0.7469,2,0.62,0.7469,66,0
IWM190913C155,2019-09-11,2019-09-11 09:34:35,0.63,0.759,149,0.61,0.7349,72,0.62,0.7469,2,0.62,0.7469,66,0
IWM190913C155,2019-09-11,2019-09-11 09:34:36,0.62,0.7469,71,0.6,0.7228,108,0.62,0.7469,2,0.61,0.7349,66,0
IWM190913C155,2019-09-11,2019-09-11 09:34:36,0.61,0.7349,9,0.6,0.7228,29,0.62,0.7469,2,0.605,0.7289,66,0
IWM190913C155,2019-09-11,2019-09-11 09:34:37,0.61,0.7349,9,0.6,0.7228,29,0.62,0.7469,2,0.605,0.7289,66,0
IWM190913C155,2019-09-11,2019-09-11 09:34:38,0.62,0.7469,19,0.61,0.7349,13,0.62,0.7469,2,0.615,0.7409,66,0
IWM190913C155,2019-09-11,2019-09-11 09:34:38,0.62,0.7469,19,0.61,0.7349,18,0.62,0.7469,2,0.615,0.7409,66,0
IWM190913C155,2019-09-11,2019-09-11 09:34:39,0.62,0.7469,18,0.61,0.7349,15,0.62,0.7469,2,0.615,0.7409,66,0
IWM190913C155,2019-09-11,2019-09-11 09:34:39,0.62,0.7469,45,0.6,0.7228,69,0.62,0.7469,2,0.61,0.7349,66,0
IWM190913C155,2019-09-11,2019-09-11 09:34:40,0.62,0.7469,20,0.6,0.7228,103,0.62,0.7469,2,0.61,0.7349,66,0
IWM190913C155,2019-09-11,2019-09-11 09:34:40,0.62,0.7469,159,0.6,0.7228,158,0.62,0.7469,2,0.61,0.7349,66,0
IWM190913C155,2019-09-11,2019-09-11 09:34:41,0.62,0.7469,20,0.6,0.7228,103,0.62,0.7469,2,0.61,0.7349,66,0
IWM190913C155,2019-09-11,2019-09-11 09:34:41,0.62,0.7469,85,0.6,0.7228,63,0.62,0.7469,2,0.61,0.7349,66,0
IWM190913C155,2019-09-11,2019-09-11 09:34:42,0.61,0.7349,59,0.6,0.7228,43,0.62,0.7469,2,0.605,0.7289,66,0
IWM190913C155,2019-09-11,2019-09-11 09:34:42,0.6,0.7228,10,0.59,0.7108,37,0.62,0.7469,2,0.595,0.7168,66,0
IWM190913C155,2019-09-11,2019-09-11 09:34:43,0.6,0.7228,10,0.59,0.7108,37,0.62,0.7469,2,0.595,0.7168,66,0
IWM190913C155,2019-09-11,2019-09-11 09:34:44,0.6,0.7228,10,0.59,0.7108,70,0.62,0.7469,2,0.595,0.7168,66,0
IWM190913C155,2019-09-11,2019-09-11 09:34:44,0.6,0.7228,11,0.59,0.7108,70,0.62,0.7469,2,0.595,0.7168,66,0
IWM190913C155,2019-09-11,2019-09-11 09:34:45,0.6,0.7228,24,0.59,0.7108,5,0.62,0.7469,2,0.595,0.7168,66,0
IWM190913C155,2019-09-11,2019-09-11 09:34:45,0.6,0.7228,24,0.59,0.7108,16,0.62,0.7469,2,0.595,0.7168,66,0
IWM190913C155,2019-09-11,2019-09-11 09:34:46,0.61,0.7349,231,0.59,0.7108,49,0.62,0.7469,2,0.6,0.7228,66,0
IWM190913C155,2019-09-11,2019-09-11 09:34:46,0.61,0.7349,288,0.59,0.7108,23,0.62,0.7469,2,0.6,0.7228,66,0
IWM190913C155,2019-09-11,2019-09-11 09:34:47,0.6,0.7228,108,0.58,0.6987,110,0.62,0.7469,2,0.59,0.7108,66,0
IWM190913C155,2019-09-11,2019-09-11 09:34:47,0.6,0.7228,195,0.58,0.6987,62,0.62,0.7469,2,0.59,0.7108,66,0
IWM190913C155,2019-09-11,2019-09-11 09:34:48,0.61,0.7349,178,0.59,0.7108,25,0.62,0.7469,2,0.6,0.7228,66,0
IWM190913C155,2019-09-11,2019-09-11 09:34:48,0.61,0.7349,38,0.59,0.7108,146,0.62,0.7469,2,0.6,0.7228,66,0
IWM190913C155,2019-09-11,2019-09-11 09:34:49,0.61,0.7349,38,0.59,0.7108,125,0.62,0.7469,2,0.6,0.7228,66,0
IWM190913C155,2019-09-11,2019-09-11 09:34:50,0.61,0.7349,31,0.6,0.7228,16,0.62,0.7469,2,0.605,0.7289,66,0
IWM190913C155,2019-09-11,2019-09-11 09:34:50,0.61,0.7349,31,0.59,0.7108,52,0.62,0.7469,2,0.6,0.7228,66,0
IWM190913C155,2019-09-11,2019-09-11 09:34:51,0.61,0.7349,31,0.59,0.7108,16,0.62,0.7469,2,0.6,0.7228,66,0
IWM190913C155,2019-09-11,2019-09-11 09:34:51,0.6,0.7228,178,0.58,0.6987,74,0.62,0.7469,2,0.59,0.7108,66,0
IWM190913C155,2019-09-11,2019-09-11 09:34:52,0.6,0.7228,38,0.58,0.6987,119,0.62,0.7469,2,0.59,0.7108,66,0
IWM190913C155,2019-09-11,2019-09-11 09:34:53,0.59,0.7108,19,0.58,0.6987,65,0.62,0.7469,2,0.585,0.7048,66,0
IWM190913C155,2019-09-11,2019-09-11 09:34:53,0.59,0.7108,19,0.58,0.6987,67,0.62,0.7469,2,0.585,0.7048,66,0
IWM190913C155,2019-09-11,2019-09-11 09:34:54,0.61,0.7349,204,0.59,0.7108,5,0.62,0.7469,2,0.6,0.7228,66,0
IWM190913C155,2019-09-11,2019-09-11 09:34:54,0.6,0.7228,62,0.58,0.6987,67,0.62,0.7469,2,0.59,0.7108,66,0
IWM190913C155,2019-09-11,2019-09-11 09:34:55,0.6,0.7228,26,0.59,0.7108,8,0.62,0.7469,2,0.595,0.7168,66,0
IWM190913C155,2019-09-11,2019-09-11 09:34:55,0.61,0.7349,204,0.59,0.7108,85,0.62,0.7469,2,0.6,0.7228,66,0
IWM190913C155,2019-09-11,2019-09-11 09:34:56,0.6,0.7228,17,0.59,0.7108,19,0.62,0.7469,2,0.595,0.7168,66,0
IWM190913C155,2019-09-11,2019-09-11 09:34:56,0.6,0.7228,30,0.59,0.7108,19,0.62,0.7469,2,0.595,0.7168,66,0
IWM190913C155,2019-09-11,2019-09-11 09:34:57,0.61,0.7349,244,0.6,0.7228,5,0.62,0.7469,2,0.605,0.7289,66,0
IWM190913C155,2019-09-11,2019-09-11 09:34:57,0.6,0.7228,30,0.59,0.7108,5,0.62,0.7469,2,0.595,0.7168,66,0
IWM190913C155,2019-09-11,2019-09-11 09:34:58,0.61,0.7349,30,0.59,0.7108,69,0.62,0.7469,2,0.6,0.7228,66,0
IWM190913C155,2019-09-11,2019-09-11 09:34:58,0.6,0.7228,16,0.59,0.7108,26,0.62,0.7469,2,0.595,0.7168,66,0
IWM190913C155,2019-09-11,2019-09-11 09:34:59,0.6,0.7228,36,0.58,0.6987,93,0.62,0.7469,2,0.59,0.7108,66,0
IWM190913C155,2019-09-11,2019-09-11 09:34:59,0.6,0.7228,16,0.58,0.6987,93,0.62,0.7469,2,0.59,0.7108,66,0
IWM190913C155,2019-09-11,2019-09-11 09:35:00,0.59,0.7108,208,0.57,0.6867,59,0.62,0.7469,2,0.58,0.6987,66,0
IWM190913C155,2019-09-11,2019-09-11 09:35:00,0.59,0.7108,20,0.58,0.6987,38,0.62,0.7469,2,0.585,0.7048,66,0
IWM190913C155,2019-09-11,2019-09-11 09:35:01,0.59,0.7108,124,0.57,0.6867,63,0.62,0.7469,2,0.58,0.6987,66,0
IWM190913C155,2019-09-11,2019-09-11 09:35:01,0.59,0.7108,107,0.57,0.6867,61,0.62,0.7469,2,0.58,0.6987,66,0
IWM190913C155,2019-09-11,2019-09-11 09:35:02,0.59,0.7108,36,0.57,0.6867,119,0.62,0.7469,2,0.58,0.6987,66,0
IWM190913C155,2019-09-11,2019-09-11 09:35:02,0.59,0.7108,116,0.57,0.6867,79,0.62,0.7469,2,0.58,0.6987,66,0
IWM190913C155,2019-09-11,2019-09-11 09:35:03,0.57,0.6867,13,0.56,0.6746,36,0.62,0.7469,2,0.565,0.6807,66,0
IWM190913C155,2019-09-11,2019-09-11 09:35:03,0.57,0.6867,13,0.57,0.6867,97,0.62,0.7469,2,0.57,0.6867,66,0
IWM190913C155,2019-09-11,2019-09-11 09:35:04,0.59,0.7108,41,0.57,0.6867,94,0.62,0.7469,2,0.58,0.6987,66,0
IWM190913C155,2019-09-11,2019-09-11 09:35:04,0.59,0.7108,82,0.57,0.6867,72,0.62,0.7469,2,0.58,0.6987,66,0
IWM190913C155,2019-09-11,2019-09-11 09:35:05,0.58,0.6987,96,0.56,0.6746,69,0.62,0.7469,2,0.57,0.6867,66,0
IWM190913C155,2019-09-11,2019-09-11 09:35:05,0.58,0.6987,93,0.56,0.6746,70,0.62,0.7469,2,0.57,0.6867,66,0
IWM190913C155,2019-09-11,2019-09-11 09:35:06,0.58,0.6987,80,0.56,0.6746,63,0.62,0.7469,2,0.57,0.6867,66,0
IWM190913C155,2019-09-11,2019-09-11 09:35:06,0.57,0.6867,26,0.56,0.6746,46,0.62,0.7469,2,0.565,0.6807,66,0
IWM190913C155,2019-09-11,2019-09-11 09:35:07,0.57,0.6867,26,0.56,0.6746,46,0.62,0.7469,2,0.565,0.6807,66,0
IWM190913C155,2019-09-11,2019-09-11 09:35:08,0.57,0.6867,142,0.55,0.6626,100,0.62,0.7469,2,0.56,0.6746,66,0
IWM190913C155,2019-09-11,2019-09-11 09:35:08,0.57,0.6867,113,0.55,0.6626,60,0.62,0.7469,2,0.56,0.6746,66,0
IWM190913C155,2019-09-11,2019-09-11 09:35:09,0.57,0.6867,83,0.55,0.6626,100,0.62,0.7469,2,0.56,0.6746,66,0
IWM190913C155,2019-09-11,2019-09-11 09:35:10,0.56,0.6746,16,0.55,0.6626,45,0.62,0.7469,2,0.555,0.6686,66,0
IWM190913C155,2019-09-11,2019-09-11 09:35:10,0.56,0.6746,20,0.55,0.6626,34,0.62,0.7469,2,0.555,0.6686,66,0
IWM190913C155,2019-09-11,2019-09-11 09:35:11,0.56,0.6746,79,0.54,0.6506,10,0.62,0.7469,2,0.55,0.6626,66,0
IWM190913C155,2019-09-11,2019-09-11 09:35:11,0.55,0.6626,13,0.54,0.6506,10,0.62,0.7469,2,0.545,0.6566,66,0
IWM190913C155,2019-09-11,2019-09-11 09:35:12,0.56,0.6746,20,0.54,0.6506,45,0.62,0.7469,2,0.55,0.6626,66,0
IWM190913C155,2019-09-11,2019-09-11 09:35:12,0.57,0.6867,72,0.55,0.6626,19,0.62,0.7469,2,0.56,0.6746,66,0
IWM190913C155,2019-09-11,2019-09-11 09:35:13,0.58,0.6987,335,0.56,0.6746,19,0.62,0.7469,2,0.57,0.6867,66,0
IWM190913C155,2019-09-11,2019-09-11 09:35:13,0.57,0.6867,17,0.56,0.6746,6,0.62,0.7469,2,0.565,0.6807,66,0
IWM190913C155,2019-09-11,2019-09-11 09:35:14,0.58,0.6987,113,0.56,0.6746,44,0.62,0.7469,2,0.57,0.6867,66,0
IWM190913C155,2019-09-11,2019-09-11 09:35:14,0.57,0.6867,20,0.56,0.6746,110,0.62,0.7469,2,0.565,0.6807,66,0
IWM190913C155,2019-09-11,2019-09-11 09:35:15,0.58,0.6987,232,0.56,0.6746,44,0.62,0.7469,2,0.57,0.6867,66,0
IWM190913C155,2019-09-11,2019-09-11 09:35:15,0.58,0.6987,245,0.56,0.6746,104,0.62,0.7469,2,0.57,0.6867,66,0
IWM190913C155,2019-09-11,2019-09-11 09:35:16,0.58,0.6987,118,0.56,0.6746,104,0.62,0.7469,2,0.57,0.6867,66,0
IWM190913C155,2019-09-11,2019-09-11 09:35:16,0.58,0.6987,270,0.56,0.6746,36,0.62,0.7469,2,0.57,0.6867,66,0
IWM190913C155,2019-09-11,2019-09-11 09:35:17,0.58,0.6987,290,0.56,0.6746,61,0.62,0.7469,2,0.57,0.6867,66,0
IWM190913C155,2019-09-11,2019-09-11 09:35:18,0.57,0.6867,9,0.56,0.6746,49,0.62,0.7469,2,0.565,0.6807,66,0
IWM190913C155,2019-09-11,2019-09-11 09:35:18,0.58,0.6987,135,0.56,0.6746,61,0.62,0.7469,2,0.57,0.6867,66,0
IWM190913C155,2019-09-11,2019-09-11 09:35:19,0.58,0.6987,3,0.56,0.6746,36,0.62,0.7469,2,0.57,0.6867,66,0
IWM190913C155,2019-09-11,2019-09-11 09:35:20,0.57,0.6867,189,0.55,0.6626,92,0.62,0.7469,2,0.56,0.6746,66,0
IWM190913C155,2019-09-11,2019-09-11 09:35:20,0.58,0.6987,3,0.56,0.6746,37,0.62,0.7469,2,0.57,0.6867,66,0
IWM190913C155,2019-09-11,2019-09-11 09:35:21,0.57,0.6867,261,0.55,0.6626,45,0.62,0.7469,2,0.56,0.6746,66,0
IWM190913C155,2019-09-11,2019-09-11 09:35:22,0.57,0.6867,333,0.55,0.6626,92,0.62,0.7469,2,0.56,0.6746,66,0
IWM190913C155,2019-09-11,2019-09-11 09:35:22,0.57,0.6867,261,0.55,0.6626,45,0.62,0.7469,2,0.56,0.6746,66,0
IWM190913C155,2019-09-11,2019-09-11 09:35:23,0.57,0.6867,83,0.55,0.6626,92,0.62,0.7469,2,0.56,0.6746,66,0
IWM190913C155,2019-09-11,2019-09-11 09:35:23,0.57,0.6867,281,0.55,0.6626,92,0.62,0.7469,2,0.56,0.6746,66,0
IWM190913C155,2019-09-11,2019-09-11 09:35:24,0.57,0.6867,488,0.55,0.6626,92,0.62,0.7469,2,0.56,0.6746,66,0
IWM190913C155,2019-09-11,2019-09-11 09:35:24,0.57,0.6867,24,0.55,0.6626,93,0.62,0.7469,2,0.56,0.6746,66,0
IWM190913C155,2019-09-11,2019-09-11 09:35:25,0.57,0.6867,73,0.56,0.6746,18,0.62,0.7469,2,0.565,0.6807,66,0
IWM190913C155,2019-09-11,2019-09-11 09:35:25,0.57,0.6867,335,0.56,0.6746,24,0.62,0.7469,2,0.565,0.6807,66,0
IWM190913C155,2019-09-11,2019-09-11 09:35:26,0.57,0.6867,24,0.55,0.6626,94,0.62,0.7469,2,0.56,0.6746,66,0
IWM190913C155,2019-09-11,2019-09-11 09:35:26,0.57,0.6867,414,0.56,0.6746,24,0.62,0.7469,2,0.565,0.6807,66,0
IWM190913C155,2019-09-11,2019-09-11 09:35:27,0.57,0.6867,84,0.55,0.6626,94,0.62,0.7469,2,0.56,0.6746,66,0
IWM190913C155,2019-09-11,2019-09-11 09:35:27,0.57,0.6867,165,0.55,0.6626,94,0.62,0.7469,2,0.56,0.6746,66,0
IWM190913C155,2019-09-11,2019-09-11 09:35:28,0.57,0.6867,38,0.56,0.6746,79,0.56,0.6746,1,0.565,0.6807,74,8
IWM190913C155,2019-09-11,2019-09-11 09:35:28,0.57,0.6867,214,0.55,0.6626,94,0.62,0.7469,2,0.56,0.6746,66,0
IWM190913C155,2019-09-11,2019-09-11 09:35:29,0.57,0.6867,20,0.56,0.6746,104,0.56,0.6746,1,0.565,0.6807,74,0
IWM190913C155,2019-09-11,2019-09-11 09:35:29,0.57,0.6867,18,0.56,0.6746,122,0.56,0.6746,1,0.565,0.6807,74,0
IWM190913C155,2019-09-11,2019-09-11 09:35:30,0.57,0.6867,20,0.55,0.6626,97,0.56,0.6746,1,0.56,0.6746,74,0
IWM190913C155,2019-09-11,2019-09-11 09:35:30,0.57,0.6867,72,0.56,0.6746,70,0.56,0.6746,1,0.565,0.6807,74,0
IWM190913C155,2019-09-11,2019-09-11 09:35:31,0.58,0.6987,243,0.56,0.6746,67,0.56,0.6746,1,0.57,0.6867,74,0
IWM190913C155,2019-09-11,2019-09-11 09:35:31,0.57,0.6867,18,0.56,0.6746,70,0.56,0.6746,1,0.565,0.6807,74,0
IWM190913C155,2019-09-11,2019-09-11 09:35:32,0.59,0.7108,184,0.57,0.6867,92,0.56,0.6746,1,0.58,0.6987,74,0
IWM190913C155,2019-09-11,2019-09-11 09:35:32,0.59,0.7108,252,0.57,0.6867,82,0.56,0.6746,1,0.58,0.6987,74,0
IWM190913C155,2019-09-11,2019-09-11 09:35:33,0.59,0.7108,97,0.58,0.6987,35,0.56,0.6746,1,0.585,0.7048,74,0
IWM190913C155,2019-09-11,2019-09-11 09:35:33,0.59,0.7108,184,0.58,0.6987,35,0.56,0.6746,1,0.585,0.7048,74,0
IWM190913C155,2019-09-11,2019-09-11 09:35:34,0.59,0.7108,55,0.57,0.6867,105,0.56,0.6746,1,0.58,0.6987,74,0
IWM190913C155,2019-09-11,2019-09-11 09:35:35,0.59,0.7108,301,0.57,0.6867,105,0.56,0.6746,1,0.58,0.6987,74,0
IWM190913C155,2019-09-11,2019-09-11 09:35:35,0.59,0.7108,55,0.57,0.6867,105,0.56,0.6746,1,0.58,0.6987,74,0
IWM190913C155,2019-09-11,2019-09-11 09:35:36,0.59,0.7108,301,0.57,0.6867,105,0.56,0.6746,1,0.58,0.6987,74,0
IWM190913C155,2019-09-11,2019-09-11 09:35:36,0.59,0.7108,289,0.57,0.6867,105,0.56,0.6746,1,0.58,0.6987,74,0
IWM190913C155,2019-09-11,2019-09-11 09:35:37,0.59,0.7108,298,0.57,0.6867,105,0.56,0.6746,1,0.58,0.6987,74,0
IWM190913C155,2019-09-11,2019-09-11 09:35:37,0.59,0.7108,309,0.57,0.6867,120,0.56,0.6746,1,0.58,0.6987,74,0
IWM190913C155,2019-09-11,2019-09-11 09:35:38,0.59,0.7108,399,0.57,0.6867,95,0.56,0.6746,1,0.58,0.6987,74,0
IWM190913C155,2019-09-11,2019-09-11 09:35:38,0.59,0.7108,363,0.57,0.6867,95,0.56,0.6746,1,0.58,0.6987,74,0
IWM190913C155,2019-09-11,2019-09-11 09:35:39,0.59,0.7108,327,0.57,0.6867,95,0.56,0.6746,1,0.58,0.6987,74,0
IWM190913C155,2019-09-11,2019-09-11 09:35:40,0.58,0.6987,37,0.57,0.6867,37,0.56,0.6746,1,0.575,0.6927,74,0
IWM190913C155,2019-09-11,2019-09-11 09:35:40,0.59,0.7108,51,0.57,0.6867,77,0.56,0.6746,1,0.58,0.6987,74,0
IWM190913C155,2019-09-11,2019-09-11 09:35:41,0.58,0.6987,554,0.56,0.6746,75,0.56,0.6746,1,0.57,0.6867,74,0
IWM190913C155,2019-09-11,2019-09-11 09:35:41,0.58,0.6987,333,0.56,0.6746,75,0.56,0.6746,1,0.57,0.6867,74,0
IWM190913C155,2019-09-11,2019-09-11 09:35:42,0.57,0.6867,5,0.55,0.6626,80,0.56,0.6746,1,0.56,0.6746,74,0
IWM190913C155,2019-09-11,2019-09-11 09:35:42,0.58,0.6987,38,0.56,0.6746,94,0.56,0.6746,1,0.57,0.6867,74,0
IWM190913C155,2019-09-11,2019-09-11 09:35:43,0.58,0.6987,23,0.56,0.6746,102,0.56,0.6746,1,0.57,0.6867,74,0
IWM190913C155,2019-09-11,2019-09-11 09:35:44,0.58,0.6987,18,0.57,0.6867,68,0.56,0.6746,1,0.575,0.6927,74,0
IWM190913C155,2019-09-11,2019-09-11 09:35:44,0.58,0.6987,31,0.56,0.6746,105,0.56,0.6746,1,0.57,0.6867,74,0
IWM190913C155,2019-09-11,2019-09-11 09:35:45,0.57,0.6867,53,0.56,0.6746,45,0.56,0.6746,1,0.565,0.6807,74,0
IWM190913C155,2019-09-11,2019-09-11 09:35:45,0.58,0.6987,61,0.57,0.6867,11,0.56,0.6746,1,0.575,0.6927,74,0
IWM190913C155,2019-09-11,2019-09-11 09:35:46,0.58,0.6987,56,0.56,0.6746,100,0.56,0.6746,1,0.57,0.6867,74,0
IWM190913C155,2019-09-11,2019-09-11 09:35:46,0.58,0.6987,41,0.57,0.6867,3,0.56,0.6746,1,0.575,0.6927,74,0
IWM190913C155,2019-09-11,2019-09-11 09:35:47,0.57,0.6867,207,0.55,0.6626,42,0.56,0.6746,1,0.56,0.6746,74,0
IWM190913C155,2019-09-11,2019-09-11 09:35:47,0.57,0.6867,164,0.56,0.6746,26,0.56,0.6746,1,0.565,0.6807,74,0
IWM190913C155,2019-09-11,2019-09-11 09:35:48,0.57,0.6867,247,0.55,0.6626,100,0.56,0.6746,1,0.56,0.6746,74,0
IWM190913C155,2019-09-11,2019-09-11 09:35:48,0.57,0.6867,73,0.55,0.6626,100,0.56,0.6746,1,0.56,0.6746,74,0
IWM190913C155,2019-09-11,2019-09-11 09:35:49,0.58,0.6987,239,0.55,0.6626,100,0.56,0.6746,1,0.565,0.6807,74,0
IWM190913C155,2019-09-11,2019-09-11 09:35:50,0.58,0.6987,250,0.56,0.6746,112,0.56,0.6746,1,0.57,0.6867,74,0
IWM190913C155,2019-09-11,2019-09-11 09:35:50,0.57,0.6867,46,0.56,0.6746,112,0.56,0.6746,1,0.565,0.6807,74,0
IWM190913C155,2019-09-11,2019-09-11 09:35:51,0.57,0.6867,26,0.56,0.6746,36,0.56,0.6746,1,0.565,0.6807,74,0
IWM190913C155,2019-09-11,2019-09-11 09:35:51,0.57,0.6867,46,0.56,0.6746,12,0.56,0.6746,1,0.565,0.6807,74,0
IWM190913C155,2019-09-11,2019-09-11 09:35:52,0.59,0.7108,51,0.57,0.6867,78,0.56,0.6746,1,0.58,0.6987,74,0
IWM190913C155,2019-09-11,2019-09-11 09:35:52,0.58,0.6987,124,0.56,0.6746,102,0.56,0.6746,1,0.57,0.6867,74,0
IWM190913C155,2019-09-11,2019-09-11 09:35:53,0.6,0.7228,392,0.58,0.6987,40,0.56,0.6746,1,0.59,0.7108,74,0
IWM190913C155,2019-09-11,2019-09-11 09:35:53,0.59,0.7108,26,0.58,0.6987,71,0.56,0.6746,1,0.585,0.7048,74,0
IWM190913C155,2019-09-11,2019-09-11 09:35:54,0.6,0.7228,433,0.58,0.6987,84,0.56,0.6746,1,0.59,0.7108,74,0
IWM190913C155,2019-09-11,2019-09-11 09:35:54,0.59,0.7108,95,0.58,0.6987,7,0.56,0.6746,1,0.585,0.7048,74,0
IWM190913C155,2019-09-11,2019-09-11 09:35:55,0.59,0.7108,470,0.57,0.6867,100,0.56,0.6746,1,0.58,0.6987,74,0
IWM190913C155,2019-09-11,2019-09-11 09:35:55,0.59,0.7108,370,0.57,0.6867,97,0.56,0.6746,1,0.58,0.6987,74,0
IWM190913C155,2019-09-11,2019-09-11 09:35:56,0.59,0.7108,337,0.57,0.6867,59,0.56,0.6746,1,0.58,0.6987,74,0
IWM190913C155,2019-09-11,2019-09-11 09:35:57,0.58,0.6987,263,0.56,0.6746,121,0.56,0.6746,1,0.57,0.6867,74,0
IWM190913C155,2019-09-11,2019-09-11 09:35:58,0.59,0.7108,376,0.57,0.6867,58,0.56,0.6746,1,0.58,0.6987,74,0
IWM190913C155,2019-09-11,2019-09-11 09:35:58,0.58,0.6987,13,0.57,0.6867,31,0.56,0.6746,1,0.575,0.6927,74,0
IWM190913C155,2019-09-11,2019-09-11 09:35:59,0.58,0.6987,18,0.57,0.6867,62,0.56,0.6746,1,0.575,0.6927,74,0
IWM190913C155,2019-09-11,2019-09-11 09:35:59,0.58,0.6987,18,0.57,0.6867,78,0.56,0.6746,1,0.575,0.6927,74,0
IWM190913C155,2019-09-11,2019-09-11 09:36:00,0.58,0.6987,18,0.57,0.6867,26,0.56,0.6746,1,0.575,0.6927,74,0
IWM190913C155,2019-09-11,2019-09-11 09:36:00,0.58,0.6987,18,0.57,0.6867,11,0.56,0.6746,1,0.575,0.6927,74,0
IWM190913C155,2019-09-11,2019-09-11 09:36:01,0.57,0.6867,13,0.56,0.6746,56,0.56,0.6746,1,0.565,0.6807,74,0
IWM190913C155,2019-09-11,2019-09-11 09:36:01,0.57,0.6867,13,0.56,0.6746,49,0.56,0.6746,1,0.565,0.6807,74,0
IWM190913C155,2019-09-11,2019-09-11 09:36:02,0.57,0.6867,13,0.56,0.6746,68,0.56,0.6746,1,0.565,0.6807,74,0
IWM190913C155,2019-09-11,2019-09-11 09:36:02,0.57,0.6867,13,0.56,0.6746,56,0.56,0.6746,1,0.565,0.6807,74,0
IWM190913C155,2019-09-11,2019-09-11 09:36:03,0.57,0.6867,13,0.56,0.6746,68,0.56,0.6746,1,0.565,0.6807,74,0
IWM190913C155,2019-09-11,2019-09-11 09:36:03,0.57,0.6867,64,0.56,0.6746,1,0.56,0.6746,1,0.565,0.6807,74,0
IWM190913C155,2019-09-11,2019-09-11 09:36:04,0.57,0.6867,121,0.56,0.6746,25,0.56,0.6746,1,0.565,0.6807,74,0
IWM190913C155,2019-09-11,2019-09-11 09:36:04,0.57,0.6867,121,0.55,0.6626,98,0.56,0.6746,1,0.56,0.6746,74,0
IWM190913C155,2019-09-11,2019-09-11 09:36:05,0.58,0.6987,108,0.56,0.6746,158,0.56,0.6746,1,0.57,0.6867,74,0
IWM190913C155,2019-09-11,2019-09-11 09:36:05,0.57,0.6867,26,0.56,0.6746,158,0.56,0.6746,1,0.565,0.6807,74,0
IWM190913C155,2019-09-11,2019-09-11 09:36:06,0.57,0.6867,26,0.56,0.6746,6,0.56,0.6746,1,0.565,0.6807,74,0
IWM190913C155,2019-09-11,2019-09-11 09:36:07,0.57,0.6867,239,0.55,0.6626,72,0.56,0.6746,1,0.56,0.6746,74,0
IWM190913C155,2019-09-11,2019-09-11 09:36:07,0.57,0.6867,96,0.55,0.6626,61,0.56,0.6746,1,0.56,0.6746,74,0
IWM190913C155,2019-09-11,2019-09-11 09:36:08,0.57,0.6867,278,0.55,0.6626,47,0.56,0.6746,1,0.56,0.6746,74,0
IWM190913C155,2019-09-11,2019-09-11 09:36:08,0.56,0.6746,18,0.55,0.6626,71,0.56,0.6746,1,0.555,0.6686,74,0
IWM190913C155,2019-09-11,2019-09-11 09:36:09,0.56,0.6746,18,0.55,0.6626,47,0.56,0.6746,1,0.555,0.6686,74,0
IWM190913C155,2019-09-11,2019-09-11 09:36:09,0.57,0.6867,351,0.55,0.6626,71,0.56,0.6746,1,0.56,0.6746,74,0
IWM190913C155,2019-09-11,2019-09-11 09:36:10,0.57,0.6867,333,0.55,0.6626,76,0.56,0.6746,1,0.56,0.6746,74,0
IWM190913C155,2019-09-11,2019-09-11 09:36:10,0.56,0.6746,18,0.55,0.6626,71,0.56,0.6746,1,0.555,0.6686,74,0
IWM190913C155,2019-09-11,2019-09-11 09:36:11,0.57,0.6867,236,0.55,0.6626,71,0.56,0.6746,1,0.56,0.6746,74,0
IWM190913C155,2019-09-11,2019-09-11 09:36:12,0.57,0.6867,246,0.55,0.6626,56,0.56,0.6746,1,0.56,0.6746,74,0
IWM190913C155,2019-09-11,2019-09-11 09:36:13,0.57,0.6867,24,0.56,0.6746,48,0.56,0.6746,1,0.565,0.6807,74,0
IWM190913C155,2019-09-11,2019-09-11 09:36:13,0.57,0.6867,31,0.55,0.6626,56,0.56,0.6746,1,0.56,0.6746,74,0
IWM190913C155,2019-09-11,2019-09-11 09:36:14,0.57,0.6867,13,0.56,0.6746,97,0.58,0.6987,1,0.565,0.6807,75,0
IWM190913C155,2019-09-11,2019-09-11 09:36:14,0.58,0.6987,187,0.57,0.6867,13,0.58,0.6987,1,0.575,0.6927,75,1
IWM190913C155,2019-09-11,2019-09-11 09:36:15,0.57,0.6867,110,0.55,0.6626,81,0.58,0.6987,1,0.56,0.6746,75,0
IWM190913C155,2019-09-11,2019-09-11 09:36:15,0.57,0.6867,110,0.55,0.6626,114,0.58,0.6987,1,0.56,0.6746,75,0
IWM190913C155,2019-09-11,2019-09-11 09:36:16,0.57,0.6867,92,0.55,0.6626,93,0.58,0.6987,1,0.56,0.6746,75,0
IWM190913C155,2019-09-11,2019-09-11 09:36:16,0.57,0.6867,92,0.55,0.6626,67,0.58,0.6987,1,0.56,0.6746,75,0
IWM190913C155,2019-09-11,2019-09-11 09:36:17,0.57,0.6867,304,0.55,0.6626,67,0.58,0.6987,1,0.56,0.6746,75,0
IWM190913C155,2019-09-11,2019-09-11 09:36:17,0.57,0.6867,380,0.55,0.6626,67,0.58,0.6987,1,0.56,0.6746,75,0
IWM190913C155,2019-09-11,2019-09-11 09:36:18,0.57,0.6867,249,0.55,0.6626,91,0.58,0.6987,1,0.56,0.6746,75,0
IWM190913C155,2019-09-11,2019-09-11 09:36:18,0.57,0.6867,384,0.55,0.6626,81,0.58,0.6987,1,0.56,0.6746,75,0
IWM190913C155,2019-09-11,2019-09-11 09:36:19,0.57,0.6867,10,0.56,0.6746,63,0.58,0.6987,1,0.565,0.6807,75,0
IWM190913C155,2019-09-11,2019-09-11 09:36:19,0.57,0.6867,66,0.56,0.6746,25,0.58,0.6987,1,0.565,0.6807,75,0
IWM190913C155,2019-09-11,2019-09-11 09:36:20,0.56,0.6746,261,0.56,0.6746,3,0.58,0.6987,1,0.56,0.6746,75,0
IWM190913C155,2019-09-11,2019-09-11 09:36:20,0.57,0.6867,114,0.55,0.6626,91,0.58,0.6987,1,0.56,0.6746,75,0
IWM190913C155,2019-09-11,2019-09-11 09:36:21,0.55,0.6626,43,0.53,0.6385,100,0.54,0.6506,2,0.54,0.6506,77,2
IWM190913C155,2019-09-11,2019-09-11 09:36:21,0.55,0.6626,16,0.53,0.6385,100,0.54,0.6506,2,0.54,0.6506,77,0
IWM190913C155,2019-09-11,2019-09-11 09:36:22,0.55,0.6626,16,0.54,0.6506,114,0.54,0.6506,2,0.545,0.6566,77,0
IWM190913C155,2019-09-11,2019-09-11 09:36:23,0.55,0.6626,16,0.54,0.6506,23,0.54,0.6506,2,0.545,0.6566,77,0
IWM190913C155,2019-09-11,2019-09-11 09:36:23,0.55,0.6626,49,0.54,0.6506,35,0.54,0.6506,2,0.545,0.6566,77,0
IWM190913C155,2019-09-11,2019-09-11 09:36:24,0.55,0.6626,2,0.54,0.6506,23,0.54,0.6506,2,0.545,0.6566,77,0
IWM190913C155,2019-09-11,2019-09-11 09:36:24,0.55,0.6626,13,0.53,0.6385,183,0.54,0.6506,2,0.54,0.6506,77,0
IWM190913C155,2019-09-11,2019-09-11 09:36:25,0.55,0.6626,48,0.53,0.6385,64,0.54,0.6506,2,0.54,0.6506,77,0
IWM190913C155,2019-09-11,2019-09-11 09:36:25,0.55,0.6626,53,0.54,0.6506,8,0.54,0.6506,2,0.545,0.6566,77,0
IWM190913C155,2019-09-11,2019-09-11 09:36:26,0.55,0.6626,170,0.53,0.6385,96,0.54,0.6506,2,0.54,0.6506,77,0
IWM190913C155,2019-09-11,2019-09-11 09:36:26,0.55,0.6626,169,0.53,0.6385,71,0.54,0.6506,2,0.54,0.6506,77,0
IWM190913C155,2019-09-11,2019-09-11 09:36:27,0.55,0.6626,1,0.54,0.6506,11,0.54,0.6506,2,0.545,0.6566,77,0
IWM190913C155,2019-09-11,2019-09-11 09:36:27,0.55,0.6626,188,0.53,0.6385,71,0.54,0.6506,2,0.54,0.6506,77,0
IWM190913C155,2019-09-11,2019-09-11 09:36:28,0.56,0.6746,327,0.54,0.6506,43,0.54,0.6506,2,0.55,0.6626,77,0
IWM190913C155,2019-09-11,2019-09-11 09:36:28,0.55,0.6626,39,0.54,0.6506,43,0.54,0.6506,2,0.545,0.6566,77,0
IWM190913C155,2019-09-11,2019-09-11 09:36:29,0.55,0.6626,122,0.53,0.6385,82,0.54,0.6506,2,0.54,0.6506,77,0
IWM190913C155,2019-09-11,2019-09-11 09:36:29,0.55,0.6626,98,0.54,0.6506,11,0.54,0.6506,2,0.545,0.6566,77,0
IWM190913C155,2019-09-11,2019-09-11 09:36:30,0.55,0.6626,236,0.53,0.6385,82,0.54,0.6506,2,0.54,0.6506,77,0
IWM190913C155,2019-09-11,2019-09-11 09:36:30,0.56,0.6746,299,0.53,0.6385,82,0.54,0.6506,2,0.545,0.6566,77,0
IWM190913C155,2019-09-11,2019-09-11 09:36:31,0.56,0.6746,296,0.55,0.6626,7,0.54,0.6506,2,0.555,0.6686,77,0
IWM190913C155,2019-09-11,2019-09-11 09:36:31,0.56,0.6746,307,0.53,0.6385,82,0.54,0.6506,2,0.545,0.6566,77,0
IWM190913C155,2019-09-11,2019-09-11 09:36:32,0.56,0.6746,29,0.55,0.6626,11,0.54,0.6506,2,0.555,0.6686,77,0
IWM190913C155,2019-09-11,2019-09-11 09:36:32,0.56,0.6746,29,0.55,0.6626,34,0.54,0.6506,2,0.555,0.6686,77,0
IWM190913C155,2019-09-11,2019-09-11 09:36:33,0.58,0.6987,449,0.56,0.6746,57,0.54,0.6506,2,0.57,0.6867,77,0
IWM190913C155,2019-09-11,2019-09-11 09:36:33,0.57,0.6867,110,0.56,0.6746,73,0.54,0.6506,2,0.565,0.6807,77,0
IWM190913C155,2019-09-11,2019-09-11 09:36:34,0.58,0.6987,449,0.56,0.6746,57,0.54,0.6506,2,0.57,0.6867,77,0
IWM190913C155,2019-09-11,2019-09-11 09:36:35,0.58,0.6987,100,0.56,0.6746,117,0.54,0.6506,2,0.57,0.6867,77,0
IWM190913C155,2019-09-11,2019-09-11 09:36:35,0.58,0.6987,329,0.56,0.6746,80,0.54,0.6506,2,0.57,0.6867,77,0
IWM190913C155,2019-09-11,2019-09-11 09:36:36,0.58,0.6987,264,0.56,0.6746,121,0.54,0.6506,2,0.57,0.6867,77,0
IWM190913C155,2019-09-11,2019-09-11 09:36:36,0.58,0.6987,100,0.56,0.6746,117,0.54,0.6506,2,0.57,0.6867,77,0
IWM190913C155,2019-09-11,2019-09-11 09:36:37,0.56,0.6746,13,0.55,0.6626,85,0.54,0.6506,2,0.555,0.6686,77,0
IWM190913C155,2019-09-11,2019-09-11 09:36:37,0.57,0.6867,269,0.55,0.6626,85,0.54,0.6506,2,0.56,0.6746,77,0
IWM190913C155,2019-09-11,2019-09-11 09:36:38,0.56,0.6746,13,0.55,0.6626,53,0.54,0.6506,2,0.555,0.6686,77,0
IWM190913C155,2019-09-11,2019-09-11 09:36:38,0.57,0.6867,89,0.55,0.6626,53,0.54,0.6506,2,0.56,0.6746,77,0
IWM190913C155,2019-09-11,2019-09-11 09:36:39,0.56,0.6746,250,0.54,0.6506,94,0.54,0.6506,2,0.55,0.6626,77,0
IWM190913C155,2019-09-11,2019-09-11 09:36:39,0.56,0.6746,26,0.55,0.6626,71,0.54,0.6506,2,0.555,0.6686,77,0
IWM190913C155,2019-09-11,2019-09-11 09:36:40,0.56,0.6746,98,0.54,0.6506,32,0.54,0.6506,2,0.55,0.6626,77,0
IWM190913C155,2019-09-11,2019-09-11 09:36:40,0.56,0.6746,98,0.54,0.6506,92,0.54,0.6506,2,0.55,0.6626,77,0
IWM190913C155,2019-09-11,2019-09-11 09:36:41,0.55,0.6626,39,0.54,0.6506,32,0.54,0.6506,2,0.545,0.6566,77,0
IWM190913C155,2019-09-11,2019-09-11 09:36:41,0.55,0.6626,169,0.54,0.6506,32,0.54,0.6506,2,0.545,0.6566,77,0
IWM190913C155,2019-09-11,2019-09-11 09:36:42,0.55,0.6626,169,0.54,0.6506,83,0.54,0.6506,2,0.545,0.6566,77,0
IWM190913C155,2019-09-11,2019-09-11 09:36:42,0.55,0.6626,39,0.54,0.6506,15,0.54,0.6506,2,0.545,0.6566,77,0
IWM190913C155,2019-09-11,2019-09-11 09:36:43,0.55,0.6626,71,0.54,0.6506,15,0.54,0.6506,2,0.545,0.6566,77,0
IWM190913C155,2019-09-11,2019-09-11 09:36:43,0.55,0.6626,73,0.54,0.6506,15,0.54,0.6506,2,0.545,0.6566,77,0
IWM190913C155,2019-09-11,2019-09-11 09:36:44,0.55,0.6626,26,0.54,0.6506,30,0.54,0.6506,2,0.545,0.6566,77,0
IWM190913C155,2019-09-11,2019-09-11 09:36:44,0.55,0.6626,197,0.54,0.6506,30,0.54,0.6506,2,0.545,0.6566,77,0
IWM190913C155,2019-09-11,2019-09-11 09:36:45,0.55,0.6626,93,0.53,0.6385,113,0.54,0.6506,2,0.54,0.6506,77,0
IWM190913C155,2019-09-11,2019-09-11 09:36:45,0.55,0.6626,85,0.54,0.6506,30,0.54,0.6506,2,0.545,0.6566,77,0
IWM190913C155,2019-09-11,2019-09-11 09:36:46,0.55,0.6626,232,0.53,0.6385,113,0.54,0.6506,2,0.54,0.6506,77,0
IWM190913C155,2019-09-11,2019-09-11 09:36:46,0.55,0.6626,84,0.53,0.6385,137,0.54,0.6506,2,0.54,0.6506,77,0
IWM190913C155,2019-09-11,2019-09-11 09:36:47,0.55,0.6626,232,0.53,0.6385,113,0.54,0.6506,2,0.54,0.6506,77,0
IWM190913C155,2019-09-11,2019-09-11 09:36:48,0.54,0.6506,74,0.53,0.6385,55,0.54,0.6506,2,0.535,0.6445,77,0
IWM190913C155,2019-09-11,2019-09-11 09:36:48,0.54,0.6506,20,0.53,0.6385,53,0.54,0.6506,2,0.535,0.6445,77,0
IWM190913C155,2019-09-11,2019-09-11 09:36:49,0.54,0.6506,131,0.53,0.6385,11,0.54,0.6506,2,0.535,0.6445,77,0
IWM190913C155,2019-09-11,2019-09-11 09:36:49,0.54,0.6506,74,0.53,0.6385,60,0.54,0.6506,2,0.535,0.6445,77,0
IWM190913C155,2019-09-11,2019-09-11 09:36:50,0.54,0.6506,20,0.53,0.6385,11,0.54,0.6506,2,0.535,0.6445,77,0
IWM190913C155,2019-09-11,2019-09-11 09:36:50,0.54,0.6506,264,0.53,0.6385,11,0.54,0.6506,2,0.535,0.6445,77,0
IWM190913C155,2019-09-11,2019-09-11 09:36:51,0.54,0.6506,103,0.53,0.6385,49,0.54,0.6506,2,0.535,0.6445,77,0
IWM190913C155,2019-09-11,2019-09-11 09:36:51,0.54,0.6506,95,0.53,0.6385,52,0.54,0.6506,2,0.535,0.6445,77,0
IWM190913C155,2019-09-11,2019-09-11 09:36:52,0.55,0.6626,440,0.53,0.6385,52,0.54,0.6506,2,0.54,0.6506,77,0
IWM190913C155,2019-09-11,2019-09-11 09:36:52,0.54,0.6506,81,0.53,0.6385,42,0.54,0.6506,2,0.535,0.6445,77,0
IWM190913C155,2019-09-11,2019-09-11 09:36:53,0.54,0.6506,81,0.53,0.6385,42,0.54,0.6506,2,0.535,0.6445,77,0
IWM190913C155,2019-09-11,2019-09-11 09:36:54,0.54,0.6506,39,0.53,0.6385,39,0.54,0.6506,2,0.535,0.6445,77,0
IWM190913C155,2019-09-11,2019-09-11 09:36:54,0.54,0.6506,39,0.53,0.6385,11,0.54,0.6506,2,0.535,0.6445,77,0
IWM190913C155,2019-09-11,2019-09-11 09:36:55,0.54,0.6506,96,0.53,0.6385,11,0.54,0.6506,2,0.535,0.6445,77,0
IWM190913C155,2019-09-11,2019-09-11 09:36:55,0.54,0.6506,20,0.53,0.6385,56,0.54,0.6506,2,0.535,0.6445,77,0
IWM190913C155,2019-09-11,2019-09-11 09:36:56,0.54,0.6506,79,0.53,0.6385,51,0.54,0.6506,2,0.535,0.6445,77,0
IWM190913C155,2019-09-11,2019-09-11 09:36:56,0.54,0.6506,208,0.53,0.6385,11,0.54,0.6506,2,0.535,0.6445,77,0
IWM190913C155,2019-09-11,2019-09-11 09:36:57,0.55,0.6626,24,0.52,0.6265,54,0.54,0.6506,2,0.535,0.6445,77,0
IWM190913C155,2019-09-11,2019-09-11 09:36:57,0.53,0.6385,28,0.5,0.6024,13,0.54,0.6506,2,0.515,0.6204,77,0
IWM190913C155,2019-09-11,2019-09-11 09:36:58,0.53,0.6385,93,0.52,0.6265,3,0.54,0.6506,2,0.525,0.6325,77,0
IWM190913C155,2019-09-11,2019-09-11 09:36:58,0.53,0.6385,93,0.51,0.6144,68,0.54,0.6506,2,0.52,0.6265,77,0
IWM190913C155,2019-09-11,2019-09-11 09:36:59,0.52,0.6265,20,0.51,0.6144,36,0.54,0.6506,2,0.515,0.6204,77,0
IWM190913C155,2019-09-11,2019-09-11 09:36:59,0.53,0.6385,231,0.51,0.6144,61,0.54,0.6506,2,0.52,0.6265,77,0
IWM190913C155,2019-09-11,2019-09-11 09:37:00,0.51,0.6144,20,0.5,0.6024,15,0.54,0.6506,2,0.505,0.6084,77,0
IWM190913C155,2019-09-11,2019-09-11 09:37:00,0.51,0.6144,30,0.5,0.6024,23,0.54,0.6506,2,0.505,0.6084,77,0
IWM190913C155,2019-09-11,2019-09-11 09:37:01,0.51,0.6144,7,0.5,0.6024,27,0.54,0.6506,2,0.505,0.6084,77,0
IWM190913C155,2019-09-11,2019-09-11 09:37:01,0.51,0.6144,69,0.5,0.6024,32,0.54,0.6506,2,0.505,0.6084,77,0
IWM190913C155,2019-09-11,2019-09-11 09:37:02,0.51,0.6144,7,0.5,0.6024,65,0.54,0.6506,2,0.505,0.6084,77,0
IWM190913C155,2019-09-11,2019-09-11 09:37:02,0.51,0.6144,10,0.5,0.6024,62,0.54,0.6506,2,0.505,0.6084,77,0
IWM190913C155,2019-09-11,2019-09-11 09:37:03,0.51,0.6144,103,0.49,0.5903,86,0.54,0.6506,2,0.5,0.6024,77,0
IWM190913C155,2019-09-11,2019-09-11 09:37:03,0.51,0.6144,13,0.5,0.6024,62,0.54,0.6506,2,0.505,0.6084,77,0
IWM190913C155,2019-09-11,2019-09-11 09:37:04,0.51,0.6144,39,0.5,0.6024,38,0.54,0.6506,2,0.505,0.6084,77,0
IWM190913C155,2019-09-11,2019-09-11 09:37:05,0.51,0.6144,170,0.5,0.6024,24,0.54,0.6506,2,0.505,0.6084,77,0
IWM190913C155,2019-09-11,2019-09-11 09:37:05,0.51,0.6144,170,0.49,0.5903,73,0.54,0.6506,2,0.5,0.6024,77,0
IWM190913C155,2019-09-11,2019-09-11 09:37:06,0.52,0.6265,223,0.5,0.6024,55,0.54,0.6506,2,0.51,0.6144,77,0
IWM190913C155,2019-09-11,2019-09-11 09:37:06,0.52,0.6265,188,0.5,0.6024,135,0.54,0.6506,2,0.51,0.6144,77,0
IWM190913C155,2019-09-11,2019-09-11 09:37:07,0.52,0.6265,20,0.51,0.6144,28,0.54,0.6506,2,0.515,0.6204,77,0
IWM190913C155,2019-09-11,2019-09-11 09:37:07,0.52,0.6265,21,0.51,0.6144,72,0.54,0.6506,2,0.515,0.6204,77,0
IWM190913C155,2019-09-11,2019-09-11 09:37:08,0.52,0.6265,31,0.51,0.6144,17,0.54,0.6506,2,0.515,0.6204,77,0
IWM190913C155,2019-09-11,2019-09-11 09:37:08,0.52,0.6265,44,0.5,0.6024,96,0.54,0.6506,2,0.51,0.6144,77,0
IWM190913C155,2019-09-11,2019-09-11 09:37:09,0.51,0.6144,149,0.5,0.6024,1,0.54,0.6506,2,0.505,0.6084,77,0
IWM190913C155,2019-09-11,2019-09-11 09:37:09,0.51,0.6144,68,0.5,0.6024,1,0.54,0.6506,2,0.505,0.6084,77,0
IWM190913C155,2019-09-11,2019-09-11 09:37:10,0.5,0.6024,13,0.49,0.5903,40,0.54,0.6506,2,0.495,0.5963,77,0
IWM190913C155,2019-09-11,2019-09-11 09:37:10,0.51,0.6144,89,0.49,0.5903,81,0.54,0.6506,2,0.5,0.6024,77,0
IWM190913C155,2019-09-11,2019-09-11 09:37:11,0.51,0.6144,127,0.49,0.5903,48,0.54,0.6506,2,0.5,0.6024,77,0
IWM190913C155,2019-09-11,2019-09-11 09:37:11,0.51,0.6144,38,0.5,0.6024,50,0.54,0.6506,2,0.505,0.6084,77,0
IWM190913C155,2019-09-11,2019-09-11 09:37:12,0.52,0.6265,131,0.51,0.6144,11,0.54,0.6506,2,0.515,0.6204,77,0
IWM190913C155,2019-09-11,2019-09-11 09:37:13,0.52,0.6265,163,0.51,0.6144,11,0.54,0.6506,2,0.515,0.6204,77,0
IWM190913C155,2019-09-11,2019-09-11 09:37:13,0.52,0.6265,237,0.51,0.6144,11,0.54,0.6506,2,0.515,0.6204,77,0
IWM190913C155,2019-09-11,2019-09-11 09:37:14,0.52,0.6265,291,0.5,0.6024,35,0.54,0.6506,2,0.51,0.6144,77,0
IWM190913C155,2019-09-11,2019-09-11 09:37:14,0.51,0.6144,37,0.5,0.6024,11,0.54,0.6506,2,0.505,0.6084,77,0
IWM190913C155,2019-09-11,2019-09-11 09:37:15,0.5,0.6024,13,0.49,0.5903,56,0.54,0.6506,2,0.495,0.5963,77,0
IWM190913C155,2019-09-11,2019-09-11 09:37:15,0.5,0.6024,20,0.49,0.5903,67,0.54,0.6506,2,0.495,0.5963,77,0
IWM190913C155,2019-09-11,2019-09-11 09:37:16,0.5,0.6024,127,0.49,0.5903,43,0.54,0.6506,2,0.495,0.5963,77,0
IWM190913C155,2019-09-11,2019-09-11 09:37:16,0.48,0.5783,26,0.47,0.5662,11,0.54,0.6506,2,0.475,0.5722,77,0
IWM190913C155,2019-09-11,2019-09-11 09:37:17,0.49,0.5903,140,0.47,0.5662,24,0.54,0.6506,2,0.48,0.5783,77,0
IWM190913C155,2019-09-11,2019-09-11 09:37:17,0.48,0.5783,26,0.47,0.5662,58,0.54,0.6506,2,0.475,0.5722,77,0
IWM190913C155,2019-09-11,2019-09-11 09:37:18,0.48,0.5783,26,0.47,0.5662,72,0.54,0.6506,2,0.475,0.5722,77,0
IWM190913C155,2019-09-11,2019-09-11 09:37:18,0.49,0.5903,33,0.47,0.5662,34,0.54,0.6506,2,0.48,0.5783,77,0
IWM190913C155,2019-09-11,2019-09-11 09:37:19,0.49,0.5903,43,0.47,0.5662,147,0.54,0.6506,2,0.48,0.5783,77,0
IWM190913C155,2019-09-11,2019-09-11 09:37:19,0.49,0.5903,83,0.47,0.5662,150,0.54,0.6506,2,0.48,0.5783,77,0
IWM190913C155,2019-09-11,2019-09-11 09:37:20,0.49,0.5903,83,0.48,0.5783,24,0.54,0.6506,2,0.485,0.5843,77,0
IWM190913C155,2019-09-11,2019-09-11 09:37:20,0.49,0.5903,31,0.48,0.5783,87,0.54,0.6506,2,0.485,0.5843,77,0
IWM190913C155,2019-09-11,2019-09-11 09:37:21,0.49,0.5903,91,0.47,0.5662,72,0.54,0.6506,2,0.48,0.5783,77,0
IWM190913C155,2019-09-11,2019-09-11 09:37:21,0.49,0.5903,179,0.48,0.5783,24,0.54,0.6506,2,0.485,0.5843,77,0
IWM190913C155,2019-09-11,2019-09-11 09:37:22,0.47,0.5662,24,0.46,0.5542,100,0.54,0.6506,2,0.465,0.5602,77,0
IWM190913C155,2019-09-11,2019-09-11 09:37:22,0.47,0.5662,20,0.46,0.5542,100,0.54,0.6506,2,0.465,0.5602,77,0
IWM190913C155,2019-09-11,2019-09-11 09:37:23,0.48,0.5783,206,0.46,0.5542,100,0.54,0.6506,2,0.47,0.5662,77,0
IWM190913C155,2019-09-11,2019-09-11 09:37:23,0.48,0.5783,201,0.46,0.5542,100,0.54,0.6506,2,0.47,0.5662,77,0
IWM190913C155,2019-09-11,2019-09-11 09:37:24,0.47,0.5662,30,0.46,0.5542,68,0.54,0.6506,2,0.465,0.5602,77,0
IWM190913C155,2019-09-11,2019-09-11 09:37:24,0.47,0.5662,39,0.46,0.5542,68,0.54,0.6506,2,0.465,0.5602,77,0
IWM190913C155,2019-09-11,2019-09-11 09:37:25,0.47,0.5662,30,0.46,0.5542,70,0.54,0.6506,2,0.465,0.5602,77,0
IWM190913C155,2019-09-11,2019-09-11 09:37:25,0.47,0.5662,13,0.47,0.5662,71,0.54,0.6506,2,0.47,0.5662,77,0
IWM190913C155,2019-09-11,2019-09-11 09:37:26,0.48,0.5783,81,0.47,0.5662,96,0.54,0.6506,2,0.475,0.5722,77,0
IWM190913C155,2019-09-11,2019-09-11 09:37:27,0.48,0.5783,81,0.47,0.5662,89,0.54,0.6506,2,0.475,0.5722,77,0
IWM190913C155,2019-09-11,2019-09-11 09:37:27,0.48,0.5783,81,0.47,0.5662,71,0.54,0.6506,2,0.475,0.5722,77,0
IWM190913C155,2019-09-11,2019-09-11 09:37:28,0.47,0.5662,26,0.46,0.5542,70,0.54,0.6506,2,0.465,0.5602,77,0
IWM190913C155,2019-09-11,2019-09-11 09:37:28,0.48,0.5783,81,0.47,0.5662,89,0.54,0.6506,2,0.475,0.5722,77,0
IWM190913C155,2019-09-11,2019-09-11 09:37:29,0.47,0.5662,81,0.46,0.5542,43,0.54,0.6506,2,0.465,0.5602,77,0
IWM190913C155,2019-09-11,2019-09-11 09:37:29,0.47,0.5662,83,0.46,0.5542,49,0.54,0.6506,2,0.465,0.5602,77,0
IWM190913C155,2019-09-11,2019-09-11 09:37:30,0.47,0.5662,108,0.45,0.5421,111,0.54,0.6506,2,0.46,0.5542,77,0
IWM190913C155,2019-09-11,2019-09-11 09:37:30,0.46,0.5542,13,0.45,0.5421,121,0.54,0.6506,2,0.455,0.5481,77,0
IWM190913C155,2019-09-11,2019-09-11 09:37:31,0.47,0.5662,126,0.46,0.5542,46,0.54,0.6506,2,0.465,0.5602,77,0
IWM190913C155,2019-09-11,2019-09-11 09:37:31,0.47,0.5662,262,0.46,0.5542,46,0.54,0.6506,2,0.465,0.5602,77,0
IWM190913C155,2019-09-11,2019-09-11 09:37:32,0.47,0.5662,126,0.48,0.5783,12,0.54,0.6506,2,0.475,0.5722,77,0
IWM190913C155,2019-09-11,2019-09-11 09:37:33,0.5,0.6024,248,0.48,0.5783,98,0.54,0.6506,2,0.49,0.5903,77,0
IWM190913C155,2019-09-11,2019-09-11 09:37:33,0.49,0.5903,14,0.48,0.5783,12,0.54,0.6506,2,0.485,0.5843,77,0
IWM190913C155,2019-09-11,2019-09-11 09:37:34,0.5,0.6024,237,0.49,0.5903,24,0.54,0.6506,2,0.495,0.5963,77,0
IWM190913C155,2019-09-11,2019-09-11 09:37:34,0.5,0.6024,77,0.49,0.5903,24,0.54,0.6506,2,0.495,0.5963,77,0
IWM190913C155,2019-09-11,2019-09-11 09:37:35,0.5,0.6024,116,0.49,0.5903,32,0.54,0.6506,2,0.495,0.5963,77,0
IWM190913C155,2019-09-11,2019-09-11 09:37:35,0.5,0.6024,59,0.49,0.5903,24,0.54,0.6506,2,0.495,0.5963,77,0
IWM190913C155,2019-09-11,2019-09-11 09:37:36,0.5,0.6024,91,0.48,0.5783,40,0.54,0.6506,2,0.49,0.5903,77,0
IWM190913C155,2019-09-11,2019-09-11 09:37:36,0.5,0.6024,159,0.48,0.5783,40,0.54,0.6506,2,0.49,0.5903,77,0
IWM190913C155,2019-09-11,2019-09-11 09:37:37,0.5,0.6024,259,0.48,0.5783,100,0.54,0.6506,2,0.49,0.5903,77,0
IWM190913C155,2019-09-11,2019-09-11 09:37:38,0.49,0.5903,88,0.47,0.5662,88,0.54,0.6506,2,0.48,0.5783,77,0
IWM190913C155,2019-09-11,2019-09-11 09:37:38,0.48,0.5783,10,0.47,0.5662,88,0.54,0.6506,2,0.475,0.5722,77,0
IWM190913C155,2019-09-11,2019-09-11 09:37:39,0.49,0.5903,100,0.47,0.5662,79,0.54,0.6506,2,0.48,0.5783,77,0
IWM190913C155,2019-09-11,2019-09-11 09:37:39,0.49,0.5903,107,0.47,0.5662,79,0.54,0.6506,2,0.48,0.5783,77,0
IWM190913C155,2019-09-11,2019-09-11 09:37:40,0.49,0.5903,194,0.47,0.5662,79,0.54,0.6506,2,0.48,0.5783,77,0
IWM190913C155,2019-09-11,2019-09-11 09:37:41,0.49,0.5903,16,0.47,0.5662,92,0.54,0.6506,2,0.48,0.5783,77,0
IWM190913C155,2019-09-11,2019-09-11 09:37:41,0.49,0.5903,194,0.47,0.5662,109,0.54,0.6506,2,0.48,0.5783,77,0
IWM190913C155,2019-09-11,2019-09-11 09:37:42,0.49,0.5903,73,0.48,0.5783,56,0.54,0.6506,2,0.485,0.5843,77,0
IWM190913C155,2019-09-11,2019-09-11 09:37:42,0.49,0.5903,16,0.47,0.5662,92,0.54,0.6506,2,0.48,0.5783,77,0
IWM190913C155,2019-09-11,2019-09-11 09:37:43,0.49,0.5903,16,0.48,0.5783,115,0.54,0.6506,2,0.485,0.5843,77,0
IWM190913C155,2019-09-11,2019-09-11 09:37:43,0.5,0.6024,367,0.48,0.5783,100,0.54,0.6506,2,0.49,0.5903,77,0
IWM190913C155,2019-09-11,2019-09-11 09:37:44,0.5,0.6024,99,0.48,0.5783,100,0.54,0.6506,2,0.49,0.5903,77,0
IWM190913C155,2019-09-11,2019-09-11 09:37:44,0.5,0.6024,81,0.48,0.5783,370,0.54,0.6506,2,0.49,0.5903,77,0
IWM190913C155,2019-09-11,2019-09-11 09:37:45,0.5,0.6024,90,0.48,0.5783,250,0.54,0.6506,2,0.49,0.5903,77,0
IWM190913C155,2019-09-11,2019-09-11 09:37:46,0.5,0.6024,25,0.49,0.5903,210,0.54,0.6506,2,0.495,0.5963,77,0
IWM190913C155,2019-09-11,2019-09-11 09:37:46,0.5,0.6024,29,0.49,0.5903,100,0.54,0.6506,2,0.495,0.5963,77,0
IWM190913C155,2019-09-11,2019-09-11 09:37:47,0.5,0.6024,20,0.49,0.5903,166,0.54,0.6506,2,0.495,0.5963,77,0
IWM190913C155,2019-09-11,2019-09-11 09:37:47,0.5,0.6024,20,0.49,0.5903,110,0.54,0.6506,2,0.495,0.5963,77,0
IWM190913C155,2019-09-11,2019-09-11 09:37:48,0.51,0.6144,94,0.5,0.6024,16,0.5,0.6024,20,0.505,0.6084,100,0
IWM190913C155,2019-09-11,2019-09-11 09:37:48,0.51,0.6144,18,0.5,0.6024,68,0.5,0.6024,20,0.505,0.6084,100,23
IWM190913C155,2019-09-11,2019-09-11 09:37:49,0.51,0.6144,233,0.5,0.6024,16,0.5,0.6024,20,0.505,0.6084,100,0
IWM190913C155,2019-09-11,2019-09-11 09:37:50,0.5,0.6024,74,0.48,0.5783,100,0.5,0.6024,20,0.49,0.5903,100,0
IWM190913C155,2019-09-11,2019-09-11 09:37:50,0.5,0.6024,18,0.49,0.5903,31,0.5,0.6024,20,0.495,0.5963,100,0
IWM190913C155,2019-09-11,2019-09-11 09:37:51,0.5,0.6024,204,0.48,0.5783,150,0.5,0.6024,20,0.49,0.5903,100,0
IWM190913C155,2019-09-11,2019-09-11 09:37:51,0.5,0.6024,228,0.49,0.5903,33,0.5,0.6024,20,0.495,0.5963,100,0
IWM190913C155,2019-09-11,2019-09-11 09:37:52,0.49,0.5903,21,0.48,0.5783,115,0.5,0.6024,20,0.485,0.5843,100,0
IWM190913C155,2019-09-11,2019-09-11 09:37:52,0.5,0.6024,204,0.48,0.5783,44,0.5,0.6024,20,0.49,0.5903,100,0
IWM190913C155,2019-09-11,2019-09-11 09:37:53,0.49,0.5903,21,0.48,0.5783,115,0.5,0.6024,20,0.485,0.5843,100,0
IWM190913C155,2019-09-11,2019-09-11 09:37:53,0.5,0.6024,144,0.48,0.5783,134,0.5,0.6024,20,0.49,0.5903,100,0
IWM190913C155,2019-09-11,2019-09-11 09:37:54,0.5,0.6024,148,0.48,0.5783,134,0.5,0.6024,20,0.49,0.5903,100,0
IWM190913C155,2019-09-11,2019-09-11 09:37:54,0.5,0.6024,187,0.48,0.5783,134,0.5,0.6024,20,0.49,0.5903,100,0
IWM190913C155,2019-09-11,2019-09-11 09:37:55,0.49,0.5903,21,0.48,0.5783,121,0.5,0.6024,20,0.485,0.5843,100,0
IWM190913C155,2019-09-11,2019-09-11 09:37:55,0.5,0.6024,174,0.48,0.5783,100,0.5,0.6024,20,0.49,0.5903,100,0
IWM190913C155,2019-09-11,2019-09-11 09:37:56,0.5,0.6024,151,0.48,0.5783,100,0.5,0.6024,20,0.49,0.5903,100,0
IWM190913C155,2019-09-11,2019-09-11 09:37:56,0.51,0.6144,258,0.49,0.5903,78,0.5,0.6024,20,0.5,0.6024,100,0
IWM190913C155,2019-09-11,2019-09-11 09:37:57,0.51,0.6144,616,0.49,0.5903,78,0.5,0.6024,20,0.5,0.6024,100,0
IWM190913C155,2019-09-11,2019-09-11 09:37:57,0.5,0.6024,130,0.48,0.5783,87,0.5,0.6024,20,0.49,0.5903,100,0
IWM190913C155,2019-09-11,2019-09-11 09:37:58,0.49,0.5903,13,0.48,0.5783,114,0.5,0.6024,20,0.485,0.5843,100,0
IWM190913C155,2019-09-11,2019-09-11 09:37:58,0.49,0.5903,10,0.48,0.5783,145,0.5,0.6024,20,0.485,0.5843,100,0
IWM190913C155,2019-09-11,2019-09-11 09:37:59,0.49,0.5903,29,0.48,0.5783,105,0.5,0.6024,20,0.485,0.5843,100,0
IWM190913C155,2019-09-11,2019-09-11 09:37:59,0.49,0.5903,29,0.48,0.5783,91,0.5,0.6024,20,0.485,0.5843,100,0
IWM190913C155,2019-09-11,2019-09-11 09:38:00,0.5,0.6024,64,0.49,0.5903,89,0.5,0.6024,20,0.495,0.5963,100,0
IWM190913C155,2019-09-11,2019-09-11 09:38:00,0.5,0.6024,16,0.49,0.5903,99,0.5,0.6024,20,0.495,0.5963,100,0
IWM190913C155,2019-09-11,2019-09-11 09:38:01,0.5,0.6024,10,0.49,0.5903,89,0.5,0.6024,20,0.495,0.5963,100,0
IWM190913C155,2019-09-11,2019-09-11 09:38:01,0.51,0.6144,288,0.49,0.5903,70,0.5,0.6024,20,0.5,0.6024,100,0
IWM190913C155,2019-09-11,2019-09-11 09:38:02,0.51,0.6144,374,0.49,0.5903,76,0.5,0.6024,20,0.5,0.6024,100,0
IWM190913C155,2019-09-11,2019-09-11 09:38:02,0.51,0.6144,374,0.49,0.5903,108,0.5,0.6024,20,0.5,0.6024,100,0
IWM190913C155,2019-09-11,2019-09-11 09:38:03,0.5,0.6024,82,0.49,0.5903,16,0.5,0.6024,20,0.495,0.5963,100,0
IWM190913C155,2019-09-11,2019-09-11 09:38:03,0.5,0.6024,13,0.49,0.5903,32,0.5,0.6024,20,0.495,0.5963,100,0
IWM190913C155,2019-09-11,2019-09-11 09:38:04,0.51,0.6144,390,0.49,0.5903,65,0.5,0.6024,20,0.5,0.6024,100,0
IWM190913C155,2019-09-11,2019-09-11 09:38:04,0.5,0.6024,110,0.49,0.5903,45,0.5,0.6024,20,0.495,0.5963,100,0
IWM190913C155,2019-09-11,2019-09-11 09:38:05,0.5,0.6024,16,0.49,0.5903,33,0.5,0.6024,20,0.495,0.5963,100,0
IWM190913C155,2019-09-11,2019-09-11 09:38:05,0.5,0.6024,21,0.49,0.5903,45,0.5,0.6024,20,0.495,0.5963,100,0
IWM190913C155,2019-09-11,2019-09-11 09:38:06,0.49,0.5903,16,0.48,0.5783,74,0.5,0.6024,20,0.485,0.5843,100,0
IWM190913C155,2019-09-11,2019-09-11 09:38:06,0.49,0.5903,16,0.49,0.5903,12,0.5,0.6024,20,0.49,0.5903,100,0
IWM190913C155,2019-09-11,2019-09-11 09:38:07,0.5,0.6024,34,0.49,0.5903,37,0.5,0.6024,20,0.495,0.5963,100,0
IWM190913C155,2019-09-11,2019-09-11 09:38:07,0.5,0.6024,135,0.48,0.5783,231,0.5,0.6024,20,0.49,0.5903,100,0
IWM190913C155,2019-09-11,2019-09-11 09:38:08,0.51,0.6144,29,0.5,0.6024,55,0.5,0.6024,20,0.505,0.6084,100,0
IWM190913C155,2019-09-11,2019-09-11 09:38:08,0.52,0.6265,275,0.51,0.6144,25,0.5,0.6024,20,0.515,0.6204,100,0
IWM190913C155,2019-09-11,2019-09-11 09:38:09,0.52,0.6265,275,0.5,0.6024,93,0.5,0.6024,20,0.51,0.6144,100,0
IWM190913C155,2019-09-11,2019-09-11 09:38:09,0.52,0.6265,34,0.5,0.6024,116,0.5,0.6024,20,0.51,0.6144,100,0
IWM190913C155,2019-09-11,2019-09-11 09:38:10,0.52,0.6265,16,0.51,0.6144,63,0.5,0.6024,20,0.515,0.6204,100,0
IWM190913C155,2019-09-11,2019-09-11 09:38:10,0.53,0.6385,35,0.52,0.6265,95,0.5,0.6024,20,0.525,0.6325,100,0
IWM190913C155,2019-09-11,2019-09-11 09:38:11,0.53,0.6385,258,0.51,0.6144,83,0.5,0.6024,20,0.52,0.6265,100,0
IWM190913C155,2019-09-11,2019-09-11 09:38:12,0.53,0.6385,269,0.51,0.6144,83,0.5,0.6024,20,0.52,0.6265,100,0
IWM190913C155,2019-09-11,2019-09-11 09:38:12,0.52,0.6265,26,0.51,0.6144,37,0.5,0.6024,20,0.515,0.6204,100,0
IWM190913C155,2019-09-11,2019-09-11 09:38:13,0.53,0.6385,140,0.51,0.6144,113,0.5,0.6024,20,0.52,0.6265,100,0
IWM190913C155,2019-09-11,2019-09-11 09:38:13,0.53,0.6385,68,0.51,0.6144,100,0.5,0.6024,20,0.52,0.6265,100,0
IWM190913C155,2019-09-11,2019-09-11 09:38:14,0.53,0.6385,44,0.51,0.6144,72,0.5,0.6024,20,0.52,0.6265,100,0
IWM190913C155,2019-09-11,2019-09-11 09:38:14,0.53,0.6385,34,0.51,0.6144,268,0.5,0.6024,20,0.52,0.6265,100,0
IWM190913C155,2019-09-11,2019-09-11 09:38:15,0.53,0.6385,124,0.51,0.6144,102,0.5,0.6024,20,0.52,0.6265,100,0
IWM190913C155,2019-09-11,2019-09-11 09:38:15,0.53,0.6385,40,0.51,0.6144,102,0.5,0.6024,20,0.52,0.6265,100,0
IWM190913C155,2019-09-11,2019-09-11 09:38:16,0.53,0.6385,86,0.51,0.6144,127,0.5,0.6024,20,0.52,0.6265,100,0
IWM190913C155,2019-09-11,2019-09-11 09:38:16,0.54,0.6506,235,0.52,0.6265,93,0.5,0.6024,20,0.53,0.6385,100,0
IWM190913C155,2019-09-11,2019-09-11 09:38:17,0.54,0.6506,28,0.53,0.6385,74,0.5,0.6024,20,0.535,0.6445,100,0
IWM190913C155,2019-09-11,2019-09-11 09:38:17,0.55,0.6626,175,0.53,0.6385,24,0.5,0.6024,20,0.54,0.6506,100,0
IWM190913C155,2019-09-11,2019-09-11 09:38:18,0.54,0.6506,7,0.52,0.6265,152,0.5,0.6024,20,0.53,0.6385,100,0
IWM190913C155,2019-09-11,2019-09-11 09:38:18,0.54,0.6506,22,0.53,0.6385,91,0.5,0.6024,20,0.535,0.6445,100,0
IWM190913C155,2019-09-11,2019-09-11 09:38:19,0.54,0.6506,93,0.53,0.6385,74,0.5,0.6024,20,0.535,0.6445,100,0
IWM190913C155,2019-09-11,2019-09-11 09:38:19,0.54,0.6506,183,0.52,0.6265,74,0.5,0.6024,20,0.53,0.6385,100,0
IWM190913C155,2019-09-11,2019-09-11 09:38:20,0.54,0.6506,226,0.52,0.6265,74,0.5,0.6024,20,0.53,0.6385,100,0
