symbol,Date,quote_time,ask_price,norm_ask_price,ask_size,bid_price,norm_bid_price,bid_size,last_trade_price,norm_last_trade_price,last_trade_size,mark_price,norm_mark_price,volume,Volume
IWM191115C160,2019-11-13,2019-11-13 09:30:03,0.19,1.0,1,0.0,0.0,0,0.2,1.0526,1,0.095,0.5,11,11
IWM191115C160,2019-11-13,2019-11-13 09:30:04,0.19,1.0,1,0.07,0.3684,100,0.2,1.0526,1,0.13,0.6842,13,2
IWM191115C160,2019-11-13,2019-11-13 09:30:04,0.19,1.0,1,0.07,0.3684,100,0.13,0.6842,2,0.13,0.6842,13,0
IWM191115C160,2019-11-13,2019-11-13 09:30:05,0.19,1.0,1,0.08,0.421,500,0.14,0.7368,1,0.135,0.7105,15,2
IWM191115C160,2019-11-13,2019-11-13 09:30:05,0.19,1.0,1,0.08,0.421,500,0.14,0.7368,1,0.135,0.7105,15,0
IWM191115C160,2019-11-13,2019-11-13 09:30:06,0.19,1.0,150,0.08,0.421,500,0.14,0.7368,1,0.135,0.7105,15,0
IWM191115C160,2019-11-13,2019-11-13 09:30:06,0.19,1.0,1,0.08,0.421,500,0.14,0.7368,1,0.135,0.7105,15,0
IWM191115C160,2019-11-13,2019-11-13 09:30:07,0.19,1.0,150,0.08,0.421,500,0.14,0.7368,1,0.135,0.7105,15,0
IWM191115C160,2019-11-13,2019-11-13 09:30:08,0.16,0.8421,90,0.1,0.5263,90,0.14,0.7368,1,0.13,0.6842,15,0
IWM191115C160,2019-11-13,2019-11-13 09:30:09,0.16,0.8421,319,0.1,0.5263,802,0.14,0.7368,1,0.13,0.6842,15,0
IWM191115C160,2019-11-13,2019-11-13 09:30:09,0.16,0.8421,322,0.1,0.5263,302,0.14,0.7368,1,0.13,0.6842,15,0
IWM191115C160,2019-11-13,2019-11-13 09:30:10,0.16,0.8421,499,0.1,0.5263,970,0.12,0.6315,100,0.13,0.6842,217,202
IWM191115C160,2019-11-13,2019-11-13 09:30:10,0.16,0.8421,324,0.1,0.5263,890,0.14,0.7368,1,0.13,0.6842,15,0
IWM191115C160,2019-11-13,2019-11-13 09:30:11,0.16,0.8421,558,0.1,0.5263,1344,0.13,0.6842,2,0.13,0.6842,217,0
IWM191115C160,2019-11-13,2019-11-13 09:30:12,0.15,0.7894,84,0.11,0.5789,10,0.13,0.6842,2,0.13,0.6842,217,0
IWM191115C160,2019-11-13,2019-11-13 09:30:12,0.16,0.8421,319,0.1,0.5263,844,0.13,0.6842,2,0.13,0.6842,217,0
IWM191115C160,2019-11-13,2019-11-13 09:30:13,0.15,0.7894,260,0.11,0.5789,10,0.13,0.6842,2,0.13,0.6842,217,0
IWM191115C160,2019-11-13,2019-11-13 09:30:13,0.14,0.7368,20,0.11,0.5789,10,0.13,0.6842,2,0.125,0.6578,217,0
IWM191115C160,2019-11-13,2019-11-13 09:30:14,0.14,0.7368,20,0.11,0.5789,10,0.13,0.6842,2,0.125,0.6578,217,0
IWM191115C160,2019-11-13,2019-11-13 09:30:15,0.13,0.6842,20,0.11,0.5789,10,0.12,0.6315,92,0.12,0.6315,417,0
IWM191115C160,2019-11-13,2019-11-13 09:30:15,0.13,0.6842,13,0.11,0.5789,10,0.12,0.6315,92,0.12,0.6315,417,200
IWM191115C160,2019-11-13,2019-11-13 09:30:16,0.13,0.6842,20,0.1,0.5263,1,0.12,0.6315,92,0.115,0.6052,417,0
IWM191115C160,2019-11-13,2019-11-13 09:30:17,0.13,0.6842,72,0.1,0.5263,1,0.12,0.6315,92,0.115,0.6052,417,0
IWM191115C160,2019-11-13,2019-11-13 09:30:17,0.13,0.6842,85,0.1,0.5263,1,0.12,0.6315,92,0.115,0.6052,417,0
IWM191115C160,2019-11-13,2019-11-13 09:30:18,0.13,0.6842,222,0.1,0.5263,1,0.12,0.6315,92,0.115,0.6052,417,0
IWM191115C160,2019-11-13,2019-11-13 09:30:19,0.11,0.5789,50,0.09,0.4736,1,0.11,0.5789,200,0.1,0.5263,617,200
IWM191115C160,2019-11-13,2019-11-13 09:30:19,0.13,0.6842,529,0.1,0.5263,1,0.12,0.6315,92,0.115,0.6052,417,0
IWM191115C160,2019-11-13,2019-11-13 09:30:20,0.11,0.5789,545,0.08,0.421,553,0.11,0.5789,200,0.095,0.5,617,0
IWM191115C160,2019-11-13,2019-11-13 09:30:20,0.11,0.5789,488,0.09,0.4736,1,0.11,0.5789,200,0.1,0.5263,617,0
IWM191115C160,2019-11-13,2019-11-13 09:30:21,0.11,0.5789,509,0.08,0.421,153,0.11,0.5789,200,0.095,0.5,617,0
IWM191115C160,2019-11-13,2019-11-13 09:30:21,0.11,0.5789,509,0.08,0.421,556,0.11,0.5789,200,0.095,0.5,617,0
IWM191115C160,2019-11-13,2019-11-13 09:30:22,0.11,0.5789,509,0.08,0.421,580,0.11,0.5789,200,0.095,0.5,617,0
IWM191115C160,2019-11-13,2019-11-13 09:30:23,0.11,0.5789,509,0.08,0.421,770,0.11,0.5789,200,0.095,0.5,617,0
IWM191115C160,2019-11-13,2019-11-13 09:30:23,0.11,0.5789,509,0.08,0.421,750,0.11,0.5789,200,0.095,0.5,617,0
IWM191115C160,2019-11-13,2019-11-13 09:30:24,0.11,0.5789,257,0.09,0.4736,1,0.11,0.5789,200,0.1,0.5263,617,0
IWM191115C160,2019-11-13,2019-11-13 09:30:24,0.11,0.5789,512,0.08,0.421,400,0.11,0.5789,200,0.095,0.5,617,0
IWM191115C160,2019-11-13,2019-11-13 09:30:25,0.11,0.5789,257,0.09,0.4736,1,0.11,0.5789,200,0.1,0.5263,617,0
IWM191115C160,2019-11-13,2019-11-13 09:30:26,0.11,0.5789,491,0.08,0.421,610,0.11,0.5789,200,0.095,0.5,617,0
IWM191115C160,2019-11-13,2019-11-13 09:30:26,0.11,0.5789,338,0.08,0.421,880,0.11,0.5789,200,0.095,0.5,617,0
IWM191115C160,2019-11-13,2019-11-13 09:30:27,0.1,0.5263,16,0.08,0.421,30,0.1,0.5263,4,0.09,0.4736,621,0
IWM191115C160,2019-11-13,2019-11-13 09:30:27,0.1,0.5263,50,0.08,0.421,610,0.1,0.5263,4,0.09,0.4736,621,4
IWM191115C160,2019-11-13,2019-11-13 09:30:28,0.1,0.5263,194,0.08,0.421,1,0.1,0.5263,4,0.09,0.4736,621,0
IWM191115C160,2019-11-13,2019-11-13 09:30:28,0.1,0.5263,188,0.08,0.421,1,0.1,0.5263,4,0.09,0.4736,621,0
IWM191115C160,2019-11-13,2019-11-13 09:30:29,0.1,0.5263,194,0.08,0.421,226,0.1,0.5263,4,0.09,0.4736,621,0
IWM191115C160,2019-11-13,2019-11-13 09:30:29,0.11,0.5789,414,0.08,0.421,635,0.1,0.5263,4,0.095,0.5,621,0
IWM191115C160,2019-11-13,2019-11-13 09:30:30,0.11,0.5789,527,0.08,0.421,640,0.1,0.5263,4,0.095,0.5,621,0
IWM191115C160,2019-11-13,2019-11-13 09:30:30,0.11,0.5789,460,0.08,0.421,339,0.1,0.5263,4,0.095,0.5,621,0
IWM191115C160,2019-11-13,2019-11-13 09:30:31,0.11,0.5789,118,0.08,0.421,675,0.1,0.5263,4,0.095,0.5,621,0
IWM191115C160,2019-11-13,2019-11-13 09:30:32,0.11,0.5789,118,0.09,0.4736,1,0.1,0.5263,4,0.1,0.5263,621,0
IWM191115C160,2019-11-13,2019-11-13 09:30:33,0.11,0.5789,166,0.09,0.4736,10,0.1,0.5263,4,0.1,0.5263,621,0
IWM191115C160,2019-11-13,2019-11-13 09:30:33,0.11,0.5789,475,0.08,0.421,1068,0.1,0.5263,4,0.095,0.5,621,0
IWM191115C160,2019-11-13,2019-11-13 09:30:34,0.11,0.5789,300,0.09,0.4736,2,0.1,0.5263,4,0.1,0.5263,621,0
IWM191115C160,2019-11-13,2019-11-13 09:30:34,0.11,0.5789,300,0.09,0.4736,1,0.1,0.5263,4,0.1,0.5263,621,0
IWM191115C160,2019-11-13,2019-11-13 09:30:35,0.11,0.5789,300,0.08,0.421,504,0.1,0.5263,4,0.095,0.5,621,0
IWM191115C160,2019-11-13,2019-11-13 09:30:35,0.11,0.5789,536,0.08,0.421,660,0.1,0.5263,4,0.095,0.5,621,0
IWM191115C160,2019-11-13,2019-11-13 09:30:36,0.11,0.5789,536,0.08,0.421,1073,0.1,0.5263,4,0.095,0.5,621,0
IWM191115C160,2019-11-13,2019-11-13 09:30:37,0.11,0.5789,542,0.08,0.421,1070,0.1,0.5263,4,0.095,0.5,671,50
IWM191115C160,2019-11-13,2019-11-13 09:30:37,0.11,0.5789,536,0.08,0.421,720,0.1,0.5263,4,0.095,0.5,621,0
IWM191115C160,2019-11-13,2019-11-13 09:30:38,0.11,0.5789,416,0.08,0.421,572,0.09,0.4736,25,0.095,0.5,671,0
IWM191115C160,2019-11-13,2019-11-13 09:30:38,0.11,0.5789,612,0.08,0.421,1070,0.09,0.4736,25,0.095,0.5,671,0
IWM191115C160,2019-11-13,2019-11-13 09:30:39,0.11,0.5789,536,0.08,0.421,830,0.09,0.4736,25,0.095,0.5,671,0
IWM191115C160,2019-11-13,2019-11-13 09:30:39,0.11,0.5789,362,0.08,0.421,1236,0.09,0.4736,25,0.095,0.5,671,0
IWM191115C160,2019-11-13,2019-11-13 09:30:40,0.11,0.5789,536,0.09,0.4736,1,0.09,0.4736,25,0.1,0.5263,671,0
IWM191115C160,2019-11-13,2019-11-13 09:30:41,0.11,0.5789,536,0.09,0.4736,1,0.09,0.4736,25,0.1,0.5263,671,0
IWM191115C160,2019-11-13,2019-11-13 09:30:41,0.11,0.5789,536,0.08,0.421,1612,0.09,0.4736,25,0.095,0.5,671,0
IWM191115C160,2019-11-13,2019-11-13 09:30:42,0.11,0.5789,362,0.08,0.421,944,0.09,0.4736,25,0.095,0.5,671,0
IWM191115C160,2019-11-13,2019-11-13 09:30:42,0.11,0.5789,208,0.08,0.421,1224,0.09,0.4736,25,0.095,0.5,671,0
IWM191115C160,2019-11-13,2019-11-13 09:30:43,0.11,0.5789,153,0.09,0.4736,20,0.09,0.4736,25,0.1,0.5263,671,0
IWM191115C160,2019-11-13,2019-11-13 09:30:43,0.11,0.5789,157,0.09,0.4736,48,0.09,0.4736,25,0.1,0.5263,671,0
IWM191115C160,2019-11-13,2019-11-13 09:30:44,0.11,0.5789,157,0.09,0.4736,85,0.09,0.4736,25,0.1,0.5263,671,0
IWM191115C160,2019-11-13,2019-11-13 09:30:44,0.11,0.5789,157,0.09,0.4736,48,0.09,0.4736,25,0.1,0.5263,671,0
IWM191115C160,2019-11-13,2019-11-13 09:30:45,0.11,0.5789,181,0.09,0.4736,85,0.09,0.4736,25,0.1,0.5263,671,0
IWM191115C160,2019-11-13,2019-11-13 09:30:46,0.11,0.5789,380,0.08,0.421,1606,0.09,0.4736,25,0.095,0.5,671,0
IWM191115C160,2019-11-13,2019-11-13 09:30:46,0.11,0.5789,539,0.09,0.4736,23,0.09,0.4736,25,0.1,0.5263,671,0
IWM191115C160,2019-11-13,2019-11-13 09:30:47,0.11,0.5789,307,0.1,0.5263,200,0.09,0.4736,25,0.105,0.5526,671,0
IWM191115C160,2019-11-13,2019-11-13 09:30:48,0.11,0.5789,518,0.1,0.5263,200,0.09,0.4736,25,0.105,0.5526,671,0
IWM191115C160,2019-11-13,2019-11-13 09:30:48,0.11,0.5789,349,0.1,0.5263,200,0.09,0.4736,25,0.105,0.5526,671,0
IWM191115C160,2019-11-13,2019-11-13 09:30:49,0.11,0.5789,518,0.1,0.5263,200,0.09,0.4736,25,0.105,0.5526,671,0
IWM191115C160,2019-11-13,2019-11-13 09:30:50,0.11,0.5789,190,0.1,0.5263,228,0.09,0.4736,25,0.105,0.5526,671,0
IWM191115C160,2019-11-13,2019-11-13 09:30:50,0.11,0.5789,229,0.1,0.5263,228,0.09,0.4736,25,0.105,0.5526,671,0
IWM191115C160,2019-11-13,2019-11-13 09:30:51,0.11,0.5789,403,0.1,0.5263,200,0.09,0.4736,25,0.105,0.5526,671,0
IWM191115C160,2019-11-13,2019-11-13 09:30:51,0.11,0.5789,229,0.1,0.5263,200,0.09,0.4736,25,0.105,0.5526,671,0
IWM191115C160,2019-11-13,2019-11-13 09:30:52,0.11,0.5789,800,0.1,0.5263,200,0.09,0.4736,25,0.105,0.5526,671,0
IWM191115C160,2019-11-13,2019-11-13 09:30:53,0.11,0.5789,800,0.1,0.5263,223,0.09,0.4736,25,0.105,0.5526,671,0
IWM191115C160,2019-11-13,2019-11-13 09:30:53,0.11,0.5789,800,0.1,0.5263,200,0.09,0.4736,25,0.105,0.5526,671,0
IWM191115C160,2019-11-13,2019-11-13 09:30:54,0.11,0.5789,800,0.1,0.5263,200,0.09,0.4736,25,0.105,0.5526,671,0
IWM191115C160,2019-11-13,2019-11-13 09:30:55,0.11,0.5789,754,0.1,0.5263,200,0.09,0.4736,25,0.105,0.5526,671,0
IWM191115C160,2019-11-13,2019-11-13 09:30:56,0.11,0.5789,832,0.1,0.5263,200,0.09,0.4736,25,0.105,0.5526,671,0
IWM191115C160,2019-11-13,2019-11-13 09:30:56,0.11,0.5789,754,0.1,0.5263,200,0.09,0.4736,25,0.105,0.5526,671,0
IWM191115C160,2019-11-13,2019-11-13 09:30:57,0.11,0.5789,832,0.1,0.5263,200,0.09,0.4736,25,0.105,0.5526,671,0
IWM191115C160,2019-11-13,2019-11-13 09:30:57,0.11,0.5789,720,0.1,0.5263,200,0.09,0.4736,25,0.105,0.5526,671,0
IWM191115C160,2019-11-13,2019-11-13 09:30:58,0.11,0.5789,894,0.1,0.5263,200,0.09,0.4736,25,0.105,0.5526,671,0
IWM191115C160,2019-11-13,2019-11-13 09:30:59,0.1,0.5263,42,0.1,0.5263,200,0.1,0.5263,200,0.1,0.5263,871,200
IWM191115C160,2019-11-13,2019-11-13 09:30:59,0.11,0.5789,894,0.1,0.5263,200,0.09,0.4736,25,0.105,0.5526,671,0
IWM191115C160,2019-11-13,2019-11-13 09:31:00,0.1,0.5263,150,0.08,0.421,718,0.1,0.5263,200,0.09,0.4736,871,0
IWM191115C160,2019-11-13,2019-11-13 09:31:00,0.1,0.5263,150,0.08,0.421,840,0.1,0.5263,200,0.09,0.4736,871,0
IWM191115C160,2019-11-13,2019-11-13 09:31:01,0.1,0.5263,233,0.08,0.421,1186,0.1,0.5263,200,0.09,0.4736,871,0
IWM191115C160,2019-11-13,2019-11-13 09:31:02,0.1,0.5263,150,0.08,0.421,1315,0.1,0.5263,200,0.09,0.4736,871,0
IWM191115C160,2019-11-13,2019-11-13 09:31:02,0.1,0.5263,10,0.08,0.421,429,0.1,0.5263,200,0.09,0.4736,871,0
IWM191115C160,2019-11-13,2019-11-13 09:31:03,0.1,0.5263,557,0.08,0.421,988,0.1,0.5263,200,0.09,0.4736,871,0
IWM191115C160,2019-11-13,2019-11-13 09:31:03,0.1,0.5263,557,0.08,0.421,624,0.1,0.5263,200,0.09,0.4736,871,0
IWM191115C160,2019-11-13,2019-11-13 09:31:04,0.1,0.5263,557,0.08,0.421,988,0.1,0.5263,200,0.09,0.4736,871,0
IWM191115C160,2019-11-13,2019-11-13 09:31:04,0.1,0.5263,393,0.08,0.421,645,0.1,0.5263,200,0.09,0.4736,871,0
IWM191115C160,2019-11-13,2019-11-13 09:31:05,0.1,0.5263,767,0.08,0.421,34,0.1,0.5263,200,0.09,0.4736,871,0
IWM191115C160,2019-11-13,2019-11-13 09:31:06,0.1,0.5263,767,0.08,0.421,27,0.1,0.5263,200,0.09,0.4736,871,0
IWM191115C160,2019-11-13,2019-11-13 09:31:06,0.09,0.4736,345,0.08,0.421,27,0.1,0.5263,200,0.085,0.4473,871,0
IWM191115C160,2019-11-13,2019-11-13 09:31:07,0.1,0.5263,480,0.08,0.421,45,0.1,0.5263,200,0.09,0.4736,871,0
IWM191115C160,2019-11-13,2019-11-13 09:31:07,0.09,0.4736,143,0.08,0.421,27,0.1,0.5263,200,0.085,0.4473,871,0
IWM191115C160,2019-11-13,2019-11-13 09:31:08,0.1,0.5263,480,0.08,0.421,54,0.1,0.5263,200,0.09,0.4736,871,0
IWM191115C160,2019-11-13,2019-11-13 09:31:08,0.1,0.5263,715,0.08,0.421,54,0.1,0.5263,200,0.09,0.4736,871,0
IWM191115C160,2019-11-13,2019-11-13 09:31:09,0.1,0.5263,715,0.08,0.421,54,0.1,0.5263,200,0.09,0.4736,871,0
IWM191115C160,2019-11-13,2019-11-13 09:31:09,0.1,0.5263,715,0.08,0.421,554,0.1,0.5263,200,0.09,0.4736,871,0
IWM191115C160,2019-11-13,2019-11-13 09:31:10,0.1,0.5263,445,0.08,0.421,35,0.1,0.5263,200,0.09,0.4736,871,0
IWM191115C160,2019-11-13,2019-11-13 09:31:10,0.1,0.5263,715,0.08,0.421,54,0.1,0.5263,200,0.09,0.4736,871,0
IWM191115C160,2019-11-13,2019-11-13 09:31:11,0.1,0.5263,440,0.08,0.421,2,0.1,0.5263,200,0.09,0.4736,871,0
IWM191115C160,2019-11-13,2019-11-13 09:31:11,0.1,0.5263,740,0.08,0.421,20,0.1,0.5263,200,0.09,0.4736,871,0
IWM191115C160,2019-11-13,2019-11-13 09:31:12,0.1,0.5263,708,0.08,0.421,2,0.1,0.5263,200,0.09,0.4736,871,0
IWM191115C160,2019-11-13,2019-11-13 09:31:13,0.09,0.4736,167,0.08,0.421,926,0.1,0.5263,200,0.085,0.4473,871,0
IWM191115C160,2019-11-13,2019-11-13 09:31:13,0.09,0.4736,202,0.08,0.421,926,0.1,0.5263,200,0.085,0.4473,871,0
IWM191115C160,2019-11-13,2019-11-13 09:31:14,0.09,0.4736,155,0.08,0.421,30,0.1,0.5263,200,0.085,0.4473,871,0
IWM191115C160,2019-11-13,2019-11-13 09:31:14,0.09,0.4736,169,0.08,0.421,10,0.1,0.5263,200,0.085,0.4473,871,0
IWM191115C160,2019-11-13,2019-11-13 09:31:15,0.09,0.4736,273,0.08,0.421,30,0.1,0.5263,200,0.085,0.4473,871,0
IWM191115C160,2019-11-13,2019-11-13 09:31:15,0.09,0.4736,155,0.08,0.421,30,0.1,0.5263,200,0.085,0.4473,871,0
IWM191115C160,2019-11-13,2019-11-13 09:31:16,0.09,0.4736,164,0.08,0.421,30,0.1,0.5263,200,0.085,0.4473,871,0
IWM191115C160,2019-11-13,2019-11-13 09:31:17,0.09,0.4736,164,0.08,0.421,30,0.1,0.5263,200,0.085,0.4473,871,0
IWM191115C160,2019-11-13,2019-11-13 09:31:17,0.09,0.4736,393,0.08,0.421,30,0.09,0.4736,200,0.085,0.4473,1071,200
IWM191115C160,2019-11-13,2019-11-13 09:31:18,0.09,0.4736,393,0.08,0.421,30,0.09,0.4736,200,0.085,0.4473,1071,0
IWM191115C160,2019-11-13,2019-11-13 09:31:18,0.09,0.4736,298,0.08,0.421,91,0.09,0.4736,200,0.085,0.4473,1071,0
IWM191115C160,2019-11-13,2019-11-13 09:31:19,0.09,0.4736,239,0.08,0.421,266,0.09,0.4736,200,0.085,0.4473,1071,0
IWM191115C160,2019-11-13,2019-11-13 09:31:20,0.09,0.4736,239,0.08,0.421,942,0.09,0.4736,200,0.085,0.4473,1071,0
IWM191115C160,2019-11-13,2019-11-13 09:31:20,0.09,0.4736,239,0.08,0.421,956,0.09,0.4736,200,0.085,0.4473,1071,0
IWM191115C160,2019-11-13,2019-11-13 09:31:21,0.09,0.4736,461,0.08,0.421,942,0.09,0.4736,200,0.085,0.4473,1071,0
IWM191115C160,2019-11-13,2019-11-13 09:31:21,0.09,0.4736,744,0.08,0.421,940,0.09,0.4736,200,0.085,0.4473,1071,0
IWM191115C160,2019-11-13,2019-11-13 09:31:22,0.09,0.4736,653,0.08,0.421,940,0.09,0.4736,200,0.085,0.4473,1071,0
IWM191115C160,2019-11-13,2019-11-13 09:31:23,0.09,0.4736,232,0.08,0.421,629,0.09,0.4736,95,0.085,0.4473,1549,0
IWM191115C160,2019-11-13,2019-11-13 09:31:23,0.09,0.4736,232,0.08,0.421,756,0.09,0.4736,95,0.085,0.4473,1549,478
IWM191115C160,2019-11-13,2019-11-13 09:31:24,0.09,0.4736,141,0.08,0.421,245,0.09,0.4736,95,0.085,0.4473,1549,0
IWM191115C160,2019-11-13,2019-11-13 09:31:24,0.09,0.4736,141,0.08,0.421,629,0.09,0.4736,95,0.085,0.4473,1549,0
IWM191115C160,2019-11-13,2019-11-13 09:31:25,0.09,0.4736,193,0.08,0.421,488,0.09,0.4736,95,0.085,0.4473,1549,0
IWM191115C160,2019-11-13,2019-11-13 09:31:26,0.09,0.4736,187,0.08,0.421,889,0.09,0.4736,95,0.085,0.4473,1549,0
IWM191115C160,2019-11-13,2019-11-13 09:31:29,0.1,0.5263,769,0.08,0.421,947,0.09,0.4736,95,0.09,0.4736,1549,0
IWM191115C160,2019-11-13,2019-11-13 09:31:30,0.09,0.4736,150,0.08,0.421,917,0.09,0.4736,95,0.085,0.4473,1549,0
IWM191115C160,2019-11-13,2019-11-13 09:31:31,0.09,0.4736,150,0.08,0.421,716,0.09,0.4736,95,0.085,0.4473,1549,0
IWM191115C160,2019-11-13,2019-11-13 09:31:31,0.09,0.4736,150,0.08,0.421,917,0.09,0.4736,95,0.085,0.4473,1549,0
IWM191115C160,2019-11-13,2019-11-13 09:31:32,0.1,0.5263,979,0.08,0.421,1484,0.09,0.4736,95,0.09,0.4736,1549,0
IWM191115C160,2019-11-13,2019-11-13 09:31:32,0.1,0.5263,832,0.08,0.421,1484,0.09,0.4736,95,0.09,0.4736,1549,0
IWM191115C160,2019-11-13,2019-11-13 09:31:33,0.1,0.5263,1154,0.08,0.421,1408,0.09,0.4736,95,0.09,0.4736,1549,0
IWM191115C160,2019-11-13,2019-11-13 09:31:34,0.1,0.5263,1552,0.09,0.4736,200,0.09,0.4736,95,0.095,0.5,1549,0
IWM191115C160,2019-11-13,2019-11-13 09:31:38,0.1,0.5263,1602,0.09,0.4736,318,0.09,0.4736,95,0.095,0.5,1549,0
IWM191115C160,2019-11-13,2019-11-13 09:31:38,0.1,0.5263,1352,0.09,0.4736,318,0.09,0.4736,95,0.095,0.5,1549,0
IWM191115C160,2019-11-13,2019-11-13 09:31:39,0.1,0.5263,1620,0.09,0.4736,318,0.09,0.4736,95,0.095,0.5,1549,0
IWM191115C160,2019-11-13,2019-11-13 09:31:40,0.1,0.5263,1620,0.09,0.4736,200,0.09,0.4736,95,0.095,0.5,1549,0
IWM191115C160,2019-11-13,2019-11-13 09:31:41,0.1,0.5263,495,0.09,0.4736,339,0.09,0.4736,95,0.095,0.5,1549,0
IWM191115C160,2019-11-13,2019-11-13 09:31:42,0.1,0.5263,1123,0.09,0.4736,339,0.09,0.4736,95,0.095,0.5,1549,0
IWM191115C160,2019-11-13,2019-11-13 09:31:43,0.1,0.5263,345,0.09,0.4736,777,0.09,0.4736,95,0.095,0.5,1549,0
IWM191115C160,2019-11-13,2019-11-13 09:31:43,0.1,0.5263,345,0.09,0.4736,333,0.09,0.4736,95,0.095,0.5,1549,0
IWM191115C160,2019-11-13,2019-11-13 09:31:44,0.1,0.5263,345,0.09,0.4736,813,0.09,0.4736,95,0.095,0.5,1549,0
IWM191115C160,2019-11-13,2019-11-13 09:31:45,0.1,0.5263,577,0.09,0.4736,697,0.09,0.4736,95,0.095,0.5,1549,0
IWM191115C160,2019-11-13,2019-11-13 09:31:45,0.1,0.5263,420,0.09,0.4736,783,0.09,0.4736,95,0.095,0.5,1549,0
IWM191115C160,2019-11-13,2019-11-13 09:31:46,0.1,0.5263,495,0.09,0.4736,846,0.1,0.5263,200,0.095,0.5,1749,0
IWM191115C160,2019-11-13,2019-11-13 09:31:46,0.1,0.5263,495,0.09,0.4736,603,0.1,0.5263,200,0.095,0.5,1749,200
IWM191115C160,2019-11-13,2019-11-13 09:31:47,0.1,0.5263,345,0.09,0.4736,716,0.1,0.5263,200,0.095,0.5,1749,0
IWM191115C160,2019-11-13,2019-11-13 09:31:48,0.1,0.5263,345,0.09,0.4736,711,0.1,0.5263,200,0.095,0.5,1749,0
IWM191115C160,2019-11-13,2019-11-13 09:31:48,0.1,0.5263,345,0.09,0.4736,817,0.1,0.5263,200,0.095,0.5,1749,0
IWM191115C160,2019-11-13,2019-11-13 09:31:49,0.1,0.5263,345,0.09,0.4736,816,0.1,0.5263,200,0.095,0.5,1749,0
IWM191115C160,2019-11-13,2019-11-13 09:31:50,0.1,0.5263,354,0.09,0.4736,1176,0.1,0.5263,200,0.095,0.5,1749,0
IWM191115C160,2019-11-13,2019-11-13 09:31:50,0.1,0.5263,345,0.09,0.4736,952,0.1,0.5263,200,0.095,0.5,1749,0
IWM191115C160,2019-11-13,2019-11-13 09:31:51,0.1,0.5263,354,0.09,0.4736,1081,0.1,0.5263,200,0.095,0.5,1749,0
IWM191115C160,2019-11-13,2019-11-13 09:31:52,0.1,0.5263,345,0.09,0.4736,800,0.1,0.5263,200,0.095,0.5,1749,0
IWM191115C160,2019-11-13,2019-11-13 09:31:52,0.1,0.5263,345,0.09,0.4736,711,0.1,0.5263,200,0.095,0.5,1749,0
IWM191115C160,2019-11-13,2019-11-13 09:31:53,0.1,0.5263,354,0.09,0.4736,711,0.1,0.5263,200,0.095,0.5,1749,0
IWM191115C160,2019-11-13,2019-11-13 09:31:54,0.1,0.5263,756,0.09,0.4736,753,0.1,0.5263,200,0.095,0.5,1749,0
IWM191115C160,2019-11-13,2019-11-13 09:31:54,0.1,0.5263,354,0.09,0.4736,753,0.1,0.5263,200,0.095,0.5,1749,0
IWM191115C160,2019-11-13,2019-11-13 09:31:55,0.1,0.5263,852,0.09,0.4736,711,0.1,0.5263,200,0.095,0.5,1749,0
IWM191115C160,2019-11-13,2019-11-13 09:31:56,0.1,0.5263,900,0.09,0.4736,711,0.1,0.5263,200,0.095,0.5,1749,0
IWM191115C160,2019-11-13,2019-11-13 09:31:56,0.1,0.5263,923,0.09,0.4736,711,0.1,0.5263,200,0.095,0.5,1749,0
IWM191115C160,2019-11-13,2019-11-13 09:31:57,0.1,0.5263,1313,0.09,0.4736,429,0.1,0.5263,200,0.095,0.5,1749,0
IWM191115C160,2019-11-13,2019-11-13 09:31:58,0.1,0.5263,1359,0.09,0.4736,429,0.1,0.5263,200,0.095,0.5,1749,0
IWM191115C160,2019-11-13,2019-11-13 09:31:58,0.1,0.5263,1466,0.09,0.4736,429,0.1,0.5263,200,0.095,0.5,1749,0
IWM191115C160,2019-11-13,2019-11-13 09:31:59,0.1,0.5263,1466,0.09,0.4736,204,0.1,0.5263,154,0.095,0.5,1949,200
IWM191115C160,2019-11-13,2019-11-13 09:31:59,0.1,0.5263,1466,0.09,0.4736,200,0.1,0.5263,200,0.095,0.5,1749,0
IWM191115C160,2019-11-13,2019-11-13 09:32:00,0.1,0.5263,1469,0.09,0.4736,200,0.1,0.5263,10,0.095,0.5,1959,0
IWM191115C160,2019-11-13,2019-11-13 09:32:00,0.1,0.5263,1466,0.09,0.4736,204,0.1,0.5263,10,0.095,0.5,1959,10
IWM191115C160,2019-11-13,2019-11-13 09:32:01,0.1,0.5263,1469,0.09,0.4736,200,0.1,0.5263,10,0.095,0.5,1959,0
IWM191115C160,2019-11-13,2019-11-13 09:32:01,0.1,0.5263,1529,0.09,0.4736,200,0.1,0.5263,10,0.095,0.5,1959,0
IWM191115C160,2019-11-13,2019-11-13 09:32:02,0.1,0.5263,1529,0.09,0.4736,281,0.1,0.5263,10,0.095,0.5,1959,0
IWM191115C160,2019-11-13,2019-11-13 09:32:02,0.1,0.5263,1062,0.09,0.4736,200,0.08,0.421,1,0.095,0.5,1960,1
IWM191115C160,2019-11-13,2019-11-13 09:32:03,0.1,0.5263,1468,0.09,0.4736,200,0.08,0.421,1,0.095,0.5,1960,0
IWM191115C160,2019-11-13,2019-11-13 09:32:04,0.1,0.5263,996,0.09,0.4736,200,0.08,0.421,1,0.095,0.5,1960,0
IWM191115C160,2019-11-13,2019-11-13 09:32:05,0.1,0.5263,1468,0.09,0.4736,200,0.08,0.421,1,0.095,0.5,1960,0
IWM191115C160,2019-11-13,2019-11-13 09:32:06,0.1,0.5263,1468,0.09,0.4736,200,0.08,0.421,1,0.095,0.5,1960,0
IWM191115C160,2019-11-13,2019-11-13 09:32:07,0.1,0.5263,1294,0.09,0.4736,200,0.08,0.421,1,0.095,0.5,1960,0
IWM191115C160,2019-11-13,2019-11-13 09:32:07,0.1,0.5263,1468,0.09,0.4736,200,0.08,0.421,1,0.095,0.5,1960,0
IWM191115C160,2019-11-13,2019-11-13 09:32:08,0.1,0.5263,1030,0.09,0.4736,200,0.08,0.421,1,0.095,0.5,1960,0
IWM191115C160,2019-11-13,2019-11-13 09:32:08,0.1,0.5263,1599,0.09,0.4736,200,0.08,0.421,1,0.095,0.5,1960,0
IWM191115C160,2019-11-13,2019-11-13 09:32:09,0.1,0.5263,1599,0.09,0.4736,200,0.08,0.421,1,0.095,0.5,1960,0
IWM191115C160,2019-11-13,2019-11-13 09:32:10,0.1,0.5263,1599,0.09,0.4736,200,0.08,0.421,1,0.095,0.5,1960,0
IWM191115C160,2019-11-13,2019-11-13 09:32:11,0.1,0.5263,1599,0.09,0.4736,200,0.08,0.421,1,0.095,0.5,1960,0
IWM191115C160,2019-11-13,2019-11-13 09:32:11,0.1,0.5263,1601,0.09,0.4736,200,0.08,0.421,1,0.095,0.5,1960,0
IWM191115C160,2019-11-13,2019-11-13 09:32:12,0.1,0.5263,1601,0.09,0.4736,200,0.08,0.421,1,0.095,0.5,1960,0
IWM191115C160,2019-11-13,2019-11-13 09:32:13,0.1,0.5263,1601,0.09,0.4736,200,0.08,0.421,1,0.095,0.5,1960,0
IWM191115C160,2019-11-13,2019-11-13 09:32:14,0.1,0.5263,1601,0.09,0.4736,200,0.08,0.421,1,0.095,0.5,1960,0
IWM191115C160,2019-11-13,2019-11-13 09:32:15,0.1,0.5263,1483,0.09,0.4736,200,0.08,0.421,1,0.095,0.5,1960,0
IWM191115C160,2019-11-13,2019-11-13 09:32:15,0.1,0.5263,1601,0.09,0.4736,200,0.08,0.421,1,0.095,0.5,1960,0
IWM191115C160,2019-11-13,2019-11-13 09:32:16,0.1,0.5263,1483,0.09,0.4736,200,0.08,0.421,1,0.095,0.5,1960,0
IWM191115C160,2019-11-13,2019-11-13 09:32:17,0.1,0.5263,1483,0.09,0.4736,200,0.08,0.421,1,0.095,0.5,1960,0
IWM191115C160,2019-11-13,2019-11-13 09:32:18,0.1,0.5263,931,0.09,0.4736,200,0.08,0.421,1,0.095,0.5,1960,0
IWM191115C160,2019-11-13,2019-11-13 09:32:19,0.09,0.4736,20,0.08,0.421,1089,0.08,0.421,1,0.085,0.4473,1960,0
IWM191115C160,2019-11-13,2019-11-13 09:32:19,0.09,0.4736,29,0.08,0.421,891,0.08,0.421,1,0.085,0.4473,1960,0
IWM191115C160,2019-11-13,2019-11-13 09:32:20,0.1,0.5263,1669,0.08,0.421,973,0.08,0.421,1,0.09,0.4736,1960,0
IWM191115C160,2019-11-13,2019-11-13 09:32:20,0.1,0.5263,1943,0.08,0.421,1220,0.08,0.421,1,0.09,0.4736,1960,0
IWM191115C160,2019-11-13,2019-11-13 09:32:21,0.1,0.5263,1943,0.08,0.421,1212,0.08,0.421,1,0.09,0.4736,1960,0
IWM191115C160,2019-11-13,2019-11-13 09:32:21,0.1,0.5263,1943,0.08,0.421,1220,0.08,0.421,1,0.09,0.4736,1960,0
IWM191115C160,2019-11-13,2019-11-13 09:32:22,0.1,0.5263,1943,0.08,0.421,1162,0.08,0.421,1,0.09,0.4736,1960,0
IWM191115C160,2019-11-13,2019-11-13 09:32:22,0.1,0.5263,1943,0.08,0.421,1168,0.08,0.421,1,0.09,0.4736,1960,0
IWM191115C160,2019-11-13,2019-11-13 09:32:23,0.09,0.4736,110,0.08,0.421,921,0.08,0.421,1,0.085,0.4473,1960,0
IWM191115C160,2019-11-13,2019-11-13 09:32:23,0.09,0.4736,541,0.08,0.421,1124,0.08,0.421,1,0.085,0.4473,1960,0
IWM191115C160,2019-11-13,2019-11-13 09:32:24,0.09,0.4736,742,0.08,0.421,1209,0.08,0.421,1,0.085,0.4473,1960,0
IWM191115C160,2019-11-13,2019-11-13 09:32:25,0.09,0.4736,1109,0.08,0.421,1122,0.08,0.421,1,0.085,0.4473,1960,0
IWM191115C160,2019-11-13,2019-11-13 09:32:25,0.09,0.4736,1109,0.08,0.421,1212,0.08,0.421,1,0.085,0.4473,1960,0
IWM191115C160,2019-11-13,2019-11-13 09:32:26,0.09,0.4736,844,0.08,0.421,689,0.08,0.421,1,0.085,0.4473,1960,0
IWM191115C160,2019-11-13,2019-11-13 09:32:26,0.09,0.4736,1089,0.08,0.421,356,0.08,0.421,1,0.085,0.4473,1960,0
IWM191115C160,2019-11-13,2019-11-13 09:32:27,0.09,0.4736,1541,0.08,0.421,356,0.08,0.421,1,0.085,0.4473,1960,0
IWM191115C160,2019-11-13,2019-11-13 09:32:27,0.09,0.4736,1296,0.08,0.421,356,0.08,0.421,1,0.085,0.4473,1960,0
IWM191115C160,2019-11-13,2019-11-13 09:32:28,0.09,0.4736,1296,0.07,0.3684,1841,0.08,0.421,1,0.08,0.421,1961,1
IWM191115C160,2019-11-13,2019-11-13 09:32:28,0.09,0.4736,1296,0.07,0.3684,1437,0.08,0.421,1,0.08,0.421,1960,0
IWM191115C160,2019-11-13,2019-11-13 09:32:29,0.09,0.4736,1315,0.07,0.3684,1379,0.08,0.421,1,0.08,0.421,1961,0
IWM191115C160,2019-11-13,2019-11-13 09:32:29,0.09,0.4736,1559,0.07,0.3684,2112,0.08,0.421,1,0.08,0.421,1961,0
IWM191115C160,2019-11-13,2019-11-13 09:32:30,0.09,0.4736,1559,0.07,0.3684,1947,0.09,0.4736,97,0.08,0.421,2161,200
IWM191115C160,2019-11-13,2019-11-13 09:32:30,0.09,0.4736,1315,0.07,0.3684,1271,0.08,0.421,1,0.08,0.421,1961,0
IWM191115C160,2019-11-13,2019-11-13 09:32:31,0.09,0.4736,1628,0.07,0.3684,1947,0.09,0.4736,97,0.08,0.421,2161,0
IWM191115C160,2019-11-13,2019-11-13 09:32:31,0.09,0.4736,1559,0.07,0.3684,1947,0.09,0.4736,97,0.08,0.421,2161,0
IWM191115C160,2019-11-13,2019-11-13 09:32:32,0.09,0.4736,1826,0.07,0.3684,1990,0.09,0.4736,97,0.08,0.421,2161,0
IWM191115C160,2019-11-13,2019-11-13 09:32:32,0.09,0.4736,1830,0.07,0.3684,1990,0.09,0.4736,97,0.08,0.421,2161,0
IWM191115C160,2019-11-13,2019-11-13 09:32:33,0.09,0.4736,1563,0.08,0.421,98,0.09,0.4736,97,0.085,0.4473,2161,0
IWM191115C160,2019-11-13,2019-11-13 09:32:33,0.09,0.4736,1830,0.07,0.3684,1995,0.09,0.4736,97,0.08,0.421,2161,0
IWM191115C160,2019-11-13,2019-11-13 09:32:34,0.09,0.4736,686,0.08,0.421,390,0.09,0.4736,97,0.085,0.4473,2161,0
IWM191115C160,2019-11-13,2019-11-13 09:32:34,0.09,0.4736,1333,0.08,0.421,390,0.09,0.4736,97,0.085,0.4473,2161,0
IWM191115C160,2019-11-13,2019-11-13 09:32:35,0.09,0.4736,1573,0.08,0.421,390,0.09,0.4736,97,0.085,0.4473,2161,0
IWM191115C160,2019-11-13,2019-11-13 09:32:36,0.09,0.4736,1573,0.07,0.3684,1590,0.09,0.4736,97,0.08,0.421,2161,0
IWM191115C160,2019-11-13,2019-11-13 09:32:36,0.09,0.4736,1700,0.07,0.3684,1756,0.09,0.4736,97,0.08,0.421,2161,0
IWM191115C160,2019-11-13,2019-11-13 09:32:37,0.09,0.4736,1700,0.07,0.3684,1590,0.09,0.4736,97,0.08,0.421,2161,0
IWM191115C160,2019-11-13,2019-11-13 09:32:37,0.09,0.4736,1700,0.08,0.421,25,0.09,0.4736,97,0.085,0.4473,2161,0
IWM191115C160,2019-11-13,2019-11-13 09:32:38,0.09,0.4736,1700,0.08,0.421,25,0.09,0.4736,97,0.085,0.4473,2161,0
IWM191115C160,2019-11-13,2019-11-13 09:32:38,0.09,0.4736,1582,0.08,0.421,25,0.09,0.4736,97,0.085,0.4473,2161,0
IWM191115C160,2019-11-13,2019-11-13 09:32:39,0.09,0.4736,1284,0.07,0.3684,2041,0.09,0.4736,97,0.08,0.421,2161,0
IWM191115C160,2019-11-13,2019-11-13 09:32:39,0.09,0.4736,1582,0.08,0.421,25,0.09,0.4736,97,0.085,0.4473,2161,0
IWM191115C160,2019-11-13,2019-11-13 09:32:40,0.09,0.4736,1584,0.07,0.3684,2041,0.09,0.4736,97,0.08,0.421,2161,0
IWM191115C160,2019-11-13,2019-11-13 09:32:41,0.09,0.4736,1031,0.07,0.3684,778,0.09,0.4736,97,0.08,0.421,2161,0
IWM191115C160,2019-11-13,2019-11-13 09:32:41,0.09,0.4736,1584,0.08,0.421,32,0.09,0.4736,97,0.085,0.4473,2161,0
IWM191115C160,2019-11-13,2019-11-13 09:32:42,0.09,0.4736,1632,0.07,0.3684,2355,0.09,0.4736,97,0.08,0.421,2161,0
IWM191115C160,2019-11-13,2019-11-13 09:32:42,0.09,0.4736,1284,0.07,0.3684,2165,0.09,0.4736,97,0.08,0.421,2161,0
IWM191115C160,2019-11-13,2019-11-13 09:32:43,0.09,0.4736,1641,0.08,0.421,257,0.09,0.4736,97,0.085,0.4473,2161,0
IWM191115C160,2019-11-13,2019-11-13 09:32:43,0.09,0.4736,1379,0.07,0.3684,1855,0.09,0.4736,97,0.08,0.421,2161,0
IWM191115C160,2019-11-13,2019-11-13 09:32:44,0.09,0.4736,1591,0.08,0.421,739,0.09,0.4736,97,0.085,0.4473,2161,0
IWM191115C160,2019-11-13,2019-11-13 09:32:44,0.09,0.4736,1605,0.08,0.421,742,0.09,0.4736,97,0.085,0.4473,2161,0
IWM191115C160,2019-11-13,2019-11-13 09:32:45,0.09,0.4736,1300,0.08,0.421,739,0.09,0.4736,97,0.085,0.4473,2161,0
IWM191115C160,2019-11-13,2019-11-13 09:32:45,0.09,0.4736,1314,0.08,0.421,770,0.09,0.4736,97,0.085,0.4473,2161,0
IWM191115C160,2019-11-13,2019-11-13 09:32:46,0.09,0.4736,746,0.08,0.421,991,0.09,0.4736,97,0.085,0.4473,2161,0
IWM191115C160,2019-11-13,2019-11-13 09:32:46,0.09,0.4736,1163,0.08,0.421,648,0.09,0.4736,97,0.085,0.4473,2161,0
IWM191115C160,2019-11-13,2019-11-13 09:32:47,0.09,0.4736,1163,0.08,0.421,648,0.09,0.4736,50,0.085,0.4473,2261,100
IWM191115C160,2019-11-13,2019-11-13 09:32:47,0.09,0.4736,1011,0.08,0.421,487,0.09,0.4736,50,0.085,0.4473,2261,0
IWM191115C160,2019-11-13,2019-11-13 09:32:48,0.09,0.4736,1336,0.08,0.421,874,0.09,0.4736,50,0.085,0.4473,2261,0
IWM191115C160,2019-11-13,2019-11-13 09:32:49,0.09,0.4736,344,0.08,0.421,916,0.09,0.4736,50,0.085,0.4473,2261,0
IWM191115C160,2019-11-13,2019-11-13 09:32:50,0.09,0.4736,207,0.08,0.421,759,0.09,0.4736,50,0.085,0.4473,2261,0
IWM191115C160,2019-11-13,2019-11-13 09:32:50,0.09,0.4736,40,0.08,0.421,1173,0.09,0.4736,50,0.085,0.4473,2261,0
IWM191115C160,2019-11-13,2019-11-13 09:32:51,0.1,0.5263,1334,0.08,0.421,1176,0.09,0.4736,50,0.09,0.4736,2261,0
IWM191115C160,2019-11-13,2019-11-13 09:32:51,0.09,0.4736,40,0.08,0.421,1354,0.09,0.4736,50,0.085,0.4473,2261,0
IWM191115C160,2019-11-13,2019-11-13 09:32:52,0.1,0.5263,1334,0.08,0.421,1824,0.09,0.4736,50,0.09,0.4736,2261,0
IWM191115C160,2019-11-13,2019-11-13 09:32:52,0.09,0.4736,345,0.08,0.421,1867,0.09,0.4736,50,0.085,0.4473,2261,0
IWM191115C160,2019-11-13,2019-11-13 09:32:53,0.09,0.4736,345,0.08,0.421,1380,0.09,0.4736,50,0.085,0.4473,2261,0
IWM191115C160,2019-11-13,2019-11-13 09:32:53,0.09,0.4736,345,0.08,0.421,1436,0.09,0.4736,50,0.085,0.4473,2261,0
IWM191115C160,2019-11-13,2019-11-13 09:32:54,0.09,0.4736,345,0.08,0.421,1767,0.09,0.4736,50,0.085,0.4473,2261,0
IWM191115C160,2019-11-13,2019-11-13 09:32:54,0.09,0.4736,345,0.08,0.421,1788,0.09,0.4736,50,0.085,0.4473,2261,0
IWM191115C160,2019-11-13,2019-11-13 09:32:55,0.09,0.4736,345,0.08,0.421,1714,0.09,0.4736,50,0.085,0.4473,2261,0
IWM191115C160,2019-11-13,2019-11-13 09:32:55,0.09,0.4736,345,0.08,0.421,1602,0.09,0.4736,50,0.085,0.4473,2261,0
IWM191115C160,2019-11-13,2019-11-13 09:32:56,0.09,0.4736,345,0.08,0.421,1979,0.09,0.4736,50,0.085,0.4473,2261,0
IWM191115C160,2019-11-13,2019-11-13 09:32:56,0.09,0.4736,345,0.08,0.421,1812,0.09,0.4736,50,0.085,0.4473,2261,0
IWM191115C160,2019-11-13,2019-11-13 09:32:57,0.09,0.4736,345,0.08,0.421,1979,0.09,0.4736,50,0.085,0.4473,2261,0
IWM191115C160,2019-11-13,2019-11-13 09:32:58,0.09,0.4736,345,0.08,0.421,1315,0.09,0.4736,200,0.085,0.4473,2461,200
IWM191115C160,2019-11-13,2019-11-13 09:32:58,0.09,0.4736,345,0.08,0.421,2032,0.09,0.4736,200,0.085,0.4473,2461,0
IWM191115C160,2019-11-13,2019-11-13 09:32:59,0.09,0.4736,145,0.08,0.421,1106,0.09,0.4736,200,0.085,0.4473,2461,0
IWM191115C160,2019-11-13,2019-11-13 09:32:59,0.09,0.4736,345,0.08,0.421,2032,0.09,0.4736,200,0.085,0.4473,2461,0
IWM191115C160,2019-11-13,2019-11-13 09:33:00,0.11,0.5789,612,0.09,0.4736,1,0.09,0.4736,145,0.1,0.5263,2606,0
IWM191115C160,2019-11-13,2019-11-13 09:33:00,0.11,0.5789,612,0.09,0.4736,1,0.09,0.4736,145,0.1,0.5263,2606,145
IWM191115C160,2019-11-13,2019-11-13 09:33:01,0.1,0.5263,15,0.09,0.4736,1,0.09,0.4736,145,0.095,0.5,2606,0
IWM191115C160,2019-11-13,2019-11-13 09:33:01,0.1,0.5263,40,0.09,0.4736,163,0.09,0.4736,145,0.095,0.5,2606,0
IWM191115C160,2019-11-13,2019-11-13 09:33:02,0.11,0.5789,791,0.09,0.4736,562,0.09,0.4736,145,0.1,0.5263,2606,0
IWM191115C160,2019-11-13,2019-11-13 09:33:02,0.11,0.5789,840,0.09,0.4736,1221,0.09,0.4736,145,0.1,0.5263,2606,0
IWM191115C160,2019-11-13,2019-11-13 09:33:03,0.11,0.5789,923,0.09,0.4736,1574,0.09,0.4736,145,0.1,0.5263,2606,0
IWM191115C160,2019-11-13,2019-11-13 09:33:03,0.11,0.5789,706,0.1,0.5263,41,0.09,0.4736,145,0.105,0.5526,2606,0
IWM191115C160,2019-11-13,2019-11-13 09:33:04,0.11,0.5789,613,0.1,0.5263,47,0.09,0.4736,145,0.105,0.5526,2606,0
IWM191115C160,2019-11-13,2019-11-13 09:33:04,0.11,0.5789,50,0.1,0.5263,243,0.09,0.4736,145,0.105,0.5526,2606,0
IWM191115C160,2019-11-13,2019-11-13 09:33:05,0.11,0.5789,50,0.1,0.5263,290,0.09,0.4736,145,0.105,0.5526,2606,0
IWM191115C160,2019-11-13,2019-11-13 09:33:06,0.12,0.6315,653,0.1,0.5263,288,0.09,0.4736,145,0.11,0.5789,2606,0
IWM191115C160,2019-11-13,2019-11-13 09:33:06,0.12,0.6315,580,0.1,0.5263,151,0.09,0.4736,145,0.11,0.5789,2606,0
IWM191115C160,2019-11-13,2019-11-13 09:33:07,0.12,0.6315,549,0.11,0.5789,32,0.09,0.4736,145,0.115,0.6052,2606,0
IWM191115C160,2019-11-13,2019-11-13 09:33:07,0.12,0.6315,653,0.1,0.5263,1152,0.09,0.4736,145,0.11,0.5789,2606,0
IWM191115C160,2019-11-13,2019-11-13 09:33:08,0.12,0.6315,821,0.11,0.5789,327,0.09,0.4736,145,0.115,0.6052,2606,0
IWM191115C160,2019-11-13,2019-11-13 09:33:08,0.12,0.6315,1007,0.1,0.5263,577,0.09,0.4736,145,0.11,0.5789,2606,0
IWM191115C160,2019-11-13,2019-11-13 09:33:09,0.12,0.6315,946,0.1,0.5263,1118,0.09,0.4736,145,0.11,0.5789,2606,0
IWM191115C160,2019-11-13,2019-11-13 09:33:09,0.11,0.5789,324,0.1,0.5263,1162,0.09,0.4736,145,0.105,0.5526,2606,0
IWM191115C160,2019-11-13,2019-11-13 09:33:10,0.11,0.5789,576,0.1,0.5263,977,0.09,0.4736,145,0.105,0.5526,2606,0
IWM191115C160,2019-11-13,2019-11-13 09:33:10,0.11,0.5789,279,0.1,0.5263,637,0.09,0.4736,145,0.105,0.5526,2606,0
IWM191115C160,2019-11-13,2019-11-13 09:33:11,0.11,0.5789,173,0.1,0.5263,459,0.09,0.4736,145,0.105,0.5526,2606,0
IWM191115C160,2019-11-13,2019-11-13 09:33:11,0.11,0.5789,173,0.1,0.5263,602,0.09,0.4736,145,0.105,0.5526,2606,0
IWM191115C160,2019-11-13,2019-11-13 09:33:12,0.11,0.5789,405,0.1,0.5263,594,0.09,0.4736,145,0.105,0.5526,2606,0
IWM191115C160,2019-11-13,2019-11-13 09:33:12,0.11,0.5789,173,0.1,0.5263,107,0.09,0.4736,145,0.105,0.5526,2606,0
IWM191115C160,2019-11-13,2019-11-13 09:33:13,0.11,0.5789,816,0.1,0.5263,312,0.09,0.4736,145,0.105,0.5526,2606,0
IWM191115C160,2019-11-13,2019-11-13 09:33:13,0.11,0.5789,317,0.1,0.5263,632,0.09,0.4736,145,0.105,0.5526,2606,0
IWM191115C160,2019-11-13,2019-11-13 09:33:14,0.11,0.5789,375,0.1,0.5263,381,0.09,0.4736,145,0.105,0.5526,2606,0
IWM191115C160,2019-11-13,2019-11-13 09:33:14,0.11,0.5789,564,0.1,0.5263,287,0.09,0.4736,145,0.105,0.5526,2606,0
IWM191115C160,2019-11-13,2019-11-13 09:33:15,0.11,0.5789,910,0.1,0.5263,365,0.09,0.4736,145,0.105,0.5526,2606,0
IWM191115C160,2019-11-13,2019-11-13 09:33:15,0.11,0.5789,998,0.1,0.5263,342,0.09,0.4736,145,0.105,0.5526,2606,0
IWM191115C160,2019-11-13,2019-11-13 09:33:16,0.11,0.5789,1398,0.1,0.5263,365,0.09,0.4736,145,0.105,0.5526,2606,0
IWM191115C160,2019-11-13,2019-11-13 09:33:16,0.11,0.5789,877,0.1,0.5263,20,0.09,0.4736,145,0.105,0.5526,2606,0
IWM191115C160,2019-11-13,2019-11-13 09:33:17,0.11,0.5789,884,0.09,0.4736,934,0.09,0.4736,145,0.1,0.5263,2606,0
IWM191115C160,2019-11-13,2019-11-13 09:33:17,0.11,0.5789,1398,0.1,0.5263,20,0.09,0.4736,145,0.105,0.5526,2606,0
IWM191115C160,2019-11-13,2019-11-13 09:33:18,0.1,0.5263,1,0.09,0.4736,828,0.09,0.4736,145,0.095,0.5,2606,0
IWM191115C160,2019-11-13,2019-11-13 09:33:18,0.1,0.5263,769,0.09,0.4736,825,0.09,0.4736,145,0.095,0.5,2606,0
IWM191115C160,2019-11-13,2019-11-13 09:33:19,0.1,0.5263,186,0.09,0.4736,1126,0.09,0.4736,145,0.095,0.5,2606,0
IWM191115C160,2019-11-13,2019-11-13 09:33:20,0.1,0.5263,186,0.09,0.4736,1456,0.09,0.4736,145,0.095,0.5,2606,0
IWM191115C160,2019-11-13,2019-11-13 09:33:21,0.1,0.5263,457,0.09,0.4736,1136,0.09,0.4736,145,0.095,0.5,2606,0
IWM191115C160,2019-11-13,2019-11-13 09:33:21,0.1,0.5263,186,0.09,0.4736,1456,0.09,0.4736,145,0.095,0.5,2606,0
IWM191115C160,2019-11-13,2019-11-13 09:33:22,0.1,0.5263,693,0.09,0.4736,994,0.09,0.4736,145,0.095,0.5,2606,0
IWM191115C160,2019-11-13,2019-11-13 09:33:22,0.1,0.5263,390,0.09,0.4736,994,0.09,0.4736,145,0.095,0.5,2606,0
IWM191115C160,2019-11-13,2019-11-13 09:33:23,0.1,0.5263,693,0.09,0.4736,724,0.09,0.4736,145,0.095,0.5,2606,0
IWM191115C160,2019-11-13,2019-11-13 09:33:23,0.1,0.5263,597,0.09,0.4736,205,0.09,0.4736,6,0.095,0.5,2612,6
IWM191115C160,2019-11-13,2019-11-13 09:33:24,0.1,0.5263,597,0.09,0.4736,221,0.09,0.4736,6,0.095,0.5,2612,0
IWM191115C160,2019-11-13,2019-11-13 09:33:24,0.1,0.5263,828,0.09,0.4736,221,0.09,0.4736,6,0.095,0.5,2612,0
IWM191115C160,2019-11-13,2019-11-13 09:33:25,0.1,0.5263,1251,0.09,0.4736,552,0.09,0.4736,6,0.095,0.5,2612,0
IWM191115C160,2019-11-13,2019-11-13 09:33:26,0.1,0.5263,1251,0.09,0.4736,585,0.09,0.4736,6,0.095,0.5,2612,0
IWM191115C160,2019-11-13,2019-11-13 09:33:27,0.1,0.5263,1199,0.09,0.4736,585,0.09,0.4736,6,0.095,0.5,2612,0
IWM191115C160,2019-11-13,2019-11-13 09:33:27,0.1,0.5263,1174,0.09,0.4736,585,0.09,0.4736,6,0.095,0.5,2612,0
IWM191115C160,2019-11-13,2019-11-13 09:33:28,0.1,0.5263,931,0.09,0.4736,35,0.09,0.4736,6,0.095,0.5,2612,0
IWM191115C160,2019-11-13,2019-11-13 09:33:28,0.1,0.5263,1174,0.09,0.4736,585,0.09,0.4736,6,0.095,0.5,2612,0
IWM191115C160,2019-11-13,2019-11-13 09:33:29,0.1,0.5263,931,0.08,0.421,389,0.09,0.4736,6,0.09,0.4736,2612,0
IWM191115C160,2019-11-13,2019-11-13 09:33:29,0.1,0.5263,1185,0.08,0.421,1534,0.09,0.4736,6,0.09,0.4736,2612,0
IWM191115C160,2019-11-13,2019-11-13 09:33:30,0.1,0.5263,931,0.08,0.421,1643,0.09,0.4736,6,0.09,0.4736,2612,0
IWM191115C160,2019-11-13,2019-11-13 09:33:31,0.09,0.4736,2,0.08,0.421,2106,0.09,0.4736,6,0.085,0.4473,2612,0
IWM191115C160,2019-11-13,2019-11-13 09:33:31,0.1,0.5263,931,0.08,0.421,2106,0.09,0.4736,6,0.09,0.4736,2612,0
IWM191115C160,2019-11-13,2019-11-13 09:33:32,0.09,0.4736,2,0.08,0.421,2106,0.09,0.4736,6,0.085,0.4473,2612,0
IWM191115C160,2019-11-13,2019-11-13 09:33:33,0.09,0.4736,2,0.08,0.421,2106,0.09,0.4736,6,0.085,0.4473,2612,0
IWM191115C160,2019-11-13,2019-11-13 09:33:33,0.1,0.5263,925,0.08,0.421,2106,0.09,0.4736,6,0.09,0.4736,2612,0
IWM191115C160,2019-11-13,2019-11-13 09:33:34,0.1,0.5263,1059,0.08,0.421,2108,0.09,0.4736,6,0.09,0.4736,2612,0
IWM191115C160,2019-11-13,2019-11-13 09:33:34,0.1,0.5263,925,0.08,0.421,2106,0.09,0.4736,6,0.09,0.4736,2612,0
IWM191115C160,2019-11-13,2019-11-13 09:33:35,0.1,0.5263,919,0.08,0.421,1928,0.09,0.4736,6,0.09,0.4736,2612,0
IWM191115C160,2019-11-13,2019-11-13 09:33:35,0.1,0.5263,1368,0.08,0.421,2108,0.09,0.4736,6,0.09,0.4736,2612,0
IWM191115C160,2019-11-13,2019-11-13 09:33:36,0.1,0.5263,1157,0.08,0.421,2109,0.09,0.4736,6,0.09,0.4736,2612,0
IWM191115C160,2019-11-13,2019-11-13 09:33:36,0.1,0.5263,1157,0.08,0.421,2060,0.1,0.5263,50,0.09,0.4736,2712,100
IWM191115C160,2019-11-13,2019-11-13 09:33:37,0.1,0.5263,1157,0.08,0.421,2060,0.1,0.5263,50,0.09,0.4736,2712,0
IWM191115C160,2019-11-13,2019-11-13 09:33:37,0.1,0.5263,880,0.08,0.421,2110,0.1,0.5263,50,0.09,0.4736,2712,0
IWM191115C160,2019-11-13,2019-11-13 09:33:38,0.1,0.5263,975,0.09,0.4736,608,0.1,0.5263,50,0.095,0.5,2712,0
IWM191115C160,2019-11-13,2019-11-13 09:33:38,0.1,0.5263,975,0.09,0.4736,289,0.1,0.5263,50,0.095,0.5,2712,0
IWM191115C160,2019-11-13,2019-11-13 09:33:39,0.1,0.5263,1062,0.09,0.4736,721,0.1,0.5263,50,0.095,0.5,2712,0
IWM191115C160,2019-11-13,2019-11-13 09:33:39,0.1,0.5263,975,0.09,0.4736,721,0.1,0.5263,50,0.095,0.5,2712,0
IWM191115C160,2019-11-13,2019-11-13 09:33:40,0.1,0.5263,975,0.09,0.4736,747,0.1,0.5263,50,0.095,0.5,2712,0
IWM191115C160,2019-11-13,2019-11-13 09:33:40,0.1,0.5263,1062,0.09,0.4736,400,0.1,0.5263,50,0.095,0.5,2712,0
IWM191115C160,2019-11-13,2019-11-13 09:33:41,0.1,0.5263,975,0.09,0.4736,910,0.1,0.5263,50,0.095,0.5,2712,0
IWM191115C160,2019-11-13,2019-11-13 09:33:41,0.1,0.5263,618,0.09,0.4736,910,0.1,0.5263,50,0.095,0.5,2712,0
IWM191115C160,2019-11-13,2019-11-13 09:33:42,0.1,0.5263,618,0.09,0.4736,1053,0.1,0.5263,50,0.095,0.5,2712,0
IWM191115C160,2019-11-13,2019-11-13 09:33:42,0.1,0.5263,618,0.09,0.4736,1078,0.1,0.5263,50,0.095,0.5,2712,0
IWM191115C160,2019-11-13,2019-11-13 09:33:43,0.1,0.5263,536,0.09,0.4736,844,0.1,0.5263,50,0.095,0.5,2712,0
IWM191115C160,2019-11-13,2019-11-13 09:33:43,0.1,0.5263,618,0.09,0.4736,986,0.1,0.5263,50,0.095,0.5,2712,0
IWM191115C160,2019-11-13,2019-11-13 09:33:44,0.1,0.5263,984,0.09,0.4736,951,0.1,0.5263,50,0.095,0.5,2712,0
IWM191115C160,2019-11-13,2019-11-13 09:33:44,0.1,0.5263,15,0.09,0.4736,1348,0.1,0.5263,50,0.095,0.5,2712,0
IWM191115C160,2019-11-13,2019-11-13 09:33:45,0.11,0.5789,895,0.09,0.4736,1511,0.1,0.5263,50,0.1,0.5263,2712,0
IWM191115C160,2019-11-13,2019-11-13 09:33:46,0.11,0.5789,847,0.09,0.4736,1248,0.1,0.5263,50,0.1,0.5263,2712,0
IWM191115C160,2019-11-13,2019-11-13 09:33:46,0.11,0.5789,1469,0.09,0.4736,1511,0.1,0.5263,50,0.1,0.5263,2712,0
IWM191115C160,2019-11-13,2019-11-13 09:33:47,0.11,0.5789,862,0.09,0.4736,1498,0.1,0.5263,50,0.1,0.5263,2712,0
IWM191115C160,2019-11-13,2019-11-13 09:33:47,0.11,0.5789,1077,0.09,0.4736,1498,0.1,0.5263,50,0.1,0.5263,2712,0
IWM191115C160,2019-11-13,2019-11-13 09:33:48,0.11,0.5789,1535,0.1,0.5263,200,0.1,0.5263,50,0.105,0.5526,2712,0
IWM191115C160,2019-11-13,2019-11-13 09:33:48,0.11,0.5789,1535,0.09,0.4736,1643,0.1,0.5263,50,0.1,0.5263,2712,0
IWM191115C160,2019-11-13,2019-11-13 09:33:49,0.11,0.5789,1535,0.1,0.5263,200,0.1,0.5263,50,0.105,0.5526,2712,0
IWM191115C160,2019-11-13,2019-11-13 09:33:50,0.11,0.5789,1535,0.1,0.5263,200,0.1,0.5263,50,0.105,0.5526,2712,0
IWM191115C160,2019-11-13,2019-11-13 09:33:51,0.11,0.5789,1535,0.1,0.5263,200,0.1,0.5263,50,0.105,0.5526,2712,0
IWM191115C160,2019-11-13,2019-11-13 09:33:52,0.11,0.5789,1549,0.1,0.5263,200,0.1,0.5263,50,0.105,0.5526,2712,0
IWM191115C160,2019-11-13,2019-11-13 09:33:52,0.11,0.5789,1287,0.1,0.5263,200,0.1,0.5263,50,0.105,0.5526,2712,0
IWM191115C160,2019-11-13,2019-11-13 09:33:53,0.11,0.5789,1546,0.1,0.5263,200,0.1,0.5263,50,0.105,0.5526,2712,0
IWM191115C160,2019-11-13,2019-11-13 09:33:53,0.11,0.5789,1549,0.1,0.5263,200,0.1,0.5263,50,0.105,0.5526,2712,0
IWM191115C160,2019-11-13,2019-11-13 09:33:54,0.11,0.5789,1544,0.1,0.5263,200,0.1,0.5263,50,0.105,0.5526,2712,0
IWM191115C160,2019-11-13,2019-11-13 09:33:55,0.11,0.5789,809,0.1,0.5263,229,0.1,0.5263,50,0.105,0.5526,2712,0
IWM191115C160,2019-11-13,2019-11-13 09:33:55,0.11,0.5789,1237,0.1,0.5263,361,0.1,0.5263,50,0.105,0.5526,2712,0
IWM191115C160,2019-11-13,2019-11-13 09:33:56,0.11,0.5789,1444,0.1,0.5263,406,0.1,0.5263,50,0.105,0.5526,2712,0
IWM191115C160,2019-11-13,2019-11-13 09:33:56,0.11,0.5789,1444,0.1,0.5263,424,0.1,0.5263,50,0.105,0.5526,2712,0
IWM191115C160,2019-11-13,2019-11-13 09:33:57,0.11,0.5789,1444,0.1,0.5263,424,0.1,0.5263,50,0.105,0.5526,2712,0
IWM191115C160,2019-11-13,2019-11-13 09:33:58,0.11,0.5789,1444,0.1,0.5263,424,0.1,0.5263,50,0.105,0.5526,2712,0
IWM191115C160,2019-11-13,2019-11-13 09:33:59,0.11,0.5789,1444,0.1,0.5263,422,0.1,0.5263,50,0.105,0.5526,2712,0
IWM191115C160,2019-11-13,2019-11-13 09:33:59,0.11,0.5789,1444,0.1,0.5263,459,0.1,0.5263,50,0.105,0.5526,2712,0
IWM191115C160,2019-11-13,2019-11-13 09:34:00,0.11,0.5789,1444,0.1,0.5263,422,0.1,0.5263,50,0.105,0.5526,2712,0
IWM191115C160,2019-11-13,2019-11-13 09:34:01,0.11,0.5789,1444,0.1,0.5263,422,0.1,0.5263,50,0.105,0.5526,2712,0
IWM191115C160,2019-11-13,2019-11-13 09:34:02,0.11,0.5789,1618,0.1,0.5263,215,0.1,0.5263,50,0.105,0.5526,2712,0
IWM191115C160,2019-11-13,2019-11-13 09:34:02,0.11,0.5789,1661,0.1,0.5263,201,0.1,0.5263,50,0.105,0.5526,2712,0
IWM191115C160,2019-11-13,2019-11-13 09:34:03,0.11,0.5789,1661,0.1,0.5263,200,0.1,0.5263,50,0.105,0.5526,2712,0
IWM191115C160,2019-11-13,2019-11-13 09:34:03,0.11,0.5789,1661,0.1,0.5263,201,0.1,0.5263,50,0.105,0.5526,2712,0
IWM191115C160,2019-11-13,2019-11-13 09:34:04,0.11,0.5789,1661,0.1,0.5263,200,0.1,0.5263,50,0.105,0.5526,2712,0
IWM191115C160,2019-11-13,2019-11-13 09:34:05,0.11,0.5789,1661,0.1,0.5263,200,0.1,0.5263,50,0.105,0.5526,2712,0
IWM191115C160,2019-11-13,2019-11-13 09:34:06,0.11,0.5789,1661,0.1,0.5263,200,0.1,0.5263,50,0.105,0.5526,2712,0
IWM191115C160,2019-11-13,2019-11-13 09:34:07,0.11,0.5789,1661,0.1,0.5263,200,0.1,0.5263,50,0.105,0.5526,2712,0
IWM191115C160,2019-11-13,2019-11-13 09:34:08,0.11,0.5789,1661,0.1,0.5263,200,0.1,0.5263,50,0.105,0.5526,2712,0
IWM191115C160,2019-11-13,2019-11-13 09:34:08,0.11,0.5789,684,0.1,0.5263,200,0.1,0.5263,50,0.105,0.5526,2712,0
IWM191115C160,2019-11-13,2019-11-13 09:34:09,0.11,0.5789,1292,0.1,0.5263,200,0.1,0.5263,50,0.105,0.5526,2712,0
IWM191115C160,2019-11-13,2019-11-13 09:34:09,0.11,0.5789,1707,0.1,0.5263,200,0.1,0.5263,50,0.105,0.5526,2712,0
IWM191115C160,2019-11-13,2019-11-13 09:34:10,0.11,0.5789,1550,0.1,0.5263,200,0.1,0.5263,50,0.105,0.5526,2712,0
IWM191115C160,2019-11-13,2019-11-13 09:34:10,0.11,0.5789,1563,0.1,0.5263,200,0.1,0.5263,50,0.105,0.5526,2712,0
IWM191115C160,2019-11-13,2019-11-13 09:34:11,0.11,0.5789,1550,0.1,0.5263,200,0.1,0.5263,50,0.105,0.5526,2712,0
IWM191115C160,2019-11-13,2019-11-13 09:34:12,0.11,0.5789,1328,0.1,0.5263,200,0.1,0.5263,50,0.105,0.5526,2712,0
IWM191115C160,2019-11-13,2019-11-13 09:34:12,0.11,0.5789,1078,0.1,0.5263,366,0.1,0.5263,50,0.105,0.5526,2712,0
IWM191115C160,2019-11-13,2019-11-13 09:34:13,0.11,0.5789,1328,0.1,0.5263,200,0.1,0.5263,50,0.105,0.5526,2712,0
IWM191115C160,2019-11-13,2019-11-13 09:34:13,0.11,0.5789,1448,0.1,0.5263,200,0.1,0.5263,50,0.105,0.5526,2712,0
IWM191115C160,2019-11-13,2019-11-13 09:34:14,0.11,0.5789,1448,0.1,0.5263,200,0.1,0.5263,50,0.105,0.5526,2712,0
IWM191115C160,2019-11-13,2019-11-13 09:34:14,0.11,0.5789,1448,0.1,0.5263,232,0.1,0.5263,50,0.105,0.5526,2712,0
IWM191115C160,2019-11-13,2019-11-13 09:34:15,0.11,0.5789,1448,0.1,0.5263,200,0.1,0.5263,50,0.105,0.5526,2712,0
IWM191115C160,2019-11-13,2019-11-13 09:34:15,0.11,0.5789,1448,0.1,0.5263,238,0.1,0.5263,50,0.105,0.5526,2712,0
IWM191115C160,2019-11-13,2019-11-13 09:34:16,0.11,0.5789,1206,0.1,0.5263,333,0.1,0.5263,50,0.105,0.5526,2712,0
IWM191115C160,2019-11-13,2019-11-13 09:34:16,0.11,0.5789,1016,0.1,0.5263,216,0.1,0.5263,50,0.105,0.5526,2712,0
IWM191115C160,2019-11-13,2019-11-13 09:34:17,0.11,0.5789,1016,0.1,0.5263,1028,0.1,0.5263,50,0.105,0.5526,2712,0
IWM191115C160,2019-11-13,2019-11-13 09:34:17,0.11,0.5789,250,0.1,0.5263,1066,0.1,0.5263,50,0.105,0.5526,2712,0
IWM191115C160,2019-11-13,2019-11-13 09:34:18,0.11,0.5789,150,0.1,0.5263,1066,0.1,0.5263,50,0.105,0.5526,2712,0
IWM191115C160,2019-11-13,2019-11-13 09:34:18,0.12,0.6315,1437,0.1,0.5263,1098,0.1,0.5263,50,0.11,0.5789,2712,0
IWM191115C160,2019-11-13,2019-11-13 09:34:19,0.12,0.6315,1437,0.1,0.5263,1098,0.1,0.5263,50,0.11,0.5789,2712,0
IWM191115C160,2019-11-13,2019-11-13 09:34:19,0.11,0.5789,208,0.1,0.5263,1098,0.1,0.5263,50,0.105,0.5526,2712,0
IWM191115C160,2019-11-13,2019-11-13 09:34:20,0.11,0.5789,308,0.1,0.5263,507,0.1,0.5263,50,0.105,0.5526,2712,0
IWM191115C160,2019-11-13,2019-11-13 09:34:20,0.11,0.5789,308,0.1,0.5263,737,0.1,0.5263,50,0.105,0.5526,2712,0
IWM191115C160,2019-11-13,2019-11-13 09:34:21,0.11,0.5789,832,0.1,0.5263,316,0.11,0.5789,43,0.105,0.5526,2812,100
IWM191115C160,2019-11-13,2019-11-13 09:34:21,0.11,0.5789,941,0.1,0.5263,268,0.11,0.5789,43,0.105,0.5526,2812,0
IWM191115C160,2019-11-13,2019-11-13 09:34:22,0.11,0.5789,941,0.1,0.5263,346,0.11,0.5789,43,0.105,0.5526,2812,0
IWM191115C160,2019-11-13,2019-11-13 09:34:23,0.11,0.5789,866,0.1,0.5263,389,0.11,0.5789,43,0.105,0.5526,2812,0
IWM191115C160,2019-11-13,2019-11-13 09:34:23,0.11,0.5789,531,0.1,0.5263,340,0.11,0.5789,43,0.105,0.5526,2812,0
IWM191115C160,2019-11-13,2019-11-13 09:34:24,0.11,0.5789,1172,0.1,0.5263,200,0.11,0.5789,43,0.105,0.5526,2812,0
IWM191115C160,2019-11-13,2019-11-13 09:34:25,0.11,0.5789,360,0.1,0.5263,253,0.11,0.5789,43,0.105,0.5526,2812,0
IWM191115C160,2019-11-13,2019-11-13 09:34:25,0.11,0.5789,1112,0.1,0.5263,200,0.11,0.5789,43,0.105,0.5526,2812,0
IWM191115C160,2019-11-13,2019-11-13 09:34:26,0.11,0.5789,250,0.1,0.5263,528,0.11,0.5789,43,0.105,0.5526,2812,0
IWM191115C160,2019-11-13,2019-11-13 09:34:26,0.11,0.5789,393,0.1,0.5263,466,0.11,0.5789,43,0.105,0.5526,2812,0
IWM191115C160,2019-11-13,2019-11-13 09:34:27,0.11,0.5789,1086,0.1,0.5263,363,0.11,0.5789,43,0.105,0.5526,2812,0
IWM191115C160,2019-11-13,2019-11-13 09:34:27,0.11,0.5789,1086,0.1,0.5263,379,0.11,0.5789,43,0.105,0.5526,2812,0
IWM191115C160,2019-11-13,2019-11-13 09:34:28,0.11,0.5789,1245,0.1,0.5263,336,0.11,0.5789,43,0.105,0.5526,2812,0
IWM191115C160,2019-11-13,2019-11-13 09:34:28,0.11,0.5789,1245,0.1,0.5263,200,0.11,0.5789,43,0.105,0.5526,2812,0
IWM191115C160,2019-11-13,2019-11-13 09:34:29,0.11,0.5789,1245,0.1,0.5263,336,0.11,0.5789,43,0.105,0.5526,2812,0
IWM191115C160,2019-11-13,2019-11-13 09:34:30,0.11,0.5789,1083,0.1,0.5263,367,0.11,0.5789,43,0.105,0.5526,2812,0
IWM191115C160,2019-11-13,2019-11-13 09:34:30,0.11,0.5789,1083,0.1,0.5263,259,0.11,0.5789,43,0.105,0.5526,2812,0
IWM191115C160,2019-11-13,2019-11-13 09:34:31,0.11,0.5789,1083,0.1,0.5263,333,0.11,0.5789,43,0.105,0.5526,2812,0
IWM191115C160,2019-11-13,2019-11-13 09:34:31,0.11,0.5789,1104,0.1,0.5263,404,0.11,0.5789,43,0.105,0.5526,2812,0
IWM191115C160,2019-11-13,2019-11-13 09:34:32,0.11,0.5789,1197,0.1,0.5263,338,0.11,0.5789,43,0.105,0.5526,2812,0
IWM191115C160,2019-11-13,2019-11-13 09:34:33,0.11,0.5789,1261,0.1,0.5263,341,0.11,0.5789,43,0.105,0.5526,2812,0
IWM191115C160,2019-11-13,2019-11-13 09:34:34,0.11,0.5789,1261,0.1,0.5263,318,0.11,0.5789,43,0.105,0.5526,2812,0
IWM191115C160,2019-11-13,2019-11-13 09:34:35,0.11,0.5789,1261,0.1,0.5263,318,0.11,0.5789,43,0.105,0.5526,2812,0
IWM191115C160,2019-11-13,2019-11-13 09:34:35,0.11,0.5789,1148,0.1,0.5263,530,0.11,0.5789,43,0.105,0.5526,2812,0
IWM191115C160,2019-11-13,2019-11-13 09:34:36,0.11,0.5789,1148,0.1,0.5263,423,0.11,0.5789,43,0.105,0.5526,2812,0
IWM191115C160,2019-11-13,2019-11-13 09:34:36,0.11,0.5789,1409,0.1,0.5263,434,0.11,0.5789,43,0.105,0.5526,2812,0
IWM191115C160,2019-11-13,2019-11-13 09:34:37,0.11,0.5789,1409,0.1,0.5263,429,0.11,0.5789,43,0.105,0.5526,2812,0
IWM191115C160,2019-11-13,2019-11-13 09:34:37,0.11,0.5789,1409,0.1,0.5263,451,0.11,0.5789,43,0.105,0.5526,2812,0
IWM191115C160,2019-11-13,2019-11-13 09:34:38,0.11,0.5789,1409,0.1,0.5263,452,0.11,0.5789,43,0.105,0.5526,2812,0
IWM191115C160,2019-11-13,2019-11-13 09:34:39,0.11,0.5789,910,0.1,0.5263,918,0.11,0.5789,43,0.105,0.5526,2812,0
IWM191115C160,2019-11-13,2019-11-13 09:34:39,0.11,0.5789,1409,0.1,0.5263,281,0.11,0.5789,43,0.105,0.5526,2812,0
IWM191115C160,2019-11-13,2019-11-13 09:34:40,0.11,0.5789,250,0.1,0.5263,993,0.11,0.5789,43,0.105,0.5526,2812,0
IWM191115C160,2019-11-13,2019-11-13 09:34:41,0.11,0.5789,150,0.1,0.5263,1050,0.11,0.5789,43,0.105,0.5526,2812,0
IWM191115C160,2019-11-13,2019-11-13 09:34:41,0.11,0.5789,168,0.1,0.5263,1009,0.11,0.5789,43,0.105,0.5526,2812,0
IWM191115C160,2019-11-13,2019-11-13 09:34:42,0.12,0.6315,1036,0.1,0.5263,1177,0.11,0.5789,43,0.11,0.5789,2812,0
IWM191115C160,2019-11-13,2019-11-13 09:34:42,0.12,0.6315,864,0.1,0.5263,1177,0.11,0.5789,43,0.11,0.5789,2812,0
IWM191115C160,2019-11-13,2019-11-13 09:34:43,0.11,0.5789,150,0.1,0.5263,1113,0.11,0.5789,43,0.105,0.5526,2812,0
IWM191115C160,2019-11-13,2019-11-13 09:34:43,0.11,0.5789,150,0.1,0.5263,1186,0.11,0.5789,43,0.105,0.5526,2812,0
IWM191115C160,2019-11-13,2019-11-13 09:34:44,0.12,0.6315,792,0.1,0.5263,1202,0.11,0.5789,43,0.11,0.5789,2812,0
IWM191115C160,2019-11-13,2019-11-13 09:34:44,0.12,0.6315,1041,0.1,0.5263,1452,0.11,0.5789,43,0.11,0.5789,2812,0
IWM191115C160,2019-11-13,2019-11-13 09:34:45,0.12,0.6315,1041,0.1,0.5263,1897,0.11,0.5789,43,0.11,0.5789,2812,0
IWM191115C160,2019-11-13,2019-11-13 09:34:45,0.12,0.6315,1041,0.1,0.5263,1318,0.11,0.5789,43,0.11,0.5789,2812,0
IWM191115C160,2019-11-13,2019-11-13 09:34:46,0.12,0.6315,1110,0.1,0.5263,1571,0.11,0.5789,43,0.11,0.5789,2812,0
IWM191115C160,2019-11-13,2019-11-13 09:34:46,0.12,0.6315,1349,0.1,0.5263,1571,0.11,0.5789,43,0.11,0.5789,2812,0
IWM191115C160,2019-11-13,2019-11-13 09:34:47,0.12,0.6315,1119,0.1,0.5263,2006,0.11,0.5789,43,0.11,0.5789,2812,0
IWM191115C160,2019-11-13,2019-11-13 09:34:47,0.12,0.6315,1349,0.1,0.5263,2004,0.11,0.5789,43,0.11,0.5789,2812,0
IWM191115C160,2019-11-13,2019-11-13 09:34:48,0.12,0.6315,1342,0.1,0.5263,2006,0.11,0.5789,43,0.11,0.5789,2812,0
IWM191115C160,2019-11-13,2019-11-13 09:34:49,0.12,0.6315,1342,0.1,0.5263,2006,0.11,0.5789,43,0.11,0.5789,2812,0
IWM191115C160,2019-11-13,2019-11-13 09:34:50,0.12,0.6315,1342,0.1,0.5263,2006,0.11,0.5789,43,0.11,0.5789,2812,0
IWM191115C160,2019-11-13,2019-11-13 09:34:51,0.12,0.6315,944,0.1,0.5263,2076,0.11,0.5789,43,0.11,0.5789,2812,0
IWM191115C160,2019-11-13,2019-11-13 09:34:51,0.12,0.6315,629,0.1,0.5263,2076,0.11,0.5789,43,0.11,0.5789,2812,0
IWM191115C160,2019-11-13,2019-11-13 09:34:52,0.12,0.6315,757,0.11,0.5789,773,0.11,0.5789,43,0.115,0.6052,2812,0
IWM191115C160,2019-11-13,2019-11-13 09:34:52,0.12,0.6315,908,0.11,0.5789,773,0.11,0.5789,43,0.115,0.6052,2812,0
IWM191115C160,2019-11-13,2019-11-13 09:34:53,0.12,0.6315,533,0.11,0.5789,732,0.11,0.5789,43,0.115,0.6052,2812,0
IWM191115C160,2019-11-13,2019-11-13 09:34:53,0.12,0.6315,966,0.11,0.5789,732,0.11,0.5789,43,0.115,0.6052,2812,0
IWM191115C160,2019-11-13,2019-11-13 09:34:54,0.13,0.6842,601,0.11,0.5789,731,0.11,0.5789,43,0.12,0.6315,2812,0
IWM191115C160,2019-11-13,2019-11-13 09:34:54,0.13,0.6842,743,0.11,0.5789,731,0.11,0.5789,43,0.12,0.6315,2812,0
IWM191115C160,2019-11-13,2019-11-13 09:34:55,0.12,0.6315,150,0.11,0.5789,1153,0.11,0.5789,43,0.115,0.6052,2812,0
IWM191115C160,2019-11-13,2019-11-13 09:34:55,0.13,0.6842,743,0.11,0.5789,1153,0.11,0.5789,43,0.12,0.6315,2812,0
IWM191115C160,2019-11-13,2019-11-13 09:34:56,0.13,0.6842,1139,0.11,0.5789,1153,0.11,0.5789,43,0.12,0.6315,2812,0
IWM191115C160,2019-11-13,2019-11-13 09:34:57,0.13,0.6842,1001,0.11,0.5789,1442,0.11,0.5789,43,0.12,0.6315,2812,0
IWM191115C160,2019-11-13,2019-11-13 09:34:57,0.13,0.6842,1660,0.11,0.5789,1375,0.11,0.5789,43,0.12,0.6315,2812,0
IWM191115C160,2019-11-13,2019-11-13 09:34:58,0.13,0.6842,1152,0.11,0.5789,1448,0.11,0.5789,43,0.12,0.6315,2812,0
IWM191115C160,2019-11-13,2019-11-13 09:34:58,0.13,0.6842,1639,0.11,0.5789,1448,0.11,0.5789,43,0.12,0.6315,2812,0
IWM191115C160,2019-11-13,2019-11-13 09:34:59,0.13,0.6842,1324,0.11,0.5789,1315,0.11,0.5789,43,0.12,0.6315,2812,0
IWM191115C160,2019-11-13,2019-11-13 09:35:00,0.13,0.6842,839,0.11,0.5789,1365,0.11,0.5789,43,0.12,0.6315,2812,0
IWM191115C160,2019-11-13,2019-11-13 09:35:00,0.13,0.6842,1324,0.11,0.5789,1315,0.11,0.5789,43,0.12,0.6315,2812,0
IWM191115C160,2019-11-13,2019-11-13 09:35:01,0.13,0.6842,889,0.12,0.6315,396,0.11,0.5789,43,0.125,0.6578,2812,0
IWM191115C160,2019-11-13,2019-11-13 09:35:01,0.13,0.6842,1554,0.12,0.6315,44,0.11,0.5789,43,0.125,0.6578,2812,0
IWM191115C160,2019-11-13,2019-11-13 09:35:02,0.13,0.6842,1114,0.11,0.5789,1258,0.11,0.5789,43,0.12,0.6315,2812,0
IWM191115C160,2019-11-13,2019-11-13 09:35:02,0.13,0.6842,740,0.11,0.5789,1828,0.11,0.5789,43,0.12,0.6315,2812,0
IWM191115C160,2019-11-13,2019-11-13 09:35:03,0.13,0.6842,740,0.11,0.5789,1799,0.11,0.5789,43,0.12,0.6315,2812,0
IWM191115C160,2019-11-13,2019-11-13 09:35:03,0.13,0.6842,387,0.11,0.5789,2041,0.11,0.5789,43,0.12,0.6315,2812,0
IWM191115C160,2019-11-13,2019-11-13 09:35:04,0.13,0.6842,387,0.12,0.6315,141,0.11,0.5789,43,0.125,0.6578,2812,0
IWM191115C160,2019-11-13,2019-11-13 09:35:04,0.13,0.6842,387,0.12,0.6315,463,0.11,0.5789,43,0.125,0.6578,2812,0
IWM191115C160,2019-11-13,2019-11-13 09:35:05,0.13,0.6842,102,0.12,0.6315,780,0.11,0.5789,43,0.125,0.6578,2812,0
IWM191115C160,2019-11-13,2019-11-13 09:35:06,0.14,0.7368,959,0.12,0.6315,1512,0.11,0.5789,43,0.13,0.6842,2812,0
IWM191115C160,2019-11-13,2019-11-13 09:35:06,0.14,0.7368,248,0.12,0.6315,1017,0.11,0.5789,43,0.13,0.6842,2812,0
IWM191115C160,2019-11-13,2019-11-13 09:35:07,0.14,0.7368,1199,0.12,0.6315,1203,0.11,0.5789,43,0.13,0.6842,2812,0
IWM191115C160,2019-11-13,2019-11-13 09:35:07,0.14,0.7368,1401,0.12,0.6315,1827,0.11,0.5789,43,0.13,0.6842,2812,0
IWM191115C160,2019-11-13,2019-11-13 09:35:08,0.14,0.7368,1401,0.12,0.6315,1481,0.11,0.5789,43,0.13,0.6842,2812,0
IWM191115C160,2019-11-13,2019-11-13 09:35:08,0.14,0.7368,1401,0.12,0.6315,1577,0.11,0.5789,43,0.13,0.6842,2812,0
IWM191115C160,2019-11-13,2019-11-13 09:35:09,0.14,0.7368,1401,0.12,0.6315,1877,0.11,0.5789,43,0.13,0.6842,2812,0
IWM191115C160,2019-11-13,2019-11-13 09:35:10,0.13,0.6842,13,0.12,0.6315,382,0.11,0.5789,43,0.125,0.6578,2812,0
IWM191115C160,2019-11-13,2019-11-13 09:35:10,0.14,0.7368,941,0.12,0.6315,382,0.11,0.5789,43,0.13,0.6842,2812,0
IWM191115C160,2019-11-13,2019-11-13 09:35:11,0.13,0.6842,19,0.12,0.6315,836,0.11,0.5789,43,0.125,0.6578,2812,0
IWM191115C160,2019-11-13,2019-11-13 09:35:12,0.14,0.7368,906,0.12,0.6315,1052,0.11,0.5789,43,0.13,0.6842,2812,0
IWM191115C160,2019-11-13,2019-11-13 09:35:12,0.13,0.6842,19,0.12,0.6315,668,0.11,0.5789,43,0.125,0.6578,2812,0
IWM191115C160,2019-11-13,2019-11-13 09:35:13,0.13,0.6842,25,0.12,0.6315,1303,0.11,0.5789,43,0.125,0.6578,2812,0
IWM191115C160,2019-11-13,2019-11-13 09:35:13,0.14,0.7368,1010,0.12,0.6315,1362,0.11,0.5789,43,0.13,0.6842,2812,0
IWM191115C160,2019-11-13,2019-11-13 09:35:14,0.13,0.6842,13,0.12,0.6315,1583,0.11,0.5789,43,0.125,0.6578,2812,0
IWM191115C160,2019-11-13,2019-11-13 09:35:14,0.13,0.6842,13,0.12,0.6315,1450,0.11,0.5789,43,0.125,0.6578,2812,0
IWM191115C160,2019-11-13,2019-11-13 09:35:15,0.13,0.6842,19,0.12,0.6315,1568,0.11,0.5789,43,0.125,0.6578,2812,0
IWM191115C160,2019-11-13,2019-11-13 09:35:15,0.13,0.6842,19,0.12,0.6315,1583,0.11,0.5789,43,0.125,0.6578,2812,0
IWM191115C160,2019-11-13,2019-11-13 09:35:16,0.13,0.6842,19,0.12,0.6315,1325,0.11,0.5789,43,0.125,0.6578,2812,0
IWM191115C160,2019-11-13,2019-11-13 09:35:16,0.13,0.6842,32,0.12,0.6315,1329,0.11,0.5789,43,0.125,0.6578,2812,0
IWM191115C160,2019-11-13,2019-11-13 09:35:17,0.14,0.7368,81,0.12,0.6315,782,0.11,0.5789,43,0.13,0.6842,2812,0
IWM191115C160,2019-11-13,2019-11-13 09:35:17,0.14,0.7368,142,0.12,0.6315,919,0.11,0.5789,43,0.13,0.6842,2812,0
IWM191115C160,2019-11-13,2019-11-13 09:35:18,0.14,0.7368,566,0.13,0.6842,136,0.11,0.5789,43,0.135,0.7105,2812,0
IWM191115C160,2019-11-13,2019-11-13 09:35:18,0.14,0.7368,142,0.13,0.6842,137,0.11,0.5789,43,0.135,0.7105,2812,0
IWM191115C160,2019-11-13,2019-11-13 09:35:19,0.14,0.7368,566,0.13,0.6842,136,0.11,0.5789,43,0.135,0.7105,2812,0
IWM191115C160,2019-11-13,2019-11-13 09:35:19,0.14,0.7368,136,0.13,0.6842,263,0.11,0.5789,43,0.135,0.7105,2812,0
IWM191115C160,2019-11-13,2019-11-13 09:35:20,0.14,0.7368,817,0.13,0.6842,395,0.11,0.5789,43,0.135,0.7105,2812,0
IWM191115C160,2019-11-13,2019-11-13 09:35:20,0.14,0.7368,711,0.13,0.6842,481,0.11,0.5789,43,0.135,0.7105,2812,0
IWM191115C160,2019-11-13,2019-11-13 09:35:21,0.14,0.7368,658,0.13,0.6842,253,0.11,0.5789,43,0.135,0.7105,2812,0
IWM191115C160,2019-11-13,2019-11-13 09:35:21,0.14,0.7368,785,0.13,0.6842,200,0.11,0.5789,43,0.135,0.7105,2812,0
IWM191115C160,2019-11-13,2019-11-13 09:35:22,0.14,0.7368,923,0.13,0.6842,253,0.11,0.5789,43,0.135,0.7105,2812,0
IWM191115C160,2019-11-13,2019-11-13 09:35:22,0.14,0.7368,923,0.13,0.6842,283,0.11,0.5789,43,0.135,0.7105,2812,0
IWM191115C160,2019-11-13,2019-11-13 09:35:23,0.14,0.7368,761,0.13,0.6842,273,0.11,0.5789,43,0.135,0.7105,2812,0
IWM191115C160,2019-11-13,2019-11-13 09:35:23,0.14,0.7368,750,0.13,0.6842,325,0.11,0.5789,43,0.135,0.7105,2812,0
IWM191115C160,2019-11-13,2019-11-13 09:35:24,0.14,0.7368,649,0.13,0.6842,216,0.11,0.5789,43,0.135,0.7105,2812,0
IWM191115C160,2019-11-13,2019-11-13 09:35:25,0.14,0.7368,896,0.13,0.6842,465,0.11,0.5789,43,0.135,0.7105,2812,0
IWM191115C160,2019-11-13,2019-11-13 09:35:25,0.14,0.7368,896,0.13,0.6842,353,0.11,0.5789,43,0.135,0.7105,2812,0
IWM191115C160,2019-11-13,2019-11-13 09:35:26,0.14,0.7368,681,0.13,0.6842,353,0.11,0.5789,43,0.135,0.7105,2812,0
IWM191115C160,2019-11-13,2019-11-13 09:35:26,0.14,0.7368,899,0.13,0.6842,154,0.11,0.5789,43,0.135,0.7105,2812,0
IWM191115C160,2019-11-13,2019-11-13 09:35:27,0.14,0.7368,899,0.13,0.6842,20,0.11,0.5789,43,0.135,0.7105,2812,0
IWM191115C160,2019-11-13,2019-11-13 09:35:28,0.14,0.7368,681,0.13,0.6842,20,0.11,0.5789,43,0.135,0.7105,2812,0
IWM191115C160,2019-11-13,2019-11-13 09:35:28,0.14,0.7368,1028,0.12,0.6315,1515,0.11,0.5789,43,0.13,0.6842,2812,0
IWM191115C160,2019-11-13,2019-11-13 09:35:29,0.14,0.7368,691,0.12,0.6315,1831,0.11,0.5789,43,0.13,0.6842,2812,0
IWM191115C160,2019-11-13,2019-11-13 09:35:30,0.14,0.7368,908,0.12,0.6315,1531,0.11,0.5789,43,0.13,0.6842,2812,0
IWM191115C160,2019-11-13,2019-11-13 09:35:30,0.14,0.7368,1147,0.12,0.6315,1792,0.11,0.5789,43,0.13,0.6842,2812,0
IWM191115C160,2019-11-13,2019-11-13 09:35:31,0.14,0.7368,1147,0.12,0.6315,1771,0.11,0.5789,43,0.13,0.6842,2812,0
IWM191115C160,2019-11-13,2019-11-13 09:35:32,0.14,0.7368,942,0.12,0.6315,1607,0.11,0.5789,43,0.13,0.6842,2812,0
IWM191115C160,2019-11-13,2019-11-13 09:35:32,0.13,0.6842,75,0.12,0.6315,1607,0.11,0.5789,43,0.125,0.6578,2812,0
IWM191115C160,2019-11-13,2019-11-13 09:35:33,0.13,0.6842,75,0.12,0.6315,1477,0.11,0.5789,43,0.125,0.6578,2812,0
IWM191115C160,2019-11-13,2019-11-13 09:35:34,0.13,0.6842,391,0.12,0.6315,1160,0.11,0.5789,43,0.125,0.6578,2812,0
IWM191115C160,2019-11-13,2019-11-13 09:35:34,0.13,0.6842,391,0.12,0.6315,1217,0.11,0.5789,43,0.125,0.6578,2812,0
IWM191115C160,2019-11-13,2019-11-13 09:35:35,0.13,0.6842,587,0.12,0.6315,1141,0.11,0.5789,43,0.125,0.6578,2812,0
IWM191115C160,2019-11-13,2019-11-13 09:35:35,0.13,0.6842,1,0.12,0.6315,1391,0.13,0.6842,150,0.125,0.6578,2962,150
IWM191115C160,2019-11-13,2019-11-13 09:35:36,0.13,0.6842,422,0.12,0.6315,520,0.13,0.6842,150,0.125,0.6578,2962,0
IWM191115C160,2019-11-13,2019-11-13 09:35:37,0.13,0.6842,763,0.12,0.6315,407,0.13,0.6842,150,0.125,0.6578,2962,0
IWM191115C160,2019-11-13,2019-11-13 09:35:37,0.13,0.6842,576,0.12,0.6315,507,0.13,0.6842,150,0.125,0.6578,2962,0
IWM191115C160,2019-11-13,2019-11-13 09:35:38,0.13,0.6842,763,0.12,0.6315,407,0.13,0.6842,150,0.125,0.6578,2962,0
IWM191115C160,2019-11-13,2019-11-13 09:35:39,0.13,0.6842,763,0.12,0.6315,414,0.13,0.6842,150,0.125,0.6578,2962,0
IWM191115C160,2019-11-13,2019-11-13 09:35:39,0.13,0.6842,763,0.12,0.6315,235,0.13,0.6842,150,0.125,0.6578,2962,0
IWM191115C160,2019-11-13,2019-11-13 09:35:40,0.13,0.6842,855,0.12,0.6315,282,0.13,0.6842,150,0.125,0.6578,2962,0
IWM191115C160,2019-11-13,2019-11-13 09:35:41,0.13,0.6842,855,0.12,0.6315,233,0.13,0.6842,150,0.125,0.6578,2962,0
IWM191115C160,2019-11-13,2019-11-13 09:35:42,0.13,0.6842,250,0.12,0.6315,504,0.13,0.6842,150,0.125,0.6578,2962,0
IWM191115C160,2019-11-13,2019-11-13 09:35:42,0.13,0.6842,662,0.12,0.6315,406,0.13,0.6842,150,0.125,0.6578,2962,0
IWM191115C160,2019-11-13,2019-11-13 09:35:43,0.13,0.6842,98,0.12,0.6315,544,0.13,0.6842,150,0.125,0.6578,2962,0
IWM191115C160,2019-11-13,2019-11-13 09:35:44,0.13,0.6842,98,0.12,0.6315,668,0.13,0.6842,150,0.125,0.6578,2962,0
IWM191115C160,2019-11-13,2019-11-13 09:35:45,0.14,0.7368,426,0.12,0.6315,717,0.13,0.6842,150,0.13,0.6842,2962,0
IWM191115C160,2019-11-13,2019-11-13 09:35:45,0.14,0.7368,915,0.12,0.6315,853,0.13,0.6842,150,0.13,0.6842,2962,0
IWM191115C160,2019-11-13,2019-11-13 09:35:46,0.14,0.7368,1193,0.12,0.6315,853,0.13,0.6842,150,0.13,0.6842,2962,0
IWM191115C160,2019-11-13,2019-11-13 09:35:46,0.14,0.7368,831,0.12,0.6315,853,0.13,0.6842,150,0.13,0.6842,2962,0
IWM191115C160,2019-11-13,2019-11-13 09:35:47,0.14,0.7368,844,0.12,0.6315,1018,0.13,0.6842,150,0.13,0.6842,2962,0
IWM191115C160,2019-11-13,2019-11-13 09:35:47,0.14,0.7368,619,0.12,0.6315,853,0.13,0.6842,150,0.13,0.6842,2962,0
IWM191115C160,2019-11-13,2019-11-13 09:35:48,0.14,0.7368,1266,0.12,0.6315,1062,0.13,0.6842,150,0.13,0.6842,2962,0
IWM191115C160,2019-11-13,2019-11-13 09:35:49,0.14,0.7368,1276,0.12,0.6315,1025,0.13,0.6842,150,0.13,0.6842,2962,0
IWM191115C160,2019-11-13,2019-11-13 09:35:49,0.14,0.7368,1266,0.12,0.6315,775,0.13,0.6842,150,0.13,0.6842,2962,0
IWM191115C160,2019-11-13,2019-11-13 09:35:50,0.14,0.7368,1271,0.12,0.6315,1025,0.13,0.6842,150,0.13,0.6842,2962,0
IWM191115C160,2019-11-13,2019-11-13 09:35:51,0.14,0.7368,1271,0.12,0.6315,1025,0.13,0.6842,150,0.13,0.6842,2962,0
IWM191115C160,2019-11-13,2019-11-13 09:35:52,0.14,0.7368,849,0.12,0.6315,1025,0.13,0.6842,150,0.13,0.6842,2962,0
IWM191115C160,2019-11-13,2019-11-13 09:35:52,0.14,0.7368,1274,0.12,0.6315,1025,0.13,0.6842,150,0.13,0.6842,2962,0
IWM191115C160,2019-11-13,2019-11-13 09:35:53,0.13,0.6842,25,0.12,0.6315,1008,0.13,0.6842,150,0.125,0.6578,2962,0
IWM191115C160,2019-11-13,2019-11-13 09:35:53,0.14,0.7368,1274,0.12,0.6315,720,0.13,0.6842,150,0.13,0.6842,2962,0
IWM191115C160,2019-11-13,2019-11-13 09:35:54,0.13,0.6842,25,0.12,0.6315,1002,0.13,0.6842,150,0.125,0.6578,2962,0
IWM191115C160,2019-11-13,2019-11-13 09:35:54,0.13,0.6842,297,0.12,0.6315,688,0.13,0.6842,150,0.125,0.6578,2962,0
IWM191115C160,2019-11-13,2019-11-13 09:35:56,0.13,0.6842,567,0.12,0.6315,332,0.13,0.6842,150,0.125,0.6578,2962,0
IWM191115C160,2019-11-13,2019-11-13 09:35:57,0.13,0.6842,886,0.12,0.6315,219,0.13,0.6842,150,0.125,0.6578,2962,0
IWM191115C160,2019-11-13,2019-11-13 09:36:00,0.13,0.6842,1,0.12,0.6315,582,0.13,0.6842,150,0.125,0.6578,2962,0
IWM191115C160,2019-11-13,2019-11-13 09:36:01,0.13,0.6842,594,0.12,0.6315,315,0.13,0.6842,150,0.125,0.6578,2962,0
IWM191115C160,2019-11-13,2019-11-13 09:36:01,0.13,0.6842,515,0.12,0.6315,525,0.13,0.6842,150,0.125,0.6578,2962,0
IWM191115C160,2019-11-13,2019-11-13 09:36:02,0.13,0.6842,594,0.12,0.6315,493,0.13,0.6842,150,0.125,0.6578,2962,0
IWM191115C160,2019-11-13,2019-11-13 09:36:02,0.13,0.6842,96,0.12,0.6315,593,0.13,0.6842,150,0.125,0.6578,2962,0
IWM191115C160,2019-11-13,2019-11-13 09:36:03,0.13,0.6842,291,0.12,0.6315,616,0.13,0.6842,150,0.125,0.6578,2962,0
IWM191115C160,2019-11-13,2019-11-13 09:36:03,0.13,0.6842,372,0.12,0.6315,616,0.13,0.6842,150,0.125,0.6578,2962,0
IWM191115C160,2019-11-13,2019-11-13 09:36:04,0.13,0.6842,86,0.12,0.6315,607,0.13,0.6842,150,0.125,0.6578,2962,0
IWM191115C160,2019-11-13,2019-11-13 09:36:04,0.13,0.6842,86,0.12,0.6315,328,0.13,0.6842,150,0.125,0.6578,2962,0
IWM191115C160,2019-11-13,2019-11-13 09:36:05,0.13,0.6842,890,0.12,0.6315,497,0.13,0.6842,150,0.125,0.6578,2962,0
IWM191115C160,2019-11-13,2019-11-13 09:36:05,0.13,0.6842,86,0.12,0.6315,467,0.13,0.6842,150,0.125,0.6578,2962,0
IWM191115C160,2019-11-13,2019-11-13 09:36:06,0.13,0.6842,375,0.12,0.6315,272,0.13,0.6842,150,0.125,0.6578,2962,0
IWM191115C160,2019-11-13,2019-11-13 09:36:06,0.13,0.6842,550,0.12,0.6315,233,0.13,0.6842,150,0.125,0.6578,2962,0
IWM191115C160,2019-11-13,2019-11-13 09:36:07,0.13,0.6842,797,0.12,0.6315,440,0.13,0.6842,150,0.125,0.6578,2962,0
IWM191115C160,2019-11-13,2019-11-13 09:36:07,0.13,0.6842,797,0.12,0.6315,530,0.13,0.6842,150,0.125,0.6578,2962,0
IWM191115C160,2019-11-13,2019-11-13 09:36:14,0.14,0.7368,792,0.12,0.6315,775,0.13,0.6842,150,0.13,0.6842,2962,0
IWM191115C160,2019-11-13,2019-11-13 09:36:15,0.14,0.7368,792,0.12,0.6315,775,0.13,0.6842,150,0.13,0.6842,2962,0
IWM191115C160,2019-11-13,2019-11-13 09:36:15,0.14,0.7368,973,0.12,0.6315,775,0.13,0.6842,150,0.13,0.6842,2962,0
IWM191115C160,2019-11-13,2019-11-13 09:36:16,0.13,0.6842,641,0.12,0.6315,698,0.13,0.6842,150,0.125,0.6578,2962,0
IWM191115C160,2019-11-13,2019-11-13 09:36:16,0.13,0.6842,641,0.12,0.6315,775,0.13,0.6842,150,0.125,0.6578,2962,0
IWM191115C160,2019-11-13,2019-11-13 09:36:17,0.13,0.6842,641,0.12,0.6315,523,0.13,0.6842,150,0.125,0.6578,2962,0
IWM191115C160,2019-11-13,2019-11-13 09:36:17,0.13,0.6842,641,0.12,0.6315,434,0.13,0.6842,150,0.125,0.6578,2962,0
IWM191115C160,2019-11-13,2019-11-13 09:36:18,0.13,0.6842,528,0.12,0.6315,523,0.13,0.6842,150,0.125,0.6578,2962,0
IWM191115C160,2019-11-13,2019-11-13 09:36:21,0.13,0.6842,1263,0.12,0.6315,358,0.13,0.6842,6,0.125,0.6578,2973,0
IWM191115C160,2019-11-13,2019-11-13 09:36:21,0.13,0.6842,1187,0.12,0.6315,358,0.13,0.6842,6,0.125,0.6578,2973,11
IWM191115C160,2019-11-13,2019-11-13 09:36:22,0.13,0.6842,1263,0.12,0.6315,358,0.13,0.6842,6,0.125,0.6578,2973,0
IWM191115C160,2019-11-13,2019-11-13 09:36:23,0.13,0.6842,1205,0.11,0.5789,554,0.13,0.6842,6,0.12,0.6315,2973,0
IWM191115C160,2019-11-13,2019-11-13 09:36:23,0.13,0.6842,724,0.11,0.5789,564,0.13,0.6842,6,0.12,0.6315,2973,0
IWM191115C160,2019-11-13,2019-11-13 09:36:24,0.13,0.6842,803,0.11,0.5789,821,0.13,0.6842,6,0.12,0.6315,2973,0
IWM191115C160,2019-11-13,2019-11-13 09:36:24,0.13,0.6842,803,0.11,0.5789,1071,0.13,0.6842,6,0.12,0.6315,2973,0
IWM191115C160,2019-11-13,2019-11-13 09:36:25,0.13,0.6842,1280,0.11,0.5789,1027,0.13,0.6842,6,0.12,0.6315,2973,0
IWM191115C160,2019-11-13,2019-11-13 09:36:25,0.13,0.6842,1328,0.11,0.5789,1071,0.13,0.6842,6,0.12,0.6315,2973,0
IWM191115C160,2019-11-13,2019-11-13 09:36:26,0.13,0.6842,1069,0.11,0.5789,1063,0.13,0.6842,6,0.12,0.6315,2973,0
IWM191115C160,2019-11-13,2019-11-13 09:36:26,0.13,0.6842,1328,0.11,0.5789,1059,0.13,0.6842,6,0.12,0.6315,2973,0
IWM191115C160,2019-11-13,2019-11-13 09:36:27,0.13,0.6842,649,0.11,0.5789,896,0.13,0.6842,6,0.12,0.6315,2973,0
IWM191115C160,2019-11-13,2019-11-13 09:36:28,0.13,0.6842,649,0.11,0.5789,1225,0.13,0.6842,6,0.12,0.6315,2973,0
IWM191115C160,2019-11-13,2019-11-13 09:36:28,0.13,0.6842,1300,0.11,0.5789,1129,0.13,0.6842,6,0.12,0.6315,2973,0
IWM191115C160,2019-11-13,2019-11-13 09:36:29,0.13,0.6842,1095,0.11,0.5789,1142,0.13,0.6842,6,0.12,0.6315,2973,0
IWM191115C160,2019-11-13,2019-11-13 09:36:29,0.13,0.6842,649,0.11,0.5789,1277,0.13,0.6842,6,0.12,0.6315,2973,0
IWM191115C160,2019-11-13,2019-11-13 09:36:30,0.13,0.6842,1170,0.12,0.6315,1,0.12,0.6315,12,0.125,0.6578,2985,12
IWM191115C160,2019-11-13,2019-11-13 09:36:30,0.13,0.6842,1170,0.11,0.5789,1293,0.13,0.6842,6,0.12,0.6315,2973,0
IWM191115C160,2019-11-13,2019-11-13 09:36:31,0.13,0.6842,1170,0.11,0.5789,1281,0.12,0.6315,12,0.12,0.6315,2985,0
IWM191115C160,2019-11-13,2019-11-13 09:36:31,0.13,0.6842,1170,0.12,0.6315,1,0.12,0.6315,12,0.125,0.6578,2985,0
IWM191115C160,2019-11-13,2019-11-13 09:36:32,0.13,0.6842,1170,0.11,0.5789,1281,0.12,0.6315,12,0.12,0.6315,2985,0
IWM191115C160,2019-11-13,2019-11-13 09:36:32,0.13,0.6842,1218,0.11,0.5789,1281,0.12,0.6315,12,0.12,0.6315,2985,0
IWM191115C160,2019-11-13,2019-11-13 09:36:33,0.12,0.6315,99,0.11,0.5789,1242,0.12,0.6315,12,0.115,0.6052,2985,0
IWM191115C160,2019-11-13,2019-11-13 09:36:33,0.12,0.6315,13,0.11,0.5789,1242,0.12,0.6315,12,0.115,0.6052,2985,0
IWM191115C160,2019-11-13,2019-11-13 09:36:34,0.12,0.6315,32,0.11,0.5789,1170,0.12,0.6315,12,0.115,0.6052,2985,0
IWM191115C160,2019-11-13,2019-11-13 09:36:34,0.12,0.6315,32,0.11,0.5789,1236,0.12,0.6315,12,0.115,0.6052,2985,0
IWM191115C160,2019-11-13,2019-11-13 09:36:35,0.12,0.6315,150,0.11,0.5789,907,0.12,0.6315,12,0.115,0.6052,2985,0
IWM191115C160,2019-11-13,2019-11-13 09:36:35,0.12,0.6315,166,0.11,0.5789,907,0.12,0.6315,12,0.115,0.6052,2985,0
IWM191115C160,2019-11-13,2019-11-13 09:36:36,0.12,0.6315,182,0.11,0.5789,1147,0.12,0.6315,12,0.115,0.6052,2985,0
IWM191115C160,2019-11-13,2019-11-13 09:36:36,0.12,0.6315,13,0.11,0.5789,1147,0.12,0.6315,12,0.115,0.6052,2985,0
IWM191115C160,2019-11-13,2019-11-13 09:36:37,0.12,0.6315,125,0.11,0.5789,1206,0.12,0.6315,12,0.115,0.6052,2985,0
IWM191115C160,2019-11-13,2019-11-13 09:36:38,0.13,0.6842,871,0.11,0.5789,1210,0.12,0.6315,12,0.12,0.6315,2985,0
IWM191115C160,2019-11-13,2019-11-13 09:36:38,0.12,0.6315,125,0.11,0.5789,1206,0.12,0.6315,12,0.115,0.6052,2985,0
IWM191115C160,2019-11-13,2019-11-13 09:36:39,0.12,0.6315,167,0.11,0.5789,1209,0.12,0.6315,12,0.115,0.6052,2985,0
IWM191115C160,2019-11-13,2019-11-13 09:36:39,0.13,0.6842,691,0.11,0.5789,966,0.12,0.6315,12,0.12,0.6315,2985,0
IWM191115C160,2019-11-13,2019-11-13 09:36:40,0.13,0.6842,702,0.11,0.5789,1210,0.12,0.6315,12,0.12,0.6315,2985,0
IWM191115C160,2019-11-13,2019-11-13 09:36:40,0.13,0.6842,702,0.11,0.5789,1241,0.12,0.6315,12,0.12,0.6315,2985,0
IWM191115C160,2019-11-13,2019-11-13 09:36:41,0.12,0.6315,390,0.11,0.5789,689,0.12,0.6315,12,0.115,0.6052,2985,0
IWM191115C160,2019-11-13,2019-11-13 09:36:41,0.12,0.6315,656,0.11,0.5789,718,0.12,0.6315,12,0.115,0.6052,2985,0
IWM191115C160,2019-11-13,2019-11-13 09:36:42,0.12,0.6315,773,0.11,0.5789,681,0.12,0.6315,12,0.115,0.6052,2985,0
IWM191115C160,2019-11-13,2019-11-13 09:36:42,0.12,0.6315,585,0.11,0.5789,681,0.12,0.6315,12,0.115,0.6052,2985,0
IWM191115C160,2019-11-13,2019-11-13 09:36:43,0.12,0.6315,697,0.11,0.5789,518,0.12,0.6315,12,0.115,0.6052,2985,0
IWM191115C160,2019-11-13,2019-11-13 09:36:43,0.12,0.6315,747,0.11,0.5789,683,0.12,0.6315,12,0.115,0.6052,2985,0
IWM191115C160,2019-11-13,2019-11-13 09:36:44,0.12,0.6315,1088,0.11,0.5789,710,0.12,0.6315,12,0.115,0.6052,2985,0
IWM191115C160,2019-11-13,2019-11-13 09:36:44,0.12,0.6315,1122,0.11,0.5789,718,0.12,0.6315,12,0.115,0.6052,2985,0
IWM191115C160,2019-11-13,2019-11-13 09:36:45,0.12,0.6315,210,0.11,0.5789,759,0.12,0.6315,12,0.115,0.6052,2985,0
IWM191115C160,2019-11-13,2019-11-13 09:36:45,0.12,0.6315,976,0.11,0.5789,716,0.12,0.6315,12,0.115,0.6052,2985,0
IWM191115C160,2019-11-13,2019-11-13 09:36:46,0.13,0.6842,819,0.11,0.5789,832,0.12,0.6315,12,0.12,0.6315,2985,0
IWM191115C160,2019-11-13,2019-11-13 09:36:46,0.12,0.6315,20,0.11,0.5789,1059,0.12,0.6315,12,0.115,0.6052,2985,0
IWM191115C160,2019-11-13,2019-11-13 09:36:47,0.13,0.6842,724,0.11,0.5789,1059,0.12,0.6315,12,0.12,0.6315,2985,0
IWM191115C160,2019-11-13,2019-11-13 09:36:48,0.13,0.6842,724,0.11,0.5789,1059,0.12,0.6315,12,0.12,0.6315,2985,0
IWM191115C160,2019-11-13,2019-11-13 09:36:48,0.13,0.6842,984,0.12,0.6315,100,0.12,0.6315,12,0.125,0.6578,2985,0
IWM191115C160,2019-11-13,2019-11-13 09:36:49,0.13,0.6842,1516,0.12,0.6315,100,0.12,0.6315,12,0.125,0.6578,2985,0
IWM191115C160,2019-11-13,2019-11-13 09:36:50,0.13,0.6842,1516,0.12,0.6315,100,0.12,0.6315,12,0.125,0.6578,2985,0
IWM191115C160,2019-11-13,2019-11-13 09:36:51,0.13,0.6842,1516,0.12,0.6315,100,0.12,0.6315,12,0.125,0.6578,2985,0
IWM191115C160,2019-11-13,2019-11-13 09:36:52,0.13,0.6842,1535,0.12,0.6315,100,0.12,0.6315,12,0.125,0.6578,2985,0
IWM191115C160,2019-11-13,2019-11-13 09:36:53,0.13,0.6842,1535,0.12,0.6315,100,0.12,0.6315,12,0.125,0.6578,2985,0
IWM191115C160,2019-11-13,2019-11-13 09:36:53,0.13,0.6842,1545,0.12,0.6315,100,0.12,0.6315,12,0.125,0.6578,2985,0
IWM191115C160,2019-11-13,2019-11-13 09:36:54,0.13,0.6842,1545,0.12,0.6315,100,0.12,0.6315,12,0.125,0.6578,2985,0
IWM191115C160,2019-11-13,2019-11-13 09:36:54,0.13,0.6842,1545,0.11,0.5789,399,0.12,0.6315,12,0.12,0.6315,2985,0
IWM191115C160,2019-11-13,2019-11-13 09:36:55,0.12,0.6315,336,0.11,0.5789,702,0.12,0.6315,12,0.115,0.6052,2985,0
IWM191115C160,2019-11-13,2019-11-13 09:36:55,0.12,0.6315,438,0.11,0.5789,706,0.12,0.6315,12,0.115,0.6052,2985,0
IWM191115C160,2019-11-13,2019-11-13 09:36:56,0.12,0.6315,438,0.11,0.5789,706,0.12,0.6315,12,0.115,0.6052,2985,0
IWM191115C160,2019-11-13,2019-11-13 09:36:57,0.12,0.6315,438,0.11,0.5789,706,0.12,0.6315,12,0.115,0.6052,2985,0
IWM191115C160,2019-11-13,2019-11-13 09:36:58,0.12,0.6315,752,0.11,0.5789,706,0.12,0.6315,12,0.115,0.6052,2985,0
IWM191115C160,2019-11-13,2019-11-13 09:36:59,0.12,0.6315,648,0.11,0.5789,660,0.12,0.6315,12,0.115,0.6052,2985,0
IWM191115C160,2019-11-13,2019-11-13 09:36:59,0.12,0.6315,752,0.11,0.5789,660,0.12,0.6315,12,0.115,0.6052,2985,0
IWM191115C160,2019-11-13,2019-11-13 09:37:00,0.12,0.6315,730,0.11,0.5789,636,0.12,0.6315,12,0.115,0.6052,2985,0
IWM191115C160,2019-11-13,2019-11-13 09:37:00,0.12,0.6315,648,0.11,0.5789,622,0.12,0.6315,12,0.115,0.6052,2985,0
IWM191115C160,2019-11-13,2019-11-13 09:37:01,0.12,0.6315,403,0.11,0.5789,635,0.12,0.6315,12,0.115,0.6052,2985,0
IWM191115C160,2019-11-13,2019-11-13 09:37:01,0.12,0.6315,667,0.11,0.5789,648,0.12,0.6315,12,0.115,0.6052,2985,0
IWM191115C160,2019-11-13,2019-11-13 09:37:02,0.13,0.6842,232,0.11,0.5789,966,0.12,0.6315,12,0.12,0.6315,2985,0
IWM191115C160,2019-11-13,2019-11-13 09:37:02,0.12,0.6315,667,0.11,0.5789,648,0.12,0.6315,12,0.115,0.6052,2985,0
IWM191115C160,2019-11-13,2019-11-13 09:37:03,0.12,0.6315,325,0.11,0.5789,972,0.12,0.6315,12,0.115,0.6052,2985,0
IWM191115C160,2019-11-13,2019-11-13 09:37:04,0.12,0.6315,417,0.11,0.5789,1084,0.12,0.6315,12,0.115,0.6052,2985,0
IWM191115C160,2019-11-13,2019-11-13 09:37:04,0.12,0.6315,325,0.11,0.5789,1084,0.12,0.6315,12,0.115,0.6052,2985,0
IWM191115C160,2019-11-13,2019-11-13 09:37:05,0.12,0.6315,534,0.11,0.5789,675,0.12,0.6315,12,0.115,0.6052,2985,0
IWM191115C160,2019-11-13,2019-11-13 09:37:05,0.12,0.6315,747,0.11,0.5789,675,0.12,0.6315,12,0.115,0.6052,2985,0
IWM191115C160,2019-11-13,2019-11-13 09:37:06,0.12,0.6315,747,0.11,0.5789,1140,0.12,0.6315,12,0.115,0.6052,2985,0
IWM191115C160,2019-11-13,2019-11-13 09:37:06,0.12,0.6315,747,0.11,0.5789,675,0.12,0.6315,12,0.115,0.6052,2985,0
IWM191115C160,2019-11-13,2019-11-13 09:37:07,0.12,0.6315,574,0.11,0.5789,1081,0.12,0.6315,12,0.115,0.6052,2985,0
IWM191115C160,2019-11-13,2019-11-13 09:37:07,0.12,0.6315,547,0.11,0.5789,1071,0.12,0.6315,12,0.115,0.6052,2985,0
IWM191115C160,2019-11-13,2019-11-13 09:37:08,0.12,0.6315,574,0.11,0.5789,1081,0.12,0.6315,100,0.115,0.6052,3085,100
IWM191115C160,2019-11-13,2019-11-13 09:37:08,0.12,0.6315,280,0.11,0.5789,1081,0.12,0.6315,100,0.115,0.6052,3085,0
IWM191115C160,2019-11-13,2019-11-13 09:37:09,0.12,0.6315,150,0.11,0.5789,1150,0.12,0.6315,100,0.115,0.6052,3085,0
IWM191115C160,2019-11-13,2019-11-13 09:37:10,0.12,0.6315,342,0.11,0.5789,1145,0.12,0.6315,100,0.115,0.6052,3085,0
IWM191115C160,2019-11-13,2019-11-13 09:37:11,0.12,0.6315,725,0.11,0.5789,797,0.12,0.6315,100,0.115,0.6052,3085,0
IWM191115C160,2019-11-13,2019-11-13 09:37:11,0.12,0.6315,725,0.11,0.5789,1052,0.12,0.6315,100,0.115,0.6052,3085,0
IWM191115C160,2019-11-13,2019-11-13 09:37:12,0.13,0.6842,691,0.11,0.5789,1079,0.12,0.6315,100,0.12,0.6315,3085,0
IWM191115C160,2019-11-13,2019-11-13 09:37:12,0.12,0.6315,140,0.11,0.5789,1076,0.12,0.6315,100,0.115,0.6052,3085,0
IWM191115C160,2019-11-13,2019-11-13 09:37:13,0.12,0.6315,170,0.11,0.5789,1089,0.12,0.6315,100,0.115,0.6052,3085,0
IWM191115C160,2019-11-13,2019-11-13 09:37:13,0.12,0.6315,120,0.11,0.5789,606,0.12,0.6315,100,0.115,0.6052,3085,0
IWM191115C160,2019-11-13,2019-11-13 09:37:14,0.13,0.6842,912,0.11,0.5789,1177,0.12,0.6315,100,0.12,0.6315,3085,0
IWM191115C160,2019-11-13,2019-11-13 09:37:14,0.13,0.6842,652,0.11,0.5789,1177,0.12,0.6315,100,0.12,0.6315,3085,0
IWM191115C160,2019-11-13,2019-11-13 09:37:15,0.13,0.6842,1368,0.11,0.5789,1090,0.12,0.6315,100,0.12,0.6315,3085,0
IWM191115C160,2019-11-13,2019-11-13 09:37:15,0.13,0.6842,982,0.11,0.5789,1201,0.12,0.6315,100,0.12,0.6315,3085,0
IWM191115C160,2019-11-13,2019-11-13 09:37:16,0.13,0.6842,1317,0.11,0.5789,1201,0.12,0.6315,100,0.12,0.6315,3085,0
IWM191115C160,2019-11-13,2019-11-13 09:37:16,0.13,0.6842,982,0.11,0.5789,1216,0.12,0.6315,100,0.12,0.6315,3085,0
IWM191115C160,2019-11-13,2019-11-13 09:37:17,0.13,0.6842,982,0.11,0.5789,1219,0.12,0.6315,100,0.12,0.6315,3085,0
IWM191115C160,2019-11-13,2019-11-13 09:37:18,0.13,0.6842,939,0.11,0.5789,1411,0.12,0.6315,100,0.12,0.6315,3085,0
IWM191115C160,2019-11-13,2019-11-13 09:37:18,0.13,0.6842,982,0.11,0.5789,1219,0.12,0.6315,100,0.12,0.6315,3085,0
IWM191115C160,2019-11-13,2019-11-13 09:37:19,0.13,0.6842,939,0.11,0.5789,1411,0.12,0.6315,100,0.12,0.6315,3085,0
IWM191115C160,2019-11-13,2019-11-13 09:37:19,0.13,0.6842,683,0.11,0.5789,1411,0.12,0.6315,100,0.12,0.6315,3085,0
IWM191115C160,2019-11-13,2019-11-13 09:37:20,0.13,0.6842,683,0.11,0.5789,1411,0.12,0.6315,100,0.12,0.6315,3085,0
IWM191115C160,2019-11-13,2019-11-13 09:37:20,0.13,0.6842,533,0.11,0.5789,1411,0.12,0.6315,100,0.12,0.6315,3085,0
IWM191115C160,2019-11-13,2019-11-13 09:37:21,0.13,0.6842,533,0.11,0.5789,1411,0.12,0.6315,100,0.12,0.6315,3085,0
IWM191115C160,2019-11-13,2019-11-13 09:37:22,0.13,0.6842,375,0.11,0.5789,1827,0.12,0.6315,100,0.12,0.6315,3085,0
IWM191115C160,2019-11-13,2019-11-13 09:37:22,0.13,0.6842,533,0.11,0.5789,1727,0.12,0.6315,100,0.12,0.6315,3085,0
IWM191115C160,2019-11-13,2019-11-13 09:37:23,0.13,0.6842,179,0.12,0.6315,602,0.12,0.6315,100,0.125,0.6578,3085,0
IWM191115C160,2019-11-13,2019-11-13 09:37:23,0.13,0.6842,179,0.12,0.6315,596,0.12,0.6315,100,0.125,0.6578,3085,0
IWM191115C160,2019-11-13,2019-11-13 09:37:24,0.13,0.6842,179,0.12,0.6315,602,0.12,0.6315,100,0.125,0.6578,3085,0
IWM191115C160,2019-11-13,2019-11-13 09:37:24,0.13,0.6842,250,0.12,0.6315,602,0.12,0.6315,100,0.125,0.6578,3085,0
IWM191115C160,2019-11-13,2019-11-13 09:37:25,0.13,0.6842,690,0.12,0.6315,522,0.12,0.6315,100,0.125,0.6578,3085,0
IWM191115C160,2019-11-13,2019-11-13 09:37:25,0.13,0.6842,183,0.12,0.6315,522,0.12,0.6315,100,0.125,0.6578,3085,0
IWM191115C160,2019-11-13,2019-11-13 09:37:26,0.13,0.6842,441,0.12,0.6315,522,0.12,0.6315,100,0.125,0.6578,3085,0
IWM191115C160,2019-11-13,2019-11-13 09:37:26,0.13,0.6842,426,0.12,0.6315,522,0.12,0.6315,100,0.125,0.6578,3085,0
IWM191115C160,2019-11-13,2019-11-13 09:37:27,0.13,0.6842,423,0.12,0.6315,522,0.12,0.6315,100,0.125,0.6578,3085,0
IWM191115C160,2019-11-13,2019-11-13 09:37:27,0.13,0.6842,463,0.12,0.6315,472,0.12,0.6315,100,0.125,0.6578,3085,0
IWM191115C160,2019-11-13,2019-11-13 09:37:28,0.13,0.6842,375,0.12,0.6315,469,0.12,0.6315,100,0.125,0.6578,3085,0
IWM191115C160,2019-11-13,2019-11-13 09:37:28,0.13,0.6842,95,0.12,0.6315,564,0.12,0.6315,100,0.125,0.6578,3085,0
IWM191115C160,2019-11-13,2019-11-13 09:37:29,0.13,0.6842,75,0.12,0.6315,685,0.12,0.6315,100,0.125,0.6578,3085,0
IWM191115C160,2019-11-13,2019-11-13 09:37:29,0.13,0.6842,32,0.12,0.6315,685,0.12,0.6315,100,0.125,0.6578,3085,0
IWM191115C160,2019-11-13,2019-11-13 09:37:30,0.13,0.6842,668,0.12,0.6315,384,0.12,0.6315,100,0.125,0.6578,3085,0
IWM191115C160,2019-11-13,2019-11-13 09:37:30,0.13,0.6842,75,0.12,0.6315,526,0.12,0.6315,100,0.125,0.6578,3085,0
IWM191115C160,2019-11-13,2019-11-13 09:37:31,0.13,0.6842,869,0.12,0.6315,527,0.12,0.6315,100,0.125,0.6578,3085,0
IWM191115C160,2019-11-13,2019-11-13 09:37:32,0.13,0.6842,869,0.12,0.6315,527,0.12,0.6315,100,0.125,0.6578,3085,0
IWM191115C160,2019-11-13,2019-11-13 09:37:33,0.13,0.6842,668,0.12,0.6315,431,0.12,0.6315,100,0.125,0.6578,3085,0
IWM191115C160,2019-11-13,2019-11-13 09:37:33,0.13,0.6842,915,0.12,0.6315,418,0.12,0.6315,100,0.125,0.6578,3085,0
IWM191115C160,2019-11-13,2019-11-13 09:37:34,0.13,0.6842,915,0.12,0.6315,362,0.12,0.6315,100,0.125,0.6578,3085,0
IWM191115C160,2019-11-13,2019-11-13 09:37:34,0.13,0.6842,915,0.12,0.6315,418,0.12,0.6315,100,0.125,0.6578,3085,0
IWM191115C160,2019-11-13,2019-11-13 09:37:35,0.13,0.6842,919,0.12,0.6315,462,0.12,0.6315,100,0.125,0.6578,3085,0
IWM191115C160,2019-11-13,2019-11-13 09:37:35,0.13,0.6842,919,0.12,0.6315,352,0.12,0.6315,100,0.125,0.6578,3085,0
IWM191115C160,2019-11-13,2019-11-13 09:37:36,0.13,0.6842,919,0.12,0.6315,388,0.12,0.6315,100,0.125,0.6578,3085,0
IWM191115C160,2019-11-13,2019-11-13 09:37:37,0.13,0.6842,919,0.12,0.6315,388,0.12,0.6315,100,0.125,0.6578,3085,0
IWM191115C160,2019-11-13,2019-11-13 09:37:37,0.13,0.6842,919,0.12,0.6315,227,0.12,0.6315,100,0.125,0.6578,3085,0
IWM191115C160,2019-11-13,2019-11-13 09:37:38,0.13,0.6842,920,0.12,0.6315,20,0.12,0.6315,100,0.125,0.6578,3085,0
IWM191115C160,2019-11-13,2019-11-13 09:37:39,0.13,0.6842,920,0.12,0.6315,28,0.12,0.6315,100,0.125,0.6578,3085,0
IWM191115C160,2019-11-13,2019-11-13 09:37:39,0.13,0.6842,856,0.12,0.6315,251,0.12,0.6315,100,0.125,0.6578,3085,0
IWM191115C160,2019-11-13,2019-11-13 09:37:40,0.13,0.6842,703,0.12,0.6315,251,0.12,0.6315,100,0.125,0.6578,3085,0
IWM191115C160,2019-11-13,2019-11-13 09:37:40,0.13,0.6842,1104,0.12,0.6315,598,0.12,0.6315,100,0.125,0.6578,3085,0
IWM191115C160,2019-11-13,2019-11-13 09:37:41,0.13,0.6842,974,0.12,0.6315,598,0.12,0.6315,100,0.125,0.6578,3085,0
IWM191115C160,2019-11-13,2019-11-13 09:37:42,0.13,0.6842,1139,0.12,0.6315,545,0.12,0.6315,100,0.125,0.6578,3085,0
IWM191115C160,2019-11-13,2019-11-13 09:37:43,0.13,0.6842,1139,0.12,0.6315,539,0.12,0.6315,100,0.125,0.6578,3085,0
IWM191115C160,2019-11-13,2019-11-13 09:37:43,0.13,0.6842,1139,0.12,0.6315,545,0.12,0.6315,100,0.125,0.6578,3085,0
IWM191115C160,2019-11-13,2019-11-13 09:37:44,0.13,0.6842,1044,0.12,0.6315,570,0.12,0.6315,100,0.125,0.6578,3085,0
IWM191115C160,2019-11-13,2019-11-13 09:37:44,0.13,0.6842,1044,0.12,0.6315,498,0.12,0.6315,100,0.125,0.6578,3085,0
IWM191115C160,2019-11-13,2019-11-13 09:37:45,0.13,0.6842,1044,0.12,0.6315,461,0.12,0.6315,100,0.125,0.6578,3085,0
IWM191115C160,2019-11-13,2019-11-13 09:37:45,0.13,0.6842,1044,0.12,0.6315,489,0.12,0.6315,100,0.125,0.6578,3085,0
IWM191115C160,2019-11-13,2019-11-13 09:37:46,0.13,0.6842,1104,0.12,0.6315,409,0.12,0.6315,100,0.125,0.6578,3085,0
IWM191115C160,2019-11-13,2019-11-13 09:37:46,0.13,0.6842,825,0.12,0.6315,395,0.12,0.6315,100,0.125,0.6578,3085,0
IWM191115C160,2019-11-13,2019-11-13 09:37:47,0.13,0.6842,1104,0.12,0.6315,399,0.12,0.6315,100,0.125,0.6578,3085,0
IWM191115C160,2019-11-13,2019-11-13 09:37:47,0.13,0.6842,1104,0.12,0.6315,473,0.12,0.6315,100,0.125,0.6578,3085,0
IWM191115C160,2019-11-13,2019-11-13 09:37:48,0.13,0.6842,1104,0.12,0.6315,407,0.12,0.6315,100,0.125,0.6578,3085,0
IWM191115C160,2019-11-13,2019-11-13 09:37:49,0.12,0.6315,99,0.11,0.5789,558,0.12,0.6315,100,0.115,0.6052,3085,0
IWM191115C160,2019-11-13,2019-11-13 09:37:49,0.13,0.6842,423,0.12,0.6315,407,0.12,0.6315,100,0.125,0.6578,3085,0
IWM191115C160,2019-11-13,2019-11-13 09:37:50,0.12,0.6315,370,0.11,0.5789,810,0.12,0.6315,100,0.115,0.6052,3085,0
IWM191115C160,2019-11-13,2019-11-13 09:37:50,0.12,0.6315,375,0.11,0.5789,1009,0.12,0.6315,100,0.115,0.6052,3085,0
IWM191115C160,2019-11-13,2019-11-13 09:37:51,0.12,0.6315,501,0.11,0.5789,1108,0.12,0.6315,100,0.115,0.6052,3085,0
IWM191115C160,2019-11-13,2019-11-13 09:37:51,0.12,0.6315,375,0.11,0.5789,1009,0.12,0.6315,100,0.115,0.6052,3085,0
IWM191115C160,2019-11-13,2019-11-13 09:37:52,0.12,0.6315,674,0.11,0.5789,854,0.12,0.6315,100,0.115,0.6052,3085,0
IWM191115C160,2019-11-13,2019-11-13 09:37:52,0.12,0.6315,674,0.11,0.5789,834,0.12,0.6315,100,0.115,0.6052,3085,0
IWM191115C160,2019-11-13,2019-11-13 09:37:53,0.12,0.6315,674,0.11,0.5789,834,0.12,0.6315,100,0.115,0.6052,3085,0
IWM191115C160,2019-11-13,2019-11-13 09:37:54,0.12,0.6315,768,0.11,0.5789,631,0.12,0.6315,100,0.115,0.6052,3085,0
IWM191115C160,2019-11-13,2019-11-13 09:37:55,0.12,0.6315,561,0.11,0.5789,704,0.12,0.6315,100,0.115,0.6052,3085,0
IWM191115C160,2019-11-13,2019-11-13 09:37:55,0.12,0.6315,768,0.11,0.5789,631,0.12,0.6315,100,0.115,0.6052,3085,0
IWM191115C160,2019-11-13,2019-11-13 09:37:56,0.12,0.6315,915,0.11,0.5789,602,0.12,0.6315,100,0.115,0.6052,3085,0
IWM191115C160,2019-11-13,2019-11-13 09:37:57,0.12,0.6315,712,0.11,0.5789,601,0.12,0.6315,100,0.115,0.6052,3085,0
IWM191115C160,2019-11-13,2019-11-13 09:37:58,0.12,0.6315,712,0.11,0.5789,601,0.12,0.6315,100,0.115,0.6052,3085,0
IWM191115C160,2019-11-13,2019-11-13 09:37:59,0.12,0.6315,824,0.11,0.5789,482,0.12,0.6315,100,0.115,0.6052,3085,0
IWM191115C160,2019-11-13,2019-11-13 09:38:00,0.12,0.6315,824,0.11,0.5789,482,0.12,0.6315,100,0.115,0.6052,3085,0
IWM191115C160,2019-11-13,2019-11-13 09:38:00,0.12,0.6315,824,0.11,0.5789,445,0.12,0.6315,100,0.115,0.6052,3085,0
IWM191115C160,2019-11-13,2019-11-13 09:38:01,0.12,0.6315,824,0.11,0.5789,445,0.12,0.6315,100,0.115,0.6052,3085,0
IWM191115C160,2019-11-13,2019-11-13 09:38:02,0.12,0.6315,824,0.11,0.5789,483,0.12,0.6315,100,0.115,0.6052,3085,0
IWM191115C160,2019-11-13,2019-11-13 09:38:02,0.12,0.6315,824,0.11,0.5789,445,0.12,0.6315,100,0.115,0.6052,3085,0
IWM191115C160,2019-11-13,2019-11-13 09:38:03,0.12,0.6315,1052,0.11,0.5789,200,0.12,0.6315,100,0.115,0.6052,3085,0
IWM191115C160,2019-11-13,2019-11-13 09:38:03,0.12,0.6315,646,0.11,0.5789,200,0.12,0.6315,100,0.115,0.6052,3085,0
IWM191115C160,2019-11-13,2019-11-13 09:38:04,0.12,0.6315,1052,0.11,0.5789,272,0.12,0.6315,100,0.115,0.6052,3085,0
IWM191115C160,2019-11-13,2019-11-13 09:38:04,0.12,0.6315,1094,0.11,0.5789,301,0.12,0.6315,100,0.115,0.6052,3085,0
IWM191115C160,2019-11-13,2019-11-13 09:38:05,0.12,0.6315,1094,0.11,0.5789,301,0.12,0.6315,100,0.115,0.6052,3085,0
IWM191115C160,2019-11-13,2019-11-13 09:38:06,0.12,0.6315,1094,0.11,0.5789,301,0.12,0.6315,100,0.115,0.6052,3085,0
IWM191115C160,2019-11-13,2019-11-13 09:38:07,0.12,0.6315,1095,0.11,0.5789,200,0.12,0.6315,100,0.115,0.6052,3085,0
IWM191115C160,2019-11-13,2019-11-13 09:38:07,0.12,0.6315,1094,0.11,0.5789,200,0.12,0.6315,100,0.115,0.6052,3085,0
IWM191115C160,2019-11-13,2019-11-13 09:38:08,0.12,0.6315,1095,0.11,0.5789,290,0.12,0.6315,100,0.115,0.6052,3085,0
IWM191115C160,2019-11-13,2019-11-13 09:38:09,0.12,0.6315,1095,0.11,0.5789,200,0.12,0.6315,100,0.115,0.6052,3085,0
IWM191115C160,2019-11-13,2019-11-13 09:38:10,0.12,0.6315,755,0.11,0.5789,200,0.12,0.6315,100,0.115,0.6052,3085,0
IWM191115C160,2019-11-13,2019-11-13 09:38:10,0.12,0.6315,1095,0.11,0.5789,200,0.12,0.6315,100,0.115,0.6052,3085,0
IWM191115C160,2019-11-13,2019-11-13 09:38:11,0.12,0.6315,525,0.11,0.5789,371,0.1,0.5263,10,0.115,0.6052,3095,0
IWM191115C160,2019-11-13,2019-11-13 09:38:11,0.12,0.6315,755,0.11,0.5789,354,0.1,0.5263,10,0.115,0.6052,3095,10
IWM191115C160,2019-11-13,2019-11-13 09:38:12,0.12,0.6315,743,0.11,0.5789,371,0.1,0.5263,10,0.115,0.6052,3095,0
IWM191115C160,2019-11-13,2019-11-13 09:38:13,0.12,0.6315,743,0.11,0.5789,371,0.1,0.5263,10,0.115,0.6052,3095,0
IWM191115C160,2019-11-13,2019-11-13 09:38:14,0.12,0.6315,1007,0.11,0.5789,371,0.1,0.5263,10,0.115,0.6052,3095,0
IWM191115C160,2019-11-13,2019-11-13 09:38:15,0.12,0.6315,1007,0.11,0.5789,301,0.1,0.5263,10,0.115,0.6052,3095,0
IWM191115C160,2019-11-13,2019-11-13 09:38:16,0.12,0.6315,779,0.11,0.5789,282,0.1,0.5263,10,0.115,0.6052,3095,0
IWM191115C160,2019-11-13,2019-11-13 09:38:16,0.12,0.6315,1022,0.11,0.5789,200,0.1,0.5263,10,0.115,0.6052,3095,0
IWM191115C160,2019-11-13,2019-11-13 09:38:17,0.12,0.6315,779,0.11,0.5789,282,0.1,0.5263,10,0.115,0.6052,3095,0
IWM191115C160,2019-11-13,2019-11-13 09:38:18,0.12,0.6315,702,0.11,0.5789,350,0.1,0.5263,10,0.115,0.6052,3095,0
IWM191115C160,2019-11-13,2019-11-13 09:38:18,0.12,0.6315,845,0.11,0.5789,389,0.1,0.5263,10,0.115,0.6052,3095,0
IWM191115C160,2019-11-13,2019-11-13 09:38:19,0.12,0.6315,936,0.11,0.5789,317,0.1,0.5263,10,0.115,0.6052,3095,0
IWM191115C160,2019-11-13,2019-11-13 09:38:20,0.12,0.6315,936,0.11,0.5789,317,0.1,0.5263,10,0.115,0.6052,3095,0
IWM191115C160,2019-11-13,2019-11-13 09:38:21,0.12,0.6315,936,0.11,0.5789,200,0.1,0.5263,10,0.115,0.6052,3095,0
IWM191115C160,2019-11-13,2019-11-13 09:38:21,0.12,0.6315,925,0.11,0.5789,200,0.1,0.5263,10,0.115,0.6052,3095,0
IWM191115C160,2019-11-13,2019-11-13 09:38:22,0.12,0.6315,925,0.11,0.5789,200,0.1,0.5263,10,0.115,0.6052,3095,0
IWM191115C160,2019-11-13,2019-11-13 09:38:25,0.12,0.6315,888,0.11,0.5789,525,0.11,0.5789,10,0.115,0.6052,3105,0
IWM191115C160,2019-11-13,2019-11-13 09:38:25,0.12,0.6315,881,0.11,0.5789,465,0.11,0.5789,10,0.115,0.6052,3105,10
IWM191115C160,2019-11-13,2019-11-13 09:38:26,0.12,0.6315,882,0.11,0.5789,525,0.11,0.5789,10,0.115,0.6052,3105,0
IWM191115C160,2019-11-13,2019-11-13 09:38:26,0.12,0.6315,882,0.11,0.5789,490,0.11,0.5789,10,0.115,0.6052,3105,0
IWM191115C160,2019-11-13,2019-11-13 09:38:27,0.12,0.6315,882,0.11,0.5789,490,0.11,0.5789,10,0.115,0.6052,3105,0
IWM191115C160,2019-11-13,2019-11-13 09:38:27,0.12,0.6315,933,0.11,0.5789,477,0.11,0.5789,10,0.115,0.6052,3105,0
IWM191115C160,2019-11-13,2019-11-13 09:38:28,0.12,0.6315,933,0.11,0.5789,527,0.11,0.5789,10,0.115,0.6052,3105,0
IWM191115C160,2019-11-13,2019-11-13 09:38:29,0.12,0.6315,933,0.11,0.5789,487,0.11,0.5789,10,0.115,0.6052,3105,0
IWM191115C160,2019-11-13,2019-11-13 09:38:30,0.12,0.6315,933,0.11,0.5789,467,0.12,0.6315,150,0.115,0.6052,3255,150
IWM191115C160,2019-11-13,2019-11-13 09:38:31,0.12,0.6315,933,0.11,0.5789,194,0.12,0.6315,150,0.115,0.6052,3255,0
IWM191115C160,2019-11-13,2019-11-13 09:38:31,0.12,0.6315,933,0.11,0.5789,431,0.12,0.6315,150,0.115,0.6052,3255,0
IWM191115C160,2019-11-13,2019-11-13 09:38:32,0.12,0.6315,937,0.11,0.5789,392,0.12,0.6315,150,0.115,0.6052,3255,0
IWM191115C160,2019-11-13,2019-11-13 09:38:33,0.12,0.6315,702,0.11,0.5789,392,0.12,0.6315,150,0.115,0.6052,3255,0
IWM191115C160,2019-11-13,2019-11-13 09:38:33,0.12,0.6315,939,0.11,0.5789,392,0.12,0.6315,150,0.115,0.6052,3255,0
IWM191115C160,2019-11-13,2019-11-13 09:38:34,0.12,0.6315,939,0.11,0.5789,392,0.12,0.6315,150,0.115,0.6052,3255,0
IWM191115C160,2019-11-13,2019-11-13 09:38:35,0.12,0.6315,939,0.11,0.5789,392,0.12,0.6315,150,0.115,0.6052,3255,0
IWM191115C160,2019-11-13,2019-11-13 09:38:36,0.12,0.6315,939,0.11,0.5789,383,0.12,0.6315,150,0.115,0.6052,3255,0
IWM191115C160,2019-11-13,2019-11-13 09:38:37,0.12,0.6315,937,0.11,0.5789,383,0.12,0.6315,150,0.115,0.6052,3255,0
IWM191115C160,2019-11-13,2019-11-13 09:38:38,0.12,0.6315,937,0.11,0.5789,383,0.12,0.6315,150,0.115,0.6052,3255,0
IWM191115C160,2019-11-13,2019-11-13 09:38:38,0.12,0.6315,1030,0.11,0.5789,383,0.12,0.6315,150,0.115,0.6052,3255,0
IWM191115C160,2019-11-13,2019-11-13 09:38:39,0.12,0.6315,1043,0.1,0.5263,1381,0.12,0.6315,150,0.11,0.5789,3255,0
IWM191115C160,2019-11-13,2019-11-13 09:38:39,0.12,0.6315,1030,0.1,0.5263,1071,0.12,0.6315,150,0.11,0.5789,3255,0
IWM191115C160,2019-11-13,2019-11-13 09:38:40,0.12,0.6315,791,0.1,0.5263,1381,0.12,0.6315,150,0.11,0.5789,3255,0
IWM191115C160,2019-11-13,2019-11-13 09:38:40,0.12,0.6315,1187,0.1,0.5263,1381,0.12,0.6315,150,0.11,0.5789,3255,0
IWM191115C160,2019-11-13,2019-11-13 09:38:41,0.11,0.5789,319,0.1,0.5263,739,0.11,0.5789,3,0.105,0.5526,3258,3
IWM191115C160,2019-11-13,2019-11-13 09:38:41,0.11,0.5789,513,0.1,0.5263,739,0.11,0.5789,3,0.105,0.5526,3258,0
IWM191115C160,2019-11-13,2019-11-13 09:38:42,0.11,0.5789,1104,0.1,0.5263,647,0.11,0.5789,3,0.105,0.5526,3258,0
IWM191115C160,2019-11-13,2019-11-13 09:38:43,0.11,0.5789,1012,0.1,0.5263,647,0.11,0.5789,3,0.105,0.5526,3258,0
IWM191115C160,2019-11-13,2019-11-13 09:38:43,0.11,0.5789,1005,0.1,0.5263,647,0.11,0.5789,3,0.105,0.5526,3258,0
IWM191115C160,2019-11-13,2019-11-13 09:38:44,0.11,0.5789,1005,0.1,0.5263,647,0.11,0.5789,3,0.105,0.5526,3258,0
IWM191115C160,2019-11-13,2019-11-13 09:38:45,0.11,0.5789,961,0.1,0.5263,647,0.11,0.5789,3,0.105,0.5526,3258,0
IWM191115C160,2019-11-13,2019-11-13 09:38:45,0.11,0.5789,1131,0.1,0.5263,619,0.11,0.5789,3,0.105,0.5526,3258,0
IWM191115C160,2019-11-13,2019-11-13 09:38:46,0.11,0.5789,1128,0.1,0.5263,594,0.11,0.5789,3,0.105,0.5526,3258,0
IWM191115C160,2019-11-13,2019-11-13 09:38:46,0.11,0.5789,1128,0.1,0.5263,302,0.11,0.5789,3,0.105,0.5526,3258,0
IWM191115C160,2019-11-13,2019-11-13 09:38:47,0.11,0.5789,1128,0.1,0.5263,594,0.11,0.5789,3,0.105,0.5526,3258,0
IWM191115C160,2019-11-13,2019-11-13 09:38:48,0.11,0.5789,1128,0.1,0.5263,594,0.11,0.5789,3,0.105,0.5526,3258,0
IWM191115C160,2019-11-13,2019-11-13 09:38:49,0.11,0.5789,1128,0.1,0.5263,494,0.11,0.5789,3,0.105,0.5526,3258,0
IWM191115C160,2019-11-13,2019-11-13 09:38:50,0.11,0.5789,1127,0.1,0.5263,494,0.11,0.5789,3,0.105,0.5526,3258,0
IWM191115C160,2019-11-13,2019-11-13 09:38:50,0.11,0.5789,1128,0.1,0.5263,494,0.11,0.5789,3,0.105,0.5526,3258,0
IWM191115C160,2019-11-13,2019-11-13 09:38:51,0.11,0.5789,1127,0.1,0.5263,494,0.11,0.5789,3,0.105,0.5526,3258,0
IWM191115C160,2019-11-13,2019-11-13 09:38:52,0.11,0.5789,1127,0.1,0.5263,494,0.11,0.5789,3,0.105,0.5526,3258,0
IWM191115C160,2019-11-13,2019-11-13 09:38:53,0.11,0.5789,1127,0.1,0.5263,494,0.11,0.5789,3,0.105,0.5526,3258,0
IWM191115C160,2019-11-13,2019-11-13 09:38:54,0.11,0.5789,1127,0.1,0.5263,494,0.11,0.5789,3,0.105,0.5526,3258,0
IWM191115C160,2019-11-13,2019-11-13 09:38:55,0.11,0.5789,1127,0.1,0.5263,494,0.11,0.5789,3,0.105,0.5526,3258,0
IWM191115C160,2019-11-13,2019-11-13 09:38:56,0.11,0.5789,1127,0.1,0.5263,159,0.11,0.5789,3,0.105,0.5526,3258,0
IWM191115C160,2019-11-13,2019-11-13 09:38:56,0.11,0.5789,1127,0.1,0.5263,190,0.11,0.5789,3,0.105,0.5526,3258,0
IWM191115C160,2019-11-13,2019-11-13 09:38:57,0.11,0.5789,1056,0.1,0.5263,190,0.11,0.5789,3,0.105,0.5526,3258,0
IWM191115C160,2019-11-13,2019-11-13 09:38:58,0.11,0.5789,1065,0.1,0.5263,502,0.11,0.5789,3,0.105,0.5526,3258,0
IWM191115C160,2019-11-13,2019-11-13 09:38:58,0.11,0.5789,828,0.1,0.5263,190,0.11,0.5789,3,0.105,0.5526,3258,0
IWM191115C160,2019-11-13,2019-11-13 09:38:59,0.11,0.5789,1065,0.1,0.5263,98,0.11,0.5789,3,0.105,0.5526,3258,0
IWM191115C160,2019-11-13,2019-11-13 09:38:59,0.11,0.5789,1065,0.1,0.5263,602,0.11,0.5789,3,0.105,0.5526,3258,0
IWM191115C160,2019-11-13,2019-11-13 09:39:00,0.11,0.5789,1262,0.09,0.4736,1210,0.1,0.5263,1,0.1,0.5263,3259,0
IWM191115C160,2019-11-13,2019-11-13 09:39:00,0.11,0.5789,828,0.09,0.4736,1059,0.1,0.5263,1,0.1,0.5263,3259,1
IWM191115C160,2019-11-13,2019-11-13 09:39:01,0.11,0.5789,1262,0.09,0.4736,1309,0.1,0.5263,1,0.1,0.5263,3259,0
IWM191115C160,2019-11-13,2019-11-13 09:39:02,0.1,0.5263,249,0.09,0.4736,1246,0.1,0.5263,1,0.095,0.5,3259,0
IWM191115C160,2019-11-13,2019-11-13 09:39:02,0.11,0.5789,1011,0.09,0.4736,1246,0.1,0.5263,1,0.1,0.5263,3259,0
IWM191115C160,2019-11-13,2019-11-13 09:39:03,0.1,0.5263,157,0.09,0.4736,1204,0.1,0.5263,1,0.095,0.5,3259,0
IWM191115C160,2019-11-13,2019-11-13 09:39:03,0.1,0.5263,249,0.09,0.4736,1203,0.1,0.5263,1,0.095,0.5,3259,0
IWM191115C160,2019-11-13,2019-11-13 09:39:04,0.1,0.5263,189,0.09,0.4736,1258,0.1,0.5263,1,0.095,0.5,3259,0
IWM191115C160,2019-11-13,2019-11-13 09:39:05,0.1,0.5263,79,0.09,0.4736,1257,0.1,0.5263,1,0.095,0.5,3259,0
IWM191115C160,2019-11-13,2019-11-13 09:39:05,0.1,0.5263,189,0.09,0.4736,1258,0.1,0.5263,1,0.095,0.5,3259,0
IWM191115C160,2019-11-13,2019-11-13 09:39:06,0.11,0.5789,978,0.09,0.4736,1485,0.1,0.5263,1,0.1,0.5263,3259,0
IWM191115C160,2019-11-13,2019-11-13 09:39:06,0.1,0.5263,79,0.09,0.4736,1257,0.1,0.5263,1,0.095,0.5,3259,0
IWM191115C160,2019-11-13,2019-11-13 09:39:07,0.11,0.5789,1331,0.09,0.4736,1852,0.1,0.5263,1,0.1,0.5263,3259,0
IWM191115C160,2019-11-13,2019-11-13 09:39:07,0.11,0.5789,876,0.09,0.4736,1587,0.1,0.5263,1,0.1,0.5263,3259,0
IWM191115C160,2019-11-13,2019-11-13 09:39:08,0.11,0.5789,1087,0.1,0.5263,484,0.1,0.5263,1,0.105,0.5526,3259,0
IWM191115C160,2019-11-13,2019-11-13 09:39:08,0.11,0.5789,1331,0.1,0.5263,434,0.1,0.5263,1,0.105,0.5526,3259,0
IWM191115C160,2019-11-13,2019-11-13 09:39:09,0.11,0.5789,1339,0.1,0.5263,457,0.1,0.5263,1,0.105,0.5526,3259,0
IWM191115C160,2019-11-13,2019-11-13 09:39:09,0.11,0.5789,1339,0.1,0.5263,484,0.1,0.5263,1,0.105,0.5526,3259,0
IWM191115C160,2019-11-13,2019-11-13 09:39:10,0.11,0.5789,1339,0.1,0.5263,470,0.1,0.5263,1,0.105,0.5526,3259,0
IWM191115C160,2019-11-13,2019-11-13 09:39:10,0.11,0.5789,1330,0.1,0.5263,470,0.1,0.5263,1,0.105,0.5526,3259,0
IWM191115C160,2019-11-13,2019-11-13 09:39:11,0.11,0.5789,1330,0.1,0.5263,314,0.1,0.5263,1,0.105,0.5526,3259,0
IWM191115C160,2019-11-13,2019-11-13 09:39:11,0.11,0.5789,1330,0.1,0.5263,396,0.1,0.5263,1,0.105,0.5526,3259,0
IWM191115C160,2019-11-13,2019-11-13 09:39:12,0.11,0.5789,1330,0.1,0.5263,396,0.1,0.5263,1,0.105,0.5526,3259,0
IWM191115C160,2019-11-13,2019-11-13 09:39:13,0.11,0.5789,1330,0.1,0.5263,396,0.1,0.5263,1,0.105,0.5526,3259,0
IWM191115C160,2019-11-13,2019-11-13 09:39:14,0.11,0.5789,1330,0.1,0.5263,396,0.1,0.5263,1,0.105,0.5526,3259,0
IWM191115C160,2019-11-13,2019-11-13 09:39:15,0.11,0.5789,1330,0.1,0.5263,396,0.1,0.5263,1,0.105,0.5526,3259,0
IWM191115C160,2019-11-13,2019-11-13 09:39:15,0.11,0.5789,1432,0.1,0.5263,396,0.1,0.5263,1,0.105,0.5526,3259,0
IWM191115C160,2019-11-13,2019-11-13 09:39:16,0.11,0.5789,1432,0.1,0.5263,396,0.1,0.5263,1,0.105,0.5526,3259,0
IWM191115C160,2019-11-13,2019-11-13 09:39:17,0.11,0.5789,1432,0.1,0.5263,396,0.1,0.5263,1,0.105,0.5526,3259,0
IWM191115C160,2019-11-13,2019-11-13 09:39:18,0.11,0.5789,1318,0.1,0.5263,396,0.1,0.5263,1,0.105,0.5526,3259,0
IWM191115C160,2019-11-13,2019-11-13 09:39:18,0.11,0.5789,1432,0.1,0.5263,396,0.1,0.5263,1,0.105,0.5526,3259,0
IWM191115C160,2019-11-13,2019-11-13 09:39:19,0.11,0.5789,1318,0.1,0.5263,396,0.1,0.5263,1,0.105,0.5526,3259,0
