symbol,Date,quote_time,ask_price,norm_ask_price,ask_size,bid_price,norm_bid_price,bid_size,last_trade_price,norm_last_trade_price,last_trade_size,mark_price,norm_mark_price,volume,Volume
IWM190920P155,2019-09-13,2019-09-13 09:30:00,0.77,1.0,50,0.62,0.8051,50,0.89,1.1558,1,0.695,0.9025,0,0
IWM190920P155,2019-09-13,2019-09-13 09:30:00,0.74,0.961,30,0.67,0.8701,30,0.89,1.1558,1,0.705,0.9155,0,0
IWM190920P155,2019-09-13,2019-09-13 09:30:01,0.73,0.948,15,0.67,0.8701,30,0.89,1.1558,1,0.7,0.909,0,0
IWM190920P155,2019-09-13,2019-09-13 09:30:02,0.73,0.948,15,0.66,0.8571,30,0.89,1.1558,1,0.695,0.9025,0,0
IWM190920P155,2019-09-13,2019-09-13 09:30:03,0.73,0.948,60,0.67,0.8701,60,0.89,1.1558,1,0.7,0.909,0,0
IWM190920P155,2019-09-13,2019-09-13 09:30:03,0.73,0.948,75,0.67,0.8701,60,0.89,1.1558,1,0.7,0.909,0,0
IWM190920P155,2019-09-13,2019-09-13 09:30:04,0.73,0.948,60,0.67,0.8701,60,0.89,1.1558,1,0.7,0.909,0,0
IWM190920P155,2019-09-13,2019-09-13 09:30:04,0.74,0.961,75,0.67,0.8701,30,0.89,1.1558,1,0.705,0.9155,0,0
IWM190920P155,2019-09-13,2019-09-13 09:30:05,0.73,0.948,15,0.67,0.8701,30,0.89,1.1558,1,0.7,0.909,0,0
IWM190920P155,2019-09-13,2019-09-13 09:30:06,0.73,0.948,60,0.67,0.8701,16,0.89,1.1558,1,0.7,0.909,0,0
IWM190920P155,2019-09-13,2019-09-13 09:30:06,0.73,0.948,15,0.67,0.8701,30,0.89,1.1558,1,0.7,0.909,0,0
IWM190920P155,2019-09-13,2019-09-13 09:30:07,0.73,0.948,60,0.67,0.8701,16,0.89,1.1558,1,0.7,0.909,0,0
IWM190920P155,2019-09-13,2019-09-13 09:30:08,0.72,0.935,15,0.67,0.8701,1,0.89,1.1558,1,0.695,0.9025,0,0
IWM190920P155,2019-09-13,2019-09-13 09:30:08,0.72,0.935,15,0.66,0.8571,17,0.89,1.1558,1,0.69,0.8961,0,0
IWM190920P155,2019-09-13,2019-09-13 09:30:09,0.72,0.935,15,0.66,0.8571,60,0.89,1.1558,1,0.69,0.8961,0,0
IWM190920P155,2019-09-13,2019-09-13 09:30:09,0.7,0.909,145,0.66,0.8571,60,0.89,1.1558,1,0.68,0.8831,0,0
IWM190920P155,2019-09-13,2019-09-13 09:30:10,0.7,0.909,189,0.65,0.8441,60,0.89,1.1558,1,0.675,0.8766,0,0
IWM190920P155,2019-09-13,2019-09-13 09:30:10,0.7,0.909,189,0.66,0.8571,60,0.89,1.1558,1,0.68,0.8831,0,0
IWM190920P155,2019-09-13,2019-09-13 09:30:11,0.7,0.909,189,0.65,0.8441,60,0.89,1.1558,1,0.675,0.8766,0,0
IWM190920P155,2019-09-13,2019-09-13 09:30:11,0.7,0.909,189,0.65,0.8441,67,0.89,1.1558,1,0.675,0.8766,0,0
IWM190920P155,2019-09-13,2019-09-13 09:30:12,0.7,0.909,189,0.65,0.8441,60,0.89,1.1558,1,0.675,0.8766,0,0
IWM190920P155,2019-09-13,2019-09-13 09:30:13,0.7,0.909,2,0.67,0.8701,77,0.89,1.1558,1,0.685,0.8896,0,0
IWM190920P155,2019-09-13,2019-09-13 09:30:13,0.7,0.909,67,0.67,0.8701,67,0.89,1.1558,1,0.685,0.8896,0,0
IWM190920P155,2019-09-13,2019-09-13 09:30:14,0.7,0.909,2,0.67,0.8701,1,0.89,1.1558,1,0.685,0.8896,0,0
IWM190920P155,2019-09-13,2019-09-13 09:30:14,0.7,0.909,2,0.67,0.8701,2,0.89,1.1558,1,0.685,0.8896,0,0
IWM190920P155,2019-09-13,2019-09-13 09:30:15,0.7,0.909,2,0.67,0.8701,199,0.89,1.1558,1,0.685,0.8896,0,0
IWM190920P155,2019-09-13,2019-09-13 09:30:15,0.7,0.909,2,0.67,0.8701,204,0.89,1.1558,1,0.685,0.8896,0,0
IWM190920P155,2019-09-13,2019-09-13 09:30:16,0.7,0.909,2,0.67,0.8701,205,0.89,1.1558,1,0.685,0.8896,0,0
IWM190920P155,2019-09-13,2019-09-13 09:30:16,0.7,0.909,3,0.67,0.8701,70,0.89,1.1558,1,0.685,0.8896,0,0
IWM190920P155,2019-09-13,2019-09-13 09:30:17,0.7,0.909,2,0.66,0.8571,202,0.89,1.1558,1,0.68,0.8831,0,0
IWM190920P155,2019-09-13,2019-09-13 09:30:17,0.7,0.909,2,0.67,0.8701,1,0.89,1.1558,1,0.685,0.8896,0,0
IWM190920P155,2019-09-13,2019-09-13 09:30:18,0.7,0.909,2,0.66,0.8571,202,0.89,1.1558,1,0.68,0.8831,0,0
IWM190920P155,2019-09-13,2019-09-13 09:30:19,0.7,0.909,2,0.66,0.8571,205,0.89,1.1558,1,0.68,0.8831,0,0
IWM190920P155,2019-09-13,2019-09-13 09:30:20,0.7,0.909,2,0.66,0.8571,207,0.89,1.1558,1,0.68,0.8831,0,0
IWM190920P155,2019-09-13,2019-09-13 09:30:21,0.7,0.909,3,0.66,0.8571,193,0.89,1.1558,1,0.68,0.8831,0,0
IWM190920P155,2019-09-13,2019-09-13 09:30:21,0.7,0.909,10,0.66,0.8571,208,0.89,1.1558,1,0.68,0.8831,0,0
IWM190920P155,2019-09-13,2019-09-13 09:30:22,0.7,0.909,2,0.66,0.8571,74,0.89,1.1558,1,0.68,0.8831,0,0
IWM190920P155,2019-09-13,2019-09-13 09:30:22,0.7,0.909,3,0.66,0.8571,74,0.89,1.1558,1,0.68,0.8831,0,0
IWM190920P155,2019-09-13,2019-09-13 09:30:23,0.7,0.909,2,0.66,0.8571,199,0.89,1.1558,1,0.68,0.8831,0,0
IWM190920P155,2019-09-13,2019-09-13 09:30:24,0.7,0.909,20,0.66,0.8571,60,0.89,1.1558,1,0.68,0.8831,0,0
IWM190920P155,2019-09-13,2019-09-13 09:30:24,0.7,0.909,3,0.66,0.8571,84,0.89,1.1558,1,0.68,0.8831,0,0
IWM190920P155,2019-09-13,2019-09-13 09:30:25,0.7,0.909,3,0.66,0.8571,60,0.89,1.1558,1,0.68,0.8831,0,0
IWM190920P155,2019-09-13,2019-09-13 09:30:26,0.7,0.909,355,0.66,0.8571,161,0.89,1.1558,1,0.68,0.8831,0,0
IWM190920P155,2019-09-13,2019-09-13 09:30:27,0.7,0.909,355,0.66,0.8571,161,0.89,1.1558,1,0.68,0.8831,0,0
IWM190920P155,2019-09-13,2019-09-13 09:30:28,0.7,0.909,355,0.66,0.8571,161,0.89,1.1558,1,0.68,0.8831,0,0
IWM190920P155,2019-09-13,2019-09-13 09:30:29,0.7,0.909,355,0.66,0.8571,168,0.89,1.1558,1,0.68,0.8831,0,0
IWM190920P155,2019-09-13,2019-09-13 09:30:29,0.7,0.909,366,0.66,0.8571,161,0.89,1.1558,1,0.68,0.8831,0,0
IWM190920P155,2019-09-13,2019-09-13 09:30:30,0.7,0.909,489,0.66,0.8571,168,0.89,1.1558,1,0.68,0.8831,0,0
IWM190920P155,2019-09-13,2019-09-13 09:30:30,0.7,0.909,355,0.66,0.8571,168,0.89,1.1558,1,0.68,0.8831,0,0
IWM190920P155,2019-09-13,2019-09-13 09:30:31,0.7,0.909,427,0.66,0.8571,168,0.89,1.1558,1,0.68,0.8831,0,0
IWM190920P155,2019-09-13,2019-09-13 09:30:32,0.7,0.909,654,0.66,0.8571,101,0.89,1.1558,1,0.68,0.8831,0,0
IWM190920P155,2019-09-13,2019-09-13 09:30:32,0.7,0.909,654,0.66,0.8571,168,0.89,1.1558,1,0.68,0.8831,0,0
IWM190920P155,2019-09-13,2019-09-13 09:30:33,0.7,0.909,654,0.66,0.8571,100,0.89,1.1558,1,0.68,0.8831,0,0
IWM190920P155,2019-09-13,2019-09-13 09:30:34,0.7,0.909,301,0.66,0.8571,25,0.89,1.1558,1,0.68,0.8831,0,0
IWM190920P155,2019-09-13,2019-09-13 09:30:34,0.7,0.909,635,0.66,0.8571,150,0.89,1.1558,1,0.68,0.8831,0,0
IWM190920P155,2019-09-13,2019-09-13 09:30:35,0.7,0.909,600,0.65,0.8441,150,0.89,1.1558,1,0.675,0.8766,0,0
IWM190920P155,2019-09-13,2019-09-13 09:30:36,0.7,0.909,783,0.65,0.8441,113,0.89,1.1558,1,0.675,0.8766,0,0
IWM190920P155,2019-09-13,2019-09-13 09:30:36,0.7,0.909,600,0.65,0.8441,113,0.89,1.1558,1,0.675,0.8766,0,0
IWM190920P155,2019-09-13,2019-09-13 09:30:37,0.7,0.909,600,0.65,0.8441,113,0.89,1.1558,1,0.675,0.8766,0,0
IWM190920P155,2019-09-13,2019-09-13 09:30:37,0.69,0.8961,776,0.65,0.8441,113,0.89,1.1558,1,0.67,0.8701,0,0
IWM190920P155,2019-09-13,2019-09-13 09:30:38,0.69,0.8961,644,0.65,0.8441,150,0.89,1.1558,1,0.67,0.8701,0,0
IWM190920P155,2019-09-13,2019-09-13 09:30:38,0.69,0.8961,646,0.65,0.8441,150,0.89,1.1558,1,0.67,0.8701,0,0
IWM190920P155,2019-09-13,2019-09-13 09:30:39,0.68,0.8831,334,0.65,0.8441,150,0.89,1.1558,1,0.665,0.8636,0,0
IWM190920P155,2019-09-13,2019-09-13 09:30:39,0.68,0.8831,344,0.65,0.8441,150,0.89,1.1558,1,0.665,0.8636,0,0
IWM190920P155,2019-09-13,2019-09-13 09:30:40,0.68,0.8831,334,0.65,0.8441,150,0.89,1.1558,1,0.665,0.8636,0,0
IWM190920P155,2019-09-13,2019-09-13 09:30:40,0.68,0.8831,344,0.65,0.8441,150,0.89,1.1558,1,0.665,0.8636,0,0
IWM190920P155,2019-09-13,2019-09-13 09:30:41,0.67,0.8701,150,0.65,0.8441,13,0.89,1.1558,1,0.66,0.8571,0,0
IWM190920P155,2019-09-13,2019-09-13 09:30:41,0.68,0.8831,360,0.65,0.8441,20,0.89,1.1558,1,0.665,0.8636,0,0
IWM190920P155,2019-09-13,2019-09-13 09:30:42,0.67,0.8701,334,0.64,0.8311,39,0.89,1.1558,1,0.655,0.8506,0,0
IWM190920P155,2019-09-13,2019-09-13 09:30:42,0.67,0.8701,318,0.65,0.8441,13,0.89,1.1558,1,0.66,0.8571,0,0
IWM190920P155,2019-09-13,2019-09-13 09:30:43,0.66,0.8571,161,0.64,0.8311,13,0.89,1.1558,1,0.65,0.8441,0,0
IWM190920P155,2019-09-13,2019-09-13 09:30:43,0.66,0.8571,29,0.64,0.8311,61,0.89,1.1558,1,0.65,0.8441,0,0
IWM190920P155,2019-09-13,2019-09-13 09:30:44,0.67,0.8701,319,0.65,0.8441,13,0.89,1.1558,1,0.66,0.8571,0,0
IWM190920P155,2019-09-13,2019-09-13 09:30:45,0.67,0.8701,313,0.65,0.8441,13,0.89,1.1558,1,0.66,0.8571,0,0
IWM190920P155,2019-09-13,2019-09-13 09:30:46,0.67,0.8701,323,0.65,0.8441,13,0.89,1.1558,1,0.66,0.8571,0,0
IWM190920P155,2019-09-13,2019-09-13 09:30:47,0.67,0.8701,157,0.65,0.8441,13,0.89,1.1558,1,0.66,0.8571,0,0
IWM190920P155,2019-09-13,2019-09-13 09:30:47,0.67,0.8701,334,0.65,0.8441,13,0.89,1.1558,1,0.66,0.8571,0,0
IWM190920P155,2019-09-13,2019-09-13 09:30:48,0.67,0.8701,334,0.65,0.8441,13,0.89,1.1558,1,0.66,0.8571,0,0
IWM190920P155,2019-09-13,2019-09-13 09:30:49,0.67,0.8701,334,0.64,0.8311,86,0.89,1.1558,1,0.655,0.8506,0,0
IWM190920P155,2019-09-13,2019-09-13 09:30:50,0.67,0.8701,334,0.64,0.8311,86,0.89,1.1558,1,0.655,0.8506,0,0
IWM190920P155,2019-09-13,2019-09-13 09:30:50,0.67,0.8701,334,0.65,0.8441,13,0.89,1.1558,1,0.66,0.8571,0,0
IWM190920P155,2019-09-13,2019-09-13 09:30:51,0.67,0.8701,305,0.65,0.8441,13,0.89,1.1558,1,0.66,0.8571,0,0
IWM190920P155,2019-09-13,2019-09-13 09:30:52,0.67,0.8701,200,0.65,0.8441,13,0.89,1.1558,1,0.66,0.8571,0,0
IWM190920P155,2019-09-13,2019-09-13 09:30:52,0.67,0.8701,305,0.65,0.8441,13,0.89,1.1558,1,0.66,0.8571,0,0
IWM190920P155,2019-09-13,2019-09-13 09:30:53,0.67,0.8701,228,0.65,0.8441,13,0.89,1.1558,1,0.66,0.8571,0,0
IWM190920P155,2019-09-13,2019-09-13 09:30:53,0.67,0.8701,305,0.65,0.8441,13,0.89,1.1558,1,0.66,0.8571,0,0
IWM190920P155,2019-09-13,2019-09-13 09:30:54,0.67,0.8701,295,0.65,0.8441,13,0.89,1.1558,1,0.66,0.8571,0,0
IWM190920P155,2019-09-13,2019-09-13 09:30:54,0.67,0.8701,305,0.65,0.8441,13,0.89,1.1558,1,0.66,0.8571,0,0
IWM190920P155,2019-09-13,2019-09-13 09:30:55,0.67,0.8701,305,0.65,0.8441,13,0.89,1.1558,1,0.66,0.8571,0,0
IWM190920P155,2019-09-13,2019-09-13 09:30:55,0.67,0.8701,283,0.65,0.8441,13,0.89,1.1558,1,0.66,0.8571,0,0
IWM190920P155,2019-09-13,2019-09-13 09:30:56,0.67,0.8701,283,0.65,0.8441,13,0.89,1.1558,1,0.66,0.8571,0,0
IWM190920P155,2019-09-13,2019-09-13 09:30:56,0.67,0.8701,320,0.65,0.8441,13,0.89,1.1558,1,0.66,0.8571,0,0
IWM190920P155,2019-09-13,2019-09-13 09:30:57,0.67,0.8701,320,0.65,0.8441,13,0.89,1.1558,1,0.66,0.8571,0,0
IWM190920P155,2019-09-13,2019-09-13 09:30:57,0.67,0.8701,284,0.65,0.8441,13,0.89,1.1558,1,0.66,0.8571,0,0
IWM190920P155,2019-09-13,2019-09-13 09:30:58,0.67,0.8701,310,0.65,0.8441,13,0.89,1.1558,1,0.66,0.8571,0,0
IWM190920P155,2019-09-13,2019-09-13 09:30:59,0.67,0.8701,310,0.65,0.8441,13,0.89,1.1558,1,0.66,0.8571,0,0
IWM190920P155,2019-09-13,2019-09-13 09:30:59,0.67,0.8701,310,0.65,0.8441,16,0.89,1.1558,1,0.66,0.8571,0,0
IWM190920P155,2019-09-13,2019-09-13 09:31:00,0.67,0.8701,349,0.65,0.8441,13,0.89,1.1558,1,0.66,0.8571,0,0
IWM190920P155,2019-09-13,2019-09-13 09:31:00,0.67,0.8701,349,0.65,0.8441,16,0.89,1.1558,1,0.66,0.8571,0,0
IWM190920P155,2019-09-13,2019-09-13 09:31:01,0.67,0.8701,130,0.65,0.8441,13,0.89,1.1558,1,0.66,0.8571,0,0
IWM190920P155,2019-09-13,2019-09-13 09:31:01,0.67,0.8701,130,0.64,0.8311,99,0.89,1.1558,1,0.655,0.8506,0,0
IWM190920P155,2019-09-13,2019-09-13 09:31:02,0.66,0.8571,33,0.64,0.8311,13,0.89,1.1558,1,0.65,0.8441,0,0
IWM190920P155,2019-09-13,2019-09-13 09:31:02,0.66,0.8571,189,0.64,0.8311,13,0.89,1.1558,1,0.65,0.8441,0,0
IWM190920P155,2019-09-13,2019-09-13 09:31:03,0.66,0.8571,50,0.64,0.8311,13,0.89,1.1558,1,0.65,0.8441,0,0
IWM190920P155,2019-09-13,2019-09-13 09:31:04,0.66,0.8571,317,0.64,0.8311,13,0.89,1.1558,1,0.65,0.8441,0,0
IWM190920P155,2019-09-13,2019-09-13 09:31:04,0.66,0.8571,350,0.63,0.8181,100,0.89,1.1558,1,0.645,0.8376,0,0
IWM190920P155,2019-09-13,2019-09-13 09:31:05,0.65,0.8441,197,0.63,0.8181,39,0.89,1.1558,1,0.64,0.8311,0,0
IWM190920P155,2019-09-13,2019-09-13 09:31:05,0.65,0.8441,166,0.63,0.8181,48,0.89,1.1558,1,0.64,0.8311,0,0
IWM190920P155,2019-09-13,2019-09-13 09:31:06,0.65,0.8441,166,0.63,0.8181,48,0.89,1.1558,1,0.64,0.8311,0,0
IWM190920P155,2019-09-13,2019-09-13 09:31:07,0.66,0.8571,335,0.64,0.8311,13,0.89,1.1558,1,0.65,0.8441,0,0
IWM190920P155,2019-09-13,2019-09-13 09:31:07,0.66,0.8571,361,0.64,0.8311,13,0.89,1.1558,1,0.65,0.8441,0,0
IWM190920P155,2019-09-13,2019-09-13 09:31:08,0.66,0.8571,361,0.64,0.8311,13,0.89,1.1558,1,0.65,0.8441,0,0
IWM190920P155,2019-09-13,2019-09-13 09:31:09,0.66,0.8571,215,0.64,0.8311,13,0.89,1.1558,1,0.65,0.8441,0,0
IWM190920P155,2019-09-13,2019-09-13 09:31:09,0.66,0.8571,189,0.64,0.8311,13,0.89,1.1558,1,0.65,0.8441,0,0
IWM190920P155,2019-09-13,2019-09-13 09:31:10,0.66,0.8571,20,0.64,0.8311,89,0.89,1.1558,1,0.65,0.8441,0,0
IWM190920P155,2019-09-13,2019-09-13 09:31:10,0.66,0.8571,39,0.64,0.8311,89,0.89,1.1558,1,0.65,0.8441,0,0
IWM190920P155,2019-09-13,2019-09-13 09:31:11,0.66,0.8571,213,0.64,0.8311,89,0.89,1.1558,1,0.65,0.8441,0,0
IWM190920P155,2019-09-13,2019-09-13 09:31:11,0.66,0.8571,213,0.64,0.8311,13,0.89,1.1558,1,0.65,0.8441,0,0
IWM190920P155,2019-09-13,2019-09-13 09:31:12,0.66,0.8571,202,0.64,0.8311,13,0.89,1.1558,1,0.65,0.8441,0,0
IWM190920P155,2019-09-13,2019-09-13 09:31:12,0.66,0.8571,326,0.64,0.8311,13,0.89,1.1558,1,0.65,0.8441,0,0
IWM190920P155,2019-09-13,2019-09-13 09:31:13,0.66,0.8571,209,0.64,0.8311,13,0.89,1.1558,1,0.65,0.8441,0,0
IWM190920P155,2019-09-13,2019-09-13 09:31:13,0.66,0.8571,287,0.64,0.8311,13,0.89,1.1558,1,0.65,0.8441,0,0
IWM190920P155,2019-09-13,2019-09-13 09:31:14,0.66,0.8571,105,0.64,0.8311,13,0.89,1.1558,1,0.65,0.8441,0,0
IWM190920P155,2019-09-13,2019-09-13 09:31:14,0.66,0.8571,279,0.64,0.8311,13,0.89,1.1558,1,0.65,0.8441,0,0
IWM190920P155,2019-09-13,2019-09-13 09:31:15,0.66,0.8571,296,0.64,0.8311,13,0.89,1.1558,1,0.65,0.8441,0,0
IWM190920P155,2019-09-13,2019-09-13 09:31:16,0.66,0.8571,296,0.64,0.8311,13,0.89,1.1558,1,0.65,0.8441,0,0
IWM190920P155,2019-09-13,2019-09-13 09:31:16,0.66,0.8571,302,0.64,0.8311,13,0.89,1.1558,1,0.65,0.8441,0,0
IWM190920P155,2019-09-13,2019-09-13 09:31:17,0.66,0.8571,302,0.64,0.8311,94,0.89,1.1558,1,0.65,0.8441,0,0
IWM190920P155,2019-09-13,2019-09-13 09:31:17,0.66,0.8571,248,0.64,0.8311,13,0.89,1.1558,1,0.65,0.8441,0,0
IWM190920P155,2019-09-13,2019-09-13 09:31:18,0.66,0.8571,240,0.65,0.8441,13,0.89,1.1558,1,0.655,0.8506,0,0
IWM190920P155,2019-09-13,2019-09-13 09:31:18,0.66,0.8571,248,0.64,0.8311,13,0.89,1.1558,1,0.65,0.8441,0,0
IWM190920P155,2019-09-13,2019-09-13 09:31:19,0.66,0.8571,240,0.65,0.8441,13,0.89,1.1558,1,0.655,0.8506,0,0
IWM190920P155,2019-09-13,2019-09-13 09:31:20,0.66,0.8571,240,0.65,0.8441,13,0.89,1.1558,1,0.655,0.8506,0,0
IWM190920P155,2019-09-13,2019-09-13 09:31:21,0.66,0.8571,269,0.65,0.8441,13,0.89,1.1558,1,0.655,0.8506,0,0
IWM190920P155,2019-09-13,2019-09-13 09:31:21,0.66,0.8571,248,0.65,0.8441,13,0.89,1.1558,1,0.655,0.8506,0,0
IWM190920P155,2019-09-13,2019-09-13 09:31:22,0.66,0.8571,248,0.64,0.8311,111,0.89,1.1558,1,0.65,0.8441,0,0
IWM190920P155,2019-09-13,2019-09-13 09:31:22,0.66,0.8571,253,0.64,0.8311,111,0.89,1.1558,1,0.65,0.8441,0,0
IWM190920P155,2019-09-13,2019-09-13 09:31:23,0.66,0.8571,248,0.64,0.8311,111,0.89,1.1558,1,0.65,0.8441,0,0
IWM190920P155,2019-09-13,2019-09-13 09:31:23,0.66,0.8571,256,0.64,0.8311,111,0.89,1.1558,1,0.65,0.8441,0,0
IWM190920P155,2019-09-13,2019-09-13 09:31:24,0.66,0.8571,256,0.64,0.8311,111,0.89,1.1558,1,0.65,0.8441,0,0
IWM190920P155,2019-09-13,2019-09-13 09:31:25,0.66,0.8571,256,0.65,0.8441,13,0.89,1.1558,1,0.655,0.8506,0,0
IWM190920P155,2019-09-13,2019-09-13 09:31:26,0.66,0.8571,240,0.65,0.8441,13,0.89,1.1558,1,0.655,0.8506,0,0
IWM190920P155,2019-09-13,2019-09-13 09:31:27,0.66,0.8571,269,0.64,0.8311,111,0.89,1.1558,1,0.65,0.8441,0,0
IWM190920P155,2019-09-13,2019-09-13 09:31:27,0.66,0.8571,269,0.64,0.8311,51,0.89,1.1558,1,0.65,0.8441,0,0
IWM190920P155,2019-09-13,2019-09-13 09:31:28,0.66,0.8571,256,0.64,0.8311,51,0.89,1.1558,1,0.65,0.8441,0,0
IWM190920P155,2019-09-13,2019-09-13 09:31:28,0.66,0.8571,269,0.64,0.8311,54,0.89,1.1558,1,0.65,0.8441,0,0
IWM190920P155,2019-09-13,2019-09-13 09:31:29,0.66,0.8571,269,0.64,0.8311,265,0.89,1.1558,1,0.65,0.8441,0,0
IWM190920P155,2019-09-13,2019-09-13 09:31:29,0.66,0.8571,240,0.65,0.8441,13,0.89,1.1558,1,0.655,0.8506,0,0
IWM190920P155,2019-09-13,2019-09-13 09:31:30,0.66,0.8571,293,0.64,0.8311,288,0.89,1.1558,1,0.65,0.8441,0,0
IWM190920P155,2019-09-13,2019-09-13 09:31:30,0.66,0.8571,293,0.64,0.8311,338,0.89,1.1558,1,0.65,0.8441,0,0
IWM190920P155,2019-09-13,2019-09-13 09:31:31,0.66,0.8571,293,0.64,0.8311,338,0.89,1.1558,1,0.65,0.8441,0,0
IWM190920P155,2019-09-13,2019-09-13 09:31:31,0.66,0.8571,293,0.64,0.8311,225,0.89,1.1558,1,0.65,0.8441,0,0
IWM190920P155,2019-09-13,2019-09-13 09:31:32,0.66,0.8571,53,0.64,0.8311,338,0.89,1.1558,1,0.65,0.8441,0,0
IWM190920P155,2019-09-13,2019-09-13 09:31:32,0.66,0.8571,22,0.64,0.8311,338,0.89,1.1558,1,0.65,0.8441,0,0
IWM190920P155,2019-09-13,2019-09-13 09:31:33,0.66,0.8571,22,0.64,0.8311,338,0.89,1.1558,1,0.65,0.8441,0,0
IWM190920P155,2019-09-13,2019-09-13 09:31:33,0.66,0.8571,22,0.64,0.8311,426,0.89,1.1558,1,0.65,0.8441,0,0
IWM190920P155,2019-09-13,2019-09-13 09:31:34,0.66,0.8571,22,0.64,0.8311,426,0.89,1.1558,1,0.65,0.8441,0,0
IWM190920P155,2019-09-13,2019-09-13 09:31:35,0.66,0.8571,24,0.64,0.8311,116,0.89,1.1558,1,0.65,0.8441,0,0
IWM190920P155,2019-09-13,2019-09-13 09:31:35,0.66,0.8571,24,0.64,0.8311,269,0.89,1.1558,1,0.65,0.8441,0,0
IWM190920P155,2019-09-13,2019-09-13 09:31:36,0.66,0.8571,24,0.64,0.8311,361,0.89,1.1558,1,0.65,0.8441,0,0
IWM190920P155,2019-09-13,2019-09-13 09:31:36,0.66,0.8571,24,0.64,0.8311,235,0.89,1.1558,1,0.65,0.8441,0,0
IWM190920P155,2019-09-13,2019-09-13 09:31:37,0.66,0.8571,24,0.64,0.8311,361,0.89,1.1558,1,0.65,0.8441,0,0
IWM190920P155,2019-09-13,2019-09-13 09:31:37,0.66,0.8571,24,0.64,0.8311,367,0.89,1.1558,1,0.65,0.8441,0,0
IWM190920P155,2019-09-13,2019-09-13 09:31:38,0.66,0.8571,24,0.64,0.8311,367,0.89,1.1558,1,0.65,0.8441,0,0
IWM190920P155,2019-09-13,2019-09-13 09:31:38,0.66,0.8571,24,0.64,0.8311,315,0.89,1.1558,1,0.65,0.8441,0,0
IWM190920P155,2019-09-13,2019-09-13 09:31:39,0.66,0.8571,24,0.64,0.8311,116,0.89,1.1558,1,0.65,0.8441,0,0
IWM190920P155,2019-09-13,2019-09-13 09:31:39,0.66,0.8571,24,0.64,0.8311,78,0.89,1.1558,1,0.65,0.8441,0,0
IWM190920P155,2019-09-13,2019-09-13 09:31:40,0.66,0.8571,25,0.64,0.8311,78,0.89,1.1558,1,0.65,0.8441,0,0
IWM190920P155,2019-09-13,2019-09-13 09:31:40,0.66,0.8571,24,0.64,0.8311,175,0.89,1.1558,1,0.65,0.8441,0,0
IWM190920P155,2019-09-13,2019-09-13 09:31:41,0.66,0.8571,24,0.64,0.8311,364,0.89,1.1558,1,0.65,0.8441,0,0
IWM190920P155,2019-09-13,2019-09-13 09:31:42,0.66,0.8571,24,0.64,0.8311,426,0.89,1.1558,1,0.65,0.8441,0,0
IWM190920P155,2019-09-13,2019-09-13 09:31:43,0.66,0.8571,43,0.64,0.8311,189,0.89,1.1558,1,0.65,0.8441,0,0
IWM190920P155,2019-09-13,2019-09-13 09:31:43,0.66,0.8571,48,0.64,0.8311,189,0.89,1.1558,1,0.65,0.8441,0,0
IWM190920P155,2019-09-13,2019-09-13 09:31:44,0.65,0.8441,1,0.63,0.8181,218,0.89,1.1558,1,0.64,0.8311,0,0
IWM190920P155,2019-09-13,2019-09-13 09:31:44,0.65,0.8441,1,0.63,0.8181,535,0.89,1.1558,1,0.64,0.8311,0,0
IWM190920P155,2019-09-13,2019-09-13 09:31:45,0.65,0.8441,16,0.63,0.8181,388,0.89,1.1558,1,0.64,0.8311,0,0
IWM190920P155,2019-09-13,2019-09-13 09:31:45,0.65,0.8441,1,0.63,0.8181,453,0.89,1.1558,1,0.64,0.8311,0,0
IWM190920P155,2019-09-13,2019-09-13 09:31:46,0.66,0.8571,20,0.64,0.8311,129,0.89,1.1558,1,0.65,0.8441,0,0
IWM190920P155,2019-09-13,2019-09-13 09:31:46,0.66,0.8571,13,0.64,0.8311,60,0.89,1.1558,1,0.65,0.8441,0,0
IWM190920P155,2019-09-13,2019-09-13 09:31:47,0.65,0.8441,31,0.63,0.8181,232,0.89,1.1558,1,0.64,0.8311,0,0
IWM190920P155,2019-09-13,2019-09-13 09:31:47,0.65,0.8441,20,0.63,0.8181,163,0.89,1.1558,1,0.64,0.8311,0,0
IWM190920P155,2019-09-13,2019-09-13 09:31:48,0.65,0.8441,28,0.63,0.8181,144,0.89,1.1558,1,0.64,0.8311,0,0
IWM190920P155,2019-09-13,2019-09-13 09:31:49,0.65,0.8441,30,0.63,0.8181,98,0.89,1.1558,1,0.64,0.8311,0,0
IWM190920P155,2019-09-13,2019-09-13 09:31:49,0.65,0.8441,28,0.63,0.8181,38,0.89,1.1558,1,0.64,0.8311,0,0
IWM190920P155,2019-09-13,2019-09-13 09:31:50,0.65,0.8441,32,0.63,0.8181,104,0.89,1.1558,1,0.64,0.8311,0,0
IWM190920P155,2019-09-13,2019-09-13 09:31:50,0.65,0.8441,30,0.63,0.8181,98,0.89,1.1558,1,0.64,0.8311,0,0
IWM190920P155,2019-09-13,2019-09-13 09:31:51,0.65,0.8441,17,0.63,0.8181,104,0.89,1.1558,1,0.64,0.8311,0,0
IWM190920P155,2019-09-13,2019-09-13 09:31:51,0.66,0.8571,263,0.64,0.8311,13,0.89,1.1558,1,0.65,0.8441,0,0
IWM190920P155,2019-09-13,2019-09-13 09:31:52,0.65,0.8441,20,0.63,0.8181,404,0.89,1.1558,1,0.64,0.8311,0,0
IWM190920P155,2019-09-13,2019-09-13 09:31:53,0.65,0.8441,20,0.64,0.8311,13,0.89,1.1558,1,0.645,0.8376,0,0
IWM190920P155,2019-09-13,2019-09-13 09:31:53,0.66,0.8571,35,0.64,0.8311,13,0.89,1.1558,1,0.65,0.8441,0,0
IWM190920P155,2019-09-13,2019-09-13 09:31:54,0.66,0.8571,35,0.64,0.8311,13,0.89,1.1558,1,0.65,0.8441,0,0
IWM190920P155,2019-09-13,2019-09-13 09:31:54,0.65,0.8441,13,0.63,0.8181,236,0.89,1.1558,1,0.64,0.8311,0,0
IWM190920P155,2019-09-13,2019-09-13 09:31:55,0.65,0.8441,13,0.63,0.8181,272,0.89,1.1558,1,0.64,0.8311,0,0
IWM190920P155,2019-09-13,2019-09-13 09:31:55,0.65,0.8441,23,0.63,0.8181,230,0.89,1.1558,1,0.64,0.8311,0,0
IWM190920P155,2019-09-13,2019-09-13 09:31:56,0.65,0.8441,14,0.63,0.8181,280,0.89,1.1558,1,0.64,0.8311,0,0
IWM190920P155,2019-09-13,2019-09-13 09:31:57,0.65,0.8441,15,0.63,0.8181,313,0.89,1.1558,1,0.64,0.8311,0,0
IWM190920P155,2019-09-13,2019-09-13 09:31:57,0.65,0.8441,15,0.63,0.8181,446,0.89,1.1558,1,0.64,0.8311,0,0
IWM190920P155,2019-09-13,2019-09-13 09:31:58,0.65,0.8441,23,0.63,0.8181,403,0.89,1.1558,1,0.64,0.8311,0,0
IWM190920P155,2019-09-13,2019-09-13 09:31:58,0.65,0.8441,23,0.63,0.8181,378,0.89,1.1558,1,0.64,0.8311,0,0
IWM190920P155,2019-09-13,2019-09-13 09:31:59,0.65,0.8441,16,0.63,0.8181,458,0.89,1.1558,1,0.64,0.8311,0,0
IWM190920P155,2019-09-13,2019-09-13 09:31:59,0.65,0.8441,20,0.63,0.8181,458,0.89,1.1558,1,0.64,0.8311,0,0
IWM190920P155,2019-09-13,2019-09-13 09:32:00,0.64,0.8311,13,0.63,0.8181,206,0.89,1.1558,1,0.635,0.8246,0,0
IWM190920P155,2019-09-13,2019-09-13 09:32:00,0.65,0.8441,13,0.63,0.8181,293,0.89,1.1558,1,0.64,0.8311,0,0
IWM190920P155,2019-09-13,2019-09-13 09:32:01,0.64,0.8311,3,0.62,0.8051,129,0.89,1.1558,1,0.63,0.8181,0,0
IWM190920P155,2019-09-13,2019-09-13 09:32:01,0.64,0.8311,20,0.62,0.8051,265,0.89,1.1558,1,0.63,0.8181,0,0
IWM190920P155,2019-09-13,2019-09-13 09:32:02,0.64,0.8311,291,0.62,0.8051,160,0.89,1.1558,1,0.63,0.8181,0,0
IWM190920P155,2019-09-13,2019-09-13 09:32:03,0.64,0.8311,401,0.62,0.8051,162,0.89,1.1558,1,0.63,0.8181,0,0
IWM190920P155,2019-09-13,2019-09-13 09:32:03,0.64,0.8311,301,0.62,0.8051,95,0.89,1.1558,1,0.63,0.8181,0,0
IWM190920P155,2019-09-13,2019-09-13 09:32:04,0.63,0.8181,227,0.61,0.7922,356,0.89,1.1558,1,0.62,0.8051,0,0
IWM190920P155,2019-09-13,2019-09-13 09:32:04,0.64,0.8311,401,0.62,0.8051,125,0.89,1.1558,1,0.63,0.8181,0,0
IWM190920P155,2019-09-13,2019-09-13 09:32:05,0.63,0.8181,259,0.61,0.7922,654,0.89,1.1558,1,0.62,0.8051,0,0
IWM190920P155,2019-09-13,2019-09-13 09:32:05,0.63,0.8181,304,0.61,0.7922,514,0.89,1.1558,1,0.62,0.8051,0,0
IWM190920P155,2019-09-13,2019-09-13 09:32:06,0.63,0.8181,262,0.61,0.7922,468,0.89,1.1558,1,0.62,0.8051,0,0
IWM190920P155,2019-09-13,2019-09-13 09:32:06,0.63,0.8181,213,0.61,0.7922,654,0.89,1.1558,1,0.62,0.8051,0,0
IWM190920P155,2019-09-13,2019-09-13 09:32:07,0.63,0.8181,289,0.61,0.7922,636,0.89,1.1558,1,0.62,0.8051,0,0
IWM190920P155,2019-09-13,2019-09-13 09:32:07,0.63,0.8181,262,0.61,0.7922,538,0.89,1.1558,1,0.62,0.8051,0,0
IWM190920P155,2019-09-13,2019-09-13 09:32:08,0.63,0.8181,289,0.61,0.7922,636,0.89,1.1558,1,0.62,0.8051,0,0
IWM190920P155,2019-09-13,2019-09-13 09:32:08,0.63,0.8181,289,0.61,0.7922,324,0.89,1.1558,1,0.62,0.8051,0,0
IWM190920P155,2019-09-13,2019-09-13 09:32:09,0.63,0.8181,30,0.62,0.8051,97,0.89,1.1558,1,0.625,0.8116,0,0
IWM190920P155,2019-09-13,2019-09-13 09:32:09,0.63,0.8181,87,0.62,0.8051,13,0.89,1.1558,1,0.625,0.8116,0,0
IWM190920P155,2019-09-13,2019-09-13 09:32:10,0.63,0.8181,20,0.62,0.8051,110,0.89,1.1558,1,0.625,0.8116,0,0
IWM190920P155,2019-09-13,2019-09-13 09:32:10,0.63,0.8181,90,0.62,0.8051,13,0.89,1.1558,1,0.625,0.8116,0,0
IWM190920P155,2019-09-13,2019-09-13 09:32:11,0.63,0.8181,30,0.62,0.8051,110,0.89,1.1558,1,0.625,0.8116,0,0
IWM190920P155,2019-09-13,2019-09-13 09:32:11,0.63,0.8181,20,0.62,0.8051,110,0.89,1.1558,1,0.625,0.8116,0,0
IWM190920P155,2019-09-13,2019-09-13 09:32:12,0.63,0.8181,30,0.62,0.8051,110,0.89,1.1558,1,0.625,0.8116,0,0
IWM190920P155,2019-09-13,2019-09-13 09:32:12,0.63,0.8181,30,0.62,0.8051,71,0.89,1.1558,1,0.625,0.8116,0,0
IWM190920P155,2019-09-13,2019-09-13 09:32:13,0.63,0.8181,30,0.62,0.8051,51,0.89,1.1558,1,0.625,0.8116,0,0
IWM190920P155,2019-09-13,2019-09-13 09:32:13,0.63,0.8181,394,0.61,0.7922,452,0.89,1.1558,1,0.62,0.8051,0,0
IWM190920P155,2019-09-13,2019-09-13 09:32:14,0.63,0.8181,394,0.61,0.7922,452,0.89,1.1558,1,0.62,0.8051,0,0
IWM190920P155,2019-09-13,2019-09-13 09:32:14,0.63,0.8181,18,0.62,0.8051,13,0.89,1.1558,1,0.625,0.8116,0,0
IWM190920P155,2019-09-13,2019-09-13 09:32:15,0.63,0.8181,20,0.62,0.8051,22,0.89,1.1558,1,0.625,0.8116,0,0
IWM190920P155,2019-09-13,2019-09-13 09:32:15,0.63,0.8181,30,0.62,0.8051,22,0.89,1.1558,1,0.625,0.8116,0,0
IWM190920P155,2019-09-13,2019-09-13 09:32:16,0.63,0.8181,30,0.62,0.8051,13,0.89,1.1558,1,0.625,0.8116,0,0
IWM190920P155,2019-09-13,2019-09-13 09:32:16,0.63,0.8181,219,0.61,0.7922,69,0.89,1.1558,1,0.62,0.8051,0,0
IWM190920P155,2019-09-13,2019-09-13 09:32:17,0.63,0.8181,300,0.61,0.7922,69,0.89,1.1558,1,0.62,0.8051,0,0
IWM190920P155,2019-09-13,2019-09-13 09:32:18,0.63,0.8181,344,0.61,0.7922,69,0.89,1.1558,1,0.62,0.8051,0,0
IWM190920P155,2019-09-13,2019-09-13 09:32:19,0.63,0.8181,264,0.61,0.7922,249,0.89,1.1558,1,0.62,0.8051,0,0
IWM190920P155,2019-09-13,2019-09-13 09:32:19,0.63,0.8181,110,0.61,0.7922,69,0.89,1.1558,1,0.62,0.8051,0,0
IWM190920P155,2019-09-13,2019-09-13 09:32:20,0.63,0.8181,397,0.61,0.7922,268,0.89,1.1558,1,0.62,0.8051,0,0
IWM190920P155,2019-09-13,2019-09-13 09:32:20,0.63,0.8181,446,0.61,0.7922,155,0.89,1.1558,1,0.62,0.8051,0,0
IWM190920P155,2019-09-13,2019-09-13 09:32:21,0.63,0.8181,446,0.61,0.7922,125,0.63,0.8181,10,0.62,0.8051,10,10
IWM190920P155,2019-09-13,2019-09-13 09:32:21,0.63,0.8181,708,0.61,0.7922,139,0.63,0.8181,10,0.62,0.8051,10,0
IWM190920P155,2019-09-13,2019-09-13 09:32:22,0.63,0.8181,909,0.61,0.7922,157,0.63,0.8181,10,0.62,0.8051,10,0
IWM190920P155,2019-09-13,2019-09-13 09:32:22,0.63,0.8181,909,0.61,0.7922,547,0.63,0.8181,10,0.62,0.8051,10,0
IWM190920P155,2019-09-13,2019-09-13 09:32:23,0.63,0.8181,909,0.61,0.7922,268,0.63,0.8181,10,0.62,0.8051,10,0
IWM190920P155,2019-09-13,2019-09-13 09:32:24,0.63,0.8181,909,0.61,0.7922,111,0.63,0.8181,10,0.62,0.8051,10,0
IWM190920P155,2019-09-13,2019-09-13 09:32:24,0.63,0.8181,909,0.61,0.7922,536,0.63,0.8181,10,0.62,0.8051,10,0
IWM190920P155,2019-09-13,2019-09-13 09:32:25,0.63,0.8181,909,0.61,0.7922,135,0.63,0.8181,10,0.62,0.8051,10,0
IWM190920P155,2019-09-13,2019-09-13 09:32:25,0.63,0.8181,909,0.61,0.7922,111,0.63,0.8181,10,0.62,0.8051,10,0
IWM190920P155,2019-09-13,2019-09-13 09:32:26,0.63,0.8181,909,0.61,0.7922,169,0.63,0.8181,10,0.62,0.8051,10,0
IWM190920P155,2019-09-13,2019-09-13 09:32:26,0.63,0.8181,909,0.61,0.7922,220,0.63,0.8181,10,0.62,0.8051,10,0
IWM190920P155,2019-09-13,2019-09-13 09:32:27,0.62,0.8051,800,0.61,0.7922,358,0.63,0.8181,10,0.615,0.7987,10,0
IWM190920P155,2019-09-13,2019-09-13 09:32:27,0.62,0.8051,800,0.61,0.7922,153,0.63,0.8181,10,0.615,0.7987,10,0
IWM190920P155,2019-09-13,2019-09-13 09:32:28,0.62,0.8051,800,0.61,0.7922,332,0.63,0.8181,10,0.615,0.7987,10,0
IWM190920P155,2019-09-13,2019-09-13 09:32:28,0.62,0.8051,800,0.61,0.7922,153,0.63,0.8181,10,0.615,0.7987,10,0
IWM190920P155,2019-09-13,2019-09-13 09:32:29,0.62,0.8051,800,0.6,0.7792,242,0.63,0.8181,10,0.61,0.7922,10,0
IWM190920P155,2019-09-13,2019-09-13 09:32:29,0.62,0.8051,800,0.61,0.7922,25,0.63,0.8181,10,0.615,0.7987,10,0
IWM190920P155,2019-09-13,2019-09-13 09:32:30,0.62,0.8051,853,0.6,0.7792,488,0.63,0.8181,10,0.61,0.7922,10,0
IWM190920P155,2019-09-13,2019-09-13 09:32:30,0.62,0.8051,814,0.6,0.7792,262,0.63,0.8181,10,0.61,0.7922,10,0
IWM190920P155,2019-09-13,2019-09-13 09:32:31,0.62,0.8051,814,0.6,0.7792,189,0.63,0.8181,10,0.61,0.7922,10,0
IWM190920P155,2019-09-13,2019-09-13 09:32:31,0.62,0.8051,814,0.6,0.7792,185,0.63,0.8181,10,0.61,0.7922,10,0
IWM190920P155,2019-09-13,2019-09-13 09:32:32,0.61,0.7922,237,0.59,0.7662,225,0.63,0.8181,10,0.6,0.7792,10,0
IWM190920P155,2019-09-13,2019-09-13 09:32:32,0.61,0.7922,395,0.59,0.7662,294,0.63,0.8181,10,0.6,0.7792,10,0
IWM190920P155,2019-09-13,2019-09-13 09:32:33,0.61,0.7922,364,0.59,0.7662,294,0.63,0.8181,10,0.6,0.7792,10,0
IWM190920P155,2019-09-13,2019-09-13 09:32:33,0.61,0.7922,395,0.59,0.7662,294,0.63,0.8181,10,0.6,0.7792,10,0
IWM190920P155,2019-09-13,2019-09-13 09:32:34,0.61,0.7922,368,0.59,0.7662,494,0.63,0.8181,10,0.6,0.7792,10,0
IWM190920P155,2019-09-13,2019-09-13 09:32:35,0.61,0.7922,254,0.6,0.7792,22,0.63,0.8181,10,0.605,0.7857,10,0
IWM190920P155,2019-09-13,2019-09-13 09:32:35,0.61,0.7922,242,0.6,0.7792,41,0.63,0.8181,10,0.605,0.7857,10,0
IWM190920P155,2019-09-13,2019-09-13 09:32:36,0.62,0.8051,850,0.6,0.7792,81,0.63,0.8181,10,0.61,0.7922,10,0
IWM190920P155,2019-09-13,2019-09-13 09:32:36,0.61,0.7922,254,0.6,0.7792,13,0.63,0.8181,10,0.605,0.7857,10,0
IWM190920P155,2019-09-13,2019-09-13 09:32:37,0.62,0.8051,850,0.6,0.7792,91,0.63,0.8181,10,0.61,0.7922,10,0
IWM190920P155,2019-09-13,2019-09-13 09:32:37,0.62,0.8051,826,0.6,0.7792,153,0.63,0.8181,10,0.61,0.7922,10,0
IWM190920P155,2019-09-13,2019-09-13 09:32:38,0.62,0.8051,844,0.6,0.7792,28,0.63,0.8181,10,0.61,0.7922,10,0
IWM190920P155,2019-09-13,2019-09-13 09:32:39,0.61,0.7922,263,0.6,0.7792,28,0.63,0.8181,10,0.605,0.7857,10,0
IWM190920P155,2019-09-13,2019-09-13 09:32:39,0.61,0.7922,321,0.6,0.7792,22,0.63,0.8181,10,0.605,0.7857,10,0
IWM190920P155,2019-09-13,2019-09-13 09:32:40,0.61,0.7922,113,0.6,0.7792,191,0.63,0.8181,10,0.605,0.7857,10,0
IWM190920P155,2019-09-13,2019-09-13 09:32:40,0.61,0.7922,346,0.6,0.7792,62,0.63,0.8181,10,0.605,0.7857,10,0
IWM190920P155,2019-09-13,2019-09-13 09:32:41,0.62,0.8051,800,0.61,0.7922,60,0.63,0.8181,10,0.615,0.7987,10,0
IWM190920P155,2019-09-13,2019-09-13 09:32:41,0.62,0.8051,800,0.61,0.7922,13,0.63,0.8181,10,0.615,0.7987,10,0
IWM190920P155,2019-09-13,2019-09-13 09:32:42,0.62,0.8051,824,0.61,0.7922,63,0.63,0.8181,10,0.615,0.7987,10,0
IWM190920P155,2019-09-13,2019-09-13 09:32:42,0.62,0.8051,800,0.61,0.7922,63,0.63,0.8181,10,0.615,0.7987,10,0
IWM190920P155,2019-09-13,2019-09-13 09:32:43,0.62,0.8051,824,0.61,0.7922,63,0.63,0.8181,10,0.615,0.7987,10,0
IWM190920P155,2019-09-13,2019-09-13 09:32:43,0.62,0.8051,824,0.61,0.7922,115,0.63,0.8181,10,0.615,0.7987,10,0
IWM190920P155,2019-09-13,2019-09-13 09:32:44,0.62,0.8051,824,0.61,0.7922,288,0.63,0.8181,10,0.615,0.7987,10,0
IWM190920P155,2019-09-13,2019-09-13 09:32:44,0.62,0.8051,824,0.61,0.7922,356,0.62,0.8051,9,0.615,0.7987,44,34
IWM190920P155,2019-09-13,2019-09-13 09:32:45,0.62,0.8051,824,0.61,0.7922,356,0.62,0.8051,9,0.615,0.7987,44,0
IWM190920P155,2019-09-13,2019-09-13 09:32:45,0.63,0.8181,10,0.62,0.8051,50,0.62,0.8051,747,0.625,0.8116,810,766
IWM190920P155,2019-09-13,2019-09-13 09:32:46,0.63,0.8181,183,0.62,0.8051,44,0.62,0.8051,747,0.625,0.8116,810,0
IWM190920P155,2019-09-13,2019-09-13 09:32:46,0.64,0.8311,383,0.62,0.8051,44,0.62,0.8051,747,0.63,0.8181,810,0
IWM190920P155,2019-09-13,2019-09-13 09:32:47,0.64,0.8311,449,0.62,0.8051,44,0.62,0.8051,747,0.63,0.8181,810,0
IWM190920P155,2019-09-13,2019-09-13 09:32:47,0.64,0.8311,439,0.62,0.8051,104,0.62,0.8051,747,0.63,0.8181,810,0
IWM190920P155,2019-09-13,2019-09-13 09:32:48,0.63,0.8181,133,0.62,0.8051,44,0.62,0.8051,747,0.625,0.8116,810,0
IWM190920P155,2019-09-13,2019-09-13 09:32:48,0.64,0.8311,538,0.62,0.8051,44,0.62,0.8051,747,0.63,0.8181,810,0
IWM190920P155,2019-09-13,2019-09-13 09:32:49,0.63,0.8181,368,0.62,0.8051,44,0.62,0.8051,747,0.625,0.8116,810,0
IWM190920P155,2019-09-13,2019-09-13 09:32:49,0.62,0.8051,13,0.61,0.7922,279,0.62,0.8051,747,0.615,0.7987,810,0
IWM190920P155,2019-09-13,2019-09-13 09:32:50,0.62,0.8051,138,0.61,0.7922,115,0.62,0.8051,747,0.615,0.7987,810,0
IWM190920P155,2019-09-13,2019-09-13 09:32:50,0.62,0.8051,148,0.61,0.7922,115,0.62,0.8051,747,0.615,0.7987,810,0
IWM190920P155,2019-09-13,2019-09-13 09:32:51,0.62,0.8051,148,0.61,0.7922,105,0.62,0.8051,747,0.615,0.7987,810,0
IWM190920P155,2019-09-13,2019-09-13 09:32:51,0.62,0.8051,148,0.61,0.7922,115,0.62,0.8051,747,0.615,0.7987,810,0
IWM190920P155,2019-09-13,2019-09-13 09:32:52,0.62,0.8051,219,0.61,0.7922,28,0.62,0.8051,747,0.615,0.7987,810,0
IWM190920P155,2019-09-13,2019-09-13 09:32:52,0.62,0.8051,148,0.61,0.7922,105,0.62,0.8051,747,0.615,0.7987,810,0
IWM190920P155,2019-09-13,2019-09-13 09:32:53,0.62,0.8051,220,0.61,0.7922,100,0.62,0.8051,747,0.615,0.7987,810,0
IWM190920P155,2019-09-13,2019-09-13 09:32:53,0.62,0.8051,84,0.61,0.7922,11,0.62,0.8051,747,0.615,0.7987,810,0
IWM190920P155,2019-09-13,2019-09-13 09:32:54,0.62,0.8051,85,0.61,0.7922,62,0.62,0.8051,747,0.615,0.7987,810,0
IWM190920P155,2019-09-13,2019-09-13 09:32:54,0.62,0.8051,209,0.61,0.7922,40,0.62,0.8051,747,0.615,0.7987,810,0
IWM190920P155,2019-09-13,2019-09-13 09:32:55,0.62,0.8051,134,0.61,0.7922,114,0.62,0.8051,747,0.615,0.7987,810,0
IWM190920P155,2019-09-13,2019-09-13 09:32:55,0.62,0.8051,134,0.61,0.7922,82,0.62,0.8051,747,0.615,0.7987,810,0
IWM190920P155,2019-09-13,2019-09-13 09:32:56,0.62,0.8051,134,0.61,0.7922,19,0.62,0.8051,747,0.615,0.7987,810,0
IWM190920P155,2019-09-13,2019-09-13 09:32:56,0.62,0.8051,200,0.61,0.7922,19,0.62,0.8051,747,0.615,0.7987,810,0
IWM190920P155,2019-09-13,2019-09-13 09:32:57,0.62,0.8051,375,0.61,0.7922,94,0.62,0.8051,747,0.615,0.7987,810,0
IWM190920P155,2019-09-13,2019-09-13 09:32:57,0.62,0.8051,325,0.61,0.7922,71,0.62,0.8051,747,0.615,0.7987,810,0
IWM190920P155,2019-09-13,2019-09-13 09:32:58,0.62,0.8051,371,0.61,0.7922,62,0.62,0.8051,747,0.615,0.7987,810,0
IWM190920P155,2019-09-13,2019-09-13 09:32:58,0.62,0.8051,394,0.61,0.7922,62,0.62,0.8051,747,0.615,0.7987,810,0
IWM190920P155,2019-09-13,2019-09-13 09:32:59,0.62,0.8051,445,0.61,0.7922,62,0.62,0.8051,747,0.615,0.7987,810,0
IWM190920P155,2019-09-13,2019-09-13 09:33:00,0.62,0.8051,220,0.61,0.7922,130,0.62,0.8051,747,0.615,0.7987,810,0
IWM190920P155,2019-09-13,2019-09-13 09:33:00,0.62,0.8051,310,0.61,0.7922,124,0.62,0.8051,747,0.615,0.7987,810,0
IWM190920P155,2019-09-13,2019-09-13 09:33:01,0.62,0.8051,272,0.61,0.7922,34,0.62,0.8051,747,0.615,0.7987,810,0
IWM190920P155,2019-09-13,2019-09-13 09:33:01,0.62,0.8051,272,0.61,0.7922,53,0.62,0.8051,747,0.615,0.7987,810,0
IWM190920P155,2019-09-13,2019-09-13 09:33:02,0.62,0.8051,392,0.6,0.7792,315,0.62,0.8051,747,0.61,0.7922,810,0
IWM190920P155,2019-09-13,2019-09-13 09:33:02,0.62,0.8051,267,0.61,0.7922,34,0.62,0.8051,747,0.615,0.7987,810,0
IWM190920P155,2019-09-13,2019-09-13 09:33:03,0.61,0.7922,127,0.6,0.7792,150,0.62,0.8051,747,0.605,0.7857,810,0
IWM190920P155,2019-09-13,2019-09-13 09:33:03,0.62,0.8051,470,0.6,0.7792,315,0.62,0.8051,747,0.61,0.7922,810,0
IWM190920P155,2019-09-13,2019-09-13 09:33:04,0.61,0.7922,295,0.6,0.7792,150,0.62,0.8051,747,0.605,0.7857,810,0
IWM190920P155,2019-09-13,2019-09-13 09:33:04,0.61,0.7922,295,0.6,0.7792,57,0.62,0.8051,747,0.605,0.7857,810,0
IWM190920P155,2019-09-13,2019-09-13 09:33:05,0.61,0.7922,211,0.6,0.7792,28,0.62,0.8051,747,0.605,0.7857,810,0
IWM190920P155,2019-09-13,2019-09-13 09:33:05,0.6,0.7792,13,0.59,0.7662,398,0.62,0.8051,747,0.595,0.7727,810,0
IWM190920P155,2019-09-13,2019-09-13 09:33:06,0.6,0.7792,13,0.59,0.7662,398,0.62,0.8051,747,0.595,0.7727,810,0
IWM190920P155,2019-09-13,2019-09-13 09:33:06,0.61,0.7922,442,0.6,0.7792,16,0.62,0.8051,747,0.605,0.7857,810,0
IWM190920P155,2019-09-13,2019-09-13 09:33:07,0.61,0.7922,230,0.6,0.7792,36,0.62,0.8051,747,0.605,0.7857,810,0
IWM190920P155,2019-09-13,2019-09-13 09:33:07,0.6,0.7792,13,0.6,0.7792,16,0.62,0.8051,747,0.6,0.7792,810,0
IWM190920P155,2019-09-13,2019-09-13 09:33:08,0.61,0.7922,275,0.6,0.7792,28,0.62,0.8051,747,0.605,0.7857,810,0
IWM190920P155,2019-09-13,2019-09-13 09:33:08,0.61,0.7922,230,0.6,0.7792,28,0.62,0.8051,747,0.605,0.7857,810,0
IWM190920P155,2019-09-13,2019-09-13 09:33:09,0.61,0.7922,279,0.6,0.7792,142,0.62,0.8051,747,0.605,0.7857,810,0
IWM190920P155,2019-09-13,2019-09-13 09:33:09,0.61,0.7922,363,0.6,0.7792,37,0.62,0.8051,747,0.605,0.7857,810,0
IWM190920P155,2019-09-13,2019-09-13 09:33:10,0.61,0.7922,279,0.6,0.7792,123,0.6,0.7792,2,0.605,0.7857,812,2
IWM190920P155,2019-09-13,2019-09-13 09:33:10,0.61,0.7922,259,0.6,0.7792,316,0.6,0.7792,2,0.605,0.7857,812,0
IWM190920P155,2019-09-13,2019-09-13 09:33:11,0.62,0.8051,393,0.6,0.7792,391,0.6,0.7792,2,0.61,0.7922,812,0
IWM190920P155,2019-09-13,2019-09-13 09:33:11,0.61,0.7922,269,0.6,0.7792,316,0.6,0.7792,2,0.605,0.7857,812,0
IWM190920P155,2019-09-13,2019-09-13 09:33:12,0.62,0.8051,497,0.6,0.7792,391,0.6,0.7792,2,0.61,0.7922,812,0
IWM190920P155,2019-09-13,2019-09-13 09:33:12,0.62,0.8051,589,0.6,0.7792,152,0.6,0.7792,2,0.61,0.7922,812,0
IWM190920P155,2019-09-13,2019-09-13 09:33:13,0.62,0.8051,827,0.6,0.7792,100,0.6,0.7792,2,0.61,0.7922,812,0
IWM190920P155,2019-09-13,2019-09-13 09:33:13,0.62,0.8051,895,0.6,0.7792,181,0.6,0.7792,2,0.61,0.7922,812,0
IWM190920P155,2019-09-13,2019-09-13 09:33:14,0.62,0.8051,851,0.6,0.7792,100,0.6,0.7792,2,0.61,0.7922,812,0
IWM190920P155,2019-09-13,2019-09-13 09:33:14,0.62,0.8051,649,0.6,0.7792,100,0.6,0.7792,2,0.61,0.7922,812,0
IWM190920P155,2019-09-13,2019-09-13 09:33:15,0.61,0.7922,308,0.6,0.7792,51,0.6,0.7792,2,0.605,0.7857,812,0
IWM190920P155,2019-09-13,2019-09-13 09:33:15,0.62,0.8051,851,0.6,0.7792,55,0.6,0.7792,2,0.61,0.7922,812,0
IWM190920P155,2019-09-13,2019-09-13 09:33:16,0.61,0.7922,318,0.6,0.7792,39,0.6,0.7792,2,0.605,0.7857,812,0
IWM190920P155,2019-09-13,2019-09-13 09:33:16,0.61,0.7922,159,0.6,0.7792,94,0.6,0.7792,2,0.605,0.7857,812,0
IWM190920P155,2019-09-13,2019-09-13 09:33:17,0.61,0.7922,242,0.6,0.7792,100,0.6,0.7792,2,0.605,0.7857,812,0
IWM190920P155,2019-09-13,2019-09-13 09:33:17,0.61,0.7922,302,0.6,0.7792,93,0.6,0.7792,2,0.605,0.7857,812,0
IWM190920P155,2019-09-13,2019-09-13 09:33:18,0.61,0.7922,224,0.6,0.7792,174,0.6,0.7792,2,0.605,0.7857,812,0
IWM190920P155,2019-09-13,2019-09-13 09:33:18,0.61,0.7922,37,0.6,0.7792,58,0.6,0.7792,2,0.605,0.7857,812,0
IWM190920P155,2019-09-13,2019-09-13 09:33:19,0.61,0.7922,224,0.6,0.7792,174,0.6,0.7792,2,0.605,0.7857,812,0
IWM190920P155,2019-09-13,2019-09-13 09:33:20,0.61,0.7922,214,0.6,0.7792,164,0.6,0.7792,2,0.605,0.7857,812,0
IWM190920P155,2019-09-13,2019-09-13 09:33:20,0.61,0.7922,224,0.6,0.7792,164,0.6,0.7792,2,0.605,0.7857,812,0
IWM190920P155,2019-09-13,2019-09-13 09:33:21,0.62,0.8051,349,0.61,0.7922,16,0.6,0.7792,2,0.615,0.7987,812,0
IWM190920P155,2019-09-13,2019-09-13 09:33:21,0.62,0.8051,393,0.61,0.7922,16,0.6,0.7792,2,0.615,0.7987,812,0
IWM190920P155,2019-09-13,2019-09-13 09:33:22,0.62,0.8051,372,0.61,0.7922,36,0.6,0.7792,2,0.615,0.7987,812,0
IWM190920P155,2019-09-13,2019-09-13 09:33:22,0.62,0.8051,359,0.61,0.7922,16,0.6,0.7792,2,0.615,0.7987,812,0
IWM190920P155,2019-09-13,2019-09-13 09:33:23,0.63,0.8181,504,0.61,0.7922,113,0.6,0.7792,2,0.62,0.8051,812,0
IWM190920P155,2019-09-13,2019-09-13 09:33:23,0.63,0.8181,646,0.61,0.7922,100,0.6,0.7792,2,0.62,0.8051,812,0
IWM190920P155,2019-09-13,2019-09-13 09:33:24,0.63,0.8181,653,0.61,0.7922,101,0.6,0.7792,2,0.62,0.8051,812,0
IWM190920P155,2019-09-13,2019-09-13 09:33:24,0.62,0.8051,301,0.61,0.7922,45,0.6,0.7792,2,0.615,0.7987,812,0
IWM190920P155,2019-09-13,2019-09-13 09:33:25,0.62,0.8051,301,0.61,0.7922,118,0.6,0.7792,2,0.615,0.7987,812,0
IWM190920P155,2019-09-13,2019-09-13 09:33:26,0.63,0.8181,265,0.61,0.7922,99,0.6,0.7792,2,0.62,0.8051,812,0
IWM190920P155,2019-09-13,2019-09-13 09:33:26,0.63,0.8181,475,0.61,0.7922,45,0.6,0.7792,2,0.62,0.8051,812,0
IWM190920P155,2019-09-13,2019-09-13 09:33:27,0.63,0.8181,233,0.61,0.7922,125,0.6,0.7792,2,0.62,0.8051,812,0
IWM190920P155,2019-09-13,2019-09-13 09:33:27,0.63,0.8181,447,0.62,0.8051,5,0.6,0.7792,2,0.625,0.8116,812,0
IWM190920P155,2019-09-13,2019-09-13 09:33:28,0.63,0.8181,401,0.62,0.8051,5,0.6,0.7792,2,0.625,0.8116,812,0
IWM190920P155,2019-09-13,2019-09-13 09:33:28,0.63,0.8181,768,0.62,0.8051,5,0.6,0.7792,2,0.625,0.8116,812,0
IWM190920P155,2019-09-13,2019-09-13 09:33:29,0.63,0.8181,401,0.62,0.8051,5,0.6,0.7792,2,0.625,0.8116,812,0
IWM190920P155,2019-09-13,2019-09-13 09:33:29,0.63,0.8181,427,0.62,0.8051,40,0.6,0.7792,2,0.625,0.8116,812,0
IWM190920P155,2019-09-13,2019-09-13 09:33:30,0.63,0.8181,455,0.61,0.7922,149,0.6,0.7792,2,0.62,0.8051,812,0
IWM190920P155,2019-09-13,2019-09-13 09:33:30,0.63,0.8181,455,0.61,0.7922,83,0.6,0.7792,2,0.62,0.8051,812,0
IWM190920P155,2019-09-13,2019-09-13 09:33:31,0.62,0.8051,49,0.61,0.7922,47,0.6,0.7792,2,0.615,0.7987,812,0
IWM190920P155,2019-09-13,2019-09-13 09:33:31,0.62,0.8051,31,0.61,0.7922,47,0.6,0.7792,2,0.615,0.7987,812,0
IWM190920P155,2019-09-13,2019-09-13 09:33:32,0.62,0.8051,144,0.61,0.7922,46,0.6,0.7792,2,0.615,0.7987,812,0
IWM190920P155,2019-09-13,2019-09-13 09:33:32,0.62,0.8051,108,0.61,0.7922,46,0.6,0.7792,2,0.615,0.7987,812,0
IWM190920P155,2019-09-13,2019-09-13 09:33:33,0.62,0.8051,279,0.61,0.7922,46,0.6,0.7792,2,0.615,0.7987,812,0
IWM190920P155,2019-09-13,2019-09-13 09:33:33,0.62,0.8051,381,0.61,0.7922,46,0.6,0.7792,2,0.615,0.7987,812,0
IWM190920P155,2019-09-13,2019-09-13 09:33:34,0.62,0.8051,279,0.61,0.7922,46,0.6,0.7792,2,0.615,0.7987,812,0
IWM190920P155,2019-09-13,2019-09-13 09:33:35,0.62,0.8051,479,0.6,0.7792,112,0.6,0.7792,2,0.61,0.7922,812,0
IWM190920P155,2019-09-13,2019-09-13 09:33:35,0.62,0.8051,279,0.61,0.7922,46,0.6,0.7792,2,0.615,0.7987,812,0
IWM190920P155,2019-09-13,2019-09-13 09:33:36,0.62,0.8051,118,0.6,0.7792,303,0.6,0.7792,2,0.61,0.7922,812,0
IWM190920P155,2019-09-13,2019-09-13 09:33:36,0.62,0.8051,136,0.6,0.7792,303,0.6,0.7792,2,0.61,0.7922,812,0
IWM190920P155,2019-09-13,2019-09-13 09:33:37,0.62,0.8051,221,0.61,0.7922,100,0.6,0.7792,2,0.615,0.7987,812,0
IWM190920P155,2019-09-13,2019-09-13 09:33:37,0.62,0.8051,231,0.61,0.7922,54,0.6,0.7792,2,0.615,0.7987,812,0
IWM190920P155,2019-09-13,2019-09-13 09:33:38,0.62,0.8051,231,0.61,0.7922,54,0.6,0.7792,2,0.615,0.7987,812,0
IWM190920P155,2019-09-13,2019-09-13 09:33:38,0.62,0.8051,255,0.61,0.7922,54,0.6,0.7792,2,0.615,0.7987,812,0
IWM190920P155,2019-09-13,2019-09-13 09:33:39,0.62,0.8051,255,0.61,0.7922,83,0.6,0.7792,2,0.615,0.7987,812,0
IWM190920P155,2019-09-13,2019-09-13 09:33:39,0.62,0.8051,206,0.61,0.7922,83,0.6,0.7792,2,0.615,0.7987,812,0
IWM190920P155,2019-09-13,2019-09-13 09:33:40,0.62,0.8051,227,0.61,0.7922,57,0.6,0.7792,2,0.615,0.7987,812,0
IWM190920P155,2019-09-13,2019-09-13 09:33:40,0.62,0.8051,196,0.61,0.7922,116,0.6,0.7792,2,0.615,0.7987,812,0
IWM190920P155,2019-09-13,2019-09-13 09:33:41,0.62,0.8051,227,0.61,0.7922,56,0.61,0.7922,1,0.615,0.7987,813,0
IWM190920P155,2019-09-13,2019-09-13 09:33:41,0.62,0.8051,227,0.61,0.7922,58,0.61,0.7922,1,0.615,0.7987,813,1
IWM190920P155,2019-09-13,2019-09-13 09:33:42,0.62,0.8051,217,0.61,0.7922,98,0.61,0.7922,1,0.615,0.7987,813,0
IWM190920P155,2019-09-13,2019-09-13 09:33:42,0.62,0.8051,227,0.61,0.7922,56,0.61,0.7922,1,0.615,0.7987,813,0
IWM190920P155,2019-09-13,2019-09-13 09:33:43,0.62,0.8051,237,0.61,0.7922,48,0.61,0.7922,1,0.615,0.7987,813,0
IWM190920P155,2019-09-13,2019-09-13 09:33:43,0.62,0.8051,237,0.61,0.7922,58,0.61,0.7922,1,0.615,0.7987,813,0
IWM190920P155,2019-09-13,2019-09-13 09:33:44,0.62,0.8051,227,0.61,0.7922,48,0.61,0.7922,1,0.615,0.7987,813,0
IWM190920P155,2019-09-13,2019-09-13 09:33:45,0.62,0.8051,110,0.61,0.7922,186,0.61,0.7922,1,0.615,0.7987,813,0
IWM190920P155,2019-09-13,2019-09-13 09:33:45,0.62,0.8051,110,0.61,0.7922,353,0.61,0.7922,1,0.615,0.7987,813,0
IWM190920P155,2019-09-13,2019-09-13 09:33:46,0.62,0.8051,91,0.61,0.7922,68,0.61,0.7922,1,0.615,0.7987,813,0
IWM190920P155,2019-09-13,2019-09-13 09:33:47,0.62,0.8051,91,0.61,0.7922,88,0.61,0.7922,1,0.615,0.7987,813,0
IWM190920P155,2019-09-13,2019-09-13 09:33:48,0.62,0.8051,150,0.61,0.7922,172,0.61,0.7922,1,0.615,0.7987,813,0
IWM190920P155,2019-09-13,2019-09-13 09:33:48,0.62,0.8051,150,0.61,0.7922,188,0.61,0.7922,1,0.615,0.7987,813,0
IWM190920P155,2019-09-13,2019-09-13 09:33:49,0.63,0.8181,267,0.61,0.7922,382,0.61,0.7922,1,0.62,0.8051,813,0
IWM190920P155,2019-09-13,2019-09-13 09:33:50,0.63,0.8181,314,0.61,0.7922,577,0.61,0.7922,1,0.62,0.8051,813,0
IWM190920P155,2019-09-13,2019-09-13 09:33:50,0.63,0.8181,314,0.61,0.7922,352,0.61,0.7922,1,0.62,0.8051,813,0
IWM190920P155,2019-09-13,2019-09-13 09:33:51,0.63,0.8181,156,0.62,0.8051,18,0.61,0.7922,1,0.625,0.8116,813,0
IWM190920P155,2019-09-13,2019-09-13 09:33:51,0.63,0.8181,500,0.61,0.7922,265,0.61,0.7922,1,0.62,0.8051,813,0
IWM190920P155,2019-09-13,2019-09-13 09:33:52,0.64,0.8311,159,0.62,0.8051,110,0.61,0.7922,1,0.63,0.8181,813,0
IWM190920P155,2019-09-13,2019-09-13 09:33:52,0.64,0.8311,159,0.62,0.8051,177,0.61,0.7922,1,0.63,0.8181,813,0
IWM190920P155,2019-09-13,2019-09-13 09:33:53,0.63,0.8181,243,0.62,0.8051,93,0.61,0.7922,1,0.625,0.8116,813,0
IWM190920P155,2019-09-13,2019-09-13 09:33:53,0.63,0.8181,334,0.62,0.8051,121,0.61,0.7922,1,0.625,0.8116,813,0
IWM190920P155,2019-09-13,2019-09-13 09:33:54,0.63,0.8181,261,0.62,0.8051,17,0.61,0.7922,1,0.625,0.8116,813,0
IWM190920P155,2019-09-13,2019-09-13 09:33:54,0.63,0.8181,334,0.62,0.8051,17,0.61,0.7922,1,0.625,0.8116,813,0
IWM190920P155,2019-09-13,2019-09-13 09:33:55,0.63,0.8181,261,0.62,0.8051,28,0.61,0.7922,1,0.625,0.8116,813,0
IWM190920P155,2019-09-13,2019-09-13 09:33:55,0.63,0.8181,313,0.62,0.8051,28,0.61,0.7922,1,0.625,0.8116,813,0
IWM190920P155,2019-09-13,2019-09-13 09:33:56,0.62,0.8051,13,0.62,0.8051,40,0.61,0.7922,1,0.62,0.8051,813,0
IWM190920P155,2019-09-13,2019-09-13 09:33:56,0.63,0.8181,313,0.62,0.8051,22,0.61,0.7922,1,0.625,0.8116,813,0
IWM190920P155,2019-09-13,2019-09-13 09:33:57,0.62,0.8051,14,0.61,0.7922,110,0.61,0.7922,1,0.615,0.7987,813,0
IWM190920P155,2019-09-13,2019-09-13 09:33:57,0.62,0.8051,14,0.61,0.7922,164,0.61,0.7922,1,0.615,0.7987,813,0
IWM190920P155,2019-09-13,2019-09-13 09:33:58,0.62,0.8051,144,0.61,0.7922,110,0.61,0.7922,1,0.615,0.7987,813,0
IWM190920P155,2019-09-13,2019-09-13 09:33:58,0.62,0.8051,205,0.61,0.7922,110,0.61,0.7922,1,0.615,0.7987,813,0
IWM190920P155,2019-09-13,2019-09-13 09:33:59,0.62,0.8051,205,0.61,0.7922,110,0.61,0.7922,1,0.615,0.7987,813,0
IWM190920P155,2019-09-13,2019-09-13 09:33:59,0.62,0.8051,97,0.61,0.7922,132,0.61,0.7922,1,0.615,0.7987,813,0
IWM190920P155,2019-09-13,2019-09-13 09:34:00,0.62,0.8051,135,0.61,0.7922,426,0.61,0.7922,1,0.615,0.7987,813,0
IWM190920P155,2019-09-13,2019-09-13 09:34:00,0.63,0.8181,205,0.62,0.8051,104,0.61,0.7922,1,0.625,0.8116,813,0
IWM190920P155,2019-09-13,2019-09-13 09:34:01,0.64,0.8311,100,0.62,0.8051,168,0.61,0.7922,1,0.63,0.8181,813,0
IWM190920P155,2019-09-13,2019-09-13 09:34:01,0.63,0.8181,269,0.62,0.8051,101,0.61,0.7922,1,0.625,0.8116,813,0
IWM190920P155,2019-09-13,2019-09-13 09:34:02,0.64,0.8311,703,0.62,0.8051,177,0.61,0.7922,1,0.63,0.8181,813,0
IWM190920P155,2019-09-13,2019-09-13 09:34:02,0.64,0.8311,533,0.62,0.8051,173,0.61,0.7922,1,0.63,0.8181,813,0
IWM190920P155,2019-09-13,2019-09-13 09:34:03,0.64,0.8311,91,0.62,0.8051,119,0.61,0.7922,1,0.63,0.8181,813,0
IWM190920P155,2019-09-13,2019-09-13 09:34:03,0.64,0.8311,226,0.62,0.8051,119,0.61,0.7922,1,0.63,0.8181,813,0
IWM190920P155,2019-09-13,2019-09-13 09:34:04,0.64,0.8311,67,0.63,0.8181,166,0.61,0.7922,1,0.635,0.8246,813,0
IWM190920P155,2019-09-13,2019-09-13 09:34:04,0.65,0.8441,288,0.63,0.8181,119,0.61,0.7922,1,0.64,0.8311,813,0
IWM190920P155,2019-09-13,2019-09-13 09:34:05,0.65,0.8441,355,0.64,0.8311,10,0.61,0.7922,1,0.645,0.8376,813,0
IWM190920P155,2019-09-13,2019-09-13 09:34:05,0.65,0.8441,72,0.64,0.8311,122,0.61,0.7922,1,0.645,0.8376,813,0
IWM190920P155,2019-09-13,2019-09-13 09:34:06,0.66,0.8571,552,0.64,0.8311,159,0.61,0.7922,1,0.65,0.8441,813,0
IWM190920P155,2019-09-13,2019-09-13 09:34:07,0.65,0.8441,51,0.64,0.8311,180,0.61,0.7922,1,0.645,0.8376,813,0
IWM190920P155,2019-09-13,2019-09-13 09:34:08,0.66,0.8571,110,0.65,0.8441,13,0.61,0.7922,1,0.655,0.8506,813,0
IWM190920P155,2019-09-13,2019-09-13 09:34:08,0.65,0.8441,51,0.64,0.8311,320,0.61,0.7922,1,0.645,0.8376,813,0
IWM190920P155,2019-09-13,2019-09-13 09:34:09,0.66,0.8571,156,0.65,0.8441,10,0.61,0.7922,1,0.655,0.8506,813,0
IWM190920P155,2019-09-13,2019-09-13 09:34:09,0.66,0.8571,296,0.65,0.8441,27,0.61,0.7922,1,0.655,0.8506,813,0
IWM190920P155,2019-09-13,2019-09-13 09:34:10,0.66,0.8571,567,0.64,0.8311,191,0.61,0.7922,1,0.65,0.8441,813,0
IWM190920P155,2019-09-13,2019-09-13 09:34:10,0.65,0.8441,2,0.64,0.8311,224,0.61,0.7922,1,0.645,0.8376,813,0
IWM190920P155,2019-09-13,2019-09-13 09:34:11,0.66,0.8571,848,0.64,0.8311,121,0.61,0.7922,1,0.65,0.8441,813,0
IWM190920P155,2019-09-13,2019-09-13 09:34:11,0.66,0.8571,350,0.65,0.8441,21,0.61,0.7922,1,0.655,0.8506,813,0
IWM190920P155,2019-09-13,2019-09-13 09:34:12,0.65,0.8441,266,0.64,0.8311,47,0.61,0.7922,1,0.645,0.8376,813,0
IWM190920P155,2019-09-13,2019-09-13 09:34:12,0.66,0.8571,360,0.64,0.8311,79,0.61,0.7922,1,0.65,0.8441,813,0
IWM190920P155,2019-09-13,2019-09-13 09:34:13,0.65,0.8441,373,0.64,0.8311,25,0.61,0.7922,1,0.645,0.8376,813,0
IWM190920P155,2019-09-13,2019-09-13 09:34:13,0.64,0.8311,92,0.63,0.8181,113,0.61,0.7922,1,0.635,0.8246,813,0
IWM190920P155,2019-09-13,2019-09-13 09:34:14,0.64,0.8311,231,0.63,0.8181,83,0.61,0.7922,1,0.635,0.8246,813,0
IWM190920P155,2019-09-13,2019-09-13 09:34:14,0.64,0.8311,79,0.63,0.8181,133,0.61,0.7922,1,0.635,0.8246,813,0
IWM190920P155,2019-09-13,2019-09-13 09:34:15,0.64,0.8311,197,0.63,0.8181,195,0.61,0.7922,1,0.635,0.8246,813,0
IWM190920P155,2019-09-13,2019-09-13 09:34:15,0.64,0.8311,79,0.63,0.8181,195,0.61,0.7922,1,0.635,0.8246,813,0
IWM190920P155,2019-09-13,2019-09-13 09:34:16,0.64,0.8311,238,0.63,0.8181,181,0.61,0.7922,1,0.635,0.8246,813,0
IWM190920P155,2019-09-13,2019-09-13 09:34:16,0.64,0.8311,79,0.63,0.8181,142,0.61,0.7922,1,0.635,0.8246,813,0
IWM190920P155,2019-09-13,2019-09-13 09:34:17,0.64,0.8311,167,0.63,0.8181,193,0.61,0.7922,1,0.635,0.8246,813,0
IWM190920P155,2019-09-13,2019-09-13 09:34:17,0.64,0.8311,149,0.63,0.8181,193,0.61,0.7922,1,0.635,0.8246,813,0
IWM190920P155,2019-09-13,2019-09-13 09:34:18,0.64,0.8311,54,0.63,0.8181,153,0.61,0.7922,1,0.635,0.8246,813,0
IWM190920P155,2019-09-13,2019-09-13 09:34:18,0.64,0.8311,167,0.63,0.8181,193,0.61,0.7922,1,0.635,0.8246,813,0
IWM190920P155,2019-09-13,2019-09-13 09:34:19,0.65,0.8441,156,0.64,0.8311,68,0.61,0.7922,1,0.645,0.8376,813,0
IWM190920P155,2019-09-13,2019-09-13 09:34:19,0.66,0.8571,204,0.64,0.8311,167,0.61,0.7922,1,0.65,0.8441,813,0
IWM190920P155,2019-09-13,2019-09-13 09:34:20,0.66,0.8571,662,0.64,0.8311,440,0.61,0.7922,1,0.65,0.8441,813,0
IWM190920P155,2019-09-13,2019-09-13 09:34:20,0.66,0.8571,703,0.64,0.8311,245,0.61,0.7922,1,0.65,0.8441,813,0
IWM190920P155,2019-09-13,2019-09-13 09:34:21,0.66,0.8571,503,0.64,0.8311,268,0.61,0.7922,1,0.65,0.8441,813,0
IWM190920P155,2019-09-13,2019-09-13 09:34:21,0.66,0.8571,716,0.64,0.8311,268,0.61,0.7922,1,0.65,0.8441,813,0
IWM190920P155,2019-09-13,2019-09-13 09:34:22,0.66,0.8571,615,0.64,0.8311,278,0.61,0.7922,1,0.65,0.8441,813,0
IWM190920P155,2019-09-13,2019-09-13 09:34:22,0.65,0.8441,70,0.64,0.8311,49,0.61,0.7922,1,0.645,0.8376,813,0
IWM190920P155,2019-09-13,2019-09-13 09:34:23,0.65,0.8441,226,0.64,0.8311,191,0.61,0.7922,1,0.645,0.8376,813,0
IWM190920P155,2019-09-13,2019-09-13 09:34:23,0.65,0.8441,41,0.64,0.8311,95,0.61,0.7922,1,0.645,0.8376,813,0
IWM190920P155,2019-09-13,2019-09-13 09:34:24,0.65,0.8441,236,0.64,0.8311,268,0.61,0.7922,1,0.645,0.8376,813,0
IWM190920P155,2019-09-13,2019-09-13 09:34:24,0.65,0.8441,236,0.64,0.8311,426,0.61,0.7922,1,0.645,0.8376,813,0
IWM190920P155,2019-09-13,2019-09-13 09:34:25,0.65,0.8441,48,0.64,0.8311,508,0.61,0.7922,1,0.645,0.8376,813,0
IWM190920P155,2019-09-13,2019-09-13 09:34:26,0.65,0.8441,48,0.64,0.8311,508,0.61,0.7922,1,0.645,0.8376,813,0
IWM190920P155,2019-09-13,2019-09-13 09:34:27,0.65,0.8441,44,0.64,0.8311,272,0.61,0.7922,1,0.645,0.8376,813,0
IWM190920P155,2019-09-13,2019-09-13 09:34:27,0.65,0.8441,263,0.64,0.8311,508,0.61,0.7922,1,0.645,0.8376,813,0
IWM190920P155,2019-09-13,2019-09-13 09:34:28,0.65,0.8441,297,0.64,0.8311,407,0.61,0.7922,1,0.645,0.8376,813,0
IWM190920P155,2019-09-13,2019-09-13 09:34:28,0.65,0.8441,297,0.64,0.8311,437,0.61,0.7922,1,0.645,0.8376,813,0
IWM190920P155,2019-09-13,2019-09-13 09:34:29,0.65,0.8441,297,0.64,0.8311,466,0.61,0.7922,1,0.645,0.8376,813,0
IWM190920P155,2019-09-13,2019-09-13 09:34:30,0.65,0.8441,297,0.64,0.8311,466,0.61,0.7922,1,0.645,0.8376,813,0
IWM190920P155,2019-09-13,2019-09-13 09:34:30,0.66,0.8571,518,0.64,0.8311,466,0.61,0.7922,1,0.65,0.8441,813,0
IWM190920P155,2019-09-13,2019-09-13 09:34:31,0.65,0.8441,54,0.64,0.8311,466,0.61,0.7922,1,0.645,0.8376,813,0
IWM190920P155,2019-09-13,2019-09-13 09:34:31,0.64,0.8311,61,0.63,0.8181,181,0.61,0.7922,1,0.635,0.8246,813,0
IWM190920P155,2019-09-13,2019-09-13 09:34:32,0.64,0.8311,115,0.63,0.8181,51,0.61,0.7922,1,0.635,0.8246,813,0
IWM190920P155,2019-09-13,2019-09-13 09:34:32,0.64,0.8311,329,0.63,0.8181,161,0.61,0.7922,1,0.635,0.8246,813,0
IWM190920P155,2019-09-13,2019-09-13 09:34:33,0.64,0.8311,345,0.63,0.8181,129,0.61,0.7922,1,0.635,0.8246,813,0
IWM190920P155,2019-09-13,2019-09-13 09:34:34,0.64,0.8311,554,0.63,0.8181,58,0.61,0.7922,1,0.635,0.8246,813,0
IWM190920P155,2019-09-13,2019-09-13 09:34:34,0.64,0.8311,345,0.63,0.8181,74,0.61,0.7922,1,0.635,0.8246,813,0
IWM190920P155,2019-09-13,2019-09-13 09:34:35,0.63,0.8181,13,0.62,0.8051,265,0.61,0.7922,1,0.625,0.8116,813,0
IWM190920P155,2019-09-13,2019-09-13 09:34:35,0.64,0.8311,559,0.63,0.8181,17,0.61,0.7922,1,0.635,0.8246,813,0
IWM190920P155,2019-09-13,2019-09-13 09:34:36,0.63,0.8181,237,0.62,0.8051,701,0.61,0.7922,1,0.625,0.8116,813,0
IWM190920P155,2019-09-13,2019-09-13 09:34:37,0.63,0.8181,14,0.62,0.8051,701,0.61,0.7922,1,0.625,0.8116,813,0
IWM190920P155,2019-09-13,2019-09-13 09:34:37,0.63,0.8181,154,0.62,0.8051,701,0.61,0.7922,1,0.625,0.8116,813,0
IWM190920P155,2019-09-13,2019-09-13 09:34:38,0.64,0.8311,520,0.62,0.8051,567,0.61,0.7922,1,0.63,0.8181,813,0
IWM190920P155,2019-09-13,2019-09-13 09:34:39,0.64,0.8311,520,0.62,0.8051,567,0.61,0.7922,1,0.63,0.8181,813,0
IWM190920P155,2019-09-13,2019-09-13 09:34:40,0.64,0.8311,497,0.62,0.8051,567,0.61,0.7922,1,0.63,0.8181,813,0
IWM190920P155,2019-09-13,2019-09-13 09:34:40,0.64,0.8311,498,0.63,0.8181,13,0.61,0.7922,1,0.635,0.8246,813,0
IWM190920P155,2019-09-13,2019-09-13 09:34:41,0.64,0.8311,379,0.63,0.8181,203,0.61,0.7922,1,0.635,0.8246,813,0
IWM190920P155,2019-09-13,2019-09-13 09:34:41,0.64,0.8311,385,0.63,0.8181,110,0.61,0.7922,1,0.635,0.8246,813,0
IWM190920P155,2019-09-13,2019-09-13 09:34:42,0.64,0.8311,451,0.63,0.8181,29,0.61,0.7922,1,0.635,0.8246,813,0
IWM190920P155,2019-09-13,2019-09-13 09:34:43,0.64,0.8311,389,0.63,0.8181,131,0.61,0.7922,1,0.635,0.8246,813,0
IWM190920P155,2019-09-13,2019-09-13 09:34:43,0.64,0.8311,394,0.63,0.8181,40,0.61,0.7922,1,0.635,0.8246,813,0
IWM190920P155,2019-09-13,2019-09-13 09:34:44,0.64,0.8311,524,0.63,0.8181,51,0.61,0.7922,1,0.635,0.8246,813,0
IWM190920P155,2019-09-13,2019-09-13 09:34:44,0.64,0.8311,614,0.62,0.8051,223,0.61,0.7922,1,0.63,0.8181,813,0
IWM190920P155,2019-09-13,2019-09-13 09:34:45,0.64,0.8311,524,0.62,0.8051,472,0.61,0.7922,1,0.63,0.8181,813,0
IWM190920P155,2019-09-13,2019-09-13 09:34:45,0.64,0.8311,582,0.62,0.8051,472,0.61,0.7922,1,0.63,0.8181,813,0
IWM190920P155,2019-09-13,2019-09-13 09:34:46,0.63,0.8181,39,0.62,0.8051,132,0.61,0.7922,1,0.625,0.8116,813,0
IWM190920P155,2019-09-13,2019-09-13 09:34:47,0.63,0.8181,39,0.62,0.8051,132,0.61,0.7922,1,0.625,0.8116,813,0
IWM190920P155,2019-09-13,2019-09-13 09:34:48,0.63,0.8181,240,0.62,0.8051,187,0.61,0.7922,1,0.625,0.8116,813,0
IWM190920P155,2019-09-13,2019-09-13 09:34:48,0.63,0.8181,39,0.62,0.8051,132,0.61,0.7922,1,0.625,0.8116,813,0
IWM190920P155,2019-09-13,2019-09-13 09:34:49,0.63,0.8181,255,0.62,0.8051,49,0.61,0.7922,1,0.625,0.8116,813,0
IWM190920P155,2019-09-13,2019-09-13 09:34:49,0.63,0.8181,39,0.62,0.8051,210,0.61,0.7922,1,0.625,0.8116,813,0
IWM190920P155,2019-09-13,2019-09-13 09:34:50,0.63,0.8181,77,0.62,0.8051,37,0.61,0.7922,1,0.625,0.8116,813,0
IWM190920P155,2019-09-13,2019-09-13 09:34:50,0.63,0.8181,104,0.62,0.8051,20,0.61,0.7922,1,0.625,0.8116,813,0
IWM190920P155,2019-09-13,2019-09-13 09:34:51,0.63,0.8181,249,0.62,0.8051,48,0.61,0.7922,1,0.625,0.8116,813,0
IWM190920P155,2019-09-13,2019-09-13 09:34:51,0.63,0.8181,174,0.62,0.8051,48,0.61,0.7922,1,0.625,0.8116,813,0
IWM190920P155,2019-09-13,2019-09-13 09:34:52,0.62,0.8051,414,0.61,0.7922,86,0.61,0.7922,1,0.615,0.7987,813,0
IWM190920P155,2019-09-13,2019-09-13 09:34:52,0.63,0.8181,407,0.61,0.7922,78,0.61,0.7922,1,0.62,0.8051,813,0
IWM190920P155,2019-09-13,2019-09-13 09:34:53,0.62,0.8051,113,0.6,0.7792,238,0.61,0.7922,1,0.61,0.7922,813,0
IWM190920P155,2019-09-13,2019-09-13 09:34:53,0.62,0.8051,468,0.6,0.7792,271,0.61,0.7922,1,0.61,0.7922,813,0
IWM190920P155,2019-09-13,2019-09-13 09:34:54,0.62,0.8051,771,0.6,0.7792,428,0.61,0.7922,1,0.61,0.7922,813,0
IWM190920P155,2019-09-13,2019-09-13 09:34:54,0.62,0.8051,639,0.6,0.7792,493,0.61,0.7922,1,0.61,0.7922,813,0
IWM190920P155,2019-09-13,2019-09-13 09:34:55,0.62,0.8051,752,0.6,0.7792,493,0.61,0.7922,1,0.61,0.7922,813,0
IWM190920P155,2019-09-13,2019-09-13 09:34:56,0.62,0.8051,752,0.6,0.7792,493,0.61,0.7922,1,0.61,0.7922,813,0
IWM190920P155,2019-09-13,2019-09-13 09:34:57,0.62,0.8051,519,0.61,0.7922,108,0.61,0.7922,1,0.615,0.7987,813,0
IWM190920P155,2019-09-13,2019-09-13 09:34:57,0.62,0.8051,705,0.6,0.7792,684,0.61,0.7922,1,0.61,0.7922,813,0
IWM190920P155,2019-09-13,2019-09-13 09:34:58,0.62,0.8051,411,0.61,0.7922,41,0.61,0.7922,1,0.615,0.7987,813,0
IWM190920P155,2019-09-13,2019-09-13 09:34:58,0.62,0.8051,511,0.61,0.7922,41,0.61,0.7922,1,0.615,0.7987,813,0
IWM190920P155,2019-09-13,2019-09-13 09:34:59,0.62,0.8051,660,0.61,0.7922,13,0.61,0.7922,1,0.615,0.7987,813,0
IWM190920P155,2019-09-13,2019-09-13 09:34:59,0.62,0.8051,561,0.6,0.7792,92,0.61,0.7922,1,0.61,0.7922,813,0
IWM190920P155,2019-09-13,2019-09-13 09:35:00,0.62,0.8051,884,0.6,0.7792,196,0.61,0.7922,1,0.61,0.7922,813,0
IWM190920P155,2019-09-13,2019-09-13 09:35:00,0.61,0.7922,13,0.59,0.7662,58,0.61,0.7922,1,0.6,0.7792,813,0
IWM190920P155,2019-09-13,2019-09-13 09:35:01,0.61,0.7922,643,0.59,0.7662,35,0.61,0.7922,1,0.6,0.7792,813,0
IWM190920P155,2019-09-13,2019-09-13 09:35:01,0.61,0.7922,682,0.59,0.7662,35,0.61,0.7922,1,0.6,0.7792,813,0
IWM190920P155,2019-09-13,2019-09-13 09:35:02,0.6,0.7792,210,0.59,0.7662,35,0.61,0.7922,1,0.595,0.7727,813,0
IWM190920P155,2019-09-13,2019-09-13 09:35:02,0.6,0.7792,100,0.59,0.7662,35,0.61,0.7922,1,0.595,0.7727,813,0
IWM190920P155,2019-09-13,2019-09-13 09:35:03,0.6,0.7792,280,0.59,0.7662,35,0.61,0.7922,1,0.595,0.7727,813,0
IWM190920P155,2019-09-13,2019-09-13 09:35:04,0.6,0.7792,374,0.58,0.7532,112,0.61,0.7922,1,0.59,0.7662,813,0
IWM190920P155,2019-09-13,2019-09-13 09:35:04,0.6,0.7792,280,0.59,0.7662,35,0.61,0.7922,1,0.595,0.7727,813,0
IWM190920P155,2019-09-13,2019-09-13 09:35:05,0.6,0.7792,451,0.59,0.7662,15,0.61,0.7922,1,0.595,0.7727,813,0
IWM190920P155,2019-09-13,2019-09-13 09:35:05,0.6,0.7792,422,0.59,0.7662,2,0.61,0.7922,1,0.595,0.7727,813,0
IWM190920P155,2019-09-13,2019-09-13 09:35:06,0.6,0.7792,451,0.59,0.7662,2,0.61,0.7922,1,0.595,0.7727,813,0
IWM190920P155,2019-09-13,2019-09-13 09:35:06,0.6,0.7792,500,0.59,0.7662,2,0.61,0.7922,1,0.595,0.7727,813,0
IWM190920P155,2019-09-13,2019-09-13 09:35:07,0.59,0.7662,92,0.58,0.7532,196,0.61,0.7922,1,0.585,0.7597,813,0
IWM190920P155,2019-09-13,2019-09-13 09:35:07,0.59,0.7662,107,0.58,0.7532,196,0.61,0.7922,1,0.585,0.7597,813,0
IWM190920P155,2019-09-13,2019-09-13 09:35:08,0.6,0.7792,85,0.59,0.7662,187,0.61,0.7922,1,0.595,0.7727,813,0
IWM190920P155,2019-09-13,2019-09-13 09:35:08,0.6,0.7792,144,0.58,0.7532,196,0.61,0.7922,1,0.59,0.7662,813,0
IWM190920P155,2019-09-13,2019-09-13 09:35:09,0.6,0.7792,337,0.59,0.7662,26,0.61,0.7922,1,0.595,0.7727,813,0
IWM190920P155,2019-09-13,2019-09-13 09:35:09,0.6,0.7792,196,0.59,0.7662,26,0.61,0.7922,1,0.595,0.7727,813,0
IWM190920P155,2019-09-13,2019-09-13 09:35:10,0.6,0.7792,337,0.59,0.7662,26,0.61,0.7922,1,0.595,0.7727,813,0
IWM190920P155,2019-09-13,2019-09-13 09:35:10,0.6,0.7792,583,0.58,0.7532,81,0.61,0.7922,1,0.59,0.7662,813,0
IWM190920P155,2019-09-13,2019-09-13 09:35:11,0.59,0.7662,455,0.58,0.7532,39,0.61,0.7922,1,0.585,0.7597,813,0
IWM190920P155,2019-09-13,2019-09-13 09:35:11,0.59,0.7662,1,0.58,0.7532,59,0.61,0.7922,1,0.585,0.7597,813,0
IWM190920P155,2019-09-13,2019-09-13 09:35:12,0.59,0.7662,748,0.58,0.7532,59,0.61,0.7922,1,0.585,0.7597,813,0
IWM190920P155,2019-09-13,2019-09-13 09:35:12,0.59,0.7662,394,0.58,0.7532,39,0.61,0.7922,1,0.585,0.7597,813,0
IWM190920P155,2019-09-13,2019-09-13 09:35:13,0.58,0.7532,140,0.57,0.7402,38,0.61,0.7922,1,0.575,0.7467,813,0
IWM190920P155,2019-09-13,2019-09-13 09:35:13,0.58,0.7532,78,0.58,0.7532,59,0.61,0.7922,1,0.58,0.7532,813,0
IWM190920P155,2019-09-13,2019-09-13 09:35:14,0.58,0.7532,286,0.57,0.7402,38,0.61,0.7922,1,0.575,0.7467,813,0
IWM190920P155,2019-09-13,2019-09-13 09:35:14,0.58,0.7532,343,0.57,0.7402,17,0.61,0.7922,1,0.575,0.7467,813,0
IWM190920P155,2019-09-13,2019-09-13 09:35:15,0.58,0.7532,493,0.57,0.7402,5,0.61,0.7922,1,0.575,0.7467,813,0
IWM190920P155,2019-09-13,2019-09-13 09:35:16,0.58,0.7532,497,0.57,0.7402,5,0.61,0.7922,1,0.575,0.7467,813,0
IWM190920P155,2019-09-13,2019-09-13 09:35:17,0.58,0.7532,534,0.57,0.7402,5,0.61,0.7922,1,0.575,0.7467,813,0
IWM190920P155,2019-09-13,2019-09-13 09:35:17,0.58,0.7532,534,0.56,0.7272,102,0.61,0.7922,1,0.57,0.7402,813,0
IWM190920P155,2019-09-13,2019-09-13 09:35:18,0.58,0.7532,856,0.56,0.7272,168,0.61,0.7922,1,0.57,0.7402,813,0
IWM190920P155,2019-09-13,2019-09-13 09:35:18,0.58,0.7532,765,0.57,0.7402,5,0.61,0.7922,1,0.575,0.7467,813,0
IWM190920P155,2019-09-13,2019-09-13 09:35:19,0.57,0.7402,213,0.56,0.7272,296,0.61,0.7922,1,0.565,0.7337,813,0
IWM190920P155,2019-09-13,2019-09-13 09:35:19,0.57,0.7402,231,0.56,0.7272,64,0.61,0.7922,1,0.565,0.7337,813,0
IWM190920P155,2019-09-13,2019-09-13 09:35:20,0.57,0.7402,224,0.56,0.7272,296,0.61,0.7922,1,0.565,0.7337,813,0
IWM190920P155,2019-09-13,2019-09-13 09:35:20,0.57,0.7402,157,0.56,0.7272,296,0.61,0.7922,1,0.565,0.7337,813,0
IWM190920P155,2019-09-13,2019-09-13 09:35:21,0.57,0.7402,275,0.56,0.7272,53,0.61,0.7922,1,0.565,0.7337,813,0
IWM190920P155,2019-09-13,2019-09-13 09:35:21,0.57,0.7402,262,0.56,0.7272,46,0.61,0.7922,1,0.565,0.7337,813,0
IWM190920P155,2019-09-13,2019-09-13 09:35:22,0.57,0.7402,500,0.56,0.7272,46,0.61,0.7922,1,0.565,0.7337,813,0
IWM190920P155,2019-09-13,2019-09-13 09:35:23,0.57,0.7402,470,0.55,0.7142,170,0.61,0.7922,1,0.56,0.7272,813,0
IWM190920P155,2019-09-13,2019-09-13 09:35:23,0.57,0.7402,500,0.56,0.7272,46,0.61,0.7922,1,0.565,0.7337,813,0
IWM190920P155,2019-09-13,2019-09-13 09:35:24,0.57,0.7402,956,0.55,0.7142,239,0.61,0.7922,1,0.56,0.7272,813,0
IWM190920P155,2019-09-13,2019-09-13 09:35:25,0.57,0.7402,679,0.56,0.7272,9,0.61,0.7922,1,0.565,0.7337,813,0
IWM190920P155,2019-09-13,2019-09-13 09:35:26,0.57,0.7402,39,0.56,0.7272,258,0.61,0.7922,1,0.565,0.7337,813,0
IWM190920P155,2019-09-13,2019-09-13 09:35:26,0.57,0.7402,560,0.55,0.7142,55,0.61,0.7922,1,0.56,0.7272,813,0
IWM190920P155,2019-09-13,2019-09-13 09:35:27,0.57,0.7402,51,0.55,0.7142,71,0.61,0.7922,1,0.56,0.7272,813,0
IWM190920P155,2019-09-13,2019-09-13 09:35:27,0.57,0.7402,375,0.55,0.7142,71,0.61,0.7922,1,0.56,0.7272,813,0
IWM190920P155,2019-09-13,2019-09-13 09:35:28,0.58,0.7532,222,0.56,0.7272,263,0.61,0.7922,1,0.57,0.7402,813,0
IWM190920P155,2019-09-13,2019-09-13 09:35:28,0.57,0.7402,206,0.56,0.7272,257,0.61,0.7922,1,0.565,0.7337,813,0
IWM190920P155,2019-09-13,2019-09-13 09:35:29,0.57,0.7402,131,0.56,0.7272,263,0.61,0.7922,1,0.565,0.7337,813,0
IWM190920P155,2019-09-13,2019-09-13 09:35:29,0.58,0.7532,635,0.56,0.7272,263,0.61,0.7922,1,0.57,0.7402,813,0
IWM190920P155,2019-09-13,2019-09-13 09:35:30,0.57,0.7402,13,0.56,0.7272,263,0.61,0.7922,1,0.565,0.7337,813,0
IWM190920P155,2019-09-13,2019-09-13 09:35:30,0.57,0.7402,166,0.55,0.7142,38,0.61,0.7922,1,0.56,0.7272,813,0
IWM190920P155,2019-09-13,2019-09-13 09:35:31,0.57,0.7402,318,0.56,0.7272,16,0.61,0.7922,1,0.565,0.7337,813,0
IWM190920P155,2019-09-13,2019-09-13 09:35:31,0.57,0.7402,392,0.55,0.7142,49,0.61,0.7922,1,0.56,0.7272,813,0
IWM190920P155,2019-09-13,2019-09-13 09:35:32,0.57,0.7402,75,0.56,0.7272,24,0.61,0.7922,1,0.565,0.7337,813,0
IWM190920P155,2019-09-13,2019-09-13 09:35:32,0.57,0.7402,289,0.55,0.7142,59,0.61,0.7922,1,0.56,0.7272,813,0
IWM190920P155,2019-09-13,2019-09-13 09:35:33,0.58,0.7532,577,0.56,0.7272,35,0.61,0.7922,1,0.57,0.7402,813,0
IWM190920P155,2019-09-13,2019-09-13 09:35:33,0.57,0.7402,40,0.56,0.7272,35,0.61,0.7922,1,0.565,0.7337,813,0
IWM190920P155,2019-09-13,2019-09-13 09:35:34,0.57,0.7402,197,0.55,0.7142,38,0.61,0.7922,1,0.56,0.7272,813,0
IWM190920P155,2019-09-13,2019-09-13 09:35:35,0.56,0.7272,13,0.55,0.7142,39,0.61,0.7922,1,0.555,0.7207,813,0
IWM190920P155,2019-09-13,2019-09-13 09:35:35,0.56,0.7272,62,0.55,0.7142,39,0.61,0.7922,1,0.555,0.7207,813,0
IWM190920P155,2019-09-13,2019-09-13 09:35:36,0.56,0.7272,76,0.55,0.7142,39,0.61,0.7922,1,0.555,0.7207,813,0
IWM190920P155,2019-09-13,2019-09-13 09:35:36,0.56,0.7272,76,0.55,0.7142,52,0.61,0.7922,1,0.555,0.7207,813,0
IWM190920P155,2019-09-13,2019-09-13 09:35:37,0.56,0.7272,30,0.55,0.7142,39,0.61,0.7922,1,0.555,0.7207,813,0
IWM190920P155,2019-09-13,2019-09-13 09:35:37,0.56,0.7272,74,0.55,0.7142,52,0.61,0.7922,1,0.555,0.7207,813,0
IWM190920P155,2019-09-13,2019-09-13 09:35:38,0.56,0.7272,45,0.55,0.7142,39,0.61,0.7922,1,0.555,0.7207,813,0
IWM190920P155,2019-09-13,2019-09-13 09:35:39,0.55,0.7142,150,0.54,0.7012,58,0.61,0.7922,1,0.545,0.7077,813,0
IWM190920P155,2019-09-13,2019-09-13 09:35:39,0.56,0.7272,247,0.55,0.7142,39,0.61,0.7922,1,0.555,0.7207,813,0
IWM190920P155,2019-09-13,2019-09-13 09:35:40,0.55,0.7142,234,0.54,0.7012,64,0.61,0.7922,1,0.545,0.7077,813,0
IWM190920P155,2019-09-13,2019-09-13 09:35:40,0.55,0.7142,150,0.54,0.7012,56,0.61,0.7922,1,0.545,0.7077,813,0
IWM190920P155,2019-09-13,2019-09-13 09:35:41,0.55,0.7142,193,0.54,0.7012,267,0.61,0.7922,1,0.545,0.7077,813,0
IWM190920P155,2019-09-13,2019-09-13 09:35:41,0.55,0.7142,279,0.54,0.7012,152,0.61,0.7922,1,0.545,0.7077,813,0
IWM190920P155,2019-09-13,2019-09-13 09:35:42,0.55,0.7142,168,0.54,0.7012,267,0.61,0.7922,1,0.545,0.7077,813,0
IWM190920P155,2019-09-13,2019-09-13 09:35:42,0.55,0.7142,202,0.54,0.7012,267,0.61,0.7922,1,0.545,0.7077,813,0
IWM190920P155,2019-09-13,2019-09-13 09:35:43,0.56,0.7272,178,0.54,0.7012,267,0.61,0.7922,1,0.55,0.7142,813,0
IWM190920P155,2019-09-13,2019-09-13 09:35:43,0.56,0.7272,384,0.55,0.7142,16,0.55,0.7142,33,0.555,0.7207,846,33
IWM190920P155,2019-09-13,2019-09-13 09:35:44,0.56,0.7272,153,0.55,0.7142,251,0.54,0.7012,1,0.555,0.7207,847,0
IWM190920P155,2019-09-13,2019-09-13 09:35:44,0.56,0.7272,384,0.55,0.7142,251,0.54,0.7012,1,0.555,0.7207,847,1
IWM190920P155,2019-09-13,2019-09-13 09:35:45,0.56,0.7272,13,0.55,0.7142,251,0.54,0.7012,1,0.555,0.7207,847,0
IWM190920P155,2019-09-13,2019-09-13 09:35:46,0.56,0.7272,224,0.55,0.7142,251,0.54,0.7012,1,0.555,0.7207,847,0
IWM190920P155,2019-09-13,2019-09-13 09:35:46,0.56,0.7272,225,0.55,0.7142,22,0.54,0.7012,1,0.555,0.7207,847,0
IWM190920P155,2019-09-13,2019-09-13 09:35:47,0.56,0.7272,124,0.55,0.7142,43,0.54,0.7012,1,0.555,0.7207,847,0
IWM190920P155,2019-09-13,2019-09-13 09:35:47,0.56,0.7272,266,0.55,0.7142,43,0.54,0.7012,1,0.555,0.7207,847,0
IWM190920P155,2019-09-13,2019-09-13 09:35:48,0.56,0.7272,128,0.55,0.7142,37,0.54,0.7012,1,0.555,0.7207,847,0
IWM190920P155,2019-09-13,2019-09-13 09:35:48,0.56,0.7272,147,0.54,0.7012,150,0.54,0.7012,1,0.55,0.7142,847,0
IWM190920P155,2019-09-13,2019-09-13 09:35:49,0.56,0.7272,150,0.55,0.7142,55,0.54,0.7012,1,0.555,0.7207,847,0
IWM190920P155,2019-09-13,2019-09-13 09:35:49,0.56,0.7272,325,0.54,0.7012,274,0.54,0.7012,1,0.55,0.7142,847,0
IWM190920P155,2019-09-13,2019-09-13 09:35:50,0.56,0.7272,150,0.55,0.7142,85,0.54,0.7012,1,0.555,0.7207,847,0
IWM190920P155,2019-09-13,2019-09-13 09:35:50,0.56,0.7272,150,0.55,0.7142,55,0.54,0.7012,1,0.555,0.7207,847,0
IWM190920P155,2019-09-13,2019-09-13 09:35:51,0.56,0.7272,151,0.55,0.7142,84,0.54,0.7012,1,0.555,0.7207,847,0
IWM190920P155,2019-09-13,2019-09-13 09:35:52,0.56,0.7272,356,0.55,0.7142,38,0.54,0.7012,1,0.555,0.7207,847,0
IWM190920P155,2019-09-13,2019-09-13 09:35:52,0.56,0.7272,360,0.55,0.7142,38,0.54,0.7012,1,0.555,0.7207,847,0
IWM190920P155,2019-09-13,2019-09-13 09:35:53,0.56,0.7272,288,0.55,0.7142,20,0.54,0.7012,1,0.555,0.7207,847,0
IWM190920P155,2019-09-13,2019-09-13 09:35:54,0.56,0.7272,150,0.55,0.7142,32,0.54,0.7012,1,0.555,0.7207,847,0
IWM190920P155,2019-09-13,2019-09-13 09:35:54,0.56,0.7272,125,0.55,0.7142,20,0.54,0.7012,1,0.555,0.7207,847,0
IWM190920P155,2019-09-13,2019-09-13 09:35:55,0.56,0.7272,358,0.55,0.7142,19,0.54,0.7012,1,0.555,0.7207,847,0
IWM190920P155,2019-09-13,2019-09-13 09:35:55,0.56,0.7272,446,0.54,0.7012,456,0.54,0.7012,1,0.55,0.7142,847,0
IWM190920P155,2019-09-13,2019-09-13 09:35:56,0.56,0.7272,448,0.54,0.7012,276,0.54,0.7012,1,0.55,0.7142,847,0
IWM190920P155,2019-09-13,2019-09-13 09:35:56,0.56,0.7272,412,0.54,0.7012,340,0.54,0.7012,1,0.55,0.7142,847,0
IWM190920P155,2019-09-13,2019-09-13 09:35:57,0.56,0.7272,412,0.54,0.7012,518,0.54,0.7012,1,0.55,0.7142,847,0
IWM190920P155,2019-09-13,2019-09-13 09:35:58,0.56,0.7272,239,0.55,0.7142,138,0.54,0.7012,1,0.555,0.7207,847,0
IWM190920P155,2019-09-13,2019-09-13 09:35:58,0.56,0.7272,255,0.55,0.7142,56,0.54,0.7012,1,0.555,0.7207,847,0
IWM190920P155,2019-09-13,2019-09-13 09:35:59,0.56,0.7272,378,0.55,0.7142,56,0.54,0.7012,1,0.555,0.7207,847,0
IWM190920P155,2019-09-13,2019-09-13 09:35:59,0.56,0.7272,378,0.55,0.7142,159,0.54,0.7012,1,0.555,0.7207,847,0
IWM190920P155,2019-09-13,2019-09-13 09:36:00,0.56,0.7272,378,0.55,0.7142,194,0.54,0.7012,1,0.555,0.7207,847,0
IWM190920P155,2019-09-13,2019-09-13 09:36:00,0.56,0.7272,378,0.55,0.7142,224,0.54,0.7012,1,0.555,0.7207,847,0
IWM190920P155,2019-09-13,2019-09-13 09:36:01,0.56,0.7272,375,0.55,0.7142,23,0.54,0.7012,1,0.555,0.7207,847,0
IWM190920P155,2019-09-13,2019-09-13 09:36:01,0.56,0.7272,381,0.55,0.7142,10,0.54,0.7012,1,0.555,0.7207,847,0
IWM190920P155,2019-09-13,2019-09-13 09:36:02,0.56,0.7272,391,0.55,0.7142,38,0.54,0.7012,1,0.555,0.7207,847,0
IWM190920P155,2019-09-13,2019-09-13 09:36:02,0.56,0.7272,381,0.55,0.7142,10,0.54,0.7012,1,0.555,0.7207,847,0
IWM190920P155,2019-09-13,2019-09-13 09:36:03,0.56,0.7272,391,0.55,0.7142,38,0.54,0.7012,1,0.555,0.7207,847,0
IWM190920P155,2019-09-13,2019-09-13 09:36:03,0.56,0.7272,403,0.55,0.7142,60,0.54,0.7012,1,0.555,0.7207,847,0
IWM190920P155,2019-09-13,2019-09-13 09:36:04,0.56,0.7272,419,0.55,0.7142,21,0.54,0.7012,1,0.555,0.7207,847,0
IWM190920P155,2019-09-13,2019-09-13 09:36:04,0.56,0.7272,287,0.55,0.7142,66,0.54,0.7012,1,0.555,0.7207,847,0
IWM190920P155,2019-09-13,2019-09-13 09:36:05,0.56,0.7272,183,0.55,0.7142,146,0.54,0.7012,1,0.555,0.7207,847,0
IWM190920P155,2019-09-13,2019-09-13 09:36:05,0.56,0.7272,363,0.55,0.7142,67,0.54,0.7012,1,0.555,0.7207,847,0
IWM190920P155,2019-09-13,2019-09-13 09:36:06,0.56,0.7272,155,0.55,0.7142,443,0.54,0.7012,1,0.555,0.7207,847,0
IWM190920P155,2019-09-13,2019-09-13 09:36:06,0.56,0.7272,155,0.55,0.7142,597,0.54,0.7012,1,0.555,0.7207,847,0
IWM190920P155,2019-09-13,2019-09-13 09:36:07,0.56,0.7272,155,0.55,0.7142,597,0.54,0.7012,1,0.555,0.7207,847,0
IWM190920P155,2019-09-13,2019-09-13 09:36:07,0.56,0.7272,157,0.55,0.7142,597,0.54,0.7012,1,0.555,0.7207,847,0
IWM190920P155,2019-09-13,2019-09-13 09:36:08,0.56,0.7272,72,0.55,0.7142,509,0.54,0.7012,1,0.555,0.7207,847,0
IWM190920P155,2019-09-13,2019-09-13 09:36:08,0.56,0.7272,91,0.55,0.7142,24,0.54,0.7012,1,0.555,0.7207,847,0
IWM190920P155,2019-09-13,2019-09-13 09:36:09,0.56,0.7272,167,0.55,0.7142,250,0.54,0.7012,1,0.555,0.7207,847,0
IWM190920P155,2019-09-13,2019-09-13 09:36:09,0.56,0.7272,390,0.55,0.7142,162,0.54,0.7012,1,0.555,0.7207,847,0
IWM190920P155,2019-09-13,2019-09-13 09:36:10,0.56,0.7272,279,0.55,0.7142,13,0.54,0.7012,1,0.555,0.7207,847,0
IWM190920P155,2019-09-13,2019-09-13 09:36:10,0.56,0.7272,412,0.55,0.7142,13,0.54,0.7012,1,0.555,0.7207,847,0
IWM190920P155,2019-09-13,2019-09-13 09:36:11,0.56,0.7272,78,0.55,0.7142,71,0.54,0.7012,1,0.555,0.7207,847,0
IWM190920P155,2019-09-13,2019-09-13 09:36:11,0.56,0.7272,284,0.55,0.7142,30,0.54,0.7012,1,0.555,0.7207,847,0
IWM190920P155,2019-09-13,2019-09-13 09:36:12,0.56,0.7272,272,0.55,0.7142,289,0.54,0.7012,1,0.555,0.7207,847,0
IWM190920P155,2019-09-13,2019-09-13 09:36:12,0.56,0.7272,272,0.55,0.7142,251,0.54,0.7012,1,0.555,0.7207,847,0
IWM190920P155,2019-09-13,2019-09-13 09:36:13,0.56,0.7272,241,0.55,0.7142,503,0.54,0.7012,1,0.555,0.7207,847,0
IWM190920P155,2019-09-13,2019-09-13 09:36:13,0.56,0.7272,241,0.55,0.7142,377,0.54,0.7012,1,0.555,0.7207,847,0
IWM190920P155,2019-09-13,2019-09-13 09:36:14,0.56,0.7272,138,0.55,0.7142,98,0.54,0.7012,1,0.555,0.7207,847,0
IWM190920P155,2019-09-13,2019-09-13 09:36:14,0.56,0.7272,284,0.55,0.7142,98,0.54,0.7012,1,0.555,0.7207,847,0
IWM190920P155,2019-09-13,2019-09-13 09:36:15,0.56,0.7272,336,0.55,0.7142,37,0.54,0.7012,1,0.555,0.7207,847,0
IWM190920P155,2019-09-13,2019-09-13 09:36:16,0.56,0.7272,384,0.55,0.7142,30,0.54,0.7012,1,0.555,0.7207,847,0
IWM190920P155,2019-09-13,2019-09-13 09:36:16,0.56,0.7272,705,0.54,0.7012,266,0.54,0.7012,1,0.55,0.7142,847,0
IWM190920P155,2019-09-13,2019-09-13 09:36:17,0.56,0.7272,628,0.54,0.7012,100,0.54,0.7012,1,0.55,0.7142,847,0
IWM190920P155,2019-09-13,2019-09-13 09:36:17,0.56,0.7272,705,0.54,0.7012,266,0.54,0.7012,1,0.55,0.7142,847,0
IWM190920P155,2019-09-13,2019-09-13 09:36:18,0.56,0.7272,420,0.54,0.7012,60,0.54,0.7012,1,0.55,0.7142,847,0
IWM190920P155,2019-09-13,2019-09-13 09:36:18,0.55,0.7142,241,0.54,0.7012,60,0.54,0.7012,1,0.545,0.7077,847,0
IWM190920P155,2019-09-13,2019-09-13 09:36:19,0.54,0.7012,30,0.53,0.6883,43,0.54,0.7012,1,0.535,0.6948,847,0
IWM190920P155,2019-09-13,2019-09-13 09:36:19,0.54,0.7012,43,0.53,0.6883,43,0.54,0.7012,1,0.535,0.6948,847,0
IWM190920P155,2019-09-13,2019-09-13 09:36:20,0.54,0.7012,43,0.53,0.6883,43,0.54,0.7012,1,0.535,0.6948,847,0
IWM190920P155,2019-09-13,2019-09-13 09:36:21,0.54,0.7012,388,0.52,0.6753,66,0.54,0.7012,1,0.53,0.6883,847,0
IWM190920P155,2019-09-13,2019-09-13 09:36:21,0.54,0.7012,373,0.52,0.6753,66,0.54,0.7012,1,0.53,0.6883,847,0
IWM190920P155,2019-09-13,2019-09-13 09:36:22,0.54,0.7012,425,0.53,0.6883,25,0.54,0.7012,1,0.535,0.6948,847,0
IWM190920P155,2019-09-13,2019-09-13 09:36:22,0.54,0.7012,425,0.53,0.6883,12,0.54,0.7012,1,0.535,0.6948,847,0
IWM190920P155,2019-09-13,2019-09-13 09:36:23,0.54,0.7012,310,0.53,0.6883,41,0.54,0.7012,1,0.535,0.6948,847,0
IWM190920P155,2019-09-13,2019-09-13 09:36:23,0.54,0.7012,425,0.53,0.6883,12,0.54,0.7012,1,0.535,0.6948,847,0
IWM190920P155,2019-09-13,2019-09-13 09:36:24,0.54,0.7012,318,0.53,0.6883,12,0.54,0.7012,1,0.535,0.6948,847,0
IWM190920P155,2019-09-13,2019-09-13 09:36:24,0.54,0.7012,282,0.53,0.6883,41,0.54,0.7012,1,0.535,0.6948,847,0
IWM190920P155,2019-09-13,2019-09-13 09:36:25,0.54,0.7012,427,0.53,0.6883,13,0.54,0.7012,1,0.535,0.6948,847,0
IWM190920P155,2019-09-13,2019-09-13 09:36:25,0.54,0.7012,957,0.52,0.6753,119,0.54,0.7012,1,0.53,0.6883,847,0
IWM190920P155,2019-09-13,2019-09-13 09:36:26,0.54,0.7012,470,0.53,0.6883,41,0.54,0.7012,1,0.535,0.6948,847,0
IWM190920P155,2019-09-13,2019-09-13 09:36:26,0.54,0.7012,430,0.53,0.6883,28,0.54,0.7012,1,0.535,0.6948,847,0
IWM190920P155,2019-09-13,2019-09-13 09:36:27,0.54,0.7012,412,0.53,0.6883,34,0.54,0.7012,1,0.535,0.6948,847,0
IWM190920P155,2019-09-13,2019-09-13 09:36:27,0.54,0.7012,412,0.53,0.6883,28,0.54,0.7012,1,0.535,0.6948,847,0
IWM190920P155,2019-09-13,2019-09-13 09:36:28,0.54,0.7012,320,0.53,0.6883,13,0.54,0.7012,1,0.535,0.6948,847,0
IWM190920P155,2019-09-13,2019-09-13 09:36:28,0.54,0.7012,391,0.53,0.6883,34,0.54,0.7012,1,0.535,0.6948,847,0
IWM190920P155,2019-09-13,2019-09-13 09:36:29,0.54,0.7012,435,0.52,0.6753,131,0.54,0.7012,1,0.53,0.6883,847,0
IWM190920P155,2019-09-13,2019-09-13 09:36:29,0.53,0.6883,20,0.52,0.6753,185,0.54,0.7012,1,0.525,0.6818,847,0
IWM190920P155,2019-09-13,2019-09-13 09:36:30,0.53,0.6883,20,0.52,0.6753,159,0.54,0.7012,1,0.525,0.6818,847,0
IWM190920P155,2019-09-13,2019-09-13 09:36:30,0.53,0.6883,225,0.52,0.6753,159,0.54,0.7012,1,0.525,0.6818,847,0
IWM190920P155,2019-09-13,2019-09-13 09:36:31,0.53,0.6883,354,0.52,0.6753,25,0.54,0.7012,1,0.525,0.6818,847,0
IWM190920P155,2019-09-13,2019-09-13 09:36:31,0.53,0.6883,240,0.52,0.6753,38,0.54,0.7012,1,0.525,0.6818,847,0
IWM190920P155,2019-09-13,2019-09-13 09:36:32,0.53,0.6883,31,0.52,0.6753,172,0.54,0.7012,1,0.525,0.6818,847,0
IWM190920P155,2019-09-13,2019-09-13 09:36:32,0.53,0.6883,203,0.52,0.6753,52,0.54,0.7012,1,0.525,0.6818,847,0
IWM190920P155,2019-09-13,2019-09-13 09:36:33,0.53,0.6883,31,0.52,0.6753,234,0.54,0.7012,1,0.525,0.6818,847,0
IWM190920P155,2019-09-13,2019-09-13 09:36:34,0.53,0.6883,271,0.52,0.6753,133,0.54,0.7012,1,0.525,0.6818,847,0
IWM190920P155,2019-09-13,2019-09-13 09:36:34,0.53,0.6883,286,0.52,0.6753,42,0.54,0.7012,1,0.525,0.6818,847,0
IWM190920P155,2019-09-13,2019-09-13 09:36:35,0.53,0.6883,286,0.52,0.6753,42,0.54,0.7012,1,0.525,0.6818,847,0
IWM190920P155,2019-09-13,2019-09-13 09:36:35,0.53,0.6883,286,0.52,0.6753,55,0.54,0.7012,1,0.525,0.6818,847,0
IWM190920P155,2019-09-13,2019-09-13 09:36:36,0.53,0.6883,286,0.52,0.6753,55,0.54,0.7012,1,0.525,0.6818,847,0
IWM190920P155,2019-09-13,2019-09-13 09:36:36,0.53,0.6883,286,0.52,0.6753,42,0.54,0.7012,1,0.525,0.6818,847,0
IWM190920P155,2019-09-13,2019-09-13 09:36:37,0.53,0.6883,286,0.52,0.6753,42,0.54,0.7012,1,0.525,0.6818,847,0
IWM190920P155,2019-09-13,2019-09-13 09:36:38,0.53,0.6883,283,0.52,0.6753,28,0.54,0.7012,1,0.525,0.6818,847,0
IWM190920P155,2019-09-13,2019-09-13 09:36:38,0.53,0.6883,286,0.52,0.6753,28,0.54,0.7012,1,0.525,0.6818,847,0
IWM190920P155,2019-09-13,2019-09-13 09:36:39,0.53,0.6883,236,0.52,0.6753,28,0.54,0.7012,1,0.525,0.6818,847,0
IWM190920P155,2019-09-13,2019-09-13 09:36:39,0.53,0.6883,359,0.52,0.6753,28,0.54,0.7012,1,0.525,0.6818,847,0
IWM190920P155,2019-09-13,2019-09-13 09:36:40,0.53,0.6883,236,0.52,0.6753,28,0.54,0.7012,1,0.525,0.6818,847,0
IWM190920P155,2019-09-13,2019-09-13 09:36:41,0.53,0.6883,236,0.52,0.6753,28,0.54,0.7012,1,0.525,0.6818,847,0
IWM190920P155,2019-09-13,2019-09-13 09:36:41,0.53,0.6883,236,0.52,0.6753,40,0.54,0.7012,1,0.525,0.6818,847,0
IWM190920P155,2019-09-13,2019-09-13 09:36:42,0.53,0.6883,283,0.52,0.6753,28,0.54,0.7012,1,0.525,0.6818,847,0
IWM190920P155,2019-09-13,2019-09-13 09:36:42,0.53,0.6883,421,0.52,0.6753,15,0.54,0.7012,1,0.525,0.6818,847,0
IWM190920P155,2019-09-13,2019-09-13 09:36:43,0.53,0.6883,441,0.51,0.6623,227,0.54,0.7012,1,0.52,0.6753,847,0
IWM190920P155,2019-09-13,2019-09-13 09:36:43,0.53,0.6883,421,0.51,0.6623,157,0.54,0.7012,1,0.52,0.6753,847,0
IWM190920P155,2019-09-13,2019-09-13 09:36:44,0.53,0.6883,441,0.52,0.6753,13,0.54,0.7012,1,0.525,0.6818,847,0
IWM190920P155,2019-09-13,2019-09-13 09:36:44,0.53,0.6883,279,0.52,0.6753,26,0.54,0.7012,1,0.525,0.6818,847,0
IWM190920P155,2019-09-13,2019-09-13 09:36:45,0.53,0.6883,279,0.52,0.6753,26,0.54,0.7012,1,0.525,0.6818,847,0
IWM190920P155,2019-09-13,2019-09-13 09:36:46,0.53,0.6883,289,0.52,0.6753,13,0.54,0.7012,1,0.525,0.6818,847,0
IWM190920P155,2019-09-13,2019-09-13 09:36:46,0.53,0.6883,415,0.52,0.6753,13,0.54,0.7012,1,0.525,0.6818,847,0
IWM190920P155,2019-09-13,2019-09-13 09:36:47,0.52,0.6753,23,0.51,0.6623,26,0.54,0.7012,1,0.515,0.6688,847,0
IWM190920P155,2019-09-13,2019-09-13 09:36:48,0.52,0.6753,143,0.51,0.6623,146,0.54,0.7012,1,0.515,0.6688,847,0
IWM190920P155,2019-09-13,2019-09-13 09:36:48,0.53,0.6883,264,0.51,0.6623,107,0.54,0.7012,1,0.52,0.6753,847,0
IWM190920P155,2019-09-13,2019-09-13 09:36:49,0.53,0.6883,1053,0.51,0.6623,296,0.54,0.7012,1,0.52,0.6753,847,0
IWM190920P155,2019-09-13,2019-09-13 09:36:49,0.53,0.6883,453,0.51,0.6623,107,0.54,0.7012,1,0.52,0.6753,847,0
IWM190920P155,2019-09-13,2019-09-13 09:36:50,0.53,0.6883,127,0.52,0.6753,26,0.54,0.7012,1,0.525,0.6818,847,0
IWM190920P155,2019-09-13,2019-09-13 09:36:50,0.53,0.6883,170,0.52,0.6753,26,0.54,0.7012,1,0.525,0.6818,847,0
IWM190920P155,2019-09-13,2019-09-13 09:36:51,0.53,0.6883,345,0.52,0.6753,41,0.54,0.7012,1,0.525,0.6818,847,0
IWM190920P155,2019-09-13,2019-09-13 09:36:51,0.53,0.6883,170,0.52,0.6753,26,0.54,0.7012,1,0.525,0.6818,847,0
IWM190920P155,2019-09-13,2019-09-13 09:36:52,0.53,0.6883,345,0.52,0.6753,175,0.54,0.7012,1,0.525,0.6818,847,0
IWM190920P155,2019-09-13,2019-09-13 09:36:52,0.53,0.6883,413,0.52,0.6753,32,0.54,0.7012,1,0.525,0.6818,847,0
IWM190920P155,2019-09-13,2019-09-13 09:36:53,0.53,0.6883,413,0.52,0.6753,31,0.54,0.7012,1,0.525,0.6818,847,0
IWM190920P155,2019-09-13,2019-09-13 09:36:53,0.53,0.6883,479,0.52,0.6753,26,0.54,0.7012,1,0.525,0.6818,847,0
IWM190920P155,2019-09-13,2019-09-13 09:36:54,0.53,0.6883,127,0.52,0.6753,13,0.54,0.7012,1,0.525,0.6818,847,0
IWM190920P155,2019-09-13,2019-09-13 09:36:54,0.53,0.6883,241,0.52,0.6753,31,0.54,0.7012,1,0.525,0.6818,847,0
IWM190920P155,2019-09-13,2019-09-13 09:36:55,0.53,0.6883,469,0.52,0.6753,26,0.54,0.7012,1,0.525,0.6818,847,0
IWM190920P155,2019-09-13,2019-09-13 09:36:55,0.53,0.6883,459,0.52,0.6753,183,0.54,0.7012,1,0.525,0.6818,847,0
IWM190920P155,2019-09-13,2019-09-13 09:36:56,0.53,0.6883,459,0.52,0.6753,183,0.54,0.7012,1,0.525,0.6818,847,0
IWM190920P155,2019-09-13,2019-09-13 09:36:56,0.53,0.6883,337,0.52,0.6753,183,0.54,0.7012,1,0.525,0.6818,847,0
IWM190920P155,2019-09-13,2019-09-13 09:36:57,0.53,0.6883,639,0.52,0.6753,183,0.54,0.7012,1,0.525,0.6818,847,0
IWM190920P155,2019-09-13,2019-09-13 09:36:57,0.53,0.6883,457,0.52,0.6753,196,0.54,0.7012,1,0.525,0.6818,847,0
IWM190920P155,2019-09-13,2019-09-13 09:36:58,0.53,0.6883,441,0.52,0.6753,196,0.54,0.7012,1,0.525,0.6818,847,0
IWM190920P155,2019-09-13,2019-09-13 09:36:59,0.53,0.6883,466,0.52,0.6753,170,0.54,0.7012,1,0.525,0.6818,847,0
IWM190920P155,2019-09-13,2019-09-13 09:36:59,0.53,0.6883,215,0.52,0.6753,196,0.54,0.7012,1,0.525,0.6818,847,0
IWM190920P155,2019-09-13,2019-09-13 09:37:00,0.53,0.6883,466,0.52,0.6753,202,0.54,0.7012,1,0.525,0.6818,847,0
IWM190920P155,2019-09-13,2019-09-13 09:37:00,0.53,0.6883,303,0.52,0.6753,202,0.54,0.7012,1,0.525,0.6818,847,0
IWM190920P155,2019-09-13,2019-09-13 09:37:01,0.53,0.6883,227,0.52,0.6753,274,0.54,0.7012,1,0.525,0.6818,847,0
IWM190920P155,2019-09-13,2019-09-13 09:37:01,0.53,0.6883,227,0.52,0.6753,202,0.54,0.7012,1,0.525,0.6818,847,0
IWM190920P155,2019-09-13,2019-09-13 09:37:02,0.53,0.6883,227,0.52,0.6753,304,0.54,0.7012,1,0.525,0.6818,847,0
IWM190920P155,2019-09-13,2019-09-13 09:37:02,0.53,0.6883,227,0.52,0.6753,202,0.54,0.7012,1,0.525,0.6818,847,0
IWM190920P155,2019-09-13,2019-09-13 09:37:03,0.53,0.6883,30,0.52,0.6753,205,0.54,0.7012,1,0.525,0.6818,847,0
IWM190920P155,2019-09-13,2019-09-13 09:37:03,0.53,0.6883,303,0.52,0.6753,202,0.54,0.7012,1,0.525,0.6818,847,0
IWM190920P155,2019-09-13,2019-09-13 09:37:04,0.53,0.6883,647,0.52,0.6753,170,0.54,0.7012,1,0.525,0.6818,847,0
IWM190920P155,2019-09-13,2019-09-13 09:37:04,0.53,0.6883,910,0.52,0.6753,170,0.54,0.7012,1,0.525,0.6818,847,0
IWM190920P155,2019-09-13,2019-09-13 09:37:05,0.52,0.6753,297,0.52,0.6753,170,0.52,0.6753,150,0.52,0.6753,1017,170
IWM190920P155,2019-09-13,2019-09-13 09:37:05,0.52,0.6753,234,0.52,0.6753,170,0.52,0.6753,150,0.52,0.6753,1017,0
IWM190920P155,2019-09-13,2019-09-13 09:37:06,0.52,0.6753,180,0.51,0.6623,131,0.52,0.6753,150,0.515,0.6688,1017,0
IWM190920P155,2019-09-13,2019-09-13 09:37:07,0.52,0.6753,193,0.51,0.6623,131,0.52,0.6753,150,0.515,0.6688,1017,0
IWM190920P155,2019-09-13,2019-09-13 09:37:07,0.52,0.6753,235,0.51,0.6623,52,0.52,0.6753,150,0.515,0.6688,1017,0
IWM190920P155,2019-09-13,2019-09-13 09:37:08,0.52,0.6753,351,0.51,0.6623,38,0.52,0.6753,150,0.515,0.6688,1017,0
IWM190920P155,2019-09-13,2019-09-13 09:37:08,0.52,0.6753,439,0.51,0.6623,52,0.52,0.6753,150,0.515,0.6688,1017,0
IWM190920P155,2019-09-13,2019-09-13 09:37:09,0.52,0.6753,278,0.51,0.6623,276,0.52,0.6753,150,0.515,0.6688,1017,0
IWM190920P155,2019-09-13,2019-09-13 09:37:09,0.52,0.6753,191,0.51,0.6623,72,0.52,0.6753,150,0.515,0.6688,1017,0
IWM190920P155,2019-09-13,2019-09-13 09:37:10,0.52,0.6753,248,0.51,0.6623,76,0.52,0.6753,150,0.515,0.6688,1017,0
IWM190920P155,2019-09-13,2019-09-13 09:37:10,0.52,0.6753,244,0.51,0.6623,276,0.52,0.6753,150,0.515,0.6688,1017,0
IWM190920P155,2019-09-13,2019-09-13 09:37:11,0.52,0.6753,248,0.51,0.6623,76,0.52,0.6753,150,0.515,0.6688,1017,0
IWM190920P155,2019-09-13,2019-09-13 09:37:12,0.52,0.6753,232,0.51,0.6623,102,0.52,0.6753,150,0.515,0.6688,1017,0
IWM190920P155,2019-09-13,2019-09-13 09:37:13,0.52,0.6753,232,0.51,0.6623,102,0.52,0.6753,150,0.515,0.6688,1017,0
IWM190920P155,2019-09-13,2019-09-13 09:37:14,0.52,0.6753,157,0.51,0.6623,102,0.52,0.6753,150,0.515,0.6688,1017,0
IWM190920P155,2019-09-13,2019-09-13 09:37:14,0.52,0.6753,104,0.51,0.6623,102,0.52,0.6753,150,0.515,0.6688,1017,0
IWM190920P155,2019-09-13,2019-09-13 09:37:15,0.52,0.6753,104,0.51,0.6623,102,0.52,0.6753,150,0.515,0.6688,1017,0
IWM190920P155,2019-09-13,2019-09-13 09:37:16,0.52,0.6753,149,0.51,0.6623,150,0.52,0.6753,150,0.515,0.6688,1017,0
IWM190920P155,2019-09-13,2019-09-13 09:37:16,0.52,0.6753,104,0.51,0.6623,310,0.52,0.6753,150,0.515,0.6688,1017,0
IWM190920P155,2019-09-13,2019-09-13 09:37:17,0.52,0.6753,104,0.51,0.6623,374,0.52,0.6753,150,0.515,0.6688,1017,0
IWM190920P155,2019-09-13,2019-09-13 09:37:18,0.52,0.6753,93,0.51,0.6623,374,0.52,0.6753,150,0.515,0.6688,1017,0
IWM190920P155,2019-09-13,2019-09-13 09:37:18,0.52,0.6753,126,0.51,0.6623,127,0.52,0.6753,150,0.515,0.6688,1017,0
IWM190920P155,2019-09-13,2019-09-13 09:37:19,0.52,0.6753,594,0.5,0.6493,153,0.52,0.6753,150,0.51,0.6623,1017,0
IWM190920P155,2019-09-13,2019-09-13 09:37:19,0.52,0.6753,347,0.5,0.6493,189,0.52,0.6753,150,0.51,0.6623,1017,0
IWM190920P155,2019-09-13,2019-09-13 09:37:20,0.52,0.6753,92,0.5,0.6493,458,0.52,0.6753,150,0.51,0.6623,1017,0
IWM190920P155,2019-09-13,2019-09-13 09:37:20,0.52,0.6753,153,0.5,0.6493,230,0.52,0.6753,150,0.51,0.6623,1017,0
IWM190920P155,2019-09-13,2019-09-13 09:37:21,0.52,0.6753,77,0.51,0.6623,115,0.52,0.6753,150,0.515,0.6688,1017,0
IWM190920P155,2019-09-13,2019-09-13 09:37:21,0.52,0.6753,92,0.5,0.6493,477,0.52,0.6753,150,0.51,0.6623,1017,0
IWM190920P155,2019-09-13,2019-09-13 09:37:22,0.53,0.6883,392,0.51,0.6623,166,0.52,0.6753,150,0.52,0.6753,1017,0
IWM190920P155,2019-09-13,2019-09-13 09:37:22,0.53,0.6883,570,0.51,0.6623,220,0.52,0.6753,150,0.52,0.6753,1017,0
IWM190920P155,2019-09-13,2019-09-13 09:37:23,0.53,0.6883,570,0.51,0.6623,220,0.52,0.6753,150,0.52,0.6753,1017,0
IWM190920P155,2019-09-13,2019-09-13 09:37:23,0.53,0.6883,392,0.51,0.6623,229,0.52,0.6753,150,0.52,0.6753,1017,0
IWM190920P155,2019-09-13,2019-09-13 09:37:24,0.53,0.6883,392,0.51,0.6623,229,0.52,0.6753,150,0.52,0.6753,1017,0
IWM190920P155,2019-09-13,2019-09-13 09:37:25,0.53,0.6883,544,0.51,0.6623,344,0.52,0.6753,150,0.52,0.6753,1017,0
IWM190920P155,2019-09-13,2019-09-13 09:37:26,0.52,0.6753,248,0.51,0.6623,83,0.52,0.6753,150,0.515,0.6688,1017,0
IWM190920P155,2019-09-13,2019-09-13 09:37:26,0.53,0.6883,126,0.51,0.6623,131,0.52,0.6753,150,0.52,0.6753,1017,0
IWM190920P155,2019-09-13,2019-09-13 09:37:27,0.53,0.6883,403,0.51,0.6623,140,0.52,0.6753,150,0.52,0.6753,1017,0
IWM190920P155,2019-09-13,2019-09-13 09:37:27,0.53,0.6883,403,0.52,0.6753,17,0.52,0.6753,150,0.525,0.6818,1017,0
IWM190920P155,2019-09-13,2019-09-13 09:37:28,0.53,0.6883,148,0.51,0.6623,25,0.52,0.6753,150,0.52,0.6753,1017,0
IWM190920P155,2019-09-13,2019-09-13 09:37:28,0.53,0.6883,361,0.52,0.6753,39,0.52,0.6753,150,0.525,0.6818,1017,0
IWM190920P155,2019-09-13,2019-09-13 09:37:29,0.53,0.6883,296,0.51,0.6623,151,0.52,0.6753,150,0.52,0.6753,1017,0
IWM190920P155,2019-09-13,2019-09-13 09:37:29,0.53,0.6883,712,0.51,0.6623,111,0.52,0.6753,150,0.52,0.6753,1017,0
IWM190920P155,2019-09-13,2019-09-13 09:37:30,0.53,0.6883,789,0.51,0.6623,69,0.52,0.6753,150,0.52,0.6753,1017,0
IWM190920P155,2019-09-13,2019-09-13 09:37:30,0.53,0.6883,897,0.51,0.6623,25,0.52,0.6753,150,0.52,0.6753,1017,0
IWM190920P155,2019-09-13,2019-09-13 09:37:31,0.52,0.6753,371,0.51,0.6623,25,0.52,0.6753,150,0.515,0.6688,1017,0
IWM190920P155,2019-09-13,2019-09-13 09:37:31,0.52,0.6753,387,0.51,0.6623,25,0.52,0.6753,150,0.515,0.6688,1017,0
IWM190920P155,2019-09-13,2019-09-13 09:37:32,0.52,0.6753,371,0.51,0.6623,25,0.52,0.6753,150,0.515,0.6688,1017,0
IWM190920P155,2019-09-13,2019-09-13 09:37:33,0.52,0.6753,371,0.51,0.6623,25,0.52,0.6753,150,0.515,0.6688,1017,0
IWM190920P155,2019-09-13,2019-09-13 09:37:34,0.52,0.6753,371,0.51,0.6623,25,0.52,0.6753,150,0.515,0.6688,1017,0
IWM190920P155,2019-09-13,2019-09-13 09:37:35,0.52,0.6753,387,0.51,0.6623,25,0.52,0.6753,150,0.515,0.6688,1017,0
IWM190920P155,2019-09-13,2019-09-13 09:37:35,0.52,0.6753,626,0.51,0.6623,25,0.52,0.6753,150,0.515,0.6688,1017,0
IWM190920P155,2019-09-13,2019-09-13 09:37:36,0.52,0.6753,387,0.51,0.6623,25,0.52,0.6753,150,0.515,0.6688,1017,0
IWM190920P155,2019-09-13,2019-09-13 09:37:37,0.52,0.6753,780,0.51,0.6623,25,0.52,0.6753,150,0.515,0.6688,1017,0
IWM190920P155,2019-09-13,2019-09-13 09:37:37,0.52,0.6753,387,0.51,0.6623,25,0.52,0.6753,150,0.515,0.6688,1017,0
IWM190920P155,2019-09-13,2019-09-13 09:37:38,0.52,0.6753,780,0.51,0.6623,25,0.52,0.6753,150,0.515,0.6688,1017,0
IWM190920P155,2019-09-13,2019-09-13 09:37:39,0.52,0.6753,780,0.51,0.6623,47,0.52,0.6753,150,0.515,0.6688,1017,0
IWM190920P155,2019-09-13,2019-09-13 09:37:39,0.52,0.6753,780,0.51,0.6623,25,0.52,0.6753,150,0.515,0.6688,1017,0
IWM190920P155,2019-09-13,2019-09-13 09:37:40,0.52,0.6753,603,0.5,0.6493,167,0.52,0.6753,150,0.51,0.6623,1017,0
IWM190920P155,2019-09-13,2019-09-13 09:37:40,0.52,0.6753,371,0.51,0.6623,25,0.52,0.6753,150,0.515,0.6688,1017,0
IWM190920P155,2019-09-13,2019-09-13 09:37:41,0.52,0.6753,493,0.5,0.6493,238,0.52,0.6753,150,0.51,0.6623,1017,0
IWM190920P155,2019-09-13,2019-09-13 09:37:42,0.52,0.6753,483,0.5,0.6493,127,0.52,0.6753,150,0.51,0.6623,1017,0
IWM190920P155,2019-09-13,2019-09-13 09:37:42,0.52,0.6753,349,0.5,0.6493,127,0.52,0.6753,150,0.51,0.6623,1017,0
IWM190920P155,2019-09-13,2019-09-13 09:37:43,0.52,0.6753,349,0.5,0.6493,127,0.52,0.6753,150,0.51,0.6623,1017,0
IWM190920P155,2019-09-13,2019-09-13 09:37:43,0.52,0.6753,495,0.5,0.6493,88,0.52,0.6753,150,0.51,0.6623,1017,0
IWM190920P155,2019-09-13,2019-09-13 09:37:44,0.51,0.6623,187,0.5,0.6493,94,0.52,0.6753,150,0.505,0.6558,1017,0
IWM190920P155,2019-09-13,2019-09-13 09:37:44,0.52,0.6753,581,0.5,0.6493,88,0.52,0.6753,150,0.51,0.6623,1017,0
IWM190920P155,2019-09-13,2019-09-13 09:37:45,0.51,0.6623,187,0.5,0.6493,94,0.52,0.6753,150,0.505,0.6558,1017,0
IWM190920P155,2019-09-13,2019-09-13 09:37:46,0.51,0.6623,150,0.5,0.6493,111,0.52,0.6753,150,0.505,0.6558,1017,0
IWM190920P155,2019-09-13,2019-09-13 09:37:46,0.51,0.6623,150,0.5,0.6493,69,0.52,0.6753,150,0.505,0.6558,1017,0
IWM190920P155,2019-09-13,2019-09-13 09:37:47,0.51,0.6623,78,0.5,0.6493,105,0.52,0.6753,150,0.505,0.6558,1017,0
IWM190920P155,2019-09-13,2019-09-13 09:37:47,0.52,0.6753,317,0.5,0.6493,209,0.52,0.6753,150,0.51,0.6623,1017,0
IWM190920P155,2019-09-13,2019-09-13 09:37:48,0.52,0.6753,408,0.5,0.6493,189,0.52,0.6753,150,0.51,0.6623,1017,0
IWM190920P155,2019-09-13,2019-09-13 09:37:48,0.52,0.6753,343,0.5,0.6493,105,0.52,0.6753,150,0.51,0.6623,1017,0
IWM190920P155,2019-09-13,2019-09-13 09:37:49,0.52,0.6753,409,0.5,0.6493,85,0.52,0.6753,150,0.51,0.6623,1017,0
IWM190920P155,2019-09-13,2019-09-13 09:37:49,0.52,0.6753,409,0.5,0.6493,95,0.52,0.6753,150,0.51,0.6623,1017,0
IWM190920P155,2019-09-13,2019-09-13 09:37:50,0.52,0.6753,871,0.5,0.6493,12,0.52,0.6753,150,0.51,0.6623,1017,0
IWM190920P155,2019-09-13,2019-09-13 09:37:50,0.52,0.6753,292,0.49,0.6363,75,0.52,0.6753,150,0.505,0.6558,1017,0
IWM190920P155,2019-09-13,2019-09-13 09:37:51,0.52,0.6753,593,0.5,0.6493,28,0.52,0.6753,150,0.51,0.6623,1017,0
IWM190920P155,2019-09-13,2019-09-13 09:37:51,0.52,0.6753,871,0.5,0.6493,12,0.52,0.6753,150,0.51,0.6623,1017,0
IWM190920P155,2019-09-13,2019-09-13 09:37:52,0.52,0.6753,363,0.5,0.6493,100,0.52,0.6753,150,0.51,0.6623,1017,0
IWM190920P155,2019-09-13,2019-09-13 09:37:52,0.52,0.6753,596,0.5,0.6493,40,0.52,0.6753,150,0.51,0.6623,1017,0
IWM190920P155,2019-09-13,2019-09-13 09:37:53,0.51,0.6623,220,0.5,0.6493,40,0.52,0.6753,150,0.505,0.6558,1017,0
IWM190920P155,2019-09-13,2019-09-13 09:37:54,0.51,0.6623,220,0.5,0.6493,63,0.52,0.6753,150,0.505,0.6558,1017,0
IWM190920P155,2019-09-13,2019-09-13 09:37:54,0.51,0.6623,172,0.5,0.6493,63,0.52,0.6753,150,0.505,0.6558,1017,0
IWM190920P155,2019-09-13,2019-09-13 09:37:55,0.51,0.6623,172,0.5,0.6493,63,0.52,0.6753,150,0.505,0.6558,1017,0
IWM190920P155,2019-09-13,2019-09-13 09:37:56,0.51,0.6623,162,0.5,0.6493,62,0.52,0.6753,150,0.505,0.6558,1017,0
IWM190920P155,2019-09-13,2019-09-13 09:37:57,0.52,0.6753,393,0.5,0.6493,17,0.52,0.6753,150,0.51,0.6623,1017,0
IWM190920P155,2019-09-13,2019-09-13 09:37:57,0.51,0.6623,215,0.5,0.6493,62,0.52,0.6753,150,0.505,0.6558,1017,0
IWM190920P155,2019-09-13,2019-09-13 09:37:58,0.52,0.6753,165,0.5,0.6493,150,0.52,0.6753,150,0.51,0.6623,1017,0
IWM190920P155,2019-09-13,2019-09-13 09:37:58,0.52,0.6753,165,0.49,0.6363,266,0.52,0.6753,150,0.505,0.6558,1017,0
IWM190920P155,2019-09-13,2019-09-13 09:37:59,0.52,0.6753,415,0.5,0.6493,174,0.52,0.6753,150,0.51,0.6623,1017,0
IWM190920P155,2019-09-13,2019-09-13 09:38:00,0.52,0.6753,420,0.5,0.6493,174,0.52,0.6753,150,0.51,0.6623,1017,0
IWM190920P155,2019-09-13,2019-09-13 09:38:01,0.52,0.6753,220,0.5,0.6493,123,0.52,0.6753,150,0.51,0.6623,1017,0
IWM190920P155,2019-09-13,2019-09-13 09:38:01,0.52,0.6753,80,0.5,0.6493,123,0.52,0.6753,150,0.51,0.6623,1017,0
IWM190920P155,2019-09-13,2019-09-13 09:38:02,0.52,0.6753,255,0.5,0.6493,25,0.52,0.6753,150,0.51,0.6623,1017,0
IWM190920P155,2019-09-13,2019-09-13 09:38:02,0.52,0.6753,428,0.5,0.6493,25,0.52,0.6753,150,0.51,0.6623,1017,0
IWM190920P155,2019-09-13,2019-09-13 09:38:03,0.52,0.6753,555,0.5,0.6493,25,0.52,0.6753,150,0.51,0.6623,1017,0
IWM190920P155,2019-09-13,2019-09-13 09:38:03,0.52,0.6753,605,0.5,0.6493,25,0.52,0.6753,150,0.51,0.6623,1017,0
IWM190920P155,2019-09-13,2019-09-13 09:38:04,0.52,0.6753,80,0.5,0.6493,128,0.52,0.6753,150,0.51,0.6623,1017,0
IWM190920P155,2019-09-13,2019-09-13 09:38:04,0.52,0.6753,505,0.5,0.6493,96,0.52,0.6753,150,0.51,0.6623,1017,0
IWM190920P155,2019-09-13,2019-09-13 09:38:05,0.52,0.6753,20,0.5,0.6493,225,0.52,0.6753,150,0.51,0.6623,1017,0
IWM190920P155,2019-09-13,2019-09-13 09:38:05,0.52,0.6753,20,0.5,0.6493,371,0.52,0.6753,150,0.51,0.6623,1017,0
IWM190920P155,2019-09-13,2019-09-13 09:38:06,0.52,0.6753,80,0.5,0.6493,243,0.52,0.6753,150,0.51,0.6623,1017,0
IWM190920P155,2019-09-13,2019-09-13 09:38:06,0.52,0.6753,16,0.51,0.6623,9,0.52,0.6753,150,0.515,0.6688,1017,0
IWM190920P155,2019-09-13,2019-09-13 09:38:07,0.52,0.6753,20,0.51,0.6623,9,0.52,0.6753,150,0.515,0.6688,1017,0
IWM190920P155,2019-09-13,2019-09-13 09:38:07,0.52,0.6753,20,0.51,0.6623,20,0.52,0.6753,150,0.515,0.6688,1017,0
IWM190920P155,2019-09-13,2019-09-13 09:38:08,0.52,0.6753,384,0.51,0.6623,40,0.52,0.6753,150,0.515,0.6688,1017,0
IWM190920P155,2019-09-13,2019-09-13 09:38:08,0.52,0.6753,341,0.51,0.6623,40,0.52,0.6753,150,0.515,0.6688,1017,0
IWM190920P155,2019-09-13,2019-09-13 09:38:09,0.52,0.6753,380,0.51,0.6623,56,0.52,0.6753,150,0.515,0.6688,1017,0
IWM190920P155,2019-09-13,2019-09-13 09:38:09,0.52,0.6753,380,0.51,0.6623,40,0.52,0.6753,150,0.515,0.6688,1017,0
IWM190920P155,2019-09-13,2019-09-13 09:38:10,0.52,0.6753,31,0.51,0.6623,85,0.52,0.6753,150,0.515,0.6688,1017,0
IWM190920P155,2019-09-13,2019-09-13 09:38:10,0.52,0.6753,75,0.51,0.6623,127,0.52,0.6753,150,0.515,0.6688,1017,0
IWM190920P155,2019-09-13,2019-09-13 09:38:11,0.53,0.6883,278,0.51,0.6623,85,0.52,0.6753,150,0.52,0.6753,1017,0
IWM190920P155,2019-09-13,2019-09-13 09:38:11,0.53,0.6883,510,0.51,0.6623,93,0.52,0.6753,150,0.52,0.6753,1017,0
IWM190920P155,2019-09-13,2019-09-13 09:38:12,0.53,0.6883,510,0.51,0.6623,103,0.52,0.6753,150,0.52,0.6753,1017,0
IWM190920P155,2019-09-13,2019-09-13 09:38:12,0.53,0.6883,510,0.51,0.6623,86,0.52,0.6753,150,0.52,0.6753,1017,0
IWM190920P155,2019-09-13,2019-09-13 09:38:13,0.53,0.6883,510,0.51,0.6623,184,0.52,0.6753,150,0.52,0.6753,1017,0
IWM190920P155,2019-09-13,2019-09-13 09:38:13,0.53,0.6883,510,0.51,0.6623,225,0.52,0.6753,150,0.52,0.6753,1017,0
IWM190920P155,2019-09-13,2019-09-13 09:38:14,0.53,0.6883,763,0.51,0.6623,225,0.52,0.6753,150,0.52,0.6753,1017,0
IWM190920P155,2019-09-13,2019-09-13 09:38:14,0.53,0.6883,763,0.52,0.6753,2,0.52,0.6753,150,0.525,0.6818,1017,0
IWM190920P155,2019-09-13,2019-09-13 09:38:15,0.52,0.6753,486,0.5,0.6493,191,0.52,0.6753,2,0.51,0.6623,1019,2
IWM190920P155,2019-09-13,2019-09-13 09:38:15,0.52,0.6753,250,0.5,0.6493,173,0.52,0.6753,2,0.51,0.6623,1019,0
IWM190920P155,2019-09-13,2019-09-13 09:38:16,0.53,0.6883,300,0.5,0.6493,253,0.52,0.6753,2,0.515,0.6688,1019,0
IWM190920P155,2019-09-13,2019-09-13 09:38:16,0.53,0.6883,524,0.5,0.6493,230,0.52,0.6753,2,0.515,0.6688,1019,0
IWM190920P155,2019-09-13,2019-09-13 09:38:17,0.53,0.6883,772,0.5,0.6493,449,0.52,0.6753,2,0.515,0.6688,1019,0
IWM190920P155,2019-09-13,2019-09-13 09:38:17,0.53,0.6883,720,0.5,0.6493,451,0.52,0.6753,2,0.515,0.6688,1019,0
IWM190920P155,2019-09-13,2019-09-13 09:38:18,0.53,0.6883,453,0.5,0.6493,649,0.52,0.6753,2,0.515,0.6688,1019,0
IWM190920P155,2019-09-13,2019-09-13 09:38:18,0.53,0.6883,541,0.52,0.6753,58,0.52,0.6753,2,0.525,0.6818,1019,0
IWM190920P155,2019-09-13,2019-09-13 09:38:19,0.53,0.6883,402,0.52,0.6753,145,0.52,0.6753,2,0.525,0.6818,1019,0
IWM190920P155,2019-09-13,2019-09-13 09:38:19,0.53,0.6883,417,0.52,0.6753,30,0.52,0.6753,2,0.525,0.6818,1019,0
IWM190920P155,2019-09-13,2019-09-13 09:38:20,0.53,0.6883,417,0.51,0.6623,173,0.52,0.6753,2,0.52,0.6753,1019,0
IWM190920P155,2019-09-13,2019-09-13 09:38:21,0.53,0.6883,466,0.51,0.6623,184,0.52,0.6753,2,0.52,0.6753,1019,0
IWM190920P155,2019-09-13,2019-09-13 09:38:21,0.53,0.6883,466,0.51,0.6623,195,0.52,0.6753,2,0.52,0.6753,1019,0
IWM190920P155,2019-09-13,2019-09-13 09:38:22,0.53,0.6883,466,0.51,0.6623,214,0.52,0.6753,2,0.52,0.6753,1019,0
IWM190920P155,2019-09-13,2019-09-13 09:38:22,0.53,0.6883,502,0.51,0.6623,235,0.52,0.6753,2,0.52,0.6753,1019,0
IWM190920P155,2019-09-13,2019-09-13 09:38:23,0.53,0.6883,24,0.51,0.6623,245,0.52,0.6753,2,0.52,0.6753,1019,0
IWM190920P155,2019-09-13,2019-09-13 09:38:23,0.53,0.6883,517,0.51,0.6623,245,0.52,0.6753,2,0.52,0.6753,1019,0
IWM190920P155,2019-09-13,2019-09-13 09:38:24,0.53,0.6883,20,0.51,0.6623,245,0.52,0.6753,2,0.52,0.6753,1019,0
IWM190920P155,2019-09-13,2019-09-13 09:38:24,0.53,0.6883,15,0.51,0.6623,315,0.52,0.6753,2,0.52,0.6753,1019,0
IWM190920P155,2019-09-13,2019-09-13 09:38:25,0.54,0.7012,546,0.51,0.6623,474,0.52,0.6753,2,0.525,0.6818,1019,0
IWM190920P155,2019-09-13,2019-09-13 09:38:25,0.54,0.7012,598,0.51,0.6623,335,0.52,0.6753,2,0.525,0.6818,1019,0
IWM190920P155,2019-09-13,2019-09-13 09:38:26,0.54,0.7012,753,0.51,0.6623,319,0.52,0.6753,2,0.525,0.6818,1019,0
IWM190920P155,2019-09-13,2019-09-13 09:38:26,0.54,0.7012,770,0.51,0.6623,376,0.52,0.6753,2,0.525,0.6818,1019,0
IWM190920P155,2019-09-13,2019-09-13 09:38:27,0.54,0.7012,753,0.51,0.6623,319,0.52,0.6753,2,0.525,0.6818,1019,0
IWM190920P155,2019-09-13,2019-09-13 09:38:28,0.54,0.7012,753,0.51,0.6623,319,0.52,0.6753,2,0.525,0.6818,1019,0
IWM190920P155,2019-09-13,2019-09-13 09:38:29,0.53,0.6883,78,0.51,0.6623,319,0.52,0.6753,2,0.52,0.6753,1019,0
IWM190920P155,2019-09-13,2019-09-13 09:38:29,0.54,0.7012,753,0.51,0.6623,319,0.52,0.6753,2,0.525,0.6818,1019,0
