symbol,Date,quote_time,ask_price,norm_ask_price,ask_size,bid_price,norm_bid_price,bid_size,last_trade_price,norm_last_trade_price,last_trade_size,mark_price,norm_mark_price,volume,Volume
IWM191101P150,2019-10-28,2019-10-28 09:30:00,5.0,1.0,1,0.0,0.0,0,0.11,0.022,4,2.5,0.5,0,0
IWM191101P150,2019-10-28,2019-10-28 09:30:01,0.09,0.018,1023,0.05,0.01,1082,0.11,0.022,4,0.07,0.014,0,0
IWM191101P150,2019-10-28,2019-10-28 09:30:01,5.04,1.008,1,0.04,0.008,1,0.11,0.022,4,2.54,0.508,0,0
IWM191101P150,2019-10-28,2019-10-28 09:30:02,0.09,0.018,1103,0.05,0.01,1162,0.11,0.022,4,0.07,0.014,0,0
IWM191101P150,2019-10-28,2019-10-28 09:30:03,0.09,0.018,1103,0.05,0.01,1162,0.11,0.022,4,0.07,0.014,0,0
IWM191101P150,2019-10-28,2019-10-28 09:30:04,0.09,0.018,1023,0.06,0.012,390,0.11,0.022,4,0.075,0.015,0,0
IWM191101P150,2019-10-28,2019-10-28 09:30:05,0.09,0.018,1115,0.06,0.012,375,0.11,0.022,4,0.075,0.015,0,0
IWM191101P150,2019-10-28,2019-10-28 09:30:06,0.09,0.018,1115,0.05,0.01,1086,0.11,0.022,4,0.07,0.014,0,0
IWM191101P150,2019-10-28,2019-10-28 09:30:06,0.09,0.018,1215,0.06,0.012,375,0.11,0.022,4,0.075,0.015,0,0
IWM191101P150,2019-10-28,2019-10-28 09:30:07,0.09,0.018,1115,0.05,0.01,1086,0.11,0.022,4,0.07,0.014,0,0
IWM191101P150,2019-10-28,2019-10-28 09:30:07,0.11,0.022,115,0.05,0.01,426,0.11,0.022,4,0.08,0.016,0,0
IWM191101P150,2019-10-28,2019-10-28 09:30:08,0.09,0.018,110,0.05,0.01,1066,0.11,0.022,4,0.07,0.014,0,0
IWM191101P150,2019-10-28,2019-10-28 09:30:08,0.09,0.018,126,0.05,0.01,1066,0.11,0.022,4,0.07,0.014,0,0
IWM191101P150,2019-10-28,2019-10-28 09:30:09,0.09,0.018,648,0.05,0.01,1065,0.11,0.022,4,0.07,0.014,0,0
IWM191101P150,2019-10-28,2019-10-28 09:30:10,0.09,0.018,1358,0.05,0.01,1065,0.11,0.022,4,0.07,0.014,0,0
IWM191101P150,2019-10-28,2019-10-28 09:30:11,0.09,0.018,925,0.05,0.01,812,0.11,0.022,4,0.07,0.014,0,0
IWM191101P150,2019-10-28,2019-10-28 09:30:11,0.09,0.018,1358,0.05,0.01,1055,0.11,0.022,4,0.07,0.014,0,0
IWM191101P150,2019-10-28,2019-10-28 09:30:12,0.09,0.018,1425,0.06,0.012,23,0.11,0.022,4,0.075,0.015,0,0
IWM191101P150,2019-10-28,2019-10-28 09:30:13,0.09,0.018,1425,0.05,0.01,1385,0.11,0.022,4,0.07,0.014,0,0
IWM191101P150,2019-10-28,2019-10-28 09:30:13,0.09,0.018,1425,0.05,0.01,1702,0.11,0.022,4,0.07,0.014,0,0
IWM191101P150,2019-10-28,2019-10-28 09:30:14,0.09,0.018,1425,0.05,0.01,1702,0.11,0.022,4,0.07,0.014,0,0
IWM191101P150,2019-10-28,2019-10-28 09:30:14,0.08,0.016,784,0.05,0.01,1305,0.11,0.022,4,0.065,0.013,0,0
IWM191101P150,2019-10-28,2019-10-28 09:30:15,0.08,0.016,784,0.05,0.01,1305,0.11,0.022,4,0.065,0.013,0,0
IWM191101P150,2019-10-28,2019-10-28 09:30:15,0.08,0.016,734,0.05,0.01,1305,0.11,0.022,4,0.065,0.013,0,0
IWM191101P150,2019-10-28,2019-10-28 09:30:16,0.08,0.016,784,0.05,0.01,1305,0.11,0.022,4,0.065,0.013,0,0
IWM191101P150,2019-10-28,2019-10-28 09:30:17,0.08,0.016,784,0.05,0.01,1305,0.11,0.022,4,0.065,0.013,0,0
IWM191101P150,2019-10-28,2019-10-28 09:30:18,0.08,0.016,819,0.06,0.012,35,0.11,0.022,4,0.07,0.014,0,0
IWM191101P150,2019-10-28,2019-10-28 09:30:18,0.08,0.016,595,0.06,0.012,35,0.11,0.022,4,0.07,0.014,0,0
IWM191101P150,2019-10-28,2019-10-28 09:30:19,0.08,0.016,595,0.06,0.012,35,0.11,0.022,4,0.07,0.014,0,0
IWM191101P150,2019-10-28,2019-10-28 09:30:20,0.08,0.016,595,0.06,0.012,35,0.11,0.022,4,0.07,0.014,0,0
IWM191101P150,2019-10-28,2019-10-28 09:30:20,0.08,0.016,759,0.06,0.012,35,0.11,0.022,4,0.07,0.014,0,0
IWM191101P150,2019-10-28,2019-10-28 09:30:21,0.08,0.016,1306,0.06,0.012,510,0.11,0.022,4,0.07,0.014,0,0
IWM191101P150,2019-10-28,2019-10-28 09:30:22,0.08,0.016,1306,0.06,0.012,971,0.11,0.022,4,0.07,0.014,0,0
IWM191101P150,2019-10-28,2019-10-28 09:30:23,0.08,0.016,1401,0.06,0.012,460,0.11,0.022,4,0.07,0.014,0,0
IWM191101P150,2019-10-28,2019-10-28 09:30:23,0.08,0.016,1367,0.06,0.012,460,0.11,0.022,4,0.07,0.014,0,0
IWM191101P150,2019-10-28,2019-10-28 09:30:24,0.08,0.016,1501,0.06,0.012,460,0.11,0.022,4,0.07,0.014,0,0
IWM191101P150,2019-10-28,2019-10-28 09:30:24,0.08,0.016,1566,0.06,0.012,460,0.11,0.022,4,0.07,0.014,0,0
IWM191101P150,2019-10-28,2019-10-28 09:30:25,0.08,0.016,1501,0.06,0.012,460,0.11,0.022,4,0.07,0.014,0,0
IWM191101P150,2019-10-28,2019-10-28 09:30:26,0.08,0.016,1501,0.06,0.012,460,0.11,0.022,4,0.07,0.014,0,0
IWM191101P150,2019-10-28,2019-10-28 09:30:26,0.08,0.016,1581,0.06,0.012,460,0.11,0.022,4,0.07,0.014,0,0
IWM191101P150,2019-10-28,2019-10-28 09:30:27,0.08,0.016,2377,0.06,0.012,46,0.11,0.022,4,0.07,0.014,0,0
IWM191101P150,2019-10-28,2019-10-28 09:30:28,0.08,0.016,2583,0.06,0.012,150,0.11,0.022,4,0.07,0.014,0,0
IWM191101P150,2019-10-28,2019-10-28 09:30:28,0.08,0.016,2377,0.06,0.012,46,0.11,0.022,4,0.07,0.014,0,0
IWM191101P150,2019-10-28,2019-10-28 09:30:29,0.08,0.016,2503,0.06,0.012,84,0.11,0.022,4,0.07,0.014,0,0
IWM191101P150,2019-10-28,2019-10-28 09:30:29,0.08,0.016,2583,0.06,0.012,34,0.11,0.022,4,0.07,0.014,0,0
IWM191101P150,2019-10-28,2019-10-28 09:30:30,0.08,0.016,2583,0.06,0.012,78,0.11,0.022,4,0.07,0.014,0,0
IWM191101P150,2019-10-28,2019-10-28 09:30:30,0.08,0.016,2583,0.06,0.012,34,0.11,0.022,4,0.07,0.014,0,0
IWM191101P150,2019-10-28,2019-10-28 09:30:31,0.08,0.016,2583,0.06,0.012,117,0.11,0.022,4,0.07,0.014,0,0
IWM191101P150,2019-10-28,2019-10-28 09:30:32,0.08,0.016,2583,0.06,0.012,117,0.11,0.022,4,0.07,0.014,0,0
IWM191101P150,2019-10-28,2019-10-28 09:30:33,0.08,0.016,2583,0.06,0.012,118,0.11,0.022,4,0.07,0.014,0,0
IWM191101P150,2019-10-28,2019-10-28 09:30:33,0.08,0.016,1787,0.06,0.012,39,0.11,0.022,4,0.07,0.014,0,0
IWM191101P150,2019-10-28,2019-10-28 09:30:34,0.08,0.016,2583,0.06,0.012,267,0.11,0.022,4,0.07,0.014,0,0
IWM191101P150,2019-10-28,2019-10-28 09:30:34,0.08,0.016,2583,0.06,0.012,189,0.11,0.022,4,0.07,0.014,0,0
IWM191101P150,2019-10-28,2019-10-28 09:30:35,0.08,0.016,2583,0.06,0.012,267,0.11,0.022,4,0.07,0.014,0,0
IWM191101P150,2019-10-28,2019-10-28 09:30:36,0.08,0.016,2839,0.06,0.012,39,0.11,0.022,4,0.07,0.014,0,0
IWM191101P150,2019-10-28,2019-10-28 09:30:37,0.08,0.016,2839,0.06,0.012,93,0.11,0.022,4,0.07,0.014,0,0
IWM191101P150,2019-10-28,2019-10-28 09:30:38,0.08,0.016,2839,0.06,0.012,93,0.11,0.022,4,0.07,0.014,0,0
IWM191101P150,2019-10-28,2019-10-28 09:30:39,0.08,0.016,2759,0.06,0.012,196,0.11,0.022,4,0.07,0.014,0,0
IWM191101P150,2019-10-28,2019-10-28 09:30:39,0.08,0.016,2839,0.06,0.012,93,0.11,0.022,4,0.07,0.014,0,0
IWM191101P150,2019-10-28,2019-10-28 09:30:40,0.08,0.016,2759,0.06,0.012,471,0.11,0.022,4,0.07,0.014,0,0
IWM191101P150,2019-10-28,2019-10-28 09:30:41,0.08,0.016,2759,0.06,0.012,549,0.11,0.022,4,0.07,0.014,0,0
IWM191101P150,2019-10-28,2019-10-28 09:30:42,0.08,0.016,2839,0.06,0.012,549,0.11,0.022,4,0.07,0.014,0,0
IWM191101P150,2019-10-28,2019-10-28 09:30:43,0.08,0.016,2839,0.06,0.012,549,0.11,0.022,4,0.07,0.014,0,0
IWM191101P150,2019-10-28,2019-10-28 09:30:44,0.08,0.016,2759,0.06,0.012,783,0.11,0.022,4,0.07,0.014,0,0
IWM191101P150,2019-10-28,2019-10-28 09:30:45,0.08,0.016,2759,0.06,0.012,783,0.11,0.022,4,0.07,0.014,0,0
IWM191101P150,2019-10-28,2019-10-28 09:30:46,0.08,0.016,2759,0.06,0.012,885,0.11,0.022,4,0.07,0.014,0,0
IWM191101P150,2019-10-28,2019-10-28 09:30:47,0.08,0.016,2878,0.06,0.012,49,0.11,0.022,4,0.07,0.014,0,0
IWM191101P150,2019-10-28,2019-10-28 09:30:48,0.07,0.014,1244,0.06,0.012,49,0.11,0.022,4,0.065,0.013,0,0
IWM191101P150,2019-10-28,2019-10-28 09:30:48,0.07,0.014,616,0.06,0.012,49,0.11,0.022,4,0.065,0.013,0,0
IWM191101P150,2019-10-28,2019-10-28 09:30:49,0.07,0.014,1306,0.06,0.012,49,0.11,0.022,4,0.065,0.013,0,0
IWM191101P150,2019-10-28,2019-10-28 09:30:49,0.07,0.014,788,0.05,0.01,1687,0.11,0.022,4,0.06,0.012,0,0
IWM191101P150,2019-10-28,2019-10-28 09:30:50,0.07,0.014,2024,0.05,0.01,3511,0.11,0.022,4,0.06,0.012,0,0
IWM191101P150,2019-10-28,2019-10-28 09:30:50,0.07,0.014,1336,0.05,0.01,2561,0.11,0.022,4,0.06,0.012,0,0
IWM191101P150,2019-10-28,2019-10-28 09:30:51,0.07,0.014,2024,0.05,0.01,3511,0.11,0.022,4,0.06,0.012,0,0
IWM191101P150,2019-10-28,2019-10-28 09:30:51,0.07,0.014,2024,0.05,0.01,3591,0.11,0.022,4,0.06,0.012,0,0
IWM191101P150,2019-10-28,2019-10-28 09:30:52,0.07,0.014,2024,0.05,0.01,3511,0.11,0.022,4,0.06,0.012,0,0
IWM191101P150,2019-10-28,2019-10-28 09:30:53,0.07,0.014,2024,0.05,0.01,3511,0.11,0.022,4,0.06,0.012,0,0
IWM191101P150,2019-10-28,2019-10-28 09:30:53,0.07,0.014,2024,0.05,0.01,3591,0.11,0.022,4,0.06,0.012,0,0
IWM191101P150,2019-10-28,2019-10-28 09:30:54,0.07,0.014,2024,0.05,0.01,3511,0.11,0.022,4,0.06,0.012,0,0
IWM191101P150,2019-10-28,2019-10-28 09:30:54,0.07,0.014,2024,0.05,0.01,3591,0.11,0.022,4,0.06,0.012,0,0
IWM191101P150,2019-10-28,2019-10-28 09:30:55,0.07,0.014,2024,0.05,0.01,3591,0.11,0.022,4,0.06,0.012,0,0
IWM191101P150,2019-10-28,2019-10-28 09:30:56,0.07,0.014,2024,0.05,0.01,3591,0.11,0.022,4,0.06,0.012,0,0
IWM191101P150,2019-10-28,2019-10-28 09:30:57,0.07,0.014,376,0.05,0.01,3591,0.11,0.022,4,0.06,0.012,0,0
IWM191101P150,2019-10-28,2019-10-28 09:30:57,0.07,0.014,754,0.05,0.01,2720,0.11,0.022,4,0.06,0.012,0,0
IWM191101P150,2019-10-28,2019-10-28 09:30:58,0.07,0.014,1329,0.05,0.01,2628,0.11,0.022,4,0.06,0.012,0,0
IWM191101P150,2019-10-28,2019-10-28 09:30:58,0.07,0.014,1178,0.05,0.01,2628,0.11,0.022,4,0.06,0.012,0,0
IWM191101P150,2019-10-28,2019-10-28 09:30:59,0.07,0.014,1753,0.05,0.01,2628,0.11,0.022,4,0.06,0.012,0,0
IWM191101P150,2019-10-28,2019-10-28 09:31:00,0.07,0.014,1803,0.05,0.01,2628,0.11,0.022,4,0.06,0.012,0,0
IWM191101P150,2019-10-28,2019-10-28 09:31:00,0.07,0.014,1753,0.05,0.01,2628,0.11,0.022,4,0.06,0.012,0,0
IWM191101P150,2019-10-28,2019-10-28 09:31:01,0.07,0.014,1803,0.05,0.01,2880,0.11,0.022,4,0.06,0.012,0,0
IWM191101P150,2019-10-28,2019-10-28 09:31:01,0.07,0.014,1803,0.05,0.01,2628,0.11,0.022,4,0.06,0.012,0,0
IWM191101P150,2019-10-28,2019-10-28 09:31:02,0.07,0.014,1366,0.05,0.01,2067,0.11,0.022,4,0.06,0.012,0,0
IWM191101P150,2019-10-28,2019-10-28 09:31:02,0.07,0.014,1803,0.05,0.01,2800,0.11,0.022,4,0.06,0.012,0,0
IWM191101P150,2019-10-28,2019-10-28 09:31:03,0.07,0.014,1366,0.05,0.01,2067,0.11,0.022,4,0.06,0.012,0,0
IWM191101P150,2019-10-28,2019-10-28 09:31:03,0.07,0.014,1381,0.05,0.01,2628,0.11,0.022,4,0.06,0.012,0,0
IWM191101P150,2019-10-28,2019-10-28 09:31:04,0.07,0.014,2169,0.05,0.01,2780,0.11,0.022,4,0.06,0.012,0,0
IWM191101P150,2019-10-28,2019-10-28 09:31:05,0.07,0.014,1443,0.05,0.01,2700,0.11,0.022,4,0.06,0.012,0,0
IWM191101P150,2019-10-28,2019-10-28 09:31:05,0.07,0.014,2249,0.05,0.01,3594,0.11,0.022,4,0.06,0.012,0,0
IWM191101P150,2019-10-28,2019-10-28 09:31:06,0.07,0.014,2249,0.05,0.01,3594,0.11,0.022,4,0.06,0.012,0,0
IWM191101P150,2019-10-28,2019-10-28 09:31:06,0.07,0.014,2249,0.05,0.01,2718,0.11,0.022,4,0.06,0.012,0,0
IWM191101P150,2019-10-28,2019-10-28 09:31:07,0.07,0.014,2249,0.05,0.01,2718,0.11,0.022,4,0.06,0.012,0,0
IWM191101P150,2019-10-28,2019-10-28 09:31:08,0.07,0.014,2457,0.05,0.01,2620,0.11,0.022,4,0.06,0.012,0,0
IWM191101P150,2019-10-28,2019-10-28 09:31:08,0.07,0.014,2249,0.05,0.01,3594,0.11,0.022,4,0.06,0.012,0,0
IWM191101P150,2019-10-28,2019-10-28 09:31:09,0.07,0.014,2537,0.05,0.01,2620,0.11,0.022,4,0.06,0.012,0,0
IWM191101P150,2019-10-28,2019-10-28 09:31:10,0.07,0.014,1654,0.05,0.01,2700,0.11,0.022,4,0.06,0.012,0,0
IWM191101P150,2019-10-28,2019-10-28 09:31:11,0.07,0.014,2461,0.05,0.01,3560,0.11,0.022,4,0.06,0.012,0,0
IWM191101P150,2019-10-28,2019-10-28 09:31:12,0.07,0.014,1328,0.05,0.01,3115,0.11,0.022,4,0.06,0.012,0,0
IWM191101P150,2019-10-28,2019-10-28 09:31:12,0.07,0.014,2463,0.05,0.01,3956,0.11,0.022,4,0.06,0.012,0,0
IWM191101P150,2019-10-28,2019-10-28 09:31:13,0.07,0.014,1903,0.05,0.01,3956,0.11,0.022,4,0.06,0.012,0,0
IWM191101P150,2019-10-28,2019-10-28 09:31:13,0.07,0.014,1903,0.05,0.01,2915,0.11,0.022,4,0.06,0.012,0,0
IWM191101P150,2019-10-28,2019-10-28 09:31:14,0.07,0.014,2786,0.05,0.01,3872,0.11,0.022,4,0.06,0.012,0,0
IWM191101P150,2019-10-28,2019-10-28 09:31:14,0.07,0.014,2706,0.05,0.01,3872,0.11,0.022,4,0.06,0.012,0,0
IWM191101P150,2019-10-28,2019-10-28 09:31:15,0.07,0.014,2898,0.05,0.01,3872,0.11,0.022,4,0.06,0.012,0,0
IWM191101P150,2019-10-28,2019-10-28 09:31:16,0.07,0.014,2877,0.05,0.01,2915,0.11,0.022,4,0.06,0.012,0,0
IWM191101P150,2019-10-28,2019-10-28 09:31:16,0.07,0.014,2877,0.05,0.01,3872,0.11,0.022,4,0.06,0.012,0,0
IWM191101P150,2019-10-28,2019-10-28 09:31:17,0.07,0.014,2877,0.05,0.01,2915,0.11,0.022,4,0.06,0.012,0,0
IWM191101P150,2019-10-28,2019-10-28 09:31:18,0.07,0.014,2122,0.05,0.01,2915,0.11,0.022,4,0.06,0.012,0,0
IWM191101P150,2019-10-28,2019-10-28 09:31:18,0.07,0.014,2877,0.05,0.01,2915,0.11,0.022,4,0.06,0.012,0,0
IWM191101P150,2019-10-28,2019-10-28 09:31:19,0.07,0.014,2122,0.05,0.01,2915,0.11,0.022,4,0.06,0.012,0,0
IWM191101P150,2019-10-28,2019-10-28 09:31:20,0.07,0.014,1465,0.05,0.01,2915,0.11,0.022,4,0.06,0.012,0,0
IWM191101P150,2019-10-28,2019-10-28 09:31:20,0.07,0.014,2122,0.05,0.01,2915,0.11,0.022,4,0.06,0.012,0,0
IWM191101P150,2019-10-28,2019-10-28 09:31:21,0.07,0.014,2076,0.05,0.01,3026,0.11,0.022,4,0.06,0.012,0,0
IWM191101P150,2019-10-28,2019-10-28 09:31:21,0.07,0.014,2613,0.05,0.01,3767,0.11,0.022,4,0.06,0.012,0,0
IWM191101P150,2019-10-28,2019-10-28 09:31:22,0.07,0.014,2390,0.05,0.01,3026,0.11,0.022,4,0.06,0.012,0,0
IWM191101P150,2019-10-28,2019-10-28 09:31:22,0.07,0.014,1921,0.05,0.01,3106,0.11,0.022,4,0.06,0.012,0,0
IWM191101P150,2019-10-28,2019-10-28 09:31:23,0.07,0.014,1921,0.05,0.01,3026,0.11,0.022,4,0.06,0.012,0,0
IWM191101P150,2019-10-28,2019-10-28 09:31:23,0.07,0.014,2584,0.05,0.01,3782,0.11,0.022,4,0.06,0.012,0,0
IWM191101P150,2019-10-28,2019-10-28 09:31:24,0.07,0.014,2584,0.05,0.01,3702,0.11,0.022,4,0.06,0.012,0,0
IWM191101P150,2019-10-28,2019-10-28 09:31:24,0.07,0.014,2664,0.05,0.01,3702,0.11,0.022,4,0.06,0.012,0,0
IWM191101P150,2019-10-28,2019-10-28 09:31:25,0.07,0.014,2664,0.05,0.01,3702,0.11,0.022,4,0.06,0.012,0,0
IWM191101P150,2019-10-28,2019-10-28 09:31:25,0.07,0.014,2584,0.05,0.01,3702,0.11,0.022,4,0.06,0.012,0,0
IWM191101P150,2019-10-28,2019-10-28 09:31:26,0.07,0.014,2664,0.05,0.01,3702,0.11,0.022,4,0.06,0.012,0,0
IWM191101P150,2019-10-28,2019-10-28 09:31:26,0.07,0.014,2664,0.05,0.01,1846,0.11,0.022,4,0.06,0.012,0,0
IWM191101P150,2019-10-28,2019-10-28 09:31:27,0.07,0.014,2262,0.05,0.01,2580,0.11,0.022,4,0.06,0.012,0,0
IWM191101P150,2019-10-28,2019-10-28 09:31:28,0.07,0.014,2587,0.05,0.01,3320,0.11,0.022,4,0.06,0.012,0,0
IWM191101P150,2019-10-28,2019-10-28 09:31:28,0.07,0.014,2587,0.05,0.01,3285,0.11,0.022,4,0.06,0.012,0,0
IWM191101P150,2019-10-28,2019-10-28 09:31:29,0.07,0.014,2587,0.05,0.01,3525,0.11,0.022,4,0.06,0.012,0,0
IWM191101P150,2019-10-28,2019-10-28 09:31:29,0.07,0.014,2587,0.05,0.01,3293,0.11,0.022,4,0.06,0.012,0,0
IWM191101P150,2019-10-28,2019-10-28 09:31:30,0.07,0.014,2587,0.05,0.01,3293,0.11,0.022,4,0.06,0.012,0,0
IWM191101P150,2019-10-28,2019-10-28 09:31:31,0.07,0.014,2587,0.05,0.01,3293,0.11,0.022,4,0.06,0.012,0,0
IWM191101P150,2019-10-28,2019-10-28 09:31:32,0.07,0.014,2587,0.05,0.01,3293,0.11,0.022,4,0.06,0.012,0,0
IWM191101P150,2019-10-28,2019-10-28 09:31:32,0.07,0.014,2783,0.05,0.01,3053,0.11,0.022,4,0.06,0.012,0,0
IWM191101P150,2019-10-28,2019-10-28 09:31:33,0.07,0.014,2783,0.05,0.01,3333,0.11,0.022,4,0.06,0.012,0,0
IWM191101P150,2019-10-28,2019-10-28 09:31:34,0.07,0.014,2979,0.05,0.01,3333,0.11,0.022,4,0.06,0.012,0,0
IWM191101P150,2019-10-28,2019-10-28 09:31:34,0.07,0.014,2749,0.05,0.01,2231,0.11,0.022,4,0.06,0.012,0,0
IWM191101P150,2019-10-28,2019-10-28 09:31:35,0.07,0.014,3569,0.05,0.01,2971,0.11,0.022,4,0.06,0.012,0,0
IWM191101P150,2019-10-28,2019-10-28 09:31:36,0.07,0.014,3946,0.05,0.01,3532,0.11,0.022,4,0.06,0.012,0,0
IWM191101P150,2019-10-28,2019-10-28 09:31:36,0.07,0.014,3844,0.05,0.01,2971,0.11,0.022,4,0.06,0.012,0,0
IWM191101P150,2019-10-28,2019-10-28 09:31:37,0.07,0.014,3946,0.05,0.01,3532,0.11,0.022,4,0.06,0.012,0,0
IWM191101P150,2019-10-28,2019-10-28 09:31:38,0.07,0.014,3946,0.05,0.01,3532,0.11,0.022,4,0.06,0.012,0,0
IWM191101P150,2019-10-28,2019-10-28 09:31:39,0.07,0.014,3946,0.05,0.01,3532,0.11,0.022,4,0.06,0.012,0,0
IWM191101P150,2019-10-28,2019-10-28 09:31:39,0.07,0.014,4031,0.05,0.01,3086,0.11,0.022,4,0.06,0.012,0,0
IWM191101P150,2019-10-28,2019-10-28 09:31:40,0.07,0.014,3951,0.05,0.01,3446,0.11,0.022,4,0.06,0.012,0,0
IWM191101P150,2019-10-28,2019-10-28 09:31:41,0.07,0.014,4031,0.05,0.01,3446,0.11,0.022,4,0.06,0.012,0,0
IWM191101P150,2019-10-28,2019-10-28 09:31:41,0.07,0.014,3951,0.05,0.01,3446,0.11,0.022,4,0.06,0.012,0,0
IWM191101P150,2019-10-28,2019-10-28 09:31:42,0.07,0.014,3951,0.05,0.01,3526,0.11,0.022,4,0.06,0.012,0,0
IWM191101P150,2019-10-28,2019-10-28 09:31:43,0.07,0.014,2633,0.05,0.01,2352,0.11,0.022,4,0.06,0.012,0,0
IWM191101P150,2019-10-28,2019-10-28 09:31:43,0.07,0.014,2719,0.05,0.01,2616,0.11,0.022,4,0.06,0.012,0,0
IWM191101P150,2019-10-28,2019-10-28 09:31:44,0.07,0.014,2894,0.05,0.01,2527,0.11,0.022,4,0.06,0.012,0,0
IWM191101P150,2019-10-28,2019-10-28 09:31:45,0.07,0.014,3355,0.05,0.01,3266,0.11,0.022,4,0.06,0.012,0,0
IWM191101P150,2019-10-28,2019-10-28 09:31:45,0.07,0.014,2271,0.05,0.01,1931,0.11,0.022,4,0.06,0.012,0,0
IWM191101P150,2019-10-28,2019-10-28 09:31:46,0.07,0.014,3355,0.05,0.01,3266,0.11,0.022,4,0.06,0.012,0,0
IWM191101P150,2019-10-28,2019-10-28 09:31:46,0.07,0.014,3355,0.05,0.01,3186,0.11,0.022,4,0.06,0.012,0,0
IWM191101P150,2019-10-28,2019-10-28 09:31:47,0.07,0.014,3661,0.05,0.01,3400,0.11,0.022,4,0.06,0.012,0,0
IWM191101P150,2019-10-28,2019-10-28 09:31:47,0.07,0.014,2638,0.05,0.01,2543,0.11,0.022,4,0.06,0.012,0,0
IWM191101P150,2019-10-28,2019-10-28 09:31:48,0.07,0.014,3661,0.05,0.01,3400,0.11,0.022,4,0.06,0.012,0,0
IWM191101P150,2019-10-28,2019-10-28 09:31:49,0.07,0.014,3661,0.05,0.01,3400,0.11,0.022,4,0.06,0.012,0,0
IWM191101P150,2019-10-28,2019-10-28 09:31:49,0.07,0.014,3191,0.05,0.01,2831,0.11,0.022,4,0.06,0.012,0,0
IWM191101P150,2019-10-28,2019-10-28 09:31:50,0.07,0.014,3191,0.05,0.01,2831,0.11,0.022,4,0.06,0.012,0,0
IWM191101P150,2019-10-28,2019-10-28 09:31:50,0.07,0.014,3670,0.05,0.01,3391,0.11,0.022,4,0.06,0.012,0,0
IWM191101P150,2019-10-28,2019-10-28 09:31:51,0.07,0.014,3877,0.05,0.01,3391,0.11,0.022,4,0.06,0.012,0,0
IWM191101P150,2019-10-28,2019-10-28 09:31:52,0.07,0.014,4037,0.05,0.01,3551,0.11,0.022,4,0.06,0.012,0,0
IWM191101P150,2019-10-28,2019-10-28 09:31:53,0.07,0.014,4037,0.05,0.01,3551,0.11,0.022,4,0.06,0.012,0,0
IWM191101P150,2019-10-28,2019-10-28 09:31:54,0.07,0.014,4059,0.05,0.01,3255,0.11,0.022,4,0.06,0.012,0,0
IWM191101P150,2019-10-28,2019-10-28 09:31:54,0.07,0.014,4037,0.05,0.01,3551,0.11,0.022,4,0.06,0.012,0,0
IWM191101P150,2019-10-28,2019-10-28 09:31:55,0.07,0.014,3085,0.05,0.01,2336,0.11,0.022,4,0.06,0.012,0,0
IWM191101P150,2019-10-28,2019-10-28 09:31:55,0.07,0.014,4059,0.05,0.01,3255,0.11,0.022,4,0.06,0.012,0,0
IWM191101P150,2019-10-28,2019-10-28 09:31:56,0.06,0.012,537,0.05,0.01,3255,0.11,0.022,4,0.055,0.011,0,0
IWM191101P150,2019-10-28,2019-10-28 09:31:57,0.06,0.012,537,0.05,0.01,3175,0.11,0.022,4,0.055,0.011,0,0
IWM191101P150,2019-10-28,2019-10-28 09:31:58,0.06,0.012,537,0.05,0.01,2311,0.11,0.022,4,0.055,0.011,0,0
IWM191101P150,2019-10-28,2019-10-28 09:31:58,0.06,0.012,537,0.05,0.01,3175,0.11,0.022,4,0.055,0.011,0,0
IWM191101P150,2019-10-28,2019-10-28 09:31:59,0.06,0.012,346,0.05,0.01,2401,0.11,0.022,4,0.055,0.011,0,0
IWM191101P150,2019-10-28,2019-10-28 09:31:59,0.06,0.012,537,0.05,0.01,2288,0.11,0.022,4,0.055,0.011,0,0
IWM191101P150,2019-10-28,2019-10-28 09:32:00,0.06,0.012,526,0.05,0.01,1583,0.11,0.022,4,0.055,0.011,0,0
IWM191101P150,2019-10-28,2019-10-28 09:32:00,0.06,0.012,537,0.05,0.01,2288,0.11,0.022,4,0.055,0.011,0,0
IWM191101P150,2019-10-28,2019-10-28 09:32:01,0.06,0.012,537,0.05,0.01,1471,0.11,0.022,4,0.055,0.011,0,0
IWM191101P150,2019-10-28,2019-10-28 09:32:01,0.06,0.012,526,0.05,0.01,2403,0.11,0.022,4,0.055,0.011,0,0
IWM191101P150,2019-10-28,2019-10-28 09:32:02,0.06,0.012,537,0.05,0.01,2297,0.11,0.022,4,0.055,0.011,0,0
IWM191101P150,2019-10-28,2019-10-28 09:32:03,0.06,0.012,537,0.05,0.01,2297,0.11,0.022,4,0.055,0.011,0,0
IWM191101P150,2019-10-28,2019-10-28 09:32:03,0.06,0.012,537,0.05,0.01,3093,0.11,0.022,4,0.055,0.011,0,0
IWM191101P150,2019-10-28,2019-10-28 09:32:04,0.06,0.012,537,0.05,0.01,3093,0.11,0.022,4,0.055,0.011,0,0
IWM191101P150,2019-10-28,2019-10-28 09:32:05,0.06,0.012,1435,0.05,0.01,3093,0.11,0.022,4,0.055,0.011,0,0
IWM191101P150,2019-10-28,2019-10-28 09:32:05,0.06,0.012,1207,0.05,0.01,2353,0.11,0.022,4,0.055,0.011,0,0
IWM191101P150,2019-10-28,2019-10-28 09:32:06,0.06,0.012,1207,0.05,0.01,2353,0.11,0.022,4,0.055,0.011,0,0
IWM191101P150,2019-10-28,2019-10-28 09:32:06,0.06,0.012,2044,0.05,0.01,3093,0.11,0.022,4,0.055,0.011,0,0
IWM191101P150,2019-10-28,2019-10-28 09:32:07,0.06,0.012,2419,0.05,0.01,3099,0.11,0.022,4,0.055,0.011,0,0
IWM191101P150,2019-10-28,2019-10-28 09:32:08,0.06,0.012,2419,0.05,0.01,3099,0.11,0.022,4,0.055,0.011,0,0
IWM191101P150,2019-10-28,2019-10-28 09:32:09,0.06,0.012,1654,0.05,0.01,3099,0.11,0.022,4,0.055,0.011,0,0
IWM191101P150,2019-10-28,2019-10-28 09:32:10,0.06,0.012,2474,0.05,0.01,3099,0.11,0.022,4,0.055,0.011,0,0
IWM191101P150,2019-10-28,2019-10-28 09:32:11,0.06,0.012,2474,0.05,0.01,3099,0.11,0.022,4,0.055,0.011,0,0
IWM191101P150,2019-10-28,2019-10-28 09:32:12,0.06,0.012,2474,0.05,0.01,3099,0.11,0.022,4,0.055,0.011,0,0
IWM191101P150,2019-10-28,2019-10-28 09:32:13,0.06,0.012,2493,0.05,0.01,3166,0.11,0.022,4,0.055,0.011,0,0
IWM191101P150,2019-10-28,2019-10-28 09:32:13,0.06,0.012,2474,0.05,0.01,3099,0.11,0.022,4,0.055,0.011,0,0
IWM191101P150,2019-10-28,2019-10-28 09:32:14,0.06,0.012,2978,0.05,0.01,3086,0.11,0.022,4,0.055,0.011,0,0
IWM191101P150,2019-10-28,2019-10-28 09:32:14,0.06,0.012,2978,0.05,0.01,3166,0.11,0.022,4,0.055,0.011,0,0
IWM191101P150,2019-10-28,2019-10-28 09:32:15,0.06,0.012,3488,0.05,0.01,3166,0.11,0.022,4,0.055,0.011,0,0
IWM191101P150,2019-10-28,2019-10-28 09:32:16,0.06,0.012,3219,0.05,0.01,3166,0.11,0.022,4,0.055,0.011,0,0
IWM191101P150,2019-10-28,2019-10-28 09:32:18,0.06,0.012,2010,0.05,0.01,2256,0.11,0.022,4,0.055,0.011,0,0
IWM191101P150,2019-10-28,2019-10-28 09:32:18,0.06,0.012,2709,0.05,0.01,3166,0.11,0.022,4,0.055,0.011,0,0
IWM191101P150,2019-10-28,2019-10-28 09:32:19,0.06,0.012,1921,0.05,0.01,2865,0.11,0.022,4,0.055,0.011,0,0
IWM191101P150,2019-10-28,2019-10-28 09:32:19,0.06,0.012,575,0.05,0.01,1977,0.11,0.022,4,0.055,0.011,0,0
IWM191101P150,2019-10-28,2019-10-28 09:32:20,0.06,0.012,1921,0.05,0.01,2865,0.11,0.022,4,0.055,0.011,0,0
IWM191101P150,2019-10-28,2019-10-28 09:32:20,0.06,0.012,1686,0.05,0.01,3166,0.11,0.022,4,0.055,0.011,0,0
IWM191101P150,2019-10-28,2019-10-28 09:32:21,0.06,0.012,866,0.05,0.01,3166,0.11,0.022,4,0.055,0.011,0,0
IWM191101P150,2019-10-28,2019-10-28 09:32:22,0.06,0.012,1686,0.05,0.01,3166,0.11,0.022,4,0.055,0.011,0,0
IWM191101P150,2019-10-28,2019-10-28 09:32:23,0.06,0.012,866,0.05,0.01,3166,0.11,0.022,4,0.055,0.011,0,0
IWM191101P150,2019-10-28,2019-10-28 09:32:24,0.06,0.012,1686,0.05,0.01,3166,0.11,0.022,4,0.055,0.011,0,0
IWM191101P150,2019-10-28,2019-10-28 09:32:25,0.06,0.012,590,0.05,0.01,2381,0.11,0.022,4,0.055,0.011,0,0
IWM191101P150,2019-10-28,2019-10-28 09:32:25,0.06,0.012,866,0.05,0.01,2466,0.11,0.022,4,0.055,0.011,0,0
IWM191101P150,2019-10-28,2019-10-28 09:32:26,0.06,0.012,20,0.05,0.01,3185,0.11,0.022,4,0.055,0.011,0,0
IWM191101P150,2019-10-28,2019-10-28 09:32:27,0.06,0.012,10,0.05,0.01,3300,0.11,0.022,4,0.055,0.011,0,0
IWM191101P150,2019-10-28,2019-10-28 09:32:27,0.06,0.012,20,0.05,0.01,3300,0.11,0.022,4,0.055,0.011,0,0
IWM191101P150,2019-10-28,2019-10-28 09:32:28,0.06,0.012,20,0.05,0.01,3300,0.11,0.022,4,0.055,0.011,0,0
IWM191101P150,2019-10-28,2019-10-28 09:32:29,0.06,0.012,20,0.05,0.01,3300,0.11,0.022,4,0.055,0.011,0,0
IWM191101P150,2019-10-28,2019-10-28 09:32:30,0.06,0.012,20,0.05,0.01,3300,0.11,0.022,4,0.055,0.011,0,0
IWM191101P150,2019-10-28,2019-10-28 09:32:31,0.07,0.014,4381,0.05,0.01,3774,0.11,0.022,4,0.06,0.012,0,0
IWM191101P150,2019-10-28,2019-10-28 09:32:31,0.06,0.012,20,0.05,0.01,3300,0.11,0.022,4,0.055,0.011,0,0
IWM191101P150,2019-10-28,2019-10-28 09:32:32,0.07,0.014,4381,0.05,0.01,3774,0.11,0.022,4,0.06,0.012,0,0
IWM191101P150,2019-10-28,2019-10-28 09:32:32,0.06,0.012,376,0.05,0.01,3774,0.11,0.022,4,0.055,0.011,0,0
IWM191101P150,2019-10-28,2019-10-28 09:32:33,0.06,0.012,231,0.05,0.01,3774,0.11,0.022,4,0.055,0.011,0,0
IWM191101P150,2019-10-28,2019-10-28 09:32:33,0.06,0.012,226,0.05,0.01,3774,0.11,0.022,4,0.055,0.011,0,0
IWM191101P150,2019-10-28,2019-10-28 09:32:34,0.06,0.012,53,0.05,0.01,3689,0.11,0.022,4,0.055,0.011,0,0
IWM191101P150,2019-10-28,2019-10-28 09:32:34,0.06,0.012,557,0.05,0.01,3774,0.11,0.022,4,0.055,0.011,0,0
IWM191101P150,2019-10-28,2019-10-28 09:32:35,0.06,0.012,658,0.05,0.01,3689,0.11,0.022,4,0.055,0.011,0,0
IWM191101P150,2019-10-28,2019-10-28 09:32:35,0.06,0.012,841,0.05,0.01,3689,0.11,0.022,4,0.055,0.011,0,0
IWM191101P150,2019-10-28,2019-10-28 09:32:36,0.06,0.012,933,0.05,0.01,3774,0.11,0.022,4,0.055,0.011,0,0
IWM191101P150,2019-10-28,2019-10-28 09:32:36,0.06,0.012,1944,0.05,0.01,3774,0.11,0.022,4,0.055,0.011,0,0
IWM191101P150,2019-10-28,2019-10-28 09:32:37,0.06,0.012,318,0.05,0.01,2039,0.11,0.022,4,0.055,0.011,0,0
IWM191101P150,2019-10-28,2019-10-28 09:32:37,0.06,0.012,1207,0.05,0.01,3111,0.11,0.022,4,0.055,0.011,0,0
IWM191101P150,2019-10-28,2019-10-28 09:32:38,0.06,0.012,1725,0.05,0.01,3111,0.11,0.022,4,0.055,0.011,0,0
IWM191101P150,2019-10-28,2019-10-28 09:32:38,0.06,0.012,1957,0.05,0.01,3111,0.11,0.022,4,0.055,0.011,0,0
IWM191101P150,2019-10-28,2019-10-28 09:32:39,0.06,0.012,1539,0.05,0.01,2399,0.11,0.022,4,0.055,0.011,0,0
IWM191101P150,2019-10-28,2019-10-28 09:32:39,0.06,0.012,1957,0.05,0.01,3111,0.11,0.022,4,0.055,0.011,0,0
IWM191101P150,2019-10-28,2019-10-28 09:32:40,0.06,0.012,493,0.05,0.01,1928,0.11,0.022,4,0.055,0.011,0,0
IWM191101P150,2019-10-28,2019-10-28 09:32:40,0.06,0.012,1539,0.05,0.01,2399,0.11,0.022,4,0.055,0.011,0,0
IWM191101P150,2019-10-28,2019-10-28 09:32:41,0.06,0.012,542,0.05,0.01,1251,0.11,0.022,4,0.055,0.011,0,0
IWM191101P150,2019-10-28,2019-10-28 09:32:41,0.06,0.012,493,0.05,0.01,1928,0.11,0.022,4,0.055,0.011,0,0
IWM191101P150,2019-10-28,2019-10-28 09:32:42,0.06,0.012,689,0.05,0.01,1636,0.11,0.022,4,0.055,0.011,0,0
IWM191101P150,2019-10-28,2019-10-28 09:32:42,0.06,0.012,812,0.05,0.01,2384,0.11,0.022,4,0.055,0.011,0,0
IWM191101P150,2019-10-28,2019-10-28 09:32:43,0.06,0.012,1197,0.05,0.01,2299,0.11,0.022,4,0.055,0.011,0,0
IWM191101P150,2019-10-28,2019-10-28 09:32:43,0.06,0.012,1795,0.05,0.01,3175,0.11,0.022,4,0.055,0.011,0,0
IWM191101P150,2019-10-28,2019-10-28 09:32:44,0.06,0.012,1795,0.05,0.01,3175,0.11,0.022,4,0.055,0.011,0,0
IWM191101P150,2019-10-28,2019-10-28 09:32:45,0.06,0.012,2014,0.05,0.01,3175,0.11,0.022,4,0.055,0.011,0,0
IWM191101P150,2019-10-28,2019-10-28 09:32:46,0.06,0.012,2014,0.05,0.01,3175,0.11,0.022,4,0.055,0.011,0,0
IWM191101P150,2019-10-28,2019-10-28 09:32:47,0.06,0.012,2466,0.05,0.01,3175,0.11,0.022,4,0.055,0.011,0,0
IWM191101P150,2019-10-28,2019-10-28 09:32:48,0.06,0.012,2744,0.05,0.01,3175,0.11,0.022,4,0.055,0.011,0,0
IWM191101P150,2019-10-28,2019-10-28 09:32:49,0.06,0.012,2744,0.05,0.01,3175,0.11,0.022,4,0.055,0.011,0,0
IWM191101P150,2019-10-28,2019-10-28 09:32:50,0.06,0.012,2744,0.05,0.01,3175,0.11,0.022,4,0.055,0.011,0,0
IWM191101P150,2019-10-28,2019-10-28 09:32:51,0.06,0.012,2744,0.05,0.01,3175,0.11,0.022,4,0.055,0.011,0,0
IWM191101P150,2019-10-28,2019-10-28 09:32:52,0.06,0.012,2744,0.05,0.01,3175,0.11,0.022,4,0.055,0.011,0,0
IWM191101P150,2019-10-28,2019-10-28 09:32:53,0.06,0.012,2744,0.05,0.01,3175,0.11,0.022,4,0.055,0.011,0,0
IWM191101P150,2019-10-28,2019-10-28 09:32:54,0.06,0.012,2744,0.05,0.01,3175,0.11,0.022,4,0.055,0.011,0,0
IWM191101P150,2019-10-28,2019-10-28 09:32:55,0.06,0.012,2744,0.05,0.01,3175,0.11,0.022,4,0.055,0.011,0,0
IWM191101P150,2019-10-28,2019-10-28 09:32:56,0.06,0.012,2744,0.05,0.01,3175,0.11,0.022,4,0.055,0.011,0,0
IWM191101P150,2019-10-28,2019-10-28 09:32:56,0.06,0.012,3459,0.05,0.01,3175,0.11,0.022,4,0.055,0.011,0,0
IWM191101P150,2019-10-28,2019-10-28 09:32:57,0.06,0.012,3651,0.05,0.01,2214,0.11,0.022,4,0.055,0.011,0,0
IWM191101P150,2019-10-28,2019-10-28 09:32:58,0.06,0.012,3651,0.05,0.01,3175,0.11,0.022,4,0.055,0.011,0,0
IWM191101P150,2019-10-28,2019-10-28 09:32:58,0.06,0.012,3651,0.05,0.01,2214,0.11,0.022,4,0.055,0.011,0,0
IWM191101P150,2019-10-28,2019-10-28 09:32:59,0.06,0.012,3651,0.05,0.01,3090,0.11,0.022,4,0.055,0.011,0,0
IWM191101P150,2019-10-28,2019-10-28 09:32:59,0.06,0.012,3651,0.05,0.01,3175,0.11,0.022,4,0.055,0.011,0,0
IWM191101P150,2019-10-28,2019-10-28 09:33:00,0.06,0.012,3651,0.05,0.01,3175,0.11,0.022,4,0.055,0.011,0,0
IWM191101P150,2019-10-28,2019-10-28 09:33:01,0.06,0.012,2796,0.05,0.01,1792,0.11,0.022,4,0.055,0.011,0,0
IWM191101P150,2019-10-28,2019-10-28 09:33:01,0.06,0.012,3651,0.05,0.01,3175,0.11,0.022,4,0.055,0.011,0,0
IWM191101P150,2019-10-28,2019-10-28 09:33:02,0.06,0.012,2836,0.05,0.01,2229,0.11,0.022,4,0.055,0.011,0,0
IWM191101P150,2019-10-28,2019-10-28 09:33:02,0.06,0.012,3798,0.05,0.01,2220,0.11,0.022,4,0.055,0.011,0,0
IWM191101P150,2019-10-28,2019-10-28 09:33:03,0.06,0.012,4268,0.05,0.01,3096,0.11,0.022,4,0.055,0.011,0,0
IWM191101P150,2019-10-28,2019-10-28 09:33:04,0.06,0.012,3306,0.05,0.01,2229,0.11,0.022,4,0.055,0.011,0,0
IWM191101P150,2019-10-28,2019-10-28 09:33:04,0.06,0.012,3221,0.05,0.01,1388,0.11,0.022,4,0.055,0.011,0,0
IWM191101P150,2019-10-28,2019-10-28 09:33:05,0.06,0.012,4208,0.05,0.01,2144,0.11,0.022,4,0.055,0.011,0,0
IWM191101P150,2019-10-28,2019-10-28 09:33:06,0.06,0.012,4208,0.05,0.01,1749,0.11,0.022,4,0.055,0.011,0,0
IWM191101P150,2019-10-28,2019-10-28 09:33:06,0.06,0.012,4208,0.05,0.01,3018,0.11,0.022,4,0.055,0.011,0,0
IWM191101P150,2019-10-28,2019-10-28 09:33:07,0.06,0.012,4208,0.05,0.01,3018,0.11,0.022,4,0.055,0.011,0,0
IWM191101P150,2019-10-28,2019-10-28 09:33:07,0.06,0.012,4208,0.05,0.01,2556,0.11,0.022,4,0.055,0.011,0,0
IWM191101P150,2019-10-28,2019-10-28 09:33:08,0.06,0.012,4208,0.05,0.01,3018,0.11,0.022,4,0.055,0.011,0,0
IWM191101P150,2019-10-28,2019-10-28 09:33:09,0.06,0.012,4208,0.05,0.01,3018,0.11,0.022,4,0.055,0.011,0,0
IWM191101P150,2019-10-28,2019-10-28 09:33:10,0.06,0.012,3747,0.05,0.01,3071,0.11,0.022,4,0.055,0.011,0,0
IWM191101P150,2019-10-28,2019-10-28 09:33:10,0.06,0.012,3747,0.05,0.01,2195,0.11,0.022,4,0.055,0.011,0,0
IWM191101P150,2019-10-28,2019-10-28 09:33:11,0.06,0.012,3747,0.05,0.01,2195,0.11,0.022,4,0.055,0.011,0,0
IWM191101P150,2019-10-28,2019-10-28 09:33:11,0.06,0.012,3747,0.05,0.01,2595,0.11,0.022,4,0.055,0.011,0,0
IWM191101P150,2019-10-28,2019-10-28 09:33:12,0.06,0.012,2800,0.05,0.01,2511,0.11,0.022,4,0.055,0.011,0,0
IWM191101P150,2019-10-28,2019-10-28 09:33:12,0.06,0.012,3824,0.05,0.01,2470,0.11,0.022,4,0.055,0.011,0,0
IWM191101P150,2019-10-28,2019-10-28 09:33:13,0.06,0.012,3824,0.05,0.01,2470,0.11,0.022,4,0.055,0.011,0,0
IWM191101P150,2019-10-28,2019-10-28 09:33:14,0.06,0.012,4052,0.05,0.01,2470,0.11,0.022,4,0.055,0.011,0,0
IWM191101P150,2019-10-28,2019-10-28 09:33:14,0.06,0.012,4052,0.05,0.01,2362,0.11,0.022,4,0.055,0.011,0,0
IWM191101P150,2019-10-28,2019-10-28 09:33:15,0.06,0.012,4169,0.05,0.01,3238,0.11,0.022,4,0.055,0.011,0,0
IWM191101P150,2019-10-28,2019-10-28 09:33:16,0.06,0.012,4169,0.05,0.01,3238,0.11,0.022,4,0.055,0.011,0,0
IWM191101P150,2019-10-28,2019-10-28 09:33:17,0.06,0.012,4169,0.05,0.01,3238,0.11,0.022,4,0.055,0.011,0,0
IWM191101P150,2019-10-28,2019-10-28 09:33:18,0.06,0.012,4169,0.05,0.01,3238,0.11,0.022,4,0.055,0.011,0,0
IWM191101P150,2019-10-28,2019-10-28 09:33:19,0.06,0.012,4218,0.05,0.01,3238,0.11,0.022,4,0.055,0.011,0,0
IWM191101P150,2019-10-28,2019-10-28 09:33:20,0.06,0.012,4218,0.05,0.01,3238,0.11,0.022,4,0.055,0.011,0,0
IWM191101P150,2019-10-28,2019-10-28 09:33:21,0.06,0.012,3304,0.05,0.01,2378,0.11,0.022,4,0.055,0.011,0,0
IWM191101P150,2019-10-28,2019-10-28 09:33:21,0.06,0.012,4290,0.05,0.01,2338,0.11,0.022,4,0.055,0.011,0,0
IWM191101P150,2019-10-28,2019-10-28 09:33:22,0.06,0.012,4290,0.05,0.01,2617,0.11,0.022,4,0.055,0.011,0,0
IWM191101P150,2019-10-28,2019-10-28 09:33:22,0.06,0.012,3200,0.05,0.01,1260,0.11,0.022,4,0.055,0.011,0,0
IWM191101P150,2019-10-28,2019-10-28 09:33:23,0.06,0.012,3084,0.05,0.01,2317,0.05,0.01,25,0.055,0.011,25,25
IWM191101P150,2019-10-28,2019-10-28 09:33:23,0.06,0.012,3084,0.05,0.01,1637,0.11,0.022,4,0.055,0.011,0,0
IWM191101P150,2019-10-28,2019-10-28 09:33:24,0.06,0.012,3084,0.05,0.01,2317,0.05,0.01,25,0.055,0.011,25,0
IWM191101P150,2019-10-28,2019-10-28 09:33:24,0.06,0.012,1884,0.05,0.01,1808,0.05,0.01,25,0.055,0.011,25,0
IWM191101P150,2019-10-28,2019-10-28 09:33:25,0.06,0.012,2349,0.05,0.01,2584,0.05,0.01,25,0.055,0.011,25,0
IWM191101P150,2019-10-28,2019-10-28 09:33:25,0.06,0.012,2346,0.05,0.01,2499,0.05,0.01,25,0.055,0.011,25,0
IWM191101P150,2019-10-28,2019-10-28 09:33:26,0.06,0.012,3051,0.05,0.01,2521,0.05,0.01,25,0.055,0.011,25,0
IWM191101P150,2019-10-28,2019-10-28 09:33:26,0.06,0.012,2916,0.05,0.01,2499,0.05,0.01,25,0.055,0.011,25,0
IWM191101P150,2019-10-28,2019-10-28 09:33:27,0.06,0.012,2921,0.05,0.01,2335,0.05,0.01,25,0.055,0.011,25,0
IWM191101P150,2019-10-28,2019-10-28 09:33:27,0.06,0.012,4022,0.05,0.01,3357,0.05,0.01,25,0.055,0.011,25,0
IWM191101P150,2019-10-28,2019-10-28 09:33:28,0.06,0.012,1919,0.05,0.01,1966,0.05,0.01,25,0.055,0.011,25,0
IWM191101P150,2019-10-28,2019-10-28 09:33:28,0.06,0.012,3507,0.05,0.01,1938,0.05,0.01,25,0.055,0.011,25,0
IWM191101P150,2019-10-28,2019-10-28 09:33:29,0.06,0.012,2514,0.05,0.01,2436,0.05,0.01,25,0.055,0.011,25,0
IWM191101P150,2019-10-28,2019-10-28 09:33:29,0.06,0.012,2710,0.05,0.01,3452,0.05,0.01,25,0.055,0.011,25,0
IWM191101P150,2019-10-28,2019-10-28 09:33:30,0.06,0.012,2514,0.05,0.01,2436,0.05,0.01,25,0.055,0.011,25,0
IWM191101P150,2019-10-28,2019-10-28 09:33:31,0.06,0.012,2514,0.05,0.01,2436,0.05,0.01,25,0.055,0.011,25,0
IWM191101P150,2019-10-28,2019-10-28 09:33:32,0.06,0.012,3826,0.05,0.01,3362,0.05,0.01,25,0.055,0.011,25,0
IWM191101P150,2019-10-28,2019-10-28 09:33:32,0.06,0.012,3704,0.05,0.01,3362,0.05,0.01,25,0.055,0.011,25,0
IWM191101P150,2019-10-28,2019-10-28 09:33:33,0.06,0.012,3826,0.05,0.01,3362,0.05,0.01,25,0.055,0.011,25,0
IWM191101P150,2019-10-28,2019-10-28 09:33:34,0.06,0.012,3826,0.05,0.01,3362,0.05,0.01,25,0.055,0.011,25,0
IWM191101P150,2019-10-28,2019-10-28 09:33:35,0.06,0.012,4027,0.05,0.01,3297,0.05,0.01,25,0.055,0.011,25,0
IWM191101P150,2019-10-28,2019-10-28 09:33:35,0.06,0.012,4112,0.05,0.01,3297,0.05,0.01,25,0.055,0.011,25,0
IWM191101P150,2019-10-28,2019-10-28 09:33:36,0.06,0.012,4112,0.05,0.01,3272,0.05,0.01,25,0.055,0.011,25,0
IWM191101P150,2019-10-28,2019-10-28 09:33:37,0.06,0.012,3151,0.05,0.01,777,0.05,0.01,25,0.055,0.011,25,0
IWM191101P150,2019-10-28,2019-10-28 09:33:37,0.06,0.012,4298,0.05,0.01,2300,0.05,0.01,25,0.055,0.011,25,0
IWM191101P150,2019-10-28,2019-10-28 09:33:38,0.06,0.012,4213,0.05,0.01,2229,0.05,0.01,25,0.055,0.011,25,0
IWM191101P150,2019-10-28,2019-10-28 09:33:38,0.06,0.012,4298,0.05,0.01,1874,0.05,0.01,25,0.055,0.011,25,0
IWM191101P150,2019-10-28,2019-10-28 09:33:39,0.06,0.012,4213,0.05,0.01,2229,0.05,0.01,25,0.055,0.011,25,0
IWM191101P150,2019-10-28,2019-10-28 09:33:40,0.06,0.012,4213,0.05,0.01,2229,0.05,0.01,25,0.055,0.011,25,0
IWM191101P150,2019-10-28,2019-10-28 09:33:41,0.06,0.012,4213,0.05,0.01,3105,0.05,0.01,25,0.055,0.011,25,0
IWM191101P150,2019-10-28,2019-10-28 09:33:41,0.06,0.012,4298,0.05,0.01,3105,0.05,0.01,25,0.055,0.011,25,0
IWM191101P150,2019-10-28,2019-10-28 09:33:42,0.06,0.012,4213,0.05,0.01,3105,0.05,0.01,25,0.055,0.011,25,0
IWM191101P150,2019-10-28,2019-10-28 09:33:42,0.06,0.012,4209,0.05,0.01,3190,0.05,0.01,25,0.055,0.011,25,0
IWM191101P150,2019-10-28,2019-10-28 09:33:43,0.06,0.012,4209,0.05,0.01,3190,0.05,0.01,25,0.055,0.011,25,0
IWM191101P150,2019-10-28,2019-10-28 09:33:44,0.06,0.012,4209,0.05,0.01,3190,0.05,0.01,25,0.055,0.011,25,0
IWM191101P150,2019-10-28,2019-10-28 09:33:45,0.06,0.012,4294,0.05,0.01,3190,0.05,0.01,25,0.055,0.011,25,0
IWM191101P150,2019-10-28,2019-10-28 09:33:46,0.06,0.012,4298,0.05,0.01,3127,0.05,0.01,25,0.055,0.011,25,0
IWM191101P150,2019-10-28,2019-10-28 09:33:46,0.06,0.012,4383,0.05,0.01,2251,0.05,0.01,25,0.055,0.011,25,0
IWM191101P150,2019-10-28,2019-10-28 09:33:47,0.06,0.012,4383,0.05,0.01,3127,0.05,0.01,25,0.055,0.011,25,0
IWM191101P150,2019-10-28,2019-10-28 09:33:48,0.06,0.012,4298,0.05,0.01,3127,0.05,0.01,25,0.055,0.011,25,0
IWM191101P150,2019-10-28,2019-10-28 09:33:49,0.06,0.012,3464,0.05,0.01,1564,0.05,0.01,25,0.055,0.011,25,0
IWM191101P150,2019-10-28,2019-10-28 09:33:49,0.06,0.012,4298,0.05,0.01,3127,0.05,0.01,25,0.055,0.011,25,0
IWM191101P150,2019-10-28,2019-10-28 09:33:50,0.06,0.012,4162,0.05,0.01,2696,0.05,0.01,25,0.055,0.011,25,0
IWM191101P150,2019-10-28,2019-10-28 09:33:50,0.06,0.012,4069,0.05,0.01,3112,0.05,0.01,25,0.055,0.011,25,0
IWM191101P150,2019-10-28,2019-10-28 09:33:51,0.06,0.012,4069,0.05,0.01,3112,0.05,0.01,25,0.055,0.011,25,0
IWM191101P150,2019-10-28,2019-10-28 09:33:52,0.06,0.012,4069,0.05,0.01,3112,0.05,0.01,25,0.055,0.011,25,0
IWM191101P150,2019-10-28,2019-10-28 09:33:53,0.06,0.012,4069,0.05,0.01,3112,0.05,0.01,25,0.055,0.011,25,0
IWM191101P150,2019-10-28,2019-10-28 09:33:53,0.06,0.012,3219,0.05,0.01,1496,0.05,0.01,25,0.055,0.011,25,0
IWM191101P150,2019-10-28,2019-10-28 09:33:54,0.06,0.012,4102,0.05,0.01,2478,0.05,0.01,25,0.055,0.011,25,0
IWM191101P150,2019-10-28,2019-10-28 09:33:54,0.06,0.012,4187,0.05,0.01,3354,0.05,0.01,25,0.055,0.011,25,0
IWM191101P150,2019-10-28,2019-10-28 09:33:55,0.06,0.012,3739,0.05,0.01,3354,0.05,0.01,25,0.055,0.011,25,0
IWM191101P150,2019-10-28,2019-10-28 09:33:55,0.06,0.012,3824,0.05,0.01,2478,0.05,0.01,25,0.055,0.011,25,0
IWM191101P150,2019-10-28,2019-10-28 09:33:56,0.06,0.012,3824,0.05,0.01,3354,0.05,0.01,25,0.055,0.011,25,0
IWM191101P150,2019-10-28,2019-10-28 09:33:57,0.06,0.012,3824,0.05,0.01,3354,0.05,0.01,25,0.055,0.011,25,0
IWM191101P150,2019-10-28,2019-10-28 09:33:58,0.06,0.012,3656,0.05,0.01,2478,0.05,0.01,25,0.055,0.011,25,0
IWM191101P150,2019-10-28,2019-10-28 09:33:59,0.06,0.012,3807,0.05,0.01,2552,0.05,0.01,25,0.055,0.011,25,0
IWM191101P150,2019-10-28,2019-10-28 09:33:59,0.06,0.012,2355,0.05,0.01,1485,0.05,0.01,25,0.055,0.011,25,0
IWM191101P150,2019-10-28,2019-10-28 09:34:00,0.06,0.012,2406,0.05,0.01,1458,0.05,0.01,25,0.055,0.011,25,0
IWM191101P150,2019-10-28,2019-10-28 09:34:00,0.06,0.012,2609,0.05,0.01,1736,0.05,0.01,25,0.055,0.011,25,0
IWM191101P150,2019-10-28,2019-10-28 09:34:01,0.06,0.012,2794,0.05,0.01,2267,0.05,0.01,25,0.055,0.011,25,0
IWM191101P150,2019-10-28,2019-10-28 09:34:01,0.06,0.012,3792,0.05,0.01,3104,0.05,0.01,25,0.055,0.011,25,0
IWM191101P150,2019-10-28,2019-10-28 09:34:02,0.06,0.012,4091,0.05,0.01,2364,0.05,0.01,25,0.055,0.011,25,0
IWM191101P150,2019-10-28,2019-10-28 09:34:02,0.06,0.012,3792,0.05,0.01,3104,0.05,0.01,25,0.055,0.011,25,0
IWM191101P150,2019-10-28,2019-10-28 09:34:03,0.06,0.012,2281,0.05,0.01,696,0.05,0.01,25,0.055,0.011,25,0
IWM191101P150,2019-10-28,2019-10-28 09:34:04,0.06,0.012,2990,0.05,0.01,2181,0.05,0.01,25,0.055,0.011,25,0
IWM191101P150,2019-10-28,2019-10-28 09:34:04,0.06,0.012,2032,0.05,0.01,1232,0.05,0.01,25,0.055,0.011,25,0
IWM191101P150,2019-10-28,2019-10-28 09:34:05,0.06,0.012,3956,0.05,0.01,2180,0.05,0.01,25,0.055,0.011,25,0
IWM191101P150,2019-10-28,2019-10-28 09:34:05,0.06,0.012,3041,0.05,0.01,1426,0.05,0.01,25,0.055,0.011,25,0
IWM191101P150,2019-10-28,2019-10-28 09:34:06,0.06,0.012,3956,0.05,0.01,3056,0.05,0.01,25,0.055,0.011,25,0
IWM191101P150,2019-10-28,2019-10-28 09:34:07,0.06,0.012,4126,0.05,0.01,2180,0.05,0.01,25,0.055,0.011,25,0
IWM191101P150,2019-10-28,2019-10-28 09:34:08,0.06,0.012,4126,0.05,0.01,3056,0.05,0.01,25,0.055,0.011,25,0
IWM191101P150,2019-10-28,2019-10-28 09:34:09,0.06,0.012,4126,0.05,0.01,3056,0.05,0.01,25,0.055,0.011,25,0
IWM191101P150,2019-10-28,2019-10-28 09:34:09,0.06,0.012,4151,0.05,0.01,2107,0.05,0.01,25,0.055,0.011,25,0
IWM191101P150,2019-10-28,2019-10-28 09:34:10,0.06,0.012,4151,0.05,0.01,2965,0.05,0.01,25,0.055,0.011,25,0
IWM191101P150,2019-10-28,2019-10-28 09:34:11,0.06,0.012,4151,0.05,0.01,2965,0.05,0.01,25,0.055,0.011,25,0
IWM191101P150,2019-10-28,2019-10-28 09:34:12,0.06,0.012,4151,0.05,0.01,2990,0.05,0.01,25,0.055,0.011,25,0
IWM191101P150,2019-10-28,2019-10-28 09:34:12,0.06,0.012,4151,0.05,0.01,3075,0.05,0.01,25,0.055,0.011,25,0
IWM191101P150,2019-10-28,2019-10-28 09:34:13,0.06,0.012,2957,0.05,0.01,2394,0.05,0.01,25,0.055,0.011,25,0
IWM191101P150,2019-10-28,2019-10-28 09:34:13,0.06,0.012,2872,0.05,0.01,2394,0.05,0.01,25,0.055,0.011,25,0
IWM191101P150,2019-10-28,2019-10-28 09:34:14,0.06,0.012,1996,0.05,0.01,1536,0.05,0.01,25,0.055,0.011,25,0
IWM191101P150,2019-10-28,2019-10-28 09:34:15,0.06,0.012,3273,0.05,0.01,1819,0.05,0.01,25,0.055,0.011,25,0
IWM191101P150,2019-10-28,2019-10-28 09:34:15,0.06,0.012,3188,0.05,0.01,2304,0.05,0.01,25,0.055,0.011,25,0
IWM191101P150,2019-10-28,2019-10-28 09:34:16,0.06,0.012,2872,0.05,0.01,2304,0.05,0.01,25,0.055,0.011,25,0
IWM191101P150,2019-10-28,2019-10-28 09:34:17,0.06,0.012,2872,0.05,0.01,2304,0.05,0.01,25,0.055,0.011,25,0
IWM191101P150,2019-10-28,2019-10-28 09:34:18,0.06,0.012,3249,0.05,0.01,2304,0.05,0.01,25,0.055,0.011,25,0
IWM191101P150,2019-10-28,2019-10-28 09:34:19,0.06,0.012,3249,0.05,0.01,2304,0.05,0.01,25,0.055,0.011,25,0
IWM191101P150,2019-10-28,2019-10-28 09:34:21,0.06,0.012,3249,0.05,0.01,2304,0.05,0.01,25,0.055,0.011,25,0
IWM191101P150,2019-10-28,2019-10-28 09:34:22,0.06,0.012,3249,0.05,0.01,2219,0.05,0.01,25,0.055,0.011,25,0
IWM191101P150,2019-10-28,2019-10-28 09:34:22,0.06,0.012,3249,0.05,0.01,2304,0.05,0.01,25,0.055,0.011,25,0
IWM191101P150,2019-10-28,2019-10-28 09:34:23,0.06,0.012,3249,0.05,0.01,2219,0.05,0.01,25,0.055,0.011,25,0
IWM191101P150,2019-10-28,2019-10-28 09:34:24,0.06,0.012,3249,0.05,0.01,2346,0.05,0.01,25,0.055,0.011,25,0
IWM191101P150,2019-10-28,2019-10-28 09:34:24,0.06,0.012,3249,0.05,0.01,2219,0.05,0.01,25,0.055,0.011,25,0
IWM191101P150,2019-10-28,2019-10-28 09:34:25,0.06,0.012,3249,0.05,0.01,2346,0.05,0.01,25,0.055,0.011,25,0
IWM191101P150,2019-10-28,2019-10-28 09:34:26,0.06,0.012,2897,0.05,0.01,1740,0.05,0.01,25,0.055,0.011,25,0
IWM191101P150,2019-10-28,2019-10-28 09:34:26,0.06,0.012,2116,0.05,0.01,1432,0.05,0.01,25,0.055,0.011,25,0
IWM191101P150,2019-10-28,2019-10-28 09:34:27,0.06,0.012,2897,0.05,0.01,1339,0.05,0.01,25,0.055,0.011,25,0
IWM191101P150,2019-10-28,2019-10-28 09:34:28,0.06,0.012,3773,0.05,0.01,1430,0.05,0.01,25,0.055,0.011,25,0
IWM191101P150,2019-10-28,2019-10-28 09:34:28,0.06,0.012,3773,0.05,0.01,1987,0.05,0.01,25,0.055,0.011,25,0
IWM191101P150,2019-10-28,2019-10-28 09:34:29,0.06,0.012,3773,0.05,0.01,2863,0.05,0.01,25,0.055,0.011,25,0
IWM191101P150,2019-10-28,2019-10-28 09:34:30,0.06,0.012,3773,0.05,0.01,2863,0.05,0.01,25,0.055,0.011,25,0
IWM191101P150,2019-10-28,2019-10-28 09:34:31,0.06,0.012,3773,0.05,0.01,1740,0.05,0.01,25,0.055,0.011,25,0
IWM191101P150,2019-10-28,2019-10-28 09:34:31,0.06,0.012,3773,0.05,0.01,2772,0.05,0.01,25,0.055,0.011,25,0
IWM191101P150,2019-10-28,2019-10-28 09:34:32,0.06,0.012,3773,0.05,0.01,2030,0.05,0.01,25,0.055,0.011,25,0
IWM191101P150,2019-10-28,2019-10-28 09:34:32,0.06,0.012,3773,0.05,0.01,2813,0.05,0.01,25,0.055,0.011,25,0
IWM191101P150,2019-10-28,2019-10-28 09:34:33,0.06,0.012,3773,0.05,0.01,2813,0.05,0.01,25,0.055,0.011,25,0
IWM191101P150,2019-10-28,2019-10-28 09:34:33,0.06,0.012,3858,0.05,0.01,2813,0.05,0.01,25,0.055,0.011,25,0
IWM191101P150,2019-10-28,2019-10-28 09:34:34,0.06,0.012,3858,0.05,0.01,2813,0.05,0.01,25,0.055,0.011,25,0
IWM191101P150,2019-10-28,2019-10-28 09:34:35,0.06,0.012,3773,0.05,0.01,2813,0.05,0.01,25,0.055,0.011,25,0
IWM191101P150,2019-10-28,2019-10-28 09:34:36,0.06,0.012,3858,0.05,0.01,2243,0.05,0.01,25,0.055,0.011,25,0
IWM191101P150,2019-10-28,2019-10-28 09:34:37,0.06,0.012,3116,0.05,0.01,450,0.05,0.01,25,0.055,0.011,25,0
IWM191101P150,2019-10-28,2019-10-28 09:34:37,0.06,0.012,3858,0.05,0.01,470,0.05,0.01,25,0.055,0.011,25,0
IWM191101P150,2019-10-28,2019-10-28 09:34:38,0.06,0.012,3116,0.05,0.01,506,0.05,0.01,25,0.055,0.011,25,0
IWM191101P150,2019-10-28,2019-10-28 09:34:39,0.06,0.012,3907,0.05,0.01,486,0.05,0.01,25,0.055,0.011,25,0
IWM191101P150,2019-10-28,2019-10-28 09:34:39,0.06,0.012,3992,0.05,0.01,486,0.05,0.01,25,0.055,0.011,25,0
IWM191101P150,2019-10-28,2019-10-28 09:34:40,0.06,0.012,3992,0.05,0.01,486,0.05,0.01,25,0.055,0.011,25,0
IWM191101P150,2019-10-28,2019-10-28 09:34:41,0.06,0.012,3992,0.05,0.01,522,0.05,0.01,25,0.055,0.011,25,0
IWM191101P150,2019-10-28,2019-10-28 09:34:41,0.06,0.012,3992,0.05,0.01,645,0.05,0.01,25,0.055,0.011,25,0
IWM191101P150,2019-10-28,2019-10-28 09:34:42,0.06,0.012,3992,0.05,0.01,893,0.05,0.01,25,0.055,0.011,25,0
IWM191101P150,2019-10-28,2019-10-28 09:34:42,0.06,0.012,3992,0.05,0.01,745,0.05,0.01,25,0.055,0.011,25,0
IWM191101P150,2019-10-28,2019-10-28 09:34:43,0.06,0.012,3992,0.05,0.01,745,0.05,0.01,25,0.055,0.011,25,0
IWM191101P150,2019-10-28,2019-10-28 09:34:43,0.06,0.012,3992,0.05,0.01,851,0.05,0.01,25,0.055,0.011,25,0
IWM191101P150,2019-10-28,2019-10-28 09:34:44,0.06,0.012,4108,0.05,0.01,725,0.05,0.01,25,0.055,0.011,25,0
IWM191101P150,2019-10-28,2019-10-28 09:34:44,0.06,0.012,4108,0.05,0.01,1292,0.05,0.01,25,0.055,0.011,25,0
IWM191101P150,2019-10-28,2019-10-28 09:34:45,0.06,0.012,4193,0.05,0.01,2307,0.05,0.01,25,0.055,0.011,25,0
IWM191101P150,2019-10-28,2019-10-28 09:34:46,0.06,0.012,3901,0.05,0.01,1425,0.05,0.01,25,0.055,0.011,25,0
IWM191101P150,2019-10-28,2019-10-28 09:34:47,0.06,0.012,3986,0.05,0.01,946,0.05,0.01,25,0.055,0.011,25,0
IWM191101P150,2019-10-28,2019-10-28 09:34:48,0.06,0.012,3145,0.05,0.01,675,0.05,0.01,25,0.055,0.011,25,0
IWM191101P150,2019-10-28,2019-10-28 09:34:48,0.06,0.012,3145,0.05,0.01,450,0.05,0.01,25,0.055,0.011,25,0
IWM191101P150,2019-10-28,2019-10-28 09:34:49,0.06,0.012,3986,0.05,0.01,513,0.05,0.01,25,0.055,0.011,25,0
IWM191101P150,2019-10-28,2019-10-28 09:34:50,0.06,0.012,4210,0.05,0.01,669,0.05,0.01,25,0.055,0.011,25,0
IWM191101P150,2019-10-28,2019-10-28 09:34:50,0.06,0.012,3986,0.05,0.01,513,0.05,0.01,25,0.055,0.011,25,0
IWM191101P150,2019-10-28,2019-10-28 09:34:51,0.06,0.012,4210,0.05,0.01,669,0.05,0.01,25,0.055,0.011,25,0
IWM191101P150,2019-10-28,2019-10-28 09:34:52,0.06,0.012,4174,0.05,0.01,350,0.05,0.01,25,0.055,0.011,25,0
IWM191101P150,2019-10-28,2019-10-28 09:34:52,0.06,0.012,4174,0.05,0.01,89,0.05,0.01,25,0.055,0.011,25,0
IWM191101P150,2019-10-28,2019-10-28 09:34:53,0.06,0.012,4174,0.05,0.01,65,0.05,0.01,25,0.055,0.011,25,0
IWM191101P150,2019-10-28,2019-10-28 09:34:53,0.06,0.012,4174,0.05,0.01,44,0.05,0.01,25,0.055,0.011,25,0
IWM191101P150,2019-10-28,2019-10-28 09:34:54,0.06,0.012,4174,0.05,0.01,51,0.05,0.01,25,0.055,0.011,25,0
IWM191101P150,2019-10-28,2019-10-28 09:34:55,0.06,0.012,4174,0.05,0.01,17,0.05,0.01,25,0.055,0.011,25,0
IWM191101P150,2019-10-28,2019-10-28 09:34:55,0.06,0.012,4174,0.05,0.01,60,0.05,0.01,25,0.055,0.011,25,0
IWM191101P150,2019-10-28,2019-10-28 09:34:56,0.06,0.012,4174,0.05,0.01,10,0.05,0.01,25,0.055,0.011,25,0
IWM191101P150,2019-10-28,2019-10-28 09:34:57,0.06,0.012,4214,0.04,0.008,1915,0.05,0.01,25,0.05,0.01,25,0
IWM191101P150,2019-10-28,2019-10-28 09:34:57,0.06,0.012,4214,0.04,0.008,3531,0.05,0.01,25,0.05,0.01,25,0
IWM191101P150,2019-10-28,2019-10-28 09:34:58,0.06,0.012,4214,0.04,0.008,3531,0.05,0.01,25,0.05,0.01,25,0
IWM191101P150,2019-10-28,2019-10-28 09:34:58,0.06,0.012,4214,0.04,0.008,3511,0.05,0.01,25,0.05,0.01,25,0
IWM191101P150,2019-10-28,2019-10-28 09:34:59,0.06,0.012,4214,0.04,0.008,3511,0.05,0.01,25,0.05,0.01,25,0
IWM191101P150,2019-10-28,2019-10-28 09:35:00,0.06,0.012,4214,0.04,0.008,3511,0.05,0.01,25,0.05,0.01,25,0
IWM191101P150,2019-10-28,2019-10-28 09:35:00,0.06,0.012,3225,0.04,0.008,3377,0.05,0.01,25,0.05,0.01,25,0
IWM191101P150,2019-10-28,2019-10-28 09:35:01,0.06,0.012,3225,0.04,0.008,3377,0.05,0.01,25,0.05,0.01,25,0
IWM191101P150,2019-10-28,2019-10-28 09:35:02,0.06,0.012,3247,0.04,0.008,3046,0.05,0.01,25,0.05,0.01,25,0
IWM191101P150,2019-10-28,2019-10-28 09:35:02,0.06,0.012,3247,0.04,0.008,3421,0.05,0.01,25,0.05,0.01,25,0
IWM191101P150,2019-10-28,2019-10-28 09:35:03,0.06,0.012,3247,0.04,0.008,3527,0.05,0.01,25,0.05,0.01,25,0
IWM191101P150,2019-10-28,2019-10-28 09:35:03,0.06,0.012,4231,0.04,0.008,4030,0.05,0.01,25,0.05,0.01,25,0
IWM191101P150,2019-10-28,2019-10-28 09:35:04,0.06,0.012,4231,0.04,0.008,4030,0.05,0.01,25,0.05,0.01,25,0
IWM191101P150,2019-10-28,2019-10-28 09:35:04,0.06,0.012,4231,0.04,0.008,4428,0.05,0.01,25,0.05,0.01,25,0
IWM191101P150,2019-10-28,2019-10-28 09:35:05,0.06,0.012,4197,0.04,0.008,4411,0.05,0.01,25,0.05,0.01,25,0
IWM191101P150,2019-10-28,2019-10-28 09:35:06,0.06,0.012,4197,0.04,0.008,4411,0.05,0.01,25,0.05,0.01,25,0
IWM191101P150,2019-10-28,2019-10-28 09:35:07,0.06,0.012,4197,0.04,0.008,4411,0.05,0.01,25,0.05,0.01,25,0
IWM191101P150,2019-10-28,2019-10-28 09:35:08,0.06,0.012,4197,0.04,0.008,4411,0.05,0.01,25,0.05,0.01,25,0
IWM191101P150,2019-10-28,2019-10-28 09:35:09,0.06,0.012,4197,0.04,0.008,4411,0.05,0.01,25,0.05,0.01,25,0
IWM191101P150,2019-10-28,2019-10-28 09:35:10,0.06,0.012,4237,0.04,0.008,4443,0.05,0.01,25,0.05,0.01,25,0
IWM191101P150,2019-10-28,2019-10-28 09:35:11,0.06,0.012,3247,0.04,0.008,3444,0.05,0.01,25,0.05,0.01,25,0
IWM191101P150,2019-10-28,2019-10-28 09:35:11,0.06,0.012,3247,0.04,0.008,3530,0.05,0.01,25,0.05,0.01,25,0
IWM191101P150,2019-10-28,2019-10-28 09:35:12,0.06,0.012,3247,0.04,0.008,3530,0.05,0.01,25,0.05,0.01,25,0
IWM191101P150,2019-10-28,2019-10-28 09:35:12,0.06,0.012,3271,0.04,0.008,3530,0.05,0.01,25,0.05,0.01,25,0
IWM191101P150,2019-10-28,2019-10-28 09:35:13,0.06,0.012,3271,0.04,0.008,3530,0.05,0.01,25,0.05,0.01,25,0
IWM191101P150,2019-10-28,2019-10-28 09:35:14,0.06,0.012,3271,0.04,0.008,3530,0.05,0.01,25,0.05,0.01,25,0
IWM191101P150,2019-10-28,2019-10-28 09:35:15,0.05,0.01,271,0.04,0.008,4443,0.05,0.01,25,0.045,0.009,25,0
IWM191101P150,2019-10-28,2019-10-28 09:35:15,0.05,0.01,431,0.04,0.008,4458,0.05,0.01,25,0.045,0.009,25,0
IWM191101P150,2019-10-28,2019-10-28 09:35:16,0.05,0.01,431,0.04,0.008,3459,0.05,0.01,25,0.045,0.009,25,0
IWM191101P150,2019-10-28,2019-10-28 09:35:17,0.05,0.01,431,0.04,0.008,3459,0.05,0.01,25,0.045,0.009,25,0
IWM191101P150,2019-10-28,2019-10-28 09:35:17,0.05,0.01,431,0.04,0.008,3528,0.05,0.01,25,0.045,0.009,25,0
IWM191101P150,2019-10-28,2019-10-28 09:35:18,0.05,0.01,431,0.04,0.008,3528,0.05,0.01,25,0.045,0.009,25,0
IWM191101P150,2019-10-28,2019-10-28 09:35:19,0.05,0.01,431,0.04,0.008,3528,0.05,0.01,25,0.045,0.009,25,0
IWM191101P150,2019-10-28,2019-10-28 09:35:20,0.05,0.01,431,0.04,0.008,3528,0.05,0.01,25,0.045,0.009,25,0
IWM191101P150,2019-10-28,2019-10-28 09:35:21,0.05,0.01,431,0.04,0.008,4457,0.05,0.01,25,0.045,0.009,25,0
IWM191101P150,2019-10-28,2019-10-28 09:35:22,0.05,0.01,431,0.04,0.008,4457,0.05,0.01,25,0.045,0.009,25,0
IWM191101P150,2019-10-28,2019-10-28 09:35:23,0.05,0.01,431,0.04,0.008,4457,0.05,0.01,25,0.045,0.009,25,0
IWM191101P150,2019-10-28,2019-10-28 09:35:24,0.05,0.01,431,0.04,0.008,4457,0.05,0.01,25,0.045,0.009,25,0
IWM191101P150,2019-10-28,2019-10-28 09:35:25,0.05,0.01,431,0.04,0.008,4457,0.05,0.01,25,0.045,0.009,25,0
IWM191101P150,2019-10-28,2019-10-28 09:35:26,0.05,0.01,431,0.04,0.008,4457,0.05,0.01,25,0.045,0.009,25,0
IWM191101P150,2019-10-28,2019-10-28 09:35:27,0.05,0.01,431,0.04,0.008,4457,0.05,0.01,25,0.045,0.009,25,0
IWM191101P150,2019-10-28,2019-10-28 09:35:28,0.05,0.01,271,0.04,0.008,4457,0.05,0.01,25,0.045,0.009,25,0
IWM191101P150,2019-10-28,2019-10-28 09:35:28,0.05,0.01,431,0.04,0.008,4457,0.05,0.01,25,0.045,0.009,25,0
IWM191101P150,2019-10-28,2019-10-28 09:35:29,0.05,0.01,271,0.04,0.008,4457,0.05,0.01,25,0.045,0.009,25,0
IWM191101P150,2019-10-28,2019-10-28 09:35:29,0.05,0.01,448,0.04,0.008,4457,0.05,0.01,25,0.045,0.009,25,0
IWM191101P150,2019-10-28,2019-10-28 09:35:30,0.05,0.01,535,0.04,0.008,4457,0.05,0.01,25,0.045,0.009,25,0
IWM191101P150,2019-10-28,2019-10-28 09:35:30,0.05,0.01,400,0.04,0.008,4457,0.05,0.01,25,0.045,0.009,25,0
IWM191101P150,2019-10-28,2019-10-28 09:35:31,0.05,0.01,400,0.04,0.008,4457,0.05,0.01,25,0.045,0.009,25,0
IWM191101P150,2019-10-28,2019-10-28 09:35:32,0.06,0.012,1414,0.04,0.008,3459,0.05,0.01,25,0.05,0.01,25,0
IWM191101P150,2019-10-28,2019-10-28 09:35:32,0.05,0.01,400,0.04,0.008,4457,0.05,0.01,25,0.045,0.009,25,0
IWM191101P150,2019-10-28,2019-10-28 09:35:33,0.06,0.012,3417,0.05,0.01,480,0.05,0.01,25,0.055,0.011,25,0
IWM191101P150,2019-10-28,2019-10-28 09:35:33,0.06,0.012,3417,0.05,0.01,450,0.05,0.01,25,0.055,0.011,25,0
IWM191101P150,2019-10-28,2019-10-28 09:35:34,0.06,0.012,3417,0.05,0.01,450,0.05,0.01,25,0.055,0.011,25,0
IWM191101P150,2019-10-28,2019-10-28 09:35:35,0.06,0.012,3417,0.05,0.01,855,0.05,0.01,25,0.055,0.011,25,0
IWM191101P150,2019-10-28,2019-10-28 09:35:36,0.06,0.012,3417,0.05,0.01,855,0.05,0.01,25,0.055,0.011,25,0
IWM191101P150,2019-10-28,2019-10-28 09:35:36,0.06,0.012,3584,0.05,0.01,2035,0.05,0.01,25,0.055,0.011,25,0
IWM191101P150,2019-10-28,2019-10-28 09:35:37,0.06,0.012,3584,0.05,0.01,2035,0.05,0.01,25,0.055,0.011,25,0
IWM191101P150,2019-10-28,2019-10-28 09:35:37,0.06,0.012,4460,0.05,0.01,450,0.05,0.01,25,0.055,0.011,25,0
IWM191101P150,2019-10-28,2019-10-28 09:35:38,0.06,0.012,4780,0.05,0.01,1000,0.05,0.01,25,0.055,0.011,25,0
IWM191101P150,2019-10-28,2019-10-28 09:35:38,0.06,0.012,4460,0.05,0.01,1000,0.05,0.01,25,0.055,0.011,25,0
IWM191101P150,2019-10-28,2019-10-28 09:35:39,0.06,0.012,4780,0.05,0.01,450,0.05,0.01,25,0.055,0.011,25,0
IWM191101P150,2019-10-28,2019-10-28 09:35:40,0.06,0.012,4780,0.05,0.01,450,0.05,0.01,25,0.055,0.011,25,0
IWM191101P150,2019-10-28,2019-10-28 09:35:41,0.06,0.012,4780,0.05,0.01,450,0.05,0.01,25,0.055,0.011,25,0
IWM191101P150,2019-10-28,2019-10-28 09:35:42,0.05,0.01,271,0.04,0.008,4724,0.05,0.01,25,0.045,0.009,25,0
IWM191101P150,2019-10-28,2019-10-28 09:35:42,0.05,0.01,80,0.05,0.01,450,0.05,0.01,25,0.05,0.01,25,0
IWM191101P150,2019-10-28,2019-10-28 09:35:43,0.05,0.01,453,0.04,0.008,4724,0.05,0.01,25,0.045,0.009,25,0
IWM191101P150,2019-10-28,2019-10-28 09:35:44,0.05,0.01,453,0.04,0.008,4724,0.05,0.01,25,0.045,0.009,25,0
IWM191101P150,2019-10-28,2019-10-28 09:35:44,0.05,0.01,453,0.04,0.008,3848,0.05,0.01,25,0.045,0.009,25,0
IWM191101P150,2019-10-28,2019-10-28 09:35:45,0.05,0.01,412,0.04,0.008,2976,0.05,0.01,25,0.045,0.009,25,0
IWM191101P150,2019-10-28,2019-10-28 09:35:45,0.05,0.01,453,0.04,0.008,3848,0.05,0.01,25,0.045,0.009,25,0
IWM191101P150,2019-10-28,2019-10-28 09:35:46,0.05,0.01,524,0.04,0.008,3921,0.05,0.01,25,0.045,0.009,25,0
IWM191101P150,2019-10-28,2019-10-28 09:35:47,0.05,0.01,524,0.04,0.008,3921,0.05,0.01,25,0.045,0.009,25,0
IWM191101P150,2019-10-28,2019-10-28 09:35:47,0.05,0.01,524,0.04,0.008,4271,0.05,0.01,25,0.045,0.009,25,0
IWM191101P150,2019-10-28,2019-10-28 09:35:48,0.05,0.01,524,0.04,0.008,4271,0.05,0.01,25,0.045,0.009,25,0
IWM191101P150,2019-10-28,2019-10-28 09:35:49,0.05,0.01,550,0.04,0.008,4271,0.05,0.01,25,0.045,0.009,25,0
IWM191101P150,2019-10-28,2019-10-28 09:35:50,0.05,0.01,550,0.04,0.008,4271,0.05,0.01,25,0.045,0.009,25,0
IWM191101P150,2019-10-28,2019-10-28 09:35:51,0.05,0.01,550,0.04,0.008,4271,0.05,0.01,25,0.045,0.009,25,0
IWM191101P150,2019-10-28,2019-10-28 09:35:52,0.05,0.01,642,0.04,0.008,3006,0.05,0.01,25,0.045,0.009,25,0
IWM191101P150,2019-10-28,2019-10-28 09:35:52,0.05,0.01,550,0.04,0.008,3293,0.05,0.01,25,0.045,0.009,25,0
IWM191101P150,2019-10-28,2019-10-28 09:35:53,0.05,0.01,642,0.04,0.008,3538,0.05,0.01,25,0.045,0.009,25,0
IWM191101P150,2019-10-28,2019-10-28 09:35:53,0.05,0.01,519,0.04,0.008,3855,0.05,0.01,25,0.045,0.009,25,0
IWM191101P150,2019-10-28,2019-10-28 09:35:54,0.05,0.01,519,0.04,0.008,3855,0.05,0.01,25,0.045,0.009,25,0
IWM191101P150,2019-10-28,2019-10-28 09:35:55,0.05,0.01,596,0.04,0.008,4161,0.05,0.01,25,0.045,0.009,25,0
IWM191101P150,2019-10-28,2019-10-28 09:35:55,0.05,0.01,519,0.04,0.008,3855,0.05,0.01,25,0.045,0.009,25,0
IWM191101P150,2019-10-28,2019-10-28 09:35:56,0.05,0.01,596,0.04,0.008,4161,0.05,0.01,25,0.045,0.009,25,0
IWM191101P150,2019-10-28,2019-10-28 09:35:56,0.05,0.01,274,0.04,0.008,1380,0.05,0.01,25,0.045,0.009,25,0
IWM191101P150,2019-10-28,2019-10-28 09:35:57,0.05,0.01,528,0.04,0.008,2357,0.05,0.01,25,0.045,0.009,25,0
IWM191101P150,2019-10-28,2019-10-28 09:35:57,0.05,0.01,528,0.04,0.008,3448,0.05,0.01,25,0.045,0.009,25,0
IWM191101P150,2019-10-28,2019-10-28 09:35:58,0.05,0.01,528,0.04,0.008,3670,0.05,0.01,25,0.045,0.009,25,0
IWM191101P150,2019-10-28,2019-10-28 09:35:58,0.05,0.01,554,0.04,0.008,3429,0.05,0.01,25,0.045,0.009,25,0
IWM191101P150,2019-10-28,2019-10-28 09:35:59,0.05,0.01,554,0.04,0.008,4224,0.05,0.01,25,0.045,0.009,25,0
IWM191101P150,2019-10-28,2019-10-28 09:35:59,0.05,0.01,554,0.04,0.008,3429,0.05,0.01,25,0.045,0.009,25,0
IWM191101P150,2019-10-28,2019-10-28 09:36:00,0.05,0.01,554,0.04,0.008,4224,0.05,0.01,25,0.045,0.009,25,0
IWM191101P150,2019-10-28,2019-10-28 09:36:00,0.05,0.01,528,0.04,0.008,3331,0.05,0.01,25,0.045,0.009,25,0
IWM191101P150,2019-10-28,2019-10-28 09:36:01,0.05,0.01,496,0.04,0.008,3253,0.05,0.01,25,0.045,0.009,25,0
IWM191101P150,2019-10-28,2019-10-28 09:36:01,0.05,0.01,528,0.04,0.008,3451,0.05,0.01,25,0.045,0.009,25,0
IWM191101P150,2019-10-28,2019-10-28 09:36:02,0.05,0.01,574,0.04,0.008,4208,0.05,0.01,25,0.045,0.009,25,0
IWM191101P150,2019-10-28,2019-10-28 09:36:03,0.05,0.01,574,0.04,0.008,4208,0.05,0.01,25,0.045,0.009,25,0
IWM191101P150,2019-10-28,2019-10-28 09:36:04,0.05,0.01,244,0.04,0.008,3290,0.05,0.01,25,0.045,0.009,25,0
IWM191101P150,2019-10-28,2019-10-28 09:36:04,0.05,0.01,582,0.04,0.008,4157,0.05,0.01,25,0.045,0.009,25,0
IWM191101P150,2019-10-28,2019-10-28 09:36:05,0.05,0.01,496,0.04,0.008,3013,0.05,0.01,25,0.045,0.009,25,0
IWM191101P150,2019-10-28,2019-10-28 09:36:05,0.05,0.01,244,0.04,0.008,3290,0.05,0.01,25,0.045,0.009,25,0
IWM191101P150,2019-10-28,2019-10-28 09:36:06,0.05,0.01,326,0.04,0.008,3486,0.05,0.01,25,0.045,0.009,25,0
IWM191101P150,2019-10-28,2019-10-28 09:36:07,0.05,0.01,617,0.04,0.008,4484,0.05,0.01,25,0.045,0.009,25,0
IWM191101P150,2019-10-28,2019-10-28 09:36:08,0.05,0.01,611,0.04,0.008,4499,0.05,0.01,25,0.045,0.009,25,0
IWM191101P150,2019-10-28,2019-10-28 09:36:08,0.05,0.01,617,0.04,0.008,4484,0.05,0.01,25,0.045,0.009,25,0
IWM191101P150,2019-10-28,2019-10-28 09:36:09,0.05,0.01,320,0.04,0.008,3416,0.05,0.01,25,0.045,0.009,25,0
IWM191101P150,2019-10-28,2019-10-28 09:36:09,0.05,0.01,611,0.04,0.008,4499,0.05,0.01,25,0.045,0.009,25,0
IWM191101P150,2019-10-28,2019-10-28 09:36:10,0.05,0.01,608,0.04,0.008,4497,0.05,0.01,25,0.045,0.009,25,0
IWM191101P150,2019-10-28,2019-10-28 09:36:11,0.05,0.01,608,0.04,0.008,4497,0.05,0.01,25,0.045,0.009,25,0
IWM191101P150,2019-10-28,2019-10-28 09:36:12,0.05,0.01,608,0.04,0.008,4497,0.05,0.01,25,0.045,0.009,25,0
IWM191101P150,2019-10-28,2019-10-28 09:36:13,0.05,0.01,608,0.04,0.008,4497,0.05,0.01,25,0.045,0.009,25,0
IWM191101P150,2019-10-28,2019-10-28 09:36:14,0.05,0.01,608,0.04,0.008,4378,0.05,0.01,25,0.045,0.009,25,0
IWM191101P150,2019-10-28,2019-10-28 09:36:14,0.05,0.01,608,0.04,0.008,4497,0.05,0.01,25,0.045,0.009,25,0
IWM191101P150,2019-10-28,2019-10-28 09:36:15,0.05,0.01,912,0.04,0.008,4463,0.05,0.01,25,0.045,0.009,25,0
IWM191101P150,2019-10-28,2019-10-28 09:36:15,0.05,0.01,608,0.04,0.008,4378,0.05,0.01,25,0.045,0.009,25,0
IWM191101P150,2019-10-28,2019-10-28 09:36:16,0.05,0.01,624,0.04,0.008,3501,0.05,0.01,25,0.045,0.009,25,0
IWM191101P150,2019-10-28,2019-10-28 09:36:16,0.05,0.01,1044,0.04,0.008,4501,0.05,0.01,25,0.045,0.009,25,0
IWM191101P150,2019-10-28,2019-10-28 09:36:17,0.05,0.01,1044,0.04,0.008,3706,0.05,0.01,25,0.045,0.009,25,0
IWM191101P150,2019-10-28,2019-10-28 09:36:17,0.05,0.01,1044,0.04,0.008,4501,0.05,0.01,25,0.045,0.009,25,0
IWM191101P150,2019-10-28,2019-10-28 09:36:18,0.05,0.01,1044,0.04,0.008,4501,0.05,0.01,25,0.045,0.009,25,0
IWM191101P150,2019-10-28,2019-10-28 09:36:19,0.05,0.01,1044,0.04,0.008,4501,0.05,0.01,25,0.045,0.009,25,0
IWM191101P150,2019-10-28,2019-10-28 09:36:20,0.05,0.01,1044,0.04,0.008,4501,0.05,0.01,25,0.045,0.009,25,0
IWM191101P150,2019-10-28,2019-10-28 09:36:21,0.05,0.01,1044,0.04,0.008,4501,0.05,0.01,25,0.045,0.009,25,0
IWM191101P150,2019-10-28,2019-10-28 09:36:22,0.05,0.01,1044,0.04,0.008,4501,0.05,0.01,25,0.045,0.009,25,0
IWM191101P150,2019-10-28,2019-10-28 09:36:23,0.05,0.01,1044,0.04,0.008,4501,0.05,0.01,25,0.045,0.009,25,0
IWM191101P150,2019-10-28,2019-10-28 09:36:24,0.05,0.01,1044,0.04,0.008,4501,0.05,0.01,25,0.045,0.009,25,0
IWM191101P150,2019-10-28,2019-10-28 09:36:25,0.05,0.01,1044,0.04,0.008,4374,0.05,0.01,25,0.045,0.009,25,0
IWM191101P150,2019-10-28,2019-10-28 09:36:25,0.05,0.01,624,0.04,0.008,3416,0.05,0.01,25,0.045,0.009,25,0
IWM191101P150,2019-10-28,2019-10-28 09:36:26,0.05,0.01,1743,0.04,0.008,3223,0.05,0.01,25,0.045,0.009,25,0
IWM191101P150,2019-10-28,2019-10-28 09:36:26,0.05,0.01,1628,0.04,0.008,3283,0.05,0.01,25,0.045,0.009,25,0
IWM191101P150,2019-10-28,2019-10-28 09:36:27,0.05,0.01,1874,0.04,0.008,3029,0.05,0.01,25,0.045,0.009,25,0
IWM191101P150,2019-10-28,2019-10-28 09:36:28,0.05,0.01,2371,0.04,0.008,3862,0.05,0.01,25,0.045,0.009,25,0
IWM191101P150,2019-10-28,2019-10-28 09:36:28,0.05,0.01,1593,0.04,0.008,2898,0.05,0.01,25,0.045,0.009,25,0
IWM191101P150,2019-10-28,2019-10-28 09:36:29,0.05,0.01,2717,0.04,0.008,3862,0.05,0.01,25,0.045,0.009,25,0
IWM191101P150,2019-10-28,2019-10-28 09:36:29,0.05,0.01,2736,0.04,0.008,3862,0.05,0.01,25,0.045,0.009,25,0
IWM191101P150,2019-10-28,2019-10-28 09:36:30,0.05,0.01,2689,0.04,0.008,3202,0.05,0.01,25,0.045,0.009,25,0
IWM191101P150,2019-10-28,2019-10-28 09:36:30,0.05,0.01,3508,0.04,0.008,3947,0.05,0.01,25,0.045,0.009,25,0
IWM191101P150,2019-10-28,2019-10-28 09:36:31,0.05,0.01,2774,0.04,0.008,3117,0.05,0.01,25,0.045,0.009,25,0
IWM191101P150,2019-10-28,2019-10-28 09:36:31,0.05,0.01,3573,0.04,0.008,3985,0.05,0.01,25,0.045,0.009,25,0
IWM191101P150,2019-10-28,2019-10-28 09:36:32,0.05,0.01,3373,0.04,0.008,3985,0.05,0.01,25,0.045,0.009,25,0
IWM191101P150,2019-10-28,2019-10-28 09:36:33,0.05,0.01,3373,0.04,0.008,3985,0.05,0.01,25,0.045,0.009,25,0
IWM191101P150,2019-10-28,2019-10-28 09:36:34,0.05,0.01,3373,0.04,0.008,3985,0.05,0.01,25,0.045,0.009,25,0
IWM191101P150,2019-10-28,2019-10-28 09:36:34,0.05,0.01,3549,0.04,0.008,3985,0.05,0.01,25,0.045,0.009,25,0
IWM191101P150,2019-10-28,2019-10-28 09:36:35,0.05,0.01,3549,0.04,0.008,3985,0.05,0.01,25,0.045,0.009,25,0
IWM191101P150,2019-10-28,2019-10-28 09:36:36,0.05,0.01,3549,0.04,0.008,3985,0.05,0.01,25,0.045,0.009,25,0
IWM191101P150,2019-10-28,2019-10-28 09:36:37,0.05,0.01,3549,0.04,0.008,3985,0.05,0.01,25,0.045,0.009,25,0
IWM191101P150,2019-10-28,2019-10-28 09:36:38,0.05,0.01,2886,0.04,0.008,4028,0.05,0.01,25,0.045,0.009,25,0
IWM191101P150,2019-10-28,2019-10-28 09:36:38,0.05,0.01,2944,0.04,0.008,3234,0.05,0.01,25,0.045,0.009,25,0
IWM191101P150,2019-10-28,2019-10-28 09:36:39,0.05,0.01,2916,0.04,0.008,3152,0.05,0.01,25,0.045,0.009,25,0
IWM191101P150,2019-10-28,2019-10-28 09:36:39,0.05,0.01,2886,0.04,0.008,4028,0.05,0.01,25,0.045,0.009,25,0
IWM191101P150,2019-10-28,2019-10-28 09:36:40,0.05,0.01,2916,0.04,0.008,3152,0.05,0.01,25,0.045,0.009,25,0
IWM191101P150,2019-10-28,2019-10-28 09:36:41,0.05,0.01,2010,0.04,0.008,3236,0.05,0.01,25,0.045,0.009,25,0
IWM191101P150,2019-10-28,2019-10-28 09:36:41,0.05,0.01,2916,0.04,0.008,3236,0.05,0.01,25,0.045,0.009,25,0
IWM191101P150,2019-10-28,2019-10-28 09:36:42,0.05,0.01,3553,0.04,0.008,4021,0.05,0.01,25,0.045,0.009,25,0
IWM191101P150,2019-10-28,2019-10-28 09:36:43,0.05,0.01,3611,0.04,0.008,3936,0.05,0.01,25,0.045,0.009,25,0
IWM191101P150,2019-10-28,2019-10-28 09:36:43,0.05,0.01,3611,0.04,0.008,4021,0.05,0.01,25,0.045,0.009,25,0
IWM191101P150,2019-10-28,2019-10-28 09:36:44,0.05,0.01,3611,0.04,0.008,4021,0.05,0.01,25,0.045,0.009,25,0
IWM191101P150,2019-10-28,2019-10-28 09:36:45,0.05,0.01,3611,0.04,0.008,4021,0.05,0.01,25,0.045,0.009,25,0
IWM191101P150,2019-10-28,2019-10-28 09:36:45,0.05,0.01,3696,0.04,0.008,3936,0.05,0.01,25,0.045,0.009,25,0
IWM191101P150,2019-10-28,2019-10-28 09:36:46,0.05,0.01,3611,0.04,0.008,3936,0.05,0.01,25,0.045,0.009,25,0
IWM191101P150,2019-10-28,2019-10-28 09:36:46,0.05,0.01,3611,0.04,0.008,4021,0.05,0.01,25,0.045,0.009,25,0
IWM191101P150,2019-10-28,2019-10-28 09:36:47,0.05,0.01,3611,0.04,0.008,4021,0.05,0.01,25,0.045,0.009,25,0
IWM191101P150,2019-10-28,2019-10-28 09:36:48,0.05,0.01,3868,0.04,0.008,3686,0.05,0.01,25,0.045,0.009,25,0
IWM191101P150,2019-10-28,2019-10-28 09:36:48,0.05,0.01,3009,0.04,0.008,3070,0.05,0.01,25,0.045,0.009,25,0
IWM191101P150,2019-10-28,2019-10-28 09:36:49,0.05,0.01,3868,0.04,0.008,3686,0.05,0.01,25,0.045,0.009,25,0
IWM191101P150,2019-10-28,2019-10-28 09:36:50,0.05,0.01,3007,0.04,0.008,2895,0.05,0.01,25,0.045,0.009,25,0
IWM191101P150,2019-10-28,2019-10-28 09:36:50,0.05,0.01,4019,0.04,0.008,3858,0.05,0.01,25,0.045,0.009,25,0
IWM191101P150,2019-10-28,2019-10-28 09:36:51,0.05,0.01,4019,0.04,0.008,2982,0.05,0.01,25,0.045,0.009,25,0
IWM191101P150,2019-10-28,2019-10-28 09:36:51,0.05,0.01,4019,0.04,0.008,3858,0.05,0.01,25,0.045,0.009,25,0
IWM191101P150,2019-10-28,2019-10-28 09:36:52,0.05,0.01,3071,0.04,0.008,2796,0.05,0.01,25,0.045,0.009,25,0
IWM191101P150,2019-10-28,2019-10-28 09:36:52,0.05,0.01,3071,0.04,0.008,2920,0.05,0.01,25,0.045,0.009,25,0
IWM191101P150,2019-10-28,2019-10-28 09:36:53,0.05,0.01,3947,0.04,0.008,3672,0.05,0.01,25,0.045,0.009,25,0
IWM191101P150,2019-10-28,2019-10-28 09:36:53,0.05,0.01,3071,0.04,0.008,2796,0.05,0.01,25,0.045,0.009,25,0
IWM191101P150,2019-10-28,2019-10-28 09:36:54,0.05,0.01,3940,0.04,0.008,3727,0.05,0.01,25,0.045,0.009,25,0
IWM191101P150,2019-10-28,2019-10-28 09:36:54,0.05,0.01,3092,0.04,0.008,2771,0.05,0.01,25,0.045,0.009,25,0
IWM191101P150,2019-10-28,2019-10-28 09:36:55,0.05,0.01,3934,0.04,0.008,3817,0.05,0.01,25,0.045,0.009,25,0
IWM191101P150,2019-10-28,2019-10-28 09:36:55,0.05,0.01,4019,0.04,0.008,3732,0.05,0.01,25,0.045,0.009,25,0
IWM191101P150,2019-10-28,2019-10-28 09:36:56,0.05,0.01,3092,0.04,0.008,2771,0.05,0.01,25,0.045,0.009,25,0
IWM191101P150,2019-10-28,2019-10-28 09:36:56,0.05,0.01,4019,0.04,0.008,3732,0.05,0.01,25,0.045,0.009,25,0
IWM191101P150,2019-10-28,2019-10-28 09:36:57,0.05,0.01,4115,0.04,0.008,3603,0.05,0.01,25,0.045,0.009,25,0
IWM191101P150,2019-10-28,2019-10-28 09:36:57,0.05,0.01,4025,0.04,0.008,3638,0.05,0.01,25,0.045,0.009,25,0
IWM191101P150,2019-10-28,2019-10-28 09:36:58,0.05,0.01,4115,0.04,0.008,3603,0.05,0.01,25,0.045,0.009,25,0
IWM191101P150,2019-10-28,2019-10-28 09:36:59,0.05,0.01,4115,0.04,0.008,3549,0.05,0.01,25,0.045,0.009,25,0
IWM191101P150,2019-10-28,2019-10-28 09:37:00,0.05,0.01,3293,0.04,0.008,2837,0.05,0.01,25,0.045,0.009,25,0
IWM191101P150,2019-10-28,2019-10-28 09:37:00,0.05,0.01,4115,0.04,0.008,3720,0.05,0.01,25,0.045,0.009,25,0
IWM191101P150,2019-10-28,2019-10-28 09:37:01,0.05,0.01,3293,0.04,0.008,2837,0.05,0.01,25,0.045,0.009,25,0
IWM191101P150,2019-10-28,2019-10-28 09:37:02,0.05,0.01,4169,0.04,0.008,3713,0.05,0.01,25,0.045,0.009,25,0
IWM191101P150,2019-10-28,2019-10-28 09:37:03,0.05,0.01,4169,0.04,0.008,3713,0.05,0.01,25,0.045,0.009,25,0
IWM191101P150,2019-10-28,2019-10-28 09:37:03,0.05,0.01,4172,0.04,0.008,3713,0.05,0.01,25,0.045,0.009,25,0
IWM191101P150,2019-10-28,2019-10-28 09:37:04,0.05,0.01,4172,0.04,0.008,3713,0.05,0.01,25,0.045,0.009,25,0
IWM191101P150,2019-10-28,2019-10-28 09:37:05,0.05,0.01,4177,0.04,0.008,3621,0.05,0.01,25,0.045,0.009,25,0
IWM191101P150,2019-10-28,2019-10-28 09:37:06,0.05,0.01,3231,0.04,0.008,2759,0.05,0.01,25,0.045,0.009,25,0
IWM191101P150,2019-10-28,2019-10-28 09:37:07,0.05,0.01,3231,0.04,0.008,2759,0.05,0.01,25,0.045,0.009,25,0
IWM191101P150,2019-10-28,2019-10-28 09:37:08,0.05,0.01,4172,0.04,0.008,3711,0.05,0.01,25,0.045,0.009,25,0
IWM191101P150,2019-10-28,2019-10-28 09:37:08,0.05,0.01,3231,0.04,0.008,2759,0.05,0.01,25,0.045,0.009,25,0
IWM191101P150,2019-10-28,2019-10-28 09:37:09,0.05,0.01,4172,0.04,0.008,3711,0.05,0.01,25,0.045,0.009,25,0
IWM191101P150,2019-10-28,2019-10-28 09:37:10,0.05,0.01,4172,0.04,0.008,3711,0.05,0.01,25,0.045,0.009,25,0
IWM191101P150,2019-10-28,2019-10-28 09:37:11,0.05,0.01,3231,0.04,0.008,2674,0.05,0.01,25,0.045,0.009,25,0
IWM191101P150,2019-10-28,2019-10-28 09:37:11,0.05,0.01,4172,0.04,0.008,3707,0.05,0.01,25,0.045,0.009,25,0
IWM191101P150,2019-10-28,2019-10-28 09:37:12,0.05,0.01,3265,0.04,0.008,2770,0.05,0.01,25,0.045,0.009,25,0
IWM191101P150,2019-10-28,2019-10-28 09:37:12,0.05,0.01,4172,0.04,0.008,1883,0.05,0.01,25,0.045,0.009,25,0
IWM191101P150,2019-10-28,2019-10-28 09:37:13,0.05,0.01,2078,0.04,0.008,1441,0.05,0.01,25,0.045,0.009,25,0
IWM191101P150,2019-10-28,2019-10-28 09:37:13,0.05,0.01,2078,0.04,0.008,1058,0.05,0.01,25,0.045,0.009,25,0
IWM191101P150,2019-10-28,2019-10-28 09:37:14,0.05,0.01,2078,0.04,0.008,1597,0.05,0.01,25,0.045,0.009,25,0
IWM191101P150,2019-10-28,2019-10-28 09:37:14,0.05,0.01,2078,0.04,0.008,1441,0.05,0.01,25,0.045,0.009,25,0
IWM191101P150,2019-10-28,2019-10-28 09:37:15,0.05,0.01,2078,0.04,0.008,1745,0.05,0.01,25,0.045,0.009,25,0
IWM191101P150,2019-10-28,2019-10-28 09:37:16,0.05,0.01,3968,0.04,0.008,3366,0.05,0.01,25,0.045,0.009,25,0
IWM191101P150,2019-10-28,2019-10-28 09:37:17,0.05,0.01,4053,0.04,0.008,3366,0.05,0.01,25,0.045,0.009,25,0
IWM191101P150,2019-10-28,2019-10-28 09:37:18,0.05,0.01,3188,0.04,0.008,2506,0.05,0.01,25,0.045,0.009,25,0
IWM191101P150,2019-10-28,2019-10-28 09:37:18,0.05,0.01,4053,0.04,0.008,3366,0.05,0.01,25,0.045,0.009,25,0
IWM191101P150,2019-10-28,2019-10-28 09:37:19,0.05,0.01,2104,0.04,0.008,542,0.05,0.01,25,0.045,0.009,25,0
IWM191101P150,2019-10-28,2019-10-28 09:37:19,0.05,0.01,2104,0.04,0.008,1504,0.05,0.01,25,0.045,0.009,25,0
IWM191101P150,2019-10-28,2019-10-28 09:37:20,0.05,0.01,3708,0.04,0.008,1525,0.05,0.01,25,0.045,0.009,25,0
IWM191101P150,2019-10-28,2019-10-28 09:37:20,0.05,0.01,3793,0.04,0.008,1611,0.05,0.01,25,0.045,0.009,25,0
IWM191101P150,2019-10-28,2019-10-28 09:37:21,0.05,0.01,3970,0.04,0.008,2287,0.05,0.01,25,0.045,0.009,25,0
IWM191101P150,2019-10-28,2019-10-28 09:37:21,0.05,0.01,3970,0.04,0.008,2339,0.05,0.01,25,0.045,0.009,25,0
IWM191101P150,2019-10-28,2019-10-28 09:37:22,0.05,0.01,3989,0.04,0.008,3215,0.05,0.01,25,0.045,0.009,25,0
IWM191101P150,2019-10-28,2019-10-28 09:37:22,0.05,0.01,3970,0.04,0.008,2339,0.05,0.01,25,0.045,0.009,25,0
IWM191101P150,2019-10-28,2019-10-28 09:37:23,0.05,0.01,3989,0.04,0.008,3215,0.05,0.01,25,0.045,0.009,25,0
IWM191101P150,2019-10-28,2019-10-28 09:37:23,0.05,0.01,4203,0.04,0.008,3330,0.05,0.01,25,0.045,0.009,25,0
IWM191101P150,2019-10-28,2019-10-28 09:37:24,0.05,0.01,2369,0.04,0.008,2534,0.05,0.01,25,0.045,0.009,25,0
IWM191101P150,2019-10-28,2019-10-28 09:37:24,0.05,0.01,4203,0.04,0.008,3330,0.05,0.01,25,0.045,0.009,25,0
IWM191101P150,2019-10-28,2019-10-28 09:37:25,0.05,0.01,2326,0.04,0.008,2619,0.05,0.01,25,0.045,0.009,25,0
IWM191101P150,2019-10-28,2019-10-28 09:37:26,0.05,0.01,3881,0.04,0.008,3465,0.05,0.01,25,0.045,0.009,25,0
IWM191101P150,2019-10-28,2019-10-28 09:37:26,0.05,0.01,3144,0.04,0.008,2636,0.05,0.01,25,0.045,0.009,25,0
IWM191101P150,2019-10-28,2019-10-28 09:37:27,0.05,0.01,3966,0.04,0.008,3612,0.05,0.01,25,0.045,0.009,25,0
IWM191101P150,2019-10-28,2019-10-28 09:37:27,0.05,0.01,3881,0.04,0.008,3527,0.05,0.01,25,0.045,0.009,25,0
IWM191101P150,2019-10-28,2019-10-28 09:37:28,0.05,0.01,2939,0.04,0.008,2596,0.05,0.01,25,0.045,0.009,25,0
IWM191101P150,2019-10-28,2019-10-28 09:37:29,0.05,0.01,3959,0.04,0.008,3476,0.05,0.01,25,0.045,0.009,25,0
IWM191101P150,2019-10-28,2019-10-28 09:37:30,0.05,0.01,3868,0.04,0.008,3620,0.05,0.01,25,0.045,0.009,25,0
IWM191101P150,2019-10-28,2019-10-28 09:37:30,0.05,0.01,3024,0.04,0.008,2861,0.05,0.01,25,0.045,0.009,25,0
IWM191101P150,2019-10-28,2019-10-28 09:37:31,0.05,0.01,3868,0.04,0.008,3620,0.05,0.01,25,0.045,0.009,25,0
IWM191101P150,2019-10-28,2019-10-28 09:37:31,0.05,0.01,3868,0.04,0.008,3535,0.05,0.01,25,0.045,0.009,25,0
IWM191101P150,2019-10-28,2019-10-28 09:37:32,0.05,0.01,3953,0.04,0.008,3535,0.05,0.01,25,0.045,0.009,25,0
IWM191101P150,2019-10-28,2019-10-28 09:37:32,0.05,0.01,3868,0.04,0.008,3535,0.05,0.01,25,0.045,0.009,25,0
IWM191101P150,2019-10-28,2019-10-28 09:37:33,0.05,0.01,3109,0.04,0.008,2596,0.05,0.01,25,0.045,0.009,25,0
IWM191101P150,2019-10-28,2019-10-28 09:37:33,0.05,0.01,3964,0.04,0.008,3542,0.05,0.01,25,0.045,0.009,25,0
IWM191101P150,2019-10-28,2019-10-28 09:37:34,0.05,0.01,3964,0.04,0.008,3542,0.05,0.01,25,0.045,0.009,25,0
IWM191101P150,2019-10-28,2019-10-28 09:37:34,0.05,0.01,3959,0.04,0.008,3604,0.05,0.01,25,0.045,0.009,25,0
IWM191101P150,2019-10-28,2019-10-28 09:37:35,0.05,0.01,3959,0.04,0.008,3664,0.05,0.01,25,0.045,0.009,25,0
IWM191101P150,2019-10-28,2019-10-28 09:37:36,0.05,0.01,3959,0.04,0.008,3664,0.05,0.01,25,0.045,0.009,25,0
IWM191101P150,2019-10-28,2019-10-28 09:37:37,0.05,0.01,3959,0.04,0.008,3664,0.05,0.01,25,0.045,0.009,25,0
IWM191101P150,2019-10-28,2019-10-28 09:37:38,0.05,0.01,4044,0.04,0.008,3664,0.05,0.01,25,0.045,0.009,25,0
IWM191101P150,2019-10-28,2019-10-28 09:37:38,0.05,0.01,3959,0.04,0.008,3664,0.05,0.01,25,0.045,0.009,25,0
IWM191101P150,2019-10-28,2019-10-28 09:37:39,0.05,0.01,3959,0.04,0.008,3664,0.05,0.01,25,0.045,0.009,25,0
IWM191101P150,2019-10-28,2019-10-28 09:37:40,0.05,0.01,3959,0.04,0.008,3664,0.05,0.01,25,0.045,0.009,25,0
IWM191101P150,2019-10-28,2019-10-28 09:37:41,0.05,0.01,3959,0.04,0.008,3664,0.05,0.01,25,0.045,0.009,25,0
IWM191101P150,2019-10-28,2019-10-28 09:37:42,0.05,0.01,3964,0.04,0.008,3664,0.05,0.01,25,0.045,0.009,25,0
IWM191101P150,2019-10-28,2019-10-28 09:37:43,0.05,0.01,3964,0.04,0.008,3664,0.05,0.01,25,0.045,0.009,25,0
IWM191101P150,2019-10-28,2019-10-28 09:37:43,0.05,0.01,4167,0.04,0.008,3140,0.05,0.01,25,0.045,0.009,25,0
IWM191101P150,2019-10-28,2019-10-28 09:37:44,0.05,0.01,4273,0.04,0.008,3627,0.05,0.01,25,0.045,0.009,25,0
IWM191101P150,2019-10-28,2019-10-28 09:37:44,0.05,0.01,4273,0.04,0.008,3542,0.05,0.01,25,0.045,0.009,25,0
IWM191101P150,2019-10-28,2019-10-28 09:37:45,0.05,0.01,4273,0.04,0.008,3542,0.05,0.01,25,0.045,0.009,25,0
IWM191101P150,2019-10-28,2019-10-28 09:37:46,0.05,0.01,4273,0.04,0.008,3542,0.05,0.01,25,0.045,0.009,25,0
IWM191101P150,2019-10-28,2019-10-28 09:37:47,0.05,0.01,4273,0.04,0.008,3627,0.05,0.01,25,0.045,0.009,25,0
IWM191101P150,2019-10-28,2019-10-28 09:37:47,0.05,0.01,4358,0.04,0.008,3542,0.05,0.01,25,0.045,0.009,25,0
IWM191101P150,2019-10-28,2019-10-28 09:37:48,0.05,0.01,4273,0.04,0.008,3627,0.05,0.01,25,0.045,0.009,25,0
IWM191101P150,2019-10-28,2019-10-28 09:37:49,0.05,0.01,4046,0.04,0.008,3627,0.05,0.01,25,0.045,0.009,25,0
IWM191101P150,2019-10-28,2019-10-28 09:37:50,0.05,0.01,4046,0.04,0.008,3627,0.05,0.01,25,0.045,0.009,25,0
IWM191101P150,2019-10-28,2019-10-28 09:37:51,0.05,0.01,2331,0.04,0.008,2718,0.05,0.01,25,0.045,0.009,25,0
IWM191101P150,2019-10-28,2019-10-28 09:37:51,0.05,0.01,4046,0.04,0.008,3542,0.05,0.01,25,0.045,0.009,25,0
IWM191101P150,2019-10-28,2019-10-28 09:37:52,0.05,0.01,3926,0.04,0.008,3494,0.05,0.01,25,0.045,0.009,25,0
IWM191101P150,2019-10-28,2019-10-28 09:37:53,0.05,0.01,3062,0.04,0.008,3626,0.05,0.01,25,0.045,0.009,25,0
IWM191101P150,2019-10-28,2019-10-28 09:37:53,0.05,0.01,3731,0.04,0.008,3494,0.05,0.01,25,0.045,0.009,25,0
IWM191101P150,2019-10-28,2019-10-28 09:37:54,0.05,0.01,3249,0.04,0.008,3789,0.05,0.01,25,0.045,0.009,25,0
IWM191101P150,2019-10-28,2019-10-28 09:37:55,0.05,0.01,3249,0.04,0.008,3789,0.05,0.01,25,0.045,0.009,25,0
IWM191101P150,2019-10-28,2019-10-28 09:37:55,0.05,0.01,4016,0.04,0.008,3789,0.05,0.01,25,0.045,0.009,25,0
IWM191101P150,2019-10-28,2019-10-28 09:37:56,0.05,0.01,4016,0.04,0.008,3789,0.05,0.01,25,0.045,0.009,25,0
IWM191101P150,2019-10-28,2019-10-28 09:37:57,0.05,0.01,4016,0.04,0.008,3704,0.05,0.01,25,0.045,0.009,25,0
IWM191101P150,2019-10-28,2019-10-28 09:37:58,0.05,0.01,4016,0.04,0.008,3704,0.05,0.01,25,0.045,0.009,25,0
IWM191101P150,2019-10-28,2019-10-28 09:37:58,0.05,0.01,4101,0.04,0.008,3704,0.05,0.01,25,0.045,0.009,25,0
IWM191101P150,2019-10-28,2019-10-28 09:37:59,0.05,0.01,4016,0.04,0.008,3704,0.05,0.01,25,0.045,0.009,25,0
IWM191101P150,2019-10-28,2019-10-28 09:38:00,0.05,0.01,4012,0.04,0.008,3709,0.05,0.01,25,0.045,0.009,25,0
IWM191101P150,2019-10-28,2019-10-28 09:38:00,0.05,0.01,4016,0.04,0.008,3704,0.05,0.01,25,0.045,0.009,25,0
IWM191101P150,2019-10-28,2019-10-28 09:38:01,0.05,0.01,3156,0.04,0.008,2983,0.05,0.01,25,0.045,0.009,25,0
IWM191101P150,2019-10-28,2019-10-28 09:38:01,0.05,0.01,4102,0.04,0.008,3624,0.05,0.01,25,0.045,0.009,25,0
IWM191101P150,2019-10-28,2019-10-28 09:38:02,0.05,0.01,4187,0.04,0.008,3619,0.05,0.01,25,0.045,0.009,25,0
IWM191101P150,2019-10-28,2019-10-28 09:38:02,0.05,0.01,4102,0.04,0.008,3619,0.05,0.01,25,0.045,0.009,25,0
IWM191101P150,2019-10-28,2019-10-28 09:38:03,0.05,0.01,4187,0.04,0.008,3619,0.05,0.01,25,0.045,0.009,25,0
IWM191101P150,2019-10-28,2019-10-28 09:38:04,0.05,0.01,4181,0.04,0.008,3607,0.05,0.01,25,0.045,0.009,25,0
IWM191101P150,2019-10-28,2019-10-28 09:38:05,0.05,0.01,4181,0.04,0.008,3607,0.05,0.01,25,0.045,0.009,25,0
IWM191101P150,2019-10-28,2019-10-28 09:38:06,0.05,0.01,4181,0.04,0.008,3607,0.05,0.01,25,0.045,0.009,25,0
IWM191101P150,2019-10-28,2019-10-28 09:38:07,0.05,0.01,4181,0.04,0.008,3607,0.05,0.01,25,0.045,0.009,25,0
IWM191101P150,2019-10-28,2019-10-28 09:38:08,0.05,0.01,4095,0.04,0.008,3691,0.05,0.01,25,0.045,0.009,25,0
IWM191101P150,2019-10-28,2019-10-28 09:38:09,0.05,0.01,3328,0.04,0.008,3691,0.05,0.01,25,0.045,0.009,25,0
IWM191101P150,2019-10-28,2019-10-28 09:38:09,0.05,0.01,4095,0.04,0.008,3691,0.05,0.01,25,0.045,0.009,25,0
IWM191101P150,2019-10-28,2019-10-28 09:38:10,0.05,0.01,3328,0.04,0.008,3164,0.05,0.01,25,0.045,0.009,25,0
IWM191101P150,2019-10-28,2019-10-28 09:38:10,0.05,0.01,3328,0.04,0.008,3691,0.05,0.01,25,0.045,0.009,25,0
IWM191101P150,2019-10-28,2019-10-28 09:38:11,0.05,0.01,3291,0.04,0.008,3164,0.05,0.01,25,0.045,0.009,25,0
IWM191101P150,2019-10-28,2019-10-28 09:38:11,0.05,0.01,3064,0.04,0.008,3164,0.05,0.01,25,0.045,0.009,25,0
IWM191101P150,2019-10-28,2019-10-28 09:38:12,0.05,0.01,2298,0.04,0.008,2831,0.05,0.01,25,0.045,0.009,25,0
IWM191101P150,2019-10-28,2019-10-28 09:38:12,0.05,0.01,3064,0.04,0.008,3164,0.05,0.01,25,0.045,0.009,25,0
IWM191101P150,2019-10-28,2019-10-28 09:38:13,0.05,0.01,3158,0.04,0.008,3781,0.05,0.01,25,0.045,0.009,25,0
IWM191101P150,2019-10-28,2019-10-28 09:38:13,0.05,0.01,3268,0.04,0.008,3696,0.05,0.01,25,0.045,0.009,25,0
IWM191101P150,2019-10-28,2019-10-28 09:38:14,0.05,0.01,3156,0.04,0.008,3786,0.05,0.01,25,0.045,0.009,25,0
IWM191101P150,2019-10-28,2019-10-28 09:38:14,0.05,0.01,3158,0.04,0.008,2831,0.05,0.01,25,0.045,0.009,25,0
IWM191101P150,2019-10-28,2019-10-28 09:38:15,0.05,0.01,3156,0.04,0.008,3786,0.05,0.01,25,0.045,0.009,25,0
IWM191101P150,2019-10-28,2019-10-28 09:38:16,0.05,0.01,3156,0.04,0.008,3786,0.05,0.01,25,0.045,0.009,25,0
IWM191101P150,2019-10-28,2019-10-28 09:38:17,0.05,0.01,4041,0.04,0.008,3696,0.05,0.01,25,0.045,0.009,25,0
IWM191101P150,2019-10-28,2019-10-28 09:38:17,0.05,0.01,3919,0.04,0.008,3696,0.05,0.01,25,0.045,0.009,25,0
IWM191101P150,2019-10-28,2019-10-28 09:38:18,0.05,0.01,3919,0.04,0.008,3696,0.05,0.01,25,0.045,0.009,25,0
IWM191101P150,2019-10-28,2019-10-28 09:38:18,0.05,0.01,3203,0.04,0.008,3781,0.05,0.01,25,0.045,0.009,25,0
IWM191101P150,2019-10-28,2019-10-28 09:38:19,0.05,0.01,3185,0.04,0.008,2746,0.05,0.01,25,0.045,0.009,25,0
IWM191101P150,2019-10-28,2019-10-28 09:38:19,0.05,0.01,2358,0.04,0.008,2746,0.05,0.01,25,0.045,0.009,25,0
IWM191101P150,2019-10-28,2019-10-28 09:38:20,0.05,0.01,3925,0.04,0.008,3696,0.05,0.01,25,0.045,0.009,25,0
IWM191101P150,2019-10-28,2019-10-28 09:38:20,0.05,0.01,3913,0.04,0.008,3696,0.05,0.01,25,0.045,0.009,25,0
IWM191101P150,2019-10-28,2019-10-28 09:38:21,0.05,0.01,3913,0.04,0.008,3696,0.05,0.01,25,0.045,0.009,25,0
IWM191101P150,2019-10-28,2019-10-28 09:38:22,0.05,0.01,3913,0.04,0.008,3696,0.05,0.01,25,0.045,0.009,25,0
IWM191101P150,2019-10-28,2019-10-28 09:38:22,0.05,0.01,3913,0.04,0.008,3611,0.05,0.01,25,0.045,0.009,25,0
IWM191101P150,2019-10-28,2019-10-28 09:38:23,0.05,0.01,3913,0.04,0.008,3696,0.05,0.01,25,0.045,0.009,25,0
IWM191101P150,2019-10-28,2019-10-28 09:38:24,0.05,0.01,3913,0.04,0.008,3696,0.05,0.01,25,0.045,0.009,25,0
IWM191101P150,2019-10-28,2019-10-28 09:38:25,0.05,0.01,3913,0.04,0.008,3696,0.05,0.01,25,0.045,0.009,25,0
IWM191101P150,2019-10-28,2019-10-28 09:38:26,0.05,0.01,3913,0.04,0.008,3696,0.05,0.01,25,0.045,0.009,25,0
IWM191101P150,2019-10-28,2019-10-28 09:38:27,0.05,0.01,3913,0.04,0.008,3696,0.05,0.01,25,0.045,0.009,25,0
IWM191101P150,2019-10-28,2019-10-28 09:38:28,0.05,0.01,3828,0.04,0.008,3696,0.05,0.01,25,0.045,0.009,25,0
IWM191101P150,2019-10-28,2019-10-28 09:38:28,0.05,0.01,3913,0.04,0.008,3696,0.05,0.01,25,0.045,0.009,25,0
IWM191101P150,2019-10-28,2019-10-28 09:38:29,0.05,0.01,3913,0.04,0.008,3696,0.05,0.01,25,0.045,0.009,25,0
IWM191101P150,2019-10-28,2019-10-28 09:38:30,0.05,0.01,3913,0.04,0.008,3696,0.05,0.01,25,0.045,0.009,25,0
IWM191101P150,2019-10-28,2019-10-28 09:38:31,0.05,0.01,3913,0.04,0.008,3696,0.05,0.01,25,0.045,0.009,25,0
IWM191101P150,2019-10-28,2019-10-28 09:38:31,0.05,0.01,3913,0.04,0.008,2646,0.05,0.01,25,0.045,0.009,25,0
IWM191101P150,2019-10-28,2019-10-28 09:38:32,0.05,0.01,3224,0.04,0.008,3602,0.05,0.01,25,0.045,0.009,25,0
IWM191101P150,2019-10-28,2019-10-28 09:38:32,0.05,0.01,3827,0.04,0.008,3602,0.05,0.01,25,0.045,0.009,25,0
IWM191101P150,2019-10-28,2019-10-28 09:38:33,0.05,0.01,3827,0.04,0.008,3602,0.05,0.01,25,0.045,0.009,25,0
IWM191101P150,2019-10-28,2019-10-28 09:38:34,0.05,0.01,3156,0.04,0.008,3720,0.05,0.01,25,0.045,0.009,25,0
IWM191101P150,2019-10-28,2019-10-28 09:38:34,0.05,0.01,3156,0.04,0.008,2221,0.05,0.01,25,0.045,0.009,25,0
IWM191101P150,2019-10-28,2019-10-28 09:38:35,0.05,0.01,3955,0.04,0.008,3720,0.05,0.01,25,0.045,0.009,25,0
IWM191101P150,2019-10-28,2019-10-28 09:38:35,0.05,0.01,3156,0.04,0.008,3720,0.05,0.01,25,0.045,0.009,25,0
IWM191101P150,2019-10-28,2019-10-28 09:38:36,0.05,0.01,3955,0.04,0.008,3720,0.05,0.01,25,0.045,0.009,25,0
IWM191101P150,2019-10-28,2019-10-28 09:38:37,0.05,0.01,3955,0.04,0.008,3720,0.05,0.01,25,0.045,0.009,25,0
IWM191101P150,2019-10-28,2019-10-28 09:38:38,0.05,0.01,3955,0.04,0.008,3635,0.05,0.01,25,0.045,0.009,25,0
IWM191101P150,2019-10-28,2019-10-28 09:38:39,0.05,0.01,4040,0.04,0.008,3635,0.05,0.01,25,0.045,0.009,25,0
IWM191101P150,2019-10-28,2019-10-28 09:38:40,0.05,0.01,3157,0.04,0.008,3160,0.05,0.01,25,0.045,0.009,25,0
IWM191101P150,2019-10-28,2019-10-28 09:38:41,0.05,0.01,4098,0.04,0.008,3696,0.05,0.01,25,0.045,0.009,25,0
IWM191101P150,2019-10-28,2019-10-28 09:38:41,0.05,0.01,3157,0.04,0.008,3160,0.05,0.01,25,0.045,0.009,25,0
IWM191101P150,2019-10-28,2019-10-28 09:38:42,0.05,0.01,4098,0.04,0.008,3696,0.05,0.01,25,0.045,0.009,25,0
IWM191101P150,2019-10-28,2019-10-28 09:38:43,0.05,0.01,4098,0.04,0.008,3696,0.05,0.01,25,0.045,0.009,25,0
IWM191101P150,2019-10-28,2019-10-28 09:38:44,0.05,0.01,4098,0.04,0.008,3696,0.05,0.01,25,0.045,0.009,25,0
IWM191101P150,2019-10-28,2019-10-28 09:38:45,0.05,0.01,4098,0.04,0.008,3696,0.05,0.01,25,0.045,0.009,25,0
IWM191101P150,2019-10-28,2019-10-28 09:38:46,0.05,0.01,4098,0.04,0.008,3696,0.05,0.01,25,0.045,0.009,25,0
IWM191101P150,2019-10-28,2019-10-28 09:38:47,0.05,0.01,4098,0.04,0.008,3696,0.05,0.01,25,0.045,0.009,25,0
IWM191101P150,2019-10-28,2019-10-28 09:38:47,0.05,0.01,2273,0.04,0.008,2746,0.05,0.01,25,0.045,0.009,25,0
IWM191101P150,2019-10-28,2019-10-28 09:38:48,0.05,0.01,3148,0.04,0.008,3781,0.05,0.01,25,0.045,0.009,25,0
IWM191101P150,2019-10-28,2019-10-28 09:38:48,0.05,0.01,3266,0.04,0.008,3080,0.05,0.01,25,0.045,0.009,25,0
IWM191101P150,2019-10-28,2019-10-28 09:38:49,0.05,0.01,3181,0.04,0.008,2831,0.05,0.01,25,0.045,0.009,25,0
IWM191101P150,2019-10-28,2019-10-28 09:38:50,0.05,0.01,3216,0.04,0.008,3787,0.05,0.01,25,0.045,0.009,25,0
IWM191101P150,2019-10-28,2019-10-28 09:38:51,0.05,0.01,3216,0.04,0.008,3787,0.05,0.01,25,0.045,0.009,25,0
IWM191101P150,2019-10-28,2019-10-28 09:38:52,0.05,0.01,4124,0.04,0.008,3787,0.05,0.01,25,0.045,0.009,25,0
IWM191101P150,2019-10-28,2019-10-28 09:38:53,0.05,0.01,4124,0.04,0.008,3787,0.05,0.01,25,0.045,0.009,25,0
IWM191101P150,2019-10-28,2019-10-28 09:38:53,0.05,0.01,2273,0.04,0.008,2831,0.05,0.01,25,0.045,0.009,25,0
IWM191101P150,2019-10-28,2019-10-28 09:38:54,0.05,0.01,2273,0.04,0.008,2831,0.05,0.01,25,0.045,0.009,25,0
IWM191101P150,2019-10-28,2019-10-28 09:38:54,0.05,0.01,3148,0.04,0.008,3785,0.05,0.01,25,0.045,0.009,25,0
IWM191101P150,2019-10-28,2019-10-28 09:38:55,0.05,0.01,3057,0.04,0.008,3734,0.05,0.01,25,0.045,0.009,25,0
IWM191101P150,2019-10-28,2019-10-28 09:38:56,0.05,0.01,4034,0.04,0.008,3786,0.05,0.01,25,0.045,0.009,25,0
IWM191101P150,2019-10-28,2019-10-28 09:38:56,0.05,0.01,3126,0.04,0.008,3583,0.05,0.01,25,0.045,0.009,25,0
IWM191101P150,2019-10-28,2019-10-28 09:38:57,0.05,0.01,3179,0.04,0.008,2628,0.05,0.01,25,0.045,0.009,25,0
IWM191101P150,2019-10-28,2019-10-28 09:38:57,0.05,0.01,3211,0.04,0.008,3583,0.05,0.01,25,0.045,0.009,25,0
IWM191101P150,2019-10-28,2019-10-28 09:38:58,0.05,0.01,3179,0.04,0.008,2776,0.05,0.01,25,0.045,0.009,25,0
IWM191101P150,2019-10-28,2019-10-28 09:38:59,0.05,0.01,3179,0.04,0.008,2746,0.05,0.01,25,0.045,0.009,25,0
IWM191101P150,2019-10-28,2019-10-28 09:39:00,0.05,0.01,3179,0.04,0.008,2746,0.05,0.01,25,0.045,0.009,25,0
IWM191101P150,2019-10-28,2019-10-28 09:39:01,0.05,0.01,3179,0.04,0.008,2746,0.05,0.01,25,0.045,0.009,25,0
IWM191101P150,2019-10-28,2019-10-28 09:39:02,0.05,0.01,3179,0.04,0.008,2883,0.05,0.01,25,0.045,0.009,25,0
IWM191101P150,2019-10-28,2019-10-28 09:39:02,0.05,0.01,3179,0.04,0.008,2543,0.05,0.01,25,0.045,0.009,25,0
IWM191101P150,2019-10-28,2019-10-28 09:39:03,0.05,0.01,4211,0.04,0.008,3421,0.05,0.01,25,0.045,0.009,25,0
IWM191101P150,2019-10-28,2019-10-28 09:39:04,0.05,0.01,1994,0.04,0.008,1334,0.05,0.01,25,0.045,0.009,25,0
IWM191101P150,2019-10-28,2019-10-28 09:39:04,0.05,0.01,2835,0.04,0.008,2029,0.05,0.01,25,0.045,0.009,25,0
IWM191101P150,2019-10-28,2019-10-28 09:39:05,0.05,0.01,3741,0.04,0.008,2837,0.05,0.01,25,0.045,0.009,25,0
IWM191101P150,2019-10-28,2019-10-28 09:39:05,0.05,0.01,3905,0.04,0.008,3048,0.05,0.01,25,0.045,0.009,25,0
IWM191101P150,2019-10-28,2019-10-28 09:39:06,0.05,0.01,4173,0.04,0.008,3512,0.05,0.01,25,0.045,0.009,25,0
IWM191101P150,2019-10-28,2019-10-28 09:39:06,0.05,0.01,4173,0.04,0.008,3427,0.05,0.01,25,0.045,0.009,25,0
IWM191101P150,2019-10-28,2019-10-28 09:39:07,0.05,0.01,4173,0.04,0.008,3512,0.05,0.01,25,0.045,0.009,25,0
IWM191101P150,2019-10-28,2019-10-28 09:39:08,0.05,0.01,4173,0.04,0.008,3512,0.05,0.01,25,0.045,0.009,25,0
IWM191101P150,2019-10-28,2019-10-28 09:39:09,0.05,0.01,4173,0.04,0.008,3512,0.05,0.01,25,0.045,0.009,25,0
IWM191101P150,2019-10-28,2019-10-28 09:39:10,0.05,0.01,3247,0.04,0.008,2610,0.05,0.01,25,0.045,0.009,25,0
IWM191101P150,2019-10-28,2019-10-28 09:39:10,0.05,0.01,4173,0.04,0.008,3512,0.05,0.01,25,0.045,0.009,25,0
IWM191101P150,2019-10-28,2019-10-28 09:39:11,0.05,0.01,3332,0.04,0.008,2610,0.05,0.01,25,0.045,0.009,25,0
IWM191101P150,2019-10-28,2019-10-28 09:39:11,0.05,0.01,4316,0.04,0.008,3553,0.05,0.01,25,0.045,0.009,25,0
IWM191101P150,2019-10-28,2019-10-28 09:39:12,0.05,0.01,4228,0.04,0.008,3706,0.05,0.01,25,0.045,0.009,25,0
IWM191101P150,2019-10-28,2019-10-28 09:39:13,0.05,0.01,4228,0.04,0.008,3706,0.05,0.01,25,0.045,0.009,25,0
IWM191101P150,2019-10-28,2019-10-28 09:39:14,0.05,0.01,4228,0.04,0.008,3706,0.05,0.01,25,0.045,0.009,25,0
IWM191101P150,2019-10-28,2019-10-28 09:39:15,0.05,0.01,4228,0.04,0.008,3706,0.05,0.01,25,0.045,0.009,25,0
IWM191101P150,2019-10-28,2019-10-28 09:39:16,0.05,0.01,4228,0.04,0.008,3706,0.05,0.01,25,0.045,0.009,25,0
IWM191101P150,2019-10-28,2019-10-28 09:39:17,0.05,0.01,4228,0.04,0.008,3706,0.05,0.01,25,0.045,0.009,25,0
IWM191101P150,2019-10-28,2019-10-28 09:39:18,0.05,0.01,4228,0.04,0.008,3706,0.05,0.01,25,0.045,0.009,25,0
IWM191101P150,2019-10-28,2019-10-28 09:39:19,0.05,0.01,4228,0.04,0.008,3706,0.05,0.01,25,0.045,0.009,25,0
IWM191101P150,2019-10-28,2019-10-28 09:39:19,0.05,0.01,4143,0.04,0.008,3706,0.05,0.01,25,0.045,0.009,25,0
IWM191101P150,2019-10-28,2019-10-28 09:39:20,0.05,0.01,3162,0.04,0.008,2758,0.05,0.01,25,0.045,0.009,25,0
IWM191101P150,2019-10-28,2019-10-28 09:39:20,0.05,0.01,4143,0.04,0.008,3706,0.05,0.01,25,0.045,0.009,25,0
IWM191101P150,2019-10-28,2019-10-28 09:39:21,0.05,0.01,4107,0.04,0.008,3799,0.05,0.01,25,0.045,0.009,25,0
IWM191101P150,2019-10-28,2019-10-28 09:39:22,0.05,0.01,4107,0.04,0.008,3799,0.05,0.01,25,0.045,0.009,25,0
IWM191101P150,2019-10-28,2019-10-28 09:39:23,0.05,0.01,4107,0.04,0.008,3799,0.05,0.01,25,0.045,0.009,25,0
IWM191101P150,2019-10-28,2019-10-28 09:39:23,0.05,0.01,4192,0.04,0.008,3714,0.05,0.01,25,0.045,0.009,25,0
IWM191101P150,2019-10-28,2019-10-28 09:39:24,0.05,0.01,4107,0.04,0.008,3799,0.05,0.01,25,0.045,0.009,25,0
IWM191101P150,2019-10-28,2019-10-28 09:39:24,0.05,0.01,4192,0.04,0.008,3714,0.05,0.01,25,0.045,0.009,25,0
IWM191101P150,2019-10-28,2019-10-28 09:39:25,0.05,0.01,4107,0.04,0.008,3799,0.05,0.01,25,0.045,0.009,25,0
IWM191101P150,2019-10-28,2019-10-28 09:39:26,0.05,0.01,4107,0.04,0.008,3799,0.05,0.01,25,0.045,0.009,25,0
IWM191101P150,2019-10-28,2019-10-28 09:39:27,0.05,0.01,4017,0.04,0.008,3529,0.05,0.01,25,0.045,0.009,25,0
IWM191101P150,2019-10-28,2019-10-28 09:39:27,0.05,0.01,4022,0.04,0.008,3597,0.05,0.01,25,0.045,0.009,25,0
IWM191101P150,2019-10-28,2019-10-28 09:39:28,0.05,0.01,4041,0.04,0.008,3745,0.05,0.01,25,0.045,0.009,25,0
IWM191101P150,2019-10-28,2019-10-28 09:39:29,0.05,0.01,4041,0.04,0.008,3745,0.05,0.01,25,0.045,0.009,25,0
IWM191101P150,2019-10-28,2019-10-28 09:39:30,0.05,0.01,4107,0.04,0.008,3797,0.05,0.01,25,0.045,0.009,25,0
IWM191101P150,2019-10-28,2019-10-28 09:39:31,0.05,0.01,4107,0.04,0.008,3797,0.05,0.01,25,0.045,0.009,25,0
IWM191101P150,2019-10-28,2019-10-28 09:39:31,0.05,0.01,3079,0.04,0.008,2841,0.05,0.01,25,0.045,0.009,25,0
IWM191101P150,2019-10-28,2019-10-28 09:39:32,0.05,0.01,4017,0.04,0.008,3882,0.05,0.01,25,0.045,0.009,25,0
IWM191101P150,2019-10-28,2019-10-28 09:39:33,0.05,0.01,4017,0.04,0.008,3882,0.05,0.01,25,0.045,0.009,25,0
IWM191101P150,2019-10-28,2019-10-28 09:39:34,0.05,0.01,3039,0.04,0.008,3838,0.05,0.01,25,0.045,0.009,25,0
IWM191101P150,2019-10-28,2019-10-28 09:39:34,0.05,0.01,3039,0.04,0.008,3032,0.05,0.01,25,0.045,0.009,25,0
IWM191101P150,2019-10-28,2019-10-28 09:39:35,0.05,0.01,3947,0.04,0.008,3838,0.05,0.01,25,0.045,0.009,25,0
IWM191101P150,2019-10-28,2019-10-28 09:39:36,0.05,0.01,3947,0.04,0.008,3838,0.05,0.01,25,0.045,0.009,25,0
IWM191101P150,2019-10-28,2019-10-28 09:39:36,0.05,0.01,2034,0.04,0.008,2753,0.05,0.01,25,0.045,0.009,25,0
IWM191101P150,2019-10-28,2019-10-28 09:39:37,0.05,0.01,2976,0.04,0.008,3032,0.05,0.01,25,0.045,0.009,25,0
IWM191101P150,2019-10-28,2019-10-28 09:39:38,0.05,0.01,2701,0.04,0.008,3688,0.05,0.01,25,0.045,0.009,25,0
IWM191101P150,2019-10-28,2019-10-28 09:39:38,0.05,0.01,2404,0.04,0.008,2448,0.05,0.01,25,0.045,0.009,25,0
IWM191101P150,2019-10-28,2019-10-28 09:39:39,0.05,0.01,3964,0.04,0.008,3552,0.05,0.01,25,0.045,0.009,25,0
IWM191101P150,2019-10-28,2019-10-28 09:39:40,0.05,0.01,3879,0.04,0.008,3637,0.05,0.01,25,0.045,0.009,25,0
IWM191101P150,2019-10-28,2019-10-28 09:39:40,0.05,0.01,3964,0.04,0.008,3552,0.05,0.01,25,0.045,0.009,25,0
IWM191101P150,2019-10-28,2019-10-28 09:39:41,0.05,0.01,3879,0.04,0.008,3637,0.05,0.01,25,0.045,0.009,25,0
IWM191101P150,2019-10-28,2019-10-28 09:39:42,0.05,0.01,3879,0.04,0.008,3637,0.05,0.01,25,0.045,0.009,25,0
IWM191101P150,2019-10-28,2019-10-28 09:39:43,0.05,0.01,2971,0.04,0.008,3637,0.05,0.01,25,0.045,0.009,25,0
IWM191101P150,2019-10-28,2019-10-28 09:39:44,0.05,0.01,2971,0.04,0.008,3637,0.05,0.01,25,0.045,0.009,25,0
IWM191101P150,2019-10-28,2019-10-28 09:39:44,0.05,0.01,3879,0.04,0.008,3844,0.05,0.01,25,0.045,0.009,25,0
IWM191101P150,2019-10-28,2019-10-28 09:39:45,0.05,0.01,3879,0.04,0.008,3844,0.05,0.01,25,0.045,0.009,25,0
IWM191101P150,2019-10-28,2019-10-28 09:39:46,0.05,0.01,3879,0.04,0.008,3844,0.05,0.01,25,0.045,0.009,25,0
IWM191101P150,2019-10-28,2019-10-28 09:39:47,0.05,0.01,3879,0.04,0.008,3844,0.05,0.01,25,0.045,0.009,25,0
IWM191101P150,2019-10-28,2019-10-28 09:39:48,0.05,0.01,3879,0.04,0.008,3844,0.05,0.01,25,0.045,0.009,25,0
IWM191101P150,2019-10-28,2019-10-28 09:39:49,0.05,0.01,3879,0.04,0.008,3844,0.05,0.01,25,0.045,0.009,25,0
IWM191101P150,2019-10-28,2019-10-28 09:39:50,0.05,0.01,3879,0.04,0.008,3844,0.05,0.01,25,0.045,0.009,25,0
IWM191101P150,2019-10-28,2019-10-28 09:39:51,0.05,0.01,3879,0.04,0.008,3844,0.05,0.01,25,0.045,0.009,25,0
IWM191101P150,2019-10-28,2019-10-28 09:39:51,0.05,0.01,2971,0.04,0.008,3844,0.05,0.01,25,0.045,0.009,25,0
IWM191101P150,2019-10-28,2019-10-28 09:39:52,0.05,0.01,2971,0.04,0.008,3844,0.05,0.01,25,0.045,0.009,25,0
IWM191101P150,2019-10-28,2019-10-28 09:39:53,0.05,0.01,3047,0.04,0.008,3916,0.05,0.01,25,0.045,0.009,25,0
IWM191101P150,2019-10-28,2019-10-28 09:39:54,0.05,0.01,2105,0.04,0.008,3039,0.05,0.01,25,0.045,0.009,25,0
IWM191101P150,2019-10-28,2019-10-28 09:39:54,0.05,0.01,2953,0.04,0.008,4006,0.05,0.01,25,0.045,0.009,25,0
IWM191101P150,2019-10-28,2019-10-28 09:39:55,0.05,0.01,2868,0.04,0.008,4006,0.05,0.01,25,0.045,0.009,25,0
IWM191101P150,2019-10-28,2019-10-28 09:39:55,0.05,0.01,3862,0.04,0.008,3974,0.05,0.01,25,0.045,0.009,25,0
IWM191101P150,2019-10-28,2019-10-28 09:39:56,0.05,0.01,3862,0.04,0.008,3974,0.05,0.01,25,0.045,0.009,25,0
IWM191101P150,2019-10-28,2019-10-28 09:39:57,0.05,0.01,4029,0.04,0.008,3933,0.05,0.01,25,0.045,0.009,25,0
IWM191101P150,2019-10-28,2019-10-28 09:39:57,0.05,0.01,3862,0.04,0.008,3974,0.05,0.01,25,0.045,0.009,25,0
IWM191101P150,2019-10-28,2019-10-28 09:39:58,0.05,0.01,4029,0.04,0.008,3933,0.05,0.01,25,0.045,0.009,25,0
IWM191101P150,2019-10-28,2019-10-28 09:39:59,0.05,0.01,4029,0.04,0.008,3933,0.05,0.01,25,0.045,0.009,25,0
IWM191101P150,2019-10-28,2019-10-28 09:40:00,0.05,0.01,4029,0.04,0.008,3933,0.05,0.01,25,0.045,0.009,25,0
IWM191101P150,2019-10-28,2019-10-28 09:40:01,0.05,0.01,3098,0.04,0.008,2951,0.05,0.01,25,0.045,0.009,25,0
IWM191101P150,2019-10-28,2019-10-28 09:40:01,0.05,0.01,4029,0.04,0.008,3933,0.05,0.01,25,0.045,0.009,25,0
IWM191101P150,2019-10-28,2019-10-28 09:40:02,0.05,0.01,4029,0.04,0.008,3929,0.05,0.01,25,0.045,0.009,25,0
IWM191101P150,2019-10-28,2019-10-28 09:40:02,0.05,0.01,4120,0.04,0.008,3844,0.05,0.01,25,0.045,0.009,25,0
IWM191101P150,2019-10-28,2019-10-28 09:40:03,0.05,0.01,1537,0.04,0.008,1899,0.05,0.01,25,0.045,0.009,25,0
IWM191101P150,2019-10-28,2019-10-28 09:40:03,0.05,0.01,4029,0.04,0.008,2970,0.05,0.01,25,0.045,0.009,25,0
IWM191101P150,2019-10-28,2019-10-28 09:40:04,0.05,0.01,2033,0.04,0.008,2160,0.05,0.01,25,0.045,0.009,25,0
IWM191101P150,2019-10-28,2019-10-28 09:40:05,0.05,0.01,2803,0.04,0.008,1709,0.05,0.01,25,0.045,0.009,25,0
IWM191101P150,2019-10-28,2019-10-28 09:40:05,0.05,0.01,2803,0.04,0.008,2870,0.05,0.01,25,0.045,0.009,25,0
IWM191101P150,2019-10-28,2019-10-28 09:40:06,0.05,0.01,3886,0.04,0.008,3365,0.05,0.01,25,0.045,0.009,25,0
IWM191101P150,2019-10-28,2019-10-28 09:40:06,0.05,0.01,2661,0.04,0.008,2432,0.05,0.01,25,0.045,0.009,25,0
IWM191101P150,2019-10-28,2019-10-28 09:40:07,0.05,0.01,3886,0.04,0.008,3365,0.05,0.01,25,0.045,0.009,25,0
IWM191101P150,2019-10-28,2019-10-28 09:40:08,0.05,0.01,3044,0.04,0.008,2977,0.05,0.01,25,0.045,0.009,25,0
IWM191101P150,2019-10-28,2019-10-28 09:40:09,0.05,0.01,3044,0.04,0.008,2977,0.05,0.01,25,0.045,0.009,25,0
IWM191101P150,2019-10-28,2019-10-28 09:40:09,0.05,0.01,3920,0.04,0.008,2651,0.05,0.01,25,0.045,0.009,25,0
IWM191101P150,2019-10-28,2019-10-28 09:40:10,0.05,0.01,4123,0.04,0.008,3604,0.05,0.01,25,0.045,0.009,25,0
IWM191101P150,2019-10-28,2019-10-28 09:40:11,0.05,0.01,4120,0.04,0.008,3602,0.05,0.01,25,0.045,0.009,25,0
IWM191101P150,2019-10-28,2019-10-28 09:40:11,0.05,0.01,4123,0.04,0.008,3604,0.05,0.01,25,0.045,0.009,25,0
IWM191101P150,2019-10-28,2019-10-28 09:40:12,0.05,0.01,4035,0.04,0.008,3602,0.05,0.01,25,0.045,0.009,25,0
IWM191101P150,2019-10-28,2019-10-28 09:40:12,0.05,0.01,3902,0.04,0.008,3777,0.05,0.01,25,0.045,0.009,25,0
IWM191101P150,2019-10-28,2019-10-28 09:40:13,0.05,0.01,3051,0.04,0.008,2736,0.05,0.01,25,0.045,0.009,25,0
IWM191101P150,2019-10-28,2019-10-28 09:40:13,0.05,0.01,4035,0.04,0.008,3692,0.05,0.01,25,0.045,0.009,25,0
IWM191101P150,2019-10-28,2019-10-28 09:40:14,0.05,0.01,4035,0.04,0.008,3692,0.05,0.01,25,0.045,0.009,25,0
IWM191101P150,2019-10-28,2019-10-28 09:40:15,0.05,0.01,3051,0.04,0.008,2651,0.05,0.01,25,0.045,0.009,25,0
IWM191101P150,2019-10-28,2019-10-28 09:40:15,0.05,0.01,4035,0.04,0.008,3692,0.05,0.01,25,0.045,0.009,25,0
IWM191101P150,2019-10-28,2019-10-28 09:40:16,0.05,0.01,4120,0.04,0.008,3602,0.05,0.01,25,0.045,0.009,25,0
IWM191101P150,2019-10-28,2019-10-28 09:40:16,0.05,0.01,4035,0.04,0.008,3602,0.05,0.01,25,0.045,0.009,25,0
IWM191101P150,2019-10-28,2019-10-28 09:40:17,0.05,0.01,4120,0.04,0.008,3602,0.05,0.01,25,0.045,0.009,25,0
IWM191101P150,2019-10-28,2019-10-28 09:40:18,0.05,0.01,4141,0.04,0.008,3602,0.05,0.01,25,0.045,0.009,25,0
IWM191101P150,2019-10-28,2019-10-28 09:40:19,0.05,0.01,4141,0.04,0.008,3602,0.05,0.01,25,0.045,0.009,25,0
IWM191101P150,2019-10-28,2019-10-28 09:40:20,0.05,0.01,4141,0.04,0.008,3517,0.05,0.01,25,0.045,0.009,25,0
IWM191101P150,2019-10-28,2019-10-28 09:40:20,0.05,0.01,4141,0.04,0.008,3602,0.05,0.01,25,0.045,0.009,25,0
IWM191101P150,2019-10-28,2019-10-28 09:40:21,0.05,0.01,4098,0.04,0.008,3600,0.05,0.01,25,0.045,0.009,25,0
IWM191101P150,2019-10-28,2019-10-28 09:40:21,0.05,0.01,4226,0.04,0.008,3517,0.05,0.01,25,0.045,0.009,25,0
IWM191101P150,2019-10-28,2019-10-28 09:40:22,0.05,0.01,4098,0.04,0.008,3600,0.05,0.01,25,0.045,0.009,25,0
IWM191101P150,2019-10-28,2019-10-28 09:40:23,0.05,0.01,4183,0.04,0.008,3515,0.05,0.01,25,0.045,0.009,25,0
IWM191101P150,2019-10-28,2019-10-28 09:40:23,0.05,0.01,4098,0.04,0.008,3515,0.05,0.01,25,0.045,0.009,25,0
IWM191101P150,2019-10-28,2019-10-28 09:40:24,0.05,0.01,4098,0.04,0.008,3515,0.05,0.01,25,0.045,0.009,25,0
IWM191101P150,2019-10-28,2019-10-28 09:40:24,0.05,0.01,4098,0.04,0.008,3600,0.05,0.01,25,0.045,0.009,25,0
IWM191101P150,2019-10-28,2019-10-28 09:40:25,0.05,0.01,4098,0.04,0.008,3515,0.05,0.01,25,0.045,0.009,25,0
IWM191101P150,2019-10-28,2019-10-28 09:40:25,0.05,0.01,3154,0.04,0.008,2651,0.05,0.01,25,0.045,0.009,25,0
IWM191101P150,2019-10-28,2019-10-28 09:40:26,0.05,0.01,4142,0.04,0.008,3599,0.05,0.01,25,0.045,0.009,25,0
IWM191101P150,2019-10-28,2019-10-28 09:40:27,0.05,0.01,4142,0.04,0.008,3397,0.05,0.01,25,0.045,0.009,25,0
IWM191101P150,2019-10-28,2019-10-28 09:40:28,0.05,0.01,4142,0.04,0.008,3553,0.05,0.01,25,0.045,0.009,25,0
IWM191101P150,2019-10-28,2019-10-28 09:40:29,0.05,0.01,4142,0.04,0.008,3553,0.05,0.01,25,0.045,0.009,25,0
IWM191101P150,2019-10-28,2019-10-28 09:40:29,0.05,0.01,4221,0.04,0.008,3553,0.05,0.01,25,0.045,0.009,25,0
IWM191101P150,2019-10-28,2019-10-28 09:40:30,0.05,0.01,4221,0.04,0.008,3553,0.05,0.01,25,0.045,0.009,25,0
IWM191101P150,2019-10-28,2019-10-28 09:40:31,0.05,0.01,4221,0.04,0.008,3553,0.05,0.01,25,0.045,0.009,25,0
IWM191101P150,2019-10-28,2019-10-28 09:40:32,0.05,0.01,4204,0.04,0.008,3881,0.05,0.01,25,0.045,0.009,25,0
IWM191101P150,2019-10-28,2019-10-28 09:40:32,0.05,0.01,3976,0.04,0.008,3881,0.05,0.01,25,0.045,0.009,25,0
IWM191101P150,2019-10-28,2019-10-28 09:40:33,0.05,0.01,3976,0.04,0.008,3881,0.05,0.01,25,0.045,0.009,25,0
IWM191101P150,2019-10-28,2019-10-28 09:40:34,0.05,0.01,3976,0.04,0.008,3881,0.05,0.01,25,0.045,0.009,25,0
IWM191101P150,2019-10-28,2019-10-28 09:40:35,0.05,0.01,3976,0.04,0.008,3881,0.05,0.01,25,0.045,0.009,25,0
IWM191101P150,2019-10-28,2019-10-28 09:40:36,0.05,0.01,3943,0.04,0.008,3985,0.05,0.01,25,0.045,0.009,25,0
