symbol,Date,quote_time,ask_price,norm_ask_price,ask_size,bid_price,norm_bid_price,bid_size,last_trade_price,norm_last_trade_price,last_trade_size,mark_price,norm_mark_price,volume,Volume
IWM191025C155,2019-10-21,2019-10-21 09:30:00,0.43,1.0,47,0.41,0.9534,20,0.44,1.0232,46,0.42,0.9767,2268,2268
IWM191025C155,2019-10-21,2019-10-21 09:30:01,0.43,1.0,47,0.41,0.9534,20,0.44,1.0232,46,0.42,0.9767,2268,0
IWM191025C155,2019-10-21,2019-10-21 09:30:02,0.43,1.0,47,0.41,0.9534,20,0.44,1.0232,46,0.42,0.9767,2268,0
IWM191025C155,2019-10-21,2019-10-21 09:30:03,1.0,2.3255,10,0.75,1.7441,10,0.44,1.0232,46,0.875,2.0348,0,-2268
IWM191025C155,2019-10-21,2019-10-21 09:30:03,0.89,2.0697,22,0.8,1.8604,22,0.44,1.0232,46,0.845,1.9651,0,0
IWM191025C155,2019-10-21,2019-10-21 09:30:04,0.89,2.0697,22,0.8,1.8604,22,0.44,1.0232,46,0.845,1.9651,0,0
IWM191025C155,2019-10-21,2019-10-21 09:30:04,0.89,2.0697,22,0.8,1.8604,22,0.44,1.0232,46,0.845,1.9651,12,12
IWM191025C155,2019-10-21,2019-10-21 09:30:05,0.89,2.0697,22,0.8,1.8604,22,0.84,1.9534,1,0.845,1.9651,12,0
IWM191025C155,2019-10-21,2019-10-21 09:30:06,0.91,2.1162,250,0.84,1.9534,30,0.84,1.9534,1,0.875,2.0348,12,0
IWM191025C155,2019-10-21,2019-10-21 09:30:06,0.92,2.1395,22,0.8,1.8604,22,0.84,1.9534,1,0.86,2.0,12,0
IWM191025C155,2019-10-21,2019-10-21 09:30:07,0.9,2.093,5,0.84,1.9534,30,0.84,1.9534,1,0.87,2.0232,12,0
IWM191025C155,2019-10-21,2019-10-21 09:30:07,0.9,2.093,5,0.84,1.9534,75,0.84,1.9534,1,0.87,2.0232,12,0
IWM191025C155,2019-10-21,2019-10-21 09:30:08,0.9,2.093,5,0.84,1.9534,75,0.87,2.0232,19,0.87,2.0232,31,19
IWM191025C155,2019-10-21,2019-10-21 09:30:08,0.9,2.093,15,0.84,1.9534,91,0.87,2.0232,19,0.87,2.0232,31,0
IWM191025C155,2019-10-21,2019-10-21 09:30:09,0.9,2.093,15,0.85,1.9767,75,0.89,2.0697,6,0.875,2.0348,42,11
IWM191025C155,2019-10-21,2019-10-21 09:30:09,0.9,2.093,255,0.84,1.9534,91,0.89,2.0697,6,0.87,2.0232,42,0
IWM191025C155,2019-10-21,2019-10-21 09:30:10,0.9,2.093,15,0.84,1.9534,91,0.89,2.0697,6,0.87,2.0232,42,0
IWM191025C155,2019-10-21,2019-10-21 09:30:10,0.9,2.093,255,0.84,1.9534,91,0.89,2.0697,6,0.87,2.0232,42,0
IWM191025C155,2019-10-21,2019-10-21 09:30:11,0.9,2.093,255,0.84,1.9534,91,0.93,2.1627,4,0.87,2.0232,108,0
IWM191025C155,2019-10-21,2019-10-21 09:30:11,0.9,2.093,255,0.84,1.9534,91,0.93,2.1627,4,0.87,2.0232,108,66
IWM191025C155,2019-10-21,2019-10-21 09:30:12,0.9,2.093,255,0.84,1.9534,91,0.93,2.1627,4,0.87,2.0232,108,0
IWM191025C155,2019-10-21,2019-10-21 09:30:13,0.9,2.093,255,0.84,1.9534,91,0.93,2.1627,4,0.87,2.0232,108,0
IWM191025C155,2019-10-21,2019-10-21 09:30:13,0.9,2.093,265,0.84,1.9534,91,0.93,2.1627,4,0.87,2.0232,108,0
IWM191025C155,2019-10-21,2019-10-21 09:30:14,0.9,2.093,265,0.85,1.9767,75,0.91,2.1162,8,0.875,2.0348,123,15
IWM191025C155,2019-10-21,2019-10-21 09:30:14,0.9,2.093,265,0.84,1.9534,91,0.93,2.1627,4,0.87,2.0232,108,0
IWM191025C155,2019-10-21,2019-10-21 09:30:15,0.89,2.0697,37,0.84,1.9534,132,0.91,2.1162,8,0.865,2.0116,123,0
IWM191025C155,2019-10-21,2019-10-21 09:30:16,0.89,2.0697,19,0.84,1.9534,91,0.91,2.1162,8,0.865,2.0116,123,0
IWM191025C155,2019-10-21,2019-10-21 09:30:16,0.89,2.0697,14,0.84,1.9534,91,0.91,2.1162,8,0.865,2.0116,123,0
IWM191025C155,2019-10-21,2019-10-21 09:30:17,0.9,2.093,95,0.87,2.0232,311,0.91,2.1162,8,0.885,2.0581,123,0
IWM191025C155,2019-10-21,2019-10-21 09:30:17,0.9,2.093,10,0.84,1.9534,91,0.91,2.1162,8,0.87,2.0232,123,0
IWM191025C155,2019-10-21,2019-10-21 09:30:18,0.9,2.093,95,0.87,2.0232,311,0.91,2.1162,8,0.885,2.0581,123,0
IWM191025C155,2019-10-21,2019-10-21 09:30:18,0.9,2.093,95,0.87,2.0232,1,0.91,2.1162,8,0.885,2.0581,123,0
IWM191025C155,2019-10-21,2019-10-21 09:30:19,0.9,2.093,57,0.87,2.0232,1,0.91,2.1162,8,0.885,2.0581,123,0
IWM191025C155,2019-10-21,2019-10-21 09:30:19,0.9,2.093,57,0.88,2.0465,57,0.91,2.1162,8,0.89,2.0697,123,0
IWM191025C155,2019-10-21,2019-10-21 09:30:20,0.9,2.093,57,0.88,2.0465,84,0.91,2.1162,8,0.89,2.0697,123,0
IWM191025C155,2019-10-21,2019-10-21 09:30:20,0.94,2.186,10,0.9,2.093,51,0.91,2.1162,8,0.92,2.1395,123,0
IWM191025C155,2019-10-21,2019-10-21 09:30:21,0.93,2.1627,10,0.9,2.093,51,0.91,2.1162,8,0.915,2.1279,123,0
IWM191025C155,2019-10-21,2019-10-21 09:30:21,0.94,2.186,20,0.9,2.093,51,0.91,2.1162,8,0.92,2.1395,123,0
IWM191025C155,2019-10-21,2019-10-21 09:30:22,0.93,2.1627,10,0.91,2.1162,79,0.91,2.1162,8,0.92,2.1395,123,0
IWM191025C155,2019-10-21,2019-10-21 09:30:22,0.93,2.1627,10,0.9,2.093,162,0.91,2.1162,8,0.915,2.1279,123,0
IWM191025C155,2019-10-21,2019-10-21 09:30:23,0.94,2.186,170,0.91,2.1162,15,0.91,2.1162,8,0.925,2.1511,123,0
IWM191025C155,2019-10-21,2019-10-21 09:30:23,0.94,2.186,122,0.91,2.1162,80,0.91,2.1162,8,0.925,2.1511,123,0
IWM191025C155,2019-10-21,2019-10-21 09:30:24,0.94,2.186,77,0.91,2.1162,80,0.91,2.1162,8,0.925,2.1511,123,0
IWM191025C155,2019-10-21,2019-10-21 09:30:24,0.94,2.186,160,0.91,2.1162,35,0.91,2.1162,8,0.925,2.1511,123,0
IWM191025C155,2019-10-21,2019-10-21 09:30:25,0.94,2.186,169,0.89,2.0697,75,0.91,2.1162,8,0.915,2.1279,123,0
IWM191025C155,2019-10-21,2019-10-21 09:30:25,0.94,2.186,191,0.89,2.0697,120,0.91,2.1162,8,0.915,2.1279,123,0
IWM191025C155,2019-10-21,2019-10-21 09:30:26,0.94,2.186,245,0.89,2.0697,174,0.91,2.1162,8,0.915,2.1279,123,0
IWM191025C155,2019-10-21,2019-10-21 09:30:26,0.94,2.186,383,0.89,2.0697,134,0.91,2.1162,8,0.915,2.1279,123,0
IWM191025C155,2019-10-21,2019-10-21 09:30:27,0.94,2.186,318,0.89,2.0697,214,0.91,2.1162,8,0.915,2.1279,123,0
IWM191025C155,2019-10-21,2019-10-21 09:30:27,0.94,2.186,284,0.89,2.0697,214,0.91,2.1162,8,0.915,2.1279,123,0
IWM191025C155,2019-10-21,2019-10-21 09:30:28,0.94,2.186,318,0.89,2.0697,214,0.91,2.1162,8,0.915,2.1279,123,0
IWM191025C155,2019-10-21,2019-10-21 09:30:28,0.94,2.186,308,0.89,2.0697,214,0.91,2.1162,8,0.915,2.1279,123,0
IWM191025C155,2019-10-21,2019-10-21 09:30:29,0.92,2.1395,2,0.89,2.0697,295,0.91,2.1162,8,0.905,2.1046,123,0
IWM191025C155,2019-10-21,2019-10-21 09:30:29,0.94,2.186,284,0.89,2.0697,214,0.91,2.1162,8,0.915,2.1279,123,0
IWM191025C155,2019-10-21,2019-10-21 09:30:30,0.92,2.1395,2,0.89,2.0697,341,0.91,2.1162,8,0.905,2.1046,123,0
IWM191025C155,2019-10-21,2019-10-21 09:30:31,0.92,2.1395,2,0.89,2.0697,85,0.91,2.1162,8,0.905,2.1046,123,0
IWM191025C155,2019-10-21,2019-10-21 09:30:31,0.92,2.1395,2,0.89,2.0697,358,0.91,2.1162,8,0.905,2.1046,123,0
IWM191025C155,2019-10-21,2019-10-21 09:30:32,0.92,2.1395,2,0.89,2.0697,85,0.91,2.1162,8,0.905,2.1046,123,0
IWM191025C155,2019-10-21,2019-10-21 09:30:33,0.92,2.1395,2,0.89,2.0697,206,0.91,2.1162,8,0.905,2.1046,123,0
IWM191025C155,2019-10-21,2019-10-21 09:30:33,0.92,2.1395,2,0.89,2.0697,465,0.91,2.1162,8,0.905,2.1046,123,0
IWM191025C155,2019-10-21,2019-10-21 09:30:34,0.92,2.1395,2,0.89,2.0697,420,0.91,2.1162,8,0.905,2.1046,123,0
IWM191025C155,2019-10-21,2019-10-21 09:30:34,0.92,2.1395,2,0.9,2.093,250,0.91,2.1162,8,0.91,2.1162,123,0
IWM191025C155,2019-10-21,2019-10-21 09:30:35,0.92,2.1395,2,0.9,2.093,375,0.91,2.1162,8,0.91,2.1162,123,0
IWM191025C155,2019-10-21,2019-10-21 09:30:36,0.92,2.1395,2,0.9,2.093,375,0.91,2.1162,8,0.91,2.1162,123,0
IWM191025C155,2019-10-21,2019-10-21 09:30:37,0.92,2.1395,2,0.9,2.093,375,0.91,2.1162,8,0.91,2.1162,123,0
IWM191025C155,2019-10-21,2019-10-21 09:30:38,0.92,2.1395,2,0.9,2.093,375,0.91,2.1162,8,0.91,2.1162,123,0
IWM191025C155,2019-10-21,2019-10-21 09:30:39,0.92,2.1395,2,0.9,2.093,375,0.91,2.1162,8,0.91,2.1162,123,0
IWM191025C155,2019-10-21,2019-10-21 09:30:40,0.92,2.1395,2,0.9,2.093,376,0.91,2.1162,8,0.91,2.1162,123,0
IWM191025C155,2019-10-21,2019-10-21 09:30:40,0.92,2.1395,2,0.9,2.093,375,0.91,2.1162,8,0.91,2.1162,123,0
IWM191025C155,2019-10-21,2019-10-21 09:30:41,0.92,2.1395,2,0.9,2.093,488,0.91,2.1162,8,0.91,2.1162,123,0
IWM191025C155,2019-10-21,2019-10-21 09:30:41,0.92,2.1395,2,0.9,2.093,475,0.91,2.1162,8,0.91,2.1162,123,0
IWM191025C155,2019-10-21,2019-10-21 09:30:42,0.94,2.186,66,0.91,2.1162,145,0.92,2.1395,2,0.925,2.1511,125,0
IWM191025C155,2019-10-21,2019-10-21 09:30:42,0.94,2.186,66,0.91,2.1162,45,0.92,2.1395,2,0.925,2.1511,125,2
IWM191025C155,2019-10-21,2019-10-21 09:30:43,0.95,2.2093,10,0.91,2.1162,279,0.92,2.1395,2,0.93,2.1627,125,0
IWM191025C155,2019-10-21,2019-10-21 09:30:43,0.95,2.2093,10,0.91,2.1162,317,0.92,2.1395,2,0.93,2.1627,125,0
IWM191025C155,2019-10-21,2019-10-21 09:30:44,0.95,2.2093,10,0.92,2.1395,506,0.92,2.1395,2,0.935,2.1744,125,0
IWM191025C155,2019-10-21,2019-10-21 09:30:44,0.95,2.2093,10,0.91,2.1162,317,0.92,2.1395,2,0.93,2.1627,125,0
IWM191025C155,2019-10-21,2019-10-21 09:30:45,0.95,2.2093,10,0.92,2.1395,506,0.92,2.1395,2,0.935,2.1744,125,0
IWM191025C155,2019-10-21,2019-10-21 09:30:45,0.95,2.2093,10,0.94,2.186,81,0.92,2.1395,2,0.945,2.1976,125,0
IWM191025C155,2019-10-21,2019-10-21 09:30:46,0.95,2.2093,10,0.94,2.186,81,0.92,2.1395,2,0.945,2.1976,125,0
IWM191025C155,2019-10-21,2019-10-21 09:30:46,0.96,2.2325,97,0.94,2.186,76,0.95,2.2093,1,0.95,2.2093,136,11
IWM191025C155,2019-10-21,2019-10-21 09:30:47,0.96,2.2325,97,0.94,2.186,41,0.95,2.2093,1,0.95,2.2093,136,0
IWM191025C155,2019-10-21,2019-10-21 09:30:47,0.96,2.2325,97,0.94,2.186,53,0.95,2.2093,1,0.95,2.2093,136,0
IWM191025C155,2019-10-21,2019-10-21 09:30:48,0.96,2.2325,97,0.94,2.186,41,0.95,2.2093,1,0.95,2.2093,136,0
IWM191025C155,2019-10-21,2019-10-21 09:30:48,0.96,2.2325,97,0.94,2.186,86,0.95,2.2093,1,0.95,2.2093,136,0
IWM191025C155,2019-10-21,2019-10-21 09:30:49,0.97,2.2558,165,0.94,2.186,226,0.95,2.2093,1,0.955,2.2209,136,0
IWM191025C155,2019-10-21,2019-10-21 09:30:49,0.97,2.2558,20,0.94,2.186,68,0.95,2.2093,1,0.955,2.2209,136,0
IWM191025C155,2019-10-21,2019-10-21 09:30:50,0.98,2.279,72,0.95,2.2093,49,0.95,2.2093,1,0.965,2.2441,136,0
IWM191025C155,2019-10-21,2019-10-21 09:30:50,0.97,2.2558,60,0.95,2.2093,49,0.95,2.2093,1,0.96,2.2325,136,0
IWM191025C155,2019-10-21,2019-10-21 09:30:51,0.98,2.279,185,0.95,2.2093,135,0.95,2.2093,1,0.965,2.2441,136,0
IWM191025C155,2019-10-21,2019-10-21 09:30:51,0.98,2.279,197,0.95,2.2093,135,0.95,2.2093,1,0.965,2.2441,136,0
IWM191025C155,2019-10-21,2019-10-21 09:30:52,0.98,2.279,116,0.95,2.2093,121,0.95,2.2093,1,0.965,2.2441,136,0
IWM191025C155,2019-10-21,2019-10-21 09:30:53,0.98,2.279,129,0.95,2.2093,32,0.95,2.2093,1,0.965,2.2441,136,0
IWM191025C155,2019-10-21,2019-10-21 09:30:53,0.98,2.279,129,0.95,2.2093,44,0.95,2.2093,1,0.965,2.2441,136,0
IWM191025C155,2019-10-21,2019-10-21 09:30:54,0.98,2.279,256,0.95,2.2093,29,0.95,2.2093,1,0.965,2.2441,136,0
IWM191025C155,2019-10-21,2019-10-21 09:30:54,0.98,2.279,254,0.95,2.2093,70,0.95,2.2093,1,0.965,2.2441,136,0
IWM191025C155,2019-10-21,2019-10-21 09:30:55,0.98,2.279,256,0.95,2.2093,29,0.95,2.2093,1,0.965,2.2441,136,0
IWM191025C155,2019-10-21,2019-10-21 09:30:55,0.98,2.279,257,0.95,2.2093,29,0.95,2.2093,1,0.965,2.2441,136,0
IWM191025C155,2019-10-21,2019-10-21 09:30:56,0.98,2.279,259,0.95,2.2093,41,0.95,2.2093,1,0.965,2.2441,136,0
IWM191025C155,2019-10-21,2019-10-21 09:30:56,0.98,2.279,257,0.95,2.2093,41,0.95,2.2093,1,0.965,2.2441,136,0
IWM191025C155,2019-10-21,2019-10-21 09:30:57,0.98,2.279,183,0.95,2.2093,19,0.95,2.2093,1,0.965,2.2441,136,0
IWM191025C155,2019-10-21,2019-10-21 09:30:57,0.98,2.279,241,0.95,2.2093,41,0.95,2.2093,1,0.965,2.2441,136,0
IWM191025C155,2019-10-21,2019-10-21 09:30:58,0.98,2.279,267,0.95,2.2093,108,0.95,2.2093,1,0.965,2.2441,136,0
IWM191025C155,2019-10-21,2019-10-21 09:30:58,0.98,2.279,202,0.94,2.186,141,0.95,2.2093,1,0.96,2.2325,136,0
IWM191025C155,2019-10-21,2019-10-21 09:30:59,0.98,2.279,393,0.95,2.2093,95,0.95,2.2093,1,0.965,2.2441,136,0
IWM191025C155,2019-10-21,2019-10-21 09:30:59,0.98,2.279,402,0.95,2.2093,108,0.95,2.2093,1,0.965,2.2441,136,0
IWM191025C155,2019-10-21,2019-10-21 09:31:00,0.98,2.279,436,0.95,2.2093,93,0.95,2.2093,1,0.965,2.2441,136,0
IWM191025C155,2019-10-21,2019-10-21 09:31:00,0.98,2.279,393,0.95,2.2093,93,0.95,2.2093,1,0.965,2.2441,136,0
IWM191025C155,2019-10-21,2019-10-21 09:31:01,0.98,2.279,672,0.95,2.2093,93,0.95,2.2093,1,0.965,2.2441,136,0
IWM191025C155,2019-10-21,2019-10-21 09:31:01,0.98,2.279,684,0.94,2.186,156,0.95,2.2093,1,0.96,2.2325,136,0
IWM191025C155,2019-10-21,2019-10-21 09:31:02,0.98,2.279,721,0.94,2.186,156,0.95,2.2093,1,0.96,2.2325,136,0
IWM191025C155,2019-10-21,2019-10-21 09:31:02,0.97,2.2558,132,0.94,2.186,34,0.95,2.2093,1,0.955,2.2209,136,0
IWM191025C155,2019-10-21,2019-10-21 09:31:03,0.97,2.2558,477,0.94,2.186,26,0.95,2.2093,1,0.955,2.2209,136,0
IWM191025C155,2019-10-21,2019-10-21 09:31:03,0.97,2.2558,223,0.94,2.186,89,0.95,2.2093,1,0.955,2.2209,136,0
IWM191025C155,2019-10-21,2019-10-21 09:31:04,0.97,2.2558,90,0.94,2.186,113,0.95,2.2093,1,0.955,2.2209,136,0
IWM191025C155,2019-10-21,2019-10-21 09:31:04,0.98,2.279,213,0.94,2.186,222,0.95,2.2093,1,0.96,2.2325,136,0
IWM191025C155,2019-10-21,2019-10-21 09:31:05,0.98,2.279,201,0.95,2.2093,209,0.95,2.2093,1,0.965,2.2441,136,0
IWM191025C155,2019-10-21,2019-10-21 09:31:05,0.98,2.279,223,0.95,2.2093,209,0.95,2.2093,1,0.965,2.2441,136,0
IWM191025C155,2019-10-21,2019-10-21 09:31:06,0.98,2.279,223,0.95,2.2093,256,0.98,2.279,1,0.965,2.2441,137,1
IWM191025C155,2019-10-21,2019-10-21 09:31:06,0.98,2.279,277,0.95,2.2093,256,0.98,2.279,1,0.965,2.2441,137,0
IWM191025C155,2019-10-21,2019-10-21 09:31:07,0.98,2.279,220,0.95,2.2093,298,0.98,2.279,1,0.965,2.2441,137,0
IWM191025C155,2019-10-21,2019-10-21 09:31:07,0.98,2.279,277,0.95,2.2093,256,0.98,2.279,1,0.965,2.2441,137,0
IWM191025C155,2019-10-21,2019-10-21 09:31:08,1.0,2.3255,325,0.95,2.2093,316,0.98,2.279,1,0.975,2.2674,137,0
IWM191025C155,2019-10-21,2019-10-21 09:31:08,1.0,2.3255,25,0.97,2.2558,176,0.98,2.279,1,0.985,2.2906,137,0
IWM191025C155,2019-10-21,2019-10-21 09:31:09,1.0,2.3255,25,0.97,2.2558,365,0.99,2.3023,2,0.985,2.2906,139,2
IWM191025C155,2019-10-21,2019-10-21 09:31:09,1.0,2.3255,25,0.97,2.2558,365,0.98,2.279,1,0.985,2.2906,137,0
IWM191025C155,2019-10-21,2019-10-21 09:31:10,1.0,2.3255,25,0.97,2.2558,289,0.99,2.3023,2,0.985,2.2906,139,0
IWM191025C155,2019-10-21,2019-10-21 09:31:10,1.0,2.3255,30,0.98,2.279,99,0.99,2.3023,2,0.99,2.3023,139,0
IWM191025C155,2019-10-21,2019-10-21 09:31:11,1.0,2.3255,25,0.98,2.279,76,0.99,2.3023,2,0.99,2.3023,139,0
IWM191025C155,2019-10-21,2019-10-21 09:31:11,1.0,2.3255,25,0.98,2.279,81,0.99,2.3023,2,0.99,2.3023,139,0
IWM191025C155,2019-10-21,2019-10-21 09:31:12,1.0,2.3255,25,0.98,2.279,216,0.99,2.3023,2,0.99,2.3023,139,0
IWM191025C155,2019-10-21,2019-10-21 09:31:12,1.0,2.3255,25,0.98,2.279,182,0.99,2.3023,2,0.99,2.3023,139,0
IWM191025C155,2019-10-21,2019-10-21 09:31:13,1.0,2.3255,25,0.98,2.279,176,0.99,2.3023,2,0.99,2.3023,139,0
IWM191025C155,2019-10-21,2019-10-21 09:31:14,1.0,2.3255,25,0.98,2.279,176,0.99,2.3023,2,0.99,2.3023,139,0
IWM191025C155,2019-10-21,2019-10-21 09:31:14,1.0,2.3255,25,0.98,2.279,211,0.99,2.3023,2,0.99,2.3023,139,0
IWM191025C155,2019-10-21,2019-10-21 09:31:15,1.0,2.3255,30,0.99,2.3023,25,0.99,2.3023,2,0.995,2.3139,139,0
IWM191025C155,2019-10-21,2019-10-21 09:31:15,1.0,2.3255,25,0.99,2.3023,41,0.99,2.3023,2,0.995,2.3139,139,0
IWM191025C155,2019-10-21,2019-10-21 09:31:16,1.0,2.3255,46,0.99,2.3023,25,0.99,2.3023,2,0.995,2.3139,139,0
IWM191025C155,2019-10-21,2019-10-21 09:31:16,1.0,2.3255,36,0.99,2.3023,1,0.99,2.3023,2,0.995,2.3139,139,0
IWM191025C155,2019-10-21,2019-10-21 09:31:17,1.0,2.3255,25,0.97,2.2558,38,0.99,2.3023,1,0.985,2.2906,141,2
IWM191025C155,2019-10-21,2019-10-21 09:31:17,1.0,2.3255,36,0.99,2.3023,1,0.99,2.3023,2,0.995,2.3139,139,0
IWM191025C155,2019-10-21,2019-10-21 09:31:18,1.0,2.3255,40,0.97,2.2558,209,0.99,2.3023,1,0.985,2.2906,141,0
IWM191025C155,2019-10-21,2019-10-21 09:31:18,1.0,2.3255,25,0.97,2.2558,190,0.99,2.3023,1,0.985,2.2906,141,0
IWM191025C155,2019-10-21,2019-10-21 09:31:19,1.0,2.3255,40,0.98,2.279,24,0.99,2.3023,1,0.99,2.3023,141,0
IWM191025C155,2019-10-21,2019-10-21 09:31:20,1.0,2.3255,22,0.98,2.279,74,1.0,2.3255,2,0.99,2.3023,147,6
IWM191025C155,2019-10-21,2019-10-21 09:31:20,1.0,2.3255,25,0.99,2.3023,23,0.99,2.3023,1,0.995,2.3139,141,0
IWM191025C155,2019-10-21,2019-10-21 09:31:21,1.0,2.3255,20,0.98,2.279,74,1.0,2.3255,2,0.99,2.3023,147,0
IWM191025C155,2019-10-21,2019-10-21 09:31:21,1.0,2.3255,11,0.99,2.3023,47,1.0,2.3255,4,0.995,2.3139,156,9
IWM191025C155,2019-10-21,2019-10-21 09:31:22,1.0,2.3255,6,0.99,2.3023,32,1.0,2.3255,6,0.995,2.3139,167,11
IWM191025C155,2019-10-21,2019-10-21 09:31:22,1.0,2.3255,10,0.99,2.3023,46,1.0,2.3255,4,0.995,2.3139,156,0
IWM191025C155,2019-10-21,2019-10-21 09:31:23,1.0,2.3255,6,0.98,2.279,130,1.0,2.3255,1,0.99,2.3023,168,1
IWM191025C155,2019-10-21,2019-10-21 09:31:23,1.01,2.3488,30,0.98,2.279,121,1.0,2.3255,1,0.995,2.3139,168,0
IWM191025C155,2019-10-21,2019-10-21 09:31:24,1.01,2.3488,38,0.98,2.279,87,1.0,2.3255,1,0.995,2.3139,168,0
IWM191025C155,2019-10-21,2019-10-21 09:31:24,1.01,2.3488,38,0.98,2.279,107,1.0,2.3255,1,0.995,2.3139,168,0
IWM191025C155,2019-10-21,2019-10-21 09:31:25,1.01,2.3488,38,0.98,2.279,87,1.0,2.3255,1,0.995,2.3139,168,0
IWM191025C155,2019-10-21,2019-10-21 09:31:26,1.01,2.3488,38,0.99,2.3023,23,1.0,2.3255,1,1.0,2.3255,168,0
IWM191025C155,2019-10-21,2019-10-21 09:31:26,1.01,2.3488,38,0.99,2.3023,19,1.0,2.3255,1,1.0,2.3255,168,0
IWM191025C155,2019-10-21,2019-10-21 09:31:27,1.01,2.3488,36,0.99,2.3023,35,1.0,2.3255,1,1.0,2.3255,168,0
IWM191025C155,2019-10-21,2019-10-21 09:31:28,1.01,2.3488,79,0.97,2.2558,249,1.0,2.3255,1,0.99,2.3023,168,0
IWM191025C155,2019-10-21,2019-10-21 09:31:29,1.01,2.3488,79,0.98,2.279,64,1.0,2.3255,1,0.995,2.3139,168,0
IWM191025C155,2019-10-21,2019-10-21 09:31:30,1.01,2.3488,49,0.98,2.279,66,1.0,2.3255,1,0.995,2.3139,168,0
IWM191025C155,2019-10-21,2019-10-21 09:31:30,1.01,2.3488,49,0.98,2.279,70,1.0,2.3255,1,0.995,2.3139,168,0
IWM191025C155,2019-10-21,2019-10-21 09:31:31,1.01,2.3488,31,0.98,2.279,102,1.0,2.3255,1,0.995,2.3139,168,0
IWM191025C155,2019-10-21,2019-10-21 09:31:31,1.01,2.3488,49,0.98,2.279,66,1.0,2.3255,1,0.995,2.3139,168,0
IWM191025C155,2019-10-21,2019-10-21 09:31:32,1.01,2.3488,31,0.99,2.3023,19,1.0,2.3255,1,1.0,2.3255,168,0
IWM191025C155,2019-10-21,2019-10-21 09:31:32,1.01,2.3488,41,0.99,2.3023,19,1.0,2.3255,1,1.0,2.3255,168,0
IWM191025C155,2019-10-21,2019-10-21 09:31:33,1.01,2.3488,31,0.99,2.3023,13,1.0,2.3255,1,1.0,2.3255,168,0
IWM191025C155,2019-10-21,2019-10-21 09:31:34,1.01,2.3488,41,0.98,2.279,120,1.0,2.3255,1,0.995,2.3139,168,0
IWM191025C155,2019-10-21,2019-10-21 09:31:35,1.01,2.3488,41,0.98,2.279,120,1.0,2.3255,1,0.995,2.3139,168,0
IWM191025C155,2019-10-21,2019-10-21 09:31:35,1.01,2.3488,41,0.98,2.279,43,1.0,2.3255,1,0.995,2.3139,168,0
IWM191025C155,2019-10-21,2019-10-21 09:31:36,1.01,2.3488,48,0.98,2.279,61,1.0,2.3255,1,0.995,2.3139,168,0
IWM191025C155,2019-10-21,2019-10-21 09:31:36,1.01,2.3488,50,0.98,2.279,43,1.0,2.3255,1,0.995,2.3139,168,0
IWM191025C155,2019-10-21,2019-10-21 09:31:37,1.01,2.3488,48,0.99,2.3023,19,1.0,2.3255,1,1.0,2.3255,168,0
IWM191025C155,2019-10-21,2019-10-21 09:31:37,1.01,2.3488,30,0.98,2.279,34,1.01,2.3488,1,0.995,2.3139,169,1
IWM191025C155,2019-10-21,2019-10-21 09:31:38,1.01,2.3488,60,0.98,2.279,34,1.01,2.3488,1,0.995,2.3139,169,0
IWM191025C155,2019-10-21,2019-10-21 09:31:38,1.01,2.3488,289,0.98,2.279,24,1.01,2.3488,1,0.995,2.3139,169,0
IWM191025C155,2019-10-21,2019-10-21 09:31:39,1.01,2.3488,409,0.98,2.279,24,1.01,2.3488,1,0.995,2.3139,169,0
IWM191025C155,2019-10-21,2019-10-21 09:31:39,1.01,2.3488,273,0.98,2.279,24,1.01,2.3488,1,0.995,2.3139,169,0
IWM191025C155,2019-10-21,2019-10-21 09:31:40,1.0,2.3255,159,0.97,2.2558,25,1.01,2.3488,1,0.985,2.2906,169,0
IWM191025C155,2019-10-21,2019-10-21 09:31:40,1.0,2.3255,159,0.97,2.2558,19,1.01,2.3488,1,0.985,2.2906,169,0
IWM191025C155,2019-10-21,2019-10-21 09:31:41,1.0,2.3255,357,0.96,2.2325,72,1.01,2.3488,1,0.98,2.279,169,0
IWM191025C155,2019-10-21,2019-10-21 09:31:41,1.0,2.3255,165,0.97,2.2558,25,1.01,2.3488,1,0.985,2.2906,169,0
IWM191025C155,2019-10-21,2019-10-21 09:31:42,1.0,2.3255,292,0.97,2.2558,23,1.01,2.3488,1,0.985,2.2906,169,0
IWM191025C155,2019-10-21,2019-10-21 09:31:42,1.0,2.3255,398,0.96,2.2325,72,1.01,2.3488,1,0.98,2.279,169,0
IWM191025C155,2019-10-21,2019-10-21 09:31:43,1.0,2.3255,292,0.97,2.2558,23,1.01,2.3488,1,0.985,2.2906,169,0
IWM191025C155,2019-10-21,2019-10-21 09:31:43,1.0,2.3255,10,0.98,2.279,19,1.01,2.3488,1,0.99,2.3023,169,0
IWM191025C155,2019-10-21,2019-10-21 09:31:44,1.02,2.372,675,0.99,2.3023,19,1.01,2.3488,1,1.005,2.3372,169,0
IWM191025C155,2019-10-21,2019-10-21 09:31:44,1.02,2.372,570,0.97,2.2558,25,1.01,2.3488,1,0.995,2.3139,169,0
IWM191025C155,2019-10-21,2019-10-21 09:31:45,1.01,2.3488,512,0.96,2.2325,68,1.01,2.3488,1,0.985,2.2906,169,0
IWM191025C155,2019-10-21,2019-10-21 09:31:45,1.01,2.3488,574,0.97,2.2558,25,1.01,2.3488,1,0.99,2.3023,169,0
IWM191025C155,2019-10-21,2019-10-21 09:31:46,1.0,2.3255,339,0.97,2.2558,19,1.01,2.3488,1,0.985,2.2906,169,0
IWM191025C155,2019-10-21,2019-10-21 09:31:46,1.01,2.3488,616,0.97,2.2558,23,1.01,2.3488,1,0.99,2.3023,169,0
IWM191025C155,2019-10-21,2019-10-21 09:31:47,1.0,2.3255,324,0.96,2.2325,54,1.01,2.3488,1,0.98,2.279,169,0
IWM191025C155,2019-10-21,2019-10-21 09:31:47,1.0,2.3255,324,0.96,2.2325,165,1.01,2.3488,1,0.98,2.279,169,0
IWM191025C155,2019-10-21,2019-10-21 09:31:48,1.0,2.3255,324,0.97,2.2558,19,1.01,2.3488,1,0.985,2.2906,169,0
IWM191025C155,2019-10-21,2019-10-21 09:31:48,1.0,2.3255,324,0.96,2.2325,137,1.01,2.3488,1,0.98,2.279,169,0
IWM191025C155,2019-10-21,2019-10-21 09:31:49,1.0,2.3255,220,0.97,2.2558,19,1.01,2.3488,1,0.985,2.2906,169,0
IWM191025C155,2019-10-21,2019-10-21 09:31:49,1.0,2.3255,339,0.97,2.2558,19,1.01,2.3488,1,0.985,2.2906,169,0
IWM191025C155,2019-10-21,2019-10-21 09:31:50,1.0,2.3255,220,0.97,2.2558,69,1.01,2.3488,1,0.985,2.2906,169,0
IWM191025C155,2019-10-21,2019-10-21 09:31:50,1.0,2.3255,244,0.97,2.2558,94,1.01,2.3488,1,0.985,2.2906,169,0
IWM191025C155,2019-10-21,2019-10-21 09:31:51,1.0,2.3255,220,0.97,2.2558,94,1.01,2.3488,1,0.985,2.2906,169,0
IWM191025C155,2019-10-21,2019-10-21 09:31:52,1.0,2.3255,82,0.97,2.2558,102,1.01,2.3488,1,0.985,2.2906,169,0
IWM191025C155,2019-10-21,2019-10-21 09:31:52,1.0,2.3255,220,0.98,2.279,19,1.01,2.3488,1,0.99,2.3023,169,0
IWM191025C155,2019-10-21,2019-10-21 09:31:53,1.01,2.3488,98,0.97,2.2558,308,1.01,2.3488,1,0.99,2.3023,169,0
IWM191025C155,2019-10-21,2019-10-21 09:31:53,1.01,2.3488,31,0.97,2.2558,262,1.01,2.3488,1,0.99,2.3023,169,0
IWM191025C155,2019-10-21,2019-10-21 09:31:54,1.02,2.372,238,0.99,2.3023,19,1.01,2.3488,1,1.005,2.3372,169,0
IWM191025C155,2019-10-21,2019-10-21 09:31:54,1.02,2.372,175,0.98,2.279,118,1.01,2.3488,1,1.0,2.3255,169,0
IWM191025C155,2019-10-21,2019-10-21 09:31:55,1.02,2.372,394,0.99,2.3023,19,1.01,2.3488,1,1.005,2.3372,169,0
IWM191025C155,2019-10-21,2019-10-21 09:31:56,1.02,2.372,32,1.0,2.3255,27,1.01,2.3488,1,1.01,2.3488,169,0
IWM191025C155,2019-10-21,2019-10-21 09:31:57,1.04,2.4186,20,1.01,2.3488,191,1.01,2.3488,1,1.025,2.3837,169,0
IWM191025C155,2019-10-21,2019-10-21 09:31:57,1.04,2.4186,20,1.01,2.3488,16,1.01,2.3488,1,1.025,2.3837,169,0
IWM191025C155,2019-10-21,2019-10-21 09:31:58,1.05,2.4418,61,1.02,2.372,35,1.01,2.3488,1,1.035,2.4069,169,0
IWM191025C155,2019-10-21,2019-10-21 09:31:58,1.05,2.4418,40,1.02,2.372,157,1.01,2.3488,1,1.035,2.4069,169,0
IWM191025C155,2019-10-21,2019-10-21 09:31:59,1.05,2.4418,16,1.03,2.3953,19,1.01,2.3488,1,1.04,2.4186,169,0
IWM191025C155,2019-10-21,2019-10-21 09:32:00,1.05,2.4418,16,1.03,2.3953,40,1.01,2.3488,1,1.04,2.4186,169,0
IWM191025C155,2019-10-21,2019-10-21 09:32:00,1.05,2.4418,29,1.03,2.3953,40,1.01,2.3488,1,1.04,2.4186,169,0
IWM191025C155,2019-10-21,2019-10-21 09:32:01,1.05,2.4418,48,1.02,2.372,28,1.01,2.3488,1,1.035,2.4069,169,0
IWM191025C155,2019-10-21,2019-10-21 09:32:01,1.05,2.4418,30,1.03,2.3953,40,1.01,2.3488,1,1.04,2.4186,169,0
IWM191025C155,2019-10-21,2019-10-21 09:32:02,1.05,2.4418,5,1.02,2.372,106,1.01,2.3488,1,1.035,2.4069,169,0
IWM191025C155,2019-10-21,2019-10-21 09:32:03,1.06,2.4651,71,1.04,2.4186,19,1.01,2.3488,1,1.05,2.4418,169,0
IWM191025C155,2019-10-21,2019-10-21 09:32:03,1.06,2.4651,41,1.04,2.4186,19,1.01,2.3488,1,1.05,2.4418,169,0
IWM191025C155,2019-10-21,2019-10-21 09:32:04,1.07,2.4883,89,1.04,2.4186,43,1.01,2.3488,1,1.055,2.4534,169,0
IWM191025C155,2019-10-21,2019-10-21 09:32:04,1.07,2.4883,211,1.04,2.4186,23,1.01,2.3488,1,1.055,2.4534,169,0
IWM191025C155,2019-10-21,2019-10-21 09:32:05,1.07,2.4883,211,1.04,2.4186,23,1.01,2.3488,1,1.055,2.4534,169,0
IWM191025C155,2019-10-21,2019-10-21 09:32:05,1.07,2.4883,385,1.04,2.4186,36,1.01,2.3488,1,1.055,2.4534,169,0
IWM191025C155,2019-10-21,2019-10-21 09:32:06,1.07,2.4883,385,1.03,2.3953,53,1.01,2.3488,1,1.05,2.4418,169,0
IWM191025C155,2019-10-21,2019-10-21 09:32:06,1.07,2.4883,385,1.04,2.4186,52,1.01,2.3488,1,1.055,2.4534,169,0
IWM191025C155,2019-10-21,2019-10-21 09:32:07,1.07,2.4883,17,1.04,2.4186,28,1.01,2.3488,1,1.055,2.4534,169,0
IWM191025C155,2019-10-21,2019-10-21 09:32:07,1.07,2.4883,2,1.05,2.4418,21,1.01,2.3488,1,1.06,2.4651,169,0
IWM191025C155,2019-10-21,2019-10-21 09:32:08,1.1,2.5581,382,1.06,2.4651,25,1.07,2.4883,1,1.08,2.5116,172,0
IWM191025C155,2019-10-21,2019-10-21 09:32:08,1.1,2.5581,226,1.05,2.4418,92,1.07,2.4883,1,1.075,2.5,172,3
IWM191025C155,2019-10-21,2019-10-21 09:32:09,1.1,2.5581,591,1.06,2.4651,58,1.07,2.4883,1,1.08,2.5116,172,0
IWM191025C155,2019-10-21,2019-10-21 09:32:09,1.1,2.5581,550,1.06,2.4651,58,1.07,2.4883,1,1.08,2.5116,172,0
IWM191025C155,2019-10-21,2019-10-21 09:32:10,1.1,2.5581,591,1.06,2.4651,32,1.07,2.4883,1,1.08,2.5116,172,0
IWM191025C155,2019-10-21,2019-10-21 09:32:10,1.1,2.5581,591,1.06,2.4651,48,1.07,2.4883,1,1.08,2.5116,172,0
IWM191025C155,2019-10-21,2019-10-21 09:32:11,1.1,2.5581,529,1.06,2.4651,32,1.07,2.4883,1,1.08,2.5116,172,0
IWM191025C155,2019-10-21,2019-10-21 09:32:11,1.08,2.5116,1,1.07,2.4883,1,1.08,2.5116,10,1.075,2.5,192,20
IWM191025C155,2019-10-21,2019-10-21 09:32:12,1.1,2.5581,33,1.07,2.4883,1,1.08,2.5116,10,1.085,2.5232,192,0
IWM191025C155,2019-10-21,2019-10-21 09:32:12,1.1,2.5581,50,1.07,2.4883,42,1.08,2.5116,10,1.085,2.5232,192,0
IWM191025C155,2019-10-21,2019-10-21 09:32:13,1.11,2.5813,115,1.09,2.5348,5,1.08,2.5116,10,1.1,2.5581,192,0
IWM191025C155,2019-10-21,2019-10-21 09:32:13,1.11,2.5813,128,1.07,2.4883,117,1.08,2.5116,10,1.09,2.5348,192,0
IWM191025C155,2019-10-21,2019-10-21 09:32:14,1.11,2.5813,88,1.09,2.5348,29,1.08,2.5116,10,1.1,2.5581,192,0
IWM191025C155,2019-10-21,2019-10-21 09:32:14,1.12,2.6046,68,1.09,2.5348,42,1.08,2.5116,10,1.105,2.5697,192,0
IWM191025C155,2019-10-21,2019-10-21 09:32:15,1.13,2.6279,288,1.08,2.5116,23,1.08,2.5116,10,1.105,2.5697,192,0
IWM191025C155,2019-10-21,2019-10-21 09:32:15,1.13,2.6279,103,1.09,2.5348,50,1.08,2.5116,10,1.11,2.5813,192,0
IWM191025C155,2019-10-21,2019-10-21 09:32:16,1.12,2.6046,3,1.09,2.5348,25,1.08,2.5116,10,1.105,2.5697,192,0
IWM191025C155,2019-10-21,2019-10-21 09:32:16,1.12,2.6046,67,1.09,2.5348,34,1.08,2.5116,10,1.105,2.5697,192,0
IWM191025C155,2019-10-21,2019-10-21 09:32:17,1.12,2.6046,88,1.09,2.5348,15,1.08,2.5116,10,1.105,2.5697,192,0
IWM191025C155,2019-10-21,2019-10-21 09:32:17,1.12,2.6046,67,1.09,2.5348,15,1.08,2.5116,10,1.105,2.5697,192,0
IWM191025C155,2019-10-21,2019-10-21 09:32:18,1.12,2.6046,88,1.09,2.5348,15,1.08,2.5116,10,1.105,2.5697,192,0
IWM191025C155,2019-10-21,2019-10-21 09:32:18,1.12,2.6046,5,1.1,2.5581,24,1.08,2.5116,10,1.11,2.5813,192,0
IWM191025C155,2019-10-21,2019-10-21 09:32:19,1.12,2.6046,90,1.09,2.5348,10,1.08,2.5116,10,1.105,2.5697,192,0
IWM191025C155,2019-10-21,2019-10-21 09:32:19,1.12,2.6046,55,1.09,2.5348,12,1.08,2.5116,10,1.105,2.5697,192,0
IWM191025C155,2019-10-21,2019-10-21 09:32:20,1.12,2.6046,214,1.09,2.5348,12,1.08,2.5116,10,1.105,2.5697,192,0
IWM191025C155,2019-10-21,2019-10-21 09:32:21,1.12,2.6046,400,1.08,2.5116,24,1.08,2.5116,10,1.1,2.5581,192,0
IWM191025C155,2019-10-21,2019-10-21 09:32:22,1.11,2.5813,189,1.08,2.5116,24,1.08,2.5116,10,1.095,2.5465,192,0
IWM191025C155,2019-10-21,2019-10-21 09:32:22,1.11,2.5813,73,1.08,2.5116,24,1.08,2.5116,10,1.095,2.5465,192,0
IWM191025C155,2019-10-21,2019-10-21 09:32:23,1.11,2.5813,212,1.08,2.5116,24,1.08,2.5116,10,1.095,2.5465,192,0
IWM191025C155,2019-10-21,2019-10-21 09:32:23,1.11,2.5813,354,1.08,2.5116,4,1.08,2.5116,10,1.095,2.5465,192,0
IWM191025C155,2019-10-21,2019-10-21 09:32:24,1.1,2.5581,95,1.07,2.4883,22,1.08,2.5116,10,1.085,2.5232,192,0
IWM191025C155,2019-10-21,2019-10-21 09:32:24,1.11,2.5813,400,1.08,2.5116,12,1.08,2.5116,10,1.095,2.5465,192,0
IWM191025C155,2019-10-21,2019-10-21 09:32:25,1.1,2.5581,85,1.07,2.4883,50,1.08,2.5116,10,1.085,2.5232,192,0
IWM191025C155,2019-10-21,2019-10-21 09:32:26,1.1,2.5581,28,1.08,2.5116,16,1.08,2.5116,10,1.09,2.5348,192,0
IWM191025C155,2019-10-21,2019-10-21 09:32:26,1.1,2.5581,13,1.08,2.5116,30,1.08,2.5116,10,1.09,2.5348,192,0
IWM191025C155,2019-10-21,2019-10-21 09:32:27,1.1,2.5581,121,1.08,2.5116,30,1.08,2.5116,10,1.09,2.5348,192,0
IWM191025C155,2019-10-21,2019-10-21 09:32:28,1.1,2.5581,121,1.08,2.5116,30,1.08,2.5116,10,1.09,2.5348,192,0
IWM191025C155,2019-10-21,2019-10-21 09:32:29,1.1,2.5581,121,1.08,2.5116,30,1.08,2.5116,10,1.09,2.5348,192,0
IWM191025C155,2019-10-21,2019-10-21 09:32:30,1.1,2.5581,101,1.08,2.5116,18,1.08,2.5116,10,1.09,2.5348,192,0
IWM191025C155,2019-10-21,2019-10-21 09:32:30,1.1,2.5581,121,1.08,2.5116,30,1.08,2.5116,10,1.09,2.5348,192,0
IWM191025C155,2019-10-21,2019-10-21 09:32:31,1.1,2.5581,81,1.08,2.5116,18,1.08,2.5116,10,1.09,2.5348,192,0
IWM191025C155,2019-10-21,2019-10-21 09:32:31,1.1,2.5581,101,1.08,2.5116,18,1.08,2.5116,10,1.09,2.5348,192,0
IWM191025C155,2019-10-21,2019-10-21 09:32:32,1.1,2.5581,51,1.08,2.5116,59,1.08,2.5116,10,1.09,2.5348,192,0
IWM191025C155,2019-10-21,2019-10-21 09:32:32,1.1,2.5581,51,1.08,2.5116,30,1.08,2.5116,10,1.09,2.5348,192,0
IWM191025C155,2019-10-21,2019-10-21 09:32:33,1.09,2.5348,2,1.08,2.5116,71,1.08,2.5116,10,1.085,2.5232,192,0
IWM191025C155,2019-10-21,2019-10-21 09:32:33,1.09,2.5348,2,1.08,2.5116,59,1.08,2.5116,10,1.085,2.5232,192,0
IWM191025C155,2019-10-21,2019-10-21 09:32:34,1.09,2.5348,2,1.07,2.4883,51,1.08,2.5116,10,1.08,2.5116,192,0
IWM191025C155,2019-10-21,2019-10-21 09:32:34,1.09,2.5348,2,1.08,2.5116,97,1.08,2.5116,10,1.085,2.5232,192,0
IWM191025C155,2019-10-21,2019-10-21 09:32:35,1.09,2.5348,2,1.08,2.5116,11,1.08,2.5116,10,1.085,2.5232,192,0
IWM191025C155,2019-10-21,2019-10-21 09:32:36,1.09,2.5348,2,1.09,2.5348,4,1.09,2.5348,2,1.09,2.5348,194,2
IWM191025C155,2019-10-21,2019-10-21 09:32:36,1.1,2.5581,4,1.09,2.5348,2,1.09,2.5348,2,1.095,2.5465,194,0
IWM191025C155,2019-10-21,2019-10-21 09:32:37,1.1,2.5581,4,1.09,2.5348,2,1.09,2.5348,2,1.095,2.5465,194,0
IWM191025C155,2019-10-21,2019-10-21 09:32:38,1.1,2.5581,4,1.08,2.5116,22,1.09,2.5348,2,1.09,2.5348,194,0
IWM191025C155,2019-10-21,2019-10-21 09:32:38,1.1,2.5581,4,1.07,2.4883,128,1.1,2.5581,3,1.085,2.5232,199,5
IWM191025C155,2019-10-21,2019-10-21 09:32:39,1.1,2.5581,4,1.07,2.4883,82,1.1,2.5581,3,1.085,2.5232,199,0
IWM191025C155,2019-10-21,2019-10-21 09:32:39,1.1,2.5581,4,1.07,2.4883,128,1.1,2.5581,3,1.085,2.5232,199,0
IWM191025C155,2019-10-21,2019-10-21 09:32:40,1.1,2.5581,10,1.07,2.4883,50,1.1,2.5581,3,1.085,2.5232,199,0
IWM191025C155,2019-10-21,2019-10-21 09:32:40,1.1,2.5581,10,1.08,2.5116,15,1.1,2.5581,3,1.09,2.5348,199,0
IWM191025C155,2019-10-21,2019-10-21 09:32:41,1.1,2.5581,217,1.07,2.4883,86,1.1,2.5581,3,1.085,2.5232,199,0
IWM191025C155,2019-10-21,2019-10-21 09:32:42,1.1,2.5581,239,1.07,2.4883,87,1.1,2.5581,3,1.085,2.5232,199,0
IWM191025C155,2019-10-21,2019-10-21 09:32:42,1.1,2.5581,239,1.07,2.4883,75,1.1,2.5581,3,1.085,2.5232,199,0
IWM191025C155,2019-10-21,2019-10-21 09:32:43,1.1,2.5581,239,1.08,2.5116,6,1.1,2.5581,3,1.09,2.5348,202,3
IWM191025C155,2019-10-21,2019-10-21 09:32:43,1.1,2.5581,239,1.07,2.4883,87,1.1,2.5581,3,1.085,2.5232,199,0
IWM191025C155,2019-10-21,2019-10-21 09:32:44,1.1,2.5581,279,1.08,2.5116,6,1.1,2.5581,3,1.09,2.5348,202,0
IWM191025C155,2019-10-21,2019-10-21 09:32:45,1.1,2.5581,350,1.08,2.5116,6,1.1,2.5581,3,1.09,2.5348,202,0
IWM191025C155,2019-10-21,2019-10-21 09:32:45,1.1,2.5581,336,1.06,2.4651,105,1.1,2.5581,3,1.08,2.5116,202,0
IWM191025C155,2019-10-21,2019-10-21 09:32:46,1.1,2.5581,336,1.07,2.4883,15,1.1,2.5581,3,1.085,2.5232,202,0
IWM191025C155,2019-10-21,2019-10-21 09:32:46,1.09,2.5348,123,1.06,2.4651,21,1.1,2.5581,3,1.075,2.5,202,0
IWM191025C155,2019-10-21,2019-10-21 09:32:47,1.08,2.5116,10,1.05,2.4418,94,1.1,2.5581,3,1.065,2.4767,202,0
IWM191025C155,2019-10-21,2019-10-21 09:32:48,1.08,2.5116,30,1.05,2.4418,118,1.1,2.5581,3,1.065,2.4767,202,0
IWM191025C155,2019-10-21,2019-10-21 09:32:49,1.08,2.5116,20,1.06,2.4651,22,1.1,2.5581,3,1.07,2.4883,202,0
IWM191025C155,2019-10-21,2019-10-21 09:32:49,1.08,2.5116,10,1.05,2.4418,118,1.1,2.5581,3,1.065,2.4767,202,0
IWM191025C155,2019-10-21,2019-10-21 09:32:50,1.08,2.5116,20,1.05,2.4418,56,1.1,2.5581,3,1.065,2.4767,202,0
IWM191025C155,2019-10-21,2019-10-21 09:32:50,1.08,2.5116,20,1.06,2.4651,16,1.1,2.5581,3,1.07,2.4883,202,0
IWM191025C155,2019-10-21,2019-10-21 09:32:51,1.08,2.5116,20,1.05,2.4418,56,1.1,2.5581,3,1.065,2.4767,202,0
IWM191025C155,2019-10-21,2019-10-21 09:32:51,1.08,2.5116,26,1.05,2.4418,56,1.1,2.5581,3,1.065,2.4767,202,0
IWM191025C155,2019-10-21,2019-10-21 09:32:52,1.08,2.5116,136,1.05,2.4418,45,1.1,2.5581,3,1.065,2.4767,202,0
IWM191025C155,2019-10-21,2019-10-21 09:32:53,1.07,2.4883,7,1.05,2.4418,51,1.1,2.5581,3,1.06,2.4651,202,0
IWM191025C155,2019-10-21,2019-10-21 09:32:53,1.08,2.5116,171,1.05,2.4418,51,1.1,2.5581,3,1.065,2.4767,202,0
IWM191025C155,2019-10-21,2019-10-21 09:32:54,1.07,2.4883,16,1.05,2.4418,76,1.1,2.5581,3,1.06,2.4651,202,0
IWM191025C155,2019-10-21,2019-10-21 09:32:54,1.07,2.4883,20,1.05,2.4418,76,1.1,2.5581,3,1.06,2.4651,202,0
IWM191025C155,2019-10-21,2019-10-21 09:32:55,1.07,2.4883,20,1.05,2.4418,43,1.1,2.5581,3,1.06,2.4651,202,0
IWM191025C155,2019-10-21,2019-10-21 09:32:55,1.07,2.4883,20,1.05,2.4418,76,1.1,2.5581,3,1.06,2.4651,202,0
IWM191025C155,2019-10-21,2019-10-21 09:32:56,1.07,2.4883,16,1.05,2.4418,56,1.1,2.5581,3,1.06,2.4651,202,0
IWM191025C155,2019-10-21,2019-10-21 09:32:57,1.08,2.5116,140,1.06,2.4651,33,1.1,2.5581,3,1.07,2.4883,202,0
IWM191025C155,2019-10-21,2019-10-21 09:32:57,1.08,2.5116,307,1.05,2.4418,53,1.1,2.5581,3,1.065,2.4767,202,0
IWM191025C155,2019-10-21,2019-10-21 09:32:58,1.09,2.5348,41,1.06,2.4651,42,1.08,2.5116,2,1.075,2.5,233,31
IWM191025C155,2019-10-21,2019-10-21 09:32:58,1.08,2.5116,307,1.05,2.4418,53,1.1,2.5581,3,1.065,2.4767,202,0
IWM191025C155,2019-10-21,2019-10-21 09:32:59,1.09,2.5348,41,1.07,2.4883,40,1.08,2.5116,2,1.08,2.5116,233,0
IWM191025C155,2019-10-21,2019-10-21 09:32:59,1.09,2.5348,61,1.07,2.4883,40,1.08,2.5116,2,1.08,2.5116,233,0
IWM191025C155,2019-10-21,2019-10-21 09:33:00,1.09,2.5348,61,1.07,2.4883,40,1.08,2.5116,2,1.08,2.5116,233,0
IWM191025C155,2019-10-21,2019-10-21 09:33:00,1.09,2.5348,61,1.07,2.4883,50,1.08,2.5116,2,1.08,2.5116,233,0
IWM191025C155,2019-10-21,2019-10-21 09:33:01,1.09,2.5348,61,1.07,2.4883,50,1.08,2.5116,2,1.08,2.5116,233,0
IWM191025C155,2019-10-21,2019-10-21 09:33:01,1.09,2.5348,61,1.07,2.4883,35,1.08,2.5116,2,1.08,2.5116,233,0
IWM191025C155,2019-10-21,2019-10-21 09:33:02,1.09,2.5348,61,1.07,2.4883,35,1.08,2.5116,2,1.08,2.5116,233,0
IWM191025C155,2019-10-21,2019-10-21 09:33:03,1.09,2.5348,61,1.06,2.4651,39,1.08,2.5116,2,1.075,2.5,233,0
IWM191025C155,2019-10-21,2019-10-21 09:33:03,1.09,2.5348,61,1.06,2.4651,43,1.08,2.5116,2,1.075,2.5,233,0
IWM191025C155,2019-10-21,2019-10-21 09:33:04,1.09,2.5348,5,1.06,2.4651,34,1.08,2.5116,2,1.075,2.5,233,0
IWM191025C155,2019-10-21,2019-10-21 09:33:04,1.09,2.5348,8,1.07,2.4883,2,1.08,2.5116,2,1.08,2.5116,233,0
IWM191025C155,2019-10-21,2019-10-21 09:33:05,1.09,2.5348,14,1.06,2.4651,49,1.08,2.5116,2,1.075,2.5,233,0
IWM191025C155,2019-10-21,2019-10-21 09:33:06,1.09,2.5348,1,1.07,2.4883,26,1.08,2.5116,2,1.08,2.5116,233,0
IWM191025C155,2019-10-21,2019-10-21 09:33:06,1.11,2.5813,200,1.08,2.5116,51,1.08,2.5116,2,1.095,2.5465,233,0
IWM191025C155,2019-10-21,2019-10-21 09:33:07,1.11,2.5813,337,1.08,2.5116,97,1.08,2.5116,2,1.095,2.5465,233,0
IWM191025C155,2019-10-21,2019-10-21 09:33:07,1.11,2.5813,213,1.08,2.5116,66,1.08,2.5116,2,1.095,2.5465,233,0
IWM191025C155,2019-10-21,2019-10-21 09:33:08,1.11,2.5813,296,1.08,2.5116,88,1.08,2.5116,2,1.095,2.5465,233,0
IWM191025C155,2019-10-21,2019-10-21 09:33:08,1.11,2.5813,337,1.08,2.5116,97,1.08,2.5116,2,1.095,2.5465,233,0
IWM191025C155,2019-10-21,2019-10-21 09:33:09,1.1,2.5581,1,1.08,2.5116,100,1.08,2.5116,2,1.09,2.5348,233,0
IWM191025C155,2019-10-21,2019-10-21 09:33:09,1.11,2.5813,296,1.08,2.5116,100,1.08,2.5116,2,1.095,2.5465,233,0
IWM191025C155,2019-10-21,2019-10-21 09:33:10,1.1,2.5581,1,1.08,2.5116,100,1.08,2.5116,2,1.09,2.5348,233,0
IWM191025C155,2019-10-21,2019-10-21 09:33:11,1.1,2.5581,1,1.08,2.5116,85,1.08,2.5116,2,1.09,2.5348,233,0
IWM191025C155,2019-10-21,2019-10-21 09:33:12,1.1,2.5581,1,1.08,2.5116,85,1.08,2.5116,2,1.09,2.5348,233,0
IWM191025C155,2019-10-21,2019-10-21 09:33:12,1.1,2.5581,1,1.08,2.5116,78,1.08,2.5116,2,1.09,2.5348,233,0
IWM191025C155,2019-10-21,2019-10-21 09:33:13,1.1,2.5581,2,1.09,2.5348,1,1.08,2.5116,2,1.095,2.5465,233,0
IWM191025C155,2019-10-21,2019-10-21 09:33:13,1.1,2.5581,1,1.08,2.5116,150,1.08,2.5116,2,1.09,2.5348,233,0
IWM191025C155,2019-10-21,2019-10-21 09:33:14,1.1,2.5581,2,1.09,2.5348,1,1.08,2.5116,2,1.095,2.5465,233,0
IWM191025C155,2019-10-21,2019-10-21 09:33:14,1.1,2.5581,2,1.09,2.5348,20,1.08,2.5116,2,1.095,2.5465,233,0
IWM191025C155,2019-10-21,2019-10-21 09:33:15,1.1,2.5581,2,1.09,2.5348,20,1.08,2.5116,2,1.095,2.5465,233,0
IWM191025C155,2019-10-21,2019-10-21 09:33:15,1.1,2.5581,102,1.07,2.4883,30,1.09,2.5348,1,1.085,2.5232,234,1
IWM191025C155,2019-10-21,2019-10-21 09:33:16,1.1,2.5581,210,1.07,2.4883,20,1.09,2.5348,1,1.085,2.5232,234,0
IWM191025C155,2019-10-21,2019-10-21 09:33:16,1.1,2.5581,102,1.07,2.4883,30,1.09,2.5348,1,1.085,2.5232,234,0
IWM191025C155,2019-10-21,2019-10-21 09:33:17,1.1,2.5581,246,1.07,2.4883,30,1.09,2.5348,1,1.085,2.5232,234,0
IWM191025C155,2019-10-21,2019-10-21 09:33:17,1.1,2.5581,334,1.07,2.4883,20,1.09,2.5348,1,1.085,2.5232,234,0
IWM191025C155,2019-10-21,2019-10-21 09:33:18,1.1,2.5581,246,1.07,2.4883,30,1.09,2.5348,1,1.085,2.5232,234,0
IWM191025C155,2019-10-21,2019-10-21 09:33:18,1.1,2.5581,273,1.06,2.4651,49,1.09,2.5348,1,1.08,2.5116,234,0
IWM191025C155,2019-10-21,2019-10-21 09:33:19,1.1,2.5581,260,1.06,2.4651,82,1.09,2.5348,1,1.08,2.5116,235,1
IWM191025C155,2019-10-21,2019-10-21 09:33:19,1.09,2.5348,10,1.06,2.4651,78,1.09,2.5348,1,1.075,2.5,235,0
IWM191025C155,2019-10-21,2019-10-21 09:33:20,1.09,2.5348,204,1.06,2.4651,78,1.09,2.5348,1,1.075,2.5,235,0
IWM191025C155,2019-10-21,2019-10-21 09:33:20,1.09,2.5348,20,1.06,2.4651,78,1.09,2.5348,1,1.075,2.5,235,0
IWM191025C155,2019-10-21,2019-10-21 09:33:21,1.09,2.5348,134,1.06,2.4651,213,1.09,2.5348,1,1.075,2.5,235,0
IWM191025C155,2019-10-21,2019-10-21 09:33:21,1.09,2.5348,204,1.06,2.4651,105,1.09,2.5348,1,1.075,2.5,235,0
IWM191025C155,2019-10-21,2019-10-21 09:33:22,1.1,2.5581,17,1.07,2.4883,176,1.09,2.5348,1,1.085,2.5232,235,0
IWM191025C155,2019-10-21,2019-10-21 09:33:22,1.1,2.5581,17,1.07,2.4883,204,1.09,2.5348,1,1.085,2.5232,235,0
IWM191025C155,2019-10-21,2019-10-21 09:33:23,1.1,2.5581,17,1.08,2.5116,20,1.09,2.5348,1,1.09,2.5348,235,0
IWM191025C155,2019-10-21,2019-10-21 09:33:24,1.09,2.5348,20,1.06,2.4651,68,1.09,2.5348,1,1.075,2.5,235,0
IWM191025C155,2019-10-21,2019-10-21 09:33:24,1.09,2.5348,17,1.07,2.4883,32,1.09,2.5348,1,1.08,2.5116,235,0
IWM191025C155,2019-10-21,2019-10-21 09:33:25,1.09,2.5348,89,1.06,2.4651,68,1.09,2.5348,1,1.075,2.5,235,0
IWM191025C155,2019-10-21,2019-10-21 09:33:25,1.09,2.5348,119,1.06,2.4651,32,1.09,2.5348,1,1.075,2.5,235,0
IWM191025C155,2019-10-21,2019-10-21 09:33:26,1.09,2.5348,196,1.05,2.4418,120,1.09,2.5348,1,1.07,2.4883,235,0
IWM191025C155,2019-10-21,2019-10-21 09:33:26,1.09,2.5348,431,1.05,2.4418,216,1.09,2.5348,1,1.07,2.4883,235,0
IWM191025C155,2019-10-21,2019-10-21 09:33:27,1.09,2.5348,502,1.05,2.4418,91,1.09,2.5348,1,1.07,2.4883,235,0
IWM191025C155,2019-10-21,2019-10-21 09:33:27,1.09,2.5348,502,1.05,2.4418,86,1.09,2.5348,1,1.07,2.4883,235,0
IWM191025C155,2019-10-21,2019-10-21 09:33:28,1.07,2.4883,7,1.05,2.4418,10,1.08,2.5116,2,1.06,2.4651,240,5
IWM191025C155,2019-10-21,2019-10-21 09:33:28,1.07,2.4883,83,1.04,2.4186,188,1.08,2.5116,2,1.055,2.4534,240,0
IWM191025C155,2019-10-21,2019-10-21 09:33:29,1.07,2.4883,210,1.03,2.3953,30,1.08,2.5116,2,1.05,2.4418,240,0
IWM191025C155,2019-10-21,2019-10-21 09:33:29,1.06,2.4651,169,1.03,2.3953,88,1.08,2.5116,2,1.045,2.4302,240,0
IWM191025C155,2019-10-21,2019-10-21 09:33:30,1.06,2.4651,180,1.03,2.3953,65,1.08,2.5116,2,1.045,2.4302,240,0
IWM191025C155,2019-10-21,2019-10-21 09:33:30,1.06,2.4651,169,1.03,2.3953,101,1.08,2.5116,2,1.045,2.4302,240,0
IWM191025C155,2019-10-21,2019-10-21 09:33:31,1.06,2.4651,272,1.03,2.3953,15,1.08,2.5116,2,1.045,2.4302,240,0
IWM191025C155,2019-10-21,2019-10-21 09:33:32,1.06,2.4651,316,1.02,2.372,313,1.08,2.5116,2,1.04,2.4186,240,0
IWM191025C155,2019-10-21,2019-10-21 09:33:32,1.06,2.4651,316,1.03,2.3953,20,1.08,2.5116,2,1.045,2.4302,240,0
IWM191025C155,2019-10-21,2019-10-21 09:33:33,1.06,2.4651,477,1.02,2.372,185,1.08,2.5116,2,1.04,2.4186,240,0
IWM191025C155,2019-10-21,2019-10-21 09:33:33,1.06,2.4651,331,1.02,2.372,52,1.08,2.5116,2,1.04,2.4186,240,0
IWM191025C155,2019-10-21,2019-10-21 09:33:34,1.05,2.4418,77,1.02,2.372,111,1.08,2.5116,2,1.035,2.4069,240,0
IWM191025C155,2019-10-21,2019-10-21 09:33:34,1.06,2.4651,493,1.02,2.372,94,1.08,2.5116,2,1.04,2.4186,240,0
IWM191025C155,2019-10-21,2019-10-21 09:33:35,1.05,2.4418,17,1.03,2.3953,20,1.08,2.5116,2,1.04,2.4186,240,0
IWM191025C155,2019-10-21,2019-10-21 09:33:35,1.05,2.4418,87,1.02,2.372,147,1.08,2.5116,2,1.035,2.4069,240,0
IWM191025C155,2019-10-21,2019-10-21 09:33:36,1.05,2.4418,121,1.02,2.372,140,1.08,2.5116,2,1.035,2.4069,240,0
IWM191025C155,2019-10-21,2019-10-21 09:33:36,1.05,2.4418,121,1.03,2.3953,10,1.08,2.5116,2,1.04,2.4186,240,0
IWM191025C155,2019-10-21,2019-10-21 09:33:37,1.05,2.4418,10,1.02,2.372,144,1.08,2.5116,2,1.035,2.4069,240,0
IWM191025C155,2019-10-21,2019-10-21 09:33:37,1.06,2.4651,25,1.04,2.4186,20,1.08,2.5116,2,1.05,2.4418,240,0
IWM191025C155,2019-10-21,2019-10-21 09:33:38,1.08,2.5116,107,1.04,2.4186,147,1.08,2.5116,2,1.06,2.4651,240,0
IWM191025C155,2019-10-21,2019-10-21 09:33:38,1.06,2.4651,25,1.04,2.4186,85,1.08,2.5116,2,1.05,2.4418,240,0
IWM191025C155,2019-10-21,2019-10-21 09:33:39,1.08,2.5116,148,1.05,2.4418,81,1.08,2.5116,2,1.065,2.4767,240,0
IWM191025C155,2019-10-21,2019-10-21 09:33:39,1.08,2.5116,148,1.05,2.4418,124,1.08,2.5116,2,1.065,2.4767,240,0
IWM191025C155,2019-10-21,2019-10-21 09:33:40,1.08,2.5116,222,1.05,2.4418,124,1.08,2.5116,2,1.065,2.4767,240,0
IWM191025C155,2019-10-21,2019-10-21 09:33:40,1.07,2.4883,316,1.03,2.3953,141,1.08,2.5116,2,1.05,2.4418,240,0
IWM191025C155,2019-10-21,2019-10-21 09:33:41,1.07,2.4883,474,1.03,2.3953,141,1.08,2.5116,2,1.05,2.4418,240,0
IWM191025C155,2019-10-21,2019-10-21 09:33:41,1.07,2.4883,316,1.03,2.3953,141,1.08,2.5116,2,1.05,2.4418,240,0
IWM191025C155,2019-10-21,2019-10-21 09:33:42,1.07,2.4883,474,1.03,2.3953,161,1.08,2.5116,2,1.05,2.4418,240,0
IWM191025C155,2019-10-21,2019-10-21 09:33:42,1.07,2.4883,430,1.03,2.3953,62,1.08,2.5116,2,1.05,2.4418,240,0
IWM191025C155,2019-10-21,2019-10-21 09:33:43,1.05,2.4418,32,1.02,2.372,161,1.05,2.4418,1,1.035,2.4069,241,0
IWM191025C155,2019-10-21,2019-10-21 09:33:43,1.07,2.4883,430,1.03,2.3953,36,1.05,2.4418,1,1.05,2.4418,241,1
IWM191025C155,2019-10-21,2019-10-21 09:33:44,1.06,2.4651,94,1.03,2.3953,261,1.05,2.4418,1,1.045,2.4302,241,0
IWM191025C155,2019-10-21,2019-10-21 09:33:44,1.06,2.4651,62,1.03,2.3953,31,1.05,2.4418,1,1.045,2.4302,241,0
IWM191025C155,2019-10-21,2019-10-21 09:33:45,1.05,2.4418,113,1.02,2.372,138,1.05,2.4418,1,1.035,2.4069,241,0
IWM191025C155,2019-10-21,2019-10-21 09:33:45,1.05,2.4418,16,1.02,2.372,116,1.05,2.4418,1,1.035,2.4069,241,0
IWM191025C155,2019-10-21,2019-10-21 09:33:46,1.05,2.4418,113,1.02,2.372,138,1.05,2.4418,1,1.035,2.4069,241,0
IWM191025C155,2019-10-21,2019-10-21 09:33:46,1.05,2.4418,113,1.02,2.372,153,1.05,2.4418,1,1.035,2.4069,241,0
IWM191025C155,2019-10-21,2019-10-21 09:33:47,1.05,2.4418,44,1.02,2.372,110,1.05,2.4418,1,1.035,2.4069,242,1
IWM191025C155,2019-10-21,2019-10-21 09:33:47,1.05,2.4418,98,1.02,2.372,163,1.05,2.4418,1,1.035,2.4069,241,0
IWM191025C155,2019-10-21,2019-10-21 09:33:48,1.05,2.4418,22,1.02,2.372,113,1.05,2.4418,1,1.035,2.4069,242,0
IWM191025C155,2019-10-21,2019-10-21 09:33:48,1.05,2.4418,54,1.02,2.372,101,1.05,2.4418,1,1.035,2.4069,242,0
IWM191025C155,2019-10-21,2019-10-21 09:33:49,1.05,2.4418,87,1.02,2.372,101,1.05,2.4418,1,1.035,2.4069,242,0
IWM191025C155,2019-10-21,2019-10-21 09:33:49,1.05,2.4418,154,1.02,2.372,81,1.05,2.4418,1,1.035,2.4069,243,1
IWM191025C155,2019-10-21,2019-10-21 09:33:50,1.05,2.4418,311,1.02,2.372,20,1.05,2.4418,1,1.035,2.4069,243,0
IWM191025C155,2019-10-21,2019-10-21 09:33:50,1.05,2.4418,154,1.02,2.372,20,1.05,2.4418,1,1.035,2.4069,243,0
IWM191025C155,2019-10-21,2019-10-21 09:33:51,1.05,2.4418,237,1.02,2.372,20,1.05,2.4418,1,1.035,2.4069,243,0
IWM191025C155,2019-10-21,2019-10-21 09:33:52,1.05,2.4418,237,1.02,2.372,20,1.05,2.4418,1,1.035,2.4069,243,0
IWM191025C155,2019-10-21,2019-10-21 09:33:52,1.05,2.4418,237,1.02,2.372,75,1.05,2.4418,1,1.035,2.4069,243,0
IWM191025C155,2019-10-21,2019-10-21 09:33:53,1.05,2.4418,196,1.02,2.372,109,1.05,2.4418,1,1.035,2.4069,243,0
IWM191025C155,2019-10-21,2019-10-21 09:33:53,1.05,2.4418,199,1.02,2.372,109,1.05,2.4418,1,1.035,2.4069,243,0
IWM191025C155,2019-10-21,2019-10-21 09:33:54,1.05,2.4418,280,1.02,2.372,34,1.05,2.4418,1,1.035,2.4069,243,0
IWM191025C155,2019-10-21,2019-10-21 09:33:54,1.05,2.4418,199,1.02,2.372,114,1.05,2.4418,1,1.035,2.4069,243,0
IWM191025C155,2019-10-21,2019-10-21 09:33:55,1.05,2.4418,321,1.02,2.372,24,1.05,2.4418,1,1.035,2.4069,243,0
IWM191025C155,2019-10-21,2019-10-21 09:33:55,1.05,2.4418,280,1.02,2.372,34,1.05,2.4418,1,1.035,2.4069,243,0
IWM191025C155,2019-10-21,2019-10-21 09:33:56,1.04,2.4186,142,1.01,2.3488,59,1.05,2.4418,1,1.025,2.3837,243,0
IWM191025C155,2019-10-21,2019-10-21 09:33:56,1.04,2.4186,142,1.0,2.3255,75,1.05,2.4418,1,1.02,2.372,243,0
IWM191025C155,2019-10-21,2019-10-21 09:33:57,1.03,2.3953,112,1.0,2.3255,126,1.05,2.4418,1,1.015,2.3604,243,0
IWM191025C155,2019-10-21,2019-10-21 09:33:58,1.03,2.3953,179,1.0,2.3255,147,1.05,2.4418,1,1.015,2.3604,243,0
IWM191025C155,2019-10-21,2019-10-21 09:33:58,1.03,2.3953,112,1.0,2.3255,147,1.05,2.4418,1,1.015,2.3604,243,0
IWM191025C155,2019-10-21,2019-10-21 09:33:59,1.03,2.3953,179,1.0,2.3255,147,1.05,2.4418,1,1.015,2.3604,243,0
IWM191025C155,2019-10-21,2019-10-21 09:33:59,1.03,2.3953,161,1.0,2.3255,67,1.05,2.4418,1,1.015,2.3604,243,0
IWM191025C155,2019-10-21,2019-10-21 09:34:00,1.03,2.3953,330,1.0,2.3255,22,1.05,2.4418,1,1.015,2.3604,243,0
IWM191025C155,2019-10-21,2019-10-21 09:34:00,1.03,2.3953,429,0.99,2.3023,134,1.01,2.3488,5,1.01,2.3488,248,5
IWM191025C155,2019-10-21,2019-10-21 09:34:01,1.03,2.3953,609,0.99,2.3023,10,1.01,2.3488,5,1.01,2.3488,248,0
IWM191025C155,2019-10-21,2019-10-21 09:34:01,1.02,2.372,38,0.99,2.3023,21,1.01,2.3488,5,1.005,2.3372,248,0
IWM191025C155,2019-10-21,2019-10-21 09:34:02,1.02,2.372,349,0.99,2.3023,21,1.01,2.3488,5,1.005,2.3372,248,0
IWM191025C155,2019-10-21,2019-10-21 09:34:02,1.02,2.372,245,0.99,2.3023,21,1.01,2.3488,5,1.005,2.3372,248,0
IWM191025C155,2019-10-21,2019-10-21 09:34:03,1.0,2.3255,11,0.97,2.2558,91,0.99,2.3023,1,0.985,2.2906,249,1
IWM191025C155,2019-10-21,2019-10-21 09:34:03,1.02,2.372,349,0.99,2.3023,21,1.01,2.3488,5,1.005,2.3372,248,0
IWM191025C155,2019-10-21,2019-10-21 09:34:04,1.0,2.3255,346,0.95,2.2093,196,1.0,2.3255,1,0.975,2.2674,250,1
IWM191025C155,2019-10-21,2019-10-21 09:34:04,1.0,2.3255,100,0.95,2.2093,117,0.99,2.3023,1,0.975,2.2674,249,0
IWM191025C155,2019-10-21,2019-10-21 09:34:05,0.99,2.3023,63,0.97,2.2558,75,1.0,2.3255,1,0.98,2.279,250,0
IWM191025C155,2019-10-21,2019-10-21 09:34:05,1.0,2.3255,236,0.97,2.2558,86,1.0,2.3255,1,0.985,2.2906,250,0
IWM191025C155,2019-10-21,2019-10-21 09:34:06,1.0,2.3255,30,0.97,2.2558,62,1.0,2.3255,1,0.985,2.2906,250,0
IWM191025C155,2019-10-21,2019-10-21 09:34:06,1.0,2.3255,214,0.97,2.2558,62,1.0,2.3255,1,0.985,2.2906,250,0
IWM191025C155,2019-10-21,2019-10-21 09:34:07,0.99,2.3023,167,0.96,2.2325,35,1.0,2.3255,1,0.975,2.2674,250,0
IWM191025C155,2019-10-21,2019-10-21 09:34:07,0.99,2.3023,336,0.95,2.2093,70,1.0,2.3255,1,0.97,2.2558,250,0
IWM191025C155,2019-10-21,2019-10-21 09:34:08,0.98,2.279,6,0.95,2.2093,117,1.0,2.3255,1,0.965,2.2441,250,0
IWM191025C155,2019-10-21,2019-10-21 09:34:08,0.98,2.279,102,0.95,2.2093,165,1.0,2.3255,1,0.965,2.2441,250,0
IWM191025C155,2019-10-21,2019-10-21 09:34:09,0.98,2.279,130,0.95,2.2093,184,1.0,2.3255,1,0.965,2.2441,250,0
IWM191025C155,2019-10-21,2019-10-21 09:34:10,0.98,2.279,63,0.95,2.2093,161,1.0,2.3255,1,0.965,2.2441,250,0
IWM191025C155,2019-10-21,2019-10-21 09:34:10,0.98,2.279,151,0.95,2.2093,184,1.0,2.3255,1,0.965,2.2441,250,0
IWM191025C155,2019-10-21,2019-10-21 09:34:11,0.98,2.279,209,0.95,2.2093,25,1.0,2.3255,1,0.965,2.2441,250,0
IWM191025C155,2019-10-21,2019-10-21 09:34:12,0.98,2.279,209,0.95,2.2093,25,1.0,2.3255,1,0.965,2.2441,250,0
IWM191025C155,2019-10-21,2019-10-21 09:34:12,0.98,2.279,351,0.94,2.186,189,0.98,2.279,1,0.96,2.2325,251,1
IWM191025C155,2019-10-21,2019-10-21 09:34:13,0.97,2.2558,92,0.94,2.186,189,0.98,2.279,1,0.955,2.2209,251,0
IWM191025C155,2019-10-21,2019-10-21 09:34:13,0.98,2.279,351,0.94,2.186,189,0.98,2.279,1,0.96,2.2325,251,0
IWM191025C155,2019-10-21,2019-10-21 09:34:14,0.97,2.2558,157,0.94,2.186,166,0.98,2.279,1,0.955,2.2209,251,0
IWM191025C155,2019-10-21,2019-10-21 09:34:14,0.97,2.2558,157,0.94,2.186,196,0.98,2.279,1,0.955,2.2209,251,0
IWM191025C155,2019-10-21,2019-10-21 09:34:15,0.96,2.2325,40,0.93,2.1627,238,0.98,2.279,1,0.945,2.1976,251,0
IWM191025C155,2019-10-21,2019-10-21 09:34:15,0.97,2.2558,157,0.94,2.186,30,0.98,2.279,1,0.955,2.2209,251,0
IWM191025C155,2019-10-21,2019-10-21 09:34:16,0.96,2.2325,147,0.93,2.1627,68,0.98,2.279,1,0.945,2.1976,251,0
IWM191025C155,2019-10-21,2019-10-21 09:34:16,0.96,2.2325,75,0.93,2.1627,324,0.98,2.279,1,0.945,2.1976,251,0
IWM191025C155,2019-10-21,2019-10-21 09:34:17,0.96,2.2325,79,0.93,2.1627,54,0.98,2.279,1,0.945,2.1976,251,0
IWM191025C155,2019-10-21,2019-10-21 09:34:17,0.96,2.2325,76,0.93,2.1627,53,0.98,2.279,1,0.945,2.1976,251,0
IWM191025C155,2019-10-21,2019-10-21 09:34:18,0.95,2.2093,129,0.92,2.1395,25,0.98,2.279,1,0.935,2.1744,251,0
IWM191025C155,2019-10-21,2019-10-21 09:34:18,0.95,2.2093,11,0.93,2.1627,47,0.98,2.279,1,0.94,2.186,251,0
IWM191025C155,2019-10-21,2019-10-21 09:34:19,0.95,2.2093,116,0.92,2.1395,23,0.98,2.279,1,0.935,2.1744,251,0
IWM191025C155,2019-10-21,2019-10-21 09:34:19,0.95,2.2093,358,0.92,2.1395,68,0.98,2.279,1,0.935,2.1744,251,0
IWM191025C155,2019-10-21,2019-10-21 09:34:20,0.95,2.2093,239,0.92,2.1395,59,0.98,2.279,1,0.935,2.1744,251,0
IWM191025C155,2019-10-21,2019-10-21 09:34:20,0.95,2.2093,358,0.92,2.1395,68,0.98,2.279,1,0.935,2.1744,251,0
IWM191025C155,2019-10-21,2019-10-21 09:34:21,0.95,2.2093,458,0.91,2.1162,19,0.98,2.279,1,0.93,2.1627,251,0
IWM191025C155,2019-10-21,2019-10-21 09:34:21,0.95,2.2093,250,0.92,2.1395,59,0.98,2.279,1,0.935,2.1744,251,0
IWM191025C155,2019-10-21,2019-10-21 09:34:22,0.95,2.2093,10,0.91,2.1162,20,0.95,2.2093,10,0.93,2.1627,270,19
IWM191025C155,2019-10-21,2019-10-21 09:34:22,0.94,2.186,300,0.91,2.1162,27,0.98,2.279,1,0.925,2.1511,251,0
IWM191025C155,2019-10-21,2019-10-21 09:34:23,0.97,2.2558,6,0.93,2.1627,199,0.94,2.186,165,0.95,2.2093,435,165
IWM191025C155,2019-10-21,2019-10-21 09:34:23,0.98,2.279,68,0.95,2.2093,67,0.97,2.2558,10,0.965,2.2441,445,10
IWM191025C155,2019-10-21,2019-10-21 09:34:24,0.98,2.279,68,0.95,2.2093,67,0.97,2.2558,10,0.965,2.2441,445,0
IWM191025C155,2019-10-21,2019-10-21 09:34:24,0.98,2.279,30,0.96,2.2325,10,0.98,2.279,36,0.97,2.2558,1086,641
IWM191025C155,2019-10-21,2019-10-21 09:34:25,0.98,2.279,43,0.95,2.2093,68,0.97,2.2558,1,0.965,2.2441,1261,36
IWM191025C155,2019-10-21,2019-10-21 09:34:25,0.98,2.279,43,0.95,2.2093,68,0.97,2.2558,8,0.965,2.2441,1225,139
IWM191025C155,2019-10-21,2019-10-21 09:34:26,0.98,2.279,43,0.96,2.2325,26,0.97,2.2558,1,0.97,2.2558,1261,0
IWM191025C155,2019-10-21,2019-10-21 09:34:26,0.99,2.3023,68,0.96,2.2325,77,0.97,2.2558,1,0.975,2.2674,1261,0
IWM191025C155,2019-10-21,2019-10-21 09:34:27,0.98,2.279,28,0.95,2.2093,20,0.97,2.2558,1,0.965,2.2441,1261,0
IWM191025C155,2019-10-21,2019-10-21 09:34:27,0.99,2.3023,68,0.96,2.2325,40,0.97,2.2558,1,0.975,2.2674,1261,0
IWM191025C155,2019-10-21,2019-10-21 09:34:28,0.97,2.2558,37,0.94,2.186,43,0.97,2.2558,1,0.955,2.2209,1261,0
IWM191025C155,2019-10-21,2019-10-21 09:34:28,0.97,2.2558,22,0.94,2.186,153,0.97,2.2558,1,0.955,2.2209,1261,0
IWM191025C155,2019-10-21,2019-10-21 09:34:29,0.97,2.2558,47,0.94,2.186,43,0.97,2.2558,1,0.955,2.2209,1261,0
IWM191025C155,2019-10-21,2019-10-21 09:34:29,0.97,2.2558,91,0.92,2.1395,84,0.97,2.2558,1,0.945,2.1976,1261,0
IWM191025C155,2019-10-21,2019-10-21 09:34:30,0.95,2.2093,306,0.92,2.1395,10,0.97,2.2558,1,0.935,2.1744,1261,0
IWM191025C155,2019-10-21,2019-10-21 09:34:30,0.95,2.2093,16,0.91,2.1162,320,0.97,2.2558,1,0.93,2.1627,1261,0
IWM191025C155,2019-10-21,2019-10-21 09:34:31,0.95,2.2093,447,0.92,2.1395,10,0.97,2.2558,1,0.935,2.1744,1261,0
IWM191025C155,2019-10-21,2019-10-21 09:34:31,0.95,2.2093,453,0.9,2.093,217,0.97,2.2558,1,0.925,2.1511,1261,0
IWM191025C155,2019-10-21,2019-10-21 09:34:32,0.96,2.2325,68,0.92,2.1395,114,0.97,2.2558,1,0.94,2.186,1261,0
IWM191025C155,2019-10-21,2019-10-21 09:34:32,0.96,2.2325,68,0.93,2.1627,68,0.97,2.2558,1,0.945,2.1976,1261,0
IWM191025C155,2019-10-21,2019-10-21 09:34:33,0.95,2.2093,6,0.93,2.1627,20,0.97,2.2558,1,0.94,2.186,1261,0
IWM191025C155,2019-10-21,2019-10-21 09:34:34,0.96,2.2325,68,0.93,2.1627,263,0.97,2.2558,1,0.945,2.1976,1261,0
IWM191025C155,2019-10-21,2019-10-21 09:34:34,0.96,2.2325,68,0.93,2.1627,34,0.97,2.2558,1,0.945,2.1976,1261,0
IWM191025C155,2019-10-21,2019-10-21 09:34:35,0.98,2.279,63,0.95,2.2093,97,0.94,2.186,11,0.965,2.2441,1281,20
IWM191025C155,2019-10-21,2019-10-21 09:34:35,0.97,2.2558,68,0.94,2.186,71,0.94,2.186,11,0.955,2.2209,1281,0
IWM191025C155,2019-10-21,2019-10-21 09:34:36,0.96,2.2325,188,0.92,2.1395,153,0.94,2.186,11,0.94,2.186,1281,0
IWM191025C155,2019-10-21,2019-10-21 09:34:36,0.98,2.279,115,0.94,2.186,143,0.94,2.186,11,0.96,2.2325,1281,0
IWM191025C155,2019-10-21,2019-10-21 09:34:37,0.96,2.2325,417,0.92,2.1395,231,0.94,2.186,11,0.94,2.186,1281,0
IWM191025C155,2019-10-21,2019-10-21 09:34:37,0.96,2.2325,339,0.92,2.1395,167,0.94,2.186,11,0.94,2.186,1281,0
IWM191025C155,2019-10-21,2019-10-21 09:34:38,0.96,2.2325,417,0.92,2.1395,231,0.94,2.186,11,0.94,2.186,1281,0
IWM191025C155,2019-10-21,2019-10-21 09:34:38,0.96,2.2325,417,0.92,2.1395,236,0.94,2.186,11,0.94,2.186,1281,0
IWM191025C155,2019-10-21,2019-10-21 09:34:39,0.95,2.2093,203,0.9,2.093,106,0.94,2.186,11,0.925,2.1511,1281,0
IWM191025C155,2019-10-21,2019-10-21 09:34:39,0.94,2.186,81,0.9,2.093,144,0.94,2.186,11,0.92,2.1395,1281,0
IWM191025C155,2019-10-21,2019-10-21 09:34:40,0.94,2.186,316,0.9,2.093,177,0.94,2.186,11,0.92,2.1395,1281,0
IWM191025C155,2019-10-21,2019-10-21 09:34:40,0.94,2.186,496,0.9,2.093,121,0.94,2.186,11,0.92,2.1395,1281,0
IWM191025C155,2019-10-21,2019-10-21 09:34:41,0.94,2.186,496,0.9,2.093,248,0.94,2.186,11,0.92,2.1395,1281,0
IWM191025C155,2019-10-21,2019-10-21 09:34:41,0.94,2.186,69,0.9,2.093,153,0.94,2.186,11,0.92,2.1395,1281,0
IWM191025C155,2019-10-21,2019-10-21 09:34:42,0.94,2.186,10,0.92,2.1395,20,0.94,2.186,11,0.93,2.1627,1281,0
IWM191025C155,2019-10-21,2019-10-21 09:34:43,0.95,2.2093,160,0.92,2.1395,80,0.94,2.186,11,0.935,2.1744,1281,0
IWM191025C155,2019-10-21,2019-10-21 09:34:43,0.95,2.2093,153,0.92,2.1395,80,0.94,2.186,11,0.935,2.1744,1281,0
IWM191025C155,2019-10-21,2019-10-21 09:34:44,0.95,2.2093,170,0.92,2.1395,226,0.94,2.186,11,0.935,2.1744,1281,0
IWM191025C155,2019-10-21,2019-10-21 09:34:44,0.95,2.2093,60,0.93,2.1627,20,0.94,2.186,11,0.94,2.186,1281,0
IWM191025C155,2019-10-21,2019-10-21 09:34:45,0.95,2.2093,60,0.93,2.1627,105,0.94,2.186,11,0.94,2.186,1281,0
IWM191025C155,2019-10-21,2019-10-21 09:34:45,0.95,2.2093,60,0.93,2.1627,118,0.94,2.186,11,0.94,2.186,1281,0
IWM191025C155,2019-10-21,2019-10-21 09:34:46,0.95,2.2093,60,0.93,2.1627,118,0.94,2.186,11,0.94,2.186,1281,0
IWM191025C155,2019-10-21,2019-10-21 09:34:47,0.95,2.2093,60,0.93,2.1627,118,0.94,2.186,11,0.94,2.186,1281,0
IWM191025C155,2019-10-21,2019-10-21 09:34:47,0.97,2.2558,18,0.94,2.186,203,0.94,2.186,11,0.955,2.2209,1281,0
IWM191025C155,2019-10-21,2019-10-21 09:34:48,0.97,2.2558,137,0.94,2.186,268,0.94,2.186,11,0.955,2.2209,1281,0
IWM191025C155,2019-10-21,2019-10-21 09:34:48,0.97,2.2558,18,0.94,2.186,268,0.94,2.186,11,0.955,2.2209,1281,0
IWM191025C155,2019-10-21,2019-10-21 09:34:49,0.97,2.2558,73,0.94,2.186,95,0.94,2.186,11,0.955,2.2209,1281,0
IWM191025C155,2019-10-21,2019-10-21 09:34:50,0.97,2.2558,523,0.92,2.1395,147,0.94,2.186,11,0.945,2.1976,1281,0
IWM191025C155,2019-10-21,2019-10-21 09:34:51,0.94,2.186,59,0.92,2.1395,20,0.94,2.186,11,0.93,2.1627,1281,0
IWM191025C155,2019-10-21,2019-10-21 09:34:52,0.94,2.186,81,0.91,2.1162,136,0.94,2.186,11,0.925,2.1511,1281,0
IWM191025C155,2019-10-21,2019-10-21 09:34:52,0.94,2.186,153,0.91,2.1162,93,0.94,2.186,11,0.925,2.1511,1281,0
IWM191025C155,2019-10-21,2019-10-21 09:34:53,0.95,2.2093,98,0.92,2.1395,119,0.94,2.186,11,0.935,2.1744,1281,0
IWM191025C155,2019-10-21,2019-10-21 09:34:53,0.95,2.2093,70,0.92,2.1395,119,0.94,2.186,11,0.935,2.1744,1281,0
IWM191025C155,2019-10-21,2019-10-21 09:34:54,0.95,2.2093,466,0.94,2.186,236,0.96,2.2325,152,0.945,2.1976,2176,895
IWM191025C155,2019-10-21,2019-10-21 09:34:54,0.95,2.2093,361,0.92,2.1395,119,0.94,2.186,11,0.935,2.1744,1281,0
IWM191025C155,2019-10-21,2019-10-21 09:34:55,0.99,2.3023,90,0.94,2.186,232,0.96,2.2325,152,0.965,2.2441,2176,0
IWM191025C155,2019-10-21,2019-10-21 09:34:55,0.98,2.279,19,0.94,2.186,279,0.96,2.2325,152,0.96,2.2325,2176,0
IWM191025C155,2019-10-21,2019-10-21 09:34:56,0.99,2.3023,188,0.95,2.2093,20,0.96,2.2325,152,0.97,2.2558,2176,0
IWM191025C155,2019-10-21,2019-10-21 09:34:56,0.99,2.3023,212,0.95,2.2093,57,0.96,2.2325,152,0.97,2.2558,2176,0
IWM191025C155,2019-10-21,2019-10-21 09:34:57,0.99,2.3023,70,0.96,2.2325,90,0.96,2.2325,152,0.975,2.2674,2176,0
IWM191025C155,2019-10-21,2019-10-21 09:34:58,0.99,2.3023,1,0.96,2.2325,198,0.99,2.3023,1,0.975,2.2674,2177,1
IWM191025C155,2019-10-21,2019-10-21 09:34:58,1.0,2.3255,56,0.96,2.2325,198,0.96,2.2325,152,0.98,2.279,2176,0
IWM191025C155,2019-10-21,2019-10-21 09:34:59,0.99,2.3023,1,0.96,2.2325,198,0.99,2.3023,1,0.975,2.2674,2177,0
IWM191025C155,2019-10-21,2019-10-21 09:34:59,1.0,2.3255,174,0.98,2.279,87,0.99,2.3023,1,0.99,2.3023,2177,0
IWM191025C155,2019-10-21,2019-10-21 09:35:00,1.0,2.3255,175,0.98,2.279,9,0.99,2.3023,1,0.99,2.3023,2177,0
IWM191025C155,2019-10-21,2019-10-21 09:35:01,1.0,2.3255,1,0.99,2.3023,90,0.99,2.3023,1,0.995,2.3139,2177,0
IWM191025C155,2019-10-21,2019-10-21 09:35:01,1.0,2.3255,175,0.98,2.279,9,0.99,2.3023,1,0.99,2.3023,2177,0
IWM191025C155,2019-10-21,2019-10-21 09:35:02,1.02,2.372,207,1.0,2.3255,131,1.0,2.3255,1,1.01,2.3488,2178,1
IWM191025C155,2019-10-21,2019-10-21 09:35:02,1.0,2.3255,1,0.99,2.3023,148,0.99,2.3023,1,0.995,2.3139,2177,0
IWM191025C155,2019-10-21,2019-10-21 09:35:03,1.02,2.372,207,1.0,2.3255,159,1.0,2.3255,1,1.01,2.3488,2178,0
IWM191025C155,2019-10-21,2019-10-21 09:35:03,1.02,2.372,138,1.0,2.3255,159,1.0,2.3255,1,1.01,2.3488,2178,0
IWM191025C155,2019-10-21,2019-10-21 09:35:04,1.04,2.4186,24,1.03,2.3953,87,1.04,2.4186,11,1.035,2.4069,2208,11
IWM191025C155,2019-10-21,2019-10-21 09:35:04,1.03,2.3953,17,1.0,2.3255,159,1.02,2.372,19,1.015,2.3604,2197,19
IWM191025C155,2019-10-21,2019-10-21 09:35:05,1.04,2.4186,43,1.03,2.3953,18,1.04,2.4186,11,1.035,2.4069,2208,0
IWM191025C155,2019-10-21,2019-10-21 09:35:05,1.04,2.4186,72,1.03,2.3953,18,1.04,2.4186,11,1.035,2.4069,2208,0
IWM191025C155,2019-10-21,2019-10-21 09:35:06,1.04,2.4186,38,1.02,2.372,144,1.04,2.4186,4,1.03,2.3953,2212,4
IWM191025C155,2019-10-21,2019-10-21 09:35:06,1.04,2.4186,38,1.02,2.372,299,1.04,2.4186,4,1.03,2.3953,2212,0
IWM191025C155,2019-10-21,2019-10-21 09:35:07,1.05,2.4418,82,1.03,2.3953,98,1.04,2.4186,4,1.04,2.4186,2212,0
IWM191025C155,2019-10-21,2019-10-21 09:35:07,1.05,2.4418,299,1.02,2.372,299,1.04,2.4186,4,1.035,2.4069,2212,0
IWM191025C155,2019-10-21,2019-10-21 09:35:08,1.05,2.4418,227,1.03,2.3953,98,1.04,2.4186,4,1.04,2.4186,2212,0
IWM191025C155,2019-10-21,2019-10-21 09:35:08,1.05,2.4418,269,1.03,2.3953,98,1.04,2.4186,4,1.04,2.4186,2212,0
IWM191025C155,2019-10-21,2019-10-21 09:35:09,1.05,2.4418,806,1.01,2.3488,75,1.04,2.4186,4,1.03,2.3953,2212,0
IWM191025C155,2019-10-21,2019-10-21 09:35:09,1.05,2.4418,789,1.02,2.372,9,1.04,2.4186,4,1.035,2.4069,2212,0
IWM191025C155,2019-10-21,2019-10-21 09:35:10,1.05,2.4418,1061,1.0,2.3255,259,1.04,2.4186,4,1.025,2.3837,2212,0
IWM191025C155,2019-10-21,2019-10-21 09:35:11,1.03,2.3953,569,0.99,2.3023,299,1.04,2.4186,4,1.01,2.3488,2212,0
IWM191025C155,2019-10-21,2019-10-21 09:35:11,1.03,2.3953,309,0.99,2.3023,94,1.04,2.4186,4,1.01,2.3488,2212,0
IWM191025C155,2019-10-21,2019-10-21 09:35:12,1.03,2.3953,569,0.98,2.279,125,1.04,2.4186,4,1.005,2.3372,2212,0
IWM191025C155,2019-10-21,2019-10-21 09:35:12,1.03,2.3953,160,1.0,2.3255,93,1.04,2.4186,4,1.015,2.3604,2212,0
IWM191025C155,2019-10-21,2019-10-21 09:35:13,1.03,2.3953,142,1.0,2.3255,179,1.04,2.4186,4,1.015,2.3604,2212,0
IWM191025C155,2019-10-21,2019-10-21 09:35:13,1.03,2.3953,73,1.0,2.3255,236,1.04,2.4186,4,1.015,2.3604,2212,0
IWM191025C155,2019-10-21,2019-10-21 09:35:14,1.03,2.3953,73,1.02,2.372,85,1.04,2.4186,4,1.025,2.3837,2212,0
IWM191025C155,2019-10-21,2019-10-21 09:35:14,1.04,2.4186,30,1.03,2.3953,16,1.04,2.4186,4,1.035,2.4069,2212,0
IWM191025C155,2019-10-21,2019-10-21 09:35:15,1.04,2.4186,20,1.02,2.372,103,1.04,2.4186,4,1.03,2.3953,2212,0
IWM191025C155,2019-10-21,2019-10-21 09:35:15,1.04,2.4186,30,1.03,2.3953,8,1.04,2.4186,4,1.035,2.4069,2212,0
IWM191025C155,2019-10-21,2019-10-21 09:35:16,1.04,2.4186,30,1.04,2.4186,75,1.05,2.4418,27,1.04,2.4186,2260,48
IWM191025C155,2019-10-21,2019-10-21 09:35:16,1.07,2.4883,137,1.03,2.3953,94,1.05,2.4418,27,1.05,2.4418,2260,0
IWM191025C155,2019-10-21,2019-10-21 09:35:17,1.07,2.4883,283,1.03,2.3953,131,1.05,2.4418,27,1.05,2.4418,2260,0
IWM191025C155,2019-10-21,2019-10-21 09:35:18,1.07,2.4883,217,1.03,2.3953,235,1.05,2.4418,27,1.05,2.4418,2260,0
IWM191025C155,2019-10-21,2019-10-21 09:35:18,1.07,2.4883,235,1.04,2.4186,4,1.05,2.4418,27,1.055,2.4534,2260,0
IWM191025C155,2019-10-21,2019-10-21 09:35:19,1.07,2.4883,251,1.04,2.4186,4,1.05,2.4418,27,1.055,2.4534,2260,0
IWM191025C155,2019-10-21,2019-10-21 09:35:19,1.07,2.4883,453,1.04,2.4186,4,1.05,2.4418,27,1.055,2.4534,2260,0
IWM191025C155,2019-10-21,2019-10-21 09:35:20,1.07,2.4883,390,1.04,2.4186,8,1.05,2.4418,27,1.055,2.4534,2260,0
IWM191025C155,2019-10-21,2019-10-21 09:35:20,1.07,2.4883,390,1.03,2.3953,85,1.05,2.4418,27,1.05,2.4418,2260,0
IWM191025C155,2019-10-21,2019-10-21 09:35:21,1.05,2.4418,78,1.03,2.3953,95,1.05,2.4418,27,1.04,2.4186,2260,0
IWM191025C155,2019-10-21,2019-10-21 09:35:21,1.05,2.4418,78,1.02,2.372,161,1.05,2.4418,27,1.035,2.4069,2260,0
IWM191025C155,2019-10-21,2019-10-21 09:35:22,1.05,2.4418,78,1.03,2.3953,164,1.05,2.4418,27,1.04,2.4186,2260,0
IWM191025C155,2019-10-21,2019-10-21 09:35:22,1.07,2.4883,139,1.04,2.4186,8,1.05,2.4418,27,1.055,2.4534,2260,0
IWM191025C155,2019-10-21,2019-10-21 09:35:23,1.07,2.4883,670,1.02,2.372,314,1.05,2.4418,27,1.045,2.4302,2260,0
IWM191025C155,2019-10-21,2019-10-21 09:35:23,1.06,2.4651,204,1.03,2.3953,8,1.05,2.4418,27,1.045,2.4302,2260,0
IWM191025C155,2019-10-21,2019-10-21 09:35:24,1.06,2.4651,395,1.03,2.3953,8,1.05,2.4418,27,1.045,2.4302,2260,0
IWM191025C155,2019-10-21,2019-10-21 09:35:25,1.06,2.4651,453,1.03,2.3953,8,1.05,2.4418,27,1.045,2.4302,2260,0
IWM191025C155,2019-10-21,2019-10-21 09:35:25,1.06,2.4651,494,1.03,2.3953,8,1.05,2.4418,27,1.045,2.4302,2260,0
IWM191025C155,2019-10-21,2019-10-21 09:35:26,1.06,2.4651,507,1.03,2.3953,8,1.05,2.4418,27,1.045,2.4302,2260,0
IWM191025C155,2019-10-21,2019-10-21 09:35:27,1.06,2.4651,244,1.03,2.3953,109,1.05,2.4418,27,1.045,2.4302,2260,0
IWM191025C155,2019-10-21,2019-10-21 09:35:27,1.06,2.4651,494,1.02,2.372,163,1.05,2.4418,27,1.04,2.4186,2260,0
IWM191025C155,2019-10-21,2019-10-21 09:35:28,1.06,2.4651,263,1.03,2.3953,213,1.05,2.4418,27,1.045,2.4302,2260,0
IWM191025C155,2019-10-21,2019-10-21 09:35:29,1.06,2.4651,263,1.03,2.3953,305,1.05,2.4418,27,1.045,2.4302,2260,0
IWM191025C155,2019-10-21,2019-10-21 09:35:30,1.06,2.4651,280,1.03,2.3953,75,1.05,2.4418,27,1.045,2.4302,2260,0
IWM191025C155,2019-10-21,2019-10-21 09:35:31,1.06,2.4651,231,1.04,2.4186,8,1.06,2.4651,1,1.05,2.4418,2261,1
IWM191025C155,2019-10-21,2019-10-21 09:35:31,1.06,2.4651,231,1.04,2.4186,8,1.06,2.4651,1,1.05,2.4418,2261,0
IWM191025C155,2019-10-21,2019-10-21 09:35:32,1.06,2.4651,231,1.03,2.3953,58,1.06,2.4651,1,1.045,2.4302,2261,0
IWM191025C155,2019-10-21,2019-10-21 09:35:32,1.06,2.4651,161,1.03,2.3953,133,1.06,2.4651,1,1.045,2.4302,2261,0
IWM191025C155,2019-10-21,2019-10-21 09:35:33,1.06,2.4651,244,1.03,2.3953,168,1.06,2.4651,1,1.045,2.4302,2261,0
IWM191025C155,2019-10-21,2019-10-21 09:35:34,1.06,2.4651,244,1.03,2.3953,168,1.06,2.4651,1,1.045,2.4302,2261,0
IWM191025C155,2019-10-21,2019-10-21 09:35:35,1.06,2.4651,227,1.04,2.4186,8,1.06,2.4651,1,1.05,2.4418,2261,0
IWM191025C155,2019-10-21,2019-10-21 09:35:35,1.06,2.4651,244,1.03,2.3953,168,1.06,2.4651,1,1.045,2.4302,2261,0
IWM191025C155,2019-10-21,2019-10-21 09:35:36,1.06,2.4651,206,1.03,2.3953,58,1.06,2.4651,1,1.045,2.4302,2261,0
IWM191025C155,2019-10-21,2019-10-21 09:35:36,1.06,2.4651,309,1.03,2.3953,58,1.06,2.4651,1,1.045,2.4302,2261,0
IWM191025C155,2019-10-21,2019-10-21 09:35:37,1.05,2.4418,326,1.03,2.3953,8,1.06,2.4651,1,1.04,2.4186,2261,0
IWM191025C155,2019-10-21,2019-10-21 09:35:38,1.03,2.3953,80,1.0,2.3255,97,1.06,2.4651,1,1.015,2.3604,2261,0
IWM191025C155,2019-10-21,2019-10-21 09:35:38,1.03,2.3953,88,1.01,2.3488,77,1.06,2.4651,1,1.02,2.372,2261,0
IWM191025C155,2019-10-21,2019-10-21 09:35:39,1.02,2.372,311,0.99,2.3023,83,1.06,2.4651,1,1.005,2.3372,2261,0
IWM191025C155,2019-10-21,2019-10-21 09:35:39,1.03,2.3953,79,1.01,2.3488,8,1.06,2.4651,1,1.02,2.372,2261,0
IWM191025C155,2019-10-21,2019-10-21 09:35:40,1.02,2.372,311,1.0,2.3255,8,1.06,2.4651,1,1.01,2.3488,2261,0
IWM191025C155,2019-10-21,2019-10-21 09:35:40,1.02,2.372,80,1.0,2.3255,8,1.06,2.4651,1,1.01,2.3488,2261,0
IWM191025C155,2019-10-21,2019-10-21 09:35:41,1.03,2.3953,160,1.0,2.3255,103,1.06,2.4651,1,1.015,2.3604,2261,0
IWM191025C155,2019-10-21,2019-10-21 09:35:42,1.03,2.3953,111,1.0,2.3255,302,1.06,2.4651,1,1.015,2.3604,2261,0
IWM191025C155,2019-10-21,2019-10-21 09:35:42,1.03,2.3953,236,1.0,2.3255,302,1.06,2.4651,1,1.015,2.3604,2261,0
IWM191025C155,2019-10-21,2019-10-21 09:35:43,1.03,2.3953,300,1.0,2.3255,203,1.03,2.3953,70,1.015,2.3604,2331,0
IWM191025C155,2019-10-21,2019-10-21 09:35:43,1.03,2.3953,300,1.0,2.3255,203,1.03,2.3953,70,1.015,2.3604,2331,70
IWM191025C155,2019-10-21,2019-10-21 09:35:44,1.03,2.3953,300,1.0,2.3255,203,1.03,2.3953,70,1.015,2.3604,2331,0
IWM191025C155,2019-10-21,2019-10-21 09:35:45,1.03,2.3953,300,1.0,2.3255,203,1.03,2.3953,70,1.015,2.3604,2331,0
IWM191025C155,2019-10-21,2019-10-21 09:35:46,1.03,2.3953,300,1.0,2.3255,222,1.03,2.3953,70,1.015,2.3604,2331,0
IWM191025C155,2019-10-21,2019-10-21 09:35:46,1.03,2.3953,300,1.0,2.3255,203,1.03,2.3953,70,1.015,2.3604,2331,0
IWM191025C155,2019-10-21,2019-10-21 09:35:47,1.03,2.3953,271,1.0,2.3255,359,1.03,2.3953,70,1.015,2.3604,2331,0
IWM191025C155,2019-10-21,2019-10-21 09:35:47,1.03,2.3953,271,1.0,2.3255,283,1.03,2.3953,70,1.015,2.3604,2331,0
IWM191025C155,2019-10-21,2019-10-21 09:35:48,1.03,2.3953,271,1.0,2.3255,305,1.03,2.3953,70,1.015,2.3604,2331,0
IWM191025C155,2019-10-21,2019-10-21 09:35:48,1.05,2.4418,80,1.03,2.3953,87,1.03,2.3953,70,1.04,2.4186,2331,0
IWM191025C155,2019-10-21,2019-10-21 09:35:49,1.05,2.4418,138,1.03,2.3953,113,1.03,2.3953,70,1.04,2.4186,2331,0
IWM191025C155,2019-10-21,2019-10-21 09:35:49,1.05,2.4418,241,1.03,2.3953,113,1.03,2.3953,70,1.04,2.4186,2331,0
IWM191025C155,2019-10-21,2019-10-21 09:35:50,1.05,2.4418,113,1.03,2.3953,87,1.03,2.3953,70,1.04,2.4186,2331,0
IWM191025C155,2019-10-21,2019-10-21 09:35:50,1.05,2.4418,193,1.02,2.372,110,1.03,2.3953,70,1.035,2.4069,2331,0
IWM191025C155,2019-10-21,2019-10-21 09:35:51,1.05,2.4418,217,1.03,2.3953,87,1.03,2.3953,70,1.04,2.4186,2331,0
IWM191025C155,2019-10-21,2019-10-21 09:35:51,1.05,2.4418,80,1.03,2.3953,87,1.03,2.3953,70,1.04,2.4186,2331,0
IWM191025C155,2019-10-21,2019-10-21 09:35:52,1.05,2.4418,80,1.03,2.3953,162,1.03,2.3953,70,1.04,2.4186,2331,0
IWM191025C155,2019-10-21,2019-10-21 09:35:52,1.07,2.4883,333,1.05,2.4418,13,1.03,2.3953,70,1.06,2.4651,2331,0
IWM191025C155,2019-10-21,2019-10-21 09:35:53,1.07,2.4883,70,1.05,2.4418,35,1.05,2.4418,10,1.06,2.4651,2341,0
IWM191025C155,2019-10-21,2019-10-21 09:35:53,1.07,2.4883,349,1.05,2.4418,13,1.05,2.4418,10,1.06,2.4651,2341,10
IWM191025C155,2019-10-21,2019-10-21 09:35:54,1.07,2.4883,234,1.05,2.4418,8,1.05,2.4418,10,1.06,2.4651,2341,0
IWM191025C155,2019-10-21,2019-10-21 09:35:55,1.07,2.4883,234,1.05,2.4418,8,1.05,2.4418,10,1.06,2.4651,2341,0
IWM191025C155,2019-10-21,2019-10-21 09:35:56,1.07,2.4883,196,1.05,2.4418,20,1.05,2.4418,10,1.06,2.4651,2341,0
IWM191025C155,2019-10-21,2019-10-21 09:35:56,1.07,2.4883,141,1.05,2.4418,83,1.05,2.4418,10,1.06,2.4651,2341,0
IWM191025C155,2019-10-21,2019-10-21 09:35:57,1.07,2.4883,305,1.05,2.4418,20,1.05,2.4418,10,1.06,2.4651,2341,0
IWM191025C155,2019-10-21,2019-10-21 09:35:57,1.07,2.4883,305,1.05,2.4418,87,1.05,2.4418,10,1.06,2.4651,2341,0
IWM191025C155,2019-10-21,2019-10-21 09:35:58,1.07,2.4883,305,1.05,2.4418,99,1.05,2.4418,10,1.06,2.4651,2341,0
IWM191025C155,2019-10-21,2019-10-21 09:35:58,1.07,2.4883,321,1.05,2.4418,99,1.05,2.4418,10,1.06,2.4651,2341,0
IWM191025C155,2019-10-21,2019-10-21 09:35:59,1.07,2.4883,80,1.05,2.4418,141,1.05,2.4418,10,1.06,2.4651,2341,0
IWM191025C155,2019-10-21,2019-10-21 09:35:59,1.09,2.5348,344,1.06,2.4651,107,1.05,2.4418,10,1.075,2.5,2341,0
IWM191025C155,2019-10-21,2019-10-21 09:36:00,1.09,2.5348,286,1.06,2.4651,243,1.05,2.4418,10,1.075,2.5,2341,0
IWM191025C155,2019-10-21,2019-10-21 09:36:01,1.09,2.5348,281,1.06,2.4651,302,1.09,2.5348,3,1.075,2.5,2344,3
IWM191025C155,2019-10-21,2019-10-21 09:36:01,1.09,2.5348,281,1.06,2.4651,302,1.09,2.5348,3,1.075,2.5,2344,0
IWM191025C155,2019-10-21,2019-10-21 09:36:02,1.09,2.5348,281,1.07,2.4883,16,1.09,2.5348,3,1.08,2.5116,2344,0
IWM191025C155,2019-10-21,2019-10-21 09:36:03,1.09,2.5348,170,1.08,2.5116,8,1.09,2.5348,3,1.085,2.5232,2344,0
IWM191025C155,2019-10-21,2019-10-21 09:36:03,1.09,2.5348,166,1.07,2.4883,16,1.09,2.5348,3,1.08,2.5116,2344,0
IWM191025C155,2019-10-21,2019-10-21 09:36:04,1.09,2.5348,10,1.08,2.5116,27,1.09,2.5348,3,1.085,2.5232,2344,0
IWM191025C155,2019-10-21,2019-10-21 09:36:04,1.09,2.5348,117,1.07,2.4883,137,1.09,2.5348,3,1.08,2.5116,2344,0
IWM191025C155,2019-10-21,2019-10-21 09:36:05,1.11,2.5813,273,1.09,2.5348,111,1.09,2.5348,3,1.1,2.5581,2344,0
IWM191025C155,2019-10-21,2019-10-21 09:36:05,1.11,2.5813,118,1.08,2.5116,349,1.09,2.5348,3,1.095,2.5465,2344,0
IWM191025C155,2019-10-21,2019-10-21 09:36:06,1.12,2.6046,36,1.11,2.5813,14,1.09,2.5348,3,1.115,2.593,2344,0
IWM191025C155,2019-10-21,2019-10-21 09:36:06,1.11,2.5813,222,1.09,2.5348,244,1.09,2.5348,3,1.1,2.5581,2344,0
IWM191025C155,2019-10-21,2019-10-21 09:36:07,1.12,2.6046,203,1.1,2.5581,99,1.09,2.5348,3,1.11,2.5813,2344,0
IWM191025C155,2019-10-21,2019-10-21 09:36:07,1.12,2.6046,20,1.11,2.5813,8,1.09,2.5348,3,1.115,2.593,2344,0
IWM191025C155,2019-10-21,2019-10-21 09:36:08,1.12,2.6046,110,1.11,2.5813,8,1.09,2.5348,3,1.115,2.593,2344,0
IWM191025C155,2019-10-21,2019-10-21 09:36:08,1.12,2.6046,101,1.1,2.5581,89,1.09,2.5348,3,1.11,2.5813,2344,0
IWM191025C155,2019-10-21,2019-10-21 09:36:09,1.13,2.6279,177,1.11,2.5813,80,1.09,2.5348,3,1.12,2.6046,2344,0
IWM191025C155,2019-10-21,2019-10-21 09:36:09,1.13,2.6279,293,1.11,2.5813,80,1.09,2.5348,3,1.12,2.6046,2344,0
IWM191025C155,2019-10-21,2019-10-21 09:36:10,1.13,2.6279,293,1.11,2.5813,11,1.09,2.5348,3,1.12,2.6046,2344,0
IWM191025C155,2019-10-21,2019-10-21 09:36:10,1.13,2.6279,293,1.11,2.5813,86,1.09,2.5348,3,1.12,2.6046,2344,0
IWM191025C155,2019-10-21,2019-10-21 09:36:11,1.15,2.6744,243,1.12,2.6046,140,1.09,2.5348,3,1.135,2.6395,2344,0
IWM191025C155,2019-10-21,2019-10-21 09:36:11,1.15,2.6744,243,1.12,2.6046,190,1.09,2.5348,3,1.135,2.6395,2344,0
IWM191025C155,2019-10-21,2019-10-21 09:36:12,1.15,2.6744,197,1.13,2.6279,89,1.09,2.5348,3,1.14,2.6511,2344,0
IWM191025C155,2019-10-21,2019-10-21 09:36:13,1.15,2.6744,80,1.13,2.6279,89,1.09,2.5348,3,1.14,2.6511,2344,0
IWM191025C155,2019-10-21,2019-10-21 09:36:14,1.15,2.6744,144,1.13,2.6279,89,1.09,2.5348,3,1.14,2.6511,2344,0
IWM191025C155,2019-10-21,2019-10-21 09:36:15,1.15,2.6744,80,1.13,2.6279,110,1.14,2.6511,1,1.14,2.6511,2345,1
IWM191025C155,2019-10-21,2019-10-21 09:36:15,1.15,2.6744,80,1.13,2.6279,89,1.14,2.6511,1,1.14,2.6511,2345,0
IWM191025C155,2019-10-21,2019-10-21 09:36:16,1.15,2.6744,80,1.13,2.6279,195,1.14,2.6511,1,1.14,2.6511,2345,0
IWM191025C155,2019-10-21,2019-10-21 09:36:16,1.17,2.7209,14,1.15,2.6744,6,1.14,2.6511,1,1.16,2.6976,2345,0
IWM191025C155,2019-10-21,2019-10-21 09:36:17,1.16,2.6976,190,1.15,2.6744,13,1.14,2.6511,1,1.155,2.686,2345,0
IWM191025C155,2019-10-21,2019-10-21 09:36:17,1.17,2.7209,64,1.15,2.6744,13,1.14,2.6511,1,1.16,2.6976,2345,0
IWM191025C155,2019-10-21,2019-10-21 09:36:18,1.16,2.6976,190,1.15,2.6744,13,1.14,2.6511,1,1.155,2.686,2345,0
IWM191025C155,2019-10-21,2019-10-21 09:36:18,1.17,2.7209,121,1.14,2.6511,89,1.14,2.6511,1,1.155,2.686,2345,0
IWM191025C155,2019-10-21,2019-10-21 09:36:19,1.16,2.6976,38,1.14,2.6511,86,1.14,2.6511,1,1.15,2.6744,2345,0
IWM191025C155,2019-10-21,2019-10-21 09:36:20,1.16,2.6976,158,1.14,2.6511,86,1.14,2.6511,1,1.15,2.6744,2345,0
IWM191025C155,2019-10-21,2019-10-21 09:36:21,1.16,2.6976,37,1.14,2.6511,86,1.14,2.6511,1,1.15,2.6744,2345,0
IWM191025C155,2019-10-21,2019-10-21 09:36:21,1.16,2.6976,38,1.14,2.6511,86,1.14,2.6511,1,1.15,2.6744,2345,0
IWM191025C155,2019-10-21,2019-10-21 09:36:22,1.16,2.6976,38,1.14,2.6511,86,1.14,2.6511,1,1.15,2.6744,2345,0
IWM191025C155,2019-10-21,2019-10-21 09:36:22,1.17,2.7209,25,1.15,2.6744,114,1.14,2.6511,1,1.16,2.6976,2345,0
IWM191025C155,2019-10-21,2019-10-21 09:36:23,1.17,2.7209,25,1.15,2.6744,114,1.14,2.6511,1,1.16,2.6976,2345,0
IWM191025C155,2019-10-21,2019-10-21 09:36:23,1.17,2.7209,14,1.15,2.6744,194,1.14,2.6511,1,1.16,2.6976,2345,0
IWM191025C155,2019-10-21,2019-10-21 09:36:24,1.16,2.6976,1,1.13,2.6279,110,1.16,2.6976,1,1.145,2.6627,2346,1
IWM191025C155,2019-10-21,2019-10-21 09:36:24,1.16,2.6976,1,1.13,2.6279,110,1.16,2.6976,1,1.145,2.6627,2346,0
IWM191025C155,2019-10-21,2019-10-21 09:36:25,1.17,2.7209,87,1.14,2.6511,251,1.16,2.6976,1,1.155,2.686,2346,0
IWM191025C155,2019-10-21,2019-10-21 09:36:25,1.17,2.7209,87,1.13,2.6279,110,1.16,2.6976,1,1.15,2.6744,2346,0
IWM191025C155,2019-10-21,2019-10-21 09:36:26,1.17,2.7209,144,1.14,2.6511,171,1.16,2.6976,1,1.155,2.686,2346,0
IWM191025C155,2019-10-21,2019-10-21 09:36:26,1.17,2.7209,169,1.14,2.6511,171,1.16,2.6976,1,1.155,2.686,2346,0
IWM191025C155,2019-10-21,2019-10-21 09:36:27,1.16,2.6976,40,1.14,2.6511,13,1.16,2.6976,1,1.15,2.6744,2346,0
IWM191025C155,2019-10-21,2019-10-21 09:36:27,1.16,2.6976,127,1.14,2.6511,13,1.16,2.6976,1,1.15,2.6744,2346,0
IWM191025C155,2019-10-21,2019-10-21 09:36:28,1.13,2.6279,47,1.09,2.5348,204,1.13,2.6279,1,1.11,2.5813,2347,0
IWM191025C155,2019-10-21,2019-10-21 09:36:28,1.14,2.6511,84,1.12,2.6046,1,1.13,2.6279,1,1.13,2.6279,2347,1
IWM191025C155,2019-10-21,2019-10-21 09:36:29,1.13,2.6279,341,1.09,2.5348,204,1.13,2.6279,1,1.11,2.5813,2347,0
IWM191025C155,2019-10-21,2019-10-21 09:36:30,1.12,2.6046,84,1.1,2.5581,10,1.13,2.6279,1,1.11,2.5813,2347,0
IWM191025C155,2019-10-21,2019-10-21 09:36:30,1.12,2.6046,84,1.09,2.5348,204,1.13,2.6279,1,1.105,2.5697,2347,0
IWM191025C155,2019-10-21,2019-10-21 09:36:31,1.12,2.6046,186,1.09,2.5348,82,1.13,2.6279,1,1.105,2.5697,2347,0
IWM191025C155,2019-10-21,2019-10-21 09:36:32,1.12,2.6046,186,1.08,2.5116,75,1.13,2.6279,1,1.1,2.5581,2347,0
IWM191025C155,2019-10-21,2019-10-21 09:36:32,1.12,2.6046,136,1.09,2.5348,180,1.13,2.6279,1,1.105,2.5697,2347,0
IWM191025C155,2019-10-21,2019-10-21 09:36:33,1.11,2.5813,54,1.1,2.5581,13,1.13,2.6279,1,1.105,2.5697,2347,0
IWM191025C155,2019-10-21,2019-10-21 09:36:33,1.12,2.6046,163,1.09,2.5348,262,1.13,2.6279,1,1.105,2.5697,2347,0
IWM191025C155,2019-10-21,2019-10-21 09:36:34,1.12,2.6046,20,1.1,2.5581,87,1.13,2.6279,1,1.11,2.5813,2347,0
IWM191025C155,2019-10-21,2019-10-21 09:36:34,1.12,2.6046,80,1.1,2.5581,87,1.13,2.6279,1,1.11,2.5813,2347,0
IWM191025C155,2019-10-21,2019-10-21 09:36:35,1.13,2.6279,46,1.12,2.6046,11,1.13,2.6279,1,1.125,2.6162,2347,0
IWM191025C155,2019-10-21,2019-10-21 09:36:35,1.13,2.6279,20,1.12,2.6046,11,1.13,2.6279,1,1.125,2.6162,2347,0
IWM191025C155,2019-10-21,2019-10-21 09:36:36,1.13,2.6279,20,1.12,2.6046,11,1.13,2.6279,1,1.125,2.6162,2347,0
IWM191025C155,2019-10-21,2019-10-21 09:36:36,1.14,2.6511,80,1.11,2.5813,86,1.13,2.6279,1,1.125,2.6162,2347,0
IWM191025C155,2019-10-21,2019-10-21 09:36:37,1.14,2.6511,224,1.11,2.5813,86,1.13,2.6279,1,1.125,2.6162,2347,0
IWM191025C155,2019-10-21,2019-10-21 09:36:37,1.15,2.6744,87,1.12,2.6046,165,1.12,2.6046,4,1.135,2.6395,2351,4
IWM191025C155,2019-10-21,2019-10-21 09:36:38,1.15,2.6744,68,1.13,2.6279,68,1.12,2.6046,4,1.14,2.6511,2351,0
IWM191025C155,2019-10-21,2019-10-21 09:36:38,1.15,2.6744,68,1.12,2.6046,213,1.12,2.6046,4,1.135,2.6395,2351,0
IWM191025C155,2019-10-21,2019-10-21 09:36:39,1.15,2.6744,72,1.13,2.6279,43,1.15,2.6744,1,1.14,2.6511,2356,5
IWM191025C155,2019-10-21,2019-10-21 09:36:39,1.15,2.6744,68,1.13,2.6279,68,1.12,2.6046,4,1.14,2.6511,2351,0
IWM191025C155,2019-10-21,2019-10-21 09:36:40,1.15,2.6744,72,1.13,2.6279,43,1.15,2.6744,1,1.14,2.6511,2356,0
IWM191025C155,2019-10-21,2019-10-21 09:36:41,1.15,2.6744,72,1.13,2.6279,43,1.15,2.6744,1,1.14,2.6511,2356,0
IWM191025C155,2019-10-21,2019-10-21 09:36:42,1.15,2.6744,72,1.13,2.6279,66,1.15,2.6744,1,1.14,2.6511,2356,0
IWM191025C155,2019-10-21,2019-10-21 09:36:43,1.15,2.6744,70,1.13,2.6279,66,1.15,2.6744,1,1.14,2.6511,2356,0
IWM191025C155,2019-10-21,2019-10-21 09:36:43,1.15,2.6744,72,1.13,2.6279,66,1.15,2.6744,1,1.14,2.6511,2356,0
IWM191025C155,2019-10-21,2019-10-21 09:36:44,1.15,2.6744,30,1.13,2.6279,135,1.15,2.6744,1,1.14,2.6511,2356,0
IWM191025C155,2019-10-21,2019-10-21 09:36:45,1.17,2.7209,18,1.15,2.6744,13,1.15,2.6744,25,1.16,2.6976,2382,0
IWM191025C155,2019-10-21,2019-10-21 09:36:45,1.16,2.6976,30,1.13,2.6279,135,1.15,2.6744,25,1.145,2.6627,2382,26
IWM191025C155,2019-10-21,2019-10-21 09:36:46,1.18,2.7441,174,1.15,2.6744,205,1.15,2.6744,25,1.165,2.7093,2382,0
IWM191025C155,2019-10-21,2019-10-21 09:36:46,1.18,2.7441,154,1.15,2.6744,201,1.15,2.6744,25,1.165,2.7093,2382,0
IWM191025C155,2019-10-21,2019-10-21 09:36:47,1.19,2.7674,182,1.15,2.6744,176,1.15,2.6744,25,1.17,2.7209,2382,0
IWM191025C155,2019-10-21,2019-10-21 09:36:48,1.18,2.7441,10,1.15,2.6744,152,1.15,2.6744,25,1.165,2.7093,2382,0
IWM191025C155,2019-10-21,2019-10-21 09:36:48,1.18,2.7441,10,1.15,2.6744,202,1.15,2.6744,25,1.165,2.7093,2382,0
IWM191025C155,2019-10-21,2019-10-21 09:36:49,1.19,2.7674,181,1.15,2.6744,190,1.15,2.6744,25,1.17,2.7209,2382,0
IWM191025C155,2019-10-21,2019-10-21 09:36:49,1.18,2.7441,10,1.17,2.7209,6,1.15,2.6744,25,1.175,2.7325,2382,0
IWM191025C155,2019-10-21,2019-10-21 09:36:50,1.19,2.7674,197,1.16,2.6976,13,1.15,2.6744,25,1.175,2.7325,2382,0
IWM191025C155,2019-10-21,2019-10-21 09:36:51,1.19,2.7674,118,1.16,2.6976,13,1.15,2.6744,25,1.175,2.7325,2382,0
IWM191025C155,2019-10-21,2019-10-21 09:36:52,1.2,2.7906,557,1.16,2.6976,13,1.15,2.6744,25,1.18,2.7441,2382,0
IWM191025C155,2019-10-21,2019-10-21 09:36:52,1.19,2.7674,3,1.17,2.7209,83,1.15,2.6744,25,1.18,2.7441,2382,0
IWM191025C155,2019-10-21,2019-10-21 09:36:53,1.19,2.7674,3,1.17,2.7209,83,1.15,2.6744,25,1.18,2.7441,2382,0
IWM191025C155,2019-10-21,2019-10-21 09:36:53,1.19,2.7674,3,1.18,2.7441,40,1.15,2.6744,25,1.185,2.7558,2382,0
IWM191025C155,2019-10-21,2019-10-21 09:36:54,1.2,2.7906,752,1.18,2.7441,40,1.15,2.6744,25,1.19,2.7674,2382,0
IWM191025C155,2019-10-21,2019-10-21 09:36:54,1.19,2.7674,158,1.18,2.7441,40,1.15,2.6744,25,1.185,2.7558,2382,0
IWM191025C155,2019-10-21,2019-10-21 09:36:55,1.2,2.7906,558,1.18,2.7441,42,1.15,2.6744,25,1.19,2.7674,2382,0
IWM191025C155,2019-10-21,2019-10-21 09:36:55,1.2,2.7906,557,1.18,2.7441,46,1.15,2.6744,25,1.19,2.7674,2382,0
IWM191025C155,2019-10-21,2019-10-21 09:36:56,1.2,2.7906,500,1.19,2.7674,10,1.15,2.6744,25,1.195,2.779,2382,0
IWM191025C155,2019-10-21,2019-10-21 09:36:56,1.2,2.7906,729,1.19,2.7674,10,1.15,2.6744,25,1.195,2.779,2382,0
IWM191025C155,2019-10-21,2019-10-21 09:36:57,1.2,2.7906,500,1.19,2.7674,10,1.15,2.6744,25,1.195,2.779,2382,0
IWM191025C155,2019-10-21,2019-10-21 09:36:58,1.2,2.7906,500,1.18,2.7441,144,1.15,2.6744,25,1.19,2.7674,2382,0
IWM191025C155,2019-10-21,2019-10-21 09:36:59,1.2,2.7906,500,1.18,2.7441,144,1.2,2.7906,1,1.19,2.7674,2383,1
IWM191025C155,2019-10-21,2019-10-21 09:36:59,1.21,2.8139,19,1.2,2.7906,11,1.2,2.7906,486,1.205,2.8023,2883,500
IWM191025C155,2019-10-21,2019-10-21 09:37:00,1.21,2.8139,19,1.2,2.7906,11,1.2,2.7906,486,1.205,2.8023,2883,0
IWM191025C155,2019-10-21,2019-10-21 09:37:01,1.21,2.8139,226,1.18,2.7441,40,1.2,2.7906,486,1.195,2.779,2883,0
IWM191025C155,2019-10-21,2019-10-21 09:37:01,1.21,2.8139,87,1.19,2.7674,43,1.2,2.7906,486,1.2,2.7906,2883,0
IWM191025C155,2019-10-21,2019-10-21 09:37:02,1.19,2.7674,4,1.18,2.7441,40,1.2,2.7906,486,1.185,2.7558,2883,0
IWM191025C155,2019-10-21,2019-10-21 09:37:03,1.18,2.7441,77,1.16,2.6976,11,1.18,2.7441,40,1.17,2.7209,2923,40
IWM191025C155,2019-10-21,2019-10-21 09:37:03,1.19,2.7674,30,1.18,2.7441,40,1.2,2.7906,486,1.185,2.7558,2883,0
IWM191025C155,2019-10-21,2019-10-21 09:37:04,1.18,2.7441,73,1.16,2.6976,11,1.18,2.7441,40,1.17,2.7209,2923,0
IWM191025C155,2019-10-21,2019-10-21 09:37:04,1.2,2.7906,178,1.17,2.7209,23,1.18,2.7441,40,1.185,2.7558,2923,0
IWM191025C155,2019-10-21,2019-10-21 09:37:05,1.18,2.7441,76,1.15,2.6744,177,1.18,2.7441,40,1.165,2.7093,2923,0
IWM191025C155,2019-10-21,2019-10-21 09:37:05,1.2,2.7906,154,1.16,2.6976,29,1.18,2.7441,40,1.18,2.7441,2923,0
IWM191025C155,2019-10-21,2019-10-21 09:37:06,1.18,2.7441,76,1.15,2.6744,181,1.18,2.7441,40,1.165,2.7093,2923,0
IWM191025C155,2019-10-21,2019-10-21 09:37:06,1.19,2.7674,19,1.17,2.7209,21,1.18,2.7441,40,1.18,2.7441,2923,0
IWM191025C155,2019-10-21,2019-10-21 09:37:07,1.19,2.7674,24,1.17,2.7209,16,1.18,2.7441,40,1.18,2.7441,2923,0
IWM191025C155,2019-10-21,2019-10-21 09:37:07,1.19,2.7674,24,1.17,2.7209,31,1.18,2.7441,40,1.18,2.7441,2923,0
IWM191025C155,2019-10-21,2019-10-21 09:37:08,1.19,2.7674,86,1.16,2.6976,78,1.18,2.7441,40,1.175,2.7325,2923,0
IWM191025C155,2019-10-21,2019-10-21 09:37:08,1.19,2.7674,159,1.16,2.6976,78,1.18,2.7441,40,1.175,2.7325,2923,0
IWM191025C155,2019-10-21,2019-10-21 09:37:09,1.19,2.7674,222,1.16,2.6976,78,1.18,2.7441,40,1.175,2.7325,2923,0
IWM191025C155,2019-10-21,2019-10-21 09:37:10,1.19,2.7674,222,1.16,2.6976,60,1.18,2.7441,40,1.175,2.7325,2923,0
IWM191025C155,2019-10-21,2019-10-21 09:37:10,1.19,2.7674,30,1.16,2.6976,79,1.18,2.7441,40,1.175,2.7325,2923,0
IWM191025C155,2019-10-21,2019-10-21 09:37:11,1.19,2.7674,30,1.16,2.6976,79,1.18,2.7441,40,1.175,2.7325,2923,0
IWM191025C155,2019-10-21,2019-10-21 09:37:11,1.19,2.7674,95,1.16,2.6976,41,1.18,2.7441,40,1.175,2.7325,2923,0
IWM191025C155,2019-10-21,2019-10-21 09:37:12,1.19,2.7674,207,1.16,2.6976,41,1.18,2.7441,40,1.175,2.7325,2923,0
IWM191025C155,2019-10-21,2019-10-21 09:37:13,1.18,2.7441,8,1.16,2.6976,41,1.18,2.7441,40,1.17,2.7209,2923,0
IWM191025C155,2019-10-21,2019-10-21 09:37:13,1.18,2.7441,11,1.16,2.6976,9,1.18,2.7441,40,1.17,2.7209,2923,0
IWM191025C155,2019-10-21,2019-10-21 09:37:14,1.17,2.7209,62,1.15,2.6744,10,1.18,2.7441,40,1.16,2.6976,2923,0
IWM191025C155,2019-10-21,2019-10-21 09:37:14,1.18,2.7441,85,1.16,2.6976,3,1.18,2.7441,40,1.17,2.7209,2923,0
IWM191025C155,2019-10-21,2019-10-21 09:37:15,1.18,2.7441,8,1.16,2.6976,43,1.18,2.7441,40,1.17,2.7209,2923,0
IWM191025C155,2019-10-21,2019-10-21 09:37:15,1.18,2.7441,8,1.17,2.7209,3,1.18,2.7441,40,1.175,2.7325,2923,0
IWM191025C155,2019-10-21,2019-10-21 09:37:16,1.18,2.7441,11,1.16,2.6976,65,1.18,2.7441,40,1.17,2.7209,2923,0
IWM191025C155,2019-10-21,2019-10-21 09:37:16,1.18,2.7441,11,1.16,2.6976,84,1.18,2.7441,40,1.17,2.7209,2923,0
IWM191025C155,2019-10-21,2019-10-21 09:37:17,1.21,2.8139,184,1.18,2.7441,37,1.18,2.7441,40,1.195,2.779,2923,0
IWM191025C155,2019-10-21,2019-10-21 09:37:17,1.19,2.7674,19,1.16,2.6976,84,1.18,2.7441,40,1.175,2.7325,2923,0
IWM191025C155,2019-10-21,2019-10-21 09:37:18,1.21,2.8139,200,1.18,2.7441,22,1.18,2.7441,40,1.195,2.779,2923,0
IWM191025C155,2019-10-21,2019-10-21 09:37:18,1.2,2.7906,84,1.17,2.7209,80,1.18,2.7441,40,1.185,2.7558,2923,0
IWM191025C155,2019-10-21,2019-10-21 09:37:19,1.2,2.7906,80,1.18,2.7441,37,1.18,2.7441,40,1.19,2.7674,2923,0
IWM191025C155,2019-10-21,2019-10-21 09:37:20,1.2,2.7906,35,1.18,2.7441,37,1.18,2.7441,40,1.19,2.7674,2923,0
IWM191025C155,2019-10-21,2019-10-21 09:37:21,1.2,2.7906,40,1.18,2.7441,37,1.18,2.7441,40,1.19,2.7674,2923,0
IWM191025C155,2019-10-21,2019-10-21 09:37:22,1.2,2.7906,40,1.18,2.7441,37,1.18,2.7441,40,1.19,2.7674,2923,0
IWM191025C155,2019-10-21,2019-10-21 09:37:22,1.2,2.7906,35,1.18,2.7441,37,1.18,2.7441,40,1.19,2.7674,2923,0
IWM191025C155,2019-10-21,2019-10-21 09:37:23,1.2,2.7906,40,1.18,2.7441,37,1.18,2.7441,40,1.19,2.7674,2923,0
IWM191025C155,2019-10-21,2019-10-21 09:37:24,1.19,2.7674,46,1.17,2.7209,38,1.18,2.7441,40,1.18,2.7441,2923,0
IWM191025C155,2019-10-21,2019-10-21 09:37:24,1.2,2.7906,105,1.18,2.7441,30,1.18,2.7441,40,1.19,2.7674,2923,0
IWM191025C155,2019-10-21,2019-10-21 09:37:25,1.19,2.7674,122,1.16,2.6976,50,1.18,2.7441,40,1.175,2.7325,2923,0
IWM191025C155,2019-10-21,2019-10-21 09:37:25,1.19,2.7674,21,1.16,2.6976,50,1.18,2.7441,40,1.175,2.7325,2923,0
IWM191025C155,2019-10-21,2019-10-21 09:37:26,1.19,2.7674,76,1.16,2.6976,10,1.18,2.7441,40,1.175,2.7325,2923,0
IWM191025C155,2019-10-21,2019-10-21 09:37:26,1.19,2.7674,26,1.16,2.6976,50,1.18,2.7441,40,1.175,2.7325,2923,0
IWM191025C155,2019-10-21,2019-10-21 09:37:27,1.19,2.7674,10,1.17,2.7209,26,1.18,2.7441,40,1.18,2.7441,2923,0
IWM191025C155,2019-10-21,2019-10-21 09:37:27,1.19,2.7674,10,1.17,2.7209,28,1.18,2.7441,40,1.18,2.7441,2923,0
IWM191025C155,2019-10-21,2019-10-21 09:37:28,1.19,2.7674,20,1.17,2.7209,26,1.18,2.7441,40,1.18,2.7441,2923,0
IWM191025C155,2019-10-21,2019-10-21 09:37:29,1.19,2.7674,5,1.18,2.7441,5,1.18,2.7441,40,1.185,2.7558,2923,0
IWM191025C155,2019-10-21,2019-10-21 09:37:29,1.19,2.7674,20,1.18,2.7441,5,1.18,2.7441,40,1.185,2.7558,2923,0
IWM191025C155,2019-10-21,2019-10-21 09:37:30,1.18,2.7441,5,1.18,2.7441,5,1.18,2.7441,5,1.18,2.7441,2928,5
IWM191025C155,2019-10-21,2019-10-21 09:37:30,1.19,2.7674,5,1.18,2.7441,5,1.18,2.7441,40,1.185,2.7558,2923,0
IWM191025C155,2019-10-21,2019-10-21 09:37:31,1.19,2.7674,81,1.17,2.7209,10,1.18,2.7441,5,1.18,2.7441,2928,0
IWM191025C155,2019-10-21,2019-10-21 09:37:31,1.19,2.7674,196,1.17,2.7209,10,1.18,2.7441,5,1.18,2.7441,2928,0
IWM191025C155,2019-10-21,2019-10-21 09:37:32,1.19,2.7674,265,1.17,2.7209,10,1.18,2.7441,5,1.18,2.7441,2928,0
IWM191025C155,2019-10-21,2019-10-21 09:37:32,1.19,2.7674,265,1.17,2.7209,1,1.18,2.7441,5,1.18,2.7441,2928,0
IWM191025C155,2019-10-21,2019-10-21 09:37:33,1.18,2.7441,60,1.15,2.6744,56,1.18,2.7441,5,1.165,2.7093,2928,0
IWM191025C155,2019-10-21,2019-10-21 09:37:33,1.19,2.7674,213,1.17,2.7209,1,1.18,2.7441,5,1.18,2.7441,2928,0
IWM191025C155,2019-10-21,2019-10-21 09:37:34,1.18,2.7441,173,1.16,2.6976,1,1.18,2.7441,5,1.17,2.7209,2928,0
IWM191025C155,2019-10-21,2019-10-21 09:37:34,1.18,2.7441,123,1.16,2.6976,1,1.18,2.7441,5,1.17,2.7209,2928,0
IWM191025C155,2019-10-21,2019-10-21 09:37:35,1.18,2.7441,4,1.16,2.6976,76,1.18,2.7441,5,1.17,2.7209,2928,0
IWM191025C155,2019-10-21,2019-10-21 09:37:35,1.19,2.7674,138,1.16,2.6976,76,1.17,2.7209,5,1.175,2.7325,2933,5
IWM191025C155,2019-10-21,2019-10-21 09:37:36,1.19,2.7674,28,1.18,2.7441,2,1.17,2.7209,5,1.185,2.7558,2933,0
IWM191025C155,2019-10-21,2019-10-21 09:37:37,1.19,2.7674,81,1.16,2.6976,94,1.17,2.7209,5,1.175,2.7325,2933,0
IWM191025C155,2019-10-21,2019-10-21 09:37:38,1.19,2.7674,5,1.18,2.7441,5,1.17,2.7209,5,1.185,2.7558,2933,0
IWM191025C155,2019-10-21,2019-10-21 09:37:39,1.19,2.7674,5,1.18,2.7441,3,1.17,2.7209,5,1.185,2.7558,2933,0
IWM191025C155,2019-10-21,2019-10-21 09:37:39,1.2,2.7906,51,1.18,2.7441,31,1.19,2.7674,1,1.19,2.7674,2939,6
IWM191025C155,2019-10-21,2019-10-21 09:37:40,1.19,2.7674,78,1.16,2.6976,148,1.19,2.7674,1,1.175,2.7325,2940,1
IWM191025C155,2019-10-21,2019-10-21 09:37:40,1.19,2.7674,78,1.17,2.7209,14,1.19,2.7674,1,1.18,2.7441,2940,0
IWM191025C155,2019-10-21,2019-10-21 09:37:41,1.2,2.7906,239,1.17,2.7209,28,1.19,2.7674,1,1.185,2.7558,2940,0
IWM191025C155,2019-10-21,2019-10-21 09:37:41,1.2,2.7906,125,1.17,2.7209,33,1.19,2.7674,1,1.185,2.7558,2940,0
IWM191025C155,2019-10-21,2019-10-21 09:37:42,1.2,2.7906,239,1.17,2.7209,14,1.19,2.7674,1,1.185,2.7558,2940,0
IWM191025C155,2019-10-21,2019-10-21 09:37:43,1.2,2.7906,51,1.17,2.7209,103,1.19,2.7674,1,1.185,2.7558,2940,0
IWM191025C155,2019-10-21,2019-10-21 09:37:43,1.2,2.7906,207,1.17,2.7209,14,1.19,2.7674,1,1.185,2.7558,2940,0
IWM191025C155,2019-10-21,2019-10-21 09:37:44,1.2,2.7906,75,1.17,2.7209,106,1.19,2.7674,1,1.185,2.7558,2940,0
IWM191025C155,2019-10-21,2019-10-21 09:37:44,1.2,2.7906,125,1.18,2.7441,13,1.19,2.7674,1,1.19,2.7674,2940,0
IWM191025C155,2019-10-21,2019-10-21 09:37:45,1.2,2.7906,125,1.18,2.7441,13,1.19,2.7674,1,1.19,2.7674,2940,0
IWM191025C155,2019-10-21,2019-10-21 09:37:46,1.18,2.7441,72,1.16,2.6976,6,1.19,2.7674,1,1.17,2.7209,2940,0
IWM191025C155,2019-10-21,2019-10-21 09:37:46,1.18,2.7441,78,1.16,2.6976,46,1.18,2.7441,5,1.17,2.7209,2945,5
IWM191025C155,2019-10-21,2019-10-21 09:37:47,1.18,2.7441,70,1.16,2.6976,46,1.18,2.7441,5,1.17,2.7209,2945,0
IWM191025C155,2019-10-21,2019-10-21 09:37:48,1.18,2.7441,70,1.16,2.6976,24,1.18,2.7441,5,1.17,2.7209,2945,0
IWM191025C155,2019-10-21,2019-10-21 09:37:48,1.18,2.7441,70,1.16,2.6976,46,1.18,2.7441,5,1.17,2.7209,2945,0
IWM191025C155,2019-10-21,2019-10-21 09:37:49,1.18,2.7441,193,1.16,2.6976,24,1.18,2.7441,5,1.17,2.7209,2945,0
IWM191025C155,2019-10-21,2019-10-21 09:37:49,1.18,2.7441,198,1.16,2.6976,24,1.18,2.7441,5,1.17,2.7209,2945,0
IWM191025C155,2019-10-21,2019-10-21 09:37:50,1.19,2.7674,74,1.17,2.7209,20,1.18,2.7441,5,1.18,2.7441,2945,0
IWM191025C155,2019-10-21,2019-10-21 09:37:50,1.19,2.7674,77,1.17,2.7209,7,1.18,2.7441,5,1.18,2.7441,2945,0
IWM191025C155,2019-10-21,2019-10-21 09:37:51,1.19,2.7674,77,1.17,2.7209,20,1.18,2.7441,5,1.18,2.7441,2945,0
IWM191025C155,2019-10-21,2019-10-21 09:37:52,1.19,2.7674,86,1.17,2.7209,20,1.18,2.7441,5,1.18,2.7441,2945,0
IWM191025C155,2019-10-21,2019-10-21 09:37:52,1.19,2.7674,265,1.17,2.7209,20,1.18,2.7441,5,1.18,2.7441,2945,0
IWM191025C155,2019-10-21,2019-10-21 09:37:53,1.19,2.7674,226,1.16,2.6976,100,1.18,2.7441,5,1.175,2.7325,2945,0
IWM191025C155,2019-10-21,2019-10-21 09:37:53,1.19,2.7674,98,1.16,2.6976,100,1.18,2.7441,5,1.175,2.7325,2945,0
IWM191025C155,2019-10-21,2019-10-21 09:37:54,1.19,2.7674,242,1.16,2.6976,100,1.18,2.7441,5,1.175,2.7325,2945,0
IWM191025C155,2019-10-21,2019-10-21 09:37:54,1.18,2.7441,76,1.16,2.6976,38,1.18,2.7441,5,1.17,2.7209,2945,0
IWM191025C155,2019-10-21,2019-10-21 09:37:55,1.18,2.7441,169,1.16,2.6976,40,1.18,2.7441,5,1.17,2.7209,2945,0
IWM191025C155,2019-10-21,2019-10-21 09:37:55,1.17,2.7209,4,1.15,2.6744,21,1.18,2.7441,5,1.16,2.6976,2945,0
IWM191025C155,2019-10-21,2019-10-21 09:37:56,1.17,2.7209,10,1.16,2.6976,22,1.18,2.7441,5,1.165,2.7093,2945,0
IWM191025C155,2019-10-21,2019-10-21 09:37:56,1.18,2.7441,4,1.16,2.6976,21,1.18,2.7441,5,1.17,2.7209,2945,0
IWM191025C155,2019-10-21,2019-10-21 09:37:57,1.19,2.7674,63,1.17,2.7209,16,1.18,2.7441,1,1.18,2.7441,2952,1
IWM191025C155,2019-10-21,2019-10-21 09:37:57,1.19,2.7674,72,1.16,2.6976,75,1.18,2.7441,2,1.175,2.7325,2951,6
IWM191025C155,2019-10-21,2019-10-21 09:37:58,1.18,2.7441,1,1.17,2.7209,76,1.18,2.7441,1,1.175,2.7325,2952,0
IWM191025C155,2019-10-21,2019-10-21 09:37:58,1.19,2.7674,29,1.18,2.7441,27,1.18,2.7441,1,1.185,2.7558,2952,0
IWM191025C155,2019-10-21,2019-10-21 09:37:59,1.19,2.7674,29,1.18,2.7441,13,1.18,2.7441,1,1.185,2.7558,2952,0
IWM191025C155,2019-10-21,2019-10-21 09:37:59,1.19,2.7674,29,1.18,2.7441,27,1.18,2.7441,1,1.185,2.7558,2952,0
IWM191025C155,2019-10-21,2019-10-21 09:38:00,1.19,2.7674,29,1.18,2.7441,13,1.18,2.7441,1,1.185,2.7558,2952,0
IWM191025C155,2019-10-21,2019-10-21 09:38:00,1.19,2.7674,29,1.18,2.7441,21,1.18,2.7441,1,1.185,2.7558,2952,0
IWM191025C155,2019-10-21,2019-10-21 09:38:01,1.19,2.7674,30,1.17,2.7209,75,1.18,2.7441,1,1.18,2.7441,2952,0
IWM191025C155,2019-10-21,2019-10-21 09:38:02,1.19,2.7674,44,1.16,2.6976,136,1.18,2.7441,1,1.175,2.7325,2953,1
IWM191025C155,2019-10-21,2019-10-21 09:38:02,1.19,2.7674,30,1.17,2.7209,75,1.18,2.7441,1,1.18,2.7441,2952,0
IWM191025C155,2019-10-21,2019-10-21 09:38:03,1.19,2.7674,44,1.16,2.6976,136,1.18,2.7441,1,1.175,2.7325,2953,0
IWM191025C155,2019-10-21,2019-10-21 09:38:03,1.19,2.7674,232,1.16,2.6976,136,1.18,2.7441,1,1.175,2.7325,2953,0
IWM191025C155,2019-10-21,2019-10-21 09:38:04,1.19,2.7674,301,1.16,2.6976,136,1.18,2.7441,1,1.175,2.7325,2953,0
IWM191025C155,2019-10-21,2019-10-21 09:38:04,1.19,2.7674,301,1.16,2.6976,117,1.18,2.7441,1,1.175,2.7325,2953,0
IWM191025C155,2019-10-21,2019-10-21 09:38:05,1.19,2.7674,316,1.16,2.6976,136,1.18,2.7441,1,1.175,2.7325,2953,0
IWM191025C155,2019-10-21,2019-10-21 09:38:06,1.19,2.7674,29,1.18,2.7441,16,1.18,2.7441,1,1.185,2.7558,2953,0
IWM191025C155,2019-10-21,2019-10-21 09:38:06,1.19,2.7674,316,1.16,2.6976,99,1.18,2.7441,1,1.175,2.7325,2953,0
IWM191025C155,2019-10-21,2019-10-21 09:38:07,1.2,2.7906,100,1.18,2.7441,78,1.18,2.7441,1,1.19,2.7674,2953,0
IWM191025C155,2019-10-21,2019-10-21 09:38:07,1.19,2.7674,75,1.16,2.6976,74,1.18,2.7441,1,1.175,2.7325,2953,0
IWM191025C155,2019-10-21,2019-10-21 09:38:08,1.19,2.7674,19,1.17,2.7209,60,1.18,2.7441,1,1.18,2.7441,2953,0
IWM191025C155,2019-10-21,2019-10-21 09:38:08,1.19,2.7674,169,1.17,2.7209,10,1.18,2.7441,1,1.18,2.7441,2953,0
IWM191025C155,2019-10-21,2019-10-21 09:38:09,1.19,2.7674,75,1.17,2.7209,60,1.18,2.7441,1,1.18,2.7441,2953,0
IWM191025C155,2019-10-21,2019-10-21 09:38:09,1.21,2.8139,23,1.18,2.7441,135,1.18,2.7441,1,1.195,2.779,2953,0
IWM191025C155,2019-10-21,2019-10-21 09:38:10,1.21,2.8139,14,1.2,2.7906,2,1.18,2.7441,1,1.205,2.8023,2953,0
IWM191025C155,2019-10-21,2019-10-21 09:38:10,1.21,2.8139,24,1.19,2.7674,74,1.18,2.7441,1,1.2,2.7906,2953,0
IWM191025C155,2019-10-21,2019-10-21 09:38:11,1.23,2.8604,65,1.2,2.7906,15,1.2,2.7906,5,1.215,2.8255,2958,0
IWM191025C155,2019-10-21,2019-10-21 09:38:11,1.22,2.8372,74,1.2,2.7906,15,1.2,2.7906,5,1.21,2.8139,2958,5
IWM191025C155,2019-10-21,2019-10-21 09:38:12,1.24,2.8837,50,1.22,2.8372,74,1.2,2.7906,5,1.23,2.8604,2958,0
IWM191025C155,2019-10-21,2019-10-21 09:38:12,1.23,2.8604,65,1.22,2.8372,4,1.2,2.7906,5,1.225,2.8488,2958,0
IWM191025C155,2019-10-21,2019-10-21 09:38:13,1.24,2.8837,193,1.22,2.8372,83,1.2,2.7906,5,1.23,2.8604,2958,0
IWM191025C155,2019-10-21,2019-10-21 09:38:13,1.24,2.8837,87,1.22,2.8372,83,1.2,2.7906,5,1.23,2.8604,2958,0
IWM191025C155,2019-10-21,2019-10-21 09:38:14,1.24,2.8837,73,1.22,2.8372,83,1.2,2.7906,5,1.23,2.8604,2958,0
IWM191025C155,2019-10-21,2019-10-21 09:38:14,1.24,2.8837,38,1.22,2.8372,73,1.2,2.7906,5,1.23,2.8604,2958,0
IWM191025C155,2019-10-21,2019-10-21 09:38:15,1.24,2.8837,38,1.22,2.8372,73,1.2,2.7906,5,1.23,2.8604,2958,0
IWM191025C155,2019-10-21,2019-10-21 09:38:15,1.24,2.8837,66,1.21,2.8139,50,1.2,2.7906,5,1.225,2.8488,2958,0
IWM191025C155,2019-10-21,2019-10-21 09:38:16,1.24,2.8837,320,1.21,2.8139,40,1.2,2.7906,5,1.225,2.8488,2958,0
IWM191025C155,2019-10-21,2019-10-21 09:38:16,1.24,2.8837,325,1.2,2.7906,38,1.2,2.7906,5,1.22,2.8372,2958,0
IWM191025C155,2019-10-21,2019-10-21 09:38:17,1.24,2.8837,484,1.2,2.7906,111,1.2,2.7906,5,1.22,2.8372,2958,0
IWM191025C155,2019-10-21,2019-10-21 09:38:18,1.24,2.8837,375,1.2,2.7906,150,1.2,2.7906,5,1.22,2.8372,2958,0
IWM191025C155,2019-10-21,2019-10-21 09:38:18,1.24,2.8837,375,1.2,2.7906,49,1.2,2.7906,5,1.22,2.8372,2958,0
IWM191025C155,2019-10-21,2019-10-21 09:38:19,1.24,2.8837,375,1.2,2.7906,43,1.2,2.7906,5,1.22,2.8372,2958,0
IWM191025C155,2019-10-21,2019-10-21 09:38:19,1.24,2.8837,432,1.2,2.7906,37,1.2,2.7906,5,1.22,2.8372,2958,0
IWM191025C155,2019-10-21,2019-10-21 09:38:20,1.24,2.8837,394,1.2,2.7906,116,1.2,2.7906,5,1.22,2.8372,2958,0
IWM191025C155,2019-10-21,2019-10-21 09:38:20,1.24,2.8837,488,1.2,2.7906,81,1.2,2.7906,5,1.22,2.8372,2958,0
IWM191025C155,2019-10-21,2019-10-21 09:38:21,1.24,2.8837,394,1.2,2.7906,239,1.2,2.7906,5,1.22,2.8372,2958,0
IWM191025C155,2019-10-21,2019-10-21 09:38:21,1.24,2.8837,394,1.22,2.8372,28,1.2,2.7906,5,1.23,2.8604,2958,0
IWM191025C155,2019-10-21,2019-10-21 09:38:22,1.24,2.8837,442,1.2,2.7906,65,1.2,2.7906,5,1.22,2.8372,2958,0
IWM191025C155,2019-10-21,2019-10-21 09:38:22,1.24,2.8837,442,1.2,2.7906,109,1.2,2.7906,5,1.22,2.8372,2958,0
IWM191025C155,2019-10-21,2019-10-21 09:38:23,1.22,2.8372,43,1.2,2.7906,94,1.2,2.7906,5,1.21,2.8139,2958,0
IWM191025C155,2019-10-21,2019-10-21 09:38:23,1.22,2.8372,43,1.2,2.7906,13,1.2,2.7906,5,1.21,2.8139,2958,0
IWM191025C155,2019-10-21,2019-10-21 09:38:24,1.22,2.8372,43,1.2,2.7906,13,1.2,2.7906,5,1.21,2.8139,2958,0
IWM191025C155,2019-10-21,2019-10-21 09:38:24,1.21,2.8139,7,1.2,2.7906,10,1.2,2.7906,5,1.205,2.8023,2958,0
IWM191025C155,2019-10-21,2019-10-21 09:38:25,1.22,2.8372,169,1.2,2.7906,1,1.2,2.7906,5,1.21,2.8139,2958,0
IWM191025C155,2019-10-21,2019-10-21 09:38:25,1.21,2.8139,7,1.2,2.7906,10,1.2,2.7906,5,1.205,2.8023,2958,0
IWM191025C155,2019-10-21,2019-10-21 09:38:26,1.21,2.8139,15,1.2,2.7906,1,1.2,2.7906,5,1.205,2.8023,2958,0
IWM191025C155,2019-10-21,2019-10-21 09:38:26,1.21,2.8139,133,1.2,2.7906,1,1.2,2.7906,5,1.205,2.8023,2958,0
IWM191025C155,2019-10-21,2019-10-21 09:38:27,1.2,2.7906,21,1.18,2.7441,71,1.2,2.7906,1,1.19,2.7674,2959,1
IWM191025C155,2019-10-21,2019-10-21 09:38:27,1.2,2.7906,115,1.18,2.7441,62,1.2,2.7906,1,1.19,2.7674,2959,0
IWM191025C155,2019-10-21,2019-10-21 09:38:28,1.2,2.7906,21,1.18,2.7441,62,1.2,2.7906,1,1.19,2.7674,2959,0
IWM191025C155,2019-10-21,2019-10-21 09:38:28,1.2,2.7906,33,1.18,2.7441,39,1.2,2.7906,1,1.19,2.7674,2959,0
IWM191025C155,2019-10-21,2019-10-21 09:38:29,1.2,2.7906,83,1.18,2.7441,39,1.2,2.7906,1,1.19,2.7674,2960,1
IWM191025C155,2019-10-21,2019-10-21 09:38:29,1.2,2.7906,10,1.18,2.7441,39,1.2,2.7906,1,1.19,2.7674,2960,0
IWM191025C155,2019-10-21,2019-10-21 09:38:30,1.22,2.8372,136,1.19,2.7674,74,1.2,2.7906,1,1.205,2.8023,2960,0
IWM191025C155,2019-10-21,2019-10-21 09:38:30,1.22,2.8372,212,1.19,2.7674,139,1.2,2.7906,1,1.205,2.8023,2960,0
IWM191025C155,2019-10-21,2019-10-21 09:38:31,1.21,2.8139,250,1.19,2.7674,10,1.2,2.7906,1,1.2,2.7906,2960,0
IWM191025C155,2019-10-21,2019-10-21 09:38:31,1.21,2.8139,250,1.18,2.7441,68,1.2,2.7906,1,1.195,2.779,2960,0
IWM191025C155,2019-10-21,2019-10-21 09:38:32,1.21,2.8139,60,1.18,2.7441,89,1.2,2.7906,1,1.195,2.779,2960,0
IWM191025C155,2019-10-21,2019-10-21 09:38:32,1.21,2.8139,250,1.18,2.7441,89,1.2,2.7906,1,1.195,2.779,2960,0
