symbol,Date,quote_time,ask_price,norm_ask_price,ask_size,bid_price,norm_bid_price,bid_size,last_trade_price,norm_last_trade_price,last_trade_size,mark_price,norm_mark_price,volume,Volume
IWM191018C150,2019-10-14,2019-10-14 09:30:00,1.81,1.0,100,1.75,0.9668,20,1.77,0.9779,3,1.78,0.9834,5517,5517
IWM191018C150,2019-10-14,2019-10-14 09:30:01,1.48,0.8176,30,1.36,0.7513,30,1.77,0.9779,3,1.42,0.7845,0,-5517
IWM191018C150,2019-10-14,2019-10-14 09:30:02,1.48,0.8176,30,1.36,0.7513,30,1.77,0.9779,3,1.42,0.7845,0,0
IWM191018C150,2019-10-14,2019-10-14 09:30:03,1.49,0.8232,30,1.37,0.7569,30,1.77,0.9779,3,1.43,0.79,0,0
IWM191018C150,2019-10-14,2019-10-14 09:30:03,1.48,0.8176,30,1.36,0.7513,30,1.77,0.9779,3,1.42,0.7845,0,0
IWM191018C150,2019-10-14,2019-10-14 09:30:04,1.49,0.8232,75,1.41,0.779,75,1.46,0.8066,2,1.45,0.8011,2,2
IWM191018C150,2019-10-14,2019-10-14 09:30:04,1.49,0.8232,75,1.41,0.779,75,1.46,0.8066,2,1.45,0.8011,2,0
IWM191018C150,2019-10-14,2019-10-14 09:30:05,1.49,0.8232,75,1.41,0.779,75,1.45,0.8011,1,1.45,0.8011,3,1
IWM191018C150,2019-10-14,2019-10-14 09:30:05,1.49,0.8232,75,1.41,0.779,75,1.45,0.8011,1,1.45,0.8011,3,0
IWM191018C150,2019-10-14,2019-10-14 09:30:06,1.48,0.8176,75,1.41,0.779,75,1.45,0.8011,1,1.445,0.7983,3,0
IWM191018C150,2019-10-14,2019-10-14 09:30:06,1.49,0.8232,75,1.41,0.779,75,1.45,0.8011,1,1.45,0.8011,3,0
IWM191018C150,2019-10-14,2019-10-14 09:30:07,1.48,0.8176,75,1.41,0.779,75,1.45,0.8011,1,1.445,0.7983,3,0
IWM191018C150,2019-10-14,2019-10-14 09:30:08,1.47,0.8121,75,1.41,0.779,7,1.45,0.8011,1,1.44,0.7955,3,0
IWM191018C150,2019-10-14,2019-10-14 09:30:09,1.46,0.8066,75,1.39,0.7679,75,1.45,0.8011,1,1.425,0.7872,3,0
IWM191018C150,2019-10-14,2019-10-14 09:30:10,1.47,0.8121,112,1.41,0.779,10,1.45,0.8011,1,1.44,0.7955,3,0
IWM191018C150,2019-10-14,2019-10-14 09:30:11,1.47,0.8121,135,1.41,0.779,10,1.45,0.8011,1,1.44,0.7955,3,0
IWM191018C150,2019-10-14,2019-10-14 09:30:12,1.47,0.8121,135,1.41,0.779,10,1.45,0.8011,1,1.44,0.7955,3,0
IWM191018C150,2019-10-14,2019-10-14 09:30:12,1.47,0.8121,92,1.4,0.7734,348,1.45,0.8011,1,1.435,0.7928,3,0
IWM191018C150,2019-10-14,2019-10-14 09:30:13,1.47,0.8121,102,1.4,0.7734,348,1.45,0.8011,1,1.435,0.7928,3,0
IWM191018C150,2019-10-14,2019-10-14 09:30:13,1.47,0.8121,102,1.4,0.7734,433,1.45,0.8011,1,1.435,0.7928,3,0
IWM191018C150,2019-10-14,2019-10-14 09:30:14,1.47,0.8121,102,1.4,0.7734,513,1.45,0.8011,1,1.435,0.7928,3,0
IWM191018C150,2019-10-14,2019-10-14 09:30:14,1.47,0.8121,102,1.4,0.7734,540,1.45,0.8011,1,1.435,0.7928,3,0
IWM191018C150,2019-10-14,2019-10-14 09:30:15,1.47,0.8121,102,1.4,0.7734,296,1.45,0.8011,1,1.435,0.7928,3,0
IWM191018C150,2019-10-14,2019-10-14 09:30:15,1.48,0.8176,55,1.43,0.79,10,1.45,0.8011,1,1.455,0.8038,3,0
IWM191018C150,2019-10-14,2019-10-14 09:30:16,1.48,0.8176,55,1.43,0.79,75,1.45,0.8011,1,1.455,0.8038,3,0
IWM191018C150,2019-10-14,2019-10-14 09:30:16,1.48,0.8176,55,1.43,0.79,10,1.45,0.8011,1,1.455,0.8038,3,0
IWM191018C150,2019-10-14,2019-10-14 09:30:17,1.48,0.8176,55,1.43,0.79,82,1.45,0.8011,1,1.455,0.8038,3,0
IWM191018C150,2019-10-14,2019-10-14 09:30:18,1.48,0.8176,55,1.43,0.79,10,1.45,0.8011,1,1.455,0.8038,3,0
IWM191018C150,2019-10-14,2019-10-14 09:30:19,1.48,0.8176,55,1.43,0.79,20,1.45,0.8011,1,1.455,0.8038,3,0
IWM191018C150,2019-10-14,2019-10-14 09:30:19,1.48,0.8176,105,1.43,0.79,20,1.45,0.8011,1,1.455,0.8038,3,0
IWM191018C150,2019-10-14,2019-10-14 09:30:20,1.51,0.8342,27,1.45,0.8011,278,1.45,0.8011,1,1.48,0.8176,3,0
IWM191018C150,2019-10-14,2019-10-14 09:30:20,1.51,0.8342,36,1.47,0.8121,3,1.45,0.8011,1,1.49,0.8232,3,0
IWM191018C150,2019-10-14,2019-10-14 09:30:21,1.53,0.8453,108,1.46,0.8066,539,1.45,0.8011,1,1.495,0.8259,3,0
IWM191018C150,2019-10-14,2019-10-14 09:30:21,1.51,0.8342,36,1.46,0.8066,373,1.45,0.8011,1,1.485,0.8204,3,0
IWM191018C150,2019-10-14,2019-10-14 09:30:22,1.53,0.8453,132,1.47,0.8121,425,1.45,0.8011,1,1.5,0.8287,3,0
IWM191018C150,2019-10-14,2019-10-14 09:30:22,1.53,0.8453,227,1.47,0.8121,415,1.45,0.8011,1,1.5,0.8287,3,0
IWM191018C150,2019-10-14,2019-10-14 09:30:23,1.51,0.8342,10,1.47,0.8121,415,1.45,0.8011,1,1.49,0.8232,3,0
IWM191018C150,2019-10-14,2019-10-14 09:30:24,1.51,0.8342,112,1.47,0.8121,208,1.45,0.8011,1,1.49,0.8232,3,0
IWM191018C150,2019-10-14,2019-10-14 09:30:24,1.53,0.8453,333,1.47,0.8121,415,1.45,0.8011,1,1.5,0.8287,3,0
IWM191018C150,2019-10-14,2019-10-14 09:30:25,1.51,0.8342,132,1.47,0.8121,208,1.45,0.8011,1,1.49,0.8232,3,0
IWM191018C150,2019-10-14,2019-10-14 09:30:26,1.49,0.8232,20,1.45,0.8011,57,1.45,0.8011,1,1.47,0.8121,3,0
IWM191018C150,2019-10-14,2019-10-14 09:30:26,1.51,0.8342,132,1.46,0.8066,181,1.45,0.8011,1,1.485,0.8204,3,0
IWM191018C150,2019-10-14,2019-10-14 09:30:27,1.49,0.8232,57,1.45,0.8011,20,1.45,0.8011,1,1.47,0.8121,3,0
IWM191018C150,2019-10-14,2019-10-14 09:30:27,1.49,0.8232,58,1.44,0.7955,169,1.45,0.8011,1,1.465,0.8093,3,0
IWM191018C150,2019-10-14,2019-10-14 09:30:28,1.49,0.8232,20,1.44,0.7955,397,1.45,0.8011,1,1.465,0.8093,3,0
IWM191018C150,2019-10-14,2019-10-14 09:30:29,1.49,0.8232,20,1.45,0.8011,20,1.45,0.8011,1,1.47,0.8121,3,0
IWM191018C150,2019-10-14,2019-10-14 09:30:29,1.49,0.8232,36,1.45,0.8011,113,1.45,0.8011,1,1.47,0.8121,3,0
IWM191018C150,2019-10-14,2019-10-14 09:30:30,1.48,0.8176,20,1.44,0.7955,22,1.45,0.8011,1,1.46,0.8066,3,0
IWM191018C150,2019-10-14,2019-10-14 09:30:30,1.48,0.8176,20,1.45,0.8011,129,1.45,0.8011,1,1.465,0.8093,3,0
IWM191018C150,2019-10-14,2019-10-14 09:30:31,1.49,0.8232,20,1.46,0.8066,20,1.45,0.8011,1,1.475,0.8149,3,0
IWM191018C150,2019-10-14,2019-10-14 09:30:32,1.49,0.8232,41,1.46,0.8066,20,1.45,0.8011,1,1.475,0.8149,3,0
IWM191018C150,2019-10-14,2019-10-14 09:30:33,1.49,0.8232,31,1.45,0.8011,50,1.45,0.8011,1,1.47,0.8121,3,0
IWM191018C150,2019-10-14,2019-10-14 09:30:33,1.49,0.8232,31,1.45,0.8011,184,1.45,0.8011,1,1.47,0.8121,3,0
IWM191018C150,2019-10-14,2019-10-14 09:30:34,1.49,0.8232,31,1.45,0.8011,142,1.45,0.8011,1,1.47,0.8121,3,0
IWM191018C150,2019-10-14,2019-10-14 09:30:34,1.49,0.8232,31,1.45,0.8011,184,1.45,0.8011,1,1.47,0.8121,3,0
IWM191018C150,2019-10-14,2019-10-14 09:30:35,1.49,0.8232,31,1.45,0.8011,142,1.45,0.8011,1,1.47,0.8121,3,0
IWM191018C150,2019-10-14,2019-10-14 09:30:36,1.49,0.8232,20,1.46,0.8066,41,1.45,0.8011,1,1.475,0.8149,3,0
IWM191018C150,2019-10-14,2019-10-14 09:30:36,1.49,0.8232,10,1.45,0.8011,142,1.45,0.8011,1,1.47,0.8121,3,0
IWM191018C150,2019-10-14,2019-10-14 09:30:37,1.49,0.8232,20,1.46,0.8066,10,1.45,0.8011,1,1.475,0.8149,3,0
IWM191018C150,2019-10-14,2019-10-14 09:30:37,1.48,0.8176,20,1.44,0.7955,23,1.45,0.8011,1,1.46,0.8066,3,0
IWM191018C150,2019-10-14,2019-10-14 09:30:38,1.48,0.8176,113,1.44,0.7955,58,1.45,0.8011,1,1.46,0.8066,3,0
IWM191018C150,2019-10-14,2019-10-14 09:30:38,1.48,0.8176,75,1.44,0.7955,37,1.45,0.8011,1,1.46,0.8066,3,0
IWM191018C150,2019-10-14,2019-10-14 09:30:39,1.48,0.8176,20,1.45,0.8011,4,1.45,0.8011,1,1.465,0.8093,3,0
IWM191018C150,2019-10-14,2019-10-14 09:30:39,1.48,0.8176,40,1.44,0.7955,51,1.45,0.8011,1,1.46,0.8066,3,0
IWM191018C150,2019-10-14,2019-10-14 09:30:40,1.48,0.8176,20,1.44,0.7955,32,1.45,0.8011,1,1.46,0.8066,3,0
IWM191018C150,2019-10-14,2019-10-14 09:30:40,1.49,0.8232,4,1.44,0.7955,50,1.45,0.8011,1,1.465,0.8093,3,0
IWM191018C150,2019-10-14,2019-10-14 09:30:41,1.5,0.8287,36,1.45,0.8011,20,1.45,0.8011,1,1.475,0.8149,3,0
IWM191018C150,2019-10-14,2019-10-14 09:30:41,1.5,0.8287,142,1.45,0.8011,2,1.45,0.8011,1,1.475,0.8149,3,0
IWM191018C150,2019-10-14,2019-10-14 09:30:42,1.49,0.8232,20,1.45,0.8011,31,1.45,0.8011,1,1.47,0.8121,3,0
IWM191018C150,2019-10-14,2019-10-14 09:30:42,1.49,0.8232,20,1.45,0.8011,47,1.45,0.8011,1,1.47,0.8121,3,0
IWM191018C150,2019-10-14,2019-10-14 09:30:43,1.49,0.8232,20,1.45,0.8011,47,1.45,0.8011,1,1.47,0.8121,3,0
IWM191018C150,2019-10-14,2019-10-14 09:30:44,1.49,0.8232,20,1.45,0.8011,123,1.45,0.8011,1,1.47,0.8121,3,0
IWM191018C150,2019-10-14,2019-10-14 09:30:44,1.49,0.8232,20,1.45,0.8011,47,1.45,0.8011,1,1.47,0.8121,3,0
IWM191018C150,2019-10-14,2019-10-14 09:30:45,1.49,0.8232,20,1.45,0.8011,123,1.45,0.8011,1,1.47,0.8121,3,0
IWM191018C150,2019-10-14,2019-10-14 09:30:45,1.49,0.8232,20,1.45,0.8011,153,1.45,0.8011,1,1.47,0.8121,3,0
IWM191018C150,2019-10-14,2019-10-14 09:30:46,1.49,0.8232,21,1.46,0.8066,22,1.45,0.8011,1,1.475,0.8149,3,0
IWM191018C150,2019-10-14,2019-10-14 09:30:47,1.49,0.8232,58,1.46,0.8066,30,1.45,0.8011,1,1.475,0.8149,3,0
IWM191018C150,2019-10-14,2019-10-14 09:30:47,1.49,0.8232,42,1.46,0.8066,47,1.45,0.8011,1,1.475,0.8149,3,0
IWM191018C150,2019-10-14,2019-10-14 09:30:48,1.48,0.8176,20,1.46,0.8066,47,1.45,0.8011,1,1.47,0.8121,3,0
IWM191018C150,2019-10-14,2019-10-14 09:30:49,1.5,0.8287,75,1.46,0.8066,180,1.45,0.8011,1,1.48,0.8176,3,0
IWM191018C150,2019-10-14,2019-10-14 09:30:50,1.49,0.8232,35,1.46,0.8066,180,1.45,0.8011,1,1.475,0.8149,3,0
IWM191018C150,2019-10-14,2019-10-14 09:30:50,1.49,0.8232,37,1.46,0.8066,193,1.45,0.8011,1,1.475,0.8149,3,0
IWM191018C150,2019-10-14,2019-10-14 09:30:51,1.48,0.8176,20,1.45,0.8011,26,1.45,0.8011,1,1.465,0.8093,3,0
IWM191018C150,2019-10-14,2019-10-14 09:30:51,1.48,0.8176,20,1.46,0.8066,10,1.45,0.8011,1,1.47,0.8121,3,0
IWM191018C150,2019-10-14,2019-10-14 09:30:52,1.48,0.8176,34,1.45,0.8011,273,1.45,0.8011,1,1.465,0.8093,3,0
IWM191018C150,2019-10-14,2019-10-14 09:30:52,1.48,0.8176,34,1.45,0.8011,35,1.45,0.8011,1,1.465,0.8093,3,0
IWM191018C150,2019-10-14,2019-10-14 09:30:53,1.49,0.8232,30,1.45,0.8011,277,1.45,0.8011,1,1.47,0.8121,3,0
IWM191018C150,2019-10-14,2019-10-14 09:30:53,1.49,0.8232,30,1.45,0.8011,279,1.45,0.8011,1,1.47,0.8121,3,0
IWM191018C150,2019-10-14,2019-10-14 09:30:54,1.48,0.8176,20,1.45,0.8011,281,1.45,0.8011,1,1.465,0.8093,3,0
IWM191018C150,2019-10-14,2019-10-14 09:30:55,1.48,0.8176,36,1.45,0.8011,286,1.48,0.8176,8,1.465,0.8093,11,0
IWM191018C150,2019-10-14,2019-10-14 09:30:55,1.48,0.8176,20,1.45,0.8011,286,1.48,0.8176,8,1.465,0.8093,11,8
IWM191018C150,2019-10-14,2019-10-14 09:30:56,1.48,0.8176,36,1.45,0.8011,131,1.48,0.8176,8,1.465,0.8093,11,0
IWM191018C150,2019-10-14,2019-10-14 09:30:56,1.48,0.8176,36,1.45,0.8011,286,1.48,0.8176,8,1.465,0.8093,11,0
IWM191018C150,2019-10-14,2019-10-14 09:30:57,1.48,0.8176,36,1.45,0.8011,46,1.48,0.8176,8,1.465,0.8093,11,0
IWM191018C150,2019-10-14,2019-10-14 09:30:57,1.47,0.8121,20,1.45,0.8011,46,1.48,0.8176,8,1.46,0.8066,11,0
IWM191018C150,2019-10-14,2019-10-14 09:30:58,1.47,0.8121,20,1.45,0.8011,75,1.48,0.8176,8,1.46,0.8066,11,0
IWM191018C150,2019-10-14,2019-10-14 09:30:58,1.47,0.8121,20,1.45,0.8011,112,1.48,0.8176,8,1.46,0.8066,11,0
IWM191018C150,2019-10-14,2019-10-14 09:30:59,1.47,0.8121,20,1.45,0.8011,144,1.48,0.8176,8,1.46,0.8066,11,0
IWM191018C150,2019-10-14,2019-10-14 09:30:59,1.48,0.8176,20,1.45,0.8011,145,1.48,0.8176,8,1.465,0.8093,11,0
IWM191018C150,2019-10-14,2019-10-14 09:31:00,1.48,0.8176,20,1.45,0.8011,144,1.48,0.8176,8,1.465,0.8093,11,0
IWM191018C150,2019-10-14,2019-10-14 09:31:00,1.48,0.8176,34,1.45,0.8011,144,1.48,0.8176,8,1.465,0.8093,11,0
IWM191018C150,2019-10-14,2019-10-14 09:31:01,1.48,0.8176,20,1.45,0.8011,90,1.48,0.8176,8,1.465,0.8093,11,0
IWM191018C150,2019-10-14,2019-10-14 09:31:02,1.48,0.8176,20,1.45,0.8011,151,1.48,0.8176,8,1.465,0.8093,11,0
IWM191018C150,2019-10-14,2019-10-14 09:31:03,1.48,0.8176,44,1.45,0.8011,151,1.48,0.8176,8,1.465,0.8093,11,0
IWM191018C150,2019-10-14,2019-10-14 09:31:03,1.48,0.8176,89,1.45,0.8011,8,1.48,0.8176,8,1.465,0.8093,11,0
IWM191018C150,2019-10-14,2019-10-14 09:31:04,1.48,0.8176,101,1.45,0.8011,8,1.48,0.8176,8,1.465,0.8093,11,0
IWM191018C150,2019-10-14,2019-10-14 09:31:04,1.46,0.8066,20,1.44,0.7955,11,1.48,0.8176,8,1.45,0.8011,11,0
IWM191018C150,2019-10-14,2019-10-14 09:31:05,1.46,0.8066,11,1.43,0.79,36,1.48,0.8176,8,1.445,0.7983,11,0
IWM191018C150,2019-10-14,2019-10-14 09:31:05,1.46,0.8066,20,1.44,0.7955,8,1.48,0.8176,8,1.45,0.8011,11,0
IWM191018C150,2019-10-14,2019-10-14 09:31:06,1.47,0.8121,99,1.43,0.79,30,1.48,0.8176,8,1.45,0.8011,11,0
IWM191018C150,2019-10-14,2019-10-14 09:31:06,1.47,0.8121,78,1.43,0.79,30,1.48,0.8176,8,1.45,0.8011,11,0
IWM191018C150,2019-10-14,2019-10-14 09:31:07,1.47,0.8121,20,1.44,0.7955,47,1.48,0.8176,8,1.455,0.8038,11,0
IWM191018C150,2019-10-14,2019-10-14 09:31:07,1.47,0.8121,22,1.44,0.7955,47,1.48,0.8176,8,1.455,0.8038,11,0
IWM191018C150,2019-10-14,2019-10-14 09:31:08,1.47,0.8121,30,1.44,0.7955,224,1.48,0.8176,8,1.455,0.8038,11,0
IWM191018C150,2019-10-14,2019-10-14 09:31:08,1.47,0.8121,30,1.44,0.7955,170,1.48,0.8176,8,1.455,0.8038,11,0
IWM191018C150,2019-10-14,2019-10-14 09:31:09,1.47,0.8121,41,1.44,0.7955,224,1.48,0.8176,8,1.455,0.8038,11,0
IWM191018C150,2019-10-14,2019-10-14 09:31:09,1.47,0.8121,45,1.44,0.7955,224,1.48,0.8176,8,1.455,0.8038,11,0
IWM191018C150,2019-10-14,2019-10-14 09:31:10,1.47,0.8121,19,1.45,0.8011,100,1.48,0.8176,8,1.46,0.8066,11,0
IWM191018C150,2019-10-14,2019-10-14 09:31:10,1.5,0.8287,122,1.45,0.8011,147,1.48,0.8176,8,1.475,0.8149,11,0
IWM191018C150,2019-10-14,2019-10-14 09:31:11,1.5,0.8287,122,1.45,0.8011,366,1.48,0.8176,8,1.475,0.8149,11,0
IWM191018C150,2019-10-14,2019-10-14 09:31:11,1.49,0.8232,40,1.45,0.8011,366,1.48,0.8176,8,1.47,0.8121,11,0
IWM191018C150,2019-10-14,2019-10-14 09:31:12,1.49,0.8232,20,1.45,0.8011,366,1.48,0.8176,8,1.47,0.8121,11,0
IWM191018C150,2019-10-14,2019-10-14 09:31:12,1.49,0.8232,17,1.46,0.8066,20,1.48,0.8176,8,1.475,0.8149,11,0
IWM191018C150,2019-10-14,2019-10-14 09:31:13,1.5,0.8287,28,1.46,0.8066,48,1.48,0.8176,8,1.48,0.8176,11,0
IWM191018C150,2019-10-14,2019-10-14 09:31:13,1.51,0.8342,31,1.47,0.8121,75,1.48,0.8176,8,1.49,0.8232,11,0
IWM191018C150,2019-10-14,2019-10-14 09:31:14,1.5,0.8287,20,1.47,0.8121,246,1.48,0.8176,8,1.485,0.8204,11,0
IWM191018C150,2019-10-14,2019-10-14 09:31:14,1.5,0.8287,20,1.47,0.8121,218,1.48,0.8176,8,1.485,0.8204,11,0
IWM191018C150,2019-10-14,2019-10-14 09:31:15,1.49,0.8232,20,1.47,0.8121,65,1.48,0.8176,8,1.48,0.8176,11,0
IWM191018C150,2019-10-14,2019-10-14 09:31:15,1.49,0.8232,20,1.46,0.8066,75,1.48,0.8176,8,1.475,0.8149,11,0
IWM191018C150,2019-10-14,2019-10-14 09:31:16,1.49,0.8232,20,1.46,0.8066,338,1.48,0.8176,8,1.475,0.8149,11,0
IWM191018C150,2019-10-14,2019-10-14 09:31:16,1.49,0.8232,20,1.46,0.8066,308,1.48,0.8176,8,1.475,0.8149,11,0
IWM191018C150,2019-10-14,2019-10-14 09:31:17,1.5,0.8287,80,1.46,0.8066,338,1.48,0.8176,8,1.48,0.8176,11,0
IWM191018C150,2019-10-14,2019-10-14 09:31:17,1.5,0.8287,42,1.46,0.8066,338,1.48,0.8176,8,1.48,0.8176,11,0
IWM191018C150,2019-10-14,2019-10-14 09:31:18,1.5,0.8287,26,1.46,0.8066,338,1.48,0.8176,8,1.48,0.8176,11,0
IWM191018C150,2019-10-14,2019-10-14 09:31:18,1.5,0.8287,80,1.46,0.8066,338,1.48,0.8176,8,1.48,0.8176,11,0
IWM191018C150,2019-10-14,2019-10-14 09:31:19,1.5,0.8287,26,1.46,0.8066,338,1.48,0.8176,8,1.48,0.8176,11,0
IWM191018C150,2019-10-14,2019-10-14 09:31:20,1.5,0.8287,20,1.46,0.8066,352,1.48,0.8176,8,1.48,0.8176,11,0
IWM191018C150,2019-10-14,2019-10-14 09:31:21,1.52,0.8397,51,1.47,0.8121,97,1.48,0.8176,8,1.495,0.8259,11,0
IWM191018C150,2019-10-14,2019-10-14 09:31:21,1.51,0.8342,15,1.46,0.8066,352,1.48,0.8176,8,1.485,0.8204,11,0
IWM191018C150,2019-10-14,2019-10-14 09:31:22,1.5,0.8287,20,1.47,0.8121,283,1.48,0.8176,8,1.485,0.8204,11,0
IWM191018C150,2019-10-14,2019-10-14 09:31:22,1.5,0.8287,20,1.47,0.8121,104,1.48,0.8176,8,1.485,0.8204,11,0
IWM191018C150,2019-10-14,2019-10-14 09:31:23,1.49,0.8232,67,1.44,0.7955,313,1.48,0.8176,8,1.465,0.8093,11,0
IWM191018C150,2019-10-14,2019-10-14 09:31:23,1.5,0.8287,83,1.44,0.7955,181,1.48,0.8176,8,1.47,0.8121,11,0
IWM191018C150,2019-10-14,2019-10-14 09:31:24,1.47,0.8121,20,1.44,0.7955,313,1.48,0.8176,8,1.455,0.8038,11,0
IWM191018C150,2019-10-14,2019-10-14 09:31:24,1.49,0.8232,67,1.44,0.7955,313,1.48,0.8176,8,1.465,0.8093,11,0
IWM191018C150,2019-10-14,2019-10-14 09:31:25,1.49,0.8232,43,1.45,0.8011,209,1.48,0.8176,8,1.47,0.8121,11,0
IWM191018C150,2019-10-14,2019-10-14 09:31:25,1.48,0.8176,20,1.44,0.7955,313,1.48,0.8176,8,1.46,0.8066,11,0
IWM191018C150,2019-10-14,2019-10-14 09:31:26,1.48,0.8176,20,1.45,0.8011,278,1.48,0.8176,8,1.465,0.8093,11,0
IWM191018C150,2019-10-14,2019-10-14 09:31:27,1.48,0.8176,20,1.45,0.8011,302,1.48,0.8176,8,1.465,0.8093,11,0
IWM191018C150,2019-10-14,2019-10-14 09:31:27,1.48,0.8176,20,1.45,0.8011,189,1.48,0.8176,8,1.465,0.8093,11,0
IWM191018C150,2019-10-14,2019-10-14 09:31:28,1.49,0.8232,20,1.47,0.8121,10,1.48,0.8176,8,1.48,0.8176,11,0
IWM191018C150,2019-10-14,2019-10-14 09:31:28,1.47,0.8121,20,1.45,0.8011,282,1.48,0.8176,8,1.46,0.8066,11,0
IWM191018C150,2019-10-14,2019-10-14 09:31:29,1.49,0.8232,20,1.46,0.8066,24,1.48,0.8176,8,1.475,0.8149,11,0
IWM191018C150,2019-10-14,2019-10-14 09:31:29,1.48,0.8176,20,1.45,0.8011,335,1.48,0.8176,8,1.465,0.8093,11,0
IWM191018C150,2019-10-14,2019-10-14 09:31:30,1.48,0.8176,20,1.45,0.8011,381,1.48,0.8176,8,1.465,0.8093,11,0
IWM191018C150,2019-10-14,2019-10-14 09:31:30,1.48,0.8176,20,1.45,0.8011,338,1.48,0.8176,8,1.465,0.8093,11,0
IWM191018C150,2019-10-14,2019-10-14 09:31:31,1.48,0.8176,20,1.45,0.8011,417,1.48,0.8176,8,1.465,0.8093,11,0
IWM191018C150,2019-10-14,2019-10-14 09:31:31,1.49,0.8232,34,1.45,0.8011,417,1.48,0.8176,8,1.47,0.8121,11,0
IWM191018C150,2019-10-14,2019-10-14 09:31:32,1.48,0.8176,11,1.45,0.8011,417,1.48,0.8176,8,1.465,0.8093,11,0
IWM191018C150,2019-10-14,2019-10-14 09:31:33,1.51,0.8342,49,1.46,0.8066,75,1.48,0.8176,8,1.485,0.8204,11,0
IWM191018C150,2019-10-14,2019-10-14 09:31:33,1.48,0.8176,11,1.45,0.8011,417,1.48,0.8176,8,1.465,0.8093,11,0
IWM191018C150,2019-10-14,2019-10-14 09:31:34,1.48,0.8176,51,1.47,0.8121,1,1.48,0.8176,8,1.475,0.8149,11,0
IWM191018C150,2019-10-14,2019-10-14 09:31:34,1.49,0.8232,145,1.44,0.7955,20,1.48,0.8176,8,1.465,0.8093,11,0
IWM191018C150,2019-10-14,2019-10-14 09:31:35,1.47,0.8121,1,1.47,0.8121,1,1.47,0.8121,1,1.47,0.8121,12,1
IWM191018C150,2019-10-14,2019-10-14 09:31:36,1.48,0.8176,65,1.44,0.7955,30,1.47,0.8121,1,1.46,0.8066,12,0
IWM191018C150,2019-10-14,2019-10-14 09:31:36,1.48,0.8176,65,1.44,0.7955,342,1.47,0.8121,1,1.46,0.8066,12,0
IWM191018C150,2019-10-14,2019-10-14 09:31:37,1.48,0.8176,80,1.44,0.7955,372,1.47,0.8121,1,1.46,0.8066,12,0
IWM191018C150,2019-10-14,2019-10-14 09:31:38,1.47,0.8121,20,1.44,0.7955,372,1.47,0.8121,1,1.455,0.8038,12,0
IWM191018C150,2019-10-14,2019-10-14 09:31:39,1.47,0.8121,20,1.44,0.7955,396,1.47,0.8121,1,1.455,0.8038,12,0
IWM191018C150,2019-10-14,2019-10-14 09:31:40,1.47,0.8121,20,1.44,0.7955,424,1.47,0.8121,1,1.455,0.8038,12,0
IWM191018C150,2019-10-14,2019-10-14 09:31:40,1.47,0.8121,20,1.44,0.7955,396,1.47,0.8121,1,1.455,0.8038,12,0
IWM191018C150,2019-10-14,2019-10-14 09:31:41,1.47,0.8121,20,1.44,0.7955,455,1.47,0.8121,1,1.455,0.8038,12,0
IWM191018C150,2019-10-14,2019-10-14 09:31:41,1.47,0.8121,32,1.44,0.7955,455,1.47,0.8121,1,1.455,0.8038,12,0
IWM191018C150,2019-10-14,2019-10-14 09:31:42,1.47,0.8121,52,1.44,0.7955,384,1.47,0.8121,1,1.455,0.8038,12,0
IWM191018C150,2019-10-14,2019-10-14 09:31:42,1.47,0.8121,52,1.44,0.7955,396,1.47,0.8121,1,1.455,0.8038,12,0
IWM191018C150,2019-10-14,2019-10-14 09:31:43,1.47,0.8121,90,1.44,0.7955,37,1.47,0.8121,1,1.455,0.8038,12,0
IWM191018C150,2019-10-14,2019-10-14 09:31:43,1.48,0.8176,130,1.44,0.7955,396,1.47,0.8121,1,1.46,0.8066,12,0
IWM191018C150,2019-10-14,2019-10-14 09:31:44,1.47,0.8121,62,1.43,0.79,346,1.47,0.8121,1,1.45,0.8011,12,0
IWM191018C150,2019-10-14,2019-10-14 09:31:44,1.47,0.8121,34,1.44,0.7955,37,1.47,0.8121,1,1.455,0.8038,12,0
IWM191018C150,2019-10-14,2019-10-14 09:31:45,1.47,0.8121,62,1.43,0.79,322,1.47,0.8121,1,1.45,0.8011,12,0
IWM191018C150,2019-10-14,2019-10-14 09:31:45,1.47,0.8121,83,1.43,0.79,456,1.47,0.8121,1,1.45,0.8011,12,0
IWM191018C150,2019-10-14,2019-10-14 09:31:46,1.47,0.8121,50,1.44,0.7955,20,1.47,0.8121,1,1.455,0.8038,12,0
IWM191018C150,2019-10-14,2019-10-14 09:31:46,1.47,0.8121,83,1.43,0.79,456,1.47,0.8121,1,1.45,0.8011,12,0
IWM191018C150,2019-10-14,2019-10-14 09:31:47,1.47,0.8121,61,1.44,0.7955,29,1.47,0.8121,1,1.455,0.8038,12,0
IWM191018C150,2019-10-14,2019-10-14 09:31:47,1.47,0.8121,61,1.44,0.7955,47,1.47,0.8121,1,1.455,0.8038,12,0
IWM191018C150,2019-10-14,2019-10-14 09:31:48,1.47,0.8121,61,1.44,0.7955,47,1.47,0.8121,1,1.455,0.8038,12,0
IWM191018C150,2019-10-14,2019-10-14 09:31:48,1.47,0.8121,61,1.44,0.7955,37,1.47,0.8121,1,1.455,0.8038,12,0
IWM191018C150,2019-10-14,2019-10-14 09:31:49,1.47,0.8121,65,1.44,0.7955,26,1.47,0.8121,1,1.455,0.8038,12,0
IWM191018C150,2019-10-14,2019-10-14 09:31:49,1.46,0.8066,66,1.43,0.79,232,1.47,0.8121,1,1.445,0.7983,12,0
IWM191018C150,2019-10-14,2019-10-14 09:31:50,1.46,0.8066,76,1.43,0.79,95,1.47,0.8121,1,1.445,0.7983,12,0
IWM191018C150,2019-10-14,2019-10-14 09:31:50,1.46,0.8066,90,1.43,0.79,350,1.47,0.8121,1,1.445,0.7983,12,0
IWM191018C150,2019-10-14,2019-10-14 09:31:51,1.46,0.8066,35,1.43,0.79,197,1.47,0.8121,1,1.445,0.7983,12,0
IWM191018C150,2019-10-14,2019-10-14 09:31:52,1.47,0.8121,56,1.43,0.79,403,1.47,0.8121,1,1.45,0.8011,12,0
IWM191018C150,2019-10-14,2019-10-14 09:31:52,1.47,0.8121,37,1.44,0.7955,75,1.47,0.8121,1,1.455,0.8038,12,0
IWM191018C150,2019-10-14,2019-10-14 09:31:53,1.47,0.8121,74,1.43,0.79,83,1.47,0.8121,1,1.45,0.8011,12,0
IWM191018C150,2019-10-14,2019-10-14 09:31:53,1.47,0.8121,74,1.44,0.7955,10,1.47,0.8121,1,1.455,0.8038,12,0
IWM191018C150,2019-10-14,2019-10-14 09:31:54,1.47,0.8121,74,1.43,0.79,432,1.47,0.8121,1,1.45,0.8011,12,0
IWM191018C150,2019-10-14,2019-10-14 09:31:55,1.47,0.8121,74,1.44,0.7955,22,1.47,0.8121,1,1.455,0.8038,12,0
IWM191018C150,2019-10-14,2019-10-14 09:31:55,1.47,0.8121,74,1.44,0.7955,27,1.47,0.8121,1,1.455,0.8038,12,0
IWM191018C150,2019-10-14,2019-10-14 09:31:56,1.47,0.8121,74,1.44,0.7955,27,1.47,0.8121,1,1.455,0.8038,12,0
IWM191018C150,2019-10-14,2019-10-14 09:31:56,1.47,0.8121,74,1.44,0.7955,42,1.47,0.8121,1,1.455,0.8038,12,0
IWM191018C150,2019-10-14,2019-10-14 09:31:57,1.47,0.8121,74,1.44,0.7955,400,1.47,0.8121,1,1.455,0.8038,12,0
IWM191018C150,2019-10-14,2019-10-14 09:31:57,1.47,0.8121,68,1.45,0.8011,1,1.47,0.8121,1,1.46,0.8066,12,0
IWM191018C150,2019-10-14,2019-10-14 09:31:58,1.46,0.8066,20,1.45,0.8011,1,1.47,0.8121,1,1.455,0.8038,12,0
IWM191018C150,2019-10-14,2019-10-14 09:31:58,1.47,0.8121,60,1.45,0.8011,1,1.47,0.8121,1,1.46,0.8066,12,0
IWM191018C150,2019-10-14,2019-10-14 09:31:59,1.47,0.8121,60,1.45,0.8011,1,1.47,0.8121,1,1.46,0.8066,12,0
IWM191018C150,2019-10-14,2019-10-14 09:31:59,1.47,0.8121,82,1.45,0.8011,1,1.47,0.8121,1,1.46,0.8066,12,0
IWM191018C150,2019-10-14,2019-10-14 09:32:00,1.47,0.8121,82,1.45,0.8011,1,1.47,0.8121,1,1.46,0.8066,12,0
IWM191018C150,2019-10-14,2019-10-14 09:32:01,1.48,0.8176,20,1.45,0.8011,21,1.47,0.8121,1,1.465,0.8093,12,0
IWM191018C150,2019-10-14,2019-10-14 09:32:02,1.47,0.8121,20,1.45,0.8011,20,1.47,0.8121,1,1.46,0.8066,12,0
IWM191018C150,2019-10-14,2019-10-14 09:32:02,1.48,0.8176,57,1.45,0.8011,21,1.47,0.8121,1,1.465,0.8093,12,0
IWM191018C150,2019-10-14,2019-10-14 09:32:03,1.47,0.8121,63,1.45,0.8011,1,1.47,0.8121,1,1.46,0.8066,12,0
IWM191018C150,2019-10-14,2019-10-14 09:32:04,1.47,0.8121,73,1.45,0.8011,1,1.47,0.8121,1,1.46,0.8066,12,0
IWM191018C150,2019-10-14,2019-10-14 09:32:04,1.47,0.8121,104,1.45,0.8011,1,1.47,0.8121,1,1.46,0.8066,12,0
IWM191018C150,2019-10-14,2019-10-14 09:32:05,1.47,0.8121,104,1.45,0.8011,1,1.47,0.8121,1,1.46,0.8066,12,0
IWM191018C150,2019-10-14,2019-10-14 09:32:05,1.47,0.8121,114,1.45,0.8011,1,1.47,0.8121,1,1.46,0.8066,12,0
IWM191018C150,2019-10-14,2019-10-14 09:32:06,1.46,0.8066,51,1.45,0.8011,1,1.47,0.8121,1,1.455,0.8038,12,0
IWM191018C150,2019-10-14,2019-10-14 09:32:07,1.45,0.8011,20,1.45,0.8011,1,1.45,0.8011,1,1.45,0.8011,13,1
IWM191018C150,2019-10-14,2019-10-14 09:32:07,1.46,0.8066,62,1.43,0.79,95,1.45,0.8011,1,1.445,0.7983,13,0
IWM191018C150,2019-10-14,2019-10-14 09:32:08,1.46,0.8066,51,1.43,0.79,127,1.45,0.8011,1,1.445,0.7983,13,0
IWM191018C150,2019-10-14,2019-10-14 09:32:09,1.47,0.8121,34,1.44,0.7955,95,1.45,0.8011,1,1.455,0.8038,13,0
IWM191018C150,2019-10-14,2019-10-14 09:32:10,1.47,0.8121,34,1.44,0.7955,451,1.45,0.8011,1,1.455,0.8038,13,0
IWM191018C150,2019-10-14,2019-10-14 09:32:10,1.48,0.8176,78,1.44,0.7955,426,1.45,0.8011,1,1.46,0.8066,13,0
IWM191018C150,2019-10-14,2019-10-14 09:32:11,1.48,0.8176,21,1.45,0.8011,397,1.45,0.8011,1,1.465,0.8093,13,0
IWM191018C150,2019-10-14,2019-10-14 09:32:11,1.48,0.8176,71,1.44,0.7955,393,1.45,0.8011,1,1.46,0.8066,13,0
IWM191018C150,2019-10-14,2019-10-14 09:32:12,1.48,0.8176,21,1.45,0.8011,456,1.45,0.8011,1,1.465,0.8093,13,0
IWM191018C150,2019-10-14,2019-10-14 09:32:12,1.47,0.8121,20,1.45,0.8011,446,1.45,0.8011,1,1.46,0.8066,13,0
IWM191018C150,2019-10-14,2019-10-14 09:32:13,1.47,0.8121,20,1.45,0.8011,319,1.45,0.8011,1,1.46,0.8066,13,0
IWM191018C150,2019-10-14,2019-10-14 09:32:13,1.47,0.8121,20,1.45,0.8011,56,1.45,0.8011,1,1.46,0.8066,13,0
IWM191018C150,2019-10-14,2019-10-14 09:32:14,1.45,0.8011,1,1.42,0.7845,20,1.45,0.8011,15,1.435,0.7928,28,15
IWM191018C150,2019-10-14,2019-10-14 09:32:14,1.46,0.8066,20,1.44,0.7955,16,1.45,0.8011,1,1.45,0.8011,13,0
IWM191018C150,2019-10-14,2019-10-14 09:32:15,1.46,0.8066,23,1.42,0.7845,75,1.45,0.8011,15,1.44,0.7955,28,0
IWM191018C150,2019-10-14,2019-10-14 09:32:15,1.46,0.8066,43,1.42,0.7845,452,1.45,0.8011,15,1.44,0.7955,28,0
IWM191018C150,2019-10-14,2019-10-14 09:32:16,1.46,0.8066,43,1.42,0.7845,453,1.45,0.8011,15,1.44,0.7955,28,0
IWM191018C150,2019-10-14,2019-10-14 09:32:16,1.46,0.8066,46,1.42,0.7845,453,1.45,0.8011,15,1.44,0.7955,28,0
IWM191018C150,2019-10-14,2019-10-14 09:32:17,1.46,0.8066,46,1.43,0.79,20,1.45,0.8011,15,1.445,0.7983,28,0
IWM191018C150,2019-10-14,2019-10-14 09:32:17,1.46,0.8066,46,1.43,0.79,30,1.45,0.8011,15,1.445,0.7983,28,0
IWM191018C150,2019-10-14,2019-10-14 09:32:18,1.45,0.8011,20,1.43,0.79,30,1.45,0.8011,15,1.44,0.7955,28,0
IWM191018C150,2019-10-14,2019-10-14 09:32:19,1.46,0.8066,46,1.43,0.79,30,1.45,0.8011,15,1.445,0.7983,28,0
IWM191018C150,2019-10-14,2019-10-14 09:32:20,1.46,0.8066,46,1.43,0.79,10,1.45,0.8011,15,1.445,0.7983,28,0
IWM191018C150,2019-10-14,2019-10-14 09:32:21,1.45,0.8011,20,1.42,0.7845,95,1.45,0.8011,15,1.435,0.7928,28,0
IWM191018C150,2019-10-14,2019-10-14 09:32:21,1.46,0.8066,20,1.43,0.79,20,1.45,0.8011,15,1.445,0.7983,28,0
IWM191018C150,2019-10-14,2019-10-14 09:32:22,1.45,0.8011,20,1.42,0.7845,452,1.45,0.8011,15,1.435,0.7928,28,0
IWM191018C150,2019-10-14,2019-10-14 09:32:22,1.46,0.8066,24,1.43,0.79,26,1.45,0.8011,15,1.445,0.7983,28,0
IWM191018C150,2019-10-14,2019-10-14 09:32:23,1.45,0.8011,36,1.42,0.7845,452,1.45,0.8011,15,1.435,0.7928,28,0
IWM191018C150,2019-10-14,2019-10-14 09:32:23,1.45,0.8011,103,1.42,0.7845,380,1.45,0.8011,15,1.435,0.7928,28,0
IWM191018C150,2019-10-14,2019-10-14 09:32:24,1.45,0.8011,103,1.42,0.7845,402,1.45,0.8011,15,1.435,0.7928,28,0
IWM191018C150,2019-10-14,2019-10-14 09:32:25,1.44,0.7955,24,1.41,0.779,31,1.45,0.8011,15,1.425,0.7872,28,0
IWM191018C150,2019-10-14,2019-10-14 09:32:26,1.44,0.7955,98,1.41,0.779,31,1.45,0.8011,15,1.425,0.7872,28,0
IWM191018C150,2019-10-14,2019-10-14 09:32:27,1.44,0.7955,34,1.41,0.779,408,1.45,0.8011,15,1.425,0.7872,28,0
IWM191018C150,2019-10-14,2019-10-14 09:32:27,1.44,0.7955,58,1.41,0.779,320,1.45,0.8011,15,1.425,0.7872,28,0
IWM191018C150,2019-10-14,2019-10-14 09:32:28,1.44,0.7955,34,1.41,0.779,466,1.45,0.8011,15,1.425,0.7872,28,0
IWM191018C150,2019-10-14,2019-10-14 09:32:29,1.44,0.7955,34,1.41,0.779,466,1.45,0.8011,15,1.425,0.7872,28,0
IWM191018C150,2019-10-14,2019-10-14 09:32:30,1.45,0.8011,13,1.41,0.779,145,1.45,0.8011,15,1.43,0.79,28,0
IWM191018C150,2019-10-14,2019-10-14 09:32:30,1.44,0.7955,34,1.41,0.779,466,1.45,0.8011,15,1.425,0.7872,28,0
IWM191018C150,2019-10-14,2019-10-14 09:32:31,1.43,0.79,56,1.4,0.7734,298,1.45,0.8011,15,1.415,0.7817,28,0
IWM191018C150,2019-10-14,2019-10-14 09:32:31,1.43,0.79,35,1.4,0.7734,298,1.45,0.8011,15,1.415,0.7817,28,0
IWM191018C150,2019-10-14,2019-10-14 09:32:32,1.43,0.79,66,1.4,0.7734,414,1.45,0.8011,15,1.415,0.7817,28,0
IWM191018C150,2019-10-14,2019-10-14 09:32:32,1.43,0.79,56,1.4,0.7734,414,1.45,0.8011,15,1.415,0.7817,28,0
IWM191018C150,2019-10-14,2019-10-14 09:32:33,1.43,0.79,56,1.4,0.7734,398,1.45,0.8011,15,1.415,0.7817,28,0
IWM191018C150,2019-10-14,2019-10-14 09:32:33,1.43,0.79,106,1.4,0.7734,422,1.45,0.8011,15,1.415,0.7817,28,0
IWM191018C150,2019-10-14,2019-10-14 09:32:34,1.43,0.79,106,1.4,0.7734,422,1.45,0.8011,15,1.415,0.7817,28,0
IWM191018C150,2019-10-14,2019-10-14 09:32:34,1.43,0.79,58,1.4,0.7734,422,1.45,0.8011,15,1.415,0.7817,28,0
IWM191018C150,2019-10-14,2019-10-14 09:32:35,1.43,0.79,71,1.4,0.7734,410,1.45,0.8011,15,1.415,0.7817,28,0
IWM191018C150,2019-10-14,2019-10-14 09:32:35,1.43,0.79,93,1.4,0.7734,410,1.45,0.8011,15,1.415,0.7817,28,0
IWM191018C150,2019-10-14,2019-10-14 09:32:36,1.43,0.79,33,1.4,0.7734,428,1.45,0.8011,15,1.415,0.7817,28,0
IWM191018C150,2019-10-14,2019-10-14 09:32:36,1.44,0.7955,53,1.4,0.7734,466,1.45,0.8011,15,1.42,0.7845,28,0
IWM191018C150,2019-10-14,2019-10-14 09:32:37,1.44,0.7955,35,1.41,0.779,68,1.45,0.8011,15,1.425,0.7872,28,0
IWM191018C150,2019-10-14,2019-10-14 09:32:37,1.44,0.7955,32,1.41,0.779,105,1.45,0.8011,15,1.425,0.7872,28,0
IWM191018C150,2019-10-14,2019-10-14 09:32:38,1.43,0.79,20,1.4,0.7734,105,1.45,0.8011,15,1.415,0.7817,28,0
IWM191018C150,2019-10-14,2019-10-14 09:32:38,1.43,0.79,20,1.41,0.779,20,1.45,0.8011,15,1.42,0.7845,28,0
IWM191018C150,2019-10-14,2019-10-14 09:32:39,1.44,0.7955,32,1.41,0.779,83,1.45,0.8011,15,1.425,0.7872,28,0
IWM191018C150,2019-10-14,2019-10-14 09:32:40,1.44,0.7955,47,1.41,0.779,317,1.45,0.8011,15,1.425,0.7872,28,0
IWM191018C150,2019-10-14,2019-10-14 09:32:40,1.43,0.79,20,1.4,0.7734,103,1.45,0.8011,15,1.415,0.7817,28,0
IWM191018C150,2019-10-14,2019-10-14 09:32:41,1.43,0.79,28,1.41,0.779,93,1.45,0.8011,15,1.42,0.7845,28,0
IWM191018C150,2019-10-14,2019-10-14 09:32:42,1.43,0.79,28,1.41,0.779,452,1.45,0.8011,15,1.42,0.7845,28,0
IWM191018C150,2019-10-14,2019-10-14 09:32:43,1.44,0.7955,63,1.41,0.779,452,1.45,0.8011,15,1.425,0.7872,28,0
IWM191018C150,2019-10-14,2019-10-14 09:32:44,1.44,0.7955,63,1.41,0.779,458,1.45,0.8011,15,1.425,0.7872,28,0
IWM191018C150,2019-10-14,2019-10-14 09:32:44,1.44,0.7955,76,1.41,0.779,458,1.45,0.8011,15,1.425,0.7872,28,0
IWM191018C150,2019-10-14,2019-10-14 09:32:45,1.44,0.7955,76,1.41,0.779,458,1.45,0.8011,15,1.425,0.7872,28,0
IWM191018C150,2019-10-14,2019-10-14 09:32:46,1.44,0.7955,76,1.41,0.779,458,1.45,0.8011,15,1.425,0.7872,28,0
IWM191018C150,2019-10-14,2019-10-14 09:32:47,1.42,0.7845,6,1.4,0.7734,93,1.45,0.8011,15,1.41,0.779,28,0
IWM191018C150,2019-10-14,2019-10-14 09:32:47,1.44,0.7955,76,1.41,0.779,458,1.45,0.8011,15,1.425,0.7872,28,0
IWM191018C150,2019-10-14,2019-10-14 09:32:48,1.42,0.7845,26,1.4,0.7734,20,1.45,0.8011,15,1.41,0.779,28,0
IWM191018C150,2019-10-14,2019-10-14 09:32:48,1.42,0.7845,26,1.4,0.7734,90,1.45,0.8011,15,1.41,0.779,28,0
IWM191018C150,2019-10-14,2019-10-14 09:32:49,1.42,0.7845,26,1.4,0.7734,6,1.45,0.8011,15,1.41,0.779,28,0
IWM191018C150,2019-10-14,2019-10-14 09:32:49,1.42,0.7845,26,1.39,0.7679,155,1.45,0.8011,15,1.405,0.7762,28,0
IWM191018C150,2019-10-14,2019-10-14 09:32:50,1.41,0.779,24,1.39,0.7679,333,1.45,0.8011,15,1.4,0.7734,28,0
IWM191018C150,2019-10-14,2019-10-14 09:32:50,1.41,0.779,24,1.39,0.7679,243,1.45,0.8011,15,1.4,0.7734,28,0
IWM191018C150,2019-10-14,2019-10-14 09:32:51,1.42,0.7845,21,1.39,0.7679,387,1.45,0.8011,15,1.405,0.7762,28,0
IWM191018C150,2019-10-14,2019-10-14 09:32:51,1.41,0.779,24,1.39,0.7679,387,1.45,0.8011,15,1.4,0.7734,28,0
IWM191018C150,2019-10-14,2019-10-14 09:32:52,1.42,0.7845,21,1.39,0.7679,387,1.45,0.8011,15,1.405,0.7762,28,0
IWM191018C150,2019-10-14,2019-10-14 09:32:52,1.43,0.79,21,1.4,0.7734,18,1.45,0.8011,15,1.415,0.7817,28,0
IWM191018C150,2019-10-14,2019-10-14 09:32:53,1.43,0.79,21,1.4,0.7734,37,1.45,0.8011,15,1.415,0.7817,28,0
IWM191018C150,2019-10-14,2019-10-14 09:32:53,1.43,0.79,21,1.4,0.7734,368,1.45,0.8011,15,1.415,0.7817,28,0
IWM191018C150,2019-10-14,2019-10-14 09:32:54,1.43,0.79,21,1.4,0.7734,404,1.45,0.8011,15,1.415,0.7817,28,0
IWM191018C150,2019-10-14,2019-10-14 09:32:54,1.42,0.7845,22,1.38,0.7624,120,1.45,0.8011,15,1.4,0.7734,28,0
IWM191018C150,2019-10-14,2019-10-14 09:32:55,1.42,0.7845,159,1.38,0.7624,224,1.45,0.8011,15,1.4,0.7734,28,0
IWM191018C150,2019-10-14,2019-10-14 09:32:55,1.42,0.7845,25,1.38,0.7624,423,1.45,0.8011,15,1.4,0.7734,28,0
IWM191018C150,2019-10-14,2019-10-14 09:32:56,1.4,0.7734,21,1.38,0.7624,224,1.45,0.8011,15,1.39,0.7679,28,0
IWM191018C150,2019-10-14,2019-10-14 09:32:57,1.4,0.7734,21,1.38,0.7624,11,1.45,0.8011,15,1.39,0.7679,28,0
IWM191018C150,2019-10-14,2019-10-14 09:32:57,1.4,0.7734,21,1.37,0.7569,44,1.45,0.8011,15,1.385,0.7651,28,0
IWM191018C150,2019-10-14,2019-10-14 09:32:58,1.4,0.7734,52,1.37,0.7569,266,1.45,0.8011,15,1.385,0.7651,28,0
IWM191018C150,2019-10-14,2019-10-14 09:32:58,1.4,0.7734,21,1.37,0.7569,44,1.45,0.8011,15,1.385,0.7651,28,0
IWM191018C150,2019-10-14,2019-10-14 09:32:59,1.4,0.7734,101,1.37,0.7569,20,1.45,0.8011,15,1.385,0.7651,28,0
IWM191018C150,2019-10-14,2019-10-14 09:32:59,1.39,0.7679,25,1.36,0.7513,103,1.45,0.8011,15,1.375,0.7596,28,0
IWM191018C150,2019-10-14,2019-10-14 09:33:00,1.4,0.7734,51,1.37,0.7569,1,1.45,0.8011,15,1.385,0.7651,28,0
IWM191018C150,2019-10-14,2019-10-14 09:33:01,1.4,0.7734,51,1.37,0.7569,8,1.45,0.8011,15,1.385,0.7651,28,0
IWM191018C150,2019-10-14,2019-10-14 09:33:01,1.4,0.7734,27,1.37,0.7569,42,1.45,0.8011,15,1.385,0.7651,28,0
IWM191018C150,2019-10-14,2019-10-14 09:33:02,1.41,0.779,111,1.37,0.7569,42,1.45,0.8011,15,1.39,0.7679,28,0
IWM191018C150,2019-10-14,2019-10-14 09:33:02,1.4,0.7734,45,1.37,0.7569,28,1.45,0.8011,15,1.385,0.7651,28,0
IWM191018C150,2019-10-14,2019-10-14 09:33:03,1.4,0.7734,31,1.38,0.7624,6,1.45,0.8011,15,1.39,0.7679,28,0
IWM191018C150,2019-10-14,2019-10-14 09:33:04,1.4,0.7734,72,1.37,0.7569,286,1.45,0.8011,15,1.385,0.7651,28,0
IWM191018C150,2019-10-14,2019-10-14 09:33:04,1.4,0.7734,31,1.38,0.7624,6,1.45,0.8011,15,1.39,0.7679,28,0
IWM191018C150,2019-10-14,2019-10-14 09:33:05,1.4,0.7734,82,1.37,0.7569,120,1.4,0.7734,3,1.385,0.7651,31,0
IWM191018C150,2019-10-14,2019-10-14 09:33:05,1.4,0.7734,82,1.37,0.7569,120,1.4,0.7734,3,1.385,0.7651,31,3
IWM191018C150,2019-10-14,2019-10-14 09:33:06,1.39,0.7679,11,1.36,0.7513,28,1.4,0.7734,3,1.375,0.7596,31,0
IWM191018C150,2019-10-14,2019-10-14 09:33:06,1.39,0.7679,1,1.37,0.7569,19,1.4,0.7734,3,1.38,0.7624,31,0
IWM191018C150,2019-10-14,2019-10-14 09:33:07,1.39,0.7679,48,1.36,0.7513,28,1.4,0.7734,3,1.375,0.7596,31,0
IWM191018C150,2019-10-14,2019-10-14 09:33:07,1.39,0.7679,21,1.36,0.7513,106,1.4,0.7734,3,1.375,0.7596,31,0
IWM191018C150,2019-10-14,2019-10-14 09:33:08,1.39,0.7679,24,1.36,0.7513,56,1.4,0.7734,3,1.375,0.7596,31,0
IWM191018C150,2019-10-14,2019-10-14 09:33:08,1.39,0.7679,38,1.36,0.7513,56,1.4,0.7734,3,1.375,0.7596,31,0
IWM191018C150,2019-10-14,2019-10-14 09:33:09,1.39,0.7679,24,1.36,0.7513,37,1.4,0.7734,3,1.375,0.7596,31,0
IWM191018C150,2019-10-14,2019-10-14 09:33:09,1.39,0.7679,17,1.37,0.7569,10,1.4,0.7734,3,1.38,0.7624,31,0
IWM191018C150,2019-10-14,2019-10-14 09:33:10,1.4,0.7734,27,1.37,0.7569,96,1.4,0.7734,3,1.385,0.7651,31,0
IWM191018C150,2019-10-14,2019-10-14 09:33:10,1.39,0.7679,17,1.37,0.7569,10,1.4,0.7734,3,1.38,0.7624,31,0
IWM191018C150,2019-10-14,2019-10-14 09:33:11,1.4,0.7734,1,1.38,0.7624,122,1.4,0.7734,3,1.39,0.7679,31,0
IWM191018C150,2019-10-14,2019-10-14 09:33:11,1.4,0.7734,1,1.38,0.7624,23,1.4,0.7734,3,1.39,0.7679,31,0
IWM191018C150,2019-10-14,2019-10-14 09:33:12,1.4,0.7734,1,1.38,0.7624,147,1.4,0.7734,3,1.39,0.7679,31,0
IWM191018C150,2019-10-14,2019-10-14 09:33:12,1.4,0.7734,1,1.38,0.7624,151,1.4,0.7734,3,1.39,0.7679,31,0
IWM191018C150,2019-10-14,2019-10-14 09:33:13,1.4,0.7734,1,1.38,0.7624,150,1.4,0.7734,3,1.39,0.7679,31,0
IWM191018C150,2019-10-14,2019-10-14 09:33:14,1.42,0.7845,108,1.38,0.7624,97,1.4,0.7734,3,1.4,0.7734,31,0
IWM191018C150,2019-10-14,2019-10-14 09:33:14,1.42,0.7845,29,1.39,0.7679,119,1.4,0.7734,3,1.405,0.7762,31,0
IWM191018C150,2019-10-14,2019-10-14 09:33:15,1.42,0.7845,201,1.39,0.7679,103,1.4,0.7734,3,1.405,0.7762,31,0
IWM191018C150,2019-10-14,2019-10-14 09:33:15,1.42,0.7845,201,1.39,0.7679,20,1.4,0.7734,3,1.405,0.7762,31,0
IWM191018C150,2019-10-14,2019-10-14 09:33:16,1.42,0.7845,201,1.39,0.7679,30,1.4,0.7734,3,1.405,0.7762,31,0
IWM191018C150,2019-10-14,2019-10-14 09:33:17,1.42,0.7845,88,1.39,0.7679,124,1.4,0.7734,3,1.405,0.7762,31,0
IWM191018C150,2019-10-14,2019-10-14 09:33:17,1.42,0.7845,104,1.39,0.7679,124,1.4,0.7734,3,1.405,0.7762,31,0
IWM191018C150,2019-10-14,2019-10-14 09:33:18,1.42,0.7845,88,1.39,0.7679,250,1.4,0.7734,3,1.405,0.7762,31,0
IWM191018C150,2019-10-14,2019-10-14 09:33:18,1.42,0.7845,114,1.39,0.7679,114,1.4,0.7734,3,1.405,0.7762,31,0
IWM191018C150,2019-10-14,2019-10-14 09:33:19,1.42,0.7845,88,1.39,0.7679,44,1.4,0.7734,3,1.405,0.7762,31,0
IWM191018C150,2019-10-14,2019-10-14 09:33:19,1.42,0.7845,88,1.39,0.7679,250,1.4,0.7734,3,1.405,0.7762,31,0
IWM191018C150,2019-10-14,2019-10-14 09:33:20,1.41,0.779,17,1.39,0.7679,22,1.4,0.7734,3,1.4,0.7734,31,0
IWM191018C150,2019-10-14,2019-10-14 09:33:21,1.41,0.779,17,1.39,0.7679,126,1.4,0.7734,3,1.4,0.7734,31,0
IWM191018C150,2019-10-14,2019-10-14 09:33:22,1.41,0.779,47,1.39,0.7679,10,1.4,0.7734,3,1.4,0.7734,31,0
IWM191018C150,2019-10-14,2019-10-14 09:33:22,1.41,0.779,17,1.39,0.7679,32,1.4,0.7734,3,1.4,0.7734,31,0
IWM191018C150,2019-10-14,2019-10-14 09:33:23,1.41,0.779,57,1.39,0.7679,10,1.4,0.7734,3,1.4,0.7734,31,0
IWM191018C150,2019-10-14,2019-10-14 09:33:24,1.41,0.779,10,1.39,0.7679,1,1.4,0.7734,3,1.4,0.7734,31,0
IWM191018C150,2019-10-14,2019-10-14 09:33:24,1.42,0.7845,96,1.39,0.7679,1,1.4,0.7734,3,1.405,0.7762,31,0
IWM191018C150,2019-10-14,2019-10-14 09:33:25,1.41,0.779,10,1.39,0.7679,47,1.4,0.7734,3,1.4,0.7734,31,0
IWM191018C150,2019-10-14,2019-10-14 09:33:25,1.41,0.779,10,1.39,0.7679,27,1.4,0.7734,3,1.4,0.7734,31,0
IWM191018C150,2019-10-14,2019-10-14 09:33:26,1.41,0.779,10,1.39,0.7679,9,1.4,0.7734,3,1.4,0.7734,31,0
IWM191018C150,2019-10-14,2019-10-14 09:33:26,1.41,0.779,10,1.39,0.7679,74,1.4,0.7734,3,1.4,0.7734,31,0
IWM191018C150,2019-10-14,2019-10-14 09:33:27,1.41,0.779,10,1.39,0.7679,118,1.4,0.7734,3,1.4,0.7734,31,0
IWM191018C150,2019-10-14,2019-10-14 09:33:28,1.41,0.779,32,1.39,0.7679,167,1.4,0.7734,3,1.4,0.7734,31,0
IWM191018C150,2019-10-14,2019-10-14 09:33:28,1.41,0.779,10,1.39,0.7679,167,1.4,0.7734,3,1.4,0.7734,31,0
IWM191018C150,2019-10-14,2019-10-14 09:33:29,1.41,0.779,50,1.39,0.7679,10,1.4,0.7734,3,1.4,0.7734,31,0
IWM191018C150,2019-10-14,2019-10-14 09:33:29,1.41,0.779,32,1.39,0.7679,10,1.4,0.7734,3,1.4,0.7734,31,0
IWM191018C150,2019-10-14,2019-10-14 09:33:30,1.41,0.779,32,1.39,0.7679,10,1.4,0.7734,3,1.4,0.7734,31,0
IWM191018C150,2019-10-14,2019-10-14 09:33:30,1.41,0.779,50,1.39,0.7679,1,1.4,0.7734,3,1.4,0.7734,31,0
IWM191018C150,2019-10-14,2019-10-14 09:33:31,1.41,0.779,17,1.39,0.7679,10,1.4,0.7734,3,1.4,0.7734,31,0
IWM191018C150,2019-10-14,2019-10-14 09:33:32,1.41,0.779,34,1.39,0.7679,1,1.4,0.7734,3,1.4,0.7734,31,0
IWM191018C150,2019-10-14,2019-10-14 09:33:32,1.41,0.779,51,1.39,0.7679,84,1.4,0.7734,3,1.4,0.7734,31,0
IWM191018C150,2019-10-14,2019-10-14 09:33:33,1.42,0.7845,24,1.4,0.7734,20,1.4,0.7734,3,1.41,0.779,31,0
IWM191018C150,2019-10-14,2019-10-14 09:33:33,1.42,0.7845,74,1.4,0.7734,18,1.4,0.7734,3,1.41,0.779,31,0
IWM191018C150,2019-10-14,2019-10-14 09:33:34,1.42,0.7845,2,1.4,0.7734,195,1.4,0.7734,3,1.41,0.779,31,0
IWM191018C150,2019-10-14,2019-10-14 09:33:34,1.43,0.79,50,1.4,0.7734,195,1.4,0.7734,3,1.415,0.7817,31,0
IWM191018C150,2019-10-14,2019-10-14 09:33:35,1.42,0.7845,38,1.4,0.7734,109,1.4,0.7734,3,1.41,0.779,31,0
IWM191018C150,2019-10-14,2019-10-14 09:33:35,1.42,0.7845,38,1.4,0.7734,20,1.4,0.7734,3,1.41,0.779,31,0
IWM191018C150,2019-10-14,2019-10-14 09:33:36,1.42,0.7845,10,1.4,0.7734,20,1.4,0.7734,3,1.41,0.779,31,0
IWM191018C150,2019-10-14,2019-10-14 09:33:37,1.42,0.7845,10,1.4,0.7734,20,1.4,0.7734,3,1.41,0.779,31,0
IWM191018C150,2019-10-14,2019-10-14 09:33:38,1.42,0.7845,10,1.4,0.7734,10,1.4,0.7734,3,1.41,0.779,31,0
IWM191018C150,2019-10-14,2019-10-14 09:33:39,1.42,0.7845,10,1.4,0.7734,91,1.4,0.7734,3,1.41,0.779,31,0
IWM191018C150,2019-10-14,2019-10-14 09:33:39,1.42,0.7845,10,1.4,0.7734,10,1.4,0.7734,3,1.41,0.779,31,0
IWM191018C150,2019-10-14,2019-10-14 09:33:40,1.42,0.7845,45,1.39,0.7679,101,1.4,0.7734,3,1.405,0.7762,31,0
IWM191018C150,2019-10-14,2019-10-14 09:33:40,1.42,0.7845,10,1.4,0.7734,10,1.4,0.7734,3,1.41,0.779,31,0
IWM191018C150,2019-10-14,2019-10-14 09:33:41,1.42,0.7845,33,1.39,0.7679,349,1.4,0.7734,3,1.405,0.7762,31,0
IWM191018C150,2019-10-14,2019-10-14 09:33:41,1.42,0.7845,34,1.39,0.7679,10,1.4,0.7734,3,1.405,0.7762,31,0
IWM191018C150,2019-10-14,2019-10-14 09:33:42,1.4,0.7734,1,1.38,0.7624,40,1.4,0.7734,3,1.39,0.7679,31,0
IWM191018C150,2019-10-14,2019-10-14 09:33:42,1.4,0.7734,10,1.38,0.7624,1,1.4,0.7734,3,1.39,0.7679,31,0
IWM191018C150,2019-10-14,2019-10-14 09:33:43,1.4,0.7734,3,1.37,0.7569,105,1.4,0.7734,3,1.385,0.7651,31,0
IWM191018C150,2019-10-14,2019-10-14 09:33:43,1.4,0.7734,3,1.37,0.7569,106,1.4,0.7734,3,1.385,0.7651,31,0
IWM191018C150,2019-10-14,2019-10-14 09:33:44,1.4,0.7734,11,1.37,0.7569,230,1.4,0.7734,3,1.385,0.7651,31,0
IWM191018C150,2019-10-14,2019-10-14 09:33:44,1.4,0.7734,25,1.37,0.7569,161,1.4,0.7734,3,1.385,0.7651,31,0
IWM191018C150,2019-10-14,2019-10-14 09:33:45,1.4,0.7734,11,1.38,0.7624,236,1.4,0.7734,3,1.39,0.7679,31,0
IWM191018C150,2019-10-14,2019-10-14 09:33:45,1.4,0.7734,11,1.38,0.7624,170,1.4,0.7734,3,1.39,0.7679,31,0
IWM191018C150,2019-10-14,2019-10-14 09:33:46,1.4,0.7734,11,1.38,0.7624,250,1.4,0.7734,3,1.39,0.7679,31,0
IWM191018C150,2019-10-14,2019-10-14 09:33:46,1.41,0.779,24,1.38,0.7624,430,1.4,0.7734,3,1.395,0.7707,31,0
IWM191018C150,2019-10-14,2019-10-14 09:33:47,1.41,0.779,24,1.39,0.7679,14,1.4,0.7734,3,1.4,0.7734,31,0
IWM191018C150,2019-10-14,2019-10-14 09:33:47,1.41,0.779,24,1.39,0.7679,7,1.4,0.7734,3,1.4,0.7734,31,0
IWM191018C150,2019-10-14,2019-10-14 09:33:48,1.41,0.779,24,1.39,0.7679,14,1.4,0.7734,3,1.4,0.7734,31,0
IWM191018C150,2019-10-14,2019-10-14 09:33:49,1.41,0.779,20,1.39,0.7679,14,1.4,0.7734,3,1.4,0.7734,31,0
IWM191018C150,2019-10-14,2019-10-14 09:33:50,1.41,0.779,26,1.39,0.7679,14,1.4,0.7734,3,1.4,0.7734,31,0
IWM191018C150,2019-10-14,2019-10-14 09:33:50,1.41,0.779,24,1.39,0.7679,18,1.4,0.7734,3,1.4,0.7734,31,0
IWM191018C150,2019-10-14,2019-10-14 09:33:51,1.41,0.779,2,1.39,0.7679,316,1.4,0.7734,3,1.4,0.7734,31,0
IWM191018C150,2019-10-14,2019-10-14 09:33:51,1.41,0.779,24,1.39,0.7679,20,1.4,0.7734,3,1.4,0.7734,31,0
IWM191018C150,2019-10-14,2019-10-14 09:33:52,1.41,0.779,10,1.39,0.7679,316,1.4,0.7734,3,1.4,0.7734,31,0
IWM191018C150,2019-10-14,2019-10-14 09:33:52,1.41,0.779,10,1.39,0.7679,73,1.4,0.7734,3,1.4,0.7734,31,0
IWM191018C150,2019-10-14,2019-10-14 09:33:53,1.42,0.7845,34,1.39,0.7679,71,1.4,0.7734,3,1.405,0.7762,31,0
IWM191018C150,2019-10-14,2019-10-14 09:33:54,1.42,0.7845,34,1.39,0.7679,71,1.4,0.7734,3,1.405,0.7762,31,0
IWM191018C150,2019-10-14,2019-10-14 09:33:54,1.42,0.7845,58,1.4,0.7734,18,1.4,0.7734,3,1.41,0.779,31,0
IWM191018C150,2019-10-14,2019-10-14 09:33:55,1.42,0.7845,43,1.4,0.7734,114,1.4,0.7734,3,1.41,0.779,31,0
IWM191018C150,2019-10-14,2019-10-14 09:33:55,1.42,0.7845,43,1.4,0.7734,91,1.4,0.7734,3,1.41,0.779,31,0
IWM191018C150,2019-10-14,2019-10-14 09:33:56,1.43,0.79,43,1.4,0.7734,91,1.4,0.7734,3,1.415,0.7817,31,0
IWM191018C150,2019-10-14,2019-10-14 09:33:56,1.43,0.79,67,1.4,0.7734,71,1.4,0.7734,3,1.415,0.7817,31,0
IWM191018C150,2019-10-14,2019-10-14 09:33:57,1.43,0.79,67,1.41,0.779,14,1.4,0.7734,3,1.42,0.7845,31,0
IWM191018C150,2019-10-14,2019-10-14 09:33:58,1.43,0.79,44,1.41,0.779,17,1.4,0.7734,3,1.42,0.7845,31,0
IWM191018C150,2019-10-14,2019-10-14 09:33:58,1.43,0.79,66,1.4,0.7734,62,1.4,0.7734,3,1.415,0.7817,31,0
IWM191018C150,2019-10-14,2019-10-14 09:33:59,1.43,0.79,34,1.41,0.779,1,1.4,0.7734,3,1.42,0.7845,31,0
IWM191018C150,2019-10-14,2019-10-14 09:33:59,1.43,0.79,34,1.41,0.779,19,1.4,0.7734,3,1.42,0.7845,31,0
IWM191018C150,2019-10-14,2019-10-14 09:34:00,1.43,0.79,34,1.41,0.779,19,1.4,0.7734,3,1.42,0.7845,31,0
IWM191018C150,2019-10-14,2019-10-14 09:34:01,1.43,0.79,29,1.41,0.779,92,1.4,0.7734,3,1.42,0.7845,31,0
IWM191018C150,2019-10-14,2019-10-14 09:34:01,1.43,0.79,2,1.41,0.779,92,1.4,0.7734,3,1.42,0.7845,31,0
IWM191018C150,2019-10-14,2019-10-14 09:34:02,1.43,0.79,34,1.4,0.7734,121,1.4,0.7734,3,1.415,0.7817,31,0
IWM191018C150,2019-10-14,2019-10-14 09:34:03,1.42,0.7845,23,1.4,0.7734,82,1.4,0.7734,3,1.41,0.779,31,0
IWM191018C150,2019-10-14,2019-10-14 09:34:03,1.42,0.7845,23,1.4,0.7734,144,1.4,0.7734,3,1.41,0.779,31,0
IWM191018C150,2019-10-14,2019-10-14 09:34:04,1.42,0.7845,23,1.4,0.7734,127,1.4,0.7734,3,1.41,0.779,31,0
IWM191018C150,2019-10-14,2019-10-14 09:34:04,1.42,0.7845,23,1.4,0.7734,104,1.4,0.7734,3,1.41,0.779,31,0
IWM191018C150,2019-10-14,2019-10-14 09:34:05,1.42,0.7845,23,1.4,0.7734,79,1.4,0.7734,3,1.41,0.779,31,0
IWM191018C150,2019-10-14,2019-10-14 09:34:05,1.42,0.7845,23,1.4,0.7734,127,1.4,0.7734,3,1.41,0.779,31,0
IWM191018C150,2019-10-14,2019-10-14 09:34:06,1.42,0.7845,23,1.4,0.7734,7,1.4,0.7734,3,1.41,0.779,31,0
IWM191018C150,2019-10-14,2019-10-14 09:34:06,1.42,0.7845,23,1.4,0.7734,79,1.4,0.7734,3,1.41,0.779,31,0
IWM191018C150,2019-10-14,2019-10-14 09:34:07,1.41,0.779,23,1.39,0.7679,18,1.39,0.7679,10,1.4,0.7734,41,10
IWM191018C150,2019-10-14,2019-10-14 09:34:07,1.42,0.7845,23,1.4,0.7734,145,1.4,0.7734,3,1.41,0.779,31,0
IWM191018C150,2019-10-14,2019-10-14 09:34:08,1.41,0.779,33,1.39,0.7679,132,1.39,0.7679,10,1.4,0.7734,41,0
IWM191018C150,2019-10-14,2019-10-14 09:34:08,1.41,0.779,23,1.39,0.7679,89,1.39,0.7679,10,1.4,0.7734,41,0
IWM191018C150,2019-10-14,2019-10-14 09:34:09,1.4,0.7734,23,1.38,0.7624,89,1.39,0.7679,10,1.39,0.7679,41,0
IWM191018C150,2019-10-14,2019-10-14 09:34:09,1.41,0.779,33,1.39,0.7679,20,1.39,0.7679,10,1.4,0.7734,41,0
IWM191018C150,2019-10-14,2019-10-14 09:34:10,1.4,0.7734,23,1.38,0.7624,89,1.39,0.7679,10,1.39,0.7679,51,10
IWM191018C150,2019-10-14,2019-10-14 09:34:10,1.4,0.7734,23,1.38,0.7624,235,1.39,0.7679,10,1.39,0.7679,51,0
IWM191018C150,2019-10-14,2019-10-14 09:34:11,1.41,0.779,26,1.39,0.7679,20,1.39,0.7679,10,1.4,0.7734,51,0
IWM191018C150,2019-10-14,2019-10-14 09:34:12,1.41,0.779,26,1.39,0.7679,20,1.39,0.7679,10,1.4,0.7734,51,0
IWM191018C150,2019-10-14,2019-10-14 09:34:12,1.41,0.779,26,1.39,0.7679,89,1.39,0.7679,10,1.4,0.7734,51,0
IWM191018C150,2019-10-14,2019-10-14 09:34:13,1.41,0.779,39,1.38,0.7624,93,1.39,0.7679,10,1.395,0.7707,51,0
IWM191018C150,2019-10-14,2019-10-14 09:34:13,1.41,0.779,26,1.39,0.7679,16,1.39,0.7679,10,1.4,0.7734,51,0
IWM191018C150,2019-10-14,2019-10-14 09:34:14,1.4,0.7734,23,1.38,0.7624,93,1.39,0.7679,10,1.39,0.7679,51,0
IWM191018C150,2019-10-14,2019-10-14 09:34:14,1.4,0.7734,2,1.38,0.7624,93,1.39,0.7679,10,1.39,0.7679,51,0
IWM191018C150,2019-10-14,2019-10-14 09:34:15,1.4,0.7734,97,1.37,0.7569,2,1.39,0.7679,10,1.385,0.7651,51,0
IWM191018C150,2019-10-14,2019-10-14 09:34:15,1.4,0.7734,2,1.38,0.7624,100,1.39,0.7679,10,1.39,0.7679,51,0
IWM191018C150,2019-10-14,2019-10-14 09:34:16,1.39,0.7679,24,1.36,0.7513,120,1.39,0.7679,10,1.375,0.7596,51,0
IWM191018C150,2019-10-14,2019-10-14 09:34:16,1.39,0.7679,18,1.36,0.7513,127,1.39,0.7679,10,1.375,0.7596,51,0
IWM191018C150,2019-10-14,2019-10-14 09:34:17,1.38,0.7624,2,1.36,0.7513,63,1.39,0.7679,10,1.37,0.7569,51,0
IWM191018C150,2019-10-14,2019-10-14 09:34:17,1.38,0.7624,2,1.36,0.7513,128,1.39,0.7679,10,1.37,0.7569,51,0
IWM191018C150,2019-10-14,2019-10-14 09:34:18,1.38,0.7624,10,1.36,0.7513,28,1.39,0.7679,10,1.37,0.7569,51,0
IWM191018C150,2019-10-14,2019-10-14 09:34:18,1.38,0.7624,10,1.36,0.7513,63,1.39,0.7679,10,1.37,0.7569,51,0
IWM191018C150,2019-10-14,2019-10-14 09:34:19,1.38,0.7624,10,1.36,0.7513,1,1.39,0.7679,10,1.37,0.7569,51,0
IWM191018C150,2019-10-14,2019-10-14 09:34:19,1.38,0.7624,10,1.36,0.7513,28,1.39,0.7679,10,1.37,0.7569,51,0
IWM191018C150,2019-10-14,2019-10-14 09:34:20,1.38,0.7624,10,1.35,0.7458,133,1.39,0.7679,10,1.365,0.7541,51,0
IWM191018C150,2019-10-14,2019-10-14 09:34:20,1.38,0.7624,20,1.35,0.7458,133,1.39,0.7679,10,1.365,0.7541,51,0
IWM191018C150,2019-10-14,2019-10-14 09:34:21,1.38,0.7624,10,1.36,0.7513,29,1.39,0.7679,10,1.37,0.7569,51,0
IWM191018C150,2019-10-14,2019-10-14 09:34:21,1.39,0.7679,10,1.36,0.7513,29,1.39,0.7679,10,1.375,0.7596,51,0
IWM191018C150,2019-10-14,2019-10-14 09:34:22,1.39,0.7679,64,1.36,0.7513,153,1.39,0.7679,10,1.375,0.7596,51,0
IWM191018C150,2019-10-14,2019-10-14 09:34:22,1.39,0.7679,10,1.37,0.7569,14,1.39,0.7679,10,1.38,0.7624,51,0
IWM191018C150,2019-10-14,2019-10-14 09:34:23,1.39,0.7679,159,1.36,0.7513,153,1.39,0.7679,10,1.375,0.7596,51,0
IWM191018C150,2019-10-14,2019-10-14 09:34:23,1.39,0.7679,149,1.36,0.7513,153,1.39,0.7679,10,1.375,0.7596,51,0
IWM191018C150,2019-10-14,2019-10-14 09:34:24,1.39,0.7679,185,1.36,0.7513,39,1.39,0.7679,10,1.375,0.7596,51,0
IWM191018C150,2019-10-14,2019-10-14 09:34:25,1.39,0.7679,185,1.36,0.7513,119,1.39,0.7679,10,1.375,0.7596,51,0
IWM191018C150,2019-10-14,2019-10-14 09:34:25,1.39,0.7679,185,1.36,0.7513,37,1.39,0.7679,10,1.375,0.7596,51,0
IWM191018C150,2019-10-14,2019-10-14 09:34:26,1.39,0.7679,148,1.36,0.7513,59,1.39,0.7679,10,1.375,0.7596,51,0
IWM191018C150,2019-10-14,2019-10-14 09:34:27,1.39,0.7679,170,1.36,0.7513,59,1.39,0.7679,10,1.375,0.7596,51,0
IWM191018C150,2019-10-14,2019-10-14 09:34:28,1.39,0.7679,170,1.36,0.7513,52,1.39,0.7679,10,1.375,0.7596,51,0
IWM191018C150,2019-10-14,2019-10-14 09:34:28,1.39,0.7679,170,1.36,0.7513,65,1.39,0.7679,10,1.375,0.7596,51,0
IWM191018C150,2019-10-14,2019-10-14 09:34:29,1.39,0.7679,250,1.36,0.7513,65,1.39,0.7679,10,1.375,0.7596,51,0
IWM191018C150,2019-10-14,2019-10-14 09:34:30,1.39,0.7679,158,1.36,0.7513,68,1.39,0.7679,10,1.375,0.7596,51,0
IWM191018C150,2019-10-14,2019-10-14 09:34:30,1.39,0.7679,209,1.36,0.7513,68,1.39,0.7679,10,1.375,0.7596,51,0
IWM191018C150,2019-10-14,2019-10-14 09:34:31,1.4,0.7734,24,1.37,0.7569,312,1.39,0.7679,10,1.385,0.7651,51,0
IWM191018C150,2019-10-14,2019-10-14 09:34:31,1.39,0.7679,209,1.36,0.7513,68,1.39,0.7679,10,1.375,0.7596,51,0
IWM191018C150,2019-10-14,2019-10-14 09:34:32,1.4,0.7734,24,1.37,0.7569,350,1.39,0.7679,10,1.385,0.7651,51,0
IWM191018C150,2019-10-14,2019-10-14 09:34:32,1.41,0.779,220,1.38,0.7624,31,1.39,0.7679,10,1.395,0.7707,51,0
IWM191018C150,2019-10-14,2019-10-14 09:34:33,1.41,0.779,211,1.39,0.7679,11,1.39,0.7679,10,1.4,0.7734,51,0
IWM191018C150,2019-10-14,2019-10-14 09:34:33,1.41,0.779,124,1.39,0.7679,11,1.39,0.7679,10,1.4,0.7734,51,0
IWM191018C150,2019-10-14,2019-10-14 09:34:34,1.41,0.779,8,1.38,0.7624,111,1.39,0.7679,10,1.395,0.7707,51,0
IWM191018C150,2019-10-14,2019-10-14 09:34:34,1.42,0.7845,207,1.39,0.7679,68,1.39,0.7679,10,1.405,0.7762,51,0
IWM191018C150,2019-10-14,2019-10-14 09:34:35,1.42,0.7845,159,1.39,0.7679,68,1.39,0.7679,10,1.405,0.7762,51,0
IWM191018C150,2019-10-14,2019-10-14 09:34:36,1.42,0.7845,159,1.39,0.7679,149,1.39,0.7679,10,1.405,0.7762,51,0
IWM191018C150,2019-10-14,2019-10-14 09:34:37,1.41,0.779,8,1.39,0.7679,34,1.39,0.7679,10,1.4,0.7734,51,0
IWM191018C150,2019-10-14,2019-10-14 09:34:38,1.41,0.779,8,1.39,0.7679,117,1.39,0.7679,10,1.4,0.7734,51,0
IWM191018C150,2019-10-14,2019-10-14 09:34:38,1.41,0.779,8,1.39,0.7679,39,1.39,0.7679,10,1.4,0.7734,51,0
IWM191018C150,2019-10-14,2019-10-14 09:34:39,1.42,0.7845,150,1.39,0.7679,143,1.39,0.7679,10,1.405,0.7762,51,0
IWM191018C150,2019-10-14,2019-10-14 09:34:39,1.42,0.7845,150,1.39,0.7679,34,1.39,0.7679,10,1.405,0.7762,51,0
IWM191018C150,2019-10-14,2019-10-14 09:34:40,1.41,0.779,10,1.39,0.7679,34,1.39,0.7679,10,1.4,0.7734,51,0
IWM191018C150,2019-10-14,2019-10-14 09:34:40,1.41,0.779,195,1.38,0.7624,72,1.39,0.7679,10,1.395,0.7707,51,0
IWM191018C150,2019-10-14,2019-10-14 09:34:41,1.41,0.779,220,1.38,0.7624,72,1.39,0.7679,10,1.395,0.7707,51,0
IWM191018C150,2019-10-14,2019-10-14 09:34:41,1.41,0.779,147,1.38,0.7624,207,1.39,0.7679,10,1.395,0.7707,51,0
IWM191018C150,2019-10-14,2019-10-14 09:34:42,1.4,0.7734,75,1.38,0.7624,207,1.39,0.7679,10,1.39,0.7679,51,0
IWM191018C150,2019-10-14,2019-10-14 09:34:42,1.4,0.7734,75,1.37,0.7569,295,1.39,0.7679,10,1.385,0.7651,51,0
IWM191018C150,2019-10-14,2019-10-14 09:34:43,1.4,0.7734,168,1.37,0.7569,301,1.39,0.7679,10,1.385,0.7651,51,0
IWM191018C150,2019-10-14,2019-10-14 09:34:43,1.4,0.7734,108,1.38,0.7624,20,1.39,0.7679,10,1.39,0.7679,51,0
IWM191018C150,2019-10-14,2019-10-14 09:34:44,1.4,0.7734,154,1.37,0.7569,32,1.39,0.7679,10,1.385,0.7651,51,0
IWM191018C150,2019-10-14,2019-10-14 09:34:45,1.4,0.7734,211,1.37,0.7569,32,1.39,0.7679,10,1.385,0.7651,51,0
IWM191018C150,2019-10-14,2019-10-14 09:34:45,1.4,0.7734,235,1.37,0.7569,69,1.39,0.7679,10,1.385,0.7651,51,0
IWM191018C150,2019-10-14,2019-10-14 09:34:46,1.39,0.7679,105,1.37,0.7569,10,1.39,0.7679,10,1.38,0.7624,51,0
IWM191018C150,2019-10-14,2019-10-14 09:34:46,1.39,0.7679,122,1.37,0.7569,18,1.39,0.7679,10,1.38,0.7624,51,0
IWM191018C150,2019-10-14,2019-10-14 09:34:47,1.38,0.7624,10,1.36,0.7513,24,1.39,0.7679,10,1.37,0.7569,51,0
IWM191018C150,2019-10-14,2019-10-14 09:34:47,1.39,0.7679,147,1.36,0.7513,24,1.39,0.7679,10,1.375,0.7596,51,0
IWM191018C150,2019-10-14,2019-10-14 09:34:48,1.39,0.7679,10,1.38,0.7624,4,1.39,0.7679,10,1.385,0.7651,51,0
IWM191018C150,2019-10-14,2019-10-14 09:34:48,1.39,0.7679,10,1.37,0.7569,24,1.39,0.7679,10,1.38,0.7624,51,0
IWM191018C150,2019-10-14,2019-10-14 09:34:49,1.39,0.7679,10,1.38,0.7624,4,1.39,0.7679,10,1.385,0.7651,51,0
IWM191018C150,2019-10-14,2019-10-14 09:34:49,1.4,0.7734,120,1.38,0.7624,4,1.39,0.7679,10,1.39,0.7679,51,0
IWM191018C150,2019-10-14,2019-10-14 09:34:50,1.4,0.7734,65,1.38,0.7624,4,1.39,0.7679,10,1.39,0.7679,51,0
IWM191018C150,2019-10-14,2019-10-14 09:34:50,1.41,0.779,94,1.39,0.7679,4,1.39,0.7679,10,1.4,0.7734,51,0
IWM191018C150,2019-10-14,2019-10-14 09:34:51,1.41,0.779,126,1.39,0.7679,4,1.39,0.7679,10,1.4,0.7734,51,0
IWM191018C150,2019-10-14,2019-10-14 09:34:51,1.41,0.779,96,1.39,0.7679,4,1.39,0.7679,10,1.4,0.7734,51,0
IWM191018C150,2019-10-14,2019-10-14 09:34:52,1.41,0.779,4,1.39,0.7679,32,1.39,0.7679,10,1.4,0.7734,51,0
IWM191018C150,2019-10-14,2019-10-14 09:34:52,1.41,0.779,126,1.39,0.7679,20,1.39,0.7679,10,1.4,0.7734,51,0
IWM191018C150,2019-10-14,2019-10-14 09:34:53,1.41,0.779,111,1.38,0.7624,48,1.39,0.7679,10,1.395,0.7707,51,0
IWM191018C150,2019-10-14,2019-10-14 09:34:53,1.41,0.779,225,1.39,0.7679,12,1.39,0.7679,10,1.4,0.7734,51,0
IWM191018C150,2019-10-14,2019-10-14 09:34:54,1.41,0.779,274,1.39,0.7679,12,1.39,0.7679,10,1.4,0.7734,51,0
IWM191018C150,2019-10-14,2019-10-14 09:34:55,1.41,0.779,274,1.39,0.7679,12,1.39,0.7679,10,1.4,0.7734,51,0
IWM191018C150,2019-10-14,2019-10-14 09:34:55,1.41,0.779,217,1.39,0.7679,12,1.39,0.7679,10,1.4,0.7734,51,0
IWM191018C150,2019-10-14,2019-10-14 09:34:56,1.41,0.779,217,1.39,0.7679,12,1.39,0.7679,10,1.4,0.7734,51,0
IWM191018C150,2019-10-14,2019-10-14 09:34:57,1.41,0.779,266,1.39,0.7679,12,1.39,0.7679,10,1.4,0.7734,51,0
IWM191018C150,2019-10-14,2019-10-14 09:34:57,1.41,0.779,296,1.39,0.7679,12,1.39,0.7679,10,1.4,0.7734,51,0
IWM191018C150,2019-10-14,2019-10-14 09:34:58,1.4,0.7734,106,1.38,0.7624,51,1.4,0.7734,1,1.39,0.7679,52,1
IWM191018C150,2019-10-14,2019-10-14 09:34:58,1.41,0.779,306,1.38,0.7624,71,1.39,0.7679,10,1.395,0.7707,51,0
IWM191018C150,2019-10-14,2019-10-14 09:34:59,1.4,0.7734,106,1.38,0.7624,69,1.4,0.7734,1,1.39,0.7679,52,0
IWM191018C150,2019-10-14,2019-10-14 09:35:00,1.4,0.7734,106,1.38,0.7624,69,1.4,0.7734,1,1.39,0.7679,52,0
IWM191018C150,2019-10-14,2019-10-14 09:35:00,1.4,0.7734,10,1.38,0.7624,69,1.4,0.7734,1,1.39,0.7679,52,0
IWM191018C150,2019-10-14,2019-10-14 09:35:01,1.42,0.7845,91,1.4,0.7734,4,1.4,0.7734,1,1.41,0.779,52,0
IWM191018C150,2019-10-14,2019-10-14 09:35:01,1.42,0.7845,92,1.4,0.7734,4,1.4,0.7734,1,1.41,0.779,52,0
IWM191018C150,2019-10-14,2019-10-14 09:35:02,1.43,0.79,150,1.4,0.7734,68,1.4,0.7734,1,1.415,0.7817,52,0
IWM191018C150,2019-10-14,2019-10-14 09:35:02,1.43,0.79,85,1.4,0.7734,61,1.4,0.7734,1,1.415,0.7817,52,0
IWM191018C150,2019-10-14,2019-10-14 09:35:03,1.43,0.79,234,1.4,0.7734,72,1.4,0.7734,1,1.415,0.7817,52,0
IWM191018C150,2019-10-14,2019-10-14 09:35:03,1.43,0.79,85,1.41,0.779,8,1.4,0.7734,1,1.42,0.7845,52,0
IWM191018C150,2019-10-14,2019-10-14 09:35:04,1.43,0.79,55,1.41,0.779,72,1.4,0.7734,1,1.42,0.7845,52,0
IWM191018C150,2019-10-14,2019-10-14 09:35:05,1.43,0.79,140,1.41,0.779,52,1.4,0.7734,1,1.42,0.7845,52,0
IWM191018C150,2019-10-14,2019-10-14 09:35:05,1.43,0.79,48,1.41,0.779,52,1.4,0.7734,1,1.42,0.7845,52,0
IWM191018C150,2019-10-14,2019-10-14 09:35:06,1.43,0.79,245,1.4,0.7734,46,1.4,0.7734,1,1.415,0.7817,52,0
IWM191018C150,2019-10-14,2019-10-14 09:35:06,1.43,0.79,184,1.4,0.7734,66,1.4,0.7734,1,1.415,0.7817,52,0
IWM191018C150,2019-10-14,2019-10-14 09:35:07,1.42,0.7845,93,1.4,0.7734,43,1.4,0.7734,1,1.41,0.779,52,0
IWM191018C150,2019-10-14,2019-10-14 09:35:07,1.42,0.7845,278,1.4,0.7734,43,1.4,0.7734,1,1.41,0.779,52,0
IWM191018C150,2019-10-14,2019-10-14 09:35:08,1.41,0.779,118,1.38,0.7624,45,1.4,0.7734,1,1.395,0.7707,52,0
IWM191018C150,2019-10-14,2019-10-14 09:35:08,1.42,0.7845,345,1.38,0.7624,93,1.4,0.7734,1,1.4,0.7734,52,0
IWM191018C150,2019-10-14,2019-10-14 09:35:09,1.4,0.7734,97,1.38,0.7624,24,1.4,0.7734,1,1.39,0.7679,52,0
IWM191018C150,2019-10-14,2019-10-14 09:35:09,1.4,0.7734,72,1.38,0.7624,24,1.4,0.7734,1,1.39,0.7679,52,0
IWM191018C150,2019-10-14,2019-10-14 09:35:10,1.4,0.7734,225,1.38,0.7624,10,1.4,0.7734,1,1.39,0.7679,52,0
IWM191018C150,2019-10-14,2019-10-14 09:35:10,1.4,0.7734,117,1.38,0.7624,19,1.4,0.7734,1,1.39,0.7679,52,0
IWM191018C150,2019-10-14,2019-10-14 09:35:11,1.39,0.7679,85,1.37,0.7569,37,1.4,0.7734,1,1.38,0.7624,52,0
IWM191018C150,2019-10-14,2019-10-14 09:35:11,1.39,0.7679,94,1.37,0.7569,15,1.4,0.7734,1,1.38,0.7624,52,0
IWM191018C150,2019-10-14,2019-10-14 09:35:12,1.39,0.7679,22,1.37,0.7569,37,1.4,0.7734,1,1.38,0.7624,52,0
IWM191018C150,2019-10-14,2019-10-14 09:35:12,1.39,0.7679,72,1.37,0.7569,37,1.4,0.7734,1,1.38,0.7624,52,0
IWM191018C150,2019-10-14,2019-10-14 09:35:13,1.39,0.7679,72,1.37,0.7569,37,1.4,0.7734,1,1.38,0.7624,52,0
IWM191018C150,2019-10-14,2019-10-14 09:35:13,1.39,0.7679,165,1.37,0.7569,17,1.4,0.7734,1,1.38,0.7624,52,0
IWM191018C150,2019-10-14,2019-10-14 09:35:14,1.4,0.7734,130,1.38,0.7624,2,1.4,0.7734,1,1.39,0.7679,52,0
IWM191018C150,2019-10-14,2019-10-14 09:35:14,1.4,0.7734,141,1.38,0.7624,20,1.4,0.7734,1,1.39,0.7679,52,0
IWM191018C150,2019-10-14,2019-10-14 09:35:15,1.4,0.7734,70,1.38,0.7624,23,1.4,0.7734,1,1.39,0.7679,52,0
IWM191018C150,2019-10-14,2019-10-14 09:35:16,1.4,0.7734,42,1.38,0.7624,23,1.4,0.7734,1,1.39,0.7679,52,0
IWM191018C150,2019-10-14,2019-10-14 09:35:16,1.4,0.7734,44,1.39,0.7679,3,1.4,0.7734,1,1.395,0.7707,52,0
IWM191018C150,2019-10-14,2019-10-14 09:35:17,1.4,0.7734,74,1.38,0.7624,72,1.4,0.7734,1,1.39,0.7679,52,0
IWM191018C150,2019-10-14,2019-10-14 09:35:17,1.4,0.7734,74,1.38,0.7624,70,1.4,0.7734,1,1.39,0.7679,52,0
IWM191018C150,2019-10-14,2019-10-14 09:35:18,1.4,0.7734,171,1.38,0.7624,8,1.4,0.7734,1,1.39,0.7679,52,0
IWM191018C150,2019-10-14,2019-10-14 09:35:18,1.4,0.7734,171,1.38,0.7624,14,1.4,0.7734,1,1.39,0.7679,52,0
IWM191018C150,2019-10-14,2019-10-14 09:35:19,1.4,0.7734,171,1.38,0.7624,14,1.4,0.7734,1,1.39,0.7679,52,0
IWM191018C150,2019-10-14,2019-10-14 09:35:19,1.4,0.7734,171,1.38,0.7624,20,1.4,0.7734,1,1.39,0.7679,52,0
IWM191018C150,2019-10-14,2019-10-14 09:35:20,1.39,0.7679,178,1.37,0.7569,46,1.4,0.7734,1,1.38,0.7624,52,0
IWM191018C150,2019-10-14,2019-10-14 09:35:20,1.39,0.7679,135,1.37,0.7569,46,1.4,0.7734,1,1.38,0.7624,52,0
IWM191018C150,2019-10-14,2019-10-14 09:35:21,1.39,0.7679,11,1.37,0.7569,46,1.4,0.7734,1,1.38,0.7624,52,0
IWM191018C150,2019-10-14,2019-10-14 09:35:21,1.39,0.7679,80,1.37,0.7569,46,1.4,0.7734,1,1.38,0.7624,52,0
IWM191018C150,2019-10-14,2019-10-14 09:35:22,1.4,0.7734,275,1.38,0.7624,7,1.4,0.7734,1,1.39,0.7679,52,0
IWM191018C150,2019-10-14,2019-10-14 09:35:22,1.4,0.7734,312,1.37,0.7569,46,1.4,0.7734,1,1.385,0.7651,52,0
IWM191018C150,2019-10-14,2019-10-14 09:35:23,1.4,0.7734,275,1.38,0.7624,2,1.4,0.7734,1,1.39,0.7679,52,0
IWM191018C150,2019-10-14,2019-10-14 09:35:23,1.4,0.7734,265,1.38,0.7624,2,1.4,0.7734,1,1.39,0.7679,52,0
IWM191018C150,2019-10-14,2019-10-14 09:35:24,1.39,0.7679,75,1.38,0.7624,7,1.4,0.7734,1,1.385,0.7651,52,0
IWM191018C150,2019-10-14,2019-10-14 09:35:24,1.39,0.7679,10,1.37,0.7569,72,1.4,0.7734,1,1.38,0.7624,52,0
IWM191018C150,2019-10-14,2019-10-14 09:35:25,1.39,0.7679,10,1.38,0.7624,14,1.4,0.7734,1,1.385,0.7651,52,0
IWM191018C150,2019-10-14,2019-10-14 09:35:25,1.39,0.7679,80,1.37,0.7569,72,1.4,0.7734,1,1.38,0.7624,52,0
IWM191018C150,2019-10-14,2019-10-14 09:35:26,1.4,0.7734,103,1.38,0.7624,72,1.4,0.7734,1,1.39,0.7679,52,0
IWM191018C150,2019-10-14,2019-10-14 09:35:26,1.4,0.7734,207,1.38,0.7624,40,1.4,0.7734,1,1.39,0.7679,52,0
IWM191018C150,2019-10-14,2019-10-14 09:35:27,1.4,0.7734,207,1.38,0.7624,40,1.4,0.7734,1,1.39,0.7679,52,0
IWM191018C150,2019-10-14,2019-10-14 09:35:27,1.4,0.7734,309,1.37,0.7569,72,1.4,0.7734,1,1.385,0.7651,52,0
IWM191018C150,2019-10-14,2019-10-14 09:35:28,1.39,0.7679,75,1.37,0.7569,72,1.4,0.7734,1,1.38,0.7624,52,0
IWM191018C150,2019-10-14,2019-10-14 09:35:28,1.4,0.7734,329,1.37,0.7569,77,1.4,0.7734,1,1.385,0.7651,52,0
IWM191018C150,2019-10-14,2019-10-14 09:35:29,1.4,0.7734,269,1.38,0.7624,33,1.4,0.7734,1,1.39,0.7679,52,0
IWM191018C150,2019-10-14,2019-10-14 09:35:29,1.4,0.7734,245,1.37,0.7569,66,1.4,0.7734,1,1.385,0.7651,52,0
IWM191018C150,2019-10-14,2019-10-14 09:35:30,1.4,0.7734,245,1.37,0.7569,66,1.4,0.7734,1,1.385,0.7651,52,0
IWM191018C150,2019-10-14,2019-10-14 09:35:31,1.41,0.779,267,1.38,0.7624,61,1.4,0.7734,1,1.395,0.7707,52,0
IWM191018C150,2019-10-14,2019-10-14 09:35:31,1.41,0.779,202,1.38,0.7624,61,1.4,0.7734,1,1.395,0.7707,52,0
IWM191018C150,2019-10-14,2019-10-14 09:35:32,1.4,0.7734,75,1.38,0.7624,61,1.4,0.7734,1,1.39,0.7679,52,0
IWM191018C150,2019-10-14,2019-10-14 09:35:33,1.4,0.7734,108,1.38,0.7624,61,1.4,0.7734,1,1.39,0.7679,52,0
IWM191018C150,2019-10-14,2019-10-14 09:35:33,1.4,0.7734,133,1.38,0.7624,41,1.4,0.7734,1,1.39,0.7679,52,0
IWM191018C150,2019-10-14,2019-10-14 09:35:34,1.39,0.7679,80,1.37,0.7569,73,1.4,0.7734,1,1.38,0.7624,52,0
IWM191018C150,2019-10-14,2019-10-14 09:35:34,1.4,0.7734,133,1.37,0.7569,73,1.4,0.7734,1,1.385,0.7651,52,0
IWM191018C150,2019-10-14,2019-10-14 09:35:35,1.4,0.7734,116,1.38,0.7624,73,1.4,0.7734,1,1.39,0.7679,52,0
IWM191018C150,2019-10-14,2019-10-14 09:35:36,1.4,0.7734,79,1.38,0.7624,94,1.4,0.7734,1,1.39,0.7679,52,0
IWM191018C150,2019-10-14,2019-10-14 09:35:36,1.41,0.779,251,1.38,0.7624,73,1.4,0.7734,1,1.395,0.7707,52,0
IWM191018C150,2019-10-14,2019-10-14 09:35:37,1.4,0.7734,23,1.38,0.7624,94,1.4,0.7734,1,1.39,0.7679,52,0
IWM191018C150,2019-10-14,2019-10-14 09:35:37,1.4,0.7734,94,1.38,0.7624,73,1.4,0.7734,1,1.39,0.7679,52,0
IWM191018C150,2019-10-14,2019-10-14 09:35:38,1.4,0.7734,84,1.38,0.7624,72,1.4,0.7734,1,1.39,0.7679,52,0
IWM191018C150,2019-10-14,2019-10-14 09:35:38,1.4,0.7734,84,1.38,0.7624,94,1.4,0.7734,1,1.39,0.7679,52,0
IWM191018C150,2019-10-14,2019-10-14 09:35:39,1.4,0.7734,108,1.38,0.7624,72,1.4,0.7734,1,1.39,0.7679,52,0
IWM191018C150,2019-10-14,2019-10-14 09:35:40,1.4,0.7734,108,1.38,0.7624,72,1.4,0.7734,1,1.39,0.7679,52,0
IWM191018C150,2019-10-14,2019-10-14 09:35:40,1.41,0.779,152,1.38,0.7624,72,1.4,0.7734,1,1.395,0.7707,52,0
IWM191018C150,2019-10-14,2019-10-14 09:35:41,1.4,0.7734,20,1.38,0.7624,72,1.4,0.7734,1,1.39,0.7679,52,0
IWM191018C150,2019-10-14,2019-10-14 09:35:41,1.4,0.7734,140,1.38,0.7624,52,1.4,0.7734,1,1.39,0.7679,52,0
IWM191018C150,2019-10-14,2019-10-14 09:35:42,1.4,0.7734,10,1.38,0.7624,53,1.4,0.7734,3,1.39,0.7679,55,3
IWM191018C150,2019-10-14,2019-10-14 09:35:42,1.41,0.779,326,1.38,0.7624,105,1.4,0.7734,1,1.395,0.7707,52,0
IWM191018C150,2019-10-14,2019-10-14 09:35:43,1.39,0.7679,95,1.37,0.7569,80,1.4,0.7734,3,1.38,0.7624,55,0
IWM191018C150,2019-10-14,2019-10-14 09:35:43,1.39,0.7679,95,1.37,0.7569,73,1.4,0.7734,3,1.38,0.7624,55,0
IWM191018C150,2019-10-14,2019-10-14 09:35:44,1.39,0.7679,107,1.37,0.7569,53,1.4,0.7734,3,1.38,0.7624,55,0
IWM191018C150,2019-10-14,2019-10-14 09:35:44,1.39,0.7679,152,1.37,0.7569,53,1.4,0.7734,3,1.38,0.7624,55,0
IWM191018C150,2019-10-14,2019-10-14 09:35:45,1.39,0.7679,253,1.37,0.7569,48,1.4,0.7734,3,1.38,0.7624,55,0
IWM191018C150,2019-10-14,2019-10-14 09:35:46,1.38,0.7624,141,1.36,0.7513,9,1.4,0.7734,3,1.37,0.7569,55,0
IWM191018C150,2019-10-14,2019-10-14 09:35:46,1.39,0.7679,253,1.37,0.7569,48,1.4,0.7734,3,1.38,0.7624,55,0
IWM191018C150,2019-10-14,2019-10-14 09:35:47,1.38,0.7624,103,1.36,0.7513,33,1.4,0.7734,3,1.37,0.7569,55,0
IWM191018C150,2019-10-14,2019-10-14 09:35:47,1.38,0.7624,151,1.36,0.7513,33,1.4,0.7734,3,1.37,0.7569,55,0
IWM191018C150,2019-10-14,2019-10-14 09:35:48,1.38,0.7624,232,1.36,0.7513,3,1.4,0.7734,3,1.37,0.7569,55,0
IWM191018C150,2019-10-14,2019-10-14 09:35:48,1.38,0.7624,257,1.36,0.7513,3,1.4,0.7734,3,1.37,0.7569,55,0
IWM191018C150,2019-10-14,2019-10-14 09:35:49,1.37,0.7569,114,1.35,0.7458,53,1.4,0.7734,3,1.36,0.7513,55,0
IWM191018C150,2019-10-14,2019-10-14 09:35:50,1.37,0.7569,17,1.35,0.7458,138,1.4,0.7734,3,1.36,0.7513,55,0
IWM191018C150,2019-10-14,2019-10-14 09:35:51,1.37,0.7569,122,1.35,0.7458,74,1.4,0.7734,3,1.36,0.7513,55,0
IWM191018C150,2019-10-14,2019-10-14 09:35:51,1.36,0.7513,8,1.35,0.7458,6,1.4,0.7734,3,1.355,0.7486,55,0
IWM191018C150,2019-10-14,2019-10-14 09:35:52,1.37,0.7569,147,1.35,0.7458,26,1.4,0.7734,3,1.36,0.7513,55,0
IWM191018C150,2019-10-14,2019-10-14 09:35:52,1.37,0.7569,193,1.35,0.7458,26,1.4,0.7734,3,1.36,0.7513,55,0
IWM191018C150,2019-10-14,2019-10-14 09:35:53,1.36,0.7513,148,1.34,0.7403,38,1.4,0.7734,3,1.35,0.7458,55,0
IWM191018C150,2019-10-14,2019-10-14 09:35:53,1.36,0.7513,173,1.34,0.7403,27,1.4,0.7734,3,1.35,0.7458,55,0
IWM191018C150,2019-10-14,2019-10-14 09:35:54,1.36,0.7513,173,1.34,0.7403,38,1.4,0.7734,3,1.35,0.7458,55,0
IWM191018C150,2019-10-14,2019-10-14 09:35:54,1.36,0.7513,173,1.34,0.7403,27,1.4,0.7734,3,1.35,0.7458,55,0
IWM191018C150,2019-10-14,2019-10-14 09:35:55,1.36,0.7513,173,1.33,0.7348,74,1.4,0.7734,3,1.345,0.743,55,0
IWM191018C150,2019-10-14,2019-10-14 09:35:55,1.35,0.7458,74,1.33,0.7348,94,1.4,0.7734,3,1.34,0.7403,55,0
IWM191018C150,2019-10-14,2019-10-14 09:35:56,1.36,0.7513,85,1.33,0.7348,93,1.4,0.7734,3,1.345,0.743,55,0
IWM191018C150,2019-10-14,2019-10-14 09:35:56,1.36,0.7513,10,1.33,0.7348,299,1.4,0.7734,3,1.345,0.743,55,0
IWM191018C150,2019-10-14,2019-10-14 09:35:57,1.36,0.7513,148,1.34,0.7403,73,1.4,0.7734,3,1.35,0.7458,55,0
IWM191018C150,2019-10-14,2019-10-14 09:35:58,1.36,0.7513,91,1.34,0.7403,53,1.4,0.7734,3,1.35,0.7458,55,0
IWM191018C150,2019-10-14,2019-10-14 09:35:59,1.36,0.7513,77,1.34,0.7403,51,1.4,0.7734,3,1.35,0.7458,55,0
IWM191018C150,2019-10-14,2019-10-14 09:35:59,1.37,0.7569,281,1.34,0.7403,73,1.4,0.7734,3,1.355,0.7486,55,0
IWM191018C150,2019-10-14,2019-10-14 09:36:00,1.36,0.7513,128,1.34,0.7403,41,1.4,0.7734,3,1.35,0.7458,55,0
IWM191018C150,2019-10-14,2019-10-14 09:36:00,1.36,0.7513,30,1.35,0.7458,10,1.4,0.7734,3,1.355,0.7486,55,0
IWM191018C150,2019-10-14,2019-10-14 09:36:01,1.38,0.7624,45,1.36,0.7513,53,1.4,0.7734,3,1.37,0.7569,55,0
IWM191018C150,2019-10-14,2019-10-14 09:36:01,1.37,0.7569,10,1.35,0.7458,174,1.4,0.7734,3,1.36,0.7513,55,0
IWM191018C150,2019-10-14,2019-10-14 09:36:02,1.4,0.7734,138,1.37,0.7569,32,1.4,0.7734,3,1.385,0.7651,55,0
IWM191018C150,2019-10-14,2019-10-14 09:36:03,1.38,0.7624,40,1.36,0.7513,3,1.4,0.7734,3,1.37,0.7569,55,0
IWM191018C150,2019-10-14,2019-10-14 09:36:03,1.39,0.7679,193,1.36,0.7513,80,1.4,0.7734,3,1.375,0.7596,55,0
IWM191018C150,2019-10-14,2019-10-14 09:36:04,1.38,0.7624,115,1.36,0.7513,3,1.4,0.7734,3,1.37,0.7569,55,0
IWM191018C150,2019-10-14,2019-10-14 09:36:04,1.38,0.7624,140,1.36,0.7513,3,1.4,0.7734,3,1.37,0.7569,55,0
IWM191018C150,2019-10-14,2019-10-14 09:36:05,1.36,0.7513,73,1.34,0.7403,5,1.4,0.7734,3,1.35,0.7458,55,0
IWM191018C150,2019-10-14,2019-10-14 09:36:05,1.37,0.7569,73,1.35,0.7458,9,1.4,0.7734,3,1.36,0.7513,55,0
IWM191018C150,2019-10-14,2019-10-14 09:36:06,1.36,0.7513,349,1.33,0.7348,20,1.4,0.7734,3,1.345,0.743,55,0
IWM191018C150,2019-10-14,2019-10-14 09:36:06,1.36,0.7513,193,1.33,0.7348,23,1.4,0.7734,3,1.345,0.743,55,0
IWM191018C150,2019-10-14,2019-10-14 09:36:07,1.34,0.7403,70,1.32,0.7292,22,1.4,0.7734,3,1.33,0.7348,55,0
IWM191018C150,2019-10-14,2019-10-14 09:36:07,1.35,0.7458,121,1.33,0.7348,3,1.4,0.7734,3,1.34,0.7403,55,0
IWM191018C150,2019-10-14,2019-10-14 09:36:08,1.34,0.7403,73,1.32,0.7292,22,1.4,0.7734,3,1.33,0.7348,55,0
IWM191018C150,2019-10-14,2019-10-14 09:36:08,1.34,0.7403,51,1.32,0.7292,22,1.4,0.7734,3,1.33,0.7348,55,0
IWM191018C150,2019-10-14,2019-10-14 09:36:09,1.34,0.7403,57,1.32,0.7292,22,1.4,0.7734,3,1.33,0.7348,55,0
IWM191018C150,2019-10-14,2019-10-14 09:36:09,1.34,0.7403,228,1.32,0.7292,14,1.4,0.7734,3,1.33,0.7348,55,0
IWM191018C150,2019-10-14,2019-10-14 09:36:10,1.34,0.7403,197,1.32,0.7292,14,1.4,0.7734,3,1.33,0.7348,55,0
IWM191018C150,2019-10-14,2019-10-14 09:36:11,1.34,0.7403,106,1.32,0.7292,35,1.4,0.7734,3,1.33,0.7348,55,0
IWM191018C150,2019-10-14,2019-10-14 09:36:11,1.34,0.7403,161,1.32,0.7292,14,1.4,0.7734,3,1.33,0.7348,55,0
IWM191018C150,2019-10-14,2019-10-14 09:36:12,1.34,0.7403,15,1.32,0.7292,95,1.4,0.7734,3,1.33,0.7348,55,0
IWM191018C150,2019-10-14,2019-10-14 09:36:12,1.34,0.7403,15,1.32,0.7292,35,1.4,0.7734,3,1.33,0.7348,55,0
IWM191018C150,2019-10-14,2019-10-14 09:36:13,1.34,0.7403,10,1.32,0.7292,133,1.4,0.7734,3,1.33,0.7348,55,0
IWM191018C150,2019-10-14,2019-10-14 09:36:13,1.35,0.7458,130,1.32,0.7292,133,1.4,0.7734,3,1.335,0.7375,55,0
IWM191018C150,2019-10-14,2019-10-14 09:36:14,1.36,0.7513,146,1.34,0.7403,12,1.4,0.7734,3,1.35,0.7458,55,0
IWM191018C150,2019-10-14,2019-10-14 09:36:14,1.36,0.7513,121,1.34,0.7403,12,1.4,0.7734,3,1.35,0.7458,55,0
IWM191018C150,2019-10-14,2019-10-14 09:36:15,1.35,0.7458,12,1.33,0.7348,74,1.4,0.7734,3,1.34,0.7403,55,0
IWM191018C150,2019-10-14,2019-10-14 09:36:15,1.36,0.7513,136,1.33,0.7348,74,1.4,0.7734,3,1.345,0.743,55,0
IWM191018C150,2019-10-14,2019-10-14 09:36:16,1.35,0.7458,169,1.33,0.7348,18,1.4,0.7734,3,1.34,0.7403,55,0
IWM191018C150,2019-10-14,2019-10-14 09:36:16,1.35,0.7458,207,1.32,0.7292,67,1.4,0.7734,3,1.335,0.7375,55,0
IWM191018C150,2019-10-14,2019-10-14 09:36:17,1.35,0.7458,207,1.33,0.7348,47,1.4,0.7734,3,1.34,0.7403,55,0
IWM191018C150,2019-10-14,2019-10-14 09:36:17,1.34,0.7403,6,1.32,0.7292,58,1.4,0.7734,3,1.33,0.7348,55,0
IWM191018C150,2019-10-14,2019-10-14 09:36:18,1.34,0.7403,4,1.32,0.7292,36,1.4,0.7734,3,1.33,0.7348,55,0
IWM191018C150,2019-10-14,2019-10-14 09:36:18,1.34,0.7403,32,1.32,0.7292,74,1.4,0.7734,3,1.33,0.7348,55,0
IWM191018C150,2019-10-14,2019-10-14 09:36:19,1.33,0.7348,164,1.3,0.7182,110,1.4,0.7734,3,1.315,0.7265,55,0
IWM191018C150,2019-10-14,2019-10-14 09:36:19,1.34,0.7403,101,1.32,0.7292,12,1.4,0.7734,3,1.33,0.7348,55,0
IWM191018C150,2019-10-14,2019-10-14 09:36:20,1.32,0.7292,2,1.3,0.7182,60,1.4,0.7734,3,1.31,0.7237,55,0
IWM191018C150,2019-10-14,2019-10-14 09:36:20,1.33,0.7348,224,1.3,0.7182,44,1.4,0.7734,3,1.315,0.7265,55,0
IWM191018C150,2019-10-14,2019-10-14 09:36:21,1.32,0.7292,1,1.3,0.7182,38,1.4,0.7734,3,1.31,0.7237,55,0
IWM191018C150,2019-10-14,2019-10-14 09:36:21,1.33,0.7348,100,1.31,0.7237,24,1.4,0.7734,3,1.32,0.7292,55,0
IWM191018C150,2019-10-14,2019-10-14 09:36:22,1.32,0.7292,120,1.3,0.7182,48,1.4,0.7734,3,1.31,0.7237,55,0
IWM191018C150,2019-10-14,2019-10-14 09:36:22,1.32,0.7292,10,1.3,0.7182,48,1.4,0.7734,3,1.31,0.7237,55,0
IWM191018C150,2019-10-14,2019-10-14 09:36:23,1.32,0.7292,198,1.29,0.7127,89,1.4,0.7734,3,1.305,0.7209,55,0
IWM191018C150,2019-10-14,2019-10-14 09:36:23,1.32,0.7292,254,1.29,0.7127,89,1.4,0.7734,3,1.305,0.7209,55,0
IWM191018C150,2019-10-14,2019-10-14 09:36:24,1.31,0.7237,85,1.29,0.7127,48,1.4,0.7734,3,1.3,0.7182,55,0
IWM191018C150,2019-10-14,2019-10-14 09:36:24,1.31,0.7237,75,1.29,0.7127,89,1.4,0.7734,3,1.3,0.7182,55,0
IWM191018C150,2019-10-14,2019-10-14 09:36:25,1.31,0.7237,127,1.29,0.7127,127,1.4,0.7734,3,1.3,0.7182,55,0
IWM191018C150,2019-10-14,2019-10-14 09:36:25,1.32,0.7292,105,1.3,0.7182,74,1.4,0.7734,3,1.31,0.7237,55,0
IWM191018C150,2019-10-14,2019-10-14 09:36:26,1.32,0.7292,105,1.3,0.7182,74,1.4,0.7734,3,1.31,0.7237,55,0
IWM191018C150,2019-10-14,2019-10-14 09:36:27,1.32,0.7292,88,1.3,0.7182,84,1.4,0.7734,3,1.31,0.7237,55,0
IWM191018C150,2019-10-14,2019-10-14 09:36:27,1.31,0.7237,85,1.29,0.7127,60,1.4,0.7734,3,1.3,0.7182,55,0
IWM191018C150,2019-10-14,2019-10-14 09:36:28,1.31,0.7237,95,1.29,0.7127,38,1.4,0.7734,3,1.3,0.7182,55,0
IWM191018C150,2019-10-14,2019-10-14 09:36:28,1.31,0.7237,205,1.29,0.7127,38,1.4,0.7734,3,1.3,0.7182,55,0
IWM191018C150,2019-10-14,2019-10-14 09:36:29,1.31,0.7237,205,1.29,0.7127,38,1.4,0.7734,3,1.3,0.7182,55,0
IWM191018C150,2019-10-14,2019-10-14 09:36:30,1.32,0.7292,221,1.29,0.7127,116,1.4,0.7734,3,1.305,0.7209,55,0
IWM191018C150,2019-10-14,2019-10-14 09:36:30,1.31,0.7237,206,1.29,0.7127,36,1.4,0.7734,3,1.3,0.7182,55,0
IWM191018C150,2019-10-14,2019-10-14 09:36:31,1.31,0.7237,12,1.29,0.7127,121,1.4,0.7734,3,1.3,0.7182,55,0
IWM191018C150,2019-10-14,2019-10-14 09:36:31,1.32,0.7292,221,1.3,0.7182,3,1.4,0.7734,3,1.31,0.7237,55,0
IWM191018C150,2019-10-14,2019-10-14 09:36:32,1.31,0.7237,111,1.29,0.7127,35,1.4,0.7734,3,1.3,0.7182,55,0
IWM191018C150,2019-10-14,2019-10-14 09:36:33,1.3,0.7182,87,1.28,0.7071,54,1.4,0.7734,3,1.29,0.7127,55,0
IWM191018C150,2019-10-14,2019-10-14 09:36:33,1.3,0.7182,103,1.28,0.7071,54,1.4,0.7734,3,1.29,0.7127,55,0
IWM191018C150,2019-10-14,2019-10-14 09:36:34,1.3,0.7182,103,1.27,0.7016,275,1.4,0.7734,3,1.285,0.7099,55,0
IWM191018C150,2019-10-14,2019-10-14 09:36:34,1.3,0.7182,128,1.27,0.7016,302,1.4,0.7734,3,1.285,0.7099,55,0
IWM191018C150,2019-10-14,2019-10-14 09:36:35,1.3,0.7182,128,1.27,0.7016,302,1.4,0.7734,3,1.285,0.7099,55,0
IWM191018C150,2019-10-14,2019-10-14 09:36:35,1.3,0.7182,57,1.27,0.7016,327,1.4,0.7734,3,1.285,0.7099,55,0
IWM191018C150,2019-10-14,2019-10-14 09:36:36,1.3,0.7182,20,1.28,0.7071,74,1.4,0.7734,3,1.29,0.7127,55,0
IWM191018C150,2019-10-14,2019-10-14 09:36:36,1.31,0.7237,104,1.28,0.7071,190,1.4,0.7734,3,1.295,0.7154,55,0
IWM191018C150,2019-10-14,2019-10-14 09:36:37,1.3,0.7182,12,1.28,0.7071,90,1.4,0.7734,3,1.29,0.7127,55,0
IWM191018C150,2019-10-14,2019-10-14 09:36:38,1.3,0.7182,12,1.28,0.7071,34,1.4,0.7734,3,1.29,0.7127,55,0
IWM191018C150,2019-10-14,2019-10-14 09:36:39,1.3,0.7182,36,1.28,0.7071,123,1.4,0.7734,3,1.29,0.7127,55,0
IWM191018C150,2019-10-14,2019-10-14 09:36:39,1.3,0.7182,36,1.28,0.7071,34,1.4,0.7734,3,1.29,0.7127,55,0
IWM191018C150,2019-10-14,2019-10-14 09:36:40,1.31,0.7237,128,1.29,0.7127,29,1.4,0.7734,3,1.3,0.7182,55,0
IWM191018C150,2019-10-14,2019-10-14 09:36:40,1.31,0.7237,153,1.29,0.7127,29,1.4,0.7734,3,1.3,0.7182,55,0
IWM191018C150,2019-10-14,2019-10-14 09:36:41,1.31,0.7237,84,1.29,0.7127,29,1.4,0.7734,3,1.3,0.7182,55,0
IWM191018C150,2019-10-14,2019-10-14 09:36:41,1.33,0.7348,98,1.3,0.7182,40,1.4,0.7734,3,1.315,0.7265,55,0
IWM191018C150,2019-10-14,2019-10-14 09:36:42,1.33,0.7348,131,1.3,0.7182,131,1.4,0.7734,3,1.315,0.7265,55,0
IWM191018C150,2019-10-14,2019-10-14 09:36:42,1.33,0.7348,263,1.3,0.7182,31,1.4,0.7734,3,1.315,0.7265,55,0
IWM191018C150,2019-10-14,2019-10-14 09:36:43,1.32,0.7292,104,1.3,0.7182,31,1.4,0.7734,3,1.31,0.7237,55,0
IWM191018C150,2019-10-14,2019-10-14 09:36:44,1.32,0.7292,10,1.3,0.7182,31,1.4,0.7734,3,1.31,0.7237,55,0
IWM191018C150,2019-10-14,2019-10-14 09:36:44,1.32,0.7292,90,1.3,0.7182,31,1.4,0.7734,3,1.31,0.7237,55,0
IWM191018C150,2019-10-14,2019-10-14 09:36:45,1.32,0.7292,87,1.3,0.7182,20,1.4,0.7734,3,1.31,0.7237,55,0
IWM191018C150,2019-10-14,2019-10-14 09:36:46,1.31,0.7237,12,1.3,0.7182,20,1.4,0.7734,3,1.305,0.7209,55,0
IWM191018C150,2019-10-14,2019-10-14 09:36:46,1.31,0.7237,3,1.3,0.7182,20,1.4,0.7734,3,1.305,0.7209,55,0
IWM191018C150,2019-10-14,2019-10-14 09:36:47,1.32,0.7292,39,1.3,0.7182,90,1.4,0.7734,3,1.31,0.7237,55,0
IWM191018C150,2019-10-14,2019-10-14 09:36:47,1.31,0.7237,12,1.3,0.7182,20,1.4,0.7734,3,1.305,0.7209,55,0
IWM191018C150,2019-10-14,2019-10-14 09:36:48,1.32,0.7292,30,1.3,0.7182,110,1.4,0.7734,3,1.31,0.7237,55,0
IWM191018C150,2019-10-14,2019-10-14 09:36:49,1.32,0.7292,30,1.3,0.7182,74,1.4,0.7734,3,1.31,0.7237,55,0
IWM191018C150,2019-10-14,2019-10-14 09:36:49,1.32,0.7292,153,1.3,0.7182,74,1.4,0.7734,3,1.31,0.7237,55,0
IWM191018C150,2019-10-14,2019-10-14 09:36:50,1.32,0.7292,99,1.3,0.7182,74,1.4,0.7734,3,1.31,0.7237,55,0
IWM191018C150,2019-10-14,2019-10-14 09:36:50,1.32,0.7292,74,1.3,0.7182,38,1.4,0.7734,3,1.31,0.7237,55,0
IWM191018C150,2019-10-14,2019-10-14 09:36:51,1.32,0.7292,10,1.3,0.7182,150,1.4,0.7734,3,1.31,0.7237,55,0
IWM191018C150,2019-10-14,2019-10-14 09:36:51,1.32,0.7292,74,1.3,0.7182,38,1.4,0.7734,3,1.31,0.7237,55,0
IWM191018C150,2019-10-14,2019-10-14 09:36:52,1.33,0.7348,49,1.31,0.7237,34,1.4,0.7734,3,1.32,0.7292,55,0
IWM191018C150,2019-10-14,2019-10-14 09:36:52,1.33,0.7348,10,1.31,0.7237,34,1.4,0.7734,3,1.32,0.7292,55,0
IWM191018C150,2019-10-14,2019-10-14 09:36:53,1.33,0.7348,10,1.31,0.7237,109,1.4,0.7734,3,1.32,0.7292,55,0
IWM191018C150,2019-10-14,2019-10-14 09:36:53,1.33,0.7348,10,1.31,0.7237,34,1.4,0.7734,3,1.32,0.7292,55,0
IWM191018C150,2019-10-14,2019-10-14 09:36:54,1.33,0.7348,10,1.31,0.7237,109,1.4,0.7734,3,1.32,0.7292,55,0
IWM191018C150,2019-10-14,2019-10-14 09:36:54,1.33,0.7348,10,1.31,0.7237,34,1.4,0.7734,3,1.32,0.7292,55,0
IWM191018C150,2019-10-14,2019-10-14 09:36:55,1.33,0.7348,170,1.31,0.7237,6,1.4,0.7734,3,1.32,0.7292,55,0
IWM191018C150,2019-10-14,2019-10-14 09:36:55,1.33,0.7348,210,1.31,0.7237,6,1.4,0.7734,3,1.32,0.7292,55,0
IWM191018C150,2019-10-14,2019-10-14 09:36:56,1.33,0.7348,210,1.31,0.7237,6,1.3,0.7182,2,1.32,0.7292,57,2
IWM191018C150,2019-10-14,2019-10-14 09:36:56,1.33,0.7348,210,1.31,0.7237,6,1.3,0.7182,2,1.32,0.7292,57,0
IWM191018C150,2019-10-14,2019-10-14 09:36:57,1.32,0.7292,1,1.3,0.7182,150,1.3,0.7182,2,1.31,0.7237,57,0
IWM191018C150,2019-10-14,2019-10-14 09:36:57,1.33,0.7348,159,1.31,0.7237,6,1.3,0.7182,2,1.32,0.7292,57,0
IWM191018C150,2019-10-14,2019-10-14 09:36:58,1.32,0.7292,10,1.3,0.7182,150,1.3,0.7182,2,1.31,0.7237,57,0
IWM191018C150,2019-10-14,2019-10-14 09:36:59,1.33,0.7348,50,1.31,0.7237,9,1.3,0.7182,2,1.32,0.7292,57,0
IWM191018C150,2019-10-14,2019-10-14 09:36:59,1.33,0.7348,50,1.31,0.7237,53,1.3,0.7182,2,1.32,0.7292,57,0
IWM191018C150,2019-10-14,2019-10-14 09:37:00,1.33,0.7348,50,1.3,0.7182,96,1.3,0.7182,2,1.315,0.7265,57,0
IWM191018C150,2019-10-14,2019-10-14 09:37:00,1.33,0.7348,50,1.3,0.7182,117,1.3,0.7182,2,1.315,0.7265,57,0
IWM191018C150,2019-10-14,2019-10-14 09:37:01,1.32,0.7292,12,1.31,0.7237,34,1.3,0.7182,2,1.315,0.7265,57,0
IWM191018C150,2019-10-14,2019-10-14 09:37:01,1.33,0.7348,22,1.31,0.7237,72,1.3,0.7182,2,1.32,0.7292,57,0
IWM191018C150,2019-10-14,2019-10-14 09:37:02,1.33,0.7348,27,1.31,0.7237,72,1.3,0.7182,2,1.32,0.7292,57,0
IWM191018C150,2019-10-14,2019-10-14 09:37:03,1.32,0.7292,64,1.3,0.7182,22,1.3,0.7182,2,1.31,0.7237,57,0
IWM191018C150,2019-10-14,2019-10-14 09:37:04,1.32,0.7292,89,1.3,0.7182,38,1.3,0.7182,2,1.31,0.7237,57,0
IWM191018C150,2019-10-14,2019-10-14 09:37:04,1.32,0.7292,64,1.3,0.7182,33,1.3,0.7182,2,1.31,0.7237,57,0
IWM191018C150,2019-10-14,2019-10-14 09:37:05,1.32,0.7292,164,1.3,0.7182,22,1.3,0.7182,2,1.31,0.7237,57,0
IWM191018C150,2019-10-14,2019-10-14 09:37:05,1.32,0.7292,189,1.3,0.7182,22,1.3,0.7182,2,1.31,0.7237,57,0
IWM191018C150,2019-10-14,2019-10-14 09:37:06,1.32,0.7292,104,1.3,0.7182,34,1.3,0.7182,2,1.31,0.7237,57,0
IWM191018C150,2019-10-14,2019-10-14 09:37:06,1.32,0.7292,80,1.3,0.7182,45,1.3,0.7182,2,1.31,0.7237,57,0
IWM191018C150,2019-10-14,2019-10-14 09:37:07,1.31,0.7237,87,1.29,0.7127,21,1.3,0.7182,2,1.3,0.7182,57,0
IWM191018C150,2019-10-14,2019-10-14 09:37:07,1.31,0.7237,109,1.29,0.7127,21,1.3,0.7182,2,1.3,0.7182,57,0
IWM191018C150,2019-10-14,2019-10-14 09:37:08,1.31,0.7237,87,1.29,0.7127,33,1.3,0.7182,2,1.3,0.7182,57,0
IWM191018C150,2019-10-14,2019-10-14 09:37:09,1.31,0.7237,159,1.29,0.7127,33,1.3,0.7182,2,1.3,0.7182,57,0
IWM191018C150,2019-10-14,2019-10-14 09:37:09,1.3,0.7182,166,1.28,0.7071,19,1.3,0.7182,2,1.29,0.7127,57,0
IWM191018C150,2019-10-14,2019-10-14 09:37:10,1.3,0.7182,203,1.28,0.7071,14,1.3,0.7182,2,1.29,0.7127,57,0
IWM191018C150,2019-10-14,2019-10-14 09:37:10,1.29,0.7127,74,1.27,0.7016,75,1.3,0.7182,2,1.28,0.7071,57,0
IWM191018C150,2019-10-14,2019-10-14 09:37:11,1.3,0.7182,129,1.27,0.7016,258,1.3,0.7182,2,1.285,0.7099,57,0
IWM191018C150,2019-10-14,2019-10-14 09:37:11,1.29,0.7127,49,1.27,0.7016,176,1.3,0.7182,2,1.28,0.7071,57,0
IWM191018C150,2019-10-14,2019-10-14 09:37:12,1.3,0.7182,108,1.28,0.7071,58,1.3,0.7182,2,1.29,0.7127,57,0
IWM191018C150,2019-10-14,2019-10-14 09:37:12,1.3,0.7182,145,1.27,0.7016,258,1.3,0.7182,2,1.285,0.7099,57,0
IWM191018C150,2019-10-14,2019-10-14 09:37:13,1.3,0.7182,108,1.28,0.7071,117,1.3,0.7182,2,1.29,0.7127,57,0
IWM191018C150,2019-10-14,2019-10-14 09:37:13,1.3,0.7182,108,1.28,0.7071,38,1.3,0.7182,2,1.29,0.7127,57,0
IWM191018C150,2019-10-14,2019-10-14 09:37:14,1.3,0.7182,227,1.27,0.7016,59,1.3,0.7182,2,1.285,0.7099,57,0
IWM191018C150,2019-10-14,2019-10-14 09:37:14,1.3,0.7182,217,1.27,0.7016,78,1.3,0.7182,2,1.285,0.7099,57,0
IWM191018C150,2019-10-14,2019-10-14 09:37:15,1.29,0.7127,75,1.27,0.7016,34,1.3,0.7182,2,1.28,0.7071,57,0
IWM191018C150,2019-10-14,2019-10-14 09:37:15,1.29,0.7127,147,1.27,0.7016,34,1.3,0.7182,2,1.28,0.7071,57,0
IWM191018C150,2019-10-14,2019-10-14 09:37:16,1.29,0.7127,183,1.27,0.7016,34,1.3,0.7182,2,1.28,0.7071,57,0
IWM191018C150,2019-10-14,2019-10-14 09:37:17,1.29,0.7127,75,1.27,0.7016,20,1.3,0.7182,2,1.28,0.7071,57,0
IWM191018C150,2019-10-14,2019-10-14 09:37:17,1.28,0.7071,75,1.26,0.6961,34,1.3,0.7182,2,1.27,0.7016,57,0
IWM191018C150,2019-10-14,2019-10-14 09:37:18,1.29,0.7127,10,1.28,0.7071,41,1.3,0.7182,2,1.285,0.7099,57,0
IWM191018C150,2019-10-14,2019-10-14 09:37:18,1.3,0.7182,43,1.28,0.7071,53,1.3,0.7182,2,1.29,0.7127,57,0
IWM191018C150,2019-10-14,2019-10-14 09:37:19,1.31,0.7237,87,1.29,0.7127,29,1.3,0.7182,2,1.3,0.7182,57,0
IWM191018C150,2019-10-14,2019-10-14 09:37:19,1.3,0.7182,43,1.28,0.7071,255,1.3,0.7182,2,1.29,0.7127,57,0
IWM191018C150,2019-10-14,2019-10-14 09:37:20,1.31,0.7237,98,1.29,0.7127,29,1.3,0.7182,2,1.3,0.7182,57,0
IWM191018C150,2019-10-14,2019-10-14 09:37:21,1.31,0.7237,167,1.29,0.7127,11,1.3,0.7182,2,1.3,0.7182,57,0
IWM191018C150,2019-10-14,2019-10-14 09:37:22,1.31,0.7237,168,1.29,0.7127,17,1.3,0.7182,2,1.3,0.7182,57,0
IWM191018C150,2019-10-14,2019-10-14 09:37:22,1.31,0.7237,248,1.29,0.7127,11,1.3,0.7182,2,1.3,0.7182,57,0
IWM191018C150,2019-10-14,2019-10-14 09:37:23,1.31,0.7237,220,1.28,0.7071,126,1.3,0.7182,2,1.295,0.7154,57,0
IWM191018C150,2019-10-14,2019-10-14 09:37:23,1.31,0.7237,167,1.28,0.7071,206,1.3,0.7182,2,1.295,0.7154,57,0
IWM191018C150,2019-10-14,2019-10-14 09:37:24,1.31,0.7237,240,1.28,0.7071,205,1.3,0.7182,2,1.295,0.7154,57,0
IWM191018C150,2019-10-14,2019-10-14 09:37:24,1.31,0.7237,256,1.28,0.7071,205,1.3,0.7182,2,1.295,0.7154,57,0
IWM191018C150,2019-10-14,2019-10-14 09:37:25,1.31,0.7237,132,1.29,0.7127,34,1.3,0.7182,2,1.3,0.7182,57,0
IWM191018C150,2019-10-14,2019-10-14 09:37:25,1.31,0.7237,240,1.28,0.7071,205,1.3,0.7182,2,1.295,0.7154,57,0
IWM191018C150,2019-10-14,2019-10-14 09:37:26,1.31,0.7237,218,1.28,0.7071,113,1.3,0.7182,2,1.295,0.7154,57,0
IWM191018C150,2019-10-14,2019-10-14 09:37:26,1.31,0.7237,168,1.29,0.7127,76,1.3,0.7182,2,1.3,0.7182,57,0
IWM191018C150,2019-10-14,2019-10-14 09:37:27,1.31,0.7237,265,1.28,0.7071,18,1.3,0.7182,2,1.295,0.7154,57,0
IWM191018C150,2019-10-14,2019-10-14 09:37:28,1.3,0.7182,141,1.28,0.7071,18,1.3,0.7182,2,1.29,0.7127,57,0
IWM191018C150,2019-10-14,2019-10-14 09:37:28,1.3,0.7182,114,1.28,0.7071,18,1.3,0.7182,2,1.29,0.7127,57,0
IWM191018C150,2019-10-14,2019-10-14 09:37:29,1.3,0.7182,14,1.28,0.7071,32,1.3,0.7182,2,1.29,0.7127,57,0
IWM191018C150,2019-10-14,2019-10-14 09:37:29,1.3,0.7182,101,1.28,0.7071,18,1.3,0.7182,2,1.29,0.7127,57,0
IWM191018C150,2019-10-14,2019-10-14 09:37:30,1.31,0.7237,153,1.28,0.7071,157,1.3,0.7182,2,1.295,0.7154,57,0
IWM191018C150,2019-10-14,2019-10-14 09:37:30,1.31,0.7237,257,1.28,0.7071,203,1.3,0.7182,2,1.295,0.7154,57,0
IWM191018C150,2019-10-14,2019-10-14 09:37:31,1.3,0.7182,70,1.28,0.7071,107,1.3,0.7182,2,1.29,0.7127,57,0
IWM191018C150,2019-10-14,2019-10-14 09:37:31,1.31,0.7237,257,1.28,0.7071,203,1.3,0.7182,2,1.295,0.7154,57,0
IWM191018C150,2019-10-14,2019-10-14 09:37:32,1.3,0.7182,114,1.28,0.7071,18,1.3,0.7182,2,1.29,0.7127,57,0
IWM191018C150,2019-10-14,2019-10-14 09:37:33,1.3,0.7182,225,1.27,0.7016,129,1.3,0.7182,2,1.285,0.7099,57,0
IWM191018C150,2019-10-14,2019-10-14 09:37:33,1.3,0.7182,225,1.28,0.7071,10,1.3,0.7182,2,1.29,0.7127,57,0
IWM191018C150,2019-10-14,2019-10-14 09:37:34,1.3,0.7182,104,1.28,0.7071,29,1.3,0.7182,2,1.29,0.7127,57,0
IWM191018C150,2019-10-14,2019-10-14 09:37:34,1.3,0.7182,225,1.27,0.7016,129,1.3,0.7182,2,1.285,0.7099,57,0
IWM191018C150,2019-10-14,2019-10-14 09:37:35,1.3,0.7182,115,1.28,0.7071,29,1.3,0.7182,2,1.29,0.7127,57,0
IWM191018C150,2019-10-14,2019-10-14 09:37:35,1.3,0.7182,85,1.28,0.7071,29,1.3,0.7182,2,1.29,0.7127,57,0
IWM191018C150,2019-10-14,2019-10-14 09:37:36,1.29,0.7127,74,1.26,0.6961,31,1.3,0.7182,2,1.275,0.7044,57,0
IWM191018C150,2019-10-14,2019-10-14 09:37:36,1.29,0.7127,28,1.28,0.7071,29,1.3,0.7182,2,1.285,0.7099,57,0
IWM191018C150,2019-10-14,2019-10-14 09:37:37,1.28,0.7071,74,1.26,0.6961,92,1.3,0.7182,2,1.27,0.7016,57,0
IWM191018C150,2019-10-14,2019-10-14 09:37:37,1.28,0.7071,74,1.25,0.6906,165,1.3,0.7182,2,1.265,0.6988,57,0
IWM191018C150,2019-10-14,2019-10-14 09:37:38,1.28,0.7071,108,1.26,0.6961,7,1.3,0.7182,2,1.27,0.7016,57,0
IWM191018C150,2019-10-14,2019-10-14 09:37:38,1.28,0.7071,172,1.25,0.6906,54,1.3,0.7182,2,1.265,0.6988,57,0
IWM191018C150,2019-10-14,2019-10-14 09:37:39,1.28,0.7071,92,1.25,0.6906,54,1.3,0.7182,2,1.265,0.6988,57,0
IWM191018C150,2019-10-14,2019-10-14 09:37:40,1.28,0.7071,92,1.26,0.6961,27,1.3,0.7182,2,1.27,0.7016,57,0
IWM191018C150,2019-10-14,2019-10-14 09:37:41,1.28,0.7071,221,1.25,0.6906,126,1.3,0.7182,2,1.265,0.6988,57,0
IWM191018C150,2019-10-14,2019-10-14 09:37:41,1.28,0.7071,221,1.26,0.6961,14,1.3,0.7182,2,1.27,0.7016,57,0
IWM191018C150,2019-10-14,2019-10-14 09:37:42,1.27,0.7016,8,1.25,0.6906,75,1.3,0.7182,2,1.26,0.6961,57,0
IWM191018C150,2019-10-14,2019-10-14 09:37:42,1.28,0.7071,182,1.25,0.6906,41,1.3,0.7182,2,1.265,0.6988,57,0
IWM191018C150,2019-10-14,2019-10-14 09:37:43,1.28,0.7071,160,1.26,0.6961,27,1.3,0.7182,2,1.27,0.7016,57,0
IWM191018C150,2019-10-14,2019-10-14 09:37:43,1.28,0.7071,136,1.26,0.6961,27,1.3,0.7182,2,1.27,0.7016,57,0
IWM191018C150,2019-10-14,2019-10-14 09:37:44,1.28,0.7071,152,1.25,0.6906,144,1.3,0.7182,2,1.265,0.6988,57,0
IWM191018C150,2019-10-14,2019-10-14 09:37:44,1.28,0.7071,160,1.26,0.6961,83,1.3,0.7182,2,1.27,0.7016,57,0
IWM191018C150,2019-10-14,2019-10-14 09:37:45,1.28,0.7071,124,1.25,0.6906,267,1.3,0.7182,2,1.265,0.6988,57,0
IWM191018C150,2019-10-14,2019-10-14 09:37:45,1.28,0.7071,182,1.25,0.6906,100,1.3,0.7182,2,1.265,0.6988,57,0
IWM191018C150,2019-10-14,2019-10-14 09:37:46,1.27,0.7016,12,1.25,0.6906,100,1.3,0.7182,2,1.26,0.6961,57,0
IWM191018C150,2019-10-14,2019-10-14 09:37:48,1.27,0.7016,12,1.25,0.6906,150,1.3,0.7182,2,1.26,0.6961,57,0
IWM191018C150,2019-10-14,2019-10-14 09:37:48,1.27,0.7016,107,1.25,0.6906,26,1.3,0.7182,2,1.26,0.6961,57,0
IWM191018C150,2019-10-14,2019-10-14 09:37:49,1.27,0.7016,127,1.25,0.6906,151,1.3,0.7182,2,1.26,0.6961,57,0
IWM191018C150,2019-10-14,2019-10-14 09:37:49,1.27,0.7016,10,1.25,0.6906,83,1.3,0.7182,2,1.26,0.6961,57,0
IWM191018C150,2019-10-14,2019-10-14 09:37:50,1.27,0.7016,10,1.25,0.6906,83,1.3,0.7182,2,1.26,0.6961,57,0
IWM191018C150,2019-10-14,2019-10-14 09:37:51,1.27,0.7016,10,1.25,0.6906,108,1.3,0.7182,2,1.26,0.6961,57,0
IWM191018C150,2019-10-14,2019-10-14 09:37:51,1.27,0.7016,10,1.25,0.6906,83,1.3,0.7182,2,1.26,0.6961,57,0
IWM191018C150,2019-10-14,2019-10-14 09:37:52,1.27,0.7016,8,1.25,0.6906,89,1.3,0.7182,2,1.26,0.6961,57,0
IWM191018C150,2019-10-14,2019-10-14 09:37:52,1.27,0.7016,10,1.25,0.6906,132,1.3,0.7182,2,1.26,0.6961,57,0
IWM191018C150,2019-10-14,2019-10-14 09:37:53,1.27,0.7016,8,1.25,0.6906,139,1.3,0.7182,2,1.26,0.6961,57,0
IWM191018C150,2019-10-14,2019-10-14 09:37:53,1.27,0.7016,8,1.25,0.6906,79,1.3,0.7182,2,1.26,0.6961,57,0
IWM191018C150,2019-10-14,2019-10-14 09:37:54,1.27,0.7016,8,1.25,0.6906,95,1.3,0.7182,2,1.26,0.6961,57,0
IWM191018C150,2019-10-14,2019-10-14 09:37:55,1.27,0.7016,10,1.24,0.685,20,1.3,0.7182,2,1.255,0.6933,57,0
IWM191018C150,2019-10-14,2019-10-14 09:37:55,1.27,0.7016,268,1.24,0.685,34,1.3,0.7182,2,1.255,0.6933,57,0
IWM191018C150,2019-10-14,2019-10-14 09:37:56,1.26,0.6961,40,1.24,0.685,106,1.3,0.7182,2,1.25,0.6906,57,0
IWM191018C150,2019-10-14,2019-10-14 09:37:56,1.26,0.6961,78,1.24,0.685,50,1.3,0.7182,2,1.25,0.6906,57,0
IWM191018C150,2019-10-14,2019-10-14 09:37:57,1.26,0.6961,12,1.24,0.685,106,1.3,0.7182,2,1.25,0.6906,57,0
IWM191018C150,2019-10-14,2019-10-14 09:37:58,1.26,0.6961,30,1.24,0.685,50,1.3,0.7182,2,1.25,0.6906,57,0
IWM191018C150,2019-10-14,2019-10-14 09:37:59,1.26,0.6961,30,1.24,0.685,94,1.3,0.7182,2,1.25,0.6906,57,0
IWM191018C150,2019-10-14,2019-10-14 09:37:59,1.26,0.6961,16,1.24,0.685,94,1.3,0.7182,2,1.25,0.6906,57,0
IWM191018C150,2019-10-14,2019-10-14 09:38:00,1.26,0.6961,30,1.24,0.685,55,1.3,0.7182,2,1.25,0.6906,57,0
IWM191018C150,2019-10-14,2019-10-14 09:38:00,1.26,0.6961,30,1.24,0.685,50,1.3,0.7182,2,1.25,0.6906,57,0
IWM191018C150,2019-10-14,2019-10-14 09:38:01,1.26,0.6961,16,1.24,0.685,55,1.3,0.7182,2,1.25,0.6906,57,0
IWM191018C150,2019-10-14,2019-10-14 09:38:02,1.26,0.6961,135,1.24,0.685,8,1.3,0.7182,2,1.25,0.6906,57,0
IWM191018C150,2019-10-14,2019-10-14 09:38:03,1.25,0.6906,27,1.22,0.674,180,1.3,0.7182,2,1.235,0.6823,57,0
IWM191018C150,2019-10-14,2019-10-14 09:38:03,1.25,0.6906,27,1.23,0.6795,34,1.3,0.7182,2,1.24,0.685,57,0
IWM191018C150,2019-10-14,2019-10-14 09:38:04,1.24,0.685,1,1.22,0.674,77,1.24,0.685,20,1.23,0.6795,77,20
IWM191018C150,2019-10-14,2019-10-14 09:38:04,1.25,0.6906,163,1.23,0.6795,4,1.24,0.685,20,1.24,0.685,77,0
IWM191018C150,2019-10-14,2019-10-14 09:38:05,1.24,0.685,87,1.22,0.674,46,1.24,0.685,20,1.23,0.6795,77,0
IWM191018C150,2019-10-14,2019-10-14 09:38:05,1.24,0.685,87,1.22,0.674,50,1.24,0.685,20,1.23,0.6795,77,0
IWM191018C150,2019-10-14,2019-10-14 09:38:06,1.25,0.6906,144,1.22,0.674,46,1.24,0.685,20,1.235,0.6823,77,0
IWM191018C150,2019-10-14,2019-10-14 09:38:06,1.24,0.685,10,1.22,0.674,54,1.24,0.685,20,1.23,0.6795,77,0
IWM191018C150,2019-10-14,2019-10-14 09:38:07,1.24,0.685,10,1.22,0.674,73,1.24,0.685,20,1.23,0.6795,77,0
IWM191018C150,2019-10-14,2019-10-14 09:38:07,1.24,0.685,10,1.22,0.674,81,1.24,0.685,20,1.23,0.6795,77,0
IWM191018C150,2019-10-14,2019-10-14 09:38:08,1.24,0.685,169,1.22,0.674,10,1.24,0.685,20,1.23,0.6795,77,0
IWM191018C150,2019-10-14,2019-10-14 09:38:08,1.24,0.685,10,1.22,0.674,81,1.24,0.685,20,1.23,0.6795,77,0
IWM191018C150,2019-10-14,2019-10-14 09:38:09,1.23,0.6795,75,1.22,0.674,4,1.24,0.685,20,1.225,0.6767,77,0
IWM191018C150,2019-10-14,2019-10-14 09:38:09,1.23,0.6795,75,1.21,0.6685,65,1.24,0.685,20,1.22,0.674,77,0
IWM191018C150,2019-10-14,2019-10-14 09:38:10,1.22,0.674,96,1.2,0.6629,31,1.24,0.685,20,1.21,0.6685,77,0
IWM191018C150,2019-10-14,2019-10-14 09:38:10,1.23,0.6795,75,1.21,0.6685,12,1.24,0.685,20,1.22,0.674,77,0
IWM191018C150,2019-10-14,2019-10-14 09:38:11,1.22,0.674,126,1.2,0.6629,31,1.24,0.685,20,1.21,0.6685,77,0
IWM191018C150,2019-10-14,2019-10-14 09:38:11,1.22,0.674,148,1.19,0.6574,60,1.24,0.685,20,1.205,0.6657,77,0
IWM191018C150,2019-10-14,2019-10-14 09:38:12,1.21,0.6685,47,1.19,0.6574,67,1.24,0.685,20,1.2,0.6629,77,0
IWM191018C150,2019-10-14,2019-10-14 09:38:12,1.21,0.6685,57,1.19,0.6574,74,1.24,0.685,20,1.2,0.6629,77,0
IWM191018C150,2019-10-14,2019-10-14 09:38:13,1.2,0.6629,32,1.18,0.6519,72,1.24,0.685,20,1.19,0.6574,77,0
IWM191018C150,2019-10-14,2019-10-14 09:38:13,1.2,0.6629,25,1.18,0.6519,31,1.24,0.685,20,1.19,0.6574,77,0
IWM191018C150,2019-10-14,2019-10-14 09:38:14,1.2,0.6629,23,1.18,0.6519,113,1.24,0.685,20,1.19,0.6574,77,0
IWM191018C150,2019-10-14,2019-10-14 09:38:14,1.2,0.6629,4,1.18,0.6519,72,1.24,0.685,20,1.19,0.6574,77,0
IWM191018C150,2019-10-14,2019-10-14 09:38:15,1.21,0.6685,162,1.19,0.6574,27,1.24,0.685,20,1.2,0.6629,77,0
IWM191018C150,2019-10-14,2019-10-14 09:38:15,1.21,0.6685,162,1.19,0.6574,15,1.24,0.685,20,1.2,0.6629,77,0
IWM191018C150,2019-10-14,2019-10-14 09:38:16,1.21,0.6685,162,1.19,0.6574,27,1.24,0.685,20,1.2,0.6629,77,0
IWM191018C150,2019-10-14,2019-10-14 09:38:17,1.21,0.6685,82,1.19,0.6574,71,1.24,0.685,20,1.2,0.6629,77,0
IWM191018C150,2019-10-14,2019-10-14 09:38:17,1.22,0.674,131,1.2,0.6629,62,1.24,0.685,20,1.21,0.6685,77,0
IWM191018C150,2019-10-14,2019-10-14 09:38:18,1.23,0.6795,118,1.2,0.6629,62,1.24,0.685,20,1.215,0.6712,77,0
IWM191018C150,2019-10-14,2019-10-14 09:38:18,1.23,0.6795,127,1.21,0.6685,20,1.24,0.685,20,1.22,0.674,77,0
IWM191018C150,2019-10-14,2019-10-14 09:38:19,1.23,0.6795,147,1.21,0.6685,20,1.24,0.685,20,1.22,0.674,77,0
IWM191018C150,2019-10-14,2019-10-14 09:38:19,1.23,0.6795,127,1.21,0.6685,20,1.24,0.685,20,1.22,0.674,77,0
IWM191018C150,2019-10-14,2019-10-14 09:38:20,1.21,0.6685,102,1.19,0.6574,24,1.24,0.685,20,1.2,0.6629,77,0
IWM191018C150,2019-10-14,2019-10-14 09:38:20,1.23,0.6795,147,1.21,0.6685,20,1.24,0.685,20,1.22,0.674,77,0
IWM191018C150,2019-10-14,2019-10-14 09:38:21,1.21,0.6685,102,1.19,0.6574,37,1.24,0.685,20,1.2,0.6629,77,0
IWM191018C150,2019-10-14,2019-10-14 09:38:21,1.21,0.6685,80,1.19,0.6574,37,1.24,0.685,20,1.2,0.6629,77,0
IWM191018C150,2019-10-14,2019-10-14 09:38:22,1.22,0.674,127,1.19,0.6574,198,1.24,0.685,20,1.205,0.6657,77,0
IWM191018C150,2019-10-14,2019-10-14 09:38:22,1.21,0.6685,153,1.19,0.6574,52,1.24,0.685,20,1.2,0.6629,77,0
IWM191018C150,2019-10-14,2019-10-14 09:38:23,1.21,0.6685,17,1.19,0.6574,187,1.24,0.685,20,1.2,0.6629,77,0
IWM191018C150,2019-10-14,2019-10-14 09:38:23,1.21,0.6685,17,1.19,0.6574,167,1.24,0.685,20,1.2,0.6629,77,0
IWM191018C150,2019-10-14,2019-10-14 09:38:24,1.2,0.6629,13,1.18,0.6519,115,1.24,0.685,20,1.19,0.6574,77,0
IWM191018C150,2019-10-14,2019-10-14 09:38:24,1.21,0.6685,138,1.19,0.6574,52,1.24,0.685,20,1.2,0.6629,77,0
IWM191018C150,2019-10-14,2019-10-14 09:38:25,1.21,0.6685,86,1.18,0.6519,212,1.24,0.685,20,1.195,0.6602,77,0
IWM191018C150,2019-10-14,2019-10-14 09:38:25,1.2,0.6629,45,1.18,0.6519,36,1.24,0.685,20,1.19,0.6574,77,0
IWM191018C150,2019-10-14,2019-10-14 09:38:26,1.2,0.6629,145,1.18,0.6519,82,1.24,0.685,20,1.19,0.6574,77,0
IWM191018C150,2019-10-14,2019-10-14 09:38:26,1.2,0.6629,45,1.18,0.6519,108,1.24,0.685,20,1.19,0.6574,77,0
IWM191018C150,2019-10-14,2019-10-14 09:38:27,1.21,0.6685,136,1.19,0.6574,68,1.24,0.685,20,1.2,0.6629,77,0
IWM191018C150,2019-10-14,2019-10-14 09:38:27,1.21,0.6685,118,1.19,0.6574,38,1.24,0.685,20,1.2,0.6629,77,0
IWM191018C150,2019-10-14,2019-10-14 09:38:28,1.21,0.6685,136,1.19,0.6574,57,1.19,0.6574,20,1.2,0.6629,97,20
IWM191018C150,2019-10-14,2019-10-14 09:38:28,1.21,0.6685,11,1.2,0.6629,2,1.19,0.6574,20,1.205,0.6657,97,0
IWM191018C150,2019-10-14,2019-10-14 09:38:29,1.22,0.674,170,1.2,0.6629,5,1.19,0.6574,20,1.21,0.6685,97,0
IWM191018C150,2019-10-14,2019-10-14 09:38:29,1.22,0.674,102,1.2,0.6629,52,1.19,0.6574,20,1.21,0.6685,97,0
IWM191018C150,2019-10-14,2019-10-14 09:38:30,1.23,0.6795,185,1.21,0.6685,48,1.19,0.6574,20,1.22,0.674,97,0
IWM191018C150,2019-10-14,2019-10-14 09:38:30,1.23,0.6795,182,1.21,0.6685,37,1.19,0.6574,20,1.22,0.674,97,0
IWM191018C150,2019-10-14,2019-10-14 09:38:31,1.23,0.6795,163,1.22,0.674,11,1.19,0.6574,20,1.225,0.6767,97,0
IWM191018C150,2019-10-14,2019-10-14 09:38:31,1.23,0.6795,166,1.21,0.6685,69,1.19,0.6574,20,1.22,0.674,97,0
IWM191018C150,2019-10-14,2019-10-14 09:38:32,1.23,0.6795,72,1.21,0.6685,40,1.19,0.6574,20,1.22,0.674,97,0
IWM191018C150,2019-10-14,2019-10-14 09:38:33,1.23,0.6795,86,1.21,0.6685,40,1.19,0.6574,20,1.22,0.674,97,0
IWM191018C150,2019-10-14,2019-10-14 09:38:33,1.23,0.6795,72,1.21,0.6685,40,1.19,0.6574,20,1.22,0.674,97,0
IWM191018C150,2019-10-14,2019-10-14 09:38:34,1.23,0.6795,116,1.21,0.6685,39,1.19,0.6574,20,1.22,0.674,97,0
IWM191018C150,2019-10-14,2019-10-14 09:38:34,1.23,0.6795,72,1.21,0.6685,39,1.19,0.6574,20,1.22,0.674,97,0
IWM191018C150,2019-10-14,2019-10-14 09:38:35,1.23,0.6795,86,1.21,0.6685,39,1.19,0.6574,20,1.22,0.674,97,0
IWM191018C150,2019-10-14,2019-10-14 09:38:35,1.23,0.6795,97,1.21,0.6685,39,1.19,0.6574,20,1.22,0.674,97,0
IWM191018C150,2019-10-14,2019-10-14 09:38:36,1.23,0.6795,97,1.21,0.6685,39,1.19,0.6574,20,1.22,0.674,97,0
IWM191018C150,2019-10-14,2019-10-14 09:38:36,1.23,0.6795,52,1.21,0.6685,158,1.19,0.6574,20,1.22,0.674,97,0
IWM191018C150,2019-10-14,2019-10-14 09:38:37,1.23,0.6795,52,1.21,0.6685,453,1.19,0.6574,20,1.22,0.674,97,0
IWM191018C150,2019-10-14,2019-10-14 09:38:37,1.23,0.6795,52,1.22,0.674,80,1.19,0.6574,20,1.225,0.6767,97,0
IWM191018C150,2019-10-14,2019-10-14 09:38:38,1.23,0.6795,1,1.22,0.674,26,1.19,0.6574,20,1.225,0.6767,97,0
IWM191018C150,2019-10-14,2019-10-14 09:38:39,1.23,0.6795,1,1.22,0.674,87,1.19,0.6574,20,1.225,0.6767,97,0
IWM191018C150,2019-10-14,2019-10-14 09:38:39,1.23,0.6795,1,1.22,0.674,56,1.19,0.6574,20,1.225,0.6767,97,0
IWM191018C150,2019-10-14,2019-10-14 09:38:40,1.23,0.6795,1,1.22,0.674,43,1.19,0.6574,20,1.225,0.6767,97,0
IWM191018C150,2019-10-14,2019-10-14 09:38:40,1.23,0.6795,1,1.22,0.674,72,1.19,0.6574,20,1.225,0.6767,97,0
IWM191018C150,2019-10-14,2019-10-14 09:38:41,1.23,0.6795,1,1.22,0.674,83,1.19,0.6574,20,1.225,0.6767,97,0
IWM191018C150,2019-10-14,2019-10-14 09:38:42,1.24,0.685,1,1.23,0.6795,34,1.19,0.6574,20,1.235,0.6823,97,0
IWM191018C150,2019-10-14,2019-10-14 09:38:42,1.24,0.685,11,1.22,0.674,144,1.19,0.6574,20,1.23,0.6795,97,0
IWM191018C150,2019-10-14,2019-10-14 09:38:43,1.24,0.685,1,1.23,0.6795,278,1.19,0.6574,20,1.235,0.6823,97,0
IWM191018C150,2019-10-14,2019-10-14 09:38:43,1.24,0.685,1,1.23,0.6795,129,1.19,0.6574,20,1.235,0.6823,97,0
IWM191018C150,2019-10-14,2019-10-14 09:38:44,1.26,0.6961,10,1.24,0.685,92,1.24,0.685,1,1.25,0.6906,98,1
IWM191018C150,2019-10-14,2019-10-14 09:38:44,1.26,0.6961,41,1.24,0.685,71,1.24,0.685,1,1.25,0.6906,98,0
IWM191018C150,2019-10-14,2019-10-14 09:38:45,1.26,0.6961,60,1.24,0.685,35,1.24,0.685,1,1.25,0.6906,98,0
IWM191018C150,2019-10-14,2019-10-14 09:38:45,1.26,0.6961,71,1.24,0.685,47,1.24,0.685,1,1.25,0.6906,98,0
IWM191018C150,2019-10-14,2019-10-14 09:38:46,1.25,0.6906,155,1.23,0.6795,71,1.24,0.685,1,1.24,0.685,98,0
IWM191018C150,2019-10-14,2019-10-14 09:38:46,1.26,0.6961,190,1.24,0.685,47,1.24,0.685,1,1.25,0.6906,98,0
IWM191018C150,2019-10-14,2019-10-14 09:38:47,1.24,0.685,71,1.22,0.674,28,1.24,0.685,1,1.23,0.6795,98,0
IWM191018C150,2019-10-14,2019-10-14 09:38:47,1.25,0.6906,366,1.22,0.674,44,1.24,0.685,1,1.235,0.6823,98,0
IWM191018C150,2019-10-14,2019-10-14 09:38:48,1.23,0.6795,7,1.21,0.6685,302,1.24,0.685,1,1.22,0.674,98,0
IWM191018C150,2019-10-14,2019-10-14 09:38:48,1.24,0.685,23,1.23,0.6795,3,1.24,0.685,1,1.235,0.6823,98,0
IWM191018C150,2019-10-14,2019-10-14 09:38:49,1.24,0.685,25,1.22,0.674,130,1.24,0.685,1,1.23,0.6795,98,0
IWM191018C150,2019-10-14,2019-10-14 09:38:50,1.24,0.685,21,1.22,0.674,193,1.24,0.685,1,1.23,0.6795,98,0
IWM191018C150,2019-10-14,2019-10-14 09:38:50,1.24,0.685,27,1.22,0.674,203,1.24,0.685,1,1.23,0.6795,98,0
IWM191018C150,2019-10-14,2019-10-14 09:38:51,1.24,0.685,136,1.21,0.6685,67,1.24,0.685,1,1.225,0.6767,98,0
IWM191018C150,2019-10-14,2019-10-14 09:38:51,1.24,0.685,5,1.22,0.674,128,1.24,0.685,1,1.23,0.6795,98,0
IWM191018C150,2019-10-14,2019-10-14 09:38:52,1.24,0.685,271,1.21,0.6685,67,1.24,0.685,1,1.225,0.6767,98,0
