symbol,Date,quote_time,ask_price,norm_ask_price,ask_size,bid_price,norm_bid_price,bid_size,last_trade_price,norm_last_trade_price,last_trade_size,mark_price,norm_mark_price,volume,Volume
IWM191025C154,2019-10-21,2019-10-21 09:30:00,0.76,1.0,30,0.73,0.9605,36,0.81,1.0657,100,0.745,0.9802,4601,4601
IWM191025C154,2019-10-21,2019-10-21 09:30:01,0.76,1.0,30,0.73,0.9605,36,0.81,1.0657,100,0.745,0.9802,4601,0
IWM191025C154,2019-10-21,2019-10-21 09:30:02,0.76,1.0,30,0.73,0.9605,36,0.81,1.0657,100,0.745,0.9802,4601,0
IWM191025C154,2019-10-21,2019-10-21 09:30:03,1.43,1.8815,22,1.29,1.6973,22,0.81,1.0657,100,1.36,1.7894,0,0
IWM191025C154,2019-10-21,2019-10-21 09:30:03,1.52,2.0,10,1.27,1.671,10,0.81,1.0657,100,1.395,1.8355,0,-4601
IWM191025C154,2019-10-21,2019-10-21 09:30:04,1.43,1.8815,22,1.29,1.6973,22,0.81,1.0657,100,1.36,1.7894,0,0
IWM191025C154,2019-10-21,2019-10-21 09:30:04,1.43,1.8815,22,1.29,1.6973,22,0.81,1.0657,100,1.36,1.7894,1,1
IWM191025C154,2019-10-21,2019-10-21 09:30:05,1.41,1.8552,22,1.3,1.7105,22,1.35,1.7763,1,1.355,1.7828,1,0
IWM191025C154,2019-10-21,2019-10-21 09:30:05,1.43,1.8815,22,1.29,1.6973,22,1.35,1.7763,1,1.36,1.7894,1,0
IWM191025C154,2019-10-21,2019-10-21 09:30:06,1.41,1.8552,22,1.3,1.7105,22,1.35,1.7763,1,1.355,1.7828,1,0
IWM191025C154,2019-10-21,2019-10-21 09:30:06,1.44,1.8947,250,1.29,1.6973,22,1.35,1.7763,1,1.365,1.796,1,0
IWM191025C154,2019-10-21,2019-10-21 09:30:07,1.45,1.9078,22,1.29,1.6973,28,1.35,1.7763,1,1.37,1.8026,1,0
IWM191025C154,2019-10-21,2019-10-21 09:30:07,1.44,1.8947,150,1.35,1.7763,75,1.41,1.8552,5,1.395,1.8355,6,5
IWM191025C154,2019-10-21,2019-10-21 09:30:08,1.44,1.8947,250,1.36,1.7894,75,1.41,1.8552,5,1.4,1.8421,6,0
IWM191025C154,2019-10-21,2019-10-21 09:30:09,1.43,1.8815,75,1.36,1.7894,75,1.41,1.8552,5,1.395,1.8355,6,0
IWM191025C154,2019-10-21,2019-10-21 09:30:10,1.44,1.8947,250,1.36,1.7894,75,1.41,1.8552,5,1.4,1.8421,6,0
IWM191025C154,2019-10-21,2019-10-21 09:30:11,1.44,1.8947,250,1.36,1.7894,75,1.41,1.8552,5,1.4,1.8421,6,0
IWM191025C154,2019-10-21,2019-10-21 09:30:12,1.43,1.8815,75,1.36,1.7894,75,1.41,1.8552,5,1.395,1.8355,6,0
IWM191025C154,2019-10-21,2019-10-21 09:30:12,1.44,1.8947,250,1.36,1.7894,75,1.41,1.8552,5,1.4,1.8421,6,0
IWM191025C154,2019-10-21,2019-10-21 09:30:13,1.43,1.8815,75,1.36,1.7894,75,1.41,1.8552,5,1.395,1.8355,6,0
IWM191025C154,2019-10-21,2019-10-21 09:30:14,1.44,1.8947,250,1.36,1.7894,75,1.41,1.8552,5,1.4,1.8421,6,0
IWM191025C154,2019-10-21,2019-10-21 09:30:14,1.43,1.8815,75,1.36,1.7894,75,1.45,1.9078,1,1.395,1.8355,7,1
IWM191025C154,2019-10-21,2019-10-21 09:30:15,1.41,1.8552,14,1.36,1.7894,75,1.45,1.9078,1,1.385,1.8223,7,0
IWM191025C154,2019-10-21,2019-10-21 09:30:16,1.44,1.8947,13,1.36,1.7894,75,1.45,1.9078,1,1.4,1.8421,7,0
IWM191025C154,2019-10-21,2019-10-21 09:30:17,1.44,1.8947,10,1.39,1.8289,75,1.45,1.9078,1,1.415,1.8618,7,0
IWM191025C154,2019-10-21,2019-10-21 09:30:18,1.44,1.8947,20,1.39,1.8289,75,1.45,1.9078,1,1.415,1.8618,7,0
IWM191025C154,2019-10-21,2019-10-21 09:30:18,1.44,1.8947,10,1.39,1.8289,75,1.45,1.9078,1,1.415,1.8618,7,0
IWM191025C154,2019-10-21,2019-10-21 09:30:19,1.44,1.8947,3,1.39,1.8289,75,1.45,1.9078,1,1.415,1.8618,7,0
IWM191025C154,2019-10-21,2019-10-21 09:30:19,1.44,1.8947,3,1.4,1.8421,83,1.45,1.9078,1,1.42,1.8684,7,0
IWM191025C154,2019-10-21,2019-10-21 09:30:20,1.48,1.9473,41,1.43,1.8815,75,1.45,1.9078,1,1.455,1.9144,7,0
IWM191025C154,2019-10-21,2019-10-21 09:30:20,1.45,1.9078,10,1.42,1.8684,75,1.45,1.9078,1,1.435,1.8881,7,0
IWM191025C154,2019-10-21,2019-10-21 09:30:21,1.49,1.9605,40,1.43,1.8815,83,1.45,1.9078,1,1.46,1.921,7,0
IWM191025C154,2019-10-21,2019-10-21 09:30:21,1.45,1.9078,10,1.42,1.8684,83,1.45,1.9078,1,1.435,1.8881,7,0
IWM191025C154,2019-10-21,2019-10-21 09:30:22,1.48,1.9473,61,1.44,1.8947,75,1.45,1.9078,1,1.46,1.921,7,0
IWM191025C154,2019-10-21,2019-10-21 09:30:22,1.48,1.9473,61,1.45,1.9078,75,1.45,1.9078,1,1.465,1.9276,7,0
IWM191025C154,2019-10-21,2019-10-21 09:30:23,1.48,1.9473,20,1.45,1.9078,20,1.45,1.9078,1,1.465,1.9276,7,0
IWM191025C154,2019-10-21,2019-10-21 09:30:23,1.49,1.9605,112,1.45,1.9078,129,1.45,1.9078,1,1.47,1.9342,7,0
IWM191025C154,2019-10-21,2019-10-21 09:30:24,1.49,1.9605,10,1.45,1.9078,75,1.45,1.9078,1,1.47,1.9342,7,0
IWM191025C154,2019-10-21,2019-10-21 09:30:24,1.49,1.9605,20,1.45,1.9078,10,1.45,1.9078,1,1.47,1.9342,7,0
IWM191025C154,2019-10-21,2019-10-21 09:30:25,1.49,1.9605,118,1.43,1.8815,75,1.45,1.9078,1,1.46,1.921,7,0
IWM191025C154,2019-10-21,2019-10-21 09:30:25,1.48,1.9473,20,1.42,1.8684,76,1.45,1.9078,1,1.45,1.9078,7,0
IWM191025C154,2019-10-21,2019-10-21 09:30:26,1.48,1.9473,151,1.43,1.8815,20,1.45,1.9078,1,1.455,1.9144,7,0
IWM191025C154,2019-10-21,2019-10-21 09:30:26,1.48,1.9473,233,1.42,1.8684,20,1.45,1.9078,1,1.45,1.9078,7,0
IWM191025C154,2019-10-21,2019-10-21 09:30:27,1.48,1.9473,296,1.42,1.8684,38,1.45,1.9078,1,1.45,1.9078,7,0
IWM191025C154,2019-10-21,2019-10-21 09:30:27,1.48,1.9473,233,1.42,1.8684,38,1.45,1.9078,1,1.45,1.9078,7,0
IWM191025C154,2019-10-21,2019-10-21 09:30:28,1.48,1.9473,317,1.42,1.8684,45,1.45,1.9078,1,1.45,1.9078,7,0
IWM191025C154,2019-10-21,2019-10-21 09:30:29,1.48,1.9473,317,1.42,1.8684,45,1.45,1.9078,1,1.45,1.9078,7,0
IWM191025C154,2019-10-21,2019-10-21 09:30:29,1.48,1.9473,319,1.42,1.8684,55,1.45,1.9078,1,1.45,1.9078,7,0
IWM191025C154,2019-10-21,2019-10-21 09:30:30,1.48,1.9473,319,1.42,1.8684,45,1.45,1.9078,1,1.45,1.9078,7,0
IWM191025C154,2019-10-21,2019-10-21 09:30:31,1.48,1.9473,319,1.42,1.8684,40,1.45,1.9078,1,1.45,1.9078,7,0
IWM191025C154,2019-10-21,2019-10-21 09:30:31,1.48,1.9473,319,1.42,1.8684,45,1.45,1.9078,1,1.45,1.9078,7,0
IWM191025C154,2019-10-21,2019-10-21 09:30:32,1.48,1.9473,173,1.42,1.8684,81,1.45,1.9078,1,1.45,1.9078,7,0
IWM191025C154,2019-10-21,2019-10-21 09:30:32,1.48,1.9473,307,1.42,1.8684,40,1.45,1.9078,1,1.45,1.9078,7,0
IWM191025C154,2019-10-21,2019-10-21 09:30:33,1.48,1.9473,173,1.42,1.8684,98,1.45,1.9078,1,1.45,1.9078,7,0
IWM191025C154,2019-10-21,2019-10-21 09:30:34,1.48,1.9473,82,1.42,1.8684,76,1.45,1.9078,1,1.45,1.9078,7,0
IWM191025C154,2019-10-21,2019-10-21 09:30:34,1.48,1.9473,173,1.42,1.8684,98,1.45,1.9078,1,1.45,1.9078,7,0
IWM191025C154,2019-10-21,2019-10-21 09:30:35,1.48,1.9473,52,1.42,1.8684,76,1.45,1.9078,1,1.45,1.9078,7,0
IWM191025C154,2019-10-21,2019-10-21 09:30:35,1.48,1.9473,62,1.42,1.8684,76,1.45,1.9078,1,1.45,1.9078,7,0
IWM191025C154,2019-10-21,2019-10-21 09:30:36,1.48,1.9473,52,1.42,1.8684,76,1.45,1.9078,10,1.45,1.9078,17,10
IWM191025C154,2019-10-21,2019-10-21 09:30:36,1.48,1.9473,62,1.42,1.8684,76,1.45,1.9078,10,1.45,1.9078,17,0
IWM191025C154,2019-10-21,2019-10-21 09:30:37,1.48,1.9473,62,1.42,1.8684,76,1.45,1.9078,10,1.45,1.9078,17,0
IWM191025C154,2019-10-21,2019-10-21 09:30:38,1.48,1.9473,62,1.42,1.8684,76,1.45,1.9078,10,1.45,1.9078,17,0
IWM191025C154,2019-10-21,2019-10-21 09:30:39,1.48,1.9473,72,1.42,1.8684,76,1.44,1.8947,1,1.45,1.9078,18,1
IWM191025C154,2019-10-21,2019-10-21 09:30:40,1.48,1.9473,72,1.42,1.8684,76,1.44,1.8947,1,1.45,1.9078,18,0
IWM191025C154,2019-10-21,2019-10-21 09:30:40,1.48,1.9473,10,1.42,1.8684,195,1.44,1.8947,1,1.45,1.9078,18,0
IWM191025C154,2019-10-21,2019-10-21 09:30:41,1.48,1.9473,10,1.42,1.8684,135,1.44,1.8947,1,1.45,1.9078,18,0
IWM191025C154,2019-10-21,2019-10-21 09:30:42,1.48,1.9473,10,1.42,1.8684,135,1.44,1.8947,1,1.45,1.9078,18,0
IWM191025C154,2019-10-21,2019-10-21 09:30:42,1.48,1.9473,10,1.42,1.8684,316,1.44,1.8947,1,1.45,1.9078,18,0
IWM191025C154,2019-10-21,2019-10-21 09:30:43,1.5,1.9736,8,1.42,1.8684,667,1.44,1.8947,1,1.46,1.921,18,0
IWM191025C154,2019-10-21,2019-10-21 09:30:44,1.5,1.9736,8,1.42,1.8684,785,1.44,1.8947,1,1.46,1.921,18,0
IWM191025C154,2019-10-21,2019-10-21 09:30:45,1.5,1.9736,8,1.48,1.9473,40,1.5,1.9736,3,1.49,1.9605,31,13
IWM191025C154,2019-10-21,2019-10-21 09:30:45,1.5,1.9736,8,1.42,1.8684,927,1.44,1.8947,1,1.46,1.921,18,0
IWM191025C154,2019-10-21,2019-10-21 09:30:46,1.5,1.9736,8,1.48,1.9473,40,1.5,1.9736,3,1.49,1.9605,31,0
IWM191025C154,2019-10-21,2019-10-21 09:30:46,1.51,1.9868,16,1.48,1.9473,72,1.51,1.9868,5,1.495,1.9671,39,8
IWM191025C154,2019-10-21,2019-10-21 09:30:47,1.51,1.9868,24,1.49,1.9605,19,1.51,1.9868,5,1.5,1.9736,52,13
IWM191025C154,2019-10-21,2019-10-21 09:30:47,1.51,1.9868,24,1.5,1.9736,3,1.51,1.9868,8,1.505,1.9802,52,0
IWM191025C154,2019-10-21,2019-10-21 09:30:48,1.52,2.0,119,1.49,1.9605,28,1.5,1.9736,16,1.505,1.9802,71,0
IWM191025C154,2019-10-21,2019-10-21 09:30:48,1.51,1.9868,14,1.49,1.9605,28,1.5,1.9736,16,1.5,1.9736,71,19
IWM191025C154,2019-10-21,2019-10-21 09:30:49,1.52,2.0,95,1.49,1.9605,50,1.5,1.9736,16,1.505,1.9802,71,0
IWM191025C154,2019-10-21,2019-10-21 09:30:49,1.52,2.0,119,1.49,1.9605,55,1.5,1.9736,16,1.505,1.9802,71,0
IWM191025C154,2019-10-21,2019-10-21 09:30:50,1.53,2.0131,33,1.5,1.9736,19,1.51,1.9868,11,1.515,1.9934,88,17
IWM191025C154,2019-10-21,2019-10-21 09:30:50,1.52,2.0,85,1.49,1.9605,50,1.5,1.9736,16,1.505,1.9802,71,0
IWM191025C154,2019-10-21,2019-10-21 09:30:51,1.53,2.0131,20,1.5,1.9736,5,1.51,1.9868,11,1.515,1.9934,88,0
IWM191025C154,2019-10-21,2019-10-21 09:30:51,1.54,2.0263,111,1.49,1.9605,121,1.51,1.9868,11,1.515,1.9934,88,0
IWM191025C154,2019-10-21,2019-10-21 09:30:52,1.54,2.0263,36,1.51,1.9868,19,1.51,1.9868,11,1.525,2.0065,88,0
IWM191025C154,2019-10-21,2019-10-21 09:30:52,1.54,2.0263,41,1.51,1.9868,19,1.51,1.9868,11,1.525,2.0065,88,0
IWM191025C154,2019-10-21,2019-10-21 09:30:53,1.54,2.0263,36,1.5,1.9736,19,1.51,1.9868,11,1.52,2.0,88,0
IWM191025C154,2019-10-21,2019-10-21 09:30:53,1.53,2.0131,1,1.49,1.9605,61,1.51,1.9868,50,1.51,1.9868,188,100
IWM191025C154,2019-10-21,2019-10-21 09:30:54,1.53,2.0131,52,1.49,1.9605,56,1.51,1.9868,50,1.51,1.9868,188,0
IWM191025C154,2019-10-21,2019-10-21 09:30:55,1.53,2.0131,147,1.49,1.9605,56,1.51,1.9868,50,1.51,1.9868,188,0
IWM191025C154,2019-10-21,2019-10-21 09:30:55,1.53,2.0131,52,1.49,1.9605,56,1.51,1.9868,50,1.51,1.9868,188,0
IWM191025C154,2019-10-21,2019-10-21 09:30:56,1.53,2.0131,91,1.49,1.9605,56,1.51,1.9868,50,1.51,1.9868,188,0
IWM191025C154,2019-10-21,2019-10-21 09:30:56,1.53,2.0131,91,1.49,1.9605,84,1.51,1.9868,50,1.51,1.9868,188,0
IWM191025C154,2019-10-21,2019-10-21 09:30:57,1.53,2.0131,43,1.49,1.9605,19,1.51,1.9868,50,1.51,1.9868,188,0
IWM191025C154,2019-10-21,2019-10-21 09:30:58,1.53,2.0131,43,1.5,1.9736,19,1.51,1.9868,50,1.515,1.9934,188,0
IWM191025C154,2019-10-21,2019-10-21 09:30:59,1.53,2.0131,84,1.5,1.9736,29,1.51,1.9868,50,1.515,1.9934,188,0
IWM191025C154,2019-10-21,2019-10-21 09:30:59,1.53,2.0131,64,1.49,1.9605,25,1.51,1.9868,50,1.51,1.9868,188,0
IWM191025C154,2019-10-21,2019-10-21 09:31:00,1.53,2.0131,173,1.5,1.9736,29,1.51,1.9868,50,1.515,1.9934,188,0
IWM191025C154,2019-10-21,2019-10-21 09:31:00,1.53,2.0131,84,1.5,1.9736,29,1.51,1.9868,50,1.515,1.9934,188,0
IWM191025C154,2019-10-21,2019-10-21 09:31:01,1.52,2.0,139,1.48,1.9473,25,1.51,1.9868,50,1.5,1.9736,188,0
IWM191025C154,2019-10-21,2019-10-21 09:31:01,1.53,2.0131,288,1.49,1.9605,48,1.51,1.9868,50,1.51,1.9868,188,0
IWM191025C154,2019-10-21,2019-10-21 09:31:02,1.52,2.0,208,1.48,1.9473,44,1.51,1.9868,50,1.5,1.9736,188,0
IWM191025C154,2019-10-21,2019-10-21 09:31:03,1.52,2.0,235,1.48,1.9473,22,1.51,1.9868,50,1.5,1.9736,188,0
IWM191025C154,2019-10-21,2019-10-21 09:31:03,1.52,2.0,74,1.49,1.9605,10,1.51,1.9868,50,1.505,1.9802,188,0
IWM191025C154,2019-10-21,2019-10-21 09:31:04,1.52,2.0,10,1.48,1.9473,50,1.51,1.9868,50,1.5,1.9736,188,0
IWM191025C154,2019-10-21,2019-10-21 09:31:04,1.53,2.0131,108,1.49,1.9605,40,1.51,1.9868,50,1.51,1.9868,188,0
IWM191025C154,2019-10-21,2019-10-21 09:31:05,1.53,2.0131,20,1.5,1.9736,81,1.51,1.9868,50,1.515,1.9934,188,0
IWM191025C154,2019-10-21,2019-10-21 09:31:05,1.53,2.0131,20,1.5,1.9736,30,1.51,1.9868,50,1.515,1.9934,188,0
IWM191025C154,2019-10-21,2019-10-21 09:31:06,1.53,2.0131,20,1.5,1.9736,71,1.51,1.9868,50,1.515,1.9934,188,0
IWM191025C154,2019-10-21,2019-10-21 09:31:06,1.53,2.0131,20,1.51,1.9868,53,1.51,1.9868,50,1.52,2.0,188,0
IWM191025C154,2019-10-21,2019-10-21 09:31:07,1.55,2.0394,189,1.51,1.9868,52,1.51,1.9868,50,1.53,2.0131,188,0
IWM191025C154,2019-10-21,2019-10-21 09:31:07,1.53,2.0131,20,1.51,1.9868,53,1.51,1.9868,50,1.52,2.0,188,0
IWM191025C154,2019-10-21,2019-10-21 09:31:08,1.56,2.0526,80,1.51,1.9868,63,1.51,1.9868,50,1.535,2.0197,188,0
IWM191025C154,2019-10-21,2019-10-21 09:31:08,1.56,2.0526,80,1.51,1.9868,115,1.51,1.9868,50,1.535,2.0197,188,0
IWM191025C154,2019-10-21,2019-10-21 09:31:09,1.57,2.0657,142,1.53,2.0131,163,1.51,1.9868,50,1.55,2.0394,188,0
IWM191025C154,2019-10-21,2019-10-21 09:31:09,1.57,2.0657,142,1.53,2.0131,92,1.51,1.9868,50,1.55,2.0394,188,0
IWM191025C154,2019-10-21,2019-10-21 09:31:10,1.57,2.0657,137,1.53,2.0131,182,1.51,1.9868,50,1.55,2.0394,188,0
IWM191025C154,2019-10-21,2019-10-21 09:31:10,1.58,2.0789,61,1.52,2.0,85,1.51,1.9868,50,1.55,2.0394,188,0
IWM191025C154,2019-10-21,2019-10-21 09:31:11,1.58,2.0789,150,1.52,2.0,196,1.51,1.9868,50,1.55,2.0394,188,0
IWM191025C154,2019-10-21,2019-10-21 09:31:11,1.58,2.0789,149,1.54,2.0263,10,1.51,1.9868,50,1.56,2.0526,188,0
IWM191025C154,2019-10-21,2019-10-21 09:31:12,1.58,2.0789,150,1.52,2.0,261,1.51,1.9868,50,1.55,2.0394,188,0
IWM191025C154,2019-10-21,2019-10-21 09:31:12,1.58,2.0789,34,1.54,2.0263,76,1.51,1.9868,50,1.56,2.0526,188,0
IWM191025C154,2019-10-21,2019-10-21 09:31:13,1.58,2.0789,12,1.54,2.0263,122,1.51,1.9868,50,1.56,2.0526,188,0
IWM191025C154,2019-10-21,2019-10-21 09:31:13,1.58,2.0789,40,1.54,2.0263,68,1.51,1.9868,50,1.56,2.0526,188,0
IWM191025C154,2019-10-21,2019-10-21 09:31:14,1.58,2.0789,12,1.54,2.0263,161,1.51,1.9868,50,1.56,2.0526,188,0
IWM191025C154,2019-10-21,2019-10-21 09:31:14,1.58,2.0789,12,1.54,2.0263,122,1.51,1.9868,50,1.56,2.0526,188,0
IWM191025C154,2019-10-21,2019-10-21 09:31:15,1.57,2.0657,28,1.54,2.0263,192,1.51,1.9868,50,1.555,2.046,188,0
IWM191025C154,2019-10-21,2019-10-21 09:31:15,1.58,2.0789,14,1.54,2.0263,192,1.51,1.9868,50,1.56,2.0526,188,0
IWM191025C154,2019-10-21,2019-10-21 09:31:16,1.57,2.0657,20,1.53,2.0131,55,1.51,1.9868,50,1.55,2.0394,188,0
IWM191025C154,2019-10-21,2019-10-21 09:31:16,1.57,2.0657,47,1.54,2.0263,192,1.51,1.9868,50,1.555,2.046,188,0
IWM191025C154,2019-10-21,2019-10-21 09:31:17,1.58,2.0789,67,1.54,2.0263,19,1.51,1.9868,50,1.56,2.0526,188,0
IWM191025C154,2019-10-21,2019-10-21 09:31:18,1.58,2.0789,30,1.53,2.0131,33,1.51,1.9868,50,1.555,2.046,188,0
IWM191025C154,2019-10-21,2019-10-21 09:31:19,1.57,2.0657,101,1.53,2.0131,36,1.51,1.9868,50,1.55,2.0394,188,0
IWM191025C154,2019-10-21,2019-10-21 09:31:19,1.57,2.0657,81,1.53,2.0131,19,1.51,1.9868,50,1.55,2.0394,188,0
IWM191025C154,2019-10-21,2019-10-21 09:31:20,1.58,2.0789,112,1.53,2.0131,19,1.51,1.9868,50,1.555,2.046,188,0
IWM191025C154,2019-10-21,2019-10-21 09:31:20,1.58,2.0789,100,1.53,2.0131,19,1.51,1.9868,50,1.555,2.046,188,0
IWM191025C154,2019-10-21,2019-10-21 09:31:21,1.58,2.0789,100,1.55,2.0394,19,1.51,1.9868,50,1.565,2.0592,188,0
IWM191025C154,2019-10-21,2019-10-21 09:31:22,1.58,2.0789,151,1.54,2.0263,37,1.51,1.9868,50,1.56,2.0526,188,0
IWM191025C154,2019-10-21,2019-10-21 09:31:22,1.58,2.0789,161,1.54,2.0263,37,1.51,1.9868,50,1.56,2.0526,188,0
IWM191025C154,2019-10-21,2019-10-21 09:31:23,1.58,2.0789,164,1.54,2.0263,19,1.51,1.9868,50,1.56,2.0526,188,0
IWM191025C154,2019-10-21,2019-10-21 09:31:23,1.58,2.0789,164,1.54,2.0263,34,1.51,1.9868,50,1.56,2.0526,188,0
IWM191025C154,2019-10-21,2019-10-21 09:31:24,1.58,2.0789,211,1.54,2.0263,28,1.51,1.9868,50,1.56,2.0526,188,0
IWM191025C154,2019-10-21,2019-10-21 09:31:24,1.58,2.0789,221,1.54,2.0263,30,1.51,1.9868,50,1.56,2.0526,188,0
IWM191025C154,2019-10-21,2019-10-21 09:31:25,1.58,2.0789,211,1.54,2.0263,30,1.51,1.9868,50,1.56,2.0526,188,0
IWM191025C154,2019-10-21,2019-10-21 09:31:25,1.58,2.0789,211,1.54,2.0263,29,1.51,1.9868,50,1.56,2.0526,188,0
IWM191025C154,2019-10-21,2019-10-21 09:31:26,1.58,2.0789,221,1.55,2.0394,19,1.51,1.9868,50,1.565,2.0592,188,0
IWM191025C154,2019-10-21,2019-10-21 09:31:26,1.58,2.0789,211,1.55,2.0394,19,1.51,1.9868,50,1.565,2.0592,188,0
IWM191025C154,2019-10-21,2019-10-21 09:31:27,1.58,2.0789,198,1.55,2.0394,19,1.55,2.0394,10,1.565,2.0592,198,10
IWM191025C154,2019-10-21,2019-10-21 09:31:27,1.58,2.0789,198,1.54,2.0263,90,1.55,2.0394,10,1.56,2.0526,198,0
IWM191025C154,2019-10-21,2019-10-21 09:31:28,1.57,2.0657,25,1.54,2.0263,19,1.55,2.0394,10,1.555,2.046,198,0
IWM191025C154,2019-10-21,2019-10-21 09:31:28,1.58,2.0789,64,1.55,2.0394,19,1.55,2.0394,10,1.565,2.0592,198,0
IWM191025C154,2019-10-21,2019-10-21 09:31:29,1.57,2.0657,25,1.54,2.0263,19,1.55,2.0394,10,1.555,2.046,198,0
IWM191025C154,2019-10-21,2019-10-21 09:31:30,1.57,2.0657,14,1.54,2.0263,19,1.55,2.0394,10,1.555,2.046,198,0
IWM191025C154,2019-10-21,2019-10-21 09:31:30,1.57,2.0657,25,1.54,2.0263,19,1.55,2.0394,10,1.555,2.046,198,0
IWM191025C154,2019-10-21,2019-10-21 09:31:31,1.58,2.0789,54,1.54,2.0263,18,1.55,2.0394,10,1.56,2.0526,198,0
IWM191025C154,2019-10-21,2019-10-21 09:31:31,1.58,2.0789,157,1.54,2.0263,32,1.55,2.0394,10,1.56,2.0526,198,0
IWM191025C154,2019-10-21,2019-10-21 09:31:32,1.58,2.0789,165,1.54,2.0263,32,1.55,2.0394,10,1.56,2.0526,198,0
IWM191025C154,2019-10-21,2019-10-21 09:31:32,1.58,2.0789,165,1.55,2.0394,19,1.55,2.0394,10,1.565,2.0592,198,0
IWM191025C154,2019-10-21,2019-10-21 09:31:33,1.58,2.0789,165,1.54,2.0263,24,1.55,2.0394,10,1.56,2.0526,198,0
IWM191025C154,2019-10-21,2019-10-21 09:31:33,1.58,2.0789,175,1.54,2.0263,24,1.55,2.0394,10,1.56,2.0526,198,0
IWM191025C154,2019-10-21,2019-10-21 09:31:34,1.58,2.0789,187,1.54,2.0263,24,1.55,2.0394,10,1.56,2.0526,198,0
IWM191025C154,2019-10-21,2019-10-21 09:31:34,1.58,2.0789,177,1.54,2.0263,33,1.55,2.0394,10,1.56,2.0526,198,0
IWM191025C154,2019-10-21,2019-10-21 09:31:35,1.58,2.0789,198,1.54,2.0263,33,1.55,2.0394,10,1.56,2.0526,198,0
IWM191025C154,2019-10-21,2019-10-21 09:31:35,1.58,2.0789,289,1.54,2.0263,19,1.55,2.0394,10,1.56,2.0526,198,0
IWM191025C154,2019-10-21,2019-10-21 09:31:36,1.58,2.0789,264,1.53,2.0131,38,1.55,2.0394,10,1.555,2.046,198,0
IWM191025C154,2019-10-21,2019-10-21 09:31:36,1.58,2.0789,289,1.53,2.0131,38,1.55,2.0394,10,1.555,2.046,198,0
IWM191025C154,2019-10-21,2019-10-21 09:31:37,1.58,2.0789,264,1.55,2.0394,19,1.55,2.0394,10,1.565,2.0592,198,0
IWM191025C154,2019-10-21,2019-10-21 09:31:38,1.58,2.0789,40,1.54,2.0263,19,1.55,2.0394,10,1.56,2.0526,198,0
IWM191025C154,2019-10-21,2019-10-21 09:31:38,1.58,2.0789,232,1.53,2.0131,19,1.55,2.0394,10,1.555,2.046,198,0
IWM191025C154,2019-10-21,2019-10-21 09:31:39,1.58,2.0789,454,1.53,2.0131,19,1.55,2.0394,10,1.555,2.046,198,0
IWM191025C154,2019-10-21,2019-10-21 09:31:39,1.58,2.0789,328,1.53,2.0131,19,1.55,2.0394,10,1.555,2.046,198,0
IWM191025C154,2019-10-21,2019-10-21 09:31:40,1.56,2.0526,40,1.53,2.0131,19,1.55,2.0394,10,1.545,2.0328,198,0
IWM191025C154,2019-10-21,2019-10-21 09:31:40,1.58,2.0789,306,1.52,2.0,19,1.55,2.0394,10,1.55,2.0394,198,0
IWM191025C154,2019-10-21,2019-10-21 09:31:41,1.56,2.0526,103,1.52,2.0,19,1.55,2.0394,10,1.54,2.0263,198,0
IWM191025C154,2019-10-21,2019-10-21 09:31:42,1.56,2.0526,130,1.52,2.0,19,1.55,2.0394,10,1.54,2.0263,198,0
IWM191025C154,2019-10-21,2019-10-21 09:31:42,1.56,2.0526,120,1.51,1.9868,96,1.55,2.0394,10,1.535,2.0197,198,0
IWM191025C154,2019-10-21,2019-10-21 09:31:43,1.56,2.0526,115,1.53,2.0131,19,1.55,2.0394,10,1.545,2.0328,198,0
IWM191025C154,2019-10-21,2019-10-21 09:31:43,1.56,2.0526,120,1.52,2.0,48,1.55,2.0394,10,1.54,2.0263,198,0
IWM191025C154,2019-10-21,2019-10-21 09:31:44,1.57,2.0657,55,1.53,2.0131,14,1.55,2.0394,10,1.55,2.0394,198,0
IWM191025C154,2019-10-21,2019-10-21 09:31:44,1.57,2.0657,37,1.53,2.0131,14,1.55,2.0394,10,1.55,2.0394,198,0
IWM191025C154,2019-10-21,2019-10-21 09:31:45,1.56,2.0526,36,1.53,2.0131,21,1.55,2.0394,10,1.545,2.0328,198,0
IWM191025C154,2019-10-21,2019-10-21 09:31:45,1.56,2.0526,19,1.53,2.0131,21,1.55,2.0394,10,1.545,2.0328,198,0
IWM191025C154,2019-10-21,2019-10-21 09:31:46,1.55,2.0394,25,1.52,2.0,21,1.55,2.0394,10,1.535,2.0197,198,0
IWM191025C154,2019-10-21,2019-10-21 09:31:46,1.56,2.0526,36,1.52,2.0,24,1.55,2.0394,10,1.54,2.0263,198,0
IWM191025C154,2019-10-21,2019-10-21 09:31:47,1.55,2.0394,25,1.52,2.0,21,1.55,2.0394,10,1.535,2.0197,198,0
IWM191025C154,2019-10-21,2019-10-21 09:31:47,1.55,2.0394,20,1.52,2.0,19,1.55,2.0394,10,1.535,2.0197,198,0
IWM191025C154,2019-10-21,2019-10-21 09:31:48,1.55,2.0394,36,1.52,2.0,19,1.55,2.0394,10,1.535,2.0197,198,0
IWM191025C154,2019-10-21,2019-10-21 09:31:49,1.55,2.0394,20,1.52,2.0,35,1.55,2.0394,10,1.535,2.0197,198,0
IWM191025C154,2019-10-21,2019-10-21 09:31:49,1.55,2.0394,36,1.52,2.0,23,1.55,2.0394,10,1.535,2.0197,198,0
IWM191025C154,2019-10-21,2019-10-21 09:31:50,1.55,2.0394,30,1.52,2.0,89,1.55,2.0394,10,1.535,2.0197,198,0
IWM191025C154,2019-10-21,2019-10-21 09:31:50,1.55,2.0394,38,1.53,2.0131,19,1.55,2.0394,10,1.54,2.0263,198,0
IWM191025C154,2019-10-21,2019-10-21 09:31:51,1.56,2.0526,30,1.53,2.0131,44,1.55,2.0394,10,1.545,2.0328,198,0
IWM191025C154,2019-10-21,2019-10-21 09:31:51,1.55,2.0394,38,1.53,2.0131,19,1.55,2.0394,10,1.54,2.0263,198,0
IWM191025C154,2019-10-21,2019-10-21 09:31:52,1.56,2.0526,30,1.53,2.0131,44,1.55,2.0394,10,1.545,2.0328,198,0
IWM191025C154,2019-10-21,2019-10-21 09:31:52,1.56,2.0526,28,1.52,2.0,38,1.55,2.0394,10,1.54,2.0263,198,0
IWM191025C154,2019-10-21,2019-10-21 09:31:53,1.57,2.0657,72,1.54,2.0263,19,1.55,2.0394,10,1.555,2.046,198,0
IWM191025C154,2019-10-21,2019-10-21 09:31:53,1.57,2.0657,84,1.52,2.0,325,1.55,2.0394,10,1.545,2.0328,198,0
IWM191025C154,2019-10-21,2019-10-21 09:31:54,1.57,2.0657,30,1.55,2.0394,19,1.55,2.0394,10,1.56,2.0526,198,0
IWM191025C154,2019-10-21,2019-10-21 09:31:54,1.57,2.0657,27,1.54,2.0263,19,1.55,2.0394,10,1.555,2.046,198,0
IWM191025C154,2019-10-21,2019-10-21 09:31:55,1.58,2.0789,120,1.55,2.0394,19,1.55,2.0394,10,1.565,2.0592,198,0
IWM191025C154,2019-10-21,2019-10-21 09:31:55,1.58,2.0789,147,1.55,2.0394,19,1.55,2.0394,10,1.565,2.0592,198,0
IWM191025C154,2019-10-21,2019-10-21 09:31:56,1.58,2.0789,46,1.56,2.0526,62,1.58,2.0789,2,1.57,2.0657,201,2
IWM191025C154,2019-10-21,2019-10-21 09:31:56,1.58,2.0789,32,1.56,2.0526,62,1.58,2.0789,1,1.57,2.0657,199,1
IWM191025C154,2019-10-21,2019-10-21 09:31:57,1.61,2.1184,20,1.58,2.0789,49,1.58,2.0789,6,1.595,2.0986,228,27
IWM191025C154,2019-10-21,2019-10-21 09:31:58,1.62,2.1315,1,1.59,2.0921,121,1.58,2.0789,6,1.605,2.1118,228,0
IWM191025C154,2019-10-21,2019-10-21 09:31:58,1.62,2.1315,20,1.59,2.0921,44,1.58,2.0789,6,1.605,2.1118,228,0
IWM191025C154,2019-10-21,2019-10-21 09:31:59,1.62,2.1315,1,1.6,2.1052,21,1.58,2.0789,6,1.61,2.1184,228,0
IWM191025C154,2019-10-21,2019-10-21 09:32:00,1.62,2.1315,1,1.6,2.1052,21,1.58,2.0789,6,1.61,2.1184,228,0
IWM191025C154,2019-10-21,2019-10-21 09:32:01,1.62,2.1315,1,1.6,2.1052,40,1.58,2.0789,6,1.61,2.1184,228,0
IWM191025C154,2019-10-21,2019-10-21 09:32:01,1.62,2.1315,11,1.59,2.0921,41,1.58,2.0789,6,1.605,2.1118,228,0
IWM191025C154,2019-10-21,2019-10-21 09:32:02,1.64,2.1578,19,1.61,2.1184,21,1.62,2.1315,1,1.625,2.1381,229,1
IWM191025C154,2019-10-21,2019-10-21 09:32:02,1.62,2.1315,11,1.59,2.0921,65,1.58,2.0789,6,1.605,2.1118,228,0
IWM191025C154,2019-10-21,2019-10-21 09:32:03,1.64,2.1578,28,1.62,2.1315,19,1.62,2.1315,1,1.63,2.1447,229,0
IWM191025C154,2019-10-21,2019-10-21 09:32:03,1.64,2.1578,28,1.61,2.1184,40,1.62,2.1315,1,1.625,2.1381,229,0
IWM191025C154,2019-10-21,2019-10-21 09:32:04,1.65,2.171,130,1.62,2.1315,26,1.62,2.1315,1,1.635,2.1513,229,0
IWM191025C154,2019-10-21,2019-10-21 09:32:04,1.65,2.171,196,1.62,2.1315,3,1.62,2.1315,1,1.635,2.1513,229,0
IWM191025C154,2019-10-21,2019-10-21 09:32:05,1.65,2.171,196,1.61,2.1184,43,1.62,2.1315,1,1.63,2.1447,229,0
IWM191025C154,2019-10-21,2019-10-21 09:32:05,1.65,2.171,196,1.61,2.1184,39,1.62,2.1315,1,1.63,2.1447,229,0
IWM191025C154,2019-10-21,2019-10-21 09:32:06,1.65,2.171,248,1.6,2.1052,59,1.62,2.1315,1,1.625,2.1381,229,0
IWM191025C154,2019-10-21,2019-10-21 09:32:06,1.65,2.171,196,1.6,2.1052,45,1.62,2.1315,1,1.625,2.1381,229,0
IWM191025C154,2019-10-21,2019-10-21 09:32:07,1.65,2.171,10,1.62,2.1315,26,1.62,2.1315,1,1.635,2.1513,229,0
IWM191025C154,2019-10-21,2019-10-21 09:32:07,1.64,2.1578,25,1.61,2.1184,21,1.62,2.1315,1,1.625,2.1381,229,0
IWM191025C154,2019-10-21,2019-10-21 09:32:08,1.68,2.2105,90,1.63,2.1447,19,1.66,2.1842,10,1.655,2.1776,239,10
IWM191025C154,2019-10-21,2019-10-21 09:32:08,1.68,2.2105,13,1.63,2.1447,3,1.62,2.1315,1,1.655,2.1776,229,0
IWM191025C154,2019-10-21,2019-10-21 09:32:09,1.68,2.2105,90,1.63,2.1447,19,1.66,2.1842,10,1.655,2.1776,239,0
IWM191025C154,2019-10-21,2019-10-21 09:32:09,1.68,2.2105,74,1.64,2.1578,41,1.66,2.1842,10,1.66,2.1842,239,0
IWM191025C154,2019-10-21,2019-10-21 09:32:10,1.68,2.2105,74,1.64,2.1578,8,1.66,2.1842,10,1.66,2.1842,239,0
IWM191025C154,2019-10-21,2019-10-21 09:32:11,1.67,2.1973,14,1.64,2.1578,8,1.66,2.1842,10,1.655,2.1776,239,0
IWM191025C154,2019-10-21,2019-10-21 09:32:11,1.68,2.2105,85,1.64,2.1578,30,1.66,2.1842,10,1.66,2.1842,239,0
IWM191025C154,2019-10-21,2019-10-21 09:32:12,1.68,2.2105,85,1.65,2.171,38,1.66,2.1842,10,1.665,2.1907,239,0
IWM191025C154,2019-10-21,2019-10-21 09:32:12,1.68,2.2105,85,1.65,2.171,45,1.66,2.1842,10,1.665,2.1907,239,0
IWM191025C154,2019-10-21,2019-10-21 09:32:13,1.7,2.2368,99,1.66,2.1842,27,1.66,2.1842,10,1.68,2.2105,239,0
IWM191025C154,2019-10-21,2019-10-21 09:32:13,1.7,2.2368,65,1.68,2.2105,6,1.66,2.1842,10,1.69,2.2236,239,0
IWM191025C154,2019-10-21,2019-10-21 09:32:14,1.71,2.25,30,1.69,2.2236,22,1.66,2.1842,10,1.7,2.2368,239,0
IWM191025C154,2019-10-21,2019-10-21 09:32:14,1.7,2.2368,65,1.68,2.2105,38,1.66,2.1842,10,1.69,2.2236,239,0
IWM191025C154,2019-10-21,2019-10-21 09:32:15,1.72,2.2631,28,1.67,2.1973,30,1.66,2.1842,10,1.695,2.2302,239,0
IWM191025C154,2019-10-21,2019-10-21 09:32:15,1.72,2.2631,36,1.67,2.1973,21,1.66,2.1842,10,1.695,2.2302,239,0
IWM191025C154,2019-10-21,2019-10-21 09:32:16,1.72,2.2631,67,1.68,2.2105,20,1.66,2.1842,10,1.7,2.2368,239,0
IWM191025C154,2019-10-21,2019-10-21 09:32:16,1.72,2.2631,55,1.68,2.2105,20,1.66,2.1842,10,1.7,2.2368,239,0
IWM191025C154,2019-10-21,2019-10-21 09:32:17,1.72,2.2631,120,1.67,2.1973,55,1.66,2.1842,10,1.695,2.2302,239,0
IWM191025C154,2019-10-21,2019-10-21 09:32:18,1.72,2.2631,110,1.67,2.1973,55,1.66,2.1842,10,1.695,2.2302,239,0
IWM191025C154,2019-10-21,2019-10-21 09:32:18,1.72,2.2631,120,1.67,2.1973,55,1.66,2.1842,10,1.695,2.2302,239,0
IWM191025C154,2019-10-21,2019-10-21 09:32:19,1.72,2.2631,20,1.68,2.2105,41,1.66,2.1842,10,1.7,2.2368,239,0
IWM191025C154,2019-10-21,2019-10-21 09:32:19,1.73,2.2763,44,1.69,2.2236,21,1.66,2.1842,10,1.71,2.25,239,0
IWM191025C154,2019-10-21,2019-10-21 09:32:20,1.72,2.2631,174,1.66,2.1842,73,1.66,2.1842,10,1.69,2.2236,239,0
IWM191025C154,2019-10-21,2019-10-21 09:32:20,1.72,2.2631,66,1.66,2.1842,32,1.66,2.1842,10,1.69,2.2236,239,0
IWM191025C154,2019-10-21,2019-10-21 09:32:21,1.72,2.2631,493,1.66,2.1842,73,1.66,2.1842,10,1.69,2.2236,239,0
IWM191025C154,2019-10-21,2019-10-21 09:32:21,1.72,2.2631,493,1.66,2.1842,18,1.66,2.1842,10,1.69,2.2236,239,0
IWM191025C154,2019-10-21,2019-10-21 09:32:22,1.72,2.2631,493,1.65,2.171,108,1.66,2.1842,10,1.685,2.2171,239,0
IWM191025C154,2019-10-21,2019-10-21 09:32:23,1.72,2.2631,493,1.65,2.171,94,1.66,2.1842,10,1.685,2.2171,239,0
IWM191025C154,2019-10-21,2019-10-21 09:32:23,1.7,2.2368,61,1.65,2.171,69,1.66,2.1842,10,1.675,2.2039,239,0
IWM191025C154,2019-10-21,2019-10-21 09:32:24,1.7,2.2368,110,1.64,2.1578,63,1.66,2.1842,10,1.67,2.1973,239,0
IWM191025C154,2019-10-21,2019-10-21 09:32:24,1.7,2.2368,148,1.65,2.171,69,1.66,2.1842,10,1.675,2.2039,239,0
IWM191025C154,2019-10-21,2019-10-21 09:32:25,1.7,2.2368,207,1.64,2.1578,121,1.66,2.1842,10,1.67,2.1973,239,0
IWM191025C154,2019-10-21,2019-10-21 09:32:25,1.7,2.2368,197,1.65,2.171,46,1.66,2.1842,10,1.675,2.2039,239,0
IWM191025C154,2019-10-21,2019-10-21 09:32:26,1.7,2.2368,388,1.65,2.171,86,1.66,2.1842,10,1.675,2.2039,239,0
IWM191025C154,2019-10-21,2019-10-21 09:32:26,1.7,2.2368,388,1.65,2.171,87,1.66,2.1842,10,1.675,2.2039,239,0
IWM191025C154,2019-10-21,2019-10-21 09:32:27,1.7,2.2368,325,1.65,2.171,90,1.66,2.1842,10,1.675,2.2039,239,0
IWM191025C154,2019-10-21,2019-10-21 09:32:27,1.7,2.2368,325,1.65,2.171,87,1.66,2.1842,10,1.675,2.2039,239,0
IWM191025C154,2019-10-21,2019-10-21 09:32:28,1.7,2.2368,258,1.65,2.171,62,1.66,2.1842,10,1.675,2.2039,239,0
IWM191025C154,2019-10-21,2019-10-21 09:32:28,1.7,2.2368,387,1.65,2.171,90,1.66,2.1842,10,1.675,2.2039,239,0
IWM191025C154,2019-10-21,2019-10-21 09:32:29,1.7,2.2368,258,1.65,2.171,62,1.66,2.1842,10,1.675,2.2039,239,0
IWM191025C154,2019-10-21,2019-10-21 09:32:30,1.7,2.2368,387,1.65,2.171,62,1.66,2.1842,10,1.675,2.2039,239,0
IWM191025C154,2019-10-21,2019-10-21 09:32:31,1.7,2.2368,387,1.65,2.171,62,1.66,2.1842,10,1.675,2.2039,239,0
IWM191025C154,2019-10-21,2019-10-21 09:32:32,1.7,2.2368,325,1.66,2.1842,24,1.66,2.1842,10,1.68,2.2105,239,0
IWM191025C154,2019-10-21,2019-10-21 09:32:32,1.7,2.2368,325,1.65,2.171,62,1.66,2.1842,10,1.675,2.2039,239,0
IWM191025C154,2019-10-21,2019-10-21 09:32:33,1.7,2.2368,325,1.66,2.1842,24,1.66,2.1842,10,1.68,2.2105,239,0
IWM191025C154,2019-10-21,2019-10-21 09:32:34,1.7,2.2368,207,1.65,2.171,38,1.66,2.1842,10,1.675,2.2039,239,0
IWM191025C154,2019-10-21,2019-10-21 09:32:34,1.7,2.2368,325,1.66,2.1842,24,1.66,2.1842,10,1.68,2.2105,239,0
IWM191025C154,2019-10-21,2019-10-21 09:32:35,1.69,2.2236,3,1.65,2.171,90,1.66,2.1842,10,1.67,2.1973,239,0
IWM191025C154,2019-10-21,2019-10-21 09:32:35,1.7,2.2368,207,1.65,2.171,66,1.66,2.1842,10,1.675,2.2039,239,0
IWM191025C154,2019-10-21,2019-10-21 09:32:36,1.7,2.2368,252,1.65,2.171,94,1.66,2.1842,10,1.675,2.2039,239,0
IWM191025C154,2019-10-21,2019-10-21 09:32:37,1.69,2.2236,3,1.66,2.1842,31,1.66,2.1842,10,1.675,2.2039,239,0
IWM191025C154,2019-10-21,2019-10-21 09:32:38,1.69,2.2236,10,1.65,2.171,73,1.66,2.1842,10,1.67,2.1973,239,0
IWM191025C154,2019-10-21,2019-10-21 09:32:38,1.69,2.2236,3,1.66,2.1842,31,1.66,2.1842,10,1.675,2.2039,239,0
IWM191025C154,2019-10-21,2019-10-21 09:32:39,1.69,2.2236,30,1.66,2.1842,5,1.66,2.1842,10,1.675,2.2039,239,0
IWM191025C154,2019-10-21,2019-10-21 09:32:39,1.69,2.2236,10,1.65,2.171,89,1.66,2.1842,10,1.67,2.1973,239,0
IWM191025C154,2019-10-21,2019-10-21 09:32:40,1.69,2.2236,30,1.66,2.1842,5,1.66,2.1842,10,1.675,2.2039,239,0
IWM191025C154,2019-10-21,2019-10-21 09:32:41,1.69,2.2236,45,1.65,2.171,8,1.66,2.1842,10,1.67,2.1973,239,0
IWM191025C154,2019-10-21,2019-10-21 09:32:41,1.69,2.2236,30,1.65,2.171,7,1.66,2.1842,10,1.67,2.1973,239,0
IWM191025C154,2019-10-21,2019-10-21 09:32:42,1.69,2.2236,147,1.65,2.171,9,1.66,2.1842,10,1.67,2.1973,239,0
IWM191025C154,2019-10-21,2019-10-21 09:32:42,1.69,2.2236,147,1.65,2.171,7,1.66,2.1842,10,1.67,2.1973,239,0
IWM191025C154,2019-10-21,2019-10-21 09:32:43,1.69,2.2236,147,1.65,2.171,9,1.66,2.1842,10,1.67,2.1973,239,0
IWM191025C154,2019-10-21,2019-10-21 09:32:43,1.69,2.2236,294,1.64,2.1578,87,1.66,2.1842,10,1.665,2.1907,239,0
IWM191025C154,2019-10-21,2019-10-21 09:32:44,1.69,2.2236,294,1.64,2.1578,60,1.66,2.1842,10,1.665,2.1907,239,0
IWM191025C154,2019-10-21,2019-10-21 09:32:44,1.69,2.2236,294,1.64,2.1578,100,1.66,2.1842,10,1.665,2.1907,239,0
IWM191025C154,2019-10-21,2019-10-21 09:32:45,1.69,2.2236,294,1.64,2.1578,18,1.66,2.1842,10,1.665,2.1907,239,0
IWM191025C154,2019-10-21,2019-10-21 09:32:45,1.69,2.2236,294,1.64,2.1578,85,1.66,2.1842,10,1.665,2.1907,239,0
IWM191025C154,2019-10-21,2019-10-21 09:32:46,1.67,2.1973,3,1.63,2.1447,11,1.66,2.1842,10,1.65,2.171,239,0
IWM191025C154,2019-10-21,2019-10-21 09:32:46,1.67,2.1973,14,1.63,2.1447,30,1.66,2.1842,10,1.65,2.171,239,0
IWM191025C154,2019-10-21,2019-10-21 09:32:47,1.67,2.1973,214,1.62,2.1315,118,1.66,2.1842,10,1.645,2.1644,239,0
IWM191025C154,2019-10-21,2019-10-21 09:32:48,1.67,2.1973,214,1.62,2.1315,154,1.66,2.1842,10,1.645,2.1644,239,0
IWM191025C154,2019-10-21,2019-10-21 09:32:48,1.67,2.1973,214,1.62,2.1315,116,1.66,2.1842,10,1.645,2.1644,239,0
IWM191025C154,2019-10-21,2019-10-21 09:32:49,1.67,2.1973,153,1.63,2.1447,38,1.66,2.1842,10,1.65,2.171,239,0
IWM191025C154,2019-10-21,2019-10-21 09:32:49,1.67,2.1973,153,1.63,2.1447,24,1.66,2.1842,10,1.65,2.171,239,0
IWM191025C154,2019-10-21,2019-10-21 09:32:50,1.66,2.1842,1,1.63,2.1447,26,1.66,2.1842,10,1.645,2.1644,239,0
IWM191025C154,2019-10-21,2019-10-21 09:32:51,1.66,2.1842,10,1.63,2.1447,5,1.66,2.1842,10,1.645,2.1644,239,0
IWM191025C154,2019-10-21,2019-10-21 09:32:52,1.66,2.1842,10,1.63,2.1447,5,1.66,2.1842,10,1.645,2.1644,239,0
IWM191025C154,2019-10-21,2019-10-21 09:32:52,1.66,2.1842,44,1.63,2.1447,5,1.66,2.1842,10,1.645,2.1644,239,0
IWM191025C154,2019-10-21,2019-10-21 09:32:53,1.66,2.1842,84,1.63,2.1447,3,1.66,2.1842,10,1.645,2.1644,239,0
IWM191025C154,2019-10-21,2019-10-21 09:32:54,1.66,2.1842,84,1.62,2.1315,54,1.66,2.1842,10,1.64,2.1578,239,0
IWM191025C154,2019-10-21,2019-10-21 09:32:54,1.66,2.1842,148,1.62,2.1315,59,1.66,2.1842,10,1.64,2.1578,239,0
IWM191025C154,2019-10-21,2019-10-21 09:32:55,1.66,2.1842,250,1.62,2.1315,26,1.66,2.1842,10,1.64,2.1578,239,0
IWM191025C154,2019-10-21,2019-10-21 09:32:55,1.66,2.1842,250,1.63,2.1447,3,1.66,2.1842,10,1.645,2.1644,239,0
IWM191025C154,2019-10-21,2019-10-21 09:32:56,1.66,2.1842,209,1.62,2.1315,43,1.66,2.1842,10,1.64,2.1578,239,0
IWM191025C154,2019-10-21,2019-10-21 09:32:56,1.66,2.1842,250,1.62,2.1315,41,1.66,2.1842,10,1.64,2.1578,239,0
IWM191025C154,2019-10-21,2019-10-21 09:32:57,1.66,2.1842,148,1.62,2.1315,63,1.66,2.1842,10,1.64,2.1578,239,0
IWM191025C154,2019-10-21,2019-10-21 09:32:57,1.66,2.1842,90,1.62,2.1315,43,1.66,2.1842,10,1.64,2.1578,239,0
IWM191025C154,2019-10-21,2019-10-21 09:32:58,1.68,2.2105,99,1.65,2.171,3,1.66,2.1842,10,1.665,2.1907,239,0
IWM191025C154,2019-10-21,2019-10-21 09:32:58,1.66,2.1842,148,1.62,2.1315,63,1.66,2.1842,10,1.64,2.1578,239,0
IWM191025C154,2019-10-21,2019-10-21 09:32:59,1.68,2.2105,99,1.65,2.171,17,1.66,2.1842,10,1.665,2.1907,239,0
IWM191025C154,2019-10-21,2019-10-21 09:32:59,1.68,2.2105,99,1.65,2.171,6,1.66,2.1842,10,1.665,2.1907,239,0
IWM191025C154,2019-10-21,2019-10-21 09:33:00,1.68,2.2105,99,1.65,2.171,7,1.66,2.1842,10,1.665,2.1907,239,0
IWM191025C154,2019-10-21,2019-10-21 09:33:00,1.68,2.2105,147,1.65,2.171,1,1.66,2.1842,10,1.665,2.1907,239,0
IWM191025C154,2019-10-21,2019-10-21 09:33:01,1.68,2.2105,158,1.65,2.171,6,1.66,2.1842,10,1.665,2.1907,239,0
IWM191025C154,2019-10-21,2019-10-21 09:33:01,1.68,2.2105,147,1.65,2.171,6,1.66,2.1842,10,1.665,2.1907,239,0
IWM191025C154,2019-10-21,2019-10-21 09:33:02,1.68,2.2105,147,1.65,2.171,2,1.66,2.1842,10,1.665,2.1907,239,0
IWM191025C154,2019-10-21,2019-10-21 09:33:02,1.68,2.2105,147,1.65,2.171,6,1.66,2.1842,10,1.665,2.1907,239,0
IWM191025C154,2019-10-21,2019-10-21 09:33:03,1.68,2.2105,55,1.64,2.1578,38,1.66,2.1842,4,1.66,2.1842,243,0
IWM191025C154,2019-10-21,2019-10-21 09:33:03,1.68,2.2105,147,1.66,2.1842,1,1.66,2.1842,4,1.67,2.1973,243,4
IWM191025C154,2019-10-21,2019-10-21 09:33:04,1.68,2.2105,96,1.64,2.1578,40,1.66,2.1842,4,1.66,2.1842,243,0
IWM191025C154,2019-10-21,2019-10-21 09:33:04,1.68,2.2105,55,1.64,2.1578,38,1.66,2.1842,4,1.66,2.1842,243,0
IWM191025C154,2019-10-21,2019-10-21 09:33:05,1.68,2.2105,107,1.64,2.1578,22,1.66,2.1842,4,1.66,2.1842,243,0
IWM191025C154,2019-10-21,2019-10-21 09:33:05,1.68,2.2105,96,1.63,2.1447,28,1.66,2.1842,4,1.655,2.1776,243,0
IWM191025C154,2019-10-21,2019-10-21 09:33:06,1.69,2.2236,77,1.66,2.1842,50,1.66,2.1842,4,1.675,2.2039,243,0
IWM191025C154,2019-10-21,2019-10-21 09:33:06,1.68,2.2105,55,1.65,2.171,20,1.66,2.1842,4,1.665,2.1907,243,0
IWM191025C154,2019-10-21,2019-10-21 09:33:07,1.69,2.2236,87,1.66,2.1842,40,1.66,2.1842,4,1.675,2.2039,243,0
IWM191025C154,2019-10-21,2019-10-21 09:33:08,1.69,2.2236,87,1.66,2.1842,40,1.66,2.1842,4,1.675,2.2039,243,0
IWM191025C154,2019-10-21,2019-10-21 09:33:08,1.69,2.2236,87,1.67,2.1973,20,1.66,2.1842,4,1.68,2.2105,243,0
IWM191025C154,2019-10-21,2019-10-21 09:33:09,1.69,2.2236,57,1.67,2.1973,20,1.66,2.1842,4,1.68,2.2105,243,0
IWM191025C154,2019-10-21,2019-10-21 09:33:09,1.69,2.2236,57,1.66,2.1842,45,1.66,2.1842,4,1.675,2.2039,243,0
IWM191025C154,2019-10-21,2019-10-21 09:33:10,1.69,2.2236,56,1.66,2.1842,41,1.66,2.1842,4,1.675,2.2039,243,0
IWM191025C154,2019-10-21,2019-10-21 09:33:11,1.69,2.2236,55,1.66,2.1842,46,1.66,2.1842,4,1.675,2.2039,243,0
IWM191025C154,2019-10-21,2019-10-21 09:33:11,1.69,2.2236,38,1.66,2.1842,41,1.66,2.1842,4,1.675,2.2039,243,0
IWM191025C154,2019-10-21,2019-10-21 09:33:12,1.69,2.2236,38,1.66,2.1842,46,1.66,2.1842,4,1.675,2.2039,243,0
IWM191025C154,2019-10-21,2019-10-21 09:33:12,1.69,2.2236,55,1.66,2.1842,47,1.66,2.1842,4,1.675,2.2039,243,0
IWM191025C154,2019-10-21,2019-10-21 09:33:13,1.69,2.2236,57,1.66,2.1842,56,1.66,2.1842,4,1.675,2.2039,243,0
IWM191025C154,2019-10-21,2019-10-21 09:33:13,1.69,2.2236,38,1.66,2.1842,80,1.66,2.1842,4,1.675,2.2039,243,0
IWM191025C154,2019-10-21,2019-10-21 09:33:14,1.69,2.2236,57,1.66,2.1842,79,1.66,2.1842,4,1.675,2.2039,243,0
IWM191025C154,2019-10-21,2019-10-21 09:33:14,1.69,2.2236,57,1.67,2.1973,30,1.66,2.1842,4,1.68,2.2105,243,0
IWM191025C154,2019-10-21,2019-10-21 09:33:15,1.69,2.2236,86,1.65,2.171,20,1.66,2.1842,4,1.67,2.1973,243,0
IWM191025C154,2019-10-21,2019-10-21 09:33:15,1.69,2.2236,204,1.65,2.171,31,1.66,2.1842,4,1.67,2.1973,243,0
IWM191025C154,2019-10-21,2019-10-21 09:33:16,1.69,2.2236,424,1.64,2.1578,71,1.66,2.1842,4,1.665,2.1907,243,0
IWM191025C154,2019-10-21,2019-10-21 09:33:16,1.69,2.2236,247,1.65,2.171,31,1.66,2.1842,4,1.67,2.1973,243,0
IWM191025C154,2019-10-21,2019-10-21 09:33:17,1.69,2.2236,469,1.64,2.1578,50,1.66,2.1842,4,1.665,2.1907,243,0
IWM191025C154,2019-10-21,2019-10-21 09:33:17,1.69,2.2236,328,1.64,2.1578,31,1.66,2.1842,4,1.665,2.1907,243,0
IWM191025C154,2019-10-21,2019-10-21 09:33:18,1.69,2.2236,338,1.64,2.1578,21,1.66,2.1842,4,1.665,2.1907,243,0
IWM191025C154,2019-10-21,2019-10-21 09:33:18,1.69,2.2236,75,1.64,2.1578,20,1.66,2.1842,4,1.665,2.1907,243,0
IWM191025C154,2019-10-21,2019-10-21 09:33:19,1.68,2.2105,145,1.63,2.1447,61,1.66,2.1842,4,1.655,2.1776,243,0
IWM191025C154,2019-10-21,2019-10-21 09:33:19,1.68,2.2105,222,1.63,2.1447,122,1.66,2.1842,4,1.655,2.1776,243,0
IWM191025C154,2019-10-21,2019-10-21 09:33:20,1.68,2.2105,222,1.63,2.1447,122,1.66,2.1842,4,1.655,2.1776,243,0
IWM191025C154,2019-10-21,2019-10-21 09:33:20,1.68,2.2105,285,1.64,2.1578,30,1.66,2.1842,4,1.66,2.1842,243,0
IWM191025C154,2019-10-21,2019-10-21 09:33:21,1.68,2.2105,285,1.64,2.1578,30,1.66,2.1842,4,1.66,2.1842,243,0
IWM191025C154,2019-10-21,2019-10-21 09:33:21,1.68,2.2105,8,1.65,2.171,40,1.66,2.1842,4,1.665,2.1907,243,0
IWM191025C154,2019-10-21,2019-10-21 09:33:22,1.69,2.2236,75,1.65,2.171,60,1.66,2.1842,4,1.67,2.1973,243,0
IWM191025C154,2019-10-21,2019-10-21 09:33:22,1.68,2.2105,8,1.65,2.171,60,1.66,2.1842,4,1.665,2.1907,243,0
IWM191025C154,2019-10-21,2019-10-21 09:33:23,1.69,2.2236,138,1.66,2.1842,30,1.66,2.1842,4,1.675,2.2039,243,0
IWM191025C154,2019-10-21,2019-10-21 09:33:23,1.69,2.2236,75,1.66,2.1842,20,1.66,2.1842,4,1.675,2.2039,243,0
IWM191025C154,2019-10-21,2019-10-21 09:33:24,1.68,2.2105,196,1.64,2.1578,31,1.66,2.1842,4,1.66,2.1842,243,0
IWM191025C154,2019-10-21,2019-10-21 09:33:24,1.68,2.2105,92,1.64,2.1578,20,1.66,2.1842,4,1.66,2.1842,243,0
IWM191025C154,2019-10-21,2019-10-21 09:33:25,1.68,2.2105,169,1.62,2.1315,48,1.66,2.1842,4,1.65,2.171,243,0
IWM191025C154,2019-10-21,2019-10-21 09:33:25,1.68,2.2105,420,1.63,2.1447,61,1.66,2.1842,4,1.655,2.1776,243,0
IWM191025C154,2019-10-21,2019-10-21 09:33:26,1.68,2.2105,473,1.63,2.1447,46,1.66,2.1842,4,1.655,2.1776,243,0
IWM191025C154,2019-10-21,2019-10-21 09:33:26,1.68,2.2105,588,1.62,2.1315,23,1.66,2.1842,4,1.65,2.171,243,0
IWM191025C154,2019-10-21,2019-10-21 09:33:27,1.68,2.2105,606,1.62,2.1315,61,1.66,2.1842,4,1.65,2.171,243,0
IWM191025C154,2019-10-21,2019-10-21 09:33:28,1.66,2.1842,43,1.62,2.1315,58,1.66,2.1842,4,1.64,2.1578,243,0
IWM191025C154,2019-10-21,2019-10-21 09:33:28,1.68,2.2105,596,1.62,2.1315,81,1.66,2.1842,4,1.65,2.171,243,0
IWM191025C154,2019-10-21,2019-10-21 09:33:29,1.66,2.1842,235,1.61,2.1184,95,1.66,2.1842,4,1.635,2.1513,243,0
IWM191025C154,2019-10-21,2019-10-21 09:33:29,1.65,2.171,218,1.6,2.1052,20,1.66,2.1842,4,1.625,2.1381,243,0
IWM191025C154,2019-10-21,2019-10-21 09:33:30,1.65,2.171,520,1.6,2.1052,30,1.66,2.1842,4,1.625,2.1381,243,0
IWM191025C154,2019-10-21,2019-10-21 09:33:30,1.65,2.171,520,1.6,2.1052,20,1.66,2.1842,4,1.625,2.1381,243,0
IWM191025C154,2019-10-21,2019-10-21 09:33:31,1.65,2.171,541,1.6,2.1052,30,1.66,2.1842,4,1.625,2.1381,243,0
IWM191025C154,2019-10-21,2019-10-21 09:33:31,1.63,2.1447,17,1.59,2.0921,100,1.66,2.1842,4,1.61,2.1184,243,0
IWM191025C154,2019-10-21,2019-10-21 09:33:32,1.63,2.1447,30,1.6,2.1052,2,1.66,2.1842,4,1.615,2.125,243,0
IWM191025C154,2019-10-21,2019-10-21 09:33:32,1.63,2.1447,161,1.59,2.0921,84,1.66,2.1842,4,1.61,2.1184,243,0
IWM191025C154,2019-10-21,2019-10-21 09:33:33,1.62,2.1315,159,1.58,2.0789,114,1.66,2.1842,4,1.6,2.1052,243,0
IWM191025C154,2019-10-21,2019-10-21 09:33:33,1.63,2.1447,202,1.58,2.0789,43,1.66,2.1842,4,1.605,2.1118,243,0
IWM191025C154,2019-10-21,2019-10-21 09:33:34,1.63,2.1447,82,1.59,2.0921,19,1.66,2.1842,4,1.61,2.1184,243,0
IWM191025C154,2019-10-21,2019-10-21 09:33:34,1.62,2.1315,10,1.59,2.0921,19,1.66,2.1842,4,1.605,2.1118,243,0
IWM191025C154,2019-10-21,2019-10-21 09:33:35,1.62,2.1315,70,1.59,2.0921,48,1.66,2.1842,4,1.605,2.1118,243,0
IWM191025C154,2019-10-21,2019-10-21 09:33:35,1.62,2.1315,17,1.59,2.0921,110,1.66,2.1842,4,1.605,2.1118,243,0
IWM191025C154,2019-10-21,2019-10-21 09:33:36,1.62,2.1315,17,1.59,2.0921,85,1.66,2.1842,4,1.605,2.1118,243,0
IWM191025C154,2019-10-21,2019-10-21 09:33:36,1.62,2.1315,17,1.59,2.0921,58,1.66,2.1842,4,1.605,2.1118,243,0
IWM191025C154,2019-10-21,2019-10-21 09:33:37,1.63,2.1447,258,1.59,2.0921,20,1.66,2.1842,4,1.61,2.1184,243,0
IWM191025C154,2019-10-21,2019-10-21 09:33:37,1.63,2.1447,317,1.58,2.0789,109,1.66,2.1842,4,1.605,2.1118,243,0
IWM191025C154,2019-10-21,2019-10-21 09:33:38,1.64,2.1578,25,1.62,2.1315,1,1.66,2.1842,4,1.63,2.1447,243,0
IWM191025C154,2019-10-21,2019-10-21 09:33:38,1.64,2.1578,15,1.6,2.1052,123,1.66,2.1842,4,1.62,2.1315,243,0
IWM191025C154,2019-10-21,2019-10-21 09:33:39,1.65,2.171,15,1.63,2.1447,1,1.66,2.1842,4,1.64,2.1578,243,0
IWM191025C154,2019-10-21,2019-10-21 09:33:40,1.65,2.171,15,1.63,2.1447,1,1.66,2.1842,4,1.64,2.1578,243,0
IWM191025C154,2019-10-21,2019-10-21 09:33:40,1.65,2.171,22,1.6,2.1052,55,1.66,2.1842,4,1.625,2.1381,243,0
IWM191025C154,2019-10-21,2019-10-21 09:33:41,1.64,2.1578,127,1.6,2.1052,20,1.66,2.1842,4,1.62,2.1315,243,0
IWM191025C154,2019-10-21,2019-10-21 09:33:41,1.64,2.1578,280,1.6,2.1052,42,1.66,2.1842,4,1.62,2.1315,243,0
IWM191025C154,2019-10-21,2019-10-21 09:33:42,1.64,2.1578,291,1.6,2.1052,1,1.66,2.1842,4,1.62,2.1315,243,0
IWM191025C154,2019-10-21,2019-10-21 09:33:42,1.63,2.1447,17,1.59,2.0921,103,1.66,2.1842,4,1.61,2.1184,243,0
IWM191025C154,2019-10-21,2019-10-21 09:33:43,1.63,2.1447,233,1.59,2.0921,31,1.66,2.1842,4,1.61,2.1184,243,0
IWM191025C154,2019-10-21,2019-10-21 09:33:43,1.63,2.1447,287,1.6,2.1052,20,1.66,2.1842,4,1.615,2.125,243,0
IWM191025C154,2019-10-21,2019-10-21 09:33:44,1.63,2.1447,218,1.58,2.0789,20,1.66,2.1842,4,1.605,2.1118,243,0
IWM191025C154,2019-10-21,2019-10-21 09:33:44,1.63,2.1447,287,1.6,2.1052,47,1.66,2.1842,4,1.615,2.125,243,0
IWM191025C154,2019-10-21,2019-10-21 09:33:45,1.63,2.1447,136,1.59,2.0921,30,1.66,2.1842,4,1.61,2.1184,243,0
IWM191025C154,2019-10-21,2019-10-21 09:33:45,1.62,2.1315,17,1.59,2.0921,30,1.66,2.1842,4,1.605,2.1118,243,0
IWM191025C154,2019-10-21,2019-10-21 09:33:46,1.62,2.1315,17,1.59,2.0921,30,1.66,2.1842,4,1.605,2.1118,243,0
IWM191025C154,2019-10-21,2019-10-21 09:33:46,1.63,2.1447,15,1.59,2.0921,30,1.66,2.1842,4,1.61,2.1184,243,0
IWM191025C154,2019-10-21,2019-10-21 09:33:47,1.62,2.1315,17,1.58,2.0789,30,1.66,2.1842,4,1.6,2.1052,243,0
IWM191025C154,2019-10-21,2019-10-21 09:33:47,1.62,2.1315,20,1.58,2.0789,20,1.66,2.1842,4,1.6,2.1052,243,0
IWM191025C154,2019-10-21,2019-10-21 09:33:48,1.62,2.1315,17,1.59,2.0921,1,1.66,2.1842,4,1.605,2.1118,243,0
IWM191025C154,2019-10-21,2019-10-21 09:33:48,1.63,2.1447,17,1.59,2.0921,10,1.66,2.1842,4,1.61,2.1184,243,0
IWM191025C154,2019-10-21,2019-10-21 09:33:49,1.63,2.1447,17,1.58,2.0789,44,1.66,2.1842,4,1.605,2.1118,243,0
IWM191025C154,2019-10-21,2019-10-21 09:33:50,1.62,2.1315,17,1.58,2.0789,34,1.66,2.1842,4,1.6,2.1052,243,0
IWM191025C154,2019-10-21,2019-10-21 09:33:50,1.63,2.1447,17,1.58,2.0789,44,1.66,2.1842,4,1.605,2.1118,243,0
IWM191025C154,2019-10-21,2019-10-21 09:33:51,1.62,2.1315,20,1.58,2.0789,26,1.66,2.1842,4,1.6,2.1052,243,0
IWM191025C154,2019-10-21,2019-10-21 09:33:52,1.62,2.1315,20,1.58,2.0789,30,1.66,2.1842,4,1.6,2.1052,243,0
IWM191025C154,2019-10-21,2019-10-21 09:33:52,1.62,2.1315,20,1.58,2.0789,34,1.66,2.1842,4,1.6,2.1052,243,0
IWM191025C154,2019-10-21,2019-10-21 09:33:53,1.62,2.1315,20,1.58,2.0789,30,1.66,2.1842,4,1.6,2.1052,243,0
IWM191025C154,2019-10-21,2019-10-21 09:33:53,1.62,2.1315,20,1.58,2.0789,61,1.66,2.1842,4,1.6,2.1052,243,0
IWM191025C154,2019-10-21,2019-10-21 09:33:54,1.62,2.1315,20,1.58,2.0789,61,1.66,2.1842,4,1.6,2.1052,243,0
IWM191025C154,2019-10-21,2019-10-21 09:33:55,1.62,2.1315,20,1.58,2.0789,36,1.66,2.1842,4,1.6,2.1052,243,0
IWM191025C154,2019-10-21,2019-10-21 09:33:56,1.6,2.1052,127,1.57,2.0657,1,1.57,2.0657,2,1.585,2.0855,245,0
IWM191025C154,2019-10-21,2019-10-21 09:33:56,1.62,2.1315,98,1.57,2.0657,1,1.57,2.0657,2,1.595,2.0986,245,2
IWM191025C154,2019-10-21,2019-10-21 09:33:57,1.6,2.1052,23,1.56,2.0526,43,1.57,2.0657,2,1.58,2.0789,245,0
IWM191025C154,2019-10-21,2019-10-21 09:33:57,1.6,2.1052,61,1.56,2.0526,20,1.57,2.0657,2,1.58,2.0789,245,0
IWM191025C154,2019-10-21,2019-10-21 09:33:58,1.6,2.1052,53,1.56,2.0526,43,1.57,2.0657,2,1.58,2.0789,245,0
IWM191025C154,2019-10-21,2019-10-21 09:33:58,1.6,2.1052,131,1.56,2.0526,30,1.57,2.0657,2,1.58,2.0789,245,0
IWM191025C154,2019-10-21,2019-10-21 09:33:59,1.6,2.1052,186,1.56,2.0526,20,1.57,2.0657,2,1.58,2.0789,245,0
IWM191025C154,2019-10-21,2019-10-21 09:34:00,1.6,2.1052,460,1.54,2.0263,20,1.57,2.0657,2,1.57,2.0657,245,0
IWM191025C154,2019-10-21,2019-10-21 09:34:00,1.6,2.1052,253,1.54,2.0263,20,1.57,2.0657,2,1.57,2.0657,245,0
IWM191025C154,2019-10-21,2019-10-21 09:34:01,1.6,2.1052,340,1.53,2.0131,58,1.57,2.0657,2,1.565,2.0592,245,0
IWM191025C154,2019-10-21,2019-10-21 09:34:01,1.59,2.0921,73,1.53,2.0131,36,1.57,2.0657,2,1.56,2.0526,245,0
IWM191025C154,2019-10-21,2019-10-21 09:34:02,1.58,2.0789,134,1.53,2.0131,43,1.57,2.0657,2,1.555,2.046,245,0
IWM191025C154,2019-10-21,2019-10-21 09:34:02,1.58,2.0789,216,1.53,2.0131,43,1.57,2.0657,2,1.555,2.046,245,0
IWM191025C154,2019-10-21,2019-10-21 09:34:03,1.58,2.0789,293,1.53,2.0131,43,1.57,2.0657,2,1.555,2.046,245,0
IWM191025C154,2019-10-21,2019-10-21 09:34:03,1.57,2.0657,24,1.52,2.0,20,1.57,2.0657,2,1.545,2.0328,245,0
IWM191025C154,2019-10-21,2019-10-21 09:34:04,1.55,2.0394,214,1.5,1.9736,11,1.57,2.0657,2,1.525,2.0065,245,0
IWM191025C154,2019-10-21,2019-10-21 09:34:04,1.56,2.0526,31,1.5,1.9736,20,1.57,2.0657,2,1.53,2.0131,245,0
IWM191025C154,2019-10-21,2019-10-21 09:34:05,1.57,2.0657,313,1.5,1.9736,98,1.57,2.0657,2,1.535,2.0197,245,0
IWM191025C154,2019-10-21,2019-10-21 09:34:05,1.56,2.0526,163,1.51,1.9868,79,1.57,2.0657,2,1.535,2.0197,245,0
IWM191025C154,2019-10-21,2019-10-21 09:34:06,1.57,2.0657,445,1.51,1.9868,25,1.57,2.0657,2,1.54,2.0263,245,0
IWM191025C154,2019-10-21,2019-10-21 09:34:06,1.56,2.0526,163,1.52,2.0,19,1.57,2.0657,2,1.54,2.0263,245,0
IWM191025C154,2019-10-21,2019-10-21 09:34:07,1.55,2.0394,213,1.5,1.9736,49,1.57,2.0657,2,1.525,2.0065,245,0
IWM191025C154,2019-10-21,2019-10-21 09:34:07,1.55,2.0394,514,1.49,1.9605,78,1.57,2.0657,2,1.52,2.0,245,0
IWM191025C154,2019-10-21,2019-10-21 09:34:08,1.54,2.0263,17,1.5,1.9736,3,1.57,2.0657,2,1.52,2.0,245,0
IWM191025C154,2019-10-21,2019-10-21 09:34:09,1.54,2.0263,91,1.49,1.9605,101,1.57,2.0657,2,1.515,1.9934,245,0
IWM191025C154,2019-10-21,2019-10-21 09:34:09,1.54,2.0263,320,1.49,1.9605,141,1.57,2.0657,2,1.515,1.9934,245,0
IWM191025C154,2019-10-21,2019-10-21 09:34:10,1.53,2.0131,17,1.5,1.9736,10,1.57,2.0657,2,1.515,1.9934,245,0
IWM191025C154,2019-10-21,2019-10-21 09:34:10,1.54,2.0263,320,1.5,1.9736,20,1.57,2.0657,2,1.52,2.0,245,0
IWM191025C154,2019-10-21,2019-10-21 09:34:11,1.53,2.0131,124,1.49,1.9605,55,1.57,2.0657,2,1.51,1.9868,245,0
IWM191025C154,2019-10-21,2019-10-21 09:34:11,1.53,2.0131,124,1.49,1.9605,20,1.57,2.0657,2,1.51,1.9868,245,0
IWM191025C154,2019-10-21,2019-10-21 09:34:12,1.52,2.0,2,1.48,1.9473,48,1.57,2.0657,2,1.5,1.9736,245,0
IWM191025C154,2019-10-21,2019-10-21 09:34:12,1.53,2.0131,135,1.49,1.9605,20,1.57,2.0657,2,1.51,1.9868,245,0
IWM191025C154,2019-10-21,2019-10-21 09:34:13,1.52,2.0,30,1.49,1.9605,6,1.57,2.0657,2,1.505,1.9802,245,0
IWM191025C154,2019-10-21,2019-10-21 09:34:13,1.52,2.0,30,1.49,1.9605,10,1.57,2.0657,2,1.505,1.9802,245,0
IWM191025C154,2019-10-21,2019-10-21 09:34:14,1.52,2.0,17,1.49,1.9605,7,1.51,1.9868,20,1.505,1.9802,265,0
IWM191025C154,2019-10-21,2019-10-21 09:34:14,1.52,2.0,17,1.49,1.9605,3,1.51,1.9868,20,1.505,1.9802,265,20
IWM191025C154,2019-10-21,2019-10-21 09:34:15,1.51,1.9868,18,1.48,1.9473,10,1.51,1.9868,20,1.495,1.9671,265,0
IWM191025C154,2019-10-21,2019-10-21 09:34:15,1.51,1.9868,46,1.47,1.9342,46,1.51,1.9868,20,1.49,1.9605,265,0
IWM191025C154,2019-10-21,2019-10-21 09:34:16,1.5,1.9736,19,1.47,1.9342,56,1.51,1.9868,20,1.485,1.9539,265,0
IWM191025C154,2019-10-21,2019-10-21 09:34:16,1.5,1.9736,10,1.47,1.9342,27,1.51,1.9868,20,1.485,1.9539,265,0
IWM191025C154,2019-10-21,2019-10-21 09:34:17,1.5,1.9736,30,1.47,1.9342,27,1.51,1.9868,20,1.485,1.9539,265,0
IWM191025C154,2019-10-21,2019-10-21 09:34:17,1.5,1.9736,30,1.47,1.9342,38,1.51,1.9868,20,1.485,1.9539,265,0
IWM191025C154,2019-10-21,2019-10-21 09:34:18,1.5,1.9736,93,1.45,1.9078,20,1.51,1.9868,20,1.475,1.9407,265,0
IWM191025C154,2019-10-21,2019-10-21 09:34:18,1.49,1.9605,19,1.46,1.921,55,1.51,1.9868,20,1.475,1.9407,265,0
IWM191025C154,2019-10-21,2019-10-21 09:34:19,1.49,1.9605,128,1.45,1.9078,53,1.51,1.9868,20,1.47,1.9342,265,0
IWM191025C154,2019-10-21,2019-10-21 09:34:19,1.5,1.9736,403,1.45,1.9078,32,1.51,1.9868,20,1.475,1.9407,265,0
IWM191025C154,2019-10-21,2019-10-21 09:34:20,1.48,1.9473,37,1.45,1.9078,28,1.51,1.9868,20,1.465,1.9276,265,0
IWM191025C154,2019-10-21,2019-10-21 09:34:20,1.48,1.9473,16,1.45,1.9078,27,1.51,1.9868,20,1.465,1.9276,265,0
IWM191025C154,2019-10-21,2019-10-21 09:34:21,1.48,1.9473,37,1.45,1.9078,28,1.51,1.9868,20,1.465,1.9276,265,0
IWM191025C154,2019-10-21,2019-10-21 09:34:21,1.48,1.9473,365,1.44,1.8947,8,1.51,1.9868,20,1.46,1.921,265,0
IWM191025C154,2019-10-21,2019-10-21 09:34:22,1.48,1.9473,408,1.44,1.8947,8,1.51,1.9868,20,1.46,1.921,265,0
IWM191025C154,2019-10-21,2019-10-21 09:34:22,1.5,1.9736,42,1.45,1.9078,19,1.47,1.9342,165,1.475,1.9407,440,175
IWM191025C154,2019-10-21,2019-10-21 09:34:23,1.52,2.0,104,1.45,1.9078,189,1.47,1.9342,165,1.485,1.9539,440,0
IWM191025C154,2019-10-21,2019-10-21 09:34:23,1.52,2.0,89,1.49,1.9605,20,1.5,1.9736,10,1.505,1.9802,450,10
IWM191025C154,2019-10-21,2019-10-21 09:34:24,1.53,2.0131,30,1.49,1.9605,51,1.5,1.9736,37,1.51,1.9868,1127,677
IWM191025C154,2019-10-21,2019-10-21 09:34:24,1.52,2.0,89,1.49,1.9605,38,1.5,1.9736,10,1.505,1.9802,450,0
IWM191025C154,2019-10-21,2019-10-21 09:34:25,1.54,2.0263,56,1.5,1.9736,46,1.51,1.9868,4,1.52,2.0,1261,134
IWM191025C154,2019-10-21,2019-10-21 09:34:25,1.54,2.0263,31,1.5,1.9736,64,1.5,1.9736,1,1.52,2.0,1265,4
IWM191025C154,2019-10-21,2019-10-21 09:34:26,1.54,2.0263,31,1.5,1.9736,64,1.5,1.9736,1,1.52,2.0,1265,0
IWM191025C154,2019-10-21,2019-10-21 09:34:26,1.54,2.0263,46,1.5,1.9736,87,1.5,1.9736,1,1.52,2.0,1265,0
IWM191025C154,2019-10-21,2019-10-21 09:34:27,1.52,2.0,12,1.49,1.9605,22,1.5,1.9736,1,1.505,1.9802,1265,0
IWM191025C154,2019-10-21,2019-10-21 09:34:27,1.54,2.0263,120,1.5,1.9736,33,1.5,1.9736,1,1.52,2.0,1265,0
IWM191025C154,2019-10-21,2019-10-21 09:34:28,1.52,2.0,30,1.49,1.9605,33,1.5,1.9736,1,1.505,1.9802,1265,0
IWM191025C154,2019-10-21,2019-10-21 09:34:29,1.52,2.0,230,1.48,1.9473,24,1.5,1.9736,1,1.5,1.9736,1265,0
IWM191025C154,2019-10-21,2019-10-21 09:34:29,1.52,2.0,245,1.48,1.9473,10,1.5,1.9736,1,1.5,1.9736,1265,0
IWM191025C154,2019-10-21,2019-10-21 09:34:30,1.49,1.9605,147,1.45,1.9078,22,1.5,1.9736,1,1.47,1.9342,1265,0
IWM191025C154,2019-10-21,2019-10-21 09:34:30,1.49,1.9605,70,1.45,1.9078,43,1.5,1.9736,1,1.47,1.9342,1265,0
IWM191025C154,2019-10-21,2019-10-21 09:34:31,1.49,1.9605,189,1.45,1.9078,24,1.5,1.9736,1,1.47,1.9342,1265,0
IWM191025C154,2019-10-21,2019-10-21 09:34:31,1.49,1.9605,159,1.45,1.9078,36,1.5,1.9736,1,1.47,1.9342,1265,0
IWM191025C154,2019-10-21,2019-10-21 09:34:32,1.48,1.9473,82,1.43,1.8815,63,1.5,1.9736,1,1.455,1.9144,1265,0
IWM191025C154,2019-10-21,2019-10-21 09:34:32,1.48,1.9473,6,1.45,1.9078,10,1.5,1.9736,1,1.465,1.9276,1265,0
IWM191025C154,2019-10-21,2019-10-21 09:34:33,1.51,1.9868,74,1.46,1.921,43,1.5,1.9736,1,1.485,1.9539,1265,0
IWM191025C154,2019-10-21,2019-10-21 09:34:33,1.5,1.9736,43,1.45,1.9078,57,1.5,1.9736,1,1.475,1.9407,1265,0
IWM191025C154,2019-10-21,2019-10-21 09:34:34,1.51,1.9868,158,1.48,1.9473,20,1.5,1.9736,1,1.495,1.9671,1265,0
IWM191025C154,2019-10-21,2019-10-21 09:34:34,1.51,1.9868,158,1.46,1.921,43,1.5,1.9736,1,1.485,1.9539,1265,0
IWM191025C154,2019-10-21,2019-10-21 09:34:35,1.52,2.0,74,1.48,1.9473,8,1.5,1.9736,1,1.5,1.9736,1265,0
IWM191025C154,2019-10-21,2019-10-21 09:34:35,1.53,2.0131,50,1.49,1.9605,42,1.5,1.9736,1,1.51,1.9868,1265,0
IWM191025C154,2019-10-21,2019-10-21 09:34:36,1.5,1.9736,1,1.46,1.921,20,1.5,1.9736,1,1.48,1.9473,1265,0
IWM191025C154,2019-10-21,2019-10-21 09:34:36,1.52,2.0,18,1.48,1.9473,20,1.5,1.9736,1,1.5,1.9736,1265,0
IWM191025C154,2019-10-21,2019-10-21 09:34:37,1.5,1.9736,114,1.46,1.921,20,1.5,1.9736,1,1.48,1.9473,1265,0
IWM191025C154,2019-10-21,2019-10-21 09:34:37,1.5,1.9736,103,1.46,1.921,20,1.5,1.9736,1,1.48,1.9473,1265,0
IWM191025C154,2019-10-21,2019-10-21 09:34:38,1.5,1.9736,261,1.46,1.921,20,1.5,1.9736,1,1.48,1.9473,1265,0
IWM191025C154,2019-10-21,2019-10-21 09:34:38,1.5,1.9736,166,1.46,1.921,20,1.5,1.9736,1,1.48,1.9473,1265,0
IWM191025C154,2019-10-21,2019-10-21 09:34:39,1.47,1.9342,1,1.43,1.8815,4,1.5,1.9736,1,1.45,1.9078,1265,0
IWM191025C154,2019-10-21,2019-10-21 09:34:39,1.47,1.9342,45,1.43,1.8815,22,1.5,1.9736,1,1.45,1.9078,1265,0
IWM191025C154,2019-10-21,2019-10-21 09:34:40,1.47,1.9342,186,1.43,1.8815,20,1.5,1.9736,1,1.45,1.9078,1265,0
IWM191025C154,2019-10-21,2019-10-21 09:34:40,1.47,1.9342,202,1.43,1.8815,20,1.5,1.9736,1,1.45,1.9078,1265,0
IWM191025C154,2019-10-21,2019-10-21 09:34:41,1.47,1.9342,21,1.44,1.8947,1,1.5,1.9736,1,1.455,1.9144,1265,0
IWM191025C154,2019-10-21,2019-10-21 09:34:41,1.47,1.9342,104,1.43,1.8815,20,1.5,1.9736,1,1.45,1.9078,1265,0
IWM191025C154,2019-10-21,2019-10-21 09:34:42,1.48,1.9473,4,1.45,1.9078,30,1.5,1.9736,1,1.465,1.9276,1265,0
IWM191025C154,2019-10-21,2019-10-21 09:34:43,1.49,1.9605,17,1.45,1.9078,20,1.5,1.9736,1,1.47,1.9342,1265,0
IWM191025C154,2019-10-21,2019-10-21 09:34:43,1.49,1.9605,69,1.46,1.921,20,1.5,1.9736,1,1.475,1.9407,1265,0
IWM191025C154,2019-10-21,2019-10-21 09:34:44,1.49,1.9605,21,1.46,1.921,20,1.5,1.9736,1,1.475,1.9407,1265,0
IWM191025C154,2019-10-21,2019-10-21 09:34:45,1.49,1.9605,17,1.46,1.921,20,1.5,1.9736,1,1.475,1.9407,1265,0
IWM191025C154,2019-10-21,2019-10-21 09:34:46,1.49,1.9605,17,1.46,1.921,20,1.5,1.9736,1,1.475,1.9407,1265,0
IWM191025C154,2019-10-21,2019-10-21 09:34:46,1.49,1.9605,17,1.47,1.9342,20,1.5,1.9736,1,1.48,1.9473,1265,0
IWM191025C154,2019-10-21,2019-10-21 09:34:47,1.52,2.0,60,1.47,1.9342,91,1.5,1.9736,1,1.495,1.9671,1265,0
IWM191025C154,2019-10-21,2019-10-21 09:34:48,1.52,2.0,29,1.48,1.9473,127,1.5,1.9736,1,1.5,1.9736,1265,0
IWM191025C154,2019-10-21,2019-10-21 09:34:48,1.52,2.0,124,1.48,1.9473,124,1.5,1.9736,1,1.5,1.9736,1265,0
IWM191025C154,2019-10-21,2019-10-21 09:34:49,1.5,1.9736,31,1.45,1.9078,79,1.5,1.9736,2,1.475,1.9407,1269,0
IWM191025C154,2019-10-21,2019-10-21 09:34:49,1.5,1.9736,1,1.48,1.9473,25,1.5,1.9736,2,1.49,1.9605,1269,4
IWM191025C154,2019-10-21,2019-10-21 09:34:50,1.49,1.9605,110,1.46,1.921,20,1.5,1.9736,2,1.475,1.9407,1269,0
IWM191025C154,2019-10-21,2019-10-21 09:34:50,1.49,1.9605,20,1.45,1.9078,79,1.5,1.9736,2,1.47,1.9342,1269,0
IWM191025C154,2019-10-21,2019-10-21 09:34:51,1.48,1.9473,23,1.45,1.9078,20,1.5,1.9736,2,1.465,1.9276,1269,0
IWM191025C154,2019-10-21,2019-10-21 09:34:52,1.48,1.9473,5,1.45,1.9078,115,1.5,1.9736,2,1.465,1.9276,1269,0
IWM191025C154,2019-10-21,2019-10-21 09:34:52,1.47,1.9342,12,1.44,1.8947,20,1.5,1.9736,2,1.455,1.9144,1269,0
IWM191025C154,2019-10-21,2019-10-21 09:34:53,1.49,1.9605,68,1.45,1.9078,120,1.5,1.9736,2,1.47,1.9342,1269,0
IWM191025C154,2019-10-21,2019-10-21 09:34:54,1.48,1.9473,92,1.44,1.8947,30,1.5,1.9736,2,1.46,1.921,1269,0
IWM191025C154,2019-10-21,2019-10-21 09:34:54,1.53,2.0131,19,1.45,1.9078,19,1.5,1.9736,2,1.49,1.9605,1269,0
IWM191025C154,2019-10-21,2019-10-21 09:34:55,1.54,2.0263,110,1.49,1.9605,24,1.5,1.9736,2,1.515,1.9934,1269,0
IWM191025C154,2019-10-21,2019-10-21 09:34:55,1.53,2.0131,19,1.45,1.9078,100,1.5,1.9736,2,1.49,1.9605,1269,0
IWM191025C154,2019-10-21,2019-10-21 09:34:56,1.54,2.0263,185,1.49,1.9605,31,1.5,1.9736,2,1.515,1.9934,1269,0
IWM191025C154,2019-10-21,2019-10-21 09:34:56,1.54,2.0263,158,1.49,1.9605,23,1.5,1.9736,2,1.515,1.9934,1269,0
IWM191025C154,2019-10-21,2019-10-21 09:34:57,1.54,2.0263,151,1.51,1.9868,20,1.5,1.9736,2,1.525,2.0065,1269,0
IWM191025C154,2019-10-21,2019-10-21 09:34:57,1.54,2.0263,151,1.5,1.9736,103,1.5,1.9736,2,1.52,2.0,1269,0
IWM191025C154,2019-10-21,2019-10-21 09:34:58,1.56,2.0526,38,1.5,1.9736,120,1.5,1.9736,2,1.53,2.0131,1269,0
IWM191025C154,2019-10-21,2019-10-21 09:34:59,1.56,2.0526,252,1.51,1.9868,133,1.5,1.9736,2,1.535,2.0197,1269,0
IWM191025C154,2019-10-21,2019-10-21 09:34:59,1.56,2.0526,166,1.51,1.9868,99,1.5,1.9736,2,1.535,2.0197,1269,0
IWM191025C154,2019-10-21,2019-10-21 09:35:00,1.56,2.0526,61,1.52,2.0,86,1.5,1.9736,2,1.54,2.0263,1269,0
IWM191025C154,2019-10-21,2019-10-21 09:35:00,1.56,2.0526,226,1.52,2.0,11,1.5,1.9736,2,1.54,2.0263,1269,0
IWM191025C154,2019-10-21,2019-10-21 09:35:01,1.56,2.0526,21,1.53,2.0131,75,1.5,1.9736,2,1.545,2.0328,1269,0
IWM191025C154,2019-10-21,2019-10-21 09:35:01,1.56,2.0526,21,1.53,2.0131,104,1.5,1.9736,2,1.545,2.0328,1269,0
IWM191025C154,2019-10-21,2019-10-21 09:35:02,1.57,2.0657,33,1.53,2.0131,104,1.5,1.9736,2,1.55,2.0394,1269,0
IWM191025C154,2019-10-21,2019-10-21 09:35:02,1.57,2.0657,22,1.53,2.0131,104,1.5,1.9736,2,1.55,2.0394,1269,0
IWM191025C154,2019-10-21,2019-10-21 09:35:03,1.57,2.0657,22,1.53,2.0131,104,1.5,1.9736,2,1.55,2.0394,1269,0
IWM191025C154,2019-10-21,2019-10-21 09:35:04,1.6,2.1052,29,1.58,2.0789,107,1.5,1.9736,2,1.59,2.0921,1269,0
IWM191025C154,2019-10-21,2019-10-21 09:35:04,1.57,2.0657,22,1.53,2.0131,104,1.5,1.9736,2,1.55,2.0394,1269,0
IWM191025C154,2019-10-21,2019-10-21 09:35:05,1.6,2.1052,57,1.57,2.0657,92,1.5,1.9736,2,1.585,2.0855,1269,0
IWM191025C154,2019-10-21,2019-10-21 09:35:05,1.6,2.1052,28,1.57,2.0657,84,1.5,1.9736,2,1.585,2.0855,1269,0
IWM191025C154,2019-10-21,2019-10-21 09:35:06,1.61,2.1184,154,1.57,2.0657,94,1.5,1.9736,2,1.59,2.0921,1269,0
IWM191025C154,2019-10-21,2019-10-21 09:35:06,1.61,2.1184,57,1.57,2.0657,84,1.5,1.9736,2,1.59,2.0921,1269,0
IWM191025C154,2019-10-21,2019-10-21 09:35:07,1.61,2.1184,212,1.57,2.0657,132,1.5,1.9736,2,1.59,2.0921,1269,0
IWM191025C154,2019-10-21,2019-10-21 09:35:07,1.61,2.1184,31,1.58,2.0789,17,1.5,1.9736,2,1.595,2.0986,1269,0
IWM191025C154,2019-10-21,2019-10-21 09:35:08,1.61,2.1184,292,1.57,2.0657,123,1.5,1.9736,2,1.59,2.0921,1269,0
IWM191025C154,2019-10-21,2019-10-21 09:35:08,1.61,2.1184,138,1.58,2.0789,17,1.5,1.9736,2,1.595,2.0986,1269,0
IWM191025C154,2019-10-21,2019-10-21 09:35:09,1.6,2.1052,32,1.55,2.0394,172,1.5,1.9736,2,1.575,2.0723,1269,0
IWM191025C154,2019-10-21,2019-10-21 09:35:09,1.61,2.1184,292,1.56,2.0526,75,1.5,1.9736,2,1.585,2.0855,1269,0
IWM191025C154,2019-10-21,2019-10-21 09:35:10,1.57,2.0657,131,1.53,2.0131,70,1.5,1.9736,2,1.55,2.0394,1269,0
IWM191025C154,2019-10-21,2019-10-21 09:35:10,1.6,2.1052,448,1.55,2.0394,106,1.5,1.9736,2,1.575,2.0723,1269,0
IWM191025C154,2019-10-21,2019-10-21 09:35:11,1.57,2.0657,60,1.53,2.0131,185,1.5,1.9736,2,1.55,2.0394,1269,0
IWM191025C154,2019-10-21,2019-10-21 09:35:12,1.57,2.0657,35,1.54,2.0263,17,1.5,1.9736,2,1.555,2.046,1269,0
IWM191025C154,2019-10-21,2019-10-21 09:35:12,1.57,2.0657,17,1.53,2.0131,117,1.5,1.9736,2,1.55,2.0394,1269,0
IWM191025C154,2019-10-21,2019-10-21 09:35:13,1.59,2.0921,120,1.56,2.0526,14,1.5,1.9736,2,1.575,2.0723,1269,0
IWM191025C154,2019-10-21,2019-10-21 09:35:13,1.58,2.0789,10,1.54,2.0263,180,1.5,1.9736,2,1.56,2.0526,1269,0
IWM191025C154,2019-10-21,2019-10-21 09:35:14,1.59,2.0921,27,1.57,2.0657,127,1.5,1.9736,2,1.58,2.0789,1269,0
IWM191025C154,2019-10-21,2019-10-21 09:35:14,1.59,2.0921,37,1.56,2.0526,14,1.5,1.9736,2,1.575,2.0723,1269,0
IWM191025C154,2019-10-21,2019-10-21 09:35:15,1.6,2.1052,15,1.57,2.0657,59,1.5,1.9736,2,1.585,2.0855,1269,0
IWM191025C154,2019-10-21,2019-10-21 09:35:15,1.59,2.0921,27,1.57,2.0657,127,1.5,1.9736,2,1.58,2.0789,1269,0
IWM191025C154,2019-10-21,2019-10-21 09:35:16,1.61,2.1184,22,1.58,2.0789,19,1.5,1.9736,2,1.595,2.0986,1269,0
IWM191025C154,2019-10-21,2019-10-21 09:35:16,1.63,2.1447,176,1.58,2.0789,21,1.5,1.9736,2,1.605,2.1118,1269,0
IWM191025C154,2019-10-21,2019-10-21 09:35:17,1.63,2.1447,299,1.59,2.0921,10,1.6,2.1052,4,1.61,2.1184,1273,4
IWM191025C154,2019-10-21,2019-10-21 09:35:18,1.63,2.1447,312,1.6,2.1052,2,1.6,2.1052,4,1.615,2.125,1273,0
IWM191025C154,2019-10-21,2019-10-21 09:35:18,1.63,2.1447,299,1.59,2.0921,10,1.6,2.1052,4,1.61,2.1184,1273,0
IWM191025C154,2019-10-21,2019-10-21 09:35:19,1.63,2.1447,312,1.59,2.0921,10,1.6,2.1052,4,1.61,2.1184,1273,0
IWM191025C154,2019-10-21,2019-10-21 09:35:19,1.63,2.1447,331,1.58,2.0789,53,1.6,2.1052,4,1.605,2.1118,1273,0
IWM191025C154,2019-10-21,2019-10-21 09:35:20,1.63,2.1447,289,1.58,2.0789,56,1.6,2.1052,4,1.605,2.1118,1273,0
IWM191025C154,2019-10-21,2019-10-21 09:35:20,1.63,2.1447,307,1.59,2.0921,5,1.6,2.1052,4,1.61,2.1184,1273,0
IWM191025C154,2019-10-21,2019-10-21 09:35:21,1.62,2.1315,146,1.57,2.0657,73,1.6,2.1052,4,1.595,2.0986,1273,0
IWM191025C154,2019-10-21,2019-10-21 09:35:21,1.62,2.1315,183,1.58,2.0789,58,1.6,2.1052,4,1.6,2.1052,1273,0
IWM191025C154,2019-10-21,2019-10-21 09:35:22,1.62,2.1315,49,1.58,2.0789,58,1.6,2.1052,4,1.6,2.1052,1273,0
IWM191025C154,2019-10-21,2019-10-21 09:35:23,1.62,2.1315,237,1.58,2.0789,16,1.6,2.1052,4,1.6,2.1052,1273,0
IWM191025C154,2019-10-21,2019-10-21 09:35:23,1.62,2.1315,218,1.57,2.0657,72,1.6,2.1052,4,1.595,2.0986,1273,0
IWM191025C154,2019-10-21,2019-10-21 09:35:24,1.62,2.1315,252,1.58,2.0789,12,1.6,2.1052,4,1.6,2.1052,1273,0
IWM191025C154,2019-10-21,2019-10-21 09:35:24,1.62,2.1315,252,1.58,2.0789,16,1.6,2.1052,4,1.6,2.1052,1273,0
IWM191025C154,2019-10-21,2019-10-21 09:35:25,1.62,2.1315,252,1.58,2.0789,12,1.6,2.1052,4,1.6,2.1052,1273,0
IWM191025C154,2019-10-21,2019-10-21 09:35:26,1.62,2.1315,366,1.57,2.0657,49,1.6,2.1052,4,1.595,2.0986,1273,0
IWM191025C154,2019-10-21,2019-10-21 09:35:27,1.62,2.1315,331,1.58,2.0789,1,1.6,2.1052,4,1.6,2.1052,1273,0
IWM191025C154,2019-10-21,2019-10-21 09:35:28,1.62,2.1315,124,1.58,2.0789,45,1.6,2.1052,4,1.6,2.1052,1273,0
IWM191025C154,2019-10-21,2019-10-21 09:35:28,1.62,2.1315,124,1.58,2.0789,10,1.6,2.1052,4,1.6,2.1052,1273,0
IWM191025C154,2019-10-21,2019-10-21 09:35:29,1.62,2.1315,124,1.58,2.0789,57,1.6,2.1052,4,1.6,2.1052,1273,0
IWM191025C154,2019-10-21,2019-10-21 09:35:30,1.62,2.1315,172,1.58,2.0789,55,1.6,2.1052,4,1.6,2.1052,1273,0
IWM191025C154,2019-10-21,2019-10-21 09:35:31,1.62,2.1315,30,1.59,2.0921,5,1.6,2.1052,4,1.605,2.1118,1273,0
IWM191025C154,2019-10-21,2019-10-21 09:35:31,1.62,2.1315,133,1.59,2.0921,9,1.6,2.1052,4,1.605,2.1118,1273,0
IWM191025C154,2019-10-21,2019-10-21 09:35:32,1.62,2.1315,133,1.58,2.0789,61,1.6,2.1052,4,1.6,2.1052,1273,0
IWM191025C154,2019-10-21,2019-10-21 09:35:32,1.62,2.1315,133,1.58,2.0789,40,1.6,2.1052,4,1.6,2.1052,1273,0
IWM191025C154,2019-10-21,2019-10-21 09:35:33,1.62,2.1315,75,1.59,2.0921,10,1.6,2.1052,4,1.605,2.1118,1273,0
IWM191025C154,2019-10-21,2019-10-21 09:35:33,1.62,2.1315,134,1.59,2.0921,10,1.6,2.1052,4,1.605,2.1118,1273,0
IWM191025C154,2019-10-21,2019-10-21 09:35:34,1.62,2.1315,93,1.59,2.0921,10,1.6,2.1052,4,1.605,2.1118,1273,0
IWM191025C154,2019-10-21,2019-10-21 09:35:34,1.62,2.1315,30,1.59,2.0921,10,1.6,2.1052,4,1.605,2.1118,1273,0
IWM191025C154,2019-10-21,2019-10-21 09:35:35,1.62,2.1315,134,1.58,2.0789,47,1.6,2.1052,4,1.6,2.1052,1273,0
IWM191025C154,2019-10-21,2019-10-21 09:35:35,1.62,2.1315,61,1.58,2.0789,38,1.6,2.1052,4,1.6,2.1052,1273,0
IWM191025C154,2019-10-21,2019-10-21 09:35:36,1.62,2.1315,236,1.58,2.0789,27,1.6,2.1052,4,1.6,2.1052,1273,0
IWM191025C154,2019-10-21,2019-10-21 09:35:36,1.62,2.1315,236,1.58,2.0789,47,1.6,2.1052,4,1.6,2.1052,1273,0
IWM191025C154,2019-10-21,2019-10-21 09:35:37,1.61,2.1184,22,1.57,2.0657,16,1.6,2.1052,4,1.59,2.0921,1273,0
IWM191025C154,2019-10-21,2019-10-21 09:35:37,1.61,2.1184,357,1.56,2.0526,20,1.6,2.1052,4,1.585,2.0855,1273,0
IWM191025C154,2019-10-21,2019-10-21 09:35:38,1.59,2.0921,46,1.55,2.0394,10,1.6,2.1052,4,1.57,2.0657,1273,0
IWM191025C154,2019-10-21,2019-10-21 09:35:38,1.59,2.0921,37,1.55,2.0394,2,1.6,2.1052,4,1.57,2.0657,1273,0
IWM191025C154,2019-10-21,2019-10-21 09:35:39,1.59,2.0921,66,1.54,2.0263,70,1.6,2.1052,4,1.565,2.0592,1273,0
IWM191025C154,2019-10-21,2019-10-21 09:35:39,1.59,2.0921,564,1.54,2.0263,34,1.6,2.1052,4,1.565,2.0592,1273,0
IWM191025C154,2019-10-21,2019-10-21 09:35:40,1.57,2.0657,32,1.54,2.0263,1,1.6,2.1052,4,1.555,2.046,1273,0
IWM191025C154,2019-10-21,2019-10-21 09:35:41,1.57,2.0657,101,1.54,2.0263,10,1.6,2.1052,4,1.555,2.046,1273,0
IWM191025C154,2019-10-21,2019-10-21 09:35:41,1.59,2.0921,180,1.55,2.0394,22,1.6,2.1052,4,1.57,2.0657,1273,0
IWM191025C154,2019-10-21,2019-10-21 09:35:42,1.58,2.0789,161,1.54,2.0263,50,1.6,2.1052,4,1.56,2.0526,1273,0
IWM191025C154,2019-10-21,2019-10-21 09:35:42,1.58,2.0789,20,1.54,2.0263,50,1.6,2.1052,4,1.56,2.0526,1273,0
IWM191025C154,2019-10-21,2019-10-21 09:35:43,1.58,2.0789,161,1.54,2.0263,63,1.6,2.1052,4,1.56,2.0526,1273,0
IWM191025C154,2019-10-21,2019-10-21 09:35:43,1.58,2.0789,161,1.54,2.0263,89,1.6,2.1052,4,1.56,2.0526,1273,0
IWM191025C154,2019-10-21,2019-10-21 09:35:44,1.58,2.0789,161,1.54,2.0263,89,1.6,2.1052,4,1.56,2.0526,1273,0
IWM191025C154,2019-10-21,2019-10-21 09:35:44,1.58,2.0789,258,1.54,2.0263,89,1.6,2.1052,4,1.56,2.0526,1273,0
IWM191025C154,2019-10-21,2019-10-21 09:35:45,1.58,2.0789,268,1.54,2.0263,86,1.6,2.1052,4,1.56,2.0526,1273,0
IWM191025C154,2019-10-21,2019-10-21 09:35:45,1.58,2.0789,268,1.54,2.0263,75,1.6,2.1052,4,1.56,2.0526,1273,0
IWM191025C154,2019-10-21,2019-10-21 09:35:46,1.58,2.0789,268,1.54,2.0263,49,1.6,2.1052,4,1.56,2.0526,1273,0
IWM191025C154,2019-10-21,2019-10-21 09:35:46,1.58,2.0789,268,1.54,2.0263,68,1.6,2.1052,4,1.56,2.0526,1273,0
IWM191025C154,2019-10-21,2019-10-21 09:35:47,1.58,2.0789,141,1.56,2.0526,9,1.6,2.1052,4,1.57,2.0657,1273,0
IWM191025C154,2019-10-21,2019-10-21 09:35:47,1.58,2.0789,103,1.56,2.0526,9,1.6,2.1052,4,1.57,2.0657,1273,0
IWM191025C154,2019-10-21,2019-10-21 09:35:48,1.58,2.0789,30,1.56,2.0526,16,1.6,2.1052,4,1.57,2.0657,1273,0
IWM191025C154,2019-10-21,2019-10-21 09:35:48,1.61,2.1184,29,1.57,2.0657,71,1.6,2.1052,4,1.59,2.0921,1273,0
IWM191025C154,2019-10-21,2019-10-21 09:35:49,1.61,2.1184,112,1.57,2.0657,82,1.6,2.1052,4,1.59,2.0921,1273,0
IWM191025C154,2019-10-21,2019-10-21 09:35:49,1.61,2.1184,112,1.57,2.0657,147,1.6,2.1052,4,1.59,2.0921,1273,0
IWM191025C154,2019-10-21,2019-10-21 09:35:50,1.6,2.1052,1,1.58,2.0789,10,1.6,2.1052,4,1.59,2.0921,1273,0
IWM191025C154,2019-10-21,2019-10-21 09:35:50,1.6,2.1052,1,1.57,2.0657,159,1.6,2.1052,4,1.585,2.0855,1273,0
IWM191025C154,2019-10-21,2019-10-21 09:35:51,1.6,2.1052,1,1.58,2.0789,10,1.6,2.1052,4,1.59,2.0921,1273,0
IWM191025C154,2019-10-21,2019-10-21 09:35:51,1.6,2.1052,1,1.58,2.0789,68,1.6,2.1052,4,1.59,2.0921,1273,0
IWM191025C154,2019-10-21,2019-10-21 09:35:52,1.63,2.1447,139,1.58,2.0789,53,1.6,2.1052,1,1.605,2.1118,1274,1
IWM191025C154,2019-10-21,2019-10-21 09:35:52,1.6,2.1052,1,1.58,2.0789,68,1.6,2.1052,4,1.59,2.0921,1273,0
IWM191025C154,2019-10-21,2019-10-21 09:35:53,1.63,2.1447,58,1.6,2.1052,27,1.6,2.1052,1,1.615,2.125,1274,0
IWM191025C154,2019-10-21,2019-10-21 09:35:54,1.63,2.1447,114,1.6,2.1052,10,1.6,2.1052,1,1.615,2.125,1274,0
IWM191025C154,2019-10-21,2019-10-21 09:35:54,1.63,2.1447,54,1.6,2.1052,10,1.6,2.1052,1,1.615,2.125,1274,0
IWM191025C154,2019-10-21,2019-10-21 09:35:55,1.63,2.1447,171,1.6,2.1052,20,1.6,2.1052,1,1.615,2.125,1274,0
IWM191025C154,2019-10-21,2019-10-21 09:35:55,1.63,2.1447,111,1.6,2.1052,20,1.6,2.1052,1,1.615,2.125,1274,0
IWM191025C154,2019-10-21,2019-10-21 09:35:56,1.63,2.1447,171,1.6,2.1052,24,1.6,2.1052,1,1.615,2.125,1274,0
IWM191025C154,2019-10-21,2019-10-21 09:35:57,1.63,2.1447,171,1.6,2.1052,25,1.6,2.1052,1,1.615,2.125,1274,0
IWM191025C154,2019-10-21,2019-10-21 09:35:57,1.63,2.1447,171,1.6,2.1052,43,1.6,2.1052,1,1.615,2.125,1274,0
IWM191025C154,2019-10-21,2019-10-21 09:35:58,1.63,2.1447,171,1.6,2.1052,65,1.6,2.1052,1,1.615,2.125,1274,0
IWM191025C154,2019-10-21,2019-10-21 09:35:58,1.63,2.1447,171,1.6,2.1052,25,1.6,2.1052,1,1.615,2.125,1274,0
IWM191025C154,2019-10-21,2019-10-21 09:35:59,1.63,2.1447,31,1.6,2.1052,53,1.6,2.1052,1,1.615,2.125,1274,0
IWM191025C154,2019-10-21,2019-10-21 09:35:59,1.63,2.1447,31,1.63,2.1447,2,1.6,2.1052,1,1.63,2.1447,1274,0
IWM191025C154,2019-10-21,2019-10-21 09:36:00,1.65,2.171,2,1.62,2.1315,116,1.6,2.1052,1,1.635,2.1513,1274,0
IWM191025C154,2019-10-21,2019-10-21 09:36:00,1.65,2.171,97,1.62,2.1315,83,1.6,2.1052,1,1.635,2.1513,1274,0
IWM191025C154,2019-10-21,2019-10-21 09:36:01,1.66,2.1842,134,1.63,2.1447,33,1.6,2.1052,1,1.645,2.1644,1274,0
IWM191025C154,2019-10-21,2019-10-21 09:36:01,1.66,2.1842,169,1.63,2.1447,33,1.6,2.1052,1,1.645,2.1644,1274,0
IWM191025C154,2019-10-21,2019-10-21 09:36:02,1.66,2.1842,221,1.63,2.1447,33,1.6,2.1052,1,1.645,2.1644,1274,0
IWM191025C154,2019-10-21,2019-10-21 09:36:03,1.66,2.1842,31,1.64,2.1578,5,1.6,2.1052,1,1.65,2.171,1274,0
IWM191025C154,2019-10-21,2019-10-21 09:36:03,1.66,2.1842,56,1.64,2.1578,5,1.6,2.1052,1,1.65,2.171,1274,0
IWM191025C154,2019-10-21,2019-10-21 09:36:04,1.67,2.1973,50,1.65,2.171,5,1.6,2.1052,1,1.66,2.1842,1274,0
IWM191025C154,2019-10-21,2019-10-21 09:36:04,1.66,2.1842,31,1.63,2.1447,57,1.6,2.1052,1,1.645,2.1644,1274,0
IWM191025C154,2019-10-21,2019-10-21 09:36:05,1.68,2.2105,20,1.65,2.171,5,1.6,2.1052,1,1.665,2.1907,1274,0
IWM191025C154,2019-10-21,2019-10-21 09:36:05,1.68,2.2105,10,1.65,2.171,165,1.6,2.1052,1,1.665,2.1907,1274,0
IWM191025C154,2019-10-21,2019-10-21 09:36:06,1.7,2.2368,175,1.67,2.1973,10,1.6,2.1052,1,1.685,2.2171,1274,0
IWM191025C154,2019-10-21,2019-10-21 09:36:06,1.7,2.2368,318,1.67,2.1973,10,1.6,2.1052,1,1.685,2.2171,1274,0
IWM191025C154,2019-10-21,2019-10-21 09:36:07,1.7,2.2368,62,1.67,2.1973,58,1.6,2.1052,1,1.685,2.2171,1274,0
IWM191025C154,2019-10-21,2019-10-21 09:36:07,1.7,2.2368,62,1.67,2.1973,19,1.6,2.1052,1,1.685,2.2171,1274,0
IWM191025C154,2019-10-21,2019-10-21 09:36:08,1.7,2.2368,20,1.68,2.2105,19,1.6,2.1052,1,1.69,2.2236,1274,0
IWM191025C154,2019-10-21,2019-10-21 09:36:08,1.71,2.25,36,1.68,2.2105,19,1.6,2.1052,1,1.695,2.2302,1274,0
IWM191025C154,2019-10-21,2019-10-21 09:36:09,1.71,2.25,103,1.68,2.2105,19,1.6,2.1052,1,1.695,2.2302,1274,0
IWM191025C154,2019-10-21,2019-10-21 09:36:10,1.71,2.25,172,1.68,2.2105,39,1.6,2.1052,1,1.695,2.2302,1274,0
IWM191025C154,2019-10-21,2019-10-21 09:36:10,1.71,2.25,172,1.68,2.2105,46,1.6,2.1052,1,1.695,2.2302,1274,0
IWM191025C154,2019-10-21,2019-10-21 09:36:11,1.73,2.2763,7,1.7,2.2368,29,1.6,2.1052,1,1.715,2.2565,1274,0
IWM191025C154,2019-10-21,2019-10-21 09:36:11,1.74,2.2894,91,1.7,2.2368,29,1.6,2.1052,1,1.72,2.2631,1274,0
IWM191025C154,2019-10-21,2019-10-21 09:36:12,1.74,2.2894,91,1.7,2.2368,55,1.6,2.1052,1,1.72,2.2631,1274,0
IWM191025C154,2019-10-21,2019-10-21 09:36:13,1.74,2.2894,96,1.71,2.25,6,1.6,2.1052,1,1.725,2.2697,1274,0
IWM191025C154,2019-10-21,2019-10-21 09:36:14,1.74,2.2894,96,1.71,2.25,6,1.6,2.1052,1,1.725,2.2697,1274,0
IWM191025C154,2019-10-21,2019-10-21 09:36:15,1.74,2.2894,54,1.71,2.25,74,1.6,2.1052,1,1.725,2.2697,1274,0
IWM191025C154,2019-10-21,2019-10-21 09:36:15,1.74,2.2894,58,1.71,2.25,55,1.6,2.1052,1,1.725,2.2697,1274,0
IWM191025C154,2019-10-21,2019-10-21 09:36:16,1.75,2.3026,30,1.73,2.2763,3,1.6,2.1052,1,1.74,2.2894,1274,0
IWM191025C154,2019-10-21,2019-10-21 09:36:16,1.75,2.3026,30,1.72,2.2631,3,1.6,2.1052,1,1.735,2.2828,1274,0
IWM191025C154,2019-10-21,2019-10-21 09:36:17,1.75,2.3026,79,1.72,2.2631,27,1.6,2.1052,1,1.735,2.2828,1274,0
IWM191025C154,2019-10-21,2019-10-21 09:36:17,1.75,2.3026,75,1.71,2.25,25,1.6,2.1052,1,1.73,2.2763,1274,0
IWM191025C154,2019-10-21,2019-10-21 09:36:18,1.75,2.3026,59,1.71,2.25,25,1.6,2.1052,1,1.73,2.2763,1274,0
IWM191025C154,2019-10-21,2019-10-21 09:36:18,1.75,2.3026,77,1.72,2.2631,22,1.6,2.1052,1,1.735,2.2828,1274,0
IWM191025C154,2019-10-21,2019-10-21 09:36:19,1.75,2.3026,46,1.72,2.2631,22,1.6,2.1052,1,1.735,2.2828,1274,0
IWM191025C154,2019-10-21,2019-10-21 09:36:19,1.75,2.3026,80,1.72,2.2631,22,1.6,2.1052,1,1.735,2.2828,1274,0
IWM191025C154,2019-10-21,2019-10-21 09:36:20,1.75,2.3026,103,1.71,2.25,86,1.6,2.1052,1,1.73,2.2763,1274,0
IWM191025C154,2019-10-21,2019-10-21 09:36:20,1.75,2.3026,32,1.71,2.25,110,1.6,2.1052,1,1.73,2.2763,1274,0
IWM191025C154,2019-10-21,2019-10-21 09:36:21,1.75,2.3026,32,1.71,2.25,135,1.6,2.1052,1,1.73,2.2763,1274,0
IWM191025C154,2019-10-21,2019-10-21 09:36:21,1.75,2.3026,62,1.71,2.25,115,1.6,2.1052,1,1.73,2.2763,1274,0
IWM191025C154,2019-10-21,2019-10-21 09:36:22,1.75,2.3026,51,1.71,2.25,135,1.6,2.1052,1,1.73,2.2763,1274,0
IWM191025C154,2019-10-21,2019-10-21 09:36:22,1.75,2.3026,30,1.73,2.2763,29,1.6,2.1052,1,1.74,2.2894,1274,0
IWM191025C154,2019-10-21,2019-10-21 09:36:23,1.75,2.3026,30,1.73,2.2763,31,1.6,2.1052,1,1.74,2.2894,1274,0
IWM191025C154,2019-10-21,2019-10-21 09:36:23,1.75,2.3026,32,1.72,2.2631,60,1.6,2.1052,1,1.735,2.2828,1274,0
IWM191025C154,2019-10-21,2019-10-21 09:36:24,1.75,2.3026,32,1.72,2.2631,53,1.6,2.1052,1,1.735,2.2828,1274,0
IWM191025C154,2019-10-21,2019-10-21 09:36:24,1.75,2.3026,32,1.72,2.2631,56,1.6,2.1052,1,1.735,2.2828,1274,0
IWM191025C154,2019-10-21,2019-10-21 09:36:25,1.75,2.3026,32,1.72,2.2631,55,1.6,2.1052,1,1.735,2.2828,1274,0
IWM191025C154,2019-10-21,2019-10-21 09:36:25,1.75,2.3026,32,1.73,2.2763,9,1.6,2.1052,1,1.74,2.2894,1274,0
IWM191025C154,2019-10-21,2019-10-21 09:36:26,1.75,2.3026,32,1.72,2.2631,73,1.6,2.1052,1,1.735,2.2828,1274,0
IWM191025C154,2019-10-21,2019-10-21 09:36:26,1.75,2.3026,32,1.72,2.2631,55,1.6,2.1052,1,1.735,2.2828,1274,0
IWM191025C154,2019-10-21,2019-10-21 09:36:27,1.75,2.3026,57,1.71,2.25,40,1.6,2.1052,1,1.73,2.2763,1274,0
IWM191025C154,2019-10-21,2019-10-21 09:36:28,1.75,2.3026,226,1.71,2.25,55,1.6,2.1052,1,1.73,2.2763,1274,0
IWM191025C154,2019-10-21,2019-10-21 09:36:28,1.72,2.2631,66,1.68,2.2105,55,1.6,2.1052,1,1.7,2.2368,1274,0
IWM191025C154,2019-10-21,2019-10-21 09:36:29,1.69,2.2236,40,1.67,2.1973,5,1.6,2.1052,1,1.68,2.2105,1274,0
IWM191025C154,2019-10-21,2019-10-21 09:36:29,1.69,2.2236,48,1.66,2.1842,55,1.6,2.1052,1,1.675,2.2039,1274,0
IWM191025C154,2019-10-21,2019-10-21 09:36:30,1.69,2.2236,4,1.66,2.1842,62,1.6,2.1052,1,1.675,2.2039,1274,0
IWM191025C154,2019-10-21,2019-10-21 09:36:30,1.7,2.2368,49,1.66,2.1842,92,1.6,2.1052,1,1.68,2.2105,1274,0
IWM191025C154,2019-10-21,2019-10-21 09:36:31,1.69,2.2236,4,1.66,2.1842,65,1.6,2.1052,1,1.675,2.2039,1274,0
IWM191025C154,2019-10-21,2019-10-21 09:36:32,1.7,2.2368,59,1.67,2.1973,9,1.6,2.1052,1,1.685,2.2171,1274,0
IWM191025C154,2019-10-21,2019-10-21 09:36:32,1.69,2.2236,4,1.64,2.1578,55,1.6,2.1052,1,1.665,2.1907,1274,0
IWM191025C154,2019-10-21,2019-10-21 09:36:33,1.69,2.2236,3,1.66,2.1842,93,1.6,2.1052,1,1.675,2.2039,1274,0
IWM191025C154,2019-10-21,2019-10-21 09:36:33,1.7,2.2368,59,1.67,2.1973,9,1.6,2.1052,1,1.685,2.2171,1274,0
IWM191025C154,2019-10-21,2019-10-21 09:36:34,1.71,2.25,55,1.66,2.1842,122,1.6,2.1052,1,1.685,2.2171,1274,0
IWM191025C154,2019-10-21,2019-10-21 09:36:34,1.71,2.25,55,1.66,2.1842,142,1.6,2.1052,1,1.685,2.2171,1274,0
IWM191025C154,2019-10-21,2019-10-21 09:36:35,1.72,2.2631,175,1.68,2.2105,60,1.6,2.1052,1,1.7,2.2368,1274,0
IWM191025C154,2019-10-21,2019-10-21 09:36:35,1.72,2.2631,121,1.68,2.2105,86,1.6,2.1052,1,1.7,2.2368,1274,0
IWM191025C154,2019-10-21,2019-10-21 09:36:36,1.72,2.2631,121,1.68,2.2105,84,1.6,2.1052,1,1.7,2.2368,1274,0
IWM191025C154,2019-10-21,2019-10-21 09:36:37,1.73,2.2763,38,1.7,2.2368,26,1.69,2.2236,4,1.715,2.2565,1278,0
IWM191025C154,2019-10-21,2019-10-21 09:36:37,1.72,2.2631,121,1.68,2.2105,31,1.69,2.2236,4,1.7,2.2368,1278,4
IWM191025C154,2019-10-21,2019-10-21 09:36:38,1.73,2.2763,38,1.7,2.2368,26,1.69,2.2236,4,1.715,2.2565,1278,0
IWM191025C154,2019-10-21,2019-10-21 09:36:38,1.73,2.2763,38,1.7,2.2368,55,1.69,2.2236,4,1.715,2.2565,1278,0
IWM191025C154,2019-10-21,2019-10-21 09:36:39,1.73,2.2763,38,1.7,2.2368,48,1.69,2.2236,4,1.715,2.2565,1278,0
IWM191025C154,2019-10-21,2019-10-21 09:36:39,1.73,2.2763,38,1.7,2.2368,75,1.69,2.2236,4,1.715,2.2565,1278,0
IWM191025C154,2019-10-21,2019-10-21 09:36:40,1.73,2.2763,39,1.71,2.25,10,1.69,2.2236,4,1.72,2.2631,1278,0
IWM191025C154,2019-10-21,2019-10-21 09:36:41,1.73,2.2763,39,1.71,2.25,10,1.69,2.2236,4,1.72,2.2631,1278,0
IWM191025C154,2019-10-21,2019-10-21 09:36:41,1.73,2.2763,40,1.71,2.25,10,1.69,2.2236,4,1.72,2.2631,1278,0
IWM191025C154,2019-10-21,2019-10-21 09:36:42,1.73,2.2763,40,1.71,2.25,10,1.69,2.2236,4,1.72,2.2631,1278,0
IWM191025C154,2019-10-21,2019-10-21 09:36:43,1.73,2.2763,40,1.71,2.25,10,1.69,2.2236,4,1.72,2.2631,1278,0
IWM191025C154,2019-10-21,2019-10-21 09:36:44,1.73,2.2763,38,1.71,2.25,73,1.69,2.2236,4,1.72,2.2631,1278,0
IWM191025C154,2019-10-21,2019-10-21 09:36:44,1.74,2.2894,20,1.71,2.25,87,1.69,2.2236,4,1.725,2.2697,1278,0
IWM191025C154,2019-10-21,2019-10-21 09:36:45,1.75,2.3026,54,1.72,2.2631,24,1.69,2.2236,4,1.735,2.2828,1278,0
IWM191025C154,2019-10-21,2019-10-21 09:36:46,1.75,2.3026,30,1.73,2.2763,22,1.69,2.2236,4,1.74,2.2894,1278,0
IWM191025C154,2019-10-21,2019-10-21 09:36:46,1.75,2.3026,30,1.73,2.2763,65,1.69,2.2236,4,1.74,2.2894,1278,0
IWM191025C154,2019-10-21,2019-10-21 09:36:47,1.77,2.3289,10,1.74,2.2894,91,1.78,2.3421,1,1.755,2.3092,1379,0
IWM191025C154,2019-10-21,2019-10-21 09:36:47,1.78,2.3421,59,1.75,2.3026,1,1.78,2.3421,1,1.765,2.3223,1379,101
IWM191025C154,2019-10-21,2019-10-21 09:36:48,1.78,2.3421,49,1.74,2.2894,114,1.78,2.3421,1,1.76,2.3157,1379,0
IWM191025C154,2019-10-21,2019-10-21 09:36:48,1.78,2.3421,108,1.74,2.2894,114,1.78,2.3421,1,1.76,2.3157,1379,0
IWM191025C154,2019-10-21,2019-10-21 09:36:49,1.77,2.3289,4,1.74,2.2894,98,1.78,2.3421,1,1.755,2.3092,1379,0
IWM191025C154,2019-10-21,2019-10-21 09:36:49,1.77,2.3289,17,1.74,2.2894,91,1.78,2.3421,1,1.755,2.3092,1379,0
IWM191025C154,2019-10-21,2019-10-21 09:36:50,1.77,2.3289,23,1.74,2.2894,53,1.78,2.3421,1,1.755,2.3092,1379,0
IWM191025C154,2019-10-21,2019-10-21 09:36:50,1.77,2.3289,20,1.74,2.2894,90,1.78,2.3421,1,1.755,2.3092,1379,0
IWM191025C154,2019-10-21,2019-10-21 09:36:51,1.77,2.3289,25,1.74,2.2894,90,1.78,2.3421,1,1.755,2.3092,1379,0
IWM191025C154,2019-10-21,2019-10-21 09:36:51,1.78,2.3421,45,1.75,2.3026,53,1.75,2.3026,1,1.765,2.3223,1382,3
IWM191025C154,2019-10-21,2019-10-21 09:36:52,1.78,2.3421,42,1.75,2.3026,73,1.75,2.3026,1,1.765,2.3223,1382,0
IWM191025C154,2019-10-21,2019-10-21 09:36:52,1.78,2.3421,45,1.75,2.3026,105,1.75,2.3026,1,1.765,2.3223,1382,0
IWM191025C154,2019-10-21,2019-10-21 09:36:53,1.78,2.3421,45,1.75,2.3026,149,1.75,2.3026,1,1.765,2.3223,1382,0
IWM191025C154,2019-10-21,2019-10-21 09:36:53,1.78,2.3421,44,1.75,2.3026,149,1.75,2.3026,1,1.765,2.3223,1382,0
IWM191025C154,2019-10-21,2019-10-21 09:36:54,1.78,2.3421,57,1.74,2.2894,135,1.75,2.3026,1,1.76,2.3157,1382,0
IWM191025C154,2019-10-21,2019-10-21 09:36:54,1.78,2.3421,53,1.74,2.2894,53,1.75,2.3026,1,1.76,2.3157,1382,0
IWM191025C154,2019-10-21,2019-10-21 09:36:55,1.79,2.3552,36,1.76,2.3157,62,1.75,2.3026,1,1.775,2.3355,1382,0
IWM191025C154,2019-10-21,2019-10-21 09:36:55,1.78,2.3421,55,1.75,2.3026,113,1.75,2.3026,1,1.765,2.3223,1382,0
IWM191025C154,2019-10-21,2019-10-21 09:36:56,1.79,2.3552,37,1.76,2.3157,91,1.75,2.3026,1,1.775,2.3355,1382,0
IWM191025C154,2019-10-21,2019-10-21 09:36:56,1.8,2.3684,13,1.78,2.3421,12,1.75,2.3026,1,1.79,2.3552,1382,0
IWM191025C154,2019-10-21,2019-10-21 09:36:57,1.81,2.3815,53,1.77,2.3289,71,1.75,2.3026,1,1.79,2.3552,1382,0
IWM191025C154,2019-10-21,2019-10-21 09:36:57,1.81,2.3815,76,1.77,2.3289,136,1.75,2.3026,1,1.79,2.3552,1382,0
IWM191025C154,2019-10-21,2019-10-21 09:36:58,1.81,2.3815,76,1.78,2.3421,91,1.75,2.3026,1,1.795,2.3618,1382,0
IWM191025C154,2019-10-21,2019-10-21 09:36:58,1.81,2.3815,76,1.77,2.3289,101,1.75,2.3026,1,1.79,2.3552,1382,0
IWM191025C154,2019-10-21,2019-10-21 09:36:59,1.81,2.3815,59,1.78,2.3421,78,1.75,2.3026,1,1.795,2.3618,1382,0
IWM191025C154,2019-10-21,2019-10-21 09:36:59,1.81,2.3815,76,1.78,2.3421,53,1.75,2.3026,1,1.795,2.3618,1382,0
IWM191025C154,2019-10-21,2019-10-21 09:37:00,1.81,2.3815,52,1.79,2.3552,8,1.75,2.3026,1,1.8,2.3684,1382,0
IWM191025C154,2019-10-21,2019-10-21 09:37:00,1.81,2.3815,52,1.79,2.3552,11,1.75,2.3026,1,1.8,2.3684,1382,0
IWM191025C154,2019-10-21,2019-10-21 09:37:01,1.8,2.3684,13,1.77,2.3289,20,1.75,2.3026,1,1.785,2.3486,1382,0
IWM191025C154,2019-10-21,2019-10-21 09:37:02,1.78,2.3421,13,1.76,2.3157,5,1.77,2.3289,1,1.77,2.3289,1384,2
IWM191025C154,2019-10-21,2019-10-21 09:37:03,1.78,2.3421,52,1.75,2.3026,35,1.77,2.3289,1,1.765,2.3223,1384,0
IWM191025C154,2019-10-21,2019-10-21 09:37:03,1.78,2.3421,57,1.74,2.2894,29,1.77,2.3289,1,1.76,2.3157,1384,0
IWM191025C154,2019-10-21,2019-10-21 09:37:04,1.79,2.3552,52,1.76,2.3157,27,1.77,2.3289,1,1.775,2.3355,1384,0
IWM191025C154,2019-10-21,2019-10-21 09:37:04,1.79,2.3552,52,1.76,2.3157,52,1.77,2.3289,1,1.775,2.3355,1384,0
IWM191025C154,2019-10-21,2019-10-21 09:37:05,1.78,2.3421,52,1.75,2.3026,23,1.77,2.3289,1,1.765,2.3223,1384,0
IWM191025C154,2019-10-21,2019-10-21 09:37:05,1.77,2.3289,44,1.75,2.3026,5,1.77,2.3289,1,1.76,2.3157,1384,0
IWM191025C154,2019-10-21,2019-10-21 09:37:06,1.77,2.3289,20,1.75,2.3026,7,1.77,2.3289,1,1.76,2.3157,1384,0
IWM191025C154,2019-10-21,2019-10-21 09:37:06,1.77,2.3289,11,1.76,2.3157,25,1.77,2.3289,1,1.765,2.3223,1384,0
IWM191025C154,2019-10-21,2019-10-21 09:37:07,1.79,2.3552,70,1.75,2.3026,58,1.77,2.3289,1,1.77,2.3289,1384,0
IWM191025C154,2019-10-21,2019-10-21 09:37:07,1.77,2.3289,11,1.76,2.3157,28,1.77,2.3289,1,1.765,2.3223,1384,0
IWM191025C154,2019-10-21,2019-10-21 09:37:08,1.79,2.3552,70,1.75,2.3026,27,1.77,2.3289,1,1.77,2.3289,1384,0
IWM191025C154,2019-10-21,2019-10-21 09:37:08,1.79,2.3552,70,1.75,2.3026,52,1.77,2.3289,1,1.77,2.3289,1384,0
IWM191025C154,2019-10-21,2019-10-21 09:37:09,1.77,2.3289,56,1.74,2.2894,52,1.77,2.3289,1,1.755,2.3092,1384,0
IWM191025C154,2019-10-21,2019-10-21 09:37:10,1.77,2.3289,52,1.75,2.3026,34,1.77,2.3289,1,1.76,2.3157,1384,0
IWM191025C154,2019-10-21,2019-10-21 09:37:10,1.78,2.3421,52,1.75,2.3026,72,1.77,2.3289,1,1.765,2.3223,1384,0
IWM191025C154,2019-10-21,2019-10-21 09:37:11,1.78,2.3421,70,1.74,2.2894,72,1.77,2.3289,1,1.76,2.3157,1384,0
IWM191025C154,2019-10-21,2019-10-21 09:37:11,1.78,2.3421,52,1.75,2.3026,52,1.77,2.3289,1,1.765,2.3223,1384,0
IWM191025C154,2019-10-21,2019-10-21 09:37:12,1.78,2.3421,66,1.74,2.2894,76,1.77,2.3289,1,1.76,2.3157,1384,0
IWM191025C154,2019-10-21,2019-10-21 09:37:12,1.78,2.3421,70,1.74,2.2894,72,1.77,2.3289,1,1.76,2.3157,1384,0
IWM191025C154,2019-10-21,2019-10-21 09:37:13,1.77,2.3289,46,1.74,2.2894,90,1.77,2.3289,1,1.755,2.3092,1384,0
IWM191025C154,2019-10-21,2019-10-21 09:37:14,1.77,2.3289,34,1.74,2.2894,72,1.77,2.3289,1,1.755,2.3092,1384,0
IWM191025C154,2019-10-21,2019-10-21 09:37:14,1.77,2.3289,120,1.74,2.2894,72,1.77,2.3289,1,1.755,2.3092,1384,0
IWM191025C154,2019-10-21,2019-10-21 09:37:15,1.77,2.3289,29,1.74,2.2894,40,1.77,2.3289,1,1.755,2.3092,1384,0
IWM191025C154,2019-10-21,2019-10-21 09:37:15,1.77,2.3289,13,1.74,2.2894,40,1.77,2.3289,1,1.755,2.3092,1384,0
IWM191025C154,2019-10-21,2019-10-21 09:37:16,1.78,2.3421,51,1.75,2.3026,42,1.77,2.3289,1,1.765,2.3223,1384,0
IWM191025C154,2019-10-21,2019-10-21 09:37:16,1.78,2.3421,51,1.74,2.2894,51,1.77,2.3289,1,1.76,2.3157,1384,0
IWM191025C154,2019-10-21,2019-10-21 09:37:17,1.78,2.3421,51,1.75,2.3026,51,1.77,2.3289,1,1.765,2.3223,1384,0
IWM191025C154,2019-10-21,2019-10-21 09:37:18,1.79,2.3552,27,1.76,2.3157,20,1.77,2.3289,1,1.775,2.3355,1384,0
IWM191025C154,2019-10-21,2019-10-21 09:37:18,1.79,2.3552,27,1.77,2.3289,14,1.77,2.3289,1,1.78,2.3421,1384,0
IWM191025C154,2019-10-21,2019-10-21 09:37:19,1.79,2.3552,51,1.76,2.3157,51,1.77,2.3289,1,1.775,2.3355,1384,0
IWM191025C154,2019-10-21,2019-10-21 09:37:19,1.79,2.3552,40,1.77,2.3289,8,1.77,2.3289,1,1.78,2.3421,1384,0
IWM191025C154,2019-10-21,2019-10-21 09:37:20,1.79,2.3552,40,1.77,2.3289,51,1.77,2.3289,1,1.78,2.3421,1384,0
IWM191025C154,2019-10-21,2019-10-21 09:37:20,1.79,2.3552,27,1.77,2.3289,51,1.77,2.3289,1,1.78,2.3421,1384,0
IWM191025C154,2019-10-21,2019-10-21 09:37:21,1.79,2.3552,43,1.77,2.3289,52,1.77,2.3289,1,1.78,2.3421,1384,0
IWM191025C154,2019-10-21,2019-10-21 09:37:21,1.79,2.3552,27,1.77,2.3289,51,1.77,2.3289,1,1.78,2.3421,1384,0
IWM191025C154,2019-10-21,2019-10-21 09:37:22,1.79,2.3552,42,1.77,2.3289,66,1.77,2.3289,1,1.78,2.3421,1384,0
IWM191025C154,2019-10-21,2019-10-21 09:37:22,1.79,2.3552,27,1.77,2.3289,66,1.77,2.3289,1,1.78,2.3421,1384,0
IWM191025C154,2019-10-21,2019-10-21 09:37:23,1.79,2.3552,42,1.77,2.3289,66,1.77,2.3289,1,1.78,2.3421,1384,0
IWM191025C154,2019-10-21,2019-10-21 09:37:24,1.78,2.3421,49,1.76,2.3157,63,1.77,2.3289,1,1.77,2.3289,1384,0
IWM191025C154,2019-10-21,2019-10-21 09:37:24,1.78,2.3421,49,1.75,2.3026,31,1.77,2.3289,1,1.765,2.3223,1384,0
IWM191025C154,2019-10-21,2019-10-21 09:37:25,1.78,2.3421,51,1.74,2.2894,49,1.77,2.3289,1,1.76,2.3157,1384,0
IWM191025C154,2019-10-21,2019-10-21 09:37:25,1.78,2.3421,51,1.74,2.2894,91,1.77,2.3289,1,1.76,2.3157,1384,0
IWM191025C154,2019-10-21,2019-10-21 09:37:26,1.78,2.3421,51,1.74,2.2894,92,1.77,2.3289,1,1.76,2.3157,1384,0
IWM191025C154,2019-10-21,2019-10-21 09:37:26,1.78,2.3421,51,1.76,2.3157,5,1.77,2.3289,1,1.77,2.3289,1384,0
IWM191025C154,2019-10-21,2019-10-21 09:37:27,1.78,2.3421,45,1.76,2.3157,10,1.77,2.3289,1,1.77,2.3289,1384,0
IWM191025C154,2019-10-21,2019-10-21 09:37:27,1.78,2.3421,41,1.76,2.3157,10,1.77,2.3289,1,1.77,2.3289,1384,0
IWM191025C154,2019-10-21,2019-10-21 09:37:28,1.78,2.3421,45,1.76,2.3157,10,1.77,2.3289,1,1.77,2.3289,1384,0
IWM191025C154,2019-10-21,2019-10-21 09:37:29,1.78,2.3421,45,1.76,2.3157,21,1.77,2.3289,1,1.77,2.3289,1384,0
IWM191025C154,2019-10-21,2019-10-21 09:37:29,1.79,2.3552,60,1.76,2.3157,21,1.77,2.3289,1,1.775,2.3355,1384,0
IWM191025C154,2019-10-21,2019-10-21 09:37:30,1.78,2.3421,18,1.75,2.3026,50,1.77,2.3289,1,1.765,2.3223,1384,0
IWM191025C154,2019-10-21,2019-10-21 09:37:30,1.78,2.3421,100,1.75,2.3026,50,1.77,2.3289,1,1.765,2.3223,1384,0
IWM191025C154,2019-10-21,2019-10-21 09:37:31,1.78,2.3421,18,1.75,2.3026,33,1.77,2.3289,1,1.765,2.3223,1384,0
IWM191025C154,2019-10-21,2019-10-21 09:37:31,1.78,2.3421,100,1.75,2.3026,68,1.77,2.3289,1,1.765,2.3223,1384,0
IWM191025C154,2019-10-21,2019-10-21 09:37:32,1.78,2.3421,71,1.74,2.2894,55,1.77,2.3289,1,1.76,2.3157,1384,0
IWM191025C154,2019-10-21,2019-10-21 09:37:32,1.78,2.3421,91,1.74,2.2894,55,1.77,2.3289,1,1.76,2.3157,1384,0
IWM191025C154,2019-10-21,2019-10-21 09:37:33,1.77,2.3289,50,1.74,2.2894,20,1.77,2.3289,1,1.755,2.3092,1384,0
IWM191025C154,2019-10-21,2019-10-21 09:37:34,1.76,2.3157,23,1.74,2.2894,26,1.77,2.3289,1,1.75,2.3026,1384,0
IWM191025C154,2019-10-21,2019-10-21 09:37:35,1.77,2.3289,23,1.75,2.3026,33,1.77,2.3289,1,1.76,2.3157,1384,0
IWM191025C154,2019-10-21,2019-10-21 09:37:35,1.76,2.3157,23,1.74,2.2894,26,1.77,2.3289,1,1.75,2.3026,1384,0
IWM191025C154,2019-10-21,2019-10-21 09:37:36,1.77,2.3289,20,1.75,2.3026,30,1.77,2.3289,1,1.76,2.3157,1384,0
IWM191025C154,2019-10-21,2019-10-21 09:37:36,1.78,2.3421,11,1.75,2.3026,120,1.77,2.3289,1,1.765,2.3223,1384,0
IWM191025C154,2019-10-21,2019-10-21 09:37:37,1.78,2.3421,2,1.76,2.3157,49,1.77,2.3289,1,1.77,2.3289,1384,0
IWM191025C154,2019-10-21,2019-10-21 09:37:37,1.78,2.3421,7,1.76,2.3157,49,1.77,2.3289,1,1.77,2.3289,1384,0
IWM191025C154,2019-10-21,2019-10-21 09:37:38,1.78,2.3421,2,1.76,2.3157,49,1.77,2.3289,1,1.77,2.3289,1384,0
IWM191025C154,2019-10-21,2019-10-21 09:37:38,1.78,2.3421,2,1.76,2.3157,87,1.77,2.3289,1,1.77,2.3289,1384,0
IWM191025C154,2019-10-21,2019-10-21 09:37:39,1.78,2.3421,2,1.76,2.3157,125,1.77,2.3289,1,1.77,2.3289,1384,0
IWM191025C154,2019-10-21,2019-10-21 09:37:39,1.78,2.3421,2,1.76,2.3157,49,1.77,2.3289,1,1.77,2.3289,1384,0
IWM191025C154,2019-10-21,2019-10-21 09:37:40,1.78,2.3421,9,1.76,2.3157,49,1.77,2.3289,1,1.77,2.3289,1384,0
IWM191025C154,2019-10-21,2019-10-21 09:37:40,1.78,2.3421,10,1.76,2.3157,49,1.77,2.3289,1,1.77,2.3289,1384,0
IWM191025C154,2019-10-21,2019-10-21 09:37:41,1.78,2.3421,9,1.76,2.3157,49,1.77,2.3289,1,1.77,2.3289,1384,0
IWM191025C154,2019-10-21,2019-10-21 09:37:42,1.78,2.3421,9,1.76,2.3157,49,1.77,2.3289,1,1.77,2.3289,1384,0
IWM191025C154,2019-10-21,2019-10-21 09:37:43,1.78,2.3421,2,1.76,2.3157,97,1.77,2.3289,1,1.77,2.3289,1384,0
IWM191025C154,2019-10-21,2019-10-21 09:37:43,1.78,2.3421,2,1.76,2.3157,49,1.77,2.3289,1,1.77,2.3289,1384,0
IWM191025C154,2019-10-21,2019-10-21 09:37:44,1.78,2.3421,2,1.76,2.3157,39,1.77,2.3289,1,1.77,2.3289,1384,0
IWM191025C154,2019-10-21,2019-10-21 09:37:44,1.78,2.3421,2,1.76,2.3157,44,1.77,2.3289,1,1.77,2.3289,1384,0
IWM191025C154,2019-10-21,2019-10-21 09:37:45,1.78,2.3421,2,1.76,2.3157,39,1.77,2.3289,1,1.77,2.3289,1384,0
IWM191025C154,2019-10-21,2019-10-21 09:37:45,1.78,2.3421,2,1.76,2.3157,44,1.77,2.3289,1,1.77,2.3289,1384,0
IWM191025C154,2019-10-21,2019-10-21 09:37:46,1.77,2.3289,48,1.75,2.3026,10,1.77,2.3289,1,1.76,2.3157,1384,0
IWM191025C154,2019-10-21,2019-10-21 09:37:46,1.77,2.3289,30,1.74,2.2894,10,1.77,2.3289,1,1.755,2.3092,1384,0
IWM191025C154,2019-10-21,2019-10-21 09:37:47,1.77,2.3289,48,1.74,2.2894,48,1.77,2.3289,1,1.755,2.3092,1384,0
IWM191025C154,2019-10-21,2019-10-21 09:37:48,1.77,2.3289,122,1.74,2.2894,13,1.77,2.3289,1,1.755,2.3092,1384,0
IWM191025C154,2019-10-21,2019-10-21 09:37:48,1.77,2.3289,48,1.74,2.2894,66,1.77,2.3289,1,1.755,2.3092,1384,0
IWM191025C154,2019-10-21,2019-10-21 09:37:49,1.77,2.3289,158,1.74,2.2894,2,1.77,2.3289,1,1.755,2.3092,1384,0
IWM191025C154,2019-10-21,2019-10-21 09:37:50,1.77,2.3289,8,1.75,2.3026,49,1.77,2.3289,1,1.76,2.3157,1384,0
IWM191025C154,2019-10-21,2019-10-21 09:37:51,1.77,2.3289,8,1.75,2.3026,49,1.77,2.3289,1,1.76,2.3157,1384,0
IWM191025C154,2019-10-21,2019-10-21 09:37:51,1.78,2.3421,41,1.75,2.3026,66,1.77,2.3289,1,1.765,2.3223,1384,0
IWM191025C154,2019-10-21,2019-10-21 09:37:52,1.78,2.3421,41,1.75,2.3026,48,1.75,2.3026,2,1.765,2.3223,1386,2
IWM191025C154,2019-10-21,2019-10-21 09:37:52,1.78,2.3421,146,1.75,2.3026,125,1.75,2.3026,2,1.765,2.3223,1386,0
IWM191025C154,2019-10-21,2019-10-21 09:37:53,1.78,2.3421,63,1.75,2.3026,125,1.75,2.3026,2,1.765,2.3223,1386,0
IWM191025C154,2019-10-21,2019-10-21 09:37:53,1.78,2.3421,43,1.76,2.3157,18,1.75,2.3026,2,1.77,2.3289,1386,0
IWM191025C154,2019-10-21,2019-10-21 09:37:54,1.77,2.3289,113,1.75,2.3026,42,1.75,2.3026,2,1.76,2.3157,1386,0
IWM191025C154,2019-10-21,2019-10-21 09:37:54,1.77,2.3289,45,1.75,2.3026,42,1.75,2.3026,2,1.76,2.3157,1386,0
IWM191025C154,2019-10-21,2019-10-21 09:37:55,1.75,2.3026,26,1.73,2.2763,24,1.75,2.3026,2,1.74,2.2894,1386,0
IWM191025C154,2019-10-21,2019-10-21 09:37:55,1.77,2.3289,113,1.74,2.2894,68,1.75,2.3026,2,1.755,2.3092,1386,0
IWM191025C154,2019-10-21,2019-10-21 09:37:56,1.78,2.3421,41,1.74,2.2894,63,1.75,2.3026,2,1.76,2.3157,1386,0
IWM191025C154,2019-10-21,2019-10-21 09:37:56,1.75,2.3026,22,1.74,2.2894,4,1.75,2.3026,2,1.745,2.296,1386,0
IWM191025C154,2019-10-21,2019-10-21 09:37:57,1.78,2.3421,41,1.74,2.2894,53,1.75,2.3026,2,1.76,2.3157,1386,0
IWM191025C154,2019-10-21,2019-10-21 09:37:57,1.78,2.3421,41,1.75,2.3026,34,1.75,2.3026,2,1.765,2.3223,1386,0
IWM191025C154,2019-10-21,2019-10-21 09:37:58,1.78,2.3421,41,1.76,2.3157,48,1.75,2.3026,2,1.77,2.3289,1386,0
IWM191025C154,2019-10-21,2019-10-21 09:37:58,1.79,2.3552,11,1.76,2.3157,68,1.75,2.3026,2,1.775,2.3355,1386,0
IWM191025C154,2019-10-21,2019-10-21 09:37:59,1.79,2.3552,11,1.76,2.3157,68,1.75,2.3026,2,1.775,2.3355,1386,0
IWM191025C154,2019-10-21,2019-10-21 09:37:59,1.79,2.3552,11,1.77,2.3289,43,1.75,2.3026,2,1.78,2.3421,1386,0
IWM191025C154,2019-10-21,2019-10-21 09:38:00,1.79,2.3552,26,1.77,2.3289,68,1.75,2.3026,2,1.78,2.3421,1386,0
IWM191025C154,2019-10-21,2019-10-21 09:38:00,1.79,2.3552,11,1.77,2.3289,48,1.75,2.3026,2,1.78,2.3421,1386,0
IWM191025C154,2019-10-21,2019-10-21 09:38:01,1.79,2.3552,26,1.77,2.3289,68,1.75,2.3026,2,1.78,2.3421,1386,0
IWM191025C154,2019-10-21,2019-10-21 09:38:01,1.79,2.3552,60,1.76,2.3157,48,1.75,2.3026,2,1.775,2.3355,1386,0
IWM191025C154,2019-10-21,2019-10-21 09:38:02,1.79,2.3552,169,1.75,2.3026,81,1.75,2.3026,2,1.77,2.3289,1386,0
IWM191025C154,2019-10-21,2019-10-21 09:38:03,1.76,2.3157,1,1.75,2.3026,48,1.76,2.3157,1,1.755,2.3092,1388,0
IWM191025C154,2019-10-21,2019-10-21 09:38:03,1.77,2.3289,12,1.75,2.3026,48,1.76,2.3157,1,1.76,2.3157,1388,2
IWM191025C154,2019-10-21,2019-10-21 09:38:04,1.77,2.3289,60,1.75,2.3026,48,1.76,2.3157,1,1.76,2.3157,1388,0
IWM191025C154,2019-10-21,2019-10-21 09:38:04,1.77,2.3289,11,1.75,2.3026,25,1.76,2.3157,1,1.76,2.3157,1388,0
IWM191025C154,2019-10-21,2019-10-21 09:38:05,1.77,2.3289,72,1.74,2.2894,99,1.76,2.3157,1,1.755,2.3092,1388,0
IWM191025C154,2019-10-21,2019-10-21 09:38:05,1.77,2.3289,93,1.74,2.2894,99,1.76,2.3157,1,1.755,2.3092,1388,0
IWM191025C154,2019-10-21,2019-10-21 09:38:06,1.78,2.3421,42,1.77,2.3289,46,1.76,2.3157,1,1.775,2.3355,1388,0
IWM191025C154,2019-10-21,2019-10-21 09:38:06,1.77,2.3289,112,1.75,2.3026,32,1.76,2.3157,1,1.76,2.3157,1388,0
IWM191025C154,2019-10-21,2019-10-21 09:38:07,1.79,2.3552,44,1.77,2.3289,66,1.76,2.3157,1,1.78,2.3421,1388,0
IWM191025C154,2019-10-21,2019-10-21 09:38:07,1.77,2.3289,24,1.75,2.3026,58,1.76,2.3157,1,1.76,2.3157,1388,0
IWM191025C154,2019-10-21,2019-10-21 09:38:08,1.78,2.3421,47,1.76,2.3157,3,1.76,2.3157,1,1.77,2.3289,1388,0
IWM191025C154,2019-10-21,2019-10-21 09:38:08,1.77,2.3289,24,1.75,2.3026,23,1.76,2.3157,1,1.76,2.3157,1388,0
IWM191025C154,2019-10-21,2019-10-21 09:38:09,1.78,2.3421,25,1.76,2.3157,40,1.76,2.3157,1,1.77,2.3289,1388,0
IWM191025C154,2019-10-21,2019-10-21 09:38:09,1.8,2.3684,12,1.77,2.3289,66,1.76,2.3157,1,1.785,2.3486,1388,0
IWM191025C154,2019-10-21,2019-10-21 09:38:10,1.81,2.3815,47,1.79,2.3552,2,1.76,2.3157,1,1.8,2.3684,1388,0
IWM191025C154,2019-10-21,2019-10-21 09:38:10,1.8,2.3684,9,1.78,2.3421,67,1.76,2.3157,1,1.79,2.3552,1388,0
IWM191025C154,2019-10-21,2019-10-21 09:38:11,1.81,2.3815,1,1.79,2.3552,60,1.76,2.3157,1,1.8,2.3684,1388,0
IWM191025C154,2019-10-21,2019-10-21 09:38:11,1.82,2.3947,12,1.79,2.3552,60,1.76,2.3157,1,1.805,2.375,1388,0
IWM191025C154,2019-10-21,2019-10-21 09:38:12,1.82,2.3947,12,1.81,2.3815,46,1.76,2.3157,1,1.815,2.3881,1388,0
IWM191025C154,2019-10-21,2019-10-21 09:38:12,1.85,2.4342,29,1.82,2.3947,49,1.82,2.3947,3,1.835,2.4144,1405,17
IWM191025C154,2019-10-21,2019-10-21 09:38:13,1.85,2.4342,114,1.81,2.3815,69,1.82,2.3947,3,1.83,2.4078,1405,0
IWM191025C154,2019-10-21,2019-10-21 09:38:13,1.84,2.421,5,1.81,2.3815,114,1.82,2.3947,3,1.825,2.4013,1405,0
IWM191025C154,2019-10-21,2019-10-21 09:38:14,1.84,2.421,5,1.81,2.3815,159,1.82,2.3947,3,1.825,2.4013,1405,0
IWM191025C154,2019-10-21,2019-10-21 09:38:14,1.84,2.421,12,1.81,2.3815,92,1.82,2.3947,3,1.825,2.4013,1405,0
IWM191025C154,2019-10-21,2019-10-21 09:38:15,1.84,2.421,12,1.81,2.3815,72,1.82,2.3947,3,1.825,2.4013,1405,0
IWM191025C154,2019-10-21,2019-10-21 09:38:15,1.84,2.421,109,1.8,2.3684,51,1.82,2.3947,3,1.82,2.3947,1405,0
IWM191025C154,2019-10-21,2019-10-21 09:38:16,1.84,2.421,80,1.8,2.3684,39,1.82,2.3947,3,1.82,2.3947,1405,0
IWM191025C154,2019-10-21,2019-10-21 09:38:16,1.84,2.421,109,1.8,2.3684,70,1.82,2.3947,3,1.82,2.3947,1405,0
IWM191025C154,2019-10-21,2019-10-21 09:38:17,1.84,2.421,80,1.8,2.3684,60,1.82,2.3947,3,1.82,2.3947,1405,0
IWM191025C154,2019-10-21,2019-10-21 09:38:18,1.82,2.3947,47,1.79,2.3552,47,1.82,2.3947,3,1.805,2.375,1405,0
IWM191025C154,2019-10-21,2019-10-21 09:38:18,1.84,2.421,199,1.8,2.3684,60,1.82,2.3947,3,1.82,2.3947,1405,0
IWM191025C154,2019-10-21,2019-10-21 09:38:19,1.82,2.3947,49,1.79,2.3552,58,1.82,2.3947,3,1.805,2.375,1405,0
IWM191025C154,2019-10-21,2019-10-21 09:38:19,1.82,2.3947,47,1.79,2.3552,58,1.82,2.3947,3,1.805,2.375,1405,0
IWM191025C154,2019-10-21,2019-10-21 09:38:20,1.82,2.3947,35,1.79,2.3552,75,1.82,2.3947,3,1.805,2.375,1405,0
IWM191025C154,2019-10-21,2019-10-21 09:38:20,1.82,2.3947,35,1.79,2.3552,85,1.82,2.3947,3,1.805,2.375,1405,0
IWM191025C154,2019-10-21,2019-10-21 09:38:21,1.83,2.4078,26,1.8,2.3684,86,1.82,2.3947,3,1.815,2.3881,1405,0
IWM191025C154,2019-10-21,2019-10-21 09:38:21,1.83,2.4078,26,1.8,2.3684,69,1.82,2.3947,3,1.815,2.3881,1405,0
IWM191025C154,2019-10-21,2019-10-21 09:38:22,1.83,2.4078,113,1.8,2.3684,23,1.82,2.3947,3,1.815,2.3881,1405,0
IWM191025C154,2019-10-21,2019-10-21 09:38:22,1.83,2.4078,113,1.8,2.3684,26,1.82,2.3947,3,1.815,2.3881,1405,0
IWM191025C154,2019-10-21,2019-10-21 09:38:23,1.82,2.3947,47,1.79,2.3552,45,1.82,2.3947,3,1.805,2.375,1405,0
IWM191025C154,2019-10-21,2019-10-21 09:38:23,1.83,2.4078,113,1.8,2.3684,26,1.82,2.3947,3,1.815,2.3881,1405,0
IWM191025C154,2019-10-21,2019-10-21 09:38:24,1.81,2.3815,10,1.79,2.3552,23,1.82,2.3947,3,1.8,2.3684,1405,0
IWM191025C154,2019-10-21,2019-10-21 09:38:24,1.81,2.3815,10,1.79,2.3552,26,1.82,2.3947,3,1.8,2.3684,1405,0
IWM191025C154,2019-10-21,2019-10-21 09:38:25,1.81,2.3815,10,1.79,2.3552,26,1.82,2.3947,3,1.8,2.3684,1405,0
IWM191025C154,2019-10-21,2019-10-21 09:38:25,1.82,2.3947,126,1.79,2.3552,23,1.82,2.3947,3,1.805,2.375,1405,0
IWM191025C154,2019-10-21,2019-10-21 09:38:26,1.81,2.3815,47,1.78,2.3421,27,1.82,2.3947,3,1.795,2.3618,1405,0
IWM191025C154,2019-10-21,2019-10-21 09:38:27,1.81,2.3815,90,1.78,2.3421,27,1.82,2.3947,3,1.795,2.3618,1405,0
IWM191025C154,2019-10-21,2019-10-21 09:38:27,1.8,2.3684,122,1.77,2.3289,30,1.82,2.3947,3,1.785,2.3486,1405,0
IWM191025C154,2019-10-21,2019-10-21 09:38:28,1.8,2.3684,47,1.77,2.3289,49,1.82,2.3947,3,1.785,2.3486,1405,0
IWM191025C154,2019-10-21,2019-10-21 09:38:28,1.8,2.3684,60,1.77,2.3289,27,1.82,2.3947,3,1.785,2.3486,1405,0
IWM191025C154,2019-10-21,2019-10-21 09:38:29,1.8,2.3684,47,1.78,2.3421,45,1.82,2.3947,3,1.79,2.3552,1405,0
IWM191025C154,2019-10-21,2019-10-21 09:38:29,1.8,2.3684,111,1.77,2.3289,27,1.82,2.3947,3,1.785,2.3486,1405,0
IWM191025C154,2019-10-21,2019-10-21 09:38:30,1.81,2.3815,47,1.79,2.3552,67,1.82,2.3947,3,1.8,2.3684,1405,0
IWM191025C154,2019-10-21,2019-10-21 09:38:30,1.8,2.3684,15,1.78,2.3421,68,1.82,2.3947,3,1.79,2.3552,1405,0
IWM191025C154,2019-10-21,2019-10-21 09:38:31,1.8,2.3684,91,1.77,2.3289,58,1.82,2.3947,3,1.785,2.3486,1405,0
IWM191025C154,2019-10-21,2019-10-21 09:38:32,1.8,2.3684,52,1.77,2.3289,35,1.82,2.3947,3,1.785,2.3486,1405,0
IWM191025C154,2019-10-21,2019-10-21 09:38:32,1.8,2.3684,51,1.77,2.3289,49,1.82,2.3947,3,1.785,2.3486,1405,0
IWM191025C154,2019-10-21,2019-10-21 09:38:33,1.8,2.3684,52,1.77,2.3289,55,1.82,2.3947,3,1.785,2.3486,1405,0
