symbol,Date,quote_time,ask_price,norm_ask_price,ask_size,bid_price,norm_bid_price,bid_size,last_trade_price,norm_last_trade_price,last_trade_size,mark_price,norm_mark_price,volume,Volume
IWM190920P156,2019-09-16,2019-09-16 09:30:00,1.1,1.0,15,1.02,0.9272,1,0.99,0.9,1,1.06,0.9636,0,0
IWM190920P156,2019-09-16,2019-09-16 09:30:01,1.1,1.0,15,1.04,0.9454,15,0.99,0.9,1,1.07,0.9727,0,0
IWM190920P156,2019-09-16,2019-09-16 09:30:01,1.1,1.0,15,1.04,0.9454,15,1.06,0.9636,1,1.07,0.9727,1,1
IWM190920P156,2019-09-16,2019-09-16 09:30:02,1.09,0.9909,15,1.02,0.9272,60,1.06,0.9636,1,1.055,0.959,1,0
IWM190920P156,2019-09-16,2019-09-16 09:30:02,1.1,1.0,15,1.04,0.9454,15,1.06,0.9636,1,1.07,0.9727,1,0
IWM190920P156,2019-09-16,2019-09-16 09:30:03,1.07,0.9727,15,1.02,0.9272,60,1.06,0.9636,1,1.045,0.95,1,0
IWM190920P156,2019-09-16,2019-09-16 09:30:03,1.07,0.9727,15,1.03,0.9363,10,1.06,0.9636,1,1.05,0.9545,1,0
IWM190920P156,2019-09-16,2019-09-16 09:30:04,1.08,0.9818,15,1.03,0.9363,10,1.06,0.9636,1,1.055,0.959,1,0
IWM190920P156,2019-09-16,2019-09-16 09:30:04,1.07,0.9727,15,1.03,0.9363,10,1.06,0.9636,1,1.05,0.9545,1,0
IWM190920P156,2019-09-16,2019-09-16 09:30:05,1.08,0.9818,15,1.03,0.9363,10,1.06,0.9636,1,1.055,0.959,1,0
IWM190920P156,2019-09-16,2019-09-16 09:30:06,1.08,0.9818,15,1.03,0.9363,10,1.06,0.9636,1,1.055,0.959,1,0
IWM190920P156,2019-09-16,2019-09-16 09:30:06,1.08,0.9818,15,1.01,0.9181,118,1.06,0.9636,1,1.045,0.95,1,0
IWM190920P156,2019-09-16,2019-09-16 09:30:07,1.08,0.9818,15,1.01,0.9181,60,1.06,0.9636,1,1.045,0.95,1,0
IWM190920P156,2019-09-16,2019-09-16 09:30:07,1.08,0.9818,15,1.0,0.909,197,1.06,0.9636,1,1.04,0.9454,1,0
IWM190920P156,2019-09-16,2019-09-16 09:30:08,1.06,0.9636,1,1.0,0.909,197,1.06,0.9636,1,1.03,0.9363,1,0
IWM190920P156,2019-09-16,2019-09-16 09:30:09,1.06,0.9636,1,1.0,0.909,197,1.06,0.9636,1,1.03,0.9363,1,0
IWM190920P156,2019-09-16,2019-09-16 09:30:10,1.05,0.9545,14,1.01,0.9181,232,1.06,0.9636,1,1.03,0.9363,1,0
IWM190920P156,2019-09-16,2019-09-16 09:30:10,1.05,0.9545,23,1.0,0.909,197,1.06,0.9636,1,1.025,0.9318,1,0
IWM190920P156,2019-09-16,2019-09-16 09:30:11,1.06,0.9636,23,1.01,0.9181,234,1.06,0.9636,1,1.035,0.9409,1,0
IWM190920P156,2019-09-16,2019-09-16 09:30:11,1.05,0.9545,27,1.01,0.9181,200,1.06,0.9636,1,1.03,0.9363,1,0
IWM190920P156,2019-09-16,2019-09-16 09:30:12,1.05,0.9545,27,1.01,0.9181,200,1.06,0.9636,1,1.03,0.9363,1,0
IWM190920P156,2019-09-16,2019-09-16 09:30:12,1.06,0.9636,45,1.02,0.9272,435,1.06,0.9636,1,1.04,0.9454,1,0
IWM190920P156,2019-09-16,2019-09-16 09:30:13,1.06,0.9636,20,1.02,0.9272,352,1.06,0.9636,1,1.04,0.9454,1,0
IWM190920P156,2019-09-16,2019-09-16 09:30:13,1.06,0.9636,45,1.02,0.9272,352,1.06,0.9636,1,1.04,0.9454,1,0
IWM190920P156,2019-09-16,2019-09-16 09:30:14,1.06,0.9636,20,1.02,0.9272,352,1.06,0.9636,1,1.04,0.9454,1,0
IWM190920P156,2019-09-16,2019-09-16 09:30:15,1.06,0.9636,20,1.02,0.9272,85,1.06,0.9636,1,1.04,0.9454,1,0
IWM190920P156,2019-09-16,2019-09-16 09:30:15,1.06,0.9636,20,1.02,0.9272,352,1.06,0.9636,1,1.04,0.9454,1,0
IWM190920P156,2019-09-16,2019-09-16 09:30:16,1.06,0.9636,105,1.01,0.9181,1,1.06,0.9636,1,1.035,0.9409,1,0
IWM190920P156,2019-09-16,2019-09-16 09:30:16,1.06,0.9636,80,1.02,0.9272,36,1.06,0.9636,1,1.04,0.9454,1,0
IWM190920P156,2019-09-16,2019-09-16 09:30:17,1.05,0.9545,29,1.01,0.9181,1,1.06,0.9636,1,1.03,0.9363,1,0
IWM190920P156,2019-09-16,2019-09-16 09:30:18,1.05,0.9545,105,1.01,0.9181,20,1.06,0.9636,1,1.03,0.9363,1,0
IWM190920P156,2019-09-16,2019-09-16 09:30:18,1.05,0.9545,38,1.01,0.9181,1,1.06,0.9636,1,1.03,0.9363,1,0
IWM190920P156,2019-09-16,2019-09-16 09:30:19,1.04,0.9454,147,0.99,0.9,60,1.06,0.9636,1,1.015,0.9227,1,0
IWM190920P156,2019-09-16,2019-09-16 09:30:19,1.05,0.9545,105,0.99,0.9,274,1.06,0.9636,1,1.02,0.9272,1,0
IWM190920P156,2019-09-16,2019-09-16 09:30:20,1.04,0.9454,271,0.97,0.8818,319,1.06,0.9636,1,1.005,0.9136,1,0
IWM190920P156,2019-09-16,2019-09-16 09:30:20,1.04,0.9454,271,0.99,0.9,25,1.06,0.9636,1,1.015,0.9227,1,0
IWM190920P156,2019-09-16,2019-09-16 09:30:21,1.04,0.9454,496,0.97,0.8818,322,1.06,0.9636,1,1.005,0.9136,1,0
IWM190920P156,2019-09-16,2019-09-16 09:30:21,1.04,0.9454,271,0.97,0.8818,322,1.06,0.9636,1,1.005,0.9136,1,0
IWM190920P156,2019-09-16,2019-09-16 09:30:22,1.04,0.9454,496,0.97,0.8818,322,1.06,0.9636,1,1.005,0.9136,1,0
IWM190920P156,2019-09-16,2019-09-16 09:30:23,1.03,0.9363,158,0.97,0.8818,322,1.06,0.9636,1,1.0,0.909,1,0
IWM190920P156,2019-09-16,2019-09-16 09:30:23,1.03,0.9363,132,0.97,0.8818,322,1.06,0.9636,1,1.0,0.909,1,0
IWM190920P156,2019-09-16,2019-09-16 09:30:24,1.03,0.9363,181,0.97,0.8818,322,1.06,0.9636,1,1.0,0.909,1,0
IWM190920P156,2019-09-16,2019-09-16 09:30:24,1.02,0.9272,78,0.97,0.8818,322,1.06,0.9636,1,0.995,0.9045,1,0
IWM190920P156,2019-09-16,2019-09-16 09:30:25,1.01,0.9181,22,0.98,0.8909,111,1.06,0.9636,1,0.995,0.9045,1,0
IWM190920P156,2019-09-16,2019-09-16 09:30:26,1.01,0.9181,22,0.98,0.8909,22,1.06,0.9636,1,0.995,0.9045,1,0
IWM190920P156,2019-09-16,2019-09-16 09:30:27,1.01,0.9181,22,0.98,0.8909,13,1.06,0.9636,1,0.995,0.9045,1,0
IWM190920P156,2019-09-16,2019-09-16 09:30:28,1.01,0.9181,72,0.98,0.8909,13,1.06,0.9636,1,0.995,0.9045,1,0
IWM190920P156,2019-09-16,2019-09-16 09:30:28,1.01,0.9181,22,0.98,0.8909,13,1.06,0.9636,1,0.995,0.9045,1,0
IWM190920P156,2019-09-16,2019-09-16 09:30:29,1.01,0.9181,72,0.98,0.8909,13,1.06,0.9636,1,0.995,0.9045,1,0
IWM190920P156,2019-09-16,2019-09-16 09:30:30,1.01,0.9181,62,0.98,0.8909,13,1.06,0.9636,1,0.995,0.9045,1,0
IWM190920P156,2019-09-16,2019-09-16 09:30:31,1.0,0.909,13,0.98,0.8909,13,1.06,0.9636,1,0.99,0.9,1,0
IWM190920P156,2019-09-16,2019-09-16 09:30:31,1.01,0.9181,72,0.98,0.8909,13,1.06,0.9636,1,0.995,0.9045,1,0
IWM190920P156,2019-09-16,2019-09-16 09:30:32,1.0,0.909,13,0.98,0.8909,13,1.06,0.9636,1,0.99,0.9,1,0
IWM190920P156,2019-09-16,2019-09-16 09:30:32,1.0,0.909,13,0.97,0.8818,56,1.06,0.9636,1,0.985,0.8954,1,0
IWM190920P156,2019-09-16,2019-09-16 09:30:33,1.0,0.909,13,0.97,0.8818,86,1.06,0.9636,1,0.985,0.8954,1,0
IWM190920P156,2019-09-16,2019-09-16 09:30:33,1.0,0.909,22,0.97,0.8818,159,1.06,0.9636,1,0.985,0.8954,1,0
IWM190920P156,2019-09-16,2019-09-16 09:30:34,1.0,0.909,22,0.98,0.8909,22,1.06,0.9636,1,0.99,0.9,1,0
IWM190920P156,2019-09-16,2019-09-16 09:30:34,1.0,0.909,22,0.97,0.8818,179,1.06,0.9636,1,0.985,0.8954,1,0
IWM190920P156,2019-09-16,2019-09-16 09:30:35,1.0,0.909,13,0.98,0.8909,23,1.06,0.9636,1,0.99,0.9,1,0
IWM190920P156,2019-09-16,2019-09-16 09:30:35,1.0,0.909,13,0.98,0.8909,13,1.06,0.9636,1,0.99,0.9,1,0
IWM190920P156,2019-09-16,2019-09-16 09:30:36,1.0,0.909,13,0.98,0.8909,23,1.06,0.9636,1,0.99,0.9,1,0
IWM190920P156,2019-09-16,2019-09-16 09:30:37,1.02,0.9272,8,0.99,0.9,13,1.06,0.9636,1,1.005,0.9136,1,0
IWM190920P156,2019-09-16,2019-09-16 09:30:37,1.02,0.9272,13,0.99,0.9,25,1.06,0.9636,1,1.005,0.9136,1,0
IWM190920P156,2019-09-16,2019-09-16 09:30:38,1.02,0.9272,13,0.99,0.9,13,1.06,0.9636,1,1.005,0.9136,1,0
IWM190920P156,2019-09-16,2019-09-16 09:30:38,1.02,0.9272,21,0.99,0.9,23,1.06,0.9636,1,1.005,0.9136,1,0
IWM190920P156,2019-09-16,2019-09-16 09:30:39,1.02,0.9272,21,0.99,0.9,39,1.06,0.9636,1,1.005,0.9136,1,0
IWM190920P156,2019-09-16,2019-09-16 09:30:39,1.02,0.9272,13,1.0,0.909,33,1.06,0.9636,1,1.01,0.9181,1,0
IWM190920P156,2019-09-16,2019-09-16 09:30:40,1.02,0.9272,13,1.0,0.909,33,1.06,0.9636,1,1.01,0.9181,1,0
IWM190920P156,2019-09-16,2019-09-16 09:30:41,1.04,0.9454,13,1.01,0.9181,25,1.06,0.9636,1,1.025,0.9318,1,0
IWM190920P156,2019-09-16,2019-09-16 09:30:41,1.02,0.9272,13,1.0,0.909,33,1.06,0.9636,1,1.01,0.9181,1,0
IWM190920P156,2019-09-16,2019-09-16 09:30:42,1.04,0.9454,13,1.01,0.9181,35,1.06,0.9636,1,1.025,0.9318,1,0
IWM190920P156,2019-09-16,2019-09-16 09:30:42,1.03,0.9363,13,1.01,0.9181,35,1.06,0.9636,1,1.02,0.9272,1,0
IWM190920P156,2019-09-16,2019-09-16 09:30:43,1.03,0.9363,13,1.01,0.9181,35,1.06,0.9636,1,1.02,0.9272,1,0
IWM190920P156,2019-09-16,2019-09-16 09:30:44,1.03,0.9363,13,1.01,0.9181,35,1.06,0.9636,1,1.02,0.9272,1,0
IWM190920P156,2019-09-16,2019-09-16 09:30:45,1.04,0.9454,13,1.02,0.9272,25,1.06,0.9636,1,1.03,0.9363,1,0
IWM190920P156,2019-09-16,2019-09-16 09:30:45,1.05,0.9545,14,1.02,0.9272,66,1.06,0.9636,1,1.035,0.9409,1,0
IWM190920P156,2019-09-16,2019-09-16 09:30:46,1.05,0.9545,13,1.03,0.9363,116,1.06,0.9636,1,1.04,0.9454,1,0
IWM190920P156,2019-09-16,2019-09-16 09:30:46,1.05,0.9545,13,1.03,0.9363,178,1.05,0.9545,1,1.04,0.9454,2,1
IWM190920P156,2019-09-16,2019-09-16 09:30:47,1.05,0.9545,13,1.03,0.9363,178,1.05,0.9545,1,1.04,0.9454,2,0
IWM190920P156,2019-09-16,2019-09-16 09:30:48,1.06,0.9636,13,1.03,0.9363,124,1.05,0.9545,1,1.045,0.95,2,0
IWM190920P156,2019-09-16,2019-09-16 09:30:48,1.06,0.9636,13,1.03,0.9363,75,1.05,0.9545,1,1.045,0.95,2,0
IWM190920P156,2019-09-16,2019-09-16 09:30:49,1.05,0.9545,13,1.03,0.9363,134,1.05,0.9545,1,1.04,0.9454,2,0
IWM190920P156,2019-09-16,2019-09-16 09:30:49,1.05,0.9545,13,1.03,0.9363,174,1.05,0.9545,1,1.04,0.9454,2,0
IWM190920P156,2019-09-16,2019-09-16 09:30:50,1.05,0.9545,13,1.03,0.9363,166,1.05,0.9545,1,1.04,0.9454,2,0
IWM190920P156,2019-09-16,2019-09-16 09:30:51,1.09,0.9909,36,1.06,0.9636,13,1.05,0.9545,1,1.075,0.9772,2,0
IWM190920P156,2019-09-16,2019-09-16 09:30:51,1.06,0.9636,1,1.03,0.9363,166,1.05,0.9545,1,1.045,0.95,2,0
IWM190920P156,2019-09-16,2019-09-16 09:30:52,1.08,0.9818,13,1.05,0.9545,10,1.06,0.9636,1,1.065,0.9681,3,0
IWM190920P156,2019-09-16,2019-09-16 09:30:52,1.09,0.9909,47,1.07,0.9727,12,1.06,0.9636,1,1.08,0.9818,3,1
IWM190920P156,2019-09-16,2019-09-16 09:30:53,1.08,0.9818,13,1.05,0.9545,27,1.06,0.9636,1,1.065,0.9681,3,0
IWM190920P156,2019-09-16,2019-09-16 09:30:53,1.07,0.9727,13,1.05,0.9545,64,1.06,0.9636,1,1.06,0.9636,3,0
IWM190920P156,2019-09-16,2019-09-16 09:30:54,1.07,0.9727,13,1.05,0.9545,91,1.06,0.9636,1,1.06,0.9636,3,0
IWM190920P156,2019-09-16,2019-09-16 09:30:54,1.07,0.9727,13,1.05,0.9545,207,1.06,0.9636,1,1.06,0.9636,3,0
IWM190920P156,2019-09-16,2019-09-16 09:30:55,1.09,0.9909,15,1.05,0.9545,217,1.06,0.9636,1,1.07,0.9727,3,0
IWM190920P156,2019-09-16,2019-09-16 09:30:55,1.08,0.9818,10,1.05,0.9545,243,1.06,0.9636,1,1.065,0.9681,3,0
IWM190920P156,2019-09-16,2019-09-16 09:30:56,1.06,0.9636,13,1.04,0.9454,22,1.06,0.9636,1,1.05,0.9545,3,0
IWM190920P156,2019-09-16,2019-09-16 09:30:56,1.06,0.9636,13,1.04,0.9454,13,1.06,0.9636,1,1.05,0.9545,3,0
IWM190920P156,2019-09-16,2019-09-16 09:30:57,1.06,0.9636,13,1.04,0.9454,110,1.06,0.9636,1,1.05,0.9545,3,0
IWM190920P156,2019-09-16,2019-09-16 09:30:57,1.06,0.9636,13,1.04,0.9454,66,1.06,0.9636,1,1.05,0.9545,3,0
IWM190920P156,2019-09-16,2019-09-16 09:30:58,1.07,0.9727,13,1.05,0.9545,13,1.06,0.9636,1,1.06,0.9636,3,0
IWM190920P156,2019-09-16,2019-09-16 09:30:58,1.06,0.9636,13,1.04,0.9454,65,1.06,0.9636,1,1.05,0.9545,3,0
IWM190920P156,2019-09-16,2019-09-16 09:30:59,1.07,0.9727,13,1.05,0.9545,161,1.06,0.9636,1,1.06,0.9636,3,0
IWM190920P156,2019-09-16,2019-09-16 09:30:59,1.07,0.9727,13,1.05,0.9545,85,1.06,0.9636,1,1.06,0.9636,3,0
IWM190920P156,2019-09-16,2019-09-16 09:31:00,1.08,0.9818,13,1.06,0.9636,30,1.06,0.9636,1,1.07,0.9727,3,0
IWM190920P156,2019-09-16,2019-09-16 09:31:00,1.08,0.9818,13,1.06,0.9636,152,1.06,0.9636,1,1.07,0.9727,3,0
IWM190920P156,2019-09-16,2019-09-16 09:31:01,1.08,0.9818,13,1.07,0.9727,50,1.06,0.9636,1,1.075,0.9772,3,0
IWM190920P156,2019-09-16,2019-09-16 09:31:02,1.08,0.9818,13,1.07,0.9727,50,1.06,0.9636,1,1.075,0.9772,3,0
IWM190920P156,2019-09-16,2019-09-16 09:31:03,1.08,0.9818,13,1.07,0.9727,50,1.07,0.9727,42,1.075,0.9772,53,50
IWM190920P156,2019-09-16,2019-09-16 09:31:03,1.08,0.9818,13,1.07,0.9727,50,1.06,0.9636,1,1.075,0.9772,3,0
IWM190920P156,2019-09-16,2019-09-16 09:31:04,1.08,0.9818,165,1.04,0.9454,232,1.07,0.9727,42,1.06,0.9636,53,0
IWM190920P156,2019-09-16,2019-09-16 09:31:04,1.06,0.9636,13,1.03,0.9363,265,1.07,0.9727,42,1.045,0.95,53,0
IWM190920P156,2019-09-16,2019-09-16 09:31:05,1.08,0.9818,13,1.06,0.9636,20,1.07,0.9727,42,1.07,0.9727,53,0
IWM190920P156,2019-09-16,2019-09-16 09:31:05,1.08,0.9818,17,1.05,0.9545,13,1.07,0.9727,42,1.065,0.9681,53,0
IWM190920P156,2019-09-16,2019-09-16 09:31:06,1.09,0.9909,12,1.07,0.9727,25,1.07,0.9727,42,1.08,0.9818,53,0
IWM190920P156,2019-09-16,2019-09-16 09:31:06,1.08,0.9818,13,1.06,0.9636,26,1.07,0.9727,42,1.07,0.9727,53,0
IWM190920P156,2019-09-16,2019-09-16 09:31:07,1.1,1.0,13,1.08,0.9818,13,1.07,0.9727,42,1.09,0.9909,53,0
IWM190920P156,2019-09-16,2019-09-16 09:31:07,1.1,1.0,53,1.07,0.9727,25,1.07,0.9727,42,1.085,0.9863,53,0
IWM190920P156,2019-09-16,2019-09-16 09:31:08,1.11,1.009,50,1.09,0.9909,20,1.07,0.9727,42,1.1,1.0,53,0
IWM190920P156,2019-09-16,2019-09-16 09:31:08,1.11,1.009,48,1.09,0.9909,13,1.07,0.9727,42,1.1,1.0,53,0
IWM190920P156,2019-09-16,2019-09-16 09:31:09,1.12,1.0181,73,1.09,0.9909,16,1.07,0.9727,42,1.105,1.0045,53,0
IWM190920P156,2019-09-16,2019-09-16 09:31:09,1.11,1.009,50,1.09,0.9909,20,1.07,0.9727,42,1.1,1.0,53,0
IWM190920P156,2019-09-16,2019-09-16 09:31:10,1.11,1.009,25,1.09,0.9909,16,1.07,0.9727,42,1.1,1.0,53,0
IWM190920P156,2019-09-16,2019-09-16 09:31:11,1.11,1.009,152,1.07,0.9727,13,1.07,0.9727,42,1.09,0.9909,53,0
IWM190920P156,2019-09-16,2019-09-16 09:31:11,1.11,1.009,20,1.08,0.9818,46,1.07,0.9727,42,1.095,0.9954,53,0
IWM190920P156,2019-09-16,2019-09-16 09:31:12,1.1,1.0,22,1.07,0.9727,20,1.07,0.9727,42,1.085,0.9863,53,0
IWM190920P156,2019-09-16,2019-09-16 09:31:12,1.1,1.0,31,1.07,0.9727,61,1.07,0.9727,42,1.085,0.9863,53,0
IWM190920P156,2019-09-16,2019-09-16 09:31:13,1.1,1.0,20,1.07,0.9727,88,1.07,0.9727,42,1.085,0.9863,53,0
IWM190920P156,2019-09-16,2019-09-16 09:31:13,1.1,1.0,39,1.07,0.9727,128,1.07,0.9727,42,1.085,0.9863,53,0
IWM190920P156,2019-09-16,2019-09-16 09:31:14,1.1,1.0,29,1.07,0.9727,172,1.1,1.0,1,1.085,0.9863,54,1
IWM190920P156,2019-09-16,2019-09-16 09:31:14,1.1,1.0,29,1.07,0.9727,275,1.1,1.0,1,1.085,0.9863,54,0
IWM190920P156,2019-09-16,2019-09-16 09:31:15,1.1,1.0,28,1.07,0.9727,93,1.08,0.9818,1,1.085,0.9863,55,0
IWM190920P156,2019-09-16,2019-09-16 09:31:15,1.1,1.0,28,1.08,0.9818,1,1.08,0.9818,1,1.09,0.9909,55,1
IWM190920P156,2019-09-16,2019-09-16 09:31:16,1.1,1.0,31,1.07,0.9727,130,1.08,0.9818,1,1.085,0.9863,55,0
IWM190920P156,2019-09-16,2019-09-16 09:31:16,1.1,1.0,31,1.07,0.9727,134,1.08,0.9818,1,1.085,0.9863,55,0
IWM190920P156,2019-09-16,2019-09-16 09:31:17,1.11,1.009,28,1.09,0.9909,13,1.08,0.9818,1,1.1,1.0,55,0
IWM190920P156,2019-09-16,2019-09-16 09:31:17,1.1,1.0,44,1.07,0.9727,130,1.08,0.9818,1,1.085,0.9863,55,0
IWM190920P156,2019-09-16,2019-09-16 09:31:18,1.11,1.009,22,1.09,0.9909,13,1.08,0.9818,1,1.1,1.0,55,0
IWM190920P156,2019-09-16,2019-09-16 09:31:19,1.11,1.009,20,1.09,0.9909,86,1.08,0.9818,1,1.1,1.0,55,0
IWM190920P156,2019-09-16,2019-09-16 09:31:19,1.11,1.009,11,1.09,0.9909,166,1.08,0.9818,1,1.1,1.0,55,0
IWM190920P156,2019-09-16,2019-09-16 09:31:20,1.12,1.0181,18,1.1,1.0,20,1.08,0.9818,1,1.11,1.009,55,0
IWM190920P156,2019-09-16,2019-09-16 09:31:20,1.12,1.0181,74,1.09,0.9909,267,1.08,0.9818,1,1.105,1.0045,55,0
IWM190920P156,2019-09-16,2019-09-16 09:31:21,1.12,1.0181,18,1.11,1.009,13,1.08,0.9818,1,1.115,1.0136,55,0
IWM190920P156,2019-09-16,2019-09-16 09:31:21,1.11,1.009,22,1.09,0.9909,13,1.08,0.9818,1,1.1,1.0,55,0
IWM190920P156,2019-09-16,2019-09-16 09:31:22,1.11,1.009,22,1.09,0.9909,13,1.08,0.9818,1,1.1,1.0,55,0
IWM190920P156,2019-09-16,2019-09-16 09:31:22,1.11,1.009,22,1.08,0.9818,13,1.08,0.9818,1,1.095,0.9954,55,0
IWM190920P156,2019-09-16,2019-09-16 09:31:23,1.1,1.0,22,1.08,0.9818,13,1.08,0.9818,1,1.09,0.9909,55,0
IWM190920P156,2019-09-16,2019-09-16 09:31:23,1.09,0.9909,13,1.07,0.9727,13,1.08,0.9818,1,1.08,0.9818,55,0
IWM190920P156,2019-09-16,2019-09-16 09:31:24,1.1,1.0,21,1.07,0.9727,13,1.08,0.9818,1,1.085,0.9863,55,0
IWM190920P156,2019-09-16,2019-09-16 09:31:24,1.1,1.0,26,1.07,0.9727,23,1.08,0.9818,1,1.085,0.9863,55,0
IWM190920P156,2019-09-16,2019-09-16 09:31:25,1.1,1.0,20,1.08,0.9818,13,1.08,0.9818,1,1.09,0.9909,55,0
IWM190920P156,2019-09-16,2019-09-16 09:31:25,1.1,1.0,20,1.07,0.9727,13,1.08,0.9818,1,1.085,0.9863,55,0
IWM190920P156,2019-09-16,2019-09-16 09:31:26,1.1,1.0,26,1.07,0.9727,13,1.08,0.9818,1,1.085,0.9863,55,0
IWM190920P156,2019-09-16,2019-09-16 09:31:26,1.1,1.0,20,1.08,0.9818,13,1.08,0.9818,1,1.09,0.9909,55,0
IWM190920P156,2019-09-16,2019-09-16 09:31:27,1.1,1.0,25,1.08,0.9818,20,1.08,0.9818,1,1.09,0.9909,55,0
IWM190920P156,2019-09-16,2019-09-16 09:31:28,1.1,1.0,25,1.08,0.9818,13,1.08,0.9818,1,1.09,0.9909,55,0
IWM190920P156,2019-09-16,2019-09-16 09:31:28,1.1,1.0,25,1.08,0.9818,11,1.08,0.9818,1,1.09,0.9909,55,0
IWM190920P156,2019-09-16,2019-09-16 09:31:29,1.11,1.009,25,1.08,0.9818,20,1.08,0.9818,1,1.095,0.9954,55,0
IWM190920P156,2019-09-16,2019-09-16 09:31:29,1.1,1.0,13,1.08,0.9818,13,1.08,0.9818,1,1.09,0.9909,55,0
IWM190920P156,2019-09-16,2019-09-16 09:31:30,1.11,1.009,48,1.08,0.9818,20,1.08,0.9818,1,1.095,0.9954,55,0
IWM190920P156,2019-09-16,2019-09-16 09:31:31,1.11,1.009,48,1.08,0.9818,54,1.08,0.9818,1,1.095,0.9954,55,0
IWM190920P156,2019-09-16,2019-09-16 09:31:31,1.1,1.0,21,1.08,0.9818,20,1.08,0.9818,1,1.09,0.9909,55,0
IWM190920P156,2019-09-16,2019-09-16 09:31:32,1.1,1.0,21,1.08,0.9818,13,1.08,0.9818,1,1.09,0.9909,55,0
IWM190920P156,2019-09-16,2019-09-16 09:31:32,1.1,1.0,21,1.08,0.9818,20,1.08,0.9818,1,1.09,0.9909,55,0
IWM190920P156,2019-09-16,2019-09-16 09:31:33,1.1,1.0,21,1.08,0.9818,13,1.08,0.9818,1,1.09,0.9909,55,0
IWM190920P156,2019-09-16,2019-09-16 09:31:34,1.1,1.0,13,1.08,0.9818,180,1.08,0.9818,1,1.09,0.9909,55,0
IWM190920P156,2019-09-16,2019-09-16 09:31:34,1.11,1.009,39,1.08,0.9818,180,1.08,0.9818,1,1.095,0.9954,55,0
IWM190920P156,2019-09-16,2019-09-16 09:31:35,1.1,1.0,21,1.08,0.9818,180,1.08,0.9818,1,1.09,0.9909,55,0
IWM190920P156,2019-09-16,2019-09-16 09:31:36,1.1,1.0,18,1.08,0.9818,180,1.08,0.9818,1,1.09,0.9909,55,0
IWM190920P156,2019-09-16,2019-09-16 09:31:37,1.12,1.0181,48,1.09,0.9909,118,1.08,0.9818,1,1.105,1.0045,55,0
IWM190920P156,2019-09-16,2019-09-16 09:31:37,1.12,1.0181,22,1.1,1.0,13,1.08,0.9818,1,1.11,1.009,55,0
IWM190920P156,2019-09-16,2019-09-16 09:31:38,1.12,1.0181,22,1.1,1.0,158,1.08,0.9818,1,1.11,1.009,55,0
IWM190920P156,2019-09-16,2019-09-16 09:31:38,1.12,1.0181,22,1.1,1.0,115,1.08,0.9818,1,1.11,1.009,55,0
IWM190920P156,2019-09-16,2019-09-16 09:31:39,1.12,1.0181,37,1.1,1.0,158,1.08,0.9818,1,1.11,1.009,55,0
IWM190920P156,2019-09-16,2019-09-16 09:31:40,1.12,1.0181,37,1.1,1.0,158,1.08,0.9818,1,1.11,1.009,55,0
IWM190920P156,2019-09-16,2019-09-16 09:31:41,1.12,1.0181,56,1.1,1.0,158,1.08,0.9818,1,1.11,1.009,55,0
IWM190920P156,2019-09-16,2019-09-16 09:31:41,1.13,1.0272,58,1.11,1.009,20,1.08,0.9818,1,1.12,1.0181,55,0
IWM190920P156,2019-09-16,2019-09-16 09:31:42,1.13,1.0272,25,1.11,1.009,20,1.08,0.9818,1,1.12,1.0181,55,0
IWM190920P156,2019-09-16,2019-09-16 09:31:42,1.13,1.0272,18,1.11,1.009,20,1.08,0.9818,1,1.12,1.0181,55,0
IWM190920P156,2019-09-16,2019-09-16 09:31:43,1.13,1.0272,25,1.11,1.009,128,1.08,0.9818,1,1.12,1.0181,55,0
IWM190920P156,2019-09-16,2019-09-16 09:31:43,1.13,1.0272,25,1.11,1.009,20,1.08,0.9818,1,1.12,1.0181,55,0
IWM190920P156,2019-09-16,2019-09-16 09:31:44,1.13,1.0272,25,1.11,1.009,128,1.08,0.9818,1,1.12,1.0181,55,0
IWM190920P156,2019-09-16,2019-09-16 09:31:45,1.13,1.0272,25,1.11,1.009,128,1.08,0.9818,1,1.12,1.0181,55,0
IWM190920P156,2019-09-16,2019-09-16 09:31:45,1.13,1.0272,25,1.1,1.0,189,1.08,0.9818,1,1.115,1.0136,55,0
IWM190920P156,2019-09-16,2019-09-16 09:31:46,1.13,1.0272,30,1.1,1.0,290,1.08,0.9818,1,1.115,1.0136,55,0
IWM190920P156,2019-09-16,2019-09-16 09:31:46,1.13,1.0272,25,1.11,1.009,13,1.08,0.9818,1,1.12,1.0181,55,0
IWM190920P156,2019-09-16,2019-09-16 09:31:47,1.13,1.0272,5,1.12,1.0181,13,1.08,0.9818,1,1.125,1.0227,55,0
IWM190920P156,2019-09-16,2019-09-16 09:31:48,1.13,1.0272,5,1.11,1.009,102,1.08,0.9818,1,1.12,1.0181,55,0
IWM190920P156,2019-09-16,2019-09-16 09:31:48,1.13,1.0272,25,1.11,1.009,70,1.08,0.9818,1,1.12,1.0181,55,0
IWM190920P156,2019-09-16,2019-09-16 09:31:49,1.13,1.0272,5,1.11,1.009,105,1.08,0.9818,1,1.12,1.0181,55,0
IWM190920P156,2019-09-16,2019-09-16 09:31:49,1.13,1.0272,5,1.11,1.009,95,1.08,0.9818,1,1.12,1.0181,55,0
IWM190920P156,2019-09-16,2019-09-16 09:31:50,1.13,1.0272,5,1.11,1.009,95,1.08,0.9818,1,1.12,1.0181,55,0
IWM190920P156,2019-09-16,2019-09-16 09:31:50,1.13,1.0272,5,1.11,1.009,199,1.08,0.9818,1,1.12,1.0181,55,0
IWM190920P156,2019-09-16,2019-09-16 09:31:51,1.13,1.0272,25,1.11,1.009,199,1.08,0.9818,1,1.12,1.0181,55,0
IWM190920P156,2019-09-16,2019-09-16 09:31:52,1.13,1.0272,5,1.11,1.009,199,1.08,0.9818,1,1.12,1.0181,55,0
IWM190920P156,2019-09-16,2019-09-16 09:31:52,1.13,1.0272,18,1.12,1.0181,20,1.13,1.0272,5,1.125,1.0227,60,5
IWM190920P156,2019-09-16,2019-09-16 09:31:53,1.14,1.0363,134,1.12,1.0181,26,1.13,1.0272,5,1.13,1.0272,60,0
IWM190920P156,2019-09-16,2019-09-16 09:31:53,1.14,1.0363,173,1.12,1.0181,20,1.14,1.0363,5,1.13,1.0272,65,5
IWM190920P156,2019-09-16,2019-09-16 09:31:54,1.14,1.0363,5,1.13,1.0272,20,1.14,1.0363,5,1.135,1.0318,70,5
IWM190920P156,2019-09-16,2019-09-16 09:31:54,1.14,1.0363,173,1.12,1.0181,20,1.14,1.0363,5,1.13,1.0272,65,0
IWM190920P156,2019-09-16,2019-09-16 09:31:55,1.16,1.0545,50,1.14,1.0363,13,1.14,1.0363,5,1.15,1.0454,70,0
IWM190920P156,2019-09-16,2019-09-16 09:31:55,1.16,1.0545,19,1.13,1.0272,20,1.14,1.0363,5,1.145,1.0409,70,0
IWM190920P156,2019-09-16,2019-09-16 09:31:56,1.16,1.0545,50,1.14,1.0363,13,1.14,1.0363,5,1.15,1.0454,70,0
IWM190920P156,2019-09-16,2019-09-16 09:31:57,1.16,1.0545,13,1.14,1.0363,20,1.14,1.0363,5,1.15,1.0454,70,0
IWM190920P156,2019-09-16,2019-09-16 09:31:57,1.17,1.0636,55,1.14,1.0363,25,1.14,1.0363,5,1.155,1.05,70,0
IWM190920P156,2019-09-16,2019-09-16 09:31:58,1.18,1.0727,55,1.15,1.0454,20,1.14,1.0363,5,1.165,1.059,70,0
IWM190920P156,2019-09-16,2019-09-16 09:31:58,1.17,1.0636,27,1.15,1.0454,80,1.14,1.0363,5,1.16,1.0545,70,0
IWM190920P156,2019-09-16,2019-09-16 09:31:59,1.17,1.0636,29,1.14,1.0363,15,1.14,1.0363,5,1.155,1.05,70,0
IWM190920P156,2019-09-16,2019-09-16 09:31:59,1.15,1.0454,13,1.13,1.0272,21,1.14,1.0363,5,1.14,1.0363,70,0
IWM190920P156,2019-09-16,2019-09-16 09:32:00,1.16,1.0545,16,1.14,1.0363,98,1.14,1.0363,5,1.15,1.0454,70,0
IWM190920P156,2019-09-16,2019-09-16 09:32:00,1.17,1.0636,58,1.14,1.0363,152,1.14,1.0363,5,1.155,1.05,70,0
IWM190920P156,2019-09-16,2019-09-16 09:32:01,1.17,1.0636,20,1.15,1.0454,37,1.14,1.0363,5,1.16,1.0545,70,0
IWM190920P156,2019-09-16,2019-09-16 09:32:01,1.17,1.0636,10,1.15,1.0454,52,1.14,1.0363,5,1.16,1.0545,70,0
IWM190920P156,2019-09-16,2019-09-16 09:32:02,1.18,1.0727,20,1.16,1.0545,42,1.14,1.0363,5,1.17,1.0636,70,0
IWM190920P156,2019-09-16,2019-09-16 09:32:02,1.17,1.0636,10,1.15,1.0454,190,1.14,1.0363,5,1.16,1.0545,70,0
IWM190920P156,2019-09-16,2019-09-16 09:32:03,1.18,1.0727,20,1.16,1.0545,78,1.14,1.0363,5,1.17,1.0636,70,0
IWM190920P156,2019-09-16,2019-09-16 09:32:03,1.18,1.0727,20,1.16,1.0545,42,1.14,1.0363,5,1.17,1.0636,70,0
IWM190920P156,2019-09-16,2019-09-16 09:32:04,1.19,1.0818,20,1.17,1.0636,43,1.14,1.0363,5,1.18,1.0727,70,0
IWM190920P156,2019-09-16,2019-09-16 09:32:04,1.19,1.0818,53,1.17,1.0636,13,1.14,1.0363,5,1.18,1.0727,70,0
IWM190920P156,2019-09-16,2019-09-16 09:32:05,1.19,1.0818,20,1.17,1.0636,58,1.14,1.0363,5,1.18,1.0727,70,0
IWM190920P156,2019-09-16,2019-09-16 09:32:05,1.19,1.0818,26,1.16,1.0545,156,1.14,1.0363,5,1.175,1.0681,70,0
IWM190920P156,2019-09-16,2019-09-16 09:32:06,1.19,1.0818,50,1.16,1.0545,183,1.14,1.0363,5,1.175,1.0681,70,0
IWM190920P156,2019-09-16,2019-09-16 09:32:06,1.19,1.0818,50,1.16,1.0545,257,1.14,1.0363,5,1.175,1.0681,70,0
IWM190920P156,2019-09-16,2019-09-16 09:32:07,1.18,1.0727,20,1.16,1.0545,73,1.14,1.0363,5,1.17,1.0636,70,0
IWM190920P156,2019-09-16,2019-09-16 09:32:07,1.19,1.0818,50,1.16,1.0545,183,1.14,1.0363,5,1.175,1.0681,70,0
IWM190920P156,2019-09-16,2019-09-16 09:32:08,1.18,1.0727,20,1.16,1.0545,73,1.14,1.0363,5,1.17,1.0636,70,0
IWM190920P156,2019-09-16,2019-09-16 09:32:08,1.18,1.0727,26,1.16,1.0545,52,1.14,1.0363,5,1.17,1.0636,70,0
IWM190920P156,2019-09-16,2019-09-16 09:32:09,1.18,1.0727,13,1.16,1.0545,52,1.14,1.0363,5,1.17,1.0636,70,0
IWM190920P156,2019-09-16,2019-09-16 09:32:09,1.18,1.0727,22,1.16,1.0545,71,1.14,1.0363,5,1.17,1.0636,70,0
IWM190920P156,2019-09-16,2019-09-16 09:32:10,1.18,1.0727,22,1.16,1.0545,71,1.14,1.0363,5,1.17,1.0636,70,0
IWM190920P156,2019-09-16,2019-09-16 09:32:11,1.18,1.0727,22,1.16,1.0545,52,1.18,1.0727,4,1.17,1.0636,74,4
IWM190920P156,2019-09-16,2019-09-16 09:32:11,1.18,1.0727,22,1.16,1.0545,52,1.18,1.0727,4,1.17,1.0636,74,0
IWM190920P156,2019-09-16,2019-09-16 09:32:12,1.18,1.0727,33,1.16,1.0545,52,1.18,1.0727,4,1.17,1.0636,74,0
IWM190920P156,2019-09-16,2019-09-16 09:32:12,1.19,1.0818,20,1.16,1.0545,52,1.18,1.0727,4,1.175,1.0681,74,0
IWM190920P156,2019-09-16,2019-09-16 09:32:13,1.19,1.0818,56,1.17,1.0636,51,1.18,1.0727,4,1.18,1.0727,74,0
IWM190920P156,2019-09-16,2019-09-16 09:32:13,1.19,1.0818,20,1.17,1.0636,51,1.18,1.0727,4,1.18,1.0727,74,0
IWM190920P156,2019-09-16,2019-09-16 09:32:14,1.19,1.0818,56,1.17,1.0636,51,1.18,1.0727,4,1.18,1.0727,74,0
IWM190920P156,2019-09-16,2019-09-16 09:32:14,1.19,1.0818,56,1.17,1.0636,61,1.18,1.0727,4,1.18,1.0727,74,0
IWM190920P156,2019-09-16,2019-09-16 09:32:15,1.18,1.0727,29,1.16,1.0545,136,1.18,1.0727,4,1.17,1.0636,74,0
IWM190920P156,2019-09-16,2019-09-16 09:32:15,1.18,1.0727,29,1.16,1.0545,150,1.18,1.0727,4,1.17,1.0636,74,0
IWM190920P156,2019-09-16,2019-09-16 09:32:16,1.18,1.0727,13,1.16,1.0545,67,1.18,1.0727,4,1.17,1.0636,74,0
IWM190920P156,2019-09-16,2019-09-16 09:32:16,1.17,1.0636,13,1.14,1.0363,13,1.18,1.0727,4,1.155,1.05,74,0
IWM190920P156,2019-09-16,2019-09-16 09:32:17,1.17,1.0636,13,1.14,1.0363,13,1.18,1.0727,4,1.155,1.05,74,0
IWM190920P156,2019-09-16,2019-09-16 09:32:17,1.17,1.0636,55,1.14,1.0363,147,1.18,1.0727,4,1.155,1.05,74,0
IWM190920P156,2019-09-16,2019-09-16 09:32:18,1.16,1.0545,13,1.14,1.0363,147,1.18,1.0727,4,1.15,1.0454,74,0
IWM190920P156,2019-09-16,2019-09-16 09:32:19,1.17,1.0636,13,1.14,1.0363,270,1.18,1.0727,4,1.155,1.05,74,0
IWM190920P156,2019-09-16,2019-09-16 09:32:19,1.17,1.0636,13,1.14,1.0363,202,1.18,1.0727,4,1.155,1.05,74,0
IWM190920P156,2019-09-16,2019-09-16 09:32:20,1.17,1.0636,13,1.15,1.0454,70,1.18,1.0727,4,1.16,1.0545,74,0
IWM190920P156,2019-09-16,2019-09-16 09:32:20,1.17,1.0636,13,1.14,1.0363,274,1.18,1.0727,4,1.155,1.05,74,0
IWM190920P156,2019-09-16,2019-09-16 09:32:21,1.17,1.0636,13,1.15,1.0454,70,1.18,1.0727,4,1.16,1.0545,74,0
IWM190920P156,2019-09-16,2019-09-16 09:32:21,1.17,1.0636,45,1.14,1.0363,233,1.18,1.0727,4,1.155,1.05,74,0
IWM190920P156,2019-09-16,2019-09-16 09:32:22,1.16,1.0545,13,1.14,1.0363,249,1.18,1.0727,4,1.15,1.0454,74,0
IWM190920P156,2019-09-16,2019-09-16 09:32:22,1.17,1.0636,56,1.14,1.0363,249,1.18,1.0727,4,1.155,1.05,74,0
IWM190920P156,2019-09-16,2019-09-16 09:32:23,1.16,1.0545,13,1.14,1.0363,249,1.18,1.0727,4,1.15,1.0454,74,0
IWM190920P156,2019-09-16,2019-09-16 09:32:24,1.17,1.0636,6,1.14,1.0363,22,1.18,1.0727,4,1.155,1.05,74,0
IWM190920P156,2019-09-16,2019-09-16 09:32:24,1.16,1.0545,16,1.15,1.0454,23,1.18,1.0727,4,1.155,1.05,74,0
IWM190920P156,2019-09-16,2019-09-16 09:32:25,1.16,1.0545,16,1.14,1.0363,23,1.18,1.0727,4,1.15,1.0454,74,0
IWM190920P156,2019-09-16,2019-09-16 09:32:25,1.16,1.0545,16,1.13,1.0272,140,1.18,1.0727,4,1.145,1.0409,74,0
IWM190920P156,2019-09-16,2019-09-16 09:32:26,1.16,1.0545,16,1.13,1.0272,33,1.18,1.0727,4,1.145,1.0409,74,0
IWM190920P156,2019-09-16,2019-09-16 09:32:26,1.16,1.0545,20,1.14,1.0363,10,1.18,1.0727,4,1.15,1.0454,74,0
IWM190920P156,2019-09-16,2019-09-16 09:32:27,1.16,1.0545,20,1.14,1.0363,10,1.18,1.0727,4,1.15,1.0454,74,0
IWM190920P156,2019-09-16,2019-09-16 09:32:28,1.15,1.0454,17,1.13,1.0272,21,1.18,1.0727,4,1.14,1.0363,74,0
IWM190920P156,2019-09-16,2019-09-16 09:32:28,1.16,1.0545,20,1.14,1.0363,10,1.18,1.0727,4,1.15,1.0454,74,0
IWM190920P156,2019-09-16,2019-09-16 09:32:29,1.15,1.0454,17,1.13,1.0272,20,1.18,1.0727,4,1.14,1.0363,74,0
IWM190920P156,2019-09-16,2019-09-16 09:32:30,1.15,1.0454,17,1.13,1.0272,20,1.18,1.0727,4,1.14,1.0363,74,0
IWM190920P156,2019-09-16,2019-09-16 09:32:31,1.15,1.0454,17,1.13,1.0272,30,1.18,1.0727,4,1.14,1.0363,74,0
IWM190920P156,2019-09-16,2019-09-16 09:32:32,1.14,1.0363,15,1.12,1.0181,16,1.18,1.0727,4,1.13,1.0272,74,0
IWM190920P156,2019-09-16,2019-09-16 09:32:32,1.14,1.0363,15,1.12,1.0181,74,1.18,1.0727,4,1.13,1.0272,74,0
IWM190920P156,2019-09-16,2019-09-16 09:32:33,1.14,1.0363,15,1.12,1.0181,16,1.18,1.0727,4,1.13,1.0272,74,0
IWM190920P156,2019-09-16,2019-09-16 09:32:33,1.15,1.0454,67,1.12,1.0181,62,1.18,1.0727,4,1.135,1.0318,74,0
IWM190920P156,2019-09-16,2019-09-16 09:32:34,1.14,1.0363,27,1.12,1.0181,118,1.18,1.0727,4,1.13,1.0272,74,0
IWM190920P156,2019-09-16,2019-09-16 09:32:34,1.15,1.0454,104,1.12,1.0181,84,1.18,1.0727,4,1.135,1.0318,74,0
IWM190920P156,2019-09-16,2019-09-16 09:32:35,1.14,1.0363,18,1.12,1.0181,115,1.18,1.0727,4,1.13,1.0272,74,0
IWM190920P156,2019-09-16,2019-09-16 09:32:35,1.14,1.0363,26,1.13,1.0272,2,1.18,1.0727,4,1.135,1.0318,74,0
IWM190920P156,2019-09-16,2019-09-16 09:32:36,1.15,1.0454,83,1.13,1.0272,2,1.18,1.0727,4,1.14,1.0363,74,0
IWM190920P156,2019-09-16,2019-09-16 09:32:36,1.15,1.0454,102,1.13,1.0272,2,1.18,1.0727,4,1.14,1.0363,74,0
IWM190920P156,2019-09-16,2019-09-16 09:32:37,1.16,1.0545,28,1.14,1.0363,84,1.18,1.0727,4,1.15,1.0454,74,0
IWM190920P156,2019-09-16,2019-09-16 09:32:37,1.16,1.0545,28,1.14,1.0363,54,1.18,1.0727,4,1.15,1.0454,74,0
IWM190920P156,2019-09-16,2019-09-16 09:32:38,1.16,1.0545,28,1.14,1.0363,54,1.18,1.0727,4,1.15,1.0454,74,0
IWM190920P156,2019-09-16,2019-09-16 09:32:38,1.16,1.0545,28,1.14,1.0363,99,1.18,1.0727,4,1.15,1.0454,74,0
IWM190920P156,2019-09-16,2019-09-16 09:32:39,1.15,1.0454,25,1.13,1.0272,11,1.18,1.0727,4,1.14,1.0363,74,0
IWM190920P156,2019-09-16,2019-09-16 09:32:39,1.15,1.0454,25,1.13,1.0272,64,1.18,1.0727,4,1.14,1.0363,74,0
IWM190920P156,2019-09-16,2019-09-16 09:32:40,1.15,1.0454,25,1.13,1.0272,11,1.18,1.0727,4,1.14,1.0363,74,0
IWM190920P156,2019-09-16,2019-09-16 09:32:40,1.15,1.0454,14,1.13,1.0272,30,1.18,1.0727,4,1.14,1.0363,74,0
IWM190920P156,2019-09-16,2019-09-16 09:32:41,1.15,1.0454,27,1.13,1.0272,304,1.18,1.0727,4,1.14,1.0363,74,0
IWM190920P156,2019-09-16,2019-09-16 09:32:41,1.15,1.0454,27,1.13,1.0272,122,1.18,1.0727,4,1.14,1.0363,74,0
IWM190920P156,2019-09-16,2019-09-16 09:32:42,1.15,1.0454,14,1.13,1.0272,304,1.18,1.0727,4,1.14,1.0363,74,0
IWM190920P156,2019-09-16,2019-09-16 09:32:42,1.15,1.0454,27,1.13,1.0272,304,1.18,1.0727,4,1.14,1.0363,74,0
IWM190920P156,2019-09-16,2019-09-16 09:32:43,1.15,1.0454,2,1.13,1.0272,304,1.15,1.0454,8,1.14,1.0363,82,8
IWM190920P156,2019-09-16,2019-09-16 09:32:43,1.15,1.0454,26,1.13,1.0272,374,1.15,1.0454,8,1.14,1.0363,82,0
IWM190920P156,2019-09-16,2019-09-16 09:32:44,1.16,1.0545,27,1.14,1.0363,56,1.15,1.0454,8,1.15,1.0454,82,0
IWM190920P156,2019-09-16,2019-09-16 09:32:44,1.16,1.0545,27,1.14,1.0363,113,1.15,1.0454,8,1.15,1.0454,82,0
IWM190920P156,2019-09-16,2019-09-16 09:32:45,1.15,1.0454,17,1.13,1.0272,176,1.15,1.0454,8,1.14,1.0363,82,0
IWM190920P156,2019-09-16,2019-09-16 09:32:45,1.16,1.0545,28,1.14,1.0363,113,1.15,1.0454,8,1.15,1.0454,82,0
IWM190920P156,2019-09-16,2019-09-16 09:32:46,1.15,1.0454,24,1.13,1.0272,41,1.15,1.0454,8,1.14,1.0363,82,0
IWM190920P156,2019-09-16,2019-09-16 09:32:46,1.15,1.0454,73,1.13,1.0272,41,1.15,1.0454,8,1.14,1.0363,82,0
IWM190920P156,2019-09-16,2019-09-16 09:32:47,1.13,1.0272,16,1.12,1.0181,13,1.15,1.0454,8,1.125,1.0227,82,0
IWM190920P156,2019-09-16,2019-09-16 09:32:47,1.13,1.0272,16,1.12,1.0181,25,1.15,1.0454,8,1.125,1.0227,82,0
IWM190920P156,2019-09-16,2019-09-16 09:32:48,1.13,1.0272,16,1.12,1.0181,13,1.15,1.0454,8,1.125,1.0227,82,0
IWM190920P156,2019-09-16,2019-09-16 09:32:49,1.13,1.0272,20,1.11,1.009,45,1.15,1.0454,8,1.12,1.0181,82,0
IWM190920P156,2019-09-16,2019-09-16 09:32:49,1.13,1.0272,16,1.12,1.0181,13,1.15,1.0454,8,1.125,1.0227,82,0
IWM190920P156,2019-09-16,2019-09-16 09:32:50,1.12,1.0181,13,1.11,1.009,42,1.15,1.0454,8,1.115,1.0136,82,0
IWM190920P156,2019-09-16,2019-09-16 09:32:51,1.13,1.0272,63,1.11,1.009,53,1.15,1.0454,8,1.12,1.0181,82,0
IWM190920P156,2019-09-16,2019-09-16 09:32:51,1.12,1.0181,13,1.11,1.009,42,1.15,1.0454,8,1.115,1.0136,82,0
IWM190920P156,2019-09-16,2019-09-16 09:32:52,1.13,1.0272,83,1.11,1.009,98,1.15,1.0454,8,1.12,1.0181,82,0
IWM190920P156,2019-09-16,2019-09-16 09:32:52,1.13,1.0272,83,1.11,1.009,67,1.15,1.0454,8,1.12,1.0181,82,0
IWM190920P156,2019-09-16,2019-09-16 09:32:53,1.13,1.0272,66,1.11,1.009,94,1.15,1.0454,8,1.12,1.0181,82,0
IWM190920P156,2019-09-16,2019-09-16 09:32:53,1.13,1.0272,83,1.11,1.009,67,1.15,1.0454,8,1.12,1.0181,82,0
IWM190920P156,2019-09-16,2019-09-16 09:32:54,1.13,1.0272,66,1.11,1.009,208,1.15,1.0454,8,1.12,1.0181,82,0
IWM190920P156,2019-09-16,2019-09-16 09:32:54,1.13,1.0272,66,1.11,1.009,221,1.15,1.0454,8,1.12,1.0181,82,0
IWM190920P156,2019-09-16,2019-09-16 09:32:55,1.12,1.0181,15,1.11,1.009,50,1.15,1.0454,8,1.115,1.0136,82,0
IWM190920P156,2019-09-16,2019-09-16 09:32:55,1.13,1.0272,15,1.11,1.009,290,1.15,1.0454,8,1.12,1.0181,82,0
IWM190920P156,2019-09-16,2019-09-16 09:32:56,1.12,1.0181,22,1.11,1.009,96,1.15,1.0454,8,1.115,1.0136,82,0
IWM190920P156,2019-09-16,2019-09-16 09:32:56,1.12,1.0181,22,1.1,1.0,116,1.15,1.0454,8,1.11,1.009,82,0
IWM190920P156,2019-09-16,2019-09-16 09:32:57,1.12,1.0181,25,1.1,1.0,50,1.15,1.0454,8,1.11,1.009,82,0
IWM190920P156,2019-09-16,2019-09-16 09:32:57,1.11,1.009,13,1.1,1.0,153,1.15,1.0454,8,1.105,1.0045,82,0
IWM190920P156,2019-09-16,2019-09-16 09:32:58,1.12,1.0181,25,1.1,1.0,162,1.15,1.0454,8,1.11,1.009,82,0
IWM190920P156,2019-09-16,2019-09-16 09:32:58,1.12,1.0181,25,1.1,1.0,152,1.15,1.0454,8,1.11,1.009,82,0
IWM190920P156,2019-09-16,2019-09-16 09:32:59,1.11,1.009,15,1.1,1.0,50,1.15,1.0454,8,1.105,1.0045,82,0
IWM190920P156,2019-09-16,2019-09-16 09:32:59,1.11,1.009,13,1.1,1.0,50,1.15,1.0454,8,1.105,1.0045,82,0
IWM190920P156,2019-09-16,2019-09-16 09:33:00,1.12,1.0181,39,1.1,1.0,79,1.15,1.0454,8,1.11,1.009,82,0
IWM190920P156,2019-09-16,2019-09-16 09:33:00,1.12,1.0181,39,1.1,1.0,166,1.15,1.0454,8,1.11,1.009,82,0
IWM190920P156,2019-09-16,2019-09-16 09:33:01,1.12,1.0181,29,1.1,1.0,50,1.15,1.0454,8,1.11,1.009,82,0
IWM190920P156,2019-09-16,2019-09-16 09:33:01,1.13,1.0272,23,1.1,1.0,70,1.15,1.0454,8,1.115,1.0136,82,0
IWM190920P156,2019-09-16,2019-09-16 09:33:02,1.12,1.0181,40,1.1,1.0,50,1.15,1.0454,8,1.11,1.009,82,0
IWM190920P156,2019-09-16,2019-09-16 09:33:02,1.11,1.009,13,1.1,1.0,50,1.15,1.0454,8,1.105,1.0045,82,0
IWM190920P156,2019-09-16,2019-09-16 09:33:03,1.11,1.009,24,1.1,1.0,50,1.15,1.0454,8,1.105,1.0045,82,0
IWM190920P156,2019-09-16,2019-09-16 09:33:04,1.11,1.009,24,1.1,1.0,50,1.15,1.0454,8,1.105,1.0045,82,0
IWM190920P156,2019-09-16,2019-09-16 09:33:05,1.11,1.009,90,1.1,1.0,50,1.15,1.0454,8,1.105,1.0045,82,0
IWM190920P156,2019-09-16,2019-09-16 09:33:05,1.11,1.009,100,1.1,1.0,50,1.15,1.0454,8,1.105,1.0045,82,0
IWM190920P156,2019-09-16,2019-09-16 09:33:06,1.11,1.009,41,1.1,1.0,50,1.15,1.0454,8,1.105,1.0045,82,0
IWM190920P156,2019-09-16,2019-09-16 09:33:07,1.1,1.0,53,1.08,0.9818,53,1.1,1.0,50,1.09,0.9909,132,0
IWM190920P156,2019-09-16,2019-09-16 09:33:07,1.11,1.009,24,1.1,1.0,50,1.1,1.0,50,1.105,1.0045,132,50
IWM190920P156,2019-09-16,2019-09-16 09:33:08,1.1,1.0,13,1.08,0.9818,132,1.1,1.0,50,1.09,0.9909,132,0
IWM190920P156,2019-09-16,2019-09-16 09:33:08,1.1,1.0,51,1.08,0.9818,111,1.1,1.0,50,1.09,0.9909,132,0
IWM190920P156,2019-09-16,2019-09-16 09:33:09,1.1,1.0,13,1.08,0.9818,325,1.1,1.0,50,1.09,0.9909,132,0
IWM190920P156,2019-09-16,2019-09-16 09:33:09,1.11,1.009,66,1.08,0.9818,325,1.1,1.0,50,1.095,0.9954,132,0
IWM190920P156,2019-09-16,2019-09-16 09:33:10,1.11,1.009,66,1.08,0.9818,307,1.1,1.0,50,1.095,0.9954,132,0
IWM190920P156,2019-09-16,2019-09-16 09:33:11,1.11,1.009,49,1.08,0.9818,377,1.1,1.0,50,1.095,0.9954,132,0
IWM190920P156,2019-09-16,2019-09-16 09:33:12,1.11,1.009,66,1.08,0.9818,377,1.1,1.0,50,1.095,0.9954,132,0
IWM190920P156,2019-09-16,2019-09-16 09:33:12,1.11,1.009,49,1.08,0.9818,377,1.1,1.0,50,1.095,0.9954,132,0
IWM190920P156,2019-09-16,2019-09-16 09:33:13,1.11,1.009,66,1.08,0.9818,377,1.1,1.0,50,1.095,0.9954,132,0
IWM190920P156,2019-09-16,2019-09-16 09:33:13,1.11,1.009,35,1.09,0.9909,26,1.1,1.0,50,1.1,1.0,132,0
IWM190920P156,2019-09-16,2019-09-16 09:33:14,1.11,1.009,36,1.09,0.9909,181,1.1,1.0,50,1.1,1.0,132,0
IWM190920P156,2019-09-16,2019-09-16 09:33:14,1.11,1.009,36,1.09,0.9909,184,1.1,1.0,50,1.1,1.0,132,0
IWM190920P156,2019-09-16,2019-09-16 09:33:15,1.11,1.009,36,1.09,0.9909,184,1.1,1.0,50,1.1,1.0,132,0
IWM190920P156,2019-09-16,2019-09-16 09:33:16,1.11,1.009,36,1.09,0.9909,184,1.1,1.0,50,1.1,1.0,132,0
IWM190920P156,2019-09-16,2019-09-16 09:33:16,1.1,1.0,13,1.08,0.9818,39,1.1,1.0,50,1.09,0.9909,132,0
IWM190920P156,2019-09-16,2019-09-16 09:33:17,1.1,1.0,13,1.08,0.9818,324,1.1,1.0,50,1.09,0.9909,132,0
IWM190920P156,2019-09-16,2019-09-16 09:33:17,1.1,1.0,22,1.08,0.9818,248,1.1,1.0,50,1.09,0.9909,132,0
IWM190920P156,2019-09-16,2019-09-16 09:33:18,1.1,1.0,13,1.08,0.9818,370,1.1,1.0,50,1.09,0.9909,132,0
IWM190920P156,2019-09-16,2019-09-16 09:33:18,1.1,1.0,22,1.08,0.9818,286,1.1,1.0,50,1.09,0.9909,132,0
IWM190920P156,2019-09-16,2019-09-16 09:33:19,1.1,1.0,22,1.08,0.9818,257,1.1,1.0,50,1.09,0.9909,132,0
IWM190920P156,2019-09-16,2019-09-16 09:33:20,1.1,1.0,22,1.08,0.9818,257,1.1,1.0,50,1.09,0.9909,132,0
IWM190920P156,2019-09-16,2019-09-16 09:33:20,1.09,0.9909,13,1.07,0.9727,70,1.1,1.0,50,1.08,0.9818,132,0
IWM190920P156,2019-09-16,2019-09-16 09:33:21,1.08,0.9818,20,1.07,0.9727,79,1.1,1.0,50,1.075,0.9772,132,0
IWM190920P156,2019-09-16,2019-09-16 09:33:21,1.08,0.9818,13,1.07,0.9727,35,1.1,1.0,50,1.075,0.9772,132,0
IWM190920P156,2019-09-16,2019-09-16 09:33:22,1.08,0.9818,20,1.07,0.9727,36,1.1,1.0,50,1.075,0.9772,132,0
IWM190920P156,2019-09-16,2019-09-16 09:33:22,1.08,0.9818,13,1.07,0.9727,36,1.1,1.0,50,1.075,0.9772,132,0
IWM190920P156,2019-09-16,2019-09-16 09:33:23,1.08,0.9818,20,1.07,0.9727,89,1.1,1.0,50,1.075,0.9772,132,0
IWM190920P156,2019-09-16,2019-09-16 09:33:23,1.08,0.9818,20,1.07,0.9727,77,1.1,1.0,50,1.075,0.9772,132,0
IWM190920P156,2019-09-16,2019-09-16 09:33:24,1.07,0.9727,13,1.06,0.9636,13,1.1,1.0,50,1.065,0.9681,132,0
IWM190920P156,2019-09-16,2019-09-16 09:33:24,1.07,0.9727,13,1.06,0.9636,15,1.1,1.0,50,1.065,0.9681,132,0
IWM190920P156,2019-09-16,2019-09-16 09:33:25,1.07,0.9727,57,1.05,0.9545,35,1.1,1.0,50,1.06,0.9636,132,0
IWM190920P156,2019-09-16,2019-09-16 09:33:25,1.06,0.9636,57,1.04,0.9454,47,1.1,1.0,50,1.05,0.9545,132,0
IWM190920P156,2019-09-16,2019-09-16 09:33:26,1.05,0.9545,69,1.03,0.9363,57,1.1,1.0,50,1.04,0.9454,132,0
IWM190920P156,2019-09-16,2019-09-16 09:33:26,1.05,0.9545,40,1.03,0.9363,26,1.1,1.0,50,1.04,0.9454,132,0
IWM190920P156,2019-09-16,2019-09-16 09:33:27,1.06,0.9636,80,1.04,0.9454,17,1.1,1.0,50,1.05,0.9545,132,0
IWM190920P156,2019-09-16,2019-09-16 09:33:28,1.05,0.9545,13,1.03,0.9363,113,1.1,1.0,50,1.04,0.9454,132,0
IWM190920P156,2019-09-16,2019-09-16 09:33:28,1.05,0.9545,13,1.03,0.9363,133,1.1,1.0,50,1.04,0.9454,132,0
IWM190920P156,2019-09-16,2019-09-16 09:33:29,1.04,0.9454,13,1.02,0.9272,63,1.1,1.0,50,1.03,0.9363,132,0
IWM190920P156,2019-09-16,2019-09-16 09:33:29,1.03,0.9363,13,1.02,0.9272,68,1.1,1.0,50,1.025,0.9318,132,0
IWM190920P156,2019-09-16,2019-09-16 09:33:30,1.03,0.9363,13,1.02,0.9272,10,1.1,1.0,50,1.025,0.9318,132,0
IWM190920P156,2019-09-16,2019-09-16 09:33:30,1.03,0.9363,13,1.01,0.9181,119,1.1,1.0,50,1.02,0.9272,132,0
IWM190920P156,2019-09-16,2019-09-16 09:33:31,1.03,0.9363,55,1.0,0.909,36,1.1,1.0,50,1.015,0.9227,132,0
IWM190920P156,2019-09-16,2019-09-16 09:33:31,1.02,0.9272,41,1.0,0.909,45,1.1,1.0,50,1.01,0.9181,132,0
IWM190920P156,2019-09-16,2019-09-16 09:33:32,1.02,0.9272,64,1.0,0.909,23,1.1,1.0,50,1.01,0.9181,132,0
IWM190920P156,2019-09-16,2019-09-16 09:33:32,1.02,0.9272,13,1.01,0.9181,12,1.1,1.0,50,1.015,0.9227,132,0
IWM190920P156,2019-09-16,2019-09-16 09:33:33,1.02,0.9272,155,1.0,0.909,56,1.1,1.0,50,1.01,0.9181,132,0
IWM190920P156,2019-09-16,2019-09-16 09:33:33,1.02,0.9272,139,1.0,0.909,43,1.1,1.0,50,1.01,0.9181,132,0
IWM190920P156,2019-09-16,2019-09-16 09:33:34,1.01,0.9181,25,1.0,0.909,12,1.1,1.0,50,1.005,0.9136,132,0
IWM190920P156,2019-09-16,2019-09-16 09:33:34,1.02,0.9272,94,0.99,0.9,34,1.1,1.0,50,1.005,0.9136,132,0
IWM190920P156,2019-09-16,2019-09-16 09:33:35,1.02,0.9272,94,0.99,0.9,34,1.1,1.0,50,1.005,0.9136,132,0
IWM190920P156,2019-09-16,2019-09-16 09:33:36,1.01,0.9181,168,0.99,0.9,19,1.1,1.0,50,1.0,0.909,132,0
IWM190920P156,2019-09-16,2019-09-16 09:33:37,1.0,0.909,13,0.98,0.8909,56,1.1,1.0,50,0.99,0.9,132,0
IWM190920P156,2019-09-16,2019-09-16 09:33:37,1.0,0.909,13,0.99,0.9,14,1.1,1.0,50,0.995,0.9045,132,0
IWM190920P156,2019-09-16,2019-09-16 09:33:38,1.01,0.9181,108,0.98,0.8909,56,1.1,1.0,50,0.995,0.9045,132,0
IWM190920P156,2019-09-16,2019-09-16 09:33:38,1.01,0.9181,108,0.98,0.8909,130,1.1,1.0,50,0.995,0.9045,132,0
IWM190920P156,2019-09-16,2019-09-16 09:33:39,1.01,0.9181,108,0.98,0.8909,56,1.1,1.0,50,0.995,0.9045,132,0
IWM190920P156,2019-09-16,2019-09-16 09:33:39,1.0,0.909,45,0.98,0.8909,43,1.1,1.0,50,0.99,0.9,132,0
IWM190920P156,2019-09-16,2019-09-16 09:33:40,0.99,0.9,13,0.97,0.8818,35,1.1,1.0,50,0.98,0.8909,132,0
IWM190920P156,2019-09-16,2019-09-16 09:33:40,1.01,0.9181,13,0.99,0.9,13,1.1,1.0,50,1.0,0.909,132,0
IWM190920P156,2019-09-16,2019-09-16 09:33:41,0.99,0.9,13,0.97,0.8818,22,1.1,1.0,50,0.98,0.8909,132,0
IWM190920P156,2019-09-16,2019-09-16 09:33:41,0.99,0.9,87,0.97,0.8818,22,1.1,1.0,50,0.98,0.8909,132,0
IWM190920P156,2019-09-16,2019-09-16 09:33:42,0.99,0.9,87,0.97,0.8818,22,1.1,1.0,50,0.98,0.8909,132,0
IWM190920P156,2019-09-16,2019-09-16 09:33:42,0.98,0.8909,94,0.96,0.8727,38,1.1,1.0,50,0.97,0.8818,132,0
IWM190920P156,2019-09-16,2019-09-16 09:33:43,0.98,0.8909,190,0.96,0.8727,10,1.1,1.0,50,0.97,0.8818,132,0
IWM190920P156,2019-09-16,2019-09-16 09:33:43,0.97,0.8818,14,0.96,0.8727,10,1.1,1.0,50,0.965,0.8772,132,0
IWM190920P156,2019-09-16,2019-09-16 09:33:44,0.97,0.8818,94,0.94,0.8545,59,1.1,1.0,50,0.955,0.8681,132,0
IWM190920P156,2019-09-16,2019-09-16 09:33:44,0.97,0.8818,25,0.95,0.8636,27,1.1,1.0,50,0.96,0.8727,132,0
IWM190920P156,2019-09-16,2019-09-16 09:33:45,0.97,0.8818,114,0.94,0.8545,81,1.1,1.0,50,0.955,0.8681,132,0
IWM190920P156,2019-09-16,2019-09-16 09:33:45,0.98,0.8909,49,0.96,0.8727,21,1.1,1.0,50,0.97,0.8818,132,0
IWM190920P156,2019-09-16,2019-09-16 09:33:46,0.98,0.8909,26,0.96,0.8727,20,1.1,1.0,50,0.97,0.8818,132,0
IWM190920P156,2019-09-16,2019-09-16 09:33:46,0.98,0.8909,22,0.96,0.8727,20,1.1,1.0,50,0.97,0.8818,132,0
IWM190920P156,2019-09-16,2019-09-16 09:33:47,1.0,0.909,385,0.97,0.8818,30,1.1,1.0,50,0.985,0.8954,132,0
IWM190920P156,2019-09-16,2019-09-16 09:33:47,0.99,0.9,94,0.97,0.8818,5,1.1,1.0,50,0.98,0.8909,132,0
IWM190920P156,2019-09-16,2019-09-16 09:33:48,0.99,0.9,42,0.97,0.8818,70,1.1,1.0,50,0.98,0.8909,132,0
IWM190920P156,2019-09-16,2019-09-16 09:33:48,1.0,0.909,243,0.97,0.8818,59,1.1,1.0,50,0.985,0.8954,132,0
IWM190920P156,2019-09-16,2019-09-16 09:33:49,0.99,0.9,42,0.97,0.8818,108,1.1,1.0,50,0.98,0.8909,132,0
IWM190920P156,2019-09-16,2019-09-16 09:33:49,1.0,0.909,324,0.97,0.8818,239,1.1,1.0,50,0.985,0.8954,132,0
IWM190920P156,2019-09-16,2019-09-16 09:33:50,1.0,0.909,242,0.97,0.8818,286,1.1,1.0,50,0.985,0.8954,132,0
IWM190920P156,2019-09-16,2019-09-16 09:33:50,1.0,0.909,242,0.97,0.8818,247,1.1,1.0,50,0.985,0.8954,132,0
IWM190920P156,2019-09-16,2019-09-16 09:33:51,0.99,0.9,13,0.97,0.8818,247,1.1,1.0,50,0.98,0.8909,132,0
IWM190920P156,2019-09-16,2019-09-16 09:33:52,0.99,0.9,127,0.97,0.8818,36,1.1,1.0,50,0.98,0.8909,132,0
IWM190920P156,2019-09-16,2019-09-16 09:33:52,0.99,0.9,103,0.97,0.8818,36,1.1,1.0,50,0.98,0.8909,132,0
IWM190920P156,2019-09-16,2019-09-16 09:33:53,0.99,0.9,24,0.97,0.8818,146,1.1,1.0,50,0.98,0.8909,132,0
IWM190920P156,2019-09-16,2019-09-16 09:33:53,0.99,0.9,48,0.97,0.8818,144,1.1,1.0,50,0.98,0.8909,132,0
IWM190920P156,2019-09-16,2019-09-16 09:33:54,0.99,0.9,70,0.97,0.8818,23,1.1,1.0,50,0.98,0.8909,132,0
IWM190920P156,2019-09-16,2019-09-16 09:33:54,0.98,0.8909,13,0.97,0.8818,10,1.1,1.0,50,0.975,0.8863,132,0
IWM190920P156,2019-09-16,2019-09-16 09:33:55,0.98,0.8909,13,0.96,0.8727,26,1.1,1.0,50,0.97,0.8818,132,0
IWM190920P156,2019-09-16,2019-09-16 09:33:55,0.98,0.8909,13,0.96,0.8727,2,1.1,1.0,50,0.97,0.8818,132,0
IWM190920P156,2019-09-16,2019-09-16 09:33:56,0.98,0.8909,22,0.96,0.8727,39,1.1,1.0,50,0.97,0.8818,132,0
IWM190920P156,2019-09-16,2019-09-16 09:33:57,0.98,0.8909,17,0.96,0.8727,39,1.1,1.0,50,0.97,0.8818,132,0
IWM190920P156,2019-09-16,2019-09-16 09:33:57,0.98,0.8909,27,0.96,0.8727,39,1.1,1.0,50,0.97,0.8818,132,0
IWM190920P156,2019-09-16,2019-09-16 09:33:58,0.98,0.8909,25,0.96,0.8727,39,1.1,1.0,50,0.97,0.8818,132,0
IWM190920P156,2019-09-16,2019-09-16 09:33:58,0.98,0.8909,17,0.96,0.8727,81,1.1,1.0,50,0.97,0.8818,132,0
IWM190920P156,2019-09-16,2019-09-16 09:33:59,0.98,0.8909,25,0.96,0.8727,13,1.1,1.0,50,0.97,0.8818,132,0
IWM190920P156,2019-09-16,2019-09-16 09:33:59,0.98,0.8909,25,0.96,0.8727,39,1.1,1.0,50,0.97,0.8818,132,0
IWM190920P156,2019-09-16,2019-09-16 09:34:00,0.97,0.8818,65,0.95,0.8636,29,1.1,1.0,50,0.96,0.8727,132,0
IWM190920P156,2019-09-16,2019-09-16 09:34:00,0.97,0.8818,65,0.96,0.8727,5,1.1,1.0,50,0.965,0.8772,132,0
IWM190920P156,2019-09-16,2019-09-16 09:34:01,0.97,0.8818,12,0.95,0.8636,22,0.95,0.8636,4,0.96,0.8727,136,0
IWM190920P156,2019-09-16,2019-09-16 09:34:01,0.96,0.8727,13,0.95,0.8636,120,0.95,0.8636,4,0.955,0.8681,136,4
IWM190920P156,2019-09-16,2019-09-16 09:34:02,0.96,0.8727,78,0.94,0.8545,35,0.95,0.8636,4,0.95,0.8636,136,0
IWM190920P156,2019-09-16,2019-09-16 09:34:02,0.95,0.8636,13,0.93,0.8454,36,0.95,0.8636,4,0.94,0.8545,136,0
IWM190920P156,2019-09-16,2019-09-16 09:34:03,0.95,0.8636,13,0.93,0.8454,40,0.95,0.8636,4,0.94,0.8545,136,0
IWM190920P156,2019-09-16,2019-09-16 09:34:03,0.95,0.8636,24,0.93,0.8454,36,0.95,0.8636,4,0.94,0.8545,136,0
IWM190920P156,2019-09-16,2019-09-16 09:34:04,0.96,0.8727,56,0.94,0.8545,13,0.95,0.8636,4,0.95,0.8636,136,0
IWM190920P156,2019-09-16,2019-09-16 09:34:04,0.97,0.8818,56,0.95,0.8636,3,0.95,0.8636,4,0.96,0.8727,136,0
IWM190920P156,2019-09-16,2019-09-16 09:34:05,0.96,0.8727,13,0.94,0.8545,87,0.95,0.8636,4,0.95,0.8636,136,0
IWM190920P156,2019-09-16,2019-09-16 09:34:06,0.96,0.8727,22,0.94,0.8545,87,0.95,0.8636,4,0.95,0.8636,136,0
IWM190920P156,2019-09-16,2019-09-16 09:34:07,0.96,0.8727,22,0.94,0.8545,254,0.95,0.8636,4,0.95,0.8636,136,0
IWM190920P156,2019-09-16,2019-09-16 09:34:07,0.96,0.8727,22,0.94,0.8545,391,0.95,0.8636,4,0.95,0.8636,136,0
IWM190920P156,2019-09-16,2019-09-16 09:34:08,0.96,0.8727,22,0.94,0.8545,391,0.95,0.8636,4,0.95,0.8636,136,0
IWM190920P156,2019-09-16,2019-09-16 09:34:09,0.97,0.8818,399,0.94,0.8545,357,0.95,0.8636,4,0.955,0.8681,136,0
IWM190920P156,2019-09-16,2019-09-16 09:34:09,0.96,0.8727,57,0.94,0.8545,391,0.95,0.8636,4,0.95,0.8636,136,0
IWM190920P156,2019-09-16,2019-09-16 09:34:10,0.97,0.8818,361,0.95,0.8636,20,0.95,0.8636,4,0.96,0.8727,136,0
IWM190920P156,2019-09-16,2019-09-16 09:34:11,0.98,0.8909,34,0.97,0.8818,2,0.95,0.8636,4,0.975,0.8863,136,0
IWM190920P156,2019-09-16,2019-09-16 09:34:11,0.98,0.8909,51,0.96,0.8727,33,0.95,0.8636,4,0.97,0.8818,136,0
IWM190920P156,2019-09-16,2019-09-16 09:34:12,0.98,0.8909,30,0.97,0.8818,10,0.95,0.8636,4,0.975,0.8863,136,0
IWM190920P156,2019-09-16,2019-09-16 09:34:12,0.98,0.8909,37,0.97,0.8818,3,0.95,0.8636,4,0.975,0.8863,136,0
IWM190920P156,2019-09-16,2019-09-16 09:34:13,0.98,0.8909,30,0.97,0.8818,3,0.95,0.8636,4,0.975,0.8863,136,0
IWM190920P156,2019-09-16,2019-09-16 09:34:13,0.98,0.8909,68,0.96,0.8727,7,0.95,0.8636,4,0.97,0.8818,136,0
IWM190920P156,2019-09-16,2019-09-16 09:34:14,0.98,0.8909,68,0.96,0.8727,7,0.95,0.8636,4,0.97,0.8818,136,0
IWM190920P156,2019-09-16,2019-09-16 09:34:14,0.98,0.8909,185,0.96,0.8727,7,0.95,0.8636,4,0.97,0.8818,136,0
IWM190920P156,2019-09-16,2019-09-16 09:34:15,0.98,0.8909,185,0.97,0.8818,4,0.95,0.8636,4,0.975,0.8863,136,0
IWM190920P156,2019-09-16,2019-09-16 09:34:15,0.99,0.9,141,0.97,0.8818,10,0.95,0.8636,4,0.98,0.8909,136,0
IWM190920P156,2019-09-16,2019-09-16 09:34:16,0.99,0.9,141,0.97,0.8818,10,0.95,0.8636,4,0.98,0.8909,136,0
IWM190920P156,2019-09-16,2019-09-16 09:34:17,0.99,0.9,58,0.97,0.8818,35,0.95,0.8636,4,0.98,0.8909,136,0
IWM190920P156,2019-09-16,2019-09-16 09:34:18,0.99,0.9,31,0.98,0.8909,13,0.95,0.8636,4,0.985,0.8954,136,0
IWM190920P156,2019-09-16,2019-09-16 09:34:18,0.99,0.9,24,0.98,0.8909,10,0.95,0.8636,4,0.985,0.8954,136,0
IWM190920P156,2019-09-16,2019-09-16 09:34:19,0.99,0.9,31,0.98,0.8909,13,0.95,0.8636,4,0.985,0.8954,136,0
IWM190920P156,2019-09-16,2019-09-16 09:34:19,0.98,0.8909,25,0.97,0.8818,24,0.95,0.8636,4,0.975,0.8863,136,0
IWM190920P156,2019-09-16,2019-09-16 09:34:20,0.98,0.8909,70,0.96,0.8727,56,0.95,0.8636,4,0.97,0.8818,136,0
IWM190920P156,2019-09-16,2019-09-16 09:34:20,0.98,0.8909,58,0.96,0.8727,35,0.95,0.8636,4,0.97,0.8818,136,0
IWM190920P156,2019-09-16,2019-09-16 09:34:21,0.97,0.8818,259,0.95,0.8636,22,0.95,0.8636,4,0.96,0.8727,136,0
IWM190920P156,2019-09-16,2019-09-16 09:34:21,0.97,0.8818,57,0.96,0.8727,22,0.95,0.8636,4,0.965,0.8772,136,0
IWM190920P156,2019-09-16,2019-09-16 09:34:22,0.96,0.8727,13,0.95,0.8636,3,0.95,0.8636,4,0.955,0.8681,136,0
IWM190920P156,2019-09-16,2019-09-16 09:34:22,0.96,0.8727,13,0.94,0.8545,33,0.95,0.8636,4,0.95,0.8636,136,0
IWM190920P156,2019-09-16,2019-09-16 09:34:23,0.96,0.8727,13,0.95,0.8636,3,0.95,0.8636,4,0.955,0.8681,136,0
IWM190920P156,2019-09-16,2019-09-16 09:34:23,0.97,0.8818,178,0.95,0.8636,30,0.95,0.8636,4,0.96,0.8727,136,0
IWM190920P156,2019-09-16,2019-09-16 09:34:24,0.97,0.8818,134,0.95,0.8636,55,0.95,0.8636,4,0.96,0.8727,136,0
IWM190920P156,2019-09-16,2019-09-16 09:34:24,0.98,0.8909,189,0.95,0.8636,135,0.95,0.8636,4,0.965,0.8772,136,0
IWM190920P156,2019-09-16,2019-09-16 09:34:25,0.97,0.8818,13,0.95,0.8636,180,0.95,0.8636,4,0.96,0.8727,136,0
IWM190920P156,2019-09-16,2019-09-16 09:34:25,0.97,0.8818,13,0.95,0.8636,233,0.95,0.8636,4,0.96,0.8727,136,0
IWM190920P156,2019-09-16,2019-09-16 09:34:26,0.98,0.8909,141,0.95,0.8636,154,0.95,0.8636,4,0.965,0.8772,136,0
IWM190920P156,2019-09-16,2019-09-16 09:34:26,0.98,0.8909,141,0.95,0.8636,155,0.95,0.8636,4,0.965,0.8772,136,0
IWM190920P156,2019-09-16,2019-09-16 09:34:27,0.98,0.8909,141,0.95,0.8636,177,0.95,0.8636,4,0.965,0.8772,136,0
IWM190920P156,2019-09-16,2019-09-16 09:34:28,0.98,0.8909,76,0.95,0.8636,303,0.95,0.8636,4,0.965,0.8772,136,0
IWM190920P156,2019-09-16,2019-09-16 09:34:28,0.97,0.8818,22,0.95,0.8636,282,0.95,0.8636,4,0.96,0.8727,136,0
IWM190920P156,2019-09-16,2019-09-16 09:34:29,0.97,0.8818,70,0.95,0.8636,75,0.95,0.8636,4,0.96,0.8727,136,0
IWM190920P156,2019-09-16,2019-09-16 09:34:29,0.97,0.8818,20,0.95,0.8636,134,0.95,0.8636,4,0.96,0.8727,136,0
IWM190920P156,2019-09-16,2019-09-16 09:34:30,0.97,0.8818,20,0.95,0.8636,186,0.95,0.8636,4,0.96,0.8727,136,0
IWM190920P156,2019-09-16,2019-09-16 09:34:30,0.98,0.8909,123,0.95,0.8636,203,0.95,0.8636,4,0.965,0.8772,136,0
IWM190920P156,2019-09-16,2019-09-16 09:34:31,0.99,0.9,150,0.97,0.8818,15,0.95,0.8636,4,0.98,0.8909,136,0
IWM190920P156,2019-09-16,2019-09-16 09:34:31,0.99,0.9,150,0.97,0.8818,10,0.95,0.8636,4,0.98,0.8909,136,0
IWM190920P156,2019-09-16,2019-09-16 09:34:32,0.98,0.8909,25,0.97,0.8818,10,0.95,0.8636,4,0.975,0.8863,136,0
IWM190920P156,2019-09-16,2019-09-16 09:34:33,0.97,0.8818,61,0.95,0.8636,59,0.95,0.8636,4,0.96,0.8727,136,0
IWM190920P156,2019-09-16,2019-09-16 09:34:33,0.97,0.8818,28,0.96,0.8727,22,0.95,0.8636,4,0.965,0.8772,136,0
IWM190920P156,2019-09-16,2019-09-16 09:34:34,0.98,0.8909,150,0.96,0.8727,1,0.95,0.8636,4,0.97,0.8818,136,0
IWM190920P156,2019-09-16,2019-09-16 09:34:34,0.98,0.8909,60,0.96,0.8727,10,0.95,0.8636,4,0.97,0.8818,136,0
IWM190920P156,2019-09-16,2019-09-16 09:34:35,0.98,0.8909,150,0.96,0.8727,2,0.95,0.8636,4,0.97,0.8818,136,0
IWM190920P156,2019-09-16,2019-09-16 09:34:36,0.97,0.8818,44,0.96,0.8727,1,0.95,0.8636,4,0.965,0.8772,136,0
IWM190920P156,2019-09-16,2019-09-16 09:34:36,0.97,0.8818,13,0.96,0.8727,2,0.95,0.8636,4,0.965,0.8772,136,0
IWM190920P156,2019-09-16,2019-09-16 09:34:37,0.96,0.8727,22,0.95,0.8636,49,0.95,0.8636,100,0.955,0.8681,236,100
IWM190920P156,2019-09-16,2019-09-16 09:34:37,0.97,0.8818,44,0.95,0.8636,3,0.95,0.8636,4,0.96,0.8727,136,0
IWM190920P156,2019-09-16,2019-09-16 09:34:38,0.97,0.8818,92,0.95,0.8636,27,0.95,0.8636,100,0.96,0.8727,236,0
IWM190920P156,2019-09-16,2019-09-16 09:34:38,0.97,0.8818,165,0.95,0.8636,42,0.95,0.8636,100,0.96,0.8727,236,0
IWM190920P156,2019-09-16,2019-09-16 09:34:39,0.97,0.8818,76,0.95,0.8636,42,0.95,0.8636,100,0.96,0.8727,236,0
IWM190920P156,2019-09-16,2019-09-16 09:34:39,0.97,0.8818,76,0.95,0.8636,59,0.95,0.8636,100,0.96,0.8727,236,0
IWM190920P156,2019-09-16,2019-09-16 09:34:40,0.97,0.8818,76,0.95,0.8636,99,0.95,0.8636,100,0.96,0.8727,236,0
IWM190920P156,2019-09-16,2019-09-16 09:34:40,0.97,0.8818,76,0.95,0.8636,109,0.95,0.8636,100,0.96,0.8727,236,0
IWM190920P156,2019-09-16,2019-09-16 09:34:41,0.98,0.8909,193,0.96,0.8727,32,0.95,0.8636,100,0.97,0.8818,236,0
IWM190920P156,2019-09-16,2019-09-16 09:34:41,0.98,0.8909,89,0.95,0.8636,99,0.95,0.8636,100,0.965,0.8772,236,0
IWM190920P156,2019-09-16,2019-09-16 09:34:42,0.98,0.8909,260,0.96,0.8727,22,0.95,0.8636,100,0.97,0.8818,236,0
IWM190920P156,2019-09-16,2019-09-16 09:34:42,0.98,0.8909,276,0.96,0.8727,11,0.95,0.8636,100,0.97,0.8818,236,0
IWM190920P156,2019-09-16,2019-09-16 09:34:43,0.97,0.8818,42,0.95,0.8636,82,0.95,0.8636,100,0.96,0.8727,236,0
IWM190920P156,2019-09-16,2019-09-16 09:34:43,0.98,0.8909,34,0.97,0.8818,64,0.95,0.8636,100,0.975,0.8863,236,0
IWM190920P156,2019-09-16,2019-09-16 09:34:44,0.98,0.8909,13,0.97,0.8818,35,0.95,0.8636,100,0.975,0.8863,236,0
IWM190920P156,2019-09-16,2019-09-16 09:34:44,0.98,0.8909,46,0.97,0.8818,35,0.95,0.8636,100,0.975,0.8863,236,0
IWM190920P156,2019-09-16,2019-09-16 09:34:45,0.98,0.8909,46,0.97,0.8818,53,0.95,0.8636,100,0.975,0.8863,236,0
IWM190920P156,2019-09-16,2019-09-16 09:34:45,0.98,0.8909,46,0.97,0.8818,35,0.95,0.8636,100,0.975,0.8863,236,0
IWM190920P156,2019-09-16,2019-09-16 09:34:46,0.98,0.8909,107,0.96,0.8727,19,0.95,0.8636,100,0.97,0.8818,236,0
IWM190920P156,2019-09-16,2019-09-16 09:34:46,0.98,0.8909,359,0.96,0.8727,19,0.95,0.8636,100,0.97,0.8818,236,0
IWM190920P156,2019-09-16,2019-09-16 09:34:47,0.97,0.8818,25,0.96,0.8727,26,0.95,0.8636,100,0.965,0.8772,236,0
IWM190920P156,2019-09-16,2019-09-16 09:34:47,0.98,0.8909,270,0.96,0.8727,19,0.95,0.8636,100,0.97,0.8818,236,0
IWM190920P156,2019-09-16,2019-09-16 09:34:48,0.98,0.8909,199,0.96,0.8727,26,0.95,0.8636,100,0.97,0.8818,236,0
IWM190920P156,2019-09-16,2019-09-16 09:34:48,0.97,0.8818,30,0.96,0.8727,26,0.95,0.8636,100,0.965,0.8772,236,0
IWM190920P156,2019-09-16,2019-09-16 09:34:49,0.97,0.8818,152,0.96,0.8727,116,0.95,0.8636,100,0.965,0.8772,236,0
IWM190920P156,2019-09-16,2019-09-16 09:34:49,0.97,0.8818,185,0.96,0.8727,116,0.95,0.8636,100,0.965,0.8772,236,0
IWM190920P156,2019-09-16,2019-09-16 09:34:50,0.96,0.8727,22,0.95,0.8636,51,0.95,0.8636,100,0.955,0.8681,236,0
IWM190920P156,2019-09-16,2019-09-16 09:34:50,0.97,0.8818,317,0.95,0.8636,34,0.95,0.8636,100,0.96,0.8727,236,0
IWM190920P156,2019-09-16,2019-09-16 09:34:51,0.96,0.8727,64,0.93,0.8454,106,0.95,0.8636,100,0.945,0.859,236,0
IWM190920P156,2019-09-16,2019-09-16 09:34:51,0.95,0.8636,166,0.92,0.8363,150,0.95,0.8636,100,0.935,0.85,236,0
IWM190920P156,2019-09-16,2019-09-16 09:34:52,0.95,0.8636,294,0.92,0.8363,92,0.95,0.8636,100,0.935,0.85,236,0
IWM190920P156,2019-09-16,2019-09-16 09:34:53,0.95,0.8636,264,0.94,0.8545,5,0.95,0.8636,100,0.945,0.859,236,0
IWM190920P156,2019-09-16,2019-09-16 09:34:54,0.94,0.8545,23,0.93,0.8454,16,0.95,0.8636,100,0.935,0.85,236,0
IWM190920P156,2019-09-16,2019-09-16 09:34:55,0.94,0.8545,13,0.93,0.8454,16,0.95,0.8636,100,0.935,0.85,236,0
IWM190920P156,2019-09-16,2019-09-16 09:34:55,0.94,0.8545,13,0.93,0.8454,44,0.95,0.8636,100,0.935,0.85,236,0
IWM190920P156,2019-09-16,2019-09-16 09:34:56,0.95,0.8636,390,0.93,0.8454,23,0.95,0.8636,100,0.94,0.8545,236,0
IWM190920P156,2019-09-16,2019-09-16 09:34:56,0.95,0.8636,328,0.93,0.8454,16,0.95,0.8636,100,0.94,0.8545,236,0
IWM190920P156,2019-09-16,2019-09-16 09:34:57,0.95,0.8636,416,0.93,0.8454,16,0.95,0.8636,100,0.94,0.8545,236,0
IWM190920P156,2019-09-16,2019-09-16 09:34:58,0.95,0.8636,416,0.93,0.8454,16,0.95,0.8636,100,0.94,0.8545,236,0
IWM190920P156,2019-09-16,2019-09-16 09:34:58,0.94,0.8545,13,0.93,0.8454,16,0.95,0.8636,100,0.935,0.85,236,0
IWM190920P156,2019-09-16,2019-09-16 09:34:59,0.95,0.8636,238,0.92,0.8363,30,0.95,0.8636,100,0.935,0.85,236,0
IWM190920P156,2019-09-16,2019-09-16 09:34:59,0.94,0.8545,25,0.93,0.8454,16,0.95,0.8636,100,0.935,0.85,236,0
IWM190920P156,2019-09-16,2019-09-16 09:35:00,0.93,0.8454,13,0.91,0.8272,75,0.95,0.8636,100,0.92,0.8363,236,0
IWM190920P156,2019-09-16,2019-09-16 09:35:00,0.93,0.8454,51,0.91,0.8272,74,0.95,0.8636,100,0.92,0.8363,236,0
IWM190920P156,2019-09-16,2019-09-16 09:35:01,0.93,0.8454,147,0.91,0.8272,40,0.95,0.8636,100,0.92,0.8363,236,0
IWM190920P156,2019-09-16,2019-09-16 09:35:01,0.93,0.8454,210,0.91,0.8272,15,0.95,0.8636,100,0.92,0.8363,236,0
IWM190920P156,2019-09-16,2019-09-16 09:35:02,0.93,0.8454,166,0.91,0.8272,15,0.95,0.8636,100,0.92,0.8363,236,0
IWM190920P156,2019-09-16,2019-09-16 09:35:03,0.93,0.8454,14,0.91,0.8272,22,0.95,0.8636,100,0.92,0.8363,236,0
IWM190920P156,2019-09-16,2019-09-16 09:35:03,0.93,0.8454,96,0.92,0.8363,3,0.95,0.8636,100,0.925,0.8409,236,0
IWM190920P156,2019-09-16,2019-09-16 09:35:04,0.93,0.8454,20,0.91,0.8272,73,0.95,0.8636,100,0.92,0.8363,236,0
IWM190920P156,2019-09-16,2019-09-16 09:35:04,0.93,0.8454,20,0.92,0.8363,16,0.95,0.8636,100,0.925,0.8409,236,0
IWM190920P156,2019-09-16,2019-09-16 09:35:05,0.93,0.8454,234,0.9,0.8181,109,0.95,0.8636,100,0.915,0.8318,236,0
IWM190920P156,2019-09-16,2019-09-16 09:35:05,0.93,0.8454,212,0.91,0.8272,13,0.95,0.8636,100,0.92,0.8363,236,0
IWM190920P156,2019-09-16,2019-09-16 09:35:06,0.93,0.8454,32,0.92,0.8363,10,0.95,0.8636,100,0.925,0.8409,236,0
IWM190920P156,2019-09-16,2019-09-16 09:35:06,0.93,0.8454,456,0.9,0.8181,60,0.95,0.8636,100,0.915,0.8318,236,0
IWM190920P156,2019-09-16,2019-09-16 09:35:07,0.92,0.8363,22,0.9,0.8181,46,0.95,0.8636,100,0.91,0.8272,236,0
IWM190920P156,2019-09-16,2019-09-16 09:35:07,0.92,0.8363,22,0.9,0.8181,37,0.95,0.8636,100,0.91,0.8272,236,0
IWM190920P156,2019-09-16,2019-09-16 09:35:08,0.92,0.8363,320,0.9,0.8181,10,0.95,0.8636,100,0.91,0.8272,236,0
IWM190920P156,2019-09-16,2019-09-16 09:35:08,0.92,0.8363,333,0.9,0.8181,10,0.95,0.8636,100,0.91,0.8272,236,0
IWM190920P156,2019-09-16,2019-09-16 09:35:09,0.91,0.8272,146,0.9,0.8181,7,0.95,0.8636,100,0.905,0.8227,236,0
IWM190920P156,2019-09-16,2019-09-16 09:35:09,0.91,0.8272,149,0.9,0.8181,7,0.95,0.8636,100,0.905,0.8227,236,0
IWM190920P156,2019-09-16,2019-09-16 09:35:10,0.91,0.8272,19,0.9,0.8181,13,0.95,0.8636,100,0.905,0.8227,236,0
IWM190920P156,2019-09-16,2019-09-16 09:35:10,0.91,0.8272,14,0.9,0.8181,10,0.95,0.8636,100,0.905,0.8227,236,0
IWM190920P156,2019-09-16,2019-09-16 09:35:11,0.91,0.8272,29,0.89,0.809,63,0.95,0.8636,100,0.9,0.8181,236,0
IWM190920P156,2019-09-16,2019-09-16 09:35:12,0.91,0.8272,30,0.9,0.8181,34,0.95,0.8636,100,0.905,0.8227,236,0
IWM190920P156,2019-09-16,2019-09-16 09:35:12,0.91,0.8272,20,0.9,0.8181,34,0.95,0.8636,100,0.905,0.8227,236,0
IWM190920P156,2019-09-16,2019-09-16 09:35:13,0.91,0.8272,185,0.89,0.809,36,0.95,0.8636,100,0.9,0.8181,236,0
IWM190920P156,2019-09-16,2019-09-16 09:35:13,0.91,0.8272,142,0.9,0.8181,21,0.95,0.8636,100,0.905,0.8227,236,0
IWM190920P156,2019-09-16,2019-09-16 09:35:14,0.91,0.8272,20,0.89,0.809,107,0.95,0.8636,100,0.9,0.8181,236,0
IWM190920P156,2019-09-16,2019-09-16 09:35:14,0.92,0.8363,32,0.89,0.809,204,0.95,0.8636,100,0.905,0.8227,236,0
IWM190920P156,2019-09-16,2019-09-16 09:35:15,0.92,0.8363,25,0.91,0.8272,10,0.95,0.8636,100,0.915,0.8318,236,0
IWM190920P156,2019-09-16,2019-09-16 09:35:15,0.93,0.8454,102,0.91,0.8272,8,0.95,0.8636,100,0.92,0.8363,236,0
IWM190920P156,2019-09-16,2019-09-16 09:35:16,0.92,0.8363,13,0.91,0.8272,26,0.95,0.8636,100,0.915,0.8318,236,0
IWM190920P156,2019-09-16,2019-09-16 09:35:16,0.92,0.8363,18,0.91,0.8272,13,0.95,0.8636,100,0.915,0.8318,236,0
IWM190920P156,2019-09-16,2019-09-16 09:35:17,0.92,0.8363,13,0.9,0.8181,175,0.95,0.8636,100,0.91,0.8272,236,0
IWM190920P156,2019-09-16,2019-09-16 09:35:17,0.92,0.8363,26,0.9,0.8181,159,0.95,0.8636,100,0.91,0.8272,236,0
IWM190920P156,2019-09-16,2019-09-16 09:35:18,0.92,0.8363,14,0.9,0.8181,294,0.95,0.8636,100,0.91,0.8272,236,0
IWM190920P156,2019-09-16,2019-09-16 09:35:18,0.92,0.8363,16,0.91,0.8272,30,0.95,0.8636,100,0.915,0.8318,236,0
IWM190920P156,2019-09-16,2019-09-16 09:35:19,0.93,0.8454,70,0.91,0.8272,95,0.95,0.8636,100,0.92,0.8363,236,0
IWM190920P156,2019-09-16,2019-09-16 09:35:19,0.93,0.8454,84,0.91,0.8272,36,0.95,0.8636,100,0.92,0.8363,236,0
IWM190920P156,2019-09-16,2019-09-16 09:35:20,0.92,0.8363,13,0.91,0.8272,36,0.95,0.8636,100,0.915,0.8318,236,0
IWM190920P156,2019-09-16,2019-09-16 09:35:20,0.92,0.8363,87,0.9,0.8181,182,0.95,0.8636,100,0.91,0.8272,236,0
IWM190920P156,2019-09-16,2019-09-16 09:35:21,0.91,0.8272,25,0.89,0.809,137,0.95,0.8636,100,0.9,0.8181,236,0
IWM190920P156,2019-09-16,2019-09-16 09:35:21,0.92,0.8363,87,0.9,0.8181,170,0.95,0.8636,100,0.91,0.8272,236,0
IWM190920P156,2019-09-16,2019-09-16 09:35:22,0.91,0.8272,17,0.9,0.8181,23,0.95,0.8636,100,0.905,0.8227,236,0
IWM190920P156,2019-09-16,2019-09-16 09:35:22,0.91,0.8272,47,0.9,0.8181,13,0.95,0.8636,100,0.905,0.8227,236,0
IWM190920P156,2019-09-16,2019-09-16 09:35:23,0.93,0.8454,60,0.9,0.8181,23,0.95,0.8636,100,0.915,0.8318,236,0
IWM190920P156,2019-09-16,2019-09-16 09:35:23,0.93,0.8454,16,0.92,0.8363,10,0.95,0.8636,100,0.925,0.8409,236,0
IWM190920P156,2019-09-16,2019-09-16 09:35:24,0.93,0.8454,176,0.92,0.8363,10,0.95,0.8636,100,0.925,0.8409,236,0
IWM190920P156,2019-09-16,2019-09-16 09:35:24,0.93,0.8454,172,0.92,0.8363,10,0.95,0.8636,100,0.925,0.8409,236,0
IWM190920P156,2019-09-16,2019-09-16 09:35:25,0.95,0.8636,293,0.93,0.8454,69,0.95,0.8636,100,0.94,0.8545,236,0
IWM190920P156,2019-09-16,2019-09-16 09:35:25,0.94,0.8545,331,0.92,0.8363,53,0.95,0.8636,100,0.93,0.8454,236,0
IWM190920P156,2019-09-16,2019-09-16 09:35:26,0.95,0.8636,305,0.93,0.8454,70,0.95,0.8636,100,0.94,0.8545,236,0
IWM190920P156,2019-09-16,2019-09-16 09:35:26,0.95,0.8636,293,0.93,0.8454,70,0.95,0.8636,100,0.94,0.8545,236,0
IWM190920P156,2019-09-16,2019-09-16 09:35:27,0.95,0.8636,392,0.93,0.8454,70,0.95,0.8636,100,0.94,0.8545,236,0
IWM190920P156,2019-09-16,2019-09-16 09:35:28,0.95,0.8636,361,0.93,0.8454,106,0.95,0.8636,100,0.94,0.8545,236,0
IWM190920P156,2019-09-16,2019-09-16 09:35:28,0.95,0.8636,148,0.93,0.8454,106,0.95,0.8636,100,0.94,0.8545,236,0
IWM190920P156,2019-09-16,2019-09-16 09:35:29,0.96,0.8727,399,0.94,0.8545,45,0.95,0.8636,100,0.95,0.8636,236,0
IWM190920P156,2019-09-16,2019-09-16 09:35:29,0.95,0.8636,247,0.93,0.8454,106,0.95,0.8636,100,0.94,0.8545,236,0
IWM190920P156,2019-09-16,2019-09-16 09:35:30,0.96,0.8727,358,0.94,0.8545,34,0.95,0.8636,100,0.95,0.8636,236,0
IWM190920P156,2019-09-16,2019-09-16 09:35:30,0.95,0.8636,125,0.93,0.8454,64,0.95,0.8636,100,0.94,0.8545,236,0
IWM190920P156,2019-09-16,2019-09-16 09:35:31,0.95,0.8636,210,0.93,0.8454,91,0.95,0.8636,100,0.94,0.8545,236,0
IWM190920P156,2019-09-16,2019-09-16 09:35:31,0.95,0.8636,155,0.93,0.8454,13,0.95,0.8636,100,0.94,0.8545,236,0
IWM190920P156,2019-09-16,2019-09-16 09:35:32,0.94,0.8545,82,0.93,0.8454,23,0.95,0.8636,100,0.935,0.85,236,0
IWM190920P156,2019-09-16,2019-09-16 09:35:32,0.94,0.8545,107,0.92,0.8363,43,0.95,0.8636,100,0.93,0.8454,236,0
IWM190920P156,2019-09-16,2019-09-16 09:35:33,0.95,0.8636,185,0.93,0.8454,64,0.95,0.8636,100,0.94,0.8545,236,0
IWM190920P156,2019-09-16,2019-09-16 09:35:33,0.95,0.8636,54,0.93,0.8454,64,0.95,0.8636,100,0.94,0.8545,236,0
IWM190920P156,2019-09-16,2019-09-16 09:35:34,0.95,0.8636,92,0.93,0.8454,47,0.95,0.8636,100,0.94,0.8545,236,0
IWM190920P156,2019-09-16,2019-09-16 09:35:34,0.95,0.8636,124,0.93,0.8454,47,0.95,0.8636,100,0.94,0.8545,236,0
IWM190920P156,2019-09-16,2019-09-16 09:35:35,0.95,0.8636,318,0.94,0.8545,12,0.95,0.8636,100,0.945,0.859,236,0
IWM190920P156,2019-09-16,2019-09-16 09:35:35,0.96,0.8727,511,0.94,0.8545,13,0.95,0.8636,100,0.95,0.8636,236,0
IWM190920P156,2019-09-16,2019-09-16 09:35:36,0.95,0.8636,370,0.93,0.8454,37,0.95,0.8636,100,0.94,0.8545,236,0
IWM190920P156,2019-09-16,2019-09-16 09:35:36,0.95,0.8636,342,0.93,0.8454,79,0.95,0.8636,100,0.94,0.8545,236,0
IWM190920P156,2019-09-16,2019-09-16 09:35:37,0.95,0.8636,342,0.93,0.8454,79,0.95,0.8636,100,0.94,0.8545,236,0
IWM190920P156,2019-09-16,2019-09-16 09:35:38,0.95,0.8636,305,0.94,0.8545,33,0.95,0.8636,100,0.945,0.859,236,0
IWM190920P156,2019-09-16,2019-09-16 09:35:38,0.96,0.8727,78,0.94,0.8545,42,0.95,0.8636,100,0.95,0.8636,236,0
IWM190920P156,2019-09-16,2019-09-16 09:35:39,0.96,0.8727,32,0.95,0.8636,8,0.95,0.8636,2500,0.955,0.8681,2736,2500
IWM190920P156,2019-09-16,2019-09-16 09:35:39,0.96,0.8727,84,0.95,0.8636,10,0.95,0.8636,100,0.955,0.8681,236,0
IWM190920P156,2019-09-16,2019-09-16 09:35:40,0.96,0.8727,31,0.95,0.8636,8,0.95,0.8636,2500,0.955,0.8681,2736,0
IWM190920P156,2019-09-16,2019-09-16 09:35:41,0.95,0.8636,57,0.94,0.8545,20,0.95,0.8636,2500,0.945,0.859,2736,0
IWM190920P156,2019-09-16,2019-09-16 09:35:41,0.96,0.8727,292,0.95,0.8636,8,0.95,0.8636,2500,0.955,0.8681,2736,0
IWM190920P156,2019-09-16,2019-09-16 09:35:42,0.95,0.8636,170,0.93,0.8454,82,0.95,0.8636,2500,0.94,0.8545,2736,0
IWM190920P156,2019-09-16,2019-09-16 09:35:42,0.95,0.8636,72,0.94,0.8545,20,0.95,0.8636,2500,0.945,0.859,2736,0
IWM190920P156,2019-09-16,2019-09-16 09:35:43,0.96,0.8727,378,0.94,0.8545,10,0.95,0.8636,2500,0.95,0.8636,2736,0
IWM190920P156,2019-09-16,2019-09-16 09:35:43,0.95,0.8636,105,0.94,0.8545,5,0.95,0.8636,2500,0.945,0.859,2736,0
IWM190920P156,2019-09-16,2019-09-16 09:35:44,0.95,0.8636,42,0.94,0.8545,3,0.95,0.8636,2500,0.945,0.859,2736,0
IWM190920P156,2019-09-16,2019-09-16 09:35:44,0.95,0.8636,133,0.94,0.8545,5,0.95,0.8636,2500,0.945,0.859,2736,0
IWM190920P156,2019-09-16,2019-09-16 09:35:45,0.95,0.8636,161,0.93,0.8454,125,0.95,0.8636,2500,0.94,0.8545,2736,0
IWM190920P156,2019-09-16,2019-09-16 09:35:46,0.95,0.8636,258,0.91,0.8272,31,0.95,0.8636,2500,0.93,0.8454,2736,0
IWM190920P156,2019-09-16,2019-09-16 09:35:46,0.94,0.8545,15,0.91,0.8272,16,0.95,0.8636,2500,0.925,0.8409,2736,0
IWM190920P156,2019-09-16,2019-09-16 09:35:47,0.95,0.8636,156,0.94,0.8545,9,0.95,0.8636,2500,0.945,0.859,2736,0
IWM190920P156,2019-09-16,2019-09-16 09:35:47,0.95,0.8636,242,0.91,0.8272,189,0.95,0.8636,2500,0.93,0.8454,2736,0
IWM190920P156,2019-09-16,2019-09-16 09:35:48,0.95,0.8636,131,0.94,0.8545,9,0.95,0.8636,2500,0.945,0.859,2736,0
IWM190920P156,2019-09-16,2019-09-16 09:35:48,0.95,0.8636,156,0.94,0.8545,11,0.95,0.8636,2500,0.945,0.859,2736,0
IWM190920P156,2019-09-16,2019-09-16 09:35:49,0.94,0.8545,5,0.93,0.8454,41,0.95,0.8636,2500,0.935,0.85,2736,0
IWM190920P156,2019-09-16,2019-09-16 09:35:49,0.95,0.8636,159,0.93,0.8454,68,0.95,0.8636,2500,0.94,0.8545,2736,0
IWM190920P156,2019-09-16,2019-09-16 09:35:50,0.95,0.8636,65,0.94,0.8545,14,0.95,0.8636,2500,0.945,0.859,2736,0
IWM190920P156,2019-09-16,2019-09-16 09:35:50,0.95,0.8636,111,0.94,0.8545,11,0.95,0.8636,2500,0.945,0.859,2736,0
IWM190920P156,2019-09-16,2019-09-16 09:35:51,0.95,0.8636,63,0.94,0.8545,3,0.95,0.8636,2500,0.945,0.859,2736,0
IWM190920P156,2019-09-16,2019-09-16 09:35:52,0.95,0.8636,75,0.94,0.8545,3,0.95,0.8636,2500,0.945,0.859,2736,0
IWM190920P156,2019-09-16,2019-09-16 09:35:53,0.95,0.8636,75,0.93,0.8454,67,0.95,0.8636,2500,0.94,0.8545,2736,0
IWM190920P156,2019-09-16,2019-09-16 09:35:54,0.95,0.8636,75,0.93,0.8454,31,0.95,0.8636,2500,0.94,0.8545,2736,0
IWM190920P156,2019-09-16,2019-09-16 09:35:54,0.95,0.8636,75,0.93,0.8454,21,0.95,0.8636,2500,0.94,0.8545,2736,0
IWM190920P156,2019-09-16,2019-09-16 09:35:55,0.95,0.8636,350,0.93,0.8454,66,0.95,0.8636,2500,0.94,0.8545,2736,0
IWM190920P156,2019-09-16,2019-09-16 09:35:55,0.94,0.8545,32,0.93,0.8454,44,0.95,0.8636,2500,0.935,0.85,2736,0
IWM190920P156,2019-09-16,2019-09-16 09:35:56,0.95,0.8636,33,0.94,0.8545,23,0.95,0.8636,2500,0.945,0.859,2736,0
IWM190920P156,2019-09-16,2019-09-16 09:35:56,0.95,0.8636,33,0.93,0.8454,126,0.95,0.8636,2500,0.94,0.8545,2736,0
IWM190920P156,2019-09-16,2019-09-16 09:35:57,0.97,0.8818,110,0.95,0.8636,62,0.95,0.8636,2500,0.96,0.8727,2736,0
IWM190920P156,2019-09-16,2019-09-16 09:35:57,0.97,0.8818,177,0.95,0.8636,78,0.95,0.8636,2500,0.96,0.8727,2736,0
IWM190920P156,2019-09-16,2019-09-16 09:35:58,0.97,0.8818,294,0.95,0.8636,111,0.95,0.8636,2500,0.96,0.8727,2736,0
IWM190920P156,2019-09-16,2019-09-16 09:35:58,0.98,0.8909,39,0.96,0.8727,13,0.95,0.8636,2500,0.97,0.8818,2736,0
IWM190920P156,2019-09-16,2019-09-16 09:35:59,0.99,0.9,220,0.97,0.8818,60,0.95,0.8636,2500,0.98,0.8909,2736,0
IWM190920P156,2019-09-16,2019-09-16 09:35:59,0.99,0.9,18,0.98,0.8909,11,0.95,0.8636,2500,0.985,0.8954,2736,0
IWM190920P156,2019-09-16,2019-09-16 09:36:00,0.99,0.9,146,0.97,0.8818,82,0.95,0.8636,2500,0.98,0.8909,2736,0
IWM190920P156,2019-09-16,2019-09-16 09:36:00,0.98,0.8909,173,0.95,0.8636,153,0.95,0.8636,2500,0.965,0.8772,2736,0
IWM190920P156,2019-09-16,2019-09-16 09:36:01,0.98,0.8909,28,0.97,0.8818,24,0.95,0.8636,2500,0.975,0.8863,2736,0
IWM190920P156,2019-09-16,2019-09-16 09:36:01,0.99,0.9,74,0.97,0.8818,66,0.95,0.8636,2500,0.98,0.8909,2736,0
IWM190920P156,2019-09-16,2019-09-16 09:36:02,0.97,0.8818,41,0.96,0.8727,23,0.95,0.8636,2500,0.965,0.8772,2736,0
IWM190920P156,2019-09-16,2019-09-16 09:36:02,0.99,0.9,130,0.97,0.8818,66,0.95,0.8636,2500,0.98,0.8909,2736,0
IWM190920P156,2019-09-16,2019-09-16 09:36:03,0.97,0.8818,293,0.96,0.8727,10,0.95,0.8636,2500,0.965,0.8772,2736,0
IWM190920P156,2019-09-16,2019-09-16 09:36:03,0.97,0.8818,83,0.96,0.8727,32,0.95,0.8636,2500,0.965,0.8772,2736,0
IWM190920P156,2019-09-16,2019-09-16 09:36:04,0.97,0.8818,253,0.96,0.8727,12,0.95,0.8636,2500,0.965,0.8772,2736,0
IWM190920P156,2019-09-16,2019-09-16 09:36:04,0.97,0.8818,93,0.96,0.8727,12,0.95,0.8636,2500,0.965,0.8772,2736,0
IWM190920P156,2019-09-16,2019-09-16 09:36:05,0.97,0.8818,193,0.96,0.8727,12,0.95,0.8636,2500,0.965,0.8772,2736,0
IWM190920P156,2019-09-16,2019-09-16 09:36:05,0.98,0.8909,188,0.96,0.8727,52,0.95,0.8636,2500,0.97,0.8818,2736,0
IWM190920P156,2019-09-16,2019-09-16 09:36:06,0.97,0.8818,65,0.96,0.8727,23,0.95,0.8636,2500,0.965,0.8772,2736,0
IWM190920P156,2019-09-16,2019-09-16 09:36:06,0.97,0.8818,71,0.95,0.8636,57,0.95,0.8636,2500,0.96,0.8727,2736,0
IWM190920P156,2019-09-16,2019-09-16 09:36:07,0.98,0.8909,30,0.96,0.8727,37,0.95,0.8636,2500,0.97,0.8818,2736,0
IWM190920P156,2019-09-16,2019-09-16 09:36:07,0.98,0.8909,219,0.97,0.8818,10,0.95,0.8636,2500,0.975,0.8863,2736,0
IWM190920P156,2019-09-16,2019-09-16 09:36:08,0.98,0.8909,231,0.96,0.8727,218,0.95,0.8636,2500,0.97,0.8818,2736,0
IWM190920P156,2019-09-16,2019-09-16 09:36:08,0.98,0.8909,277,0.96,0.8727,120,0.95,0.8636,2500,0.97,0.8818,2736,0
IWM190920P156,2019-09-16,2019-09-16 09:36:09,0.98,0.8909,301,0.96,0.8727,75,0.96,0.8727,10,0.97,0.8818,2746,10
IWM190920P156,2019-09-16,2019-09-16 09:36:09,0.98,0.8909,232,0.96,0.8727,76,0.95,0.8636,2500,0.97,0.8818,2736,0
IWM190920P156,2019-09-16,2019-09-16 09:36:10,0.98,0.8909,311,0.96,0.8727,84,0.96,0.8727,10,0.97,0.8818,2746,0
IWM190920P156,2019-09-16,2019-09-16 09:36:11,0.98,0.8909,87,0.96,0.8727,121,0.96,0.8727,10,0.97,0.8818,2746,0
IWM190920P156,2019-09-16,2019-09-16 09:36:11,0.98,0.8909,101,0.96,0.8727,60,0.96,0.8727,10,0.97,0.8818,2746,0
IWM190920P156,2019-09-16,2019-09-16 09:36:12,0.98,0.8909,111,0.96,0.8727,92,0.96,0.8727,10,0.97,0.8818,2746,0
IWM190920P156,2019-09-16,2019-09-16 09:36:12,0.98,0.8909,173,0.96,0.8727,84,0.96,0.8727,10,0.97,0.8818,2746,0
IWM190920P156,2019-09-16,2019-09-16 09:36:13,0.98,0.8909,61,0.97,0.8818,11,0.96,0.8727,10,0.975,0.8863,2746,0
IWM190920P156,2019-09-16,2019-09-16 09:36:13,0.98,0.8909,277,0.96,0.8727,60,0.96,0.8727,10,0.97,0.8818,2746,0
IWM190920P156,2019-09-16,2019-09-16 09:36:14,0.98,0.8909,108,0.96,0.8727,91,0.96,0.8727,10,0.97,0.8818,2746,0
IWM190920P156,2019-09-16,2019-09-16 09:36:14,0.98,0.8909,50,0.97,0.8818,43,0.96,0.8727,10,0.975,0.8863,2746,0
IWM190920P156,2019-09-16,2019-09-16 09:36:15,0.99,0.9,307,0.97,0.8818,21,0.96,0.8727,10,0.98,0.8909,2746,0
IWM190920P156,2019-09-16,2019-09-16 09:36:15,0.99,0.9,67,0.97,0.8818,43,0.96,0.8727,10,0.98,0.8909,2746,0
IWM190920P156,2019-09-16,2019-09-16 09:36:16,0.97,0.8818,16,0.95,0.8636,107,0.96,0.8727,10,0.96,0.8727,2746,0
IWM190920P156,2019-09-16,2019-09-16 09:36:16,0.98,0.8909,104,0.96,0.8727,77,0.96,0.8727,10,0.97,0.8818,2746,0
IWM190920P156,2019-09-16,2019-09-16 09:36:17,0.97,0.8818,150,0.95,0.8636,252,0.96,0.8727,10,0.96,0.8727,2746,0
IWM190920P156,2019-09-16,2019-09-16 09:36:17,0.97,0.8818,150,0.95,0.8636,232,0.96,0.8727,10,0.96,0.8727,2746,0
IWM190920P156,2019-09-16,2019-09-16 09:36:18,0.97,0.8818,382,0.95,0.8636,24,0.96,0.8727,10,0.96,0.8727,2746,0
IWM190920P156,2019-09-16,2019-09-16 09:36:18,0.97,0.8818,372,0.95,0.8636,36,0.96,0.8727,10,0.96,0.8727,2746,0
IWM190920P156,2019-09-16,2019-09-16 09:36:19,0.97,0.8818,382,0.95,0.8636,24,0.96,0.8727,10,0.96,0.8727,2746,0
IWM190920P156,2019-09-16,2019-09-16 09:36:19,0.96,0.8727,283,0.95,0.8636,24,0.96,0.8727,10,0.955,0.8681,2746,0
IWM190920P156,2019-09-16,2019-09-16 09:36:20,0.96,0.8727,157,0.95,0.8636,14,0.96,0.8727,10,0.955,0.8681,2746,0
IWM190920P156,2019-09-16,2019-09-16 09:36:20,0.96,0.8727,86,0.95,0.8636,14,0.96,0.8727,10,0.955,0.8681,2746,0
IWM190920P156,2019-09-16,2019-09-16 09:36:21,0.96,0.8727,34,0.95,0.8636,25,0.96,0.8727,10,0.955,0.8681,2746,0
IWM190920P156,2019-09-16,2019-09-16 09:36:21,0.96,0.8727,49,0.95,0.8636,14,0.96,0.8727,10,0.955,0.8681,2746,0
IWM190920P156,2019-09-16,2019-09-16 09:36:22,0.97,0.8818,173,0.95,0.8636,134,0.96,0.8727,10,0.96,0.8727,2746,0
IWM190920P156,2019-09-16,2019-09-16 09:36:23,0.97,0.8818,24,0.95,0.8636,50,0.96,0.8727,10,0.96,0.8727,2746,0
IWM190920P156,2019-09-16,2019-09-16 09:36:23,0.97,0.8818,284,0.95,0.8636,108,0.96,0.8727,10,0.96,0.8727,2746,0
IWM190920P156,2019-09-16,2019-09-16 09:36:24,0.97,0.8818,310,0.95,0.8636,30,0.96,0.8727,10,0.96,0.8727,2746,0
IWM190920P156,2019-09-16,2019-09-16 09:36:24,0.97,0.8818,239,0.95,0.8636,14,0.96,0.8727,10,0.96,0.8727,2746,0
IWM190920P156,2019-09-16,2019-09-16 09:36:25,0.97,0.8818,174,0.96,0.8727,33,0.96,0.8727,10,0.965,0.8772,2746,0
IWM190920P156,2019-09-16,2019-09-16 09:36:25,0.97,0.8818,153,0.96,0.8727,33,0.96,0.8727,10,0.965,0.8772,2746,0
IWM190920P156,2019-09-16,2019-09-16 09:36:26,0.97,0.8818,139,0.96,0.8727,33,0.96,0.8727,10,0.965,0.8772,2746,0
IWM190920P156,2019-09-16,2019-09-16 09:36:26,0.98,0.8909,318,0.96,0.8727,75,0.96,0.8727,10,0.97,0.8818,2746,0
IWM190920P156,2019-09-16,2019-09-16 09:36:27,0.98,0.8909,401,0.96,0.8727,126,0.96,0.8727,10,0.97,0.8818,2746,0
IWM190920P156,2019-09-16,2019-09-16 09:36:27,0.98,0.8909,401,0.97,0.8818,13,0.96,0.8727,10,0.975,0.8863,2746,0
IWM190920P156,2019-09-16,2019-09-16 09:36:28,0.99,0.9,344,0.97,0.8818,99,0.96,0.8727,10,0.98,0.8909,2746,0
IWM190920P156,2019-09-16,2019-09-16 09:36:28,0.98,0.8909,75,0.97,0.8818,120,0.96,0.8727,10,0.975,0.8863,2746,0
IWM190920P156,2019-09-16,2019-09-16 09:36:29,0.99,0.9,391,0.97,0.8818,97,0.96,0.8727,10,0.98,0.8909,2746,0
IWM190920P156,2019-09-16,2019-09-16 09:36:29,0.99,0.9,440,0.97,0.8818,97,0.96,0.8727,10,0.98,0.8909,2746,0
IWM190920P156,2019-09-16,2019-09-16 09:36:30,0.99,0.9,440,0.97,0.8818,97,0.96,0.8727,10,0.98,0.8909,2746,0
IWM190920P156,2019-09-16,2019-09-16 09:36:31,0.99,0.9,430,0.97,0.8818,162,0.96,0.8727,10,0.98,0.8909,2746,0
IWM190920P156,2019-09-16,2019-09-16 09:36:32,0.99,0.9,495,0.96,0.8727,202,0.96,0.8727,10,0.975,0.8863,2746,0
IWM190920P156,2019-09-16,2019-09-16 09:36:32,0.99,0.9,430,0.97,0.8818,162,0.96,0.8727,10,0.98,0.8909,2746,0
IWM190920P156,2019-09-16,2019-09-16 09:36:33,0.98,0.8909,274,0.97,0.8818,58,0.96,0.8727,10,0.975,0.8863,2746,0
IWM190920P156,2019-09-16,2019-09-16 09:36:33,0.98,0.8909,175,0.96,0.8727,202,0.96,0.8727,10,0.97,0.8818,2746,0
IWM190920P156,2019-09-16,2019-09-16 09:36:34,0.99,0.9,68,0.97,0.8818,219,0.96,0.8727,10,0.98,0.8909,2746,0
IWM190920P156,2019-09-16,2019-09-16 09:36:34,0.99,0.9,68,0.98,0.8909,97,0.96,0.8727,10,0.985,0.8954,2746,0
IWM190920P156,2019-09-16,2019-09-16 09:36:35,0.99,0.9,25,0.98,0.8909,97,0.96,0.8727,10,0.985,0.8954,2746,0
IWM190920P156,2019-09-16,2019-09-16 09:36:35,0.99,0.9,25,0.98,0.8909,13,0.96,0.8727,10,0.985,0.8954,2746,0
IWM190920P156,2019-09-16,2019-09-16 09:36:36,0.99,0.9,186,0.98,0.8909,39,0.96,0.8727,10,0.985,0.8954,2746,0
IWM190920P156,2019-09-16,2019-09-16 09:36:36,0.99,0.9,186,0.98,0.8909,73,0.96,0.8727,10,0.985,0.8954,2746,0
IWM190920P156,2019-09-16,2019-09-16 09:36:37,1.0,0.909,10,0.98,0.8909,73,0.96,0.8727,10,0.99,0.9,2746,0
IWM190920P156,2019-09-16,2019-09-16 09:36:37,1.01,0.9181,70,0.99,0.9,51,0.96,0.8727,10,1.0,0.909,2746,0
IWM190920P156,2019-09-16,2019-09-16 09:36:38,1.01,0.9181,305,0.99,0.9,69,0.96,0.8727,10,1.0,0.909,2746,0
IWM190920P156,2019-09-16,2019-09-16 09:36:38,1.01,0.9181,460,0.99,0.9,68,0.96,0.8727,10,1.0,0.909,2746,0
IWM190920P156,2019-09-16,2019-09-16 09:36:39,1.01,0.9181,460,0.99,0.9,46,0.96,0.8727,10,1.0,0.909,2746,0
IWM190920P156,2019-09-16,2019-09-16 09:36:39,1.01,0.9181,262,0.99,0.9,160,0.96,0.8727,10,1.0,0.909,2746,0
IWM190920P156,2019-09-16,2019-09-16 09:36:40,1.01,0.9181,139,1.0,0.909,48,0.96,0.8727,10,1.005,0.9136,2746,0
IWM190920P156,2019-09-16,2019-09-16 09:36:40,1.01,0.9181,294,0.99,0.9,353,0.96,0.8727,10,1.0,0.909,2746,0
IWM190920P156,2019-09-16,2019-09-16 09:36:41,1.01,0.9181,134,1.0,0.909,97,0.96,0.8727,10,1.005,0.9136,2746,0
IWM190920P156,2019-09-16,2019-09-16 09:36:41,1.01,0.9181,139,1.0,0.909,87,0.96,0.8727,10,1.005,0.9136,2746,0
IWM190920P156,2019-09-16,2019-09-16 09:36:42,1.02,0.9272,27,1.0,0.909,292,0.96,0.8727,10,1.01,0.9181,2746,0
IWM190920P156,2019-09-16,2019-09-16 09:36:42,1.02,0.9272,27,1.01,0.9181,13,0.96,0.8727,10,1.015,0.9227,2746,0
IWM190920P156,2019-09-16,2019-09-16 09:36:43,1.02,0.9272,27,1.0,0.909,292,0.96,0.8727,10,1.01,0.9181,2746,0
IWM190920P156,2019-09-16,2019-09-16 09:36:43,1.03,0.9363,8,1.01,0.9181,169,0.96,0.8727,10,1.02,0.9272,2746,0
IWM190920P156,2019-09-16,2019-09-16 09:36:44,1.04,0.9454,55,1.02,0.9272,115,0.96,0.8727,10,1.03,0.9363,2746,0
IWM190920P156,2019-09-16,2019-09-16 09:36:44,1.04,0.9454,210,1.02,0.9272,115,0.96,0.8727,10,1.03,0.9363,2746,0
IWM190920P156,2019-09-16,2019-09-16 09:36:45,1.04,0.9454,109,1.02,0.9272,191,0.96,0.8727,10,1.03,0.9363,2746,0
IWM190920P156,2019-09-16,2019-09-16 09:36:45,1.04,0.9454,2,1.03,0.9363,74,0.96,0.8727,10,1.035,0.9409,2746,0
IWM190920P156,2019-09-16,2019-09-16 09:36:46,1.04,0.9454,141,1.03,0.9363,22,0.96,0.8727,10,1.035,0.9409,2746,0
IWM190920P156,2019-09-16,2019-09-16 09:36:47,1.04,0.9454,29,1.02,0.9272,184,0.96,0.8727,10,1.03,0.9363,2746,0
IWM190920P156,2019-09-16,2019-09-16 09:36:47,1.04,0.9454,10,1.03,0.9363,37,0.96,0.8727,10,1.035,0.9409,2746,0
IWM190920P156,2019-09-16,2019-09-16 09:36:48,1.04,0.9454,291,1.02,0.9272,234,0.96,0.8727,10,1.03,0.9363,2746,0
IWM190920P156,2019-09-16,2019-09-16 09:36:48,1.03,0.9363,75,1.02,0.9272,90,0.96,0.8727,10,1.025,0.9318,2746,0
IWM190920P156,2019-09-16,2019-09-16 09:36:49,1.03,0.9363,61,1.02,0.9272,80,0.96,0.8727,10,1.025,0.9318,2746,0
IWM190920P156,2019-09-16,2019-09-16 09:36:49,1.03,0.9363,61,1.02,0.9272,117,0.96,0.8727,10,1.025,0.9318,2746,0
IWM190920P156,2019-09-16,2019-09-16 09:36:50,1.03,0.9363,61,1.02,0.9272,80,0.96,0.8727,10,1.025,0.9318,2746,0
IWM190920P156,2019-09-16,2019-09-16 09:36:50,1.03,0.9363,40,1.01,0.9181,103,1.03,0.9363,5,1.02,0.9272,2751,5
IWM190920P156,2019-09-16,2019-09-16 09:36:51,1.02,0.9272,30,0.99,0.9,64,1.03,0.9363,5,1.005,0.9136,2751,0
IWM190920P156,2019-09-16,2019-09-16 09:36:51,1.01,0.9181,17,0.99,0.9,130,1.03,0.9363,5,1.0,0.909,2751,0
IWM190920P156,2019-09-16,2019-09-16 09:36:52,1.03,0.9363,226,1.0,0.909,137,1.03,0.9363,5,1.015,0.9227,2751,0
IWM190920P156,2019-09-16,2019-09-16 09:36:52,1.01,0.9181,17,0.99,0.9,130,1.03,0.9363,5,1.0,0.909,2751,0
IWM190920P156,2019-09-16,2019-09-16 09:36:53,1.03,0.9363,226,1.01,0.9181,10,1.03,0.9363,5,1.02,0.9272,2751,0
IWM190920P156,2019-09-16,2019-09-16 09:36:53,1.03,0.9363,373,1.01,0.9181,12,1.03,0.9363,5,1.02,0.9272,2751,0
IWM190920P156,2019-09-16,2019-09-16 09:36:54,1.03,0.9363,17,1.01,0.9181,22,1.03,0.9363,5,1.02,0.9272,2751,0
IWM190920P156,2019-09-16,2019-09-16 09:36:54,1.02,0.9272,13,1.01,0.9181,12,1.03,0.9363,5,1.015,0.9227,2751,0
IWM190920P156,2019-09-16,2019-09-16 09:36:55,1.02,0.9272,13,1.01,0.9181,18,1.03,0.9363,5,1.015,0.9227,2751,0
IWM190920P156,2019-09-16,2019-09-16 09:36:55,1.03,0.9363,363,1.01,0.9181,27,1.03,0.9363,5,1.02,0.9272,2751,0
IWM190920P156,2019-09-16,2019-09-16 09:36:56,1.03,0.9363,363,1.01,0.9181,27,1.03,0.9363,5,1.02,0.9272,2751,0
IWM190920P156,2019-09-16,2019-09-16 09:36:56,1.03,0.9363,353,1.01,0.9181,87,1.03,0.9363,5,1.02,0.9272,2751,0
IWM190920P156,2019-09-16,2019-09-16 09:36:57,1.03,0.9363,338,1.01,0.9181,200,1.03,0.9363,5,1.02,0.9272,2751,0
IWM190920P156,2019-09-16,2019-09-16 09:36:57,1.04,0.9454,21,1.03,0.9363,23,1.03,0.9363,5,1.035,0.9409,2751,0
IWM190920P156,2019-09-16,2019-09-16 09:36:58,1.04,0.9454,84,1.03,0.9363,131,1.03,0.9363,5,1.035,0.9409,2751,0
IWM190920P156,2019-09-16,2019-09-16 09:36:58,1.05,0.9545,270,1.03,0.9363,21,1.03,0.9363,5,1.04,0.9454,2751,0
IWM190920P156,2019-09-16,2019-09-16 09:36:59,1.05,0.9545,135,1.04,0.9454,32,1.03,0.9363,5,1.045,0.95,2751,0
IWM190920P156,2019-09-16,2019-09-16 09:36:59,1.05,0.9545,13,1.03,0.9363,13,1.03,0.9363,5,1.04,0.9454,2751,0
IWM190920P156,2019-09-16,2019-09-16 09:37:00,1.05,0.9545,100,1.03,0.9363,56,1.03,0.9363,5,1.04,0.9454,2751,0
IWM190920P156,2019-09-16,2019-09-16 09:37:01,1.06,0.9636,18,1.04,0.9454,12,1.03,0.9363,5,1.05,0.9545,2751,0
IWM190920P156,2019-09-16,2019-09-16 09:37:01,1.07,0.9727,360,1.05,0.9545,6,1.03,0.9363,5,1.06,0.9636,2751,0
IWM190920P156,2019-09-16,2019-09-16 09:37:02,1.06,0.9636,24,1.04,0.9454,43,1.03,0.9363,5,1.05,0.9545,2751,0
IWM190920P156,2019-09-16,2019-09-16 09:37:02,1.07,0.9727,366,1.04,0.9454,100,1.03,0.9363,5,1.055,0.959,2751,0
IWM190920P156,2019-09-16,2019-09-16 09:37:03,1.06,0.9636,407,1.04,0.9454,115,1.03,0.9363,5,1.05,0.9545,2751,0
IWM190920P156,2019-09-16,2019-09-16 09:37:03,1.06,0.9636,60,1.04,0.9454,24,1.03,0.9363,5,1.05,0.9545,2751,0
IWM190920P156,2019-09-16,2019-09-16 09:37:04,1.06,0.9636,32,1.04,0.9454,115,1.03,0.9363,5,1.05,0.9545,2751,0
IWM190920P156,2019-09-16,2019-09-16 09:37:04,1.06,0.9636,58,1.04,0.9454,115,1.03,0.9363,5,1.05,0.9545,2751,0
IWM190920P156,2019-09-16,2019-09-16 09:37:05,1.06,0.9636,87,1.04,0.9454,69,1.03,0.9363,5,1.05,0.9545,2751,0
IWM190920P156,2019-09-16,2019-09-16 09:37:05,1.05,0.9545,13,1.04,0.9454,69,1.03,0.9363,5,1.045,0.95,2751,0
IWM190920P156,2019-09-16,2019-09-16 09:37:06,1.05,0.9545,67,1.04,0.9454,27,1.03,0.9363,5,1.045,0.95,2751,0
IWM190920P156,2019-09-16,2019-09-16 09:37:06,1.05,0.9545,17,1.04,0.9454,18,1.03,0.9363,5,1.045,0.95,2751,0
IWM190920P156,2019-09-16,2019-09-16 09:37:07,1.04,0.9454,258,1.02,0.9272,65,1.03,0.9363,5,1.03,0.9363,2751,0
IWM190920P156,2019-09-16,2019-09-16 09:37:07,1.04,0.9454,203,1.03,0.9363,15,1.03,0.9363,5,1.035,0.9409,2751,0
IWM190920P156,2019-09-16,2019-09-16 09:37:08,1.03,0.9363,147,1.02,0.9272,15,1.03,0.9363,5,1.025,0.9318,2751,0
IWM190920P156,2019-09-16,2019-09-16 09:37:08,1.03,0.9363,13,1.02,0.9272,15,1.03,0.9363,5,1.025,0.9318,2751,0
IWM190920P156,2019-09-16,2019-09-16 09:37:09,1.03,0.9363,45,1.02,0.9272,15,1.03,0.9363,5,1.025,0.9318,2751,0
IWM190920P156,2019-09-16,2019-09-16 09:37:09,1.03,0.9363,106,1.02,0.9272,75,1.03,0.9363,5,1.025,0.9318,2751,0
IWM190920P156,2019-09-16,2019-09-16 09:37:10,1.02,0.9272,13,1.01,0.9181,24,1.01,0.9181,1,1.015,0.9227,2752,1
IWM190920P156,2019-09-16,2019-09-16 09:37:10,1.01,0.9181,13,1.0,0.909,24,1.01,0.9181,1,1.005,0.9136,2753,1
IWM190920P156,2019-09-16,2019-09-16 09:37:11,1.01,0.9181,173,1.0,0.909,15,1.01,0.9181,1,1.005,0.9136,2753,0
IWM190920P156,2019-09-16,2019-09-16 09:37:11,1.01,0.9181,118,1.0,0.909,15,1.01,0.9181,1,1.005,0.9136,2753,0
IWM190920P156,2019-09-16,2019-09-16 09:37:12,1.0,0.909,107,0.98,0.8909,151,1.0,0.909,1,0.99,0.9,2754,0
IWM190920P156,2019-09-16,2019-09-16 09:37:12,1.0,0.909,60,0.99,0.9,52,1.0,0.909,1,0.995,0.9045,2754,1
IWM190920P156,2019-09-16,2019-09-16 09:37:13,0.99,0.9,183,0.98,0.8909,77,1.0,0.909,1,0.985,0.8954,2754,0
IWM190920P156,2019-09-16,2019-09-16 09:37:13,0.99,0.9,69,0.98,0.8909,77,1.0,0.909,1,0.985,0.8954,2754,0
IWM190920P156,2019-09-16,2019-09-16 09:37:14,1.0,0.909,52,0.98,0.8909,54,1.0,0.909,1,0.99,0.9,2754,0
IWM190920P156,2019-09-16,2019-09-16 09:37:14,1.01,0.9181,46,0.98,0.8909,78,1.0,0.909,1,0.995,0.9045,2754,0
IWM190920P156,2019-09-16,2019-09-16 09:37:15,1.0,0.909,218,0.98,0.8909,44,1.0,0.909,1,0.99,0.9,2754,0
IWM190920P156,2019-09-16,2019-09-16 09:37:15,1.0,0.909,52,0.98,0.8909,54,1.0,0.909,1,0.99,0.9,2754,0
IWM190920P156,2019-09-16,2019-09-16 09:37:16,1.0,0.909,158,0.98,0.8909,66,1.0,0.909,1,0.99,0.9,2754,0
IWM190920P156,2019-09-16,2019-09-16 09:37:16,1.0,0.909,338,0.98,0.8909,36,1.0,0.909,1,0.99,0.9,2754,0
IWM190920P156,2019-09-16,2019-09-16 09:37:17,1.0,0.909,178,0.98,0.8909,192,1.0,0.909,1,0.99,0.9,2754,0
IWM190920P156,2019-09-16,2019-09-16 09:37:17,1.0,0.909,178,0.98,0.8909,110,1.0,0.909,1,0.99,0.9,2754,0
IWM190920P156,2019-09-16,2019-09-16 09:37:18,1.01,0.9181,45,0.99,0.9,26,1.0,0.909,1,1.0,0.909,2754,0
IWM190920P156,2019-09-16,2019-09-16 09:37:18,1.01,0.9181,26,0.98,0.8909,192,1.0,0.909,1,0.995,0.9045,2754,0
IWM190920P156,2019-09-16,2019-09-16 09:37:19,1.01,0.9181,160,0.98,0.8909,109,1.0,0.909,1,0.995,0.9045,2754,0
IWM190920P156,2019-09-16,2019-09-16 09:37:19,1.01,0.9181,33,0.98,0.8909,109,1.0,0.909,1,0.995,0.9045,2754,0
IWM190920P156,2019-09-16,2019-09-16 09:37:20,1.01,0.9181,37,0.98,0.8909,127,1.0,0.909,1,0.995,0.9045,2754,0
IWM190920P156,2019-09-16,2019-09-16 09:37:21,1.01,0.9181,43,0.99,0.9,14,1.0,0.909,1,1.0,0.909,2754,0
IWM190920P156,2019-09-16,2019-09-16 09:37:21,1.0,0.909,142,0.99,0.9,1,1.0,0.909,1,0.995,0.9045,2754,0
IWM190920P156,2019-09-16,2019-09-16 09:37:22,1.0,0.909,165,1.0,0.909,1,1.0,0.909,1,1.0,0.909,2754,0
IWM190920P156,2019-09-16,2019-09-16 09:37:22,1.01,0.9181,286,0.99,0.9,14,1.0,0.909,1,1.0,0.909,2754,0
IWM190920P156,2019-09-16,2019-09-16 09:37:23,1.01,0.9181,100,0.99,0.9,15,1.0,0.909,1,1.0,0.909,2754,0
IWM190920P156,2019-09-16,2019-09-16 09:37:23,1.01,0.9181,44,0.99,0.9,15,1.0,0.909,1,1.0,0.909,2754,0
IWM190920P156,2019-09-16,2019-09-16 09:37:24,1.01,0.9181,514,0.99,0.9,22,1.0,0.909,1,1.0,0.909,2754,0
IWM190920P156,2019-09-16,2019-09-16 09:37:24,1.01,0.9181,316,0.98,0.8909,248,1.0,0.909,1,0.995,0.9045,2754,0
IWM190920P156,2019-09-16,2019-09-16 09:37:25,1.0,0.909,261,0.98,0.8909,151,1.0,0.909,1,0.99,0.9,2754,0
IWM190920P156,2019-09-16,2019-09-16 09:37:25,1.0,0.909,286,0.98,0.8909,100,1.0,0.909,1,0.99,0.9,2754,0
IWM190920P156,2019-09-16,2019-09-16 09:37:26,1.0,0.909,286,0.98,0.8909,19,1.0,0.909,1,0.99,0.9,2754,0
IWM190920P156,2019-09-16,2019-09-16 09:37:27,0.99,0.9,167,0.98,0.8909,26,1.0,0.909,1,0.985,0.8954,2754,0
IWM190920P156,2019-09-16,2019-09-16 09:37:27,0.99,0.9,5,0.97,0.8818,207,1.0,0.909,1,0.98,0.8909,2754,0
IWM190920P156,2019-09-16,2019-09-16 09:37:28,1.0,0.909,369,0.98,0.8909,26,1.0,0.909,1,0.99,0.9,2754,0
IWM190920P156,2019-09-16,2019-09-16 09:37:29,1.0,0.909,369,0.98,0.8909,26,1.0,0.909,1,0.99,0.9,2754,0
IWM190920P156,2019-09-16,2019-09-16 09:37:30,1.0,0.909,398,0.98,0.8909,26,1.0,0.909,1,0.99,0.9,2754,0
IWM190920P156,2019-09-16,2019-09-16 09:37:30,1.0,0.909,113,0.99,0.9,10,1.0,0.909,1,0.995,0.9045,2754,0
IWM190920P156,2019-09-16,2019-09-16 09:37:31,1.01,0.9181,186,0.99,0.9,10,1.0,0.909,1,1.0,0.909,2754,0
IWM190920P156,2019-09-16,2019-09-16 09:37:31,1.01,0.9181,85,0.99,0.9,156,1.0,0.909,1,1.0,0.909,2754,0
IWM190920P156,2019-09-16,2019-09-16 09:37:32,1.01,0.9181,215,0.99,0.9,248,1.0,0.909,1,1.0,0.909,2754,0
IWM190920P156,2019-09-16,2019-09-16 09:37:32,1.01,0.9181,178,0.99,0.9,124,1.0,0.909,1,1.0,0.909,2754,0
IWM190920P156,2019-09-16,2019-09-16 09:37:33,1.01,0.9181,285,0.99,0.9,124,1.0,0.909,1,1.0,0.909,2754,0
IWM190920P156,2019-09-16,2019-09-16 09:37:33,1.01,0.9181,285,0.99,0.9,186,1.0,0.909,1,1.0,0.909,2754,0
IWM190920P156,2019-09-16,2019-09-16 09:37:34,1.01,0.9181,285,0.99,0.9,35,1.0,0.909,1,1.0,0.909,2754,0
IWM190920P156,2019-09-16,2019-09-16 09:37:34,1.01,0.9181,285,0.99,0.9,50,1.0,0.909,1,1.0,0.909,2754,0
IWM190920P156,2019-09-16,2019-09-16 09:37:35,1.0,0.909,94,0.99,0.9,51,1.0,0.909,1,0.995,0.9045,2754,0
IWM190920P156,2019-09-16,2019-09-16 09:37:35,1.0,0.909,137,0.99,0.9,27,1.0,0.909,1,0.995,0.9045,2754,0
IWM190920P156,2019-09-16,2019-09-16 09:37:36,1.0,0.909,104,0.98,0.8909,74,1.0,0.909,1,0.99,0.9,2754,0
IWM190920P156,2019-09-16,2019-09-16 09:37:37,1.0,0.909,170,0.98,0.8909,382,1.0,0.909,1,0.99,0.9,2754,0
IWM190920P156,2019-09-16,2019-09-16 09:37:37,1.0,0.909,55,0.98,0.8909,74,1.0,0.909,1,0.99,0.9,2754,0
IWM190920P156,2019-09-16,2019-09-16 09:37:38,1.01,0.9181,93,0.99,0.9,193,1.0,0.909,1,1.0,0.909,2754,0
IWM190920P156,2019-09-16,2019-09-16 09:37:38,1.01,0.9181,142,0.98,0.8909,482,1.0,0.909,1,0.995,0.9045,2754,0
IWM190920P156,2019-09-16,2019-09-16 09:37:39,1.02,0.9272,293,1.0,0.909,47,1.0,0.909,1,1.01,0.9181,2754,0
IWM190920P156,2019-09-16,2019-09-16 09:37:39,1.02,0.9272,293,1.0,0.909,31,1.0,0.909,1,1.01,0.9181,2754,0
IWM190920P156,2019-09-16,2019-09-16 09:37:40,1.02,0.9272,494,1.0,0.909,18,1.0,0.909,1,1.01,0.9181,2754,0
IWM190920P156,2019-09-16,2019-09-16 09:37:40,1.02,0.9272,484,1.0,0.909,27,1.0,0.909,1,1.01,0.9181,2754,0
IWM190920P156,2019-09-16,2019-09-16 09:37:41,1.01,0.9181,42,0.99,0.9,203,1.0,0.909,1,1.0,0.909,2754,0
IWM190920P156,2019-09-16,2019-09-16 09:37:41,1.02,0.9272,487,0.99,0.9,119,1.0,0.909,1,1.005,0.9136,2754,0
IWM190920P156,2019-09-16,2019-09-16 09:37:42,1.02,0.9272,323,1.0,0.909,25,1.0,0.909,1,1.01,0.9181,2754,0
IWM190920P156,2019-09-16,2019-09-16 09:37:42,1.02,0.9272,483,1.0,0.909,25,1.0,0.909,1,1.01,0.9181,2754,0
IWM190920P156,2019-09-16,2019-09-16 09:37:43,1.02,0.9272,198,1.0,0.909,93,1.0,0.909,1,1.01,0.9181,2754,0
IWM190920P156,2019-09-16,2019-09-16 09:37:43,1.02,0.9272,47,1.0,0.909,211,1.0,0.909,1,1.01,0.9181,2754,0
IWM190920P156,2019-09-16,2019-09-16 09:37:44,1.02,0.9272,49,1.0,0.909,118,1.0,0.909,1,1.01,0.9181,2754,0
IWM190920P156,2019-09-16,2019-09-16 09:37:44,1.02,0.9272,106,1.0,0.909,16,1.0,0.909,1,1.01,0.9181,2754,0
IWM190920P156,2019-09-16,2019-09-16 09:37:45,1.03,0.9363,53,1.0,0.909,118,1.0,0.909,1,1.015,0.9227,2754,0
IWM190920P156,2019-09-16,2019-09-16 09:37:45,1.03,0.9363,281,1.02,0.9272,21,1.0,0.909,1,1.025,0.9318,2754,0
IWM190920P156,2019-09-16,2019-09-16 09:37:46,1.03,0.9363,30,1.01,0.9181,73,1.0,0.909,1,1.02,0.9272,2754,0
IWM190920P156,2019-09-16,2019-09-16 09:37:46,1.04,0.9454,317,1.01,0.9181,207,1.0,0.909,1,1.025,0.9318,2754,0
IWM190920P156,2019-09-16,2019-09-16 09:37:47,1.03,0.9363,384,1.01,0.9181,96,1.0,0.909,1,1.02,0.9272,2754,0
IWM190920P156,2019-09-16,2019-09-16 09:37:47,1.03,0.9363,43,1.01,0.9181,98,1.0,0.909,1,1.02,0.9272,2754,0
IWM190920P156,2019-09-16,2019-09-16 09:37:48,1.02,0.9272,42,1.0,0.909,54,1.0,0.909,1,1.01,0.9181,2754,0
IWM190920P156,2019-09-16,2019-09-16 09:37:48,1.01,0.9181,19,1.0,0.909,11,1.0,0.909,1,1.005,0.9136,2754,0
IWM190920P156,2019-09-16,2019-09-16 09:37:49,1.01,0.9181,42,1.0,0.909,14,1.0,0.909,1,1.005,0.9136,2754,0
IWM190920P156,2019-09-16,2019-09-16 09:37:49,1.01,0.9181,19,1.0,0.909,18,1.0,0.909,1,1.005,0.9136,2754,0
IWM190920P156,2019-09-16,2019-09-16 09:37:50,1.01,0.9181,117,1.0,0.909,18,1.0,0.909,1,1.005,0.9136,2754,0
IWM190920P156,2019-09-16,2019-09-16 09:37:50,1.0,0.909,13,1.0,0.909,18,1.0,0.909,1,1.0,0.909,2754,0
IWM190920P156,2019-09-16,2019-09-16 09:37:51,1.0,0.909,201,0.98,0.8909,153,1.0,0.909,1,0.99,0.9,2754,0
IWM190920P156,2019-09-16,2019-09-16 09:37:51,1.0,0.909,201,0.97,0.8818,192,1.0,0.909,1,0.985,0.8954,2754,0
IWM190920P156,2019-09-16,2019-09-16 09:37:52,1.0,0.909,339,0.98,0.8909,43,1.0,0.909,1,0.99,0.9,2754,0
IWM190920P156,2019-09-16,2019-09-16 09:37:52,1.0,0.909,449,0.98,0.8909,43,1.0,0.909,1,0.99,0.9,2754,0
IWM190920P156,2019-09-16,2019-09-16 09:37:53,0.99,0.9,249,0.98,0.8909,35,1.0,0.909,1,0.985,0.8954,2754,0
IWM190920P156,2019-09-16,2019-09-16 09:37:54,0.99,0.9,253,0.97,0.8818,97,1.0,0.909,1,0.98,0.8909,2754,0
IWM190920P156,2019-09-16,2019-09-16 09:37:54,0.99,0.9,361,0.97,0.8818,55,1.0,0.909,1,0.98,0.8909,2754,0
IWM190920P156,2019-09-16,2019-09-16 09:37:55,0.98,0.8909,262,0.96,0.8727,260,1.0,0.909,1,0.97,0.8818,2754,0
IWM190920P156,2019-09-16,2019-09-16 09:37:55,0.98,0.8909,29,0.96,0.8727,145,1.0,0.909,1,0.97,0.8818,2754,0
IWM190920P156,2019-09-16,2019-09-16 09:37:56,0.98,0.8909,180,0.96,0.8727,111,1.0,0.909,1,0.97,0.8818,2754,0
IWM190920P156,2019-09-16,2019-09-16 09:37:56,0.98,0.8909,81,0.95,0.8636,207,1.0,0.909,1,0.965,0.8772,2754,0
IWM190920P156,2019-09-16,2019-09-16 09:37:57,0.97,0.8818,90,0.95,0.8636,217,1.0,0.909,1,0.96,0.8727,2754,0
IWM190920P156,2019-09-16,2019-09-16 09:37:57,0.97,0.8818,13,0.95,0.8636,322,1.0,0.909,1,0.96,0.8727,2754,0
IWM190920P156,2019-09-16,2019-09-16 09:37:58,0.97,0.8818,376,0.95,0.8636,104,1.0,0.909,1,0.96,0.8727,2754,0
IWM190920P156,2019-09-16,2019-09-16 09:37:58,0.97,0.8818,366,0.95,0.8636,96,1.0,0.909,1,0.96,0.8727,2754,0
IWM190920P156,2019-09-16,2019-09-16 09:37:59,0.97,0.8818,211,0.96,0.8727,9,1.0,0.909,1,0.965,0.8772,2754,0
IWM190920P156,2019-09-16,2019-09-16 09:37:59,0.97,0.8818,170,0.96,0.8727,22,1.0,0.909,1,0.965,0.8772,2754,0
IWM190920P156,2019-09-16,2019-09-16 09:38:00,0.97,0.8818,211,0.95,0.8636,87,1.0,0.909,1,0.96,0.8727,2754,0
IWM190920P156,2019-09-16,2019-09-16 09:38:00,0.98,0.8909,247,0.96,0.8727,58,1.0,0.909,1,0.97,0.8818,2754,0
IWM190920P156,2019-09-16,2019-09-16 09:38:01,0.97,0.8818,149,0.95,0.8636,100,1.0,0.909,1,0.96,0.8727,2754,0
IWM190920P156,2019-09-16,2019-09-16 09:38:01,0.97,0.8818,231,0.95,0.8636,176,1.0,0.909,1,0.96,0.8727,2754,0
IWM190920P156,2019-09-16,2019-09-16 09:38:02,0.97,0.8818,21,0.95,0.8636,236,1.0,0.909,1,0.96,0.8727,2754,0
IWM190920P156,2019-09-16,2019-09-16 09:38:02,0.97,0.8818,27,0.95,0.8636,176,1.0,0.909,1,0.96,0.8727,2754,0
IWM190920P156,2019-09-16,2019-09-16 09:38:03,0.98,0.8909,159,0.96,0.8727,51,1.0,0.909,1,0.97,0.8818,2754,0
IWM190920P156,2019-09-16,2019-09-16 09:38:04,0.97,0.8818,60,0.95,0.8636,79,1.0,0.909,1,0.96,0.8727,2754,0
IWM190920P156,2019-09-16,2019-09-16 09:38:04,0.97,0.8818,89,0.95,0.8636,54,1.0,0.909,1,0.96,0.8727,2754,0
IWM190920P156,2019-09-16,2019-09-16 09:38:05,0.98,0.8909,302,0.96,0.8727,22,1.0,0.909,1,0.97,0.8818,2754,0
IWM190920P156,2019-09-16,2019-09-16 09:38:05,0.98,0.8909,212,0.96,0.8727,56,1.0,0.909,1,0.97,0.8818,2754,0
IWM190920P156,2019-09-16,2019-09-16 09:38:06,0.98,0.8909,187,0.96,0.8727,37,1.0,0.909,1,0.97,0.8818,2754,0
IWM190920P156,2019-09-16,2019-09-16 09:38:06,0.98,0.8909,83,0.97,0.8818,3,1.0,0.909,1,0.975,0.8863,2754,0
IWM190920P156,2019-09-16,2019-09-16 09:38:07,0.98,0.8909,282,0.96,0.8727,63,1.0,0.909,1,0.97,0.8818,2754,0
IWM190920P156,2019-09-16,2019-09-16 09:38:07,0.98,0.8909,339,0.96,0.8727,37,1.0,0.909,1,0.97,0.8818,2754,0
IWM190920P156,2019-09-16,2019-09-16 09:38:08,0.97,0.8818,254,0.96,0.8727,82,1.0,0.909,1,0.965,0.8772,2754,0
IWM190920P156,2019-09-16,2019-09-16 09:38:08,0.98,0.8909,316,0.96,0.8727,82,1.0,0.909,1,0.97,0.8818,2754,0
IWM190920P156,2019-09-16,2019-09-16 09:38:09,0.97,0.8818,245,0.95,0.8636,116,1.0,0.909,1,0.96,0.8727,2754,0
IWM190920P156,2019-09-16,2019-09-16 09:38:09,0.97,0.8818,231,0.95,0.8636,122,1.0,0.909,1,0.96,0.8727,2754,0
IWM190920P156,2019-09-16,2019-09-16 09:38:10,0.97,0.8818,167,0.95,0.8636,95,1.0,0.909,1,0.96,0.8727,2754,0
IWM190920P156,2019-09-16,2019-09-16 09:38:10,0.97,0.8818,271,0.95,0.8636,81,1.0,0.909,1,0.96,0.8727,2754,0
IWM190920P156,2019-09-16,2019-09-16 09:38:11,0.97,0.8818,409,0.95,0.8636,45,1.0,0.909,1,0.96,0.8727,2754,0
IWM190920P156,2019-09-16,2019-09-16 09:38:12,0.97,0.8818,9,0.95,0.8636,88,1.0,0.909,1,0.96,0.8727,2754,0
IWM190920P156,2019-09-16,2019-09-16 09:38:12,0.97,0.8818,143,0.95,0.8636,66,1.0,0.909,1,0.96,0.8727,2754,0
IWM190920P156,2019-09-16,2019-09-16 09:38:13,0.98,0.8909,408,0.95,0.8636,88,1.0,0.909,1,0.965,0.8772,2754,0
IWM190920P156,2019-09-16,2019-09-16 09:38:13,0.98,0.8909,408,0.96,0.8727,10,1.0,0.909,1,0.97,0.8818,2754,0
IWM190920P156,2019-09-16,2019-09-16 09:38:14,0.98,0.8909,142,0.96,0.8727,10,0.96,0.8727,1,0.97,0.8818,2755,1
IWM190920P156,2019-09-16,2019-09-16 09:38:14,0.98,0.8909,398,0.96,0.8727,10,1.0,0.909,1,0.97,0.8818,2754,0
IWM190920P156,2019-09-16,2019-09-16 09:38:15,0.98,0.8909,405,0.96,0.8727,36,0.96,0.8727,1,0.97,0.8818,2756,0
IWM190920P156,2019-09-16,2019-09-16 09:38:15,0.98,0.8909,105,0.96,0.8727,36,0.96,0.8727,1,0.97,0.8818,2756,1
IWM190920P156,2019-09-16,2019-09-16 09:38:16,0.97,0.8818,340,0.95,0.8636,82,0.96,0.8727,1,0.96,0.8727,2756,0
IWM190920P156,2019-09-16,2019-09-16 09:38:16,0.97,0.8818,265,0.95,0.8636,73,0.96,0.8727,1,0.96,0.8727,2756,0
IWM190920P156,2019-09-16,2019-09-16 09:38:17,0.97,0.8818,351,0.95,0.8636,142,0.96,0.8727,1,0.96,0.8727,2756,0
IWM190920P156,2019-09-16,2019-09-16 09:38:18,0.97,0.8818,351,0.95,0.8636,22,0.96,0.8727,1,0.96,0.8727,2756,0
IWM190920P156,2019-09-16,2019-09-16 09:38:18,0.97,0.8818,442,0.95,0.8636,33,0.96,0.8727,1,0.96,0.8727,2756,0
IWM190920P156,2019-09-16,2019-09-16 09:38:19,0.97,0.8818,504,0.95,0.8636,9,0.96,0.8727,1,0.96,0.8727,2756,0
IWM190920P156,2019-09-16,2019-09-16 09:38:19,0.97,0.8818,458,0.95,0.8636,10,0.96,0.8727,1,0.96,0.8727,2756,0
IWM190920P156,2019-09-16,2019-09-16 09:38:20,0.96,0.8727,251,0.95,0.8636,9,0.96,0.8727,1,0.955,0.8681,2756,0
IWM190920P156,2019-09-16,2019-09-16 09:38:21,0.97,0.8818,325,0.94,0.8545,36,0.96,0.8727,1,0.955,0.8681,2756,0
IWM190920P156,2019-09-16,2019-09-16 09:38:21,0.96,0.8727,126,0.95,0.8636,1,0.96,0.8727,1,0.955,0.8681,2756,0
IWM190920P156,2019-09-16,2019-09-16 09:38:22,0.96,0.8727,318,0.95,0.8636,1,0.96,0.8727,1,0.955,0.8681,2756,0
IWM190920P156,2019-09-16,2019-09-16 09:38:23,0.96,0.8727,529,0.94,0.8545,13,0.96,0.8727,1,0.95,0.8636,2756,0
IWM190920P156,2019-09-16,2019-09-16 09:38:23,0.96,0.8727,489,0.94,0.8545,13,0.96,0.8727,1,0.95,0.8636,2756,0
IWM190920P156,2019-09-16,2019-09-16 09:38:24,0.96,0.8727,309,0.94,0.8545,86,0.96,0.8727,1,0.95,0.8636,2756,0
IWM190920P156,2019-09-16,2019-09-16 09:38:24,0.96,0.8727,207,0.94,0.8545,13,0.96,0.8727,1,0.95,0.8636,2756,0
IWM190920P156,2019-09-16,2019-09-16 09:38:25,0.96,0.8727,299,0.94,0.8545,86,0.96,0.8727,1,0.95,0.8636,2756,0
IWM190920P156,2019-09-16,2019-09-16 09:38:25,0.96,0.8727,299,0.94,0.8545,214,0.96,0.8727,1,0.95,0.8636,2756,0
IWM190920P156,2019-09-16,2019-09-16 09:38:26,0.97,0.8818,69,0.95,0.8636,50,0.96,0.8727,1,0.96,0.8727,2756,0
IWM190920P156,2019-09-16,2019-09-16 09:38:26,0.97,0.8818,209,0.95,0.8636,103,0.96,0.8727,1,0.96,0.8727,2756,0
IWM190920P156,2019-09-16,2019-09-16 09:38:27,0.97,0.8818,184,0.95,0.8636,129,0.96,0.8727,1,0.96,0.8727,2756,0
IWM190920P156,2019-09-16,2019-09-16 09:38:27,0.98,0.8909,43,0.96,0.8727,25,0.96,0.8727,1,0.97,0.8818,2756,0
IWM190920P156,2019-09-16,2019-09-16 09:38:28,0.98,0.8909,310,0.96,0.8727,21,0.96,0.8727,1,0.97,0.8818,2756,0
IWM190920P156,2019-09-16,2019-09-16 09:38:28,0.98,0.8909,114,0.96,0.8727,38,0.96,0.8727,1,0.97,0.8818,2756,0
IWM190920P156,2019-09-16,2019-09-16 09:38:29,0.98,0.8909,487,0.96,0.8727,21,0.96,0.8727,1,0.97,0.8818,2756,0
IWM190920P156,2019-09-16,2019-09-16 09:38:29,0.98,0.8909,487,0.96,0.8727,32,0.96,0.8727,1,0.97,0.8818,2756,0
IWM190920P156,2019-09-16,2019-09-16 09:38:30,0.97,0.8818,307,0.95,0.8636,53,0.98,0.8909,2,0.96,0.8727,2758,2
