symbol,Date,quote_time,ask_price,norm_ask_price,ask_size,bid_price,norm_bid_price,bid_size,last_trade_price,norm_last_trade_price,last_trade_size,mark_price,norm_mark_price,volume,Volume
SPY190809P293,2019-08-08,2019-08-08 09:30:00,4.12,1.0,10,3.32,0.8058,10,5.45,1.3228,1,3.72,0.9029,0,0
SPY190809P293,2019-08-08,2019-08-08 09:30:01,3.78,0.9174,5,3.72,0.9029,5,5.45,1.3228,1,3.75,0.9101,0,0
SPY190809P293,2019-08-08,2019-08-08 09:30:01,5.51,1.3373,11,2.0,0.4854,11,5.45,1.3228,1,3.755,0.9114,0,0
SPY190809P293,2019-08-08,2019-08-08 09:30:02,4.13,1.0024,1,3.33,0.8082,1,5.45,1.3228,1,3.73,0.9053,0,0
SPY190809P293,2019-08-08,2019-08-08 09:30:02,3.74,0.9077,5,3.68,0.8932,5,5.45,1.3228,1,3.71,0.9004,0,0
SPY190809P293,2019-08-08,2019-08-08 09:30:03,3.86,0.9368,100,3.58,0.8689,100,5.45,1.3228,1,3.72,0.9029,0,0
SPY190809P293,2019-08-08,2019-08-08 09:30:04,3.9,0.9466,125,3.54,0.8592,125,5.45,1.3228,1,3.72,0.9029,0,0
SPY190809P293,2019-08-08,2019-08-08 09:30:05,3.76,0.9126,100,3.63,0.881,100,5.45,1.3228,1,3.695,0.8968,0,0
SPY190809P293,2019-08-08,2019-08-08 09:30:05,3.86,0.9368,100,3.58,0.8689,100,5.45,1.3228,1,3.72,0.9029,0,0
SPY190809P293,2019-08-08,2019-08-08 09:30:06,4.13,1.0024,1,3.33,0.8082,1,5.45,1.3228,1,3.73,0.9053,0,0
SPY190809P293,2019-08-08,2019-08-08 09:30:07,3.75,0.9101,100,3.61,0.8762,100,5.45,1.3228,1,3.68,0.8932,0,0
SPY190809P293,2019-08-08,2019-08-08 09:30:08,3.87,0.9393,125,3.55,0.8616,5,5.45,1.3228,1,3.71,0.9004,0,0
SPY190809P293,2019-08-08,2019-08-08 09:30:09,3.83,0.9296,100,3.58,0.8689,100,5.45,1.3228,1,3.705,0.8992,0,0
SPY190809P293,2019-08-08,2019-08-08 09:30:09,3.87,0.9393,246,3.55,0.8616,5,5.45,1.3228,1,3.71,0.9004,0,0
SPY190809P293,2019-08-08,2019-08-08 09:30:10,3.83,0.9296,100,3.58,0.8689,100,5.45,1.3228,1,3.705,0.8992,0,0
SPY190809P293,2019-08-08,2019-08-08 09:30:10,3.87,0.9393,100,3.54,0.8592,100,5.45,1.3228,1,3.705,0.8992,0,0
SPY190809P293,2019-08-08,2019-08-08 09:30:11,3.87,0.9393,100,3.54,0.8592,100,5.45,1.3228,1,3.705,0.8992,0,0
SPY190809P293,2019-08-08,2019-08-08 09:30:12,3.75,0.9101,100,3.61,0.8762,100,5.45,1.3228,1,3.68,0.8932,0,0
SPY190809P293,2019-08-08,2019-08-08 09:30:13,3.83,0.9296,100,3.58,0.8689,100,5.45,1.3228,1,3.705,0.8992,0,0
SPY190809P293,2019-08-08,2019-08-08 09:30:14,3.87,0.9393,52,3.51,0.8519,10,5.45,1.3228,1,3.69,0.8956,0,0
SPY190809P293,2019-08-08,2019-08-08 09:30:14,3.84,0.932,100,3.56,0.864,100,5.45,1.3228,1,3.7,0.898,0,0
SPY190809P293,2019-08-08,2019-08-08 09:30:15,4.13,1.0024,2,3.33,0.8082,2,5.45,1.3228,1,3.73,0.9053,0,0
SPY190809P293,2019-08-08,2019-08-08 09:30:15,3.77,0.915,100,3.51,0.8519,100,5.45,1.3228,1,3.64,0.8834,0,0
SPY190809P293,2019-08-08,2019-08-08 09:30:16,3.77,0.915,100,3.5,0.8495,100,5.45,1.3228,1,3.635,0.8822,0,0
SPY190809P293,2019-08-08,2019-08-08 09:30:16,3.77,0.915,100,3.49,0.847,100,5.45,1.3228,1,3.63,0.881,0,0
SPY190809P293,2019-08-08,2019-08-08 09:30:17,3.69,0.8956,100,3.54,0.8592,100,5.45,1.3228,1,3.615,0.8774,0,0
SPY190809P293,2019-08-08,2019-08-08 09:30:17,3.67,0.8907,49,3.61,0.8762,58,5.45,1.3228,1,3.64,0.8834,0,0
SPY190809P293,2019-08-08,2019-08-08 09:30:18,3.9,0.9466,1,3.64,0.8834,100,5.45,1.3228,1,3.77,0.915,0,0
SPY190809P293,2019-08-08,2019-08-08 09:30:18,3.75,0.9101,100,3.6,0.8737,100,5.45,1.3228,1,3.675,0.8919,0,0
SPY190809P293,2019-08-08,2019-08-08 09:30:19,3.87,0.9393,100,3.65,0.8859,5,5.45,1.3228,1,3.76,0.9126,0,0
SPY190809P293,2019-08-08,2019-08-08 09:30:19,3.81,0.9247,100,3.66,0.8883,100,5.45,1.3228,1,3.735,0.9065,0,0
SPY190809P293,2019-08-08,2019-08-08 09:30:20,3.91,0.949,225,3.64,0.8834,42,5.45,1.3228,1,3.775,0.9162,0,0
SPY190809P293,2019-08-08,2019-08-08 09:30:20,3.87,0.9393,100,3.65,0.8859,5,5.45,1.3228,1,3.76,0.9126,0,0
SPY190809P293,2019-08-08,2019-08-08 09:30:21,3.87,0.9393,100,3.66,0.8883,100,5.45,1.3228,1,3.765,0.9138,0,0
SPY190809P293,2019-08-08,2019-08-08 09:30:21,3.9,0.9466,5,3.65,0.8859,25,5.45,1.3228,1,3.775,0.9162,0,0
SPY190809P293,2019-08-08,2019-08-08 09:30:22,3.78,0.9174,100,3.67,0.8907,5,5.45,1.3228,1,3.725,0.9041,0,0
SPY190809P293,2019-08-08,2019-08-08 09:30:22,3.94,0.9563,1,3.67,0.8907,5,5.45,1.3228,1,3.805,0.9235,0,0
SPY190809P293,2019-08-08,2019-08-08 09:30:23,3.85,0.9344,100,3.66,0.8883,86,5.45,1.3228,1,3.755,0.9114,0,0
SPY190809P293,2019-08-08,2019-08-08 09:30:23,3.87,0.9393,100,3.67,0.8907,5,5.45,1.3228,1,3.77,0.915,0,0
SPY190809P293,2019-08-08,2019-08-08 09:30:24,3.8,0.9223,100,3.55,0.8616,100,5.45,1.3228,1,3.675,0.8919,0,0
SPY190809P293,2019-08-08,2019-08-08 09:30:24,3.83,0.9296,5,3.62,0.8786,66,5.45,1.3228,1,3.725,0.9041,0,0
SPY190809P293,2019-08-08,2019-08-08 09:30:25,3.8,0.9223,100,3.64,0.8834,5,5.45,1.3228,1,3.72,0.9029,0,0
SPY190809P293,2019-08-08,2019-08-08 09:30:25,3.82,0.9271,5,3.64,0.8834,5,5.45,1.3228,1,3.73,0.9053,0,0
SPY190809P293,2019-08-08,2019-08-08 09:30:26,3.73,0.9053,100,3.58,0.8689,25,5.45,1.3228,1,3.655,0.8871,0,0
SPY190809P293,2019-08-08,2019-08-08 09:30:26,3.72,0.9029,100,3.58,0.8689,100,5.45,1.3228,1,3.65,0.8859,0,0
SPY190809P293,2019-08-08,2019-08-08 09:30:27,3.73,0.9053,100,3.53,0.8567,25,5.45,1.3228,1,3.63,0.881,0,0
SPY190809P293,2019-08-08,2019-08-08 09:30:27,3.81,0.9247,5,3.59,0.8713,86,5.45,1.3228,1,3.7,0.898,0,0
SPY190809P293,2019-08-08,2019-08-08 09:30:28,3.72,0.9029,100,3.58,0.8689,100,5.45,1.3228,1,3.65,0.8859,0,0
SPY190809P293,2019-08-08,2019-08-08 09:30:29,3.8,0.9223,5,3.58,0.8689,100,5.45,1.3228,1,3.69,0.8956,0,0
SPY190809P293,2019-08-08,2019-08-08 09:30:29,3.77,0.915,125,3.56,0.864,100,5.45,1.3228,1,3.665,0.8895,0,0
SPY190809P293,2019-08-08,2019-08-08 09:30:30,3.71,0.9004,100,3.57,0.8665,100,5.45,1.3228,1,3.64,0.8834,0,0
SPY190809P293,2019-08-08,2019-08-08 09:30:30,3.78,0.9174,248,3.58,0.8689,25,5.45,1.3228,1,3.68,0.8932,0,0
SPY190809P293,2019-08-08,2019-08-08 09:30:31,3.78,0.9174,248,3.6,0.8737,5,5.45,1.3228,1,3.69,0.8956,0,0
SPY190809P293,2019-08-08,2019-08-08 09:30:31,3.78,0.9174,248,3.59,0.8713,5,5.45,1.3228,1,3.685,0.8944,0,0
SPY190809P293,2019-08-08,2019-08-08 09:30:32,3.78,0.9174,248,3.6,0.8737,5,5.45,1.3228,1,3.69,0.8956,0,0
SPY190809P293,2019-08-08,2019-08-08 09:30:33,3.78,0.9174,248,3.6,0.8737,5,5.45,1.3228,1,3.69,0.8956,0,0
SPY190809P293,2019-08-08,2019-08-08 09:30:34,3.71,0.9004,100,3.6,0.8737,5,5.45,1.3228,1,3.655,0.8871,0,0
SPY190809P293,2019-08-08,2019-08-08 09:30:35,3.82,0.9271,5,3.59,0.8713,91,5.45,1.3228,1,3.705,0.8992,0,0
SPY190809P293,2019-08-08,2019-08-08 09:30:35,3.72,0.9029,100,3.59,0.8713,91,5.45,1.3228,1,3.655,0.8871,0,0
SPY190809P293,2019-08-08,2019-08-08 09:30:36,3.73,0.9053,10,3.53,0.8567,100,5.45,1.3228,1,3.63,0.881,0,0
SPY190809P293,2019-08-08,2019-08-08 09:30:36,3.73,0.9053,10,3.58,0.8689,53,5.45,1.3228,1,3.655,0.8871,0,0
SPY190809P293,2019-08-08,2019-08-08 09:30:37,3.69,0.8956,100,3.53,0.8567,100,5.45,1.3228,1,3.61,0.8762,0,0
SPY190809P293,2019-08-08,2019-08-08 09:30:37,3.69,0.8956,100,3.54,0.8592,100,5.45,1.3228,1,3.615,0.8774,0,0
SPY190809P293,2019-08-08,2019-08-08 09:30:38,3.68,0.8932,100,3.53,0.8567,5,5.45,1.3228,1,3.605,0.875,0,0
SPY190809P293,2019-08-08,2019-08-08 09:30:38,3.68,0.8932,100,3.52,0.8543,100,5.45,1.3228,1,3.6,0.8737,0,0
SPY190809P293,2019-08-08,2019-08-08 09:30:39,3.67,0.8907,100,3.53,0.8567,5,5.45,1.3228,1,3.6,0.8737,0,0
SPY190809P293,2019-08-08,2019-08-08 09:30:40,3.67,0.8907,100,3.53,0.8567,5,5.45,1.3228,1,3.6,0.8737,0,0
SPY190809P293,2019-08-08,2019-08-08 09:30:41,3.71,0.9004,125,3.53,0.8567,5,5.45,1.3228,1,3.62,0.8786,0,0
SPY190809P293,2019-08-08,2019-08-08 09:30:41,3.77,0.915,5,3.52,0.8543,100,5.45,1.3228,1,3.645,0.8847,0,0
SPY190809P293,2019-08-08,2019-08-08 09:30:42,3.67,0.8907,100,3.53,0.8567,5,5.45,1.3228,1,3.6,0.8737,0,0
SPY190809P293,2019-08-08,2019-08-08 09:30:43,3.67,0.8907,100,3.53,0.8567,131,5.45,1.3228,1,3.6,0.8737,0,0
SPY190809P293,2019-08-08,2019-08-08 09:30:43,3.67,0.8907,100,3.53,0.8567,5,5.45,1.3228,1,3.6,0.8737,0,0
SPY190809P293,2019-08-08,2019-08-08 09:30:44,3.67,0.8907,100,3.55,0.8616,5,5.45,1.3228,1,3.61,0.8762,0,0
SPY190809P293,2019-08-08,2019-08-08 09:30:44,3.67,0.8907,100,3.55,0.8616,4,5.45,1.3228,1,3.61,0.8762,0,0
SPY190809P293,2019-08-08,2019-08-08 09:30:45,3.66,0.8883,100,3.55,0.8616,5,5.45,1.3228,1,3.605,0.875,0,0
SPY190809P293,2019-08-08,2019-08-08 09:30:45,3.7,0.898,336,3.46,0.8398,13,5.45,1.3228,1,3.58,0.8689,0,0
SPY190809P293,2019-08-08,2019-08-08 09:30:46,3.66,0.8883,100,3.54,0.8592,66,5.45,1.3228,1,3.6,0.8737,0,0
SPY190809P293,2019-08-08,2019-08-08 09:30:46,3.66,0.8883,100,3.55,0.8616,7,5.45,1.3228,1,3.605,0.875,0,0
SPY190809P293,2019-08-08,2019-08-08 09:30:47,3.66,0.8883,100,3.55,0.8616,7,5.45,1.3228,1,3.605,0.875,0,0
SPY190809P293,2019-08-08,2019-08-08 09:30:47,3.67,0.8907,100,3.54,0.8592,6,5.45,1.3228,1,3.605,0.875,0,0
SPY190809P293,2019-08-08,2019-08-08 09:30:48,3.67,0.8907,100,3.52,0.8543,100,5.45,1.3228,1,3.595,0.8725,0,0
SPY190809P293,2019-08-08,2019-08-08 09:30:48,3.66,0.8883,100,3.53,0.8567,6,5.45,1.3228,1,3.595,0.8725,0,0
SPY190809P293,2019-08-08,2019-08-08 09:30:49,3.68,0.8932,100,3.55,0.8616,5,5.45,1.3228,1,3.615,0.8774,0,0
SPY190809P293,2019-08-08,2019-08-08 09:30:49,3.67,0.8907,100,3.54,0.8592,5,5.45,1.3228,1,3.605,0.875,0,0
SPY190809P293,2019-08-08,2019-08-08 09:30:50,3.68,0.8932,100,3.54,0.8592,5,5.45,1.3228,1,3.61,0.8762,0,0
SPY190809P293,2019-08-08,2019-08-08 09:30:50,3.68,0.8932,100,3.53,0.8567,5,5.45,1.3228,1,3.605,0.875,0,0
SPY190809P293,2019-08-08,2019-08-08 09:30:51,3.69,0.8956,100,3.54,0.8592,96,5.45,1.3228,1,3.615,0.8774,0,0
SPY190809P293,2019-08-08,2019-08-08 09:30:52,3.69,0.8956,100,3.55,0.8616,100,5.45,1.3228,1,3.62,0.8786,0,0
SPY190809P293,2019-08-08,2019-08-08 09:30:53,3.69,0.8956,100,3.55,0.8616,100,5.45,1.3228,1,3.62,0.8786,0,0
SPY190809P293,2019-08-08,2019-08-08 09:30:53,3.68,0.8932,100,3.57,0.8665,65,5.45,1.3228,1,3.625,0.8798,0,0
SPY190809P293,2019-08-08,2019-08-08 09:30:54,3.67,0.8907,100,3.57,0.8665,47,5.45,1.3228,1,3.62,0.8786,0,0
SPY190809P293,2019-08-08,2019-08-08 09:30:55,3.67,0.8907,100,3.56,0.864,57,5.45,1.3228,1,3.615,0.8774,0,0
SPY190809P293,2019-08-08,2019-08-08 09:30:55,3.7,0.898,102,3.57,0.8665,35,5.45,1.3228,1,3.635,0.8822,0,0
SPY190809P293,2019-08-08,2019-08-08 09:30:56,3.67,0.8907,100,3.56,0.864,63,5.45,1.3228,1,3.615,0.8774,0,0
SPY190809P293,2019-08-08,2019-08-08 09:30:56,3.67,0.8907,100,3.56,0.864,80,5.45,1.3228,1,3.615,0.8774,0,0
SPY190809P293,2019-08-08,2019-08-08 09:30:57,3.64,0.8834,44,3.58,0.8689,5,5.45,1.3228,1,3.61,0.8762,0,0
SPY190809P293,2019-08-08,2019-08-08 09:30:57,3.7,0.898,2,3.56,0.864,120,5.45,1.3228,1,3.63,0.881,0,0
SPY190809P293,2019-08-08,2019-08-08 09:30:58,3.69,0.8956,5,3.58,0.8689,5,5.45,1.3228,1,3.635,0.8822,0,0
SPY190809P293,2019-08-08,2019-08-08 09:30:58,3.69,0.8956,5,3.59,0.8713,5,5.45,1.3228,1,3.64,0.8834,0,0
SPY190809P293,2019-08-08,2019-08-08 09:30:59,3.69,0.8956,5,3.59,0.8713,5,5.45,1.3228,1,3.64,0.8834,0,0
SPY190809P293,2019-08-08,2019-08-08 09:30:59,3.69,0.8956,5,3.58,0.8689,8,5.45,1.3228,1,3.635,0.8822,0,0
SPY190809P293,2019-08-08,2019-08-08 09:31:00,3.7,0.898,2,3.59,0.8713,3,5.45,1.3228,1,3.645,0.8847,0,0
SPY190809P293,2019-08-08,2019-08-08 09:31:00,3.7,0.898,2,3.62,0.8786,100,3.7,0.898,2,3.66,0.8883,2,2
SPY190809P293,2019-08-08,2019-08-08 09:31:01,3.73,0.9053,51,3.63,0.881,100,3.7,0.898,2,3.68,0.8932,2,0
SPY190809P293,2019-08-08,2019-08-08 09:31:01,3.7,0.898,5,3.58,0.8689,2,3.7,0.898,2,3.64,0.8834,2,0
SPY190809P293,2019-08-08,2019-08-08 09:31:02,3.7,0.898,5,3.59,0.8713,5,3.7,0.898,2,3.645,0.8847,2,0
SPY190809P293,2019-08-08,2019-08-08 09:31:02,3.71,0.9004,31,3.6,0.8737,100,3.7,0.898,2,3.655,0.8871,2,0
SPY190809P293,2019-08-08,2019-08-08 09:31:03,3.75,0.9101,5,3.61,0.8762,100,3.7,0.898,2,3.68,0.8932,2,0
SPY190809P293,2019-08-08,2019-08-08 09:31:03,3.82,0.9271,125,3.58,0.8689,125,3.7,0.898,2,3.7,0.898,2,0
SPY190809P293,2019-08-08,2019-08-08 09:31:04,3.75,0.9101,5,3.62,0.8786,120,3.7,0.898,2,3.685,0.8944,2,0
SPY190809P293,2019-08-08,2019-08-08 09:31:05,3.84,0.932,10,3.67,0.8907,100,3.7,0.898,2,3.755,0.9114,2,0
SPY190809P293,2019-08-08,2019-08-08 09:31:05,3.84,0.932,5,3.67,0.8907,120,3.7,0.898,2,3.755,0.9114,2,0
SPY190809P293,2019-08-08,2019-08-08 09:31:06,3.84,0.932,5,3.69,0.8956,8,3.7,0.898,2,3.765,0.9138,2,0
SPY190809P293,2019-08-08,2019-08-08 09:31:06,3.84,0.932,5,3.68,0.8932,103,3.7,0.898,2,3.76,0.9126,2,0
SPY190809P293,2019-08-08,2019-08-08 09:31:07,3.85,0.9344,5,3.71,0.9004,5,3.7,0.898,2,3.78,0.9174,2,0
SPY190809P293,2019-08-08,2019-08-08 09:31:07,3.88,0.9417,100,3.68,0.8932,100,3.7,0.898,2,3.78,0.9174,2,0
SPY190809P293,2019-08-08,2019-08-08 09:31:08,3.87,0.9393,5,3.71,0.9004,5,3.7,0.898,2,3.79,0.9199,2,0
SPY190809P293,2019-08-08,2019-08-08 09:31:08,3.89,0.9441,5,3.69,0.8956,5,3.7,0.898,2,3.79,0.9199,2,0
SPY190809P293,2019-08-08,2019-08-08 09:31:09,3.89,0.9441,5,3.68,0.8932,100,3.7,0.898,2,3.785,0.9186,2,0
SPY190809P293,2019-08-08,2019-08-08 09:31:09,3.86,0.9368,100,3.64,0.8834,313,3.7,0.898,2,3.75,0.9101,2,0
SPY190809P293,2019-08-08,2019-08-08 09:31:10,3.86,0.9368,100,3.68,0.8932,125,3.7,0.898,2,3.77,0.915,2,0
SPY190809P293,2019-08-08,2019-08-08 09:31:10,3.86,0.9368,100,3.67,0.8907,100,3.7,0.898,2,3.765,0.9138,2,0
SPY190809P293,2019-08-08,2019-08-08 09:31:11,3.88,0.9417,42,3.69,0.8956,100,3.7,0.898,2,3.785,0.9186,2,0
SPY190809P293,2019-08-08,2019-08-08 09:31:11,3.88,0.9417,5,3.65,0.8859,125,3.7,0.898,2,3.765,0.9138,2,0
SPY190809P293,2019-08-08,2019-08-08 09:31:12,3.87,0.9393,100,3.72,0.9029,100,3.7,0.898,2,3.795,0.9211,2,0
SPY190809P293,2019-08-08,2019-08-08 09:31:12,3.85,0.9344,100,3.71,0.9004,100,3.7,0.898,2,3.78,0.9174,2,0
SPY190809P293,2019-08-08,2019-08-08 09:31:13,3.87,0.9393,100,3.72,0.9029,100,3.7,0.898,2,3.795,0.9211,2,0
SPY190809P293,2019-08-08,2019-08-08 09:31:13,3.91,0.949,130,3.72,0.9029,130,3.7,0.898,2,3.815,0.9259,2,0
SPY190809P293,2019-08-08,2019-08-08 09:31:14,3.91,0.949,130,3.72,0.9029,130,3.7,0.898,2,3.815,0.9259,2,0
SPY190809P293,2019-08-08,2019-08-08 09:31:14,3.91,0.949,11,3.7,0.898,125,3.7,0.898,2,3.805,0.9235,2,0
SPY190809P293,2019-08-08,2019-08-08 09:31:15,3.9,0.9466,5,3.73,0.9053,100,3.7,0.898,2,3.815,0.9259,2,0
SPY190809P293,2019-08-08,2019-08-08 09:31:16,3.9,0.9466,10,3.73,0.9053,120,3.7,0.898,2,3.815,0.9259,2,0
SPY190809P293,2019-08-08,2019-08-08 09:31:16,3.84,0.932,100,3.73,0.9053,120,3.7,0.898,2,3.785,0.9186,2,0
SPY190809P293,2019-08-08,2019-08-08 09:31:17,3.84,0.932,100,3.73,0.9053,36,3.7,0.898,2,3.785,0.9186,2,0
SPY190809P293,2019-08-08,2019-08-08 09:31:17,3.83,0.9296,100,3.68,0.8932,100,3.7,0.898,2,3.755,0.9114,2,0
SPY190809P293,2019-08-08,2019-08-08 09:31:18,3.82,0.9271,120,3.67,0.8907,120,3.7,0.898,2,3.745,0.9089,2,0
SPY190809P293,2019-08-08,2019-08-08 09:31:19,3.86,0.9368,5,3.65,0.8859,5,3.7,0.898,2,3.755,0.9114,2,0
SPY190809P293,2019-08-08,2019-08-08 09:31:19,3.83,0.9296,100,3.67,0.8907,30,3.7,0.898,2,3.75,0.9101,2,0
SPY190809P293,2019-08-08,2019-08-08 09:31:20,3.86,0.9368,5,3.64,0.8834,246,3.7,0.898,2,3.75,0.9101,2,0
SPY190809P293,2019-08-08,2019-08-08 09:31:20,3.81,0.9247,100,3.65,0.8859,5,3.7,0.898,2,3.73,0.9053,2,0
SPY190809P293,2019-08-08,2019-08-08 09:31:21,3.83,0.9296,5,3.62,0.8786,5,3.7,0.898,2,3.725,0.9041,2,0
SPY190809P293,2019-08-08,2019-08-08 09:31:21,3.93,0.9538,11,3.55,0.8616,11,3.7,0.898,2,3.74,0.9077,2,0
SPY190809P293,2019-08-08,2019-08-08 09:31:22,3.76,0.9126,100,3.63,0.881,5,3.7,0.898,2,3.695,0.8968,2,0
SPY190809P293,2019-08-08,2019-08-08 09:31:22,3.9,0.9466,10,3.56,0.864,10,3.7,0.898,2,3.73,0.9053,2,0
SPY190809P293,2019-08-08,2019-08-08 09:31:23,3.79,0.9199,100,3.64,0.8834,100,3.7,0.898,2,3.715,0.9016,2,0
SPY190809P293,2019-08-08,2019-08-08 09:31:24,3.78,0.9174,5,3.65,0.8859,5,3.7,0.898,2,3.715,0.9016,2,0
SPY190809P293,2019-08-08,2019-08-08 09:31:24,3.77,0.915,5,3.65,0.8859,130,3.7,0.898,2,3.71,0.9004,2,0
SPY190809P293,2019-08-08,2019-08-08 09:31:25,3.83,0.9296,120,3.68,0.8932,120,3.7,0.898,2,3.755,0.9114,2,0
SPY190809P293,2019-08-08,2019-08-08 09:31:25,3.77,0.915,100,3.65,0.8859,130,3.7,0.898,2,3.71,0.9004,2,0
SPY190809P293,2019-08-08,2019-08-08 09:31:26,3.88,0.9417,246,3.69,0.8956,5,3.7,0.898,2,3.785,0.9186,2,0
SPY190809P293,2019-08-08,2019-08-08 09:31:26,3.87,0.9393,100,3.69,0.8956,100,3.7,0.898,2,3.78,0.9174,2,0
SPY190809P293,2019-08-08,2019-08-08 09:31:27,3.89,0.9441,10,3.69,0.8956,100,3.7,0.898,2,3.79,0.9199,2,0
SPY190809P293,2019-08-08,2019-08-08 09:31:27,3.87,0.9393,120,3.69,0.8956,120,3.7,0.898,2,3.78,0.9174,2,0
SPY190809P293,2019-08-08,2019-08-08 09:31:28,3.86,0.9368,120,3.71,0.9004,120,3.7,0.898,2,3.785,0.9186,2,0
SPY190809P293,2019-08-08,2019-08-08 09:31:28,3.83,0.9296,100,3.71,0.9004,5,3.7,0.898,2,3.77,0.915,2,0
SPY190809P293,2019-08-08,2019-08-08 09:31:29,3.83,0.9296,100,3.71,0.9004,5,3.7,0.898,2,3.77,0.915,2,0
SPY190809P293,2019-08-08,2019-08-08 09:31:29,3.83,0.9296,130,3.71,0.9004,5,3.7,0.898,2,3.77,0.915,2,0
SPY190809P293,2019-08-08,2019-08-08 09:31:30,3.83,0.9296,110,3.71,0.9004,5,3.7,0.898,2,3.77,0.915,2,0
SPY190809P293,2019-08-08,2019-08-08 09:31:31,3.82,0.9271,5,3.71,0.9004,100,3.7,0.898,2,3.765,0.9138,2,0
SPY190809P293,2019-08-08,2019-08-08 09:31:31,3.83,0.9296,100,3.71,0.9004,130,3.7,0.898,2,3.77,0.915,2,0
SPY190809P293,2019-08-08,2019-08-08 09:31:32,3.87,0.9393,10,3.71,0.9004,120,3.7,0.898,2,3.79,0.9199,2,0
SPY190809P293,2019-08-08,2019-08-08 09:31:32,3.83,0.9296,100,3.71,0.9004,130,3.7,0.898,2,3.77,0.915,2,0
SPY190809P293,2019-08-08,2019-08-08 09:31:33,3.82,0.9271,5,3.71,0.9004,120,3.7,0.898,2,3.765,0.9138,2,0
SPY190809P293,2019-08-08,2019-08-08 09:31:33,3.83,0.9296,5,3.71,0.9004,5,3.7,0.898,2,3.77,0.915,2,0
SPY190809P293,2019-08-08,2019-08-08 09:31:34,3.82,0.9271,5,3.71,0.9004,125,3.7,0.898,2,3.765,0.9138,2,0
SPY190809P293,2019-08-08,2019-08-08 09:31:35,3.82,0.9271,5,3.71,0.9004,85,3.7,0.898,2,3.765,0.9138,2,0
SPY190809P293,2019-08-08,2019-08-08 09:31:35,3.82,0.9271,5,3.71,0.9004,130,3.7,0.898,2,3.765,0.9138,2,0
SPY190809P293,2019-08-08,2019-08-08 09:31:36,3.82,0.9271,5,3.72,0.9029,5,3.7,0.898,2,3.77,0.915,2,0
SPY190809P293,2019-08-08,2019-08-08 09:31:36,3.82,0.9271,5,3.71,0.9004,125,3.7,0.898,2,3.765,0.9138,2,0
SPY190809P293,2019-08-08,2019-08-08 09:31:37,3.82,0.9271,5,3.72,0.9029,5,3.7,0.898,2,3.77,0.915,2,0
SPY190809P293,2019-08-08,2019-08-08 09:31:37,3.82,0.9271,5,3.71,0.9004,67,3.7,0.898,2,3.765,0.9138,2,0
SPY190809P293,2019-08-08,2019-08-08 09:31:38,3.82,0.9271,5,3.71,0.9004,120,3.7,0.898,2,3.765,0.9138,2,0
SPY190809P293,2019-08-08,2019-08-08 09:31:38,3.81,0.9247,100,3.7,0.898,65,3.7,0.898,2,3.755,0.9114,2,0
SPY190809P293,2019-08-08,2019-08-08 09:31:39,3.81,0.9247,100,3.69,0.8956,5,3.7,0.898,2,3.75,0.9101,2,0
SPY190809P293,2019-08-08,2019-08-08 09:31:39,3.81,0.9247,120,3.69,0.8956,5,3.7,0.898,2,3.75,0.9101,2,0
SPY190809P293,2019-08-08,2019-08-08 09:31:40,3.9,0.9466,21,3.7,0.898,3,3.7,0.898,2,3.8,0.9223,2,0
SPY190809P293,2019-08-08,2019-08-08 09:31:40,3.81,0.9247,120,3.7,0.898,5,3.7,0.898,2,3.755,0.9114,2,0
SPY190809P293,2019-08-08,2019-08-08 09:31:41,3.81,0.9247,100,3.7,0.898,100,3.7,0.898,2,3.755,0.9114,2,0
SPY190809P293,2019-08-08,2019-08-08 09:31:41,3.83,0.9296,100,3.71,0.9004,5,3.7,0.898,2,3.77,0.915,2,0
SPY190809P293,2019-08-08,2019-08-08 09:31:42,3.83,0.9296,100,3.72,0.9029,5,3.7,0.898,2,3.775,0.9162,2,0
SPY190809P293,2019-08-08,2019-08-08 09:31:42,3.83,0.9296,100,3.71,0.9004,5,3.7,0.898,2,3.77,0.915,2,0
SPY190809P293,2019-08-08,2019-08-08 09:31:43,3.83,0.9296,120,3.72,0.9029,103,3.7,0.898,2,3.775,0.9162,2,0
SPY190809P293,2019-08-08,2019-08-08 09:31:43,3.83,0.9296,120,3.72,0.9029,5,3.7,0.898,2,3.775,0.9162,2,0
SPY190809P293,2019-08-08,2019-08-08 09:31:44,3.84,0.932,100,3.65,0.8859,150,3.7,0.898,2,3.745,0.9089,2,0
SPY190809P293,2019-08-08,2019-08-08 09:31:45,3.84,0.932,100,3.69,0.8956,5,3.7,0.898,2,3.765,0.9138,2,0
SPY190809P293,2019-08-08,2019-08-08 09:31:45,3.85,0.9344,10,3.69,0.8956,3,3.7,0.898,2,3.77,0.915,2,0
SPY190809P293,2019-08-08,2019-08-08 09:31:46,3.77,0.915,130,3.63,0.881,100,3.7,0.898,2,3.7,0.898,2,0
SPY190809P293,2019-08-08,2019-08-08 09:31:46,3.78,0.9174,100,3.63,0.881,100,3.7,0.898,2,3.705,0.8992,2,0
SPY190809P293,2019-08-08,2019-08-08 09:31:47,3.81,0.9247,100,3.67,0.8907,100,3.7,0.898,2,3.74,0.9077,2,0
SPY190809P293,2019-08-08,2019-08-08 09:31:47,3.77,0.915,100,3.66,0.8883,5,3.7,0.898,2,3.715,0.9016,2,0
SPY190809P293,2019-08-08,2019-08-08 09:31:48,3.77,0.915,34,3.67,0.8907,120,3.7,0.898,2,3.72,0.9029,2,0
SPY190809P293,2019-08-08,2019-08-08 09:31:48,3.83,0.9296,100,3.69,0.8956,100,3.7,0.898,2,3.76,0.9126,2,0
SPY190809P293,2019-08-08,2019-08-08 09:31:49,3.83,0.9296,100,3.69,0.8956,100,3.7,0.898,2,3.76,0.9126,2,0
SPY190809P293,2019-08-08,2019-08-08 09:31:49,3.82,0.9271,118,3.69,0.8956,120,3.7,0.898,2,3.755,0.9114,2,0
SPY190809P293,2019-08-08,2019-08-08 09:31:50,3.81,0.9247,118,3.69,0.8956,120,3.7,0.898,2,3.75,0.9101,2,0
SPY190809P293,2019-08-08,2019-08-08 09:31:50,3.82,0.9271,100,3.69,0.8956,5,3.7,0.898,2,3.755,0.9114,2,0
SPY190809P293,2019-08-08,2019-08-08 09:31:51,3.79,0.9199,118,3.69,0.8956,56,3.7,0.898,2,3.74,0.9077,2,0
SPY190809P293,2019-08-08,2019-08-08 09:31:51,3.79,0.9199,100,3.65,0.8859,100,3.7,0.898,2,3.72,0.9029,2,0
SPY190809P293,2019-08-08,2019-08-08 09:31:52,3.78,0.9174,5,3.69,0.8956,56,3.7,0.898,2,3.735,0.9065,2,0
SPY190809P293,2019-08-08,2019-08-08 09:31:52,3.78,0.9174,100,3.69,0.8956,56,3.7,0.898,2,3.735,0.9065,2,0
SPY190809P293,2019-08-08,2019-08-08 09:31:53,3.8,0.9223,10,3.6,0.8737,5,3.7,0.898,2,3.7,0.898,2,0
SPY190809P293,2019-08-08,2019-08-08 09:31:53,3.77,0.915,100,3.63,0.881,100,3.7,0.898,2,3.7,0.898,2,0
SPY190809P293,2019-08-08,2019-08-08 09:31:54,3.78,0.9174,4,3.64,0.8834,100,3.7,0.898,2,3.71,0.9004,2,0
SPY190809P293,2019-08-08,2019-08-08 09:31:54,3.76,0.9126,18,3.61,0.8762,20,3.7,0.898,2,3.685,0.8944,2,0
SPY190809P293,2019-08-08,2019-08-08 09:31:55,3.8,0.9223,128,3.64,0.8834,130,3.7,0.898,2,3.72,0.9029,2,0
SPY190809P293,2019-08-08,2019-08-08 09:31:55,3.78,0.9174,4,3.65,0.8859,100,3.7,0.898,2,3.715,0.9016,2,0
SPY190809P293,2019-08-08,2019-08-08 09:31:56,3.77,0.915,5,3.66,0.8883,5,3.7,0.898,2,3.715,0.9016,2,0
SPY190809P293,2019-08-08,2019-08-08 09:31:56,3.79,0.9199,5,3.64,0.8834,130,3.7,0.898,2,3.715,0.9016,2,0
SPY190809P293,2019-08-08,2019-08-08 09:31:57,3.76,0.9126,5,3.67,0.8907,5,3.7,0.898,2,3.715,0.9016,2,0
SPY190809P293,2019-08-08,2019-08-08 09:31:57,3.77,0.915,5,3.66,0.8883,5,3.7,0.898,2,3.715,0.9016,2,0
SPY190809P293,2019-08-08,2019-08-08 09:31:58,3.79,0.9199,100,3.64,0.8834,100,3.7,0.898,2,3.715,0.9016,2,0
SPY190809P293,2019-08-08,2019-08-08 09:31:58,3.77,0.915,4,3.63,0.881,100,3.7,0.898,2,3.7,0.898,2,0
SPY190809P293,2019-08-08,2019-08-08 09:31:59,3.78,0.9174,4,3.64,0.8834,100,3.7,0.898,2,3.71,0.9004,2,0
SPY190809P293,2019-08-08,2019-08-08 09:31:59,3.76,0.9126,5,3.65,0.8859,5,3.7,0.898,2,3.705,0.8992,2,0
SPY190809P293,2019-08-08,2019-08-08 09:32:00,3.76,0.9126,5,3.65,0.8859,5,3.7,0.898,2,3.705,0.8992,2,0
SPY190809P293,2019-08-08,2019-08-08 09:32:00,3.76,0.9126,100,3.65,0.8859,5,3.7,0.898,2,3.705,0.8992,2,0
SPY190809P293,2019-08-08,2019-08-08 09:32:01,3.75,0.9101,5,3.66,0.8883,5,3.7,0.898,2,3.705,0.8992,2,0
SPY190809P293,2019-08-08,2019-08-08 09:32:01,3.76,0.9126,4,3.67,0.8907,5,3.7,0.898,2,3.715,0.9016,2,0
SPY190809P293,2019-08-08,2019-08-08 09:32:02,3.79,0.9199,5,3.68,0.8932,5,3.7,0.898,2,3.735,0.9065,2,0
SPY190809P293,2019-08-08,2019-08-08 09:32:02,3.76,0.9126,113,3.68,0.8932,5,3.7,0.898,2,3.72,0.9029,2,0
SPY190809P293,2019-08-08,2019-08-08 09:32:03,3.76,0.9126,33,3.68,0.8932,5,3.7,0.898,2,3.72,0.9029,2,0
SPY190809P293,2019-08-08,2019-08-08 09:32:03,3.79,0.9199,5,3.65,0.8859,120,3.7,0.898,2,3.72,0.9029,2,0
SPY190809P293,2019-08-08,2019-08-08 09:32:04,3.79,0.9199,5,3.61,0.8762,125,3.7,0.898,2,3.7,0.898,2,0
SPY190809P293,2019-08-08,2019-08-08 09:32:04,3.82,0.9271,100,3.67,0.8907,100,3.7,0.898,2,3.745,0.9089,2,0
SPY190809P293,2019-08-08,2019-08-08 09:32:05,3.8,0.9223,113,3.57,0.8665,17,3.7,0.898,2,3.685,0.8944,2,0
SPY190809P293,2019-08-08,2019-08-08 09:32:06,3.88,0.9417,5,3.56,0.864,20,3.7,0.898,2,3.72,0.9029,2,0
SPY190809P293,2019-08-08,2019-08-08 09:32:06,3.78,0.9174,5,3.69,0.8956,5,3.7,0.898,2,3.735,0.9065,2,0
SPY190809P293,2019-08-08,2019-08-08 09:32:07,3.8,0.9223,100,3.65,0.8859,100,3.7,0.898,2,3.725,0.9041,2,0
SPY190809P293,2019-08-08,2019-08-08 09:32:07,3.76,0.9126,5,3.68,0.8932,5,3.7,0.898,2,3.72,0.9029,2,0
SPY190809P293,2019-08-08,2019-08-08 09:32:08,3.77,0.915,100,3.63,0.881,100,3.7,0.898,2,3.7,0.898,2,0
SPY190809P293,2019-08-08,2019-08-08 09:32:08,3.78,0.9174,113,3.63,0.881,120,3.7,0.898,2,3.705,0.8992,2,0
SPY190809P293,2019-08-08,2019-08-08 09:32:09,3.78,0.9174,100,3.63,0.881,100,3.7,0.898,2,3.705,0.8992,2,0
SPY190809P293,2019-08-08,2019-08-08 09:32:09,3.78,0.9174,100,3.64,0.8834,5,3.7,0.898,2,3.71,0.9004,2,0
SPY190809P293,2019-08-08,2019-08-08 09:32:10,3.78,0.9174,100,3.62,0.8786,100,3.7,0.898,2,3.7,0.898,2,0
SPY190809P293,2019-08-08,2019-08-08 09:32:10,3.78,0.9174,100,3.64,0.8834,5,3.7,0.898,2,3.71,0.9004,2,0
SPY190809P293,2019-08-08,2019-08-08 09:32:11,3.77,0.915,100,3.64,0.8834,5,3.7,0.898,2,3.705,0.8992,2,0
SPY190809P293,2019-08-08,2019-08-08 09:32:11,3.77,0.915,100,3.58,0.8689,125,3.7,0.898,2,3.675,0.8919,2,0
SPY190809P293,2019-08-08,2019-08-08 09:32:12,3.77,0.915,100,3.58,0.8689,161,3.7,0.898,2,3.675,0.8919,2,0
SPY190809P293,2019-08-08,2019-08-08 09:32:12,3.76,0.9126,100,3.58,0.8689,125,3.7,0.898,2,3.67,0.8907,2,0
SPY190809P293,2019-08-08,2019-08-08 09:32:13,3.75,0.9101,5,3.58,0.8689,162,3.7,0.898,2,3.665,0.8895,2,0
SPY190809P293,2019-08-08,2019-08-08 09:32:14,3.85,0.9344,21,3.56,0.864,160,3.7,0.898,2,3.705,0.8992,2,0
SPY190809P293,2019-08-08,2019-08-08 09:32:14,3.74,0.9077,5,3.58,0.8689,162,3.7,0.898,2,3.66,0.8883,2,0
SPY190809P293,2019-08-08,2019-08-08 09:32:15,3.74,0.9077,100,3.56,0.864,135,3.7,0.898,2,3.65,0.8859,2,0
SPY190809P293,2019-08-08,2019-08-08 09:32:15,3.73,0.9053,100,3.56,0.864,10,3.7,0.898,2,3.645,0.8847,2,0
SPY190809P293,2019-08-08,2019-08-08 09:32:16,3.73,0.9053,100,3.55,0.8616,10,3.7,0.898,2,3.64,0.8834,2,0
SPY190809P293,2019-08-08,2019-08-08 09:32:16,3.74,0.9077,100,3.55,0.8616,10,3.7,0.898,2,3.645,0.8847,2,0
SPY190809P293,2019-08-08,2019-08-08 09:32:17,3.74,0.9077,120,3.56,0.864,10,3.7,0.898,2,3.65,0.8859,2,0
SPY190809P293,2019-08-08,2019-08-08 09:32:17,3.83,0.9296,6,3.54,0.8592,125,3.7,0.898,2,3.685,0.8944,2,0
SPY190809P293,2019-08-08,2019-08-08 09:32:18,3.75,0.9101,5,3.57,0.8665,125,3.7,0.898,2,3.66,0.8883,2,0
SPY190809P293,2019-08-08,2019-08-08 09:32:18,3.78,0.9174,284,3.57,0.8665,125,3.7,0.898,2,3.675,0.8919,2,0
SPY190809P293,2019-08-08,2019-08-08 09:32:19,3.82,0.9271,10,3.6,0.8737,125,3.7,0.898,2,3.71,0.9004,2,0
SPY190809P293,2019-08-08,2019-08-08 09:32:19,3.78,0.9174,100,3.6,0.8737,162,3.7,0.898,2,3.69,0.8956,2,0
SPY190809P293,2019-08-08,2019-08-08 09:32:20,3.8,0.9223,125,3.6,0.8737,142,3.7,0.898,2,3.7,0.898,2,0
SPY190809P293,2019-08-08,2019-08-08 09:32:20,3.77,0.915,5,3.6,0.8737,125,3.7,0.898,2,3.685,0.8944,2,0
SPY190809P293,2019-08-08,2019-08-08 09:32:21,3.79,0.9199,5,3.63,0.881,10,3.7,0.898,2,3.71,0.9004,2,0
SPY190809P293,2019-08-08,2019-08-08 09:32:21,3.78,0.9174,5,3.63,0.881,10,3.7,0.898,2,3.705,0.8992,2,0
SPY190809P293,2019-08-08,2019-08-08 09:32:22,3.78,0.9174,5,3.63,0.881,10,3.7,0.898,2,3.705,0.8992,2,0
SPY190809P293,2019-08-08,2019-08-08 09:32:22,3.79,0.9199,100,3.59,0.8713,10,3.7,0.898,2,3.69,0.8956,2,0
SPY190809P293,2019-08-08,2019-08-08 09:32:23,3.78,0.9174,65,3.64,0.8834,125,3.7,0.898,2,3.71,0.9004,2,0
SPY190809P293,2019-08-08,2019-08-08 09:32:23,3.79,0.9199,100,3.59,0.8713,10,3.7,0.898,2,3.69,0.8956,2,0
SPY190809P293,2019-08-08,2019-08-08 09:32:24,3.83,0.9296,100,3.64,0.8834,10,3.7,0.898,2,3.735,0.9065,2,0
SPY190809P293,2019-08-08,2019-08-08 09:32:24,3.86,0.9368,125,3.65,0.8859,10,3.7,0.898,2,3.755,0.9114,2,0
SPY190809P293,2019-08-08,2019-08-08 09:32:25,3.86,0.9368,125,3.67,0.8907,125,3.7,0.898,2,3.765,0.9138,2,0
SPY190809P293,2019-08-08,2019-08-08 09:32:25,3.82,0.9271,120,3.65,0.8859,10,3.7,0.898,2,3.735,0.9065,2,0
SPY190809P293,2019-08-08,2019-08-08 09:32:26,3.81,0.9247,120,3.65,0.8859,10,3.7,0.898,2,3.73,0.9053,2,0
SPY190809P293,2019-08-08,2019-08-08 09:32:26,3.82,0.9271,100,3.65,0.8859,10,3.7,0.898,2,3.735,0.9065,2,0
SPY190809P293,2019-08-08,2019-08-08 09:32:27,3.88,0.9417,167,3.66,0.8883,161,3.7,0.898,2,3.77,0.915,2,0
SPY190809P293,2019-08-08,2019-08-08 09:32:27,3.84,0.932,110,3.66,0.8883,161,3.7,0.898,2,3.75,0.9101,2,0
SPY190809P293,2019-08-08,2019-08-08 09:32:28,3.83,0.9296,5,3.66,0.8883,20,3.7,0.898,2,3.745,0.9089,2,0
SPY190809P293,2019-08-08,2019-08-08 09:32:28,3.83,0.9296,5,3.66,0.8883,161,3.7,0.898,2,3.745,0.9089,2,0
SPY190809P293,2019-08-08,2019-08-08 09:32:29,3.85,0.9344,5,3.68,0.8932,158,3.7,0.898,2,3.765,0.9138,2,0
SPY190809P293,2019-08-08,2019-08-08 09:32:29,3.85,0.9344,5,3.67,0.8907,125,3.7,0.898,2,3.76,0.9126,2,0
SPY190809P293,2019-08-08,2019-08-08 09:32:30,3.84,0.932,146,3.67,0.8907,125,3.7,0.898,2,3.755,0.9114,2,0
SPY190809P293,2019-08-08,2019-08-08 09:32:31,3.84,0.932,146,3.67,0.8907,125,3.7,0.898,2,3.755,0.9114,2,0
SPY190809P293,2019-08-08,2019-08-08 09:32:31,3.83,0.9296,5,3.7,0.898,125,3.7,0.898,2,3.765,0.9138,2,0
SPY190809P293,2019-08-08,2019-08-08 09:32:32,3.87,0.9393,20,3.7,0.898,125,3.7,0.898,2,3.785,0.9186,2,0
SPY190809P293,2019-08-08,2019-08-08 09:32:32,3.88,0.9417,20,3.7,0.898,125,3.7,0.898,2,3.79,0.9199,2,0
SPY190809P293,2019-08-08,2019-08-08 09:32:33,3.92,0.9514,125,3.72,0.9029,10,3.7,0.898,2,3.82,0.9271,2,0
SPY190809P293,2019-08-08,2019-08-08 09:32:33,3.91,0.949,90,3.72,0.9029,10,3.7,0.898,2,3.815,0.9259,2,0
SPY190809P293,2019-08-08,2019-08-08 09:32:34,3.9,0.9466,5,3.73,0.9053,153,3.7,0.898,2,3.815,0.9259,2,0
SPY190809P293,2019-08-08,2019-08-08 09:32:34,3.91,0.949,126,3.72,0.9029,10,3.7,0.898,2,3.815,0.9259,2,0
SPY190809P293,2019-08-08,2019-08-08 09:32:35,3.95,0.9587,125,3.73,0.9053,125,3.7,0.898,2,3.84,0.932,2,0
SPY190809P293,2019-08-08,2019-08-08 09:32:35,3.91,0.949,100,3.73,0.9053,10,3.7,0.898,2,3.82,0.9271,2,0
SPY190809P293,2019-08-08,2019-08-08 09:32:36,3.87,0.9393,100,3.67,0.8907,10,3.7,0.898,2,3.77,0.915,2,0
SPY190809P293,2019-08-08,2019-08-08 09:32:36,3.89,0.9441,100,3.73,0.9053,10,3.7,0.898,2,3.81,0.9247,2,0
SPY190809P293,2019-08-08,2019-08-08 09:32:37,3.85,0.9344,100,3.65,0.8859,125,3.7,0.898,2,3.75,0.9101,2,0
SPY190809P293,2019-08-08,2019-08-08 09:32:37,3.91,0.949,41,3.65,0.8859,125,3.7,0.898,2,3.78,0.9174,2,0
SPY190809P293,2019-08-08,2019-08-08 09:32:38,3.84,0.932,102,3.63,0.881,10,3.7,0.898,2,3.735,0.9065,2,0
SPY190809P293,2019-08-08,2019-08-08 09:32:38,3.84,0.932,5,3.65,0.8859,125,3.7,0.898,2,3.745,0.9089,2,0
SPY190809P293,2019-08-08,2019-08-08 09:32:39,3.84,0.932,102,3.63,0.881,10,3.7,0.898,2,3.735,0.9065,2,0
SPY190809P293,2019-08-08,2019-08-08 09:32:39,3.83,0.9296,100,3.63,0.881,10,3.7,0.898,2,3.73,0.9053,2,0
SPY190809P293,2019-08-08,2019-08-08 09:32:40,3.82,0.9271,100,3.58,0.8689,125,3.7,0.898,2,3.7,0.898,2,0
SPY190809P293,2019-08-08,2019-08-08 09:32:40,3.78,0.9174,100,3.56,0.864,125,3.7,0.898,2,3.67,0.8907,2,0
SPY190809P293,2019-08-08,2019-08-08 09:32:41,3.78,0.9174,120,3.6,0.8737,120,3.7,0.898,2,3.69,0.8956,2,0
SPY190809P293,2019-08-08,2019-08-08 09:32:41,3.79,0.9199,100,3.56,0.864,125,3.7,0.898,2,3.675,0.8919,2,0
SPY190809P293,2019-08-08,2019-08-08 09:32:42,3.75,0.9101,100,3.61,0.8762,120,3.7,0.898,2,3.68,0.8932,2,0
SPY190809P293,2019-08-08,2019-08-08 09:32:42,3.76,0.9126,100,3.61,0.8762,100,3.7,0.898,2,3.685,0.8944,2,0
SPY190809P293,2019-08-08,2019-08-08 09:32:43,3.76,0.9126,120,3.61,0.8762,120,3.7,0.898,2,3.685,0.8944,2,0
SPY190809P293,2019-08-08,2019-08-08 09:32:43,3.72,0.9029,143,3.56,0.864,100,3.7,0.898,2,3.64,0.8834,2,0
SPY190809P293,2019-08-08,2019-08-08 09:32:44,3.74,0.9077,5,3.57,0.8665,100,3.7,0.898,2,3.655,0.8871,2,0
SPY190809P293,2019-08-08,2019-08-08 09:32:44,3.71,0.9004,8,3.58,0.8689,100,3.7,0.898,2,3.645,0.8847,2,0
SPY190809P293,2019-08-08,2019-08-08 09:32:45,3.72,0.9029,100,3.55,0.8616,100,3.7,0.898,2,3.635,0.8822,2,0
SPY190809P293,2019-08-08,2019-08-08 09:32:45,3.72,0.9029,120,3.61,0.8762,100,3.7,0.898,2,3.665,0.8895,2,0
SPY190809P293,2019-08-08,2019-08-08 09:32:46,3.79,0.9199,100,3.61,0.8762,5,3.7,0.898,2,3.7,0.898,2,0
SPY190809P293,2019-08-08,2019-08-08 09:32:46,3.75,0.9101,5,3.61,0.8762,5,3.7,0.898,2,3.68,0.8932,2,0
SPY190809P293,2019-08-08,2019-08-08 09:32:47,3.75,0.9101,94,3.61,0.8762,100,3.7,0.898,2,3.68,0.8932,2,0
SPY190809P293,2019-08-08,2019-08-08 09:32:47,3.78,0.9174,100,3.6,0.8737,130,3.7,0.898,2,3.69,0.8956,2,0
SPY190809P293,2019-08-08,2019-08-08 09:32:48,3.84,0.932,100,3.7,0.898,100,3.7,0.898,2,3.77,0.915,2,0
SPY190809P293,2019-08-08,2019-08-08 09:32:48,3.84,0.932,5,3.61,0.8762,5,3.7,0.898,2,3.725,0.9041,2,0
SPY190809P293,2019-08-08,2019-08-08 09:32:49,3.84,0.932,100,3.64,0.8834,100,3.7,0.898,2,3.74,0.9077,2,0
SPY190809P293,2019-08-08,2019-08-08 09:32:49,3.82,0.9271,100,3.67,0.8907,100,3.7,0.898,2,3.745,0.9089,2,0
SPY190809P293,2019-08-08,2019-08-08 09:32:50,3.83,0.9296,100,3.68,0.8932,100,3.7,0.898,2,3.755,0.9114,2,0
SPY190809P293,2019-08-08,2019-08-08 09:32:50,3.82,0.9271,5,3.62,0.8786,10,3.7,0.898,2,3.72,0.9029,2,0
SPY190809P293,2019-08-08,2019-08-08 09:32:51,3.82,0.9271,62,3.62,0.8786,5,3.7,0.898,2,3.72,0.9029,2,0
SPY190809P293,2019-08-08,2019-08-08 09:32:51,3.81,0.9247,5,3.66,0.8883,100,3.7,0.898,2,3.735,0.9065,2,0
SPY190809P293,2019-08-08,2019-08-08 09:32:52,3.81,0.9247,5,3.67,0.8907,100,3.7,0.898,2,3.74,0.9077,2,0
SPY190809P293,2019-08-08,2019-08-08 09:32:53,3.8,0.9223,139,3.67,0.8907,120,3.7,0.898,2,3.735,0.9065,2,0
SPY190809P293,2019-08-08,2019-08-08 09:32:54,3.78,0.9174,5,3.67,0.8907,65,3.7,0.898,2,3.725,0.9041,2,0
SPY190809P293,2019-08-08,2019-08-08 09:32:54,3.78,0.9174,100,3.67,0.8907,5,3.7,0.898,2,3.725,0.9041,2,0
SPY190809P293,2019-08-08,2019-08-08 09:32:55,3.76,0.9126,100,3.63,0.881,100,3.7,0.898,2,3.695,0.8968,2,0
SPY190809P293,2019-08-08,2019-08-08 09:32:55,3.78,0.9174,100,3.58,0.8689,60,3.7,0.898,2,3.68,0.8932,2,0
SPY190809P293,2019-08-08,2019-08-08 09:32:56,3.78,0.9174,100,3.64,0.8834,100,3.7,0.898,2,3.71,0.9004,2,0
SPY190809P293,2019-08-08,2019-08-08 09:32:56,3.76,0.9126,100,3.63,0.881,100,3.7,0.898,2,3.695,0.8968,2,0
SPY190809P293,2019-08-08,2019-08-08 09:32:57,3.8,0.9223,100,3.62,0.8786,100,3.7,0.898,2,3.71,0.9004,2,0
SPY190809P293,2019-08-08,2019-08-08 09:32:57,3.8,0.9223,139,3.59,0.8713,100,3.7,0.898,2,3.695,0.8968,2,0
SPY190809P293,2019-08-08,2019-08-08 09:32:58,3.74,0.9077,100,3.59,0.8713,100,3.7,0.898,2,3.665,0.8895,2,0
SPY190809P293,2019-08-08,2019-08-08 09:32:58,3.74,0.9077,20,3.59,0.8713,120,3.7,0.898,2,3.665,0.8895,2,0
SPY190809P293,2019-08-08,2019-08-08 09:32:59,3.72,0.9029,5,3.58,0.8689,100,3.7,0.898,2,3.65,0.8859,2,0
SPY190809P293,2019-08-08,2019-08-08 09:32:59,3.73,0.9053,139,3.59,0.8713,5,3.7,0.898,2,3.66,0.8883,2,0
SPY190809P293,2019-08-08,2019-08-08 09:33:00,3.72,0.9029,5,3.52,0.8543,5,3.7,0.898,2,3.62,0.8786,2,0
SPY190809P293,2019-08-08,2019-08-08 09:33:00,3.73,0.9053,100,3.55,0.8616,100,3.7,0.898,2,3.64,0.8834,2,0
SPY190809P293,2019-08-08,2019-08-08 09:33:01,3.73,0.9053,62,3.55,0.8616,20,3.7,0.898,2,3.64,0.8834,2,0
SPY190809P293,2019-08-08,2019-08-08 09:33:01,3.76,0.9126,5,3.54,0.8592,246,3.7,0.898,2,3.65,0.8859,2,0
SPY190809P293,2019-08-08,2019-08-08 09:33:02,3.73,0.9053,100,3.6,0.8737,100,3.7,0.898,2,3.665,0.8895,2,0
SPY190809P293,2019-08-08,2019-08-08 09:33:02,3.74,0.9077,5,3.62,0.8786,5,3.7,0.898,2,3.68,0.8932,2,0
SPY190809P293,2019-08-08,2019-08-08 09:33:03,3.73,0.9053,139,3.6,0.8737,5,3.7,0.898,2,3.665,0.8895,2,0
SPY190809P293,2019-08-08,2019-08-08 09:33:03,3.71,0.9004,100,3.55,0.8616,100,3.7,0.898,2,3.63,0.881,2,0
SPY190809P293,2019-08-08,2019-08-08 09:33:04,3.71,0.9004,120,3.56,0.864,100,3.7,0.898,2,3.635,0.8822,2,0
SPY190809P293,2019-08-08,2019-08-08 09:33:04,3.7,0.898,5,3.56,0.864,120,3.7,0.898,2,3.63,0.881,2,0
SPY190809P293,2019-08-08,2019-08-08 09:33:05,3.67,0.8907,100,3.53,0.8567,100,3.7,0.898,2,3.6,0.8737,2,0
SPY190809P293,2019-08-08,2019-08-08 09:33:05,3.7,0.898,5,3.57,0.8665,100,3.7,0.898,2,3.635,0.8822,2,0
SPY190809P293,2019-08-08,2019-08-08 09:33:06,3.67,0.8907,100,3.55,0.8616,5,3.7,0.898,2,3.61,0.8762,2,0
SPY190809P293,2019-08-08,2019-08-08 09:33:06,3.7,0.898,5,3.49,0.847,5,3.7,0.898,2,3.595,0.8725,2,0
SPY190809P293,2019-08-08,2019-08-08 09:33:07,3.67,0.8907,100,3.5,0.8495,100,3.7,0.898,2,3.585,0.8701,2,0
SPY190809P293,2019-08-08,2019-08-08 09:33:07,3.71,0.9004,100,3.51,0.8519,100,3.7,0.898,2,3.61,0.8762,2,0
SPY190809P293,2019-08-08,2019-08-08 09:33:08,3.65,0.8859,100,3.51,0.8519,100,3.7,0.898,2,3.58,0.8689,2,0
SPY190809P293,2019-08-08,2019-08-08 09:33:08,3.69,0.8956,120,3.48,0.8446,120,3.7,0.898,2,3.585,0.8701,2,0
SPY190809P293,2019-08-08,2019-08-08 09:33:09,3.64,0.8834,5,3.51,0.8519,100,3.7,0.898,2,3.575,0.8677,2,0
SPY190809P293,2019-08-08,2019-08-08 09:33:09,3.64,0.8834,120,3.51,0.8519,120,3.7,0.898,2,3.575,0.8677,2,0
SPY190809P293,2019-08-08,2019-08-08 09:33:10,3.68,0.8932,100,3.54,0.8592,100,3.7,0.898,2,3.61,0.8762,2,0
SPY190809P293,2019-08-08,2019-08-08 09:33:10,3.64,0.8834,1,3.51,0.8519,100,3.7,0.898,2,3.575,0.8677,2,0
SPY190809P293,2019-08-08,2019-08-08 09:33:11,3.67,0.8907,100,3.55,0.8616,100,3.7,0.898,2,3.61,0.8762,2,0
SPY190809P293,2019-08-08,2019-08-08 09:33:11,3.67,0.8907,100,3.55,0.8616,5,3.7,0.898,2,3.61,0.8762,2,0
SPY190809P293,2019-08-08,2019-08-08 09:33:12,3.65,0.8859,100,3.55,0.8616,100,3.7,0.898,2,3.6,0.8737,2,0
SPY190809P293,2019-08-08,2019-08-08 09:33:12,3.66,0.8883,101,3.56,0.864,65,3.7,0.898,2,3.61,0.8762,2,0
SPY190809P293,2019-08-08,2019-08-08 09:33:13,3.64,0.8834,5,3.51,0.8519,5,3.7,0.898,2,3.575,0.8677,2,0
SPY190809P293,2019-08-08,2019-08-08 09:33:14,3.64,0.8834,102,3.51,0.8519,100,3.7,0.898,2,3.575,0.8677,2,0
SPY190809P293,2019-08-08,2019-08-08 09:33:14,3.72,0.9029,5,3.43,0.8325,5,3.7,0.898,2,3.575,0.8677,2,0
SPY190809P293,2019-08-08,2019-08-08 09:33:15,3.63,0.881,120,3.49,0.847,120,3.7,0.898,2,3.56,0.864,2,0
SPY190809P293,2019-08-08,2019-08-08 09:33:16,3.63,0.881,120,3.49,0.847,120,3.7,0.898,2,3.56,0.864,2,0
SPY190809P293,2019-08-08,2019-08-08 09:33:16,3.62,0.8786,103,3.45,0.8373,100,3.7,0.898,2,3.535,0.858,2,0
SPY190809P293,2019-08-08,2019-08-08 09:33:17,3.61,0.8762,100,3.45,0.8373,120,3.7,0.898,2,3.53,0.8567,2,0
SPY190809P293,2019-08-08,2019-08-08 09:33:17,3.62,0.8786,120,3.45,0.8373,120,3.7,0.898,2,3.535,0.858,2,0
SPY190809P293,2019-08-08,2019-08-08 09:33:18,3.61,0.8762,100,3.5,0.8495,5,3.7,0.898,2,3.555,0.8628,2,0
SPY190809P293,2019-08-08,2019-08-08 09:33:18,3.61,0.8762,100,3.49,0.847,120,3.7,0.898,2,3.55,0.8616,2,0
SPY190809P293,2019-08-08,2019-08-08 09:33:19,3.6,0.8737,5,3.5,0.8495,5,3.7,0.898,2,3.55,0.8616,2,0
SPY190809P293,2019-08-08,2019-08-08 09:33:19,3.6,0.8737,100,3.45,0.8373,100,3.7,0.898,2,3.525,0.8555,2,0
SPY190809P293,2019-08-08,2019-08-08 09:33:20,3.59,0.8713,5,3.45,0.8373,20,3.7,0.898,2,3.52,0.8543,2,0
SPY190809P293,2019-08-08,2019-08-08 09:33:20,3.6,0.8737,120,3.48,0.8446,100,3.7,0.898,2,3.54,0.8592,2,0
SPY190809P293,2019-08-08,2019-08-08 09:33:21,3.64,0.8834,120,3.49,0.847,120,3.7,0.898,2,3.565,0.8652,2,0
SPY190809P293,2019-08-08,2019-08-08 09:33:21,3.71,0.9004,5,3.49,0.847,100,3.7,0.898,2,3.6,0.8737,2,0
SPY190809P293,2019-08-08,2019-08-08 09:33:22,3.69,0.8956,100,3.49,0.847,100,3.7,0.898,2,3.59,0.8713,2,0
SPY190809P293,2019-08-08,2019-08-08 09:33:22,3.67,0.8907,100,3.45,0.8373,100,3.7,0.898,2,3.56,0.864,2,0
SPY190809P293,2019-08-08,2019-08-08 09:33:23,3.62,0.8786,5,3.48,0.8446,120,3.7,0.898,2,3.55,0.8616,2,0
SPY190809P293,2019-08-08,2019-08-08 09:33:24,3.62,0.8786,5,3.48,0.8446,120,3.7,0.898,2,3.55,0.8616,2,0
SPY190809P293,2019-08-08,2019-08-08 09:33:24,3.62,0.8786,112,3.48,0.8446,120,3.7,0.898,2,3.55,0.8616,2,0
SPY190809P293,2019-08-08,2019-08-08 09:33:25,3.6,0.8737,5,3.48,0.8446,120,3.7,0.898,2,3.54,0.8592,2,0
SPY190809P293,2019-08-08,2019-08-08 09:33:25,3.62,0.8786,112,3.48,0.8446,120,3.7,0.898,2,3.55,0.8616,2,0
SPY190809P293,2019-08-08,2019-08-08 09:33:26,3.6,0.8737,100,3.48,0.8446,100,3.7,0.898,2,3.54,0.8592,2,0
SPY190809P293,2019-08-08,2019-08-08 09:33:26,3.6,0.8737,120,3.44,0.8349,120,3.7,0.898,2,3.52,0.8543,2,0
SPY190809P293,2019-08-08,2019-08-08 09:33:27,3.59,0.8713,103,3.47,0.8422,120,3.7,0.898,2,3.53,0.8567,2,0
SPY190809P293,2019-08-08,2019-08-08 09:33:28,3.58,0.8689,5,3.47,0.8422,120,3.7,0.898,2,3.525,0.8555,2,0
SPY190809P293,2019-08-08,2019-08-08 09:33:28,3.59,0.8713,120,3.47,0.8422,120,3.7,0.898,2,3.53,0.8567,2,0
SPY190809P293,2019-08-08,2019-08-08 09:33:29,3.58,0.8689,6,3.47,0.8422,120,3.7,0.898,2,3.525,0.8555,2,0
SPY190809P293,2019-08-08,2019-08-08 09:33:29,3.64,0.8834,100,3.5,0.8495,100,3.7,0.898,2,3.57,0.8665,2,0
SPY190809P293,2019-08-08,2019-08-08 09:33:30,3.65,0.8859,100,3.46,0.8398,120,3.7,0.898,2,3.555,0.8628,2,0
SPY190809P293,2019-08-08,2019-08-08 09:33:30,3.64,0.8834,100,3.5,0.8495,100,3.7,0.898,2,3.57,0.8665,2,0
SPY190809P293,2019-08-08,2019-08-08 09:33:31,3.65,0.8859,123,3.46,0.8398,120,3.7,0.898,2,3.555,0.8628,2,0
SPY190809P293,2019-08-08,2019-08-08 09:33:31,3.64,0.8834,5,3.5,0.8495,100,3.7,0.898,2,3.57,0.8665,2,0
SPY190809P293,2019-08-08,2019-08-08 09:33:32,3.64,0.8834,101,3.52,0.8543,100,3.7,0.898,2,3.58,0.8689,2,0
SPY190809P293,2019-08-08,2019-08-08 09:33:32,3.64,0.8834,101,3.51,0.8519,100,3.7,0.898,2,3.575,0.8677,2,0
SPY190809P293,2019-08-08,2019-08-08 09:33:33,3.63,0.881,120,3.52,0.8543,120,3.7,0.898,2,3.575,0.8677,2,0
SPY190809P293,2019-08-08,2019-08-08 09:33:33,3.64,0.8834,120,3.52,0.8543,120,3.7,0.898,2,3.58,0.8689,2,0
SPY190809P293,2019-08-08,2019-08-08 09:33:34,3.62,0.8786,3,3.42,0.83,10,3.7,0.898,2,3.52,0.8543,2,0
SPY190809P293,2019-08-08,2019-08-08 09:33:34,3.62,0.8786,99,3.52,0.8543,100,3.7,0.898,2,3.57,0.8665,2,0
SPY190809P293,2019-08-08,2019-08-08 09:33:35,3.62,0.8786,53,3.42,0.83,10,3.7,0.898,2,3.52,0.8543,2,0
SPY190809P293,2019-08-08,2019-08-08 09:33:35,3.68,0.8932,120,3.45,0.8373,100,3.7,0.898,2,3.565,0.8652,2,0
SPY190809P293,2019-08-08,2019-08-08 09:33:36,3.62,0.8786,100,3.48,0.8446,100,3.7,0.898,2,3.55,0.8616,2,0
SPY190809P293,2019-08-08,2019-08-08 09:33:36,3.67,0.8907,5,3.48,0.8446,120,3.7,0.898,2,3.575,0.8677,2,0
SPY190809P293,2019-08-08,2019-08-08 09:33:37,3.67,0.8907,5,3.42,0.83,5,3.7,0.898,2,3.545,0.8604,2,0
SPY190809P293,2019-08-08,2019-08-08 09:33:37,3.63,0.881,120,3.49,0.847,120,3.7,0.898,2,3.56,0.864,2,0
SPY190809P293,2019-08-08,2019-08-08 09:33:38,3.67,0.8907,100,3.53,0.8567,100,3.7,0.898,2,3.6,0.8737,2,0
SPY190809P293,2019-08-08,2019-08-08 09:33:38,3.62,0.8786,103,3.49,0.847,120,3.7,0.898,2,3.555,0.8628,2,0
SPY190809P293,2019-08-08,2019-08-08 09:33:39,3.74,0.9077,11,3.52,0.8543,100,3.7,0.898,2,3.63,0.881,2,0
SPY190809P293,2019-08-08,2019-08-08 09:33:40,3.65,0.8859,100,3.47,0.8422,100,3.7,0.898,2,3.56,0.864,2,0
SPY190809P293,2019-08-08,2019-08-08 09:33:41,3.66,0.8883,100,3.51,0.8519,100,3.7,0.898,2,3.585,0.8701,2,0
SPY190809P293,2019-08-08,2019-08-08 09:33:41,3.66,0.8883,120,3.47,0.8422,120,3.7,0.898,2,3.565,0.8652,2,0
SPY190809P293,2019-08-08,2019-08-08 09:33:42,3.65,0.8859,8,3.47,0.8422,5,3.7,0.898,2,3.56,0.864,2,0
SPY190809P293,2019-08-08,2019-08-08 09:33:42,3.65,0.8859,8,3.51,0.8519,100,3.7,0.898,2,3.58,0.8689,2,0
SPY190809P293,2019-08-08,2019-08-08 09:33:43,3.64,0.8834,118,3.49,0.847,100,3.7,0.898,2,3.565,0.8652,2,0
SPY190809P293,2019-08-08,2019-08-08 09:33:43,3.63,0.881,5,3.49,0.847,120,3.7,0.898,2,3.56,0.864,2,0
SPY190809P293,2019-08-08,2019-08-08 09:33:44,3.63,0.881,102,3.49,0.847,120,3.7,0.898,2,3.56,0.864,2,0
SPY190809P293,2019-08-08,2019-08-08 09:33:44,3.62,0.8786,5,3.46,0.8398,100,3.7,0.898,2,3.54,0.8592,2,0
SPY190809P293,2019-08-08,2019-08-08 09:33:45,3.62,0.8786,5,3.46,0.8398,100,3.7,0.898,2,3.54,0.8592,2,0
SPY190809P293,2019-08-08,2019-08-08 09:33:45,3.62,0.8786,100,3.47,0.8422,100,3.7,0.898,2,3.545,0.8604,2,0
SPY190809P293,2019-08-08,2019-08-08 09:33:46,3.62,0.8786,53,3.47,0.8422,100,3.7,0.898,2,3.545,0.8604,2,0
SPY190809P293,2019-08-08,2019-08-08 09:33:46,3.62,0.8786,100,3.41,0.8276,5,3.7,0.898,2,3.515,0.8531,2,0
SPY190809P293,2019-08-08,2019-08-08 09:33:47,3.6,0.8737,102,3.43,0.8325,120,3.7,0.898,2,3.515,0.8531,2,0
SPY190809P293,2019-08-08,2019-08-08 09:33:47,3.61,0.8762,5,3.43,0.8325,100,3.7,0.898,2,3.52,0.8543,2,0
SPY190809P293,2019-08-08,2019-08-08 09:33:48,3.6,0.8737,102,3.43,0.8325,100,3.7,0.898,2,3.515,0.8531,2,0
SPY190809P293,2019-08-08,2019-08-08 09:33:49,3.63,0.881,106,3.49,0.847,100,3.7,0.898,2,3.56,0.864,2,0
SPY190809P293,2019-08-08,2019-08-08 09:33:49,3.59,0.8713,5,3.47,0.8422,100,3.7,0.898,2,3.53,0.8567,2,0
SPY190809P293,2019-08-08,2019-08-08 09:33:50,3.62,0.8786,5,3.47,0.8422,120,3.7,0.898,2,3.545,0.8604,2,0
SPY190809P293,2019-08-08,2019-08-08 09:33:50,3.63,0.881,106,3.49,0.847,100,3.7,0.898,2,3.56,0.864,2,0
SPY190809P293,2019-08-08,2019-08-08 09:33:51,3.66,0.8883,100,3.47,0.8422,120,3.7,0.898,2,3.565,0.8652,2,0
SPY190809P293,2019-08-08,2019-08-08 09:33:51,3.62,0.8786,5,3.47,0.8422,120,3.7,0.898,2,3.545,0.8604,2,0
SPY190809P293,2019-08-08,2019-08-08 09:33:52,3.66,0.8883,4,3.47,0.8422,100,3.7,0.898,2,3.565,0.8652,2,0
SPY190809P293,2019-08-08,2019-08-08 09:33:52,3.63,0.881,100,3.49,0.847,100,3.7,0.898,2,3.56,0.864,2,0
SPY190809P293,2019-08-08,2019-08-08 09:33:53,3.63,0.881,120,3.44,0.8349,120,3.7,0.898,2,3.535,0.858,2,0
SPY190809P293,2019-08-08,2019-08-08 09:33:53,3.62,0.8786,100,3.47,0.8422,100,3.7,0.898,2,3.545,0.8604,2,0
SPY190809P293,2019-08-08,2019-08-08 09:33:54,3.6,0.8737,130,3.48,0.8446,100,3.7,0.898,2,3.54,0.8592,2,0
SPY190809P293,2019-08-08,2019-08-08 09:33:54,3.61,0.8762,100,3.48,0.8446,5,3.7,0.898,2,3.545,0.8604,2,0
SPY190809P293,2019-08-08,2019-08-08 09:33:55,3.59,0.8713,5,3.48,0.8446,100,3.7,0.898,2,3.535,0.858,2,0
SPY190809P293,2019-08-08,2019-08-08 09:33:56,3.59,0.8713,100,3.48,0.8446,100,3.7,0.898,2,3.535,0.858,2,0
SPY190809P293,2019-08-08,2019-08-08 09:33:56,3.64,0.8834,100,3.48,0.8446,100,3.7,0.898,2,3.56,0.864,2,0
SPY190809P293,2019-08-08,2019-08-08 09:33:57,3.6,0.8737,100,3.45,0.8373,100,3.7,0.898,2,3.525,0.8555,2,0
SPY190809P293,2019-08-08,2019-08-08 09:33:57,3.61,0.8762,100,3.47,0.8422,100,3.7,0.898,2,3.54,0.8592,2,0
SPY190809P293,2019-08-08,2019-08-08 09:33:58,3.6,0.8737,120,3.46,0.8398,120,3.7,0.898,2,3.53,0.8567,2,0
SPY190809P293,2019-08-08,2019-08-08 09:33:59,3.66,0.8883,5,3.39,0.8228,5,3.7,0.898,2,3.525,0.8555,2,0
SPY190809P293,2019-08-08,2019-08-08 09:33:59,3.6,0.8737,100,3.47,0.8422,100,3.7,0.898,2,3.535,0.858,2,0
SPY190809P293,2019-08-08,2019-08-08 09:34:00,3.63,0.881,100,3.42,0.83,100,3.7,0.898,2,3.525,0.8555,2,0
SPY190809P293,2019-08-08,2019-08-08 09:34:00,3.59,0.8713,5,3.42,0.83,100,3.7,0.898,2,3.505,0.8507,2,0
SPY190809P293,2019-08-08,2019-08-08 09:34:01,3.67,0.8907,5,3.48,0.8446,130,3.7,0.898,2,3.575,0.8677,2,0
SPY190809P293,2019-08-08,2019-08-08 09:34:01,3.63,0.881,100,3.49,0.847,100,3.7,0.898,2,3.56,0.864,2,0
SPY190809P293,2019-08-08,2019-08-08 09:34:02,3.64,0.8834,100,3.49,0.847,5,3.7,0.898,2,3.565,0.8652,2,0
SPY190809P293,2019-08-08,2019-08-08 09:34:02,3.61,0.8762,100,3.49,0.847,5,3.7,0.898,2,3.55,0.8616,2,0
SPY190809P293,2019-08-08,2019-08-08 09:34:03,3.61,0.8762,100,3.49,0.847,100,3.7,0.898,2,3.55,0.8616,2,0
SPY190809P293,2019-08-08,2019-08-08 09:34:03,3.62,0.8786,100,3.44,0.8349,130,3.7,0.898,2,3.53,0.8567,2,0
SPY190809P293,2019-08-08,2019-08-08 09:34:04,3.66,0.8883,100,3.49,0.847,100,3.56,0.864,1,3.575,0.8677,3,0
SPY190809P293,2019-08-08,2019-08-08 09:34:04,3.63,0.881,100,3.49,0.847,100,3.56,0.864,1,3.56,0.864,3,1
SPY190809P293,2019-08-08,2019-08-08 09:34:05,3.69,0.8956,5,3.49,0.847,5,3.56,0.864,1,3.59,0.8713,3,0
SPY190809P293,2019-08-08,2019-08-08 09:34:05,3.65,0.8859,100,3.51,0.8519,100,3.56,0.864,1,3.58,0.8689,3,0
SPY190809P293,2019-08-08,2019-08-08 09:34:06,3.66,0.8883,100,3.47,0.8422,130,3.56,0.864,4,3.565,0.8652,7,0
SPY190809P293,2019-08-08,2019-08-08 09:34:06,3.66,0.8883,100,3.52,0.8543,100,3.56,0.864,4,3.59,0.8713,7,4
SPY190809P293,2019-08-08,2019-08-08 09:34:07,3.68,0.8932,100,3.51,0.8519,100,3.56,0.864,4,3.595,0.8725,7,0
SPY190809P293,2019-08-08,2019-08-08 09:34:07,3.68,0.8932,100,3.51,0.8519,120,3.56,0.864,4,3.595,0.8725,7,0
SPY190809P293,2019-08-08,2019-08-08 09:34:08,3.68,0.8932,100,3.51,0.8519,100,3.56,0.864,4,3.595,0.8725,7,0
SPY190809P293,2019-08-08,2019-08-08 09:34:08,3.72,0.9029,100,3.52,0.8543,5,3.56,0.864,4,3.62,0.8786,7,0
SPY190809P293,2019-08-08,2019-08-08 09:34:09,3.62,0.8786,100,3.48,0.8446,120,3.56,0.864,4,3.55,0.8616,7,0
SPY190809P293,2019-08-08,2019-08-08 09:34:09,3.69,0.8956,135,3.48,0.8446,100,3.56,0.864,4,3.585,0.8701,7,0
SPY190809P293,2019-08-08,2019-08-08 09:34:10,3.65,0.8859,110,3.49,0.847,5,3.56,0.864,4,3.57,0.8665,7,0
SPY190809P293,2019-08-08,2019-08-08 09:34:10,3.6,0.8737,100,3.46,0.8398,130,3.56,0.864,4,3.53,0.8567,7,0
SPY190809P293,2019-08-08,2019-08-08 09:34:11,3.65,0.8859,100,3.47,0.8422,130,3.56,0.864,4,3.56,0.864,7,0
SPY190809P293,2019-08-08,2019-08-08 09:34:11,3.61,0.8762,100,3.47,0.8422,100,3.56,0.864,4,3.54,0.8592,7,0
SPY190809P293,2019-08-08,2019-08-08 09:34:12,3.61,0.8762,100,3.47,0.8422,42,3.56,0.864,4,3.54,0.8592,7,0
SPY190809P293,2019-08-08,2019-08-08 09:34:12,3.68,0.8932,10,3.42,0.83,100,3.56,0.864,4,3.55,0.8616,7,0
SPY190809P293,2019-08-08,2019-08-08 09:34:13,3.63,0.881,100,3.42,0.83,100,3.56,0.864,4,3.525,0.8555,7,0
SPY190809P293,2019-08-08,2019-08-08 09:34:13,3.63,0.881,100,3.42,0.83,130,3.56,0.864,4,3.525,0.8555,7,0
SPY190809P293,2019-08-08,2019-08-08 09:34:14,3.63,0.881,100,3.43,0.8325,100,3.56,0.864,4,3.53,0.8567,7,0
SPY190809P293,2019-08-08,2019-08-08 09:34:14,3.62,0.8786,100,3.46,0.8398,100,3.56,0.864,4,3.54,0.8592,7,0
SPY190809P293,2019-08-08,2019-08-08 09:34:15,3.61,0.8762,100,3.43,0.8325,100,3.56,0.864,4,3.52,0.8543,7,0
SPY190809P293,2019-08-08,2019-08-08 09:34:15,3.61,0.8762,100,3.47,0.8422,100,3.56,0.864,4,3.54,0.8592,7,0
SPY190809P293,2019-08-08,2019-08-08 09:34:16,3.61,0.8762,100,3.43,0.8325,246,3.56,0.864,4,3.52,0.8543,7,0
SPY190809P293,2019-08-08,2019-08-08 09:34:16,3.64,0.8834,100,3.47,0.8422,120,3.56,0.864,4,3.555,0.8628,7,0
SPY190809P293,2019-08-08,2019-08-08 09:34:17,3.68,0.8932,100,3.47,0.8422,100,3.56,0.864,4,3.575,0.8677,7,0
SPY190809P293,2019-08-08,2019-08-08 09:34:17,3.66,0.8883,100,3.51,0.8519,100,3.56,0.864,4,3.585,0.8701,7,0
SPY190809P293,2019-08-08,2019-08-08 09:34:18,3.66,0.8883,100,3.51,0.8519,120,3.56,0.864,4,3.585,0.8701,7,0
SPY190809P293,2019-08-08,2019-08-08 09:34:18,3.7,0.898,5,3.52,0.8543,5,3.56,0.864,4,3.61,0.8762,7,0
SPY190809P293,2019-08-08,2019-08-08 09:34:19,3.63,0.881,100,3.44,0.8349,5,3.56,0.864,4,3.535,0.858,7,0
SPY190809P293,2019-08-08,2019-08-08 09:34:19,3.71,0.9004,246,3.44,0.8349,5,3.56,0.864,4,3.575,0.8677,7,0
SPY190809P293,2019-08-08,2019-08-08 09:34:20,3.65,0.8859,100,3.51,0.8519,5,3.56,0.864,4,3.58,0.8689,7,0
SPY190809P293,2019-08-08,2019-08-08 09:34:21,3.67,0.8907,100,3.51,0.8519,100,3.56,0.864,4,3.59,0.8713,7,0
SPY190809P293,2019-08-08,2019-08-08 09:34:21,3.65,0.8859,100,3.51,0.8519,100,3.56,0.864,4,3.58,0.8689,7,0
SPY190809P293,2019-08-08,2019-08-08 09:34:22,3.65,0.8859,100,3.51,0.8519,5,3.56,0.864,4,3.58,0.8689,7,0
SPY190809P293,2019-08-08,2019-08-08 09:34:22,3.67,0.8907,100,3.51,0.8519,5,3.56,0.864,4,3.59,0.8713,7,0
SPY190809P293,2019-08-08,2019-08-08 09:34:23,3.63,0.881,100,3.51,0.8519,100,3.56,0.864,4,3.57,0.8665,7,0
SPY190809P293,2019-08-08,2019-08-08 09:34:23,3.7,0.898,5,3.51,0.8519,100,3.56,0.864,4,3.605,0.875,7,0
SPY190809P293,2019-08-08,2019-08-08 09:34:24,3.65,0.8859,100,3.51,0.8519,100,3.56,0.864,4,3.58,0.8689,7,0
SPY190809P293,2019-08-08,2019-08-08 09:34:24,3.63,0.881,100,3.51,0.8519,130,3.56,0.864,4,3.57,0.8665,7,0
SPY190809P293,2019-08-08,2019-08-08 09:34:25,3.63,0.881,100,3.52,0.8543,5,3.56,0.864,4,3.575,0.8677,7,0
SPY190809P293,2019-08-08,2019-08-08 09:34:25,3.62,0.8786,100,3.52,0.8543,50,3.56,0.864,4,3.57,0.8665,7,0
SPY190809P293,2019-08-08,2019-08-08 09:34:26,3.63,0.881,100,3.49,0.847,130,3.56,0.864,4,3.56,0.864,7,0
SPY190809P293,2019-08-08,2019-08-08 09:34:26,3.62,0.8786,100,3.52,0.8543,50,3.56,0.864,4,3.57,0.8665,7,0
SPY190809P293,2019-08-08,2019-08-08 09:34:27,3.62,0.8786,100,3.5,0.8495,100,3.56,0.864,4,3.56,0.864,7,0
SPY190809P293,2019-08-08,2019-08-08 09:34:28,3.62,0.8786,100,3.48,0.8446,100,3.56,0.864,4,3.55,0.8616,7,0
SPY190809P293,2019-08-08,2019-08-08 09:34:28,3.63,0.881,100,3.48,0.8446,100,3.56,0.864,4,3.555,0.8628,7,0
SPY190809P293,2019-08-08,2019-08-08 09:34:29,3.63,0.881,100,3.48,0.8446,100,3.56,0.864,4,3.555,0.8628,7,0
SPY190809P293,2019-08-08,2019-08-08 09:34:29,3.65,0.8859,100,3.46,0.8398,100,3.56,0.864,4,3.555,0.8628,7,0
SPY190809P293,2019-08-08,2019-08-08 09:34:30,3.68,0.8932,3,3.43,0.8325,42,3.56,0.864,4,3.555,0.8628,7,0
SPY190809P293,2019-08-08,2019-08-08 09:34:30,3.65,0.8859,100,3.43,0.8325,246,3.56,0.864,4,3.54,0.8592,7,0
SPY190809P293,2019-08-08,2019-08-08 09:34:31,3.65,0.8859,100,3.48,0.8446,100,3.56,0.864,4,3.565,0.8652,7,0
SPY190809P293,2019-08-08,2019-08-08 09:34:31,3.65,0.8859,100,3.48,0.8446,130,3.56,0.864,4,3.565,0.8652,7,0
SPY190809P293,2019-08-08,2019-08-08 09:34:32,3.62,0.8786,100,3.5,0.8495,100,3.56,0.864,4,3.56,0.864,7,0
SPY190809P293,2019-08-08,2019-08-08 09:34:32,3.64,0.8834,100,3.5,0.8495,100,3.56,0.864,4,3.57,0.8665,7,0
SPY190809P293,2019-08-08,2019-08-08 09:34:33,3.61,0.8762,100,3.46,0.8398,100,3.56,0.864,4,3.535,0.858,7,0
SPY190809P293,2019-08-08,2019-08-08 09:34:33,3.62,0.8786,100,3.47,0.8422,120,3.56,0.864,4,3.545,0.8604,7,0
SPY190809P293,2019-08-08,2019-08-08 09:34:34,3.64,0.8834,100,3.47,0.8422,120,3.56,0.864,4,3.555,0.8628,7,0
SPY190809P293,2019-08-08,2019-08-08 09:34:35,3.64,0.8834,141,3.48,0.8446,130,3.56,0.864,4,3.56,0.864,7,0
SPY190809P293,2019-08-08,2019-08-08 09:34:35,3.62,0.8786,100,3.48,0.8446,130,3.56,0.864,4,3.55,0.8616,7,0
SPY190809P293,2019-08-08,2019-08-08 09:34:36,3.62,0.8786,100,3.49,0.847,100,3.56,0.864,4,3.555,0.8628,7,0
SPY190809P293,2019-08-08,2019-08-08 09:34:36,3.62,0.8786,100,3.49,0.847,5,3.56,0.864,4,3.555,0.8628,7,0
SPY190809P293,2019-08-08,2019-08-08 09:34:37,3.62,0.8786,100,3.49,0.847,120,3.56,0.864,4,3.555,0.8628,7,0
SPY190809P293,2019-08-08,2019-08-08 09:34:38,3.62,0.8786,100,3.51,0.8519,5,3.56,0.864,4,3.565,0.8652,7,0
SPY190809P293,2019-08-08,2019-08-08 09:34:38,3.64,0.8834,100,3.5,0.8495,120,3.56,0.864,4,3.57,0.8665,7,0
SPY190809P293,2019-08-08,2019-08-08 09:34:39,3.68,0.8932,10,3.5,0.8495,90,3.56,0.864,4,3.59,0.8713,7,0
SPY190809P293,2019-08-08,2019-08-08 09:34:40,3.64,0.8834,100,3.5,0.8495,86,3.56,0.864,4,3.57,0.8665,7,0
SPY190809P293,2019-08-08,2019-08-08 09:34:40,3.67,0.8907,5,3.5,0.8495,42,3.56,0.864,4,3.585,0.8701,7,0
SPY190809P293,2019-08-08,2019-08-08 09:34:41,3.62,0.8786,1,3.51,0.8519,5,3.56,0.864,4,3.565,0.8652,7,0
SPY190809P293,2019-08-08,2019-08-08 09:34:41,3.64,0.8834,100,3.51,0.8519,5,3.56,0.864,4,3.575,0.8677,7,0
SPY190809P293,2019-08-08,2019-08-08 09:34:42,3.62,0.8786,1,3.46,0.8398,100,3.56,0.864,4,3.54,0.8592,7,0
SPY190809P293,2019-08-08,2019-08-08 09:34:42,3.62,0.8786,41,3.52,0.8543,120,3.58,0.8689,1,3.57,0.8665,8,1
SPY190809P293,2019-08-08,2019-08-08 09:34:43,3.63,0.881,88,3.52,0.8543,25,3.58,0.8689,1,3.575,0.8677,8,0
SPY190809P293,2019-08-08,2019-08-08 09:34:43,3.69,0.8956,100,3.53,0.8567,5,3.58,0.8689,1,3.61,0.8762,8,0
SPY190809P293,2019-08-08,2019-08-08 09:34:44,3.66,0.8883,9,3.54,0.8592,95,3.58,0.8689,1,3.6,0.8737,8,0
SPY190809P293,2019-08-08,2019-08-08 09:34:44,3.69,0.8956,100,3.54,0.8592,5,3.58,0.8689,1,3.615,0.8774,8,0
SPY190809P293,2019-08-08,2019-08-08 09:34:45,3.72,0.9029,5,3.45,0.8373,5,3.58,0.8689,1,3.585,0.8701,8,0
SPY190809P293,2019-08-08,2019-08-08 09:34:45,3.63,0.881,100,3.48,0.8446,130,3.58,0.8689,1,3.555,0.8628,8,0
SPY190809P293,2019-08-08,2019-08-08 09:34:46,3.63,0.881,100,3.49,0.847,67,3.58,0.8689,1,3.56,0.864,8,0
SPY190809P293,2019-08-08,2019-08-08 09:34:46,3.67,0.8907,10,3.48,0.8446,25,3.58,0.8689,1,3.575,0.8677,8,0
SPY190809P293,2019-08-08,2019-08-08 09:34:47,3.61,0.8762,5,3.49,0.847,125,3.58,0.8689,1,3.55,0.8616,8,0
SPY190809P293,2019-08-08,2019-08-08 09:34:47,3.63,0.881,100,3.49,0.847,120,3.58,0.8689,1,3.56,0.864,8,0
SPY190809P293,2019-08-08,2019-08-08 09:34:48,3.66,0.8883,100,3.52,0.8543,100,3.58,0.8689,1,3.59,0.8713,8,0
SPY190809P293,2019-08-08,2019-08-08 09:34:48,3.65,0.8859,100,3.51,0.8519,100,3.58,0.8689,1,3.58,0.8689,8,0
SPY190809P293,2019-08-08,2019-08-08 09:34:49,3.66,0.8883,100,3.53,0.8567,5,3.58,0.8689,1,3.595,0.8725,8,0
SPY190809P293,2019-08-08,2019-08-08 09:34:50,3.7,0.898,5,3.53,0.8567,5,3.58,0.8689,1,3.615,0.8774,8,0
SPY190809P293,2019-08-08,2019-08-08 09:34:50,3.7,0.898,100,3.55,0.8616,100,3.58,0.8689,1,3.625,0.8798,8,0
SPY190809P293,2019-08-08,2019-08-08 09:34:51,3.72,0.9029,100,3.58,0.8689,100,3.58,0.8689,1,3.65,0.8859,8,0
SPY190809P293,2019-08-08,2019-08-08 09:34:51,3.74,0.9077,5,3.59,0.8713,5,3.58,0.8689,1,3.665,0.8895,8,0
SPY190809P293,2019-08-08,2019-08-08 09:34:52,3.77,0.915,5,3.6,0.8737,100,3.58,0.8689,1,3.685,0.8944,8,0
SPY190809P293,2019-08-08,2019-08-08 09:34:52,3.77,0.915,5,3.59,0.8713,120,3.58,0.8689,1,3.68,0.8932,8,0
SPY190809P293,2019-08-08,2019-08-08 09:34:53,3.75,0.9101,100,3.6,0.8737,125,3.58,0.8689,1,3.675,0.8919,8,0
SPY190809P293,2019-08-08,2019-08-08 09:34:53,3.75,0.9101,100,3.6,0.8737,5,3.58,0.8689,1,3.675,0.8919,8,0
SPY190809P293,2019-08-08,2019-08-08 09:34:54,3.77,0.915,5,3.62,0.8786,100,3.58,0.8689,1,3.695,0.8968,8,0
SPY190809P293,2019-08-08,2019-08-08 09:34:54,3.77,0.915,5,3.63,0.881,5,3.58,0.8689,1,3.7,0.898,8,0
SPY190809P293,2019-08-08,2019-08-08 09:34:55,3.77,0.915,5,3.63,0.881,5,3.58,0.8689,1,3.7,0.898,8,0
SPY190809P293,2019-08-08,2019-08-08 09:34:55,3.77,0.915,57,3.65,0.8859,100,3.58,0.8689,1,3.71,0.9004,8,0
SPY190809P293,2019-08-08,2019-08-08 09:34:56,3.77,0.915,40,3.66,0.8883,5,3.58,0.8689,1,3.715,0.9016,8,0
SPY190809P293,2019-08-08,2019-08-08 09:34:56,3.77,0.915,40,3.64,0.8834,120,3.58,0.8689,1,3.705,0.8992,8,0
SPY190809P293,2019-08-08,2019-08-08 09:34:57,3.83,0.9296,5,3.65,0.8859,5,3.58,0.8689,1,3.74,0.9077,8,0
SPY190809P293,2019-08-08,2019-08-08 09:34:57,3.83,0.9296,5,3.66,0.8883,100,3.58,0.8689,1,3.745,0.9089,8,0
SPY190809P293,2019-08-08,2019-08-08 09:34:58,3.83,0.9296,5,3.65,0.8859,5,3.58,0.8689,1,3.74,0.9077,8,0
SPY190809P293,2019-08-08,2019-08-08 09:34:58,3.83,0.9296,5,3.68,0.8932,100,3.58,0.8689,1,3.755,0.9114,8,0
SPY190809P293,2019-08-08,2019-08-08 09:34:59,3.83,0.9296,3,3.68,0.8932,25,3.58,0.8689,1,3.755,0.9114,8,0
SPY190809P293,2019-08-08,2019-08-08 09:34:59,3.83,0.9296,5,3.69,0.8956,100,3.58,0.8689,1,3.76,0.9126,8,0
SPY190809P293,2019-08-08,2019-08-08 09:35:00,3.84,0.932,59,3.68,0.8932,100,3.58,0.8689,1,3.76,0.9126,8,0
SPY190809P293,2019-08-08,2019-08-08 09:35:00,3.84,0.932,59,3.68,0.8932,110,3.58,0.8689,1,3.76,0.9126,8,0
SPY190809P293,2019-08-08,2019-08-08 09:35:01,3.93,0.9538,1,3.58,0.8689,5,3.58,0.8689,1,3.755,0.9114,8,0
SPY190809P293,2019-08-08,2019-08-08 09:35:01,3.9,0.9466,135,3.68,0.8932,100,3.58,0.8689,1,3.79,0.9199,8,0
SPY190809P293,2019-08-08,2019-08-08 09:35:02,3.84,0.932,100,3.65,0.8859,5,3.58,0.8689,1,3.745,0.9089,8,0
SPY190809P293,2019-08-08,2019-08-08 09:35:02,3.81,0.9247,100,3.68,0.8932,25,3.58,0.8689,1,3.745,0.9089,8,0
SPY190809P293,2019-08-08,2019-08-08 09:35:03,3.81,0.9247,120,3.67,0.8907,84,3.58,0.8689,1,3.74,0.9077,8,0
SPY190809P293,2019-08-08,2019-08-08 09:35:03,3.84,0.932,100,3.67,0.8907,100,3.58,0.8689,1,3.755,0.9114,8,0
SPY190809P293,2019-08-08,2019-08-08 09:35:04,3.84,0.932,5,3.67,0.8907,100,3.58,0.8689,1,3.755,0.9114,8,0
SPY190809P293,2019-08-08,2019-08-08 09:35:04,3.83,0.9296,100,3.69,0.8956,25,3.58,0.8689,1,3.76,0.9126,8,0
SPY190809P293,2019-08-08,2019-08-08 09:35:05,3.84,0.932,50,3.69,0.8956,123,3.58,0.8689,1,3.765,0.9138,8,0
SPY190809P293,2019-08-08,2019-08-08 09:35:05,3.84,0.932,5,3.71,0.9004,100,3.58,0.8689,1,3.775,0.9162,8,0
SPY190809P293,2019-08-08,2019-08-08 09:35:06,3.84,0.932,100,3.71,0.9004,100,3.58,0.8689,1,3.775,0.9162,8,0
SPY190809P293,2019-08-08,2019-08-08 09:35:07,3.84,0.932,120,3.71,0.9004,100,3.58,0.8689,1,3.775,0.9162,8,0
SPY190809P293,2019-08-08,2019-08-08 09:35:07,3.84,0.932,5,3.72,0.9029,5,3.58,0.8689,1,3.78,0.9174,8,0
SPY190809P293,2019-08-08,2019-08-08 09:35:08,3.84,0.932,100,3.72,0.9029,5,3.58,0.8689,1,3.78,0.9174,8,0
SPY190809P293,2019-08-08,2019-08-08 09:35:09,3.84,0.932,100,3.63,0.881,125,3.58,0.8689,1,3.735,0.9065,8,0
SPY190809P293,2019-08-08,2019-08-08 09:35:09,3.84,0.932,100,3.71,0.9004,100,3.58,0.8689,1,3.775,0.9162,8,0
SPY190809P293,2019-08-08,2019-08-08 09:35:10,3.85,0.9344,244,3.63,0.881,64,3.58,0.8689,1,3.74,0.9077,8,0
SPY190809P293,2019-08-08,2019-08-08 09:35:10,3.85,0.9344,5,3.63,0.881,64,3.58,0.8689,1,3.74,0.9077,8,0
SPY190809P293,2019-08-08,2019-08-08 09:35:11,3.84,0.932,5,3.65,0.8859,123,3.58,0.8689,1,3.745,0.9089,8,0
SPY190809P293,2019-08-08,2019-08-08 09:35:11,3.84,0.932,100,3.65,0.8859,100,3.58,0.8689,1,3.745,0.9089,8,0
SPY190809P293,2019-08-08,2019-08-08 09:35:12,3.84,0.932,100,3.65,0.8859,25,3.58,0.8689,1,3.745,0.9089,8,0
SPY190809P293,2019-08-08,2019-08-08 09:35:12,3.88,0.9417,135,3.62,0.8786,135,3.58,0.8689,1,3.75,0.9101,8,0
SPY190809P293,2019-08-08,2019-08-08 09:35:13,3.91,0.949,64,3.68,0.8932,5,3.58,0.8689,1,3.795,0.9211,8,0
SPY190809P293,2019-08-08,2019-08-08 09:35:13,3.84,0.932,5,3.67,0.8907,125,3.58,0.8689,1,3.755,0.9114,8,0
SPY190809P293,2019-08-08,2019-08-08 09:35:14,3.93,0.9538,5,3.69,0.8956,10,3.58,0.8689,1,3.81,0.9247,8,0
SPY190809P293,2019-08-08,2019-08-08 09:35:15,3.91,0.949,100,3.75,0.9101,25,3.58,0.8689,1,3.83,0.9296,8,0
SPY190809P293,2019-08-08,2019-08-08 09:35:15,3.92,0.9514,100,3.7,0.898,5,3.58,0.8689,1,3.81,0.9247,8,0
SPY190809P293,2019-08-08,2019-08-08 09:35:16,3.91,0.949,100,3.77,0.915,120,3.58,0.8689,1,3.84,0.932,8,0
SPY190809P293,2019-08-08,2019-08-08 09:35:16,3.91,0.949,100,3.77,0.915,100,3.58,0.8689,1,3.84,0.932,8,0
SPY190809P293,2019-08-08,2019-08-08 09:35:17,3.91,0.949,100,3.78,0.9174,100,3.58,0.8689,1,3.845,0.9332,8,0
SPY190809P293,2019-08-08,2019-08-08 09:35:17,3.94,0.9563,100,3.79,0.9199,5,3.58,0.8689,1,3.865,0.9381,8,0
SPY190809P293,2019-08-08,2019-08-08 09:35:18,3.96,0.9611,5,3.79,0.9199,25,3.58,0.8689,1,3.875,0.9405,8,0
SPY190809P293,2019-08-08,2019-08-08 09:35:18,3.93,0.9538,100,3.79,0.9199,120,3.58,0.8689,1,3.86,0.9368,8,0
SPY190809P293,2019-08-08,2019-08-08 09:35:19,3.96,0.9611,100,3.8,0.9223,100,3.58,0.8689,1,3.88,0.9417,8,0
SPY190809P293,2019-08-08,2019-08-08 09:35:19,3.96,0.9611,5,3.8,0.9223,5,3.58,0.8689,1,3.88,0.9417,8,0
SPY190809P293,2019-08-08,2019-08-08 09:35:20,3.98,0.966,100,3.81,0.9247,5,3.58,0.8689,1,3.895,0.9453,8,0
SPY190809P293,2019-08-08,2019-08-08 09:35:20,3.98,0.966,100,3.81,0.9247,100,3.58,0.8689,1,3.895,0.9453,8,0
SPY190809P293,2019-08-08,2019-08-08 09:35:21,3.94,0.9563,100,3.8,0.9223,25,3.58,0.8689,1,3.87,0.9393,8,0
SPY190809P293,2019-08-08,2019-08-08 09:35:21,3.92,0.9514,100,3.78,0.9174,100,3.58,0.8689,1,3.85,0.9344,8,0
SPY190809P293,2019-08-08,2019-08-08 09:35:22,3.95,0.9587,10,3.76,0.9126,100,3.58,0.8689,1,3.855,0.9356,8,0
SPY190809P293,2019-08-08,2019-08-08 09:35:22,3.86,0.9368,100,3.72,0.9029,100,3.58,0.8689,1,3.79,0.9199,8,0
SPY190809P293,2019-08-08,2019-08-08 09:35:23,3.89,0.9441,3,3.7,0.898,100,3.58,0.8689,1,3.795,0.9211,8,0
SPY190809P293,2019-08-08,2019-08-08 09:35:23,3.89,0.9441,5,3.72,0.9029,25,3.58,0.8689,1,3.805,0.9235,8,0
SPY190809P293,2019-08-08,2019-08-08 09:35:24,3.95,0.9587,7,3.68,0.8932,25,3.58,0.8689,1,3.815,0.9259,8,0
SPY190809P293,2019-08-08,2019-08-08 09:35:24,3.89,0.9441,125,3.72,0.9029,64,3.58,0.8689,1,3.805,0.9235,8,0
SPY190809P293,2019-08-08,2019-08-08 09:35:25,3.86,0.9368,285,3.6,0.8737,125,3.58,0.8689,1,3.73,0.9053,8,0
SPY190809P293,2019-08-08,2019-08-08 09:35:25,3.85,0.9344,100,3.67,0.8907,100,3.58,0.8689,1,3.76,0.9126,8,0
SPY190809P293,2019-08-08,2019-08-08 09:35:26,3.8,0.9223,100,3.67,0.8907,89,3.58,0.8689,1,3.735,0.9065,8,0
SPY190809P293,2019-08-08,2019-08-08 09:35:26,3.81,0.9247,100,3.69,0.8956,5,3.58,0.8689,1,3.75,0.9101,8,0
SPY190809P293,2019-08-08,2019-08-08 09:35:27,3.79,0.9199,100,3.69,0.8956,64,3.58,0.8689,1,3.74,0.9077,8,0
SPY190809P293,2019-08-08,2019-08-08 09:35:27,3.81,0.9247,100,3.69,0.8956,64,3.58,0.8689,1,3.75,0.9101,8,0
SPY190809P293,2019-08-08,2019-08-08 09:35:28,3.83,0.9296,125,3.68,0.8932,41,3.58,0.8689,1,3.755,0.9114,8,0
SPY190809P293,2019-08-08,2019-08-08 09:35:28,3.78,0.9174,100,3.68,0.8932,41,3.58,0.8689,1,3.73,0.9053,8,0
SPY190809P293,2019-08-08,2019-08-08 09:35:29,3.79,0.9199,100,3.69,0.8956,47,3.58,0.8689,1,3.74,0.9077,8,0
SPY190809P293,2019-08-08,2019-08-08 09:35:29,3.79,0.9199,100,3.67,0.8907,120,3.58,0.8689,1,3.73,0.9053,8,0
SPY190809P293,2019-08-08,2019-08-08 09:35:30,3.83,0.9296,41,3.68,0.8932,100,3.58,0.8689,1,3.755,0.9114,8,0
SPY190809P293,2019-08-08,2019-08-08 09:35:30,3.82,0.9271,5,3.68,0.8932,120,3.58,0.8689,1,3.75,0.9101,8,0
SPY190809P293,2019-08-08,2019-08-08 09:35:31,3.81,0.9247,100,3.69,0.8956,5,3.58,0.8689,1,3.75,0.9101,8,0
SPY190809P293,2019-08-08,2019-08-08 09:35:31,3.81,0.9247,120,3.69,0.8956,100,3.58,0.8689,1,3.75,0.9101,8,0
SPY190809P293,2019-08-08,2019-08-08 09:35:32,3.79,0.9199,100,3.69,0.8956,82,3.58,0.8689,1,3.74,0.9077,8,0
SPY190809P293,2019-08-08,2019-08-08 09:35:32,3.81,0.9247,120,3.69,0.8956,100,3.58,0.8689,1,3.75,0.9101,8,0
SPY190809P293,2019-08-08,2019-08-08 09:35:33,3.79,0.9199,100,3.69,0.8956,82,3.58,0.8689,1,3.74,0.9077,8,0
SPY190809P293,2019-08-08,2019-08-08 09:35:34,3.83,0.9296,244,3.63,0.881,100,3.58,0.8689,1,3.73,0.9053,8,0
SPY190809P293,2019-08-08,2019-08-08 09:35:34,3.83,0.9296,322,3.63,0.881,120,3.58,0.8689,1,3.73,0.9053,8,0
SPY190809P293,2019-08-08,2019-08-08 09:35:35,3.78,0.9174,100,3.63,0.881,120,3.58,0.8689,1,3.705,0.8992,8,0
SPY190809P293,2019-08-08,2019-08-08 09:35:35,3.79,0.9199,100,3.63,0.881,120,3.58,0.8689,1,3.71,0.9004,8,0
SPY190809P293,2019-08-08,2019-08-08 09:35:36,3.78,0.9174,130,3.65,0.8859,5,3.58,0.8689,1,3.715,0.9016,8,0
SPY190809P293,2019-08-08,2019-08-08 09:35:36,3.77,0.915,100,3.65,0.8859,5,3.58,0.8689,1,3.71,0.9004,8,0
SPY190809P293,2019-08-08,2019-08-08 09:35:37,3.77,0.915,100,3.65,0.8859,5,3.58,0.8689,1,3.71,0.9004,8,0
SPY190809P293,2019-08-08,2019-08-08 09:35:37,3.77,0.915,100,3.65,0.8859,100,3.58,0.8689,1,3.71,0.9004,8,0
SPY190809P293,2019-08-08,2019-08-08 09:35:38,3.76,0.9126,3,3.58,0.8689,10,3.58,0.8689,1,3.67,0.8907,8,0
SPY190809P293,2019-08-08,2019-08-08 09:35:38,3.76,0.9126,3,3.62,0.8786,5,3.7,0.898,5,3.69,0.8956,13,5
SPY190809P293,2019-08-08,2019-08-08 09:35:39,3.79,0.9199,5,3.6,0.8737,85,3.7,0.898,5,3.695,0.8968,13,0
SPY190809P293,2019-08-08,2019-08-08 09:35:39,3.76,0.9126,5,3.62,0.8786,5,3.7,0.898,5,3.69,0.8956,13,0
SPY190809P293,2019-08-08,2019-08-08 09:35:40,3.76,0.9126,110,3.6,0.8737,25,3.7,0.898,5,3.68,0.8932,13,0
SPY190809P293,2019-08-08,2019-08-08 09:35:40,3.73,0.9053,130,3.54,0.8592,125,3.7,0.898,5,3.635,0.8822,13,0
SPY190809P293,2019-08-08,2019-08-08 09:35:41,3.73,0.9053,130,3.59,0.8713,25,3.7,0.898,5,3.66,0.8883,13,0
SPY190809P293,2019-08-08,2019-08-08 09:35:41,3.74,0.9077,100,3.55,0.8616,100,3.7,0.898,5,3.645,0.8847,13,0
SPY190809P293,2019-08-08,2019-08-08 09:35:42,3.69,0.8956,120,3.55,0.8616,120,3.7,0.898,5,3.62,0.8786,13,0
SPY190809P293,2019-08-08,2019-08-08 09:35:42,3.69,0.8956,100,3.55,0.8616,120,3.7,0.898,5,3.62,0.8786,13,0
SPY190809P293,2019-08-08,2019-08-08 09:35:43,3.68,0.8932,120,3.56,0.864,5,3.7,0.898,5,3.62,0.8786,13,0
SPY190809P293,2019-08-08,2019-08-08 09:35:43,3.69,0.8956,100,3.55,0.8616,120,3.7,0.898,5,3.62,0.8786,13,0
SPY190809P293,2019-08-08,2019-08-08 09:35:44,3.67,0.8907,5,3.57,0.8665,5,3.7,0.898,5,3.62,0.8786,13,0
SPY190809P293,2019-08-08,2019-08-08 09:35:44,3.8,0.9223,7,3.57,0.8665,67,3.7,0.898,5,3.685,0.8944,13,0
SPY190809P293,2019-08-08,2019-08-08 09:35:45,3.67,0.8907,120,3.51,0.8519,25,3.7,0.898,5,3.59,0.8713,13,0
SPY190809P293,2019-08-08,2019-08-08 09:35:45,3.65,0.8859,3,3.53,0.8567,3,3.7,0.898,5,3.59,0.8713,13,0
SPY190809P293,2019-08-08,2019-08-08 09:35:46,3.63,0.881,100,3.53,0.8567,5,3.7,0.898,5,3.58,0.8689,13,0
SPY190809P293,2019-08-08,2019-08-08 09:35:46,3.66,0.8883,100,3.53,0.8567,5,3.7,0.898,5,3.595,0.8725,13,0
SPY190809P293,2019-08-08,2019-08-08 09:35:47,3.65,0.8859,5,3.53,0.8567,5,3.7,0.898,5,3.59,0.8713,13,0
SPY190809P293,2019-08-08,2019-08-08 09:35:48,3.65,0.8859,100,3.53,0.8567,5,3.7,0.898,5,3.59,0.8713,13,0
SPY190809P293,2019-08-08,2019-08-08 09:35:48,3.65,0.8859,5,3.53,0.8567,5,3.7,0.898,5,3.59,0.8713,13,0
SPY190809P293,2019-08-08,2019-08-08 09:35:49,3.65,0.8859,130,3.54,0.8592,5,3.7,0.898,5,3.595,0.8725,13,0
SPY190809P293,2019-08-08,2019-08-08 09:35:49,3.65,0.8859,100,3.53,0.8567,5,3.7,0.898,5,3.59,0.8713,13,0
SPY190809P293,2019-08-08,2019-08-08 09:35:50,3.65,0.8859,130,3.54,0.8592,5,3.7,0.898,5,3.595,0.8725,13,0
SPY190809P293,2019-08-08,2019-08-08 09:35:51,3.65,0.8859,130,3.51,0.8519,100,3.7,0.898,5,3.58,0.8689,13,0
SPY190809P293,2019-08-08,2019-08-08 09:35:52,3.65,0.8859,130,3.53,0.8567,5,3.7,0.898,5,3.59,0.8713,13,0
SPY190809P293,2019-08-08,2019-08-08 09:35:52,3.65,0.8859,110,3.53,0.8567,5,3.7,0.898,5,3.59,0.8713,13,0
SPY190809P293,2019-08-08,2019-08-08 09:35:53,3.65,0.8859,5,3.53,0.8567,5,3.7,0.898,5,3.59,0.8713,13,0
SPY190809P293,2019-08-08,2019-08-08 09:35:53,3.63,0.881,100,3.52,0.8543,120,3.7,0.898,5,3.575,0.8677,13,0
SPY190809P293,2019-08-08,2019-08-08 09:35:54,3.68,0.8932,100,3.52,0.8543,120,3.7,0.898,5,3.6,0.8737,13,0
SPY190809P293,2019-08-08,2019-08-08 09:35:54,3.71,0.9004,5,3.52,0.8543,120,3.7,0.898,5,3.615,0.8774,13,0
SPY190809P293,2019-08-08,2019-08-08 09:35:55,3.63,0.881,100,3.52,0.8543,120,3.7,0.898,5,3.575,0.8677,13,0
SPY190809P293,2019-08-08,2019-08-08 09:35:55,3.63,0.881,100,3.53,0.8567,5,3.7,0.898,5,3.58,0.8689,13,0
SPY190809P293,2019-08-08,2019-08-08 09:35:56,3.63,0.881,100,3.49,0.847,5,3.7,0.898,5,3.56,0.864,13,0
SPY190809P293,2019-08-08,2019-08-08 09:35:56,3.62,0.8786,100,3.48,0.8446,100,3.7,0.898,5,3.55,0.8616,13,0
SPY190809P293,2019-08-08,2019-08-08 09:35:57,3.64,0.8834,100,3.5,0.8495,100,3.7,0.898,5,3.57,0.8665,13,0
SPY190809P293,2019-08-08,2019-08-08 09:35:57,3.63,0.881,100,3.49,0.847,100,3.7,0.898,5,3.56,0.864,13,0
SPY190809P293,2019-08-08,2019-08-08 09:35:58,3.65,0.8859,130,3.51,0.8519,125,3.7,0.898,5,3.58,0.8689,13,0
SPY190809P293,2019-08-08,2019-08-08 09:35:58,3.64,0.8834,100,3.51,0.8519,5,3.7,0.898,5,3.575,0.8677,13,0
SPY190809P293,2019-08-08,2019-08-08 09:35:59,3.66,0.8883,42,3.52,0.8543,5,3.7,0.898,5,3.59,0.8713,13,0
SPY190809P293,2019-08-08,2019-08-08 09:36:00,3.64,0.8834,100,3.52,0.8543,5,3.7,0.898,5,3.58,0.8689,13,0
SPY190809P293,2019-08-08,2019-08-08 09:36:00,3.64,0.8834,100,3.52,0.8543,100,3.7,0.898,5,3.58,0.8689,13,0
SPY190809P293,2019-08-08,2019-08-08 09:36:01,3.66,0.8883,3,3.52,0.8543,125,3.7,0.898,5,3.59,0.8713,13,0
SPY190809P293,2019-08-08,2019-08-08 09:36:01,3.66,0.8883,3,3.53,0.8567,5,3.7,0.898,5,3.595,0.8725,13,0
SPY190809P293,2019-08-08,2019-08-08 09:36:02,3.67,0.8907,120,3.53,0.8567,5,3.7,0.898,5,3.6,0.8737,13,0
SPY190809P293,2019-08-08,2019-08-08 09:36:02,3.7,0.898,5,3.53,0.8567,5,3.7,0.898,5,3.615,0.8774,13,0
SPY190809P293,2019-08-08,2019-08-08 09:36:03,3.65,0.8859,120,3.54,0.8592,100,3.7,0.898,5,3.595,0.8725,13,0
SPY190809P293,2019-08-08,2019-08-08 09:36:03,3.67,0.8907,130,3.54,0.8592,5,3.7,0.898,5,3.605,0.875,13,0
SPY190809P293,2019-08-08,2019-08-08 09:36:04,3.65,0.8859,120,3.54,0.8592,125,3.7,0.898,5,3.595,0.8725,13,0
SPY190809P293,2019-08-08,2019-08-08 09:36:05,3.64,0.8834,5,3.54,0.8592,125,3.7,0.898,5,3.59,0.8713,13,0
SPY190809P293,2019-08-08,2019-08-08 09:36:05,3.64,0.8834,5,3.54,0.8592,100,3.7,0.898,5,3.59,0.8713,13,0
SPY190809P293,2019-08-08,2019-08-08 09:36:06,3.63,0.881,100,3.51,0.8519,5,3.7,0.898,5,3.57,0.8665,13,0
SPY190809P293,2019-08-08,2019-08-08 09:36:06,3.64,0.8834,100,3.49,0.847,100,3.7,0.898,5,3.565,0.8652,13,0
SPY190809P293,2019-08-08,2019-08-08 09:36:07,3.67,0.8907,5,3.47,0.8422,5,3.7,0.898,5,3.57,0.8665,13,0
SPY190809P293,2019-08-08,2019-08-08 09:36:07,3.68,0.8932,130,3.51,0.8519,5,3.7,0.898,5,3.595,0.8725,13,0
SPY190809P293,2019-08-08,2019-08-08 09:36:08,3.66,0.8883,100,3.47,0.8422,125,3.7,0.898,5,3.565,0.8652,13,0
SPY190809P293,2019-08-08,2019-08-08 09:36:08,3.66,0.8883,100,3.47,0.8422,100,3.7,0.898,5,3.565,0.8652,13,0
SPY190809P293,2019-08-08,2019-08-08 09:36:09,3.62,0.8786,130,3.49,0.847,5,3.7,0.898,5,3.555,0.8628,13,0
SPY190809P293,2019-08-08,2019-08-08 09:36:09,3.66,0.8883,130,3.48,0.8446,5,3.7,0.898,5,3.57,0.8665,13,0
SPY190809P293,2019-08-08,2019-08-08 09:36:10,3.61,0.8762,100,3.49,0.847,5,3.7,0.898,5,3.55,0.8616,13,0
SPY190809P293,2019-08-08,2019-08-08 09:36:10,3.61,0.8762,5,3.5,0.8495,5,3.7,0.898,5,3.555,0.8628,13,0
SPY190809P293,2019-08-08,2019-08-08 09:36:11,3.61,0.8762,130,3.5,0.8495,5,3.7,0.898,5,3.555,0.8628,13,0
SPY190809P293,2019-08-08,2019-08-08 09:36:11,3.61,0.8762,5,3.5,0.8495,5,3.7,0.898,5,3.555,0.8628,13,0
SPY190809P293,2019-08-08,2019-08-08 09:36:12,3.6,0.8737,20,3.5,0.8495,83,3.7,0.898,5,3.55,0.8616,13,0
SPY190809P293,2019-08-08,2019-08-08 09:36:12,3.59,0.8713,100,3.45,0.8373,100,3.7,0.898,5,3.52,0.8543,13,0
SPY190809P293,2019-08-08,2019-08-08 09:36:13,3.59,0.8713,100,3.46,0.8398,5,3.7,0.898,5,3.525,0.8555,13,0
SPY190809P293,2019-08-08,2019-08-08 09:36:13,3.6,0.8737,130,3.46,0.8398,5,3.7,0.898,5,3.53,0.8567,13,0
SPY190809P293,2019-08-08,2019-08-08 09:36:14,3.58,0.8689,5,3.48,0.8446,5,3.7,0.898,5,3.53,0.8567,13,0
SPY190809P293,2019-08-08,2019-08-08 09:36:14,3.59,0.8713,120,3.47,0.8422,100,3.7,0.898,5,3.53,0.8567,13,0
SPY190809P293,2019-08-08,2019-08-08 09:36:15,3.58,0.8689,5,3.48,0.8446,5,3.7,0.898,5,3.53,0.8567,13,0
SPY190809P293,2019-08-08,2019-08-08 09:36:15,3.58,0.8689,100,3.49,0.847,5,3.7,0.898,5,3.535,0.858,13,0
SPY190809P293,2019-08-08,2019-08-08 09:36:16,3.58,0.8689,100,3.49,0.847,5,3.7,0.898,5,3.535,0.858,13,0
SPY190809P293,2019-08-08,2019-08-08 09:36:16,3.58,0.8689,120,3.49,0.847,130,3.7,0.898,5,3.535,0.858,13,0
SPY190809P293,2019-08-08,2019-08-08 09:36:17,3.58,0.8689,120,3.49,0.847,100,3.7,0.898,5,3.535,0.858,13,0
SPY190809P293,2019-08-08,2019-08-08 09:36:17,3.58,0.8689,120,3.5,0.8495,5,3.7,0.898,5,3.54,0.8592,13,0
SPY190809P293,2019-08-08,2019-08-08 09:36:18,3.58,0.8689,100,3.43,0.8325,67,3.7,0.898,5,3.505,0.8507,13,0
SPY190809P293,2019-08-08,2019-08-08 09:36:18,3.56,0.864,100,3.43,0.8325,67,3.7,0.898,5,3.495,0.8483,13,0
SPY190809P293,2019-08-08,2019-08-08 09:36:19,3.6,0.8737,100,3.43,0.8325,110,3.7,0.898,5,3.515,0.8531,13,0
SPY190809P293,2019-08-08,2019-08-08 09:36:19,3.56,0.864,120,3.43,0.8325,120,3.7,0.898,5,3.495,0.8483,13,0
SPY190809P293,2019-08-08,2019-08-08 09:36:20,3.57,0.8665,100,3.43,0.8325,168,3.7,0.898,5,3.5,0.8495,13,0
SPY190809P293,2019-08-08,2019-08-08 09:36:20,3.6,0.8737,130,3.43,0.8325,130,3.7,0.898,5,3.515,0.8531,13,0
SPY190809P293,2019-08-08,2019-08-08 09:36:21,3.56,0.864,5,3.43,0.8325,137,3.7,0.898,5,3.495,0.8483,13,0
SPY190809P293,2019-08-08,2019-08-08 09:36:21,3.56,0.864,5,3.43,0.8325,130,3.7,0.898,5,3.495,0.8483,13,0
SPY190809P293,2019-08-08,2019-08-08 09:36:22,3.56,0.864,130,3.43,0.8325,130,3.7,0.898,5,3.495,0.8483,13,0
SPY190809P293,2019-08-08,2019-08-08 09:36:22,3.55,0.8616,5,3.43,0.8325,130,3.7,0.898,5,3.49,0.847,13,0
SPY190809P293,2019-08-08,2019-08-08 09:36:23,3.55,0.8616,100,3.43,0.8325,110,3.7,0.898,5,3.49,0.847,13,0
SPY190809P293,2019-08-08,2019-08-08 09:36:23,3.55,0.8616,100,3.43,0.8325,125,3.7,0.898,5,3.49,0.847,13,0
SPY190809P293,2019-08-08,2019-08-08 09:36:24,3.55,0.8616,100,3.43,0.8325,132,3.7,0.898,5,3.49,0.847,13,0
SPY190809P293,2019-08-08,2019-08-08 09:36:25,3.55,0.8616,100,3.43,0.8325,130,3.7,0.898,5,3.49,0.847,13,0
SPY190809P293,2019-08-08,2019-08-08 09:36:26,3.55,0.8616,100,3.47,0.8422,15,3.48,0.8446,8,3.51,0.8519,21,8
SPY190809P293,2019-08-08,2019-08-08 09:36:26,3.55,0.8616,100,3.47,0.8422,15,3.7,0.898,5,3.51,0.8519,13,0
SPY190809P293,2019-08-08,2019-08-08 09:36:27,3.55,0.8616,120,3.47,0.8422,45,3.48,0.8446,8,3.51,0.8519,21,0
SPY190809P293,2019-08-08,2019-08-08 09:36:27,3.55,0.8616,130,3.47,0.8422,45,3.48,0.8446,8,3.51,0.8519,21,0
SPY190809P293,2019-08-08,2019-08-08 09:36:28,3.54,0.8592,5,3.47,0.8422,15,3.48,0.8446,8,3.505,0.8507,21,0
SPY190809P293,2019-08-08,2019-08-08 09:36:28,3.54,0.8592,100,3.47,0.8422,15,3.48,0.8446,8,3.505,0.8507,21,0
SPY190809P293,2019-08-08,2019-08-08 09:36:29,3.54,0.8592,100,3.47,0.8422,15,3.48,0.8446,8,3.505,0.8507,21,0
SPY190809P293,2019-08-08,2019-08-08 09:36:30,3.54,0.8592,100,3.47,0.8422,15,3.48,0.8446,8,3.505,0.8507,21,0
SPY190809P293,2019-08-08,2019-08-08 09:36:31,3.54,0.8592,5,3.43,0.8325,100,3.47,0.8422,15,3.485,0.8458,36,15
SPY190809P293,2019-08-08,2019-08-08 09:36:31,3.58,0.8689,100,3.43,0.8325,120,3.47,0.8422,15,3.505,0.8507,36,0
SPY190809P293,2019-08-08,2019-08-08 09:36:32,3.58,0.8689,100,3.43,0.8325,100,3.47,0.8422,15,3.505,0.8507,36,0
SPY190809P293,2019-08-08,2019-08-08 09:36:32,3.55,0.8616,100,3.43,0.8325,100,3.47,0.8422,15,3.49,0.847,36,0
SPY190809P293,2019-08-08,2019-08-08 09:36:33,3.55,0.8616,100,3.43,0.8325,100,3.47,0.8422,15,3.49,0.847,36,0
SPY190809P293,2019-08-08,2019-08-08 09:36:33,3.58,0.8689,120,3.43,0.8325,120,3.47,0.8422,15,3.505,0.8507,36,0
SPY190809P293,2019-08-08,2019-08-08 09:36:34,3.56,0.864,100,3.43,0.8325,86,3.47,0.8422,15,3.495,0.8483,36,0
SPY190809P293,2019-08-08,2019-08-08 09:36:34,3.58,0.8689,43,3.43,0.8325,120,3.47,0.8422,15,3.505,0.8507,36,0
SPY190809P293,2019-08-08,2019-08-08 09:36:35,3.56,0.864,100,3.41,0.8276,100,3.47,0.8422,15,3.485,0.8458,36,0
SPY190809P293,2019-08-08,2019-08-08 09:36:35,3.56,0.864,120,3.43,0.8325,120,3.47,0.8422,15,3.495,0.8483,36,0
SPY190809P293,2019-08-08,2019-08-08 09:36:36,3.55,0.8616,5,3.44,0.8349,100,3.47,0.8422,15,3.495,0.8483,36,0
SPY190809P293,2019-08-08,2019-08-08 09:36:36,3.57,0.8665,100,3.44,0.8349,100,3.47,0.8422,15,3.505,0.8507,36,0
SPY190809P293,2019-08-08,2019-08-08 09:36:37,3.6,0.8737,120,3.43,0.8325,130,3.47,0.8422,15,3.515,0.8531,36,0
SPY190809P293,2019-08-08,2019-08-08 09:36:37,3.6,0.8737,100,3.44,0.8349,100,3.47,0.8422,15,3.52,0.8543,36,0
SPY190809P293,2019-08-08,2019-08-08 09:36:38,3.56,0.864,120,3.43,0.8325,149,3.47,0.8422,15,3.495,0.8483,36,0
SPY190809P293,2019-08-08,2019-08-08 09:36:38,3.56,0.864,120,3.44,0.8349,100,3.47,0.8422,15,3.5,0.8495,36,0
SPY190809P293,2019-08-08,2019-08-08 09:36:39,3.56,0.864,120,3.44,0.8349,120,3.47,0.8422,15,3.5,0.8495,36,0
SPY190809P293,2019-08-08,2019-08-08 09:36:40,3.53,0.8567,10,3.45,0.8373,10,3.47,0.8422,15,3.49,0.847,36,0
SPY190809P293,2019-08-08,2019-08-08 09:36:40,3.55,0.8616,100,3.44,0.8349,100,3.47,0.8422,15,3.495,0.8483,36,0
SPY190809P293,2019-08-08,2019-08-08 09:36:41,3.53,0.8567,105,3.45,0.8373,10,3.47,0.8422,15,3.49,0.847,36,0
SPY190809P293,2019-08-08,2019-08-08 09:36:42,3.53,0.8567,120,3.44,0.8349,120,3.47,0.8422,15,3.485,0.8458,36,0
SPY190809P293,2019-08-08,2019-08-08 09:36:42,3.53,0.8567,100,3.44,0.8349,100,3.47,0.8422,15,3.485,0.8458,36,0
SPY190809P293,2019-08-08,2019-08-08 09:36:43,3.51,0.8519,10,3.44,0.8349,125,3.47,0.8422,15,3.475,0.8434,36,0
SPY190809P293,2019-08-08,2019-08-08 09:36:43,3.51,0.8519,91,3.44,0.8349,125,3.47,0.8422,15,3.475,0.8434,36,0
SPY190809P293,2019-08-08,2019-08-08 09:36:44,3.51,0.8519,91,3.44,0.8349,125,3.47,0.8422,15,3.475,0.8434,36,0
SPY190809P293,2019-08-08,2019-08-08 09:36:45,3.51,0.8519,91,3.44,0.8349,125,3.47,0.8422,15,3.475,0.8434,36,0
SPY190809P293,2019-08-08,2019-08-08 09:36:45,3.51,0.8519,91,3.44,0.8349,120,3.47,0.8422,15,3.475,0.8434,36,0
SPY190809P293,2019-08-08,2019-08-08 09:36:46,3.59,0.8713,100,3.44,0.8349,54,3.47,0.8422,15,3.515,0.8531,36,0
SPY190809P293,2019-08-08,2019-08-08 09:36:46,3.51,0.8519,10,3.44,0.8349,10,3.47,0.8422,15,3.475,0.8434,36,0
SPY190809P293,2019-08-08,2019-08-08 09:36:47,3.5,0.8495,10,3.44,0.8349,120,3.47,0.8422,15,3.47,0.8422,36,0
SPY190809P293,2019-08-08,2019-08-08 09:36:47,3.51,0.8519,105,3.44,0.8349,120,3.47,0.8422,15,3.475,0.8434,36,0
SPY190809P293,2019-08-08,2019-08-08 09:36:48,3.5,0.8495,37,3.44,0.8349,120,3.47,0.8422,15,3.47,0.8422,36,0
SPY190809P293,2019-08-08,2019-08-08 09:36:48,3.5,0.8495,5,3.44,0.8349,120,3.47,0.8422,15,3.47,0.8422,36,0
SPY190809P293,2019-08-08,2019-08-08 09:36:49,3.53,0.8567,100,3.45,0.8373,10,3.47,0.8422,15,3.49,0.847,36,0
SPY190809P293,2019-08-08,2019-08-08 09:36:49,3.53,0.8567,124,3.45,0.8373,10,3.47,0.8422,15,3.49,0.847,36,0
SPY190809P293,2019-08-08,2019-08-08 09:36:50,3.54,0.8592,5,3.44,0.8349,5,3.47,0.8422,15,3.49,0.847,36,0
SPY190809P293,2019-08-08,2019-08-08 09:36:50,3.54,0.8592,10,3.44,0.8349,10,3.47,0.8422,15,3.49,0.847,36,0
SPY190809P293,2019-08-08,2019-08-08 09:36:51,3.51,0.8519,10,3.44,0.8349,120,3.47,0.8422,15,3.475,0.8434,36,0
SPY190809P293,2019-08-08,2019-08-08 09:36:51,3.54,0.8592,120,3.44,0.8349,120,3.47,0.8422,15,3.49,0.847,36,0
SPY190809P293,2019-08-08,2019-08-08 09:36:52,3.51,0.8519,10,3.44,0.8349,133,3.47,0.8422,15,3.475,0.8434,36,0
SPY190809P293,2019-08-08,2019-08-08 09:36:52,3.51,0.8519,10,3.44,0.8349,120,3.47,0.8422,15,3.475,0.8434,36,0
SPY190809P293,2019-08-08,2019-08-08 09:36:53,3.51,0.8519,10,3.44,0.8349,133,3.47,0.8422,15,3.475,0.8434,36,0
SPY190809P293,2019-08-08,2019-08-08 09:36:54,3.51,0.8519,84,3.44,0.8349,120,3.47,0.8422,15,3.475,0.8434,36,0
SPY190809P293,2019-08-08,2019-08-08 09:36:54,3.51,0.8519,84,3.44,0.8349,133,3.47,0.8422,15,3.475,0.8434,36,0
SPY190809P293,2019-08-08,2019-08-08 09:36:55,3.51,0.8519,84,3.44,0.8349,120,3.47,0.8422,15,3.475,0.8434,36,0
SPY190809P293,2019-08-08,2019-08-08 09:36:55,3.52,0.8543,115,3.45,0.8373,5,3.47,0.8422,15,3.485,0.8458,36,0
SPY190809P293,2019-08-08,2019-08-08 09:36:56,3.54,0.8592,5,3.45,0.8373,10,3.47,0.8422,15,3.495,0.8483,36,0
SPY190809P293,2019-08-08,2019-08-08 09:36:57,3.55,0.8616,10,3.47,0.8422,10,3.47,0.8422,15,3.51,0.8519,36,0
SPY190809P293,2019-08-08,2019-08-08 09:36:57,3.63,0.881,5,3.45,0.8373,5,3.47,0.8422,15,3.54,0.8592,36,0
SPY190809P293,2019-08-08,2019-08-08 09:36:58,3.55,0.8616,105,3.47,0.8422,100,3.47,0.8422,15,3.51,0.8519,36,0
SPY190809P293,2019-08-08,2019-08-08 09:36:58,3.54,0.8592,10,3.47,0.8422,10,3.47,0.8422,15,3.505,0.8507,36,0
SPY190809P293,2019-08-08,2019-08-08 09:36:59,3.55,0.8616,38,3.48,0.8446,5,3.47,0.8422,15,3.515,0.8531,36,0
SPY190809P293,2019-08-08,2019-08-08 09:36:59,3.54,0.8592,10,3.48,0.8446,5,3.47,0.8422,15,3.51,0.8519,36,0
SPY190809P293,2019-08-08,2019-08-08 09:37:00,3.55,0.8616,98,3.47,0.8422,120,3.47,0.8422,15,3.51,0.8519,36,0
SPY190809P293,2019-08-08,2019-08-08 09:37:00,3.54,0.8592,35,3.47,0.8422,120,3.47,0.8422,15,3.505,0.8507,36,0
SPY190809P293,2019-08-08,2019-08-08 09:37:01,3.54,0.8592,55,3.48,0.8446,55,3.47,0.8422,15,3.51,0.8519,36,0
SPY190809P293,2019-08-08,2019-08-08 09:37:01,3.66,0.8883,125,3.39,0.8228,125,3.47,0.8422,15,3.525,0.8555,36,0
SPY190809P293,2019-08-08,2019-08-08 09:37:02,3.55,0.8616,10,3.47,0.8422,133,3.47,0.8422,15,3.51,0.8519,36,0
SPY190809P293,2019-08-08,2019-08-08 09:37:02,3.56,0.864,10,3.47,0.8422,10,3.47,0.8422,15,3.515,0.8531,36,0
SPY190809P293,2019-08-08,2019-08-08 09:37:03,3.58,0.8689,10,3.51,0.8519,10,3.47,0.8422,15,3.545,0.8604,36,0
SPY190809P293,2019-08-08,2019-08-08 09:37:03,3.57,0.8665,10,3.49,0.847,10,3.47,0.8422,15,3.53,0.8567,36,0
SPY190809P293,2019-08-08,2019-08-08 09:37:04,3.57,0.8665,10,3.51,0.8519,100,3.47,0.8422,15,3.54,0.8592,36,0
SPY190809P293,2019-08-08,2019-08-08 09:37:04,3.57,0.8665,42,3.5,0.8495,79,3.47,0.8422,15,3.535,0.858,36,0
SPY190809P293,2019-08-08,2019-08-08 09:37:05,3.59,0.8713,10,3.51,0.8519,10,3.47,0.8422,15,3.55,0.8616,36,0
SPY190809P293,2019-08-08,2019-08-08 09:37:05,3.57,0.8665,30,3.5,0.8495,68,3.47,0.8422,15,3.535,0.858,36,0
SPY190809P293,2019-08-08,2019-08-08 09:37:06,3.56,0.864,39,3.5,0.8495,75,3.47,0.8422,15,3.53,0.8567,36,0
SPY190809P293,2019-08-08,2019-08-08 09:37:06,3.56,0.864,10,3.5,0.8495,31,3.47,0.8422,15,3.53,0.8567,36,0
SPY190809P293,2019-08-08,2019-08-08 09:37:07,3.57,0.8665,123,3.5,0.8495,66,3.47,0.8422,15,3.535,0.858,36,0
SPY190809P293,2019-08-08,2019-08-08 09:37:07,3.59,0.8713,100,3.5,0.8495,75,3.47,0.8422,15,3.545,0.8604,36,0
SPY190809P293,2019-08-08,2019-08-08 09:37:08,3.56,0.864,49,3.5,0.8495,90,3.47,0.8422,15,3.53,0.8567,36,0
SPY190809P293,2019-08-08,2019-08-08 09:37:09,3.57,0.8665,100,3.5,0.8495,90,3.47,0.8422,15,3.535,0.858,36,0
SPY190809P293,2019-08-08,2019-08-08 09:37:09,3.6,0.8737,47,3.53,0.8567,10,3.47,0.8422,15,3.565,0.8652,36,0
SPY190809P293,2019-08-08,2019-08-08 09:37:10,3.6,0.8737,55,3.54,0.8592,5,3.47,0.8422,15,3.57,0.8665,36,0
SPY190809P293,2019-08-08,2019-08-08 09:37:10,3.6,0.8737,59,3.53,0.8567,100,3.47,0.8422,15,3.565,0.8652,36,0
SPY190809P293,2019-08-08,2019-08-08 09:37:11,3.62,0.8786,44,3.55,0.8616,5,3.47,0.8422,15,3.585,0.8701,36,0
SPY190809P293,2019-08-08,2019-08-08 09:37:11,3.62,0.8786,10,3.54,0.8592,10,3.47,0.8422,15,3.58,0.8689,36,0
SPY190809P293,2019-08-08,2019-08-08 09:37:12,3.63,0.881,120,3.56,0.864,120,3.47,0.8422,15,3.595,0.8725,36,0
SPY190809P293,2019-08-08,2019-08-08 09:37:12,3.62,0.8786,48,3.56,0.864,10,3.47,0.8422,15,3.59,0.8713,36,0
SPY190809P293,2019-08-08,2019-08-08 09:37:13,3.63,0.881,120,3.56,0.864,120,3.47,0.8422,15,3.595,0.8725,36,0
SPY190809P293,2019-08-08,2019-08-08 09:37:13,3.63,0.881,83,3.57,0.8665,5,3.47,0.8422,15,3.6,0.8737,36,0
SPY190809P293,2019-08-08,2019-08-08 09:37:14,3.69,0.8956,10,3.61,0.8762,10,3.47,0.8422,15,3.65,0.8859,36,0
SPY190809P293,2019-08-08,2019-08-08 09:37:14,3.73,0.9053,100,3.58,0.8689,120,3.47,0.8422,15,3.655,0.8871,36,0
SPY190809P293,2019-08-08,2019-08-08 09:37:15,3.69,0.8956,10,3.62,0.8786,100,3.47,0.8422,15,3.655,0.8871,36,0
SPY190809P293,2019-08-08,2019-08-08 09:37:15,3.7,0.898,10,3.62,0.8786,100,3.47,0.8422,15,3.66,0.8883,36,0
SPY190809P293,2019-08-08,2019-08-08 09:37:16,3.69,0.8956,10,3.62,0.8786,100,3.47,0.8422,15,3.655,0.8871,36,0
SPY190809P293,2019-08-08,2019-08-08 09:37:16,3.69,0.8956,10,3.62,0.8786,10,3.47,0.8422,15,3.655,0.8871,36,0
SPY190809P293,2019-08-08,2019-08-08 09:37:17,3.69,0.8956,62,3.59,0.8713,10,3.47,0.8422,15,3.64,0.8834,36,0
SPY190809P293,2019-08-08,2019-08-08 09:37:17,3.69,0.8956,10,3.61,0.8762,32,3.47,0.8422,15,3.65,0.8859,36,0
SPY190809P293,2019-08-08,2019-08-08 09:37:18,3.75,0.9101,125,3.58,0.8689,10,3.47,0.8422,15,3.665,0.8895,36,0
SPY190809P293,2019-08-08,2019-08-08 09:37:18,3.65,0.8859,10,3.57,0.8665,10,3.47,0.8422,15,3.61,0.8762,36,0
SPY190809P293,2019-08-08,2019-08-08 09:37:19,3.65,0.8859,6,3.57,0.8665,41,3.47,0.8422,15,3.61,0.8762,36,0
SPY190809P293,2019-08-08,2019-08-08 09:37:19,3.64,0.8834,10,3.56,0.864,10,3.47,0.8422,15,3.6,0.8737,36,0
SPY190809P293,2019-08-08,2019-08-08 09:37:20,3.66,0.8883,5,3.53,0.8567,100,3.47,0.8422,15,3.595,0.8725,36,0
SPY190809P293,2019-08-08,2019-08-08 09:37:20,3.64,0.8834,10,3.56,0.864,10,3.47,0.8422,15,3.6,0.8737,36,0
SPY190809P293,2019-08-08,2019-08-08 09:37:21,3.63,0.881,10,3.56,0.864,108,3.47,0.8422,15,3.595,0.8725,36,0
SPY190809P293,2019-08-08,2019-08-08 09:37:21,3.63,0.881,38,3.56,0.864,100,3.47,0.8422,15,3.595,0.8725,36,0
SPY190809P293,2019-08-08,2019-08-08 09:37:22,3.62,0.8786,10,3.54,0.8592,10,3.47,0.8422,15,3.58,0.8689,36,0
SPY190809P293,2019-08-08,2019-08-08 09:37:22,3.62,0.8786,5,3.54,0.8592,5,3.47,0.8422,15,3.58,0.8689,36,0
SPY190809P293,2019-08-08,2019-08-08 09:37:23,3.68,0.8932,120,3.5,0.8495,120,3.47,0.8422,15,3.59,0.8713,36,0
SPY190809P293,2019-08-08,2019-08-08 09:37:23,3.85,0.9344,16,3.5,0.8495,20,3.47,0.8422,15,3.675,0.8919,36,0
SPY190809P293,2019-08-08,2019-08-08 09:37:24,3.65,0.8859,10,3.56,0.864,10,3.47,0.8422,15,3.605,0.875,36,0
SPY190809P293,2019-08-08,2019-08-08 09:37:24,3.62,0.8786,10,3.54,0.8592,10,3.47,0.8422,15,3.58,0.8689,36,0
SPY190809P293,2019-08-08,2019-08-08 09:37:25,3.63,0.881,100,3.56,0.864,10,3.47,0.8422,15,3.595,0.8725,36,0
SPY190809P293,2019-08-08,2019-08-08 09:37:25,3.63,0.881,10,3.55,0.8616,10,3.47,0.8422,15,3.59,0.8713,36,0
SPY190809P293,2019-08-08,2019-08-08 09:37:26,3.63,0.881,105,3.56,0.864,10,3.47,0.8422,15,3.595,0.8725,36,0
SPY190809P293,2019-08-08,2019-08-08 09:37:26,3.63,0.881,105,3.56,0.864,68,3.47,0.8422,15,3.595,0.8725,36,0
SPY190809P293,2019-08-08,2019-08-08 09:37:27,3.64,0.8834,10,3.56,0.864,100,3.47,0.8422,15,3.6,0.8737,36,0
SPY190809P293,2019-08-08,2019-08-08 09:37:27,3.64,0.8834,62,3.57,0.8665,10,3.47,0.8422,15,3.605,0.875,36,0
SPY190809P293,2019-08-08,2019-08-08 09:37:28,3.67,0.8907,10,3.58,0.8689,10,3.47,0.8422,15,3.625,0.8798,36,0
SPY190809P293,2019-08-08,2019-08-08 09:37:28,3.67,0.8907,10,3.6,0.8737,10,3.47,0.8422,15,3.635,0.8822,36,0
SPY190809P293,2019-08-08,2019-08-08 09:37:29,3.68,0.8932,10,3.6,0.8737,10,3.47,0.8422,15,3.64,0.8834,36,0
SPY190809P293,2019-08-08,2019-08-08 09:37:29,3.67,0.8907,10,3.6,0.8737,10,3.47,0.8422,15,3.635,0.8822,36,0
SPY190809P293,2019-08-08,2019-08-08 09:37:30,3.68,0.8932,34,3.6,0.8737,120,3.47,0.8422,15,3.64,0.8834,36,0
SPY190809P293,2019-08-08,2019-08-08 09:37:31,3.68,0.8932,5,3.61,0.8762,5,3.47,0.8422,15,3.645,0.8847,36,0
SPY190809P293,2019-08-08,2019-08-08 09:37:31,3.68,0.8932,5,3.6,0.8737,120,3.47,0.8422,15,3.64,0.8834,36,0
SPY190809P293,2019-08-08,2019-08-08 09:37:32,3.67,0.8907,10,3.58,0.8689,10,3.47,0.8422,15,3.625,0.8798,36,0
SPY190809P293,2019-08-08,2019-08-08 09:37:32,3.67,0.8907,65,3.58,0.8689,100,3.47,0.8422,15,3.625,0.8798,36,0
SPY190809P293,2019-08-08,2019-08-08 09:37:33,3.65,0.8859,105,3.58,0.8689,120,3.47,0.8422,15,3.615,0.8774,36,0
SPY190809P293,2019-08-08,2019-08-08 09:37:33,3.67,0.8907,65,3.59,0.8713,5,3.47,0.8422,15,3.63,0.881,36,0
SPY190809P293,2019-08-08,2019-08-08 09:37:34,3.65,0.8859,105,3.58,0.8689,120,3.47,0.8422,15,3.615,0.8774,36,0
SPY190809P293,2019-08-08,2019-08-08 09:37:34,3.65,0.8859,10,3.58,0.8689,100,3.47,0.8422,15,3.615,0.8774,36,0
SPY190809P293,2019-08-08,2019-08-08 09:37:35,3.65,0.8859,10,3.59,0.8713,28,3.47,0.8422,15,3.62,0.8786,36,0
SPY190809P293,2019-08-08,2019-08-08 09:37:35,3.65,0.8859,31,3.59,0.8713,28,3.47,0.8422,15,3.62,0.8786,36,0
SPY190809P293,2019-08-08,2019-08-08 09:37:36,3.65,0.8859,115,3.56,0.864,10,3.47,0.8422,15,3.605,0.875,36,0
SPY190809P293,2019-08-08,2019-08-08 09:37:36,3.65,0.8859,115,3.59,0.8713,42,3.47,0.8422,15,3.62,0.8786,36,0
SPY190809P293,2019-08-08,2019-08-08 09:37:37,3.64,0.8834,10,3.56,0.864,10,3.47,0.8422,15,3.6,0.8737,36,0
SPY190809P293,2019-08-08,2019-08-08 09:37:37,3.64,0.8834,100,3.57,0.8665,10,3.47,0.8422,15,3.605,0.875,36,0
SPY190809P293,2019-08-08,2019-08-08 09:37:38,3.6,0.8737,10,3.52,0.8543,10,3.47,0.8422,15,3.56,0.864,36,0
SPY190809P293,2019-08-08,2019-08-08 09:37:38,3.62,0.8786,10,3.56,0.864,3,3.47,0.8422,15,3.59,0.8713,36,0
SPY190809P293,2019-08-08,2019-08-08 09:37:39,3.6,0.8737,10,3.52,0.8543,10,3.47,0.8422,15,3.56,0.864,36,0
SPY190809P293,2019-08-08,2019-08-08 09:37:39,3.59,0.8713,10,3.52,0.8543,38,3.47,0.8422,15,3.555,0.8628,36,0
SPY190809P293,2019-08-08,2019-08-08 09:37:40,3.58,0.8689,67,3.49,0.847,100,3.47,0.8422,15,3.535,0.858,36,0
SPY190809P293,2019-08-08,2019-08-08 09:37:40,3.59,0.8713,93,3.52,0.8543,59,3.47,0.8422,15,3.555,0.8628,36,0
SPY190809P293,2019-08-08,2019-08-08 09:37:41,3.58,0.8689,67,3.5,0.8495,10,3.47,0.8422,15,3.54,0.8592,36,0
SPY190809P293,2019-08-08,2019-08-08 09:37:42,3.59,0.8713,10,3.51,0.8519,5,3.47,0.8422,15,3.55,0.8616,36,0
SPY190809P293,2019-08-08,2019-08-08 09:37:42,3.58,0.8689,10,3.52,0.8543,88,3.47,0.8422,15,3.55,0.8616,36,0
SPY190809P293,2019-08-08,2019-08-08 09:37:43,3.57,0.8665,10,3.49,0.847,131,3.47,0.8422,15,3.53,0.8567,36,0
SPY190809P293,2019-08-08,2019-08-08 09:37:43,3.58,0.8689,10,3.52,0.8543,88,3.47,0.8422,15,3.55,0.8616,36,0
SPY190809P293,2019-08-08,2019-08-08 09:37:44,3.59,0.8713,10,3.52,0.8543,10,3.47,0.8422,15,3.555,0.8628,36,0
SPY190809P293,2019-08-08,2019-08-08 09:37:44,3.59,0.8713,10,3.5,0.8495,131,3.47,0.8422,15,3.545,0.8604,36,0
SPY190809P293,2019-08-08,2019-08-08 09:37:45,3.57,0.8665,75,3.51,0.8519,3,3.47,0.8422,15,3.54,0.8592,36,0
SPY190809P293,2019-08-08,2019-08-08 09:37:45,3.57,0.8665,10,3.51,0.8519,61,3.47,0.8422,15,3.54,0.8592,36,0
SPY190809P293,2019-08-08,2019-08-08 09:37:46,3.57,0.8665,75,3.5,0.8495,100,3.47,0.8422,15,3.535,0.858,36,0
SPY190809P293,2019-08-08,2019-08-08 09:37:46,3.57,0.8665,75,3.51,0.8519,3,3.47,0.8422,15,3.54,0.8592,36,0
SPY190809P293,2019-08-08,2019-08-08 09:37:47,3.57,0.8665,131,3.51,0.8519,3,3.47,0.8422,15,3.54,0.8592,36,0
SPY190809P293,2019-08-08,2019-08-08 09:37:47,3.57,0.8665,90,3.5,0.8495,119,3.47,0.8422,15,3.535,0.858,36,0
SPY190809P293,2019-08-08,2019-08-08 09:37:48,3.57,0.8665,131,3.52,0.8543,3,3.47,0.8422,15,3.545,0.8604,36,0
SPY190809P293,2019-08-08,2019-08-08 09:37:48,3.57,0.8665,131,3.51,0.8519,3,3.47,0.8422,15,3.54,0.8592,36,0
SPY190809P293,2019-08-08,2019-08-08 09:37:49,3.59,0.8713,121,3.52,0.8543,56,3.47,0.8422,15,3.555,0.8628,36,0
SPY190809P293,2019-08-08,2019-08-08 09:37:49,3.57,0.8665,20,3.52,0.8543,3,3.47,0.8422,15,3.545,0.8604,36,0
SPY190809P293,2019-08-08,2019-08-08 09:37:50,3.59,0.8713,100,3.44,0.8349,125,3.47,0.8422,15,3.515,0.8531,36,0
SPY190809P293,2019-08-08,2019-08-08 09:37:51,3.62,0.8786,10,3.53,0.8567,10,3.47,0.8422,15,3.575,0.8677,36,0
SPY190809P293,2019-08-08,2019-08-08 09:37:51,3.62,0.8786,10,3.55,0.8616,3,3.47,0.8422,15,3.585,0.8701,36,0
SPY190809P293,2019-08-08,2019-08-08 09:37:52,3.61,0.8762,10,3.56,0.864,3,3.47,0.8422,15,3.585,0.8701,36,0
SPY190809P293,2019-08-08,2019-08-08 09:37:52,3.64,0.8834,128,3.57,0.8665,3,3.47,0.8422,15,3.605,0.875,36,0
SPY190809P293,2019-08-08,2019-08-08 09:37:53,3.64,0.8834,65,3.59,0.8713,3,3.47,0.8422,15,3.615,0.8774,36,0
SPY190809P293,2019-08-08,2019-08-08 09:37:53,3.64,0.8834,10,3.56,0.864,10,3.47,0.8422,15,3.6,0.8737,36,0
SPY190809P293,2019-08-08,2019-08-08 09:37:54,3.64,0.8834,100,3.57,0.8665,10,3.47,0.8422,15,3.605,0.875,36,0
SPY190809P293,2019-08-08,2019-08-08 09:37:54,3.65,0.8859,100,3.57,0.8665,80,3.47,0.8422,15,3.61,0.8762,36,0
SPY190809P293,2019-08-08,2019-08-08 09:37:55,3.66,0.8883,79,3.6,0.8737,3,3.47,0.8422,15,3.63,0.881,36,0
SPY190809P293,2019-08-08,2019-08-08 09:37:55,3.65,0.8859,86,3.57,0.8665,80,3.47,0.8422,15,3.61,0.8762,36,0
SPY190809P293,2019-08-08,2019-08-08 09:37:56,3.67,0.8907,5,3.61,0.8762,3,3.47,0.8422,15,3.64,0.8834,36,0
SPY190809P293,2019-08-08,2019-08-08 09:37:56,3.65,0.8859,10,3.58,0.8689,70,3.47,0.8422,15,3.615,0.8774,36,0
SPY190809P293,2019-08-08,2019-08-08 09:37:57,3.65,0.8859,100,3.58,0.8689,70,3.47,0.8422,15,3.615,0.8774,36,0
SPY190809P293,2019-08-08,2019-08-08 09:37:57,3.64,0.8834,10,3.58,0.8689,3,3.47,0.8422,15,3.61,0.8762,36,0
SPY190809P293,2019-08-08,2019-08-08 09:37:58,3.66,0.8883,62,3.6,0.8737,3,3.47,0.8422,15,3.63,0.881,36,0
SPY190809P293,2019-08-08,2019-08-08 09:37:58,3.67,0.8907,10,3.61,0.8762,3,3.47,0.8422,15,3.64,0.8834,36,0
SPY190809P293,2019-08-08,2019-08-08 09:37:59,3.64,0.8834,120,3.57,0.8665,3,3.47,0.8422,15,3.605,0.875,36,0
SPY190809P293,2019-08-08,2019-08-08 09:37:59,3.65,0.8859,10,3.59,0.8713,3,3.47,0.8422,15,3.62,0.8786,36,0
SPY190809P293,2019-08-08,2019-08-08 09:38:00,3.71,0.9004,5,3.52,0.8543,100,3.47,0.8422,15,3.615,0.8774,36,0
SPY190809P293,2019-08-08,2019-08-08 09:38:00,3.71,0.9004,5,3.54,0.8592,100,3.47,0.8422,15,3.625,0.8798,36,0
SPY190809P293,2019-08-08,2019-08-08 09:38:01,3.72,0.9029,100,3.54,0.8592,100,3.47,0.8422,15,3.63,0.881,36,0
SPY190809P293,2019-08-08,2019-08-08 09:38:01,3.77,0.915,125,3.54,0.8592,120,3.47,0.8422,15,3.655,0.8871,36,0
SPY190809P293,2019-08-08,2019-08-08 09:38:02,3.73,0.9053,100,3.55,0.8616,100,3.47,0.8422,15,3.64,0.8834,36,0
SPY190809P293,2019-08-08,2019-08-08 09:38:02,3.76,0.9126,5,3.52,0.8543,5,3.47,0.8422,15,3.64,0.8834,36,0
SPY190809P293,2019-08-08,2019-08-08 09:38:03,3.71,0.9004,100,3.55,0.8616,100,3.47,0.8422,15,3.63,0.881,36,0
SPY190809P293,2019-08-08,2019-08-08 09:38:03,3.72,0.9029,100,3.55,0.8616,100,3.47,0.8422,15,3.635,0.8822,36,0
SPY190809P293,2019-08-08,2019-08-08 09:38:04,3.74,0.9077,5,3.55,0.8616,100,3.47,0.8422,15,3.645,0.8847,36,0
SPY190809P293,2019-08-08,2019-08-08 09:38:04,3.74,0.9077,100,3.55,0.8616,100,3.47,0.8422,15,3.645,0.8847,36,0
SPY190809P293,2019-08-08,2019-08-08 09:38:05,3.71,0.9004,100,3.57,0.8665,100,3.47,0.8422,15,3.64,0.8834,36,0
SPY190809P293,2019-08-08,2019-08-08 09:38:05,3.73,0.9053,100,3.56,0.864,100,3.47,0.8422,15,3.645,0.8847,36,0
SPY190809P293,2019-08-08,2019-08-08 09:38:06,3.72,0.9029,120,3.58,0.8689,100,3.47,0.8422,15,3.65,0.8859,36,0
SPY190809P293,2019-08-08,2019-08-08 09:38:06,3.73,0.9053,100,3.57,0.8665,100,3.47,0.8422,15,3.65,0.8859,36,0
SPY190809P293,2019-08-08,2019-08-08 09:38:07,3.72,0.9029,120,3.45,0.8373,10,3.47,0.8422,15,3.585,0.8701,36,0
SPY190809P293,2019-08-08,2019-08-08 09:38:07,3.72,0.9029,120,3.58,0.8689,120,3.47,0.8422,15,3.65,0.8859,36,0
SPY190809P293,2019-08-08,2019-08-08 09:38:08,3.76,0.9126,120,3.56,0.864,120,3.47,0.8422,15,3.66,0.8883,36,0
SPY190809P293,2019-08-08,2019-08-08 09:38:08,3.71,0.9004,100,3.56,0.864,100,3.47,0.8422,15,3.635,0.8822,36,0
SPY190809P293,2019-08-08,2019-08-08 09:38:09,3.74,0.9077,100,3.55,0.8616,100,3.47,0.8422,15,3.645,0.8847,36,0
SPY190809P293,2019-08-08,2019-08-08 09:38:09,3.7,0.898,100,3.55,0.8616,120,3.47,0.8422,15,3.625,0.8798,36,0
SPY190809P293,2019-08-08,2019-08-08 09:38:10,3.73,0.9053,100,3.58,0.8689,100,3.47,0.8422,15,3.655,0.8871,36,0
SPY190809P293,2019-08-08,2019-08-08 09:38:10,3.7,0.898,100,3.56,0.864,100,3.47,0.8422,15,3.63,0.881,36,0
SPY190809P293,2019-08-08,2019-08-08 09:38:11,3.8,0.9223,330,3.58,0.8689,100,3.47,0.8422,15,3.69,0.8956,36,0
SPY190809P293,2019-08-08,2019-08-08 09:38:11,3.74,0.9077,100,3.56,0.864,100,3.47,0.8422,15,3.65,0.8859,36,0
SPY190809P293,2019-08-08,2019-08-08 09:38:12,3.71,0.9004,100,3.57,0.8665,100,3.47,0.8422,15,3.64,0.8834,36,0
SPY190809P293,2019-08-08,2019-08-08 09:38:12,3.77,0.915,5,3.52,0.8543,5,3.47,0.8422,15,3.645,0.8847,36,0
SPY190809P293,2019-08-08,2019-08-08 09:38:13,3.71,0.9004,100,3.57,0.8665,100,3.47,0.8422,15,3.64,0.8834,36,0
SPY190809P293,2019-08-08,2019-08-08 09:38:13,3.72,0.9029,100,3.58,0.8689,100,3.47,0.8422,15,3.65,0.8859,36,0
SPY190809P293,2019-08-08,2019-08-08 09:38:14,3.75,0.9101,100,3.58,0.8689,100,3.47,0.8422,15,3.665,0.8895,36,0
SPY190809P293,2019-08-08,2019-08-08 09:38:15,3.75,0.9101,163,3.58,0.8689,120,3.47,0.8422,15,3.665,0.8895,36,0
SPY190809P293,2019-08-08,2019-08-08 09:38:15,3.72,0.9029,116,3.58,0.8689,120,3.47,0.8422,15,3.65,0.8859,36,0
SPY190809P293,2019-08-08,2019-08-08 09:38:16,3.77,0.915,100,3.58,0.8689,100,3.47,0.8422,15,3.675,0.8919,36,0
SPY190809P293,2019-08-08,2019-08-08 09:38:16,3.81,0.9247,135,3.53,0.8567,135,3.47,0.8422,15,3.67,0.8907,36,0
SPY190809P293,2019-08-08,2019-08-08 09:38:17,3.73,0.9053,100,3.59,0.8713,100,3.47,0.8422,15,3.66,0.8883,36,0
SPY190809P293,2019-08-08,2019-08-08 09:38:17,3.76,0.9126,100,3.59,0.8713,100,3.47,0.8422,15,3.675,0.8919,36,0
SPY190809P293,2019-08-08,2019-08-08 09:38:18,3.72,0.9029,100,3.58,0.8689,100,3.47,0.8422,15,3.65,0.8859,36,0
SPY190809P293,2019-08-08,2019-08-08 09:38:18,3.73,0.9053,100,3.58,0.8689,100,3.47,0.8422,15,3.655,0.8871,36,0
SPY190809P293,2019-08-08,2019-08-08 09:38:19,3.79,0.9199,5,3.57,0.8665,5,3.47,0.8422,15,3.68,0.8932,36,0
SPY190809P293,2019-08-08,2019-08-08 09:38:19,3.76,0.9126,116,3.57,0.8665,100,3.47,0.8422,15,3.665,0.8895,36,0
SPY190809P293,2019-08-08,2019-08-08 09:38:20,3.72,0.9029,100,3.53,0.8567,246,3.47,0.8422,15,3.625,0.8798,36,0
SPY190809P293,2019-08-08,2019-08-08 09:38:21,3.7,0.898,100,3.56,0.864,100,3.47,0.8422,15,3.63,0.881,36,0
SPY190809P293,2019-08-08,2019-08-08 09:38:21,3.7,0.898,116,3.56,0.864,100,3.47,0.8422,15,3.63,0.881,36,0
SPY190809P293,2019-08-08,2019-08-08 09:38:22,3.69,0.8956,100,3.54,0.8592,100,3.47,0.8422,15,3.615,0.8774,36,0
SPY190809P293,2019-08-08,2019-08-08 09:38:22,3.67,0.8907,5,3.54,0.8592,120,3.47,0.8422,15,3.605,0.875,36,0
SPY190809P293,2019-08-08,2019-08-08 09:38:23,3.67,0.8907,6,3.55,0.8616,5,3.47,0.8422,15,3.61,0.8762,36,0
SPY190809P293,2019-08-08,2019-08-08 09:38:23,3.73,0.9053,100,3.55,0.8616,5,3.47,0.8422,15,3.64,0.8834,36,0
SPY190809P293,2019-08-08,2019-08-08 09:38:24,3.71,0.9004,120,3.49,0.847,10,3.47,0.8422,15,3.6,0.8737,36,0
SPY190809P293,2019-08-08,2019-08-08 09:38:24,3.7,0.898,100,3.56,0.864,100,3.47,0.8422,15,3.63,0.881,36,0
