symbol,Date,quote_time,ask_price,norm_ask_price,ask_size,bid_price,norm_bid_price,bid_size,last_trade_price,norm_last_trade_price,last_trade_size,mark_price,norm_mark_price,volume,Volume
SPY190729P302,2019-07-26,2019-07-26 09:38:08,1.24,1.0,203,1.21,0.9758,22,1.19,0.9596,100,1.225,0.9879,170,170
SPY190729P302,2019-07-26,2019-07-26 09:38:09,1.24,1.0,203,1.21,0.9758,46,1.19,0.9596,100,1.225,0.9879,170,0
SPY190729P302,2019-07-26,2019-07-26 09:38:10,1.24,1.0,203,1.21,0.9758,46,1.19,0.9596,100,1.225,0.9879,170,0
SPY190729P302,2019-07-26,2019-07-26 09:38:11,1.24,1.0,103,1.21,0.9758,46,1.19,0.9596,100,1.225,0.9879,170,0
SPY190729P302,2019-07-26,2019-07-26 09:38:11,1.24,1.0,103,1.21,0.9758,26,1.19,0.9596,100,1.225,0.9879,170,0
SPY190729P302,2019-07-26,2019-07-26 09:38:12,1.26,1.0161,204,1.22,0.9838,46,1.19,0.9596,100,1.24,1.0,170,0
SPY190729P302,2019-07-26,2019-07-26 09:38:12,1.26,1.0161,204,1.22,0.9838,176,1.19,0.9596,100,1.24,1.0,170,0
SPY190729P302,2019-07-26,2019-07-26 09:38:13,1.26,1.0161,188,1.22,0.9838,16,1.19,0.9596,100,1.24,1.0,170,0
SPY190729P302,2019-07-26,2019-07-26 09:38:13,1.25,1.008,100,1.22,0.9838,16,1.19,0.9596,100,1.235,0.9959,170,0
SPY190729P302,2019-07-26,2019-07-26 09:38:14,1.26,1.0161,188,1.22,0.9838,16,1.19,0.9596,100,1.24,1.0,170,0
SPY190729P302,2019-07-26,2019-07-26 09:38:14,1.26,1.0161,188,1.22,0.9838,133,1.19,0.9596,100,1.24,1.0,170,0
SPY190729P302,2019-07-26,2019-07-26 09:38:15,1.26,1.0161,188,1.22,0.9838,133,1.19,0.9596,100,1.24,1.0,170,0
SPY190729P302,2019-07-26,2019-07-26 09:38:16,1.26,1.0161,188,1.22,0.9838,84,1.19,0.9596,100,1.24,1.0,170,0
SPY190729P302,2019-07-26,2019-07-26 09:38:16,1.26,1.0161,188,1.22,0.9838,56,1.19,0.9596,100,1.24,1.0,170,0
SPY190729P302,2019-07-26,2019-07-26 09:38:17,1.26,1.0161,183,1.23,0.9919,16,1.19,0.9596,100,1.245,1.004,170,0
SPY190729P302,2019-07-26,2019-07-26 09:38:18,1.26,1.0161,183,1.23,0.9919,16,1.19,0.9596,100,1.245,1.004,170,0
SPY190729P302,2019-07-26,2019-07-26 09:38:18,1.26,1.0161,51,1.23,0.9919,12,1.19,0.9596,100,1.245,1.004,170,0
SPY190729P302,2019-07-26,2019-07-26 09:38:19,1.27,1.0241,100,1.24,1.0,100,1.19,0.9596,100,1.255,1.012,170,0
SPY190729P302,2019-07-26,2019-07-26 09:38:19,1.28,1.0322,26,1.24,1.0,16,1.19,0.9596,100,1.26,1.0161,170,0
SPY190729P302,2019-07-26,2019-07-26 09:38:20,1.28,1.0322,176,1.24,1.0,100,1.19,0.9596,100,1.26,1.0161,170,0
SPY190729P302,2019-07-26,2019-07-26 09:38:21,1.29,1.0403,100,1.26,1.0161,16,1.19,0.9596,100,1.275,1.0282,170,0
SPY190729P302,2019-07-26,2019-07-26 09:38:21,1.28,1.0322,181,1.24,1.0,100,1.19,0.9596,100,1.26,1.0161,170,0
SPY190729P302,2019-07-26,2019-07-26 09:38:22,1.29,1.0403,100,1.26,1.0161,16,1.19,0.9596,100,1.275,1.0282,170,0
SPY190729P302,2019-07-26,2019-07-26 09:38:22,1.29,1.0403,10,1.26,1.0161,23,1.19,0.9596,100,1.275,1.0282,170,0
SPY190729P302,2019-07-26,2019-07-26 09:38:23,1.31,1.0564,110,1.27,1.0241,53,1.19,0.9596,100,1.29,1.0403,170,0
SPY190729P302,2019-07-26,2019-07-26 09:38:23,1.31,1.0564,110,1.28,1.0322,16,1.19,0.9596,100,1.295,1.0443,170,0
SPY190729P302,2019-07-26,2019-07-26 09:38:24,1.31,1.0564,110,1.28,1.0322,16,1.19,0.9596,100,1.295,1.0443,170,0
SPY190729P302,2019-07-26,2019-07-26 09:38:24,1.32,1.0645,169,1.27,1.0241,76,1.19,0.9596,100,1.295,1.0443,170,0
SPY190729P302,2019-07-26,2019-07-26 09:38:25,1.32,1.0645,169,1.27,1.0241,76,1.19,0.9596,100,1.295,1.0443,170,0
SPY190729P302,2019-07-26,2019-07-26 09:38:26,1.32,1.0645,169,1.28,1.0322,16,1.19,0.9596,100,1.3,1.0483,170,0
SPY190729P302,2019-07-26,2019-07-26 09:38:27,1.32,1.0645,16,1.29,1.0403,157,1.19,0.9596,100,1.305,1.0524,170,0
SPY190729P302,2019-07-26,2019-07-26 09:38:27,1.32,1.0645,10,1.29,1.0403,157,1.19,0.9596,100,1.305,1.0524,170,0
SPY190729P302,2019-07-26,2019-07-26 09:38:28,1.33,1.0725,100,1.29,1.0403,165,1.19,0.9596,100,1.31,1.0564,170,0
SPY190729P302,2019-07-26,2019-07-26 09:38:28,1.33,1.0725,30,1.3,1.0483,10,1.19,0.9596,100,1.315,1.0604,170,0
SPY190729P302,2019-07-26,2019-07-26 09:38:29,1.33,1.0725,16,1.31,1.0564,142,1.19,0.9596,100,1.32,1.0645,170,0
SPY190729P302,2019-07-26,2019-07-26 09:38:29,1.33,1.0725,6,1.32,1.0645,16,1.19,0.9596,100,1.325,1.0685,170,0
SPY190729P302,2019-07-26,2019-07-26 09:38:30,1.35,1.0887,16,1.32,1.0645,16,1.19,0.9596,100,1.335,1.0766,170,0
SPY190729P302,2019-07-26,2019-07-26 09:38:31,1.37,1.1048,110,1.33,1.0725,16,1.19,0.9596,100,1.35,1.0887,170,0
SPY190729P302,2019-07-26,2019-07-26 09:38:31,1.35,1.0887,16,1.33,1.0725,10,1.19,0.9596,100,1.34,1.0806,170,0
SPY190729P302,2019-07-26,2019-07-26 09:38:32,1.37,1.1048,101,1.33,1.0725,16,1.19,0.9596,100,1.35,1.0887,170,0
SPY190729P302,2019-07-26,2019-07-26 09:38:32,1.37,1.1048,10,1.33,1.0725,151,1.19,0.9596,100,1.35,1.0887,170,0
SPY190729P302,2019-07-26,2019-07-26 09:38:33,1.37,1.1048,36,1.33,1.0725,151,1.19,0.9596,100,1.35,1.0887,170,0
SPY190729P302,2019-07-26,2019-07-26 09:38:33,1.37,1.1048,105,1.32,1.0645,100,1.19,0.9596,100,1.345,1.0846,170,0
SPY190729P302,2019-07-26,2019-07-26 09:38:34,1.37,1.1048,134,1.33,1.0725,10,1.19,0.9596,100,1.35,1.0887,170,0
SPY190729P302,2019-07-26,2019-07-26 09:38:35,1.37,1.1048,134,1.36,1.0967,100,1.19,0.9596,100,1.365,1.1008,170,0
SPY190729P302,2019-07-26,2019-07-26 09:38:36,1.44,1.1612,149,1.37,1.1048,1,1.37,1.1048,1,1.405,1.133,172,2
SPY190729P302,2019-07-26,2019-07-26 09:38:36,1.43,1.1532,137,1.38,1.1129,163,1.37,1.1048,1,1.405,1.133,172,0
SPY190729P302,2019-07-26,2019-07-26 09:38:37,1.42,1.1451,6,1.38,1.1129,163,1.37,1.1048,1,1.4,1.129,172,0
SPY190729P302,2019-07-26,2019-07-26 09:38:38,1.43,1.1532,143,1.39,1.1209,95,1.37,1.1048,1,1.41,1.137,172,0
SPY190729P302,2019-07-26,2019-07-26 09:38:38,1.42,1.1451,6,1.4,1.129,1,1.37,1.1048,1,1.41,1.137,172,0
SPY190729P302,2019-07-26,2019-07-26 09:38:39,1.43,1.1532,101,1.39,1.1209,10,1.37,1.1048,1,1.41,1.137,172,0
SPY190729P302,2019-07-26,2019-07-26 09:38:39,1.43,1.1532,101,1.39,1.1209,46,1.37,1.1048,1,1.41,1.137,172,0
SPY190729P302,2019-07-26,2019-07-26 09:38:40,1.41,1.137,100,1.4,1.129,6,1.37,1.1048,1,1.405,1.133,172,0
SPY190729P302,2019-07-26,2019-07-26 09:38:40,1.43,1.1532,116,1.4,1.129,10,1.37,1.1048,1,1.415,1.1411,172,0
SPY190729P302,2019-07-26,2019-07-26 09:38:41,1.43,1.1532,111,1.4,1.129,6,1.37,1.1048,1,1.415,1.1411,172,0
SPY190729P302,2019-07-26,2019-07-26 09:38:42,1.43,1.1532,111,1.4,1.129,1,1.37,1.1048,1,1.415,1.1411,172,0
SPY190729P302,2019-07-26,2019-07-26 09:38:42,1.43,1.1532,111,1.4,1.129,10,1.37,1.1048,1,1.415,1.1411,172,0
SPY190729P302,2019-07-26,2019-07-26 09:38:43,1.43,1.1532,116,1.39,1.1209,36,1.37,1.1048,1,1.41,1.137,172,0
SPY190729P302,2019-07-26,2019-07-26 09:38:43,1.42,1.1451,1,1.39,1.1209,46,1.37,1.1048,1,1.405,1.133,172,0
SPY190729P302,2019-07-26,2019-07-26 09:38:44,1.43,1.1532,101,1.39,1.1209,58,1.37,1.1048,1,1.41,1.137,172,0
SPY190729P302,2019-07-26,2019-07-26 09:38:44,1.43,1.1532,106,1.39,1.1209,16,1.37,1.1048,1,1.41,1.137,172,0
SPY190729P302,2019-07-26,2019-07-26 09:38:45,1.42,1.1451,101,1.39,1.1209,34,1.37,1.1048,1,1.405,1.133,172,0
SPY190729P302,2019-07-26,2019-07-26 09:38:45,1.41,1.137,100,1.39,1.1209,34,1.37,1.1048,1,1.4,1.129,172,0
SPY190729P302,2019-07-26,2019-07-26 09:38:46,1.42,1.1451,101,1.39,1.1209,48,1.37,1.1048,1,1.405,1.133,172,0
SPY190729P302,2019-07-26,2019-07-26 09:38:46,1.42,1.1451,101,1.39,1.1209,6,1.37,1.1048,1,1.405,1.133,172,0
SPY190729P302,2019-07-26,2019-07-26 09:38:47,1.4,1.129,2,1.37,1.1048,107,1.37,1.1048,1,1.385,1.1169,172,0
SPY190729P302,2019-07-26,2019-07-26 09:38:48,1.4,1.129,100,1.37,1.1048,107,1.37,1.1048,1,1.385,1.1169,172,0
SPY190729P302,2019-07-26,2019-07-26 09:38:48,1.4,1.129,101,1.37,1.1048,10,1.37,1.1048,1,1.385,1.1169,172,0
SPY190729P302,2019-07-26,2019-07-26 09:38:49,1.4,1.129,100,1.38,1.1129,1,1.37,1.1048,1,1.39,1.1209,172,0
SPY190729P302,2019-07-26,2019-07-26 09:38:49,1.4,1.129,100,1.37,1.1048,93,1.37,1.1048,1,1.385,1.1169,172,0
SPY190729P302,2019-07-26,2019-07-26 09:38:50,1.4,1.129,100,1.38,1.1129,7,1.37,1.1048,1,1.39,1.1209,172,0
SPY190729P302,2019-07-26,2019-07-26 09:38:50,1.4,1.129,100,1.37,1.1048,83,1.37,1.1048,1,1.385,1.1169,172,0
SPY190729P302,2019-07-26,2019-07-26 09:38:51,1.4,1.129,113,1.36,1.0967,110,1.37,1.1048,1,1.38,1.1129,172,0
SPY190729P302,2019-07-26,2019-07-26 09:38:51,1.4,1.129,106,1.36,1.0967,110,1.37,1.1048,1,1.38,1.1129,172,0
SPY190729P302,2019-07-26,2019-07-26 09:38:52,1.4,1.129,106,1.36,1.0967,27,1.37,1.1048,1,1.38,1.1129,172,0
SPY190729P302,2019-07-26,2019-07-26 09:38:53,1.39,1.1209,32,1.35,1.0887,2,1.37,1.1048,1,1.37,1.1048,172,0
SPY190729P302,2019-07-26,2019-07-26 09:38:53,1.4,1.129,106,1.36,1.0967,27,1.37,1.1048,1,1.38,1.1129,172,0
SPY190729P302,2019-07-26,2019-07-26 09:38:54,1.37,1.1048,101,1.35,1.0887,6,1.37,1.1048,1,1.36,1.0967,172,0
SPY190729P302,2019-07-26,2019-07-26 09:38:55,1.35,1.0887,100,1.32,1.0645,55,1.35,1.0887,2,1.335,1.0766,174,2
SPY190729P302,2019-07-26,2019-07-26 09:38:56,1.36,1.0967,100,1.33,1.0725,10,1.35,1.0887,2,1.345,1.0846,174,0
SPY190729P302,2019-07-26,2019-07-26 09:38:56,1.34,1.0806,100,1.32,1.0645,1,1.35,1.0887,2,1.33,1.0725,174,0
SPY190729P302,2019-07-26,2019-07-26 09:38:57,1.36,1.0967,27,1.33,1.0725,9,1.35,1.0887,2,1.345,1.0846,174,0
SPY190729P302,2019-07-26,2019-07-26 09:38:57,1.38,1.1129,100,1.34,1.0806,100,1.35,1.0887,2,1.36,1.0967,174,0
SPY190729P302,2019-07-26,2019-07-26 09:38:58,1.38,1.1129,100,1.34,1.0806,100,1.35,1.0887,2,1.36,1.0967,174,0
SPY190729P302,2019-07-26,2019-07-26 09:38:59,1.37,1.1048,100,1.34,1.0806,22,1.35,1.0887,2,1.355,1.0927,174,0
SPY190729P302,2019-07-26,2019-07-26 09:38:59,1.37,1.1048,110,1.34,1.0806,10,1.35,1.0887,2,1.355,1.0927,174,0
SPY190729P302,2019-07-26,2019-07-26 09:39:00,1.37,1.1048,100,1.34,1.0806,96,1.35,1.0887,2,1.355,1.0927,174,0
SPY190729P302,2019-07-26,2019-07-26 09:39:01,1.37,1.1048,110,1.34,1.0806,27,1.35,1.0887,2,1.355,1.0927,174,0
SPY190729P302,2019-07-26,2019-07-26 09:39:02,1.37,1.1048,110,1.34,1.0806,10,1.35,1.0887,2,1.355,1.0927,174,0
SPY190729P302,2019-07-26,2019-07-26 09:39:03,1.36,1.0967,100,1.34,1.0806,10,1.35,1.0887,2,1.35,1.0887,174,0
SPY190729P302,2019-07-26,2019-07-26 09:39:04,1.35,1.0887,100,1.33,1.0725,8,1.35,1.0887,2,1.34,1.0806,174,0
SPY190729P302,2019-07-26,2019-07-26 09:39:04,1.35,1.0887,100,1.33,1.0725,11,1.35,1.0887,2,1.34,1.0806,174,0
SPY190729P302,2019-07-26,2019-07-26 09:39:05,1.37,1.1048,10,1.34,1.0806,7,1.35,1.0887,2,1.355,1.0927,174,0
SPY190729P302,2019-07-26,2019-07-26 09:39:05,1.36,1.0967,105,1.33,1.0725,7,1.35,1.0887,2,1.345,1.0846,174,0
SPY190729P302,2019-07-26,2019-07-26 09:39:06,1.37,1.1048,10,1.33,1.0725,111,1.35,1.0887,2,1.35,1.0887,174,0
SPY190729P302,2019-07-26,2019-07-26 09:39:06,1.36,1.0967,100,1.34,1.0806,7,1.35,1.0887,2,1.35,1.0887,174,0
SPY190729P302,2019-07-26,2019-07-26 09:39:07,1.37,1.1048,101,1.34,1.0806,40,1.35,1.0887,2,1.355,1.0927,174,0
SPY190729P302,2019-07-26,2019-07-26 09:39:08,1.37,1.1048,100,1.34,1.0806,75,1.35,1.0887,2,1.355,1.0927,174,0
SPY190729P302,2019-07-26,2019-07-26 09:39:08,1.37,1.1048,100,1.34,1.0806,70,1.35,1.0887,2,1.355,1.0927,174,0
SPY190729P302,2019-07-26,2019-07-26 09:39:09,1.37,1.1048,100,1.34,1.0806,75,1.35,1.0887,2,1.355,1.0927,174,0
SPY190729P302,2019-07-26,2019-07-26 09:39:10,1.37,1.1048,100,1.34,1.0806,75,1.35,1.0887,2,1.355,1.0927,174,0
SPY190729P302,2019-07-26,2019-07-26 09:39:11,1.37,1.1048,100,1.34,1.0806,49,1.35,1.0887,2,1.355,1.0927,174,0
SPY190729P302,2019-07-26,2019-07-26 09:39:11,1.37,1.1048,100,1.34,1.0806,55,1.35,1.0887,2,1.355,1.0927,174,0
SPY190729P302,2019-07-26,2019-07-26 09:39:12,1.37,1.1048,100,1.35,1.0887,10,1.35,1.0887,2,1.36,1.0967,174,0
SPY190729P302,2019-07-26,2019-07-26 09:39:13,1.38,1.1129,100,1.35,1.0887,78,1.35,1.0887,2,1.365,1.1008,174,0
SPY190729P302,2019-07-26,2019-07-26 09:39:14,1.38,1.1129,106,1.34,1.0806,10,1.35,1.0887,2,1.36,1.0967,174,0
SPY190729P302,2019-07-26,2019-07-26 09:39:14,1.37,1.1048,129,1.34,1.0806,7,1.35,1.0887,2,1.355,1.0927,174,0
SPY190729P302,2019-07-26,2019-07-26 09:39:15,1.35,1.0887,100,1.33,1.0725,11,1.35,1.0887,2,1.34,1.0806,174,0
SPY190729P302,2019-07-26,2019-07-26 09:39:15,1.35,1.0887,100,1.33,1.0725,7,1.35,1.0887,2,1.34,1.0806,174,0
SPY190729P302,2019-07-26,2019-07-26 09:39:16,1.35,1.0887,100,1.33,1.0725,7,1.35,1.0887,2,1.34,1.0806,174,0
SPY190729P302,2019-07-26,2019-07-26 09:39:17,1.35,1.0887,100,1.33,1.0725,7,1.35,1.0887,2,1.34,1.0806,174,0
SPY190729P302,2019-07-26,2019-07-26 09:39:17,1.35,1.0887,100,1.33,1.0725,16,1.35,1.0887,2,1.34,1.0806,174,0
SPY190729P302,2019-07-26,2019-07-26 09:39:18,1.34,1.0806,100,1.32,1.0645,37,1.35,1.0887,2,1.33,1.0725,174,0
SPY190729P302,2019-07-26,2019-07-26 09:39:18,1.35,1.0887,110,1.32,1.0645,10,1.35,1.0887,2,1.335,1.0766,174,0
SPY190729P302,2019-07-26,2019-07-26 09:39:19,1.35,1.0887,100,1.32,1.0645,74,1.35,1.0887,2,1.335,1.0766,174,0
SPY190729P302,2019-07-26,2019-07-26 09:39:20,1.34,1.0806,100,1.31,1.0564,29,1.35,1.0887,2,1.325,1.0685,174,0
SPY190729P302,2019-07-26,2019-07-26 09:39:20,1.34,1.0806,100,1.32,1.0645,16,1.35,1.0887,2,1.33,1.0725,174,0
SPY190729P302,2019-07-26,2019-07-26 09:39:21,1.34,1.0806,100,1.32,1.0645,16,1.35,1.0887,2,1.33,1.0725,174,0
SPY190729P302,2019-07-26,2019-07-26 09:39:22,1.34,1.0806,100,1.32,1.0645,86,1.35,1.0887,2,1.33,1.0725,174,0
SPY190729P302,2019-07-26,2019-07-26 09:39:22,1.35,1.0887,100,1.31,1.0564,52,1.35,1.0887,2,1.33,1.0725,174,0
SPY190729P302,2019-07-26,2019-07-26 09:39:23,1.34,1.0806,10,1.31,1.0564,72,1.35,1.0887,2,1.325,1.0685,174,0
SPY190729P302,2019-07-26,2019-07-26 09:39:23,1.34,1.0806,18,1.31,1.0564,84,1.35,1.0887,2,1.325,1.0685,174,0
SPY190729P302,2019-07-26,2019-07-26 09:39:24,1.34,1.0806,6,1.32,1.0645,16,1.35,1.0887,2,1.33,1.0725,174,0
SPY190729P302,2019-07-26,2019-07-26 09:39:25,1.35,1.0887,147,1.31,1.0564,149,1.35,1.0887,2,1.33,1.0725,174,0
SPY190729P302,2019-07-26,2019-07-26 09:39:25,1.35,1.0887,157,1.32,1.0645,16,1.35,1.0887,2,1.335,1.0766,174,0
SPY190729P302,2019-07-26,2019-07-26 09:39:26,1.35,1.0887,147,1.31,1.0564,149,1.35,1.0887,2,1.33,1.0725,174,0
SPY190729P302,2019-07-26,2019-07-26 09:39:27,1.35,1.0887,100,1.33,1.0725,10,1.35,1.0887,2,1.34,1.0806,174,0
SPY190729P302,2019-07-26,2019-07-26 09:39:27,1.36,1.0967,100,1.32,1.0645,126,1.35,1.0887,2,1.34,1.0806,174,0
SPY190729P302,2019-07-26,2019-07-26 09:39:28,1.35,1.0887,100,1.32,1.0645,108,1.35,1.0887,2,1.335,1.0766,174,0
SPY190729P302,2019-07-26,2019-07-26 09:39:28,1.35,1.0887,100,1.34,1.0806,2,1.35,1.0887,2,1.345,1.0846,174,0
SPY190729P302,2019-07-26,2019-07-26 09:39:29,1.35,1.0887,100,1.34,1.0806,2,1.35,1.0887,2,1.345,1.0846,174,0
SPY190729P302,2019-07-26,2019-07-26 09:39:30,1.35,1.0887,100,1.34,1.0806,2,1.35,1.0887,2,1.345,1.0846,174,0
SPY190729P302,2019-07-26,2019-07-26 09:39:30,1.35,1.0887,110,1.34,1.0806,2,1.35,1.0887,2,1.345,1.0846,174,0
SPY190729P302,2019-07-26,2019-07-26 09:39:31,1.35,1.0887,169,1.34,1.0806,2,1.35,1.0887,2,1.345,1.0846,174,0
SPY190729P302,2019-07-26,2019-07-26 09:39:32,1.35,1.0887,169,1.34,1.0806,2,1.35,1.0887,2,1.345,1.0846,174,0
SPY190729P302,2019-07-26,2019-07-26 09:39:33,1.35,1.0887,147,1.34,1.0806,2,1.35,1.0887,2,1.345,1.0846,174,0
SPY190729P302,2019-07-26,2019-07-26 09:39:34,1.35,1.0887,100,1.34,1.0806,2,1.35,1.0887,2,1.345,1.0846,174,0
SPY190729P302,2019-07-26,2019-07-26 09:39:35,1.35,1.0887,100,1.34,1.0806,2,1.35,1.0887,2,1.345,1.0846,174,0
SPY190729P302,2019-07-26,2019-07-26 09:39:35,1.35,1.0887,100,1.34,1.0806,6,1.35,1.0887,2,1.345,1.0846,174,0
SPY190729P302,2019-07-26,2019-07-26 09:39:36,1.37,1.1048,179,1.34,1.0806,16,1.35,1.0887,2,1.355,1.0927,174,0
SPY190729P302,2019-07-26,2019-07-26 09:39:36,1.37,1.1048,179,1.34,1.0806,12,1.35,1.0887,2,1.355,1.0927,174,0
SPY190729P302,2019-07-26,2019-07-26 09:39:37,1.37,1.1048,179,1.34,1.0806,6,1.35,1.0887,2,1.355,1.0927,174,0
SPY190729P302,2019-07-26,2019-07-26 09:39:37,1.35,1.0887,100,1.34,1.0806,2,1.35,1.0887,2,1.345,1.0846,174,0
SPY190729P302,2019-07-26,2019-07-26 09:39:38,1.35,1.0887,100,1.32,1.0645,110,1.34,1.0806,2,1.335,1.0766,176,0
SPY190729P302,2019-07-26,2019-07-26 09:39:38,1.35,1.0887,137,1.32,1.0645,10,1.34,1.0806,2,1.335,1.0766,176,2
SPY190729P302,2019-07-26,2019-07-26 09:39:39,1.35,1.0887,100,1.33,1.0725,10,1.34,1.0806,2,1.34,1.0806,176,0
SPY190729P302,2019-07-26,2019-07-26 09:39:40,1.35,1.0887,100,1.32,1.0645,110,1.34,1.0806,2,1.335,1.0766,176,0
SPY190729P302,2019-07-26,2019-07-26 09:39:40,1.35,1.0887,100,1.32,1.0645,120,1.34,1.0806,2,1.335,1.0766,176,0
SPY190729P302,2019-07-26,2019-07-26 09:39:41,1.35,1.0887,147,1.31,1.0564,82,1.34,1.0806,2,1.33,1.0725,176,0
SPY190729P302,2019-07-26,2019-07-26 09:39:41,1.35,1.0887,137,1.32,1.0645,120,1.34,1.0806,2,1.335,1.0766,176,0
SPY190729P302,2019-07-26,2019-07-26 09:39:42,1.33,1.0725,100,1.31,1.0564,23,1.34,1.0806,2,1.32,1.0645,176,0
SPY190729P302,2019-07-26,2019-07-26 09:39:42,1.33,1.0725,100,1.3,1.0483,110,1.34,1.0806,2,1.315,1.0604,176,0
SPY190729P302,2019-07-26,2019-07-26 09:39:43,1.35,1.0887,179,1.31,1.0564,51,1.34,1.0806,2,1.33,1.0725,176,0
SPY190729P302,2019-07-26,2019-07-26 09:39:43,1.34,1.0806,161,1.31,1.0564,10,1.34,1.0806,2,1.325,1.0685,176,0
SPY190729P302,2019-07-26,2019-07-26 09:39:44,1.35,1.0887,110,1.32,1.0645,10,1.34,1.0806,2,1.335,1.0766,176,0
SPY190729P302,2019-07-26,2019-07-26 09:39:45,1.35,1.0887,140,1.31,1.0564,18,1.34,1.0806,2,1.33,1.0725,176,0
SPY190729P302,2019-07-26,2019-07-26 09:39:45,1.34,1.0806,55,1.31,1.0564,28,1.34,1.0806,2,1.325,1.0685,176,0
SPY190729P302,2019-07-26,2019-07-26 09:39:46,1.35,1.0887,100,1.31,1.0564,18,1.34,1.0806,2,1.33,1.0725,176,0
SPY190729P302,2019-07-26,2019-07-26 09:39:46,1.35,1.0887,100,1.32,1.0645,36,1.34,1.0806,2,1.335,1.0766,176,0
SPY190729P302,2019-07-26,2019-07-26 09:39:47,1.35,1.0887,128,1.32,1.0645,16,1.34,1.0806,2,1.335,1.0766,176,0
SPY190729P302,2019-07-26,2019-07-26 09:39:48,1.33,1.0725,110,1.3,1.0483,84,1.34,1.0806,2,1.315,1.0604,176,0
SPY190729P302,2019-07-26,2019-07-26 09:39:49,1.33,1.0725,100,1.3,1.0483,60,1.34,1.0806,2,1.315,1.0604,176,0
SPY190729P302,2019-07-26,2019-07-26 09:39:49,1.33,1.0725,110,1.3,1.0483,60,1.34,1.0806,2,1.315,1.0604,176,0
SPY190729P302,2019-07-26,2019-07-26 09:39:50,1.33,1.0725,110,1.3,1.0483,60,1.34,1.0806,2,1.315,1.0604,176,0
SPY190729P302,2019-07-26,2019-07-26 09:39:50,1.33,1.0725,100,1.3,1.0483,60,1.34,1.0806,2,1.315,1.0604,176,0
SPY190729P302,2019-07-26,2019-07-26 09:39:51,1.33,1.0725,110,1.3,1.0483,60,1.34,1.0806,2,1.315,1.0604,176,0
SPY190729P302,2019-07-26,2019-07-26 09:39:52,1.33,1.0725,110,1.3,1.0483,60,1.34,1.0806,2,1.315,1.0604,176,0
SPY190729P302,2019-07-26,2019-07-26 09:39:53,1.33,1.0725,6,1.3,1.0483,74,1.34,1.0806,2,1.315,1.0604,176,0
SPY190729P302,2019-07-26,2019-07-26 09:39:53,1.33,1.0725,100,1.3,1.0483,62,1.34,1.0806,2,1.315,1.0604,176,0
SPY190729P302,2019-07-26,2019-07-26 09:39:54,1.33,1.0725,110,1.3,1.0483,65,1.34,1.0806,2,1.315,1.0604,176,0
SPY190729P302,2019-07-26,2019-07-26 09:39:54,1.33,1.0725,100,1.3,1.0483,65,1.34,1.0806,2,1.315,1.0604,176,0
SPY190729P302,2019-07-26,2019-07-26 09:39:55,1.33,1.0725,110,1.3,1.0483,65,1.34,1.0806,2,1.315,1.0604,176,0
SPY190729P302,2019-07-26,2019-07-26 09:39:56,1.33,1.0725,100,1.3,1.0483,65,1.34,1.0806,2,1.315,1.0604,176,0
SPY190729P302,2019-07-26,2019-07-26 09:39:57,1.33,1.0725,110,1.3,1.0483,65,1.34,1.0806,2,1.315,1.0604,176,0
SPY190729P302,2019-07-26,2019-07-26 09:39:58,1.33,1.0725,140,1.3,1.0483,65,1.34,1.0806,2,1.315,1.0604,176,0
SPY190729P302,2019-07-26,2019-07-26 09:39:58,1.33,1.0725,172,1.29,1.0403,110,1.34,1.0806,2,1.31,1.0564,176,0
SPY190729P302,2019-07-26,2019-07-26 09:39:59,1.33,1.0725,172,1.29,1.0403,110,1.34,1.0806,2,1.31,1.0564,176,0
SPY190729P302,2019-07-26,2019-07-26 09:39:59,1.32,1.0645,6,1.29,1.0403,110,1.34,1.0806,2,1.305,1.0524,176,0
SPY190729P302,2019-07-26,2019-07-26 09:40:00,1.32,1.0645,10,1.3,1.0483,2,1.34,1.0806,2,1.31,1.0564,176,0
SPY190729P302,2019-07-26,2019-07-26 09:40:00,1.32,1.0645,10,1.29,1.0403,110,1.34,1.0806,2,1.305,1.0524,176,0
SPY190729P302,2019-07-26,2019-07-26 09:40:01,1.31,1.0564,100,1.3,1.0483,2,1.34,1.0806,2,1.305,1.0524,176,0
SPY190729P302,2019-07-26,2019-07-26 09:40:02,1.31,1.0564,100,1.3,1.0483,2,1.34,1.0806,2,1.305,1.0524,176,0
SPY190729P302,2019-07-26,2019-07-26 09:40:03,1.31,1.0564,100,1.3,1.0483,2,1.34,1.0806,2,1.305,1.0524,176,0
SPY190729P302,2019-07-26,2019-07-26 09:40:04,1.31,1.0564,100,1.3,1.0483,2,1.34,1.0806,2,1.305,1.0524,176,0
SPY190729P302,2019-07-26,2019-07-26 09:40:05,1.31,1.0564,100,1.3,1.0483,1,1.3,1.0483,2,1.305,1.0524,178,2
SPY190729P302,2019-07-26,2019-07-26 09:40:05,1.3,1.0483,170,1.26,1.0161,25,1.3,1.0483,2,1.28,1.0322,178,0
SPY190729P302,2019-07-26,2019-07-26 09:40:06,1.29,1.0403,100,1.26,1.0161,62,1.3,1.0483,2,1.275,1.0282,178,0
SPY190729P302,2019-07-26,2019-07-26 09:40:07,1.29,1.0403,100,1.26,1.0161,16,1.3,1.0483,2,1.275,1.0282,178,0
SPY190729P302,2019-07-26,2019-07-26 09:40:07,1.29,1.0403,100,1.27,1.0241,16,1.3,1.0483,2,1.28,1.0322,178,0
SPY190729P302,2019-07-26,2019-07-26 09:40:08,1.29,1.0403,100,1.26,1.0161,16,1.3,1.0483,2,1.275,1.0282,178,0
SPY190729P302,2019-07-26,2019-07-26 09:40:09,1.28,1.0322,111,1.26,1.0161,16,1.3,1.0483,2,1.27,1.0241,178,0
SPY190729P302,2019-07-26,2019-07-26 09:40:09,1.28,1.0322,110,1.26,1.0161,16,1.3,1.0483,2,1.27,1.0241,178,0
SPY190729P302,2019-07-26,2019-07-26 09:40:10,1.28,1.0322,144,1.25,1.008,20,1.3,1.0483,2,1.265,1.0201,178,0
SPY190729P302,2019-07-26,2019-07-26 09:40:11,1.28,1.0322,144,1.25,1.008,36,1.3,1.0483,2,1.265,1.0201,178,0
SPY190729P302,2019-07-26,2019-07-26 09:40:11,1.28,1.0322,144,1.25,1.008,49,1.3,1.0483,2,1.265,1.0201,178,0
SPY190729P302,2019-07-26,2019-07-26 09:40:12,1.28,1.0322,144,1.25,1.008,16,1.3,1.0483,2,1.265,1.0201,178,0
SPY190729P302,2019-07-26,2019-07-26 09:40:13,1.25,1.008,15,1.22,0.9838,16,1.3,1.0483,2,1.235,0.9959,178,0
SPY190729P302,2019-07-26,2019-07-26 09:40:13,1.26,1.0161,143,1.23,0.9919,16,1.3,1.0483,2,1.245,1.004,178,0
SPY190729P302,2019-07-26,2019-07-26 09:40:14,1.24,1.0,100,1.22,0.9838,6,1.3,1.0483,2,1.23,0.9919,178,0
SPY190729P302,2019-07-26,2019-07-26 09:40:14,1.24,1.0,160,1.21,0.9758,16,1.3,1.0483,2,1.225,0.9879,178,0
SPY190729P302,2019-07-26,2019-07-26 09:40:15,1.24,1.0,160,1.21,0.9758,24,1.3,1.0483,2,1.225,0.9879,178,0
SPY190729P302,2019-07-26,2019-07-26 09:40:16,1.23,0.9919,187,1.2,0.9677,28,1.3,1.0483,2,1.215,0.9798,178,0
SPY190729P302,2019-07-26,2019-07-26 09:40:16,1.22,0.9838,100,1.2,0.9677,20,1.3,1.0483,2,1.21,0.9758,178,0
SPY190729P302,2019-07-26,2019-07-26 09:40:17,1.23,0.9919,191,1.2,0.9677,48,1.3,1.0483,2,1.215,0.9798,178,0
SPY190729P302,2019-07-26,2019-07-26 09:40:17,1.22,0.9838,100,1.2,0.9677,20,1.3,1.0483,2,1.21,0.9758,178,0
SPY190729P302,2019-07-26,2019-07-26 09:40:18,1.23,0.9919,56,1.2,0.9677,28,1.3,1.0483,2,1.215,0.9798,178,0
SPY190729P302,2019-07-26,2019-07-26 09:40:18,1.23,0.9919,54,1.2,0.9677,120,1.3,1.0483,2,1.215,0.9798,178,0
SPY190729P302,2019-07-26,2019-07-26 09:40:19,1.23,0.9919,203,1.2,0.9677,28,1.3,1.0483,2,1.215,0.9798,178,0
SPY190729P302,2019-07-26,2019-07-26 09:40:19,1.23,0.9919,203,1.2,0.9677,73,1.3,1.0483,2,1.215,0.9798,178,0
SPY190729P302,2019-07-26,2019-07-26 09:40:20,1.23,0.9919,193,1.2,0.9677,46,1.3,1.0483,2,1.215,0.9798,178,0
SPY190729P302,2019-07-26,2019-07-26 09:40:21,1.23,0.9919,20,1.2,0.9677,10,1.3,1.0483,2,1.215,0.9798,178,0
SPY190729P302,2019-07-26,2019-07-26 09:40:21,1.23,0.9919,96,1.2,0.9677,10,1.3,1.0483,2,1.215,0.9798,178,0
SPY190729P302,2019-07-26,2019-07-26 09:40:22,1.23,0.9919,203,1.2,0.9677,46,1.3,1.0483,2,1.215,0.9798,178,0
SPY190729P302,2019-07-26,2019-07-26 09:40:22,1.23,0.9919,203,1.2,0.9677,78,1.3,1.0483,2,1.215,0.9798,178,0
SPY190729P302,2019-07-26,2019-07-26 09:40:23,1.23,0.9919,203,1.2,0.9677,85,1.3,1.0483,2,1.215,0.9798,178,0
SPY190729P302,2019-07-26,2019-07-26 09:40:23,1.23,0.9919,203,1.2,0.9677,45,1.3,1.0483,2,1.215,0.9798,178,0
SPY190729P302,2019-07-26,2019-07-26 09:40:24,1.23,0.9919,203,1.2,0.9677,45,1.3,1.0483,2,1.215,0.9798,178,0
SPY190729P302,2019-07-26,2019-07-26 09:40:25,1.23,0.9919,203,1.2,0.9677,46,1.3,1.0483,2,1.215,0.9798,178,0
SPY190729P302,2019-07-26,2019-07-26 09:40:25,1.22,0.9838,1,1.2,0.9677,26,1.3,1.0483,2,1.21,0.9758,178,0
SPY190729P302,2019-07-26,2019-07-26 09:40:26,1.23,0.9919,193,1.2,0.9677,26,1.3,1.0483,2,1.215,0.9798,178,0
SPY190729P302,2019-07-26,2019-07-26 09:40:27,1.23,0.9919,193,1.2,0.9677,46,1.3,1.0483,2,1.215,0.9798,178,0
SPY190729P302,2019-07-26,2019-07-26 09:40:27,1.25,1.008,229,1.22,0.9838,26,1.3,1.0483,2,1.235,0.9959,178,0
SPY190729P302,2019-07-26,2019-07-26 09:40:28,1.23,0.9919,133,1.2,0.9677,90,1.3,1.0483,2,1.215,0.9798,178,0
SPY190729P302,2019-07-26,2019-07-26 09:40:29,1.23,0.9919,163,1.2,0.9677,26,1.3,1.0483,2,1.215,0.9798,178,0
SPY190729P302,2019-07-26,2019-07-26 09:40:30,1.23,0.9919,163,1.2,0.9677,32,1.23,0.9919,3,1.215,0.9798,181,3
SPY190729P302,2019-07-26,2019-07-26 09:40:30,1.23,0.9919,163,1.2,0.9677,32,1.23,0.9919,3,1.215,0.9798,181,0
SPY190729P302,2019-07-26,2019-07-26 09:40:31,1.22,0.9838,100,1.2,0.9677,32,1.23,0.9919,3,1.21,0.9758,181,0
SPY190729P302,2019-07-26,2019-07-26 09:40:31,1.23,0.9919,163,1.2,0.9677,32,1.23,0.9919,3,1.215,0.9798,181,0
SPY190729P302,2019-07-26,2019-07-26 09:40:32,1.22,0.9838,100,1.2,0.9677,26,1.23,0.9919,3,1.21,0.9758,181,0
SPY190729P302,2019-07-26,2019-07-26 09:40:33,1.22,0.9838,100,1.2,0.9677,46,1.23,0.9919,3,1.21,0.9758,181,0
SPY190729P302,2019-07-26,2019-07-26 09:40:34,1.22,0.9838,100,1.2,0.9677,28,1.23,0.9919,3,1.21,0.9758,181,0
SPY190729P302,2019-07-26,2019-07-26 09:40:34,1.24,1.0,53,1.21,0.9758,46,1.23,0.9919,3,1.225,0.9879,181,0
SPY190729P302,2019-07-26,2019-07-26 09:40:35,1.25,1.008,229,1.22,0.9838,20,1.23,0.9919,3,1.235,0.9959,181,0
SPY190729P302,2019-07-26,2019-07-26 09:40:36,1.25,1.008,229,1.22,0.9838,20,1.23,0.9919,3,1.235,0.9959,181,0
SPY190729P302,2019-07-26,2019-07-26 09:40:37,1.25,1.008,229,1.22,0.9838,20,1.23,0.9919,3,1.235,0.9959,181,0
SPY190729P302,2019-07-26,2019-07-26 09:40:38,1.24,1.0,137,1.21,0.9758,34,1.23,0.9919,3,1.225,0.9879,181,0
SPY190729P302,2019-07-26,2019-07-26 09:40:38,1.25,1.008,229,1.22,0.9838,20,1.23,0.9919,3,1.235,0.9959,181,0
SPY190729P302,2019-07-26,2019-07-26 09:40:39,1.25,1.008,98,1.22,0.9838,20,1.23,0.9919,3,1.235,0.9959,181,0
SPY190729P302,2019-07-26,2019-07-26 09:40:39,1.25,1.008,198,1.21,0.9758,71,1.23,0.9919,3,1.23,0.9919,181,0
SPY190729P302,2019-07-26,2019-07-26 09:40:40,1.25,1.008,178,1.22,0.9838,88,1.23,0.9919,3,1.235,0.9959,181,0
SPY190729P302,2019-07-26,2019-07-26 09:40:40,1.26,1.0161,178,1.23,0.9919,26,1.23,0.9919,3,1.245,1.004,181,0
SPY190729P302,2019-07-26,2019-07-26 09:40:41,1.25,1.008,194,1.22,0.9838,38,1.23,0.9919,3,1.235,0.9959,181,0
SPY190729P302,2019-07-26,2019-07-26 09:40:42,1.25,1.008,110,1.22,0.9838,38,1.23,0.9919,3,1.235,0.9959,181,0
SPY190729P302,2019-07-26,2019-07-26 09:40:42,1.25,1.008,100,1.23,0.9919,20,1.23,0.9919,3,1.24,1.0,181,0
SPY190729P302,2019-07-26,2019-07-26 09:40:43,1.25,1.008,100,1.23,0.9919,26,1.23,0.9919,3,1.24,1.0,181,0
SPY190729P302,2019-07-26,2019-07-26 09:40:43,1.26,1.0161,193,1.23,0.9919,46,1.23,0.9919,3,1.245,1.004,181,0
SPY190729P302,2019-07-26,2019-07-26 09:40:44,1.26,1.0161,100,1.24,1.0,20,1.23,0.9919,3,1.25,1.008,181,0
SPY190729P302,2019-07-26,2019-07-26 09:40:44,1.26,1.0161,6,1.24,1.0,39,1.23,0.9919,3,1.25,1.008,181,0
SPY190729P302,2019-07-26,2019-07-26 09:40:45,1.26,1.0161,46,1.24,1.0,10,1.23,0.9919,3,1.25,1.008,181,0
SPY190729P302,2019-07-26,2019-07-26 09:40:45,1.26,1.0161,45,1.24,1.0,10,1.23,0.9919,3,1.25,1.008,181,0
SPY190729P302,2019-07-26,2019-07-26 09:40:46,1.26,1.0161,74,1.24,1.0,10,1.23,0.9919,3,1.25,1.008,181,0
SPY190729P302,2019-07-26,2019-07-26 09:40:47,1.25,1.008,178,1.22,0.9838,39,1.23,0.9919,3,1.235,0.9959,181,0
SPY190729P302,2019-07-26,2019-07-26 09:40:47,1.26,1.0161,74,1.23,0.9919,16,1.23,0.9919,3,1.245,1.004,181,0
SPY190729P302,2019-07-26,2019-07-26 09:40:48,1.25,1.008,144,1.23,0.9919,20,1.23,0.9919,3,1.24,1.0,181,0
SPY190729P302,2019-07-26,2019-07-26 09:40:48,1.25,1.008,169,1.22,0.9838,36,1.23,0.9919,3,1.235,0.9959,181,0
SPY190729P302,2019-07-26,2019-07-26 09:40:49,1.26,1.0161,125,1.23,0.9919,26,1.23,0.9919,3,1.245,1.004,181,0
SPY190729P302,2019-07-26,2019-07-26 09:40:50,1.26,1.0161,198,1.23,0.9919,46,1.23,0.9919,3,1.245,1.004,181,0
SPY190729P302,2019-07-26,2019-07-26 09:40:51,1.25,1.008,100,1.2,0.9677,100,1.23,0.9919,3,1.225,0.9879,181,0
SPY190729P302,2019-07-26,2019-07-26 09:40:51,1.25,1.008,100,1.21,0.9758,120,1.23,0.9919,3,1.23,0.9919,181,0
SPY190729P302,2019-07-26,2019-07-26 09:40:52,1.25,1.008,223,1.21,0.9758,130,1.23,0.9919,3,1.23,0.9919,181,0
SPY190729P302,2019-07-26,2019-07-26 09:40:52,1.25,1.008,223,1.22,0.9838,26,1.23,0.9919,3,1.235,0.9959,181,0
SPY190729P302,2019-07-26,2019-07-26 09:40:53,1.25,1.008,223,1.22,0.9838,20,1.23,0.9919,3,1.235,0.9959,181,0
SPY190729P302,2019-07-26,2019-07-26 09:40:53,1.25,1.008,198,1.22,0.9838,20,1.23,0.9919,3,1.235,0.9959,181,0
SPY190729P302,2019-07-26,2019-07-26 09:40:54,1.25,1.008,223,1.22,0.9838,20,1.23,0.9919,3,1.235,0.9959,181,0
SPY190729P302,2019-07-26,2019-07-26 09:40:55,1.25,1.008,223,1.22,0.9838,20,1.23,0.9919,3,1.235,0.9959,181,0
SPY190729P302,2019-07-26,2019-07-26 09:40:56,1.25,1.008,223,1.23,0.9919,2,1.23,0.9919,3,1.24,1.0,181,0
SPY190729P302,2019-07-26,2019-07-26 09:40:57,1.25,1.008,223,1.23,0.9919,2,1.23,0.9919,3,1.24,1.0,181,0
SPY190729P302,2019-07-26,2019-07-26 09:40:58,1.25,1.008,223,1.23,0.9919,2,1.23,0.9919,3,1.24,1.0,181,0
SPY190729P302,2019-07-26,2019-07-26 09:40:58,1.23,0.9919,115,1.21,0.9758,6,1.23,0.9919,1,1.22,0.9838,184,3
SPY190729P302,2019-07-26,2019-07-26 09:40:59,1.22,0.9838,153,1.18,0.9516,229,1.23,0.9919,1,1.2,0.9677,184,0
SPY190729P302,2019-07-26,2019-07-26 09:41:00,1.22,0.9838,167,1.19,0.9596,26,1.23,0.9919,1,1.205,0.9717,184,0
SPY190729P302,2019-07-26,2019-07-26 09:41:00,1.23,0.9919,184,1.2,0.9677,20,1.23,0.9919,1,1.215,0.9798,184,0
SPY190729P302,2019-07-26,2019-07-26 09:41:01,1.23,0.9919,199,1.2,0.9677,72,1.23,0.9919,1,1.215,0.9798,184,0
SPY190729P302,2019-07-26,2019-07-26 09:41:01,1.23,0.9919,179,1.2,0.9677,72,1.23,0.9919,1,1.215,0.9798,184,0
SPY190729P302,2019-07-26,2019-07-26 09:41:02,1.24,1.0,173,1.21,0.9758,52,1.23,0.9919,1,1.225,0.9879,184,0
SPY190729P302,2019-07-26,2019-07-26 09:41:02,1.23,0.9919,193,1.2,0.9677,83,1.23,0.9919,1,1.215,0.9798,184,0
SPY190729P302,2019-07-26,2019-07-26 09:41:03,1.24,1.0,193,1.2,0.9677,85,1.23,0.9919,1,1.22,0.9838,184,0
SPY190729P302,2019-07-26,2019-07-26 09:41:04,1.24,1.0,193,1.2,0.9677,80,1.23,0.9919,1,1.22,0.9838,184,0
SPY190729P302,2019-07-26,2019-07-26 09:41:04,1.23,0.9919,141,1.21,0.9758,26,1.23,0.9919,1,1.22,0.9838,184,0
SPY190729P302,2019-07-26,2019-07-26 09:41:05,1.21,0.9758,149,1.19,0.9596,20,1.23,0.9919,1,1.2,0.9677,184,0
SPY190729P302,2019-07-26,2019-07-26 09:41:05,1.23,0.9919,171,1.2,0.9677,26,1.23,0.9919,1,1.215,0.9798,184,0
SPY190729P302,2019-07-26,2019-07-26 09:41:06,1.21,0.9758,100,1.19,0.9596,26,1.23,0.9919,1,1.2,0.9677,184,0
SPY190729P302,2019-07-26,2019-07-26 09:41:07,1.22,0.9838,103,1.19,0.9596,98,1.23,0.9919,1,1.205,0.9717,184,0
SPY190729P302,2019-07-26,2019-07-26 09:41:08,1.23,0.9919,193,1.2,0.9677,26,1.23,0.9919,1,1.215,0.9798,184,0
SPY190729P302,2019-07-26,2019-07-26 09:41:08,1.23,0.9919,202,1.2,0.9677,20,1.23,0.9919,1,1.215,0.9798,184,0
SPY190729P302,2019-07-26,2019-07-26 09:41:09,1.23,0.9919,203,1.2,0.9677,26,1.23,0.9919,1,1.215,0.9798,184,0
SPY190729P302,2019-07-26,2019-07-26 09:41:09,1.23,0.9919,208,1.2,0.9677,26,1.23,0.9919,1,1.215,0.9798,184,0
SPY190729P302,2019-07-26,2019-07-26 09:41:10,1.24,1.0,100,1.21,0.9758,30,1.23,0.9919,1,1.225,0.9879,184,0
SPY190729P302,2019-07-26,2019-07-26 09:41:10,1.25,1.008,204,1.21,0.9758,98,1.23,0.9919,1,1.23,0.9919,184,0
SPY190729P302,2019-07-26,2019-07-26 09:41:11,1.25,1.008,118,1.22,0.9838,36,1.23,0.9919,1,1.235,0.9959,184,0
SPY190729P302,2019-07-26,2019-07-26 09:41:11,1.24,1.0,83,1.21,0.9758,98,1.23,0.9919,1,1.225,0.9879,184,0
SPY190729P302,2019-07-26,2019-07-26 09:41:12,1.25,1.008,193,1.22,0.9838,71,1.23,0.9919,1,1.235,0.9959,184,0
SPY190729P302,2019-07-26,2019-07-26 09:41:13,1.25,1.008,193,1.22,0.9838,46,1.23,0.9919,1,1.235,0.9959,184,0
SPY190729P302,2019-07-26,2019-07-26 09:41:13,1.25,1.008,193,1.22,0.9838,71,1.23,0.9919,1,1.235,0.9959,184,0
SPY190729P302,2019-07-26,2019-07-26 09:41:14,1.25,1.008,66,1.22,0.9838,68,1.23,0.9919,1,1.235,0.9959,184,0
SPY190729P302,2019-07-26,2019-07-26 09:41:14,1.25,1.008,56,1.23,0.9919,26,1.23,0.9919,1,1.24,1.0,184,0
SPY190729P302,2019-07-26,2019-07-26 09:41:15,1.25,1.008,20,1.23,0.9919,26,1.23,0.9919,1,1.24,1.0,184,0
SPY190729P302,2019-07-26,2019-07-26 09:41:15,1.25,1.008,96,1.22,0.9838,63,1.23,0.9919,1,1.235,0.9959,184,0
SPY190729P302,2019-07-26,2019-07-26 09:41:16,1.25,1.008,100,1.23,0.9919,26,1.23,0.9919,1,1.24,1.0,184,0
SPY190729P302,2019-07-26,2019-07-26 09:41:16,1.26,1.0161,173,1.22,0.9838,82,1.23,0.9919,1,1.24,1.0,184,0
SPY190729P302,2019-07-26,2019-07-26 09:41:17,1.26,1.0161,83,1.23,0.9919,80,1.23,0.9919,1,1.245,1.004,184,0
SPY190729P302,2019-07-26,2019-07-26 09:41:18,1.25,1.008,100,1.23,0.9919,26,1.23,0.9919,1,1.24,1.0,184,0
SPY190729P302,2019-07-26,2019-07-26 09:41:18,1.26,1.0161,193,1.23,0.9919,26,1.23,0.9919,1,1.245,1.004,184,0
SPY190729P302,2019-07-26,2019-07-26 09:41:19,1.26,1.0161,198,1.23,0.9919,16,1.23,0.9919,1,1.245,1.004,184,0
SPY190729P302,2019-07-26,2019-07-26 09:41:19,1.26,1.0161,203,1.23,0.9919,26,1.23,0.9919,1,1.245,1.004,184,0
SPY190729P302,2019-07-26,2019-07-26 09:41:20,1.26,1.0161,198,1.23,0.9919,20,1.23,0.9919,1,1.245,1.004,184,0
SPY190729P302,2019-07-26,2019-07-26 09:41:20,1.26,1.0161,193,1.23,0.9919,20,1.23,0.9919,1,1.245,1.004,184,0
SPY190729P302,2019-07-26,2019-07-26 09:41:21,1.27,1.0241,3,1.24,1.0,5,1.23,0.9919,1,1.255,1.012,184,0
SPY190729P302,2019-07-26,2019-07-26 09:41:22,1.28,1.0322,184,1.24,1.0,141,1.23,0.9919,1,1.26,1.0161,184,0
SPY190729P302,2019-07-26,2019-07-26 09:41:22,1.26,1.0161,100,1.24,1.0,37,1.23,0.9919,1,1.25,1.008,184,0
SPY190729P302,2019-07-26,2019-07-26 09:41:23,1.27,1.0241,191,1.24,1.0,16,1.23,0.9919,1,1.255,1.012,184,0
SPY190729P302,2019-07-26,2019-07-26 09:41:23,1.26,1.0161,100,1.24,1.0,16,1.23,0.9919,1,1.25,1.008,184,0
SPY190729P302,2019-07-26,2019-07-26 09:41:24,1.28,1.0322,116,1.25,1.008,16,1.23,0.9919,1,1.265,1.0201,184,0
SPY190729P302,2019-07-26,2019-07-26 09:41:24,1.28,1.0322,165,1.25,1.008,16,1.23,0.9919,1,1.265,1.0201,184,0
SPY190729P302,2019-07-26,2019-07-26 09:41:25,1.28,1.0322,165,1.25,1.008,94,1.23,0.9919,1,1.265,1.0201,184,0
SPY190729P302,2019-07-26,2019-07-26 09:41:25,1.28,1.0322,165,1.25,1.008,16,1.23,0.9919,1,1.265,1.0201,184,0
SPY190729P302,2019-07-26,2019-07-26 09:41:26,1.28,1.0322,1,1.26,1.0161,16,1.26,1.0161,10,1.27,1.0241,194,10
SPY190729P302,2019-07-26,2019-07-26 09:41:27,1.28,1.0322,1,1.26,1.0161,36,1.26,1.0161,10,1.27,1.0241,194,0
SPY190729P302,2019-07-26,2019-07-26 09:41:27,1.28,1.0322,101,1.26,1.0161,16,1.26,1.0161,10,1.27,1.0241,194,0
SPY190729P302,2019-07-26,2019-07-26 09:41:28,1.28,1.0322,133,1.26,1.0161,16,1.26,1.0161,10,1.27,1.0241,194,0
SPY190729P302,2019-07-26,2019-07-26 09:41:28,1.28,1.0322,10,1.26,1.0161,16,1.26,1.0161,10,1.27,1.0241,194,0
SPY190729P302,2019-07-26,2019-07-26 09:41:29,1.28,1.0322,1,1.26,1.0161,74,1.26,1.0161,10,1.27,1.0241,194,0
SPY190729P302,2019-07-26,2019-07-26 09:41:29,1.28,1.0322,1,1.26,1.0161,72,1.26,1.0161,10,1.27,1.0241,194,0
SPY190729P302,2019-07-26,2019-07-26 09:41:30,1.28,1.0322,6,1.26,1.0161,55,1.26,1.0161,10,1.27,1.0241,194,0
SPY190729P302,2019-07-26,2019-07-26 09:41:30,1.28,1.0322,1,1.26,1.0161,16,1.26,1.0161,10,1.27,1.0241,194,0
SPY190729P302,2019-07-26,2019-07-26 09:41:31,1.28,1.0322,17,1.25,1.008,186,1.26,1.0161,10,1.265,1.0201,194,0
SPY190729P302,2019-07-26,2019-07-26 09:41:32,1.26,1.0161,100,1.23,0.9919,15,1.26,1.0161,10,1.245,1.004,194,0
SPY190729P302,2019-07-26,2019-07-26 09:41:32,1.28,1.0322,101,1.25,1.008,186,1.26,1.0161,10,1.265,1.0201,194,0
SPY190729P302,2019-07-26,2019-07-26 09:41:33,1.28,1.0322,148,1.23,0.9919,15,1.26,1.0161,10,1.255,1.012,194,0
SPY190729P302,2019-07-26,2019-07-26 09:41:33,1.28,1.0322,187,1.23,0.9919,15,1.26,1.0161,10,1.255,1.012,194,0
SPY190729P302,2019-07-26,2019-07-26 09:41:34,1.28,1.0322,197,1.24,1.0,120,1.26,1.0161,10,1.26,1.0161,194,0
SPY190729P302,2019-07-26,2019-07-26 09:41:34,1.26,1.0161,100,1.24,1.0,16,1.26,1.0161,10,1.25,1.008,194,0
SPY190729P302,2019-07-26,2019-07-26 09:41:35,1.26,1.0161,100,1.24,1.0,16,1.26,1.0161,10,1.25,1.008,194,0
SPY190729P302,2019-07-26,2019-07-26 09:41:36,1.27,1.0241,191,1.24,1.0,76,1.26,1.0161,10,1.255,1.012,194,0
SPY190729P302,2019-07-26,2019-07-26 09:41:36,1.27,1.0241,181,1.24,1.0,46,1.26,1.0161,10,1.255,1.012,194,0
SPY190729P302,2019-07-26,2019-07-26 09:41:37,1.27,1.0241,31,1.25,1.008,12,1.26,1.0161,10,1.26,1.0161,194,0
SPY190729P302,2019-07-26,2019-07-26 09:41:37,1.28,1.0322,182,1.24,1.0,56,1.26,1.0161,10,1.26,1.0161,194,0
SPY190729P302,2019-07-26,2019-07-26 09:41:38,1.27,1.0241,31,1.25,1.008,12,1.26,1.0161,10,1.26,1.0161,194,0
SPY190729P302,2019-07-26,2019-07-26 09:41:39,1.28,1.0322,192,1.25,1.008,16,1.26,1.0161,10,1.265,1.0201,194,0
SPY190729P302,2019-07-26,2019-07-26 09:41:40,1.27,1.0241,126,1.25,1.008,2,1.26,1.0161,10,1.26,1.0161,194,0
SPY190729P302,2019-07-26,2019-07-26 09:41:40,1.27,1.0241,186,1.23,0.9919,135,1.26,1.0161,10,1.25,1.008,194,0
SPY190729P302,2019-07-26,2019-07-26 09:41:41,1.27,1.0241,136,1.25,1.008,2,1.26,1.0161,10,1.26,1.0161,194,0
SPY190729P302,2019-07-26,2019-07-26 09:41:41,1.27,1.0241,126,1.25,1.008,2,1.26,1.0161,10,1.26,1.0161,194,0
SPY190729P302,2019-07-26,2019-07-26 09:41:42,1.26,1.0161,110,1.25,1.008,2,1.26,1.0161,10,1.255,1.012,194,0
SPY190729P302,2019-07-26,2019-07-26 09:41:42,1.25,1.008,101,1.23,0.9919,6,1.25,1.008,2,1.24,1.0,196,2
SPY190729P302,2019-07-26,2019-07-26 09:41:43,1.25,1.008,10,1.22,0.9838,16,1.25,1.008,2,1.235,0.9959,196,0
SPY190729P302,2019-07-26,2019-07-26 09:41:44,1.25,1.008,148,1.22,0.9838,124,1.25,1.008,2,1.235,0.9959,196,0
SPY190729P302,2019-07-26,2019-07-26 09:41:44,1.25,1.008,110,1.22,0.9838,104,1.25,1.008,2,1.235,0.9959,196,0
SPY190729P302,2019-07-26,2019-07-26 09:41:45,1.25,1.008,148,1.22,0.9838,104,1.25,1.008,2,1.235,0.9959,196,0
SPY190729P302,2019-07-26,2019-07-26 09:41:45,1.25,1.008,148,1.22,0.9838,124,1.25,1.008,2,1.235,0.9959,196,0
SPY190729P302,2019-07-26,2019-07-26 09:41:46,1.25,1.008,148,1.22,0.9838,104,1.25,1.008,2,1.235,0.9959,196,0
SPY190729P302,2019-07-26,2019-07-26 09:41:46,1.25,1.008,148,1.22,0.9838,124,1.25,1.008,2,1.235,0.9959,196,0
SPY190729P302,2019-07-26,2019-07-26 09:41:47,1.25,1.008,148,1.22,0.9838,104,1.25,1.008,2,1.235,0.9959,196,0
SPY190729P302,2019-07-26,2019-07-26 09:41:48,1.25,1.008,143,1.22,0.9838,16,1.25,1.008,2,1.235,0.9959,196,0
SPY190729P302,2019-07-26,2019-07-26 09:41:48,1.25,1.008,138,1.22,0.9838,16,1.25,1.008,2,1.235,0.9959,196,0
SPY190729P302,2019-07-26,2019-07-26 09:41:49,1.25,1.008,138,1.22,0.9838,36,1.25,1.008,2,1.235,0.9959,196,0
SPY190729P302,2019-07-26,2019-07-26 09:41:50,1.25,1.008,138,1.22,0.9838,36,1.25,1.008,2,1.235,0.9959,196,0
SPY190729P302,2019-07-26,2019-07-26 09:41:50,1.25,1.008,115,1.23,0.9919,20,1.25,1.008,2,1.24,1.0,196,0
SPY190729P302,2019-07-26,2019-07-26 09:41:51,1.28,1.0322,177,1.24,1.0,176,1.25,1.008,2,1.26,1.0161,196,0
SPY190729P302,2019-07-26,2019-07-26 09:41:51,1.26,1.0161,120,1.23,0.9919,88,1.25,1.008,2,1.245,1.004,196,0
SPY190729P302,2019-07-26,2019-07-26 09:41:52,1.28,1.0322,187,1.25,1.008,16,1.25,1.008,2,1.265,1.0201,196,0
SPY190729P302,2019-07-26,2019-07-26 09:41:52,1.28,1.0322,18,1.25,1.008,29,1.25,1.008,2,1.265,1.0201,196,0
SPY190729P302,2019-07-26,2019-07-26 09:41:53,1.28,1.0322,152,1.25,1.008,73,1.25,1.008,2,1.265,1.0201,196,0
SPY190729P302,2019-07-26,2019-07-26 09:41:54,1.28,1.0322,152,1.25,1.008,73,1.25,1.008,2,1.265,1.0201,196,0
SPY190729P302,2019-07-26,2019-07-26 09:41:54,1.28,1.0322,152,1.25,1.008,27,1.25,1.008,2,1.265,1.0201,196,0
SPY190729P302,2019-07-26,2019-07-26 09:41:55,1.28,1.0322,129,1.25,1.008,16,1.25,1.008,2,1.265,1.0201,196,0
SPY190729P302,2019-07-26,2019-07-26 09:41:55,1.28,1.0322,162,1.25,1.008,27,1.25,1.008,2,1.265,1.0201,196,0
SPY190729P302,2019-07-26,2019-07-26 09:41:56,1.28,1.0322,149,1.25,1.008,81,1.25,1.008,2,1.265,1.0201,196,0
SPY190729P302,2019-07-26,2019-07-26 09:41:56,1.28,1.0322,139,1.25,1.008,16,1.25,1.008,2,1.265,1.0201,196,0
SPY190729P302,2019-07-26,2019-07-26 09:41:57,1.28,1.0322,111,1.25,1.008,81,1.25,1.008,2,1.265,1.0201,196,0
SPY190729P302,2019-07-26,2019-07-26 09:41:58,1.28,1.0322,111,1.25,1.008,103,1.25,1.008,2,1.265,1.0201,196,0
SPY190729P302,2019-07-26,2019-07-26 09:41:59,1.28,1.0322,121,1.25,1.008,75,1.25,1.008,2,1.265,1.0201,196,0
SPY190729P302,2019-07-26,2019-07-26 09:41:59,1.28,1.0322,121,1.25,1.008,16,1.25,1.008,2,1.265,1.0201,196,0
SPY190729P302,2019-07-26,2019-07-26 09:42:00,1.28,1.0322,186,1.25,1.008,16,1.25,1.008,2,1.265,1.0201,196,0
SPY190729P302,2019-07-26,2019-07-26 09:42:00,1.28,1.0322,121,1.25,1.008,16,1.25,1.008,2,1.265,1.0201,196,0
SPY190729P302,2019-07-26,2019-07-26 09:42:01,1.27,1.0241,16,1.24,1.0,113,1.25,1.008,2,1.255,1.012,196,0
SPY190729P302,2019-07-26,2019-07-26 09:42:02,1.28,1.0322,181,1.25,1.008,16,1.25,1.008,2,1.265,1.0201,196,0
SPY190729P302,2019-07-26,2019-07-26 09:42:02,1.28,1.0322,191,1.25,1.008,16,1.25,1.008,2,1.265,1.0201,196,0
SPY190729P302,2019-07-26,2019-07-26 09:42:03,1.28,1.0322,168,1.25,1.008,37,1.25,1.008,2,1.265,1.0201,196,0
SPY190729P302,2019-07-26,2019-07-26 09:42:03,1.28,1.0322,168,1.25,1.008,36,1.25,1.008,2,1.265,1.0201,196,0
SPY190729P302,2019-07-26,2019-07-26 09:42:04,1.28,1.0322,168,1.25,1.008,16,1.25,1.008,2,1.265,1.0201,196,0
SPY190729P302,2019-07-26,2019-07-26 09:42:04,1.27,1.0241,18,1.24,1.0,33,1.25,1.008,2,1.255,1.012,196,0
SPY190729P302,2019-07-26,2019-07-26 09:42:05,1.28,1.0322,182,1.24,1.0,43,1.25,1.008,2,1.26,1.0161,196,0
SPY190729P302,2019-07-26,2019-07-26 09:42:06,1.28,1.0322,182,1.25,1.008,56,1.25,1.008,2,1.265,1.0201,196,0
SPY190729P302,2019-07-26,2019-07-26 09:42:06,1.26,1.0161,100,1.24,1.0,6,1.25,1.008,2,1.25,1.008,196,0
SPY190729P302,2019-07-26,2019-07-26 09:42:07,1.26,1.0161,16,1.24,1.0,39,1.25,1.008,2,1.25,1.008,196,0
SPY190729P302,2019-07-26,2019-07-26 09:42:07,1.27,1.0241,151,1.24,1.0,39,1.25,1.008,2,1.255,1.012,196,0
SPY190729P302,2019-07-26,2019-07-26 09:42:08,1.27,1.0241,151,1.24,1.0,12,1.25,1.008,2,1.255,1.012,196,0
SPY190729P302,2019-07-26,2019-07-26 09:42:08,1.26,1.0161,29,1.24,1.0,12,1.25,1.008,2,1.25,1.008,196,0
SPY190729P302,2019-07-26,2019-07-26 09:42:09,1.26,1.0161,113,1.24,1.0,12,1.25,1.008,2,1.25,1.008,196,0
SPY190729P302,2019-07-26,2019-07-26 09:42:10,1.26,1.0161,120,1.24,1.0,2,1.25,1.008,2,1.25,1.008,196,0
SPY190729P302,2019-07-26,2019-07-26 09:42:10,1.26,1.0161,110,1.24,1.0,2,1.25,1.008,2,1.25,1.008,196,0
SPY190729P302,2019-07-26,2019-07-26 09:42:11,1.26,1.0161,29,1.24,1.0,6,1.25,1.008,2,1.25,1.008,196,0
SPY190729P302,2019-07-26,2019-07-26 09:42:11,1.26,1.0161,120,1.24,1.0,2,1.25,1.008,2,1.25,1.008,196,0
SPY190729P302,2019-07-26,2019-07-26 09:42:12,1.26,1.0161,120,1.24,1.0,2,1.25,1.008,2,1.25,1.008,196,0
SPY190729P302,2019-07-26,2019-07-26 09:42:12,1.26,1.0161,36,1.24,1.0,6,1.24,1.0,10,1.25,1.008,206,10
SPY190729P302,2019-07-26,2019-07-26 09:42:13,1.26,1.0161,36,1.24,1.0,6,1.24,1.0,10,1.25,1.008,206,0
SPY190729P302,2019-07-26,2019-07-26 09:42:14,1.26,1.0161,36,1.24,1.0,6,1.24,1.0,10,1.25,1.008,206,0
SPY190729P302,2019-07-26,2019-07-26 09:42:15,1.26,1.0161,22,1.24,1.0,2,1.24,1.0,10,1.25,1.008,206,0
SPY190729P302,2019-07-26,2019-07-26 09:42:16,1.27,1.0241,207,1.24,1.0,6,1.24,1.0,10,1.255,1.012,206,0
SPY190729P302,2019-07-26,2019-07-26 09:42:16,1.28,1.0322,172,1.24,1.0,120,1.24,1.0,10,1.26,1.0161,206,0
SPY190729P302,2019-07-26,2019-07-26 09:42:17,1.28,1.0322,163,1.25,1.008,75,1.24,1.0,10,1.265,1.0201,206,0
SPY190729P302,2019-07-26,2019-07-26 09:42:17,1.27,1.0241,5,1.25,1.008,16,1.24,1.0,10,1.26,1.0161,206,0
SPY190729P302,2019-07-26,2019-07-26 09:42:18,1.28,1.0322,173,1.25,1.008,47,1.24,1.0,10,1.265,1.0201,206,0
SPY190729P302,2019-07-26,2019-07-26 09:42:19,1.28,1.0322,173,1.25,1.008,47,1.24,1.0,10,1.265,1.0201,206,0
SPY190729P302,2019-07-26,2019-07-26 09:42:19,1.28,1.0322,173,1.25,1.008,64,1.24,1.0,10,1.265,1.0201,206,0
SPY190729P302,2019-07-26,2019-07-26 09:42:20,1.28,1.0322,173,1.25,1.008,47,1.24,1.0,10,1.265,1.0201,206,0
SPY190729P302,2019-07-26,2019-07-26 09:42:21,1.27,1.0241,110,1.25,1.008,16,1.24,1.0,10,1.26,1.0161,206,0
SPY190729P302,2019-07-26,2019-07-26 09:42:22,1.27,1.0241,27,1.25,1.008,16,1.25,1.008,2,1.26,1.0161,208,2
SPY190729P302,2019-07-26,2019-07-26 09:42:22,1.27,1.0241,71,1.24,1.0,96,1.25,1.008,2,1.255,1.012,208,0
SPY190729P302,2019-07-26,2019-07-26 09:42:23,1.26,1.0161,6,1.24,1.0,96,1.25,1.008,2,1.25,1.008,208,0
SPY190729P302,2019-07-26,2019-07-26 09:42:23,1.27,1.0241,83,1.24,1.0,96,1.25,1.008,2,1.255,1.012,208,0
SPY190729P302,2019-07-26,2019-07-26 09:42:24,1.26,1.0161,16,1.24,1.0,96,1.25,1.008,2,1.25,1.008,208,0
SPY190729P302,2019-07-26,2019-07-26 09:42:24,1.26,1.0161,29,1.24,1.0,96,1.25,1.008,2,1.25,1.008,208,0
SPY190729P302,2019-07-26,2019-07-26 09:42:25,1.28,1.0322,146,1.25,1.008,16,1.25,1.008,2,1.265,1.0201,208,0
SPY190729P302,2019-07-26,2019-07-26 09:42:25,1.28,1.0322,166,1.25,1.008,47,1.25,1.008,2,1.265,1.0201,208,0
SPY190729P302,2019-07-26,2019-07-26 09:42:26,1.28,1.0322,171,1.24,1.0,28,1.25,1.008,2,1.26,1.0161,208,0
SPY190729P302,2019-07-26,2019-07-26 09:42:27,1.26,1.0161,6,1.23,0.9919,212,1.25,1.008,2,1.245,1.004,208,0
SPY190729P302,2019-07-26,2019-07-26 09:42:28,1.25,1.008,110,1.22,0.9838,145,1.25,1.008,2,1.235,0.9959,208,0
SPY190729P302,2019-07-26,2019-07-26 09:42:28,1.25,1.008,100,1.22,0.9838,145,1.25,1.008,2,1.235,0.9959,208,0
SPY190729P302,2019-07-26,2019-07-26 09:42:29,1.25,1.008,100,1.22,0.9838,23,1.25,1.008,2,1.235,0.9959,208,0
SPY190729P302,2019-07-26,2019-07-26 09:42:29,1.25,1.008,100,1.22,0.9838,87,1.25,1.008,2,1.235,0.9959,208,0
SPY190729P302,2019-07-26,2019-07-26 09:42:30,1.26,1.0161,181,1.23,0.9919,26,1.25,1.008,2,1.245,1.004,208,0
SPY190729P302,2019-07-26,2019-07-26 09:42:30,1.25,1.008,120,1.22,0.9838,147,1.25,1.008,2,1.235,0.9959,208,0
SPY190729P302,2019-07-26,2019-07-26 09:42:31,1.26,1.0161,181,1.23,0.9919,26,1.25,1.008,2,1.245,1.004,208,0
SPY190729P302,2019-07-26,2019-07-26 09:42:32,1.26,1.0161,181,1.23,0.9919,36,1.25,1.008,2,1.245,1.004,208,0
SPY190729P302,2019-07-26,2019-07-26 09:42:32,1.26,1.0161,120,1.23,0.9919,36,1.25,1.008,2,1.245,1.004,208,0
SPY190729P302,2019-07-26,2019-07-26 09:42:33,1.25,1.008,154,1.22,0.9838,100,1.25,1.008,2,1.235,0.9959,208,0
SPY190729P302,2019-07-26,2019-07-26 09:42:33,1.26,1.0161,141,1.23,0.9919,48,1.25,1.008,2,1.245,1.004,208,0
SPY190729P302,2019-07-26,2019-07-26 09:42:34,1.25,1.008,154,1.22,0.9838,81,1.25,1.008,2,1.235,0.9959,208,0
SPY190729P302,2019-07-26,2019-07-26 09:42:35,1.25,1.008,144,1.22,0.9838,16,1.25,1.008,2,1.235,0.9959,208,0
SPY190729P302,2019-07-26,2019-07-26 09:42:36,1.24,1.0,20,1.22,0.9838,10,1.25,1.008,2,1.23,0.9919,208,0
SPY190729P302,2019-07-26,2019-07-26 09:42:36,1.25,1.008,144,1.22,0.9838,36,1.25,1.008,2,1.235,0.9959,208,0
SPY190729P302,2019-07-26,2019-07-26 09:42:37,1.24,1.0,26,1.22,0.9838,10,1.25,1.008,2,1.23,0.9919,208,0
SPY190729P302,2019-07-26,2019-07-26 09:42:38,1.24,1.0,26,1.22,0.9838,12,1.25,1.008,2,1.23,0.9919,208,0
SPY190729P302,2019-07-26,2019-07-26 09:42:38,1.24,1.0,46,1.22,0.9838,12,1.25,1.008,2,1.23,0.9919,208,0
SPY190729P302,2019-07-26,2019-07-26 09:42:39,1.24,1.0,46,1.22,0.9838,12,1.25,1.008,2,1.23,0.9919,208,0
SPY190729P302,2019-07-26,2019-07-26 09:42:39,1.23,0.9919,130,1.22,0.9838,12,1.25,1.008,2,1.225,0.9879,208,0
SPY190729P302,2019-07-26,2019-07-26 09:42:40,1.23,0.9919,176,1.22,0.9838,12,1.25,1.008,2,1.225,0.9879,208,0
SPY190729P302,2019-07-26,2019-07-26 09:42:40,1.23,0.9919,130,1.22,0.9838,12,1.25,1.008,2,1.225,0.9879,208,0
SPY190729P302,2019-07-26,2019-07-26 09:42:41,1.23,0.9919,176,1.22,0.9838,12,1.25,1.008,2,1.225,0.9879,208,0
SPY190729P302,2019-07-26,2019-07-26 09:42:42,1.23,0.9919,176,1.22,0.9838,11,1.22,0.9838,1,1.225,0.9879,209,1
SPY190729P302,2019-07-26,2019-07-26 09:42:42,1.23,0.9919,176,1.22,0.9838,11,1.22,0.9838,1,1.225,0.9879,209,0
SPY190729P302,2019-07-26,2019-07-26 09:42:43,1.23,0.9919,176,1.22,0.9838,11,1.22,0.9838,1,1.225,0.9879,209,0
SPY190729P302,2019-07-26,2019-07-26 09:42:44,1.23,0.9919,176,1.22,0.9838,11,1.22,0.9838,1,1.225,0.9879,209,0
SPY190729P302,2019-07-26,2019-07-26 09:42:44,1.23,0.9919,166,1.22,0.9838,11,1.22,0.9838,1,1.225,0.9879,209,0
SPY190729P302,2019-07-26,2019-07-26 09:42:45,1.22,0.9838,208,1.2,0.9677,2,1.22,0.9838,11,1.21,0.9758,220,0
SPY190729P302,2019-07-26,2019-07-26 09:42:45,1.22,0.9838,100,1.2,0.9677,2,1.22,0.9838,11,1.21,0.9758,220,11
SPY190729P302,2019-07-26,2019-07-26 09:42:46,1.22,0.9838,208,1.2,0.9677,2,1.22,0.9838,11,1.21,0.9758,220,0
SPY190729P302,2019-07-26,2019-07-26 09:42:47,1.21,0.9758,46,1.2,0.9677,2,1.22,0.9838,11,1.205,0.9717,220,0
SPY190729P302,2019-07-26,2019-07-26 09:42:47,1.21,0.9758,120,1.2,0.9677,2,1.22,0.9838,11,1.205,0.9717,220,0
SPY190729P302,2019-07-26,2019-07-26 09:42:48,1.2,0.9677,1,1.18,0.9516,6,1.2,0.9677,2,1.19,0.9596,222,2
SPY190729P302,2019-07-26,2019-07-26 09:42:48,1.21,0.9758,120,1.2,0.9677,2,1.22,0.9838,11,1.205,0.9717,220,0
SPY190729P302,2019-07-26,2019-07-26 09:42:49,1.2,0.9677,172,1.17,0.9435,82,1.2,0.9677,2,1.185,0.9556,222,0
SPY190729P302,2019-07-26,2019-07-26 09:42:50,1.2,0.9677,172,1.17,0.9435,82,1.2,0.9677,2,1.185,0.9556,222,0
SPY190729P302,2019-07-26,2019-07-26 09:42:51,1.2,0.9677,172,1.17,0.9435,82,1.2,0.9677,2,1.185,0.9556,222,0
SPY190729P302,2019-07-26,2019-07-26 09:42:52,1.2,0.9677,120,1.17,0.9435,96,1.2,0.9677,2,1.185,0.9556,222,0
SPY190729P302,2019-07-26,2019-07-26 09:42:52,1.2,0.9677,130,1.17,0.9435,100,1.2,0.9677,2,1.185,0.9556,222,0
SPY190729P302,2019-07-26,2019-07-26 09:42:53,1.2,0.9677,160,1.17,0.9435,79,1.18,0.9516,12,1.185,0.9556,234,12
SPY190729P302,2019-07-26,2019-07-26 09:42:53,1.2,0.9677,160,1.17,0.9435,100,1.2,0.9677,2,1.185,0.9556,222,0
SPY190729P302,2019-07-26,2019-07-26 09:42:54,1.2,0.9677,160,1.17,0.9435,79,1.18,0.9516,12,1.185,0.9556,234,0
SPY190729P302,2019-07-26,2019-07-26 09:42:55,1.2,0.9677,160,1.17,0.9435,79,1.18,0.9516,12,1.185,0.9556,234,0
SPY190729P302,2019-07-26,2019-07-26 09:42:56,1.2,0.9677,160,1.17,0.9435,79,1.18,0.9516,12,1.185,0.9556,234,0
SPY190729P302,2019-07-26,2019-07-26 09:42:57,1.2,0.9677,177,1.17,0.9435,79,1.18,0.9516,12,1.185,0.9556,234,0
SPY190729P302,2019-07-26,2019-07-26 09:42:58,1.2,0.9677,177,1.17,0.9435,26,1.18,0.9516,12,1.185,0.9556,234,0
SPY190729P302,2019-07-26,2019-07-26 09:42:59,1.2,0.9677,177,1.17,0.9435,26,1.18,0.9516,12,1.185,0.9556,234,0
SPY190729P302,2019-07-26,2019-07-26 09:43:00,1.2,0.9677,76,1.17,0.9435,82,1.18,0.9516,12,1.185,0.9556,234,0
SPY190729P302,2019-07-26,2019-07-26 09:43:00,1.2,0.9677,160,1.17,0.9435,26,1.18,0.9516,12,1.185,0.9556,234,0
SPY190729P302,2019-07-26,2019-07-26 09:43:01,1.21,0.9758,155,1.18,0.9516,98,1.18,0.9516,12,1.195,0.9637,234,0
SPY190729P302,2019-07-26,2019-07-26 09:43:01,1.21,0.9758,155,1.18,0.9516,108,1.18,0.9516,12,1.195,0.9637,234,0
SPY190729P302,2019-07-26,2019-07-26 09:43:02,1.21,0.9758,155,1.18,0.9516,98,1.18,0.9516,12,1.195,0.9637,234,0
SPY190729P302,2019-07-26,2019-07-26 09:43:02,1.21,0.9758,155,1.18,0.9516,93,1.18,0.9516,12,1.195,0.9637,234,0
SPY190729P302,2019-07-26,2019-07-26 09:43:03,1.21,0.9758,120,1.18,0.9516,98,1.18,0.9516,12,1.195,0.9637,234,0
SPY190729P302,2019-07-26,2019-07-26 09:43:04,1.21,0.9758,151,1.18,0.9516,113,1.18,0.9516,12,1.195,0.9637,234,0
SPY190729P302,2019-07-26,2019-07-26 09:43:05,1.21,0.9758,151,1.18,0.9516,111,1.18,0.9516,12,1.195,0.9637,234,0
SPY190729P302,2019-07-26,2019-07-26 09:43:05,1.21,0.9758,151,1.18,0.9516,151,1.18,0.9516,12,1.195,0.9637,234,0
SPY190729P302,2019-07-26,2019-07-26 09:43:06,1.21,0.9758,151,1.18,0.9516,106,1.18,0.9516,12,1.195,0.9637,234,0
SPY190729P302,2019-07-26,2019-07-26 09:43:06,1.21,0.9758,120,1.18,0.9516,106,1.18,0.9516,12,1.195,0.9637,234,0
SPY190729P302,2019-07-26,2019-07-26 09:43:07,1.21,0.9758,120,1.18,0.9516,106,1.18,0.9516,12,1.195,0.9637,234,0
SPY190729P302,2019-07-26,2019-07-26 09:43:07,1.21,0.9758,130,1.18,0.9516,106,1.18,0.9516,12,1.195,0.9637,234,0
SPY190729P302,2019-07-26,2019-07-26 09:43:08,1.21,0.9758,26,1.18,0.9516,106,1.18,0.9516,12,1.195,0.9637,234,0
SPY190729P302,2019-07-26,2019-07-26 09:43:09,1.21,0.9758,26,1.19,0.9596,30,1.18,0.9516,12,1.2,0.9677,234,0
SPY190729P302,2019-07-26,2019-07-26 09:43:09,1.21,0.9758,26,1.19,0.9596,100,1.18,0.9516,12,1.2,0.9677,234,0
SPY190729P302,2019-07-26,2019-07-26 09:43:10,1.21,0.9758,100,1.18,0.9516,211,1.18,0.9516,12,1.195,0.9637,234,0
SPY190729P302,2019-07-26,2019-07-26 09:43:10,1.21,0.9758,26,1.19,0.9596,40,1.18,0.9516,12,1.2,0.9677,234,0
SPY190729P302,2019-07-26,2019-07-26 09:43:11,1.24,1.0,100,1.2,0.9677,178,1.18,0.9516,12,1.22,0.9838,234,0
SPY190729P302,2019-07-26,2019-07-26 09:43:11,1.22,0.9838,26,1.2,0.9677,24,1.18,0.9516,12,1.21,0.9758,234,0
SPY190729P302,2019-07-26,2019-07-26 09:43:12,1.24,1.0,80,1.21,0.9758,76,1.18,0.9516,12,1.225,0.9879,234,0
SPY190729P302,2019-07-26,2019-07-26 09:43:12,1.24,1.0,148,1.21,0.9758,76,1.18,0.9516,12,1.225,0.9879,234,0
SPY190729P302,2019-07-26,2019-07-26 09:43:13,1.24,1.0,80,1.2,0.9677,100,1.18,0.9516,12,1.22,0.9838,234,0
SPY190729P302,2019-07-26,2019-07-26 09:43:14,1.24,1.0,80,1.2,0.9677,110,1.18,0.9516,12,1.22,0.9838,234,0
SPY190729P302,2019-07-26,2019-07-26 09:43:15,1.23,0.9919,173,1.2,0.9677,110,1.18,0.9516,12,1.215,0.9798,234,0
SPY190729P302,2019-07-26,2019-07-26 09:43:15,1.22,0.9838,120,1.19,0.9596,110,1.18,0.9516,12,1.205,0.9717,234,0
SPY190729P302,2019-07-26,2019-07-26 09:43:16,1.22,0.9838,120,1.19,0.9596,46,1.18,0.9516,12,1.205,0.9717,234,0
SPY190729P302,2019-07-26,2019-07-26 09:43:16,1.21,0.9758,20,1.19,0.9596,26,1.18,0.9516,12,1.2,0.9677,234,0
SPY190729P302,2019-07-26,2019-07-26 09:43:17,1.22,0.9838,159,1.19,0.9596,26,1.18,0.9516,12,1.205,0.9717,234,0
SPY190729P302,2019-07-26,2019-07-26 09:43:18,1.22,0.9838,159,1.18,0.9516,180,1.18,0.9516,12,1.2,0.9677,234,0
SPY190729P302,2019-07-26,2019-07-26 09:43:19,1.21,0.9758,20,1.18,0.9516,180,1.18,0.9516,12,1.195,0.9637,234,0
SPY190729P302,2019-07-26,2019-07-26 09:43:20,1.21,0.9758,130,1.18,0.9516,120,1.18,0.9516,12,1.195,0.9637,234,0
SPY190729P302,2019-07-26,2019-07-26 09:43:21,1.21,0.9758,130,1.18,0.9516,155,1.18,0.9516,12,1.195,0.9637,234,0
SPY190729P302,2019-07-26,2019-07-26 09:43:22,1.21,0.9758,130,1.18,0.9516,100,1.18,0.9516,12,1.195,0.9637,234,0
SPY190729P302,2019-07-26,2019-07-26 09:43:23,1.21,0.9758,130,1.18,0.9516,155,1.18,0.9516,12,1.195,0.9637,234,0
SPY190729P302,2019-07-26,2019-07-26 09:43:24,1.21,0.9758,130,1.18,0.9516,155,1.18,0.9516,12,1.195,0.9637,234,0
SPY190729P302,2019-07-26,2019-07-26 09:43:24,1.21,0.9758,130,1.18,0.9516,120,1.18,0.9516,12,1.195,0.9637,234,0
SPY190729P302,2019-07-26,2019-07-26 09:43:25,1.21,0.9758,130,1.18,0.9516,122,1.18,0.9516,12,1.195,0.9637,234,0
SPY190729P302,2019-07-26,2019-07-26 09:43:26,1.21,0.9758,130,1.18,0.9516,110,1.18,0.9516,12,1.195,0.9637,234,0
SPY190729P302,2019-07-26,2019-07-26 09:43:27,1.21,0.9758,130,1.18,0.9516,110,1.18,0.9516,12,1.195,0.9637,234,0
SPY190729P302,2019-07-26,2019-07-26 09:43:28,1.23,0.9919,173,1.2,0.9677,76,1.18,0.9516,12,1.215,0.9798,234,0
SPY190729P302,2019-07-26,2019-07-26 09:43:28,1.22,0.9838,20,1.19,0.9596,98,1.18,0.9516,12,1.205,0.9717,234,0
SPY190729P302,2019-07-26,2019-07-26 09:43:29,1.23,0.9919,173,1.19,0.9596,223,1.18,0.9516,12,1.21,0.9758,234,0
SPY190729P302,2019-07-26,2019-07-26 09:43:29,1.22,0.9838,24,1.19,0.9596,152,1.18,0.9516,12,1.205,0.9717,234,0
SPY190729P302,2019-07-26,2019-07-26 09:43:30,1.22,0.9838,120,1.19,0.9596,148,1.18,0.9516,12,1.205,0.9717,234,0
SPY190729P302,2019-07-26,2019-07-26 09:43:30,1.22,0.9838,24,1.19,0.9596,148,1.18,0.9516,12,1.205,0.9717,234,0
SPY190729P302,2019-07-26,2019-07-26 09:43:31,1.22,0.9838,208,1.18,0.9516,219,1.18,0.9516,12,1.2,0.9677,234,0
SPY190729P302,2019-07-26,2019-07-26 09:43:32,1.22,0.9838,130,1.19,0.9596,98,1.18,0.9516,12,1.205,0.9717,234,0
SPY190729P302,2019-07-26,2019-07-26 09:43:32,1.22,0.9838,208,1.18,0.9516,219,1.18,0.9516,12,1.2,0.9677,234,0
SPY190729P302,2019-07-26,2019-07-26 09:43:33,1.21,0.9758,100,1.19,0.9596,20,1.18,0.9516,12,1.2,0.9677,234,0
SPY190729P302,2019-07-26,2019-07-26 09:43:33,1.22,0.9838,159,1.19,0.9596,93,1.18,0.9516,12,1.205,0.9717,234,0
SPY190729P302,2019-07-26,2019-07-26 09:43:34,1.21,0.9758,130,1.18,0.9516,126,1.18,0.9516,12,1.195,0.9637,234,0
SPY190729P302,2019-07-26,2019-07-26 09:43:34,1.21,0.9758,100,1.18,0.9516,126,1.18,0.9516,12,1.195,0.9637,234,0
SPY190729P302,2019-07-26,2019-07-26 09:43:35,1.21,0.9758,130,1.18,0.9516,126,1.18,0.9516,12,1.195,0.9637,234,0
SPY190729P302,2019-07-26,2019-07-26 09:43:36,1.21,0.9758,130,1.18,0.9516,126,1.18,0.9516,12,1.195,0.9637,234,0
SPY190729P302,2019-07-26,2019-07-26 09:43:37,1.21,0.9758,157,1.18,0.9516,170,1.18,0.9516,12,1.195,0.9637,234,0
SPY190729P302,2019-07-26,2019-07-26 09:43:37,1.21,0.9758,147,1.18,0.9516,170,1.18,0.9516,12,1.195,0.9637,234,0
SPY190729P302,2019-07-26,2019-07-26 09:43:38,1.21,0.9758,26,1.18,0.9516,170,1.18,0.9516,12,1.195,0.9637,234,0
SPY190729P302,2019-07-26,2019-07-26 09:43:38,1.21,0.9758,46,1.18,0.9516,218,1.18,0.9516,12,1.195,0.9637,234,0
SPY190729P302,2019-07-26,2019-07-26 09:43:39,1.21,0.9758,30,1.18,0.9516,130,1.18,0.9516,12,1.195,0.9637,234,0
SPY190729P302,2019-07-26,2019-07-26 09:43:40,1.21,0.9758,30,1.18,0.9516,188,1.18,0.9516,12,1.195,0.9637,234,0
SPY190729P302,2019-07-26,2019-07-26 09:43:41,1.21,0.9758,26,1.18,0.9516,188,1.18,0.9516,12,1.195,0.9637,234,0
SPY190729P302,2019-07-26,2019-07-26 09:43:41,1.21,0.9758,26,1.19,0.9596,20,1.18,0.9516,12,1.2,0.9677,234,0
SPY190729P302,2019-07-26,2019-07-26 09:43:42,1.21,0.9758,30,1.18,0.9516,155,1.18,0.9516,12,1.195,0.9637,234,0
SPY190729P302,2019-07-26,2019-07-26 09:43:42,1.21,0.9758,58,1.18,0.9516,130,1.18,0.9516,12,1.195,0.9637,234,0
SPY190729P302,2019-07-26,2019-07-26 09:43:43,1.21,0.9758,58,1.18,0.9516,130,1.18,0.9516,12,1.195,0.9637,234,0
SPY190729P302,2019-07-26,2019-07-26 09:43:43,1.21,0.9758,58,1.19,0.9596,20,1.18,0.9516,12,1.2,0.9677,234,0
SPY190729P302,2019-07-26,2019-07-26 09:43:44,1.21,0.9758,23,1.2,0.9677,1,1.18,0.9516,12,1.205,0.9717,234,0
SPY190729P302,2019-07-26,2019-07-26 09:43:45,1.21,0.9758,60,1.2,0.9677,1,1.18,0.9516,12,1.205,0.9717,234,0
SPY190729P302,2019-07-26,2019-07-26 09:43:46,1.21,0.9758,30,1.2,0.9677,1,1.18,0.9516,12,1.205,0.9717,234,0
SPY190729P302,2019-07-26,2019-07-26 09:43:46,1.21,0.9758,26,1.2,0.9677,1,1.18,0.9516,12,1.205,0.9717,234,0
SPY190729P302,2019-07-26,2019-07-26 09:43:47,1.21,0.9758,26,1.2,0.9677,1,1.18,0.9516,12,1.205,0.9717,234,0
SPY190729P302,2019-07-26,2019-07-26 09:43:47,1.21,0.9758,26,1.2,0.9677,7,1.18,0.9516,12,1.205,0.9717,234,0
SPY190729P302,2019-07-26,2019-07-26 09:43:48,1.22,0.9838,100,1.2,0.9677,20,1.18,0.9516,12,1.21,0.9758,234,0
SPY190729P302,2019-07-26,2019-07-26 09:43:49,1.22,0.9838,187,1.2,0.9677,20,1.18,0.9516,12,1.21,0.9758,234,0
SPY190729P302,2019-07-26,2019-07-26 09:43:50,1.22,0.9838,207,1.2,0.9677,20,1.18,0.9516,12,1.21,0.9758,234,0
SPY190729P302,2019-07-26,2019-07-26 09:43:51,1.22,0.9838,187,1.2,0.9677,20,1.18,0.9516,12,1.21,0.9758,234,0
SPY190729P302,2019-07-26,2019-07-26 09:43:52,1.23,0.9919,199,1.2,0.9677,68,1.18,0.9516,12,1.215,0.9798,234,0
SPY190729P302,2019-07-26,2019-07-26 09:43:52,1.22,0.9838,187,1.2,0.9677,7,1.18,0.9516,12,1.21,0.9758,234,0
SPY190729P302,2019-07-26,2019-07-26 09:43:53,1.23,0.9919,199,1.2,0.9677,68,1.18,0.9516,12,1.215,0.9798,234,0
SPY190729P302,2019-07-26,2019-07-26 09:43:54,1.23,0.9919,199,1.2,0.9677,68,1.18,0.9516,12,1.215,0.9798,234,0
SPY190729P302,2019-07-26,2019-07-26 09:43:54,1.23,0.9919,193,1.2,0.9677,114,1.18,0.9516,12,1.215,0.9798,234,0
SPY190729P302,2019-07-26,2019-07-26 09:43:55,1.24,1.0,142,1.21,0.9758,24,1.18,0.9516,12,1.225,0.9879,234,0
SPY190729P302,2019-07-26,2019-07-26 09:43:55,1.25,1.008,198,1.21,0.9758,98,1.18,0.9516,12,1.23,0.9919,234,0
SPY190729P302,2019-07-26,2019-07-26 09:43:56,1.24,1.0,26,1.21,0.9758,98,1.18,0.9516,12,1.225,0.9879,234,0
SPY190729P302,2019-07-26,2019-07-26 09:43:57,1.23,0.9919,120,1.2,0.9677,93,1.18,0.9516,12,1.215,0.9798,234,0
SPY190729P302,2019-07-26,2019-07-26 09:43:57,1.23,0.9919,120,1.2,0.9677,98,1.18,0.9516,12,1.215,0.9798,234,0
SPY190729P302,2019-07-26,2019-07-26 09:43:58,1.23,0.9919,159,1.2,0.9677,94,1.18,0.9516,12,1.215,0.9798,234,0
SPY190729P302,2019-07-26,2019-07-26 09:43:58,1.23,0.9919,159,1.2,0.9677,26,1.18,0.9516,12,1.215,0.9798,234,0
SPY190729P302,2019-07-26,2019-07-26 09:43:59,1.23,0.9919,159,1.2,0.9677,26,1.23,0.9919,1,1.215,0.9798,244,10
SPY190729P302,2019-07-26,2019-07-26 09:43:59,1.22,0.9838,110,1.2,0.9677,20,1.23,0.9919,1,1.21,0.9758,244,0
SPY190729P302,2019-07-26,2019-07-26 09:44:00,1.22,0.9838,130,1.19,0.9596,75,1.23,0.9919,1,1.205,0.9717,244,0
SPY190729P302,2019-07-26,2019-07-26 09:44:01,1.22,0.9838,151,1.19,0.9596,62,1.22,0.9838,1,1.205,0.9717,245,0
SPY190729P302,2019-07-26,2019-07-26 09:44:01,1.22,0.9838,120,1.19,0.9596,57,1.22,0.9838,1,1.205,0.9717,245,1
SPY190729P302,2019-07-26,2019-07-26 09:44:02,1.21,0.9758,100,1.19,0.9596,20,1.22,0.9838,1,1.2,0.9677,245,0
SPY190729P302,2019-07-26,2019-07-26 09:44:02,1.21,0.9758,28,1.19,0.9596,20,1.22,0.9838,1,1.2,0.9677,245,0
SPY190729P302,2019-07-26,2019-07-26 09:44:03,1.2,0.9677,100,1.19,0.9596,20,1.22,0.9838,1,1.195,0.9637,245,0
SPY190729P302,2019-07-26,2019-07-26 09:44:03,1.21,0.9758,130,1.19,0.9596,20,1.22,0.9838,1,1.2,0.9677,245,0
SPY190729P302,2019-07-26,2019-07-26 09:44:04,1.2,0.9677,10,1.19,0.9596,20,1.22,0.9838,1,1.195,0.9637,245,0
SPY190729P302,2019-07-26,2019-07-26 09:44:05,1.21,0.9758,130,1.19,0.9596,20,1.22,0.9838,1,1.2,0.9677,245,0
SPY190729P302,2019-07-26,2019-07-26 09:44:05,1.21,0.9758,120,1.19,0.9596,20,1.22,0.9838,1,1.2,0.9677,245,0
SPY190729P302,2019-07-26,2019-07-26 09:44:06,1.21,0.9758,20,1.19,0.9596,20,1.22,0.9838,1,1.2,0.9677,245,0
SPY190729P302,2019-07-26,2019-07-26 09:44:07,1.21,0.9758,130,1.18,0.9516,159,1.22,0.9838,1,1.195,0.9637,245,0
SPY190729P302,2019-07-26,2019-07-26 09:44:07,1.21,0.9758,120,1.19,0.9596,20,1.22,0.9838,1,1.2,0.9677,245,0
SPY190729P302,2019-07-26,2019-07-26 09:44:08,1.21,0.9758,156,1.18,0.9516,190,1.22,0.9838,1,1.195,0.9637,245,0
SPY190729P302,2019-07-26,2019-07-26 09:44:09,1.21,0.9758,156,1.18,0.9516,159,1.22,0.9838,1,1.195,0.9637,245,0
SPY190729P302,2019-07-26,2019-07-26 09:44:10,1.21,0.9758,26,1.19,0.9596,7,1.22,0.9838,1,1.2,0.9677,245,0
SPY190729P302,2019-07-26,2019-07-26 09:44:11,1.22,0.9838,120,1.19,0.9596,98,1.22,0.9838,1,1.205,0.9717,245,0
SPY190729P302,2019-07-26,2019-07-26 09:44:11,1.21,0.9758,26,1.19,0.9596,7,1.22,0.9838,1,1.2,0.9677,245,0
SPY190729P302,2019-07-26,2019-07-26 09:44:12,1.22,0.9838,100,1.2,0.9677,26,1.22,0.9838,1,1.21,0.9758,245,0
SPY190729P302,2019-07-26,2019-07-26 09:44:13,1.22,0.9838,130,1.19,0.9596,196,1.22,0.9838,1,1.205,0.9717,245,0
SPY190729P302,2019-07-26,2019-07-26 09:44:14,1.22,0.9838,130,1.19,0.9596,196,1.22,0.9838,1,1.205,0.9717,245,0
SPY190729P302,2019-07-26,2019-07-26 09:44:15,1.22,0.9838,120,1.2,0.9677,26,1.22,0.9838,1,1.21,0.9758,245,0
SPY190729P302,2019-07-26,2019-07-26 09:44:15,1.22,0.9838,20,1.2,0.9677,20,1.22,0.9838,1,1.21,0.9758,245,0
SPY190729P302,2019-07-26,2019-07-26 09:44:16,1.22,0.9838,20,1.2,0.9677,20,1.22,0.9838,1,1.21,0.9758,245,0
SPY190729P302,2019-07-26,2019-07-26 09:44:17,1.22,0.9838,120,1.19,0.9596,126,1.22,0.9838,1,1.205,0.9717,245,0
SPY190729P302,2019-07-26,2019-07-26 09:44:18,1.22,0.9838,120,1.2,0.9677,1,1.22,0.9838,1,1.21,0.9758,245,0
SPY190729P302,2019-07-26,2019-07-26 09:44:19,1.22,0.9838,155,1.2,0.9677,1,1.22,0.9838,1,1.21,0.9758,245,0
SPY190729P302,2019-07-26,2019-07-26 09:44:20,1.22,0.9838,155,1.2,0.9677,1,1.22,0.9838,1,1.21,0.9758,245,0
SPY190729P302,2019-07-26,2019-07-26 09:44:21,1.22,0.9838,120,1.2,0.9677,1,1.22,0.9838,1,1.21,0.9758,245,0
SPY190729P302,2019-07-26,2019-07-26 09:44:22,1.22,0.9838,120,1.2,0.9677,26,1.22,0.9838,1,1.21,0.9758,245,0
SPY190729P302,2019-07-26,2019-07-26 09:44:22,1.23,0.9919,193,1.2,0.9677,35,1.22,0.9838,1,1.215,0.9798,245,0
SPY190729P302,2019-07-26,2019-07-26 09:44:23,1.23,0.9919,193,1.2,0.9677,46,1.22,0.9838,1,1.215,0.9798,245,0
SPY190729P302,2019-07-26,2019-07-26 09:44:23,1.24,1.0,87,1.21,0.9758,61,1.22,0.9838,1,1.225,0.9879,245,0
SPY190729P302,2019-07-26,2019-07-26 09:44:24,1.23,0.9919,7,1.21,0.9758,61,1.22,0.9838,1,1.22,0.9838,245,0
SPY190729P302,2019-07-26,2019-07-26 09:44:24,1.24,1.0,50,1.21,0.9758,85,1.22,0.9838,1,1.225,0.9879,245,0
SPY190729P302,2019-07-26,2019-07-26 09:44:25,1.23,0.9919,10,1.21,0.9758,61,1.22,0.9838,1,1.22,0.9838,245,0
SPY190729P302,2019-07-26,2019-07-26 09:44:26,1.23,0.9919,100,1.21,0.9758,26,1.22,0.9838,1,1.22,0.9838,245,0
SPY190729P302,2019-07-26,2019-07-26 09:44:26,1.23,0.9919,7,1.21,0.9758,26,1.22,0.9838,1,1.22,0.9838,245,0
SPY190729P302,2019-07-26,2019-07-26 09:44:27,1.23,0.9919,7,1.21,0.9758,26,1.22,0.9838,1,1.22,0.9838,245,0
SPY190729P302,2019-07-26,2019-07-26 09:44:27,1.24,1.0,183,1.22,0.9838,1,1.22,0.9838,1,1.23,0.9919,245,0
SPY190729P302,2019-07-26,2019-07-26 09:44:28,1.24,1.0,167,1.22,0.9838,1,1.22,0.9838,1,1.23,0.9919,245,0
SPY190729P302,2019-07-26,2019-07-26 09:44:28,1.24,1.0,183,1.22,0.9838,1,1.22,0.9838,1,1.23,0.9919,245,0
SPY190729P302,2019-07-26,2019-07-26 09:44:29,1.24,1.0,167,1.22,0.9838,1,1.22,0.9838,1,1.23,0.9919,245,0
SPY190729P302,2019-07-26,2019-07-26 09:44:30,1.24,1.0,167,1.22,0.9838,1,1.22,0.9838,1,1.23,0.9919,245,0
SPY190729P302,2019-07-26,2019-07-26 09:44:31,1.24,1.0,172,1.22,0.9838,1,1.22,0.9838,1,1.23,0.9919,245,0
SPY190729P302,2019-07-26,2019-07-26 09:44:31,1.23,0.9919,26,1.22,0.9838,1,1.22,0.9838,1,1.225,0.9879,245,0
SPY190729P302,2019-07-26,2019-07-26 09:44:32,1.23,0.9919,193,1.2,0.9677,26,1.22,0.9838,1,1.215,0.9798,246,0
SPY190729P302,2019-07-26,2019-07-26 09:44:32,1.24,1.0,172,1.21,0.9758,20,1.22,0.9838,1,1.225,0.9879,246,1
SPY190729P302,2019-07-26,2019-07-26 09:44:33,1.22,0.9838,120,1.19,0.9596,130,1.22,0.9838,1,1.205,0.9717,246,0
SPY190729P302,2019-07-26,2019-07-26 09:44:33,1.23,0.9919,193,1.19,0.9596,120,1.22,0.9838,1,1.21,0.9758,246,0
SPY190729P302,2019-07-26,2019-07-26 09:44:34,1.22,0.9838,100,1.19,0.9596,130,1.22,0.9838,1,1.205,0.9717,246,0
SPY190729P302,2019-07-26,2019-07-26 09:44:35,1.22,0.9838,120,1.19,0.9596,130,1.22,0.9838,1,1.205,0.9717,246,0
SPY190729P302,2019-07-26,2019-07-26 09:44:35,1.22,0.9838,100,1.19,0.9596,120,1.22,0.9838,1,1.205,0.9717,246,0
SPY190729P302,2019-07-26,2019-07-26 09:44:36,1.22,0.9838,120,1.19,0.9596,130,1.22,0.9838,1,1.205,0.9717,246,0
SPY190729P302,2019-07-26,2019-07-26 09:44:36,1.22,0.9838,100,1.19,0.9596,130,1.22,0.9838,1,1.205,0.9717,246,0
SPY190729P302,2019-07-26,2019-07-26 09:44:37,1.22,0.9838,120,1.19,0.9596,120,1.22,0.9838,1,1.205,0.9717,246,0
SPY190729P302,2019-07-26,2019-07-26 09:44:37,1.22,0.9838,120,1.2,0.9677,26,1.22,0.9838,1,1.21,0.9758,246,0
SPY190729P302,2019-07-26,2019-07-26 09:44:38,1.22,0.9838,100,1.19,0.9596,120,1.22,0.9838,1,1.205,0.9717,246,0
SPY190729P302,2019-07-26,2019-07-26 09:44:39,1.22,0.9838,120,1.19,0.9596,120,1.22,0.9838,1,1.205,0.9717,246,0
SPY190729P302,2019-07-26,2019-07-26 09:44:40,1.22,0.9838,120,1.19,0.9596,130,1.22,0.9838,1,1.205,0.9717,246,0
SPY190729P302,2019-07-26,2019-07-26 09:44:40,1.22,0.9838,100,1.19,0.9596,130,1.22,0.9838,1,1.205,0.9717,246,0
SPY190729P302,2019-07-26,2019-07-26 09:44:41,1.22,0.9838,100,1.19,0.9596,120,1.22,0.9838,1,1.205,0.9717,246,0
SPY190729P302,2019-07-26,2019-07-26 09:44:41,1.22,0.9838,100,1.19,0.9596,130,1.22,0.9838,1,1.205,0.9717,246,0
SPY190729P302,2019-07-26,2019-07-26 09:44:42,1.22,0.9838,120,1.19,0.9596,120,1.22,0.9838,1,1.205,0.9717,246,0
SPY190729P302,2019-07-26,2019-07-26 09:44:43,1.22,0.9838,177,1.18,0.9516,131,1.22,0.9838,1,1.2,0.9677,246,0
SPY190729P302,2019-07-26,2019-07-26 09:44:43,1.22,0.9838,167,1.19,0.9596,20,1.22,0.9838,1,1.205,0.9717,246,0
SPY190729P302,2019-07-26,2019-07-26 09:44:44,1.21,0.9758,120,1.18,0.9516,120,1.22,0.9838,1,1.195,0.9637,246,0
SPY190729P302,2019-07-26,2019-07-26 09:44:45,1.21,0.9758,120,1.18,0.9516,130,1.22,0.9838,1,1.195,0.9637,246,0
SPY190729P302,2019-07-26,2019-07-26 09:44:45,1.22,0.9838,172,1.19,0.9596,73,1.22,0.9838,1,1.205,0.9717,246,0
SPY190729P302,2019-07-26,2019-07-26 09:44:46,1.22,0.9838,70,1.19,0.9596,76,1.22,0.9838,1,1.205,0.9717,246,0
SPY190729P302,2019-07-26,2019-07-26 09:44:46,1.22,0.9838,71,1.19,0.9596,78,1.22,0.9838,1,1.205,0.9717,246,0
SPY190729P302,2019-07-26,2019-07-26 09:44:47,1.22,0.9838,70,1.19,0.9596,76,1.22,0.9838,1,1.205,0.9717,246,0
SPY190729P302,2019-07-26,2019-07-26 09:44:48,1.22,0.9838,146,1.19,0.9596,56,1.22,0.9838,1,1.205,0.9717,246,0
SPY190729P302,2019-07-26,2019-07-26 09:44:49,1.22,0.9838,26,1.19,0.9596,67,1.22,0.9838,1,1.205,0.9717,246,0
SPY190729P302,2019-07-26,2019-07-26 09:44:49,1.22,0.9838,26,1.19,0.9596,85,1.22,0.9838,1,1.205,0.9717,246,0
SPY190729P302,2019-07-26,2019-07-26 09:44:50,1.22,0.9838,20,1.19,0.9596,122,1.22,0.9838,1,1.205,0.9717,246,0
SPY190729P302,2019-07-26,2019-07-26 09:44:51,1.22,0.9838,20,1.19,0.9596,68,1.22,0.9838,1,1.205,0.9717,246,0
SPY190729P302,2019-07-26,2019-07-26 09:44:51,1.22,0.9838,20,1.19,0.9596,122,1.22,0.9838,1,1.205,0.9717,246,0
SPY190729P302,2019-07-26,2019-07-26 09:44:52,1.22,0.9838,162,1.19,0.9596,68,1.22,0.9838,1,1.205,0.9717,246,0
SPY190729P302,2019-07-26,2019-07-26 09:44:53,1.22,0.9838,69,1.19,0.9596,68,1.22,0.9838,1,1.205,0.9717,246,0
SPY190729P302,2019-07-26,2019-07-26 09:44:54,1.22,0.9838,44,1.19,0.9596,68,1.22,0.9838,1,1.205,0.9717,246,0
SPY190729P302,2019-07-26,2019-07-26 09:44:55,1.22,0.9838,44,1.19,0.9596,68,1.22,0.9838,1,1.205,0.9717,246,0
SPY190729P302,2019-07-26,2019-07-26 09:44:55,1.23,0.9919,189,1.2,0.9677,93,1.22,0.9838,1,1.215,0.9798,246,0
SPY190729P302,2019-07-26,2019-07-26 09:44:56,1.23,0.9919,189,1.2,0.9677,46,1.22,0.9838,1,1.215,0.9798,246,0
SPY190729P302,2019-07-26,2019-07-26 09:44:56,1.22,0.9838,46,1.19,0.9596,120,1.22,0.9838,1,1.205,0.9717,246,0
SPY190729P302,2019-07-26,2019-07-26 09:44:57,1.22,0.9838,46,1.19,0.9596,120,1.22,0.9838,1,1.205,0.9717,246,0
SPY190729P302,2019-07-26,2019-07-26 09:44:57,1.22,0.9838,66,1.19,0.9596,76,1.22,0.9838,1,1.205,0.9717,246,0
SPY190729P302,2019-07-26,2019-07-26 09:44:58,1.21,0.9758,100,1.18,0.9516,120,1.22,0.9838,1,1.195,0.9637,246,0
SPY190729P302,2019-07-26,2019-07-26 09:44:59,1.21,0.9758,123,1.18,0.9516,130,1.22,0.9838,1,1.195,0.9637,246,0
SPY190729P302,2019-07-26,2019-07-26 09:45:00,1.2,0.9677,100,1.18,0.9516,20,1.22,0.9838,1,1.19,0.9596,246,0
SPY190729P302,2019-07-26,2019-07-26 09:45:00,1.2,0.9677,100,1.18,0.9516,26,1.22,0.9838,1,1.19,0.9596,246,0
SPY190729P302,2019-07-26,2019-07-26 09:45:01,1.2,0.9677,100,1.17,0.9435,100,1.22,0.9838,1,1.185,0.9556,246,0
SPY190729P302,2019-07-26,2019-07-26 09:45:01,1.2,0.9677,100,1.18,0.9516,26,1.22,0.9838,1,1.19,0.9596,246,0
SPY190729P302,2019-07-26,2019-07-26 09:45:02,1.19,0.9596,26,1.16,0.9354,178,1.22,0.9838,1,1.175,0.9475,246,0
SPY190729P302,2019-07-26,2019-07-26 09:45:02,1.2,0.9677,100,1.16,0.9354,178,1.22,0.9838,1,1.18,0.9516,246,0
SPY190729P302,2019-07-26,2019-07-26 09:45:03,1.2,0.9677,6,1.18,0.9516,20,1.22,0.9838,1,1.19,0.9596,246,0
SPY190729P302,2019-07-26,2019-07-26 09:45:04,1.22,0.9838,100,1.2,0.9677,26,1.22,0.9838,1,1.21,0.9758,246,0
SPY190729P302,2019-07-26,2019-07-26 09:45:04,1.21,0.9758,173,1.18,0.9516,61,1.22,0.9838,1,1.195,0.9637,246,0
SPY190729P302,2019-07-26,2019-07-26 09:45:05,1.22,0.9838,157,1.2,0.9677,26,1.22,0.9838,1,1.21,0.9758,246,0
SPY190729P302,2019-07-26,2019-07-26 09:45:05,1.23,0.9919,198,1.2,0.9677,26,1.22,0.9838,1,1.215,0.9798,246,0
SPY190729P302,2019-07-26,2019-07-26 09:45:06,1.22,0.9838,177,1.2,0.9677,26,1.22,0.9838,1,1.21,0.9758,246,0
SPY190729P302,2019-07-26,2019-07-26 09:45:06,1.22,0.9838,177,1.19,0.9596,26,1.22,0.9838,1,1.205,0.9717,246,0
SPY190729P302,2019-07-26,2019-07-26 09:45:07,1.22,0.9838,192,1.19,0.9596,26,1.22,0.9838,1,1.205,0.9717,246,0
SPY190729P302,2019-07-26,2019-07-26 09:45:08,1.22,0.9838,192,1.19,0.9596,26,1.22,0.9838,1,1.205,0.9717,246,0
SPY190729P302,2019-07-26,2019-07-26 09:45:09,1.22,0.9838,192,1.19,0.9596,26,1.22,0.9838,1,1.205,0.9717,246,0
SPY190729P302,2019-07-26,2019-07-26 09:45:09,1.22,0.9838,192,1.18,0.9516,165,1.22,0.9838,1,1.2,0.9677,246,0
SPY190729P302,2019-07-26,2019-07-26 09:45:10,1.22,0.9838,187,1.19,0.9596,26,1.22,0.9838,1,1.205,0.9717,246,0
SPY190729P302,2019-07-26,2019-07-26 09:45:10,1.24,1.0,50,1.21,0.9758,193,1.22,0.9838,1,1.225,0.9879,246,0
SPY190729P302,2019-07-26,2019-07-26 09:45:11,1.24,1.0,50,1.22,0.9838,20,1.22,0.9838,1,1.23,0.9919,246,0
SPY190729P302,2019-07-26,2019-07-26 09:45:12,1.24,1.0,50,1.21,0.9758,120,1.22,0.9838,1,1.225,0.9879,246,0
SPY190729P302,2019-07-26,2019-07-26 09:45:13,1.24,1.0,50,1.21,0.9758,130,1.22,0.9838,1,1.225,0.9879,246,0
SPY190729P302,2019-07-26,2019-07-26 09:45:14,1.24,1.0,50,1.21,0.9758,120,1.22,0.9838,1,1.225,0.9879,246,0
SPY190729P302,2019-07-26,2019-07-26 09:45:15,1.24,1.0,203,1.21,0.9758,84,1.22,0.9838,1,1.225,0.9879,246,0
SPY190729P302,2019-07-26,2019-07-26 09:45:15,1.24,1.0,203,1.21,0.9758,79,1.22,0.9838,1,1.225,0.9879,246,0
SPY190729P302,2019-07-26,2019-07-26 09:45:16,1.24,1.0,203,1.21,0.9758,26,1.22,0.9838,1,1.225,0.9879,246,0
SPY190729P302,2019-07-26,2019-07-26 09:45:16,1.24,1.0,203,1.21,0.9758,84,1.22,0.9838,1,1.225,0.9879,246,0
SPY190729P302,2019-07-26,2019-07-26 09:45:17,1.24,1.0,203,1.21,0.9758,26,1.22,0.9838,1,1.225,0.9879,246,0
SPY190729P302,2019-07-26,2019-07-26 09:45:17,1.24,1.0,105,1.21,0.9758,26,1.22,0.9838,1,1.225,0.9879,246,0
SPY190729P302,2019-07-26,2019-07-26 09:45:18,1.23,0.9919,193,1.2,0.9677,110,1.22,0.9838,1,1.215,0.9798,246,0
SPY190729P302,2019-07-26,2019-07-26 09:45:19,1.24,1.0,188,1.2,0.9677,194,1.22,0.9838,1,1.22,0.9838,246,0
SPY190729P302,2019-07-26,2019-07-26 09:45:19,1.23,0.9919,30,1.2,0.9677,211,1.22,0.9838,1,1.215,0.9798,246,0
SPY190729P302,2019-07-26,2019-07-26 09:45:20,1.22,0.9838,20,1.19,0.9596,198,1.22,0.9838,1,1.205,0.9717,246,0
SPY190729P302,2019-07-26,2019-07-26 09:45:20,1.23,0.9919,5,1.2,0.9677,10,1.22,0.9838,1,1.215,0.9798,246,0
SPY190729P302,2019-07-26,2019-07-26 09:45:21,1.22,0.9838,20,1.19,0.9596,198,1.22,0.9838,1,1.205,0.9717,246,0
SPY190729P302,2019-07-26,2019-07-26 09:45:21,1.22,0.9838,30,1.19,0.9596,198,1.22,0.9838,1,1.205,0.9717,246,0
SPY190729P302,2019-07-26,2019-07-26 09:45:22,1.23,0.9919,230,1.2,0.9677,35,1.22,0.9838,1,1.215,0.9798,246,0
SPY190729P302,2019-07-26,2019-07-26 09:45:22,1.22,0.9838,20,1.19,0.9596,198,1.22,0.9838,1,1.205,0.9717,246,0
SPY190729P302,2019-07-26,2019-07-26 09:45:23,1.22,0.9838,20,1.2,0.9677,7,1.22,0.9838,1,1.21,0.9758,246,0
SPY190729P302,2019-07-26,2019-07-26 09:45:24,1.22,0.9838,30,1.19,0.9596,198,1.22,0.9838,1,1.205,0.9717,246,0
SPY190729P302,2019-07-26,2019-07-26 09:45:24,1.22,0.9838,30,1.2,0.9677,7,1.22,0.9838,1,1.21,0.9758,246,0
SPY190729P302,2019-07-26,2019-07-26 09:45:25,1.22,0.9838,46,1.19,0.9596,198,1.22,0.9838,1,1.205,0.9717,246,0
SPY190729P302,2019-07-26,2019-07-26 09:45:25,1.22,0.9838,26,1.19,0.9596,198,1.22,0.9838,1,1.205,0.9717,246,0
SPY190729P302,2019-07-26,2019-07-26 09:45:26,1.22,0.9838,26,1.19,0.9596,198,1.22,0.9838,1,1.205,0.9717,246,0
SPY190729P302,2019-07-26,2019-07-26 09:45:27,1.22,0.9838,26,1.19,0.9596,198,1.22,0.9838,1,1.205,0.9717,246,0
SPY190729P302,2019-07-26,2019-07-26 09:45:28,1.22,0.9838,30,1.2,0.9677,20,1.22,0.9838,1,1.21,0.9758,246,0
SPY190729P302,2019-07-26,2019-07-26 09:45:29,1.22,0.9838,30,1.2,0.9677,20,1.22,0.9838,1,1.21,0.9758,246,0
SPY190729P302,2019-07-26,2019-07-26 09:45:30,1.22,0.9838,26,1.2,0.9677,20,1.22,0.9838,1,1.21,0.9758,246,0
SPY190729P302,2019-07-26,2019-07-26 09:45:31,1.23,0.9919,6,1.21,0.9758,198,1.22,0.9838,1,1.22,0.9838,246,0
SPY190729P302,2019-07-26,2019-07-26 09:45:31,1.22,0.9838,20,1.2,0.9677,20,1.22,0.9838,1,1.21,0.9758,246,0
SPY190729P302,2019-07-26,2019-07-26 09:45:32,1.24,1.0,50,1.21,0.9758,198,1.22,0.9838,1,1.225,0.9879,246,0
SPY190729P302,2019-07-26,2019-07-26 09:45:32,1.24,1.0,62,1.21,0.9758,193,1.22,0.9838,1,1.225,0.9879,246,0
SPY190729P302,2019-07-26,2019-07-26 09:45:33,1.24,1.0,60,1.21,0.9758,193,1.22,0.9838,1,1.225,0.9879,246,0
SPY190729P302,2019-07-26,2019-07-26 09:45:33,1.24,1.0,50,1.22,0.9838,10,1.22,0.9838,1,1.23,0.9919,246,0
SPY190729P302,2019-07-26,2019-07-26 09:45:34,1.24,1.0,71,1.21,0.9758,193,1.22,0.9838,1,1.225,0.9879,246,0
SPY190729P302,2019-07-26,2019-07-26 09:45:34,1.24,1.0,50,1.21,0.9758,193,1.22,0.9838,1,1.225,0.9879,246,0
SPY190729P302,2019-07-26,2019-07-26 09:45:35,1.24,1.0,60,1.21,0.9758,198,1.22,0.9838,1,1.225,0.9879,246,0
SPY190729P302,2019-07-26,2019-07-26 09:45:36,1.24,1.0,60,1.22,0.9838,26,1.22,0.9838,1,1.23,0.9919,246,0
SPY190729P302,2019-07-26,2019-07-26 09:45:36,1.24,1.0,60,1.23,0.9919,1,1.22,0.9838,1,1.235,0.9959,246,0
SPY190729P302,2019-07-26,2019-07-26 09:45:37,1.24,1.0,63,1.23,0.9919,1,1.22,0.9838,1,1.235,0.9959,246,0
SPY190729P302,2019-07-26,2019-07-26 09:45:38,1.24,1.0,50,1.23,0.9919,1,1.22,0.9838,1,1.235,0.9959,246,0
SPY190729P302,2019-07-26,2019-07-26 09:45:39,1.24,1.0,74,1.23,0.9919,1,1.22,0.9838,1,1.235,0.9959,246,0
SPY190729P302,2019-07-26,2019-07-26 09:45:40,1.24,1.0,50,1.23,0.9919,1,1.22,0.9838,1,1.235,0.9959,246,0
SPY190729P302,2019-07-26,2019-07-26 09:45:41,1.24,1.0,50,1.23,0.9919,1,1.22,0.9838,1,1.235,0.9959,246,0
SPY190729P302,2019-07-26,2019-07-26 09:45:42,1.24,1.0,50,1.23,0.9919,1,1.22,0.9838,1,1.235,0.9959,246,0
SPY190729P302,2019-07-26,2019-07-26 09:45:43,1.24,1.0,50,1.23,0.9919,1,1.22,0.9838,1,1.235,0.9959,246,0
SPY190729P302,2019-07-26,2019-07-26 09:45:43,1.24,1.0,69,1.23,0.9919,1,1.22,0.9838,1,1.235,0.9959,246,0
SPY190729P302,2019-07-26,2019-07-26 09:45:44,1.24,1.0,50,1.23,0.9919,1,1.22,0.9838,1,1.235,0.9959,246,0
SPY190729P302,2019-07-26,2019-07-26 09:45:45,1.24,1.0,50,1.23,0.9919,1,1.22,0.9838,1,1.235,0.9959,246,0
SPY190729P302,2019-07-26,2019-07-26 09:45:46,1.24,1.0,50,1.23,0.9919,1,1.23,0.9919,1,1.235,0.9959,247,1
SPY190729P302,2019-07-26,2019-07-26 09:45:46,1.24,1.0,50,1.23,0.9919,6,1.22,0.9838,1,1.235,0.9959,246,0
SPY190729P302,2019-07-26,2019-07-26 09:45:47,1.24,1.0,45,1.23,0.9919,1,1.24,1.0,5,1.235,0.9959,252,0
SPY190729P302,2019-07-26,2019-07-26 09:45:47,1.24,1.0,45,1.23,0.9919,20,1.24,1.0,5,1.235,0.9959,252,5
SPY190729P302,2019-07-26,2019-07-26 09:45:48,1.24,1.0,45,1.23,0.9919,1,1.24,1.0,5,1.235,0.9959,252,0
SPY190729P302,2019-07-26,2019-07-26 09:45:48,1.24,1.0,143,1.23,0.9919,1,1.24,1.0,5,1.235,0.9959,252,0
SPY190729P302,2019-07-26,2019-07-26 09:45:49,1.24,1.0,45,1.23,0.9919,1,1.24,1.0,5,1.235,0.9959,252,0
SPY190729P302,2019-07-26,2019-07-26 09:45:50,1.24,1.0,45,1.23,0.9919,1,1.24,1.0,5,1.235,0.9959,252,0
SPY190729P302,2019-07-26,2019-07-26 09:45:51,1.24,1.0,45,1.24,1.0,1,1.24,1.0,45,1.24,1.0,297,45
SPY190729P302,2019-07-26,2019-07-26 09:45:51,1.24,1.0,45,1.23,0.9919,26,1.24,1.0,5,1.235,0.9959,252,0
SPY190729P302,2019-07-26,2019-07-26 09:45:52,1.26,1.0161,193,1.23,0.9919,77,1.24,1.0,45,1.245,1.004,297,0
SPY190729P302,2019-07-26,2019-07-26 09:45:52,1.26,1.0161,193,1.23,0.9919,96,1.24,1.0,45,1.245,1.004,297,0
SPY190729P302,2019-07-26,2019-07-26 09:45:53,1.26,1.0161,208,1.23,0.9919,96,1.24,1.0,45,1.245,1.004,297,0
SPY190729P302,2019-07-26,2019-07-26 09:45:54,1.26,1.0161,208,1.23,0.9919,77,1.24,1.0,45,1.245,1.004,297,0
SPY190729P302,2019-07-26,2019-07-26 09:45:54,1.26,1.0161,208,1.23,0.9919,96,1.24,1.0,45,1.245,1.004,297,0
SPY190729P302,2019-07-26,2019-07-26 09:45:55,1.26,1.0161,208,1.23,0.9919,26,1.24,1.0,45,1.245,1.004,297,0
SPY190729P302,2019-07-26,2019-07-26 09:45:55,1.26,1.0161,205,1.23,0.9919,61,1.24,1.0,45,1.245,1.004,297,0
SPY190729P302,2019-07-26,2019-07-26 09:45:56,1.26,1.0161,205,1.23,0.9919,42,1.24,1.0,45,1.245,1.004,297,0
SPY190729P302,2019-07-26,2019-07-26 09:45:56,1.26,1.0161,246,1.23,0.9919,42,1.24,1.0,45,1.245,1.004,297,0
SPY190729P302,2019-07-26,2019-07-26 09:45:57,1.26,1.0161,213,1.23,0.9919,58,1.24,1.0,45,1.245,1.004,297,0
SPY190729P302,2019-07-26,2019-07-26 09:45:57,1.26,1.0161,198,1.23,0.9919,42,1.24,1.0,45,1.245,1.004,297,0
SPY190729P302,2019-07-26,2019-07-26 09:45:58,1.26,1.0161,254,1.23,0.9919,29,1.24,1.0,45,1.245,1.004,297,0
SPY190729P302,2019-07-26,2019-07-26 09:45:59,1.26,1.0161,22,1.23,0.9919,63,1.24,1.0,45,1.245,1.004,297,0
SPY190729P302,2019-07-26,2019-07-26 09:45:59,1.26,1.0161,48,1.23,0.9919,60,1.24,1.0,45,1.245,1.004,297,0
SPY190729P302,2019-07-26,2019-07-26 09:46:00,1.28,1.0322,189,1.25,1.008,81,1.24,1.0,45,1.265,1.0201,297,0
SPY190729P302,2019-07-26,2019-07-26 09:46:01,1.28,1.0322,1,1.26,1.0161,16,1.24,1.0,45,1.27,1.0241,297,0
SPY190729P302,2019-07-26,2019-07-26 09:46:01,1.28,1.0322,110,1.25,1.008,178,1.24,1.0,45,1.265,1.0201,297,0
SPY190729P302,2019-07-26,2019-07-26 09:46:02,1.28,1.0322,1,1.26,1.0161,110,1.24,1.0,45,1.27,1.0241,297,0
SPY190729P302,2019-07-26,2019-07-26 09:46:02,1.28,1.0322,6,1.26,1.0161,100,1.24,1.0,45,1.27,1.0241,297,0
SPY190729P302,2019-07-26,2019-07-26 09:46:03,1.28,1.0322,1,1.26,1.0161,110,1.24,1.0,45,1.27,1.0241,297,0
SPY190729P302,2019-07-26,2019-07-26 09:46:04,1.28,1.0322,1,1.26,1.0161,193,1.24,1.0,45,1.27,1.0241,297,0
SPY190729P302,2019-07-26,2019-07-26 09:46:05,1.28,1.0322,1,1.26,1.0161,193,1.24,1.0,45,1.27,1.0241,297,0
SPY190729P302,2019-07-26,2019-07-26 09:46:06,1.28,1.0322,1,1.26,1.0161,193,1.24,1.0,45,1.27,1.0241,297,0
SPY190729P302,2019-07-26,2019-07-26 09:46:07,1.28,1.0322,1,1.26,1.0161,122,1.24,1.0,45,1.27,1.0241,297,0
SPY190729P302,2019-07-26,2019-07-26 09:46:08,1.28,1.0322,1,1.26,1.0161,110,1.24,1.0,45,1.27,1.0241,297,0
SPY190729P302,2019-07-26,2019-07-26 09:46:08,1.28,1.0322,1,1.26,1.0161,122,1.24,1.0,45,1.27,1.0241,297,0
SPY190729P302,2019-07-26,2019-07-26 09:46:09,1.3,1.0483,100,1.27,1.0241,10,1.28,1.0322,1,1.285,1.0362,299,2
SPY190729P302,2019-07-26,2019-07-26 09:46:09,1.31,1.0564,196,1.28,1.0322,15,1.28,1.0322,1,1.295,1.0443,299,0
SPY190729P302,2019-07-26,2019-07-26 09:46:10,1.31,1.0564,110,1.28,1.0322,110,1.28,1.0322,1,1.295,1.0443,299,0
SPY190729P302,2019-07-26,2019-07-26 09:46:10,1.31,1.0564,196,1.28,1.0322,15,1.28,1.0322,1,1.295,1.0443,299,0
SPY190729P302,2019-07-26,2019-07-26 09:46:11,1.33,1.0725,10,1.3,1.0483,110,1.28,1.0322,1,1.315,1.0604,299,0
SPY190729P302,2019-07-26,2019-07-26 09:46:11,1.33,1.0725,10,1.3,1.0483,141,1.28,1.0322,1,1.315,1.0604,299,0
SPY190729P302,2019-07-26,2019-07-26 09:46:12,1.33,1.0725,110,1.3,1.0483,192,1.28,1.0322,1,1.315,1.0604,299,0
SPY190729P302,2019-07-26,2019-07-26 09:46:13,1.35,1.0887,110,1.32,1.0645,16,1.28,1.0322,1,1.335,1.0766,299,0
SPY190729P302,2019-07-26,2019-07-26 09:46:14,1.35,1.0887,1,1.32,1.0645,167,1.28,1.0322,1,1.335,1.0766,299,0
SPY190729P302,2019-07-26,2019-07-26 09:46:14,1.35,1.0887,16,1.32,1.0645,185,1.28,1.0322,1,1.335,1.0766,299,0
SPY190729P302,2019-07-26,2019-07-26 09:46:15,1.35,1.0887,1,1.32,1.0645,192,1.28,1.0322,1,1.335,1.0766,299,0
SPY190729P302,2019-07-26,2019-07-26 09:46:15,1.35,1.0887,1,1.32,1.0645,182,1.28,1.0322,1,1.335,1.0766,299,0
SPY190729P302,2019-07-26,2019-07-26 09:46:16,1.35,1.0887,6,1.32,1.0645,187,1.28,1.0322,1,1.335,1.0766,299,0
SPY190729P302,2019-07-26,2019-07-26 09:46:17,1.35,1.0887,1,1.32,1.0645,185,1.28,1.0322,1,1.335,1.0766,299,0
SPY190729P302,2019-07-26,2019-07-26 09:46:17,1.35,1.0887,1,1.33,1.0725,16,1.28,1.0322,1,1.34,1.0806,299,0
SPY190729P302,2019-07-26,2019-07-26 09:46:18,1.35,1.0887,1,1.33,1.0725,10,1.28,1.0322,1,1.34,1.0806,299,0
SPY190729P302,2019-07-26,2019-07-26 09:46:19,1.35,1.0887,96,1.33,1.0725,6,1.28,1.0322,1,1.34,1.0806,299,0
SPY190729P302,2019-07-26,2019-07-26 09:46:19,1.35,1.0887,13,1.33,1.0725,10,1.28,1.0322,1,1.34,1.0806,299,0
SPY190729P302,2019-07-26,2019-07-26 09:46:20,1.32,1.0645,184,1.28,1.0322,190,1.28,1.0322,1,1.3,1.0483,299,0
SPY190729P302,2019-07-26,2019-07-26 09:46:20,1.33,1.0725,189,1.29,1.0403,110,1.28,1.0322,1,1.31,1.0564,299,0
SPY190729P302,2019-07-26,2019-07-26 09:46:21,1.32,1.0645,100,1.28,1.0322,180,1.28,1.0322,1,1.3,1.0483,299,0
SPY190729P302,2019-07-26,2019-07-26 09:46:21,1.33,1.0725,179,1.29,1.0403,16,1.28,1.0322,1,1.31,1.0564,299,0
SPY190729P302,2019-07-26,2019-07-26 09:46:22,1.33,1.0725,110,1.3,1.0483,110,1.28,1.0322,1,1.315,1.0604,299,0
SPY190729P302,2019-07-26,2019-07-26 09:46:23,1.33,1.0725,110,1.29,1.0403,110,1.28,1.0322,1,1.31,1.0564,299,0
SPY190729P302,2019-07-26,2019-07-26 09:46:23,1.32,1.0645,151,1.29,1.0403,16,1.28,1.0322,1,1.305,1.0524,299,0
SPY190729P302,2019-07-26,2019-07-26 09:46:24,1.31,1.0564,190,1.28,1.0322,70,1.28,1.0322,1,1.295,1.0443,299,0
SPY190729P302,2019-07-26,2019-07-26 09:46:24,1.32,1.0645,210,1.28,1.0322,116,1.28,1.0322,1,1.3,1.0483,299,0
SPY190729P302,2019-07-26,2019-07-26 09:46:25,1.32,1.0645,177,1.29,1.0403,28,1.28,1.0322,1,1.305,1.0524,299,0
SPY190729P302,2019-07-26,2019-07-26 09:46:25,1.32,1.0645,210,1.29,1.0403,16,1.28,1.0322,1,1.305,1.0524,299,0
SPY190729P302,2019-07-26,2019-07-26 09:46:26,1.33,1.0725,10,1.3,1.0483,16,1.28,1.0322,1,1.315,1.0604,299,0
SPY190729P302,2019-07-26,2019-07-26 09:46:26,1.32,1.0645,10,1.29,1.0403,28,1.28,1.0322,1,1.305,1.0524,299,0
SPY190729P302,2019-07-26,2019-07-26 09:46:27,1.35,1.0887,1,1.32,1.0645,176,1.28,1.0322,1,1.335,1.0766,299,0
SPY190729P302,2019-07-26,2019-07-26 09:46:28,1.35,1.0887,1,1.32,1.0645,176,1.28,1.0322,1,1.335,1.0766,299,0
SPY190729P302,2019-07-26,2019-07-26 09:46:28,1.35,1.0887,1,1.32,1.0645,186,1.28,1.0322,1,1.335,1.0766,299,0
SPY190729P302,2019-07-26,2019-07-26 09:46:29,1.33,1.0725,169,1.3,1.0483,1,1.28,1.0322,1,1.315,1.0604,299,0
SPY190729P302,2019-07-26,2019-07-26 09:46:29,1.33,1.0725,170,1.3,1.0483,1,1.28,1.0322,1,1.315,1.0604,299,0
SPY190729P302,2019-07-26,2019-07-26 09:46:30,1.33,1.0725,7,1.3,1.0483,101,1.28,1.0322,1,1.315,1.0604,299,0
SPY190729P302,2019-07-26,2019-07-26 09:46:30,1.33,1.0725,189,1.3,1.0483,43,1.28,1.0322,1,1.315,1.0604,299,0
SPY190729P302,2019-07-26,2019-07-26 09:46:31,1.31,1.0564,10,1.28,1.0322,180,1.28,1.0322,1,1.295,1.0443,299,0
SPY190729P302,2019-07-26,2019-07-26 09:46:31,1.32,1.0645,185,1.28,1.0322,180,1.28,1.0322,1,1.3,1.0483,299,0
SPY190729P302,2019-07-26,2019-07-26 09:46:32,1.32,1.0645,120,1.29,1.0403,78,1.28,1.0322,1,1.305,1.0524,299,0
SPY190729P302,2019-07-26,2019-07-26 09:46:33,1.31,1.0564,35,1.28,1.0322,55,1.28,1.0322,1,1.295,1.0443,299,0
SPY190729P302,2019-07-26,2019-07-26 09:46:33,1.31,1.0564,128,1.28,1.0322,180,1.28,1.0322,1,1.295,1.0443,299,0
SPY190729P302,2019-07-26,2019-07-26 09:46:34,1.31,1.0564,180,1.27,1.0241,199,1.28,1.0322,1,1.29,1.0403,299,0
SPY190729P302,2019-07-26,2019-07-26 09:46:34,1.31,1.0564,195,1.28,1.0322,13,1.28,1.0322,1,1.295,1.0443,299,0
SPY190729P302,2019-07-26,2019-07-26 09:46:35,1.3,1.0483,10,1.27,1.0241,139,1.28,1.0322,1,1.285,1.0362,299,0
SPY190729P302,2019-07-26,2019-07-26 09:46:35,1.31,1.0564,167,1.28,1.0322,89,1.28,1.0322,1,1.295,1.0443,299,0
SPY190729P302,2019-07-26,2019-07-26 09:46:37,1.31,1.0564,16,1.28,1.0322,164,1.29,1.0403,2,1.295,1.0443,301,0
SPY190729P302,2019-07-26,2019-07-26 09:46:37,1.31,1.0564,182,1.28,1.0322,75,1.29,1.0403,2,1.295,1.0443,301,2
SPY190729P302,2019-07-26,2019-07-26 09:46:38,1.31,1.0564,110,1.28,1.0322,65,1.29,1.0403,2,1.295,1.0443,301,0
SPY190729P302,2019-07-26,2019-07-26 09:46:38,1.31,1.0564,66,1.28,1.0322,75,1.29,1.0403,2,1.295,1.0443,301,0
SPY190729P302,2019-07-26,2019-07-26 09:46:39,1.31,1.0564,76,1.28,1.0322,75,1.29,1.0403,2,1.295,1.0443,301,0
SPY190729P302,2019-07-26,2019-07-26 09:46:40,1.3,1.0483,100,1.27,1.0241,81,1.29,1.0403,2,1.285,1.0362,301,0
SPY190729P302,2019-07-26,2019-07-26 09:46:40,1.3,1.0483,40,1.27,1.0241,110,1.29,1.0403,2,1.285,1.0362,301,0
SPY190729P302,2019-07-26,2019-07-26 09:46:41,1.31,1.0564,171,1.28,1.0322,100,1.29,1.0403,2,1.295,1.0443,301,0
SPY190729P302,2019-07-26,2019-07-26 09:46:41,1.3,1.0483,194,1.27,1.0241,41,1.29,1.0403,2,1.285,1.0362,301,0
SPY190729P302,2019-07-26,2019-07-26 09:46:42,1.31,1.0564,196,1.28,1.0322,181,1.29,1.0403,2,1.295,1.0443,301,0
SPY190729P302,2019-07-26,2019-07-26 09:46:42,1.31,1.0564,196,1.28,1.0322,189,1.29,1.0403,2,1.295,1.0443,301,0
SPY190729P302,2019-07-26,2019-07-26 09:46:43,1.31,1.0564,212,1.27,1.0241,87,1.29,1.0403,2,1.29,1.0403,301,0
SPY190729P302,2019-07-26,2019-07-26 09:46:44,1.3,1.0483,65,1.27,1.0241,110,1.29,1.0403,2,1.285,1.0362,301,0
SPY190729P302,2019-07-26,2019-07-26 09:46:44,1.3,1.0483,212,1.26,1.0161,196,1.29,1.0403,2,1.28,1.0322,301,0
SPY190729P302,2019-07-26,2019-07-26 09:46:45,1.28,1.0322,100,1.25,1.008,110,1.29,1.0403,2,1.265,1.0201,301,0
SPY190729P302,2019-07-26,2019-07-26 09:46:45,1.29,1.0403,149,1.26,1.0161,16,1.29,1.0403,2,1.275,1.0282,301,0
SPY190729P302,2019-07-26,2019-07-26 09:46:46,1.29,1.0403,181,1.26,1.0161,16,1.29,1.0403,2,1.275,1.0282,301,0
SPY190729P302,2019-07-26,2019-07-26 09:46:46,1.29,1.0403,152,1.26,1.0161,16,1.29,1.0403,2,1.275,1.0282,301,0
SPY190729P302,2019-07-26,2019-07-26 09:46:47,1.28,1.0322,10,1.26,1.0161,16,1.29,1.0403,2,1.27,1.0241,301,0
SPY190729P302,2019-07-26,2019-07-26 09:46:47,1.29,1.0403,91,1.26,1.0161,193,1.29,1.0403,2,1.275,1.0282,301,0
SPY190729P302,2019-07-26,2019-07-26 09:46:48,1.28,1.0322,10,1.26,1.0161,16,1.29,1.0403,2,1.27,1.0241,301,0
SPY190729P302,2019-07-26,2019-07-26 09:46:49,1.28,1.0322,196,1.25,1.008,16,1.29,1.0403,2,1.265,1.0201,301,0
SPY190729P302,2019-07-26,2019-07-26 09:46:49,1.28,1.0322,146,1.25,1.008,16,1.29,1.0403,2,1.265,1.0201,301,0
SPY190729P302,2019-07-26,2019-07-26 09:46:50,1.28,1.0322,196,1.25,1.008,16,1.29,1.0403,2,1.265,1.0201,301,0
SPY190729P302,2019-07-26,2019-07-26 09:46:50,1.3,1.0483,186,1.26,1.0161,190,1.29,1.0403,2,1.28,1.0322,301,0
SPY190729P302,2019-07-26,2019-07-26 09:46:51,1.3,1.0483,186,1.26,1.0161,190,1.29,1.0403,2,1.28,1.0322,301,0
SPY190729P302,2019-07-26,2019-07-26 09:46:51,1.3,1.0483,212,1.27,1.0241,16,1.29,1.0403,2,1.285,1.0362,301,0
SPY190729P302,2019-07-26,2019-07-26 09:46:52,1.3,1.0483,212,1.27,1.0241,16,1.29,1.0403,2,1.285,1.0362,301,0
SPY190729P302,2019-07-26,2019-07-26 09:46:53,1.3,1.0483,227,1.26,1.0161,203,1.29,1.0403,2,1.28,1.0322,301,0
SPY190729P302,2019-07-26,2019-07-26 09:46:54,1.29,1.0403,16,1.26,1.0161,110,1.29,1.0403,2,1.275,1.0282,301,0
SPY190729P302,2019-07-26,2019-07-26 09:46:54,1.3,1.0483,186,1.27,1.0241,10,1.29,1.0403,2,1.285,1.0362,301,0
SPY190729P302,2019-07-26,2019-07-26 09:46:55,1.29,1.0403,160,1.26,1.0161,27,1.29,1.0403,2,1.275,1.0282,301,0
SPY190729P302,2019-07-26,2019-07-26 09:46:55,1.29,1.0403,73,1.26,1.0161,110,1.29,1.0403,2,1.275,1.0282,301,0
SPY190729P302,2019-07-26,2019-07-26 09:46:56,1.28,1.0322,6,1.26,1.0161,27,1.29,1.0403,2,1.27,1.0241,301,0
SPY190729P302,2019-07-26,2019-07-26 09:46:56,1.29,1.0403,94,1.26,1.0161,27,1.29,1.0403,2,1.275,1.0282,301,0
SPY190729P302,2019-07-26,2019-07-26 09:46:57,1.29,1.0403,20,1.26,1.0161,83,1.29,1.0403,2,1.275,1.0282,301,0
SPY190729P302,2019-07-26,2019-07-26 09:46:58,1.29,1.0403,126,1.26,1.0161,90,1.29,1.0403,2,1.275,1.0282,301,0
SPY190729P302,2019-07-26,2019-07-26 09:46:59,1.29,1.0403,16,1.26,1.0161,66,1.29,1.0403,2,1.275,1.0282,301,0
SPY190729P302,2019-07-26,2019-07-26 09:46:59,1.3,1.0483,212,1.27,1.0241,10,1.29,1.0403,2,1.285,1.0362,301,0
SPY190729P302,2019-07-26,2019-07-26 09:47:00,1.3,1.0483,212,1.27,1.0241,34,1.29,1.0403,2,1.285,1.0362,301,0
SPY190729P302,2019-07-26,2019-07-26 09:47:00,1.3,1.0483,212,1.27,1.0241,10,1.29,1.0403,2,1.285,1.0362,301,0
SPY190729P302,2019-07-26,2019-07-26 09:47:01,1.3,1.0483,212,1.26,1.0161,82,1.29,1.0403,2,1.28,1.0322,301,0
SPY190729P302,2019-07-26,2019-07-26 09:47:01,1.29,1.0403,85,1.26,1.0161,114,1.29,1.0403,2,1.275,1.0282,301,0
SPY190729P302,2019-07-26,2019-07-26 09:47:02,1.29,1.0403,58,1.26,1.0161,104,1.29,1.0403,2,1.275,1.0282,301,0
SPY190729P302,2019-07-26,2019-07-26 09:47:02,1.29,1.0403,58,1.26,1.0161,61,1.29,1.0403,2,1.275,1.0282,301,0
SPY190729P302,2019-07-26,2019-07-26 09:47:03,1.29,1.0403,158,1.26,1.0161,61,1.29,1.0403,2,1.275,1.0282,301,0
SPY190729P302,2019-07-26,2019-07-26 09:47:04,1.3,1.0483,181,1.26,1.0161,203,1.29,1.0403,2,1.28,1.0322,301,0
SPY190729P302,2019-07-26,2019-07-26 09:47:04,1.29,1.0403,120,1.26,1.0161,203,1.29,1.0403,2,1.275,1.0282,301,0
SPY190729P302,2019-07-26,2019-07-26 09:47:05,1.3,1.0483,191,1.27,1.0241,19,1.29,1.0403,2,1.285,1.0362,301,0
SPY190729P302,2019-07-26,2019-07-26 09:47:05,1.3,1.0483,64,1.27,1.0241,100,1.29,1.0403,2,1.285,1.0362,301,0
SPY190729P302,2019-07-26,2019-07-26 09:47:06,1.3,1.0483,67,1.27,1.0241,110,1.29,1.0403,2,1.285,1.0362,301,0
SPY190729P302,2019-07-26,2019-07-26 09:47:06,1.3,1.0483,44,1.27,1.0241,104,1.29,1.0403,2,1.285,1.0362,301,0
SPY190729P302,2019-07-26,2019-07-26 09:47:07,1.29,1.0403,153,1.26,1.0161,110,1.29,1.0403,2,1.275,1.0282,301,0
SPY190729P302,2019-07-26,2019-07-26 09:47:07,1.29,1.0403,153,1.26,1.0161,120,1.29,1.0403,2,1.275,1.0282,301,0
SPY190729P302,2019-07-26,2019-07-26 09:47:08,1.29,1.0403,173,1.26,1.0161,120,1.29,1.0403,2,1.275,1.0282,301,0
SPY190729P302,2019-07-26,2019-07-26 09:47:09,1.3,1.0483,104,1.27,1.0241,139,1.29,1.0403,2,1.285,1.0362,301,0
SPY190729P302,2019-07-26,2019-07-26 09:47:09,1.3,1.0483,199,1.26,1.0161,120,1.29,1.0403,2,1.28,1.0322,301,0
SPY190729P302,2019-07-26,2019-07-26 09:47:10,1.31,1.0564,212,1.28,1.0322,10,1.29,1.0403,2,1.295,1.0443,301,0
SPY190729P302,2019-07-26,2019-07-26 09:47:11,1.31,1.0564,212,1.28,1.0322,16,1.29,1.0403,2,1.295,1.0443,301,0
SPY190729P302,2019-07-26,2019-07-26 09:47:11,1.31,1.0564,141,1.28,1.0322,110,1.29,1.0403,2,1.295,1.0443,301,0
SPY190729P302,2019-07-26,2019-07-26 09:47:12,1.31,1.0564,161,1.28,1.0322,140,1.29,1.0403,2,1.295,1.0443,301,0
SPY190729P302,2019-07-26,2019-07-26 09:47:12,1.31,1.0564,161,1.28,1.0322,110,1.29,1.0403,2,1.295,1.0443,301,0
SPY190729P302,2019-07-26,2019-07-26 09:47:13,1.31,1.0564,139,1.28,1.0322,120,1.29,1.0403,2,1.295,1.0443,301,0
SPY190729P302,2019-07-26,2019-07-26 09:47:14,1.31,1.0564,139,1.28,1.0322,120,1.29,1.0403,2,1.295,1.0443,301,0
SPY190729P302,2019-07-26,2019-07-26 09:47:14,1.31,1.0564,149,1.28,1.0322,176,1.29,1.0403,2,1.295,1.0443,301,0
SPY190729P302,2019-07-26,2019-07-26 09:47:15,1.31,1.0564,110,1.29,1.0403,16,1.29,1.0403,2,1.3,1.0483,301,0
SPY190729P302,2019-07-26,2019-07-26 09:47:15,1.32,1.0645,181,1.29,1.0403,65,1.29,1.0403,2,1.305,1.0524,301,0
SPY190729P302,2019-07-26,2019-07-26 09:47:16,1.32,1.0645,168,1.29,1.0403,130,1.29,1.0403,2,1.305,1.0524,301,0
SPY190729P302,2019-07-26,2019-07-26 09:47:17,1.32,1.0645,168,1.29,1.0403,130,1.29,1.0403,2,1.305,1.0524,301,0
SPY190729P302,2019-07-26,2019-07-26 09:47:18,1.32,1.0645,10,1.29,1.0403,96,1.29,1.0403,2,1.305,1.0524,301,0
SPY190729P302,2019-07-26,2019-07-26 09:47:18,1.32,1.0645,168,1.29,1.0403,130,1.29,1.0403,2,1.305,1.0524,301,0
SPY190729P302,2019-07-26,2019-07-26 09:47:19,1.32,1.0645,10,1.29,1.0403,136,1.29,1.0403,2,1.305,1.0524,301,0
SPY190729P302,2019-07-26,2019-07-26 09:47:19,1.33,1.0725,212,1.29,1.0403,136,1.29,1.0403,2,1.31,1.0564,301,0
SPY190729P302,2019-07-26,2019-07-26 09:47:20,1.33,1.0725,181,1.29,1.0403,136,1.29,1.0403,2,1.31,1.0564,301,0
SPY190729P302,2019-07-26,2019-07-26 09:47:20,1.33,1.0725,212,1.29,1.0403,136,1.29,1.0403,2,1.31,1.0564,301,0
SPY190729P302,2019-07-26,2019-07-26 09:47:21,1.33,1.0725,218,1.3,1.0483,85,1.29,1.0403,2,1.315,1.0604,301,0
SPY190729P302,2019-07-26,2019-07-26 09:47:21,1.33,1.0725,212,1.29,1.0403,136,1.29,1.0403,2,1.31,1.0564,301,0
SPY190729P302,2019-07-26,2019-07-26 09:47:22,1.33,1.0725,255,1.3,1.0483,85,1.29,1.0403,2,1.315,1.0604,301,0
SPY190729P302,2019-07-26,2019-07-26 09:47:23,1.33,1.0725,233,1.3,1.0483,16,1.29,1.0403,2,1.315,1.0604,301,0
SPY190729P302,2019-07-26,2019-07-26 09:47:24,1.33,1.0725,279,1.3,1.0483,37,1.29,1.0403,2,1.315,1.0604,301,0
SPY190729P302,2019-07-26,2019-07-26 09:47:25,1.33,1.0725,191,1.3,1.0483,81,1.29,1.0403,2,1.315,1.0604,301,0
SPY190729P302,2019-07-26,2019-07-26 09:47:25,1.33,1.0725,239,1.3,1.0483,81,1.29,1.0403,2,1.315,1.0604,301,0
SPY190729P302,2019-07-26,2019-07-26 09:47:26,1.33,1.0725,181,1.3,1.0483,81,1.29,1.0403,2,1.315,1.0604,301,0
SPY190729P302,2019-07-26,2019-07-26 09:47:27,1.33,1.0725,181,1.3,1.0483,81,1.29,1.0403,2,1.315,1.0604,301,0
SPY190729P302,2019-07-26,2019-07-26 09:47:28,1.33,1.0725,181,1.3,1.0483,81,1.29,1.0403,2,1.315,1.0604,301,0
SPY190729P302,2019-07-26,2019-07-26 09:47:28,1.31,1.0564,181,1.27,1.0241,65,1.29,1.0403,2,1.29,1.0403,301,0
SPY190729P302,2019-07-26,2019-07-26 09:47:29,1.31,1.0564,191,1.28,1.0322,51,1.29,1.0403,2,1.295,1.0443,301,0
SPY190729P302,2019-07-26,2019-07-26 09:47:29,1.3,1.0483,8,1.28,1.0322,16,1.29,1.0403,2,1.29,1.0403,301,0
SPY190729P302,2019-07-26,2019-07-26 09:47:30,1.3,1.0483,21,1.26,1.0161,208,1.29,1.0403,2,1.28,1.0322,301,0
SPY190729P302,2019-07-26,2019-07-26 09:47:30,1.29,1.0403,110,1.27,1.0241,10,1.29,1.0403,2,1.28,1.0322,301,0
SPY190729P302,2019-07-26,2019-07-26 09:47:31,1.3,1.0483,187,1.27,1.0241,16,1.29,1.0403,2,1.285,1.0362,301,0
SPY190729P302,2019-07-26,2019-07-26 09:47:31,1.29,1.0403,110,1.26,1.0161,153,1.29,1.0403,2,1.275,1.0282,301,0
SPY190729P302,2019-07-26,2019-07-26 09:47:32,1.31,1.0564,153,1.27,1.0241,25,1.29,1.0403,2,1.29,1.0403,301,0
SPY190729P302,2019-07-26,2019-07-26 09:47:33,1.3,1.0483,201,1.26,1.0161,211,1.29,1.0403,2,1.28,1.0322,301,0
SPY190729P302,2019-07-26,2019-07-26 09:47:33,1.29,1.0403,16,1.27,1.0241,10,1.29,1.0403,2,1.28,1.0322,301,0
SPY190729P302,2019-07-26,2019-07-26 09:47:34,1.3,1.0483,210,1.26,1.0161,211,1.29,1.0403,2,1.28,1.0322,301,0
SPY190729P302,2019-07-26,2019-07-26 09:47:34,1.3,1.0483,210,1.27,1.0241,23,1.29,1.0403,2,1.285,1.0362,301,0
SPY190729P302,2019-07-26,2019-07-26 09:47:35,1.29,1.0403,26,1.26,1.0161,211,1.29,1.0403,2,1.275,1.0282,301,0
SPY190729P302,2019-07-26,2019-07-26 09:47:35,1.3,1.0483,210,1.27,1.0241,29,1.29,1.0403,2,1.285,1.0362,301,0
SPY190729P302,2019-07-26,2019-07-26 09:47:36,1.3,1.0483,210,1.27,1.0241,29,1.29,1.0403,2,1.285,1.0362,301,0
SPY190729P302,2019-07-26,2019-07-26 09:47:37,1.3,1.0483,10,1.28,1.0322,10,1.29,1.0403,2,1.29,1.0403,301,0
SPY190729P302,2019-07-26,2019-07-26 09:47:37,1.3,1.0483,16,1.27,1.0241,208,1.29,1.0403,2,1.285,1.0362,301,0
SPY190729P302,2019-07-26,2019-07-26 09:47:38,1.3,1.0483,11,1.28,1.0322,14,1.29,1.0403,2,1.29,1.0403,301,0
SPY190729P302,2019-07-26,2019-07-26 09:47:38,1.3,1.0483,33,1.28,1.0322,10,1.29,1.0403,2,1.29,1.0403,301,0
SPY190729P302,2019-07-26,2019-07-26 09:47:39,1.3,1.0483,10,1.28,1.0322,10,1.29,1.0403,2,1.29,1.0403,301,0
SPY190729P302,2019-07-26,2019-07-26 09:47:39,1.3,1.0483,11,1.28,1.0322,24,1.29,1.0403,2,1.29,1.0403,301,0
SPY190729P302,2019-07-26,2019-07-26 09:47:40,1.29,1.0403,100,1.27,1.0241,16,1.29,1.0403,2,1.28,1.0322,301,0
SPY190729P302,2019-07-26,2019-07-26 09:47:40,1.3,1.0483,34,1.28,1.0322,10,1.29,1.0403,2,1.29,1.0403,301,0
SPY190729P302,2019-07-26,2019-07-26 09:47:41,1.29,1.0403,110,1.27,1.0241,10,1.29,1.0403,2,1.28,1.0322,301,0
SPY190729P302,2019-07-26,2019-07-26 09:47:41,1.29,1.0403,120,1.26,1.0161,193,1.29,1.0403,2,1.275,1.0282,301,0
SPY190729P302,2019-07-26,2019-07-26 09:47:42,1.29,1.0403,191,1.26,1.0161,100,1.29,1.0403,2,1.275,1.0282,301,0
SPY190729P302,2019-07-26,2019-07-26 09:47:43,1.28,1.0322,186,1.25,1.008,39,1.29,1.0403,2,1.265,1.0201,301,0
SPY190729P302,2019-07-26,2019-07-26 09:47:43,1.28,1.0322,100,1.25,1.008,48,1.29,1.0403,2,1.265,1.0201,301,0
SPY190729P302,2019-07-26,2019-07-26 09:47:44,1.28,1.0322,186,1.25,1.008,39,1.29,1.0403,2,1.265,1.0201,301,0
SPY190729P302,2019-07-26,2019-07-26 09:47:44,1.29,1.0403,201,1.26,1.0161,10,1.29,1.0403,2,1.275,1.0282,301,0
SPY190729P302,2019-07-26,2019-07-26 09:47:45,1.29,1.0403,181,1.26,1.0161,16,1.29,1.0403,2,1.275,1.0282,301,0
SPY190729P302,2019-07-26,2019-07-26 09:47:46,1.29,1.0403,233,1.26,1.0161,16,1.29,1.0403,2,1.275,1.0282,301,0
SPY190729P302,2019-07-26,2019-07-26 09:47:47,1.29,1.0403,233,1.26,1.0161,36,1.29,1.0403,2,1.275,1.0282,301,0
SPY190729P302,2019-07-26,2019-07-26 09:47:47,1.29,1.0403,233,1.26,1.0161,69,1.29,1.0403,2,1.275,1.0282,301,0
SPY190729P302,2019-07-26,2019-07-26 09:47:48,1.29,1.0403,191,1.26,1.0161,16,1.29,1.0403,2,1.275,1.0282,301,0
SPY190729P302,2019-07-26,2019-07-26 09:47:48,1.28,1.0322,16,1.25,1.008,186,1.29,1.0403,2,1.265,1.0201,301,0
