symbol,Date,quote_time,ask_price,norm_ask_price,ask_size,bid_price,norm_bid_price,bid_size,last_trade_price,norm_last_trade_price,last_trade_size,mark_price,norm_mark_price,volume,Volume
IWM190920P156,2019-09-17,2019-09-17 09:30:00,0.93,1.0,30,0.84,0.9032,30,0.72,0.7741,50,0.885,0.9516,0,0
IWM190920P156,2019-09-17,2019-09-17 09:30:01,0.93,1.0,30,0.84,0.9032,30,0.72,0.7741,50,0.885,0.9516,0,0
IWM190920P156,2019-09-17,2019-09-17 09:30:02,0.93,1.0,30,0.85,0.9139,15,0.72,0.7741,50,0.89,0.9569,0,0
IWM190920P156,2019-09-17,2019-09-17 09:30:02,0.93,1.0,30,0.84,0.9032,30,0.72,0.7741,50,0.885,0.9516,0,0
IWM190920P156,2019-09-17,2019-09-17 09:30:03,0.93,1.0,30,0.85,0.9139,15,0.72,0.7741,50,0.89,0.9569,0,0
IWM190920P156,2019-09-17,2019-09-17 09:30:04,0.92,0.9892,15,0.85,0.9139,30,0.72,0.7741,50,0.885,0.9516,0,0
IWM190920P156,2019-09-17,2019-09-17 09:30:05,0.92,0.9892,60,0.85,0.9139,60,0.72,0.7741,50,0.885,0.9516,0,0
IWM190920P156,2019-09-17,2019-09-17 09:30:06,0.92,0.9892,60,0.85,0.9139,60,0.72,0.7741,50,0.885,0.9516,0,0
IWM190920P156,2019-09-17,2019-09-17 09:30:06,0.92,0.9892,60,0.84,0.9032,60,0.72,0.7741,50,0.88,0.9462,0,0
IWM190920P156,2019-09-17,2019-09-17 09:30:07,0.92,0.9892,60,0.84,0.9032,30,0.72,0.7741,50,0.88,0.9462,0,0
IWM190920P156,2019-09-17,2019-09-17 09:30:07,0.91,0.9784,60,0.84,0.9032,60,0.72,0.7741,50,0.875,0.9408,0,0
IWM190920P156,2019-09-17,2019-09-17 09:30:08,0.9,0.9677,60,0.83,0.8924,60,0.72,0.7741,50,0.865,0.9301,0,0
IWM190920P156,2019-09-17,2019-09-17 09:30:09,0.87,0.9354,119,0.83,0.8924,60,0.72,0.7741,50,0.85,0.9139,0,0
IWM190920P156,2019-09-17,2019-09-17 09:30:10,0.87,0.9354,120,0.83,0.8924,60,0.72,0.7741,50,0.85,0.9139,0,0
IWM190920P156,2019-09-17,2019-09-17 09:30:11,0.87,0.9354,20,0.83,0.8924,100,0.72,0.7741,50,0.85,0.9139,0,0
IWM190920P156,2019-09-17,2019-09-17 09:30:11,0.88,0.9462,137,0.83,0.8924,60,0.72,0.7741,50,0.855,0.9193,0,0
IWM190920P156,2019-09-17,2019-09-17 09:30:12,0.88,0.9462,120,0.84,0.9032,60,0.72,0.7741,50,0.86,0.9247,0,0
IWM190920P156,2019-09-17,2019-09-17 09:30:13,0.88,0.9462,20,0.85,0.9139,124,0.72,0.7741,50,0.865,0.9301,0,0
IWM190920P156,2019-09-17,2019-09-17 09:30:13,0.88,0.9462,120,0.84,0.9032,60,0.72,0.7741,50,0.86,0.9247,0,0
IWM190920P156,2019-09-17,2019-09-17 09:30:14,0.95,1.0215,20,0.88,0.9462,30,0.72,0.7741,50,0.915,0.9838,0,0
IWM190920P156,2019-09-17,2019-09-17 09:30:14,0.93,1.0,173,0.85,0.9139,115,0.72,0.7741,50,0.89,0.9569,0,0
IWM190920P156,2019-09-17,2019-09-17 09:30:15,0.96,1.0322,10,0.93,1.0,35,0.72,0.7741,50,0.945,1.0161,0,0
IWM190920P156,2019-09-17,2019-09-17 09:30:15,0.96,1.0322,10,0.91,0.9784,167,0.72,0.7741,50,0.935,1.0053,0,0
IWM190920P156,2019-09-17,2019-09-17 09:30:16,0.99,1.0645,18,0.93,1.0,147,0.72,0.7741,50,0.96,1.0322,0,0
IWM190920P156,2019-09-17,2019-09-17 09:30:16,1.0,1.0752,23,0.95,1.0215,348,0.72,0.7741,50,0.975,1.0483,0,0
IWM190920P156,2019-09-17,2019-09-17 09:30:17,0.98,1.0537,71,0.94,1.0107,265,0.72,0.7741,50,0.96,1.0322,0,0
IWM190920P156,2019-09-17,2019-09-17 09:30:17,0.98,1.0537,47,0.94,1.0107,294,0.72,0.7741,50,0.96,1.0322,0,0
IWM190920P156,2019-09-17,2019-09-17 09:30:18,0.98,1.0537,16,0.94,1.0107,289,0.72,0.7741,50,0.96,1.0322,0,0
IWM190920P156,2019-09-17,2019-09-17 09:30:18,0.98,1.0537,71,0.94,1.0107,372,0.72,0.7741,50,0.96,1.0322,0,0
IWM190920P156,2019-09-17,2019-09-17 09:30:19,0.99,1.0645,12,0.95,1.0215,299,0.72,0.7741,50,0.97,1.043,0,0
IWM190920P156,2019-09-17,2019-09-17 09:30:20,0.99,1.0645,20,0.95,1.0215,353,0.72,0.7741,50,0.97,1.043,0,0
IWM190920P156,2019-09-17,2019-09-17 09:30:20,0.99,1.0645,10,0.95,1.0215,353,0.72,0.7741,50,0.97,1.043,0,0
IWM190920P156,2019-09-17,2019-09-17 09:30:21,1.0,1.0752,32,0.95,1.0215,419,0.72,0.7741,50,0.975,1.0483,0,0
IWM190920P156,2019-09-17,2019-09-17 09:30:21,1.0,1.0752,32,0.95,1.0215,353,0.72,0.7741,50,0.975,1.0483,0,0
IWM190920P156,2019-09-17,2019-09-17 09:30:22,1.01,1.086,1,0.99,1.0645,126,0.72,0.7741,50,1.0,1.0752,0,0
IWM190920P156,2019-09-17,2019-09-17 09:30:22,1.05,1.129,22,1.03,1.1075,403,0.72,0.7741,50,1.04,1.1182,0,0
IWM190920P156,2019-09-17,2019-09-17 09:30:23,1.07,1.1505,1,1.07,1.1505,140,0.72,0.7741,50,1.07,1.1505,0,0
IWM190920P156,2019-09-17,2019-09-17 09:30:23,1.11,1.1935,1,1.07,1.1505,453,0.72,0.7741,50,1.09,1.172,0,0
IWM190920P156,2019-09-17,2019-09-17 09:30:24,1.12,1.2043,1,1.06,1.1397,251,0.72,0.7741,50,1.09,1.172,0,0
IWM190920P156,2019-09-17,2019-09-17 09:30:24,1.12,1.2043,10,1.06,1.1397,108,0.72,0.7741,50,1.09,1.172,0,0
IWM190920P156,2019-09-17,2019-09-17 09:30:25,1.13,1.215,1,1.08,1.1612,181,0.72,0.7741,50,1.105,1.1881,0,0
IWM190920P156,2019-09-17,2019-09-17 09:30:25,1.13,1.215,8,1.07,1.1505,331,0.72,0.7741,50,1.1,1.1827,0,0
IWM190920P156,2019-09-17,2019-09-17 09:30:26,1.13,1.215,147,1.08,1.1612,101,0.72,0.7741,50,1.105,1.1881,0,0
IWM190920P156,2019-09-17,2019-09-17 09:30:26,1.12,1.2043,181,1.05,1.129,40,0.72,0.7741,50,1.085,1.1666,0,0
IWM190920P156,2019-09-17,2019-09-17 09:30:27,1.1,1.1827,162,1.05,1.129,260,0.72,0.7741,50,1.075,1.1559,0,0
IWM190920P156,2019-09-17,2019-09-17 09:30:27,1.1,1.1827,23,1.07,1.1505,26,0.72,0.7741,50,1.085,1.1666,0,0
IWM190920P156,2019-09-17,2019-09-17 09:30:28,1.1,1.1827,73,1.06,1.1397,202,0.72,0.7741,50,1.08,1.1612,0,0
IWM190920P156,2019-09-17,2019-09-17 09:30:28,1.1,1.1827,195,1.05,1.129,200,0.72,0.7741,50,1.075,1.1559,0,0
IWM190920P156,2019-09-17,2019-09-17 09:30:29,1.12,1.2043,222,1.06,1.1397,169,0.72,0.7741,50,1.09,1.172,0,0
IWM190920P156,2019-09-17,2019-09-17 09:30:29,1.12,1.2043,12,1.06,1.1397,467,0.72,0.7741,50,1.09,1.172,0,0
IWM190920P156,2019-09-17,2019-09-17 09:30:30,1.12,1.2043,237,1.06,1.1397,177,0.72,0.7741,50,1.09,1.172,0,0
IWM190920P156,2019-09-17,2019-09-17 09:30:30,1.11,1.1935,214,1.06,1.1397,150,0.72,0.7741,50,1.085,1.1666,0,0
IWM190920P156,2019-09-17,2019-09-17 09:30:31,1.1,1.1827,94,1.06,1.1397,112,0.72,0.7741,50,1.08,1.1612,0,0
IWM190920P156,2019-09-17,2019-09-17 09:30:32,1.09,1.172,187,1.05,1.129,124,1.05,1.129,1,1.07,1.1505,1,1
IWM190920P156,2019-09-17,2019-09-17 09:30:32,1.1,1.1827,120,1.06,1.1397,11,0.72,0.7741,50,1.08,1.1612,0,0
IWM190920P156,2019-09-17,2019-09-17 09:30:33,1.09,1.172,258,1.05,1.129,124,1.05,1.129,1,1.07,1.1505,1,0
IWM190920P156,2019-09-17,2019-09-17 09:30:34,1.06,1.1397,56,1.0,1.0752,76,1.05,1.129,1,1.03,1.1075,1,0
IWM190920P156,2019-09-17,2019-09-17 09:30:34,1.05,1.129,22,1.0,1.0752,184,1.05,1.129,1,1.025,1.1021,1,0
IWM190920P156,2019-09-17,2019-09-17 09:30:35,1.04,1.1182,13,1.01,1.086,150,1.05,1.129,1,1.025,1.1021,1,0
IWM190920P156,2019-09-17,2019-09-17 09:30:36,1.04,1.1182,22,1.01,1.086,101,1.05,1.129,1,1.025,1.1021,1,0
IWM190920P156,2019-09-17,2019-09-17 09:30:37,1.04,1.1182,144,1.0,1.0752,20,1.05,1.129,1,1.02,1.0967,1,0
IWM190920P156,2019-09-17,2019-09-17 09:30:37,1.04,1.1182,22,1.01,1.086,101,1.05,1.129,1,1.025,1.1021,1,0
IWM190920P156,2019-09-17,2019-09-17 09:30:38,1.04,1.1182,248,1.0,1.0752,39,1.05,1.129,1,1.02,1.0967,1,0
IWM190920P156,2019-09-17,2019-09-17 09:30:38,1.04,1.1182,248,1.01,1.086,13,1.05,1.129,1,1.025,1.1021,1,0
IWM190920P156,2019-09-17,2019-09-17 09:30:39,1.04,1.1182,123,1.01,1.086,13,1.05,1.129,1,1.025,1.1021,1,0
IWM190920P156,2019-09-17,2019-09-17 09:30:40,1.04,1.1182,123,1.01,1.086,13,1.05,1.129,1,1.025,1.1021,1,0
IWM190920P156,2019-09-17,2019-09-17 09:30:40,1.03,1.1075,22,1.02,1.0967,13,1.05,1.129,1,1.025,1.1021,1,0
IWM190920P156,2019-09-17,2019-09-17 09:30:41,1.05,1.129,47,1.01,1.086,15,1.05,1.129,1,1.03,1.1075,1,0
IWM190920P156,2019-09-17,2019-09-17 09:30:41,1.05,1.129,74,1.02,1.0967,13,1.05,1.129,1,1.035,1.1129,1,0
IWM190920P156,2019-09-17,2019-09-17 09:30:42,1.05,1.129,40,1.03,1.1075,13,1.05,1.129,1,1.04,1.1182,1,0
IWM190920P156,2019-09-17,2019-09-17 09:30:42,1.05,1.129,104,1.02,1.0967,13,1.05,1.129,1,1.035,1.1129,1,0
IWM190920P156,2019-09-17,2019-09-17 09:30:43,1.05,1.129,346,1.02,1.0967,13,1.05,1.129,1,1.035,1.1129,1,0
IWM190920P156,2019-09-17,2019-09-17 09:30:43,1.06,1.1397,23,1.03,1.1075,13,1.05,1.129,1,1.045,1.1236,1,0
IWM190920P156,2019-09-17,2019-09-17 09:30:44,1.06,1.1397,25,1.03,1.1075,13,1.05,1.129,1,1.045,1.1236,1,0
IWM190920P156,2019-09-17,2019-09-17 09:30:44,1.05,1.129,211,1.01,1.086,13,1.05,1.129,1,1.03,1.1075,1,0
IWM190920P156,2019-09-17,2019-09-17 09:30:45,1.06,1.1397,106,1.04,1.1182,13,1.05,1.129,1,1.05,1.129,1,0
IWM190920P156,2019-09-17,2019-09-17 09:30:45,1.06,1.1397,106,1.03,1.1075,13,1.05,1.129,1,1.045,1.1236,1,0
IWM190920P156,2019-09-17,2019-09-17 09:30:46,1.06,1.1397,76,1.02,1.0967,23,1.05,1.129,1,1.04,1.1182,1,0
IWM190920P156,2019-09-17,2019-09-17 09:30:46,1.06,1.1397,76,1.03,1.1075,13,1.05,1.129,1,1.045,1.1236,1,0
IWM190920P156,2019-09-17,2019-09-17 09:30:47,1.06,1.1397,187,1.04,1.1182,13,1.05,1.129,1,1.05,1.129,1,0
IWM190920P156,2019-09-17,2019-09-17 09:30:47,1.06,1.1397,127,1.03,1.1075,13,1.05,1.129,1,1.045,1.1236,1,0
IWM190920P156,2019-09-17,2019-09-17 09:30:48,1.06,1.1397,243,1.03,1.1075,13,1.05,1.129,1,1.045,1.1236,1,0
IWM190920P156,2019-09-17,2019-09-17 09:30:48,1.06,1.1397,314,1.03,1.1075,13,1.05,1.129,1,1.045,1.1236,1,0
IWM190920P156,2019-09-17,2019-09-17 09:30:49,1.06,1.1397,243,1.04,1.1182,13,1.05,1.129,1,1.05,1.129,1,0
IWM190920P156,2019-09-17,2019-09-17 09:30:49,1.06,1.1397,243,1.03,1.1075,13,1.05,1.129,1,1.045,1.1236,1,0
IWM190920P156,2019-09-17,2019-09-17 09:30:50,1.06,1.1397,21,1.04,1.1182,13,1.05,1.129,1,1.05,1.129,1,0
IWM190920P156,2019-09-17,2019-09-17 09:30:50,1.06,1.1397,14,1.04,1.1182,13,1.05,1.129,1,1.05,1.129,1,0
IWM190920P156,2019-09-17,2019-09-17 09:30:51,1.07,1.1505,206,1.05,1.129,13,1.05,1.129,1,1.06,1.1397,1,0
IWM190920P156,2019-09-17,2019-09-17 09:30:51,1.07,1.1505,39,1.04,1.1182,23,1.05,1.129,1,1.055,1.1344,1,0
IWM190920P156,2019-09-17,2019-09-17 09:30:52,1.07,1.1505,34,1.04,1.1182,23,1.05,1.129,1,1.055,1.1344,1,0
IWM190920P156,2019-09-17,2019-09-17 09:30:53,1.07,1.1505,32,1.04,1.1182,23,1.05,1.129,1,1.055,1.1344,1,0
IWM190920P156,2019-09-17,2019-09-17 09:30:53,1.07,1.1505,30,1.04,1.1182,23,1.05,1.129,1,1.055,1.1344,1,0
IWM190920P156,2019-09-17,2019-09-17 09:30:54,1.07,1.1505,64,1.04,1.1182,23,1.05,1.129,1,1.055,1.1344,1,0
IWM190920P156,2019-09-17,2019-09-17 09:30:54,1.07,1.1505,64,1.04,1.1182,13,1.05,1.129,1,1.055,1.1344,1,0
IWM190920P156,2019-09-17,2019-09-17 09:30:55,1.07,1.1505,64,1.03,1.1075,60,1.05,1.129,1,1.05,1.129,1,0
IWM190920P156,2019-09-17,2019-09-17 09:30:55,1.07,1.1505,64,1.04,1.1182,13,1.05,1.129,1,1.055,1.1344,1,0
IWM190920P156,2019-09-17,2019-09-17 09:30:56,1.07,1.1505,85,1.03,1.1075,60,1.05,1.129,1,1.05,1.129,1,0
IWM190920P156,2019-09-17,2019-09-17 09:30:56,1.07,1.1505,183,1.04,1.1182,13,1.05,1.129,1,1.055,1.1344,1,0
IWM190920P156,2019-09-17,2019-09-17 09:30:57,1.05,1.129,92,1.01,1.086,73,1.05,1.129,1,1.03,1.1075,1,0
IWM190920P156,2019-09-17,2019-09-17 09:30:57,1.07,1.1505,229,1.04,1.1182,13,1.05,1.129,1,1.055,1.1344,1,0
IWM190920P156,2019-09-17,2019-09-17 09:30:58,1.05,1.129,102,1.03,1.1075,13,1.05,1.129,1,1.04,1.1182,1,0
IWM190920P156,2019-09-17,2019-09-17 09:30:58,1.06,1.1397,122,1.03,1.1075,13,1.05,1.129,1,1.045,1.1236,1,0
IWM190920P156,2019-09-17,2019-09-17 09:30:59,1.06,1.1397,237,1.04,1.1182,13,1.05,1.129,1,1.05,1.129,1,0
IWM190920P156,2019-09-17,2019-09-17 09:30:59,1.06,1.1397,122,1.04,1.1182,13,1.05,1.129,1,1.05,1.129,1,0
IWM190920P156,2019-09-17,2019-09-17 09:31:00,1.07,1.1505,76,1.02,1.0967,100,1.05,1.129,1,1.045,1.1236,1,0
IWM190920P156,2019-09-17,2019-09-17 09:31:00,1.05,1.129,38,0.97,1.043,43,1.05,1.129,1,1.01,1.086,1,0
IWM190920P156,2019-09-17,2019-09-17 09:31:01,1.05,1.129,14,1.01,1.086,13,1.05,1.129,1,1.03,1.1075,1,0
IWM190920P156,2019-09-17,2019-09-17 09:31:01,1.05,1.129,102,1.02,1.0967,25,1.05,1.129,1,1.035,1.1129,1,0
IWM190920P156,2019-09-17,2019-09-17 09:31:02,1.04,1.1182,20,1.02,1.0967,13,1.05,1.129,1,1.03,1.1075,1,0
IWM190920P156,2019-09-17,2019-09-17 09:31:03,1.0,1.0752,13,0.97,1.043,13,1.05,1.129,1,0.985,1.0591,1,0
IWM190920P156,2019-09-17,2019-09-17 09:31:03,1.01,1.086,13,0.98,1.0537,13,1.05,1.129,1,0.995,1.0698,1,0
IWM190920P156,2019-09-17,2019-09-17 09:31:04,1.0,1.0752,13,0.97,1.043,114,1.05,1.129,1,0.985,1.0591,1,0
IWM190920P156,2019-09-17,2019-09-17 09:31:04,1.01,1.086,24,0.97,1.043,99,1.05,1.129,1,0.99,1.0645,1,0
IWM190920P156,2019-09-17,2019-09-17 09:31:05,1.0,1.0752,22,0.97,1.043,56,1.05,1.129,1,0.985,1.0591,1,0
IWM190920P156,2019-09-17,2019-09-17 09:31:05,1.01,1.086,78,0.98,1.0537,26,1.05,1.129,1,0.995,1.0698,1,0
IWM190920P156,2019-09-17,2019-09-17 09:31:06,1.0,1.0752,100,0.97,1.043,20,1.05,1.129,1,0.985,1.0591,1,0
IWM190920P156,2019-09-17,2019-09-17 09:31:06,1.01,1.086,37,0.97,1.043,25,1.05,1.129,1,0.99,1.0645,1,0
IWM190920P156,2019-09-17,2019-09-17 09:31:07,1.01,1.086,60,0.98,1.0537,13,1.05,1.129,1,0.995,1.0698,1,0
IWM190920P156,2019-09-17,2019-09-17 09:31:07,1.01,1.086,76,0.99,1.0645,13,1.05,1.129,1,1.0,1.0752,1,0
IWM190920P156,2019-09-17,2019-09-17 09:31:08,1.03,1.1075,100,0.99,1.0645,13,1.05,1.129,1,1.01,1.086,1,0
IWM190920P156,2019-09-17,2019-09-17 09:31:08,1.01,1.086,56,1.0,1.0752,13,1.05,1.129,1,1.005,1.0806,1,0
IWM190920P156,2019-09-17,2019-09-17 09:31:09,1.01,1.086,154,0.98,1.0537,25,1.05,1.129,1,0.995,1.0698,1,0
IWM190920P156,2019-09-17,2019-09-17 09:31:09,1.02,1.0967,27,0.99,1.0645,20,1.05,1.129,1,1.005,1.0806,1,0
IWM190920P156,2019-09-17,2019-09-17 09:31:10,1.02,1.0967,164,0.99,1.0645,13,1.05,1.129,1,1.005,1.0806,1,0
IWM190920P156,2019-09-17,2019-09-17 09:31:10,1.02,1.0967,87,0.98,1.0537,25,1.05,1.129,1,1.0,1.0752,1,0
IWM190920P156,2019-09-17,2019-09-17 09:31:11,1.02,1.0967,140,0.99,1.0645,13,1.05,1.129,1,1.005,1.0806,1,0
IWM190920P156,2019-09-17,2019-09-17 09:31:11,1.02,1.0967,145,0.99,1.0645,13,1.05,1.129,1,1.005,1.0806,1,0
IWM190920P156,2019-09-17,2019-09-17 09:31:12,1.02,1.0967,140,0.99,1.0645,13,1.05,1.129,1,1.005,1.0806,1,0
IWM190920P156,2019-09-17,2019-09-17 09:31:12,1.01,1.086,132,0.97,1.043,63,1.05,1.129,1,0.99,1.0645,1,0
IWM190920P156,2019-09-17,2019-09-17 09:31:13,1.01,1.086,246,0.98,1.0537,13,1.05,1.129,1,0.995,1.0698,1,0
IWM190920P156,2019-09-17,2019-09-17 09:31:13,1.0,1.0752,33,0.96,1.0322,92,1.05,1.129,1,0.98,1.0537,1,0
IWM190920P156,2019-09-17,2019-09-17 09:31:14,1.0,1.0752,39,0.97,1.043,28,1.05,1.129,1,0.985,1.0591,1,0
IWM190920P156,2019-09-17,2019-09-17 09:31:14,0.99,1.0645,25,0.96,1.0322,34,1.05,1.129,1,0.975,1.0483,1,0
IWM190920P156,2019-09-17,2019-09-17 09:31:15,1.0,1.0752,33,0.97,1.043,45,1.05,1.129,1,0.985,1.0591,1,0
IWM190920P156,2019-09-17,2019-09-17 09:31:15,1.0,1.0752,71,0.97,1.043,75,1.05,1.129,1,0.985,1.0591,1,0
IWM190920P156,2019-09-17,2019-09-17 09:31:16,0.99,1.0645,32,0.96,1.0322,13,1.05,1.129,1,0.975,1.0483,1,0
IWM190920P156,2019-09-17,2019-09-17 09:31:16,0.99,1.0645,32,0.97,1.043,24,1.05,1.129,1,0.98,1.0537,1,0
IWM190920P156,2019-09-17,2019-09-17 09:31:17,0.98,1.0537,13,0.96,1.0322,98,1.05,1.129,1,0.97,1.043,1,0
IWM190920P156,2019-09-17,2019-09-17 09:31:17,0.99,1.0645,22,0.97,1.043,12,1.05,1.129,1,0.98,1.0537,1,0
IWM190920P156,2019-09-17,2019-09-17 09:31:18,0.98,1.0537,20,0.96,1.0322,48,1.05,1.129,1,0.97,1.043,1,0
IWM190920P156,2019-09-17,2019-09-17 09:31:18,0.98,1.0537,20,0.96,1.0322,38,1.05,1.129,1,0.97,1.043,1,0
IWM190920P156,2019-09-17,2019-09-17 09:31:19,0.98,1.0537,13,0.96,1.0322,32,1.05,1.129,1,0.97,1.043,1,0
IWM190920P156,2019-09-17,2019-09-17 09:31:19,0.98,1.0537,14,0.95,1.0215,150,1.05,1.129,1,0.965,1.0376,1,0
IWM190920P156,2019-09-17,2019-09-17 09:31:20,0.98,1.0537,24,0.95,1.0215,180,1.05,1.129,1,0.965,1.0376,1,0
IWM190920P156,2019-09-17,2019-09-17 09:31:21,0.97,1.043,22,0.95,1.0215,57,1.05,1.129,1,0.96,1.0322,1,0
IWM190920P156,2019-09-17,2019-09-17 09:31:21,0.97,1.043,13,0.94,1.0107,135,1.05,1.129,1,0.955,1.0268,1,0
IWM190920P156,2019-09-17,2019-09-17 09:31:22,0.97,1.043,22,0.95,1.0215,57,1.05,1.129,1,0.96,1.0322,1,0
IWM190920P156,2019-09-17,2019-09-17 09:31:22,0.97,1.043,20,0.95,1.0215,13,1.05,1.129,1,0.96,1.0322,1,0
IWM190920P156,2019-09-17,2019-09-17 09:31:23,0.98,1.0537,35,0.95,1.0215,35,1.05,1.129,1,0.965,1.0376,1,0
IWM190920P156,2019-09-17,2019-09-17 09:31:23,0.98,1.0537,22,0.95,1.0215,120,1.05,1.129,1,0.965,1.0376,1,0
IWM190920P156,2019-09-17,2019-09-17 09:31:24,0.99,1.0645,13,0.97,1.043,52,1.05,1.129,1,0.98,1.0537,1,0
IWM190920P156,2019-09-17,2019-09-17 09:31:24,0.99,1.0645,13,0.97,1.043,72,1.05,1.129,1,0.98,1.0537,1,0
IWM190920P156,2019-09-17,2019-09-17 09:31:25,0.98,1.0537,13,0.91,0.9784,22,1.05,1.129,1,0.945,1.0161,1,0
IWM190920P156,2019-09-17,2019-09-17 09:31:25,0.98,1.0537,13,0.96,1.0322,76,1.05,1.129,1,0.97,1.043,1,0
IWM190920P156,2019-09-17,2019-09-17 09:31:26,0.95,1.0215,13,0.94,1.0107,9,1.05,1.129,1,0.945,1.0161,1,0
IWM190920P156,2019-09-17,2019-09-17 09:31:26,0.95,1.0215,13,0.93,1.0,78,1.05,1.129,1,0.94,1.0107,1,0
IWM190920P156,2019-09-17,2019-09-17 09:31:27,0.94,1.0107,13,0.93,1.0,9,1.05,1.129,1,0.935,1.0053,1,0
IWM190920P156,2019-09-17,2019-09-17 09:31:27,0.94,1.0107,13,0.93,1.0,18,1.05,1.129,1,0.935,1.0053,1,0
IWM190920P156,2019-09-17,2019-09-17 09:31:28,0.96,1.0322,13,0.93,1.0,24,1.05,1.129,1,0.945,1.0161,1,0
IWM190920P156,2019-09-17,2019-09-17 09:31:28,0.95,1.0215,13,0.93,1.0,35,1.05,1.129,1,0.94,1.0107,1,0
IWM190920P156,2019-09-17,2019-09-17 09:31:29,0.98,1.0537,115,0.93,1.0,100,1.05,1.129,1,0.955,1.0268,1,0
IWM190920P156,2019-09-17,2019-09-17 09:31:29,0.97,1.043,55,0.93,1.0,126,1.05,1.129,1,0.95,1.0215,1,0
IWM190920P156,2019-09-17,2019-09-17 09:31:30,0.96,1.0322,13,0.93,1.0,59,1.05,1.129,1,0.945,1.0161,1,0
IWM190920P156,2019-09-17,2019-09-17 09:31:30,0.96,1.0322,13,0.93,1.0,95,1.05,1.129,1,0.945,1.0161,1,0
IWM190920P156,2019-09-17,2019-09-17 09:31:31,0.96,1.0322,13,0.94,1.0107,14,1.05,1.129,1,0.95,1.0215,1,0
IWM190920P156,2019-09-17,2019-09-17 09:31:32,0.96,1.0322,13,0.94,1.0107,216,1.05,1.129,1,0.95,1.0215,1,0
IWM190920P156,2019-09-17,2019-09-17 09:31:32,0.95,1.0215,14,0.93,1.0,185,1.05,1.129,1,0.94,1.0107,1,0
IWM190920P156,2019-09-17,2019-09-17 09:31:33,0.95,1.0215,14,0.93,1.0,185,1.05,1.129,1,0.94,1.0107,1,0
IWM190920P156,2019-09-17,2019-09-17 09:31:33,0.97,1.043,22,0.95,1.0215,12,1.05,1.129,1,0.96,1.0322,1,0
IWM190920P156,2019-09-17,2019-09-17 09:31:34,0.96,1.0322,13,0.94,1.0107,73,1.05,1.129,1,0.95,1.0215,1,0
IWM190920P156,2019-09-17,2019-09-17 09:31:34,0.96,1.0322,13,0.95,1.0215,30,1.05,1.129,1,0.955,1.0268,1,0
IWM190920P156,2019-09-17,2019-09-17 09:31:35,0.97,1.043,19,0.95,1.0215,22,1.05,1.129,1,0.96,1.0322,1,0
IWM190920P156,2019-09-17,2019-09-17 09:31:35,0.96,1.0322,19,0.94,1.0107,15,1.05,1.129,1,0.95,1.0215,1,0
IWM190920P156,2019-09-17,2019-09-17 09:31:36,0.96,1.0322,19,0.94,1.0107,15,1.05,1.129,1,0.95,1.0215,1,0
IWM190920P156,2019-09-17,2019-09-17 09:31:36,0.96,1.0322,13,0.95,1.0215,77,0.94,1.0107,1,0.955,1.0268,2,1
IWM190920P156,2019-09-17,2019-09-17 09:31:37,0.96,1.0322,13,0.94,1.0107,312,0.94,1.0107,1,0.95,1.0215,2,0
IWM190920P156,2019-09-17,2019-09-17 09:31:38,0.96,1.0322,13,0.94,1.0107,352,0.94,1.0107,1,0.95,1.0215,2,0
IWM190920P156,2019-09-17,2019-09-17 09:31:39,0.96,1.0322,13,0.94,1.0107,258,0.94,1.0107,1,0.95,1.0215,2,0
IWM190920P156,2019-09-17,2019-09-17 09:31:39,0.96,1.0322,13,0.94,1.0107,352,0.94,1.0107,1,0.95,1.0215,2,0
IWM190920P156,2019-09-17,2019-09-17 09:31:40,0.96,1.0322,13,0.94,1.0107,98,0.94,1.0107,1,0.95,1.0215,2,0
IWM190920P156,2019-09-17,2019-09-17 09:31:40,0.96,1.0322,13,0.94,1.0107,195,0.94,1.0107,1,0.95,1.0215,2,0
IWM190920P156,2019-09-17,2019-09-17 09:31:41,0.96,1.0322,13,0.93,1.0,299,0.94,1.0107,1,0.945,1.0161,2,0
IWM190920P156,2019-09-17,2019-09-17 09:31:41,0.96,1.0322,13,0.94,1.0107,77,0.94,1.0107,1,0.95,1.0215,2,0
IWM190920P156,2019-09-17,2019-09-17 09:31:42,0.95,1.0215,13,0.93,1.0,194,0.94,1.0107,1,0.94,1.0107,2,0
IWM190920P156,2019-09-17,2019-09-17 09:31:42,0.95,1.0215,13,0.93,1.0,177,0.94,1.0107,1,0.94,1.0107,2,0
IWM190920P156,2019-09-17,2019-09-17 09:31:43,0.96,1.0322,13,0.94,1.0107,60,0.94,1.0107,1,0.95,1.0215,2,0
IWM190920P156,2019-09-17,2019-09-17 09:31:43,0.95,1.0215,13,0.94,1.0107,60,0.94,1.0107,1,0.945,1.0161,2,0
IWM190920P156,2019-09-17,2019-09-17 09:31:44,0.96,1.0322,13,0.93,1.0,215,0.94,1.0107,1,0.945,1.0161,2,0
IWM190920P156,2019-09-17,2019-09-17 09:31:44,0.95,1.0215,13,0.93,1.0,313,0.94,1.0107,1,0.94,1.0107,2,0
IWM190920P156,2019-09-17,2019-09-17 09:31:45,0.95,1.0215,13,0.93,1.0,446,0.94,1.0107,1,0.94,1.0107,2,0
IWM190920P156,2019-09-17,2019-09-17 09:31:45,0.95,1.0215,13,0.93,1.0,431,0.94,1.0107,1,0.94,1.0107,2,0
IWM190920P156,2019-09-17,2019-09-17 09:31:46,0.95,1.0215,13,0.94,1.0107,79,0.94,1.0107,1,0.945,1.0161,2,0
IWM190920P156,2019-09-17,2019-09-17 09:31:46,0.95,1.0215,13,0.94,1.0107,68,0.94,1.0107,1,0.945,1.0161,2,0
IWM190920P156,2019-09-17,2019-09-17 09:31:47,0.97,1.043,13,0.94,1.0107,90,0.94,1.0107,1,0.955,1.0268,2,0
IWM190920P156,2019-09-17,2019-09-17 09:31:47,0.97,1.043,13,0.94,1.0107,79,0.94,1.0107,1,0.955,1.0268,2,0
IWM190920P156,2019-09-17,2019-09-17 09:31:48,0.97,1.043,27,0.94,1.0107,172,0.94,1.0107,1,0.955,1.0268,2,0
IWM190920P156,2019-09-17,2019-09-17 09:31:48,0.96,1.0322,13,0.94,1.0107,68,0.94,1.0107,1,0.95,1.0215,2,0
IWM190920P156,2019-09-17,2019-09-17 09:31:49,0.97,1.043,13,0.94,1.0107,270,0.94,1.0107,1,0.955,1.0268,2,0
IWM190920P156,2019-09-17,2019-09-17 09:31:49,0.96,1.0322,13,0.94,1.0107,68,0.94,1.0107,1,0.95,1.0215,2,0
IWM190920P156,2019-09-17,2019-09-17 09:31:50,0.97,1.043,13,0.95,1.0215,68,0.94,1.0107,1,0.96,1.0322,2,0
IWM190920P156,2019-09-17,2019-09-17 09:31:50,0.96,1.0322,13,0.94,1.0107,270,0.94,1.0107,1,0.95,1.0215,2,0
IWM190920P156,2019-09-17,2019-09-17 09:31:51,0.95,1.0215,13,0.94,1.0107,76,0.94,1.0107,1,0.945,1.0161,2,0
IWM190920P156,2019-09-17,2019-09-17 09:31:51,0.96,1.0322,13,0.93,1.0,311,0.94,1.0107,1,0.945,1.0161,2,0
IWM190920P156,2019-09-17,2019-09-17 09:31:52,0.96,1.0322,13,0.93,1.0,311,0.94,1.0107,1,0.945,1.0161,2,0
IWM190920P156,2019-09-17,2019-09-17 09:31:52,0.96,1.0322,13,0.94,1.0107,60,0.94,1.0107,1,0.95,1.0215,2,0
IWM190920P156,2019-09-17,2019-09-17 09:31:53,0.96,1.0322,13,0.94,1.0107,62,0.94,1.0107,1,0.95,1.0215,2,0
IWM190920P156,2019-09-17,2019-09-17 09:31:54,0.96,1.0322,13,0.94,1.0107,60,0.94,1.0107,1,0.95,1.0215,2,0
IWM190920P156,2019-09-17,2019-09-17 09:31:55,0.95,1.0215,13,0.94,1.0107,261,0.94,1.0107,1,0.945,1.0161,2,0
IWM190920P156,2019-09-17,2019-09-17 09:31:55,0.97,1.043,37,0.94,1.0107,79,0.94,1.0107,1,0.955,1.0268,2,0
IWM190920P156,2019-09-17,2019-09-17 09:31:56,0.96,1.0322,13,0.94,1.0107,271,0.94,1.0107,1,0.95,1.0215,2,0
IWM190920P156,2019-09-17,2019-09-17 09:31:56,0.97,1.043,37,0.94,1.0107,79,0.94,1.0107,1,0.955,1.0268,2,0
IWM190920P156,2019-09-17,2019-09-17 09:31:57,0.95,1.0215,13,0.94,1.0107,314,0.94,1.0107,1,0.945,1.0161,2,0
IWM190920P156,2019-09-17,2019-09-17 09:31:57,0.96,1.0322,13,0.94,1.0107,271,0.94,1.0107,1,0.95,1.0215,2,0
IWM190920P156,2019-09-17,2019-09-17 09:31:58,0.96,1.0322,13,0.94,1.0107,60,0.94,1.0107,1,0.95,1.0215,2,0
IWM190920P156,2019-09-17,2019-09-17 09:31:58,0.96,1.0322,13,0.94,1.0107,314,0.94,1.0107,1,0.95,1.0215,2,0
IWM190920P156,2019-09-17,2019-09-17 09:31:59,0.96,1.0322,13,0.94,1.0107,60,0.94,1.0107,1,0.95,1.0215,2,0
IWM190920P156,2019-09-17,2019-09-17 09:31:59,0.95,1.0215,13,0.93,1.0,206,0.94,1.0107,1,0.94,1.0107,2,0
IWM190920P156,2019-09-17,2019-09-17 09:32:00,0.95,1.0215,13,0.92,0.9892,144,0.94,1.0107,1,0.935,1.0053,2,0
IWM190920P156,2019-09-17,2019-09-17 09:32:00,0.95,1.0215,13,0.93,1.0,60,0.94,1.0107,1,0.94,1.0107,2,0
IWM190920P156,2019-09-17,2019-09-17 09:32:01,0.97,1.043,13,0.94,1.0107,196,0.96,1.0322,2,0.955,1.0268,4,0
IWM190920P156,2019-09-17,2019-09-17 09:32:01,0.99,1.0645,23,0.94,1.0107,142,0.96,1.0322,2,0.965,1.0376,4,2
IWM190920P156,2019-09-17,2019-09-17 09:32:02,0.96,1.0322,41,0.94,1.0107,3,0.96,1.0322,2,0.95,1.0215,4,0
IWM190920P156,2019-09-17,2019-09-17 09:32:02,0.96,1.0322,13,0.94,1.0107,268,0.96,1.0322,2,0.95,1.0215,4,0
IWM190920P156,2019-09-17,2019-09-17 09:32:03,0.96,1.0322,12,0.93,1.0,206,0.96,1.0322,2,0.945,1.0161,4,0
IWM190920P156,2019-09-17,2019-09-17 09:32:03,0.95,1.0215,42,0.93,1.0,29,0.96,1.0322,2,0.94,1.0107,4,0
IWM190920P156,2019-09-17,2019-09-17 09:32:04,0.95,1.0215,19,0.93,1.0,56,0.96,1.0322,2,0.94,1.0107,4,0
IWM190920P156,2019-09-17,2019-09-17 09:32:04,0.95,1.0215,31,0.93,1.0,56,0.96,1.0322,2,0.94,1.0107,4,0
IWM190920P156,2019-09-17,2019-09-17 09:32:05,0.94,1.0107,25,0.93,1.0,20,0.96,1.0322,2,0.935,1.0053,4,0
IWM190920P156,2019-09-17,2019-09-17 09:32:05,0.93,1.0,61,0.91,0.9784,168,0.96,1.0322,2,0.92,0.9892,4,0
IWM190920P156,2019-09-17,2019-09-17 09:32:06,0.97,1.043,80,0.91,0.9784,374,0.96,1.0322,2,0.94,1.0107,4,0
IWM190920P156,2019-09-17,2019-09-17 09:32:06,0.93,1.0,61,0.91,0.9784,288,0.96,1.0322,2,0.92,0.9892,4,0
IWM190920P156,2019-09-17,2019-09-17 09:32:07,0.94,1.0107,13,0.92,0.9892,126,0.96,1.0322,2,0.93,1.0,4,0
IWM190920P156,2019-09-17,2019-09-17 09:32:07,0.93,1.0,13,0.92,0.9892,136,0.96,1.0322,2,0.925,0.9946,4,0
IWM190920P156,2019-09-17,2019-09-17 09:32:08,0.94,1.0107,16,0.92,0.9892,113,0.96,1.0322,2,0.93,1.0,4,0
IWM190920P156,2019-09-17,2019-09-17 09:32:08,0.93,1.0,13,0.91,0.9784,104,0.96,1.0322,2,0.92,0.9892,4,0
IWM190920P156,2019-09-17,2019-09-17 09:32:09,0.93,1.0,30,0.91,0.9784,132,0.96,1.0322,2,0.92,0.9892,4,0
IWM190920P156,2019-09-17,2019-09-17 09:32:10,0.94,1.0107,4,0.91,0.9784,132,0.96,1.0322,2,0.925,0.9946,4,0
IWM190920P156,2019-09-17,2019-09-17 09:32:10,0.93,1.0,13,0.91,0.9784,106,0.96,1.0322,2,0.92,0.9892,4,0
IWM190920P156,2019-09-17,2019-09-17 09:32:11,0.92,0.9892,13,0.91,0.9784,30,0.96,1.0322,2,0.915,0.9838,4,0
IWM190920P156,2019-09-17,2019-09-17 09:32:11,0.93,1.0,71,0.91,0.9784,35,0.96,1.0322,2,0.92,0.9892,4,0
IWM190920P156,2019-09-17,2019-09-17 09:32:12,0.92,0.9892,13,0.91,0.9784,154,0.96,1.0322,2,0.915,0.9838,4,0
IWM190920P156,2019-09-17,2019-09-17 09:32:12,0.92,0.9892,13,0.91,0.9784,44,0.96,1.0322,2,0.915,0.9838,4,0
IWM190920P156,2019-09-17,2019-09-17 09:32:13,0.92,0.9892,13,0.89,0.9569,134,0.96,1.0322,2,0.905,0.9731,4,0
IWM190920P156,2019-09-17,2019-09-17 09:32:13,0.91,0.9784,66,0.89,0.9569,44,0.96,1.0322,2,0.9,0.9677,4,0
IWM190920P156,2019-09-17,2019-09-17 09:32:14,0.91,0.9784,66,0.89,0.9569,313,0.96,1.0322,2,0.9,0.9677,4,0
IWM190920P156,2019-09-17,2019-09-17 09:32:14,0.91,0.9784,66,0.89,0.9569,334,0.96,1.0322,2,0.9,0.9677,4,0
IWM190920P156,2019-09-17,2019-09-17 09:32:15,0.92,0.9892,69,0.9,0.9677,226,0.96,1.0322,2,0.91,0.9784,4,0
IWM190920P156,2019-09-17,2019-09-17 09:32:15,0.92,0.9892,13,0.9,0.9677,74,0.96,1.0322,2,0.91,0.9784,4,0
IWM190920P156,2019-09-17,2019-09-17 09:32:16,0.92,0.9892,13,0.9,0.9677,369,0.96,1.0322,2,0.91,0.9784,4,0
IWM190920P156,2019-09-17,2019-09-17 09:32:16,0.92,0.9892,13,0.9,0.9677,248,0.96,1.0322,2,0.91,0.9784,4,0
IWM190920P156,2019-09-17,2019-09-17 09:32:17,0.92,0.9892,13,0.9,0.9677,432,0.96,1.0322,2,0.91,0.9784,4,0
IWM190920P156,2019-09-17,2019-09-17 09:32:17,0.93,1.0,25,0.91,0.9784,209,0.96,1.0322,2,0.92,0.9892,4,0
IWM190920P156,2019-09-17,2019-09-17 09:32:18,0.92,0.9892,13,0.91,0.9784,319,0.96,1.0322,2,0.915,0.9838,4,0
IWM190920P156,2019-09-17,2019-09-17 09:32:18,0.93,1.0,13,0.91,0.9784,319,0.96,1.0322,2,0.92,0.9892,4,0
IWM190920P156,2019-09-17,2019-09-17 09:32:19,0.94,1.0107,42,0.92,0.9892,149,0.96,1.0322,2,0.93,1.0,4,0
IWM190920P156,2019-09-17,2019-09-17 09:32:19,0.94,1.0107,24,0.92,0.9892,238,0.96,1.0322,2,0.93,1.0,4,0
IWM190920P156,2019-09-17,2019-09-17 09:32:20,0.94,1.0107,25,0.92,0.9892,294,0.96,1.0322,2,0.93,1.0,4,0
IWM190920P156,2019-09-17,2019-09-17 09:32:20,0.94,1.0107,25,0.92,0.9892,328,0.96,1.0322,2,0.93,1.0,4,0
IWM190920P156,2019-09-17,2019-09-17 09:32:21,0.94,1.0107,27,0.92,0.9892,180,0.96,1.0322,2,0.93,1.0,4,0
IWM190920P156,2019-09-17,2019-09-17 09:32:21,0.94,1.0107,27,0.92,0.9892,166,0.96,1.0322,2,0.93,1.0,4,0
IWM190920P156,2019-09-17,2019-09-17 09:32:22,0.94,1.0107,27,0.92,0.9892,216,0.96,1.0322,2,0.93,1.0,4,0
IWM190920P156,2019-09-17,2019-09-17 09:32:22,0.94,1.0107,15,0.92,0.9892,320,0.96,1.0322,2,0.93,1.0,4,0
IWM190920P156,2019-09-17,2019-09-17 09:32:23,0.94,1.0107,13,0.92,0.9892,363,0.96,1.0322,2,0.93,1.0,4,0
IWM190920P156,2019-09-17,2019-09-17 09:32:23,0.95,1.0215,25,0.93,1.0,42,0.96,1.0322,2,0.94,1.0107,4,0
IWM190920P156,2019-09-17,2019-09-17 09:32:24,0.95,1.0215,49,0.93,1.0,119,0.96,1.0322,2,0.94,1.0107,4,0
IWM190920P156,2019-09-17,2019-09-17 09:32:24,0.95,1.0215,49,0.93,1.0,174,0.96,1.0322,2,0.94,1.0107,4,0
IWM190920P156,2019-09-17,2019-09-17 09:32:25,0.95,1.0215,49,0.93,1.0,246,0.96,1.0322,2,0.94,1.0107,4,0
IWM190920P156,2019-09-17,2019-09-17 09:32:25,0.94,1.0107,13,0.93,1.0,246,0.96,1.0322,2,0.935,1.0053,4,0
IWM190920P156,2019-09-17,2019-09-17 09:32:26,0.95,1.0215,13,0.94,1.0107,26,0.96,1.0322,2,0.945,1.0161,4,0
IWM190920P156,2019-09-17,2019-09-17 09:32:26,0.95,1.0215,49,0.94,1.0107,14,0.96,1.0322,2,0.945,1.0161,4,0
IWM190920P156,2019-09-17,2019-09-17 09:32:27,0.96,1.0322,13,0.94,1.0107,297,0.96,1.0322,2,0.95,1.0215,4,0
IWM190920P156,2019-09-17,2019-09-17 09:32:27,0.95,1.0215,13,0.94,1.0107,26,0.96,1.0322,2,0.945,1.0161,4,0
IWM190920P156,2019-09-17,2019-09-17 09:32:28,0.96,1.0322,54,0.94,1.0107,98,0.96,1.0322,2,0.95,1.0215,4,0
IWM190920P156,2019-09-17,2019-09-17 09:32:29,0.96,1.0322,54,0.94,1.0107,98,0.96,1.0322,2,0.95,1.0215,4,0
IWM190920P156,2019-09-17,2019-09-17 09:32:29,0.96,1.0322,16,0.94,1.0107,159,0.96,1.0322,2,0.95,1.0215,4,0
IWM190920P156,2019-09-17,2019-09-17 09:32:30,0.96,1.0322,16,0.94,1.0107,236,0.96,1.0322,2,0.95,1.0215,4,0
IWM190920P156,2019-09-17,2019-09-17 09:32:30,0.96,1.0322,15,0.94,1.0107,436,0.96,1.0322,2,0.95,1.0215,4,0
IWM190920P156,2019-09-17,2019-09-17 09:32:31,0.96,1.0322,2,0.95,1.0215,30,0.96,1.0322,2,0.955,1.0268,4,0
IWM190920P156,2019-09-17,2019-09-17 09:32:31,0.96,1.0322,15,0.94,1.0107,396,0.96,1.0322,2,0.95,1.0215,4,0
IWM190920P156,2019-09-17,2019-09-17 09:32:32,0.96,1.0322,2,0.95,1.0215,256,0.96,1.0322,2,0.955,1.0268,4,0
IWM190920P156,2019-09-17,2019-09-17 09:32:32,0.96,1.0322,2,0.95,1.0215,150,0.96,1.0322,2,0.955,1.0268,4,0
IWM190920P156,2019-09-17,2019-09-17 09:32:33,0.96,1.0322,2,0.95,1.0215,221,0.96,1.0322,2,0.955,1.0268,4,0
IWM190920P156,2019-09-17,2019-09-17 09:32:33,0.96,1.0322,2,0.95,1.0215,400,0.96,1.0322,2,0.955,1.0268,4,0
IWM190920P156,2019-09-17,2019-09-17 09:32:34,0.98,1.0537,13,0.96,1.0322,39,0.96,1.0322,2,0.97,1.043,6,2
IWM190920P156,2019-09-17,2019-09-17 09:32:34,0.98,1.0537,13,0.96,1.0322,192,0.96,1.0322,2,0.97,1.043,6,0
IWM190920P156,2019-09-17,2019-09-17 09:32:35,0.98,1.0537,13,0.96,1.0322,254,0.96,1.0322,2,0.97,1.043,6,0
IWM190920P156,2019-09-17,2019-09-17 09:32:35,0.98,1.0537,13,0.96,1.0322,192,0.96,1.0322,2,0.97,1.043,6,0
IWM190920P156,2019-09-17,2019-09-17 09:32:36,0.98,1.0537,13,0.96,1.0322,126,0.96,1.0322,2,0.97,1.043,6,0
IWM190920P156,2019-09-17,2019-09-17 09:32:37,0.98,1.0537,13,0.96,1.0322,192,0.96,1.0322,2,0.97,1.043,6,0
IWM190920P156,2019-09-17,2019-09-17 09:32:37,0.98,1.0537,13,0.96,1.0322,352,0.96,1.0322,2,0.97,1.043,6,0
IWM190920P156,2019-09-17,2019-09-17 09:32:38,0.98,1.0537,13,0.96,1.0322,352,0.96,1.0322,2,0.97,1.043,6,0
IWM190920P156,2019-09-17,2019-09-17 09:32:39,0.97,1.043,13,0.96,1.0322,82,0.96,1.0322,2,0.965,1.0376,6,0
IWM190920P156,2019-09-17,2019-09-17 09:32:39,0.98,1.0537,13,0.96,1.0322,352,0.96,1.0322,2,0.97,1.043,6,0
IWM190920P156,2019-09-17,2019-09-17 09:32:40,0.97,1.043,13,0.96,1.0322,82,0.96,1.0322,2,0.965,1.0376,6,0
IWM190920P156,2019-09-17,2019-09-17 09:32:40,0.98,1.0537,13,0.96,1.0322,94,0.96,1.0322,2,0.97,1.043,6,0
IWM190920P156,2019-09-17,2019-09-17 09:32:41,0.97,1.043,13,0.95,1.0215,98,0.96,1.0322,2,0.96,1.0322,6,0
IWM190920P156,2019-09-17,2019-09-17 09:32:41,0.97,1.043,13,0.96,1.0322,294,0.96,1.0322,2,0.965,1.0376,6,0
IWM190920P156,2019-09-17,2019-09-17 09:32:42,0.97,1.043,13,0.95,1.0215,138,0.96,1.0322,2,0.96,1.0322,6,0
IWM190920P156,2019-09-17,2019-09-17 09:32:42,0.97,1.043,13,0.95,1.0215,292,0.96,1.0322,2,0.96,1.0322,6,0
IWM190920P156,2019-09-17,2019-09-17 09:32:43,0.98,1.0537,26,0.96,1.0322,20,0.96,1.0322,2,0.97,1.043,6,0
IWM190920P156,2019-09-17,2019-09-17 09:32:43,0.97,1.043,13,0.96,1.0322,20,0.96,1.0322,2,0.965,1.0376,6,0
IWM190920P156,2019-09-17,2019-09-17 09:32:44,0.98,1.0537,26,0.96,1.0322,88,0.96,1.0322,2,0.97,1.043,6,0
IWM190920P156,2019-09-17,2019-09-17 09:32:44,0.98,1.0537,26,0.96,1.0322,37,0.96,1.0322,2,0.97,1.043,6,0
IWM190920P156,2019-09-17,2019-09-17 09:32:45,0.97,1.043,13,0.96,1.0322,192,0.96,1.0322,2,0.965,1.0376,6,0
IWM190920P156,2019-09-17,2019-09-17 09:32:45,0.98,1.0537,29,0.96,1.0322,173,0.96,1.0322,2,0.97,1.043,6,0
IWM190920P156,2019-09-17,2019-09-17 09:32:46,0.97,1.043,13,0.96,1.0322,192,0.96,1.0322,2,0.965,1.0376,6,0
IWM190920P156,2019-09-17,2019-09-17 09:32:47,0.98,1.0537,29,0.96,1.0322,192,0.96,1.0322,2,0.97,1.043,6,0
IWM190920P156,2019-09-17,2019-09-17 09:32:48,0.99,1.0645,23,0.97,1.043,118,0.96,1.0322,2,0.98,1.0537,6,0
IWM190920P156,2019-09-17,2019-09-17 09:32:48,0.99,1.0645,23,0.97,1.043,98,0.96,1.0322,2,0.98,1.0537,6,0
IWM190920P156,2019-09-17,2019-09-17 09:32:49,0.99,1.0645,13,0.97,1.043,190,0.96,1.0322,2,0.98,1.0537,6,0
IWM190920P156,2019-09-17,2019-09-17 09:32:49,0.98,1.0537,13,0.97,1.043,219,0.96,1.0322,2,0.975,1.0483,6,0
IWM190920P156,2019-09-17,2019-09-17 09:32:50,0.99,1.0645,13,0.97,1.043,63,0.96,1.0322,2,0.98,1.0537,6,0
IWM190920P156,2019-09-17,2019-09-17 09:32:50,0.99,1.0645,13,0.97,1.043,190,0.96,1.0322,2,0.98,1.0537,6,0
IWM190920P156,2019-09-17,2019-09-17 09:32:51,0.99,1.0645,13,0.97,1.043,142,0.96,1.0322,2,0.98,1.0537,6,0
IWM190920P156,2019-09-17,2019-09-17 09:32:51,0.97,1.043,13,0.95,1.0215,11,0.96,1.0322,2,0.96,1.0322,6,0
IWM190920P156,2019-09-17,2019-09-17 09:32:52,1.01,1.086,13,0.98,1.0537,26,0.96,1.0322,2,0.995,1.0698,6,0
IWM190920P156,2019-09-17,2019-09-17 09:32:52,0.97,1.043,13,0.95,1.0215,109,0.96,1.0322,2,0.96,1.0322,6,0
IWM190920P156,2019-09-17,2019-09-17 09:32:53,1.0,1.0752,13,0.99,1.0645,5,0.96,1.0322,2,0.995,1.0698,6,0
IWM190920P156,2019-09-17,2019-09-17 09:32:53,1.01,1.086,110,0.98,1.0537,163,0.96,1.0322,2,0.995,1.0698,6,0
IWM190920P156,2019-09-17,2019-09-17 09:32:54,1.0,1.0752,13,0.98,1.0537,230,0.96,1.0322,2,0.99,1.0645,6,0
IWM190920P156,2019-09-17,2019-09-17 09:32:54,1.01,1.086,30,0.99,1.0645,21,0.96,1.0322,2,1.0,1.0752,6,0
IWM190920P156,2019-09-17,2019-09-17 09:32:55,1.0,1.0752,16,0.99,1.0645,24,0.96,1.0322,2,0.995,1.0698,6,0
IWM190920P156,2019-09-17,2019-09-17 09:32:55,1.0,1.0752,16,0.98,1.0537,18,0.96,1.0322,2,0.99,1.0645,6,0
IWM190920P156,2019-09-17,2019-09-17 09:32:56,1.0,1.0752,13,0.98,1.0537,34,0.96,1.0322,2,0.99,1.0645,6,0
IWM190920P156,2019-09-17,2019-09-17 09:32:56,1.02,1.0967,31,1.0,1.0752,14,0.96,1.0322,2,1.01,1.086,6,0
IWM190920P156,2019-09-17,2019-09-17 09:32:57,1.02,1.0967,48,1.0,1.0752,13,0.96,1.0322,2,1.01,1.086,6,0
IWM190920P156,2019-09-17,2019-09-17 09:32:57,1.02,1.0967,31,1.0,1.0752,13,0.96,1.0322,2,1.01,1.086,6,0
IWM190920P156,2019-09-17,2019-09-17 09:32:58,1.02,1.0967,27,1.0,1.0752,35,0.96,1.0322,2,1.01,1.086,6,0
IWM190920P156,2019-09-17,2019-09-17 09:32:58,1.02,1.0967,28,1.0,1.0752,16,0.96,1.0322,2,1.01,1.086,6,0
IWM190920P156,2019-09-17,2019-09-17 09:32:59,1.01,1.086,13,1.0,1.0752,18,0.96,1.0322,2,1.005,1.0806,6,0
IWM190920P156,2019-09-17,2019-09-17 09:33:00,1.01,1.086,13,1.0,1.0752,3,0.96,1.0322,2,1.005,1.0806,6,0
IWM190920P156,2019-09-17,2019-09-17 09:33:00,1.01,1.086,39,0.99,1.0645,75,0.96,1.0322,2,1.0,1.0752,6,0
IWM190920P156,2019-09-17,2019-09-17 09:33:01,1.02,1.0967,46,0.99,1.0645,232,0.96,1.0322,2,1.005,1.0806,6,0
IWM190920P156,2019-09-17,2019-09-17 09:33:01,1.02,1.0967,29,0.99,1.0645,424,0.96,1.0322,2,1.005,1.0806,6,0
IWM190920P156,2019-09-17,2019-09-17 09:33:02,1.02,1.0967,13,1.0,1.0752,49,0.96,1.0322,2,1.01,1.086,6,0
IWM190920P156,2019-09-17,2019-09-17 09:33:02,1.03,1.1075,13,0.99,1.0645,317,0.96,1.0322,2,1.01,1.086,6,0
IWM190920P156,2019-09-17,2019-09-17 09:33:03,1.03,1.1075,50,1.0,1.0752,163,0.96,1.0322,2,1.015,1.0913,6,0
IWM190920P156,2019-09-17,2019-09-17 09:33:03,1.03,1.1075,91,1.0,1.0752,99,0.96,1.0322,2,1.015,1.0913,6,0
IWM190920P156,2019-09-17,2019-09-17 09:33:04,1.04,1.1182,44,1.02,1.0967,62,0.96,1.0322,2,1.03,1.1075,6,0
IWM190920P156,2019-09-17,2019-09-17 09:33:04,1.04,1.1182,50,1.02,1.0967,16,0.96,1.0322,2,1.03,1.1075,6,0
IWM190920P156,2019-09-17,2019-09-17 09:33:05,1.04,1.1182,33,1.02,1.0967,68,0.96,1.0322,2,1.03,1.1075,6,0
IWM190920P156,2019-09-17,2019-09-17 09:33:05,1.04,1.1182,33,1.02,1.0967,26,0.96,1.0322,2,1.03,1.1075,6,0
IWM190920P156,2019-09-17,2019-09-17 09:33:06,1.05,1.129,86,1.02,1.0967,160,0.96,1.0322,2,1.035,1.1129,6,0
IWM190920P156,2019-09-17,2019-09-17 09:33:06,1.05,1.129,25,1.02,1.0967,135,0.96,1.0322,2,1.035,1.1129,6,0
IWM190920P156,2019-09-17,2019-09-17 09:33:07,1.05,1.129,13,1.03,1.1075,107,0.96,1.0322,2,1.04,1.1182,6,0
IWM190920P156,2019-09-17,2019-09-17 09:33:07,1.05,1.129,13,1.03,1.1075,175,0.96,1.0322,2,1.04,1.1182,6,0
IWM190920P156,2019-09-17,2019-09-17 09:33:08,1.05,1.129,61,1.03,1.1075,208,0.96,1.0322,2,1.04,1.1182,6,0
IWM190920P156,2019-09-17,2019-09-17 09:33:08,1.05,1.129,101,1.03,1.1075,208,0.96,1.0322,2,1.04,1.1182,6,0
IWM190920P156,2019-09-17,2019-09-17 09:33:09,1.05,1.129,105,1.03,1.1075,18,0.96,1.0322,2,1.04,1.1182,6,0
IWM190920P156,2019-09-17,2019-09-17 09:33:09,1.05,1.129,105,1.02,1.0967,72,0.96,1.0322,2,1.035,1.1129,6,0
IWM190920P156,2019-09-17,2019-09-17 09:33:10,1.03,1.1075,13,1.02,1.0967,22,0.96,1.0322,2,1.025,1.1021,6,0
IWM190920P156,2019-09-17,2019-09-17 09:33:10,1.03,1.1075,13,1.01,1.086,136,0.96,1.0322,2,1.02,1.0967,6,0
IWM190920P156,2019-09-17,2019-09-17 09:33:11,1.03,1.1075,13,1.02,1.0967,12,0.96,1.0322,2,1.025,1.1021,6,0
IWM190920P156,2019-09-17,2019-09-17 09:33:12,1.03,1.1075,13,1.02,1.0967,12,0.96,1.0322,2,1.025,1.1021,6,0
IWM190920P156,2019-09-17,2019-09-17 09:33:13,1.03,1.1075,39,1.01,1.086,60,0.96,1.0322,2,1.02,1.0967,6,0
IWM190920P156,2019-09-17,2019-09-17 09:33:13,1.02,1.0967,81,0.99,1.0645,83,0.96,1.0322,2,1.005,1.0806,6,0
IWM190920P156,2019-09-17,2019-09-17 09:33:14,1.01,1.086,13,1.0,1.0752,12,0.96,1.0322,2,1.005,1.0806,6,0
IWM190920P156,2019-09-17,2019-09-17 09:33:15,1.02,1.0967,83,1.0,1.0752,12,0.96,1.0322,2,1.01,1.086,6,0
IWM190920P156,2019-09-17,2019-09-17 09:33:15,1.02,1.0967,46,1.0,1.0752,12,0.96,1.0322,2,1.01,1.086,6,0
IWM190920P156,2019-09-17,2019-09-17 09:33:16,1.01,1.086,13,0.99,1.0645,142,0.96,1.0322,2,1.0,1.0752,6,0
IWM190920P156,2019-09-17,2019-09-17 09:33:17,1.02,1.0967,15,1.0,1.0752,49,0.96,1.0322,2,1.01,1.086,6,0
IWM190920P156,2019-09-17,2019-09-17 09:33:17,1.02,1.0967,19,1.01,1.086,12,0.96,1.0322,2,1.015,1.0913,6,0
IWM190920P156,2019-09-17,2019-09-17 09:33:18,1.01,1.086,15,0.99,1.0645,31,0.96,1.0322,2,1.0,1.0752,6,0
IWM190920P156,2019-09-17,2019-09-17 09:33:18,1.01,1.086,16,0.99,1.0645,47,0.96,1.0322,2,1.0,1.0752,6,0
IWM190920P156,2019-09-17,2019-09-17 09:33:19,1.01,1.086,8,1.0,1.0752,16,0.96,1.0322,2,1.005,1.0806,6,0
IWM190920P156,2019-09-17,2019-09-17 09:33:19,1.01,1.086,14,1.0,1.0752,16,0.96,1.0322,2,1.005,1.0806,6,0
IWM190920P156,2019-09-17,2019-09-17 09:33:20,1.01,1.086,32,0.98,1.0537,97,0.96,1.0322,2,0.995,1.0698,6,0
IWM190920P156,2019-09-17,2019-09-17 09:33:20,1.01,1.086,41,0.99,1.0645,46,0.96,1.0322,2,1.0,1.0752,6,0
IWM190920P156,2019-09-17,2019-09-17 09:33:21,1.01,1.086,68,0.99,1.0645,46,0.96,1.0322,2,1.0,1.0752,6,0
IWM190920P156,2019-09-17,2019-09-17 09:33:21,1.01,1.086,57,0.99,1.0645,46,0.96,1.0322,2,1.0,1.0752,6,0
IWM190920P156,2019-09-17,2019-09-17 09:33:22,1.01,1.086,86,0.99,1.0645,16,0.96,1.0322,2,1.0,1.0752,6,0
IWM190920P156,2019-09-17,2019-09-17 09:33:22,1.01,1.086,63,0.99,1.0645,16,0.96,1.0322,2,1.0,1.0752,6,0
IWM190920P156,2019-09-17,2019-09-17 09:33:23,1.01,1.086,29,0.98,1.0537,94,0.96,1.0322,2,0.995,1.0698,6,0
IWM190920P156,2019-09-17,2019-09-17 09:33:23,1.0,1.0752,33,0.99,1.0645,9,0.96,1.0322,2,0.995,1.0698,6,0
IWM190920P156,2019-09-17,2019-09-17 09:33:24,1.0,1.0752,33,0.99,1.0645,12,0.96,1.0322,2,0.995,1.0698,6,0
IWM190920P156,2019-09-17,2019-09-17 09:33:25,1.0,1.0752,41,0.99,1.0645,12,0.96,1.0322,2,0.995,1.0698,6,0
IWM190920P156,2019-09-17,2019-09-17 09:33:25,1.0,1.0752,33,0.99,1.0645,12,0.96,1.0322,2,0.995,1.0698,6,0
IWM190920P156,2019-09-17,2019-09-17 09:33:26,1.0,1.0752,41,0.98,1.0537,32,0.96,1.0322,2,0.99,1.0645,6,0
IWM190920P156,2019-09-17,2019-09-17 09:33:26,1.0,1.0752,32,0.98,1.0537,32,0.96,1.0322,2,0.99,1.0645,6,0
IWM190920P156,2019-09-17,2019-09-17 09:33:27,1.0,1.0752,46,0.98,1.0537,10,0.96,1.0322,2,0.99,1.0645,6,0
IWM190920P156,2019-09-17,2019-09-17 09:33:27,1.01,1.086,31,0.99,1.0645,22,0.96,1.0322,2,1.0,1.0752,6,0
IWM190920P156,2019-09-17,2019-09-17 09:33:28,1.01,1.086,16,0.99,1.0645,53,0.96,1.0322,2,1.0,1.0752,6,0
IWM190920P156,2019-09-17,2019-09-17 09:33:28,1.01,1.086,1,1.0,1.0752,19,0.96,1.0322,2,1.005,1.0806,6,0
IWM190920P156,2019-09-17,2019-09-17 09:33:29,1.01,1.086,1,1.0,1.0752,43,0.96,1.0322,2,1.005,1.0806,6,0
IWM190920P156,2019-09-17,2019-09-17 09:33:30,1.04,1.1182,15,1.02,1.0967,49,1.01,1.086,1,1.03,1.1075,7,0
IWM190920P156,2019-09-17,2019-09-17 09:33:30,1.04,1.1182,43,1.01,1.086,97,1.01,1.086,1,1.025,1.1021,7,1
IWM190920P156,2019-09-17,2019-09-17 09:33:31,1.05,1.129,34,1.03,1.1075,18,1.01,1.086,1,1.04,1.1182,7,0
IWM190920P156,2019-09-17,2019-09-17 09:33:31,1.05,1.129,106,1.02,1.0967,48,1.01,1.086,1,1.035,1.1129,7,0
IWM190920P156,2019-09-17,2019-09-17 09:33:32,1.05,1.129,21,1.02,1.0967,48,1.01,1.086,1,1.035,1.1129,7,0
IWM190920P156,2019-09-17,2019-09-17 09:33:32,1.06,1.1397,38,1.04,1.1182,24,1.01,1.086,1,1.05,1.129,7,0
IWM190920P156,2019-09-17,2019-09-17 09:33:33,1.06,1.1397,32,1.04,1.1182,35,1.01,1.086,1,1.05,1.129,7,0
IWM190920P156,2019-09-17,2019-09-17 09:33:33,1.05,1.129,30,1.03,1.1075,46,1.01,1.086,1,1.04,1.1182,7,0
IWM190920P156,2019-09-17,2019-09-17 09:33:34,1.06,1.1397,31,1.04,1.1182,22,1.01,1.086,1,1.05,1.129,7,0
IWM190920P156,2019-09-17,2019-09-17 09:33:34,1.06,1.1397,31,1.04,1.1182,19,1.01,1.086,1,1.05,1.129,7,0
IWM190920P156,2019-09-17,2019-09-17 09:33:35,1.06,1.1397,19,1.03,1.1075,13,1.01,1.086,1,1.045,1.1236,7,0
IWM190920P156,2019-09-17,2019-09-17 09:33:36,1.06,1.1397,30,1.03,1.1075,43,1.01,1.086,1,1.045,1.1236,7,0
IWM190920P156,2019-09-17,2019-09-17 09:33:36,1.06,1.1397,32,1.04,1.1182,1,1.01,1.086,1,1.05,1.129,7,0
IWM190920P156,2019-09-17,2019-09-17 09:33:37,1.05,1.129,13,1.03,1.1075,28,1.01,1.086,1,1.04,1.1182,7,0
IWM190920P156,2019-09-17,2019-09-17 09:33:37,1.04,1.1182,13,1.01,1.086,54,1.01,1.086,1,1.025,1.1021,7,0
IWM190920P156,2019-09-17,2019-09-17 09:33:38,1.05,1.129,21,1.03,1.1075,13,1.01,1.086,1,1.04,1.1182,7,0
IWM190920P156,2019-09-17,2019-09-17 09:33:38,1.05,1.129,21,1.03,1.1075,23,1.01,1.086,1,1.04,1.1182,7,0
IWM190920P156,2019-09-17,2019-09-17 09:33:39,1.05,1.129,29,1.03,1.1075,23,1.01,1.086,1,1.04,1.1182,7,0
IWM190920P156,2019-09-17,2019-09-17 09:33:40,1.05,1.129,27,1.03,1.1075,62,1.01,1.086,1,1.04,1.1182,7,0
IWM190920P156,2019-09-17,2019-09-17 09:33:40,1.06,1.1397,64,1.04,1.1182,11,1.01,1.086,1,1.05,1.129,7,0
IWM190920P156,2019-09-17,2019-09-17 09:33:41,1.06,1.1397,33,1.04,1.1182,11,1.01,1.086,1,1.05,1.129,7,0
IWM190920P156,2019-09-17,2019-09-17 09:33:41,1.06,1.1397,33,1.04,1.1182,30,1.01,1.086,1,1.05,1.129,7,0
IWM190920P156,2019-09-17,2019-09-17 09:33:42,1.06,1.1397,11,1.04,1.1182,30,1.01,1.086,1,1.05,1.129,7,0
IWM190920P156,2019-09-17,2019-09-17 09:33:42,1.06,1.1397,36,1.04,1.1182,53,1.01,1.086,1,1.05,1.129,7,0
IWM190920P156,2019-09-17,2019-09-17 09:33:43,1.06,1.1397,34,1.03,1.1075,133,1.01,1.086,1,1.045,1.1236,7,0
IWM190920P156,2019-09-17,2019-09-17 09:33:43,1.07,1.1505,37,1.05,1.129,20,1.01,1.086,1,1.06,1.1397,7,0
IWM190920P156,2019-09-17,2019-09-17 09:33:44,1.07,1.1505,45,1.06,1.1397,13,1.01,1.086,1,1.065,1.1451,7,0
IWM190920P156,2019-09-17,2019-09-17 09:33:44,1.07,1.1505,65,1.05,1.129,5,1.01,1.086,1,1.06,1.1397,7,0
IWM190920P156,2019-09-17,2019-09-17 09:33:45,1.07,1.1505,45,1.05,1.129,50,1.01,1.086,1,1.06,1.1397,7,0
IWM190920P156,2019-09-17,2019-09-17 09:33:45,1.07,1.1505,45,1.06,1.1397,13,1.01,1.086,1,1.065,1.1451,7,0
IWM190920P156,2019-09-17,2019-09-17 09:33:46,1.07,1.1505,31,1.05,1.129,24,1.01,1.086,1,1.06,1.1397,7,0
IWM190920P156,2019-09-17,2019-09-17 09:33:46,1.07,1.1505,40,1.05,1.129,50,1.01,1.086,1,1.06,1.1397,7,0
IWM190920P156,2019-09-17,2019-09-17 09:33:47,1.07,1.1505,31,1.05,1.129,31,1.01,1.086,1,1.06,1.1397,7,0
IWM190920P156,2019-09-17,2019-09-17 09:33:47,1.07,1.1505,31,1.04,1.1182,45,1.01,1.086,1,1.055,1.1344,7,0
IWM190920P156,2019-09-17,2019-09-17 09:33:48,1.06,1.1397,25,1.05,1.129,8,1.01,1.086,1,1.055,1.1344,7,0
IWM190920P156,2019-09-17,2019-09-17 09:33:48,1.05,1.129,29,1.03,1.1075,3,1.01,1.086,1,1.04,1.1182,7,0
IWM190920P156,2019-09-17,2019-09-17 09:33:49,1.06,1.1397,32,1.04,1.1182,15,1.01,1.086,1,1.05,1.129,7,0
IWM190920P156,2019-09-17,2019-09-17 09:33:49,1.06,1.1397,38,1.04,1.1182,9,1.01,1.086,1,1.05,1.129,7,0
IWM190920P156,2019-09-17,2019-09-17 09:33:50,1.05,1.129,25,1.03,1.1075,42,1.01,1.086,1,1.04,1.1182,7,0
IWM190920P156,2019-09-17,2019-09-17 09:33:51,1.06,1.1397,35,1.04,1.1182,19,1.01,1.086,1,1.05,1.129,7,0
IWM190920P156,2019-09-17,2019-09-17 09:33:51,1.05,1.129,14,1.04,1.1182,19,1.01,1.086,1,1.045,1.1236,7,0
IWM190920P156,2019-09-17,2019-09-17 09:33:52,1.06,1.1397,35,1.04,1.1182,6,1.01,1.086,1,1.05,1.129,7,0
IWM190920P156,2019-09-17,2019-09-17 09:33:53,1.06,1.1397,35,1.03,1.1075,22,1.01,1.086,1,1.045,1.1236,7,0
IWM190920P156,2019-09-17,2019-09-17 09:33:54,1.06,1.1397,49,1.03,1.1075,31,1.01,1.086,1,1.045,1.1236,7,0
IWM190920P156,2019-09-17,2019-09-17 09:33:54,1.05,1.129,36,1.03,1.1075,31,1.01,1.086,1,1.04,1.1182,7,0
IWM190920P156,2019-09-17,2019-09-17 09:33:55,1.05,1.129,46,1.03,1.1075,41,1.01,1.086,1,1.04,1.1182,7,0
IWM190920P156,2019-09-17,2019-09-17 09:33:56,1.05,1.129,42,1.02,1.0967,97,1.01,1.086,1,1.035,1.1129,7,0
IWM190920P156,2019-09-17,2019-09-17 09:33:56,1.04,1.1182,13,1.02,1.0967,37,1.01,1.086,1,1.03,1.1075,7,0
IWM190920P156,2019-09-17,2019-09-17 09:33:57,1.05,1.129,42,1.02,1.0967,51,1.01,1.086,1,1.035,1.1129,7,0
IWM190920P156,2019-09-17,2019-09-17 09:33:57,1.03,1.1075,13,1.02,1.0967,18,1.01,1.086,1,1.025,1.1021,7,0
IWM190920P156,2019-09-17,2019-09-17 09:33:58,1.03,1.1075,13,1.01,1.086,59,1.01,1.086,1,1.02,1.0967,7,0
IWM190920P156,2019-09-17,2019-09-17 09:33:58,1.03,1.1075,13,1.02,1.0967,8,1.01,1.086,1,1.025,1.1021,7,0
IWM190920P156,2019-09-17,2019-09-17 09:33:59,1.03,1.1075,13,1.01,1.086,88,1.01,1.086,1,1.02,1.0967,7,0
IWM190920P156,2019-09-17,2019-09-17 09:33:59,1.04,1.1182,39,1.02,1.0967,17,1.01,1.086,1,1.03,1.1075,7,0
IWM190920P156,2019-09-17,2019-09-17 09:34:00,1.04,1.1182,22,1.02,1.0967,50,1.01,1.086,1,1.03,1.1075,7,0
IWM190920P156,2019-09-17,2019-09-17 09:34:00,1.04,1.1182,39,1.02,1.0967,17,1.01,1.086,1,1.03,1.1075,7,0
IWM190920P156,2019-09-17,2019-09-17 09:34:01,1.04,1.1182,14,1.02,1.0967,22,1.01,1.086,1,1.03,1.1075,7,0
IWM190920P156,2019-09-17,2019-09-17 09:34:01,1.04,1.1182,1,1.03,1.1075,13,1.01,1.086,1,1.035,1.1129,7,0
IWM190920P156,2019-09-17,2019-09-17 09:34:02,1.03,1.1075,21,1.01,1.086,49,1.01,1.086,1,1.02,1.0967,7,0
IWM190920P156,2019-09-17,2019-09-17 09:34:02,1.03,1.1075,34,1.01,1.086,23,1.01,1.086,1,1.02,1.0967,7,0
IWM190920P156,2019-09-17,2019-09-17 09:34:03,1.02,1.0967,31,1.0,1.0752,47,1.01,1.086,1,1.01,1.086,7,0
IWM190920P156,2019-09-17,2019-09-17 09:34:03,1.03,1.1075,36,1.01,1.086,30,1.01,1.086,1,1.02,1.0967,7,0
IWM190920P156,2019-09-17,2019-09-17 09:34:04,1.02,1.0967,33,1.0,1.0752,27,1.01,1.086,1,1.01,1.086,7,0
IWM190920P156,2019-09-17,2019-09-17 09:34:04,1.02,1.0967,31,1.0,1.0752,47,1.01,1.086,1,1.01,1.086,7,0
IWM190920P156,2019-09-17,2019-09-17 09:34:05,1.01,1.086,13,1.0,1.0752,14,1.01,1.086,1,1.005,1.0806,7,0
IWM190920P156,2019-09-17,2019-09-17 09:34:06,1.0,1.0752,13,0.99,1.0645,14,1.01,1.086,1,0.995,1.0698,7,0
IWM190920P156,2019-09-17,2019-09-17 09:34:07,1.0,1.0752,13,0.99,1.0645,7,1.01,1.086,1,0.995,1.0698,7,0
IWM190920P156,2019-09-17,2019-09-17 09:34:07,1.01,1.086,21,0.99,1.0645,69,1.01,1.086,1,1.0,1.0752,7,0
IWM190920P156,2019-09-17,2019-09-17 09:34:08,1.0,1.0752,21,0.98,1.0537,61,1.01,1.086,1,0.99,1.0645,7,0
IWM190920P156,2019-09-17,2019-09-17 09:34:08,1.0,1.0752,21,0.98,1.0537,42,1.01,1.086,1,0.99,1.0645,7,0
IWM190920P156,2019-09-17,2019-09-17 09:34:09,1.0,1.0752,21,0.98,1.0537,76,1.01,1.086,1,0.99,1.0645,7,0
IWM190920P156,2019-09-17,2019-09-17 09:34:09,1.0,1.0752,14,0.98,1.0537,106,1.01,1.086,1,0.99,1.0645,7,0
IWM190920P156,2019-09-17,2019-09-17 09:34:10,1.0,1.0752,14,0.99,1.0645,14,1.01,1.086,1,0.995,1.0698,7,0
IWM190920P156,2019-09-17,2019-09-17 09:34:10,1.0,1.0752,1,0.99,1.0645,14,1.01,1.086,1,0.995,1.0698,7,0
IWM190920P156,2019-09-17,2019-09-17 09:34:11,1.0,1.0752,1,0.98,1.0537,104,1.01,1.086,1,0.99,1.0645,7,0
IWM190920P156,2019-09-17,2019-09-17 09:34:11,0.99,1.0645,13,0.98,1.0537,71,1.01,1.086,1,0.985,1.0591,7,0
IWM190920P156,2019-09-17,2019-09-17 09:34:12,0.99,1.0645,15,0.96,1.0322,104,1.01,1.086,1,0.975,1.0483,7,0
IWM190920P156,2019-09-17,2019-09-17 09:34:12,0.99,1.0645,17,0.97,1.043,1,1.01,1.086,1,0.98,1.0537,7,0
IWM190920P156,2019-09-17,2019-09-17 09:34:13,0.97,1.043,17,0.95,1.0215,47,1.01,1.086,1,0.96,1.0322,7,0
IWM190920P156,2019-09-17,2019-09-17 09:34:13,0.99,1.0645,17,0.96,1.0322,45,1.01,1.086,1,0.975,1.0483,7,0
IWM190920P156,2019-09-17,2019-09-17 09:34:14,0.96,1.0322,17,0.95,1.0215,47,1.01,1.086,1,0.955,1.0268,7,0
IWM190920P156,2019-09-17,2019-09-17 09:34:14,0.96,1.0322,13,0.95,1.0215,47,1.01,1.086,1,0.955,1.0268,7,0
IWM190920P156,2019-09-17,2019-09-17 09:34:15,0.96,1.0322,17,0.94,1.0107,73,1.01,1.086,1,0.95,1.0215,7,0
IWM190920P156,2019-09-17,2019-09-17 09:34:15,0.95,1.0215,13,0.94,1.0107,28,1.01,1.086,1,0.945,1.0161,7,0
IWM190920P156,2019-09-17,2019-09-17 09:34:16,0.95,1.0215,13,0.93,1.0,151,1.01,1.086,1,0.94,1.0107,7,0
IWM190920P156,2019-09-17,2019-09-17 09:34:16,0.95,1.0215,13,0.93,1.0,217,1.01,1.086,1,0.94,1.0107,7,0
IWM190920P156,2019-09-17,2019-09-17 09:34:17,0.95,1.0215,38,0.92,0.9892,119,1.01,1.086,1,0.935,1.0053,7,0
IWM190920P156,2019-09-17,2019-09-17 09:34:17,0.95,1.0215,20,0.93,1.0,202,1.01,1.086,1,0.94,1.0107,7,0
IWM190920P156,2019-09-17,2019-09-17 09:34:18,0.95,1.0215,37,0.93,1.0,100,1.01,1.086,1,0.94,1.0107,7,0
IWM190920P156,2019-09-17,2019-09-17 09:34:18,0.95,1.0215,23,0.93,1.0,100,1.01,1.086,1,0.94,1.0107,7,0
IWM190920P156,2019-09-17,2019-09-17 09:34:19,0.95,1.0215,37,0.93,1.0,5,1.01,1.086,1,0.94,1.0107,7,0
IWM190920P156,2019-09-17,2019-09-17 09:34:19,0.95,1.0215,37,0.93,1.0,66,1.01,1.086,1,0.94,1.0107,7,0
IWM190920P156,2019-09-17,2019-09-17 09:34:20,0.95,1.0215,37,0.93,1.0,98,1.01,1.086,1,0.94,1.0107,7,0
IWM190920P156,2019-09-17,2019-09-17 09:34:21,0.95,1.0215,37,0.93,1.0,98,1.01,1.086,1,0.94,1.0107,7,0
IWM190920P156,2019-09-17,2019-09-17 09:34:21,0.94,1.0107,20,0.92,0.9892,70,1.01,1.086,1,0.93,1.0,7,0
IWM190920P156,2019-09-17,2019-09-17 09:34:22,0.96,1.0322,28,0.93,1.0,114,1.01,1.086,1,0.945,1.0161,7,0
IWM190920P156,2019-09-17,2019-09-17 09:34:22,0.95,1.0215,20,0.93,1.0,161,1.01,1.086,1,0.94,1.0107,7,0
IWM190920P156,2019-09-17,2019-09-17 09:34:23,0.94,1.0107,21,0.92,0.9892,133,1.01,1.086,1,0.93,1.0,7,0
IWM190920P156,2019-09-17,2019-09-17 09:34:23,0.94,1.0107,21,0.92,0.9892,221,1.01,1.086,1,0.93,1.0,7,0
IWM190920P156,2019-09-17,2019-09-17 09:34:24,0.94,1.0107,21,0.92,0.9892,221,1.01,1.086,1,0.93,1.0,7,0
IWM190920P156,2019-09-17,2019-09-17 09:34:25,0.94,1.0107,21,0.92,0.9892,221,1.01,1.086,1,0.93,1.0,7,0
IWM190920P156,2019-09-17,2019-09-17 09:34:25,0.95,1.0215,36,0.93,1.0,38,1.01,1.086,1,0.94,1.0107,7,0
IWM190920P156,2019-09-17,2019-09-17 09:34:26,0.94,1.0107,29,0.92,0.9892,55,1.01,1.086,1,0.93,1.0,7,0
IWM190920P156,2019-09-17,2019-09-17 09:34:26,0.95,1.0215,28,0.92,0.9892,105,1.01,1.086,1,0.935,1.0053,7,0
IWM190920P156,2019-09-17,2019-09-17 09:34:27,0.94,1.0107,37,0.91,0.9784,128,1.01,1.086,1,0.925,0.9946,7,0
IWM190920P156,2019-09-17,2019-09-17 09:34:28,0.94,1.0107,24,0.92,0.9892,32,1.01,1.086,1,0.93,1.0,7,0
IWM190920P156,2019-09-17,2019-09-17 09:34:29,0.94,1.0107,13,0.92,0.9892,161,1.01,1.086,1,0.93,1.0,7,0
IWM190920P156,2019-09-17,2019-09-17 09:34:30,0.94,1.0107,32,0.93,1.0,52,1.01,1.086,1,0.935,1.0053,7,0
IWM190920P156,2019-09-17,2019-09-17 09:34:30,0.94,1.0107,26,0.93,1.0,52,1.01,1.086,1,0.935,1.0053,7,0
IWM190920P156,2019-09-17,2019-09-17 09:34:31,0.95,1.0215,36,0.92,0.9892,133,1.01,1.086,1,0.935,1.0053,7,0
IWM190920P156,2019-09-17,2019-09-17 09:34:31,0.95,1.0215,36,0.92,0.9892,161,1.01,1.086,1,0.935,1.0053,7,0
IWM190920P156,2019-09-17,2019-09-17 09:34:32,0.96,1.0322,124,0.93,1.0,92,1.01,1.086,1,0.945,1.0161,7,0
IWM190920P156,2019-09-17,2019-09-17 09:34:33,0.97,1.043,29,0.94,1.0107,174,1.01,1.086,1,0.955,1.0268,7,0
IWM190920P156,2019-09-17,2019-09-17 09:34:33,0.96,1.0322,33,0.94,1.0107,63,1.01,1.086,1,0.95,1.0215,7,0
IWM190920P156,2019-09-17,2019-09-17 09:34:34,0.97,1.043,18,0.95,1.0215,63,0.95,1.0215,1,0.96,1.0322,8,1
IWM190920P156,2019-09-17,2019-09-17 09:34:34,0.97,1.043,18,0.95,1.0215,95,0.95,1.0215,1,0.96,1.0322,8,0
IWM190920P156,2019-09-17,2019-09-17 09:34:35,0.98,1.0537,29,0.96,1.0322,63,0.95,1.0215,1,0.97,1.043,8,0
IWM190920P156,2019-09-17,2019-09-17 09:34:35,0.98,1.0537,29,0.96,1.0322,66,0.95,1.0215,1,0.97,1.043,8,0
IWM190920P156,2019-09-17,2019-09-17 09:34:36,0.98,1.0537,29,0.96,1.0322,66,0.95,1.0215,1,0.97,1.043,8,0
IWM190920P156,2019-09-17,2019-09-17 09:34:37,0.99,1.0645,31,0.97,1.043,49,0.95,1.0215,1,0.98,1.0537,8,0
IWM190920P156,2019-09-17,2019-09-17 09:34:38,0.98,1.0537,13,0.97,1.043,49,0.95,1.0215,1,0.975,1.0483,8,0
IWM190920P156,2019-09-17,2019-09-17 09:34:38,0.97,1.043,16,0.95,1.0215,16,0.95,1.0215,1,0.96,1.0322,8,0
IWM190920P156,2019-09-17,2019-09-17 09:34:39,0.97,1.043,26,0.95,1.0215,31,0.95,1.0215,1,0.96,1.0322,8,0
IWM190920P156,2019-09-17,2019-09-17 09:34:40,0.97,1.043,34,0.95,1.0215,30,0.95,1.0215,1,0.96,1.0322,8,0
IWM190920P156,2019-09-17,2019-09-17 09:34:40,0.97,1.043,17,0.95,1.0215,31,0.95,1.0215,1,0.96,1.0322,8,0
IWM190920P156,2019-09-17,2019-09-17 09:34:41,0.96,1.0322,34,0.94,1.0107,28,0.95,1.0215,1,0.95,1.0215,8,0
IWM190920P156,2019-09-17,2019-09-17 09:34:41,0.96,1.0322,44,0.93,1.0,12,0.95,1.0215,1,0.945,1.0161,8,0
IWM190920P156,2019-09-17,2019-09-17 09:34:42,0.96,1.0322,44,0.93,1.0,5,0.95,1.0215,1,0.945,1.0161,8,0
IWM190920P156,2019-09-17,2019-09-17 09:34:42,0.96,1.0322,25,0.93,1.0,50,0.95,1.0215,1,0.945,1.0161,8,0
IWM190920P156,2019-09-17,2019-09-17 09:34:43,0.95,1.0215,51,0.92,0.9892,175,0.95,1.0215,1,0.935,1.0053,8,0
IWM190920P156,2019-09-17,2019-09-17 09:34:43,0.94,1.0107,13,0.92,0.9892,175,0.95,1.0215,1,0.93,1.0,8,0
IWM190920P156,2019-09-17,2019-09-17 09:34:44,0.94,1.0107,28,0.92,0.9892,66,0.95,1.0215,1,0.93,1.0,8,0
IWM190920P156,2019-09-17,2019-09-17 09:34:45,0.94,1.0107,28,0.92,0.9892,66,0.95,1.0215,1,0.93,1.0,8,0
IWM190920P156,2019-09-17,2019-09-17 09:34:45,0.93,1.0,13,0.92,0.9892,12,0.95,1.0215,1,0.925,0.9946,8,0
IWM190920P156,2019-09-17,2019-09-17 09:34:46,0.93,1.0,13,0.92,0.9892,12,0.95,1.0215,1,0.925,0.9946,8,0
IWM190920P156,2019-09-17,2019-09-17 09:34:47,0.93,1.0,13,0.92,0.9892,12,0.95,1.0215,1,0.925,0.9946,8,0
IWM190920P156,2019-09-17,2019-09-17 09:34:47,0.94,1.0107,50,0.92,0.9892,12,0.95,1.0215,1,0.93,1.0,8,0
IWM190920P156,2019-09-17,2019-09-17 09:34:48,0.94,1.0107,29,0.92,0.9892,12,0.95,1.0215,1,0.93,1.0,8,0
IWM190920P156,2019-09-17,2019-09-17 09:34:48,0.94,1.0107,29,0.92,0.9892,42,0.95,1.0215,1,0.93,1.0,8,0
IWM190920P156,2019-09-17,2019-09-17 09:34:49,0.94,1.0107,13,0.92,0.9892,42,0.95,1.0215,1,0.93,1.0,8,0
IWM190920P156,2019-09-17,2019-09-17 09:34:49,0.93,1.0,13,0.93,1.0,8,0.93,1.0,1,0.93,1.0,10,2
IWM190920P156,2019-09-17,2019-09-17 09:34:50,0.93,1.0,13,0.92,0.9892,25,0.93,1.0,1,0.925,0.9946,10,0
IWM190920P156,2019-09-17,2019-09-17 09:34:51,0.94,1.0107,32,0.92,0.9892,25,0.93,1.0,1,0.93,1.0,10,0
IWM190920P156,2019-09-17,2019-09-17 09:34:52,0.94,1.0107,27,0.92,0.9892,11,0.93,1.0,1,0.93,1.0,10,0
IWM190920P156,2019-09-17,2019-09-17 09:34:52,0.94,1.0107,32,0.92,0.9892,25,0.93,1.0,1,0.93,1.0,10,0
IWM190920P156,2019-09-17,2019-09-17 09:34:53,0.94,1.0107,168,0.87,0.9354,30,0.93,1.0,1,0.905,0.9731,10,0
IWM190920P156,2019-09-17,2019-09-17 09:34:53,0.91,0.9784,13,0.88,0.9462,89,0.93,1.0,1,0.895,0.9623,10,0
IWM190920P156,2019-09-17,2019-09-17 09:34:54,0.93,1.0,40,0.91,0.9784,4,0.93,1.0,1,0.92,0.9892,10,0
IWM190920P156,2019-09-17,2019-09-17 09:34:54,0.93,1.0,13,0.9,0.9677,47,0.93,1.0,1,0.915,0.9838,10,0
IWM190920P156,2019-09-17,2019-09-17 09:34:55,0.93,1.0,25,0.91,0.9784,35,0.93,1.0,1,0.92,0.9892,10,0
IWM190920P156,2019-09-17,2019-09-17 09:34:55,0.93,1.0,25,0.92,0.9892,14,0.93,1.0,1,0.925,0.9946,10,0
IWM190920P156,2019-09-17,2019-09-17 09:34:56,0.93,1.0,60,0.92,0.9892,14,0.93,1.0,1,0.925,0.9946,10,0
IWM190920P156,2019-09-17,2019-09-17 09:34:56,0.94,1.0107,100,0.92,0.9892,34,0.93,1.0,1,0.93,1.0,10,0
IWM190920P156,2019-09-17,2019-09-17 09:34:57,0.93,1.0,89,0.92,0.9892,28,0.93,1.0,1,0.925,0.9946,10,0
IWM190920P156,2019-09-17,2019-09-17 09:34:57,0.93,1.0,21,0.91,0.9784,120,0.93,1.0,1,0.92,0.9892,10,0
IWM190920P156,2019-09-17,2019-09-17 09:34:58,0.93,1.0,28,0.91,0.9784,98,0.93,1.0,1,0.92,0.9892,10,0
IWM190920P156,2019-09-17,2019-09-17 09:34:58,0.93,1.0,28,0.92,0.9892,18,0.93,1.0,1,0.925,0.9946,10,0
IWM190920P156,2019-09-17,2019-09-17 09:34:59,0.94,1.0107,25,0.92,0.9892,64,0.93,1.0,1,0.93,1.0,10,0
IWM190920P156,2019-09-17,2019-09-17 09:34:59,0.94,1.0107,25,0.92,0.9892,95,0.93,1.0,1,0.93,1.0,10,0
IWM190920P156,2019-09-17,2019-09-17 09:35:00,0.94,1.0107,44,0.92,0.9892,109,0.93,1.0,1,0.93,1.0,10,0
IWM190920P156,2019-09-17,2019-09-17 09:35:00,0.94,1.0107,33,0.92,0.9892,92,0.93,1.0,1,0.93,1.0,10,0
IWM190920P156,2019-09-17,2019-09-17 09:35:01,0.94,1.0107,13,0.93,1.0,13,0.93,1.0,1,0.935,1.0053,10,0
IWM190920P156,2019-09-17,2019-09-17 09:35:01,0.95,1.0215,27,0.92,0.9892,109,0.93,1.0,1,0.935,1.0053,10,0
IWM190920P156,2019-09-17,2019-09-17 09:35:02,0.92,0.9892,13,0.91,0.9784,45,0.93,1.0,1,0.915,0.9838,10,0
IWM190920P156,2019-09-17,2019-09-17 09:35:03,0.91,0.9784,13,0.9,0.9677,5,0.93,1.0,1,0.905,0.9731,10,0
IWM190920P156,2019-09-17,2019-09-17 09:35:03,0.91,0.9784,65,0.89,0.9569,21,0.93,1.0,1,0.9,0.9677,10,0
IWM190920P156,2019-09-17,2019-09-17 09:35:04,0.91,0.9784,34,0.9,0.9677,5,0.93,1.0,1,0.905,0.9731,10,0
IWM190920P156,2019-09-17,2019-09-17 09:35:04,0.91,0.9784,10,0.88,0.9462,82,0.93,1.0,1,0.895,0.9623,10,0
IWM190920P156,2019-09-17,2019-09-17 09:35:05,0.91,0.9784,13,0.88,0.9462,18,0.93,1.0,1,0.895,0.9623,10,0
IWM190920P156,2019-09-17,2019-09-17 09:35:05,0.9,0.9677,25,0.88,0.9462,14,0.93,1.0,1,0.89,0.9569,10,0
IWM190920P156,2019-09-17,2019-09-17 09:35:06,0.9,0.9677,38,0.88,0.9462,41,0.93,1.0,1,0.89,0.9569,10,0
IWM190920P156,2019-09-17,2019-09-17 09:35:06,0.9,0.9677,17,0.88,0.9462,14,0.93,1.0,1,0.89,0.9569,10,0
IWM190920P156,2019-09-17,2019-09-17 09:35:07,0.92,0.9892,13,0.9,0.9677,29,0.93,1.0,1,0.91,0.9784,10,0
IWM190920P156,2019-09-17,2019-09-17 09:35:07,0.92,0.9892,70,0.9,0.9677,46,0.93,1.0,1,0.91,0.9784,10,0
IWM190920P156,2019-09-17,2019-09-17 09:35:08,0.92,0.9892,71,0.9,0.9677,48,0.93,1.0,1,0.91,0.9784,10,0
IWM190920P156,2019-09-17,2019-09-17 09:35:08,0.92,0.9892,23,0.9,0.9677,92,0.93,1.0,1,0.91,0.9784,10,0
IWM190920P156,2019-09-17,2019-09-17 09:35:09,0.92,0.9892,43,0.9,0.9677,58,0.93,1.0,1,0.91,0.9784,10,0
IWM190920P156,2019-09-17,2019-09-17 09:35:10,0.93,1.0,42,0.92,0.9892,7,0.93,1.0,1,0.925,0.9946,10,0
IWM190920P156,2019-09-17,2019-09-17 09:35:10,0.93,1.0,101,0.91,0.9784,14,0.93,1.0,1,0.92,0.9892,10,0
IWM190920P156,2019-09-17,2019-09-17 09:35:11,0.93,1.0,73,0.9,0.9677,192,0.93,1.0,1,0.915,0.9838,10,0
IWM190920P156,2019-09-17,2019-09-17 09:35:11,0.93,1.0,112,0.9,0.9677,49,0.93,1.0,1,0.915,0.9838,10,0
IWM190920P156,2019-09-17,2019-09-17 09:35:12,0.93,1.0,73,0.91,0.9784,11,0.93,1.0,1,0.92,0.9892,10,0
IWM190920P156,2019-09-17,2019-09-17 09:35:12,0.93,1.0,73,0.91,0.9784,30,0.93,1.0,1,0.92,0.9892,10,0
IWM190920P156,2019-09-17,2019-09-17 09:35:13,0.93,1.0,20,0.91,0.9784,100,0.93,1.0,1,0.92,0.9892,10,0
IWM190920P156,2019-09-17,2019-09-17 09:35:13,0.94,1.0107,83,0.92,0.9892,38,0.93,1.0,1,0.93,1.0,10,0
IWM190920P156,2019-09-17,2019-09-17 09:35:14,0.93,1.0,52,0.91,0.9784,22,0.93,1.0,1,0.92,0.9892,10,0
IWM190920P156,2019-09-17,2019-09-17 09:35:14,0.94,1.0107,83,0.92,0.9892,38,0.93,1.0,1,0.93,1.0,10,0
IWM190920P156,2019-09-17,2019-09-17 09:35:15,0.93,1.0,12,0.92,0.9892,12,0.93,1.0,1,0.925,0.9946,10,0
IWM190920P156,2019-09-17,2019-09-17 09:35:16,0.94,1.0107,26,0.92,0.9892,38,0.93,1.0,1,0.93,1.0,10,0
IWM190920P156,2019-09-17,2019-09-17 09:35:16,0.95,1.0215,76,0.93,1.0,32,0.93,1.0,1,0.94,1.0107,10,0
IWM190920P156,2019-09-17,2019-09-17 09:35:17,0.98,1.0537,28,0.94,1.0107,151,0.93,1.0,1,0.96,1.0322,10,0
IWM190920P156,2019-09-17,2019-09-17 09:35:17,0.95,1.0215,12,0.93,1.0,47,0.93,1.0,1,0.94,1.0107,10,0
IWM190920P156,2019-09-17,2019-09-17 09:35:18,0.98,1.0537,100,0.95,1.0215,42,0.93,1.0,1,0.965,1.0376,10,0
IWM190920P156,2019-09-17,2019-09-17 09:35:18,0.97,1.043,29,0.95,1.0215,42,0.93,1.0,1,0.96,1.0322,10,0
IWM190920P156,2019-09-17,2019-09-17 09:35:19,0.98,1.0537,41,0.95,1.0215,246,0.93,1.0,1,0.965,1.0376,10,0
IWM190920P156,2019-09-17,2019-09-17 09:35:19,0.98,1.0537,32,0.95,1.0215,95,0.93,1.0,1,0.965,1.0376,10,0
IWM190920P156,2019-09-17,2019-09-17 09:35:20,0.98,1.0537,19,0.96,1.0322,38,0.93,1.0,1,0.97,1.043,10,0
IWM190920P156,2019-09-17,2019-09-17 09:35:20,0.99,1.0645,102,0.92,0.9892,168,0.93,1.0,1,0.955,1.0268,10,0
IWM190920P156,2019-09-17,2019-09-17 09:35:21,0.97,1.043,22,0.94,1.0107,49,0.93,1.0,1,0.955,1.0268,10,0
IWM190920P156,2019-09-17,2019-09-17 09:35:21,0.97,1.043,66,0.94,1.0107,98,0.93,1.0,1,0.955,1.0268,10,0
IWM190920P156,2019-09-17,2019-09-17 09:35:22,0.97,1.043,34,0.95,1.0215,20,0.93,1.0,1,0.96,1.0322,10,0
IWM190920P156,2019-09-17,2019-09-17 09:35:22,0.96,1.0322,65,0.94,1.0107,13,0.93,1.0,1,0.95,1.0215,10,0
IWM190920P156,2019-09-17,2019-09-17 09:35:23,0.98,1.0537,28,0.96,1.0322,29,0.93,1.0,1,0.97,1.043,10,0
IWM190920P156,2019-09-17,2019-09-17 09:35:23,0.97,1.043,31,0.95,1.0215,61,0.93,1.0,1,0.96,1.0322,10,0
IWM190920P156,2019-09-17,2019-09-17 09:35:24,0.97,1.043,13,0.96,1.0322,15,0.93,1.0,1,0.965,1.0376,10,0
IWM190920P156,2019-09-17,2019-09-17 09:35:25,0.98,1.0537,17,0.95,1.0215,101,0.93,1.0,1,0.965,1.0376,10,0
IWM190920P156,2019-09-17,2019-09-17 09:35:25,0.99,1.0645,22,0.97,1.043,5,0.93,1.0,1,0.98,1.0537,10,0
IWM190920P156,2019-09-17,2019-09-17 09:35:26,0.99,1.0645,35,0.97,1.043,56,0.93,1.0,1,0.98,1.0537,10,0
IWM190920P156,2019-09-17,2019-09-17 09:35:26,0.99,1.0645,20,0.97,1.043,18,0.93,1.0,1,0.98,1.0537,10,0
IWM190920P156,2019-09-17,2019-09-17 09:35:27,0.99,1.0645,35,0.96,1.0322,77,0.93,1.0,1,0.975,1.0483,10,0
IWM190920P156,2019-09-17,2019-09-17 09:35:27,0.98,1.0537,28,0.96,1.0322,47,0.93,1.0,1,0.97,1.043,10,0
IWM190920P156,2019-09-17,2019-09-17 09:35:28,0.98,1.0537,24,0.97,1.043,7,0.93,1.0,1,0.975,1.0483,10,0
IWM190920P156,2019-09-17,2019-09-17 09:35:28,0.98,1.0537,13,0.96,1.0322,71,0.93,1.0,1,0.97,1.043,10,0
IWM190920P156,2019-09-17,2019-09-17 09:35:29,0.98,1.0537,16,0.97,1.043,7,0.93,1.0,1,0.975,1.0483,10,0
IWM190920P156,2019-09-17,2019-09-17 09:35:29,0.98,1.0537,43,0.96,1.0322,77,0.98,1.0537,8,0.97,1.043,18,8
IWM190920P156,2019-09-17,2019-09-17 09:35:30,0.98,1.0537,16,0.97,1.043,8,0.98,1.0537,8,0.975,1.0483,18,0
IWM190920P156,2019-09-17,2019-09-17 09:35:30,0.98,1.0537,13,0.96,1.0322,24,0.98,1.0537,8,0.97,1.043,18,0
IWM190920P156,2019-09-17,2019-09-17 09:35:31,0.98,1.0537,16,0.97,1.043,24,0.98,1.0537,8,0.975,1.0483,18,0
IWM190920P156,2019-09-17,2019-09-17 09:35:31,0.99,1.0645,42,0.97,1.043,8,0.98,1.0537,8,0.98,1.0537,18,0
IWM190920P156,2019-09-17,2019-09-17 09:35:32,0.99,1.0645,67,0.97,1.043,21,0.98,1.0537,8,0.98,1.0537,18,0
IWM190920P156,2019-09-17,2019-09-17 09:35:32,0.99,1.0645,42,0.97,1.043,21,0.98,1.0537,8,0.98,1.0537,18,0
IWM190920P156,2019-09-17,2019-09-17 09:35:33,0.99,1.0645,87,0.97,1.043,21,0.98,1.0537,8,0.98,1.0537,18,0
IWM190920P156,2019-09-17,2019-09-17 09:35:33,0.99,1.0645,97,0.97,1.043,8,0.98,1.0537,8,0.98,1.0537,18,0
IWM190920P156,2019-09-17,2019-09-17 09:35:34,0.99,1.0645,77,0.97,1.043,21,0.98,1.0537,8,0.98,1.0537,18,0
IWM190920P156,2019-09-17,2019-09-17 09:35:34,0.99,1.0645,45,0.97,1.043,8,0.98,1.0537,8,0.98,1.0537,18,0
IWM190920P156,2019-09-17,2019-09-17 09:35:35,0.98,1.0537,13,0.96,1.0322,48,0.98,1.0537,8,0.97,1.043,18,0
IWM190920P156,2019-09-17,2019-09-17 09:35:35,0.98,1.0537,38,0.97,1.043,8,0.98,1.0537,8,0.975,1.0483,18,0
IWM190920P156,2019-09-17,2019-09-17 09:35:36,0.97,1.043,13,0.96,1.0322,16,0.98,1.0537,8,0.965,1.0376,18,0
IWM190920P156,2019-09-17,2019-09-17 09:35:36,0.98,1.0537,37,0.96,1.0322,29,0.98,1.0537,8,0.97,1.043,18,0
IWM190920P156,2019-09-17,2019-09-17 09:35:37,0.97,1.043,13,0.96,1.0322,16,0.98,1.0537,8,0.965,1.0376,18,0
IWM190920P156,2019-09-17,2019-09-17 09:35:38,0.98,1.0537,25,0.96,1.0322,29,0.98,1.0537,8,0.97,1.043,18,0
IWM190920P156,2019-09-17,2019-09-17 09:35:38,0.97,1.043,13,0.96,1.0322,16,0.98,1.0537,8,0.965,1.0376,18,0
IWM190920P156,2019-09-17,2019-09-17 09:35:39,0.99,1.0645,40,0.96,1.0322,70,0.98,1.0537,8,0.975,1.0483,18,0
IWM190920P156,2019-09-17,2019-09-17 09:35:39,0.99,1.0645,48,0.96,1.0322,29,0.98,1.0537,8,0.975,1.0483,18,0
IWM190920P156,2019-09-17,2019-09-17 09:35:40,0.99,1.0645,29,0.97,1.043,40,0.98,1.0537,8,0.98,1.0537,18,0
IWM190920P156,2019-09-17,2019-09-17 09:35:40,1.0,1.0752,33,0.97,1.043,88,0.98,1.0537,8,0.985,1.0591,18,0
IWM190920P156,2019-09-17,2019-09-17 09:35:41,0.99,1.0645,24,0.97,1.043,54,0.98,1.0537,8,0.98,1.0537,18,0
IWM190920P156,2019-09-17,2019-09-17 09:35:41,1.0,1.0752,45,0.98,1.0537,35,0.98,1.0537,8,0.99,1.0645,18,0
IWM190920P156,2019-09-17,2019-09-17 09:35:42,1.0,1.0752,18,0.99,1.0645,10,0.98,1.0537,8,0.995,1.0698,18,0
IWM190920P156,2019-09-17,2019-09-17 09:35:42,1.0,1.0752,41,0.98,1.0537,35,0.98,1.0537,8,0.99,1.0645,18,0
IWM190920P156,2019-09-17,2019-09-17 09:35:43,1.01,1.086,43,0.99,1.0645,38,0.98,1.0537,8,1.0,1.0752,18,0
IWM190920P156,2019-09-17,2019-09-17 09:35:43,1.0,1.0752,19,0.99,1.0645,23,0.98,1.0537,8,0.995,1.0698,18,0
IWM190920P156,2019-09-17,2019-09-17 09:35:44,0.98,1.0537,41,0.96,1.0322,16,0.98,1.0537,8,0.97,1.043,18,0
IWM190920P156,2019-09-17,2019-09-17 09:35:44,0.99,1.0645,13,0.97,1.043,35,0.98,1.0537,8,0.98,1.0537,18,0
IWM190920P156,2019-09-17,2019-09-17 09:35:45,0.97,1.043,35,0.96,1.0322,16,0.98,1.0537,8,0.965,1.0376,18,0
IWM190920P156,2019-09-17,2019-09-17 09:35:45,0.98,1.0537,41,0.96,1.0322,16,0.98,1.0537,8,0.97,1.043,18,0
IWM190920P156,2019-09-17,2019-09-17 09:35:46,0.98,1.0537,45,0.96,1.0322,16,0.98,1.0537,8,0.97,1.043,18,0
IWM190920P156,2019-09-17,2019-09-17 09:35:46,0.98,1.0537,32,0.96,1.0322,16,0.98,1.0537,8,0.97,1.043,18,0
IWM190920P156,2019-09-17,2019-09-17 09:35:47,0.97,1.043,28,0.95,1.0215,52,0.98,1.0537,8,0.96,1.0322,18,0
IWM190920P156,2019-09-17,2019-09-17 09:35:47,0.97,1.043,28,0.95,1.0215,35,0.98,1.0537,8,0.96,1.0322,18,0
IWM190920P156,2019-09-17,2019-09-17 09:35:48,0.97,1.043,13,0.95,1.0215,63,0.98,1.0537,8,0.96,1.0322,18,0
IWM190920P156,2019-09-17,2019-09-17 09:35:48,0.97,1.043,28,0.95,1.0215,22,0.98,1.0537,8,0.96,1.0322,18,0
IWM190920P156,2019-09-17,2019-09-17 09:35:49,0.97,1.043,13,0.95,1.0215,91,0.98,1.0537,8,0.96,1.0322,18,0
IWM190920P156,2019-09-17,2019-09-17 09:35:50,0.97,1.043,30,0.95,1.0215,22,0.98,1.0537,8,0.96,1.0322,18,0
IWM190920P156,2019-09-17,2019-09-17 09:35:50,0.97,1.043,13,0.96,1.0322,15,0.98,1.0537,8,0.965,1.0376,18,0
IWM190920P156,2019-09-17,2019-09-17 09:35:51,0.97,1.043,25,0.95,1.0215,52,0.98,1.0537,8,0.96,1.0322,18,0
IWM190920P156,2019-09-17,2019-09-17 09:35:51,0.98,1.0537,43,0.95,1.0215,155,0.98,1.0537,8,0.965,1.0376,18,0
IWM190920P156,2019-09-17,2019-09-17 09:35:52,0.98,1.0537,32,0.96,1.0322,36,0.98,1.0537,8,0.97,1.043,18,0
IWM190920P156,2019-09-17,2019-09-17 09:35:52,0.98,1.0537,32,0.97,1.043,12,0.98,1.0537,8,0.975,1.0483,18,0
IWM190920P156,2019-09-17,2019-09-17 09:35:53,0.98,1.0537,24,0.96,1.0322,52,0.98,1.0537,8,0.97,1.043,18,0
IWM190920P156,2019-09-17,2019-09-17 09:35:53,0.98,1.0537,24,0.97,1.043,15,0.98,1.0537,8,0.975,1.0483,18,0
IWM190920P156,2019-09-17,2019-09-17 09:35:54,0.98,1.0537,24,0.96,1.0322,55,0.98,1.0537,8,0.97,1.043,18,0
IWM190920P156,2019-09-17,2019-09-17 09:35:54,0.99,1.0645,46,0.96,1.0322,96,0.98,1.0537,8,0.975,1.0483,18,0
IWM190920P156,2019-09-17,2019-09-17 09:35:55,0.99,1.0645,37,0.97,1.043,12,0.98,1.0537,8,0.98,1.0537,18,0
IWM190920P156,2019-09-17,2019-09-17 09:35:56,0.98,1.0537,25,0.97,1.043,12,0.98,1.0537,8,0.975,1.0483,18,0
IWM190920P156,2019-09-17,2019-09-17 09:35:56,0.99,1.0645,72,0.97,1.043,12,0.98,1.0537,8,0.98,1.0537,18,0
IWM190920P156,2019-09-17,2019-09-17 09:35:57,0.98,1.0537,29,0.96,1.0322,51,0.98,1.0537,8,0.97,1.043,18,0
IWM190920P156,2019-09-17,2019-09-17 09:35:57,0.97,1.043,13,0.96,1.0322,22,0.98,1.0537,8,0.965,1.0376,18,0
IWM190920P156,2019-09-17,2019-09-17 09:35:58,0.98,1.0537,45,0.96,1.0322,22,0.98,1.0537,8,0.97,1.043,18,0
IWM190920P156,2019-09-17,2019-09-17 09:35:58,0.98,1.0537,55,0.96,1.0322,22,0.98,1.0537,8,0.97,1.043,18,0
IWM190920P156,2019-09-17,2019-09-17 09:35:59,0.98,1.0537,13,0.96,1.0322,35,0.98,1.0537,8,0.97,1.043,18,0
IWM190920P156,2019-09-17,2019-09-17 09:35:59,0.98,1.0537,31,0.96,1.0322,35,0.98,1.0537,8,0.97,1.043,18,0
IWM190920P156,2019-09-17,2019-09-17 09:36:00,0.99,1.0645,35,0.96,1.0322,76,0.98,1.0537,8,0.975,1.0483,18,0
IWM190920P156,2019-09-17,2019-09-17 09:36:00,0.98,1.0537,38,0.96,1.0322,39,0.98,1.0537,8,0.97,1.043,18,0
IWM190920P156,2019-09-17,2019-09-17 09:36:01,0.97,1.043,8,0.95,1.0215,30,0.98,1.0537,8,0.96,1.0322,18,0
IWM190920P156,2019-09-17,2019-09-17 09:36:01,0.97,1.043,58,0.95,1.0215,38,0.98,1.0537,8,0.96,1.0322,18,0
IWM190920P156,2019-09-17,2019-09-17 09:36:02,0.97,1.043,27,0.95,1.0215,30,0.98,1.0537,8,0.96,1.0322,18,0
IWM190920P156,2019-09-17,2019-09-17 09:36:02,0.97,1.043,25,0.95,1.0215,30,0.98,1.0537,8,0.96,1.0322,18,0
IWM190920P156,2019-09-17,2019-09-17 09:36:03,0.97,1.043,25,0.95,1.0215,30,0.98,1.0537,8,0.96,1.0322,18,0
IWM190920P156,2019-09-17,2019-09-17 09:36:03,0.96,1.0322,25,0.94,1.0107,42,0.98,1.0537,8,0.95,1.0215,18,0
IWM190920P156,2019-09-17,2019-09-17 09:36:04,0.96,1.0322,30,0.94,1.0107,34,0.98,1.0537,8,0.95,1.0215,18,0
IWM190920P156,2019-09-17,2019-09-17 09:36:04,0.96,1.0322,30,0.94,1.0107,40,0.98,1.0537,8,0.95,1.0215,18,0
IWM190920P156,2019-09-17,2019-09-17 09:36:05,0.96,1.0322,30,0.94,1.0107,7,0.98,1.0537,8,0.95,1.0215,18,0
IWM190920P156,2019-09-17,2019-09-17 09:36:05,0.95,1.0215,13,0.93,1.0,28,0.98,1.0537,8,0.94,1.0107,18,0
IWM190920P156,2019-09-17,2019-09-17 09:36:06,0.94,1.0107,13,0.93,1.0,7,0.98,1.0537,8,0.935,1.0053,18,0
IWM190920P156,2019-09-17,2019-09-17 09:36:07,0.95,1.0215,13,0.93,1.0,91,0.98,1.0537,8,0.94,1.0107,18,0
IWM190920P156,2019-09-17,2019-09-17 09:36:07,0.95,1.0215,13,0.93,1.0,36,0.98,1.0537,8,0.94,1.0107,18,0
IWM190920P156,2019-09-17,2019-09-17 09:36:08,0.95,1.0215,19,0.93,1.0,91,0.98,1.0537,8,0.94,1.0107,18,0
IWM190920P156,2019-09-17,2019-09-17 09:36:08,0.95,1.0215,33,0.93,1.0,91,0.98,1.0537,8,0.94,1.0107,18,0
IWM190920P156,2019-09-17,2019-09-17 09:36:09,0.96,1.0322,20,0.94,1.0107,95,0.98,1.0537,8,0.95,1.0215,18,0
IWM190920P156,2019-09-17,2019-09-17 09:36:09,0.95,1.0215,33,0.93,1.0,91,0.98,1.0537,8,0.94,1.0107,18,0
IWM190920P156,2019-09-17,2019-09-17 09:36:10,0.96,1.0322,13,0.94,1.0107,218,0.98,1.0537,8,0.95,1.0215,18,0
IWM190920P156,2019-09-17,2019-09-17 09:36:10,0.96,1.0322,20,0.95,1.0215,14,0.98,1.0537,8,0.955,1.0268,18,0
IWM190920P156,2019-09-17,2019-09-17 09:36:11,0.96,1.0322,20,0.94,1.0107,194,0.98,1.0537,8,0.95,1.0215,18,0
IWM190920P156,2019-09-17,2019-09-17 09:36:12,0.96,1.0322,20,0.94,1.0107,95,0.98,1.0537,8,0.95,1.0215,18,0
IWM190920P156,2019-09-17,2019-09-17 09:36:13,0.96,1.0322,20,0.94,1.0107,103,0.98,1.0537,8,0.95,1.0215,18,0
IWM190920P156,2019-09-17,2019-09-17 09:36:13,0.96,1.0322,20,0.94,1.0107,95,0.98,1.0537,8,0.95,1.0215,18,0
IWM190920P156,2019-09-17,2019-09-17 09:36:14,0.97,1.043,17,0.96,1.0322,15,0.98,1.0537,8,0.965,1.0376,18,0
IWM190920P156,2019-09-17,2019-09-17 09:36:14,0.97,1.043,17,0.95,1.0215,182,0.98,1.0537,8,0.96,1.0322,18,0
IWM190920P156,2019-09-17,2019-09-17 09:36:15,0.98,1.0537,34,0.96,1.0322,17,0.98,1.0537,8,0.97,1.043,18,0
IWM190920P156,2019-09-17,2019-09-17 09:36:15,0.97,1.043,17,0.95,1.0215,182,0.98,1.0537,8,0.96,1.0322,18,0
IWM190920P156,2019-09-17,2019-09-17 09:36:16,0.97,1.043,36,0.95,1.0215,182,0.98,1.0537,8,0.96,1.0322,18,0
IWM190920P156,2019-09-17,2019-09-17 09:36:16,0.97,1.043,36,0.96,1.0322,15,0.98,1.0537,8,0.965,1.0376,18,0
IWM190920P156,2019-09-17,2019-09-17 09:36:17,0.97,1.043,30,0.94,1.0107,248,0.98,1.0537,8,0.955,1.0268,18,0
IWM190920P156,2019-09-17,2019-09-17 09:36:17,0.96,1.0322,13,0.94,1.0107,248,0.98,1.0537,8,0.95,1.0215,18,0
IWM190920P156,2019-09-17,2019-09-17 09:36:18,0.96,1.0322,24,0.94,1.0107,57,0.98,1.0537,8,0.95,1.0215,18,0
IWM190920P156,2019-09-17,2019-09-17 09:36:18,0.96,1.0322,30,0.94,1.0107,103,0.98,1.0537,8,0.95,1.0215,18,0
IWM190920P156,2019-09-17,2019-09-17 09:36:19,0.96,1.0322,29,0.94,1.0107,79,0.98,1.0537,8,0.95,1.0215,18,0
IWM190920P156,2019-09-17,2019-09-17 09:36:19,0.96,1.0322,24,0.94,1.0107,22,0.98,1.0537,8,0.95,1.0215,18,0
IWM190920P156,2019-09-17,2019-09-17 09:36:20,0.96,1.0322,33,0.94,1.0107,79,0.98,1.0537,8,0.95,1.0215,18,0
IWM190920P156,2019-09-17,2019-09-17 09:36:21,0.96,1.0322,13,0.94,1.0107,278,0.98,1.0537,8,0.95,1.0215,18,0
IWM190920P156,2019-09-17,2019-09-17 09:36:21,0.96,1.0322,13,0.94,1.0107,221,0.98,1.0537,8,0.95,1.0215,18,0
IWM190920P156,2019-09-17,2019-09-17 09:36:22,0.96,1.0322,18,0.94,1.0107,168,0.98,1.0537,8,0.95,1.0215,18,0
IWM190920P156,2019-09-17,2019-09-17 09:36:22,0.96,1.0322,22,0.94,1.0107,195,0.98,1.0537,8,0.95,1.0215,18,0
IWM190920P156,2019-09-17,2019-09-17 09:36:23,0.96,1.0322,30,0.94,1.0107,168,0.98,1.0537,8,0.95,1.0215,18,0
IWM190920P156,2019-09-17,2019-09-17 09:36:23,0.96,1.0322,17,0.94,1.0107,168,0.98,1.0537,8,0.95,1.0215,18,0
IWM190920P156,2019-09-17,2019-09-17 09:36:24,0.96,1.0322,17,0.94,1.0107,168,0.98,1.0537,8,0.95,1.0215,18,0
IWM190920P156,2019-09-17,2019-09-17 09:36:25,0.96,1.0322,33,0.94,1.0107,109,0.98,1.0537,8,0.95,1.0215,18,0
IWM190920P156,2019-09-17,2019-09-17 09:36:25,0.96,1.0322,25,0.94,1.0107,168,0.98,1.0537,8,0.95,1.0215,18,0
IWM190920P156,2019-09-17,2019-09-17 09:36:26,0.96,1.0322,36,0.94,1.0107,28,0.98,1.0537,8,0.95,1.0215,18,0
IWM190920P156,2019-09-17,2019-09-17 09:36:27,0.95,1.0215,13,0.94,1.0107,35,0.98,1.0537,8,0.945,1.0161,18,0
IWM190920P156,2019-09-17,2019-09-17 09:36:27,0.96,1.0322,30,0.94,1.0107,35,0.98,1.0537,8,0.95,1.0215,18,0
IWM190920P156,2019-09-17,2019-09-17 09:36:28,0.96,1.0322,30,0.94,1.0107,35,0.98,1.0537,8,0.95,1.0215,18,0
IWM190920P156,2019-09-17,2019-09-17 09:36:28,0.96,1.0322,30,0.94,1.0107,88,0.98,1.0537,8,0.95,1.0215,18,0
IWM190920P156,2019-09-17,2019-09-17 09:36:29,0.96,1.0322,20,0.94,1.0107,213,0.98,1.0537,8,0.95,1.0215,18,0
IWM190920P156,2019-09-17,2019-09-17 09:36:29,0.98,1.0537,25,0.96,1.0322,39,0.98,1.0537,8,0.97,1.043,18,0
IWM190920P156,2019-09-17,2019-09-17 09:36:30,0.98,1.0537,25,0.96,1.0322,50,0.98,1.0537,8,0.97,1.043,18,0
IWM190920P156,2019-09-17,2019-09-17 09:36:31,0.99,1.0645,33,0.97,1.043,99,0.98,1.0537,8,0.98,1.0537,18,0
IWM190920P156,2019-09-17,2019-09-17 09:36:31,0.99,1.0645,67,0.96,1.0322,109,0.98,1.0537,8,0.975,1.0483,18,0
IWM190920P156,2019-09-17,2019-09-17 09:36:32,0.99,1.0645,33,0.97,1.043,99,0.98,1.0537,8,0.98,1.0537,18,0
IWM190920P156,2019-09-17,2019-09-17 09:36:32,0.99,1.0645,22,0.97,1.043,123,0.98,1.0537,8,0.98,1.0537,18,0
IWM190920P156,2019-09-17,2019-09-17 09:36:33,0.99,1.0645,22,0.97,1.043,175,0.98,1.0537,8,0.98,1.0537,18,0
IWM190920P156,2019-09-17,2019-09-17 09:36:33,0.99,1.0645,13,0.97,1.043,202,0.98,1.0537,8,0.98,1.0537,18,0
IWM190920P156,2019-09-17,2019-09-17 09:36:34,1.0,1.0752,37,0.98,1.0537,14,0.98,1.0537,8,0.99,1.0645,18,0
IWM190920P156,2019-09-17,2019-09-17 09:36:34,1.0,1.0752,37,0.98,1.0537,41,0.98,1.0537,8,0.99,1.0645,18,0
IWM190920P156,2019-09-17,2019-09-17 09:36:35,1.0,1.0752,45,0.98,1.0537,41,0.98,1.0537,8,0.99,1.0645,18,0
IWM190920P156,2019-09-17,2019-09-17 09:36:35,1.0,1.0752,45,0.98,1.0537,100,0.98,1.0537,8,0.99,1.0645,18,0
IWM190920P156,2019-09-17,2019-09-17 09:36:36,1.0,1.0752,55,0.98,1.0537,57,0.98,1.0537,8,0.99,1.0645,18,0
IWM190920P156,2019-09-17,2019-09-17 09:36:36,1.0,1.0752,55,0.98,1.0537,100,0.98,1.0537,8,0.99,1.0645,18,0
IWM190920P156,2019-09-17,2019-09-17 09:36:37,0.99,1.0645,25,0.98,1.0537,100,0.98,1.0537,8,0.985,1.0591,18,0
IWM190920P156,2019-09-17,2019-09-17 09:36:37,0.99,1.0645,25,0.97,1.043,314,0.98,1.0537,8,0.98,1.0537,18,0
IWM190920P156,2019-09-17,2019-09-17 09:36:38,0.99,1.0645,13,0.98,1.0537,19,0.98,1.0537,8,0.985,1.0591,18,0
IWM190920P156,2019-09-17,2019-09-17 09:36:38,0.99,1.0645,13,0.97,1.043,273,0.98,1.0537,8,0.98,1.0537,18,0
IWM190920P156,2019-09-17,2019-09-17 09:36:39,1.0,1.0752,37,0.98,1.0537,19,0.98,1.0537,8,0.99,1.0645,18,0
IWM190920P156,2019-09-17,2019-09-17 09:36:40,1.0,1.0752,37,0.98,1.0537,19,0.98,1.0537,8,0.99,1.0645,18,0
IWM190920P156,2019-09-17,2019-09-17 09:36:41,1.0,1.0752,2,0.99,1.0645,82,0.98,1.0537,8,0.995,1.0698,18,0
IWM190920P156,2019-09-17,2019-09-17 09:36:41,1.0,1.0752,37,0.98,1.0537,19,0.98,1.0537,8,0.99,1.0645,18,0
IWM190920P156,2019-09-17,2019-09-17 09:36:42,1.0,1.0752,2,0.99,1.0645,82,0.98,1.0537,8,0.995,1.0698,18,0
IWM190920P156,2019-09-17,2019-09-17 09:36:42,1.0,1.0752,15,0.99,1.0645,82,0.98,1.0537,8,0.995,1.0698,18,0
IWM190920P156,2019-09-17,2019-09-17 09:36:43,1.0,1.0752,2,0.99,1.0645,82,0.98,1.0537,8,0.995,1.0698,18,0
IWM190920P156,2019-09-17,2019-09-17 09:36:43,1.02,1.0967,13,1.0,1.0752,154,1.0,1.0752,2,1.01,1.086,20,2
IWM190920P156,2019-09-17,2019-09-17 09:36:44,1.02,1.0967,13,1.0,1.0752,154,1.0,1.0752,2,1.01,1.086,20,0
IWM190920P156,2019-09-17,2019-09-17 09:36:45,1.02,1.0967,13,1.0,1.0752,175,1.0,1.0752,2,1.01,1.086,20,0
IWM190920P156,2019-09-17,2019-09-17 09:36:45,1.02,1.0967,13,1.0,1.0752,154,1.0,1.0752,2,1.01,1.086,20,0
IWM190920P156,2019-09-17,2019-09-17 09:36:46,1.02,1.0967,26,1.0,1.0752,106,1.0,1.0752,2,1.01,1.086,20,0
IWM190920P156,2019-09-17,2019-09-17 09:36:46,1.02,1.0967,25,1.01,1.086,16,1.0,1.0752,2,1.015,1.0913,20,0
IWM190920P156,2019-09-17,2019-09-17 09:36:47,1.03,1.1075,45,1.01,1.086,16,1.0,1.0752,2,1.02,1.0967,20,0
IWM190920P156,2019-09-17,2019-09-17 09:36:47,1.02,1.0967,13,1.01,1.086,16,1.0,1.0752,2,1.015,1.0913,20,0
IWM190920P156,2019-09-17,2019-09-17 09:36:48,1.02,1.0967,14,1.0,1.0752,45,1.0,1.0752,2,1.01,1.086,20,0
IWM190920P156,2019-09-17,2019-09-17 09:36:48,1.03,1.1075,24,1.01,1.086,48,1.0,1.0752,2,1.02,1.0967,20,0
IWM190920P156,2019-09-17,2019-09-17 09:36:49,1.02,1.0967,23,1.0,1.0752,118,1.0,1.0752,2,1.01,1.086,20,0
IWM190920P156,2019-09-17,2019-09-17 09:36:49,1.01,1.086,13,1.0,1.0752,91,1.0,1.0752,2,1.005,1.0806,20,0
IWM190920P156,2019-09-17,2019-09-17 09:36:50,1.02,1.0967,23,1.0,1.0752,118,1.0,1.0752,2,1.01,1.086,20,0
IWM190920P156,2019-09-17,2019-09-17 09:36:51,1.02,1.0967,23,1.0,1.0752,66,1.0,1.0752,2,1.01,1.086,20,0
IWM190920P156,2019-09-17,2019-09-17 09:36:51,1.02,1.0967,23,1.0,1.0752,84,1.0,1.0752,2,1.01,1.086,20,0
IWM190920P156,2019-09-17,2019-09-17 09:36:52,1.02,1.0967,23,1.0,1.0752,122,1.0,1.0752,2,1.01,1.086,20,0
IWM190920P156,2019-09-17,2019-09-17 09:36:52,1.02,1.0967,25,1.0,1.0752,59,1.0,1.0752,2,1.01,1.086,20,0
IWM190920P156,2019-09-17,2019-09-17 09:36:53,1.01,1.086,13,1.0,1.0752,55,1.0,1.0752,2,1.005,1.0806,20,0
IWM190920P156,2019-09-17,2019-09-17 09:36:53,1.01,1.086,13,1.0,1.0752,31,1.0,1.0752,2,1.005,1.0806,20,0
IWM190920P156,2019-09-17,2019-09-17 09:36:54,1.01,1.086,13,1.0,1.0752,115,1.0,1.0752,2,1.005,1.0806,20,0
IWM190920P156,2019-09-17,2019-09-17 09:36:54,1.01,1.086,43,1.0,1.0752,31,1.0,1.0752,2,1.005,1.0806,20,0
IWM190920P156,2019-09-17,2019-09-17 09:36:55,1.01,1.086,43,1.0,1.0752,25,1.0,1.0752,2,1.005,1.0806,22,2
IWM190920P156,2019-09-17,2019-09-17 09:36:55,1.01,1.086,43,0.99,1.0645,40,1.0,1.0752,2,1.0,1.0752,22,0
IWM190920P156,2019-09-17,2019-09-17 09:36:56,1.01,1.086,13,0.99,1.0645,40,1.0,1.0752,2,1.0,1.0752,22,0
IWM190920P156,2019-09-17,2019-09-17 09:36:56,1.0,1.0752,13,0.99,1.0645,40,1.0,1.0752,2,0.995,1.0698,22,0
IWM190920P156,2019-09-17,2019-09-17 09:36:57,1.02,1.0967,25,1.0,1.0752,14,1.0,1.0752,2,1.01,1.086,22,0
IWM190920P156,2019-09-17,2019-09-17 09:36:58,1.02,1.0967,44,1.0,1.0752,14,1.0,1.0752,2,1.01,1.086,22,0
IWM190920P156,2019-09-17,2019-09-17 09:36:58,1.02,1.0967,44,1.0,1.0752,26,1.0,1.0752,2,1.01,1.086,22,0
IWM190920P156,2019-09-17,2019-09-17 09:36:59,1.02,1.0967,44,1.0,1.0752,26,1.0,1.0752,2,1.01,1.086,22,0
IWM190920P156,2019-09-17,2019-09-17 09:36:59,1.02,1.0967,13,1.0,1.0752,92,1.0,1.0752,2,1.01,1.086,22,0
IWM190920P156,2019-09-17,2019-09-17 09:37:00,1.03,1.1075,26,1.02,1.0967,7,1.0,1.0752,2,1.025,1.1021,22,0
IWM190920P156,2019-09-17,2019-09-17 09:37:00,1.03,1.1075,27,1.02,1.0967,7,1.0,1.0752,2,1.025,1.1021,22,0
IWM190920P156,2019-09-17,2019-09-17 09:37:01,1.03,1.1075,13,1.01,1.086,95,1.0,1.0752,2,1.02,1.0967,22,0
IWM190920P156,2019-09-17,2019-09-17 09:37:01,1.03,1.1075,13,1.01,1.086,111,1.0,1.0752,2,1.02,1.0967,22,0
IWM190920P156,2019-09-17,2019-09-17 09:37:02,1.04,1.1182,29,1.02,1.0967,7,1.0,1.0752,2,1.03,1.1075,22,0
IWM190920P156,2019-09-17,2019-09-17 09:37:02,1.04,1.1182,29,1.01,1.086,111,1.0,1.0752,2,1.025,1.1021,22,0
IWM190920P156,2019-09-17,2019-09-17 09:37:03,1.02,1.0967,22,1.01,1.086,21,1.0,1.0752,2,1.015,1.0913,22,0
IWM190920P156,2019-09-17,2019-09-17 09:37:03,1.02,1.0967,13,1.01,1.086,25,1.0,1.0752,2,1.015,1.0913,22,0
IWM190920P156,2019-09-17,2019-09-17 09:37:04,1.02,1.0967,23,1.01,1.086,21,1.0,1.0752,2,1.015,1.0913,22,0
IWM190920P156,2019-09-17,2019-09-17 09:37:04,1.02,1.0967,19,1.01,1.086,21,1.0,1.0752,2,1.015,1.0913,22,0
IWM190920P156,2019-09-17,2019-09-17 09:37:05,1.04,1.1182,46,1.03,1.1075,15,1.0,1.0752,2,1.035,1.1129,22,0
IWM190920P156,2019-09-17,2019-09-17 09:37:05,1.03,1.1075,35,1.01,1.086,81,1.0,1.0752,2,1.02,1.0967,22,0
IWM190920P156,2019-09-17,2019-09-17 09:37:06,1.03,1.1075,13,1.02,1.0967,105,1.0,1.0752,2,1.025,1.1021,22,0
IWM190920P156,2019-09-17,2019-09-17 09:37:06,1.03,1.1075,18,1.01,1.086,150,1.0,1.0752,2,1.02,1.0967,22,0
IWM190920P156,2019-09-17,2019-09-17 09:37:07,1.03,1.1075,13,1.02,1.0967,126,1.0,1.0752,2,1.025,1.1021,22,0
IWM190920P156,2019-09-17,2019-09-17 09:37:07,1.03,1.1075,13,1.02,1.0967,29,1.0,1.0752,2,1.025,1.1021,22,0
IWM190920P156,2019-09-17,2019-09-17 09:37:08,1.03,1.1075,42,1.02,1.0967,120,1.0,1.0752,2,1.025,1.1021,22,0
IWM190920P156,2019-09-17,2019-09-17 09:37:08,1.03,1.1075,20,1.02,1.0967,120,1.0,1.0752,2,1.025,1.1021,22,0
IWM190920P156,2019-09-17,2019-09-17 09:37:09,1.03,1.1075,33,1.02,1.0967,120,1.0,1.0752,2,1.025,1.1021,22,0
IWM190920P156,2019-09-17,2019-09-17 09:37:09,1.03,1.1075,113,1.02,1.0967,108,1.02,1.0967,1,1.025,1.1021,38,16
IWM190920P156,2019-09-17,2019-09-17 09:37:10,1.01,1.086,43,1.0,1.0752,10,1.02,1.0967,68,1.005,1.0806,142,0
IWM190920P156,2019-09-17,2019-09-17 09:37:10,1.01,1.086,31,0.99,1.0645,88,1.02,1.0967,68,1.0,1.0752,142,104
IWM190920P156,2019-09-17,2019-09-17 09:37:11,1.0,1.0752,30,0.98,1.0537,73,1.02,1.0967,68,0.99,1.0645,142,0
IWM190920P156,2019-09-17,2019-09-17 09:37:12,1.0,1.0752,30,0.98,1.0537,55,1.02,1.0967,68,0.99,1.0645,142,0
IWM190920P156,2019-09-17,2019-09-17 09:37:13,1.0,1.0752,30,0.98,1.0537,55,1.02,1.0967,68,0.99,1.0645,142,0
IWM190920P156,2019-09-17,2019-09-17 09:37:13,1.0,1.0752,25,0.98,1.0537,55,1.02,1.0967,68,0.99,1.0645,142,0
IWM190920P156,2019-09-17,2019-09-17 09:37:14,1.01,1.086,52,0.98,1.0537,124,1.02,1.0967,68,0.995,1.0698,142,0
IWM190920P156,2019-09-17,2019-09-17 09:37:15,1.01,1.086,13,1.0,1.0752,47,1.02,1.0967,68,1.005,1.0806,142,0
IWM190920P156,2019-09-17,2019-09-17 09:37:16,1.03,1.1075,59,1.0,1.0752,107,1.02,1.0967,68,1.015,1.0913,142,0
IWM190920P156,2019-09-17,2019-09-17 09:37:16,1.02,1.0967,55,1.0,1.0752,33,1.02,1.0967,68,1.01,1.086,142,0
IWM190920P156,2019-09-17,2019-09-17 09:37:17,1.02,1.0967,55,1.0,1.0752,44,1.02,1.0967,68,1.01,1.086,142,0
IWM190920P156,2019-09-17,2019-09-17 09:37:18,1.02,1.0967,55,0.99,1.0645,145,1.02,1.0967,68,1.005,1.0806,142,0
IWM190920P156,2019-09-17,2019-09-17 09:37:18,1.02,1.0967,61,0.99,1.0645,145,1.02,1.0967,68,1.005,1.0806,142,0
IWM190920P156,2019-09-17,2019-09-17 09:37:19,1.02,1.0967,55,0.99,1.0645,145,1.02,1.0967,68,1.005,1.0806,142,0
IWM190920P156,2019-09-17,2019-09-17 09:37:19,1.02,1.0967,99,1.0,1.0752,28,1.02,1.0967,68,1.01,1.086,142,0
IWM190920P156,2019-09-17,2019-09-17 09:37:20,1.02,1.0967,49,1.0,1.0752,30,1.02,1.0967,68,1.01,1.086,142,0
IWM190920P156,2019-09-17,2019-09-17 09:37:20,1.02,1.0967,99,1.0,1.0752,17,1.02,1.0967,68,1.01,1.086,142,0
IWM190920P156,2019-09-17,2019-09-17 09:37:21,1.02,1.0967,143,1.0,1.0752,17,1.02,1.0967,68,1.01,1.086,142,0
IWM190920P156,2019-09-17,2019-09-17 09:37:21,1.03,1.1075,59,1.0,1.0752,17,1.02,1.0967,68,1.015,1.0913,142,0
IWM190920P156,2019-09-17,2019-09-17 09:37:22,1.04,1.1182,15,1.02,1.0967,18,1.02,1.0967,68,1.03,1.1075,142,0
IWM190920P156,2019-09-17,2019-09-17 09:37:22,1.04,1.1182,15,1.02,1.0967,42,1.02,1.0967,68,1.03,1.1075,142,0
IWM190920P156,2019-09-17,2019-09-17 09:37:23,1.04,1.1182,20,1.03,1.1075,43,1.02,1.0967,68,1.035,1.1129,142,0
IWM190920P156,2019-09-17,2019-09-17 09:37:23,1.06,1.1397,54,1.04,1.1182,24,1.04,1.1182,2,1.05,1.129,145,3
IWM190920P156,2019-09-17,2019-09-17 09:37:24,1.06,1.1397,77,1.04,1.1182,43,1.04,1.1182,2,1.05,1.129,145,0
IWM190920P156,2019-09-17,2019-09-17 09:37:24,1.05,1.129,13,1.04,1.1182,15,1.04,1.1182,2,1.045,1.1236,145,0
IWM190920P156,2019-09-17,2019-09-17 09:37:25,1.06,1.1397,67,1.04,1.1182,19,1.04,1.1182,2,1.05,1.129,145,0
IWM190920P156,2019-09-17,2019-09-17 09:37:25,1.06,1.1397,86,1.04,1.1182,19,1.04,1.1182,2,1.05,1.129,145,0
IWM190920P156,2019-09-17,2019-09-17 09:37:26,1.06,1.1397,32,1.04,1.1182,62,1.04,1.1182,2,1.05,1.129,145,0
IWM190920P156,2019-09-17,2019-09-17 09:37:26,1.07,1.1505,48,1.04,1.1182,144,1.04,1.1182,2,1.055,1.1344,145,0
IWM190920P156,2019-09-17,2019-09-17 09:37:27,1.06,1.1397,50,1.05,1.129,47,1.04,1.1182,2,1.055,1.1344,145,0
IWM190920P156,2019-09-17,2019-09-17 09:37:27,1.06,1.1397,44,1.05,1.129,18,1.04,1.1182,2,1.055,1.1344,145,0
IWM190920P156,2019-09-17,2019-09-17 09:37:28,1.05,1.129,16,1.05,1.129,18,1.04,1.1182,2,1.05,1.129,145,0
IWM190920P156,2019-09-17,2019-09-17 09:37:28,1.06,1.1397,10,1.04,1.1182,108,1.04,1.1182,2,1.05,1.129,145,0
IWM190920P156,2019-09-17,2019-09-17 09:37:29,1.06,1.1397,29,1.05,1.129,36,1.04,1.1182,2,1.055,1.1344,145,0
IWM190920P156,2019-09-17,2019-09-17 09:37:29,1.06,1.1397,29,1.05,1.129,18,1.04,1.1182,2,1.055,1.1344,145,0
IWM190920P156,2019-09-17,2019-09-17 09:37:30,1.06,1.1397,108,1.04,1.1182,35,1.04,1.1182,2,1.05,1.129,145,0
IWM190920P156,2019-09-17,2019-09-17 09:37:30,1.06,1.1397,28,1.04,1.1182,74,1.04,1.1182,2,1.05,1.129,145,0
IWM190920P156,2019-09-17,2019-09-17 09:37:31,1.06,1.1397,35,1.05,1.129,22,1.04,1.1182,2,1.055,1.1344,145,0
IWM190920P156,2019-09-17,2019-09-17 09:37:31,1.06,1.1397,108,1.04,1.1182,74,1.04,1.1182,2,1.05,1.129,145,0
IWM190920P156,2019-09-17,2019-09-17 09:37:32,1.06,1.1397,41,1.04,1.1182,35,1.04,1.1182,2,1.05,1.129,145,0
IWM190920P156,2019-09-17,2019-09-17 09:37:32,1.05,1.129,45,1.04,1.1182,55,1.04,1.1182,2,1.045,1.1236,145,0
IWM190920P156,2019-09-17,2019-09-17 09:37:33,1.05,1.129,51,1.03,1.1075,199,1.04,1.1182,2,1.04,1.1182,145,0
IWM190920P156,2019-09-17,2019-09-17 09:37:34,1.05,1.129,14,1.03,1.1075,33,1.04,1.1182,2,1.04,1.1182,145,0
IWM190920P156,2019-09-17,2019-09-17 09:37:34,1.05,1.129,21,1.03,1.1075,46,1.04,1.1182,2,1.04,1.1182,145,0
IWM190920P156,2019-09-17,2019-09-17 09:37:35,1.05,1.129,96,1.03,1.1075,46,1.04,1.1182,2,1.04,1.1182,145,0
IWM190920P156,2019-09-17,2019-09-17 09:37:35,1.05,1.129,95,1.03,1.1075,46,1.04,1.1182,2,1.04,1.1182,145,0
IWM190920P156,2019-09-17,2019-09-17 09:37:36,1.05,1.129,75,1.03,1.1075,46,1.04,1.1182,2,1.04,1.1182,145,0
IWM190920P156,2019-09-17,2019-09-17 09:37:36,1.05,1.129,10,1.04,1.1182,55,1.04,1.1182,2,1.045,1.1236,145,0
IWM190920P156,2019-09-17,2019-09-17 09:37:37,1.07,1.1505,69,1.05,1.129,55,1.04,1.1182,2,1.06,1.1397,145,0
IWM190920P156,2019-09-17,2019-09-17 09:37:37,1.07,1.1505,38,1.05,1.129,55,1.04,1.1182,2,1.06,1.1397,145,0
IWM190920P156,2019-09-17,2019-09-17 09:37:38,1.07,1.1505,37,1.06,1.1397,10,1.04,1.1182,2,1.065,1.1451,145,0
IWM190920P156,2019-09-17,2019-09-17 09:37:38,1.07,1.1505,38,1.06,1.1397,12,1.04,1.1182,2,1.065,1.1451,145,0
IWM190920P156,2019-09-17,2019-09-17 09:37:39,1.07,1.1505,71,1.06,1.1397,5,1.04,1.1182,2,1.065,1.1451,145,0
IWM190920P156,2019-09-17,2019-09-17 09:37:39,1.07,1.1505,60,1.06,1.1397,5,1.04,1.1182,2,1.065,1.1451,145,0
IWM190920P156,2019-09-17,2019-09-17 09:37:40,1.07,1.1505,29,1.06,1.1397,17,1.04,1.1182,2,1.065,1.1451,145,0
IWM190920P156,2019-09-17,2019-09-17 09:37:40,1.07,1.1505,32,1.06,1.1397,17,1.04,1.1182,2,1.065,1.1451,145,0
IWM190920P156,2019-09-17,2019-09-17 09:37:41,1.07,1.1505,29,1.06,1.1397,17,1.04,1.1182,2,1.065,1.1451,145,0
IWM190920P156,2019-09-17,2019-09-17 09:37:41,1.08,1.1612,112,1.07,1.1505,78,1.04,1.1182,2,1.075,1.1559,145,0
IWM190920P156,2019-09-17,2019-09-17 09:37:42,1.1,1.1827,28,1.08,1.1612,56,1.04,1.1182,2,1.09,1.172,145,0
IWM190920P156,2019-09-17,2019-09-17 09:37:42,1.1,1.1827,15,1.08,1.1612,111,1.04,1.1182,2,1.09,1.172,145,0
IWM190920P156,2019-09-17,2019-09-17 09:37:43,1.1,1.1827,15,1.09,1.172,85,1.04,1.1182,2,1.095,1.1774,145,0
IWM190920P156,2019-09-17,2019-09-17 09:37:43,1.1,1.1827,15,1.09,1.172,42,1.04,1.1182,2,1.095,1.1774,145,0
IWM190920P156,2019-09-17,2019-09-17 09:37:44,1.1,1.1827,15,1.09,1.172,85,1.04,1.1182,2,1.095,1.1774,145,0
IWM190920P156,2019-09-17,2019-09-17 09:37:44,1.1,1.1827,38,1.09,1.172,13,1.04,1.1182,2,1.095,1.1774,145,0
IWM190920P156,2019-09-17,2019-09-17 09:37:45,1.1,1.1827,15,1.09,1.172,84,1.04,1.1182,2,1.095,1.1774,145,0
IWM190920P156,2019-09-17,2019-09-17 09:37:45,1.1,1.1827,15,1.09,1.172,20,1.04,1.1182,2,1.095,1.1774,145,0
IWM190920P156,2019-09-17,2019-09-17 09:37:46,1.1,1.1827,15,1.09,1.172,172,1.04,1.1182,2,1.095,1.1774,145,0
IWM190920P156,2019-09-17,2019-09-17 09:37:46,1.12,1.2043,32,1.1,1.1827,93,1.1,1.1827,15,1.11,1.1935,160,15
IWM190920P156,2019-09-17,2019-09-17 09:37:47,1.12,1.2043,32,1.1,1.1827,93,1.1,1.1827,15,1.11,1.1935,160,0
IWM190920P156,2019-09-17,2019-09-17 09:37:47,1.12,1.2043,58,1.09,1.172,65,1.1,1.1827,15,1.105,1.1881,160,0
IWM190920P156,2019-09-17,2019-09-17 09:37:48,1.12,1.2043,68,1.1,1.1827,16,1.1,1.1827,15,1.11,1.1935,160,0
IWM190920P156,2019-09-17,2019-09-17 09:37:49,1.12,1.2043,17,1.1,1.1827,191,1.1,1.1827,15,1.11,1.1935,160,0
IWM190920P156,2019-09-17,2019-09-17 09:37:49,1.12,1.2043,39,1.1,1.1827,84,1.1,1.1827,15,1.11,1.1935,160,0
IWM190920P156,2019-09-17,2019-09-17 09:37:50,1.12,1.2043,27,1.1,1.1827,100,1.1,1.1827,15,1.11,1.1935,160,0
IWM190920P156,2019-09-17,2019-09-17 09:37:50,1.12,1.2043,27,1.1,1.1827,191,1.1,1.1827,15,1.11,1.1935,160,0
IWM190920P156,2019-09-17,2019-09-17 09:37:51,1.11,1.1935,37,1.09,1.172,123,1.1,1.1827,15,1.1,1.1827,160,0
IWM190920P156,2019-09-17,2019-09-17 09:37:51,1.12,1.2043,44,1.09,1.172,123,1.1,1.1827,15,1.105,1.1881,160,0
IWM190920P156,2019-09-17,2019-09-17 09:37:52,1.1,1.1827,25,1.08,1.1612,82,1.1,1.1827,15,1.09,1.172,160,0
IWM190920P156,2019-09-17,2019-09-17 09:37:52,1.11,1.1935,37,1.08,1.1612,82,1.1,1.1827,15,1.095,1.1774,160,0
IWM190920P156,2019-09-17,2019-09-17 09:37:53,1.11,1.1935,40,1.08,1.1612,55,1.1,1.1827,15,1.095,1.1774,160,0
IWM190920P156,2019-09-17,2019-09-17 09:37:53,1.1,1.1827,32,1.08,1.1612,27,1.1,1.1827,15,1.09,1.172,160,0
IWM190920P156,2019-09-17,2019-09-17 09:37:54,1.1,1.1827,39,1.07,1.1505,212,1.1,1.1827,15,1.085,1.1666,160,0
IWM190920P156,2019-09-17,2019-09-17 09:37:54,1.1,1.1827,51,1.07,1.1505,208,1.1,1.1827,15,1.085,1.1666,160,0
IWM190920P156,2019-09-17,2019-09-17 09:37:55,1.11,1.1935,56,1.08,1.1612,82,1.1,1.1827,15,1.095,1.1774,160,0
IWM190920P156,2019-09-17,2019-09-17 09:37:55,1.11,1.1935,43,1.09,1.172,13,1.1,1.1827,15,1.1,1.1827,160,0
IWM190920P156,2019-09-17,2019-09-17 09:37:56,1.13,1.215,50,1.11,1.1935,13,1.1,1.1827,15,1.12,1.2043,160,0
IWM190920P156,2019-09-17,2019-09-17 09:37:56,1.12,1.2043,43,1.1,1.1827,16,1.1,1.1827,15,1.11,1.1935,160,0
IWM190920P156,2019-09-17,2019-09-17 09:37:57,1.13,1.215,70,1.1,1.1827,79,1.1,1.1827,15,1.115,1.1989,160,0
IWM190920P156,2019-09-17,2019-09-17 09:37:57,1.12,1.2043,9,1.1,1.1827,105,1.1,1.1827,15,1.11,1.1935,160,0
IWM190920P156,2019-09-17,2019-09-17 09:37:58,1.1,1.1827,11,1.08,1.1612,63,1.1,1.1827,15,1.09,1.172,160,0
IWM190920P156,2019-09-17,2019-09-17 09:37:58,1.1,1.1827,11,1.08,1.1612,79,1.1,1.1827,15,1.09,1.172,160,0
IWM190920P156,2019-09-17,2019-09-17 09:37:59,1.11,1.1935,52,1.08,1.1612,191,1.1,1.1827,15,1.095,1.1774,160,0
IWM190920P156,2019-09-17,2019-09-17 09:37:59,1.11,1.1935,52,1.09,1.172,59,1.1,1.1827,15,1.1,1.1827,160,0
IWM190920P156,2019-09-17,2019-09-17 09:38:00,1.11,1.1935,35,1.08,1.1612,99,1.1,1.1827,15,1.095,1.1774,160,0
IWM190920P156,2019-09-17,2019-09-17 09:38:00,1.1,1.1827,14,1.08,1.1612,99,1.1,1.1827,15,1.09,1.172,160,0
IWM190920P156,2019-09-17,2019-09-17 09:38:01,1.12,1.2043,74,1.09,1.172,129,1.1,1.1827,15,1.105,1.1881,160,0
IWM190920P156,2019-09-17,2019-09-17 09:38:01,1.12,1.2043,116,1.09,1.172,129,1.1,1.1827,15,1.105,1.1881,160,0
IWM190920P156,2019-09-17,2019-09-17 09:38:02,1.11,1.1935,16,1.09,1.172,129,1.1,1.1827,15,1.1,1.1827,160,0
IWM190920P156,2019-09-17,2019-09-17 09:38:02,1.12,1.2043,36,1.1,1.1827,45,1.1,1.1827,15,1.11,1.1935,160,0
IWM190920P156,2019-09-17,2019-09-17 09:38:03,1.11,1.1935,18,1.1,1.1827,16,1.1,1.1827,15,1.105,1.1881,160,0
IWM190920P156,2019-09-17,2019-09-17 09:38:03,1.12,1.2043,63,1.1,1.1827,74,1.1,1.1827,15,1.11,1.1935,160,0
IWM190920P156,2019-09-17,2019-09-17 09:38:04,1.12,1.2043,168,1.09,1.172,188,1.1,1.1827,15,1.105,1.1881,160,0
IWM190920P156,2019-09-17,2019-09-17 09:38:04,1.12,1.2043,114,1.1,1.1827,16,1.1,1.1827,15,1.11,1.1935,160,0
IWM190920P156,2019-09-17,2019-09-17 09:38:05,1.11,1.1935,46,1.09,1.172,65,1.1,1.1827,15,1.1,1.1827,160,0
IWM190920P156,2019-09-17,2019-09-17 09:38:05,1.1,1.1827,27,1.07,1.1505,63,1.1,1.1827,15,1.085,1.1666,160,0
IWM190920P156,2019-09-17,2019-09-17 09:38:06,1.1,1.1827,251,1.07,1.1505,147,1.1,1.1827,15,1.085,1.1666,160,0
IWM190920P156,2019-09-17,2019-09-17 09:38:07,1.08,1.1612,56,1.06,1.1397,17,1.1,1.1827,15,1.07,1.1505,160,0
IWM190920P156,2019-09-17,2019-09-17 09:38:07,1.08,1.1612,31,1.06,1.1397,57,1.1,1.1827,15,1.07,1.1505,160,0
IWM190920P156,2019-09-17,2019-09-17 09:38:08,1.07,1.1505,1,1.06,1.1397,17,1.07,1.1505,2,1.065,1.1451,165,5
IWM190920P156,2019-09-17,2019-09-17 09:38:08,1.08,1.1612,20,1.06,1.1397,28,1.07,1.1505,2,1.07,1.1505,165,0
IWM190920P156,2019-09-17,2019-09-17 09:38:09,1.08,1.1612,20,1.06,1.1397,19,1.07,1.1505,2,1.07,1.1505,165,0
IWM190920P156,2019-09-17,2019-09-17 09:38:09,1.08,1.1612,20,1.06,1.1397,93,1.07,1.1505,2,1.07,1.1505,165,0
IWM190920P156,2019-09-17,2019-09-17 09:38:10,1.07,1.1505,19,1.05,1.129,175,1.07,1.1505,2,1.06,1.1397,165,0
IWM190920P156,2019-09-17,2019-09-17 09:38:10,1.08,1.1612,55,1.06,1.1397,16,1.07,1.1505,2,1.07,1.1505,165,0
IWM190920P156,2019-09-17,2019-09-17 09:38:11,1.07,1.1505,30,1.05,1.129,17,1.07,1.1505,2,1.06,1.1397,165,0
IWM190920P156,2019-09-17,2019-09-17 09:38:11,1.06,1.1397,5,1.04,1.1182,201,1.07,1.1505,2,1.05,1.129,165,0
IWM190920P156,2019-09-17,2019-09-17 09:38:12,1.08,1.1612,6,1.06,1.1397,107,1.07,1.1505,2,1.07,1.1505,165,0
IWM190920P156,2019-09-17,2019-09-17 09:38:12,1.07,1.1505,45,1.06,1.1397,13,1.07,1.1505,2,1.065,1.1451,165,0
IWM190920P156,2019-09-17,2019-09-17 09:38:13,1.08,1.1612,6,1.06,1.1397,156,1.07,1.1505,2,1.07,1.1505,165,0
IWM190920P156,2019-09-17,2019-09-17 09:38:13,1.08,1.1612,19,1.06,1.1397,124,1.07,1.1505,2,1.07,1.1505,165,0
IWM190920P156,2019-09-17,2019-09-17 09:38:14,1.1,1.1827,22,1.08,1.1612,112,1.07,1.1505,2,1.09,1.172,165,0
IWM190920P156,2019-09-17,2019-09-17 09:38:14,1.08,1.1612,6,1.07,1.1505,87,1.07,1.1505,2,1.075,1.1559,165,0
IWM190920P156,2019-09-17,2019-09-17 09:38:15,1.1,1.1827,47,1.08,1.1612,22,1.07,1.1505,2,1.09,1.172,165,0
IWM190920P156,2019-09-17,2019-09-17 09:38:15,1.08,1.1612,11,1.07,1.1505,13,1.07,1.1505,2,1.075,1.1559,165,0
IWM190920P156,2019-09-17,2019-09-17 09:38:16,1.11,1.1935,46,1.09,1.172,16,1.07,1.1505,2,1.1,1.1827,165,0
IWM190920P156,2019-09-17,2019-09-17 09:38:16,1.1,1.1827,26,1.08,1.1612,13,1.07,1.1505,2,1.09,1.172,165,0
IWM190920P156,2019-09-17,2019-09-17 09:38:17,1.11,1.1935,46,1.09,1.172,73,1.07,1.1505,2,1.1,1.1827,165,0
IWM190920P156,2019-09-17,2019-09-17 09:38:17,1.11,1.1935,17,1.09,1.172,136,1.07,1.1505,2,1.1,1.1827,165,0
IWM190920P156,2019-09-17,2019-09-17 09:38:18,1.12,1.2043,43,1.1,1.1827,37,1.07,1.1505,2,1.11,1.1935,165,0
IWM190920P156,2019-09-17,2019-09-17 09:38:19,1.12,1.2043,47,1.09,1.172,140,1.07,1.1505,2,1.105,1.1881,165,0
IWM190920P156,2019-09-17,2019-09-17 09:38:19,1.12,1.2043,59,1.09,1.172,183,1.07,1.1505,2,1.105,1.1881,165,0
IWM190920P156,2019-09-17,2019-09-17 09:38:20,1.12,1.2043,43,1.1,1.1827,93,1.07,1.1505,2,1.11,1.1935,165,0
IWM190920P156,2019-09-17,2019-09-17 09:38:20,1.12,1.2043,59,1.09,1.172,183,1.07,1.1505,2,1.105,1.1881,165,0
IWM190920P156,2019-09-17,2019-09-17 09:38:21,1.13,1.215,43,1.1,1.1827,128,1.07,1.1505,2,1.115,1.1989,165,0
IWM190920P156,2019-09-17,2019-09-17 09:38:21,1.12,1.2043,11,1.11,1.1935,60,1.07,1.1505,2,1.115,1.1989,165,0
IWM190920P156,2019-09-17,2019-09-17 09:38:22,1.12,1.2043,11,1.1,1.1827,107,1.07,1.1505,2,1.11,1.1935,165,0
IWM190920P156,2019-09-17,2019-09-17 09:38:22,1.12,1.2043,11,1.11,1.1935,68,1.07,1.1505,2,1.115,1.1989,165,0
IWM190920P156,2019-09-17,2019-09-17 09:38:23,1.12,1.2043,27,1.1,1.1827,107,1.07,1.1505,2,1.11,1.1935,165,0
IWM190920P156,2019-09-17,2019-09-17 09:38:24,1.12,1.2043,39,1.1,1.1827,115,1.07,1.1505,2,1.11,1.1935,165,0
IWM190920P156,2019-09-17,2019-09-17 09:38:24,1.12,1.2043,26,1.1,1.1827,115,1.07,1.1505,2,1.11,1.1935,165,0
IWM190920P156,2019-09-17,2019-09-17 09:38:25,1.12,1.2043,39,1.1,1.1827,115,1.07,1.1505,2,1.11,1.1935,165,0
IWM190920P156,2019-09-17,2019-09-17 09:38:26,1.11,1.1935,18,1.1,1.1827,1,1.07,1.1505,2,1.105,1.1881,165,0
IWM190920P156,2019-09-17,2019-09-17 09:38:26,1.11,1.1935,18,1.08,1.1612,98,1.07,1.1505,2,1.095,1.1774,165,0
IWM190920P156,2019-09-17,2019-09-17 09:38:27,1.1,1.1827,13,1.08,1.1612,98,1.07,1.1505,2,1.09,1.172,165,0
IWM190920P156,2019-09-17,2019-09-17 09:38:28,1.09,1.172,18,1.07,1.1505,117,1.07,1.1505,2,1.08,1.1612,165,0
IWM190920P156,2019-09-17,2019-09-17 09:38:28,1.09,1.172,18,1.08,1.1612,30,1.07,1.1505,2,1.085,1.1666,165,0
IWM190920P156,2019-09-17,2019-09-17 09:38:29,1.09,1.172,32,1.07,1.1505,75,1.07,1.1505,2,1.08,1.1612,165,0
IWM190920P156,2019-09-17,2019-09-17 09:38:29,1.1,1.1827,39,1.08,1.1612,86,1.07,1.1505,2,1.09,1.172,165,0
IWM190920P156,2019-09-17,2019-09-17 09:38:30,1.1,1.1827,44,1.07,1.1505,107,1.07,1.1505,2,1.085,1.1666,165,0
IWM190920P156,2019-09-17,2019-09-17 09:38:30,1.1,1.1827,44,1.08,1.1612,15,1.07,1.1505,2,1.09,1.172,165,0
IWM190920P156,2019-09-17,2019-09-17 09:38:31,1.1,1.1827,44,1.07,1.1505,161,1.07,1.1505,2,1.085,1.1666,165,0
IWM190920P156,2019-09-17,2019-09-17 09:38:31,1.1,1.1827,44,1.07,1.1505,259,1.07,1.1505,2,1.085,1.1666,165,0
IWM190920P156,2019-09-17,2019-09-17 09:38:32,1.09,1.172,30,1.07,1.1505,30,1.07,1.1505,2,1.08,1.1612,165,0
IWM190920P156,2019-09-17,2019-09-17 09:38:32,1.09,1.172,30,1.07,1.1505,115,1.07,1.1505,2,1.08,1.1612,165,0
IWM190920P156,2019-09-17,2019-09-17 09:38:33,1.09,1.172,30,1.07,1.1505,115,1.07,1.1505,2,1.08,1.1612,165,0
IWM190920P156,2019-09-17,2019-09-17 09:38:33,1.09,1.172,30,1.07,1.1505,63,1.07,1.1505,2,1.08,1.1612,165,0
IWM190920P156,2019-09-17,2019-09-17 09:38:34,1.09,1.172,40,1.06,1.1397,130,1.07,1.1505,2,1.075,1.1559,165,0
IWM190920P156,2019-09-17,2019-09-17 09:38:34,1.08,1.1612,29,1.06,1.1397,130,1.07,1.1505,2,1.07,1.1505,165,0
IWM190920P156,2019-09-17,2019-09-17 09:38:35,1.07,1.1505,35,1.05,1.129,30,1.06,1.1397,10,1.06,1.1397,175,0
IWM190920P156,2019-09-17,2019-09-17 09:38:35,1.07,1.1505,18,1.06,1.1397,81,1.06,1.1397,10,1.065,1.1451,175,10
IWM190920P156,2019-09-17,2019-09-17 09:38:36,1.07,1.1505,25,1.05,1.129,88,1.06,1.1397,10,1.06,1.1397,175,0
IWM190920P156,2019-09-17,2019-09-17 09:38:36,1.07,1.1505,35,1.05,1.129,88,1.06,1.1397,10,1.06,1.1397,175,0
IWM190920P156,2019-09-17,2019-09-17 09:38:37,1.07,1.1505,25,1.05,1.129,48,1.06,1.1397,10,1.06,1.1397,175,0
IWM190920P156,2019-09-17,2019-09-17 09:38:37,1.06,1.1397,21,1.05,1.129,10,1.06,1.1397,10,1.055,1.1344,175,0
IWM190920P156,2019-09-17,2019-09-17 09:38:38,1.06,1.1397,21,1.04,1.1182,199,1.06,1.1397,10,1.05,1.129,175,0
IWM190920P156,2019-09-17,2019-09-17 09:38:38,1.07,1.1505,41,1.05,1.129,54,1.06,1.1397,10,1.06,1.1397,175,0
IWM190920P156,2019-09-17,2019-09-17 09:38:39,1.06,1.1397,25,1.04,1.1182,126,1.06,1.1397,10,1.05,1.129,175,0
IWM190920P156,2019-09-17,2019-09-17 09:38:39,1.07,1.1505,35,1.04,1.1182,162,1.06,1.1397,10,1.055,1.1344,175,0
IWM190920P156,2019-09-17,2019-09-17 09:38:40,1.07,1.1505,35,1.05,1.129,60,1.06,1.1397,10,1.06,1.1397,175,0
