symbol,Date,quote_time,ask_price,norm_ask_price,ask_size,bid_price,norm_bid_price,bid_size,last_trade_price,norm_last_trade_price,last_trade_size,mark_price,norm_mark_price,volume,Volume
SPY190522C285,2019-05-20,2019-05-20 09:31:32,1.5,1.0,121,1.48,0.9866,50,1.53,1.02,1,1.49,0.9933,112,112
SPY190522C285,2019-05-20,2019-05-20 09:31:36,1.49,0.9933,100,1.46,0.9733,235,1.5,1.0,40,1.475,0.9833,152,40
SPY190522C285,2019-05-20,2019-05-20 09:31:38,1.48,0.9866,1,1.46,0.9733,679,1.49,0.9933,6,1.47,0.98,163,11
SPY190522C285,2019-05-20,2019-05-20 09:31:39,1.51,1.0066,300,1.47,0.98,309,1.49,0.9933,6,1.49,0.9933,163,0
SPY190522C285,2019-05-20,2019-05-20 09:31:40,1.51,1.0066,481,1.47,0.98,353,1.49,0.9933,6,1.49,0.9933,163,0
SPY190522C285,2019-05-20,2019-05-20 09:31:41,1.51,1.0066,100,1.48,0.9866,42,1.49,0.9933,6,1.495,0.9966,163,0
SPY190522C285,2019-05-20,2019-05-20 09:31:42,1.51,1.0066,132,1.49,0.9933,1,1.49,0.9933,6,1.5,1.0,163,0
SPY190522C285,2019-05-20,2019-05-20 09:31:43,1.5,1.0,194,1.47,0.98,267,1.49,0.9933,1,1.485,0.99,164,1
SPY190522C285,2019-05-20,2019-05-20 09:31:44,1.5,1.0,481,1.47,0.98,154,1.49,0.9933,1,1.485,0.99,164,0
SPY190522C285,2019-05-20,2019-05-20 09:31:45,1.5,1.0,481,1.47,0.98,198,1.49,0.9933,1,1.485,0.99,164,0
SPY190522C285,2019-05-20,2019-05-20 09:31:46,1.5,1.0,481,1.47,0.98,219,1.49,0.9933,1,1.485,0.99,164,0
SPY190522C285,2019-05-20,2019-05-20 09:31:47,1.49,0.9933,75,1.48,0.9866,2,1.49,0.9933,1,1.485,0.99,164,0
SPY190522C285,2019-05-20,2019-05-20 09:31:48,1.51,1.0066,50,1.48,0.9866,255,1.49,0.9933,1,1.495,0.9966,164,0
SPY190522C285,2019-05-20,2019-05-20 09:31:49,1.51,1.0066,82,1.48,0.9866,250,1.49,0.9933,1,1.495,0.9966,164,0
SPY190522C285,2019-05-20,2019-05-20 09:31:50,1.51,1.0066,82,1.48,0.9866,301,1.49,0.9933,1,1.495,0.9966,164,0
SPY190522C285,2019-05-20,2019-05-20 09:31:51,1.51,1.0066,499,1.49,0.9933,144,1.49,0.9933,1,1.5,1.0,164,0
SPY190522C285,2019-05-20,2019-05-20 09:31:52,1.52,1.0133,400,1.48,0.9866,2,1.49,0.9933,1,1.5,1.0,164,0
SPY190522C285,2019-05-20,2019-05-20 09:31:53,1.5,1.0,171,1.48,0.9866,2,1.49,0.9933,1,1.49,0.9933,164,0
SPY190522C285,2019-05-20,2019-05-20 09:31:53,1.54,1.0266,100,1.5,1.0,2,1.49,0.9933,1,1.52,1.0133,164,0
SPY190522C285,2019-05-20,2019-05-20 09:31:54,1.54,1.0266,499,1.5,1.0,312,1.49,0.9933,1,1.52,1.0133,164,0
SPY190522C285,2019-05-20,2019-05-20 09:31:55,1.53,1.02,75,1.5,1.0,293,1.49,0.9933,1,1.515,1.01,164,0
SPY190522C285,2019-05-20,2019-05-20 09:31:56,1.52,1.0133,37,1.5,1.0,294,1.49,0.9933,1,1.51,1.0066,164,0
SPY190522C285,2019-05-20,2019-05-20 09:31:57,1.53,1.02,115,1.5,1.0,264,1.49,0.9933,1,1.515,1.01,164,0
SPY190522C285,2019-05-20,2019-05-20 09:31:58,1.53,1.02,100,1.5,1.0,263,1.49,0.9933,1,1.515,1.01,164,0
SPY190522C285,2019-05-20,2019-05-20 09:31:59,1.53,1.02,422,1.5,1.0,263,1.49,0.9933,1,1.515,1.01,164,0
SPY190522C285,2019-05-20,2019-05-20 09:31:59,1.52,1.0133,1,1.5,1.0,263,1.51,1.0066,1,1.51,1.0066,166,2
SPY190522C285,2019-05-20,2019-05-20 09:32:00,1.53,1.02,481,1.5,1.0,263,1.51,1.0066,1,1.515,1.01,166,0
SPY190522C285,2019-05-20,2019-05-20 09:32:01,1.53,1.02,336,1.5,1.0,263,1.51,1.0066,1,1.515,1.01,166,0
SPY190522C285,2019-05-20,2019-05-20 09:32:02,1.53,1.02,336,1.5,1.0,263,1.51,1.0066,1,1.515,1.01,166,0
SPY190522C285,2019-05-20,2019-05-20 09:32:02,1.53,1.02,481,1.5,1.0,263,1.51,1.0066,1,1.515,1.01,166,0
SPY190522C285,2019-05-20,2019-05-20 09:32:03,1.53,1.02,481,1.5,1.0,239,1.51,1.0066,1,1.515,1.01,166,0
SPY190522C285,2019-05-20,2019-05-20 09:32:04,1.53,1.02,481,1.5,1.0,239,1.51,1.0066,1,1.515,1.01,166,0
SPY190522C285,2019-05-20,2019-05-20 09:32:05,1.53,1.02,365,1.5,1.0,239,1.51,1.0066,1,1.515,1.01,166,0
SPY190522C285,2019-05-20,2019-05-20 09:32:06,1.53,1.02,518,1.5,1.0,239,1.51,1.0066,1,1.515,1.01,166,0
SPY190522C285,2019-05-20,2019-05-20 09:32:07,1.54,1.0266,125,1.5,1.0,194,1.49,0.9933,5,1.52,1.0133,208,41
SPY190522C285,2019-05-20,2019-05-20 09:32:07,1.51,1.0066,100,1.5,1.0,1,1.5,1.0,1,1.505,1.0033,167,1
SPY190522C285,2019-05-20,2019-05-20 09:32:08,1.52,1.0133,31,1.5,1.0,35,1.49,0.9933,5,1.51,1.0066,208,0
SPY190522C285,2019-05-20,2019-05-20 09:32:09,1.51,1.0066,50,1.5,1.0,6,1.49,0.9933,5,1.505,1.0033,208,0
SPY190522C285,2019-05-20,2019-05-20 09:32:10,1.51,1.0066,157,1.49,0.9933,3,1.5,1.0,6,1.5,1.0,214,6
SPY190522C285,2019-05-20,2019-05-20 09:32:11,1.5,1.0,60,1.47,0.98,144,1.5,1.0,3,1.485,0.99,329,115
SPY190522C285,2019-05-20,2019-05-20 09:32:12,1.49,0.9933,132,1.46,0.9733,50,1.47,0.98,2,1.475,0.9833,348,19
SPY190522C285,2019-05-20,2019-05-20 09:32:13,1.48,0.9866,82,1.46,0.9733,1,1.46,0.9733,10,1.47,0.98,358,10
SPY190522C285,2019-05-20,2019-05-20 09:32:14,1.49,0.9933,50,1.45,0.9666,247,1.46,0.9733,10,1.47,0.98,358,0
SPY190522C285,2019-05-20,2019-05-20 09:32:15,1.48,0.9866,57,1.46,0.9733,242,1.46,0.9733,10,1.47,0.98,358,0
SPY190522C285,2019-05-20,2019-05-20 09:32:17,1.48,0.9866,152,1.46,0.9733,175,1.46,0.9733,10,1.47,0.98,358,0
SPY190522C285,2019-05-20,2019-05-20 09:32:18,1.48,0.9866,81,1.45,0.9666,258,1.47,0.98,2,1.465,0.9766,360,2
SPY190522C285,2019-05-20,2019-05-20 09:32:18,1.48,0.9866,81,1.46,0.9733,175,1.46,0.9733,10,1.47,0.98,358,0
SPY190522C285,2019-05-20,2019-05-20 09:32:19,1.48,0.9866,81,1.46,0.9733,175,1.47,0.98,2,1.47,0.98,360,0
SPY190522C285,2019-05-20,2019-05-20 09:32:20,1.48,0.9866,146,1.46,0.9733,48,1.47,0.98,2,1.47,0.98,360,0
SPY190522C285,2019-05-20,2019-05-20 09:32:21,1.48,0.9866,228,1.45,0.9666,6,1.48,0.9866,1,1.465,0.9766,361,1
SPY190522C285,2019-05-20,2019-05-20 09:32:22,1.48,0.9866,228,1.45,0.9666,271,1.48,0.9866,1,1.465,0.9766,361,0
SPY190522C285,2019-05-20,2019-05-20 09:32:23,1.47,0.98,100,1.45,0.9666,259,1.47,0.98,1,1.46,0.9733,362,1
SPY190522C285,2019-05-20,2019-05-20 09:32:24,1.48,0.9866,336,1.45,0.9666,345,1.47,0.98,1,1.465,0.9766,362,0
SPY190522C285,2019-05-20,2019-05-20 09:32:25,1.47,0.98,100,1.45,0.9666,369,1.47,0.98,1,1.46,0.9733,362,0
SPY190522C285,2019-05-20,2019-05-20 09:32:26,1.46,0.9733,100,1.45,0.9666,6,1.47,0.98,1,1.455,0.97,362,0
SPY190522C285,2019-05-20,2019-05-20 09:32:27,1.46,0.9733,100,1.45,0.9666,6,1.47,0.98,1,1.455,0.97,362,0
SPY190522C285,2019-05-20,2019-05-20 09:32:28,1.47,0.98,514,1.46,0.9733,1,1.46,0.9733,65,1.465,0.9766,427,65
SPY190522C285,2019-05-20,2019-05-20 09:32:29,1.47,0.98,514,1.46,0.9733,7,1.46,0.9733,65,1.465,0.9766,427,0
SPY190522C285,2019-05-20,2019-05-20 09:32:30,1.47,0.98,83,1.46,0.9733,1,1.46,0.9733,65,1.465,0.9766,427,0
SPY190522C285,2019-05-20,2019-05-20 09:32:31,1.47,0.98,100,1.46,0.9733,1,1.46,0.9733,65,1.465,0.9766,427,0
SPY190522C285,2019-05-20,2019-05-20 09:32:32,1.47,0.98,144,1.46,0.9733,1,1.46,0.9733,65,1.465,0.9766,427,0
SPY190522C285,2019-05-20,2019-05-20 09:32:33,1.49,0.9933,170,1.46,0.9733,51,1.46,0.9733,65,1.475,0.9833,427,0
SPY190522C285,2019-05-20,2019-05-20 09:32:34,1.49,0.9933,481,1.46,0.9733,40,1.46,0.9733,65,1.475,0.9833,427,0
SPY190522C285,2019-05-20,2019-05-20 09:32:35,1.49,0.9933,115,1.47,0.98,143,1.47,0.98,2,1.48,0.9866,429,2
SPY190522C285,2019-05-20,2019-05-20 09:32:36,1.5,1.0,126,1.47,0.98,366,1.47,0.98,2,1.485,0.99,429,0
SPY190522C285,2019-05-20,2019-05-20 09:32:37,1.49,0.9933,100,1.46,0.9733,486,1.47,0.98,2,1.475,0.9833,429,0
SPY190522C285,2019-05-20,2019-05-20 09:32:39,1.49,0.9933,132,1.48,0.9866,10,1.47,0.98,2,1.485,0.99,429,0
SPY190522C285,2019-05-20,2019-05-20 09:32:40,1.48,0.9866,1,1.46,0.9733,13,1.48,0.9866,10,1.47,0.98,439,10
SPY190522C285,2019-05-20,2019-05-20 09:32:41,1.48,0.9866,90,1.46,0.9733,6,1.48,0.9866,10,1.47,0.98,439,0
SPY190522C285,2019-05-20,2019-05-20 09:32:42,1.47,0.98,82,1.46,0.9733,5,1.48,0.9866,10,1.465,0.9766,439,0
SPY190522C285,2019-05-20,2019-05-20 09:32:43,1.47,0.98,83,1.46,0.9733,5,1.48,0.9866,10,1.465,0.9766,439,0
SPY190522C285,2019-05-20,2019-05-20 09:32:44,1.47,0.98,83,1.46,0.9733,5,1.48,0.9866,10,1.465,0.9766,439,0
SPY190522C285,2019-05-20,2019-05-20 09:32:45,1.47,0.98,142,1.46,0.9733,6,1.48,0.9866,10,1.465,0.9766,439,0
SPY190522C285,2019-05-20,2019-05-20 09:32:46,1.47,0.98,151,1.46,0.9733,6,1.46,0.9733,8,1.465,0.9766,447,8
SPY190522C285,2019-05-20,2019-05-20 09:32:47,1.47,0.98,57,1.46,0.9733,6,1.46,0.9733,1,1.465,0.9766,453,6
SPY190522C285,2019-05-20,2019-05-20 09:32:48,1.47,0.98,175,1.45,0.9666,6,1.46,0.9733,1,1.46,0.9733,453,0
SPY190522C285,2019-05-20,2019-05-20 09:32:49,1.47,0.98,31,1.45,0.9666,6,1.47,0.98,1,1.46,0.9733,454,1
SPY190522C285,2019-05-20,2019-05-20 09:32:50,1.48,0.9866,57,1.46,0.9733,50,1.47,0.98,1,1.47,0.98,454,0
SPY190522C285,2019-05-20,2019-05-20 09:32:51,1.48,0.9866,100,1.45,0.9666,362,1.47,0.98,1,1.465,0.9766,454,0
SPY190522C285,2019-05-20,2019-05-20 09:32:52,1.48,0.9866,60,1.46,0.9733,178,1.47,0.98,1,1.47,0.98,454,0
SPY190522C285,2019-05-20,2019-05-20 09:32:53,1.48,0.9866,50,1.47,0.98,243,1.47,0.98,1,1.475,0.9833,454,0
SPY190522C285,2019-05-20,2019-05-20 09:32:54,1.51,1.0066,256,1.47,0.98,243,1.47,0.98,1,1.49,0.9933,454,0
SPY190522C285,2019-05-20,2019-05-20 09:32:55,1.51,1.0066,379,1.48,0.9866,245,1.48,0.9866,8,1.495,0.9966,469,15
SPY190522C285,2019-05-20,2019-05-20 09:32:56,1.5,1.0,350,1.47,0.98,51,1.48,0.9866,8,1.485,0.99,469,0
SPY190522C285,2019-05-20,2019-05-20 09:32:57,1.5,1.0,101,1.47,0.98,317,1.48,0.9866,8,1.485,0.99,469,0
SPY190522C285,2019-05-20,2019-05-20 09:32:58,1.49,0.9933,50,1.47,0.98,12,1.48,0.9866,8,1.48,0.9866,469,0
SPY190522C285,2019-05-20,2019-05-20 09:32:59,1.49,0.9933,100,1.47,0.98,38,1.48,0.9866,8,1.48,0.9866,469,0
SPY190522C285,2019-05-20,2019-05-20 09:33:00,1.49,0.9933,75,1.48,0.9866,1,1.48,0.9866,2,1.485,0.99,471,2
SPY190522C285,2019-05-20,2019-05-20 09:33:01,1.51,1.0066,50,1.48,0.9866,294,1.48,0.9866,2,1.495,0.9966,471,0
SPY190522C285,2019-05-20,2019-05-20 09:33:02,1.5,1.0,100,1.47,0.98,60,1.48,0.9866,2,1.485,0.99,471,0
SPY190522C285,2019-05-20,2019-05-20 09:33:03,1.5,1.0,481,1.47,0.98,64,1.48,0.9866,2,1.485,0.99,471,0
SPY190522C285,2019-05-20,2019-05-20 09:33:04,1.49,0.9933,297,1.47,0.98,6,1.47,0.98,5,1.48,0.9866,477,6
SPY190522C285,2019-05-20,2019-05-20 09:33:05,1.48,0.9866,82,1.46,0.9733,344,1.48,0.9866,1,1.47,0.98,478,1
SPY190522C285,2019-05-20,2019-05-20 09:33:06,1.48,0.9866,64,1.46,0.9733,340,1.48,0.9866,1,1.47,0.98,478,0
SPY190522C285,2019-05-20,2019-05-20 09:33:07,1.48,0.9866,100,1.45,0.9666,521,1.48,0.9866,1,1.465,0.9766,479,1
SPY190522C285,2019-05-20,2019-05-20 09:33:08,1.48,0.9866,83,1.45,0.9666,392,1.47,0.98,5,1.465,0.9766,484,5
SPY190522C285,2019-05-20,2019-05-20 09:33:09,1.47,0.98,57,1.45,0.9666,82,1.47,0.98,5,1.46,0.9733,484,0
SPY190522C285,2019-05-20,2019-05-20 09:33:10,1.48,0.9866,115,1.45,0.9666,6,1.47,0.98,5,1.465,0.9766,484,0
SPY190522C285,2019-05-20,2019-05-20 09:33:11,1.47,0.98,50,1.45,0.9666,50,1.47,0.98,5,1.46,0.9733,484,0
SPY190522C285,2019-05-20,2019-05-20 09:33:12,1.47,0.98,100,1.45,0.9666,324,1.47,0.98,5,1.46,0.9733,484,0
SPY190522C285,2019-05-20,2019-05-20 09:33:14,1.47,0.98,100,1.45,0.9666,241,1.47,0.98,5,1.46,0.9733,484,0
SPY190522C285,2019-05-20,2019-05-20 09:33:15,1.48,0.9866,49,1.46,0.9733,92,1.47,0.98,5,1.47,0.98,484,0
SPY190522C285,2019-05-20,2019-05-20 09:33:16,1.47,0.98,101,1.45,0.9666,50,1.47,0.98,5,1.46,0.9733,484,0
SPY190522C285,2019-05-20,2019-05-20 09:33:17,1.47,0.98,126,1.45,0.9666,6,1.47,0.98,3,1.46,0.9733,504,20
SPY190522C285,2019-05-20,2019-05-20 09:33:18,1.47,0.98,25,1.45,0.9666,9,1.47,0.98,3,1.46,0.9733,504,0
SPY190522C285,2019-05-20,2019-05-20 09:33:19,1.47,0.98,100,1.45,0.9666,321,1.47,0.98,3,1.46,0.9733,504,0
SPY190522C285,2019-05-20,2019-05-20 09:33:20,1.47,0.98,100,1.45,0.9666,93,1.47,0.98,3,1.46,0.9733,504,0
SPY190522C285,2019-05-20,2019-05-20 09:33:21,1.47,0.98,100,1.45,0.9666,51,1.47,0.98,3,1.46,0.9733,504,0
SPY190522C285,2019-05-20,2019-05-20 09:33:22,1.48,0.9866,423,1.45,0.9666,327,1.47,0.98,3,1.465,0.9766,504,0
SPY190522C285,2019-05-20,2019-05-20 09:33:23,1.49,0.9933,50,1.47,0.98,57,1.47,0.98,3,1.48,0.9866,504,0
SPY190522C285,2019-05-20,2019-05-20 09:33:24,1.49,0.9933,780,1.45,0.9666,990,1.47,0.98,3,1.47,0.98,504,0
SPY190522C285,2019-05-20,2019-05-20 09:33:25,1.5,1.0,133,1.47,0.98,754,1.47,0.98,3,1.485,0.99,504,0
SPY190522C285,2019-05-20,2019-05-20 09:33:26,1.5,1.0,33,1.47,0.98,315,1.47,0.98,3,1.485,0.99,504,0
SPY190522C285,2019-05-20,2019-05-20 09:33:27,1.5,1.0,1,1.49,0.9933,33,1.47,0.98,3,1.495,0.9966,504,0
SPY190522C285,2019-05-20,2019-05-20 09:33:28,1.5,1.0,1,1.48,0.9866,50,1.47,0.98,3,1.49,0.9933,504,0
SPY190522C285,2019-05-20,2019-05-20 09:33:29,1.5,1.0,137,1.47,0.98,940,1.47,0.98,3,1.485,0.99,504,0
SPY190522C285,2019-05-20,2019-05-20 09:33:30,1.5,1.0,6,1.47,0.98,801,1.47,0.98,3,1.485,0.99,504,0
SPY190522C285,2019-05-20,2019-05-20 09:33:31,1.5,1.0,116,1.47,0.98,92,1.47,0.98,3,1.485,0.99,504,0
SPY190522C285,2019-05-20,2019-05-20 09:33:32,1.49,0.9933,64,1.47,0.98,16,1.47,0.98,3,1.48,0.9866,504,0
SPY190522C285,2019-05-20,2019-05-20 09:33:33,1.5,1.0,6,1.48,0.9866,50,1.47,0.98,3,1.49,0.9933,504,0
SPY190522C285,2019-05-20,2019-05-20 09:33:34,1.5,1.0,50,1.48,0.9866,51,1.47,0.98,3,1.49,0.9933,504,0
SPY190522C285,2019-05-20,2019-05-20 09:33:35,1.5,1.0,1,1.48,0.9866,100,1.47,0.98,3,1.49,0.9933,504,0
SPY190522C285,2019-05-20,2019-05-20 09:33:36,1.52,1.0133,64,1.49,0.9933,737,1.5,1.0,1,1.505,1.0033,505,1
SPY190522C285,2019-05-20,2019-05-20 09:33:38,1.52,1.0133,84,1.5,1.0,50,1.5,1.0,1,1.51,1.0066,505,0
SPY190522C285,2019-05-20,2019-05-20 09:33:39,1.52,1.0133,549,1.49,0.9933,236,1.5,1.0,1,1.505,1.0033,505,0
SPY190522C285,2019-05-20,2019-05-20 09:33:40,1.52,1.0133,221,1.49,0.9933,236,1.5,1.0,1,1.505,1.0033,505,0
SPY190522C285,2019-05-20,2019-05-20 09:33:41,1.5,1.0,529,1.47,0.98,36,1.5,1.0,1,1.485,0.99,505,0
SPY190522C285,2019-05-20,2019-05-20 09:33:42,1.49,0.9933,58,1.47,0.98,10,1.5,1.0,1,1.48,0.9866,505,0
SPY190522C285,2019-05-20,2019-05-20 09:33:43,1.5,1.0,19,1.47,0.98,138,1.5,1.0,1,1.485,0.99,505,0
SPY190522C285,2019-05-20,2019-05-20 09:33:44,1.51,1.0066,220,1.47,0.98,664,1.5,1.0,1,1.49,0.9933,505,0
SPY190522C285,2019-05-20,2019-05-20 09:33:45,1.5,1.0,1,1.48,0.9866,50,1.49,0.9933,10,1.49,0.9933,523,18
SPY190522C285,2019-05-20,2019-05-20 09:33:46,1.5,1.0,1,1.47,0.98,848,1.49,0.9933,10,1.485,0.99,523,0
SPY190522C285,2019-05-20,2019-05-20 09:33:47,1.51,1.0066,83,1.48,0.9866,492,1.49,0.9933,10,1.495,0.9966,523,0
SPY190522C285,2019-05-20,2019-05-20 09:33:48,1.52,1.0133,237,1.49,0.9933,110,1.49,0.9933,10,1.505,1.0033,523,0
SPY190522C285,2019-05-20,2019-05-20 09:33:49,1.52,1.0133,316,1.49,0.9933,100,1.49,0.9933,10,1.505,1.0033,523,0
SPY190522C285,2019-05-20,2019-05-20 09:33:50,1.51,1.0066,57,1.49,0.9933,2,1.49,0.9933,10,1.5,1.0,523,0
SPY190522C285,2019-05-20,2019-05-20 09:33:52,1.51,1.0066,749,1.49,0.9933,2,1.49,0.9933,10,1.5,1.0,523,0
SPY190522C285,2019-05-20,2019-05-20 09:33:53,1.52,1.0133,142,1.49,0.9933,100,1.5,1.0,4,1.505,1.0033,527,4
SPY190522C285,2019-05-20,2019-05-20 09:33:54,1.52,1.0133,336,1.49,0.9933,100,1.5,1.0,4,1.505,1.0033,527,0
SPY190522C285,2019-05-20,2019-05-20 09:33:55,1.52,1.0133,466,1.49,0.9933,8,1.5,1.0,1,1.505,1.0033,530,3
SPY190522C285,2019-05-20,2019-05-20 09:33:56,1.52,1.0133,226,1.49,0.9933,50,1.5,1.0,1,1.505,1.0033,530,0
SPY190522C285,2019-05-20,2019-05-20 09:33:58,1.5,1.0,76,1.49,0.9933,2,1.49,0.9933,2,1.495,0.9966,532,2
SPY190522C285,2019-05-20,2019-05-20 09:33:58,1.51,1.0066,82,1.49,0.9933,50,1.5,1.0,1,1.5,1.0,530,0
SPY190522C285,2019-05-20,2019-05-20 09:34:00,1.5,1.0,1,1.48,0.9866,100,1.5,1.0,1,1.49,0.9933,543,11
SPY190522C285,2019-05-20,2019-05-20 09:34:00,1.51,1.0066,74,1.48,0.9866,505,1.5,1.0,1,1.495,0.9966,543,0
SPY190522C285,2019-05-20,2019-05-20 09:34:01,1.52,1.0133,453,1.49,0.9933,51,1.5,1.0,1,1.505,1.0033,543,0
SPY190522C285,2019-05-20,2019-05-20 09:34:03,1.51,1.0066,176,1.48,0.9866,99,1.5,1.0,1,1.495,0.9966,543,0
SPY190522C285,2019-05-20,2019-05-20 09:34:04,1.5,1.0,39,1.48,0.9866,117,1.5,1.0,1,1.49,0.9933,543,0
SPY190522C285,2019-05-20,2019-05-20 09:34:05,1.51,1.0066,53,1.48,0.9866,164,1.5,1.0,1,1.495,0.9966,543,0
SPY190522C285,2019-05-20,2019-05-20 09:34:06,1.52,1.0133,409,1.49,0.9933,61,1.5,1.0,1,1.505,1.0033,543,0
SPY190522C285,2019-05-20,2019-05-20 09:34:07,1.52,1.0133,485,1.49,0.9933,124,1.5,1.0,1,1.505,1.0033,543,0
SPY190522C285,2019-05-20,2019-05-20 09:34:08,1.51,1.0066,79,1.49,0.9933,118,1.5,1.0,1,1.5,1.0,543,0
SPY190522C285,2019-05-20,2019-05-20 09:34:09,1.52,1.0133,253,1.49,0.9933,67,1.5,1.0,1,1.505,1.0033,543,0
SPY190522C285,2019-05-20,2019-05-20 09:34:10,1.51,1.0066,52,1.49,0.9933,100,1.5,1.0,1,1.5,1.0,543,0
SPY190522C285,2019-05-20,2019-05-20 09:34:11,1.51,1.0066,50,1.49,0.9933,50,1.5,1.0,1,1.5,1.0,543,0
SPY190522C285,2019-05-20,2019-05-20 09:34:12,1.51,1.0066,144,1.48,0.9866,128,1.5,1.0,1,1.495,0.9966,543,0
SPY190522C285,2019-05-20,2019-05-20 09:34:13,1.5,1.0,363,1.47,0.98,118,1.47,0.98,20,1.485,0.99,563,20
SPY190522C285,2019-05-20,2019-05-20 09:34:14,1.49,0.9933,50,1.47,0.98,4,1.47,0.98,20,1.48,0.9866,563,0
SPY190522C285,2019-05-20,2019-05-20 09:34:15,1.49,0.9933,101,1.47,0.98,60,1.49,0.9933,2,1.48,0.9866,565,2
SPY190522C285,2019-05-20,2019-05-20 09:34:17,1.5,1.0,28,1.47,0.98,9,1.49,0.9933,1,1.485,0.99,566,1
SPY190522C285,2019-05-20,2019-05-20 09:34:18,1.5,1.0,63,1.48,0.9866,117,1.49,0.9933,1,1.49,0.9933,566,0
SPY190522C285,2019-05-20,2019-05-20 09:34:19,1.51,1.0066,485,1.48,0.9866,60,1.49,0.9933,1,1.495,0.9966,566,0
SPY190522C285,2019-05-20,2019-05-20 09:34:20,1.51,1.0066,6,1.48,0.9866,198,1.49,0.9933,1,1.495,0.9966,566,0
SPY190522C285,2019-05-20,2019-05-20 09:34:22,1.51,1.0066,290,1.47,0.98,50,1.49,0.9933,1,1.49,0.9933,566,0
SPY190522C285,2019-05-20,2019-05-20 09:34:23,1.52,1.0133,314,1.48,0.9866,290,1.49,0.9933,1,1.5,1.0,566,0
SPY190522C285,2019-05-20,2019-05-20 09:34:24,1.51,1.0066,100,1.48,0.9866,153,1.49,0.9933,1,1.495,0.9966,566,0
SPY190522C285,2019-05-20,2019-05-20 09:34:25,1.51,1.0066,77,1.49,0.9933,50,1.49,0.9933,1,1.5,1.0,566,0
SPY190522C285,2019-05-20,2019-05-20 09:34:27,1.51,1.0066,50,1.48,0.9866,305,1.49,0.9933,1,1.495,0.9966,566,0
SPY190522C285,2019-05-20,2019-05-20 09:34:28,1.51,1.0066,100,1.48,0.9866,121,1.49,0.9933,1,1.495,0.9966,566,0
SPY190522C285,2019-05-20,2019-05-20 09:34:29,1.5,1.0,256,1.47,0.98,137,1.49,0.9933,1,1.485,0.99,566,0
SPY190522C285,2019-05-20,2019-05-20 09:34:30,1.49,0.9933,100,1.47,0.98,9,1.49,0.9933,1,1.48,0.9866,566,0
SPY190522C285,2019-05-20,2019-05-20 09:34:31,1.49,0.9933,382,1.47,0.98,3,1.49,0.9933,1,1.48,0.9866,566,0
SPY190522C285,2019-05-20,2019-05-20 09:34:32,1.49,0.9933,284,1.47,0.98,71,1.49,0.9933,1,1.48,0.9866,566,0
SPY190522C285,2019-05-20,2019-05-20 09:34:34,1.49,0.9933,82,1.47,0.98,110,1.49,0.9933,1,1.48,0.9866,566,0
SPY190522C285,2019-05-20,2019-05-20 09:34:35,1.5,1.0,542,1.47,0.98,120,1.49,0.9933,1,1.485,0.99,566,0
SPY190522C285,2019-05-20,2019-05-20 09:34:37,1.5,1.0,545,1.47,0.98,110,1.5,1.0,100,1.485,0.99,666,100
SPY190522C285,2019-05-20,2019-05-20 09:34:38,1.5,1.0,357,1.47,0.98,115,1.5,1.0,100,1.485,0.99,666,0
SPY190522C285,2019-05-20,2019-05-20 09:34:39,1.5,1.0,754,1.47,0.98,175,1.5,1.0,100,1.485,0.99,666,0
SPY190522C285,2019-05-20,2019-05-20 09:34:40,1.5,1.0,542,1.47,0.98,175,1.5,1.0,100,1.485,0.99,666,0
SPY190522C285,2019-05-20,2019-05-20 09:34:41,1.51,1.0066,89,1.48,0.9866,463,1.5,1.0,100,1.495,0.9966,666,0
SPY190522C285,2019-05-20,2019-05-20 09:34:43,1.5,1.0,754,1.48,0.9866,1,1.48,0.9866,5,1.49,0.9933,671,5
SPY190522C285,2019-05-20,2019-05-20 09:34:44,1.51,1.0066,146,1.49,0.9933,1,1.48,0.9866,5,1.5,1.0,671,0
SPY190522C285,2019-05-20,2019-05-20 09:34:46,1.5,1.0,218,1.49,0.9933,1,1.48,0.9866,5,1.495,0.9966,671,0
SPY190522C285,2019-05-20,2019-05-20 09:34:47,1.49,0.9933,28,1.47,0.98,9,1.49,0.9933,1,1.48,0.9866,672,1
SPY190522C285,2019-05-20,2019-05-20 09:34:49,1.49,0.9933,218,1.47,0.98,3,1.49,0.9933,1,1.48,0.9866,672,0
SPY190522C285,2019-05-20,2019-05-20 09:34:50,1.47,0.98,100,1.45,0.9666,31,1.47,0.98,3,1.46,0.9733,706,34
SPY190522C285,2019-05-20,2019-05-20 09:34:51,1.46,0.9733,78,1.45,0.9666,31,1.47,0.98,3,1.455,0.97,706,0
SPY190522C285,2019-05-20,2019-05-20 09:34:52,1.45,0.9666,50,1.42,0.9466,355,1.45,0.9666,12,1.435,0.9566,734,28
SPY190522C285,2019-05-20,2019-05-20 09:34:54,1.46,0.9733,27,1.43,0.9533,343,1.45,0.9666,12,1.445,0.9633,734,0
SPY190522C285,2019-05-20,2019-05-20 09:34:55,1.48,0.9866,55,1.44,0.96,454,1.45,0.9666,12,1.46,0.9733,734,0
SPY190522C285,2019-05-20,2019-05-20 09:34:56,1.47,0.98,16,1.44,0.96,498,1.45,0.9666,12,1.455,0.97,734,0
SPY190522C285,2019-05-20,2019-05-20 09:34:58,1.46,0.9733,100,1.43,0.9533,437,1.45,0.9666,12,1.445,0.9633,734,0
SPY190522C285,2019-05-20,2019-05-20 09:34:59,1.46,0.9733,97,1.44,0.96,50,1.46,0.9733,1,1.45,0.9666,740,6
SPY190522C285,2019-05-20,2019-05-20 09:35:00,1.47,0.98,662,1.43,0.9533,363,1.46,0.9733,1,1.45,0.9666,740,0
SPY190522C285,2019-05-20,2019-05-20 09:35:01,1.46,0.9733,100,1.43,0.9533,620,1.46,0.9733,1,1.445,0.9633,740,0
SPY190522C285,2019-05-20,2019-05-20 09:35:03,1.48,0.9866,100,1.44,0.96,345,1.46,0.9733,1,1.46,0.9733,740,0
SPY190522C285,2019-05-20,2019-05-20 09:35:04,1.47,0.98,82,1.44,0.96,590,1.46,0.9733,1,1.455,0.97,740,0
SPY190522C285,2019-05-20,2019-05-20 09:35:05,1.47,0.98,101,1.45,0.9666,3,1.46,0.9733,1,1.46,0.9733,740,0
SPY190522C285,2019-05-20,2019-05-20 09:35:06,1.47,0.98,167,1.45,0.9666,3,1.46,0.9733,1,1.46,0.9733,740,0
SPY190522C285,2019-05-20,2019-05-20 09:35:07,1.47,0.98,256,1.45,0.9666,23,1.46,0.9733,1,1.46,0.9733,740,0
SPY190522C285,2019-05-20,2019-05-20 09:35:08,1.46,0.9733,100,1.45,0.9666,32,1.46,0.9733,1,1.455,0.97,740,0
SPY190522C285,2019-05-20,2019-05-20 09:35:09,1.46,0.9733,100,1.45,0.9666,32,1.46,0.9733,1,1.455,0.97,740,0
SPY190522C285,2019-05-20,2019-05-20 09:35:10,1.47,0.98,114,1.45,0.9666,23,1.46,0.9733,1,1.46,0.9733,740,0
SPY190522C285,2019-05-20,2019-05-20 09:35:11,1.46,0.9733,100,1.45,0.9666,23,1.46,0.9733,1,1.455,0.97,740,0
SPY190522C285,2019-05-20,2019-05-20 09:35:12,1.46,0.9733,82,1.43,0.9533,35,1.45,0.9666,23,1.445,0.9633,763,23
SPY190522C285,2019-05-20,2019-05-20 09:35:13,1.43,0.9533,52,1.4,0.9333,97,1.42,0.9466,2,1.415,0.9433,765,2
SPY190522C285,2019-05-20,2019-05-20 09:35:15,1.42,0.9466,113,1.4,0.9333,100,1.42,0.9466,2,1.41,0.94,765,0
SPY190522C285,2019-05-20,2019-05-20 09:35:16,1.42,0.9466,50,1.4,0.9333,278,1.42,0.9466,2,1.41,0.94,765,0
SPY190522C285,2019-05-20,2019-05-20 09:35:17,1.43,0.9533,501,1.4,0.9333,1130,1.4,0.9333,2,1.415,0.9433,767,2
SPY190522C285,2019-05-20,2019-05-20 09:35:18,1.44,0.96,221,1.41,0.94,134,1.4,0.9333,2,1.425,0.95,767,0
SPY190522C285,2019-05-20,2019-05-20 09:35:19,1.44,0.96,313,1.41,0.94,85,1.4,0.9333,2,1.425,0.95,767,0
SPY190522C285,2019-05-20,2019-05-20 09:35:20,1.43,0.9533,50,1.41,0.94,75,1.4,0.9333,2,1.42,0.9466,767,0
SPY190522C285,2019-05-20,2019-05-20 09:35:22,1.45,0.9666,483,1.43,0.9533,30,1.4,0.9333,2,1.44,0.96,767,0
SPY190522C285,2019-05-20,2019-05-20 09:35:23,1.44,0.96,467,1.43,0.9533,5,1.4,0.9333,2,1.435,0.9566,767,0
SPY190522C285,2019-05-20,2019-05-20 09:35:24,1.43,0.9533,50,1.42,0.9466,50,1.43,0.9533,5,1.425,0.95,772,5
SPY190522C285,2019-05-20,2019-05-20 09:35:25,1.43,0.9533,71,1.42,0.9466,1,1.42,0.9466,10,1.425,0.95,782,10
SPY190522C285,2019-05-20,2019-05-20 09:35:26,1.41,0.94,50,1.39,0.9266,93,1.42,0.9466,1,1.4,0.9333,783,1
SPY190522C285,2019-05-20,2019-05-20 09:35:27,1.41,0.94,81,1.39,0.9266,75,1.42,0.9466,1,1.4,0.9333,783,0
SPY190522C285,2019-05-20,2019-05-20 09:35:28,1.41,0.94,170,1.39,0.9266,50,1.4,0.9333,1,1.4,0.9333,784,1
SPY190522C285,2019-05-20,2019-05-20 09:35:29,1.4,0.9333,50,1.38,0.92,100,1.4,0.9333,1,1.39,0.9266,784,0
SPY190522C285,2019-05-20,2019-05-20 09:35:31,1.4,0.9333,432,1.37,0.9133,279,1.4,0.9333,1,1.385,0.9233,784,0
SPY190522C285,2019-05-20,2019-05-20 09:35:32,1.4,0.9333,474,1.37,0.9133,626,1.4,0.9333,1,1.385,0.9233,784,0
SPY190522C285,2019-05-20,2019-05-20 09:35:34,1.41,0.94,489,1.37,0.9133,1169,1.4,0.9333,1,1.39,0.9266,784,0
SPY190522C285,2019-05-20,2019-05-20 09:35:35,1.41,0.94,234,1.38,0.92,1158,1.4,0.9333,1,1.395,0.93,784,0
SPY190522C285,2019-05-20,2019-05-20 09:35:36,1.42,0.9466,856,1.38,0.92,561,1.4,0.9333,1,1.4,0.9333,784,0
SPY190522C285,2019-05-20,2019-05-20 09:35:38,1.39,0.9266,50,1.37,0.9133,32,1.4,0.9333,1,1.38,0.92,784,0
SPY190522C285,2019-05-20,2019-05-20 09:35:39,1.39,0.9266,844,1.37,0.9133,1,1.37,0.9133,2,1.38,0.92,796,12
SPY190522C285,2019-05-20,2019-05-20 09:35:40,1.38,0.92,124,1.35,0.9,51,1.37,0.9133,1,1.365,0.91,797,1
SPY190522C285,2019-05-20,2019-05-20 09:35:42,1.39,0.9266,15,1.36,0.9066,365,1.37,0.9133,1,1.375,0.9166,797,0
SPY190522C285,2019-05-20,2019-05-20 09:35:43,1.4,0.9333,20,1.36,0.9066,689,1.37,0.9133,1,1.38,0.92,797,0
SPY190522C285,2019-05-20,2019-05-20 09:35:44,1.4,0.9333,186,1.36,0.9066,257,1.37,0.9133,1,1.38,0.92,797,0
SPY190522C285,2019-05-20,2019-05-20 09:35:45,1.39,0.9266,585,1.36,0.9066,100,1.37,0.9133,1,1.375,0.9166,797,0
SPY190522C285,2019-05-20,2019-05-20 09:35:46,1.39,0.9266,84,1.36,0.9066,96,1.37,0.9133,1,1.375,0.9166,797,0
SPY190522C285,2019-05-20,2019-05-20 09:35:47,1.39,0.9266,75,1.36,0.9066,282,1.37,0.9133,1,1.375,0.9166,797,0
SPY190522C285,2019-05-20,2019-05-20 09:35:48,1.39,0.9266,545,1.36,0.9066,100,1.37,0.9133,1,1.375,0.9166,797,0
SPY190522C285,2019-05-20,2019-05-20 09:35:50,1.38,0.92,20,1.36,0.9066,100,1.37,0.9133,1,1.37,0.9133,797,0
SPY190522C285,2019-05-20,2019-05-20 09:35:51,1.38,0.92,80,1.35,0.9,102,1.37,0.9133,1,1.365,0.91,797,0
SPY190522C285,2019-05-20,2019-05-20 09:35:52,1.37,0.9133,20,1.35,0.9,52,1.37,0.9133,1,1.36,0.9066,797,0
SPY190522C285,2019-05-20,2019-05-20 09:35:53,1.37,0.9133,350,1.35,0.9,6,1.37,0.9133,1,1.36,0.9066,797,0
SPY190522C285,2019-05-20,2019-05-20 09:35:54,1.37,0.9133,135,1.35,0.9,60,1.37,0.9133,1,1.36,0.9066,797,0
SPY190522C285,2019-05-20,2019-05-20 09:35:56,1.35,0.9,50,1.33,0.8866,50,1.35,0.9,2,1.34,0.8933,799,2
SPY190522C285,2019-05-20,2019-05-20 09:35:57,1.35,0.9,164,1.33,0.8866,50,1.35,0.9,2,1.34,0.8933,799,0
SPY190522C285,2019-05-20,2019-05-20 09:35:58,1.35,0.9,80,1.32,0.88,6,1.35,0.9,2,1.335,0.89,799,0
SPY190522C285,2019-05-20,2019-05-20 09:35:59,1.34,0.8933,167,1.32,0.88,50,1.34,0.8933,3,1.33,0.8866,804,5
SPY190522C285,2019-05-20,2019-05-20 09:36:00,1.34,0.8933,282,1.3,0.8666,956,1.34,0.8933,3,1.32,0.88,804,0
SPY190522C285,2019-05-20,2019-05-20 09:36:02,1.33,0.8866,40,1.31,0.8733,50,1.33,0.8866,10,1.32,0.88,814,10
SPY190522C285,2019-05-20,2019-05-20 09:36:03,1.34,0.8933,470,1.28,0.8533,956,1.33,0.8866,10,1.31,0.8733,814,0
SPY190522C285,2019-05-20,2019-05-20 09:36:04,1.32,0.88,40,1.3,0.8666,100,1.33,0.8866,10,1.31,0.8733,814,0
SPY190522C285,2019-05-20,2019-05-20 09:36:05,1.32,0.88,41,1.29,0.86,100,1.33,0.8866,10,1.305,0.87,814,0
SPY190522C285,2019-05-20,2019-05-20 09:36:06,1.32,0.88,228,1.29,0.86,62,1.33,0.8866,10,1.305,0.87,814,0
SPY190522C285,2019-05-20,2019-05-20 09:36:07,1.31,0.8733,40,1.29,0.86,62,1.33,0.8866,10,1.3,0.8666,814,0
SPY190522C285,2019-05-20,2019-05-20 09:36:08,1.31,0.8733,67,1.3,0.8666,2,1.33,0.8866,10,1.305,0.87,814,0
SPY190522C285,2019-05-20,2019-05-20 09:36:09,1.31,0.8733,76,1.3,0.8666,2,1.33,0.8866,10,1.305,0.87,814,0
SPY190522C285,2019-05-20,2019-05-20 09:36:10,1.31,0.8733,1,1.3,0.8666,2,1.33,0.8866,10,1.305,0.87,814,0
SPY190522C285,2019-05-20,2019-05-20 09:36:11,1.31,0.8733,393,1.3,0.8666,2,1.33,0.8866,10,1.305,0.87,814,0
SPY190522C285,2019-05-20,2019-05-20 09:36:12,1.31,0.8733,128,1.3,0.8666,2,1.33,0.8866,10,1.305,0.87,814,0
SPY190522C285,2019-05-20,2019-05-20 09:36:13,1.31,0.8733,78,1.3,0.8666,2,1.33,0.8866,10,1.305,0.87,814,0
SPY190522C285,2019-05-20,2019-05-20 09:36:14,1.3,0.8666,7,1.28,0.8533,120,1.3,0.8666,2,1.29,0.86,816,2
SPY190522C285,2019-05-20,2019-05-20 09:36:15,1.3,0.8666,100,1.27,0.8466,20,1.28,0.8533,15,1.285,0.8566,845,29
SPY190522C285,2019-05-20,2019-05-20 09:36:16,1.3,0.8666,245,1.26,0.84,65,1.28,0.8533,15,1.28,0.8533,845,0
SPY190522C285,2019-05-20,2019-05-20 09:36:17,1.3,0.8666,530,1.27,0.8466,100,1.28,0.8533,15,1.285,0.8566,845,0
SPY190522C285,2019-05-20,2019-05-20 09:36:18,1.29,0.86,26,1.27,0.8466,100,1.28,0.8533,15,1.28,0.8533,845,0
SPY190522C285,2019-05-20,2019-05-20 09:36:19,1.29,0.86,50,1.26,0.84,1264,1.28,0.8533,15,1.275,0.85,845,0
SPY190522C285,2019-05-20,2019-05-20 09:36:20,1.3,0.8666,173,1.27,0.8466,426,1.28,0.8533,15,1.285,0.8566,845,0
SPY190522C285,2019-05-20,2019-05-20 09:36:21,1.3,0.8666,367,1.27,0.8466,162,1.28,0.8533,15,1.285,0.8566,845,0
SPY190522C285,2019-05-20,2019-05-20 09:36:22,1.3,0.8666,850,1.27,0.8466,100,1.28,0.8533,15,1.285,0.8566,845,0
SPY190522C285,2019-05-20,2019-05-20 09:36:23,1.3,0.8666,6,1.27,0.8466,600,1.28,0.8533,15,1.285,0.8566,845,0
SPY190522C285,2019-05-20,2019-05-20 09:36:24,1.3,0.8666,6,1.28,0.8533,100,1.28,0.8533,15,1.29,0.86,845,0
SPY190522C285,2019-05-20,2019-05-20 09:36:25,1.3,0.8666,3,1.28,0.8533,71,1.3,0.8666,1,1.29,0.86,850,5
SPY190522C285,2019-05-20,2019-05-20 09:36:26,1.33,0.8866,346,1.3,0.8666,6,1.31,0.8733,1,1.315,0.8766,853,3
SPY190522C285,2019-05-20,2019-05-20 09:36:27,1.33,0.8866,59,1.3,0.8666,100,1.31,0.8733,1,1.315,0.8766,853,0
SPY190522C285,2019-05-20,2019-05-20 09:36:28,1.33,0.8866,629,1.3,0.8666,349,1.31,0.8733,1,1.315,0.8766,853,0
SPY190522C285,2019-05-20,2019-05-20 09:36:29,1.33,0.8866,903,1.28,0.8533,150,1.31,0.8733,1,1.305,0.87,853,0
SPY190522C285,2019-05-20,2019-05-20 09:36:30,1.32,0.88,498,1.28,0.8533,150,1.31,0.8733,1,1.3,0.8666,853,0
SPY190522C285,2019-05-20,2019-05-20 09:36:31,1.32,0.88,1190,1.29,0.86,115,1.31,0.8733,1,1.305,0.87,853,0
SPY190522C285,2019-05-20,2019-05-20 09:36:33,1.32,0.88,1596,1.29,0.86,100,1.31,0.8733,1,1.305,0.87,853,0
SPY190522C285,2019-05-20,2019-05-20 09:36:34,1.32,0.88,854,1.28,0.8533,515,1.32,0.88,10,1.3,0.8666,863,10
SPY190522C285,2019-05-20,2019-05-20 09:36:35,1.3,0.8666,1,1.29,0.86,55,1.3,0.8666,1,1.295,0.8633,864,1
SPY190522C285,2019-05-20,2019-05-20 09:36:36,1.32,0.88,502,1.29,0.86,115,1.3,0.8666,1,1.305,0.87,864,0
SPY190522C285,2019-05-20,2019-05-20 09:36:37,1.32,0.88,406,1.29,0.86,61,1.3,0.8666,1,1.305,0.87,864,0
SPY190522C285,2019-05-20,2019-05-20 09:36:38,1.31,0.8733,713,1.28,0.8533,368,1.3,0.8666,1,1.295,0.8633,864,0
SPY190522C285,2019-05-20,2019-05-20 09:36:39,1.31,0.8733,362,1.28,0.8533,55,1.3,0.8666,1,1.295,0.8633,864,0
SPY190522C285,2019-05-20,2019-05-20 09:36:41,1.31,0.8733,724,1.29,0.86,1,1.3,0.8666,1,1.3,0.8666,864,0
SPY190522C285,2019-05-20,2019-05-20 09:36:42,1.31,0.8733,1183,1.29,0.86,7,1.3,0.8666,1,1.3,0.8666,864,0
SPY190522C285,2019-05-20,2019-05-20 09:36:43,1.31,0.8733,1615,1.29,0.86,7,1.3,0.8666,1,1.3,0.8666,864,0
SPY190522C285,2019-05-20,2019-05-20 09:36:44,1.31,0.8733,578,1.29,0.86,7,1.3,0.8666,1,1.3,0.8666,864,0
SPY190522C285,2019-05-20,2019-05-20 09:36:45,1.31,0.8733,99,1.29,0.86,67,1.3,0.8666,1,1.3,0.8666,864,0
SPY190522C285,2019-05-20,2019-05-20 09:36:46,1.31,0.8733,99,1.29,0.86,67,1.3,0.8666,1,1.3,0.8666,864,0
SPY190522C285,2019-05-20,2019-05-20 09:36:47,1.31,0.8733,99,1.29,0.86,67,1.3,0.8666,1,1.3,0.8666,864,0
SPY190522C285,2019-05-20,2019-05-20 09:36:48,1.32,0.88,915,1.29,0.86,100,1.3,0.8666,1,1.305,0.87,864,0
SPY190522C285,2019-05-20,2019-05-20 09:36:49,1.32,0.88,246,1.3,0.8666,100,1.3,0.8666,1,1.31,0.8733,864,0
SPY190522C285,2019-05-20,2019-05-20 09:36:50,1.33,0.8866,1229,1.3,0.8666,100,1.33,0.8866,10,1.315,0.8766,881,17
SPY190522C285,2019-05-20,2019-05-20 09:36:51,1.33,0.8866,272,1.3,0.8666,115,1.33,0.8866,10,1.315,0.8766,881,0
SPY190522C285,2019-05-20,2019-05-20 09:36:52,1.33,0.8866,1200,1.3,0.8666,100,1.3,0.8666,2,1.315,0.8766,886,5
SPY190522C285,2019-05-20,2019-05-20 09:36:53,1.32,0.88,565,1.29,0.86,100,1.3,0.8666,2,1.305,0.87,886,0
SPY190522C285,2019-05-20,2019-05-20 09:36:54,1.32,0.88,997,1.29,0.86,100,1.3,0.8666,2,1.305,0.87,886,0
SPY190522C285,2019-05-20,2019-05-20 09:36:55,1.3,0.8666,2,1.29,0.86,7,1.3,0.8666,2,1.295,0.8633,886,0
SPY190522C285,2019-05-20,2019-05-20 09:36:56,1.3,0.8666,65,1.29,0.86,7,1.3,0.8666,2,1.295,0.8633,886,0
SPY190522C285,2019-05-20,2019-05-20 09:36:57,1.3,0.8666,50,1.29,0.86,7,1.3,0.8666,2,1.295,0.8633,886,0
SPY190522C285,2019-05-20,2019-05-20 09:36:58,1.3,0.8666,27,1.29,0.86,1,1.3,0.8666,2,1.295,0.8633,886,0
SPY190522C285,2019-05-20,2019-05-20 09:37:00,1.3,0.8666,50,1.29,0.86,1,1.3,0.8666,2,1.295,0.8633,886,0
SPY190522C285,2019-05-20,2019-05-20 09:37:01,1.3,0.8666,93,1.29,0.86,37,1.3,0.8666,2,1.295,0.8633,886,0
SPY190522C285,2019-05-20,2019-05-20 09:37:03,1.3,0.8666,93,1.29,0.86,37,1.3,0.8666,2,1.295,0.8633,888,2
SPY190522C285,2019-05-20,2019-05-20 09:37:04,1.3,0.8666,219,1.29,0.86,3,1.3,0.8666,2,1.295,0.8633,888,0
SPY190522C285,2019-05-20,2019-05-20 09:37:05,1.3,0.8666,300,1.29,0.86,3,1.29,0.86,20,1.295,0.8633,908,20
SPY190522C285,2019-05-20,2019-05-20 09:37:06,1.3,0.8666,51,1.29,0.86,37,1.29,0.86,20,1.295,0.8633,908,0
SPY190522C285,2019-05-20,2019-05-20 09:37:07,1.31,0.8733,613,1.29,0.86,37,1.29,0.86,20,1.3,0.8666,908,0
SPY190522C285,2019-05-20,2019-05-20 09:37:08,1.31,0.8733,516,1.3,0.8666,7,1.29,0.86,20,1.305,0.87,908,0
SPY190522C285,2019-05-20,2019-05-20 09:37:09,1.32,0.88,634,1.3,0.8666,7,1.29,0.86,20,1.31,0.8733,908,0
SPY190522C285,2019-05-20,2019-05-20 09:37:10,1.31,0.8733,75,1.3,0.8666,1,1.29,0.86,20,1.305,0.87,908,0
SPY190522C285,2019-05-20,2019-05-20 09:37:11,1.31,0.8733,701,1.3,0.8666,1,1.29,0.86,20,1.305,0.87,908,0
SPY190522C285,2019-05-20,2019-05-20 09:37:12,1.3,0.8666,1,1.29,0.86,7,1.3,0.8666,1,1.295,0.8633,909,1
SPY190522C285,2019-05-20,2019-05-20 09:37:13,1.31,0.8733,944,1.29,0.86,7,1.3,0.8666,1,1.3,0.8666,909,0
SPY190522C285,2019-05-20,2019-05-20 09:37:14,1.3,0.8666,100,1.29,0.86,7,1.3,0.8666,1,1.295,0.8633,909,0
SPY190522C285,2019-05-20,2019-05-20 09:37:15,1.31,0.8733,266,1.29,0.86,50,1.3,0.8666,1,1.3,0.8666,909,0
SPY190522C285,2019-05-20,2019-05-20 09:37:16,1.31,0.8733,322,1.29,0.86,10,1.3,0.8666,1,1.3,0.8666,909,0
SPY190522C285,2019-05-20,2019-05-20 09:37:17,1.31,0.8733,153,1.29,0.86,7,1.3,0.8666,1,1.3,0.8666,909,0
SPY190522C285,2019-05-20,2019-05-20 09:37:18,1.31,0.8733,261,1.3,0.8666,13,1.3,0.8666,1,1.305,0.87,909,0
SPY190522C285,2019-05-20,2019-05-20 09:37:19,1.31,0.8733,261,1.3,0.8666,13,1.3,0.8666,1,1.305,0.87,909,0
SPY190522C285,2019-05-20,2019-05-20 09:37:20,1.31,0.8733,261,1.3,0.8666,13,1.3,0.8666,1,1.305,0.87,909,0
SPY190522C285,2019-05-20,2019-05-20 09:37:21,1.32,0.88,442,1.3,0.8666,19,1.3,0.8666,1,1.31,0.8733,909,0
SPY190522C285,2019-05-20,2019-05-20 09:37:22,1.33,0.8866,175,1.3,0.8666,110,1.3,0.8666,1,1.315,0.8766,909,0
SPY190522C285,2019-05-20,2019-05-20 09:37:23,1.33,0.8866,945,1.3,0.8666,109,1.3,0.8666,1,1.315,0.8766,909,0
SPY190522C285,2019-05-20,2019-05-20 09:37:25,1.34,0.8933,557,1.3,0.8666,282,1.3,0.8666,1,1.32,0.88,909,0
SPY190522C285,2019-05-20,2019-05-20 09:37:26,1.33,0.8866,615,1.3,0.8666,44,1.3,0.8666,1,1.315,0.8766,909,0
SPY190522C285,2019-05-20,2019-05-20 09:37:27,1.32,0.88,549,1.3,0.8666,44,1.3,0.8666,1,1.31,0.8733,909,0
SPY190522C285,2019-05-20,2019-05-20 09:37:29,1.32,0.88,131,1.3,0.8666,50,1.3,0.8666,1,1.31,0.8733,909,0
SPY190522C285,2019-05-20,2019-05-20 09:37:30,1.3,0.8666,84,1.29,0.86,3,1.29,0.86,1,1.295,0.8633,923,14
SPY190522C285,2019-05-20,2019-05-20 09:37:32,1.3,0.8666,101,1.29,0.86,3,1.29,0.86,1,1.295,0.8633,923,0
SPY190522C285,2019-05-20,2019-05-20 09:37:33,1.31,0.8733,513,1.29,0.86,3,1.29,0.86,1,1.3,0.8666,923,0
SPY190522C285,2019-05-20,2019-05-20 09:37:35,1.3,0.8666,1,1.29,0.86,3,1.3,0.8666,21,1.295,0.8633,1013,90
SPY190522C285,2019-05-20,2019-05-20 09:37:36,1.3,0.8666,100,1.29,0.86,3,1.3,0.8666,21,1.295,0.8633,1013,0
SPY190522C285,2019-05-20,2019-05-20 09:37:38,1.3,0.8666,190,1.29,0.86,3,1.3,0.8666,21,1.295,0.8633,1013,0
SPY190522C285,2019-05-20,2019-05-20 09:37:39,1.3,0.8666,100,1.29,0.86,3,1.3,0.8666,21,1.295,0.8633,1013,0
SPY190522C285,2019-05-20,2019-05-20 09:37:40,1.3,0.8666,144,1.29,0.86,3,1.3,0.8666,21,1.295,0.8633,1013,0
SPY190522C285,2019-05-20,2019-05-20 09:37:41,1.3,0.8666,361,1.29,0.86,3,1.3,0.8666,21,1.295,0.8633,1013,0
SPY190522C285,2019-05-20,2019-05-20 09:37:43,1.3,0.8666,513,1.29,0.86,3,1.3,0.8666,21,1.295,0.8633,1013,0
SPY190522C285,2019-05-20,2019-05-20 09:37:44,1.29,0.86,342,1.26,0.84,51,1.28,0.8533,5,1.275,0.85,1022,9
SPY190522C285,2019-05-20,2019-05-20 09:37:46,1.27,0.8466,100,1.25,0.8333,126,1.27,0.8466,1,1.26,0.84,1033,11
SPY190522C285,2019-05-20,2019-05-20 09:37:47,1.27,0.8466,100,1.25,0.8333,51,1.27,0.8466,2,1.26,0.84,1035,2
SPY190522C285,2019-05-20,2019-05-20 09:37:48,1.27,0.8466,106,1.25,0.8333,15,1.27,0.8466,2,1.26,0.84,1035,0
SPY190522C285,2019-05-20,2019-05-20 09:37:49,1.27,0.8466,89,1.25,0.8333,50,1.27,0.8466,2,1.26,0.84,1035,0
SPY190522C285,2019-05-20,2019-05-20 09:37:50,1.27,0.8466,92,1.25,0.8333,44,1.27,0.8466,2,1.26,0.84,1035,0
SPY190522C285,2019-05-20,2019-05-20 09:37:51,1.27,0.8466,100,1.25,0.8333,15,1.27,0.8466,25,1.26,0.84,1060,25
SPY190522C285,2019-05-20,2019-05-20 09:37:53,1.26,0.84,401,1.25,0.8333,15,1.25,0.8333,5,1.255,0.8366,1065,5
SPY190522C285,2019-05-20,2019-05-20 09:37:54,1.26,0.84,124,1.25,0.8333,15,1.25,0.8333,5,1.255,0.8366,1065,0
SPY190522C285,2019-05-20,2019-05-20 09:37:55,1.26,0.84,158,1.25,0.8333,15,1.25,0.8333,5,1.255,0.8366,1065,0
SPY190522C285,2019-05-20,2019-05-20 09:37:56,1.26,0.84,130,1.25,0.8333,15,1.25,0.8333,5,1.255,0.8366,1065,0
SPY190522C285,2019-05-20,2019-05-20 09:37:57,1.26,0.84,105,1.23,0.82,100,1.25,0.8333,15,1.245,0.83,1080,15
SPY190522C285,2019-05-20,2019-05-20 09:37:58,1.26,0.84,318,1.23,0.82,1155,1.25,0.8333,15,1.245,0.83,1080,0
SPY190522C285,2019-05-20,2019-05-20 09:38:00,1.27,0.8466,100,1.24,0.8266,1225,1.25,0.8333,15,1.255,0.8366,1080,0
SPY190522C285,2019-05-20,2019-05-20 09:38:00,1.27,0.8466,100,1.24,0.8266,1428,1.25,0.8333,15,1.255,0.8366,1080,0
SPY190522C285,2019-05-20,2019-05-20 09:38:02,1.26,0.84,2,1.26,0.84,1,1.26,0.84,2,1.26,0.84,1082,2
SPY190522C285,2019-05-20,2019-05-20 09:38:03,1.25,0.8333,327,1.2,0.8,50,1.22,0.8133,2,1.225,0.8166,1084,2
SPY190522C285,2019-05-20,2019-05-20 09:38:05,1.24,0.8266,282,1.21,0.8066,50,1.22,0.8133,2,1.225,0.8166,1084,0
SPY190522C285,2019-05-20,2019-05-20 09:38:06,1.23,0.82,226,1.2,0.8,965,1.22,0.8133,2,1.215,0.81,1084,0
SPY190522C285,2019-05-20,2019-05-20 09:38:07,1.23,0.82,282,1.2,0.8,346,1.23,0.82,1,1.215,0.81,1085,1
SPY190522C285,2019-05-20,2019-05-20 09:38:08,1.23,0.82,313,1.2,0.8,100,1.23,0.82,1,1.215,0.81,1089,4
SPY190522C285,2019-05-20,2019-05-20 09:38:09,1.22,0.8133,48,1.2,0.8,100,1.22,0.8133,5,1.21,0.8066,1094,5
SPY190522C285,2019-05-20,2019-05-20 09:38:10,1.22,0.8133,138,1.2,0.8,50,1.22,0.8133,5,1.21,0.8066,1094,0
SPY190522C285,2019-05-20,2019-05-20 09:38:12,1.2,0.8,50,1.17,0.78,10,1.22,0.8133,5,1.185,0.79,1094,0
SPY190522C285,2019-05-20,2019-05-20 09:38:13,1.19,0.7933,105,1.17,0.78,31,1.22,0.8133,5,1.18,0.7866,1094,0
SPY190522C285,2019-05-20,2019-05-20 09:38:14,1.2,0.8,527,1.16,0.7733,1525,1.22,0.8133,5,1.18,0.7866,1094,0
SPY190522C285,2019-05-20,2019-05-20 09:38:15,1.2,0.8,615,1.16,0.7733,1029,1.2,0.8,6,1.18,0.7866,1100,6
SPY190522C285,2019-05-20,2019-05-20 09:38:16,1.19,0.7933,60,1.16,0.7733,864,1.2,0.8,6,1.175,0.7833,1100,0
SPY190522C285,2019-05-20,2019-05-20 09:38:18,1.2,0.8,1,1.17,0.78,600,1.2,0.8,6,1.185,0.79,1100,0
SPY190522C285,2019-05-20,2019-05-20 09:38:19,1.2,0.8,301,1.18,0.7866,8,1.19,0.7933,1,1.19,0.7933,1104,4
SPY190522C285,2019-05-20,2019-05-20 09:38:20,1.19,0.7933,85,1.18,0.7866,8,1.19,0.7933,1,1.185,0.79,1104,0
SPY190522C285,2019-05-20,2019-05-20 09:38:21,1.18,0.7866,1,1.16,0.7733,400,1.18,0.7866,1,1.17,0.78,1114,10
SPY190522C285,2019-05-20,2019-05-20 09:38:23,1.18,0.7866,51,1.16,0.7733,70,1.18,0.7866,1,1.17,0.78,1114,0
SPY190522C285,2019-05-20,2019-05-20 09:38:24,1.18,0.7866,706,1.15,0.7666,110,1.18,0.7866,1,1.165,0.7766,1114,0
SPY190522C285,2019-05-20,2019-05-20 09:38:25,1.18,0.7866,561,1.17,0.78,11,1.18,0.7866,1,1.175,0.7833,1114,0
SPY190522C285,2019-05-20,2019-05-20 09:38:26,1.18,0.7866,128,1.17,0.78,5,1.18,0.7866,1,1.175,0.7833,1114,0
SPY190522C285,2019-05-20,2019-05-20 09:38:27,1.18,0.7866,146,1.17,0.78,5,1.18,0.7866,1,1.175,0.7833,1114,0
SPY190522C285,2019-05-20,2019-05-20 09:38:28,1.18,0.7866,498,1.17,0.78,5,1.18,0.7866,1,1.175,0.7833,1114,0
SPY190522C285,2019-05-20,2019-05-20 09:38:30,1.17,0.78,1,1.16,0.7733,31,1.17,0.78,4,1.165,0.7766,1119,5
SPY190522C285,2019-05-20,2019-05-20 09:38:31,1.18,0.7866,658,1.15,0.7666,866,1.17,0.78,4,1.165,0.7766,1119,0
SPY190522C285,2019-05-20,2019-05-20 09:38:33,1.17,0.78,508,1.14,0.76,742,1.17,0.78,4,1.155,0.77,1119,0
SPY190522C285,2019-05-20,2019-05-20 09:38:34,1.16,0.7733,7,1.14,0.76,410,1.17,0.78,4,1.15,0.7666,1119,0
SPY190522C285,2019-05-20,2019-05-20 09:38:35,1.16,0.7733,10,1.14,0.76,594,1.17,0.78,4,1.15,0.7666,1119,0
SPY190522C285,2019-05-20,2019-05-20 09:38:37,1.15,0.7666,89,1.13,0.7533,1003,1.14,0.76,10,1.14,0.76,1129,10
SPY190522C285,2019-05-20,2019-05-20 09:38:38,1.16,0.7733,71,1.14,0.76,50,1.14,0.76,10,1.15,0.7666,1129,0
SPY190522C285,2019-05-20,2019-05-20 09:38:39,1.17,0.78,623,1.15,0.7666,10,1.14,0.76,10,1.16,0.7733,1129,0
SPY190522C285,2019-05-20,2019-05-20 09:38:40,1.16,0.7733,109,1.15,0.7666,4,1.14,0.76,10,1.155,0.77,1129,0
SPY190522C285,2019-05-20,2019-05-20 09:38:42,1.16,0.7733,56,1.13,0.7533,1730,1.15,0.7666,4,1.145,0.7633,1133,4
SPY190522C285,2019-05-20,2019-05-20 09:38:43,1.17,0.78,824,1.13,0.7533,1740,1.15,0.7666,4,1.15,0.7666,1133,0
SPY190522C285,2019-05-20,2019-05-20 09:38:44,1.16,0.7733,60,1.14,0.76,110,1.15,0.7666,4,1.15,0.7666,1133,0
SPY190522C285,2019-05-20,2019-05-20 09:38:46,1.16,0.7733,8,1.14,0.76,654,1.15,0.7666,1,1.15,0.7666,1134,1
SPY190522C285,2019-05-20,2019-05-20 09:38:47,1.16,0.7733,7,1.14,0.76,1502,1.16,0.7733,7,1.15,0.7666,1141,7
SPY190522C285,2019-05-20,2019-05-20 09:38:49,1.18,0.7866,20,1.16,0.7733,584,1.16,0.7733,7,1.17,0.78,1141,0
SPY190522C285,2019-05-20,2019-05-20 09:38:51,1.21,0.8066,606,1.18,0.7866,406,1.18,0.7866,2,1.195,0.7966,1163,22
SPY190522C285,2019-05-20,2019-05-20 09:38:52,1.2,0.8,50,1.16,0.7733,1321,1.18,0.7866,2,1.18,0.7866,1163,0
SPY190522C285,2019-05-20,2019-05-20 09:38:53,1.21,0.8066,352,1.18,0.7866,425,1.18,0.7866,2,1.195,0.7966,1163,0
SPY190522C285,2019-05-20,2019-05-20 09:38:54,1.22,0.8133,60,1.2,0.8,300,1.18,0.7866,2,1.21,0.8066,1163,0
SPY190522C285,2019-05-20,2019-05-20 09:38:55,1.23,0.82,101,1.2,0.8,1352,1.18,0.7866,2,1.215,0.81,1163,0
SPY190522C285,2019-05-20,2019-05-20 09:38:57,1.25,0.8333,107,1.22,0.8133,496,1.18,0.7866,2,1.235,0.8233,1163,0
SPY190522C285,2019-05-20,2019-05-20 09:38:58,1.25,0.8333,75,1.22,0.8133,51,1.18,0.7866,2,1.235,0.8233,1163,0
SPY190522C285,2019-05-20,2019-05-20 09:38:59,1.25,0.8333,79,1.24,0.8266,1,1.24,0.8266,5,1.245,0.83,1170,7
SPY190522C285,2019-05-20,2019-05-20 09:39:00,1.26,0.84,720,1.22,0.8133,912,1.24,0.8266,5,1.24,0.8266,1170,0
SPY190522C285,2019-05-20,2019-05-20 09:39:01,1.25,0.8333,50,1.24,0.8266,10,1.24,0.8266,5,1.245,0.83,1170,0
SPY190522C285,2019-05-20,2019-05-20 09:39:02,1.25,0.8333,100,1.24,0.8266,10,1.24,0.8266,5,1.245,0.83,1170,0
SPY190522C285,2019-05-20,2019-05-20 09:39:04,1.26,0.84,740,1.22,0.8133,1091,1.24,0.8266,10,1.24,0.8266,1180,10
SPY190522C285,2019-05-20,2019-05-20 09:39:05,1.26,0.84,50,1.23,0.82,843,1.24,0.8266,10,1.245,0.83,1180,0
SPY190522C285,2019-05-20,2019-05-20 09:39:06,1.25,0.8333,100,1.18,0.7866,300,1.24,0.8266,10,1.215,0.81,1180,0
SPY190522C285,2019-05-20,2019-05-20 09:39:08,1.22,0.8133,76,1.19,0.7933,965,1.22,0.8133,4,1.205,0.8033,1191,11
SPY190522C285,2019-05-20,2019-05-20 09:39:10,1.22,0.8133,132,1.19,0.7933,51,1.22,0.8133,4,1.205,0.8033,1191,0
SPY190522C285,2019-05-20,2019-05-20 09:39:11,1.21,0.8066,95,1.19,0.7933,51,1.22,0.8133,4,1.2,0.8,1191,0
SPY190522C285,2019-05-20,2019-05-20 09:39:13,1.2,0.8,75,1.18,0.7866,843,1.22,0.8133,4,1.19,0.7933,1191,0
SPY190522C285,2019-05-20,2019-05-20 09:39:14,1.21,0.8066,100,1.19,0.7933,400,1.21,0.8066,1,1.2,0.8,1192,1
SPY190522C285,2019-05-20,2019-05-20 09:39:16,1.22,0.8133,462,1.19,0.7933,603,1.21,0.8066,1,1.205,0.8033,1192,0
SPY190522C285,2019-05-20,2019-05-20 09:39:18,1.23,0.82,419,1.2,0.8,431,1.21,0.8066,1,1.215,0.81,1192,0
SPY190522C285,2019-05-20,2019-05-20 09:39:20,1.22,0.8133,56,1.2,0.8,400,1.21,0.8066,1,1.21,0.8066,1192,0
SPY190522C285,2019-05-20,2019-05-20 09:39:21,1.23,0.82,100,1.21,0.8066,100,1.21,0.8066,2,1.22,0.8133,1194,2
SPY190522C285,2019-05-20,2019-05-20 09:39:23,1.23,0.82,132,1.22,0.8133,3,1.21,0.8066,2,1.225,0.8166,1194,0
SPY190522C285,2019-05-20,2019-05-20 09:39:24,1.23,0.82,391,1.2,0.8,843,1.22,0.8133,3,1.215,0.81,1197,3
SPY190522C285,2019-05-20,2019-05-20 09:39:26,1.22,0.8133,100,1.19,0.7933,1113,1.22,0.8133,3,1.205,0.8033,1197,0
SPY190522C285,2019-05-20,2019-05-20 09:39:28,1.22,0.8133,128,1.19,0.7933,861,1.22,0.8133,1,1.205,0.8033,1198,1
SPY190522C285,2019-05-20,2019-05-20 09:39:29,1.22,0.8133,238,1.19,0.7933,50,1.2,0.8,2,1.205,0.8033,1200,2
SPY190522C285,2019-05-20,2019-05-20 09:39:31,1.2,0.8,100,1.18,0.7866,600,1.2,0.8,2,1.19,0.7933,1200,0
SPY190522C285,2019-05-20,2019-05-20 09:39:32,1.2,0.8,100,1.18,0.7866,127,1.2,0.8,10,1.19,0.7933,1210,10
SPY190522C285,2019-05-20,2019-05-20 09:39:34,1.21,0.8066,81,1.19,0.7933,843,1.2,0.8,10,1.2,0.8,1210,0
SPY190522C285,2019-05-20,2019-05-20 09:39:36,1.21,0.8066,6,1.19,0.7933,7,1.2,0.8,10,1.2,0.8,1210,0
SPY190522C285,2019-05-20,2019-05-20 09:39:38,1.2,0.8,1,1.18,0.7866,1496,1.2,0.8,25,1.19,0.7933,1239,29
SPY190522C285,2019-05-20,2019-05-20 09:39:39,1.22,0.8133,100,1.19,0.7933,995,1.2,0.8,1,1.205,0.8033,1240,1
SPY190522C285,2019-05-20,2019-05-20 09:39:41,1.23,0.82,245,1.2,0.8,984,1.2,0.8,1,1.215,0.81,1240,0
SPY190522C285,2019-05-20,2019-05-20 09:39:43,1.26,0.84,6,1.24,0.8266,65,1.2,0.8,1,1.25,0.8333,1241,1
SPY190522C285,2019-05-20,2019-05-20 09:39:44,1.28,0.8533,1026,1.24,0.8266,719,1.2,0.8,1,1.26,0.84,1241,0
SPY190522C285,2019-05-20,2019-05-20 09:39:46,1.27,0.8466,75,1.25,0.8333,96,1.2,0.8,1,1.26,0.84,1241,0
SPY190522C285,2019-05-20,2019-05-20 09:39:47,1.29,0.86,82,1.27,0.8466,160,1.2,0.8,1,1.28,0.8533,1241,0
SPY190522C285,2019-05-20,2019-05-20 09:39:49,1.28,0.8533,400,1.26,0.84,586,1.2,0.8,1,1.27,0.8466,1241,0
SPY190522C285,2019-05-20,2019-05-20 09:39:50,1.28,0.8533,115,1.24,0.8266,310,1.28,0.8533,1,1.26,0.84,1244,3
SPY190522C285,2019-05-20,2019-05-20 09:39:52,1.26,0.84,50,1.22,0.8133,362,1.24,0.8266,3,1.24,0.8266,1248,4
SPY190522C285,2019-05-20,2019-05-20 09:39:53,1.24,0.8266,100,1.21,0.8066,1030,1.24,0.8266,3,1.225,0.8166,1248,0
SPY190522C285,2019-05-20,2019-05-20 09:39:55,1.24,0.8266,369,1.21,0.8066,1168,1.24,0.8266,3,1.225,0.8166,1248,0
SPY190522C285,2019-05-20,2019-05-20 09:39:56,1.23,0.82,300,1.21,0.8066,1416,1.24,0.8266,3,1.22,0.8133,1248,0
SPY190522C285,2019-05-20,2019-05-20 09:39:57,1.21,0.8066,115,1.18,0.7866,194,1.2,0.8,2,1.195,0.7966,1251,3
SPY190522C285,2019-05-20,2019-05-20 09:39:59,1.2,0.8,226,1.17,0.78,843,1.2,0.8,2,1.185,0.79,1251,0
SPY190522C285,2019-05-20,2019-05-20 09:40:00,1.19,0.7933,1,1.17,0.78,1000,1.19,0.7933,10,1.18,0.7866,1261,10
SPY190522C285,2019-05-20,2019-05-20 09:40:01,1.21,0.8066,50,1.18,0.7866,1400,1.19,0.7933,10,1.195,0.7966,1261,0
SPY190522C285,2019-05-20,2019-05-20 09:40:02,1.22,0.8133,100,1.19,0.7933,1563,1.19,0.7933,10,1.205,0.8033,1261,0
SPY190522C285,2019-05-20,2019-05-20 09:40:03,1.22,0.8133,100,1.19,0.7933,835,1.19,0.7933,10,1.205,0.8033,1261,0
SPY190522C285,2019-05-20,2019-05-20 09:40:04,1.23,0.82,100,1.2,0.8,1085,1.19,0.7933,10,1.215,0.81,1261,0
SPY190522C285,2019-05-20,2019-05-20 09:40:05,1.23,0.82,100,1.21,0.8066,728,1.19,0.7933,10,1.22,0.8133,1261,0
SPY190522C285,2019-05-20,2019-05-20 09:40:06,1.21,0.8066,96,1.19,0.7933,1019,1.19,0.7933,10,1.2,0.8,1261,0
SPY190522C285,2019-05-20,2019-05-20 09:40:07,1.22,0.8133,399,1.19,0.7933,932,1.19,0.7933,10,1.205,0.8033,1261,0
SPY190522C285,2019-05-20,2019-05-20 09:40:08,1.22,0.8133,329,1.19,0.7933,949,1.19,0.7933,10,1.205,0.8033,1261,0
SPY190522C285,2019-05-20,2019-05-20 09:40:09,1.22,0.8133,122,1.2,0.8,1172,1.19,0.7933,10,1.21,0.8066,1261,0
SPY190522C285,2019-05-20,2019-05-20 09:40:10,1.22,0.8133,100,1.2,0.8,600,1.19,0.7933,10,1.21,0.8066,1261,0
SPY190522C285,2019-05-20,2019-05-20 09:40:11,1.22,0.8133,154,1.2,0.8,21,1.19,0.7933,10,1.21,0.8066,1261,0
SPY190522C285,2019-05-20,2019-05-20 09:40:12,1.21,0.8066,50,1.2,0.8,39,1.19,0.7933,10,1.205,0.8033,1261,0
SPY190522C285,2019-05-20,2019-05-20 09:40:13,1.22,0.8133,377,1.2,0.8,40,1.19,0.7933,10,1.21,0.8066,1261,0
SPY190522C285,2019-05-20,2019-05-20 09:40:14,1.22,0.8133,125,1.2,0.8,98,1.22,0.8133,1,1.21,0.8066,1262,1
SPY190522C285,2019-05-20,2019-05-20 09:40:15,1.22,0.8133,235,1.2,0.8,98,1.22,0.8133,1,1.21,0.8066,1262,0
SPY190522C285,2019-05-20,2019-05-20 09:40:16,1.22,0.8133,322,1.2,0.8,600,1.22,0.8133,1,1.21,0.8066,1262,0
SPY190522C285,2019-05-20,2019-05-20 09:40:17,1.22,0.8133,100,1.2,0.8,600,1.22,0.8133,1,1.21,0.8066,1262,0
SPY190522C285,2019-05-20,2019-05-20 09:40:18,1.22,0.8133,377,1.2,0.8,25,1.22,0.8133,1,1.21,0.8066,1262,0
SPY190522C285,2019-05-20,2019-05-20 09:40:19,1.23,0.82,128,1.2,0.8,1630,1.22,0.8133,1,1.215,0.81,1262,0
SPY190522C285,2019-05-20,2019-05-20 09:40:20,1.24,0.8266,100,1.21,0.8066,835,1.22,0.8133,1,1.225,0.8166,1262,0
SPY190522C285,2019-05-20,2019-05-20 09:40:21,1.24,0.8266,32,1.22,0.8133,643,1.22,0.8133,1,1.23,0.82,1262,0
SPY190522C285,2019-05-20,2019-05-20 09:40:22,1.25,0.8333,82,1.23,0.82,193,1.22,0.8133,1,1.24,0.8266,1262,0
SPY190522C285,2019-05-20,2019-05-20 09:40:23,1.25,0.8333,351,1.22,0.8133,50,1.22,0.8133,1,1.235,0.8233,1262,0
SPY190522C285,2019-05-20,2019-05-20 09:40:24,1.25,0.8333,50,1.23,0.82,227,1.22,0.8133,1,1.24,0.8266,1262,0
SPY190522C285,2019-05-20,2019-05-20 09:40:25,1.25,0.8333,36,1.23,0.82,1477,1.22,0.8133,1,1.24,0.8266,1262,0
SPY190522C285,2019-05-20,2019-05-20 09:40:26,1.25,0.8333,238,1.23,0.82,27,1.22,0.8133,1,1.24,0.8266,1262,0
SPY190522C285,2019-05-20,2019-05-20 09:40:27,1.24,0.8266,100,1.21,0.8066,285,1.22,0.8133,1,1.225,0.8166,1262,0
SPY190522C285,2019-05-20,2019-05-20 09:40:28,1.24,0.8266,50,1.21,0.8066,187,1.22,0.8133,1,1.225,0.8166,1262,0
SPY190522C285,2019-05-20,2019-05-20 09:40:29,1.24,0.8266,423,1.2,0.8,912,1.22,0.8133,1,1.22,0.8133,1262,0
SPY190522C285,2019-05-20,2019-05-20 09:40:30,1.24,0.8266,6,1.21,0.8066,50,1.22,0.8133,1,1.225,0.8166,1262,0
SPY190522C285,2019-05-20,2019-05-20 09:40:31,1.25,0.8333,528,1.22,0.8133,941,1.22,0.8133,1,1.235,0.8233,1262,0
SPY190522C285,2019-05-20,2019-05-20 09:40:32,1.26,0.84,164,1.23,0.82,227,1.22,0.8133,1,1.245,0.83,1262,0
SPY190522C285,2019-05-20,2019-05-20 09:40:33,1.26,0.84,125,1.23,0.82,302,1.22,0.8133,1,1.245,0.83,1262,0
SPY190522C285,2019-05-20,2019-05-20 09:40:34,1.25,0.8333,50,1.23,0.82,51,1.22,0.8133,1,1.24,0.8266,1262,0
SPY190522C285,2019-05-20,2019-05-20 09:40:35,1.25,0.8333,150,1.22,0.8133,1426,1.22,0.8133,1,1.235,0.8233,1262,0
SPY190522C285,2019-05-20,2019-05-20 09:40:36,1.25,0.8333,50,1.22,0.8133,861,1.22,0.8133,1,1.235,0.8233,1262,0
SPY190522C285,2019-05-20,2019-05-20 09:40:37,1.26,0.84,533,1.23,0.82,630,1.22,0.8133,1,1.245,0.83,1262,0
SPY190522C285,2019-05-20,2019-05-20 09:40:38,1.26,0.84,226,1.23,0.82,52,1.22,0.8133,1,1.245,0.83,1262,0
SPY190522C285,2019-05-20,2019-05-20 09:40:39,1.26,0.84,401,1.22,0.8133,606,1.22,0.8133,1,1.24,0.8266,1262,0
SPY190522C285,2019-05-20,2019-05-20 09:40:40,1.25,0.8333,300,1.22,0.8133,161,1.22,0.8133,1,1.235,0.8233,1262,0
SPY190522C285,2019-05-20,2019-05-20 09:40:41,1.24,0.8266,77,1.22,0.8133,161,1.22,0.8133,1,1.23,0.82,1262,0
SPY190522C285,2019-05-20,2019-05-20 09:40:42,1.24,0.8266,83,1.22,0.8133,181,1.22,0.8133,1,1.23,0.82,1262,0
SPY190522C285,2019-05-20,2019-05-20 09:40:43,1.24,0.8266,50,1.22,0.8133,10,1.22,0.8133,1,1.23,0.82,1262,0
SPY190522C285,2019-05-20,2019-05-20 09:40:44,1.24,0.8266,83,1.22,0.8133,50,1.22,0.8133,1,1.23,0.82,1262,0
SPY190522C285,2019-05-20,2019-05-20 09:40:45,1.25,0.8333,108,1.23,0.82,100,1.22,0.8133,1,1.24,0.8266,1262,0
SPY190522C285,2019-05-20,2019-05-20 09:40:46,1.25,0.8333,485,1.21,0.8066,238,1.22,0.8133,1,1.23,0.82,1262,0
SPY190522C285,2019-05-20,2019-05-20 09:40:47,1.24,0.8266,50,1.22,0.8133,50,1.22,0.8133,1,1.23,0.82,1262,0
SPY190522C285,2019-05-20,2019-05-20 09:40:48,1.24,0.8266,569,1.21,0.8066,312,1.22,0.8133,1,1.225,0.8166,1262,0
SPY190522C285,2019-05-20,2019-05-20 09:40:49,1.24,0.8266,64,1.22,0.8133,97,1.24,0.8266,2,1.23,0.82,1264,2
SPY190522C285,2019-05-20,2019-05-20 09:40:50,1.24,0.8266,65,1.22,0.8133,559,1.24,0.8266,2,1.23,0.82,1264,0
SPY190522C285,2019-05-20,2019-05-20 09:40:51,1.25,0.8333,451,1.21,0.8066,164,1.24,0.8266,2,1.23,0.82,1264,0
SPY190522C285,2019-05-20,2019-05-20 09:40:52,1.24,0.8266,450,1.21,0.8066,490,1.24,0.8266,2,1.225,0.8166,1264,0
SPY190522C285,2019-05-20,2019-05-20 09:40:53,1.24,0.8266,118,1.21,0.8066,431,1.24,0.8266,2,1.225,0.8166,1264,0
SPY190522C285,2019-05-20,2019-05-20 09:40:54,1.22,0.8133,401,1.2,0.8,31,1.24,0.8266,2,1.21,0.8066,1264,0
SPY190522C285,2019-05-20,2019-05-20 09:40:55,1.22,0.8133,115,1.2,0.8,50,1.24,0.8266,2,1.21,0.8066,1264,0
SPY190522C285,2019-05-20,2019-05-20 09:40:56,1.23,0.82,628,1.2,0.8,31,1.24,0.8266,2,1.215,0.81,1264,0
SPY190522C285,2019-05-20,2019-05-20 09:40:57,1.22,0.8133,569,1.2,0.8,31,1.24,0.8266,2,1.21,0.8066,1264,0
SPY190522C285,2019-05-20,2019-05-20 09:40:58,1.24,0.8266,25,1.21,0.8066,97,1.24,0.8266,2,1.225,0.8166,1264,0
SPY190522C285,2019-05-20,2019-05-20 09:40:59,1.26,0.84,450,1.22,0.8133,200,1.24,0.8266,2,1.24,0.8266,1264,0
SPY190522C285,2019-05-20,2019-05-20 09:41:00,1.26,0.84,128,1.23,0.82,100,1.24,0.8266,2,1.245,0.83,1264,0
SPY190522C285,2019-05-20,2019-05-20 09:41:01,1.26,0.84,101,1.23,0.82,571,1.24,0.8266,2,1.245,0.83,1264,0
SPY190522C285,2019-05-20,2019-05-20 09:41:02,1.25,0.8333,57,1.23,0.82,101,1.24,0.8266,2,1.24,0.8266,1264,0
SPY190522C285,2019-05-20,2019-05-20 09:41:03,1.26,0.84,564,1.23,0.82,455,1.24,0.8266,2,1.245,0.83,1264,0
SPY190522C285,2019-05-20,2019-05-20 09:41:04,1.26,0.84,684,1.23,0.82,463,1.24,0.8266,2,1.245,0.83,1264,0
SPY190522C285,2019-05-20,2019-05-20 09:41:05,1.26,0.84,400,1.23,0.82,486,1.24,0.8266,2,1.245,0.83,1264,0
SPY190522C285,2019-05-20,2019-05-20 09:41:05,1.26,0.84,400,1.23,0.82,698,1.24,0.8266,2,1.245,0.83,1264,0
SPY190522C285,2019-05-20,2019-05-20 09:41:06,1.26,0.84,82,1.23,0.82,439,1.24,0.8266,2,1.245,0.83,1264,0
SPY190522C285,2019-05-20,2019-05-20 09:41:07,1.26,0.84,450,1.23,0.82,212,1.24,0.8266,2,1.245,0.83,1264,0
SPY190522C285,2019-05-20,2019-05-20 09:41:08,1.26,0.84,188,1.24,0.8266,100,1.25,0.8333,4,1.25,0.8333,1268,4
SPY190522C285,2019-05-20,2019-05-20 09:41:09,1.26,0.84,57,1.25,0.8333,21,1.25,0.8333,4,1.255,0.8366,1268,0
SPY190522C285,2019-05-20,2019-05-20 09:41:10,1.27,0.8466,137,1.25,0.8333,21,1.25,0.8333,4,1.26,0.84,1268,0
SPY190522C285,2019-05-20,2019-05-20 09:41:11,1.28,0.8533,25,1.26,0.84,6,1.25,0.8333,4,1.27,0.8466,1268,0
SPY190522C285,2019-05-20,2019-05-20 09:41:12,1.28,0.8533,6,1.26,0.84,71,1.25,0.8333,4,1.27,0.8466,1268,0
SPY190522C285,2019-05-20,2019-05-20 09:41:13,1.28,0.8533,76,1.26,0.84,101,1.25,0.8333,4,1.27,0.8466,1268,0
SPY190522C285,2019-05-20,2019-05-20 09:41:14,1.28,0.8533,100,1.26,0.84,100,1.25,0.8333,4,1.27,0.8466,1268,0
SPY190522C285,2019-05-20,2019-05-20 09:41:15,1.28,0.8533,82,1.26,0.84,100,1.25,0.8333,4,1.27,0.8466,1268,0
SPY190522C285,2019-05-20,2019-05-20 09:41:16,1.28,0.8533,100,1.26,0.84,100,1.25,0.8333,4,1.27,0.8466,1268,0
SPY190522C285,2019-05-20,2019-05-20 09:41:17,1.28,0.8533,80,1.26,0.84,100,1.28,0.8533,3,1.27,0.8466,1271,3
SPY190522C285,2019-05-20,2019-05-20 09:41:18,1.28,0.8533,101,1.27,0.8466,1,1.28,0.8533,3,1.275,0.85,1271,0
SPY190522C285,2019-05-20,2019-05-20 09:41:19,1.29,0.86,377,1.27,0.8466,1,1.28,0.8533,3,1.28,0.8533,1271,0
SPY190522C285,2019-05-20,2019-05-20 09:41:20,1.3,0.8666,29,1.27,0.8466,227,1.28,0.8533,3,1.285,0.8566,1271,0
SPY190522C285,2019-05-20,2019-05-20 09:41:21,1.3,0.8666,519,1.27,0.8466,7,1.28,0.8533,3,1.285,0.8566,1271,0
SPY190522C285,2019-05-20,2019-05-20 09:41:22,1.3,0.8666,576,1.27,0.8466,662,1.28,0.8533,3,1.285,0.8566,1271,0
SPY190522C285,2019-05-20,2019-05-20 09:41:23,1.3,0.8666,232,1.27,0.8466,190,1.28,0.8533,3,1.285,0.8566,1271,0
SPY190522C285,2019-05-20,2019-05-20 09:41:24,1.3,0.8666,1,1.28,0.8533,474,1.28,0.8533,3,1.29,0.86,1271,0
SPY190522C285,2019-05-20,2019-05-20 09:41:25,1.3,0.8666,1,1.29,0.86,50,1.28,0.8533,3,1.295,0.8633,1271,0
SPY190522C285,2019-05-20,2019-05-20 09:41:26,1.3,0.8666,1,1.28,0.8533,96,1.28,0.8533,3,1.29,0.86,1271,0
SPY190522C285,2019-05-20,2019-05-20 09:41:27,1.3,0.8666,1,1.28,0.8533,100,1.28,0.8533,3,1.29,0.86,1271,0
SPY190522C285,2019-05-20,2019-05-20 09:41:28,1.3,0.8666,7,1.27,0.8466,270,1.28,0.8533,3,1.285,0.8566,1271,0
SPY190522C285,2019-05-20,2019-05-20 09:41:29,1.29,0.86,50,1.27,0.8466,50,1.28,0.8533,3,1.28,0.8533,1271,0
SPY190522C285,2019-05-20,2019-05-20 09:41:30,1.29,0.86,100,1.27,0.8466,50,1.28,0.8533,3,1.28,0.8533,1271,0
SPY190522C285,2019-05-20,2019-05-20 09:41:30,1.29,0.86,100,1.27,0.8466,100,1.28,0.8533,3,1.28,0.8533,1271,0
SPY190522C285,2019-05-20,2019-05-20 09:41:31,1.29,0.86,101,1.27,0.8466,10,1.28,0.8533,3,1.28,0.8533,1271,0
SPY190522C285,2019-05-20,2019-05-20 09:41:32,1.28,0.8533,401,1.27,0.8466,1,1.27,0.8466,5,1.275,0.85,1276,5
SPY190522C285,2019-05-20,2019-05-20 09:41:33,1.28,0.8533,109,1.27,0.8466,1,1.27,0.8466,5,1.275,0.85,1276,0
SPY190522C285,2019-05-20,2019-05-20 09:41:34,1.29,0.86,528,1.27,0.8466,7,1.27,0.8466,5,1.28,0.8533,1276,0
SPY190522C285,2019-05-20,2019-05-20 09:41:35,1.29,0.86,523,1.27,0.8466,10,1.29,0.86,20,1.28,0.8533,1296,20
SPY190522C285,2019-05-20,2019-05-20 09:41:36,1.28,0.8533,100,1.27,0.8466,7,1.29,0.86,20,1.275,0.85,1296,0
SPY190522C285,2019-05-20,2019-05-20 09:41:37,1.28,0.8533,100,1.27,0.8466,7,1.29,0.86,20,1.275,0.85,1296,0
SPY190522C285,2019-05-20,2019-05-20 09:41:38,1.3,0.8666,377,1.27,0.8466,151,1.29,0.86,20,1.285,0.8566,1296,0
SPY190522C285,2019-05-20,2019-05-20 09:41:39,1.3,0.8666,533,1.27,0.8466,628,1.29,0.86,20,1.285,0.8566,1296,0
SPY190522C285,2019-05-20,2019-05-20 09:41:40,1.3,0.8666,533,1.27,0.8466,628,1.29,0.86,20,1.285,0.8566,1296,0
SPY190522C285,2019-05-20,2019-05-20 09:41:41,1.3,0.8666,533,1.28,0.8533,2,1.29,0.86,20,1.29,0.86,1296,0
SPY190522C285,2019-05-20,2019-05-20 09:41:42,1.3,0.8666,533,1.28,0.8533,100,1.29,0.86,20,1.29,0.86,1296,0
SPY190522C285,2019-05-20,2019-05-20 09:41:43,1.3,0.8666,31,1.28,0.8533,238,1.3,0.8666,1,1.29,0.86,1297,1
SPY190522C285,2019-05-20,2019-05-20 09:41:44,1.3,0.8666,1,1.29,0.86,100,1.3,0.8666,1,1.295,0.8633,1297,0
SPY190522C285,2019-05-20,2019-05-20 09:41:45,1.3,0.8666,29,1.28,0.8533,87,1.3,0.8666,1,1.29,0.86,1298,1
SPY190522C285,2019-05-20,2019-05-20 09:41:46,1.31,0.8733,125,1.3,0.8666,22,1.3,0.8666,1,1.305,0.87,1298,0
SPY190522C285,2019-05-20,2019-05-20 09:41:47,1.31,0.8733,33,1.29,0.86,395,1.3,0.8666,1,1.3,0.8666,1298,0
SPY190522C285,2019-05-20,2019-05-20 09:41:48,1.31,0.8733,75,1.29,0.86,70,1.3,0.8666,1,1.3,0.8666,1298,0
SPY190522C285,2019-05-20,2019-05-20 09:41:49,1.31,0.8733,537,1.29,0.86,30,1.3,0.8666,1,1.3,0.8666,1298,0
SPY190522C285,2019-05-20,2019-05-20 09:41:50,1.31,0.8733,406,1.29,0.86,41,1.3,0.8666,1,1.3,0.8666,1298,0
SPY190522C285,2019-05-20,2019-05-20 09:41:51,1.31,0.8733,164,1.3,0.8666,21,1.3,0.8666,1,1.305,0.87,1298,0
SPY190522C285,2019-05-20,2019-05-20 09:41:52,1.32,0.88,36,1.31,0.8733,78,1.3,0.8666,1,1.315,0.8766,1298,0
SPY190522C285,2019-05-20,2019-05-20 09:41:53,1.32,0.88,332,1.3,0.8666,21,1.3,0.8666,1,1.31,0.8733,1298,0
SPY190522C285,2019-05-20,2019-05-20 09:41:54,1.31,0.8733,100,1.3,0.8666,1,1.3,0.8666,20,1.305,0.87,1318,20
SPY190522C285,2019-05-20,2019-05-20 09:41:55,1.31,0.8733,457,1.3,0.8666,1,1.3,0.8666,20,1.305,0.87,1318,0
SPY190522C285,2019-05-20,2019-05-20 09:41:56,1.3,0.8666,238,1.28,0.8533,10,1.3,0.8666,1,1.29,0.86,1319,1
SPY190522C285,2019-05-20,2019-05-20 09:41:57,1.3,0.8666,1,1.29,0.86,6,1.3,0.8666,1,1.295,0.8633,1319,0
SPY190522C285,2019-05-20,2019-05-20 09:41:58,1.31,0.8733,100,1.28,0.8533,71,1.3,0.8666,5,1.295,0.8633,1329,10
SPY190522C285,2019-05-20,2019-05-20 09:41:59,1.31,0.8733,377,1.28,0.8533,109,1.3,0.8666,5,1.295,0.8633,1329,0
SPY190522C285,2019-05-20,2019-05-20 09:42:00,1.3,0.8666,300,1.29,0.86,14,1.28,0.8533,2,1.295,0.8633,1331,2
SPY190522C285,2019-05-20,2019-05-20 09:42:00,1.3,0.8666,96,1.29,0.86,14,1.3,0.8666,5,1.295,0.8633,1329,0
SPY190522C285,2019-05-20,2019-05-20 09:42:02,1.29,0.86,227,1.27,0.8466,1,1.28,0.8533,2,1.28,0.8533,1331,0
SPY190522C285,2019-05-20,2019-05-20 09:42:03,1.28,0.8533,100,1.27,0.8466,1,1.28,0.8533,2,1.275,0.85,1331,0
SPY190522C285,2019-05-20,2019-05-20 09:42:04,1.31,0.8733,105,1.28,0.8533,180,1.28,0.8533,2,1.295,0.8633,1331,0
SPY190522C285,2019-05-20,2019-05-20 09:42:05,1.29,0.86,106,1.27,0.8466,1,1.3,0.8666,1,1.28,0.8533,1332,1
SPY190522C285,2019-05-20,2019-05-20 09:42:06,1.29,0.86,50,1.27,0.8466,10,1.3,0.8666,1,1.28,0.8533,1332,0
SPY190522C285,2019-05-20,2019-05-20 09:42:07,1.29,0.86,78,1.27,0.8466,141,1.29,0.86,1,1.28,0.8533,1334,2
SPY190522C285,2019-05-20,2019-05-20 09:42:09,1.32,0.88,153,1.28,0.8533,300,1.28,0.8533,1,1.3,0.8666,1335,1
SPY190522C285,2019-05-20,2019-05-20 09:42:10,1.3,0.8666,50,1.28,0.8533,502,1.28,0.8533,1,1.29,0.86,1335,0
SPY190522C285,2019-05-20,2019-05-20 09:42:11,1.29,0.86,70,1.28,0.8533,50,1.28,0.8533,1,1.285,0.8566,1335,0
SPY190522C285,2019-05-20,2019-05-20 09:42:12,1.3,0.8666,130,1.27,0.8466,7,1.28,0.8533,1,1.285,0.8566,1338,3
SPY190522C285,2019-05-20,2019-05-20 09:42:14,1.29,0.86,11,1.27,0.8466,35,1.28,0.8533,1,1.28,0.8533,1338,0
SPY190522C285,2019-05-20,2019-05-20 09:42:15,1.3,0.8666,103,1.27,0.8466,170,1.28,0.8533,1,1.285,0.8566,1338,0
SPY190522C285,2019-05-20,2019-05-20 09:42:16,1.29,0.86,50,1.28,0.8533,51,1.28,0.8533,1,1.285,0.8566,1338,0
SPY190522C285,2019-05-20,2019-05-20 09:42:17,1.29,0.86,11,1.27,0.8466,10,1.28,0.8533,1,1.28,0.8533,1338,0
SPY190522C285,2019-05-20,2019-05-20 09:42:18,1.29,0.86,100,1.27,0.8466,71,1.28,0.8533,1,1.28,0.8533,1338,0
SPY190522C285,2019-05-20,2019-05-20 09:42:19,1.31,0.8733,11,1.28,0.8533,109,1.28,0.8533,1,1.295,0.8633,1338,0
SPY190522C285,2019-05-20,2019-05-20 09:42:20,1.3,0.8666,100,1.28,0.8533,111,1.29,0.86,5,1.29,0.86,1343,5
SPY190522C285,2019-05-20,2019-05-20 09:42:21,1.29,0.86,100,1.27,0.8466,213,1.29,0.86,5,1.28,0.8533,1343,0
SPY190522C285,2019-05-20,2019-05-20 09:42:22,1.29,0.86,132,1.27,0.8466,213,1.29,0.86,5,1.28,0.8533,1343,0
SPY190522C285,2019-05-20,2019-05-20 09:42:23,1.29,0.86,132,1.27,0.8466,75,1.29,0.86,5,1.28,0.8533,1343,0
SPY190522C285,2019-05-20,2019-05-20 09:42:24,1.3,0.8666,10,1.28,0.8533,401,1.29,0.86,5,1.29,0.86,1343,0
SPY190522C285,2019-05-20,2019-05-20 09:42:25,1.3,0.8666,1,1.28,0.8533,50,1.3,0.8666,3,1.29,0.86,1346,3
SPY190522C285,2019-05-20,2019-05-20 09:42:26,1.3,0.8666,66,1.28,0.8533,81,1.3,0.8666,3,1.29,0.86,1346,0
SPY190522C285,2019-05-20,2019-05-20 09:42:28,1.32,0.88,50,1.3,0.8666,75,1.3,0.8666,3,1.31,0.8733,1346,0
SPY190522C285,2019-05-20,2019-05-20 09:42:29,1.32,0.88,100,1.29,0.86,679,1.3,0.8666,3,1.305,0.87,1346,0
SPY190522C285,2019-05-20,2019-05-20 09:42:30,1.32,0.88,42,1.3,0.8666,51,1.3,0.8666,3,1.31,0.8733,1346,0
SPY190522C285,2019-05-20,2019-05-20 09:42:31,1.33,0.8866,7,1.31,0.8733,30,1.3,0.8666,3,1.32,0.88,1346,0
SPY190522C285,2019-05-20,2019-05-20 09:42:32,1.33,0.8866,302,1.31,0.8733,70,1.3,0.8666,3,1.32,0.88,1346,0
SPY190522C285,2019-05-20,2019-05-20 09:42:33,1.33,0.8866,533,1.31,0.8733,55,1.3,0.8666,3,1.32,0.88,1346,0
SPY190522C285,2019-05-20,2019-05-20 09:42:34,1.33,0.8866,125,1.31,0.8733,70,1.3,0.8666,3,1.32,0.88,1346,0
SPY190522C285,2019-05-20,2019-05-20 09:42:36,1.34,0.8933,34,1.32,0.88,89,1.3,0.8666,3,1.33,0.8866,1346,0
SPY190522C285,2019-05-20,2019-05-20 09:42:37,1.34,0.8933,100,1.32,0.88,60,1.33,0.8866,2,1.33,0.8866,1348,2
SPY190522C285,2019-05-20,2019-05-20 09:42:38,1.34,0.8933,38,1.31,0.8733,117,1.33,0.8866,2,1.325,0.8833,1348,0
SPY190522C285,2019-05-20,2019-05-20 09:42:39,1.35,0.9,706,1.32,0.88,94,1.33,0.8866,2,1.335,0.89,1348,0
SPY190522C285,2019-05-20,2019-05-20 09:42:40,1.37,0.9133,83,1.33,0.8866,350,1.33,0.8866,2,1.35,0.9,1348,0
SPY190522C285,2019-05-20,2019-05-20 09:42:42,1.38,0.92,7,1.35,0.9,29,1.33,0.8866,2,1.365,0.91,1348,0
SPY190522C285,2019-05-20,2019-05-20 09:42:43,1.37,0.9133,55,1.36,0.9066,33,1.35,0.9,10,1.365,0.91,1398,50
SPY190522C285,2019-05-20,2019-05-20 09:42:44,1.38,0.92,51,1.35,0.9,160,1.35,0.9,10,1.365,0.91,1398,0
SPY190522C285,2019-05-20,2019-05-20 09:42:45,1.37,0.9133,10,1.35,0.9,150,1.35,0.9,10,1.36,0.9066,1398,0
SPY190522C285,2019-05-20,2019-05-20 09:42:47,1.38,0.92,19,1.36,0.9066,13,1.35,0.9,10,1.37,0.9133,1398,0
SPY190522C285,2019-05-20,2019-05-20 09:42:48,1.39,0.9266,1,1.37,0.9133,100,1.38,0.92,28,1.38,0.92,1455,57
SPY190522C285,2019-05-20,2019-05-20 09:42:49,1.4,0.9333,253,1.39,0.9266,43,1.4,0.9333,1,1.395,0.93,1457,2
SPY190522C285,2019-05-20,2019-05-20 09:42:50,1.4,0.9333,442,1.38,0.92,79,1.39,0.9266,43,1.39,0.9266,1500,43
SPY190522C285,2019-05-20,2019-05-20 09:42:51,1.4,0.9333,403,1.36,0.9066,31,1.39,0.9266,43,1.38,0.92,1500,0
SPY190522C285,2019-05-20,2019-05-20 09:42:53,1.38,0.92,56,1.35,0.9,442,1.39,0.9266,43,1.365,0.91,1500,0
SPY190522C285,2019-05-20,2019-05-20 09:42:54,1.37,0.9133,6,1.35,0.9,30,1.39,0.9266,43,1.36,0.9066,1500,0
SPY190522C285,2019-05-20,2019-05-20 09:42:55,1.37,0.9133,52,1.35,0.9,30,1.39,0.9266,43,1.36,0.9066,1500,0
SPY190522C285,2019-05-20,2019-05-20 09:42:57,1.35,0.9,1,1.33,0.8866,461,1.35,0.9,30,1.34,0.8933,1530,30
SPY190522C285,2019-05-20,2019-05-20 09:42:58,1.37,0.9133,56,1.34,0.8933,491,1.35,0.9,30,1.355,0.9033,1530,0
SPY190522C285,2019-05-20,2019-05-20 09:42:59,1.36,0.9066,101,1.33,0.8866,52,1.35,0.9,30,1.345,0.8966,1530,0
SPY190522C285,2019-05-20,2019-05-20 09:43:00,1.35,0.9,81,1.33,0.8866,67,1.35,0.9,30,1.34,0.8933,1530,0
SPY190522C285,2019-05-20,2019-05-20 09:43:01,1.35,0.9,53,1.33,0.8866,135,1.33,0.8866,1,1.34,0.8933,1531,1
SPY190522C285,2019-05-20,2019-05-20 09:43:02,1.37,0.9133,20,1.35,0.9,297,1.33,0.8866,1,1.36,0.9066,1531,0
SPY190522C285,2019-05-20,2019-05-20 09:43:03,1.41,0.94,139,1.38,0.92,117,1.37,0.9133,53,1.395,0.93,1651,120
SPY190522C285,2019-05-20,2019-05-20 09:43:05,1.4,0.9333,103,1.38,0.92,49,1.37,0.9133,53,1.39,0.9266,1651,0
SPY190522C285,2019-05-20,2019-05-20 09:43:06,1.39,0.9266,4,1.37,0.9133,108,1.37,0.9133,53,1.38,0.92,1651,0
SPY190522C285,2019-05-20,2019-05-20 09:43:07,1.38,0.92,222,1.36,0.9066,5,1.37,0.9133,53,1.37,0.9133,1651,0
SPY190522C285,2019-05-20,2019-05-20 09:43:09,1.38,0.92,7,1.36,0.9066,116,1.37,0.9133,1,1.37,0.9133,1657,6
SPY190522C285,2019-05-20,2019-05-20 09:43:10,1.36,0.9066,13,1.35,0.9,31,1.37,0.9133,1,1.355,0.9033,1657,0
SPY190522C285,2019-05-20,2019-05-20 09:43:12,1.36,0.9066,57,1.34,0.8933,50,1.37,0.9133,1,1.35,0.9,1657,0
SPY190522C285,2019-05-20,2019-05-20 09:43:14,1.39,0.9266,7,1.36,0.9066,237,1.37,0.9133,1,1.375,0.9166,1657,0
SPY190522C285,2019-05-20,2019-05-20 09:43:15,1.38,0.92,124,1.36,0.9066,16,1.37,0.9133,1,1.37,0.9133,1657,0
SPY190522C285,2019-05-20,2019-05-20 09:43:16,1.38,0.92,6,1.36,0.9066,84,1.37,0.9133,1,1.37,0.9133,1657,0
SPY190522C285,2019-05-20,2019-05-20 09:43:18,1.36,0.9066,67,1.35,0.9,1,1.37,0.9133,1,1.355,0.9033,1657,0
SPY190522C285,2019-05-20,2019-05-20 09:43:19,1.35,0.9,1,1.34,0.8933,2,1.35,0.9,1,1.345,0.8966,1659,2
SPY190522C285,2019-05-20,2019-05-20 09:43:20,1.37,0.9133,119,1.35,0.9,47,1.35,0.9,1,1.36,0.9066,1659,0
SPY190522C285,2019-05-20,2019-05-20 09:43:21,1.37,0.9133,639,1.34,0.8933,120,1.35,0.9,1,1.355,0.9033,1659,0
SPY190522C285,2019-05-20,2019-05-20 09:43:23,1.36,0.9066,10,1.35,0.9,5,1.35,0.9,1,1.355,0.9033,1659,0
SPY190522C285,2019-05-20,2019-05-20 09:43:24,1.36,0.9066,53,1.35,0.9,5,1.35,0.9,10,1.355,0.9033,1669,10
SPY190522C285,2019-05-20,2019-05-20 09:43:25,1.36,0.9066,107,1.35,0.9,5,1.35,0.9,10,1.355,0.9033,1669,0
SPY190522C285,2019-05-20,2019-05-20 09:43:26,1.36,0.9066,108,1.35,0.9,5,1.35,0.9,10,1.355,0.9033,1669,0
SPY190522C285,2019-05-20,2019-05-20 09:43:28,1.35,0.9,52,1.35,0.9,5,1.35,0.9,2,1.35,0.9,1674,5
SPY190522C285,2019-05-20,2019-05-20 09:43:30,1.37,0.9133,106,1.35,0.9,50,1.35,0.9,2,1.36,0.9066,1674,0
SPY190522C285,2019-05-20,2019-05-20 09:43:31,1.37,0.9133,382,1.34,0.8933,382,1.35,0.9,2,1.355,0.9033,1674,0
SPY190522C285,2019-05-20,2019-05-20 09:43:32,1.36,0.9066,700,1.33,0.8866,37,1.35,0.9,64,1.345,0.8966,1738,64
SPY190522C285,2019-05-20,2019-05-20 09:43:33,1.35,0.9,132,1.33,0.8866,91,1.35,0.9,64,1.34,0.8933,1738,0
SPY190522C285,2019-05-20,2019-05-20 09:43:35,1.35,0.9,175,1.33,0.8866,110,1.33,0.8866,20,1.34,0.8933,1761,23
SPY190522C285,2019-05-20,2019-05-20 09:43:37,1.34,0.8933,68,1.32,0.88,546,1.33,0.8866,20,1.33,0.8866,1761,0
SPY190522C285,2019-05-20,2019-05-20 09:43:38,1.32,0.88,17,1.31,0.8733,65,1.31,0.8733,1,1.315,0.8766,1766,5
SPY190522C285,2019-05-20,2019-05-20 09:43:40,1.32,0.88,74,1.31,0.8733,57,1.31,0.8733,1,1.315,0.8766,1766,0
SPY190522C285,2019-05-20,2019-05-20 09:43:41,1.31,0.8733,150,1.28,0.8533,300,1.31,0.8733,2,1.295,0.8633,1768,2
SPY190522C285,2019-05-20,2019-05-20 09:43:42,1.32,0.88,213,1.29,0.86,115,1.31,0.8733,2,1.305,0.87,1768,0
SPY190522C285,2019-05-20,2019-05-20 09:43:43,1.31,0.8733,58,1.29,0.86,115,1.31,0.8733,2,1.3,0.8666,1768,0
SPY190522C285,2019-05-20,2019-05-20 09:43:45,1.31,0.8733,9,1.29,0.86,87,1.29,0.86,50,1.3,0.8666,1868,100
SPY190522C285,2019-05-20,2019-05-20 09:43:46,1.31,0.8733,651,1.28,0.8533,119,1.29,0.86,50,1.295,0.8633,1868,0
SPY190522C285,2019-05-20,2019-05-20 09:43:47,1.31,0.8733,72,1.29,0.86,151,1.29,0.86,50,1.3,0.8666,1868,0
SPY190522C285,2019-05-20,2019-05-20 09:43:49,1.32,0.88,135,1.29,0.86,461,1.29,0.86,50,1.305,0.87,1868,0
SPY190522C285,2019-05-20,2019-05-20 09:43:50,1.31,0.8733,182,1.28,0.8533,297,1.29,0.86,50,1.295,0.8633,1868,0
SPY190522C285,2019-05-20,2019-05-20 09:43:51,1.31,0.8733,108,1.29,0.86,65,1.29,0.86,50,1.3,0.8666,1868,0
SPY190522C285,2019-05-20,2019-05-20 09:43:53,1.32,0.88,100,1.31,0.8733,1,1.31,0.8733,1,1.315,0.8766,1870,2
SPY190522C285,2019-05-20,2019-05-20 09:43:54,1.3,0.8666,17,1.29,0.86,31,1.31,0.8733,1,1.295,0.8633,1870,0
SPY190522C285,2019-05-20,2019-05-20 09:43:55,1.31,0.8733,392,1.29,0.86,6,1.3,0.8666,1,1.3,0.8666,1874,4
SPY190522C285,2019-05-20,2019-05-20 09:43:57,1.32,0.88,58,1.3,0.8666,65,1.3,0.8666,1,1.31,0.8733,1874,0
SPY190522C285,2019-05-20,2019-05-20 09:43:58,1.33,0.8866,139,1.3,0.8666,416,1.3,0.8666,1,1.315,0.8766,1874,0
SPY190522C285,2019-05-20,2019-05-20 09:44:00,1.32,0.88,150,1.3,0.8666,65,1.3,0.8666,1,1.31,0.8733,1874,0
SPY190522C285,2019-05-20,2019-05-20 09:44:01,1.33,0.8866,709,1.3,0.8666,5,1.3,0.8666,1,1.315,0.8766,1874,0
SPY190522C285,2019-05-20,2019-05-20 09:44:02,1.32,0.88,123,1.3,0.8666,94,1.3,0.8666,1,1.31,0.8733,1874,0
SPY190522C285,2019-05-20,2019-05-20 09:44:03,1.32,0.88,111,1.3,0.8666,92,1.3,0.8666,1,1.31,0.8733,1874,0
SPY190522C285,2019-05-20,2019-05-20 09:44:04,1.32,0.88,353,1.3,0.8666,5,1.3,0.8666,1,1.31,0.8733,1874,0
SPY190522C285,2019-05-20,2019-05-20 09:44:06,1.32,0.88,50,1.3,0.8666,170,1.3,0.8666,1,1.31,0.8733,1874,0
SPY190522C285,2019-05-20,2019-05-20 09:44:07,1.33,0.8866,382,1.3,0.8666,63,1.3,0.8666,1,1.315,0.8766,1874,0
SPY190522C285,2019-05-20,2019-05-20 09:44:08,1.33,0.8866,375,1.31,0.8733,63,1.3,0.8666,1,1.32,0.88,1874,0
SPY190522C285,2019-05-20,2019-05-20 09:44:09,1.33,0.8866,29,1.32,0.88,22,1.3,0.8666,1,1.325,0.8833,1874,0
SPY190522C285,2019-05-20,2019-05-20 09:44:10,1.34,0.8933,135,1.32,0.88,61,1.3,0.8666,1,1.33,0.8866,1874,0
SPY190522C285,2019-05-20,2019-05-20 09:44:12,1.33,0.8866,16,1.32,0.88,50,1.3,0.8666,1,1.325,0.8833,1874,0
SPY190522C285,2019-05-20,2019-05-20 09:44:13,1.33,0.8866,646,1.31,0.8733,1,1.3,0.8666,1,1.32,0.88,1874,0
SPY190522C285,2019-05-20,2019-05-20 09:44:14,1.31,0.8733,40,1.3,0.8666,5,1.31,0.8733,1,1.305,0.87,1875,1
SPY190522C285,2019-05-20,2019-05-20 09:44:16,1.31,0.8733,50,1.29,0.86,42,1.3,0.8666,1,1.3,0.8666,1881,6
SPY190522C285,2019-05-20,2019-05-20 09:44:17,1.3,0.8666,6,1.28,0.8533,10,1.3,0.8666,1,1.29,0.86,1881,0
SPY190522C285,2019-05-20,2019-05-20 09:44:19,1.3,0.8666,513,1.27,0.8466,71,1.28,0.8533,10,1.285,0.8566,1891,10
SPY190522C285,2019-05-20,2019-05-20 09:44:22,1.3,0.8666,79,1.28,0.8533,63,1.28,0.8533,10,1.29,0.86,1891,0
SPY190522C285,2019-05-20,2019-05-20 09:44:24,1.32,0.88,162,1.29,0.86,110,1.28,0.8533,10,1.305,0.87,1891,0
SPY190522C285,2019-05-20,2019-05-20 09:44:26,1.31,0.8733,78,1.29,0.86,100,1.28,0.8533,10,1.3,0.8666,1891,0
SPY190522C285,2019-05-20,2019-05-20 09:44:28,1.31,0.8733,78,1.29,0.86,100,1.28,0.8533,10,1.3,0.8666,1891,0
SPY190522C285,2019-05-20,2019-05-20 09:44:29,1.3,0.8666,50,1.28,0.8533,452,1.28,0.8533,10,1.29,0.86,1891,0
SPY190522C285,2019-05-20,2019-05-20 09:44:31,1.31,0.8733,353,1.29,0.86,48,1.28,0.8533,10,1.3,0.8666,1891,0
SPY190522C285,2019-05-20,2019-05-20 09:44:32,1.31,0.8733,39,1.29,0.86,175,1.28,0.8533,10,1.3,0.8666,1891,0
SPY190522C285,2019-05-20,2019-05-20 09:44:34,1.35,0.9,888,1.3,0.8666,55,1.28,0.8533,10,1.325,0.8833,1891,0
SPY190522C285,2019-05-20,2019-05-20 09:44:36,1.33,0.8866,46,1.31,0.8733,439,1.28,0.8533,10,1.32,0.88,1891,0
SPY190522C285,2019-05-20,2019-05-20 09:44:37,1.33,0.8866,12,1.32,0.88,111,1.28,0.8533,10,1.325,0.8833,1891,0
SPY190522C285,2019-05-20,2019-05-20 09:44:38,1.34,0.8933,62,1.31,0.8733,691,1.28,0.8533,10,1.325,0.8833,1891,0
SPY190522C285,2019-05-20,2019-05-20 09:44:40,1.35,0.9,103,1.33,0.8866,65,1.28,0.8533,10,1.34,0.8933,1891,0
SPY190522C285,2019-05-20,2019-05-20 09:44:41,1.34,0.8933,11,1.33,0.8866,61,1.28,0.8533,10,1.335,0.89,1891,0
SPY190522C285,2019-05-20,2019-05-20 09:44:43,1.35,0.9,37,1.34,0.8933,115,1.28,0.8533,10,1.345,0.8966,1891,0
SPY190522C285,2019-05-20,2019-05-20 09:44:45,1.38,0.92,100,1.35,0.9,109,1.35,0.9,12,1.365,0.91,1916,25
SPY190522C285,2019-05-20,2019-05-20 09:44:47,1.37,0.9133,7,1.36,0.9066,126,1.35,0.9,12,1.365,0.91,1916,0
SPY190522C285,2019-05-20,2019-05-20 09:44:48,1.37,0.9133,62,1.35,0.9,111,1.35,0.9,12,1.36,0.9066,1916,0
SPY190522C285,2019-05-20,2019-05-20 09:44:50,1.38,0.92,218,1.36,0.9066,84,1.35,0.9,12,1.37,0.9133,1916,0
SPY190522C285,2019-05-20,2019-05-20 09:44:52,1.39,0.9266,462,1.37,0.9133,42,1.35,0.9,12,1.38,0.92,1916,0
SPY190522C285,2019-05-20,2019-05-20 09:44:53,1.4,0.9333,101,1.38,0.92,43,1.35,0.9,12,1.39,0.9266,1916,0
SPY190522C285,2019-05-20,2019-05-20 09:44:55,1.4,0.9333,300,1.37,0.9133,228,1.35,0.9,12,1.385,0.9233,1916,0
SPY190522C285,2019-05-20,2019-05-20 09:44:57,1.38,0.92,71,1.35,0.9,77,1.37,0.9133,1,1.365,0.91,1917,1
SPY190522C285,2019-05-20,2019-05-20 09:44:58,1.37,0.9133,6,1.36,0.9066,51,1.37,0.9133,1,1.365,0.91,1917,0
SPY190522C285,2019-05-20,2019-05-20 09:45:00,1.38,0.92,513,1.36,0.9066,38,1.37,0.9133,1,1.37,0.9133,1918,1
SPY190522C285,2019-05-20,2019-05-20 09:45:01,1.37,0.9133,1,1.36,0.9066,44,1.37,0.9133,1,1.365,0.91,1924,6
SPY190522C285,2019-05-20,2019-05-20 09:45:02,1.39,0.9266,413,1.37,0.9133,19,1.38,0.92,1,1.38,0.92,1925,1
SPY190522C285,2019-05-20,2019-05-20 09:45:04,1.41,0.94,26,1.4,0.9333,9,1.39,0.9266,1,1.405,0.9366,1927,2
SPY190522C285,2019-05-20,2019-05-20 09:45:05,1.42,0.9466,363,1.39,0.9266,286,1.39,0.9266,1,1.405,0.9366,1927,0
SPY190522C285,2019-05-20,2019-05-20 09:45:06,1.46,0.9733,350,1.43,0.9533,65,1.39,0.9266,1,1.445,0.9633,1927,0
SPY190522C285,2019-05-20,2019-05-20 09:45:08,1.47,0.98,350,1.44,0.96,107,1.39,0.9266,1,1.455,0.97,1927,0
SPY190522C285,2019-05-20,2019-05-20 09:45:09,1.47,0.98,50,1.45,0.9666,66,1.47,0.98,5,1.46,0.9733,1932,5
SPY190522C285,2019-05-20,2019-05-20 09:45:10,1.48,0.9866,138,1.46,0.9733,23,1.47,0.98,5,1.47,0.98,1932,0
SPY190522C285,2019-05-20,2019-05-20 09:45:11,1.48,0.9866,75,1.45,0.9666,400,1.47,0.98,5,1.465,0.9766,1932,0
SPY190522C285,2019-05-20,2019-05-20 09:45:13,1.5,1.0,15,1.47,0.98,304,1.47,0.98,5,1.485,0.99,1932,0
SPY190522C285,2019-05-20,2019-05-20 09:45:14,1.5,1.0,15,1.48,0.9866,483,1.47,0.98,5,1.49,0.9933,1932,0
SPY190522C285,2019-05-20,2019-05-20 09:45:15,1.5,1.0,17,1.49,0.9933,283,1.47,0.98,5,1.495,0.9966,1932,0
SPY190522C285,2019-05-20,2019-05-20 09:45:16,1.49,0.9933,56,1.47,0.98,108,1.47,0.98,5,1.48,0.9866,1932,0
SPY190522C285,2019-05-20,2019-05-20 09:45:18,1.5,1.0,399,1.47,0.98,61,1.47,0.98,5,1.485,0.99,1932,0
SPY190522C285,2019-05-20,2019-05-20 09:45:19,1.5,1.0,151,1.48,0.9866,120,1.47,0.98,5,1.49,0.9933,1932,0
SPY190522C285,2019-05-20,2019-05-20 09:45:20,1.5,1.0,59,1.47,0.98,483,1.47,0.98,5,1.485,0.99,1932,0
SPY190522C285,2019-05-20,2019-05-20 09:45:21,1.47,0.98,14,1.45,0.9666,222,1.47,0.98,10,1.46,0.9733,1944,12
SPY190522C285,2019-05-20,2019-05-20 09:45:22,1.49,0.9933,18,1.46,0.9733,219,1.47,0.98,10,1.475,0.9833,1944,0
SPY190522C285,2019-05-20,2019-05-20 09:45:23,1.49,0.9933,62,1.46,0.9733,456,1.49,0.9933,1,1.475,0.9833,1947,3
SPY190522C285,2019-05-20,2019-05-20 09:45:25,1.5,1.0,26,1.49,0.9933,26,1.49,0.9933,1,1.495,0.9966,1948,1
SPY190522C285,2019-05-20,2019-05-20 09:45:26,1.5,1.0,51,1.49,0.9933,48,1.49,0.9933,1,1.495,0.9966,1948,0
SPY190522C285,2019-05-20,2019-05-20 09:45:27,1.5,1.0,287,1.49,0.9933,11,1.49,0.9933,1,1.495,0.9966,1948,0
SPY190522C285,2019-05-20,2019-05-20 09:45:29,1.5,1.0,305,1.47,0.98,165,1.49,0.9933,11,1.485,0.99,1959,11
SPY190522C285,2019-05-20,2019-05-20 09:45:31,1.49,0.9933,100,1.47,0.98,136,1.48,0.9866,1,1.48,0.9866,1963,4
SPY190522C285,2019-05-20,2019-05-20 09:45:32,1.48,0.9866,1,1.47,0.98,36,1.48,0.9866,1,1.475,0.9833,1964,1
SPY190522C285,2019-05-20,2019-05-20 09:45:33,1.5,1.0,69,1.48,0.9866,1,1.48,0.9866,1,1.49,0.9933,1964,0
SPY190522C285,2019-05-20,2019-05-20 09:45:35,1.49,0.9933,54,1.48,0.9866,1,1.48,0.9866,1,1.485,0.99,1964,0
SPY190522C285,2019-05-20,2019-05-20 09:45:36,1.49,0.9933,67,1.48,0.9866,1,1.48,0.9866,1,1.485,0.99,1964,0
SPY190522C285,2019-05-20,2019-05-20 09:45:37,1.49,0.9933,53,1.48,0.9866,10,1.48,0.9866,1,1.485,0.99,1964,0
SPY190522C285,2019-05-20,2019-05-20 09:45:38,1.49,0.9933,14,1.48,0.9866,10,1.48,0.9866,10,1.485,0.99,1974,10
SPY190522C285,2019-05-20,2019-05-20 09:45:40,1.49,0.9933,50,1.48,0.9866,8,1.48,0.9866,10,1.485,0.99,1974,0
SPY190522C285,2019-05-20,2019-05-20 09:45:41,1.49,0.9933,14,1.48,0.9866,48,1.48,0.9866,10,1.485,0.99,1974,0
SPY190522C285,2019-05-20,2019-05-20 09:45:42,1.5,1.0,69,1.48,0.9866,148,1.48,0.9866,4,1.49,0.9933,1978,4
SPY190522C285,2019-05-20,2019-05-20 09:45:43,1.5,1.0,55,1.49,0.9933,400,1.5,1.0,1,1.495,0.9966,2045,67
SPY190522C285,2019-05-20,2019-05-20 09:45:44,1.54,1.0266,59,1.51,1.0066,300,1.52,1.0133,10,1.525,1.0166,2055,10
SPY190522C285,2019-05-20,2019-05-20 09:45:45,1.55,1.0333,12,1.53,1.02,226,1.52,1.0133,10,1.54,1.0266,2055,0
SPY190522C285,2019-05-20,2019-05-20 09:45:46,1.54,1.0266,15,1.53,1.02,1,1.53,1.02,1,1.535,1.0233,2056,1
SPY190522C285,2019-05-20,2019-05-20 09:45:48,1.53,1.02,13,1.51,1.0066,228,1.53,1.02,1,1.52,1.0133,2056,0
SPY190522C285,2019-05-20,2019-05-20 09:45:49,1.54,1.0266,58,1.52,1.0133,324,1.53,1.02,1,1.53,1.02,2056,0
SPY190522C285,2019-05-20,2019-05-20 09:45:50,1.55,1.0333,11,1.53,1.02,616,1.53,1.02,1,1.54,1.0266,2056,0
SPY190522C285,2019-05-20,2019-05-20 09:45:51,1.55,1.0333,1,1.54,1.0266,182,1.53,1.02,1,1.545,1.03,2056,0
SPY190522C285,2019-05-20,2019-05-20 09:45:52,1.56,1.04,693,1.53,1.02,64,1.55,1.0333,1,1.545,1.03,2058,2
SPY190522C285,2019-05-20,2019-05-20 09:45:53,1.55,1.0333,428,1.53,1.02,7,1.54,1.0266,1,1.54,1.0266,2059,1
SPY190522C285,2019-05-20,2019-05-20 09:45:54,1.54,1.0266,218,1.53,1.02,1,1.53,1.02,1,1.535,1.0233,2061,2
SPY190522C285,2019-05-20,2019-05-20 09:45:56,1.51,1.0066,62,1.48,0.9866,164,1.5,1.0,1,1.495,0.9966,2062,1
SPY190522C285,2019-05-20,2019-05-20 09:45:57,1.51,1.0066,42,1.49,0.9933,55,1.51,1.0066,3,1.5,1.0,2065,3
SPY190522C285,2019-05-20,2019-05-20 09:45:58,1.52,1.0133,62,1.5,1.0,100,1.52,1.0133,1,1.51,1.0066,2076,11
SPY190522C285,2019-05-20,2019-05-20 09:45:59,1.52,1.0133,17,1.5,1.0,162,1.5,1.0,1,1.51,1.0066,2082,6
SPY190522C285,2019-05-20,2019-05-20 09:46:00,1.52,1.0133,43,1.5,1.0,436,1.5,1.0,1,1.51,1.0066,2082,0
SPY190522C285,2019-05-20,2019-05-20 09:46:02,1.51,1.0066,699,1.48,0.9866,109,1.51,1.0066,2,1.495,0.9966,2084,2
SPY190522C285,2019-05-20,2019-05-20 09:46:03,1.49,0.9933,1,1.47,0.98,100,1.49,0.9933,4,1.48,0.9866,2088,4
SPY190522C285,2019-05-20,2019-05-20 09:46:04,1.51,1.0066,93,1.48,0.9866,256,1.49,0.9933,1,1.495,0.9966,2090,2
SPY190522C285,2019-05-20,2019-05-20 09:46:05,1.5,1.0,62,1.48,0.9866,50,1.5,1.0,10,1.49,0.9933,2100,10
SPY190522C285,2019-05-20,2019-05-20 09:46:07,1.5,1.0,63,1.48,0.9866,150,1.5,1.0,10,1.49,0.9933,2100,0
SPY190522C285,2019-05-20,2019-05-20 09:46:08,1.51,1.0066,226,1.48,0.9866,274,1.5,1.0,10,1.495,0.9966,2100,0
SPY190522C285,2019-05-20,2019-05-20 09:46:09,1.52,1.0133,291,1.5,1.0,8,1.5,1.0,10,1.51,1.0066,2100,0
SPY190522C285,2019-05-20,2019-05-20 09:46:11,1.53,1.02,41,1.5,1.0,200,1.5,1.0,10,1.515,1.01,2100,0
SPY190522C285,2019-05-20,2019-05-20 09:46:12,1.54,1.0266,75,1.51,1.0066,170,1.5,1.0,10,1.525,1.0166,2100,0
SPY190522C285,2019-05-20,2019-05-20 09:46:13,1.56,1.04,80,1.53,1.02,170,1.53,1.02,1,1.545,1.03,2101,1
SPY190522C285,2019-05-20,2019-05-20 09:46:14,1.56,1.04,80,1.54,1.0266,59,1.53,1.02,1,1.55,1.0333,2101,0
SPY190522C285,2019-05-20,2019-05-20 09:46:15,1.56,1.04,67,1.55,1.0333,350,1.53,1.02,1,1.555,1.0366,2101,0
SPY190522C285,2019-05-20,2019-05-20 09:46:16,1.58,1.0533,61,1.56,1.04,341,1.58,1.0533,2,1.57,1.0466,2103,2
SPY190522C285,2019-05-20,2019-05-20 09:46:18,1.58,1.0533,57,1.57,1.0466,21,1.58,1.0533,2,1.575,1.05,2103,0
SPY190522C285,2019-05-20,2019-05-20 09:46:19,1.58,1.0533,34,1.56,1.04,191,1.58,1.0533,2,1.57,1.0466,2103,0
SPY190522C285,2019-05-20,2019-05-20 09:46:20,1.57,1.0466,61,1.55,1.0333,63,1.58,1.0533,2,1.56,1.04,2103,0
SPY190522C285,2019-05-20,2019-05-20 09:46:22,1.57,1.0466,60,1.55,1.0333,377,1.58,1.0533,2,1.56,1.04,2103,0
SPY190522C285,2019-05-20,2019-05-20 09:46:23,1.57,1.0466,61,1.55,1.0333,377,1.57,1.0466,2,1.56,1.04,2105,2
SPY190522C285,2019-05-20,2019-05-20 09:46:24,1.57,1.0466,61,1.55,1.0333,298,1.57,1.0466,1,1.56,1.04,2106,1
SPY190522C285,2019-05-20,2019-05-20 09:46:25,1.59,1.06,368,1.57,1.0466,83,1.57,1.0466,2,1.58,1.0533,2118,12
SPY190522C285,2019-05-20,2019-05-20 09:46:27,1.59,1.06,217,1.57,1.0466,85,1.57,1.0466,2,1.58,1.0533,2118,0
SPY190522C285,2019-05-20,2019-05-20 09:46:28,1.59,1.06,66,1.58,1.0533,8,1.57,1.0466,2,1.585,1.0566,2118,0
SPY190522C285,2019-05-20,2019-05-20 09:46:29,1.6,1.0666,331,1.58,1.0533,8,1.57,1.0466,2,1.59,1.06,2118,0
SPY190522C285,2019-05-20,2019-05-20 09:46:31,1.59,1.06,51,1.58,1.0533,8,1.57,1.0466,2,1.585,1.0566,2118,0
SPY190522C285,2019-05-20,2019-05-20 09:46:32,1.59,1.06,129,1.58,1.0533,8,1.58,1.0533,20,1.585,1.0566,2138,20
SPY190522C285,2019-05-20,2019-05-20 09:46:33,1.59,1.06,304,1.56,1.04,79,1.58,1.0533,8,1.575,1.05,2146,8
SPY190522C285,2019-05-20,2019-05-20 09:46:35,1.59,1.06,104,1.57,1.0466,66,1.59,1.06,1,1.58,1.0533,2147,1
SPY190522C285,2019-05-20,2019-05-20 09:46:36,1.6,1.0666,242,1.57,1.0466,155,1.59,1.06,1,1.585,1.0566,2149,2
SPY190522C285,2019-05-20,2019-05-20 09:46:37,1.6,1.0666,50,1.57,1.0466,405,1.59,1.06,1,1.585,1.0566,2149,0
SPY190522C285,2019-05-20,2019-05-20 09:46:38,1.6,1.0666,7,1.58,1.0533,137,1.59,1.06,1,1.59,1.06,2149,0
SPY190522C285,2019-05-20,2019-05-20 09:46:40,1.61,1.0733,59,1.59,1.06,6,1.6,1.0666,2,1.6,1.0666,2151,2
SPY190522C285,2019-05-20,2019-05-20 09:46:41,1.62,1.08,96,1.58,1.0533,291,1.6,1.0666,2,1.6,1.0666,2151,0
SPY190522C285,2019-05-20,2019-05-20 09:46:42,1.6,1.0666,13,1.58,1.0533,182,1.6,1.0666,2,1.59,1.06,2151,0
SPY190522C285,2019-05-20,2019-05-20 09:46:44,1.6,1.0666,10,1.58,1.0533,350,1.6,1.0666,2,1.59,1.06,2151,0
SPY190522C285,2019-05-20,2019-05-20 09:46:45,1.61,1.0733,20,1.6,1.0666,7,1.6,1.0666,2,1.605,1.07,2151,0
SPY190522C285,2019-05-20,2019-05-20 09:46:47,1.61,1.0733,43,1.6,1.0666,1,1.6,1.0666,2,1.605,1.07,2151,0
SPY190522C285,2019-05-20,2019-05-20 09:46:48,1.61,1.0733,30,1.6,1.0666,55,1.6,1.0666,2,1.605,1.07,2151,0
SPY190522C285,2019-05-20,2019-05-20 09:46:49,1.61,1.0733,73,1.6,1.0666,1,1.6,1.0666,2,1.605,1.07,2151,0
SPY190522C285,2019-05-20,2019-05-20 09:46:50,1.61,1.0733,30,1.6,1.0666,1,1.6,1.0666,1,1.605,1.07,2157,6
SPY190522C285,2019-05-20,2019-05-20 09:46:51,1.62,1.08,48,1.61,1.0733,24,1.61,1.0733,26,1.615,1.0766,2187,30
SPY190522C285,2019-05-20,2019-05-20 09:46:52,1.63,1.0866,229,1.61,1.0733,24,1.61,1.0733,26,1.62,1.08,2187,0
SPY190522C285,2019-05-20,2019-05-20 09:46:53,1.61,1.0733,78,1.61,1.0733,18,1.61,1.0733,15,1.61,1.0733,2205,18
SPY190522C285,2019-05-20,2019-05-20 09:46:55,1.6,1.0666,18,1.59,1.06,1,1.61,1.0733,1,1.595,1.0633,2209,4
SPY190522C285,2019-05-20,2019-05-20 09:46:56,1.6,1.0666,20,1.59,1.06,1,1.61,1.0733,3,1.595,1.0633,2212,3
SPY190522C285,2019-05-20,2019-05-20 09:46:57,1.6,1.0666,75,1.59,1.06,1,1.61,1.0733,3,1.595,1.0633,2212,0
SPY190522C285,2019-05-20,2019-05-20 09:46:58,1.6,1.0666,52,1.58,1.0533,100,1.6,1.0666,3,1.59,1.06,2215,3
SPY190522C285,2019-05-20,2019-05-20 09:46:59,1.59,1.06,11,1.57,1.0466,282,1.59,1.06,4,1.58,1.0533,2219,4
SPY190522C285,2019-05-20,2019-05-20 09:47:00,1.59,1.06,42,1.57,1.0466,41,1.59,1.06,4,1.58,1.0533,2219,0
SPY190522C285,2019-05-20,2019-05-20 09:47:02,1.57,1.0466,12,1.55,1.0333,164,1.57,1.0466,1,1.56,1.04,2225,6
SPY190522C285,2019-05-20,2019-05-20 09:47:03,1.6,1.0666,227,1.57,1.0466,170,1.57,1.0466,1,1.585,1.0566,2225,0
SPY190522C285,2019-05-20,2019-05-20 09:47:04,1.62,1.08,100,1.59,1.06,211,1.61,1.0733,1,1.605,1.07,2243,18
SPY190522C285,2019-05-20,2019-05-20 09:47:05,1.63,1.0866,609,1.59,1.06,405,1.61,1.0733,1,1.61,1.0733,2243,0
SPY190522C285,2019-05-20,2019-05-20 09:47:06,1.63,1.0866,515,1.6,1.0666,105,1.61,1.0733,1,1.615,1.0766,2243,0
SPY190522C285,2019-05-20,2019-05-20 09:47:07,1.62,1.08,58,1.59,1.06,397,1.61,1.0733,1,1.605,1.07,2243,0
SPY190522C285,2019-05-20,2019-05-20 09:47:08,1.62,1.08,579,1.59,1.06,107,1.61,1.0733,1,1.605,1.07,2243,0
SPY190522C285,2019-05-20,2019-05-20 09:47:10,1.6,1.0666,13,1.59,1.06,450,1.6,1.0666,1,1.595,1.0633,2245,2
SPY190522C285,2019-05-20,2019-05-20 09:47:11,1.61,1.0733,217,1.59,1.06,50,1.6,1.0666,1,1.6,1.0666,2245,0
SPY190522C285,2019-05-20,2019-05-20 09:47:12,1.59,1.06,101,1.57,1.0466,50,1.6,1.0666,10,1.58,1.0533,2255,10
SPY190522C285,2019-05-20,2019-05-20 09:47:13,1.58,1.0533,85,1.55,1.0333,50,1.58,1.0533,1,1.565,1.0433,2256,1
SPY190522C285,2019-05-20,2019-05-20 09:47:14,1.59,1.06,71,1.57,1.0466,100,1.58,1.0533,2,1.58,1.0533,2258,2
SPY190522C285,2019-05-20,2019-05-20 09:47:15,1.59,1.06,217,1.57,1.0466,107,1.58,1.0533,2,1.58,1.0533,2258,0
SPY190522C285,2019-05-20,2019-05-20 09:47:16,1.58,1.0533,13,1.56,1.04,155,1.58,1.0533,2,1.57,1.0466,2258,0
SPY190522C285,2019-05-20,2019-05-20 09:47:17,1.58,1.0533,101,1.57,1.0466,50,1.58,1.0533,2,1.575,1.05,2258,0
SPY190522C285,2019-05-20,2019-05-20 09:47:18,1.58,1.0533,17,1.56,1.04,183,1.58,1.0533,1,1.57,1.0466,2259,1
SPY190522C285,2019-05-20,2019-05-20 09:47:19,1.58,1.0533,41,1.56,1.04,155,1.58,1.0533,1,1.57,1.0466,2259,0
SPY190522C285,2019-05-20,2019-05-20 09:47:20,1.58,1.0533,280,1.54,1.0266,366,1.58,1.0533,1,1.56,1.04,2259,0
SPY190522C285,2019-05-20,2019-05-20 09:47:21,1.58,1.0533,589,1.55,1.0333,62,1.58,1.0533,1,1.565,1.0433,2259,0
SPY190522C285,2019-05-20,2019-05-20 09:47:22,1.57,1.0466,14,1.55,1.0333,167,1.57,1.0466,5,1.56,1.04,2269,10
SPY190522C285,2019-05-20,2019-05-20 09:47:23,1.58,1.0533,98,1.56,1.04,124,1.57,1.0466,5,1.57,1.0466,2269,0
SPY190522C285,2019-05-20,2019-05-20 09:47:25,1.59,1.06,594,1.56,1.04,140,1.57,1.0466,5,1.575,1.05,2269,0
SPY190522C285,2019-05-20,2019-05-20 09:47:26,1.58,1.0533,108,1.56,1.04,15,1.57,1.0466,5,1.57,1.0466,2269,0
SPY190522C285,2019-05-20,2019-05-20 09:47:27,1.58,1.0533,616,1.55,1.0333,78,1.57,1.0466,5,1.565,1.0433,2269,0
SPY190522C285,2019-05-20,2019-05-20 09:47:28,1.58,1.0533,616,1.57,1.0466,1,1.57,1.0466,1,1.575,1.05,2271,2
SPY190522C285,2019-05-20,2019-05-20 09:47:29,1.56,1.04,22,1.54,1.0266,464,1.57,1.0466,1,1.55,1.0333,2271,0
SPY190522C285,2019-05-20,2019-05-20 09:47:30,1.58,1.0533,332,1.55,1.0333,57,1.57,1.0466,1,1.565,1.0433,2271,0
SPY190522C285,2019-05-20,2019-05-20 09:47:31,1.57,1.0466,17,1.54,1.0266,327,1.57,1.0466,1,1.555,1.0366,2271,0
SPY190522C285,2019-05-20,2019-05-20 09:47:32,1.56,1.04,22,1.54,1.0266,327,1.57,1.0466,1,1.55,1.0333,2272,1
SPY190522C285,2019-05-20,2019-05-20 09:47:33,1.55,1.0333,13,1.53,1.02,122,1.57,1.0466,1,1.54,1.0266,2272,0
SPY190522C285,2019-05-20,2019-05-20 09:47:34,1.55,1.0333,82,1.53,1.02,100,1.57,1.0466,1,1.54,1.0266,2272,0
SPY190522C285,2019-05-20,2019-05-20 09:47:36,1.55,1.0333,232,1.53,1.02,7,1.55,1.0333,7,1.54,1.0266,2284,12
SPY190522C285,2019-05-20,2019-05-20 09:47:38,1.54,1.0266,20,1.52,1.0133,156,1.55,1.0333,7,1.53,1.02,2284,0
SPY190522C285,2019-05-20,2019-05-20 09:47:39,1.54,1.0266,34,1.52,1.0133,282,1.55,1.0333,7,1.53,1.02,2284,0
SPY190522C285,2019-05-20,2019-05-20 09:47:41,1.54,1.0266,148,1.52,1.0133,163,1.55,1.0333,7,1.53,1.02,2284,0
SPY190522C285,2019-05-20,2019-05-20 09:47:42,1.53,1.02,14,1.52,1.0133,163,1.55,1.0333,7,1.525,1.0166,2284,0
SPY190522C285,2019-05-20,2019-05-20 09:47:43,1.53,1.02,54,1.51,1.0066,149,1.55,1.0333,7,1.52,1.0133,2284,0
SPY190522C285,2019-05-20,2019-05-20 09:47:45,1.53,1.02,50,1.51,1.0066,133,1.55,1.0333,7,1.52,1.0133,2284,0
SPY190522C285,2019-05-20,2019-05-20 09:47:46,1.54,1.0266,100,1.51,1.0066,400,1.55,1.0333,7,1.525,1.0166,2284,0
SPY190522C285,2019-05-20,2019-05-20 09:47:47,1.55,1.0333,304,1.52,1.0133,170,1.55,1.0333,7,1.535,1.0233,2284,0
SPY190522C285,2019-05-20,2019-05-20 09:47:48,1.55,1.0333,86,1.52,1.0133,506,1.55,1.0333,7,1.535,1.0233,2284,0
SPY190522C285,2019-05-20,2019-05-20 09:47:49,1.56,1.04,90,1.53,1.02,50,1.55,1.0333,7,1.545,1.03,2284,0
SPY190522C285,2019-05-20,2019-05-20 09:47:50,1.56,1.04,372,1.53,1.02,350,1.55,1.0333,7,1.545,1.03,2284,0
SPY190522C285,2019-05-20,2019-05-20 09:47:52,1.55,1.0333,308,1.52,1.0133,115,1.54,1.0266,30,1.535,1.0233,2314,30
SPY190522C285,2019-05-20,2019-05-20 09:47:53,1.55,1.0333,629,1.52,1.0133,156,1.54,1.0266,30,1.535,1.0233,2314,0
SPY190522C285,2019-05-20,2019-05-20 09:47:54,1.55,1.0333,50,1.53,1.02,100,1.54,1.0266,30,1.54,1.0266,2314,0
SPY190522C285,2019-05-20,2019-05-20 09:47:55,1.56,1.04,294,1.52,1.0133,66,1.54,1.0266,30,1.54,1.0266,2314,0
SPY190522C285,2019-05-20,2019-05-20 09:47:56,1.54,1.0266,475,1.5,1.0,100,1.54,1.0266,30,1.52,1.0133,2314,0
SPY190522C285,2019-05-20,2019-05-20 09:47:58,1.53,1.02,567,1.5,1.0,50,1.54,1.0266,30,1.515,1.01,2314,0
SPY190522C285,2019-05-20,2019-05-20 09:47:59,1.5,1.0,222,1.47,0.98,470,1.54,1.0266,30,1.485,0.99,2314,0
SPY190522C285,2019-05-20,2019-05-20 09:48:00,1.51,1.0066,595,1.48,0.9866,156,1.54,1.0266,30,1.495,0.9966,2314,0
SPY190522C285,2019-05-20,2019-05-20 09:48:00,1.5,1.0,222,1.48,0.9866,156,1.54,1.0266,30,1.49,0.9933,2314,0
SPY190522C285,2019-05-20,2019-05-20 09:48:01,1.5,1.0,308,1.48,0.9866,100,1.54,1.0266,30,1.49,0.9933,2314,0
SPY190522C285,2019-05-20,2019-05-20 09:48:02,1.5,1.0,222,1.48,0.9866,50,1.48,0.9866,30,1.49,0.9933,2344,30
SPY190522C285,2019-05-20,2019-05-20 09:48:04,1.49,0.9933,222,1.47,0.98,163,1.48,0.9866,30,1.48,0.9866,2344,0
SPY190522C285,2019-05-20,2019-05-20 09:48:05,1.48,0.9866,327,1.45,0.9666,536,1.48,0.9866,30,1.465,0.9766,2344,0
SPY190522C285,2019-05-20,2019-05-20 09:48:06,1.48,0.9866,241,1.45,0.9666,139,1.48,0.9866,30,1.465,0.9766,2344,0
SPY190522C285,2019-05-20,2019-05-20 09:48:07,1.47,0.98,222,1.44,0.96,129,1.48,0.9866,30,1.455,0.97,2344,0
SPY190522C285,2019-05-20,2019-05-20 09:48:08,1.46,0.9733,892,1.43,0.9533,126,1.47,0.98,5,1.445,0.9633,2352,8
SPY190522C285,2019-05-20,2019-05-20 09:48:09,1.46,0.9733,635,1.43,0.9533,436,1.47,0.98,5,1.445,0.9633,2352,0
SPY190522C285,2019-05-20,2019-05-20 09:48:10,1.46,0.9733,635,1.43,0.9533,499,1.47,0.98,5,1.445,0.9633,2352,0
SPY190522C285,2019-05-20,2019-05-20 09:48:12,1.47,0.98,315,1.43,0.9533,400,1.47,0.98,5,1.45,0.9666,2352,0
SPY190522C285,2019-05-20,2019-05-20 09:48:13,1.45,0.9666,231,1.42,0.9466,504,1.47,0.98,5,1.435,0.9566,2352,0
SPY190522C285,2019-05-20,2019-05-20 09:48:14,1.46,0.9733,308,1.44,0.96,50,1.47,0.98,5,1.45,0.9666,2352,0
SPY190522C285,2019-05-20,2019-05-20 09:48:15,1.46,0.9733,188,1.44,0.96,50,1.47,0.98,5,1.45,0.9666,2352,0
SPY190522C285,2019-05-20,2019-05-20 09:48:16,1.47,0.98,331,1.44,0.96,100,1.47,0.98,5,1.455,0.97,2352,0
SPY190522C285,2019-05-20,2019-05-20 09:48:17,1.46,0.9733,314,1.43,0.9533,471,1.44,0.96,1,1.445,0.9633,2353,1
SPY190522C285,2019-05-20,2019-05-20 09:48:19,1.43,0.9533,753,1.4,0.9333,100,1.44,0.96,1,1.415,0.9433,2353,0
SPY190522C285,2019-05-20,2019-05-20 09:48:20,1.42,0.9466,216,1.4,0.9333,100,1.44,0.96,1,1.41,0.94,2353,0
SPY190522C285,2019-05-20,2019-05-20 09:48:21,1.43,0.9533,325,1.4,0.9333,228,1.44,0.96,1,1.415,0.9433,2353,0
SPY190522C285,2019-05-20,2019-05-20 09:48:22,1.43,0.9533,325,1.4,0.9333,507,1.44,0.96,1,1.415,0.9433,2353,0
SPY190522C285,2019-05-20,2019-05-20 09:48:23,1.42,0.9466,238,1.4,0.9333,50,1.44,0.96,1,1.41,0.94,2353,0
SPY190522C285,2019-05-20,2019-05-20 09:48:24,1.43,0.9533,378,1.4,0.9333,157,1.44,0.96,1,1.415,0.9433,2353,0
SPY190522C285,2019-05-20,2019-05-20 09:48:25,1.42,0.9466,289,1.4,0.9333,99,1.44,0.96,1,1.41,0.94,2353,0
SPY190522C285,2019-05-20,2019-05-20 09:48:26,1.42,0.9466,289,1.4,0.9333,99,1.44,0.96,1,1.41,0.94,2353,0
SPY190522C285,2019-05-20,2019-05-20 09:48:27,1.42,0.9466,222,1.4,0.9333,51,1.44,0.96,1,1.41,0.94,2353,0
SPY190522C285,2019-05-20,2019-05-20 09:48:28,1.42,0.9466,494,1.4,0.9333,7,1.44,0.96,1,1.41,0.94,2353,0
SPY190522C285,2019-05-20,2019-05-20 09:48:29,1.42,0.9466,288,1.4,0.9333,7,1.44,0.96,1,1.41,0.94,2353,0
SPY190522C285,2019-05-20,2019-05-20 09:48:31,1.42,0.9466,489,1.4,0.9333,1,1.44,0.96,1,1.41,0.94,2353,0
SPY190522C285,2019-05-20,2019-05-20 09:48:32,1.41,0.94,27,1.4,0.9333,7,1.44,0.96,1,1.405,0.9366,2353,0
SPY190522C285,2019-05-20,2019-05-20 09:48:33,1.41,0.94,289,1.4,0.9333,1,1.41,0.94,2,1.405,0.9366,2355,2
SPY190522C285,2019-05-20,2019-05-20 09:48:34,1.4,0.9333,1,1.38,0.92,300,1.4,0.9333,1,1.39,0.9266,2357,2
SPY190522C285,2019-05-20,2019-05-20 09:48:35,1.41,0.94,2,1.38,0.92,536,1.4,0.9333,1,1.395,0.93,2357,0
SPY190522C285,2019-05-20,2019-05-20 09:48:36,1.41,0.94,294,1.38,0.92,533,1.4,0.9333,1,1.395,0.93,2357,0
SPY190522C285,2019-05-20,2019-05-20 09:48:38,1.41,0.94,424,1.38,0.92,533,1.4,0.9333,1,1.395,0.93,2357,0
SPY190522C285,2019-05-20,2019-05-20 09:48:39,1.41,0.94,363,1.39,0.9266,217,1.4,0.9333,1,1.4,0.9333,2357,0
SPY190522C285,2019-05-20,2019-05-20 09:48:41,1.41,0.94,1,1.39,0.9266,350,1.4,0.9333,1,1.4,0.9333,2357,0
SPY190522C285,2019-05-20,2019-05-20 09:48:42,1.41,0.94,1,1.39,0.9266,498,1.4,0.9333,1,1.4,0.9333,2357,0
SPY190522C285,2019-05-20,2019-05-20 09:48:43,1.4,0.9333,50,1.38,0.92,100,1.4,0.9333,1,1.39,0.9266,2357,0
SPY190522C285,2019-05-20,2019-05-20 09:48:44,1.4,0.9333,201,1.37,0.9133,80,1.4,0.9333,1,1.385,0.9233,2357,0
SPY190522C285,2019-05-20,2019-05-20 09:48:45,1.41,0.94,1,1.39,0.9266,170,1.4,0.9333,1,1.4,0.9333,2357,0
SPY190522C285,2019-05-20,2019-05-20 09:48:47,1.43,0.9533,6,1.4,0.9333,551,1.41,0.94,1,1.415,0.9433,2358,1
SPY190522C285,2019-05-20,2019-05-20 09:48:48,1.41,0.94,239,1.39,0.9266,36,1.41,0.94,1,1.4,0.9333,2358,0
SPY190522C285,2019-05-20,2019-05-20 09:48:49,1.42,0.9466,399,1.39,0.9266,50,1.41,0.94,1,1.405,0.9366,2358,0
SPY190522C285,2019-05-20,2019-05-20 09:48:50,1.41,0.94,493,1.38,0.92,499,1.41,0.94,1,1.395,0.93,2358,0
SPY190522C285,2019-05-20,2019-05-20 09:48:51,1.41,0.94,493,1.38,0.92,494,1.41,0.94,1,1.395,0.93,2358,0
SPY190522C285,2019-05-20,2019-05-20 09:48:52,1.41,0.94,51,1.39,0.9266,125,1.41,0.94,1,1.4,0.9333,2358,0
SPY190522C285,2019-05-20,2019-05-20 09:48:54,1.42,0.9466,470,1.39,0.9266,585,1.41,0.94,1,1.405,0.9366,2358,0
SPY190522C285,2019-05-20,2019-05-20 09:48:55,1.42,0.9466,364,1.39,0.9266,645,1.41,0.94,1,1.405,0.9366,2358,0
SPY190522C285,2019-05-20,2019-05-20 09:48:56,1.43,0.9533,378,1.4,0.9333,341,1.4,0.9333,2,1.415,0.9433,2368,10
SPY190522C285,2019-05-20,2019-05-20 09:48:58,1.44,0.96,323,1.41,0.94,244,1.4,0.9333,2,1.425,0.95,2368,0
SPY190522C285,2019-05-20,2019-05-20 09:48:59,1.45,0.9666,557,1.42,0.9466,536,1.4,0.9333,2,1.435,0.9566,2368,0
SPY190522C285,2019-05-20,2019-05-20 09:49:00,1.47,0.98,399,1.44,0.96,100,1.4,0.9333,2,1.455,0.97,2368,0
SPY190522C285,2019-05-20,2019-05-20 09:49:00,1.47,0.98,874,1.44,0.96,118,1.4,0.9333,2,1.455,0.97,2368,0
SPY190522C285,2019-05-20,2019-05-20 09:49:02,1.46,0.9733,238,1.44,0.96,466,1.4,0.9333,2,1.45,0.9666,2368,0
SPY190522C285,2019-05-20,2019-05-20 09:49:03,1.44,0.96,228,1.43,0.9533,1,1.4,0.9333,2,1.435,0.9566,2368,0
SPY190522C285,2019-05-20,2019-05-20 09:49:04,1.44,0.96,355,1.43,0.9533,1,1.4,0.9333,2,1.435,0.9566,2368,0
SPY190522C285,2019-05-20,2019-05-20 09:49:05,1.43,0.9533,461,1.41,0.94,143,1.43,0.9533,3,1.42,0.9466,2374,6
SPY190522C285,2019-05-20,2019-05-20 09:49:06,1.41,0.94,435,1.41,0.94,46,1.43,0.9533,3,1.41,0.94,2374,0
SPY190522C285,2019-05-20,2019-05-20 09:49:07,1.41,0.94,399,1.4,0.9333,6,1.43,0.9533,3,1.405,0.9366,2374,0
SPY190522C285,2019-05-20,2019-05-20 09:49:08,1.4,0.9333,210,1.38,0.92,50,1.4,0.9333,5,1.39,0.9266,2385,11
SPY190522C285,2019-05-20,2019-05-20 09:49:09,1.41,0.94,463,1.38,0.92,100,1.4,0.9333,5,1.395,0.93,2385,0
SPY190522C285,2019-05-20,2019-05-20 09:49:10,1.4,0.9333,320,1.38,0.92,50,1.4,0.9333,5,1.39,0.9266,2385,0
SPY190522C285,2019-05-20,2019-05-20 09:49:11,1.4,0.9333,525,1.37,0.9133,103,1.4,0.9333,5,1.385,0.9233,2385,0
SPY190522C285,2019-05-20,2019-05-20 09:49:12,1.41,0.94,638,1.38,0.92,225,1.4,0.9333,5,1.395,0.93,2385,0
SPY190522C285,2019-05-20,2019-05-20 09:49:13,1.4,0.9333,167,1.4,0.9333,2,1.4,0.9333,2,1.4,0.9333,2387,2
SPY190522C285,2019-05-20,2019-05-20 09:49:14,1.39,0.9266,247,1.37,0.9133,192,1.4,0.9333,2,1.38,0.92,2387,0
SPY190522C285,2019-05-20,2019-05-20 09:49:15,1.4,0.9333,532,1.37,0.9133,6,1.4,0.9333,2,1.385,0.9233,2387,0
SPY190522C285,2019-05-20,2019-05-20 09:49:16,1.4,0.9333,316,1.38,0.92,50,1.4,0.9333,2,1.39,0.9266,2387,0
SPY190522C285,2019-05-20,2019-05-20 09:49:17,1.39,0.9266,27,1.38,0.92,102,1.4,0.9333,2,1.385,0.9233,2387,0
SPY190522C285,2019-05-20,2019-05-20 09:49:18,1.4,0.9333,499,1.38,0.92,28,1.4,0.9333,2,1.39,0.9266,2387,0
SPY190522C285,2019-05-20,2019-05-20 09:49:19,1.4,0.9333,667,1.37,0.9133,493,1.4,0.9333,2,1.385,0.9233,2387,0
SPY190522C285,2019-05-20,2019-05-20 09:49:20,1.39,0.9266,457,1.37,0.9133,2,1.4,0.9333,2,1.38,0.92,2387,0
SPY190522C285,2019-05-20,2019-05-20 09:49:21,1.39,0.9266,318,1.37,0.9133,100,1.38,0.92,10,1.38,0.92,2397,10
SPY190522C285,2019-05-20,2019-05-20 09:49:22,1.4,0.9333,345,1.38,0.92,153,1.38,0.92,10,1.39,0.9266,2397,0
SPY190522C285,2019-05-20,2019-05-20 09:49:23,1.41,0.94,306,1.39,0.9266,66,1.38,0.92,10,1.4,0.9333,2397,0
SPY190522C285,2019-05-20,2019-05-20 09:49:24,1.41,0.94,76,1.38,0.92,860,1.38,0.92,10,1.395,0.93,2397,0
SPY190522C285,2019-05-20,2019-05-20 09:49:25,1.43,0.9533,270,1.41,0.94,100,1.38,0.92,10,1.42,0.9466,2397,0
SPY190522C285,2019-05-20,2019-05-20 09:49:26,1.43,0.9533,240,1.41,0.94,477,1.38,0.92,10,1.42,0.9466,2397,0
SPY190522C285,2019-05-20,2019-05-20 09:49:27,1.43,0.9533,286,1.41,0.94,50,1.38,0.92,10,1.42,0.9466,2397,0
SPY190522C285,2019-05-20,2019-05-20 09:49:28,1.41,0.94,235,1.4,0.9333,1,1.38,0.92,10,1.405,0.9366,2397,0
SPY190522C285,2019-05-20,2019-05-20 09:49:29,1.41,0.94,217,1.4,0.9333,1,1.38,0.92,10,1.405,0.9366,2397,0
SPY190522C285,2019-05-20,2019-05-20 09:49:30,1.43,0.9533,639,1.41,0.94,100,1.38,0.92,10,1.42,0.9466,2397,0
SPY190522C285,2019-05-20,2019-05-20 09:49:31,1.41,0.94,216,1.4,0.9333,33,1.38,0.92,10,1.405,0.9366,2397,0
SPY190522C285,2019-05-20,2019-05-20 09:49:32,1.43,0.9533,167,1.41,0.94,6,1.43,0.9533,1,1.42,0.9466,2398,1
SPY190522C285,2019-05-20,2019-05-20 09:49:33,1.44,0.96,201,1.42,0.9466,166,1.43,0.9533,1,1.43,0.9533,2398,0
SPY190522C285,2019-05-20,2019-05-20 09:49:34,1.44,0.96,201,1.42,0.9466,641,1.42,0.9466,1,1.43,0.9533,2403,5
SPY190522C285,2019-05-20,2019-05-20 09:49:35,1.43,0.9533,265,1.41,0.94,415,1.42,0.9466,1,1.42,0.9466,2403,0
SPY190522C285,2019-05-20,2019-05-20 09:49:36,1.42,0.9466,224,1.41,0.94,374,1.42,0.9466,1,1.415,0.9433,2403,0
SPY190522C285,2019-05-20,2019-05-20 09:49:37,1.44,0.96,332,1.42,0.9466,118,1.42,0.9466,1,1.43,0.9533,2403,0
SPY190522C285,2019-05-20,2019-05-20 09:49:38,1.44,0.96,325,1.42,0.9466,461,1.42,0.9466,1,1.43,0.9533,2403,0
SPY190522C285,2019-05-20,2019-05-20 09:49:40,1.42,0.9466,453,1.4,0.9333,423,1.42,0.9466,1,1.41,0.94,2403,0
