symbol,Date,quote_time,ask_price,norm_ask_price,ask_size,bid_price,norm_bid_price,bid_size,last_trade_price,norm_last_trade_price,last_trade_size,mark_price,norm_mark_price,volume,Volume
SPY190802C300,2019-07-31,2019-07-31 09:30:00,2.48,1.0,100,2.44,0.9838,48,2.49,1.004,1,2.46,0.9919,2,2
SPY190802C300,2019-07-31,2019-07-31 09:30:06,2.48,1.0,217,2.44,0.9838,99,2.49,1.004,1,2.46,0.9919,2,0
SPY190802C300,2019-07-31,2019-07-31 09:30:08,2.48,1.0,217,2.44,0.9838,44,2.49,1.004,1,2.46,0.9919,2,0
SPY190802C300,2019-07-31,2019-07-31 09:30:09,2.48,1.0,217,2.44,0.9838,44,2.49,1.004,1,2.46,0.9919,2,0
SPY190802C300,2019-07-31,2019-07-31 09:30:10,2.48,1.0,217,2.44,0.9838,44,2.49,1.004,1,2.46,0.9919,2,0
SPY190802C300,2019-07-31,2019-07-31 09:30:11,2.48,1.0,217,2.44,0.9838,44,2.45,0.9879,10,2.46,0.9919,12,10
SPY190802C300,2019-07-31,2019-07-31 09:30:12,2.48,1.0,217,2.44,0.9838,44,2.45,0.9879,10,2.46,0.9919,12,0
SPY190802C300,2019-07-31,2019-07-31 09:30:13,2.48,1.0,217,2.44,0.9838,75,2.45,0.9879,10,2.46,0.9919,12,0
SPY190802C300,2019-07-31,2019-07-31 09:30:13,2.48,1.0,100,2.44,0.9838,75,2.45,0.9879,10,2.46,0.9919,12,0
SPY190802C300,2019-07-31,2019-07-31 09:30:14,2.48,1.0,100,2.44,0.9838,75,2.45,0.9879,10,2.46,0.9919,12,0
SPY190802C300,2019-07-31,2019-07-31 09:30:15,2.48,1.0,217,2.44,0.9838,75,2.45,0.9879,10,2.46,0.9919,12,0
SPY190802C300,2019-07-31,2019-07-31 09:30:15,2.48,1.0,100,2.44,0.9838,75,2.45,0.9879,10,2.46,0.9919,12,0
SPY190802C300,2019-07-31,2019-07-31 09:30:16,2.48,1.0,217,2.44,0.9838,75,2.45,0.9879,10,2.46,0.9919,12,0
SPY190802C300,2019-07-31,2019-07-31 09:30:17,2.48,1.0,217,2.44,0.9838,75,2.45,0.9879,10,2.46,0.9919,12,0
SPY190802C300,2019-07-31,2019-07-31 09:30:18,2.48,1.0,217,2.44,0.9838,75,2.45,0.9879,10,2.46,0.9919,12,0
SPY190802C300,2019-07-31,2019-07-31 09:30:19,2.48,1.0,217,2.44,0.9838,75,2.45,0.9879,10,2.46,0.9919,12,0
SPY190802C300,2019-07-31,2019-07-31 09:30:20,2.48,1.0,217,2.44,0.9838,75,2.45,0.9879,10,2.46,0.9919,12,0
SPY190802C300,2019-07-31,2019-07-31 09:30:20,2.48,1.0,100,2.44,0.9838,10,2.45,0.9879,10,2.46,0.9919,12,0
SPY190802C300,2019-07-31,2019-07-31 09:30:21,2.48,1.0,40,2.46,0.9919,2,2.45,0.9879,10,2.47,0.9959,12,0
SPY190802C300,2019-07-31,2019-07-31 09:30:22,2.47,0.9959,2,2.46,0.9919,2,2.45,0.9879,10,2.465,0.9939,12,0
SPY190802C300,2019-07-31,2019-07-31 09:30:22,2.46,0.9919,26,2.41,0.9717,28,2.45,0.9879,10,2.435,0.9818,12,0
SPY190802C300,2019-07-31,2019-07-31 09:30:23,2.44,0.9838,5,2.41,0.9717,42,2.45,0.9879,10,2.425,0.9778,12,0
SPY190802C300,2019-07-31,2019-07-31 09:30:24,2.42,0.9758,46,2.39,0.9637,218,2.45,0.9879,10,2.405,0.9697,12,0
SPY190802C300,2019-07-31,2019-07-31 09:30:24,2.43,0.9798,10,2.41,0.9717,92,2.45,0.9879,10,2.42,0.9758,12,0
SPY190802C300,2019-07-31,2019-07-31 09:30:25,2.42,0.9758,261,2.39,0.9637,132,2.45,0.9879,10,2.405,0.9697,12,0
SPY190802C300,2019-07-31,2019-07-31 09:30:26,2.42,0.9758,261,2.39,0.9637,127,2.45,0.9879,10,2.405,0.9697,12,0
SPY190802C300,2019-07-31,2019-07-31 09:30:27,2.41,0.9717,2,2.4,0.9677,2,2.45,0.9879,10,2.405,0.9697,12,0
SPY190802C300,2019-07-31,2019-07-31 09:30:28,2.41,0.9717,2,2.4,0.9677,2,2.45,0.9879,10,2.405,0.9697,12,0
SPY190802C300,2019-07-31,2019-07-31 09:30:29,2.41,0.9717,2,2.4,0.9677,2,2.45,0.9879,10,2.405,0.9697,12,0
SPY190802C300,2019-07-31,2019-07-31 09:30:29,2.42,0.9758,5,2.39,0.9637,124,2.45,0.9879,10,2.405,0.9697,12,0
SPY190802C300,2019-07-31,2019-07-31 09:30:30,2.43,0.9798,10,2.41,0.9717,65,2.45,0.9879,10,2.42,0.9758,12,0
SPY190802C300,2019-07-31,2019-07-31 09:30:30,2.43,0.9798,100,2.4,0.9677,247,2.45,0.9879,10,2.415,0.9737,12,0
SPY190802C300,2019-07-31,2019-07-31 09:30:31,2.43,0.9798,10,2.41,0.9717,44,2.45,0.9879,10,2.42,0.9758,12,0
SPY190802C300,2019-07-31,2019-07-31 09:30:32,2.43,0.9798,5,2.41,0.9717,29,2.45,0.9879,10,2.42,0.9758,12,0
SPY190802C300,2019-07-31,2019-07-31 09:30:32,2.43,0.9798,10,2.41,0.9717,66,2.45,0.9879,10,2.42,0.9758,12,0
SPY190802C300,2019-07-31,2019-07-31 09:30:33,2.43,0.9798,5,2.41,0.9717,63,2.45,0.9879,10,2.42,0.9758,12,0
SPY190802C300,2019-07-31,2019-07-31 09:30:33,2.43,0.9798,5,2.42,0.9758,2,2.45,0.9879,10,2.425,0.9778,12,0
SPY190802C300,2019-07-31,2019-07-31 09:30:34,2.44,0.9838,285,2.41,0.9717,132,2.45,0.9879,10,2.425,0.9778,12,0
SPY190802C300,2019-07-31,2019-07-31 09:30:35,2.44,0.9838,267,2.41,0.9717,71,2.45,0.9879,10,2.425,0.9778,12,0
SPY190802C300,2019-07-31,2019-07-31 09:30:35,2.44,0.9838,267,2.42,0.9758,2,2.42,0.9758,2,2.43,0.9798,14,2
SPY190802C300,2019-07-31,2019-07-31 09:30:36,2.45,0.9879,100,2.42,0.9758,120,2.42,0.9758,2,2.435,0.9818,14,0
SPY190802C300,2019-07-31,2019-07-31 09:30:36,2.44,0.9838,38,2.42,0.9758,120,2.42,0.9758,2,2.43,0.9798,14,0
SPY190802C300,2019-07-31,2019-07-31 09:30:37,2.45,0.9879,100,2.43,0.9798,2,2.42,0.9758,2,2.44,0.9838,14,0
SPY190802C300,2019-07-31,2019-07-31 09:30:37,2.45,0.9879,5,2.42,0.9758,237,2.42,0.9758,2,2.435,0.9818,14,0
SPY190802C300,2019-07-31,2019-07-31 09:30:38,2.45,0.9879,5,2.43,0.9798,2,2.42,0.9758,2,2.44,0.9838,14,0
SPY190802C300,2019-07-31,2019-07-31 09:30:39,2.45,0.9879,10,2.43,0.9798,42,2.42,0.9758,2,2.44,0.9838,14,0
SPY190802C300,2019-07-31,2019-07-31 09:30:40,2.45,0.9879,10,2.42,0.9758,134,2.42,0.9758,2,2.435,0.9818,14,0
SPY190802C300,2019-07-31,2019-07-31 09:30:41,2.45,0.9879,36,2.42,0.9758,222,2.42,0.9758,2,2.435,0.9818,14,0
SPY190802C300,2019-07-31,2019-07-31 09:30:41,2.45,0.9879,104,2.42,0.9758,222,2.42,0.9758,2,2.435,0.9818,14,0
SPY190802C300,2019-07-31,2019-07-31 09:30:42,2.46,0.9919,135,2.44,0.9838,2,2.42,0.9758,2,2.45,0.9879,14,0
SPY190802C300,2019-07-31,2019-07-31 09:30:43,2.43,0.9798,2,2.41,0.9717,42,2.42,0.9758,2,2.42,0.9758,14,0
SPY190802C300,2019-07-31,2019-07-31 09:30:43,2.45,0.9879,222,2.41,0.9717,329,2.42,0.9758,2,2.43,0.9798,14,0
SPY190802C300,2019-07-31,2019-07-31 09:30:44,2.43,0.9798,2,2.41,0.9717,42,2.42,0.9758,2,2.42,0.9758,14,0
SPY190802C300,2019-07-31,2019-07-31 09:30:44,2.43,0.9798,2,2.41,0.9717,66,2.42,0.9758,2,2.42,0.9758,14,0
SPY190802C300,2019-07-31,2019-07-31 09:30:45,2.44,0.9838,134,2.41,0.9717,40,2.42,0.9758,2,2.425,0.9778,14,0
SPY190802C300,2019-07-31,2019-07-31 09:30:45,2.44,0.9838,94,2.41,0.9717,40,2.42,0.9758,2,2.425,0.9778,14,0
SPY190802C300,2019-07-31,2019-07-31 09:30:46,2.44,0.9838,2,2.42,0.9758,82,2.42,0.9758,2,2.43,0.9798,14,0
SPY190802C300,2019-07-31,2019-07-31 09:30:47,2.46,0.9919,6,2.43,0.9798,134,2.42,0.9758,2,2.445,0.9858,14,0
SPY190802C300,2019-07-31,2019-07-31 09:30:47,2.45,0.9879,100,2.43,0.9798,10,2.42,0.9758,2,2.44,0.9838,14,0
SPY190802C300,2019-07-31,2019-07-31 09:30:48,2.46,0.9919,135,2.43,0.9798,134,2.42,0.9758,2,2.445,0.9858,14,0
SPY190802C300,2019-07-31,2019-07-31 09:30:49,2.46,0.9919,135,2.44,0.9838,2,2.42,0.9758,2,2.45,0.9879,14,0
SPY190802C300,2019-07-31,2019-07-31 09:30:50,2.45,0.9879,134,2.43,0.9798,2,2.42,0.9758,2,2.44,0.9838,14,0
SPY190802C300,2019-07-31,2019-07-31 09:30:51,2.45,0.9879,100,2.43,0.9798,2,2.42,0.9758,2,2.44,0.9838,14,0
SPY190802C300,2019-07-31,2019-07-31 09:30:51,2.45,0.9879,134,2.43,0.9798,10,2.42,0.9758,2,2.44,0.9838,14,0
SPY190802C300,2019-07-31,2019-07-31 09:30:52,2.46,0.9919,100,2.43,0.9798,40,2.42,0.9758,2,2.445,0.9858,14,0
SPY190802C300,2019-07-31,2019-07-31 09:30:52,2.46,0.9919,95,2.43,0.9798,237,2.42,0.9758,2,2.445,0.9858,14,0
SPY190802C300,2019-07-31,2019-07-31 09:30:53,2.46,0.9919,6,2.44,0.9838,2,2.42,0.9758,2,2.45,0.9879,14,0
SPY190802C300,2019-07-31,2019-07-31 09:31:06,2.47,0.9959,90,2.44,0.9838,2,2.42,0.9758,2,2.455,0.9899,14,0
SPY190802C300,2019-07-31,2019-07-31 09:31:07,2.46,0.9919,2,2.44,0.9838,40,2.42,0.9758,2,2.45,0.9879,14,0
SPY190802C300,2019-07-31,2019-07-31 09:31:07,2.46,0.9919,2,2.44,0.9838,2,2.42,0.9758,2,2.45,0.9879,14,0
SPY190802C300,2019-07-31,2019-07-31 09:31:08,2.46,0.9919,2,2.42,0.9758,94,2.42,0.9758,2,2.44,0.9838,14,0
SPY190802C300,2019-07-31,2019-07-31 09:31:09,2.45,0.9879,90,2.42,0.9758,104,2.42,0.9758,2,2.435,0.9818,14,0
SPY190802C300,2019-07-31,2019-07-31 09:31:09,2.45,0.9879,20,2.43,0.9798,110,2.42,0.9758,2,2.44,0.9838,14,0
SPY190802C300,2019-07-31,2019-07-31 09:31:10,2.44,0.9838,2,2.42,0.9758,42,2.42,0.9758,2,2.43,0.9798,14,0
SPY190802C300,2019-07-31,2019-07-31 09:31:11,2.44,0.9838,2,2.42,0.9758,96,2.42,0.9758,2,2.43,0.9798,14,0
SPY190802C300,2019-07-31,2019-07-31 09:31:11,2.44,0.9838,2,2.42,0.9758,44,2.42,0.9758,2,2.43,0.9798,14,0
SPY190802C300,2019-07-31,2019-07-31 09:31:12,2.45,0.9879,234,2.42,0.9758,108,2.42,0.9758,2,2.435,0.9818,14,0
SPY190802C300,2019-07-31,2019-07-31 09:31:12,2.44,0.9838,2,2.42,0.9758,96,2.42,0.9758,2,2.43,0.9798,14,0
SPY190802C300,2019-07-31,2019-07-31 09:31:13,2.45,0.9879,234,2.42,0.9758,108,2.42,0.9758,2,2.435,0.9818,14,0
SPY190802C300,2019-07-31,2019-07-31 09:31:13,2.44,0.9838,2,2.42,0.9758,111,2.42,0.9758,2,2.43,0.9798,14,0
SPY190802C300,2019-07-31,2019-07-31 09:31:14,2.43,0.9798,1,2.42,0.9758,111,2.42,0.9758,2,2.425,0.9778,14,0
SPY190802C300,2019-07-31,2019-07-31 09:31:15,2.45,0.9879,100,2.42,0.9758,134,2.43,0.9798,1,2.435,0.9818,15,1
SPY190802C300,2019-07-31,2019-07-31 09:31:15,2.43,0.9798,1,2.42,0.9758,111,2.42,0.9758,2,2.425,0.9778,14,0
SPY190802C300,2019-07-31,2019-07-31 09:31:16,2.46,0.9919,329,2.43,0.9798,40,2.43,0.9798,1,2.445,0.9858,15,0
SPY190802C300,2019-07-31,2019-07-31 09:31:17,2.45,0.9879,5,2.43,0.9798,80,2.43,0.9798,1,2.44,0.9838,15,0
SPY190802C300,2019-07-31,2019-07-31 09:31:18,2.45,0.9879,2,2.43,0.9798,58,2.43,0.9798,1,2.44,0.9838,15,0
SPY190802C300,2019-07-31,2019-07-31 09:31:18,2.44,0.9838,8,2.43,0.9798,8,2.43,0.9798,1,2.435,0.9818,15,0
SPY190802C300,2019-07-31,2019-07-31 09:31:19,2.44,0.9838,10,2.43,0.9798,77,2.43,0.9798,1,2.435,0.9818,15,0
SPY190802C300,2019-07-31,2019-07-31 09:31:19,2.45,0.9879,10,2.44,0.9838,3,2.43,0.9798,1,2.445,0.9858,15,0
SPY190802C300,2019-07-31,2019-07-31 09:31:20,2.44,0.9838,10,2.42,0.9758,225,2.43,0.9798,1,2.43,0.9798,15,0
SPY190802C300,2019-07-31,2019-07-31 09:31:21,2.44,0.9838,1,2.43,0.9798,47,2.44,0.9838,1,2.435,0.9818,16,1
SPY190802C300,2019-07-31,2019-07-31 09:31:21,2.45,0.9879,100,2.43,0.9798,40,2.43,0.9798,1,2.44,0.9838,15,0
SPY190802C300,2019-07-31,2019-07-31 09:31:22,2.46,0.9919,74,2.42,0.9758,144,2.44,0.9838,1,2.44,0.9838,16,0
SPY190802C300,2019-07-31,2019-07-31 09:31:23,2.46,0.9919,181,2.44,0.9838,8,2.44,0.9838,1,2.45,0.9879,16,0
SPY190802C300,2019-07-31,2019-07-31 09:31:23,2.46,0.9919,181,2.43,0.9798,29,2.44,0.9838,1,2.445,0.9858,16,0
SPY190802C300,2019-07-31,2019-07-31 09:31:24,2.46,0.9919,181,2.42,0.9758,222,2.44,0.9838,1,2.44,0.9838,16,0
SPY190802C300,2019-07-31,2019-07-31 09:31:25,2.45,0.9879,129,2.42,0.9758,222,2.44,0.9838,1,2.435,0.9818,16,0
SPY190802C300,2019-07-31,2019-07-31 09:31:25,2.44,0.9838,8,2.42,0.9758,148,2.44,0.9838,1,2.43,0.9798,16,0
SPY190802C300,2019-07-31,2019-07-31 09:31:26,2.44,0.9838,31,2.42,0.9758,148,2.44,0.9838,1,2.43,0.9798,16,0
SPY190802C300,2019-07-31,2019-07-31 09:31:26,2.45,0.9879,307,2.42,0.9758,140,2.44,0.9838,1,2.435,0.9818,16,0
SPY190802C300,2019-07-31,2019-07-31 09:31:27,2.45,0.9879,307,2.42,0.9758,128,2.43,0.9798,1,2.435,0.9818,17,1
SPY190802C300,2019-07-31,2019-07-31 09:31:27,2.44,0.9838,8,2.43,0.9798,8,2.43,0.9798,1,2.435,0.9818,17,0
SPY190802C300,2019-07-31,2019-07-31 09:31:28,2.44,0.9838,8,2.42,0.9758,153,2.43,0.9798,1,2.43,0.9798,17,0
SPY190802C300,2019-07-31,2019-07-31 09:31:29,2.45,0.9879,277,2.42,0.9758,210,2.43,0.9798,1,2.435,0.9818,17,0
SPY190802C300,2019-07-31,2019-07-31 09:31:29,2.46,0.9919,128,2.42,0.9758,123,2.43,0.9798,1,2.44,0.9838,17,0
SPY190802C300,2019-07-31,2019-07-31 09:31:30,2.46,0.9919,124,2.44,0.9838,12,2.43,0.9798,1,2.45,0.9879,17,0
SPY190802C300,2019-07-31,2019-07-31 09:31:31,2.46,0.9919,100,2.44,0.9838,10,2.43,0.9798,1,2.45,0.9879,17,0
SPY190802C300,2019-07-31,2019-07-31 09:31:33,2.46,0.9919,100,2.43,0.9798,116,2.43,0.9798,1,2.445,0.9858,17,0
SPY190802C300,2019-07-31,2019-07-31 09:31:33,2.46,0.9919,100,2.43,0.9798,170,2.43,0.9798,1,2.445,0.9858,17,0
SPY190802C300,2019-07-31,2019-07-31 09:31:34,2.46,0.9919,100,2.43,0.9798,256,2.43,0.9798,1,2.445,0.9858,17,0
SPY190802C300,2019-07-31,2019-07-31 09:31:35,2.46,0.9919,8,2.45,0.9879,2,2.43,0.9798,1,2.455,0.9899,17,0
SPY190802C300,2019-07-31,2019-07-31 09:31:35,2.47,0.9959,100,2.45,0.9879,48,2.43,0.9798,1,2.46,0.9919,17,0
SPY190802C300,2019-07-31,2019-07-31 09:31:36,2.47,0.9959,12,2.45,0.9879,84,2.43,0.9798,1,2.46,0.9919,17,0
SPY190802C300,2019-07-31,2019-07-31 09:31:37,2.48,1.0,167,2.45,0.9879,158,2.43,0.9798,1,2.465,0.9939,17,0
SPY190802C300,2019-07-31,2019-07-31 09:31:38,2.47,0.9959,6,2.45,0.9879,131,2.43,0.9798,1,2.46,0.9919,17,0
SPY190802C300,2019-07-31,2019-07-31 09:31:39,2.47,0.9959,3,2.45,0.9879,131,2.43,0.9798,1,2.46,0.9919,17,0
SPY190802C300,2019-07-31,2019-07-31 09:31:40,2.48,1.0,100,2.45,0.9879,134,2.43,0.9798,1,2.465,0.9939,17,0
SPY190802C300,2019-07-31,2019-07-31 09:31:40,2.48,1.0,100,2.46,0.9919,14,2.43,0.9798,1,2.47,0.9959,17,0
SPY190802C300,2019-07-31,2019-07-31 09:31:41,2.47,0.9959,6,2.45,0.9879,260,2.43,0.9798,1,2.46,0.9919,17,0
SPY190802C300,2019-07-31,2019-07-31 09:31:41,2.48,1.0,89,2.46,0.9919,40,2.43,0.9798,1,2.47,0.9959,17,0
SPY190802C300,2019-07-31,2019-07-31 09:31:43,2.48,1.0,100,2.46,0.9919,8,2.43,0.9798,1,2.47,0.9959,17,0
SPY190802C300,2019-07-31,2019-07-31 09:31:43,2.47,0.9959,6,2.45,0.9879,134,2.43,0.9798,1,2.46,0.9919,17,0
SPY190802C300,2019-07-31,2019-07-31 09:31:44,2.47,0.9959,6,2.45,0.9879,134,2.43,0.9798,1,2.46,0.9919,17,0
SPY190802C300,2019-07-31,2019-07-31 09:31:45,2.47,0.9959,35,2.45,0.9879,140,2.43,0.9798,1,2.46,0.9919,17,0
SPY190802C300,2019-07-31,2019-07-31 09:31:45,2.47,0.9959,33,2.45,0.9879,146,2.43,0.9798,1,2.46,0.9919,17,0
SPY190802C300,2019-07-31,2019-07-31 09:31:46,2.46,0.9919,6,2.45,0.9879,40,2.43,0.9798,1,2.455,0.9899,17,0
SPY190802C300,2019-07-31,2019-07-31 09:31:46,2.47,0.9959,35,2.45,0.9879,140,2.43,0.9798,1,2.46,0.9919,17,0
SPY190802C300,2019-07-31,2019-07-31 09:31:47,2.46,0.9919,6,2.44,0.9838,88,2.43,0.9798,1,2.45,0.9879,17,0
SPY190802C300,2019-07-31,2019-07-31 09:31:47,2.46,0.9919,75,2.44,0.9838,46,2.43,0.9798,1,2.45,0.9879,17,0
SPY190802C300,2019-07-31,2019-07-31 09:31:48,2.46,0.9919,3,2.45,0.9879,6,2.43,0.9798,1,2.455,0.9899,17,0
SPY190802C300,2019-07-31,2019-07-31 09:31:49,2.46,0.9919,14,2.44,0.9838,78,2.43,0.9798,1,2.45,0.9879,17,0
SPY190802C300,2019-07-31,2019-07-31 09:31:49,2.46,0.9919,27,2.44,0.9838,78,2.43,0.9798,1,2.45,0.9879,17,0
SPY190802C300,2019-07-31,2019-07-31 09:31:50,2.46,0.9919,27,2.44,0.9838,78,2.43,0.9798,1,2.45,0.9879,17,0
SPY190802C300,2019-07-31,2019-07-31 09:31:51,2.46,0.9919,3,2.44,0.9838,89,2.43,0.9798,1,2.45,0.9879,17,0
SPY190802C300,2019-07-31,2019-07-31 09:31:51,2.46,0.9919,3,2.44,0.9838,164,2.43,0.9798,1,2.45,0.9879,17,0
SPY190802C300,2019-07-31,2019-07-31 09:31:52,2.46,0.9919,3,2.44,0.9838,154,2.43,0.9798,1,2.45,0.9879,17,0
SPY190802C300,2019-07-31,2019-07-31 09:31:53,2.46,0.9919,10,2.44,0.9838,92,2.43,0.9798,1,2.45,0.9879,17,0
SPY190802C300,2019-07-31,2019-07-31 09:31:53,2.46,0.9919,6,2.44,0.9838,92,2.43,0.9798,1,2.45,0.9879,17,0
SPY190802C300,2019-07-31,2019-07-31 09:31:54,2.46,0.9919,10,2.44,0.9838,78,2.43,0.9798,1,2.45,0.9879,17,0
SPY190802C300,2019-07-31,2019-07-31 09:31:55,2.46,0.9919,68,2.44,0.9838,78,2.43,0.9798,1,2.45,0.9879,17,0
SPY190802C300,2019-07-31,2019-07-31 09:31:55,2.46,0.9919,6,2.44,0.9838,78,2.43,0.9798,1,2.45,0.9879,17,0
SPY190802C300,2019-07-31,2019-07-31 09:31:56,2.47,0.9959,10,2.45,0.9879,8,2.43,0.9798,1,2.46,0.9919,17,0
SPY190802C300,2019-07-31,2019-07-31 09:31:56,2.47,0.9959,329,2.45,0.9879,8,2.43,0.9798,1,2.46,0.9919,17,0
SPY190802C300,2019-07-31,2019-07-31 09:31:57,2.47,0.9959,10,2.45,0.9879,139,2.43,0.9798,1,2.46,0.9919,17,0
SPY190802C300,2019-07-31,2019-07-31 09:31:57,2.47,0.9959,36,2.45,0.9879,111,2.43,0.9798,1,2.46,0.9919,17,0
SPY190802C300,2019-07-31,2019-07-31 09:31:59,2.46,0.9919,14,2.45,0.9879,2,2.43,0.9798,1,2.455,0.9899,17,0
SPY190802C300,2019-07-31,2019-07-31 09:32:00,2.45,0.9879,6,2.44,0.9838,8,2.45,0.9879,1,2.445,0.9858,18,1
SPY190802C300,2019-07-31,2019-07-31 09:32:01,2.44,0.9838,12,2.43,0.9798,2,2.45,0.9879,1,2.435,0.9818,18,0
SPY190802C300,2019-07-31,2019-07-31 09:32:01,2.45,0.9879,12,2.43,0.9798,12,2.45,0.9879,1,2.44,0.9838,18,0
SPY190802C300,2019-07-31,2019-07-31 09:32:02,2.44,0.9838,100,2.42,0.9758,12,2.45,0.9879,1,2.43,0.9798,18,0
SPY190802C300,2019-07-31,2019-07-31 09:32:02,2.44,0.9838,100,2.42,0.9758,14,2.45,0.9879,1,2.43,0.9798,18,0
SPY190802C300,2019-07-31,2019-07-31 09:32:03,2.44,0.9838,50,2.42,0.9758,14,2.45,0.9879,1,2.43,0.9798,18,0
SPY190802C300,2019-07-31,2019-07-31 09:32:03,2.45,0.9879,185,2.42,0.9758,28,2.45,0.9879,1,2.435,0.9818,18,0
SPY190802C300,2019-07-31,2019-07-31 09:32:04,2.45,0.9879,185,2.42,0.9758,14,2.45,0.9879,1,2.435,0.9818,18,0
SPY190802C300,2019-07-31,2019-07-31 09:32:05,2.43,0.9798,4,2.42,0.9758,14,2.45,0.9879,1,2.425,0.9778,18,0
SPY190802C300,2019-07-31,2019-07-31 09:32:05,2.44,0.9838,144,2.42,0.9758,6,2.45,0.9879,1,2.43,0.9798,18,0
SPY190802C300,2019-07-31,2019-07-31 09:32:06,2.43,0.9798,6,2.42,0.9758,6,2.45,0.9879,1,2.425,0.9778,18,0
SPY190802C300,2019-07-31,2019-07-31 09:32:06,2.43,0.9798,6,2.41,0.9717,46,2.45,0.9879,1,2.42,0.9758,18,0
SPY190802C300,2019-07-31,2019-07-31 09:32:07,2.44,0.9838,329,2.42,0.9758,6,2.45,0.9879,1,2.43,0.9798,18,0
SPY190802C300,2019-07-31,2019-07-31 09:32:08,2.43,0.9798,119,2.41,0.9717,8,2.45,0.9879,1,2.42,0.9758,18,0
SPY190802C300,2019-07-31,2019-07-31 09:32:08,2.43,0.9798,6,2.41,0.9717,100,2.45,0.9879,1,2.42,0.9758,18,0
SPY190802C300,2019-07-31,2019-07-31 09:32:09,2.42,0.9758,10,2.4,0.9677,46,2.45,0.9879,1,2.41,0.9717,18,0
SPY190802C300,2019-07-31,2019-07-31 09:32:10,2.41,0.9717,5,2.39,0.9637,6,2.39,0.9637,2,2.4,0.9677,20,2
SPY190802C300,2019-07-31,2019-07-31 09:32:10,2.42,0.9758,10,2.39,0.9637,65,2.45,0.9879,1,2.405,0.9697,18,0
SPY190802C300,2019-07-31,2019-07-31 09:32:11,2.41,0.9717,5,2.38,0.9596,185,2.39,0.9637,2,2.395,0.9657,20,0
SPY190802C300,2019-07-31,2019-07-31 09:32:12,2.4,0.9677,6,2.38,0.9596,185,2.39,0.9637,2,2.39,0.9637,20,0
SPY190802C300,2019-07-31,2019-07-31 09:32:13,2.4,0.9677,10,2.39,0.9637,48,2.39,0.9637,2,2.395,0.9657,20,0
SPY190802C300,2019-07-31,2019-07-31 09:32:14,2.4,0.9677,10,2.39,0.9637,48,2.39,0.9637,2,2.395,0.9657,20,0
SPY190802C300,2019-07-31,2019-07-31 09:32:14,2.42,0.9758,94,2.39,0.9637,140,2.39,0.9637,2,2.405,0.9697,20,0
SPY190802C300,2019-07-31,2019-07-31 09:32:15,2.42,0.9758,6,2.4,0.9677,68,2.39,0.9637,2,2.41,0.9717,20,0
SPY190802C300,2019-07-31,2019-07-31 09:32:15,2.42,0.9758,6,2.4,0.9677,88,2.39,0.9637,2,2.41,0.9717,20,0
SPY190802C300,2019-07-31,2019-07-31 09:32:18,2.4,0.9677,14,2.39,0.9637,78,2.39,0.9637,2,2.395,0.9657,20,0
SPY190802C300,2019-07-31,2019-07-31 09:32:18,2.41,0.9717,6,2.39,0.9637,116,2.39,0.9637,2,2.4,0.9677,20,0
SPY190802C300,2019-07-31,2019-07-31 09:32:19,2.4,0.9677,6,2.39,0.9637,42,2.39,0.9637,2,2.395,0.9657,20,0
SPY190802C300,2019-07-31,2019-07-31 09:32:20,2.41,0.9717,189,2.39,0.9637,84,2.39,0.9637,2,2.4,0.9677,20,0
SPY190802C300,2019-07-31,2019-07-31 09:32:20,2.41,0.9717,194,2.39,0.9637,84,2.39,0.9637,2,2.4,0.9677,20,0
SPY190802C300,2019-07-31,2019-07-31 09:32:21,2.41,0.9717,200,2.39,0.9637,53,2.39,0.9637,2,2.4,0.9677,20,0
SPY190802C300,2019-07-31,2019-07-31 09:32:21,2.41,0.9717,200,2.39,0.9637,57,2.39,0.9637,2,2.4,0.9677,20,0
SPY190802C300,2019-07-31,2019-07-31 09:32:22,2.41,0.9717,210,2.39,0.9637,93,2.39,0.9637,2,2.4,0.9677,20,0
SPY190802C300,2019-07-31,2019-07-31 09:32:23,2.41,0.9717,167,2.39,0.9637,129,2.39,0.9637,2,2.4,0.9677,20,0
SPY190802C300,2019-07-31,2019-07-31 09:32:23,2.4,0.9677,6,2.39,0.9637,113,2.39,0.9637,2,2.395,0.9657,20,0
SPY190802C300,2019-07-31,2019-07-31 09:32:24,2.42,0.9758,255,2.39,0.9637,98,2.39,0.9637,2,2.405,0.9697,20,0
SPY190802C300,2019-07-31,2019-07-31 09:32:25,2.41,0.9717,285,2.39,0.9637,26,2.39,0.9637,2,2.4,0.9677,20,0
SPY190802C300,2019-07-31,2019-07-31 09:32:25,2.41,0.9717,329,2.38,0.9596,143,2.39,0.9637,2,2.395,0.9657,20,0
SPY190802C300,2019-07-31,2019-07-31 09:32:26,2.4,0.9677,159,2.38,0.9596,150,2.39,0.9637,2,2.39,0.9637,20,0
SPY190802C300,2019-07-31,2019-07-31 09:32:27,2.41,0.9717,62,2.39,0.9637,107,2.39,0.9637,2,2.4,0.9677,20,0
SPY190802C300,2019-07-31,2019-07-31 09:32:27,2.4,0.9677,159,2.38,0.9596,160,2.39,0.9637,2,2.39,0.9637,20,0
SPY190802C300,2019-07-31,2019-07-31 09:32:28,2.41,0.9717,6,2.4,0.9677,28,2.39,0.9637,2,2.405,0.9697,20,0
SPY190802C300,2019-07-31,2019-07-31 09:32:29,2.4,0.9677,184,2.38,0.9596,69,2.39,0.9637,2,2.39,0.9637,20,0
SPY190802C300,2019-07-31,2019-07-31 09:32:29,2.4,0.9677,6,2.39,0.9637,28,2.39,0.9637,2,2.395,0.9657,20,0
SPY190802C300,2019-07-31,2019-07-31 09:32:30,2.4,0.9677,85,2.38,0.9596,61,2.39,0.9637,2,2.39,0.9637,20,0
SPY190802C300,2019-07-31,2019-07-31 09:32:30,2.4,0.9677,184,2.38,0.9596,61,2.39,0.9637,2,2.39,0.9637,20,0
SPY190802C300,2019-07-31,2019-07-31 09:32:31,2.4,0.9677,6,2.39,0.9637,26,2.39,0.9637,2,2.395,0.9657,20,0
SPY190802C300,2019-07-31,2019-07-31 09:32:32,2.4,0.9677,131,2.39,0.9637,21,2.39,0.9637,2,2.395,0.9657,20,0
SPY190802C300,2019-07-31,2019-07-31 09:32:32,2.4,0.9677,245,2.38,0.9596,31,2.39,0.9637,2,2.39,0.9637,20,0
SPY190802C300,2019-07-31,2019-07-31 09:32:33,2.39,0.9637,6,2.38,0.9596,26,2.39,0.9637,2,2.385,0.9616,20,0
SPY190802C300,2019-07-31,2019-07-31 09:32:34,2.39,0.9637,221,2.37,0.9556,27,2.39,0.9637,2,2.38,0.9596,20,0
SPY190802C300,2019-07-31,2019-07-31 09:32:34,2.39,0.9637,6,2.37,0.9556,21,2.39,0.9637,2,2.38,0.9596,20,0
SPY190802C300,2019-07-31,2019-07-31 09:32:35,2.4,0.9677,329,2.38,0.9596,27,2.39,0.9637,2,2.39,0.9637,20,0
SPY190802C300,2019-07-31,2019-07-31 09:32:35,2.39,0.9637,328,2.38,0.9596,6,2.39,0.9637,2,2.385,0.9616,20,0
SPY190802C300,2019-07-31,2019-07-31 09:32:36,2.4,0.9677,245,2.38,0.9596,21,2.39,0.9637,2,2.39,0.9637,20,0
SPY190802C300,2019-07-31,2019-07-31 09:32:37,2.39,0.9637,6,2.38,0.9596,21,2.39,0.9637,2,2.385,0.9616,20,0
SPY190802C300,2019-07-31,2019-07-31 09:32:37,2.39,0.9637,14,2.38,0.9596,21,2.39,0.9637,2,2.385,0.9616,20,0
SPY190802C300,2019-07-31,2019-07-31 09:32:38,2.39,0.9637,6,2.38,0.9596,21,2.39,0.9637,2,2.385,0.9616,20,0
SPY190802C300,2019-07-31,2019-07-31 09:32:38,2.39,0.9637,6,2.39,0.9637,21,2.39,0.9637,2,2.39,0.9637,20,0
SPY190802C300,2019-07-31,2019-07-31 09:32:39,2.39,0.9637,108,2.37,0.9556,59,2.39,0.9637,2,2.38,0.9596,20,0
SPY190802C300,2019-07-31,2019-07-31 09:32:40,2.4,0.9677,304,2.38,0.9596,28,2.39,0.9637,2,2.39,0.9637,20,0
SPY190802C300,2019-07-31,2019-07-31 09:32:41,2.41,0.9717,111,2.39,0.9637,31,2.39,0.9637,2,2.4,0.9677,20,0
SPY190802C300,2019-07-31,2019-07-31 09:32:41,2.41,0.9717,94,2.4,0.9677,11,2.39,0.9637,2,2.405,0.9697,20,0
SPY190802C300,2019-07-31,2019-07-31 09:32:42,2.41,0.9717,111,2.39,0.9637,31,2.39,0.9637,2,2.4,0.9677,20,0
SPY190802C300,2019-07-31,2019-07-31 09:32:43,2.4,0.9677,121,2.38,0.9596,21,2.39,0.9637,2,2.39,0.9637,20,0
SPY190802C300,2019-07-31,2019-07-31 09:32:43,2.4,0.9677,121,2.38,0.9596,31,2.39,0.9637,2,2.39,0.9637,20,0
SPY190802C300,2019-07-31,2019-07-31 09:32:45,2.39,0.9637,6,2.38,0.9596,20,2.39,0.9637,2,2.385,0.9616,20,0
SPY190802C300,2019-07-31,2019-07-31 09:32:47,2.4,0.9677,154,2.38,0.9596,21,2.39,0.9637,2,2.39,0.9637,20,0
SPY190802C300,2019-07-31,2019-07-31 09:32:48,2.39,0.9637,8,2.38,0.9596,44,2.39,0.9637,2,2.385,0.9616,20,0
SPY190802C300,2019-07-31,2019-07-31 09:32:48,2.4,0.9677,216,2.38,0.9596,21,2.39,0.9637,2,2.39,0.9637,20,0
SPY190802C300,2019-07-31,2019-07-31 09:32:49,2.41,0.9717,100,2.39,0.9637,21,2.39,0.9637,2,2.4,0.9677,20,0
SPY190802C300,2019-07-31,2019-07-31 09:32:49,2.41,0.9717,121,2.39,0.9637,22,2.39,0.9637,2,2.4,0.9677,20,0
SPY190802C300,2019-07-31,2019-07-31 09:32:50,2.41,0.9717,102,2.39,0.9637,71,2.39,0.9637,2,2.4,0.9677,20,0
SPY190802C300,2019-07-31,2019-07-31 09:32:51,2.41,0.9717,102,2.4,0.9677,33,2.39,0.9637,2,2.405,0.9697,20,0
SPY190802C300,2019-07-31,2019-07-31 09:32:51,2.41,0.9717,56,2.39,0.9637,47,2.39,0.9637,2,2.4,0.9677,20,0
SPY190802C300,2019-07-31,2019-07-31 09:32:52,2.42,0.9758,121,2.4,0.9677,21,2.39,0.9637,2,2.41,0.9717,20,0
SPY190802C300,2019-07-31,2019-07-31 09:32:53,2.42,0.9758,121,2.41,0.9717,21,2.39,0.9637,2,2.415,0.9737,20,0
SPY190802C300,2019-07-31,2019-07-31 09:32:53,2.44,0.9838,171,2.41,0.9717,116,2.39,0.9637,2,2.425,0.9778,20,0
SPY190802C300,2019-07-31,2019-07-31 09:32:54,2.44,0.9838,171,2.42,0.9758,14,2.39,0.9637,2,2.43,0.9798,20,0
SPY190802C300,2019-07-31,2019-07-31 09:32:54,2.44,0.9838,121,2.42,0.9758,14,2.39,0.9637,2,2.43,0.9798,20,0
SPY190802C300,2019-07-31,2019-07-31 09:32:55,2.45,0.9879,161,2.43,0.9798,21,2.39,0.9637,2,2.44,0.9838,20,0
SPY190802C300,2019-07-31,2019-07-31 09:32:55,2.45,0.9879,329,2.42,0.9758,114,2.39,0.9637,2,2.435,0.9818,20,0
SPY190802C300,2019-07-31,2019-07-31 09:32:56,2.45,0.9879,154,2.43,0.9798,41,2.39,0.9637,2,2.44,0.9838,20,0
SPY190802C300,2019-07-31,2019-07-31 09:32:56,2.45,0.9879,161,2.43,0.9798,21,2.39,0.9637,2,2.44,0.9838,20,0
SPY190802C300,2019-07-31,2019-07-31 09:32:57,2.45,0.9879,154,2.43,0.9798,41,2.39,0.9637,2,2.44,0.9838,20,0
SPY190802C300,2019-07-31,2019-07-31 09:32:58,2.45,0.9879,50,2.44,0.9838,6,2.39,0.9637,2,2.445,0.9858,20,0
SPY190802C300,2019-07-31,2019-07-31 09:32:58,2.44,0.9838,67,2.43,0.9798,6,2.39,0.9637,2,2.435,0.9818,20,0
SPY190802C300,2019-07-31,2019-07-31 09:32:59,2.46,0.9919,208,2.44,0.9838,6,2.39,0.9637,2,2.45,0.9879,20,0
SPY190802C300,2019-07-31,2019-07-31 09:32:59,2.47,0.9959,185,2.45,0.9879,21,2.39,0.9637,2,2.46,0.9919,20,0
SPY190802C300,2019-07-31,2019-07-31 09:33:00,2.47,0.9959,329,2.45,0.9879,21,2.39,0.9637,2,2.46,0.9919,20,0
SPY190802C300,2019-07-31,2019-07-31 09:33:01,2.47,0.9959,329,2.45,0.9879,21,2.39,0.9637,2,2.46,0.9919,20,0
SPY190802C300,2019-07-31,2019-07-31 09:33:02,2.46,0.9919,8,2.45,0.9879,21,2.39,0.9637,2,2.455,0.9899,20,0
SPY190802C300,2019-07-31,2019-07-31 09:33:03,2.47,0.9959,329,2.45,0.9879,21,2.39,0.9637,2,2.46,0.9919,20,0
SPY190802C300,2019-07-31,2019-07-31 09:33:04,2.47,0.9959,316,2.46,0.9919,2,2.39,0.9637,2,2.465,0.9939,20,0
SPY190802C300,2019-07-31,2019-07-31 09:33:04,2.47,0.9959,329,2.45,0.9879,21,2.39,0.9637,2,2.46,0.9919,20,0
SPY190802C300,2019-07-31,2019-07-31 09:33:05,2.47,0.9959,316,2.46,0.9919,2,2.39,0.9637,2,2.465,0.9939,20,0
SPY190802C300,2019-07-31,2019-07-31 09:33:05,2.47,0.9959,316,2.46,0.9919,2,2.45,0.9879,1,2.465,0.9939,21,1
SPY190802C300,2019-07-31,2019-07-31 09:33:06,2.47,0.9959,316,2.46,0.9919,2,2.45,0.9879,1,2.465,0.9939,21,0
SPY190802C300,2019-07-31,2019-07-31 09:33:07,2.46,0.9919,6,2.46,0.9919,2,2.45,0.9879,1,2.46,0.9919,21,0
SPY190802C300,2019-07-31,2019-07-31 09:33:08,2.45,0.9879,95,2.43,0.9798,52,2.45,0.9879,1,2.44,0.9838,21,0
SPY190802C300,2019-07-31,2019-07-31 09:33:08,2.46,0.9919,329,2.44,0.9838,21,2.45,0.9879,1,2.45,0.9879,21,0
SPY190802C300,2019-07-31,2019-07-31 09:33:09,2.45,0.9879,176,2.43,0.9798,21,2.45,0.9879,1,2.44,0.9838,21,0
SPY190802C300,2019-07-31,2019-07-31 09:33:09,2.45,0.9879,176,2.43,0.9798,77,2.45,0.9879,1,2.44,0.9838,21,0
SPY190802C300,2019-07-31,2019-07-31 09:33:10,2.45,0.9879,216,2.43,0.9798,6,2.45,0.9879,1,2.44,0.9838,21,0
SPY190802C300,2019-07-31,2019-07-31 09:33:10,2.45,0.9879,216,2.43,0.9798,21,2.45,0.9879,1,2.44,0.9838,21,0
SPY190802C300,2019-07-31,2019-07-31 09:33:11,2.44,0.9838,70,2.42,0.9758,92,2.45,0.9879,1,2.43,0.9798,21,0
SPY190802C300,2019-07-31,2019-07-31 09:33:12,2.43,0.9798,21,2.42,0.9758,61,2.45,0.9879,1,2.425,0.9778,21,0
SPY190802C300,2019-07-31,2019-07-31 09:33:12,2.43,0.9798,21,2.42,0.9758,21,2.45,0.9879,1,2.425,0.9778,21,0
SPY190802C300,2019-07-31,2019-07-31 09:33:13,2.43,0.9798,27,2.42,0.9758,32,2.45,0.9879,1,2.425,0.9778,21,0
SPY190802C300,2019-07-31,2019-07-31 09:33:14,2.43,0.9798,56,2.41,0.9717,175,2.45,0.9879,1,2.42,0.9758,21,0
SPY190802C300,2019-07-31,2019-07-31 09:33:15,2.44,0.9838,169,2.42,0.9758,32,2.45,0.9879,1,2.43,0.9798,21,0
SPY190802C300,2019-07-31,2019-07-31 09:33:15,2.44,0.9838,127,2.41,0.9717,175,2.45,0.9879,1,2.425,0.9778,21,0
SPY190802C300,2019-07-31,2019-07-31 09:33:16,2.44,0.9838,155,2.42,0.9758,32,2.45,0.9879,1,2.43,0.9798,21,0
SPY190802C300,2019-07-31,2019-07-31 09:33:17,2.44,0.9838,155,2.42,0.9758,23,2.45,0.9879,1,2.43,0.9798,21,0
SPY190802C300,2019-07-31,2019-07-31 09:33:17,2.44,0.9838,111,2.42,0.9758,112,2.45,0.9879,1,2.43,0.9798,21,0
SPY190802C300,2019-07-31,2019-07-31 09:33:18,2.45,0.9879,178,2.43,0.9798,94,2.45,0.9879,1,2.44,0.9838,21,0
SPY190802C300,2019-07-31,2019-07-31 09:33:18,2.45,0.9879,178,2.43,0.9798,40,2.45,0.9879,1,2.44,0.9838,21,0
SPY190802C300,2019-07-31,2019-07-31 09:33:19,2.45,0.9879,178,2.44,0.9838,8,2.45,0.9879,1,2.445,0.9858,21,0
SPY190802C300,2019-07-31,2019-07-31 09:33:19,2.45,0.9879,50,2.44,0.9838,25,2.45,0.9879,1,2.445,0.9858,21,0
SPY190802C300,2019-07-31,2019-07-31 09:33:20,2.45,0.9879,104,2.43,0.9798,116,2.45,0.9879,1,2.44,0.9838,21,0
SPY190802C300,2019-07-31,2019-07-31 09:33:20,2.45,0.9879,104,2.44,0.9838,12,2.45,0.9879,1,2.445,0.9858,21,0
SPY190802C300,2019-07-31,2019-07-31 09:33:21,2.49,1.004,121,2.46,0.9919,112,2.45,0.9879,1,2.475,0.9979,21,0
SPY190802C300,2019-07-31,2019-07-31 09:33:22,2.48,1.0,11,2.46,0.9919,112,2.45,0.9879,1,2.47,0.9959,21,0
SPY190802C300,2019-07-31,2019-07-31 09:33:22,2.49,1.004,134,2.46,0.9919,112,2.45,0.9879,1,2.475,0.9979,21,0
SPY190802C300,2019-07-31,2019-07-31 09:33:23,2.48,1.0,11,2.47,0.9959,6,2.45,0.9879,1,2.475,0.9979,21,0
SPY190802C300,2019-07-31,2019-07-31 09:33:24,2.49,1.004,329,2.47,0.9959,6,2.45,0.9879,1,2.48,1.0,21,0
SPY190802C300,2019-07-31,2019-07-31 09:33:24,2.48,1.0,47,2.47,0.9959,26,2.45,0.9879,1,2.475,0.9979,21,0
SPY190802C300,2019-07-31,2019-07-31 09:33:25,2.48,1.0,27,2.47,0.9959,25,2.45,0.9879,1,2.475,0.9979,21,0
SPY190802C300,2019-07-31,2019-07-31 09:33:26,2.48,1.0,56,2.47,0.9959,25,2.45,0.9879,1,2.475,0.9979,21,0
SPY190802C300,2019-07-31,2019-07-31 09:33:26,2.48,1.0,44,2.47,0.9959,33,2.45,0.9879,1,2.475,0.9979,21,0
SPY190802C300,2019-07-31,2019-07-31 09:33:27,2.5,1.008,267,2.49,1.004,6,2.49,1.004,4,2.495,1.006,25,4
SPY190802C300,2019-07-31,2019-07-31 09:33:27,2.5,1.008,178,2.49,1.004,6,2.45,0.9879,1,2.495,1.006,21,0
SPY190802C300,2019-07-31,2019-07-31 09:33:28,2.5,1.008,267,2.48,1.0,61,2.49,1.004,4,2.49,1.004,25,0
SPY190802C300,2019-07-31,2019-07-31 09:33:29,2.5,1.008,111,2.48,1.0,131,2.49,1.004,4,2.49,1.004,25,0
SPY190802C300,2019-07-31,2019-07-31 09:33:29,2.5,1.008,267,2.48,1.0,61,2.49,1.004,4,2.49,1.004,25,0
SPY190802C300,2019-07-31,2019-07-31 09:33:30,2.5,1.008,89,2.49,1.004,21,2.49,1.004,4,2.495,1.006,25,0
SPY190802C300,2019-07-31,2019-07-31 09:33:30,2.5,1.008,111,2.49,1.004,6,2.49,1.004,4,2.495,1.006,25,0
SPY190802C300,2019-07-31,2019-07-31 09:33:31,2.51,1.012,265,2.49,1.004,21,2.49,1.004,4,2.5,1.008,25,0
SPY190802C300,2019-07-31,2019-07-31 09:33:32,2.51,1.012,178,2.49,1.004,21,2.49,1.004,4,2.5,1.008,25,0
SPY190802C300,2019-07-31,2019-07-31 09:33:32,2.51,1.012,178,2.5,1.008,22,2.49,1.004,4,2.505,1.01,25,0
SPY190802C300,2019-07-31,2019-07-31 09:33:33,2.51,1.012,172,2.48,1.0,261,2.49,1.004,4,2.495,1.006,25,0
SPY190802C300,2019-07-31,2019-07-31 09:33:34,2.52,1.0161,92,2.5,1.008,61,2.49,1.004,4,2.51,1.012,25,0
SPY190802C300,2019-07-31,2019-07-31 09:33:34,2.52,1.0161,100,2.51,1.012,27,2.49,1.004,4,2.515,1.0141,25,0
SPY190802C300,2019-07-31,2019-07-31 09:33:35,2.52,1.0161,100,2.51,1.012,27,2.49,1.004,4,2.515,1.0141,25,0
SPY190802C300,2019-07-31,2019-07-31 09:33:36,2.52,1.0161,100,2.51,1.012,27,2.49,1.004,4,2.515,1.0141,25,0
SPY190802C300,2019-07-31,2019-07-31 09:33:36,2.52,1.0161,100,2.51,1.012,21,2.49,1.004,4,2.515,1.0141,25,0
SPY190802C300,2019-07-31,2019-07-31 09:33:37,2.52,1.0161,5,2.51,1.012,21,2.49,1.004,4,2.515,1.0141,25,0
SPY190802C300,2019-07-31,2019-07-31 09:33:38,2.51,1.012,6,2.5,1.008,57,2.49,1.004,4,2.505,1.01,25,0
SPY190802C300,2019-07-31,2019-07-31 09:33:38,2.52,1.0161,121,2.5,1.008,46,2.49,1.004,4,2.51,1.012,25,0
SPY190802C300,2019-07-31,2019-07-31 09:33:39,2.52,1.0161,107,2.5,1.008,93,2.49,1.004,4,2.51,1.012,25,0
SPY190802C300,2019-07-31,2019-07-31 09:33:39,2.52,1.0161,121,2.5,1.008,61,2.49,1.004,4,2.51,1.012,25,0
SPY190802C300,2019-07-31,2019-07-31 09:33:40,2.53,1.0201,218,2.51,1.012,34,2.49,1.004,4,2.52,1.0161,25,0
SPY190802C300,2019-07-31,2019-07-31 09:33:41,2.51,1.012,14,2.5,1.008,27,2.49,1.004,4,2.505,1.01,25,0
SPY190802C300,2019-07-31,2019-07-31 09:33:41,2.52,1.0161,6,2.51,1.012,21,2.49,1.004,4,2.515,1.0141,25,0
SPY190802C300,2019-07-31,2019-07-31 09:33:42,2.51,1.012,71,2.49,1.004,148,2.49,1.004,4,2.5,1.008,25,0
SPY190802C300,2019-07-31,2019-07-31 09:33:42,2.51,1.012,6,2.49,1.004,148,2.49,1.004,4,2.5,1.008,25,0
SPY190802C300,2019-07-31,2019-07-31 09:33:43,2.52,1.0161,252,2.49,1.004,148,2.49,1.004,4,2.505,1.01,25,0
SPY190802C300,2019-07-31,2019-07-31 09:33:44,2.51,1.012,92,2.49,1.004,25,2.49,1.004,4,2.5,1.008,25,0
SPY190802C300,2019-07-31,2019-07-31 09:33:44,2.51,1.012,62,2.49,1.004,67,2.49,1.004,4,2.5,1.008,25,0
SPY190802C300,2019-07-31,2019-07-31 09:33:45,2.51,1.012,92,2.49,1.004,25,2.49,1.004,4,2.5,1.008,25,0
SPY190802C300,2019-07-31,2019-07-31 09:33:46,2.51,1.012,92,2.49,1.004,8,2.49,1.004,4,2.5,1.008,25,0
SPY190802C300,2019-07-31,2019-07-31 09:33:47,2.5,1.008,166,2.48,1.0,65,2.49,1.004,4,2.49,1.004,25,0
SPY190802C300,2019-07-31,2019-07-31 09:33:47,2.5,1.008,152,2.48,1.0,65,2.49,1.004,4,2.49,1.004,25,0
SPY190802C300,2019-07-31,2019-07-31 09:33:48,2.5,1.008,166,2.48,1.0,33,2.49,1.004,4,2.49,1.004,25,0
SPY190802C300,2019-07-31,2019-07-31 09:33:48,2.5,1.008,166,2.48,1.0,65,2.49,1.004,4,2.49,1.004,25,0
SPY190802C300,2019-07-31,2019-07-31 09:33:49,2.5,1.008,152,2.48,1.0,21,2.49,1.004,4,2.49,1.004,25,0
SPY190802C300,2019-07-31,2019-07-31 09:33:50,2.5,1.008,152,2.48,1.0,21,2.49,1.004,4,2.49,1.004,25,0
SPY190802C300,2019-07-31,2019-07-31 09:33:51,2.5,1.008,127,2.49,1.004,6,2.49,1.004,4,2.495,1.006,25,0
SPY190802C300,2019-07-31,2019-07-31 09:33:51,2.5,1.008,147,2.49,1.004,6,2.49,1.004,4,2.495,1.006,25,0
SPY190802C300,2019-07-31,2019-07-31 09:33:52,2.52,1.0161,253,2.5,1.008,24,2.49,1.004,4,2.51,1.012,25,0
SPY190802C300,2019-07-31,2019-07-31 09:33:52,2.52,1.0161,324,2.5,1.008,6,2.49,1.004,4,2.51,1.012,25,0
SPY190802C300,2019-07-31,2019-07-31 09:33:53,2.51,1.012,75,2.49,1.004,20,2.49,1.004,4,2.5,1.008,25,0
SPY190802C300,2019-07-31,2019-07-31 09:33:54,2.51,1.012,98,2.5,1.008,6,2.49,1.004,4,2.505,1.01,25,0
SPY190802C300,2019-07-31,2019-07-31 09:33:54,2.51,1.012,88,2.5,1.008,6,2.49,1.004,4,2.505,1.01,25,0
SPY190802C300,2019-07-31,2019-07-31 09:33:55,2.51,1.012,88,2.5,1.008,33,2.49,1.004,4,2.505,1.01,25,0
SPY190802C300,2019-07-31,2019-07-31 09:33:56,2.5,1.008,37,2.48,1.0,65,2.49,1.004,4,2.49,1.004,25,0
SPY190802C300,2019-07-31,2019-07-31 09:33:56,2.51,1.012,143,2.49,1.004,6,2.49,1.004,4,2.5,1.008,25,0
SPY190802C300,2019-07-31,2019-07-31 09:33:57,2.5,1.008,21,2.49,1.004,12,2.49,1.004,4,2.495,1.006,25,0
SPY190802C300,2019-07-31,2019-07-31 09:33:58,2.49,1.004,40,2.48,1.0,1,2.49,1.004,4,2.485,1.002,25,0
SPY190802C300,2019-07-31,2019-07-31 09:33:58,2.5,1.008,103,2.48,1.0,1,2.49,1.004,4,2.49,1.004,25,0
SPY190802C300,2019-07-31,2019-07-31 09:33:59,2.48,1.0,100,2.46,0.9919,117,2.48,1.0,1,2.47,0.9959,26,1
SPY190802C300,2019-07-31,2019-07-31 09:33:59,2.49,1.004,95,2.48,1.0,1,2.49,1.004,4,2.485,1.002,25,0
SPY190802C300,2019-07-31,2019-07-31 09:34:00,2.47,0.9959,14,2.46,0.9919,2,2.48,1.0,1,2.465,0.9939,26,0
SPY190802C300,2019-07-31,2019-07-31 09:34:00,2.47,0.9959,14,2.45,0.9879,33,2.48,1.0,1,2.46,0.9919,26,0
SPY190802C300,2019-07-31,2019-07-31 09:34:01,2.46,0.9919,17,2.44,0.9838,18,2.48,1.0,1,2.45,0.9879,26,0
SPY190802C300,2019-07-31,2019-07-31 09:34:02,2.45,0.9879,25,2.44,0.9838,21,2.48,1.0,1,2.445,0.9858,26,0
SPY190802C300,2019-07-31,2019-07-31 09:34:02,2.45,0.9879,10,2.42,0.9758,253,2.48,1.0,1,2.435,0.9818,26,0
SPY190802C300,2019-07-31,2019-07-31 09:34:03,2.44,0.9838,31,2.43,0.9798,8,2.48,1.0,1,2.435,0.9818,26,0
SPY190802C300,2019-07-31,2019-07-31 09:34:03,2.44,0.9838,6,2.42,0.9758,121,2.48,1.0,1,2.43,0.9798,26,0
SPY190802C300,2019-07-31,2019-07-31 09:34:04,2.46,0.9919,152,2.43,0.9798,48,2.48,1.0,1,2.445,0.9858,26,0
SPY190802C300,2019-07-31,2019-07-31 09:34:04,2.45,0.9879,154,2.42,0.9758,129,2.48,1.0,1,2.435,0.9818,26,0
SPY190802C300,2019-07-31,2019-07-31 09:34:05,2.44,0.9838,6,2.42,0.9758,61,2.48,1.0,1,2.43,0.9798,26,0
SPY190802C300,2019-07-31,2019-07-31 09:34:06,2.44,0.9838,6,2.42,0.9758,47,2.48,1.0,1,2.43,0.9798,26,0
SPY190802C300,2019-07-31,2019-07-31 09:34:06,2.44,0.9838,53,2.42,0.9758,67,2.48,1.0,1,2.43,0.9798,26,0
SPY190802C300,2019-07-31,2019-07-31 09:34:07,2.44,0.9838,117,2.43,0.9798,2,2.48,1.0,1,2.435,0.9818,26,0
SPY190802C300,2019-07-31,2019-07-31 09:34:07,2.45,0.9879,89,2.42,0.9758,61,2.48,1.0,1,2.435,0.9818,26,0
SPY190802C300,2019-07-31,2019-07-31 09:34:08,2.44,0.9838,17,2.42,0.9758,53,2.48,1.0,1,2.43,0.9798,26,0
SPY190802C300,2019-07-31,2019-07-31 09:34:08,2.45,0.9879,255,2.43,0.9798,2,2.48,1.0,1,2.44,0.9838,26,0
SPY190802C300,2019-07-31,2019-07-31 09:34:09,2.44,0.9838,11,2.42,0.9758,87,2.48,1.0,1,2.43,0.9798,26,0
SPY190802C300,2019-07-31,2019-07-31 09:34:10,2.44,0.9838,215,2.41,0.9717,60,2.48,1.0,1,2.425,0.9778,26,0
SPY190802C300,2019-07-31,2019-07-31 09:34:10,2.45,0.9879,215,2.43,0.9798,21,2.44,0.9838,6,2.44,0.9838,32,6
SPY190802C300,2019-07-31,2019-07-31 09:34:11,2.46,0.9919,121,2.44,0.9838,21,2.44,0.9838,1,2.45,0.9879,33,1
SPY190802C300,2019-07-31,2019-07-31 09:34:11,2.46,0.9919,200,2.44,0.9838,47,2.44,0.9838,1,2.45,0.9879,33,0
SPY190802C300,2019-07-31,2019-07-31 09:34:12,2.45,0.9879,28,2.44,0.9838,8,2.44,0.9838,1,2.445,0.9858,33,0
SPY190802C300,2019-07-31,2019-07-31 09:34:13,2.45,0.9879,22,2.44,0.9838,8,2.44,0.9838,1,2.445,0.9858,33,0
SPY190802C300,2019-07-31,2019-07-31 09:34:13,2.45,0.9879,122,2.44,0.9838,1,2.44,0.9838,1,2.445,0.9858,33,0
SPY190802C300,2019-07-31,2019-07-31 09:34:14,2.45,0.9879,227,2.44,0.9838,1,2.44,0.9838,1,2.445,0.9858,33,0
SPY190802C300,2019-07-31,2019-07-31 09:34:14,2.46,0.9919,245,2.44,0.9838,1,2.44,0.9838,1,2.45,0.9879,33,0
SPY190802C300,2019-07-31,2019-07-31 09:34:15,2.46,0.9919,255,2.44,0.9838,33,2.44,0.9838,1,2.45,0.9879,33,0
SPY190802C300,2019-07-31,2019-07-31 09:34:16,2.45,0.9879,2,2.44,0.9838,33,2.44,0.9838,1,2.445,0.9858,33,0
SPY190802C300,2019-07-31,2019-07-31 09:34:16,2.45,0.9879,10,2.44,0.9838,33,2.44,0.9838,1,2.445,0.9858,33,0
SPY190802C300,2019-07-31,2019-07-31 09:34:17,2.46,0.9919,77,2.44,0.9838,22,2.44,0.9838,1,2.45,0.9879,33,0
SPY190802C300,2019-07-31,2019-07-31 09:34:18,2.46,0.9919,48,2.44,0.9838,39,2.44,0.9838,1,2.45,0.9879,33,0
SPY190802C300,2019-07-31,2019-07-31 09:34:18,2.46,0.9919,114,2.44,0.9838,25,2.44,0.9838,1,2.45,0.9879,33,0
SPY190802C300,2019-07-31,2019-07-31 09:34:19,2.46,0.9919,6,2.45,0.9879,6,2.44,0.9838,1,2.455,0.9899,33,0
SPY190802C300,2019-07-31,2019-07-31 09:34:20,2.45,0.9879,2,2.44,0.9838,33,2.44,0.9838,1,2.445,0.9858,33,0
SPY190802C300,2019-07-31,2019-07-31 09:34:20,2.46,0.9919,6,2.45,0.9879,6,2.44,0.9838,1,2.455,0.9899,33,0
SPY190802C300,2019-07-31,2019-07-31 09:34:21,2.46,0.9919,122,2.44,0.9838,6,2.44,0.9838,1,2.45,0.9879,33,0
SPY190802C300,2019-07-31,2019-07-31 09:34:21,2.45,0.9879,2,2.44,0.9838,51,2.44,0.9838,1,2.445,0.9858,33,0
SPY190802C300,2019-07-31,2019-07-31 09:34:22,2.45,0.9879,27,2.44,0.9838,6,2.44,0.9838,1,2.445,0.9858,33,0
SPY190802C300,2019-07-31,2019-07-31 09:34:23,2.45,0.9879,47,2.44,0.9838,6,2.44,0.9838,1,2.445,0.9858,33,0
SPY190802C300,2019-07-31,2019-07-31 09:34:23,2.45,0.9879,131,2.43,0.9798,21,2.44,0.9838,1,2.44,0.9838,33,0
SPY190802C300,2019-07-31,2019-07-31 09:34:24,2.44,0.9838,21,2.43,0.9798,6,2.44,0.9838,1,2.435,0.9818,33,0
SPY190802C300,2019-07-31,2019-07-31 09:34:24,2.45,0.9879,57,2.43,0.9798,25,2.44,0.9838,1,2.44,0.9838,33,0
SPY190802C300,2019-07-31,2019-07-31 09:34:25,2.44,0.9838,27,2.43,0.9798,33,2.44,0.9838,1,2.435,0.9818,33,0
SPY190802C300,2019-07-31,2019-07-31 09:34:25,2.44,0.9838,8,2.42,0.9758,161,2.44,0.9838,1,2.43,0.9798,33,0
SPY190802C300,2019-07-31,2019-07-31 09:34:26,2.46,0.9919,151,2.44,0.9838,21,2.44,0.9838,1,2.45,0.9879,33,0
SPY190802C300,2019-07-31,2019-07-31 09:34:27,2.46,0.9919,161,2.44,0.9838,21,2.44,0.9838,1,2.45,0.9879,33,0
SPY190802C300,2019-07-31,2019-07-31 09:34:28,2.46,0.9919,161,2.44,0.9838,21,2.44,0.9838,1,2.45,0.9879,33,0
SPY190802C300,2019-07-31,2019-07-31 09:34:28,2.46,0.9919,150,2.44,0.9838,34,2.44,0.9838,1,2.45,0.9879,33,0
SPY190802C300,2019-07-31,2019-07-31 09:34:29,2.45,0.9879,6,2.43,0.9798,6,2.44,0.9838,1,2.44,0.9838,33,0
SPY190802C300,2019-07-31,2019-07-31 09:34:29,2.45,0.9879,152,2.43,0.9798,21,2.44,0.9838,1,2.44,0.9838,33,0
SPY190802C300,2019-07-31,2019-07-31 09:34:30,2.44,0.9838,25,2.43,0.9798,21,2.44,0.9838,1,2.435,0.9818,33,0
SPY190802C300,2019-07-31,2019-07-31 09:34:31,2.44,0.9838,21,2.43,0.9798,9,2.44,0.9838,1,2.435,0.9818,33,0
SPY190802C300,2019-07-31,2019-07-31 09:34:31,2.44,0.9838,13,2.42,0.9758,154,2.44,0.9838,1,2.43,0.9798,33,0
SPY190802C300,2019-07-31,2019-07-31 09:34:32,2.44,0.9838,21,2.43,0.9798,9,2.44,0.9838,1,2.435,0.9818,33,0
SPY190802C300,2019-07-31,2019-07-31 09:34:32,2.44,0.9838,21,2.42,0.9758,149,2.44,0.9838,1,2.43,0.9798,33,0
SPY190802C300,2019-07-31,2019-07-31 09:34:33,2.45,0.9879,6,2.43,0.9798,6,2.44,0.9838,1,2.44,0.9838,33,0
SPY190802C300,2019-07-31,2019-07-31 09:34:34,2.45,0.9879,46,2.43,0.9798,6,2.44,0.9838,1,2.44,0.9838,33,0
SPY190802C300,2019-07-31,2019-07-31 09:34:34,2.45,0.9879,25,2.43,0.9798,134,2.44,0.9838,1,2.44,0.9838,33,0
SPY190802C300,2019-07-31,2019-07-31 09:34:35,2.45,0.9879,6,2.43,0.9798,6,2.44,0.9838,1,2.44,0.9838,33,0
SPY190802C300,2019-07-31,2019-07-31 09:34:35,2.45,0.9879,19,2.43,0.9798,129,2.44,0.9838,1,2.44,0.9838,33,0
SPY190802C300,2019-07-31,2019-07-31 09:34:36,2.46,0.9919,255,2.44,0.9838,6,2.44,0.9838,1,2.45,0.9879,33,0
SPY190802C300,2019-07-31,2019-07-31 09:34:36,2.45,0.9879,110,2.43,0.9798,12,2.44,0.9838,1,2.44,0.9838,33,0
SPY190802C300,2019-07-31,2019-07-31 09:34:37,2.44,0.9838,25,2.43,0.9798,12,2.44,0.9838,1,2.435,0.9818,33,0
SPY190802C300,2019-07-31,2019-07-31 09:34:38,2.45,0.9879,101,2.43,0.9798,96,2.44,0.9838,1,2.44,0.9838,33,0
SPY190802C300,2019-07-31,2019-07-31 09:34:39,2.45,0.9879,6,2.43,0.9798,23,2.44,0.9838,1,2.44,0.9838,33,0
SPY190802C300,2019-07-31,2019-07-31 09:34:40,2.45,0.9879,73,2.43,0.9798,2,2.44,0.9838,1,2.44,0.9838,33,0
SPY190802C300,2019-07-31,2019-07-31 09:34:40,2.44,0.9838,8,2.43,0.9798,2,2.44,0.9838,1,2.435,0.9818,33,0
SPY190802C300,2019-07-31,2019-07-31 09:34:41,2.45,0.9879,108,2.43,0.9798,8,2.44,0.9838,1,2.44,0.9838,33,0
SPY190802C300,2019-07-31,2019-07-31 09:34:41,2.45,0.9879,73,2.43,0.9798,2,2.44,0.9838,1,2.44,0.9838,33,0
SPY190802C300,2019-07-31,2019-07-31 09:34:42,2.45,0.9879,116,2.43,0.9798,14,2.44,0.9838,1,2.44,0.9838,33,0
SPY190802C300,2019-07-31,2019-07-31 09:34:43,2.44,0.9838,33,2.43,0.9798,2,2.44,0.9838,1,2.435,0.9818,33,0
SPY190802C300,2019-07-31,2019-07-31 09:34:43,2.45,0.9879,130,2.42,0.9758,149,2.44,0.9838,1,2.435,0.9818,33,0
SPY190802C300,2019-07-31,2019-07-31 09:34:44,2.44,0.9838,14,2.42,0.9758,199,2.44,0.9838,1,2.43,0.9798,33,0
SPY190802C300,2019-07-31,2019-07-31 09:34:44,2.44,0.9838,33,2.43,0.9798,2,2.44,0.9838,1,2.435,0.9818,33,0
SPY190802C300,2019-07-31,2019-07-31 09:34:45,2.44,0.9838,25,2.42,0.9758,129,2.44,0.9838,1,2.43,0.9798,33,0
SPY190802C300,2019-07-31,2019-07-31 09:34:46,2.44,0.9838,21,2.42,0.9758,129,2.44,0.9838,1,2.43,0.9798,33,0
SPY190802C300,2019-07-31,2019-07-31 09:34:46,2.44,0.9838,27,2.42,0.9758,129,2.44,0.9838,1,2.43,0.9798,33,0
SPY190802C300,2019-07-31,2019-07-31 09:34:47,2.43,0.9798,6,2.42,0.9758,18,2.44,0.9838,1,2.425,0.9778,33,0
SPY190802C300,2019-07-31,2019-07-31 09:34:47,2.43,0.9798,25,2.41,0.9717,6,2.44,0.9838,1,2.42,0.9758,33,0
SPY190802C300,2019-07-31,2019-07-31 09:34:48,2.43,0.9798,8,2.42,0.9758,2,2.44,0.9838,1,2.425,0.9778,33,0
SPY190802C300,2019-07-31,2019-07-31 09:34:48,2.44,0.9838,6,2.42,0.9758,2,2.44,0.9838,1,2.43,0.9798,33,0
SPY190802C300,2019-07-31,2019-07-31 09:34:49,2.44,0.9838,25,2.42,0.9758,49,2.44,0.9838,1,2.43,0.9798,33,0
SPY190802C300,2019-07-31,2019-07-31 09:34:49,2.43,0.9798,6,2.42,0.9758,92,2.44,0.9838,1,2.425,0.9778,33,0
SPY190802C300,2019-07-31,2019-07-31 09:34:50,2.44,0.9838,71,2.42,0.9758,92,2.44,0.9838,1,2.43,0.9798,33,0
SPY190802C300,2019-07-31,2019-07-31 09:34:51,2.43,0.9798,21,2.41,0.9717,154,2.44,0.9838,1,2.42,0.9758,33,0
SPY190802C300,2019-07-31,2019-07-31 09:34:51,2.43,0.9798,30,2.41,0.9717,154,2.44,0.9838,1,2.42,0.9758,33,0
SPY190802C300,2019-07-31,2019-07-31 09:34:52,2.43,0.9798,57,2.42,0.9758,123,2.44,0.9838,1,2.425,0.9778,33,0
SPY190802C300,2019-07-31,2019-07-31 09:34:52,2.43,0.9798,21,2.42,0.9758,123,2.44,0.9838,1,2.425,0.9778,33,0
SPY190802C300,2019-07-31,2019-07-31 09:34:53,2.43,0.9798,57,2.42,0.9758,123,2.44,0.9838,1,2.425,0.9778,33,0
SPY190802C300,2019-07-31,2019-07-31 09:34:53,2.43,0.9798,65,2.42,0.9758,123,2.44,0.9838,1,2.425,0.9778,33,0
SPY190802C300,2019-07-31,2019-07-31 09:34:54,2.43,0.9798,14,2.42,0.9758,123,2.44,0.9838,1,2.425,0.9778,33,0
SPY190802C300,2019-07-31,2019-07-31 09:34:55,2.43,0.9798,23,2.42,0.9758,123,2.44,0.9838,1,2.425,0.9778,33,0
SPY190802C300,2019-07-31,2019-07-31 09:34:56,2.43,0.9798,29,2.42,0.9758,123,2.44,0.9838,1,2.425,0.9778,33,0
SPY190802C300,2019-07-31,2019-07-31 09:34:56,2.43,0.9798,61,2.42,0.9758,123,2.44,0.9838,1,2.425,0.9778,33,0
SPY190802C300,2019-07-31,2019-07-31 09:34:57,2.43,0.9798,61,2.42,0.9758,123,2.44,0.9838,1,2.425,0.9778,33,0
SPY190802C300,2019-07-31,2019-07-31 09:34:58,2.42,0.9758,1,2.4,0.9677,6,2.42,0.9758,97,2.41,0.9717,156,123
SPY190802C300,2019-07-31,2019-07-31 09:34:58,2.41,0.9717,10,2.4,0.9677,14,2.42,0.9758,97,2.405,0.9697,156,0
SPY190802C300,2019-07-31,2019-07-31 09:34:59,2.45,0.9879,27,2.43,0.9798,6,2.42,0.9758,97,2.44,0.9838,156,0
SPY190802C300,2019-07-31,2019-07-31 09:34:59,2.42,0.9758,21,2.4,0.9677,12,2.42,0.9758,97,2.41,0.9717,156,0
SPY190802C300,2019-07-31,2019-07-31 09:35:00,2.44,0.9838,12,2.42,0.9758,140,2.42,0.9758,97,2.43,0.9798,156,0
SPY190802C300,2019-07-31,2019-07-31 09:35:00,2.45,0.9879,19,2.43,0.9798,40,2.42,0.9758,97,2.44,0.9838,156,0
SPY190802C300,2019-07-31,2019-07-31 09:35:01,2.45,0.9879,25,2.43,0.9798,40,2.42,0.9758,97,2.44,0.9838,156,0
SPY190802C300,2019-07-31,2019-07-31 09:35:02,2.45,0.9879,33,2.44,0.9838,6,2.42,0.9758,97,2.445,0.9858,156,0
SPY190802C300,2019-07-31,2019-07-31 09:35:02,2.46,0.9919,255,2.44,0.9838,15,2.42,0.9758,97,2.45,0.9879,156,0
SPY190802C300,2019-07-31,2019-07-31 09:35:03,2.46,0.9919,121,2.44,0.9838,60,2.42,0.9758,97,2.45,0.9879,156,0
SPY190802C300,2019-07-31,2019-07-31 09:35:04,2.46,0.9919,27,2.45,0.9879,12,2.44,0.9838,1,2.455,0.9899,159,3
SPY190802C300,2019-07-31,2019-07-31 09:35:04,2.46,0.9919,121,2.44,0.9838,60,2.42,0.9758,97,2.45,0.9879,156,0
SPY190802C300,2019-07-31,2019-07-31 09:35:05,2.47,0.9959,21,2.46,0.9919,6,2.44,0.9838,1,2.465,0.9939,159,0
SPY190802C300,2019-07-31,2019-07-31 09:35:05,2.47,0.9959,6,2.45,0.9879,12,2.44,0.9838,1,2.46,0.9919,159,0
SPY190802C300,2019-07-31,2019-07-31 09:35:06,2.47,0.9959,25,2.46,0.9919,12,2.44,0.9838,1,2.465,0.9939,159,0
SPY190802C300,2019-07-31,2019-07-31 09:35:07,2.47,0.9959,27,2.46,0.9919,8,2.44,0.9838,1,2.465,0.9939,159,0
SPY190802C300,2019-07-31,2019-07-31 09:35:07,2.47,0.9959,25,2.46,0.9919,12,2.44,0.9838,1,2.465,0.9939,159,0
SPY190802C300,2019-07-31,2019-07-31 09:35:08,2.47,0.9959,27,2.46,0.9919,14,2.44,0.9838,1,2.465,0.9939,159,0
SPY190802C300,2019-07-31,2019-07-31 09:35:08,2.47,0.9959,25,2.45,0.9879,66,2.44,0.9838,1,2.46,0.9919,159,0
SPY190802C300,2019-07-31,2019-07-31 09:35:09,2.46,0.9919,21,2.43,0.9798,234,2.44,0.9838,1,2.445,0.9858,159,0
SPY190802C300,2019-07-31,2019-07-31 09:35:09,2.47,0.9959,144,2.44,0.9838,6,2.44,0.9838,1,2.455,0.9899,159,0
SPY190802C300,2019-07-31,2019-07-31 09:35:10,2.47,0.9959,235,2.44,0.9838,8,2.44,0.9838,1,2.455,0.9899,159,0
SPY190802C300,2019-07-31,2019-07-31 09:35:11,2.46,0.9919,6,2.44,0.9838,6,2.44,0.9838,1,2.45,0.9879,159,0
SPY190802C300,2019-07-31,2019-07-31 09:35:11,2.47,0.9959,54,2.44,0.9838,130,2.44,0.9838,1,2.455,0.9899,159,0
SPY190802C300,2019-07-31,2019-07-31 09:35:12,2.46,0.9919,23,2.45,0.9879,6,2.44,0.9838,1,2.455,0.9899,159,0
SPY190802C300,2019-07-31,2019-07-31 09:35:12,2.47,0.9959,215,2.45,0.9879,6,2.44,0.9838,1,2.46,0.9919,159,0
SPY190802C300,2019-07-31,2019-07-31 09:35:13,2.47,0.9959,144,2.45,0.9879,6,2.44,0.9838,1,2.46,0.9919,159,0
SPY190802C300,2019-07-31,2019-07-31 09:35:14,2.45,0.9879,21,2.44,0.9838,6,2.44,0.9838,1,2.445,0.9858,159,0
SPY190802C300,2019-07-31,2019-07-31 09:35:14,2.45,0.9879,6,2.43,0.9798,6,2.44,0.9838,1,2.44,0.9838,159,0
SPY190802C300,2019-07-31,2019-07-31 09:35:15,2.45,0.9879,33,2.43,0.9798,65,2.44,0.9838,1,2.44,0.9838,159,0
SPY190802C300,2019-07-31,2019-07-31 09:35:16,2.44,0.9838,21,2.43,0.9798,6,2.44,0.9838,1,2.435,0.9818,159,0
SPY190802C300,2019-07-31,2019-07-31 09:35:16,2.45,0.9879,189,2.43,0.9798,6,2.44,0.9838,1,2.44,0.9838,159,0
SPY190802C300,2019-07-31,2019-07-31 09:35:17,2.43,0.9798,21,2.42,0.9758,6,2.44,0.9838,1,2.425,0.9778,159,0
SPY190802C300,2019-07-31,2019-07-31 09:35:18,2.43,0.9798,21,2.42,0.9758,14,2.44,0.9838,1,2.425,0.9778,159,0
SPY190802C300,2019-07-31,2019-07-31 09:35:19,2.44,0.9838,14,2.43,0.9798,6,2.44,0.9838,1,2.435,0.9818,159,0
SPY190802C300,2019-07-31,2019-07-31 09:35:19,2.44,0.9838,21,2.43,0.9798,6,2.44,0.9838,1,2.435,0.9818,159,0
SPY190802C300,2019-07-31,2019-07-31 09:35:20,2.44,0.9838,57,2.43,0.9798,6,2.44,0.9838,1,2.435,0.9818,159,0
SPY190802C300,2019-07-31,2019-07-31 09:35:20,2.44,0.9838,65,2.42,0.9758,6,2.44,0.9838,1,2.43,0.9798,159,0
SPY190802C300,2019-07-31,2019-07-31 09:35:21,2.43,0.9798,21,2.42,0.9758,6,2.44,0.9838,1,2.425,0.9778,159,0
SPY190802C300,2019-07-31,2019-07-31 09:35:22,2.43,0.9798,21,2.42,0.9758,6,2.44,0.9838,1,2.425,0.9778,159,0
SPY190802C300,2019-07-31,2019-07-31 09:35:23,2.43,0.9798,21,2.42,0.9758,12,2.44,0.9838,1,2.425,0.9778,159,0
SPY190802C300,2019-07-31,2019-07-31 09:35:24,2.43,0.9798,23,2.42,0.9758,14,2.44,0.9838,1,2.425,0.9778,159,0
SPY190802C300,2019-07-31,2019-07-31 09:35:24,2.43,0.9798,21,2.42,0.9758,12,2.44,0.9838,1,2.425,0.9778,159,0
SPY190802C300,2019-07-31,2019-07-31 09:35:25,2.44,0.9838,96,2.43,0.9798,6,2.44,0.9838,1,2.435,0.9818,159,0
SPY190802C300,2019-07-31,2019-07-31 09:35:26,2.42,0.9758,17,2.41,0.9717,6,2.44,0.9838,1,2.415,0.9737,159,0
SPY190802C300,2019-07-31,2019-07-31 09:35:27,2.42,0.9758,17,2.41,0.9717,14,2.41,0.9717,2,2.415,0.9737,161,2
SPY190802C300,2019-07-31,2019-07-31 09:35:27,2.44,0.9838,195,2.43,0.9798,1,2.41,0.9717,2,2.435,0.9818,161,0
SPY190802C300,2019-07-31,2019-07-31 09:35:28,2.43,0.9798,11,2.42,0.9758,6,2.41,0.9717,2,2.425,0.9778,161,0
SPY190802C300,2019-07-31,2019-07-31 09:35:28,2.44,0.9838,124,2.42,0.9758,6,2.41,0.9717,2,2.43,0.9798,161,0
SPY190802C300,2019-07-31,2019-07-31 09:35:29,2.44,0.9838,11,2.43,0.9798,6,2.41,0.9717,2,2.435,0.9818,161,0
SPY190802C300,2019-07-31,2019-07-31 09:35:30,2.45,0.9879,155,2.43,0.9798,6,2.41,0.9717,2,2.44,0.9838,161,0
SPY190802C300,2019-07-31,2019-07-31 09:35:30,2.45,0.9879,11,2.44,0.9838,6,2.41,0.9717,2,2.445,0.9858,161,0
SPY190802C300,2019-07-31,2019-07-31 09:35:31,2.45,0.9879,21,2.43,0.9798,90,2.41,0.9717,2,2.44,0.9838,161,0
SPY190802C300,2019-07-31,2019-07-31 09:35:31,2.45,0.9879,27,2.44,0.9838,6,2.41,0.9717,2,2.445,0.9858,161,0
SPY190802C300,2019-07-31,2019-07-31 09:35:32,2.46,0.9919,52,2.44,0.9838,49,2.41,0.9717,2,2.45,0.9879,161,0
SPY190802C300,2019-07-31,2019-07-31 09:35:33,2.46,0.9919,52,2.44,0.9838,66,2.41,0.9717,2,2.45,0.9879,161,0
SPY190802C300,2019-07-31,2019-07-31 09:35:34,2.45,0.9879,21,2.43,0.9798,47,2.41,0.9717,2,2.44,0.9838,161,0
SPY190802C300,2019-07-31,2019-07-31 09:35:34,2.45,0.9879,22,2.44,0.9838,10,2.41,0.9717,2,2.445,0.9858,161,0
SPY190802C300,2019-07-31,2019-07-31 09:35:35,2.45,0.9879,21,2.43,0.9798,90,2.41,0.9717,2,2.44,0.9838,161,0
SPY190802C300,2019-07-31,2019-07-31 09:35:35,2.45,0.9879,29,2.43,0.9798,102,2.41,0.9717,2,2.44,0.9838,161,0
SPY190802C300,2019-07-31,2019-07-31 09:35:36,2.45,0.9879,21,2.43,0.9798,96,2.41,0.9717,2,2.44,0.9838,161,0
SPY190802C300,2019-07-31,2019-07-31 09:35:37,2.45,0.9879,29,2.43,0.9798,104,2.41,0.9717,2,2.44,0.9838,161,0
SPY190802C300,2019-07-31,2019-07-31 09:35:37,2.45,0.9879,21,2.43,0.9798,124,2.41,0.9717,2,2.44,0.9838,161,0
SPY190802C300,2019-07-31,2019-07-31 09:35:38,2.44,0.9838,111,2.42,0.9758,6,2.41,0.9717,2,2.43,0.9798,161,0
SPY190802C300,2019-07-31,2019-07-31 09:35:38,2.45,0.9879,21,2.43,0.9798,10,2.41,0.9717,2,2.44,0.9838,161,0
SPY190802C300,2019-07-31,2019-07-31 09:35:39,2.43,0.9798,8,2.42,0.9758,14,2.41,0.9717,2,2.425,0.9778,161,0
SPY190802C300,2019-07-31,2019-07-31 09:35:41,2.43,0.9798,21,2.41,0.9717,134,2.41,0.9717,2,2.42,0.9758,161,0
SPY190802C300,2019-07-31,2019-07-31 09:35:41,2.43,0.9798,25,2.41,0.9717,162,2.41,0.9717,2,2.42,0.9758,161,0
SPY190802C300,2019-07-31,2019-07-31 09:35:42,2.44,0.9838,192,2.42,0.9758,6,2.41,0.9717,2,2.43,0.9798,161,0
SPY190802C300,2019-07-31,2019-07-31 09:35:42,2.44,0.9838,161,2.42,0.9758,6,2.41,0.9717,2,2.43,0.9798,161,0
SPY190802C300,2019-07-31,2019-07-31 09:35:43,2.43,0.9798,19,2.41,0.9717,186,2.41,0.9717,2,2.42,0.9758,161,0
SPY190802C300,2019-07-31,2019-07-31 09:35:44,2.44,0.9838,190,2.42,0.9758,21,2.41,0.9717,2,2.43,0.9798,161,0
SPY190802C300,2019-07-31,2019-07-31 09:35:44,2.44,0.9838,190,2.42,0.9758,6,2.41,0.9717,2,2.43,0.9798,161,0
SPY190802C300,2019-07-31,2019-07-31 09:35:45,2.44,0.9838,161,2.42,0.9758,6,2.41,0.9717,2,2.43,0.9798,161,0
SPY190802C300,2019-07-31,2019-07-31 09:35:46,2.44,0.9838,92,2.42,0.9758,14,2.41,0.9717,2,2.43,0.9798,161,0
SPY190802C300,2019-07-31,2019-07-31 09:35:46,2.44,0.9838,90,2.42,0.9758,17,2.41,0.9717,2,2.43,0.9798,161,0
SPY190802C300,2019-07-31,2019-07-31 09:35:47,2.44,0.9838,90,2.42,0.9758,17,2.41,0.9717,2,2.43,0.9798,161,0
SPY190802C300,2019-07-31,2019-07-31 09:35:48,2.44,0.9838,39,2.42,0.9758,14,2.41,0.9717,2,2.43,0.9798,161,0
SPY190802C300,2019-07-31,2019-07-31 09:35:48,2.44,0.9838,6,2.42,0.9758,8,2.41,0.9717,2,2.43,0.9798,161,0
SPY190802C300,2019-07-31,2019-07-31 09:35:49,2.43,0.9798,2,2.42,0.9758,14,2.41,0.9717,2,2.425,0.9778,161,0
SPY190802C300,2019-07-31,2019-07-31 09:35:49,2.44,0.9838,73,2.42,0.9758,6,2.41,0.9717,2,2.43,0.9798,161,0
SPY190802C300,2019-07-31,2019-07-31 09:35:50,2.44,0.9838,93,2.42,0.9758,6,2.41,0.9717,2,2.43,0.9798,161,0
SPY190802C300,2019-07-31,2019-07-31 09:35:50,2.44,0.9838,66,2.42,0.9758,6,2.41,0.9717,2,2.43,0.9798,161,0
SPY190802C300,2019-07-31,2019-07-31 09:35:51,2.44,0.9838,93,2.42,0.9758,6,2.41,0.9717,2,2.43,0.9798,161,0
SPY190802C300,2019-07-31,2019-07-31 09:35:52,2.44,0.9838,93,2.42,0.9758,6,2.41,0.9717,2,2.43,0.9798,161,0
SPY190802C300,2019-07-31,2019-07-31 09:35:52,2.44,0.9838,101,2.42,0.9758,14,2.41,0.9717,2,2.43,0.9798,161,0
SPY190802C300,2019-07-31,2019-07-31 09:35:53,2.44,0.9838,101,2.42,0.9758,14,2.41,0.9717,2,2.43,0.9798,161,0
SPY190802C300,2019-07-31,2019-07-31 09:35:54,2.44,0.9838,59,2.42,0.9758,10,2.41,0.9717,2,2.43,0.9798,161,0
SPY190802C300,2019-07-31,2019-07-31 09:35:54,2.44,0.9838,130,2.42,0.9758,6,2.41,0.9717,2,2.43,0.9798,161,0
SPY190802C300,2019-07-31,2019-07-31 09:35:55,2.45,0.9879,6,2.43,0.9798,12,2.41,0.9717,2,2.44,0.9838,161,0
SPY190802C300,2019-07-31,2019-07-31 09:35:56,2.45,0.9879,21,2.43,0.9798,65,2.41,0.9717,2,2.44,0.9838,161,0
SPY190802C300,2019-07-31,2019-07-31 09:35:57,2.45,0.9879,11,2.44,0.9838,14,2.41,0.9717,2,2.445,0.9858,161,0
SPY190802C300,2019-07-31,2019-07-31 09:35:57,2.44,0.9838,40,2.42,0.9758,6,2.41,0.9717,2,2.43,0.9798,161,0
SPY190802C300,2019-07-31,2019-07-31 09:35:58,2.43,0.9798,11,2.41,0.9717,26,2.41,0.9717,2,2.42,0.9758,161,0
SPY190802C300,2019-07-31,2019-07-31 09:35:58,2.43,0.9798,6,2.41,0.9717,6,2.41,0.9717,2,2.42,0.9758,161,0
SPY190802C300,2019-07-31,2019-07-31 09:35:59,2.42,0.9758,32,2.41,0.9717,8,2.41,0.9717,2,2.415,0.9737,161,0
SPY190802C300,2019-07-31,2019-07-31 09:35:59,2.43,0.9798,189,2.41,0.9717,6,2.41,0.9717,2,2.42,0.9758,161,0
SPY190802C300,2019-07-31,2019-07-31 09:36:00,2.42,0.9758,32,2.41,0.9717,8,2.41,0.9717,2,2.415,0.9737,161,0
SPY190802C300,2019-07-31,2019-07-31 09:36:01,2.43,0.9798,6,2.41,0.9717,6,2.41,0.9717,2,2.42,0.9758,161,0
SPY190802C300,2019-07-31,2019-07-31 09:36:01,2.43,0.9798,172,2.41,0.9717,6,2.41,0.9717,2,2.42,0.9758,161,0
SPY190802C300,2019-07-31,2019-07-31 09:36:02,2.43,0.9798,21,2.42,0.9758,6,2.41,0.9717,2,2.425,0.9778,161,0
SPY190802C300,2019-07-31,2019-07-31 09:36:03,2.43,0.9798,57,2.41,0.9717,26,2.41,0.9717,2,2.42,0.9758,161,0
SPY190802C300,2019-07-31,2019-07-31 09:36:03,2.43,0.9798,19,2.41,0.9717,97,2.41,0.9717,2,2.42,0.9758,161,0
SPY190802C300,2019-07-31,2019-07-31 09:36:04,2.43,0.9798,21,2.42,0.9758,14,2.41,0.9717,2,2.425,0.9778,161,0
SPY190802C300,2019-07-31,2019-07-31 09:36:05,2.43,0.9798,25,2.41,0.9717,129,2.41,0.9717,2,2.42,0.9758,161,0
SPY190802C300,2019-07-31,2019-07-31 09:36:05,2.43,0.9798,21,2.41,0.9717,8,2.41,0.9717,2,2.42,0.9758,161,0
SPY190802C300,2019-07-31,2019-07-31 09:36:06,2.43,0.9798,21,2.42,0.9758,6,2.41,0.9717,2,2.425,0.9778,161,0
SPY190802C300,2019-07-31,2019-07-31 09:36:06,2.43,0.9798,53,2.41,0.9717,8,2.41,0.9717,2,2.42,0.9758,161,0
SPY190802C300,2019-07-31,2019-07-31 09:36:07,2.43,0.9798,21,2.42,0.9758,6,2.41,0.9717,2,2.425,0.9778,161,0
SPY190802C300,2019-07-31,2019-07-31 09:36:08,2.42,0.9758,1,2.41,0.9717,6,2.41,0.9717,2,2.415,0.9737,161,0
SPY190802C300,2019-07-31,2019-07-31 09:36:08,2.42,0.9758,66,2.41,0.9717,8,2.41,0.9717,2,2.415,0.9737,161,0
SPY190802C300,2019-07-31,2019-07-31 09:36:09,2.42,0.9758,59,2.41,0.9717,14,2.41,0.9717,2,2.415,0.9737,161,0
SPY190802C300,2019-07-31,2019-07-31 09:36:10,2.42,0.9758,57,2.4,0.9677,134,2.41,0.9717,2,2.41,0.9717,161,0
SPY190802C300,2019-07-31,2019-07-31 09:36:10,2.42,0.9758,61,2.4,0.9677,134,2.41,0.9717,2,2.41,0.9717,161,0
SPY190802C300,2019-07-31,2019-07-31 09:36:11,2.41,0.9717,11,2.4,0.9677,134,2.41,0.9717,2,2.405,0.9697,161,0
SPY190802C300,2019-07-31,2019-07-31 09:36:11,2.42,0.9758,67,2.4,0.9677,116,2.41,0.9717,2,2.41,0.9717,161,0
SPY190802C300,2019-07-31,2019-07-31 09:36:12,2.42,0.9758,25,2.4,0.9677,129,2.41,0.9717,2,2.41,0.9717,161,0
SPY190802C300,2019-07-31,2019-07-31 09:36:13,2.42,0.9758,27,2.41,0.9717,14,2.41,0.9717,2,2.415,0.9737,161,0
SPY190802C300,2019-07-31,2019-07-31 09:36:13,2.42,0.9758,21,2.4,0.9677,129,2.41,0.9717,2,2.41,0.9717,161,0
SPY190802C300,2019-07-31,2019-07-31 09:36:14,2.42,0.9758,1,2.41,0.9717,9,2.41,0.9717,2,2.415,0.9737,161,0
SPY190802C300,2019-07-31,2019-07-31 09:36:14,2.42,0.9758,21,2.4,0.9677,100,2.41,0.9717,2,2.41,0.9717,161,0
SPY190802C300,2019-07-31,2019-07-31 09:36:15,2.42,0.9758,1,2.41,0.9717,6,2.41,0.9717,2,2.415,0.9737,161,0
SPY190802C300,2019-07-31,2019-07-31 09:36:16,2.42,0.9758,8,2.41,0.9717,14,2.41,0.9717,2,2.415,0.9737,161,0
SPY190802C300,2019-07-31,2019-07-31 09:36:16,2.42,0.9758,8,2.41,0.9717,110,2.41,0.9717,2,2.415,0.9737,161,0
SPY190802C300,2019-07-31,2019-07-31 09:36:17,2.42,0.9758,1,2.41,0.9717,110,2.41,0.9717,2,2.415,0.9737,161,0
SPY190802C300,2019-07-31,2019-07-31 09:36:17,2.43,0.9798,6,2.42,0.9758,6,2.42,0.9758,1,2.425,0.9778,162,1
SPY190802C300,2019-07-31,2019-07-31 09:36:18,2.43,0.9798,14,2.42,0.9758,10,2.42,0.9758,1,2.425,0.9778,162,0
SPY190802C300,2019-07-31,2019-07-31 09:36:18,2.43,0.9798,26,2.42,0.9758,14,2.42,0.9758,1,2.425,0.9778,162,0
SPY190802C300,2019-07-31,2019-07-31 09:36:19,2.44,0.9838,75,2.42,0.9758,14,2.42,0.9758,1,2.43,0.9798,162,0
SPY190802C300,2019-07-31,2019-07-31 09:36:20,2.44,0.9838,73,2.43,0.9798,10,2.42,0.9758,1,2.435,0.9818,162,0
SPY190802C300,2019-07-31,2019-07-31 09:36:20,2.45,0.9879,21,2.43,0.9798,10,2.42,0.9758,1,2.44,0.9838,162,0
SPY190802C300,2019-07-31,2019-07-31 09:36:21,2.45,0.9879,21,2.44,0.9838,12,2.42,0.9758,1,2.445,0.9858,162,0
SPY190802C300,2019-07-31,2019-07-31 09:36:22,2.45,0.9879,24,2.44,0.9838,14,2.42,0.9758,1,2.445,0.9858,162,0
SPY190802C300,2019-07-31,2019-07-31 09:36:22,2.45,0.9879,21,2.44,0.9838,12,2.42,0.9758,1,2.445,0.9858,162,0
SPY190802C300,2019-07-31,2019-07-31 09:36:23,2.45,0.9879,24,2.43,0.9798,139,2.42,0.9758,1,2.44,0.9838,162,0
SPY190802C300,2019-07-31,2019-07-31 09:36:24,2.45,0.9879,70,2.43,0.9798,40,2.42,0.9758,1,2.44,0.9838,162,0
SPY190802C300,2019-07-31,2019-07-31 09:36:25,2.45,0.9879,72,2.43,0.9798,40,2.42,0.9758,1,2.44,0.9838,162,0
SPY190802C300,2019-07-31,2019-07-31 09:36:25,2.45,0.9879,66,2.43,0.9798,74,2.42,0.9758,1,2.44,0.9838,162,0
SPY190802C300,2019-07-31,2019-07-31 09:36:26,2.45,0.9879,66,2.44,0.9838,8,2.42,0.9758,1,2.445,0.9858,162,0
SPY190802C300,2019-07-31,2019-07-31 09:36:27,2.45,0.9879,66,2.43,0.9798,40,2.42,0.9758,1,2.44,0.9838,162,0
SPY190802C300,2019-07-31,2019-07-31 09:36:27,2.45,0.9879,66,2.43,0.9798,66,2.42,0.9758,1,2.44,0.9838,162,0
SPY190802C300,2019-07-31,2019-07-31 09:36:28,2.45,0.9879,66,2.43,0.9798,66,2.42,0.9758,1,2.44,0.9838,162,0
SPY190802C300,2019-07-31,2019-07-31 09:36:28,2.45,0.9879,21,2.43,0.9798,105,2.42,0.9758,1,2.44,0.9838,162,0
SPY190802C300,2019-07-31,2019-07-31 09:36:29,2.45,0.9879,21,2.43,0.9798,60,2.42,0.9758,1,2.44,0.9838,162,0
SPY190802C300,2019-07-31,2019-07-31 09:36:30,2.45,0.9879,27,2.44,0.9838,8,2.42,0.9758,1,2.445,0.9858,162,0
SPY190802C300,2019-07-31,2019-07-31 09:36:30,2.45,0.9879,59,2.43,0.9798,40,2.42,0.9758,1,2.44,0.9838,162,0
SPY190802C300,2019-07-31,2019-07-31 09:36:31,2.45,0.9879,59,2.43,0.9798,87,2.42,0.9758,1,2.44,0.9838,162,0
SPY190802C300,2019-07-31,2019-07-31 09:36:31,2.45,0.9879,59,2.43,0.9798,68,2.42,0.9758,1,2.44,0.9838,162,0
SPY190802C300,2019-07-31,2019-07-31 09:36:32,2.45,0.9879,65,2.43,0.9798,46,2.42,0.9758,1,2.44,0.9838,162,0
SPY190802C300,2019-07-31,2019-07-31 09:36:32,2.45,0.9879,59,2.43,0.9798,40,2.42,0.9758,1,2.44,0.9838,162,0
SPY190802C300,2019-07-31,2019-07-31 09:36:33,2.45,0.9879,67,2.44,0.9838,2,2.42,0.9758,1,2.445,0.9858,162,0
SPY190802C300,2019-07-31,2019-07-31 09:36:34,2.45,0.9879,61,2.43,0.9798,101,2.42,0.9758,1,2.44,0.9838,162,0
SPY190802C300,2019-07-31,2019-07-31 09:36:34,2.45,0.9879,67,2.44,0.9838,2,2.42,0.9758,1,2.445,0.9858,162,0
SPY190802C300,2019-07-31,2019-07-31 09:36:35,2.45,0.9879,61,2.43,0.9798,101,2.42,0.9758,1,2.44,0.9838,162,0
SPY190802C300,2019-07-31,2019-07-31 09:36:36,2.45,0.9879,73,2.43,0.9798,73,2.42,0.9758,1,2.44,0.9838,162,0
SPY190802C300,2019-07-31,2019-07-31 09:36:36,2.45,0.9879,107,2.43,0.9798,55,2.42,0.9758,1,2.44,0.9838,162,0
SPY190802C300,2019-07-31,2019-07-31 09:36:37,2.44,0.9838,17,2.42,0.9758,160,2.42,0.9758,1,2.43,0.9798,162,0
SPY190802C300,2019-07-31,2019-07-31 09:36:37,2.44,0.9838,17,2.43,0.9798,8,2.42,0.9758,1,2.435,0.9818,162,0
SPY190802C300,2019-07-31,2019-07-31 09:36:38,2.45,0.9879,67,2.43,0.9798,15,2.42,0.9758,1,2.44,0.9838,162,0
SPY190802C300,2019-07-31,2019-07-31 09:36:39,2.44,0.9838,19,2.42,0.9758,140,2.42,0.9758,1,2.43,0.9798,162,0
SPY190802C300,2019-07-31,2019-07-31 09:36:40,2.43,0.9798,8,2.42,0.9758,14,2.42,0.9758,1,2.425,0.9778,162,0
SPY190802C300,2019-07-31,2019-07-31 09:36:41,2.44,0.9838,73,2.42,0.9758,14,2.42,0.9758,1,2.43,0.9798,162,0
SPY190802C300,2019-07-31,2019-07-31 09:36:42,2.45,0.9879,10,2.43,0.9798,6,2.42,0.9758,1,2.44,0.9838,162,0
SPY190802C300,2019-07-31,2019-07-31 09:36:43,2.44,0.9838,48,2.42,0.9758,110,2.42,0.9758,1,2.43,0.9798,162,0
SPY190802C300,2019-07-31,2019-07-31 09:36:43,2.44,0.9838,67,2.42,0.9758,90,2.42,0.9758,1,2.43,0.9798,162,0
SPY190802C300,2019-07-31,2019-07-31 09:36:44,2.44,0.9838,48,2.42,0.9758,90,2.42,0.9758,1,2.43,0.9798,162,0
SPY190802C300,2019-07-31,2019-07-31 09:36:45,2.45,0.9879,32,2.43,0.9798,6,2.42,0.9758,1,2.44,0.9838,162,0
SPY190802C300,2019-07-31,2019-07-31 09:36:45,2.45,0.9879,26,2.42,0.9758,110,2.42,0.9758,1,2.435,0.9818,162,0
SPY190802C300,2019-07-31,2019-07-31 09:36:46,2.45,0.9879,23,2.43,0.9798,124,2.42,0.9758,1,2.44,0.9838,162,0
SPY190802C300,2019-07-31,2019-07-31 09:36:47,2.45,0.9879,65,2.43,0.9798,120,2.42,0.9758,1,2.44,0.9838,162,0
SPY190802C300,2019-07-31,2019-07-31 09:36:48,2.45,0.9879,11,2.43,0.9798,332,2.42,0.9758,1,2.44,0.9838,162,0
SPY190802C300,2019-07-31,2019-07-31 09:36:49,2.45,0.9879,65,2.43,0.9798,133,2.42,0.9758,1,2.44,0.9838,162,0
SPY190802C300,2019-07-31,2019-07-31 09:36:50,2.45,0.9879,40,2.43,0.9798,47,2.42,0.9758,1,2.44,0.9838,162,0
SPY190802C300,2019-07-31,2019-07-31 09:36:50,2.45,0.9879,65,2.43,0.9798,116,2.42,0.9758,1,2.44,0.9838,162,0
SPY190802C300,2019-07-31,2019-07-31 09:36:51,2.45,0.9879,48,2.43,0.9798,118,2.42,0.9758,1,2.44,0.9838,162,0
SPY190802C300,2019-07-31,2019-07-31 09:36:52,2.45,0.9879,16,2.43,0.9798,40,2.42,0.9758,1,2.44,0.9838,162,0
SPY190802C300,2019-07-31,2019-07-31 09:36:53,2.44,0.9838,8,2.43,0.9798,71,2.42,0.9758,1,2.435,0.9818,162,0
SPY190802C300,2019-07-31,2019-07-31 09:36:53,2.44,0.9838,30,2.42,0.9758,134,2.42,0.9758,1,2.43,0.9798,162,0
SPY190802C300,2019-07-31,2019-07-31 09:36:54,2.44,0.9838,8,2.43,0.9798,6,2.42,0.9758,1,2.435,0.9818,162,0
SPY190802C300,2019-07-31,2019-07-31 09:36:55,2.44,0.9838,22,2.42,0.9758,134,2.42,0.9758,1,2.43,0.9798,162,0
SPY190802C300,2019-07-31,2019-07-31 09:36:55,2.44,0.9838,22,2.42,0.9758,179,2.42,0.9758,1,2.43,0.9798,162,0
SPY190802C300,2019-07-31,2019-07-31 09:36:56,2.43,0.9798,2,2.42,0.9758,134,2.42,0.9758,1,2.425,0.9778,162,0
SPY190802C300,2019-07-31,2019-07-31 09:36:57,2.44,0.9838,156,2.42,0.9758,110,2.43,0.9798,2,2.43,0.9798,164,2
SPY190802C300,2019-07-31,2019-07-31 09:36:57,2.44,0.9838,156,2.42,0.9758,100,2.43,0.9798,2,2.43,0.9798,164,0
SPY190802C300,2019-07-31,2019-07-31 09:36:58,2.43,0.9798,6,2.42,0.9758,100,2.43,0.9798,2,2.425,0.9778,164,0
SPY190802C300,2019-07-31,2019-07-31 09:36:59,2.43,0.9798,27,2.42,0.9758,45,2.43,0.9798,2,2.425,0.9778,164,0
SPY190802C300,2019-07-31,2019-07-31 09:36:59,2.43,0.9798,27,2.42,0.9758,14,2.43,0.9798,2,2.425,0.9778,164,0
SPY190802C300,2019-07-31,2019-07-31 09:37:00,2.44,0.9838,27,2.42,0.9758,154,2.43,0.9798,2,2.43,0.9798,164,0
SPY190802C300,2019-07-31,2019-07-31 09:37:01,2.44,0.9838,2,2.43,0.9798,146,2.43,0.9798,2,2.435,0.9818,164,0
SPY190802C300,2019-07-31,2019-07-31 09:37:01,2.45,0.9879,21,2.43,0.9798,154,2.43,0.9798,2,2.44,0.9838,164,0
SPY190802C300,2019-07-31,2019-07-31 09:37:02,2.44,0.9838,32,2.43,0.9798,8,2.43,0.9798,2,2.435,0.9818,164,0
SPY190802C300,2019-07-31,2019-07-31 09:37:03,2.45,0.9879,61,2.43,0.9798,135,2.43,0.9798,2,2.44,0.9838,164,0
SPY190802C300,2019-07-31,2019-07-31 09:37:04,2.45,0.9879,61,2.43,0.9798,135,2.43,0.9798,2,2.44,0.9838,164,0
SPY190802C300,2019-07-31,2019-07-31 09:37:04,2.45,0.9879,61,2.44,0.9838,2,2.43,0.9798,2,2.445,0.9858,164,0
SPY190802C300,2019-07-31,2019-07-31 09:37:05,2.45,0.9879,61,2.44,0.9838,2,2.43,0.9798,2,2.445,0.9858,164,0
SPY190802C300,2019-07-31,2019-07-31 09:37:05,2.46,0.9919,161,2.43,0.9798,135,2.43,0.9798,2,2.445,0.9858,164,0
SPY190802C300,2019-07-31,2019-07-31 09:37:06,2.44,0.9838,21,2.43,0.9798,14,2.43,0.9798,2,2.435,0.9818,164,0
SPY190802C300,2019-07-31,2019-07-31 09:37:07,2.45,0.9879,73,2.43,0.9798,6,2.43,0.9798,2,2.44,0.9838,164,0
SPY190802C300,2019-07-31,2019-07-31 09:37:08,2.44,0.9838,21,2.42,0.9758,222,2.43,0.9798,2,2.43,0.9798,164,0
SPY190802C300,2019-07-31,2019-07-31 09:37:08,2.44,0.9838,11,2.43,0.9798,6,2.43,0.9798,2,2.435,0.9818,164,0
SPY190802C300,2019-07-31,2019-07-31 09:37:09,2.44,0.9838,21,2.43,0.9798,1,2.43,0.9798,2,2.435,0.9818,166,2
SPY190802C300,2019-07-31,2019-07-31 09:37:10,2.45,0.9879,6,2.44,0.9838,6,2.43,0.9798,2,2.445,0.9858,166,0
SPY190802C300,2019-07-31,2019-07-31 09:37:10,2.44,0.9838,26,2.42,0.9758,151,2.43,0.9798,2,2.43,0.9798,166,0
SPY190802C300,2019-07-31,2019-07-31 09:37:11,2.44,0.9838,1,2.43,0.9798,8,2.43,0.9798,2,2.435,0.9818,166,0
SPY190802C300,2019-07-31,2019-07-31 09:37:11,2.44,0.9838,1,2.43,0.9798,54,2.43,0.9798,2,2.435,0.9818,166,0
SPY190802C300,2019-07-31,2019-07-31 09:37:12,2.44,0.9838,1,2.43,0.9798,240,2.43,0.9798,2,2.435,0.9818,166,0
SPY190802C300,2019-07-31,2019-07-31 09:37:13,2.44,0.9838,1,2.43,0.9798,282,2.43,0.9798,2,2.435,0.9818,166,0
SPY190802C300,2019-07-31,2019-07-31 09:37:14,2.46,0.9919,161,2.44,0.9838,14,2.44,0.9838,1,2.45,0.9879,167,1
SPY190802C300,2019-07-31,2019-07-31 09:37:14,2.46,0.9919,93,2.44,0.9838,14,2.44,0.9838,1,2.45,0.9879,167,0
SPY190802C300,2019-07-31,2019-07-31 09:37:15,2.46,0.9919,93,2.44,0.9838,6,2.44,0.9838,1,2.45,0.9879,167,0
SPY190802C300,2019-07-31,2019-07-31 09:37:16,2.46,0.9919,121,2.44,0.9838,14,2.44,0.9838,1,2.45,0.9879,167,0
SPY190802C300,2019-07-31,2019-07-31 09:37:16,2.45,0.9879,6,2.44,0.9838,14,2.44,0.9838,1,2.445,0.9858,167,0
SPY190802C300,2019-07-31,2019-07-31 09:37:17,2.45,0.9879,121,2.43,0.9798,64,2.44,0.9838,1,2.44,0.9838,167,0
SPY190802C300,2019-07-31,2019-07-31 09:37:18,2.44,0.9838,6,2.43,0.9798,46,2.44,0.9838,1,2.435,0.9818,167,0
SPY190802C300,2019-07-31,2019-07-31 09:37:19,2.45,0.9879,145,2.43,0.9798,8,2.44,0.9838,1,2.44,0.9838,167,0
SPY190802C300,2019-07-31,2019-07-31 09:37:19,2.44,0.9838,26,2.43,0.9798,8,2.44,0.9838,1,2.435,0.9818,167,0
SPY190802C300,2019-07-31,2019-07-31 09:37:20,2.44,0.9838,14,2.43,0.9798,8,2.44,0.9838,1,2.435,0.9818,167,0
SPY190802C300,2019-07-31,2019-07-31 09:37:21,2.45,0.9879,84,2.43,0.9798,6,2.44,0.9838,1,2.44,0.9838,167,0
SPY190802C300,2019-07-31,2019-07-31 09:37:22,2.45,0.9879,259,2.43,0.9798,8,2.44,0.9838,1,2.44,0.9838,167,0
SPY190802C300,2019-07-31,2019-07-31 09:37:22,2.45,0.9879,190,2.43,0.9798,9,2.44,0.9838,1,2.44,0.9838,167,0
SPY190802C300,2019-07-31,2019-07-31 09:37:23,2.45,0.9879,290,2.43,0.9798,8,2.44,0.9838,1,2.44,0.9838,167,0
SPY190802C300,2019-07-31,2019-07-31 09:37:24,2.45,0.9879,216,2.43,0.9798,21,2.44,0.9838,1,2.44,0.9838,167,0
SPY190802C300,2019-07-31,2019-07-31 09:37:24,2.45,0.9879,6,2.43,0.9798,6,2.44,0.9838,1,2.44,0.9838,167,0
SPY190802C300,2019-07-31,2019-07-31 09:37:25,2.45,0.9879,111,2.43,0.9798,120,2.44,0.9838,1,2.44,0.9838,167,0
SPY190802C300,2019-07-31,2019-07-31 09:37:26,2.45,0.9879,53,2.43,0.9798,134,2.44,0.9838,1,2.44,0.9838,167,0
SPY190802C300,2019-07-31,2019-07-31 09:37:26,2.45,0.9879,25,2.44,0.9838,8,2.44,0.9838,1,2.445,0.9858,167,0
SPY190802C300,2019-07-31,2019-07-31 09:37:27,2.45,0.9879,190,2.43,0.9798,48,2.44,0.9838,1,2.44,0.9838,167,0
SPY190802C300,2019-07-31,2019-07-31 09:37:28,2.44,0.9838,6,2.43,0.9798,8,2.44,0.9838,1,2.435,0.9818,167,0
SPY190802C300,2019-07-31,2019-07-31 09:37:28,2.44,0.9838,26,2.42,0.9758,151,2.44,0.9838,1,2.43,0.9798,167,0
SPY190802C300,2019-07-31,2019-07-31 09:37:29,2.45,0.9879,264,2.42,0.9758,257,2.44,0.9838,1,2.435,0.9818,167,0
SPY190802C300,2019-07-31,2019-07-31 09:37:30,2.44,0.9838,28,2.42,0.9758,151,2.44,0.9838,1,2.43,0.9798,167,0
SPY190802C300,2019-07-31,2019-07-31 09:37:31,2.43,0.9798,21,2.41,0.9717,100,2.44,0.9838,1,2.42,0.9758,167,0
SPY190802C300,2019-07-31,2019-07-31 09:37:31,2.44,0.9838,234,2.42,0.9758,6,2.44,0.9838,1,2.43,0.9798,167,0
SPY190802C300,2019-07-31,2019-07-31 09:37:32,2.44,0.9838,187,2.42,0.9758,8,2.44,0.9838,1,2.43,0.9798,167,0
SPY190802C300,2019-07-31,2019-07-31 09:37:33,2.44,0.9838,150,2.42,0.9758,183,2.44,0.9838,1,2.43,0.9798,167,0
SPY190802C300,2019-07-31,2019-07-31 09:37:33,2.44,0.9838,187,2.42,0.9758,5,2.44,0.9838,1,2.43,0.9798,167,0
SPY190802C300,2019-07-31,2019-07-31 09:37:34,2.45,0.9879,329,2.42,0.9758,183,2.44,0.9838,1,2.435,0.9818,167,0
SPY190802C300,2019-07-31,2019-07-31 09:37:35,2.45,0.9879,194,2.44,0.9838,6,2.44,0.9838,1,2.445,0.9858,167,0
SPY190802C300,2019-07-31,2019-07-31 09:37:36,2.46,0.9919,74,2.44,0.9838,103,2.44,0.9838,1,2.45,0.9879,167,0
SPY190802C300,2019-07-31,2019-07-31 09:37:37,2.46,0.9919,96,2.44,0.9838,6,2.44,0.9838,1,2.45,0.9879,167,0
SPY190802C300,2019-07-31,2019-07-31 09:37:38,2.45,0.9879,61,2.43,0.9798,26,2.44,0.9838,1,2.44,0.9838,167,0
SPY190802C300,2019-07-31,2019-07-31 09:37:39,2.45,0.9879,44,2.43,0.9798,134,2.44,0.9838,1,2.44,0.9838,167,0
SPY190802C300,2019-07-31,2019-07-31 09:37:39,2.45,0.9879,206,2.43,0.9798,12,2.44,0.9838,1,2.44,0.9838,167,0
SPY190802C300,2019-07-31,2019-07-31 09:37:40,2.45,0.9879,44,2.44,0.9838,14,2.44,0.9838,1,2.445,0.9858,167,0
SPY190802C300,2019-07-31,2019-07-31 09:37:41,2.46,0.9919,255,2.44,0.9838,6,2.44,0.9838,1,2.45,0.9879,167,0
SPY190802C300,2019-07-31,2019-07-31 09:37:41,2.46,0.9919,255,2.44,0.9838,12,2.44,0.9838,1,2.45,0.9879,167,0
SPY190802C300,2019-07-31,2019-07-31 09:37:42,2.46,0.9919,255,2.44,0.9838,12,2.44,0.9838,1,2.45,0.9879,167,0
SPY190802C300,2019-07-31,2019-07-31 09:37:43,2.47,0.9959,250,2.45,0.9879,90,2.44,0.9838,1,2.46,0.9919,167,0
SPY190802C300,2019-07-31,2019-07-31 09:37:43,2.46,0.9919,28,2.45,0.9879,6,2.44,0.9838,1,2.455,0.9899,167,0
SPY190802C300,2019-07-31,2019-07-31 09:37:44,2.47,0.9959,250,2.46,0.9919,6,2.44,0.9838,1,2.465,0.9939,167,0
SPY190802C300,2019-07-31,2019-07-31 09:37:45,2.47,0.9959,250,2.46,0.9919,6,2.44,0.9838,1,2.465,0.9939,167,0
SPY190802C300,2019-07-31,2019-07-31 09:37:46,2.47,0.9959,80,2.45,0.9879,90,2.44,0.9838,1,2.46,0.9919,167,0
SPY190802C300,2019-07-31,2019-07-31 09:37:46,2.47,0.9959,61,2.45,0.9879,90,2.44,0.9838,1,2.46,0.9919,167,0
SPY190802C300,2019-07-31,2019-07-31 09:37:47,2.47,0.9959,78,2.45,0.9879,90,2.44,0.9838,1,2.46,0.9919,167,0
SPY190802C300,2019-07-31,2019-07-31 09:37:48,2.47,0.9959,155,2.45,0.9879,40,2.44,0.9838,1,2.46,0.9919,167,0
SPY190802C300,2019-07-31,2019-07-31 09:37:48,2.47,0.9959,195,2.45,0.9879,35,2.44,0.9838,1,2.46,0.9919,167,0
SPY190802C300,2019-07-31,2019-07-31 09:37:49,2.47,0.9959,195,2.45,0.9879,91,2.44,0.9838,1,2.46,0.9919,167,0
SPY190802C300,2019-07-31,2019-07-31 09:37:50,2.47,0.9959,195,2.45,0.9879,91,2.44,0.9838,1,2.46,0.9919,167,0
SPY190802C300,2019-07-31,2019-07-31 09:37:50,2.47,0.9959,95,2.45,0.9879,116,2.44,0.9838,1,2.46,0.9919,167,0
SPY190802C300,2019-07-31,2019-07-31 09:37:51,2.47,0.9959,21,2.45,0.9879,260,2.44,0.9838,1,2.46,0.9919,167,0
SPY190802C300,2019-07-31,2019-07-31 09:37:51,2.47,0.9959,21,2.45,0.9879,116,2.44,0.9838,1,2.46,0.9919,167,0
SPY190802C300,2019-07-31,2019-07-31 09:37:53,2.47,0.9959,21,2.46,0.9919,2,2.44,0.9838,1,2.465,0.9939,167,0
SPY190802C300,2019-07-31,2019-07-31 09:37:53,2.48,1.0,270,2.46,0.9919,8,2.44,0.9838,1,2.47,0.9959,167,0
SPY190802C300,2019-07-31,2019-07-31 09:37:54,2.47,0.9959,6,2.45,0.9879,102,2.44,0.9838,1,2.46,0.9919,167,0
SPY190802C300,2019-07-31,2019-07-31 09:37:55,2.47,0.9959,6,2.46,0.9919,6,2.44,0.9838,1,2.465,0.9939,167,0
SPY190802C300,2019-07-31,2019-07-31 09:37:56,2.47,0.9959,6,2.45,0.9879,150,2.44,0.9838,1,2.46,0.9919,167,0
SPY190802C300,2019-07-31,2019-07-31 09:37:57,2.47,0.9959,15,2.45,0.9879,116,2.44,0.9838,1,2.46,0.9919,167,0
SPY190802C300,2019-07-31,2019-07-31 09:37:58,2.47,0.9959,72,2.46,0.9919,5,2.44,0.9838,1,2.465,0.9939,167,0
SPY190802C300,2019-07-31,2019-07-31 09:37:59,2.47,0.9959,107,2.46,0.9919,5,2.44,0.9838,1,2.465,0.9939,167,0
SPY190802C300,2019-07-31,2019-07-31 09:38:00,2.48,1.0,329,2.46,0.9919,5,2.44,0.9838,1,2.47,0.9959,167,0
SPY190802C300,2019-07-31,2019-07-31 09:38:01,2.46,0.9919,1,2.45,0.9879,6,2.46,0.9919,5,2.455,0.9899,172,5
SPY190802C300,2019-07-31,2019-07-31 09:38:02,2.46,0.9919,1,2.44,0.9838,284,2.46,0.9919,5,2.45,0.9879,172,0
SPY190802C300,2019-07-31,2019-07-31 09:38:03,2.48,1.0,300,2.46,0.9919,6,2.46,0.9919,5,2.47,0.9959,172,0
SPY190802C300,2019-07-31,2019-07-31 09:38:04,2.48,1.0,300,2.46,0.9919,14,2.46,0.9919,5,2.47,0.9959,172,0
SPY190802C300,2019-07-31,2019-07-31 09:38:04,2.48,1.0,246,2.46,0.9919,6,2.46,0.9919,5,2.47,0.9959,172,0
SPY190802C300,2019-07-31,2019-07-31 09:38:05,2.48,1.0,242,2.46,0.9919,83,2.46,0.9919,5,2.47,0.9959,172,0
SPY190802C300,2019-07-31,2019-07-31 09:38:06,2.48,1.0,137,2.46,0.9919,104,2.46,0.9919,5,2.47,0.9959,172,0
SPY190802C300,2019-07-31,2019-07-31 09:38:07,2.48,1.0,142,2.47,0.9959,2,2.46,0.9919,5,2.475,0.9979,172,0
SPY190802C300,2019-07-31,2019-07-31 09:38:08,2.48,1.0,203,2.46,0.9919,40,2.46,0.9919,5,2.47,0.9959,172,0
SPY190802C300,2019-07-31,2019-07-31 09:38:08,2.48,1.0,92,2.46,0.9919,40,2.46,0.9919,5,2.47,0.9959,172,0
SPY190802C300,2019-07-31,2019-07-31 09:38:09,2.48,1.0,203,2.45,0.9879,154,2.46,0.9919,5,2.465,0.9939,172,0
SPY190802C300,2019-07-31,2019-07-31 09:38:10,2.48,1.0,203,2.45,0.9879,194,2.46,0.9919,5,2.465,0.9939,172,0
SPY190802C300,2019-07-31,2019-07-31 09:38:10,2.48,1.0,203,2.46,0.9919,14,2.46,0.9919,5,2.47,0.9959,172,0
SPY190802C300,2019-07-31,2019-07-31 09:38:11,2.47,0.9959,21,2.45,0.9879,154,2.46,0.9919,5,2.46,0.9919,172,0
SPY190802C300,2019-07-31,2019-07-31 09:38:11,2.48,1.0,203,2.45,0.9879,154,2.46,0.9919,5,2.465,0.9939,172,0
SPY190802C300,2019-07-31,2019-07-31 09:38:12,2.47,0.9959,21,2.45,0.9879,154,2.46,0.9919,5,2.46,0.9919,172,0
SPY190802C300,2019-07-31,2019-07-31 09:38:13,2.48,1.0,50,2.46,0.9919,84,2.46,0.9919,5,2.47,0.9959,172,0
SPY190802C300,2019-07-31,2019-07-31 09:38:14,2.48,1.0,50,2.46,0.9919,93,2.46,0.9919,5,2.47,0.9959,172,0
SPY190802C300,2019-07-31,2019-07-31 09:38:14,2.48,1.0,101,2.46,0.9919,53,2.46,0.9919,5,2.47,0.9959,172,0
SPY190802C300,2019-07-31,2019-07-31 09:38:15,2.48,1.0,109,2.46,0.9919,101,2.46,0.9919,5,2.47,0.9959,172,0
SPY190802C300,2019-07-31,2019-07-31 09:38:16,2.48,1.0,109,2.46,0.9919,101,2.46,0.9919,5,2.47,0.9959,172,0
SPY190802C300,2019-07-31,2019-07-31 09:38:16,2.48,1.0,28,2.46,0.9919,101,2.46,0.9919,5,2.47,0.9959,172,0
SPY190802C300,2019-07-31,2019-07-31 09:38:17,2.48,1.0,27,2.46,0.9919,101,2.46,0.9919,5,2.47,0.9959,172,0
SPY190802C300,2019-07-31,2019-07-31 09:38:18,2.48,1.0,59,2.46,0.9919,110,2.46,0.9919,5,2.47,0.9959,172,0
SPY190802C300,2019-07-31,2019-07-31 09:38:18,2.48,1.0,21,2.47,0.9959,2,2.46,0.9919,5,2.475,0.9979,172,0
SPY190802C300,2019-07-31,2019-07-31 09:38:19,2.48,1.0,6,2.47,0.9959,8,2.46,0.9919,5,2.475,0.9979,172,0
SPY190802C300,2019-07-31,2019-07-31 09:38:20,2.49,1.004,329,2.47,0.9959,8,2.46,0.9919,5,2.48,1.0,172,0
SPY190802C300,2019-07-31,2019-07-31 09:38:20,2.48,1.0,103,2.46,0.9919,36,2.46,0.9919,5,2.47,0.9959,172,0
SPY190802C300,2019-07-31,2019-07-31 09:38:21,2.48,1.0,103,2.46,0.9919,6,2.46,0.9919,5,2.47,0.9959,172,0
SPY190802C300,2019-07-31,2019-07-31 09:38:22,2.49,1.004,212,2.47,0.9959,6,2.46,0.9919,5,2.48,1.0,172,0
SPY190802C300,2019-07-31,2019-07-31 09:38:23,2.48,1.0,21,2.47,0.9959,46,2.46,0.9919,5,2.475,0.9979,172,0
SPY190802C300,2019-07-31,2019-07-31 09:38:23,2.48,1.0,21,2.47,0.9959,48,2.46,0.9919,5,2.475,0.9979,172,0
SPY190802C300,2019-07-31,2019-07-31 09:38:24,2.49,1.004,214,2.47,0.9959,52,2.46,0.9919,5,2.48,1.0,172,0
SPY190802C300,2019-07-31,2019-07-31 09:38:25,2.49,1.004,155,2.47,0.9959,48,2.46,0.9919,5,2.48,1.0,172,0
SPY190802C300,2019-07-31,2019-07-31 09:38:25,2.49,1.004,121,2.47,0.9959,48,2.46,0.9919,5,2.48,1.0,172,0
SPY190802C300,2019-07-31,2019-07-31 09:38:26,2.49,1.004,155,2.47,0.9959,74,2.46,0.9919,5,2.48,1.0,172,0
SPY190802C300,2019-07-31,2019-07-31 09:38:27,2.49,1.004,155,2.47,0.9959,66,2.46,0.9919,5,2.48,1.0,172,0
SPY190802C300,2019-07-31,2019-07-31 09:38:28,2.49,1.004,155,2.47,0.9959,55,2.46,0.9919,5,2.48,1.0,172,0
SPY190802C300,2019-07-31,2019-07-31 09:38:29,2.49,1.004,155,2.47,0.9959,46,2.46,0.9919,5,2.48,1.0,172,0
SPY190802C300,2019-07-31,2019-07-31 09:38:29,2.49,1.004,255,2.47,0.9959,66,2.46,0.9919,5,2.48,1.0,172,0
SPY190802C300,2019-07-31,2019-07-31 09:38:30,2.49,1.004,155,2.47,0.9959,73,2.46,0.9919,5,2.48,1.0,172,0
SPY190802C300,2019-07-31,2019-07-31 09:38:31,2.49,1.004,155,2.48,1.0,2,2.46,0.9919,5,2.485,1.002,172,0
SPY190802C300,2019-07-31,2019-07-31 09:38:32,2.48,1.0,4,2.47,0.9959,52,2.46,0.9919,5,2.475,0.9979,172,0
SPY190802C300,2019-07-31,2019-07-31 09:38:32,2.49,1.004,155,2.47,0.9959,14,2.46,0.9919,5,2.48,1.0,172,0
SPY190802C300,2019-07-31,2019-07-31 09:38:33,2.49,1.004,121,2.47,0.9959,46,2.46,0.9919,5,2.48,1.0,172,0
SPY190802C300,2019-07-31,2019-07-31 09:38:33,2.49,1.004,155,2.47,0.9959,14,2.46,0.9919,5,2.48,1.0,172,0
SPY190802C300,2019-07-31,2019-07-31 09:38:34,2.48,1.0,10,2.46,0.9919,147,2.46,0.9919,5,2.47,0.9959,172,0
SPY190802C300,2019-07-31,2019-07-31 09:38:35,2.49,1.004,10,2.48,1.0,6,2.46,0.9919,5,2.485,1.002,172,0
SPY190802C300,2019-07-31,2019-07-31 09:38:35,2.49,1.004,10,2.48,1.0,14,2.46,0.9919,5,2.485,1.002,172,0
SPY190802C300,2019-07-31,2019-07-31 09:38:36,2.49,1.004,10,2.48,1.0,14,2.46,0.9919,5,2.485,1.002,172,0
SPY190802C300,2019-07-31,2019-07-31 09:38:37,2.49,1.004,21,2.47,0.9959,46,2.46,0.9919,5,2.48,1.0,172,0
SPY190802C300,2019-07-31,2019-07-31 09:38:37,2.49,1.004,4,2.48,1.0,6,2.46,0.9919,5,2.485,1.002,172,0
SPY190802C300,2019-07-31,2019-07-31 09:38:38,2.49,1.004,151,2.47,0.9959,70,2.46,0.9919,5,2.48,1.0,172,0
SPY190802C300,2019-07-31,2019-07-31 09:38:39,2.49,1.004,151,2.47,0.9959,70,2.46,0.9919,5,2.48,1.0,172,0
SPY190802C300,2019-07-31,2019-07-31 09:38:40,2.49,1.004,151,2.47,0.9959,6,2.46,0.9919,5,2.48,1.0,172,0
SPY190802C300,2019-07-31,2019-07-31 09:38:40,2.49,1.004,151,2.47,0.9959,14,2.46,0.9919,5,2.48,1.0,172,0
SPY190802C300,2019-07-31,2019-07-31 09:38:41,2.48,1.0,6,2.47,0.9959,6,2.46,0.9919,5,2.475,0.9979,172,0
SPY190802C300,2019-07-31,2019-07-31 09:38:42,2.49,1.004,250,2.47,0.9959,1,2.47,0.9959,5,2.48,1.0,177,5
SPY190802C300,2019-07-31,2019-07-31 09:38:43,2.48,1.0,121,2.46,0.9919,154,2.47,0.9959,5,2.47,0.9959,177,0
SPY190802C300,2019-07-31,2019-07-31 09:38:44,2.48,1.0,121,2.47,0.9959,2,2.47,0.9959,5,2.475,0.9979,177,0
SPY190802C300,2019-07-31,2019-07-31 09:38:45,2.48,1.0,6,2.47,0.9959,2,2.47,0.9959,5,2.475,0.9979,177,0
SPY190802C300,2019-07-31,2019-07-31 09:38:45,2.48,1.0,13,2.46,0.9919,154,2.47,0.9959,5,2.47,0.9959,177,0
SPY190802C300,2019-07-31,2019-07-31 09:38:46,2.48,1.0,84,2.46,0.9919,149,2.47,0.9959,5,2.47,0.9959,177,0
SPY190802C300,2019-07-31,2019-07-31 09:38:47,2.48,1.0,213,2.45,0.9879,148,2.47,0.9959,5,2.465,0.9939,177,0
SPY190802C300,2019-07-31,2019-07-31 09:38:48,2.48,1.0,198,2.46,0.9919,46,2.47,0.9959,5,2.47,0.9959,177,0
SPY190802C300,2019-07-31,2019-07-31 09:38:48,2.48,1.0,213,2.46,0.9919,6,2.47,0.9959,5,2.47,0.9959,177,0
SPY190802C300,2019-07-31,2019-07-31 09:38:49,2.48,1.0,291,2.46,0.9919,46,2.47,0.9959,5,2.47,0.9959,177,0
SPY190802C300,2019-07-31,2019-07-31 09:38:50,2.48,1.0,198,2.46,0.9919,29,2.47,0.9959,3,2.47,0.9959,183,6
SPY190802C300,2019-07-31,2019-07-31 09:38:51,2.47,0.9959,6,2.46,0.9919,6,2.47,0.9959,3,2.465,0.9939,183,0
SPY190802C300,2019-07-31,2019-07-31 09:38:52,2.47,0.9959,6,2.46,0.9919,8,2.47,0.9959,3,2.465,0.9939,183,0
SPY190802C300,2019-07-31,2019-07-31 09:38:52,2.47,0.9959,121,2.45,0.9879,154,2.47,0.9959,3,2.46,0.9919,183,0
SPY190802C300,2019-07-31,2019-07-31 09:38:53,2.46,0.9919,26,2.44,0.9838,134,2.47,0.9959,3,2.45,0.9879,183,0
SPY190802C300,2019-07-31,2019-07-31 09:38:54,2.46,0.9919,21,2.45,0.9879,12,2.47,0.9959,3,2.455,0.9899,183,0
SPY190802C300,2019-07-31,2019-07-31 09:38:55,2.46,0.9919,25,2.44,0.9838,134,2.47,0.9959,3,2.45,0.9879,183,0
SPY190802C300,2019-07-31,2019-07-31 09:38:55,2.46,0.9919,21,2.45,0.9879,8,2.47,0.9959,3,2.455,0.9899,183,0
SPY190802C300,2019-07-31,2019-07-31 09:38:56,2.46,0.9919,25,2.45,0.9879,8,2.47,0.9959,3,2.455,0.9899,183,0
SPY190802C300,2019-07-31,2019-07-31 09:38:57,2.45,0.9879,195,2.43,0.9798,55,2.47,0.9959,3,2.44,0.9838,183,0
SPY190802C300,2019-07-31,2019-07-31 09:38:57,2.46,0.9919,25,2.44,0.9838,112,2.47,0.9959,3,2.45,0.9879,183,0
SPY190802C300,2019-07-31,2019-07-31 09:38:58,2.45,0.9879,211,2.43,0.9798,6,2.47,0.9959,3,2.44,0.9838,183,0
SPY190802C300,2019-07-31,2019-07-31 09:38:59,2.45,0.9879,211,2.43,0.9798,14,2.47,0.9959,3,2.44,0.9838,183,0
SPY190802C300,2019-07-31,2019-07-31 09:39:00,2.45,0.9879,211,2.44,0.9838,2,2.47,0.9959,3,2.445,0.9858,183,0
SPY190802C300,2019-07-31,2019-07-31 09:39:01,2.45,0.9879,211,2.43,0.9798,6,2.47,0.9959,3,2.44,0.9838,183,0
SPY190802C300,2019-07-31,2019-07-31 09:39:02,2.45,0.9879,267,2.43,0.9798,8,2.47,0.9959,3,2.44,0.9838,183,0
SPY190802C300,2019-07-31,2019-07-31 09:39:02,2.44,0.9838,1,2.43,0.9798,21,2.47,0.9959,3,2.435,0.9818,183,0
SPY190802C300,2019-07-31,2019-07-31 09:39:03,2.45,0.9879,221,2.42,0.9758,193,2.47,0.9959,3,2.435,0.9818,183,0
SPY190802C300,2019-07-31,2019-07-31 09:39:04,2.45,0.9879,221,2.42,0.9758,193,2.47,0.9959,3,2.435,0.9818,183,0
SPY190802C300,2019-07-31,2019-07-31 09:39:04,2.44,0.9838,22,2.42,0.9758,193,2.47,0.9959,3,2.43,0.9798,183,0
SPY190802C300,2019-07-31,2019-07-31 09:39:05,2.44,0.9838,2,2.43,0.9798,6,2.47,0.9959,3,2.435,0.9818,183,0
SPY190802C300,2019-07-31,2019-07-31 09:39:06,2.44,0.9838,2,2.43,0.9798,9,2.47,0.9959,3,2.435,0.9818,183,0
SPY190802C300,2019-07-31,2019-07-31 09:39:07,2.44,0.9838,33,2.43,0.9798,8,2.47,0.9959,3,2.435,0.9818,183,0
SPY190802C300,2019-07-31,2019-07-31 09:39:08,2.44,0.9838,14,2.43,0.9798,14,2.47,0.9959,3,2.435,0.9818,183,0
SPY190802C300,2019-07-31,2019-07-31 09:39:09,2.44,0.9838,8,2.43,0.9798,14,2.47,0.9959,3,2.435,0.9818,183,0
SPY190802C300,2019-07-31,2019-07-31 09:39:09,2.44,0.9838,19,2.43,0.9798,6,2.47,0.9959,3,2.435,0.9818,183,0
SPY190802C300,2019-07-31,2019-07-31 09:39:10,2.44,0.9838,8,2.43,0.9798,14,2.47,0.9959,3,2.435,0.9818,183,0
SPY190802C300,2019-07-31,2019-07-31 09:39:11,2.44,0.9838,8,2.43,0.9798,6,2.47,0.9959,3,2.435,0.9818,183,0
SPY190802C300,2019-07-31,2019-07-31 09:39:12,2.44,0.9838,8,2.43,0.9798,14,2.47,0.9959,3,2.435,0.9818,183,0
SPY190802C300,2019-07-31,2019-07-31 09:39:13,2.44,0.9838,8,2.43,0.9798,6,2.47,0.9959,3,2.435,0.9818,183,0
SPY190802C300,2019-07-31,2019-07-31 09:39:14,2.45,0.9879,1,2.43,0.9798,9,2.47,0.9959,3,2.44,0.9838,183,0
SPY190802C300,2019-07-31,2019-07-31 09:39:14,2.44,0.9838,8,2.43,0.9798,6,2.47,0.9959,3,2.435,0.9818,183,0
SPY190802C300,2019-07-31,2019-07-31 09:39:15,2.45,0.9879,10,2.44,0.9838,6,2.47,0.9959,3,2.445,0.9858,183,0
SPY190802C300,2019-07-31,2019-07-31 09:39:15,2.46,0.9919,255,2.44,0.9838,13,2.47,0.9959,3,2.45,0.9879,183,0
SPY190802C300,2019-07-31,2019-07-31 09:39:16,2.47,0.9959,111,2.45,0.9879,6,2.47,0.9959,3,2.46,0.9919,183,0
SPY190802C300,2019-07-31,2019-07-31 09:39:17,2.46,0.9919,74,2.45,0.9879,2,2.47,0.9959,3,2.455,0.9899,183,0
SPY190802C300,2019-07-31,2019-07-31 09:39:18,2.47,0.9959,44,2.45,0.9879,109,2.47,0.9959,3,2.46,0.9919,183,0
SPY190802C300,2019-07-31,2019-07-31 09:39:18,2.46,0.9919,19,2.45,0.9879,6,2.47,0.9959,3,2.455,0.9899,183,0
SPY190802C300,2019-07-31,2019-07-31 09:39:19,2.47,0.9959,140,2.45,0.9879,129,2.47,0.9959,3,2.46,0.9919,183,0
SPY190802C300,2019-07-31,2019-07-31 09:39:19,2.47,0.9959,129,2.44,0.9838,6,2.47,0.9959,3,2.455,0.9899,183,0
SPY190802C300,2019-07-31,2019-07-31 09:39:20,2.47,0.9959,121,2.45,0.9879,94,2.47,0.9959,3,2.46,0.9919,183,0
SPY190802C300,2019-07-31,2019-07-31 09:39:21,2.46,0.9919,8,2.45,0.9879,94,2.47,0.9959,3,2.455,0.9899,183,0
SPY190802C300,2019-07-31,2019-07-31 09:39:21,2.46,0.9919,40,2.45,0.9879,120,2.47,0.9959,3,2.455,0.9899,183,0
SPY190802C300,2019-07-31,2019-07-31 09:39:22,2.46,0.9919,98,2.44,0.9838,81,2.47,0.9959,3,2.45,0.9879,183,0
SPY190802C300,2019-07-31,2019-07-31 09:39:23,2.45,0.9879,8,2.44,0.9838,14,2.47,0.9959,3,2.445,0.9858,183,0
SPY190802C300,2019-07-31,2019-07-31 09:39:23,2.45,0.9879,33,2.44,0.9838,2,2.47,0.9959,3,2.445,0.9858,183,0
SPY190802C300,2019-07-31,2019-07-31 09:39:24,2.45,0.9879,21,2.44,0.9838,6,2.47,0.9959,3,2.445,0.9858,183,0
SPY190802C300,2019-07-31,2019-07-31 09:39:25,2.45,0.9879,91,2.44,0.9838,6,2.47,0.9959,3,2.445,0.9858,183,0
SPY190802C300,2019-07-31,2019-07-31 09:39:25,2.45,0.9879,109,2.43,0.9798,6,2.47,0.9959,3,2.44,0.9838,183,0
SPY190802C300,2019-07-31,2019-07-31 09:39:26,2.44,0.9838,121,2.43,0.9798,6,2.47,0.9959,3,2.435,0.9818,183,0
SPY190802C300,2019-07-31,2019-07-31 09:39:27,2.44,0.9838,121,2.43,0.9798,6,2.47,0.9959,3,2.435,0.9818,183,0
SPY190802C300,2019-07-31,2019-07-31 09:39:28,2.44,0.9838,29,2.43,0.9798,6,2.47,0.9959,3,2.435,0.9818,183,0
SPY190802C300,2019-07-31,2019-07-31 09:39:29,2.45,0.9879,255,2.43,0.9798,6,2.47,0.9959,3,2.44,0.9838,183,0
SPY190802C300,2019-07-31,2019-07-31 09:39:30,2.45,0.9879,255,2.43,0.9798,6,2.47,0.9959,3,2.44,0.9838,183,0
SPY190802C300,2019-07-31,2019-07-31 09:39:31,2.44,0.9838,8,2.43,0.9798,14,2.47,0.9959,3,2.435,0.9818,183,0
SPY190802C300,2019-07-31,2019-07-31 09:39:32,2.46,0.9919,245,2.44,0.9838,9,2.47,0.9959,3,2.45,0.9879,183,0
SPY190802C300,2019-07-31,2019-07-31 09:39:32,2.45,0.9879,250,2.43,0.9798,6,2.47,0.9959,3,2.44,0.9838,183,0
SPY190802C300,2019-07-31,2019-07-31 09:39:34,2.45,0.9879,8,2.44,0.9838,14,2.47,0.9959,3,2.445,0.9858,183,0
SPY190802C300,2019-07-31,2019-07-31 09:39:34,2.45,0.9879,27,2.44,0.9838,14,2.47,0.9959,3,2.445,0.9858,183,0
SPY190802C300,2019-07-31,2019-07-31 09:39:35,2.46,0.9919,255,2.44,0.9838,6,2.47,0.9959,3,2.45,0.9879,183,0
SPY190802C300,2019-07-31,2019-07-31 09:39:36,2.45,0.9879,199,2.43,0.9798,6,2.47,0.9959,3,2.44,0.9838,183,0
SPY190802C300,2019-07-31,2019-07-31 09:39:37,2.45,0.9879,7,2.43,0.9798,6,2.47,0.9959,3,2.44,0.9838,183,0
SPY190802C300,2019-07-31,2019-07-31 09:39:37,2.44,0.9838,2,2.43,0.9798,73,2.47,0.9959,3,2.435,0.9818,183,0
SPY190802C300,2019-07-31,2019-07-31 09:39:38,2.44,0.9838,8,2.43,0.9798,8,2.47,0.9959,3,2.435,0.9818,183,0
SPY190802C300,2019-07-31,2019-07-31 09:39:39,2.44,0.9838,8,2.43,0.9798,8,2.47,0.9959,3,2.435,0.9818,183,0
SPY190802C300,2019-07-31,2019-07-31 09:39:39,2.44,0.9838,21,2.43,0.9798,6,2.47,0.9959,3,2.435,0.9818,183,0
SPY190802C300,2019-07-31,2019-07-31 09:39:40,2.44,0.9838,21,2.43,0.9798,6,2.47,0.9959,3,2.435,0.9818,183,0
SPY190802C300,2019-07-31,2019-07-31 09:39:41,2.44,0.9838,21,2.43,0.9798,6,2.47,0.9959,3,2.435,0.9818,183,0
SPY190802C300,2019-07-31,2019-07-31 09:39:42,2.44,0.9838,26,2.42,0.9758,151,2.47,0.9959,3,2.43,0.9798,183,0
SPY190802C300,2019-07-31,2019-07-31 09:39:42,2.44,0.9838,41,2.43,0.9798,6,2.47,0.9959,3,2.435,0.9818,183,0
SPY190802C300,2019-07-31,2019-07-31 09:39:43,2.44,0.9838,38,2.43,0.9798,6,2.47,0.9959,3,2.435,0.9818,183,0
SPY190802C300,2019-07-31,2019-07-31 09:39:44,2.44,0.9838,38,2.43,0.9798,6,2.47,0.9959,3,2.435,0.9818,183,0
SPY190802C300,2019-07-31,2019-07-31 09:39:44,2.44,0.9838,38,2.43,0.9798,30,2.47,0.9959,3,2.435,0.9818,183,0
SPY190802C300,2019-07-31,2019-07-31 09:39:45,2.44,0.9838,38,2.42,0.9758,154,2.47,0.9959,3,2.43,0.9798,183,0
SPY190802C300,2019-07-31,2019-07-31 09:39:46,2.44,0.9838,38,2.43,0.9798,10,2.47,0.9959,3,2.435,0.9818,183,0
SPY190802C300,2019-07-31,2019-07-31 09:39:46,2.44,0.9838,38,2.42,0.9758,154,2.47,0.9959,3,2.43,0.9798,183,0
SPY190802C300,2019-07-31,2019-07-31 09:39:47,2.44,0.9838,20,2.43,0.9798,73,2.47,0.9959,3,2.435,0.9818,183,0
SPY190802C300,2019-07-31,2019-07-31 09:39:48,2.44,0.9838,37,2.43,0.9798,73,2.47,0.9959,3,2.435,0.9818,183,0
SPY190802C300,2019-07-31,2019-07-31 09:39:49,2.44,0.9838,20,2.42,0.9758,222,2.47,0.9959,3,2.43,0.9798,183,0
SPY190802C300,2019-07-31,2019-07-31 09:39:49,2.44,0.9838,20,2.43,0.9798,14,2.47,0.9959,3,2.435,0.9818,183,0
SPY190802C300,2019-07-31,2019-07-31 09:39:50,2.44,0.9838,20,2.43,0.9798,125,2.47,0.9959,3,2.435,0.9818,183,0
SPY190802C300,2019-07-31,2019-07-31 09:39:51,2.44,0.9838,20,2.43,0.9798,145,2.47,0.9959,3,2.435,0.9818,183,0
SPY190802C300,2019-07-31,2019-07-31 09:39:51,2.44,0.9838,20,2.43,0.9798,131,2.47,0.9959,3,2.435,0.9818,183,0
SPY190802C300,2019-07-31,2019-07-31 09:39:52,2.44,0.9838,20,2.43,0.9798,125,2.47,0.9959,3,2.435,0.9818,183,0
SPY190802C300,2019-07-31,2019-07-31 09:39:53,2.44,0.9838,20,2.43,0.9798,125,2.47,0.9959,3,2.435,0.9818,183,0
SPY190802C300,2019-07-31,2019-07-31 09:39:54,2.44,0.9838,20,2.43,0.9798,145,2.47,0.9959,3,2.435,0.9818,183,0
SPY190802C300,2019-07-31,2019-07-31 09:39:55,2.44,0.9838,20,2.43,0.9798,120,2.47,0.9959,3,2.435,0.9818,183,0
SPY190802C300,2019-07-31,2019-07-31 09:39:56,2.44,0.9838,20,2.43,0.9798,120,2.47,0.9959,3,2.435,0.9818,183,0
SPY190802C300,2019-07-31,2019-07-31 09:39:57,2.44,0.9838,19,2.43,0.9798,100,2.44,0.9838,19,2.435,0.9818,203,20
SPY190802C300,2019-07-31,2019-07-31 09:39:58,2.45,0.9879,135,2.43,0.9798,98,2.44,0.9838,19,2.44,0.9838,203,0
SPY190802C300,2019-07-31,2019-07-31 09:39:58,2.45,0.9879,30,2.44,0.9838,8,2.44,0.9838,19,2.445,0.9858,203,0
SPY190802C300,2019-07-31,2019-07-31 09:39:59,2.44,0.9838,6,2.42,0.9758,285,2.44,0.9838,19,2.43,0.9798,203,0
SPY190802C300,2019-07-31,2019-07-31 09:40:00,2.46,0.9919,214,2.43,0.9798,111,2.44,0.9838,19,2.445,0.9858,203,0
SPY190802C300,2019-07-31,2019-07-31 09:40:00,2.45,0.9879,14,2.44,0.9838,16,2.44,0.9838,19,2.445,0.9858,203,0
SPY190802C300,2019-07-31,2019-07-31 09:40:01,2.45,0.9879,10,2.44,0.9838,16,2.44,0.9838,19,2.445,0.9858,203,0
SPY190802C300,2019-07-31,2019-07-31 09:40:02,2.45,0.9879,6,2.44,0.9838,16,2.44,0.9838,19,2.445,0.9858,203,0
SPY190802C300,2019-07-31,2019-07-31 09:40:03,2.46,0.9919,170,2.44,0.9838,44,2.44,0.9838,19,2.45,0.9879,203,0
SPY190802C300,2019-07-31,2019-07-31 09:40:03,2.46,0.9919,154,2.44,0.9838,28,2.44,0.9838,19,2.45,0.9879,203,0
SPY190802C300,2019-07-31,2019-07-31 09:40:05,2.46,0.9919,21,2.44,0.9838,163,2.44,0.9838,19,2.45,0.9879,203,0
SPY190802C300,2019-07-31,2019-07-31 09:40:05,2.46,0.9919,52,2.44,0.9838,163,2.44,0.9838,19,2.45,0.9879,203,0
SPY190802C300,2019-07-31,2019-07-31 09:40:06,2.46,0.9919,99,2.44,0.9838,23,2.44,0.9838,19,2.45,0.9879,203,0
SPY190802C300,2019-07-31,2019-07-31 09:40:07,2.46,0.9919,101,2.44,0.9838,44,2.44,0.9838,19,2.45,0.9879,203,0
SPY190802C300,2019-07-31,2019-07-31 09:40:08,2.46,0.9919,92,2.45,0.9879,22,2.44,0.9838,19,2.455,0.9899,203,0
SPY190802C300,2019-07-31,2019-07-31 09:40:09,2.46,0.9919,99,2.45,0.9879,28,2.44,0.9838,19,2.455,0.9899,203,0
SPY190802C300,2019-07-31,2019-07-31 09:40:10,2.47,0.9959,150,2.45,0.9879,96,2.44,0.9838,19,2.46,0.9919,203,0
SPY190802C300,2019-07-31,2019-07-31 09:40:11,2.47,0.9959,150,2.45,0.9879,116,2.44,0.9838,19,2.46,0.9919,203,0
SPY190802C300,2019-07-31,2019-07-31 09:40:12,2.45,0.9879,21,2.44,0.9838,125,2.46,0.9919,1,2.445,0.9858,204,1
SPY190802C300,2019-07-31,2019-07-31 09:40:13,2.45,0.9879,8,2.44,0.9838,35,2.46,0.9919,1,2.445,0.9858,204,0
SPY190802C300,2019-07-31,2019-07-31 09:40:13,2.45,0.9879,10,2.44,0.9838,35,2.46,0.9919,1,2.445,0.9858,204,0
SPY190802C300,2019-07-31,2019-07-31 09:40:14,2.47,0.9959,121,2.44,0.9838,122,2.46,0.9919,1,2.455,0.9899,204,0
SPY190802C300,2019-07-31,2019-07-31 09:40:15,2.46,0.9919,21,2.45,0.9879,58,2.46,0.9919,1,2.455,0.9899,204,0
SPY190802C300,2019-07-31,2019-07-31 09:40:15,2.46,0.9919,26,2.44,0.9838,137,2.46,0.9919,1,2.45,0.9879,204,0
SPY190802C300,2019-07-31,2019-07-31 09:40:16,2.46,0.9919,8,2.45,0.9879,116,2.46,0.9919,1,2.455,0.9899,204,0
SPY190802C300,2019-07-31,2019-07-31 09:40:17,2.46,0.9919,10,2.45,0.9879,97,2.46,0.9919,1,2.455,0.9899,204,0
SPY190802C300,2019-07-31,2019-07-31 09:40:18,2.46,0.9919,21,2.45,0.9879,16,2.46,0.9919,1,2.455,0.9899,204,0
SPY190802C300,2019-07-31,2019-07-31 09:40:18,2.47,0.9959,150,2.45,0.9879,108,2.46,0.9919,1,2.46,0.9919,204,0
SPY190802C300,2019-07-31,2019-07-31 09:40:19,2.46,0.9919,28,2.44,0.9838,137,2.46,0.9919,1,2.45,0.9879,204,0
SPY190802C300,2019-07-31,2019-07-31 09:40:19,2.46,0.9919,68,2.45,0.9879,2,2.46,0.9919,1,2.455,0.9899,204,0
SPY190802C300,2019-07-31,2019-07-31 09:40:20,2.46,0.9919,74,2.45,0.9879,2,2.46,0.9919,1,2.455,0.9899,204,0
SPY190802C300,2019-07-31,2019-07-31 09:40:21,2.46,0.9919,76,2.45,0.9879,2,2.46,0.9919,1,2.455,0.9899,204,0
SPY190802C300,2019-07-31,2019-07-31 09:40:21,2.46,0.9919,129,2.45,0.9879,2,2.46,0.9919,1,2.455,0.9899,204,0
SPY190802C300,2019-07-31,2019-07-31 09:40:22,2.45,0.9879,27,2.43,0.9798,37,2.45,0.9879,2,2.44,0.9838,206,2
SPY190802C300,2019-07-31,2019-07-31 09:40:23,2.45,0.9879,22,2.44,0.9838,6,2.45,0.9879,2,2.445,0.9858,206,0
SPY190802C300,2019-07-31,2019-07-31 09:40:23,2.45,0.9879,22,2.44,0.9838,22,2.45,0.9879,2,2.445,0.9858,206,0
SPY190802C300,2019-07-31,2019-07-31 09:40:24,2.45,0.9879,22,2.44,0.9838,22,2.45,0.9879,2,2.445,0.9858,206,0
SPY190802C300,2019-07-31,2019-07-31 09:40:24,2.45,0.9879,1,2.44,0.9838,22,2.45,0.9879,2,2.445,0.9858,206,0
SPY190802C300,2019-07-31,2019-07-31 09:40:25,2.45,0.9879,28,2.44,0.9838,22,2.45,0.9879,2,2.445,0.9858,206,0
SPY190802C300,2019-07-31,2019-07-31 09:40:26,2.45,0.9879,11,2.44,0.9838,6,2.45,0.9879,2,2.445,0.9858,206,0
SPY190802C300,2019-07-31,2019-07-31 09:40:27,2.46,0.9919,191,2.44,0.9838,22,2.45,0.9879,2,2.45,0.9879,206,0
SPY190802C300,2019-07-31,2019-07-31 09:40:27,2.46,0.9919,167,2.44,0.9838,37,2.45,0.9879,2,2.45,0.9879,206,0
SPY190802C300,2019-07-31,2019-07-31 09:40:28,2.46,0.9919,155,2.44,0.9838,112,2.45,0.9879,2,2.45,0.9879,206,0
SPY190802C300,2019-07-31,2019-07-31 09:40:29,2.46,0.9919,150,2.44,0.9838,112,2.45,0.9879,2,2.45,0.9879,206,0
SPY190802C300,2019-07-31,2019-07-31 09:40:30,2.46,0.9919,150,2.44,0.9838,92,2.45,0.9879,2,2.45,0.9879,206,0
SPY190802C300,2019-07-31,2019-07-31 09:40:31,2.46,0.9919,150,2.44,0.9838,112,2.45,0.9879,2,2.45,0.9879,206,0
SPY190802C300,2019-07-31,2019-07-31 09:40:31,2.46,0.9919,150,2.44,0.9838,108,2.45,0.9879,2,2.45,0.9879,206,0
SPY190802C300,2019-07-31,2019-07-31 09:40:32,2.47,0.9959,140,2.45,0.9879,86,2.45,0.9879,2,2.46,0.9919,206,0
SPY190802C300,2019-07-31,2019-07-31 09:40:32,2.47,0.9959,140,2.45,0.9879,89,2.45,0.9879,2,2.46,0.9919,206,0
SPY190802C300,2019-07-31,2019-07-31 09:40:33,2.47,0.9959,140,2.45,0.9879,86,2.45,0.9879,2,2.46,0.9919,206,0
SPY190802C300,2019-07-31,2019-07-31 09:40:34,2.47,0.9959,140,2.45,0.9879,86,2.45,0.9879,2,2.46,0.9919,206,0
SPY190802C300,2019-07-31,2019-07-31 09:40:35,2.47,0.9959,140,2.45,0.9879,86,2.45,0.9879,2,2.46,0.9919,206,0
SPY190802C300,2019-07-31,2019-07-31 09:40:35,2.46,0.9919,2,2.45,0.9879,86,2.45,0.9879,2,2.455,0.9899,206,0
SPY190802C300,2019-07-31,2019-07-31 09:40:36,2.46,0.9919,23,2.45,0.9879,86,2.45,0.9879,2,2.455,0.9899,206,0
SPY190802C300,2019-07-31,2019-07-31 09:40:36,2.46,0.9919,2,2.45,0.9879,89,2.45,0.9879,2,2.455,0.9899,206,0
SPY190802C300,2019-07-31,2019-07-31 09:40:38,2.47,0.9959,121,2.45,0.9879,134,2.45,0.9879,2,2.46,0.9919,206,0
SPY190802C300,2019-07-31,2019-07-31 09:40:39,2.47,0.9959,108,2.45,0.9879,107,2.45,0.9879,2,2.46,0.9919,206,0
SPY190802C300,2019-07-31,2019-07-31 09:40:40,2.47,0.9959,56,2.45,0.9879,169,2.45,0.9879,2,2.46,0.9919,206,0
SPY190802C300,2019-07-31,2019-07-31 09:40:41,2.47,0.9959,64,2.45,0.9879,169,2.45,0.9879,2,2.46,0.9919,206,0
SPY190802C300,2019-07-31,2019-07-31 09:40:41,2.47,0.9959,52,2.45,0.9879,169,2.45,0.9879,2,2.46,0.9919,206,0
SPY190802C300,2019-07-31,2019-07-31 09:40:42,2.47,0.9959,64,2.46,0.9919,6,2.45,0.9879,2,2.465,0.9939,206,0
SPY190802C300,2019-07-31,2019-07-31 09:40:43,2.46,0.9919,2,2.45,0.9879,112,2.45,0.9879,2,2.455,0.9899,206,0
SPY190802C300,2019-07-31,2019-07-31 09:40:43,2.46,0.9919,18,2.45,0.9879,112,2.45,0.9879,2,2.455,0.9899,206,0
SPY190802C300,2019-07-31,2019-07-31 09:40:44,2.46,0.9919,7,2.45,0.9879,82,2.45,0.9879,2,2.455,0.9899,206,0
SPY190802C300,2019-07-31,2019-07-31 09:40:44,2.45,0.9879,21,2.44,0.9838,130,2.45,0.9879,2,2.445,0.9858,206,0
SPY190802C300,2019-07-31,2019-07-31 09:40:45,2.46,0.9919,58,2.44,0.9838,116,2.45,0.9879,2,2.45,0.9879,206,0
SPY190802C300,2019-07-31,2019-07-31 09:40:46,2.46,0.9919,93,2.44,0.9838,121,2.45,0.9879,2,2.45,0.9879,206,0
SPY190802C300,2019-07-31,2019-07-31 09:40:46,2.46,0.9919,93,2.44,0.9838,141,2.45,0.9879,2,2.45,0.9879,206,0
SPY190802C300,2019-07-31,2019-07-31 09:40:47,2.46,0.9919,93,2.44,0.9838,150,2.45,0.9879,2,2.45,0.9879,206,0
SPY190802C300,2019-07-31,2019-07-31 09:40:48,2.46,0.9919,126,2.44,0.9838,104,2.45,0.9879,2,2.45,0.9879,206,0
SPY190802C300,2019-07-31,2019-07-31 09:40:48,2.46,0.9919,111,2.44,0.9838,124,2.45,0.9879,2,2.45,0.9879,206,0
SPY190802C300,2019-07-31,2019-07-31 09:40:49,2.45,0.9879,2,2.44,0.9838,124,2.45,0.9879,2,2.445,0.9858,206,0
SPY190802C300,2019-07-31,2019-07-31 09:40:50,2.46,0.9919,121,2.44,0.9838,135,2.45,0.9879,2,2.45,0.9879,206,0
SPY190802C300,2019-07-31,2019-07-31 09:40:50,2.45,0.9879,10,2.44,0.9838,143,2.45,0.9879,2,2.445,0.9858,206,0
SPY190802C300,2019-07-31,2019-07-31 09:40:51,2.46,0.9919,121,2.45,0.9879,24,2.45,0.9879,2,2.455,0.9899,206,0
SPY190802C300,2019-07-31,2019-07-31 09:40:52,2.46,0.9919,72,2.44,0.9838,138,2.45,0.9879,2,2.45,0.9879,206,0
SPY190802C300,2019-07-31,2019-07-31 09:40:53,2.47,0.9959,155,2.45,0.9879,59,2.45,0.9879,2,2.46,0.9919,206,0
SPY190802C300,2019-07-31,2019-07-31 09:40:54,2.47,0.9959,155,2.45,0.9879,79,2.45,0.9879,2,2.46,0.9919,206,0
SPY190802C300,2019-07-31,2019-07-31 09:40:54,2.47,0.9959,121,2.44,0.9838,304,2.45,0.9879,2,2.455,0.9899,206,0
SPY190802C300,2019-07-31,2019-07-31 09:40:55,2.46,0.9919,21,2.45,0.9879,108,2.45,0.9879,2,2.455,0.9899,206,0
