symbol,Date,quote_time,ask_price,norm_ask_price,ask_size,bid_price,norm_bid_price,bid_size,last_trade_price,norm_last_trade_price,last_trade_size,mark_price,norm_mark_price,volume,Volume
IWM191018P144,2019-10-11,2019-10-11 09:30:00,0.42,1.0,54,0.35,0.8333,54,0.0,0.0,72318,0.385,0.9166,0,0
IWM191018P144,2019-10-11,2019-10-11 09:30:01,0.42,1.0,54,0.35,0.8333,54,0.0,0.0,72318,0.385,0.9166,0,0
IWM191018P144,2019-10-11,2019-10-11 09:30:02,0.42,1.0,54,0.35,0.8333,54,0.0,0.0,72318,0.385,0.9166,0,0
IWM191018P144,2019-10-11,2019-10-11 09:30:03,0.42,1.0,54,0.35,0.8333,54,0.0,0.0,72318,0.385,0.9166,0,0
IWM191018P144,2019-10-11,2019-10-11 09:30:04,0.42,1.0,54,0.35,0.8333,54,0.0,0.0,72318,0.385,0.9166,0,0
IWM191018P144,2019-10-11,2019-10-11 09:30:04,0.41,0.9761,54,0.35,0.8333,1,0.0,0.0,72318,0.38,0.9047,0,0
IWM191018P144,2019-10-11,2019-10-11 09:30:05,0.41,0.9761,54,0.34,0.8095,54,0.0,0.0,72318,0.375,0.8928,0,0
IWM191018P144,2019-10-11,2019-10-11 09:30:06,0.4,0.9523,361,0.34,0.8095,389,0.0,0.0,72318,0.37,0.8809,0,0
IWM191018P144,2019-10-11,2019-10-11 09:30:06,0.41,0.9761,54,0.34,0.8095,54,0.0,0.0,72318,0.375,0.8928,0,0
IWM191018P144,2019-10-11,2019-10-11 09:30:07,0.4,0.9523,366,0.35,0.8333,366,0.0,0.0,72318,0.375,0.8928,0,0
IWM191018P144,2019-10-11,2019-10-11 09:30:08,0.4,0.9523,366,0.34,0.8095,376,0.0,0.0,72318,0.37,0.8809,0,0
IWM191018P144,2019-10-11,2019-10-11 09:30:08,0.4,0.9523,366,0.35,0.8333,26,0.0,0.0,72318,0.375,0.8928,0,0
IWM191018P144,2019-10-11,2019-10-11 09:30:09,0.4,0.9523,366,0.34,0.8095,376,0.0,0.0,72318,0.37,0.8809,0,0
IWM191018P144,2019-10-11,2019-10-11 09:30:10,0.39,0.9285,295,0.37,0.8809,295,0.0,0.0,72318,0.38,0.9047,0,0
IWM191018P144,2019-10-11,2019-10-11 09:30:10,0.39,0.9285,258,0.36,0.8571,258,0.0,0.0,72318,0.375,0.8928,0,0
IWM191018P144,2019-10-11,2019-10-11 09:30:11,0.39,0.9285,258,0.36,0.8571,258,0.0,0.0,72318,0.375,0.8928,0,0
IWM191018P144,2019-10-11,2019-10-11 09:30:12,0.39,0.9285,258,0.36,0.8571,258,0.0,0.0,72318,0.375,0.8928,0,0
IWM191018P144,2019-10-11,2019-10-11 09:30:13,0.39,0.9285,408,0.36,0.8571,258,0.0,0.0,72318,0.375,0.8928,0,0
IWM191018P144,2019-10-11,2019-10-11 09:30:14,0.39,0.9285,359,0.36,0.8571,313,0.0,0.0,72318,0.375,0.8928,0,0
IWM191018P144,2019-10-11,2019-10-11 09:30:14,0.39,0.9285,258,0.36,0.8571,270,0.0,0.0,72318,0.375,0.8928,0,0
IWM191018P144,2019-10-11,2019-10-11 09:30:15,0.39,0.9285,359,0.36,0.8571,270,0.0,0.0,72318,0.375,0.8928,0,0
IWM191018P144,2019-10-11,2019-10-11 09:30:16,0.39,0.9285,628,0.36,0.8571,291,0.0,0.0,72318,0.375,0.8928,0,0
IWM191018P144,2019-10-11,2019-10-11 09:30:16,0.39,0.9285,573,0.36,0.8571,291,0.0,0.0,72318,0.375,0.8928,0,0
IWM191018P144,2019-10-11,2019-10-11 09:30:17,0.38,0.9047,12,0.35,0.8333,381,0.0,0.0,72318,0.365,0.869,0,0
IWM191018P144,2019-10-11,2019-10-11 09:30:17,0.39,0.9285,423,0.36,0.8571,291,0.0,0.0,72318,0.375,0.8928,0,0
IWM191018P144,2019-10-11,2019-10-11 09:30:18,0.39,0.9285,550,0.35,0.8333,381,0.0,0.0,72318,0.37,0.8809,0,0
IWM191018P144,2019-10-11,2019-10-11 09:30:18,0.38,0.9047,423,0.35,0.8333,291,0.0,0.0,72318,0.365,0.869,0,0
IWM191018P144,2019-10-11,2019-10-11 09:30:19,0.37,0.8809,279,0.34,0.8095,349,0.0,0.0,72318,0.355,0.8452,0,0
IWM191018P144,2019-10-11,2019-10-11 09:30:19,0.38,0.9047,573,0.35,0.8333,291,0.0,0.0,72318,0.365,0.869,0,0
IWM191018P144,2019-10-11,2019-10-11 09:30:20,0.37,0.8809,331,0.34,0.8095,349,0.0,0.0,72318,0.355,0.8452,0,0
IWM191018P144,2019-10-11,2019-10-11 09:30:20,0.37,0.8809,52,0.34,0.8095,349,0.0,0.0,72318,0.355,0.8452,0,0
IWM191018P144,2019-10-11,2019-10-11 09:30:21,0.38,0.9047,540,0.34,0.8095,418,0.0,0.0,72318,0.36,0.8571,0,0
IWM191018P144,2019-10-11,2019-10-11 09:30:21,0.37,0.8809,19,0.34,0.8095,418,0.0,0.0,72318,0.355,0.8452,0,0
IWM191018P144,2019-10-11,2019-10-11 09:30:22,0.38,0.9047,694,0.34,0.8095,418,0.0,0.0,72318,0.36,0.8571,0,0
IWM191018P144,2019-10-11,2019-10-11 09:30:22,0.37,0.8809,342,0.34,0.8095,346,0.0,0.0,72318,0.355,0.8452,0,0
IWM191018P144,2019-10-11,2019-10-11 09:30:23,0.37,0.8809,342,0.34,0.8095,346,0.0,0.0,72318,0.355,0.8452,0,0
IWM191018P144,2019-10-11,2019-10-11 09:30:24,0.37,0.8809,342,0.34,0.8095,346,0.0,0.0,72318,0.355,0.8452,0,0
IWM191018P144,2019-10-11,2019-10-11 09:30:25,0.37,0.8809,342,0.34,0.8095,346,0.0,0.0,72318,0.355,0.8452,0,0
IWM191018P144,2019-10-11,2019-10-11 09:30:25,0.37,0.8809,524,0.34,0.8095,346,0.0,0.0,72318,0.355,0.8452,0,0
IWM191018P144,2019-10-11,2019-10-11 09:30:26,0.37,0.8809,524,0.34,0.8095,346,0.0,0.0,72318,0.355,0.8452,0,0
IWM191018P144,2019-10-11,2019-10-11 09:30:27,0.37,0.8809,524,0.34,0.8095,346,0.0,0.0,72318,0.355,0.8452,0,0
IWM191018P144,2019-10-11,2019-10-11 09:30:28,0.37,0.8809,580,0.34,0.8095,291,0.0,0.0,72318,0.355,0.8452,0,0
IWM191018P144,2019-10-11,2019-10-11 09:30:28,0.37,0.8809,524,0.34,0.8095,334,0.0,0.0,72318,0.355,0.8452,0,0
IWM191018P144,2019-10-11,2019-10-11 09:30:29,0.36,0.8571,379,0.34,0.8095,12,0.0,0.0,72318,0.35,0.8333,0,0
IWM191018P144,2019-10-11,2019-10-11 09:30:29,0.36,0.8571,389,0.34,0.8095,12,0.0,0.0,72318,0.35,0.8333,0,0
IWM191018P144,2019-10-11,2019-10-11 09:30:30,0.36,0.8571,379,0.34,0.8095,8,0.0,0.0,72318,0.35,0.8333,0,0
IWM191018P144,2019-10-11,2019-10-11 09:30:31,0.36,0.8571,379,0.34,0.8095,8,0.0,0.0,72318,0.35,0.8333,0,0
IWM191018P144,2019-10-11,2019-10-11 09:30:32,0.36,0.8571,379,0.34,0.8095,8,0.0,0.0,72318,0.35,0.8333,0,0
IWM191018P144,2019-10-11,2019-10-11 09:30:33,0.36,0.8571,379,0.34,0.8095,8,0.0,0.0,72318,0.35,0.8333,0,0
IWM191018P144,2019-10-11,2019-10-11 09:30:33,0.36,0.8571,379,0.33,0.7857,605,0.0,0.0,72318,0.345,0.8214,0,0
IWM191018P144,2019-10-11,2019-10-11 09:30:34,0.36,0.8571,379,0.33,0.7857,605,0.0,0.0,72318,0.345,0.8214,0,0
IWM191018P144,2019-10-11,2019-10-11 09:30:35,0.36,0.8571,379,0.33,0.7857,605,0.0,0.0,72318,0.345,0.8214,0,0
IWM191018P144,2019-10-11,2019-10-11 09:30:36,0.36,0.8571,390,0.33,0.7857,596,0.0,0.0,72318,0.345,0.8214,0,0
IWM191018P144,2019-10-11,2019-10-11 09:30:36,0.36,0.8571,390,0.33,0.7857,606,0.0,0.0,72318,0.345,0.8214,0,0
IWM191018P144,2019-10-11,2019-10-11 09:30:37,0.36,0.8571,390,0.33,0.7857,596,0.0,0.0,72318,0.345,0.8214,0,0
IWM191018P144,2019-10-11,2019-10-11 09:30:37,0.36,0.8571,390,0.33,0.7857,463,0.0,0.0,72318,0.345,0.8214,0,0
IWM191018P144,2019-10-11,2019-10-11 09:30:38,0.36,0.8571,390,0.33,0.7857,591,0.0,0.0,72318,0.345,0.8214,0,0
IWM191018P144,2019-10-11,2019-10-11 09:30:38,0.36,0.8571,422,0.33,0.7857,463,0.0,0.0,72318,0.345,0.8214,0,0
IWM191018P144,2019-10-11,2019-10-11 09:30:39,0.36,0.8571,422,0.33,0.7857,592,0.0,0.0,72318,0.345,0.8214,0,0
IWM191018P144,2019-10-11,2019-10-11 09:30:39,0.36,0.8571,432,0.33,0.7857,453,0.0,0.0,72318,0.345,0.8214,0,0
IWM191018P144,2019-10-11,2019-10-11 09:30:40,0.36,0.8571,378,0.33,0.7857,429,0.0,0.0,72318,0.345,0.8214,0,0
IWM191018P144,2019-10-11,2019-10-11 09:30:40,0.36,0.8571,422,0.33,0.7857,593,0.0,0.0,72318,0.345,0.8214,0,0
IWM191018P144,2019-10-11,2019-10-11 09:30:41,0.36,0.8571,478,0.33,0.7857,312,0.0,0.0,72318,0.345,0.8214,0,0
IWM191018P144,2019-10-11,2019-10-11 09:30:41,0.36,0.8571,478,0.33,0.7857,429,0.0,0.0,72318,0.345,0.8214,0,0
IWM191018P144,2019-10-11,2019-10-11 09:30:42,0.36,0.8571,534,0.33,0.7857,312,0.0,0.0,72318,0.345,0.8214,0,0
IWM191018P144,2019-10-11,2019-10-11 09:30:43,0.36,0.8571,534,0.33,0.7857,312,0.0,0.0,72318,0.345,0.8214,0,0
IWM191018P144,2019-10-11,2019-10-11 09:30:43,0.36,0.8571,619,0.33,0.7857,313,0.0,0.0,72318,0.345,0.8214,0,0
IWM191018P144,2019-10-11,2019-10-11 09:30:44,0.36,0.8571,619,0.33,0.7857,313,0.0,0.0,72318,0.345,0.8214,0,0
IWM191018P144,2019-10-11,2019-10-11 09:30:44,0.35,0.8333,255,0.34,0.8095,20,0.0,0.0,72318,0.345,0.8214,0,0
IWM191018P144,2019-10-11,2019-10-11 09:30:45,0.35,0.8333,313,0.34,0.8095,20,0.0,0.0,72318,0.345,0.8214,0,0
IWM191018P144,2019-10-11,2019-10-11 09:30:46,0.35,0.8333,355,0.34,0.8095,20,0.0,0.0,72318,0.345,0.8214,0,0
IWM191018P144,2019-10-11,2019-10-11 09:30:46,0.35,0.8333,405,0.34,0.8095,20,0.0,0.0,72318,0.345,0.8214,0,0
IWM191018P144,2019-10-11,2019-10-11 09:30:47,0.35,0.8333,355,0.34,0.8095,20,0.0,0.0,72318,0.345,0.8214,0,0
IWM191018P144,2019-10-11,2019-10-11 09:30:48,0.35,0.8333,355,0.34,0.8095,20,0.0,0.0,72318,0.345,0.8214,0,0
IWM191018P144,2019-10-11,2019-10-11 09:30:49,0.35,0.8333,355,0.34,0.8095,20,0.0,0.0,72318,0.345,0.8214,0,0
IWM191018P144,2019-10-11,2019-10-11 09:30:49,0.35,0.8333,313,0.33,0.7857,6,0.0,0.0,72318,0.34,0.8095,0,0
IWM191018P144,2019-10-11,2019-10-11 09:30:50,0.35,0.8333,313,0.32,0.7619,522,0.0,0.0,72318,0.335,0.7976,0,0
IWM191018P144,2019-10-11,2019-10-11 09:30:50,0.35,0.8333,358,0.33,0.7857,22,0.0,0.0,72318,0.34,0.8095,0,0
IWM191018P144,2019-10-11,2019-10-11 09:30:51,0.35,0.8333,358,0.33,0.7857,22,0.0,0.0,72318,0.34,0.8095,0,0
IWM191018P144,2019-10-11,2019-10-11 09:30:52,0.35,0.8333,313,0.33,0.7857,22,0.0,0.0,72318,0.34,0.8095,0,0
IWM191018P144,2019-10-11,2019-10-11 09:30:52,0.35,0.8333,245,0.33,0.7857,245,0.0,0.0,72318,0.34,0.8095,0,0
IWM191018P144,2019-10-11,2019-10-11 09:30:53,0.35,0.8333,24,0.34,0.8095,20,0.0,0.0,72318,0.345,0.8214,0,0
IWM191018P144,2019-10-11,2019-10-11 09:30:53,0.35,0.8333,41,0.33,0.7857,386,0.0,0.0,72318,0.34,0.8095,0,0
IWM191018P144,2019-10-11,2019-10-11 09:30:54,0.35,0.8333,24,0.34,0.8095,20,0.0,0.0,72318,0.345,0.8214,0,0
IWM191018P144,2019-10-11,2019-10-11 09:30:54,0.36,0.8571,595,0.34,0.8095,20,0.0,0.0,72318,0.35,0.8333,0,0
IWM191018P144,2019-10-11,2019-10-11 09:30:55,0.35,0.8333,24,0.34,0.8095,20,0.0,0.0,72318,0.345,0.8214,0,0
IWM191018P144,2019-10-11,2019-10-11 09:30:56,0.35,0.8333,460,0.33,0.7857,20,0.0,0.0,72318,0.34,0.8095,0,0
IWM191018P144,2019-10-11,2019-10-11 09:30:56,0.35,0.8333,150,0.34,0.8095,20,0.0,0.0,72318,0.345,0.8214,0,0
IWM191018P144,2019-10-11,2019-10-11 09:30:57,0.35,0.8333,310,0.33,0.7857,22,0.0,0.0,72318,0.34,0.8095,0,0
IWM191018P144,2019-10-11,2019-10-11 09:30:57,0.35,0.8333,310,0.34,0.8095,20,0.0,0.0,72318,0.345,0.8214,0,0
IWM191018P144,2019-10-11,2019-10-11 09:30:58,0.35,0.8333,310,0.34,0.8095,20,0.0,0.0,72318,0.345,0.8214,0,0
IWM191018P144,2019-10-11,2019-10-11 09:30:58,0.35,0.8333,310,0.33,0.7857,22,0.0,0.0,72318,0.34,0.8095,0,0
IWM191018P144,2019-10-11,2019-10-11 09:30:59,0.35,0.8333,308,0.33,0.7857,22,0.0,0.0,72318,0.34,0.8095,0,0
IWM191018P144,2019-10-11,2019-10-11 09:30:59,0.35,0.8333,395,0.33,0.7857,22,0.0,0.0,72318,0.34,0.8095,0,0
IWM191018P144,2019-10-11,2019-10-11 09:31:00,0.35,0.8333,395,0.33,0.7857,22,0.0,0.0,72318,0.34,0.8095,0,0
IWM191018P144,2019-10-11,2019-10-11 09:31:01,0.35,0.8333,395,0.33,0.7857,20,0.0,0.0,72318,0.34,0.8095,0,0
IWM191018P144,2019-10-11,2019-10-11 09:31:01,0.35,0.8333,395,0.33,0.7857,22,0.0,0.0,72318,0.34,0.8095,0,0
IWM191018P144,2019-10-11,2019-10-11 09:31:02,0.35,0.8333,395,0.33,0.7857,20,0.0,0.0,72318,0.34,0.8095,0,0
IWM191018P144,2019-10-11,2019-10-11 09:31:02,0.35,0.8333,308,0.33,0.7857,20,0.0,0.0,72318,0.34,0.8095,0,0
IWM191018P144,2019-10-11,2019-10-11 09:31:03,0.35,0.8333,441,0.33,0.7857,20,0.0,0.0,72318,0.34,0.8095,0,0
IWM191018P144,2019-10-11,2019-10-11 09:31:04,0.35,0.8333,441,0.33,0.7857,20,0.0,0.0,72318,0.34,0.8095,0,0
IWM191018P144,2019-10-11,2019-10-11 09:31:05,0.35,0.8333,441,0.33,0.7857,22,0.0,0.0,72318,0.34,0.8095,0,0
IWM191018P144,2019-10-11,2019-10-11 09:31:06,0.35,0.8333,441,0.33,0.7857,22,0.0,0.0,72318,0.34,0.8095,0,0
IWM191018P144,2019-10-11,2019-10-11 09:31:07,0.34,0.8095,100,0.32,0.7619,257,0.0,0.0,72318,0.33,0.7857,0,0
IWM191018P144,2019-10-11,2019-10-11 09:31:07,0.35,0.8333,516,0.33,0.7857,2,0.0,0.0,72318,0.34,0.8095,0,0
IWM191018P144,2019-10-11,2019-10-11 09:31:08,0.34,0.8095,336,0.32,0.7619,22,0.0,0.0,72318,0.33,0.7857,0,0
IWM191018P144,2019-10-11,2019-10-11 09:31:08,0.34,0.8095,142,0.33,0.7857,20,0.0,0.0,72318,0.335,0.7976,0,0
IWM191018P144,2019-10-11,2019-10-11 09:31:09,0.34,0.8095,396,0.32,0.7619,22,0.0,0.0,72318,0.33,0.7857,0,0
IWM191018P144,2019-10-11,2019-10-11 09:31:09,0.34,0.8095,396,0.33,0.7857,20,0.0,0.0,72318,0.335,0.7976,0,0
IWM191018P144,2019-10-11,2019-10-11 09:31:10,0.34,0.8095,437,0.33,0.7857,20,0.0,0.0,72318,0.335,0.7976,0,0
IWM191018P144,2019-10-11,2019-10-11 09:31:10,0.34,0.8095,170,0.33,0.7857,22,0.0,0.0,72318,0.335,0.7976,0,0
IWM191018P144,2019-10-11,2019-10-11 09:31:11,0.34,0.8095,170,0.33,0.7857,22,0.0,0.0,72318,0.335,0.7976,0,0
IWM191018P144,2019-10-11,2019-10-11 09:31:12,0.34,0.8095,170,0.33,0.7857,22,0.0,0.0,72318,0.335,0.7976,0,0
IWM191018P144,2019-10-11,2019-10-11 09:31:13,0.34,0.8095,287,0.33,0.7857,22,0.0,0.0,72318,0.335,0.7976,0,0
IWM191018P144,2019-10-11,2019-10-11 09:31:13,0.34,0.8095,170,0.33,0.7857,22,0.0,0.0,72318,0.335,0.7976,0,0
IWM191018P144,2019-10-11,2019-10-11 09:31:14,0.34,0.8095,311,0.33,0.7857,22,0.0,0.0,72318,0.335,0.7976,0,0
IWM191018P144,2019-10-11,2019-10-11 09:31:14,0.34,0.8095,311,0.32,0.7619,22,0.0,0.0,72318,0.33,0.7857,0,0
IWM191018P144,2019-10-11,2019-10-11 09:31:15,0.34,0.8095,311,0.32,0.7619,22,0.0,0.0,72318,0.33,0.7857,0,0
IWM191018P144,2019-10-11,2019-10-11 09:31:16,0.34,0.8095,291,0.33,0.7857,22,0.0,0.0,72318,0.335,0.7976,0,0
IWM191018P144,2019-10-11,2019-10-11 09:31:16,0.34,0.8095,311,0.33,0.7857,20,0.0,0.0,72318,0.335,0.7976,0,0
IWM191018P144,2019-10-11,2019-10-11 09:31:17,0.34,0.8095,311,0.33,0.7857,22,0.0,0.0,72318,0.335,0.7976,0,0
IWM191018P144,2019-10-11,2019-10-11 09:31:18,0.34,0.8095,291,0.33,0.7857,22,0.0,0.0,72318,0.335,0.7976,0,0
IWM191018P144,2019-10-11,2019-10-11 09:31:19,0.34,0.8095,291,0.33,0.7857,22,0.0,0.0,72318,0.335,0.7976,0,0
IWM191018P144,2019-10-11,2019-10-11 09:31:20,0.34,0.8095,311,0.33,0.7857,20,0.0,0.0,72318,0.335,0.7976,0,0
IWM191018P144,2019-10-11,2019-10-11 09:31:20,0.34,0.8095,291,0.33,0.7857,22,0.0,0.0,72318,0.335,0.7976,0,0
IWM191018P144,2019-10-11,2019-10-11 09:31:21,0.34,0.8095,311,0.33,0.7857,22,0.0,0.0,72318,0.335,0.7976,0,0
IWM191018P144,2019-10-11,2019-10-11 09:31:22,0.34,0.8095,311,0.32,0.7619,22,0.0,0.0,72318,0.33,0.7857,0,0
IWM191018P144,2019-10-11,2019-10-11 09:31:22,0.34,0.8095,311,0.32,0.7619,20,0.0,0.0,72318,0.33,0.7857,0,0
IWM191018P144,2019-10-11,2019-10-11 09:31:23,0.34,0.8095,319,0.32,0.7619,22,0.0,0.0,72318,0.33,0.7857,0,0
IWM191018P144,2019-10-11,2019-10-11 09:31:23,0.34,0.8095,319,0.32,0.7619,37,0.0,0.0,72318,0.33,0.7857,0,0
IWM191018P144,2019-10-11,2019-10-11 09:31:24,0.34,0.8095,319,0.32,0.7619,37,0.0,0.0,72318,0.33,0.7857,0,0
IWM191018P144,2019-10-11,2019-10-11 09:31:24,0.34,0.8095,567,0.32,0.7619,6,0.0,0.0,72318,0.33,0.7857,0,0
IWM191018P144,2019-10-11,2019-10-11 09:31:25,0.34,0.8095,622,0.32,0.7619,6,0.0,0.0,72318,0.33,0.7857,0,0
IWM191018P144,2019-10-11,2019-10-11 09:31:25,0.34,0.8095,622,0.32,0.7619,27,0.0,0.0,72318,0.33,0.7857,0,0
IWM191018P144,2019-10-11,2019-10-11 09:31:26,0.33,0.7857,77,0.32,0.7619,10,0.0,0.0,72318,0.325,0.7738,0,0
IWM191018P144,2019-10-11,2019-10-11 09:31:26,0.33,0.7857,77,0.32,0.7619,27,0.0,0.0,72318,0.325,0.7738,0,0
IWM191018P144,2019-10-11,2019-10-11 09:31:27,0.33,0.7857,131,0.31,0.738,437,0.0,0.0,72318,0.32,0.7619,0,0
IWM191018P144,2019-10-11,2019-10-11 09:31:27,0.33,0.7857,120,0.32,0.7619,27,0.0,0.0,72318,0.325,0.7738,0,0
IWM191018P144,2019-10-11,2019-10-11 09:31:28,0.33,0.7857,110,0.32,0.7619,22,0.0,0.0,72318,0.325,0.7738,0,0
IWM191018P144,2019-10-11,2019-10-11 09:31:28,0.33,0.7857,110,0.32,0.7619,25,0.0,0.0,72318,0.325,0.7738,0,0
IWM191018P144,2019-10-11,2019-10-11 09:31:29,0.33,0.7857,132,0.32,0.7619,25,0.0,0.0,72318,0.325,0.7738,0,0
IWM191018P144,2019-10-11,2019-10-11 09:31:29,0.33,0.7857,132,0.32,0.7619,28,0.0,0.0,72318,0.325,0.7738,0,0
IWM191018P144,2019-10-11,2019-10-11 09:31:30,0.33,0.7857,342,0.32,0.7619,27,0.0,0.0,72318,0.325,0.7738,0,0
IWM191018P144,2019-10-11,2019-10-11 09:31:30,0.33,0.7857,342,0.31,0.738,20,0.0,0.0,72318,0.32,0.7619,0,0
IWM191018P144,2019-10-11,2019-10-11 09:31:31,0.33,0.7857,342,0.32,0.7619,27,0.0,0.0,72318,0.325,0.7738,0,0
IWM191018P144,2019-10-11,2019-10-11 09:31:32,0.33,0.7857,178,0.32,0.7619,3,0.0,0.0,72318,0.325,0.7738,0,0
IWM191018P144,2019-10-11,2019-10-11 09:31:32,0.33,0.7857,342,0.32,0.7619,10,0.0,0.0,72318,0.325,0.7738,0,0
IWM191018P144,2019-10-11,2019-10-11 09:31:33,0.33,0.7857,110,0.31,0.738,300,0.0,0.0,72318,0.32,0.7619,0,0
IWM191018P144,2019-10-11,2019-10-11 09:31:33,0.33,0.7857,343,0.31,0.738,310,0.0,0.0,72318,0.32,0.7619,0,0
IWM191018P144,2019-10-11,2019-10-11 09:31:34,0.33,0.7857,382,0.31,0.738,310,0.0,0.0,72318,0.32,0.7619,0,0
IWM191018P144,2019-10-11,2019-10-11 09:31:34,0.33,0.7857,371,0.31,0.738,189,0.0,0.0,72318,0.32,0.7619,0,0
IWM191018P144,2019-10-11,2019-10-11 09:31:35,0.33,0.7857,447,0.31,0.738,468,0.0,0.0,72318,0.32,0.7619,0,0
IWM191018P144,2019-10-11,2019-10-11 09:31:35,0.33,0.7857,381,0.31,0.738,24,0.0,0.0,72318,0.32,0.7619,0,0
IWM191018P144,2019-10-11,2019-10-11 09:31:36,0.33,0.7857,447,0.31,0.738,787,0.0,0.0,72318,0.32,0.7619,0,0
IWM191018P144,2019-10-11,2019-10-11 09:31:36,0.33,0.7857,447,0.31,0.738,669,0.0,0.0,72318,0.32,0.7619,0,0
IWM191018P144,2019-10-11,2019-10-11 09:31:37,0.33,0.7857,343,0.31,0.738,787,0.0,0.0,72318,0.32,0.7619,0,0
IWM191018P144,2019-10-11,2019-10-11 09:31:37,0.33,0.7857,164,0.31,0.738,787,0.0,0.0,72318,0.32,0.7619,0,0
IWM191018P144,2019-10-11,2019-10-11 09:31:38,0.33,0.7857,190,0.31,0.738,897,0.0,0.0,72318,0.32,0.7619,0,0
IWM191018P144,2019-10-11,2019-10-11 09:31:39,0.33,0.7857,162,0.31,0.738,875,0.0,0.0,72318,0.32,0.7619,0,0
IWM191018P144,2019-10-11,2019-10-11 09:31:40,0.33,0.7857,162,0.31,0.738,887,0.0,0.0,72318,0.32,0.7619,0,0
IWM191018P144,2019-10-11,2019-10-11 09:31:40,0.33,0.7857,162,0.31,0.738,926,0.0,0.0,72318,0.32,0.7619,0,0
IWM191018P144,2019-10-11,2019-10-11 09:31:41,0.33,0.7857,162,0.31,0.738,882,0.0,0.0,72318,0.32,0.7619,0,0
IWM191018P144,2019-10-11,2019-10-11 09:31:41,0.33,0.7857,159,0.32,0.7619,12,0.0,0.0,72318,0.325,0.7738,0,0
IWM191018P144,2019-10-11,2019-10-11 09:31:42,0.33,0.7857,162,0.31,0.738,700,0.0,0.0,72318,0.32,0.7619,0,0
IWM191018P144,2019-10-11,2019-10-11 09:31:43,0.33,0.7857,162,0.31,0.738,897,0.0,0.0,72318,0.32,0.7619,0,0
IWM191018P144,2019-10-11,2019-10-11 09:31:43,0.33,0.7857,182,0.31,0.738,897,0.0,0.0,72318,0.32,0.7619,0,0
IWM191018P144,2019-10-11,2019-10-11 09:31:44,0.33,0.7857,408,0.32,0.7619,32,0.0,0.0,72318,0.325,0.7738,0,0
IWM191018P144,2019-10-11,2019-10-11 09:31:44,0.33,0.7857,162,0.32,0.7619,32,0.0,0.0,72318,0.325,0.7738,0,0
IWM191018P144,2019-10-11,2019-10-11 09:31:45,0.33,0.7857,530,0.32,0.7619,32,0.0,0.0,72318,0.325,0.7738,0,0
IWM191018P144,2019-10-11,2019-10-11 09:31:45,0.33,0.7857,621,0.32,0.7619,32,0.0,0.0,72318,0.325,0.7738,0,0
IWM191018P144,2019-10-11,2019-10-11 09:31:46,0.33,0.7857,590,0.32,0.7619,20,0.0,0.0,72318,0.325,0.7738,0,0
IWM191018P144,2019-10-11,2019-10-11 09:31:46,0.33,0.7857,671,0.32,0.7619,36,0.0,0.0,72318,0.325,0.7738,0,0
IWM191018P144,2019-10-11,2019-10-11 09:31:47,0.33,0.7857,673,0.32,0.7619,30,0.0,0.0,72318,0.325,0.7738,0,0
IWM191018P144,2019-10-11,2019-10-11 09:31:48,0.33,0.7857,673,0.32,0.7619,30,0.0,0.0,72318,0.325,0.7738,0,0
IWM191018P144,2019-10-11,2019-10-11 09:31:49,0.33,0.7857,606,0.32,0.7619,30,0.0,0.0,72318,0.325,0.7738,0,0
IWM191018P144,2019-10-11,2019-10-11 09:31:49,0.33,0.7857,729,0.32,0.7619,30,0.0,0.0,72318,0.325,0.7738,0,0
IWM191018P144,2019-10-11,2019-10-11 09:31:50,0.33,0.7857,679,0.32,0.7619,30,0.0,0.0,72318,0.325,0.7738,0,0
IWM191018P144,2019-10-11,2019-10-11 09:31:51,0.33,0.7857,810,0.32,0.7619,30,0.0,0.0,72318,0.325,0.7738,0,0
IWM191018P144,2019-10-11,2019-10-11 09:31:51,0.33,0.7857,679,0.32,0.7619,30,0.0,0.0,72318,0.325,0.7738,0,0
IWM191018P144,2019-10-11,2019-10-11 09:31:52,0.33,0.7857,729,0.32,0.7619,44,0.0,0.0,72318,0.325,0.7738,0,0
IWM191018P144,2019-10-11,2019-10-11 09:31:52,0.33,0.7857,679,0.32,0.7619,36,0.0,0.0,72318,0.325,0.7738,0,0
IWM191018P144,2019-10-11,2019-10-11 09:31:53,0.33,0.7857,780,0.32,0.7619,53,0.0,0.0,72318,0.325,0.7738,0,0
IWM191018P144,2019-10-11,2019-10-11 09:31:53,0.33,0.7857,810,0.32,0.7619,36,0.0,0.0,72318,0.325,0.7738,0,0
IWM191018P144,2019-10-11,2019-10-11 09:31:54,0.33,0.7857,779,0.32,0.7619,53,0.0,0.0,72318,0.325,0.7738,0,0
IWM191018P144,2019-10-11,2019-10-11 09:31:54,0.33,0.7857,792,0.32,0.7619,53,0.0,0.0,72318,0.325,0.7738,0,0
IWM191018P144,2019-10-11,2019-10-11 09:31:55,0.33,0.7857,779,0.32,0.7619,53,0.0,0.0,72318,0.325,0.7738,0,0
IWM191018P144,2019-10-11,2019-10-11 09:31:56,0.33,0.7857,779,0.32,0.7619,48,0.0,0.0,72318,0.325,0.7738,0,0
IWM191018P144,2019-10-11,2019-10-11 09:31:56,0.33,0.7857,906,0.32,0.7619,30,0.0,0.0,72318,0.325,0.7738,0,0
IWM191018P144,2019-10-11,2019-10-11 09:31:57,0.33,0.7857,905,0.32,0.7619,20,0.32,0.7619,2,0.325,0.7738,2,2
IWM191018P144,2019-10-11,2019-10-11 09:31:57,0.33,0.7857,906,0.32,0.7619,30,0.0,0.0,72318,0.325,0.7738,0,0
IWM191018P144,2019-10-11,2019-10-11 09:31:58,0.33,0.7857,125,0.31,0.738,20,0.32,0.7619,2,0.32,0.7619,2,0
IWM191018P144,2019-10-11,2019-10-11 09:31:58,0.33,0.7857,1240,0.32,0.7619,30,0.32,0.7619,2,0.325,0.7738,2,0
IWM191018P144,2019-10-11,2019-10-11 09:31:59,0.32,0.7619,300,0.31,0.738,51,0.32,0.7619,2,0.315,0.75,2,0
IWM191018P144,2019-10-11,2019-10-11 09:31:59,0.32,0.7619,240,0.31,0.738,62,0.32,0.7619,2,0.315,0.75,2,0
IWM191018P144,2019-10-11,2019-10-11 09:32:00,0.32,0.7619,225,0.31,0.738,266,0.32,0.7619,2,0.315,0.75,2,0
IWM191018P144,2019-10-11,2019-10-11 09:32:00,0.32,0.7619,235,0.31,0.738,259,0.32,0.7619,2,0.315,0.75,2,0
IWM191018P144,2019-10-11,2019-10-11 09:32:01,0.32,0.7619,452,0.31,0.738,20,0.32,0.7619,2,0.315,0.75,2,0
IWM191018P144,2019-10-11,2019-10-11 09:32:01,0.32,0.7619,323,0.31,0.738,471,0.32,0.7619,2,0.315,0.75,2,0
IWM191018P144,2019-10-11,2019-10-11 09:32:02,0.32,0.7619,302,0.31,0.738,478,0.32,0.7619,2,0.315,0.75,2,0
IWM191018P144,2019-10-11,2019-10-11 09:32:02,0.32,0.7619,452,0.31,0.738,390,0.32,0.7619,2,0.315,0.75,2,0
IWM191018P144,2019-10-11,2019-10-11 09:32:03,0.32,0.7619,249,0.31,0.738,234,0.32,0.7619,2,0.315,0.75,2,0
IWM191018P144,2019-10-11,2019-10-11 09:32:03,0.32,0.7619,595,0.31,0.738,251,0.32,0.7619,2,0.315,0.75,2,0
IWM191018P144,2019-10-11,2019-10-11 09:32:04,0.32,0.7619,273,0.31,0.738,234,0.32,0.7619,2,0.315,0.75,2,0
IWM191018P144,2019-10-11,2019-10-11 09:32:04,0.32,0.7619,225,0.31,0.738,531,0.32,0.7619,2,0.315,0.75,2,0
IWM191018P144,2019-10-11,2019-10-11 09:32:05,0.32,0.7619,379,0.31,0.738,647,0.32,0.7619,2,0.315,0.75,2,0
IWM191018P144,2019-10-11,2019-10-11 09:32:05,0.32,0.7619,379,0.31,0.738,506,0.32,0.7619,2,0.315,0.75,2,0
IWM191018P144,2019-10-11,2019-10-11 09:32:06,0.32,0.7619,467,0.31,0.738,58,0.32,0.7619,2,0.315,0.75,2,0
IWM191018P144,2019-10-11,2019-10-11 09:32:06,0.32,0.7619,495,0.31,0.738,77,0.32,0.7619,2,0.315,0.75,2,0
IWM191018P144,2019-10-11,2019-10-11 09:32:07,0.32,0.7619,495,0.31,0.738,62,0.32,0.7619,2,0.315,0.75,2,0
IWM191018P144,2019-10-11,2019-10-11 09:32:07,0.32,0.7619,345,0.31,0.738,268,0.32,0.7619,2,0.315,0.75,2,0
IWM191018P144,2019-10-11,2019-10-11 09:32:08,0.32,0.7619,495,0.31,0.738,253,0.32,0.7619,2,0.315,0.75,2,0
IWM191018P144,2019-10-11,2019-10-11 09:32:08,0.32,0.7619,622,0.31,0.738,268,0.32,0.7619,2,0.315,0.75,2,0
IWM191018P144,2019-10-11,2019-10-11 09:32:09,0.32,0.7619,774,0.31,0.738,72,0.32,0.7619,2,0.315,0.75,2,0
IWM191018P144,2019-10-11,2019-10-11 09:32:09,0.32,0.7619,495,0.31,0.738,225,0.32,0.7619,2,0.315,0.75,2,0
IWM191018P144,2019-10-11,2019-10-11 09:32:10,0.32,0.7619,904,0.31,0.738,27,0.32,0.7619,2,0.315,0.75,2,0
IWM191018P144,2019-10-11,2019-10-11 09:32:10,0.32,0.7619,691,0.3,0.7142,584,0.32,0.7619,2,0.31,0.738,2,0
IWM191018P144,2019-10-11,2019-10-11 09:32:11,0.32,0.7619,1084,0.31,0.738,20,0.32,0.7619,2,0.315,0.75,2,0
IWM191018P144,2019-10-11,2019-10-11 09:32:11,0.32,0.7619,1084,0.31,0.738,27,0.32,0.7619,2,0.315,0.75,2,0
IWM191018P144,2019-10-11,2019-10-11 09:32:12,0.31,0.738,315,0.3,0.7142,250,0.32,0.7619,2,0.305,0.7261,2,0
IWM191018P144,2019-10-11,2019-10-11 09:32:12,0.31,0.738,315,0.3,0.7142,284,0.32,0.7619,2,0.305,0.7261,2,0
IWM191018P144,2019-10-11,2019-10-11 09:32:13,0.31,0.738,335,0.3,0.7142,250,0.32,0.7619,2,0.305,0.7261,2,0
IWM191018P144,2019-10-11,2019-10-11 09:32:14,0.31,0.738,335,0.3,0.7142,250,0.32,0.7619,2,0.305,0.7261,2,0
IWM191018P144,2019-10-11,2019-10-11 09:32:14,0.31,0.738,335,0.3,0.7142,258,0.32,0.7619,2,0.305,0.7261,2,0
IWM191018P144,2019-10-11,2019-10-11 09:32:15,0.31,0.738,541,0.3,0.7142,153,0.32,0.7619,2,0.305,0.7261,2,0
IWM191018P144,2019-10-11,2019-10-11 09:32:15,0.31,0.738,369,0.3,0.7142,152,0.32,0.7619,2,0.305,0.7261,2,0
IWM191018P144,2019-10-11,2019-10-11 09:32:16,0.31,0.738,477,0.3,0.7142,152,0.32,0.7619,2,0.305,0.7261,2,0
IWM191018P144,2019-10-11,2019-10-11 09:32:16,0.31,0.738,381,0.3,0.7142,152,0.32,0.7619,2,0.305,0.7261,2,0
IWM191018P144,2019-10-11,2019-10-11 09:32:17,0.31,0.738,225,0.3,0.7142,435,0.32,0.7619,2,0.305,0.7261,2,0
IWM191018P144,2019-10-11,2019-10-11 09:32:17,0.31,0.738,225,0.3,0.7142,290,0.32,0.7619,2,0.305,0.7261,2,0
IWM191018P144,2019-10-11,2019-10-11 09:32:18,0.32,0.7619,1427,0.31,0.738,28,0.32,0.7619,2,0.315,0.75,2,0
IWM191018P144,2019-10-11,2019-10-11 09:32:18,0.32,0.7619,1682,0.31,0.738,28,0.32,0.7619,2,0.315,0.75,2,0
IWM191018P144,2019-10-11,2019-10-11 09:32:19,0.32,0.7619,1682,0.31,0.738,28,0.32,0.7619,2,0.315,0.75,2,0
IWM191018P144,2019-10-11,2019-10-11 09:32:20,0.32,0.7619,1682,0.31,0.738,20,0.32,0.7619,2,0.315,0.75,2,0
IWM191018P144,2019-10-11,2019-10-11 09:32:21,0.32,0.7619,1682,0.31,0.738,23,0.32,0.7619,2,0.315,0.75,2,0
IWM191018P144,2019-10-11,2019-10-11 09:32:22,0.32,0.7619,1682,0.31,0.738,23,0.32,0.7619,2,0.315,0.75,2,0
IWM191018P144,2019-10-11,2019-10-11 09:32:22,0.32,0.7619,1682,0.31,0.738,10,0.32,0.7619,2,0.315,0.75,2,0
IWM191018P144,2019-10-11,2019-10-11 09:32:23,0.32,0.7619,1682,0.31,0.738,26,0.32,0.7619,2,0.315,0.75,2,0
IWM191018P144,2019-10-11,2019-10-11 09:32:24,0.32,0.7619,1682,0.31,0.738,26,0.32,0.7619,2,0.315,0.75,2,0
IWM191018P144,2019-10-11,2019-10-11 09:32:24,0.32,0.7619,1491,0.31,0.738,26,0.32,0.7619,2,0.315,0.75,2,0
IWM191018P144,2019-10-11,2019-10-11 09:32:25,0.32,0.7619,490,0.31,0.738,29,0.32,0.7619,2,0.315,0.75,2,0
IWM191018P144,2019-10-11,2019-10-11 09:32:26,0.32,0.7619,573,0.31,0.738,25,0.32,0.7619,2,0.315,0.75,2,0
IWM191018P144,2019-10-11,2019-10-11 09:32:26,0.32,0.7619,761,0.31,0.738,27,0.32,0.7619,2,0.315,0.75,2,0
IWM191018P144,2019-10-11,2019-10-11 09:32:27,0.32,0.7619,399,0.31,0.738,11,0.32,0.7619,2,0.315,0.75,2,0
IWM191018P144,2019-10-11,2019-10-11 09:32:27,0.32,0.7619,399,0.31,0.738,20,0.32,0.7619,2,0.315,0.75,2,0
IWM191018P144,2019-10-11,2019-10-11 09:32:28,0.32,0.7619,518,0.31,0.738,20,0.32,0.7619,2,0.315,0.75,2,0
IWM191018P144,2019-10-11,2019-10-11 09:32:28,0.32,0.7619,446,0.31,0.738,45,0.32,0.7619,2,0.315,0.75,2,0
IWM191018P144,2019-10-11,2019-10-11 09:32:29,0.32,0.7619,762,0.31,0.738,36,0.32,0.7619,2,0.315,0.75,2,0
IWM191018P144,2019-10-11,2019-10-11 09:32:29,0.32,0.7619,518,0.31,0.738,36,0.32,0.7619,2,0.315,0.75,2,0
IWM191018P144,2019-10-11,2019-10-11 09:32:30,0.32,0.7619,672,0.31,0.738,39,0.32,0.7619,2,0.315,0.75,2,0
IWM191018P144,2019-10-11,2019-10-11 09:32:30,0.32,0.7619,672,0.31,0.738,38,0.32,0.7619,2,0.315,0.75,2,0
IWM191018P144,2019-10-11,2019-10-11 09:32:31,0.32,0.7619,264,0.31,0.738,39,0.32,0.7619,2,0.315,0.75,2,0
IWM191018P144,2019-10-11,2019-10-11 09:32:31,0.32,0.7619,347,0.31,0.738,553,0.32,0.7619,2,0.315,0.75,2,0
IWM191018P144,2019-10-11,2019-10-11 09:32:32,0.32,0.7619,481,0.31,0.738,824,0.32,0.7619,2,0.315,0.75,2,0
IWM191018P144,2019-10-11,2019-10-11 09:32:33,0.32,0.7619,359,0.31,0.738,553,0.32,0.7619,2,0.315,0.75,2,0
IWM191018P144,2019-10-11,2019-10-11 09:32:33,0.32,0.7619,359,0.31,0.738,285,0.32,0.7619,2,0.315,0.75,2,0
IWM191018P144,2019-10-11,2019-10-11 09:32:34,0.32,0.7619,273,0.31,0.738,260,0.32,0.7619,2,0.315,0.75,2,0
IWM191018P144,2019-10-11,2019-10-11 09:32:34,0.32,0.7619,516,0.31,0.738,594,0.32,0.7619,2,0.315,0.75,2,0
IWM191018P144,2019-10-11,2019-10-11 09:32:35,0.32,0.7619,516,0.31,0.738,606,0.32,0.7619,2,0.315,0.75,2,0
IWM191018P144,2019-10-11,2019-10-11 09:32:35,0.32,0.7619,466,0.31,0.738,606,0.32,0.7619,2,0.315,0.75,2,0
IWM191018P144,2019-10-11,2019-10-11 09:32:36,0.33,0.7857,783,0.31,0.738,858,0.32,0.7619,2,0.32,0.7619,2,0
IWM191018P144,2019-10-11,2019-10-11 09:32:36,0.33,0.7857,1166,0.31,0.738,1180,0.32,0.7619,2,0.32,0.7619,2,0
IWM191018P144,2019-10-11,2019-10-11 09:32:37,0.33,0.7857,681,0.31,0.738,890,0.32,0.7619,2,0.32,0.7619,2,0
IWM191018P144,2019-10-11,2019-10-11 09:32:38,0.33,0.7857,1085,0.32,0.7619,39,0.32,0.7619,2,0.325,0.7738,2,0
IWM191018P144,2019-10-11,2019-10-11 09:32:38,0.33,0.7857,1085,0.32,0.7619,148,0.32,0.7619,2,0.325,0.7738,2,0
IWM191018P144,2019-10-11,2019-10-11 09:32:39,0.33,0.7857,1034,0.31,0.738,787,0.32,0.7619,2,0.32,0.7619,2,0
IWM191018P144,2019-10-11,2019-10-11 09:32:39,0.33,0.7857,563,0.31,0.738,595,0.32,0.7619,2,0.32,0.7619,2,0
IWM191018P144,2019-10-11,2019-10-11 09:32:40,0.33,0.7857,506,0.31,0.738,561,0.32,0.7619,2,0.32,0.7619,2,0
IWM191018P144,2019-10-11,2019-10-11 09:32:40,0.33,0.7857,1382,0.31,0.738,1276,0.32,0.7619,2,0.32,0.7619,2,0
IWM191018P144,2019-10-11,2019-10-11 09:32:41,0.33,0.7857,1382,0.31,0.738,1276,0.32,0.7619,2,0.32,0.7619,2,0
IWM191018P144,2019-10-11,2019-10-11 09:32:41,0.33,0.7857,1382,0.31,0.738,1368,0.32,0.7619,2,0.32,0.7619,2,0
IWM191018P144,2019-10-11,2019-10-11 09:32:42,0.33,0.7857,1519,0.31,0.738,580,0.32,0.7619,2,0.32,0.7619,2,0
IWM191018P144,2019-10-11,2019-10-11 09:32:43,0.33,0.7857,1519,0.31,0.738,580,0.32,0.7619,2,0.32,0.7619,2,0
IWM191018P144,2019-10-11,2019-10-11 09:32:43,0.33,0.7857,719,0.31,0.738,550,0.32,0.7619,2,0.32,0.7619,2,0
IWM191018P144,2019-10-11,2019-10-11 09:32:44,0.33,0.7857,1089,0.32,0.7619,41,0.32,0.7619,2,0.325,0.7738,2,0
IWM191018P144,2019-10-11,2019-10-11 09:32:45,0.33,0.7857,1219,0.32,0.7619,46,0.32,0.7619,2,0.325,0.7738,2,0
IWM191018P144,2019-10-11,2019-10-11 09:32:45,0.33,0.7857,1302,0.32,0.7619,27,0.32,0.7619,2,0.325,0.7738,2,0
IWM191018P144,2019-10-11,2019-10-11 09:32:46,0.33,0.7857,1302,0.32,0.7619,37,0.32,0.7619,2,0.325,0.7738,2,0
IWM191018P144,2019-10-11,2019-10-11 09:32:46,0.33,0.7857,1219,0.32,0.7619,33,0.32,0.7619,2,0.325,0.7738,2,0
IWM191018P144,2019-10-11,2019-10-11 09:32:47,0.32,0.7619,225,0.31,0.738,396,0.32,0.7619,2,0.315,0.75,2,0
IWM191018P144,2019-10-11,2019-10-11 09:32:47,0.33,0.7857,1185,0.31,0.738,337,0.32,0.7619,2,0.32,0.7619,2,0
IWM191018P144,2019-10-11,2019-10-11 09:32:48,0.32,0.7619,225,0.31,0.738,226,0.32,0.7619,2,0.315,0.75,2,0
IWM191018P144,2019-10-11,2019-10-11 09:32:48,0.32,0.7619,453,0.31,0.738,226,0.32,0.7619,2,0.315,0.75,2,0
IWM191018P144,2019-10-11,2019-10-11 09:32:49,0.32,0.7619,276,0.31,0.738,393,0.32,0.7619,2,0.315,0.75,2,0
IWM191018P144,2019-10-11,2019-10-11 09:32:49,0.32,0.7619,453,0.31,0.738,52,0.32,0.7619,2,0.315,0.75,2,0
IWM191018P144,2019-10-11,2019-10-11 09:32:50,0.32,0.7619,606,0.3,0.7142,2068,0.32,0.7619,2,0.31,0.738,2,0
IWM191018P144,2019-10-11,2019-10-11 09:32:50,0.32,0.7619,355,0.3,0.7142,1045,0.32,0.7619,2,0.31,0.738,2,0
IWM191018P144,2019-10-11,2019-10-11 09:32:51,0.32,0.7619,656,0.31,0.738,22,0.32,0.7619,2,0.315,0.75,2,0
IWM191018P144,2019-10-11,2019-10-11 09:32:52,0.32,0.7619,733,0.31,0.738,292,0.32,0.7619,2,0.315,0.75,2,0
IWM191018P144,2019-10-11,2019-10-11 09:32:52,0.32,0.7619,656,0.31,0.738,181,0.32,0.7619,2,0.315,0.75,2,0
IWM191018P144,2019-10-11,2019-10-11 09:32:53,0.32,0.7619,656,0.31,0.738,292,0.32,0.7619,2,0.315,0.75,2,0
IWM191018P144,2019-10-11,2019-10-11 09:32:54,0.32,0.7619,590,0.31,0.738,228,0.32,0.7619,2,0.315,0.75,2,0
IWM191018P144,2019-10-11,2019-10-11 09:32:54,0.32,0.7619,656,0.31,0.738,179,0.32,0.7619,2,0.315,0.75,2,0
IWM191018P144,2019-10-11,2019-10-11 09:32:55,0.32,0.7619,590,0.31,0.738,228,0.32,0.7619,2,0.315,0.75,2,0
IWM191018P144,2019-10-11,2019-10-11 09:32:55,0.32,0.7619,710,0.31,0.738,214,0.32,0.7619,2,0.315,0.75,2,0
IWM191018P144,2019-10-11,2019-10-11 09:32:56,0.32,0.7619,305,0.31,0.738,35,0.32,0.7619,2,0.315,0.75,2,0
IWM191018P144,2019-10-11,2019-10-11 09:32:57,0.32,0.7619,1,0.31,0.738,443,0.32,0.7619,2,0.315,0.75,2,0
IWM191018P144,2019-10-11,2019-10-11 09:32:57,0.32,0.7619,126,0.31,0.738,152,0.32,0.7619,2,0.315,0.75,2,0
IWM191018P144,2019-10-11,2019-10-11 09:32:58,0.32,0.7619,518,0.31,0.738,372,0.32,0.7619,2,0.315,0.75,2,0
IWM191018P144,2019-10-11,2019-10-11 09:32:58,0.32,0.7619,564,0.31,0.738,382,0.32,0.7619,2,0.315,0.75,2,0
IWM191018P144,2019-10-11,2019-10-11 09:32:59,0.32,0.7619,511,0.31,0.738,372,0.32,0.7619,2,0.315,0.75,2,0
IWM191018P144,2019-10-11,2019-10-11 09:32:59,0.32,0.7619,481,0.31,0.738,372,0.32,0.7619,2,0.315,0.75,2,0
IWM191018P144,2019-10-11,2019-10-11 09:33:00,0.33,0.7857,498,0.31,0.738,1104,0.32,0.7619,2,0.32,0.7619,2,0
IWM191018P144,2019-10-11,2019-10-11 09:33:00,0.32,0.7619,481,0.31,0.738,741,0.32,0.7619,2,0.315,0.75,2,0
IWM191018P144,2019-10-11,2019-10-11 09:33:01,0.33,0.7857,44,0.32,0.7619,247,0.32,0.7619,2,0.325,0.7738,2,0
IWM191018P144,2019-10-11,2019-10-11 09:33:01,0.33,0.7857,356,0.32,0.7619,20,0.32,0.7619,2,0.325,0.7738,2,0
IWM191018P144,2019-10-11,2019-10-11 09:33:02,0.33,0.7857,444,0.32,0.7619,222,0.32,0.7619,2,0.325,0.7738,2,0
IWM191018P144,2019-10-11,2019-10-11 09:33:02,0.33,0.7857,25,0.32,0.7619,478,0.32,0.7619,2,0.325,0.7738,2,0
IWM191018P144,2019-10-11,2019-10-11 09:33:03,0.33,0.7857,550,0.32,0.7619,336,0.32,0.7619,2,0.325,0.7738,2,0
IWM191018P144,2019-10-11,2019-10-11 09:33:03,0.33,0.7857,550,0.32,0.7619,221,0.32,0.7619,2,0.325,0.7738,2,0
IWM191018P144,2019-10-11,2019-10-11 09:33:04,0.33,0.7857,226,0.32,0.7619,361,0.32,0.7619,2,0.325,0.7738,2,0
IWM191018P144,2019-10-11,2019-10-11 09:33:04,0.33,0.7857,653,0.32,0.7619,336,0.32,0.7619,2,0.325,0.7738,2,0
IWM191018P144,2019-10-11,2019-10-11 09:33:05,0.33,0.7857,225,0.32,0.7619,361,0.32,0.7619,2,0.325,0.7738,2,0
IWM191018P144,2019-10-11,2019-10-11 09:33:05,0.33,0.7857,225,0.32,0.7619,480,0.32,0.7619,2,0.325,0.7738,2,0
IWM191018P144,2019-10-11,2019-10-11 09:33:06,0.33,0.7857,225,0.32,0.7619,480,0.32,0.7619,2,0.325,0.7738,2,0
IWM191018P144,2019-10-11,2019-10-11 09:33:06,0.34,0.8095,965,0.32,0.7619,291,0.32,0.7619,2,0.33,0.7857,2,0
IWM191018P144,2019-10-11,2019-10-11 09:33:07,0.33,0.7857,20,0.32,0.7619,972,0.32,0.7619,2,0.325,0.7738,2,0
IWM191018P144,2019-10-11,2019-10-11 09:33:07,0.33,0.7857,20,0.32,0.7619,666,0.32,0.7619,2,0.325,0.7738,2,0
IWM191018P144,2019-10-11,2019-10-11 09:33:08,0.33,0.7857,271,0.32,0.7619,772,0.32,0.7619,2,0.325,0.7738,2,0
IWM191018P144,2019-10-11,2019-10-11 09:33:08,0.33,0.7857,240,0.32,0.7619,972,0.32,0.7619,2,0.325,0.7738,2,0
IWM191018P144,2019-10-11,2019-10-11 09:33:09,0.33,0.7857,271,0.32,0.7619,772,0.32,0.7619,2,0.325,0.7738,2,0
IWM191018P144,2019-10-11,2019-10-11 09:33:09,0.33,0.7857,420,0.32,0.7619,34,0.32,0.7619,2,0.325,0.7738,2,0
IWM191018P144,2019-10-11,2019-10-11 09:33:10,0.33,0.7857,487,0.31,0.738,1090,0.32,0.7619,2,0.32,0.7619,2,0
IWM191018P144,2019-10-11,2019-10-11 09:33:11,0.33,0.7857,349,0.32,0.7619,47,0.32,0.7619,2,0.325,0.7738,2,0
IWM191018P144,2019-10-11,2019-10-11 09:33:11,0.33,0.7857,439,0.32,0.7619,36,0.32,0.7619,2,0.325,0.7738,2,0
IWM191018P144,2019-10-11,2019-10-11 09:33:12,0.33,0.7857,595,0.32,0.7619,176,0.32,0.7619,2,0.325,0.7738,2,0
IWM191018P144,2019-10-11,2019-10-11 09:33:13,0.33,0.7857,578,0.32,0.7619,33,0.32,0.7619,2,0.325,0.7738,2,0
IWM191018P144,2019-10-11,2019-10-11 09:33:13,0.33,0.7857,825,0.32,0.7619,20,0.32,0.7619,2,0.325,0.7738,2,0
IWM191018P144,2019-10-11,2019-10-11 09:33:14,0.33,0.7857,460,0.32,0.7619,20,0.32,0.7619,2,0.325,0.7738,2,0
IWM191018P144,2019-10-11,2019-10-11 09:33:14,0.32,0.7619,225,0.31,0.738,606,0.32,0.7619,2,0.315,0.75,2,0
IWM191018P144,2019-10-11,2019-10-11 09:33:15,0.32,0.7619,240,0.31,0.738,1316,0.32,0.7619,2,0.315,0.75,2,0
IWM191018P144,2019-10-11,2019-10-11 09:33:15,0.32,0.7619,225,0.31,0.738,1316,0.32,0.7619,2,0.315,0.75,2,0
IWM191018P144,2019-10-11,2019-10-11 09:33:16,0.32,0.7619,298,0.31,0.738,1192,0.32,0.7619,2,0.315,0.75,2,0
IWM191018P144,2019-10-11,2019-10-11 09:33:16,0.32,0.7619,298,0.31,0.738,1005,0.32,0.7619,2,0.315,0.75,2,0
IWM191018P144,2019-10-11,2019-10-11 09:33:17,0.32,0.7619,275,0.31,0.738,1009,0.32,0.7619,2,0.315,0.75,2,0
IWM191018P144,2019-10-11,2019-10-11 09:33:17,0.32,0.7619,275,0.31,0.738,1691,0.32,0.7619,2,0.315,0.75,2,0
IWM191018P144,2019-10-11,2019-10-11 09:33:18,0.33,0.7857,885,0.31,0.738,1034,0.32,0.7619,2,0.32,0.7619,2,0
IWM191018P144,2019-10-11,2019-10-11 09:33:18,0.33,0.7857,885,0.31,0.738,877,0.32,0.7619,2,0.32,0.7619,2,0
IWM191018P144,2019-10-11,2019-10-11 09:33:19,0.33,0.7857,591,0.31,0.738,1146,0.32,0.7619,2,0.32,0.7619,2,0
IWM191018P144,2019-10-11,2019-10-11 09:33:19,0.33,0.7857,871,0.32,0.7619,10,0.32,0.7619,2,0.325,0.7738,2,0
IWM191018P144,2019-10-11,2019-10-11 09:33:20,0.33,0.7857,652,0.32,0.7619,20,0.32,0.7619,2,0.325,0.7738,2,0
IWM191018P144,2019-10-11,2019-10-11 09:33:20,0.33,0.7857,871,0.32,0.7619,20,0.32,0.7619,2,0.325,0.7738,2,0
IWM191018P144,2019-10-11,2019-10-11 09:33:21,0.33,0.7857,748,0.32,0.7619,32,0.32,0.7619,2,0.325,0.7738,2,0
IWM191018P144,2019-10-11,2019-10-11 09:33:21,0.33,0.7857,778,0.31,0.738,395,0.32,0.7619,2,0.32,0.7619,2,0
IWM191018P144,2019-10-11,2019-10-11 09:33:22,0.33,0.7857,778,0.31,0.738,1178,0.32,0.7619,2,0.32,0.7619,2,0
IWM191018P144,2019-10-11,2019-10-11 09:33:22,0.32,0.7619,321,0.31,0.738,781,0.32,0.7619,2,0.315,0.75,2,0
IWM191018P144,2019-10-11,2019-10-11 09:33:23,0.32,0.7619,225,0.31,0.738,1453,0.32,0.7619,2,0.315,0.75,2,0
IWM191018P144,2019-10-11,2019-10-11 09:33:23,0.32,0.7619,225,0.31,0.738,1441,0.32,0.7619,2,0.315,0.75,2,0
IWM191018P144,2019-10-11,2019-10-11 09:33:24,0.32,0.7619,28,0.31,0.738,928,0.32,0.7619,2,0.315,0.75,2,0
IWM191018P144,2019-10-11,2019-10-11 09:33:24,0.32,0.7619,225,0.31,0.738,1303,0.32,0.7619,2,0.315,0.75,2,0
IWM191018P144,2019-10-11,2019-10-11 09:33:25,0.33,0.7857,527,0.32,0.7619,20,0.32,0.7619,2,0.325,0.7738,2,0
IWM191018P144,2019-10-11,2019-10-11 09:33:25,0.33,0.7857,612,0.32,0.7619,238,0.32,0.7619,2,0.325,0.7738,2,0
IWM191018P144,2019-10-11,2019-10-11 09:33:26,0.33,0.7857,739,0.32,0.7619,244,0.32,0.7619,2,0.325,0.7738,2,0
IWM191018P144,2019-10-11,2019-10-11 09:33:27,0.33,0.7857,739,0.32,0.7619,236,0.32,0.7619,2,0.325,0.7738,2,0
IWM191018P144,2019-10-11,2019-10-11 09:33:27,0.33,0.7857,612,0.32,0.7619,244,0.32,0.7619,2,0.325,0.7738,2,0
IWM191018P144,2019-10-11,2019-10-11 09:33:28,0.33,0.7857,789,0.32,0.7619,36,0.32,0.7619,2,0.325,0.7738,2,0
IWM191018P144,2019-10-11,2019-10-11 09:33:28,0.33,0.7857,697,0.31,0.738,1031,0.32,0.7619,2,0.32,0.7619,2,0
IWM191018P144,2019-10-11,2019-10-11 09:33:29,0.33,0.7857,825,0.31,0.738,1429,0.32,0.7619,2,0.32,0.7619,2,0
IWM191018P144,2019-10-11,2019-10-11 09:33:30,0.33,0.7857,465,0.31,0.738,717,0.32,0.7619,2,0.32,0.7619,2,0
IWM191018P144,2019-10-11,2019-10-11 09:33:31,0.33,0.7857,485,0.31,0.738,729,0.32,0.7619,2,0.32,0.7619,2,0
IWM191018P144,2019-10-11,2019-10-11 09:33:31,0.33,0.7857,769,0.31,0.738,1010,0.32,0.7619,2,0.32,0.7619,2,0
IWM191018P144,2019-10-11,2019-10-11 09:33:32,0.33,0.7857,769,0.31,0.738,821,0.32,0.7619,2,0.32,0.7619,2,0
IWM191018P144,2019-10-11,2019-10-11 09:33:32,0.33,0.7857,735,0.31,0.738,1020,0.32,0.7619,2,0.32,0.7619,2,0
IWM191018P144,2019-10-11,2019-10-11 09:33:33,0.32,0.7619,397,0.31,0.738,322,0.32,0.7619,2,0.315,0.75,2,0
IWM191018P144,2019-10-11,2019-10-11 09:33:33,0.33,0.7857,610,0.31,0.738,385,0.32,0.7619,2,0.32,0.7619,2,0
IWM191018P144,2019-10-11,2019-10-11 09:33:34,0.32,0.7619,681,0.31,0.738,322,0.32,0.7619,2,0.315,0.75,2,0
IWM191018P144,2019-10-11,2019-10-11 09:33:34,0.32,0.7619,402,0.31,0.738,322,0.32,0.7619,2,0.315,0.75,2,0
IWM191018P144,2019-10-11,2019-10-11 09:33:35,0.32,0.7619,813,0.31,0.738,322,0.32,0.7619,2,0.315,0.75,2,0
IWM191018P144,2019-10-11,2019-10-11 09:33:35,0.32,0.7619,631,0.31,0.738,322,0.32,0.7619,2,0.315,0.75,2,0
IWM191018P144,2019-10-11,2019-10-11 09:33:36,0.32,0.7619,813,0.31,0.738,322,0.32,0.7619,2,0.315,0.75,2,0
IWM191018P144,2019-10-11,2019-10-11 09:33:36,0.32,0.7619,813,0.31,0.738,54,0.32,0.7619,2,0.315,0.75,2,0
IWM191018P144,2019-10-11,2019-10-11 09:33:37,0.32,0.7619,763,0.31,0.738,318,0.32,0.7619,2,0.315,0.75,2,0
IWM191018P144,2019-10-11,2019-10-11 09:33:37,0.32,0.7619,763,0.31,0.738,216,0.32,0.7619,2,0.315,0.75,2,0
IWM191018P144,2019-10-11,2019-10-11 09:33:38,0.32,0.7619,901,0.31,0.738,318,0.32,0.7619,2,0.315,0.75,2,0
IWM191018P144,2019-10-11,2019-10-11 09:33:39,0.32,0.7619,901,0.31,0.738,318,0.32,0.7619,2,0.315,0.75,2,0
IWM191018P144,2019-10-11,2019-10-11 09:33:40,0.32,0.7619,729,0.31,0.738,170,0.32,0.7619,2,0.315,0.75,2,0
IWM191018P144,2019-10-11,2019-10-11 09:33:40,0.32,0.7619,856,0.31,0.738,237,0.32,0.7619,2,0.315,0.75,2,0
IWM191018P144,2019-10-11,2019-10-11 09:33:41,0.32,0.7619,497,0.31,0.738,42,0.32,0.7619,2,0.315,0.75,2,0
IWM191018P144,2019-10-11,2019-10-11 09:33:41,0.32,0.7619,856,0.31,0.738,303,0.32,0.7619,2,0.315,0.75,2,0
IWM191018P144,2019-10-11,2019-10-11 09:33:42,0.32,0.7619,877,0.31,0.738,237,0.32,0.7619,2,0.315,0.75,2,0
IWM191018P144,2019-10-11,2019-10-11 09:33:43,0.32,0.7619,877,0.31,0.738,237,0.32,0.7619,2,0.315,0.75,2,0
IWM191018P144,2019-10-11,2019-10-11 09:33:43,0.32,0.7619,1004,0.31,0.738,222,0.32,0.7619,2,0.315,0.75,2,0
IWM191018P144,2019-10-11,2019-10-11 09:33:44,0.32,0.7619,774,0.31,0.738,339,0.32,0.7619,2,0.315,0.75,2,0
IWM191018P144,2019-10-11,2019-10-11 09:33:44,0.32,0.7619,724,0.31,0.738,20,0.32,0.7619,2,0.315,0.75,2,0
IWM191018P144,2019-10-11,2019-10-11 09:33:45,0.32,0.7619,868,0.31,0.738,163,0.32,0.7619,2,0.315,0.75,2,0
IWM191018P144,2019-10-11,2019-10-11 09:33:45,0.32,0.7619,945,0.31,0.738,320,0.32,0.7619,2,0.315,0.75,2,0
IWM191018P144,2019-10-11,2019-10-11 09:33:46,0.32,0.7619,995,0.31,0.738,310,0.32,0.7619,2,0.315,0.75,2,0
IWM191018P144,2019-10-11,2019-10-11 09:33:47,0.32,0.7619,863,0.31,0.738,310,0.32,0.7619,2,0.315,0.75,2,0
IWM191018P144,2019-10-11,2019-10-11 09:33:48,0.32,0.7619,863,0.31,0.738,320,0.32,0.7619,2,0.315,0.75,2,0
IWM191018P144,2019-10-11,2019-10-11 09:33:48,0.32,0.7619,863,0.31,0.738,310,0.32,0.7619,2,0.315,0.75,2,0
IWM191018P144,2019-10-11,2019-10-11 09:33:49,0.32,0.7619,863,0.31,0.738,260,0.32,0.7619,2,0.315,0.75,2,0
IWM191018P144,2019-10-11,2019-10-11 09:33:50,0.32,0.7619,977,0.31,0.738,260,0.32,0.7619,2,0.315,0.75,2,0
IWM191018P144,2019-10-11,2019-10-11 09:33:51,0.32,0.7619,977,0.31,0.738,260,0.32,0.7619,2,0.315,0.75,2,0
IWM191018P144,2019-10-11,2019-10-11 09:33:52,0.32,0.7619,977,0.31,0.738,260,0.32,0.7619,2,0.315,0.75,2,0
IWM191018P144,2019-10-11,2019-10-11 09:33:52,0.32,0.7619,324,0.31,0.738,35,0.32,0.7619,2,0.315,0.75,2,0
IWM191018P144,2019-10-11,2019-10-11 09:33:53,0.32,0.7619,729,0.31,0.738,325,0.32,0.7619,2,0.315,0.75,2,0
IWM191018P144,2019-10-11,2019-10-11 09:33:53,0.32,0.7619,761,0.31,0.738,219,0.32,0.7619,2,0.315,0.75,2,0
IWM191018P144,2019-10-11,2019-10-11 09:33:54,0.32,0.7619,779,0.31,0.738,323,0.32,0.7619,2,0.315,0.75,2,0
IWM191018P144,2019-10-11,2019-10-11 09:33:54,0.32,0.7619,729,0.31,0.738,205,0.32,0.7619,2,0.315,0.75,2,0
IWM191018P144,2019-10-11,2019-10-11 09:33:55,0.32,0.7619,842,0.31,0.738,21,0.32,0.7619,2,0.315,0.75,2,0
IWM191018P144,2019-10-11,2019-10-11 09:33:55,0.32,0.7619,747,0.31,0.738,323,0.32,0.7619,2,0.315,0.75,2,0
IWM191018P144,2019-10-11,2019-10-11 09:33:56,0.32,0.7619,862,0.31,0.738,313,0.32,0.7619,2,0.315,0.75,2,0
IWM191018P144,2019-10-11,2019-10-11 09:33:56,0.32,0.7619,862,0.31,0.738,194,0.32,0.7619,2,0.315,0.75,2,0
IWM191018P144,2019-10-11,2019-10-11 09:33:57,0.32,0.7619,343,0.31,0.738,289,0.32,0.7619,2,0.315,0.75,2,0
IWM191018P144,2019-10-11,2019-10-11 09:33:57,0.32,0.7619,425,0.31,0.738,365,0.32,0.7619,2,0.315,0.75,2,0
IWM191018P144,2019-10-11,2019-10-11 09:33:58,0.32,0.7619,393,0.31,0.738,37,0.32,0.7619,2,0.315,0.75,2,0
IWM191018P144,2019-10-11,2019-10-11 09:33:58,0.32,0.7619,514,0.31,0.738,24,0.32,0.7619,2,0.315,0.75,2,0
IWM191018P144,2019-10-11,2019-10-11 09:33:59,0.32,0.7619,883,0.31,0.738,37,0.32,0.7619,2,0.315,0.75,2,0
IWM191018P144,2019-10-11,2019-10-11 09:33:59,0.32,0.7619,933,0.31,0.738,183,0.32,0.7619,2,0.315,0.75,2,0
IWM191018P144,2019-10-11,2019-10-11 09:34:00,0.31,0.738,417,0.3,0.7142,256,0.32,0.7619,2,0.305,0.7261,2,0
IWM191018P144,2019-10-11,2019-10-11 09:34:00,0.31,0.738,240,0.3,0.7142,231,0.32,0.7619,2,0.305,0.7261,2,0
IWM191018P144,2019-10-11,2019-10-11 09:34:01,0.31,0.738,338,0.3,0.7142,322,0.32,0.7619,2,0.305,0.7261,2,0
IWM191018P144,2019-10-11,2019-10-11 09:34:01,0.31,0.738,476,0.3,0.7142,322,0.32,0.7619,2,0.305,0.7261,2,0
IWM191018P144,2019-10-11,2019-10-11 09:34:02,0.31,0.738,659,0.3,0.7142,322,0.32,0.7619,2,0.305,0.7261,2,0
IWM191018P144,2019-10-11,2019-10-11 09:34:03,0.31,0.738,448,0.3,0.7142,358,0.32,0.7619,2,0.305,0.7261,2,0
IWM191018P144,2019-10-11,2019-10-11 09:34:03,0.31,0.738,272,0.3,0.7142,322,0.32,0.7619,2,0.305,0.7261,2,0
IWM191018P144,2019-10-11,2019-10-11 09:34:04,0.31,0.738,353,0.3,0.7142,358,0.32,0.7619,2,0.305,0.7261,2,0
IWM191018P144,2019-10-11,2019-10-11 09:34:04,0.31,0.738,385,0.3,0.7142,297,0.32,0.7619,2,0.305,0.7261,2,0
IWM191018P144,2019-10-11,2019-10-11 09:34:05,0.31,0.738,575,0.3,0.7142,307,0.32,0.7619,2,0.305,0.7261,2,0
IWM191018P144,2019-10-11,2019-10-11 09:34:05,0.31,0.738,575,0.3,0.7142,297,0.32,0.7619,2,0.305,0.7261,2,0
IWM191018P144,2019-10-11,2019-10-11 09:34:06,0.31,0.738,289,0.3,0.7142,240,0.32,0.7619,2,0.305,0.7261,2,0
IWM191018P144,2019-10-11,2019-10-11 09:34:06,0.31,0.738,697,0.3,0.7142,314,0.32,0.7619,2,0.305,0.7261,2,0
IWM191018P144,2019-10-11,2019-10-11 09:34:07,0.31,0.738,412,0.3,0.7142,314,0.32,0.7619,2,0.305,0.7261,2,0
IWM191018P144,2019-10-11,2019-10-11 09:34:08,0.31,0.738,520,0.3,0.7142,324,0.32,0.7619,2,0.305,0.7261,2,0
IWM191018P144,2019-10-11,2019-10-11 09:34:08,0.31,0.738,412,0.3,0.7142,324,0.32,0.7619,2,0.305,0.7261,2,0
IWM191018P144,2019-10-11,2019-10-11 09:34:09,0.31,0.738,552,0.3,0.7142,349,0.32,0.7619,2,0.305,0.7261,2,0
IWM191018P144,2019-10-11,2019-10-11 09:34:09,0.31,0.738,552,0.3,0.7142,324,0.32,0.7619,2,0.305,0.7261,2,0
IWM191018P144,2019-10-11,2019-10-11 09:34:10,0.32,0.7619,980,0.3,0.7142,1166,0.32,0.7619,2,0.31,0.738,2,0
IWM191018P144,2019-10-11,2019-10-11 09:34:10,0.32,0.7619,816,0.3,0.7142,1159,0.32,0.7619,2,0.31,0.738,2,0
IWM191018P144,2019-10-11,2019-10-11 09:34:11,0.32,0.7619,816,0.3,0.7142,1166,0.32,0.7619,2,0.31,0.738,2,0
IWM191018P144,2019-10-11,2019-10-11 09:34:11,0.32,0.7619,1028,0.3,0.7142,122,0.32,0.7619,2,0.31,0.738,2,0
IWM191018P144,2019-10-11,2019-10-11 09:34:12,0.31,0.738,225,0.3,0.7142,534,0.32,0.7619,2,0.305,0.7261,2,0
IWM191018P144,2019-10-11,2019-10-11 09:34:12,0.32,0.7619,1028,0.3,0.7142,403,0.32,0.7619,2,0.31,0.738,2,0
IWM191018P144,2019-10-11,2019-10-11 09:34:13,0.31,0.738,225,0.3,0.7142,453,0.32,0.7619,2,0.305,0.7261,2,0
IWM191018P144,2019-10-11,2019-10-11 09:34:13,0.32,0.7619,1448,0.3,0.7142,1076,0.32,0.7619,2,0.31,0.738,2,0
IWM191018P144,2019-10-11,2019-10-11 09:34:14,0.32,0.7619,1148,0.3,0.7142,1246,0.32,0.7619,2,0.31,0.738,2,0
IWM191018P144,2019-10-11,2019-10-11 09:34:14,0.32,0.7619,1148,0.3,0.7142,1196,0.32,0.7619,2,0.31,0.738,2,0
IWM191018P144,2019-10-11,2019-10-11 09:34:15,0.32,0.7619,1148,0.31,0.738,53,0.32,0.7619,2,0.315,0.75,2,0
IWM191018P144,2019-10-11,2019-10-11 09:34:15,0.32,0.7619,1098,0.31,0.738,10,0.32,0.7619,2,0.315,0.75,2,0
IWM191018P144,2019-10-11,2019-10-11 09:34:16,0.32,0.7619,1148,0.3,0.7142,1196,0.32,0.7619,2,0.31,0.738,2,0
IWM191018P144,2019-10-11,2019-10-11 09:34:16,0.32,0.7619,978,0.3,0.7142,1196,0.32,0.7619,2,0.31,0.738,2,0
IWM191018P144,2019-10-11,2019-10-11 09:34:17,0.31,0.738,225,0.3,0.7142,951,0.32,0.7619,2,0.305,0.7261,2,0
IWM191018P144,2019-10-11,2019-10-11 09:34:17,0.31,0.738,225,0.3,0.7142,1196,0.32,0.7619,2,0.305,0.7261,2,0
IWM191018P144,2019-10-11,2019-10-11 09:34:18,0.31,0.738,225,0.3,0.7142,951,0.32,0.7619,2,0.305,0.7261,2,0
IWM191018P144,2019-10-11,2019-10-11 09:34:18,0.31,0.738,655,0.3,0.7142,238,0.32,0.7619,2,0.305,0.7261,2,0
IWM191018P144,2019-10-11,2019-10-11 09:34:19,0.31,0.738,717,0.3,0.7142,42,0.32,0.7619,2,0.305,0.7261,2,0
IWM191018P144,2019-10-11,2019-10-11 09:34:19,0.31,0.738,813,0.3,0.7142,326,0.32,0.7619,2,0.305,0.7261,2,0
IWM191018P144,2019-10-11,2019-10-11 09:34:20,0.31,0.738,265,0.3,0.7142,312,0.32,0.7619,2,0.305,0.7261,2,0
IWM191018P144,2019-10-11,2019-10-11 09:34:20,0.31,0.738,335,0.3,0.7142,529,0.32,0.7619,2,0.305,0.7261,2,0
IWM191018P144,2019-10-11,2019-10-11 09:34:21,0.31,0.738,335,0.3,0.7142,529,0.32,0.7619,2,0.305,0.7261,2,0
IWM191018P144,2019-10-11,2019-10-11 09:34:21,0.31,0.738,265,0.3,0.7142,539,0.32,0.7619,2,0.305,0.7261,2,0
IWM191018P144,2019-10-11,2019-10-11 09:34:22,0.31,0.738,265,0.3,0.7142,246,0.32,0.7619,2,0.305,0.7261,2,0
IWM191018P144,2019-10-11,2019-10-11 09:34:22,0.31,0.738,387,0.3,0.7142,332,0.32,0.7619,2,0.305,0.7261,2,0
IWM191018P144,2019-10-11,2019-10-11 09:34:23,0.32,0.7619,943,0.3,0.7142,566,0.32,0.7619,2,0.31,0.738,2,0
IWM191018P144,2019-10-11,2019-10-11 09:34:24,0.32,0.7619,1052,0.3,0.7142,330,0.32,0.7619,2,0.31,0.738,2,0
IWM191018P144,2019-10-11,2019-10-11 09:34:24,0.32,0.7619,1009,0.3,0.7142,497,0.32,0.7619,2,0.31,0.738,2,0
IWM191018P144,2019-10-11,2019-10-11 09:34:25,0.32,0.7619,510,0.3,0.7142,712,0.32,0.7619,2,0.31,0.738,2,0
IWM191018P144,2019-10-11,2019-10-11 09:34:25,0.31,0.738,165,0.3,0.7142,10,0.32,0.7619,2,0.305,0.7261,2,0
IWM191018P144,2019-10-11,2019-10-11 09:34:26,0.31,0.738,695,0.29,0.6904,902,0.32,0.7619,2,0.3,0.7142,2,0
IWM191018P144,2019-10-11,2019-10-11 09:34:26,0.31,0.738,607,0.29,0.6904,890,0.32,0.7619,2,0.3,0.7142,2,0
IWM191018P144,2019-10-11,2019-10-11 09:34:27,0.31,0.738,603,0.3,0.7142,32,0.32,0.7619,2,0.305,0.7261,2,0
IWM191018P144,2019-10-11,2019-10-11 09:34:28,0.31,0.738,674,0.3,0.7142,44,0.32,0.7619,2,0.305,0.7261,2,0
IWM191018P144,2019-10-11,2019-10-11 09:34:28,0.31,0.738,558,0.3,0.7142,27,0.32,0.7619,2,0.305,0.7261,2,0
IWM191018P144,2019-10-11,2019-10-11 09:34:29,0.31,0.738,656,0.3,0.7142,27,0.32,0.7619,2,0.305,0.7261,2,0
IWM191018P144,2019-10-11,2019-10-11 09:34:29,0.31,0.738,558,0.3,0.7142,27,0.32,0.7619,2,0.305,0.7261,2,0
IWM191018P144,2019-10-11,2019-10-11 09:34:30,0.31,0.738,265,0.3,0.7142,35,0.32,0.7619,2,0.305,0.7261,2,0
IWM191018P144,2019-10-11,2019-10-11 09:34:30,0.31,0.738,243,0.3,0.7142,286,0.32,0.7619,2,0.305,0.7261,2,0
IWM191018P144,2019-10-11,2019-10-11 09:34:31,0.32,0.7619,729,0.3,0.7142,315,0.32,0.7619,2,0.31,0.738,2,0
IWM191018P144,2019-10-11,2019-10-11 09:34:31,0.32,0.7619,1145,0.3,0.7142,901,0.32,0.7619,2,0.31,0.738,2,0
IWM191018P144,2019-10-11,2019-10-11 09:34:32,0.32,0.7619,1284,0.3,0.7142,798,0.32,0.7619,2,0.31,0.738,2,0
IWM191018P144,2019-10-11,2019-10-11 09:34:32,0.32,0.7619,1284,0.3,0.7142,629,0.32,0.7619,2,0.31,0.738,2,0
IWM191018P144,2019-10-11,2019-10-11 09:34:33,0.32,0.7619,628,0.3,0.7142,335,0.32,0.7619,2,0.31,0.738,2,0
IWM191018P144,2019-10-11,2019-10-11 09:34:34,0.31,0.738,258,0.3,0.7142,917,0.32,0.7619,2,0.305,0.7261,2,0
IWM191018P144,2019-10-11,2019-10-11 09:34:34,0.32,0.7619,1057,0.3,0.7142,791,0.32,0.7619,2,0.31,0.738,2,0
IWM191018P144,2019-10-11,2019-10-11 09:34:35,0.31,0.738,258,0.3,0.7142,917,0.32,0.7619,2,0.305,0.7261,2,0
IWM191018P144,2019-10-11,2019-10-11 09:34:36,0.31,0.738,384,0.3,0.7142,917,0.32,0.7619,2,0.305,0.7261,2,0
IWM191018P144,2019-10-11,2019-10-11 09:34:37,0.31,0.738,525,0.3,0.7142,388,0.32,0.7619,2,0.305,0.7261,2,0
IWM191018P144,2019-10-11,2019-10-11 09:34:37,0.32,0.7619,829,0.3,0.7142,1084,0.32,0.7619,2,0.31,0.738,2,0
IWM191018P144,2019-10-11,2019-10-11 09:34:38,0.32,0.7619,895,0.3,0.7142,1393,0.32,0.7619,2,0.31,0.738,2,0
IWM191018P144,2019-10-11,2019-10-11 09:34:38,0.32,0.7619,698,0.3,0.7142,818,0.32,0.7619,2,0.31,0.738,2,0
IWM191018P144,2019-10-11,2019-10-11 09:34:39,0.32,0.7619,1042,0.3,0.7142,1393,0.32,0.7619,2,0.31,0.738,2,0
IWM191018P144,2019-10-11,2019-10-11 09:34:39,0.32,0.7619,1092,0.31,0.738,32,0.32,0.7619,2,0.315,0.75,2,0
IWM191018P144,2019-10-11,2019-10-11 09:34:40,0.32,0.7619,620,0.31,0.738,36,0.32,0.7619,2,0.315,0.75,2,0
IWM191018P144,2019-10-11,2019-10-11 09:34:40,0.32,0.7619,1092,0.31,0.738,32,0.32,0.7619,2,0.315,0.75,2,0
IWM191018P144,2019-10-11,2019-10-11 09:34:41,0.32,0.7619,620,0.31,0.738,47,0.32,0.7619,2,0.315,0.75,2,0
IWM191018P144,2019-10-11,2019-10-11 09:34:41,0.32,0.7619,588,0.31,0.738,24,0.32,0.7619,2,0.315,0.75,2,0
IWM191018P144,2019-10-11,2019-10-11 09:34:42,0.32,0.7619,786,0.31,0.738,36,0.32,0.7619,2,0.315,0.75,2,0
IWM191018P144,2019-10-11,2019-10-11 09:34:42,0.32,0.7619,871,0.31,0.738,36,0.32,0.7619,2,0.315,0.75,2,0
IWM191018P144,2019-10-11,2019-10-11 09:34:43,0.32,0.7619,794,0.31,0.738,44,0.32,0.7619,2,0.315,0.75,2,0
IWM191018P144,2019-10-11,2019-10-11 09:34:43,0.32,0.7619,745,0.31,0.738,44,0.32,0.7619,2,0.315,0.75,2,0
IWM191018P144,2019-10-11,2019-10-11 09:34:44,0.32,0.7619,297,0.31,0.738,289,0.32,0.7619,2,0.315,0.75,2,0
IWM191018P144,2019-10-11,2019-10-11 09:34:44,0.32,0.7619,292,0.31,0.738,289,0.32,0.7619,2,0.315,0.75,2,0
IWM191018P144,2019-10-11,2019-10-11 09:34:45,0.32,0.7619,20,0.31,0.738,361,0.32,0.7619,2,0.315,0.75,2,0
IWM191018P144,2019-10-11,2019-10-11 09:34:45,0.32,0.7619,143,0.31,0.738,301,0.32,0.7619,2,0.315,0.75,2,0
IWM191018P144,2019-10-11,2019-10-11 09:34:46,0.33,0.7857,672,0.31,0.738,563,0.32,0.7619,2,0.32,0.7619,2,0
IWM191018P144,2019-10-11,2019-10-11 09:34:46,0.33,0.7857,865,0.31,0.738,286,0.32,0.7619,2,0.32,0.7619,2,0
IWM191018P144,2019-10-11,2019-10-11 09:34:47,0.33,0.7857,930,0.31,0.738,933,0.32,0.7619,2,0.32,0.7619,2,0
IWM191018P144,2019-10-11,2019-10-11 09:34:47,0.33,0.7857,880,0.31,0.738,933,0.32,0.7619,2,0.32,0.7619,2,0
IWM191018P144,2019-10-11,2019-10-11 09:34:48,0.33,0.7857,414,0.32,0.7619,282,0.32,0.7619,2,0.325,0.7738,2,0
IWM191018P144,2019-10-11,2019-10-11 09:34:48,0.33,0.7857,414,0.32,0.7619,44,0.32,0.7619,2,0.325,0.7738,2,0
IWM191018P144,2019-10-11,2019-10-11 09:34:49,0.33,0.7857,459,0.32,0.7619,300,0.32,0.7619,2,0.325,0.7738,2,0
IWM191018P144,2019-10-11,2019-10-11 09:34:49,0.33,0.7857,547,0.32,0.7619,300,0.32,0.7619,2,0.325,0.7738,2,0
IWM191018P144,2019-10-11,2019-10-11 09:34:50,0.33,0.7857,826,0.32,0.7619,271,0.32,0.7619,2,0.325,0.7738,2,0
IWM191018P144,2019-10-11,2019-10-11 09:34:51,0.33,0.7857,645,0.32,0.7619,116,0.32,0.7619,2,0.325,0.7738,2,0
IWM191018P144,2019-10-11,2019-10-11 09:34:51,0.33,0.7857,645,0.32,0.7619,271,0.32,0.7619,2,0.325,0.7738,2,0
IWM191018P144,2019-10-11,2019-10-11 09:34:52,0.33,0.7857,589,0.32,0.7619,70,0.32,0.7619,2,0.325,0.7738,2,0
IWM191018P144,2019-10-11,2019-10-11 09:34:52,0.33,0.7857,772,0.32,0.7619,56,0.32,0.7619,2,0.325,0.7738,2,0
IWM191018P144,2019-10-11,2019-10-11 09:34:53,0.33,0.7857,642,0.32,0.7619,145,0.32,0.7619,2,0.325,0.7738,2,0
IWM191018P144,2019-10-11,2019-10-11 09:34:53,0.33,0.7857,769,0.32,0.7619,276,0.32,0.7619,2,0.325,0.7738,2,0
IWM191018P144,2019-10-11,2019-10-11 09:34:54,0.33,0.7857,769,0.32,0.7619,71,0.32,0.7619,2,0.325,0.7738,2,0
IWM191018P144,2019-10-11,2019-10-11 09:34:55,0.33,0.7857,769,0.32,0.7619,66,0.32,0.7619,2,0.325,0.7738,2,0
IWM191018P144,2019-10-11,2019-10-11 09:34:55,0.33,0.7857,769,0.32,0.7619,56,0.32,0.7619,2,0.325,0.7738,2,0
IWM191018P144,2019-10-11,2019-10-11 09:34:56,0.33,0.7857,781,0.32,0.7619,56,0.32,0.7619,2,0.325,0.7738,2,0
IWM191018P144,2019-10-11,2019-10-11 09:34:56,0.33,0.7857,781,0.32,0.7619,213,0.32,0.7619,2,0.325,0.7738,2,0
IWM191018P144,2019-10-11,2019-10-11 09:34:57,0.33,0.7857,341,0.32,0.7619,30,0.32,0.7619,2,0.325,0.7738,2,0
IWM191018P144,2019-10-11,2019-10-11 09:34:57,0.33,0.7857,781,0.32,0.7619,288,0.32,0.7619,2,0.325,0.7738,2,0
IWM191018P144,2019-10-11,2019-10-11 09:34:58,0.33,0.7857,260,0.31,0.738,579,0.32,0.7619,2,0.32,0.7619,2,0
IWM191018P144,2019-10-11,2019-10-11 09:34:58,0.33,0.7857,892,0.31,0.738,1586,0.32,0.7619,2,0.32,0.7619,2,0
IWM191018P144,2019-10-11,2019-10-11 09:34:59,0.33,0.7857,972,0.31,0.738,570,0.32,0.7619,2,0.32,0.7619,2,0
IWM191018P144,2019-10-11,2019-10-11 09:34:59,0.33,0.7857,957,0.31,0.738,814,0.32,0.7619,2,0.32,0.7619,2,0
IWM191018P144,2019-10-11,2019-10-11 09:35:00,0.33,0.7857,957,0.31,0.738,814,0.32,0.7619,2,0.32,0.7619,2,0
IWM191018P144,2019-10-11,2019-10-11 09:35:00,0.33,0.7857,929,0.31,0.738,825,0.32,0.7619,2,0.32,0.7619,2,0
IWM191018P144,2019-10-11,2019-10-11 09:35:01,0.33,0.7857,1021,0.31,0.738,1453,0.32,0.7619,2,0.32,0.7619,2,0
IWM191018P144,2019-10-11,2019-10-11 09:35:01,0.33,0.7857,800,0.31,0.738,1360,0.32,0.7619,2,0.32,0.7619,2,0
IWM191018P144,2019-10-11,2019-10-11 09:35:02,0.33,0.7857,911,0.32,0.7619,372,0.32,0.7619,2,0.325,0.7738,2,0
IWM191018P144,2019-10-11,2019-10-11 09:35:02,0.33,0.7857,776,0.32,0.7619,193,0.32,0.7619,2,0.325,0.7738,2,0
IWM191018P144,2019-10-11,2019-10-11 09:35:03,0.33,0.7857,794,0.32,0.7619,372,0.32,0.7619,2,0.325,0.7738,2,0
IWM191018P144,2019-10-11,2019-10-11 09:35:03,0.33,0.7857,362,0.32,0.7619,653,0.32,0.7619,2,0.325,0.7738,2,0
IWM191018P144,2019-10-11,2019-10-11 09:35:04,0.34,0.8095,1002,0.32,0.7619,703,0.32,0.7619,2,0.33,0.7857,2,0
IWM191018P144,2019-10-11,2019-10-11 09:35:04,0.34,0.8095,1020,0.32,0.7619,1079,0.32,0.7619,2,0.33,0.7857,2,0
IWM191018P144,2019-10-11,2019-10-11 09:35:05,0.34,0.8095,1020,0.32,0.7619,1139,0.32,0.7619,2,0.33,0.7857,2,0
IWM191018P144,2019-10-11,2019-10-11 09:35:06,0.34,0.8095,1020,0.32,0.7619,1139,0.32,0.7619,2,0.33,0.7857,2,0
IWM191018P144,2019-10-11,2019-10-11 09:35:06,0.34,0.8095,1020,0.32,0.7619,1094,0.32,0.7619,2,0.33,0.7857,2,0
IWM191018P144,2019-10-11,2019-10-11 09:35:07,0.34,0.8095,1020,0.32,0.7619,984,0.32,0.7619,2,0.33,0.7857,2,0
IWM191018P144,2019-10-11,2019-10-11 09:35:08,0.34,0.8095,1020,0.32,0.7619,984,0.32,0.7619,2,0.33,0.7857,2,0
IWM191018P144,2019-10-11,2019-10-11 09:35:09,0.34,0.8095,1020,0.32,0.7619,984,0.32,0.7619,2,0.33,0.7857,2,0
IWM191018P144,2019-10-11,2019-10-11 09:35:10,0.34,0.8095,1020,0.32,0.7619,984,0.32,0.7619,2,0.33,0.7857,2,0
IWM191018P144,2019-10-11,2019-10-11 09:35:11,0.34,0.8095,1060,0.32,0.7619,684,0.32,0.7619,2,0.33,0.7857,2,0
IWM191018P144,2019-10-11,2019-10-11 09:35:11,0.34,0.8095,609,0.32,0.7619,984,0.32,0.7619,2,0.33,0.7857,2,0
IWM191018P144,2019-10-11,2019-10-11 09:35:12,0.33,0.7857,225,0.32,0.7619,510,0.32,0.7619,2,0.325,0.7738,2,0
IWM191018P144,2019-10-11,2019-10-11 09:35:12,0.34,0.8095,914,0.32,0.7619,684,0.32,0.7619,2,0.33,0.7857,2,0
IWM191018P144,2019-10-11,2019-10-11 09:35:13,0.33,0.7857,225,0.32,0.7619,66,0.32,0.7619,2,0.325,0.7738,2,0
IWM191018P144,2019-10-11,2019-10-11 09:35:13,0.33,0.7857,811,0.32,0.7619,55,0.32,0.7619,2,0.325,0.7738,2,0
IWM191018P144,2019-10-11,2019-10-11 09:35:14,0.33,0.7857,651,0.31,0.738,698,0.32,0.7619,2,0.32,0.7619,2,0
IWM191018P144,2019-10-11,2019-10-11 09:35:14,0.33,0.7857,1066,0.31,0.738,980,0.32,0.7619,2,0.32,0.7619,2,0
IWM191018P144,2019-10-11,2019-10-11 09:35:15,0.33,0.7857,1095,0.31,0.738,1202,0.32,0.7619,2,0.32,0.7619,2,0
IWM191018P144,2019-10-11,2019-10-11 09:35:15,0.33,0.7857,1095,0.31,0.738,1252,0.32,0.7619,2,0.32,0.7619,2,0
IWM191018P144,2019-10-11,2019-10-11 09:35:16,0.33,0.7857,1095,0.31,0.738,1628,0.32,0.7619,2,0.32,0.7619,2,0
IWM191018P144,2019-10-11,2019-10-11 09:35:17,0.33,0.7857,1148,0.31,0.738,1628,0.32,0.7619,2,0.32,0.7619,2,0
IWM191018P144,2019-10-11,2019-10-11 09:35:18,0.33,0.7857,1098,0.32,0.7619,36,0.32,0.7619,2,0.325,0.7738,2,0
IWM191018P144,2019-10-11,2019-10-11 09:35:19,0.33,0.7857,1167,0.32,0.7619,36,0.32,0.7619,2,0.325,0.7738,2,0
IWM191018P144,2019-10-11,2019-10-11 09:35:19,0.33,0.7857,1148,0.32,0.7619,36,0.32,0.7619,2,0.325,0.7738,2,0
IWM191018P144,2019-10-11,2019-10-11 09:35:20,0.33,0.7857,1167,0.32,0.7619,36,0.32,0.7619,2,0.325,0.7738,2,0
IWM191018P144,2019-10-11,2019-10-11 09:35:20,0.33,0.7857,1070,0.31,0.738,476,0.32,0.7619,2,0.32,0.7619,2,0
IWM191018P144,2019-10-11,2019-10-11 09:35:21,0.33,0.7857,809,0.31,0.738,726,0.32,0.7619,2,0.32,0.7619,2,0
IWM191018P144,2019-10-11,2019-10-11 09:35:22,0.33,0.7857,928,0.32,0.7619,32,0.32,0.7619,2,0.325,0.7738,2,0
IWM191018P144,2019-10-11,2019-10-11 09:35:22,0.33,0.7857,928,0.32,0.7619,10,0.32,0.7619,2,0.325,0.7738,2,0
IWM191018P144,2019-10-11,2019-10-11 09:35:23,0.33,0.7857,856,0.32,0.7619,25,0.32,0.7619,2,0.325,0.7738,2,0
IWM191018P144,2019-10-11,2019-10-11 09:35:23,0.33,0.7857,928,0.32,0.7619,25,0.32,0.7619,2,0.325,0.7738,2,0
IWM191018P144,2019-10-11,2019-10-11 09:35:24,0.33,0.7857,856,0.32,0.7619,25,0.32,0.7619,2,0.325,0.7738,2,0
IWM191018P144,2019-10-11,2019-10-11 09:35:24,0.33,0.7857,885,0.32,0.7619,25,0.32,0.7619,2,0.325,0.7738,2,0
IWM191018P144,2019-10-11,2019-10-11 09:35:25,0.33,0.7857,526,0.32,0.7619,10,0.32,0.7619,2,0.325,0.7738,2,0
IWM191018P144,2019-10-11,2019-10-11 09:35:25,0.33,0.7857,942,0.31,0.738,520,0.32,0.7619,2,0.32,0.7619,2,0
IWM191018P144,2019-10-11,2019-10-11 09:35:26,0.32,0.7619,277,0.31,0.738,767,0.32,0.7619,2,0.315,0.75,2,0
IWM191018P144,2019-10-11,2019-10-11 09:35:27,0.32,0.7619,277,0.31,0.738,611,0.32,0.7619,2,0.315,0.75,2,0
IWM191018P144,2019-10-11,2019-10-11 09:35:27,0.33,0.7857,1170,0.31,0.738,407,0.32,0.7619,2,0.32,0.7619,2,0
IWM191018P144,2019-10-11,2019-10-11 09:35:28,0.33,0.7857,920,0.31,0.738,560,0.32,0.7619,2,0.32,0.7619,2,0
IWM191018P144,2019-10-11,2019-10-11 09:35:28,0.33,0.7857,920,0.31,0.738,614,0.32,0.7619,2,0.32,0.7619,2,0
IWM191018P144,2019-10-11,2019-10-11 09:35:29,0.33,0.7857,821,0.32,0.7619,32,0.32,0.7619,2,0.325,0.7738,2,0
IWM191018P144,2019-10-11,2019-10-11 09:35:29,0.33,0.7857,821,0.31,0.738,482,0.32,0.7619,2,0.32,0.7619,2,0
IWM191018P144,2019-10-11,2019-10-11 09:35:30,0.33,0.7857,873,0.32,0.7619,36,0.32,0.7619,2,0.325,0.7738,2,0
IWM191018P144,2019-10-11,2019-10-11 09:35:30,0.33,0.7857,866,0.32,0.7619,32,0.32,0.7619,2,0.325,0.7738,2,0
IWM191018P144,2019-10-11,2019-10-11 09:35:31,0.33,0.7857,928,0.32,0.7619,36,0.32,0.7619,2,0.325,0.7738,2,0
IWM191018P144,2019-10-11,2019-10-11 09:35:32,0.33,0.7857,928,0.32,0.7619,36,0.32,0.7619,2,0.325,0.7738,2,0
IWM191018P144,2019-10-11,2019-10-11 09:35:33,0.33,0.7857,928,0.32,0.7619,36,0.32,0.7619,2,0.325,0.7738,2,0
IWM191018P144,2019-10-11,2019-10-11 09:35:34,0.33,0.7857,928,0.32,0.7619,36,0.32,0.7619,2,0.325,0.7738,2,0
IWM191018P144,2019-10-11,2019-10-11 09:35:35,0.33,0.7857,928,0.32,0.7619,36,0.32,0.7619,2,0.325,0.7738,2,0
IWM191018P144,2019-10-11,2019-10-11 09:35:36,0.33,0.7857,947,0.32,0.7619,36,0.32,0.7619,2,0.325,0.7738,2,0
IWM191018P144,2019-10-11,2019-10-11 09:35:37,0.33,0.7857,947,0.32,0.7619,36,0.32,0.7619,2,0.325,0.7738,2,0
IWM191018P144,2019-10-11,2019-10-11 09:35:37,0.33,0.7857,947,0.32,0.7619,32,0.32,0.7619,2,0.325,0.7738,2,0
IWM191018P144,2019-10-11,2019-10-11 09:35:38,0.33,0.7857,947,0.32,0.7619,36,0.32,0.7619,2,0.325,0.7738,2,0
IWM191018P144,2019-10-11,2019-10-11 09:35:39,0.33,0.7857,947,0.31,0.738,282,0.32,0.7619,2,0.32,0.7619,2,0
IWM191018P144,2019-10-11,2019-10-11 09:35:39,0.33,0.7857,947,0.32,0.7619,32,0.32,0.7619,2,0.325,0.7738,2,0
IWM191018P144,2019-10-11,2019-10-11 09:35:40,0.33,0.7857,1018,0.31,0.738,744,0.32,0.7619,2,0.32,0.7619,2,0
IWM191018P144,2019-10-11,2019-10-11 09:35:40,0.33,0.7857,1018,0.31,0.738,612,0.32,0.7619,2,0.32,0.7619,2,0
IWM191018P144,2019-10-11,2019-10-11 09:35:41,0.33,0.7857,1018,0.31,0.738,744,0.32,0.7619,2,0.32,0.7619,2,0
IWM191018P144,2019-10-11,2019-10-11 09:35:41,0.33,0.7857,1018,0.31,0.738,593,0.32,0.7619,2,0.32,0.7619,2,0
IWM191018P144,2019-10-11,2019-10-11 09:35:42,0.32,0.7619,697,0.31,0.738,32,0.32,0.7619,2,0.315,0.75,2,0
IWM191018P144,2019-10-11,2019-10-11 09:35:42,0.32,0.7619,831,0.31,0.738,53,0.32,0.7619,2,0.315,0.75,2,0
IWM191018P144,2019-10-11,2019-10-11 09:35:43,0.32,0.7619,697,0.31,0.738,54,0.32,0.7619,2,0.315,0.75,2,0
IWM191018P144,2019-10-11,2019-10-11 09:35:43,0.32,0.7619,225,0.31,0.738,312,0.32,0.7619,2,0.315,0.75,2,0
IWM191018P144,2019-10-11,2019-10-11 09:35:44,0.32,0.7619,334,0.31,0.738,426,0.32,0.7619,2,0.315,0.75,2,0
IWM191018P144,2019-10-11,2019-10-11 09:35:44,0.32,0.7619,363,0.31,0.738,71,0.32,0.7619,2,0.315,0.75,2,0
IWM191018P144,2019-10-11,2019-10-11 09:35:45,0.32,0.7619,630,0.31,0.738,71,0.32,0.7619,2,0.315,0.75,2,0
IWM191018P144,2019-10-11,2019-10-11 09:35:45,0.32,0.7619,456,0.31,0.738,71,0.32,0.7619,2,0.315,0.75,2,0
IWM191018P144,2019-10-11,2019-10-11 09:35:46,0.32,0.7619,680,0.31,0.738,298,0.32,0.7619,2,0.315,0.75,2,0
IWM191018P144,2019-10-11,2019-10-11 09:35:46,0.32,0.7619,680,0.31,0.738,306,0.32,0.7619,2,0.315,0.75,2,0
IWM191018P144,2019-10-11,2019-10-11 09:35:47,0.32,0.7619,630,0.31,0.738,296,0.32,0.7619,2,0.315,0.75,2,0
IWM191018P144,2019-10-11,2019-10-11 09:35:47,0.32,0.7619,744,0.31,0.738,316,0.32,0.7619,2,0.315,0.75,2,0
IWM191018P144,2019-10-11,2019-10-11 09:35:48,0.32,0.7619,744,0.31,0.738,306,0.32,0.7619,2,0.315,0.75,2,0
IWM191018P144,2019-10-11,2019-10-11 09:35:48,0.32,0.7619,744,0.31,0.738,316,0.32,0.7619,2,0.315,0.75,2,0
IWM191018P144,2019-10-11,2019-10-11 09:35:49,0.32,0.7619,584,0.31,0.738,323,0.32,0.7619,2,0.315,0.75,2,0
IWM191018P144,2019-10-11,2019-10-11 09:35:49,0.32,0.7619,743,0.31,0.738,323,0.32,0.7619,2,0.315,0.75,2,0
IWM191018P144,2019-10-11,2019-10-11 09:35:50,0.32,0.7619,792,0.31,0.738,323,0.32,0.7619,2,0.315,0.75,2,0
IWM191018P144,2019-10-11,2019-10-11 09:35:50,0.32,0.7619,742,0.31,0.738,323,0.32,0.7619,2,0.315,0.75,2,0
IWM191018P144,2019-10-11,2019-10-11 09:35:51,0.32,0.7619,744,0.31,0.738,333,0.32,0.7619,2,0.315,0.75,2,0
IWM191018P144,2019-10-11,2019-10-11 09:35:52,0.33,0.7857,1197,0.31,0.738,975,0.32,0.7619,2,0.32,0.7619,2,0
IWM191018P144,2019-10-11,2019-10-11 09:35:53,0.33,0.7857,1331,0.31,0.738,927,0.32,0.7619,2,0.32,0.7619,2,0
IWM191018P144,2019-10-11,2019-10-11 09:35:53,0.33,0.7857,1331,0.31,0.738,749,0.32,0.7619,2,0.32,0.7619,2,0
IWM191018P144,2019-10-11,2019-10-11 09:35:54,0.33,0.7857,1331,0.31,0.738,927,0.32,0.7619,2,0.32,0.7619,2,0
IWM191018P144,2019-10-11,2019-10-11 09:35:54,0.33,0.7857,1299,0.31,0.738,927,0.32,0.7619,2,0.32,0.7619,2,0
IWM191018P144,2019-10-11,2019-10-11 09:35:55,0.32,0.7619,225,0.31,0.738,927,0.32,0.7619,2,0.315,0.75,2,0
IWM191018P144,2019-10-11,2019-10-11 09:35:55,0.32,0.7619,13,0.31,0.738,578,0.32,0.7619,2,0.315,0.75,2,0
IWM191018P144,2019-10-11,2019-10-11 09:35:56,0.33,0.7857,868,0.31,0.738,600,0.32,0.7619,2,0.32,0.7619,2,0
IWM191018P144,2019-10-11,2019-10-11 09:35:56,0.33,0.7857,868,0.31,0.738,762,0.32,0.7619,2,0.32,0.7619,2,0
IWM191018P144,2019-10-11,2019-10-11 09:35:57,0.32,0.7619,492,0.31,0.738,285,0.32,0.7619,2,0.315,0.75,2,0
IWM191018P144,2019-10-11,2019-10-11 09:35:57,0.32,0.7619,1088,0.31,0.738,36,0.32,0.7619,2,0.315,0.75,2,0
IWM191018P144,2019-10-11,2019-10-11 09:35:58,0.32,0.7619,821,0.31,0.738,285,0.32,0.7619,2,0.315,0.75,2,0
IWM191018P144,2019-10-11,2019-10-11 09:35:59,0.32,0.7619,621,0.31,0.738,345,0.32,0.7619,2,0.315,0.75,2,0
IWM191018P144,2019-10-11,2019-10-11 09:35:59,0.32,0.7619,621,0.31,0.738,485,0.32,0.7619,2,0.315,0.75,2,0
IWM191018P144,2019-10-11,2019-10-11 09:36:00,0.32,0.7619,621,0.31,0.738,593,0.32,0.7619,2,0.315,0.75,2,0
IWM191018P144,2019-10-11,2019-10-11 09:36:00,0.32,0.7619,621,0.31,0.738,550,0.32,0.7619,2,0.315,0.75,2,0
IWM191018P144,2019-10-11,2019-10-11 09:36:01,0.32,0.7619,360,0.31,0.738,642,0.32,0.7619,2,0.315,0.75,2,0
IWM191018P144,2019-10-11,2019-10-11 09:36:01,0.32,0.7619,621,0.31,0.738,903,0.32,0.7619,2,0.315,0.75,2,0
IWM191018P144,2019-10-11,2019-10-11 09:36:02,0.32,0.7619,406,0.31,0.738,757,0.32,0.7619,2,0.315,0.75,2,0
IWM191018P144,2019-10-11,2019-10-11 09:36:02,0.32,0.7619,256,0.31,0.738,757,0.32,0.7619,2,0.315,0.75,2,0
IWM191018P144,2019-10-11,2019-10-11 09:36:03,0.32,0.7619,256,0.31,0.738,973,0.32,0.7619,2,0.315,0.75,2,0
IWM191018P144,2019-10-11,2019-10-11 09:36:04,0.32,0.7619,406,0.31,0.738,973,0.32,0.7619,2,0.315,0.75,2,0
IWM191018P144,2019-10-11,2019-10-11 09:36:04,0.32,0.7619,256,0.31,0.738,961,0.32,0.7619,2,0.315,0.75,2,0
IWM191018P144,2019-10-11,2019-10-11 09:36:05,0.32,0.7619,384,0.31,0.738,227,0.32,0.7619,2,0.315,0.75,2,0
IWM191018P144,2019-10-11,2019-10-11 09:36:05,0.32,0.7619,509,0.31,0.738,294,0.32,0.7619,2,0.315,0.75,2,0
IWM191018P144,2019-10-11,2019-10-11 09:36:06,0.32,0.7619,402,0.31,0.738,294,0.32,0.7619,2,0.315,0.75,2,0
IWM191018P144,2019-10-11,2019-10-11 09:36:06,0.32,0.7619,553,0.31,0.738,336,0.32,0.7619,2,0.315,0.75,2,0
IWM191018P144,2019-10-11,2019-10-11 09:36:07,0.32,0.7619,553,0.31,0.738,336,0.32,0.7619,2,0.315,0.75,2,0
IWM191018P144,2019-10-11,2019-10-11 09:36:08,0.32,0.7619,403,0.31,0.738,458,0.32,0.7619,2,0.315,0.75,2,0
IWM191018P144,2019-10-11,2019-10-11 09:36:08,0.32,0.7619,130,0.31,0.738,933,0.32,0.7619,2,0.315,0.75,2,0
IWM191018P144,2019-10-11,2019-10-11 09:36:09,0.33,0.7857,1017,0.31,0.738,1224,0.32,0.7619,2,0.32,0.7619,2,0
IWM191018P144,2019-10-11,2019-10-11 09:36:09,0.32,0.7619,348,0.31,0.738,350,0.32,0.7619,2,0.315,0.75,2,0
IWM191018P144,2019-10-11,2019-10-11 09:36:10,0.32,0.7619,499,0.31,0.738,217,0.32,0.7619,2,0.315,0.75,2,0
IWM191018P144,2019-10-11,2019-10-11 09:36:10,0.32,0.7619,605,0.31,0.738,350,0.32,0.7619,2,0.315,0.75,2,0
IWM191018P144,2019-10-11,2019-10-11 09:36:11,0.32,0.7619,225,0.31,0.738,361,0.32,0.7619,2,0.315,0.75,2,0
IWM191018P144,2019-10-11,2019-10-11 09:36:11,0.32,0.7619,225,0.31,0.738,341,0.32,0.7619,2,0.315,0.75,2,0
IWM191018P144,2019-10-11,2019-10-11 09:36:12,0.32,0.7619,547,0.31,0.738,667,0.32,0.7619,2,0.315,0.75,2,0
IWM191018P144,2019-10-11,2019-10-11 09:36:12,0.32,0.7619,547,0.31,0.738,449,0.32,0.7619,2,0.315,0.75,2,0
IWM191018P144,2019-10-11,2019-10-11 09:36:13,0.32,0.7619,118,0.31,0.738,584,0.32,0.7619,2,0.315,0.75,2,0
IWM191018P144,2019-10-11,2019-10-11 09:36:13,0.32,0.7619,339,0.31,0.738,584,0.32,0.7619,2,0.315,0.75,2,0
IWM191018P144,2019-10-11,2019-10-11 09:36:14,0.32,0.7619,280,0.31,0.738,295,0.32,0.7619,2,0.315,0.75,2,0
IWM191018P144,2019-10-11,2019-10-11 09:36:14,0.32,0.7619,440,0.31,0.738,339,0.32,0.7619,2,0.315,0.75,2,0
IWM191018P144,2019-10-11,2019-10-11 09:36:15,0.32,0.7619,551,0.31,0.738,339,0.32,0.7619,2,0.315,0.75,2,0
IWM191018P144,2019-10-11,2019-10-11 09:36:16,0.32,0.7619,440,0.31,0.738,339,0.32,0.7619,2,0.315,0.75,2,0
IWM191018P144,2019-10-11,2019-10-11 09:36:16,0.32,0.7619,200,0.31,0.738,280,0.32,0.7619,2,0.315,0.75,2,0
IWM191018P144,2019-10-11,2019-10-11 09:36:17,0.32,0.7619,14,0.31,0.738,629,0.32,0.7619,2,0.315,0.75,2,0
IWM191018P144,2019-10-11,2019-10-11 09:36:17,0.32,0.7619,223,0.31,0.738,775,0.32,0.7619,2,0.315,0.75,2,0
IWM191018P144,2019-10-11,2019-10-11 09:36:18,0.32,0.7619,251,0.31,0.738,891,0.32,0.7619,2,0.315,0.75,2,0
IWM191018P144,2019-10-11,2019-10-11 09:36:18,0.32,0.7619,251,0.31,0.738,668,0.32,0.7619,2,0.315,0.75,2,0
IWM191018P144,2019-10-11,2019-10-11 09:36:19,0.33,0.7857,634,0.31,0.738,779,0.32,0.7619,2,0.32,0.7619,2,0
IWM191018P144,2019-10-11,2019-10-11 09:36:19,0.33,0.7857,581,0.31,0.738,518,0.32,0.7619,2,0.32,0.7619,2,0
IWM191018P144,2019-10-11,2019-10-11 09:36:20,0.33,0.7857,432,0.32,0.7619,20,0.32,0.7619,2,0.325,0.7738,2,0
IWM191018P144,2019-10-11,2019-10-11 09:36:20,0.33,0.7857,455,0.31,0.738,624,0.32,0.7619,2,0.32,0.7619,2,0
IWM191018P144,2019-10-11,2019-10-11 09:36:21,0.33,0.7857,743,0.32,0.7619,43,0.32,0.7619,2,0.325,0.7738,2,0
IWM191018P144,2019-10-11,2019-10-11 09:36:21,0.33,0.7857,951,0.32,0.7619,43,0.32,0.7619,2,0.325,0.7738,2,0
IWM191018P144,2019-10-11,2019-10-11 09:36:22,0.33,0.7857,951,0.32,0.7619,43,0.32,0.7619,2,0.325,0.7738,2,0
IWM191018P144,2019-10-11,2019-10-11 09:36:22,0.33,0.7857,667,0.31,0.738,343,0.32,0.7619,2,0.32,0.7619,2,0
IWM191018P144,2019-10-11,2019-10-11 09:36:23,0.33,0.7857,1167,0.31,0.738,586,0.32,0.7619,2,0.32,0.7619,2,0
IWM191018P144,2019-10-11,2019-10-11 09:36:24,0.33,0.7857,1292,0.31,0.738,705,0.32,0.7619,2,0.32,0.7619,2,0
IWM191018P144,2019-10-11,2019-10-11 09:36:25,0.33,0.7857,1292,0.32,0.7619,20,0.32,0.7619,2,0.325,0.7738,2,0
IWM191018P144,2019-10-11,2019-10-11 09:36:25,0.33,0.7857,1342,0.32,0.7619,20,0.32,0.7619,2,0.325,0.7738,2,0
IWM191018P144,2019-10-11,2019-10-11 09:36:26,0.33,0.7857,1292,0.31,0.738,755,0.32,0.7619,2,0.32,0.7619,2,0
IWM191018P144,2019-10-11,2019-10-11 09:36:26,0.33,0.7857,1342,0.31,0.738,705,0.32,0.7619,2,0.32,0.7619,2,0
IWM191018P144,2019-10-11,2019-10-11 09:36:27,0.33,0.7857,1414,0.32,0.7619,20,0.32,0.7619,2,0.325,0.7738,2,0
IWM191018P144,2019-10-11,2019-10-11 09:36:27,0.33,0.7857,1611,0.31,0.738,479,0.32,0.7619,2,0.32,0.7619,2,0
IWM191018P144,2019-10-11,2019-10-11 09:36:28,0.33,0.7857,1008,0.31,0.738,446,0.32,0.7619,2,0.32,0.7619,2,0
IWM191018P144,2019-10-11,2019-10-11 09:36:29,0.33,0.7857,1649,0.31,0.738,923,0.32,0.7619,2,0.32,0.7619,2,0
IWM191018P144,2019-10-11,2019-10-11 09:36:29,0.33,0.7857,1649,0.31,0.738,1008,0.32,0.7619,2,0.32,0.7619,2,0
IWM191018P144,2019-10-11,2019-10-11 09:36:30,0.33,0.7857,1736,0.32,0.7619,13,0.32,0.7619,2,0.325,0.7738,2,0
IWM191018P144,2019-10-11,2019-10-11 09:36:30,0.33,0.7857,1627,0.31,0.738,587,0.32,0.7619,2,0.32,0.7619,2,0
IWM191018P144,2019-10-11,2019-10-11 09:36:31,0.33,0.7857,1805,0.31,0.738,486,0.32,0.7619,2,0.32,0.7619,2,0
IWM191018P144,2019-10-11,2019-10-11 09:36:32,0.32,0.7619,597,0.31,0.738,225,0.32,0.7619,2,0.315,0.75,2,0
IWM191018P144,2019-10-11,2019-10-11 09:36:32,0.33,0.7857,1805,0.31,0.738,645,0.32,0.7619,2,0.32,0.7619,2,0
IWM191018P144,2019-10-11,2019-10-11 09:36:33,0.33,0.7857,652,0.31,0.738,318,0.32,0.7619,2,0.32,0.7619,2,0
IWM191018P144,2019-10-11,2019-10-11 09:36:33,0.32,0.7619,240,0.31,0.738,285,0.32,0.7619,2,0.315,0.75,2,0
IWM191018P144,2019-10-11,2019-10-11 09:36:34,0.33,0.7857,1372,0.31,0.738,636,0.32,0.7619,2,0.32,0.7619,2,0
IWM191018P144,2019-10-11,2019-10-11 09:36:34,0.33,0.7857,1372,0.31,0.738,792,0.32,0.7619,2,0.32,0.7619,2,0
IWM191018P144,2019-10-11,2019-10-11 09:36:35,0.33,0.7857,1340,0.31,0.738,792,0.32,0.7619,2,0.32,0.7619,2,0
IWM191018P144,2019-10-11,2019-10-11 09:36:35,0.33,0.7857,1473,0.32,0.7619,20,0.32,0.7619,2,0.325,0.7738,2,0
IWM191018P144,2019-10-11,2019-10-11 09:36:36,0.33,0.7857,1501,0.32,0.7619,20,0.32,0.7619,2,0.325,0.7738,2,0
IWM191018P144,2019-10-11,2019-10-11 09:36:37,0.33,0.7857,1501,0.32,0.7619,20,0.32,0.7619,2,0.325,0.7738,2,0
IWM191018P144,2019-10-11,2019-10-11 09:36:38,0.33,0.7857,1501,0.32,0.7619,20,0.32,0.7619,2,0.325,0.7738,2,0
IWM191018P144,2019-10-11,2019-10-11 09:36:39,0.33,0.7857,1501,0.32,0.7619,20,0.32,0.7619,2,0.325,0.7738,2,0
IWM191018P144,2019-10-11,2019-10-11 09:36:39,0.33,0.7857,1551,0.32,0.7619,20,0.32,0.7619,2,0.325,0.7738,2,0
IWM191018P144,2019-10-11,2019-10-11 09:36:40,0.33,0.7857,1551,0.32,0.7619,20,0.32,0.7619,2,0.325,0.7738,2,0
IWM191018P144,2019-10-11,2019-10-11 09:36:40,0.33,0.7857,1551,0.32,0.7619,44,0.32,0.7619,2,0.325,0.7738,2,0
IWM191018P144,2019-10-11,2019-10-11 09:36:41,0.33,0.7857,1551,0.32,0.7619,44,0.32,0.7619,2,0.325,0.7738,2,0
IWM191018P144,2019-10-11,2019-10-11 09:36:42,0.33,0.7857,1551,0.32,0.7619,44,0.32,0.7619,2,0.325,0.7738,2,0
IWM191018P144,2019-10-11,2019-10-11 09:36:43,0.33,0.7857,1617,0.32,0.7619,44,0.32,0.7619,2,0.325,0.7738,2,0
IWM191018P144,2019-10-11,2019-10-11 09:36:43,0.33,0.7857,1567,0.32,0.7619,44,0.32,0.7619,2,0.325,0.7738,2,0
IWM191018P144,2019-10-11,2019-10-11 09:36:44,0.33,0.7857,1617,0.32,0.7619,44,0.32,0.7619,2,0.325,0.7738,2,0
IWM191018P144,2019-10-11,2019-10-11 09:36:45,0.33,0.7857,1617,0.32,0.7619,44,0.32,0.7619,2,0.325,0.7738,2,0
IWM191018P144,2019-10-11,2019-10-11 09:36:46,0.33,0.7857,1617,0.32,0.7619,44,0.32,0.7619,2,0.325,0.7738,2,0
IWM191018P144,2019-10-11,2019-10-11 09:36:47,0.33,0.7857,1617,0.32,0.7619,44,0.32,0.7619,2,0.325,0.7738,2,0
IWM191018P144,2019-10-11,2019-10-11 09:36:48,0.33,0.7857,1617,0.32,0.7619,44,0.32,0.7619,2,0.325,0.7738,2,0
IWM191018P144,2019-10-11,2019-10-11 09:36:49,0.33,0.7857,1659,0.32,0.7619,44,0.32,0.7619,2,0.325,0.7738,2,0
IWM191018P144,2019-10-11,2019-10-11 09:36:49,0.33,0.7857,1538,0.32,0.7619,44,0.32,0.7619,2,0.325,0.7738,2,0
IWM191018P144,2019-10-11,2019-10-11 09:36:50,0.33,0.7857,1659,0.32,0.7619,44,0.32,0.7619,2,0.325,0.7738,2,0
IWM191018P144,2019-10-11,2019-10-11 09:36:51,0.33,0.7857,1659,0.32,0.7619,44,0.32,0.7619,2,0.325,0.7738,2,0
IWM191018P144,2019-10-11,2019-10-11 09:36:52,0.33,0.7857,1659,0.32,0.7619,44,0.32,0.7619,2,0.325,0.7738,2,0
IWM191018P144,2019-10-11,2019-10-11 09:36:53,0.33,0.7857,1659,0.32,0.7619,44,0.32,0.7619,2,0.325,0.7738,2,0
IWM191018P144,2019-10-11,2019-10-11 09:36:54,0.33,0.7857,1542,0.32,0.7619,44,0.32,0.7619,2,0.325,0.7738,2,0
IWM191018P144,2019-10-11,2019-10-11 09:36:54,0.33,0.7857,1663,0.32,0.7619,44,0.32,0.7619,2,0.325,0.7738,2,0
IWM191018P144,2019-10-11,2019-10-11 09:36:55,0.33,0.7857,1409,0.32,0.7619,44,0.32,0.7619,2,0.325,0.7738,2,0
IWM191018P144,2019-10-11,2019-10-11 09:36:55,0.33,0.7857,1663,0.32,0.7619,44,0.32,0.7619,2,0.325,0.7738,2,0
IWM191018P144,2019-10-11,2019-10-11 09:36:56,0.33,0.7857,1568,0.32,0.7619,32,0.32,0.7619,2,0.325,0.7738,2,0
IWM191018P144,2019-10-11,2019-10-11 09:36:56,0.33,0.7857,1530,0.32,0.7619,44,0.32,0.7619,2,0.325,0.7738,2,0
IWM191018P144,2019-10-11,2019-10-11 09:36:57,0.32,0.7619,636,0.31,0.738,41,0.32,0.7619,2,0.315,0.75,2,0
IWM191018P144,2019-10-11,2019-10-11 09:36:57,0.33,0.7857,1746,0.32,0.7619,20,0.32,0.7619,2,0.325,0.7738,2,0
IWM191018P144,2019-10-11,2019-10-11 09:36:58,0.32,0.7619,559,0.31,0.738,234,0.32,0.7619,2,0.315,0.75,2,0
IWM191018P144,2019-10-11,2019-10-11 09:36:58,0.32,0.7619,697,0.31,0.738,303,0.32,0.7619,2,0.315,0.75,2,0
IWM191018P144,2019-10-11,2019-10-11 09:36:59,0.32,0.7619,238,0.31,0.738,445,0.32,0.7619,2,0.315,0.75,2,0
IWM191018P144,2019-10-11,2019-10-11 09:36:59,0.32,0.7619,238,0.31,0.738,768,0.32,0.7619,2,0.315,0.75,2,0
IWM191018P144,2019-10-11,2019-10-11 09:37:00,0.32,0.7619,272,0.31,0.738,469,0.32,0.7619,2,0.315,0.75,2,0
IWM191018P144,2019-10-11,2019-10-11 09:37:00,0.32,0.7619,271,0.31,0.738,469,0.32,0.7619,2,0.315,0.75,2,0
IWM191018P144,2019-10-11,2019-10-11 09:37:01,0.32,0.7619,286,0.31,0.738,469,0.32,0.7619,2,0.315,0.75,2,0
IWM191018P144,2019-10-11,2019-10-11 09:37:02,0.32,0.7619,277,0.31,0.738,304,0.32,0.7619,2,0.315,0.75,2,0
IWM191018P144,2019-10-11,2019-10-11 09:37:02,0.32,0.7619,331,0.31,0.738,369,0.32,0.7619,2,0.315,0.75,2,0
IWM191018P144,2019-10-11,2019-10-11 09:37:03,0.32,0.7619,318,0.31,0.738,311,0.32,0.7619,2,0.315,0.75,2,0
IWM191018P144,2019-10-11,2019-10-11 09:37:03,0.32,0.7619,412,0.31,0.738,369,0.32,0.7619,2,0.315,0.75,2,0
IWM191018P144,2019-10-11,2019-10-11 09:37:04,0.32,0.7619,318,0.31,0.738,484,0.32,0.7619,2,0.315,0.75,2,0
IWM191018P144,2019-10-11,2019-10-11 09:37:05,0.33,0.7857,1097,0.32,0.7619,257,0.32,0.7619,2,0.325,0.7738,2,0
IWM191018P144,2019-10-11,2019-10-11 09:37:05,0.33,0.7857,1231,0.32,0.7619,257,0.32,0.7619,2,0.325,0.7738,2,0
IWM191018P144,2019-10-11,2019-10-11 09:37:06,0.32,0.7619,347,0.31,0.738,509,0.32,0.7619,2,0.315,0.75,2,0
IWM191018P144,2019-10-11,2019-10-11 09:37:06,0.32,0.7619,167,0.31,0.738,610,0.32,0.7619,2,0.315,0.75,2,0
IWM191018P144,2019-10-11,2019-10-11 09:37:07,0.32,0.7619,167,0.31,0.738,965,0.32,0.7619,2,0.315,0.75,2,0
IWM191018P144,2019-10-11,2019-10-11 09:37:07,0.32,0.7619,167,0.31,0.738,1061,0.32,0.7619,2,0.315,0.75,2,0
IWM191018P144,2019-10-11,2019-10-11 09:37:08,0.32,0.7619,167,0.31,0.738,341,0.32,0.7619,2,0.315,0.75,2,0
IWM191018P144,2019-10-11,2019-10-11 09:37:08,0.32,0.7619,167,0.31,0.738,1061,0.32,0.7619,2,0.315,0.75,2,0
IWM191018P144,2019-10-11,2019-10-11 09:37:09,0.32,0.7619,297,0.31,0.738,341,0.32,0.7619,2,0.315,0.75,2,0
IWM191018P144,2019-10-11,2019-10-11 09:37:09,0.32,0.7619,211,0.31,0.738,453,0.32,0.7619,2,0.315,0.75,2,0
IWM191018P144,2019-10-11,2019-10-11 09:37:10,0.32,0.7619,501,0.31,0.738,243,0.32,0.7619,2,0.315,0.75,2,0
IWM191018P144,2019-10-11,2019-10-11 09:37:10,0.32,0.7619,482,0.31,0.738,278,0.32,0.7619,2,0.315,0.75,2,0
IWM191018P144,2019-10-11,2019-10-11 09:37:11,0.32,0.7619,1133,0.31,0.738,242,0.32,0.7619,2,0.315,0.75,2,0
IWM191018P144,2019-10-11,2019-10-11 09:37:11,0.32,0.7619,1133,0.31,0.738,225,0.32,0.7619,5,0.315,0.75,7,5
IWM191018P144,2019-10-11,2019-10-11 09:37:12,0.32,0.7619,983,0.31,0.738,225,0.32,0.7619,5,0.315,0.75,7,0
IWM191018P144,2019-10-11,2019-10-11 09:37:12,0.32,0.7619,1133,0.31,0.738,225,0.32,0.7619,5,0.315,0.75,7,0
IWM191018P144,2019-10-11,2019-10-11 09:37:13,0.32,0.7619,983,0.31,0.738,394,0.32,0.7619,5,0.315,0.75,7,0
IWM191018P144,2019-10-11,2019-10-11 09:37:13,0.32,0.7619,983,0.31,0.738,225,0.32,0.7619,5,0.315,0.75,7,0
IWM191018P144,2019-10-11,2019-10-11 09:37:14,0.32,0.7619,329,0.31,0.738,1012,0.32,0.7619,5,0.315,0.75,7,0
IWM191018P144,2019-10-11,2019-10-11 09:37:14,0.32,0.7619,329,0.31,0.738,326,0.32,0.7619,5,0.315,0.75,7,0
IWM191018P144,2019-10-11,2019-10-11 09:37:15,0.32,0.7619,277,0.31,0.738,640,0.32,0.7619,5,0.315,0.75,7,0
IWM191018P144,2019-10-11,2019-10-11 09:37:15,0.32,0.7619,329,0.31,0.738,898,0.32,0.7619,5,0.315,0.75,7,0
IWM191018P144,2019-10-11,2019-10-11 09:37:16,0.32,0.7619,235,0.31,0.738,880,0.32,0.7619,5,0.315,0.75,7,0
IWM191018P144,2019-10-11,2019-10-11 09:37:16,0.32,0.7619,277,0.31,0.738,640,0.32,0.7619,5,0.315,0.75,7,0
IWM191018P144,2019-10-11,2019-10-11 09:37:17,0.32,0.7619,52,0.31,0.738,415,0.32,0.7619,5,0.315,0.75,7,0
IWM191018P144,2019-10-11,2019-10-11 09:37:17,0.33,0.7857,1018,0.31,0.738,623,0.32,0.7619,5,0.32,0.7619,7,0
IWM191018P144,2019-10-11,2019-10-11 09:37:18,0.33,0.7857,1122,0.31,0.738,947,0.32,0.7619,5,0.32,0.7619,7,0
IWM191018P144,2019-10-11,2019-10-11 09:37:18,0.33,0.7857,1133,0.31,0.738,947,0.32,0.7619,5,0.32,0.7619,7,0
IWM191018P144,2019-10-11,2019-10-11 09:37:19,0.33,0.7857,1172,0.31,0.738,1075,0.32,0.7619,5,0.32,0.7619,7,0
IWM191018P144,2019-10-11,2019-10-11 09:37:19,0.33,0.7857,1132,0.31,0.738,1075,0.32,0.7619,5,0.32,0.7619,7,0
IWM191018P144,2019-10-11,2019-10-11 09:37:20,0.33,0.7857,1227,0.31,0.738,1075,0.32,0.7619,5,0.32,0.7619,7,0
IWM191018P144,2019-10-11,2019-10-11 09:37:20,0.33,0.7857,1173,0.31,0.738,713,0.32,0.7619,5,0.32,0.7619,7,0
IWM191018P144,2019-10-11,2019-10-11 09:37:21,0.33,0.7857,1294,0.31,0.738,763,0.32,0.7619,5,0.32,0.7619,7,0
IWM191018P144,2019-10-11,2019-10-11 09:37:22,0.32,0.7619,311,0.31,0.738,763,0.32,0.7619,5,0.315,0.75,7,0
IWM191018P144,2019-10-11,2019-10-11 09:37:22,0.32,0.7619,364,0.31,0.738,763,0.32,0.7619,5,0.315,0.75,7,0
IWM191018P144,2019-10-11,2019-10-11 09:37:23,0.32,0.7619,364,0.31,0.738,351,0.32,0.7619,5,0.315,0.75,7,0
IWM191018P144,2019-10-11,2019-10-11 09:37:23,0.32,0.7619,240,0.31,0.738,479,0.32,0.7619,5,0.315,0.75,7,0
IWM191018P144,2019-10-11,2019-10-11 09:37:24,0.32,0.7619,542,0.31,0.738,423,0.32,0.7619,5,0.315,0.75,7,0
IWM191018P144,2019-10-11,2019-10-11 09:37:24,0.32,0.7619,272,0.31,0.738,423,0.32,0.7619,5,0.315,0.75,7,0
IWM191018P144,2019-10-11,2019-10-11 09:37:25,0.32,0.7619,542,0.31,0.738,717,0.32,0.7619,5,0.315,0.75,7,0
IWM191018P144,2019-10-11,2019-10-11 09:37:25,0.32,0.7619,477,0.31,0.738,635,0.32,0.7619,5,0.315,0.75,7,0
IWM191018P144,2019-10-11,2019-10-11 09:37:26,0.32,0.7619,477,0.31,0.738,635,0.32,0.7619,5,0.315,0.75,7,0
IWM191018P144,2019-10-11,2019-10-11 09:37:26,0.32,0.7619,243,0.31,0.738,451,0.32,0.7619,5,0.315,0.75,7,0
IWM191018P144,2019-10-11,2019-10-11 09:37:27,0.33,0.7857,520,0.32,0.7619,225,0.32,0.7619,5,0.325,0.7738,7,0
IWM191018P144,2019-10-11,2019-10-11 09:37:27,0.33,0.7857,647,0.31,0.738,588,0.32,0.7619,5,0.32,0.7619,7,0
IWM191018P144,2019-10-11,2019-10-11 09:37:28,0.33,0.7857,988,0.32,0.7619,225,0.32,0.7619,5,0.325,0.7738,7,0
IWM191018P144,2019-10-11,2019-10-11 09:37:28,0.33,0.7857,868,0.32,0.7619,225,0.32,0.7619,5,0.325,0.7738,7,0
IWM191018P144,2019-10-11,2019-10-11 09:37:29,0.33,0.7857,525,0.32,0.7619,716,0.32,0.7619,5,0.325,0.7738,7,0
IWM191018P144,2019-10-11,2019-10-11 09:37:29,0.33,0.7857,525,0.32,0.7619,372,0.32,0.7619,5,0.325,0.7738,7,0
IWM191018P144,2019-10-11,2019-10-11 09:37:30,0.33,0.7857,525,0.32,0.7619,533,0.32,0.7619,5,0.325,0.7738,7,0
IWM191018P144,2019-10-11,2019-10-11 09:37:30,0.33,0.7857,586,0.32,0.7619,328,0.32,0.7619,5,0.325,0.7738,7,0
IWM191018P144,2019-10-11,2019-10-11 09:37:31,0.33,0.7857,346,0.32,0.7619,946,0.32,0.7619,5,0.325,0.7738,7,0
IWM191018P144,2019-10-11,2019-10-11 09:37:31,0.33,0.7857,504,0.32,0.7619,902,0.32,0.7619,5,0.325,0.7738,7,0
IWM191018P144,2019-10-11,2019-10-11 09:37:32,0.33,0.7857,504,0.32,0.7619,674,0.32,0.7619,5,0.325,0.7738,7,0
IWM191018P144,2019-10-11,2019-10-11 09:37:32,0.33,0.7857,504,0.32,0.7619,902,0.32,0.7619,5,0.325,0.7738,7,0
IWM191018P144,2019-10-11,2019-10-11 09:37:33,0.33,0.7857,501,0.32,0.7619,660,0.32,0.7619,5,0.325,0.7738,7,0
IWM191018P144,2019-10-11,2019-10-11 09:37:33,0.33,0.7857,601,0.32,0.7619,660,0.32,0.7619,5,0.325,0.7738,7,0
IWM191018P144,2019-10-11,2019-10-11 09:37:34,0.33,0.7857,601,0.32,0.7619,607,0.32,0.7619,5,0.325,0.7738,7,0
IWM191018P144,2019-10-11,2019-10-11 09:37:34,0.33,0.7857,601,0.32,0.7619,867,0.32,0.7619,5,0.325,0.7738,7,0
IWM191018P144,2019-10-11,2019-10-11 09:37:35,0.33,0.7857,430,0.32,0.7619,636,0.32,0.7619,5,0.325,0.7738,7,0
IWM191018P144,2019-10-11,2019-10-11 09:37:35,0.33,0.7857,601,0.32,0.7619,600,0.32,0.7619,5,0.325,0.7738,7,0
IWM191018P144,2019-10-11,2019-10-11 09:37:36,0.33,0.7857,616,0.32,0.7619,636,0.32,0.7619,5,0.325,0.7738,7,0
IWM191018P144,2019-10-11,2019-10-11 09:37:37,0.33,0.7857,616,0.32,0.7619,833,0.32,0.7619,5,0.325,0.7738,7,0
IWM191018P144,2019-10-11,2019-10-11 09:37:38,0.33,0.7857,493,0.32,0.7619,439,0.32,0.7619,5,0.325,0.7738,7,0
IWM191018P144,2019-10-11,2019-10-11 09:37:38,0.33,0.7857,563,0.32,0.7619,489,0.32,0.7619,5,0.325,0.7738,7,0
IWM191018P144,2019-10-11,2019-10-11 09:37:39,0.33,0.7857,563,0.32,0.7619,489,0.32,0.7619,5,0.325,0.7738,7,0
IWM191018P144,2019-10-11,2019-10-11 09:37:39,0.33,0.7857,563,0.32,0.7619,439,0.32,0.7619,5,0.325,0.7738,7,0
IWM191018P144,2019-10-11,2019-10-11 09:37:40,0.33,0.7857,563,0.32,0.7619,489,0.32,0.7619,5,0.325,0.7738,7,0
IWM191018P144,2019-10-11,2019-10-11 09:37:40,0.33,0.7857,679,0.32,0.7619,378,0.32,0.7619,5,0.325,0.7738,7,0
IWM191018P144,2019-10-11,2019-10-11 09:37:41,0.33,0.7857,679,0.32,0.7619,428,0.32,0.7619,5,0.325,0.7738,7,0
IWM191018P144,2019-10-11,2019-10-11 09:37:42,0.33,0.7857,249,0.32,0.7619,361,0.32,0.7619,5,0.325,0.7738,7,0
IWM191018P144,2019-10-11,2019-10-11 09:37:42,0.33,0.7857,679,0.32,0.7619,478,0.32,0.7619,5,0.325,0.7738,7,0
IWM191018P144,2019-10-11,2019-10-11 09:37:43,0.33,0.7857,671,0.32,0.7619,434,0.32,0.7619,5,0.325,0.7738,7,0
IWM191018P144,2019-10-11,2019-10-11 09:37:43,0.33,0.7857,249,0.32,0.7619,361,0.32,0.7619,5,0.325,0.7738,7,0
IWM191018P144,2019-10-11,2019-10-11 09:37:44,0.33,0.7857,671,0.32,0.7619,434,0.32,0.7619,5,0.325,0.7738,7,0
IWM191018P144,2019-10-11,2019-10-11 09:37:45,0.33,0.7857,671,0.32,0.7619,434,0.32,0.7619,5,0.325,0.7738,7,0
IWM191018P144,2019-10-11,2019-10-11 09:37:46,0.33,0.7857,291,0.32,0.7619,341,0.32,0.7619,5,0.325,0.7738,7,0
IWM191018P144,2019-10-11,2019-10-11 09:37:46,0.33,0.7857,655,0.32,0.7619,442,0.32,0.7619,5,0.325,0.7738,7,0
IWM191018P144,2019-10-11,2019-10-11 09:37:47,0.33,0.7857,644,0.32,0.7619,350,0.32,0.7619,5,0.325,0.7738,7,0
IWM191018P144,2019-10-11,2019-10-11 09:37:47,0.33,0.7857,873,0.32,0.7619,341,0.32,0.7619,5,0.325,0.7738,7,0
IWM191018P144,2019-10-11,2019-10-11 09:37:48,0.33,0.7857,644,0.32,0.7619,350,0.32,0.7619,5,0.325,0.7738,7,0
IWM191018P144,2019-10-11,2019-10-11 09:37:49,0.33,0.7857,644,0.32,0.7619,424,0.32,0.7619,5,0.325,0.7738,7,0
IWM191018P144,2019-10-11,2019-10-11 09:37:49,0.33,0.7857,644,0.32,0.7619,711,0.32,0.7619,5,0.325,0.7738,7,0
IWM191018P144,2019-10-11,2019-10-11 09:37:50,0.33,0.7857,644,0.32,0.7619,474,0.32,0.7619,5,0.325,0.7738,7,0
IWM191018P144,2019-10-11,2019-10-11 09:37:51,0.33,0.7857,174,0.32,0.7619,468,0.32,0.7619,5,0.325,0.7738,7,0
IWM191018P144,2019-10-11,2019-10-11 09:37:51,0.33,0.7857,99,0.32,0.7619,368,0.32,0.7619,5,0.325,0.7738,7,0
IWM191018P144,2019-10-11,2019-10-11 09:37:52,0.33,0.7857,616,0.32,0.7619,468,0.32,0.7619,5,0.325,0.7738,7,0
IWM191018P144,2019-10-11,2019-10-11 09:37:53,0.33,0.7857,745,0.32,0.7619,341,0.32,0.7619,5,0.325,0.7738,7,0
IWM191018P144,2019-10-11,2019-10-11 09:37:53,0.33,0.7857,363,0.32,0.7619,418,0.32,0.7619,5,0.325,0.7738,7,0
IWM191018P144,2019-10-11,2019-10-11 09:37:54,0.33,0.7857,892,0.32,0.7619,27,0.32,0.7619,5,0.325,0.7738,7,0
IWM191018P144,2019-10-11,2019-10-11 09:37:54,0.33,0.7857,892,0.32,0.7619,20,0.32,0.7619,5,0.325,0.7738,7,0
IWM191018P144,2019-10-11,2019-10-11 09:37:55,0.32,0.7619,169,0.31,0.738,514,0.32,0.7619,5,0.315,0.75,7,0
IWM191018P144,2019-10-11,2019-10-11 09:37:55,0.33,0.7857,961,0.32,0.7619,17,0.32,0.7619,5,0.325,0.7738,7,0
IWM191018P144,2019-10-11,2019-10-11 09:37:56,0.33,0.7857,431,0.32,0.7619,45,0.32,0.7619,5,0.325,0.7738,7,0
IWM191018P144,2019-10-11,2019-10-11 09:37:56,0.32,0.7619,36,0.31,0.738,878,0.32,0.7619,5,0.315,0.75,7,0
IWM191018P144,2019-10-11,2019-10-11 09:37:57,0.33,0.7857,624,0.32,0.7619,263,0.32,0.7619,5,0.325,0.7738,7,0
IWM191018P144,2019-10-11,2019-10-11 09:37:57,0.33,0.7857,624,0.32,0.7619,353,0.32,0.7619,5,0.325,0.7738,7,0
IWM191018P144,2019-10-11,2019-10-11 09:37:58,0.33,0.7857,747,0.32,0.7619,379,0.32,0.7619,5,0.325,0.7738,7,0
IWM191018P144,2019-10-11,2019-10-11 09:37:59,0.33,0.7857,814,0.32,0.7619,261,0.32,0.7619,5,0.325,0.7738,7,0
IWM191018P144,2019-10-11,2019-10-11 09:37:59,0.33,0.7857,807,0.32,0.7619,379,0.32,0.7619,5,0.325,0.7738,7,0
IWM191018P144,2019-10-11,2019-10-11 09:38:00,0.33,0.7857,884,0.32,0.7619,248,0.32,0.7619,5,0.325,0.7738,7,0
IWM191018P144,2019-10-11,2019-10-11 09:38:00,0.33,0.7857,899,0.32,0.7619,248,0.32,0.7619,5,0.325,0.7738,7,0
IWM191018P144,2019-10-11,2019-10-11 09:38:01,0.33,0.7857,922,0.32,0.7619,248,0.32,0.7619,5,0.325,0.7738,7,0
IWM191018P144,2019-10-11,2019-10-11 09:38:01,0.33,0.7857,912,0.32,0.7619,272,0.32,0.7619,5,0.325,0.7738,7,0
IWM191018P144,2019-10-11,2019-10-11 09:38:02,0.33,0.7857,564,0.32,0.7619,390,0.32,0.7619,5,0.325,0.7738,7,0
IWM191018P144,2019-10-11,2019-10-11 09:38:02,0.33,0.7857,532,0.32,0.7619,272,0.32,0.7619,5,0.325,0.7738,7,0
IWM191018P144,2019-10-11,2019-10-11 09:38:03,0.33,0.7857,564,0.32,0.7619,390,0.32,0.7619,5,0.325,0.7738,7,0
IWM191018P144,2019-10-11,2019-10-11 09:38:04,0.33,0.7857,498,0.32,0.7619,390,0.32,0.7619,5,0.325,0.7738,7,0
IWM191018P144,2019-10-11,2019-10-11 09:38:05,0.33,0.7857,498,0.32,0.7619,440,0.32,0.7619,5,0.325,0.7738,7,0
IWM191018P144,2019-10-11,2019-10-11 09:38:05,0.33,0.7857,498,0.32,0.7619,390,0.32,0.7619,5,0.325,0.7738,7,0
IWM191018P144,2019-10-11,2019-10-11 09:38:06,0.33,0.7857,498,0.32,0.7619,440,0.32,0.7619,5,0.325,0.7738,7,0
IWM191018P144,2019-10-11,2019-10-11 09:38:07,0.33,0.7857,498,0.32,0.7619,440,0.32,0.7619,5,0.325,0.7738,7,0
IWM191018P144,2019-10-11,2019-10-11 09:38:07,0.33,0.7857,498,0.32,0.7619,390,0.32,0.7619,5,0.325,0.7738,7,0
IWM191018P144,2019-10-11,2019-10-11 09:38:08,0.33,0.7857,491,0.32,0.7619,399,0.32,0.7619,5,0.325,0.7738,7,0
IWM191018P144,2019-10-11,2019-10-11 09:38:08,0.33,0.7857,528,0.32,0.7619,312,0.32,0.7619,5,0.325,0.7738,7,0
IWM191018P144,2019-10-11,2019-10-11 09:38:09,0.33,0.7857,307,0.32,0.7619,372,0.32,0.7619,5,0.325,0.7738,7,0
IWM191018P144,2019-10-11,2019-10-11 09:38:09,0.33,0.7857,360,0.32,0.7619,399,0.32,0.7619,5,0.325,0.7738,7,0
IWM191018P144,2019-10-11,2019-10-11 09:38:10,0.33,0.7857,357,0.32,0.7619,372,0.32,0.7619,5,0.325,0.7738,7,0
IWM191018P144,2019-10-11,2019-10-11 09:38:11,0.33,0.7857,357,0.32,0.7619,408,0.32,0.7619,5,0.325,0.7738,7,0
IWM191018P144,2019-10-11,2019-10-11 09:38:12,0.33,0.7857,357,0.32,0.7619,408,0.32,0.7619,5,0.325,0.7738,7,0
IWM191018P144,2019-10-11,2019-10-11 09:38:13,0.33,0.7857,357,0.32,0.7619,408,0.32,0.7619,5,0.325,0.7738,7,0
IWM191018P144,2019-10-11,2019-10-11 09:38:14,0.33,0.7857,357,0.32,0.7619,696,0.32,0.7619,5,0.325,0.7738,7,0
IWM191018P144,2019-10-11,2019-10-11 09:38:14,0.33,0.7857,357,0.32,0.7619,523,0.32,0.7619,5,0.325,0.7738,7,0
IWM191018P144,2019-10-11,2019-10-11 09:38:15,0.33,0.7857,357,0.32,0.7619,523,0.32,0.7619,5,0.325,0.7738,7,0
IWM191018P144,2019-10-11,2019-10-11 09:38:15,0.33,0.7857,357,0.32,0.7619,785,0.32,0.7619,5,0.325,0.7738,7,0
IWM191018P144,2019-10-11,2019-10-11 09:38:16,0.33,0.7857,292,0.32,0.7619,412,0.32,0.7619,5,0.325,0.7738,7,0
IWM191018P144,2019-10-11,2019-10-11 09:38:16,0.33,0.7857,292,0.32,0.7619,785,0.32,0.7619,5,0.325,0.7738,7,0
IWM191018P144,2019-10-11,2019-10-11 09:38:17,0.33,0.7857,476,0.32,0.7619,412,0.32,0.7619,5,0.325,0.7738,7,0
IWM191018P144,2019-10-11,2019-10-11 09:38:17,0.33,0.7857,292,0.32,0.7619,412,0.32,0.7619,5,0.325,0.7738,7,0
IWM191018P144,2019-10-11,2019-10-11 09:38:18,0.33,0.7857,476,0.32,0.7619,412,0.32,0.7619,5,0.325,0.7738,7,0
IWM191018P144,2019-10-11,2019-10-11 09:38:19,0.33,0.7857,476,0.32,0.7619,300,0.32,0.7619,5,0.325,0.7738,7,0
IWM191018P144,2019-10-11,2019-10-11 09:38:19,0.33,0.7857,439,0.32,0.7619,300,0.32,0.7619,5,0.325,0.7738,7,0
IWM191018P144,2019-10-11,2019-10-11 09:38:20,0.33,0.7857,181,0.32,0.7619,308,0.32,0.7619,5,0.325,0.7738,7,0
IWM191018P144,2019-10-11,2019-10-11 09:38:20,0.33,0.7857,290,0.32,0.7619,358,0.32,0.7619,5,0.325,0.7738,7,0
IWM191018P144,2019-10-11,2019-10-11 09:38:21,0.33,0.7857,290,0.32,0.7619,298,0.32,0.7619,5,0.325,0.7738,7,0
IWM191018P144,2019-10-11,2019-10-11 09:38:21,0.33,0.7857,290,0.32,0.7619,358,0.32,0.7619,5,0.325,0.7738,7,0
IWM191018P144,2019-10-11,2019-10-11 09:38:22,0.33,0.7857,269,0.32,0.7619,258,0.32,0.7619,5,0.325,0.7738,7,0
IWM191018P144,2019-10-11,2019-10-11 09:38:22,0.33,0.7857,269,0.32,0.7619,403,0.32,0.7619,5,0.325,0.7738,7,0
IWM191018P144,2019-10-11,2019-10-11 09:38:23,0.33,0.7857,806,0.32,0.7619,20,0.32,0.7619,5,0.325,0.7738,7,0
IWM191018P144,2019-10-11,2019-10-11 09:38:23,0.33,0.7857,303,0.32,0.7619,258,0.32,0.7619,5,0.325,0.7738,7,0
IWM191018P144,2019-10-11,2019-10-11 09:38:24,0.33,0.7857,462,0.32,0.7619,26,0.32,0.7619,5,0.325,0.7738,7,0
IWM191018P144,2019-10-11,2019-10-11 09:38:24,0.33,0.7857,878,0.32,0.7619,20,0.32,0.7619,5,0.325,0.7738,7,0
IWM191018P144,2019-10-11,2019-10-11 09:38:25,0.33,0.7857,886,0.32,0.7619,26,0.32,0.7619,5,0.325,0.7738,7,0
IWM191018P144,2019-10-11,2019-10-11 09:38:26,0.33,0.7857,1023,0.32,0.7619,41,0.32,0.7619,5,0.325,0.7738,7,0
IWM191018P144,2019-10-11,2019-10-11 09:38:26,0.33,0.7857,1023,0.32,0.7619,30,0.32,0.7619,5,0.325,0.7738,7,0
IWM191018P144,2019-10-11,2019-10-11 09:38:27,0.33,0.7857,1023,0.32,0.7619,225,0.32,0.7619,5,0.325,0.7738,7,0
IWM191018P144,2019-10-11,2019-10-11 09:38:28,0.33,0.7857,1023,0.32,0.7619,230,0.32,0.7619,5,0.325,0.7738,7,0
IWM191018P144,2019-10-11,2019-10-11 09:38:28,0.33,0.7857,1023,0.32,0.7619,225,0.32,0.7619,5,0.325,0.7738,7,0
IWM191018P144,2019-10-11,2019-10-11 09:38:29,0.33,0.7857,541,0.32,0.7619,265,0.32,0.7619,5,0.325,0.7738,7,0
IWM191018P144,2019-10-11,2019-10-11 09:38:29,0.33,0.7857,1023,0.32,0.7619,265,0.32,0.7619,5,0.325,0.7738,7,0
IWM191018P144,2019-10-11,2019-10-11 09:38:30,0.33,0.7857,509,0.32,0.7619,265,0.32,0.7619,5,0.325,0.7738,7,0
IWM191018P144,2019-10-11,2019-10-11 09:38:30,0.33,0.7857,391,0.32,0.7619,265,0.32,0.7619,5,0.325,0.7738,7,0
IWM191018P144,2019-10-11,2019-10-11 09:38:31,0.33,0.7857,1047,0.32,0.7619,57,0.32,0.7619,5,0.325,0.7738,7,0
IWM191018P144,2019-10-11,2019-10-11 09:38:31,0.33,0.7857,559,0.32,0.7619,57,0.32,0.7619,5,0.325,0.7738,7,0
IWM191018P144,2019-10-11,2019-10-11 09:38:32,0.33,0.7857,997,0.32,0.7619,57,0.32,0.7619,5,0.325,0.7738,7,0
IWM191018P144,2019-10-11,2019-10-11 09:38:32,0.33,0.7857,1047,0.32,0.7619,32,0.32,0.7619,5,0.325,0.7738,7,0
IWM191018P144,2019-10-11,2019-10-11 09:38:33,0.33,0.7857,1029,0.32,0.7619,32,0.32,0.7619,5,0.325,0.7738,7,0
IWM191018P144,2019-10-11,2019-10-11 09:38:34,0.33,0.7857,1029,0.32,0.7619,54,0.32,0.7619,5,0.325,0.7738,7,0
IWM191018P144,2019-10-11,2019-10-11 09:38:35,0.33,0.7857,1029,0.32,0.7619,54,0.32,0.7619,5,0.325,0.7738,7,0
IWM191018P144,2019-10-11,2019-10-11 09:38:35,0.33,0.7857,979,0.32,0.7619,54,0.32,0.7619,5,0.325,0.7738,7,0
IWM191018P144,2019-10-11,2019-10-11 09:38:36,0.33,0.7857,316,0.32,0.7619,54,0.32,0.7619,5,0.325,0.7738,7,0
IWM191018P144,2019-10-11,2019-10-11 09:38:36,0.33,0.7857,1029,0.32,0.7619,54,0.32,0.7619,5,0.325,0.7738,7,0
IWM191018P144,2019-10-11,2019-10-11 09:38:37,0.33,0.7857,531,0.32,0.7619,291,0.32,0.7619,5,0.325,0.7738,7,0
IWM191018P144,2019-10-11,2019-10-11 09:38:37,0.33,0.7857,592,0.32,0.7619,257,0.32,0.7619,5,0.325,0.7738,7,0
IWM191018P144,2019-10-11,2019-10-11 09:38:38,0.33,0.7857,392,0.32,0.7619,286,0.32,0.7619,5,0.325,0.7738,7,0
IWM191018P144,2019-10-11,2019-10-11 09:38:39,0.33,0.7857,350,0.32,0.7619,41,0.32,0.7619,5,0.325,0.7738,7,0
IWM191018P144,2019-10-11,2019-10-11 09:38:39,0.33,0.7857,680,0.32,0.7619,20,0.32,0.7619,5,0.325,0.7738,7,0
IWM191018P144,2019-10-11,2019-10-11 09:38:40,0.33,0.7857,788,0.32,0.7619,29,0.32,0.7619,5,0.325,0.7738,7,0
IWM191018P144,2019-10-11,2019-10-11 09:38:41,0.33,0.7857,1184,0.32,0.7619,30,0.32,0.7619,5,0.325,0.7738,7,0
IWM191018P144,2019-10-11,2019-10-11 09:38:42,0.33,0.7857,566,0.32,0.7619,30,0.32,0.7619,5,0.325,0.7738,7,0
IWM191018P144,2019-10-11,2019-10-11 09:38:42,0.33,0.7857,1184,0.32,0.7619,30,0.32,0.7619,5,0.325,0.7738,7,0
IWM191018P144,2019-10-11,2019-10-11 09:38:43,0.33,0.7857,1139,0.32,0.7619,33,0.32,0.7619,5,0.325,0.7738,7,0
IWM191018P144,2019-10-11,2019-10-11 09:38:44,0.33,0.7857,1139,0.32,0.7619,33,0.32,0.7619,5,0.325,0.7738,7,0
IWM191018P144,2019-10-11,2019-10-11 09:38:45,0.33,0.7857,589,0.32,0.7619,30,0.32,0.7619,5,0.325,0.7738,7,0
IWM191018P144,2019-10-11,2019-10-11 09:38:45,0.33,0.7857,1139,0.32,0.7619,33,0.32,0.7619,5,0.325,0.7738,7,0
IWM191018P144,2019-10-11,2019-10-11 09:38:46,0.33,0.7857,1169,0.32,0.7619,30,0.32,0.7619,5,0.325,0.7738,7,0
IWM191018P144,2019-10-11,2019-10-11 09:38:46,0.33,0.7857,1169,0.32,0.7619,34,0.32,0.7619,5,0.325,0.7738,7,0
IWM191018P144,2019-10-11,2019-10-11 09:38:47,0.33,0.7857,1093,0.32,0.7619,34,0.32,0.7619,5,0.325,0.7738,7,0
IWM191018P144,2019-10-11,2019-10-11 09:38:47,0.33,0.7857,1298,0.32,0.7619,34,0.32,0.7619,5,0.325,0.7738,7,0
IWM191018P144,2019-10-11,2019-10-11 09:38:48,0.33,0.7857,1455,0.32,0.7619,34,0.32,0.7619,5,0.325,0.7738,7,0
IWM191018P144,2019-10-11,2019-10-11 09:38:48,0.32,0.7619,237,0.31,0.738,378,0.32,0.7619,5,0.315,0.75,7,0
IWM191018P144,2019-10-11,2019-10-11 09:38:49,0.32,0.7619,477,0.31,0.738,406,0.32,0.7619,5,0.315,0.75,7,0
IWM191018P144,2019-10-11,2019-10-11 09:38:50,0.32,0.7619,419,0.31,0.738,700,0.32,0.7619,5,0.315,0.75,7,0
IWM191018P144,2019-10-11,2019-10-11 09:38:50,0.32,0.7619,419,0.31,0.738,406,0.32,0.7619,5,0.315,0.75,7,0
IWM191018P144,2019-10-11,2019-10-11 09:38:51,0.32,0.7619,419,0.31,0.738,700,0.32,0.7619,5,0.315,0.75,7,0
IWM191018P144,2019-10-11,2019-10-11 09:38:52,0.32,0.7619,419,0.31,0.738,522,0.32,0.7619,5,0.315,0.75,7,0
IWM191018P144,2019-10-11,2019-10-11 09:38:52,0.32,0.7619,442,0.31,0.738,522,0.32,0.7619,5,0.315,0.75,7,0
IWM191018P144,2019-10-11,2019-10-11 09:38:53,0.32,0.7619,237,0.31,0.738,489,0.32,0.7619,5,0.315,0.75,7,0
IWM191018P144,2019-10-11,2019-10-11 09:38:53,0.32,0.7619,477,0.31,0.738,522,0.32,0.7619,5,0.315,0.75,7,0
IWM191018P144,2019-10-11,2019-10-11 09:38:54,0.32,0.7619,219,0.31,0.738,437,0.32,0.7619,5,0.315,0.75,7,0
IWM191018P144,2019-10-11,2019-10-11 09:38:54,0.32,0.7619,301,0.31,0.738,489,0.32,0.7619,5,0.315,0.75,7,0
IWM191018P144,2019-10-11,2019-10-11 09:38:55,0.32,0.7619,219,0.31,0.738,386,0.32,0.7619,5,0.315,0.75,7,0
IWM191018P144,2019-10-11,2019-10-11 09:38:55,0.32,0.7619,219,0.31,0.738,447,0.32,0.7619,5,0.315,0.75,7,0
IWM191018P144,2019-10-11,2019-10-11 09:38:56,0.32,0.7619,256,0.31,0.738,1007,0.32,0.7619,5,0.315,0.75,7,0
IWM191018P144,2019-10-11,2019-10-11 09:38:57,0.33,0.7857,593,0.31,0.738,1051,0.32,0.7619,5,0.32,0.7619,7,0
IWM191018P144,2019-10-11,2019-10-11 09:38:57,0.33,0.7857,593,0.31,0.738,576,0.32,0.7619,5,0.32,0.7619,7,0
IWM191018P144,2019-10-11,2019-10-11 09:38:58,0.33,0.7857,1094,0.32,0.7619,481,0.32,0.7619,5,0.325,0.7738,7,0
IWM191018P144,2019-10-11,2019-10-11 09:38:58,0.33,0.7857,1094,0.31,0.738,1051,0.32,0.7619,5,0.32,0.7619,7,0
IWM191018P144,2019-10-11,2019-10-11 09:38:59,0.33,0.7857,1094,0.32,0.7619,431,0.32,0.7619,5,0.325,0.7738,7,0
IWM191018P144,2019-10-11,2019-10-11 09:38:59,0.33,0.7857,330,0.32,0.7619,40,0.32,0.7619,5,0.325,0.7738,7,0
IWM191018P144,2019-10-11,2019-10-11 09:39:00,0.33,0.7857,599,0.32,0.7619,40,0.32,0.7619,5,0.325,0.7738,7,0
IWM191018P144,2019-10-11,2019-10-11 09:39:01,0.33,0.7857,651,0.32,0.7619,63,0.32,0.7619,5,0.325,0.7738,7,0
IWM191018P144,2019-10-11,2019-10-11 09:39:01,0.33,0.7857,562,0.32,0.7619,63,0.32,0.7619,5,0.325,0.7738,7,0
IWM191018P144,2019-10-11,2019-10-11 09:39:02,0.33,0.7857,562,0.32,0.7619,63,0.32,0.7619,5,0.325,0.7738,7,0
IWM191018P144,2019-10-11,2019-10-11 09:39:03,0.33,0.7857,610,0.32,0.7619,88,0.32,0.7619,5,0.325,0.7738,7,0
IWM191018P144,2019-10-11,2019-10-11 09:39:03,0.33,0.7857,758,0.32,0.7619,25,0.32,0.7619,5,0.325,0.7738,7,0
IWM191018P144,2019-10-11,2019-10-11 09:39:04,0.33,0.7857,737,0.32,0.7619,20,0.32,0.7619,5,0.325,0.7738,7,0
IWM191018P144,2019-10-11,2019-10-11 09:39:04,0.33,0.7857,908,0.32,0.7619,24,0.32,0.7619,5,0.325,0.7738,7,0
IWM191018P144,2019-10-11,2019-10-11 09:39:05,0.33,0.7857,1068,0.31,0.738,330,0.32,0.7619,5,0.32,0.7619,7,0
IWM191018P144,2019-10-11,2019-10-11 09:39:05,0.33,0.7857,1158,0.31,0.738,269,0.32,0.7619,5,0.32,0.7619,7,0
IWM191018P144,2019-10-11,2019-10-11 09:39:06,0.32,0.7619,289,0.31,0.738,290,0.32,0.7619,5,0.315,0.75,7,0
