symbol,Date,quote_time,ask_price,norm_ask_price,ask_size,bid_price,norm_bid_price,bid_size,last_trade_price,norm_last_trade_price,last_trade_size,mark_price,norm_mark_price,volume,Volume
SPY190807C285,2019-08-05,2019-08-05 09:34:59,4.49,1.0,5,4.36,0.971,104,4.47,0.9955,5,4.425,0.9855,18,18
SPY190807C285,2019-08-05,2019-08-05 09:35:00,4.49,1.0,5,4.28,0.9532,292,4.47,0.9955,5,4.385,0.9766,18,0
SPY190807C285,2019-08-05,2019-08-05 09:35:01,4.46,0.9933,19,4.36,0.971,5,4.47,0.9955,5,4.41,0.9821,18,0
SPY190807C285,2019-08-05,2019-08-05 09:35:01,4.46,0.9933,547,4.36,0.971,8,4.47,0.9955,5,4.41,0.9821,18,0
SPY190807C285,2019-08-05,2019-08-05 09:35:02,4.45,0.991,98,4.29,0.9554,18,4.47,0.9955,5,4.37,0.9732,18,0
SPY190807C285,2019-08-05,2019-08-05 09:35:02,4.49,1.0,118,4.33,0.9643,313,4.47,0.9955,5,4.41,0.9821,18,0
SPY190807C285,2019-08-05,2019-08-05 09:35:03,4.49,1.0,118,4.34,0.9665,23,4.47,0.9955,5,4.415,0.9832,18,0
SPY190807C285,2019-08-05,2019-08-05 09:35:03,4.48,0.9977,118,4.34,0.9665,118,4.47,0.9955,5,4.41,0.9821,18,0
SPY190807C285,2019-08-05,2019-08-05 09:35:04,4.49,1.0,5,4.35,0.9688,19,4.47,0.9955,5,4.42,0.9844,18,0
SPY190807C285,2019-08-05,2019-08-05 09:35:04,4.49,1.0,5,4.32,0.9621,292,4.47,0.9955,5,4.405,0.981,18,0
SPY190807C285,2019-08-05,2019-08-05 09:35:05,4.51,1.0044,292,4.34,0.9665,4,4.47,0.9955,5,4.425,0.9855,18,0
SPY190807C285,2019-08-05,2019-08-05 09:35:05,4.48,0.9977,5,4.39,0.9777,5,4.47,0.9955,5,4.435,0.9877,18,0
SPY190807C285,2019-08-05,2019-08-05 09:35:06,4.47,0.9955,5,4.34,0.9665,4,4.47,0.9955,5,4.405,0.981,18,0
SPY190807C285,2019-08-05,2019-08-05 09:35:07,4.5,1.0022,5,4.34,0.9665,270,4.47,0.9955,5,4.42,0.9844,18,0
SPY190807C285,2019-08-05,2019-08-05 09:35:07,4.5,1.0022,5,4.35,0.9688,5,4.47,0.9955,5,4.425,0.9855,18,0
SPY190807C285,2019-08-05,2019-08-05 09:35:08,4.5,1.0022,5,4.36,0.971,5,4.47,0.9955,5,4.43,0.9866,18,0
SPY190807C285,2019-08-05,2019-08-05 09:35:08,4.5,1.0022,6,4.35,0.9688,6,4.47,0.9955,5,4.425,0.9855,18,0
SPY190807C285,2019-08-05,2019-08-05 09:35:09,4.5,1.0022,5,4.37,0.9732,5,4.47,0.9955,5,4.435,0.9877,18,0
SPY190807C285,2019-08-05,2019-08-05 09:35:09,4.54,1.0111,1,4.38,0.9755,292,4.47,0.9955,5,4.46,0.9933,18,0
SPY190807C285,2019-08-05,2019-08-05 09:35:10,4.57,1.0178,18,4.39,0.9777,20,4.47,0.9955,5,4.48,0.9977,18,0
SPY190807C285,2019-08-05,2019-08-05 09:35:10,4.58,1.02,292,4.38,0.9755,313,4.47,0.9955,5,4.48,0.9977,18,0
SPY190807C285,2019-08-05,2019-08-05 09:35:11,4.56,1.0155,18,4.41,0.9821,115,4.47,0.9955,5,4.485,0.9988,18,0
SPY190807C285,2019-08-05,2019-08-05 09:35:11,4.54,1.0111,9,4.43,0.9866,5,4.47,0.9955,5,4.485,0.9988,18,0
SPY190807C285,2019-08-05,2019-08-05 09:35:12,4.53,1.0089,18,4.43,0.9866,103,4.47,0.9955,5,4.48,0.9977,18,0
SPY190807C285,2019-08-05,2019-08-05 09:35:13,4.52,1.0066,5,4.45,0.991,110,4.47,0.9955,5,4.485,0.9988,18,0
SPY190807C285,2019-08-05,2019-08-05 09:35:13,4.53,1.0089,5,4.46,0.9933,5,4.47,0.9955,5,4.495,1.0011,18,0
SPY190807C285,2019-08-05,2019-08-05 09:35:14,4.53,1.0089,5,4.42,0.9844,5,4.47,0.9955,5,4.475,0.9966,18,0
SPY190807C285,2019-08-05,2019-08-05 09:35:14,4.52,1.0066,53,4.43,0.9866,100,4.47,0.9955,5,4.475,0.9966,18,0
SPY190807C285,2019-08-05,2019-08-05 09:35:15,4.52,1.0066,5,4.45,0.991,5,4.47,0.9955,5,4.485,0.9988,18,0
SPY190807C285,2019-08-05,2019-08-05 09:35:15,4.51,1.0044,18,4.36,0.971,18,4.47,0.9955,5,4.435,0.9877,18,0
SPY190807C285,2019-08-05,2019-08-05 09:35:16,4.51,1.0044,5,4.38,0.9755,14,4.47,0.9955,5,4.445,0.9899,18,0
SPY190807C285,2019-08-05,2019-08-05 09:35:16,4.51,1.0044,5,4.4,0.9799,5,4.47,0.9955,5,4.455,0.9922,18,0
SPY190807C285,2019-08-05,2019-08-05 09:35:17,4.5,1.0022,18,4.42,0.9844,22,4.47,0.9955,5,4.46,0.9933,18,0
SPY190807C285,2019-08-05,2019-08-05 09:35:17,4.52,1.0066,292,4.39,0.9777,100,4.47,0.9955,5,4.455,0.9922,18,0
SPY190807C285,2019-08-05,2019-08-05 09:35:18,4.49,1.0,5,4.43,0.9866,100,4.47,0.9955,5,4.46,0.9933,18,0
SPY190807C285,2019-08-05,2019-08-05 09:35:18,4.52,1.0066,445,4.33,0.9643,358,4.47,0.9955,5,4.425,0.9855,18,0
SPY190807C285,2019-08-05,2019-08-05 09:35:19,4.49,1.0,5,4.34,0.9665,100,4.47,0.9955,5,4.415,0.9832,18,0
SPY190807C285,2019-08-05,2019-08-05 09:35:19,4.5,1.0022,5,4.34,0.9665,5,4.47,0.9955,5,4.42,0.9844,18,0
SPY190807C285,2019-08-05,2019-08-05 09:35:20,4.49,1.0,5,4.34,0.9665,100,4.47,0.9955,5,4.415,0.9832,18,0
SPY190807C285,2019-08-05,2019-08-05 09:35:20,4.49,1.0,5,4.35,0.9688,100,4.47,0.9955,5,4.42,0.9844,18,0
SPY190807C285,2019-08-05,2019-08-05 09:35:21,4.48,0.9977,457,4.36,0.971,100,4.47,0.9955,5,4.42,0.9844,18,0
SPY190807C285,2019-08-05,2019-08-05 09:35:21,4.5,1.0022,400,4.36,0.971,100,4.47,0.9955,5,4.43,0.9866,18,0
SPY190807C285,2019-08-05,2019-08-05 09:35:22,4.47,0.9955,5,4.37,0.9732,100,4.47,0.9955,5,4.42,0.9844,18,0
SPY190807C285,2019-08-05,2019-08-05 09:35:22,4.47,0.9955,5,4.39,0.9777,5,4.47,0.9955,5,4.43,0.9866,18,0
SPY190807C285,2019-08-05,2019-08-05 09:35:23,4.46,0.9933,5,4.39,0.9777,100,4.47,0.9955,5,4.425,0.9855,18,0
SPY190807C285,2019-08-05,2019-08-05 09:35:23,4.47,0.9955,5,4.39,0.9777,100,4.47,0.9955,5,4.43,0.9866,18,0
SPY190807C285,2019-08-05,2019-08-05 09:35:24,4.46,0.9933,5,4.38,0.9755,6,4.47,0.9955,5,4.42,0.9844,18,0
SPY190807C285,2019-08-05,2019-08-05 09:35:24,4.46,0.9933,100,4.38,0.9755,100,4.47,0.9955,5,4.42,0.9844,18,0
SPY190807C285,2019-08-05,2019-08-05 09:35:25,4.46,0.9933,7,4.38,0.9755,11,4.47,0.9955,5,4.42,0.9844,18,0
SPY190807C285,2019-08-05,2019-08-05 09:35:25,4.46,0.9933,5,4.38,0.9755,5,4.47,0.9955,5,4.42,0.9844,18,0
SPY190807C285,2019-08-05,2019-08-05 09:35:26,4.45,0.991,5,4.39,0.9777,5,4.47,0.9955,5,4.42,0.9844,18,0
SPY190807C285,2019-08-05,2019-08-05 09:35:26,4.46,0.9933,100,4.38,0.9755,111,4.47,0.9955,5,4.42,0.9844,18,0
SPY190807C285,2019-08-05,2019-08-05 09:35:27,4.45,0.991,5,4.33,0.9643,263,4.47,0.9955,5,4.39,0.9777,18,0
SPY190807C285,2019-08-05,2019-08-05 09:35:27,4.49,1.0,18,4.35,0.9688,126,4.47,0.9955,5,4.42,0.9844,18,0
SPY190807C285,2019-08-05,2019-08-05 09:35:28,4.51,1.0044,102,4.37,0.9732,118,4.47,0.9955,5,4.44,0.9888,18,0
SPY190807C285,2019-08-05,2019-08-05 09:35:28,4.49,1.0,18,4.36,0.971,14,4.47,0.9955,5,4.425,0.9855,18,0
SPY190807C285,2019-08-05,2019-08-05 09:35:29,4.5,1.0022,118,4.37,0.9732,118,4.47,0.9955,5,4.435,0.9877,18,0
SPY190807C285,2019-08-05,2019-08-05 09:35:29,4.47,0.9955,1,4.42,0.9844,4,4.47,0.9955,5,4.445,0.9899,18,0
SPY190807C285,2019-08-05,2019-08-05 09:35:30,4.51,1.0044,22,4.38,0.9755,5,4.47,0.9955,5,4.445,0.9899,18,0
SPY190807C285,2019-08-05,2019-08-05 09:35:30,4.47,0.9955,95,4.43,0.9866,14,4.47,0.9955,5,4.45,0.991,18,0
SPY190807C285,2019-08-05,2019-08-05 09:35:31,4.46,0.9933,51,4.36,0.971,115,4.47,0.9955,5,4.41,0.9821,18,0
SPY190807C285,2019-08-05,2019-08-05 09:35:31,4.45,0.991,80,4.37,0.9732,118,4.47,0.9955,5,4.41,0.9821,18,0
SPY190807C285,2019-08-05,2019-08-05 09:35:32,4.44,0.9888,22,4.35,0.9688,9,4.47,0.9955,5,4.395,0.9788,18,0
SPY190807C285,2019-08-05,2019-08-05 09:35:32,4.44,0.9888,18,4.4,0.9799,116,4.47,0.9955,5,4.42,0.9844,18,0
SPY190807C285,2019-08-05,2019-08-05 09:35:33,4.43,0.9866,5,4.35,0.9688,24,4.47,0.9955,5,4.39,0.9777,18,0
SPY190807C285,2019-08-05,2019-08-05 09:35:33,4.42,0.9844,18,4.39,0.9777,5,4.47,0.9955,5,4.405,0.981,18,0
SPY190807C285,2019-08-05,2019-08-05 09:35:34,4.43,0.9866,100,4.38,0.9755,93,4.47,0.9955,5,4.405,0.981,18,0
SPY190807C285,2019-08-05,2019-08-05 09:35:34,4.44,0.9888,118,4.39,0.9777,76,4.47,0.9955,5,4.415,0.9832,18,0
SPY190807C285,2019-08-05,2019-08-05 09:35:35,4.43,0.9866,43,4.39,0.9777,96,4.47,0.9955,5,4.41,0.9821,18,0
SPY190807C285,2019-08-05,2019-08-05 09:35:35,4.43,0.9866,20,4.39,0.9777,96,4.47,0.9955,5,4.41,0.9821,18,0
SPY190807C285,2019-08-05,2019-08-05 09:35:36,4.43,0.9866,20,4.4,0.9799,33,4.47,0.9955,5,4.415,0.9832,18,0
SPY190807C285,2019-08-05,2019-08-05 09:35:37,4.42,0.9844,15,4.4,0.9799,33,4.47,0.9955,5,4.41,0.9821,18,0
SPY190807C285,2019-08-05,2019-08-05 09:35:37,4.42,0.9844,15,4.4,0.9799,15,4.47,0.9955,5,4.41,0.9821,18,0
SPY190807C285,2019-08-05,2019-08-05 09:35:38,4.45,0.991,179,4.4,0.9799,133,4.47,0.9955,5,4.425,0.9855,18,0
SPY190807C285,2019-08-05,2019-08-05 09:35:38,4.43,0.9866,14,4.37,0.9732,100,4.47,0.9955,5,4.4,0.9799,18,0
SPY190807C285,2019-08-05,2019-08-05 09:35:39,4.45,0.991,193,4.41,0.9821,33,4.47,0.9955,5,4.43,0.9866,18,0
SPY190807C285,2019-08-05,2019-08-05 09:35:39,4.46,0.9933,184,4.41,0.9821,75,4.47,0.9955,5,4.435,0.9877,18,0
SPY190807C285,2019-08-05,2019-08-05 09:35:40,4.45,0.991,184,4.39,0.9777,100,4.47,0.9955,5,4.42,0.9844,18,0
SPY190807C285,2019-08-05,2019-08-05 09:35:40,4.45,0.991,5,4.38,0.9755,179,4.47,0.9955,5,4.415,0.9832,18,0
SPY190807C285,2019-08-05,2019-08-05 09:35:41,4.45,0.991,5,4.41,0.9821,1,4.47,0.9955,5,4.43,0.9866,18,0
SPY190807C285,2019-08-05,2019-08-05 09:35:41,4.46,0.9933,184,4.4,0.9799,5,4.47,0.9955,5,4.43,0.9866,18,0
SPY190807C285,2019-08-05,2019-08-05 09:35:42,4.45,0.991,100,4.38,0.9755,179,4.47,0.9955,5,4.415,0.9832,18,0
SPY190807C285,2019-08-05,2019-08-05 09:35:42,4.45,0.991,5,4.38,0.9755,100,4.47,0.9955,5,4.415,0.9832,18,0
SPY190807C285,2019-08-05,2019-08-05 09:35:43,4.45,0.991,132,4.37,0.9732,15,4.47,0.9955,5,4.41,0.9821,18,0
SPY190807C285,2019-08-05,2019-08-05 09:35:43,4.45,0.991,179,4.37,0.9732,179,4.47,0.9955,5,4.41,0.9821,18,0
SPY190807C285,2019-08-05,2019-08-05 09:35:44,4.45,0.991,55,4.38,0.9755,179,4.47,0.9955,5,4.415,0.9832,18,0
SPY190807C285,2019-08-05,2019-08-05 09:35:44,4.45,0.991,54,4.39,0.9777,105,4.47,0.9955,5,4.42,0.9844,18,0
SPY190807C285,2019-08-05,2019-08-05 09:35:45,4.47,0.9955,100,4.39,0.9777,115,4.47,0.9955,5,4.43,0.9866,18,0
SPY190807C285,2019-08-05,2019-08-05 09:35:45,4.47,0.9955,184,4.4,0.9799,184,4.47,0.9955,5,4.435,0.9877,18,0
SPY190807C285,2019-08-05,2019-08-05 09:35:46,4.45,0.991,128,4.4,0.9799,100,4.47,0.9955,5,4.425,0.9855,18,0
SPY190807C285,2019-08-05,2019-08-05 09:35:46,4.46,0.9933,127,4.4,0.9799,6,4.47,0.9955,5,4.43,0.9866,18,0
SPY190807C285,2019-08-05,2019-08-05 09:35:47,4.47,0.9955,100,4.41,0.9821,105,4.47,0.9955,5,4.44,0.9888,18,0
SPY190807C285,2019-08-05,2019-08-05 09:35:47,4.47,0.9955,100,4.4,0.9799,100,4.47,0.9955,5,4.435,0.9877,18,0
SPY190807C285,2019-08-05,2019-08-05 09:35:48,4.46,0.9933,154,4.41,0.9821,102,4.47,0.9955,5,4.435,0.9877,18,0
SPY190807C285,2019-08-05,2019-08-05 09:35:48,4.46,0.9933,100,4.41,0.9821,102,4.47,0.9955,5,4.435,0.9877,18,0
SPY190807C285,2019-08-05,2019-08-05 09:35:49,4.46,0.9933,5,4.41,0.9821,102,4.47,0.9955,5,4.435,0.9877,18,0
SPY190807C285,2019-08-05,2019-08-05 09:35:49,4.45,0.991,105,4.38,0.9755,5,4.47,0.9955,5,4.415,0.9832,18,0
SPY190807C285,2019-08-05,2019-08-05 09:35:50,4.42,0.9844,100,4.34,0.9665,100,4.47,0.9955,5,4.38,0.9755,18,0
SPY190807C285,2019-08-05,2019-08-05 09:35:51,4.42,0.9844,100,4.36,0.971,5,4.47,0.9955,5,4.39,0.9777,18,0
SPY190807C285,2019-08-05,2019-08-05 09:35:51,4.41,0.9821,5,4.36,0.971,8,4.47,0.9955,5,4.385,0.9766,18,0
SPY190807C285,2019-08-05,2019-08-05 09:35:52,4.41,0.9821,5,4.37,0.9732,5,4.47,0.9955,5,4.39,0.9777,18,0
SPY190807C285,2019-08-05,2019-08-05 09:35:52,4.42,0.9844,118,4.37,0.9732,100,4.47,0.9955,5,4.395,0.9788,18,0
SPY190807C285,2019-08-05,2019-08-05 09:35:53,4.43,0.9866,52,4.38,0.9755,100,4.47,0.9955,5,4.405,0.981,18,0
SPY190807C285,2019-08-05,2019-08-05 09:35:53,4.43,0.9866,178,4.39,0.9777,5,4.47,0.9955,5,4.41,0.9821,18,0
SPY190807C285,2019-08-05,2019-08-05 09:35:54,4.43,0.9866,148,4.37,0.9732,100,4.47,0.9955,5,4.4,0.9799,18,0
SPY190807C285,2019-08-05,2019-08-05 09:35:54,4.42,0.9844,65,4.38,0.9755,52,4.47,0.9955,5,4.4,0.9799,18,0
SPY190807C285,2019-08-05,2019-08-05 09:35:55,4.42,0.9844,100,4.35,0.9688,100,4.47,0.9955,5,4.385,0.9766,18,0
SPY190807C285,2019-08-05,2019-08-05 09:35:55,4.42,0.9844,54,4.38,0.9755,5,4.47,0.9955,5,4.4,0.9799,18,0
SPY190807C285,2019-08-05,2019-08-05 09:35:56,4.41,0.9821,18,4.37,0.9732,112,4.47,0.9955,5,4.39,0.9777,18,0
SPY190807C285,2019-08-05,2019-08-05 09:35:56,4.42,0.9844,152,4.37,0.9732,112,4.47,0.9955,5,4.395,0.9788,18,0
SPY190807C285,2019-08-05,2019-08-05 09:35:57,4.41,0.9821,18,4.37,0.9732,112,4.47,0.9955,5,4.39,0.9777,18,0
SPY190807C285,2019-08-05,2019-08-05 09:35:57,4.4,0.9799,18,4.36,0.971,100,4.47,0.9955,5,4.38,0.9755,18,0
SPY190807C285,2019-08-05,2019-08-05 09:35:58,4.41,0.9821,184,4.36,0.971,5,4.47,0.9955,5,4.385,0.9766,18,0
SPY190807C285,2019-08-05,2019-08-05 09:35:58,4.4,0.9799,185,4.36,0.971,50,4.47,0.9955,5,4.38,0.9755,18,0
SPY190807C285,2019-08-05,2019-08-05 09:35:59,4.4,0.9799,158,4.35,0.9688,5,4.47,0.9955,5,4.375,0.9743,18,0
SPY190807C285,2019-08-05,2019-08-05 09:35:59,4.39,0.9777,18,4.35,0.9688,100,4.47,0.9955,5,4.37,0.9732,18,0
SPY190807C285,2019-08-05,2019-08-05 09:36:00,4.4,0.9799,105,4.35,0.9688,86,4.47,0.9955,5,4.375,0.9743,18,0
SPY190807C285,2019-08-05,2019-08-05 09:36:00,4.38,0.9755,22,4.35,0.9688,14,4.47,0.9955,5,4.365,0.9721,18,0
SPY190807C285,2019-08-05,2019-08-05 09:36:01,4.39,0.9777,67,4.35,0.9688,124,4.47,0.9955,5,4.37,0.9732,18,0
SPY190807C285,2019-08-05,2019-08-05 09:36:01,4.4,0.9799,100,4.32,0.9621,100,4.47,0.9955,5,4.36,0.971,18,0
SPY190807C285,2019-08-05,2019-08-05 09:36:02,4.36,0.971,18,4.32,0.9621,118,4.47,0.9955,5,4.34,0.9665,18,0
SPY190807C285,2019-08-05,2019-08-05 09:36:02,4.39,0.9777,151,4.34,0.9665,118,4.47,0.9955,5,4.365,0.9721,18,0
SPY190807C285,2019-08-05,2019-08-05 09:36:03,4.35,0.9688,2,4.32,0.9621,118,4.47,0.9955,5,4.335,0.9654,18,0
SPY190807C285,2019-08-05,2019-08-05 09:36:03,4.36,0.971,18,4.32,0.9621,133,4.47,0.9955,5,4.34,0.9665,18,0
SPY190807C285,2019-08-05,2019-08-05 09:36:04,4.34,0.9665,18,4.31,0.9599,94,4.47,0.9955,5,4.325,0.9632,18,0
SPY190807C285,2019-08-05,2019-08-05 09:36:04,4.33,0.9643,105,4.27,0.951,5,4.47,0.9955,5,4.3,0.9576,18,0
SPY190807C285,2019-08-05,2019-08-05 09:36:05,4.32,0.9621,101,4.28,0.9532,5,4.47,0.9955,5,4.3,0.9576,18,0
SPY190807C285,2019-08-05,2019-08-05 09:36:06,4.3,0.9576,17,4.28,0.9532,5,4.47,0.9955,5,4.29,0.9554,18,0
SPY190807C285,2019-08-05,2019-08-05 09:36:06,4.32,0.9621,100,4.28,0.9532,5,4.47,0.9955,5,4.3,0.9576,18,0
SPY190807C285,2019-08-05,2019-08-05 09:36:07,4.3,0.9576,109,4.25,0.9465,124,4.47,0.9955,5,4.275,0.9521,18,0
SPY190807C285,2019-08-05,2019-08-05 09:36:07,4.3,0.9576,109,4.28,0.9532,5,4.47,0.9955,5,4.29,0.9554,18,0
SPY190807C285,2019-08-05,2019-08-05 09:36:08,4.32,0.9621,132,4.23,0.942,181,4.47,0.9955,5,4.275,0.9521,18,0
SPY190807C285,2019-08-05,2019-08-05 09:36:08,4.3,0.9576,18,4.25,0.9465,124,4.47,0.9955,5,4.275,0.9521,18,0
SPY190807C285,2019-08-05,2019-08-05 09:36:09,4.32,0.9621,181,4.25,0.9465,181,4.47,0.9955,5,4.285,0.9543,18,0
SPY190807C285,2019-08-05,2019-08-05 09:36:09,4.33,0.9643,125,4.26,0.9487,181,4.47,0.9955,5,4.295,0.9565,18,0
SPY190807C285,2019-08-05,2019-08-05 09:36:10,4.31,0.9599,100,4.26,0.9487,118,4.47,0.9955,5,4.285,0.9543,18,0
SPY190807C285,2019-08-05,2019-08-05 09:36:10,4.31,0.9599,137,4.26,0.9487,109,4.47,0.9955,5,4.285,0.9543,18,0
SPY190807C285,2019-08-05,2019-08-05 09:36:11,4.32,0.9621,186,4.27,0.951,5,4.47,0.9955,5,4.295,0.9565,18,0
SPY190807C285,2019-08-05,2019-08-05 09:36:11,4.31,0.9599,45,4.27,0.951,115,4.47,0.9955,5,4.29,0.9554,18,0
SPY190807C285,2019-08-05,2019-08-05 09:36:12,4.31,0.9599,27,4.26,0.9487,106,4.47,0.9955,5,4.285,0.9543,18,0
SPY190807C285,2019-08-05,2019-08-05 09:36:12,4.31,0.9599,45,4.27,0.951,65,4.47,0.9955,5,4.29,0.9554,18,0
SPY190807C285,2019-08-05,2019-08-05 09:36:13,4.32,0.9621,184,4.26,0.9487,106,4.47,0.9955,5,4.29,0.9554,18,0
SPY190807C285,2019-08-05,2019-08-05 09:36:13,4.31,0.9599,51,4.26,0.9487,106,4.47,0.9955,5,4.285,0.9543,18,0
SPY190807C285,2019-08-05,2019-08-05 09:36:14,4.29,0.9554,100,4.22,0.9398,181,4.47,0.9955,5,4.255,0.9476,18,0
SPY190807C285,2019-08-05,2019-08-05 09:36:14,4.31,0.9599,186,4.26,0.9487,100,4.47,0.9955,5,4.285,0.9543,18,0
SPY190807C285,2019-08-05,2019-08-05 09:36:15,4.3,0.9576,186,4.23,0.942,186,4.47,0.9955,5,4.265,0.9498,18,0
SPY190807C285,2019-08-05,2019-08-05 09:36:15,4.3,0.9576,195,4.24,0.9443,18,4.47,0.9955,5,4.27,0.951,18,0
SPY190807C285,2019-08-05,2019-08-05 09:36:16,4.31,0.9599,100,4.26,0.9487,115,4.47,0.9955,5,4.285,0.9543,18,0
SPY190807C285,2019-08-05,2019-08-05 09:36:16,4.3,0.9576,195,4.24,0.9443,100,4.47,0.9955,5,4.27,0.951,18,0
SPY190807C285,2019-08-05,2019-08-05 09:36:17,4.31,0.9599,183,4.27,0.951,18,4.47,0.9955,5,4.29,0.9554,18,0
SPY190807C285,2019-08-05,2019-08-05 09:36:17,4.31,0.9599,183,4.26,0.9487,5,4.47,0.9955,5,4.285,0.9543,18,0
SPY190807C285,2019-08-05,2019-08-05 09:36:18,4.31,0.9599,61,4.27,0.951,18,4.47,0.9955,5,4.29,0.9554,18,0
SPY190807C285,2019-08-05,2019-08-05 09:36:18,4.31,0.9599,39,4.27,0.951,18,4.47,0.9955,5,4.29,0.9554,18,0
SPY190807C285,2019-08-05,2019-08-05 09:36:19,4.31,0.9599,161,4.26,0.9487,44,4.47,0.9955,5,4.285,0.9543,18,0
SPY190807C285,2019-08-05,2019-08-05 09:36:20,4.29,0.9554,109,4.26,0.9487,55,4.47,0.9955,5,4.275,0.9521,18,0
SPY190807C285,2019-08-05,2019-08-05 09:36:20,4.31,0.9599,152,4.26,0.9487,55,4.47,0.9955,5,4.285,0.9543,18,0
SPY190807C285,2019-08-05,2019-08-05 09:36:21,4.3,0.9576,177,4.26,0.9487,55,4.47,0.9955,5,4.28,0.9532,18,0
SPY190807C285,2019-08-05,2019-08-05 09:36:21,4.29,0.9554,18,4.26,0.9487,55,4.47,0.9955,5,4.275,0.9521,18,0
SPY190807C285,2019-08-05,2019-08-05 09:36:22,4.3,0.9576,44,4.26,0.9487,34,4.47,0.9955,5,4.28,0.9532,18,0
SPY190807C285,2019-08-05,2019-08-05 09:36:22,4.29,0.9554,18,4.25,0.9465,100,4.47,0.9955,5,4.27,0.951,18,0
SPY190807C285,2019-08-05,2019-08-05 09:36:23,4.3,0.9576,181,4.23,0.942,81,4.47,0.9955,5,4.265,0.9498,18,0
SPY190807C285,2019-08-05,2019-08-05 09:36:23,4.29,0.9554,18,4.25,0.9465,109,4.47,0.9955,5,4.27,0.951,18,0
SPY190807C285,2019-08-05,2019-08-05 09:36:24,4.3,0.9576,100,4.26,0.9487,5,4.47,0.9955,5,4.28,0.9532,18,0
SPY190807C285,2019-08-05,2019-08-05 09:36:24,4.3,0.9576,190,4.23,0.942,100,4.47,0.9955,5,4.265,0.9498,18,0
SPY190807C285,2019-08-05,2019-08-05 09:36:25,4.3,0.9576,100,4.26,0.9487,100,4.47,0.9955,5,4.28,0.9532,18,0
SPY190807C285,2019-08-05,2019-08-05 09:36:25,4.29,0.9554,100,4.23,0.942,100,4.47,0.9955,5,4.26,0.9487,18,0
SPY190807C285,2019-08-05,2019-08-05 09:36:26,4.3,0.9576,109,4.26,0.9487,5,4.47,0.9955,5,4.28,0.9532,18,0
SPY190807C285,2019-08-05,2019-08-05 09:36:26,4.3,0.9576,100,4.26,0.9487,5,4.47,0.9955,5,4.28,0.9532,18,0
SPY190807C285,2019-08-05,2019-08-05 09:36:27,4.29,0.9554,100,4.27,0.951,100,4.47,0.9955,5,4.28,0.9532,18,0
SPY190807C285,2019-08-05,2019-08-05 09:36:27,4.3,0.9576,100,4.27,0.951,100,4.47,0.9955,5,4.285,0.9543,18,0
SPY190807C285,2019-08-05,2019-08-05 09:36:28,4.29,0.9554,109,4.27,0.951,5,4.47,0.9955,5,4.28,0.9532,18,0
SPY190807C285,2019-08-05,2019-08-05 09:36:28,4.29,0.9554,100,4.27,0.951,100,4.47,0.9955,5,4.28,0.9532,18,0
SPY190807C285,2019-08-05,2019-08-05 09:36:29,4.28,0.9532,100,4.26,0.9487,15,4.47,0.9955,5,4.27,0.951,18,0
SPY190807C285,2019-08-05,2019-08-05 09:36:29,4.28,0.9532,109,4.26,0.9487,5,4.47,0.9955,5,4.27,0.951,18,0
SPY190807C285,2019-08-05,2019-08-05 09:36:30,4.28,0.9532,109,4.25,0.9465,44,4.47,0.9955,5,4.265,0.9498,18,0
SPY190807C285,2019-08-05,2019-08-05 09:36:30,4.28,0.9532,109,4.27,0.951,22,4.47,0.9955,5,4.275,0.9521,18,0
SPY190807C285,2019-08-05,2019-08-05 09:36:31,4.3,0.9576,100,4.28,0.9532,20,4.47,0.9955,5,4.29,0.9554,18,0
SPY190807C285,2019-08-05,2019-08-05 09:36:31,4.3,0.9576,100,4.28,0.9532,18,4.47,0.9955,5,4.29,0.9554,18,0
SPY190807C285,2019-08-05,2019-08-05 09:36:32,4.29,0.9554,100,4.23,0.942,100,4.47,0.9955,5,4.26,0.9487,18,0
SPY190807C285,2019-08-05,2019-08-05 09:36:32,4.3,0.9576,109,4.27,0.951,51,4.47,0.9955,5,4.285,0.9543,18,0
SPY190807C285,2019-08-05,2019-08-05 09:36:33,4.29,0.9554,100,4.22,0.9398,186,4.47,0.9955,5,4.255,0.9476,18,0
SPY190807C285,2019-08-05,2019-08-05 09:36:33,4.3,0.9576,52,4.23,0.942,18,4.47,0.9955,5,4.265,0.9498,18,0
SPY190807C285,2019-08-05,2019-08-05 09:36:34,4.29,0.9554,18,4.27,0.951,5,4.47,0.9955,5,4.28,0.9532,18,0
SPY190807C285,2019-08-05,2019-08-05 09:36:34,4.29,0.9554,109,4.23,0.942,118,4.47,0.9955,5,4.26,0.9487,18,0
SPY190807C285,2019-08-05,2019-08-05 09:36:35,4.29,0.9554,100,4.23,0.942,100,4.47,0.9955,5,4.26,0.9487,18,0
SPY190807C285,2019-08-05,2019-08-05 09:36:35,4.29,0.9554,100,4.26,0.9487,69,4.47,0.9955,5,4.275,0.9521,18,0
SPY190807C285,2019-08-05,2019-08-05 09:36:36,4.29,0.9554,109,4.27,0.951,1,4.47,0.9955,5,4.28,0.9532,18,0
SPY190807C285,2019-08-05,2019-08-05 09:36:36,4.29,0.9554,109,4.25,0.9465,22,4.47,0.9955,5,4.27,0.951,18,0
SPY190807C285,2019-08-05,2019-08-05 09:36:37,4.3,0.9576,170,4.26,0.9487,44,4.47,0.9955,5,4.28,0.9532,18,0
SPY190807C285,2019-08-05,2019-08-05 09:36:37,4.3,0.9576,161,4.26,0.9487,45,4.47,0.9955,5,4.28,0.9532,18,0
SPY190807C285,2019-08-05,2019-08-05 09:36:38,4.29,0.9554,18,4.26,0.9487,47,4.47,0.9955,5,4.275,0.9521,18,0
SPY190807C285,2019-08-05,2019-08-05 09:36:38,4.3,0.9576,156,4.26,0.9487,10,4.47,0.9955,5,4.28,0.9532,18,0
SPY190807C285,2019-08-05,2019-08-05 09:36:39,4.28,0.9532,18,4.26,0.9487,18,4.47,0.9955,5,4.27,0.951,18,0
SPY190807C285,2019-08-05,2019-08-05 09:36:40,4.28,0.9532,63,4.25,0.9465,5,4.47,0.9955,5,4.265,0.9498,18,0
SPY190807C285,2019-08-05,2019-08-05 09:36:40,4.29,0.9554,100,4.25,0.9465,18,4.47,0.9955,5,4.27,0.951,18,0
SPY190807C285,2019-08-05,2019-08-05 09:36:41,4.28,0.9532,172,4.23,0.942,50,4.47,0.9955,5,4.255,0.9476,18,0
SPY190807C285,2019-08-05,2019-08-05 09:36:41,4.29,0.9554,54,4.25,0.9465,5,4.47,0.9955,5,4.27,0.951,18,0
SPY190807C285,2019-08-05,2019-08-05 09:36:42,4.28,0.9532,77,4.23,0.942,50,4.47,0.9955,5,4.255,0.9476,18,0
SPY190807C285,2019-08-05,2019-08-05 09:36:42,4.28,0.9532,100,4.23,0.942,50,4.47,0.9955,5,4.255,0.9476,18,0
SPY190807C285,2019-08-05,2019-08-05 09:36:43,4.28,0.9532,9,4.24,0.9443,64,4.47,0.9955,5,4.26,0.9487,18,0
SPY190807C285,2019-08-05,2019-08-05 09:36:43,4.28,0.9532,9,4.24,0.9443,100,4.47,0.9955,5,4.26,0.9487,18,0
SPY190807C285,2019-08-05,2019-08-05 09:36:44,4.3,0.9576,5,4.25,0.9465,5,4.47,0.9955,5,4.275,0.9521,18,0
SPY190807C285,2019-08-05,2019-08-05 09:36:44,4.3,0.9576,181,4.25,0.9465,1,4.47,0.9955,5,4.275,0.9521,18,0
SPY190807C285,2019-08-05,2019-08-05 09:36:45,4.3,0.9576,181,4.25,0.9465,1,4.47,0.9955,5,4.275,0.9521,18,0
SPY190807C285,2019-08-05,2019-08-05 09:36:45,4.31,0.9599,186,4.26,0.9487,92,4.47,0.9955,5,4.285,0.9543,18,0
SPY190807C285,2019-08-05,2019-08-05 09:36:46,4.3,0.9576,143,4.26,0.9487,92,4.47,0.9955,5,4.28,0.9532,18,0
SPY190807C285,2019-08-05,2019-08-05 09:36:47,4.3,0.9576,165,4.21,0.9376,181,4.47,0.9955,5,4.255,0.9476,18,0
SPY190807C285,2019-08-05,2019-08-05 09:36:47,4.29,0.9554,147,4.23,0.942,118,4.47,0.9955,5,4.26,0.9487,18,0
SPY190807C285,2019-08-05,2019-08-05 09:36:48,4.29,0.9554,156,4.24,0.9443,118,4.47,0.9955,5,4.265,0.9498,18,0
SPY190807C285,2019-08-05,2019-08-05 09:36:48,4.29,0.9554,59,4.25,0.9465,69,4.47,0.9955,5,4.27,0.951,18,0
SPY190807C285,2019-08-05,2019-08-05 09:36:49,4.29,0.9554,114,4.25,0.9465,61,4.47,0.9955,5,4.27,0.951,18,0
SPY190807C285,2019-08-05,2019-08-05 09:36:49,4.28,0.9532,14,4.25,0.9465,61,4.47,0.9955,5,4.265,0.9498,18,0
SPY190807C285,2019-08-05,2019-08-05 09:36:50,4.31,0.9599,109,4.26,0.9487,5,4.47,0.9955,5,4.285,0.9543,18,0
SPY190807C285,2019-08-05,2019-08-05 09:36:50,4.3,0.9576,105,4.25,0.9465,5,4.47,0.9955,5,4.275,0.9521,18,0
SPY190807C285,2019-08-05,2019-08-05 09:36:51,4.3,0.9576,114,4.25,0.9465,5,4.47,0.9955,5,4.275,0.9521,18,0
SPY190807C285,2019-08-05,2019-08-05 09:36:51,4.29,0.9554,18,4.26,0.9487,42,4.47,0.9955,5,4.275,0.9521,18,0
SPY190807C285,2019-08-05,2019-08-05 09:36:52,4.29,0.9554,18,4.26,0.9487,5,4.47,0.9955,5,4.275,0.9521,18,0
SPY190807C285,2019-08-05,2019-08-05 09:36:52,4.29,0.9554,139,4.26,0.9487,5,4.47,0.9955,5,4.275,0.9521,18,0
SPY190807C285,2019-08-05,2019-08-05 09:36:53,4.29,0.9554,109,4.26,0.9487,5,4.47,0.9955,5,4.275,0.9521,18,0
SPY190807C285,2019-08-05,2019-08-05 09:36:54,4.28,0.9532,100,4.24,0.9443,5,4.47,0.9955,5,4.26,0.9487,18,0
SPY190807C285,2019-08-05,2019-08-05 09:36:54,4.28,0.9532,15,4.25,0.9465,5,4.47,0.9955,5,4.265,0.9498,18,0
SPY190807C285,2019-08-05,2019-08-05 09:36:55,4.28,0.9532,16,4.19,0.9331,186,4.47,0.9955,5,4.235,0.9432,18,0
SPY190807C285,2019-08-05,2019-08-05 09:36:55,4.29,0.9554,160,4.19,0.9331,186,4.47,0.9955,5,4.24,0.9443,18,0
SPY190807C285,2019-08-05,2019-08-05 09:36:56,4.28,0.9532,16,4.21,0.9376,100,4.47,0.9955,5,4.245,0.9454,18,0
SPY190807C285,2019-08-05,2019-08-05 09:36:56,4.28,0.9532,16,4.19,0.9331,186,4.47,0.9955,5,4.235,0.9432,18,0
SPY190807C285,2019-08-05,2019-08-05 09:36:57,4.28,0.9532,16,4.22,0.9398,100,4.47,0.9955,5,4.25,0.9465,18,0
SPY190807C285,2019-08-05,2019-08-05 09:36:57,4.3,0.9576,100,4.23,0.942,100,4.47,0.9955,5,4.265,0.9498,18,0
SPY190807C285,2019-08-05,2019-08-05 09:36:58,4.28,0.9532,57,4.22,0.9398,5,4.47,0.9955,5,4.25,0.9465,18,0
SPY190807C285,2019-08-05,2019-08-05 09:36:58,4.29,0.9554,125,4.23,0.942,100,4.47,0.9955,5,4.26,0.9487,18,0
SPY190807C285,2019-08-05,2019-08-05 09:36:59,4.27,0.951,100,4.22,0.9398,118,4.47,0.9955,5,4.245,0.9454,18,0
SPY190807C285,2019-08-05,2019-08-05 09:36:59,4.28,0.9532,57,4.22,0.9398,118,4.47,0.9955,5,4.25,0.9465,18,0
SPY190807C285,2019-08-05,2019-08-05 09:37:00,4.26,0.9487,100,4.18,0.9309,100,4.47,0.9955,5,4.22,0.9398,18,0
SPY190807C285,2019-08-05,2019-08-05 09:37:00,4.25,0.9465,15,4.21,0.9376,5,4.47,0.9955,5,4.23,0.942,18,0
SPY190807C285,2019-08-05,2019-08-05 09:37:01,4.25,0.9465,15,4.21,0.9376,5,4.47,0.9955,5,4.23,0.942,18,0
SPY190807C285,2019-08-05,2019-08-05 09:37:02,4.26,0.9487,64,4.17,0.9287,100,4.47,0.9955,5,4.215,0.9387,18,0
SPY190807C285,2019-08-05,2019-08-05 09:37:02,4.26,0.9487,85,4.18,0.9309,118,4.47,0.9955,5,4.22,0.9398,18,0
SPY190807C285,2019-08-05,2019-08-05 09:37:03,4.25,0.9465,109,4.21,0.9376,100,4.47,0.9955,5,4.23,0.942,18,0
SPY190807C285,2019-08-05,2019-08-05 09:37:03,4.26,0.9487,85,4.18,0.9309,118,4.47,0.9955,5,4.22,0.9398,18,0
SPY190807C285,2019-08-05,2019-08-05 09:37:04,4.25,0.9465,149,4.21,0.9376,19,4.47,0.9955,5,4.23,0.942,18,0
SPY190807C285,2019-08-05,2019-08-05 09:37:04,4.24,0.9443,15,4.21,0.9376,19,4.47,0.9955,5,4.225,0.9409,18,0
SPY190807C285,2019-08-05,2019-08-05 09:37:05,4.25,0.9465,18,4.22,0.9398,66,4.47,0.9955,5,4.235,0.9432,18,0
SPY190807C285,2019-08-05,2019-08-05 09:37:05,4.25,0.9465,20,4.22,0.9398,64,4.47,0.9955,5,4.235,0.9432,18,0
SPY190807C285,2019-08-05,2019-08-05 09:37:06,4.27,0.951,100,4.15,0.9242,249,4.47,0.9955,5,4.21,0.9376,18,0
SPY190807C285,2019-08-05,2019-08-05 09:37:06,4.27,0.951,100,4.23,0.942,5,4.47,0.9955,5,4.25,0.9465,18,0
SPY190807C285,2019-08-05,2019-08-05 09:37:07,4.28,0.9532,186,4.18,0.9309,186,4.47,0.9955,5,4.23,0.942,18,0
SPY190807C285,2019-08-05,2019-08-05 09:37:07,4.29,0.9554,44,4.21,0.9376,181,4.47,0.9955,5,4.25,0.9465,18,0
SPY190807C285,2019-08-05,2019-08-05 09:37:08,4.27,0.951,1,4.19,0.9331,118,4.47,0.9955,5,4.23,0.942,18,0
SPY190807C285,2019-08-05,2019-08-05 09:37:08,4.27,0.951,1,4.21,0.9376,5,4.47,0.9955,5,4.24,0.9443,18,0
SPY190807C285,2019-08-05,2019-08-05 09:37:09,4.25,0.9465,18,4.21,0.9376,118,4.47,0.9955,5,4.23,0.942,18,0
SPY190807C285,2019-08-05,2019-08-05 09:37:09,4.26,0.9487,118,4.19,0.9331,5,4.47,0.9955,5,4.225,0.9409,18,0
SPY190807C285,2019-08-05,2019-08-05 09:37:10,4.26,0.9487,136,4.22,0.9398,84,4.47,0.9955,5,4.24,0.9443,18,0
SPY190807C285,2019-08-05,2019-08-05 09:37:10,4.25,0.9465,18,4.21,0.9376,50,4.47,0.9955,5,4.23,0.942,18,0
SPY190807C285,2019-08-05,2019-08-05 09:37:11,4.25,0.9465,18,4.22,0.9398,84,4.47,0.9955,5,4.235,0.9432,18,0
SPY190807C285,2019-08-05,2019-08-05 09:37:11,4.25,0.9465,19,4.22,0.9398,5,4.47,0.9955,5,4.235,0.9432,18,0
SPY190807C285,2019-08-05,2019-08-05 09:37:12,4.27,0.951,18,4.23,0.942,8,4.47,0.9955,5,4.25,0.9465,18,0
SPY190807C285,2019-08-05,2019-08-05 09:37:12,4.27,0.951,18,4.23,0.942,118,4.47,0.9955,5,4.25,0.9465,18,0
SPY190807C285,2019-08-05,2019-08-05 09:37:13,4.29,0.9554,160,4.25,0.9465,77,4.47,0.9955,5,4.27,0.951,18,0
SPY190807C285,2019-08-05,2019-08-05 09:37:13,4.29,0.9554,105,4.24,0.9443,25,4.47,0.9955,5,4.265,0.9498,18,0
SPY190807C285,2019-08-05,2019-08-05 09:37:14,4.29,0.9554,195,4.24,0.9443,121,4.47,0.9955,5,4.265,0.9498,18,0
SPY190807C285,2019-08-05,2019-08-05 09:37:14,4.27,0.951,19,4.25,0.9465,5,4.47,0.9955,5,4.26,0.9487,18,0
SPY190807C285,2019-08-05,2019-08-05 09:37:15,4.28,0.9532,9,4.25,0.9465,14,4.47,0.9955,5,4.265,0.9498,18,0
SPY190807C285,2019-08-05,2019-08-05 09:37:15,4.28,0.9532,18,4.24,0.9443,5,4.47,0.9955,5,4.26,0.9487,18,0
SPY190807C285,2019-08-05,2019-08-05 09:37:16,4.28,0.9532,28,4.24,0.9443,118,4.47,0.9955,5,4.26,0.9487,18,0
SPY190807C285,2019-08-05,2019-08-05 09:37:16,4.27,0.951,20,4.23,0.942,116,4.47,0.9955,5,4.25,0.9465,18,0
SPY190807C285,2019-08-05,2019-08-05 09:37:17,4.26,0.9487,142,4.19,0.9331,5,4.47,0.9955,5,4.225,0.9409,18,0
SPY190807C285,2019-08-05,2019-08-05 09:37:18,4.25,0.9465,23,4.22,0.9398,82,4.47,0.9955,5,4.235,0.9432,18,0
SPY190807C285,2019-08-05,2019-08-05 09:37:19,4.26,0.9487,139,4.21,0.9376,100,4.47,0.9955,5,4.235,0.9432,18,0
SPY190807C285,2019-08-05,2019-08-05 09:37:19,4.25,0.9465,23,4.21,0.9376,100,4.47,0.9955,5,4.23,0.942,18,0
SPY190807C285,2019-08-05,2019-08-05 09:37:20,4.26,0.9487,148,4.21,0.9376,109,4.47,0.9955,5,4.235,0.9432,18,0
SPY190807C285,2019-08-05,2019-08-05 09:37:20,4.26,0.9487,148,4.21,0.9376,100,4.47,0.9955,5,4.235,0.9432,18,0
SPY190807C285,2019-08-05,2019-08-05 09:37:21,4.27,0.951,137,4.17,0.9287,100,4.47,0.9955,5,4.22,0.9398,18,0
SPY190807C285,2019-08-05,2019-08-05 09:37:21,4.25,0.9465,23,4.22,0.9398,60,4.47,0.9955,5,4.235,0.9432,18,0
SPY190807C285,2019-08-05,2019-08-05 09:37:22,4.27,0.951,137,4.21,0.9376,5,4.47,0.9955,5,4.24,0.9443,18,0
SPY190807C285,2019-08-05,2019-08-05 09:37:22,4.27,0.951,109,4.21,0.9376,5,4.47,0.9955,5,4.24,0.9443,18,0
SPY190807C285,2019-08-05,2019-08-05 09:37:23,4.27,0.951,1,4.24,0.9443,19,4.47,0.9955,5,4.255,0.9476,18,0
SPY190807C285,2019-08-05,2019-08-05 09:37:23,4.27,0.951,23,4.23,0.942,119,4.47,0.9955,5,4.25,0.9465,18,0
SPY190807C285,2019-08-05,2019-08-05 09:37:24,4.31,0.9599,204,4.22,0.9398,210,4.47,0.9955,5,4.265,0.9498,18,0
SPY190807C285,2019-08-05,2019-08-05 09:37:24,4.3,0.9576,56,4.21,0.9376,181,4.47,0.9955,5,4.255,0.9476,18,0
SPY190807C285,2019-08-05,2019-08-05 09:37:25,4.3,0.9576,135,4.24,0.9443,133,4.47,0.9955,5,4.27,0.951,18,0
SPY190807C285,2019-08-05,2019-08-05 09:37:25,4.3,0.9576,26,4.26,0.9487,100,4.47,0.9955,5,4.28,0.9532,18,0
SPY190807C285,2019-08-05,2019-08-05 09:37:26,4.3,0.9576,26,4.27,0.951,44,4.47,0.9955,5,4.285,0.9543,18,0
SPY190807C285,2019-08-05,2019-08-05 09:37:27,4.31,0.9599,93,4.26,0.9487,5,4.47,0.9955,5,4.285,0.9543,18,0
SPY190807C285,2019-08-05,2019-08-05 09:37:27,4.32,0.9621,165,4.24,0.9443,100,4.47,0.9955,5,4.28,0.9532,18,0
SPY190807C285,2019-08-05,2019-08-05 09:37:28,4.31,0.9599,153,4.27,0.951,19,4.47,0.9955,5,4.29,0.9554,18,0
SPY190807C285,2019-08-05,2019-08-05 09:37:28,4.3,0.9576,23,4.27,0.951,18,4.47,0.9955,5,4.285,0.9543,18,0
SPY190807C285,2019-08-05,2019-08-05 09:37:29,4.3,0.9576,130,4.25,0.9465,121,4.47,0.9955,5,4.275,0.9521,18,0
SPY190807C285,2019-08-05,2019-08-05 09:37:29,4.3,0.9576,144,4.27,0.951,23,4.47,0.9955,5,4.285,0.9543,18,0
SPY190807C285,2019-08-05,2019-08-05 09:37:30,4.29,0.9554,18,4.25,0.9465,133,4.47,0.9955,5,4.27,0.951,18,0
SPY190807C285,2019-08-05,2019-08-05 09:37:30,4.28,0.9532,18,4.25,0.9465,133,4.47,0.9955,5,4.265,0.9498,18,0
SPY190807C285,2019-08-05,2019-08-05 09:37:31,4.28,0.9532,18,4.25,0.9465,133,4.47,0.9955,5,4.265,0.9498,18,0
SPY190807C285,2019-08-05,2019-08-05 09:37:31,4.3,0.9576,136,4.26,0.9487,5,4.47,0.9955,5,4.28,0.9532,18,0
SPY190807C285,2019-08-05,2019-08-05 09:37:32,4.29,0.9554,145,4.25,0.9465,5,4.47,0.9955,5,4.27,0.951,18,0
SPY190807C285,2019-08-05,2019-08-05 09:37:32,4.29,0.9554,100,4.22,0.9398,5,4.47,0.9955,5,4.255,0.9476,18,0
SPY190807C285,2019-08-05,2019-08-05 09:37:33,4.29,0.9554,140,4.25,0.9465,78,4.47,0.9955,5,4.27,0.951,18,0
SPY190807C285,2019-08-05,2019-08-05 09:37:33,4.29,0.9554,145,4.25,0.9465,89,4.47,0.9955,5,4.27,0.951,18,0
SPY190807C285,2019-08-05,2019-08-05 09:37:34,4.28,0.9532,162,4.24,0.9443,90,4.47,0.9955,5,4.26,0.9487,18,0
SPY190807C285,2019-08-05,2019-08-05 09:37:34,4.27,0.951,23,4.23,0.942,118,4.47,0.9955,5,4.25,0.9465,18,0
SPY190807C285,2019-08-05,2019-08-05 09:37:35,4.27,0.951,118,4.24,0.9443,18,4.47,0.9955,5,4.255,0.9476,18,0
SPY190807C285,2019-08-05,2019-08-05 09:37:35,4.27,0.951,118,4.23,0.942,118,4.47,0.9955,5,4.25,0.9465,18,0
SPY190807C285,2019-08-05,2019-08-05 09:37:36,4.27,0.951,100,4.23,0.942,73,4.47,0.9955,5,4.25,0.9465,18,0
SPY190807C285,2019-08-05,2019-08-05 09:37:36,4.28,0.9532,195,4.18,0.9309,100,4.47,0.9955,5,4.23,0.942,18,0
SPY190807C285,2019-08-05,2019-08-05 09:37:37,4.27,0.951,100,4.24,0.9443,18,4.47,0.9955,5,4.255,0.9476,18,0
SPY190807C285,2019-08-05,2019-08-05 09:37:37,4.27,0.951,100,4.22,0.9398,100,4.47,0.9955,5,4.245,0.9454,18,0
SPY190807C285,2019-08-05,2019-08-05 09:37:38,4.27,0.951,100,4.23,0.942,104,4.47,0.9955,5,4.25,0.9465,18,0
SPY190807C285,2019-08-05,2019-08-05 09:37:39,4.27,0.951,109,4.23,0.942,115,4.47,0.9955,5,4.25,0.9465,18,0
SPY190807C285,2019-08-05,2019-08-05 09:37:39,4.27,0.951,109,4.23,0.942,118,4.47,0.9955,5,4.25,0.9465,18,0
SPY190807C285,2019-08-05,2019-08-05 09:37:40,4.28,0.9532,18,4.25,0.9465,61,4.47,0.9955,5,4.265,0.9498,18,0
SPY190807C285,2019-08-05,2019-08-05 09:37:40,4.26,0.9487,18,4.24,0.9443,73,4.47,0.9955,5,4.25,0.9465,18,0
SPY190807C285,2019-08-05,2019-08-05 09:37:41,4.28,0.9532,54,4.24,0.9443,73,4.47,0.9955,5,4.26,0.9487,18,0
SPY190807C285,2019-08-05,2019-08-05 09:37:41,4.28,0.9532,18,4.25,0.9465,66,4.47,0.9955,5,4.265,0.9498,18,0
SPY190807C285,2019-08-05,2019-08-05 09:37:42,4.28,0.9532,100,4.2,0.9354,181,4.47,0.9955,5,4.24,0.9443,18,0
SPY190807C285,2019-08-05,2019-08-05 09:37:42,4.28,0.9532,54,4.24,0.9443,55,4.47,0.9955,5,4.26,0.9487,18,0
SPY190807C285,2019-08-05,2019-08-05 09:37:43,4.29,0.9554,55,4.24,0.9443,5,4.47,0.9955,5,4.265,0.9498,18,0
SPY190807C285,2019-08-05,2019-08-05 09:37:43,4.28,0.9532,5,4.23,0.942,100,4.47,0.9955,5,4.255,0.9476,18,0
SPY190807C285,2019-08-05,2019-08-05 09:37:44,4.27,0.951,23,4.24,0.9443,43,4.47,0.9955,5,4.255,0.9476,18,0
SPY190807C285,2019-08-05,2019-08-05 09:37:44,4.27,0.951,20,4.23,0.942,115,4.47,0.9955,5,4.25,0.9465,18,0
SPY190807C285,2019-08-05,2019-08-05 09:37:45,4.28,0.9532,204,4.23,0.942,115,4.47,0.9955,5,4.255,0.9476,18,0
SPY190807C285,2019-08-05,2019-08-05 09:37:45,4.28,0.9532,95,4.24,0.9443,5,4.47,0.9955,5,4.26,0.9487,18,0
SPY190807C285,2019-08-05,2019-08-05 09:37:46,4.29,0.9554,18,4.24,0.9443,46,4.47,0.9955,5,4.265,0.9498,18,0
SPY190807C285,2019-08-05,2019-08-05 09:37:46,4.28,0.9532,49,4.24,0.9443,115,4.47,0.9955,5,4.26,0.9487,18,0
SPY190807C285,2019-08-05,2019-08-05 09:37:47,4.29,0.9554,54,4.25,0.9465,36,4.47,0.9955,5,4.27,0.951,18,0
SPY190807C285,2019-08-05,2019-08-05 09:37:47,4.29,0.9554,18,4.25,0.9465,51,4.47,0.9955,5,4.27,0.951,18,0
SPY190807C285,2019-08-05,2019-08-05 09:37:48,4.28,0.9532,118,4.2,0.9354,181,4.47,0.9955,5,4.24,0.9443,18,0
SPY190807C285,2019-08-05,2019-08-05 09:37:49,4.28,0.9532,118,4.24,0.9443,5,4.47,0.9955,5,4.26,0.9487,18,0
SPY190807C285,2019-08-05,2019-08-05 09:37:49,4.28,0.9532,18,4.26,0.9487,21,4.47,0.9955,5,4.27,0.951,18,0
SPY190807C285,2019-08-05,2019-08-05 09:37:50,4.32,0.9621,18,4.26,0.9487,78,4.47,0.9955,5,4.29,0.9554,18,0
SPY190807C285,2019-08-05,2019-08-05 09:37:50,4.3,0.9576,156,4.25,0.9465,100,4.47,0.9955,5,4.275,0.9521,18,0
SPY190807C285,2019-08-05,2019-08-05 09:37:51,4.29,0.9554,18,4.25,0.9465,5,4.47,0.9955,5,4.27,0.951,18,0
SPY190807C285,2019-08-05,2019-08-05 09:37:51,4.29,0.9554,14,4.25,0.9465,100,4.47,0.9955,5,4.27,0.951,18,0
SPY190807C285,2019-08-05,2019-08-05 09:37:52,4.29,0.9554,186,4.24,0.9443,59,4.47,0.9955,5,4.265,0.9498,18,0
SPY190807C285,2019-08-05,2019-08-05 09:37:52,4.28,0.9532,180,4.25,0.9465,16,4.47,0.9955,5,4.265,0.9498,18,0
SPY190807C285,2019-08-05,2019-08-05 09:37:53,4.27,0.951,120,4.23,0.942,115,4.47,0.9955,5,4.25,0.9465,18,0
SPY190807C285,2019-08-05,2019-08-05 09:37:53,4.28,0.9532,175,4.24,0.9443,23,4.47,0.9955,5,4.26,0.9487,18,0
SPY190807C285,2019-08-05,2019-08-05 09:37:54,4.27,0.951,201,4.23,0.942,14,4.47,0.9955,5,4.25,0.9465,18,0
SPY190807C285,2019-08-05,2019-08-05 09:37:54,4.26,0.9487,16,4.24,0.9443,14,4.47,0.9955,5,4.25,0.9465,18,0
SPY190807C285,2019-08-05,2019-08-05 09:37:55,4.28,0.9532,100,4.24,0.9443,89,4.47,0.9955,5,4.26,0.9487,18,0
SPY190807C285,2019-08-05,2019-08-05 09:37:55,4.28,0.9532,21,4.24,0.9443,89,4.47,0.9955,5,4.26,0.9487,18,0
SPY190807C285,2019-08-05,2019-08-05 09:37:56,4.28,0.9532,21,4.25,0.9465,23,4.47,0.9955,5,4.265,0.9498,18,0
SPY190807C285,2019-08-05,2019-08-05 09:37:56,4.29,0.9554,186,4.25,0.9465,18,4.47,0.9955,5,4.27,0.951,18,0
SPY190807C285,2019-08-05,2019-08-05 09:37:57,4.28,0.9532,16,4.25,0.9465,23,4.47,0.9955,5,4.265,0.9498,18,0
SPY190807C285,2019-08-05,2019-08-05 09:37:57,4.28,0.9532,16,4.24,0.9443,100,4.47,0.9955,5,4.26,0.9487,18,0
SPY190807C285,2019-08-05,2019-08-05 09:37:58,4.28,0.9532,17,4.25,0.9465,23,4.47,0.9955,5,4.265,0.9498,18,0
SPY190807C285,2019-08-05,2019-08-05 09:37:58,4.27,0.951,16,4.23,0.942,102,4.47,0.9955,5,4.25,0.9465,18,0
SPY190807C285,2019-08-05,2019-08-05 09:37:59,4.27,0.951,16,4.23,0.942,102,4.47,0.9955,5,4.25,0.9465,18,0
SPY190807C285,2019-08-05,2019-08-05 09:37:59,4.28,0.9532,186,4.23,0.942,5,4.47,0.9955,5,4.255,0.9476,18,0
SPY190807C285,2019-08-05,2019-08-05 09:38:00,4.31,0.9599,105,4.26,0.9487,5,4.47,0.9955,5,4.285,0.9543,18,0
SPY190807C285,2019-08-05,2019-08-05 09:38:00,4.29,0.9554,97,4.25,0.9465,18,4.47,0.9955,5,4.27,0.951,18,0
SPY190807C285,2019-08-05,2019-08-05 09:38:01,4.31,0.9599,194,4.26,0.9487,90,4.47,0.9955,5,4.285,0.9543,18,0
SPY190807C285,2019-08-05,2019-08-05 09:38:01,4.31,0.9599,100,4.27,0.951,18,4.47,0.9955,5,4.29,0.9554,18,0
SPY190807C285,2019-08-05,2019-08-05 09:38:02,4.31,0.9599,116,4.23,0.942,118,4.47,0.9955,5,4.27,0.951,18,0
SPY190807C285,2019-08-05,2019-08-05 09:38:02,4.31,0.9599,202,4.23,0.942,86,4.47,0.9955,5,4.27,0.951,18,0
SPY190807C285,2019-08-05,2019-08-05 09:38:03,4.31,0.9599,202,4.24,0.9443,133,4.47,0.9955,5,4.275,0.9521,18,0
SPY190807C285,2019-08-05,2019-08-05 09:38:03,4.28,0.9532,116,4.24,0.9443,124,4.47,0.9955,5,4.26,0.9487,18,0
SPY190807C285,2019-08-05,2019-08-05 09:38:04,4.28,0.9532,5,4.24,0.9443,124,4.47,0.9955,5,4.26,0.9487,18,0
SPY190807C285,2019-08-05,2019-08-05 09:38:04,4.3,0.9576,163,4.25,0.9465,100,4.47,0.9955,5,4.275,0.9521,18,0
SPY190807C285,2019-08-05,2019-08-05 09:38:05,4.29,0.9554,57,4.26,0.9487,18,4.47,0.9955,5,4.275,0.9521,18,0
SPY190807C285,2019-08-05,2019-08-05 09:38:06,4.32,0.9621,100,4.23,0.942,100,4.47,0.9955,5,4.275,0.9521,18,0
SPY190807C285,2019-08-05,2019-08-05 09:38:06,4.33,0.9643,159,4.24,0.9443,181,4.47,0.9955,5,4.285,0.9543,18,0
SPY190807C285,2019-08-05,2019-08-05 09:38:07,4.36,0.971,100,4.28,0.9532,189,4.47,0.9955,5,4.32,0.9621,18,0
SPY190807C285,2019-08-05,2019-08-05 09:38:07,4.35,0.9688,182,4.27,0.951,181,4.47,0.9955,5,4.31,0.9599,18,0
SPY190807C285,2019-08-05,2019-08-05 09:38:08,4.38,0.9755,86,4.32,0.9621,5,4.47,0.9955,5,4.35,0.9688,18,0
SPY190807C285,2019-08-05,2019-08-05 09:38:08,4.36,0.971,100,4.32,0.9621,5,4.47,0.9955,5,4.34,0.9665,18,0
SPY190807C285,2019-08-05,2019-08-05 09:38:09,4.38,0.9755,142,4.35,0.9688,23,4.47,0.9955,5,4.365,0.9721,18,0
SPY190807C285,2019-08-05,2019-08-05 09:38:09,4.38,0.9755,100,4.32,0.9621,5,4.47,0.9955,5,4.35,0.9688,18,0
SPY190807C285,2019-08-05,2019-08-05 09:38:10,4.41,0.9821,173,4.33,0.9643,181,4.47,0.9955,5,4.37,0.9732,18,0
SPY190807C285,2019-08-05,2019-08-05 09:38:10,4.41,0.9821,55,4.36,0.971,5,4.47,0.9955,5,4.385,0.9766,18,0
SPY190807C285,2019-08-05,2019-08-05 09:38:11,4.41,0.9821,100,4.33,0.9643,100,4.47,0.9955,5,4.37,0.9732,18,0
SPY190807C285,2019-08-05,2019-08-05 09:38:11,4.41,0.9821,131,4.38,0.9755,21,4.47,0.9955,5,4.395,0.9788,18,0
SPY190807C285,2019-08-05,2019-08-05 09:38:12,4.39,0.9777,100,4.32,0.9621,81,4.47,0.9955,5,4.355,0.9699,18,0
SPY190807C285,2019-08-05,2019-08-05 09:38:12,4.42,0.9844,50,4.32,0.9621,100,4.47,0.9955,5,4.37,0.9732,18,0
SPY190807C285,2019-08-05,2019-08-05 09:38:13,4.41,0.9821,100,4.37,0.9732,83,4.47,0.9955,5,4.39,0.9777,18,0
SPY190807C285,2019-08-05,2019-08-05 09:38:13,4.39,0.9777,100,4.34,0.9665,118,4.47,0.9955,5,4.365,0.9721,18,0
SPY190807C285,2019-08-05,2019-08-05 09:38:14,4.41,0.9821,100,4.37,0.9732,65,4.47,0.9955,5,4.39,0.9777,18,0
SPY190807C285,2019-08-05,2019-08-05 09:38:15,4.43,0.9866,181,4.34,0.9665,188,4.47,0.9955,5,4.385,0.9766,18,0
SPY190807C285,2019-08-05,2019-08-05 09:38:15,4.43,0.9866,100,4.36,0.971,5,4.47,0.9955,5,4.395,0.9788,18,0
SPY190807C285,2019-08-05,2019-08-05 09:38:16,4.43,0.9866,140,4.37,0.9732,118,4.47,0.9955,5,4.4,0.9799,18,0
SPY190807C285,2019-08-05,2019-08-05 09:38:16,4.43,0.9866,100,4.4,0.9799,18,4.47,0.9955,5,4.415,0.9832,18,0
SPY190807C285,2019-08-05,2019-08-05 09:38:17,4.43,0.9866,5,4.35,0.9688,5,4.47,0.9955,5,4.39,0.9777,18,0
SPY190807C285,2019-08-05,2019-08-05 09:38:17,4.42,0.9844,158,4.33,0.9643,118,4.47,0.9955,5,4.375,0.9743,18,0
SPY190807C285,2019-08-05,2019-08-05 09:38:18,4.41,0.9821,56,4.33,0.9643,118,4.47,0.9955,5,4.37,0.9732,18,0
SPY190807C285,2019-08-05,2019-08-05 09:38:18,4.42,0.9844,186,4.38,0.9755,21,4.47,0.9955,5,4.4,0.9799,18,0
SPY190807C285,2019-08-05,2019-08-05 09:38:19,4.42,0.9844,194,4.38,0.9755,21,4.47,0.9955,5,4.4,0.9799,18,0
SPY190807C285,2019-08-05,2019-08-05 09:38:19,4.42,0.9844,194,4.38,0.9755,1,4.47,0.9955,5,4.4,0.9799,18,0
SPY190807C285,2019-08-05,2019-08-05 09:38:20,4.41,0.9821,100,4.39,0.9777,1,4.47,0.9955,5,4.4,0.9799,18,0
SPY190807C285,2019-08-05,2019-08-05 09:38:20,4.43,0.9866,177,4.39,0.9777,1,4.47,0.9955,5,4.41,0.9821,18,0
SPY190807C285,2019-08-05,2019-08-05 09:38:21,4.41,0.9821,100,4.39,0.9777,21,4.47,0.9955,5,4.4,0.9799,18,0
SPY190807C285,2019-08-05,2019-08-05 09:38:21,4.43,0.9866,185,4.4,0.9799,5,4.47,0.9955,5,4.415,0.9832,18,0
SPY190807C285,2019-08-05,2019-08-05 09:38:22,4.42,0.9844,108,4.39,0.9777,21,4.47,0.9955,5,4.405,0.981,18,0
SPY190807C285,2019-08-05,2019-08-05 09:38:22,4.42,0.9844,16,4.39,0.9777,21,4.47,0.9955,5,4.405,0.981,18,0
SPY190807C285,2019-08-05,2019-08-05 09:38:23,4.44,0.9888,186,4.38,0.9755,100,4.47,0.9955,5,4.41,0.9821,18,0
SPY190807C285,2019-08-05,2019-08-05 09:38:23,4.43,0.9866,66,4.39,0.9777,63,4.47,0.9955,5,4.41,0.9821,18,0
SPY190807C285,2019-08-05,2019-08-05 09:38:24,4.43,0.9866,66,4.41,0.9821,5,4.47,0.9955,5,4.42,0.9844,18,0
SPY190807C285,2019-08-05,2019-08-05 09:38:24,4.45,0.991,186,4.41,0.9821,36,4.47,0.9955,5,4.43,0.9866,18,0
SPY190807C285,2019-08-05,2019-08-05 09:38:25,4.45,0.991,194,4.41,0.9821,36,4.47,0.9955,5,4.43,0.9866,18,0
SPY190807C285,2019-08-05,2019-08-05 09:38:26,4.45,0.991,100,4.41,0.9821,78,4.47,0.9955,5,4.43,0.9866,18,0
SPY190807C285,2019-08-05,2019-08-05 09:38:26,4.45,0.991,189,4.42,0.9844,36,4.47,0.9955,5,4.435,0.9877,18,0
SPY190807C285,2019-08-05,2019-08-05 09:38:27,4.46,0.9933,197,4.42,0.9844,5,4.47,0.9955,5,4.44,0.9888,18,0
SPY190807C285,2019-08-05,2019-08-05 09:38:27,4.45,0.991,100,4.41,0.9821,78,4.47,0.9955,5,4.43,0.9866,18,0
SPY190807C285,2019-08-05,2019-08-05 09:38:28,4.47,0.9955,158,4.44,0.9888,21,4.47,0.9955,5,4.455,0.9922,18,0
SPY190807C285,2019-08-05,2019-08-05 09:38:28,4.46,0.9933,100,4.44,0.9888,21,4.47,0.9955,5,4.45,0.991,18,0
SPY190807C285,2019-08-05,2019-08-05 09:38:29,4.47,0.9955,74,4.42,0.9844,100,4.47,0.9955,5,4.445,0.9899,18,0
SPY190807C285,2019-08-05,2019-08-05 09:38:29,4.49,1.0,186,4.44,0.9888,5,4.47,0.9955,5,4.465,0.9944,18,0
SPY190807C285,2019-08-05,2019-08-05 09:38:30,4.46,0.9933,186,4.38,0.9755,86,4.47,0.9955,5,4.42,0.9844,18,0
SPY190807C285,2019-08-05,2019-08-05 09:38:30,4.46,0.9933,181,4.38,0.9755,198,4.47,0.9955,5,4.42,0.9844,18,0
SPY190807C285,2019-08-05,2019-08-05 09:38:31,4.46,0.9933,52,4.36,0.971,100,4.47,0.9955,5,4.41,0.9821,18,0
SPY190807C285,2019-08-05,2019-08-05 09:38:31,4.46,0.9933,52,4.41,0.9821,5,4.47,0.9955,5,4.435,0.9877,18,0
SPY190807C285,2019-08-05,2019-08-05 09:38:32,4.44,0.9888,100,4.4,0.9799,5,4.47,0.9955,5,4.42,0.9844,18,0
SPY190807C285,2019-08-05,2019-08-05 09:38:32,4.45,0.991,169,4.4,0.9799,18,4.47,0.9955,5,4.425,0.9855,18,0
SPY190807C285,2019-08-05,2019-08-05 09:38:33,4.44,0.9888,133,4.36,0.971,100,4.47,0.9955,5,4.4,0.9799,18,0
SPY190807C285,2019-08-05,2019-08-05 09:38:33,4.44,0.9888,100,4.4,0.9799,5,4.47,0.9955,5,4.42,0.9844,18,0
SPY190807C285,2019-08-05,2019-08-05 09:38:34,4.44,0.9888,33,4.4,0.9799,5,4.47,0.9955,5,4.42,0.9844,18,0
SPY190807C285,2019-08-05,2019-08-05 09:38:34,4.44,0.9888,100,4.4,0.9799,67,4.47,0.9955,5,4.42,0.9844,18,0
SPY190807C285,2019-08-05,2019-08-05 09:38:35,4.44,0.9888,100,4.41,0.9821,5,4.47,0.9955,5,4.425,0.9855,18,0
SPY190807C285,2019-08-05,2019-08-05 09:38:35,4.44,0.9888,100,4.4,0.9799,78,4.47,0.9955,5,4.42,0.9844,18,0
SPY190807C285,2019-08-05,2019-08-05 09:38:36,4.43,0.9866,100,4.39,0.9777,79,4.47,0.9955,5,4.41,0.9821,18,0
SPY190807C285,2019-08-05,2019-08-05 09:38:36,4.43,0.9866,100,4.39,0.9777,79,4.42,0.9844,10,4.41,0.9821,28,10
SPY190807C285,2019-08-05,2019-08-05 09:38:37,4.41,0.9821,100,4.38,0.9755,21,4.42,0.9844,10,4.395,0.9788,28,0
SPY190807C285,2019-08-05,2019-08-05 09:38:37,4.43,0.9866,76,4.38,0.9755,50,4.42,0.9844,10,4.405,0.981,28,0
SPY190807C285,2019-08-05,2019-08-05 09:38:38,4.42,0.9844,161,4.38,0.9755,18,4.42,0.9844,10,4.4,0.9799,28,0
SPY190807C285,2019-08-05,2019-08-05 09:38:38,4.41,0.9821,100,4.38,0.9755,18,4.42,0.9844,10,4.395,0.9788,28,0
SPY190807C285,2019-08-05,2019-08-05 09:38:39,4.42,0.9844,161,4.37,0.9732,115,4.42,0.9844,10,4.395,0.9788,28,0
SPY190807C285,2019-08-05,2019-08-05 09:38:39,4.41,0.9821,25,4.38,0.9755,19,4.42,0.9844,10,4.395,0.9788,28,0
SPY190807C285,2019-08-05,2019-08-05 09:38:40,4.41,0.9821,25,4.38,0.9755,16,4.42,0.9844,10,4.395,0.9788,28,0
SPY190807C285,2019-08-05,2019-08-05 09:38:41,4.5,1.0022,400,4.41,0.9821,19,4.42,0.9844,10,4.455,0.9922,28,0
SPY190807C285,2019-08-05,2019-08-05 09:38:41,4.43,0.9866,186,4.39,0.9777,23,4.42,0.9844,10,4.41,0.9821,28,0
SPY190807C285,2019-08-05,2019-08-05 09:38:42,4.44,0.9888,195,4.38,0.9755,103,4.42,0.9844,10,4.41,0.9821,28,0
SPY190807C285,2019-08-05,2019-08-05 09:38:42,4.45,0.991,118,4.41,0.9821,19,4.42,0.9844,10,4.43,0.9866,28,0
SPY190807C285,2019-08-05,2019-08-05 09:38:43,4.43,0.9866,5,4.36,0.971,5,4.42,0.9844,10,4.395,0.9788,28,0
SPY190807C285,2019-08-05,2019-08-05 09:38:43,4.43,0.9866,5,4.39,0.9777,50,4.42,0.9844,10,4.41,0.9821,28,0
SPY190807C285,2019-08-05,2019-08-05 09:38:44,4.43,0.9866,5,4.35,0.9688,181,4.42,0.9844,10,4.39,0.9777,28,0
SPY190807C285,2019-08-05,2019-08-05 09:38:44,4.43,0.9866,5,4.36,0.971,181,4.42,0.9844,10,4.395,0.9788,28,0
SPY190807C285,2019-08-05,2019-08-05 09:38:45,4.43,0.9866,76,4.4,0.9799,18,4.42,0.9844,10,4.415,0.9832,28,0
SPY190807C285,2019-08-05,2019-08-05 09:38:45,4.43,0.9866,67,4.4,0.9799,18,4.42,0.9844,10,4.415,0.9832,28,0
SPY190807C285,2019-08-05,2019-08-05 09:38:46,4.43,0.9866,195,4.39,0.9777,23,4.42,0.9844,10,4.41,0.9821,28,0
SPY190807C285,2019-08-05,2019-08-05 09:38:46,4.43,0.9866,195,4.39,0.9777,30,4.42,0.9844,10,4.41,0.9821,28,0
SPY190807C285,2019-08-05,2019-08-05 09:38:47,4.43,0.9866,195,4.38,0.9755,84,4.42,0.9844,10,4.405,0.981,28,0
SPY190807C285,2019-08-05,2019-08-05 09:38:47,4.42,0.9844,9,4.38,0.9755,50,4.42,0.9844,10,4.4,0.9799,28,0
SPY190807C285,2019-08-05,2019-08-05 09:38:48,4.42,0.9844,122,4.37,0.9732,112,4.42,0.9844,10,4.395,0.9788,28,0
SPY190807C285,2019-08-05,2019-08-05 09:38:48,4.42,0.9844,195,4.37,0.9732,100,4.42,0.9844,10,4.395,0.9788,28,0
SPY190807C285,2019-08-05,2019-08-05 09:38:49,4.42,0.9844,98,4.38,0.9755,21,4.42,0.9844,10,4.4,0.9799,28,0
SPY190807C285,2019-08-05,2019-08-05 09:38:49,4.41,0.9821,105,4.38,0.9755,21,4.42,0.9844,10,4.395,0.9788,28,0
SPY190807C285,2019-08-05,2019-08-05 09:38:50,4.42,0.9844,186,4.37,0.9732,56,4.42,0.9844,10,4.395,0.9788,28,0
SPY190807C285,2019-08-05,2019-08-05 09:38:51,4.41,0.9821,85,4.36,0.971,50,4.42,0.9844,10,4.385,0.9766,28,0
SPY190807C285,2019-08-05,2019-08-05 09:38:51,4.41,0.9821,85,4.37,0.9732,78,4.42,0.9844,10,4.39,0.9777,28,0
SPY190807C285,2019-08-05,2019-08-05 09:38:52,4.4,0.9799,5,4.36,0.971,23,4.42,0.9844,10,4.38,0.9755,28,0
SPY190807C285,2019-08-05,2019-08-05 09:38:52,4.4,0.9799,57,4.36,0.971,58,4.42,0.9844,10,4.38,0.9755,28,0
SPY190807C285,2019-08-05,2019-08-05 09:38:53,4.4,0.9799,74,4.37,0.9732,19,4.42,0.9844,10,4.385,0.9766,28,0
SPY190807C285,2019-08-05,2019-08-05 09:38:53,4.41,0.9821,68,4.38,0.9755,16,4.42,0.9844,10,4.395,0.9788,28,0
SPY190807C285,2019-08-05,2019-08-05 09:38:54,4.42,0.9844,181,4.38,0.9755,15,4.42,0.9844,10,4.4,0.9799,28,0
SPY190807C285,2019-08-05,2019-08-05 09:38:54,4.41,0.9821,81,4.38,0.9755,15,4.42,0.9844,10,4.395,0.9788,28,0
SPY190807C285,2019-08-05,2019-08-05 09:38:55,4.41,0.9821,100,4.37,0.9732,69,4.42,0.9844,10,4.39,0.9777,28,0
SPY190807C285,2019-08-05,2019-08-05 09:38:55,4.42,0.9844,18,4.37,0.9732,77,4.42,0.9844,10,4.395,0.9788,28,0
SPY190807C285,2019-08-05,2019-08-05 09:38:56,4.39,0.9777,86,4.37,0.9732,77,4.42,0.9844,10,4.38,0.9755,28,0
SPY190807C285,2019-08-05,2019-08-05 09:38:56,4.4,0.9799,186,4.35,0.9688,52,4.42,0.9844,10,4.375,0.9743,28,0
SPY190807C285,2019-08-05,2019-08-05 09:38:57,4.41,0.9821,100,4.36,0.971,5,4.42,0.9844,10,4.385,0.9766,28,0
SPY190807C285,2019-08-05,2019-08-05 09:38:57,4.41,0.9821,71,4.36,0.971,133,4.42,0.9844,10,4.385,0.9766,28,0
SPY190807C285,2019-08-05,2019-08-05 09:38:58,4.4,0.9799,100,4.36,0.971,20,4.42,0.9844,10,4.38,0.9755,28,0
SPY190807C285,2019-08-05,2019-08-05 09:38:58,4.4,0.9799,109,4.36,0.971,18,4.42,0.9844,10,4.38,0.9755,28,0
SPY190807C285,2019-08-05,2019-08-05 09:38:59,4.4,0.9799,106,4.36,0.971,21,4.42,0.9844,10,4.38,0.9755,28,0
SPY190807C285,2019-08-05,2019-08-05 09:38:59,4.38,0.9755,100,4.35,0.9688,20,4.42,0.9844,10,4.365,0.9721,28,0
SPY190807C285,2019-08-05,2019-08-05 09:39:00,4.37,0.9732,100,4.29,0.9554,100,4.35,0.9688,20,4.33,0.9643,48,20
SPY190807C285,2019-08-05,2019-08-05 09:39:00,4.34,0.9665,141,4.28,0.9532,5,4.35,0.9688,20,4.31,0.9599,48,0
SPY190807C285,2019-08-05,2019-08-05 09:39:01,4.35,0.9688,181,4.26,0.9487,100,4.35,0.9688,20,4.305,0.9587,48,0
SPY190807C285,2019-08-05,2019-08-05 09:39:02,4.35,0.9688,81,4.3,0.9576,115,4.35,0.9688,20,4.325,0.9632,48,0
SPY190807C285,2019-08-05,2019-08-05 09:39:02,4.36,0.971,181,4.27,0.951,100,4.35,0.9688,20,4.315,0.961,48,0
SPY190807C285,2019-08-05,2019-08-05 09:39:03,4.34,0.9665,195,4.3,0.9576,19,4.35,0.9688,20,4.32,0.9621,48,0
SPY190807C285,2019-08-05,2019-08-05 09:39:03,4.34,0.9665,195,4.27,0.951,5,4.35,0.9688,20,4.305,0.9587,48,0
SPY190807C285,2019-08-05,2019-08-05 09:39:04,4.37,0.9732,186,4.32,0.9621,80,4.35,0.9688,20,4.345,0.9677,48,0
SPY190807C285,2019-08-05,2019-08-05 09:39:04,4.34,0.9665,50,4.31,0.9599,73,4.35,0.9688,20,4.325,0.9632,48,0
SPY190807C285,2019-08-05,2019-08-05 09:39:05,4.36,0.971,181,4.31,0.9599,73,4.35,0.9688,20,4.335,0.9654,48,0
SPY190807C285,2019-08-05,2019-08-05 09:39:05,4.36,0.971,190,4.31,0.9599,94,4.35,0.9688,20,4.335,0.9654,48,0
SPY190807C285,2019-08-05,2019-08-05 09:39:06,4.37,0.9732,186,4.33,0.9643,5,4.35,0.9688,20,4.35,0.9688,48,0
SPY190807C285,2019-08-05,2019-08-05 09:39:06,4.42,0.9844,100,4.3,0.9576,100,4.35,0.9688,20,4.36,0.971,48,0
SPY190807C285,2019-08-05,2019-08-05 09:39:07,4.38,0.9755,181,4.33,0.9643,55,4.35,0.9688,20,4.355,0.9699,48,0
SPY190807C285,2019-08-05,2019-08-05 09:39:08,4.37,0.9732,5,4.32,0.9621,5,4.35,0.9688,20,4.345,0.9677,48,0
SPY190807C285,2019-08-05,2019-08-05 09:39:08,4.36,0.971,14,4.33,0.9643,24,4.35,0.9688,20,4.345,0.9677,48,0
SPY190807C285,2019-08-05,2019-08-05 09:39:09,4.38,0.9755,73,4.34,0.9665,72,4.35,0.9688,20,4.36,0.971,48,0
SPY190807C285,2019-08-05,2019-08-05 09:39:09,4.38,0.9755,89,4.34,0.9665,54,4.35,0.9688,20,4.36,0.971,48,0
SPY190807C285,2019-08-05,2019-08-05 09:39:10,4.42,0.9844,4,4.35,0.9688,5,4.35,0.9688,20,4.385,0.9766,48,0
SPY190807C285,2019-08-05,2019-08-05 09:39:10,4.38,0.9755,89,4.34,0.9665,69,4.35,0.9688,20,4.36,0.971,48,0
SPY190807C285,2019-08-05,2019-08-05 09:39:11,4.39,0.9777,18,4.36,0.971,22,4.35,0.9688,20,4.375,0.9743,48,0
SPY190807C285,2019-08-05,2019-08-05 09:39:11,4.4,0.9799,40,4.33,0.9643,86,4.35,0.9688,20,4.365,0.9721,48,0
SPY190807C285,2019-08-05,2019-08-05 09:39:12,4.4,0.9799,159,4.35,0.9688,133,4.35,0.9688,20,4.375,0.9743,48,0
SPY190807C285,2019-08-05,2019-08-05 09:39:12,4.4,0.9799,62,4.35,0.9688,133,4.35,0.9688,20,4.375,0.9743,48,0
SPY190807C285,2019-08-05,2019-08-05 09:39:13,4.4,0.9799,100,4.36,0.971,5,4.35,0.9688,20,4.38,0.9755,48,0
SPY190807C285,2019-08-05,2019-08-05 09:39:13,4.38,0.9755,157,4.33,0.9643,5,4.35,0.9688,20,4.355,0.9699,48,0
SPY190807C285,2019-08-05,2019-08-05 09:39:14,4.37,0.9732,18,4.34,0.9665,21,4.35,0.9688,20,4.355,0.9699,48,0
SPY190807C285,2019-08-05,2019-08-05 09:39:14,4.37,0.9732,66,4.33,0.9643,18,4.35,0.9688,20,4.35,0.9688,48,0
SPY190807C285,2019-08-05,2019-08-05 09:39:15,4.37,0.9732,186,4.29,0.9554,118,4.35,0.9688,20,4.33,0.9643,48,0
SPY190807C285,2019-08-05,2019-08-05 09:39:15,4.38,0.9755,186,4.33,0.9643,16,4.35,0.9688,20,4.355,0.9699,48,0
SPY190807C285,2019-08-05,2019-08-05 09:39:16,4.35,0.9688,134,4.28,0.9532,198,4.35,0.9688,20,4.315,0.961,48,0
SPY190807C285,2019-08-05,2019-08-05 09:39:16,4.35,0.9688,138,4.28,0.9532,198,4.35,0.9688,20,4.315,0.961,48,0
SPY190807C285,2019-08-05,2019-08-05 09:39:17,4.37,0.9732,199,4.33,0.9643,5,4.35,0.9688,20,4.35,0.9688,48,0
SPY190807C285,2019-08-05,2019-08-05 09:39:18,4.38,0.9755,195,4.34,0.9665,19,4.35,0.9688,20,4.36,0.971,48,0
SPY190807C285,2019-08-05,2019-08-05 09:39:18,4.38,0.9755,186,4.33,0.9643,115,4.35,0.9688,20,4.355,0.9699,48,0
SPY190807C285,2019-08-05,2019-08-05 09:39:19,4.38,0.9755,195,4.33,0.9643,100,4.35,0.9688,20,4.355,0.9699,48,0
SPY190807C285,2019-08-05,2019-08-05 09:39:19,4.37,0.9732,203,4.33,0.9643,23,4.35,0.9688,20,4.35,0.9688,48,0
SPY190807C285,2019-08-05,2019-08-05 09:39:20,4.37,0.9732,203,4.33,0.9643,5,4.35,0.9688,20,4.35,0.9688,48,0
SPY190807C285,2019-08-05,2019-08-05 09:39:20,4.37,0.9732,86,4.32,0.9621,118,4.35,0.9688,20,4.345,0.9677,48,0
SPY190807C285,2019-08-05,2019-08-05 09:39:21,4.37,0.9732,195,4.33,0.9643,18,4.35,0.9688,20,4.35,0.9688,48,0
SPY190807C285,2019-08-05,2019-08-05 09:39:22,4.37,0.9732,203,4.33,0.9643,18,4.35,0.9688,20,4.35,0.9688,48,0
SPY190807C285,2019-08-05,2019-08-05 09:39:22,4.37,0.9732,90,4.33,0.9643,18,4.35,0.9688,20,4.35,0.9688,48,0
SPY190807C285,2019-08-05,2019-08-05 09:39:23,4.35,0.9688,18,4.31,0.9599,100,4.35,0.9688,20,4.33,0.9643,48,0
SPY190807C285,2019-08-05,2019-08-05 09:39:23,4.36,0.971,18,4.3,0.9576,22,4.35,0.9688,20,4.33,0.9643,48,0
SPY190807C285,2019-08-05,2019-08-05 09:39:24,4.35,0.9688,18,4.31,0.9599,85,4.35,0.9688,20,4.33,0.9643,48,0
SPY190807C285,2019-08-05,2019-08-05 09:39:24,4.36,0.971,100,4.31,0.9599,85,4.35,0.9688,20,4.335,0.9654,48,0
SPY190807C285,2019-08-05,2019-08-05 09:39:25,4.34,0.9665,14,4.31,0.9599,69,4.35,0.9688,20,4.325,0.9632,48,0
SPY190807C285,2019-08-05,2019-08-05 09:39:25,4.34,0.9665,14,4.31,0.9599,91,4.35,0.9688,20,4.325,0.9632,48,0
SPY190807C285,2019-08-05,2019-08-05 09:39:26,4.35,0.9688,167,4.3,0.9576,100,4.35,0.9688,20,4.325,0.9632,48,0
SPY190807C285,2019-08-05,2019-08-05 09:39:26,4.34,0.9665,14,4.31,0.9599,21,4.35,0.9688,20,4.325,0.9632,48,0
SPY190807C285,2019-08-05,2019-08-05 09:39:27,4.35,0.9688,59,4.31,0.9599,49,4.35,0.9688,20,4.33,0.9643,48,0
SPY190807C285,2019-08-05,2019-08-05 09:39:28,4.35,0.9688,203,4.31,0.9599,64,4.35,0.9688,20,4.33,0.9643,48,0
SPY190807C285,2019-08-05,2019-08-05 09:39:28,4.34,0.9665,72,4.3,0.9576,86,4.35,0.9688,20,4.32,0.9621,48,0
SPY190807C285,2019-08-05,2019-08-05 09:39:29,4.34,0.9665,144,4.3,0.9576,86,4.35,0.9688,20,4.32,0.9621,48,0
SPY190807C285,2019-08-05,2019-08-05 09:39:29,4.33,0.9643,18,4.3,0.9576,86,4.35,0.9688,20,4.315,0.961,48,0
SPY190807C285,2019-08-05,2019-08-05 09:39:30,4.34,0.9665,144,4.3,0.9576,86,4.35,0.9688,20,4.32,0.9621,48,0
SPY190807C285,2019-08-05,2019-08-05 09:39:30,4.34,0.9665,144,4.29,0.9554,133,4.35,0.9688,20,4.315,0.961,48,0
SPY190807C285,2019-08-05,2019-08-05 09:39:31,4.33,0.9643,165,4.28,0.9532,124,4.35,0.9688,20,4.305,0.9587,48,0
SPY190807C285,2019-08-05,2019-08-05 09:39:31,4.33,0.9643,100,4.29,0.9554,100,4.35,0.9688,20,4.31,0.9599,48,0
SPY190807C285,2019-08-05,2019-08-05 09:39:32,4.32,0.9621,18,4.28,0.9532,118,4.35,0.9688,20,4.3,0.9576,48,0
SPY190807C285,2019-08-05,2019-08-05 09:39:32,4.33,0.9643,165,4.28,0.9532,118,4.35,0.9688,20,4.305,0.9587,48,0
SPY190807C285,2019-08-05,2019-08-05 09:39:33,4.32,0.9621,109,4.27,0.951,21,4.35,0.9688,20,4.295,0.9565,48,0
SPY190807C285,2019-08-05,2019-08-05 09:39:33,4.34,0.9665,100,4.28,0.9532,100,4.35,0.9688,20,4.31,0.9599,48,0
SPY190807C285,2019-08-05,2019-08-05 09:39:34,4.33,0.9643,181,4.28,0.9532,118,4.35,0.9688,20,4.305,0.9587,48,0
SPY190807C285,2019-08-05,2019-08-05 09:39:34,4.33,0.9643,100,4.27,0.951,133,4.35,0.9688,20,4.3,0.9576,48,0
SPY190807C285,2019-08-05,2019-08-05 09:39:35,4.33,0.9643,195,4.28,0.9532,96,4.35,0.9688,20,4.305,0.9587,48,0
SPY190807C285,2019-08-05,2019-08-05 09:39:35,4.33,0.9643,181,4.28,0.9532,118,4.35,0.9688,20,4.305,0.9587,48,0
SPY190807C285,2019-08-05,2019-08-05 09:39:36,4.31,0.9599,65,4.27,0.951,98,4.35,0.9688,20,4.29,0.9554,48,0
SPY190807C285,2019-08-05,2019-08-05 09:39:37,4.31,0.9599,65,4.27,0.951,98,4.35,0.9688,20,4.29,0.9554,48,0
SPY190807C285,2019-08-05,2019-08-05 09:39:38,4.32,0.9621,5,4.27,0.951,119,4.35,0.9688,20,4.295,0.9565,48,0
SPY190807C285,2019-08-05,2019-08-05 09:39:38,4.32,0.9621,5,4.27,0.951,5,4.35,0.9688,20,4.295,0.9565,48,0
SPY190807C285,2019-08-05,2019-08-05 09:39:39,4.31,0.9599,14,4.27,0.951,81,4.35,0.9688,20,4.29,0.9554,48,0
SPY190807C285,2019-08-05,2019-08-05 09:39:39,4.31,0.9599,75,4.27,0.951,87,4.35,0.9688,20,4.29,0.9554,48,0
SPY190807C285,2019-08-05,2019-08-05 09:39:40,4.31,0.9599,75,4.27,0.951,93,4.35,0.9688,20,4.29,0.9554,48,0
SPY190807C285,2019-08-05,2019-08-05 09:39:40,4.31,0.9599,75,4.27,0.951,87,4.35,0.9688,20,4.29,0.9554,48,0
SPY190807C285,2019-08-05,2019-08-05 09:39:41,4.33,0.9643,98,4.28,0.9532,16,4.35,0.9688,20,4.305,0.9587,48,0
SPY190807C285,2019-08-05,2019-08-05 09:39:41,4.31,0.9599,14,4.28,0.9532,85,4.35,0.9688,20,4.295,0.9565,48,0
SPY190807C285,2019-08-05,2019-08-05 09:39:42,4.35,0.9688,9,4.29,0.9554,118,4.35,0.9688,20,4.32,0.9621,48,0
SPY190807C285,2019-08-05,2019-08-05 09:39:42,4.36,0.971,186,4.29,0.9554,5,4.35,0.9688,20,4.325,0.9632,48,0
SPY190807C285,2019-08-05,2019-08-05 09:39:43,4.35,0.9688,18,4.31,0.9599,103,4.35,0.9688,20,4.33,0.9643,48,0
SPY190807C285,2019-08-05,2019-08-05 09:39:43,4.36,0.971,77,4.31,0.9599,5,4.35,0.9688,20,4.335,0.9654,48,0
SPY190807C285,2019-08-05,2019-08-05 09:39:44,4.36,0.971,103,4.31,0.9599,118,4.35,0.9688,20,4.335,0.9654,48,0
SPY190807C285,2019-08-05,2019-08-05 09:39:44,4.36,0.971,77,4.31,0.9599,118,4.35,0.9688,20,4.335,0.9654,48,0
SPY190807C285,2019-08-05,2019-08-05 09:39:45,4.35,0.9688,14,4.31,0.9599,118,4.35,0.9688,20,4.33,0.9643,48,0
SPY190807C285,2019-08-05,2019-08-05 09:39:45,4.36,0.971,103,4.31,0.9599,100,4.35,0.9688,20,4.335,0.9654,48,0
SPY190807C285,2019-08-05,2019-08-05 09:39:46,4.38,0.9755,100,4.31,0.9599,204,4.33,0.9643,10,4.345,0.9677,58,0
SPY190807C285,2019-08-05,2019-08-05 09:39:46,4.37,0.9732,100,4.29,0.9554,100,4.33,0.9643,10,4.33,0.9643,58,10
SPY190807C285,2019-08-05,2019-08-05 09:39:47,4.39,0.9777,204,4.33,0.9643,118,4.33,0.9643,10,4.36,0.971,58,0
SPY190807C285,2019-08-05,2019-08-05 09:39:47,4.39,0.9777,186,4.34,0.9665,106,4.33,0.9643,10,4.365,0.9721,58,0
SPY190807C285,2019-08-05,2019-08-05 09:39:48,4.4,0.9799,186,4.35,0.9688,94,4.33,0.9643,10,4.375,0.9743,58,0
SPY190807C285,2019-08-05,2019-08-05 09:39:48,4.42,0.9844,186,4.35,0.9688,100,4.33,0.9643,10,4.385,0.9766,58,0
SPY190807C285,2019-08-05,2019-08-05 09:39:49,4.42,0.9844,108,4.38,0.9755,18,4.33,0.9643,10,4.4,0.9799,58,0
SPY190807C285,2019-08-05,2019-08-05 09:39:49,4.42,0.9844,186,4.36,0.971,118,4.33,0.9643,10,4.39,0.9777,58,0
SPY190807C285,2019-08-05,2019-08-05 09:39:50,4.41,0.9821,18,4.38,0.9755,61,4.33,0.9643,10,4.395,0.9788,58,0
SPY190807C285,2019-08-05,2019-08-05 09:39:50,4.42,0.9844,118,4.38,0.9755,61,4.33,0.9643,10,4.4,0.9799,58,0
SPY190807C285,2019-08-05,2019-08-05 09:39:51,4.42,0.9844,118,4.3,0.9576,18,4.33,0.9643,10,4.36,0.971,58,0
SPY190807C285,2019-08-05,2019-08-05 09:39:51,4.45,0.991,169,4.36,0.971,37,4.33,0.9643,10,4.405,0.981,58,0
SPY190807C285,2019-08-05,2019-08-05 09:39:52,4.44,0.9888,195,4.36,0.971,109,4.33,0.9643,10,4.4,0.9799,58,0
SPY190807C285,2019-08-05,2019-08-05 09:39:52,4.44,0.9888,195,4.37,0.9732,5,4.33,0.9643,10,4.405,0.981,58,0
SPY190807C285,2019-08-05,2019-08-05 09:39:53,4.44,0.9888,109,4.39,0.9777,84,4.33,0.9643,10,4.415,0.9832,58,0
SPY190807C285,2019-08-05,2019-08-05 09:39:54,4.45,0.991,100,4.4,0.9799,5,4.33,0.9643,10,4.425,0.9855,58,0
SPY190807C285,2019-08-05,2019-08-05 09:39:54,4.45,0.991,195,4.4,0.9799,93,4.33,0.9643,10,4.425,0.9855,58,0
SPY190807C285,2019-08-05,2019-08-05 09:39:55,4.46,0.9933,70,4.4,0.9799,93,4.33,0.9643,10,4.43,0.9866,58,0
SPY190807C285,2019-08-05,2019-08-05 09:39:55,4.45,0.991,195,4.4,0.9799,93,4.33,0.9643,10,4.425,0.9855,58,0
SPY190807C285,2019-08-05,2019-08-05 09:39:56,4.47,0.9955,186,4.42,0.9844,65,4.33,0.9643,10,4.445,0.9899,58,0
SPY190807C285,2019-08-05,2019-08-05 09:39:56,4.48,0.9977,14,4.43,0.9866,5,4.33,0.9643,10,4.455,0.9922,58,0
SPY190807C285,2019-08-05,2019-08-05 09:39:57,4.48,0.9977,160,4.42,0.9844,11,4.33,0.9643,10,4.45,0.991,58,0
SPY190807C285,2019-08-05,2019-08-05 09:39:58,4.48,0.9977,109,4.42,0.9844,5,4.33,0.9643,10,4.45,0.991,58,0
SPY190807C285,2019-08-05,2019-08-05 09:39:58,4.49,1.0,109,4.42,0.9844,103,4.33,0.9643,10,4.455,0.9922,58,0
SPY190807C285,2019-08-05,2019-08-05 09:39:59,4.49,1.0,109,4.42,0.9844,103,4.33,0.9643,10,4.455,0.9922,58,0
SPY190807C285,2019-08-05,2019-08-05 09:39:59,4.51,1.0044,100,4.43,0.9866,5,4.33,0.9643,10,4.47,0.9955,58,0
SPY190807C285,2019-08-05,2019-08-05 09:40:00,4.5,1.0022,100,4.43,0.9866,5,4.33,0.9643,10,4.465,0.9944,58,0
SPY190807C285,2019-08-05,2019-08-05 09:40:00,4.51,1.0044,18,4.43,0.9866,105,4.33,0.9643,10,4.47,0.9955,58,0
SPY190807C285,2019-08-05,2019-08-05 09:40:01,4.5,1.0022,18,4.45,0.991,4,4.33,0.9643,10,4.475,0.9966,58,0
SPY190807C285,2019-08-05,2019-08-05 09:40:01,4.5,1.0022,100,4.44,0.9888,8,4.33,0.9643,10,4.47,0.9955,58,0
SPY190807C285,2019-08-05,2019-08-05 09:40:02,4.49,1.0,109,4.45,0.991,100,4.33,0.9643,10,4.47,0.9955,58,0
SPY190807C285,2019-08-05,2019-08-05 09:40:03,4.49,1.0,117,4.41,0.9821,103,4.33,0.9643,10,4.45,0.991,58,0
SPY190807C285,2019-08-05,2019-08-05 09:40:03,4.48,0.9977,63,4.41,0.9821,149,4.33,0.9643,10,4.445,0.9899,58,0
SPY190807C285,2019-08-05,2019-08-05 09:40:04,4.48,0.9977,151,4.42,0.9844,5,4.33,0.9643,10,4.45,0.991,58,0
SPY190807C285,2019-08-05,2019-08-05 09:40:04,4.47,0.9955,66,4.42,0.9844,5,4.33,0.9643,10,4.445,0.9899,58,0
SPY190807C285,2019-08-05,2019-08-05 09:40:05,4.47,0.9955,179,4.42,0.9844,100,4.33,0.9643,10,4.445,0.9899,58,0
SPY190807C285,2019-08-05,2019-08-05 09:40:06,4.46,0.9933,134,4.42,0.9844,100,4.33,0.9643,10,4.44,0.9888,58,0
SPY190807C285,2019-08-05,2019-08-05 09:40:06,4.46,0.9933,46,4.42,0.9844,100,4.33,0.9643,10,4.44,0.9888,58,0
SPY190807C285,2019-08-05,2019-08-05 09:40:07,4.46,0.9933,44,4.42,0.9844,100,4.33,0.9643,10,4.44,0.9888,58,0
SPY190807C285,2019-08-05,2019-08-05 09:40:07,4.46,0.9933,18,4.42,0.9844,100,4.33,0.9643,10,4.44,0.9888,58,0
SPY190807C285,2019-08-05,2019-08-05 09:40:08,4.45,0.991,100,4.37,0.9732,100,4.33,0.9643,10,4.41,0.9821,58,0
SPY190807C285,2019-08-05,2019-08-05 09:40:08,4.43,0.9866,86,4.38,0.9755,5,4.33,0.9643,10,4.405,0.981,58,0
SPY190807C285,2019-08-05,2019-08-05 09:40:09,4.45,0.991,108,4.39,0.9777,5,4.33,0.9643,10,4.42,0.9844,58,0
SPY190807C285,2019-08-05,2019-08-05 09:40:09,4.45,0.991,102,4.39,0.9777,104,4.33,0.9643,10,4.42,0.9844,58,0
SPY190807C285,2019-08-05,2019-08-05 09:40:10,4.46,0.9933,100,4.39,0.9777,100,4.33,0.9643,10,4.425,0.9855,58,0
SPY190807C285,2019-08-05,2019-08-05 09:40:10,4.45,0.991,104,4.39,0.9777,5,4.33,0.9643,10,4.42,0.9844,58,0
SPY190807C285,2019-08-05,2019-08-05 09:40:11,4.45,0.991,5,4.4,0.9799,5,4.33,0.9643,10,4.425,0.9855,58,0
SPY190807C285,2019-08-05,2019-08-05 09:40:11,4.45,0.991,5,4.39,0.9777,186,4.33,0.9643,10,4.42,0.9844,58,0
SPY190807C285,2019-08-05,2019-08-05 09:40:12,4.43,0.9866,48,4.39,0.9777,100,4.33,0.9643,10,4.41,0.9821,58,0
SPY190807C285,2019-08-05,2019-08-05 09:40:12,4.43,0.9866,100,4.37,0.9732,5,4.33,0.9643,10,4.4,0.9799,58,0
SPY190807C285,2019-08-05,2019-08-05 09:40:13,4.42,0.9844,109,4.37,0.9732,8,4.33,0.9643,10,4.395,0.9788,58,0
SPY190807C285,2019-08-05,2019-08-05 09:40:13,4.42,0.9844,118,4.37,0.9732,5,4.33,0.9643,10,4.395,0.9788,58,0
SPY190807C285,2019-08-05,2019-08-05 09:40:14,4.43,0.9866,118,4.37,0.9732,5,4.33,0.9643,10,4.4,0.9799,58,0
SPY190807C285,2019-08-05,2019-08-05 09:40:14,4.42,0.9844,100,4.34,0.9665,5,4.33,0.9643,10,4.38,0.9755,58,0
SPY190807C285,2019-08-05,2019-08-05 09:40:15,4.38,0.9755,100,4.29,0.9554,100,4.33,0.9643,10,4.335,0.9654,58,0
SPY190807C285,2019-08-05,2019-08-05 09:40:15,4.4,0.9799,181,4.34,0.9665,5,4.33,0.9643,10,4.37,0.9732,58,0
SPY190807C285,2019-08-05,2019-08-05 09:40:16,4.38,0.9755,100,4.31,0.9599,181,4.33,0.9643,10,4.345,0.9677,58,0
SPY190807C285,2019-08-05,2019-08-05 09:40:17,4.36,0.971,44,4.31,0.9599,5,4.33,0.9643,10,4.335,0.9654,58,0
SPY190807C285,2019-08-05,2019-08-05 09:40:17,4.35,0.9688,18,4.29,0.9554,100,4.33,0.9643,10,4.32,0.9621,58,0
SPY190807C285,2019-08-05,2019-08-05 09:40:18,4.35,0.9688,37,4.28,0.9532,181,4.33,0.9643,10,4.315,0.961,58,0
SPY190807C285,2019-08-05,2019-08-05 09:40:18,4.35,0.9688,144,4.28,0.9532,81,4.33,0.9643,10,4.315,0.961,58,0
SPY190807C285,2019-08-05,2019-08-05 09:40:19,4.35,0.9688,144,4.27,0.951,181,4.33,0.9643,10,4.31,0.9599,58,0
SPY190807C285,2019-08-05,2019-08-05 09:40:19,4.34,0.9665,5,4.28,0.9532,100,4.33,0.9643,10,4.31,0.9599,58,0
SPY190807C285,2019-08-05,2019-08-05 09:40:20,4.33,0.9643,14,4.28,0.9532,100,4.33,0.9643,10,4.305,0.9587,58,0
SPY190807C285,2019-08-05,2019-08-05 09:40:21,4.32,0.9621,14,4.27,0.951,100,4.33,0.9643,10,4.295,0.9565,58,0
SPY190807C285,2019-08-05,2019-08-05 09:40:21,4.32,0.9621,147,4.26,0.9487,5,4.33,0.9643,10,4.29,0.9554,58,0
SPY190807C285,2019-08-05,2019-08-05 09:40:22,4.31,0.9599,5,4.25,0.9465,5,4.33,0.9643,10,4.28,0.9532,58,0
SPY190807C285,2019-08-05,2019-08-05 09:40:23,4.29,0.9554,17,4.25,0.9465,5,4.33,0.9643,10,4.27,0.951,58,0
SPY190807C285,2019-08-05,2019-08-05 09:40:23,4.33,0.9643,100,4.25,0.9465,5,4.33,0.9643,10,4.29,0.9554,58,0
SPY190807C285,2019-08-05,2019-08-05 09:40:24,4.29,0.9554,18,4.25,0.9465,5,4.33,0.9643,10,4.27,0.951,58,0
SPY190807C285,2019-08-05,2019-08-05 09:40:25,4.29,0.9554,4,4.23,0.942,5,4.33,0.9643,10,4.26,0.9487,58,0
SPY190807C285,2019-08-05,2019-08-05 09:40:25,4.3,0.9576,73,4.23,0.942,186,4.33,0.9643,10,4.265,0.9498,58,0
SPY190807C285,2019-08-05,2019-08-05 09:40:26,4.28,0.9532,23,4.23,0.942,101,4.33,0.9643,10,4.255,0.9476,58,0
SPY190807C285,2019-08-05,2019-08-05 09:40:26,4.29,0.9554,5,4.24,0.9443,5,4.33,0.9643,10,4.265,0.9498,58,0
SPY190807C285,2019-08-05,2019-08-05 09:40:27,4.26,0.9487,18,4.2,0.9354,183,4.33,0.9643,10,4.23,0.942,58,0
SPY190807C285,2019-08-05,2019-08-05 09:40:27,4.26,0.9487,18,4.2,0.9354,100,4.33,0.9643,10,4.23,0.942,58,0
SPY190807C285,2019-08-05,2019-08-05 09:40:28,4.27,0.951,18,4.19,0.9331,83,4.33,0.9643,10,4.23,0.942,58,0
SPY190807C285,2019-08-05,2019-08-05 09:40:28,4.26,0.9487,5,4.21,0.9376,5,4.33,0.9643,10,4.235,0.9432,58,0
SPY190807C285,2019-08-05,2019-08-05 09:40:29,4.26,0.9487,47,4.21,0.9376,10,4.33,0.9643,10,4.235,0.9432,58,0
SPY190807C285,2019-08-05,2019-08-05 09:40:29,4.26,0.9487,5,4.21,0.9376,81,4.33,0.9643,10,4.235,0.9432,58,0
SPY190807C285,2019-08-05,2019-08-05 09:40:30,4.26,0.9487,45,4.2,0.9354,5,4.33,0.9643,10,4.23,0.942,58,0
SPY190807C285,2019-08-05,2019-08-05 09:40:30,4.26,0.9487,43,4.21,0.9376,100,4.33,0.9643,10,4.235,0.9432,58,0
SPY190807C285,2019-08-05,2019-08-05 09:40:31,4.24,0.9443,14,4.2,0.9354,5,4.33,0.9643,10,4.22,0.9398,58,0
SPY190807C285,2019-08-05,2019-08-05 09:40:31,4.25,0.9465,76,4.2,0.9354,5,4.33,0.9643,10,4.225,0.9409,58,0
SPY190807C285,2019-08-05,2019-08-05 09:40:32,4.26,0.9487,41,4.19,0.9331,5,4.33,0.9643,10,4.225,0.9409,58,0
SPY190807C285,2019-08-05,2019-08-05 09:40:32,4.24,0.9443,60,4.18,0.9309,183,4.33,0.9643,10,4.21,0.9376,58,0
SPY190807C285,2019-08-05,2019-08-05 09:40:33,4.25,0.9465,5,4.19,0.9331,115,4.33,0.9643,10,4.22,0.9398,58,0
SPY190807C285,2019-08-05,2019-08-05 09:40:33,4.24,0.9443,188,4.16,0.9265,100,4.33,0.9643,10,4.2,0.9354,58,0
SPY190807C285,2019-08-05,2019-08-05 09:40:34,4.22,0.9398,65,4.16,0.9265,88,4.33,0.9643,10,4.19,0.9331,58,0
SPY190807C285,2019-08-05,2019-08-05 09:40:34,4.23,0.942,166,4.16,0.9265,88,4.33,0.9643,10,4.195,0.9342,58,0
SPY190807C285,2019-08-05,2019-08-05 09:40:35,4.22,0.9398,65,4.15,0.9242,100,4.33,0.9643,10,4.185,0.932,58,0
SPY190807C285,2019-08-05,2019-08-05 09:40:35,4.21,0.9376,5,4.16,0.9265,5,4.33,0.9643,10,4.185,0.932,58,0
SPY190807C285,2019-08-05,2019-08-05 09:40:36,4.22,0.9398,38,4.15,0.9242,183,4.33,0.9643,10,4.185,0.932,58,0
SPY190807C285,2019-08-05,2019-08-05 09:40:36,4.22,0.9398,52,4.15,0.9242,105,4.33,0.9643,10,4.185,0.932,58,0
SPY190807C285,2019-08-05,2019-08-05 09:40:37,4.25,0.9465,88,4.18,0.9309,5,4.33,0.9643,10,4.215,0.9387,58,0
SPY190807C285,2019-08-05,2019-08-05 09:40:37,4.22,0.9398,52,4.16,0.9265,100,4.33,0.9643,10,4.19,0.9331,58,0
SPY190807C285,2019-08-05,2019-08-05 09:40:38,4.24,0.9443,18,4.18,0.9309,6,4.33,0.9643,10,4.21,0.9376,58,0
SPY190807C285,2019-08-05,2019-08-05 09:40:38,4.26,0.9487,5,4.19,0.9331,188,4.33,0.9643,10,4.225,0.9409,58,0
SPY190807C285,2019-08-05,2019-08-05 09:40:39,4.26,0.9487,118,4.2,0.9354,5,4.33,0.9643,10,4.23,0.942,58,0
SPY190807C285,2019-08-05,2019-08-05 09:40:39,4.28,0.9532,100,4.2,0.9354,5,4.33,0.9643,10,4.24,0.9443,58,0
SPY190807C285,2019-08-05,2019-08-05 09:40:40,4.29,0.9554,118,4.22,0.9398,183,4.33,0.9643,10,4.255,0.9476,58,0
SPY190807C285,2019-08-05,2019-08-05 09:40:40,4.29,0.9554,118,4.23,0.942,100,4.33,0.9643,10,4.26,0.9487,58,0
SPY190807C285,2019-08-05,2019-08-05 09:40:41,4.29,0.9554,79,4.24,0.9443,94,4.33,0.9643,10,4.265,0.9498,58,0
SPY190807C285,2019-08-05,2019-08-05 09:40:41,4.29,0.9554,188,4.23,0.942,88,4.33,0.9643,10,4.26,0.9487,58,0
SPY190807C285,2019-08-05,2019-08-05 09:40:42,4.29,0.9554,47,4.23,0.942,100,4.33,0.9643,10,4.26,0.9487,58,0
SPY190807C285,2019-08-05,2019-08-05 09:40:42,4.28,0.9532,18,4.24,0.9443,5,4.33,0.9643,10,4.26,0.9487,58,0
SPY190807C285,2019-08-05,2019-08-05 09:40:43,4.29,0.9554,5,4.21,0.9376,183,4.33,0.9643,10,4.25,0.9465,58,0
SPY190807C285,2019-08-05,2019-08-05 09:40:43,4.29,0.9554,18,4.23,0.942,183,4.33,0.9643,10,4.26,0.9487,58,0
SPY190807C285,2019-08-05,2019-08-05 09:40:44,4.28,0.9532,102,4.23,0.942,5,4.33,0.9643,10,4.255,0.9476,58,0
SPY190807C285,2019-08-05,2019-08-05 09:40:44,4.28,0.9532,94,4.23,0.942,100,4.33,0.9643,10,4.255,0.9476,58,0
SPY190807C285,2019-08-05,2019-08-05 09:40:45,4.28,0.9532,88,4.23,0.942,5,4.33,0.9643,10,4.255,0.9476,58,0
SPY190807C285,2019-08-05,2019-08-05 09:40:45,4.28,0.9532,95,4.22,0.9398,188,4.33,0.9643,10,4.25,0.9465,58,0
SPY190807C285,2019-08-05,2019-08-05 09:40:46,4.3,0.9576,183,4.23,0.942,5,4.33,0.9643,10,4.265,0.9498,58,0
SPY190807C285,2019-08-05,2019-08-05 09:40:47,4.3,0.9576,100,4.23,0.942,5,4.33,0.9643,10,4.265,0.9498,58,0
SPY190807C285,2019-08-05,2019-08-05 09:40:47,4.31,0.9599,183,4.23,0.942,183,4.33,0.9643,10,4.27,0.951,58,0
SPY190807C285,2019-08-05,2019-08-05 09:40:48,4.29,0.9554,39,4.25,0.9465,5,4.33,0.9643,10,4.27,0.951,58,0
SPY190807C285,2019-08-05,2019-08-05 09:40:48,4.31,0.9599,88,4.24,0.9443,188,4.33,0.9643,10,4.275,0.9521,58,0
SPY190807C285,2019-08-05,2019-08-05 09:40:49,4.34,0.9665,100,4.26,0.9487,83,4.33,0.9643,10,4.3,0.9576,58,0
SPY190807C285,2019-08-05,2019-08-05 09:40:49,4.34,0.9665,100,4.25,0.9465,100,4.33,0.9643,10,4.295,0.9565,58,0
SPY190807C285,2019-08-05,2019-08-05 09:40:50,4.32,0.9621,5,4.28,0.9532,5,4.33,0.9643,10,4.3,0.9576,58,0
SPY190807C285,2019-08-05,2019-08-05 09:40:50,4.33,0.9643,118,4.27,0.951,183,4.33,0.9643,10,4.3,0.9576,58,0
SPY190807C285,2019-08-05,2019-08-05 09:40:51,4.31,0.9599,118,4.22,0.9398,88,4.33,0.9643,10,4.265,0.9498,58,0
SPY190807C285,2019-08-05,2019-08-05 09:40:51,4.31,0.9599,118,4.27,0.951,5,4.33,0.9643,10,4.29,0.9554,58,0
SPY190807C285,2019-08-05,2019-08-05 09:40:52,4.31,0.9599,97,4.25,0.9465,106,4.33,0.9643,10,4.28,0.9532,58,0
SPY190807C285,2019-08-05,2019-08-05 09:40:52,4.32,0.9621,118,4.25,0.9465,106,4.33,0.9643,10,4.285,0.9543,58,0
SPY190807C285,2019-08-05,2019-08-05 09:40:53,4.33,0.9643,118,4.27,0.951,5,4.33,0.9643,10,4.3,0.9576,58,0
SPY190807C285,2019-08-05,2019-08-05 09:40:53,4.31,0.9599,111,4.25,0.9465,106,4.33,0.9643,10,4.28,0.9532,58,0
SPY190807C285,2019-08-05,2019-08-05 09:40:54,4.33,0.9643,81,4.27,0.951,5,4.33,0.9643,10,4.3,0.9576,58,0
SPY190807C285,2019-08-05,2019-08-05 09:40:54,4.33,0.9643,85,4.28,0.9532,188,4.33,0.9643,10,4.305,0.9587,58,0
SPY190807C285,2019-08-05,2019-08-05 09:40:55,4.34,0.9665,92,4.29,0.9554,188,4.33,0.9643,10,4.315,0.961,58,0
SPY190807C285,2019-08-05,2019-08-05 09:40:55,4.32,0.9621,183,4.25,0.9465,88,4.33,0.9643,10,4.285,0.9543,58,0
SPY190807C285,2019-08-05,2019-08-05 09:40:56,4.32,0.9621,183,4.25,0.9465,88,4.33,0.9643,10,4.285,0.9543,58,0
SPY190807C285,2019-08-05,2019-08-05 09:40:57,4.31,0.9599,205,4.23,0.942,188,4.33,0.9643,10,4.27,0.951,58,0
SPY190807C285,2019-08-05,2019-08-05 09:40:57,4.31,0.9599,205,4.24,0.9443,88,4.33,0.9643,10,4.275,0.9521,58,0
SPY190807C285,2019-08-05,2019-08-05 09:40:58,4.29,0.9554,65,4.24,0.9443,100,4.33,0.9643,10,4.265,0.9498,58,0
SPY190807C285,2019-08-05,2019-08-05 09:40:58,4.33,0.9643,5,4.26,0.9487,115,4.33,0.9643,10,4.295,0.9565,58,0
SPY190807C285,2019-08-05,2019-08-05 09:40:59,4.32,0.9621,118,4.27,0.951,4,4.33,0.9643,10,4.295,0.9565,58,0
SPY190807C285,2019-08-05,2019-08-05 09:40:59,4.33,0.9643,118,4.27,0.951,4,4.33,0.9643,10,4.3,0.9576,58,0
SPY190807C285,2019-08-05,2019-08-05 09:41:00,4.31,0.9599,63,4.27,0.951,5,4.33,0.9643,10,4.29,0.9554,58,0
SPY190807C285,2019-08-05,2019-08-05 09:41:00,4.35,0.9688,183,4.27,0.951,188,4.33,0.9643,10,4.31,0.9599,58,0
SPY190807C285,2019-08-05,2019-08-05 09:41:01,4.32,0.9621,104,4.28,0.9532,5,4.29,0.9554,20,4.3,0.9576,78,0
SPY190807C285,2019-08-05,2019-08-05 09:41:01,4.33,0.9643,118,4.28,0.9532,5,4.29,0.9554,20,4.305,0.9587,78,20
SPY190807C285,2019-08-05,2019-08-05 09:41:02,4.32,0.9621,105,4.27,0.951,5,4.29,0.9554,20,4.295,0.9565,78,0
SPY190807C285,2019-08-05,2019-08-05 09:41:02,4.32,0.9621,104,4.28,0.9532,5,4.29,0.9554,20,4.3,0.9576,78,0
SPY190807C285,2019-08-05,2019-08-05 09:41:03,4.31,0.9599,5,4.24,0.9443,100,4.29,0.9554,20,4.275,0.9521,78,0
SPY190807C285,2019-08-05,2019-08-05 09:41:03,4.31,0.9599,5,4.24,0.9443,183,4.29,0.9554,20,4.275,0.9521,78,0
SPY190807C285,2019-08-05,2019-08-05 09:41:04,4.38,0.9755,10,4.24,0.9443,188,4.29,0.9554,20,4.31,0.9599,78,0
SPY190807C285,2019-08-05,2019-08-05 09:41:04,4.34,0.9665,5,4.26,0.9487,183,4.29,0.9554,20,4.3,0.9576,78,0
SPY190807C285,2019-08-05,2019-08-05 09:41:05,4.34,0.9665,5,4.26,0.9487,183,4.29,0.9554,20,4.3,0.9576,78,0
SPY190807C285,2019-08-05,2019-08-05 09:41:05,4.34,0.9665,183,4.26,0.9487,203,4.29,0.9554,20,4.3,0.9576,78,0
SPY190807C285,2019-08-05,2019-08-05 09:41:06,4.32,0.9621,18,4.26,0.9487,5,4.29,0.9554,20,4.29,0.9554,78,0
SPY190807C285,2019-08-05,2019-08-05 09:41:06,4.31,0.9599,18,4.26,0.9487,5,4.29,0.9554,20,4.285,0.9543,78,0
SPY190807C285,2019-08-05,2019-08-05 09:41:07,4.31,0.9599,5,4.27,0.951,5,4.29,0.9554,20,4.29,0.9554,78,0
SPY190807C285,2019-08-05,2019-08-05 09:41:07,4.31,0.9599,74,4.26,0.9487,188,4.29,0.9554,20,4.285,0.9543,78,0
SPY190807C285,2019-08-05,2019-08-05 09:41:08,4.38,0.9755,18,4.27,0.951,5,4.29,0.9554,20,4.325,0.9632,78,0
SPY190807C285,2019-08-05,2019-08-05 09:41:08,4.3,0.9576,74,4.27,0.951,1,4.29,0.9554,20,4.285,0.9543,78,0
SPY190807C285,2019-08-05,2019-08-05 09:41:09,4.38,0.9755,18,4.27,0.951,5,4.29,0.9554,20,4.325,0.9632,78,0
SPY190807C285,2019-08-05,2019-08-05 09:41:09,4.34,0.9665,118,4.28,0.9532,100,4.29,0.9554,20,4.31,0.9599,78,0
SPY190807C285,2019-08-05,2019-08-05 09:41:10,4.34,0.9665,100,4.25,0.9465,100,4.29,0.9554,20,4.295,0.9565,78,0
SPY190807C285,2019-08-05,2019-08-05 09:41:10,4.34,0.9665,183,4.26,0.9487,8,4.29,0.9554,20,4.3,0.9576,78,0
SPY190807C285,2019-08-05,2019-08-05 09:41:11,4.32,0.9621,5,4.26,0.9487,5,4.29,0.9554,20,4.29,0.9554,78,0
SPY190807C285,2019-08-05,2019-08-05 09:41:11,4.33,0.9643,100,4.26,0.9487,5,4.29,0.9554,20,4.295,0.9565,78,0
SPY190807C285,2019-08-05,2019-08-05 09:41:12,4.33,0.9643,39,4.28,0.9532,5,4.29,0.9554,20,4.305,0.9587,78,0
SPY190807C285,2019-08-05,2019-08-05 09:41:12,4.33,0.9643,51,4.28,0.9532,188,4.29,0.9554,20,4.305,0.9587,78,0
SPY190807C285,2019-08-05,2019-08-05 09:41:13,4.34,0.9665,183,4.27,0.951,5,4.29,0.9554,20,4.305,0.9587,78,0
SPY190807C285,2019-08-05,2019-08-05 09:41:14,4.31,0.9599,5,4.24,0.9443,183,4.29,0.9554,20,4.275,0.9521,78,0
SPY190807C285,2019-08-05,2019-08-05 09:41:14,4.32,0.9621,5,4.25,0.9465,5,4.29,0.9554,20,4.285,0.9543,78,0
SPY190807C285,2019-08-05,2019-08-05 09:41:15,4.32,0.9621,118,4.27,0.951,8,4.29,0.9554,20,4.295,0.9565,78,0
SPY190807C285,2019-08-05,2019-08-05 09:41:15,4.32,0.9621,118,4.25,0.9465,5,4.29,0.9554,20,4.285,0.9543,78,0
SPY190807C285,2019-08-05,2019-08-05 09:41:16,4.33,0.9643,5,4.18,0.9309,15,4.29,0.9554,20,4.255,0.9476,78,0
SPY190807C285,2019-08-05,2019-08-05 09:41:16,4.34,0.9665,100,4.26,0.9487,100,4.29,0.9554,20,4.3,0.9576,78,0
SPY190807C285,2019-08-05,2019-08-05 09:41:17,4.33,0.9643,5,4.27,0.951,100,4.29,0.9554,20,4.3,0.9576,78,0
SPY190807C285,2019-08-05,2019-08-05 09:41:17,4.33,0.9643,5,4.27,0.951,5,4.29,0.9554,20,4.3,0.9576,78,0
SPY190807C285,2019-08-05,2019-08-05 09:41:18,4.28,0.9532,72,4.18,0.9309,60,4.29,0.9554,20,4.23,0.942,78,0
SPY190807C285,2019-08-05,2019-08-05 09:41:19,4.3,0.9576,183,4.23,0.942,5,4.29,0.9554,20,4.265,0.9498,78,0
SPY190807C285,2019-08-05,2019-08-05 09:41:19,4.3,0.9576,100,4.23,0.942,5,4.29,0.9554,20,4.265,0.9498,78,0
SPY190807C285,2019-08-05,2019-08-05 09:41:20,4.28,0.9532,77,4.23,0.942,100,4.29,0.9554,20,4.255,0.9476,78,0
SPY190807C285,2019-08-05,2019-08-05 09:41:20,4.28,0.9532,18,4.23,0.942,5,4.29,0.9554,20,4.255,0.9476,78,0
SPY190807C285,2019-08-05,2019-08-05 09:41:21,4.28,0.9532,77,4.23,0.942,100,4.29,0.9554,20,4.255,0.9476,78,0
SPY190807C285,2019-08-05,2019-08-05 09:41:22,4.28,0.9532,77,4.23,0.942,100,4.29,0.9554,20,4.255,0.9476,78,0
SPY190807C285,2019-08-05,2019-08-05 09:41:22,4.32,0.9621,183,4.24,0.9443,188,4.29,0.9554,20,4.28,0.9532,78,0
SPY190807C285,2019-08-05,2019-08-05 09:41:23,4.32,0.9621,100,4.25,0.9465,5,4.29,0.9554,20,4.285,0.9543,78,0
SPY190807C285,2019-08-05,2019-08-05 09:41:23,4.31,0.9599,5,4.25,0.9465,5,4.29,0.9554,20,4.28,0.9532,78,0
SPY190807C285,2019-08-05,2019-08-05 09:41:24,4.31,0.9599,118,4.25,0.9465,99,4.29,0.9554,20,4.28,0.9532,78,0
SPY190807C285,2019-08-05,2019-08-05 09:41:24,4.32,0.9621,118,4.25,0.9465,183,4.29,0.9554,20,4.285,0.9543,78,0
SPY190807C285,2019-08-05,2019-08-05 09:41:25,4.31,0.9599,118,4.25,0.9465,100,4.29,0.9554,20,4.28,0.9532,78,0
SPY190807C285,2019-08-05,2019-08-05 09:41:25,4.31,0.9599,118,4.26,0.9487,5,4.29,0.9554,20,4.285,0.9543,78,0
SPY190807C285,2019-08-05,2019-08-05 09:41:26,4.31,0.9599,100,4.26,0.9487,5,4.29,0.9554,20,4.285,0.9543,78,0
SPY190807C285,2019-08-05,2019-08-05 09:41:26,4.31,0.9599,109,4.27,0.951,5,4.31,0.9599,2,4.29,0.9554,80,2
SPY190807C285,2019-08-05,2019-08-05 09:41:27,4.34,0.9665,5,4.27,0.951,100,4.31,0.9599,2,4.305,0.9587,80,0
SPY190807C285,2019-08-05,2019-08-05 09:41:27,4.34,0.9665,88,4.28,0.9532,5,4.31,0.9599,2,4.31,0.9599,80,0
SPY190807C285,2019-08-05,2019-08-05 09:41:28,4.35,0.9688,5,4.28,0.9532,5,4.31,0.9599,2,4.315,0.961,80,0
SPY190807C285,2019-08-05,2019-08-05 09:41:28,4.33,0.9643,118,4.28,0.9532,5,4.31,0.9599,2,4.305,0.9587,80,0
SPY190807C285,2019-08-05,2019-08-05 09:41:29,4.33,0.9643,118,4.28,0.9532,100,4.31,0.9599,2,4.305,0.9587,80,0
SPY190807C285,2019-08-05,2019-08-05 09:41:29,4.36,0.971,100,4.28,0.9532,100,4.31,0.9599,2,4.32,0.9621,80,0
SPY190807C285,2019-08-05,2019-08-05 09:41:30,4.38,0.9755,100,4.29,0.9554,15,4.31,0.9599,2,4.335,0.9654,80,0
SPY190807C285,2019-08-05,2019-08-05 09:41:30,4.35,0.9688,5,4.3,0.9576,5,4.31,0.9599,2,4.325,0.9632,80,0
SPY190807C285,2019-08-05,2019-08-05 09:41:31,4.36,0.971,205,4.3,0.9576,5,4.31,0.9599,2,4.33,0.9643,80,0
SPY190807C285,2019-08-05,2019-08-05 09:41:31,4.36,0.971,5,4.29,0.9554,136,4.31,0.9599,2,4.325,0.9632,80,0
SPY190807C285,2019-08-05,2019-08-05 09:41:32,4.36,0.971,100,4.3,0.9576,5,4.31,0.9599,2,4.33,0.9643,80,0
SPY190807C285,2019-08-05,2019-08-05 09:41:32,4.34,0.9665,70,4.29,0.9554,5,4.31,0.9599,2,4.315,0.961,80,0
SPY190807C285,2019-08-05,2019-08-05 09:41:33,4.36,0.971,5,4.31,0.9599,5,4.31,0.9599,2,4.335,0.9654,80,0
SPY190807C285,2019-08-05,2019-08-05 09:41:33,4.36,0.971,5,4.3,0.9576,101,4.31,0.9599,2,4.33,0.9643,80,0
SPY190807C285,2019-08-05,2019-08-05 09:41:34,4.35,0.9688,87,4.3,0.9576,100,4.31,0.9599,2,4.325,0.9632,80,0
SPY190807C285,2019-08-05,2019-08-05 09:41:34,4.35,0.9688,87,4.31,0.9599,5,4.31,0.9599,2,4.33,0.9643,80,0
SPY190807C285,2019-08-05,2019-08-05 09:41:35,4.35,0.9688,18,4.29,0.9554,136,4.31,0.9599,2,4.32,0.9621,80,0
SPY190807C285,2019-08-05,2019-08-05 09:41:35,4.35,0.9688,50,4.28,0.9532,100,4.31,0.9599,2,4.315,0.961,80,0
SPY190807C285,2019-08-05,2019-08-05 09:41:36,4.34,0.9665,5,4.29,0.9554,5,4.31,0.9599,2,4.315,0.961,80,0
SPY190807C285,2019-08-05,2019-08-05 09:41:36,4.36,0.971,181,4.28,0.9532,5,4.31,0.9599,2,4.32,0.9621,80,0
SPY190807C285,2019-08-05,2019-08-05 09:41:37,4.35,0.9688,181,4.29,0.9554,5,4.31,0.9599,2,4.32,0.9621,80,0
SPY190807C285,2019-08-05,2019-08-05 09:41:38,4.32,0.9621,5,4.19,0.9331,611,4.33,0.9643,1,4.255,0.9476,81,1
SPY190807C285,2019-08-05,2019-08-05 09:41:38,4.34,0.9665,181,4.26,0.9487,20,4.31,0.9599,2,4.3,0.9576,80,0
SPY190807C285,2019-08-05,2019-08-05 09:41:39,4.33,0.9643,5,4.26,0.9487,191,4.33,0.9643,1,4.295,0.9565,81,0
SPY190807C285,2019-08-05,2019-08-05 09:41:39,4.32,0.9621,118,4.26,0.9487,5,4.33,0.9643,1,4.29,0.9554,81,0
SPY190807C285,2019-08-05,2019-08-05 09:41:40,4.34,0.9665,100,4.27,0.951,5,4.33,0.9643,1,4.305,0.9587,81,0
SPY190807C285,2019-08-05,2019-08-05 09:41:41,4.32,0.9621,67,4.27,0.951,96,4.33,0.9643,1,4.295,0.9565,81,0
SPY190807C285,2019-08-05,2019-08-05 09:41:41,4.33,0.9643,118,4.27,0.951,100,4.33,0.9643,1,4.3,0.9576,81,0
SPY190807C285,2019-08-05,2019-08-05 09:41:42,4.33,0.9643,5,4.26,0.9487,181,4.33,0.9643,1,4.295,0.9565,81,0
SPY190807C285,2019-08-05,2019-08-05 09:41:42,4.33,0.9643,5,4.27,0.951,10,4.33,0.9643,1,4.3,0.9576,81,0
SPY190807C285,2019-08-05,2019-08-05 09:41:43,4.32,0.9621,100,4.25,0.9465,5,4.33,0.9643,1,4.285,0.9543,81,0
SPY190807C285,2019-08-05,2019-08-05 09:41:43,4.33,0.9643,5,4.25,0.9465,100,4.33,0.9643,1,4.29,0.9554,81,0
SPY190807C285,2019-08-05,2019-08-05 09:41:44,4.32,0.9621,118,4.26,0.9487,5,4.33,0.9643,1,4.29,0.9554,81,0
SPY190807C285,2019-08-05,2019-08-05 09:41:44,4.32,0.9621,118,4.24,0.9443,181,4.33,0.9643,1,4.28,0.9532,81,0
SPY190807C285,2019-08-05,2019-08-05 09:41:45,4.32,0.9621,118,4.26,0.9487,8,4.33,0.9643,1,4.29,0.9554,81,0
SPY190807C285,2019-08-05,2019-08-05 09:41:45,4.32,0.9621,203,4.26,0.9487,8,4.33,0.9643,1,4.29,0.9554,81,0
SPY190807C285,2019-08-05,2019-08-05 09:41:46,4.31,0.9599,203,4.26,0.9487,100,4.33,0.9643,1,4.285,0.9543,81,0
SPY190807C285,2019-08-05,2019-08-05 09:41:46,4.3,0.9576,118,4.23,0.942,100,4.33,0.9643,1,4.265,0.9498,81,0
SPY190807C285,2019-08-05,2019-08-05 09:41:47,4.28,0.9532,14,4.21,0.9376,2,4.33,0.9643,1,4.245,0.9454,81,0
SPY190807C285,2019-08-05,2019-08-05 09:41:47,4.3,0.9576,181,4.23,0.942,5,4.33,0.9643,1,4.265,0.9498,81,0
SPY190807C285,2019-08-05,2019-08-05 09:41:48,4.28,0.9532,5,4.22,0.9398,189,4.33,0.9643,1,4.25,0.9465,81,0
SPY190807C285,2019-08-05,2019-08-05 09:41:48,4.29,0.9554,118,4.22,0.9398,100,4.33,0.9643,1,4.255,0.9476,81,0
SPY190807C285,2019-08-05,2019-08-05 09:41:49,4.28,0.9532,1,4.22,0.9398,100,4.33,0.9643,1,4.25,0.9465,81,0
SPY190807C285,2019-08-05,2019-08-05 09:41:49,4.29,0.9554,18,4.16,0.9265,5,4.33,0.9643,1,4.225,0.9409,81,0
SPY190807C285,2019-08-05,2019-08-05 09:41:50,4.27,0.951,18,4.22,0.9398,73,4.33,0.9643,1,4.245,0.9454,81,0
SPY190807C285,2019-08-05,2019-08-05 09:41:50,4.26,0.9487,18,4.2,0.9354,88,4.33,0.9643,1,4.23,0.942,81,0
SPY190807C285,2019-08-05,2019-08-05 09:41:51,4.26,0.9487,18,4.19,0.9331,183,4.33,0.9643,1,4.225,0.9409,81,0
SPY190807C285,2019-08-05,2019-08-05 09:41:51,4.24,0.9443,94,4.19,0.9331,183,4.33,0.9643,1,4.215,0.9387,81,0
SPY190807C285,2019-08-05,2019-08-05 09:41:52,4.22,0.9398,100,4.14,0.922,100,4.33,0.9643,1,4.18,0.9309,81,0
SPY190807C285,2019-08-05,2019-08-05 09:41:52,4.24,0.9443,94,4.19,0.9331,183,4.33,0.9643,1,4.215,0.9387,81,0
SPY190807C285,2019-08-05,2019-08-05 09:41:53,4.21,0.9376,73,4.14,0.922,188,4.33,0.9643,1,4.175,0.9298,81,0
SPY190807C285,2019-08-05,2019-08-05 09:41:53,4.21,0.9376,65,4.16,0.9265,63,4.33,0.9643,1,4.185,0.932,81,0
SPY190807C285,2019-08-05,2019-08-05 09:41:54,4.19,0.9331,18,4.15,0.9242,80,4.33,0.9643,1,4.17,0.9287,81,0
SPY190807C285,2019-08-05,2019-08-05 09:41:54,4.2,0.9354,53,4.14,0.922,183,4.33,0.9643,1,4.17,0.9287,81,0
SPY190807C285,2019-08-05,2019-08-05 09:41:55,4.23,0.942,100,4.14,0.922,183,4.33,0.9643,1,4.185,0.932,81,0
SPY190807C285,2019-08-05,2019-08-05 09:41:55,4.19,0.9331,18,4.16,0.9265,100,4.33,0.9643,1,4.175,0.9298,81,0
SPY190807C285,2019-08-05,2019-08-05 09:41:56,4.21,0.9376,118,4.11,0.9153,83,4.33,0.9643,1,4.16,0.9265,81,0
SPY190807C285,2019-08-05,2019-08-05 09:41:56,4.2,0.9354,117,4.11,0.9153,83,4.33,0.9643,1,4.155,0.9253,81,0
SPY190807C285,2019-08-05,2019-08-05 09:41:57,4.22,0.9398,5,4.17,0.9287,5,4.33,0.9643,1,4.195,0.9342,81,0
SPY190807C285,2019-08-05,2019-08-05 09:41:57,4.2,0.9354,117,4.15,0.9242,100,4.33,0.9643,1,4.175,0.9298,81,0
SPY190807C285,2019-08-05,2019-08-05 09:41:58,4.21,0.9376,101,4.17,0.9287,93,4.33,0.9643,1,4.19,0.9331,81,0
SPY190807C285,2019-08-05,2019-08-05 09:41:58,4.22,0.9398,5,4.18,0.9309,5,4.33,0.9643,1,4.2,0.9354,81,0
SPY190807C285,2019-08-05,2019-08-05 09:41:59,4.21,0.9376,101,4.17,0.9287,93,4.33,0.9643,1,4.19,0.9331,81,0
SPY190807C285,2019-08-05,2019-08-05 09:41:59,4.21,0.9376,101,4.18,0.9309,5,4.33,0.9643,1,4.195,0.9342,81,0
SPY190807C285,2019-08-05,2019-08-05 09:42:00,4.2,0.9354,91,4.18,0.9309,5,4.33,0.9643,1,4.19,0.9331,81,0
SPY190807C285,2019-08-05,2019-08-05 09:42:00,4.2,0.9354,64,4.18,0.9309,5,4.33,0.9643,1,4.19,0.9331,81,0
SPY190807C285,2019-08-05,2019-08-05 09:42:01,4.2,0.9354,91,4.18,0.9309,5,4.33,0.9643,1,4.19,0.9331,81,0
SPY190807C285,2019-08-05,2019-08-05 09:42:02,4.2,0.9354,5,4.18,0.9309,5,4.33,0.9643,1,4.19,0.9331,81,0
SPY190807C285,2019-08-05,2019-08-05 09:42:02,4.2,0.9354,74,4.18,0.9309,5,4.33,0.9643,1,4.19,0.9331,81,0
SPY190807C285,2019-08-05,2019-08-05 09:42:03,4.19,0.9331,14,4.15,0.9242,100,4.33,0.9643,1,4.17,0.9287,81,0
SPY190807C285,2019-08-05,2019-08-05 09:42:03,4.19,0.9331,14,4.15,0.9242,5,4.33,0.9643,1,4.17,0.9287,81,0
SPY190807C285,2019-08-05,2019-08-05 09:42:04,4.19,0.9331,14,4.15,0.9242,100,4.33,0.9643,1,4.17,0.9287,81,0
SPY190807C285,2019-08-05,2019-08-05 09:42:04,4.22,0.9398,100,4.15,0.9242,5,4.33,0.9643,1,4.185,0.932,81,0
SPY190807C285,2019-08-05,2019-08-05 09:42:05,4.21,0.9376,5,4.14,0.922,5,4.33,0.9643,1,4.175,0.9298,81,0
SPY190807C285,2019-08-05,2019-08-05 09:42:06,4.19,0.9331,118,4.14,0.922,5,4.33,0.9643,1,4.165,0.9276,81,0
SPY190807C285,2019-08-05,2019-08-05 09:42:06,4.18,0.9309,14,4.08,0.9086,136,4.33,0.9643,1,4.13,0.9198,81,0
SPY190807C285,2019-08-05,2019-08-05 09:42:07,4.18,0.9309,5,4.14,0.922,5,4.33,0.9643,1,4.16,0.9265,81,0
SPY190807C285,2019-08-05,2019-08-05 09:42:07,4.21,0.9376,183,4.13,0.9198,189,4.33,0.9643,1,4.17,0.9287,81,0
SPY190807C285,2019-08-05,2019-08-05 09:42:08,4.2,0.9354,118,4.14,0.922,84,4.33,0.9643,1,4.17,0.9287,81,0
SPY190807C285,2019-08-05,2019-08-05 09:42:08,4.19,0.9331,118,4.14,0.922,113,4.33,0.9643,1,4.165,0.9276,81,0
SPY190807C285,2019-08-05,2019-08-05 09:42:09,4.21,0.9376,118,4.15,0.9242,113,4.33,0.9643,1,4.18,0.9309,81,0
SPY190807C285,2019-08-05,2019-08-05 09:42:09,4.21,0.9376,1,4.16,0.9265,30,4.33,0.9643,1,4.185,0.932,81,0
SPY190807C285,2019-08-05,2019-08-05 09:42:10,4.19,0.9331,5,4.14,0.922,5,4.33,0.9643,1,4.165,0.9276,81,0
SPY190807C285,2019-08-05,2019-08-05 09:42:11,4.19,0.9331,22,4.13,0.9198,183,4.33,0.9643,1,4.16,0.9265,81,0
SPY190807C285,2019-08-05,2019-08-05 09:42:11,4.17,0.9287,5,4.13,0.9198,4,4.33,0.9643,1,4.15,0.9242,81,0
SPY190807C285,2019-08-05,2019-08-05 09:42:12,4.16,0.9265,5,4.11,0.9153,60,4.33,0.9643,1,4.135,0.9209,81,0
SPY190807C285,2019-08-05,2019-08-05 09:42:13,4.18,0.9309,188,4.11,0.9153,5,4.33,0.9643,1,4.145,0.9231,81,0
SPY190807C285,2019-08-05,2019-08-05 09:42:13,4.2,0.9354,183,4.12,0.9175,5,4.33,0.9643,1,4.16,0.9265,81,0
SPY190807C285,2019-08-05,2019-08-05 09:42:14,4.18,0.9309,183,4.11,0.9153,61,4.33,0.9643,1,4.145,0.9231,81,0
SPY190807C285,2019-08-05,2019-08-05 09:42:14,4.18,0.9309,5,4.11,0.9153,4,4.33,0.9643,1,4.145,0.9231,81,0
SPY190807C285,2019-08-05,2019-08-05 09:42:15,4.15,0.9242,103,4.11,0.9153,61,4.33,0.9643,1,4.13,0.9198,81,0
SPY190807C285,2019-08-05,2019-08-05 09:42:15,4.17,0.9287,118,4.11,0.9153,61,4.33,0.9643,1,4.14,0.922,81,0
SPY190807C285,2019-08-05,2019-08-05 09:42:16,4.14,0.922,9,4.11,0.9153,46,4.33,0.9643,1,4.125,0.9187,81,0
SPY190807C285,2019-08-05,2019-08-05 09:42:16,4.14,0.922,51,4.1,0.9131,84,4.33,0.9643,1,4.12,0.9175,81,0
SPY190807C285,2019-08-05,2019-08-05 09:42:17,4.15,0.9242,118,4.11,0.9153,15,4.33,0.9643,1,4.13,0.9198,81,0
SPY190807C285,2019-08-05,2019-08-05 09:42:18,4.15,0.9242,5,4.11,0.9153,96,4.14,0.922,1,4.13,0.9198,82,1
SPY190807C285,2019-08-05,2019-08-05 09:42:18,4.15,0.9242,74,4.1,0.9131,119,4.14,0.922,1,4.125,0.9187,82,0
SPY190807C285,2019-08-05,2019-08-05 09:42:19,4.15,0.9242,97,4.11,0.9153,59,4.14,0.922,1,4.13,0.9198,82,0
SPY190807C285,2019-08-05,2019-08-05 09:42:19,4.15,0.9242,97,4.12,0.9175,23,4.14,0.922,1,4.135,0.9209,82,0
SPY190807C285,2019-08-05,2019-08-05 09:42:20,4.19,0.9331,100,4.12,0.9175,23,4.14,0.922,1,4.155,0.9253,82,0
SPY190807C285,2019-08-05,2019-08-05 09:42:21,4.19,0.9331,59,4.14,0.922,93,4.14,0.922,1,4.165,0.9276,82,0
SPY190807C285,2019-08-05,2019-08-05 09:42:21,4.23,0.942,150,4.14,0.922,5,4.14,0.922,1,4.185,0.932,82,0
SPY190807C285,2019-08-05,2019-08-05 09:42:22,4.2,0.9354,100,4.12,0.9175,100,4.14,0.922,1,4.16,0.9265,82,0
SPY190807C285,2019-08-05,2019-08-05 09:42:22,4.19,0.9331,118,4.12,0.9175,188,4.14,0.922,1,4.155,0.9253,82,0
SPY190807C285,2019-08-05,2019-08-05 09:42:23,4.18,0.9309,5,4.14,0.922,5,4.14,0.922,1,4.16,0.9265,82,0
SPY190807C285,2019-08-05,2019-08-05 09:42:23,4.19,0.9331,5,4.15,0.9242,70,4.14,0.922,1,4.17,0.9287,82,0
SPY190807C285,2019-08-05,2019-08-05 09:42:24,4.21,0.9376,118,4.15,0.9242,3,4.14,0.922,1,4.18,0.9309,82,0
SPY190807C285,2019-08-05,2019-08-05 09:42:24,4.22,0.9398,88,4.15,0.9242,203,4.14,0.922,1,4.185,0.932,82,0
SPY190807C285,2019-08-05,2019-08-05 09:42:25,4.21,0.9376,118,4.17,0.9287,23,4.14,0.922,1,4.19,0.9331,82,0
SPY190807C285,2019-08-05,2019-08-05 09:42:25,4.22,0.9398,5,4.16,0.9265,5,4.14,0.922,1,4.19,0.9331,82,0
SPY190807C285,2019-08-05,2019-08-05 09:42:26,4.2,0.9354,9,4.17,0.9287,74,4.14,0.922,1,4.185,0.932,82,0
SPY190807C285,2019-08-05,2019-08-05 09:42:26,4.21,0.9376,109,4.17,0.9287,23,4.14,0.922,1,4.19,0.9331,82,0
SPY190807C285,2019-08-05,2019-08-05 09:42:27,4.24,0.9443,5,4.18,0.9309,5,4.14,0.922,1,4.21,0.9376,82,0
SPY190807C285,2019-08-05,2019-08-05 09:42:27,4.2,0.9354,9,4.17,0.9287,74,4.14,0.922,1,4.185,0.932,82,0
SPY190807C285,2019-08-05,2019-08-05 09:42:28,4.24,0.9443,118,4.16,0.9265,100,4.14,0.922,1,4.2,0.9354,82,0
SPY190807C285,2019-08-05,2019-08-05 09:42:28,4.22,0.9398,192,4.16,0.9265,69,4.14,0.922,1,4.19,0.9331,82,0
SPY190807C285,2019-08-05,2019-08-05 09:42:29,4.22,0.9398,188,4.14,0.922,5,4.14,0.922,1,4.18,0.9309,82,0
SPY190807C285,2019-08-05,2019-08-05 09:42:29,4.2,0.9354,118,4.15,0.9242,119,4.14,0.922,1,4.175,0.9298,82,0
SPY190807C285,2019-08-05,2019-08-05 09:42:30,4.2,0.9354,56,4.16,0.9265,5,4.14,0.922,1,4.18,0.9309,82,0
SPY190807C285,2019-08-05,2019-08-05 09:42:30,4.2,0.9354,118,4.15,0.9242,119,4.14,0.922,1,4.175,0.9298,82,0
SPY190807C285,2019-08-05,2019-08-05 09:42:31,4.28,0.9532,464,4.16,0.9265,3,4.14,0.922,1,4.22,0.9398,82,0
SPY190807C285,2019-08-05,2019-08-05 09:42:31,4.25,0.9465,183,4.17,0.9287,183,4.14,0.922,1,4.21,0.9376,82,0
SPY190807C285,2019-08-05,2019-08-05 09:42:32,4.23,0.942,5,4.17,0.9287,5,4.14,0.922,1,4.2,0.9354,82,0
SPY190807C285,2019-08-05,2019-08-05 09:42:32,4.22,0.9398,183,4.15,0.9242,5,4.14,0.922,1,4.185,0.932,82,0
SPY190807C285,2019-08-05,2019-08-05 09:42:33,4.21,0.9376,22,4.16,0.9265,119,4.14,0.922,1,4.185,0.932,82,0
SPY190807C285,2019-08-05,2019-08-05 09:42:33,4.22,0.9398,100,4.16,0.9265,116,4.14,0.922,1,4.19,0.9331,82,0
SPY190807C285,2019-08-05,2019-08-05 09:42:34,4.21,0.9376,86,4.17,0.9287,99,4.14,0.922,1,4.19,0.9331,82,0
SPY190807C285,2019-08-05,2019-08-05 09:42:35,4.2,0.9354,72,4.16,0.9265,42,4.14,0.922,1,4.18,0.9309,82,0
SPY190807C285,2019-08-05,2019-08-05 09:42:35,4.21,0.9376,86,4.16,0.9265,5,4.14,0.922,1,4.185,0.932,82,0
SPY190807C285,2019-08-05,2019-08-05 09:42:36,4.2,0.9354,183,4.12,0.9175,183,4.14,0.922,1,4.16,0.9265,82,0
SPY190807C285,2019-08-05,2019-08-05 09:42:36,4.19,0.9331,5,4.13,0.9198,5,4.14,0.922,1,4.16,0.9265,82,0
SPY190807C285,2019-08-05,2019-08-05 09:42:37,4.17,0.9287,118,4.12,0.9175,117,4.14,0.922,1,4.145,0.9231,82,0
SPY190807C285,2019-08-05,2019-08-05 09:42:37,4.19,0.9331,100,4.11,0.9153,100,4.14,0.922,1,4.15,0.9242,82,0
SPY190807C285,2019-08-05,2019-08-05 09:42:38,4.17,0.9287,118,4.12,0.9175,117,4.14,0.922,1,4.145,0.9231,82,0
SPY190807C285,2019-08-05,2019-08-05 09:42:38,4.17,0.9287,118,4.12,0.9175,122,4.14,0.922,1,4.145,0.9231,82,0
SPY190807C285,2019-08-05,2019-08-05 09:42:39,4.16,0.9265,65,4.13,0.9198,24,4.14,0.922,1,4.145,0.9231,82,0
SPY190807C285,2019-08-05,2019-08-05 09:42:39,4.15,0.9242,59,4.11,0.9153,19,4.14,0.922,1,4.13,0.9198,82,0
SPY190807C285,2019-08-05,2019-08-05 09:42:40,4.17,0.9287,118,4.13,0.9198,24,4.14,0.922,1,4.15,0.9242,82,0
SPY190807C285,2019-08-05,2019-08-05 09:42:40,4.16,0.9265,65,4.13,0.9198,24,4.14,0.922,1,4.145,0.9231,82,0
SPY190807C285,2019-08-05,2019-08-05 09:42:41,4.17,0.9287,118,4.13,0.9198,19,4.14,0.922,1,4.15,0.9242,82,0
SPY190807C285,2019-08-05,2019-08-05 09:42:42,4.17,0.9287,118,4.13,0.9198,19,4.14,0.922,1,4.15,0.9242,82,0
SPY190807C285,2019-08-05,2019-08-05 09:42:42,4.17,0.9287,118,4.12,0.9175,111,4.14,0.922,1,4.145,0.9231,82,0
SPY190807C285,2019-08-05,2019-08-05 09:42:43,4.2,0.9354,100,4.13,0.9198,100,4.14,0.922,1,4.165,0.9276,82,0
SPY190807C285,2019-08-05,2019-08-05 09:42:43,4.17,0.9287,50,4.13,0.9198,8,4.14,0.922,1,4.15,0.9242,82,0
SPY190807C285,2019-08-05,2019-08-05 09:42:44,4.19,0.9331,100,4.13,0.9198,188,4.14,0.922,1,4.16,0.9265,82,0
SPY190807C285,2019-08-05,2019-08-05 09:42:44,4.2,0.9354,183,4.13,0.9198,188,4.14,0.922,1,4.165,0.9276,82,0
SPY190807C285,2019-08-05,2019-08-05 09:42:45,4.21,0.9376,183,4.14,0.922,87,4.14,0.922,1,4.175,0.9298,82,0
SPY190807C285,2019-08-05,2019-08-05 09:42:45,4.18,0.9309,78,4.15,0.9242,19,4.14,0.922,1,4.165,0.9276,82,0
SPY190807C285,2019-08-05,2019-08-05 09:42:46,4.18,0.9309,5,4.12,0.9175,100,4.14,0.922,1,4.15,0.9242,82,0
SPY190807C285,2019-08-05,2019-08-05 09:42:46,4.2,0.9354,118,4.12,0.9175,100,4.14,0.922,1,4.16,0.9265,82,0
SPY190807C285,2019-08-05,2019-08-05 09:42:47,4.2,0.9354,118,4.16,0.9265,24,4.14,0.922,1,4.18,0.9309,82,0
SPY190807C285,2019-08-05,2019-08-05 09:42:47,4.19,0.9331,79,4.16,0.9265,24,4.14,0.922,1,4.175,0.9298,82,0
SPY190807C285,2019-08-05,2019-08-05 09:42:48,4.21,0.9376,100,4.13,0.9198,5,4.14,0.922,1,4.17,0.9287,82,0
SPY190807C285,2019-08-05,2019-08-05 09:42:48,4.18,0.9309,118,4.12,0.9175,8,4.14,0.922,1,4.15,0.9242,82,0
SPY190807C285,2019-08-05,2019-08-05 09:42:49,4.19,0.9331,188,4.11,0.9153,198,4.14,0.922,1,4.15,0.9242,82,0
SPY190807C285,2019-08-05,2019-08-05 09:42:49,4.17,0.9287,5,4.12,0.9175,183,4.14,0.922,1,4.145,0.9231,82,0
SPY190807C285,2019-08-05,2019-08-05 09:42:50,4.17,0.9287,73,4.12,0.9175,85,4.14,0.922,1,4.145,0.9231,82,0
SPY190807C285,2019-08-05,2019-08-05 09:42:50,4.16,0.9265,5,4.11,0.9153,96,4.14,0.922,1,4.135,0.9209,82,0
SPY190807C285,2019-08-05,2019-08-05 09:42:51,4.16,0.9265,100,4.1,0.9131,100,4.14,0.922,1,4.13,0.9198,82,0
SPY190807C285,2019-08-05,2019-08-05 09:42:51,4.14,0.922,105,4.09,0.9109,119,4.14,0.922,1,4.115,0.9164,82,0
SPY190807C285,2019-08-05,2019-08-05 09:42:52,4.14,0.922,105,4.09,0.9109,119,4.14,0.922,1,4.115,0.9164,82,0
SPY190807C285,2019-08-05,2019-08-05 09:42:53,4.12,0.9175,97,4.08,0.9086,5,4.14,0.922,1,4.1,0.9131,82,0
SPY190807C285,2019-08-05,2019-08-05 09:42:53,4.12,0.9175,14,4.08,0.9086,5,4.14,0.922,1,4.1,0.9131,82,0
SPY190807C285,2019-08-05,2019-08-05 09:42:54,4.12,0.9175,97,4.08,0.9086,37,4.14,0.922,1,4.1,0.9131,82,0
SPY190807C285,2019-08-05,2019-08-05 09:42:54,4.12,0.9175,97,4.08,0.9086,22,4.14,0.922,1,4.1,0.9131,82,0
SPY190807C285,2019-08-05,2019-08-05 09:42:55,4.11,0.9153,61,4.07,0.9064,198,4.14,0.922,1,4.09,0.9109,82,0
SPY190807C285,2019-08-05,2019-08-05 09:42:55,4.11,0.9153,14,4.07,0.9064,100,4.14,0.922,1,4.09,0.9109,82,0
SPY190807C285,2019-08-05,2019-08-05 09:42:56,4.11,0.9153,61,4.08,0.9086,23,4.14,0.922,1,4.095,0.912,82,0
SPY190807C285,2019-08-05,2019-08-05 09:42:56,4.16,0.9265,192,4.09,0.9109,19,4.14,0.922,1,4.125,0.9187,82,0
SPY190807C285,2019-08-05,2019-08-05 09:42:57,4.17,0.9287,18,4.02,0.8953,19,4.14,0.922,1,4.095,0.912,82,0
SPY190807C285,2019-08-05,2019-08-05 09:42:57,4.13,0.9198,183,4.05,0.902,183,4.14,0.922,1,4.09,0.9109,82,0
SPY190807C285,2019-08-05,2019-08-05 09:42:58,4.09,0.9109,69,4.06,0.9042,14,4.14,0.922,1,4.075,0.9075,82,0
SPY190807C285,2019-08-05,2019-08-05 09:42:58,4.11,0.9153,73,4.06,0.9042,19,4.14,0.922,1,4.085,0.9097,82,0
SPY190807C285,2019-08-05,2019-08-05 09:42:59,4.09,0.9109,95,4.06,0.9042,14,4.14,0.922,1,4.075,0.9075,82,0
SPY190807C285,2019-08-05,2019-08-05 09:42:59,4.09,0.9109,95,4.05,0.902,119,4.14,0.922,1,4.07,0.9064,82,0
SPY190807C285,2019-08-05,2019-08-05 09:43:00,4.12,0.9175,5,4.06,0.9042,72,4.14,0.922,1,4.09,0.9109,82,0
SPY190807C285,2019-08-05,2019-08-05 09:43:00,4.12,0.9175,5,4.06,0.9042,5,4.14,0.922,1,4.09,0.9109,82,0
SPY190807C285,2019-08-05,2019-08-05 09:43:01,4.11,0.9153,34,4.05,0.902,185,4.14,0.922,1,4.08,0.9086,82,0
SPY190807C285,2019-08-05,2019-08-05 09:43:01,4.14,0.922,100,4.05,0.902,185,4.14,0.922,1,4.095,0.912,82,0
SPY190807C285,2019-08-05,2019-08-05 09:43:02,4.11,0.9153,5,4.07,0.9064,4,4.14,0.922,1,4.09,0.9109,82,0
SPY190807C285,2019-08-05,2019-08-05 09:43:02,4.11,0.9153,66,4.06,0.9042,70,4.14,0.922,1,4.085,0.9097,82,0
SPY190807C285,2019-08-05,2019-08-05 09:43:03,4.11,0.9153,5,4.05,0.902,29,4.14,0.922,1,4.08,0.9086,82,0
SPY190807C285,2019-08-05,2019-08-05 09:43:03,4.11,0.9153,198,4.05,0.902,119,4.14,0.922,1,4.08,0.9086,82,0
SPY190807C285,2019-08-05,2019-08-05 09:43:04,4.09,0.9109,8,4.06,0.9042,5,4.14,0.922,1,4.075,0.9075,82,0
SPY190807C285,2019-08-05,2019-08-05 09:43:04,4.09,0.9109,8,4.05,0.902,119,4.14,0.922,1,4.07,0.9064,82,0
SPY190807C285,2019-08-05,2019-08-05 09:43:05,4.1,0.9131,98,4.06,0.9042,5,4.14,0.922,1,4.08,0.9086,82,0
SPY190807C285,2019-08-05,2019-08-05 09:43:05,4.1,0.9131,98,4.06,0.9042,79,4.14,0.922,1,4.08,0.9086,82,0
SPY190807C285,2019-08-05,2019-08-05 09:43:06,4.09,0.9109,48,4.06,0.9042,19,4.14,0.922,1,4.075,0.9075,82,0
SPY190807C285,2019-08-05,2019-08-05 09:43:07,4.09,0.9109,48,4.06,0.9042,85,4.14,0.922,1,4.075,0.9075,82,0
SPY190807C285,2019-08-05,2019-08-05 09:43:07,4.09,0.9109,48,4.06,0.9042,19,4.14,0.922,1,4.075,0.9075,82,0
SPY190807C285,2019-08-05,2019-08-05 09:43:08,4.12,0.9175,5,4.05,0.902,5,4.14,0.922,1,4.085,0.9097,82,0
SPY190807C285,2019-08-05,2019-08-05 09:43:08,4.1,0.9131,5,4.06,0.9042,5,4.14,0.922,1,4.08,0.9086,82,0
SPY190807C285,2019-08-05,2019-08-05 09:43:09,4.13,0.9198,199,4.06,0.9042,23,4.14,0.922,1,4.095,0.912,82,0
SPY190807C285,2019-08-05,2019-08-05 09:43:09,4.12,0.9175,185,4.06,0.9042,110,4.14,0.922,1,4.09,0.9109,82,0
