symbol,Date,quote_time,ask_price,norm_ask_price,ask_size,bid_price,norm_bid_price,bid_size,last_trade_price,norm_last_trade_price,last_trade_size,mark_price,norm_mark_price,volume,Volume
IWM190920C157,2019-09-18,2019-09-18 09:30:02,1.56,1.0,17,1.43,0.9166,17,1.5,0.9615,10,1.495,0.9583,10,10
IWM190920C157,2019-09-18,2019-09-18 09:30:02,1.55,0.9935,25,1.43,0.9166,17,1.5,0.9615,10,1.49,0.9551,10,0
IWM190920C157,2019-09-18,2019-09-18 09:30:03,1.54,0.9871,17,1.42,0.9102,25,1.5,0.9615,10,1.48,0.9487,10,0
IWM190920C157,2019-09-18,2019-09-18 09:30:03,1.54,0.9871,17,1.43,0.9166,17,1.5,0.9615,10,1.485,0.9519,10,0
IWM190920C157,2019-09-18,2019-09-18 09:30:04,1.57,1.0064,25,1.44,0.923,25,1.5,0.9615,10,1.505,0.9647,10,0
IWM190920C157,2019-09-18,2019-09-18 09:30:05,1.56,1.0,160,1.45,0.9294,160,1.5,0.9615,10,1.505,0.9647,10,0
IWM190920C157,2019-09-18,2019-09-18 09:30:05,1.57,1.0064,25,1.44,0.923,46,1.5,0.9615,10,1.505,0.9647,10,0
IWM190920C157,2019-09-18,2019-09-18 09:30:06,1.55,0.9935,160,1.44,0.923,160,1.5,0.9615,10,1.495,0.9583,10,0
IWM190920C157,2019-09-18,2019-09-18 09:30:06,1.56,1.0,160,1.45,0.9294,160,1.5,0.9615,10,1.505,0.9647,10,0
IWM190920C157,2019-09-18,2019-09-18 09:30:07,1.55,0.9935,160,1.44,0.923,160,1.5,0.9615,10,1.495,0.9583,10,0
IWM190920C157,2019-09-18,2019-09-18 09:30:08,1.55,0.9935,160,1.44,0.923,160,1.5,0.9615,10,1.495,0.9583,10,0
IWM190920C157,2019-09-18,2019-09-18 09:30:09,1.54,0.9871,250,1.45,0.9294,138,1.5,0.9615,10,1.495,0.9583,10,0
IWM190920C157,2019-09-18,2019-09-18 09:30:09,1.54,0.9871,137,1.46,0.9358,112,1.5,0.9615,10,1.5,0.9615,10,0
IWM190920C157,2019-09-18,2019-09-18 09:30:10,1.54,0.9871,301,1.46,0.9358,10,1.5,0.9615,10,1.5,0.9615,10,0
IWM190920C157,2019-09-18,2019-09-18 09:30:11,1.54,0.9871,162,1.46,0.9358,1,1.5,0.9615,10,1.5,0.9615,10,0
IWM190920C157,2019-09-18,2019-09-18 09:30:11,1.54,0.9871,162,1.45,0.9294,173,1.5,0.9615,10,1.495,0.9583,10,0
IWM190920C157,2019-09-18,2019-09-18 09:30:12,1.54,0.9871,162,1.46,0.9358,112,1.5,0.9615,10,1.5,0.9615,10,0
IWM190920C157,2019-09-18,2019-09-18 09:30:12,1.54,0.9871,162,1.45,0.9294,173,1.5,0.9615,10,1.495,0.9583,10,0
IWM190920C157,2019-09-18,2019-09-18 09:30:13,1.54,0.9871,165,1.46,0.9358,187,1.5,0.9615,10,1.5,0.9615,10,0
IWM190920C157,2019-09-18,2019-09-18 09:30:13,1.54,0.9871,112,1.45,0.9294,138,1.5,0.9615,10,1.495,0.9583,10,0
IWM190920C157,2019-09-18,2019-09-18 09:30:14,1.54,0.9871,131,1.45,0.9294,205,1.5,0.9615,10,1.495,0.9583,10,0
IWM190920C157,2019-09-18,2019-09-18 09:30:14,1.54,0.9871,124,1.46,0.9358,187,1.5,0.9615,10,1.5,0.9615,10,0
IWM190920C157,2019-09-18,2019-09-18 09:30:15,1.52,0.9743,175,1.45,0.9294,177,1.5,0.9615,10,1.485,0.9519,10,0
IWM190920C157,2019-09-18,2019-09-18 09:30:15,1.54,0.9871,220,1.46,0.9358,114,1.5,0.9615,10,1.5,0.9615,10,0
IWM190920C157,2019-09-18,2019-09-18 09:30:16,1.54,0.9871,24,1.47,0.9423,175,1.5,0.9615,10,1.505,0.9647,10,0
IWM190920C157,2019-09-18,2019-09-18 09:30:16,1.54,0.9871,235,1.46,0.9358,180,1.5,0.9615,10,1.5,0.9615,10,0
IWM190920C157,2019-09-18,2019-09-18 09:30:17,1.54,0.9871,24,1.47,0.9423,175,1.5,0.9615,10,1.505,0.9647,10,0
IWM190920C157,2019-09-18,2019-09-18 09:30:18,1.53,0.9807,147,1.45,0.9294,146,1.5,0.9615,10,1.49,0.9551,10,0
IWM190920C157,2019-09-18,2019-09-18 09:30:18,1.53,0.9807,350,1.45,0.9294,191,1.5,0.9615,10,1.49,0.9551,10,0
IWM190920C157,2019-09-18,2019-09-18 09:30:19,1.53,0.9807,377,1.45,0.9294,191,1.5,0.9615,10,1.49,0.9551,10,0
IWM190920C157,2019-09-18,2019-09-18 09:30:19,1.53,0.9807,350,1.45,0.9294,191,1.5,0.9615,10,1.49,0.9551,10,0
IWM190920C157,2019-09-18,2019-09-18 09:30:20,1.53,0.9807,382,1.45,0.9294,191,1.5,0.9615,10,1.49,0.9551,10,0
IWM190920C157,2019-09-18,2019-09-18 09:30:20,1.52,0.9743,14,1.44,0.923,217,1.5,0.9615,10,1.48,0.9487,10,0
IWM190920C157,2019-09-18,2019-09-18 09:30:21,1.52,0.9743,132,1.44,0.923,217,1.5,0.9615,10,1.48,0.9487,10,0
IWM190920C157,2019-09-18,2019-09-18 09:30:21,1.51,0.9679,126,1.43,0.9166,256,1.5,0.9615,10,1.47,0.9423,10,0
IWM190920C157,2019-09-18,2019-09-18 09:30:22,1.51,0.9679,36,1.43,0.9166,256,1.5,0.9615,10,1.47,0.9423,10,0
IWM190920C157,2019-09-18,2019-09-18 09:30:22,1.52,0.9743,120,1.44,0.923,183,1.5,0.9615,10,1.48,0.9487,10,0
IWM190920C157,2019-09-18,2019-09-18 09:30:23,1.51,0.9679,362,1.43,0.9166,188,1.5,0.9615,10,1.47,0.9423,10,0
IWM190920C157,2019-09-18,2019-09-18 09:30:23,1.5,0.9615,24,1.43,0.9166,119,1.5,0.9615,10,1.465,0.9391,10,0
IWM190920C157,2019-09-18,2019-09-18 09:30:24,1.48,0.9487,22,1.42,0.9102,30,1.5,0.9615,10,1.45,0.9294,10,0
IWM190920C157,2019-09-18,2019-09-18 09:30:25,1.48,0.9487,22,1.42,0.9102,30,1.5,0.9615,10,1.45,0.9294,10,0
IWM190920C157,2019-09-18,2019-09-18 09:30:25,1.47,0.9423,19,1.41,0.9038,28,1.5,0.9615,10,1.44,0.923,10,0
IWM190920C157,2019-09-18,2019-09-18 09:30:26,1.46,0.9358,19,1.4,0.8974,171,1.5,0.9615,10,1.43,0.9166,10,0
IWM190920C157,2019-09-18,2019-09-18 09:30:26,1.47,0.9423,21,1.4,0.8974,171,1.5,0.9615,10,1.435,0.9198,10,0
IWM190920C157,2019-09-18,2019-09-18 09:30:27,1.48,0.9487,19,1.43,0.9166,138,1.5,0.9615,10,1.455,0.9326,10,0
IWM190920C157,2019-09-18,2019-09-18 09:30:27,1.46,0.9358,19,1.41,0.9038,19,1.5,0.9615,10,1.435,0.9198,10,0
IWM190920C157,2019-09-18,2019-09-18 09:30:28,1.49,0.9551,19,1.43,0.9166,138,1.5,0.9615,10,1.46,0.9358,10,0
IWM190920C157,2019-09-18,2019-09-18 09:30:29,1.49,0.9551,19,1.43,0.9166,138,1.5,0.9615,10,1.46,0.9358,10,0
IWM190920C157,2019-09-18,2019-09-18 09:30:29,1.49,0.9551,23,1.44,0.923,19,1.5,0.9615,10,1.465,0.9391,10,0
IWM190920C157,2019-09-18,2019-09-18 09:30:30,1.49,0.9551,19,1.44,0.923,80,1.5,0.9615,10,1.465,0.9391,10,0
IWM190920C157,2019-09-18,2019-09-18 09:30:30,1.49,0.9551,19,1.44,0.923,19,1.5,0.9615,10,1.465,0.9391,10,0
IWM190920C157,2019-09-18,2019-09-18 09:30:31,1.49,0.9551,19,1.45,0.9294,54,1.5,0.9615,10,1.47,0.9423,10,0
IWM190920C157,2019-09-18,2019-09-18 09:30:31,1.49,0.9551,19,1.45,0.9294,73,1.5,0.9615,10,1.47,0.9423,10,0
IWM190920C157,2019-09-18,2019-09-18 09:30:32,1.49,0.9551,19,1.45,0.9294,73,1.5,0.9615,10,1.47,0.9423,10,0
IWM190920C157,2019-09-18,2019-09-18 09:30:33,1.5,0.9615,19,1.46,0.9358,19,1.5,0.9615,10,1.48,0.9487,10,0
IWM190920C157,2019-09-18,2019-09-18 09:30:33,1.49,0.9551,19,1.45,0.9294,73,1.5,0.9615,10,1.47,0.9423,10,0
IWM190920C157,2019-09-18,2019-09-18 09:30:34,1.49,0.9551,19,1.45,0.9294,26,1.5,0.9615,10,1.47,0.9423,10,0
IWM190920C157,2019-09-18,2019-09-18 09:30:34,1.5,0.9615,19,1.46,0.9358,19,1.5,0.9615,10,1.48,0.9487,10,0
IWM190920C157,2019-09-18,2019-09-18 09:30:35,1.48,0.9487,19,1.44,0.923,25,1.5,0.9615,10,1.46,0.9358,10,0
IWM190920C157,2019-09-18,2019-09-18 09:30:35,1.49,0.9551,19,1.45,0.9294,26,1.5,0.9615,10,1.47,0.9423,10,0
IWM190920C157,2019-09-18,2019-09-18 09:30:36,1.48,0.9487,133,1.44,0.923,25,1.5,0.9615,10,1.46,0.9358,10,0
IWM190920C157,2019-09-18,2019-09-18 09:30:37,1.48,0.9487,129,1.44,0.923,25,1.5,0.9615,10,1.46,0.9358,10,0
IWM190920C157,2019-09-18,2019-09-18 09:30:37,1.48,0.9487,19,1.44,0.923,25,1.5,0.9615,10,1.46,0.9358,10,0
IWM190920C157,2019-09-18,2019-09-18 09:30:38,1.48,0.9487,119,1.44,0.923,25,1.5,0.9615,10,1.46,0.9358,10,0
IWM190920C157,2019-09-18,2019-09-18 09:30:39,1.48,0.9487,19,1.44,0.923,25,1.5,0.9615,10,1.46,0.9358,10,0
IWM190920C157,2019-09-18,2019-09-18 09:30:39,1.48,0.9487,129,1.44,0.923,25,1.5,0.9615,10,1.46,0.9358,10,0
IWM190920C157,2019-09-18,2019-09-18 09:30:40,1.48,0.9487,119,1.44,0.923,25,1.5,0.9615,10,1.46,0.9358,10,0
IWM190920C157,2019-09-18,2019-09-18 09:30:41,1.48,0.9487,19,1.44,0.923,19,1.5,0.9615,10,1.46,0.9358,10,0
IWM190920C157,2019-09-18,2019-09-18 09:30:41,1.48,0.9487,90,1.44,0.923,19,1.5,0.9615,10,1.46,0.9358,10,0
IWM190920C157,2019-09-18,2019-09-18 09:30:42,1.48,0.9487,19,1.44,0.923,26,1.5,0.9615,10,1.46,0.9358,10,0
IWM190920C157,2019-09-18,2019-09-18 09:30:43,1.48,0.9487,19,1.44,0.923,26,1.5,0.9615,10,1.46,0.9358,10,0
IWM190920C157,2019-09-18,2019-09-18 09:30:44,1.48,0.9487,151,1.44,0.923,26,1.5,0.9615,10,1.46,0.9358,10,0
IWM190920C157,2019-09-18,2019-09-18 09:30:44,1.48,0.9487,123,1.44,0.923,26,1.5,0.9615,10,1.46,0.9358,10,0
IWM190920C157,2019-09-18,2019-09-18 09:30:45,1.48,0.9487,151,1.44,0.923,26,1.5,0.9615,10,1.46,0.9358,10,0
IWM190920C157,2019-09-18,2019-09-18 09:30:45,1.48,0.9487,161,1.44,0.923,26,1.5,0.9615,10,1.46,0.9358,10,0
IWM190920C157,2019-09-18,2019-09-18 09:30:46,1.48,0.9487,151,1.44,0.923,26,1.5,0.9615,10,1.46,0.9358,10,0
IWM190920C157,2019-09-18,2019-09-18 09:30:47,1.48,0.9487,157,1.43,0.9166,40,1.5,0.9615,10,1.455,0.9326,10,0
IWM190920C157,2019-09-18,2019-09-18 09:30:47,1.48,0.9487,151,1.44,0.923,26,1.5,0.9615,10,1.46,0.9358,10,0
IWM190920C157,2019-09-18,2019-09-18 09:30:48,1.48,0.9487,157,1.43,0.9166,40,1.5,0.9615,10,1.455,0.9326,10,0
IWM190920C157,2019-09-18,2019-09-18 09:30:49,1.48,0.9487,157,1.43,0.9166,40,1.5,0.9615,10,1.455,0.9326,10,0
IWM190920C157,2019-09-18,2019-09-18 09:30:50,1.49,0.9551,19,1.45,0.9294,45,1.5,0.9615,10,1.47,0.9423,10,0
IWM190920C157,2019-09-18,2019-09-18 09:30:50,1.48,0.9487,105,1.45,0.9294,30,1.5,0.9615,10,1.465,0.9391,10,0
IWM190920C157,2019-09-18,2019-09-18 09:30:51,1.49,0.9551,19,1.44,0.923,32,1.5,0.9615,10,1.465,0.9391,10,0
IWM190920C157,2019-09-18,2019-09-18 09:30:52,1.47,0.9423,19,1.44,0.923,56,1.5,0.9615,10,1.455,0.9326,10,0
IWM190920C157,2019-09-18,2019-09-18 09:30:52,1.48,0.9487,19,1.45,0.9294,11,1.5,0.9615,10,1.465,0.9391,10,0
IWM190920C157,2019-09-18,2019-09-18 09:30:53,1.47,0.9423,380,1.43,0.9166,45,1.5,0.9615,10,1.45,0.9294,10,0
IWM190920C157,2019-09-18,2019-09-18 09:30:53,1.47,0.9423,19,1.43,0.9166,28,1.5,0.9615,10,1.45,0.9294,10,0
IWM190920C157,2019-09-18,2019-09-18 09:30:54,1.46,0.9358,106,1.42,0.9102,45,1.5,0.9615,10,1.44,0.923,10,0
IWM190920C157,2019-09-18,2019-09-18 09:30:54,1.46,0.9358,19,1.42,0.9102,21,1.5,0.9615,10,1.44,0.923,10,0
IWM190920C157,2019-09-18,2019-09-18 09:30:55,1.48,0.9487,29,1.43,0.9166,57,1.5,0.9615,10,1.455,0.9326,10,0
IWM190920C157,2019-09-18,2019-09-18 09:30:55,1.48,0.9487,138,1.43,0.9166,67,1.5,0.9615,10,1.455,0.9326,10,0
IWM190920C157,2019-09-18,2019-09-18 09:30:56,1.47,0.9423,19,1.43,0.9166,47,1.5,0.9615,10,1.45,0.9294,10,0
IWM190920C157,2019-09-18,2019-09-18 09:30:56,1.48,0.9487,187,1.43,0.9166,57,1.5,0.9615,10,1.455,0.9326,10,0
IWM190920C157,2019-09-18,2019-09-18 09:30:57,1.47,0.9423,20,1.43,0.9166,37,1.5,0.9615,10,1.45,0.9294,10,0
IWM190920C157,2019-09-18,2019-09-18 09:30:58,1.47,0.9423,19,1.43,0.9166,31,1.5,0.9615,10,1.45,0.9294,10,0
IWM190920C157,2019-09-18,2019-09-18 09:30:58,1.47,0.9423,145,1.42,0.9102,29,1.5,0.9615,10,1.445,0.9262,10,0
IWM190920C157,2019-09-18,2019-09-18 09:30:59,1.44,0.923,19,1.42,0.9102,28,1.5,0.9615,10,1.43,0.9166,10,0
IWM190920C157,2019-09-18,2019-09-18 09:30:59,1.46,0.9358,19,1.42,0.9102,28,1.5,0.9615,10,1.44,0.923,10,0
IWM190920C157,2019-09-18,2019-09-18 09:31:00,1.44,0.923,30,1.39,0.891,25,1.5,0.9615,10,1.415,0.907,10,0
IWM190920C157,2019-09-18,2019-09-18 09:31:00,1.45,0.9294,19,1.4,0.8974,33,1.5,0.9615,10,1.425,0.9134,10,0
IWM190920C157,2019-09-18,2019-09-18 09:31:01,1.42,0.9102,19,1.38,0.8846,34,1.5,0.9615,10,1.4,0.8974,10,0
IWM190920C157,2019-09-18,2019-09-18 09:31:01,1.44,0.923,19,1.39,0.891,22,1.5,0.9615,10,1.415,0.907,10,0
IWM190920C157,2019-09-18,2019-09-18 09:31:02,1.43,0.9166,19,1.37,0.8782,4,1.5,0.9615,10,1.4,0.8974,10,0
IWM190920C157,2019-09-18,2019-09-18 09:31:02,1.4,0.8974,19,1.37,0.8782,4,1.5,0.9615,10,1.385,0.8878,10,0
IWM190920C157,2019-09-18,2019-09-18 09:31:03,1.42,0.9102,19,1.37,0.8782,30,1.5,0.9615,10,1.395,0.8942,10,0
IWM190920C157,2019-09-18,2019-09-18 09:31:03,1.4,0.8974,19,1.37,0.8782,30,1.5,0.9615,10,1.385,0.8878,10,0
IWM190920C157,2019-09-18,2019-09-18 09:31:04,1.41,0.9038,19,1.37,0.8782,30,1.5,0.9615,10,1.39,0.891,10,0
IWM190920C157,2019-09-18,2019-09-18 09:31:04,1.42,0.9102,19,1.37,0.8782,16,1.5,0.9615,10,1.395,0.8942,10,0
IWM190920C157,2019-09-18,2019-09-18 09:31:05,1.39,0.891,19,1.36,0.8717,21,1.5,0.9615,10,1.375,0.8814,10,0
IWM190920C157,2019-09-18,2019-09-18 09:31:05,1.41,0.9038,25,1.37,0.8782,16,1.5,0.9615,10,1.39,0.891,10,0
IWM190920C157,2019-09-18,2019-09-18 09:31:06,1.4,0.8974,19,1.35,0.8653,133,1.5,0.9615,10,1.375,0.8814,10,0
IWM190920C157,2019-09-18,2019-09-18 09:31:06,1.39,0.891,19,1.36,0.8717,20,1.5,0.9615,10,1.375,0.8814,10,0
IWM190920C157,2019-09-18,2019-09-18 09:31:07,1.38,0.8846,69,1.34,0.8589,174,1.5,0.9615,10,1.36,0.8717,10,0
IWM190920C157,2019-09-18,2019-09-18 09:31:07,1.4,0.8974,19,1.35,0.8653,21,1.5,0.9615,10,1.375,0.8814,10,0
IWM190920C157,2019-09-18,2019-09-18 09:31:08,1.38,0.8846,19,1.34,0.8589,10,1.5,0.9615,10,1.36,0.8717,10,0
IWM190920C157,2019-09-18,2019-09-18 09:31:08,1.38,0.8846,29,1.34,0.8589,20,1.5,0.9615,10,1.36,0.8717,10,0
IWM190920C157,2019-09-18,2019-09-18 09:31:09,1.38,0.8846,152,1.34,0.8589,20,1.5,0.9615,10,1.36,0.8717,10,0
IWM190920C157,2019-09-18,2019-09-18 09:31:10,1.37,0.8782,29,1.34,0.8589,20,1.5,0.9615,10,1.355,0.8685,10,0
IWM190920C157,2019-09-18,2019-09-18 09:31:11,1.37,0.8782,19,1.34,0.8589,30,1.5,0.9615,10,1.355,0.8685,10,0
IWM190920C157,2019-09-18,2019-09-18 09:31:12,1.37,0.8782,19,1.34,0.8589,30,1.5,0.9615,10,1.355,0.8685,10,0
IWM190920C157,2019-09-18,2019-09-18 09:31:13,1.37,0.8782,19,1.34,0.8589,51,1.5,0.9615,10,1.355,0.8685,10,0
IWM190920C157,2019-09-18,2019-09-18 09:31:13,1.38,0.8846,43,1.33,0.8525,123,1.5,0.9615,10,1.355,0.8685,10,0
IWM190920C157,2019-09-18,2019-09-18 09:31:14,1.39,0.891,19,1.34,0.8589,57,1.5,0.9615,10,1.365,0.875,10,0
IWM190920C157,2019-09-18,2019-09-18 09:31:14,1.38,0.8846,29,1.33,0.8525,38,1.5,0.9615,10,1.355,0.8685,10,0
IWM190920C157,2019-09-18,2019-09-18 09:31:15,1.4,0.8974,19,1.35,0.8653,47,1.5,0.9615,10,1.375,0.8814,10,0
IWM190920C157,2019-09-18,2019-09-18 09:31:16,1.39,0.891,29,1.35,0.8653,76,1.5,0.9615,10,1.37,0.8782,10,0
IWM190920C157,2019-09-18,2019-09-18 09:31:16,1.39,0.891,19,1.35,0.8653,22,1.5,0.9615,10,1.37,0.8782,10,0
IWM190920C157,2019-09-18,2019-09-18 09:31:17,1.38,0.8846,19,1.33,0.8525,60,1.5,0.9615,10,1.355,0.8685,10,0
IWM190920C157,2019-09-18,2019-09-18 09:31:17,1.38,0.8846,19,1.33,0.8525,112,1.5,0.9615,10,1.355,0.8685,10,0
IWM190920C157,2019-09-18,2019-09-18 09:31:18,1.38,0.8846,31,1.34,0.8589,29,1.5,0.9615,10,1.36,0.8717,10,0
IWM190920C157,2019-09-18,2019-09-18 09:31:18,1.38,0.8846,41,1.34,0.8589,29,1.5,0.9615,10,1.36,0.8717,10,0
IWM190920C157,2019-09-18,2019-09-18 09:31:19,1.38,0.8846,31,1.34,0.8589,29,1.5,0.9615,10,1.36,0.8717,10,0
IWM190920C157,2019-09-18,2019-09-18 09:31:19,1.38,0.8846,31,1.33,0.8525,75,1.5,0.9615,10,1.355,0.8685,10,0
IWM190920C157,2019-09-18,2019-09-18 09:31:20,1.39,0.891,19,1.35,0.8653,19,1.5,0.9615,10,1.37,0.8782,10,0
IWM190920C157,2019-09-18,2019-09-18 09:31:21,1.4,0.8974,19,1.35,0.8653,61,1.5,0.9615,10,1.375,0.8814,10,0
IWM190920C157,2019-09-18,2019-09-18 09:31:21,1.4,0.8974,19,1.36,0.8717,19,1.5,0.9615,10,1.38,0.8846,10,0
IWM190920C157,2019-09-18,2019-09-18 09:31:22,1.4,0.8974,29,1.36,0.8717,76,1.5,0.9615,10,1.38,0.8846,10,0
IWM190920C157,2019-09-18,2019-09-18 09:31:22,1.4,0.8974,19,1.36,0.8717,19,1.5,0.9615,10,1.38,0.8846,10,0
IWM190920C157,2019-09-18,2019-09-18 09:31:23,1.4,0.8974,29,1.36,0.8717,76,1.5,0.9615,10,1.38,0.8846,10,0
IWM190920C157,2019-09-18,2019-09-18 09:31:23,1.42,0.9102,49,1.37,0.8782,60,1.5,0.9615,10,1.395,0.8942,10,0
IWM190920C157,2019-09-18,2019-09-18 09:31:24,1.42,0.9102,19,1.38,0.8846,24,1.5,0.9615,10,1.4,0.8974,10,0
IWM190920C157,2019-09-18,2019-09-18 09:31:25,1.42,0.9102,19,1.38,0.8846,51,1.5,0.9615,10,1.4,0.8974,10,0
IWM190920C157,2019-09-18,2019-09-18 09:31:25,1.42,0.9102,19,1.38,0.8846,24,1.5,0.9615,10,1.4,0.8974,10,0
IWM190920C157,2019-09-18,2019-09-18 09:31:26,1.42,0.9102,29,1.39,0.891,41,1.5,0.9615,10,1.405,0.9006,10,0
IWM190920C157,2019-09-18,2019-09-18 09:31:27,1.43,0.9166,20,1.39,0.891,41,1.5,0.9615,10,1.41,0.9038,10,0
IWM190920C157,2019-09-18,2019-09-18 09:31:28,1.42,0.9102,19,1.37,0.8782,25,1.5,0.9615,10,1.395,0.8942,10,0
IWM190920C157,2019-09-18,2019-09-18 09:31:29,1.41,0.9038,19,1.37,0.8782,59,1.5,0.9615,10,1.39,0.891,10,0
IWM190920C157,2019-09-18,2019-09-18 09:31:29,1.4,0.8974,19,1.37,0.8782,44,1.5,0.9615,10,1.385,0.8878,10,0
IWM190920C157,2019-09-18,2019-09-18 09:31:30,1.42,0.9102,19,1.38,0.8846,21,1.5,0.9615,10,1.4,0.8974,10,0
IWM190920C157,2019-09-18,2019-09-18 09:31:30,1.4,0.8974,19,1.37,0.8782,44,1.5,0.9615,10,1.385,0.8878,10,0
IWM190920C157,2019-09-18,2019-09-18 09:31:31,1.42,0.9102,19,1.39,0.891,41,1.5,0.9615,10,1.405,0.9006,10,0
IWM190920C157,2019-09-18,2019-09-18 09:31:31,1.43,0.9166,19,1.39,0.891,41,1.5,0.9615,10,1.41,0.9038,10,0
IWM190920C157,2019-09-18,2019-09-18 09:31:32,1.43,0.9166,19,1.39,0.891,43,1.5,0.9615,10,1.41,0.9038,10,0
IWM190920C157,2019-09-18,2019-09-18 09:31:32,1.43,0.9166,19,1.4,0.8974,19,1.5,0.9615,10,1.415,0.907,10,0
IWM190920C157,2019-09-18,2019-09-18 09:31:33,1.42,0.9102,19,1.39,0.891,23,1.5,0.9615,10,1.405,0.9006,10,0
IWM190920C157,2019-09-18,2019-09-18 09:31:33,1.43,0.9166,19,1.39,0.891,43,1.5,0.9615,10,1.41,0.9038,10,0
IWM190920C157,2019-09-18,2019-09-18 09:31:34,1.42,0.9102,29,1.39,0.891,33,1.5,0.9615,10,1.405,0.9006,10,0
IWM190920C157,2019-09-18,2019-09-18 09:31:35,1.42,0.9102,29,1.39,0.891,33,1.5,0.9615,10,1.405,0.9006,10,0
IWM190920C157,2019-09-18,2019-09-18 09:31:36,1.42,0.9102,29,1.39,0.891,33,1.5,0.9615,10,1.405,0.9006,10,0
IWM190920C157,2019-09-18,2019-09-18 09:31:36,1.42,0.9102,31,1.39,0.891,42,1.5,0.9615,10,1.405,0.9006,10,0
IWM190920C157,2019-09-18,2019-09-18 09:31:37,1.42,0.9102,29,1.38,0.8846,60,1.5,0.9615,10,1.4,0.8974,10,0
IWM190920C157,2019-09-18,2019-09-18 09:31:38,1.42,0.9102,21,1.39,0.891,22,1.5,0.9615,10,1.405,0.9006,10,0
IWM190920C157,2019-09-18,2019-09-18 09:31:38,1.42,0.9102,19,1.39,0.891,22,1.5,0.9615,10,1.405,0.9006,10,0
IWM190920C157,2019-09-18,2019-09-18 09:31:39,1.42,0.9102,19,1.39,0.891,47,1.5,0.9615,10,1.405,0.9006,10,0
IWM190920C157,2019-09-18,2019-09-18 09:31:39,1.42,0.9102,19,1.39,0.891,20,1.5,0.9615,10,1.405,0.9006,10,0
IWM190920C157,2019-09-18,2019-09-18 09:31:40,1.42,0.9102,19,1.39,0.891,47,1.5,0.9615,10,1.405,0.9006,10,0
IWM190920C157,2019-09-18,2019-09-18 09:31:40,1.43,0.9166,29,1.39,0.891,49,1.5,0.9615,10,1.41,0.9038,10,0
IWM190920C157,2019-09-18,2019-09-18 09:31:41,1.43,0.9166,29,1.39,0.891,49,1.5,0.9615,10,1.41,0.9038,10,0
IWM190920C157,2019-09-18,2019-09-18 09:31:41,1.43,0.9166,29,1.39,0.891,36,1.5,0.9615,10,1.41,0.9038,10,0
IWM190920C157,2019-09-18,2019-09-18 09:31:42,1.42,0.9102,19,1.39,0.891,19,1.5,0.9615,10,1.405,0.9006,10,0
IWM190920C157,2019-09-18,2019-09-18 09:31:42,1.43,0.9166,29,1.39,0.891,36,1.5,0.9615,10,1.41,0.9038,10,0
IWM190920C157,2019-09-18,2019-09-18 09:31:43,1.42,0.9102,29,1.39,0.891,36,1.5,0.9615,10,1.405,0.9006,10,0
IWM190920C157,2019-09-18,2019-09-18 09:31:43,1.42,0.9102,29,1.39,0.891,65,1.5,0.9615,10,1.405,0.9006,10,0
IWM190920C157,2019-09-18,2019-09-18 09:31:44,1.41,0.9038,2,1.39,0.891,24,1.5,0.9615,10,1.4,0.8974,10,0
IWM190920C157,2019-09-18,2019-09-18 09:31:44,1.41,0.9038,10,1.39,0.891,43,1.5,0.9615,10,1.4,0.8974,10,0
IWM190920C157,2019-09-18,2019-09-18 09:31:45,1.41,0.9038,10,1.39,0.891,52,1.5,0.9615,10,1.4,0.8974,10,0
IWM190920C157,2019-09-18,2019-09-18 09:31:46,1.41,0.9038,10,1.39,0.891,73,1.5,0.9615,10,1.4,0.8974,10,0
IWM190920C157,2019-09-18,2019-09-18 09:31:46,1.41,0.9038,10,1.39,0.891,52,1.5,0.9615,10,1.4,0.8974,10,0
IWM190920C157,2019-09-18,2019-09-18 09:31:47,1.39,0.891,3,1.37,0.8782,48,1.5,0.9615,10,1.38,0.8846,10,0
IWM190920C157,2019-09-18,2019-09-18 09:31:47,1.41,0.9038,21,1.38,0.8846,20,1.5,0.9615,10,1.395,0.8942,10,0
IWM190920C157,2019-09-18,2019-09-18 09:31:48,1.4,0.8974,19,1.37,0.8782,49,1.5,0.9615,10,1.385,0.8878,10,0
IWM190920C157,2019-09-18,2019-09-18 09:31:49,1.42,0.9102,25,1.39,0.891,21,1.5,0.9615,10,1.405,0.9006,10,0
IWM190920C157,2019-09-18,2019-09-18 09:31:49,1.4,0.8974,11,1.37,0.8782,59,1.5,0.9615,10,1.385,0.8878,10,0
IWM190920C157,2019-09-18,2019-09-18 09:31:50,1.42,0.9102,25,1.39,0.891,10,1.5,0.9615,10,1.405,0.9006,10,0
IWM190920C157,2019-09-18,2019-09-18 09:31:50,1.42,0.9102,25,1.39,0.891,23,1.5,0.9615,10,1.405,0.9006,10,0
IWM190920C157,2019-09-18,2019-09-18 09:31:51,1.41,0.9038,24,1.38,0.8846,51,1.5,0.9615,10,1.395,0.8942,10,0
IWM190920C157,2019-09-18,2019-09-18 09:31:52,1.41,0.9038,36,1.38,0.8846,43,1.5,0.9615,10,1.395,0.8942,10,0
IWM190920C157,2019-09-18,2019-09-18 09:31:53,1.41,0.9038,10,1.39,0.891,21,1.5,0.9615,10,1.4,0.8974,10,0
IWM190920C157,2019-09-18,2019-09-18 09:31:53,1.41,0.9038,36,1.38,0.8846,51,1.5,0.9615,10,1.395,0.8942,10,0
IWM190920C157,2019-09-18,2019-09-18 09:31:54,1.41,0.9038,5,1.39,0.891,33,1.5,0.9615,10,1.4,0.8974,10,0
IWM190920C157,2019-09-18,2019-09-18 09:31:55,1.42,0.9102,10,1.4,0.8974,35,1.5,0.9615,10,1.41,0.9038,10,0
IWM190920C157,2019-09-18,2019-09-18 09:31:55,1.42,0.9102,20,1.39,0.891,30,1.5,0.9615,10,1.405,0.9006,10,0
IWM190920C157,2019-09-18,2019-09-18 09:31:56,1.42,0.9102,10,1.4,0.8974,43,1.41,0.9038,1,1.41,0.9038,11,0
IWM190920C157,2019-09-18,2019-09-18 09:31:56,1.42,0.9102,10,1.4,0.8974,33,1.41,0.9038,1,1.41,0.9038,11,1
IWM190920C157,2019-09-18,2019-09-18 09:31:57,1.43,0.9166,19,1.4,0.8974,96,1.41,0.9038,1,1.415,0.907,11,0
IWM190920C157,2019-09-18,2019-09-18 09:31:57,1.43,0.9166,19,1.4,0.8974,82,1.41,0.9038,1,1.415,0.907,11,0
IWM190920C157,2019-09-18,2019-09-18 09:31:58,1.43,0.9166,20,1.4,0.8974,34,1.41,0.9038,1,1.415,0.907,11,0
IWM190920C157,2019-09-18,2019-09-18 09:31:58,1.43,0.9166,20,1.4,0.8974,43,1.41,0.9038,1,1.415,0.907,11,0
IWM190920C157,2019-09-18,2019-09-18 09:31:59,1.43,0.9166,19,1.4,0.8974,43,1.41,0.9038,1,1.415,0.907,11,0
IWM190920C157,2019-09-18,2019-09-18 09:31:59,1.42,0.9102,10,1.4,0.8974,43,1.41,0.9038,1,1.41,0.9038,11,0
IWM190920C157,2019-09-18,2019-09-18 09:32:00,1.43,0.9166,19,1.4,0.8974,43,1.41,0.9038,1,1.415,0.907,11,0
IWM190920C157,2019-09-18,2019-09-18 09:32:00,1.43,0.9166,19,1.4,0.8974,20,1.41,0.9038,1,1.415,0.907,11,0
IWM190920C157,2019-09-18,2019-09-18 09:32:01,1.42,0.9102,22,1.37,0.8782,48,1.41,0.9038,1,1.395,0.8942,11,0
IWM190920C157,2019-09-18,2019-09-18 09:32:01,1.42,0.9102,22,1.38,0.8846,7,1.41,0.9038,1,1.4,0.8974,11,0
IWM190920C157,2019-09-18,2019-09-18 09:32:02,1.42,0.9102,22,1.37,0.8782,50,1.41,0.9038,1,1.395,0.8942,11,0
IWM190920C157,2019-09-18,2019-09-18 09:32:02,1.42,0.9102,22,1.37,0.8782,74,1.41,0.9038,1,1.395,0.8942,11,0
IWM190920C157,2019-09-18,2019-09-18 09:32:03,1.39,0.891,1,1.38,0.8846,41,1.39,0.891,2,1.385,0.8878,13,2
IWM190920C157,2019-09-18,2019-09-18 09:32:03,1.4,0.8974,9,1.38,0.8846,41,1.39,0.891,2,1.39,0.891,13,0
IWM190920C157,2019-09-18,2019-09-18 09:32:04,1.42,0.9102,22,1.38,0.8846,20,1.39,0.891,2,1.4,0.8974,13,0
IWM190920C157,2019-09-18,2019-09-18 09:32:04,1.42,0.9102,22,1.38,0.8846,46,1.39,0.891,2,1.4,0.8974,13,0
IWM190920C157,2019-09-18,2019-09-18 09:32:05,1.4,0.8974,16,1.39,0.891,19,1.39,0.891,2,1.395,0.8942,13,0
IWM190920C157,2019-09-18,2019-09-18 09:32:05,1.4,0.8974,20,1.38,0.8846,20,1.39,0.891,2,1.39,0.891,13,0
IWM190920C157,2019-09-18,2019-09-18 09:32:06,1.41,0.9038,37,1.38,0.8846,26,1.39,0.891,2,1.395,0.8942,13,0
IWM190920C157,2019-09-18,2019-09-18 09:32:06,1.41,0.9038,73,1.38,0.8846,43,1.39,0.891,2,1.395,0.8942,13,0
IWM190920C157,2019-09-18,2019-09-18 09:32:07,1.41,0.9038,14,1.38,0.8846,43,1.39,0.891,2,1.395,0.8942,13,0
IWM190920C157,2019-09-18,2019-09-18 09:32:08,1.41,0.9038,14,1.39,0.891,20,1.39,0.891,2,1.4,0.8974,13,0
IWM190920C157,2019-09-18,2019-09-18 09:32:09,1.42,0.9102,39,1.39,0.891,126,1.39,0.891,2,1.405,0.9006,13,0
IWM190920C157,2019-09-18,2019-09-18 09:32:09,1.42,0.9102,45,1.39,0.891,49,1.39,0.891,2,1.405,0.9006,13,0
IWM190920C157,2019-09-18,2019-09-18 09:32:10,1.42,0.9102,39,1.39,0.891,126,1.39,0.891,2,1.405,0.9006,13,0
IWM190920C157,2019-09-18,2019-09-18 09:32:10,1.42,0.9102,39,1.39,0.891,107,1.39,0.891,2,1.405,0.9006,13,0
IWM190920C157,2019-09-18,2019-09-18 09:32:11,1.43,0.9166,10,1.41,0.9038,42,1.39,0.891,2,1.42,0.9102,13,0
IWM190920C157,2019-09-18,2019-09-18 09:32:11,1.43,0.9166,10,1.41,0.9038,19,1.39,0.891,2,1.42,0.9102,13,0
IWM190920C157,2019-09-18,2019-09-18 09:32:12,1.45,0.9294,22,1.42,0.9102,24,1.39,0.891,2,1.435,0.9198,13,0
IWM190920C157,2019-09-18,2019-09-18 09:32:13,1.44,0.923,3,1.42,0.9102,13,1.39,0.891,2,1.43,0.9166,13,0
IWM190920C157,2019-09-18,2019-09-18 09:32:13,1.44,0.923,3,1.41,0.9038,67,1.39,0.891,2,1.425,0.9134,13,0
IWM190920C157,2019-09-18,2019-09-18 09:32:14,1.44,0.923,11,1.42,0.9102,21,1.39,0.891,2,1.43,0.9166,13,0
IWM190920C157,2019-09-18,2019-09-18 09:32:15,1.44,0.923,22,1.41,0.9038,43,1.39,0.891,2,1.425,0.9134,13,0
IWM190920C157,2019-09-18,2019-09-18 09:32:15,1.44,0.923,32,1.41,0.9038,43,1.39,0.891,2,1.425,0.9134,13,0
IWM190920C157,2019-09-18,2019-09-18 09:32:16,1.44,0.923,21,1.41,0.9038,1,1.39,0.891,2,1.425,0.9134,13,0
IWM190920C157,2019-09-18,2019-09-18 09:32:16,1.44,0.923,21,1.41,0.9038,28,1.39,0.891,2,1.425,0.9134,13,0
IWM190920C157,2019-09-18,2019-09-18 09:32:17,1.44,0.923,21,1.41,0.9038,1,1.39,0.891,2,1.425,0.9134,13,0
IWM190920C157,2019-09-18,2019-09-18 09:32:17,1.43,0.9166,32,1.41,0.9038,19,1.39,0.891,2,1.42,0.9102,13,0
IWM190920C157,2019-09-18,2019-09-18 09:32:18,1.42,0.9102,22,1.39,0.891,48,1.39,0.891,2,1.405,0.9006,13,0
IWM190920C157,2019-09-18,2019-09-18 09:32:18,1.43,0.9166,32,1.4,0.8974,43,1.39,0.891,2,1.415,0.907,13,0
IWM190920C157,2019-09-18,2019-09-18 09:32:19,1.41,0.9038,3,1.39,0.891,48,1.39,0.891,2,1.4,0.8974,13,0
IWM190920C157,2019-09-18,2019-09-18 09:32:20,1.41,0.9038,2,1.39,0.891,35,1.39,0.891,2,1.4,0.8974,13,0
IWM190920C157,2019-09-18,2019-09-18 09:32:20,1.41,0.9038,2,1.39,0.891,49,1.39,0.891,2,1.4,0.8974,13,0
IWM190920C157,2019-09-18,2019-09-18 09:32:21,1.41,0.9038,2,1.39,0.891,49,1.39,0.891,2,1.4,0.8974,13,0
IWM190920C157,2019-09-18,2019-09-18 09:32:22,1.4,0.8974,10,1.38,0.8846,46,1.39,0.891,2,1.39,0.891,13,0
IWM190920C157,2019-09-18,2019-09-18 09:32:22,1.41,0.9038,2,1.39,0.891,70,1.39,0.891,2,1.4,0.8974,13,0
IWM190920C157,2019-09-18,2019-09-18 09:32:23,1.41,0.9038,19,1.38,0.8846,27,1.39,0.891,2,1.395,0.8942,13,0
IWM190920C157,2019-09-18,2019-09-18 09:32:24,1.41,0.9038,19,1.38,0.8846,27,1.39,0.891,2,1.395,0.8942,13,0
IWM190920C157,2019-09-18,2019-09-18 09:32:24,1.41,0.9038,19,1.38,0.8846,37,1.39,0.891,2,1.395,0.8942,13,0
IWM190920C157,2019-09-18,2019-09-18 09:32:25,1.4,0.8974,10,1.38,0.8846,44,1.39,0.891,2,1.39,0.891,13,0
IWM190920C157,2019-09-18,2019-09-18 09:32:25,1.4,0.8974,20,1.38,0.8846,44,1.39,0.891,2,1.39,0.891,13,0
IWM190920C157,2019-09-18,2019-09-18 09:32:26,1.4,0.8974,10,1.38,0.8846,44,1.39,0.891,2,1.39,0.891,13,0
IWM190920C157,2019-09-18,2019-09-18 09:32:27,1.4,0.8974,10,1.38,0.8846,84,1.39,0.891,2,1.39,0.891,13,0
IWM190920C157,2019-09-18,2019-09-18 09:32:28,1.4,0.8974,20,1.38,0.8846,84,1.39,0.891,2,1.39,0.891,13,0
IWM190920C157,2019-09-18,2019-09-18 09:32:28,1.4,0.8974,20,1.38,0.8846,13,1.39,0.891,2,1.39,0.891,13,0
IWM190920C157,2019-09-18,2019-09-18 09:32:29,1.4,0.8974,20,1.37,0.8782,166,1.39,0.891,2,1.385,0.8878,13,0
IWM190920C157,2019-09-18,2019-09-18 09:32:30,1.42,0.9102,19,1.39,0.891,22,1.39,0.891,2,1.405,0.9006,13,0
IWM190920C157,2019-09-18,2019-09-18 09:32:30,1.4,0.8974,1,1.38,0.8846,20,1.39,0.891,2,1.39,0.891,13,0
IWM190920C157,2019-09-18,2019-09-18 09:32:31,1.43,0.9166,37,1.4,0.8974,22,1.39,0.891,2,1.415,0.907,13,0
IWM190920C157,2019-09-18,2019-09-18 09:32:31,1.41,0.9038,1,1.39,0.891,42,1.39,0.891,2,1.4,0.8974,13,0
IWM190920C157,2019-09-18,2019-09-18 09:32:32,1.41,0.9038,3,1.39,0.891,242,1.39,0.891,2,1.4,0.8974,13,0
IWM190920C157,2019-09-18,2019-09-18 09:32:32,1.41,0.9038,3,1.39,0.891,262,1.39,0.891,2,1.4,0.8974,13,0
IWM190920C157,2019-09-18,2019-09-18 09:32:33,1.41,0.9038,3,1.39,0.891,122,1.39,0.891,2,1.4,0.8974,13,0
IWM190920C157,2019-09-18,2019-09-18 09:32:34,1.41,0.9038,22,1.39,0.891,122,1.39,0.891,2,1.4,0.8974,13,0
IWM190920C157,2019-09-18,2019-09-18 09:32:35,1.41,0.9038,11,1.39,0.891,123,1.39,0.891,2,1.4,0.8974,13,0
IWM190920C157,2019-09-18,2019-09-18 09:32:35,1.41,0.9038,22,1.39,0.891,113,1.39,0.891,2,1.4,0.8974,13,0
IWM190920C157,2019-09-18,2019-09-18 09:32:36,1.41,0.9038,11,1.38,0.8846,332,1.39,0.891,2,1.395,0.8942,13,0
IWM190920C157,2019-09-18,2019-09-18 09:32:36,1.4,0.8974,1,1.38,0.8846,332,1.39,0.891,2,1.39,0.891,13,0
IWM190920C157,2019-09-18,2019-09-18 09:32:37,1.4,0.8974,1,1.38,0.8846,338,1.39,0.891,2,1.39,0.891,13,0
IWM190920C157,2019-09-18,2019-09-18 09:32:37,1.4,0.8974,1,1.38,0.8846,332,1.39,0.891,2,1.39,0.891,13,0
IWM190920C157,2019-09-18,2019-09-18 09:32:38,1.42,0.9102,40,1.38,0.8846,338,1.39,0.891,2,1.4,0.8974,13,0
IWM190920C157,2019-09-18,2019-09-18 09:32:39,1.42,0.9102,28,1.4,0.8974,32,1.39,0.891,2,1.41,0.9038,13,0
IWM190920C157,2019-09-18,2019-09-18 09:32:40,1.42,0.9102,15,1.4,0.8974,32,1.39,0.891,2,1.41,0.9038,13,0
IWM190920C157,2019-09-18,2019-09-18 09:32:41,1.42,0.9102,15,1.4,0.8974,42,1.39,0.891,2,1.41,0.9038,13,0
IWM190920C157,2019-09-18,2019-09-18 09:32:41,1.42,0.9102,28,1.4,0.8974,42,1.39,0.891,2,1.41,0.9038,13,0
IWM190920C157,2019-09-18,2019-09-18 09:32:42,1.42,0.9102,28,1.39,0.891,355,1.39,0.891,2,1.405,0.9006,13,0
IWM190920C157,2019-09-18,2019-09-18 09:32:43,1.4,0.8974,3,1.39,0.891,355,1.39,0.891,2,1.395,0.8942,13,0
IWM190920C157,2019-09-18,2019-09-18 09:32:43,1.42,0.9102,28,1.39,0.891,355,1.39,0.891,2,1.405,0.9006,13,0
IWM190920C157,2019-09-18,2019-09-18 09:32:44,1.4,0.8974,1,1.38,0.8846,364,1.39,0.891,2,1.39,0.891,13,0
IWM190920C157,2019-09-18,2019-09-18 09:32:44,1.41,0.9038,22,1.38,0.8846,222,1.39,0.891,2,1.395,0.8942,13,0
IWM190920C157,2019-09-18,2019-09-18 09:32:45,1.4,0.8974,3,1.38,0.8846,8,1.39,0.891,2,1.39,0.891,13,0
IWM190920C157,2019-09-18,2019-09-18 09:32:45,1.4,0.8974,3,1.38,0.8846,364,1.39,0.891,2,1.39,0.891,13,0
IWM190920C157,2019-09-18,2019-09-18 09:32:46,1.4,0.8974,3,1.36,0.8717,306,1.39,0.891,2,1.38,0.8846,13,0
IWM190920C157,2019-09-18,2019-09-18 09:32:46,1.4,0.8974,26,1.37,0.8782,20,1.39,0.891,2,1.385,0.8878,13,0
IWM190920C157,2019-09-18,2019-09-18 09:32:47,1.4,0.8974,22,1.38,0.8846,159,1.39,0.891,2,1.39,0.891,13,0
IWM190920C157,2019-09-18,2019-09-18 09:32:47,1.41,0.9038,32,1.37,0.8782,200,1.39,0.891,2,1.39,0.891,13,0
IWM190920C157,2019-09-18,2019-09-18 09:32:48,1.4,0.8974,22,1.37,0.8782,338,1.39,0.891,2,1.385,0.8878,13,0
IWM190920C157,2019-09-18,2019-09-18 09:32:48,1.39,0.891,10,1.37,0.8782,338,1.39,0.891,2,1.38,0.8846,13,0
IWM190920C157,2019-09-18,2019-09-18 09:32:49,1.4,0.8974,22,1.36,0.8717,201,1.39,0.891,2,1.38,0.8846,13,0
IWM190920C157,2019-09-18,2019-09-18 09:32:49,1.38,0.8846,10,1.36,0.8717,313,1.39,0.891,2,1.37,0.8782,13,0
IWM190920C157,2019-09-18,2019-09-18 09:32:50,1.4,0.8974,38,1.36,0.8717,313,1.39,0.891,2,1.38,0.8846,13,0
IWM190920C157,2019-09-18,2019-09-18 09:32:50,1.39,0.891,3,1.37,0.8782,159,1.39,0.891,2,1.38,0.8846,13,0
IWM190920C157,2019-09-18,2019-09-18 09:32:51,1.38,0.8846,4,1.36,0.8717,315,1.39,0.891,2,1.37,0.8782,13,0
IWM190920C157,2019-09-18,2019-09-18 09:32:51,1.4,0.8974,32,1.37,0.8782,159,1.39,0.891,2,1.385,0.8878,13,0
IWM190920C157,2019-09-18,2019-09-18 09:32:52,1.38,0.8846,4,1.36,0.8717,304,1.39,0.891,2,1.37,0.8782,13,0
IWM190920C157,2019-09-18,2019-09-18 09:32:53,1.39,0.891,12,1.37,0.8782,262,1.39,0.891,2,1.38,0.8846,13,0
IWM190920C157,2019-09-18,2019-09-18 09:32:54,1.39,0.891,12,1.37,0.8782,131,1.39,0.891,2,1.38,0.8846,13,0
IWM190920C157,2019-09-18,2019-09-18 09:32:54,1.39,0.891,12,1.37,0.8782,37,1.39,0.891,2,1.38,0.8846,13,0
IWM190920C157,2019-09-18,2019-09-18 09:32:55,1.39,0.891,31,1.36,0.8717,180,1.39,0.891,2,1.375,0.8814,13,0
IWM190920C157,2019-09-18,2019-09-18 09:32:56,1.39,0.891,31,1.36,0.8717,333,1.39,0.891,2,1.375,0.8814,13,0
IWM190920C157,2019-09-18,2019-09-18 09:32:56,1.39,0.891,31,1.36,0.8717,44,1.39,0.891,2,1.375,0.8814,13,0
IWM190920C157,2019-09-18,2019-09-18 09:32:57,1.39,0.891,31,1.36,0.8717,44,1.39,0.891,2,1.375,0.8814,13,0
IWM190920C157,2019-09-18,2019-09-18 09:32:58,1.38,0.8846,22,1.35,0.8653,170,1.39,0.891,2,1.365,0.875,13,0
IWM190920C157,2019-09-18,2019-09-18 09:32:58,1.39,0.891,31,1.36,0.8717,34,1.39,0.891,2,1.375,0.8814,13,0
IWM190920C157,2019-09-18,2019-09-18 09:32:59,1.37,0.8782,4,1.35,0.8653,299,1.39,0.891,2,1.36,0.8717,13,0
IWM190920C157,2019-09-18,2019-09-18 09:33:00,1.37,0.8782,23,1.35,0.8653,19,1.39,0.891,2,1.36,0.8717,13,0
IWM190920C157,2019-09-18,2019-09-18 09:33:00,1.37,0.8782,23,1.35,0.8653,1,1.39,0.891,2,1.36,0.8717,13,0
IWM190920C157,2019-09-18,2019-09-18 09:33:01,1.35,0.8653,4,1.33,0.8525,20,1.39,0.891,2,1.34,0.8589,13,0
IWM190920C157,2019-09-18,2019-09-18 09:33:01,1.35,0.8653,31,1.33,0.8525,25,1.39,0.891,2,1.34,0.8589,13,0
IWM190920C157,2019-09-18,2019-09-18 09:33:02,1.36,0.8717,1,1.34,0.8589,210,1.39,0.891,2,1.35,0.8653,13,0
IWM190920C157,2019-09-18,2019-09-18 09:33:02,1.36,0.8717,30,1.32,0.8461,12,1.39,0.891,2,1.34,0.8589,13,0
IWM190920C157,2019-09-18,2019-09-18 09:33:03,1.36,0.8717,19,1.34,0.8589,3,1.39,0.891,2,1.35,0.8653,13,0
IWM190920C157,2019-09-18,2019-09-18 09:33:03,1.36,0.8717,1,1.34,0.8589,210,1.39,0.891,2,1.35,0.8653,13,0
IWM190920C157,2019-09-18,2019-09-18 09:33:04,1.38,0.8846,19,1.36,0.8717,6,1.39,0.891,2,1.37,0.8782,13,0
IWM190920C157,2019-09-18,2019-09-18 09:33:04,1.38,0.8846,32,1.36,0.8717,28,1.39,0.891,2,1.37,0.8782,13,0
IWM190920C157,2019-09-18,2019-09-18 09:33:05,1.38,0.8846,32,1.36,0.8717,11,1.39,0.891,2,1.37,0.8782,13,0
IWM190920C157,2019-09-18,2019-09-18 09:33:05,1.38,0.8846,25,1.36,0.8717,11,1.39,0.891,2,1.37,0.8782,13,0
IWM190920C157,2019-09-18,2019-09-18 09:33:06,1.38,0.8846,25,1.36,0.8717,11,1.39,0.891,2,1.37,0.8782,13,0
IWM190920C157,2019-09-18,2019-09-18 09:33:07,1.37,0.8782,6,1.36,0.8717,11,1.39,0.891,2,1.365,0.875,13,0
IWM190920C157,2019-09-18,2019-09-18 09:33:08,1.38,0.8846,19,1.36,0.8717,11,1.39,0.891,2,1.37,0.8782,13,0
IWM190920C157,2019-09-18,2019-09-18 09:33:08,1.38,0.8846,28,1.35,0.8653,164,1.39,0.891,2,1.365,0.875,13,0
IWM190920C157,2019-09-18,2019-09-18 09:33:09,1.38,0.8846,60,1.35,0.8653,148,1.39,0.891,2,1.365,0.875,13,0
IWM190920C157,2019-09-18,2019-09-18 09:33:09,1.37,0.8782,3,1.35,0.8653,62,1.39,0.891,2,1.36,0.8717,13,0
IWM190920C157,2019-09-18,2019-09-18 09:33:10,1.39,0.891,28,1.36,0.8717,57,1.39,0.891,2,1.375,0.8814,13,0
IWM190920C157,2019-09-18,2019-09-18 09:33:10,1.39,0.891,28,1.36,0.8717,82,1.39,0.891,2,1.375,0.8814,13,0
IWM190920C157,2019-09-18,2019-09-18 09:33:11,1.4,0.8974,50,1.36,0.8717,188,1.39,0.891,2,1.38,0.8846,13,0
IWM190920C157,2019-09-18,2019-09-18 09:33:11,1.39,0.891,24,1.36,0.8717,188,1.39,0.891,2,1.375,0.8814,13,0
IWM190920C157,2019-09-18,2019-09-18 09:33:12,1.38,0.8846,7,1.36,0.8717,171,1.39,0.891,2,1.37,0.8782,13,0
IWM190920C157,2019-09-18,2019-09-18 09:33:12,1.39,0.891,24,1.37,0.8782,26,1.39,0.891,2,1.38,0.8846,13,0
IWM190920C157,2019-09-18,2019-09-18 09:33:13,1.37,0.8782,5,1.36,0.8717,41,1.39,0.891,2,1.365,0.875,13,0
IWM190920C157,2019-09-18,2019-09-18 09:33:13,1.38,0.8846,26,1.36,0.8717,21,1.39,0.891,2,1.37,0.8782,13,0
IWM190920C157,2019-09-18,2019-09-18 09:33:14,1.37,0.8782,5,1.35,0.8653,55,1.39,0.891,2,1.36,0.8717,13,0
IWM190920C157,2019-09-18,2019-09-18 09:33:14,1.37,0.8782,5,1.35,0.8653,52,1.39,0.891,2,1.36,0.8717,13,0
IWM190920C157,2019-09-18,2019-09-18 09:33:15,1.37,0.8782,22,1.34,0.8589,334,1.39,0.891,2,1.355,0.8685,13,0
IWM190920C157,2019-09-18,2019-09-18 09:33:15,1.38,0.8846,31,1.35,0.8653,56,1.39,0.891,2,1.365,0.875,13,0
IWM190920C157,2019-09-18,2019-09-18 09:33:16,1.38,0.8846,19,1.35,0.8653,47,1.39,0.891,2,1.365,0.875,13,0
IWM190920C157,2019-09-18,2019-09-18 09:33:16,1.37,0.8782,3,1.36,0.8717,19,1.39,0.891,2,1.365,0.875,13,0
IWM190920C157,2019-09-18,2019-09-18 09:33:17,1.38,0.8846,9,1.36,0.8717,19,1.39,0.891,2,1.37,0.8782,13,0
IWM190920C157,2019-09-18,2019-09-18 09:33:17,1.38,0.8846,28,1.35,0.8653,196,1.39,0.891,2,1.365,0.875,13,0
IWM190920C157,2019-09-18,2019-09-18 09:33:18,1.38,0.8846,3,1.36,0.8717,55,1.39,0.891,2,1.37,0.8782,13,0
IWM190920C157,2019-09-18,2019-09-18 09:33:18,1.39,0.891,32,1.36,0.8717,35,1.39,0.891,2,1.375,0.8814,13,0
IWM190920C157,2019-09-18,2019-09-18 09:33:19,1.38,0.8846,3,1.36,0.8717,44,1.39,0.891,2,1.37,0.8782,13,0
IWM190920C157,2019-09-18,2019-09-18 09:33:19,1.38,0.8846,3,1.36,0.8717,65,1.39,0.891,2,1.37,0.8782,13,0
IWM190920C157,2019-09-18,2019-09-18 09:33:20,1.38,0.8846,3,1.36,0.8717,44,1.39,0.891,2,1.37,0.8782,13,0
IWM190920C157,2019-09-18,2019-09-18 09:33:20,1.38,0.8846,3,1.36,0.8717,65,1.39,0.891,2,1.37,0.8782,13,0
IWM190920C157,2019-09-18,2019-09-18 09:33:21,1.39,0.891,28,1.36,0.8717,174,1.39,0.891,2,1.375,0.8814,13,0
IWM190920C157,2019-09-18,2019-09-18 09:33:21,1.38,0.8846,20,1.36,0.8717,107,1.39,0.891,2,1.37,0.8782,13,0
IWM190920C157,2019-09-18,2019-09-18 09:33:22,1.38,0.8846,20,1.35,0.8653,205,1.39,0.891,2,1.365,0.875,13,0
IWM190920C157,2019-09-18,2019-09-18 09:33:22,1.38,0.8846,19,1.35,0.8653,31,1.39,0.891,2,1.365,0.875,13,0
IWM190920C157,2019-09-18,2019-09-18 09:33:23,1.38,0.8846,28,1.35,0.8653,345,1.39,0.891,2,1.365,0.875,13,0
IWM190920C157,2019-09-18,2019-09-18 09:33:23,1.38,0.8846,28,1.35,0.8653,35,1.39,0.891,2,1.365,0.875,13,0
IWM190920C157,2019-09-18,2019-09-18 09:33:24,1.38,0.8846,28,1.35,0.8653,345,1.39,0.891,2,1.365,0.875,13,0
IWM190920C157,2019-09-18,2019-09-18 09:33:25,1.37,0.8782,22,1.35,0.8653,42,1.39,0.891,2,1.36,0.8717,13,0
IWM190920C157,2019-09-18,2019-09-18 09:33:25,1.37,0.8782,22,1.35,0.8653,16,1.39,0.891,2,1.36,0.8717,13,0
IWM190920C157,2019-09-18,2019-09-18 09:33:26,1.37,0.8782,22,1.35,0.8653,42,1.39,0.891,2,1.36,0.8717,13,0
IWM190920C157,2019-09-18,2019-09-18 09:33:26,1.37,0.8782,11,1.35,0.8653,40,1.39,0.891,2,1.36,0.8717,13,0
IWM190920C157,2019-09-18,2019-09-18 09:33:27,1.38,0.8846,28,1.35,0.8653,52,1.39,0.891,2,1.365,0.875,13,0
IWM190920C157,2019-09-18,2019-09-18 09:33:27,1.37,0.8782,28,1.35,0.8653,62,1.39,0.891,2,1.36,0.8717,13,0
IWM190920C157,2019-09-18,2019-09-18 09:33:28,1.37,0.8782,28,1.35,0.8653,35,1.39,0.891,2,1.36,0.8717,13,0
IWM190920C157,2019-09-18,2019-09-18 09:33:28,1.37,0.8782,28,1.35,0.8653,114,1.39,0.891,2,1.36,0.8717,13,0
IWM190920C157,2019-09-18,2019-09-18 09:33:29,1.37,0.8782,9,1.35,0.8653,120,1.39,0.891,2,1.36,0.8717,13,0
IWM190920C157,2019-09-18,2019-09-18 09:33:30,1.4,0.8974,28,1.37,0.8782,93,1.39,0.891,2,1.385,0.8878,13,0
IWM190920C157,2019-09-18,2019-09-18 09:33:30,1.39,0.891,28,1.37,0.8782,29,1.39,0.891,2,1.38,0.8846,13,0
IWM190920C157,2019-09-18,2019-09-18 09:33:31,1.39,0.891,28,1.37,0.8782,29,1.39,0.891,2,1.38,0.8846,13,0
IWM190920C157,2019-09-18,2019-09-18 09:33:32,1.39,0.891,22,1.37,0.8782,35,1.39,0.891,2,1.38,0.8846,13,0
IWM190920C157,2019-09-18,2019-09-18 09:33:32,1.39,0.891,19,1.37,0.8782,16,1.39,0.891,2,1.38,0.8846,13,0
IWM190920C157,2019-09-18,2019-09-18 09:33:33,1.39,0.891,22,1.37,0.8782,35,1.39,0.891,2,1.38,0.8846,13,0
IWM190920C157,2019-09-18,2019-09-18 09:33:33,1.39,0.891,22,1.37,0.8782,24,1.39,0.891,2,1.38,0.8846,13,0
IWM190920C157,2019-09-18,2019-09-18 09:33:34,1.38,0.8846,4,1.37,0.8782,24,1.39,0.891,2,1.375,0.8814,13,0
IWM190920C157,2019-09-18,2019-09-18 09:33:34,1.39,0.891,31,1.37,0.8782,35,1.39,0.891,2,1.38,0.8846,13,0
IWM190920C157,2019-09-18,2019-09-18 09:33:35,1.4,0.8974,31,1.37,0.8782,78,1.39,0.891,2,1.385,0.8878,13,0
IWM190920C157,2019-09-18,2019-09-18 09:33:35,1.4,0.8974,31,1.37,0.8782,114,1.39,0.891,2,1.385,0.8878,13,0
IWM190920C157,2019-09-18,2019-09-18 09:33:36,1.4,0.8974,31,1.37,0.8782,294,1.39,0.891,2,1.385,0.8878,13,0
IWM190920C157,2019-09-18,2019-09-18 09:33:36,1.38,0.8846,19,1.35,0.8653,212,1.39,0.891,2,1.365,0.875,13,0
IWM190920C157,2019-09-18,2019-09-18 09:33:37,1.38,0.8846,19,1.35,0.8653,376,1.39,0.891,2,1.365,0.875,13,0
IWM190920C157,2019-09-18,2019-09-18 09:33:37,1.37,0.8782,3,1.35,0.8653,429,1.39,0.891,2,1.36,0.8717,13,0
IWM190920C157,2019-09-18,2019-09-18 09:33:38,1.37,0.8782,1,1.36,0.8717,25,1.39,0.891,2,1.365,0.875,13,0
IWM190920C157,2019-09-18,2019-09-18 09:33:38,1.38,0.8846,19,1.36,0.8717,25,1.39,0.891,2,1.37,0.8782,13,0
IWM190920C157,2019-09-18,2019-09-18 09:33:39,1.38,0.8846,3,1.36,0.8717,128,1.39,0.891,2,1.37,0.8782,13,0
IWM190920C157,2019-09-18,2019-09-18 09:33:39,1.38,0.8846,19,1.36,0.8717,57,1.39,0.891,2,1.37,0.8782,13,0
IWM190920C157,2019-09-18,2019-09-18 09:33:40,1.39,0.891,28,1.36,0.8717,217,1.39,0.891,2,1.375,0.8814,13,0
IWM190920C157,2019-09-18,2019-09-18 09:33:41,1.38,0.8846,4,1.36,0.8717,283,1.39,0.891,2,1.37,0.8782,13,0
IWM190920C157,2019-09-18,2019-09-18 09:33:42,1.38,0.8846,4,1.36,0.8717,283,1.39,0.891,2,1.37,0.8782,13,0
IWM190920C157,2019-09-18,2019-09-18 09:33:42,1.38,0.8846,4,1.36,0.8717,297,1.39,0.891,2,1.37,0.8782,13,0
IWM190920C157,2019-09-18,2019-09-18 09:33:43,1.38,0.8846,4,1.36,0.8717,297,1.39,0.891,2,1.37,0.8782,13,0
IWM190920C157,2019-09-18,2019-09-18 09:33:43,1.38,0.8846,4,1.36,0.8717,158,1.39,0.891,2,1.37,0.8782,13,0
IWM190920C157,2019-09-18,2019-09-18 09:33:44,1.38,0.8846,4,1.36,0.8717,158,1.39,0.891,2,1.37,0.8782,13,0
IWM190920C157,2019-09-18,2019-09-18 09:33:45,1.38,0.8846,19,1.36,0.8717,236,1.39,0.891,2,1.37,0.8782,13,0
IWM190920C157,2019-09-18,2019-09-18 09:33:45,1.37,0.8782,3,1.36,0.8717,236,1.39,0.891,2,1.365,0.875,13,0
IWM190920C157,2019-09-18,2019-09-18 09:33:46,1.37,0.8782,3,1.36,0.8717,64,1.39,0.891,2,1.365,0.875,13,0
IWM190920C157,2019-09-18,2019-09-18 09:33:46,1.37,0.8782,4,1.36,0.8717,64,1.39,0.891,2,1.365,0.875,13,0
IWM190920C157,2019-09-18,2019-09-18 09:33:47,1.37,0.8782,4,1.36,0.8717,64,1.39,0.891,2,1.365,0.875,13,0
IWM190920C157,2019-09-18,2019-09-18 09:33:47,1.37,0.8782,23,1.34,0.8589,380,1.39,0.891,2,1.355,0.8685,13,0
IWM190920C157,2019-09-18,2019-09-18 09:33:48,1.37,0.8782,23,1.34,0.8589,437,1.39,0.891,2,1.355,0.8685,13,0
IWM190920C157,2019-09-18,2019-09-18 09:33:48,1.37,0.8782,4,1.35,0.8653,32,1.39,0.891,2,1.36,0.8717,13,0
IWM190920C157,2019-09-18,2019-09-18 09:33:49,1.37,0.8782,4,1.34,0.8589,330,1.39,0.891,2,1.355,0.8685,13,0
IWM190920C157,2019-09-18,2019-09-18 09:33:49,1.37,0.8782,4,1.34,0.8589,382,1.39,0.891,2,1.355,0.8685,13,0
IWM190920C157,2019-09-18,2019-09-18 09:33:50,1.37,0.8782,4,1.34,0.8589,441,1.39,0.891,2,1.355,0.8685,13,0
IWM190920C157,2019-09-18,2019-09-18 09:33:50,1.36,0.8717,19,1.34,0.8589,283,1.39,0.891,2,1.35,0.8653,13,0
IWM190920C157,2019-09-18,2019-09-18 09:33:51,1.36,0.8717,22,1.34,0.8589,283,1.39,0.891,2,1.35,0.8653,13,0
IWM190920C157,2019-09-18,2019-09-18 09:33:51,1.36,0.8717,22,1.34,0.8589,155,1.39,0.891,2,1.35,0.8653,13,0
IWM190920C157,2019-09-18,2019-09-18 09:33:52,1.37,0.8782,28,1.35,0.8653,31,1.39,0.891,2,1.36,0.8717,13,0
IWM190920C157,2019-09-18,2019-09-18 09:33:52,1.37,0.8782,19,1.34,0.8589,193,1.39,0.891,2,1.355,0.8685,13,0
IWM190920C157,2019-09-18,2019-09-18 09:33:53,1.37,0.8782,19,1.34,0.8589,303,1.39,0.891,2,1.355,0.8685,13,0
IWM190920C157,2019-09-18,2019-09-18 09:33:54,1.38,0.8846,32,1.35,0.8653,362,1.39,0.891,2,1.365,0.875,13,0
IWM190920C157,2019-09-18,2019-09-18 09:33:55,1.39,0.891,148,1.35,0.8653,207,1.39,0.891,2,1.37,0.8782,13,0
IWM190920C157,2019-09-18,2019-09-18 09:33:55,1.36,0.8717,3,1.35,0.8653,74,1.39,0.891,2,1.355,0.8685,13,0
IWM190920C157,2019-09-18,2019-09-18 09:33:56,1.37,0.8782,22,1.35,0.8653,72,1.39,0.891,2,1.36,0.8717,13,0
IWM190920C157,2019-09-18,2019-09-18 09:33:56,1.39,0.891,148,1.35,0.8653,139,1.39,0.891,2,1.37,0.8782,13,0
IWM190920C157,2019-09-18,2019-09-18 09:33:57,1.37,0.8782,22,1.34,0.8589,422,1.39,0.891,2,1.355,0.8685,13,0
IWM190920C157,2019-09-18,2019-09-18 09:33:57,1.37,0.8782,22,1.35,0.8653,72,1.39,0.891,2,1.36,0.8717,13,0
IWM190920C157,2019-09-18,2019-09-18 09:33:58,1.37,0.8782,22,1.34,0.8589,437,1.39,0.891,2,1.355,0.8685,13,0
IWM190920C157,2019-09-18,2019-09-18 09:33:58,1.35,0.8653,28,1.33,0.8525,341,1.39,0.891,2,1.34,0.8589,13,0
IWM190920C157,2019-09-18,2019-09-18 09:33:59,1.35,0.8653,28,1.33,0.8525,442,1.39,0.891,2,1.34,0.8589,13,0
IWM190920C157,2019-09-18,2019-09-18 09:33:59,1.36,0.8717,31,1.33,0.8525,458,1.39,0.891,2,1.345,0.8621,13,0
IWM190920C157,2019-09-18,2019-09-18 09:34:00,1.35,0.8653,22,1.32,0.8461,475,1.39,0.891,2,1.335,0.8557,13,0
IWM190920C157,2019-09-18,2019-09-18 09:34:00,1.36,0.8717,31,1.33,0.8525,401,1.39,0.891,2,1.345,0.8621,13,0
IWM190920C157,2019-09-18,2019-09-18 09:34:01,1.33,0.8525,4,1.32,0.8461,290,1.39,0.891,2,1.325,0.8493,13,0
IWM190920C157,2019-09-18,2019-09-18 09:34:01,1.33,0.8525,6,1.32,0.8461,290,1.39,0.891,2,1.325,0.8493,13,0
IWM190920C157,2019-09-18,2019-09-18 09:34:02,1.34,0.8589,31,1.32,0.8461,111,1.39,0.891,2,1.33,0.8525,13,0
IWM190920C157,2019-09-18,2019-09-18 09:34:02,1.34,0.8589,31,1.32,0.8461,87,1.39,0.891,2,1.33,0.8525,13,0
IWM190920C157,2019-09-18,2019-09-18 09:34:03,1.32,0.8461,24,1.31,0.8397,166,1.39,0.891,2,1.315,0.8429,13,0
IWM190920C157,2019-09-18,2019-09-18 09:34:04,1.31,0.8397,5,1.29,0.8269,212,1.39,0.891,2,1.3,0.8333,13,0
IWM190920C157,2019-09-18,2019-09-18 09:34:04,1.3,0.8333,5,1.29,0.8269,223,1.39,0.891,2,1.295,0.8301,13,0
IWM190920C157,2019-09-18,2019-09-18 09:34:05,1.3,0.8333,2,1.29,0.8269,420,1.39,0.891,2,1.295,0.8301,13,0
IWM190920C157,2019-09-18,2019-09-18 09:34:05,1.3,0.8333,25,1.28,0.8205,178,1.39,0.891,2,1.29,0.8269,13,0
IWM190920C157,2019-09-18,2019-09-18 09:34:06,1.3,0.8333,24,1.28,0.8205,178,1.39,0.891,2,1.29,0.8269,13,0
IWM190920C157,2019-09-18,2019-09-18 09:34:06,1.29,0.8269,6,1.28,0.8205,402,1.39,0.891,2,1.285,0.8237,13,0
IWM190920C157,2019-09-18,2019-09-18 09:34:07,1.29,0.8269,6,1.28,0.8205,392,1.39,0.891,2,1.285,0.8237,13,0
IWM190920C157,2019-09-18,2019-09-18 09:34:07,1.29,0.8269,6,1.28,0.8205,402,1.39,0.891,2,1.285,0.8237,13,0
IWM190920C157,2019-09-18,2019-09-18 09:34:08,1.3,0.8333,10,1.29,0.8269,19,1.39,0.891,2,1.295,0.8301,13,0
IWM190920C157,2019-09-18,2019-09-18 09:34:08,1.3,0.8333,10,1.29,0.8269,78,1.39,0.891,2,1.295,0.8301,13,0
IWM190920C157,2019-09-18,2019-09-18 09:34:09,1.3,0.8333,10,1.28,0.8205,342,1.39,0.891,2,1.29,0.8269,13,0
IWM190920C157,2019-09-18,2019-09-18 09:34:10,1.31,0.8397,32,1.29,0.8269,228,1.39,0.891,2,1.3,0.8333,13,0
IWM190920C157,2019-09-18,2019-09-18 09:34:10,1.32,0.8461,32,1.29,0.8269,287,1.39,0.891,2,1.305,0.8365,13,0
IWM190920C157,2019-09-18,2019-09-18 09:34:11,1.31,0.8397,2,1.29,0.8269,414,1.39,0.891,2,1.3,0.8333,13,0
IWM190920C157,2019-09-18,2019-09-18 09:34:11,1.31,0.8397,2,1.29,0.8269,388,1.39,0.891,2,1.3,0.8333,13,0
IWM190920C157,2019-09-18,2019-09-18 09:34:12,1.33,0.8525,32,1.3,0.8333,171,1.39,0.891,2,1.315,0.8429,13,0
IWM190920C157,2019-09-18,2019-09-18 09:34:12,1.31,0.8397,2,1.29,0.8269,414,1.39,0.891,2,1.3,0.8333,13,0
IWM190920C157,2019-09-18,2019-09-18 09:34:13,1.33,0.8525,32,1.29,0.8269,423,1.39,0.891,2,1.31,0.8397,13,0
IWM190920C157,2019-09-18,2019-09-18 09:34:13,1.33,0.8525,32,1.3,0.8333,62,1.39,0.891,2,1.315,0.8429,13,0
IWM190920C157,2019-09-18,2019-09-18 09:34:14,1.33,0.8525,32,1.29,0.8269,423,1.39,0.891,2,1.31,0.8397,13,0
IWM190920C157,2019-09-18,2019-09-18 09:34:15,1.33,0.8525,32,1.29,0.8269,387,1.39,0.891,2,1.31,0.8397,13,0
IWM190920C157,2019-09-18,2019-09-18 09:34:16,1.33,0.8525,32,1.29,0.8269,387,1.39,0.891,2,1.31,0.8397,13,0
IWM190920C157,2019-09-18,2019-09-18 09:34:16,1.33,0.8525,32,1.29,0.8269,461,1.39,0.891,2,1.31,0.8397,13,0
IWM190920C157,2019-09-18,2019-09-18 09:34:17,1.33,0.8525,32,1.29,0.8269,429,1.39,0.891,2,1.31,0.8397,13,0
IWM190920C157,2019-09-18,2019-09-18 09:34:17,1.31,0.8397,22,1.29,0.8269,271,1.39,0.891,2,1.3,0.8333,13,0
IWM190920C157,2019-09-18,2019-09-18 09:34:18,1.31,0.8397,22,1.29,0.8269,271,1.39,0.891,2,1.3,0.8333,13,0
IWM190920C157,2019-09-18,2019-09-18 09:34:19,1.31,0.8397,22,1.29,0.8269,271,1.39,0.891,2,1.3,0.8333,13,0
IWM190920C157,2019-09-18,2019-09-18 09:34:20,1.31,0.8397,22,1.29,0.8269,271,1.39,0.891,2,1.3,0.8333,13,0
IWM190920C157,2019-09-18,2019-09-18 09:34:21,1.31,0.8397,22,1.29,0.8269,167,1.39,0.891,2,1.3,0.8333,13,0
IWM190920C157,2019-09-18,2019-09-18 09:34:22,1.31,0.8397,3,1.3,0.8333,194,1.39,0.891,2,1.305,0.8365,13,0
IWM190920C157,2019-09-18,2019-09-18 09:34:22,1.31,0.8397,3,1.29,0.8269,227,1.39,0.891,2,1.3,0.8333,13,0
IWM190920C157,2019-09-18,2019-09-18 09:34:23,1.32,0.8461,24,1.3,0.8333,103,1.39,0.891,2,1.31,0.8397,13,0
IWM190920C157,2019-09-18,2019-09-18 09:34:23,1.32,0.8461,24,1.3,0.8333,204,1.39,0.891,2,1.31,0.8397,13,0
IWM190920C157,2019-09-18,2019-09-18 09:34:24,1.32,0.8461,24,1.29,0.8269,375,1.39,0.891,2,1.305,0.8365,13,0
IWM190920C157,2019-09-18,2019-09-18 09:34:24,1.32,0.8461,24,1.29,0.8269,216,1.39,0.891,2,1.305,0.8365,13,0
IWM190920C157,2019-09-18,2019-09-18 09:34:25,1.31,0.8397,23,1.29,0.8269,375,1.39,0.891,2,1.3,0.8333,13,0
IWM190920C157,2019-09-18,2019-09-18 09:34:25,1.31,0.8397,23,1.29,0.8269,424,1.39,0.891,2,1.3,0.8333,13,0
IWM190920C157,2019-09-18,2019-09-18 09:34:26,1.32,0.8461,23,1.3,0.8333,168,1.39,0.891,2,1.31,0.8397,13,0
IWM190920C157,2019-09-18,2019-09-18 09:34:26,1.31,0.8397,4,1.29,0.8269,424,1.39,0.891,2,1.3,0.8333,13,0
IWM190920C157,2019-09-18,2019-09-18 09:34:27,1.31,0.8397,5,1.29,0.8269,355,1.39,0.891,2,1.3,0.8333,13,0
IWM190920C157,2019-09-18,2019-09-18 09:34:27,1.31,0.8397,5,1.3,0.8333,149,1.39,0.891,2,1.305,0.8365,13,0
IWM190920C157,2019-09-18,2019-09-18 09:34:28,1.31,0.8397,5,1.29,0.8269,355,1.39,0.891,2,1.3,0.8333,13,0
IWM190920C157,2019-09-18,2019-09-18 09:34:28,1.31,0.8397,24,1.29,0.8269,373,1.39,0.891,2,1.3,0.8333,13,0
IWM190920C157,2019-09-18,2019-09-18 09:34:29,1.31,0.8397,24,1.29,0.8269,376,1.39,0.891,2,1.3,0.8333,13,0
IWM190920C157,2019-09-18,2019-09-18 09:34:29,1.3,0.8333,12,1.29,0.8269,149,1.39,0.891,2,1.295,0.8301,13,0
IWM190920C157,2019-09-18,2019-09-18 09:34:30,1.3,0.8333,12,1.29,0.8269,217,1.39,0.891,2,1.295,0.8301,13,0
IWM190920C157,2019-09-18,2019-09-18 09:34:30,1.3,0.8333,12,1.29,0.8269,175,1.39,0.891,2,1.295,0.8301,13,0
IWM190920C157,2019-09-18,2019-09-18 09:34:31,1.31,0.8397,22,1.29,0.8269,284,1.39,0.891,2,1.3,0.8333,13,0
IWM190920C157,2019-09-18,2019-09-18 09:34:31,1.31,0.8397,21,1.29,0.8269,298,1.39,0.891,2,1.3,0.8333,13,0
IWM190920C157,2019-09-18,2019-09-18 09:34:32,1.3,0.8333,1,1.28,0.8205,211,1.39,0.891,2,1.29,0.8269,13,0
IWM190920C157,2019-09-18,2019-09-18 09:34:32,1.3,0.8333,1,1.28,0.8205,366,1.39,0.891,2,1.29,0.8269,13,0
IWM190920C157,2019-09-18,2019-09-18 09:34:33,1.3,0.8333,20,1.28,0.8205,366,1.39,0.891,2,1.29,0.8269,13,0
IWM190920C157,2019-09-18,2019-09-18 09:34:33,1.3,0.8333,20,1.28,0.8205,284,1.39,0.891,2,1.29,0.8269,13,0
IWM190920C157,2019-09-18,2019-09-18 09:34:34,1.3,0.8333,20,1.28,0.8205,169,1.39,0.891,2,1.29,0.8269,13,0
IWM190920C157,2019-09-18,2019-09-18 09:34:34,1.3,0.8333,2,1.28,0.8205,319,1.39,0.891,2,1.29,0.8269,13,0
IWM190920C157,2019-09-18,2019-09-18 09:34:35,1.3,0.8333,23,1.28,0.8205,368,1.39,0.891,2,1.29,0.8269,13,0
IWM190920C157,2019-09-18,2019-09-18 09:34:35,1.3,0.8333,2,1.28,0.8205,368,1.39,0.891,2,1.29,0.8269,13,0
IWM190920C157,2019-09-18,2019-09-18 09:34:36,1.3,0.8333,23,1.28,0.8205,297,1.39,0.891,2,1.29,0.8269,13,0
IWM190920C157,2019-09-18,2019-09-18 09:34:36,1.29,0.8269,20,1.28,0.8205,149,1.39,0.891,2,1.285,0.8237,13,0
IWM190920C157,2019-09-18,2019-09-18 09:34:37,1.29,0.8269,20,1.27,0.8141,366,1.39,0.891,2,1.28,0.8205,13,0
IWM190920C157,2019-09-18,2019-09-18 09:34:37,1.29,0.8269,20,1.27,0.8141,372,1.39,0.891,2,1.28,0.8205,13,0
IWM190920C157,2019-09-18,2019-09-18 09:34:38,1.29,0.8269,20,1.27,0.8141,372,1.39,0.891,2,1.28,0.8205,13,0
IWM190920C157,2019-09-18,2019-09-18 09:34:39,1.29,0.8269,20,1.27,0.8141,372,1.39,0.891,2,1.28,0.8205,13,0
IWM190920C157,2019-09-18,2019-09-18 09:34:40,1.28,0.8205,6,1.27,0.8141,343,1.39,0.891,2,1.275,0.8173,13,0
IWM190920C157,2019-09-18,2019-09-18 09:34:40,1.28,0.8205,10,1.27,0.8141,259,1.39,0.891,2,1.275,0.8173,13,0
IWM190920C157,2019-09-18,2019-09-18 09:34:41,1.28,0.8205,25,1.29,0.8269,171,1.39,0.891,2,1.285,0.8237,13,0
IWM190920C157,2019-09-18,2019-09-18 09:34:41,1.28,0.8205,25,1.27,0.8141,259,1.39,0.891,2,1.275,0.8173,13,0
IWM190920C157,2019-09-18,2019-09-18 09:34:42,1.31,0.8397,25,1.28,0.8205,411,1.39,0.891,2,1.295,0.8301,13,0
IWM190920C157,2019-09-18,2019-09-18 09:34:42,1.31,0.8397,10,1.28,0.8205,289,1.39,0.891,2,1.295,0.8301,13,0
IWM190920C157,2019-09-18,2019-09-18 09:34:43,1.31,0.8397,21,1.29,0.8269,171,1.39,0.891,2,1.3,0.8333,13,0
IWM190920C157,2019-09-18,2019-09-18 09:34:43,1.31,0.8397,21,1.29,0.8269,152,1.39,0.891,2,1.3,0.8333,13,0
IWM190920C157,2019-09-18,2019-09-18 09:34:44,1.31,0.8397,25,1.29,0.8269,152,1.39,0.891,2,1.3,0.8333,13,0
IWM190920C157,2019-09-18,2019-09-18 09:34:44,1.31,0.8397,21,1.29,0.8269,152,1.39,0.891,2,1.3,0.8333,13,0
IWM190920C157,2019-09-18,2019-09-18 09:34:45,1.31,0.8397,25,1.28,0.8205,313,1.39,0.891,2,1.295,0.8301,13,0
IWM190920C157,2019-09-18,2019-09-18 09:34:45,1.31,0.8397,25,1.28,0.8205,361,1.39,0.891,2,1.295,0.8301,13,0
IWM190920C157,2019-09-18,2019-09-18 09:34:46,1.31,0.8397,25,1.28,0.8205,361,1.39,0.891,2,1.295,0.8301,13,0
IWM190920C157,2019-09-18,2019-09-18 09:34:46,1.3,0.8333,23,1.28,0.8205,409,1.39,0.891,2,1.29,0.8269,13,0
IWM190920C157,2019-09-18,2019-09-18 09:34:47,1.3,0.8333,23,1.28,0.8205,369,1.39,0.891,2,1.29,0.8269,13,0
IWM190920C157,2019-09-18,2019-09-18 09:34:48,1.3,0.8333,23,1.28,0.8205,369,1.39,0.891,2,1.29,0.8269,13,0
IWM190920C157,2019-09-18,2019-09-18 09:34:48,1.31,0.8397,35,1.28,0.8205,382,1.39,0.891,2,1.295,0.8301,13,0
IWM190920C157,2019-09-18,2019-09-18 09:34:49,1.3,0.8333,27,1.28,0.8205,284,1.39,0.891,2,1.29,0.8269,13,0
IWM190920C157,2019-09-18,2019-09-18 09:34:49,1.29,0.8269,12,1.28,0.8205,152,1.39,0.891,2,1.285,0.8237,13,0
IWM190920C157,2019-09-18,2019-09-18 09:34:50,1.3,0.8333,27,1.28,0.8205,258,1.39,0.891,2,1.29,0.8269,13,0
IWM190920C157,2019-09-18,2019-09-18 09:34:50,1.3,0.8333,31,1.28,0.8205,284,1.39,0.891,2,1.29,0.8269,13,0
IWM190920C157,2019-09-18,2019-09-18 09:34:51,1.3,0.8333,27,1.28,0.8205,335,1.39,0.891,2,1.29,0.8269,13,0
IWM190920C157,2019-09-18,2019-09-18 09:34:52,1.3,0.8333,24,1.28,0.8205,335,1.39,0.891,2,1.29,0.8269,13,0
IWM190920C157,2019-09-18,2019-09-18 09:34:52,1.31,0.8397,37,1.28,0.8205,335,1.39,0.891,2,1.295,0.8301,13,0
IWM190920C157,2019-09-18,2019-09-18 09:34:53,1.3,0.8333,24,1.28,0.8205,304,1.39,0.891,2,1.29,0.8269,13,0
IWM190920C157,2019-09-18,2019-09-18 09:34:53,1.29,0.8269,5,1.27,0.8141,402,1.39,0.891,2,1.28,0.8205,13,0
IWM190920C157,2019-09-18,2019-09-18 09:34:54,1.29,0.8269,5,1.27,0.8141,354,1.39,0.891,2,1.28,0.8205,13,0
IWM190920C157,2019-09-18,2019-09-18 09:34:55,1.29,0.8269,19,1.26,0.8076,283,1.39,0.891,2,1.275,0.8173,13,0
IWM190920C157,2019-09-18,2019-09-18 09:34:56,1.28,0.8205,47,1.25,0.8012,349,1.39,0.891,2,1.265,0.8108,13,0
IWM190920C157,2019-09-18,2019-09-18 09:34:56,1.28,0.8205,50,1.25,0.8012,374,1.39,0.891,2,1.265,0.8108,13,0
IWM190920C157,2019-09-18,2019-09-18 09:34:57,1.27,0.8141,24,1.25,0.8012,349,1.39,0.891,2,1.26,0.8076,13,0
IWM190920C157,2019-09-18,2019-09-18 09:34:58,1.27,0.8141,24,1.25,0.8012,349,1.39,0.891,2,1.26,0.8076,13,0
IWM190920C157,2019-09-18,2019-09-18 09:34:58,1.27,0.8141,24,1.25,0.8012,354,1.39,0.891,2,1.26,0.8076,13,0
IWM190920C157,2019-09-18,2019-09-18 09:34:59,1.27,0.8141,12,1.25,0.8012,354,1.39,0.891,2,1.26,0.8076,13,0
IWM190920C157,2019-09-18,2019-09-18 09:34:59,1.27,0.8141,12,1.25,0.8012,364,1.39,0.891,2,1.26,0.8076,13,0
IWM190920C157,2019-09-18,2019-09-18 09:35:00,1.27,0.8141,12,1.25,0.8012,359,1.39,0.891,2,1.26,0.8076,13,0
IWM190920C157,2019-09-18,2019-09-18 09:35:01,1.27,0.8141,20,1.26,0.8076,149,1.39,0.891,2,1.265,0.8108,13,0
IWM190920C157,2019-09-18,2019-09-18 09:35:01,1.25,0.8012,1,1.24,0.7948,201,1.39,0.891,2,1.245,0.798,13,0
IWM190920C157,2019-09-18,2019-09-18 09:35:02,1.26,0.8076,10,1.24,0.7948,349,1.39,0.891,2,1.25,0.8012,13,0
IWM190920C157,2019-09-18,2019-09-18 09:35:02,1.26,0.8076,27,1.24,0.7948,326,1.39,0.891,2,1.25,0.8012,13,0
IWM190920C157,2019-09-18,2019-09-18 09:35:03,1.26,0.8076,10,1.24,0.7948,359,1.39,0.891,2,1.25,0.8012,13,0
IWM190920C157,2019-09-18,2019-09-18 09:35:03,1.26,0.8076,8,1.24,0.7948,370,1.39,0.891,2,1.25,0.8012,13,0
IWM190920C157,2019-09-18,2019-09-18 09:35:04,1.25,0.8012,5,1.23,0.7884,158,1.26,0.8076,25,1.24,0.7948,38,25
IWM190920C157,2019-09-18,2019-09-18 09:35:04,1.27,0.8141,62,1.25,0.8012,143,1.39,0.891,2,1.26,0.8076,13,0
IWM190920C157,2019-09-18,2019-09-18 09:35:05,1.26,0.8076,64,1.24,0.7948,143,1.26,0.8076,25,1.25,0.8012,38,0
IWM190920C157,2019-09-18,2019-09-18 09:35:05,1.26,0.8076,14,1.24,0.7948,143,1.26,0.8076,25,1.25,0.8012,38,0
IWM190920C157,2019-09-18,2019-09-18 09:35:06,1.25,0.8012,36,1.23,0.7884,269,1.26,0.8076,25,1.24,0.7948,38,0
IWM190920C157,2019-09-18,2019-09-18 09:35:06,1.25,0.8012,27,1.23,0.7884,269,1.26,0.8076,25,1.24,0.7948,38,0
IWM190920C157,2019-09-18,2019-09-18 09:35:07,1.25,0.8012,18,1.23,0.7884,269,1.26,0.8076,25,1.24,0.7948,38,0
IWM190920C157,2019-09-18,2019-09-18 09:35:07,1.27,0.8141,43,1.25,0.8012,23,1.26,0.8076,25,1.26,0.8076,38,0
IWM190920C157,2019-09-18,2019-09-18 09:35:08,1.27,0.8141,71,1.24,0.7948,432,1.26,0.8076,25,1.255,0.8044,38,0
IWM190920C157,2019-09-18,2019-09-18 09:35:08,1.27,0.8141,57,1.24,0.7948,163,1.26,0.8076,25,1.255,0.8044,38,0
IWM190920C157,2019-09-18,2019-09-18 09:35:09,1.27,0.8141,14,1.26,0.8076,58,1.26,0.8076,25,1.265,0.8108,38,0
IWM190920C157,2019-09-18,2019-09-18 09:35:09,1.28,0.8205,43,1.25,0.8012,400,1.26,0.8076,25,1.265,0.8108,38,0
IWM190920C157,2019-09-18,2019-09-18 09:35:10,1.28,0.8205,10,1.26,0.8076,380,1.26,0.8076,25,1.27,0.8141,38,0
IWM190920C157,2019-09-18,2019-09-18 09:35:10,1.29,0.8269,40,1.26,0.8076,173,1.26,0.8076,25,1.275,0.8173,38,0
IWM190920C157,2019-09-18,2019-09-18 09:35:11,1.28,0.8205,29,1.26,0.8076,144,1.26,0.8076,25,1.27,0.8141,38,0
IWM190920C157,2019-09-18,2019-09-18 09:35:11,1.28,0.8205,25,1.26,0.8076,157,1.26,0.8076,25,1.27,0.8141,38,0
IWM190920C157,2019-09-18,2019-09-18 09:35:12,1.28,0.8205,6,1.27,0.8141,254,1.26,0.8076,25,1.275,0.8173,38,0
IWM190920C157,2019-09-18,2019-09-18 09:35:12,1.28,0.8205,6,1.26,0.8076,227,1.26,0.8076,25,1.27,0.8141,38,0
IWM190920C157,2019-09-18,2019-09-18 09:35:13,1.28,0.8205,6,1.27,0.8141,163,1.26,0.8076,25,1.275,0.8173,38,0
IWM190920C157,2019-09-18,2019-09-18 09:35:13,1.29,0.8269,39,1.26,0.8076,196,1.26,0.8076,25,1.275,0.8173,38,0
IWM190920C157,2019-09-18,2019-09-18 09:35:14,1.29,0.8269,39,1.26,0.8076,381,1.26,0.8076,25,1.275,0.8173,38,0
IWM190920C157,2019-09-18,2019-09-18 09:35:14,1.29,0.8269,39,1.26,0.8076,322,1.26,0.8076,25,1.275,0.8173,38,0
IWM190920C157,2019-09-18,2019-09-18 09:35:15,1.29,0.8269,33,1.26,0.8076,413,1.26,0.8076,25,1.275,0.8173,38,0
IWM190920C157,2019-09-18,2019-09-18 09:35:15,1.29,0.8269,39,1.26,0.8076,296,1.26,0.8076,25,1.275,0.8173,38,0
IWM190920C157,2019-09-18,2019-09-18 09:35:16,1.28,0.8205,10,1.27,0.8141,282,1.26,0.8076,25,1.275,0.8173,38,0
IWM190920C157,2019-09-18,2019-09-18 09:35:16,1.28,0.8205,10,1.26,0.8076,394,1.26,0.8076,25,1.27,0.8141,38,0
IWM190920C157,2019-09-18,2019-09-18 09:35:17,1.29,0.8269,30,1.27,0.8141,73,1.26,0.8076,25,1.28,0.8205,38,0
IWM190920C157,2019-09-18,2019-09-18 09:35:18,1.29,0.8269,26,1.27,0.8141,275,1.26,0.8076,25,1.28,0.8205,38,0
IWM190920C157,2019-09-18,2019-09-18 09:35:19,1.29,0.8269,26,1.27,0.8141,275,1.26,0.8076,25,1.28,0.8205,38,0
IWM190920C157,2019-09-18,2019-09-18 09:35:20,1.29,0.8269,26,1.27,0.8141,275,1.26,0.8076,25,1.28,0.8205,38,0
IWM190920C157,2019-09-18,2019-09-18 09:35:21,1.29,0.8269,26,1.27,0.8141,135,1.26,0.8076,25,1.28,0.8205,38,0
IWM190920C157,2019-09-18,2019-09-18 09:35:22,1.29,0.8269,28,1.25,0.8012,409,1.26,0.8076,25,1.27,0.8141,38,0
IWM190920C157,2019-09-18,2019-09-18 09:35:23,1.27,0.8141,1,1.25,0.8012,413,1.26,0.8076,25,1.26,0.8076,38,0
IWM190920C157,2019-09-18,2019-09-18 09:35:23,1.29,0.8269,28,1.25,0.8012,387,1.26,0.8076,25,1.27,0.8141,38,0
IWM190920C157,2019-09-18,2019-09-18 09:35:24,1.27,0.8141,1,1.24,0.7948,144,1.26,0.8076,25,1.255,0.8044,38,0
IWM190920C157,2019-09-18,2019-09-18 09:35:24,1.26,0.8076,2,1.23,0.7884,269,1.26,0.8076,25,1.245,0.798,38,0
IWM190920C157,2019-09-18,2019-09-18 09:35:25,1.26,0.8076,62,1.23,0.7884,295,1.26,0.8076,25,1.245,0.798,38,0
IWM190920C157,2019-09-18,2019-09-18 09:35:25,1.26,0.8076,2,1.23,0.7884,295,1.26,0.8076,25,1.245,0.798,38,0
IWM190920C157,2019-09-18,2019-09-18 09:35:26,1.25,0.8012,22,1.23,0.7884,261,1.26,0.8076,25,1.24,0.7948,38,0
IWM190920C157,2019-09-18,2019-09-18 09:35:26,1.24,0.7948,1,1.23,0.7884,276,1.26,0.8076,25,1.235,0.7916,38,0
IWM190920C157,2019-09-18,2019-09-18 09:35:27,1.26,0.8076,3,1.24,0.7948,178,1.26,0.8076,25,1.25,0.8012,38,0
IWM190920C157,2019-09-18,2019-09-18 09:35:27,1.26,0.8076,23,1.24,0.7948,145,1.26,0.8076,25,1.25,0.8012,38,0
IWM190920C157,2019-09-18,2019-09-18 09:35:28,1.27,0.8141,14,1.25,0.8012,179,1.26,0.8076,25,1.26,0.8076,38,0
IWM190920C157,2019-09-18,2019-09-18 09:35:28,1.28,0.8205,36,1.26,0.8076,155,1.26,0.8076,25,1.27,0.8141,38,0
IWM190920C157,2019-09-18,2019-09-18 09:35:29,1.27,0.8141,30,1.25,0.8012,145,1.26,0.8076,25,1.26,0.8076,38,0
IWM190920C157,2019-09-18,2019-09-18 09:35:30,1.27,0.8141,30,1.24,0.7948,179,1.26,0.8076,25,1.255,0.8044,38,0
IWM190920C157,2019-09-18,2019-09-18 09:35:30,1.26,0.8076,33,1.24,0.7948,286,1.26,0.8076,25,1.25,0.8012,38,0
IWM190920C157,2019-09-18,2019-09-18 09:35:31,1.27,0.8141,6,1.25,0.8012,370,1.26,0.8076,25,1.26,0.8076,38,0
IWM190920C157,2019-09-18,2019-09-18 09:35:31,1.27,0.8141,38,1.25,0.8012,225,1.26,0.8076,25,1.26,0.8076,38,0
IWM190920C157,2019-09-18,2019-09-18 09:35:32,1.27,0.8141,28,1.25,0.8012,177,1.26,0.8076,25,1.26,0.8076,38,0
IWM190920C157,2019-09-18,2019-09-18 09:35:32,1.27,0.8141,28,1.25,0.8012,141,1.26,0.8076,25,1.26,0.8076,38,0
IWM190920C157,2019-09-18,2019-09-18 09:35:33,1.26,0.8076,6,1.24,0.7948,181,1.26,0.8076,25,1.25,0.8012,38,0
IWM190920C157,2019-09-18,2019-09-18 09:35:33,1.27,0.8141,37,1.25,0.8012,141,1.26,0.8076,25,1.26,0.8076,38,0
IWM190920C157,2019-09-18,2019-09-18 09:35:34,1.26,0.8076,1,1.24,0.7948,216,1.26,0.8076,25,1.25,0.8012,38,0
IWM190920C157,2019-09-18,2019-09-18 09:35:34,1.27,0.8141,37,1.24,0.7948,216,1.26,0.8076,25,1.255,0.8044,38,0
IWM190920C157,2019-09-18,2019-09-18 09:35:35,1.27,0.8141,37,1.24,0.7948,216,1.26,0.8076,25,1.255,0.8044,38,0
IWM190920C157,2019-09-18,2019-09-18 09:35:35,1.27,0.8141,35,1.24,0.7948,246,1.26,0.8076,25,1.255,0.8044,38,0
IWM190920C157,2019-09-18,2019-09-18 09:35:36,1.27,0.8141,35,1.24,0.7948,216,1.26,0.8076,25,1.255,0.8044,38,0
IWM190920C157,2019-09-18,2019-09-18 09:35:37,1.26,0.8076,1,1.24,0.7948,216,1.26,0.8076,25,1.25,0.8012,38,0
IWM190920C157,2019-09-18,2019-09-18 09:35:37,1.27,0.8141,35,1.24,0.7948,216,1.26,0.8076,25,1.255,0.8044,38,0
IWM190920C157,2019-09-18,2019-09-18 09:35:38,1.27,0.8141,34,1.25,0.8012,23,1.26,0.8076,25,1.26,0.8076,38,0
IWM190920C157,2019-09-18,2019-09-18 09:35:38,1.27,0.8141,34,1.25,0.8012,143,1.26,0.8076,25,1.26,0.8076,38,0
IWM190920C157,2019-09-18,2019-09-18 09:35:39,1.27,0.8141,12,1.25,0.8012,176,1.26,0.8076,25,1.26,0.8076,38,0
IWM190920C157,2019-09-18,2019-09-18 09:35:39,1.27,0.8141,12,1.25,0.8012,190,1.26,0.8076,25,1.26,0.8076,38,0
IWM190920C157,2019-09-18,2019-09-18 09:35:40,1.27,0.8141,12,1.25,0.8012,342,1.26,0.8076,25,1.26,0.8076,38,0
IWM190920C157,2019-09-18,2019-09-18 09:35:41,1.28,0.8205,34,1.25,0.8012,342,1.26,0.8076,25,1.265,0.8108,38,0
IWM190920C157,2019-09-18,2019-09-18 09:35:41,1.27,0.8141,6,1.25,0.8012,342,1.26,0.8076,25,1.26,0.8076,38,0
IWM190920C157,2019-09-18,2019-09-18 09:35:42,1.28,0.8205,34,1.26,0.8076,23,1.26,0.8076,25,1.27,0.8141,38,0
IWM190920C157,2019-09-18,2019-09-18 09:35:43,1.29,0.8269,18,1.27,0.8141,310,1.26,0.8076,25,1.28,0.8205,38,0
IWM190920C157,2019-09-18,2019-09-18 09:35:44,1.29,0.8269,18,1.27,0.8141,310,1.26,0.8076,25,1.28,0.8205,38,0
IWM190920C157,2019-09-18,2019-09-18 09:35:45,1.29,0.8269,3,1.27,0.8141,310,1.26,0.8076,25,1.28,0.8205,38,0
IWM190920C157,2019-09-18,2019-09-18 09:35:45,1.29,0.8269,3,1.27,0.8141,182,1.26,0.8076,25,1.28,0.8205,38,0
IWM190920C157,2019-09-18,2019-09-18 09:35:46,1.29,0.8269,3,1.27,0.8141,339,1.26,0.8076,25,1.28,0.8205,38,0
IWM190920C157,2019-09-18,2019-09-18 09:35:46,1.29,0.8269,3,1.27,0.8141,288,1.26,0.8076,25,1.28,0.8205,38,0
IWM190920C157,2019-09-18,2019-09-18 09:35:47,1.29,0.8269,3,1.27,0.8141,153,1.26,0.8076,25,1.28,0.8205,38,0
IWM190920C157,2019-09-18,2019-09-18 09:35:47,1.29,0.8269,22,1.27,0.8141,153,1.26,0.8076,25,1.28,0.8205,38,0
IWM190920C157,2019-09-18,2019-09-18 09:35:48,1.28,0.8205,26,1.26,0.8076,27,1.26,0.8076,25,1.27,0.8141,38,0
IWM190920C157,2019-09-18,2019-09-18 09:35:48,1.28,0.8205,1,1.26,0.8076,275,1.26,0.8076,25,1.27,0.8141,38,0
IWM190920C157,2019-09-18,2019-09-18 09:35:49,1.28,0.8205,14,1.26,0.8076,46,1.26,0.8076,25,1.27,0.8141,38,0
IWM190920C157,2019-09-18,2019-09-18 09:35:50,1.28,0.8205,33,1.26,0.8076,101,1.26,0.8076,25,1.27,0.8141,38,0
IWM190920C157,2019-09-18,2019-09-18 09:35:50,1.28,0.8205,33,1.26,0.8076,29,1.26,0.8076,25,1.27,0.8141,38,0
IWM190920C157,2019-09-18,2019-09-18 09:35:51,1.27,0.8141,30,1.25,0.8012,189,1.26,0.8076,25,1.26,0.8076,38,0
IWM190920C157,2019-09-18,2019-09-18 09:35:51,1.28,0.8205,36,1.26,0.8076,20,1.26,0.8076,25,1.27,0.8141,38,0
IWM190920C157,2019-09-18,2019-09-18 09:35:52,1.27,0.8141,30,1.25,0.8012,305,1.26,0.8076,25,1.26,0.8076,38,0
IWM190920C157,2019-09-18,2019-09-18 09:35:52,1.27,0.8141,8,1.25,0.8012,339,1.26,0.8076,25,1.26,0.8076,38,0
IWM190920C157,2019-09-18,2019-09-18 09:35:53,1.28,0.8205,33,1.26,0.8076,275,1.26,0.8076,25,1.27,0.8141,38,0
IWM190920C157,2019-09-18,2019-09-18 09:35:53,1.27,0.8141,8,1.26,0.8076,198,1.26,0.8076,25,1.265,0.8108,38,0
IWM190920C157,2019-09-18,2019-09-18 09:35:54,1.28,0.8205,18,1.26,0.8076,275,1.26,0.8076,25,1.27,0.8141,38,0
IWM190920C157,2019-09-18,2019-09-18 09:35:55,1.28,0.8205,14,1.26,0.8076,310,1.26,0.8076,25,1.27,0.8141,38,0
IWM190920C157,2019-09-18,2019-09-18 09:35:55,1.29,0.8269,37,1.26,0.8076,310,1.26,0.8076,25,1.275,0.8173,38,0
IWM190920C157,2019-09-18,2019-09-18 09:35:56,1.29,0.8269,37,1.26,0.8076,258,1.26,0.8076,25,1.275,0.8173,38,0
IWM190920C157,2019-09-18,2019-09-18 09:35:56,1.27,0.8141,5,1.26,0.8076,20,1.26,0.8076,25,1.265,0.8108,38,0
IWM190920C157,2019-09-18,2019-09-18 09:35:57,1.27,0.8141,5,1.25,0.8012,212,1.26,0.8076,25,1.26,0.8076,38,0
IWM190920C157,2019-09-18,2019-09-18 09:35:57,1.27,0.8141,5,1.26,0.8076,72,1.26,0.8076,25,1.265,0.8108,38,0
IWM190920C157,2019-09-18,2019-09-18 09:35:58,1.27,0.8141,29,1.25,0.8012,223,1.26,0.8076,25,1.26,0.8076,38,0
IWM190920C157,2019-09-18,2019-09-18 09:35:58,1.27,0.8141,25,1.25,0.8012,164,1.26,0.8076,25,1.26,0.8076,38,0
IWM190920C157,2019-09-18,2019-09-18 09:35:59,1.27,0.8141,8,1.25,0.8012,279,1.26,0.8076,25,1.26,0.8076,38,0
IWM190920C157,2019-09-18,2019-09-18 09:35:59,1.27,0.8141,8,1.25,0.8012,174,1.26,0.8076,25,1.26,0.8076,38,0
IWM190920C157,2019-09-18,2019-09-18 09:36:00,1.26,0.8076,10,1.25,0.8012,279,1.26,0.8076,25,1.255,0.8044,38,0
IWM190920C157,2019-09-18,2019-09-18 09:36:01,1.27,0.8141,11,1.25,0.8012,431,1.26,0.8076,25,1.26,0.8076,38,0
IWM190920C157,2019-09-18,2019-09-18 09:36:01,1.27,0.8141,30,1.25,0.8012,10,1.26,0.8076,25,1.26,0.8076,38,0
IWM190920C157,2019-09-18,2019-09-18 09:36:02,1.26,0.8076,23,1.24,0.7948,366,1.26,0.8076,25,1.25,0.8012,38,0
IWM190920C157,2019-09-18,2019-09-18 09:36:03,1.25,0.8012,1,1.24,0.7948,328,1.26,0.8076,25,1.245,0.798,38,0
IWM190920C157,2019-09-18,2019-09-18 09:36:03,1.25,0.8012,1,1.23,0.7884,321,1.26,0.8076,25,1.24,0.7948,38,0
IWM190920C157,2019-09-18,2019-09-18 09:36:04,1.26,0.8076,26,1.24,0.7948,275,1.26,0.8076,25,1.25,0.8012,38,0
IWM190920C157,2019-09-18,2019-09-18 09:36:04,1.26,0.8076,26,1.24,0.7948,162,1.26,0.8076,25,1.25,0.8012,38,0
IWM190920C157,2019-09-18,2019-09-18 09:36:05,1.26,0.8076,26,1.24,0.7948,275,1.26,0.8076,25,1.25,0.8012,38,0
IWM190920C157,2019-09-18,2019-09-18 09:36:06,1.26,0.8076,26,1.24,0.7948,140,1.26,0.8076,25,1.25,0.8012,38,0
IWM190920C157,2019-09-18,2019-09-18 09:36:06,1.26,0.8076,26,1.23,0.7884,358,1.26,0.8076,25,1.245,0.798,38,0
IWM190920C157,2019-09-18,2019-09-18 09:36:07,1.25,0.8012,33,1.23,0.7884,295,1.26,0.8076,25,1.24,0.7948,38,0
IWM190920C157,2019-09-18,2019-09-18 09:36:07,1.25,0.8012,33,1.23,0.7884,358,1.26,0.8076,25,1.24,0.7948,38,0
IWM190920C157,2019-09-18,2019-09-18 09:36:08,1.25,0.8012,33,1.23,0.7884,400,1.26,0.8076,25,1.24,0.7948,38,0
IWM190920C157,2019-09-18,2019-09-18 09:36:08,1.26,0.8076,48,1.23,0.7884,400,1.26,0.8076,25,1.245,0.798,38,0
IWM190920C157,2019-09-18,2019-09-18 09:36:09,1.26,0.8076,48,1.23,0.7884,400,1.26,0.8076,25,1.245,0.798,38,0
IWM190920C157,2019-09-18,2019-09-18 09:36:09,1.25,0.8012,8,1.23,0.7884,400,1.26,0.8076,25,1.24,0.7948,38,0
IWM190920C157,2019-09-18,2019-09-18 09:36:10,1.25,0.8012,29,1.23,0.7884,400,1.26,0.8076,25,1.24,0.7948,38,0
IWM190920C157,2019-09-18,2019-09-18 09:36:10,1.25,0.8012,24,1.23,0.7884,400,1.26,0.8076,25,1.24,0.7948,38,0
IWM190920C157,2019-09-18,2019-09-18 09:36:11,1.25,0.8012,29,1.23,0.7884,400,1.26,0.8076,25,1.24,0.7948,38,0
IWM190920C157,2019-09-18,2019-09-18 09:36:11,1.25,0.8012,24,1.23,0.7884,400,1.26,0.8076,25,1.24,0.7948,38,0
IWM190920C157,2019-09-18,2019-09-18 09:36:12,1.25,0.8012,33,1.23,0.7884,400,1.26,0.8076,25,1.24,0.7948,38,0
IWM190920C157,2019-09-18,2019-09-18 09:36:12,1.25,0.8012,33,1.23,0.7884,124,1.26,0.8076,25,1.24,0.7948,38,0
IWM190920C157,2019-09-18,2019-09-18 09:36:13,1.25,0.8012,38,1.23,0.7884,145,1.26,0.8076,25,1.24,0.7948,38,0
IWM190920C157,2019-09-18,2019-09-18 09:36:13,1.25,0.8012,33,1.23,0.7884,270,1.26,0.8076,25,1.24,0.7948,38,0
IWM190920C157,2019-09-18,2019-09-18 09:36:14,1.25,0.8012,39,1.23,0.7884,271,1.26,0.8076,25,1.24,0.7948,38,0
IWM190920C157,2019-09-18,2019-09-18 09:36:15,1.26,0.8076,39,1.24,0.7948,241,1.26,0.8076,25,1.25,0.8012,38,0
IWM190920C157,2019-09-18,2019-09-18 09:36:15,1.26,0.8076,39,1.24,0.7948,221,1.26,0.8076,25,1.25,0.8012,38,0
IWM190920C157,2019-09-18,2019-09-18 09:36:16,1.26,0.8076,28,1.24,0.7948,221,1.26,0.8076,25,1.25,0.8012,38,0
IWM190920C157,2019-09-18,2019-09-18 09:36:16,1.27,0.8141,39,1.25,0.8012,144,1.26,0.8076,25,1.26,0.8076,38,0
IWM190920C157,2019-09-18,2019-09-18 09:36:17,1.28,0.8205,30,1.26,0.8076,384,1.26,0.8076,25,1.27,0.8141,38,0
IWM190920C157,2019-09-18,2019-09-18 09:36:18,1.28,0.8205,30,1.26,0.8076,384,1.26,0.8076,25,1.27,0.8141,38,0
IWM190920C157,2019-09-18,2019-09-18 09:36:19,1.29,0.8269,39,1.27,0.8141,149,1.26,0.8076,25,1.28,0.8205,38,0
IWM190920C157,2019-09-18,2019-09-18 09:36:19,1.29,0.8269,39,1.27,0.8141,33,1.26,0.8076,25,1.28,0.8205,38,0
IWM190920C157,2019-09-18,2019-09-18 09:36:20,1.29,0.8269,88,1.27,0.8141,20,1.26,0.8076,25,1.28,0.8205,38,0
IWM190920C157,2019-09-18,2019-09-18 09:36:20,1.29,0.8269,55,1.27,0.8141,36,1.26,0.8076,25,1.28,0.8205,38,0
IWM190920C157,2019-09-18,2019-09-18 09:36:21,1.28,0.8205,45,1.26,0.8076,164,1.26,0.8076,25,1.27,0.8141,38,0
IWM190920C157,2019-09-18,2019-09-18 09:36:21,1.29,0.8269,88,1.27,0.8141,20,1.26,0.8076,25,1.28,0.8205,38,0
IWM190920C157,2019-09-18,2019-09-18 09:36:22,1.28,0.8205,24,1.26,0.8076,294,1.26,0.8076,25,1.27,0.8141,38,0
IWM190920C157,2019-09-18,2019-09-18 09:36:22,1.28,0.8205,24,1.27,0.8141,295,1.26,0.8076,25,1.275,0.8173,38,0
IWM190920C157,2019-09-18,2019-09-18 09:36:23,1.29,0.8269,46,1.27,0.8141,295,1.26,0.8076,25,1.28,0.8205,38,0
IWM190920C157,2019-09-18,2019-09-18 09:36:23,1.28,0.8205,24,1.27,0.8141,295,1.26,0.8076,25,1.275,0.8173,38,0
IWM190920C157,2019-09-18,2019-09-18 09:36:24,1.3,0.8333,22,1.28,0.8205,412,1.26,0.8076,25,1.29,0.8269,38,0
IWM190920C157,2019-09-18,2019-09-18 09:36:24,1.3,0.8333,27,1.28,0.8205,319,1.26,0.8076,25,1.29,0.8269,38,0
IWM190920C157,2019-09-18,2019-09-18 09:36:25,1.32,0.8461,46,1.3,0.8333,227,1.26,0.8076,25,1.31,0.8397,38,0
IWM190920C157,2019-09-18,2019-09-18 09:36:25,1.32,0.8461,25,1.3,0.8333,324,1.26,0.8076,25,1.31,0.8397,38,0
IWM190920C157,2019-09-18,2019-09-18 09:36:26,1.32,0.8461,10,1.3,0.8333,222,1.26,0.8076,25,1.31,0.8397,38,0
IWM190920C157,2019-09-18,2019-09-18 09:36:26,1.32,0.8461,50,1.29,0.8269,445,1.26,0.8076,25,1.305,0.8365,38,0
IWM190920C157,2019-09-18,2019-09-18 09:36:27,1.32,0.8461,27,1.3,0.8333,195,1.26,0.8076,25,1.31,0.8397,38,0
IWM190920C157,2019-09-18,2019-09-18 09:36:28,1.32,0.8461,68,1.3,0.8333,87,1.26,0.8076,25,1.31,0.8397,38,0
IWM190920C157,2019-09-18,2019-09-18 09:36:28,1.32,0.8461,38,1.3,0.8333,273,1.26,0.8076,25,1.31,0.8397,38,0
IWM190920C157,2019-09-18,2019-09-18 09:36:29,1.32,0.8461,38,1.3,0.8333,218,1.26,0.8076,25,1.31,0.8397,38,0
IWM190920C157,2019-09-18,2019-09-18 09:36:30,1.32,0.8461,38,1.3,0.8333,109,1.26,0.8076,25,1.31,0.8397,38,0
IWM190920C157,2019-09-18,2019-09-18 09:36:30,1.32,0.8461,53,1.29,0.8269,77,1.26,0.8076,25,1.305,0.8365,38,0
IWM190920C157,2019-09-18,2019-09-18 09:36:31,1.31,0.8397,161,1.28,0.8205,289,1.26,0.8076,25,1.295,0.8301,38,0
IWM190920C157,2019-09-18,2019-09-18 09:36:31,1.31,0.8397,161,1.28,0.8205,395,1.26,0.8076,25,1.295,0.8301,38,0
IWM190920C157,2019-09-18,2019-09-18 09:36:32,1.31,0.8397,161,1.28,0.8205,402,1.26,0.8076,25,1.295,0.8301,38,0
IWM190920C157,2019-09-18,2019-09-18 09:36:32,1.32,0.8461,75,1.3,0.8333,20,1.26,0.8076,25,1.31,0.8397,38,0
IWM190920C157,2019-09-18,2019-09-18 09:36:33,1.3,0.8333,7,1.28,0.8205,314,1.26,0.8076,25,1.29,0.8269,38,0
IWM190920C157,2019-09-18,2019-09-18 09:36:33,1.3,0.8333,7,1.28,0.8205,291,1.26,0.8076,25,1.29,0.8269,38,0
IWM190920C157,2019-09-18,2019-09-18 09:36:34,1.3,0.8333,10,1.28,0.8205,272,1.26,0.8076,25,1.29,0.8269,38,0
IWM190920C157,2019-09-18,2019-09-18 09:36:34,1.3,0.8333,19,1.28,0.8205,178,1.26,0.8076,25,1.29,0.8269,38,0
IWM190920C157,2019-09-18,2019-09-18 09:36:35,1.3,0.8333,3,1.28,0.8205,178,1.26,0.8076,25,1.29,0.8269,38,0
IWM190920C157,2019-09-18,2019-09-18 09:36:36,1.3,0.8333,19,1.28,0.8205,285,1.26,0.8076,25,1.29,0.8269,38,0
IWM190920C157,2019-09-18,2019-09-18 09:36:36,1.3,0.8333,19,1.28,0.8205,178,1.26,0.8076,25,1.29,0.8269,38,0
IWM190920C157,2019-09-18,2019-09-18 09:36:37,1.3,0.8333,35,1.28,0.8205,285,1.26,0.8076,25,1.29,0.8269,38,0
IWM190920C157,2019-09-18,2019-09-18 09:36:37,1.3,0.8333,35,1.28,0.8205,144,1.26,0.8076,25,1.29,0.8269,38,0
IWM190920C157,2019-09-18,2019-09-18 09:36:38,1.3,0.8333,35,1.28,0.8205,190,1.26,0.8076,25,1.29,0.8269,38,0
IWM190920C157,2019-09-18,2019-09-18 09:36:38,1.3,0.8333,35,1.28,0.8205,159,1.26,0.8076,25,1.29,0.8269,38,0
IWM190920C157,2019-09-18,2019-09-18 09:36:39,1.3,0.8333,35,1.28,0.8205,257,1.26,0.8076,25,1.29,0.8269,38,0
IWM190920C157,2019-09-18,2019-09-18 09:36:40,1.29,0.8269,52,1.27,0.8141,223,1.26,0.8076,25,1.28,0.8205,38,0
IWM190920C157,2019-09-18,2019-09-18 09:36:40,1.29,0.8269,52,1.27,0.8141,422,1.26,0.8076,25,1.28,0.8205,38,0
IWM190920C157,2019-09-18,2019-09-18 09:36:41,1.29,0.8269,33,1.27,0.8141,257,1.26,0.8076,25,1.28,0.8205,38,0
IWM190920C157,2019-09-18,2019-09-18 09:36:42,1.28,0.8205,45,1.26,0.8076,155,1.26,0.8076,25,1.27,0.8141,38,0
IWM190920C157,2019-09-18,2019-09-18 09:36:42,1.29,0.8269,52,1.26,0.8076,402,1.26,0.8076,25,1.275,0.8173,38,0
IWM190920C157,2019-09-18,2019-09-18 09:36:43,1.3,0.8333,35,1.27,0.8141,287,1.26,0.8076,25,1.285,0.8237,38,0
IWM190920C157,2019-09-18,2019-09-18 09:36:43,1.28,0.8205,64,1.26,0.8076,278,1.26,0.8076,25,1.27,0.8141,38,0
IWM190920C157,2019-09-18,2019-09-18 09:36:45,1.29,0.8269,24,1.27,0.8141,444,1.26,0.8076,25,1.28,0.8205,38,0
IWM190920C157,2019-09-18,2019-09-18 09:36:46,1.29,0.8269,46,1.27,0.8141,285,1.26,0.8076,25,1.28,0.8205,38,0
IWM190920C157,2019-09-18,2019-09-18 09:36:47,1.29,0.8269,67,1.26,0.8076,339,1.26,0.8076,25,1.275,0.8173,38,0
IWM190920C157,2019-09-18,2019-09-18 09:36:47,1.27,0.8141,34,1.25,0.8012,192,1.26,0.8076,25,1.26,0.8076,38,0
IWM190920C157,2019-09-18,2019-09-18 09:36:48,1.27,0.8141,10,1.26,0.8076,255,1.26,0.8076,25,1.265,0.8108,38,0
IWM190920C157,2019-09-18,2019-09-18 09:36:48,1.28,0.8205,34,1.26,0.8076,224,1.26,0.8076,25,1.27,0.8141,38,0
IWM190920C157,2019-09-18,2019-09-18 09:36:49,1.28,0.8205,34,1.27,0.8141,17,1.26,0.8076,25,1.275,0.8173,38,0
IWM190920C157,2019-09-18,2019-09-18 09:36:50,1.28,0.8205,34,1.27,0.8141,20,1.26,0.8076,25,1.275,0.8173,38,0
IWM190920C157,2019-09-18,2019-09-18 09:36:50,1.28,0.8205,34,1.27,0.8141,27,1.26,0.8076,25,1.275,0.8173,38,0
IWM190920C157,2019-09-18,2019-09-18 09:36:51,1.28,0.8205,24,1.25,0.8012,10,1.26,0.8076,25,1.265,0.8108,38,0
IWM190920C157,2019-09-18,2019-09-18 09:36:51,1.27,0.8141,30,1.26,0.8076,1,1.26,0.8076,25,1.265,0.8108,38,0
IWM190920C157,2019-09-18,2019-09-18 09:36:52,1.27,0.8141,30,1.25,0.8012,10,1.26,0.8076,25,1.26,0.8076,38,0
IWM190920C157,2019-09-18,2019-09-18 09:36:52,1.26,0.8076,24,1.24,0.7948,415,1.26,0.8076,25,1.25,0.8012,38,0
IWM190920C157,2019-09-18,2019-09-18 09:36:53,1.25,0.8012,22,1.24,0.7948,95,1.26,0.8076,25,1.245,0.798,38,0
IWM190920C157,2019-09-18,2019-09-18 09:36:53,1.25,0.8012,8,1.24,0.7948,272,1.26,0.8076,25,1.245,0.798,38,0
IWM190920C157,2019-09-18,2019-09-18 09:36:54,1.26,0.8076,24,1.24,0.7948,307,1.26,0.8076,25,1.25,0.8012,38,0
IWM190920C157,2019-09-18,2019-09-18 09:36:54,1.26,0.8076,24,1.24,0.7948,267,1.26,0.8076,25,1.25,0.8012,38,0
IWM190920C157,2019-09-18,2019-09-18 09:36:55,1.25,0.8012,3,1.23,0.7884,325,1.26,0.8076,25,1.24,0.7948,38,0
IWM190920C157,2019-09-18,2019-09-18 09:36:55,1.25,0.8012,3,1.23,0.7884,317,1.26,0.8076,25,1.24,0.7948,38,0
IWM190920C157,2019-09-18,2019-09-18 09:36:56,1.25,0.8012,3,1.23,0.7884,473,1.26,0.8076,25,1.24,0.7948,38,0
IWM190920C157,2019-09-18,2019-09-18 09:36:57,1.25,0.8012,3,1.23,0.7884,473,1.26,0.8076,25,1.24,0.7948,38,0
IWM190920C157,2019-09-18,2019-09-18 09:36:58,1.25,0.8012,3,1.23,0.7884,326,1.26,0.8076,25,1.24,0.7948,38,0
IWM190920C157,2019-09-18,2019-09-18 09:36:59,1.25,0.8012,3,1.24,0.7948,43,1.26,0.8076,25,1.245,0.798,38,0
IWM190920C157,2019-09-18,2019-09-18 09:36:59,1.25,0.8012,3,1.23,0.7884,326,1.26,0.8076,25,1.24,0.7948,38,0
IWM190920C157,2019-09-18,2019-09-18 09:37:00,1.25,0.8012,24,1.25,0.8012,37,1.25,0.8012,1,1.25,0.8012,39,1
IWM190920C157,2019-09-18,2019-09-18 09:37:00,1.26,0.8076,24,1.24,0.7948,148,1.25,0.8012,1,1.25,0.8012,39,0
IWM190920C157,2019-09-18,2019-09-18 09:37:01,1.24,0.7948,4,1.24,0.7948,148,1.25,0.8012,1,1.24,0.7948,39,0
IWM190920C157,2019-09-18,2019-09-18 09:37:01,1.24,0.7948,22,1.24,0.7948,148,1.25,0.8012,1,1.24,0.7948,39,0
IWM190920C157,2019-09-18,2019-09-18 09:37:02,1.23,0.7884,9,1.22,0.782,9,1.25,0.8012,1,1.225,0.7852,39,0
IWM190920C157,2019-09-18,2019-09-18 09:37:02,1.23,0.7884,3,1.22,0.782,302,1.25,0.8012,1,1.225,0.7852,39,0
IWM190920C157,2019-09-18,2019-09-18 09:37:03,1.24,0.7948,35,1.22,0.782,344,1.25,0.8012,1,1.23,0.7884,39,0
IWM190920C157,2019-09-18,2019-09-18 09:37:03,1.24,0.7948,36,1.22,0.782,141,1.25,0.8012,1,1.23,0.7884,39,0
IWM190920C157,2019-09-18,2019-09-18 09:37:04,1.24,0.7948,35,1.22,0.782,141,1.25,0.8012,1,1.23,0.7884,39,0
IWM190920C157,2019-09-18,2019-09-18 09:37:04,1.22,0.782,9,1.21,0.7756,197,1.25,0.8012,1,1.215,0.7788,39,0
IWM190920C157,2019-09-18,2019-09-18 09:37:05,1.23,0.7884,5,1.22,0.782,303,1.25,0.8012,1,1.225,0.7852,39,0
IWM190920C157,2019-09-18,2019-09-18 09:37:05,1.24,0.7948,35,1.23,0.7884,272,1.25,0.8012,1,1.235,0.7916,39,0
IWM190920C157,2019-09-18,2019-09-18 09:37:06,1.23,0.7884,8,1.22,0.782,203,1.25,0.8012,1,1.225,0.7852,39,0
IWM190920C157,2019-09-18,2019-09-18 09:37:06,1.23,0.7884,8,1.22,0.782,206,1.25,0.8012,1,1.225,0.7852,39,0
IWM190920C157,2019-09-18,2019-09-18 09:37:07,1.25,0.8012,38,1.24,0.7948,14,1.22,0.782,2,1.245,0.798,41,0
IWM190920C157,2019-09-18,2019-09-18 09:37:07,1.23,0.7884,8,1.22,0.782,501,1.22,0.782,2,1.225,0.7852,41,2
IWM190920C157,2019-09-18,2019-09-18 09:37:08,1.25,0.8012,38,1.24,0.7948,14,1.22,0.782,2,1.245,0.798,41,0
IWM190920C157,2019-09-18,2019-09-18 09:37:08,1.25,0.8012,24,1.24,0.7948,187,1.22,0.782,2,1.245,0.798,41,0
IWM190920C157,2019-09-18,2019-09-18 09:37:09,1.25,0.8012,24,1.24,0.7948,19,1.22,0.782,2,1.245,0.798,41,0
IWM190920C157,2019-09-18,2019-09-18 09:37:09,1.25,0.8012,24,1.24,0.7948,141,1.22,0.782,2,1.245,0.798,41,0
IWM190920C157,2019-09-18,2019-09-18 09:37:10,1.25,0.8012,24,1.24,0.7948,16,1.22,0.782,2,1.245,0.798,41,0
IWM190920C157,2019-09-18,2019-09-18 09:37:10,1.25,0.8012,24,1.24,0.7948,65,1.22,0.782,2,1.245,0.798,41,0
IWM190920C157,2019-09-18,2019-09-18 09:37:11,1.25,0.8012,24,1.24,0.7948,16,1.22,0.782,2,1.245,0.798,41,0
IWM190920C157,2019-09-18,2019-09-18 09:37:12,1.25,0.8012,32,1.23,0.7884,315,1.22,0.782,2,1.24,0.7948,41,0
IWM190920C157,2019-09-18,2019-09-18 09:37:13,1.25,0.8012,32,1.23,0.7884,315,1.22,0.782,2,1.24,0.7948,41,0
IWM190920C157,2019-09-18,2019-09-18 09:37:14,1.25,0.8012,51,1.23,0.7884,315,1.22,0.782,2,1.24,0.7948,41,0
IWM190920C157,2019-09-18,2019-09-18 09:37:14,1.25,0.8012,32,1.23,0.7884,315,1.22,0.782,2,1.24,0.7948,41,0
IWM190920C157,2019-09-18,2019-09-18 09:37:15,1.25,0.8012,8,1.23,0.7884,293,1.22,0.782,2,1.24,0.7948,41,0
IWM190920C157,2019-09-18,2019-09-18 09:37:15,1.25,0.8012,51,1.23,0.7884,293,1.22,0.782,2,1.24,0.7948,41,0
IWM190920C157,2019-09-18,2019-09-18 09:37:16,1.26,0.8076,38,1.24,0.7948,207,1.22,0.782,2,1.25,0.8012,41,0
IWM190920C157,2019-09-18,2019-09-18 09:37:17,1.26,0.8076,38,1.23,0.7884,275,1.22,0.782,2,1.245,0.798,41,0
IWM190920C157,2019-09-18,2019-09-18 09:37:18,1.25,0.8012,53,1.23,0.7884,275,1.22,0.782,2,1.24,0.7948,41,0
IWM190920C157,2019-09-18,2019-09-18 09:37:18,1.24,0.7948,25,1.23,0.7884,10,1.22,0.782,2,1.235,0.7916,41,0
IWM190920C157,2019-09-18,2019-09-18 09:37:19,1.25,0.8012,31,1.23,0.7884,141,1.22,0.782,2,1.24,0.7948,41,0
IWM190920C157,2019-09-18,2019-09-18 09:37:19,1.24,0.7948,25,1.23,0.7884,141,1.22,0.782,2,1.235,0.7916,41,0
IWM190920C157,2019-09-18,2019-09-18 09:37:20,1.25,0.8012,22,1.24,0.7948,194,1.22,0.782,2,1.245,0.798,41,0
IWM190920C157,2019-09-18,2019-09-18 09:37:20,1.25,0.8012,6,1.24,0.7948,155,1.22,0.782,2,1.245,0.798,41,0
IWM190920C157,2019-09-18,2019-09-18 09:37:21,1.25,0.8012,30,1.23,0.7884,272,1.22,0.782,2,1.24,0.7948,41,0
IWM190920C157,2019-09-18,2019-09-18 09:37:21,1.25,0.8012,49,1.23,0.7884,272,1.22,0.782,2,1.24,0.7948,41,0
IWM190920C157,2019-09-18,2019-09-18 09:37:22,1.25,0.8012,49,1.23,0.7884,158,1.22,0.782,2,1.24,0.7948,41,0
IWM190920C157,2019-09-18,2019-09-18 09:37:22,1.25,0.8012,49,1.23,0.7884,194,1.22,0.782,2,1.24,0.7948,41,0
IWM190920C157,2019-09-18,2019-09-18 09:37:23,1.25,0.8012,49,1.23,0.7884,158,1.22,0.782,2,1.24,0.7948,41,0
IWM190920C157,2019-09-18,2019-09-18 09:37:24,1.25,0.8012,49,1.23,0.7884,158,1.22,0.782,2,1.24,0.7948,41,0
IWM190920C157,2019-09-18,2019-09-18 09:37:25,1.25,0.8012,33,1.23,0.7884,158,1.22,0.782,2,1.24,0.7948,41,0
IWM190920C157,2019-09-18,2019-09-18 09:37:26,1.25,0.8012,33,1.24,0.7948,17,1.22,0.782,2,1.245,0.798,41,0
IWM190920C157,2019-09-18,2019-09-18 09:37:26,1.25,0.8012,33,1.24,0.7948,59,1.22,0.782,2,1.245,0.798,41,0
IWM190920C157,2019-09-18,2019-09-18 09:37:27,1.25,0.8012,33,1.24,0.7948,17,1.22,0.782,2,1.245,0.798,41,0
IWM190920C157,2019-09-18,2019-09-18 09:37:27,1.25,0.8012,33,1.23,0.7884,228,1.22,0.782,2,1.24,0.7948,41,0
IWM190920C157,2019-09-18,2019-09-18 09:37:28,1.25,0.8012,36,1.23,0.7884,359,1.22,0.782,2,1.24,0.7948,41,0
IWM190920C157,2019-09-18,2019-09-18 09:37:28,1.25,0.8012,36,1.24,0.7948,29,1.22,0.782,2,1.245,0.798,41,0
IWM190920C157,2019-09-18,2019-09-18 09:37:29,1.28,0.8205,36,1.26,0.8076,104,1.22,0.782,2,1.27,0.8141,41,0
IWM190920C157,2019-09-18,2019-09-18 09:37:29,1.26,0.8076,36,1.24,0.7948,200,1.22,0.782,2,1.25,0.8012,41,0
IWM190920C157,2019-09-18,2019-09-18 09:37:30,1.28,0.8205,36,1.26,0.8076,245,1.22,0.782,2,1.27,0.8141,41,0
IWM190920C157,2019-09-18,2019-09-18 09:37:31,1.28,0.8205,55,1.26,0.8076,103,1.22,0.782,2,1.27,0.8141,41,0
IWM190920C157,2019-09-18,2019-09-18 09:37:31,1.28,0.8205,55,1.26,0.8076,84,1.22,0.782,2,1.27,0.8141,41,0
IWM190920C157,2019-09-18,2019-09-18 09:37:32,1.28,0.8205,55,1.26,0.8076,277,1.22,0.782,2,1.27,0.8141,41,0
IWM190920C157,2019-09-18,2019-09-18 09:37:33,1.29,0.8269,36,1.27,0.8141,195,1.22,0.782,2,1.28,0.8205,41,0
IWM190920C157,2019-09-18,2019-09-18 09:37:33,1.3,0.8333,57,1.28,0.8205,31,1.22,0.782,2,1.29,0.8269,41,0
IWM190920C157,2019-09-18,2019-09-18 09:37:34,1.3,0.8333,38,1.29,0.8269,7,1.22,0.782,2,1.295,0.8301,41,0
IWM190920C157,2019-09-18,2019-09-18 09:37:34,1.3,0.8333,57,1.28,0.8205,58,1.22,0.782,2,1.29,0.8269,41,0
IWM190920C157,2019-09-18,2019-09-18 09:37:35,1.3,0.8333,57,1.28,0.8205,68,1.22,0.782,2,1.29,0.8269,41,0
IWM190920C157,2019-09-18,2019-09-18 09:37:36,1.3,0.8333,38,1.28,0.8205,68,1.22,0.782,2,1.29,0.8269,41,0
IWM190920C157,2019-09-18,2019-09-18 09:37:37,1.3,0.8333,38,1.28,0.8205,189,1.22,0.782,2,1.29,0.8269,41,0
IWM190920C157,2019-09-18,2019-09-18 09:37:38,1.3,0.8333,38,1.28,0.8205,189,1.22,0.782,2,1.29,0.8269,41,0
IWM190920C157,2019-09-18,2019-09-18 09:37:39,1.3,0.8333,30,1.28,0.8205,194,1.22,0.782,2,1.29,0.8269,41,0
IWM190920C157,2019-09-18,2019-09-18 09:37:40,1.3,0.8333,30,1.28,0.8205,194,1.22,0.782,2,1.29,0.8269,41,0
IWM190920C157,2019-09-18,2019-09-18 09:37:41,1.3,0.8333,30,1.28,0.8205,160,1.22,0.782,2,1.29,0.8269,41,0
IWM190920C157,2019-09-18,2019-09-18 09:37:41,1.3,0.8333,30,1.28,0.8205,170,1.22,0.782,2,1.29,0.8269,41,0
IWM190920C157,2019-09-18,2019-09-18 09:37:42,1.3,0.8333,30,1.28,0.8205,135,1.22,0.782,2,1.29,0.8269,41,0
IWM190920C157,2019-09-18,2019-09-18 09:37:42,1.3,0.8333,30,1.28,0.8205,84,1.22,0.782,2,1.29,0.8269,41,0
IWM190920C157,2019-09-18,2019-09-18 09:37:43,1.3,0.8333,29,1.28,0.8205,172,1.22,0.782,2,1.29,0.8269,41,0
IWM190920C157,2019-09-18,2019-09-18 09:37:44,1.3,0.8333,29,1.28,0.8205,172,1.22,0.782,2,1.29,0.8269,41,0
IWM190920C157,2019-09-18,2019-09-18 09:37:45,1.3,0.8333,29,1.28,0.8205,117,1.22,0.782,2,1.29,0.8269,41,0
IWM190920C157,2019-09-18,2019-09-18 09:37:45,1.3,0.8333,29,1.28,0.8205,83,1.22,0.782,2,1.29,0.8269,41,0
IWM190920C157,2019-09-18,2019-09-18 09:37:46,1.29,0.8269,16,1.28,0.8205,55,1.22,0.782,2,1.285,0.8237,41,0
IWM190920C157,2019-09-18,2019-09-18 09:37:46,1.29,0.8269,45,1.27,0.8141,83,1.22,0.782,2,1.28,0.8205,41,0
IWM190920C157,2019-09-18,2019-09-18 09:37:47,1.29,0.8269,45,1.27,0.8141,78,1.22,0.782,2,1.28,0.8205,41,0
IWM190920C157,2019-09-18,2019-09-18 09:37:47,1.29,0.8269,73,1.27,0.8141,78,1.22,0.782,2,1.28,0.8205,41,0
IWM190920C157,2019-09-18,2019-09-18 09:37:48,1.29,0.8269,73,1.27,0.8141,49,1.22,0.782,2,1.28,0.8205,41,0
IWM190920C157,2019-09-18,2019-09-18 09:37:49,1.29,0.8269,73,1.27,0.8141,49,1.22,0.782,2,1.28,0.8205,41,0
IWM190920C157,2019-09-18,2019-09-18 09:37:49,1.29,0.8269,73,1.27,0.8141,68,1.22,0.782,2,1.28,0.8205,41,0
IWM190920C157,2019-09-18,2019-09-18 09:37:50,1.29,0.8269,6,1.28,0.8205,29,1.22,0.782,2,1.285,0.8237,41,0
IWM190920C157,2019-09-18,2019-09-18 09:37:50,1.3,0.8333,35,1.28,0.8205,83,1.22,0.782,2,1.29,0.8269,41,0
IWM190920C157,2019-09-18,2019-09-18 09:37:51,1.29,0.8269,32,1.27,0.8141,239,1.22,0.782,2,1.28,0.8205,41,0
IWM190920C157,2019-09-18,2019-09-18 09:37:51,1.29,0.8269,24,1.27,0.8141,239,1.22,0.782,2,1.28,0.8205,41,0
IWM190920C157,2019-09-18,2019-09-18 09:37:52,1.29,0.8269,48,1.27,0.8141,239,1.22,0.782,2,1.28,0.8205,41,0
IWM190920C157,2019-09-18,2019-09-18 09:37:52,1.29,0.8269,42,1.27,0.8141,82,1.22,0.782,2,1.28,0.8205,41,0
IWM190920C157,2019-09-18,2019-09-18 09:37:53,1.28,0.8205,12,1.27,0.8141,43,1.22,0.782,2,1.275,0.8173,41,0
IWM190920C157,2019-09-18,2019-09-18 09:37:53,1.3,0.8333,52,1.28,0.8205,103,1.22,0.782,2,1.29,0.8269,41,0
IWM190920C157,2019-09-18,2019-09-18 09:37:54,1.3,0.8333,52,1.28,0.8205,82,1.22,0.782,2,1.29,0.8269,41,0
IWM190920C157,2019-09-18,2019-09-18 09:37:54,1.3,0.8333,52,1.28,0.8205,106,1.22,0.782,2,1.29,0.8269,41,0
IWM190920C157,2019-09-18,2019-09-18 09:37:55,1.3,0.8333,52,1.28,0.8205,82,1.22,0.782,2,1.29,0.8269,41,0
IWM190920C157,2019-09-18,2019-09-18 09:37:55,1.3,0.8333,71,1.27,0.8141,34,1.22,0.782,2,1.285,0.8237,41,0
IWM190920C157,2019-09-18,2019-09-18 09:37:56,1.3,0.8333,71,1.27,0.8141,16,1.22,0.782,2,1.285,0.8237,41,0
IWM190920C157,2019-09-18,2019-09-18 09:37:56,1.28,0.8205,29,1.26,0.8076,204,1.22,0.782,2,1.27,0.8141,41,0
IWM190920C157,2019-09-18,2019-09-18 09:37:57,1.28,0.8205,29,1.26,0.8076,251,1.22,0.782,2,1.27,0.8141,41,0
IWM190920C157,2019-09-18,2019-09-18 09:37:58,1.28,0.8205,51,1.26,0.8076,251,1.22,0.782,2,1.27,0.8141,41,0
IWM190920C157,2019-09-18,2019-09-18 09:37:58,1.28,0.8205,29,1.26,0.8076,251,1.22,0.782,2,1.27,0.8141,41,0
IWM190920C157,2019-09-18,2019-09-18 09:37:59,1.28,0.8205,51,1.26,0.8076,60,1.22,0.782,2,1.27,0.8141,41,0
IWM190920C157,2019-09-18,2019-09-18 09:38:00,1.28,0.8205,51,1.26,0.8076,31,1.22,0.782,2,1.27,0.8141,41,0
IWM190920C157,2019-09-18,2019-09-18 09:38:00,1.28,0.8205,51,1.26,0.8076,60,1.22,0.782,2,1.27,0.8141,41,0
IWM190920C157,2019-09-18,2019-09-18 09:38:01,1.29,0.8269,31,1.28,0.8205,9,1.22,0.782,2,1.285,0.8237,41,0
IWM190920C157,2019-09-18,2019-09-18 09:38:01,1.29,0.8269,31,1.27,0.8141,43,1.22,0.782,2,1.28,0.8205,41,0
IWM190920C157,2019-09-18,2019-09-18 09:38:02,1.29,0.8269,73,1.26,0.8076,220,1.22,0.782,2,1.275,0.8173,41,0
IWM190920C157,2019-09-18,2019-09-18 09:38:02,1.29,0.8269,79,1.26,0.8076,220,1.22,0.782,2,1.275,0.8173,41,0
IWM190920C157,2019-09-18,2019-09-18 09:38:03,1.29,0.8269,79,1.28,0.8205,11,1.22,0.782,2,1.285,0.8237,41,0
IWM190920C157,2019-09-18,2019-09-18 09:38:04,1.3,0.8333,39,1.28,0.8205,86,1.22,0.782,2,1.29,0.8269,41,0
IWM190920C157,2019-09-18,2019-09-18 09:38:04,1.3,0.8333,39,1.28,0.8205,96,1.22,0.782,2,1.29,0.8269,41,0
IWM190920C157,2019-09-18,2019-09-18 09:38:05,1.31,0.8397,60,1.29,0.8269,77,1.22,0.782,2,1.3,0.8333,41,0
IWM190920C157,2019-09-18,2019-09-18 09:38:05,1.3,0.8333,11,1.29,0.8269,17,1.22,0.782,2,1.295,0.8301,41,0
IWM190920C157,2019-09-18,2019-09-18 09:38:06,1.3,0.8333,32,1.29,0.8269,101,1.22,0.782,2,1.295,0.8301,41,0
IWM190920C157,2019-09-18,2019-09-18 09:38:06,1.31,0.8397,60,1.29,0.8269,65,1.22,0.782,2,1.3,0.8333,41,0
IWM190920C157,2019-09-18,2019-09-18 09:38:07,1.3,0.8333,16,1.28,0.8205,270,1.22,0.782,2,1.29,0.8269,41,0
IWM190920C157,2019-09-18,2019-09-18 09:38:07,1.31,0.8397,60,1.29,0.8269,65,1.22,0.782,2,1.3,0.8333,41,0
IWM190920C157,2019-09-18,2019-09-18 09:38:08,1.31,0.8397,84,1.28,0.8205,270,1.22,0.782,2,1.295,0.8301,41,0
IWM190920C157,2019-09-18,2019-09-18 09:38:08,1.31,0.8397,84,1.29,0.8269,44,1.22,0.782,2,1.3,0.8333,41,0
IWM190920C157,2019-09-18,2019-09-18 09:38:09,1.31,0.8397,80,1.29,0.8269,43,1.22,0.782,2,1.3,0.8333,41,0
IWM190920C157,2019-09-18,2019-09-18 09:38:10,1.31,0.8397,104,1.28,0.8205,270,1.22,0.782,2,1.295,0.8301,41,0
IWM190920C157,2019-09-18,2019-09-18 09:38:10,1.3,0.8333,13,1.28,0.8205,127,1.22,0.782,2,1.29,0.8269,41,0
IWM190920C157,2019-09-18,2019-09-18 09:38:11,1.29,0.8269,63,1.27,0.8141,80,1.22,0.782,2,1.28,0.8205,41,0
IWM190920C157,2019-09-18,2019-09-18 09:38:11,1.29,0.8269,63,1.27,0.8141,63,1.22,0.782,2,1.28,0.8205,41,0
IWM190920C157,2019-09-18,2019-09-18 09:38:12,1.29,0.8269,63,1.27,0.8141,68,1.22,0.782,2,1.28,0.8205,41,0
IWM190920C157,2019-09-18,2019-09-18 09:38:12,1.29,0.8269,93,1.27,0.8141,45,1.22,0.782,2,1.28,0.8205,41,0
IWM190920C157,2019-09-18,2019-09-18 09:38:13,1.29,0.8269,93,1.27,0.8141,45,1.22,0.782,2,1.28,0.8205,41,0
IWM190920C157,2019-09-18,2019-09-18 09:38:14,1.29,0.8269,50,1.27,0.8141,64,1.22,0.782,2,1.28,0.8205,41,0
IWM190920C157,2019-09-18,2019-09-18 09:38:14,1.29,0.8269,50,1.27,0.8141,85,1.22,0.782,2,1.28,0.8205,41,0
IWM190920C157,2019-09-18,2019-09-18 09:38:15,1.29,0.8269,50,1.27,0.8141,64,1.22,0.782,2,1.28,0.8205,41,0
IWM190920C157,2019-09-18,2019-09-18 09:38:15,1.29,0.8269,93,1.27,0.8141,88,1.22,0.782,2,1.28,0.8205,41,0
IWM190920C157,2019-09-18,2019-09-18 09:38:16,1.28,0.8205,24,1.27,0.8141,69,1.22,0.782,2,1.275,0.8173,41,0
IWM190920C157,2019-09-18,2019-09-18 09:38:16,1.28,0.8205,34,1.26,0.8076,218,1.22,0.782,2,1.27,0.8141,41,0
IWM190920C157,2019-09-18,2019-09-18 09:38:17,1.28,0.8205,34,1.26,0.8076,242,1.22,0.782,2,1.27,0.8141,41,0
IWM190920C157,2019-09-18,2019-09-18 09:38:17,1.28,0.8205,34,1.26,0.8076,190,1.22,0.782,2,1.27,0.8141,41,0
IWM190920C157,2019-09-18,2019-09-18 09:38:18,1.28,0.8205,34,1.26,0.8076,190,1.22,0.782,2,1.27,0.8141,41,0
IWM190920C157,2019-09-18,2019-09-18 09:38:18,1.28,0.8205,34,1.26,0.8076,209,1.22,0.782,2,1.27,0.8141,41,0
IWM190920C157,2019-09-18,2019-09-18 09:38:19,1.29,0.8269,52,1.27,0.8141,26,1.29,0.8269,2,1.28,0.8205,70,0
IWM190920C157,2019-09-18,2019-09-18 09:38:19,1.28,0.8205,24,1.26,0.8076,239,1.29,0.8269,2,1.27,0.8141,70,29
IWM190920C157,2019-09-18,2019-09-18 09:38:20,1.29,0.8269,52,1.27,0.8141,74,1.29,0.8269,2,1.28,0.8205,70,0
IWM190920C157,2019-09-18,2019-09-18 09:38:21,1.29,0.8269,33,1.27,0.8141,232,1.29,0.8269,2,1.28,0.8205,70,0
IWM190920C157,2019-09-18,2019-09-18 09:38:21,1.29,0.8269,53,1.27,0.8141,74,1.29,0.8269,2,1.28,0.8205,70,0
IWM190920C157,2019-09-18,2019-09-18 09:38:22,1.29,0.8269,1,1.27,0.8141,256,1.29,0.8269,2,1.28,0.8205,70,0
IWM190920C157,2019-09-18,2019-09-18 09:38:22,1.3,0.8333,79,1.29,0.8269,27,1.29,0.8269,2,1.295,0.8301,70,0
IWM190920C157,2019-09-18,2019-09-18 09:38:23,1.31,0.8397,59,1.29,0.8269,80,1.29,0.8269,2,1.3,0.8333,70,0
IWM190920C157,2019-09-18,2019-09-18 09:38:23,1.3,0.8333,34,1.29,0.8269,27,1.29,0.8269,2,1.295,0.8301,70,0
IWM190920C157,2019-09-18,2019-09-18 09:38:24,1.31,0.8397,61,1.29,0.8269,27,1.29,0.8269,2,1.3,0.8333,70,0
IWM190920C157,2019-09-18,2019-09-18 09:38:25,1.31,0.8397,61,1.29,0.8269,27,1.29,0.8269,2,1.3,0.8333,70,0
IWM190920C157,2019-09-18,2019-09-18 09:38:26,1.31,0.8397,61,1.27,0.8141,33,1.29,0.8269,2,1.29,0.8269,70,0
IWM190920C157,2019-09-18,2019-09-18 09:38:26,1.28,0.8205,5,1.27,0.8141,49,1.29,0.8269,2,1.275,0.8173,70,0
IWM190920C157,2019-09-18,2019-09-18 09:38:27,1.29,0.8269,72,1.27,0.8141,79,1.29,0.8269,2,1.28,0.8205,70,0
IWM190920C157,2019-09-18,2019-09-18 09:38:27,1.28,0.8205,5,1.27,0.8141,133,1.29,0.8269,2,1.275,0.8173,70,0
IWM190920C157,2019-09-18,2019-09-18 09:38:28,1.29,0.8269,96,1.27,0.8141,79,1.29,0.8269,2,1.28,0.8205,70,0
IWM190920C157,2019-09-18,2019-09-18 09:38:28,1.29,0.8269,96,1.27,0.8141,103,1.29,0.8269,2,1.28,0.8205,70,0
IWM190920C157,2019-09-18,2019-09-18 09:38:29,1.29,0.8269,34,1.28,0.8205,55,1.29,0.8269,2,1.285,0.8237,70,0
IWM190920C157,2019-09-18,2019-09-18 09:38:29,1.29,0.8269,89,1.27,0.8141,79,1.29,0.8269,2,1.28,0.8205,70,0
IWM190920C157,2019-09-18,2019-09-18 09:38:30,1.29,0.8269,34,1.28,0.8205,29,1.29,0.8269,2,1.285,0.8237,70,0
IWM190920C157,2019-09-18,2019-09-18 09:38:31,1.3,0.8333,24,1.29,0.8269,47,1.29,0.8269,2,1.295,0.8301,70,0
IWM190920C157,2019-09-18,2019-09-18 09:38:31,1.3,0.8333,39,1.29,0.8269,33,1.29,0.8269,2,1.295,0.8301,70,0
IWM190920C157,2019-09-18,2019-09-18 09:38:32,1.3,0.8333,62,1.29,0.8269,16,1.29,0.8269,2,1.295,0.8301,70,0
IWM190920C157,2019-09-18,2019-09-18 09:38:32,1.3,0.8333,24,1.28,0.8205,237,1.29,0.8269,2,1.29,0.8269,70,0
IWM190920C157,2019-09-18,2019-09-18 09:38:33,1.3,0.8333,24,1.28,0.8205,243,1.29,0.8269,5,1.29,0.8269,75,0
IWM190920C157,2019-09-18,2019-09-18 09:38:33,1.3,0.8333,24,1.28,0.8205,261,1.29,0.8269,5,1.29,0.8269,75,5
IWM190920C157,2019-09-18,2019-09-18 09:38:34,1.3,0.8333,24,1.28,0.8205,243,1.29,0.8269,5,1.29,0.8269,75,0
IWM190920C157,2019-09-18,2019-09-18 09:38:34,1.3,0.8333,24,1.28,0.8205,213,1.29,0.8269,5,1.29,0.8269,75,0
IWM190920C157,2019-09-18,2019-09-18 09:38:35,1.3,0.8333,34,1.28,0.8205,243,1.29,0.8269,5,1.29,0.8269,75,0
IWM190920C157,2019-09-18,2019-09-18 09:38:35,1.3,0.8333,34,1.28,0.8205,249,1.29,0.8269,5,1.29,0.8269,75,0
IWM190920C157,2019-09-18,2019-09-18 09:38:36,1.3,0.8333,24,1.28,0.8205,249,1.29,0.8269,5,1.29,0.8269,75,0
IWM190920C157,2019-09-18,2019-09-18 09:38:36,1.3,0.8333,34,1.28,0.8205,249,1.29,0.8269,5,1.29,0.8269,75,0
IWM190920C157,2019-09-18,2019-09-18 09:38:37,1.3,0.8333,14,1.29,0.8269,88,1.29,0.8269,5,1.295,0.8301,75,0
IWM190920C157,2019-09-18,2019-09-18 09:38:37,1.3,0.8333,14,1.29,0.8269,43,1.29,0.8269,5,1.295,0.8301,75,0
IWM190920C157,2019-09-18,2019-09-18 09:38:38,1.31,0.8397,34,1.3,0.8333,52,1.29,0.8269,5,1.305,0.8365,75,0
IWM190920C157,2019-09-18,2019-09-18 09:38:38,1.31,0.8397,34,1.29,0.8269,88,1.29,0.8269,5,1.3,0.8333,75,0
IWM190920C157,2019-09-18,2019-09-18 09:38:39,1.31,0.8397,34,1.3,0.8333,17,1.29,0.8269,5,1.305,0.8365,75,0
IWM190920C157,2019-09-18,2019-09-18 09:38:40,1.31,0.8397,34,1.3,0.8333,17,1.29,0.8269,5,1.305,0.8365,75,0
IWM190920C157,2019-09-18,2019-09-18 09:38:40,1.31,0.8397,34,1.29,0.8269,244,1.29,0.8269,5,1.3,0.8333,75,0
IWM190920C157,2019-09-18,2019-09-18 09:38:41,1.31,0.8397,34,1.29,0.8269,244,1.29,0.8269,5,1.3,0.8333,75,0
IWM190920C157,2019-09-18,2019-09-18 09:38:41,1.31,0.8397,34,1.3,0.8333,20,1.29,0.8269,5,1.305,0.8365,75,0
IWM190920C157,2019-09-18,2019-09-18 09:38:42,1.31,0.8397,24,1.3,0.8333,12,1.29,0.8269,5,1.305,0.8365,75,0
IWM190920C157,2019-09-18,2019-09-18 09:38:42,1.31,0.8397,34,1.3,0.8333,24,1.29,0.8269,5,1.305,0.8365,75,0
IWM190920C157,2019-09-18,2019-09-18 09:38:43,1.31,0.8397,26,1.3,0.8333,11,1.29,0.8269,5,1.305,0.8365,75,0
IWM190920C157,2019-09-18,2019-09-18 09:38:43,1.31,0.8397,26,1.3,0.8333,12,1.29,0.8269,5,1.305,0.8365,75,0
IWM190920C157,2019-09-18,2019-09-18 09:38:44,1.31,0.8397,28,1.28,0.8205,32,1.29,0.8269,5,1.295,0.8301,75,0
IWM190920C157,2019-09-18,2019-09-18 09:38:44,1.29,0.8269,7,1.28,0.8205,28,1.29,0.8269,5,1.285,0.8237,75,0
IWM190920C157,2019-09-18,2019-09-18 09:38:45,1.3,0.8333,80,1.28,0.8205,44,1.29,0.8269,5,1.29,0.8269,75,0
IWM190920C157,2019-09-18,2019-09-18 09:38:45,1.29,0.8269,7,1.28,0.8205,28,1.29,0.8269,5,1.285,0.8237,75,0
IWM190920C157,2019-09-18,2019-09-18 09:38:46,1.29,0.8269,7,1.28,0.8205,28,1.29,0.8269,5,1.285,0.8237,75,0
IWM190920C157,2019-09-18,2019-09-18 09:38:46,1.3,0.8333,37,1.28,0.8205,44,1.29,0.8269,5,1.29,0.8269,75,0
IWM190920C157,2019-09-18,2019-09-18 09:38:47,1.3,0.8333,37,1.29,0.8269,31,1.29,0.8269,5,1.295,0.8301,75,0
IWM190920C157,2019-09-18,2019-09-18 09:38:48,1.3,0.8333,37,1.29,0.8269,28,1.29,0.8269,5,1.295,0.8301,75,0
IWM190920C157,2019-09-18,2019-09-18 09:38:49,1.3,0.8333,24,1.29,0.8269,54,1.29,0.8269,5,1.295,0.8301,75,0
IWM190920C157,2019-09-18,2019-09-18 09:38:49,1.3,0.8333,37,1.29,0.8269,28,1.29,0.8269,5,1.295,0.8301,75,0
IWM190920C157,2019-09-18,2019-09-18 09:38:50,1.31,0.8397,20,1.3,0.8333,17,1.29,0.8269,5,1.305,0.8365,75,0
IWM190920C157,2019-09-18,2019-09-18 09:38:50,1.31,0.8397,50,1.3,0.8333,2,1.29,0.8269,5,1.305,0.8365,75,0
IWM190920C157,2019-09-18,2019-09-18 09:38:51,1.31,0.8397,20,1.3,0.8333,17,1.29,0.8269,5,1.305,0.8365,75,0
IWM190920C157,2019-09-18,2019-09-18 09:38:52,1.31,0.8397,20,1.3,0.8333,17,1.29,0.8269,5,1.305,0.8365,75,0
IWM190920C157,2019-09-18,2019-09-18 09:38:52,1.31,0.8397,20,1.3,0.8333,39,1.29,0.8269,5,1.305,0.8365,75,0
IWM190920C157,2019-09-18,2019-09-18 09:38:53,1.31,0.8397,20,1.29,0.8269,251,1.29,0.8269,5,1.3,0.8333,75,0
IWM190920C157,2019-09-18,2019-09-18 09:38:53,1.31,0.8397,20,1.3,0.8333,14,1.29,0.8269,5,1.305,0.8365,75,0
IWM190920C157,2019-09-18,2019-09-18 09:38:54,1.32,0.8461,19,1.31,0.8397,43,1.29,0.8269,5,1.315,0.8429,75,0
IWM190920C157,2019-09-18,2019-09-18 09:38:54,1.31,0.8397,20,1.31,0.8397,43,1.29,0.8269,5,1.31,0.8397,75,0
IWM190920C157,2019-09-18,2019-09-18 09:38:55,1.32,0.8461,19,1.31,0.8397,79,1.32,0.8461,19,1.315,0.8429,94,19
IWM190920C157,2019-09-18,2019-09-18 09:38:55,1.32,0.8461,19,1.31,0.8397,43,1.29,0.8269,5,1.315,0.8429,75,0
IWM190920C157,2019-09-18,2019-09-18 09:38:56,1.33,0.8525,17,1.31,0.8397,69,1.32,0.8461,19,1.32,0.8461,94,0
IWM190920C157,2019-09-18,2019-09-18 09:38:56,1.33,0.8525,17,1.31,0.8397,238,1.32,0.8461,19,1.32,0.8461,94,0
IWM190920C157,2019-09-18,2019-09-18 09:38:57,1.34,0.8589,57,1.31,0.8397,267,1.32,0.8461,19,1.325,0.8493,94,0
IWM190920C157,2019-09-18,2019-09-18 09:38:57,1.33,0.8525,44,1.31,0.8397,53,1.32,0.8461,19,1.32,0.8461,94,0
IWM190920C157,2019-09-18,2019-09-18 09:38:58,1.33,0.8525,44,1.31,0.8397,94,1.32,0.8461,19,1.32,0.8461,94,0
IWM190920C157,2019-09-18,2019-09-18 09:38:59,1.33,0.8525,111,1.31,0.8397,94,1.32,0.8461,19,1.32,0.8461,94,0
IWM190920C157,2019-09-18,2019-09-18 09:38:59,1.33,0.8525,62,1.31,0.8397,94,1.32,0.8461,19,1.32,0.8461,94,0
IWM190920C157,2019-09-18,2019-09-18 09:39:00,1.33,0.8525,17,1.31,0.8397,106,1.32,0.8461,19,1.32,0.8461,94,0
IWM190920C157,2019-09-18,2019-09-18 09:39:01,1.34,0.8589,48,1.32,0.8461,37,1.32,0.8461,19,1.33,0.8525,94,0
IWM190920C157,2019-09-18,2019-09-18 09:39:01,1.33,0.8525,12,1.31,0.8397,179,1.32,0.8461,19,1.32,0.8461,94,0
IWM190920C157,2019-09-18,2019-09-18 09:39:02,1.34,0.8589,39,1.32,0.8461,76,1.32,0.8461,19,1.33,0.8525,94,0
IWM190920C157,2019-09-18,2019-09-18 09:39:02,1.34,0.8589,20,1.32,0.8461,47,1.32,0.8461,19,1.33,0.8525,94,0
IWM190920C157,2019-09-18,2019-09-18 09:39:03,1.34,0.8589,21,1.32,0.8461,47,1.32,0.8461,19,1.33,0.8525,94,0
IWM190920C157,2019-09-18,2019-09-18 09:39:03,1.34,0.8589,21,1.32,0.8461,64,1.32,0.8461,19,1.33,0.8525,94,0
IWM190920C157,2019-09-18,2019-09-18 09:39:04,1.33,0.8525,21,1.32,0.8461,10,1.32,0.8461,19,1.325,0.8493,94,0
IWM190920C157,2019-09-18,2019-09-18 09:39:04,1.33,0.8525,21,1.31,0.8397,157,1.32,0.8461,19,1.32,0.8461,94,0
IWM190920C157,2019-09-18,2019-09-18 09:39:05,1.33,0.8525,24,1.32,0.8461,10,1.32,0.8461,19,1.325,0.8493,94,0
IWM190920C157,2019-09-18,2019-09-18 09:39:06,1.33,0.8525,24,1.32,0.8461,17,1.32,0.8461,19,1.325,0.8493,94,0
IWM190920C157,2019-09-18,2019-09-18 09:39:07,1.33,0.8525,32,1.31,0.8397,42,1.32,0.8461,19,1.32,0.8461,94,0
IWM190920C157,2019-09-18,2019-09-18 09:39:07,1.32,0.8461,32,1.3,0.8333,198,1.32,0.8461,19,1.31,0.8397,94,0
IWM190920C157,2019-09-18,2019-09-18 09:39:08,1.33,0.8525,32,1.31,0.8397,42,1.32,0.8461,19,1.32,0.8461,94,0
