symbol,Date,quote_time,ask_price,norm_ask_price,ask_size,bid_price,norm_bid_price,bid_size,last_trade_price,norm_last_trade_price,last_trade_size,mark_price,norm_mark_price,volume,Volume
SPY190520P283,2019-05-17,2019-05-17 09:33:51,0.6,1.0,2,0.58,0.9666,244,0.59,0.9833,1,0.59,0.9833,717,717
SPY190520P283,2019-05-17,2019-05-17 09:34:06,0.6,1.0,620,0.59,0.9833,72,0.6,1.0,1,0.595,0.9916,719,2
SPY190520P283,2019-05-17,2019-05-17 09:34:09,0.6,1.0,767,0.59,0.9833,68,0.6,1.0,1,0.595,0.9916,719,0
SPY190520P283,2019-05-17,2019-05-17 09:34:10,0.6,1.0,104,0.58,0.9666,100,0.6,1.0,1,0.59,0.9833,719,0
SPY190520P283,2019-05-17,2019-05-17 09:34:10,0.6,1.0,588,0.58,0.9666,67,0.6,1.0,1,0.59,0.9833,719,0
SPY190520P283,2019-05-17,2019-05-17 09:34:11,0.6,1.0,152,0.59,0.9833,68,0.6,1.0,1,0.595,0.9916,719,0
SPY190520P283,2019-05-17,2019-05-17 09:34:12,0.6,1.0,2,0.59,0.9833,577,0.6,1.0,1,0.595,0.9916,722,3
SPY190520P283,2019-05-17,2019-05-17 09:34:13,0.62,1.0333,219,0.6,1.0,154,0.6,1.0,1,0.61,1.0166,722,0
SPY190520P283,2019-05-17,2019-05-17 09:34:14,0.63,1.05,612,0.61,1.0166,41,0.6,1.0,1,0.62,1.0333,722,0
SPY190520P283,2019-05-17,2019-05-17 09:34:15,0.62,1.0333,50,0.61,1.0166,59,0.6,1.0,1,0.615,1.025,722,0
SPY190520P283,2019-05-17,2019-05-17 09:34:16,0.62,1.0333,63,0.61,1.0166,71,0.6,1.0,1,0.615,1.025,722,0
SPY190520P283,2019-05-17,2019-05-17 09:34:17,0.62,1.0333,31,0.61,1.0166,48,0.6,1.0,1,0.615,1.025,722,0
SPY190520P283,2019-05-17,2019-05-17 09:34:18,0.63,1.05,255,0.62,1.0333,58,0.6,1.0,1,0.625,1.0416,722,0
SPY190520P283,2019-05-17,2019-05-17 09:34:19,0.62,1.0333,31,0.61,1.0166,71,0.6,1.0,1,0.615,1.025,722,0
SPY190520P283,2019-05-17,2019-05-17 09:34:20,0.62,1.0333,282,0.61,1.0166,16,0.6,1.0,1,0.615,1.025,722,0
SPY190520P283,2019-05-17,2019-05-17 09:34:21,0.62,1.0333,234,0.61,1.0166,16,0.6,1.0,1,0.615,1.025,722,0
SPY190520P283,2019-05-17,2019-05-17 09:34:22,0.63,1.05,1364,0.61,1.0166,78,0.6,1.0,1,0.62,1.0333,722,0
SPY190520P283,2019-05-17,2019-05-17 09:34:23,0.62,1.0333,248,0.6,1.0,46,0.6,1.0,1,0.61,1.0166,722,0
SPY190520P283,2019-05-17,2019-05-17 09:34:24,0.61,1.0166,1,0.6,1.0,103,0.61,1.0166,5,0.605,1.0083,727,5
SPY190520P283,2019-05-17,2019-05-17 09:34:25,0.62,1.0333,1105,0.6,1.0,109,0.61,1.0166,5,0.61,1.0166,727,0
SPY190520P283,2019-05-17,2019-05-17 09:34:26,0.62,1.0333,810,0.6,1.0,138,0.61,1.0166,5,0.61,1.0166,727,0
SPY190520P283,2019-05-17,2019-05-17 09:34:27,0.61,1.0166,1,0.6,1.0,128,0.61,1.0166,5,0.605,1.0083,727,0
SPY190520P283,2019-05-17,2019-05-17 09:34:28,0.61,1.0166,1,0.6,1.0,123,0.61,1.0166,5,0.605,1.0083,727,0
SPY190520P283,2019-05-17,2019-05-17 09:34:29,0.63,1.05,1066,0.61,1.0166,68,0.61,1.0166,1,0.62,1.0333,729,2
SPY190520P283,2019-05-17,2019-05-17 09:34:30,0.63,1.05,1073,0.61,1.0166,127,0.61,1.0166,1,0.62,1.0333,729,0
SPY190520P283,2019-05-17,2019-05-17 09:34:31,0.63,1.05,1993,0.61,1.0166,100,0.61,1.0166,1,0.62,1.0333,729,0
SPY190520P283,2019-05-17,2019-05-17 09:34:32,0.63,1.05,971,0.61,1.0166,134,0.61,1.0166,1,0.62,1.0333,729,0
SPY190520P283,2019-05-17,2019-05-17 09:34:33,0.63,1.05,143,0.62,1.0333,73,0.61,1.0166,1,0.625,1.0416,729,0
SPY190520P283,2019-05-17,2019-05-17 09:34:34,0.64,1.0666,9,0.63,1.05,72,0.61,1.0166,1,0.635,1.0583,729,0
SPY190520P283,2019-05-17,2019-05-17 09:34:35,0.64,1.0666,9,0.63,1.05,142,0.61,1.0166,1,0.635,1.0583,729,0
SPY190520P283,2019-05-17,2019-05-17 09:34:36,0.64,1.0666,3,0.63,1.05,1046,0.61,1.0166,1,0.635,1.0583,732,3
SPY190520P283,2019-05-17,2019-05-17 09:34:37,0.66,1.1,1015,0.64,1.0666,73,0.64,1.0666,3,0.65,1.0833,732,0
SPY190520P283,2019-05-17,2019-05-17 09:34:38,0.65,1.0833,50,0.64,1.0666,72,0.65,1.0833,1,0.645,1.075,736,4
SPY190520P283,2019-05-17,2019-05-17 09:34:39,0.65,1.0833,50,0.64,1.0666,72,0.65,1.0833,1,0.645,1.075,736,0
SPY190520P283,2019-05-17,2019-05-17 09:34:40,0.66,1.1,1008,0.64,1.0666,100,0.65,1.0833,1,0.65,1.0833,736,0
SPY190520P283,2019-05-17,2019-05-17 09:34:41,0.66,1.1,1059,0.64,1.0666,72,0.65,1.0833,1,0.65,1.0833,736,0
SPY190520P283,2019-05-17,2019-05-17 09:34:42,0.66,1.1,1059,0.64,1.0666,72,0.65,1.0833,1,0.65,1.0833,736,0
SPY190520P283,2019-05-17,2019-05-17 09:34:43,0.66,1.1,218,0.64,1.0666,90,0.65,1.0833,1,0.65,1.0833,736,0
SPY190520P283,2019-05-17,2019-05-17 09:34:44,0.66,1.1,100,0.64,1.0666,120,0.65,1.0833,1,0.65,1.0833,736,0
SPY190520P283,2019-05-17,2019-05-17 09:34:45,0.66,1.1,900,0.64,1.0666,183,0.65,1.0833,1,0.65,1.0833,736,0
SPY190520P283,2019-05-17,2019-05-17 09:34:46,0.66,1.1,809,0.64,1.0666,116,0.65,1.0833,1,0.65,1.0833,736,0
SPY190520P283,2019-05-17,2019-05-17 09:34:47,0.66,1.1,1656,0.64,1.0666,91,0.65,1.0833,1,0.65,1.0833,736,0
SPY190520P283,2019-05-17,2019-05-17 09:34:48,0.66,1.1,100,0.64,1.0666,1231,0.65,1.0833,1,0.65,1.0833,736,0
SPY190520P283,2019-05-17,2019-05-17 09:34:49,0.66,1.1,100,0.65,1.0833,15,0.65,1.0833,1,0.655,1.0916,736,0
SPY190520P283,2019-05-17,2019-05-17 09:34:50,0.66,1.1,238,0.64,1.0666,63,0.65,1.0833,1,0.65,1.0833,736,0
SPY190520P283,2019-05-17,2019-05-17 09:34:51,0.65,1.0833,311,0.63,1.05,51,0.65,1.0833,1,0.64,1.0666,736,0
SPY190520P283,2019-05-17,2019-05-17 09:34:52,0.65,1.0833,1378,0.63,1.05,38,0.65,1.0833,1,0.64,1.0666,736,0
SPY190520P283,2019-05-17,2019-05-17 09:34:53,0.64,1.0666,6,0.62,1.0333,46,0.65,1.0833,1,0.63,1.05,736,0
SPY190520P283,2019-05-17,2019-05-17 09:34:54,0.63,1.05,63,0.61,1.0166,120,0.65,1.0833,1,0.62,1.0333,736,0
SPY190520P283,2019-05-17,2019-05-17 09:34:55,0.63,1.05,212,0.61,1.0166,701,0.65,1.0833,1,0.62,1.0333,736,0
SPY190520P283,2019-05-17,2019-05-17 09:34:56,0.63,1.05,100,0.6,1.0,30,0.65,1.0833,1,0.615,1.025,736,0
SPY190520P283,2019-05-17,2019-05-17 09:34:57,0.63,1.05,100,0.61,1.0166,974,0.65,1.0833,1,0.62,1.0333,736,0
SPY190520P283,2019-05-17,2019-05-17 09:34:58,0.64,1.0666,1751,0.62,1.0333,166,0.65,1.0833,1,0.63,1.05,736,0
SPY190520P283,2019-05-17,2019-05-17 09:35:00,0.64,1.0666,1078,0.62,1.0333,130,0.65,1.0833,1,0.63,1.05,736,0
SPY190520P283,2019-05-17,2019-05-17 09:35:00,0.64,1.0666,1497,0.62,1.0333,399,0.65,1.0833,1,0.63,1.05,736,0
SPY190520P283,2019-05-17,2019-05-17 09:35:01,0.64,1.0666,900,0.62,1.0333,332,0.65,1.0833,1,0.63,1.05,736,0
SPY190520P283,2019-05-17,2019-05-17 09:35:02,0.64,1.0666,321,0.61,1.0166,56,0.65,1.0833,1,0.625,1.0416,736,0
SPY190520P283,2019-05-17,2019-05-17 09:35:03,0.63,1.05,2214,0.61,1.0166,35,0.65,1.0833,1,0.62,1.0333,736,0
SPY190520P283,2019-05-17,2019-05-17 09:35:04,0.62,1.0333,154,0.6,1.0,488,0.65,1.0833,1,0.61,1.0166,736,0
SPY190520P283,2019-05-17,2019-05-17 09:35:05,0.62,1.0333,266,0.6,1.0,130,0.62,1.0333,2,0.61,1.0166,741,5
SPY190520P283,2019-05-17,2019-05-17 09:35:06,0.61,1.0166,139,0.6,1.0,22,0.62,1.0333,2,0.605,1.0083,741,0
SPY190520P283,2019-05-17,2019-05-17 09:35:07,0.61,1.0166,6,0.6,1.0,135,0.62,1.0333,2,0.605,1.0083,741,0
SPY190520P283,2019-05-17,2019-05-17 09:35:09,0.62,1.0333,266,0.6,1.0,136,0.62,1.0333,2,0.61,1.0166,741,0
SPY190520P283,2019-05-17,2019-05-17 09:35:10,0.62,1.0333,60,0.6,1.0,186,0.62,1.0333,2,0.61,1.0166,741,0
SPY190520P283,2019-05-17,2019-05-17 09:35:19,0.64,1.0666,970,0.62,1.0333,242,0.62,1.0333,1,0.63,1.05,748,7
SPY190520P283,2019-05-17,2019-05-17 09:35:20,0.64,1.0666,1572,0.62,1.0333,220,0.62,1.0333,1,0.63,1.05,748,0
SPY190520P283,2019-05-17,2019-05-17 09:35:21,0.63,1.05,860,0.62,1.0333,35,0.62,1.0333,1,0.625,1.0416,748,0
SPY190520P283,2019-05-17,2019-05-17 09:35:22,0.63,1.05,38,0.62,1.0333,1,0.62,1.0333,1,0.625,1.0416,748,0
SPY190520P283,2019-05-17,2019-05-17 09:35:23,0.63,1.05,13,0.62,1.0333,130,0.62,1.0333,1,0.625,1.0416,748,0
SPY190520P283,2019-05-17,2019-05-17 09:35:24,0.64,1.0666,1614,0.62,1.0333,222,0.62,1.0333,1,0.63,1.05,748,0
SPY190520P283,2019-05-17,2019-05-17 09:35:25,0.64,1.0666,970,0.62,1.0333,913,0.62,1.0333,1,0.63,1.05,748,0
SPY190520P283,2019-05-17,2019-05-17 09:35:26,0.64,1.0666,970,0.62,1.0333,913,0.62,1.0333,1,0.63,1.05,748,0
SPY190520P283,2019-05-17,2019-05-17 09:35:27,0.64,1.0666,970,0.62,1.0333,913,0.62,1.0333,1,0.63,1.05,748,0
SPY190520P283,2019-05-17,2019-05-17 09:35:28,0.64,1.0666,970,0.62,1.0333,811,0.62,1.0333,1,0.63,1.05,748,0
SPY190520P283,2019-05-17,2019-05-17 09:35:29,0.64,1.0666,970,0.62,1.0333,547,0.62,1.0333,1,0.63,1.05,748,0
SPY190520P283,2019-05-17,2019-05-17 09:35:30,0.64,1.0666,120,0.63,1.05,66,0.62,1.0333,1,0.635,1.0583,748,0
SPY190520P283,2019-05-17,2019-05-17 09:35:32,0.65,1.0833,1620,0.62,1.0333,612,0.62,1.0333,1,0.635,1.0583,748,0
SPY190520P283,2019-05-17,2019-05-17 09:35:32,0.64,1.0666,119,0.63,1.05,50,0.62,1.0333,1,0.635,1.0583,748,0
SPY190520P283,2019-05-17,2019-05-17 09:35:33,0.64,1.0666,16,0.63,1.05,140,0.62,1.0333,1,0.635,1.0583,748,0
SPY190520P283,2019-05-17,2019-05-17 09:35:34,0.64,1.0666,100,0.63,1.05,70,0.62,1.0333,1,0.635,1.0583,748,0
SPY190520P283,2019-05-17,2019-05-17 09:35:35,0.64,1.0666,50,0.63,1.05,266,0.62,1.0333,1,0.635,1.0583,748,0
SPY190520P283,2019-05-17,2019-05-17 09:35:36,0.65,1.0833,21,0.64,1.0666,47,0.62,1.0333,1,0.645,1.075,748,0
SPY190520P283,2019-05-17,2019-05-17 09:35:37,0.65,1.0833,61,0.64,1.0666,150,0.62,1.0333,1,0.645,1.075,748,0
SPY190520P283,2019-05-17,2019-05-17 09:35:38,0.65,1.0833,117,0.64,1.0666,130,0.62,1.0333,1,0.645,1.075,748,0
SPY190520P283,2019-05-17,2019-05-17 09:35:39,0.65,1.0833,117,0.64,1.0666,130,0.62,1.0333,1,0.645,1.075,748,0
SPY190520P283,2019-05-17,2019-05-17 09:35:40,0.65,1.0833,60,0.63,1.05,867,0.62,1.0333,1,0.64,1.0666,748,0
SPY190520P283,2019-05-17,2019-05-17 09:35:41,0.66,1.1,900,0.63,1.05,476,0.62,1.0333,1,0.645,1.075,748,0
SPY190520P283,2019-05-17,2019-05-17 09:35:42,0.66,1.1,349,0.64,1.0666,140,0.62,1.0333,1,0.65,1.0833,748,0
SPY190520P283,2019-05-17,2019-05-17 09:35:43,0.66,1.1,900,0.64,1.0666,140,0.62,1.0333,1,0.65,1.0833,748,0
SPY190520P283,2019-05-17,2019-05-17 09:35:44,0.66,1.1,1673,0.64,1.0666,61,0.62,1.0333,1,0.65,1.0833,748,0
SPY190520P283,2019-05-17,2019-05-17 09:35:45,0.66,1.1,973,0.64,1.0666,125,0.62,1.0333,1,0.65,1.0833,748,0
SPY190520P283,2019-05-17,2019-05-17 09:35:46,0.66,1.1,203,0.64,1.0666,130,0.62,1.0333,1,0.65,1.0833,748,0
SPY190520P283,2019-05-17,2019-05-17 09:35:47,0.66,1.1,711,0.64,1.0666,50,0.62,1.0333,1,0.65,1.0833,748,0
SPY190520P283,2019-05-17,2019-05-17 09:35:48,0.65,1.0833,63,0.64,1.0666,66,0.62,1.0333,1,0.645,1.075,748,0
SPY190520P283,2019-05-17,2019-05-17 09:35:50,0.65,1.0833,63,0.63,1.05,932,0.62,1.0333,1,0.64,1.0666,748,0
SPY190520P283,2019-05-17,2019-05-17 09:35:51,0.65,1.0833,2084,0.62,1.0333,258,0.62,1.0333,1,0.635,1.0583,748,0
SPY190520P283,2019-05-17,2019-05-17 09:35:52,0.64,1.0666,50,0.63,1.05,116,0.62,1.0333,1,0.635,1.0583,748,0
SPY190520P283,2019-05-17,2019-05-17 09:35:53,0.64,1.0666,57,0.63,1.05,116,0.62,1.0333,1,0.635,1.0583,748,0
SPY190520P283,2019-05-17,2019-05-17 09:35:54,0.64,1.0666,58,0.62,1.0333,1060,0.62,1.0333,1,0.63,1.05,748,0
SPY190520P283,2019-05-17,2019-05-17 09:35:55,0.64,1.0666,1326,0.62,1.0333,721,0.62,1.0333,1,0.63,1.05,748,0
SPY190520P283,2019-05-17,2019-05-17 09:35:56,0.64,1.0666,178,0.62,1.0333,721,0.62,1.0333,1,0.63,1.05,748,0
SPY190520P283,2019-05-17,2019-05-17 09:35:57,0.64,1.0666,304,0.62,1.0333,413,0.62,1.0333,1,0.63,1.05,748,0
SPY190520P283,2019-05-17,2019-05-17 09:35:58,0.64,1.0666,1478,0.62,1.0333,6,0.62,1.0333,1,0.63,1.05,748,0
SPY190520P283,2019-05-17,2019-05-17 09:35:59,0.63,1.05,118,0.62,1.0333,135,0.62,1.0333,1,0.625,1.0416,748,0
SPY190520P283,2019-05-17,2019-05-17 09:36:00,0.63,1.05,1558,0.62,1.0333,1,0.62,1.0333,1,0.625,1.0416,748,0
SPY190520P283,2019-05-17,2019-05-17 09:36:00,0.63,1.05,1707,0.62,1.0333,1,0.62,1.0333,1,0.625,1.0416,748,0
SPY190520P283,2019-05-17,2019-05-17 09:36:01,0.63,1.05,1481,0.62,1.0333,1,0.62,1.0333,1,0.625,1.0416,748,0
SPY190520P283,2019-05-17,2019-05-17 09:36:02,0.63,1.05,2096,0.62,1.0333,1,0.62,1.0333,1,0.625,1.0416,748,0
SPY190520P283,2019-05-17,2019-05-17 09:36:03,0.63,1.05,2099,0.62,1.0333,1,0.62,1.0333,1,0.625,1.0416,748,0
SPY190520P283,2019-05-17,2019-05-17 09:36:04,0.63,1.05,2099,0.62,1.0333,1,0.62,1.0333,1,0.625,1.0416,748,0
SPY190520P283,2019-05-17,2019-05-17 09:36:05,0.64,1.0666,1087,0.62,1.0333,63,0.62,1.0333,1,0.63,1.05,748,0
SPY190520P283,2019-05-17,2019-05-17 09:36:06,0.63,1.05,63,0.62,1.0333,61,0.62,1.0333,1,0.625,1.0416,748,0
SPY190520P283,2019-05-17,2019-05-17 09:36:07,0.64,1.0666,911,0.62,1.0333,124,0.62,1.0333,1,0.63,1.05,748,0
SPY190520P283,2019-05-17,2019-05-17 09:36:08,0.64,1.0666,2084,0.62,1.0333,122,0.62,1.0333,1,0.63,1.05,748,0
SPY190520P283,2019-05-17,2019-05-17 09:36:09,0.63,1.05,96,0.62,1.0333,1,0.62,1.0333,1,0.625,1.0416,748,0
SPY190520P283,2019-05-17,2019-05-17 09:36:10,0.63,1.05,2135,0.62,1.0333,1,0.62,1.0333,1,0.625,1.0416,748,0
SPY190520P283,2019-05-17,2019-05-17 09:36:11,0.63,1.05,588,0.62,1.0333,50,0.62,1.0333,1,0.625,1.0416,748,0
SPY190520P283,2019-05-17,2019-05-17 09:36:12,0.63,1.05,64,0.62,1.0333,130,0.62,1.0333,1,0.625,1.0416,748,0
SPY190520P283,2019-05-17,2019-05-17 09:36:13,0.63,1.05,1,0.62,1.0333,1011,0.62,1.0333,1,0.625,1.0416,748,0
SPY190520P283,2019-05-17,2019-05-17 09:36:14,0.63,1.05,1,0.62,1.0333,1594,0.62,1.0333,1,0.625,1.0416,748,0
SPY190520P283,2019-05-17,2019-05-17 09:36:15,0.63,1.05,1,0.62,1.0333,1492,0.62,1.0333,1,0.625,1.0416,748,0
SPY190520P283,2019-05-17,2019-05-17 09:36:16,0.65,1.0833,1308,0.62,1.0333,1492,0.63,1.05,1,0.635,1.0583,750,2
SPY190520P283,2019-05-17,2019-05-17 09:36:17,0.65,1.0833,188,0.63,1.05,859,0.63,1.05,1,0.64,1.0666,750,0
SPY190520P283,2019-05-17,2019-05-17 09:36:18,0.65,1.0833,6,0.64,1.0666,267,0.63,1.05,1,0.645,1.075,750,0
SPY190520P283,2019-05-17,2019-05-17 09:36:19,0.65,1.0833,6,0.64,1.0666,180,0.63,1.05,1,0.645,1.075,750,0
SPY190520P283,2019-05-17,2019-05-17 09:36:20,0.65,1.0833,1,0.64,1.0666,751,0.63,1.05,1,0.645,1.075,750,0
SPY190520P283,2019-05-17,2019-05-17 09:36:21,0.65,1.0833,1,0.64,1.0666,81,0.63,1.05,1,0.645,1.075,750,0
SPY190520P283,2019-05-17,2019-05-17 09:36:22,0.65,1.0833,6,0.64,1.0666,230,0.63,1.05,1,0.645,1.075,750,0
SPY190520P283,2019-05-17,2019-05-17 09:36:23,0.65,1.0833,1,0.64,1.0666,922,0.63,1.05,1,0.645,1.075,750,0
SPY190520P283,2019-05-17,2019-05-17 09:36:24,0.65,1.0833,1,0.64,1.0666,586,0.63,1.05,1,0.645,1.075,750,0
SPY190520P283,2019-05-17,2019-05-17 09:36:25,0.65,1.0833,1,0.64,1.0666,841,0.63,1.05,1,0.645,1.075,750,0
SPY190520P283,2019-05-17,2019-05-17 09:36:26,0.65,1.0833,1,0.64,1.0666,918,0.63,1.05,1,0.645,1.075,750,0
SPY190520P283,2019-05-17,2019-05-17 09:36:27,0.65,1.0833,1,0.64,1.0666,142,0.63,1.05,1,0.645,1.075,750,0
SPY190520P283,2019-05-17,2019-05-17 09:36:28,0.65,1.0833,210,0.64,1.0666,88,0.63,1.05,1,0.645,1.075,750,0
SPY190520P283,2019-05-17,2019-05-17 09:36:29,0.65,1.0833,114,0.64,1.0666,130,0.63,1.05,1,0.645,1.075,750,0
SPY190520P283,2019-05-17,2019-05-17 09:36:30,0.65,1.0833,1870,0.62,1.0333,46,0.63,1.05,1,0.635,1.0583,750,0
SPY190520P283,2019-05-17,2019-05-17 09:36:31,0.64,1.0666,211,0.63,1.05,13,0.63,1.05,1,0.635,1.0583,750,0
SPY190520P283,2019-05-17,2019-05-17 09:36:32,0.64,1.0666,205,0.63,1.05,36,0.63,1.05,1,0.635,1.0583,750,0
SPY190520P283,2019-05-17,2019-05-17 09:36:34,0.63,1.05,900,0.62,1.0333,175,0.63,1.05,1,0.625,1.0416,750,0
SPY190520P283,2019-05-17,2019-05-17 09:36:35,0.63,1.05,586,0.62,1.0333,1,0.63,1.05,1,0.625,1.0416,750,0
SPY190520P283,2019-05-17,2019-05-17 09:36:36,0.63,1.05,178,0.62,1.0333,55,0.63,1.05,1,0.625,1.0416,750,0
SPY190520P283,2019-05-17,2019-05-17 09:36:37,0.63,1.05,900,0.62,1.0333,31,0.63,1.05,1,0.625,1.0416,750,0
SPY190520P283,2019-05-17,2019-05-17 09:36:38,0.63,1.05,63,0.62,1.0333,68,0.63,1.05,1,0.625,1.0416,750,0
SPY190520P283,2019-05-17,2019-05-17 09:36:39,0.63,1.05,111,0.62,1.0333,68,0.63,1.05,1,0.625,1.0416,750,0
SPY190520P283,2019-05-17,2019-05-17 09:36:40,0.63,1.05,967,0.62,1.0333,1,0.63,1.05,1,0.625,1.0416,750,0
SPY190520P283,2019-05-17,2019-05-17 09:36:41,0.63,1.05,1880,0.62,1.0333,1,0.63,1.05,1,0.625,1.0416,750,0
SPY190520P283,2019-05-17,2019-05-17 09:36:42,0.62,1.0333,143,0.6,1.0,301,0.62,1.0333,1,0.61,1.0166,751,1
SPY190520P283,2019-05-17,2019-05-17 09:36:43,0.62,1.0333,143,0.6,1.0,962,0.62,1.0333,1,0.61,1.0166,751,0
SPY190520P283,2019-05-17,2019-05-17 09:36:44,0.62,1.0333,128,0.61,1.0166,58,0.62,1.0333,1,0.615,1.025,751,0
SPY190520P283,2019-05-17,2019-05-17 09:36:45,0.63,1.05,1825,0.61,1.0166,60,0.62,1.0333,1,0.62,1.0333,751,0
SPY190520P283,2019-05-17,2019-05-17 09:36:46,0.62,1.0333,138,0.6,1.0,475,0.62,1.0333,1,0.61,1.0166,751,0
SPY190520P283,2019-05-17,2019-05-17 09:36:47,0.62,1.0333,900,0.6,1.0,958,0.62,1.0333,1,0.61,1.0166,751,0
SPY190520P283,2019-05-17,2019-05-17 09:36:48,0.61,1.0166,14,0.6,1.0,1081,0.62,1.0333,1,0.605,1.0083,751,0
SPY190520P283,2019-05-17,2019-05-17 09:36:49,0.61,1.0166,60,0.6,1.0,182,0.62,1.0333,1,0.605,1.0083,751,0
SPY190520P283,2019-05-17,2019-05-17 09:36:50,0.61,1.0166,127,0.6,1.0,142,0.62,1.0333,1,0.605,1.0083,751,0
SPY190520P283,2019-05-17,2019-05-17 09:36:51,0.61,1.0166,10,0.6,1.0,438,0.62,1.0333,1,0.605,1.0083,751,0
SPY190520P283,2019-05-17,2019-05-17 09:36:52,0.61,1.0166,10,0.6,1.0,266,0.62,1.0333,1,0.605,1.0083,751,0
SPY190520P283,2019-05-17,2019-05-17 09:36:53,0.61,1.0166,11,0.6,1.0,637,0.62,1.0333,1,0.605,1.0083,751,0
SPY190520P283,2019-05-17,2019-05-17 09:36:54,0.62,1.0333,157,0.6,1.0,1015,0.61,1.0166,10,0.61,1.0166,761,10
SPY190520P283,2019-05-17,2019-05-17 09:36:55,0.62,1.0333,41,0.6,1.0,972,0.61,1.0166,10,0.61,1.0166,761,0
SPY190520P283,2019-05-17,2019-05-17 09:36:56,0.63,1.05,90,0.61,1.0166,672,0.61,1.0166,10,0.62,1.0333,761,0
SPY190520P283,2019-05-17,2019-05-17 09:36:57,0.63,1.05,63,0.62,1.0333,50,0.61,1.0166,10,0.625,1.0416,761,0
SPY190520P283,2019-05-17,2019-05-17 09:36:59,0.63,1.05,143,0.61,1.0166,1025,0.61,1.0166,10,0.62,1.0333,761,0
SPY190520P283,2019-05-17,2019-05-17 09:37:00,0.64,1.0666,2288,0.62,1.0333,64,0.61,1.0166,10,0.63,1.05,761,0
SPY190520P283,2019-05-17,2019-05-17 09:37:00,0.63,1.05,60,0.62,1.0333,64,0.61,1.0166,10,0.625,1.0416,761,0
SPY190520P283,2019-05-17,2019-05-17 09:37:02,0.64,1.0666,2708,0.62,1.0333,64,0.61,1.0166,10,0.63,1.05,761,0
SPY190520P283,2019-05-17,2019-05-17 09:37:03,0.63,1.05,204,0.61,1.0166,1167,0.61,1.0166,10,0.62,1.0333,761,0
SPY190520P283,2019-05-17,2019-05-17 09:37:04,0.63,1.05,1425,0.61,1.0166,743,0.61,1.0166,10,0.62,1.0333,761,0
SPY190520P283,2019-05-17,2019-05-17 09:37:05,0.63,1.05,2052,0.61,1.0166,891,0.61,1.0166,10,0.62,1.0333,761,0
SPY190520P283,2019-05-17,2019-05-17 09:37:06,0.62,1.0333,113,0.59,0.9833,445,0.61,1.0166,10,0.605,1.0083,761,0
SPY190520P283,2019-05-17,2019-05-17 09:37:07,0.61,1.0166,63,0.6,1.0,69,0.61,1.0166,10,0.605,1.0083,761,0
SPY190520P283,2019-05-17,2019-05-17 09:37:08,0.61,1.0166,63,0.6,1.0,117,0.61,1.0166,10,0.605,1.0083,761,0
SPY190520P283,2019-05-17,2019-05-17 09:37:09,0.63,1.05,1970,0.6,1.0,901,0.61,1.0166,10,0.615,1.025,761,0
SPY190520P283,2019-05-17,2019-05-17 09:37:10,0.62,1.0333,576,0.6,1.0,793,0.61,1.0166,10,0.61,1.0166,761,0
SPY190520P283,2019-05-17,2019-05-17 09:37:11,0.62,1.0333,2014,0.6,1.0,228,0.61,1.0166,10,0.61,1.0166,761,0
SPY190520P283,2019-05-17,2019-05-17 09:37:12,0.62,1.0333,2177,0.6,1.0,228,0.61,1.0166,10,0.61,1.0166,761,0
SPY190520P283,2019-05-17,2019-05-17 09:37:13,0.62,1.0333,1947,0.6,1.0,236,0.61,1.0166,10,0.61,1.0166,761,0
SPY190520P283,2019-05-17,2019-05-17 09:37:15,0.62,1.0333,69,0.61,1.0166,101,0.61,1.0166,10,0.615,1.025,761,0
SPY190520P283,2019-05-17,2019-05-17 09:37:16,0.63,1.05,1441,0.61,1.0166,93,0.61,1.0166,10,0.62,1.0333,761,0
SPY190520P283,2019-05-17,2019-05-17 09:37:17,0.62,1.0333,1623,0.6,1.0,69,0.61,1.0166,10,0.61,1.0166,761,0
SPY190520P283,2019-05-17,2019-05-17 09:37:18,0.61,1.0166,234,0.6,1.0,53,0.61,1.0166,10,0.605,1.0083,761,0
SPY190520P283,2019-05-17,2019-05-17 09:37:19,0.61,1.0166,222,0.6,1.0,57,0.61,1.0166,10,0.605,1.0083,761,0
SPY190520P283,2019-05-17,2019-05-17 09:37:20,0.61,1.0166,1392,0.59,0.9833,353,0.61,1.0166,10,0.6,1.0,761,0
SPY190520P283,2019-05-17,2019-05-17 09:37:22,0.61,1.0166,269,0.59,0.9833,113,0.61,1.0166,10,0.6,1.0,761,0
SPY190520P283,2019-05-17,2019-05-17 09:37:23,0.6,1.0,140,0.59,0.9833,62,0.61,1.0166,10,0.595,0.9916,761,0
SPY190520P283,2019-05-17,2019-05-17 09:37:24,0.6,1.0,90,0.59,0.9833,62,0.61,1.0166,10,0.595,0.9916,761,0
SPY190520P283,2019-05-17,2019-05-17 09:37:25,0.61,1.0166,771,0.59,0.9833,251,0.61,1.0166,10,0.6,1.0,761,0
SPY190520P283,2019-05-17,2019-05-17 09:37:25,0.6,1.0,50,0.59,0.9833,139,0.61,1.0166,10,0.595,0.9916,761,0
SPY190520P283,2019-05-17,2019-05-17 09:37:26,0.61,1.0166,209,0.59,0.9833,454,0.61,1.0166,10,0.6,1.0,761,0
SPY190520P283,2019-05-17,2019-05-17 09:37:27,0.61,1.0166,249,0.59,0.9833,867,0.61,1.0166,10,0.6,1.0,761,0
SPY190520P283,2019-05-17,2019-05-17 09:37:28,0.61,1.0166,689,0.59,0.9833,806,0.61,1.0166,10,0.6,1.0,761,0
SPY190520P283,2019-05-17,2019-05-17 09:37:29,0.61,1.0166,689,0.59,0.9833,797,0.61,1.0166,10,0.6,1.0,761,0
SPY190520P283,2019-05-17,2019-05-17 09:37:30,0.61,1.0166,689,0.59,0.9833,797,0.61,1.0166,10,0.6,1.0,761,0
SPY190520P283,2019-05-17,2019-05-17 09:37:31,0.6,1.0,14,0.59,0.9833,117,0.61,1.0166,10,0.595,0.9916,761,0
SPY190520P283,2019-05-17,2019-05-17 09:37:32,0.6,1.0,1,0.58,0.9666,1704,0.61,1.0166,10,0.59,0.9833,761,0
SPY190520P283,2019-05-17,2019-05-17 09:37:33,0.6,1.0,64,0.58,0.9666,1433,0.61,1.0166,10,0.59,0.9833,761,0
SPY190520P283,2019-05-17,2019-05-17 09:37:34,0.6,1.0,64,0.58,0.9666,1471,0.61,1.0166,10,0.59,0.9833,761,0
SPY190520P283,2019-05-17,2019-05-17 09:37:36,0.6,1.0,136,0.58,0.9666,1433,0.61,1.0166,10,0.59,0.9833,761,0
SPY190520P283,2019-05-17,2019-05-17 09:37:37,0.59,0.9833,36,0.58,0.9666,237,0.61,1.0166,10,0.585,0.975,761,0
SPY190520P283,2019-05-17,2019-05-17 09:37:38,0.59,0.9833,244,0.58,0.9666,50,0.61,1.0166,10,0.585,0.975,761,0
SPY190520P283,2019-05-17,2019-05-17 09:37:38,0.59,0.9833,46,0.58,0.9666,235,0.61,1.0166,10,0.585,0.975,761,0
SPY190520P283,2019-05-17,2019-05-17 09:37:39,0.59,0.9833,63,0.57,0.95,1144,0.61,1.0166,10,0.58,0.9666,761,0
SPY190520P283,2019-05-17,2019-05-17 09:37:40,0.59,0.9833,179,0.57,0.95,1191,0.61,1.0166,10,0.58,0.9666,761,0
SPY190520P283,2019-05-17,2019-05-17 09:37:41,0.59,0.9833,597,0.57,0.95,110,0.61,1.0166,10,0.58,0.9666,761,0
SPY190520P283,2019-05-17,2019-05-17 09:37:42,0.59,0.9833,183,0.57,0.95,968,0.61,1.0166,10,0.58,0.9666,761,0
SPY190520P283,2019-05-17,2019-05-17 09:37:44,0.59,0.9833,63,0.57,0.95,1021,0.61,1.0166,10,0.58,0.9666,761,0
SPY190520P283,2019-05-17,2019-05-17 09:37:45,0.59,0.9833,61,0.58,0.9666,140,0.61,1.0166,10,0.585,0.975,761,0
SPY190520P283,2019-05-17,2019-05-17 09:37:46,0.59,0.9833,61,0.58,0.9666,110,0.61,1.0166,10,0.585,0.975,761,0
SPY190520P283,2019-05-17,2019-05-17 09:37:47,0.59,0.9833,181,0.57,0.95,695,0.61,1.0166,10,0.58,0.9666,761,0
SPY190520P283,2019-05-17,2019-05-17 09:37:48,0.59,0.9833,191,0.57,0.95,585,0.61,1.0166,10,0.58,0.9666,761,0
SPY190520P283,2019-05-17,2019-05-17 09:37:48,0.59,0.9833,288,0.57,0.95,860,0.61,1.0166,10,0.58,0.9666,761,0
SPY190520P283,2019-05-17,2019-05-17 09:37:49,0.59,0.9833,181,0.57,0.95,809,0.61,1.0166,10,0.58,0.9666,761,0
SPY190520P283,2019-05-17,2019-05-17 09:37:50,0.59,0.9833,140,0.57,0.95,981,0.61,1.0166,10,0.58,0.9666,761,0
SPY190520P283,2019-05-17,2019-05-17 09:37:52,0.58,0.9666,31,0.57,0.95,63,0.61,1.0166,10,0.575,0.9583,761,0
SPY190520P283,2019-05-17,2019-05-17 09:37:53,0.58,0.9666,155,0.56,0.9333,1147,0.61,1.0166,10,0.57,0.95,761,0
SPY190520P283,2019-05-17,2019-05-17 09:37:54,0.58,0.9666,597,0.56,0.9333,756,0.61,1.0166,10,0.57,0.95,761,0
SPY190520P283,2019-05-17,2019-05-17 09:37:55,0.58,0.9666,587,0.57,0.95,27,0.61,1.0166,10,0.575,0.9583,761,0
SPY190520P283,2019-05-17,2019-05-17 09:37:56,0.58,0.9666,587,0.56,0.9333,1257,0.61,1.0166,10,0.57,0.95,761,0
SPY190520P283,2019-05-17,2019-05-17 09:37:57,0.58,0.9666,587,0.56,0.9333,1257,0.61,1.0166,10,0.57,0.95,761,0
SPY190520P283,2019-05-17,2019-05-17 09:37:58,0.57,0.95,63,0.56,0.9333,99,0.61,1.0166,10,0.565,0.9416,761,0
SPY190520P283,2019-05-17,2019-05-17 09:37:59,0.57,0.95,63,0.56,0.9333,66,0.61,1.0166,10,0.565,0.9416,761,0
SPY190520P283,2019-05-17,2019-05-17 09:38:01,0.57,0.95,1,0.56,0.9333,124,0.61,1.0166,10,0.565,0.9416,761,0
SPY190520P283,2019-05-17,2019-05-17 09:38:02,0.57,0.95,1,0.56,0.9333,89,0.61,1.0166,10,0.565,0.9416,761,0
SPY190520P283,2019-05-17,2019-05-17 09:38:03,0.57,0.95,1,0.56,0.9333,713,0.61,1.0166,10,0.565,0.9416,761,0
SPY190520P283,2019-05-17,2019-05-17 09:38:04,0.59,0.9833,223,0.57,0.95,66,0.57,0.95,1,0.58,0.9666,762,1
SPY190520P283,2019-05-17,2019-05-17 09:38:05,0.58,0.9666,20,0.57,0.95,597,0.57,0.95,1,0.575,0.9583,762,0
SPY190520P283,2019-05-17,2019-05-17 09:38:06,0.58,0.9666,20,0.57,0.95,798,0.57,0.95,1,0.575,0.9583,762,0
SPY190520P283,2019-05-17,2019-05-17 09:38:07,0.58,0.9666,20,0.57,0.95,693,0.57,0.95,1,0.575,0.9583,762,0
SPY190520P283,2019-05-17,2019-05-17 09:38:08,0.58,0.9666,44,0.57,0.95,760,0.57,0.95,1,0.575,0.9583,762,0
SPY190520P283,2019-05-17,2019-05-17 09:38:09,0.58,0.9666,14,0.57,0.95,126,0.57,0.95,1,0.575,0.9583,762,0
SPY190520P283,2019-05-17,2019-05-17 09:38:10,0.58,0.9666,128,0.56,0.9333,65,0.57,0.95,1,0.57,0.95,762,0
SPY190520P283,2019-05-17,2019-05-17 09:38:11,0.58,0.9666,185,0.56,0.9333,66,0.57,0.95,1,0.57,0.95,762,0
SPY190520P283,2019-05-17,2019-05-17 09:38:12,0.57,0.95,58,0.56,0.9333,50,0.57,0.95,1,0.565,0.9416,762,0
SPY190520P283,2019-05-17,2019-05-17 09:38:13,0.57,0.95,58,0.56,0.9333,66,0.57,0.95,1,0.565,0.9416,762,0
SPY190520P283,2019-05-17,2019-05-17 09:38:14,0.58,0.9666,1396,0.55,0.9166,638,0.57,0.95,1,0.565,0.9416,762,0
SPY190520P283,2019-05-17,2019-05-17 09:38:15,0.57,0.95,288,0.56,0.9333,66,0.57,0.95,1,0.565,0.9416,762,0
SPY190520P283,2019-05-17,2019-05-17 09:38:16,0.57,0.95,61,0.56,0.9333,66,0.57,0.95,1,0.565,0.9416,762,0
SPY190520P283,2019-05-17,2019-05-17 09:38:17,0.57,0.95,61,0.56,0.9333,112,0.57,0.95,1,0.565,0.9416,762,0
SPY190520P283,2019-05-17,2019-05-17 09:38:18,0.57,0.95,50,0.56,0.9333,253,0.57,0.95,1,0.565,0.9416,762,0
SPY190520P283,2019-05-17,2019-05-17 09:38:19,0.58,0.9666,233,0.56,0.9333,148,0.57,0.95,1,0.57,0.95,762,0
SPY190520P283,2019-05-17,2019-05-17 09:38:20,0.58,0.9666,690,0.56,0.9333,263,0.57,0.95,1,0.57,0.95,762,0
SPY190520P283,2019-05-17,2019-05-17 09:38:21,0.58,0.9666,246,0.56,0.9333,783,0.57,0.95,1,0.57,0.95,762,0
SPY190520P283,2019-05-17,2019-05-17 09:38:22,0.58,0.9666,161,0.56,0.9333,1331,0.57,0.95,1,0.57,0.95,762,0
SPY190520P283,2019-05-17,2019-05-17 09:38:23,0.58,0.9666,259,0.56,0.9333,1054,0.57,0.95,1,0.57,0.95,762,0
SPY190520P283,2019-05-17,2019-05-17 09:38:24,0.57,0.95,31,0.56,0.9333,351,0.57,0.95,10,0.565,0.9416,772,10
SPY190520P283,2019-05-17,2019-05-17 09:38:25,0.58,0.9666,254,0.56,0.9333,475,0.57,0.95,10,0.57,0.95,772,0
SPY190520P283,2019-05-17,2019-05-17 09:38:26,0.58,0.9666,13,0.57,0.95,50,0.57,0.95,10,0.575,0.9583,772,0
SPY190520P283,2019-05-17,2019-05-17 09:38:27,0.58,0.9666,183,0.56,0.9333,1360,0.57,0.95,10,0.57,0.95,772,0
SPY190520P283,2019-05-17,2019-05-17 09:38:28,0.58,0.9666,153,0.57,0.95,66,0.57,0.95,10,0.575,0.9583,772,0
SPY190520P283,2019-05-17,2019-05-17 09:38:29,0.58,0.9666,63,0.57,0.95,184,0.57,0.95,10,0.575,0.9583,772,0
SPY190520P283,2019-05-17,2019-05-17 09:38:30,0.59,0.9833,2271,0.57,0.95,150,0.57,0.95,10,0.58,0.9666,772,0
SPY190520P283,2019-05-17,2019-05-17 09:38:31,0.59,0.9833,1941,0.57,0.95,150,0.57,0.95,10,0.58,0.9666,772,0
SPY190520P283,2019-05-17,2019-05-17 09:38:32,0.59,0.9833,151,0.57,0.95,706,0.57,0.95,10,0.58,0.9666,772,0
SPY190520P283,2019-05-17,2019-05-17 09:38:33,0.59,0.9833,151,0.57,0.95,1111,0.57,0.95,10,0.58,0.9666,772,0
SPY190520P283,2019-05-17,2019-05-17 09:38:34,0.59,0.9833,151,0.57,0.95,1162,0.57,0.95,10,0.58,0.9666,772,0
SPY190520P283,2019-05-17,2019-05-17 09:38:35,0.59,0.9833,135,0.58,0.9666,37,0.57,0.95,10,0.585,0.975,772,0
SPY190520P283,2019-05-17,2019-05-17 09:38:36,0.59,0.9833,4,0.58,0.9666,464,0.57,0.95,10,0.585,0.975,772,0
SPY190520P283,2019-05-17,2019-05-17 09:38:37,0.59,0.9833,564,0.57,0.95,25,0.57,0.95,10,0.58,0.9666,772,0
SPY190520P283,2019-05-17,2019-05-17 09:38:38,0.58,0.9666,259,0.57,0.95,50,0.57,0.95,10,0.575,0.9583,772,0
SPY190520P283,2019-05-17,2019-05-17 09:38:39,0.59,0.9833,973,0.57,0.95,66,0.57,0.95,10,0.58,0.9666,772,0
SPY190520P283,2019-05-17,2019-05-17 09:38:40,0.59,0.9833,919,0.58,0.9666,450,0.57,0.95,10,0.585,0.975,772,0
SPY190520P283,2019-05-17,2019-05-17 09:38:41,0.59,0.9833,4,0.58,0.9666,408,0.57,0.95,10,0.585,0.975,772,0
SPY190520P283,2019-05-17,2019-05-17 09:38:42,0.61,1.0166,1410,0.59,0.9833,119,0.59,0.9833,4,0.6,1.0,776,4
SPY190520P283,2019-05-17,2019-05-17 09:38:43,0.61,1.0166,1762,0.59,0.9833,130,0.59,0.9833,4,0.6,1.0,776,0
SPY190520P283,2019-05-17,2019-05-17 09:38:44,0.61,1.0166,789,0.59,0.9833,165,0.59,0.9833,4,0.6,1.0,776,0
SPY190520P283,2019-05-17,2019-05-17 09:38:45,0.61,1.0166,975,0.57,0.95,6,0.59,0.9833,4,0.59,0.9833,776,0
SPY190520P283,2019-05-17,2019-05-17 09:38:46,0.59,0.9833,1742,0.57,0.95,66,0.59,0.9833,4,0.58,0.9666,776,0
SPY190520P283,2019-05-17,2019-05-17 09:38:47,0.59,0.9833,2553,0.57,0.95,130,0.59,0.9833,4,0.58,0.9666,776,0
SPY190520P283,2019-05-17,2019-05-17 09:38:48,0.59,0.9833,2348,0.57,0.95,145,0.59,0.9833,4,0.58,0.9666,776,0
SPY190520P283,2019-05-17,2019-05-17 09:38:49,0.59,0.9833,2631,0.57,0.95,145,0.59,0.9833,4,0.58,0.9666,776,0
SPY190520P283,2019-05-17,2019-05-17 09:38:50,0.6,1.0,2458,0.58,0.9666,16,0.59,0.9833,4,0.59,0.9833,776,0
SPY190520P283,2019-05-17,2019-05-17 09:38:51,0.59,0.9833,50,0.58,0.9666,128,0.59,0.9833,1,0.585,0.975,777,1
SPY190520P283,2019-05-17,2019-05-17 09:38:52,0.6,1.0,1722,0.58,0.9666,212,0.59,0.9833,1,0.59,0.9833,777,0
SPY190520P283,2019-05-17,2019-05-17 09:38:53,0.6,1.0,2187,0.58,0.9666,288,0.59,0.9833,1,0.59,0.9833,777,0
SPY190520P283,2019-05-17,2019-05-17 09:38:54,0.6,1.0,50,0.59,0.9833,108,0.59,0.9833,1,0.595,0.9916,777,0
SPY190520P283,2019-05-17,2019-05-17 09:38:55,0.61,1.0166,1247,0.59,0.9833,179,0.59,0.9833,1,0.6,1.0,777,0
SPY190520P283,2019-05-17,2019-05-17 09:38:56,0.61,1.0166,301,0.59,0.9833,288,0.59,0.9833,1,0.6,1.0,777,0
SPY190520P283,2019-05-17,2019-05-17 09:38:57,0.61,1.0166,946,0.6,1.0,24,0.59,0.9833,1,0.605,1.0083,777,0
SPY190520P283,2019-05-17,2019-05-17 09:38:58,0.61,1.0166,1170,0.59,0.9833,156,0.59,0.9833,1,0.6,1.0,777,0
SPY190520P283,2019-05-17,2019-05-17 09:38:59,0.61,1.0166,1602,0.59,0.9833,156,0.59,0.9833,1,0.6,1.0,777,0
SPY190520P283,2019-05-17,2019-05-17 09:39:00,0.6,1.0,62,0.59,0.9833,64,0.59,0.9833,1,0.595,0.9916,777,0
SPY190520P283,2019-05-17,2019-05-17 09:39:01,0.59,0.9833,415,0.57,0.95,67,0.59,0.9833,1,0.58,0.9666,777,0
SPY190520P283,2019-05-17,2019-05-17 09:39:02,0.59,0.9833,189,0.58,0.9666,52,0.59,0.9833,1,0.585,0.975,777,0
SPY190520P283,2019-05-17,2019-05-17 09:39:03,0.59,0.9833,745,0.57,0.95,646,0.59,0.9833,1,0.58,0.9666,777,0
SPY190520P283,2019-05-17,2019-05-17 09:39:04,0.59,0.9833,776,0.57,0.95,789,0.59,0.9833,1,0.58,0.9666,778,1
SPY190520P283,2019-05-17,2019-05-17 09:39:05,0.59,0.9833,806,0.57,0.95,764,0.59,0.9833,1,0.58,0.9666,778,0
SPY190520P283,2019-05-17,2019-05-17 09:39:06,0.59,0.9833,812,0.58,0.9666,50,0.59,0.9833,1,0.585,0.975,778,0
SPY190520P283,2019-05-17,2019-05-17 09:39:07,0.59,0.9833,2496,0.57,0.95,189,0.59,0.9833,1,0.58,0.9666,778,0
SPY190520P283,2019-05-17,2019-05-17 09:39:08,0.58,0.9666,100,0.57,0.95,114,0.59,0.9833,1,0.575,0.9583,778,0
SPY190520P283,2019-05-17,2019-05-17 09:39:09,0.58,0.9666,390,0.56,0.9333,604,0.59,0.9833,1,0.57,0.95,778,0
SPY190520P283,2019-05-17,2019-05-17 09:39:10,0.58,0.9666,120,0.57,0.95,77,0.59,0.9833,1,0.575,0.9583,778,0
SPY190520P283,2019-05-17,2019-05-17 09:39:11,0.58,0.9666,140,0.57,0.95,113,0.59,0.9833,1,0.575,0.9583,778,0
SPY190520P283,2019-05-17,2019-05-17 09:39:12,0.58,0.9666,50,0.57,0.95,91,0.59,0.9833,1,0.575,0.9583,778,0
SPY190520P283,2019-05-17,2019-05-17 09:39:13,0.58,0.9666,162,0.57,0.95,112,0.59,0.9833,1,0.575,0.9583,778,0
SPY190520P283,2019-05-17,2019-05-17 09:39:14,0.58,0.9666,2837,0.56,0.9333,122,0.57,0.95,1,0.57,0.95,779,0
SPY190520P283,2019-05-17,2019-05-17 09:39:14,0.58,0.9666,900,0.56,0.9333,122,0.57,0.95,1,0.57,0.95,779,1
SPY190520P283,2019-05-17,2019-05-17 09:39:15,0.56,0.9333,194,0.55,0.9166,58,0.57,0.95,1,0.555,0.925,779,0
SPY190520P283,2019-05-17,2019-05-17 09:39:16,0.56,0.9333,50,0.55,0.9166,62,0.57,0.95,1,0.555,0.925,779,0
SPY190520P283,2019-05-17,2019-05-17 09:39:17,0.56,0.9333,50,0.55,0.9166,107,0.57,0.95,1,0.555,0.925,779,0
SPY190520P283,2019-05-17,2019-05-17 09:39:18,0.57,0.95,50,0.56,0.9333,66,0.57,0.95,1,0.565,0.9416,779,0
SPY190520P283,2019-05-17,2019-05-17 09:39:19,0.57,0.95,600,0.56,0.9333,66,0.57,0.95,4,0.565,0.9416,783,4
SPY190520P283,2019-05-17,2019-05-17 09:39:20,0.56,0.9333,60,0.55,0.9166,227,0.57,0.95,4,0.555,0.925,783,0
SPY190520P283,2019-05-17,2019-05-17 09:39:21,0.56,0.9333,148,0.55,0.9166,92,0.57,0.95,4,0.555,0.925,783,0
SPY190520P283,2019-05-17,2019-05-17 09:39:22,0.56,0.9333,203,0.55,0.9166,50,0.57,0.95,4,0.555,0.925,783,0
SPY190520P283,2019-05-17,2019-05-17 09:39:23,0.56,0.9333,1810,0.54,0.9,68,0.57,0.95,4,0.55,0.9166,783,0
SPY190520P283,2019-05-17,2019-05-17 09:39:25,0.56,0.9333,650,0.54,0.9,1313,0.57,0.95,4,0.55,0.9166,783,0
SPY190520P283,2019-05-17,2019-05-17 09:39:26,0.56,0.9333,477,0.54,0.9,299,0.57,0.95,4,0.55,0.9166,783,0
SPY190520P283,2019-05-17,2019-05-17 09:39:27,0.56,0.9333,2752,0.54,0.9,68,0.57,0.95,4,0.55,0.9166,783,0
SPY190520P283,2019-05-17,2019-05-17 09:39:29,0.56,0.9333,1451,0.54,0.9,68,0.57,0.95,4,0.55,0.9166,783,0
SPY190520P283,2019-05-17,2019-05-17 09:39:30,0.55,0.9166,50,0.54,0.9,156,0.57,0.95,4,0.545,0.9083,783,0
SPY190520P283,2019-05-17,2019-05-17 09:39:31,0.55,0.9166,50,0.54,0.9,61,0.57,0.95,4,0.545,0.9083,783,0
SPY190520P283,2019-05-17,2019-05-17 09:39:32,0.55,0.9166,61,0.53,0.8833,400,0.57,0.95,4,0.54,0.9,783,0
SPY190520P283,2019-05-17,2019-05-17 09:39:33,0.56,0.9333,1114,0.54,0.9,288,0.57,0.95,4,0.55,0.9166,783,0
SPY190520P283,2019-05-17,2019-05-17 09:39:34,0.55,0.9166,61,0.54,0.9,56,0.57,0.95,4,0.545,0.9083,783,0
SPY190520P283,2019-05-17,2019-05-17 09:39:35,0.55,0.9166,61,0.54,0.9,60,0.57,0.95,4,0.545,0.9083,783,0
SPY190520P283,2019-05-17,2019-05-17 09:39:36,0.56,0.9333,2517,0.54,0.9,180,0.57,0.95,4,0.55,0.9166,783,0
SPY190520P283,2019-05-17,2019-05-17 09:39:37,0.56,0.9333,2579,0.54,0.9,152,0.57,0.95,4,0.55,0.9166,783,0
SPY190520P283,2019-05-17,2019-05-17 09:39:38,0.56,0.9333,2567,0.54,0.9,242,0.57,0.95,4,0.55,0.9166,783,0
SPY190520P283,2019-05-17,2019-05-17 09:39:39,0.56,0.9333,2285,0.54,0.9,288,0.57,0.95,4,0.55,0.9166,783,0
SPY190520P283,2019-05-17,2019-05-17 09:39:40,0.56,0.9333,1038,0.54,0.9,826,0.57,0.95,4,0.55,0.9166,783,0
SPY190520P283,2019-05-17,2019-05-17 09:39:41,0.56,0.9333,345,0.55,0.9166,18,0.57,0.95,4,0.555,0.925,783,0
SPY190520P283,2019-05-17,2019-05-17 09:39:42,0.56,0.9333,2647,0.54,0.9,159,0.56,0.9333,1,0.55,0.9166,794,11
SPY190520P283,2019-05-17,2019-05-17 09:39:43,0.56,0.9333,2626,0.53,0.8833,833,0.56,0.9333,1,0.545,0.9083,794,0
SPY190520P283,2019-05-17,2019-05-17 09:39:44,0.56,0.9333,2123,0.54,0.9,604,0.56,0.9333,1,0.55,0.9166,794,0
SPY190520P283,2019-05-17,2019-05-17 09:39:45,0.56,0.9333,2199,0.54,0.9,189,0.56,0.9333,1,0.55,0.9166,794,0
SPY190520P283,2019-05-17,2019-05-17 09:39:46,0.55,0.9166,351,0.54,0.9,68,0.56,0.9333,1,0.545,0.9083,794,0
SPY190520P283,2019-05-17,2019-05-17 09:39:47,0.55,0.9166,50,0.54,0.9,93,0.56,0.9333,1,0.545,0.9083,794,0
SPY190520P283,2019-05-17,2019-05-17 09:39:48,0.56,0.9333,2138,0.54,0.9,151,0.56,0.9333,1,0.55,0.9166,794,0
SPY190520P283,2019-05-17,2019-05-17 09:39:49,0.56,0.9333,1029,0.54,0.9,368,0.56,0.9333,1,0.55,0.9166,794,0
SPY190520P283,2019-05-17,2019-05-17 09:39:50,0.56,0.9333,606,0.54,0.9,1113,0.56,0.9333,1,0.55,0.9166,794,0
SPY190520P283,2019-05-17,2019-05-17 09:39:51,0.56,0.9333,656,0.54,0.9,1225,0.56,0.9333,1,0.55,0.9166,794,0
SPY190520P283,2019-05-17,2019-05-17 09:39:52,0.56,0.9333,2162,0.54,0.9,1085,0.56,0.9333,1,0.55,0.9166,794,0
SPY190520P283,2019-05-17,2019-05-17 09:39:53,0.55,0.9166,450,0.54,0.9,68,0.56,0.9333,1,0.545,0.9083,794,0
SPY190520P283,2019-05-17,2019-05-17 09:39:54,0.55,0.9166,457,0.54,0.9,68,0.55,0.9166,5,0.545,0.9083,799,5
SPY190520P283,2019-05-17,2019-05-17 09:39:55,0.55,0.9166,1227,0.54,0.9,68,0.55,0.9166,5,0.545,0.9083,799,0
SPY190520P283,2019-05-17,2019-05-17 09:39:56,0.55,0.9166,1475,0.54,0.9,68,0.55,0.9166,5,0.545,0.9083,799,0
SPY190520P283,2019-05-17,2019-05-17 09:39:57,0.55,0.9166,977,0.54,0.9,129,0.55,0.9166,5,0.545,0.9083,799,0
SPY190520P283,2019-05-17,2019-05-17 09:39:58,0.55,0.9166,2046,0.53,0.8833,1277,0.55,0.9166,5,0.54,0.9,799,0
SPY190520P283,2019-05-17,2019-05-17 09:39:59,0.55,0.9166,1440,0.53,0.8833,893,0.55,0.9166,5,0.54,0.9,799,0
SPY190520P283,2019-05-17,2019-05-17 09:40:00,0.55,0.9166,1155,0.53,0.8833,150,0.55,0.9166,5,0.54,0.9,799,0
SPY190520P283,2019-05-17,2019-05-17 09:40:00,0.55,0.9166,20,0.54,0.9,6,0.55,0.9166,5,0.545,0.9083,799,0
SPY190520P283,2019-05-17,2019-05-17 09:40:02,0.55,0.9166,978,0.54,0.9,12,0.55,0.9166,5,0.545,0.9083,799,0
SPY190520P283,2019-05-17,2019-05-17 09:40:03,0.55,0.9166,140,0.54,0.9,50,0.54,0.9,5,0.545,0.9083,804,5
SPY190520P283,2019-05-17,2019-05-17 09:40:04,0.55,0.9166,170,0.54,0.9,50,0.54,0.9,5,0.545,0.9083,804,0
SPY190520P283,2019-05-17,2019-05-17 09:40:05,0.55,0.9166,150,0.54,0.9,50,0.54,0.9,5,0.545,0.9083,804,0
SPY190520P283,2019-05-17,2019-05-17 09:40:06,0.55,0.9166,62,0.54,0.9,222,0.54,0.9,5,0.545,0.9083,804,0
SPY190520P283,2019-05-17,2019-05-17 09:40:07,0.55,0.9166,50,0.54,0.9,288,0.54,0.9,5,0.545,0.9083,804,0
SPY190520P283,2019-05-17,2019-05-17 09:40:08,0.55,0.9166,20,0.54,0.9,835,0.54,0.9,5,0.545,0.9083,804,0
SPY190520P283,2019-05-17,2019-05-17 09:40:09,0.55,0.9166,30,0.54,0.9,627,0.54,0.9,5,0.545,0.9083,804,0
SPY190520P283,2019-05-17,2019-05-17 09:40:10,0.55,0.9166,57,0.54,0.9,627,0.54,0.9,5,0.545,0.9083,804,0
SPY190520P283,2019-05-17,2019-05-17 09:40:11,0.55,0.9166,122,0.54,0.9,627,0.54,0.9,5,0.545,0.9083,804,0
SPY190520P283,2019-05-17,2019-05-17 09:40:12,0.55,0.9166,52,0.54,0.9,310,0.54,0.9,5,0.545,0.9083,804,0
SPY190520P283,2019-05-17,2019-05-17 09:40:12,0.55,0.9166,20,0.54,0.9,1053,0.54,0.9,5,0.545,0.9083,804,0
SPY190520P283,2019-05-17,2019-05-17 09:40:13,0.55,0.9166,441,0.54,0.9,50,0.55,0.9166,3,0.545,0.9083,807,3
SPY190520P283,2019-05-17,2019-05-17 09:40:14,0.55,0.9166,675,0.54,0.9,1,0.54,0.9,2,0.545,0.9083,809,2
SPY190520P283,2019-05-17,2019-05-17 09:40:15,0.55,0.9166,458,0.54,0.9,50,0.54,0.9,2,0.545,0.9083,809,0
SPY190520P283,2019-05-17,2019-05-17 09:40:16,0.55,0.9166,1661,0.53,0.8833,828,0.54,0.9,2,0.54,0.9,809,0
SPY190520P283,2019-05-17,2019-05-17 09:40:17,0.55,0.9166,1661,0.53,0.8833,828,0.54,0.9,2,0.54,0.9,809,0
SPY190520P283,2019-05-17,2019-05-17 09:40:18,0.55,0.9166,2446,0.53,0.8833,632,0.54,0.9,2,0.54,0.9,809,0
SPY190520P283,2019-05-17,2019-05-17 09:40:19,0.55,0.9166,1610,0.53,0.8833,861,0.54,0.9,2,0.54,0.9,809,0
SPY190520P283,2019-05-17,2019-05-17 09:40:20,0.55,0.9166,2174,0.53,0.8833,861,0.54,0.9,2,0.54,0.9,809,0
SPY190520P283,2019-05-17,2019-05-17 09:40:21,0.55,0.9166,2174,0.53,0.8833,861,0.54,0.9,2,0.54,0.9,809,0
SPY190520P283,2019-05-17,2019-05-17 09:40:22,0.55,0.9166,2357,0.53,0.8833,632,0.54,0.9,2,0.54,0.9,809,0
SPY190520P283,2019-05-17,2019-05-17 09:40:23,0.55,0.9166,2466,0.53,0.8833,344,0.54,0.9,2,0.54,0.9,809,0
SPY190520P283,2019-05-17,2019-05-17 09:40:24,0.55,0.9166,2070,0.53,0.8833,1028,0.54,0.9,2,0.54,0.9,809,0
SPY190520P283,2019-05-17,2019-05-17 09:40:25,0.55,0.9166,1762,0.53,0.8833,1117,0.54,0.9,2,0.54,0.9,809,0
SPY190520P283,2019-05-17,2019-05-17 09:40:26,0.55,0.9166,561,0.53,0.8833,263,0.54,0.9,2,0.54,0.9,809,0
SPY190520P283,2019-05-17,2019-05-17 09:40:27,0.54,0.9,3,0.53,0.8833,1167,0.54,0.9,2,0.535,0.8916,809,0
SPY190520P283,2019-05-17,2019-05-17 09:40:28,0.54,0.9,3,0.53,0.8833,1070,0.54,0.9,2,0.535,0.8916,809,0
SPY190520P283,2019-05-17,2019-05-17 09:40:29,0.54,0.9,28,0.53,0.8833,93,0.54,0.9,2,0.535,0.8916,809,0
SPY190520P283,2019-05-17,2019-05-17 09:40:30,0.54,0.9,63,0.53,0.8833,68,0.53,0.8833,10,0.535,0.8916,904,95
SPY190520P283,2019-05-17,2019-05-17 09:40:31,0.54,0.9,183,0.53,0.8833,108,0.53,0.8833,10,0.535,0.8916,904,0
SPY190520P283,2019-05-17,2019-05-17 09:40:32,0.54,0.9,262,0.53,0.8833,94,0.53,0.8833,10,0.535,0.8916,904,0
SPY190520P283,2019-05-17,2019-05-17 09:40:33,0.54,0.9,648,0.53,0.8833,67,0.53,0.8833,10,0.535,0.8916,904,0
SPY190520P283,2019-05-17,2019-05-17 09:40:34,0.54,0.9,648,0.53,0.8833,63,0.53,0.8833,10,0.535,0.8916,904,0
SPY190520P283,2019-05-17,2019-05-17 09:40:35,0.54,0.9,438,0.53,0.8833,22,0.53,0.8833,10,0.535,0.8916,904,0
SPY190520P283,2019-05-17,2019-05-17 09:40:36,0.54,0.9,99,0.53,0.8833,8,0.53,0.8833,10,0.535,0.8916,904,0
SPY190520P283,2019-05-17,2019-05-17 09:40:37,0.54,0.9,180,0.53,0.8833,5,0.53,0.8833,10,0.535,0.8916,904,0
SPY190520P283,2019-05-17,2019-05-17 09:40:38,0.54,0.9,9,0.53,0.8833,33,0.53,0.8833,27,0.535,0.8916,931,27
SPY190520P283,2019-05-17,2019-05-17 09:40:39,0.54,0.9,189,0.53,0.8833,5,0.53,0.8833,27,0.535,0.8916,931,0
SPY190520P283,2019-05-17,2019-05-17 09:40:40,0.54,0.9,589,0.53,0.8833,5,0.53,0.8833,27,0.535,0.8916,931,0
SPY190520P283,2019-05-17,2019-05-17 09:40:41,0.54,0.9,774,0.53,0.8833,5,0.53,0.8833,27,0.535,0.8916,931,0
SPY190520P283,2019-05-17,2019-05-17 09:40:42,0.54,0.9,820,0.53,0.8833,5,0.53,0.8833,27,0.535,0.8916,931,0
SPY190520P283,2019-05-17,2019-05-17 09:40:43,0.54,0.9,1896,0.53,0.8833,5,0.53,0.8833,27,0.535,0.8916,931,0
SPY190520P283,2019-05-17,2019-05-17 09:40:44,0.53,0.8833,1,0.53,0.8833,5,0.53,0.8833,5,0.53,0.8833,936,5
SPY190520P283,2019-05-17,2019-05-17 09:40:45,0.54,0.9,1947,0.52,0.8666,99,0.53,0.8833,5,0.53,0.8833,941,5
SPY190520P283,2019-05-17,2019-05-17 09:40:46,0.53,0.8833,6,0.52,0.8666,33,0.52,0.8666,10,0.525,0.875,951,10
SPY190520P283,2019-05-17,2019-05-17 09:40:47,0.53,0.8833,1035,0.52,0.8666,33,0.52,0.8666,10,0.525,0.875,951,0
SPY190520P283,2019-05-17,2019-05-17 09:40:48,0.53,0.8833,1427,0.52,0.8666,33,0.52,0.8666,10,0.525,0.875,951,0
SPY190520P283,2019-05-17,2019-05-17 09:40:49,0.52,0.8666,130,0.51,0.85,27,0.51,0.85,3,0.515,0.8583,954,3
SPY190520P283,2019-05-17,2019-05-17 09:40:50,0.52,0.8666,120,0.51,0.85,18,0.51,0.85,3,0.515,0.8583,954,0
SPY190520P283,2019-05-17,2019-05-17 09:40:51,0.53,0.8833,1512,0.51,0.85,18,0.51,0.85,3,0.52,0.8666,954,0
SPY190520P283,2019-05-17,2019-05-17 09:40:52,0.52,0.8666,1035,0.51,0.85,18,0.51,0.85,3,0.515,0.8583,954,0
SPY190520P283,2019-05-17,2019-05-17 09:40:53,0.52,0.8666,1427,0.5,0.8333,676,0.51,0.85,3,0.51,0.85,954,0
SPY190520P283,2019-05-17,2019-05-17 09:40:54,0.52,0.8666,1593,0.5,0.8333,27,0.51,0.85,3,0.51,0.85,954,0
SPY190520P283,2019-05-17,2019-05-17 09:40:55,0.51,0.85,298,0.49,0.8166,1101,0.51,0.85,3,0.5,0.8333,954,0
SPY190520P283,2019-05-17,2019-05-17 09:40:56,0.51,0.85,1999,0.49,0.8166,883,0.51,0.85,3,0.5,0.8333,954,0
SPY190520P283,2019-05-17,2019-05-17 09:40:57,0.5,0.8333,148,0.49,0.8166,59,0.51,0.85,3,0.495,0.825,954,0
SPY190520P283,2019-05-17,2019-05-17 09:40:58,0.5,0.8333,221,0.49,0.8166,110,0.5,0.8333,2,0.495,0.825,956,2
SPY190520P283,2019-05-17,2019-05-17 09:40:59,0.5,0.8333,1948,0.48,0.8,95,0.48,0.8,10,0.49,0.8166,966,10
SPY190520P283,2019-05-17,2019-05-17 09:41:00,0.5,0.8333,1948,0.48,0.8,241,0.49,0.8166,10,0.49,0.8166,976,10
SPY190520P283,2019-05-17,2019-05-17 09:41:01,0.5,0.8333,1795,0.48,0.8,281,0.49,0.8166,10,0.49,0.8166,976,0
SPY190520P283,2019-05-17,2019-05-17 09:41:02,0.49,0.8166,66,0.48,0.8,581,0.49,0.8166,10,0.485,0.8083,976,0
SPY190520P283,2019-05-17,2019-05-17 09:41:03,0.49,0.8166,50,0.48,0.8,581,0.49,0.8166,10,0.485,0.8083,976,0
SPY190520P283,2019-05-17,2019-05-17 09:41:04,0.49,0.8166,61,0.48,0.8,907,0.49,0.8166,10,0.485,0.8083,976,0
SPY190520P283,2019-05-17,2019-05-17 09:41:05,0.49,0.8166,95,0.48,0.8,907,0.49,0.8166,10,0.485,0.8083,976,0
SPY190520P283,2019-05-17,2019-05-17 09:41:06,0.49,0.8166,50,0.48,0.8,159,0.49,0.8166,10,0.485,0.8083,976,0
SPY190520P283,2019-05-17,2019-05-17 09:41:07,0.49,0.8166,235,0.47,0.7833,465,0.49,0.8166,10,0.48,0.8,976,0
SPY190520P283,2019-05-17,2019-05-17 09:41:08,0.49,0.8166,65,0.47,0.7833,708,0.49,0.8166,10,0.48,0.8,976,0
SPY190520P283,2019-05-17,2019-05-17 09:41:09,0.49,0.8166,2,0.48,0.8,461,0.49,0.8166,10,0.485,0.8083,976,0
SPY190520P283,2019-05-17,2019-05-17 09:41:10,0.49,0.8166,2,0.48,0.8,1017,0.49,0.8166,10,0.485,0.8083,976,0
SPY190520P283,2019-05-17,2019-05-17 09:41:11,0.51,0.85,2073,0.49,0.8166,577,0.49,0.8166,1,0.5,0.8333,978,2
SPY190520P283,2019-05-17,2019-05-17 09:41:13,0.5,0.8333,17,0.49,0.8166,557,0.49,0.8166,1,0.495,0.825,978,0
SPY190520P283,2019-05-17,2019-05-17 09:41:14,0.5,0.8333,17,0.49,0.8166,557,0.49,0.8166,1,0.495,0.825,979,1
SPY190520P283,2019-05-17,2019-05-17 09:41:15,0.51,0.85,562,0.49,0.8166,716,0.49,0.8166,1,0.5,0.8333,979,0
SPY190520P283,2019-05-17,2019-05-17 09:41:16,0.51,0.85,1177,0.49,0.8166,978,0.49,0.8166,1,0.5,0.8333,979,0
SPY190520P283,2019-05-17,2019-05-17 09:41:17,0.51,0.85,1035,0.49,0.8166,1437,0.49,0.8166,1,0.5,0.8333,979,0
SPY190520P283,2019-05-17,2019-05-17 09:41:18,0.51,0.85,1462,0.49,0.8166,1089,0.49,0.8166,1,0.5,0.8333,979,0
SPY190520P283,2019-05-17,2019-05-17 09:41:19,0.5,0.8333,149,0.49,0.8166,46,0.49,0.8166,1,0.495,0.825,979,0
SPY190520P283,2019-05-17,2019-05-17 09:41:20,0.5,0.8333,184,0.49,0.8166,140,0.49,0.8166,1,0.495,0.825,979,0
SPY190520P283,2019-05-17,2019-05-17 09:41:21,0.5,0.8333,64,0.48,0.8,1842,0.49,0.8166,1,0.49,0.8166,979,0
SPY190520P283,2019-05-17,2019-05-17 09:41:22,0.5,0.8333,6,0.49,0.8166,170,0.49,0.8166,1,0.495,0.825,979,0
SPY190520P283,2019-05-17,2019-05-17 09:41:23,0.51,0.85,1563,0.49,0.8166,591,0.49,0.8166,1,0.5,0.8333,979,0
SPY190520P283,2019-05-17,2019-05-17 09:41:24,0.51,0.85,1915,0.49,0.8166,151,0.5,0.8333,1,0.5,0.8333,980,1
SPY190520P283,2019-05-17,2019-05-17 09:41:25,0.5,0.8333,140,0.49,0.8166,140,0.51,0.85,1,0.495,0.825,985,5
SPY190520P283,2019-05-17,2019-05-17 09:41:26,0.5,0.8333,298,0.48,0.8,1411,0.51,0.85,1,0.49,0.8166,985,0
SPY190520P283,2019-05-17,2019-05-17 09:41:27,0.5,0.8333,664,0.48,0.8,1411,0.51,0.85,1,0.49,0.8166,985,0
SPY190520P283,2019-05-17,2019-05-17 09:41:28,0.5,0.8333,878,0.48,0.8,269,0.51,0.85,1,0.49,0.8166,985,0
SPY190520P283,2019-05-17,2019-05-17 09:41:29,0.5,0.8333,2384,0.48,0.8,776,0.51,0.85,1,0.49,0.8166,985,0
SPY190520P283,2019-05-17,2019-05-17 09:41:30,0.5,0.8333,2267,0.48,0.8,184,0.51,0.85,1,0.49,0.8166,985,0
SPY190520P283,2019-05-17,2019-05-17 09:41:31,0.5,0.8333,2875,0.48,0.8,223,0.51,0.85,1,0.49,0.8166,985,0
SPY190520P283,2019-05-17,2019-05-17 09:41:32,0.49,0.8166,120,0.48,0.8,64,0.51,0.85,1,0.485,0.8083,985,0
SPY190520P283,2019-05-17,2019-05-17 09:41:33,0.49,0.8166,66,0.48,0.8,77,0.51,0.85,1,0.485,0.8083,985,0
SPY190520P283,2019-05-17,2019-05-17 09:41:34,0.49,0.8166,164,0.47,0.7833,1958,0.51,0.85,1,0.48,0.8,985,0
SPY190520P283,2019-05-17,2019-05-17 09:41:35,0.49,0.8166,177,0.47,0.7833,240,0.51,0.85,1,0.48,0.8,985,0
SPY190520P283,2019-05-17,2019-05-17 09:41:36,0.49,0.8166,1510,0.47,0.7833,1228,0.51,0.85,1,0.48,0.8,985,0
SPY190520P283,2019-05-17,2019-05-17 09:41:37,0.49,0.8166,66,0.48,0.8,245,0.51,0.85,1,0.485,0.8083,985,0
SPY190520P283,2019-05-17,2019-05-17 09:41:38,0.49,0.8166,66,0.48,0.8,229,0.51,0.85,1,0.485,0.8083,985,0
SPY190520P283,2019-05-17,2019-05-17 09:41:39,0.49,0.8166,66,0.48,0.8,229,0.51,0.85,1,0.485,0.8083,985,0
SPY190520P283,2019-05-17,2019-05-17 09:41:40,0.49,0.8166,45,0.48,0.8,184,0.51,0.85,1,0.485,0.8083,985,0
SPY190520P283,2019-05-17,2019-05-17 09:41:41,0.5,0.8333,2610,0.48,0.8,150,0.51,0.85,1,0.49,0.8166,985,0
SPY190520P283,2019-05-17,2019-05-17 09:41:42,0.49,0.8166,1393,0.46,0.7666,400,0.51,0.85,1,0.475,0.7916,985,0
SPY190520P283,2019-05-17,2019-05-17 09:41:43,0.48,0.8,1350,0.47,0.7833,50,0.51,0.85,1,0.475,0.7916,985,0
SPY190520P283,2019-05-17,2019-05-17 09:41:44,0.48,0.8,1350,0.46,0.7666,1802,0.51,0.85,1,0.47,0.7833,985,0
SPY190520P283,2019-05-17,2019-05-17 09:41:45,0.47,0.7833,1050,0.46,0.7666,576,0.51,0.85,1,0.465,0.775,985,0
SPY190520P283,2019-05-17,2019-05-17 09:41:46,0.47,0.7833,1665,0.45,0.75,646,0.51,0.85,1,0.46,0.7666,985,0
SPY190520P283,2019-05-17,2019-05-17 09:41:47,0.46,0.7666,612,0.45,0.75,1,0.51,0.85,1,0.455,0.7583,985,0
SPY190520P283,2019-05-17,2019-05-17 09:41:48,0.46,0.7666,1512,0.45,0.75,71,0.51,0.85,1,0.455,0.7583,985,0
SPY190520P283,2019-05-17,2019-05-17 09:41:49,0.47,0.7833,405,0.45,0.75,466,0.51,0.85,1,0.46,0.7666,985,0
SPY190520P283,2019-05-17,2019-05-17 09:41:50,0.47,0.7833,1462,0.45,0.75,565,0.51,0.85,1,0.46,0.7666,985,0
SPY190520P283,2019-05-17,2019-05-17 09:41:51,0.47,0.7833,300,0.45,0.75,988,0.51,0.85,1,0.46,0.7666,985,0
SPY190520P283,2019-05-17,2019-05-17 09:41:52,0.47,0.7833,161,0.46,0.7666,150,0.51,0.85,1,0.465,0.775,985,0
SPY190520P283,2019-05-17,2019-05-17 09:41:53,0.47,0.7833,150,0.46,0.7666,150,0.51,0.85,1,0.465,0.775,985,0
SPY190520P283,2019-05-17,2019-05-17 09:41:54,0.47,0.7833,232,0.46,0.7666,50,0.46,0.7666,10,0.465,0.775,995,10
SPY190520P283,2019-05-17,2019-05-17 09:41:55,0.47,0.7833,220,0.46,0.7666,160,0.46,0.7666,10,0.465,0.775,995,0
SPY190520P283,2019-05-17,2019-05-17 09:41:56,0.48,0.8,1196,0.46,0.7666,50,0.46,0.7666,10,0.47,0.7833,995,0
SPY190520P283,2019-05-17,2019-05-17 09:41:57,0.47,0.7833,150,0.46,0.7666,558,0.46,0.7666,10,0.465,0.775,995,0
SPY190520P283,2019-05-17,2019-05-17 09:41:58,0.48,0.8,111,0.46,0.7666,1710,0.46,0.7666,10,0.47,0.7833,995,0
SPY190520P283,2019-05-17,2019-05-17 09:41:59,0.48,0.8,161,0.47,0.7833,531,0.46,0.7666,10,0.475,0.7916,995,0
SPY190520P283,2019-05-17,2019-05-17 09:42:00,0.48,0.8,61,0.47,0.7833,820,0.46,0.7666,10,0.475,0.7916,995,0
SPY190520P283,2019-05-17,2019-05-17 09:42:01,0.49,0.8166,64,0.48,0.8,66,0.46,0.7666,10,0.485,0.8083,995,0
SPY190520P283,2019-05-17,2019-05-17 09:42:02,0.49,0.8166,179,0.48,0.8,50,0.46,0.7666,10,0.485,0.8083,995,0
SPY190520P283,2019-05-17,2019-05-17 09:42:03,0.49,0.8166,478,0.47,0.7833,186,0.46,0.7666,10,0.48,0.8,995,0
SPY190520P283,2019-05-17,2019-05-17 09:42:04,0.49,0.8166,1561,0.47,0.7833,997,0.46,0.7666,10,0.48,0.8,995,0
SPY190520P283,2019-05-17,2019-05-17 09:42:05,0.49,0.8166,2441,0.47,0.7833,236,0.46,0.7666,10,0.48,0.8,995,0
SPY190520P283,2019-05-17,2019-05-17 09:42:06,0.48,0.8,66,0.47,0.7833,1004,0.46,0.7666,10,0.475,0.7916,995,0
SPY190520P283,2019-05-17,2019-05-17 09:42:07,0.48,0.8,133,0.47,0.7833,75,0.48,0.8,2,0.475,0.7916,997,2
SPY190520P283,2019-05-17,2019-05-17 09:42:08,0.48,0.8,133,0.47,0.7833,150,0.48,0.8,2,0.475,0.7916,997,0
SPY190520P283,2019-05-17,2019-05-17 09:42:09,0.48,0.8,186,0.47,0.7833,150,0.48,0.8,2,0.475,0.7916,997,0
SPY190520P283,2019-05-17,2019-05-17 09:42:10,0.48,0.8,61,0.47,0.7833,150,0.48,0.8,2,0.475,0.7916,997,0
SPY190520P283,2019-05-17,2019-05-17 09:42:11,0.48,0.8,64,0.47,0.7833,301,0.48,0.8,2,0.475,0.7916,997,0
SPY190520P283,2019-05-17,2019-05-17 09:42:12,0.49,0.8166,2145,0.47,0.7833,709,0.48,0.8,2,0.48,0.8,997,0
SPY190520P283,2019-05-17,2019-05-17 09:42:13,0.49,0.8166,2576,0.48,0.8,2,0.48,0.8,2,0.485,0.8083,997,0
SPY190520P283,2019-05-17,2019-05-17 09:42:14,0.49,0.8166,2929,0.48,0.8,2,0.48,0.8,2,0.485,0.8083,997,0
SPY190520P283,2019-05-17,2019-05-17 09:42:15,0.49,0.8166,1756,0.48,0.8,2,0.48,0.8,2,0.485,0.8083,997,0
SPY190520P283,2019-05-17,2019-05-17 09:42:16,0.48,0.8,1,0.48,0.8,2,0.48,0.8,2,0.48,0.8,999,2
SPY190520P283,2019-05-17,2019-05-17 09:42:18,0.48,0.8,330,0.46,0.7666,150,0.48,0.8,2,0.47,0.7833,999,0
SPY190520P283,2019-05-17,2019-05-17 09:42:19,0.48,0.8,1515,0.46,0.7666,344,0.48,0.8,2,0.47,0.7833,999,0
SPY190520P283,2019-05-17,2019-05-17 09:42:20,0.48,0.8,685,0.46,0.7666,1234,0.48,0.8,2,0.47,0.7833,999,0
SPY190520P283,2019-05-17,2019-05-17 09:42:21,0.48,0.8,1889,0.46,0.7666,702,0.48,0.8,2,0.47,0.7833,999,0
SPY190520P283,2019-05-17,2019-05-17 09:42:22,0.48,0.8,685,0.46,0.7666,874,0.48,0.8,2,0.47,0.7833,999,0
SPY190520P283,2019-05-17,2019-05-17 09:42:23,0.48,0.8,1312,0.46,0.7666,892,0.48,0.8,2,0.47,0.7833,999,0
SPY190520P283,2019-05-17,2019-05-17 09:42:24,0.48,0.8,1419,0.46,0.7666,961,0.48,0.8,2,0.47,0.7833,999,0
SPY190520P283,2019-05-17,2019-05-17 09:42:25,0.48,0.8,1075,0.46,0.7666,1022,0.48,0.8,2,0.47,0.7833,999,0
SPY190520P283,2019-05-17,2019-05-17 09:42:26,0.48,0.8,883,0.46,0.7666,978,0.48,0.8,2,0.47,0.7833,999,0
SPY190520P283,2019-05-17,2019-05-17 09:42:27,0.49,0.8166,470,0.47,0.7833,246,0.48,0.8,2,0.48,0.8,999,0
SPY190520P283,2019-05-17,2019-05-17 09:42:28,0.49,0.8166,1925,0.47,0.7833,799,0.48,0.8,2,0.48,0.8,999,0
SPY190520P283,2019-05-17,2019-05-17 09:42:29,0.48,0.8,290,0.47,0.7833,29,0.47,0.7833,1,0.475,0.7916,1000,1
SPY190520P283,2019-05-17,2019-05-17 09:42:30,0.48,0.8,150,0.47,0.7833,100,0.47,0.7833,1,0.475,0.7916,1000,0
SPY190520P283,2019-05-17,2019-05-17 09:42:31,0.48,0.8,150,0.47,0.7833,138,0.48,0.8,1,0.475,0.7916,1001,1
SPY190520P283,2019-05-17,2019-05-17 09:42:32,0.48,0.8,161,0.47,0.7833,138,0.48,0.8,1,0.475,0.7916,1001,0
SPY190520P283,2019-05-17,2019-05-17 09:42:33,0.48,0.8,570,0.46,0.7666,1661,0.48,0.8,1,0.47,0.7833,1001,0
SPY190520P283,2019-05-17,2019-05-17 09:42:34,0.48,0.8,570,0.46,0.7666,1661,0.48,0.8,1,0.47,0.7833,1001,0
SPY190520P283,2019-05-17,2019-05-17 09:42:35,0.48,0.8,179,0.47,0.7833,50,0.48,0.8,1,0.475,0.7916,1001,0
SPY190520P283,2019-05-17,2019-05-17 09:42:36,0.48,0.8,185,0.46,0.7666,1606,0.48,0.8,1,0.47,0.7833,1001,0
SPY190520P283,2019-05-17,2019-05-17 09:42:37,0.48,0.8,680,0.46,0.7666,1887,0.48,0.8,1,0.47,0.7833,1001,0
SPY190520P283,2019-05-17,2019-05-17 09:42:38,0.48,0.8,215,0.47,0.7833,49,0.48,0.8,1,0.475,0.7916,1001,0
SPY190520P283,2019-05-17,2019-05-17 09:42:39,0.49,0.8166,1448,0.47,0.7833,644,0.48,0.8,1,0.48,0.8,1001,0
SPY190520P283,2019-05-17,2019-05-17 09:42:40,0.48,0.8,6,0.47,0.7833,70,0.48,0.8,1,0.475,0.7916,1001,0
SPY190520P283,2019-05-17,2019-05-17 09:42:41,0.48,0.8,1071,0.46,0.7666,834,0.48,0.8,1,0.47,0.7833,1001,0
SPY190520P283,2019-05-17,2019-05-17 09:42:42,0.48,0.8,680,0.46,0.7666,1102,0.48,0.8,1,0.47,0.7833,1001,0
SPY190520P283,2019-05-17,2019-05-17 09:42:43,0.48,0.8,50,0.47,0.7833,168,0.48,0.8,1,0.475,0.7916,1001,0
SPY190520P283,2019-05-17,2019-05-17 09:42:44,0.48,0.8,50,0.47,0.7833,168,0.48,0.8,1,0.475,0.7916,1001,0
SPY190520P283,2019-05-17,2019-05-17 09:42:46,0.49,0.8166,1067,0.47,0.7833,500,0.48,0.8,1,0.48,0.8,1001,0
SPY190520P283,2019-05-17,2019-05-17 09:42:47,0.49,0.8166,1644,0.47,0.7833,245,0.48,0.8,1,0.48,0.8,1001,0
SPY190520P283,2019-05-17,2019-05-17 09:42:48,0.48,0.8,65,0.47,0.7833,231,0.48,0.8,1,0.475,0.7916,1001,0
SPY190520P283,2019-05-17,2019-05-17 09:42:49,0.48,0.8,139,0.47,0.7833,179,0.48,0.8,1,0.475,0.7916,1001,0
SPY190520P283,2019-05-17,2019-05-17 09:42:50,0.48,0.8,428,0.46,0.7666,760,0.48,0.8,1,0.47,0.7833,1001,0
SPY190520P283,2019-05-17,2019-05-17 09:42:51,0.48,0.8,730,0.46,0.7666,1191,0.48,0.8,1,0.47,0.7833,1001,0
SPY190520P283,2019-05-17,2019-05-17 09:42:52,0.48,0.8,730,0.46,0.7666,1191,0.48,0.8,1,0.47,0.7833,1001,0
SPY190520P283,2019-05-17,2019-05-17 09:42:53,0.48,0.8,730,0.47,0.7833,150,0.48,0.8,1,0.475,0.7916,1001,0
SPY190520P283,2019-05-17,2019-05-17 09:42:54,0.48,0.8,105,0.47,0.7833,170,0.48,0.8,1,0.475,0.7916,1001,0
SPY190520P283,2019-05-17,2019-05-17 09:42:55,0.48,0.8,66,0.47,0.7833,310,0.48,0.8,1,0.475,0.7916,1001,0
SPY190520P283,2019-05-17,2019-05-17 09:42:56,0.48,0.8,66,0.47,0.7833,801,0.48,0.8,1,0.475,0.7916,1001,0
SPY190520P283,2019-05-17,2019-05-17 09:42:57,0.48,0.8,150,0.47,0.7833,188,0.48,0.8,1,0.475,0.7916,1001,0
SPY190520P283,2019-05-17,2019-05-17 09:42:58,0.48,0.8,162,0.47,0.7833,188,0.48,0.8,1,0.475,0.7916,1001,0
SPY190520P283,2019-05-17,2019-05-17 09:42:59,0.48,0.8,162,0.47,0.7833,169,0.48,0.8,1,0.475,0.7916,1001,0
SPY190520P283,2019-05-17,2019-05-17 09:43:00,0.48,0.8,162,0.47,0.7833,135,0.48,0.8,1,0.475,0.7916,1001,0
SPY190520P283,2019-05-17,2019-05-17 09:43:01,0.48,0.8,1344,0.47,0.7833,135,0.48,0.8,1,0.475,0.7916,1001,0
SPY190520P283,2019-05-17,2019-05-17 09:43:02,0.48,0.8,165,0.47,0.7833,138,0.48,0.8,1,0.475,0.7916,1001,0
SPY190520P283,2019-05-17,2019-05-17 09:43:03,0.48,0.8,62,0.47,0.7833,588,0.48,0.8,1,0.475,0.7916,1001,0
SPY190520P283,2019-05-17,2019-05-17 09:43:04,0.48,0.8,931,0.47,0.7833,132,0.48,0.8,1,0.475,0.7916,1001,0
SPY190520P283,2019-05-17,2019-05-17 09:43:05,0.48,0.8,618,0.47,0.7833,103,0.48,0.8,1,0.475,0.7916,1001,0
SPY190520P283,2019-05-17,2019-05-17 09:43:06,0.48,0.8,1050,0.47,0.7833,140,0.48,0.8,1,0.475,0.7916,1001,0
SPY190520P283,2019-05-17,2019-05-17 09:43:07,0.48,0.8,161,0.47,0.7833,594,0.48,0.8,1,0.475,0.7916,1001,0
SPY190520P283,2019-05-17,2019-05-17 09:43:08,0.48,0.8,161,0.47,0.7833,594,0.48,0.8,1,0.475,0.7916,1002,1
SPY190520P283,2019-05-17,2019-05-17 09:43:09,0.49,0.8166,1614,0.47,0.7833,1422,0.48,0.8,1,0.48,0.8,1002,0
SPY190520P283,2019-05-17,2019-05-17 09:43:10,0.49,0.8166,1462,0.48,0.8,1,0.48,0.8,1,0.485,0.8083,1003,1
SPY190520P283,2019-05-17,2019-05-17 09:43:11,0.5,0.8333,478,0.48,0.8,170,0.48,0.8,1,0.49,0.8166,1003,0
SPY190520P283,2019-05-17,2019-05-17 09:43:12,0.5,0.8333,2479,0.48,0.8,292,0.48,0.8,1,0.49,0.8166,1003,0
SPY190520P283,2019-05-17,2019-05-17 09:43:13,0.5,0.8333,2285,0.48,0.8,944,0.48,0.8,1,0.49,0.8166,1003,0
SPY190520P283,2019-05-17,2019-05-17 09:43:14,0.5,0.8333,58,0.48,0.8,66,0.48,0.8,1,0.49,0.8166,1003,0
SPY190520P283,2019-05-17,2019-05-17 09:43:15,0.5,0.8333,2314,0.48,0.8,113,0.48,0.8,1,0.49,0.8166,1003,0
SPY190520P283,2019-05-17,2019-05-17 09:43:17,0.49,0.8166,582,0.48,0.8,400,0.48,0.8,1,0.485,0.8083,1003,0
SPY190520P283,2019-05-17,2019-05-17 09:43:18,0.49,0.8166,583,0.47,0.7833,1858,0.48,0.8,1,0.48,0.8,1003,0
SPY190520P283,2019-05-17,2019-05-17 09:43:19,0.48,0.8,2,0.47,0.7833,2110,0.48,0.8,1,0.475,0.7916,1004,1
SPY190520P283,2019-05-17,2019-05-17 09:43:20,0.5,0.8333,251,0.48,0.8,215,0.48,0.8,1,0.49,0.8166,1006,2
SPY190520P283,2019-05-17,2019-05-17 09:43:21,0.5,0.8333,331,0.48,0.8,1318,0.48,0.8,1,0.49,0.8166,1006,0
SPY190520P283,2019-05-17,2019-05-17 09:43:22,0.51,0.85,2097,0.49,0.8166,705,0.48,0.8,1,0.5,0.8333,1006,0
SPY190520P283,2019-05-17,2019-05-17 09:43:23,0.51,0.85,2291,0.49,0.8166,962,0.51,0.85,2,0.5,0.8333,1008,2
SPY190520P283,2019-05-17,2019-05-17 09:43:25,0.51,0.85,2062,0.49,0.8166,850,0.51,0.85,2,0.5,0.8333,1008,0
SPY190520P283,2019-05-17,2019-05-17 09:43:26,0.51,0.85,742,0.49,0.8166,811,0.51,0.85,2,0.5,0.8333,1008,0
SPY190520P283,2019-05-17,2019-05-17 09:43:27,0.51,0.85,240,0.49,0.8166,964,0.51,0.85,2,0.5,0.8333,1008,0
SPY190520P283,2019-05-17,2019-05-17 09:43:28,0.51,0.85,40,0.5,0.8333,476,0.51,0.85,2,0.505,0.8416,1008,0
SPY190520P283,2019-05-17,2019-05-17 09:43:29,0.51,0.85,154,0.5,0.8333,461,0.51,0.85,2,0.505,0.8416,1008,0
SPY190520P283,2019-05-17,2019-05-17 09:43:30,0.51,0.85,311,0.5,0.8333,450,0.51,0.85,2,0.505,0.8416,1008,0
SPY190520P283,2019-05-17,2019-05-17 09:43:32,0.51,0.85,147,0.5,0.8333,460,0.51,0.85,2,0.505,0.8416,1008,0
SPY190520P283,2019-05-17,2019-05-17 09:43:33,0.51,0.85,858,0.5,0.8333,39,0.51,0.85,2,0.505,0.8416,1008,0
SPY190520P283,2019-05-17,2019-05-17 09:43:34,0.51,0.85,230,0.5,0.8333,450,0.51,0.85,2,0.505,0.8416,1008,0
SPY190520P283,2019-05-17,2019-05-17 09:43:35,0.51,0.85,50,0.5,0.8333,450,0.51,0.85,2,0.505,0.8416,1008,0
SPY190520P283,2019-05-17,2019-05-17 09:43:36,0.51,0.85,669,0.5,0.8333,88,0.51,0.85,2,0.505,0.8416,1008,0
SPY190520P283,2019-05-17,2019-05-17 09:43:37,0.5,0.8333,170,0.49,0.8166,474,0.51,0.85,2,0.495,0.825,1008,0
SPY190520P283,2019-05-17,2019-05-17 09:43:39,0.5,0.8333,163,0.49,0.8166,123,0.51,0.85,2,0.495,0.825,1008,0
SPY190520P283,2019-05-17,2019-05-17 09:43:40,0.5,0.8333,163,0.49,0.8166,133,0.51,0.85,2,0.495,0.825,1008,0
SPY190520P283,2019-05-17,2019-05-17 09:43:41,0.5,0.8333,271,0.48,0.8,151,0.51,0.85,2,0.49,0.8166,1008,0
SPY190520P283,2019-05-17,2019-05-17 09:43:43,0.5,0.8333,245,0.49,0.8166,400,0.51,0.85,2,0.495,0.825,1008,0
SPY190520P283,2019-05-17,2019-05-17 09:43:44,0.5,0.8333,610,0.49,0.8166,126,0.51,0.85,2,0.495,0.825,1008,0
SPY190520P283,2019-05-17,2019-05-17 09:43:45,0.5,0.8333,155,0.49,0.8166,553,0.51,0.85,2,0.495,0.825,1008,0
SPY190520P283,2019-05-17,2019-05-17 09:43:46,0.5,0.8333,155,0.49,0.8166,553,0.51,0.85,2,0.495,0.825,1008,0
SPY190520P283,2019-05-17,2019-05-17 09:43:47,0.51,0.85,1462,0.5,0.8333,450,0.51,0.85,2,0.505,0.8416,1008,0
SPY190520P283,2019-05-17,2019-05-17 09:43:48,0.51,0.85,742,0.5,0.8333,50,0.51,0.85,2,0.505,0.8416,1008,0
SPY190520P283,2019-05-17,2019-05-17 09:43:49,0.51,0.85,691,0.49,0.8166,1304,0.51,0.85,2,0.5,0.8333,1008,0
SPY190520P283,2019-05-17,2019-05-17 09:43:51,0.51,0.85,90,0.5,0.8333,400,0.51,0.85,2,0.505,0.8416,1008,0
SPY190520P283,2019-05-17,2019-05-17 09:43:52,0.51,0.85,1006,0.49,0.8166,450,0.51,0.85,2,0.5,0.8333,1008,0
SPY190520P283,2019-05-17,2019-05-17 09:43:53,0.52,0.8666,690,0.5,0.8333,450,0.51,0.85,2,0.51,0.85,1008,0
SPY190520P283,2019-05-17,2019-05-17 09:43:54,0.52,0.8666,1784,0.5,0.8333,400,0.51,0.85,2,0.51,0.85,1008,0
SPY190520P283,2019-05-17,2019-05-17 09:43:56,0.51,0.85,65,0.5,0.8333,140,0.51,0.85,2,0.505,0.8416,1008,0
SPY190520P283,2019-05-17,2019-05-17 09:43:57,0.51,0.85,148,0.5,0.8333,450,0.51,0.85,2,0.505,0.8416,1008,0
SPY190520P283,2019-05-17,2019-05-17 09:43:58,0.51,0.85,164,0.49,0.8166,1648,0.51,0.85,2,0.5,0.8333,1008,0
SPY190520P283,2019-05-17,2019-05-17 09:43:59,0.51,0.85,851,0.49,0.8166,540,0.51,0.85,2,0.5,0.8333,1008,0
SPY190520P283,2019-05-17,2019-05-17 09:44:00,0.51,0.85,1910,0.49,0.8166,540,0.51,0.85,2,0.5,0.8333,1008,0
SPY190520P283,2019-05-17,2019-05-17 09:44:01,0.5,0.8333,152,0.49,0.8166,153,0.51,0.85,2,0.495,0.825,1008,0
SPY190520P283,2019-05-17,2019-05-17 09:44:02,0.5,0.8333,152,0.49,0.8166,553,0.51,0.85,2,0.495,0.825,1008,0
SPY190520P283,2019-05-17,2019-05-17 09:44:04,0.51,0.85,1001,0.49,0.8166,612,0.51,0.85,2,0.5,0.8333,1008,0
SPY190520P283,2019-05-17,2019-05-17 09:44:05,0.51,0.85,1962,0.49,0.8166,463,0.51,0.85,2,0.5,0.8333,1008,0
SPY190520P283,2019-05-17,2019-05-17 09:44:06,0.51,0.85,1280,0.49,0.8166,463,0.51,0.85,2,0.5,0.8333,1008,0
SPY190520P283,2019-05-17,2019-05-17 09:44:07,0.5,0.8333,59,0.49,0.8166,553,0.51,0.85,2,0.495,0.825,1008,0
SPY190520P283,2019-05-17,2019-05-17 09:44:08,0.51,0.85,225,0.5,0.8333,400,0.51,0.85,2,0.505,0.8416,1008,0
SPY190520P283,2019-05-17,2019-05-17 09:44:09,0.51,0.85,1483,0.49,0.8166,1016,0.51,0.85,2,0.5,0.8333,1008,0
SPY190520P283,2019-05-17,2019-05-17 09:44:10,0.51,0.85,2639,0.49,0.8166,553,0.51,0.85,2,0.5,0.8333,1008,0
SPY190520P283,2019-05-17,2019-05-17 09:44:11,0.5,0.8333,140,0.49,0.8166,553,0.51,0.85,2,0.495,0.825,1008,0
SPY190520P283,2019-05-17,2019-05-17 09:44:12,0.5,0.8333,152,0.49,0.8166,553,0.51,0.85,2,0.495,0.825,1008,0
SPY190520P283,2019-05-17,2019-05-17 09:44:14,0.51,0.85,800,0.49,0.8166,864,0.51,0.85,2,0.5,0.8333,1008,0
SPY190520P283,2019-05-17,2019-05-17 09:44:15,0.51,0.85,155,0.5,0.8333,50,0.51,0.85,2,0.505,0.8416,1008,0
SPY190520P283,2019-05-17,2019-05-17 09:44:16,0.51,0.85,211,0.49,0.8166,1330,0.51,0.85,2,0.5,0.8333,1008,0
SPY190520P283,2019-05-17,2019-05-17 09:44:17,0.51,0.85,50,0.5,0.8333,570,0.51,0.85,2,0.505,0.8416,1008,0
SPY190520P283,2019-05-17,2019-05-17 09:44:18,0.51,0.85,66,0.5,0.8333,559,0.51,0.85,2,0.505,0.8416,1008,0
SPY190520P283,2019-05-17,2019-05-17 09:44:19,0.51,0.85,103,0.5,0.8333,560,0.51,0.85,2,0.505,0.8416,1008,0
SPY190520P283,2019-05-17,2019-05-17 09:44:21,0.51,0.85,103,0.5,0.8333,560,0.51,0.85,2,0.505,0.8416,1008,0
SPY190520P283,2019-05-17,2019-05-17 09:44:22,0.52,0.8666,1458,0.5,0.8333,628,0.51,0.85,2,0.51,0.85,1008,0
SPY190520P283,2019-05-17,2019-05-17 09:44:23,0.52,0.8666,186,0.5,0.8333,1071,0.51,0.85,2,0.51,0.85,1008,0
SPY190520P283,2019-05-17,2019-05-17 09:44:24,0.52,0.8666,50,0.51,0.85,630,0.51,0.85,2,0.515,0.8583,1008,0
SPY190520P283,2019-05-17,2019-05-17 09:44:25,0.52,0.8666,50,0.51,0.85,113,0.51,0.85,2,0.515,0.8583,1008,0
SPY190520P283,2019-05-17,2019-05-17 09:44:26,0.52,0.8666,50,0.51,0.85,991,0.51,0.85,2,0.515,0.8583,1008,0
SPY190520P283,2019-05-17,2019-05-17 09:44:27,0.52,0.8666,10,0.51,0.85,994,0.51,0.85,2,0.515,0.8583,1008,0
SPY190520P283,2019-05-17,2019-05-17 09:44:28,0.52,0.8666,10,0.51,0.85,994,0.51,0.85,2,0.515,0.8583,1008,0
SPY190520P283,2019-05-17,2019-05-17 09:44:29,0.52,0.8666,10,0.51,0.85,690,0.51,0.85,2,0.515,0.8583,1008,0
SPY190520P283,2019-05-17,2019-05-17 09:44:30,0.52,0.8666,10,0.51,0.85,690,0.51,0.85,2,0.515,0.8583,1008,0
SPY190520P283,2019-05-17,2019-05-17 09:44:32,0.52,0.8666,10,0.51,0.85,645,0.51,0.85,2,0.515,0.8583,1008,0
SPY190520P283,2019-05-17,2019-05-17 09:44:33,0.52,0.8666,10,0.51,0.85,817,0.51,0.85,2,0.515,0.8583,1008,0
SPY190520P283,2019-05-17,2019-05-17 09:44:34,0.52,0.8666,50,0.51,0.85,94,0.51,0.85,2,0.515,0.8583,1008,0
SPY190520P283,2019-05-17,2019-05-17 09:44:35,0.52,0.8666,10,0.51,0.85,1600,0.51,0.85,2,0.515,0.8583,1008,0
SPY190520P283,2019-05-17,2019-05-17 09:44:36,0.52,0.8666,10,0.51,0.85,2105,0.51,0.85,2,0.515,0.8583,1008,0
SPY190520P283,2019-05-17,2019-05-17 09:44:37,0.52,0.8666,10,0.51,0.85,1797,0.51,0.85,2,0.515,0.8583,1008,0
SPY190520P283,2019-05-17,2019-05-17 09:44:38,0.52,0.8666,10,0.51,0.85,1984,0.51,0.85,2,0.515,0.8583,1008,0
SPY190520P283,2019-05-17,2019-05-17 09:44:39,0.52,0.8666,10,0.51,0.85,1426,0.51,0.85,2,0.515,0.8583,1008,0
SPY190520P283,2019-05-17,2019-05-17 09:44:40,0.52,0.8666,10,0.51,0.85,1988,0.51,0.85,2,0.515,0.8583,1008,0
SPY190520P283,2019-05-17,2019-05-17 09:44:42,0.52,0.8666,10,0.51,0.85,1798,0.51,0.85,2,0.515,0.8583,1008,0
SPY190520P283,2019-05-17,2019-05-17 09:44:43,0.52,0.8666,10,0.51,0.85,2506,0.52,0.8666,9,0.515,0.8583,1057,49
SPY190520P283,2019-05-17,2019-05-17 09:44:44,0.54,0.9,2611,0.52,0.8666,127,0.52,0.8666,1,0.53,0.8833,1058,1
SPY190520P283,2019-05-17,2019-05-17 09:44:45,0.53,0.8833,160,0.51,0.85,1743,0.52,0.8666,1,0.52,0.8666,1058,0
SPY190520P283,2019-05-17,2019-05-17 09:44:46,0.53,0.8833,181,0.52,0.8666,450,0.52,0.8666,1,0.525,0.875,1058,0
SPY190520P283,2019-05-17,2019-05-17 09:44:47,0.53,0.8833,2159,0.51,0.85,400,0.53,0.8833,4,0.52,0.8666,1062,4
SPY190520P283,2019-05-17,2019-05-17 09:44:48,0.52,0.8666,180,0.51,0.85,463,0.53,0.8833,4,0.515,0.8583,1062,0
SPY190520P283,2019-05-17,2019-05-17 09:44:49,0.52,0.8666,181,0.51,0.85,164,0.53,0.8833,4,0.515,0.8583,1062,0
SPY190520P283,2019-05-17,2019-05-17 09:44:50,0.51,0.85,140,0.5,0.8333,74,0.53,0.8833,4,0.505,0.8416,1062,0
SPY190520P283,2019-05-17,2019-05-17 09:44:51,0.51,0.85,140,0.5,0.8333,164,0.53,0.8833,4,0.505,0.8416,1062,0
SPY190520P283,2019-05-17,2019-05-17 09:44:52,0.51,0.85,140,0.49,0.8166,1172,0.53,0.8833,4,0.5,0.8333,1062,0
SPY190520P283,2019-05-17,2019-05-17 09:44:53,0.51,0.85,465,0.49,0.8166,465,0.53,0.8833,4,0.5,0.8333,1062,0
SPY190520P283,2019-05-17,2019-05-17 09:44:55,0.51,0.85,2252,0.49,0.8166,250,0.53,0.8833,4,0.5,0.8333,1062,0
SPY190520P283,2019-05-17,2019-05-17 09:44:56,0.51,0.85,235,0.49,0.8166,189,0.53,0.8833,4,0.5,0.8333,1062,0
SPY190520P283,2019-05-17,2019-05-17 09:44:57,0.51,0.85,152,0.49,0.8166,1071,0.53,0.8833,4,0.5,0.8333,1062,0
SPY190520P283,2019-05-17,2019-05-17 09:44:58,0.5,0.8333,100,0.49,0.8166,350,0.53,0.8833,4,0.495,0.825,1062,0
SPY190520P283,2019-05-17,2019-05-17 09:44:59,0.51,0.85,1326,0.49,0.8166,1166,0.53,0.8833,4,0.5,0.8333,1062,0
SPY190520P283,2019-05-17,2019-05-17 09:45:00,0.51,0.85,1651,0.49,0.8166,1074,0.53,0.8833,4,0.5,0.8333,1062,0
SPY190520P283,2019-05-17,2019-05-17 09:45:01,0.51,0.85,1353,0.49,0.8166,1289,0.53,0.8833,4,0.5,0.8333,1062,0
SPY190520P283,2019-05-17,2019-05-17 09:45:03,0.5,0.8333,100,0.49,0.8166,142,0.53,0.8833,4,0.495,0.825,1062,0
SPY190520P283,2019-05-17,2019-05-17 09:45:05,0.5,0.8333,2499,0.48,0.8,1136,0.53,0.8833,4,0.49,0.8166,1062,0
SPY190520P283,2019-05-17,2019-05-17 09:45:06,0.5,0.8333,2593,0.48,0.8,1136,0.53,0.8833,4,0.49,0.8166,1062,0
SPY190520P283,2019-05-17,2019-05-17 09:45:07,0.5,0.8333,2499,0.48,0.8,983,0.53,0.8833,4,0.49,0.8166,1062,0
SPY190520P283,2019-05-17,2019-05-17 09:45:09,0.5,0.8333,2334,0.48,0.8,932,0.53,0.8833,4,0.49,0.8166,1062,0
SPY190520P283,2019-05-17,2019-05-17 09:45:10,0.5,0.8333,906,0.49,0.8166,62,0.53,0.8833,4,0.495,0.825,1062,0
SPY190520P283,2019-05-17,2019-05-17 09:45:11,0.5,0.8333,50,0.49,0.8166,983,0.53,0.8833,4,0.495,0.825,1062,0
SPY190520P283,2019-05-17,2019-05-17 09:45:12,0.5,0.8333,50,0.49,0.8166,887,0.53,0.8833,4,0.495,0.825,1062,0
SPY190520P283,2019-05-17,2019-05-17 09:45:13,0.5,0.8333,126,0.49,0.8166,140,0.53,0.8833,4,0.495,0.825,1062,0
SPY190520P283,2019-05-17,2019-05-17 09:45:14,0.5,0.8333,50,0.49,0.8166,419,0.5,0.8333,3,0.495,0.825,1065,3
SPY190520P283,2019-05-17,2019-05-17 09:45:16,0.5,0.8333,41,0.49,0.8166,1975,0.5,0.8333,2,0.495,0.825,1069,4
SPY190520P283,2019-05-17,2019-05-17 09:45:17,0.5,0.8333,41,0.5,0.8333,135,0.5,0.8333,1,0.5,0.8333,1110,41
SPY190520P283,2019-05-17,2019-05-17 09:45:18,0.52,0.8666,1483,0.5,0.8333,1085,0.5,0.8333,53,0.51,0.85,1245,135
SPY190520P283,2019-05-17,2019-05-17 09:45:19,0.52,0.8666,2793,0.5,0.8333,316,0.5,0.8333,53,0.51,0.85,1245,0
SPY190520P283,2019-05-17,2019-05-17 09:45:21,0.51,0.85,2183,0.49,0.8166,887,0.5,0.8333,53,0.5,0.8333,1245,0
SPY190520P283,2019-05-17,2019-05-17 09:45:22,0.51,0.85,853,0.49,0.8166,311,0.5,0.8333,53,0.5,0.8333,1245,0
SPY190520P283,2019-05-17,2019-05-17 09:45:23,0.52,0.8666,2083,0.49,0.8166,556,0.5,0.8333,53,0.505,0.8416,1245,0
SPY190520P283,2019-05-17,2019-05-17 09:45:24,0.51,0.85,140,0.5,0.8333,123,0.5,0.8333,53,0.505,0.8416,1245,0
SPY190520P283,2019-05-17,2019-05-17 09:45:26,0.51,0.85,2010,0.5,0.8333,130,0.5,0.8333,53,0.505,0.8416,1245,0
SPY190520P283,2019-05-17,2019-05-17 09:45:27,0.51,0.85,442,0.5,0.8333,150,0.5,0.8333,53,0.505,0.8416,1245,0
SPY190520P283,2019-05-17,2019-05-17 09:45:28,0.51,0.85,140,0.5,0.8333,119,0.5,0.8333,53,0.505,0.8416,1245,0
SPY190520P283,2019-05-17,2019-05-17 09:45:29,0.52,0.8666,2227,0.5,0.8333,887,0.5,0.8333,53,0.51,0.85,1245,0
SPY190520P283,2019-05-17,2019-05-17 09:45:30,0.52,0.8666,2368,0.5,0.8333,308,0.5,0.8333,53,0.51,0.85,1245,0
SPY190520P283,2019-05-17,2019-05-17 09:45:31,0.52,0.8666,2865,0.5,0.8333,217,0.5,0.8333,53,0.51,0.85,1245,0
SPY190520P283,2019-05-17,2019-05-17 09:45:33,0.51,0.85,140,0.5,0.8333,119,0.5,0.8333,53,0.505,0.8416,1245,0
SPY190520P283,2019-05-17,2019-05-17 09:45:34,0.51,0.85,833,0.5,0.8333,50,0.5,0.8333,53,0.505,0.8416,1245,0
SPY190520P283,2019-05-17,2019-05-17 09:45:35,0.51,0.85,2524,0.49,0.8166,158,0.5,0.8333,53,0.5,0.8333,1245,0
SPY190520P283,2019-05-17,2019-05-17 09:45:36,0.5,0.8333,1142,0.48,0.8,1732,0.5,0.8333,53,0.49,0.8166,1245,0
SPY190520P283,2019-05-17,2019-05-17 09:45:38,0.5,0.8333,2492,0.48,0.8,634,0.5,0.8333,53,0.49,0.8166,1245,0
SPY190520P283,2019-05-17,2019-05-17 09:45:39,0.5,0.8333,2731,0.48,0.8,239,0.5,0.8333,53,0.49,0.8166,1245,0
SPY190520P283,2019-05-17,2019-05-17 09:45:40,0.49,0.8166,150,0.48,0.8,1269,0.5,0.8333,53,0.485,0.8083,1245,0
SPY190520P283,2019-05-17,2019-05-17 09:45:41,0.5,0.8333,2314,0.48,0.8,1269,0.5,0.8333,53,0.49,0.8166,1245,0
SPY190520P283,2019-05-17,2019-05-17 09:45:42,0.49,0.8166,150,0.48,0.8,295,0.5,0.8333,53,0.485,0.8083,1245,0
SPY190520P283,2019-05-17,2019-05-17 09:45:43,0.49,0.8166,150,0.48,0.8,1240,0.5,0.8333,53,0.485,0.8083,1245,0
SPY190520P283,2019-05-17,2019-05-17 09:45:45,0.5,0.8333,2582,0.48,0.8,932,0.5,0.8333,53,0.49,0.8166,1245,0
SPY190520P283,2019-05-17,2019-05-17 09:45:46,0.5,0.8333,2463,0.48,0.8,932,0.5,0.8333,53,0.49,0.8166,1245,0
SPY190520P283,2019-05-17,2019-05-17 09:45:47,0.5,0.8333,2746,0.48,0.8,245,0.5,0.8333,53,0.49,0.8166,1245,0
SPY190520P283,2019-05-17,2019-05-17 09:45:48,0.49,0.8166,1050,0.48,0.8,76,0.5,0.8333,53,0.485,0.8083,1245,0
SPY190520P283,2019-05-17,2019-05-17 09:45:50,0.49,0.8166,170,0.47,0.7833,1883,0.5,0.8333,53,0.48,0.8,1245,0
SPY190520P283,2019-05-17,2019-05-17 09:45:51,0.49,0.8166,477,0.48,0.8,170,0.5,0.8333,53,0.485,0.8083,1245,0
SPY190520P283,2019-05-17,2019-05-17 09:45:52,0.49,0.8166,150,0.47,0.7833,1289,0.5,0.8333,53,0.48,0.8,1245,0
SPY190520P283,2019-05-17,2019-05-17 09:45:53,0.49,0.8166,2169,0.47,0.7833,1386,0.5,0.8333,53,0.48,0.8,1245,0
SPY190520P283,2019-05-17,2019-05-17 09:45:54,0.49,0.8166,2392,0.47,0.7833,703,0.5,0.8333,53,0.48,0.8,1245,0
SPY190520P283,2019-05-17,2019-05-17 09:45:55,0.49,0.8166,1913,0.47,0.7833,932,0.5,0.8333,53,0.48,0.8,1245,0
SPY190520P283,2019-05-17,2019-05-17 09:45:57,0.49,0.8166,1390,0.47,0.7833,1644,0.5,0.8333,53,0.48,0.8,1245,0
SPY190520P283,2019-05-17,2019-05-17 09:45:58,0.49,0.8166,161,0.48,0.8,76,0.5,0.8333,53,0.485,0.8083,1245,0
SPY190520P283,2019-05-17,2019-05-17 09:45:59,0.49,0.8166,161,0.48,0.8,140,0.5,0.8333,53,0.485,0.8083,1245,0
SPY190520P283,2019-05-17,2019-05-17 09:46:00,0.49,0.8166,161,0.48,0.8,124,0.49,0.8166,1,0.485,0.8083,1246,1
SPY190520P283,2019-05-17,2019-05-17 09:46:01,0.49,0.8166,161,0.48,0.8,118,0.49,0.8166,1,0.485,0.8083,1246,0
SPY190520P283,2019-05-17,2019-05-17 09:46:02,0.5,0.8333,1217,0.48,0.8,758,0.49,0.8166,1,0.49,0.8166,1246,0
SPY190520P283,2019-05-17,2019-05-17 09:46:04,0.5,0.8333,2013,0.48,0.8,1270,0.49,0.8166,1,0.49,0.8166,1246,0
SPY190520P283,2019-05-17,2019-05-17 09:46:05,0.51,0.85,2212,0.49,0.8166,97,0.49,0.8166,1,0.5,0.8333,1246,0
SPY190520P283,2019-05-17,2019-05-17 09:46:06,0.5,0.8333,242,0.48,0.8,1781,0.49,0.8166,1,0.49,0.8166,1246,0
SPY190520P283,2019-05-17,2019-05-17 09:46:07,0.5,0.8333,100,0.49,0.8166,136,0.49,0.8166,1,0.495,0.825,1246,0
SPY190520P283,2019-05-17,2019-05-17 09:46:08,0.5,0.8333,100,0.49,0.8166,35,0.49,0.8166,1,0.495,0.825,1246,0
SPY190520P283,2019-05-17,2019-05-17 09:46:09,0.5,0.8333,100,0.49,0.8166,206,0.49,0.8166,1,0.495,0.825,1246,0
SPY190520P283,2019-05-17,2019-05-17 09:46:11,0.51,0.85,254,0.5,0.8333,29,0.49,0.8166,1,0.505,0.8416,1246,0
SPY190520P283,2019-05-17,2019-05-17 09:46:12,0.51,0.85,1716,0.5,0.8333,29,0.49,0.8166,1,0.505,0.8416,1246,0
SPY190520P283,2019-05-17,2019-05-17 09:46:13,0.51,0.85,1917,0.5,0.8333,29,0.49,0.8166,1,0.505,0.8416,1246,0
SPY190520P283,2019-05-17,2019-05-17 09:46:14,0.51,0.85,46,0.49,0.8166,1082,0.49,0.8166,1,0.5,0.8333,1246,0
SPY190520P283,2019-05-17,2019-05-17 09:46:15,0.51,0.85,465,0.5,0.8333,121,0.49,0.8166,1,0.505,0.8416,1246,0
SPY190520P283,2019-05-17,2019-05-17 09:46:16,0.51,0.85,2377,0.5,0.8333,67,0.49,0.8166,1,0.505,0.8416,1246,0
SPY190520P283,2019-05-17,2019-05-17 09:46:17,0.51,0.85,120,0.5,0.8333,275,0.49,0.8166,1,0.505,0.8416,1246,0
SPY190520P283,2019-05-17,2019-05-17 09:46:19,0.52,0.8666,2416,0.5,0.8333,222,0.49,0.8166,1,0.51,0.85,1246,0
SPY190520P283,2019-05-17,2019-05-17 09:46:20,0.51,0.85,2355,0.5,0.8333,39,0.49,0.8166,1,0.505,0.8416,1246,0
SPY190520P283,2019-05-17,2019-05-17 09:46:21,0.51,0.85,562,0.5,0.8333,65,0.49,0.8166,1,0.505,0.8416,1246,0
SPY190520P283,2019-05-17,2019-05-17 09:46:23,0.51,0.85,1782,0.5,0.8333,29,0.49,0.8166,1,0.505,0.8416,1246,0
SPY190520P283,2019-05-17,2019-05-17 09:46:24,0.51,0.85,1782,0.5,0.8333,29,0.49,0.8166,1,0.505,0.8416,1246,0
SPY190520P283,2019-05-17,2019-05-17 09:46:26,0.51,0.85,2484,0.5,0.8333,39,0.49,0.8166,1,0.505,0.8416,1246,0
SPY190520P283,2019-05-17,2019-05-17 09:46:27,0.52,0.8666,2827,0.5,0.8333,171,0.49,0.8166,1,0.51,0.85,1246,0
SPY190520P283,2019-05-17,2019-05-17 09:46:28,0.51,0.85,859,0.5,0.8333,229,0.49,0.8166,1,0.505,0.8416,1246,0
SPY190520P283,2019-05-17,2019-05-17 09:46:29,0.51,0.85,140,0.5,0.8333,156,0.49,0.8166,1,0.505,0.8416,1246,0
SPY190520P283,2019-05-17,2019-05-17 09:46:31,0.52,0.8666,2682,0.5,0.8333,669,0.49,0.8166,1,0.51,0.85,1246,0
SPY190520P283,2019-05-17,2019-05-17 09:46:32,0.52,0.8666,2706,0.5,0.8333,669,0.49,0.8166,1,0.51,0.85,1246,0
SPY190520P283,2019-05-17,2019-05-17 09:46:33,0.51,0.85,275,0.5,0.8333,26,0.49,0.8166,1,0.505,0.8416,1246,0
SPY190520P283,2019-05-17,2019-05-17 09:46:34,0.51,0.85,1879,0.5,0.8333,87,0.49,0.8166,1,0.505,0.8416,1246,0
SPY190520P283,2019-05-17,2019-05-17 09:46:36,0.51,0.85,1024,0.5,0.8333,68,0.49,0.8166,1,0.505,0.8416,1246,0
SPY190520P283,2019-05-17,2019-05-17 09:46:37,0.51,0.85,50,0.5,0.8333,326,0.49,0.8166,1,0.505,0.8416,1246,0
SPY190520P283,2019-05-17,2019-05-17 09:46:38,0.52,0.8666,1208,0.51,0.85,12,0.49,0.8166,1,0.515,0.8583,1246,0
SPY190520P283,2019-05-17,2019-05-17 09:46:39,0.52,0.8666,1299,0.51,0.85,159,0.49,0.8166,1,0.515,0.8583,1246,0
SPY190520P283,2019-05-17,2019-05-17 09:46:40,0.52,0.8666,1976,0.5,0.8333,1136,0.49,0.8166,1,0.51,0.85,1246,0
SPY190520P283,2019-05-17,2019-05-17 09:46:42,0.52,0.8666,665,0.51,0.85,158,0.49,0.8166,1,0.515,0.8583,1246,0
SPY190520P283,2019-05-17,2019-05-17 09:46:43,0.52,0.8666,1040,0.5,0.8333,983,0.49,0.8166,1,0.51,0.85,1246,0
SPY190520P283,2019-05-17,2019-05-17 09:46:44,0.52,0.8666,1904,0.5,0.8333,1405,0.49,0.8166,1,0.51,0.85,1246,0
SPY190520P283,2019-05-17,2019-05-17 09:46:45,0.52,0.8666,2242,0.5,0.8333,700,0.49,0.8166,1,0.51,0.85,1246,0
SPY190520P283,2019-05-17,2019-05-17 09:46:46,0.52,0.8666,900,0.5,0.8333,1582,0.49,0.8166,1,0.51,0.85,1246,0
SPY190520P283,2019-05-17,2019-05-17 09:46:48,0.52,0.8666,150,0.5,0.8333,1582,0.49,0.8166,1,0.51,0.85,1246,0
SPY190520P283,2019-05-17,2019-05-17 09:46:49,0.52,0.8666,1247,0.5,0.8333,1016,0.52,0.8666,2,0.51,0.85,1248,2
SPY190520P283,2019-05-17,2019-05-17 09:46:50,0.52,0.8666,1939,0.5,0.8333,1505,0.52,0.8666,2,0.51,0.85,1248,0
SPY190520P283,2019-05-17,2019-05-17 09:46:52,0.52,0.8666,170,0.5,0.8333,1574,0.52,0.8666,2,0.51,0.85,1248,0
SPY190520P283,2019-05-17,2019-05-17 09:46:53,0.52,0.8666,1167,0.5,0.8333,839,0.52,0.8666,2,0.51,0.85,1248,0
SPY190520P283,2019-05-17,2019-05-17 09:46:54,0.52,0.8666,2539,0.5,0.8333,1009,0.52,0.8666,2,0.51,0.85,1248,0
SPY190520P283,2019-05-17,2019-05-17 09:46:55,0.52,0.8666,140,0.51,0.85,170,0.52,0.8666,2,0.515,0.8583,1248,0
SPY190520P283,2019-05-17,2019-05-17 09:46:56,0.52,0.8666,879,0.51,0.85,73,0.52,0.8666,2,0.515,0.8583,1248,0
SPY190520P283,2019-05-17,2019-05-17 09:46:58,0.52,0.8666,204,0.51,0.85,129,0.52,0.8666,2,0.515,0.8583,1248,0
SPY190520P283,2019-05-17,2019-05-17 09:46:59,0.52,0.8666,204,0.51,0.85,110,0.52,0.8666,2,0.515,0.8583,1248,0
SPY190520P283,2019-05-17,2019-05-17 09:47:00,0.52,0.8666,204,0.51,0.85,153,0.52,0.8666,2,0.515,0.8583,1248,0
SPY190520P283,2019-05-17,2019-05-17 09:47:01,0.52,0.8666,204,0.51,0.85,153,0.52,0.8666,2,0.515,0.8583,1248,0
SPY190520P283,2019-05-17,2019-05-17 09:47:03,0.52,0.8666,40,0.51,0.85,110,0.52,0.8666,2,0.515,0.8583,1248,0
SPY190520P283,2019-05-17,2019-05-17 09:47:04,0.52,0.8666,153,0.51,0.85,115,0.52,0.8666,2,0.515,0.8583,1248,0
SPY190520P283,2019-05-17,2019-05-17 09:47:05,0.52,0.8666,204,0.5,0.8333,50,0.52,0.8666,13,0.51,0.85,1261,13
SPY190520P283,2019-05-17,2019-05-17 09:47:06,0.51,0.85,1332,0.5,0.8333,50,0.52,0.8666,13,0.505,0.8416,1261,0
SPY190520P283,2019-05-17,2019-05-17 09:47:07,0.5,0.8333,273,0.48,0.8,810,0.52,0.8666,13,0.49,0.8166,1261,0
SPY190520P283,2019-05-17,2019-05-17 09:47:08,0.5,0.8333,100,0.48,0.8,682,0.52,0.8666,13,0.49,0.8166,1261,0
SPY190520P283,2019-05-17,2019-05-17 09:47:10,0.5,0.8333,932,0.48,0.8,1606,0.52,0.8666,13,0.49,0.8166,1261,0
SPY190520P283,2019-05-17,2019-05-17 09:47:11,0.5,0.8333,887,0.48,0.8,1595,0.52,0.8666,13,0.49,0.8166,1261,0
SPY190520P283,2019-05-17,2019-05-17 09:47:12,0.5,0.8333,887,0.48,0.8,1649,0.52,0.8666,13,0.49,0.8166,1261,0
SPY190520P283,2019-05-17,2019-05-17 09:47:13,0.51,0.85,817,0.49,0.8166,721,0.52,0.8666,13,0.5,0.8333,1261,0
SPY190520P283,2019-05-17,2019-05-17 09:47:15,0.51,0.85,902,0.49,0.8166,941,0.52,0.8666,13,0.5,0.8333,1261,0
SPY190520P283,2019-05-17,2019-05-17 09:47:16,0.51,0.85,1320,0.49,0.8166,726,0.52,0.8666,13,0.5,0.8333,1261,0
SPY190520P283,2019-05-17,2019-05-17 09:47:17,0.5,0.8333,100,0.49,0.8166,130,0.52,0.8666,13,0.495,0.825,1261,0
SPY190520P283,2019-05-17,2019-05-17 09:47:18,0.51,0.85,1792,0.49,0.8166,250,0.52,0.8666,13,0.5,0.8333,1261,0
SPY190520P283,2019-05-17,2019-05-17 09:47:19,0.51,0.85,2310,0.49,0.8166,140,0.52,0.8666,13,0.5,0.8333,1261,0
SPY190520P283,2019-05-17,2019-05-17 09:47:21,0.5,0.8333,100,0.49,0.8166,140,0.52,0.8666,13,0.495,0.825,1261,0
SPY190520P283,2019-05-17,2019-05-17 09:47:22,0.51,0.85,1809,0.49,0.8166,121,0.52,0.8666,13,0.5,0.8333,1261,0
SPY190520P283,2019-05-17,2019-05-17 09:47:23,0.5,0.8333,1067,0.49,0.8166,35,0.52,0.8666,13,0.495,0.825,1261,0
SPY190520P283,2019-05-17,2019-05-17 09:47:24,0.5,0.8333,3797,0.48,0.8,137,0.52,0.8666,13,0.49,0.8166,1261,0
SPY190520P283,2019-05-17,2019-05-17 09:47:25,0.5,0.8333,878,0.48,0.8,110,0.52,0.8666,13,0.49,0.8166,1261,0
SPY190520P283,2019-05-17,2019-05-17 09:47:27,0.49,0.8166,2077,0.47,0.7833,126,0.52,0.8666,13,0.48,0.8,1261,0
SPY190520P283,2019-05-17,2019-05-17 09:47:28,0.49,0.8166,2077,0.47,0.7833,121,0.52,0.8666,13,0.48,0.8,1261,0
SPY190520P283,2019-05-17,2019-05-17 09:47:29,0.48,0.8,100,0.47,0.7833,122,0.52,0.8666,13,0.475,0.7916,1261,0
SPY190520P283,2019-05-17,2019-05-17 09:47:30,0.48,0.8,1534,0.47,0.7833,39,0.52,0.8666,13,0.475,0.7916,1261,0
SPY190520P283,2019-05-17,2019-05-17 09:47:32,0.48,0.8,2289,0.45,0.75,1529,0.52,0.8666,13,0.465,0.775,1261,0
SPY190520P283,2019-05-17,2019-05-17 09:47:33,0.48,0.8,1007,0.46,0.7666,791,0.52,0.8666,13,0.47,0.7833,1261,0
SPY190520P283,2019-05-17,2019-05-17 09:47:34,0.47,0.7833,150,0.46,0.7666,76,0.52,0.8666,13,0.465,0.775,1261,0
SPY190520P283,2019-05-17,2019-05-17 09:47:36,0.47,0.7833,150,0.46,0.7666,174,0.52,0.8666,13,0.465,0.775,1261,0
SPY190520P283,2019-05-17,2019-05-17 09:47:37,0.47,0.7833,28,0.45,0.75,716,0.52,0.8666,13,0.46,0.7666,1261,0
SPY190520P283,2019-05-17,2019-05-17 09:47:38,0.47,0.7833,130,0.46,0.7666,76,0.52,0.8666,13,0.465,0.775,1261,0
SPY190520P283,2019-05-17,2019-05-17 09:47:39,0.49,0.8166,65,0.48,0.8,426,0.52,0.8666,13,0.485,0.8083,1261,0
SPY190520P283,2019-05-17,2019-05-17 09:47:41,0.5,0.8333,64,0.49,0.8166,50,0.52,0.8666,13,0.495,0.825,1261,0
SPY190520P283,2019-05-17,2019-05-17 09:47:42,0.49,0.8166,177,0.48,0.8,25,0.52,0.8666,13,0.485,0.8083,1261,0
SPY190520P283,2019-05-17,2019-05-17 09:47:43,0.49,0.8166,732,0.47,0.7833,910,0.52,0.8666,13,0.48,0.8,1261,0
SPY190520P283,2019-05-17,2019-05-17 09:47:45,0.49,0.8166,158,0.48,0.8,56,0.52,0.8666,13,0.485,0.8083,1261,0
SPY190520P283,2019-05-17,2019-05-17 09:47:46,0.49,0.8166,475,0.47,0.7833,1359,0.52,0.8666,13,0.48,0.8,1261,0
SPY190520P283,2019-05-17,2019-05-17 09:47:47,0.49,0.8166,1374,0.47,0.7833,75,0.52,0.8666,13,0.48,0.8,1261,0
SPY190520P283,2019-05-17,2019-05-17 09:47:48,0.49,0.8166,2272,0.47,0.7833,126,0.52,0.8666,13,0.48,0.8,1261,0
SPY190520P283,2019-05-17,2019-05-17 09:47:50,0.48,0.8,774,0.46,0.7666,1575,0.52,0.8666,13,0.47,0.7833,1261,0
SPY190520P283,2019-05-17,2019-05-17 09:47:51,0.48,0.8,213,0.47,0.7833,76,0.52,0.8666,13,0.475,0.7916,1261,0
SPY190520P283,2019-05-17,2019-05-17 09:47:52,0.48,0.8,150,0.47,0.7833,190,0.52,0.8666,13,0.475,0.7916,1261,0
SPY190520P283,2019-05-17,2019-05-17 09:47:53,0.48,0.8,150,0.47,0.7833,190,0.52,0.8666,13,0.475,0.7916,1261,0
SPY190520P283,2019-05-17,2019-05-17 09:47:55,0.48,0.8,150,0.47,0.7833,270,0.52,0.8666,13,0.475,0.7916,1261,0
SPY190520P283,2019-05-17,2019-05-17 09:47:56,0.49,0.8166,810,0.47,0.7833,854,0.52,0.8666,13,0.48,0.8,1261,0
SPY190520P283,2019-05-17,2019-05-17 09:47:57,0.49,0.8166,714,0.47,0.7833,1475,0.52,0.8666,13,0.48,0.8,1261,0
SPY190520P283,2019-05-17,2019-05-17 09:47:59,0.49,0.8166,50,0.48,0.8,170,0.52,0.8666,13,0.485,0.8083,1261,0
SPY190520P283,2019-05-17,2019-05-17 09:48:00,0.49,0.8166,172,0.48,0.8,74,0.52,0.8666,13,0.485,0.8083,1261,0
SPY190520P283,2019-05-17,2019-05-17 09:48:01,0.49,0.8166,172,0.48,0.8,128,0.52,0.8666,13,0.485,0.8083,1261,0
SPY190520P283,2019-05-17,2019-05-17 09:48:02,0.5,0.8333,685,0.48,0.8,1265,0.49,0.8166,2,0.49,0.8166,1263,2
SPY190520P283,2019-05-17,2019-05-17 09:48:03,0.5,0.8333,1,0.49,0.8166,243,0.49,0.8166,2,0.495,0.825,1263,0
SPY190520P283,2019-05-17,2019-05-17 09:48:04,0.5,0.8333,120,0.49,0.8166,500,0.5,0.8333,1,0.495,0.825,1264,1
SPY190520P283,2019-05-17,2019-05-17 09:48:05,0.5,0.8333,146,0.49,0.8166,163,0.5,0.8333,1,0.495,0.825,1264,0
SPY190520P283,2019-05-17,2019-05-17 09:48:06,0.5,0.8333,150,0.49,0.8166,583,0.5,0.8333,1,0.495,0.825,1264,0
SPY190520P283,2019-05-17,2019-05-17 09:48:07,0.49,0.8166,150,0.48,0.8,576,0.5,0.8333,1,0.485,0.8083,1264,0
SPY190520P283,2019-05-17,2019-05-17 09:48:09,0.49,0.8166,1129,0.47,0.7833,1192,0.5,0.8333,1,0.48,0.8,1264,0
SPY190520P283,2019-05-17,2019-05-17 09:48:10,0.49,0.8166,918,0.47,0.7833,71,0.5,0.8333,1,0.48,0.8,1264,0
SPY190520P283,2019-05-17,2019-05-17 09:48:11,0.48,0.8,239,0.46,0.7666,1963,0.5,0.8333,1,0.47,0.7833,1264,0
SPY190520P283,2019-05-17,2019-05-17 09:48:12,0.48,0.8,887,0.46,0.7666,1400,0.5,0.8333,1,0.47,0.7833,1264,0
SPY190520P283,2019-05-17,2019-05-17 09:48:13,0.48,0.8,1170,0.46,0.7666,1097,0.5,0.8333,1,0.47,0.7833,1264,0
SPY190520P283,2019-05-17,2019-05-17 09:48:14,0.47,0.7833,230,0.46,0.7666,50,0.5,0.8333,1,0.465,0.775,1264,0
SPY190520P283,2019-05-17,2019-05-17 09:48:16,0.47,0.7833,239,0.46,0.7666,118,0.5,0.8333,1,0.465,0.775,1264,0
SPY190520P283,2019-05-17,2019-05-17 09:48:17,0.47,0.7833,170,0.46,0.7666,150,0.5,0.8333,1,0.465,0.775,1264,0
SPY190520P283,2019-05-17,2019-05-17 09:48:18,0.47,0.7833,436,0.45,0.75,915,0.5,0.8333,1,0.46,0.7666,1264,0
SPY190520P283,2019-05-17,2019-05-17 09:48:19,0.47,0.7833,181,0.46,0.7666,450,0.5,0.8333,1,0.465,0.775,1264,0
SPY190520P283,2019-05-17,2019-05-17 09:48:20,0.47,0.7833,771,0.46,0.7666,400,0.5,0.8333,1,0.465,0.775,1264,0
SPY190520P283,2019-05-17,2019-05-17 09:48:21,0.47,0.7833,1207,0.45,0.75,920,0.5,0.8333,1,0.46,0.7666,1264,0
SPY190520P283,2019-05-17,2019-05-17 09:48:22,0.47,0.7833,60,0.46,0.7666,630,0.5,0.8333,1,0.465,0.775,1264,0
SPY190520P283,2019-05-17,2019-05-17 09:48:23,0.47,0.7833,170,0.46,0.7666,161,0.5,0.8333,1,0.465,0.775,1264,0
SPY190520P283,2019-05-17,2019-05-17 09:48:24,0.48,0.8,1315,0.46,0.7666,887,0.5,0.8333,1,0.47,0.7833,1264,0
SPY190520P283,2019-05-17,2019-05-17 09:48:25,0.48,0.8,1571,0.46,0.7666,675,0.5,0.8333,1,0.47,0.7833,1264,0
SPY190520P283,2019-05-17,2019-05-17 09:48:27,0.48,0.8,1326,0.46,0.7666,1001,0.5,0.8333,1,0.47,0.7833,1264,0
SPY190520P283,2019-05-17,2019-05-17 09:48:28,0.48,0.8,907,0.47,0.7833,400,0.5,0.8333,1,0.475,0.7916,1264,0
SPY190520P283,2019-05-17,2019-05-17 09:48:29,0.49,0.8166,1524,0.47,0.7833,975,0.5,0.8333,1,0.48,0.8,1264,0
SPY190520P283,2019-05-17,2019-05-17 09:48:30,0.49,0.8166,612,0.47,0.7833,703,0.5,0.8333,1,0.48,0.8,1264,0
SPY190520P283,2019-05-17,2019-05-17 09:48:31,0.48,0.8,150,0.47,0.7833,718,0.5,0.8333,1,0.475,0.7916,1264,0
SPY190520P283,2019-05-17,2019-05-17 09:48:32,0.48,0.8,320,0.47,0.7833,50,0.5,0.8333,1,0.475,0.7916,1264,0
SPY190520P283,2019-05-17,2019-05-17 09:48:34,0.48,0.8,864,0.46,0.7666,1774,0.5,0.8333,1,0.47,0.7833,1264,0
SPY190520P283,2019-05-17,2019-05-17 09:48:35,0.48,0.8,675,0.47,0.7833,570,0.5,0.8333,1,0.475,0.7916,1264,0
SPY190520P283,2019-05-17,2019-05-17 09:48:36,0.48,0.8,50,0.46,0.7666,400,0.5,0.8333,1,0.47,0.7833,1264,0
SPY190520P283,2019-05-17,2019-05-17 09:48:37,0.48,0.8,2038,0.46,0.7666,577,0.5,0.8333,1,0.47,0.7833,1264,0
SPY190520P283,2019-05-17,2019-05-17 09:48:38,0.47,0.7833,230,0.45,0.75,1718,0.5,0.8333,1,0.46,0.7666,1264,0
SPY190520P283,2019-05-17,2019-05-17 09:48:40,0.5,0.8333,50,0.48,0.8,400,0.5,0.8333,1,0.49,0.8166,1264,0
SPY190520P283,2019-05-17,2019-05-17 09:48:41,0.49,0.8166,62,0.48,0.8,583,0.5,0.8333,1,0.485,0.8083,1264,0
SPY190520P283,2019-05-17,2019-05-17 09:48:42,0.5,0.8333,1137,0.48,0.8,1013,0.5,0.8333,1,0.49,0.8166,1264,0
SPY190520P283,2019-05-17,2019-05-17 09:48:43,0.5,0.8333,1171,0.48,0.8,1465,0.5,0.8333,1,0.49,0.8166,1264,0
SPY190520P283,2019-05-17,2019-05-17 09:48:44,0.49,0.8166,61,0.48,0.8,939,0.5,0.8333,1,0.485,0.8083,1264,0
SPY190520P283,2019-05-17,2019-05-17 09:48:45,0.49,0.8166,50,0.48,0.8,630,0.5,0.8333,1,0.485,0.8083,1264,0
SPY190520P283,2019-05-17,2019-05-17 09:48:47,0.49,0.8166,50,0.48,0.8,630,0.5,0.8333,1,0.485,0.8083,1264,0
SPY190520P283,2019-05-17,2019-05-17 09:48:48,0.49,0.8166,50,0.48,0.8,630,0.49,0.8166,10,0.485,0.8083,1274,10
SPY190520P283,2019-05-17,2019-05-17 09:48:49,0.49,0.8166,65,0.48,0.8,450,0.49,0.8166,10,0.485,0.8083,1274,0
SPY190520P283,2019-05-17,2019-05-17 09:48:50,0.49,0.8166,50,0.48,0.8,1026,0.49,0.8166,10,0.485,0.8083,1274,0
SPY190520P283,2019-05-17,2019-05-17 09:48:51,0.5,0.8333,176,0.48,0.8,183,0.49,0.8166,10,0.49,0.8166,1274,0
SPY190520P283,2019-05-17,2019-05-17 09:48:52,0.49,0.8166,65,0.48,0.8,413,0.49,0.8166,10,0.485,0.8083,1274,0
SPY190520P283,2019-05-17,2019-05-17 09:48:53,0.5,0.8333,663,0.48,0.8,683,0.49,0.8166,10,0.49,0.8166,1274,0
SPY190520P283,2019-05-17,2019-05-17 09:48:54,0.49,0.8166,61,0.48,0.8,683,0.49,0.8166,10,0.485,0.8083,1274,0
SPY190520P283,2019-05-17,2019-05-17 09:48:55,0.49,0.8166,61,0.48,0.8,683,0.49,0.8166,10,0.485,0.8083,1274,0
SPY190520P283,2019-05-17,2019-05-17 09:48:57,0.49,0.8166,60,0.48,0.8,475,0.49,0.8166,10,0.485,0.8083,1274,0
SPY190520P283,2019-05-17,2019-05-17 09:48:58,0.49,0.8166,60,0.48,0.8,425,0.49,0.8166,10,0.485,0.8083,1274,0
SPY190520P283,2019-05-17,2019-05-17 09:48:59,0.49,0.8166,50,0.48,0.8,583,0.49,0.8166,10,0.485,0.8083,1274,0
SPY190520P283,2019-05-17,2019-05-17 09:49:00,0.49,0.8166,73,0.48,0.8,583,0.49,0.8166,10,0.485,0.8083,1274,0
SPY190520P283,2019-05-17,2019-05-17 09:49:01,0.49,0.8166,63,0.48,0.8,583,0.49,0.8166,10,0.485,0.8083,1274,0
SPY190520P283,2019-05-17,2019-05-17 09:49:02,0.49,0.8166,24,0.48,0.8,1150,0.49,0.8166,10,0.485,0.8083,1274,0
SPY190520P283,2019-05-17,2019-05-17 09:49:03,0.5,0.8333,170,0.49,0.8166,450,0.49,0.8166,20,0.495,0.825,1298,24
SPY190520P283,2019-05-17,2019-05-17 09:49:05,0.5,0.8333,951,0.48,0.8,1188,0.49,0.8166,20,0.49,0.8166,1298,0
SPY190520P283,2019-05-17,2019-05-17 09:49:06,0.5,0.8333,279,0.48,0.8,2039,0.49,0.8166,20,0.49,0.8166,1298,0
SPY190520P283,2019-05-17,2019-05-17 09:49:07,0.5,0.8333,1702,0.48,0.8,762,0.49,0.8166,20,0.49,0.8166,1298,0
SPY190520P283,2019-05-17,2019-05-17 09:49:08,0.5,0.8333,1743,0.48,0.8,643,0.49,0.8166,20,0.49,0.8166,1298,0
SPY190520P283,2019-05-17,2019-05-17 09:49:09,0.5,0.8333,1710,0.48,0.8,643,0.49,0.8166,20,0.49,0.8166,1298,0
SPY190520P283,2019-05-17,2019-05-17 09:49:10,0.5,0.8333,2604,0.48,0.8,647,0.49,0.8166,20,0.49,0.8166,1298,0
SPY190520P283,2019-05-17,2019-05-17 09:49:12,0.5,0.8333,2604,0.48,0.8,583,0.49,0.8166,20,0.49,0.8166,1298,0
SPY190520P283,2019-05-17,2019-05-17 09:49:13,0.49,0.8166,150,0.48,0.8,583,0.49,0.8166,20,0.485,0.8083,1298,0
SPY190520P283,2019-05-17,2019-05-17 09:49:14,0.49,0.8166,150,0.48,0.8,583,0.49,0.8166,20,0.485,0.8083,1298,0
SPY190520P283,2019-05-17,2019-05-17 09:49:15,0.49,0.8166,150,0.48,0.8,583,0.49,0.8166,20,0.485,0.8083,1298,0
SPY190520P283,2019-05-17,2019-05-17 09:49:16,0.49,0.8166,150,0.48,0.8,583,0.49,0.8166,20,0.485,0.8083,1298,0
SPY190520P283,2019-05-17,2019-05-17 09:49:17,0.49,0.8166,28,0.48,0.8,450,0.49,0.8166,20,0.485,0.8083,1298,0
SPY190520P283,2019-05-17,2019-05-17 09:49:19,0.5,0.8333,2681,0.48,0.8,587,0.49,0.8166,20,0.49,0.8166,1298,0
SPY190520P283,2019-05-17,2019-05-17 09:49:20,0.49,0.8166,150,0.48,0.8,150,0.49,0.8166,20,0.485,0.8083,1298,0
SPY190520P283,2019-05-17,2019-05-17 09:49:21,0.49,0.8166,1378,0.47,0.7833,570,0.49,0.8166,20,0.48,0.8,1298,0
SPY190520P283,2019-05-17,2019-05-17 09:49:22,0.48,0.8,1336,0.46,0.7666,839,0.49,0.8166,20,0.47,0.7833,1298,0
SPY190520P283,2019-05-17,2019-05-17 09:49:24,0.48,0.8,2512,0.46,0.7666,703,0.49,0.8166,20,0.47,0.7833,1298,0
SPY190520P283,2019-05-17,2019-05-17 09:49:25,0.48,0.8,165,0.47,0.7833,583,0.49,0.8166,20,0.475,0.7916,1298,0
SPY190520P283,2019-05-17,2019-05-17 09:49:26,0.48,0.8,65,0.47,0.7833,583,0.49,0.8166,20,0.475,0.7916,1298,0
SPY190520P283,2019-05-17,2019-05-17 09:49:27,0.49,0.8166,1462,0.47,0.7833,583,0.49,0.8166,20,0.48,0.8,1298,0
SPY190520P283,2019-05-17,2019-05-17 09:49:29,0.5,0.8333,170,0.48,0.8,1596,0.49,0.8166,20,0.49,0.8166,1298,0
SPY190520P283,2019-05-17,2019-05-17 09:49:30,0.5,0.8333,159,0.48,0.8,1545,0.49,0.8166,20,0.49,0.8166,1298,0
SPY190520P283,2019-05-17,2019-05-17 09:49:31,0.5,0.8333,159,0.48,0.8,1716,0.49,0.8166,20,0.49,0.8166,1298,0
SPY190520P283,2019-05-17,2019-05-17 09:49:32,0.5,0.8333,159,0.48,0.8,1341,0.49,0.8166,20,0.49,0.8166,1298,0
SPY190520P283,2019-05-17,2019-05-17 09:49:34,0.5,0.8333,2480,0.48,0.8,630,0.49,0.8166,20,0.49,0.8166,1298,0
SPY190520P283,2019-05-17,2019-05-17 09:49:35,0.49,0.8166,150,0.48,0.8,150,0.49,0.8166,20,0.485,0.8083,1298,0
SPY190520P283,2019-05-17,2019-05-17 09:49:36,0.49,0.8166,64,0.48,0.8,86,0.49,0.8166,20,0.485,0.8083,1298,0
SPY190520P283,2019-05-17,2019-05-17 09:49:38,0.49,0.8166,840,0.47,0.7833,1086,0.49,0.8166,20,0.48,0.8,1298,0
SPY190520P283,2019-05-17,2019-05-17 09:49:40,0.49,0.8166,1247,0.47,0.7833,888,0.49,0.8166,20,0.48,0.8,1298,0
SPY190520P283,2019-05-17,2019-05-17 09:49:41,0.49,0.8166,163,0.47,0.7833,765,0.49,0.8166,20,0.48,0.8,1298,0
SPY190520P283,2019-05-17,2019-05-17 09:49:42,0.49,0.8166,984,0.47,0.7833,1610,0.49,0.8166,20,0.48,0.8,1298,0
SPY190520P283,2019-05-17,2019-05-17 09:49:43,0.49,0.8166,1190,0.48,0.8,450,0.49,0.8166,20,0.485,0.8083,1298,0
SPY190520P283,2019-05-17,2019-05-17 09:49:44,0.49,0.8166,984,0.47,0.7833,1108,0.49,0.8166,20,0.48,0.8,1298,0
SPY190520P283,2019-05-17,2019-05-17 09:49:45,0.49,0.8166,2436,0.47,0.7833,571,0.49,0.8166,20,0.48,0.8,1298,0
SPY190520P283,2019-05-17,2019-05-17 09:49:46,0.5,0.8333,420,0.47,0.7833,1906,0.49,0.8166,20,0.485,0.8083,1298,0
SPY190520P283,2019-05-17,2019-05-17 09:49:48,0.49,0.8166,100,0.48,0.8,173,0.49,0.8166,20,0.485,0.8083,1298,0
SPY190520P283,2019-05-17,2019-05-17 09:49:49,0.5,0.8333,230,0.48,0.8,400,0.49,0.8166,20,0.49,0.8166,1298,0
SPY190520P283,2019-05-17,2019-05-17 09:49:50,0.5,0.8333,57,0.49,0.8166,450,0.49,0.8166,20,0.495,0.825,1298,0
SPY190520P283,2019-05-17,2019-05-17 09:49:51,0.5,0.8333,7,0.49,0.8166,247,0.49,0.8166,20,0.495,0.825,1298,0
SPY190520P283,2019-05-17,2019-05-17 09:49:52,0.5,0.8333,1663,0.48,0.8,321,0.49,0.8166,20,0.49,0.8166,1298,0
SPY190520P283,2019-05-17,2019-05-17 09:49:53,0.5,0.8333,1140,0.49,0.8166,50,0.49,0.8166,20,0.495,0.825,1298,0
SPY190520P283,2019-05-17,2019-05-17 09:49:54,0.5,0.8333,1278,0.48,0.8,882,0.49,0.8166,20,0.49,0.8166,1298,0
SPY190520P283,2019-05-17,2019-05-17 09:49:56,0.5,0.8333,100,0.49,0.8166,683,0.49,0.8166,20,0.495,0.825,1298,0
SPY190520P283,2019-05-17,2019-05-17 09:49:57,0.5,0.8333,100,0.49,0.8166,1586,0.49,0.8166,20,0.495,0.825,1298,0
SPY190520P283,2019-05-17,2019-05-17 09:49:58,0.5,0.8333,100,0.49,0.8166,2083,0.49,0.8166,20,0.495,0.825,1298,0
SPY190520P283,2019-05-17,2019-05-17 09:49:59,0.52,0.8666,2332,0.5,0.8333,626,0.5,0.8333,1,0.51,0.85,1306,8
SPY190520P283,2019-05-17,2019-05-17 09:50:00,0.52,0.8666,1741,0.5,0.8333,626,0.5,0.8333,1,0.51,0.85,1306,0
SPY190520P283,2019-05-17,2019-05-17 09:50:01,0.51,0.85,181,0.49,0.8166,820,0.5,0.8333,1,0.5,0.8333,1306,0
SPY190520P283,2019-05-17,2019-05-17 09:50:02,0.51,0.85,1158,0.49,0.8166,1293,0.5,0.8333,1,0.5,0.8333,1306,0
SPY190520P283,2019-05-17,2019-05-17 09:50:03,0.51,0.85,1086,0.49,0.8166,642,0.5,0.8333,1,0.5,0.8333,1306,0
SPY190520P283,2019-05-17,2019-05-17 09:50:04,0.51,0.85,1164,0.49,0.8166,642,0.5,0.8333,1,0.5,0.8333,1306,0
SPY190520P283,2019-05-17,2019-05-17 09:50:05,0.51,0.85,908,0.5,0.8333,54,0.5,0.8333,1,0.505,0.8416,1306,0
SPY190520P283,2019-05-17,2019-05-17 09:50:06,0.52,0.8666,1395,0.5,0.8333,813,0.5,0.8333,1,0.51,0.85,1306,0
SPY190520P283,2019-05-17,2019-05-17 09:50:08,0.52,0.8666,1395,0.5,0.8333,615,0.5,0.8333,1,0.51,0.85,1306,0
SPY190520P283,2019-05-17,2019-05-17 09:50:09,0.51,0.85,140,0.5,0.8333,140,0.5,0.8333,1,0.505,0.8416,1306,0
SPY190520P283,2019-05-17,2019-05-17 09:50:10,0.51,0.85,61,0.5,0.8333,702,0.5,0.8333,1,0.505,0.8416,1306,0
SPY190520P283,2019-05-17,2019-05-17 09:50:11,0.52,0.8666,612,0.5,0.8333,324,0.5,0.8333,1,0.51,0.85,1306,0
SPY190520P283,2019-05-17,2019-05-17 09:50:12,0.52,0.8666,2410,0.5,0.8333,369,0.5,0.8333,1,0.51,0.85,1306,0
SPY190520P283,2019-05-17,2019-05-17 09:50:13,0.52,0.8666,2163,0.5,0.8333,243,0.5,0.8333,1,0.51,0.85,1306,0
SPY190520P283,2019-05-17,2019-05-17 09:50:14,0.52,0.8666,1550,0.5,0.8333,630,0.5,0.8333,1,0.51,0.85,1306,0
SPY190520P283,2019-05-17,2019-05-17 09:50:15,0.52,0.8666,60,0.51,0.85,140,0.5,0.8333,1,0.515,0.8583,1306,0
SPY190520P283,2019-05-17,2019-05-17 09:50:16,0.53,0.8833,1188,0.51,0.85,913,0.5,0.8333,1,0.52,0.8666,1306,0
SPY190520P283,2019-05-17,2019-05-17 09:50:17,0.53,0.8833,377,0.51,0.85,469,0.5,0.8333,1,0.52,0.8666,1306,0
SPY190520P283,2019-05-17,2019-05-17 09:50:18,0.53,0.8833,313,0.51,0.85,73,0.5,0.8333,1,0.52,0.8666,1306,0
SPY190520P283,2019-05-17,2019-05-17 09:50:19,0.53,0.8833,382,0.51,0.85,129,0.5,0.8333,1,0.52,0.8666,1306,0
SPY190520P283,2019-05-17,2019-05-17 09:50:20,0.53,0.8833,100,0.52,0.8666,28,0.5,0.8333,1,0.525,0.875,1306,0
SPY190520P283,2019-05-17,2019-05-17 09:50:21,0.53,0.8833,443,0.51,0.85,1655,0.5,0.8333,1,0.52,0.8666,1306,0
SPY190520P283,2019-05-17,2019-05-17 09:50:22,0.53,0.8833,50,0.52,0.8666,475,0.52,0.8666,3,0.525,0.875,1309,3
SPY190520P283,2019-05-17,2019-05-17 09:50:23,0.54,0.9,1659,0.52,0.8666,760,0.52,0.8666,3,0.53,0.8833,1309,0
SPY190520P283,2019-05-17,2019-05-17 09:50:24,0.54,0.9,1626,0.52,0.8666,760,0.52,0.8666,3,0.53,0.8833,1309,0
SPY190520P283,2019-05-17,2019-05-17 09:50:25,0.54,0.9,1626,0.52,0.8666,709,0.52,0.8666,3,0.53,0.8833,1309,0
SPY190520P283,2019-05-17,2019-05-17 09:50:26,0.54,0.9,1575,0.52,0.8666,760,0.52,0.8666,3,0.53,0.8833,1309,0
SPY190520P283,2019-05-17,2019-05-17 09:50:47,0.56,0.9333,1003,0.54,0.9,953,0.53,0.8833,2,0.55,0.9166,1311,2
SPY190520P283,2019-05-17,2019-05-17 09:50:52,0.56,0.9333,1524,0.54,0.9,849,0.56,0.9333,4,0.55,0.9166,1316,5
SPY190520P283,2019-05-17,2019-05-17 09:51:04,0.6,1.0,7,0.6,1.0,761,0.61,1.0166,3,0.6,1.0,1409,93
SPY190520P283,2019-05-17,2019-05-17 09:51:27,0.59,0.9833,782,0.57,0.95,20,0.59,0.9833,15,0.58,0.9666,1436,27
SPY190520P283,2019-05-17,2019-05-17 09:51:37,0.57,0.95,90,0.55,0.9166,811,0.59,0.9833,15,0.56,0.9333,1436,0
SPY190520P283,2019-05-17,2019-05-17 09:51:46,0.59,0.9833,149,0.58,0.9666,65,0.59,0.9833,15,0.585,0.975,1436,0
SPY190520P283,2019-05-17,2019-05-17 09:51:52,0.59,0.9833,1377,0.57,0.95,602,0.59,0.9833,15,0.58,0.9666,1436,0
SPY190520P283,2019-05-17,2019-05-17 09:51:54,0.59,0.9833,1152,0.57,0.95,563,0.59,0.9833,15,0.58,0.9666,1436,0
SPY190520P283,2019-05-17,2019-05-17 09:51:55,0.59,0.9833,1152,0.57,0.95,563,0.59,0.9833,15,0.58,0.9666,1436,0
SPY190520P283,2019-05-17,2019-05-17 09:51:56,0.59,0.9833,2088,0.57,0.95,151,0.59,0.9833,15,0.58,0.9666,1436,0
SPY190520P283,2019-05-17,2019-05-17 09:51:57,0.59,0.9833,1098,0.57,0.95,209,0.59,0.9833,15,0.58,0.9666,1436,0
SPY190520P283,2019-05-17,2019-05-17 09:51:58,0.59,0.9833,145,0.58,0.9666,10,0.59,0.9833,15,0.585,0.975,1436,0
SPY190520P283,2019-05-17,2019-05-17 09:51:59,0.6,1.0,1211,0.58,0.9666,185,0.59,0.9833,15,0.59,0.9833,1436,0
SPY190520P283,2019-05-17,2019-05-17 09:52:00,0.6,1.0,2791,0.58,0.9666,155,0.59,0.9833,15,0.59,0.9833,1436,0
SPY190520P283,2019-05-17,2019-05-17 09:52:02,0.59,0.9833,60,0.58,0.9666,195,0.59,0.9833,15,0.585,0.975,1436,0
SPY190520P283,2019-05-17,2019-05-17 09:52:04,0.59,0.9833,60,0.58,0.9666,667,0.59,0.9833,15,0.585,0.975,1436,0
SPY190520P283,2019-05-17,2019-05-17 09:52:05,0.59,0.9833,100,0.58,0.9666,180,0.59,0.9833,15,0.585,0.975,1436,0
SPY190520P283,2019-05-17,2019-05-17 09:52:07,0.6,1.0,1010,0.58,0.9666,408,0.59,0.9833,15,0.59,0.9833,1436,0
SPY190520P283,2019-05-17,2019-05-17 09:52:08,0.59,0.9833,108,0.57,0.95,806,0.59,0.9833,15,0.58,0.9666,1436,0
SPY190520P283,2019-05-17,2019-05-17 09:52:10,0.6,1.0,95,0.58,0.9666,1215,0.59,0.9833,15,0.59,0.9833,1436,0
SPY190520P283,2019-05-17,2019-05-17 09:52:12,0.6,1.0,63,0.58,0.9666,489,0.59,0.9833,15,0.59,0.9833,1436,0
SPY190520P283,2019-05-17,2019-05-17 09:52:14,0.59,0.9833,100,0.58,0.9666,80,0.59,0.9833,15,0.585,0.975,1436,0
SPY190520P283,2019-05-17,2019-05-17 09:52:16,0.59,0.9833,335,0.57,0.95,696,0.59,0.9833,15,0.58,0.9666,1436,0
SPY190520P283,2019-05-17,2019-05-17 09:52:18,0.58,0.9666,50,0.57,0.95,56,0.59,0.9833,15,0.575,0.9583,1436,0
SPY190520P283,2019-05-17,2019-05-17 09:52:20,0.58,0.9666,100,0.57,0.95,90,0.59,0.9833,15,0.575,0.9583,1436,0
SPY190520P283,2019-05-17,2019-05-17 09:52:21,0.58,0.9666,1099,0.56,0.9333,218,0.59,0.9833,15,0.57,0.95,1436,0
SPY190520P283,2019-05-17,2019-05-17 09:52:23,0.58,0.9666,1099,0.56,0.9333,243,0.59,0.9833,15,0.57,0.95,1436,0
SPY190520P283,2019-05-17,2019-05-17 09:52:24,0.58,0.9666,1099,0.56,0.9333,185,0.59,0.9833,15,0.57,0.95,1436,0
