symbol,Date,quote_time,ask_price,norm_ask_price,ask_size,bid_price,norm_bid_price,bid_size,last_trade_price,norm_last_trade_price,last_trade_size,mark_price,norm_mark_price,volume,Volume
IWM190913P155,2019-09-11,2019-09-11 09:30:01,1.33,1.0,250,1.09,0.8195,260,1.8,1.3533,6,1.21,0.9097,0,0
IWM190913P155,2019-09-11,2019-09-11 09:30:02,1.33,1.0,250,1.09,0.8195,250,1.8,1.3533,6,1.21,0.9097,0,0
IWM190913P155,2019-09-11,2019-09-11 09:30:02,1.33,1.0,250,1.09,0.8195,260,1.8,1.3533,6,1.21,0.9097,0,0
IWM190913P155,2019-09-11,2019-09-11 09:30:03,1.31,0.9849,250,1.09,0.8195,6,1.8,1.3533,6,1.2,0.9022,0,0
IWM190913P155,2019-09-11,2019-09-11 09:30:03,1.31,0.9849,250,1.09,0.8195,5,1.8,1.3533,6,1.2,0.9022,0,0
IWM190913P155,2019-09-11,2019-09-11 09:30:04,1.35,1.015,250,1.12,0.8421,250,1.8,1.3533,6,1.235,0.9285,0,0
IWM190913P155,2019-09-11,2019-09-11 09:30:04,1.33,1.0,5,1.09,0.8195,5,1.8,1.3533,6,1.21,0.9097,0,0
IWM190913P155,2019-09-11,2019-09-11 09:30:05,1.31,0.9849,10,1.08,0.812,250,1.8,1.3533,6,1.195,0.8984,0,0
IWM190913P155,2019-09-11,2019-09-11 09:30:05,1.28,0.9624,160,1.17,0.8796,160,1.8,1.3533,6,1.225,0.921,0,0
IWM190913P155,2019-09-11,2019-09-11 09:30:06,1.32,0.9924,250,1.09,0.8195,250,1.8,1.3533,6,1.205,0.906,0,0
IWM190913P155,2019-09-11,2019-09-11 09:30:06,1.31,0.9849,10,1.08,0.812,5,1.8,1.3533,6,1.195,0.8984,0,0
IWM190913P155,2019-09-11,2019-09-11 09:30:07,1.32,0.9924,302,1.09,0.8195,276,1.8,1.3533,6,1.205,0.906,0,0
IWM190913P155,2019-09-11,2019-09-11 09:30:07,1.29,0.9699,37,1.22,0.9172,112,1.8,1.3533,6,1.255,0.9436,0,0
IWM190913P155,2019-09-11,2019-09-11 09:30:08,1.3,0.9774,156,1.22,0.9172,128,1.8,1.3533,6,1.26,0.9473,0,0
IWM190913P155,2019-09-11,2019-09-11 09:30:08,1.3,0.9774,27,1.23,0.9248,112,1.8,1.3533,6,1.265,0.9511,0,0
IWM190913P155,2019-09-11,2019-09-11 09:30:09,1.3,0.9774,156,1.22,0.9172,157,1.8,1.3533,6,1.26,0.9473,0,0
IWM190913P155,2019-09-11,2019-09-11 09:30:09,1.3,0.9774,156,1.22,0.9172,20,1.8,1.3533,6,1.26,0.9473,0,0
IWM190913P155,2019-09-11,2019-09-11 09:30:10,1.3,0.9774,27,1.23,0.9248,112,1.8,1.3533,6,1.265,0.9511,0,0
IWM190913P155,2019-09-11,2019-09-11 09:30:10,1.3,0.9774,139,1.23,0.9248,112,1.8,1.3533,6,1.265,0.9511,0,0
IWM190913P155,2019-09-11,2019-09-11 09:30:11,1.3,0.9774,27,1.23,0.9248,112,1.8,1.3533,6,1.265,0.9511,0,0
IWM190913P155,2019-09-11,2019-09-11 09:30:12,1.3,0.9774,27,1.22,0.9172,32,1.8,1.3533,6,1.26,0.9473,0,0
IWM190913P155,2019-09-11,2019-09-11 09:30:12,1.3,0.9774,27,1.22,0.9172,165,1.8,1.3533,6,1.26,0.9473,0,0
IWM190913P155,2019-09-11,2019-09-11 09:30:13,1.3,0.9774,188,1.22,0.9172,165,1.8,1.3533,6,1.26,0.9473,0,0
IWM190913P155,2019-09-11,2019-09-11 09:30:13,1.29,0.9699,162,1.22,0.9172,18,1.8,1.3533,6,1.255,0.9436,0,0
IWM190913P155,2019-09-11,2019-09-11 09:30:14,1.31,0.9849,129,1.24,0.9323,128,1.8,1.3533,6,1.275,0.9586,0,0
IWM190913P155,2019-09-11,2019-09-11 09:30:14,1.3,0.9774,151,1.22,0.9172,165,1.8,1.3533,6,1.26,0.9473,0,0
IWM190913P155,2019-09-11,2019-09-11 09:30:15,1.31,0.9849,233,1.24,0.9323,43,1.8,1.3533,6,1.275,0.9586,0,0
IWM190913P155,2019-09-11,2019-09-11 09:30:15,1.31,0.9849,117,1.24,0.9323,43,1.8,1.3533,6,1.275,0.9586,0,0
IWM190913P155,2019-09-11,2019-09-11 09:30:16,1.31,0.9849,120,1.23,0.9248,148,1.8,1.3533,6,1.27,0.9548,0,0
IWM190913P155,2019-09-11,2019-09-11 09:30:16,1.31,0.9849,174,1.23,0.9248,146,1.8,1.3533,6,1.27,0.9548,0,0
IWM190913P155,2019-09-11,2019-09-11 09:30:17,1.3,0.9774,171,1.22,0.9172,177,1.8,1.3533,6,1.26,0.9473,0,0
IWM190913P155,2019-09-11,2019-09-11 09:30:17,1.3,0.9774,59,1.24,0.9323,124,1.8,1.3533,6,1.27,0.9548,0,0
IWM190913P155,2019-09-11,2019-09-11 09:30:18,1.31,0.9849,5,1.24,0.9323,164,1.8,1.3533,6,1.275,0.9586,0,0
IWM190913P155,2019-09-11,2019-09-11 09:30:18,1.34,1.0075,29,1.25,0.9398,124,1.8,1.3533,6,1.295,0.9736,0,0
IWM190913P155,2019-09-11,2019-09-11 09:30:20,1.3,0.9774,165,1.23,0.9248,1,1.8,1.3533,6,1.265,0.9511,0,0
IWM190913P155,2019-09-11,2019-09-11 09:30:20,1.31,0.9849,208,1.24,0.9323,5,1.8,1.3533,6,1.275,0.9586,0,0
IWM190913P155,2019-09-11,2019-09-11 09:30:21,1.3,0.9774,135,1.23,0.9248,1,1.8,1.3533,6,1.265,0.9511,0,0
IWM190913P155,2019-09-11,2019-09-11 09:30:21,1.3,0.9774,135,1.22,0.9172,205,1.8,1.3533,6,1.26,0.9473,0,0
IWM190913P155,2019-09-11,2019-09-11 09:30:22,1.3,0.9774,135,1.22,0.9172,41,1.8,1.3533,6,1.26,0.9473,0,0
IWM190913P155,2019-09-11,2019-09-11 09:30:22,1.3,0.9774,135,1.23,0.9248,5,1.8,1.3533,6,1.265,0.9511,0,0
IWM190913P155,2019-09-11,2019-09-11 09:30:23,1.29,0.9699,10,1.22,0.9172,41,1.8,1.3533,6,1.255,0.9436,0,0
IWM190913P155,2019-09-11,2019-09-11 09:30:23,1.3,0.9774,135,1.22,0.9172,41,1.8,1.3533,6,1.26,0.9473,0,0
IWM190913P155,2019-09-11,2019-09-11 09:30:24,1.29,0.9699,134,1.21,0.9097,146,1.8,1.3533,6,1.25,0.9398,0,0
IWM190913P155,2019-09-11,2019-09-11 09:30:24,1.29,0.9699,112,1.22,0.9172,32,1.8,1.3533,6,1.255,0.9436,0,0
IWM190913P155,2019-09-11,2019-09-11 09:30:25,1.29,0.9699,161,1.21,0.9097,187,1.8,1.3533,6,1.25,0.9398,0,0
IWM190913P155,2019-09-11,2019-09-11 09:30:25,1.29,0.9699,134,1.21,0.9097,146,1.8,1.3533,6,1.25,0.9398,0,0
IWM190913P155,2019-09-11,2019-09-11 09:30:26,1.28,0.9624,49,1.24,0.9323,13,1.8,1.3533,6,1.26,0.9473,0,0
IWM190913P155,2019-09-11,2019-09-11 09:30:26,1.29,0.9699,176,1.23,0.9248,13,1.8,1.3533,6,1.26,0.9473,0,0
IWM190913P155,2019-09-11,2019-09-11 09:30:27,1.28,0.9624,225,1.24,0.9323,13,1.8,1.3533,6,1.26,0.9473,0,0
IWM190913P155,2019-09-11,2019-09-11 09:30:27,1.28,0.9624,49,1.24,0.9323,13,1.8,1.3533,6,1.26,0.9473,0,0
IWM190913P155,2019-09-11,2019-09-11 09:30:28,1.27,0.9548,149,1.23,0.9248,13,1.8,1.3533,6,1.25,0.9398,0,0
IWM190913P155,2019-09-11,2019-09-11 09:30:28,1.29,0.9699,215,1.25,0.9398,13,1.8,1.3533,6,1.27,0.9548,0,0
IWM190913P155,2019-09-11,2019-09-11 09:30:29,1.26,0.9473,137,1.22,0.9172,13,1.8,1.3533,6,1.24,0.9323,0,0
IWM190913P155,2019-09-11,2019-09-11 09:30:31,1.27,0.9548,13,1.24,0.9323,13,1.8,1.3533,6,1.255,0.9436,0,0
IWM190913P155,2019-09-11,2019-09-11 09:30:32,1.28,0.9624,137,1.24,0.9323,14,1.8,1.3533,6,1.26,0.9473,0,0
IWM190913P155,2019-09-11,2019-09-11 09:30:32,1.27,0.9548,13,1.24,0.9323,13,1.8,1.3533,6,1.255,0.9436,0,0
IWM190913P155,2019-09-11,2019-09-11 09:30:33,1.28,0.9624,13,1.25,0.9398,14,1.8,1.3533,6,1.265,0.9511,0,0
IWM190913P155,2019-09-11,2019-09-11 09:30:33,1.28,0.9624,13,1.26,0.9473,13,1.8,1.3533,6,1.27,0.9548,0,0
IWM190913P155,2019-09-11,2019-09-11 09:30:34,1.28,0.9624,13,1.25,0.9398,15,1.8,1.3533,6,1.265,0.9511,0,0
IWM190913P155,2019-09-11,2019-09-11 09:30:34,1.28,0.9624,13,1.26,0.9473,14,1.8,1.3533,6,1.27,0.9548,0,0
IWM190913P155,2019-09-11,2019-09-11 09:30:35,1.28,0.9624,13,1.25,0.9398,13,1.8,1.3533,6,1.265,0.9511,0,0
IWM190913P155,2019-09-11,2019-09-11 09:30:35,1.28,0.9624,13,1.25,0.9398,15,1.8,1.3533,6,1.265,0.9511,0,0
IWM190913P155,2019-09-11,2019-09-11 09:30:36,1.28,0.9624,13,1.25,0.9398,14,1.8,1.3533,6,1.265,0.9511,0,0
IWM190913P155,2019-09-11,2019-09-11 09:30:37,1.28,0.9624,3,1.26,0.9473,21,1.8,1.3533,6,1.27,0.9548,0,0
IWM190913P155,2019-09-11,2019-09-11 09:30:37,1.28,0.9624,3,1.26,0.9473,13,1.8,1.3533,6,1.27,0.9548,0,0
IWM190913P155,2019-09-11,2019-09-11 09:30:38,1.28,0.9624,3,1.26,0.9473,20,1.8,1.3533,6,1.27,0.9548,0,0
IWM190913P155,2019-09-11,2019-09-11 09:30:38,1.28,0.9624,3,1.25,0.9398,14,1.8,1.3533,6,1.265,0.9511,0,0
IWM190913P155,2019-09-11,2019-09-11 09:30:39,1.28,0.9624,13,1.25,0.9398,13,1.8,1.3533,6,1.265,0.9511,0,0
IWM190913P155,2019-09-11,2019-09-11 09:30:39,1.28,0.9624,3,1.25,0.9398,14,1.8,1.3533,6,1.265,0.9511,0,0
IWM190913P155,2019-09-11,2019-09-11 09:30:40,1.28,0.9624,13,1.26,0.9473,13,1.8,1.3533,6,1.27,0.9548,0,0
IWM190913P155,2019-09-11,2019-09-11 09:30:40,1.28,0.9624,13,1.26,0.9473,21,1.8,1.3533,6,1.27,0.9548,0,0
IWM190913P155,2019-09-11,2019-09-11 09:30:41,1.28,0.9624,13,1.26,0.9473,14,1.8,1.3533,6,1.27,0.9548,0,0
IWM190913P155,2019-09-11,2019-09-11 09:30:41,1.29,0.9699,24,1.27,0.9548,14,1.8,1.3533,6,1.28,0.9624,0,0
IWM190913P155,2019-09-11,2019-09-11 09:30:42,1.31,0.9849,13,1.28,0.9624,14,1.8,1.3533,6,1.295,0.9736,0,0
IWM190913P155,2019-09-11,2019-09-11 09:30:42,1.29,0.9699,24,1.27,0.9548,21,1.8,1.3533,6,1.28,0.9624,0,0
IWM190913P155,2019-09-11,2019-09-11 09:30:43,1.3,0.9774,13,1.27,0.9548,14,1.8,1.3533,6,1.285,0.9661,0,0
IWM190913P155,2019-09-11,2019-09-11 09:30:44,1.3,0.9774,13,1.27,0.9548,15,1.8,1.3533,6,1.285,0.9661,0,0
IWM190913P155,2019-09-11,2019-09-11 09:30:45,1.3,0.9774,13,1.27,0.9548,13,1.8,1.3533,6,1.285,0.9661,0,0
IWM190913P155,2019-09-11,2019-09-11 09:30:45,1.3,0.9774,13,1.27,0.9548,15,1.8,1.3533,6,1.285,0.9661,0,0
IWM190913P155,2019-09-11,2019-09-11 09:30:46,1.29,0.9699,13,1.26,0.9473,14,1.8,1.3533,6,1.275,0.9586,0,0
IWM190913P155,2019-09-11,2019-09-11 09:30:47,1.29,0.9699,13,1.26,0.9473,13,1.8,1.3533,6,1.275,0.9586,0,0
IWM190913P155,2019-09-11,2019-09-11 09:30:47,1.29,0.9699,13,1.26,0.9473,14,1.8,1.3533,6,1.275,0.9586,0,0
IWM190913P155,2019-09-11,2019-09-11 09:30:48,1.29,0.9699,13,1.26,0.9473,14,1.8,1.3533,6,1.275,0.9586,0,0
IWM190913P155,2019-09-11,2019-09-11 09:30:49,1.29,0.9699,13,1.26,0.9473,14,1.8,1.3533,6,1.275,0.9586,0,0
IWM190913P155,2019-09-11,2019-09-11 09:30:49,1.28,0.9624,13,1.24,0.9323,14,1.8,1.3533,6,1.26,0.9473,0,0
IWM190913P155,2019-09-11,2019-09-11 09:30:50,1.26,0.9473,112,1.23,0.9248,14,1.8,1.3533,6,1.245,0.936,0,0
IWM190913P155,2019-09-11,2019-09-11 09:30:50,1.26,0.9473,112,1.22,0.9172,14,1.8,1.3533,6,1.24,0.9323,0,0
IWM190913P155,2019-09-11,2019-09-11 09:30:51,1.25,0.9398,13,1.22,0.9172,13,1.8,1.3533,6,1.235,0.9285,0,0
IWM190913P155,2019-09-11,2019-09-11 09:30:51,1.25,0.9398,13,1.22,0.9172,14,1.8,1.3533,6,1.235,0.9285,0,0
IWM190913P155,2019-09-11,2019-09-11 09:30:52,1.27,0.9548,13,1.24,0.9323,15,1.8,1.3533,6,1.255,0.9436,0,0
IWM190913P155,2019-09-11,2019-09-11 09:30:52,1.28,0.9624,159,1.24,0.9323,25,1.8,1.3533,6,1.26,0.9473,0,0
IWM190913P155,2019-09-11,2019-09-11 09:30:53,1.27,0.9548,13,1.24,0.9323,13,1.8,1.3533,6,1.255,0.9436,0,0
IWM190913P155,2019-09-11,2019-09-11 09:30:53,1.27,0.9548,13,1.24,0.9323,15,1.8,1.3533,6,1.255,0.9436,0,0
IWM190913P155,2019-09-11,2019-09-11 09:30:54,1.26,0.9473,13,1.23,0.9248,14,1.8,1.3533,6,1.245,0.936,0,0
IWM190913P155,2019-09-11,2019-09-11 09:30:55,1.26,0.9473,13,1.23,0.9248,14,1.8,1.3533,6,1.245,0.936,0,0
IWM190913P155,2019-09-11,2019-09-11 09:30:55,1.27,0.9548,131,1.24,0.9323,14,1.8,1.3533,6,1.255,0.9436,0,0
IWM190913P155,2019-09-11,2019-09-11 09:30:56,1.27,0.9548,135,1.24,0.9323,14,1.8,1.3533,6,1.255,0.9436,0,0
IWM190913P155,2019-09-11,2019-09-11 09:30:56,1.26,0.9473,13,1.24,0.9323,14,1.8,1.3533,6,1.25,0.9398,0,0
IWM190913P155,2019-09-11,2019-09-11 09:30:57,1.27,0.9548,139,1.24,0.9323,14,1.8,1.3533,6,1.255,0.9436,0,0
IWM190913P155,2019-09-11,2019-09-11 09:30:57,1.27,0.9548,13,1.25,0.9398,14,1.8,1.3533,6,1.26,0.9473,0,0
IWM190913P155,2019-09-11,2019-09-11 09:30:58,1.28,0.9624,62,1.25,0.9398,26,1.8,1.3533,6,1.265,0.9511,0,0
IWM190913P155,2019-09-11,2019-09-11 09:30:58,1.28,0.9624,3,1.25,0.9398,26,1.8,1.3533,6,1.265,0.9511,0,0
IWM190913P155,2019-09-11,2019-09-11 09:30:59,1.3,0.9774,133,1.27,0.9548,14,1.8,1.3533,6,1.285,0.9661,0,0
IWM190913P155,2019-09-11,2019-09-11 09:30:59,1.28,0.9624,3,1.25,0.9398,21,1.8,1.3533,6,1.265,0.9511,0,0
IWM190913P155,2019-09-11,2019-09-11 09:31:00,1.31,0.9849,118,1.28,0.9624,14,1.8,1.3533,6,1.295,0.9736,0,0
IWM190913P155,2019-09-11,2019-09-11 09:31:01,1.32,0.9924,13,1.29,0.9699,13,1.8,1.3533,6,1.305,0.9812,0,0
IWM190913P155,2019-09-11,2019-09-11 09:31:01,1.33,1.0,13,1.29,0.9699,25,1.8,1.3533,6,1.31,0.9849,0,0
IWM190913P155,2019-09-11,2019-09-11 09:31:02,1.34,1.0075,17,1.31,0.9849,13,1.8,1.3533,6,1.325,0.9962,0,0
IWM190913P155,2019-09-11,2019-09-11 09:31:03,1.38,1.0375,268,1.31,0.9849,150,1.8,1.3533,6,1.345,1.0112,0,0
IWM190913P155,2019-09-11,2019-09-11 09:31:03,1.37,1.03,13,1.32,0.9924,13,1.8,1.3533,6,1.345,1.0112,0,0
IWM190913P155,2019-09-11,2019-09-11 09:31:04,1.38,1.0375,44,1.34,1.0075,48,1.8,1.3533,6,1.36,1.0225,0,0
IWM190913P155,2019-09-11,2019-09-11 09:31:04,1.38,1.0375,44,1.34,1.0075,13,1.8,1.3533,6,1.36,1.0225,0,0
IWM190913P155,2019-09-11,2019-09-11 09:31:05,1.38,1.0375,44,1.34,1.0075,33,1.8,1.3533,6,1.36,1.0225,0,0
IWM190913P155,2019-09-11,2019-09-11 09:31:05,1.38,1.0375,44,1.34,1.0075,50,1.8,1.3533,6,1.36,1.0225,0,0
IWM190913P155,2019-09-11,2019-09-11 09:31:06,1.37,1.03,13,1.34,1.0075,13,1.8,1.3533,6,1.355,1.0187,0,0
IWM190913P155,2019-09-11,2019-09-11 09:31:06,1.37,1.03,30,1.34,1.0075,13,1.8,1.3533,6,1.355,1.0187,0,0
IWM190913P155,2019-09-11,2019-09-11 09:31:07,1.35,1.015,13,1.32,0.9924,1,1.8,1.3533,6,1.335,1.0037,0,0
IWM190913P155,2019-09-11,2019-09-11 09:31:07,1.34,1.0075,13,1.31,0.9849,13,1.8,1.3533,6,1.325,0.9962,0,0
IWM190913P155,2019-09-11,2019-09-11 09:31:08,1.33,1.0,13,1.3,0.9774,14,1.8,1.3533,6,1.315,0.9887,0,0
IWM190913P155,2019-09-11,2019-09-11 09:31:08,1.34,1.0075,26,1.3,0.9774,16,1.8,1.3533,6,1.32,0.9924,0,0
IWM190913P155,2019-09-11,2019-09-11 09:31:09,1.33,1.0,13,1.3,0.9774,14,1.8,1.3533,6,1.315,0.9887,0,0
IWM190913P155,2019-09-11,2019-09-11 09:31:09,1.34,1.0075,22,1.3,0.9774,16,1.8,1.3533,6,1.32,0.9924,0,0
IWM190913P155,2019-09-11,2019-09-11 09:31:10,1.33,1.0,13,1.3,0.9774,15,1.8,1.3533,6,1.315,0.9887,0,0
IWM190913P155,2019-09-11,2019-09-11 09:31:10,1.33,1.0,13,1.29,0.9699,15,1.8,1.3533,6,1.31,0.9849,0,0
IWM190913P155,2019-09-11,2019-09-11 09:31:11,1.35,1.015,153,1.3,0.9774,14,1.8,1.3533,6,1.325,0.9962,0,0
IWM190913P155,2019-09-11,2019-09-11 09:31:11,1.34,1.0075,132,1.3,0.9774,14,1.8,1.3533,6,1.32,0.9924,0,0
IWM190913P155,2019-09-11,2019-09-11 09:31:12,1.35,1.015,120,1.31,0.9849,23,1.8,1.3533,6,1.33,1.0,0,0
IWM190913P155,2019-09-11,2019-09-11 09:31:12,1.34,1.0075,118,1.31,0.9849,13,1.8,1.3533,6,1.325,0.9962,0,0
IWM190913P155,2019-09-11,2019-09-11 09:31:13,1.34,1.0075,147,1.3,0.9774,14,1.8,1.3533,6,1.32,0.9924,0,0
IWM190913P155,2019-09-11,2019-09-11 09:31:13,1.34,1.0075,60,1.31,0.9849,13,1.8,1.3533,6,1.325,0.9962,0,0
IWM190913P155,2019-09-11,2019-09-11 09:31:14,1.35,1.015,132,1.3,0.9774,14,1.8,1.3533,6,1.325,0.9962,0,0
IWM190913P155,2019-09-11,2019-09-11 09:31:14,1.33,1.0,13,1.3,0.9774,13,1.8,1.3533,6,1.315,0.9887,0,0
IWM190913P155,2019-09-11,2019-09-11 09:31:15,1.35,1.015,17,1.32,0.9924,13,1.8,1.3533,6,1.335,1.0037,0,0
IWM190913P155,2019-09-11,2019-09-11 09:31:16,1.35,1.015,79,1.32,0.9924,14,1.8,1.3533,6,1.335,1.0037,0,0
IWM190913P155,2019-09-11,2019-09-11 09:31:16,1.35,1.015,138,1.31,0.9849,14,1.8,1.3533,6,1.33,1.0,0,0
IWM190913P155,2019-09-11,2019-09-11 09:31:17,1.33,1.0,17,1.3,0.9774,13,1.8,1.3533,6,1.315,0.9887,0,0
IWM190913P155,2019-09-11,2019-09-11 09:31:17,1.34,1.0075,13,1.31,0.9849,14,1.8,1.3533,6,1.325,0.9962,0,0
IWM190913P155,2019-09-11,2019-09-11 09:31:18,1.32,0.9924,24,1.29,0.9699,13,1.8,1.3533,6,1.305,0.9812,0,0
IWM190913P155,2019-09-11,2019-09-11 09:31:18,1.33,1.0,17,1.3,0.9774,13,1.8,1.3533,6,1.315,0.9887,0,0
IWM190913P155,2019-09-11,2019-09-11 09:31:19,1.32,0.9924,13,1.29,0.9699,13,1.8,1.3533,6,1.305,0.9812,0,0
IWM190913P155,2019-09-11,2019-09-11 09:31:19,1.32,0.9924,13,1.3,0.9774,1,1.3,0.9774,1,1.31,0.9849,1,1
IWM190913P155,2019-09-11,2019-09-11 09:31:20,1.31,0.9849,13,1.28,0.9624,13,1.3,0.9774,1,1.295,0.9736,1,0
IWM190913P155,2019-09-11,2019-09-11 09:31:21,1.32,0.9924,141,1.28,0.9624,14,1.3,0.9774,1,1.3,0.9774,1,0
IWM190913P155,2019-09-11,2019-09-11 09:31:21,1.31,0.9849,13,1.28,0.9624,13,1.3,0.9774,1,1.295,0.9736,1,0
IWM190913P155,2019-09-11,2019-09-11 09:31:22,1.32,0.9924,13,1.29,0.9699,14,1.3,0.9774,1,1.305,0.9812,1,0
IWM190913P155,2019-09-11,2019-09-11 09:31:23,1.32,0.9924,100,1.28,0.9624,14,1.32,0.9924,2,1.3,0.9774,3,0
IWM190913P155,2019-09-11,2019-09-11 09:31:23,1.32,0.9924,84,1.28,0.9624,14,1.32,0.9924,2,1.3,0.9774,3,2
IWM190913P155,2019-09-11,2019-09-11 09:31:24,1.32,0.9924,13,1.29,0.9699,14,1.32,0.9924,2,1.305,0.9812,3,0
IWM190913P155,2019-09-11,2019-09-11 09:31:24,1.32,0.9924,87,1.28,0.9624,14,1.32,0.9924,2,1.3,0.9774,3,0
IWM190913P155,2019-09-11,2019-09-11 09:31:25,1.32,0.9924,16,1.29,0.9699,14,1.32,0.9924,2,1.305,0.9812,3,0
IWM190913P155,2019-09-11,2019-09-11 09:31:25,1.31,0.9849,13,1.28,0.9624,13,1.32,0.9924,2,1.295,0.9736,3,0
IWM190913P155,2019-09-11,2019-09-11 09:31:26,1.32,0.9924,30,1.29,0.9699,14,1.32,0.9924,2,1.305,0.9812,3,0
IWM190913P155,2019-09-11,2019-09-11 09:31:26,1.32,0.9924,28,1.28,0.9624,13,1.32,0.9924,2,1.3,0.9774,3,0
IWM190913P155,2019-09-11,2019-09-11 09:31:27,1.33,1.0,160,1.29,0.9699,17,1.32,0.9924,2,1.31,0.9849,3,0
IWM190913P155,2019-09-11,2019-09-11 09:31:27,1.33,1.0,150,1.29,0.9699,17,1.32,0.9924,2,1.31,0.9849,3,0
IWM190913P155,2019-09-11,2019-09-11 09:31:28,1.32,0.9924,23,1.29,0.9699,13,1.32,0.9924,2,1.305,0.9812,3,0
IWM190913P155,2019-09-11,2019-09-11 09:31:28,1.32,0.9924,13,1.29,0.9699,13,1.32,0.9924,2,1.305,0.9812,3,0
IWM190913P155,2019-09-11,2019-09-11 09:31:29,1.32,0.9924,24,1.29,0.9699,13,1.32,0.9924,2,1.305,0.9812,3,0
IWM190913P155,2019-09-11,2019-09-11 09:31:29,1.32,0.9924,13,1.29,0.9699,21,1.32,0.9924,2,1.305,0.9812,3,0
IWM190913P155,2019-09-11,2019-09-11 09:31:30,1.32,0.9924,27,1.29,0.9699,14,1.32,0.9924,2,1.305,0.9812,3,0
IWM190913P155,2019-09-11,2019-09-11 09:31:30,1.32,0.9924,28,1.29,0.9699,14,1.32,0.9924,2,1.305,0.9812,3,0
IWM190913P155,2019-09-11,2019-09-11 09:31:31,1.3,0.9774,60,1.26,0.9473,14,1.32,0.9924,2,1.28,0.9624,3,0
IWM190913P155,2019-09-11,2019-09-11 09:31:31,1.32,0.9924,25,1.29,0.9699,14,1.32,0.9924,2,1.305,0.9812,3,0
IWM190913P155,2019-09-11,2019-09-11 09:31:32,1.3,0.9774,19,1.27,0.9548,14,1.32,0.9924,2,1.285,0.9661,3,0
IWM190913P155,2019-09-11,2019-09-11 09:31:32,1.3,0.9774,92,1.27,0.9548,14,1.32,0.9924,2,1.285,0.9661,3,0
IWM190913P155,2019-09-11,2019-09-11 09:31:33,1.3,0.9774,19,1.27,0.9548,21,1.32,0.9924,2,1.285,0.9661,3,0
IWM190913P155,2019-09-11,2019-09-11 09:31:33,1.3,0.9774,19,1.27,0.9548,14,1.32,0.9924,2,1.285,0.9661,3,0
IWM190913P155,2019-09-11,2019-09-11 09:31:34,1.3,0.9774,25,1.27,0.9548,13,1.32,0.9924,2,1.285,0.9661,3,0
IWM190913P155,2019-09-11,2019-09-11 09:31:34,1.3,0.9774,13,1.27,0.9548,14,1.32,0.9924,2,1.285,0.9661,3,0
IWM190913P155,2019-09-11,2019-09-11 09:31:35,1.29,0.9699,141,1.26,0.9473,14,1.32,0.9924,2,1.275,0.9586,3,0
IWM190913P155,2019-09-11,2019-09-11 09:31:35,1.3,0.9774,95,1.26,0.9473,95,1.32,0.9924,2,1.28,0.9624,3,0
IWM190913P155,2019-09-11,2019-09-11 09:31:36,1.29,0.9699,141,1.26,0.9473,15,1.32,0.9924,2,1.275,0.9586,3,0
IWM190913P155,2019-09-11,2019-09-11 09:31:36,1.29,0.9699,141,1.26,0.9473,13,1.32,0.9924,2,1.275,0.9586,3,0
IWM190913P155,2019-09-11,2019-09-11 09:31:37,1.29,0.9699,141,1.26,0.9473,15,1.32,0.9924,2,1.275,0.9586,3,0
IWM190913P155,2019-09-11,2019-09-11 09:31:37,1.29,0.9699,202,1.26,0.9473,15,1.32,0.9924,2,1.275,0.9586,3,0
IWM190913P155,2019-09-11,2019-09-11 09:31:38,1.29,0.9699,202,1.26,0.9473,14,1.32,0.9924,2,1.275,0.9586,3,0
IWM190913P155,2019-09-11,2019-09-11 09:31:38,1.29,0.9699,202,1.26,0.9473,15,1.32,0.9924,2,1.275,0.9586,3,0
IWM190913P155,2019-09-11,2019-09-11 09:31:39,1.26,0.9473,129,1.24,0.9323,15,1.32,0.9924,2,1.25,0.9398,3,0
IWM190913P155,2019-09-11,2019-09-11 09:31:39,1.28,0.9624,155,1.26,0.9473,14,1.32,0.9924,2,1.27,0.9548,3,0
IWM190913P155,2019-09-11,2019-09-11 09:31:40,1.24,0.9323,129,1.22,0.9172,15,1.32,0.9924,2,1.23,0.9248,3,0
IWM190913P155,2019-09-11,2019-09-11 09:31:41,1.25,0.9398,180,1.22,0.9172,14,1.32,0.9924,2,1.235,0.9285,3,0
IWM190913P155,2019-09-11,2019-09-11 09:31:41,1.24,0.9323,148,1.22,0.9172,14,1.32,0.9924,2,1.23,0.9248,3,0
IWM190913P155,2019-09-11,2019-09-11 09:31:42,1.24,0.9323,189,1.22,0.9172,14,1.32,0.9924,2,1.23,0.9248,3,0
IWM190913P155,2019-09-11,2019-09-11 09:31:42,1.24,0.9323,189,1.21,0.9097,14,1.32,0.9924,2,1.225,0.921,3,0
IWM190913P155,2019-09-11,2019-09-11 09:31:43,1.25,0.9398,215,1.18,0.8872,25,1.32,0.9924,2,1.215,0.9135,3,0
IWM190913P155,2019-09-11,2019-09-11 09:31:43,1.23,0.9248,148,1.2,0.9022,13,1.32,0.9924,2,1.215,0.9135,3,0
IWM190913P155,2019-09-11,2019-09-11 09:31:44,1.23,0.9248,148,1.2,0.9022,13,1.32,0.9924,2,1.215,0.9135,3,0
IWM190913P155,2019-09-11,2019-09-11 09:31:45,1.23,0.9248,148,1.2,0.9022,14,1.32,0.9924,2,1.215,0.9135,3,0
IWM190913P155,2019-09-11,2019-09-11 09:31:46,1.25,0.9398,194,1.21,0.9097,51,1.32,0.9924,2,1.23,0.9248,3,0
IWM190913P155,2019-09-11,2019-09-11 09:31:46,1.23,0.9248,129,1.21,0.9097,49,1.32,0.9924,2,1.22,0.9172,3,0
IWM190913P155,2019-09-11,2019-09-11 09:31:47,1.24,0.9323,233,1.21,0.9097,49,1.32,0.9924,2,1.225,0.921,3,0
IWM190913P155,2019-09-11,2019-09-11 09:31:47,1.24,0.9323,142,1.21,0.9097,14,1.32,0.9924,2,1.225,0.921,3,0
IWM190913P155,2019-09-11,2019-09-11 09:31:48,1.22,0.9172,129,1.19,0.8947,14,1.32,0.9924,2,1.205,0.906,3,0
IWM190913P155,2019-09-11,2019-09-11 09:31:48,1.23,0.9248,129,1.21,0.9097,13,1.32,0.9924,2,1.22,0.9172,3,0
IWM190913P155,2019-09-11,2019-09-11 09:31:49,1.21,0.9097,148,1.19,0.8947,13,1.32,0.9924,2,1.2,0.9022,3,0
IWM190913P155,2019-09-11,2019-09-11 09:31:49,1.22,0.9172,197,1.19,0.8947,14,1.32,0.9924,2,1.205,0.906,3,0
IWM190913P155,2019-09-11,2019-09-11 09:31:50,1.22,0.9172,197,1.19,0.8947,14,1.32,0.9924,2,1.205,0.906,3,0
IWM190913P155,2019-09-11,2019-09-11 09:31:50,1.22,0.9172,32,1.19,0.8947,58,1.32,0.9924,2,1.205,0.906,3,0
IWM190913P155,2019-09-11,2019-09-11 09:31:51,1.22,0.9172,155,1.19,0.8947,23,1.32,0.9924,2,1.205,0.906,3,0
IWM190913P155,2019-09-11,2019-09-11 09:31:51,1.22,0.9172,142,1.19,0.8947,13,1.32,0.9924,2,1.205,0.906,3,0
IWM190913P155,2019-09-11,2019-09-11 09:31:52,1.22,0.9172,155,1.19,0.8947,23,1.32,0.9924,2,1.205,0.906,3,0
IWM190913P155,2019-09-11,2019-09-11 09:31:52,1.22,0.9172,146,1.19,0.8947,23,1.32,0.9924,2,1.205,0.906,3,0
IWM190913P155,2019-09-11,2019-09-11 09:31:53,1.23,0.9248,182,1.2,0.9022,13,1.32,0.9924,2,1.215,0.9135,3,0
IWM190913P155,2019-09-11,2019-09-11 09:31:53,1.22,0.9172,146,1.18,0.8872,40,1.32,0.9924,2,1.2,0.9022,3,0
IWM190913P155,2019-09-11,2019-09-11 09:31:54,1.23,0.9248,11,1.2,0.9022,38,1.32,0.9924,2,1.215,0.9135,3,0
IWM190913P155,2019-09-11,2019-09-11 09:31:54,1.23,0.9248,129,1.2,0.9022,26,1.32,0.9924,2,1.215,0.9135,3,0
IWM190913P155,2019-09-11,2019-09-11 09:31:55,1.25,0.9398,142,1.2,0.9022,26,1.32,0.9924,2,1.225,0.921,3,0
IWM190913P155,2019-09-11,2019-09-11 09:31:55,1.25,0.9398,129,1.22,0.9172,22,1.32,0.9924,2,1.235,0.9285,3,0
IWM190913P155,2019-09-11,2019-09-11 09:31:56,1.25,0.9398,129,1.22,0.9172,22,1.32,0.9924,2,1.235,0.9285,3,0
IWM190913P155,2019-09-11,2019-09-11 09:31:57,1.26,0.9473,186,1.23,0.9248,14,1.32,0.9924,2,1.245,0.936,3,0
IWM190913P155,2019-09-11,2019-09-11 09:31:57,1.26,0.9473,142,1.23,0.9248,21,1.32,0.9924,2,1.245,0.936,3,0
IWM190913P155,2019-09-11,2019-09-11 09:31:58,1.26,0.9473,186,1.24,0.9323,14,1.32,0.9924,2,1.25,0.9398,3,0
IWM190913P155,2019-09-11,2019-09-11 09:31:58,1.26,0.9473,207,1.23,0.9248,14,1.32,0.9924,2,1.245,0.936,3,0
IWM190913P155,2019-09-11,2019-09-11 09:31:59,1.27,0.9548,217,1.24,0.9323,13,1.32,0.9924,2,1.255,0.9436,3,0
IWM190913P155,2019-09-11,2019-09-11 09:31:59,1.26,0.9473,13,1.24,0.9323,13,1.32,0.9924,2,1.25,0.9398,3,0
IWM190913P155,2019-09-11,2019-09-11 09:32:00,1.28,0.9624,225,1.24,0.9323,13,1.32,0.9924,2,1.26,0.9473,3,0
IWM190913P155,2019-09-11,2019-09-11 09:32:00,1.27,0.9548,147,1.24,0.9323,19,1.32,0.9924,2,1.255,0.9436,3,0
IWM190913P155,2019-09-11,2019-09-11 09:32:01,1.27,0.9548,147,1.24,0.9323,27,1.32,0.9924,2,1.255,0.9436,3,0
IWM190913P155,2019-09-11,2019-09-11 09:32:02,1.28,0.9624,194,1.25,0.9398,35,1.32,0.9924,2,1.265,0.9511,3,0
IWM190913P155,2019-09-11,2019-09-11 09:32:02,1.27,0.9548,18,1.24,0.9323,24,1.32,0.9924,2,1.255,0.9436,3,0
IWM190913P155,2019-09-11,2019-09-11 09:32:03,1.28,0.9624,239,1.26,0.9473,13,1.32,0.9924,2,1.27,0.9548,3,0
IWM190913P155,2019-09-11,2019-09-11 09:32:03,1.28,0.9624,239,1.25,0.9398,35,1.32,0.9924,2,1.265,0.9511,3,0
IWM190913P155,2019-09-11,2019-09-11 09:32:04,1.28,0.9624,169,1.25,0.9398,60,1.32,0.9924,2,1.265,0.9511,3,0
IWM190913P155,2019-09-11,2019-09-11 09:32:05,1.31,0.9849,142,1.28,0.9624,13,1.32,0.9924,2,1.295,0.9736,3,0
IWM190913P155,2019-09-11,2019-09-11 09:32:05,1.28,0.9624,48,1.26,0.9473,14,1.32,0.9924,2,1.27,0.9548,3,0
IWM190913P155,2019-09-11,2019-09-11 09:32:06,1.31,0.9849,13,1.29,0.9699,3,1.32,0.9924,2,1.3,0.9774,3,0
IWM190913P155,2019-09-11,2019-09-11 09:32:06,1.31,0.9849,142,1.28,0.9624,72,1.32,0.9924,2,1.295,0.9736,3,0
IWM190913P155,2019-09-11,2019-09-11 09:32:07,1.31,0.9849,13,1.29,0.9699,49,1.32,0.9924,2,1.3,0.9774,3,0
IWM190913P155,2019-09-11,2019-09-11 09:32:07,1.31,0.9849,13,1.29,0.9699,3,1.32,0.9924,2,1.3,0.9774,3,0
IWM190913P155,2019-09-11,2019-09-11 09:32:08,1.34,1.0075,13,1.31,0.9849,49,1.32,0.9924,2,1.325,0.9962,3,0
IWM190913P155,2019-09-11,2019-09-11 09:32:08,1.35,1.015,145,1.32,0.9924,46,1.32,0.9924,2,1.335,1.0037,3,0
IWM190913P155,2019-09-11,2019-09-11 09:32:09,1.36,1.0225,158,1.33,1.0,77,1.32,0.9924,2,1.345,1.0112,3,0
IWM190913P155,2019-09-11,2019-09-11 09:32:09,1.35,1.015,162,1.32,0.9924,30,1.32,0.9924,2,1.335,1.0037,3,0
IWM190913P155,2019-09-11,2019-09-11 09:32:10,1.35,1.015,13,1.32,0.9924,62,1.32,0.9924,2,1.335,1.0037,3,0
IWM190913P155,2019-09-11,2019-09-11 09:32:10,1.34,1.0075,13,1.32,0.9924,20,1.32,0.9924,2,1.33,1.0,3,0
IWM190913P155,2019-09-11,2019-09-11 09:32:11,1.35,1.015,159,1.31,0.9849,70,1.32,0.9924,2,1.33,1.0,3,0
IWM190913P155,2019-09-11,2019-09-11 09:32:12,1.34,1.0075,13,1.31,0.9849,59,1.32,0.9924,2,1.325,0.9962,3,0
IWM190913P155,2019-09-11,2019-09-11 09:32:12,1.35,1.015,13,1.33,1.0,59,1.32,0.9924,2,1.34,1.0075,3,0
IWM190913P155,2019-09-11,2019-09-11 09:32:13,1.34,1.0075,142,1.31,0.9849,35,1.32,0.9924,2,1.325,0.9962,3,0
IWM190913P155,2019-09-11,2019-09-11 09:32:13,1.34,1.0075,142,1.31,0.9849,13,1.32,0.9924,2,1.325,0.9962,3,0
IWM190913P155,2019-09-11,2019-09-11 09:32:14,1.35,1.015,156,1.32,0.9924,44,1.32,0.9924,2,1.335,1.0037,3,0
IWM190913P155,2019-09-11,2019-09-11 09:32:15,1.36,1.0225,13,1.33,1.0,80,1.32,0.9924,2,1.345,1.0112,3,0
IWM190913P155,2019-09-11,2019-09-11 09:32:15,1.36,1.0225,142,1.33,1.0,107,1.32,0.9924,2,1.345,1.0112,3,0
IWM190913P155,2019-09-11,2019-09-11 09:32:16,1.36,1.0225,180,1.33,1.0,13,1.32,0.9924,2,1.345,1.0112,3,0
IWM190913P155,2019-09-11,2019-09-11 09:32:16,1.36,1.0225,180,1.33,1.0,21,1.32,0.9924,2,1.345,1.0112,3,0
IWM190913P155,2019-09-11,2019-09-11 09:32:17,1.36,1.0225,129,1.34,1.0075,13,1.32,0.9924,2,1.35,1.015,3,0
IWM190913P155,2019-09-11,2019-09-11 09:32:17,1.36,1.0225,180,1.33,1.0,21,1.32,0.9924,2,1.345,1.0112,3,0
IWM190913P155,2019-09-11,2019-09-11 09:32:18,1.38,1.0375,144,1.35,1.015,14,1.32,0.9924,2,1.365,1.0263,3,0
IWM190913P155,2019-09-11,2019-09-11 09:32:18,1.37,1.03,199,1.34,1.0075,23,1.32,0.9924,2,1.355,1.0187,3,0
IWM190913P155,2019-09-11,2019-09-11 09:32:19,1.4,1.0526,139,1.37,1.03,13,1.32,0.9924,2,1.385,1.0413,3,0
IWM190913P155,2019-09-11,2019-09-11 09:32:19,1.41,1.0601,236,1.38,1.0375,52,1.32,0.9924,2,1.395,1.0488,3,0
IWM190913P155,2019-09-11,2019-09-11 09:32:20,1.41,1.0601,236,1.38,1.0375,52,1.32,0.9924,2,1.395,1.0488,3,0
IWM190913P155,2019-09-11,2019-09-11 09:32:21,1.41,1.0601,29,1.38,1.0375,23,1.32,0.9924,2,1.395,1.0488,3,0
IWM190913P155,2019-09-11,2019-09-11 09:32:21,1.4,1.0526,13,1.37,1.03,60,1.32,0.9924,2,1.385,1.0413,3,0
IWM190913P155,2019-09-11,2019-09-11 09:32:22,1.4,1.0526,142,1.37,1.03,13,1.32,0.9924,2,1.385,1.0413,3,0
IWM190913P155,2019-09-11,2019-09-11 09:32:22,1.41,1.0601,265,1.37,1.03,65,1.32,0.9924,2,1.39,1.0451,3,0
IWM190913P155,2019-09-11,2019-09-11 09:32:23,1.4,1.0526,158,1.37,1.03,14,1.32,0.9924,2,1.385,1.0413,3,0
IWM190913P155,2019-09-11,2019-09-11 09:32:23,1.4,1.0526,27,1.37,1.03,47,1.32,0.9924,2,1.385,1.0413,3,0
IWM190913P155,2019-09-11,2019-09-11 09:32:24,1.38,1.0375,13,1.35,1.015,59,1.32,0.9924,2,1.365,1.0263,3,0
IWM190913P155,2019-09-11,2019-09-11 09:32:24,1.39,1.0451,23,1.36,1.0225,33,1.32,0.9924,2,1.375,1.0338,3,0
IWM190913P155,2019-09-11,2019-09-11 09:32:25,1.38,1.0375,13,1.35,1.015,46,1.32,0.9924,2,1.365,1.0263,3,0
IWM190913P155,2019-09-11,2019-09-11 09:32:25,1.37,1.03,162,1.34,1.0075,14,1.32,0.9924,2,1.355,1.0187,3,0
IWM190913P155,2019-09-11,2019-09-11 09:32:26,1.37,1.03,213,1.34,1.0075,13,1.32,0.9924,2,1.355,1.0187,3,0
IWM190913P155,2019-09-11,2019-09-11 09:32:27,1.37,1.03,11,1.33,1.0,61,1.32,0.9924,2,1.35,1.015,3,0
IWM190913P155,2019-09-11,2019-09-11 09:32:27,1.37,1.03,213,1.33,1.0,61,1.32,0.9924,2,1.35,1.015,3,0
IWM190913P155,2019-09-11,2019-09-11 09:32:28,1.38,1.0375,172,1.35,1.015,22,1.32,0.9924,2,1.365,1.0263,3,0
IWM190913P155,2019-09-11,2019-09-11 09:32:28,1.38,1.0375,249,1.33,1.0,61,1.32,0.9924,2,1.355,1.0187,3,0
IWM190913P155,2019-09-11,2019-09-11 09:32:29,1.38,1.0375,166,1.35,1.015,23,1.32,0.9924,2,1.365,1.0263,3,0
IWM190913P155,2019-09-11,2019-09-11 09:32:30,1.37,1.03,148,1.34,1.0075,14,1.32,0.9924,2,1.355,1.0187,3,0
IWM190913P155,2019-09-11,2019-09-11 09:32:30,1.38,1.0375,166,1.35,1.015,17,1.32,0.9924,2,1.365,1.0263,3,0
IWM190913P155,2019-09-11,2019-09-11 09:32:31,1.35,1.015,1,1.34,1.0075,14,1.32,0.9924,2,1.345,1.0112,3,0
IWM190913P155,2019-09-11,2019-09-11 09:32:32,1.35,1.015,1,1.32,0.9924,73,1.32,0.9924,2,1.335,1.0037,3,0
IWM190913P155,2019-09-11,2019-09-11 09:32:32,1.35,1.015,31,1.32,0.9924,73,1.32,0.9924,2,1.335,1.0037,3,0
IWM190913P155,2019-09-11,2019-09-11 09:32:33,1.35,1.015,1,1.32,0.9924,73,1.32,0.9924,2,1.335,1.0037,3,0
IWM190913P155,2019-09-11,2019-09-11 09:32:33,1.35,1.015,1,1.33,1.0,14,1.32,0.9924,2,1.34,1.0075,3,0
IWM190913P155,2019-09-11,2019-09-11 09:32:34,1.35,1.015,1,1.33,1.0,14,1.32,0.9924,2,1.34,1.0075,3,0
IWM190913P155,2019-09-11,2019-09-11 09:32:35,1.35,1.015,1,1.33,1.0,14,1.32,0.9924,2,1.34,1.0075,3,0
IWM190913P155,2019-09-11,2019-09-11 09:32:35,1.34,1.0075,28,1.32,0.9924,14,1.32,0.9924,2,1.33,1.0,3,0
IWM190913P155,2019-09-11,2019-09-11 09:32:36,1.35,1.015,288,1.32,0.9924,26,1.32,0.9924,2,1.335,1.0037,3,0
IWM190913P155,2019-09-11,2019-09-11 09:32:37,1.34,1.0075,135,1.32,0.9924,28,1.32,0.9924,2,1.33,1.0,3,0
IWM190913P155,2019-09-11,2019-09-11 09:32:38,1.34,1.0075,129,1.32,0.9924,16,1.32,0.9924,2,1.33,1.0,3,0
IWM190913P155,2019-09-11,2019-09-11 09:32:38,1.35,1.015,234,1.32,0.9924,14,1.32,0.9924,2,1.335,1.0037,3,0
IWM190913P155,2019-09-11,2019-09-11 09:32:39,1.35,1.015,193,1.33,1.0,14,1.32,0.9924,2,1.34,1.0075,3,0
IWM190913P155,2019-09-11,2019-09-11 09:32:39,1.35,1.015,1,1.33,1.0,14,1.32,0.9924,2,1.34,1.0075,3,0
IWM190913P155,2019-09-11,2019-09-11 09:32:40,1.35,1.015,1,1.35,1.015,60,1.35,1.015,8,1.35,1.015,14,11
IWM190913P155,2019-09-11,2019-09-11 09:32:40,1.38,1.0375,18,1.36,1.0225,58,1.35,1.015,8,1.37,1.03,14,0
IWM190913P155,2019-09-11,2019-09-11 09:32:41,1.39,1.0451,238,1.36,1.0225,83,1.35,1.015,8,1.375,1.0338,14,0
IWM190913P155,2019-09-11,2019-09-11 09:32:41,1.39,1.0451,238,1.37,1.03,13,1.35,1.015,8,1.38,1.0375,14,0
IWM190913P155,2019-09-11,2019-09-11 09:32:42,1.39,1.0451,238,1.37,1.03,21,1.35,1.015,8,1.38,1.0375,14,0
IWM190913P155,2019-09-11,2019-09-11 09:32:42,1.41,1.0601,35,1.38,1.0375,92,1.35,1.015,8,1.395,1.0488,14,0
IWM190913P155,2019-09-11,2019-09-11 09:32:43,1.42,1.0676,187,1.39,1.0451,23,1.35,1.015,8,1.405,1.0563,14,0
IWM190913P155,2019-09-11,2019-09-11 09:32:43,1.45,1.0902,17,1.41,1.0601,20,1.35,1.015,8,1.43,1.0751,14,0
IWM190913P155,2019-09-11,2019-09-11 09:32:44,1.45,1.0902,17,1.44,1.0827,20,1.35,1.015,8,1.445,1.0864,14,0
IWM190913P155,2019-09-11,2019-09-11 09:32:44,1.45,1.0902,17,1.43,1.0751,30,1.35,1.015,8,1.44,1.0827,14,0
IWM190913P155,2019-09-11,2019-09-11 09:32:45,1.46,1.0977,13,1.45,1.0902,13,1.35,1.015,8,1.455,1.0939,14,0
IWM190913P155,2019-09-11,2019-09-11 09:32:45,1.45,1.0902,17,1.44,1.0827,25,1.35,1.015,8,1.445,1.0864,14,0
IWM190913P155,2019-09-11,2019-09-11 09:32:46,1.46,1.0977,13,1.44,1.0827,16,1.35,1.015,8,1.45,1.0902,14,0
IWM190913P155,2019-09-11,2019-09-11 09:32:46,1.47,1.1052,10,1.45,1.0902,44,1.35,1.015,8,1.46,1.0977,14,0
IWM190913P155,2019-09-11,2019-09-11 09:32:47,1.47,1.1052,20,1.45,1.0902,20,1.35,1.015,8,1.46,1.0977,14,0
IWM190913P155,2019-09-11,2019-09-11 09:32:47,1.47,1.1052,35,1.45,1.0902,20,1.35,1.015,8,1.46,1.0977,14,0
IWM190913P155,2019-09-11,2019-09-11 09:32:48,1.47,1.1052,12,1.45,1.0902,25,1.35,1.015,8,1.46,1.0977,14,0
IWM190913P155,2019-09-11,2019-09-11 09:32:48,1.45,1.0902,129,1.44,1.0827,18,1.35,1.015,8,1.445,1.0864,14,0
IWM190913P155,2019-09-11,2019-09-11 09:32:49,1.45,1.0902,181,1.42,1.0676,1,1.35,1.015,8,1.435,1.0789,14,0
IWM190913P155,2019-09-11,2019-09-11 09:32:49,1.45,1.0902,174,1.42,1.0676,1,1.35,1.015,8,1.435,1.0789,14,0
IWM190913P155,2019-09-11,2019-09-11 09:32:50,1.45,1.0902,150,1.43,1.0751,7,1.35,1.015,8,1.44,1.0827,14,0
IWM190913P155,2019-09-11,2019-09-11 09:32:50,1.45,1.0902,11,1.43,1.0751,30,1.35,1.015,8,1.44,1.0827,14,0
IWM190913P155,2019-09-11,2019-09-11 09:32:51,1.46,1.0977,162,1.43,1.0751,13,1.35,1.015,8,1.445,1.0864,14,0
IWM190913P155,2019-09-11,2019-09-11 09:32:52,1.45,1.0902,17,1.43,1.0751,13,1.35,1.015,8,1.44,1.0827,14,0
IWM190913P155,2019-09-11,2019-09-11 09:32:52,1.45,1.0902,29,1.42,1.0676,57,1.35,1.015,8,1.435,1.0789,14,0
IWM190913P155,2019-09-11,2019-09-11 09:32:53,1.46,1.0977,189,1.43,1.0751,21,1.35,1.015,8,1.445,1.0864,14,0
IWM190913P155,2019-09-11,2019-09-11 09:32:53,1.46,1.0977,198,1.43,1.0751,57,1.35,1.015,8,1.445,1.0864,14,0
IWM190913P155,2019-09-11,2019-09-11 09:32:54,1.46,1.0977,178,1.44,1.0827,6,1.35,1.015,8,1.45,1.0902,14,0
IWM190913P155,2019-09-11,2019-09-11 09:32:54,1.46,1.0977,178,1.43,1.0751,41,1.35,1.015,8,1.445,1.0864,14,0
IWM190913P155,2019-09-11,2019-09-11 09:32:55,1.46,1.0977,195,1.43,1.0751,57,1.35,1.015,8,1.445,1.0864,14,0
IWM190913P155,2019-09-11,2019-09-11 09:32:55,1.46,1.0977,133,1.43,1.0751,57,1.35,1.015,8,1.445,1.0864,14,0
IWM190913P155,2019-09-11,2019-09-11 09:32:56,1.46,1.0977,45,1.44,1.0827,14,1.35,1.015,8,1.45,1.0902,14,0
IWM190913P155,2019-09-11,2019-09-11 09:32:56,1.46,1.0977,151,1.44,1.0827,9,1.35,1.015,8,1.45,1.0902,14,0
IWM190913P155,2019-09-11,2019-09-11 09:32:57,1.46,1.0977,191,1.44,1.0827,14,1.35,1.015,8,1.45,1.0902,14,0
IWM190913P155,2019-09-11,2019-09-11 09:32:57,1.46,1.0977,45,1.44,1.0827,14,1.35,1.015,8,1.45,1.0902,14,0
IWM190913P155,2019-09-11,2019-09-11 09:32:58,1.46,1.0977,191,1.44,1.0827,14,1.35,1.015,8,1.45,1.0902,14,0
IWM190913P155,2019-09-11,2019-09-11 09:32:58,1.47,1.1052,196,1.44,1.0827,59,1.35,1.015,8,1.455,1.0939,14,0
IWM190913P155,2019-09-11,2019-09-11 09:32:59,1.47,1.1052,48,1.45,1.0902,3,1.35,1.015,8,1.46,1.0977,14,0
IWM190913P155,2019-09-11,2019-09-11 09:33:00,1.48,1.1127,197,1.45,1.0902,49,1.35,1.015,8,1.465,1.1015,14,0
IWM190913P155,2019-09-11,2019-09-11 09:33:00,1.47,1.1052,48,1.45,1.0902,25,1.35,1.015,8,1.46,1.0977,14,0
IWM190913P155,2019-09-11,2019-09-11 09:33:01,1.48,1.1127,202,1.44,1.0827,14,1.35,1.015,8,1.46,1.0977,14,0
IWM190913P155,2019-09-11,2019-09-11 09:33:01,1.49,1.1203,33,1.46,1.0977,17,1.35,1.015,8,1.475,1.109,14,0
IWM190913P155,2019-09-11,2019-09-11 09:33:02,1.5,1.1278,48,1.48,1.1127,18,1.35,1.015,8,1.49,1.1203,14,0
IWM190913P155,2019-09-11,2019-09-11 09:33:02,1.49,1.1203,44,1.47,1.1052,27,1.35,1.015,8,1.48,1.1127,14,0
IWM190913P155,2019-09-11,2019-09-11 09:33:03,1.5,1.1278,24,1.48,1.1127,20,1.35,1.015,8,1.49,1.1203,14,0
IWM190913P155,2019-09-11,2019-09-11 09:33:03,1.51,1.1353,190,1.48,1.1127,57,1.35,1.015,8,1.495,1.124,14,0
IWM190913P155,2019-09-11,2019-09-11 09:33:04,1.51,1.1353,192,1.48,1.1127,71,1.35,1.015,8,1.495,1.124,14,0
IWM190913P155,2019-09-11,2019-09-11 09:33:04,1.52,1.1428,33,1.49,1.1203,57,1.35,1.015,8,1.505,1.1315,14,0
IWM190913P155,2019-09-11,2019-09-11 09:33:05,1.5,1.1278,26,1.47,1.1052,69,1.35,1.015,8,1.485,1.1165,14,0
IWM190913P155,2019-09-11,2019-09-11 09:33:05,1.5,1.1278,18,1.49,1.1203,10,1.35,1.015,8,1.495,1.124,14,0
IWM190913P155,2019-09-11,2019-09-11 09:33:06,1.51,1.1353,40,1.49,1.1203,94,1.35,1.015,8,1.5,1.1278,14,0
IWM190913P155,2019-09-11,2019-09-11 09:33:07,1.52,1.1428,56,1.49,1.1203,56,1.35,1.015,8,1.505,1.1315,14,0
IWM190913P155,2019-09-11,2019-09-11 09:33:07,1.52,1.1428,31,1.5,1.1278,7,1.35,1.015,8,1.51,1.1353,14,0
IWM190913P155,2019-09-11,2019-09-11 09:33:08,1.51,1.1353,20,1.49,1.1203,60,1.35,1.015,8,1.5,1.1278,14,0
IWM190913P155,2019-09-11,2019-09-11 09:33:08,1.51,1.1353,41,1.49,1.1203,26,1.35,1.015,8,1.5,1.1278,14,0
IWM190913P155,2019-09-11,2019-09-11 09:33:09,1.51,1.1353,41,1.49,1.1203,7,1.35,1.015,8,1.5,1.1278,14,0
IWM190913P155,2019-09-11,2019-09-11 09:33:09,1.53,1.1503,201,1.51,1.1353,7,1.35,1.015,8,1.52,1.1428,14,0
IWM190913P155,2019-09-11,2019-09-11 09:33:10,1.52,1.1428,56,1.5,1.1278,12,1.35,1.015,8,1.51,1.1353,14,0
IWM190913P155,2019-09-11,2019-09-11 09:33:10,1.52,1.1428,163,1.5,1.1278,5,1.35,1.015,8,1.51,1.1353,14,0
IWM190913P155,2019-09-11,2019-09-11 09:33:11,1.51,1.1353,10,1.49,1.1203,56,1.35,1.015,8,1.5,1.1278,14,0
IWM190913P155,2019-09-11,2019-09-11 09:33:11,1.52,1.1428,29,1.5,1.1278,47,1.35,1.015,8,1.51,1.1353,14,0
IWM190913P155,2019-09-11,2019-09-11 09:33:12,1.53,1.1503,31,1.51,1.1353,43,1.35,1.015,8,1.52,1.1428,14,0
IWM190913P155,2019-09-11,2019-09-11 09:33:12,1.54,1.1578,44,1.52,1.1428,4,1.35,1.015,8,1.53,1.1503,14,0
IWM190913P155,2019-09-11,2019-09-11 09:33:13,1.54,1.1578,31,1.52,1.1428,37,1.35,1.015,8,1.53,1.1503,14,0
IWM190913P155,2019-09-11,2019-09-11 09:33:13,1.54,1.1578,44,1.52,1.1428,30,1.35,1.015,8,1.53,1.1503,14,0
IWM190913P155,2019-09-11,2019-09-11 09:33:14,1.55,1.1654,55,1.52,1.1428,55,1.35,1.015,8,1.535,1.1541,14,0
IWM190913P155,2019-09-11,2019-09-11 09:33:14,1.56,1.1729,197,1.54,1.1578,4,1.35,1.015,8,1.55,1.1654,14,0
IWM190913P155,2019-09-11,2019-09-11 09:33:15,1.55,1.1654,131,1.52,1.1428,42,1.35,1.015,8,1.535,1.1541,14,0
IWM190913P155,2019-09-11,2019-09-11 09:33:16,1.55,1.1654,42,1.53,1.1503,63,1.35,1.015,8,1.54,1.1578,14,0
IWM190913P155,2019-09-11,2019-09-11 09:33:16,1.55,1.1654,10,1.54,1.1578,34,1.35,1.015,8,1.545,1.1616,14,0
IWM190913P155,2019-09-11,2019-09-11 09:33:17,1.56,1.1729,10,1.54,1.1578,79,1.35,1.015,8,1.55,1.1654,14,0
IWM190913P155,2019-09-11,2019-09-11 09:33:17,1.55,1.1654,2,1.54,1.1578,47,1.35,1.015,8,1.545,1.1616,14,0
IWM190913P155,2019-09-11,2019-09-11 09:33:18,1.55,1.1654,22,1.53,1.1503,42,1.35,1.015,8,1.54,1.1578,14,0
IWM190913P155,2019-09-11,2019-09-11 09:33:18,1.55,1.1654,38,1.53,1.1503,58,1.35,1.015,8,1.54,1.1578,14,0
IWM190913P155,2019-09-11,2019-09-11 09:33:19,1.56,1.1729,168,1.53,1.1503,22,1.35,1.015,8,1.545,1.1616,14,0
IWM190913P155,2019-09-11,2019-09-11 09:33:19,1.55,1.1654,10,1.54,1.1578,55,1.35,1.015,8,1.545,1.1616,14,0
IWM190913P155,2019-09-11,2019-09-11 09:33:20,1.56,1.1729,26,1.54,1.1578,4,1.35,1.015,8,1.55,1.1654,14,0
IWM190913P155,2019-09-11,2019-09-11 09:33:20,1.56,1.1729,177,1.53,1.1503,55,1.35,1.015,8,1.545,1.1616,14,0
IWM190913P155,2019-09-11,2019-09-11 09:33:21,1.55,1.1654,41,1.53,1.1503,38,1.35,1.015,8,1.54,1.1578,14,0
IWM190913P155,2019-09-11,2019-09-11 09:33:21,1.56,1.1729,146,1.54,1.1578,13,1.35,1.015,8,1.55,1.1654,14,0
IWM190913P155,2019-09-11,2019-09-11 09:33:22,1.54,1.1578,18,1.52,1.1428,48,1.35,1.015,8,1.53,1.1503,14,0
IWM190913P155,2019-09-11,2019-09-11 09:33:22,1.54,1.1578,10,1.52,1.1428,43,1.35,1.015,8,1.53,1.1503,14,0
IWM190913P155,2019-09-11,2019-09-11 09:33:23,1.52,1.1428,54,1.5,1.1278,39,1.35,1.015,8,1.51,1.1353,14,0
IWM190913P155,2019-09-11,2019-09-11 09:33:23,1.52,1.1428,41,1.5,1.1278,42,1.35,1.015,8,1.51,1.1353,14,0
IWM190913P155,2019-09-11,2019-09-11 09:33:24,1.5,1.1278,58,1.48,1.1127,24,1.5,1.1278,8,1.49,1.1203,22,0
IWM190913P155,2019-09-11,2019-09-11 09:33:24,1.51,1.1353,54,1.48,1.1127,17,1.5,1.1278,8,1.495,1.124,22,8
IWM190913P155,2019-09-11,2019-09-11 09:33:25,1.5,1.1278,197,1.47,1.1052,54,1.5,1.1278,8,1.485,1.1165,22,0
IWM190913P155,2019-09-11,2019-09-11 09:33:25,1.5,1.1278,41,1.48,1.1127,55,1.5,1.1278,8,1.49,1.1203,22,0
IWM190913P155,2019-09-11,2019-09-11 09:33:26,1.51,1.1353,41,1.49,1.1203,32,1.5,1.1278,8,1.5,1.1278,22,0
IWM190913P155,2019-09-11,2019-09-11 09:33:26,1.5,1.1278,41,1.48,1.1127,60,1.5,1.1278,8,1.49,1.1203,22,0
IWM190913P155,2019-09-11,2019-09-11 09:33:27,1.52,1.1428,12,1.5,1.1278,24,1.5,1.1278,8,1.51,1.1353,22,0
IWM190913P155,2019-09-11,2019-09-11 09:33:27,1.52,1.1428,156,1.5,1.1278,5,1.5,1.1278,8,1.51,1.1353,22,0
IWM190913P155,2019-09-11,2019-09-11 09:33:28,1.54,1.1578,156,1.52,1.1428,5,1.5,1.1278,8,1.53,1.1503,22,0
IWM190913P155,2019-09-11,2019-09-11 09:33:28,1.52,1.1428,12,1.5,1.1278,24,1.5,1.1278,8,1.51,1.1353,22,0
IWM190913P155,2019-09-11,2019-09-11 09:33:29,1.54,1.1578,54,1.52,1.1428,41,1.5,1.1278,8,1.53,1.1503,22,0
IWM190913P155,2019-09-11,2019-09-11 09:33:29,1.55,1.1654,146,1.53,1.1503,40,1.5,1.1278,8,1.54,1.1578,22,0
IWM190913P155,2019-09-11,2019-09-11 09:33:30,1.54,1.1578,77,1.51,1.1353,13,1.5,1.1278,8,1.525,1.1466,22,0
IWM190913P155,2019-09-11,2019-09-11 09:33:31,1.57,1.1804,28,1.55,1.1654,58,1.5,1.1278,8,1.56,1.1729,22,0
IWM190913P155,2019-09-11,2019-09-11 09:33:31,1.54,1.1578,54,1.52,1.1428,54,1.5,1.1278,8,1.53,1.1503,22,0
IWM190913P155,2019-09-11,2019-09-11 09:33:32,1.56,1.1729,53,1.54,1.1578,26,1.5,1.1278,8,1.55,1.1654,22,0
IWM190913P155,2019-09-11,2019-09-11 09:33:32,1.56,1.1729,156,1.53,1.1503,60,1.5,1.1278,8,1.545,1.1616,22,0
IWM190913P155,2019-09-11,2019-09-11 09:33:33,1.57,1.1804,53,1.56,1.1729,47,1.5,1.1278,8,1.565,1.1766,22,0
IWM190913P155,2019-09-11,2019-09-11 09:33:33,1.58,1.1879,53,1.56,1.1729,47,1.5,1.1278,8,1.57,1.1804,22,0
IWM190913P155,2019-09-11,2019-09-11 09:33:34,1.59,1.1954,31,1.57,1.1804,53,1.5,1.1278,8,1.58,1.1879,22,0
IWM190913P155,2019-09-11,2019-09-11 09:33:34,1.58,1.1879,222,1.55,1.1654,48,1.5,1.1278,8,1.565,1.1766,22,0
IWM190913P155,2019-09-11,2019-09-11 09:33:35,1.58,1.1879,204,1.55,1.1654,52,1.5,1.1278,8,1.565,1.1766,22,0
IWM190913P155,2019-09-11,2019-09-11 09:33:35,1.54,1.1578,13,1.51,1.1353,14,1.5,1.1278,8,1.525,1.1466,22,0
IWM190913P155,2019-09-11,2019-09-11 09:33:36,1.54,1.1578,160,1.51,1.1353,13,1.5,1.1278,8,1.525,1.1466,22,0
IWM190913P155,2019-09-11,2019-09-11 09:33:36,1.53,1.1503,197,1.5,1.1278,53,1.5,1.1278,8,1.515,1.139,22,0
IWM190913P155,2019-09-11,2019-09-11 09:33:37,1.55,1.1654,13,1.52,1.1428,15,1.5,1.1278,8,1.535,1.1541,22,0
IWM190913P155,2019-09-11,2019-09-11 09:33:38,1.55,1.1654,19,1.52,1.1428,43,1.5,1.1278,8,1.535,1.1541,22,0
IWM190913P155,2019-09-11,2019-09-11 09:33:38,1.55,1.1654,13,1.53,1.1503,41,1.5,1.1278,8,1.54,1.1578,22,0
IWM190913P155,2019-09-11,2019-09-11 09:33:39,1.53,1.1503,190,1.5,1.1278,66,1.5,1.1278,8,1.515,1.139,22,0
IWM190913P155,2019-09-11,2019-09-11 09:33:39,1.53,1.1503,165,1.5,1.1278,49,1.5,1.1278,8,1.515,1.139,22,0
IWM190913P155,2019-09-11,2019-09-11 09:33:40,1.53,1.1503,190,1.5,1.1278,54,1.5,1.1278,8,1.515,1.139,22,0
IWM190913P155,2019-09-11,2019-09-11 09:33:40,1.52,1.1428,149,1.5,1.1278,49,1.5,1.1278,8,1.51,1.1353,22,0
IWM190913P155,2019-09-11,2019-09-11 09:33:41,1.52,1.1428,149,1.49,1.1203,51,1.5,1.1278,8,1.505,1.1315,22,0
IWM190913P155,2019-09-11,2019-09-11 09:33:41,1.52,1.1428,50,1.49,1.1203,54,1.5,1.1278,8,1.505,1.1315,22,0
IWM190913P155,2019-09-11,2019-09-11 09:33:42,1.53,1.1503,149,1.5,1.1278,59,1.5,1.1278,8,1.515,1.139,22,0
IWM190913P155,2019-09-11,2019-09-11 09:33:42,1.52,1.1428,28,1.5,1.1278,44,1.5,1.1278,8,1.51,1.1353,22,0
IWM190913P155,2019-09-11,2019-09-11 09:33:43,1.53,1.1503,187,1.5,1.1278,59,1.5,1.1278,8,1.515,1.139,22,0
IWM190913P155,2019-09-11,2019-09-11 09:33:44,1.52,1.1428,5,1.5,1.1278,59,1.5,1.1278,8,1.51,1.1353,22,0
IWM190913P155,2019-09-11,2019-09-11 09:33:44,1.54,1.1578,161,1.51,1.1353,53,1.53,1.1503,1,1.525,1.1466,38,16
IWM190913P155,2019-09-11,2019-09-11 09:33:45,1.56,1.1729,136,1.53,1.1503,13,1.53,1.1503,1,1.545,1.1616,38,0
IWM190913P155,2019-09-11,2019-09-11 09:33:45,1.56,1.1729,13,1.53,1.1503,14,1.53,1.1503,1,1.545,1.1616,38,0
IWM190913P155,2019-09-11,2019-09-11 09:33:46,1.55,1.1654,150,1.52,1.1428,53,1.53,1.1503,1,1.535,1.1541,38,0
IWM190913P155,2019-09-11,2019-09-11 09:33:46,1.55,1.1654,145,1.53,1.1503,53,1.53,1.1503,1,1.54,1.1578,38,0
IWM190913P155,2019-09-11,2019-09-11 09:33:47,1.56,1.1729,183,1.53,1.1503,40,1.53,1.1503,1,1.545,1.1616,38,0
IWM190913P155,2019-09-11,2019-09-11 09:33:47,1.57,1.1804,149,1.54,1.1578,16,1.53,1.1503,1,1.555,1.1691,38,0
IWM190913P155,2019-09-11,2019-09-11 09:33:48,1.57,1.1804,140,1.54,1.1578,16,1.53,1.1503,1,1.555,1.1691,38,0
IWM190913P155,2019-09-11,2019-09-11 09:33:49,1.57,1.1804,140,1.54,1.1578,3,1.53,1.1503,1,1.555,1.1691,38,0
IWM190913P155,2019-09-11,2019-09-11 09:33:50,1.56,1.1729,23,1.54,1.1578,3,1.53,1.1503,1,1.55,1.1654,38,0
IWM190913P155,2019-09-11,2019-09-11 09:33:50,1.57,1.1804,161,1.54,1.1578,17,1.53,1.1503,1,1.555,1.1691,38,0
IWM190913P155,2019-09-11,2019-09-11 09:33:51,1.57,1.1804,200,1.54,1.1578,45,1.53,1.1503,1,1.555,1.1691,38,0
IWM190913P155,2019-09-11,2019-09-11 09:33:52,1.57,1.1804,52,1.54,1.1578,50,1.53,1.1503,1,1.555,1.1691,38,0
IWM190913P155,2019-09-11,2019-09-11 09:33:52,1.57,1.1804,160,1.54,1.1578,46,1.53,1.1503,1,1.555,1.1691,38,0
IWM190913P155,2019-09-11,2019-09-11 09:33:53,1.57,1.1804,136,1.54,1.1578,30,1.53,1.1503,1,1.555,1.1691,38,0
IWM190913P155,2019-09-11,2019-09-11 09:33:53,1.57,1.1804,243,1.54,1.1578,45,1.53,1.1503,1,1.555,1.1691,38,0
IWM190913P155,2019-09-11,2019-09-11 09:33:54,1.55,1.1654,13,1.52,1.1428,28,1.53,1.1503,1,1.535,1.1541,38,0
IWM190913P155,2019-09-11,2019-09-11 09:33:54,1.57,1.1804,13,1.54,1.1578,44,1.53,1.1503,1,1.555,1.1691,38,0
IWM190913P155,2019-09-11,2019-09-11 09:33:55,1.54,1.1578,187,1.51,1.1353,39,1.53,1.1503,1,1.525,1.1466,38,0
IWM190913P155,2019-09-11,2019-09-11 09:33:55,1.53,1.1503,36,1.51,1.1353,35,1.53,1.1503,1,1.52,1.1428,38,0
IWM190913P155,2019-09-11,2019-09-11 09:33:56,1.53,1.1503,172,1.51,1.1353,17,1.53,1.1503,1,1.52,1.1428,38,0
IWM190913P155,2019-09-11,2019-09-11 09:33:56,1.53,1.1503,52,1.5,1.1278,30,1.53,1.1503,1,1.515,1.139,38,0
IWM190913P155,2019-09-11,2019-09-11 09:33:58,1.53,1.1503,27,1.5,1.1278,95,1.53,1.1503,1,1.515,1.139,38,0
IWM190913P155,2019-09-11,2019-09-11 09:33:58,1.54,1.1578,13,1.51,1.1353,53,1.53,1.1503,1,1.525,1.1466,38,0
IWM190913P155,2019-09-11,2019-09-11 09:33:59,1.54,1.1578,39,1.52,1.1428,52,1.53,1.1503,1,1.53,1.1503,38,0
IWM190913P155,2019-09-11,2019-09-11 09:33:59,1.55,1.1654,52,1.52,1.1428,66,1.53,1.1503,1,1.535,1.1541,38,0
IWM190913P155,2019-09-11,2019-09-11 09:34:00,1.57,1.1804,42,1.54,1.1578,90,1.53,1.1503,1,1.555,1.1691,38,0
IWM190913P155,2019-09-11,2019-09-11 09:34:00,1.56,1.1729,13,1.54,1.1578,52,1.53,1.1503,1,1.55,1.1654,38,0
IWM190913P155,2019-09-11,2019-09-11 09:34:01,1.6,1.203,32,1.57,1.1804,52,1.53,1.1503,1,1.585,1.1917,38,0
IWM190913P155,2019-09-11,2019-09-11 09:34:01,1.59,1.1954,37,1.56,1.1729,95,1.53,1.1503,1,1.575,1.1842,38,0
IWM190913P155,2019-09-11,2019-09-11 09:34:02,1.6,1.203,49,1.57,1.1804,52,1.53,1.1503,1,1.585,1.1917,38,0
IWM190913P155,2019-09-11,2019-09-11 09:34:02,1.6,1.203,49,1.57,1.1804,58,1.53,1.1503,1,1.585,1.1917,38,0
IWM190913P155,2019-09-11,2019-09-11 09:34:03,1.6,1.203,10,1.58,1.1879,39,1.53,1.1503,1,1.59,1.1954,38,0
IWM190913P155,2019-09-11,2019-09-11 09:34:03,1.61,1.2105,39,1.59,1.1954,52,1.53,1.1503,1,1.6,1.203,38,0
IWM190913P155,2019-09-11,2019-09-11 09:34:04,1.6,1.203,52,1.58,1.1879,22,1.53,1.1503,1,1.59,1.1954,38,0
IWM190913P155,2019-09-11,2019-09-11 09:34:04,1.62,1.218,52,1.59,1.1954,52,1.53,1.1503,1,1.605,1.2067,38,0
IWM190913P155,2019-09-11,2019-09-11 09:34:05,1.64,1.233,13,1.59,1.1954,18,1.53,1.1503,1,1.615,1.2142,38,0
IWM190913P155,2019-09-11,2019-09-11 09:34:06,1.64,1.233,51,1.61,1.2105,51,1.53,1.1503,1,1.625,1.2218,38,0
IWM190913P155,2019-09-11,2019-09-11 09:34:06,1.64,1.233,13,1.6,1.203,13,1.53,1.1503,1,1.62,1.218,38,0
IWM190913P155,2019-09-11,2019-09-11 09:34:07,1.64,1.233,51,1.62,1.218,38,1.53,1.1503,1,1.63,1.2255,38,0
IWM190913P155,2019-09-11,2019-09-11 09:34:07,1.64,1.233,51,1.61,1.2105,72,1.53,1.1503,1,1.625,1.2218,38,0
IWM190913P155,2019-09-11,2019-09-11 09:34:08,1.62,1.218,6,1.59,1.1954,51,1.53,1.1503,1,1.605,1.2067,38,0
IWM190913P155,2019-09-11,2019-09-11 09:34:08,1.61,1.2105,16,1.59,1.1954,38,1.53,1.1503,1,1.6,1.203,38,0
IWM190913P155,2019-09-11,2019-09-11 09:34:09,1.61,1.2105,16,1.58,1.1879,39,1.53,1.1503,1,1.595,1.1992,38,0
IWM190913P155,2019-09-11,2019-09-11 09:34:09,1.6,1.203,51,1.58,1.1879,26,1.53,1.1503,1,1.59,1.1954,38,0
IWM190913P155,2019-09-11,2019-09-11 09:34:10,1.59,1.1954,13,1.57,1.1804,38,1.53,1.1503,1,1.58,1.1879,38,0
IWM190913P155,2019-09-11,2019-09-11 09:34:10,1.6,1.203,51,1.57,1.1804,58,1.53,1.1503,1,1.585,1.1917,38,0
IWM190913P155,2019-09-11,2019-09-11 09:34:11,1.58,1.1879,51,1.56,1.1729,1,1.53,1.1503,1,1.57,1.1804,38,0
IWM190913P155,2019-09-11,2019-09-11 09:34:12,1.59,1.1954,51,1.57,1.1804,38,1.53,1.1503,1,1.58,1.1879,38,0
IWM190913P155,2019-09-11,2019-09-11 09:34:12,1.6,1.203,30,1.57,1.1804,71,1.53,1.1503,1,1.585,1.1917,38,0
IWM190913P155,2019-09-11,2019-09-11 09:34:13,1.59,1.1954,51,1.56,1.1729,61,1.53,1.1503,1,1.575,1.1842,38,0
IWM190913P155,2019-09-11,2019-09-11 09:34:13,1.59,1.1954,50,1.56,1.1729,36,1.53,1.1503,1,1.575,1.1842,38,0
IWM190913P155,2019-09-11,2019-09-11 09:34:14,1.61,1.2105,43,1.59,1.1954,37,1.53,1.1503,1,1.6,1.203,38,0
IWM190913P155,2019-09-11,2019-09-11 09:34:14,1.61,1.2105,33,1.58,1.1879,75,1.53,1.1503,1,1.595,1.1992,38,0
IWM190913P155,2019-09-11,2019-09-11 09:34:15,1.62,1.218,16,1.6,1.203,50,1.53,1.1503,1,1.61,1.2105,38,0
IWM190913P155,2019-09-11,2019-09-11 09:34:16,1.61,1.2105,50,1.59,1.1954,37,1.53,1.1503,1,1.6,1.203,38,0
IWM190913P155,2019-09-11,2019-09-11 09:34:16,1.6,1.203,50,1.57,1.1804,45,1.53,1.1503,1,1.585,1.1917,38,0
IWM190913P155,2019-09-11,2019-09-11 09:34:17,1.6,1.203,13,1.57,1.1804,45,1.53,1.1503,1,1.585,1.1917,38,0
IWM190913P155,2019-09-11,2019-09-11 09:34:17,1.61,1.2105,13,1.58,1.1879,50,1.53,1.1503,1,1.595,1.1992,38,0
IWM190913P155,2019-09-11,2019-09-11 09:34:18,1.6,1.203,13,1.58,1.1879,37,1.53,1.1503,1,1.59,1.1954,38,0
IWM190913P155,2019-09-11,2019-09-11 09:34:18,1.61,1.2105,13,1.58,1.1879,50,1.53,1.1503,1,1.595,1.1992,38,0
IWM190913P155,2019-09-11,2019-09-11 09:34:19,1.59,1.1954,13,1.56,1.1729,50,1.53,1.1503,1,1.575,1.1842,38,0
IWM190913P155,2019-09-11,2019-09-11 09:34:19,1.59,1.1954,50,1.56,1.1729,56,1.53,1.1503,1,1.575,1.1842,38,0
IWM190913P155,2019-09-11,2019-09-11 09:34:20,1.59,1.1954,50,1.56,1.1729,69,1.53,1.1503,1,1.575,1.1842,38,0
IWM190913P155,2019-09-11,2019-09-11 09:34:20,1.59,1.1954,50,1.56,1.1729,56,1.53,1.1503,1,1.575,1.1842,38,0
IWM190913P155,2019-09-11,2019-09-11 09:34:21,1.6,1.203,13,1.57,1.1804,55,1.53,1.1503,1,1.585,1.1917,38,0
IWM190913P155,2019-09-11,2019-09-11 09:34:21,1.59,1.1954,50,1.56,1.1729,50,1.53,1.1503,1,1.575,1.1842,38,0
IWM190913P155,2019-09-11,2019-09-11 09:34:22,1.59,1.1954,50,1.57,1.1804,37,1.53,1.1503,1,1.58,1.1879,38,0
IWM190913P155,2019-09-11,2019-09-11 09:34:22,1.59,1.1954,49,1.56,1.1729,49,1.53,1.1503,1,1.575,1.1842,38,0
IWM190913P155,2019-09-11,2019-09-11 09:34:23,1.59,1.1954,26,1.56,1.1729,29,1.53,1.1503,1,1.575,1.1842,38,0
IWM190913P155,2019-09-11,2019-09-11 09:34:24,1.59,1.1954,23,1.56,1.1729,42,1.53,1.1503,1,1.575,1.1842,38,0
IWM190913P155,2019-09-11,2019-09-11 09:34:25,1.59,1.1954,68,1.56,1.1729,29,1.53,1.1503,1,1.575,1.1842,38,0
IWM190913P155,2019-09-11,2019-09-11 09:34:25,1.6,1.203,49,1.57,1.1804,49,1.53,1.1503,1,1.585,1.1917,38,0
IWM190913P155,2019-09-11,2019-09-11 09:34:26,1.6,1.203,49,1.57,1.1804,36,1.53,1.1503,1,1.585,1.1917,38,0
IWM190913P155,2019-09-11,2019-09-11 09:34:26,1.6,1.203,31,1.57,1.1804,74,1.53,1.1503,1,1.585,1.1917,38,0
IWM190913P155,2019-09-11,2019-09-11 09:34:27,1.59,1.1954,29,1.57,1.1804,61,1.53,1.1503,1,1.58,1.1879,38,0
IWM190913P155,2019-09-11,2019-09-11 09:34:27,1.6,1.203,45,1.57,1.1804,74,1.53,1.1503,1,1.585,1.1917,38,0
IWM190913P155,2019-09-11,2019-09-11 09:34:28,1.57,1.1804,49,1.54,1.1578,38,1.53,1.1503,1,1.555,1.1691,38,0
IWM190913P155,2019-09-11,2019-09-11 09:34:28,1.59,1.1954,29,1.57,1.1804,36,1.53,1.1503,1,1.58,1.1879,38,0
IWM190913P155,2019-09-11,2019-09-11 09:34:29,1.57,1.1804,49,1.54,1.1578,49,1.53,1.1503,1,1.555,1.1691,38,0
IWM190913P155,2019-09-11,2019-09-11 09:34:29,1.57,1.1804,49,1.54,1.1578,38,1.53,1.1503,1,1.555,1.1691,38,0
IWM190913P155,2019-09-11,2019-09-11 09:34:30,1.55,1.1654,22,1.52,1.1428,81,1.53,1.1503,1,1.535,1.1541,38,0
IWM190913P155,2019-09-11,2019-09-11 09:34:30,1.57,1.1804,49,1.54,1.1578,57,1.53,1.1503,1,1.555,1.1691,38,0
IWM190913P155,2019-09-11,2019-09-11 09:34:31,1.55,1.1654,22,1.52,1.1428,101,1.53,1.1503,1,1.535,1.1541,38,0
IWM190913P155,2019-09-11,2019-09-11 09:34:31,1.55,1.1654,24,1.53,1.1503,36,1.53,1.1503,1,1.54,1.1578,38,0
IWM190913P155,2019-09-11,2019-09-11 09:34:32,1.55,1.1654,61,1.52,1.1428,49,1.53,1.1503,1,1.535,1.1541,38,0
IWM190913P155,2019-09-11,2019-09-11 09:34:33,1.56,1.1729,48,1.53,1.1503,48,1.53,1.1503,1,1.545,1.1616,38,0
IWM190913P155,2019-09-11,2019-09-11 09:34:33,1.56,1.1729,30,1.53,1.1503,48,1.53,1.1503,1,1.545,1.1616,38,0
IWM190913P155,2019-09-11,2019-09-11 09:34:34,1.56,1.1729,48,1.53,1.1503,61,1.53,1.1503,1,1.545,1.1616,38,0
IWM190913P155,2019-09-11,2019-09-11 09:34:34,1.55,1.1654,20,1.53,1.1503,35,1.53,1.1503,1,1.54,1.1578,38,0
IWM190913P155,2019-09-11,2019-09-11 09:34:35,1.58,1.1879,48,1.56,1.1729,48,1.53,1.1503,1,1.57,1.1804,38,0
IWM190913P155,2019-09-11,2019-09-11 09:34:35,1.56,1.1729,48,1.53,1.1503,48,1.53,1.1503,1,1.545,1.1616,38,0
IWM190913P155,2019-09-11,2019-09-11 09:34:36,1.58,1.1879,48,1.56,1.1729,48,1.53,1.1503,1,1.57,1.1804,38,0
IWM190913P155,2019-09-11,2019-09-11 09:34:36,1.59,1.1954,48,1.56,1.1729,48,1.53,1.1503,1,1.575,1.1842,38,0
IWM190913P155,2019-09-11,2019-09-11 09:34:37,1.59,1.1954,61,1.56,1.1729,59,1.53,1.1503,1,1.575,1.1842,38,0
IWM190913P155,2019-09-11,2019-09-11 09:34:37,1.58,1.1879,13,1.56,1.1729,59,1.53,1.1503,1,1.57,1.1804,38,0
IWM190913P155,2019-09-11,2019-09-11 09:34:38,1.56,1.1729,1,1.56,1.1729,59,1.56,1.1729,35,1.56,1.1729,73,35
IWM190913P155,2019-09-11,2019-09-11 09:34:39,1.57,1.1804,13,1.56,1.1729,59,1.56,1.1729,35,1.565,1.1766,73,0
IWM190913P155,2019-09-11,2019-09-11 09:34:39,1.57,1.1804,35,1.55,1.1654,13,1.56,1.1729,35,1.56,1.1729,73,0
IWM190913P155,2019-09-11,2019-09-11 09:34:40,1.57,1.1804,35,1.55,1.1654,13,1.56,1.1729,35,1.56,1.1729,73,0
IWM190913P155,2019-09-11,2019-09-11 09:34:40,1.57,1.1804,48,1.55,1.1654,6,1.56,1.1729,35,1.56,1.1729,73,0
IWM190913P155,2019-09-11,2019-09-11 09:34:41,1.58,1.1879,48,1.56,1.1729,28,1.56,1.1729,35,1.57,1.1804,73,0
IWM190913P155,2019-09-11,2019-09-11 09:34:41,1.58,1.1879,48,1.55,1.1654,68,1.56,1.1729,35,1.565,1.1766,73,0
IWM190913P155,2019-09-11,2019-09-11 09:34:42,1.6,1.203,32,1.57,1.1804,47,1.56,1.1729,35,1.585,1.1917,73,0
IWM190913P155,2019-09-11,2019-09-11 09:34:42,1.58,1.1879,35,1.56,1.1729,42,1.56,1.1729,35,1.57,1.1804,73,0
IWM190913P155,2019-09-11,2019-09-11 09:34:43,1.6,1.203,45,1.58,1.1879,32,1.56,1.1729,35,1.59,1.1954,73,0
IWM190913P155,2019-09-11,2019-09-11 09:34:43,1.6,1.203,45,1.58,1.1879,21,1.56,1.1729,35,1.59,1.1954,73,0
IWM190913P155,2019-09-11,2019-09-11 09:34:44,1.6,1.203,45,1.57,1.1804,42,1.56,1.1729,35,1.585,1.1917,73,0
IWM190913P155,2019-09-11,2019-09-11 09:34:44,1.6,1.203,32,1.58,1.1879,28,1.56,1.1729,35,1.59,1.1954,73,0
IWM190913P155,2019-09-11,2019-09-11 09:34:45,1.61,1.2105,20,1.59,1.1954,34,1.56,1.1729,35,1.6,1.203,73,0
IWM190913P155,2019-09-11,2019-09-11 09:34:46,1.6,1.203,34,1.58,1.1879,36,1.56,1.1729,35,1.59,1.1954,73,0
IWM190913P155,2019-09-11,2019-09-11 09:34:46,1.6,1.203,47,1.58,1.1879,23,1.56,1.1729,35,1.59,1.1954,73,0
IWM190913P155,2019-09-11,2019-09-11 09:34:47,1.61,1.2105,18,1.59,1.1954,15,1.56,1.1729,35,1.6,1.203,73,0
IWM190913P155,2019-09-11,2019-09-11 09:34:47,1.61,1.2105,13,1.57,1.1804,13,1.56,1.1729,35,1.59,1.1954,73,0
IWM190913P155,2019-09-11,2019-09-11 09:34:48,1.61,1.2105,13,1.57,1.1804,13,1.56,1.1729,35,1.59,1.1954,73,0
IWM190913P155,2019-09-11,2019-09-11 09:34:48,1.59,1.1954,42,1.57,1.1804,23,1.56,1.1729,35,1.58,1.1879,73,0
IWM190913P155,2019-09-11,2019-09-11 09:34:49,1.59,1.1954,29,1.57,1.1804,36,1.56,1.1729,35,1.58,1.1879,73,0
IWM190913P155,2019-09-11,2019-09-11 09:34:49,1.59,1.1954,42,1.57,1.1804,23,1.56,1.1729,35,1.58,1.1879,73,0
IWM190913P155,2019-09-11,2019-09-11 09:34:50,1.6,1.203,16,1.58,1.1879,75,1.56,1.1729,35,1.59,1.1954,73,0
IWM190913P155,2019-09-11,2019-09-11 09:34:50,1.59,1.1954,42,1.57,1.1804,23,1.56,1.1729,35,1.58,1.1879,73,0
IWM190913P155,2019-09-11,2019-09-11 09:34:51,1.62,1.218,23,1.59,1.1954,47,1.56,1.1729,35,1.605,1.2067,73,0
IWM190913P155,2019-09-11,2019-09-11 09:34:51,1.61,1.2105,26,1.59,1.1954,47,1.56,1.1729,35,1.6,1.203,73,0
IWM190913P155,2019-09-11,2019-09-11 09:34:52,1.62,1.218,23,1.59,1.1954,46,1.56,1.1729,35,1.605,1.2067,73,0
IWM190913P155,2019-09-11,2019-09-11 09:34:52,1.62,1.218,23,1.59,1.1954,51,1.56,1.1729,35,1.605,1.2067,73,0
IWM190913P155,2019-09-11,2019-09-11 09:34:53,1.62,1.218,23,1.6,1.203,33,1.56,1.1729,35,1.61,1.2105,73,0
IWM190913P155,2019-09-11,2019-09-11 09:34:53,1.62,1.218,60,1.6,1.203,33,1.56,1.1729,35,1.61,1.2105,73,0
IWM190913P155,2019-09-11,2019-09-11 09:34:54,1.61,1.2105,46,1.58,1.1879,33,1.56,1.1729,35,1.595,1.1992,73,0
IWM190913P155,2019-09-11,2019-09-11 09:34:55,1.61,1.2105,46,1.58,1.1879,33,1.56,1.1729,35,1.595,1.1992,73,0
IWM190913P155,2019-09-11,2019-09-11 09:34:56,1.61,1.2105,46,1.58,1.1879,46,1.56,1.1729,35,1.595,1.1992,73,0
IWM190913P155,2019-09-11,2019-09-11 09:34:57,1.61,1.2105,33,1.58,1.1879,51,1.56,1.1729,35,1.595,1.1992,73,0
IWM190913P155,2019-09-11,2019-09-11 09:34:57,1.6,1.203,45,1.58,1.1879,33,1.56,1.1729,35,1.59,1.1954,73,0
IWM190913P155,2019-09-11,2019-09-11 09:34:58,1.6,1.203,45,1.58,1.1879,33,1.56,1.1729,35,1.59,1.1954,73,0
IWM190913P155,2019-09-11,2019-09-11 09:34:58,1.61,1.2105,35,1.58,1.1879,52,1.56,1.1729,35,1.595,1.1992,73,0
IWM190913P155,2019-09-11,2019-09-11 09:34:59,1.61,1.2105,13,1.58,1.1879,24,1.56,1.1729,35,1.595,1.1992,73,0
IWM190913P155,2019-09-11,2019-09-11 09:34:59,1.62,1.218,13,1.59,1.1954,13,1.56,1.1729,35,1.605,1.2067,73,0
IWM190913P155,2019-09-11,2019-09-11 09:35:00,1.62,1.218,46,1.58,1.1879,24,1.56,1.1729,35,1.6,1.203,73,0
IWM190913P155,2019-09-11,2019-09-11 09:35:00,1.63,1.2255,30,1.6,1.203,27,1.56,1.1729,35,1.615,1.2142,73,0
IWM190913P155,2019-09-11,2019-09-11 09:35:01,1.64,1.233,60,1.61,1.2105,46,1.56,1.1729,35,1.625,1.2218,73,0
IWM190913P155,2019-09-11,2019-09-11 09:35:01,1.64,1.233,24,1.62,1.218,33,1.56,1.1729,35,1.63,1.2255,73,0
IWM190913P155,2019-09-11,2019-09-11 09:35:02,1.64,1.233,46,1.62,1.218,23,1.56,1.1729,35,1.63,1.2255,73,0
IWM190913P155,2019-09-11,2019-09-11 09:35:02,1.64,1.233,24,1.62,1.218,33,1.56,1.1729,35,1.63,1.2255,73,0
IWM190913P155,2019-09-11,2019-09-11 09:35:03,1.65,1.2406,23,1.63,1.2255,33,1.56,1.1729,35,1.64,1.233,73,0
IWM190913P155,2019-09-11,2019-09-11 09:35:03,1.65,1.2406,12,1.63,1.2255,13,1.56,1.1729,35,1.64,1.233,73,0
IWM190913P155,2019-09-11,2019-09-11 09:35:04,1.64,1.233,34,1.61,1.2105,52,1.56,1.1729,35,1.625,1.2218,73,0
IWM190913P155,2019-09-11,2019-09-11 09:35:04,1.63,1.2255,56,1.61,1.2105,28,1.56,1.1729,35,1.62,1.218,73,0
IWM190913P155,2019-09-11,2019-09-11 09:35:05,1.66,1.2481,46,1.63,1.2255,72,1.56,1.1729,35,1.645,1.2368,73,0
IWM190913P155,2019-09-11,2019-09-11 09:35:05,1.65,1.2406,27,1.63,1.2255,46,1.56,1.1729,35,1.64,1.233,73,0
IWM190913P155,2019-09-11,2019-09-11 09:35:06,1.66,1.2481,46,1.63,1.2255,46,1.56,1.1729,35,1.645,1.2368,73,0
IWM190913P155,2019-09-11,2019-09-11 09:35:06,1.66,1.2481,46,1.63,1.2255,71,1.56,1.1729,35,1.645,1.2368,73,0
IWM190913P155,2019-09-11,2019-09-11 09:35:07,1.67,1.2556,20,1.64,1.233,69,1.56,1.1729,35,1.655,1.2443,73,0
IWM190913P155,2019-09-11,2019-09-11 09:35:07,1.66,1.2481,33,1.64,1.233,69,1.56,1.1729,35,1.65,1.2406,73,0
IWM190913P155,2019-09-11,2019-09-11 09:35:08,1.68,1.2631,60,1.65,1.2406,69,1.56,1.1729,35,1.665,1.2518,73,0
IWM190913P155,2019-09-11,2019-09-11 09:35:08,1.67,1.2556,7,1.64,1.233,75,1.56,1.1729,35,1.655,1.2443,73,0
IWM190913P155,2019-09-11,2019-09-11 09:35:09,1.67,1.2556,12,1.65,1.2406,82,1.56,1.1729,35,1.66,1.2481,73,0
IWM190913P155,2019-09-11,2019-09-11 09:35:10,1.69,1.2706,13,1.66,1.2481,13,1.56,1.1729,35,1.675,1.2593,73,0
IWM190913P155,2019-09-11,2019-09-11 09:35:10,1.68,1.2631,46,1.65,1.2406,60,1.56,1.1729,35,1.665,1.2518,73,0
IWM190913P155,2019-09-11,2019-09-11 09:35:11,1.73,1.3007,275,1.66,1.2481,1,1.56,1.1729,35,1.695,1.2744,73,0
IWM190913P155,2019-09-11,2019-09-11 09:35:11,1.72,1.2932,213,1.67,1.2556,96,1.56,1.1729,35,1.695,1.2744,73,0
IWM190913P155,2019-09-11,2019-09-11 09:35:12,1.69,1.2706,10,1.68,1.2631,33,1.68,1.2631,2,1.685,1.2669,75,2
IWM190913P155,2019-09-11,2019-09-11 09:35:12,1.69,1.2706,20,1.64,1.233,13,1.68,1.2631,2,1.665,1.2518,75,0
IWM190913P155,2019-09-11,2019-09-11 09:35:13,1.67,1.2556,13,1.64,1.233,18,1.68,1.2631,2,1.655,1.2443,75,0
IWM190913P155,2019-09-11,2019-09-11 09:35:13,1.67,1.2556,45,1.64,1.233,37,1.68,1.2631,2,1.655,1.2443,75,0
IWM190913P155,2019-09-11,2019-09-11 09:35:14,1.66,1.2481,32,1.64,1.233,24,1.68,1.2631,2,1.65,1.2406,75,0
IWM190913P155,2019-09-11,2019-09-11 09:35:14,1.66,1.2481,45,1.64,1.233,24,1.68,1.2631,2,1.65,1.2406,75,0
IWM190913P155,2019-09-11,2019-09-11 09:35:15,1.65,1.2406,45,1.63,1.2255,28,1.68,1.2631,2,1.64,1.233,75,0
IWM190913P155,2019-09-11,2019-09-11 09:35:15,1.66,1.2481,32,1.64,1.233,24,1.68,1.2631,2,1.65,1.2406,75,0
IWM190913P155,2019-09-11,2019-09-11 09:35:16,1.65,1.2406,45,1.63,1.2255,28,1.68,1.2631,2,1.64,1.233,75,0
IWM190913P155,2019-09-11,2019-09-11 09:35:16,1.65,1.2406,32,1.63,1.2255,65,1.68,1.2631,2,1.64,1.233,75,0
IWM190913P155,2019-09-11,2019-09-11 09:35:17,1.66,1.2481,45,1.64,1.233,32,1.68,1.2631,2,1.65,1.2406,75,0
IWM190913P155,2019-09-11,2019-09-11 09:35:17,1.66,1.2481,13,1.64,1.233,32,1.68,1.2631,2,1.65,1.2406,75,0
IWM190913P155,2019-09-11,2019-09-11 09:35:18,1.66,1.2481,32,1.64,1.233,45,1.68,1.2631,2,1.65,1.2406,75,0
IWM190913P155,2019-09-11,2019-09-11 09:35:18,1.66,1.2481,45,1.64,1.233,32,1.68,1.2631,2,1.65,1.2406,75,0
IWM190913P155,2019-09-11,2019-09-11 09:35:19,1.66,1.2481,45,1.64,1.233,32,1.68,1.2631,2,1.65,1.2406,75,0
IWM190913P155,2019-09-11,2019-09-11 09:35:20,1.66,1.2481,13,1.64,1.233,23,1.68,1.2631,2,1.65,1.2406,75,0
IWM190913P155,2019-09-11,2019-09-11 09:35:20,1.67,1.2556,58,1.65,1.2406,15,1.68,1.2631,2,1.66,1.2481,75,0
IWM190913P155,2019-09-11,2019-09-11 09:35:21,1.68,1.2631,17,1.65,1.2406,28,1.68,1.2631,2,1.665,1.2518,75,0
IWM190913P155,2019-09-11,2019-09-11 09:35:22,1.68,1.2631,17,1.65,1.2406,42,1.68,1.2631,2,1.665,1.2518,75,0
IWM190913P155,2019-09-11,2019-09-11 09:35:22,1.68,1.2631,45,1.65,1.2406,28,1.68,1.2631,2,1.665,1.2518,75,0
IWM190913P155,2019-09-11,2019-09-11 09:35:23,1.68,1.2631,45,1.65,1.2406,68,1.68,1.2631,2,1.665,1.2518,75,0
IWM190913P155,2019-09-11,2019-09-11 09:35:23,1.68,1.2631,32,1.65,1.2406,68,1.68,1.2631,2,1.665,1.2518,75,0
IWM190913P155,2019-09-11,2019-09-11 09:35:24,1.67,1.2556,32,1.65,1.2406,15,1.68,1.2631,2,1.66,1.2481,75,0
IWM190913P155,2019-09-11,2019-09-11 09:35:24,1.68,1.2631,45,1.65,1.2406,63,1.68,1.2631,2,1.665,1.2518,75,0
IWM190913P155,2019-09-11,2019-09-11 09:35:25,1.67,1.2556,32,1.65,1.2406,46,1.68,1.2631,2,1.66,1.2481,75,0
IWM190913P155,2019-09-11,2019-09-11 09:35:26,1.68,1.2631,43,1.65,1.2406,46,1.68,1.2631,2,1.665,1.2518,75,0
IWM190913P155,2019-09-11,2019-09-11 09:35:26,1.67,1.2556,14,1.65,1.2406,15,1.68,1.2631,2,1.66,1.2481,75,0
IWM190913P155,2019-09-11,2019-09-11 09:35:27,1.68,1.2631,43,1.65,1.2406,46,1.68,1.2631,2,1.665,1.2518,75,0
IWM190913P155,2019-09-11,2019-09-11 09:35:27,1.67,1.2556,14,1.65,1.2406,15,1.68,1.2631,2,1.66,1.2481,75,0
IWM190913P155,2019-09-11,2019-09-11 09:35:28,1.68,1.2631,43,1.65,1.2406,49,1.68,1.2631,2,1.665,1.2518,75,0
IWM190913P155,2019-09-11,2019-09-11 09:35:28,1.66,1.2481,44,1.64,1.233,31,1.68,1.2631,2,1.65,1.2406,75,0
IWM190913P155,2019-09-11,2019-09-11 09:35:29,1.66,1.2481,13,1.64,1.233,44,1.68,1.2631,2,1.65,1.2406,75,0
IWM190913P155,2019-09-11,2019-09-11 09:35:29,1.66,1.2481,26,1.64,1.233,31,1.68,1.2631,2,1.65,1.2406,75,0
IWM190913P155,2019-09-11,2019-09-11 09:35:30,1.67,1.2556,13,1.65,1.2406,56,1.66,1.2481,5,1.66,1.2481,80,5
IWM190913P155,2019-09-11,2019-09-11 09:35:30,1.67,1.2556,44,1.64,1.233,44,1.68,1.2631,2,1.655,1.2443,75,0
IWM190913P155,2019-09-11,2019-09-11 09:35:31,1.67,1.2556,13,1.64,1.233,21,1.66,1.2481,5,1.655,1.2443,80,0
IWM190913P155,2019-09-11,2019-09-11 09:35:31,1.66,1.2481,18,1.64,1.233,31,1.66,1.2481,5,1.65,1.2406,80,0
IWM190913P155,2019-09-11,2019-09-11 09:35:32,1.64,1.233,59,1.61,1.2105,35,1.66,1.2481,5,1.625,1.2218,80,0
IWM190913P155,2019-09-11,2019-09-11 09:35:32,1.65,1.2406,44,1.62,1.218,44,1.66,1.2481,5,1.635,1.2293,80,0
IWM190913P155,2019-09-11,2019-09-11 09:35:33,1.64,1.233,44,1.61,1.2105,48,1.66,1.2481,5,1.625,1.2218,80,0
IWM190913P155,2019-09-11,2019-09-11 09:35:33,1.63,1.2255,44,1.61,1.2105,35,1.66,1.2481,5,1.62,1.218,80,0
IWM190913P155,2019-09-11,2019-09-11 09:35:34,1.64,1.233,31,1.61,1.2105,72,1.66,1.2481,5,1.625,1.2218,80,0
IWM190913P155,2019-09-11,2019-09-11 09:35:35,1.64,1.233,31,1.61,1.2105,75,1.66,1.2481,5,1.625,1.2218,80,0
IWM190913P155,2019-09-11,2019-09-11 09:35:35,1.64,1.233,31,1.61,1.2105,72,1.66,1.2481,5,1.625,1.2218,80,0
IWM190913P155,2019-09-11,2019-09-11 09:35:36,1.64,1.233,31,1.61,1.2105,72,1.66,1.2481,5,1.625,1.2218,80,0
IWM190913P155,2019-09-11,2019-09-11 09:35:36,1.64,1.233,46,1.61,1.2105,95,1.66,1.2481,5,1.625,1.2218,80,0
IWM190913P155,2019-09-11,2019-09-11 09:35:37,1.64,1.233,59,1.61,1.2105,98,1.66,1.2481,5,1.625,1.2218,80,0
IWM190913P155,2019-09-11,2019-09-11 09:35:37,1.64,1.233,31,1.62,1.218,31,1.66,1.2481,5,1.63,1.2255,80,0
IWM190913P155,2019-09-11,2019-09-11 09:35:38,1.64,1.233,59,1.61,1.2105,98,1.66,1.2481,5,1.625,1.2218,80,0
IWM190913P155,2019-09-11,2019-09-11 09:35:39,1.64,1.233,31,1.62,1.218,44,1.66,1.2481,5,1.63,1.2255,80,0
IWM190913P155,2019-09-11,2019-09-11 09:35:40,1.65,1.2406,13,1.62,1.218,77,1.66,1.2481,5,1.635,1.2293,80,0
IWM190913P155,2019-09-11,2019-09-11 09:35:40,1.64,1.233,44,1.61,1.2105,44,1.66,1.2481,5,1.625,1.2218,80,0
IWM190913P155,2019-09-11,2019-09-11 09:35:41,1.66,1.2481,44,1.63,1.2255,54,1.66,1.2481,5,1.645,1.2368,80,0
IWM190913P155,2019-09-11,2019-09-11 09:35:41,1.67,1.2556,44,1.63,1.2255,76,1.66,1.2481,5,1.65,1.2406,80,0
IWM190913P155,2019-09-11,2019-09-11 09:35:42,1.65,1.2406,44,1.65,1.2406,31,1.66,1.2481,5,1.65,1.2406,80,0
IWM190913P155,2019-09-11,2019-09-11 09:35:42,1.68,1.2631,44,1.65,1.2406,44,1.66,1.2481,5,1.665,1.2518,80,0
IWM190913P155,2019-09-11,2019-09-11 09:35:43,1.65,1.2406,57,1.62,1.218,48,1.66,1.2481,5,1.635,1.2293,80,0
IWM190913P155,2019-09-11,2019-09-11 09:35:43,1.66,1.2481,195,1.62,1.218,25,1.66,1.2481,5,1.64,1.233,80,0
IWM190913P155,2019-09-11,2019-09-11 09:35:44,1.65,1.2406,59,1.63,1.2255,44,1.66,1.2481,5,1.64,1.233,80,0
IWM190913P155,2019-09-11,2019-09-11 09:35:44,1.67,1.2556,13,1.63,1.2255,54,1.66,1.2481,5,1.65,1.2406,80,0
IWM190913P155,2019-09-11,2019-09-11 09:35:45,1.66,1.2481,59,1.63,1.2255,79,1.66,1.2481,5,1.645,1.2368,80,0
IWM190913P155,2019-09-11,2019-09-11 09:35:45,1.66,1.2481,44,1.64,1.233,44,1.66,1.2481,5,1.65,1.2406,80,0
IWM190913P155,2019-09-11,2019-09-11 09:35:46,1.67,1.2556,23,1.64,1.233,62,1.66,1.2481,5,1.655,1.2443,80,0
IWM190913P155,2019-09-11,2019-09-11 09:35:46,1.66,1.2481,59,1.63,1.2255,91,1.66,1.2481,5,1.645,1.2368,80,0
IWM190913P155,2019-09-11,2019-09-11 09:35:47,1.68,1.2631,28,1.65,1.2406,77,1.66,1.2481,5,1.665,1.2518,80,0
IWM190913P155,2019-09-11,2019-09-11 09:35:48,1.68,1.2631,23,1.66,1.2481,31,1.66,1.2481,5,1.67,1.2556,80,0
IWM190913P155,2019-09-11,2019-09-11 09:35:49,1.66,1.2481,13,1.63,1.2255,25,1.66,1.2481,5,1.645,1.2368,80,0
IWM190913P155,2019-09-11,2019-09-11 09:35:49,1.67,1.2556,13,1.63,1.2255,35,1.66,1.2481,5,1.65,1.2406,80,0
IWM190913P155,2019-09-11,2019-09-11 09:35:50,1.67,1.2556,137,1.64,1.233,44,1.66,1.2481,5,1.655,1.2443,80,0
IWM190913P155,2019-09-11,2019-09-11 09:35:51,1.67,1.2556,24,1.65,1.2406,44,1.66,1.2481,5,1.66,1.2481,80,0
IWM190913P155,2019-09-11,2019-09-11 09:35:51,1.67,1.2556,37,1.65,1.2406,31,1.66,1.2481,5,1.66,1.2481,80,0
IWM190913P155,2019-09-11,2019-09-11 09:35:52,1.66,1.2481,44,1.64,1.233,44,1.66,1.2481,5,1.65,1.2406,80,0
IWM190913P155,2019-09-11,2019-09-11 09:35:52,1.64,1.233,23,1.62,1.218,44,1.66,1.2481,5,1.63,1.2255,80,0
IWM190913P155,2019-09-11,2019-09-11 09:35:53,1.63,1.2255,181,1.61,1.2105,29,1.66,1.2481,5,1.62,1.218,80,0
IWM190913P155,2019-09-11,2019-09-11 09:35:53,1.64,1.233,175,1.62,1.218,44,1.66,1.2481,5,1.63,1.2255,80,0
IWM190913P155,2019-09-11,2019-09-11 09:35:54,1.64,1.233,146,1.6,1.203,57,1.66,1.2481,5,1.62,1.218,80,0
IWM190913P155,2019-09-11,2019-09-11 09:35:54,1.63,1.2255,196,1.6,1.203,57,1.66,1.2481,5,1.615,1.2142,80,0
IWM190913P155,2019-09-11,2019-09-11 09:35:55,1.65,1.2406,180,1.62,1.218,44,1.66,1.2481,5,1.635,1.2293,80,0
IWM190913P155,2019-09-11,2019-09-11 09:35:55,1.64,1.233,25,1.62,1.218,31,1.66,1.2481,5,1.63,1.2255,80,0
IWM190913P155,2019-09-11,2019-09-11 09:35:56,1.65,1.2406,191,1.62,1.218,31,1.66,1.2481,5,1.635,1.2293,80,0
IWM190913P155,2019-09-11,2019-09-11 09:35:56,1.64,1.233,12,1.62,1.218,44,1.66,1.2481,5,1.63,1.2255,80,0
IWM190913P155,2019-09-11,2019-09-11 09:35:57,1.65,1.2406,13,1.63,1.2255,12,1.66,1.2481,5,1.64,1.233,80,0
IWM190913P155,2019-09-11,2019-09-11 09:35:57,1.66,1.2481,150,1.63,1.2255,13,1.66,1.2481,5,1.645,1.2368,80,0
IWM190913P155,2019-09-11,2019-09-11 09:35:58,1.65,1.2406,169,1.63,1.2255,44,1.66,1.2481,5,1.64,1.233,80,0
IWM190913P155,2019-09-11,2019-09-11 09:35:59,1.65,1.2406,150,1.63,1.2255,35,1.66,1.2481,5,1.64,1.233,80,0
IWM190913P155,2019-09-11,2019-09-11 09:35:59,1.65,1.2406,169,1.63,1.2255,44,1.66,1.2481,5,1.64,1.233,80,0
IWM190913P155,2019-09-11,2019-09-11 09:36:00,1.66,1.2481,187,1.64,1.233,31,1.66,1.2481,5,1.65,1.2406,80,0
IWM190913P155,2019-09-11,2019-09-11 09:36:00,1.64,1.233,44,1.61,1.2105,30,1.66,1.2481,5,1.625,1.2218,80,0
IWM190913P155,2019-09-11,2019-09-11 09:36:01,1.67,1.2556,150,1.65,1.2406,44,1.66,1.2481,5,1.66,1.2481,80,0
IWM190913P155,2019-09-11,2019-09-11 09:36:01,1.67,1.2556,215,1.65,1.2406,57,1.66,1.2481,5,1.66,1.2481,80,0
IWM190913P155,2019-09-11,2019-09-11 09:36:02,1.67,1.2556,161,1.64,1.233,44,1.66,1.2481,5,1.655,1.2443,80,0
IWM190913P155,2019-09-11,2019-09-11 09:36:02,1.66,1.2481,13,1.64,1.233,44,1.66,1.2481,5,1.65,1.2406,80,0
IWM190913P155,2019-09-11,2019-09-11 09:36:03,1.67,1.2556,34,1.64,1.233,57,1.66,1.2481,5,1.655,1.2443,80,0
IWM190913P155,2019-09-11,2019-09-11 09:36:03,1.67,1.2556,14,1.65,1.2406,44,1.66,1.2481,5,1.66,1.2481,80,0
IWM190913P155,2019-09-11,2019-09-11 09:36:04,1.68,1.2631,44,1.65,1.2406,44,1.66,1.2481,5,1.665,1.2518,80,0
IWM190913P155,2019-09-11,2019-09-11 09:36:05,1.66,1.2481,150,1.63,1.2255,33,1.65,1.2406,31,1.645,1.2368,111,0
IWM190913P155,2019-09-11,2019-09-11 09:36:05,1.66,1.2481,150,1.63,1.2255,13,1.65,1.2406,31,1.645,1.2368,111,31
IWM190913P155,2019-09-11,2019-09-11 09:36:06,1.68,1.2631,138,1.65,1.2406,57,1.65,1.2406,31,1.665,1.2518,111,0
IWM190913P155,2019-09-11,2019-09-11 09:36:06,1.68,1.2631,138,1.64,1.233,50,1.65,1.2406,31,1.66,1.2481,111,0
IWM190913P155,2019-09-11,2019-09-11 09:36:07,1.68,1.2631,13,1.66,1.2481,38,1.65,1.2406,31,1.67,1.2556,111,0
IWM190913P155,2019-09-11,2019-09-11 09:36:07,1.68,1.2631,44,1.65,1.2406,57,1.65,1.2406,31,1.665,1.2518,111,0
IWM190913P155,2019-09-11,2019-09-11 09:36:08,1.68,1.2631,44,1.66,1.2481,25,1.65,1.2406,31,1.67,1.2556,111,0
IWM190913P155,2019-09-11,2019-09-11 09:36:08,1.68,1.2631,13,1.66,1.2481,38,1.65,1.2406,31,1.67,1.2556,111,0
IWM190913P155,2019-09-11,2019-09-11 09:36:09,1.68,1.2631,62,1.66,1.2481,38,1.65,1.2406,31,1.67,1.2556,111,0
IWM190913P155,2019-09-11,2019-09-11 09:36:09,1.68,1.2631,44,1.66,1.2481,25,1.65,1.2406,31,1.67,1.2556,111,0
IWM190913P155,2019-09-11,2019-09-11 09:36:10,1.68,1.2631,26,1.66,1.2481,25,1.65,1.2406,31,1.67,1.2556,111,0
IWM190913P155,2019-09-11,2019-09-11 09:36:10,1.68,1.2631,44,1.66,1.2481,25,1.65,1.2406,31,1.67,1.2556,111,0
IWM190913P155,2019-09-11,2019-09-11 09:36:11,1.68,1.2631,26,1.66,1.2481,25,1.65,1.2406,31,1.67,1.2556,111,0
IWM190913P155,2019-09-11,2019-09-11 09:36:12,1.67,1.2556,13,1.64,1.233,11,1.65,1.2406,31,1.655,1.2443,111,0
IWM190913P155,2019-09-11,2019-09-11 09:36:12,1.68,1.2631,26,1.66,1.2481,25,1.65,1.2406,31,1.67,1.2556,111,0
IWM190913P155,2019-09-11,2019-09-11 09:36:13,1.65,1.2406,13,1.62,1.218,25,1.65,1.2406,31,1.635,1.2293,111,0
IWM190913P155,2019-09-11,2019-09-11 09:36:13,1.67,1.2556,157,1.64,1.233,13,1.65,1.2406,31,1.655,1.2443,111,0
IWM190913P155,2019-09-11,2019-09-11 09:36:14,1.66,1.2481,31,1.63,1.2255,62,1.65,1.2406,31,1.645,1.2368,111,0
IWM190913P155,2019-09-11,2019-09-11 09:36:14,1.68,1.2631,13,1.65,1.2406,41,1.65,1.2406,31,1.665,1.2518,111,0
IWM190913P155,2019-09-11,2019-09-11 09:36:15,1.68,1.2631,13,1.65,1.2406,41,1.65,1.2406,31,1.665,1.2518,111,0
IWM190913P155,2019-09-11,2019-09-11 09:36:15,1.67,1.2556,44,1.65,1.2406,44,1.65,1.2406,31,1.66,1.2481,111,0
IWM190913P155,2019-09-11,2019-09-11 09:36:16,1.67,1.2556,31,1.65,1.2406,81,1.65,1.2406,31,1.66,1.2481,111,0
IWM190913P155,2019-09-11,2019-09-11 09:36:17,1.68,1.2631,44,1.65,1.2406,109,1.65,1.2406,31,1.665,1.2518,111,0
IWM190913P155,2019-09-11,2019-09-11 09:36:17,1.68,1.2631,44,1.65,1.2406,100,1.65,1.2406,31,1.665,1.2518,111,0
IWM190913P155,2019-09-11,2019-09-11 09:36:18,1.68,1.2631,44,1.65,1.2406,100,1.65,1.2406,31,1.665,1.2518,111,0
IWM190913P155,2019-09-11,2019-09-11 09:36:18,1.68,1.2631,37,1.65,1.2406,75,1.65,1.2406,31,1.665,1.2518,111,0
IWM190913P155,2019-09-11,2019-09-11 09:36:19,1.67,1.2556,31,1.65,1.2406,44,1.65,1.2406,31,1.66,1.2481,111,0
IWM190913P155,2019-09-11,2019-09-11 09:36:19,1.67,1.2556,13,1.65,1.2406,44,1.65,1.2406,31,1.66,1.2481,111,0
IWM190913P155,2019-09-11,2019-09-11 09:36:20,1.68,1.2631,44,1.65,1.2406,37,1.65,1.2406,31,1.665,1.2518,111,0
IWM190913P155,2019-09-11,2019-09-11 09:36:20,1.68,1.2631,181,1.65,1.2406,57,1.65,1.2406,31,1.665,1.2518,111,0
IWM190913P155,2019-09-11,2019-09-11 09:36:21,1.72,1.2932,137,1.66,1.2481,1,1.65,1.2406,31,1.69,1.2706,111,0
IWM190913P155,2019-09-11,2019-09-11 09:36:21,1.72,1.2932,13,1.67,1.2556,141,1.65,1.2406,31,1.695,1.2744,111,0
IWM190913P155,2019-09-11,2019-09-11 09:36:22,1.71,1.2857,20,1.68,1.2631,75,1.65,1.2406,31,1.695,1.2744,111,0
IWM190913P155,2019-09-11,2019-09-11 09:36:22,1.71,1.2857,20,1.68,1.2631,44,1.65,1.2406,31,1.695,1.2744,111,0
IWM190913P155,2019-09-11,2019-09-11 09:36:23,1.71,1.2857,150,1.68,1.2631,44,1.65,1.2406,31,1.695,1.2744,111,0
IWM190913P155,2019-09-11,2019-09-11 09:36:23,1.71,1.2857,13,1.7,1.2781,44,1.65,1.2406,31,1.705,1.2819,111,0
IWM190913P155,2019-09-11,2019-09-11 09:36:24,1.71,1.2857,20,1.7,1.2781,27,1.65,1.2406,31,1.705,1.2819,111,0
IWM190913P155,2019-09-11,2019-09-11 09:36:24,1.71,1.2857,13,1.69,1.2706,44,1.65,1.2406,31,1.7,1.2781,111,0
IWM190913P155,2019-09-11,2019-09-11 09:36:25,1.72,1.2932,13,1.7,1.2781,27,1.65,1.2406,31,1.71,1.2857,111,0
IWM190913P155,2019-09-11,2019-09-11 09:36:26,1.72,1.2932,20,1.69,1.2706,42,1.65,1.2406,31,1.705,1.2819,111,0
IWM190913P155,2019-09-11,2019-09-11 09:36:26,1.72,1.2932,20,1.7,1.2781,27,1.65,1.2406,31,1.71,1.2857,111,0
IWM190913P155,2019-09-11,2019-09-11 09:36:27,1.71,1.2857,13,1.69,1.2706,2,1.65,1.2406,31,1.7,1.2781,111,0
IWM190913P155,2019-09-11,2019-09-11 09:36:27,1.72,1.2932,20,1.69,1.2706,15,1.65,1.2406,31,1.705,1.2819,111,0
IWM190913P155,2019-09-11,2019-09-11 09:36:28,1.71,1.2857,13,1.69,1.2706,2,1.65,1.2406,31,1.7,1.2781,111,0
IWM190913P155,2019-09-11,2019-09-11 09:36:29,1.72,1.2932,13,1.69,1.2706,30,1.65,1.2406,31,1.705,1.2819,111,0
IWM190913P155,2019-09-11,2019-09-11 09:36:29,1.72,1.2932,13,1.69,1.2706,48,1.65,1.2406,31,1.705,1.2819,111,0
IWM190913P155,2019-09-11,2019-09-11 09:36:30,1.7,1.2781,13,1.68,1.2631,23,1.65,1.2406,31,1.69,1.2706,111,0
IWM190913P155,2019-09-11,2019-09-11 09:36:30,1.72,1.2932,13,1.69,1.2706,48,1.65,1.2406,31,1.705,1.2819,111,0
IWM190913P155,2019-09-11,2019-09-11 09:36:31,1.7,1.2781,13,1.68,1.2631,23,1.65,1.2406,31,1.69,1.2706,111,0
IWM190913P155,2019-09-11,2019-09-11 09:36:32,1.69,1.2706,13,1.67,1.2556,43,1.65,1.2406,31,1.68,1.2631,111,0
IWM190913P155,2019-09-11,2019-09-11 09:36:32,1.69,1.2706,20,1.67,1.2556,43,1.65,1.2406,31,1.68,1.2631,111,0
IWM190913P155,2019-09-11,2019-09-11 09:36:33,1.67,1.2556,23,1.65,1.2406,43,1.65,1.2406,31,1.66,1.2481,111,0
IWM190913P155,2019-09-11,2019-09-11 09:36:34,1.67,1.2556,150,1.64,1.233,56,1.65,1.2406,31,1.655,1.2443,111,0
IWM190913P155,2019-09-11,2019-09-11 09:36:34,1.67,1.2556,162,1.64,1.233,61,1.65,1.2406,31,1.655,1.2443,111,0
IWM190913P155,2019-09-11,2019-09-11 09:36:35,1.66,1.2481,13,1.62,1.218,34,1.65,1.2406,31,1.64,1.233,111,0
IWM190913P155,2019-09-11,2019-09-11 09:36:35,1.65,1.2406,13,1.62,1.218,32,1.65,1.2406,31,1.635,1.2293,111,0
IWM190913P155,2019-09-11,2019-09-11 09:36:36,1.65,1.2406,13,1.63,1.2255,30,1.65,1.2406,31,1.64,1.233,111,0
IWM190913P155,2019-09-11,2019-09-11 09:36:36,1.67,1.2556,177,1.64,1.233,48,1.65,1.2406,31,1.655,1.2443,111,0
IWM190913P155,2019-09-11,2019-09-11 09:36:37,1.67,1.2556,13,1.65,1.2406,43,1.65,1.2406,31,1.66,1.2481,111,0
IWM190913P155,2019-09-11,2019-09-11 09:36:37,1.68,1.2631,13,1.66,1.2481,43,1.65,1.2406,31,1.67,1.2556,111,0
IWM190913P155,2019-09-11,2019-09-11 09:36:38,1.68,1.2631,13,1.65,1.2406,79,1.65,1.2406,31,1.665,1.2518,111,0
IWM190913P155,2019-09-11,2019-09-11 09:36:38,1.68,1.2631,13,1.65,1.2406,82,1.65,1.2406,31,1.665,1.2518,111,0
IWM190913P155,2019-09-11,2019-09-11 09:36:39,1.69,1.2706,13,1.65,1.2406,82,1.65,1.2406,31,1.67,1.2556,111,0
IWM190913P155,2019-09-11,2019-09-11 09:36:39,1.7,1.2781,13,1.67,1.2556,25,1.65,1.2406,31,1.685,1.2669,111,0
IWM190913P155,2019-09-11,2019-09-11 09:36:40,1.71,1.2857,137,1.69,1.2706,22,1.65,1.2406,31,1.7,1.2781,111,0
IWM190913P155,2019-09-11,2019-09-11 09:36:40,1.7,1.2781,13,1.67,1.2556,26,1.65,1.2406,31,1.685,1.2669,111,0
IWM190913P155,2019-09-11,2019-09-11 09:36:41,1.71,1.2857,13,1.69,1.2706,22,1.65,1.2406,31,1.7,1.2781,111,0
IWM190913P155,2019-09-11,2019-09-11 09:36:42,1.71,1.2857,13,1.68,1.2631,29,1.69,1.2706,22,1.695,1.2744,133,22
IWM190913P155,2019-09-11,2019-09-11 09:36:43,1.72,1.2932,146,1.69,1.2706,7,1.69,1.2706,22,1.705,1.2819,133,0
IWM190913P155,2019-09-11,2019-09-11 09:36:44,1.71,1.2857,13,1.68,1.2631,43,1.69,1.2706,22,1.695,1.2744,133,0
IWM190913P155,2019-09-11,2019-09-11 09:36:44,1.71,1.2857,13,1.69,1.2706,7,1.69,1.2706,22,1.7,1.2781,133,0
IWM190913P155,2019-09-11,2019-09-11 09:36:45,1.72,1.2932,220,1.69,1.2706,24,1.69,1.2706,22,1.705,1.2819,133,0
IWM190913P155,2019-09-11,2019-09-11 09:36:45,1.72,1.2932,55,1.69,1.2706,23,1.69,1.2706,22,1.705,1.2819,133,0
IWM190913P155,2019-09-11,2019-09-11 09:36:46,1.7,1.2781,5,1.69,1.2706,15,1.69,1.2706,22,1.695,1.2744,133,0
IWM190913P155,2019-09-11,2019-09-11 09:36:46,1.72,1.2932,192,1.69,1.2706,10,1.69,1.2706,22,1.705,1.2819,133,0
IWM190913P155,2019-09-11,2019-09-11 09:36:47,1.72,1.2932,43,1.69,1.2706,56,1.7,1.2781,5,1.705,1.2819,138,5
IWM190913P155,2019-09-11,2019-09-11 09:36:47,1.7,1.2781,5,1.69,1.2706,15,1.69,1.2706,22,1.695,1.2744,133,0
IWM190913P155,2019-09-11,2019-09-11 09:36:48,1.72,1.2932,43,1.7,1.2781,61,1.7,1.2781,5,1.71,1.2857,138,0
IWM190913P155,2019-09-11,2019-09-11 09:36:48,1.73,1.3007,43,1.7,1.2781,69,1.7,1.2781,5,1.715,1.2894,138,0
IWM190913P155,2019-09-11,2019-09-11 09:36:49,1.73,1.3007,41,1.71,1.2857,18,1.7,1.2781,5,1.72,1.2932,138,0
IWM190913P155,2019-09-11,2019-09-11 09:36:49,1.73,1.3007,43,1.7,1.2781,71,1.7,1.2781,5,1.715,1.2894,138,0
IWM190913P155,2019-09-11,2019-09-11 09:36:50,1.73,1.3007,41,1.71,1.2857,18,1.7,1.2781,5,1.72,1.2932,138,0
IWM190913P155,2019-09-11,2019-09-11 09:36:50,1.73,1.3007,55,1.7,1.2781,61,1.7,1.2781,5,1.715,1.2894,138,0
IWM190913P155,2019-09-11,2019-09-11 09:36:51,1.73,1.3007,43,1.71,1.2857,18,1.7,1.2781,5,1.72,1.2932,138,0
IWM190913P155,2019-09-11,2019-09-11 09:36:51,1.73,1.3007,55,1.7,1.2781,86,1.7,1.2781,5,1.715,1.2894,138,0
IWM190913P155,2019-09-11,2019-09-11 09:36:52,1.73,1.3007,43,1.7,1.2781,58,1.7,1.2781,5,1.715,1.2894,138,0
IWM190913P155,2019-09-11,2019-09-11 09:36:52,1.72,1.2932,30,1.7,1.2781,52,1.7,1.2781,5,1.71,1.2857,138,0
IWM190913P155,2019-09-11,2019-09-11 09:36:53,1.73,1.3007,55,1.7,1.2781,88,1.7,1.2781,5,1.715,1.2894,138,0
IWM190913P155,2019-09-11,2019-09-11 09:36:54,1.72,1.2932,30,1.7,1.2781,17,1.7,1.2781,5,1.71,1.2857,138,0
IWM190913P155,2019-09-11,2019-09-11 09:36:54,1.73,1.3007,55,1.7,1.2781,24,1.7,1.2781,5,1.715,1.2894,138,0
IWM190913P155,2019-09-11,2019-09-11 09:36:55,1.73,1.3007,30,1.71,1.2857,30,1.7,1.2781,5,1.72,1.2932,138,0
IWM190913P155,2019-09-11,2019-09-11 09:36:55,1.73,1.3007,55,1.69,1.2706,47,1.7,1.2781,5,1.71,1.2857,138,0
IWM190913P155,2019-09-11,2019-09-11 09:36:56,1.74,1.3082,43,1.71,1.2857,43,1.7,1.2781,5,1.725,1.2969,138,0
IWM190913P155,2019-09-11,2019-09-11 09:36:56,1.73,1.3007,12,1.71,1.2857,43,1.7,1.2781,5,1.72,1.2932,138,0
IWM190913P155,2019-09-11,2019-09-11 09:36:57,1.73,1.3007,13,1.69,1.2706,20,1.71,1.2857,1,1.71,1.2857,182,44
IWM190913P155,2019-09-11,2019-09-11 09:36:57,1.76,1.3233,13,1.71,1.2857,69,1.71,1.2857,1,1.735,1.3045,182,0
IWM190913P155,2019-09-11,2019-09-11 09:36:58,1.76,1.3233,26,1.74,1.3082,13,1.71,1.2857,1,1.75,1.3157,182,0
IWM190913P155,2019-09-11,2019-09-11 09:36:58,1.75,1.3157,42,1.72,1.2932,42,1.71,1.2857,1,1.735,1.3045,182,0
IWM190913P155,2019-09-11,2019-09-11 09:36:59,1.76,1.3233,10,1.74,1.3082,17,1.71,1.2857,1,1.75,1.3157,182,0
IWM190913P155,2019-09-11,2019-09-11 09:36:59,1.77,1.3308,42,1.74,1.3082,17,1.71,1.2857,1,1.755,1.3195,182,0
IWM190913P155,2019-09-11,2019-09-11 09:37:00,1.8,1.3533,25,1.76,1.3233,25,1.71,1.2857,1,1.78,1.3383,182,0
IWM190913P155,2019-09-11,2019-09-11 09:37:00,1.8,1.3533,65,1.77,1.3308,35,1.71,1.2857,1,1.785,1.3421,182,0
IWM190913P155,2019-09-11,2019-09-11 09:37:01,1.79,1.3458,13,1.77,1.3308,17,1.71,1.2857,1,1.78,1.3383,182,0
IWM190913P155,2019-09-11,2019-09-11 09:37:01,1.79,1.3458,42,1.77,1.3308,17,1.71,1.2857,1,1.78,1.3383,182,0
IWM190913P155,2019-09-11,2019-09-11 09:37:02,1.78,1.3383,42,1.75,1.3157,29,1.71,1.2857,1,1.765,1.327,182,0
IWM190913P155,2019-09-11,2019-09-11 09:37:02,1.79,1.3458,13,1.76,1.3233,17,1.71,1.2857,1,1.775,1.3345,182,0
IWM190913P155,2019-09-11,2019-09-11 09:37:03,1.8,1.3533,42,1.77,1.3308,63,1.71,1.2857,1,1.785,1.3421,182,0
IWM190913P155,2019-09-11,2019-09-11 09:37:03,1.78,1.3383,13,1.76,1.3233,21,1.71,1.2857,1,1.77,1.3308,182,0
IWM190913P155,2019-09-11,2019-09-11 09:37:04,1.8,1.3533,42,1.77,1.3308,19,1.71,1.2857,1,1.785,1.3421,182,0
IWM190913P155,2019-09-11,2019-09-11 09:37:04,1.79,1.3458,54,1.76,1.3233,21,1.71,1.2857,1,1.775,1.3345,182,0
IWM190913P155,2019-09-11,2019-09-11 09:37:05,1.8,1.3533,42,1.77,1.3308,31,1.71,1.2857,1,1.785,1.3421,182,0
IWM190913P155,2019-09-11,2019-09-11 09:37:05,1.8,1.3533,42,1.77,1.3308,42,1.71,1.2857,1,1.785,1.3421,182,0
IWM190913P155,2019-09-11,2019-09-11 09:37:06,1.78,1.3383,13,1.75,1.3157,13,1.71,1.2857,1,1.765,1.327,182,0
IWM190913P155,2019-09-11,2019-09-11 09:37:06,1.77,1.3308,13,1.75,1.3157,13,1.71,1.2857,1,1.76,1.3233,182,0
IWM190913P155,2019-09-11,2019-09-11 09:37:07,1.77,1.3308,13,1.73,1.3007,14,1.71,1.2857,1,1.75,1.3157,182,0
IWM190913P155,2019-09-11,2019-09-11 09:37:07,1.76,1.3233,42,1.74,1.3082,41,1.71,1.2857,1,1.75,1.3157,182,0
IWM190913P155,2019-09-11,2019-09-11 09:37:08,1.77,1.3308,29,1.74,1.3082,45,1.71,1.2857,1,1.755,1.3195,182,0
IWM190913P155,2019-09-11,2019-09-11 09:37:08,1.79,1.3458,42,1.75,1.3157,55,1.71,1.2857,1,1.77,1.3308,182,0
IWM190913P155,2019-09-11,2019-09-11 09:37:09,1.8,1.3533,42,1.76,1.3233,63,1.71,1.2857,1,1.78,1.3383,182,0
IWM190913P155,2019-09-11,2019-09-11 09:37:09,1.79,1.3458,42,1.76,1.3233,43,1.71,1.2857,1,1.775,1.3345,182,0
IWM190913P155,2019-09-11,2019-09-11 09:37:10,1.8,1.3533,42,1.76,1.3233,83,1.71,1.2857,1,1.78,1.3383,182,0
IWM190913P155,2019-09-11,2019-09-11 09:37:11,1.8,1.3533,42,1.77,1.3308,42,1.71,1.2857,1,1.785,1.3421,182,0
IWM190913P155,2019-09-11,2019-09-11 09:37:11,1.8,1.3533,30,1.77,1.3308,55,1.71,1.2857,1,1.785,1.3421,182,0
IWM190913P155,2019-09-11,2019-09-11 09:37:12,1.79,1.3458,42,1.77,1.3308,42,1.71,1.2857,1,1.78,1.3383,182,0
IWM190913P155,2019-09-11,2019-09-11 09:37:12,1.78,1.3383,20,1.74,1.3082,21,1.77,1.3308,42,1.76,1.3233,224,42
IWM190913P155,2019-09-11,2019-09-11 09:37:13,1.78,1.3383,20,1.74,1.3082,18,1.77,1.3308,42,1.76,1.3233,224,0
IWM190913P155,2019-09-11,2019-09-11 09:37:14,1.79,1.3458,41,1.75,1.3157,25,1.77,1.3308,42,1.77,1.3308,224,0
IWM190913P155,2019-09-11,2019-09-11 09:37:14,1.78,1.3383,54,1.75,1.3157,22,1.77,1.3308,42,1.765,1.327,224,0
IWM190913P155,2019-09-11,2019-09-11 09:37:15,1.81,1.3609,41,1.77,1.3308,54,1.77,1.3308,42,1.79,1.3458,224,0
IWM190913P155,2019-09-11,2019-09-11 09:37:15,1.81,1.3609,41,1.77,1.3308,90,1.77,1.3308,42,1.79,1.3458,224,0
IWM190913P155,2019-09-11,2019-09-11 09:37:16,1.85,1.3909,157,1.78,1.3383,42,1.77,1.3308,42,1.815,1.3646,224,0
IWM190913P155,2019-09-11,2019-09-11 09:37:16,1.86,1.3984,41,1.82,1.3684,54,1.77,1.3308,42,1.84,1.3834,224,0
IWM190913P155,2019-09-11,2019-09-11 09:37:17,1.85,1.3909,13,1.82,1.3684,13,1.77,1.3308,42,1.835,1.3796,224,0
IWM190913P155,2019-09-11,2019-09-11 09:37:17,1.86,1.3984,41,1.81,1.3609,62,1.77,1.3308,42,1.835,1.3796,224,0
IWM190913P155,2019-09-11,2019-09-11 09:37:18,1.84,1.3834,13,1.8,1.3533,13,1.77,1.3308,42,1.82,1.3684,224,0
IWM190913P155,2019-09-11,2019-09-11 09:37:18,1.85,1.3909,13,1.82,1.3684,19,1.77,1.3308,42,1.835,1.3796,224,0
IWM190913P155,2019-09-11,2019-09-11 09:37:19,1.84,1.3834,13,1.81,1.3609,80,1.77,1.3308,42,1.825,1.3721,224,0
IWM190913P155,2019-09-11,2019-09-11 09:37:19,1.84,1.3834,13,1.8,1.3533,49,1.77,1.3308,42,1.82,1.3684,224,0
IWM190913P155,2019-09-11,2019-09-11 09:37:20,1.84,1.3834,13,1.81,1.3609,55,1.77,1.3308,42,1.825,1.3721,224,0
IWM190913P155,2019-09-11,2019-09-11 09:37:20,1.84,1.3834,41,1.81,1.3609,93,1.77,1.3308,42,1.825,1.3721,224,0
IWM190913P155,2019-09-11,2019-09-11 09:37:21,1.86,1.3984,53,1.81,1.3609,68,1.77,1.3308,42,1.835,1.3796,224,0
IWM190913P155,2019-09-11,2019-09-11 09:37:21,1.84,1.3834,13,1.81,1.3609,75,1.77,1.3308,42,1.825,1.3721,224,0
IWM190913P155,2019-09-11,2019-09-11 09:37:22,1.89,1.421,31,1.84,1.3834,14,1.77,1.3308,42,1.865,1.4022,224,0
IWM190913P155,2019-09-11,2019-09-11 09:37:22,1.88,1.4135,13,1.83,1.3759,25,1.77,1.3308,42,1.855,1.3947,224,0
IWM190913P155,2019-09-11,2019-09-11 09:37:23,1.87,1.406,13,1.84,1.3834,53,1.77,1.3308,42,1.855,1.3947,224,0
IWM190913P155,2019-09-11,2019-09-11 09:37:23,1.87,1.406,13,1.84,1.3834,28,1.77,1.3308,42,1.855,1.3947,224,0
IWM190913P155,2019-09-11,2019-09-11 09:37:24,1.87,1.406,13,1.84,1.3834,44,1.77,1.3308,42,1.855,1.3947,224,0
IWM190913P155,2019-09-11,2019-09-11 09:37:24,1.88,1.4135,16,1.84,1.3834,45,1.77,1.3308,42,1.86,1.3984,224,0
IWM190913P155,2019-09-11,2019-09-11 09:37:25,1.88,1.4135,10,1.84,1.3834,32,1.77,1.3308,42,1.86,1.3984,224,0
IWM190913P155,2019-09-11,2019-09-11 09:37:25,1.86,1.3984,13,1.83,1.3759,13,1.77,1.3308,42,1.845,1.3872,224,0
IWM190913P155,2019-09-11,2019-09-11 09:37:26,1.86,1.3984,16,1.83,1.3759,25,1.77,1.3308,42,1.845,1.3872,224,0
IWM190913P155,2019-09-11,2019-09-11 09:37:26,1.87,1.406,28,1.82,1.3684,44,1.77,1.3308,42,1.845,1.3872,224,0
IWM190913P155,2019-09-11,2019-09-11 09:37:27,1.86,1.3984,16,1.83,1.3759,28,1.77,1.3308,42,1.845,1.3872,224,0
IWM190913P155,2019-09-11,2019-09-11 09:37:27,1.87,1.406,13,1.82,1.3684,30,1.77,1.3308,42,1.845,1.3872,224,0
IWM190913P155,2019-09-11,2019-09-11 09:37:28,1.89,1.421,13,1.84,1.3834,26,1.77,1.3308,42,1.865,1.4022,224,0
IWM190913P155,2019-09-11,2019-09-11 09:37:28,1.86,1.3984,13,1.82,1.3684,70,1.77,1.3308,42,1.84,1.3834,224,0
IWM190913P155,2019-09-11,2019-09-11 09:37:29,1.89,1.421,13,1.84,1.3834,64,1.77,1.3308,42,1.865,1.4022,224,0
IWM190913P155,2019-09-11,2019-09-11 09:37:30,1.88,1.4135,13,1.85,1.3909,76,1.77,1.3308,42,1.865,1.4022,224,0
IWM190913P155,2019-09-11,2019-09-11 09:37:30,1.88,1.4135,13,1.85,1.3909,49,1.77,1.3308,42,1.865,1.4022,224,0
IWM190913P155,2019-09-11,2019-09-11 09:37:31,1.88,1.4135,13,1.85,1.3909,26,1.77,1.3308,42,1.865,1.4022,224,0
IWM190913P155,2019-09-11,2019-09-11 09:37:31,1.89,1.421,13,1.86,1.3984,32,1.77,1.3308,42,1.875,1.4097,224,0
IWM190913P155,2019-09-11,2019-09-11 09:37:32,1.85,1.3909,10,1.82,1.3684,45,1.77,1.3308,42,1.835,1.3796,224,0
IWM190913P155,2019-09-11,2019-09-11 09:37:32,1.88,1.4135,13,1.85,1.3909,25,1.77,1.3308,42,1.865,1.4022,224,0
IWM190913P155,2019-09-11,2019-09-11 09:37:33,1.82,1.3684,13,1.79,1.3458,25,1.77,1.3308,42,1.805,1.3571,224,0
IWM190913P155,2019-09-11,2019-09-11 09:37:33,1.84,1.3834,189,1.79,1.3458,14,1.77,1.3308,42,1.815,1.3646,224,0
IWM190913P155,2019-09-11,2019-09-11 09:37:34,1.81,1.3609,13,1.78,1.3383,33,1.77,1.3308,42,1.795,1.3496,224,0
IWM190913P155,2019-09-11,2019-09-11 09:37:34,1.82,1.3684,16,1.79,1.3458,30,1.77,1.3308,42,1.805,1.3571,224,0
IWM190913P155,2019-09-11,2019-09-11 09:37:35,1.81,1.3609,13,1.78,1.3383,62,1.77,1.3308,42,1.795,1.3496,224,0
IWM190913P155,2019-09-11,2019-09-11 09:37:35,1.81,1.3609,16,1.78,1.3383,45,1.77,1.3308,42,1.795,1.3496,224,0
IWM190913P155,2019-09-11,2019-09-11 09:37:36,1.82,1.3684,13,1.79,1.3458,42,1.77,1.3308,42,1.805,1.3571,224,0
IWM190913P155,2019-09-11,2019-09-11 09:37:37,1.85,1.3909,13,1.81,1.3609,62,1.77,1.3308,42,1.83,1.3759,224,0
IWM190913P155,2019-09-11,2019-09-11 09:37:37,1.84,1.3834,13,1.79,1.3458,46,1.77,1.3308,42,1.815,1.3646,224,0
IWM190913P155,2019-09-11,2019-09-11 09:37:38,1.84,1.3834,13,1.81,1.3609,16,1.77,1.3308,42,1.825,1.3721,224,0
IWM190913P155,2019-09-11,2019-09-11 09:37:38,1.84,1.3834,13,1.82,1.3684,5,1.77,1.3308,42,1.83,1.3759,224,0
IWM190913P155,2019-09-11,2019-09-11 09:37:39,1.84,1.3834,13,1.81,1.3609,41,1.77,1.3308,42,1.825,1.3721,224,0
IWM190913P155,2019-09-11,2019-09-11 09:37:39,1.84,1.3834,13,1.82,1.3684,18,1.77,1.3308,42,1.83,1.3759,224,0
IWM190913P155,2019-09-11,2019-09-11 09:37:40,1.84,1.3834,16,1.81,1.3609,89,1.77,1.3308,42,1.825,1.3721,224,0
IWM190913P155,2019-09-11,2019-09-11 09:37:40,1.84,1.3834,16,1.81,1.3609,79,1.77,1.3308,42,1.825,1.3721,224,0
IWM190913P155,2019-09-11,2019-09-11 09:37:41,1.83,1.3759,13,1.81,1.3609,41,1.77,1.3308,42,1.82,1.3684,224,0
IWM190913P155,2019-09-11,2019-09-11 09:37:41,1.82,1.3684,13,1.79,1.3458,44,1.77,1.3308,42,1.805,1.3571,224,0
IWM190913P155,2019-09-11,2019-09-11 09:37:42,1.83,1.3759,13,1.8,1.3533,10,1.77,1.3308,42,1.815,1.3646,224,0
IWM190913P155,2019-09-11,2019-09-11 09:37:42,1.82,1.3684,16,1.79,1.3458,40,1.77,1.3308,42,1.805,1.3571,224,0
IWM190913P155,2019-09-11,2019-09-11 09:37:43,1.82,1.3684,41,1.8,1.3533,10,1.77,1.3308,42,1.81,1.3609,224,0
IWM190913P155,2019-09-11,2019-09-11 09:37:43,1.82,1.3684,44,1.8,1.3533,10,1.77,1.3308,42,1.81,1.3609,224,0
IWM190913P155,2019-09-11,2019-09-11 09:37:44,1.81,1.3609,13,1.79,1.3458,41,1.77,1.3308,42,1.8,1.3533,224,0
IWM190913P155,2019-09-11,2019-09-11 09:37:44,1.81,1.3609,41,1.78,1.3383,38,1.77,1.3308,42,1.795,1.3496,224,0
IWM190913P155,2019-09-11,2019-09-11 09:37:45,1.81,1.3609,13,1.78,1.3383,55,1.77,1.3308,42,1.795,1.3496,224,0
IWM190913P155,2019-09-11,2019-09-11 09:37:45,1.82,1.3684,137,1.79,1.3458,28,1.77,1.3308,42,1.805,1.3571,224,0
IWM190913P155,2019-09-11,2019-09-11 09:37:46,1.8,1.3533,13,1.77,1.3308,72,1.77,1.3308,42,1.785,1.3421,224,0
IWM190913P155,2019-09-11,2019-09-11 09:37:46,1.8,1.3533,41,1.77,1.3308,55,1.77,1.3308,42,1.785,1.3421,224,0
IWM190913P155,2019-09-11,2019-09-11 09:37:47,1.79,1.3458,13,1.77,1.3308,37,1.77,1.3308,42,1.78,1.3383,224,0
IWM190913P155,2019-09-11,2019-09-11 09:37:48,1.79,1.3458,13,1.76,1.3233,41,1.77,1.3308,42,1.775,1.3345,224,0
IWM190913P155,2019-09-11,2019-09-11 09:37:48,1.79,1.3458,40,1.75,1.3157,35,1.77,1.3308,42,1.77,1.3308,224,0
IWM190913P155,2019-09-11,2019-09-11 09:37:49,1.79,1.3458,13,1.76,1.3233,59,1.77,1.3308,42,1.775,1.3345,224,0
IWM190913P155,2019-09-11,2019-09-11 09:37:50,1.81,1.3609,13,1.78,1.3383,14,1.77,1.3308,42,1.795,1.3496,224,0
IWM190913P155,2019-09-11,2019-09-11 09:37:50,1.82,1.3684,13,1.78,1.3383,1,1.77,1.3308,42,1.8,1.3533,224,0
IWM190913P155,2019-09-11,2019-09-11 09:37:51,1.82,1.3684,40,1.78,1.3383,62,1.77,1.3308,42,1.8,1.3533,224,0
IWM190913P155,2019-09-11,2019-09-11 09:37:52,1.83,1.3759,13,1.8,1.3533,44,1.77,1.3308,42,1.815,1.3646,224,0
IWM190913P155,2019-09-11,2019-09-11 09:37:52,1.82,1.3684,40,1.79,1.3458,19,1.77,1.3308,42,1.805,1.3571,224,0
IWM190913P155,2019-09-11,2019-09-11 09:37:53,1.81,1.3609,40,1.78,1.3383,13,1.77,1.3308,42,1.795,1.3496,224,0
IWM190913P155,2019-09-11,2019-09-11 09:37:53,1.82,1.3684,40,1.79,1.3458,19,1.77,1.3308,42,1.805,1.3571,224,0
IWM190913P155,2019-09-11,2019-09-11 09:37:54,1.8,1.3533,40,1.78,1.3383,13,1.77,1.3308,42,1.79,1.3458,224,0
IWM190913P155,2019-09-11,2019-09-11 09:37:54,1.81,1.3609,40,1.78,1.3383,22,1.77,1.3308,42,1.795,1.3496,224,0
IWM190913P155,2019-09-11,2019-09-11 09:37:55,1.81,1.3609,27,1.79,1.3458,13,1.77,1.3308,42,1.8,1.3533,224,0
IWM190913P155,2019-09-11,2019-09-11 09:37:55,1.81,1.3609,40,1.78,1.3383,27,1.77,1.3308,42,1.795,1.3496,224,0
IWM190913P155,2019-09-11,2019-09-11 09:37:56,1.8,1.3533,20,1.78,1.3383,11,1.77,1.3308,42,1.79,1.3458,224,0
IWM190913P155,2019-09-11,2019-09-11 09:37:56,1.79,1.3458,13,1.75,1.3157,41,1.77,1.3308,42,1.77,1.3308,224,0
IWM190913P155,2019-09-11,2019-09-11 09:37:57,1.81,1.3609,178,1.75,1.3157,111,1.77,1.3308,42,1.78,1.3383,224,0
IWM190913P155,2019-09-11,2019-09-11 09:37:57,1.82,1.3684,40,1.78,1.3383,40,1.77,1.3308,42,1.8,1.3533,224,0
IWM190913P155,2019-09-11,2019-09-11 09:37:58,1.8,1.3533,5,1.78,1.3383,222,1.77,1.3308,42,1.79,1.3458,224,0
IWM190913P155,2019-09-11,2019-09-11 09:37:58,1.8,1.3533,5,1.78,1.3383,206,1.77,1.3308,42,1.79,1.3458,224,0
IWM190913P155,2019-09-11,2019-09-11 09:37:59,1.8,1.3533,5,1.78,1.3383,57,1.77,1.3308,42,1.79,1.3458,224,0
IWM190913P155,2019-09-11,2019-09-11 09:37:59,1.8,1.3533,5,1.79,1.3458,16,1.77,1.3308,42,1.795,1.3496,224,0
IWM190913P155,2019-09-11,2019-09-11 09:38:00,1.79,1.3458,13,1.77,1.3308,2,1.77,1.3308,42,1.78,1.3383,224,0
IWM190913P155,2019-09-11,2019-09-11 09:38:00,1.8,1.3533,40,1.77,1.3308,15,1.77,1.3308,42,1.785,1.3421,224,0
IWM190913P155,2019-09-11,2019-09-11 09:38:01,1.79,1.3458,40,1.77,1.3308,2,1.77,1.3308,42,1.78,1.3383,224,0
IWM190913P155,2019-09-11,2019-09-11 09:38:01,1.79,1.3458,13,1.76,1.3233,24,1.77,1.3308,42,1.775,1.3345,224,0
IWM190913P155,2019-09-11,2019-09-11 09:38:02,1.79,1.3458,13,1.76,1.3233,37,1.77,1.3308,42,1.775,1.3345,224,0
IWM190913P155,2019-09-11,2019-09-11 09:38:03,1.79,1.3458,40,1.77,1.3308,25,1.77,1.3308,42,1.78,1.3383,224,0
IWM190913P155,2019-09-11,2019-09-11 09:38:03,1.8,1.3533,13,1.77,1.3308,63,1.77,1.3308,42,1.785,1.3421,224,0
IWM190913P155,2019-09-11,2019-09-11 09:38:04,1.79,1.3458,40,1.76,1.3233,40,1.77,1.3308,42,1.775,1.3345,224,0
IWM190913P155,2019-09-11,2019-09-11 09:38:04,1.79,1.3458,13,1.77,1.3308,27,1.77,1.3308,42,1.78,1.3383,224,0
IWM190913P155,2019-09-11,2019-09-11 09:38:05,1.79,1.3458,13,1.77,1.3308,27,1.77,1.3308,42,1.78,1.3383,224,0
IWM190913P155,2019-09-11,2019-09-11 09:38:06,1.8,1.3533,5,1.78,1.3383,62,1.77,1.3308,42,1.79,1.3458,224,0
IWM190913P155,2019-09-11,2019-09-11 09:38:06,1.8,1.3533,5,1.77,1.3308,62,1.77,1.3308,42,1.785,1.3421,224,0
IWM190913P155,2019-09-11,2019-09-11 09:38:07,1.79,1.3458,39,1.76,1.3233,3,1.77,1.3308,42,1.775,1.3345,224,0
IWM190913P155,2019-09-11,2019-09-11 09:38:07,1.8,1.3533,39,1.78,1.3383,27,1.77,1.3308,42,1.79,1.3458,224,0
IWM190913P155,2019-09-11,2019-09-11 09:38:08,1.76,1.3233,39,1.73,1.3007,27,1.77,1.3308,42,1.745,1.312,224,0
IWM190913P155,2019-09-11,2019-09-11 09:38:08,1.78,1.3383,39,1.75,1.3157,9,1.77,1.3308,42,1.765,1.327,224,0
IWM190913P155,2019-09-11,2019-09-11 09:38:09,1.74,1.3082,13,1.71,1.2857,30,1.74,1.3082,3,1.725,1.2969,227,3
IWM190913P155,2019-09-11,2019-09-11 09:38:09,1.76,1.3233,13,1.74,1.3082,13,1.77,1.3308,42,1.75,1.3157,224,0
IWM190913P155,2019-09-11,2019-09-11 09:38:10,1.75,1.3157,13,1.71,1.2857,27,1.74,1.3082,3,1.73,1.3007,227,0
IWM190913P155,2019-09-11,2019-09-11 09:38:10,1.73,1.3007,13,1.7,1.2781,7,1.74,1.3082,3,1.715,1.2894,227,0
IWM190913P155,2019-09-11,2019-09-11 09:38:11,1.74,1.3082,44,1.71,1.2857,21,1.74,1.3082,3,1.725,1.2969,227,0
IWM190913P155,2019-09-11,2019-09-11 09:38:11,1.74,1.3082,52,1.71,1.2857,13,1.74,1.3082,3,1.725,1.2969,227,0
IWM190913P155,2019-09-11,2019-09-11 09:38:12,1.75,1.3157,39,1.72,1.2932,5,1.74,1.3082,3,1.735,1.3045,227,0
IWM190913P155,2019-09-11,2019-09-11 09:38:13,1.73,1.3007,13,1.71,1.2857,14,1.74,1.3082,3,1.72,1.2932,227,0
IWM190913P155,2019-09-11,2019-09-11 09:38:14,1.73,1.3007,13,1.71,1.2857,14,1.74,1.3082,3,1.72,1.2932,227,0
IWM190913P155,2019-09-11,2019-09-11 09:38:14,1.73,1.3007,39,1.7,1.2781,30,1.74,1.3082,3,1.715,1.2894,227,0
IWM190913P155,2019-09-11,2019-09-11 09:38:15,1.73,1.3007,13,1.7,1.2781,39,1.74,1.3082,3,1.715,1.2894,227,0
IWM190913P155,2019-09-11,2019-09-11 09:38:15,1.73,1.3007,13,1.7,1.2781,60,1.74,1.3082,3,1.715,1.2894,227,0
IWM190913P155,2019-09-11,2019-09-11 09:38:16,1.72,1.2932,13,1.68,1.2631,17,1.7,1.2781,2,1.7,1.2781,229,2
IWM190913P155,2019-09-11,2019-09-11 09:38:16,1.74,1.3082,44,1.7,1.2781,48,1.74,1.3082,3,1.72,1.2932,227,0
IWM190913P155,2019-09-11,2019-09-11 09:38:17,1.71,1.2857,13,1.68,1.2631,20,1.7,1.2781,2,1.695,1.2744,229,0
IWM190913P155,2019-09-11,2019-09-11 09:38:17,1.71,1.2857,13,1.67,1.2556,15,1.7,1.2781,2,1.69,1.2706,229,0
IWM190913P155,2019-09-11,2019-09-11 09:38:18,1.7,1.2781,18,1.67,1.2556,37,1.7,1.2781,2,1.685,1.2669,229,0
IWM190913P155,2019-09-11,2019-09-11 09:38:19,1.7,1.2781,13,1.67,1.2556,63,1.7,1.2781,2,1.685,1.2669,229,0
IWM190913P155,2019-09-11,2019-09-11 09:38:19,1.72,1.2932,38,1.69,1.2706,10,1.7,1.2781,2,1.705,1.2819,229,0
IWM190913P155,2019-09-11,2019-09-11 09:38:20,1.72,1.2932,38,1.69,1.2706,10,1.7,1.2781,2,1.705,1.2819,229,0
IWM190913P155,2019-09-11,2019-09-11 09:38:20,1.7,1.2781,13,1.67,1.2556,38,1.7,1.2781,2,1.685,1.2669,229,0
IWM190913P155,2019-09-11,2019-09-11 09:38:21,1.71,1.2857,13,1.68,1.2631,49,1.7,1.2781,2,1.695,1.2744,229,0
IWM190913P155,2019-09-11,2019-09-11 09:38:21,1.71,1.2857,13,1.68,1.2631,47,1.7,1.2781,2,1.695,1.2744,229,0
IWM190913P155,2019-09-11,2019-09-11 09:38:22,1.7,1.2781,178,1.65,1.2406,16,1.7,1.2781,2,1.675,1.2593,229,0
IWM190913P155,2019-09-11,2019-09-11 09:38:22,1.71,1.2857,38,1.68,1.2631,15,1.7,1.2781,2,1.695,1.2744,229,0
IWM190913P155,2019-09-11,2019-09-11 09:38:23,1.68,1.2631,38,1.65,1.2406,24,1.7,1.2781,2,1.665,1.2518,229,0
IWM190913P155,2019-09-11,2019-09-11 09:38:23,1.68,1.2631,13,1.65,1.2406,39,1.7,1.2781,2,1.665,1.2518,229,0
IWM190913P155,2019-09-11,2019-09-11 09:38:24,1.68,1.2631,13,1.65,1.2406,39,1.7,1.2781,2,1.665,1.2518,229,0
IWM190913P155,2019-09-11,2019-09-11 09:38:24,1.67,1.2556,13,1.65,1.2406,22,1.7,1.2781,2,1.66,1.2481,229,0
IWM190913P155,2019-09-11,2019-09-11 09:38:25,1.68,1.2631,13,1.65,1.2406,22,1.65,1.2406,6,1.665,1.2518,235,6
IWM190913P155,2019-09-11,2019-09-11 09:38:25,1.67,1.2556,13,1.64,1.233,32,1.65,1.2406,6,1.655,1.2443,235,0
IWM190913P155,2019-09-11,2019-09-11 09:38:26,1.66,1.2481,13,1.64,1.233,34,1.65,1.2406,6,1.65,1.2406,235,0
IWM190913P155,2019-09-11,2019-09-11 09:38:26,1.67,1.2556,13,1.64,1.233,34,1.65,1.2406,6,1.655,1.2443,235,0
IWM190913P155,2019-09-11,2019-09-11 09:38:27,1.66,1.2481,13,1.62,1.218,22,1.65,1.2406,6,1.64,1.233,235,0
IWM190913P155,2019-09-11,2019-09-11 09:38:27,1.66,1.2481,13,1.62,1.218,39,1.65,1.2406,6,1.64,1.233,235,0
IWM190913P155,2019-09-11,2019-09-11 09:38:28,1.67,1.2556,13,1.65,1.2406,20,1.65,1.2406,6,1.66,1.2481,235,0
IWM190913P155,2019-09-11,2019-09-11 09:38:28,1.66,1.2481,13,1.63,1.2255,38,1.65,1.2406,6,1.645,1.2368,235,0
IWM190913P155,2019-09-11,2019-09-11 09:38:29,1.68,1.2631,13,1.65,1.2406,22,1.65,1.2406,6,1.665,1.2518,235,0
IWM190913P155,2019-09-11,2019-09-11 09:38:29,1.68,1.2631,13,1.65,1.2406,50,1.65,1.2406,6,1.665,1.2518,235,0
IWM190913P155,2019-09-11,2019-09-11 09:38:30,1.68,1.2631,13,1.66,1.2481,25,1.65,1.2406,6,1.67,1.2556,235,0
IWM190913P155,2019-09-11,2019-09-11 09:38:30,1.69,1.2706,13,1.66,1.2481,42,1.65,1.2406,6,1.675,1.2593,235,0
IWM190913P155,2019-09-11,2019-09-11 09:38:31,1.69,1.2706,13,1.66,1.2481,42,1.65,1.2406,6,1.675,1.2593,235,0
IWM190913P155,2019-09-11,2019-09-11 09:38:32,1.69,1.2706,13,1.66,1.2481,42,1.65,1.2406,6,1.675,1.2593,235,0
IWM190913P155,2019-09-11,2019-09-11 09:38:32,1.67,1.2556,20,1.64,1.233,21,1.66,1.2481,25,1.655,1.2443,260,25
IWM190913P155,2019-09-11,2019-09-11 09:38:33,1.69,1.2706,13,1.66,1.2481,41,1.66,1.2481,25,1.675,1.2593,260,0
IWM190913P155,2019-09-11,2019-09-11 09:38:33,1.67,1.2556,13,1.64,1.233,34,1.66,1.2481,25,1.655,1.2443,260,0
IWM190913P155,2019-09-11,2019-09-11 09:38:34,1.7,1.2781,179,1.66,1.2481,63,1.66,1.2481,25,1.68,1.2631,260,0
IWM190913P155,2019-09-11,2019-09-11 09:38:34,1.69,1.2706,13,1.66,1.2481,63,1.66,1.2481,25,1.675,1.2593,260,0
IWM190913P155,2019-09-11,2019-09-11 09:38:35,1.7,1.2781,38,1.67,1.2556,14,1.66,1.2481,25,1.685,1.2669,260,0
IWM190913P155,2019-09-11,2019-09-11 09:38:35,1.69,1.2706,13,1.66,1.2481,63,1.66,1.2481,25,1.675,1.2593,260,0
IWM190913P155,2019-09-11,2019-09-11 09:38:36,1.7,1.2781,38,1.67,1.2556,38,1.66,1.2481,25,1.685,1.2669,260,0
IWM190913P155,2019-09-11,2019-09-11 09:38:36,1.71,1.2857,13,1.68,1.2631,22,1.66,1.2481,25,1.695,1.2744,260,0
