symbol,Date,quote_time,ask_price,norm_ask_price,ask_size,bid_price,norm_bid_price,bid_size,last_trade_price,norm_last_trade_price,last_trade_size,mark_price,norm_mark_price,volume,Volume
SPY190724C299,2019-07-22,2019-07-22 09:41:19.000,0.49,1.00,1239,0.48,0.9795,5,0.46,0.9387,50,0.485,0.9897,374,374
SPY190724C299,2019-07-22,2019-07-22 09:41:21.000,0.49,1.00,268,0.48,0.9795,300,0.46,0.9387,50,0.485,0.9897,374,0
SPY190724C299,2019-07-22,2019-07-22 09:41:22.000,0.49,1.00,700,0.48,0.9795,300,0.46,0.9387,50,0.485,0.9897,374,0
SPY190724C299,2019-07-22,2019-07-22 09:41:23.000,0.49,1.00,268,0.48,0.9795,300,0.46,0.9387,50,0.485,0.9897,374,0
SPY190724C299,2019-07-22,2019-07-22 09:41:23.000,0.49,1.00,268,0.48,0.9795,846,0.46,0.9387,50,0.485,0.9897,374,0
SPY190724C299,2019-07-22,2019-07-22 09:41:24.000,0.49,1.00,268,0.48,0.9795,846,0.46,0.9387,50,0.485,0.9897,374,0
SPY190724C299,2019-07-22,2019-07-22 09:41:25.000,0.49,1.00,268,0.48,0.9795,780,0.46,0.9387,50,0.485,0.9897,374,0
SPY190724C299,2019-07-22,2019-07-22 09:41:25.000,0.49,1.00,268,0.48,0.9795,723,0.46,0.9387,50,0.485,0.9897,374,0
SPY190724C299,2019-07-22,2019-07-22 09:41:26.000,0.49,1.00,268,0.48,0.9795,612,0.46,0.9387,50,0.485,0.9897,374,0
SPY190724C299,2019-07-22,2019-07-22 09:41:27.000,0.49,1.00,268,0.48,0.9795,329,0.46,0.9387,50,0.485,0.9897,374,0
SPY190724C299,2019-07-22,2019-07-22 09:41:27.000,0.49,1.00,268,0.48,0.9795,603,0.46,0.9387,50,0.485,0.9897,374,0
SPY190724C299,2019-07-22,2019-07-22 09:41:28.000,0.49,1.00,268,0.48,0.9795,723,0.46,0.9387,50,0.485,0.9897,374,0
SPY190724C299,2019-07-22,2019-07-22 09:41:29.000,0.49,1.00,268,0.48,0.9795,723,0.46,0.9387,50,0.485,0.9897,374,0
SPY190724C299,2019-07-22,2019-07-22 09:41:29.000,0.49,1.00,198,0.48,0.9795,853,0.46,0.9387,50,0.485,0.9897,374,0
SPY190724C299,2019-07-22,2019-07-22 09:41:30.000,0.49,1.00,75,0.48,0.9795,429,0.46,0.9387,50,0.485,0.9897,374,0
SPY190724C299,2019-07-22,2019-07-22 09:41:30.000,0.49,1.00,5,0.48,0.9795,776,0.46,0.9387,50,0.485,0.9897,374,0
SPY190724C299,2019-07-22,2019-07-22 09:41:31.000,0.50,1.0204,765,0.48,0.9795,966,0.46,0.9387,50,0.49,1.00,374,0
SPY190724C299,2019-07-22,2019-07-22 09:41:32.000,0.50,1.0204,483,0.49,1.00,212,0.46,0.9387,50,0.495,1.0102,374,0
SPY190724C299,2019-07-22,2019-07-22 09:41:32.000,0.50,1.0204,342,0.49,1.00,212,0.46,0.9387,50,0.495,1.0102,374,0
SPY190724C299,2019-07-22,2019-07-22 09:41:33.000,0.49,1.00,6,0.48,0.9795,805,0.46,0.9387,50,0.485,0.9897,374,0
SPY190724C299,2019-07-22,2019-07-22 09:41:33.000,0.49,1.00,6,0.48,0.9795,932,0.46,0.9387,50,0.485,0.9897,374,0
SPY190724C299,2019-07-22,2019-07-22 09:41:34.000,0.50,1.0204,1587,0.48,0.9795,932,0.46,0.9387,50,0.49,1.00,374,0
SPY190724C299,2019-07-22,2019-07-22 09:41:35.000,0.50,1.0204,267,0.48,0.9795,416,0.46,0.9387,50,0.49,1.00,374,0
SPY190724C299,2019-07-22,2019-07-22 09:41:35.000,0.50,1.0204,662,0.49,1.00,76,0.46,0.9387,50,0.495,1.0102,374,0
SPY190724C299,2019-07-22,2019-07-22 09:41:36.000,0.51,1.0408,568,0.50,1.0204,5,0.46,0.9387,50,0.505,1.0306,374,0
SPY190724C299,2019-07-22,2019-07-22 09:41:37.000,0.51,1.0408,1119,0.50,1.0204,5,0.46,0.9387,50,0.505,1.0306,374,0
SPY190724C299,2019-07-22,2019-07-22 09:41:38.000,0.51,1.0408,1119,0.50,1.0204,5,0.46,0.9387,50,0.505,1.0306,374,0
SPY190724C299,2019-07-22,2019-07-22 09:41:38.000,0.51,1.0408,219,0.49,1.00,260,0.46,0.9387,50,0.50,1.0204,374,0
SPY190724C299,2019-07-22,2019-07-22 09:41:39.000,0.51,1.0408,100,0.50,1.0204,815,0.50,1.0204,1,0.505,1.0306,375,1
SPY190724C299,2019-07-22,2019-07-22 09:41:39.000,0.51,1.0408,126,0.50,1.0204,777,0.46,0.9387,50,0.505,1.0306,374,0
SPY190724C299,2019-07-22,2019-07-22 09:41:40.000,0.51,1.0408,100,0.50,1.0204,808,0.50,1.0204,1,0.505,1.0306,375,0
SPY190724C299,2019-07-22,2019-07-22 09:41:41.000,0.51,1.0408,339,0.50,1.0204,121,0.50,1.0204,1,0.505,1.0306,375,0
SPY190724C299,2019-07-22,2019-07-22 09:41:41.000,0.51,1.0408,979,0.50,1.0204,5,0.50,1.0204,1,0.505,1.0306,375,0
SPY190724C299,2019-07-22,2019-07-22 09:41:42.000,0.51,1.0408,882,0.50,1.0204,5,0.50,1.0204,1,0.505,1.0306,375,0
SPY190724C299,2019-07-22,2019-07-22 09:41:43.000,0.51,1.0408,158,0.50,1.0204,315,0.50,1.0204,1,0.505,1.0306,375,0
SPY190724C299,2019-07-22,2019-07-22 09:41:43.000,0.51,1.0408,32,0.49,1.00,370,0.50,1.0204,1,0.50,1.0204,375,0
SPY190724C299,2019-07-22,2019-07-22 09:41:44.000,0.51,1.0408,100,0.50,1.0204,613,0.50,1.0204,1,0.505,1.0306,375,0
SPY190724C299,2019-07-22,2019-07-22 09:41:44.000,0.51,1.0408,100,0.50,1.0204,367,0.50,1.0204,1,0.505,1.0306,375,0
SPY190724C299,2019-07-22,2019-07-22 09:41:45.000,0.51,1.0408,100,0.50,1.0204,756,0.50,1.0204,1,0.505,1.0306,375,0
SPY190724C299,2019-07-22,2019-07-22 09:41:45.000,0.51,1.0408,100,0.50,1.0204,904,0.50,1.0204,1,0.505,1.0306,375,0
SPY190724C299,2019-07-22,2019-07-22 09:41:46.000,0.51,1.0408,100,0.50,1.0204,665,0.50,1.0204,1,0.505,1.0306,375,0
SPY190724C299,2019-07-22,2019-07-22 09:41:47.000,0.51,1.0408,100,0.50,1.0204,747,0.50,1.0204,1,0.505,1.0306,375,0
SPY190724C299,2019-07-22,2019-07-22 09:41:47.000,0.51,1.0408,83,0.50,1.0204,810,0.50,1.0204,1,0.505,1.0306,375,0
SPY190724C299,2019-07-22,2019-07-22 09:41:48.000,0.51,1.0408,88,0.50,1.0204,810,0.50,1.0204,1,0.505,1.0306,375,0
SPY190724C299,2019-07-22,2019-07-22 09:41:48.000,0.51,1.0408,32,0.50,1.0204,595,0.50,1.0204,1,0.505,1.0306,375,0
SPY190724C299,2019-07-22,2019-07-22 09:41:49.000,0.51,1.0408,25,0.50,1.0204,941,0.50,1.0204,1,0.505,1.0306,375,0
SPY190724C299,2019-07-22,2019-07-22 09:41:49.000,0.51,1.0408,25,0.50,1.0204,595,0.50,1.0204,1,0.505,1.0306,375,0
SPY190724C299,2019-07-22,2019-07-22 09:41:50.000,0.51,1.0408,25,0.50,1.0204,941,0.50,1.0204,1,0.505,1.0306,375,0
SPY190724C299,2019-07-22,2019-07-22 09:41:51.000,0.51,1.0408,25,0.50,1.0204,958,0.50,1.0204,1,0.505,1.0306,375,0
SPY190724C299,2019-07-22,2019-07-22 09:41:52.000,0.51,1.0408,53,0.50,1.0204,624,0.50,1.0204,1,0.505,1.0306,375,0
SPY190724C299,2019-07-22,2019-07-22 09:41:52.000,0.51,1.0408,25,0.50,1.0204,726,0.50,1.0204,1,0.505,1.0306,375,0
SPY190724C299,2019-07-22,2019-07-22 09:41:53.000,0.51,1.0408,53,0.50,1.0204,100,0.50,1.0204,1,0.505,1.0306,375,0
SPY190724C299,2019-07-22,2019-07-22 09:41:53.000,0.51,1.0408,53,0.50,1.0204,724,0.50,1.0204,1,0.505,1.0306,375,0
SPY190724C299,2019-07-22,2019-07-22 09:41:54.000,0.51,1.0408,991,0.50,1.0204,100,0.50,1.0204,1,0.505,1.0306,375,0
SPY190724C299,2019-07-22,2019-07-22 09:41:54.000,0.50,1.0204,16,0.49,1.00,5,0.50,1.0204,1,0.495,1.0102,375,0
SPY190724C299,2019-07-22,2019-07-22 09:41:55.000,0.50,1.0204,334,0.49,1.00,5,0.50,1.0204,1,0.495,1.0102,375,0
SPY190724C299,2019-07-22,2019-07-22 09:41:56.000,0.50,1.0204,106,0.49,1.00,245,0.50,1.0204,1,0.495,1.0102,375,0
SPY190724C299,2019-07-22,2019-07-22 09:41:56.000,0.50,1.0204,204,0.49,1.00,245,0.50,1.0204,1,0.495,1.0102,375,0
SPY190724C299,2019-07-22,2019-07-22 09:41:57.000,0.50,1.0204,1212,0.48,0.9795,34,0.50,1.0204,1,0.49,1.00,375,0
SPY190724C299,2019-07-22,2019-07-22 09:41:57.000,0.50,1.0204,1287,0.49,1.00,245,0.50,1.0204,1,0.495,1.0102,375,0
SPY190724C299,2019-07-22,2019-07-22 09:41:58.000,0.49,1.00,797,0.48,0.9795,245,0.48,0.9795,4,0.485,0.9897,379,0
SPY190724C299,2019-07-22,2019-07-22 09:41:58.000,0.49,1.00,84,0.48,0.9795,245,0.48,0.9795,4,0.485,0.9897,379,4
SPY190724C299,2019-07-22,2019-07-22 09:41:59.000,0.49,1.00,1098,0.48,0.9795,5,0.48,0.9795,4,0.485,0.9897,379,0
SPY190724C299,2019-07-22,2019-07-22 09:41:59.000,0.49,1.00,1572,0.48,0.9795,5,0.48,0.9795,4,0.485,0.9897,379,0
SPY190724C299,2019-07-22,2019-07-22 09:42:00.000,0.49,1.00,1002,0.48,0.9795,5,0.48,0.9795,4,0.485,0.9897,379,0
SPY190724C299,2019-07-22,2019-07-22 09:42:01.000,0.48,0.9795,229,0.47,0.9591,218,0.48,0.9795,5,0.475,0.9693,384,0
SPY190724C299,2019-07-22,2019-07-22 09:42:01.000,0.48,0.9795,184,0.47,0.9591,218,0.48,0.9795,5,0.475,0.9693,384,5
SPY190724C299,2019-07-22,2019-07-22 09:42:02.000,0.49,1.00,482,0.47,0.9591,817,0.48,0.9795,5,0.48,0.9795,384,0
SPY190724C299,2019-07-22,2019-07-22 09:42:02.000,0.48,0.9795,6,0.47,0.9591,60,0.48,0.9795,5,0.475,0.9693,384,0
SPY190724C299,2019-07-22,2019-07-22 09:42:03.000,0.49,1.00,877,0.47,0.9591,929,0.48,0.9795,5,0.48,0.9795,384,0
SPY190724C299,2019-07-22,2019-07-22 09:42:03.000,0.48,0.9795,102,0.47,0.9591,637,0.48,0.9795,5,0.475,0.9693,384,0
SPY190724C299,2019-07-22,2019-07-22 09:42:04.000,0.49,1.00,205,0.47,0.9591,343,0.48,0.9795,5,0.48,0.9795,384,0
SPY190724C299,2019-07-22,2019-07-22 09:42:04.000,0.48,0.9795,326,0.47,0.9591,77,0.48,0.9795,5,0.475,0.9693,384,0
SPY190724C299,2019-07-22,2019-07-22 09:42:05.000,0.48,0.9795,1307,0.47,0.9591,77,0.48,0.9795,5,0.475,0.9693,384,0
SPY190724C299,2019-07-22,2019-07-22 09:42:06.000,0.48,0.9795,364,0.46,0.9387,522,0.48,0.9795,5,0.47,0.9591,384,0
SPY190724C299,2019-07-22,2019-07-22 09:42:06.000,0.48,0.9795,700,0.46,0.9387,697,0.48,0.9795,5,0.47,0.9591,384,0
SPY190724C299,2019-07-22,2019-07-22 09:42:07.000,0.48,0.9795,652,0.47,0.9591,198,0.48,0.9795,5,0.475,0.9693,384,0
SPY190724C299,2019-07-22,2019-07-22 09:42:07.000,0.48,0.9795,476,0.47,0.9591,344,0.48,0.9795,5,0.475,0.9693,384,0
SPY190724C299,2019-07-22,2019-07-22 09:42:08.000,0.48,0.9795,189,0.47,0.9591,485,0.48,0.9795,5,0.475,0.9693,384,0
SPY190724C299,2019-07-22,2019-07-22 09:42:09.000,0.48,0.9795,189,0.47,0.9591,547,0.48,0.9795,5,0.475,0.9693,384,0
SPY190724C299,2019-07-22,2019-07-22 09:42:10.000,0.48,0.9795,180,0.47,0.9591,679,0.48,0.9795,5,0.475,0.9693,384,0
SPY190724C299,2019-07-22,2019-07-22 09:42:10.000,0.48,0.9795,180,0.47,0.9591,362,0.48,0.9795,5,0.475,0.9693,384,0
SPY190724C299,2019-07-22,2019-07-22 09:42:11.000,0.49,1.00,1018,0.47,0.9591,450,0.48,0.9795,5,0.48,0.9795,384,0
SPY190724C299,2019-07-22,2019-07-22 09:42:11.000,0.48,0.9795,100,0.47,0.9591,362,0.48,0.9795,5,0.475,0.9693,384,0
SPY190724C299,2019-07-22,2019-07-22 09:42:12.000,0.49,1.00,278,0.48,0.9795,344,0.48,0.9795,5,0.485,0.9897,384,0
SPY190724C299,2019-07-22,2019-07-22 09:42:12.000,0.49,1.00,575,0.47,0.9591,429,0.48,0.9795,5,0.48,0.9795,384,0
SPY190724C299,2019-07-22,2019-07-22 09:42:13.000,0.49,1.00,278,0.48,0.9795,321,0.48,0.9795,5,0.485,0.9897,384,0
SPY190724C299,2019-07-22,2019-07-22 09:42:13.000,0.49,1.00,272,0.48,0.9795,259,0.48,0.9795,5,0.485,0.9897,384,0
SPY190724C299,2019-07-22,2019-07-22 09:42:14.000,0.49,1.00,291,0.48,0.9795,259,0.48,0.9795,5,0.485,0.9897,384,0
SPY190724C299,2019-07-22,2019-07-22 09:42:15.000,0.49,1.00,175,0.48,0.9795,310,0.48,0.9795,5,0.485,0.9897,384,0
SPY190724C299,2019-07-22,2019-07-22 09:42:15.000,0.49,1.00,5,0.48,0.9795,1063,0.48,0.9795,5,0.485,0.9897,384,0
SPY190724C299,2019-07-22,2019-07-22 09:42:16.000,0.49,1.00,736,0.48,0.9795,113,0.48,0.9795,5,0.485,0.9897,384,0
SPY190724C299,2019-07-22,2019-07-22 09:42:16.000,0.49,1.00,372,0.48,0.9795,113,0.48,0.9795,5,0.485,0.9897,384,0
SPY190724C299,2019-07-22,2019-07-22 09:42:17.000,0.49,1.00,944,0.48,0.9795,113,0.48,0.9795,5,0.485,0.9897,384,0
SPY190724C299,2019-07-22,2019-07-22 09:42:17.000,0.49,1.00,999,0.48,0.9795,113,0.48,0.9795,5,0.485,0.9897,384,0
SPY190724C299,2019-07-22,2019-07-22 09:42:18.000,0.49,1.00,898,0.48,0.9795,113,0.48,0.9795,5,0.485,0.9897,384,0
SPY190724C299,2019-07-22,2019-07-22 09:42:19.000,0.49,1.00,1009,0.48,0.9795,113,0.48,0.9795,5,0.485,0.9897,384,0
SPY190724C299,2019-07-22,2019-07-22 09:42:19.000,0.49,1.00,602,0.48,0.9795,113,0.48,0.9795,5,0.485,0.9897,384,0
SPY190724C299,2019-07-22,2019-07-22 09:42:20.000,0.49,1.00,879,0.48,0.9795,113,0.48,0.9795,5,0.485,0.9897,384,0
SPY190724C299,2019-07-22,2019-07-22 09:42:21.000,0.49,1.00,515,0.48,0.9795,113,0.48,0.9795,5,0.485,0.9897,384,0
SPY190724C299,2019-07-22,2019-07-22 09:42:21.000,0.49,1.00,879,0.48,0.9795,113,0.48,0.9795,5,0.485,0.9897,384,0
SPY190724C299,2019-07-22,2019-07-22 09:42:22.000,0.49,1.00,302,0.47,0.9591,400,0.48,0.9795,50,0.48,0.9795,434,50
SPY190724C299,2019-07-22,2019-07-22 09:42:22.000,0.49,1.00,302,0.47,0.9591,656,0.48,0.9795,50,0.48,0.9795,434,0
SPY190724C299,2019-07-22,2019-07-22 09:42:23.000,0.48,0.9795,209,0.47,0.9591,677,0.48,0.9795,50,0.475,0.9693,434,0
SPY190724C299,2019-07-22,2019-07-22 09:42:24.000,0.48,0.9795,209,0.47,0.9591,677,0.48,0.9795,50,0.475,0.9693,434,0
SPY190724C299,2019-07-22,2019-07-22 09:42:24.000,0.48,0.9795,279,0.47,0.9591,677,0.48,0.9795,50,0.475,0.9693,434,0
SPY190724C299,2019-07-22,2019-07-22 09:42:25.000,0.48,0.9795,279,0.47,0.9591,677,0.48,0.9795,50,0.475,0.9693,434,0
SPY190724C299,2019-07-22,2019-07-22 09:42:26.000,0.48,0.9795,279,0.47,0.9591,1109,0.48,0.9795,50,0.475,0.9693,434,0
SPY190724C299,2019-07-22,2019-07-22 09:42:27.000,0.48,0.9795,279,0.47,0.9591,842,0.48,0.9795,50,0.475,0.9693,434,0
SPY190724C299,2019-07-22,2019-07-22 09:42:28.000,0.48,0.9795,529,0.47,0.9591,107,0.48,0.9795,50,0.475,0.9693,434,0
SPY190724C299,2019-07-22,2019-07-22 09:42:28.000,0.48,0.9795,698,0.47,0.9591,287,0.48,0.9795,50,0.475,0.9693,434,0
SPY190724C299,2019-07-22,2019-07-22 09:42:29.000,0.48,0.9795,1045,0.47,0.9591,6,0.48,0.9795,50,0.475,0.9693,434,0
SPY190724C299,2019-07-22,2019-07-22 09:42:29.000,0.48,0.9795,1045,0.47,0.9591,5,0.48,0.9795,50,0.475,0.9693,434,0
SPY190724C299,2019-07-22,2019-07-22 09:42:30.000,0.48,0.9795,566,0.47,0.9591,6,0.48,0.9795,50,0.475,0.9693,434,0
SPY190724C299,2019-07-22,2019-07-22 09:42:31.000,0.48,0.9795,827,0.47,0.9591,131,0.48,0.9795,50,0.475,0.9693,434,0
SPY190724C299,2019-07-22,2019-07-22 09:42:31.000,0.48,0.9795,837,0.47,0.9591,131,0.48,0.9795,50,0.475,0.9693,434,0
SPY190724C299,2019-07-22,2019-07-22 09:42:32.000,0.48,0.9795,1225,0.46,0.9387,1279,0.48,0.9795,50,0.47,0.9591,434,0
SPY190724C299,2019-07-22,2019-07-22 09:42:32.000,0.47,0.9591,60,0.46,0.9387,1143,0.48,0.9795,50,0.465,0.9489,434,0
SPY190724C299,2019-07-22,2019-07-22 09:42:33.000,0.47,0.9591,100,0.46,0.9387,1143,0.48,0.9795,50,0.465,0.9489,434,0
SPY190724C299,2019-07-22,2019-07-22 09:42:34.000,0.47,0.9591,100,0.46,0.9387,1069,0.48,0.9795,50,0.465,0.9489,434,0
SPY190724C299,2019-07-22,2019-07-22 09:42:34.000,0.47,0.9591,187,0.46,0.9387,1199,0.48,0.9795,50,0.465,0.9489,434,0
SPY190724C299,2019-07-22,2019-07-22 09:42:35.000,0.47,0.9591,1,0.46,0.9387,1258,0.48,0.9795,50,0.465,0.9489,434,0
SPY190724C299,2019-07-22,2019-07-22 09:42:35.000,0.47,0.9591,5,0.46,0.9387,1199,0.48,0.9795,50,0.465,0.9489,434,0
SPY190724C299,2019-07-22,2019-07-22 09:42:36.000,0.47,0.9591,1,0.46,0.9387,1258,0.48,0.9795,50,0.465,0.9489,434,0
SPY190724C299,2019-07-22,2019-07-22 09:42:36.000,0.47,0.9591,1,0.46,0.9387,1025,0.48,0.9795,50,0.465,0.9489,434,0
SPY190724C299,2019-07-22,2019-07-22 09:42:37.000,0.48,0.9795,731,0.47,0.9591,252,0.48,0.9795,50,0.475,0.9693,434,0
SPY190724C299,2019-07-22,2019-07-22 09:42:38.000,0.48,0.9795,823,0.47,0.9591,352,0.48,0.9795,50,0.475,0.9693,434,0
SPY190724C299,2019-07-22,2019-07-22 09:42:38.000,0.48,0.9795,700,0.47,0.9591,535,0.48,0.9795,50,0.475,0.9693,434,0
SPY190724C299,2019-07-22,2019-07-22 09:42:39.000,0.48,0.9795,124,0.47,0.9591,1297,0.48,0.9795,50,0.475,0.9693,434,0
SPY190724C299,2019-07-22,2019-07-22 09:42:39.000,0.48,0.9795,248,0.47,0.9591,811,0.48,0.9795,50,0.475,0.9693,434,0
SPY190724C299,2019-07-22,2019-07-22 09:42:40.000,0.48,0.9795,5,0.47,0.9591,1059,0.48,0.9795,50,0.475,0.9693,434,0
SPY190724C299,2019-07-22,2019-07-22 09:42:40.000,0.48,0.9795,248,0.47,0.9591,880,0.48,0.9795,50,0.475,0.9693,434,0
SPY190724C299,2019-07-22,2019-07-22 09:42:41.000,0.49,1.00,1274,0.48,0.9795,124,0.48,0.9795,50,0.485,0.9897,434,0
SPY190724C299,2019-07-22,2019-07-22 09:42:41.000,0.49,1.00,1341,0.47,0.9591,1879,0.48,0.9795,50,0.48,0.9795,434,0
SPY190724C299,2019-07-22,2019-07-22 09:42:42.000,0.49,1.00,859,0.48,0.9795,190,0.48,0.9795,50,0.485,0.9897,434,0
SPY190724C299,2019-07-22,2019-07-22 09:42:43.000,0.49,1.00,197,0.48,0.9795,747,0.48,0.9795,50,0.485,0.9897,434,0
SPY190724C299,2019-07-22,2019-07-22 09:42:43.000,0.49,1.00,267,0.48,0.9795,267,0.48,0.9795,50,0.485,0.9897,434,0
SPY190724C299,2019-07-22,2019-07-22 09:42:44.000,0.49,1.00,5,0.48,0.9795,553,0.48,0.9795,50,0.485,0.9897,434,0
SPY190724C299,2019-07-22,2019-07-22 09:42:44.000,0.50,1.0204,331,0.48,0.9795,2099,0.48,0.9795,50,0.49,1.00,434,0
SPY190724C299,2019-07-22,2019-07-22 09:42:45.000,0.50,1.0204,293,0.49,1.00,289,0.48,0.9795,50,0.495,1.0102,434,0
SPY190724C299,2019-07-22,2019-07-22 09:42:45.000,0.50,1.0204,646,0.48,0.9795,1579,0.48,0.9795,50,0.49,1.00,434,0
SPY190724C299,2019-07-22,2019-07-22 09:42:46.000,0.50,1.0204,259,0.49,1.00,317,0.48,0.9795,50,0.495,1.0102,434,0
SPY190724C299,2019-07-22,2019-07-22 09:42:46.000,0.50,1.0204,1,0.49,1.00,495,0.48,0.9795,50,0.495,1.0102,434,0
SPY190724C299,2019-07-22,2019-07-22 09:42:47.000,0.50,1.0204,229,0.49,1.00,632,0.48,0.9795,50,0.495,1.0102,434,0
SPY190724C299,2019-07-22,2019-07-22 09:42:48.000,0.50,1.0204,77,0.49,1.00,632,0.48,0.9795,50,0.495,1.0102,434,0
SPY190724C299,2019-07-22,2019-07-22 09:42:48.000,0.51,1.0408,1203,0.49,1.00,1522,0.48,0.9795,50,0.50,1.0204,434,0
SPY190724C299,2019-07-22,2019-07-22 09:42:49.000,0.50,1.0204,71,0.49,1.00,922,0.48,0.9795,50,0.495,1.0102,434,0
SPY190724C299,2019-07-22,2019-07-22 09:42:49.000,0.50,1.0204,223,0.49,1.00,1826,0.48,0.9795,50,0.495,1.0102,434,0
SPY190724C299,2019-07-22,2019-07-22 09:42:50.000,0.51,1.0408,1138,0.50,1.0204,156,0.48,0.9795,50,0.505,1.0306,434,0
SPY190724C299,2019-07-22,2019-07-22 09:42:50.000,0.51,1.0408,1175,0.50,1.0204,6,0.48,0.9795,50,0.505,1.0306,434,0
SPY190724C299,2019-07-22,2019-07-22 09:42:51.000,0.51,1.0408,1024,0.49,1.00,733,0.48,0.9795,50,0.50,1.0204,434,0
SPY190724C299,2019-07-22,2019-07-22 09:42:51.000,0.50,1.0204,259,0.49,1.00,287,0.48,0.9795,50,0.495,1.0102,434,0
SPY190724C299,2019-07-22,2019-07-22 09:42:52.000,0.50,1.0204,259,0.49,1.00,287,0.48,0.9795,50,0.495,1.0102,434,0
SPY190724C299,2019-07-22,2019-07-22 09:42:53.000,0.50,1.0204,482,0.49,1.00,218,0.48,0.9795,50,0.495,1.0102,434,0
SPY190724C299,2019-07-22,2019-07-22 09:42:53.000,0.50,1.0204,280,0.49,1.00,287,0.48,0.9795,50,0.495,1.0102,434,0
SPY190724C299,2019-07-22,2019-07-22 09:42:54.000,0.50,1.0204,280,0.49,1.00,218,0.48,0.9795,50,0.495,1.0102,434,0
SPY190724C299,2019-07-22,2019-07-22 09:42:54.000,0.50,1.0204,25,0.49,1.00,391,0.48,0.9795,50,0.495,1.0102,434,0
SPY190724C299,2019-07-22,2019-07-22 09:42:55.000,0.51,1.0408,637,0.49,1.00,942,0.48,0.9795,50,0.50,1.0204,434,0
SPY190724C299,2019-07-22,2019-07-22 09:42:55.000,0.51,1.0408,745,0.49,1.00,2203,0.48,0.9795,50,0.50,1.0204,434,0
SPY190724C299,2019-07-22,2019-07-22 09:42:56.000,0.51,1.0408,1142,0.49,1.00,2601,0.48,0.9795,50,0.50,1.0204,434,0
SPY190724C299,2019-07-22,2019-07-22 09:42:56.000,0.51,1.0408,1142,0.49,1.00,2684,0.48,0.9795,50,0.50,1.0204,434,0
SPY190724C299,2019-07-22,2019-07-22 09:42:57.000,0.50,1.0204,1,0.50,1.0204,6,0.48,0.9795,50,0.50,1.0204,434,0
SPY190724C299,2019-07-22,2019-07-22 09:42:58.000,0.51,1.0408,1023,0.50,1.0204,245,0.48,0.9795,50,0.505,1.0306,434,0
SPY190724C299,2019-07-22,2019-07-22 09:42:58.000,0.50,1.0204,1,0.50,1.0204,245,0.48,0.9795,50,0.50,1.0204,434,0
SPY190724C299,2019-07-22,2019-07-22 09:42:59.000,0.51,1.0408,921,0.50,1.0204,245,0.48,0.9795,50,0.505,1.0306,434,0
SPY190724C299,2019-07-22,2019-07-22 09:42:59.000,0.51,1.0408,921,0.50,1.0204,151,0.48,0.9795,50,0.505,1.0306,434,0
SPY190724C299,2019-07-22,2019-07-22 09:43:00.000,0.51,1.0408,590,0.49,1.00,970,0.48,0.9795,50,0.50,1.0204,434,0
SPY190724C299,2019-07-22,2019-07-22 09:43:00.000,0.51,1.0408,558,0.49,1.00,516,0.48,0.9795,50,0.50,1.0204,434,0
SPY190724C299,2019-07-22,2019-07-22 09:43:01.000,0.51,1.0408,678,0.49,1.00,970,0.48,0.9795,50,0.50,1.0204,434,0
SPY190724C299,2019-07-22,2019-07-22 09:43:02.000,0.51,1.0408,678,0.49,1.00,970,0.48,0.9795,50,0.50,1.0204,434,0
SPY190724C299,2019-07-22,2019-07-22 09:43:02.000,0.50,1.0204,5,0.49,1.00,1515,0.48,0.9795,50,0.495,1.0102,434,0
SPY190724C299,2019-07-22,2019-07-22 09:43:03.000,0.50,1.0204,154,0.49,1.00,889,0.48,0.9795,50,0.495,1.0102,434,0
SPY190724C299,2019-07-22,2019-07-22 09:43:03.000,0.50,1.0204,224,0.49,1.00,843,0.48,0.9795,50,0.495,1.0102,434,0
SPY190724C299,2019-07-22,2019-07-22 09:43:04.000,0.50,1.0204,154,0.49,1.00,739,0.48,0.9795,50,0.495,1.0102,434,0
SPY190724C299,2019-07-22,2019-07-22 09:43:04.000,0.51,1.0408,744,0.49,1.00,816,0.48,0.9795,50,0.50,1.0204,434,0
SPY190724C299,2019-07-22,2019-07-22 09:43:05.000,0.51,1.0408,1195,0.50,1.0204,156,0.48,0.9795,50,0.505,1.0306,434,0
SPY190724C299,2019-07-22,2019-07-22 09:43:05.000,0.51,1.0408,1108,0.50,1.0204,6,0.48,0.9795,50,0.505,1.0306,434,0
SPY190724C299,2019-07-22,2019-07-22 09:43:06.000,0.51,1.0408,1229,0.50,1.0204,156,0.48,0.9795,50,0.505,1.0306,434,0
SPY190724C299,2019-07-22,2019-07-22 09:43:07.000,0.51,1.0408,1121,0.50,1.0204,156,0.48,0.9795,50,0.505,1.0306,434,0
SPY190724C299,2019-07-22,2019-07-22 09:43:07.000,0.51,1.0408,1229,0.50,1.0204,215,0.48,0.9795,50,0.505,1.0306,434,0
SPY190724C299,2019-07-22,2019-07-22 09:43:08.000,0.51,1.0408,823,0.50,1.0204,100,0.48,0.9795,50,0.505,1.0306,434,0
SPY190724C299,2019-07-22,2019-07-22 09:43:08.000,0.51,1.0408,1229,0.50,1.0204,215,0.48,0.9795,50,0.505,1.0306,434,0
SPY190724C299,2019-07-22,2019-07-22 09:43:09.000,0.51,1.0408,872,0.50,1.0204,100,0.48,0.9795,50,0.505,1.0306,434,0
SPY190724C299,2019-07-22,2019-07-22 09:43:09.000,0.51,1.0408,747,0.50,1.0204,100,0.48,0.9795,50,0.505,1.0306,434,0
SPY190724C299,2019-07-22,2019-07-22 09:43:10.000,0.51,1.0408,1253,0.50,1.0204,100,0.48,0.9795,50,0.505,1.0306,434,0
SPY190724C299,2019-07-22,2019-07-22 09:43:11.000,0.51,1.0408,1253,0.50,1.0204,100,0.48,0.9795,50,0.505,1.0306,434,0
SPY190724C299,2019-07-22,2019-07-22 09:43:11.000,0.50,1.0204,5,0.50,1.0204,56,0.48,0.9795,50,0.50,1.0204,434,0
SPY190724C299,2019-07-22,2019-07-22 09:43:12.000,0.50,1.0204,201,0.49,1.00,733,0.48,0.9795,50,0.495,1.0102,434,0
SPY190724C299,2019-07-22,2019-07-22 09:43:12.000,0.50,1.0204,201,0.49,1.00,297,0.48,0.9795,50,0.495,1.0102,434,0
SPY190724C299,2019-07-22,2019-07-22 09:43:13.000,0.51,1.0408,1018,0.50,1.0204,5,0.48,0.9795,50,0.505,1.0306,434,0
SPY190724C299,2019-07-22,2019-07-22 09:43:13.000,0.51,1.0408,901,0.49,1.00,1185,0.48,0.9795,50,0.50,1.0204,434,0
SPY190724C299,2019-07-22,2019-07-22 09:43:14.000,0.51,1.0408,1018,0.49,1.00,1078,0.48,0.9795,50,0.50,1.0204,434,0
SPY190724C299,2019-07-22,2019-07-22 09:43:15.000,0.50,1.0204,30,0.49,1.00,1309,0.48,0.9795,50,0.495,1.0102,434,0
SPY190724C299,2019-07-22,2019-07-22 09:43:15.000,0.50,1.0204,25,0.49,1.00,1009,0.48,0.9795,50,0.495,1.0102,434,0
SPY190724C299,2019-07-22,2019-07-22 09:43:16.000,0.50,1.0204,25,0.49,1.00,899,0.48,0.9795,50,0.495,1.0102,434,0
SPY190724C299,2019-07-22,2019-07-22 09:43:16.000,0.50,1.0204,25,0.49,1.00,1639,0.48,0.9795,50,0.495,1.0102,434,0
SPY190724C299,2019-07-22,2019-07-22 09:43:17.000,0.50,1.0204,92,0.49,1.00,956,0.48,0.9795,50,0.495,1.0102,434,0
SPY190724C299,2019-07-22,2019-07-22 09:43:18.000,0.50,1.0204,254,0.49,1.00,420,0.48,0.9795,50,0.495,1.0102,434,0
SPY190724C299,2019-07-22,2019-07-22 09:43:18.000,0.50,1.0204,208,0.49,1.00,400,0.48,0.9795,50,0.495,1.0102,434,0
SPY190724C299,2019-07-22,2019-07-22 09:43:19.000,0.50,1.0204,374,0.49,1.00,420,0.48,0.9795,50,0.495,1.0102,434,0
SPY190724C299,2019-07-22,2019-07-22 09:43:20.000,0.50,1.0204,465,0.49,1.00,420,0.48,0.9795,50,0.495,1.0102,434,0
SPY190724C299,2019-07-22,2019-07-22 09:43:20.000,0.50,1.0204,573,0.49,1.00,420,0.48,0.9795,50,0.495,1.0102,434,0
SPY190724C299,2019-07-22,2019-07-22 09:43:21.000,0.50,1.0204,465,0.49,1.00,420,0.48,0.9795,50,0.495,1.0102,434,0
SPY190724C299,2019-07-22,2019-07-22 09:43:22.000,0.49,1.00,5,0.48,0.9795,749,0.48,0.9795,50,0.485,0.9897,434,0
SPY190724C299,2019-07-22,2019-07-22 09:43:22.000,0.50,1.0204,407,0.49,1.00,35,0.48,0.9795,50,0.495,1.0102,434,0
SPY190724C299,2019-07-22,2019-07-22 09:43:23.000,0.49,1.00,5,0.48,0.9795,1217,0.48,0.9795,50,0.485,0.9897,434,0
SPY190724C299,2019-07-22,2019-07-22 09:43:24.000,0.49,1.00,1,0.48,0.9795,1483,0.49,1.00,1,0.485,0.9897,435,0
SPY190724C299,2019-07-22,2019-07-22 09:43:24.000,0.49,1.00,1,0.48,0.9795,966,0.49,1.00,1,0.485,0.9897,435,1
SPY190724C299,2019-07-22,2019-07-22 09:43:25.000,0.50,1.0204,927,0.48,0.9795,1076,0.49,1.00,1,0.49,1.00,435,0
SPY190724C299,2019-07-22,2019-07-22 09:43:25.000,0.50,1.0204,927,0.48,0.9795,1654,0.49,1.00,1,0.49,1.00,435,0
SPY190724C299,2019-07-22,2019-07-22 09:43:26.000,0.50,1.0204,296,0.49,1.00,287,0.49,1.00,1,0.495,1.0102,435,0
SPY190724C299,2019-07-22,2019-07-22 09:43:26.000,0.50,1.0204,296,0.49,1.00,254,0.49,1.00,1,0.495,1.0102,435,0
SPY190724C299,2019-07-22,2019-07-22 09:43:27.000,0.50,1.0204,214,0.49,1.00,425,0.49,1.00,1,0.495,1.0102,435,0
SPY190724C299,2019-07-22,2019-07-22 09:43:27.000,0.50,1.0204,214,0.49,1.00,675,0.49,1.00,1,0.495,1.0102,435,0
SPY190724C299,2019-07-22,2019-07-22 09:43:28.000,0.50,1.0204,284,0.49,1.00,659,0.49,1.00,1,0.495,1.0102,435,0
SPY190724C299,2019-07-22,2019-07-22 09:43:29.000,0.50,1.0204,68,0.49,1.00,6,0.49,1.00,1,0.495,1.0102,435,0
SPY190724C299,2019-07-22,2019-07-22 09:43:29.000,0.50,1.0204,361,0.49,1.00,148,0.49,1.00,1,0.495,1.0102,435,0
SPY190724C299,2019-07-22,2019-07-22 09:43:30.000,0.49,1.00,5,0.48,0.9795,1936,0.49,1.00,1,0.485,0.9897,435,0
SPY190724C299,2019-07-22,2019-07-22 09:43:30.000,0.50,1.0204,328,0.49,1.00,148,0.49,1.00,1,0.495,1.0102,435,0
SPY190724C299,2019-07-22,2019-07-22 09:43:31.000,0.50,1.0204,1269,0.49,1.00,6,0.49,1.00,1,0.495,1.0102,435,0
SPY190724C299,2019-07-22,2019-07-22 09:43:31.000,0.50,1.0204,1161,0.48,0.9795,1936,0.49,1.00,1,0.49,1.00,435,0
SPY190724C299,2019-07-22,2019-07-22 09:43:32.000,0.50,1.0204,1012,0.49,1.00,232,0.49,1.00,1,0.495,1.0102,435,0
SPY190724C299,2019-07-22,2019-07-22 09:43:32.000,0.50,1.0204,1120,0.49,1.00,232,0.49,1.00,1,0.495,1.0102,435,0
SPY190724C299,2019-07-22,2019-07-22 09:43:33.000,0.50,1.0204,1120,0.49,1.00,162,0.49,1.00,1,0.495,1.0102,435,0
SPY190724C299,2019-07-22,2019-07-22 09:43:34.000,0.50,1.0204,1028,0.49,1.00,145,0.49,1.00,1,0.495,1.0102,435,0
SPY190724C299,2019-07-22,2019-07-22 09:43:34.000,0.50,1.0204,1151,0.49,1.00,108,0.49,1.00,1,0.495,1.0102,435,0
SPY190724C299,2019-07-22,2019-07-22 09:43:35.000,0.50,1.0204,376,0.49,1.00,177,0.49,1.00,1,0.495,1.0102,435,0
SPY190724C299,2019-07-22,2019-07-22 09:43:35.000,0.50,1.0204,297,0.49,1.00,177,0.49,1.00,1,0.495,1.0102,435,0
SPY190724C299,2019-07-22,2019-07-22 09:43:36.000,0.50,1.0204,356,0.49,1.00,177,0.49,1.00,1,0.495,1.0102,435,0
SPY190724C299,2019-07-22,2019-07-22 09:43:36.000,0.50,1.0204,297,0.49,1.00,322,0.49,1.00,1,0.495,1.0102,435,0
SPY190724C299,2019-07-22,2019-07-22 09:43:37.000,0.50,1.0204,297,0.49,1.00,322,0.49,1.00,1,0.495,1.0102,435,0
SPY190724C299,2019-07-22,2019-07-22 09:43:37.000,0.50,1.0204,284,0.49,1.00,405,0.49,1.00,1,0.495,1.0102,435,0
SPY190724C299,2019-07-22,2019-07-22 09:43:38.000,0.50,1.0204,284,0.49,1.00,505,0.49,1.00,1,0.495,1.0102,435,0
SPY190724C299,2019-07-22,2019-07-22 09:43:39.000,0.50,1.0204,284,0.49,1.00,505,0.49,1.00,1,0.495,1.0102,435,0
SPY190724C299,2019-07-22,2019-07-22 09:43:39.000,0.50,1.0204,284,0.49,1.00,331,0.49,1.00,1,0.495,1.0102,435,0
SPY190724C299,2019-07-22,2019-07-22 09:43:40.000,0.50,1.0204,377,0.49,1.00,267,0.49,1.00,1,0.495,1.0102,435,0
SPY190724C299,2019-07-22,2019-07-22 09:43:40.000,0.50,1.0204,284,0.49,1.00,331,0.49,1.00,1,0.495,1.0102,435,0
SPY190724C299,2019-07-22,2019-07-22 09:43:41.000,0.50,1.0204,381,0.49,1.00,258,0.49,1.00,1,0.495,1.0102,435,0
SPY190724C299,2019-07-22,2019-07-22 09:43:41.000,0.50,1.0204,381,0.49,1.00,235,0.49,1.00,1,0.495,1.0102,435,0
SPY190724C299,2019-07-22,2019-07-22 09:43:42.000,0.50,1.0204,950,0.49,1.00,83,0.49,1.00,1,0.495,1.0102,435,0
SPY190724C299,2019-07-22,2019-07-22 09:43:42.000,0.50,1.0204,558,0.49,1.00,233,0.49,1.00,1,0.495,1.0102,435,0
SPY190724C299,2019-07-22,2019-07-22 09:43:43.000,0.50,1.0204,952,0.49,1.00,95,0.49,1.00,1,0.495,1.0102,435,0
SPY190724C299,2019-07-22,2019-07-22 09:43:44.000,0.49,1.00,5,0.48,0.9795,2002,0.49,1.00,1,0.485,0.9897,435,0
SPY190724C299,2019-07-22,2019-07-22 09:43:44.000,0.49,1.00,5,0.48,0.9795,1271,0.49,1.00,1,0.485,0.9897,435,0
SPY190724C299,2019-07-22,2019-07-22 09:43:45.000,0.50,1.0204,1136,0.48,0.9795,1476,0.49,1.00,1,0.49,1.00,435,0
SPY190724C299,2019-07-22,2019-07-22 09:43:45.000,0.49,1.00,5,0.48,0.9795,909,0.49,1.00,1,0.485,0.9897,435,0
SPY190724C299,2019-07-22,2019-07-22 09:43:46.000,0.50,1.0204,279,0.49,1.00,272,0.49,1.00,1,0.495,1.0102,435,0
SPY190724C299,2019-07-22,2019-07-22 09:43:46.000,0.50,1.0204,322,0.49,1.00,272,0.49,1.00,1,0.495,1.0102,435,0
SPY190724C299,2019-07-22,2019-07-22 09:43:47.000,0.50,1.0204,322,0.48,0.9795,2447,0.49,1.00,1,0.49,1.00,435,0
SPY190724C299,2019-07-22,2019-07-22 09:43:47.000,0.50,1.0204,1158,0.49,1.00,6,0.49,1.00,1,0.495,1.0102,435,0
SPY190724C299,2019-07-22,2019-07-22 09:43:48.000,0.50,1.0204,172,0.49,1.00,81,0.49,1.00,1,0.495,1.0102,435,0
SPY190724C299,2019-07-22,2019-07-22 09:43:49.000,0.50,1.0204,1259,0.48,0.9795,1649,0.49,1.00,1,0.49,1.00,435,0
SPY190724C299,2019-07-22,2019-07-22 09:43:49.000,0.50,1.0204,1259,0.48,0.9795,2258,0.49,1.00,1,0.49,1.00,435,0
SPY190724C299,2019-07-22,2019-07-22 09:43:50.000,0.49,1.00,5,0.48,0.9795,2116,0.49,1.00,1,0.485,0.9897,435,0
SPY190724C299,2019-07-22,2019-07-22 09:43:51.000,0.50,1.0204,1277,0.48,0.9795,1431,0.49,1.00,1,0.49,1.00,435,0
SPY190724C299,2019-07-22,2019-07-22 09:43:51.000,0.49,1.00,5,0.48,0.9795,1233,0.49,1.00,1,0.485,0.9897,435,0
SPY190724C299,2019-07-22,2019-07-22 09:43:52.000,0.50,1.0204,1243,0.48,0.9795,2278,0.49,1.00,1,0.49,1.00,435,0
SPY190724C299,2019-07-22,2019-07-22 09:43:52.000,0.50,1.0204,1243,0.48,0.9795,2074,0.49,1.00,1,0.49,1.00,435,0
SPY190724C299,2019-07-22,2019-07-22 09:43:53.000,0.50,1.0204,884,0.48,0.9795,1865,0.49,1.00,1,0.49,1.00,435,0
SPY190724C299,2019-07-22,2019-07-22 09:43:53.000,0.50,1.0204,1245,0.48,0.9795,1865,0.49,1.00,1,0.49,1.00,435,0
SPY190724C299,2019-07-22,2019-07-22 09:43:54.000,0.49,1.00,46,0.48,0.9795,193,0.49,1.00,1,0.485,0.9897,435,0
SPY190724C299,2019-07-22,2019-07-22 09:43:54.000,0.49,1.00,384,0.48,0.9795,193,0.49,1.00,1,0.485,0.9897,435,0
SPY190724C299,2019-07-22,2019-07-22 09:43:55.000,0.49,1.00,1154,0.48,0.9795,193,0.49,1.00,1,0.485,0.9897,435,0
SPY190724C299,2019-07-22,2019-07-22 09:43:56.000,0.48,0.9795,5,0.47,0.9591,2000,0.49,1.00,1,0.475,0.9693,435,0
SPY190724C299,2019-07-22,2019-07-22 09:43:56.000,0.49,1.00,1306,0.47,0.9591,2265,0.49,1.00,1,0.48,0.9795,435,0
SPY190724C299,2019-07-22,2019-07-22 09:43:57.000,0.49,1.00,721,0.47,0.9591,1745,0.49,1.00,1,0.48,0.9795,435,0
SPY190724C299,2019-07-22,2019-07-22 09:43:57.000,0.49,1.00,921,0.47,0.9591,1830,0.49,1.00,1,0.48,0.9795,435,0
SPY190724C299,2019-07-22,2019-07-22 09:43:58.000,0.49,1.00,721,0.47,0.9591,1907,0.49,1.00,1,0.48,0.9795,435,0
SPY190724C299,2019-07-22,2019-07-22 09:43:58.000,0.49,1.00,1136,0.47,0.9591,2295,0.49,1.00,1,0.48,0.9795,435,0
SPY190724C299,2019-07-22,2019-07-22 09:43:59.000,0.49,1.00,934,0.47,0.9591,1949,0.49,1.00,1,0.48,0.9795,436,1
SPY190724C299,2019-07-22,2019-07-22 09:43:59.000,0.49,1.00,934,0.47,0.9591,2158,0.49,1.00,1,0.48,0.9795,435,0
SPY190724C299,2019-07-22,2019-07-22 09:44:00.000,0.49,1.00,934,0.47,0.9591,1949,0.49,1.00,1,0.48,0.9795,436,0
SPY190724C299,2019-07-22,2019-07-22 09:44:01.000,0.49,1.00,934,0.47,0.9591,1787,0.49,1.00,1,0.48,0.9795,436,0
SPY190724C299,2019-07-22,2019-07-22 09:44:01.000,0.49,1.00,699,0.47,0.9591,1797,0.49,1.00,1,0.48,0.9795,436,0
SPY190724C299,2019-07-22,2019-07-22 09:44:02.000,0.48,0.9795,315,0.47,0.9591,326,0.49,1.00,1,0.475,0.9693,436,0
SPY190724C299,2019-07-22,2019-07-22 09:44:02.000,0.48,0.9795,47,0.47,0.9591,7,0.49,1.00,1,0.475,0.9693,436,0
SPY190724C299,2019-07-22,2019-07-22 09:44:03.000,0.48,0.9795,315,0.47,0.9591,326,0.49,1.00,1,0.475,0.9693,436,0
SPY190724C299,2019-07-22,2019-07-22 09:44:03.000,0.49,1.00,189,0.48,0.9795,6,0.49,1.00,1,0.485,0.9897,436,0
SPY190724C299,2019-07-22,2019-07-22 09:44:04.000,0.49,1.00,805,0.48,0.9795,6,0.49,1.00,1,0.485,0.9897,436,0
SPY190724C299,2019-07-22,2019-07-22 09:44:05.000,0.49,1.00,482,0.48,0.9795,259,0.49,1.00,1,0.485,0.9897,436,0
SPY190724C299,2019-07-22,2019-07-22 09:44:05.000,0.49,1.00,100,0.48,0.9795,522,0.49,1.00,1,0.485,0.9897,436,0
SPY190724C299,2019-07-22,2019-07-22 09:44:06.000,0.49,1.00,100,0.48,0.9795,343,0.49,1.00,1,0.485,0.9897,436,0
SPY190724C299,2019-07-22,2019-07-22 09:44:06.000,0.49,1.00,215,0.48,0.9795,121,0.49,1.00,1,0.485,0.9897,436,0
SPY190724C299,2019-07-22,2019-07-22 09:44:07.000,0.49,1.00,445,0.48,0.9795,164,0.49,1.00,1,0.485,0.9897,436,0
SPY190724C299,2019-07-22,2019-07-22 09:44:07.000,0.49,1.00,859,0.48,0.9795,133,0.49,1.00,1,0.485,0.9897,436,0
SPY190724C299,2019-07-22,2019-07-22 09:44:08.000,0.49,1.00,859,0.48,0.9795,133,0.49,1.00,1,0.485,0.9897,436,0
SPY190724C299,2019-07-22,2019-07-22 09:44:08.000,0.49,1.00,859,0.47,0.9591,2136,0.49,1.00,1,0.48,0.9795,436,0
SPY190724C299,2019-07-22,2019-07-22 09:44:09.000,0.49,1.00,593,0.47,0.9591,1946,0.49,1.00,1,0.48,0.9795,436,0
SPY190724C299,2019-07-22,2019-07-22 09:44:10.000,0.48,0.9795,390,0.47,0.9591,255,0.49,1.00,1,0.475,0.9693,436,0
SPY190724C299,2019-07-22,2019-07-22 09:44:10.000,0.48,0.9795,289,0.47,0.9591,255,0.49,1.00,1,0.475,0.9693,436,0
SPY190724C299,2019-07-22,2019-07-22 09:44:11.000,0.48,0.9795,1074,0.47,0.9591,255,0.49,1.00,1,0.475,0.9693,436,0
SPY190724C299,2019-07-22,2019-07-22 09:44:11.000,0.48,0.9795,1185,0.47,0.9591,131,0.49,1.00,1,0.475,0.9693,436,0
SPY190724C299,2019-07-22,2019-07-22 09:44:12.000,0.48,0.9795,1237,0.47,0.9591,131,0.49,1.00,1,0.475,0.9693,436,0
SPY190724C299,2019-07-22,2019-07-22 09:44:13.000,0.48,0.9795,1126,0.47,0.9591,131,0.49,1.00,1,0.475,0.9693,436,0
SPY190724C299,2019-07-22,2019-07-22 09:44:14.000,0.48,0.9795,649,0.47,0.9591,141,0.49,1.00,1,0.475,0.9693,436,0
SPY190724C299,2019-07-22,2019-07-22 09:44:15.000,0.48,0.9795,719,0.47,0.9591,141,0.49,1.00,1,0.475,0.9693,436,0
SPY190724C299,2019-07-22,2019-07-22 09:44:16.000,0.48,0.9795,941,0.47,0.9591,141,0.49,1.00,1,0.475,0.9693,436,0
SPY190724C299,2019-07-22,2019-07-22 09:44:16.000,0.48,0.9795,719,0.47,0.9591,141,0.49,1.00,1,0.475,0.9693,436,0
SPY190724C299,2019-07-22,2019-07-22 09:44:17.000,0.48,0.9795,388,0.47,0.9591,396,0.49,1.00,1,0.475,0.9693,436,0
SPY190724C299,2019-07-22,2019-07-22 09:44:17.000,0.48,0.9795,719,0.47,0.9591,396,0.49,1.00,1,0.475,0.9693,436,0
SPY190724C299,2019-07-22,2019-07-22 09:44:18.000,0.48,0.9795,164,0.47,0.9591,234,0.49,1.00,1,0.475,0.9693,436,0
SPY190724C299,2019-07-22,2019-07-22 09:44:18.000,0.48,0.9795,868,0.47,0.9591,381,0.49,1.00,1,0.475,0.9693,436,0
SPY190724C299,2019-07-22,2019-07-22 09:44:19.000,0.48,0.9795,438,0.47,0.9591,297,0.49,1.00,1,0.475,0.9693,436,0
SPY190724C299,2019-07-22,2019-07-22 09:44:20.000,0.48,0.9795,642,0.47,0.9591,287,0.49,1.00,1,0.475,0.9693,436,0
SPY190724C299,2019-07-22,2019-07-22 09:44:20.000,0.48,0.9795,642,0.47,0.9591,131,0.49,1.00,1,0.475,0.9693,436,0
SPY190724C299,2019-07-22,2019-07-22 09:44:21.000,0.48,0.9795,913,0.47,0.9591,83,0.49,1.00,1,0.475,0.9693,436,0
SPY190724C299,2019-07-22,2019-07-22 09:44:21.000,0.48,0.9795,913,0.47,0.9591,131,0.49,1.00,1,0.475,0.9693,436,0
SPY190724C299,2019-07-22,2019-07-22 09:44:22.000,0.48,0.9795,913,0.47,0.9591,83,0.49,1.00,1,0.475,0.9693,436,0
SPY190724C299,2019-07-22,2019-07-22 09:44:22.000,0.48,0.9795,1067,0.47,0.9591,83,0.49,1.00,1,0.475,0.9693,436,0
SPY190724C299,2019-07-22,2019-07-22 09:44:23.000,0.48,0.9795,1185,0.46,0.9387,1190,0.49,1.00,1,0.47,0.9591,436,0
SPY190724C299,2019-07-22,2019-07-22 09:44:23.000,0.48,0.9795,1426,0.46,0.9387,1190,0.49,1.00,1,0.47,0.9591,436,0
SPY190724C299,2019-07-22,2019-07-22 09:44:24.000,0.48,0.9795,935,0.46,0.9387,1190,0.49,1.00,1,0.47,0.9591,436,0
SPY190724C299,2019-07-22,2019-07-22 09:44:25.000,0.48,0.9795,824,0.46,0.9387,1125,0.49,1.00,1,0.47,0.9591,436,0
SPY190724C299,2019-07-22,2019-07-22 09:44:25.000,0.48,0.9795,935,0.46,0.9387,1190,0.49,1.00,1,0.47,0.9591,436,0
SPY190724C299,2019-07-22,2019-07-22 09:44:26.000,0.48,0.9795,189,0.47,0.9591,206,0.49,1.00,1,0.475,0.9693,436,0
SPY190724C299,2019-07-22,2019-07-22 09:44:26.000,0.48,0.9795,824,0.47,0.9591,166,0.49,1.00,1,0.475,0.9693,436,0
SPY190724C299,2019-07-22,2019-07-22 09:44:27.000,0.48,0.9795,146,0.47,0.9591,322,0.49,1.00,1,0.475,0.9693,436,0
SPY190724C299,2019-07-22,2019-07-22 09:44:27.000,0.48,0.9795,146,0.47,0.9591,606,0.49,1.00,1,0.475,0.9693,436,0
SPY190724C299,2019-07-22,2019-07-22 09:44:28.000,0.49,1.00,215,0.47,0.9591,1123,0.49,1.00,1,0.48,0.9795,436,0
SPY190724C299,2019-07-22,2019-07-22 09:44:29.000,0.49,1.00,828,0.47,0.9591,1557,0.49,1.00,1,0.48,0.9795,436,0
SPY190724C299,2019-07-22,2019-07-22 09:44:29.000,0.49,1.00,215,0.47,0.9591,1408,0.49,1.00,1,0.48,0.9795,436,0
SPY190724C299,2019-07-22,2019-07-22 09:44:30.000,0.49,1.00,658,0.48,0.9795,6,0.49,1.00,1,0.485,0.9897,436,0
SPY190724C299,2019-07-22,2019-07-22 09:44:30.000,0.49,1.00,1010,0.48,0.9795,94,0.49,1.00,1,0.485,0.9897,436,0
SPY190724C299,2019-07-22,2019-07-22 09:44:31.000,0.49,1.00,1060,0.48,0.9795,94,0.49,1.00,1,0.485,0.9897,436,0
SPY190724C299,2019-07-22,2019-07-22 09:44:31.000,0.49,1.00,1630,0.48,0.9795,94,0.49,1.00,1,0.485,0.9897,436,0
SPY190724C299,2019-07-22,2019-07-22 09:44:32.000,0.48,0.9795,1,0.47,0.9591,946,0.49,1.00,1,0.475,0.9693,436,0
SPY190724C299,2019-07-22,2019-07-22 09:44:33.000,0.48,0.9795,5,0.47,0.9591,946,0.49,1.00,1,0.475,0.9693,436,0
SPY190724C299,2019-07-22,2019-07-22 09:44:33.000,0.48,0.9795,1,0.47,0.9591,702,0.49,1.00,1,0.475,0.9693,436,0
SPY190724C299,2019-07-22,2019-07-22 09:44:34.000,0.49,1.00,1246,0.48,0.9795,1,0.48,0.9795,4,0.485,0.9897,446,0
SPY190724C299,2019-07-22,2019-07-22 09:44:34.000,0.49,1.00,1246,0.48,0.9795,1,0.48,0.9795,4,0.485,0.9897,446,10
SPY190724C299,2019-07-22,2019-07-22 09:44:35.000,0.49,1.00,1133,0.48,0.9795,6,0.48,0.9795,4,0.485,0.9897,446,0
SPY190724C299,2019-07-22,2019-07-22 09:44:35.000,0.49,1.00,1246,0.48,0.9795,6,0.48,0.9795,4,0.485,0.9897,446,0
SPY190724C299,2019-07-22,2019-07-22 09:44:36.000,0.49,1.00,1133,0.48,0.9795,2,0.48,0.9795,4,0.485,0.9897,446,0
SPY190724C299,2019-07-22,2019-07-22 09:44:37.000,0.49,1.00,1637,0.48,0.9795,1,0.48,0.9795,4,0.485,0.9897,446,0
SPY190724C299,2019-07-22,2019-07-22 09:44:37.000,0.49,1.00,1637,0.48,0.9795,2,0.48,0.9795,4,0.485,0.9897,446,0
SPY190724C299,2019-07-22,2019-07-22 09:44:38.000,0.49,1.00,1637,0.48,0.9795,1,0.48,0.9795,4,0.485,0.9897,446,0
SPY190724C299,2019-07-22,2019-07-22 09:44:39.000,0.48,0.9795,5,0.47,0.9591,399,0.48,0.9795,1,0.475,0.9693,447,0
SPY190724C299,2019-07-22,2019-07-22 09:44:39.000,0.48,0.9795,1,0.47,0.9591,5,0.48,0.9795,1,0.475,0.9693,447,1
SPY190724C299,2019-07-22,2019-07-22 09:44:40.000,0.48,0.9795,289,0.47,0.9591,287,0.48,0.9795,1,0.475,0.9693,447,0
SPY190724C299,2019-07-22,2019-07-22 09:44:41.000,0.48,0.9795,146,0.47,0.9591,322,0.48,0.9795,1,0.475,0.9693,447,0
SPY190724C299,2019-07-22,2019-07-22 09:44:42.000,0.48,0.9795,234,0.47,0.9591,287,0.48,0.9795,1,0.475,0.9693,447,0
SPY190724C299,2019-07-22,2019-07-22 09:44:42.000,0.48,0.9795,596,0.47,0.9591,287,0.48,0.9795,5,0.475,0.9693,452,5
SPY190724C299,2019-07-22,2019-07-22 09:44:43.000,0.48,0.9795,482,0.47,0.9591,287,0.48,0.9795,5,0.475,0.9693,452,0
SPY190724C299,2019-07-22,2019-07-22 09:44:43.000,0.48,0.9795,596,0.47,0.9591,287,0.48,0.9795,5,0.475,0.9693,452,0
SPY190724C299,2019-07-22,2019-07-22 09:44:44.000,0.48,0.9795,794,0.47,0.9591,287,0.48,0.9795,5,0.475,0.9693,452,0
SPY190724C299,2019-07-22,2019-07-22 09:44:45.000,0.48,0.9795,482,0.47,0.9591,222,0.48,0.9795,5,0.475,0.9693,452,0
SPY190724C299,2019-07-22,2019-07-22 09:44:45.000,0.48,0.9795,596,0.47,0.9591,302,0.48,0.9795,5,0.475,0.9693,452,0
SPY190724C299,2019-07-22,2019-07-22 09:44:46.000,0.48,0.9795,716,0.47,0.9591,222,0.48,0.9795,5,0.475,0.9693,452,0
SPY190724C299,2019-07-22,2019-07-22 09:44:46.000,0.48,0.9795,70,0.47,0.9591,468,0.48,0.9795,5,0.475,0.9693,452,0
SPY190724C299,2019-07-22,2019-07-22 09:44:47.000,0.48,0.9795,174,0.47,0.9591,306,0.48,0.9795,5,0.475,0.9693,452,0
SPY190724C299,2019-07-22,2019-07-22 09:44:48.000,0.48,0.9795,169,0.47,0.9591,287,0.48,0.9795,5,0.475,0.9693,452,0
SPY190724C299,2019-07-22,2019-07-22 09:44:48.000,0.48,0.9795,169,0.47,0.9591,306,0.48,0.9795,5,0.475,0.9693,452,0
SPY190724C299,2019-07-22,2019-07-22 09:44:49.000,0.48,0.9795,152,0.47,0.9591,287,0.48,0.9795,5,0.475,0.9693,452,0
SPY190724C299,2019-07-22,2019-07-22 09:44:50.000,0.48,0.9795,319,0.47,0.9591,259,0.48,0.9795,5,0.475,0.9693,452,0
SPY190724C299,2019-07-22,2019-07-22 09:44:51.000,0.48,0.9795,569,0.47,0.9591,259,0.48,0.9795,5,0.475,0.9693,452,0
SPY190724C299,2019-07-22,2019-07-22 09:44:52.000,0.48,0.9795,70,0.47,0.9591,1254,0.48,0.9795,5,0.475,0.9693,452,0
SPY190724C299,2019-07-22,2019-07-22 09:44:52.000,0.48,0.9795,70,0.47,0.9591,915,0.48,0.9795,5,0.475,0.9693,452,0
SPY190724C299,2019-07-22,2019-07-22 09:44:53.000,0.48,0.9795,70,0.47,0.9591,914,0.48,0.9795,5,0.475,0.9693,452,0
SPY190724C299,2019-07-22,2019-07-22 09:44:54.000,0.49,1.00,1678,0.48,0.9795,6,0.48,0.9795,5,0.485,0.9897,452,0
SPY190724C299,2019-07-22,2019-07-22 09:44:54.000,0.49,1.00,1311,0.48,0.9795,6,0.48,0.9795,5,0.485,0.9897,452,0
SPY190724C299,2019-07-22,2019-07-22 09:44:55.000,0.49,1.00,1231,0.48,0.9795,6,0.48,0.9795,5,0.485,0.9897,452,0
SPY190724C299,2019-07-22,2019-07-22 09:44:56.000,0.49,1.00,1456,0.48,0.9795,6,0.48,0.9795,5,0.485,0.9897,452,0
SPY190724C299,2019-07-22,2019-07-22 09:44:57.000,0.49,1.00,1323,0.48,0.9795,6,0.48,0.9795,5,0.485,0.9897,452,0
SPY190724C299,2019-07-22,2019-07-22 09:44:58.000,0.48,0.9795,334,0.47,0.9591,244,0.48,0.9795,5,0.475,0.9693,452,0
SPY190724C299,2019-07-22,2019-07-22 09:44:58.000,0.49,1.00,2166,0.47,0.9591,314,0.48,0.9795,5,0.48,0.9795,452,0
SPY190724C299,2019-07-22,2019-07-22 09:44:59.000,0.48,0.9795,347,0.47,0.9591,314,0.48,0.9795,5,0.475,0.9693,452,0
SPY190724C299,2019-07-22,2019-07-22 09:44:59.000,0.48,0.9795,573,0.47,0.9591,314,0.48,0.9795,5,0.475,0.9693,452,0
SPY190724C299,2019-07-22,2019-07-22 09:45:00.000,0.48,0.9795,70,0.47,0.9591,997,0.48,0.9795,5,0.475,0.9693,452,0
SPY190724C299,2019-07-22,2019-07-22 09:45:00.000,0.48,0.9795,70,0.47,0.9591,314,0.48,0.9795,5,0.475,0.9693,452,0
SPY190724C299,2019-07-22,2019-07-22 09:45:01.000,0.49,1.00,1239,0.47,0.9591,997,0.48,0.9795,5,0.48,0.9795,452,0
SPY190724C299,2019-07-22,2019-07-22 09:45:02.000,0.49,1.00,1322,0.48,0.9795,194,0.48,0.9795,5,0.485,0.9897,452,0
SPY190724C299,2019-07-22,2019-07-22 09:45:02.000,0.49,1.00,1222,0.48,0.9795,194,0.48,0.9795,5,0.485,0.9897,452,0
SPY190724C299,2019-07-22,2019-07-22 09:45:03.000,0.49,1.00,278,0.48,0.9795,315,0.48,0.9795,5,0.485,0.9897,452,0
SPY190724C299,2019-07-22,2019-07-22 09:45:03.000,0.49,1.00,1222,0.48,0.9795,194,0.48,0.9795,5,0.485,0.9897,452,0
SPY190724C299,2019-07-22,2019-07-22 09:45:04.000,0.49,1.00,160,0.48,0.9795,473,0.48,0.9795,5,0.485,0.9897,452,0
SPY190724C299,2019-07-22,2019-07-22 09:45:05.000,0.50,1.0204,732,0.48,0.9795,288,0.48,0.9795,5,0.49,1.00,452,0
SPY190724C299,2019-07-22,2019-07-22 09:45:05.000,0.50,1.0204,269,0.48,0.9795,288,0.48,0.9795,5,0.49,1.00,452,0
SPY190724C299,2019-07-22,2019-07-22 09:45:06.000,0.50,1.0204,1304,0.49,1.00,5,0.48,0.9795,5,0.495,1.0102,452,0
SPY190724C299,2019-07-22,2019-07-22 09:45:06.000,0.50,1.0204,1224,0.49,1.00,6,0.48,0.9795,5,0.495,1.0102,452,0
SPY190724C299,2019-07-22,2019-07-22 09:45:07.000,0.50,1.0204,1897,0.49,1.00,6,0.48,0.9795,5,0.495,1.0102,452,0
SPY190724C299,2019-07-22,2019-07-22 09:45:08.000,0.50,1.0204,1897,0.49,1.00,224,0.48,0.9795,5,0.495,1.0102,452,0
SPY190724C299,2019-07-22,2019-07-22 09:45:08.000,0.50,1.0204,1787,0.49,1.00,224,0.48,0.9795,5,0.495,1.0102,452,0
SPY190724C299,2019-07-22,2019-07-22 09:45:09.000,0.50,1.0204,1787,0.49,1.00,224,0.48,0.9795,5,0.495,1.0102,452,0
SPY190724C299,2019-07-22,2019-07-22 09:45:10.000,0.50,1.0204,1794,0.49,1.00,224,0.48,0.9795,5,0.495,1.0102,452,0
SPY190724C299,2019-07-22,2019-07-22 09:45:11.000,0.50,1.0204,1905,0.49,1.00,224,0.48,0.9795,5,0.495,1.0102,452,0
SPY190724C299,2019-07-22,2019-07-22 09:45:11.000,0.50,1.0204,2001,0.49,1.00,224,0.48,0.9795,5,0.495,1.0102,452,0
SPY190724C299,2019-07-22,2019-07-22 09:45:12.000,0.50,1.0204,1890,0.49,1.00,224,0.48,0.9795,5,0.495,1.0102,452,0
SPY190724C299,2019-07-22,2019-07-22 09:45:13.000,0.50,1.0204,1659,0.49,1.00,224,0.48,0.9795,5,0.495,1.0102,452,0
SPY190724C299,2019-07-22,2019-07-22 09:45:13.000,0.50,1.0204,1126,0.49,1.00,224,0.48,0.9795,5,0.495,1.0102,452,0
SPY190724C299,2019-07-22,2019-07-22 09:45:14.000,0.50,1.0204,1650,0.49,1.00,326,0.48,0.9795,5,0.495,1.0102,452,0
SPY190724C299,2019-07-22,2019-07-22 09:45:14.000,0.50,1.0204,1650,0.49,1.00,438,0.48,0.9795,5,0.495,1.0102,452,0
SPY190724C299,2019-07-22,2019-07-22 09:45:15.000,0.50,1.0204,1650,0.49,1.00,294,0.48,0.9795,5,0.495,1.0102,452,0
SPY190724C299,2019-07-22,2019-07-22 09:45:15.000,0.50,1.0204,1650,0.49,1.00,509,0.48,0.9795,5,0.495,1.0102,452,0
SPY190724C299,2019-07-22,2019-07-22 09:45:16.000,0.50,1.0204,1650,0.49,1.00,294,0.48,0.9795,5,0.495,1.0102,452,0
SPY190724C299,2019-07-22,2019-07-22 09:45:16.000,0.50,1.0204,1650,0.49,1.00,415,0.48,0.9795,5,0.495,1.0102,452,0
SPY190724C299,2019-07-22,2019-07-22 09:45:17.000,0.50,1.0204,1521,0.49,1.00,474,0.48,0.9795,5,0.495,1.0102,452,0
SPY190724C299,2019-07-22,2019-07-22 09:45:18.000,0.50,1.0204,1689,0.49,1.00,341,0.48,0.9795,5,0.495,1.0102,452,0
SPY190724C299,2019-07-22,2019-07-22 09:45:18.000,0.50,1.0204,1800,0.49,1.00,426,0.48,0.9795,5,0.495,1.0102,452,0
SPY190724C299,2019-07-22,2019-07-22 09:45:19.000,0.50,1.0204,1689,0.49,1.00,301,0.48,0.9795,5,0.495,1.0102,452,0
SPY190724C299,2019-07-22,2019-07-22 09:45:19.000,0.50,1.0204,1059,0.49,1.00,449,0.48,0.9795,5,0.495,1.0102,452,0
SPY190724C299,2019-07-22,2019-07-22 09:45:20.000,0.50,1.0204,231,0.49,1.00,475,0.48,0.9795,5,0.495,1.0102,452,0
SPY190724C299,2019-07-22,2019-07-22 09:45:20.000,0.50,1.0204,1059,0.49,1.00,489,0.48,0.9795,5,0.495,1.0102,452,0
SPY190724C299,2019-07-22,2019-07-22 09:45:21.000,0.50,1.0204,231,0.49,1.00,664,0.48,0.9795,5,0.495,1.0102,452,0
SPY190724C299,2019-07-22,2019-07-22 09:45:21.000,0.50,1.0204,668,0.49,1.00,759,0.48,0.9795,5,0.495,1.0102,452,0
SPY190724C299,2019-07-22,2019-07-22 09:45:22.000,0.50,1.0204,1037,0.49,1.00,611,0.48,0.9795,5,0.495,1.0102,452,0
SPY190724C299,2019-07-22,2019-07-22 09:45:22.000,0.50,1.0204,1087,0.49,1.00,611,0.48,0.9795,5,0.495,1.0102,452,0
SPY190724C299,2019-07-22,2019-07-22 09:45:23.000,0.50,1.0204,1148,0.49,1.00,611,0.48,0.9795,5,0.495,1.0102,452,0
SPY190724C299,2019-07-22,2019-07-22 09:45:24.000,0.50,1.0204,1208,0.49,1.00,611,0.48,0.9795,5,0.495,1.0102,452,0
SPY190724C299,2019-07-22,2019-07-22 09:45:24.000,0.50,1.0204,1195,0.49,1.00,611,0.48,0.9795,5,0.495,1.0102,452,0
SPY190724C299,2019-07-22,2019-07-22 09:45:25.000,0.50,1.0204,879,0.49,1.00,611,0.48,0.9795,5,0.495,1.0102,452,0
SPY190724C299,2019-07-22,2019-07-22 09:45:25.000,0.50,1.0204,1195,0.49,1.00,611,0.48,0.9795,5,0.495,1.0102,452,0
SPY190724C299,2019-07-22,2019-07-22 09:45:26.000,0.50,1.0204,290,0.49,1.00,611,0.48,0.9795,5,0.495,1.0102,452,0
SPY190724C299,2019-07-22,2019-07-22 09:45:27.000,0.50,1.0204,125,0.49,1.00,611,0.48,0.9795,5,0.495,1.0102,452,0
SPY190724C299,2019-07-22,2019-07-22 09:45:28.000,0.50,1.0204,144,0.49,1.00,205,0.48,0.9795,5,0.495,1.0102,452,0
SPY190724C299,2019-07-22,2019-07-22 09:45:28.000,0.50,1.0204,350,0.49,1.00,205,0.48,0.9795,5,0.495,1.0102,452,0
SPY190724C299,2019-07-22,2019-07-22 09:45:29.000,0.50,1.0204,142,0.49,1.00,275,0.48,0.9795,5,0.495,1.0102,452,0
SPY190724C299,2019-07-22,2019-07-22 09:45:29.000,0.50,1.0204,142,0.49,1.00,285,0.48,0.9795,5,0.495,1.0102,452,0
SPY190724C299,2019-07-22,2019-07-22 09:45:30.000,0.50,1.0204,125,0.49,1.00,285,0.48,0.9795,5,0.495,1.0102,452,0
SPY190724C299,2019-07-22,2019-07-22 09:45:31.000,0.50,1.0204,144,0.49,1.00,967,0.48,0.9795,5,0.495,1.0102,452,0
SPY190724C299,2019-07-22,2019-07-22 09:45:31.000,0.50,1.0204,144,0.49,1.00,645,0.48,0.9795,5,0.495,1.0102,452,0
SPY190724C299,2019-07-22,2019-07-22 09:45:32.000,0.50,1.0204,144,0.49,1.00,967,0.48,0.9795,5,0.495,1.0102,452,0
SPY190724C299,2019-07-22,2019-07-22 09:45:33.000,0.50,1.0204,144,0.49,1.00,850,0.50,1.0204,10,0.495,1.0102,462,0
SPY190724C299,2019-07-22,2019-07-22 09:45:33.000,0.50,1.0204,144,0.49,1.00,850,0.50,1.0204,10,0.495,1.0102,462,10
SPY190724C299,2019-07-22,2019-07-22 09:45:35.000,0.50,1.0204,592,0.49,1.00,205,0.50,1.0204,10,0.495,1.0102,462,0
SPY190724C299,2019-07-22,2019-07-22 09:45:35.000,0.50,1.0204,144,0.49,1.00,205,0.50,1.0204,10,0.495,1.0102,462,0
SPY190724C299,2019-07-22,2019-07-22 09:45:36.000,0.50,1.0204,592,0.49,1.00,305,0.50,1.0204,10,0.495,1.0102,462,0
SPY190724C299,2019-07-22,2019-07-22 09:45:36.000,0.50,1.0204,481,0.49,1.00,285,0.50,1.0204,10,0.495,1.0102,462,0
SPY190724C299,2019-07-22,2019-07-22 09:45:37.000,0.50,1.0204,481,0.49,1.00,275,0.50,1.0204,10,0.495,1.0102,462,0
SPY190724C299,2019-07-22,2019-07-22 09:45:37.000,0.50,1.0204,144,0.49,1.00,880,0.50,1.0204,10,0.495,1.0102,462,0
SPY190724C299,2019-07-22,2019-07-22 09:45:38.000,0.50,1.0204,144,0.49,1.00,1166,0.50,1.0204,10,0.495,1.0102,462,0
SPY190724C299,2019-07-22,2019-07-22 09:45:39.000,0.50,1.0204,114,0.49,1.00,963,0.50,1.0204,10,0.495,1.0102,462,0
SPY190724C299,2019-07-22,2019-07-22 09:45:39.000,0.50,1.0204,144,0.49,1.00,1691,0.50,1.0204,10,0.495,1.0102,462,0
SPY190724C299,2019-07-22,2019-07-22 09:45:40.000,0.50,1.0204,114,0.49,1.00,1481,0.50,1.0204,10,0.495,1.0102,462,0
SPY190724C299,2019-07-22,2019-07-22 09:45:40.000,0.50,1.0204,114,0.49,1.00,1173,0.50,1.0204,10,0.495,1.0102,462,0
SPY190724C299,2019-07-22,2019-07-22 09:45:41.000,0.50,1.0204,132,0.49,1.00,1691,0.50,1.0204,10,0.495,1.0102,462,0
SPY190724C299,2019-07-22,2019-07-22 09:45:41.000,0.50,1.0204,132,0.49,1.00,963,0.50,1.0204,10,0.495,1.0102,462,0
SPY190724C299,2019-07-22,2019-07-22 09:45:42.000,0.50,1.0204,114,0.49,1.00,1691,0.50,1.0204,10,0.495,1.0102,462,0
SPY190724C299,2019-07-22,2019-07-22 09:45:43.000,0.50,1.0204,114,0.49,1.00,1173,0.50,1.0204,10,0.495,1.0102,462,0
SPY190724C299,2019-07-22,2019-07-22 09:45:44.000,0.50,1.0204,23,0.49,1.00,1173,0.50,1.0204,2,0.495,1.0102,464,2
SPY190724C299,2019-07-22,2019-07-22 09:45:44.000,0.50,1.0204,23,0.49,1.00,1526,0.50,1.0204,2,0.495,1.0102,464,0
SPY190724C299,2019-07-22,2019-07-22 09:45:45.000,0.50,1.0204,123,0.49,1.00,423,0.50,1.0204,2,0.495,1.0102,464,0
SPY190724C299,2019-07-22,2019-07-22 09:45:45.000,0.50,1.0204,141,0.49,1.00,976,0.50,1.0204,2,0.495,1.0102,464,0
SPY190724C299,2019-07-22,2019-07-22 09:45:46.000,0.50,1.0204,93,0.49,1.00,1353,0.50,1.0204,2,0.495,1.0102,464,0
SPY190724C299,2019-07-22,2019-07-22 09:45:47.000,0.50,1.0204,93,0.49,1.00,1819,0.50,1.0204,2,0.495,1.0102,464,0
SPY190724C299,2019-07-22,2019-07-22 09:45:48.000,0.50,1.0204,93,0.49,1.00,1383,0.50,1.0204,2,0.495,1.0102,464,0
SPY190724C299,2019-07-22,2019-07-22 09:45:48.000,0.50,1.0204,93,0.49,1.00,1385,0.50,1.0204,2,0.495,1.0102,464,0
SPY190724C299,2019-07-22,2019-07-22 09:45:49.000,0.50,1.0204,23,0.49,1.00,2075,0.50,1.0204,2,0.495,1.0102,464,0
SPY190724C299,2019-07-22,2019-07-22 09:45:49.000,0.50,1.0204,23,0.49,1.00,2381,0.50,1.0204,2,0.495,1.0102,464,0
SPY190724C299,2019-07-22,2019-07-22 09:45:50.000,0.50,1.0204,152,0.49,1.00,1355,0.50,1.0204,2,0.495,1.0102,464,0
SPY190724C299,2019-07-22,2019-07-22 09:45:50.000,0.50,1.0204,157,0.49,1.00,1064,0.50,1.0204,2,0.495,1.0102,464,0
SPY190724C299,2019-07-22,2019-07-22 09:45:51.000,0.50,1.0204,131,0.49,1.00,1134,0.50,1.0204,2,0.495,1.0102,464,0
SPY190724C299,2019-07-22,2019-07-22 09:45:51.000,0.50,1.0204,125,0.49,1.00,1134,0.50,1.0204,2,0.495,1.0102,464,0
SPY190724C299,2019-07-22,2019-07-22 09:45:52.000,0.50,1.0204,183,0.49,1.00,551,0.50,1.0204,2,0.495,1.0102,464,0
SPY190724C299,2019-07-22,2019-07-22 09:45:53.000,0.50,1.0204,486,0.49,1.00,220,0.50,1.0204,2,0.495,1.0102,464,0
SPY190724C299,2019-07-22,2019-07-22 09:45:53.000,0.50,1.0204,486,0.49,1.00,129,0.50,1.0204,2,0.495,1.0102,464,0
SPY190724C299,2019-07-22,2019-07-22 09:45:54.000,0.49,1.00,466,0.48,0.9795,5,0.50,1.0204,2,0.485,0.9897,464,0
SPY190724C299,2019-07-22,2019-07-22 09:45:54.000,0.49,1.00,466,0.46,0.9387,364,0.48,0.9795,5,0.475,0.9693,470,6
SPY190724C299,2019-07-22,2019-07-22 09:45:55.000,0.47,0.9591,105,0.46,0.9387,189,0.47,0.9591,5,0.465,0.9489,475,5
SPY190724C299,2019-07-22,2019-07-22 09:45:55.000,0.47,0.9591,406,0.45,0.9183,1557,0.47,0.9591,5,0.46,0.9387,475,0
SPY190724C299,2019-07-22,2019-07-22 09:45:56.000,0.48,0.9795,13,0.47,0.9591,5,0.47,0.9591,5,0.475,0.9693,475,0
SPY190724C299,2019-07-22,2019-07-22 09:45:56.000,0.47,0.9591,222,0.46,0.9387,197,0.47,0.9591,5,0.465,0.9489,475,0
SPY190724C299,2019-07-22,2019-07-22 09:45:57.000,0.48,0.9795,13,0.47,0.9591,382,0.47,0.9591,5,0.475,0.9693,475,0
SPY190724C299,2019-07-22,2019-07-22 09:45:58.000,0.49,1.00,324,0.48,0.9795,297,0.47,0.9591,5,0.485,0.9897,475,0
SPY190724C299,2019-07-22,2019-07-22 09:45:58.000,0.49,1.00,401,0.48,0.9795,5,0.47,0.9591,5,0.485,0.9897,475,0
SPY190724C299,2019-07-22,2019-07-22 09:45:59.000,0.49,1.00,448,0.48,0.9795,297,0.47,0.9591,5,0.485,0.9897,475,0
SPY190724C299,2019-07-22,2019-07-22 09:45:59.000,0.49,1.00,368,0.48,0.9795,297,0.47,0.9591,5,0.485,0.9897,475,0
SPY190724C299,2019-07-22,2019-07-22 09:46:00.000,0.49,1.00,930,0.48,0.9795,267,0.47,0.9591,5,0.485,0.9897,475,0
SPY190724C299,2019-07-22,2019-07-22 09:46:00.000,0.50,1.0204,570,0.49,1.00,5,0.47,0.9591,5,0.495,1.0102,475,0
SPY190724C299,2019-07-22,2019-07-22 09:46:01.000,0.49,1.00,70,0.48,0.9795,295,0.47,0.9591,5,0.485,0.9897,475,0
SPY190724C299,2019-07-22,2019-07-22 09:46:02.000,0.50,1.0204,1098,0.48,0.9795,295,0.47,0.9591,5,0.49,1.00,475,0
SPY190724C299,2019-07-22,2019-07-22 09:46:02.000,0.49,1.00,107,0.48,0.9795,295,0.47,0.9591,5,0.485,0.9897,475,0
SPY190724C299,2019-07-22,2019-07-22 09:46:03.000,0.50,1.0204,459,0.49,1.00,231,0.47,0.9591,5,0.495,1.0102,475,0
SPY190724C299,2019-07-22,2019-07-22 09:46:03.000,0.50,1.0204,520,0.49,1.00,5,0.47,0.9591,5,0.495,1.0102,475,0
SPY190724C299,2019-07-22,2019-07-22 09:46:04.000,0.50,1.0204,961,0.49,1.00,211,0.47,0.9591,5,0.495,1.0102,475,0
SPY190724C299,2019-07-22,2019-07-22 09:46:04.000,0.50,1.0204,950,0.49,1.00,211,0.47,0.9591,5,0.495,1.0102,475,0
SPY190724C299,2019-07-22,2019-07-22 09:46:05.000,0.50,1.0204,850,0.49,1.00,211,0.47,0.9591,5,0.495,1.0102,475,0
SPY190724C299,2019-07-22,2019-07-22 09:46:05.000,0.50,1.0204,961,0.49,1.00,211,0.47,0.9591,5,0.495,1.0102,475,0
SPY190724C299,2019-07-22,2019-07-22 09:46:06.000,0.50,1.0204,952,0.49,1.00,211,0.47,0.9591,5,0.495,1.0102,475,0
SPY190724C299,2019-07-22,2019-07-22 09:46:06.000,0.50,1.0204,1288,0.49,1.00,211,0.47,0.9591,5,0.495,1.0102,475,0
SPY190724C299,2019-07-22,2019-07-22 09:46:07.000,0.50,1.0204,1159,0.48,0.9795,1681,0.48,0.9795,1,0.49,1.00,476,1
SPY190724C299,2019-07-22,2019-07-22 09:46:08.000,0.50,1.0204,1092,0.49,1.00,212,0.48,0.9795,1,0.495,1.0102,476,0
SPY190724C299,2019-07-22,2019-07-22 09:46:08.000,0.50,1.0204,1099,0.49,1.00,212,0.48,0.9795,1,0.495,1.0102,476,0
SPY190724C299,2019-07-22,2019-07-22 09:46:09.000,0.50,1.0204,828,0.48,0.9795,250,0.48,0.9795,1,0.49,1.00,476,0
SPY190724C299,2019-07-22,2019-07-22 09:46:09.000,0.50,1.0204,1223,0.49,1.00,189,0.48,0.9795,1,0.495,1.0102,476,0
SPY190724C299,2019-07-22,2019-07-22 09:46:10.000,0.49,1.00,17,0.48,0.9795,409,0.48,0.9795,1,0.485,0.9897,476,0
SPY190724C299,2019-07-22,2019-07-22 09:46:10.000,0.50,1.0204,414,0.48,0.9795,259,0.48,0.9795,1,0.49,1.00,476,0
SPY190724C299,2019-07-22,2019-07-22 09:46:11.000,0.49,1.00,110,0.48,0.9795,409,0.48,0.9795,1,0.485,0.9897,476,0
SPY190724C299,2019-07-22,2019-07-22 09:46:12.000,0.49,1.00,154,0.48,0.9795,313,0.48,0.9795,1,0.485,0.9897,476,0
SPY190724C299,2019-07-22,2019-07-22 09:46:12.000,0.49,1.00,140,0.48,0.9795,313,0.48,0.9795,1,0.485,0.9897,476,0
SPY190724C299,2019-07-22,2019-07-22 09:46:13.000,0.49,1.00,180,0.48,0.9795,313,0.48,0.9795,1,0.485,0.9897,476,0
SPY190724C299,2019-07-22,2019-07-22 09:46:13.000,0.49,1.00,2090,0.48,0.9795,64,0.48,0.9795,1,0.485,0.9897,476,0
SPY190724C299,2019-07-22,2019-07-22 09:46:14.000,0.49,1.00,1375,0.48,0.9795,64,0.48,0.9795,1,0.485,0.9897,476,0
SPY190724C299,2019-07-22,2019-07-22 09:46:14.000,0.49,1.00,2497,0.48,0.9795,64,0.48,0.9795,1,0.485,0.9897,476,0
SPY190724C299,2019-07-22,2019-07-22 09:46:15.000,0.49,1.00,950,0.48,0.9795,281,0.48,0.9795,1,0.485,0.9897,476,0
SPY190724C299,2019-07-22,2019-07-22 09:46:15.000,0.49,1.00,598,0.48,0.9795,12,0.48,0.9795,1,0.485,0.9897,476,0
SPY190724C299,2019-07-22,2019-07-22 09:46:16.000,0.49,1.00,115,0.48,0.9795,281,0.48,0.9795,1,0.485,0.9897,476,0
SPY190724C299,2019-07-22,2019-07-22 09:46:17.000,0.50,1.0204,768,0.49,1.00,50,0.48,0.9795,1,0.495,1.0102,476,0
SPY190724C299,2019-07-22,2019-07-22 09:46:17.000,0.50,1.0204,781,0.49,1.00,31,0.48,0.9795,1,0.495,1.0102,476,0
SPY190724C299,2019-07-22,2019-07-22 09:46:18.000,0.50,1.0204,993,0.49,1.00,6,0.48,0.9795,1,0.495,1.0102,476,0
SPY190724C299,2019-07-22,2019-07-22 09:46:18.000,0.50,1.0204,718,0.49,1.00,6,0.48,0.9795,1,0.495,1.0102,476,0
SPY190724C299,2019-07-22,2019-07-22 09:46:19.000,0.50,1.0204,688,0.49,1.00,250,0.48,0.9795,1,0.495,1.0102,476,0
SPY190724C299,2019-07-22,2019-07-22 09:46:19.000,0.50,1.0204,688,0.49,1.00,240,0.48,0.9795,1,0.495,1.0102,476,0
SPY190724C299,2019-07-22,2019-07-22 09:46:20.000,0.50,1.0204,1361,0.49,1.00,240,0.48,0.9795,1,0.495,1.0102,476,0
SPY190724C299,2019-07-22,2019-07-22 09:46:20.000,0.50,1.0204,1258,0.49,1.00,240,0.48,0.9795,1,0.495,1.0102,476,0
SPY190724C299,2019-07-22,2019-07-22 09:46:21.000,0.50,1.0204,2296,0.49,1.00,5,0.48,0.9795,1,0.495,1.0102,476,0
SPY190724C299,2019-07-22,2019-07-22 09:46:22.000,0.50,1.0204,1924,0.49,1.00,5,0.48,0.9795,1,0.495,1.0102,476,0
SPY190724C299,2019-07-22,2019-07-22 09:46:22.000,0.49,1.00,250,0.48,0.9795,321,0.48,0.9795,1,0.485,0.9897,476,0
SPY190724C299,2019-07-22,2019-07-22 09:46:23.000,0.49,1.00,134,0.48,0.9795,321,0.48,0.9795,1,0.485,0.9897,476,0
SPY190724C299,2019-07-22,2019-07-22 09:46:24.000,0.49,1.00,134,0.48,0.9795,339,0.48,0.9795,1,0.485,0.9897,476,0
SPY190724C299,2019-07-22,2019-07-22 09:46:24.000,0.50,1.0204,518,0.48,0.9795,252,0.48,0.9795,1,0.49,1.00,476,0
SPY190724C299,2019-07-22,2019-07-22 09:46:25.000,0.49,1.00,205,0.48,0.9795,299,0.48,0.9795,1,0.485,0.9897,476,0
SPY190724C299,2019-07-22,2019-07-22 09:46:25.000,0.49,1.00,153,0.48,0.9795,299,0.48,0.9795,1,0.485,0.9897,476,0
SPY190724C299,2019-07-22,2019-07-22 09:46:26.000,0.49,1.00,225,0.48,0.9795,299,0.48,0.9795,1,0.485,0.9897,476,0
SPY190724C299,2019-07-22,2019-07-22 09:46:27.000,0.49,1.00,690,0.48,0.9795,229,0.48,0.9795,1,0.485,0.9897,476,0
SPY190724C299,2019-07-22,2019-07-22 09:46:27.000,0.49,1.00,690,0.48,0.9795,239,0.48,0.9795,1,0.485,0.9897,476,0
SPY190724C299,2019-07-22,2019-07-22 09:46:28.000,0.49,1.00,1286,0.48,0.9795,199,0.48,0.9795,1,0.485,0.9897,476,0
SPY190724C299,2019-07-22,2019-07-22 09:46:28.000,0.49,1.00,1048,0.48,0.9795,199,0.48,0.9795,1,0.485,0.9897,476,0
SPY190724C299,2019-07-22,2019-07-22 09:46:29.000,0.49,1.00,2102,0.48,0.9795,199,0.48,0.9795,1,0.485,0.9897,476,0
SPY190724C299,2019-07-22,2019-07-22 09:46:30.000,0.49,1.00,1579,0.48,0.9795,5,0.48,0.9795,1,0.485,0.9897,476,0
SPY190724C299,2019-07-22,2019-07-22 09:46:30.000,0.49,1.00,1306,0.48,0.9795,5,0.48,0.9795,1,0.485,0.9897,476,0
SPY190724C299,2019-07-22,2019-07-22 09:46:31.000,0.49,1.00,1306,0.48,0.9795,5,0.48,0.9795,1,0.485,0.9897,476,0
SPY190724C299,2019-07-22,2019-07-22 09:46:32.000,0.49,1.00,1316,0.48,0.9795,5,0.48,0.9795,1,0.485,0.9897,476,0
SPY190724C299,2019-07-22,2019-07-22 09:46:33.000,0.49,1.00,1456,0.48,0.9795,5,0.48,0.9795,1,0.485,0.9897,476,0
SPY190724C299,2019-07-22,2019-07-22 09:46:34.000,0.48,0.9795,483,0.47,0.9591,189,0.48,0.9795,1,0.475,0.9693,476,0
SPY190724C299,2019-07-22,2019-07-22 09:46:35.000,0.48,0.9795,133,0.47,0.9591,341,0.48,0.9795,1,0.475,0.9693,476,0
SPY190724C299,2019-07-22,2019-07-22 09:46:35.000,0.48,0.9795,433,0.47,0.9591,216,0.48,0.9795,1,0.475,0.9693,476,0
SPY190724C299,2019-07-22,2019-07-22 09:46:36.000,0.48,0.9795,100,0.47,0.9591,865,0.48,0.9795,1,0.475,0.9693,476,0
SPY190724C299,2019-07-22,2019-07-22 09:46:36.000,0.48,0.9795,100,0.47,0.9591,1030,0.48,0.9795,1,0.475,0.9693,476,0
SPY190724C299,2019-07-22,2019-07-22 09:46:37.000,0.48,0.9795,70,0.47,0.9591,1369,0.48,0.9795,1,0.475,0.9693,476,0
SPY190724C299,2019-07-22,2019-07-22 09:46:37.000,0.48,0.9795,100,0.47,0.9591,1163,0.48,0.9795,1,0.475,0.9693,476,0
SPY190724C299,2019-07-22,2019-07-22 09:46:38.000,0.48,0.9795,70,0.47,0.9591,1066,0.48,0.9795,1,0.475,0.9693,476,0
SPY190724C299,2019-07-22,2019-07-22 09:46:39.000,0.48,0.9795,70,0.47,0.9591,1400,0.48,0.9795,1,0.475,0.9693,476,0
SPY190724C299,2019-07-22,2019-07-22 09:46:39.000,0.48,0.9795,70,0.47,0.9591,2011,0.48,0.9795,1,0.475,0.9693,476,0
SPY190724C299,2019-07-22,2019-07-22 09:46:40.000,0.48,0.9795,152,0.47,0.9591,543,0.48,0.9795,1,0.475,0.9693,476,0
SPY190724C299,2019-07-22,2019-07-22 09:46:40.000,0.48,0.9795,246,0.47,0.9591,670,0.48,0.9795,1,0.475,0.9693,476,0
SPY190724C299,2019-07-22,2019-07-22 09:46:41.000,0.48,0.9795,246,0.47,0.9591,670,0.47,0.9591,4,0.475,0.9693,480,4
SPY190724C299,2019-07-22,2019-07-22 09:46:41.000,0.48,0.9795,246,0.47,0.9591,1044,0.47,0.9591,4,0.475,0.9693,480,0
SPY190724C299,2019-07-22,2019-07-22 09:46:42.000,0.48,0.9795,23,0.47,0.9591,1255,0.47,0.9591,4,0.475,0.9693,480,0
SPY190724C299,2019-07-22,2019-07-22 09:46:42.000,0.48,0.9795,23,0.47,0.9591,1570,0.47,0.9591,4,0.475,0.9693,480,0
SPY190724C299,2019-07-22,2019-07-22 09:46:43.000,0.48,0.9795,23,0.47,0.9591,1930,0.48,0.9795,23,0.475,0.9693,503,23
SPY190724C299,2019-07-22,2019-07-22 09:46:44.000,0.50,1.0204,749,0.49,1.00,12,0.48,0.9795,23,0.495,1.0102,503,0
SPY190724C299,2019-07-22,2019-07-22 09:46:44.000,0.50,1.0204,1170,0.49,1.00,6,0.48,0.9795,23,0.495,1.0102,503,0
SPY190724C299,2019-07-22,2019-07-22 09:46:45.000,0.49,1.00,137,0.48,0.9795,246,0.48,0.9795,23,0.485,0.9897,503,0
SPY190724C299,2019-07-22,2019-07-22 09:46:45.000,0.49,1.00,149,0.48,0.9795,251,0.48,0.9795,23,0.485,0.9897,503,0
SPY190724C299,2019-07-22,2019-07-22 09:46:46.000,0.50,1.0204,1201,0.49,1.00,7,0.48,0.9795,23,0.495,1.0102,503,0
SPY190724C299,2019-07-22,2019-07-22 09:46:46.000,0.50,1.0204,1201,0.49,1.00,5,0.48,0.9795,23,0.495,1.0102,503,0
SPY190724C299,2019-07-22,2019-07-22 09:46:47.000,0.50,1.0204,1539,0.49,1.00,5,0.48,0.9795,23,0.495,1.0102,503,0
SPY190724C299,2019-07-22,2019-07-22 09:46:47.000,0.50,1.0204,1561,0.49,1.00,5,0.48,0.9795,23,0.495,1.0102,503,0
SPY190724C299,2019-07-22,2019-07-22 09:46:48.000,0.50,1.0204,1539,0.48,0.9795,434,0.48,0.9795,23,0.49,1.00,503,0
SPY190724C299,2019-07-22,2019-07-22 09:46:49.000,0.49,1.00,105,0.48,0.9795,216,0.48,0.9795,23,0.485,0.9897,503,0
SPY190724C299,2019-07-22,2019-07-22 09:46:49.000,0.49,1.00,105,0.48,0.9795,911,0.48,0.9795,23,0.485,0.9897,503,0
SPY190724C299,2019-07-22,2019-07-22 09:46:50.000,0.49,1.00,106,0.48,0.9795,242,0.48,0.9795,23,0.485,0.9897,503,0
SPY190724C299,2019-07-22,2019-07-22 09:46:50.000,0.49,1.00,70,0.48,0.9795,1358,0.48,0.9795,23,0.485,0.9897,503,0
SPY190724C299,2019-07-22,2019-07-22 09:46:51.000,0.49,1.00,170,0.48,0.9795,919,0.48,0.9795,23,0.485,0.9897,503,0
SPY190724C299,2019-07-22,2019-07-22 09:46:51.000,0.49,1.00,766,0.48,0.9795,242,0.48,0.9795,23,0.485,0.9897,503,0
SPY190724C299,2019-07-22,2019-07-22 09:46:52.000,0.49,1.00,786,0.48,0.9795,242,0.48,0.9795,23,0.485,0.9897,503,0
SPY190724C299,2019-07-22,2019-07-22 09:46:52.000,0.49,1.00,819,0.48,0.9795,242,0.48,0.9795,23,0.485,0.9897,503,0
SPY190724C299,2019-07-22,2019-07-22 09:46:53.000,0.49,1.00,819,0.48,0.9795,242,0.48,0.9795,23,0.485,0.9897,503,0
SPY190724C299,2019-07-22,2019-07-22 09:46:54.000,0.49,1.00,1259,0.48,0.9795,5,0.48,0.9795,23,0.485,0.9897,503,0
SPY190724C299,2019-07-22,2019-07-22 09:46:54.000,0.49,1.00,1422,0.48,0.9795,7,0.48,0.9795,23,0.485,0.9897,503,0
SPY190724C299,2019-07-22,2019-07-22 09:46:55.000,0.49,1.00,1422,0.48,0.9795,7,0.48,0.9795,23,0.485,0.9897,503,0
SPY190724C299,2019-07-22,2019-07-22 09:46:55.000,0.49,1.00,1404,0.48,0.9795,7,0.48,0.9795,23,0.485,0.9897,503,0
SPY190724C299,2019-07-22,2019-07-22 09:46:56.000,0.49,1.00,815,0.48,0.9795,241,0.48,0.9795,23,0.485,0.9897,503,0
SPY190724C299,2019-07-22,2019-07-22 09:46:57.000,0.49,1.00,815,0.48,0.9795,241,0.48,0.9795,23,0.485,0.9897,503,0
SPY190724C299,2019-07-22,2019-07-22 09:46:58.000,0.50,1.0204,1040,0.48,0.9795,1106,0.48,0.9795,23,0.49,1.00,503,0
SPY190724C299,2019-07-22,2019-07-22 09:46:58.000,0.50,1.0204,761,0.48,0.9795,1438,0.48,0.9795,23,0.49,1.00,503,0
SPY190724C299,2019-07-22,2019-07-22 09:46:59.000,0.49,1.00,540,0.48,0.9795,242,0.48,0.9795,23,0.485,0.9897,503,0
SPY190724C299,2019-07-22,2019-07-22 09:46:59.000,0.49,1.00,234,0.48,0.9795,242,0.48,0.9795,23,0.485,0.9897,503,0
SPY190724C299,2019-07-22,2019-07-22 09:47:00.000,0.49,1.00,254,0.48,0.9795,299,0.48,0.9795,23,0.485,0.9897,503,0
SPY190724C299,2019-07-22,2019-07-22 09:47:00.000,0.49,1.00,282,0.48,0.9795,299,0.48,0.9795,23,0.485,0.9897,503,0
SPY190724C299,2019-07-22,2019-07-22 09:47:01.000,0.49,1.00,70,0.48,0.9795,1110,0.48,0.9795,23,0.485,0.9897,503,0
SPY190724C299,2019-07-22,2019-07-22 09:47:01.000,0.49,1.00,107,0.48,0.9795,887,0.48,0.9795,23,0.485,0.9897,503,0
SPY190724C299,2019-07-22,2019-07-22 09:47:02.000,0.49,1.00,70,0.48,0.9795,585,0.48,0.9795,23,0.485,0.9897,503,0
SPY190724C299,2019-07-22,2019-07-22 09:47:03.000,0.49,1.00,70,0.49,1.00,5,0.48,0.9795,23,0.49,1.00,503,0
SPY190724C299,2019-07-22,2019-07-22 09:47:04.000,0.50,1.0204,1054,0.49,1.00,5,0.48,0.9795,23,0.495,1.0102,503,0
SPY190724C299,2019-07-22,2019-07-22 09:47:05.000,0.50,1.0204,726,0.49,1.00,5,0.48,0.9795,23,0.495,1.0102,503,0
SPY190724C299,2019-07-22,2019-07-22 09:47:05.000,0.50,1.0204,1303,0.49,1.00,5,0.48,0.9795,23,0.495,1.0102,503,0
SPY190724C299,2019-07-22,2019-07-22 09:47:06.000,0.50,1.0204,437,0.49,1.00,217,0.48,0.9795,23,0.495,1.0102,503,0
SPY190724C299,2019-07-22,2019-07-22 09:47:06.000,0.50,1.0204,508,0.49,1.00,100,0.48,0.9795,23,0.495,1.0102,503,0
SPY190724C299,2019-07-22,2019-07-22 09:47:07.000,0.50,1.0204,302,0.49,1.00,217,0.48,0.9795,23,0.495,1.0102,503,0
SPY190724C299,2019-07-22,2019-07-22 09:47:08.000,0.50,1.0204,207,0.49,1.00,217,0.48,0.9795,23,0.495,1.0102,503,0
SPY190724C299,2019-07-22,2019-07-22 09:47:08.000,0.50,1.0204,368,0.49,1.00,217,0.48,0.9795,23,0.495,1.0102,503,0
SPY190724C299,2019-07-22,2019-07-22 09:47:09.000,0.50,1.0204,242,0.49,1.00,317,0.48,0.9795,23,0.495,1.0102,503,0
SPY190724C299,2019-07-22,2019-07-22 09:47:09.000,0.50,1.0204,207,0.49,1.00,287,0.48,0.9795,23,0.495,1.0102,503,0
SPY190724C299,2019-07-22,2019-07-22 09:47:10.000,0.50,1.0204,207,0.49,1.00,287,0.48,0.9795,23,0.495,1.0102,503,0
SPY190724C299,2019-07-22,2019-07-22 09:47:11.000,0.50,1.0204,70,0.49,1.00,1021,0.48,0.9795,23,0.495,1.0102,503,0
SPY190724C299,2019-07-22,2019-07-22 09:47:11.000,0.50,1.0204,123,0.49,1.00,287,0.48,0.9795,23,0.495,1.0102,503,0
SPY190724C299,2019-07-22,2019-07-22 09:47:12.000,0.50,1.0204,70,0.49,1.00,1073,0.48,0.9795,23,0.495,1.0102,503,0
SPY190724C299,2019-07-22,2019-07-22 09:47:12.000,0.50,1.0204,70,0.49,1.00,1283,0.48,0.9795,23,0.495,1.0102,503,0
SPY190724C299,2019-07-22,2019-07-22 09:47:13.000,0.50,1.0204,70,0.49,1.00,1965,0.48,0.9795,23,0.495,1.0102,503,0
SPY190724C299,2019-07-22,2019-07-22 09:47:14.000,0.50,1.0204,70,0.49,1.00,1965,0.48,0.9795,23,0.495,1.0102,503,0
SPY190724C299,2019-07-22,2019-07-22 09:47:15.000,0.50,1.0204,16,0.49,1.00,1716,0.48,0.9795,23,0.495,1.0102,503,0
SPY190724C299,2019-07-22,2019-07-22 09:47:15.000,0.50,1.0204,1,0.49,1.00,2608,0.48,0.9795,23,0.495,1.0102,503,0
SPY190724C299,2019-07-22,2019-07-22 09:47:16.000,0.50,1.0204,16,0.49,1.00,1928,0.48,0.9795,23,0.495,1.0102,503,0
SPY190724C299,2019-07-22,2019-07-22 09:47:16.000,0.50,1.0204,16,0.49,1.00,1926,0.48,0.9795,23,0.495,1.0102,503,0
SPY190724C299,2019-07-22,2019-07-22 09:47:17.000,0.50,1.0204,1,0.49,1.00,2068,0.48,0.9795,23,0.495,1.0102,503,0
SPY190724C299,2019-07-22,2019-07-22 09:47:17.000,0.51,1.0408,168,0.50,1.0204,706,0.50,1.0204,1,0.505,1.0306,504,1
SPY190724C299,2019-07-22,2019-07-22 09:47:18.000,0.51,1.0408,171,0.50,1.0204,13,0.50,1.0204,1,0.505,1.0306,504,0
SPY190724C299,2019-07-22,2019-07-22 09:47:19.000,0.51,1.0408,327,0.50,1.0204,189,0.50,1.0204,1,0.505,1.0306,504,0
SPY190724C299,2019-07-22,2019-07-22 09:47:19.000,0.51,1.0408,898,0.50,1.0204,189,0.50,1.0204,1,0.505,1.0306,504,0
SPY190724C299,2019-07-22,2019-07-22 09:47:20.000,0.51,1.0408,353,0.50,1.0204,216,0.50,1.0204,1,0.505,1.0306,504,0
SPY190724C299,2019-07-22,2019-07-22 09:47:21.000,0.51,1.0408,6,0.50,1.0204,276,0.50,1.0204,1,0.505,1.0306,504,0
SPY190724C299,2019-07-22,2019-07-22 09:47:21.000,0.51,1.0408,6,0.50,1.0204,1560,0.50,1.0204,1,0.505,1.0306,504,0
SPY190724C299,2019-07-22,2019-07-22 09:47:22.000,0.51,1.0408,6,0.50,1.0204,983,0.50,1.0204,1,0.505,1.0306,504,0
SPY190724C299,2019-07-22,2019-07-22 09:47:22.000,0.51,1.0408,6,0.50,1.0204,1506,0.50,1.0204,1,0.505,1.0306,504,0
SPY190724C299,2019-07-22,2019-07-22 09:47:23.000,0.51,1.0408,6,0.50,1.0204,1467,0.50,1.0204,1,0.505,1.0306,504,0
SPY190724C299,2019-07-22,2019-07-22 09:47:23.000,0.51,1.0408,6,0.50,1.0204,2342,0.50,1.0204,1,0.505,1.0306,504,0
SPY190724C299,2019-07-22,2019-07-22 09:47:24.000,0.51,1.0408,6,0.50,1.0204,2342,0.50,1.0204,1,0.505,1.0306,504,0
SPY190724C299,2019-07-22,2019-07-22 09:47:25.000,0.51,1.0408,6,0.50,1.0204,2381,0.50,1.0204,1,0.505,1.0306,504,0
SPY190724C299,2019-07-22,2019-07-22 09:47:25.000,0.51,1.0408,6,0.50,1.0204,2342,0.50,1.0204,1,0.505,1.0306,504,0
SPY190724C299,2019-07-22,2019-07-22 09:47:26.000,0.52,1.0612,282,0.51,1.0408,235,0.51,1.0408,6,0.515,1.051,515,11
SPY190724C299,2019-07-22,2019-07-22 09:47:26.000,0.52,1.0612,628,0.51,1.0408,235,0.51,1.0408,6,0.515,1.051,515,0
SPY190724C299,2019-07-22,2019-07-22 09:47:27.000,0.52,1.0612,628,0.51,1.0408,234,0.51,1.0408,6,0.515,1.051,515,0
SPY190724C299,2019-07-22,2019-07-22 09:47:27.000,0.52,1.0612,759,0.51,1.0408,234,0.51,1.0408,6,0.515,1.051,515,0
SPY190724C299,2019-07-22,2019-07-22 09:47:28.000,0.52,1.0612,804,0.51,1.0408,210,0.51,1.0408,6,0.515,1.051,515,0
SPY190724C299,2019-07-22,2019-07-22 09:47:28.000,0.52,1.0612,852,0.51,1.0408,234,0.51,1.0408,6,0.515,1.051,515,0
SPY190724C299,2019-07-22,2019-07-22 09:47:29.000,0.52,1.0612,925,0.51,1.0408,210,0.51,1.0408,6,0.515,1.051,515,0
SPY190724C299,2019-07-22,2019-07-22 09:47:30.000,0.52,1.0612,60,0.51,1.0408,377,0.51,1.0408,6,0.515,1.051,515,0
SPY190724C299,2019-07-22,2019-07-22 09:47:30.000,0.52,1.0612,242,0.51,1.0408,235,0.51,1.0408,6,0.515,1.051,515,0
SPY190724C299,2019-07-22,2019-07-22 09:47:31.000,0.52,1.0612,792,0.51,1.0408,5,0.52,1.0612,5,0.515,1.051,520,5
SPY190724C299,2019-07-22,2019-07-22 09:47:31.000,0.52,1.0612,857,0.51,1.0408,5,0.52,1.0612,5,0.515,1.051,520,0
SPY190724C299,2019-07-22,2019-07-22 09:47:32.000,0.52,1.0612,1046,0.51,1.0408,182,0.52,1.0612,5,0.515,1.051,520,0
SPY190724C299,2019-07-22,2019-07-22 09:47:32.000,0.52,1.0612,1406,0.50,1.0204,1121,0.52,1.0612,5,0.51,1.0408,520,0
SPY190724C299,2019-07-22,2019-07-22 09:47:33.000,0.52,1.0612,650,0.50,1.0204,1213,0.52,1.0612,5,0.51,1.0408,520,0
SPY190724C299,2019-07-22,2019-07-22 09:47:33.000,0.52,1.0612,1406,0.50,1.0204,1121,0.52,1.0612,5,0.51,1.0408,520,0
SPY190724C299,2019-07-22,2019-07-22 09:47:34.000,0.52,1.0612,1068,0.51,1.0408,234,0.52,1.0612,5,0.515,1.051,520,0
SPY190724C299,2019-07-22,2019-07-22 09:47:35.000,0.52,1.0612,1455,0.51,1.0408,182,0.52,1.0612,5,0.515,1.051,520,0
SPY190724C299,2019-07-22,2019-07-22 09:47:35.000,0.52,1.0612,1068,0.51,1.0408,182,0.52,1.0612,5,0.515,1.051,520,0
SPY190724C299,2019-07-22,2019-07-22 09:47:36.000,0.52,1.0612,1532,0.50,1.0204,526,0.52,1.0612,5,0.51,1.0408,520,0
SPY190724C299,2019-07-22,2019-07-22 09:47:36.000,0.51,1.0408,129,0.50,1.0204,526,0.52,1.0612,5,0.505,1.0306,520,0
SPY190724C299,2019-07-22,2019-07-22 09:47:37.000,0.51,1.0408,824,0.50,1.0204,274,0.52,1.0612,5,0.505,1.0306,520,0
SPY190724C299,2019-07-22,2019-07-22 09:47:37.000,0.51,1.0408,1047,0.50,1.0204,304,0.51,1.0408,1,0.505,1.0306,521,1
SPY190724C299,2019-07-22,2019-07-22 09:47:38.000,0.51,1.0408,908,0.50,1.0204,304,0.51,1.0408,1,0.505,1.0306,521,0
SPY190724C299,2019-07-22,2019-07-22 09:47:39.000,0.52,1.0612,1387,0.50,1.0204,252,0.51,1.0408,1,0.51,1.0408,521,0
SPY190724C299,2019-07-22,2019-07-22 09:47:39.000,0.52,1.0612,1185,0.51,1.0408,5,0.51,1.0408,1,0.515,1.051,521,0
SPY190724C299,2019-07-22,2019-07-22 09:47:40.000,0.52,1.0612,1170,0.51,1.0408,5,0.51,1.0408,1,0.515,1.051,521,0
SPY190724C299,2019-07-22,2019-07-22 09:47:40.000,0.52,1.0612,1278,0.51,1.0408,5,0.51,1.0408,1,0.515,1.051,521,0
SPY190724C299,2019-07-22,2019-07-22 09:47:41.000,0.52,1.0612,1320,0.51,1.0408,5,0.51,1.0408,1,0.515,1.051,521,0
SPY190724C299,2019-07-22,2019-07-22 09:47:41.000,0.52,1.0612,1872,0.51,1.0408,5,0.51,1.0408,1,0.515,1.051,521,0
SPY190724C299,2019-07-22,2019-07-22 09:47:42.000,0.51,1.0408,100,0.50,1.0204,235,0.51,1.0408,1,0.505,1.0306,521,0
SPY190724C299,2019-07-22,2019-07-22 09:47:42.000,0.51,1.0408,88,0.50,1.0204,345,0.51,1.0408,1,0.505,1.0306,521,0
SPY190724C299,2019-07-22,2019-07-22 09:47:43.000,0.51,1.0408,77,0.50,1.0204,345,0.51,1.0408,1,0.505,1.0306,521,0
SPY190724C299,2019-07-22,2019-07-22 09:47:44.000,0.51,1.0408,77,0.50,1.0204,867,0.51,1.0408,1,0.505,1.0306,521,0
SPY190724C299,2019-07-22,2019-07-22 09:47:44.000,0.51,1.0408,77,0.50,1.0204,345,0.51,1.0408,1,0.505,1.0306,521,0
SPY190724C299,2019-07-22,2019-07-22 09:47:45.000,0.51,1.0408,77,0.50,1.0204,1388,0.51,1.0408,1,0.505,1.0306,521,0
SPY190724C299,2019-07-22,2019-07-22 09:47:45.000,0.51,1.0408,6,0.50,1.0204,2567,0.51,1.0408,1,0.505,1.0306,521,0
SPY190724C299,2019-07-22,2019-07-22 09:47:46.000,0.51,1.0408,6,0.50,1.0204,2717,0.51,1.0408,1,0.505,1.0306,521,0
SPY190724C299,2019-07-22,2019-07-22 09:47:46.000,0.51,1.0408,6,0.50,1.0204,2226,0.51,1.0408,1,0.505,1.0306,521,0
SPY190724C299,2019-07-22,2019-07-22 09:47:47.000,0.51,1.0408,6,0.50,1.0204,2776,0.51,1.0408,1,0.505,1.0306,521,0
SPY190724C299,2019-07-22,2019-07-22 09:47:47.000,0.51,1.0408,6,0.50,1.0204,2467,0.51,1.0408,1,0.505,1.0306,521,0
SPY190724C299,2019-07-22,2019-07-22 09:47:48.000,0.51,1.0408,6,0.50,1.0204,2830,0.51,1.0408,1,0.505,1.0306,521,0
SPY190724C299,2019-07-22,2019-07-22 09:47:48.000,0.51,1.0408,6,0.50,1.0204,2776,0.51,1.0408,1,0.505,1.0306,521,0
SPY190724C299,2019-07-22,2019-07-22 09:47:49.000,0.51,1.0408,6,0.50,1.0204,2830,0.51,1.0408,1,0.505,1.0306,521,0
SPY190724C299,2019-07-22,2019-07-22 09:47:50.000,0.51,1.0408,6,0.50,1.0204,2671,0.51,1.0408,1,0.505,1.0306,521,0
SPY190724C299,2019-07-22,2019-07-22 09:47:50.000,0.52,1.0612,1007,0.51,1.0408,244,0.51,1.0408,6,0.515,1.051,527,6
SPY190724C299,2019-07-22,2019-07-22 09:47:51.000,0.52,1.0612,1007,0.51,1.0408,244,0.51,1.0408,6,0.515,1.051,527,0
SPY190724C299,2019-07-22,2019-07-22 09:47:52.000,0.52,1.0612,1007,0.51,1.0408,304,0.51,1.0408,6,0.515,1.051,527,0
SPY190724C299,2019-07-22,2019-07-22 09:47:52.000,0.52,1.0612,1007,0.51,1.0408,244,0.51,1.0408,6,0.515,1.051,527,0
SPY190724C299,2019-07-22,2019-07-22 09:47:53.000,0.52,1.0612,1007,0.51,1.0408,244,0.51,1.0408,6,0.515,1.051,527,0
SPY190724C299,2019-07-22,2019-07-22 09:47:54.000,0.52,1.0612,1152,0.51,1.0408,244,0.51,1.0408,6,0.515,1.051,527,0
SPY190724C299,2019-07-22,2019-07-22 09:47:54.000,0.52,1.0612,1007,0.51,1.0408,244,0.52,1.0612,10,0.515,1.051,537,10
SPY190724C299,2019-07-22,2019-07-22 09:47:55.000,0.53,1.0816,650,0.51,1.0408,360,0.52,1.0612,10,0.52,1.0612,537,0
SPY190724C299,2019-07-22,2019-07-22 09:47:55.000,0.52,1.0612,94,0.51,1.0408,291,0.52,1.0612,10,0.515,1.051,537,0
SPY190724C299,2019-07-22,2019-07-22 09:47:56.000,0.53,1.0816,1361,0.51,1.0408,1367,0.52,1.0612,10,0.52,1.0612,537,0
SPY190724C299,2019-07-22,2019-07-22 09:47:57.000,0.53,1.0816,1162,0.52,1.0612,5,0.52,1.0612,10,0.525,1.0714,537,0
SPY190724C299,2019-07-22,2019-07-22 09:47:57.000,0.53,1.0816,1115,0.51,1.0408,753,0.52,1.0612,10,0.52,1.0612,537,0
SPY190724C299,2019-07-22,2019-07-22 09:47:58.000,0.53,1.0816,1615,0.52,1.0612,8,0.52,1.0612,10,0.525,1.0714,537,0
SPY190724C299,2019-07-22,2019-07-22 09:47:58.000,0.52,1.0612,5,0.51,1.0408,290,0.52,1.0612,10,0.515,1.051,537,0
SPY190724C299,2019-07-22,2019-07-22 09:47:59.000,0.52,1.0612,529,0.51,1.0408,290,0.52,1.0612,10,0.515,1.051,537,0
SPY190724C299,2019-07-22,2019-07-22 09:47:59.000,0.52,1.0612,5,0.51,1.0408,290,0.52,1.0612,10,0.515,1.051,537,0
SPY190724C299,2019-07-22,2019-07-22 09:48:00.000,0.52,1.0612,711,0.51,1.0408,349,0.52,1.0612,10,0.515,1.051,537,0
SPY190724C299,2019-07-22,2019-07-22 09:48:00.000,0.53,1.0816,934,0.52,1.0612,1,0.52,1.0612,10,0.525,1.0714,537,0
SPY190724C299,2019-07-22,2019-07-22 09:48:01.000,0.53,1.0816,1186,0.52,1.0612,1,0.52,1.0612,10,0.525,1.0714,537,0
SPY190724C299,2019-07-22,2019-07-22 09:48:02.000,0.52,1.0612,588,0.51,1.0408,368,0.52,1.0612,10,0.515,1.051,537,0
SPY190724C299,2019-07-22,2019-07-22 09:48:02.000,0.53,1.0816,2031,0.51,1.0408,1300,0.52,1.0612,10,0.52,1.0612,537,0
SPY190724C299,2019-07-22,2019-07-22 09:48:03.000,0.52,1.0612,245,0.51,1.0408,368,0.52,1.0612,10,0.515,1.051,537,0
SPY190724C299,2019-07-22,2019-07-22 09:48:03.000,0.52,1.0612,338,0.51,1.0408,368,0.52,1.0612,10,0.515,1.051,537,0
SPY190724C299,2019-07-22,2019-07-22 09:48:04.000,0.52,1.0612,749,0.51,1.0408,421,0.52,1.0612,10,0.515,1.051,537,0
SPY190724C299,2019-07-22,2019-07-22 09:48:05.000,0.52,1.0612,749,0.51,1.0408,280,0.52,1.0612,10,0.515,1.051,537,0
SPY190724C299,2019-07-22,2019-07-22 09:48:06.000,0.52,1.0612,76,0.51,1.0408,391,0.52,1.0612,2,0.515,1.051,539,2
SPY190724C299,2019-07-22,2019-07-22 09:48:07.000,0.52,1.0612,66,0.51,1.0408,1191,0.52,1.0612,5,0.515,1.051,544,0
SPY190724C299,2019-07-22,2019-07-22 09:48:07.000,0.52,1.0612,77,0.51,1.0408,867,0.52,1.0612,5,0.515,1.051,544,5
SPY190724C299,2019-07-22,2019-07-22 09:48:08.000,0.52,1.0612,76,0.51,1.0408,1288,0.52,1.0612,5,0.515,1.051,544,0
SPY190724C299,2019-07-22,2019-07-22 09:48:08.000,0.53,1.0816,1037,0.52,1.0612,5,0.52,1.0612,5,0.525,1.0714,544,0
SPY190724C299,2019-07-22,2019-07-22 09:48:09.000,0.53,1.0816,1097,0.52,1.0612,5,0.52,1.0612,5,0.525,1.0714,544,0
SPY190724C299,2019-07-22,2019-07-22 09:48:09.000,0.53,1.0816,937,0.52,1.0612,5,0.52,1.0612,5,0.525,1.0714,544,0
SPY190724C299,2019-07-22,2019-07-22 09:48:10.000,0.53,1.0816,994,0.52,1.0612,5,0.52,1.0612,5,0.525,1.0714,544,0
SPY190724C299,2019-07-22,2019-07-22 09:48:10.000,0.53,1.0816,937,0.52,1.0612,5,0.52,1.0612,5,0.525,1.0714,544,0
SPY190724C299,2019-07-22,2019-07-22 09:48:11.000,0.53,1.0816,994,0.52,1.0612,5,0.52,1.0612,5,0.525,1.0714,544,0
SPY190724C299,2019-07-22,2019-07-22 09:48:12.000,0.53,1.0816,994,0.52,1.0612,5,0.52,1.0612,5,0.525,1.0714,544,0
SPY190724C299,2019-07-22,2019-07-22 09:48:13.000,0.53,1.0816,958,0.52,1.0612,5,0.52,1.0612,5,0.525,1.0714,544,0
SPY190724C299,2019-07-22,2019-07-22 09:48:14.000,0.53,1.0816,958,0.52,1.0612,5,0.52,1.0612,5,0.525,1.0714,544,0
SPY190724C299,2019-07-22,2019-07-22 09:48:14.000,0.53,1.0816,1283,0.52,1.0612,5,0.52,1.0612,5,0.525,1.0714,544,0
SPY190724C299,2019-07-22,2019-07-22 09:48:15.000,0.53,1.0816,958,0.52,1.0612,5,0.52,1.0612,5,0.525,1.0714,544,0
SPY190724C299,2019-07-22,2019-07-22 09:48:16.000,0.53,1.0816,275,0.52,1.0612,334,0.52,1.0612,5,0.525,1.0714,544,0
SPY190724C299,2019-07-22,2019-07-22 09:48:17.000,0.53,1.0816,275,0.52,1.0612,334,0.52,1.0612,5,0.525,1.0714,544,0
SPY190724C299,2019-07-22,2019-07-22 09:48:18.000,0.53,1.0816,275,0.52,1.0612,334,0.52,1.0612,5,0.525,1.0714,544,0
SPY190724C299,2019-07-22,2019-07-22 09:48:18.000,0.53,1.0816,269,0.52,1.0612,182,0.52,1.0612,5,0.525,1.0714,544,0
SPY190724C299,2019-07-22,2019-07-22 09:48:19.000,0.53,1.0816,259,0.52,1.0612,210,0.52,1.0612,5,0.525,1.0714,544,0
SPY190724C299,2019-07-22,2019-07-22 09:48:20.000,0.53,1.0816,294,0.52,1.0612,310,0.52,1.0612,5,0.525,1.0714,544,0
SPY190724C299,2019-07-22,2019-07-22 09:48:21.000,0.53,1.0816,294,0.52,1.0612,310,0.52,1.0612,5,0.525,1.0714,544,0
SPY190724C299,2019-07-22,2019-07-22 09:48:21.000,0.53,1.0816,245,0.52,1.0612,997,0.52,1.0612,5,0.525,1.0714,544,0
SPY190724C299,2019-07-22,2019-07-22 09:48:22.000,0.53,1.0816,245,0.52,1.0612,701,0.52,1.0612,5,0.525,1.0714,544,0
SPY190724C299,2019-07-22,2019-07-22 09:48:22.000,0.53,1.0816,57,0.52,1.0612,1485,0.52,1.0612,5,0.525,1.0714,544,0
SPY190724C299,2019-07-22,2019-07-22 09:48:23.000,0.54,1.102,1287,0.52,1.0612,2215,0.52,1.0612,5,0.53,1.0816,544,0
SPY190724C299,2019-07-22,2019-07-22 09:48:23.000,0.53,1.0816,51,0.52,1.0612,1572,0.52,1.0612,5,0.525,1.0714,544,0
SPY190724C299,2019-07-22,2019-07-22 09:48:24.000,0.54,1.102,929,0.53,1.0816,20,0.52,1.0612,5,0.535,1.0918,544,0
SPY190724C299,2019-07-22,2019-07-22 09:48:24.000,0.54,1.102,1250,0.53,1.0816,20,0.52,1.0612,5,0.535,1.0918,544,0
SPY190724C299,2019-07-22,2019-07-22 09:48:25.000,0.54,1.102,1341,0.53,1.0816,20,0.52,1.0612,5,0.535,1.0918,544,0
SPY190724C299,2019-07-22,2019-07-22 09:48:26.000,0.54,1.102,1341,0.53,1.0816,20,0.52,1.0612,5,0.535,1.0918,544,0
SPY190724C299,2019-07-22,2019-07-22 09:48:27.000,0.54,1.102,1341,0.53,1.0816,20,0.52,1.0612,5,0.535,1.0918,544,0
SPY190724C299,2019-07-22,2019-07-22 09:48:28.000,0.54,1.102,1341,0.53,1.0816,294,0.52,1.0612,5,0.535,1.0918,544,0
SPY190724C299,2019-07-22,2019-07-22 09:48:29.000,0.54,1.102,320,0.53,1.0816,234,0.52,1.0612,5,0.535,1.0918,544,0
SPY190724C299,2019-07-22,2019-07-22 09:48:29.000,0.54,1.102,772,0.53,1.0816,20,0.53,1.0816,1,0.535,1.0918,565,21
SPY190724C299,2019-07-22,2019-07-22 09:48:30.000,0.53,1.0816,862,0.52,1.0612,5,0.53,1.0816,1,0.525,1.0714,565,0
SPY190724C299,2019-07-22,2019-07-22 09:48:30.000,0.53,1.0816,473,0.52,1.0612,63,0.53,1.0816,1,0.525,1.0714,565,0
SPY190724C299,2019-07-22,2019-07-22 09:48:31.000,0.53,1.0816,656,0.51,1.0408,1202,0.53,1.0816,1,0.52,1.0612,565,0
SPY190724C299,2019-07-22,2019-07-22 09:48:32.000,0.53,1.0816,656,0.52,1.0612,7,0.52,1.0612,10,0.525,1.0714,575,10
SPY190724C299,2019-07-22,2019-07-22 09:48:33.000,0.53,1.0816,242,0.52,1.0612,548,0.52,1.0612,10,0.525,1.0714,575,0
SPY190724C299,2019-07-22,2019-07-22 09:48:34.000,0.53,1.0816,78,0.52,1.0612,1090,0.52,1.0612,10,0.525,1.0714,575,0
SPY190724C299,2019-07-22,2019-07-22 09:48:34.000,0.54,1.102,1079,0.52,1.0612,1090,0.52,1.0612,10,0.53,1.0816,575,0
SPY190724C299,2019-07-22,2019-07-22 09:48:35.000,0.54,1.102,993,0.53,1.0816,5,0.52,1.0612,10,0.535,1.0918,575,0
SPY190724C299,2019-07-22,2019-07-22 09:48:35.000,0.54,1.102,1079,0.52,1.0612,1370,0.52,1.0612,10,0.53,1.0816,575,0
SPY190724C299,2019-07-22,2019-07-22 09:48:36.000,0.54,1.102,266,0.53,1.0816,483,0.52,1.0612,10,0.535,1.0918,575,0
SPY190724C299,2019-07-22,2019-07-22 09:48:36.000,0.54,1.102,254,0.53,1.0816,319,0.52,1.0612,10,0.535,1.0918,575,0
SPY190724C299,2019-07-22,2019-07-22 09:48:37.000,0.54,1.102,455,0.53,1.0816,583,0.52,1.0612,10,0.535,1.0918,575,0
SPY190724C299,2019-07-22,2019-07-22 09:48:37.000,0.54,1.102,417,0.53,1.0816,583,0.52,1.0612,10,0.535,1.0918,575,0
SPY190724C299,2019-07-22,2019-07-22 09:48:38.000,0.54,1.102,558,0.52,1.0612,291,0.52,1.0612,10,0.53,1.0816,575,0
SPY190724C299,2019-07-22,2019-07-22 09:48:39.000,0.53,1.0816,5,0.52,1.0612,1510,0.52,1.0612,10,0.525,1.0714,575,0
SPY190724C299,2019-07-22,2019-07-22 09:48:39.000,0.54,1.102,741,0.52,1.0612,1080,0.52,1.0612,10,0.53,1.0816,575,0
SPY190724C299,2019-07-22,2019-07-22 09:48:40.000,0.53,1.0816,235,0.52,1.0612,1526,0.53,1.0816,3,0.525,1.0714,583,8
SPY190724C299,2019-07-22,2019-07-22 09:48:40.000,0.54,1.102,841,0.52,1.0612,1526,0.53,1.0816,3,0.53,1.0816,583,0
SPY190724C299,2019-07-22,2019-07-22 09:48:41.000,0.54,1.102,1065,0.52,1.0612,1526,0.53,1.0816,3,0.53,1.0816,583,0
SPY190724C299,2019-07-22,2019-07-22 09:48:41.000,0.54,1.102,1311,0.52,1.0612,1606,0.53,1.0816,3,0.53,1.0816,583,0
SPY190724C299,2019-07-22,2019-07-22 09:48:42.000,0.54,1.102,1075,0.52,1.0612,1606,0.53,1.0816,3,0.53,1.0816,583,0
SPY190724C299,2019-07-22,2019-07-22 09:48:43.000,0.54,1.102,1075,0.52,1.0612,1570,0.53,1.0816,3,0.53,1.0816,583,0
SPY190724C299,2019-07-22,2019-07-22 09:48:44.000,0.54,1.102,847,0.53,1.0816,6,0.53,1.0816,3,0.535,1.0918,583,0
SPY190724C299,2019-07-22,2019-07-22 09:48:44.000,0.54,1.102,1075,0.52,1.0612,1570,0.53,1.0816,3,0.53,1.0816,583,0
SPY190724C299,2019-07-22,2019-07-22 09:48:45.000,0.54,1.102,650,0.52,1.0612,2484,0.53,1.0816,3,0.53,1.0816,583,0
SPY190724C299,2019-07-22,2019-07-22 09:48:45.000,0.54,1.102,847,0.52,1.0612,2199,0.53,1.0816,3,0.53,1.0816,583,0
SPY190724C299,2019-07-22,2019-07-22 09:48:46.000,0.54,1.102,923,0.53,1.0816,113,0.53,1.0816,3,0.535,1.0918,583,0
SPY190724C299,2019-07-22,2019-07-22 09:48:46.000,0.54,1.102,532,0.53,1.0816,809,0.53,1.0816,3,0.535,1.0918,583,0
SPY190724C299,2019-07-22,2019-07-22 09:48:47.000,0.54,1.102,532,0.53,1.0816,1015,0.53,1.0816,3,0.535,1.0918,586,3
SPY190724C299,2019-07-22,2019-07-22 09:48:47.000,0.54,1.102,474,0.53,1.0816,1280,0.53,1.0816,3,0.535,1.0918,586,0
SPY190724C299,2019-07-22,2019-07-22 09:48:48.000,0.54,1.102,113,0.53,1.0816,224,0.53,1.0816,3,0.535,1.0918,586,0
SPY190724C299,2019-07-22,2019-07-22 09:48:49.000,0.54,1.102,919,0.53,1.0816,146,0.53,1.0816,3,0.535,1.0918,586,0
SPY190724C299,2019-07-22,2019-07-22 09:48:49.000,0.54,1.102,275,0.53,1.0816,186,0.53,1.0816,3,0.535,1.0918,586,0
SPY190724C299,2019-07-22,2019-07-22 09:48:50.000,0.54,1.102,901,0.53,1.0816,124,0.53,1.0816,3,0.535,1.0918,586,0
SPY190724C299,2019-07-22,2019-07-22 09:48:50.000,0.54,1.102,966,0.53,1.0816,146,0.53,1.0816,3,0.535,1.0918,586,0
SPY190724C299,2019-07-22,2019-07-22 09:48:51.000,0.54,1.102,643,0.53,1.0816,32,0.53,1.0816,3,0.535,1.0918,586,0
SPY190724C299,2019-07-22,2019-07-22 09:48:51.000,0.54,1.102,972,0.53,1.0816,35,0.53,1.0816,3,0.535,1.0918,586,0
SPY190724C299,2019-07-22,2019-07-22 09:48:52.000,0.54,1.102,972,0.53,1.0816,95,0.53,1.0816,3,0.535,1.0918,586,0
SPY190724C299,2019-07-22,2019-07-22 09:48:53.000,0.54,1.102,814,0.53,1.0816,110,0.53,1.0816,3,0.535,1.0918,586,0
SPY190724C299,2019-07-22,2019-07-22 09:48:54.000,0.55,1.1224,881,0.53,1.0816,1676,0.53,1.0816,3,0.54,1.102,586,0
SPY190724C299,2019-07-22,2019-07-22 09:48:55.000,0.54,1.102,156,0.53,1.0816,77,0.53,1.0816,3,0.535,1.0918,586,0
SPY190724C299,2019-07-22,2019-07-22 09:48:55.000,0.54,1.102,275,0.53,1.0816,489,0.53,1.0816,3,0.535,1.0918,586,0
SPY190724C299,2019-07-22,2019-07-22 09:48:56.000,0.54,1.102,235,0.53,1.0816,748,0.53,1.0816,3,0.535,1.0918,586,0
SPY190724C299,2019-07-22,2019-07-22 09:48:56.000,0.54,1.102,235,0.53,1.0816,271,0.53,1.0816,3,0.535,1.0918,586,0
SPY190724C299,2019-07-22,2019-07-22 09:48:57.000,0.54,1.102,235,0.53,1.0816,288,0.54,1.102,1,0.535,1.0918,587,1
SPY190724C299,2019-07-22,2019-07-22 09:48:58.000,0.54,1.102,235,0.53,1.0816,165,0.54,1.102,1,0.535,1.0918,587,0
SPY190724C299,2019-07-22,2019-07-22 09:48:58.000,0.54,1.102,353,0.53,1.0816,1,0.54,1.102,1,0.535,1.0918,587,0
SPY190724C299,2019-07-22,2019-07-22 09:48:59.000,0.54,1.102,1141,0.53,1.0816,1,0.54,1.102,1,0.535,1.0918,587,0
SPY190724C299,2019-07-22,2019-07-22 09:48:59.000,0.54,1.102,897,0.53,1.0816,452,0.54,1.102,1,0.535,1.0918,587,0
SPY190724C299,2019-07-22,2019-07-22 09:49:00.000,0.54,1.102,792,0.53,1.0816,781,0.54,1.102,1,0.535,1.0918,587,0
SPY190724C299,2019-07-22,2019-07-22 09:49:00.000,0.54,1.102,175,0.53,1.0816,875,0.54,1.102,1,0.535,1.0918,587,0
SPY190724C299,2019-07-22,2019-07-22 09:49:01.000,0.54,1.102,173,0.53,1.0816,1340,0.54,1.102,1,0.535,1.0918,587,0
SPY190724C299,2019-07-22,2019-07-22 09:49:01.000,0.54,1.102,137,0.53,1.0816,1340,0.54,1.102,1,0.535,1.0918,587,0
SPY190724C299,2019-07-22,2019-07-22 09:49:02.000,0.54,1.102,133,0.53,1.0816,1613,0.54,1.102,1,0.535,1.0918,587,0
SPY190724C299,2019-07-22,2019-07-22 09:49:02.000,0.54,1.102,92,0.53,1.0816,1653,0.54,1.102,1,0.535,1.0918,587,0
SPY190724C299,2019-07-22,2019-07-22 09:49:03.000,0.54,1.102,232,0.53,1.0816,339,0.54,1.102,1,0.535,1.0918,587,0
SPY190724C299,2019-07-22,2019-07-22 09:49:04.000,0.54,1.102,632,0.53,1.0816,206,0.54,1.102,1,0.535,1.0918,587,0
SPY190724C299,2019-07-22,2019-07-22 09:49:04.000,0.54,1.102,278,0.53,1.0816,274,0.54,1.102,1,0.535,1.0918,587,0
SPY190724C299,2019-07-22,2019-07-22 09:49:06.000,0.55,1.1224,771,0.54,1.102,1,0.54,1.102,1,0.545,1.1122,588,0
SPY190724C299,2019-07-22,2019-07-22 09:49:06.000,0.54,1.102,1,0.53,1.0816,1243,0.54,1.102,1,0.535,1.0918,588,1
SPY190724C299,2019-07-22,2019-07-22 09:49:07.000,0.55,1.1224,829,0.54,1.102,1,0.54,1.102,1,0.545,1.1122,588,0
SPY190724C299,2019-07-22,2019-07-22 09:49:08.000,0.55,1.1224,310,0.54,1.102,1,0.54,1.102,1,0.545,1.1122,588,0
SPY190724C299,2019-07-22,2019-07-22 09:49:09.000,0.55,1.1224,845,0.54,1.102,63,0.54,1.102,1,0.545,1.1122,588,0
SPY190724C299,2019-07-22,2019-07-22 09:49:09.000,0.55,1.1224,845,0.54,1.102,26,0.54,1.102,1,0.545,1.1122,588,0
SPY190724C299,2019-07-22,2019-07-22 09:49:10.000,0.55,1.1224,643,0.54,1.102,25,0.54,1.102,1,0.545,1.1122,588,0
SPY190724C299,2019-07-22,2019-07-22 09:49:10.000,0.55,1.1224,847,0.54,1.102,25,0.54,1.102,1,0.545,1.1122,588,0
SPY190724C299,2019-07-22,2019-07-22 09:49:11.000,0.55,1.1224,1048,0.54,1.102,25,0.54,1.102,1,0.545,1.1122,588,0
SPY190724C299,2019-07-22,2019-07-22 09:49:11.000,0.55,1.1224,301,0.54,1.102,1,0.54,1.102,1,0.545,1.1122,588,0
SPY190724C299,2019-07-22,2019-07-22 09:49:12.000,0.55,1.1224,616,0.54,1.102,106,0.54,1.102,1,0.545,1.1122,588,0
SPY190724C299,2019-07-22,2019-07-22 09:49:12.000,0.55,1.1224,223,0.54,1.102,950,0.54,1.102,1,0.545,1.1122,588,0
SPY190724C299,2019-07-22,2019-07-22 09:49:13.000,0.55,1.1224,711,0.54,1.102,106,0.54,1.102,1,0.545,1.1122,588,0
SPY190724C299,2019-07-22,2019-07-22 09:49:14.000,0.55,1.1224,448,0.54,1.102,159,0.54,1.102,1,0.545,1.1122,588,0
SPY190724C299,2019-07-22,2019-07-22 09:49:14.000,0.55,1.1224,709,0.54,1.102,159,0.54,1.102,1,0.545,1.1122,588,0
SPY190724C299,2019-07-22,2019-07-22 09:49:15.000,0.55,1.1224,860,0.54,1.102,1,0.55,1.1224,1,0.545,1.1122,589,1
SPY190724C299,2019-07-22,2019-07-22 09:49:15.000,0.55,1.1224,1098,0.54,1.102,1,0.55,1.1224,1,0.545,1.1122,589,0
SPY190724C299,2019-07-22,2019-07-22 09:49:16.000,0.55,1.1224,1098,0.54,1.102,1,0.55,1.1224,1,0.545,1.1122,589,0
SPY190724C299,2019-07-22,2019-07-22 09:49:17.000,0.55,1.1224,1098,0.54,1.102,1,0.55,1.1224,1,0.545,1.1122,589,0
SPY190724C299,2019-07-22,2019-07-22 09:49:18.000,0.55,1.1224,1296,0.53,1.0816,516,0.54,1.102,1,0.54,1.102,591,2
SPY190724C299,2019-07-22,2019-07-22 09:49:19.000,0.55,1.1224,602,0.53,1.0816,1192,0.54,1.102,1,0.54,1.102,591,0
SPY190724C299,2019-07-22,2019-07-22 09:49:19.000,0.55,1.1224,746,0.53,1.0816,1442,0.54,1.102,1,0.54,1.102,591,0
SPY190724C299,2019-07-22,2019-07-22 09:49:20.000,0.54,1.102,50,0.53,1.0816,739,0.54,1.102,1,0.535,1.0918,591,0
SPY190724C299,2019-07-22,2019-07-22 09:49:20.000,0.55,1.1224,791,0.53,1.0816,739,0.54,1.102,1,0.54,1.102,591,0
SPY190724C299,2019-07-22,2019-07-22 09:49:21.000,0.54,1.102,169,0.53,1.0816,1444,0.54,1.102,1,0.535,1.0918,591,0
SPY190724C299,2019-07-22,2019-07-22 09:49:21.000,0.54,1.102,229,0.53,1.0816,259,0.54,1.102,1,0.535,1.0918,591,0
SPY190724C299,2019-07-22,2019-07-22 09:49:22.000,0.54,1.102,479,0.52,1.0612,811,0.54,1.102,1,0.53,1.0816,591,0
SPY190724C299,2019-07-22,2019-07-22 09:49:23.000,0.54,1.102,628,0.52,1.0612,1612,0.54,1.102,1,0.53,1.0816,591,0
SPY190724C299,2019-07-22,2019-07-22 09:49:24.000,0.54,1.102,1112,0.53,1.0816,1,0.54,1.102,1,0.535,1.0918,591,0
SPY190724C299,2019-07-22,2019-07-22 09:49:25.000,0.54,1.102,600,0.53,1.0816,210,0.54,1.102,1,0.535,1.0918,591,0
SPY190724C299,2019-07-22,2019-07-22 09:49:25.000,0.54,1.102,1074,0.52,1.0612,2920,0.54,1.102,1,0.53,1.0816,591,0
SPY190724C299,2019-07-22,2019-07-22 09:49:26.000,0.55,1.1224,956,0.53,1.0816,1788,0.54,1.102,1,0.54,1.102,591,0
SPY190724C299,2019-07-22,2019-07-22 09:49:26.000,0.54,1.102,974,0.53,1.0816,423,0.54,1.102,1,0.535,1.0918,591,0
SPY190724C299,2019-07-22,2019-07-22 09:49:27.000,0.54,1.102,203,0.53,1.0816,452,0.54,1.102,1,0.535,1.0918,591,0
SPY190724C299,2019-07-22,2019-07-22 09:49:27.000,0.54,1.102,7,0.53,1.0816,1738,0.54,1.102,1,0.535,1.0918,591,0
SPY190724C299,2019-07-22,2019-07-22 09:49:28.000,0.54,1.102,7,0.53,1.0816,1448,0.54,1.102,1,0.535,1.0918,591,0
SPY190724C299,2019-07-22,2019-07-22 09:49:29.000,0.55,1.1224,622,0.53,1.0816,2309,0.54,1.102,1,0.54,1.102,591,0
SPY190724C299,2019-07-22,2019-07-22 09:49:29.000,0.55,1.1224,823,0.53,1.0816,1684,0.54,1.102,1,0.54,1.102,591,0
SPY190724C299,2019-07-22,2019-07-22 09:49:30.000,0.55,1.1224,823,0.53,1.0816,1970,0.54,1.102,1,0.54,1.102,591,0
SPY190724C299,2019-07-22,2019-07-22 09:49:30.000,0.55,1.1224,823,0.53,1.0816,2736,0.54,1.102,1,0.54,1.102,591,0
SPY190724C299,2019-07-22,2019-07-22 09:49:31.000,0.55,1.1224,823,0.53,1.0816,2337,0.54,1.102,1,0.54,1.102,591,0
SPY190724C299,2019-07-22,2019-07-22 09:49:32.000,0.55,1.1224,306,0.54,1.102,10,0.54,1.102,1,0.545,1.1122,591,0
SPY190724C299,2019-07-22,2019-07-22 09:49:32.000,0.55,1.1224,306,0.54,1.102,1,0.54,1.102,1,0.545,1.1122,591,0
SPY190724C299,2019-07-22,2019-07-22 09:49:33.000,0.55,1.1224,306,0.54,1.102,62,0.54,1.102,1,0.545,1.1122,591,0
SPY190724C299,2019-07-22,2019-07-22 09:49:34.000,0.55,1.1224,306,0.54,1.102,113,0.54,1.102,1,0.545,1.1122,591,0
SPY190724C299,2019-07-22,2019-07-22 09:49:34.000,0.55,1.1224,306,0.54,1.102,68,0.54,1.102,1,0.545,1.1122,591,0
SPY190724C299,2019-07-22,2019-07-22 09:49:35.000,0.55,1.1224,175,0.54,1.102,412,0.54,1.102,1,0.545,1.1122,591,0
SPY190724C299,2019-07-22,2019-07-22 09:49:35.000,0.55,1.1224,149,0.54,1.102,551,0.54,1.102,1,0.545,1.1122,591,0
SPY190724C299,2019-07-22,2019-07-22 09:49:36.000,0.55,1.1224,116,0.54,1.102,617,0.54,1.102,1,0.545,1.1122,591,0
SPY190724C299,2019-07-22,2019-07-22 09:49:36.000,0.55,1.1224,138,0.54,1.102,230,0.54,1.102,1,0.545,1.1122,591,0
SPY190724C299,2019-07-22,2019-07-22 09:49:37.000,0.55,1.1224,116,0.54,1.102,898,0.54,1.102,1,0.545,1.1122,591,0
SPY190724C299,2019-07-22,2019-07-22 09:49:38.000,0.55,1.1224,7,0.54,1.102,10,0.54,1.102,1,0.545,1.1122,591,0
SPY190724C299,2019-07-22,2019-07-22 09:49:39.000,0.55,1.1224,897,0.53,1.0816,1838,0.54,1.102,1,0.54,1.102,591,0
SPY190724C299,2019-07-22,2019-07-22 09:49:39.000,0.55,1.1224,726,0.54,1.102,461,0.54,1.102,1,0.545,1.1122,591,0
SPY190724C299,2019-07-22,2019-07-22 09:49:40.000,0.55,1.1224,135,0.54,1.102,34,0.54,1.102,1,0.545,1.1122,591,0
SPY190724C299,2019-07-22,2019-07-22 09:49:40.000,0.55,1.1224,726,0.54,1.102,461,0.54,1.102,1,0.545,1.1122,591,0
SPY190724C299,2019-07-22,2019-07-22 09:49:41.000,0.55,1.1224,856,0.53,1.0816,2133,0.54,1.102,1,0.54,1.102,591,0
SPY190724C299,2019-07-22,2019-07-22 09:49:42.000,0.55,1.1224,856,0.53,1.0816,2639,0.54,1.102,1,0.54,1.102,591,0
SPY190724C299,2019-07-22,2019-07-22 09:49:42.000,0.55,1.1224,1197,0.53,1.0816,2975,0.54,1.102,1,0.54,1.102,591,0
SPY190724C299,2019-07-22,2019-07-22 09:49:43.000,0.55,1.1224,1126,0.54,1.102,1,0.54,1.102,1,0.545,1.1122,591,0
SPY190724C299,2019-07-22,2019-07-22 09:49:43.000,0.55,1.1224,1197,0.54,1.102,1,0.54,1.102,1,0.545,1.1122,591,0
SPY190724C299,2019-07-22,2019-07-22 09:49:44.000,0.55,1.1224,1126,0.54,1.102,1,0.54,1.102,1,0.545,1.1122,591,0
SPY190724C299,2019-07-22,2019-07-22 09:49:44.000,0.55,1.1224,1126,0.53,1.0816,2854,0.54,1.102,1,0.54,1.102,591,0
SPY190724C299,2019-07-22,2019-07-22 09:49:45.000,0.55,1.1224,1126,0.53,1.0816,2854,0.54,1.102,1,0.54,1.102,591,0
SPY190724C299,2019-07-22,2019-07-22 09:49:46.000,0.55,1.1224,1126,0.54,1.102,6,0.54,1.102,1,0.545,1.1122,591,0
SPY190724C299,2019-07-22,2019-07-22 09:49:46.000,0.55,1.1224,1126,0.53,1.0816,2854,0.54,1.102,1,0.54,1.102,591,0
SPY190724C299,2019-07-22,2019-07-22 09:49:47.000,0.55,1.1224,1126,0.54,1.102,6,0.54,1.102,1,0.545,1.1122,591,0
SPY190724C299,2019-07-22,2019-07-22 09:49:48.000,0.55,1.1224,845,0.54,1.102,6,0.54,1.102,1,0.545,1.1122,591,0
SPY190724C299,2019-07-22,2019-07-22 09:49:48.000,0.55,1.1224,1112,0.54,1.102,6,0.54,1.102,1,0.545,1.1122,591,0
SPY190724C299,2019-07-22,2019-07-22 09:49:49.000,0.55,1.1224,740,0.54,1.102,6,0.54,1.102,1,0.545,1.1122,591,0
SPY190724C299,2019-07-22,2019-07-22 09:49:49.000,0.55,1.1224,845,0.54,1.102,1,0.54,1.102,1,0.545,1.1122,591,0
SPY190724C299,2019-07-22,2019-07-22 09:49:50.000,0.55,1.1224,845,0.54,1.102,6,0.54,1.102,1,0.545,1.1122,591,0
SPY190724C299,2019-07-22,2019-07-22 09:49:51.000,0.55,1.1224,845,0.54,1.102,1,0.54,1.102,1,0.545,1.1122,591,0
SPY190724C299,2019-07-22,2019-07-22 09:49:52.000,0.55,1.1224,845,0.54,1.102,6,0.54,1.102,1,0.545,1.1122,591,0
SPY190724C299,2019-07-22,2019-07-22 09:49:53.000,0.55,1.1224,954,0.54,1.102,6,0.54,1.102,1,0.545,1.1122,591,0
SPY190724C299,2019-07-22,2019-07-22 09:49:54.000,0.55,1.1224,731,0.54,1.102,144,0.54,1.102,1,0.545,1.1122,591,0
SPY190724C299,2019-07-22,2019-07-22 09:49:54.000,0.55,1.1224,1042,0.54,1.102,129,0.54,1.102,1,0.545,1.1122,591,0
SPY190724C299,2019-07-22,2019-07-22 09:49:55.000,0.55,1.1224,445,0.54,1.102,217,0.54,1.102,1,0.545,1.1122,591,0
SPY190724C299,2019-07-22,2019-07-22 09:49:55.000,0.55,1.1224,1042,0.54,1.102,228,0.54,1.102,1,0.545,1.1122,591,0
SPY190724C299,2019-07-22,2019-07-22 09:49:56.000,0.55,1.1224,140,0.54,1.102,1460,0.54,1.102,1,0.545,1.1122,591,0
SPY190724C299,2019-07-22,2019-07-22 09:49:56.000,0.55,1.1224,140,0.54,1.102,1551,0.54,1.102,1,0.545,1.1122,591,0
SPY190724C299,2019-07-22,2019-07-22 09:49:57.000,0.55,1.1224,145,0.54,1.102,1356,0.54,1.102,1,0.545,1.1122,591,0
SPY190724C299,2019-07-22,2019-07-22 09:49:58.000,0.55,1.1224,403,0.54,1.102,130,0.54,1.102,1,0.545,1.1122,591,0
SPY190724C299,2019-07-22,2019-07-22 09:49:58.000,0.55,1.1224,518,0.54,1.102,6,0.54,1.102,1,0.545,1.1122,591,0
SPY190724C299,2019-07-22,2019-07-22 09:49:59.000,0.55,1.1224,841,0.54,1.102,209,0.54,1.102,1,0.545,1.1122,591,0
SPY190724C299,2019-07-22,2019-07-22 09:49:59.000,0.55,1.1224,1065,0.54,1.102,219,0.54,1.102,1,0.545,1.1122,591,0
SPY190724C299,2019-07-22,2019-07-22 09:50:00.000,0.55,1.1224,1065,0.54,1.102,1,0.54,1.102,1,0.545,1.1122,591,0
SPY190724C299,2019-07-22,2019-07-22 09:50:00.000,0.55,1.1224,1065,0.54,1.102,129,0.54,1.102,1,0.545,1.1122,591,0
SPY190724C299,2019-07-22,2019-07-22 09:50:01.000,0.55,1.1224,1142,0.54,1.102,1,0.54,1.102,1,0.545,1.1122,591,0
SPY190724C299,2019-07-22,2019-07-22 09:50:02.000,0.55,1.1224,1220,0.54,1.102,1,0.54,1.102,1,0.545,1.1122,591,0
SPY190724C299,2019-07-22,2019-07-22 09:50:02.000,0.55,1.1224,1220,0.53,1.0816,1807,0.54,1.102,1,0.54,1.102,591,0
SPY190724C299,2019-07-22,2019-07-22 09:50:03.000,0.55,1.1224,1222,0.54,1.102,1,0.54,1.102,1,0.545,1.1122,591,0
SPY190724C299,2019-07-22,2019-07-22 09:50:03.000,0.55,1.1224,1065,0.54,1.102,5,0.54,1.102,1,0.545,1.1122,591,0
SPY190724C299,2019-07-22,2019-07-22 09:50:04.000,0.55,1.1224,1222,0.54,1.102,216,0.54,1.102,1,0.545,1.1122,591,0
SPY190724C299,2019-07-22,2019-07-22 09:50:04.000,0.55,1.1224,1222,0.54,1.102,1,0.54,1.102,1,0.545,1.1122,591,0
SPY190724C299,2019-07-22,2019-07-22 09:50:05.000,0.55,1.1224,1222,0.54,1.102,216,0.54,1.102,1,0.545,1.1122,591,0
SPY190724C299,2019-07-22,2019-07-22 09:50:06.000,0.55,1.1224,1065,0.54,1.102,142,0.54,1.102,1,0.545,1.1122,591,0
SPY190724C299,2019-07-22,2019-07-22 09:50:06.000,0.55,1.1224,1222,0.54,1.102,137,0.54,1.102,1,0.545,1.1122,591,0
SPY190724C299,2019-07-22,2019-07-22 09:50:07.000,0.55,1.1224,845,0.54,1.102,227,0.54,1.102,1,0.545,1.1122,591,0
SPY190724C299,2019-07-22,2019-07-22 09:50:07.000,0.55,1.1224,1065,0.54,1.102,142,0.54,1.102,1,0.545,1.1122,591,0
SPY190724C299,2019-07-22,2019-07-22 09:50:08.000,0.55,1.1224,791,0.54,1.102,652,0.54,1.102,1,0.545,1.1122,591,0
SPY190724C299,2019-07-22,2019-07-22 09:50:08.000,0.55,1.1224,1045,0.54,1.102,227,0.54,1.102,1,0.545,1.1122,591,0
SPY190724C299,2019-07-22,2019-07-22 09:50:09.000,0.55,1.1224,841,0.54,1.102,297,0.54,1.102,1,0.545,1.1122,591,0
SPY190724C299,2019-07-22,2019-07-22 09:50:09.000,0.55,1.1224,843,0.54,1.102,297,0.54,1.102,1,0.545,1.1122,591,0
SPY190724C299,2019-07-22,2019-07-22 09:50:10.000,0.55,1.1224,1045,0.54,1.102,297,0.54,1.102,1,0.545,1.1122,591,0
SPY190724C299,2019-07-22,2019-07-22 09:50:10.000,0.55,1.1224,845,0.54,1.102,308,0.54,1.102,1,0.545,1.1122,591,0
SPY190724C299,2019-07-22,2019-07-22 09:50:11.000,0.55,1.1224,845,0.54,1.102,905,0.54,1.102,1,0.545,1.1122,591,0
