symbol,Date,quote_time,ask_price,norm_ask_price,ask_size,bid_price,norm_bid_price,bid_size,last_trade_price,norm_last_trade_price,last_trade_size,mark_price,norm_mark_price,volume,Volume
SPY190802P297,2019-07-31,2019-07-31 09:30:00,0.63,1.0,234,0.6,0.9523,225,0.6,0.9523,2,0.615,0.9761,2,2
SPY190802P297,2019-07-31,2019-07-31 09:30:06,0.63,1.0,230,0.61,0.9682,99,0.6,0.9523,2,0.62,0.9841,2,0
SPY190802P297,2019-07-31,2019-07-31 09:30:08,0.63,1.0,531,0.61,0.9682,99,0.6,0.9523,2,0.62,0.9841,2,0
SPY190802P297,2019-07-31,2019-07-31 09:30:09,0.63,1.0,531,0.61,0.9682,99,0.6,0.9523,2,0.62,0.9841,2,0
SPY190802P297,2019-07-31,2019-07-31 09:30:10,0.63,1.0,531,0.61,0.9682,99,0.6,0.9523,2,0.62,0.9841,2,0
SPY190802P297,2019-07-31,2019-07-31 09:30:11,0.62,0.9841,5,0.61,0.9682,99,0.6,0.9523,2,0.615,0.9761,2,0
SPY190802P297,2019-07-31,2019-07-31 09:30:12,0.62,0.9841,5,0.61,0.9682,99,0.6,0.9523,2,0.615,0.9761,2,0
SPY190802P297,2019-07-31,2019-07-31 09:30:13,0.62,0.9841,5,0.61,0.9682,100,0.6,0.9523,2,0.615,0.9761,2,0
SPY190802P297,2019-07-31,2019-07-31 09:30:13,0.63,1.0,230,0.61,0.9682,100,0.6,0.9523,2,0.62,0.9841,2,0
SPY190802P297,2019-07-31,2019-07-31 09:30:14,0.63,1.0,230,0.61,0.9682,100,0.6,0.9523,2,0.62,0.9841,2,0
SPY190802P297,2019-07-31,2019-07-31 09:30:15,0.62,0.9841,50,0.61,0.9682,300,0.6,0.9523,2,0.615,0.9761,2,0
SPY190802P297,2019-07-31,2019-07-31 09:30:15,0.63,1.0,230,0.61,0.9682,100,0.6,0.9523,2,0.62,0.9841,2,0
SPY190802P297,2019-07-31,2019-07-31 09:30:16,0.62,0.9841,50,0.61,0.9682,300,0.6,0.9523,2,0.615,0.9761,2,0
SPY190802P297,2019-07-31,2019-07-31 09:30:17,0.62,0.9841,50,0.61,0.9682,300,0.6,0.9523,2,0.615,0.9761,2,0
SPY190802P297,2019-07-31,2019-07-31 09:30:18,0.62,0.9841,50,0.61,0.9682,300,0.6,0.9523,2,0.615,0.9761,2,0
SPY190802P297,2019-07-31,2019-07-31 09:30:19,0.62,0.9841,50,0.61,0.9682,300,0.6,0.9523,2,0.615,0.9761,2,0
SPY190802P297,2019-07-31,2019-07-31 09:30:19,0.62,0.9841,50,0.61,0.9682,300,0.64,1.0158,1,0.615,0.9761,3,1
SPY190802P297,2019-07-31,2019-07-31 09:30:20,0.62,0.9841,50,0.61,0.9682,318,0.64,1.0158,1,0.615,0.9761,3,0
SPY190802P297,2019-07-31,2019-07-31 09:30:21,0.62,0.9841,280,0.6,0.9523,801,0.64,1.0158,1,0.61,0.9682,3,0
SPY190802P297,2019-07-31,2019-07-31 09:30:21,0.62,0.9841,414,0.61,0.9682,194,0.64,1.0158,1,0.615,0.9761,3,0
SPY190802P297,2019-07-31,2019-07-31 09:30:22,0.62,0.9841,554,0.61,0.9682,100,0.64,1.0158,1,0.615,0.9761,4,1
SPY190802P297,2019-07-31,2019-07-31 09:30:23,0.63,1.0,5,0.62,0.9841,68,0.64,1.0158,1,0.625,0.992,4,0
SPY190802P297,2019-07-31,2019-07-31 09:30:23,0.64,1.0158,387,0.63,1.0,100,0.64,1.0158,1,0.635,1.0079,4,0
SPY190802P297,2019-07-31,2019-07-31 09:30:24,0.64,1.0158,5,0.63,1.0,493,0.64,1.0158,1,0.635,1.0079,4,0
SPY190802P297,2019-07-31,2019-07-31 09:30:24,0.64,1.0158,1316,0.63,1.0,5,0.64,1.0158,1,0.635,1.0079,4,0
SPY190802P297,2019-07-31,2019-07-31 09:30:25,0.64,1.0158,6,0.63,1.0,1107,0.64,1.0158,1,0.635,1.0079,4,0
SPY190802P297,2019-07-31,2019-07-31 09:30:26,0.64,1.0158,5,0.63,1.0,1279,0.64,1.0158,1,0.635,1.0079,4,0
SPY190802P297,2019-07-31,2019-07-31 09:30:26,0.64,1.0158,58,0.63,1.0,1279,0.64,1.0158,1,0.635,1.0079,4,0
SPY190802P297,2019-07-31,2019-07-31 09:30:27,0.64,1.0158,5,0.63,1.0,1279,0.64,1.0158,1,0.635,1.0079,4,0
SPY190802P297,2019-07-31,2019-07-31 09:30:28,0.64,1.0158,100,0.63,1.0,1279,0.64,1.0158,1,0.635,1.0079,4,0
SPY190802P297,2019-07-31,2019-07-31 09:30:29,0.64,1.0158,100,0.63,1.0,1279,0.64,1.0158,1,0.635,1.0079,4,0
SPY190802P297,2019-07-31,2019-07-31 09:30:29,0.64,1.0158,5,0.62,0.9841,618,0.64,1.0158,1,0.63,1.0,4,0
SPY190802P297,2019-07-31,2019-07-31 09:30:30,0.63,1.0,10,0.62,0.9841,1765,0.64,1.0158,1,0.625,0.992,4,0
SPY190802P297,2019-07-31,2019-07-31 09:30:31,0.63,1.0,10,0.62,0.9841,2656,0.64,1.0158,1,0.625,0.992,4,0
SPY190802P297,2019-07-31,2019-07-31 09:30:32,0.63,1.0,10,0.62,0.9841,2656,0.64,1.0158,1,0.625,0.992,4,0
SPY190802P297,2019-07-31,2019-07-31 09:30:32,0.63,1.0,10,0.62,0.9841,2338,0.64,1.0158,1,0.625,0.992,4,0
SPY190802P297,2019-07-31,2019-07-31 09:30:33,0.63,1.0,10,0.62,0.9841,2338,0.64,1.0158,1,0.625,0.992,4,0
SPY190802P297,2019-07-31,2019-07-31 09:30:34,0.63,1.0,10,0.62,0.9841,1557,0.64,1.0158,1,0.625,0.992,4,0
SPY190802P297,2019-07-31,2019-07-31 09:30:35,0.63,1.0,10,0.62,0.9841,2389,0.64,1.0158,1,0.625,0.992,4,0
SPY190802P297,2019-07-31,2019-07-31 09:30:36,0.63,1.0,212,0.62,0.9841,785,0.64,1.0158,1,0.625,0.992,4,0
SPY190802P297,2019-07-31,2019-07-31 09:30:36,0.63,1.0,212,0.62,0.9841,958,0.64,1.0158,1,0.625,0.992,4,0
SPY190802P297,2019-07-31,2019-07-31 09:30:37,0.63,1.0,212,0.62,0.9841,946,0.64,1.0158,1,0.625,0.992,4,0
SPY190802P297,2019-07-31,2019-07-31 09:30:38,0.63,1.0,332,0.62,0.9841,332,0.64,1.0158,1,0.625,0.992,4,0
SPY190802P297,2019-07-31,2019-07-31 09:30:38,0.63,1.0,332,0.62,0.9841,212,0.64,1.0158,1,0.625,0.992,4,0
SPY190802P297,2019-07-31,2019-07-31 09:30:39,0.63,1.0,632,0.62,0.9841,302,0.64,1.0158,1,0.625,0.992,4,0
SPY190802P297,2019-07-31,2019-07-31 09:30:40,0.63,1.0,632,0.62,0.9841,332,0.64,1.0158,1,0.625,0.992,4,0
SPY190802P297,2019-07-31,2019-07-31 09:30:40,0.63,1.0,302,0.62,0.9841,332,0.64,1.0158,1,0.625,0.992,4,0
SPY190802P297,2019-07-31,2019-07-31 09:30:41,0.63,1.0,295,0.62,0.9841,234,0.64,1.0158,1,0.625,0.992,4,0
SPY190802P297,2019-07-31,2019-07-31 09:30:42,0.63,1.0,463,0.62,0.9841,6,0.64,1.0158,1,0.625,0.992,4,0
SPY190802P297,2019-07-31,2019-07-31 09:30:42,0.63,1.0,212,0.62,0.9841,108,0.64,1.0158,1,0.625,0.992,4,0
SPY190802P297,2019-07-31,2019-07-31 09:30:43,0.63,1.0,207,0.62,0.9841,342,0.64,1.0158,1,0.625,0.992,4,0
SPY190802P297,2019-07-31,2019-07-31 09:30:44,0.63,1.0,10,0.62,0.9841,602,0.64,1.0158,1,0.625,0.992,4,0
SPY190802P297,2019-07-31,2019-07-31 09:30:45,0.63,1.0,36,0.62,0.9841,602,0.64,1.0158,1,0.625,0.992,4,0
SPY190802P297,2019-07-31,2019-07-31 09:30:45,0.63,1.0,10,0.62,0.9841,602,0.64,1.0158,1,0.625,0.992,4,0
SPY190802P297,2019-07-31,2019-07-31 09:30:46,0.63,1.0,163,0.62,0.9841,254,0.64,1.0158,1,0.625,0.992,4,0
SPY190802P297,2019-07-31,2019-07-31 09:30:46,0.63,1.0,163,0.62,0.9841,212,0.64,1.0158,1,0.625,0.992,4,0
SPY190802P297,2019-07-31,2019-07-31 09:30:47,0.62,0.9841,5,0.61,0.9682,1064,0.64,1.0158,1,0.615,0.9761,4,0
SPY190802P297,2019-07-31,2019-07-31 09:30:48,0.63,1.0,1128,0.61,0.9682,1559,0.64,1.0158,1,0.62,0.9841,4,0
SPY190802P297,2019-07-31,2019-07-31 09:30:48,0.63,1.0,1263,0.61,0.9682,1559,0.64,1.0158,1,0.62,0.9841,4,0
SPY190802P297,2019-07-31,2019-07-31 09:30:49,0.63,1.0,1339,0.61,0.9682,1559,0.64,1.0158,1,0.62,0.9841,4,0
SPY190802P297,2019-07-31,2019-07-31 09:30:49,0.63,1.0,1263,0.61,0.9682,1559,0.64,1.0158,1,0.62,0.9841,4,0
SPY190802P297,2019-07-31,2019-07-31 09:30:50,0.63,1.0,834,0.62,0.9841,302,0.64,1.0158,1,0.625,0.992,4,0
SPY190802P297,2019-07-31,2019-07-31 09:30:50,0.63,1.0,283,0.61,0.9682,1559,0.64,1.0158,1,0.62,0.9841,4,0
SPY190802P297,2019-07-31,2019-07-31 09:30:51,0.63,1.0,834,0.62,0.9841,302,0.62,0.9841,10,0.625,0.992,14,0
SPY190802P297,2019-07-31,2019-07-31 09:30:51,0.63,1.0,834,0.62,0.9841,302,0.62,0.9841,10,0.625,0.992,14,10
SPY190802P297,2019-07-31,2019-07-31 09:30:52,0.63,1.0,1935,0.61,0.9682,913,0.62,0.9841,10,0.62,0.9841,14,0
SPY190802P297,2019-07-31,2019-07-31 09:30:53,0.63,1.0,2034,0.61,0.9682,913,0.62,0.9841,10,0.62,0.9841,14,0
SPY190802P297,2019-07-31,2019-07-31 09:31:06,0.63,1.0,1287,0.61,0.9682,332,0.62,0.9841,10,0.62,0.9841,14,0
SPY190802P297,2019-07-31,2019-07-31 09:31:06,0.62,0.9841,10,0.61,0.9682,332,0.62,0.9841,10,0.615,0.9761,14,0
SPY190802P297,2019-07-31,2019-07-31 09:31:07,0.63,1.0,1287,0.61,0.9682,332,0.62,0.9841,10,0.62,0.9841,14,0
SPY190802P297,2019-07-31,2019-07-31 09:31:08,0.63,1.0,212,0.62,0.9841,158,0.62,0.9841,10,0.625,0.992,14,0
SPY190802P297,2019-07-31,2019-07-31 09:31:08,0.63,1.0,488,0.62,0.9841,6,0.62,0.9841,10,0.625,0.992,14,0
SPY190802P297,2019-07-31,2019-07-31 09:31:09,0.63,1.0,461,0.62,0.9841,185,0.62,0.9841,10,0.625,0.992,14,0
SPY190802P297,2019-07-31,2019-07-31 09:31:10,0.63,1.0,389,0.62,0.9841,457,0.62,0.9841,10,0.625,0.992,14,0
SPY190802P297,2019-07-31,2019-07-31 09:31:10,0.63,1.0,333,0.62,0.9841,457,0.62,0.9841,10,0.625,0.992,14,0
SPY190802P297,2019-07-31,2019-07-31 09:31:11,0.63,1.0,255,0.62,0.9841,768,0.62,0.9841,10,0.625,0.992,14,0
SPY190802P297,2019-07-31,2019-07-31 09:31:11,0.63,1.0,225,0.62,0.9841,332,0.62,0.9841,10,0.625,0.992,14,0
SPY190802P297,2019-07-31,2019-07-31 09:31:12,0.63,1.0,302,0.62,0.9841,642,0.62,0.9841,10,0.625,0.992,14,0
SPY190802P297,2019-07-31,2019-07-31 09:31:13,0.63,1.0,302,0.62,0.9841,557,0.62,0.9841,10,0.625,0.992,14,0
SPY190802P297,2019-07-31,2019-07-31 09:31:13,0.63,1.0,302,0.62,0.9841,642,0.62,0.9841,10,0.625,0.992,14,0
SPY190802P297,2019-07-31,2019-07-31 09:31:14,0.63,1.0,302,0.62,0.9841,770,0.62,0.9841,10,0.625,0.992,14,0
SPY190802P297,2019-07-31,2019-07-31 09:31:15,0.63,1.0,109,0.62,0.9841,845,0.62,0.9841,10,0.625,0.992,14,0
SPY190802P297,2019-07-31,2019-07-31 09:31:15,0.63,1.0,302,0.62,0.9841,770,0.62,0.9841,10,0.625,0.992,14,0
SPY190802P297,2019-07-31,2019-07-31 09:31:16,0.63,1.0,332,0.62,0.9841,98,0.62,0.9841,10,0.625,0.992,14,0
SPY190802P297,2019-07-31,2019-07-31 09:31:17,0.63,1.0,332,0.62,0.9841,514,0.62,0.9841,10,0.625,0.992,14,0
SPY190802P297,2019-07-31,2019-07-31 09:31:17,0.63,1.0,1091,0.62,0.9841,99,0.62,0.9841,10,0.625,0.992,14,0
SPY190802P297,2019-07-31,2019-07-31 09:31:18,0.63,1.0,349,0.62,0.9841,818,0.62,0.9841,10,0.625,0.992,14,0
SPY190802P297,2019-07-31,2019-07-31 09:31:19,0.63,1.0,656,0.62,0.9841,600,0.62,0.9841,10,0.625,0.992,14,0
SPY190802P297,2019-07-31,2019-07-31 09:31:19,0.63,1.0,656,0.62,0.9841,1386,0.62,0.9841,10,0.625,0.992,14,0
SPY190802P297,2019-07-31,2019-07-31 09:31:20,0.63,1.0,302,0.62,0.9841,1530,0.62,0.9841,10,0.625,0.992,14,0
SPY190802P297,2019-07-31,2019-07-31 09:31:21,0.63,1.0,341,0.62,0.9841,792,0.62,0.9841,10,0.625,0.992,14,0
SPY190802P297,2019-07-31,2019-07-31 09:31:22,0.63,1.0,1361,0.62,0.9841,325,0.62,0.9841,10,0.625,0.992,14,0
SPY190802P297,2019-07-31,2019-07-31 09:31:23,0.63,1.0,466,0.62,0.9841,550,0.62,0.9841,10,0.625,0.992,14,0
SPY190802P297,2019-07-31,2019-07-31 09:31:23,0.63,1.0,1311,0.62,0.9841,325,0.62,0.9841,10,0.625,0.992,14,0
SPY190802P297,2019-07-31,2019-07-31 09:31:24,0.63,1.0,466,0.62,0.9841,1493,0.62,0.9841,10,0.625,0.992,14,0
SPY190802P297,2019-07-31,2019-07-31 09:31:25,0.63,1.0,212,0.62,0.9841,1598,0.62,0.9841,10,0.625,0.992,14,0
SPY190802P297,2019-07-31,2019-07-31 09:31:25,0.63,1.0,466,0.62,0.9841,835,0.62,0.9841,10,0.625,0.992,14,0
SPY190802P297,2019-07-31,2019-07-31 09:31:26,0.63,1.0,212,0.62,0.9841,1725,0.62,0.9841,10,0.625,0.992,14,0
SPY190802P297,2019-07-31,2019-07-31 09:31:27,0.63,1.0,212,0.62,0.9841,1769,0.62,0.9841,10,0.625,0.992,14,0
SPY190802P297,2019-07-31,2019-07-31 09:31:27,0.63,1.0,212,0.62,0.9841,1626,0.62,0.9841,10,0.625,0.992,14,0
SPY190802P297,2019-07-31,2019-07-31 09:31:28,0.63,1.0,212,0.62,0.9841,1626,0.62,0.9841,10,0.625,0.992,14,0
SPY190802P297,2019-07-31,2019-07-31 09:31:29,0.63,1.0,212,0.62,0.9841,550,0.62,0.9841,10,0.625,0.992,14,0
SPY190802P297,2019-07-31,2019-07-31 09:31:30,0.63,1.0,757,0.62,0.9841,185,0.62,0.9841,10,0.625,0.992,14,0
SPY190802P297,2019-07-31,2019-07-31 09:31:30,0.63,1.0,1644,0.62,0.9841,100,0.62,0.9841,10,0.625,0.992,14,0
SPY190802P297,2019-07-31,2019-07-31 09:31:33,0.63,1.0,247,0.62,0.9841,400,0.62,0.9841,10,0.625,0.992,14,0
SPY190802P297,2019-07-31,2019-07-31 09:31:33,0.63,1.0,247,0.62,0.9841,187,0.62,0.9841,10,0.625,0.992,14,0
SPY190802P297,2019-07-31,2019-07-31 09:31:34,0.63,1.0,205,0.61,0.9682,1952,0.62,0.9841,10,0.62,0.9841,14,0
SPY190802P297,2019-07-31,2019-07-31 09:31:34,0.63,1.0,247,0.62,0.9841,187,0.62,0.9841,10,0.625,0.992,14,0
SPY190802P297,2019-07-31,2019-07-31 09:31:35,0.62,0.9841,10,0.61,0.9682,1115,0.62,0.9841,10,0.615,0.9761,14,0
SPY190802P297,2019-07-31,2019-07-31 09:31:36,0.62,0.9841,110,0.61,0.9682,1213,0.62,0.9841,10,0.615,0.9761,14,0
SPY190802P297,2019-07-31,2019-07-31 09:31:36,0.62,0.9841,14,0.61,0.9682,1783,0.62,0.9841,10,0.615,0.9761,14,0
SPY190802P297,2019-07-31,2019-07-31 09:31:37,0.62,0.9841,221,0.61,0.9682,1213,0.62,0.9841,10,0.615,0.9761,14,0
SPY190802P297,2019-07-31,2019-07-31 09:31:37,0.62,0.9841,212,0.61,0.9682,1213,0.62,0.9841,10,0.615,0.9761,14,0
SPY190802P297,2019-07-31,2019-07-31 09:31:38,0.62,0.9841,17,0.61,0.9682,1049,0.62,0.9841,10,0.615,0.9761,14,0
SPY190802P297,2019-07-31,2019-07-31 09:31:39,0.62,0.9841,221,0.61,0.9682,1434,0.62,0.9841,10,0.615,0.9761,14,0
SPY190802P297,2019-07-31,2019-07-31 09:31:40,0.62,0.9841,232,0.61,0.9682,1274,0.62,0.9841,10,0.615,0.9761,14,0
SPY190802P297,2019-07-31,2019-07-31 09:31:40,0.62,0.9841,206,0.61,0.9682,1123,0.62,0.9841,10,0.615,0.9761,14,0
SPY190802P297,2019-07-31,2019-07-31 09:31:41,0.62,0.9841,206,0.61,0.9682,1914,0.62,0.9841,10,0.615,0.9761,14,0
SPY190802P297,2019-07-31,2019-07-31 09:31:41,0.62,0.9841,201,0.61,0.9682,1824,0.62,0.9841,10,0.615,0.9761,14,0
SPY190802P297,2019-07-31,2019-07-31 09:31:42,0.62,0.9841,201,0.61,0.9682,1106,0.62,0.9841,10,0.615,0.9761,14,0
SPY190802P297,2019-07-31,2019-07-31 09:31:43,0.62,0.9841,201,0.61,0.9682,1396,0.62,0.9841,10,0.615,0.9761,14,0
SPY190802P297,2019-07-31,2019-07-31 09:31:43,0.62,0.9841,201,0.61,0.9682,1386,0.62,0.9841,10,0.615,0.9761,14,0
SPY190802P297,2019-07-31,2019-07-31 09:31:44,0.62,0.9841,100,0.61,0.9682,1396,0.62,0.9841,10,0.615,0.9761,14,0
SPY190802P297,2019-07-31,2019-07-31 09:31:45,0.62,0.9841,10,0.61,0.9682,1606,0.62,0.9841,10,0.615,0.9761,14,0
SPY190802P297,2019-07-31,2019-07-31 09:31:45,0.62,0.9841,100,0.61,0.9682,1596,0.62,0.9841,10,0.615,0.9761,14,0
SPY190802P297,2019-07-31,2019-07-31 09:31:46,0.62,0.9841,3,0.62,0.9841,5,0.62,0.9841,10,0.62,0.9841,14,0
SPY190802P297,2019-07-31,2019-07-31 09:31:47,0.63,1.0,242,0.62,0.9841,748,0.62,0.9841,10,0.625,0.992,14,0
SPY190802P297,2019-07-31,2019-07-31 09:31:47,0.63,1.0,420,0.62,0.9841,748,0.62,0.9841,10,0.625,0.992,14,0
SPY190802P297,2019-07-31,2019-07-31 09:31:48,0.63,1.0,311,0.62,0.9841,832,0.62,0.9841,10,0.625,0.992,14,0
SPY190802P297,2019-07-31,2019-07-31 09:31:48,0.63,1.0,370,0.62,0.9841,268,0.62,0.9841,10,0.625,0.992,14,0
SPY190802P297,2019-07-31,2019-07-31 09:31:49,0.63,1.0,302,0.62,0.9841,748,0.62,0.9841,10,0.625,0.992,14,0
SPY190802P297,2019-07-31,2019-07-31 09:31:50,0.63,1.0,302,0.62,0.9841,397,0.62,0.9841,10,0.625,0.992,14,0
SPY190802P297,2019-07-31,2019-07-31 09:31:51,0.63,1.0,510,0.62,0.9841,397,0.62,0.9841,10,0.625,0.992,14,0
SPY190802P297,2019-07-31,2019-07-31 09:31:52,0.63,1.0,302,0.62,0.9841,397,0.62,0.9841,10,0.625,0.992,14,0
SPY190802P297,2019-07-31,2019-07-31 09:31:52,0.63,1.0,510,0.62,0.9841,397,0.62,0.9841,10,0.625,0.992,14,0
SPY190802P297,2019-07-31,2019-07-31 09:31:53,0.63,1.0,344,0.62,0.9841,397,0.62,0.9841,10,0.625,0.992,14,0
SPY190802P297,2019-07-31,2019-07-31 09:31:54,0.63,1.0,244,0.62,0.9841,397,0.62,0.9841,10,0.625,0.992,14,0
SPY190802P297,2019-07-31,2019-07-31 09:31:54,0.63,1.0,339,0.62,0.9841,397,0.62,0.9841,10,0.625,0.992,14,0
SPY190802P297,2019-07-31,2019-07-31 09:31:55,0.63,1.0,339,0.62,0.9841,397,0.62,0.9841,10,0.625,0.992,14,0
SPY190802P297,2019-07-31,2019-07-31 09:31:55,0.63,1.0,334,0.62,0.9841,397,0.62,0.9841,10,0.625,0.992,14,0
SPY190802P297,2019-07-31,2019-07-31 09:31:56,0.63,1.0,213,0.61,0.9682,780,0.62,0.9841,10,0.62,0.9841,14,0
SPY190802P297,2019-07-31,2019-07-31 09:31:56,0.62,0.9841,5,0.61,0.9682,2674,0.62,0.9841,10,0.615,0.9761,14,0
SPY190802P297,2019-07-31,2019-07-31 09:31:57,0.62,0.9841,10,0.61,0.9682,2867,0.62,0.9841,10,0.615,0.9761,14,0
SPY190802P297,2019-07-31,2019-07-31 09:31:58,0.63,1.0,431,0.62,0.9841,710,0.62,0.9841,10,0.625,0.992,14,0
SPY190802P297,2019-07-31,2019-07-31 09:31:58,0.63,1.0,461,0.62,0.9841,30,0.62,0.9841,10,0.625,0.992,14,0
SPY190802P297,2019-07-31,2019-07-31 09:31:59,0.63,1.0,421,0.62,0.9841,710,0.62,0.9841,10,0.625,0.992,14,0
SPY190802P297,2019-07-31,2019-07-31 09:32:00,0.63,1.0,268,0.62,0.9841,1029,0.62,0.9841,10,0.625,0.992,14,0
SPY190802P297,2019-07-31,2019-07-31 09:32:01,0.63,1.0,100,0.63,1.0,24,0.62,0.9841,10,0.63,1.0,14,0
SPY190802P297,2019-07-31,2019-07-31 09:32:01,0.64,1.0158,417,0.63,1.0,647,0.62,0.9841,10,0.635,1.0079,14,0
SPY190802P297,2019-07-31,2019-07-31 09:32:02,0.64,1.0158,417,0.63,1.0,812,0.62,0.9841,10,0.635,1.0079,14,0
SPY190802P297,2019-07-31,2019-07-31 09:32:03,0.64,1.0158,605,0.63,1.0,812,0.62,0.9841,10,0.635,1.0079,14,0
SPY190802P297,2019-07-31,2019-07-31 09:32:04,0.64,1.0158,411,0.63,1.0,643,0.62,0.9841,10,0.635,1.0079,14,0
SPY190802P297,2019-07-31,2019-07-31 09:32:05,0.64,1.0158,155,0.63,1.0,613,0.62,0.9841,10,0.635,1.0079,14,0
SPY190802P297,2019-07-31,2019-07-31 09:32:05,0.64,1.0158,323,0.63,1.0,643,0.62,0.9841,10,0.635,1.0079,14,0
SPY190802P297,2019-07-31,2019-07-31 09:32:06,0.64,1.0158,155,0.63,1.0,921,0.62,0.9841,10,0.635,1.0079,14,0
SPY190802P297,2019-07-31,2019-07-31 09:32:06,0.64,1.0158,84,0.63,1.0,1364,0.62,0.9841,10,0.635,1.0079,14,0
SPY190802P297,2019-07-31,2019-07-31 09:32:07,0.64,1.0158,84,0.63,1.0,980,0.62,0.9841,10,0.635,1.0079,14,0
SPY190802P297,2019-07-31,2019-07-31 09:32:08,0.64,1.0158,39,0.63,1.0,980,0.62,0.9841,10,0.635,1.0079,14,0
SPY190802P297,2019-07-31,2019-07-31 09:32:08,0.64,1.0158,84,0.63,1.0,1129,0.62,0.9841,10,0.635,1.0079,14,0
SPY190802P297,2019-07-31,2019-07-31 09:32:09,0.65,1.0317,212,0.64,1.0158,812,0.62,0.9841,10,0.645,1.0238,14,0
SPY190802P297,2019-07-31,2019-07-31 09:32:09,0.65,1.0317,121,0.64,1.0158,812,0.62,0.9841,10,0.645,1.0238,14,0
SPY190802P297,2019-07-31,2019-07-31 09:32:10,0.65,1.0317,105,0.64,1.0158,1086,0.62,0.9841,10,0.645,1.0238,14,0
SPY190802P297,2019-07-31,2019-07-31 09:32:11,0.65,1.0317,10,0.64,1.0158,1283,0.62,0.9841,10,0.645,1.0238,14,0
SPY190802P297,2019-07-31,2019-07-31 09:32:11,0.65,1.0317,6,0.64,1.0158,1537,0.62,0.9841,10,0.645,1.0238,14,0
SPY190802P297,2019-07-31,2019-07-31 09:32:12,0.65,1.0317,41,0.64,1.0158,1934,0.62,0.9841,10,0.645,1.0238,14,0
SPY190802P297,2019-07-31,2019-07-31 09:32:12,0.65,1.0317,6,0.64,1.0158,1537,0.62,0.9841,10,0.645,1.0238,14,0
SPY190802P297,2019-07-31,2019-07-31 09:32:13,0.65,1.0317,41,0.64,1.0158,819,0.62,0.9841,10,0.645,1.0238,14,0
SPY190802P297,2019-07-31,2019-07-31 09:32:13,0.65,1.0317,41,0.64,1.0158,1934,0.62,0.9841,10,0.645,1.0238,14,0
SPY190802P297,2019-07-31,2019-07-31 09:32:14,0.65,1.0317,41,0.64,1.0158,1143,0.62,0.9841,10,0.645,1.0238,14,0
SPY190802P297,2019-07-31,2019-07-31 09:32:15,0.65,1.0317,41,0.64,1.0158,812,0.62,0.9841,10,0.645,1.0238,14,0
SPY190802P297,2019-07-31,2019-07-31 09:32:15,0.65,1.0317,241,0.64,1.0158,812,0.62,0.9841,10,0.645,1.0238,14,0
SPY190802P297,2019-07-31,2019-07-31 09:32:18,0.65,1.0317,10,0.65,1.0317,74,0.62,0.9841,10,0.65,1.0317,14,0
SPY190802P297,2019-07-31,2019-07-31 09:32:18,0.65,1.0317,41,0.64,1.0158,1836,0.62,0.9841,10,0.645,1.0238,14,0
SPY190802P297,2019-07-31,2019-07-31 09:32:19,0.66,1.0476,470,0.65,1.0317,100,0.62,0.9841,10,0.655,1.0396,14,0
SPY190802P297,2019-07-31,2019-07-31 09:32:20,0.66,1.0476,1352,0.65,1.0317,5,0.62,0.9841,10,0.655,1.0396,14,0
SPY190802P297,2019-07-31,2019-07-31 09:32:20,0.66,1.0476,1072,0.65,1.0317,5,0.62,0.9841,10,0.655,1.0396,14,0
SPY190802P297,2019-07-31,2019-07-31 09:32:21,0.66,1.0476,1352,0.65,1.0317,5,0.62,0.9841,10,0.655,1.0396,14,0
SPY190802P297,2019-07-31,2019-07-31 09:32:22,0.66,1.0476,1921,0.65,1.0317,5,0.62,0.9841,10,0.655,1.0396,14,0
SPY190802P297,2019-07-31,2019-07-31 09:32:23,0.66,1.0476,1921,0.65,1.0317,5,0.62,0.9841,10,0.655,1.0396,14,0
SPY190802P297,2019-07-31,2019-07-31 09:32:23,0.66,1.0476,714,0.65,1.0317,5,0.62,0.9841,10,0.655,1.0396,14,0
SPY190802P297,2019-07-31,2019-07-31 09:32:24,0.66,1.0476,796,0.65,1.0317,485,0.62,0.9841,10,0.655,1.0396,14,0
SPY190802P297,2019-07-31,2019-07-31 09:32:25,0.66,1.0476,168,0.65,1.0317,355,0.62,0.9841,10,0.655,1.0396,14,0
SPY190802P297,2019-07-31,2019-07-31 09:32:25,0.66,1.0476,192,0.65,1.0317,355,0.62,0.9841,10,0.655,1.0396,14,0
SPY190802P297,2019-07-31,2019-07-31 09:32:26,0.66,1.0476,138,0.65,1.0317,835,0.62,0.9841,10,0.655,1.0396,14,0
SPY190802P297,2019-07-31,2019-07-31 09:32:26,0.66,1.0476,158,0.65,1.0317,1732,0.62,0.9841,10,0.655,1.0396,14,0
SPY190802P297,2019-07-31,2019-07-31 09:32:27,0.66,1.0476,158,0.65,1.0317,858,0.62,0.9841,10,0.655,1.0396,14,0
SPY190802P297,2019-07-31,2019-07-31 09:32:28,0.65,1.0317,6,0.64,1.0158,1758,0.62,0.9841,10,0.645,1.0238,14,0
SPY190802P297,2019-07-31,2019-07-31 09:32:28,0.66,1.0476,243,0.65,1.0317,392,0.62,0.9841,10,0.655,1.0396,14,0
SPY190802P297,2019-07-31,2019-07-31 09:32:29,0.66,1.0476,243,0.65,1.0317,355,0.62,0.9841,10,0.655,1.0396,14,0
SPY190802P297,2019-07-31,2019-07-31 09:32:30,0.66,1.0476,152,0.65,1.0317,835,0.62,0.9841,10,0.655,1.0396,14,0
SPY190802P297,2019-07-31,2019-07-31 09:32:30,0.66,1.0476,123,0.65,1.0317,963,0.62,0.9841,10,0.655,1.0396,14,0
SPY190802P297,2019-07-31,2019-07-31 09:32:31,0.66,1.0476,152,0.65,1.0317,63,0.62,0.9841,10,0.655,1.0396,14,0
SPY190802P297,2019-07-31,2019-07-31 09:32:32,0.66,1.0476,367,0.65,1.0317,227,0.62,0.9841,10,0.655,1.0396,14,0
SPY190802P297,2019-07-31,2019-07-31 09:32:33,0.66,1.0476,7,0.65,1.0317,1431,0.62,0.9841,10,0.655,1.0396,14,0
SPY190802P297,2019-07-31,2019-07-31 09:32:34,0.67,1.0634,1412,0.66,1.0476,24,0.62,0.9841,10,0.665,1.0555,14,0
SPY190802P297,2019-07-31,2019-07-31 09:32:34,0.67,1.0634,1738,0.66,1.0476,5,0.62,0.9841,10,0.665,1.0555,14,0
SPY190802P297,2019-07-31,2019-07-31 09:32:35,0.66,1.0476,123,0.65,1.0317,950,0.62,0.9841,10,0.655,1.0396,14,0
SPY190802P297,2019-07-31,2019-07-31 09:32:35,0.67,1.0634,1738,0.66,1.0476,5,0.62,0.9841,10,0.665,1.0555,14,0
SPY190802P297,2019-07-31,2019-07-31 09:32:36,0.66,1.0476,84,0.65,1.0317,901,0.62,0.9841,10,0.655,1.0396,14,0
SPY190802P297,2019-07-31,2019-07-31 09:32:37,0.66,1.0476,153,0.65,1.0317,1017,0.62,0.9841,10,0.655,1.0396,14,0
SPY190802P297,2019-07-31,2019-07-31 09:32:37,0.66,1.0476,123,0.65,1.0317,1017,0.62,0.9841,10,0.655,1.0396,14,0
SPY190802P297,2019-07-31,2019-07-31 09:32:38,0.66,1.0476,166,0.65,1.0317,1497,0.62,0.9841,10,0.655,1.0396,14,0
SPY190802P297,2019-07-31,2019-07-31 09:32:38,0.66,1.0476,182,0.65,1.0317,808,0.62,0.9841,10,0.655,1.0396,14,0
SPY190802P297,2019-07-31,2019-07-31 09:32:39,0.66,1.0476,6,0.65,1.0317,1723,0.62,0.9841,10,0.655,1.0396,14,0
SPY190802P297,2019-07-31,2019-07-31 09:32:40,0.66,1.0476,206,0.65,1.0317,1796,0.62,0.9841,10,0.655,1.0396,14,0
SPY190802P297,2019-07-31,2019-07-31 09:32:40,0.66,1.0476,88,0.65,1.0317,1796,0.62,0.9841,10,0.655,1.0396,14,0
SPY190802P297,2019-07-31,2019-07-31 09:32:41,0.66,1.0476,1172,0.65,1.0317,257,0.62,0.9841,10,0.655,1.0396,14,0
SPY190802P297,2019-07-31,2019-07-31 09:32:41,0.66,1.0476,1145,0.65,1.0317,257,0.62,0.9841,10,0.655,1.0396,14,0
SPY190802P297,2019-07-31,2019-07-31 09:32:42,0.66,1.0476,63,0.65,1.0317,143,0.62,0.9841,10,0.655,1.0396,14,0
SPY190802P297,2019-07-31,2019-07-31 09:32:42,0.66,1.0476,1060,0.65,1.0317,5,0.62,0.9841,10,0.655,1.0396,14,0
SPY190802P297,2019-07-31,2019-07-31 09:32:43,0.66,1.0476,230,0.65,1.0317,715,0.62,0.9841,10,0.655,1.0396,14,0
SPY190802P297,2019-07-31,2019-07-31 09:32:44,0.66,1.0476,230,0.65,1.0317,1698,0.62,0.9841,10,0.655,1.0396,14,0
SPY190802P297,2019-07-31,2019-07-31 09:32:45,0.66,1.0476,131,0.65,1.0317,858,0.62,0.9841,10,0.655,1.0396,14,0
SPY190802P297,2019-07-31,2019-07-31 09:32:46,0.66,1.0476,211,0.65,1.0317,1688,0.62,0.9841,10,0.655,1.0396,14,0
SPY190802P297,2019-07-31,2019-07-31 09:32:47,0.66,1.0476,180,0.65,1.0317,858,0.62,0.9841,10,0.655,1.0396,14,0
SPY190802P297,2019-07-31,2019-07-31 09:32:47,0.66,1.0476,121,0.65,1.0317,891,0.62,0.9841,10,0.655,1.0396,14,0
SPY190802P297,2019-07-31,2019-07-31 09:32:48,0.66,1.0476,148,0.65,1.0317,1742,0.62,0.9841,10,0.655,1.0396,14,0
SPY190802P297,2019-07-31,2019-07-31 09:32:48,0.66,1.0476,44,0.65,1.0317,348,0.62,0.9841,10,0.655,1.0396,14,0
SPY190802P297,2019-07-31,2019-07-31 09:32:49,0.66,1.0476,518,0.65,1.0317,257,0.62,0.9841,10,0.655,1.0396,14,0
SPY190802P297,2019-07-31,2019-07-31 09:32:50,0.66,1.0476,1057,0.65,1.0317,100,0.62,0.9841,10,0.655,1.0396,14,0
SPY190802P297,2019-07-31,2019-07-31 09:32:50,0.66,1.0476,1051,0.65,1.0317,212,0.62,0.9841,10,0.655,1.0396,14,0
SPY190802P297,2019-07-31,2019-07-31 09:32:51,0.66,1.0476,1784,0.65,1.0317,128,0.62,0.9841,10,0.655,1.0396,14,0
SPY190802P297,2019-07-31,2019-07-31 09:32:51,0.66,1.0476,1941,0.64,1.0158,964,0.62,0.9841,10,0.65,1.0317,14,0
SPY190802P297,2019-07-31,2019-07-31 09:32:52,0.65,1.0317,132,0.64,1.0158,914,0.62,0.9841,10,0.645,1.0238,14,0
SPY190802P297,2019-07-31,2019-07-31 09:32:53,0.65,1.0317,525,0.64,1.0158,5,0.62,0.9841,10,0.645,1.0238,14,0
SPY190802P297,2019-07-31,2019-07-31 09:32:53,0.65,1.0317,161,0.64,1.0158,858,0.62,0.9841,10,0.645,1.0238,14,0
SPY190802P297,2019-07-31,2019-07-31 09:32:54,0.65,1.0317,2095,0.64,1.0158,155,0.62,0.9841,10,0.645,1.0238,14,0
SPY190802P297,2019-07-31,2019-07-31 09:32:54,0.65,1.0317,1326,0.64,1.0158,155,0.62,0.9841,10,0.645,1.0238,14,0
SPY190802P297,2019-07-31,2019-07-31 09:32:55,0.64,1.0158,186,0.63,1.0,555,0.62,0.9841,10,0.635,1.0079,14,0
SPY190802P297,2019-07-31,2019-07-31 09:32:55,0.64,1.0158,186,0.63,1.0,955,0.62,0.9841,10,0.635,1.0079,14,0
SPY190802P297,2019-07-31,2019-07-31 09:32:56,0.64,1.0158,186,0.63,1.0,555,0.62,0.9841,10,0.635,1.0079,14,0
SPY190802P297,2019-07-31,2019-07-31 09:32:56,0.64,1.0158,198,0.63,1.0,555,0.62,0.9841,10,0.635,1.0079,14,0
SPY190802P297,2019-07-31,2019-07-31 09:32:57,0.64,1.0158,224,0.63,1.0,519,0.62,0.9841,10,0.635,1.0079,14,0
SPY190802P297,2019-07-31,2019-07-31 09:32:58,0.64,1.0158,133,0.63,1.0,861,0.62,0.9841,10,0.635,1.0079,14,0
SPY190802P297,2019-07-31,2019-07-31 09:32:58,0.64,1.0158,54,0.63,1.0,861,0.62,0.9841,10,0.635,1.0079,14,0
SPY190802P297,2019-07-31,2019-07-31 09:32:59,0.63,1.0,10,0.62,0.9841,1296,0.62,0.9841,10,0.625,0.992,14,0
SPY190802P297,2019-07-31,2019-07-31 09:32:59,0.64,1.0158,704,0.63,1.0,244,0.62,0.9841,10,0.635,1.0079,14,0
SPY190802P297,2019-07-31,2019-07-31 09:33:00,0.64,1.0158,1649,0.63,1.0,5,0.62,0.9841,10,0.635,1.0079,14,0
SPY190802P297,2019-07-31,2019-07-31 09:33:01,0.63,1.0,6,0.63,1.0,5,0.62,0.9841,10,0.63,1.0,14,0
SPY190802P297,2019-07-31,2019-07-31 09:33:02,0.63,1.0,102,0.62,0.9841,1349,0.62,0.9841,10,0.625,0.992,14,0
SPY190802P297,2019-07-31,2019-07-31 09:33:03,0.63,1.0,171,0.62,0.9841,1349,0.62,0.9841,10,0.625,0.992,14,0
SPY190802P297,2019-07-31,2019-07-31 09:33:03,0.63,1.0,171,0.62,0.9841,1884,0.62,0.9841,10,0.625,0.992,14,0
SPY190802P297,2019-07-31,2019-07-31 09:33:04,0.63,1.0,171,0.62,0.9841,872,0.62,0.9841,10,0.625,0.992,14,0
SPY190802P297,2019-07-31,2019-07-31 09:33:05,0.64,1.0158,1985,0.62,0.9841,1316,0.62,0.9841,10,0.63,1.0,14,0
SPY190802P297,2019-07-31,2019-07-31 09:33:06,0.64,1.0158,2194,0.62,0.9841,1316,0.62,0.9841,10,0.63,1.0,14,0
SPY190802P297,2019-07-31,2019-07-31 09:33:06,0.64,1.0158,2018,0.62,0.9841,1316,0.62,0.9841,10,0.63,1.0,14,0
SPY190802P297,2019-07-31,2019-07-31 09:33:07,0.64,1.0158,1104,0.63,1.0,246,0.62,0.9841,10,0.635,1.0079,14,0
SPY190802P297,2019-07-31,2019-07-31 09:33:07,0.64,1.0158,1194,0.63,1.0,82,0.62,0.9841,10,0.635,1.0079,14,0
SPY190802P297,2019-07-31,2019-07-31 09:33:08,0.64,1.0158,1674,0.63,1.0,246,0.62,0.9841,10,0.635,1.0079,14,0
SPY190802P297,2019-07-31,2019-07-31 09:33:09,0.64,1.0158,557,0.63,1.0,816,0.62,0.9841,10,0.635,1.0079,14,0
SPY190802P297,2019-07-31,2019-07-31 09:33:10,0.64,1.0158,439,0.63,1.0,816,0.62,0.9841,10,0.635,1.0079,14,0
SPY190802P297,2019-07-31,2019-07-31 09:33:10,0.64,1.0158,179,0.63,1.0,816,0.62,0.9841,10,0.635,1.0079,14,0
SPY190802P297,2019-07-31,2019-07-31 09:33:11,0.64,1.0158,59,0.63,1.0,1314,0.62,0.9841,10,0.635,1.0079,14,0
SPY190802P297,2019-07-31,2019-07-31 09:33:12,0.65,1.0317,1714,0.64,1.0158,6,0.62,0.9841,10,0.645,1.0238,14,0
SPY190802P297,2019-07-31,2019-07-31 09:33:12,0.64,1.0158,48,0.63,1.0,1366,0.62,0.9841,10,0.635,1.0079,14,0
SPY190802P297,2019-07-31,2019-07-31 09:33:13,0.65,1.0317,1714,0.64,1.0158,200,0.62,0.9841,10,0.645,1.0238,14,0
SPY190802P297,2019-07-31,2019-07-31 09:33:14,0.65,1.0317,1353,0.64,1.0158,200,0.62,0.9841,10,0.645,1.0238,14,0
SPY190802P297,2019-07-31,2019-07-31 09:33:15,0.65,1.0317,1879,0.64,1.0158,200,0.62,0.9841,10,0.645,1.0238,14,0
SPY190802P297,2019-07-31,2019-07-31 09:33:15,0.65,1.0317,1879,0.64,1.0158,5,0.62,0.9841,10,0.645,1.0238,14,0
SPY190802P297,2019-07-31,2019-07-31 09:33:16,0.65,1.0317,1879,0.64,1.0158,5,0.62,0.9841,10,0.645,1.0238,14,0
SPY190802P297,2019-07-31,2019-07-31 09:33:17,0.65,1.0317,1876,0.64,1.0158,5,0.62,0.9841,10,0.645,1.0238,14,0
SPY190802P297,2019-07-31,2019-07-31 09:33:17,0.64,1.0158,163,0.64,1.0158,5,0.62,0.9841,10,0.64,1.0158,14,0
SPY190802P297,2019-07-31,2019-07-31 09:33:18,0.64,1.0158,367,0.63,1.0,530,0.62,0.9841,10,0.635,1.0079,14,0
SPY190802P297,2019-07-31,2019-07-31 09:33:18,0.64,1.0158,307,0.63,1.0,530,0.62,0.9841,10,0.635,1.0079,14,0
SPY190802P297,2019-07-31,2019-07-31 09:33:19,0.64,1.0158,1070,0.63,1.0,530,0.62,0.9841,10,0.635,1.0079,14,0
SPY190802P297,2019-07-31,2019-07-31 09:33:19,0.64,1.0158,562,0.63,1.0,530,0.62,0.9841,10,0.635,1.0079,14,0
SPY190802P297,2019-07-31,2019-07-31 09:33:20,0.64,1.0158,1098,0.63,1.0,530,0.62,0.9841,10,0.635,1.0079,14,0
SPY190802P297,2019-07-31,2019-07-31 09:33:21,0.64,1.0158,1098,0.63,1.0,207,0.62,0.9841,10,0.635,1.0079,14,0
SPY190802P297,2019-07-31,2019-07-31 09:33:21,0.63,1.0,512,0.62,0.9841,5,0.62,0.9841,10,0.625,0.992,14,0
SPY190802P297,2019-07-31,2019-07-31 09:33:22,0.63,1.0,792,0.62,0.9841,150,0.62,0.9841,10,0.625,0.992,14,0
SPY190802P297,2019-07-31,2019-07-31 09:33:22,0.63,1.0,758,0.62,0.9841,195,0.62,0.9841,10,0.625,0.992,14,0
SPY190802P297,2019-07-31,2019-07-31 09:33:23,0.63,1.0,1408,0.62,0.9841,139,0.62,0.9841,10,0.625,0.992,14,0
SPY190802P297,2019-07-31,2019-07-31 09:33:24,0.63,1.0,1408,0.62,0.9841,139,0.62,0.9841,10,0.625,0.992,14,0
SPY190802P297,2019-07-31,2019-07-31 09:33:25,0.63,1.0,1830,0.62,0.9841,117,0.62,0.9841,10,0.625,0.992,14,0
SPY190802P297,2019-07-31,2019-07-31 09:33:26,0.63,1.0,1830,0.62,0.9841,117,0.62,0.9841,10,0.625,0.992,14,0
SPY190802P297,2019-07-31,2019-07-31 09:33:26,0.63,1.0,1830,0.62,0.9841,84,0.62,0.9841,10,0.625,0.992,14,0
SPY190802P297,2019-07-31,2019-07-31 09:33:27,0.63,1.0,1830,0.61,0.9682,949,0.62,0.9841,10,0.62,0.9841,14,0
SPY190802P297,2019-07-31,2019-07-31 09:33:28,0.62,0.9841,335,0.61,0.9682,1263,0.62,0.9841,10,0.615,0.9761,14,0
SPY190802P297,2019-07-31,2019-07-31 09:33:29,0.62,0.9841,674,0.61,0.9682,1168,0.62,0.9841,10,0.615,0.9761,14,0
SPY190802P297,2019-07-31,2019-07-31 09:33:30,0.62,0.9841,252,0.61,0.9682,597,0.62,0.9841,10,0.615,0.9761,14,0
SPY190802P297,2019-07-31,2019-07-31 09:33:30,0.62,0.9841,372,0.61,0.9682,322,0.62,0.9841,10,0.615,0.9761,14,0
SPY190802P297,2019-07-31,2019-07-31 09:33:31,0.62,0.9841,372,0.61,0.9682,322,0.62,0.9841,10,0.615,0.9761,14,0
SPY190802P297,2019-07-31,2019-07-31 09:33:32,0.62,0.9841,372,0.61,0.9682,322,0.62,0.9841,10,0.615,0.9761,14,0
SPY190802P297,2019-07-31,2019-07-31 09:33:33,0.62,0.9841,568,0.61,0.9682,322,0.62,0.9841,10,0.615,0.9761,14,0
SPY190802P297,2019-07-31,2019-07-31 09:33:34,0.61,0.9682,5,0.6,0.9523,925,0.62,0.9841,10,0.605,0.9603,14,0
SPY190802P297,2019-07-31,2019-07-31 09:33:34,0.61,0.9682,145,0.6,0.9523,1604,0.62,0.9841,10,0.605,0.9603,14,0
SPY190802P297,2019-07-31,2019-07-31 09:33:35,0.61,0.9682,143,0.6,0.9523,1605,0.62,0.9841,10,0.605,0.9603,14,0
SPY190802P297,2019-07-31,2019-07-31 09:33:35,0.61,0.9682,145,0.6,0.9523,1605,0.62,0.9841,10,0.605,0.9603,14,0
SPY190802P297,2019-07-31,2019-07-31 09:33:36,0.61,0.9682,143,0.6,0.9523,1605,0.62,0.9841,10,0.605,0.9603,14,0
SPY190802P297,2019-07-31,2019-07-31 09:33:36,0.61,0.9682,163,0.6,0.9523,1296,0.62,0.9841,10,0.605,0.9603,14,0
SPY190802P297,2019-07-31,2019-07-31 09:33:37,0.61,0.9682,71,0.6,0.9523,2297,0.62,0.9841,10,0.605,0.9603,14,0
SPY190802P297,2019-07-31,2019-07-31 09:33:38,0.62,0.9841,1310,0.61,0.9682,5,0.62,0.9841,10,0.615,0.9761,14,0
SPY190802P297,2019-07-31,2019-07-31 09:33:38,0.62,0.9841,882,0.61,0.9682,134,0.62,0.9841,10,0.615,0.9761,14,0
SPY190802P297,2019-07-31,2019-07-31 09:33:39,0.62,0.9841,1306,0.61,0.9682,5,0.62,0.9841,10,0.615,0.9761,14,0
SPY190802P297,2019-07-31,2019-07-31 09:33:40,0.62,0.9841,882,0.61,0.9682,62,0.62,0.9841,10,0.615,0.9761,14,0
SPY190802P297,2019-07-31,2019-07-31 09:33:40,0.62,0.9841,1300,0.61,0.9682,6,0.62,0.9841,10,0.615,0.9761,14,0
SPY190802P297,2019-07-31,2019-07-31 09:33:41,0.62,0.9841,1086,0.61,0.9682,5,0.62,0.9841,10,0.615,0.9761,14,0
SPY190802P297,2019-07-31,2019-07-31 09:33:41,0.62,0.9841,1086,0.61,0.9682,246,0.62,0.9841,10,0.615,0.9761,14,0
SPY190802P297,2019-07-31,2019-07-31 09:33:42,0.62,0.9841,1086,0.61,0.9682,246,0.62,0.9841,10,0.615,0.9761,14,0
SPY190802P297,2019-07-31,2019-07-31 09:33:43,0.62,0.9841,306,0.61,0.9682,173,0.62,0.9841,10,0.615,0.9761,14,0
SPY190802P297,2019-07-31,2019-07-31 09:33:43,0.62,0.9841,1007,0.61,0.9682,246,0.62,0.9841,10,0.615,0.9761,14,0
SPY190802P297,2019-07-31,2019-07-31 09:33:44,0.62,0.9841,480,0.61,0.9682,367,0.62,0.9841,10,0.615,0.9761,14,0
SPY190802P297,2019-07-31,2019-07-31 09:33:45,0.62,0.9841,420,0.61,0.9682,353,0.62,0.9841,10,0.615,0.9761,14,0
SPY190802P297,2019-07-31,2019-07-31 09:33:46,0.62,0.9841,100,0.61,0.9682,553,0.62,0.9841,10,0.615,0.9761,14,0
SPY190802P297,2019-07-31,2019-07-31 09:33:47,0.63,1.0,1505,0.62,0.9841,6,0.62,0.9841,10,0.625,0.992,14,0
SPY190802P297,2019-07-31,2019-07-31 09:33:47,0.62,0.9841,5,0.62,0.9841,6,0.62,0.9841,10,0.62,0.9841,14,0
SPY190802P297,2019-07-31,2019-07-31 09:33:48,0.63,1.0,1495,0.62,0.9841,6,0.62,0.9841,10,0.625,0.992,14,0
SPY190802P297,2019-07-31,2019-07-31 09:33:48,0.63,1.0,1781,0.61,0.9682,1001,0.62,0.9841,10,0.62,0.9841,14,0
SPY190802P297,2019-07-31,2019-07-31 09:33:49,0.63,1.0,1781,0.62,0.9841,5,0.62,0.9841,10,0.625,0.992,14,0
SPY190802P297,2019-07-31,2019-07-31 09:33:50,0.63,1.0,1771,0.61,0.9682,1442,0.62,0.9841,10,0.62,0.9841,14,0
SPY190802P297,2019-07-31,2019-07-31 09:33:50,0.63,1.0,1761,0.62,0.9841,5,0.62,0.9841,10,0.625,0.992,14,0
SPY190802P297,2019-07-31,2019-07-31 09:33:51,0.63,1.0,1573,0.62,0.9841,6,0.62,0.9841,10,0.625,0.992,14,0
SPY190802P297,2019-07-31,2019-07-31 09:33:51,0.62,0.9841,6,0.62,0.9841,6,0.62,0.9841,10,0.62,0.9841,14,0
SPY190802P297,2019-07-31,2019-07-31 09:33:52,0.62,0.9841,239,0.61,0.9682,580,0.62,0.9841,10,0.615,0.9761,14,0
SPY190802P297,2019-07-31,2019-07-31 09:33:53,0.62,0.9841,106,0.61,0.9682,252,0.62,0.9841,10,0.615,0.9761,14,0
SPY190802P297,2019-07-31,2019-07-31 09:33:54,0.62,0.9841,230,0.61,0.9682,342,0.62,0.9841,10,0.615,0.9761,14,0
SPY190802P297,2019-07-31,2019-07-31 09:33:54,0.62,0.9841,125,0.61,0.9682,372,0.62,0.9841,10,0.615,0.9761,14,0
SPY190802P297,2019-07-31,2019-07-31 09:33:55,0.63,1.0,1343,0.61,0.9682,711,0.62,0.9841,10,0.62,0.9841,14,0
SPY190802P297,2019-07-31,2019-07-31 09:33:55,0.62,0.9841,305,0.61,0.9682,342,0.62,0.9841,10,0.615,0.9761,14,0
SPY190802P297,2019-07-31,2019-07-31 09:33:56,0.63,1.0,1907,0.62,0.9841,6,0.62,0.9841,10,0.625,0.992,14,0
SPY190802P297,2019-07-31,2019-07-31 09:33:57,0.63,1.0,1505,0.62,0.9841,6,0.62,0.9841,10,0.625,0.992,14,0
SPY190802P297,2019-07-31,2019-07-31 09:33:57,0.63,1.0,947,0.62,0.9841,6,0.62,0.9841,10,0.625,0.992,14,0
SPY190802P297,2019-07-31,2019-07-31 09:33:58,0.63,1.0,913,0.62,0.9841,249,0.62,0.9841,10,0.625,0.992,14,0
SPY190802P297,2019-07-31,2019-07-31 09:33:58,0.63,1.0,1077,0.62,0.9841,159,0.62,0.9841,10,0.625,0.992,14,0
SPY190802P297,2019-07-31,2019-07-31 09:33:59,0.63,1.0,213,0.62,0.9841,297,0.62,0.9841,10,0.625,0.992,14,0
SPY190802P297,2019-07-31,2019-07-31 09:34:00,0.63,1.0,10,0.63,1.0,5,0.62,0.9841,10,0.63,1.0,14,0
SPY190802P297,2019-07-31,2019-07-31 09:34:00,0.64,1.0158,896,0.63,1.0,237,0.62,0.9841,10,0.635,1.0079,14,0
SPY190802P297,2019-07-31,2019-07-31 09:34:01,0.64,1.0158,10,0.63,1.0,400,0.62,0.9841,10,0.635,1.0079,14,0
SPY190802P297,2019-07-31,2019-07-31 09:34:01,0.64,1.0158,36,0.63,1.0,265,0.62,0.9841,10,0.635,1.0079,14,0
SPY190802P297,2019-07-31,2019-07-31 09:34:02,0.64,1.0158,10,0.63,1.0,804,0.62,0.9841,10,0.635,1.0079,14,0
SPY190802P297,2019-07-31,2019-07-31 09:34:03,0.65,1.0317,666,0.63,1.0,1002,0.62,0.9841,10,0.64,1.0158,14,0
SPY190802P297,2019-07-31,2019-07-31 09:34:03,0.65,1.0317,391,0.64,1.0158,24,0.62,0.9841,10,0.645,1.0238,14,0
SPY190802P297,2019-07-31,2019-07-31 09:34:04,0.64,1.0158,6,0.64,1.0158,5,0.62,0.9841,10,0.64,1.0158,14,0
SPY190802P297,2019-07-31,2019-07-31 09:34:05,0.65,1.0317,460,0.64,1.0158,5,0.62,0.9841,10,0.645,1.0238,14,0
SPY190802P297,2019-07-31,2019-07-31 09:34:05,0.65,1.0317,683,0.64,1.0158,100,0.62,0.9841,10,0.645,1.0238,14,0
SPY190802P297,2019-07-31,2019-07-31 09:34:06,0.65,1.0317,683,0.64,1.0158,100,0.62,0.9841,10,0.645,1.0238,14,0
SPY190802P297,2019-07-31,2019-07-31 09:34:06,0.65,1.0317,683,0.64,1.0158,357,0.62,0.9841,10,0.645,1.0238,14,0
SPY190802P297,2019-07-31,2019-07-31 09:34:07,0.65,1.0317,836,0.64,1.0158,237,0.62,0.9841,10,0.645,1.0238,14,0
SPY190802P297,2019-07-31,2019-07-31 09:34:08,0.65,1.0317,178,0.64,1.0158,327,0.62,0.9841,10,0.645,1.0238,14,0
SPY190802P297,2019-07-31,2019-07-31 09:34:08,0.65,1.0317,448,0.64,1.0158,237,0.62,0.9841,10,0.645,1.0238,14,0
SPY190802P297,2019-07-31,2019-07-31 09:34:09,0.65,1.0317,171,0.64,1.0158,327,0.62,0.9841,10,0.645,1.0238,14,0
SPY190802P297,2019-07-31,2019-07-31 09:34:10,0.65,1.0317,187,0.64,1.0158,212,0.62,0.9841,10,0.645,1.0238,14,0
SPY190802P297,2019-07-31,2019-07-31 09:34:10,0.65,1.0317,92,0.64,1.0158,1061,0.62,0.9841,10,0.645,1.0238,14,0
SPY190802P297,2019-07-31,2019-07-31 09:34:11,0.64,1.0158,7,0.63,1.0,997,0.62,0.9841,10,0.635,1.0079,14,0
SPY190802P297,2019-07-31,2019-07-31 09:34:11,0.64,1.0158,10,0.63,1.0,941,0.62,0.9841,10,0.635,1.0079,14,0
SPY190802P297,2019-07-31,2019-07-31 09:34:12,0.64,1.0158,10,0.63,1.0,2102,0.62,0.9841,10,0.635,1.0079,14,0
SPY190802P297,2019-07-31,2019-07-31 09:34:12,0.64,1.0158,10,0.63,1.0,1576,0.62,0.9841,10,0.635,1.0079,14,0
SPY190802P297,2019-07-31,2019-07-31 09:34:13,0.65,1.0317,1256,0.64,1.0158,117,0.62,0.9841,10,0.645,1.0238,14,0
SPY190802P297,2019-07-31,2019-07-31 09:34:14,0.65,1.0317,1467,0.64,1.0158,117,0.62,0.9841,10,0.645,1.0238,14,0
SPY190802P297,2019-07-31,2019-07-31 09:34:14,0.65,1.0317,1256,0.64,1.0158,117,0.62,0.9841,10,0.645,1.0238,14,0
SPY190802P297,2019-07-31,2019-07-31 09:34:15,0.65,1.0317,2465,0.64,1.0158,5,0.62,0.9841,10,0.645,1.0238,14,0
SPY190802P297,2019-07-31,2019-07-31 09:34:15,0.64,1.0158,13,0.63,1.0,1254,0.62,0.9841,10,0.635,1.0079,14,0
SPY190802P297,2019-07-31,2019-07-31 09:34:16,0.64,1.0158,13,0.63,1.0,1240,0.62,0.9841,10,0.635,1.0079,14,0
SPY190802P297,2019-07-31,2019-07-31 09:34:17,0.64,1.0158,6,0.63,1.0,1252,0.62,0.9841,10,0.635,1.0079,14,0
SPY190802P297,2019-07-31,2019-07-31 09:34:17,0.64,1.0158,6,0.63,1.0,1077,0.62,0.9841,10,0.635,1.0079,14,0
SPY190802P297,2019-07-31,2019-07-31 09:34:18,0.64,1.0158,6,0.63,1.0,1576,0.62,0.9841,10,0.635,1.0079,14,0
SPY190802P297,2019-07-31,2019-07-31 09:34:19,0.64,1.0158,3,0.63,1.0,830,0.62,0.9841,10,0.635,1.0079,14,0
SPY190802P297,2019-07-31,2019-07-31 09:34:20,0.64,1.0158,30,0.63,1.0,1350,0.62,0.9841,10,0.635,1.0079,14,0
SPY190802P297,2019-07-31,2019-07-31 09:34:20,0.64,1.0158,12,0.63,1.0,1012,0.62,0.9841,10,0.635,1.0079,14,0
SPY190802P297,2019-07-31,2019-07-31 09:34:21,0.64,1.0158,6,0.63,1.0,1391,0.62,0.9841,10,0.635,1.0079,14,0
SPY190802P297,2019-07-31,2019-07-31 09:34:21,0.64,1.0158,6,0.63,1.0,2107,0.62,0.9841,10,0.635,1.0079,14,0
SPY190802P297,2019-07-31,2019-07-31 09:34:22,0.64,1.0158,10,0.63,1.0,2127,0.62,0.9841,10,0.635,1.0079,14,0
SPY190802P297,2019-07-31,2019-07-31 09:34:22,0.64,1.0158,12,0.63,1.0,1513,0.62,0.9841,10,0.635,1.0079,14,0
SPY190802P297,2019-07-31,2019-07-31 09:34:23,0.65,1.0317,320,0.64,1.0158,257,0.62,0.9841,10,0.645,1.0238,14,0
SPY190802P297,2019-07-31,2019-07-31 09:34:24,0.65,1.0317,1018,0.64,1.0158,275,0.62,0.9841,10,0.645,1.0238,14,0
SPY190802P297,2019-07-31,2019-07-31 09:34:24,0.65,1.0317,319,0.64,1.0158,257,0.62,0.9841,10,0.645,1.0238,14,0
SPY190802P297,2019-07-31,2019-07-31 09:34:25,0.65,1.0317,908,0.64,1.0158,275,0.62,0.9841,10,0.645,1.0238,14,0
SPY190802P297,2019-07-31,2019-07-31 09:34:25,0.65,1.0317,991,0.64,1.0158,275,0.62,0.9841,10,0.645,1.0238,14,0
SPY190802P297,2019-07-31,2019-07-31 09:34:26,0.65,1.0317,1162,0.64,1.0158,196,0.62,0.9841,10,0.645,1.0238,14,0
SPY190802P297,2019-07-31,2019-07-31 09:34:27,0.65,1.0317,1174,0.64,1.0158,55,0.62,0.9841,10,0.645,1.0238,14,0
SPY190802P297,2019-07-31,2019-07-31 09:34:27,0.65,1.0317,2153,0.64,1.0158,55,0.62,0.9841,10,0.645,1.0238,14,0
SPY190802P297,2019-07-31,2019-07-31 09:34:28,0.65,1.0317,1819,0.63,1.0,1488,0.62,0.9841,10,0.64,1.0158,14,0
SPY190802P297,2019-07-31,2019-07-31 09:34:28,0.65,1.0317,1819,0.64,1.0158,55,0.62,0.9841,10,0.645,1.0238,14,0
SPY190802P297,2019-07-31,2019-07-31 09:34:29,0.65,1.0317,351,0.64,1.0158,190,0.62,0.9841,10,0.645,1.0238,14,0
SPY190802P297,2019-07-31,2019-07-31 09:34:29,0.65,1.0317,351,0.64,1.0158,257,0.62,0.9841,10,0.645,1.0238,14,0
SPY190802P297,2019-07-31,2019-07-31 09:34:30,0.65,1.0317,453,0.64,1.0158,50,0.62,0.9841,10,0.645,1.0238,14,0
SPY190802P297,2019-07-31,2019-07-31 09:34:31,0.65,1.0317,1053,0.64,1.0158,5,0.62,0.9841,10,0.645,1.0238,14,0
SPY190802P297,2019-07-31,2019-07-31 09:34:31,0.65,1.0317,858,0.64,1.0158,5,0.62,0.9841,10,0.645,1.0238,14,0
SPY190802P297,2019-07-31,2019-07-31 09:34:32,0.65,1.0317,1327,0.64,1.0158,5,0.62,0.9841,10,0.645,1.0238,14,0
SPY190802P297,2019-07-31,2019-07-31 09:34:32,0.65,1.0317,721,0.64,1.0158,5,0.62,0.9841,10,0.645,1.0238,14,0
SPY190802P297,2019-07-31,2019-07-31 09:34:33,0.65,1.0317,866,0.64,1.0158,5,0.62,0.9841,10,0.645,1.0238,14,0
SPY190802P297,2019-07-31,2019-07-31 09:34:33,0.65,1.0317,1167,0.64,1.0158,5,0.62,0.9841,10,0.645,1.0238,14,0
SPY190802P297,2019-07-31,2019-07-31 09:34:34,0.65,1.0317,1257,0.64,1.0158,5,0.62,0.9841,10,0.645,1.0238,14,0
SPY190802P297,2019-07-31,2019-07-31 09:34:35,0.65,1.0317,1727,0.64,1.0158,5,0.62,0.9841,10,0.645,1.0238,14,0
SPY190802P297,2019-07-31,2019-07-31 09:34:35,0.65,1.0317,1148,0.64,1.0158,5,0.62,0.9841,10,0.645,1.0238,14,0
SPY190802P297,2019-07-31,2019-07-31 09:34:36,0.65,1.0317,1099,0.64,1.0158,5,0.62,0.9841,10,0.645,1.0238,14,0
SPY190802P297,2019-07-31,2019-07-31 09:34:36,0.65,1.0317,834,0.64,1.0158,5,0.62,0.9841,10,0.645,1.0238,14,0
SPY190802P297,2019-07-31,2019-07-31 09:34:37,0.65,1.0317,721,0.64,1.0158,433,0.62,0.9841,10,0.645,1.0238,14,0
SPY190802P297,2019-07-31,2019-07-31 09:34:38,0.64,1.0158,10,0.63,1.0,1423,0.62,0.9841,10,0.635,1.0079,14,0
SPY190802P297,2019-07-31,2019-07-31 09:34:39,0.64,1.0158,49,0.63,1.0,1637,0.62,0.9841,10,0.635,1.0079,14,0
SPY190802P297,2019-07-31,2019-07-31 09:34:39,0.65,1.0317,834,0.63,1.0,1441,0.62,0.9841,10,0.64,1.0158,14,0
SPY190802P297,2019-07-31,2019-07-31 09:34:40,0.65,1.0317,798,0.63,1.0,1441,0.62,0.9841,10,0.64,1.0158,14,0
SPY190802P297,2019-07-31,2019-07-31 09:34:41,0.65,1.0317,835,0.63,1.0,1441,0.62,0.9841,10,0.64,1.0158,14,0
SPY190802P297,2019-07-31,2019-07-31 09:34:41,0.65,1.0317,1524,0.63,1.0,1441,0.62,0.9841,10,0.64,1.0158,14,0
SPY190802P297,2019-07-31,2019-07-31 09:34:42,0.65,1.0317,1524,0.63,1.0,1441,0.62,0.9841,10,0.64,1.0158,14,0
SPY190802P297,2019-07-31,2019-07-31 09:34:43,0.65,1.0317,1392,0.64,1.0158,101,0.62,0.9841,10,0.645,1.0238,14,0
SPY190802P297,2019-07-31,2019-07-31 09:34:43,0.65,1.0317,1392,0.64,1.0158,74,0.62,0.9841,10,0.645,1.0238,14,0
SPY190802P297,2019-07-31,2019-07-31 09:34:44,0.65,1.0317,1392,0.64,1.0158,214,0.62,0.9841,10,0.645,1.0238,14,0
SPY190802P297,2019-07-31,2019-07-31 09:34:45,0.65,1.0317,1368,0.64,1.0158,433,0.62,0.9841,10,0.645,1.0238,14,0
SPY190802P297,2019-07-31,2019-07-31 09:34:45,0.65,1.0317,1368,0.64,1.0158,5,0.62,0.9841,10,0.645,1.0238,14,0
SPY190802P297,2019-07-31,2019-07-31 09:34:46,0.65,1.0317,147,0.64,1.0158,813,0.62,0.9841,10,0.645,1.0238,14,0
SPY190802P297,2019-07-31,2019-07-31 09:34:46,0.65,1.0317,198,0.64,1.0158,333,0.62,0.9841,10,0.645,1.0238,14,0
SPY190802P297,2019-07-31,2019-07-31 09:34:47,0.65,1.0317,72,0.64,1.0158,70,0.62,0.9841,10,0.645,1.0238,14,0
SPY190802P297,2019-07-31,2019-07-31 09:34:47,0.65,1.0317,278,0.64,1.0158,451,0.62,0.9841,10,0.645,1.0238,14,0
SPY190802P297,2019-07-31,2019-07-31 09:34:48,0.65,1.0317,212,0.64,1.0158,439,0.62,0.9841,10,0.645,1.0238,14,0
SPY190802P297,2019-07-31,2019-07-31 09:34:49,0.65,1.0317,212,0.64,1.0158,423,0.62,0.9841,10,0.645,1.0238,14,0
SPY190802P297,2019-07-31,2019-07-31 09:34:49,0.65,1.0317,240,0.64,1.0158,252,0.62,0.9841,10,0.645,1.0238,14,0
SPY190802P297,2019-07-31,2019-07-31 09:34:50,0.65,1.0317,78,0.64,1.0158,693,0.62,0.9841,10,0.645,1.0238,14,0
SPY190802P297,2019-07-31,2019-07-31 09:34:50,0.65,1.0317,305,0.64,1.0158,213,0.62,0.9841,10,0.645,1.0238,14,0
SPY190802P297,2019-07-31,2019-07-31 09:34:51,0.65,1.0317,205,0.64,1.0158,813,0.62,0.9841,10,0.645,1.0238,14,0
SPY190802P297,2019-07-31,2019-07-31 09:34:51,0.65,1.0317,58,0.64,1.0158,1327,0.62,0.9841,10,0.645,1.0238,14,0
SPY190802P297,2019-07-31,2019-07-31 09:34:52,0.65,1.0317,58,0.64,1.0158,1464,0.62,0.9841,10,0.645,1.0238,14,0
SPY190802P297,2019-07-31,2019-07-31 09:34:53,0.65,1.0317,38,0.64,1.0158,1351,0.62,0.9841,10,0.645,1.0238,14,0
SPY190802P297,2019-07-31,2019-07-31 09:34:53,0.65,1.0317,58,0.64,1.0158,1452,0.62,0.9841,10,0.645,1.0238,14,0
SPY190802P297,2019-07-31,2019-07-31 09:34:54,0.65,1.0317,48,0.64,1.0158,1351,0.62,0.9841,10,0.645,1.0238,14,0
SPY190802P297,2019-07-31,2019-07-31 09:34:54,0.65,1.0317,24,0.64,1.0158,1266,0.62,0.9841,10,0.645,1.0238,14,0
SPY190802P297,2019-07-31,2019-07-31 09:34:55,0.65,1.0317,45,0.64,1.0158,1266,0.62,0.9841,10,0.645,1.0238,14,0
SPY190802P297,2019-07-31,2019-07-31 09:34:56,0.65,1.0317,43,0.64,1.0158,1356,0.62,0.9841,10,0.645,1.0238,14,0
SPY190802P297,2019-07-31,2019-07-31 09:34:56,0.65,1.0317,70,0.64,1.0158,846,0.62,0.9841,10,0.645,1.0238,14,0
SPY190802P297,2019-07-31,2019-07-31 09:34:57,0.65,1.0317,43,0.64,1.0158,1656,0.62,0.9841,10,0.645,1.0238,14,0
SPY190802P297,2019-07-31,2019-07-31 09:34:57,0.66,1.0476,500,0.64,1.0158,1656,0.62,0.9841,10,0.65,1.0317,14,0
SPY190802P297,2019-07-31,2019-07-31 09:34:58,0.66,1.0476,172,0.65,1.0317,392,0.62,0.9841,10,0.655,1.0396,14,0
SPY190802P297,2019-07-31,2019-07-31 09:34:58,0.66,1.0476,427,0.64,1.0158,905,0.62,0.9841,10,0.65,1.0317,14,0
SPY190802P297,2019-07-31,2019-07-31 09:34:59,0.65,1.0317,16,0.64,1.0158,372,0.62,0.9841,10,0.645,1.0238,14,0
SPY190802P297,2019-07-31,2019-07-31 09:35:00,0.65,1.0317,80,0.64,1.0158,372,0.62,0.9841,10,0.645,1.0238,14,0
SPY190802P297,2019-07-31,2019-07-31 09:35:00,0.65,1.0317,63,0.64,1.0158,577,0.62,0.9841,10,0.645,1.0238,14,0
SPY190802P297,2019-07-31,2019-07-31 09:35:01,0.65,1.0317,176,0.64,1.0158,226,0.62,0.9841,10,0.645,1.0238,14,0
SPY190802P297,2019-07-31,2019-07-31 09:35:01,0.65,1.0317,586,0.64,1.0158,312,0.62,0.9841,10,0.645,1.0238,14,0
SPY190802P297,2019-07-31,2019-07-31 09:35:02,0.65,1.0317,586,0.64,1.0158,226,0.62,0.9841,10,0.645,1.0238,14,0
SPY190802P297,2019-07-31,2019-07-31 09:35:03,0.65,1.0317,1318,0.64,1.0158,226,0.62,0.9841,10,0.645,1.0238,14,0
SPY190802P297,2019-07-31,2019-07-31 09:35:03,0.65,1.0317,1718,0.64,1.0158,196,0.62,0.9841,10,0.645,1.0238,14,0
SPY190802P297,2019-07-31,2019-07-31 09:35:04,0.64,1.0158,64,0.63,1.0,1557,0.62,0.9841,10,0.635,1.0079,14,0
SPY190802P297,2019-07-31,2019-07-31 09:35:04,0.64,1.0158,10,0.63,1.0,1566,0.62,0.9841,10,0.635,1.0079,14,0
SPY190802P297,2019-07-31,2019-07-31 09:35:05,0.64,1.0158,66,0.63,1.0,1594,0.62,0.9841,10,0.635,1.0079,14,0
SPY190802P297,2019-07-31,2019-07-31 09:35:06,0.64,1.0158,92,0.63,1.0,1062,0.62,0.9841,10,0.635,1.0079,14,0
SPY190802P297,2019-07-31,2019-07-31 09:35:06,0.64,1.0158,66,0.63,1.0,1062,0.62,0.9841,10,0.635,1.0079,14,0
SPY190802P297,2019-07-31,2019-07-31 09:35:07,0.64,1.0158,137,0.63,1.0,1062,0.62,0.9841,10,0.635,1.0079,14,0
SPY190802P297,2019-07-31,2019-07-31 09:35:07,0.64,1.0158,137,0.63,1.0,1049,0.62,0.9841,10,0.635,1.0079,14,0
SPY190802P297,2019-07-31,2019-07-31 09:35:08,0.64,1.0158,59,0.63,1.0,1012,0.62,0.9841,10,0.635,1.0079,14,0
SPY190802P297,2019-07-31,2019-07-31 09:35:09,0.65,1.0317,1069,0.64,1.0158,5,0.62,0.9841,10,0.645,1.0238,14,0
SPY190802P297,2019-07-31,2019-07-31 09:35:09,0.65,1.0317,1054,0.64,1.0158,5,0.62,0.9841,10,0.645,1.0238,14,0
SPY190802P297,2019-07-31,2019-07-31 09:35:10,0.65,1.0317,1069,0.64,1.0158,100,0.62,0.9841,10,0.645,1.0238,14,0
SPY190802P297,2019-07-31,2019-07-31 09:35:10,0.65,1.0317,1031,0.64,1.0158,5,0.62,0.9841,10,0.645,1.0238,14,0
SPY190802P297,2019-07-31,2019-07-31 09:35:11,0.65,1.0317,2003,0.63,1.0,2130,0.62,0.9841,10,0.64,1.0158,14,0
SPY190802P297,2019-07-31,2019-07-31 09:35:12,0.65,1.0317,728,0.64,1.0158,24,0.62,0.9841,10,0.645,1.0238,14,0
SPY190802P297,2019-07-31,2019-07-31 09:35:12,0.65,1.0317,992,0.64,1.0158,74,0.62,0.9841,10,0.645,1.0238,14,0
SPY190802P297,2019-07-31,2019-07-31 09:35:13,0.65,1.0317,1303,0.64,1.0158,5,0.62,0.9841,10,0.645,1.0238,14,0
SPY190802P297,2019-07-31,2019-07-31 09:35:13,0.65,1.0317,1696,0.64,1.0158,5,0.62,0.9841,10,0.645,1.0238,14,0
SPY190802P297,2019-07-31,2019-07-31 09:35:14,0.65,1.0317,968,0.64,1.0158,259,0.62,0.9841,10,0.645,1.0238,14,0
SPY190802P297,2019-07-31,2019-07-31 09:35:14,0.65,1.0317,82,0.64,1.0158,637,0.62,0.9841,10,0.645,1.0238,14,0
SPY190802P297,2019-07-31,2019-07-31 09:35:15,0.65,1.0317,6,0.64,1.0158,1903,0.62,0.9841,10,0.645,1.0238,14,0
SPY190802P297,2019-07-31,2019-07-31 09:35:16,0.65,1.0317,10,0.64,1.0158,1703,0.62,0.9841,10,0.645,1.0238,14,0
SPY190802P297,2019-07-31,2019-07-31 09:35:17,0.66,1.0476,471,0.65,1.0317,43,0.62,0.9841,10,0.655,1.0396,14,0
SPY190802P297,2019-07-31,2019-07-31 09:35:18,0.66,1.0476,471,0.65,1.0317,303,0.62,0.9841,10,0.655,1.0396,14,0
SPY190802P297,2019-07-31,2019-07-31 09:35:18,0.66,1.0476,1036,0.64,1.0158,1499,0.62,0.9841,10,0.65,1.0317,14,0
SPY190802P297,2019-07-31,2019-07-31 09:35:19,0.66,1.0476,473,0.64,1.0158,2109,0.62,0.9841,10,0.65,1.0317,14,0
SPY190802P297,2019-07-31,2019-07-31 09:35:19,0.66,1.0476,465,0.64,1.0158,2109,0.62,0.9841,10,0.65,1.0317,14,0
SPY190802P297,2019-07-31,2019-07-31 09:35:20,0.66,1.0476,1157,0.65,1.0317,232,0.62,0.9841,10,0.655,1.0396,14,0
SPY190802P297,2019-07-31,2019-07-31 09:35:20,0.66,1.0476,1301,0.65,1.0317,5,0.62,0.9841,10,0.655,1.0396,14,0
SPY190802P297,2019-07-31,2019-07-31 09:35:21,0.66,1.0476,1042,0.65,1.0317,232,0.62,0.9841,10,0.655,1.0396,14,0
SPY190802P297,2019-07-31,2019-07-31 09:35:22,0.66,1.0476,1042,0.65,1.0317,232,0.62,0.9841,10,0.655,1.0396,14,0
SPY190802P297,2019-07-31,2019-07-31 09:35:23,0.66,1.0476,449,0.65,1.0317,232,0.62,0.9841,10,0.655,1.0396,14,0
SPY190802P297,2019-07-31,2019-07-31 09:35:24,0.66,1.0476,1006,0.65,1.0317,304,0.62,0.9841,10,0.655,1.0396,14,0
SPY190802P297,2019-07-31,2019-07-31 09:35:25,0.66,1.0476,1111,0.65,1.0317,304,0.62,0.9841,10,0.655,1.0396,14,0
SPY190802P297,2019-07-31,2019-07-31 09:35:26,0.66,1.0476,6,0.65,1.0317,3143,0.62,0.9841,10,0.655,1.0396,14,0
SPY190802P297,2019-07-31,2019-07-31 09:35:26,0.66,1.0476,21,0.65,1.0317,689,0.62,0.9841,10,0.655,1.0396,14,0
SPY190802P297,2019-07-31,2019-07-31 09:35:27,0.66,1.0476,186,0.65,1.0317,743,0.62,0.9841,10,0.655,1.0396,14,0
SPY190802P297,2019-07-31,2019-07-31 09:35:28,0.66,1.0476,322,0.65,1.0317,214,0.62,0.9841,10,0.655,1.0396,14,0
SPY190802P297,2019-07-31,2019-07-31 09:35:28,0.66,1.0476,624,0.65,1.0317,214,0.62,0.9841,10,0.655,1.0396,14,0
SPY190802P297,2019-07-31,2019-07-31 09:35:29,0.66,1.0476,530,0.65,1.0317,214,0.62,0.9841,10,0.655,1.0396,14,0
SPY190802P297,2019-07-31,2019-07-31 09:35:29,0.65,1.0317,6,0.64,1.0158,1758,0.62,0.9841,10,0.645,1.0238,14,0
SPY190802P297,2019-07-31,2019-07-31 09:35:30,0.65,1.0317,77,0.64,1.0158,925,0.62,0.9841,10,0.645,1.0238,14,0
SPY190802P297,2019-07-31,2019-07-31 09:35:31,0.65,1.0317,12,0.64,1.0158,1406,0.62,0.9841,10,0.645,1.0238,14,0
SPY190802P297,2019-07-31,2019-07-31 09:35:31,0.65,1.0317,36,0.64,1.0158,1406,0.62,0.9841,10,0.645,1.0238,14,0
SPY190802P297,2019-07-31,2019-07-31 09:35:32,0.65,1.0317,270,0.64,1.0158,1036,0.62,0.9841,10,0.645,1.0238,14,0
SPY190802P297,2019-07-31,2019-07-31 09:35:32,0.65,1.0317,624,0.64,1.0158,913,0.62,0.9841,10,0.645,1.0238,14,0
SPY190802P297,2019-07-31,2019-07-31 09:35:33,0.65,1.0317,753,0.64,1.0158,550,0.62,0.9841,10,0.645,1.0238,14,0
SPY190802P297,2019-07-31,2019-07-31 09:35:33,0.65,1.0317,62,0.64,1.0158,1799,0.62,0.9841,10,0.645,1.0238,14,0
SPY190802P297,2019-07-31,2019-07-31 09:35:34,0.65,1.0317,41,0.64,1.0158,1582,0.62,0.9841,10,0.645,1.0238,14,0
SPY190802P297,2019-07-31,2019-07-31 09:35:35,0.65,1.0317,13,0.64,1.0158,1582,0.62,0.9841,10,0.645,1.0238,14,0
SPY190802P297,2019-07-31,2019-07-31 09:35:35,0.65,1.0317,22,0.64,1.0158,2392,0.62,0.9841,10,0.645,1.0238,14,0
SPY190802P297,2019-07-31,2019-07-31 09:35:36,0.65,1.0317,22,0.64,1.0158,2419,0.62,0.9841,10,0.645,1.0238,14,0
SPY190802P297,2019-07-31,2019-07-31 09:35:36,0.65,1.0317,83,0.64,1.0158,2419,0.62,0.9841,10,0.645,1.0238,14,0
SPY190802P297,2019-07-31,2019-07-31 09:35:37,0.65,1.0317,31,0.64,1.0158,2437,0.62,0.9841,10,0.645,1.0238,14,0
SPY190802P297,2019-07-31,2019-07-31 09:35:38,0.65,1.0317,10,0.64,1.0158,2437,0.62,0.9841,10,0.645,1.0238,14,0
SPY190802P297,2019-07-31,2019-07-31 09:35:38,0.66,1.0476,633,0.64,1.0158,2437,0.62,0.9841,10,0.65,1.0317,14,0
SPY190802P297,2019-07-31,2019-07-31 09:35:39,0.66,1.0476,179,0.65,1.0317,408,0.62,0.9841,10,0.655,1.0396,14,0
SPY190802P297,2019-07-31,2019-07-31 09:35:41,0.66,1.0476,133,0.65,1.0317,1022,0.62,0.9841,10,0.655,1.0396,14,0
SPY190802P297,2019-07-31,2019-07-31 09:35:42,0.66,1.0476,133,0.65,1.0317,692,0.62,0.9841,10,0.655,1.0396,14,0
SPY190802P297,2019-07-31,2019-07-31 09:35:43,0.66,1.0476,286,0.65,1.0317,692,0.62,0.9841,10,0.655,1.0396,14,0
SPY190802P297,2019-07-31,2019-07-31 09:35:43,0.66,1.0476,331,0.65,1.0317,692,0.62,0.9841,10,0.655,1.0396,14,0
SPY190802P297,2019-07-31,2019-07-31 09:35:44,0.66,1.0476,262,0.65,1.0317,692,0.65,1.0317,5,0.655,1.0396,19,5
SPY190802P297,2019-07-31,2019-07-31 09:35:45,0.66,1.0476,470,0.65,1.0317,692,0.65,1.0317,5,0.655,1.0396,19,0
SPY190802P297,2019-07-31,2019-07-31 09:35:45,0.66,1.0476,386,0.65,1.0317,692,0.65,1.0317,5,0.655,1.0396,19,0
SPY190802P297,2019-07-31,2019-07-31 09:35:46,0.66,1.0476,386,0.65,1.0317,783,0.65,1.0317,5,0.655,1.0396,19,0
SPY190802P297,2019-07-31,2019-07-31 09:35:47,0.66,1.0476,241,0.64,1.0158,2102,0.65,1.0317,5,0.65,1.0317,19,0
SPY190802P297,2019-07-31,2019-07-31 09:35:47,0.66,1.0476,411,0.65,1.0317,39,0.65,1.0317,5,0.655,1.0396,19,0
SPY190802P297,2019-07-31,2019-07-31 09:35:48,0.66,1.0476,262,0.65,1.0317,750,0.65,1.0317,5,0.655,1.0396,19,0
SPY190802P297,2019-07-31,2019-07-31 09:35:49,0.66,1.0476,277,0.65,1.0317,450,0.65,1.0317,5,0.655,1.0396,19,0
SPY190802P297,2019-07-31,2019-07-31 09:35:49,0.66,1.0476,318,0.65,1.0317,269,0.65,1.0317,5,0.655,1.0396,19,0
SPY190802P297,2019-07-31,2019-07-31 09:35:50,0.66,1.0476,292,0.65,1.0317,450,0.65,1.0317,5,0.655,1.0396,19,0
SPY190802P297,2019-07-31,2019-07-31 09:35:50,0.66,1.0476,250,0.65,1.0317,390,0.65,1.0317,5,0.655,1.0396,19,0
SPY190802P297,2019-07-31,2019-07-31 09:35:51,0.66,1.0476,164,0.65,1.0317,390,0.65,1.0317,5,0.655,1.0396,19,0
SPY190802P297,2019-07-31,2019-07-31 09:35:52,0.66,1.0476,250,0.65,1.0317,390,0.65,1.0317,5,0.655,1.0396,19,0
SPY190802P297,2019-07-31,2019-07-31 09:35:52,0.66,1.0476,329,0.65,1.0317,390,0.65,1.0317,5,0.655,1.0396,19,0
SPY190802P297,2019-07-31,2019-07-31 09:35:53,0.66,1.0476,241,0.65,1.0317,333,0.65,1.0317,5,0.655,1.0396,19,0
SPY190802P297,2019-07-31,2019-07-31 09:35:54,0.66,1.0476,74,0.65,1.0317,421,0.65,1.0317,5,0.655,1.0396,19,0
SPY190802P297,2019-07-31,2019-07-31 09:35:55,0.65,1.0317,6,0.64,1.0158,2216,0.65,1.0317,5,0.645,1.0238,19,0
SPY190802P297,2019-07-31,2019-07-31 09:35:55,0.66,1.0476,1008,0.65,1.0317,393,0.65,1.0317,5,0.655,1.0396,19,0
SPY190802P297,2019-07-31,2019-07-31 09:35:56,0.65,1.0317,6,0.64,1.0158,2216,0.65,1.0317,5,0.645,1.0238,19,0
SPY190802P297,2019-07-31,2019-07-31 09:35:57,0.65,1.0317,30,0.64,1.0158,2216,0.65,1.0317,5,0.645,1.0238,19,0
SPY190802P297,2019-07-31,2019-07-31 09:35:57,0.66,1.0476,178,0.64,1.0158,2216,0.65,1.0317,5,0.65,1.0317,19,0
SPY190802P297,2019-07-31,2019-07-31 09:35:58,0.66,1.0476,58,0.65,1.0317,893,0.65,1.0317,5,0.655,1.0396,19,0
SPY190802P297,2019-07-31,2019-07-31 09:35:58,0.66,1.0476,103,0.64,1.0158,2216,0.65,1.0317,5,0.65,1.0317,19,0
SPY190802P297,2019-07-31,2019-07-31 09:35:59,0.66,1.0476,30,0.65,1.0317,1915,0.65,1.0317,5,0.655,1.0396,19,0
SPY190802P297,2019-07-31,2019-07-31 09:36:00,0.66,1.0476,30,0.65,1.0317,1925,0.65,1.0317,5,0.655,1.0396,19,0
SPY190802P297,2019-07-31,2019-07-31 09:36:00,0.66,1.0476,6,0.66,1.0476,5,0.65,1.0317,5,0.66,1.0476,19,0
SPY190802P297,2019-07-31,2019-07-31 09:36:01,0.67,1.0634,1040,0.66,1.0476,186,0.65,1.0317,5,0.665,1.0555,19,0
SPY190802P297,2019-07-31,2019-07-31 09:36:02,0.67,1.0634,1040,0.65,1.0317,1964,0.65,1.0317,5,0.66,1.0476,19,0
SPY190802P297,2019-07-31,2019-07-31 09:36:02,0.66,1.0476,132,0.65,1.0317,1545,0.65,1.0317,5,0.655,1.0396,19,0
SPY190802P297,2019-07-31,2019-07-31 09:36:03,0.66,1.0476,10,0.65,1.0317,1418,0.65,1.0317,5,0.655,1.0396,19,0
SPY190802P297,2019-07-31,2019-07-31 09:36:03,0.66,1.0476,38,0.65,1.0317,1418,0.65,1.0317,5,0.655,1.0396,19,0
SPY190802P297,2019-07-31,2019-07-31 09:36:04,0.66,1.0476,155,0.65,1.0317,1004,0.65,1.0317,5,0.655,1.0396,19,0
SPY190802P297,2019-07-31,2019-07-31 09:36:05,0.66,1.0476,69,0.65,1.0317,1071,0.65,1.0317,5,0.655,1.0396,19,0
SPY190802P297,2019-07-31,2019-07-31 09:36:06,0.66,1.0476,10,0.65,1.0317,2082,0.65,1.0317,5,0.655,1.0396,19,0
SPY190802P297,2019-07-31,2019-07-31 09:36:06,0.66,1.0476,127,0.65,1.0317,1568,0.65,1.0317,5,0.655,1.0396,19,0
SPY190802P297,2019-07-31,2019-07-31 09:36:07,0.66,1.0476,71,0.65,1.0317,712,0.65,1.0317,5,0.655,1.0396,19,0
SPY190802P297,2019-07-31,2019-07-31 09:36:08,0.66,1.0476,38,0.65,1.0317,1642,0.65,1.0317,5,0.655,1.0396,19,0
SPY190802P297,2019-07-31,2019-07-31 09:36:08,0.66,1.0476,97,0.65,1.0317,1286,0.65,1.0317,5,0.655,1.0396,19,0
SPY190802P297,2019-07-31,2019-07-31 09:36:09,0.66,1.0476,38,0.65,1.0317,2228,0.65,1.0317,5,0.655,1.0396,19,0
SPY190802P297,2019-07-31,2019-07-31 09:36:10,0.67,1.0634,2352,0.66,1.0476,5,0.65,1.0317,5,0.665,1.0555,19,0
SPY190802P297,2019-07-31,2019-07-31 09:36:10,0.67,1.0634,2300,0.66,1.0476,5,0.65,1.0317,5,0.665,1.0555,19,0
SPY190802P297,2019-07-31,2019-07-31 09:36:11,0.67,1.0634,1100,0.66,1.0476,5,0.65,1.0317,5,0.665,1.0555,19,0
SPY190802P297,2019-07-31,2019-07-31 09:36:11,0.67,1.0634,1213,0.66,1.0476,140,0.65,1.0317,5,0.665,1.0555,19,0
SPY190802P297,2019-07-31,2019-07-31 09:36:12,0.67,1.0634,1213,0.66,1.0476,187,0.65,1.0317,5,0.665,1.0555,19,0
SPY190802P297,2019-07-31,2019-07-31 09:36:13,0.67,1.0634,1944,0.66,1.0476,187,0.65,1.0317,5,0.665,1.0555,19,0
SPY190802P297,2019-07-31,2019-07-31 09:36:13,0.67,1.0634,1783,0.66,1.0476,140,0.65,1.0317,5,0.665,1.0555,19,0
SPY190802P297,2019-07-31,2019-07-31 09:36:14,0.67,1.0634,2748,0.66,1.0476,140,0.65,1.0317,5,0.665,1.0555,19,0
SPY190802P297,2019-07-31,2019-07-31 09:36:14,0.66,1.0476,10,0.65,1.0317,2004,0.65,1.0317,5,0.655,1.0396,19,0
SPY190802P297,2019-07-31,2019-07-31 09:36:15,0.66,1.0476,10,0.65,1.0317,3459,0.65,1.0317,5,0.655,1.0396,19,0
SPY190802P297,2019-07-31,2019-07-31 09:36:16,0.66,1.0476,10,0.65,1.0317,3459,0.65,1.0317,5,0.655,1.0396,19,0
SPY190802P297,2019-07-31,2019-07-31 09:36:16,0.66,1.0476,15,0.65,1.0317,2082,0.65,1.0317,5,0.655,1.0396,19,0
SPY190802P297,2019-07-31,2019-07-31 09:36:17,0.66,1.0476,10,0.65,1.0317,1482,0.65,1.0317,5,0.655,1.0396,19,0
SPY190802P297,2019-07-31,2019-07-31 09:36:17,0.66,1.0476,25,0.65,1.0317,1666,0.65,1.0317,5,0.655,1.0396,19,0
SPY190802P297,2019-07-31,2019-07-31 09:36:18,0.66,1.0476,31,0.65,1.0317,1666,0.65,1.0317,5,0.655,1.0396,19,0
SPY190802P297,2019-07-31,2019-07-31 09:36:19,0.66,1.0476,381,0.65,1.0317,1512,0.65,1.0317,5,0.655,1.0396,19,0
SPY190802P297,2019-07-31,2019-07-31 09:36:20,0.66,1.0476,449,0.65,1.0317,1512,0.65,1.0317,5,0.655,1.0396,19,0
SPY190802P297,2019-07-31,2019-07-31 09:36:20,0.65,1.0317,13,0.64,1.0158,1698,0.65,1.0317,5,0.645,1.0238,19,0
SPY190802P297,2019-07-31,2019-07-31 09:36:21,0.65,1.0317,10,0.64,1.0158,2853,0.65,1.0317,5,0.645,1.0238,19,0
SPY190802P297,2019-07-31,2019-07-31 09:36:21,0.65,1.0317,20,0.64,1.0158,2853,0.65,1.0317,5,0.645,1.0238,19,0
SPY190802P297,2019-07-31,2019-07-31 09:36:22,0.65,1.0317,20,0.64,1.0158,2853,0.65,1.0317,5,0.645,1.0238,19,0
SPY190802P297,2019-07-31,2019-07-31 09:36:23,0.65,1.0317,6,0.64,1.0158,3118,0.65,1.0317,5,0.645,1.0238,19,0
SPY190802P297,2019-07-31,2019-07-31 09:36:23,0.65,1.0317,10,0.64,1.0158,3118,0.65,1.0317,5,0.645,1.0238,19,0
SPY190802P297,2019-07-31,2019-07-31 09:36:24,0.65,1.0317,10,0.64,1.0158,3118,0.65,1.0317,5,0.645,1.0238,19,0
SPY190802P297,2019-07-31,2019-07-31 09:36:25,0.65,1.0317,10,0.64,1.0158,3500,0.65,1.0317,5,0.645,1.0238,19,0
SPY190802P297,2019-07-31,2019-07-31 09:36:25,0.65,1.0317,25,0.64,1.0158,3118,0.65,1.0317,5,0.645,1.0238,19,0
SPY190802P297,2019-07-31,2019-07-31 09:36:26,0.65,1.0317,10,0.64,1.0158,3118,0.65,1.0317,5,0.645,1.0238,19,0
SPY190802P297,2019-07-31,2019-07-31 09:36:27,0.65,1.0317,10,0.64,1.0158,3118,0.65,1.0317,5,0.645,1.0238,19,0
SPY190802P297,2019-07-31,2019-07-31 09:36:28,0.65,1.0317,10,0.64,1.0158,3118,0.65,1.0317,5,0.645,1.0238,19,0
SPY190802P297,2019-07-31,2019-07-31 09:36:29,0.65,1.0317,6,0.64,1.0158,3118,0.65,1.0317,5,0.645,1.0238,19,0
SPY190802P297,2019-07-31,2019-07-31 09:36:29,0.65,1.0317,11,0.64,1.0158,3118,0.65,1.0317,5,0.645,1.0238,19,0
SPY190802P297,2019-07-31,2019-07-31 09:36:30,0.65,1.0317,6,0.65,1.0317,5,0.65,1.0317,5,0.65,1.0317,19,0
SPY190802P297,2019-07-31,2019-07-31 09:36:31,0.65,1.0317,6,0.65,1.0317,5,0.65,1.0317,5,0.65,1.0317,19,0
SPY190802P297,2019-07-31,2019-07-31 09:36:32,0.65,1.0317,6,0.65,1.0317,5,0.65,1.0317,5,0.65,1.0317,19,0
SPY190802P297,2019-07-31,2019-07-31 09:36:33,0.65,1.0317,6,0.65,1.0317,5,0.65,1.0317,5,0.65,1.0317,19,0
SPY190802P297,2019-07-31,2019-07-31 09:36:34,0.65,1.0317,6,0.65,1.0317,5,0.65,1.0317,5,0.65,1.0317,19,0
SPY190802P297,2019-07-31,2019-07-31 09:36:35,0.65,1.0317,6,0.65,1.0317,5,0.65,1.0317,5,0.65,1.0317,19,0
SPY190802P297,2019-07-31,2019-07-31 09:36:36,0.65,1.0317,6,0.65,1.0317,5,0.65,1.0317,5,0.65,1.0317,19,0
SPY190802P297,2019-07-31,2019-07-31 09:36:36,0.66,1.0476,78,0.64,1.0158,2298,0.65,1.0317,5,0.65,1.0317,19,0
SPY190802P297,2019-07-31,2019-07-31 09:36:37,0.66,1.0476,295,0.65,1.0317,998,0.65,1.0317,5,0.655,1.0396,19,0
SPY190802P297,2019-07-31,2019-07-31 09:36:37,0.66,1.0476,478,0.65,1.0317,660,0.65,1.0317,5,0.655,1.0396,19,0
SPY190802P297,2019-07-31,2019-07-31 09:36:38,0.66,1.0476,448,0.65,1.0317,332,0.65,1.0317,5,0.655,1.0396,19,0
SPY190802P297,2019-07-31,2019-07-31 09:36:39,0.66,1.0476,1102,0.65,1.0317,302,0.65,1.0317,5,0.655,1.0396,19,0
SPY190802P297,2019-07-31,2019-07-31 09:36:40,0.66,1.0476,86,0.65,1.0317,2374,0.65,1.0317,5,0.655,1.0396,19,0
SPY190802P297,2019-07-31,2019-07-31 09:36:40,0.66,1.0476,94,0.65,1.0317,1534,0.65,1.0317,5,0.655,1.0396,19,0
SPY190802P297,2019-07-31,2019-07-31 09:36:41,0.66,1.0476,25,0.65,1.0317,2349,0.65,1.0317,5,0.655,1.0396,19,0
SPY190802P297,2019-07-31,2019-07-31 09:36:42,0.66,1.0476,77,0.65,1.0317,2349,0.65,1.0317,5,0.655,1.0396,19,0
SPY190802P297,2019-07-31,2019-07-31 09:36:43,0.66,1.0476,214,0.65,1.0317,934,0.65,1.0317,5,0.655,1.0396,19,0
SPY190802P297,2019-07-31,2019-07-31 09:36:43,0.66,1.0476,117,0.65,1.0317,1567,0.65,1.0317,5,0.655,1.0396,19,0
SPY190802P297,2019-07-31,2019-07-31 09:36:44,0.66,1.0476,387,0.65,1.0317,591,0.65,1.0317,5,0.655,1.0396,19,0
SPY190802P297,2019-07-31,2019-07-31 09:36:45,0.66,1.0476,114,0.65,1.0317,212,0.65,1.0317,5,0.655,1.0396,19,0
SPY190802P297,2019-07-31,2019-07-31 09:36:46,0.66,1.0476,585,0.65,1.0317,212,0.66,1.0476,2,0.655,1.0396,21,2
SPY190802P297,2019-07-31,2019-07-31 09:36:46,0.66,1.0476,1137,0.65,1.0317,211,0.66,1.0476,2,0.655,1.0396,21,0
SPY190802P297,2019-07-31,2019-07-31 09:36:47,0.66,1.0476,934,0.65,1.0317,211,0.66,1.0476,2,0.655,1.0396,21,0
SPY190802P297,2019-07-31,2019-07-31 09:36:48,0.65,1.0317,7,0.65,1.0317,5,0.66,1.0476,2,0.65,1.0317,21,0
SPY190802P297,2019-07-31,2019-07-31 09:36:49,0.65,1.0317,14,0.64,1.0158,2460,0.66,1.0476,2,0.645,1.0238,21,0
SPY190802P297,2019-07-31,2019-07-31 09:36:49,0.65,1.0317,10,0.64,1.0158,2796,0.66,1.0476,2,0.645,1.0238,21,0
SPY190802P297,2019-07-31,2019-07-31 09:36:50,0.65,1.0317,6,0.64,1.0158,2460,0.66,1.0476,2,0.645,1.0238,21,0
SPY190802P297,2019-07-31,2019-07-31 09:36:51,0.65,1.0317,6,0.64,1.0158,2801,0.66,1.0476,2,0.645,1.0238,21,0
SPY190802P297,2019-07-31,2019-07-31 09:36:51,0.65,1.0317,10,0.64,1.0158,2801,0.66,1.0476,2,0.645,1.0238,21,0
SPY190802P297,2019-07-31,2019-07-31 09:36:52,0.66,1.0476,429,0.65,1.0317,394,0.66,1.0476,2,0.655,1.0396,21,0
SPY190802P297,2019-07-31,2019-07-31 09:36:53,0.66,1.0476,144,0.65,1.0317,989,0.66,1.0476,2,0.655,1.0396,21,0
SPY190802P297,2019-07-31,2019-07-31 09:36:53,0.66,1.0476,90,0.65,1.0317,1410,0.66,1.0476,2,0.655,1.0396,21,0
SPY190802P297,2019-07-31,2019-07-31 09:36:54,0.66,1.0476,144,0.65,1.0317,1106,0.66,1.0476,2,0.655,1.0396,21,0
SPY190802P297,2019-07-31,2019-07-31 09:36:55,0.66,1.0476,117,0.65,1.0317,1788,0.66,1.0476,2,0.655,1.0396,21,0
SPY190802P297,2019-07-31,2019-07-31 09:36:56,0.66,1.0476,117,0.65,1.0317,2169,0.66,1.0476,2,0.655,1.0396,21,0
SPY190802P297,2019-07-31,2019-07-31 09:36:56,0.66,1.0476,32,0.65,1.0317,2169,0.66,1.0476,2,0.655,1.0396,21,0
SPY190802P297,2019-07-31,2019-07-31 09:36:57,0.66,1.0476,6,0.65,1.0317,2374,0.66,1.0476,2,0.655,1.0396,21,0
SPY190802P297,2019-07-31,2019-07-31 09:36:57,0.66,1.0476,42,0.65,1.0317,2374,0.66,1.0476,2,0.655,1.0396,21,0
SPY190802P297,2019-07-31,2019-07-31 09:36:58,0.66,1.0476,6,0.65,1.0317,2402,0.66,1.0476,2,0.655,1.0396,21,0
SPY190802P297,2019-07-31,2019-07-31 09:36:59,0.66,1.0476,6,0.65,1.0317,2587,0.66,1.0476,2,0.655,1.0396,21,0
SPY190802P297,2019-07-31,2019-07-31 09:37:00,0.66,1.0476,180,0.65,1.0317,2143,0.66,1.0476,2,0.655,1.0396,21,0
SPY190802P297,2019-07-31,2019-07-31 09:37:00,0.66,1.0476,11,0.65,1.0317,2203,0.66,1.0476,2,0.655,1.0396,21,0
SPY190802P297,2019-07-31,2019-07-31 09:37:01,0.66,1.0476,565,0.65,1.0317,1762,0.66,1.0476,2,0.655,1.0396,21,0
SPY190802P297,2019-07-31,2019-07-31 09:37:02,0.66,1.0476,368,0.65,1.0317,930,0.66,1.0476,2,0.655,1.0396,21,0
SPY190802P297,2019-07-31,2019-07-31 09:37:03,0.66,1.0476,241,0.65,1.0317,930,0.66,1.0476,2,0.655,1.0396,21,0
SPY190802P297,2019-07-31,2019-07-31 09:37:04,0.66,1.0476,263,0.65,1.0317,947,0.66,1.0476,2,0.655,1.0396,21,0
SPY190802P297,2019-07-31,2019-07-31 09:37:04,0.66,1.0476,263,0.65,1.0317,913,0.66,1.0476,2,0.655,1.0396,21,0
SPY190802P297,2019-07-31,2019-07-31 09:37:05,0.66,1.0476,256,0.65,1.0317,913,0.66,1.0476,2,0.655,1.0396,21,0
SPY190802P297,2019-07-31,2019-07-31 09:37:06,0.66,1.0476,7,0.65,1.0317,913,0.66,1.0476,2,0.655,1.0396,21,0
SPY190802P297,2019-07-31,2019-07-31 09:37:07,0.66,1.0476,214,0.65,1.0317,1141,0.66,1.0476,2,0.655,1.0396,21,0
SPY190802P297,2019-07-31,2019-07-31 09:37:07,0.66,1.0476,7,0.65,1.0317,1668,0.66,1.0476,2,0.655,1.0396,21,0
SPY190802P297,2019-07-31,2019-07-31 09:37:08,0.66,1.0476,7,0.65,1.0317,1668,0.66,1.0476,2,0.655,1.0396,21,0
SPY190802P297,2019-07-31,2019-07-31 09:37:09,0.66,1.0476,10,0.65,1.0317,1860,0.66,1.0476,2,0.655,1.0396,21,0
SPY190802P297,2019-07-31,2019-07-31 09:37:09,0.66,1.0476,10,0.65,1.0317,2309,0.66,1.0476,2,0.655,1.0396,21,0
SPY190802P297,2019-07-31,2019-07-31 09:37:10,0.66,1.0476,63,0.65,1.0317,2309,0.66,1.0476,2,0.655,1.0396,21,0
SPY190802P297,2019-07-31,2019-07-31 09:37:11,0.66,1.0476,209,0.65,1.0317,1903,0.66,1.0476,2,0.655,1.0396,21,0
SPY190802P297,2019-07-31,2019-07-31 09:37:11,0.66,1.0476,229,0.65,1.0317,352,0.66,1.0476,2,0.655,1.0396,21,0
SPY190802P297,2019-07-31,2019-07-31 09:37:12,0.66,1.0476,346,0.65,1.0317,2322,0.66,1.0476,2,0.655,1.0396,21,0
SPY190802P297,2019-07-31,2019-07-31 09:37:13,0.66,1.0476,518,0.65,1.0317,1985,0.66,1.0476,2,0.655,1.0396,21,0
SPY190802P297,2019-07-31,2019-07-31 09:37:14,0.66,1.0476,518,0.65,1.0317,2019,0.66,1.0476,2,0.655,1.0396,21,0
SPY190802P297,2019-07-31,2019-07-31 09:37:14,0.66,1.0476,518,0.65,1.0317,1985,0.66,1.0476,2,0.655,1.0396,21,0
SPY190802P297,2019-07-31,2019-07-31 09:37:15,0.66,1.0476,518,0.65,1.0317,1976,0.66,1.0476,2,0.655,1.0396,21,0
SPY190802P297,2019-07-31,2019-07-31 09:37:16,0.66,1.0476,662,0.65,1.0317,1976,0.66,1.0476,2,0.655,1.0396,21,0
SPY190802P297,2019-07-31,2019-07-31 09:37:17,0.66,1.0476,163,0.65,1.0317,1951,0.66,1.0476,2,0.655,1.0396,21,0
SPY190802P297,2019-07-31,2019-07-31 09:37:18,0.66,1.0476,180,0.65,1.0317,2821,0.66,1.0476,2,0.655,1.0396,21,0
SPY190802P297,2019-07-31,2019-07-31 09:37:18,0.66,1.0476,171,0.65,1.0317,2440,0.66,1.0476,2,0.655,1.0396,21,0
SPY190802P297,2019-07-31,2019-07-31 09:37:19,0.66,1.0476,10,0.65,1.0317,2258,0.66,1.0476,2,0.655,1.0396,21,0
SPY190802P297,2019-07-31,2019-07-31 09:37:20,0.66,1.0476,10,0.65,1.0317,2258,0.66,1.0476,2,0.655,1.0396,21,0
SPY190802P297,2019-07-31,2019-07-31 09:37:21,0.66,1.0476,6,0.65,1.0317,2477,0.66,1.0476,2,0.655,1.0396,21,0
SPY190802P297,2019-07-31,2019-07-31 09:37:21,0.66,1.0476,68,0.65,1.0317,2258,0.66,1.0476,2,0.655,1.0396,21,0
SPY190802P297,2019-07-31,2019-07-31 09:37:22,0.66,1.0476,10,0.65,1.0317,2491,0.66,1.0476,2,0.655,1.0396,21,0
SPY190802P297,2019-07-31,2019-07-31 09:37:23,0.66,1.0476,6,0.65,1.0317,2202,0.66,1.0476,2,0.655,1.0396,21,0
SPY190802P297,2019-07-31,2019-07-31 09:37:23,0.66,1.0476,180,0.65,1.0317,2477,0.66,1.0476,2,0.655,1.0396,21,0
SPY190802P297,2019-07-31,2019-07-31 09:37:24,0.66,1.0476,505,0.65,1.0317,2333,0.66,1.0476,2,0.655,1.0396,21,0
SPY190802P297,2019-07-31,2019-07-31 09:37:25,0.66,1.0476,289,0.65,1.0317,1286,0.66,1.0476,2,0.655,1.0396,21,0
SPY190802P297,2019-07-31,2019-07-31 09:37:25,0.66,1.0476,346,0.65,1.0317,1286,0.66,1.0476,2,0.655,1.0396,21,0
SPY190802P297,2019-07-31,2019-07-31 09:37:26,0.66,1.0476,361,0.65,1.0317,2059,0.66,1.0476,2,0.655,1.0396,21,0
SPY190802P297,2019-07-31,2019-07-31 09:37:27,0.66,1.0476,41,0.65,1.0317,2491,0.66,1.0476,2,0.655,1.0396,21,0
SPY190802P297,2019-07-31,2019-07-31 09:37:28,0.66,1.0476,14,0.65,1.0317,2496,0.66,1.0476,2,0.655,1.0396,21,0
SPY190802P297,2019-07-31,2019-07-31 09:37:28,0.66,1.0476,41,0.65,1.0317,2491,0.66,1.0476,2,0.655,1.0396,21,0
SPY190802P297,2019-07-31,2019-07-31 09:37:29,0.66,1.0476,14,0.65,1.0317,2581,0.66,1.0476,2,0.655,1.0396,21,0
SPY190802P297,2019-07-31,2019-07-31 09:37:30,0.66,1.0476,6,0.65,1.0317,2473,0.66,1.0476,2,0.655,1.0396,21,0
SPY190802P297,2019-07-31,2019-07-31 09:37:30,0.66,1.0476,14,0.65,1.0317,2473,0.66,1.0476,2,0.655,1.0396,21,0
SPY190802P297,2019-07-31,2019-07-31 09:37:31,0.67,1.0634,579,0.65,1.0317,1976,0.66,1.0476,2,0.66,1.0476,21,0
SPY190802P297,2019-07-31,2019-07-31 09:37:31,0.67,1.0634,631,0.66,1.0476,812,0.66,1.0476,2,0.665,1.0555,21,0
SPY190802P297,2019-07-31,2019-07-31 09:37:32,0.67,1.0634,687,0.66,1.0476,812,0.66,1.0476,2,0.665,1.0555,21,0
SPY190802P297,2019-07-31,2019-07-31 09:37:33,0.67,1.0634,1053,0.66,1.0476,812,0.66,1.0476,2,0.665,1.0555,21,0
SPY190802P297,2019-07-31,2019-07-31 09:37:33,0.67,1.0634,1680,0.66,1.0476,812,0.66,1.0476,2,0.665,1.0555,21,0
SPY190802P297,2019-07-31,2019-07-31 09:37:34,0.67,1.0634,1793,0.66,1.0476,208,0.66,1.0476,2,0.665,1.0555,21,0
SPY190802P297,2019-07-31,2019-07-31 09:37:35,0.67,1.0634,1507,0.66,1.0476,131,0.66,1.0476,2,0.665,1.0555,21,0
SPY190802P297,2019-07-31,2019-07-31 09:37:36,0.66,1.0476,374,0.65,1.0317,874,0.66,1.0476,2,0.655,1.0396,21,0
SPY190802P297,2019-07-31,2019-07-31 09:37:36,0.66,1.0476,374,0.65,1.0317,980,0.66,1.0476,2,0.655,1.0396,21,0
SPY190802P297,2019-07-31,2019-07-31 09:37:37,0.66,1.0476,350,0.65,1.0317,1190,0.66,1.0476,2,0.655,1.0396,21,0
SPY190802P297,2019-07-31,2019-07-31 09:37:38,0.66,1.0476,249,0.65,1.0317,2406,0.66,1.0476,2,0.655,1.0396,21,0
SPY190802P297,2019-07-31,2019-07-31 09:37:39,0.66,1.0476,178,0.65,1.0317,1196,0.66,1.0476,2,0.655,1.0396,21,0
SPY190802P297,2019-07-31,2019-07-31 09:37:40,0.66,1.0476,178,0.65,1.0317,1630,0.66,1.0476,2,0.655,1.0396,21,0
SPY190802P297,2019-07-31,2019-07-31 09:37:40,0.66,1.0476,423,0.65,1.0317,1560,0.66,1.0476,2,0.655,1.0396,21,0
SPY190802P297,2019-07-31,2019-07-31 09:37:41,0.66,1.0476,423,0.65,1.0317,1596,0.66,1.0476,2,0.655,1.0396,21,0
SPY190802P297,2019-07-31,2019-07-31 09:37:42,0.66,1.0476,383,0.65,1.0317,2399,0.66,1.0476,2,0.655,1.0396,21,0
SPY190802P297,2019-07-31,2019-07-31 09:37:42,0.66,1.0476,355,0.65,1.0317,1560,0.66,1.0476,2,0.655,1.0396,21,0
SPY190802P297,2019-07-31,2019-07-31 09:37:43,0.66,1.0476,1521,0.65,1.0317,214,0.66,1.0476,2,0.655,1.0396,21,0
SPY190802P297,2019-07-31,2019-07-31 09:37:44,0.66,1.0476,1521,0.65,1.0317,214,0.66,1.0476,2,0.655,1.0396,21,0
SPY190802P297,2019-07-31,2019-07-31 09:37:45,0.65,1.0317,6,0.64,1.0158,2729,0.66,1.0476,2,0.645,1.0238,21,0
SPY190802P297,2019-07-31,2019-07-31 09:37:46,0.66,1.0476,1649,0.65,1.0317,10,0.66,1.0476,2,0.655,1.0396,21,0
SPY190802P297,2019-07-31,2019-07-31 09:37:46,0.65,1.0317,10,0.65,1.0317,6,0.66,1.0476,2,0.65,1.0317,21,0
SPY190802P297,2019-07-31,2019-07-31 09:37:47,0.66,1.0476,1558,0.65,1.0317,61,0.66,1.0476,2,0.655,1.0396,21,0
SPY190802P297,2019-07-31,2019-07-31 09:37:48,0.66,1.0476,630,0.65,1.0317,197,0.66,1.0476,2,0.655,1.0396,21,0
SPY190802P297,2019-07-31,2019-07-31 09:37:49,0.66,1.0476,630,0.65,1.0317,197,0.66,1.0476,2,0.655,1.0396,21,0
SPY190802P297,2019-07-31,2019-07-31 09:37:50,0.66,1.0476,1614,0.65,1.0317,197,0.66,1.0476,2,0.655,1.0396,21,0
SPY190802P297,2019-07-31,2019-07-31 09:37:50,0.66,1.0476,1358,0.65,1.0317,197,0.66,1.0476,2,0.655,1.0396,21,0
SPY190802P297,2019-07-31,2019-07-31 09:37:51,0.65,1.0317,6,0.65,1.0317,557,0.66,1.0476,2,0.65,1.0317,21,0
SPY190802P297,2019-07-31,2019-07-31 09:37:52,0.65,1.0317,14,0.64,1.0158,2707,0.66,1.0476,2,0.645,1.0238,21,0
SPY190802P297,2019-07-31,2019-07-31 09:37:53,0.66,1.0476,877,0.64,1.0158,3031,0.65,1.0317,2,0.65,1.0317,23,0
SPY190802P297,2019-07-31,2019-07-31 09:37:53,0.65,1.0317,6,0.64,1.0158,2954,0.65,1.0317,2,0.645,1.0238,23,2
SPY190802P297,2019-07-31,2019-07-31 09:37:54,0.66,1.0476,1256,0.65,1.0317,248,0.65,1.0317,2,0.655,1.0396,23,0
SPY190802P297,2019-07-31,2019-07-31 09:37:55,0.66,1.0476,1483,0.65,1.0317,100,0.65,1.0317,2,0.655,1.0396,23,0
SPY190802P297,2019-07-31,2019-07-31 09:37:56,0.66,1.0476,1387,0.65,1.0317,106,0.65,1.0317,2,0.655,1.0396,23,0
SPY190802P297,2019-07-31,2019-07-31 09:37:57,0.66,1.0476,1514,0.65,1.0317,633,0.65,1.0317,2,0.655,1.0396,23,0
SPY190802P297,2019-07-31,2019-07-31 09:37:58,0.66,1.0476,1175,0.65,1.0317,768,0.65,1.0317,2,0.655,1.0396,23,0
SPY190802P297,2019-07-31,2019-07-31 09:37:59,0.66,1.0476,750,0.65,1.0317,768,0.65,1.0317,2,0.655,1.0396,23,0
SPY190802P297,2019-07-31,2019-07-31 09:38:00,0.66,1.0476,1607,0.65,1.0317,592,0.65,1.0317,2,0.655,1.0396,23,0
SPY190802P297,2019-07-31,2019-07-31 09:38:01,0.66,1.0476,633,0.65,1.0317,592,0.65,1.0317,2,0.655,1.0396,23,0
SPY190802P297,2019-07-31,2019-07-31 09:38:02,0.66,1.0476,856,0.65,1.0317,682,0.65,1.0317,2,0.655,1.0396,23,0
SPY190802P297,2019-07-31,2019-07-31 09:38:03,0.66,1.0476,782,0.65,1.0317,712,0.65,1.0317,2,0.655,1.0396,23,0
SPY190802P297,2019-07-31,2019-07-31 09:38:03,0.66,1.0476,1801,0.65,1.0317,712,0.65,1.0317,2,0.655,1.0396,23,0
SPY190802P297,2019-07-31,2019-07-31 09:38:04,0.66,1.0476,1811,0.65,1.0317,592,0.65,1.0317,2,0.655,1.0396,23,0
SPY190802P297,2019-07-31,2019-07-31 09:38:05,0.65,1.0317,279,0.64,1.0158,2376,0.65,1.0317,2,0.645,1.0238,23,0
SPY190802P297,2019-07-31,2019-07-31 09:38:06,0.65,1.0317,279,0.64,1.0158,2402,0.65,1.0317,2,0.645,1.0238,23,0
SPY190802P297,2019-07-31,2019-07-31 09:38:07,0.65,1.0317,279,0.64,1.0158,2402,0.65,1.0317,2,0.645,1.0238,23,0
SPY190802P297,2019-07-31,2019-07-31 09:38:08,0.66,1.0476,1009,0.64,1.0158,2214,0.65,1.0317,2,0.65,1.0317,23,0
SPY190802P297,2019-07-31,2019-07-31 09:38:09,0.66,1.0476,1556,0.64,1.0158,2214,0.65,1.0317,2,0.65,1.0317,23,0
SPY190802P297,2019-07-31,2019-07-31 09:38:10,0.66,1.0476,1556,0.64,1.0158,2214,0.65,1.0317,2,0.65,1.0317,23,0
SPY190802P297,2019-07-31,2019-07-31 09:38:10,0.66,1.0476,1556,0.65,1.0317,745,0.65,1.0317,2,0.655,1.0396,23,0
SPY190802P297,2019-07-31,2019-07-31 09:38:11,0.66,1.0476,991,0.65,1.0317,745,0.65,1.0317,2,0.655,1.0396,23,0
SPY190802P297,2019-07-31,2019-07-31 09:38:11,0.66,1.0476,1351,0.65,1.0317,745,0.65,1.0317,2,0.655,1.0396,23,0
SPY190802P297,2019-07-31,2019-07-31 09:38:12,0.66,1.0476,790,0.65,1.0317,745,0.65,1.0317,2,0.655,1.0396,23,0
SPY190802P297,2019-07-31,2019-07-31 09:38:13,0.66,1.0476,706,0.65,1.0317,598,0.65,1.0317,2,0.655,1.0396,23,0
SPY190802P297,2019-07-31,2019-07-31 09:38:14,0.66,1.0476,694,0.65,1.0317,723,0.65,1.0317,2,0.655,1.0396,23,0
SPY190802P297,2019-07-31,2019-07-31 09:38:14,0.66,1.0476,522,0.65,1.0317,723,0.65,1.0317,2,0.655,1.0396,23,0
SPY190802P297,2019-07-31,2019-07-31 09:38:15,0.66,1.0476,694,0.65,1.0317,723,0.65,1.0317,2,0.655,1.0396,23,0
SPY190802P297,2019-07-31,2019-07-31 09:38:16,0.66,1.0476,694,0.65,1.0317,723,0.65,1.0317,2,0.655,1.0396,23,0
SPY190802P297,2019-07-31,2019-07-31 09:38:17,0.66,1.0476,975,0.65,1.0317,693,0.65,1.0317,2,0.655,1.0396,23,0
SPY190802P297,2019-07-31,2019-07-31 09:38:17,0.66,1.0476,1099,0.65,1.0317,693,0.65,1.0317,2,0.655,1.0396,23,0
SPY190802P297,2019-07-31,2019-07-31 09:38:18,0.66,1.0476,967,0.65,1.0317,693,0.65,1.0317,2,0.655,1.0396,23,0
SPY190802P297,2019-07-31,2019-07-31 09:38:19,0.66,1.0476,965,0.65,1.0317,693,0.65,1.0317,2,0.655,1.0396,23,0
SPY190802P297,2019-07-31,2019-07-31 09:38:20,0.66,1.0476,345,0.65,1.0317,731,0.65,1.0317,2,0.655,1.0396,23,0
SPY190802P297,2019-07-31,2019-07-31 09:38:20,0.66,1.0476,965,0.65,1.0317,693,0.65,1.0317,2,0.655,1.0396,23,0
SPY190802P297,2019-07-31,2019-07-31 09:38:21,0.66,1.0476,323,0.65,1.0317,1325,0.65,1.0317,2,0.655,1.0396,23,0
SPY190802P297,2019-07-31,2019-07-31 09:38:22,0.66,1.0476,323,0.65,1.0317,1275,0.65,1.0317,2,0.655,1.0396,23,0
SPY190802P297,2019-07-31,2019-07-31 09:38:23,0.66,1.0476,581,0.65,1.0317,1302,0.65,1.0317,2,0.655,1.0396,23,0
SPY190802P297,2019-07-31,2019-07-31 09:38:24,0.66,1.0476,581,0.65,1.0317,1285,0.65,1.0317,2,0.655,1.0396,23,0
SPY190802P297,2019-07-31,2019-07-31 09:38:24,0.66,1.0476,581,0.65,1.0317,1202,0.65,1.0317,2,0.655,1.0396,23,0
SPY190802P297,2019-07-31,2019-07-31 09:38:25,0.66,1.0476,630,0.65,1.0317,1418,0.65,1.0317,2,0.655,1.0396,23,0
SPY190802P297,2019-07-31,2019-07-31 09:38:26,0.66,1.0476,630,0.65,1.0317,1451,0.65,1.0317,2,0.655,1.0396,23,0
SPY190802P297,2019-07-31,2019-07-31 09:38:27,0.66,1.0476,630,0.65,1.0317,1451,0.65,1.0317,2,0.655,1.0396,23,0
SPY190802P297,2019-07-31,2019-07-31 09:38:28,0.66,1.0476,630,0.65,1.0317,1451,0.65,1.0317,2,0.655,1.0396,23,0
SPY190802P297,2019-07-31,2019-07-31 09:38:29,0.66,1.0476,246,0.65,1.0317,1451,0.65,1.0317,2,0.655,1.0396,23,0
SPY190802P297,2019-07-31,2019-07-31 09:38:29,0.66,1.0476,278,0.65,1.0317,1501,0.65,1.0317,2,0.655,1.0396,23,0
SPY190802P297,2019-07-31,2019-07-31 09:38:30,0.66,1.0476,246,0.65,1.0317,1501,0.65,1.0317,2,0.655,1.0396,23,0
SPY190802P297,2019-07-31,2019-07-31 09:38:31,0.66,1.0476,370,0.65,1.0317,1501,0.65,1.0317,2,0.655,1.0396,23,0
SPY190802P297,2019-07-31,2019-07-31 09:38:32,0.66,1.0476,278,0.65,1.0317,1501,0.65,1.0317,2,0.655,1.0396,23,0
SPY190802P297,2019-07-31,2019-07-31 09:38:32,0.66,1.0476,115,0.65,1.0317,2411,0.65,1.0317,2,0.655,1.0396,23,0
SPY190802P297,2019-07-31,2019-07-31 09:38:33,0.66,1.0476,127,0.65,1.0317,1942,0.65,1.0317,2,0.655,1.0396,23,0
SPY190802P297,2019-07-31,2019-07-31 09:38:34,0.66,1.0476,153,0.65,1.0317,874,0.65,1.0317,2,0.655,1.0396,23,0
SPY190802P297,2019-07-31,2019-07-31 09:38:34,0.66,1.0476,153,0.65,1.0317,1876,0.65,1.0317,2,0.655,1.0396,23,0
SPY190802P297,2019-07-31,2019-07-31 09:38:35,0.66,1.0476,147,0.65,1.0317,1154,0.65,1.0317,2,0.655,1.0396,23,0
SPY190802P297,2019-07-31,2019-07-31 09:38:36,0.66,1.0476,245,0.65,1.0317,1154,0.65,1.0317,2,0.655,1.0396,23,0
SPY190802P297,2019-07-31,2019-07-31 09:38:36,0.66,1.0476,404,0.65,1.0317,1400,0.65,1.0317,2,0.655,1.0396,23,0
SPY190802P297,2019-07-31,2019-07-31 09:38:37,0.66,1.0476,404,0.65,1.0317,1431,0.65,1.0317,2,0.655,1.0396,23,0
SPY190802P297,2019-07-31,2019-07-31 09:38:38,0.66,1.0476,111,0.65,1.0317,1814,0.65,1.0317,2,0.655,1.0396,23,0
SPY190802P297,2019-07-31,2019-07-31 09:38:38,0.66,1.0476,10,0.65,1.0317,1705,0.65,1.0317,2,0.655,1.0396,23,0
SPY190802P297,2019-07-31,2019-07-31 09:38:39,0.66,1.0476,8,0.65,1.0317,1770,0.65,1.0317,2,0.655,1.0396,23,0
SPY190802P297,2019-07-31,2019-07-31 09:38:40,0.66,1.0476,8,0.65,1.0317,1814,0.65,1.0317,2,0.655,1.0396,23,0
SPY190802P297,2019-07-31,2019-07-31 09:38:41,0.66,1.0476,15,0.65,1.0317,2655,0.65,1.0317,2,0.655,1.0396,23,0
SPY190802P297,2019-07-31,2019-07-31 09:38:42,0.66,1.0476,9,0.65,1.0317,2171,0.65,1.0317,2,0.655,1.0396,23,0
SPY190802P297,2019-07-31,2019-07-31 09:38:43,0.66,1.0476,6,0.65,1.0317,2657,0.65,1.0317,2,0.655,1.0396,23,0
SPY190802P297,2019-07-31,2019-07-31 09:38:44,0.66,1.0476,6,0.65,1.0317,2652,0.65,1.0317,2,0.655,1.0396,23,0
SPY190802P297,2019-07-31,2019-07-31 09:38:45,0.66,1.0476,6,0.65,1.0317,2638,0.65,1.0317,2,0.655,1.0396,23,0
SPY190802P297,2019-07-31,2019-07-31 09:38:45,0.66,1.0476,6,0.65,1.0317,2643,0.65,1.0317,2,0.655,1.0396,23,0
SPY190802P297,2019-07-31,2019-07-31 09:38:46,0.66,1.0476,6,0.65,1.0317,2410,0.65,1.0317,2,0.655,1.0396,23,0
SPY190802P297,2019-07-31,2019-07-31 09:38:47,0.66,1.0476,6,0.66,1.0476,5,0.65,1.0317,2,0.66,1.0476,23,0
SPY190802P297,2019-07-31,2019-07-31 09:38:47,0.67,1.0634,1037,0.66,1.0476,308,0.65,1.0317,2,0.665,1.0555,23,0
SPY190802P297,2019-07-31,2019-07-31 09:38:48,0.67,1.0634,1145,0.66,1.0476,309,0.65,1.0317,2,0.665,1.0555,23,0
SPY190802P297,2019-07-31,2019-07-31 09:38:49,0.67,1.0634,1093,0.66,1.0476,309,0.65,1.0317,2,0.665,1.0555,23,0
SPY190802P297,2019-07-31,2019-07-31 09:38:50,0.67,1.0634,834,0.66,1.0476,309,0.65,1.0317,2,0.665,1.0555,23,0
SPY190802P297,2019-07-31,2019-07-31 09:38:51,0.67,1.0634,687,0.66,1.0476,309,0.65,1.0317,2,0.665,1.0555,23,0
SPY190802P297,2019-07-31,2019-07-31 09:38:51,0.67,1.0634,687,0.66,1.0476,396,0.65,1.0317,2,0.665,1.0555,23,0
SPY190802P297,2019-07-31,2019-07-31 09:38:52,0.67,1.0634,470,0.66,1.0476,946,0.65,1.0317,2,0.665,1.0555,23,0
SPY190802P297,2019-07-31,2019-07-31 09:38:53,0.67,1.0634,6,0.66,1.0476,697,0.65,1.0317,2,0.665,1.0555,23,0
SPY190802P297,2019-07-31,2019-07-31 09:38:53,0.67,1.0634,10,0.66,1.0476,2277,0.65,1.0317,2,0.665,1.0555,23,0
SPY190802P297,2019-07-31,2019-07-31 09:38:54,0.67,1.0634,10,0.66,1.0476,2024,0.65,1.0317,2,0.665,1.0555,23,0
SPY190802P297,2019-07-31,2019-07-31 09:38:55,0.67,1.0634,10,0.66,1.0476,2545,0.65,1.0317,2,0.665,1.0555,23,0
SPY190802P297,2019-07-31,2019-07-31 09:38:56,0.67,1.0634,10,0.66,1.0476,2545,0.65,1.0317,2,0.665,1.0555,23,0
SPY190802P297,2019-07-31,2019-07-31 09:38:57,0.67,1.0634,10,0.66,1.0476,2545,0.65,1.0317,2,0.665,1.0555,23,0
SPY190802P297,2019-07-31,2019-07-31 09:38:57,0.68,1.0793,311,0.67,1.0634,1243,0.67,1.0634,1,0.675,1.0714,24,1
SPY190802P297,2019-07-31,2019-07-31 09:38:58,0.68,1.0793,254,0.67,1.0634,2365,0.67,1.0634,1,0.675,1.0714,24,0
SPY190802P297,2019-07-31,2019-07-31 09:38:59,0.68,1.0793,134,0.67,1.0634,2365,0.67,1.0634,1,0.675,1.0714,24,0
SPY190802P297,2019-07-31,2019-07-31 09:39:00,0.68,1.0793,91,0.67,1.0634,2365,0.67,1.0634,1,0.675,1.0714,24,0
SPY190802P297,2019-07-31,2019-07-31 09:39:01,0.68,1.0793,7,0.67,1.0634,1587,0.67,1.0634,1,0.675,1.0714,24,0
SPY190802P297,2019-07-31,2019-07-31 09:39:02,0.68,1.0793,10,0.67,1.0634,2378,0.67,1.0634,1,0.675,1.0714,24,0
SPY190802P297,2019-07-31,2019-07-31 09:39:03,0.68,1.0793,10,0.67,1.0634,2378,0.67,1.0634,1,0.675,1.0714,24,0
SPY190802P297,2019-07-31,2019-07-31 09:39:04,0.68,1.0793,7,0.67,1.0634,2378,0.67,1.0634,1,0.675,1.0714,24,0
SPY190802P297,2019-07-31,2019-07-31 09:39:05,0.68,1.0793,48,0.67,1.0634,2378,0.67,1.0634,1,0.675,1.0714,24,0
SPY190802P297,2019-07-31,2019-07-31 09:39:06,0.68,1.0793,245,0.67,1.0634,1598,0.67,1.0634,1,0.675,1.0714,24,0
SPY190802P297,2019-07-31,2019-07-31 09:39:06,0.68,1.0793,245,0.67,1.0634,2032,0.67,1.0634,1,0.675,1.0714,24,0
SPY190802P297,2019-07-31,2019-07-31 09:39:07,0.68,1.0793,51,0.67,1.0634,1598,0.67,1.0634,1,0.675,1.0714,24,0
SPY190802P297,2019-07-31,2019-07-31 09:39:08,0.68,1.0793,7,0.67,1.0634,1598,0.67,1.0634,1,0.675,1.0714,24,0
SPY190802P297,2019-07-31,2019-07-31 09:39:09,0.68,1.0793,188,0.67,1.0634,2470,0.67,1.0634,1,0.675,1.0714,24,0
SPY190802P297,2019-07-31,2019-07-31 09:39:09,0.68,1.0793,23,0.67,1.0634,1598,0.67,1.0634,1,0.675,1.0714,24,0
SPY190802P297,2019-07-31,2019-07-31 09:39:10,0.68,1.0793,557,0.67,1.0634,2468,0.67,1.0634,1,0.675,1.0714,24,0
SPY190802P297,2019-07-31,2019-07-31 09:39:11,0.68,1.0793,1010,0.67,1.0634,2468,0.67,1.0634,1,0.675,1.0714,24,0
SPY190802P297,2019-07-31,2019-07-31 09:39:12,0.68,1.0793,803,0.67,1.0634,2468,0.67,1.0634,1,0.675,1.0714,24,0
SPY190802P297,2019-07-31,2019-07-31 09:39:13,0.68,1.0793,917,0.67,1.0634,2478,0.67,1.0634,1,0.675,1.0714,24,0
SPY190802P297,2019-07-31,2019-07-31 09:39:14,0.68,1.0793,803,0.67,1.0634,2478,0.67,1.0634,1,0.675,1.0714,24,0
SPY190802P297,2019-07-31,2019-07-31 09:39:15,0.68,1.0793,904,0.67,1.0634,50,0.67,1.0634,1,0.675,1.0714,24,0
SPY190802P297,2019-07-31,2019-07-31 09:39:15,0.68,1.0793,502,0.67,1.0634,273,0.67,1.0634,1,0.675,1.0714,24,0
SPY190802P297,2019-07-31,2019-07-31 09:39:16,0.67,1.0634,6,0.66,1.0476,1894,0.67,1.0634,1,0.665,1.0555,24,0
SPY190802P297,2019-07-31,2019-07-31 09:39:17,0.67,1.0634,13,0.66,1.0476,1537,0.67,1.0634,1,0.665,1.0555,24,0
SPY190802P297,2019-07-31,2019-07-31 09:39:17,0.67,1.0634,30,0.66,1.0476,1717,0.67,1.0634,1,0.665,1.0555,24,0
SPY190802P297,2019-07-31,2019-07-31 09:39:18,0.67,1.0634,161,0.66,1.0476,1253,0.67,1.0634,1,0.665,1.0555,24,0
SPY190802P297,2019-07-31,2019-07-31 09:39:19,0.67,1.0634,92,0.66,1.0476,1552,0.67,1.0634,1,0.665,1.0555,24,0
SPY190802P297,2019-07-31,2019-07-31 09:39:20,0.67,1.0634,26,0.66,1.0476,1651,0.67,1.0634,1,0.665,1.0555,24,0
SPY190802P297,2019-07-31,2019-07-31 09:39:21,0.67,1.0634,98,0.66,1.0476,1089,0.67,1.0634,1,0.665,1.0555,24,0
SPY190802P297,2019-07-31,2019-07-31 09:39:21,0.67,1.0634,188,0.66,1.0476,1633,0.67,1.0634,1,0.665,1.0555,24,0
SPY190802P297,2019-07-31,2019-07-31 09:39:22,0.67,1.0634,98,0.66,1.0476,2219,0.67,1.0634,1,0.665,1.0555,24,0
SPY190802P297,2019-07-31,2019-07-31 09:39:23,0.68,1.0793,1203,0.67,1.0634,404,0.67,1.0634,1,0.675,1.0714,24,0
SPY190802P297,2019-07-31,2019-07-31 09:39:23,0.68,1.0793,1150,0.66,1.0476,2536,0.67,1.0634,1,0.67,1.0634,24,0
SPY190802P297,2019-07-31,2019-07-31 09:39:24,0.68,1.0793,660,0.67,1.0634,404,0.67,1.0634,1,0.675,1.0714,24,0
SPY190802P297,2019-07-31,2019-07-31 09:39:25,0.68,1.0793,389,0.67,1.0634,1346,0.67,1.0634,1,0.675,1.0714,24,0
SPY190802P297,2019-07-31,2019-07-31 09:39:25,0.68,1.0793,660,0.67,1.0634,1365,0.67,1.0634,1,0.675,1.0714,24,0
SPY190802P297,2019-07-31,2019-07-31 09:39:26,0.68,1.0793,76,0.67,1.0634,1346,0.67,1.0634,1,0.675,1.0714,24,0
SPY190802P297,2019-07-31,2019-07-31 09:39:27,0.68,1.0793,76,0.67,1.0634,1552,0.67,1.0634,1,0.675,1.0714,24,0
SPY190802P297,2019-07-31,2019-07-31 09:39:27,0.68,1.0793,128,0.67,1.0634,2005,0.67,1.0634,1,0.675,1.0714,24,0
SPY190802P297,2019-07-31,2019-07-31 09:39:28,0.68,1.0793,66,0.67,1.0634,1700,0.67,1.0634,1,0.675,1.0714,24,0
SPY190802P297,2019-07-31,2019-07-31 09:39:29,0.68,1.0793,118,0.67,1.0634,1700,0.67,1.0634,1,0.675,1.0714,24,0
SPY190802P297,2019-07-31,2019-07-31 09:39:30,0.68,1.0793,85,0.67,1.0634,2113,0.67,1.0634,1,0.675,1.0714,24,0
SPY190802P297,2019-07-31,2019-07-31 09:39:31,0.68,1.0793,545,0.67,1.0634,2065,0.67,1.0634,1,0.675,1.0714,24,0
SPY190802P297,2019-07-31,2019-07-31 09:39:32,0.68,1.0793,570,0.67,1.0634,1925,0.67,1.0634,1,0.675,1.0714,24,0
SPY190802P297,2019-07-31,2019-07-31 09:39:33,0.68,1.0793,543,0.67,1.0634,1096,0.67,1.0634,1,0.675,1.0714,24,0
SPY190802P297,2019-07-31,2019-07-31 09:39:33,0.68,1.0793,729,0.67,1.0634,308,0.67,1.0634,1,0.675,1.0714,24,0
SPY190802P297,2019-07-31,2019-07-31 09:39:34,0.68,1.0793,743,0.67,1.0634,308,0.67,1.0634,1,0.675,1.0714,24,0
SPY190802P297,2019-07-31,2019-07-31 09:39:35,0.68,1.0793,743,0.67,1.0634,308,0.67,1.0634,1,0.675,1.0714,24,0
SPY190802P297,2019-07-31,2019-07-31 09:39:35,0.68,1.0793,801,0.67,1.0634,308,0.67,1.0634,1,0.675,1.0714,24,0
SPY190802P297,2019-07-31,2019-07-31 09:39:36,0.68,1.0793,631,0.67,1.0634,308,0.67,1.0634,1,0.675,1.0714,24,0
SPY190802P297,2019-07-31,2019-07-31 09:39:37,0.68,1.0793,631,0.67,1.0634,308,0.67,1.0634,1,0.675,1.0714,24,0
SPY190802P297,2019-07-31,2019-07-31 09:39:37,0.68,1.0793,626,0.67,1.0634,1233,0.67,1.0634,1,0.675,1.0714,24,0
SPY190802P297,2019-07-31,2019-07-31 09:39:38,0.68,1.0793,897,0.67,1.0634,1907,0.67,1.0634,1,0.675,1.0714,24,0
SPY190802P297,2019-07-31,2019-07-31 09:39:38,0.68,1.0793,281,0.67,1.0634,1912,0.67,1.0634,1,0.675,1.0714,24,0
SPY190802P297,2019-07-31,2019-07-31 09:39:39,0.68,1.0793,897,0.67,1.0634,1955,0.67,1.0634,1,0.675,1.0714,24,0
SPY190802P297,2019-07-31,2019-07-31 09:39:40,0.68,1.0793,897,0.67,1.0634,1955,0.67,1.0634,1,0.675,1.0714,24,0
SPY190802P297,2019-07-31,2019-07-31 09:39:41,0.68,1.0793,588,0.67,1.0634,2026,0.67,1.0634,1,0.675,1.0714,24,0
SPY190802P297,2019-07-31,2019-07-31 09:39:42,0.68,1.0793,588,0.67,1.0634,2026,0.67,1.0634,1,0.675,1.0714,24,0
SPY190802P297,2019-07-31,2019-07-31 09:39:43,0.68,1.0793,872,0.67,1.0634,1938,0.67,1.0634,1,0.675,1.0714,24,0
SPY190802P297,2019-07-31,2019-07-31 09:39:43,0.68,1.0793,602,0.67,1.0634,2354,0.67,1.0634,1,0.675,1.0714,24,0
SPY190802P297,2019-07-31,2019-07-31 09:39:44,0.68,1.0793,872,0.67,1.0634,1938,0.67,1.0634,1,0.675,1.0714,24,0
SPY190802P297,2019-07-31,2019-07-31 09:39:45,0.68,1.0793,597,0.67,1.0634,2536,0.67,1.0634,1,0.675,1.0714,24,0
SPY190802P297,2019-07-31,2019-07-31 09:39:45,0.68,1.0793,872,0.67,1.0634,1938,0.67,1.0634,1,0.675,1.0714,24,0
SPY190802P297,2019-07-31,2019-07-31 09:39:46,0.68,1.0793,648,0.67,1.0634,1873,0.67,1.0634,1,0.675,1.0714,24,0
SPY190802P297,2019-07-31,2019-07-31 09:39:47,0.68,1.0793,1134,0.67,1.0634,1873,0.67,1.0634,1,0.675,1.0714,24,0
SPY190802P297,2019-07-31,2019-07-31 09:39:48,0.68,1.0793,181,0.67,1.0634,1925,0.67,1.0634,1,0.675,1.0714,24,0
SPY190802P297,2019-07-31,2019-07-31 09:39:49,0.68,1.0793,191,0.67,1.0634,1925,0.67,1.0634,1,0.675,1.0714,24,0
SPY190802P297,2019-07-31,2019-07-31 09:39:49,0.68,1.0793,220,0.67,1.0634,798,0.67,1.0634,1,0.675,1.0714,24,0
SPY190802P297,2019-07-31,2019-07-31 09:39:50,0.68,1.0793,277,0.67,1.0634,1863,0.67,1.0634,1,0.675,1.0714,24,0
SPY190802P297,2019-07-31,2019-07-31 09:39:51,0.68,1.0793,404,0.67,1.0634,1197,0.67,1.0634,1,0.675,1.0714,24,0
SPY190802P297,2019-07-31,2019-07-31 09:39:52,0.68,1.0793,287,0.67,1.0634,980,0.67,1.0634,1,0.675,1.0714,24,0
SPY190802P297,2019-07-31,2019-07-31 09:39:52,0.68,1.0793,444,0.67,1.0634,1118,0.67,1.0634,1,0.675,1.0714,24,0
SPY190802P297,2019-07-31,2019-07-31 09:39:53,0.68,1.0793,240,0.67,1.0634,1118,0.67,1.0634,1,0.675,1.0714,24,0
SPY190802P297,2019-07-31,2019-07-31 09:39:54,0.68,1.0793,240,0.67,1.0634,1118,0.67,1.0634,1,0.675,1.0714,24,0
SPY190802P297,2019-07-31,2019-07-31 09:39:55,0.68,1.0793,240,0.67,1.0634,1400,0.67,1.0634,1,0.675,1.0714,24,0
SPY190802P297,2019-07-31,2019-07-31 09:39:55,0.68,1.0793,163,0.67,1.0634,392,0.67,1.0634,1,0.675,1.0714,24,0
SPY190802P297,2019-07-31,2019-07-31 09:39:56,0.68,1.0793,159,0.67,1.0634,1341,0.67,1.0634,1,0.675,1.0714,24,0
SPY190802P297,2019-07-31,2019-07-31 09:39:56,0.68,1.0793,91,0.67,1.0634,140,0.67,1.0634,1,0.675,1.0714,24,0
SPY190802P297,2019-07-31,2019-07-31 09:39:57,0.68,1.0793,1020,0.67,1.0634,313,0.67,1.0634,1,0.675,1.0714,24,0
SPY190802P297,2019-07-31,2019-07-31 09:39:58,0.68,1.0793,1020,0.67,1.0634,107,0.67,1.0634,1,0.675,1.0714,24,0
SPY190802P297,2019-07-31,2019-07-31 09:39:59,0.68,1.0793,96,0.67,1.0634,512,0.67,1.0634,1,0.675,1.0714,24,0
SPY190802P297,2019-07-31,2019-07-31 09:39:59,0.68,1.0793,773,0.67,1.0634,221,0.67,1.0634,1,0.675,1.0714,24,0
SPY190802P297,2019-07-31,2019-07-31 09:40:00,0.68,1.0793,1165,0.67,1.0634,221,0.67,1.0634,1,0.675,1.0714,24,0
SPY190802P297,2019-07-31,2019-07-31 09:40:01,0.68,1.0793,1165,0.67,1.0634,701,0.67,1.0634,1,0.675,1.0714,24,0
SPY190802P297,2019-07-31,2019-07-31 09:40:01,0.68,1.0793,1255,0.67,1.0634,821,0.67,1.0634,1,0.675,1.0714,24,0
SPY190802P297,2019-07-31,2019-07-31 09:40:02,0.68,1.0793,964,0.67,1.0634,791,0.67,1.0634,1,0.675,1.0714,24,0
SPY190802P297,2019-07-31,2019-07-31 09:40:03,0.68,1.0793,1285,0.67,1.0634,791,0.67,1.0634,1,0.675,1.0714,24,0
SPY190802P297,2019-07-31,2019-07-31 09:40:04,0.68,1.0793,1188,0.67,1.0634,194,0.67,1.0634,1,0.675,1.0714,24,0
SPY190802P297,2019-07-31,2019-07-31 09:40:05,0.68,1.0793,1533,0.67,1.0634,24,0.67,1.0634,1,0.675,1.0714,24,0
SPY190802P297,2019-07-31,2019-07-31 09:40:06,0.68,1.0793,1216,0.67,1.0634,215,0.67,1.0634,1,0.675,1.0714,24,0
SPY190802P297,2019-07-31,2019-07-31 09:40:06,0.68,1.0793,1483,0.67,1.0634,215,0.67,1.0634,1,0.675,1.0714,24,0
SPY190802P297,2019-07-31,2019-07-31 09:40:07,0.68,1.0793,1216,0.67,1.0634,215,0.67,1.0634,1,0.675,1.0714,24,0
SPY190802P297,2019-07-31,2019-07-31 09:40:08,0.68,1.0793,2128,0.67,1.0634,215,0.67,1.0634,1,0.675,1.0714,24,0
SPY190802P297,2019-07-31,2019-07-31 09:40:08,0.68,1.0793,2225,0.67,1.0634,681,0.67,1.0634,1,0.675,1.0714,24,0
SPY190802P297,2019-07-31,2019-07-31 09:40:09,0.68,1.0793,2225,0.66,1.0476,480,0.67,1.0634,1,0.67,1.0634,24,0
SPY190802P297,2019-07-31,2019-07-31 09:40:10,0.68,1.0793,2051,0.67,1.0634,480,0.67,1.0634,1,0.675,1.0714,24,0
SPY190802P297,2019-07-31,2019-07-31 09:40:11,0.67,1.0634,58,0.67,1.0634,480,0.67,1.0634,1,0.67,1.0634,24,0
SPY190802P297,2019-07-31,2019-07-31 09:40:11,0.68,1.0793,2446,0.67,1.0634,480,0.67,1.0634,1,0.675,1.0714,24,0
SPY190802P297,2019-07-31,2019-07-31 09:40:12,0.67,1.0634,6,0.66,1.0476,1943,0.67,1.0634,1,0.665,1.0555,24,0
SPY190802P297,2019-07-31,2019-07-31 09:40:12,0.68,1.0793,1485,0.66,1.0476,1334,0.67,1.0634,1,0.67,1.0634,24,0
SPY190802P297,2019-07-31,2019-07-31 09:40:13,0.67,1.0634,6,0.66,1.0476,1943,0.67,1.0634,1,0.665,1.0555,24,0
SPY190802P297,2019-07-31,2019-07-31 09:40:14,0.67,1.0634,10,0.66,1.0476,1789,0.67,1.0634,1,0.665,1.0555,24,0
SPY190802P297,2019-07-31,2019-07-31 09:40:14,0.67,1.0634,15,0.66,1.0476,2768,0.67,1.0634,1,0.665,1.0555,24,0
SPY190802P297,2019-07-31,2019-07-31 09:40:15,0.67,1.0634,86,0.66,1.0476,1752,0.67,1.0634,1,0.665,1.0555,24,0
SPY190802P297,2019-07-31,2019-07-31 09:40:16,0.67,1.0634,189,0.66,1.0476,2422,0.67,1.0634,1,0.665,1.0555,24,0
SPY190802P297,2019-07-31,2019-07-31 09:40:17,0.67,1.0634,199,0.66,1.0476,2450,0.67,1.0634,1,0.665,1.0555,24,0
SPY190802P297,2019-07-31,2019-07-31 09:40:17,0.67,1.0634,199,0.66,1.0476,2418,0.67,1.0634,1,0.665,1.0555,24,0
SPY190802P297,2019-07-31,2019-07-31 09:40:18,0.67,1.0634,6,0.66,1.0476,2308,0.67,1.0634,1,0.665,1.0555,24,0
SPY190802P297,2019-07-31,2019-07-31 09:40:18,0.67,1.0634,199,0.66,1.0476,2418,0.67,1.0634,1,0.665,1.0555,24,0
SPY190802P297,2019-07-31,2019-07-31 09:40:19,0.68,1.0793,2147,0.67,1.0634,5,0.67,1.0634,1,0.675,1.0714,24,0
SPY190802P297,2019-07-31,2019-07-31 09:40:20,0.68,1.0793,2147,0.67,1.0634,5,0.67,1.0634,1,0.675,1.0714,24,0
SPY190802P297,2019-07-31,2019-07-31 09:40:20,0.68,1.0793,2447,0.67,1.0634,178,0.67,1.0634,1,0.675,1.0714,24,0
SPY190802P297,2019-07-31,2019-07-31 09:40:21,0.68,1.0793,2295,0.67,1.0634,178,0.67,1.0634,1,0.675,1.0714,24,0
SPY190802P297,2019-07-31,2019-07-31 09:40:22,0.68,1.0793,2203,0.67,1.0634,113,0.67,1.0634,1,0.675,1.0714,24,0
SPY190802P297,2019-07-31,2019-07-31 09:40:22,0.68,1.0793,268,0.67,1.0634,884,0.67,1.0634,1,0.675,1.0714,24,0
SPY190802P297,2019-07-31,2019-07-31 09:40:23,0.68,1.0793,972,0.67,1.0634,782,0.67,1.0634,1,0.675,1.0714,24,0
SPY190802P297,2019-07-31,2019-07-31 09:40:24,0.68,1.0793,1037,0.67,1.0634,782,0.67,1.0634,1,0.675,1.0714,24,0
SPY190802P297,2019-07-31,2019-07-31 09:40:25,0.68,1.0793,208,0.67,1.0634,782,0.67,1.0634,1,0.675,1.0714,24,0
SPY190802P297,2019-07-31,2019-07-31 09:40:26,0.68,1.0793,1601,0.67,1.0634,703,0.67,1.0634,1,0.675,1.0714,24,0
SPY190802P297,2019-07-31,2019-07-31 09:40:26,0.68,1.0793,744,0.67,1.0634,703,0.67,1.0634,1,0.675,1.0714,24,0
SPY190802P297,2019-07-31,2019-07-31 09:40:27,0.68,1.0793,1601,0.67,1.0634,557,0.67,1.0634,1,0.675,1.0714,24,0
SPY190802P297,2019-07-31,2019-07-31 09:40:28,0.68,1.0793,1725,0.67,1.0634,223,0.67,1.0634,1,0.675,1.0714,24,0
SPY190802P297,2019-07-31,2019-07-31 09:40:29,0.68,1.0793,1676,0.67,1.0634,223,0.67,1.0634,1,0.675,1.0714,24,0
SPY190802P297,2019-07-31,2019-07-31 09:40:30,0.68,1.0793,1894,0.67,1.0634,223,0.67,1.0634,1,0.675,1.0714,24,0
SPY190802P297,2019-07-31,2019-07-31 09:40:30,0.68,1.0793,1405,0.67,1.0634,223,0.67,1.0634,1,0.675,1.0714,24,0
SPY190802P297,2019-07-31,2019-07-31 09:40:31,0.68,1.0793,1884,0.67,1.0634,223,0.67,1.0634,1,0.675,1.0714,24,0
SPY190802P297,2019-07-31,2019-07-31 09:40:32,0.67,1.0634,9,0.66,1.0476,1808,0.67,1.0634,1,0.665,1.0555,24,0
SPY190802P297,2019-07-31,2019-07-31 09:40:32,0.67,1.0634,86,0.66,1.0476,1808,0.67,1.0634,1,0.665,1.0555,24,0
SPY190802P297,2019-07-31,2019-07-31 09:40:33,0.67,1.0634,86,0.66,1.0476,2406,0.67,1.0634,1,0.665,1.0555,24,0
SPY190802P297,2019-07-31,2019-07-31 09:40:34,0.67,1.0634,86,0.66,1.0476,2406,0.67,1.0634,1,0.665,1.0555,24,0
SPY190802P297,2019-07-31,2019-07-31 09:40:35,0.67,1.0634,86,0.66,1.0476,2427,0.67,1.0634,1,0.665,1.0555,24,0
SPY190802P297,2019-07-31,2019-07-31 09:40:35,0.67,1.0634,125,0.66,1.0476,2406,0.67,1.0634,1,0.665,1.0555,24,0
SPY190802P297,2019-07-31,2019-07-31 09:40:36,0.67,1.0634,86,0.66,1.0476,2427,0.67,1.0634,1,0.665,1.0555,24,0
SPY190802P297,2019-07-31,2019-07-31 09:40:37,0.67,1.0634,109,0.66,1.0476,2427,0.67,1.0634,1,0.665,1.0555,24,0
SPY190802P297,2019-07-31,2019-07-31 09:40:37,0.67,1.0634,86,0.66,1.0476,2427,0.67,1.0634,1,0.665,1.0555,24,0
SPY190802P297,2019-07-31,2019-07-31 09:40:38,0.67,1.0634,109,0.66,1.0476,1090,0.67,1.0634,1,0.665,1.0555,24,0
SPY190802P297,2019-07-31,2019-07-31 09:40:38,0.67,1.0634,254,0.66,1.0476,2202,0.67,1.0634,1,0.665,1.0555,24,0
SPY190802P297,2019-07-31,2019-07-31 09:40:39,0.67,1.0634,111,0.66,1.0476,1535,0.67,1.0634,1,0.665,1.0555,24,0
SPY190802P297,2019-07-31,2019-07-31 09:40:40,0.67,1.0634,111,0.66,1.0476,1535,0.67,1.0634,1,0.665,1.0555,24,0
SPY190802P297,2019-07-31,2019-07-31 09:40:41,0.67,1.0634,146,0.66,1.0476,2141,0.67,1.0634,1,0.665,1.0555,24,0
SPY190802P297,2019-07-31,2019-07-31 09:40:41,0.67,1.0634,103,0.66,1.0476,2173,0.67,1.0634,1,0.665,1.0555,24,0
SPY190802P297,2019-07-31,2019-07-31 09:40:42,0.67,1.0634,146,0.66,1.0476,2208,0.67,1.0634,1,0.665,1.0555,24,0
SPY190802P297,2019-07-31,2019-07-31 09:40:43,0.67,1.0634,103,0.66,1.0476,1535,0.67,1.0634,1,0.665,1.0555,24,0
SPY190802P297,2019-07-31,2019-07-31 09:40:44,0.68,1.0793,894,0.66,1.0476,1242,0.67,1.0634,1,0.67,1.0634,24,0
SPY190802P297,2019-07-31,2019-07-31 09:40:45,0.68,1.0793,1707,0.67,1.0634,5,0.67,1.0634,1,0.675,1.0714,24,0
SPY190802P297,2019-07-31,2019-07-31 09:40:45,0.68,1.0793,1786,0.67,1.0634,5,0.67,1.0634,1,0.675,1.0714,24,0
SPY190802P297,2019-07-31,2019-07-31 09:40:46,0.68,1.0793,1229,0.67,1.0634,5,0.67,1.0634,1,0.675,1.0714,24,0
SPY190802P297,2019-07-31,2019-07-31 09:40:47,0.68,1.0793,1391,0.67,1.0634,5,0.67,1.0634,1,0.675,1.0714,24,0
SPY190802P297,2019-07-31,2019-07-31 09:40:47,0.68,1.0793,1229,0.67,1.0634,5,0.67,1.0634,1,0.675,1.0714,24,0
SPY190802P297,2019-07-31,2019-07-31 09:40:48,0.68,1.0793,1229,0.67,1.0634,5,0.67,1.0634,1,0.675,1.0714,24,0
SPY190802P297,2019-07-31,2019-07-31 09:40:48,0.68,1.0793,1344,0.67,1.0634,302,0.67,1.0634,1,0.675,1.0714,24,0
SPY190802P297,2019-07-31,2019-07-31 09:40:49,0.68,1.0793,1323,0.67,1.0634,302,0.67,1.0634,1,0.675,1.0714,24,0
SPY190802P297,2019-07-31,2019-07-31 09:40:50,0.68,1.0793,1905,0.67,1.0634,302,0.67,1.0634,1,0.675,1.0714,24,0
SPY190802P297,2019-07-31,2019-07-31 09:40:51,0.68,1.0793,1155,0.67,1.0634,302,0.67,1.0634,1,0.675,1.0714,24,0
SPY190802P297,2019-07-31,2019-07-31 09:40:52,0.68,1.0793,901,0.67,1.0634,302,0.67,1.0634,1,0.675,1.0714,24,0
SPY190802P297,2019-07-31,2019-07-31 09:40:52,0.68,1.0793,1767,0.67,1.0634,302,0.67,1.0634,1,0.675,1.0714,24,0
