symbol,Date,quote_time,ask_price,norm_ask_price,ask_size,bid_price,norm_bid_price,bid_size,last_trade_price,norm_last_trade_price,last_trade_size,mark_price,norm_mark_price,volume,Volume
SPY190812C294,2019-08-09,2019-08-09 09:30:00,5.0,1.0,1,0.81,0.162,66,0.83,0.166,6,2.905,0.581,13,13
SPY190812C294,2019-08-09,2019-08-09 09:30:00,0.84,0.168,1,0.77,0.154,283,0.83,0.166,6,0.805,0.161,13,0
SPY190812C294,2019-08-09,2019-08-09 09:30:01,0.85,0.17,246,0.79,0.158,102,0.84,0.168,6,0.82,0.164,19,6
SPY190812C294,2019-08-09,2019-08-09 09:30:01,0.85,0.17,246,0.78,0.156,246,0.83,0.166,6,0.815,0.163,13,0
SPY190812C294,2019-08-09,2019-08-09 09:30:02,0.83,0.166,458,0.79,0.158,60,0.84,0.168,6,0.81,0.162,19,0
SPY190812C294,2019-08-09,2019-08-09 09:30:02,0.83,0.166,5,0.79,0.158,100,0.84,0.168,6,0.81,0.162,19,0
SPY190812C294,2019-08-09,2019-08-09 09:30:03,0.84,0.168,306,0.79,0.158,44,0.81,0.162,2,0.815,0.163,21,0
SPY190812C294,2019-08-09,2019-08-09 09:30:03,0.84,0.168,306,0.79,0.158,100,0.81,0.162,2,0.815,0.163,21,2
SPY190812C294,2019-08-09,2019-08-09 09:30:04,0.85,0.17,309,0.79,0.158,44,0.81,0.162,2,0.82,0.164,21,0
SPY190812C294,2019-08-09,2019-08-09 09:30:05,0.85,0.17,309,0.8,0.16,72,0.82,0.164,1,0.825,0.165,22,1
SPY190812C294,2019-08-09,2019-08-09 09:30:05,0.85,0.17,309,0.79,0.158,44,0.81,0.162,2,0.82,0.164,21,0
SPY190812C294,2019-08-09,2019-08-09 09:30:06,0.85,0.17,371,0.8,0.16,72,0.82,0.164,1,0.825,0.165,22,0
SPY190812C294,2019-08-09,2019-08-09 09:30:07,0.83,0.166,5,0.8,0.16,72,0.82,0.164,1,0.815,0.163,22,0
SPY190812C294,2019-08-09,2019-08-09 09:30:08,0.83,0.166,5,0.8,0.16,72,0.82,0.164,1,0.815,0.163,22,0
SPY190812C294,2019-08-09,2019-08-09 09:30:09,0.85,0.17,293,0.8,0.16,72,0.82,0.164,1,0.825,0.165,22,0
SPY190812C294,2019-08-09,2019-08-09 09:30:10,0.85,0.17,293,0.8,0.16,72,0.82,0.164,1,0.825,0.165,22,0
SPY190812C294,2019-08-09,2019-08-09 09:30:11,0.85,0.17,293,0.8,0.16,72,0.82,0.164,1,0.825,0.165,22,0
SPY190812C294,2019-08-09,2019-08-09 09:30:11,0.85,0.17,293,0.8,0.16,72,0.79,0.158,6,0.825,0.165,28,6
SPY190812C294,2019-08-09,2019-08-09 09:30:12,0.85,0.17,293,0.8,0.16,72,0.79,0.158,6,0.825,0.165,28,0
SPY190812C294,2019-08-09,2019-08-09 09:30:13,0.85,0.17,339,0.81,0.162,72,0.79,0.158,6,0.83,0.166,28,0
SPY190812C294,2019-08-09,2019-08-09 09:30:13,0.85,0.17,293,0.81,0.162,72,0.79,0.158,6,0.83,0.166,28,0
SPY190812C294,2019-08-09,2019-08-09 09:30:14,0.85,0.17,339,0.81,0.162,70,0.79,0.158,6,0.83,0.166,28,0
SPY190812C294,2019-08-09,2019-08-09 09:30:14,0.85,0.17,339,0.81,0.162,72,0.79,0.158,6,0.83,0.166,28,0
SPY190812C294,2019-08-09,2019-08-09 09:30:15,0.84,0.168,396,0.81,0.162,70,0.79,0.158,6,0.825,0.165,28,0
SPY190812C294,2019-08-09,2019-08-09 09:30:15,0.83,0.166,246,0.81,0.162,70,0.79,0.158,6,0.82,0.164,28,0
SPY190812C294,2019-08-09,2019-08-09 09:30:16,0.83,0.166,246,0.81,0.162,70,0.79,0.158,6,0.82,0.164,28,0
SPY190812C294,2019-08-09,2019-08-09 09:30:17,0.83,0.166,246,0.81,0.162,70,0.79,0.158,6,0.82,0.164,28,0
SPY190812C294,2019-08-09,2019-08-09 09:30:18,0.83,0.166,246,0.81,0.162,70,0.79,0.158,6,0.82,0.164,28,0
SPY190812C294,2019-08-09,2019-08-09 09:30:19,0.83,0.166,246,0.81,0.162,70,0.79,0.158,6,0.82,0.164,28,0
SPY190812C294,2019-08-09,2019-08-09 09:30:19,0.83,0.166,305,0.81,0.162,1,0.79,0.158,6,0.82,0.164,28,0
SPY190812C294,2019-08-09,2019-08-09 09:30:20,0.83,0.166,425,0.8,0.16,241,0.79,0.158,6,0.815,0.163,28,0
SPY190812C294,2019-08-09,2019-08-09 09:30:20,0.83,0.166,424,0.81,0.162,60,0.79,0.158,6,0.82,0.164,28,0
SPY190812C294,2019-08-09,2019-08-09 09:30:21,0.81,0.162,5,0.79,0.158,60,0.79,0.158,6,0.8,0.16,28,0
SPY190812C294,2019-08-09,2019-08-09 09:30:21,0.81,0.162,371,0.79,0.158,200,0.79,0.158,6,0.8,0.16,28,0
SPY190812C294,2019-08-09,2019-08-09 09:30:22,0.81,0.162,4,0.79,0.158,64,0.79,0.158,6,0.8,0.16,28,0
SPY190812C294,2019-08-09,2019-08-09 09:30:22,0.8,0.16,100,0.79,0.158,200,0.79,0.158,6,0.795,0.159,28,0
SPY190812C294,2019-08-09,2019-08-09 09:30:23,0.82,0.164,54,0.8,0.16,382,0.79,0.158,6,0.81,0.162,28,0
SPY190812C294,2019-08-09,2019-08-09 09:30:23,0.82,0.164,9,0.8,0.16,157,0.79,0.158,6,0.81,0.162,28,0
SPY190812C294,2019-08-09,2019-08-09 09:30:24,0.82,0.164,246,0.81,0.162,4,0.79,0.158,6,0.815,0.163,28,0
SPY190812C294,2019-08-09,2019-08-09 09:30:24,0.83,0.166,521,0.81,0.162,4,0.79,0.158,6,0.82,0.164,28,0
SPY190812C294,2019-08-09,2019-08-09 09:30:25,0.83,0.166,475,0.81,0.162,4,0.79,0.158,6,0.82,0.164,28,0
SPY190812C294,2019-08-09,2019-08-09 09:30:25,0.83,0.166,64,0.8,0.16,179,0.79,0.158,6,0.815,0.163,28,0
SPY190812C294,2019-08-09,2019-08-09 09:30:26,0.83,0.166,81,0.81,0.162,217,0.79,0.158,6,0.82,0.164,28,0
SPY190812C294,2019-08-09,2019-08-09 09:30:26,0.84,0.168,556,0.81,0.162,66,0.79,0.158,6,0.825,0.165,28,0
SPY190812C294,2019-08-09,2019-08-09 09:30:27,0.83,0.166,75,0.81,0.162,292,0.79,0.158,6,0.82,0.164,28,0
SPY190812C294,2019-08-09,2019-08-09 09:30:28,0.83,0.166,5,0.81,0.162,55,0.79,0.158,6,0.82,0.164,28,0
SPY190812C294,2019-08-09,2019-08-09 09:30:28,0.83,0.166,5,0.81,0.162,292,0.79,0.158,6,0.82,0.164,28,0
SPY190812C294,2019-08-09,2019-08-09 09:30:29,0.82,0.164,5,0.8,0.16,152,0.79,0.158,6,0.81,0.162,28,0
SPY190812C294,2019-08-09,2019-08-09 09:30:29,0.82,0.164,15,0.8,0.16,113,0.82,0.164,3,0.81,0.162,31,3
SPY190812C294,2019-08-09,2019-08-09 09:30:30,0.82,0.164,5,0.8,0.16,217,0.82,0.164,3,0.81,0.162,31,0
SPY190812C294,2019-08-09,2019-08-09 09:30:30,0.82,0.164,100,0.8,0.16,113,0.82,0.164,3,0.81,0.162,31,0
SPY190812C294,2019-08-09,2019-08-09 09:30:31,0.82,0.164,265,0.8,0.16,1,0.82,0.164,4,0.81,0.162,35,0
SPY190812C294,2019-08-09,2019-08-09 09:30:31,0.82,0.164,5,0.8,0.16,217,0.82,0.164,4,0.81,0.162,35,4
SPY190812C294,2019-08-09,2019-08-09 09:30:32,0.81,0.162,5,0.8,0.16,1,0.82,0.164,4,0.805,0.161,35,0
SPY190812C294,2019-08-09,2019-08-09 09:30:32,0.81,0.162,5,0.8,0.16,41,0.82,0.164,4,0.805,0.161,35,0
SPY190812C294,2019-08-09,2019-08-09 09:30:33,0.83,0.166,516,0.8,0.16,1,0.82,0.164,4,0.815,0.163,35,0
SPY190812C294,2019-08-09,2019-08-09 09:30:33,0.82,0.164,46,0.81,0.162,5,0.82,0.164,4,0.815,0.163,35,0
SPY190812C294,2019-08-09,2019-08-09 09:30:34,0.82,0.164,5,0.8,0.16,217,0.82,0.164,4,0.81,0.162,35,0
SPY190812C294,2019-08-09,2019-08-09 09:30:35,0.82,0.164,5,0.8,0.16,217,0.82,0.164,4,0.81,0.162,35,0
SPY190812C294,2019-08-09,2019-08-09 09:30:35,0.82,0.164,5,0.81,0.162,7,0.82,0.164,4,0.815,0.163,35,0
SPY190812C294,2019-08-09,2019-08-09 09:30:36,0.82,0.164,5,0.81,0.162,7,0.82,0.164,4,0.815,0.163,35,0
SPY190812C294,2019-08-09,2019-08-09 09:30:37,0.82,0.164,5,0.81,0.162,12,0.82,0.164,4,0.815,0.163,35,0
SPY190812C294,2019-08-09,2019-08-09 09:30:37,0.83,0.166,217,0.81,0.162,12,0.82,0.164,4,0.82,0.164,35,0
SPY190812C294,2019-08-09,2019-08-09 09:30:38,0.82,0.164,5,0.81,0.162,7,0.82,0.164,4,0.815,0.163,35,0
SPY190812C294,2019-08-09,2019-08-09 09:30:38,0.82,0.164,18,0.81,0.162,7,0.82,0.164,4,0.815,0.163,35,0
SPY190812C294,2019-08-09,2019-08-09 09:30:39,0.82,0.164,157,0.81,0.162,7,0.82,0.164,4,0.815,0.163,35,0
SPY190812C294,2019-08-09,2019-08-09 09:30:40,0.82,0.164,157,0.81,0.162,7,0.82,0.164,4,0.815,0.163,35,0
SPY190812C294,2019-08-09,2019-08-09 09:30:40,0.82,0.164,10,0.81,0.162,7,0.82,0.164,4,0.815,0.163,35,0
SPY190812C294,2019-08-09,2019-08-09 09:30:41,0.82,0.164,60,0.79,0.158,70,0.81,0.162,7,0.805,0.161,42,7
SPY190812C294,2019-08-09,2019-08-09 09:30:41,0.81,0.162,5,0.79,0.158,157,0.81,0.162,7,0.8,0.16,42,0
SPY190812C294,2019-08-09,2019-08-09 09:30:42,0.81,0.162,5,0.79,0.158,217,0.81,0.162,7,0.8,0.16,42,0
SPY190812C294,2019-08-09,2019-08-09 09:30:42,0.82,0.164,106,0.8,0.16,5,0.81,0.162,7,0.81,0.162,42,0
SPY190812C294,2019-08-09,2019-08-09 09:30:43,0.82,0.164,5,0.8,0.16,257,0.81,0.162,7,0.81,0.162,42,0
SPY190812C294,2019-08-09,2019-08-09 09:30:43,0.83,0.166,157,0.81,0.162,217,0.81,0.162,7,0.82,0.164,42,0
SPY190812C294,2019-08-09,2019-08-09 09:30:44,0.83,0.166,100,0.81,0.162,217,0.81,0.162,7,0.82,0.164,42,0
SPY190812C294,2019-08-09,2019-08-09 09:30:44,0.83,0.166,100,0.81,0.162,78,0.81,0.162,7,0.82,0.164,42,0
SPY190812C294,2019-08-09,2019-08-09 09:30:45,0.82,0.164,18,0.81,0.162,68,0.81,0.162,7,0.815,0.163,42,0
SPY190812C294,2019-08-09,2019-08-09 09:30:45,0.83,0.166,100,0.81,0.162,18,0.81,0.162,7,0.82,0.164,42,0
SPY190812C294,2019-08-09,2019-08-09 09:30:46,0.83,0.166,18,0.81,0.162,217,0.81,0.162,7,0.82,0.164,42,0
SPY190812C294,2019-08-09,2019-08-09 09:30:46,0.83,0.166,68,0.81,0.162,68,0.81,0.162,7,0.82,0.164,42,0
SPY190812C294,2019-08-09,2019-08-09 09:30:47,0.82,0.164,5,0.8,0.16,196,0.8,0.16,1,0.81,0.162,43,1
SPY190812C294,2019-08-09,2019-08-09 09:30:47,0.82,0.164,5,0.8,0.16,142,0.82,0.164,15,0.81,0.162,73,30
SPY190812C294,2019-08-09,2019-08-09 09:30:48,0.82,0.164,6,0.8,0.16,1,0.82,0.164,15,0.81,0.162,73,0
SPY190812C294,2019-08-09,2019-08-09 09:30:48,0.82,0.164,5,0.8,0.16,217,0.82,0.164,15,0.81,0.162,73,0
SPY190812C294,2019-08-09,2019-08-09 09:30:49,0.82,0.164,1,0.8,0.16,60,0.82,0.164,1,0.81,0.162,74,1
SPY190812C294,2019-08-09,2019-08-09 09:30:49,0.83,0.166,337,0.8,0.16,217,0.82,0.164,15,0.815,0.163,73,0
SPY190812C294,2019-08-09,2019-08-09 09:30:50,0.82,0.164,5,0.8,0.16,29,0.82,0.164,1,0.81,0.162,74,0
SPY190812C294,2019-08-09,2019-08-09 09:30:50,0.82,0.164,5,0.8,0.16,217,0.82,0.164,1,0.81,0.162,74,0
SPY190812C294,2019-08-09,2019-08-09 09:30:51,0.82,0.164,5,0.8,0.16,217,0.82,0.164,1,0.81,0.162,74,0
SPY190812C294,2019-08-09,2019-08-09 09:30:51,0.83,0.166,305,0.8,0.16,402,0.82,0.164,1,0.815,0.163,74,0
SPY190812C294,2019-08-09,2019-08-09 09:30:52,0.82,0.164,5,0.81,0.162,5,0.82,0.164,1,0.815,0.163,74,0
SPY190812C294,2019-08-09,2019-08-09 09:30:52,0.82,0.164,18,0.81,0.162,4,0.82,0.164,1,0.815,0.163,74,0
SPY190812C294,2019-08-09,2019-08-09 09:30:53,0.81,0.162,5,0.8,0.16,1,0.82,0.164,1,0.805,0.161,74,0
SPY190812C294,2019-08-09,2019-08-09 09:30:53,0.82,0.164,163,0.8,0.16,1,0.82,0.164,1,0.81,0.162,74,0
SPY190812C294,2019-08-09,2019-08-09 09:30:54,0.82,0.164,100,0.8,0.16,100,0.82,0.164,1,0.81,0.162,74,0
SPY190812C294,2019-08-09,2019-08-09 09:30:54,0.82,0.164,157,0.81,0.162,4,0.82,0.164,1,0.815,0.163,74,0
SPY190812C294,2019-08-09,2019-08-09 09:30:55,0.82,0.164,5,0.8,0.16,100,0.82,0.164,1,0.81,0.162,74,0
SPY190812C294,2019-08-09,2019-08-09 09:30:56,0.82,0.164,18,0.8,0.16,128,0.82,0.164,1,0.81,0.162,74,0
SPY190812C294,2019-08-09,2019-08-09 09:30:56,0.82,0.164,5,0.8,0.16,110,0.82,0.164,1,0.81,0.162,74,0
SPY190812C294,2019-08-09,2019-08-09 09:30:57,0.82,0.164,100,0.8,0.16,128,0.82,0.164,1,0.81,0.162,74,0
SPY190812C294,2019-08-09,2019-08-09 09:30:57,0.82,0.164,100,0.81,0.162,18,0.82,0.164,1,0.815,0.163,74,0
SPY190812C294,2019-08-09,2019-08-09 09:30:58,0.82,0.164,100,0.81,0.162,18,0.82,0.164,1,0.815,0.163,74,0
SPY190812C294,2019-08-09,2019-08-09 09:30:59,0.82,0.164,5,0.8,0.16,100,0.82,0.164,1,0.81,0.162,74,0
SPY190812C294,2019-08-09,2019-08-09 09:30:59,0.82,0.164,5,0.8,0.16,110,0.82,0.164,1,0.81,0.162,74,0
SPY190812C294,2019-08-09,2019-08-09 09:31:00,0.82,0.164,5,0.8,0.16,188,0.82,0.164,1,0.81,0.162,74,0
SPY190812C294,2019-08-09,2019-08-09 09:31:01,0.83,0.166,5,0.81,0.162,60,0.82,0.164,1,0.82,0.164,74,0
SPY190812C294,2019-08-09,2019-08-09 09:31:01,0.83,0.166,5,0.81,0.162,217,0.82,0.164,1,0.82,0.164,74,0
SPY190812C294,2019-08-09,2019-08-09 09:31:02,0.84,0.168,305,0.81,0.162,217,0.82,0.164,1,0.825,0.165,74,0
SPY190812C294,2019-08-09,2019-08-09 09:31:02,0.84,0.168,315,0.81,0.162,217,0.82,0.164,1,0.825,0.165,74,0
SPY190812C294,2019-08-09,2019-08-09 09:31:03,0.84,0.168,5,0.82,0.164,3,0.82,0.164,1,0.83,0.166,74,0
SPY190812C294,2019-08-09,2019-08-09 09:31:03,0.85,0.17,384,0.81,0.162,217,0.82,0.164,1,0.83,0.166,74,0
SPY190812C294,2019-08-09,2019-08-09 09:31:04,0.84,0.168,5,0.82,0.164,217,0.82,0.164,1,0.83,0.166,74,0
SPY190812C294,2019-08-09,2019-08-09 09:31:04,0.85,0.17,360,0.82,0.164,212,0.82,0.164,1,0.835,0.167,74,0
SPY190812C294,2019-08-09,2019-08-09 09:31:05,0.84,0.168,5,0.82,0.164,376,0.82,0.164,1,0.83,0.166,74,0
SPY190812C294,2019-08-09,2019-08-09 09:31:05,0.84,0.168,5,0.82,0.164,217,0.82,0.164,1,0.83,0.166,74,0
SPY190812C294,2019-08-09,2019-08-09 09:31:06,0.84,0.168,5,0.82,0.164,454,0.82,0.164,1,0.83,0.166,74,0
SPY190812C294,2019-08-09,2019-08-09 09:31:06,0.85,0.17,157,0.83,0.166,5,0.82,0.164,1,0.84,0.168,74,0
SPY190812C294,2019-08-09,2019-08-09 09:31:07,0.85,0.17,157,0.83,0.166,5,0.82,0.164,1,0.84,0.168,74,0
SPY190812C294,2019-08-09,2019-08-09 09:31:08,0.85,0.17,157,0.83,0.166,162,0.82,0.164,1,0.84,0.168,74,0
SPY190812C294,2019-08-09,2019-08-09 09:31:08,0.85,0.17,115,0.83,0.166,162,0.82,0.164,1,0.84,0.168,74,0
SPY190812C294,2019-08-09,2019-08-09 09:31:09,0.85,0.17,115,0.83,0.166,162,0.82,0.164,1,0.84,0.168,74,0
SPY190812C294,2019-08-09,2019-08-09 09:31:10,0.86,0.172,288,0.83,0.166,162,0.82,0.164,1,0.845,0.169,74,0
SPY190812C294,2019-08-09,2019-08-09 09:31:10,0.85,0.17,115,0.83,0.166,162,0.82,0.164,1,0.84,0.168,74,0
SPY190812C294,2019-08-09,2019-08-09 09:31:11,0.84,0.168,29,0.83,0.166,113,0.84,0.168,10,0.835,0.167,84,10
SPY190812C294,2019-08-09,2019-08-09 09:31:11,0.84,0.168,29,0.83,0.166,113,0.84,0.168,10,0.835,0.167,84,0
SPY190812C294,2019-08-09,2019-08-09 09:31:12,0.84,0.168,29,0.83,0.166,95,0.83,0.166,7,0.835,0.167,95,0
SPY190812C294,2019-08-09,2019-08-09 09:31:12,0.84,0.168,1,0.83,0.166,114,0.83,0.166,7,0.835,0.167,95,11
SPY190812C294,2019-08-09,2019-08-09 09:31:13,0.84,0.168,41,0.83,0.166,99,0.83,0.166,7,0.835,0.167,95,0
SPY190812C294,2019-08-09,2019-08-09 09:31:14,0.84,0.168,29,0.83,0.166,99,0.83,0.166,2,0.835,0.167,100,5
SPY190812C294,2019-08-09,2019-08-09 09:31:14,0.84,0.168,29,0.83,0.166,99,0.83,0.166,7,0.835,0.167,95,0
SPY190812C294,2019-08-09,2019-08-09 09:31:15,0.84,0.168,5,0.83,0.166,99,0.83,0.166,2,0.835,0.167,100,0
SPY190812C294,2019-08-09,2019-08-09 09:31:15,0.84,0.168,29,0.83,0.166,99,0.83,0.166,2,0.835,0.167,100,0
SPY190812C294,2019-08-09,2019-08-09 09:31:16,0.84,0.168,83,0.83,0.166,65,0.83,0.166,2,0.835,0.167,100,0
SPY190812C294,2019-08-09,2019-08-09 09:31:16,0.84,0.168,22,0.83,0.166,99,0.83,0.166,2,0.835,0.167,100,0
SPY190812C294,2019-08-09,2019-08-09 09:31:17,0.84,0.168,67,0.83,0.166,146,0.83,0.166,2,0.835,0.167,100,0
SPY190812C294,2019-08-09,2019-08-09 09:31:18,0.84,0.168,50,0.82,0.164,212,0.83,0.166,2,0.83,0.166,100,0
SPY190812C294,2019-08-09,2019-08-09 09:31:18,0.84,0.168,91,0.83,0.166,5,0.83,0.166,2,0.835,0.167,100,0
SPY190812C294,2019-08-09,2019-08-09 09:31:19,0.84,0.168,91,0.83,0.166,5,0.83,0.166,2,0.835,0.167,100,0
SPY190812C294,2019-08-09,2019-08-09 09:31:19,0.84,0.168,121,0.83,0.166,217,0.84,0.168,1,0.835,0.167,101,1
SPY190812C294,2019-08-09,2019-08-09 09:31:20,0.85,0.17,5,0.83,0.166,100,0.84,0.168,1,0.84,0.168,102,0
SPY190812C294,2019-08-09,2019-08-09 09:31:20,0.85,0.17,129,0.83,0.166,181,0.84,0.168,1,0.84,0.168,102,1
SPY190812C294,2019-08-09,2019-08-09 09:31:21,0.85,0.17,121,0.83,0.166,257,0.84,0.168,1,0.84,0.168,103,1
SPY190812C294,2019-08-09,2019-08-09 09:31:21,0.85,0.17,161,0.83,0.166,294,0.84,0.168,1,0.84,0.168,103,0
SPY190812C294,2019-08-09,2019-08-09 09:31:22,0.84,0.168,16,0.83,0.166,421,0.84,0.168,1,0.835,0.167,103,0
SPY190812C294,2019-08-09,2019-08-09 09:31:22,0.85,0.17,151,0.83,0.166,290,0.84,0.168,1,0.84,0.168,103,0
SPY190812C294,2019-08-09,2019-08-09 09:31:23,0.84,0.168,90,0.83,0.166,294,0.84,0.168,1,0.835,0.167,103,0
SPY190812C294,2019-08-09,2019-08-09 09:31:23,0.84,0.168,90,0.83,0.166,391,0.84,0.168,1,0.835,0.167,103,0
SPY190812C294,2019-08-09,2019-08-09 09:31:24,0.84,0.168,90,0.83,0.166,294,0.84,0.168,1,0.835,0.167,103,0
SPY190812C294,2019-08-09,2019-08-09 09:31:25,0.85,0.17,5,0.83,0.166,294,0.84,0.168,15,0.84,0.168,118,15
SPY190812C294,2019-08-09,2019-08-09 09:31:25,0.85,0.17,65,0.83,0.166,252,0.84,0.168,15,0.84,0.168,118,0
SPY190812C294,2019-08-09,2019-08-09 09:31:26,0.85,0.17,120,0.84,0.168,10,0.84,0.168,15,0.845,0.169,118,0
SPY190812C294,2019-08-09,2019-08-09 09:31:26,0.85,0.17,100,0.83,0.166,252,0.84,0.168,15,0.84,0.168,118,0
SPY190812C294,2019-08-09,2019-08-09 09:31:27,0.85,0.17,108,0.84,0.168,10,0.84,0.168,15,0.845,0.169,118,0
SPY190812C294,2019-08-09,2019-08-09 09:31:27,0.85,0.17,13,0.84,0.168,10,0.84,0.168,15,0.845,0.169,118,0
SPY190812C294,2019-08-09,2019-08-09 09:31:28,0.85,0.17,162,0.84,0.168,10,0.84,0.168,15,0.845,0.169,118,0
SPY190812C294,2019-08-09,2019-08-09 09:31:29,0.85,0.17,15,0.84,0.168,10,0.84,0.168,15,0.845,0.169,118,0
SPY190812C294,2019-08-09,2019-08-09 09:31:29,0.85,0.17,110,0.84,0.168,10,0.84,0.168,15,0.845,0.169,118,0
SPY190812C294,2019-08-09,2019-08-09 09:31:30,0.85,0.17,306,0.84,0.168,10,0.84,0.168,15,0.845,0.169,118,0
SPY190812C294,2019-08-09,2019-08-09 09:31:30,0.83,0.166,18,0.81,0.162,225,0.84,0.168,8,0.82,0.164,128,10
SPY190812C294,2019-08-09,2019-08-09 09:31:31,0.83,0.166,18,0.82,0.164,5,0.84,0.168,8,0.825,0.165,128,0
SPY190812C294,2019-08-09,2019-08-09 09:31:31,0.83,0.166,18,0.81,0.162,212,0.84,0.168,8,0.82,0.164,128,0
SPY190812C294,2019-08-09,2019-08-09 09:31:32,0.82,0.164,6,0.8,0.16,201,0.83,0.166,1,0.81,0.162,130,2
SPY190812C294,2019-08-09,2019-08-09 09:31:32,0.83,0.166,5,0.81,0.162,152,0.84,0.168,8,0.82,0.164,128,0
SPY190812C294,2019-08-09,2019-08-09 09:31:33,0.83,0.166,279,0.8,0.16,3,0.83,0.166,1,0.815,0.163,130,0
SPY190812C294,2019-08-09,2019-08-09 09:31:33,0.82,0.164,6,0.8,0.16,3,0.83,0.166,1,0.81,0.162,130,0
SPY190812C294,2019-08-09,2019-08-09 09:31:34,0.81,0.162,5,0.8,0.16,3,0.83,0.166,1,0.805,0.161,130,0
SPY190812C294,2019-08-09,2019-08-09 09:31:34,0.81,0.162,11,0.8,0.16,3,0.83,0.166,1,0.805,0.161,130,0
SPY190812C294,2019-08-09,2019-08-09 09:31:35,0.81,0.162,10,0.8,0.16,3,0.83,0.166,1,0.805,0.161,130,0
SPY190812C294,2019-08-09,2019-08-09 09:31:35,0.81,0.162,7,0.8,0.16,3,0.83,0.166,1,0.805,0.161,130,0
SPY190812C294,2019-08-09,2019-08-09 09:31:36,0.81,0.162,100,0.8,0.16,3,0.8,0.16,1,0.805,0.161,131,1
SPY190812C294,2019-08-09,2019-08-09 09:31:36,0.8,0.16,11,0.79,0.158,44,0.8,0.16,3,0.795,0.159,134,3
SPY190812C294,2019-08-09,2019-08-09 09:31:37,0.8,0.16,12,0.79,0.158,44,0.8,0.16,3,0.795,0.159,134,0
SPY190812C294,2019-08-09,2019-08-09 09:31:37,0.8,0.16,77,0.79,0.158,44,0.8,0.16,3,0.795,0.159,134,0
SPY190812C294,2019-08-09,2019-08-09 09:31:38,0.8,0.16,17,0.76,0.152,100,0.79,0.158,16,0.78,0.156,179,45
SPY190812C294,2019-08-09,2019-08-09 09:31:38,0.8,0.16,98,0.79,0.158,44,0.8,0.16,3,0.795,0.159,134,0
SPY190812C294,2019-08-09,2019-08-09 09:31:39,0.79,0.158,5,0.76,0.152,185,0.79,0.158,16,0.775,0.155,179,0
SPY190812C294,2019-08-09,2019-08-09 09:31:39,0.8,0.16,138,0.76,0.152,61,0.79,0.158,16,0.78,0.156,179,0
SPY190812C294,2019-08-09,2019-08-09 09:31:40,0.79,0.158,5,0.77,0.154,45,0.79,0.158,16,0.78,0.156,179,0
SPY190812C294,2019-08-09,2019-08-09 09:31:40,0.78,0.156,6,0.77,0.154,113,0.79,0.158,16,0.775,0.155,179,0
SPY190812C294,2019-08-09,2019-08-09 09:31:41,0.8,0.16,164,0.77,0.154,264,0.79,0.158,16,0.785,0.157,179,0
SPY190812C294,2019-08-09,2019-08-09 09:31:41,0.79,0.158,5,0.77,0.154,78,0.79,0.158,16,0.78,0.156,179,0
SPY190812C294,2019-08-09,2019-08-09 09:31:42,0.8,0.16,100,0.77,0.154,612,0.79,0.158,16,0.785,0.157,179,0
SPY190812C294,2019-08-09,2019-08-09 09:31:42,0.8,0.16,2,0.79,0.158,6,0.79,0.158,16,0.795,0.159,179,0
SPY190812C294,2019-08-09,2019-08-09 09:31:43,0.8,0.16,224,0.78,0.156,21,0.79,0.158,16,0.79,0.158,179,0
SPY190812C294,2019-08-09,2019-08-09 09:31:43,0.8,0.16,100,0.78,0.156,21,0.79,0.158,16,0.79,0.158,179,0
SPY190812C294,2019-08-09,2019-08-09 09:31:44,0.8,0.16,829,0.77,0.154,134,0.79,0.158,16,0.785,0.157,179,0
SPY190812C294,2019-08-09,2019-08-09 09:31:44,0.79,0.158,5,0.77,0.154,127,0.79,0.158,16,0.78,0.156,179,0
SPY190812C294,2019-08-09,2019-08-09 09:31:45,0.79,0.158,5,0.77,0.154,61,0.79,0.158,16,0.78,0.156,179,0
SPY190812C294,2019-08-09,2019-08-09 09:31:45,0.79,0.158,8,0.77,0.154,59,0.79,0.158,16,0.78,0.156,179,0
SPY190812C294,2019-08-09,2019-08-09 09:31:46,0.78,0.156,18,0.77,0.154,8,0.79,0.158,16,0.775,0.155,179,0
SPY190812C294,2019-08-09,2019-08-09 09:31:46,0.78,0.156,18,0.77,0.154,33,0.79,0.158,16,0.775,0.155,179,0
SPY190812C294,2019-08-09,2019-08-09 09:31:47,0.79,0.158,231,0.76,0.152,110,0.79,0.158,16,0.775,0.155,179,0
SPY190812C294,2019-08-09,2019-08-09 09:31:47,0.78,0.156,18,0.77,0.154,28,0.79,0.158,16,0.775,0.155,179,0
SPY190812C294,2019-08-09,2019-08-09 09:31:48,0.78,0.156,5,0.75,0.15,558,0.79,0.158,16,0.765,0.153,179,0
SPY190812C294,2019-08-09,2019-08-09 09:31:49,0.78,0.156,100,0.76,0.152,28,0.79,0.158,16,0.77,0.154,179,0
SPY190812C294,2019-08-09,2019-08-09 09:31:49,0.79,0.158,393,0.76,0.152,111,0.79,0.158,16,0.775,0.155,179,0
SPY190812C294,2019-08-09,2019-08-09 09:31:50,0.79,0.158,761,0.76,0.152,121,0.79,0.158,16,0.775,0.155,179,0
SPY190812C294,2019-08-09,2019-08-09 09:31:51,0.78,0.156,100,0.76,0.152,121,0.79,0.158,16,0.77,0.154,179,0
SPY190812C294,2019-08-09,2019-08-09 09:31:51,0.78,0.156,5,0.77,0.154,6,0.79,0.158,16,0.775,0.155,179,0
SPY190812C294,2019-08-09,2019-08-09 09:31:52,0.78,0.156,5,0.76,0.152,93,0.79,0.158,16,0.77,0.154,179,0
SPY190812C294,2019-08-09,2019-08-09 09:31:52,0.78,0.156,219,0.75,0.15,224,0.79,0.158,16,0.765,0.153,179,0
SPY190812C294,2019-08-09,2019-08-09 09:31:53,0.78,0.156,189,0.76,0.152,54,0.79,0.158,16,0.77,0.154,179,0
SPY190812C294,2019-08-09,2019-08-09 09:31:53,0.78,0.156,189,0.76,0.152,58,0.79,0.158,16,0.77,0.154,179,0
SPY190812C294,2019-08-09,2019-08-09 09:31:54,0.78,0.156,164,0.76,0.152,80,0.79,0.158,16,0.77,0.154,179,0
SPY190812C294,2019-08-09,2019-08-09 09:31:54,0.78,0.156,189,0.76,0.152,80,0.79,0.158,16,0.77,0.154,179,0
SPY190812C294,2019-08-09,2019-08-09 09:31:55,0.78,0.156,174,0.76,0.152,140,0.79,0.158,16,0.77,0.154,179,0
SPY190812C294,2019-08-09,2019-08-09 09:31:56,0.78,0.156,174,0.77,0.154,6,0.79,0.158,16,0.775,0.155,179,0
SPY190812C294,2019-08-09,2019-08-09 09:31:57,0.78,0.156,87,0.76,0.152,153,0.79,0.158,16,0.77,0.154,179,0
SPY190812C294,2019-08-09,2019-08-09 09:31:57,0.78,0.156,68,0.77,0.154,6,0.79,0.158,16,0.775,0.155,179,0
SPY190812C294,2019-08-09,2019-08-09 09:31:58,0.8,0.16,164,0.78,0.156,224,0.79,0.158,16,0.79,0.158,179,0
SPY190812C294,2019-08-09,2019-08-09 09:31:58,0.8,0.16,19,0.78,0.156,143,0.79,0.158,16,0.79,0.158,179,0
SPY190812C294,2019-08-09,2019-08-09 09:31:59,0.8,0.16,5,0.79,0.158,28,0.79,0.158,16,0.795,0.159,179,0
SPY190812C294,2019-08-09,2019-08-09 09:31:59,0.79,0.158,5,0.78,0.156,28,0.79,0.158,16,0.785,0.157,179,0
SPY190812C294,2019-08-09,2019-08-09 09:32:00,0.79,0.158,100,0.78,0.156,28,0.79,0.158,16,0.785,0.157,179,0
SPY190812C294,2019-08-09,2019-08-09 09:32:00,0.79,0.158,5,0.78,0.156,28,0.79,0.158,16,0.785,0.157,179,0
SPY190812C294,2019-08-09,2019-08-09 09:32:01,0.8,0.16,62,0.79,0.158,6,0.79,0.158,16,0.795,0.159,179,0
SPY190812C294,2019-08-09,2019-08-09 09:32:01,0.8,0.16,62,0.78,0.156,28,0.79,0.158,16,0.79,0.158,179,0
SPY190812C294,2019-08-09,2019-08-09 09:32:02,0.79,0.158,100,0.78,0.156,28,0.79,0.158,16,0.785,0.157,179,0
SPY190812C294,2019-08-09,2019-08-09 09:32:02,0.8,0.16,318,0.78,0.156,32,0.79,0.158,16,0.79,0.158,179,0
SPY190812C294,2019-08-09,2019-08-09 09:32:03,0.8,0.16,164,0.78,0.156,62,0.79,0.158,16,0.79,0.158,179,0
SPY190812C294,2019-08-09,2019-08-09 09:32:03,0.8,0.16,6,0.78,0.156,136,0.79,0.158,16,0.79,0.158,179,0
SPY190812C294,2019-08-09,2019-08-09 09:32:04,0.79,0.158,1,0.78,0.156,64,0.78,0.156,2,0.785,0.157,181,2
SPY190812C294,2019-08-09,2019-08-09 09:32:04,0.79,0.158,70,0.78,0.156,66,0.79,0.158,16,0.785,0.157,179,0
SPY190812C294,2019-08-09,2019-08-09 09:32:05,0.81,0.162,5,0.8,0.16,28,0.79,0.158,1,0.805,0.161,182,0
SPY190812C294,2019-08-09,2019-08-09 09:32:05,0.81,0.162,81,0.79,0.158,53,0.79,0.158,1,0.8,0.16,182,1
SPY190812C294,2019-08-09,2019-08-09 09:32:06,0.82,0.164,318,0.8,0.16,6,0.79,0.158,1,0.81,0.162,182,0
SPY190812C294,2019-08-09,2019-08-09 09:32:07,0.81,0.162,18,0.8,0.16,6,0.79,0.158,1,0.805,0.161,182,0
SPY190812C294,2019-08-09,2019-08-09 09:32:07,0.82,0.164,20,0.81,0.162,6,0.79,0.158,1,0.815,0.163,182,0
SPY190812C294,2019-08-09,2019-08-09 09:32:08,0.82,0.164,219,0.79,0.158,232,0.79,0.158,1,0.805,0.161,182,0
SPY190812C294,2019-08-09,2019-08-09 09:32:08,0.82,0.164,323,0.8,0.16,6,0.79,0.158,1,0.81,0.162,182,0
SPY190812C294,2019-08-09,2019-08-09 09:32:09,0.81,0.162,5,0.8,0.16,6,0.79,0.158,1,0.805,0.161,182,0
SPY190812C294,2019-08-09,2019-08-09 09:32:09,0.82,0.164,91,0.8,0.16,219,0.79,0.158,1,0.81,0.162,182,0
SPY190812C294,2019-08-09,2019-08-09 09:32:10,0.82,0.164,190,0.8,0.16,6,0.79,0.158,1,0.81,0.162,182,0
SPY190812C294,2019-08-09,2019-08-09 09:32:11,0.82,0.164,174,0.8,0.16,6,0.79,0.158,1,0.81,0.162,182,0
SPY190812C294,2019-08-09,2019-08-09 09:32:12,0.82,0.164,190,0.8,0.16,6,0.79,0.158,1,0.81,0.162,182,0
SPY190812C294,2019-08-09,2019-08-09 09:32:12,0.81,0.162,5,0.8,0.16,6,0.79,0.158,1,0.805,0.161,182,0
SPY190812C294,2019-08-09,2019-08-09 09:32:13,0.82,0.164,110,0.8,0.16,6,0.79,0.158,1,0.81,0.162,182,0
SPY190812C294,2019-08-09,2019-08-09 09:32:13,0.82,0.164,19,0.81,0.162,6,0.79,0.158,1,0.815,0.163,182,0
SPY190812C294,2019-08-09,2019-08-09 09:32:14,0.82,0.164,14,0.81,0.162,6,0.79,0.158,1,0.815,0.163,182,0
SPY190812C294,2019-08-09,2019-08-09 09:32:14,0.82,0.164,19,0.81,0.162,6,0.79,0.158,1,0.815,0.163,182,0
SPY190812C294,2019-08-09,2019-08-09 09:32:15,0.82,0.164,6,0.79,0.158,32,0.81,0.162,1,0.805,0.161,183,0
SPY190812C294,2019-08-09,2019-08-09 09:32:15,0.82,0.164,118,0.81,0.162,1,0.81,0.162,1,0.815,0.163,183,1
SPY190812C294,2019-08-09,2019-08-09 09:32:16,0.81,0.162,5,0.78,0.156,367,0.79,0.158,1,0.795,0.159,184,1
SPY190812C294,2019-08-09,2019-08-09 09:32:16,0.8,0.16,5,0.79,0.158,1,0.79,0.158,1,0.795,0.159,184,0
SPY190812C294,2019-08-09,2019-08-09 09:32:17,0.8,0.16,6,0.78,0.156,6,0.79,0.158,1,0.79,0.158,184,0
SPY190812C294,2019-08-09,2019-08-09 09:32:18,0.79,0.158,18,0.78,0.156,6,0.79,0.158,1,0.785,0.157,184,0
SPY190812C294,2019-08-09,2019-08-09 09:32:18,0.8,0.16,100,0.78,0.156,6,0.79,0.158,1,0.79,0.158,184,0
SPY190812C294,2019-08-09,2019-08-09 09:32:19,0.79,0.158,4,0.78,0.156,84,0.78,0.156,1,0.785,0.157,195,1
SPY190812C294,2019-08-09,2019-08-09 09:32:19,0.79,0.158,18,0.78,0.156,6,0.79,0.158,10,0.785,0.157,194,10
SPY190812C294,2019-08-09,2019-08-09 09:32:20,0.8,0.16,6,0.78,0.156,84,0.78,0.156,1,0.79,0.158,195,0
SPY190812C294,2019-08-09,2019-08-09 09:32:20,0.8,0.16,116,0.78,0.156,47,0.78,0.156,1,0.79,0.158,195,0
SPY190812C294,2019-08-09,2019-08-09 09:32:21,0.79,0.158,6,0.77,0.154,743,0.78,0.156,1,0.78,0.156,195,0
SPY190812C294,2019-08-09,2019-08-09 09:32:21,0.8,0.16,131,0.78,0.156,8,0.78,0.156,1,0.79,0.158,195,0
SPY190812C294,2019-08-09,2019-08-09 09:32:22,0.79,0.158,6,0.77,0.154,670,0.78,0.156,1,0.78,0.156,195,0
SPY190812C294,2019-08-09,2019-08-09 09:32:23,0.79,0.158,80,0.77,0.154,390,0.78,0.156,1,0.78,0.156,195,0
SPY190812C294,2019-08-09,2019-08-09 09:32:23,0.79,0.158,16,0.77,0.154,648,0.78,0.156,1,0.78,0.156,195,0
SPY190812C294,2019-08-09,2019-08-09 09:32:24,0.79,0.158,86,0.77,0.154,367,0.78,0.156,1,0.78,0.156,195,0
SPY190812C294,2019-08-09,2019-08-09 09:32:24,0.79,0.158,86,0.77,0.154,219,0.77,0.154,1,0.78,0.156,196,1
SPY190812C294,2019-08-09,2019-08-09 09:32:25,0.78,0.156,6,0.76,0.152,208,0.77,0.154,1,0.77,0.154,196,0
SPY190812C294,2019-08-09,2019-08-09 09:32:25,0.79,0.158,21,0.77,0.154,6,0.77,0.154,1,0.78,0.156,196,0
SPY190812C294,2019-08-09,2019-08-09 09:32:26,0.78,0.156,111,0.76,0.152,100,0.77,0.154,1,0.77,0.154,196,0
SPY190812C294,2019-08-09,2019-08-09 09:32:26,0.77,0.154,33,0.76,0.152,41,0.77,0.154,1,0.765,0.153,196,0
SPY190812C294,2019-08-09,2019-08-09 09:32:27,0.77,0.154,39,0.75,0.15,600,0.77,0.154,1,0.76,0.152,196,0
SPY190812C294,2019-08-09,2019-08-09 09:32:27,0.77,0.154,33,0.76,0.152,6,0.77,0.154,1,0.765,0.153,196,0
SPY190812C294,2019-08-09,2019-08-09 09:32:28,0.77,0.154,15,0.76,0.152,6,0.77,0.154,1,0.765,0.153,196,0
SPY190812C294,2019-08-09,2019-08-09 09:32:28,0.77,0.154,6,0.75,0.15,99,0.77,0.154,1,0.76,0.152,196,0
SPY190812C294,2019-08-09,2019-08-09 09:32:29,0.76,0.152,24,0.75,0.15,33,0.77,0.154,1,0.755,0.151,196,0
SPY190812C294,2019-08-09,2019-08-09 09:32:29,0.76,0.152,18,0.75,0.15,6,0.77,0.154,1,0.755,0.151,196,0
SPY190812C294,2019-08-09,2019-08-09 09:32:30,0.76,0.152,62,0.74,0.148,66,0.77,0.154,1,0.75,0.15,196,0
SPY190812C294,2019-08-09,2019-08-09 09:32:30,0.76,0.152,99,0.75,0.15,6,0.77,0.154,1,0.755,0.151,196,0
SPY190812C294,2019-08-09,2019-08-09 09:32:31,0.76,0.152,100,0.74,0.148,66,0.77,0.154,1,0.75,0.15,196,0
SPY190812C294,2019-08-09,2019-08-09 09:32:32,0.75,0.15,24,0.74,0.148,200,0.77,0.154,1,0.745,0.149,196,0
SPY190812C294,2019-08-09,2019-08-09 09:32:33,0.76,0.152,114,0.74,0.148,592,0.77,0.154,1,0.75,0.15,196,0
SPY190812C294,2019-08-09,2019-08-09 09:32:33,0.76,0.152,70,0.75,0.15,76,0.77,0.154,1,0.755,0.151,196,0
SPY190812C294,2019-08-09,2019-08-09 09:32:34,0.77,0.154,24,0.75,0.15,352,0.77,0.154,1,0.76,0.152,196,0
SPY190812C294,2019-08-09,2019-08-09 09:32:34,0.76,0.152,24,0.75,0.15,224,0.77,0.154,1,0.755,0.151,196,0
SPY190812C294,2019-08-09,2019-08-09 09:32:35,0.77,0.154,116,0.76,0.152,28,0.77,0.154,1,0.765,0.153,196,0
SPY190812C294,2019-08-09,2019-08-09 09:32:35,0.77,0.154,100,0.76,0.152,14,0.77,0.154,1,0.765,0.153,196,0
SPY190812C294,2019-08-09,2019-08-09 09:32:36,0.77,0.154,160,0.75,0.15,479,0.77,0.154,1,0.76,0.152,196,0
SPY190812C294,2019-08-09,2019-08-09 09:32:36,0.78,0.156,50,0.77,0.154,6,0.77,0.154,1,0.775,0.155,196,0
SPY190812C294,2019-08-09,2019-08-09 09:32:37,0.79,0.158,264,0.77,0.154,12,0.77,0.154,1,0.78,0.156,196,0
SPY190812C294,2019-08-09,2019-08-09 09:32:37,0.78,0.156,50,0.77,0.154,6,0.77,0.154,1,0.775,0.155,196,0
SPY190812C294,2019-08-09,2019-08-09 09:32:38,0.78,0.156,56,0.76,0.152,709,0.77,0.154,1,0.77,0.154,196,0
SPY190812C294,2019-08-09,2019-08-09 09:32:38,0.78,0.156,6,0.77,0.154,66,0.77,0.154,1,0.775,0.155,196,0
SPY190812C294,2019-08-09,2019-08-09 09:32:39,0.78,0.156,140,0.76,0.152,828,0.77,0.154,1,0.77,0.154,196,0
SPY190812C294,2019-08-09,2019-08-09 09:32:39,0.78,0.156,140,0.76,0.152,538,0.77,0.154,1,0.77,0.154,196,0
SPY190812C294,2019-08-09,2019-08-09 09:32:40,0.77,0.154,9,0.76,0.152,264,0.77,0.154,1,0.765,0.153,196,0
SPY190812C294,2019-08-09,2019-08-09 09:32:40,0.77,0.154,8,0.76,0.152,438,0.77,0.154,1,0.765,0.153,196,0
SPY190812C294,2019-08-09,2019-08-09 09:32:41,0.77,0.154,66,0.75,0.15,143,0.77,0.154,1,0.76,0.152,196,0
SPY190812C294,2019-08-09,2019-08-09 09:32:41,0.77,0.154,9,0.76,0.152,71,0.77,0.154,1,0.765,0.153,196,0
SPY190812C294,2019-08-09,2019-08-09 09:32:42,0.77,0.154,104,0.75,0.15,593,0.77,0.154,1,0.76,0.152,196,0
SPY190812C294,2019-08-09,2019-08-09 09:32:42,0.77,0.154,9,0.76,0.152,27,0.77,0.154,1,0.765,0.153,205,9
SPY190812C294,2019-08-09,2019-08-09 09:32:43,0.79,0.158,24,0.76,0.152,327,0.77,0.154,1,0.775,0.155,205,0
SPY190812C294,2019-08-09,2019-08-09 09:32:43,0.79,0.158,24,0.78,0.156,28,0.77,0.154,1,0.785,0.157,205,0
SPY190812C294,2019-08-09,2019-08-09 09:32:44,0.8,0.16,81,0.78,0.156,6,0.77,0.154,1,0.79,0.158,205,0
SPY190812C294,2019-08-09,2019-08-09 09:32:44,0.8,0.16,76,0.78,0.156,183,0.77,0.154,1,0.79,0.158,205,0
SPY190812C294,2019-08-09,2019-08-09 09:32:45,0.8,0.16,154,0.78,0.156,180,0.77,0.154,1,0.79,0.158,205,0
SPY190812C294,2019-08-09,2019-08-09 09:32:46,0.8,0.16,10,0.78,0.156,359,0.77,0.154,1,0.79,0.158,205,0
SPY190812C294,2019-08-09,2019-08-09 09:32:46,0.8,0.16,18,0.79,0.158,142,0.77,0.154,1,0.795,0.159,205,0
SPY190812C294,2019-08-09,2019-08-09 09:32:47,0.81,0.162,158,0.79,0.158,6,0.77,0.154,1,0.8,0.16,205,0
SPY190812C294,2019-08-09,2019-08-09 09:32:47,0.8,0.16,4,0.79,0.158,6,0.77,0.154,1,0.795,0.159,205,0
SPY190812C294,2019-08-09,2019-08-09 09:32:48,0.81,0.162,6,0.8,0.16,6,0.77,0.154,1,0.805,0.161,205,0
SPY190812C294,2019-08-09,2019-08-09 09:32:48,0.81,0.162,10,0.8,0.16,6,0.77,0.154,1,0.805,0.161,205,0
SPY190812C294,2019-08-09,2019-08-09 09:32:49,0.82,0.164,387,0.8,0.16,5,0.81,0.162,1,0.81,0.162,206,1
SPY190812C294,2019-08-09,2019-08-09 09:32:50,0.81,0.162,16,0.8,0.16,5,0.81,0.162,1,0.805,0.161,206,0
SPY190812C294,2019-08-09,2019-08-09 09:32:50,0.82,0.164,387,0.8,0.16,5,0.81,0.162,1,0.81,0.162,206,0
SPY190812C294,2019-08-09,2019-08-09 09:32:51,0.81,0.162,22,0.8,0.16,5,0.81,0.162,1,0.805,0.161,206,0
SPY190812C294,2019-08-09,2019-08-09 09:32:51,0.81,0.162,100,0.79,0.158,367,0.81,0.162,1,0.8,0.16,206,0
SPY190812C294,2019-08-09,2019-08-09 09:32:52,0.81,0.162,166,0.79,0.158,256,0.81,0.162,1,0.8,0.16,206,0
SPY190812C294,2019-08-09,2019-08-09 09:32:53,0.81,0.162,69,0.79,0.158,376,0.81,0.162,1,0.8,0.16,206,0
SPY190812C294,2019-08-09,2019-08-09 09:32:53,0.81,0.162,33,0.79,0.158,716,0.81,0.162,1,0.8,0.16,206,0
SPY190812C294,2019-08-09,2019-08-09 09:32:54,0.81,0.162,16,0.8,0.16,5,0.81,0.162,1,0.805,0.161,206,0
SPY190812C294,2019-08-09,2019-08-09 09:32:54,0.82,0.164,387,0.8,0.16,5,0.81,0.162,1,0.81,0.162,206,0
SPY190812C294,2019-08-09,2019-08-09 09:32:55,0.81,0.162,18,0.8,0.16,66,0.81,0.162,1,0.805,0.161,206,0
SPY190812C294,2019-08-09,2019-08-09 09:32:55,0.81,0.162,57,0.79,0.158,852,0.81,0.162,1,0.8,0.16,206,0
SPY190812C294,2019-08-09,2019-08-09 09:32:56,0.81,0.162,18,0.8,0.16,258,0.81,0.162,1,0.805,0.161,206,0
SPY190812C294,2019-08-09,2019-08-09 09:32:56,0.82,0.164,14,0.81,0.162,5,0.81,0.162,4,0.815,0.163,210,4
SPY190812C294,2019-08-09,2019-08-09 09:32:57,0.83,0.166,158,0.81,0.162,60,0.81,0.162,4,0.82,0.164,210,0
SPY190812C294,2019-08-09,2019-08-09 09:32:57,0.83,0.166,158,0.81,0.162,232,0.81,0.162,4,0.82,0.164,210,0
SPY190812C294,2019-08-09,2019-08-09 09:32:58,0.82,0.164,32,0.81,0.162,60,0.81,0.162,4,0.815,0.163,210,0
SPY190812C294,2019-08-09,2019-08-09 09:32:58,0.82,0.164,18,0.81,0.162,102,0.81,0.162,4,0.815,0.163,210,0
SPY190812C294,2019-08-09,2019-08-09 09:32:59,0.83,0.166,169,0.81,0.162,144,0.81,0.162,4,0.82,0.164,210,0
SPY190812C294,2019-08-09,2019-08-09 09:32:59,0.82,0.164,32,0.81,0.162,144,0.81,0.162,4,0.815,0.163,210,0
SPY190812C294,2019-08-09,2019-08-09 09:33:00,0.83,0.166,161,0.81,0.162,144,0.81,0.162,4,0.82,0.164,210,0
SPY190812C294,2019-08-09,2019-08-09 09:33:00,0.82,0.164,18,0.81,0.162,50,0.81,0.162,4,0.815,0.163,210,0
SPY190812C294,2019-08-09,2019-08-09 09:33:01,0.82,0.164,46,0.81,0.162,87,0.81,0.162,4,0.815,0.163,210,0
SPY190812C294,2019-08-09,2019-08-09 09:33:02,0.81,0.162,34,0.8,0.16,656,0.81,0.162,4,0.805,0.161,210,0
SPY190812C294,2019-08-09,2019-08-09 09:33:02,0.81,0.162,34,0.81,0.162,1,0.81,0.162,1,0.81,0.162,211,1
SPY190812C294,2019-08-09,2019-08-09 09:33:03,0.81,0.162,34,0.79,0.158,550,0.81,0.162,1,0.8,0.16,212,0
SPY190812C294,2019-08-09,2019-08-09 09:33:03,0.81,0.162,15,0.79,0.158,639,0.81,0.162,1,0.8,0.16,212,1
SPY190812C294,2019-08-09,2019-08-09 09:33:04,0.81,0.162,40,0.79,0.158,278,0.81,0.162,1,0.8,0.16,212,0
SPY190812C294,2019-08-09,2019-08-09 09:33:04,0.81,0.162,40,0.79,0.158,571,0.81,0.162,1,0.8,0.16,212,0
SPY190812C294,2019-08-09,2019-08-09 09:33:05,0.81,0.162,40,0.79,0.158,347,0.81,0.162,1,0.8,0.16,212,0
SPY190812C294,2019-08-09,2019-08-09 09:33:05,0.81,0.162,40,0.79,0.158,256,0.81,0.162,1,0.8,0.16,212,0
SPY190812C294,2019-08-09,2019-08-09 09:33:06,0.83,0.166,452,0.8,0.16,6,0.81,0.162,1,0.815,0.163,212,0
SPY190812C294,2019-08-09,2019-08-09 09:33:06,0.81,0.162,40,0.8,0.16,6,0.81,0.162,1,0.805,0.161,212,0
SPY190812C294,2019-08-09,2019-08-09 09:33:07,0.83,0.166,452,0.81,0.162,6,0.81,0.162,1,0.82,0.164,212,0
SPY190812C294,2019-08-09,2019-08-09 09:33:07,0.82,0.164,16,0.81,0.162,6,0.81,0.162,1,0.815,0.163,212,0
SPY190812C294,2019-08-09,2019-08-09 09:33:08,0.82,0.164,16,0.81,0.162,6,0.81,0.162,1,0.815,0.163,212,0
SPY190812C294,2019-08-09,2019-08-09 09:33:08,0.83,0.166,479,0.81,0.162,6,0.81,0.162,1,0.82,0.164,212,0
SPY190812C294,2019-08-09,2019-08-09 09:33:09,0.82,0.164,12,0.81,0.162,6,0.81,0.162,1,0.815,0.163,212,0
SPY190812C294,2019-08-09,2019-08-09 09:33:09,0.82,0.164,76,0.81,0.162,6,0.81,0.162,1,0.815,0.163,212,0
SPY190812C294,2019-08-09,2019-08-09 09:33:10,0.82,0.164,64,0.81,0.162,6,0.82,0.164,1,0.815,0.163,213,1
SPY190812C294,2019-08-09,2019-08-09 09:33:11,0.81,0.162,1,0.8,0.16,213,0.82,0.164,1,0.805,0.161,213,0
SPY190812C294,2019-08-09,2019-08-09 09:33:11,0.82,0.164,116,0.8,0.16,213,0.82,0.164,1,0.81,0.162,213,0
SPY190812C294,2019-08-09,2019-08-09 09:33:12,0.82,0.164,136,0.8,0.16,256,0.82,0.164,1,0.81,0.162,213,0
SPY190812C294,2019-08-09,2019-08-09 09:33:12,0.82,0.164,151,0.8,0.16,489,0.82,0.164,1,0.81,0.162,213,0
SPY190812C294,2019-08-09,2019-08-09 09:33:13,0.82,0.164,183,0.8,0.16,213,0.82,0.164,1,0.81,0.162,213,0
SPY190812C294,2019-08-09,2019-08-09 09:33:13,0.82,0.164,183,0.8,0.16,116,0.82,0.164,1,0.81,0.162,213,0
SPY190812C294,2019-08-09,2019-08-09 09:33:14,0.8,0.16,17,0.78,0.156,213,0.82,0.164,1,0.79,0.158,213,0
SPY190812C294,2019-08-09,2019-08-09 09:33:14,0.8,0.16,112,0.78,0.156,213,0.82,0.164,1,0.79,0.158,213,0
SPY190812C294,2019-08-09,2019-08-09 09:33:15,0.8,0.16,180,0.78,0.156,228,0.8,0.16,1,0.79,0.158,214,1
SPY190812C294,2019-08-09,2019-08-09 09:33:15,0.79,0.158,6,0.77,0.154,259,0.8,0.16,1,0.78,0.156,214,0
SPY190812C294,2019-08-09,2019-08-09 09:33:16,0.79,0.158,1,0.78,0.156,7,0.8,0.16,1,0.785,0.157,214,0
SPY190812C294,2019-08-09,2019-08-09 09:33:16,0.79,0.158,6,0.78,0.156,6,0.8,0.16,1,0.785,0.157,214,0
SPY190812C294,2019-08-09,2019-08-09 09:33:17,0.79,0.158,6,0.78,0.156,33,0.8,0.16,1,0.785,0.157,214,0
SPY190812C294,2019-08-09,2019-08-09 09:33:17,0.8,0.16,153,0.78,0.156,122,0.8,0.16,1,0.79,0.158,214,0
SPY190812C294,2019-08-09,2019-08-09 09:33:18,0.82,0.164,410,0.78,0.156,48,0.8,0.16,1,0.8,0.16,214,0
SPY190812C294,2019-08-09,2019-08-09 09:33:18,0.8,0.16,1,0.79,0.158,142,0.8,0.16,1,0.795,0.159,214,0
SPY190812C294,2019-08-09,2019-08-09 09:33:19,0.8,0.16,10,0.79,0.158,142,0.8,0.16,1,0.795,0.159,214,0
SPY190812C294,2019-08-09,2019-08-09 09:33:20,0.8,0.16,10,0.79,0.158,157,0.8,0.16,1,0.795,0.159,214,0
SPY190812C294,2019-08-09,2019-08-09 09:33:20,0.8,0.16,45,0.79,0.158,140,0.8,0.16,1,0.795,0.159,214,0
SPY190812C294,2019-08-09,2019-08-09 09:33:21,0.81,0.162,163,0.79,0.158,109,0.8,0.16,1,0.8,0.16,214,0
SPY190812C294,2019-08-09,2019-08-09 09:33:21,0.8,0.16,45,0.79,0.158,140,0.8,0.16,1,0.795,0.159,214,0
SPY190812C294,2019-08-09,2019-08-09 09:33:22,0.8,0.16,9,0.79,0.158,218,0.8,0.16,2,0.795,0.159,299,45
SPY190812C294,2019-08-09,2019-08-09 09:33:22,0.81,0.162,163,0.78,0.156,90,0.8,0.16,40,0.795,0.159,254,40
SPY190812C294,2019-08-09,2019-08-09 09:33:23,0.8,0.16,1,0.8,0.16,6,0.8,0.16,2,0.8,0.16,299,0
SPY190812C294,2019-08-09,2019-08-09 09:33:23,0.81,0.162,6,0.8,0.16,6,0.8,0.16,2,0.805,0.161,299,0
SPY190812C294,2019-08-09,2019-08-09 09:33:24,0.81,0.162,1,0.8,0.16,6,0.81,0.162,4,0.805,0.161,303,0
SPY190812C294,2019-08-09,2019-08-09 09:33:24,0.81,0.162,6,0.8,0.16,6,0.81,0.162,4,0.805,0.161,303,4
SPY190812C294,2019-08-09,2019-08-09 09:33:25,0.81,0.162,1,0.8,0.16,128,0.81,0.162,10,0.805,0.161,313,10
SPY190812C294,2019-08-09,2019-08-09 09:33:25,0.82,0.164,97,0.8,0.16,232,0.81,0.162,4,0.81,0.162,303,0
SPY190812C294,2019-08-09,2019-08-09 09:33:26,0.82,0.164,375,0.8,0.16,128,0.81,0.162,10,0.81,0.162,313,0
SPY190812C294,2019-08-09,2019-08-09 09:33:26,0.81,0.162,5,0.8,0.16,61,0.81,0.162,10,0.805,0.161,313,0
SPY190812C294,2019-08-09,2019-08-09 09:33:27,0.82,0.164,158,0.81,0.162,6,0.81,0.162,1,0.815,0.163,314,0
SPY190812C294,2019-08-09,2019-08-09 09:33:27,0.81,0.162,5,0.8,0.16,1,0.81,0.162,1,0.805,0.161,314,1
SPY190812C294,2019-08-09,2019-08-09 09:33:28,0.82,0.164,158,0.8,0.16,6,0.81,0.162,1,0.81,0.162,314,0
SPY190812C294,2019-08-09,2019-08-09 09:33:29,0.81,0.162,171,0.8,0.16,1,0.8,0.16,1,0.805,0.161,315,0
SPY190812C294,2019-08-09,2019-08-09 09:33:29,0.81,0.162,171,0.8,0.16,1,0.8,0.16,1,0.805,0.161,315,1
SPY190812C294,2019-08-09,2019-08-09 09:33:30,0.8,0.16,19,0.79,0.158,6,0.8,0.16,1,0.795,0.159,316,1
SPY190812C294,2019-08-09,2019-08-09 09:33:30,0.81,0.162,385,0.8,0.16,1,0.8,0.16,1,0.805,0.161,315,0
SPY190812C294,2019-08-09,2019-08-09 09:33:31,0.8,0.16,101,0.79,0.158,6,0.8,0.16,1,0.795,0.159,316,0
SPY190812C294,2019-08-09,2019-08-09 09:33:32,0.8,0.16,43,0.79,0.158,6,0.8,0.16,1,0.795,0.159,316,0
SPY190812C294,2019-08-09,2019-08-09 09:33:32,0.8,0.16,81,0.79,0.158,6,0.8,0.16,1,0.795,0.159,316,0
SPY190812C294,2019-08-09,2019-08-09 09:33:33,0.8,0.16,43,0.79,0.158,6,0.8,0.16,1,0.795,0.159,316,0
SPY190812C294,2019-08-09,2019-08-09 09:33:34,0.8,0.16,233,0.78,0.156,32,0.8,0.16,1,0.79,0.158,316,0
SPY190812C294,2019-08-09,2019-08-09 09:33:34,0.8,0.16,75,0.78,0.156,134,0.8,0.16,1,0.79,0.158,316,0
SPY190812C294,2019-08-09,2019-08-09 09:33:35,0.79,0.158,7,0.78,0.156,6,0.8,0.16,1,0.785,0.157,316,0
SPY190812C294,2019-08-09,2019-08-09 09:33:35,0.79,0.158,5,0.78,0.156,6,0.8,0.16,1,0.785,0.157,316,0
SPY190812C294,2019-08-09,2019-08-09 09:33:36,0.79,0.158,1,0.77,0.154,246,0.78,0.156,1,0.78,0.156,317,1
SPY190812C294,2019-08-09,2019-08-09 09:33:36,0.79,0.158,100,0.77,0.154,120,0.8,0.16,1,0.78,0.156,316,0
SPY190812C294,2019-08-09,2019-08-09 09:33:37,0.79,0.158,10,0.78,0.156,16,0.78,0.156,1,0.785,0.157,317,0
SPY190812C294,2019-08-09,2019-08-09 09:33:37,0.79,0.158,10,0.78,0.156,10,0.78,0.156,1,0.785,0.157,317,0
SPY190812C294,2019-08-09,2019-08-09 09:33:38,0.79,0.158,10,0.78,0.156,49,0.78,0.156,1,0.785,0.157,317,0
SPY190812C294,2019-08-09,2019-08-09 09:33:38,0.79,0.158,7,0.78,0.156,2,0.78,0.156,1,0.785,0.157,317,0
SPY190812C294,2019-08-09,2019-08-09 09:33:39,0.79,0.158,149,0.78,0.156,2,0.78,0.156,1,0.785,0.157,317,0
SPY190812C294,2019-08-09,2019-08-09 09:33:39,0.79,0.158,117,0.78,0.156,2,0.78,0.156,1,0.785,0.157,317,0
SPY190812C294,2019-08-09,2019-08-09 09:33:40,0.79,0.158,154,0.78,0.156,2,0.78,0.156,1,0.785,0.157,317,0
SPY190812C294,2019-08-09,2019-08-09 09:33:40,0.79,0.158,149,0.78,0.156,2,0.78,0.156,1,0.785,0.157,317,0
SPY190812C294,2019-08-09,2019-08-09 09:33:41,0.78,0.156,10,0.76,0.152,104,0.78,0.156,2,0.77,0.154,319,2
SPY190812C294,2019-08-09,2019-08-09 09:33:41,0.79,0.158,305,0.78,0.156,2,0.78,0.156,1,0.785,0.157,317,0
SPY190812C294,2019-08-09,2019-08-09 09:33:42,0.78,0.156,5,0.76,0.152,104,0.78,0.156,2,0.77,0.154,319,0
SPY190812C294,2019-08-09,2019-08-09 09:33:42,0.78,0.156,99,0.76,0.152,88,0.78,0.156,2,0.77,0.154,319,0
SPY190812C294,2019-08-09,2019-08-09 09:33:43,0.78,0.156,99,0.76,0.152,102,0.78,0.156,2,0.77,0.154,319,0
SPY190812C294,2019-08-09,2019-08-09 09:33:43,0.78,0.156,155,0.76,0.152,105,0.78,0.156,2,0.77,0.154,319,0
SPY190812C294,2019-08-09,2019-08-09 09:33:44,0.78,0.156,99,0.77,0.154,6,0.78,0.156,2,0.775,0.155,319,0
SPY190812C294,2019-08-09,2019-08-09 09:33:44,0.78,0.156,99,0.77,0.154,28,0.78,0.156,2,0.775,0.155,319,0
SPY190812C294,2019-08-09,2019-08-09 09:33:45,0.77,0.154,5,0.76,0.152,83,0.78,0.156,2,0.765,0.153,319,0
SPY190812C294,2019-08-09,2019-08-09 09:33:46,0.77,0.154,5,0.76,0.152,94,0.76,0.152,3,0.765,0.153,322,3
SPY190812C294,2019-08-09,2019-08-09 09:33:46,0.8,0.16,90,0.77,0.154,6,0.76,0.152,3,0.785,0.157,322,0
SPY190812C294,2019-08-09,2019-08-09 09:33:47,0.8,0.16,6,0.78,0.156,6,0.76,0.152,3,0.79,0.158,322,0
SPY190812C294,2019-08-09,2019-08-09 09:33:47,0.8,0.16,67,0.78,0.156,260,0.76,0.152,3,0.79,0.158,322,0
SPY190812C294,2019-08-09,2019-08-09 09:33:48,0.8,0.16,6,0.79,0.158,6,0.76,0.152,3,0.795,0.159,322,0
SPY190812C294,2019-08-09,2019-08-09 09:33:48,0.81,0.162,10,0.79,0.158,74,0.8,0.16,1,0.8,0.16,329,7
SPY190812C294,2019-08-09,2019-08-09 09:33:49,0.82,0.164,159,0.8,0.16,89,0.8,0.16,1,0.81,0.162,329,0
SPY190812C294,2019-08-09,2019-08-09 09:33:49,0.81,0.162,60,0.8,0.16,7,0.8,0.16,1,0.805,0.161,329,0
SPY190812C294,2019-08-09,2019-08-09 09:33:50,0.81,0.162,1,0.8,0.16,125,0.81,0.162,1,0.805,0.161,334,5
SPY190812C294,2019-08-09,2019-08-09 09:33:50,0.81,0.162,1,0.81,0.162,6,0.81,0.162,1,0.81,0.162,334,0
SPY190812C294,2019-08-09,2019-08-09 09:33:51,0.81,0.162,1,0.81,0.162,6,0.81,0.162,1,0.81,0.162,334,0
SPY190812C294,2019-08-09,2019-08-09 09:33:51,0.82,0.164,6,0.81,0.162,6,0.81,0.162,1,0.815,0.163,334,0
SPY190812C294,2019-08-09,2019-08-09 09:33:52,0.82,0.164,128,0.81,0.162,6,0.81,0.162,1,0.815,0.163,334,0
SPY190812C294,2019-08-09,2019-08-09 09:33:53,0.82,0.164,10,0.81,0.162,1,0.81,0.162,1,0.815,0.163,334,0
SPY190812C294,2019-08-09,2019-08-09 09:33:53,0.82,0.164,128,0.81,0.162,6,0.81,0.162,1,0.815,0.163,334,0
SPY190812C294,2019-08-09,2019-08-09 09:33:54,0.82,0.164,1,0.81,0.162,58,0.81,0.162,5,0.815,0.163,339,0
SPY190812C294,2019-08-09,2019-08-09 09:33:54,0.82,0.164,6,0.81,0.162,16,0.81,0.162,5,0.815,0.163,339,5
SPY190812C294,2019-08-09,2019-08-09 09:33:55,0.82,0.164,75,0.81,0.162,6,0.81,0.162,5,0.815,0.163,339,0
SPY190812C294,2019-08-09,2019-08-09 09:33:55,0.82,0.164,6,0.81,0.162,32,0.81,0.162,5,0.815,0.163,339,0
SPY190812C294,2019-08-09,2019-08-09 09:33:56,0.82,0.164,8,0.81,0.162,6,0.81,0.162,5,0.815,0.163,339,0
SPY190812C294,2019-08-09,2019-08-09 09:33:56,0.82,0.164,5,0.81,0.162,6,0.82,0.164,1,0.815,0.163,340,1
SPY190812C294,2019-08-09,2019-08-09 09:33:57,0.82,0.164,1,0.81,0.162,38,0.82,0.164,1,0.815,0.163,340,0
SPY190812C294,2019-08-09,2019-08-09 09:33:57,0.82,0.164,5,0.81,0.162,42,0.82,0.164,1,0.815,0.163,340,0
SPY190812C294,2019-08-09,2019-08-09 09:33:58,0.82,0.164,40,0.81,0.162,6,0.82,0.164,1,0.815,0.163,340,0
SPY190812C294,2019-08-09,2019-08-09 09:33:59,0.82,0.164,11,0.81,0.162,6,0.82,0.164,1,0.815,0.163,340,0
SPY190812C294,2019-08-09,2019-08-09 09:33:59,0.82,0.164,5,0.81,0.162,6,0.82,0.164,1,0.815,0.163,340,0
SPY190812C294,2019-08-09,2019-08-09 09:34:00,0.82,0.164,174,0.8,0.16,7,0.82,0.164,1,0.81,0.162,340,0
SPY190812C294,2019-08-09,2019-08-09 09:34:00,0.81,0.162,5,0.8,0.16,6,0.82,0.164,1,0.805,0.161,340,0
SPY190812C294,2019-08-09,2019-08-09 09:34:01,0.82,0.164,153,0.8,0.16,142,0.82,0.164,1,0.81,0.162,340,0
SPY190812C294,2019-08-09,2019-08-09 09:34:01,0.82,0.164,595,0.81,0.162,6,0.82,0.164,1,0.815,0.163,340,0
SPY190812C294,2019-08-09,2019-08-09 09:34:02,0.82,0.164,5,0.8,0.16,104,0.82,0.164,1,0.81,0.162,340,0
SPY190812C294,2019-08-09,2019-08-09 09:34:02,0.82,0.164,159,0.8,0.16,104,0.82,0.164,1,0.81,0.162,340,0
SPY190812C294,2019-08-09,2019-08-09 09:34:03,0.82,0.164,5,0.81,0.162,6,0.82,0.164,1,0.815,0.163,340,0
SPY190812C294,2019-08-09,2019-08-09 09:34:04,0.82,0.164,5,0.81,0.162,6,0.82,0.164,1,0.815,0.163,340,0
SPY190812C294,2019-08-09,2019-08-09 09:34:04,0.82,0.164,10,0.81,0.162,16,0.82,0.164,1,0.815,0.163,340,0
SPY190812C294,2019-08-09,2019-08-09 09:34:05,0.84,0.168,195,0.82,0.164,34,0.82,0.164,1,0.83,0.166,340,0
SPY190812C294,2019-08-09,2019-08-09 09:34:06,0.83,0.166,10,0.82,0.164,16,0.82,0.164,1,0.825,0.165,340,0
SPY190812C294,2019-08-09,2019-08-09 09:34:06,0.84,0.168,379,0.82,0.164,16,0.82,0.164,1,0.83,0.166,340,0
SPY190812C294,2019-08-09,2019-08-09 09:34:07,0.83,0.166,5,0.82,0.164,6,0.82,0.164,1,0.825,0.165,340,0
SPY190812C294,2019-08-09,2019-08-09 09:34:08,0.83,0.166,58,0.82,0.164,6,0.82,0.164,1,0.825,0.165,340,0
SPY190812C294,2019-08-09,2019-08-09 09:34:08,0.83,0.166,16,0.82,0.164,6,0.82,0.164,1,0.825,0.165,340,0
SPY190812C294,2019-08-09,2019-08-09 09:34:09,0.84,0.168,565,0.82,0.164,6,0.82,0.164,1,0.83,0.166,340,0
SPY190812C294,2019-08-09,2019-08-09 09:34:10,0.83,0.166,33,0.82,0.164,6,0.82,0.164,1,0.825,0.165,340,0
SPY190812C294,2019-08-09,2019-08-09 09:34:10,0.83,0.166,65,0.82,0.164,6,0.82,0.164,1,0.825,0.165,340,0
SPY190812C294,2019-08-09,2019-08-09 09:34:11,0.82,0.164,6,0.8,0.16,131,0.82,0.164,1,0.81,0.162,340,0
SPY190812C294,2019-08-09,2019-08-09 09:34:11,0.83,0.166,15,0.81,0.162,6,0.82,0.164,1,0.82,0.164,340,0
SPY190812C294,2019-08-09,2019-08-09 09:34:12,0.82,0.164,12,0.8,0.16,131,0.82,0.164,1,0.81,0.162,340,0
SPY190812C294,2019-08-09,2019-08-09 09:34:12,0.81,0.162,1,0.8,0.16,67,0.82,0.164,1,0.805,0.161,340,0
SPY190812C294,2019-08-09,2019-08-09 09:34:13,0.82,0.164,110,0.8,0.16,119,0.82,0.164,1,0.81,0.162,340,0
SPY190812C294,2019-08-09,2019-08-09 09:34:13,0.82,0.164,115,0.8,0.16,202,0.82,0.164,1,0.81,0.162,340,0
SPY190812C294,2019-08-09,2019-08-09 09:34:14,0.81,0.162,12,0.79,0.158,60,0.82,0.164,1,0.8,0.16,340,0
SPY190812C294,2019-08-09,2019-08-09 09:34:14,0.81,0.162,116,0.79,0.158,60,0.82,0.164,1,0.8,0.16,340,0
SPY190812C294,2019-08-09,2019-08-09 09:34:15,0.81,0.162,17,0.8,0.16,10,0.82,0.164,1,0.805,0.161,340,0
SPY190812C294,2019-08-09,2019-08-09 09:34:15,0.81,0.162,78,0.8,0.16,10,0.82,0.164,1,0.805,0.161,340,0
SPY190812C294,2019-08-09,2019-08-09 09:34:16,0.81,0.162,98,0.79,0.158,166,0.82,0.164,1,0.8,0.16,340,0
SPY190812C294,2019-08-09,2019-08-09 09:34:16,0.81,0.162,74,0.79,0.158,166,0.82,0.164,1,0.8,0.16,340,0
SPY190812C294,2019-08-09,2019-08-09 09:34:17,0.81,0.162,103,0.8,0.16,1,0.82,0.164,1,0.805,0.161,340,0
SPY190812C294,2019-08-09,2019-08-09 09:34:17,0.81,0.162,146,0.8,0.16,1,0.82,0.164,1,0.805,0.161,340,0
SPY190812C294,2019-08-09,2019-08-09 09:34:18,0.81,0.162,171,0.8,0.16,1,0.82,0.164,1,0.805,0.161,340,0
SPY190812C294,2019-08-09,2019-08-09 09:34:19,0.82,0.164,153,0.8,0.16,76,0.82,0.164,1,0.81,0.162,340,0
SPY190812C294,2019-08-09,2019-08-09 09:34:19,0.82,0.164,153,0.8,0.16,140,0.82,0.164,1,0.81,0.162,340,0
SPY190812C294,2019-08-09,2019-08-09 09:34:20,0.82,0.164,153,0.81,0.162,25,0.82,0.164,1,0.815,0.163,340,0
SPY190812C294,2019-08-09,2019-08-09 09:34:20,0.81,0.162,5,0.8,0.16,128,0.82,0.164,1,0.805,0.161,340,0
SPY190812C294,2019-08-09,2019-08-09 09:34:21,0.82,0.164,87,0.8,0.16,114,0.82,0.164,1,0.81,0.162,340,0
SPY190812C294,2019-08-09,2019-08-09 09:34:21,0.82,0.164,106,0.8,0.16,128,0.82,0.164,1,0.81,0.162,340,0
SPY190812C294,2019-08-09,2019-08-09 09:34:22,0.82,0.164,87,0.81,0.162,28,0.82,0.164,1,0.815,0.163,340,0
SPY190812C294,2019-08-09,2019-08-09 09:34:23,0.83,0.166,77,0.81,0.162,241,0.82,0.164,1,0.82,0.164,340,0
SPY190812C294,2019-08-09,2019-08-09 09:34:23,0.82,0.164,87,0.81,0.162,7,0.82,0.164,1,0.815,0.163,340,0
SPY190812C294,2019-08-09,2019-08-09 09:34:24,0.83,0.166,5,0.82,0.164,35,0.82,0.164,1,0.825,0.165,340,0
SPY190812C294,2019-08-09,2019-08-09 09:34:24,0.83,0.166,5,0.81,0.162,256,0.82,0.164,1,0.82,0.164,340,0
SPY190812C294,2019-08-09,2019-08-09 09:34:25,0.84,0.168,100,0.82,0.164,244,0.82,0.164,1,0.83,0.166,340,0
SPY190812C294,2019-08-09,2019-08-09 09:34:26,0.83,0.166,6,0.82,0.164,4,0.82,0.164,1,0.825,0.165,340,0
SPY190812C294,2019-08-09,2019-08-09 09:34:26,0.83,0.166,106,0.82,0.164,4,0.82,0.164,1,0.825,0.165,340,0
SPY190812C294,2019-08-09,2019-08-09 09:34:27,0.83,0.166,520,0.82,0.164,4,0.82,0.164,1,0.825,0.165,340,0
SPY190812C294,2019-08-09,2019-08-09 09:34:28,0.82,0.164,1,0.8,0.16,149,0.82,0.164,1,0.81,0.162,344,4
SPY190812C294,2019-08-09,2019-08-09 09:34:28,0.82,0.164,1,0.8,0.16,127,0.82,0.164,1,0.81,0.162,345,1
SPY190812C294,2019-08-09,2019-08-09 09:34:29,0.82,0.164,107,0.81,0.162,20,0.82,0.164,1,0.815,0.163,347,2
SPY190812C294,2019-08-09,2019-08-09 09:34:29,0.82,0.164,105,0.8,0.16,137,0.82,0.164,1,0.81,0.162,345,0
SPY190812C294,2019-08-09,2019-08-09 09:34:30,0.82,0.164,192,0.81,0.162,20,0.82,0.164,1,0.815,0.163,347,0
SPY190812C294,2019-08-09,2019-08-09 09:34:30,0.82,0.164,107,0.81,0.162,20,0.82,0.164,1,0.815,0.163,347,0
SPY190812C294,2019-08-09,2019-08-09 09:34:31,0.82,0.164,71,0.81,0.162,20,0.82,0.164,1,0.815,0.163,347,0
SPY190812C294,2019-08-09,2019-08-09 09:34:31,0.82,0.164,93,0.81,0.162,20,0.82,0.164,1,0.815,0.163,347,0
SPY190812C294,2019-08-09,2019-08-09 09:34:32,0.83,0.166,8,0.81,0.162,98,0.82,0.164,1,0.82,0.164,347,0
SPY190812C294,2019-08-09,2019-08-09 09:34:33,0.83,0.166,115,0.81,0.162,108,0.82,0.164,1,0.82,0.164,348,1
SPY190812C294,2019-08-09,2019-08-09 09:34:33,0.83,0.166,100,0.81,0.162,98,0.82,0.164,1,0.82,0.164,347,0
SPY190812C294,2019-08-09,2019-08-09 09:34:34,0.84,0.168,332,0.82,0.164,64,0.82,0.164,1,0.83,0.166,348,0
SPY190812C294,2019-08-09,2019-08-09 09:34:34,0.84,0.168,332,0.82,0.164,7,0.82,0.164,1,0.83,0.166,348,0
SPY190812C294,2019-08-09,2019-08-09 09:34:35,0.83,0.166,5,0.82,0.164,6,0.82,0.164,1,0.825,0.165,348,0
SPY190812C294,2019-08-09,2019-08-09 09:34:35,0.83,0.166,14,0.82,0.164,6,0.82,0.164,1,0.825,0.165,348,0
SPY190812C294,2019-08-09,2019-08-09 09:34:36,0.83,0.166,5,0.82,0.164,31,0.82,0.164,1,0.825,0.165,348,0
SPY190812C294,2019-08-09,2019-08-09 09:34:37,0.84,0.168,295,0.82,0.164,6,0.82,0.164,1,0.83,0.166,348,0
SPY190812C294,2019-08-09,2019-08-09 09:34:37,0.83,0.166,60,0.82,0.164,4,0.82,0.164,1,0.825,0.165,348,0
SPY190812C294,2019-08-09,2019-08-09 09:34:38,0.84,0.168,270,0.82,0.164,53,0.82,0.164,1,0.83,0.166,348,0
SPY190812C294,2019-08-09,2019-08-09 09:34:38,0.84,0.168,295,0.82,0.164,41,0.82,0.164,1,0.83,0.166,348,0
SPY190812C294,2019-08-09,2019-08-09 09:34:39,0.84,0.168,270,0.82,0.164,65,0.82,0.164,1,0.83,0.166,348,0
SPY190812C294,2019-08-09,2019-08-09 09:34:39,0.84,0.168,208,0.82,0.164,45,0.82,0.164,1,0.83,0.166,348,0
SPY190812C294,2019-08-09,2019-08-09 09:34:40,0.84,0.168,211,0.82,0.164,6,0.82,0.164,1,0.83,0.166,348,0
SPY190812C294,2019-08-09,2019-08-09 09:34:40,0.84,0.168,213,0.82,0.164,25,0.82,0.164,1,0.83,0.166,348,0
SPY190812C294,2019-08-09,2019-08-09 09:34:41,0.84,0.168,211,0.82,0.164,6,0.82,0.164,1,0.83,0.166,348,0
SPY190812C294,2019-08-09,2019-08-09 09:34:42,0.83,0.166,89,0.82,0.164,6,0.82,0.164,1,0.825,0.165,348,0
SPY190812C294,2019-08-09,2019-08-09 09:34:42,0.84,0.168,100,0.82,0.164,143,0.82,0.164,1,0.83,0.166,348,0
SPY190812C294,2019-08-09,2019-08-09 09:34:43,0.84,0.168,100,0.82,0.164,107,0.82,0.164,1,0.83,0.166,348,0
SPY190812C294,2019-08-09,2019-08-09 09:34:43,0.84,0.168,86,0.82,0.164,118,0.82,0.164,1,0.83,0.166,348,0
SPY190812C294,2019-08-09,2019-08-09 09:34:44,0.84,0.168,6,0.83,0.166,6,0.82,0.164,1,0.835,0.167,348,0
SPY190812C294,2019-08-09,2019-08-09 09:34:44,0.84,0.168,15,0.83,0.166,6,0.82,0.164,1,0.835,0.167,348,0
SPY190812C294,2019-08-09,2019-08-09 09:34:45,0.84,0.168,8,0.83,0.166,5,0.84,0.168,1,0.835,0.167,349,1
SPY190812C294,2019-08-09,2019-08-09 09:34:45,0.85,0.17,258,0.83,0.166,6,0.82,0.164,1,0.84,0.168,348,0
SPY190812C294,2019-08-09,2019-08-09 09:34:46,0.85,0.17,50,0.84,0.168,6,0.84,0.168,1,0.845,0.169,349,0
SPY190812C294,2019-08-09,2019-08-09 09:34:46,0.85,0.17,211,0.84,0.168,6,0.84,0.168,1,0.845,0.169,349,0
SPY190812C294,2019-08-09,2019-08-09 09:34:47,0.85,0.17,15,0.84,0.168,6,0.84,0.168,1,0.845,0.169,349,0
SPY190812C294,2019-08-09,2019-08-09 09:34:47,0.85,0.17,41,0.84,0.168,6,0.84,0.168,1,0.845,0.169,349,0
SPY190812C294,2019-08-09,2019-08-09 09:34:48,0.85,0.17,11,0.84,0.168,6,0.84,0.168,1,0.845,0.169,349,0
SPY190812C294,2019-08-09,2019-08-09 09:34:48,0.86,0.172,515,0.84,0.168,6,0.84,0.168,1,0.85,0.17,349,0
SPY190812C294,2019-08-09,2019-08-09 09:34:49,0.85,0.17,157,0.84,0.168,6,0.85,0.17,1,0.845,0.169,350,1
SPY190812C294,2019-08-09,2019-08-09 09:34:49,0.85,0.17,1,0.83,0.166,6,0.84,0.168,3,0.84,0.168,353,3
SPY190812C294,2019-08-09,2019-08-09 09:34:50,0.85,0.17,466,0.81,0.162,450,0.84,0.168,3,0.83,0.166,353,0
SPY190812C294,2019-08-09,2019-08-09 09:34:50,0.86,0.172,251,0.81,0.162,450,0.84,0.168,3,0.835,0.167,353,0
SPY190812C294,2019-08-09,2019-08-09 09:34:51,0.85,0.17,89,0.83,0.166,60,0.84,0.168,3,0.84,0.168,353,0
SPY190812C294,2019-08-09,2019-08-09 09:34:51,0.85,0.17,100,0.83,0.166,6,0.84,0.168,3,0.84,0.168,353,0
SPY190812C294,2019-08-09,2019-08-09 09:34:52,0.85,0.17,18,0.83,0.166,116,0.84,0.168,3,0.84,0.168,353,0
SPY190812C294,2019-08-09,2019-08-09 09:34:52,0.86,0.172,529,0.84,0.168,6,0.84,0.168,3,0.85,0.17,353,0
SPY190812C294,2019-08-09,2019-08-09 09:34:53,0.85,0.17,4,0.84,0.168,6,0.85,0.17,1,0.845,0.169,354,1
SPY190812C294,2019-08-09,2019-08-09 09:34:53,0.86,0.172,265,0.84,0.168,6,0.84,0.168,3,0.85,0.17,353,0
SPY190812C294,2019-08-09,2019-08-09 09:34:54,0.85,0.17,41,0.84,0.168,6,0.85,0.17,1,0.845,0.169,354,0
SPY190812C294,2019-08-09,2019-08-09 09:34:54,0.85,0.17,41,0.84,0.168,7,0.85,0.17,1,0.845,0.169,354,0
SPY190812C294,2019-08-09,2019-08-09 09:34:55,0.85,0.17,66,0.84,0.168,7,0.85,0.17,1,0.845,0.169,354,0
SPY190812C294,2019-08-09,2019-08-09 09:34:56,0.85,0.17,66,0.84,0.168,6,0.85,0.17,1,0.845,0.169,354,0
SPY190812C294,2019-08-09,2019-08-09 09:34:57,0.86,0.172,265,0.84,0.168,6,0.85,0.17,1,0.85,0.17,354,0
SPY190812C294,2019-08-09,2019-08-09 09:34:58,0.86,0.172,102,0.85,0.17,40,0.85,0.17,1,0.855,0.171,354,0
SPY190812C294,2019-08-09,2019-08-09 09:34:59,0.86,0.172,152,0.85,0.17,40,0.85,0.17,1,0.855,0.171,354,0
SPY190812C294,2019-08-09,2019-08-09 09:34:59,0.86,0.172,78,0.85,0.17,40,0.85,0.17,1,0.855,0.171,354,0
SPY190812C294,2019-08-09,2019-08-09 09:35:00,0.86,0.172,104,0.85,0.17,40,0.85,0.17,1,0.855,0.171,354,0
SPY190812C294,2019-08-09,2019-08-09 09:35:00,0.86,0.172,78,0.85,0.17,40,0.85,0.17,1,0.855,0.171,354,0
SPY190812C294,2019-08-09,2019-08-09 09:35:01,0.86,0.172,9,0.85,0.17,40,0.85,0.17,1,0.855,0.171,354,0
SPY190812C294,2019-08-09,2019-08-09 09:35:02,0.86,0.172,117,0.85,0.17,40,0.85,0.17,1,0.855,0.171,354,0
SPY190812C294,2019-08-09,2019-08-09 09:35:02,0.85,0.17,1,0.85,0.17,40,0.85,0.17,1,0.85,0.17,404,50
SPY190812C294,2019-08-09,2019-08-09 09:35:03,0.85,0.17,100,0.83,0.166,70,0.85,0.17,1,0.84,0.168,405,1
SPY190812C294,2019-08-09,2019-08-09 09:35:06,0.83,0.166,9,0.82,0.164,6,0.85,0.17,1,0.825,0.165,405,0
SPY190812C294,2019-08-09,2019-08-09 09:35:07,0.83,0.166,5,0.81,0.162,208,0.85,0.17,1,0.82,0.164,405,0
SPY190812C294,2019-08-09,2019-08-09 09:35:08,0.83,0.166,1,0.82,0.164,6,0.83,0.166,2,0.825,0.165,407,2
SPY190812C294,2019-08-09,2019-08-09 09:35:08,0.83,0.166,5,0.82,0.164,6,0.85,0.17,1,0.825,0.165,405,0
SPY190812C294,2019-08-09,2019-08-09 09:35:09,0.84,0.168,212,0.82,0.164,8,0.83,0.166,2,0.83,0.166,407,0
SPY190812C294,2019-08-09,2019-08-09 09:35:09,0.83,0.166,100,0.81,0.162,6,0.83,0.166,2,0.82,0.164,407,0
SPY190812C294,2019-08-09,2019-08-09 09:35:10,0.83,0.166,182,0.8,0.16,214,0.83,0.166,2,0.815,0.163,407,0
SPY190812C294,2019-08-09,2019-08-09 09:35:10,0.82,0.164,19,0.8,0.16,214,0.83,0.166,2,0.81,0.162,407,0
SPY190812C294,2019-08-09,2019-08-09 09:35:11,0.83,0.166,8,0.81,0.162,213,0.83,0.166,2,0.82,0.164,407,0
SPY190812C294,2019-08-09,2019-08-09 09:35:12,0.83,0.166,148,0.81,0.162,189,0.83,0.166,2,0.82,0.164,407,0
SPY190812C294,2019-08-09,2019-08-09 09:35:12,0.84,0.168,6,0.82,0.164,209,0.83,0.166,2,0.83,0.166,407,0
SPY190812C294,2019-08-09,2019-08-09 09:35:13,0.84,0.168,10,0.82,0.164,209,0.83,0.166,2,0.83,0.166,407,0
SPY190812C294,2019-08-09,2019-08-09 09:35:14,0.85,0.17,142,0.83,0.166,166,0.83,0.166,2,0.84,0.168,407,0
SPY190812C294,2019-08-09,2019-08-09 09:35:14,0.84,0.168,1,0.83,0.166,6,0.83,0.166,2,0.835,0.167,407,0
SPY190812C294,2019-08-09,2019-08-09 09:35:15,0.84,0.168,7,0.83,0.166,131,0.83,0.166,2,0.835,0.167,407,0
SPY190812C294,2019-08-09,2019-08-09 09:35:15,0.84,0.168,11,0.83,0.166,131,0.83,0.166,2,0.835,0.167,407,0
SPY190812C294,2019-08-09,2019-08-09 09:35:16,0.85,0.17,148,0.83,0.166,170,0.83,0.166,2,0.84,0.168,407,0
SPY190812C294,2019-08-09,2019-08-09 09:35:16,0.84,0.168,1,0.83,0.166,213,0.83,0.166,2,0.835,0.167,407,0
SPY190812C294,2019-08-09,2019-08-09 09:35:17,0.85,0.17,6,0.83,0.166,198,0.83,0.166,2,0.84,0.168,407,0
SPY190812C294,2019-08-09,2019-08-09 09:35:17,0.85,0.17,6,0.83,0.166,170,0.83,0.166,2,0.84,0.168,407,0
SPY190812C294,2019-08-09,2019-08-09 09:35:18,0.86,0.172,100,0.84,0.168,6,0.83,0.166,2,0.85,0.17,407,0
SPY190812C294,2019-08-09,2019-08-09 09:35:18,0.85,0.17,5,0.84,0.168,60,0.83,0.166,2,0.845,0.169,407,0
SPY190812C294,2019-08-09,2019-08-09 09:35:19,0.85,0.17,77,0.84,0.168,6,0.83,0.166,2,0.845,0.169,407,0
SPY190812C294,2019-08-09,2019-08-09 09:35:19,0.86,0.172,169,0.84,0.168,6,0.83,0.166,2,0.85,0.17,407,0
SPY190812C294,2019-08-09,2019-08-09 09:35:20,0.85,0.17,10,0.84,0.168,6,0.83,0.166,2,0.845,0.169,407,0
SPY190812C294,2019-08-09,2019-08-09 09:35:21,0.84,0.168,10,0.83,0.166,126,0.83,0.166,2,0.835,0.167,407,0
SPY190812C294,2019-08-09,2019-08-09 09:35:21,0.85,0.17,117,0.83,0.166,208,0.83,0.166,2,0.84,0.168,407,0
SPY190812C294,2019-08-09,2019-08-09 09:35:22,0.84,0.168,1,0.82,0.164,262,0.84,0.168,3,0.83,0.166,412,5
SPY190812C294,2019-08-09,2019-08-09 09:35:22,0.85,0.17,6,0.83,0.166,6,0.83,0.166,2,0.84,0.168,407,0
SPY190812C294,2019-08-09,2019-08-09 09:35:23,0.85,0.17,148,0.83,0.166,156,0.84,0.168,3,0.84,0.168,412,0
SPY190812C294,2019-08-09,2019-08-09 09:35:23,0.84,0.168,10,0.83,0.166,174,0.84,0.168,3,0.835,0.167,412,0
SPY190812C294,2019-08-09,2019-08-09 09:35:24,0.84,0.168,13,0.83,0.166,145,0.84,0.168,3,0.835,0.167,412,0
SPY190812C294,2019-08-09,2019-08-09 09:35:24,0.85,0.17,208,0.84,0.168,1,0.84,0.168,3,0.845,0.169,412,0
SPY190812C294,2019-08-09,2019-08-09 09:35:25,0.85,0.17,295,0.84,0.168,1,0.84,0.168,3,0.845,0.169,412,0
SPY190812C294,2019-08-09,2019-08-09 09:35:26,0.85,0.17,225,0.84,0.168,1,0.84,0.168,10,0.845,0.169,422,0
SPY190812C294,2019-08-09,2019-08-09 09:35:26,0.85,0.17,208,0.84,0.168,1,0.84,0.168,10,0.845,0.169,422,10
SPY190812C294,2019-08-09,2019-08-09 09:35:27,0.85,0.17,210,0.84,0.168,1,0.84,0.168,10,0.845,0.169,422,0
SPY190812C294,2019-08-09,2019-08-09 09:35:28,0.85,0.17,100,0.84,0.168,1,0.84,0.168,10,0.845,0.169,422,0
SPY190812C294,2019-08-09,2019-08-09 09:35:28,0.85,0.17,140,0.84,0.168,1,0.84,0.168,10,0.845,0.169,422,0
SPY190812C294,2019-08-09,2019-08-09 09:35:29,0.85,0.17,138,0.84,0.168,1,0.84,0.168,10,0.845,0.169,422,0
SPY190812C294,2019-08-09,2019-08-09 09:35:29,0.85,0.17,190,0.84,0.168,1,0.84,0.168,10,0.845,0.169,422,0
SPY190812C294,2019-08-09,2019-08-09 09:35:30,0.85,0.17,123,0.84,0.168,1,0.84,0.168,10,0.845,0.169,422,0
SPY190812C294,2019-08-09,2019-08-09 09:35:32,0.85,0.17,5,0.84,0.168,6,0.85,0.17,5,0.845,0.169,427,5
SPY190812C294,2019-08-09,2019-08-09 09:35:32,0.85,0.17,85,0.84,0.168,6,0.85,0.17,5,0.845,0.169,427,0
SPY190812C294,2019-08-09,2019-08-09 09:35:33,0.85,0.17,5,0.84,0.168,6,0.85,0.17,5,0.845,0.169,427,0
SPY190812C294,2019-08-09,2019-08-09 09:35:33,0.85,0.17,5,0.84,0.168,16,0.85,0.17,5,0.845,0.169,427,0
SPY190812C294,2019-08-09,2019-08-09 09:35:34,0.85,0.17,9,0.84,0.168,16,0.85,0.17,5,0.845,0.169,427,0
SPY190812C294,2019-08-09,2019-08-09 09:35:34,0.85,0.17,52,0.84,0.168,16,0.85,0.17,5,0.845,0.169,427,0
SPY190812C294,2019-08-09,2019-08-09 09:35:35,0.85,0.17,52,0.84,0.168,7,0.85,0.17,5,0.845,0.169,427,0
SPY190812C294,2019-08-09,2019-08-09 09:35:36,0.85,0.17,67,0.84,0.168,16,0.85,0.17,5,0.845,0.169,427,0
SPY190812C294,2019-08-09,2019-08-09 09:35:36,0.85,0.17,102,0.84,0.168,16,0.85,0.17,5,0.845,0.169,427,0
SPY190812C294,2019-08-09,2019-08-09 09:35:37,0.85,0.17,40,0.84,0.168,16,0.85,0.17,5,0.845,0.169,427,0
SPY190812C294,2019-08-09,2019-08-09 09:35:37,0.85,0.17,7,0.84,0.168,16,0.85,0.17,5,0.845,0.169,427,0
SPY190812C294,2019-08-09,2019-08-09 09:35:38,0.86,0.172,277,0.84,0.168,6,0.85,0.17,5,0.85,0.17,427,0
SPY190812C294,2019-08-09,2019-08-09 09:35:38,0.85,0.17,2,0.84,0.168,6,0.85,0.17,5,0.845,0.169,427,0
SPY190812C294,2019-08-09,2019-08-09 09:35:39,0.86,0.172,277,0.84,0.168,6,0.85,0.17,2,0.85,0.17,429,2
SPY190812C294,2019-08-09,2019-08-09 09:35:40,0.85,0.17,9,0.84,0.168,6,0.85,0.17,2,0.845,0.169,429,0
SPY190812C294,2019-08-09,2019-08-09 09:35:40,0.85,0.17,64,0.84,0.168,6,0.85,0.17,2,0.845,0.169,429,0
SPY190812C294,2019-08-09,2019-08-09 09:35:41,0.85,0.17,119,0.84,0.168,6,0.85,0.17,2,0.845,0.169,429,0
SPY190812C294,2019-08-09,2019-08-09 09:35:42,0.85,0.17,12,0.84,0.168,6,0.85,0.17,2,0.845,0.169,429,0
SPY190812C294,2019-08-09,2019-08-09 09:35:42,0.85,0.17,119,0.84,0.168,6,0.85,0.17,2,0.845,0.169,429,0
SPY190812C294,2019-08-09,2019-08-09 09:35:43,0.85,0.17,10,0.84,0.168,7,0.85,0.17,2,0.845,0.169,429,0
SPY190812C294,2019-08-09,2019-08-09 09:35:44,0.85,0.17,67,0.83,0.166,318,0.85,0.17,2,0.84,0.168,429,0
SPY190812C294,2019-08-09,2019-08-09 09:35:44,0.85,0.17,52,0.83,0.166,318,0.85,0.17,2,0.84,0.168,429,0
SPY190812C294,2019-08-09,2019-08-09 09:35:46,0.84,0.168,40,0.82,0.164,407,0.85,0.17,2,0.83,0.166,429,0
SPY190812C294,2019-08-09,2019-08-09 09:35:46,0.85,0.17,148,0.83,0.166,6,0.85,0.17,2,0.84,0.168,429,0
SPY190812C294,2019-08-09,2019-08-09 09:35:47,0.85,0.17,179,0.83,0.166,6,0.85,0.17,2,0.84,0.168,429,0
SPY190812C294,2019-08-09,2019-08-09 09:35:47,0.85,0.17,152,0.83,0.166,6,0.85,0.17,2,0.84,0.168,429,0
SPY190812C294,2019-08-09,2019-08-09 09:35:48,0.85,0.17,77,0.83,0.166,28,0.85,0.17,2,0.84,0.168,429,0
SPY190812C294,2019-08-09,2019-08-09 09:35:49,0.86,0.172,76,0.84,0.168,251,0.85,0.17,2,0.85,0.17,429,0
SPY190812C294,2019-08-09,2019-08-09 09:35:49,0.86,0.172,76,0.84,0.168,176,0.85,0.17,2,0.85,0.17,429,0
SPY190812C294,2019-08-09,2019-08-09 09:35:50,0.86,0.172,53,0.84,0.168,236,0.85,0.17,2,0.85,0.17,429,0
SPY190812C294,2019-08-09,2019-08-09 09:35:50,0.86,0.172,76,0.84,0.168,236,0.85,0.17,2,0.85,0.17,429,0
SPY190812C294,2019-08-09,2019-08-09 09:35:51,0.86,0.172,53,0.85,0.17,26,0.85,0.17,2,0.855,0.171,429,0
SPY190812C294,2019-08-09,2019-08-09 09:35:51,0.86,0.172,148,0.84,0.168,114,0.85,0.17,2,0.85,0.17,429,0
SPY190812C294,2019-08-09,2019-08-09 09:35:52,0.85,0.17,6,0.84,0.168,5,0.85,0.17,2,0.845,0.169,429,0
SPY190812C294,2019-08-09,2019-08-09 09:35:52,0.86,0.172,58,0.84,0.168,73,0.85,0.17,2,0.85,0.17,429,0
SPY190812C294,2019-08-09,2019-08-09 09:35:53,0.86,0.172,6,0.84,0.168,119,0.85,0.17,2,0.85,0.17,429,0
SPY190812C294,2019-08-09,2019-08-09 09:35:53,0.86,0.172,129,0.84,0.168,102,0.85,0.17,2,0.85,0.17,429,0
SPY190812C294,2019-08-09,2019-08-09 09:35:54,0.86,0.172,115,0.84,0.168,102,0.85,0.17,2,0.85,0.17,429,0
SPY190812C294,2019-08-09,2019-08-09 09:35:54,0.86,0.172,12,0.84,0.168,111,0.85,0.17,2,0.85,0.17,429,0
SPY190812C294,2019-08-09,2019-08-09 09:35:55,0.85,0.17,16,0.84,0.168,91,0.85,0.17,2,0.845,0.169,429,0
SPY190812C294,2019-08-09,2019-08-09 09:35:55,0.86,0.172,115,0.84,0.168,111,0.85,0.17,2,0.85,0.17,429,0
SPY190812C294,2019-08-09,2019-08-09 09:35:56,0.85,0.17,74,0.84,0.168,2,0.85,0.17,1,0.845,0.169,430,1
SPY190812C294,2019-08-09,2019-08-09 09:35:56,0.85,0.17,80,0.84,0.168,2,0.85,0.17,1,0.845,0.169,430,0
SPY190812C294,2019-08-09,2019-08-09 09:35:57,0.85,0.17,97,0.84,0.168,2,0.85,0.17,1,0.845,0.169,430,0
SPY190812C294,2019-08-09,2019-08-09 09:35:58,0.85,0.17,5,0.84,0.168,2,0.85,0.17,1,0.845,0.169,430,0
SPY190812C294,2019-08-09,2019-08-09 09:35:58,0.85,0.17,5,0.84,0.168,28,0.85,0.17,1,0.845,0.169,430,0
SPY190812C294,2019-08-09,2019-08-09 09:35:59,0.85,0.17,10,0.84,0.168,35,0.85,0.17,3,0.845,0.169,433,3
SPY190812C294,2019-08-09,2019-08-09 09:35:59,0.85,0.17,10,0.84,0.168,57,0.85,0.17,3,0.845,0.169,433,0
SPY190812C294,2019-08-09,2019-08-09 09:36:00,0.86,0.172,189,0.84,0.168,61,0.85,0.17,3,0.85,0.17,433,0
SPY190812C294,2019-08-09,2019-08-09 09:36:00,0.86,0.172,150,0.84,0.168,125,0.85,0.17,3,0.85,0.17,433,0
SPY190812C294,2019-08-09,2019-08-09 09:36:01,0.86,0.172,185,0.84,0.168,6,0.85,0.17,3,0.85,0.17,433,0
SPY190812C294,2019-08-09,2019-08-09 09:36:01,0.86,0.172,155,0.84,0.168,109,0.85,0.17,3,0.85,0.17,433,0
SPY190812C294,2019-08-09,2019-08-09 09:36:02,0.85,0.17,13,0.84,0.168,2,0.86,0.172,2,0.845,0.169,435,0
SPY190812C294,2019-08-09,2019-08-09 09:36:02,0.86,0.172,155,0.84,0.168,109,0.86,0.172,2,0.85,0.17,435,2
SPY190812C294,2019-08-09,2019-08-09 09:36:03,0.86,0.172,106,0.84,0.168,69,0.86,0.172,2,0.85,0.17,435,0
SPY190812C294,2019-08-09,2019-08-09 09:36:03,0.86,0.172,213,0.84,0.168,94,0.86,0.172,2,0.85,0.17,435,0
SPY190812C294,2019-08-09,2019-08-09 09:36:04,0.86,0.172,200,0.84,0.168,118,0.86,0.172,2,0.85,0.17,435,0
SPY190812C294,2019-08-09,2019-08-09 09:36:05,0.86,0.172,200,0.84,0.168,80,0.86,0.172,2,0.85,0.17,435,0
SPY190812C294,2019-08-09,2019-08-09 09:36:06,0.86,0.172,100,0.85,0.17,6,0.86,0.172,2,0.855,0.171,435,0
SPY190812C294,2019-08-09,2019-08-09 09:36:06,0.86,0.172,200,0.84,0.168,80,0.86,0.172,2,0.85,0.17,435,0
SPY190812C294,2019-08-09,2019-08-09 09:36:07,0.86,0.172,130,0.85,0.17,6,0.86,0.172,2,0.855,0.171,435,0
SPY190812C294,2019-08-09,2019-08-09 09:36:07,0.86,0.172,104,0.85,0.17,6,0.86,0.172,2,0.855,0.171,435,0
SPY190812C294,2019-08-09,2019-08-09 09:36:08,0.86,0.172,104,0.85,0.17,6,0.86,0.172,2,0.855,0.171,435,0
SPY190812C294,2019-08-09,2019-08-09 09:36:09,0.86,0.172,10,0.85,0.17,1,0.85,0.17,1,0.855,0.171,436,1
SPY190812C294,2019-08-09,2019-08-09 09:36:09,0.86,0.172,119,0.85,0.17,6,0.86,0.172,2,0.855,0.171,435,0
SPY190812C294,2019-08-09,2019-08-09 09:36:10,0.85,0.17,15,0.84,0.168,6,0.86,0.172,2,0.845,0.169,438,0
SPY190812C294,2019-08-09,2019-08-09 09:36:10,0.85,0.17,5,0.85,0.17,1,0.86,0.172,2,0.85,0.17,438,2
SPY190812C294,2019-08-09,2019-08-09 09:36:11,0.85,0.17,13,0.84,0.168,6,0.86,0.172,2,0.845,0.169,438,0
SPY190812C294,2019-08-09,2019-08-09 09:36:11,0.85,0.17,115,0.84,0.168,6,0.84,0.168,6,0.845,0.169,444,6
SPY190812C294,2019-08-09,2019-08-09 09:36:12,0.83,0.166,9,0.81,0.162,144,0.84,0.168,6,0.82,0.164,444,0
SPY190812C294,2019-08-09,2019-08-09 09:36:12,0.84,0.168,56,0.81,0.162,115,0.84,0.168,6,0.825,0.165,444,0
SPY190812C294,2019-08-09,2019-08-09 09:36:13,0.83,0.166,19,0.81,0.162,159,0.84,0.168,6,0.82,0.164,444,0
SPY190812C294,2019-08-09,2019-08-09 09:36:13,0.83,0.166,9,0.81,0.162,106,0.84,0.168,6,0.82,0.164,444,0
SPY190812C294,2019-08-09,2019-08-09 09:36:14,0.83,0.166,148,0.81,0.162,208,0.84,0.168,6,0.82,0.164,444,0
SPY190812C294,2019-08-09,2019-08-09 09:36:14,0.83,0.166,5,0.82,0.164,6,0.84,0.168,6,0.825,0.165,444,0
SPY190812C294,2019-08-09,2019-08-09 09:36:15,0.82,0.164,49,0.81,0.162,7,0.84,0.168,6,0.815,0.163,444,0
SPY190812C294,2019-08-09,2019-08-09 09:36:15,0.82,0.164,18,0.81,0.162,6,0.84,0.168,6,0.815,0.163,444,0
SPY190812C294,2019-08-09,2019-08-09 09:36:16,0.82,0.164,152,0.8,0.16,291,0.84,0.168,6,0.81,0.162,444,0
SPY190812C294,2019-08-09,2019-08-09 09:36:16,0.82,0.164,163,0.8,0.16,508,0.82,0.164,1,0.81,0.162,445,1
SPY190812C294,2019-08-09,2019-08-09 09:36:17,0.81,0.162,1,0.8,0.16,223,0.82,0.164,1,0.805,0.161,445,0
SPY190812C294,2019-08-09,2019-08-09 09:36:17,0.82,0.164,15,0.8,0.16,10,0.82,0.164,1,0.81,0.162,445,0
SPY190812C294,2019-08-09,2019-08-09 09:36:18,0.81,0.162,1,0.8,0.16,237,0.82,0.164,1,0.805,0.161,445,0
SPY190812C294,2019-08-09,2019-08-09 09:36:19,0.81,0.162,56,0.8,0.16,10,0.82,0.164,1,0.805,0.161,445,0
SPY190812C294,2019-08-09,2019-08-09 09:36:19,0.81,0.162,106,0.8,0.16,10,0.82,0.164,1,0.805,0.161,445,0
SPY190812C294,2019-08-09,2019-08-09 09:36:20,0.81,0.162,106,0.8,0.16,10,0.8,0.16,1,0.805,0.161,446,0
SPY190812C294,2019-08-09,2019-08-09 09:36:20,0.81,0.162,106,0.8,0.16,10,0.8,0.16,1,0.805,0.161,446,1
SPY190812C294,2019-08-09,2019-08-09 09:36:21,0.81,0.162,165,0.8,0.16,10,0.8,0.16,1,0.805,0.161,446,0
SPY190812C294,2019-08-09,2019-08-09 09:36:21,0.81,0.162,148,0.8,0.16,55,0.8,0.16,1,0.805,0.161,446,0
SPY190812C294,2019-08-09,2019-08-09 09:36:22,0.81,0.162,5,0.8,0.16,28,0.8,0.16,1,0.805,0.161,446,0
SPY190812C294,2019-08-09,2019-08-09 09:36:22,0.81,0.162,1,0.8,0.16,39,0.8,0.16,1,0.805,0.161,446,0
SPY190812C294,2019-08-09,2019-08-09 09:36:23,0.8,0.16,15,0.78,0.156,153,0.8,0.16,10,0.79,0.158,458,0
SPY190812C294,2019-08-09,2019-08-09 09:36:23,0.81,0.162,5,0.79,0.158,1,0.8,0.16,10,0.8,0.16,458,12
SPY190812C294,2019-08-09,2019-08-09 09:36:24,0.8,0.16,76,0.78,0.156,154,0.8,0.16,10,0.79,0.158,458,0
SPY190812C294,2019-08-09,2019-08-09 09:36:24,0.79,0.158,6,0.78,0.156,60,0.8,0.16,10,0.785,0.157,458,0
SPY190812C294,2019-08-09,2019-08-09 09:36:25,0.8,0.16,299,0.78,0.156,69,0.8,0.16,10,0.79,0.158,458,0
SPY190812C294,2019-08-09,2019-08-09 09:36:25,0.78,0.156,1,0.78,0.156,69,0.8,0.16,10,0.78,0.156,458,0
SPY190812C294,2019-08-09,2019-08-09 09:36:26,0.79,0.158,5,0.77,0.154,237,0.78,0.156,1,0.78,0.156,460,1
SPY190812C294,2019-08-09,2019-08-09 09:36:26,0.78,0.156,6,0.77,0.154,60,0.78,0.156,1,0.775,0.155,459,1
SPY190812C294,2019-08-09,2019-08-09 09:36:27,0.79,0.158,10,0.78,0.156,126,0.78,0.156,1,0.785,0.157,460,0
SPY190812C294,2019-08-09,2019-08-09 09:36:27,0.79,0.158,10,0.78,0.156,28,0.78,0.156,1,0.785,0.157,460,0
SPY190812C294,2019-08-09,2019-08-09 09:36:28,0.8,0.16,320,0.78,0.156,126,0.78,0.156,1,0.79,0.158,460,0
SPY190812C294,2019-08-09,2019-08-09 09:36:29,0.8,0.16,10,0.79,0.158,6,0.78,0.156,1,0.795,0.159,460,0
SPY190812C294,2019-08-09,2019-08-09 09:36:29,0.8,0.16,37,0.79,0.158,6,0.78,0.156,1,0.795,0.159,460,0
SPY190812C294,2019-08-09,2019-08-09 09:36:30,0.8,0.16,10,0.79,0.158,6,0.78,0.156,1,0.795,0.159,460,0
SPY190812C294,2019-08-09,2019-08-09 09:36:30,0.82,0.164,100,0.8,0.16,5,0.78,0.156,1,0.81,0.162,460,0
SPY190812C294,2019-08-09,2019-08-09 09:36:31,0.82,0.164,5,0.81,0.162,6,0.78,0.156,1,0.815,0.163,460,0
SPY190812C294,2019-08-09,2019-08-09 09:36:31,0.82,0.164,56,0.8,0.16,180,0.78,0.156,1,0.81,0.162,460,0
SPY190812C294,2019-08-09,2019-08-09 09:36:32,0.82,0.164,10,0.81,0.162,6,0.78,0.156,1,0.815,0.163,460,0
SPY190812C294,2019-08-09,2019-08-09 09:36:32,0.82,0.164,5,0.81,0.162,6,0.78,0.156,1,0.815,0.163,460,0
SPY190812C294,2019-08-09,2019-08-09 09:36:33,0.84,0.168,6,0.82,0.164,6,0.78,0.156,1,0.83,0.166,460,0
SPY190812C294,2019-08-09,2019-08-09 09:36:33,0.82,0.164,1,0.81,0.162,181,0.78,0.156,1,0.815,0.163,460,0
SPY190812C294,2019-08-09,2019-08-09 09:36:34,0.84,0.168,6,0.82,0.164,16,0.82,0.164,1,0.83,0.166,461,1
SPY190812C294,2019-08-09,2019-08-09 09:36:35,0.84,0.168,90,0.82,0.164,28,0.82,0.164,1,0.83,0.166,461,0
SPY190812C294,2019-08-09,2019-08-09 09:36:35,0.84,0.168,60,0.83,0.166,6,0.82,0.164,1,0.835,0.167,461,0
SPY190812C294,2019-08-09,2019-08-09 09:36:36,0.84,0.168,298,0.82,0.164,6,0.82,0.164,1,0.83,0.166,461,0
SPY190812C294,2019-08-09,2019-08-09 09:36:36,0.83,0.166,60,0.82,0.164,6,0.82,0.164,1,0.825,0.165,461,0
SPY190812C294,2019-08-09,2019-08-09 09:36:37,0.83,0.166,1,0.82,0.164,31,0.82,0.164,1,0.825,0.165,461,0
SPY190812C294,2019-08-09,2019-08-09 09:36:37,0.84,0.168,298,0.82,0.164,16,0.82,0.164,1,0.83,0.166,461,0
SPY190812C294,2019-08-09,2019-08-09 09:36:38,0.84,0.168,290,0.83,0.166,6,0.82,0.164,1,0.835,0.167,461,0
SPY190812C294,2019-08-09,2019-08-09 09:36:39,0.84,0.168,208,0.83,0.166,6,0.82,0.164,1,0.835,0.167,461,0
SPY190812C294,2019-08-09,2019-08-09 09:36:39,0.84,0.168,223,0.83,0.166,6,0.82,0.164,1,0.835,0.167,461,0
SPY190812C294,2019-08-09,2019-08-09 09:36:40,0.84,0.168,100,0.83,0.166,6,0.82,0.164,1,0.835,0.167,461,0
SPY190812C294,2019-08-09,2019-08-09 09:36:40,0.85,0.17,100,0.83,0.166,6,0.82,0.164,1,0.84,0.168,461,0
SPY190812C294,2019-08-09,2019-08-09 09:36:41,0.84,0.168,163,0.82,0.164,6,0.82,0.164,1,0.83,0.166,461,0
SPY190812C294,2019-08-09,2019-08-09 09:36:41,0.84,0.168,125,0.82,0.164,6,0.82,0.164,1,0.83,0.166,461,0
SPY190812C294,2019-08-09,2019-08-09 09:36:42,0.83,0.166,5,0.82,0.164,6,0.82,0.164,1,0.825,0.165,461,0
SPY190812C294,2019-08-09,2019-08-09 09:36:42,0.84,0.168,148,0.82,0.164,135,0.82,0.164,1,0.83,0.166,461,0
SPY190812C294,2019-08-09,2019-08-09 09:36:43,0.84,0.168,208,0.82,0.164,32,0.82,0.164,1,0.83,0.166,461,0
SPY190812C294,2019-08-09,2019-08-09 09:36:43,0.84,0.168,148,0.82,0.164,116,0.84,0.168,5,0.83,0.166,466,5
SPY190812C294,2019-08-09,2019-08-09 09:36:44,0.84,0.168,6,0.82,0.164,130,0.84,0.168,5,0.83,0.166,466,0
SPY190812C294,2019-08-09,2019-08-09 09:36:44,0.84,0.168,70,0.82,0.164,149,0.84,0.168,5,0.83,0.166,466,0
SPY190812C294,2019-08-09,2019-08-09 09:36:45,0.84,0.168,163,0.82,0.164,130,0.84,0.168,5,0.83,0.166,466,0
SPY190812C294,2019-08-09,2019-08-09 09:36:45,0.84,0.168,148,0.82,0.164,126,0.84,0.168,5,0.83,0.166,466,0
SPY190812C294,2019-08-09,2019-08-09 09:36:46,0.84,0.168,163,0.82,0.164,130,0.84,0.168,5,0.83,0.166,466,0
SPY190812C294,2019-08-09,2019-08-09 09:36:46,0.84,0.168,223,0.83,0.166,1,0.84,0.168,5,0.835,0.167,466,0
SPY190812C294,2019-08-09,2019-08-09 09:36:47,0.84,0.168,115,0.83,0.166,1,0.84,0.168,5,0.835,0.167,466,0
SPY190812C294,2019-08-09,2019-08-09 09:36:47,0.84,0.168,110,0.83,0.166,1,0.84,0.168,5,0.835,0.167,466,0
SPY190812C294,2019-08-09,2019-08-09 09:36:48,0.84,0.168,127,0.83,0.166,1,0.84,0.168,5,0.835,0.167,466,0
SPY190812C294,2019-08-09,2019-08-09 09:36:48,0.84,0.168,131,0.83,0.166,1,0.84,0.168,5,0.835,0.167,466,0
SPY190812C294,2019-08-09,2019-08-09 09:36:49,0.84,0.168,122,0.83,0.166,1,0.84,0.168,5,0.835,0.167,466,0
SPY190812C294,2019-08-09,2019-08-09 09:36:50,0.84,0.168,122,0.83,0.166,1,0.84,0.168,5,0.835,0.167,466,0
SPY190812C294,2019-08-09,2019-08-09 09:36:50,0.84,0.168,127,0.83,0.166,1,0.84,0.168,5,0.835,0.167,466,0
SPY190812C294,2019-08-09,2019-08-09 09:36:51,0.84,0.168,125,0.83,0.166,1,0.84,0.168,2,0.835,0.167,468,2
SPY190812C294,2019-08-09,2019-08-09 09:36:51,0.84,0.168,7,0.82,0.164,1,0.83,0.166,1,0.83,0.166,469,1
SPY190812C294,2019-08-09,2019-08-09 09:36:52,0.84,0.168,153,0.82,0.164,209,0.83,0.166,1,0.83,0.166,469,0
SPY190812C294,2019-08-09,2019-08-09 09:36:52,0.84,0.168,153,0.82,0.164,76,0.83,0.166,1,0.83,0.166,469,0
SPY190812C294,2019-08-09,2019-08-09 09:36:53,0.84,0.168,153,0.83,0.166,1,0.83,0.166,1,0.835,0.167,469,0
SPY190812C294,2019-08-09,2019-08-09 09:36:53,0.84,0.168,62,0.82,0.164,138,0.83,0.166,1,0.83,0.166,469,0
SPY190812C294,2019-08-09,2019-08-09 09:36:54,0.84,0.168,163,0.82,0.164,138,0.83,0.166,1,0.83,0.166,469,0
SPY190812C294,2019-08-09,2019-08-09 09:36:55,0.83,0.166,2,0.82,0.164,109,0.83,0.166,1,0.825,0.165,469,0
SPY190812C294,2019-08-09,2019-08-09 09:36:55,0.83,0.166,20,0.82,0.164,109,0.83,0.166,1,0.825,0.165,469,0
SPY190812C294,2019-08-09,2019-08-09 09:36:56,0.83,0.166,20,0.82,0.164,109,0.83,0.166,1,0.825,0.165,470,1
SPY190812C294,2019-08-09,2019-08-09 09:36:56,0.83,0.166,20,0.82,0.164,100,0.83,0.166,1,0.825,0.165,471,1
SPY190812C294,2019-08-09,2019-08-09 09:36:57,0.84,0.168,163,0.82,0.164,141,0.83,0.166,1,0.83,0.166,471,0
SPY190812C294,2019-08-09,2019-08-09 09:36:57,0.84,0.168,163,0.82,0.164,116,0.83,0.166,1,0.83,0.166,471,0
SPY190812C294,2019-08-09,2019-08-09 09:36:58,0.84,0.168,183,0.82,0.164,126,0.83,0.166,1,0.83,0.166,471,0
SPY190812C294,2019-08-09,2019-08-09 09:36:58,0.83,0.166,1,0.82,0.164,126,0.83,0.166,1,0.825,0.165,471,0
SPY190812C294,2019-08-09,2019-08-09 09:36:59,0.83,0.166,1,0.82,0.164,117,0.83,0.166,1,0.825,0.165,471,0
SPY190812C294,2019-08-09,2019-08-09 09:36:59,0.84,0.168,125,0.83,0.166,7,0.83,0.166,1,0.835,0.167,471,0
SPY190812C294,2019-08-09,2019-08-09 09:37:00,0.84,0.168,100,0.83,0.166,8,0.83,0.166,1,0.835,0.167,471,0
SPY190812C294,2019-08-09,2019-08-09 09:37:00,0.84,0.168,15,0.83,0.166,13,0.83,0.166,1,0.835,0.167,471,0
SPY190812C294,2019-08-09,2019-08-09 09:37:01,0.84,0.168,10,0.83,0.166,86,0.83,0.166,1,0.835,0.167,471,0
SPY190812C294,2019-08-09,2019-08-09 09:37:01,0.86,0.172,1,0.83,0.166,8,0.83,0.166,1,0.845,0.169,471,0
SPY190812C294,2019-08-09,2019-08-09 09:37:02,0.86,0.172,6,0.84,0.168,28,0.83,0.166,1,0.85,0.17,471,0
SPY190812C294,2019-08-09,2019-08-09 09:37:03,0.86,0.172,1,0.85,0.17,6,0.83,0.166,1,0.855,0.171,471,0
SPY190812C294,2019-08-09,2019-08-09 09:37:03,0.86,0.172,1,0.84,0.168,433,0.83,0.166,1,0.85,0.17,471,0
SPY190812C294,2019-08-09,2019-08-09 09:37:04,0.86,0.172,15,0.84,0.168,433,0.83,0.166,1,0.85,0.17,471,0
SPY190812C294,2019-08-09,2019-08-09 09:37:05,0.86,0.172,90,0.84,0.168,79,0.83,0.166,1,0.85,0.17,471,0
SPY190812C294,2019-08-09,2019-08-09 09:37:05,0.86,0.172,51,0.84,0.168,313,0.83,0.166,1,0.85,0.17,471,0
SPY190812C294,2019-08-09,2019-08-09 09:37:06,0.86,0.172,72,0.85,0.17,6,0.87,0.174,1,0.855,0.171,473,2
SPY190812C294,2019-08-09,2019-08-09 09:37:06,0.86,0.172,20,0.84,0.168,313,0.83,0.166,1,0.85,0.17,471,0
SPY190812C294,2019-08-09,2019-08-09 09:37:07,0.87,0.174,6,0.86,0.172,6,0.87,0.174,1,0.865,0.173,473,0
SPY190812C294,2019-08-09,2019-08-09 09:37:07,0.87,0.174,143,0.85,0.17,103,0.87,0.174,1,0.86,0.172,473,0
SPY190812C294,2019-08-09,2019-08-09 09:37:08,0.86,0.172,25,0.85,0.17,8,0.87,0.174,1,0.855,0.171,473,0
SPY190812C294,2019-08-09,2019-08-09 09:37:08,0.87,0.174,20,0.86,0.172,6,0.87,0.174,1,0.865,0.173,473,0
SPY190812C294,2019-08-09,2019-08-09 09:37:09,0.86,0.172,120,0.85,0.17,8,0.87,0.174,1,0.855,0.171,473,0
SPY190812C294,2019-08-09,2019-08-09 09:37:09,0.86,0.172,106,0.85,0.17,8,0.87,0.174,1,0.855,0.171,473,0
SPY190812C294,2019-08-09,2019-08-09 09:37:10,0.86,0.172,110,0.84,0.168,193,0.87,0.174,1,0.85,0.17,473,0
SPY190812C294,2019-08-09,2019-08-09 09:37:10,0.86,0.172,110,0.85,0.17,6,0.87,0.174,1,0.855,0.171,473,0
SPY190812C294,2019-08-09,2019-08-09 09:37:11,0.86,0.172,110,0.85,0.17,6,0.87,0.174,1,0.855,0.171,473,0
SPY190812C294,2019-08-09,2019-08-09 09:37:11,0.86,0.172,107,0.84,0.168,193,0.87,0.174,1,0.85,0.17,473,0
SPY190812C294,2019-08-09,2019-08-09 09:37:12,0.86,0.172,100,0.85,0.17,6,0.87,0.174,1,0.855,0.171,473,0
SPY190812C294,2019-08-09,2019-08-09 09:37:12,0.86,0.172,110,0.85,0.17,10,0.87,0.174,1,0.855,0.171,473,0
SPY190812C294,2019-08-09,2019-08-09 09:37:13,0.86,0.172,81,0.85,0.17,1,0.87,0.174,1,0.855,0.171,473,0
SPY190812C294,2019-08-09,2019-08-09 09:37:13,0.86,0.172,110,0.85,0.17,1,0.87,0.174,1,0.855,0.171,473,0
SPY190812C294,2019-08-09,2019-08-09 09:37:14,0.86,0.172,81,0.85,0.17,10,0.87,0.174,1,0.855,0.171,473,0
SPY190812C294,2019-08-09,2019-08-09 09:37:14,0.86,0.172,81,0.85,0.17,1,0.87,0.174,1,0.855,0.171,473,0
SPY190812C294,2019-08-09,2019-08-09 09:37:15,0.86,0.172,12,0.85,0.17,6,0.86,0.172,8,0.855,0.171,481,8
SPY190812C294,2019-08-09,2019-08-09 09:37:15,0.86,0.172,81,0.85,0.17,6,0.87,0.174,1,0.855,0.171,473,0
SPY190812C294,2019-08-09,2019-08-09 09:37:16,0.87,0.174,116,0.85,0.17,71,0.86,0.172,8,0.86,0.172,481,0
SPY190812C294,2019-08-09,2019-08-09 09:37:17,0.87,0.174,155,0.85,0.17,149,0.86,0.172,8,0.86,0.172,481,0
SPY190812C294,2019-08-09,2019-08-09 09:37:19,0.87,0.174,155,0.86,0.172,1,0.86,0.172,8,0.865,0.173,481,0
SPY190812C294,2019-08-09,2019-08-09 09:37:19,0.87,0.174,98,0.86,0.172,1,0.86,0.172,5,0.865,0.173,486,5
SPY190812C294,2019-08-09,2019-08-09 09:37:20,0.87,0.174,106,0.86,0.172,6,0.86,0.172,5,0.865,0.173,486,0
SPY190812C294,2019-08-09,2019-08-09 09:37:20,0.87,0.174,106,0.86,0.172,28,0.86,0.172,5,0.865,0.173,486,0
SPY190812C294,2019-08-09,2019-08-09 09:37:21,0.87,0.174,16,0.86,0.172,15,0.86,0.172,5,0.865,0.173,486,0
SPY190812C294,2019-08-09,2019-08-09 09:37:21,0.88,0.176,288,0.86,0.172,6,0.86,0.172,5,0.87,0.174,486,0
SPY190812C294,2019-08-09,2019-08-09 09:37:22,0.87,0.174,16,0.86,0.172,15,0.86,0.172,5,0.865,0.173,486,0
SPY190812C294,2019-08-09,2019-08-09 09:37:22,0.87,0.174,10,0.86,0.172,15,0.86,0.172,5,0.865,0.173,486,0
SPY190812C294,2019-08-09,2019-08-09 09:37:23,0.87,0.174,75,0.86,0.172,15,0.86,0.172,10,0.865,0.173,651,165
SPY190812C294,2019-08-09,2019-08-09 09:37:23,0.87,0.174,55,0.86,0.172,50,0.86,0.172,6,0.865,0.173,702,51
SPY190812C294,2019-08-09,2019-08-09 09:37:24,0.88,0.176,60,0.86,0.172,377,0.86,0.172,6,0.87,0.174,702,0
SPY190812C294,2019-08-09,2019-08-09 09:37:24,0.87,0.174,56,0.86,0.172,74,0.87,0.174,1,0.865,0.173,703,1
SPY190812C294,2019-08-09,2019-08-09 09:37:25,0.87,0.174,75,0.86,0.172,50,0.87,0.174,1,0.865,0.173,703,0
SPY190812C294,2019-08-09,2019-08-09 09:37:25,0.87,0.174,50,0.86,0.172,50,0.87,0.174,1,0.865,0.173,703,0
SPY190812C294,2019-08-09,2019-08-09 09:37:26,0.89,0.178,182,0.88,0.176,1,0.87,0.174,1,0.885,0.177,703,0
SPY190812C294,2019-08-09,2019-08-09 09:37:26,0.89,0.178,410,0.88,0.176,1,0.87,0.174,1,0.885,0.177,703,0
SPY190812C294,2019-08-09,2019-08-09 09:37:27,0.89,0.178,414,0.88,0.176,1,0.87,0.174,1,0.885,0.177,703,0
SPY190812C294,2019-08-09,2019-08-09 09:37:28,0.89,0.178,414,0.88,0.176,1,0.87,0.174,1,0.885,0.177,703,0
SPY190812C294,2019-08-09,2019-08-09 09:37:28,0.89,0.178,25,0.88,0.176,16,0.87,0.174,1,0.885,0.177,703,0
SPY190812C294,2019-08-09,2019-08-09 09:37:29,0.89,0.178,25,0.88,0.176,16,0.87,0.174,1,0.885,0.177,703,0
SPY190812C294,2019-08-09,2019-08-09 09:37:29,0.9,0.18,698,0.88,0.176,16,0.87,0.174,1,0.89,0.178,703,0
SPY190812C294,2019-08-09,2019-08-09 09:37:30,0.9,0.18,578,0.89,0.178,5,0.87,0.174,1,0.895,0.179,703,0
SPY190812C294,2019-08-09,2019-08-09 09:37:30,0.9,0.18,483,0.89,0.178,5,0.87,0.174,1,0.895,0.179,703,0
SPY190812C294,2019-08-09,2019-08-09 09:37:31,0.9,0.18,578,0.89,0.178,5,0.87,0.174,1,0.895,0.179,703,0
SPY190812C294,2019-08-09,2019-08-09 09:37:32,0.9,0.18,97,0.88,0.176,427,0.87,0.174,1,0.89,0.178,703,0
SPY190812C294,2019-08-09,2019-08-09 09:37:32,0.9,0.18,578,0.89,0.178,5,0.87,0.174,1,0.895,0.179,703,0
SPY190812C294,2019-08-09,2019-08-09 09:37:33,0.9,0.18,97,0.89,0.178,6,0.87,0.174,1,0.895,0.179,703,0
SPY190812C294,2019-08-09,2019-08-09 09:37:33,0.9,0.18,65,0.89,0.178,6,0.87,0.174,1,0.895,0.179,703,0
SPY190812C294,2019-08-09,2019-08-09 09:37:34,0.91,0.182,277,0.89,0.178,29,0.87,0.174,1,0.9,0.18,703,0
SPY190812C294,2019-08-09,2019-08-09 09:37:35,0.91,0.182,382,0.9,0.18,2,0.9,0.18,1,0.905,0.181,704,1
SPY190812C294,2019-08-09,2019-08-09 09:37:35,0.91,0.182,513,0.9,0.18,2,0.9,0.18,1,0.905,0.181,704,0
SPY190812C294,2019-08-09,2019-08-09 09:37:36,0.91,0.182,254,0.9,0.18,7,0.9,0.18,1,0.905,0.181,704,0
SPY190812C294,2019-08-09,2019-08-09 09:37:36,0.91,0.182,474,0.9,0.18,2,0.9,0.18,1,0.905,0.181,704,0
SPY190812C294,2019-08-09,2019-08-09 09:37:37,0.91,0.182,15,0.9,0.18,16,0.9,0.18,1,0.905,0.181,704,0
SPY190812C294,2019-08-09,2019-08-09 09:37:37,0.92,0.184,544,0.9,0.18,137,0.9,0.18,1,0.91,0.182,704,0
SPY190812C294,2019-08-09,2019-08-09 09:37:38,0.92,0.184,229,0.91,0.182,1,0.9,0.18,1,0.915,0.183,704,0
SPY190812C294,2019-08-09,2019-08-09 09:37:38,0.92,0.184,544,0.91,0.182,1,0.9,0.18,1,0.915,0.183,704,0
SPY190812C294,2019-08-09,2019-08-09 09:37:39,0.92,0.184,13,0.92,0.184,6,0.9,0.18,1,0.92,0.184,704,0
SPY190812C294,2019-08-09,2019-08-09 09:37:39,0.92,0.184,544,0.91,0.182,1,0.9,0.18,1,0.915,0.183,704,0
SPY190812C294,2019-08-09,2019-08-09 09:37:40,0.92,0.184,270,0.91,0.182,1,0.9,0.18,1,0.915,0.183,704,0
SPY190812C294,2019-08-09,2019-08-09 09:37:40,0.92,0.184,492,0.91,0.182,1,0.9,0.18,1,0.915,0.183,704,0
SPY190812C294,2019-08-09,2019-08-09 09:37:41,0.92,0.184,25,0.91,0.182,1,0.9,0.18,1,0.915,0.183,704,0
SPY190812C294,2019-08-09,2019-08-09 09:37:42,0.92,0.184,270,0.91,0.182,6,0.92,0.184,1,0.915,0.183,706,1
SPY190812C294,2019-08-09,2019-08-09 09:37:42,0.92,0.184,270,0.91,0.182,10,0.91,0.182,1,0.915,0.183,705,1
SPY190812C294,2019-08-09,2019-08-09 09:37:43,0.92,0.184,270,0.91,0.182,6,0.92,0.184,1,0.915,0.183,706,0
SPY190812C294,2019-08-09,2019-08-09 09:37:43,0.92,0.184,25,0.91,0.182,6,0.92,0.184,10,0.915,0.183,716,10
SPY190812C294,2019-08-09,2019-08-09 09:37:44,0.93,0.186,514,0.91,0.182,1,0.92,0.184,10,0.92,0.184,716,0
SPY190812C294,2019-08-09,2019-08-09 09:37:44,0.93,0.186,251,0.91,0.182,6,0.92,0.184,10,0.92,0.184,716,0
SPY190812C294,2019-08-09,2019-08-09 09:37:45,0.93,0.186,412,0.91,0.182,125,0.92,0.184,10,0.92,0.184,716,0
SPY190812C294,2019-08-09,2019-08-09 09:37:46,0.92,0.184,19,0.91,0.182,6,0.92,0.184,10,0.915,0.183,716,0
SPY190812C294,2019-08-09,2019-08-09 09:37:46,0.92,0.184,439,0.91,0.182,6,0.92,0.184,1,0.915,0.183,719,3
SPY190812C294,2019-08-09,2019-08-09 09:37:47,0.92,0.184,1,0.91,0.182,5,0.92,0.184,1,0.915,0.183,720,0
SPY190812C294,2019-08-09,2019-08-09 09:37:47,0.92,0.184,305,0.91,0.182,6,0.92,0.184,1,0.915,0.183,720,1
SPY190812C294,2019-08-09,2019-08-09 09:37:48,0.93,0.186,331,0.92,0.184,16,0.92,0.184,1,0.925,0.185,721,0
SPY190812C294,2019-08-09,2019-08-09 09:37:48,0.92,0.184,1,0.92,0.184,16,0.92,0.184,1,0.92,0.184,721,1
SPY190812C294,2019-08-09,2019-08-09 09:37:49,0.93,0.186,331,0.92,0.184,6,0.92,0.184,1,0.925,0.185,723,0
SPY190812C294,2019-08-09,2019-08-09 09:37:49,0.93,0.186,331,0.92,0.184,7,0.92,0.184,1,0.925,0.185,723,2
SPY190812C294,2019-08-09,2019-08-09 09:37:50,0.93,0.186,25,0.92,0.184,7,0.92,0.184,1,0.925,0.185,723,0
SPY190812C294,2019-08-09,2019-08-09 09:37:51,0.94,0.188,404,0.93,0.186,30,0.92,0.184,1,0.935,0.187,723,0
SPY190812C294,2019-08-09,2019-08-09 09:37:51,0.94,0.188,499,0.93,0.186,6,0.92,0.184,1,0.935,0.187,723,0
SPY190812C294,2019-08-09,2019-08-09 09:37:52,0.94,0.188,404,0.93,0.186,30,0.92,0.184,1,0.935,0.187,723,0
SPY190812C294,2019-08-09,2019-08-09 09:37:53,0.94,0.188,404,0.93,0.186,30,0.92,0.184,1,0.935,0.187,723,0
SPY190812C294,2019-08-09,2019-08-09 09:37:54,0.95,0.19,350,0.93,0.186,157,0.92,0.184,1,0.94,0.188,723,0
SPY190812C294,2019-08-09,2019-08-09 09:37:54,0.95,0.19,133,0.93,0.186,157,0.92,0.184,1,0.94,0.188,723,0
SPY190812C294,2019-08-09,2019-08-09 09:37:55,0.94,0.188,25,0.93,0.186,106,0.92,0.184,1,0.935,0.187,723,0
SPY190812C294,2019-08-09,2019-08-09 09:37:55,0.95,0.19,350,0.93,0.186,106,0.92,0.184,1,0.94,0.188,723,0
SPY190812C294,2019-08-09,2019-08-09 09:37:56,0.94,0.188,25,0.93,0.186,127,0.94,0.188,1,0.935,0.187,725,1
SPY190812C294,2019-08-09,2019-08-09 09:37:56,0.94,0.188,25,0.93,0.186,127,0.94,0.188,1,0.935,0.187,724,1
SPY190812C294,2019-08-09,2019-08-09 09:37:57,0.94,0.188,23,0.93,0.186,99,0.94,0.188,2,0.935,0.187,727,2
SPY190812C294,2019-08-09,2019-08-09 09:37:57,0.94,0.188,25,0.93,0.186,149,0.94,0.188,1,0.935,0.187,725,0
SPY190812C294,2019-08-09,2019-08-09 09:37:58,0.94,0.188,23,0.93,0.186,99,0.94,0.188,2,0.935,0.187,727,0
SPY190812C294,2019-08-09,2019-08-09 09:37:58,0.94,0.188,10,0.93,0.186,99,0.94,0.188,2,0.935,0.187,727,0
SPY190812C294,2019-08-09,2019-08-09 09:37:59,0.94,0.188,25,0.93,0.186,99,0.94,0.188,2,0.935,0.187,727,0
SPY190812C294,2019-08-09,2019-08-09 09:38:00,0.95,0.19,583,0.93,0.186,30,0.94,0.188,1,0.94,0.188,728,0
SPY190812C294,2019-08-09,2019-08-09 09:38:00,0.95,0.19,69,0.93,0.186,60,0.94,0.188,1,0.94,0.188,728,1
SPY190812C294,2019-08-09,2019-08-09 09:38:01,0.94,0.188,356,0.93,0.186,30,0.94,0.188,1,0.935,0.187,728,0
SPY190812C294,2019-08-09,2019-08-09 09:38:01,0.93,0.186,1,0.91,0.182,431,0.94,0.188,2,0.92,0.184,767,39
SPY190812C294,2019-08-09,2019-08-09 09:38:02,0.93,0.186,27,0.92,0.184,24,0.93,0.186,4,0.925,0.185,771,4
SPY190812C294,2019-08-09,2019-08-09 09:38:03,0.93,0.186,6,0.92,0.184,25,0.93,0.186,4,0.925,0.185,771,0
SPY190812C294,2019-08-09,2019-08-09 09:38:04,0.93,0.186,66,0.9,0.18,300,0.93,0.186,4,0.915,0.183,771,0
SPY190812C294,2019-08-09,2019-08-09 09:38:04,0.92,0.184,6,0.91,0.182,6,0.93,0.186,4,0.915,0.183,771,0
SPY190812C294,2019-08-09,2019-08-09 09:38:05,0.92,0.184,66,0.9,0.18,110,0.92,0.184,2,0.91,0.182,776,5
SPY190812C294,2019-08-09,2019-08-09 09:38:06,0.91,0.182,123,0.89,0.178,181,0.91,0.182,1,0.9,0.18,777,1
SPY190812C294,2019-08-09,2019-08-09 09:38:07,0.91,0.182,115,0.89,0.178,116,0.91,0.182,1,0.9,0.18,778,1
SPY190812C294,2019-08-09,2019-08-09 09:38:07,0.9,0.18,6,0.89,0.178,50,0.9,0.18,6,0.895,0.179,789,11
SPY190812C294,2019-08-09,2019-08-09 09:38:08,0.91,0.182,1,0.89,0.178,300,0.9,0.18,1,0.9,0.18,790,1
SPY190812C294,2019-08-09,2019-08-09 09:38:08,0.91,0.182,1,0.9,0.18,118,0.9,0.18,1,0.905,0.181,790,0
SPY190812C294,2019-08-09,2019-08-09 09:38:09,0.91,0.182,10,0.9,0.18,66,0.9,0.18,1,0.905,0.181,790,0
SPY190812C294,2019-08-09,2019-08-09 09:38:09,0.91,0.182,15,0.9,0.18,67,0.9,0.18,1,0.905,0.181,790,0
SPY190812C294,2019-08-09,2019-08-09 09:38:10,0.9,0.18,6,0.89,0.178,66,0.9,0.18,1,0.895,0.179,791,1
SPY190812C294,2019-08-09,2019-08-09 09:38:10,0.91,0.182,71,0.9,0.18,67,0.9,0.18,1,0.905,0.181,790,0
SPY190812C294,2019-08-09,2019-08-09 09:38:11,0.89,0.178,10,0.88,0.176,99,0.89,0.178,6,0.885,0.177,816,25
SPY190812C294,2019-08-09,2019-08-09 09:38:11,0.89,0.178,6,0.88,0.176,50,0.9,0.18,1,0.885,0.177,791,0
SPY190812C294,2019-08-09,2019-08-09 09:38:12,0.9,0.18,158,0.88,0.176,104,0.89,0.178,6,0.89,0.178,816,0
SPY190812C294,2019-08-09,2019-08-09 09:38:12,0.89,0.178,10,0.88,0.176,99,0.89,0.178,6,0.885,0.177,816,0
SPY190812C294,2019-08-09,2019-08-09 09:38:13,0.91,0.182,158,0.89,0.178,6,0.89,0.178,6,0.9,0.18,816,0
SPY190812C294,2019-08-09,2019-08-09 09:38:13,0.9,0.18,158,0.88,0.176,104,0.89,0.178,6,0.89,0.178,816,0
SPY190812C294,2019-08-09,2019-08-09 09:38:14,0.91,0.182,147,0.89,0.178,118,0.89,0.178,6,0.9,0.18,816,0
SPY190812C294,2019-08-09,2019-08-09 09:38:14,0.91,0.182,135,0.89,0.178,53,0.89,0.178,6,0.9,0.18,816,0
SPY190812C294,2019-08-09,2019-08-09 09:38:15,0.91,0.182,5,0.9,0.18,3,0.89,0.178,6,0.905,0.181,816,0
SPY190812C294,2019-08-09,2019-08-09 09:38:15,0.91,0.182,5,0.89,0.178,107,0.89,0.178,6,0.9,0.18,816,0
SPY190812C294,2019-08-09,2019-08-09 09:38:16,0.91,0.182,5,0.9,0.18,3,0.89,0.178,6,0.905,0.181,816,0
SPY190812C294,2019-08-09,2019-08-09 09:38:16,0.91,0.182,177,0.9,0.18,6,0.89,0.178,6,0.905,0.181,816,0
SPY190812C294,2019-08-09,2019-08-09 09:38:17,0.92,0.184,293,0.91,0.182,6,0.89,0.178,6,0.915,0.183,816,0
SPY190812C294,2019-08-09,2019-08-09 09:38:18,0.93,0.186,50,0.92,0.184,6,0.89,0.178,6,0.925,0.185,816,0
SPY190812C294,2019-08-09,2019-08-09 09:38:20,0.93,0.186,10,0.92,0.184,31,0.89,0.178,6,0.925,0.185,816,0
SPY190812C294,2019-08-09,2019-08-09 09:38:21,0.91,0.182,2,0.9,0.18,6,0.93,0.186,1,0.905,0.181,817,1
SPY190812C294,2019-08-09,2019-08-09 09:38:22,0.92,0.184,106,0.9,0.18,6,0.93,0.186,1,0.91,0.182,817,0
SPY190812C294,2019-08-09,2019-08-09 09:38:23,0.9,0.18,359,0.89,0.178,1,0.89,0.178,30,0.895,0.179,847,30
SPY190812C294,2019-08-09,2019-08-09 09:38:24,0.9,0.18,409,0.89,0.178,1,0.9,0.18,3,0.895,0.179,850,3
SPY190812C294,2019-08-09,2019-08-09 09:38:25,0.9,0.18,535,0.89,0.178,1,0.9,0.18,3,0.895,0.179,850,0
SPY190812C294,2019-08-09,2019-08-09 09:38:26,0.89,0.178,162,0.88,0.176,1,0.89,0.178,1,0.885,0.177,852,2
SPY190812C294,2019-08-09,2019-08-09 09:38:26,0.89,0.178,147,0.87,0.174,148,0.89,0.178,1,0.88,0.176,854,2
SPY190812C294,2019-08-09,2019-08-09 09:38:27,0.89,0.178,135,0.86,0.172,264,0.89,0.178,1,0.875,0.175,854,0
SPY190812C294,2019-08-09,2019-08-09 09:38:27,0.89,0.178,135,0.87,0.174,30,0.89,0.178,1,0.88,0.176,854,0
SPY190812C294,2019-08-09,2019-08-09 09:38:28,0.88,0.176,135,0.87,0.174,6,0.89,0.178,1,0.875,0.175,854,0
SPY190812C294,2019-08-09,2019-08-09 09:38:28,0.88,0.176,147,0.86,0.172,420,0.89,0.178,1,0.87,0.174,854,0
SPY190812C294,2019-08-09,2019-08-09 09:38:29,0.88,0.176,5,0.86,0.172,75,0.88,0.176,25,0.87,0.174,879,0
SPY190812C294,2019-08-09,2019-08-09 09:38:29,0.88,0.176,5,0.86,0.172,55,0.88,0.176,25,0.87,0.174,879,25
SPY190812C294,2019-08-09,2019-08-09 09:38:30,0.88,0.176,5,0.86,0.172,75,0.88,0.176,25,0.87,0.174,879,0
SPY190812C294,2019-08-09,2019-08-09 09:38:30,0.88,0.176,5,0.86,0.172,40,0.88,0.176,1,0.87,0.174,880,1
SPY190812C294,2019-08-09,2019-08-09 09:38:31,0.88,0.176,5,0.87,0.174,6,0.88,0.176,1,0.875,0.175,880,0
SPY190812C294,2019-08-09,2019-08-09 09:38:31,0.88,0.176,114,0.87,0.174,6,0.88,0.176,1,0.875,0.175,880,0
SPY190812C294,2019-08-09,2019-08-09 09:38:32,0.87,0.174,5,0.85,0.17,481,0.88,0.176,1,0.86,0.172,880,0
SPY190812C294,2019-08-09,2019-08-09 09:38:32,0.88,0.176,50,0.87,0.174,53,0.88,0.176,1,0.875,0.175,880,0
SPY190812C294,2019-08-09,2019-08-09 09:38:33,0.89,0.178,120,0.86,0.172,106,0.88,0.176,1,0.875,0.175,880,0
SPY190812C294,2019-08-09,2019-08-09 09:38:33,0.89,0.178,100,0.86,0.172,75,0.88,0.176,1,0.875,0.175,880,0
SPY190812C294,2019-08-09,2019-08-09 09:38:34,0.89,0.178,56,0.87,0.174,10,0.88,0.176,1,0.88,0.176,880,0
SPY190812C294,2019-08-09,2019-08-09 09:38:34,0.9,0.18,19,0.88,0.176,90,0.88,0.176,1,0.89,0.178,881,1
SPY190812C294,2019-08-09,2019-08-09 09:38:35,0.9,0.18,6,0.88,0.176,109,0.88,0.176,1,0.89,0.178,881,0
SPY190812C294,2019-08-09,2019-08-09 09:38:35,0.9,0.18,100,0.88,0.176,109,0.88,0.176,1,0.89,0.178,881,0
SPY190812C294,2019-08-09,2019-08-09 09:38:36,0.91,0.182,362,0.89,0.178,25,0.88,0.176,1,0.9,0.18,881,0
SPY190812C294,2019-08-09,2019-08-09 09:38:36,0.9,0.18,7,0.89,0.178,25,0.88,0.176,1,0.895,0.179,881,0
SPY190812C294,2019-08-09,2019-08-09 09:38:37,0.89,0.178,18,0.88,0.176,202,0.88,0.176,1,0.885,0.177,881,0
SPY190812C294,2019-08-09,2019-08-09 09:38:37,0.9,0.18,139,0.88,0.176,163,0.88,0.176,1,0.89,0.178,881,0
SPY190812C294,2019-08-09,2019-08-09 09:38:38,0.89,0.178,18,0.87,0.174,168,0.88,0.176,1,0.88,0.176,881,0
SPY190812C294,2019-08-09,2019-08-09 09:38:38,0.89,0.178,1,0.88,0.176,7,0.88,0.176,1,0.885,0.177,881,0
SPY190812C294,2019-08-09,2019-08-09 09:38:39,0.89,0.178,15,0.87,0.174,71,0.88,0.176,1,0.88,0.176,881,0
SPY190812C294,2019-08-09,2019-08-09 09:38:40,0.89,0.178,115,0.87,0.174,8,0.89,0.178,2,0.88,0.176,885,0
SPY190812C294,2019-08-09,2019-08-09 09:38:40,0.89,0.178,56,0.87,0.174,112,0.89,0.178,2,0.88,0.176,885,4
SPY190812C294,2019-08-09,2019-08-09 09:38:41,0.89,0.178,1,0.88,0.176,60,0.89,0.178,2,0.885,0.177,885,0
SPY190812C294,2019-08-09,2019-08-09 09:38:41,0.89,0.178,134,0.87,0.174,54,0.89,0.178,2,0.88,0.176,885,0
SPY190812C294,2019-08-09,2019-08-09 09:38:42,0.89,0.178,9,0.87,0.174,147,0.89,0.178,2,0.88,0.176,885,0
SPY190812C294,2019-08-09,2019-08-09 09:38:43,0.89,0.178,447,0.87,0.174,49,0.89,0.178,2,0.88,0.176,885,0
SPY190812C294,2019-08-09,2019-08-09 09:38:43,0.89,0.178,362,0.87,0.174,63,0.89,0.178,2,0.88,0.176,885,0
SPY190812C294,2019-08-09,2019-08-09 09:38:44,0.89,0.178,150,0.88,0.176,1,0.89,0.178,2,0.885,0.177,887,2
SPY190812C294,2019-08-09,2019-08-09 09:38:44,0.89,0.178,150,0.88,0.176,1,0.89,0.178,2,0.885,0.177,885,0
SPY190812C294,2019-08-09,2019-08-09 09:38:45,0.89,0.178,6,0.88,0.176,1,0.89,0.178,2,0.885,0.177,887,0
SPY190812C294,2019-08-09,2019-08-09 09:38:45,0.89,0.178,100,0.88,0.176,1,0.89,0.178,2,0.885,0.177,887,0
SPY190812C294,2019-08-09,2019-08-09 09:38:46,0.89,0.178,92,0.88,0.176,1,0.89,0.178,2,0.885,0.177,887,0
SPY190812C294,2019-08-09,2019-08-09 09:38:46,0.89,0.178,362,0.88,0.176,1,0.89,0.178,2,0.885,0.177,887,0
SPY190812C294,2019-08-09,2019-08-09 09:38:47,0.89,0.178,5,0.88,0.176,8,0.89,0.178,2,0.885,0.177,887,0
SPY190812C294,2019-08-09,2019-08-09 09:38:47,0.9,0.18,547,0.88,0.176,7,0.89,0.178,2,0.89,0.178,887,0
SPY190812C294,2019-08-09,2019-08-09 09:38:48,0.89,0.178,100,0.88,0.176,1,0.89,0.178,2,0.885,0.177,887,0
SPY190812C294,2019-08-09,2019-08-09 09:38:48,0.9,0.18,547,0.88,0.176,1,0.89,0.178,2,0.89,0.178,887,0
SPY190812C294,2019-08-09,2019-08-09 09:38:49,0.9,0.18,512,0.88,0.176,25,0.89,0.178,2,0.89,0.178,887,0
SPY190812C294,2019-08-09,2019-08-09 09:38:49,0.89,0.178,5,0.88,0.176,1,0.89,0.178,2,0.885,0.177,887,0
SPY190812C294,2019-08-09,2019-08-09 09:38:50,0.89,0.178,5,0.88,0.176,7,0.89,0.178,2,0.885,0.177,887,0
SPY190812C294,2019-08-09,2019-08-09 09:38:50,0.9,0.18,388,0.88,0.176,25,0.89,0.178,2,0.89,0.178,887,0
SPY190812C294,2019-08-09,2019-08-09 09:38:51,0.9,0.18,1,0.89,0.178,7,0.89,0.178,2,0.895,0.179,887,0
SPY190812C294,2019-08-09,2019-08-09 09:38:51,0.9,0.18,388,0.89,0.178,6,0.89,0.178,2,0.895,0.179,887,0
SPY190812C294,2019-08-09,2019-08-09 09:38:52,0.9,0.18,10,0.88,0.176,25,0.89,0.178,2,0.89,0.178,887,0
SPY190812C294,2019-08-09,2019-08-09 09:38:52,0.91,0.182,352,0.89,0.178,56,0.89,0.178,2,0.9,0.18,887,0
SPY190812C294,2019-08-09,2019-08-09 09:38:53,0.89,0.178,16,0.88,0.176,7,0.89,0.178,8,0.885,0.177,895,8
SPY190812C294,2019-08-09,2019-08-09 09:38:53,0.9,0.18,289,0.88,0.176,7,0.89,0.178,2,0.89,0.178,887,0
SPY190812C294,2019-08-09,2019-08-09 09:38:54,0.9,0.18,164,0.88,0.176,7,0.89,0.178,1,0.89,0.178,896,0
SPY190812C294,2019-08-09,2019-08-09 09:38:54,0.89,0.178,466,0.88,0.176,1,0.89,0.178,1,0.885,0.177,896,1
SPY190812C294,2019-08-09,2019-08-09 09:38:55,0.89,0.178,10,0.88,0.176,7,0.89,0.178,1,0.885,0.177,896,0
SPY190812C294,2019-08-09,2019-08-09 09:38:56,0.89,0.178,15,0.88,0.176,25,0.89,0.178,1,0.885,0.177,896,0
SPY190812C294,2019-08-09,2019-08-09 09:38:56,0.9,0.18,362,0.88,0.176,25,0.89,0.178,1,0.89,0.178,896,0
SPY190812C294,2019-08-09,2019-08-09 09:38:57,0.89,0.178,10,0.88,0.176,31,0.89,0.178,1,0.885,0.177,896,0
SPY190812C294,2019-08-09,2019-08-09 09:38:58,0.89,0.178,10,0.88,0.176,25,0.89,0.178,1,0.885,0.177,896,0
SPY190812C294,2019-08-09,2019-08-09 09:38:58,0.89,0.178,25,0.88,0.176,8,0.89,0.178,1,0.885,0.177,896,0
SPY190812C294,2019-08-09,2019-08-09 09:38:59,0.89,0.178,194,0.88,0.176,2,0.89,0.178,2,0.885,0.177,898,2
SPY190812C294,2019-08-09,2019-08-09 09:38:59,0.89,0.178,17,0.88,0.176,2,0.89,0.178,1,0.885,0.177,896,0
SPY190812C294,2019-08-09,2019-08-09 09:39:00,0.88,0.176,117,0.86,0.172,185,0.88,0.176,1,0.87,0.174,900,2
SPY190812C294,2019-08-09,2019-08-09 09:39:00,0.87,0.174,1,0.86,0.172,185,0.88,0.176,1,0.865,0.173,901,1
SPY190812C294,2019-08-09,2019-08-09 09:39:01,0.88,0.176,135,0.86,0.172,143,0.87,0.174,1,0.87,0.174,902,0
SPY190812C294,2019-08-09,2019-08-09 09:39:01,0.88,0.176,135,0.86,0.172,180,0.87,0.174,1,0.87,0.174,902,1
SPY190812C294,2019-08-09,2019-08-09 09:39:02,0.87,0.174,6,0.86,0.172,6,0.87,0.174,1,0.865,0.173,902,0
SPY190812C294,2019-08-09,2019-08-09 09:39:02,0.88,0.176,164,0.86,0.172,6,0.87,0.174,1,0.87,0.174,902,0
SPY190812C294,2019-08-09,2019-08-09 09:39:03,0.87,0.174,10,0.86,0.172,70,0.87,0.174,1,0.865,0.173,902,0
SPY190812C294,2019-08-09,2019-08-09 09:39:04,0.87,0.174,42,0.86,0.172,6,0.87,0.174,1,0.865,0.173,902,0
SPY190812C294,2019-08-09,2019-08-09 09:39:04,0.87,0.174,50,0.86,0.172,6,0.87,0.174,1,0.865,0.173,902,0
SPY190812C294,2019-08-09,2019-08-09 09:39:05,0.88,0.176,100,0.86,0.172,34,0.87,0.174,1,0.87,0.174,902,0
