symbol,Date,quote_time,ask_price,norm_ask_price,ask_size,bid_price,norm_bid_price,bid_size,last_trade_price,norm_last_trade_price,last_trade_size,mark_price,norm_mark_price,volume,Volume
SPY190802C294,2019-08-01,2019-08-01 09:34:34,4.53,1.0,100,4.28,0.9448,100,4.14,0.9139,5,4.405,0.9724,25,25
SPY190802C294,2019-08-01,2019-08-01 09:34:35,4.52,0.9977,100,4.27,0.9426,100,4.14,0.9139,5,4.395,0.9701,25,0
SPY190802C294,2019-08-01,2019-08-01 09:34:36,4.53,1.0,5,4.26,0.9403,5,4.14,0.9139,5,4.395,0.9701,25,0
SPY190802C294,2019-08-01,2019-08-01 09:34:36,4.55,1.0044,5,4.24,0.9359,8,4.14,0.9139,5,4.395,0.9701,25,0
SPY190802C294,2019-08-01,2019-08-01 09:34:37,4.52,0.9977,5,4.27,0.9426,5,4.14,0.9139,5,4.395,0.9701,25,0
SPY190802C294,2019-08-01,2019-08-01 09:34:37,4.53,1.0,103,4.26,0.9403,153,4.14,0.9139,5,4.395,0.9701,25,0
SPY190802C294,2019-08-01,2019-08-01 09:34:38,4.51,0.9955,2,4.28,0.9448,8,4.14,0.9139,5,4.395,0.9701,25,0
SPY190802C294,2019-08-01,2019-08-01 09:34:39,4.51,0.9955,12,4.32,0.9536,8,4.14,0.9139,5,4.415,0.9746,25,0
SPY190802C294,2019-08-01,2019-08-01 09:34:39,4.49,0.9911,5,4.29,0.947,63,4.14,0.9139,5,4.39,0.969,25,0
SPY190802C294,2019-08-01,2019-08-01 09:34:40,4.47,0.9867,104,4.22,0.9315,104,4.14,0.9139,5,4.345,0.9591,25,0
SPY190802C294,2019-08-01,2019-08-01 09:34:40,4.49,0.9911,5,4.2,0.9271,5,4.14,0.9139,5,4.345,0.9591,25,0
SPY190802C294,2019-08-01,2019-08-01 09:34:41,4.47,0.9867,104,4.22,0.9315,104,4.14,0.9139,5,4.345,0.9591,25,0
SPY190802C294,2019-08-01,2019-08-01 09:34:42,4.45,0.9823,8,4.24,0.9359,8,4.14,0.9139,5,4.345,0.9591,25,0
SPY190802C294,2019-08-01,2019-08-01 09:34:42,4.45,0.9823,100,4.24,0.9359,100,4.14,0.9139,5,4.345,0.9591,25,0
SPY190802C294,2019-08-01,2019-08-01 09:34:43,4.47,0.9867,5,4.2,0.9271,5,4.14,0.9139,5,4.335,0.9569,25,0
SPY190802C294,2019-08-01,2019-08-01 09:34:44,4.44,0.9801,8,4.2,0.9271,2,4.14,0.9139,5,4.32,0.9536,25,0
SPY190802C294,2019-08-01,2019-08-01 09:34:44,4.49,0.9911,15,4.15,0.9161,11,4.14,0.9139,5,4.32,0.9536,25,0
SPY190802C294,2019-08-01,2019-08-01 09:34:45,4.44,0.9801,100,4.21,0.9293,8,4.14,0.9139,5,4.325,0.9547,25,0
SPY190802C294,2019-08-01,2019-08-01 09:34:46,4.46,0.9845,106,4.16,0.9183,5,4.14,0.9139,5,4.31,0.9514,25,0
SPY190802C294,2019-08-01,2019-08-01 09:34:46,4.43,0.9779,5,4.22,0.9315,5,4.14,0.9139,5,4.325,0.9547,25,0
SPY190802C294,2019-08-01,2019-08-01 09:34:47,4.45,0.9823,5,4.16,0.9183,5,4.14,0.9139,5,4.305,0.9503,25,0
SPY190802C294,2019-08-01,2019-08-01 09:34:47,4.46,0.9845,42,4.18,0.9227,11,4.14,0.9139,5,4.32,0.9536,25,0
SPY190802C294,2019-08-01,2019-08-01 09:34:48,4.45,0.9823,100,4.18,0.9227,11,4.14,0.9139,5,4.315,0.9525,25,0
SPY190802C294,2019-08-01,2019-08-01 09:34:48,4.44,0.9801,5,4.19,0.9249,101,4.14,0.9139,5,4.315,0.9525,25,0
SPY190802C294,2019-08-01,2019-08-01 09:34:49,4.44,0.9801,100,4.23,0.9337,11,4.14,0.9139,5,4.335,0.9569,25,0
SPY190802C294,2019-08-01,2019-08-01 09:34:49,4.44,0.9801,5,4.2,0.9271,5,4.14,0.9139,5,4.32,0.9536,25,0
SPY190802C294,2019-08-01,2019-08-01 09:34:50,4.57,1.0088,50,4.21,0.9293,168,4.14,0.9139,5,4.39,0.969,25,0
SPY190802C294,2019-08-01,2019-08-01 09:34:50,4.51,0.9955,11,4.22,0.9315,100,4.14,0.9139,5,4.365,0.9635,25,0
SPY190802C294,2019-08-01,2019-08-01 09:34:51,4.5,0.9933,2,4.23,0.9337,8,4.14,0.9139,5,4.365,0.9635,25,0
SPY190802C294,2019-08-01,2019-08-01 09:34:52,4.52,0.9977,5,4.23,0.9337,5,4.14,0.9139,5,4.375,0.9657,25,0
SPY190802C294,2019-08-01,2019-08-01 09:34:52,4.52,0.9977,5,4.23,0.9337,7,4.14,0.9139,5,4.375,0.9657,25,0
SPY190802C294,2019-08-01,2019-08-01 09:34:53,4.51,0.9955,152,4.22,0.9315,152,4.14,0.9139,5,4.365,0.9635,25,0
SPY190802C294,2019-08-01,2019-08-01 09:34:53,4.51,0.9955,5,4.22,0.9315,5,4.14,0.9139,5,4.365,0.9635,25,0
SPY190802C294,2019-08-01,2019-08-01 09:34:54,4.5,0.9933,106,4.23,0.9337,120,4.14,0.9139,5,4.365,0.9635,25,0
SPY190802C294,2019-08-01,2019-08-01 09:34:55,4.47,0.9867,8,4.26,0.9403,8,4.14,0.9139,5,4.365,0.9635,25,0
SPY190802C294,2019-08-01,2019-08-01 09:34:55,4.47,0.9867,100,4.26,0.9403,100,4.14,0.9139,5,4.365,0.9635,25,0
SPY190802C294,2019-08-01,2019-08-01 09:34:56,4.48,0.9889,5,4.2,0.9271,100,4.14,0.9139,5,4.34,0.958,25,0
SPY190802C294,2019-08-01,2019-08-01 09:34:56,4.5,0.9933,2,4.22,0.9315,168,4.14,0.9139,5,4.36,0.9624,25,0
SPY190802C294,2019-08-01,2019-08-01 09:34:57,4.5,0.9933,5,4.22,0.9315,168,4.14,0.9139,5,4.36,0.9624,25,0
SPY190802C294,2019-08-01,2019-08-01 09:34:58,4.51,0.9955,10,4.23,0.9337,103,4.14,0.9139,5,4.37,0.9646,25,0
SPY190802C294,2019-08-01,2019-08-01 09:34:58,4.52,0.9977,11,4.23,0.9337,5,4.14,0.9139,5,4.375,0.9657,25,0
SPY190802C294,2019-08-01,2019-08-01 09:34:59,4.46,0.9845,2,4.27,0.9426,2,4.14,0.9139,5,4.365,0.9635,25,0
SPY190802C294,2019-08-01,2019-08-01 09:35:00,4.43,0.9779,100,4.31,0.9514,120,4.14,0.9139,5,4.37,0.9646,25,0
SPY190802C294,2019-08-01,2019-08-01 09:35:00,4.41,0.9735,12,4.32,0.9536,8,4.14,0.9139,5,4.365,0.9635,25,0
SPY190802C294,2019-08-01,2019-08-01 09:35:01,4.52,0.9977,8,4.33,0.9558,5,4.14,0.9139,5,4.425,0.9768,25,0
SPY190802C294,2019-08-01,2019-08-01 09:35:01,4.39,0.969,8,4.33,0.9558,8,4.14,0.9139,5,4.36,0.9624,25,0
SPY190802C294,2019-08-01,2019-08-01 09:35:02,4.45,0.9823,8,4.23,0.9337,8,4.14,0.9139,5,4.34,0.958,25,0
SPY190802C294,2019-08-01,2019-08-01 09:35:02,4.45,0.9823,100,4.23,0.9337,168,4.14,0.9139,5,4.34,0.958,25,0
SPY190802C294,2019-08-01,2019-08-01 09:35:03,4.51,0.9955,8,4.23,0.9337,8,4.14,0.9139,5,4.37,0.9646,25,0
SPY190802C294,2019-08-01,2019-08-01 09:35:03,4.44,0.9801,5,4.24,0.9359,5,4.14,0.9139,5,4.34,0.958,25,0
SPY190802C294,2019-08-01,2019-08-01 09:35:04,4.49,0.9911,100,4.26,0.9403,100,4.14,0.9139,5,4.375,0.9657,25,0
SPY190802C294,2019-08-01,2019-08-01 09:35:05,4.55,1.0044,50,4.23,0.9337,75,4.14,0.9139,5,4.39,0.969,25,0
SPY190802C294,2019-08-01,2019-08-01 09:35:05,4.53,1.0,5,4.25,0.9381,5,4.14,0.9139,5,4.39,0.969,25,0
SPY190802C294,2019-08-01,2019-08-01 09:35:06,4.52,0.9977,100,4.25,0.9381,168,4.14,0.9139,5,4.385,0.9679,25,0
SPY190802C294,2019-08-01,2019-08-01 09:35:06,4.52,0.9977,100,4.25,0.9381,100,4.14,0.9139,5,4.385,0.9679,25,0
SPY190802C294,2019-08-01,2019-08-01 09:35:07,4.51,0.9955,104,4.27,0.9426,103,4.14,0.9139,5,4.39,0.969,25,0
SPY190802C294,2019-08-01,2019-08-01 09:35:07,4.49,0.9911,8,4.29,0.947,101,4.14,0.9139,5,4.39,0.969,25,0
SPY190802C294,2019-08-01,2019-08-01 09:35:08,4.49,0.9911,100,4.29,0.947,101,4.14,0.9139,5,4.39,0.969,25,0
SPY190802C294,2019-08-01,2019-08-01 09:35:08,4.49,0.9911,104,4.3,0.9492,5,4.14,0.9139,5,4.395,0.9701,25,0
SPY190802C294,2019-08-01,2019-08-01 09:35:09,4.46,0.9845,2,4.32,0.9536,2,4.14,0.9139,5,4.39,0.969,25,0
SPY190802C294,2019-08-01,2019-08-01 09:35:10,4.41,0.9735,8,4.36,0.9624,8,4.14,0.9139,5,4.385,0.9679,25,0
SPY190802C294,2019-08-01,2019-08-01 09:35:10,4.46,0.9845,8,4.32,0.9536,8,4.14,0.9139,5,4.39,0.969,25,0
SPY190802C294,2019-08-01,2019-08-01 09:35:11,4.4,0.9713,8,4.36,0.9624,8,4.14,0.9139,5,4.38,0.9668,25,0
SPY190802C294,2019-08-01,2019-08-01 09:35:11,4.4,0.9713,8,4.28,0.9448,63,4.14,0.9139,5,4.34,0.958,25,0
SPY190802C294,2019-08-01,2019-08-01 09:35:12,4.41,0.9735,5,4.28,0.9448,100,4.14,0.9139,5,4.345,0.9591,25,0
SPY190802C294,2019-08-01,2019-08-01 09:35:12,4.41,0.9735,149,4.28,0.9448,176,4.14,0.9139,5,4.345,0.9591,25,0
SPY190802C294,2019-08-01,2019-08-01 09:35:13,4.4,0.9713,100,4.29,0.947,100,4.14,0.9139,5,4.345,0.9591,25,0
SPY190802C294,2019-08-01,2019-08-01 09:35:13,4.38,0.9668,8,4.29,0.947,100,4.14,0.9139,5,4.335,0.9569,25,0
SPY190802C294,2019-08-01,2019-08-01 09:35:14,4.38,0.9668,8,4.29,0.947,83,4.14,0.9139,5,4.335,0.9569,25,0
SPY190802C294,2019-08-01,2019-08-01 09:35:15,4.44,0.9801,100,4.29,0.947,83,4.14,0.9139,5,4.365,0.9635,25,0
SPY190802C294,2019-08-01,2019-08-01 09:35:15,4.47,0.9867,61,4.29,0.947,61,4.14,0.9139,5,4.38,0.9668,25,0
SPY190802C294,2019-08-01,2019-08-01 09:35:16,4.44,0.9801,8,4.32,0.9536,8,4.14,0.9139,5,4.38,0.9668,25,0
SPY190802C294,2019-08-01,2019-08-01 09:35:16,4.45,0.9823,100,4.31,0.9514,100,4.14,0.9139,5,4.38,0.9668,25,0
SPY190802C294,2019-08-01,2019-08-01 09:35:17,4.44,0.9801,100,4.32,0.9536,40,4.14,0.9139,5,4.38,0.9668,25,0
SPY190802C294,2019-08-01,2019-08-01 09:35:17,4.42,0.9757,2,4.34,0.958,8,4.14,0.9139,5,4.38,0.9668,25,0
SPY190802C294,2019-08-01,2019-08-01 09:35:18,4.49,0.9911,5,4.27,0.9426,5,4.14,0.9139,5,4.38,0.9668,25,0
SPY190802C294,2019-08-01,2019-08-01 09:35:18,4.51,0.9955,50,4.27,0.9426,100,4.14,0.9139,5,4.39,0.969,25,0
SPY190802C294,2019-08-01,2019-08-01 09:35:19,4.48,0.9889,106,4.28,0.9448,107,4.14,0.9139,5,4.38,0.9668,25,0
SPY190802C294,2019-08-01,2019-08-01 09:35:20,4.45,0.9823,8,4.3,0.9492,8,4.14,0.9139,5,4.375,0.9657,25,0
SPY190802C294,2019-08-01,2019-08-01 09:35:20,4.47,0.9867,8,4.28,0.9448,8,4.14,0.9139,5,4.375,0.9657,25,0
SPY190802C294,2019-08-01,2019-08-01 09:35:21,4.45,0.9823,100,4.31,0.9514,5,4.14,0.9139,5,4.38,0.9668,25,0
SPY190802C294,2019-08-01,2019-08-01 09:35:21,4.45,0.9823,4,4.31,0.9514,5,4.14,0.9139,5,4.38,0.9668,25,0
SPY190802C294,2019-08-01,2019-08-01 09:35:22,4.44,0.9801,8,4.33,0.9558,8,4.14,0.9139,5,4.385,0.9679,25,0
SPY190802C294,2019-08-01,2019-08-01 09:35:23,4.43,0.9779,8,4.32,0.9536,63,4.14,0.9139,5,4.375,0.9657,25,0
SPY190802C294,2019-08-01,2019-08-01 09:35:23,4.43,0.9779,100,4.22,0.9315,50,4.14,0.9139,5,4.325,0.9547,25,0
SPY190802C294,2019-08-01,2019-08-01 09:35:24,4.42,0.9757,5,4.24,0.9359,100,4.14,0.9139,5,4.33,0.9558,25,0
SPY190802C294,2019-08-01,2019-08-01 09:35:24,4.43,0.9779,100,4.22,0.9315,75,4.14,0.9139,5,4.325,0.9547,25,0
SPY190802C294,2019-08-01,2019-08-01 09:35:25,4.42,0.9757,5,4.24,0.9359,120,4.14,0.9139,5,4.33,0.9558,25,0
SPY190802C294,2019-08-01,2019-08-01 09:35:26,4.42,0.9757,100,4.26,0.9403,5,4.14,0.9139,5,4.34,0.958,25,0
SPY190802C294,2019-08-01,2019-08-01 09:35:26,4.42,0.9757,5,4.26,0.9403,5,4.14,0.9139,5,4.34,0.958,25,0
SPY190802C294,2019-08-01,2019-08-01 09:35:27,4.52,0.9977,12,4.26,0.9403,12,4.14,0.9139,5,4.39,0.969,25,0
SPY190802C294,2019-08-01,2019-08-01 09:35:27,4.53,1.0,5,4.25,0.9381,5,4.14,0.9139,5,4.39,0.969,25,0
SPY190802C294,2019-08-01,2019-08-01 09:35:28,4.5,0.9933,100,4.28,0.9448,100,4.14,0.9139,5,4.39,0.969,25,0
SPY190802C294,2019-08-01,2019-08-01 09:35:28,4.48,0.9889,8,4.26,0.9403,5,4.14,0.9139,5,4.37,0.9646,25,0
SPY190802C294,2019-08-01,2019-08-01 09:35:29,4.49,0.9911,5,4.26,0.9403,5,4.14,0.9139,5,4.375,0.9657,25,0
SPY190802C294,2019-08-01,2019-08-01 09:35:29,4.48,0.9889,120,4.27,0.9426,120,4.14,0.9139,5,4.375,0.9657,25,0
SPY190802C294,2019-08-01,2019-08-01 09:35:30,4.45,0.9823,8,4.28,0.9448,5,4.14,0.9139,5,4.365,0.9635,25,0
SPY190802C294,2019-08-01,2019-08-01 09:35:31,4.53,1.0,5,4.25,0.9381,5,4.14,0.9139,5,4.39,0.969,25,0
SPY190802C294,2019-08-01,2019-08-01 09:35:31,4.45,0.9823,5,4.29,0.947,5,4.14,0.9139,5,4.37,0.9646,25,0
SPY190802C294,2019-08-01,2019-08-01 09:35:32,4.53,1.0,5,4.26,0.9403,5,4.14,0.9139,5,4.395,0.9701,25,0
SPY190802C294,2019-08-01,2019-08-01 09:35:33,4.54,1.0022,152,4.26,0.9403,101,4.14,0.9139,5,4.4,0.9713,25,0
SPY190802C294,2019-08-01,2019-08-01 09:35:33,4.54,1.0022,5,4.26,0.9403,101,4.14,0.9139,5,4.4,0.9713,25,0
SPY190802C294,2019-08-01,2019-08-01 09:35:34,4.54,1.0022,100,4.26,0.9403,101,4.14,0.9139,5,4.4,0.9713,25,0
SPY190802C294,2019-08-01,2019-08-01 09:35:35,4.55,1.0044,12,4.27,0.9426,178,4.14,0.9139,5,4.41,0.9735,25,0
SPY190802C294,2019-08-01,2019-08-01 09:35:35,4.55,1.0044,12,4.27,0.9426,12,4.14,0.9139,5,4.41,0.9735,25,0
SPY190802C294,2019-08-01,2019-08-01 09:35:36,4.53,1.0,104,4.28,0.9448,100,4.14,0.9139,5,4.405,0.9724,25,0
SPY190802C294,2019-08-01,2019-08-01 09:35:37,4.52,0.9977,102,4.31,0.9514,5,4.14,0.9139,5,4.415,0.9746,25,0
SPY190802C294,2019-08-01,2019-08-01 09:35:37,4.52,0.9977,100,4.29,0.947,100,4.14,0.9139,5,4.405,0.9724,25,0
SPY190802C294,2019-08-01,2019-08-01 09:35:38,4.51,0.9955,5,4.31,0.9514,5,4.14,0.9139,5,4.41,0.9735,25,0
SPY190802C294,2019-08-01,2019-08-01 09:35:39,4.5,0.9933,100,4.32,0.9536,100,4.14,0.9139,5,4.41,0.9735,25,0
SPY190802C294,2019-08-01,2019-08-01 09:35:39,4.5,0.9933,8,4.32,0.9536,12,4.14,0.9139,5,4.41,0.9735,25,0
SPY190802C294,2019-08-01,2019-08-01 09:35:40,4.5,0.9933,5,4.32,0.9536,5,4.14,0.9139,5,4.41,0.9735,25,0
SPY190802C294,2019-08-01,2019-08-01 09:35:41,4.52,0.9977,10,4.26,0.9403,5,4.14,0.9139,5,4.39,0.969,25,0
SPY190802C294,2019-08-01,2019-08-01 09:35:41,4.5,0.9933,5,4.26,0.9403,5,4.14,0.9139,5,4.38,0.9668,25,0
SPY190802C294,2019-08-01,2019-08-01 09:35:42,4.45,0.9823,5,4.26,0.9403,5,4.14,0.9139,5,4.355,0.9613,25,0
SPY190802C294,2019-08-01,2019-08-01 09:35:43,4.43,0.9779,2,4.29,0.947,10,4.14,0.9139,5,4.36,0.9624,25,0
SPY190802C294,2019-08-01,2019-08-01 09:35:43,4.43,0.9779,8,4.29,0.947,120,4.14,0.9139,5,4.36,0.9624,25,0
SPY190802C294,2019-08-01,2019-08-01 09:35:44,4.44,0.9801,8,4.32,0.9536,8,4.14,0.9139,5,4.38,0.9668,25,0
SPY190802C294,2019-08-01,2019-08-01 09:35:45,4.44,0.9801,5,4.33,0.9558,5,4.14,0.9139,5,4.385,0.9679,25,0
SPY190802C294,2019-08-01,2019-08-01 09:35:45,4.45,0.9823,106,4.33,0.9558,5,4.14,0.9139,5,4.39,0.969,25,0
SPY190802C294,2019-08-01,2019-08-01 09:35:46,4.45,0.9823,100,4.34,0.958,61,4.14,0.9139,5,4.395,0.9701,25,0
SPY190802C294,2019-08-01,2019-08-01 09:35:46,4.45,0.9823,100,4.34,0.958,8,4.14,0.9139,5,4.395,0.9701,25,0
SPY190802C294,2019-08-01,2019-08-01 09:35:47,4.44,0.9801,8,4.39,0.969,5,4.14,0.9139,5,4.415,0.9746,25,0
SPY190802C294,2019-08-01,2019-08-01 09:35:48,4.44,0.9801,44,4.38,0.9668,59,4.14,0.9139,5,4.41,0.9735,25,0
SPY190802C294,2019-08-01,2019-08-01 09:35:48,4.45,0.9823,100,4.38,0.9668,59,4.14,0.9139,5,4.415,0.9746,25,0
SPY190802C294,2019-08-01,2019-08-01 09:35:49,4.44,0.9801,8,4.4,0.9713,12,4.14,0.9139,5,4.42,0.9757,25,0
SPY190802C294,2019-08-01,2019-08-01 09:35:49,4.44,0.9801,8,4.41,0.9735,8,4.14,0.9139,5,4.425,0.9768,25,0
SPY190802C294,2019-08-01,2019-08-01 09:35:50,4.45,0.9823,100,4.29,0.947,168,4.14,0.9139,5,4.37,0.9646,25,0
SPY190802C294,2019-08-01,2019-08-01 09:35:50,4.45,0.9823,120,4.38,0.9668,100,4.14,0.9139,5,4.415,0.9746,25,0
SPY190802C294,2019-08-01,2019-08-01 09:35:51,4.53,1.0,8,4.41,0.9735,8,4.14,0.9139,5,4.47,0.9867,25,0
SPY190802C294,2019-08-01,2019-08-01 09:35:51,4.54,1.0022,8,4.4,0.9713,8,4.14,0.9139,5,4.47,0.9867,25,0
SPY190802C294,2019-08-01,2019-08-01 09:35:52,4.53,1.0,100,4.41,0.9735,117,4.14,0.9139,5,4.47,0.9867,25,0
SPY190802C294,2019-08-01,2019-08-01 09:35:53,4.51,0.9955,115,4.41,0.9735,140,4.14,0.9139,5,4.46,0.9845,25,0
SPY190802C294,2019-08-01,2019-08-01 09:35:53,4.51,0.9955,115,4.41,0.9735,170,4.14,0.9139,5,4.46,0.9845,25,0
SPY190802C294,2019-08-01,2019-08-01 09:35:54,4.51,0.9955,120,4.41,0.9735,4,4.14,0.9139,5,4.46,0.9845,25,0
SPY190802C294,2019-08-01,2019-08-01 09:35:54,4.51,0.9955,115,4.41,0.9735,140,4.14,0.9139,5,4.46,0.9845,25,0
SPY190802C294,2019-08-01,2019-08-01 09:35:55,4.57,1.0088,128,4.35,0.9602,150,4.14,0.9139,5,4.46,0.9845,25,0
SPY190802C294,2019-08-01,2019-08-01 09:35:55,4.5,0.9933,5,4.35,0.9602,100,4.14,0.9139,5,4.425,0.9768,25,0
SPY190802C294,2019-08-01,2019-08-01 09:35:56,4.56,1.0066,5,4.36,0.9624,100,4.14,0.9139,5,4.46,0.9845,25,0
SPY190802C294,2019-08-01,2019-08-01 09:35:57,4.53,1.0,8,4.39,0.969,8,4.14,0.9139,5,4.46,0.9845,25,0
SPY190802C294,2019-08-01,2019-08-01 09:35:57,4.51,0.9955,156,4.41,0.9735,8,4.14,0.9139,5,4.46,0.9845,25,0
SPY190802C294,2019-08-01,2019-08-01 09:35:58,4.51,0.9955,156,4.29,0.947,5,4.14,0.9139,5,4.4,0.9713,25,0
SPY190802C294,2019-08-01,2019-08-01 09:35:59,4.49,0.9911,8,4.3,0.9492,8,4.14,0.9139,5,4.395,0.9701,25,0
SPY190802C294,2019-08-01,2019-08-01 09:36:00,4.48,0.9889,100,4.31,0.9514,8,4.14,0.9139,5,4.395,0.9701,25,0
SPY190802C294,2019-08-01,2019-08-01 09:36:00,4.47,0.9867,100,4.31,0.9514,100,4.14,0.9139,5,4.39,0.969,25,0
SPY190802C294,2019-08-01,2019-08-01 09:36:01,4.48,0.9889,8,4.33,0.9558,8,4.14,0.9139,5,4.405,0.9724,25,0
SPY190802C294,2019-08-01,2019-08-01 09:36:01,4.48,0.9889,4,4.33,0.9558,4,4.14,0.9139,5,4.405,0.9724,25,0
SPY190802C294,2019-08-01,2019-08-01 09:36:02,4.55,1.0044,125,4.26,0.9403,167,4.14,0.9139,5,4.405,0.9724,25,0
SPY190802C294,2019-08-01,2019-08-01 09:36:02,4.48,0.9889,5,4.33,0.9558,5,4.14,0.9139,5,4.405,0.9724,25,0
SPY190802C294,2019-08-01,2019-08-01 09:36:03,4.54,1.0022,5,4.34,0.958,5,4.14,0.9139,5,4.44,0.9801,25,0
SPY190802C294,2019-08-01,2019-08-01 09:36:04,4.53,1.0,104,4.36,0.9624,83,4.14,0.9139,5,4.445,0.9812,25,0
SPY190802C294,2019-08-01,2019-08-01 09:36:04,4.54,1.0022,5,4.34,0.958,101,4.14,0.9139,5,4.44,0.9801,25,0
SPY190802C294,2019-08-01,2019-08-01 09:36:05,4.53,1.0,104,4.38,0.9668,8,4.14,0.9139,5,4.455,0.9834,25,0
SPY190802C294,2019-08-01,2019-08-01 09:36:05,4.48,0.9889,8,4.4,0.9713,8,4.14,0.9139,5,4.44,0.9801,25,0
SPY190802C294,2019-08-01,2019-08-01 09:36:06,4.46,0.9845,12,4.41,0.9735,12,4.14,0.9139,5,4.435,0.979,25,0
SPY190802C294,2019-08-01,2019-08-01 09:36:06,4.45,0.9823,8,4.42,0.9757,8,4.14,0.9139,5,4.435,0.979,25,0
SPY190802C294,2019-08-01,2019-08-01 09:36:07,4.46,0.9845,83,4.33,0.9558,100,4.14,0.9139,5,4.395,0.9701,25,0
SPY190802C294,2019-08-01,2019-08-01 09:36:08,4.56,1.0066,28,4.29,0.947,50,4.14,0.9139,5,4.425,0.9768,25,0
SPY190802C294,2019-08-01,2019-08-01 09:36:08,4.54,1.0022,2,4.31,0.9514,8,4.14,0.9139,5,4.425,0.9768,25,0
SPY190802C294,2019-08-01,2019-08-01 09:36:09,4.51,0.9955,8,4.35,0.9602,8,4.14,0.9139,5,4.43,0.9779,25,0
SPY190802C294,2019-08-01,2019-08-01 09:36:09,4.54,1.0022,2,4.33,0.9558,8,4.14,0.9139,5,4.435,0.979,25,0
SPY190802C294,2019-08-01,2019-08-01 09:36:10,4.5,0.9933,100,4.36,0.9624,8,4.14,0.9139,5,4.43,0.9779,25,0
SPY190802C294,2019-08-01,2019-08-01 09:36:11,4.46,0.9845,8,4.41,0.9735,8,4.14,0.9139,5,4.435,0.979,25,0
SPY190802C294,2019-08-01,2019-08-01 09:36:11,4.48,0.9889,100,4.38,0.9668,100,4.14,0.9139,5,4.43,0.9779,25,0
SPY190802C294,2019-08-01,2019-08-01 09:36:12,4.44,0.9801,8,4.42,0.9757,12,4.14,0.9139,5,4.43,0.9779,25,0
SPY190802C294,2019-08-01,2019-08-01 09:36:13,4.48,0.9889,5,4.32,0.9536,5,4.14,0.9139,5,4.4,0.9713,25,0
SPY190802C294,2019-08-01,2019-08-01 09:36:13,4.54,1.0022,102,4.31,0.9514,8,4.14,0.9139,5,4.425,0.9768,25,0
SPY190802C294,2019-08-01,2019-08-01 09:36:14,4.54,1.0022,5,4.31,0.9514,75,4.14,0.9139,5,4.425,0.9768,25,0
SPY190802C294,2019-08-01,2019-08-01 09:36:14,4.56,1.0066,8,4.33,0.9558,8,4.14,0.9139,5,4.445,0.9812,25,0
SPY190802C294,2019-08-01,2019-08-01 09:36:15,4.56,1.0066,107,4.34,0.958,4,4.14,0.9139,5,4.45,0.9823,25,0
SPY190802C294,2019-08-01,2019-08-01 09:36:15,4.56,1.0066,8,4.34,0.958,8,4.14,0.9139,5,4.45,0.9823,25,0
SPY190802C294,2019-08-01,2019-08-01 09:36:16,4.54,1.0022,5,4.36,0.9624,10,4.14,0.9139,5,4.45,0.9823,25,0
SPY190802C294,2019-08-01,2019-08-01 09:36:16,4.54,1.0022,5,4.35,0.9602,100,4.14,0.9139,5,4.445,0.9812,25,0
SPY190802C294,2019-08-01,2019-08-01 09:36:17,4.56,1.0066,100,4.36,0.9624,10,4.14,0.9139,5,4.46,0.9845,25,0
SPY190802C294,2019-08-01,2019-08-01 09:36:18,4.54,1.0022,5,4.37,0.9646,100,4.14,0.9139,5,4.455,0.9834,25,0
SPY190802C294,2019-08-01,2019-08-01 09:36:19,4.54,1.0022,5,4.37,0.9646,100,4.14,0.9139,5,4.455,0.9834,25,0
SPY190802C294,2019-08-01,2019-08-01 09:36:19,4.54,1.0022,5,4.38,0.9668,107,4.14,0.9139,5,4.46,0.9845,25,0
SPY190802C294,2019-08-01,2019-08-01 09:36:20,4.47,0.9867,8,4.41,0.9735,8,4.14,0.9139,5,4.44,0.9801,25,0
SPY190802C294,2019-08-01,2019-08-01 09:36:20,4.49,0.9911,8,4.41,0.9735,8,4.14,0.9139,5,4.45,0.9823,25,0
SPY190802C294,2019-08-01,2019-08-01 09:36:21,4.47,0.9867,100,4.41,0.9735,8,4.14,0.9139,5,4.44,0.9801,25,0
SPY190802C294,2019-08-01,2019-08-01 09:36:22,4.47,0.9867,100,4.34,0.958,41,4.14,0.9139,5,4.405,0.9724,25,0
SPY190802C294,2019-08-01,2019-08-01 09:36:22,4.54,1.0022,10,4.34,0.958,120,4.14,0.9139,5,4.44,0.9801,25,0
SPY190802C294,2019-08-01,2019-08-01 09:36:23,4.52,0.9977,12,4.36,0.9624,12,4.14,0.9139,5,4.44,0.9801,25,0
SPY190802C294,2019-08-01,2019-08-01 09:36:23,4.51,0.9955,2,4.36,0.9624,12,4.14,0.9139,5,4.435,0.979,25,0
SPY190802C294,2019-08-01,2019-08-01 09:36:24,4.48,0.9889,6,4.28,0.9448,5,4.14,0.9139,5,4.38,0.9668,25,0
SPY190802C294,2019-08-01,2019-08-01 09:36:24,4.49,0.9911,2,4.37,0.9646,3,4.14,0.9139,5,4.43,0.9779,25,0
SPY190802C294,2019-08-01,2019-08-01 09:36:25,4.49,0.9911,8,4.26,0.9403,28,4.14,0.9139,5,4.375,0.9657,25,0
SPY190802C294,2019-08-01,2019-08-01 09:36:25,4.5,0.9933,5,4.28,0.9448,8,4.14,0.9139,5,4.39,0.969,25,0
SPY190802C294,2019-08-01,2019-08-01 09:36:26,4.46,0.9845,5,4.28,0.9448,5,4.14,0.9139,5,4.37,0.9646,25,0
SPY190802C294,2019-08-01,2019-08-01 09:36:27,4.45,0.9823,5,4.28,0.9448,5,4.14,0.9139,5,4.365,0.9635,25,0
SPY190802C294,2019-08-01,2019-08-01 09:36:27,4.46,0.9845,5,4.28,0.9448,5,4.14,0.9139,5,4.37,0.9646,25,0
SPY190802C294,2019-08-01,2019-08-01 09:36:28,4.45,0.9823,5,4.28,0.9448,5,4.14,0.9139,5,4.365,0.9635,25,0
SPY190802C294,2019-08-01,2019-08-01 09:36:28,4.45,0.9823,104,4.22,0.9315,103,4.14,0.9139,5,4.335,0.9569,25,0
SPY190802C294,2019-08-01,2019-08-01 09:36:29,4.44,0.9801,112,4.23,0.9337,112,4.14,0.9139,5,4.335,0.9569,25,0
SPY190802C294,2019-08-01,2019-08-01 09:36:29,4.43,0.9779,5,4.25,0.9381,59,4.14,0.9139,5,4.34,0.958,25,0
SPY190802C294,2019-08-01,2019-08-01 09:36:30,4.32,0.9536,48,4.25,0.9381,64,4.14,0.9139,5,4.285,0.9459,25,0
SPY190802C294,2019-08-01,2019-08-01 09:36:30,4.33,0.9558,28,4.27,0.9426,59,4.14,0.9139,5,4.3,0.9492,25,0
SPY190802C294,2019-08-01,2019-08-01 09:36:31,4.31,0.9514,2,4.27,0.9426,6,4.14,0.9139,5,4.29,0.947,25,0
SPY190802C294,2019-08-01,2019-08-01 09:36:32,4.33,0.9558,5,4.27,0.9426,100,4.14,0.9139,5,4.3,0.9492,25,0
SPY190802C294,2019-08-01,2019-08-01 09:36:32,4.33,0.9558,5,4.27,0.9426,120,4.14,0.9139,5,4.3,0.9492,25,0
SPY190802C294,2019-08-01,2019-08-01 09:36:33,4.42,0.9757,5,4.28,0.9448,8,4.14,0.9139,5,4.35,0.9602,25,0
SPY190802C294,2019-08-01,2019-08-01 09:36:33,4.45,0.9823,304,4.28,0.9448,5,4.14,0.9139,5,4.365,0.9635,25,0
SPY190802C294,2019-08-01,2019-08-01 09:36:34,4.41,0.9735,8,4.28,0.9448,5,4.14,0.9139,5,4.345,0.9591,25,0
SPY190802C294,2019-08-01,2019-08-01 09:36:34,4.4,0.9713,5,4.24,0.9359,100,4.14,0.9139,5,4.32,0.9536,25,0
SPY190802C294,2019-08-01,2019-08-01 09:36:35,4.4,0.9713,5,4.25,0.9381,5,4.14,0.9139,5,4.325,0.9547,25,0
SPY190802C294,2019-08-01,2019-08-01 09:36:36,4.39,0.969,5,4.27,0.9426,5,4.14,0.9139,5,4.33,0.9558,25,0
SPY190802C294,2019-08-01,2019-08-01 09:36:36,4.4,0.9713,5,4.26,0.9403,5,4.14,0.9139,5,4.33,0.9558,25,0
SPY190802C294,2019-08-01,2019-08-01 09:36:37,4.39,0.969,100,4.28,0.9448,8,4.14,0.9139,5,4.335,0.9569,25,0
SPY190802C294,2019-08-01,2019-08-01 09:36:38,4.36,0.9624,8,4.31,0.9514,8,4.14,0.9139,5,4.335,0.9569,25,0
SPY190802C294,2019-08-01,2019-08-01 09:36:38,4.38,0.9668,5,4.29,0.947,10,4.14,0.9139,5,4.335,0.9569,25,0
SPY190802C294,2019-08-01,2019-08-01 09:36:39,4.35,0.9602,8,4.31,0.9514,8,4.14,0.9139,5,4.33,0.9558,25,0
SPY190802C294,2019-08-01,2019-08-01 09:36:40,4.47,0.9867,20,4.31,0.9514,20,4.14,0.9139,5,4.39,0.969,25,0
SPY190802C294,2019-08-01,2019-08-01 09:36:40,4.47,0.9867,243,4.31,0.9514,20,4.14,0.9139,5,4.39,0.969,25,0
SPY190802C294,2019-08-01,2019-08-01 09:36:41,4.46,0.9845,120,4.25,0.9381,5,4.14,0.9139,5,4.355,0.9613,25,0
SPY190802C294,2019-08-01,2019-08-01 09:36:41,4.46,0.9845,9,4.24,0.9359,8,4.14,0.9139,5,4.35,0.9602,25,0
SPY190802C294,2019-08-01,2019-08-01 09:36:42,4.45,0.9823,5,4.25,0.9381,101,4.14,0.9139,5,4.35,0.9602,25,0
SPY190802C294,2019-08-01,2019-08-01 09:36:43,4.45,0.9823,100,4.26,0.9403,9,4.14,0.9139,5,4.355,0.9613,25,0
SPY190802C294,2019-08-01,2019-08-01 09:36:44,4.41,0.9735,8,4.29,0.947,49,4.14,0.9139,5,4.35,0.9602,25,0
SPY190802C294,2019-08-01,2019-08-01 09:36:44,4.42,0.9757,5,4.28,0.9448,5,4.14,0.9139,5,4.35,0.9602,25,0
SPY190802C294,2019-08-01,2019-08-01 09:36:45,4.41,0.9735,100,4.3,0.9492,2,4.14,0.9139,5,4.355,0.9613,25,0
SPY190802C294,2019-08-01,2019-08-01 09:36:45,4.4,0.9713,100,4.23,0.9337,64,4.14,0.9139,5,4.315,0.9525,25,0
SPY190802C294,2019-08-01,2019-08-01 09:36:46,4.38,0.9668,100,4.23,0.9337,32,4.14,0.9139,5,4.305,0.9503,25,0
SPY190802C294,2019-08-01,2019-08-01 09:36:47,4.35,0.9602,8,4.24,0.9359,8,4.14,0.9139,5,4.295,0.9481,25,0
SPY190802C294,2019-08-01,2019-08-01 09:36:48,4.32,0.9536,8,4.3,0.9492,12,4.14,0.9139,5,4.31,0.9514,25,0
SPY190802C294,2019-08-01,2019-08-01 09:36:48,4.34,0.958,8,4.3,0.9492,28,4.14,0.9139,5,4.32,0.9536,25,0
SPY190802C294,2019-08-01,2019-08-01 09:36:49,4.36,0.9624,5,4.3,0.9492,5,4.14,0.9139,5,4.33,0.9558,25,0
SPY190802C294,2019-08-01,2019-08-01 09:36:50,4.45,0.9823,100,4.21,0.9293,10,4.14,0.9139,5,4.33,0.9558,25,0
SPY190802C294,2019-08-01,2019-08-01 09:36:50,4.43,0.9779,8,4.21,0.9293,22,4.14,0.9139,5,4.32,0.9536,25,0
SPY190802C294,2019-08-01,2019-08-01 09:36:51,4.43,0.9779,109,4.22,0.9315,106,4.14,0.9139,5,4.325,0.9547,25,0
SPY190802C294,2019-08-01,2019-08-01 09:36:51,4.4,0.9713,5,4.24,0.9359,5,4.14,0.9139,5,4.32,0.9536,25,0
SPY190802C294,2019-08-01,2019-08-01 09:36:52,4.39,0.969,5,4.25,0.9381,20,4.14,0.9139,5,4.32,0.9536,25,0
SPY190802C294,2019-08-01,2019-08-01 09:36:52,4.36,0.9624,8,4.27,0.9426,8,4.14,0.9139,5,4.315,0.9525,25,0
SPY190802C294,2019-08-01,2019-08-01 09:36:53,4.35,0.9602,5,4.28,0.9448,5,4.14,0.9139,5,4.315,0.9525,25,0
SPY190802C294,2019-08-01,2019-08-01 09:36:53,4.38,0.9668,5,4.28,0.9448,5,4.14,0.9139,5,4.33,0.9558,25,0
SPY190802C294,2019-08-01,2019-08-01 09:36:54,4.37,0.9646,8,4.21,0.9293,5,4.14,0.9139,5,4.29,0.947,25,0
SPY190802C294,2019-08-01,2019-08-01 09:36:55,4.35,0.9602,5,4.22,0.9315,5,4.14,0.9139,5,4.285,0.9459,25,0
SPY190802C294,2019-08-01,2019-08-01 09:36:56,4.36,0.9624,41,4.22,0.9315,8,4.14,0.9139,5,4.29,0.947,25,0
SPY190802C294,2019-08-01,2019-08-01 09:36:56,4.34,0.958,8,4.22,0.9315,5,4.14,0.9139,5,4.28,0.9448,25,0
SPY190802C294,2019-08-01,2019-08-01 09:36:57,4.47,0.9867,15,4.23,0.9337,205,4.14,0.9139,5,4.35,0.9602,25,0
SPY190802C294,2019-08-01,2019-08-01 09:36:57,4.47,0.9867,15,4.24,0.9359,20,4.14,0.9139,5,4.355,0.9613,25,0
SPY190802C294,2019-08-01,2019-08-01 09:36:58,4.46,0.9845,5,4.25,0.9381,5,4.14,0.9139,5,4.355,0.9613,25,0
SPY190802C294,2019-08-01,2019-08-01 09:36:58,4.43,0.9779,10,4.25,0.9381,5,4.14,0.9139,5,4.34,0.958,25,0
SPY190802C294,2019-08-01,2019-08-01 09:36:59,4.42,0.9757,5,4.27,0.9426,5,4.14,0.9139,5,4.345,0.9591,25,0
SPY190802C294,2019-08-01,2019-08-01 09:37:00,4.38,0.9668,5,4.29,0.947,5,4.14,0.9139,5,4.335,0.9569,25,0
SPY190802C294,2019-08-01,2019-08-01 09:37:00,4.41,0.9735,5,4.27,0.9426,8,4.14,0.9139,5,4.34,0.958,25,0
SPY190802C294,2019-08-01,2019-08-01 09:37:01,4.35,0.9602,8,4.31,0.9514,8,4.14,0.9139,5,4.33,0.9558,25,0
SPY190802C294,2019-08-01,2019-08-01 09:37:01,4.33,0.9558,8,4.31,0.9514,12,4.14,0.9139,5,4.32,0.9536,25,0
SPY190802C294,2019-08-01,2019-08-01 09:37:02,4.36,0.9624,64,4.2,0.9271,125,4.14,0.9139,5,4.28,0.9448,25,0
SPY190802C294,2019-08-01,2019-08-01 09:37:02,4.46,0.9845,5,4.23,0.9337,8,4.14,0.9139,5,4.345,0.9591,25,0
SPY190802C294,2019-08-01,2019-08-01 09:37:03,4.45,0.9823,5,4.24,0.9359,8,4.14,0.9139,5,4.345,0.9591,25,0
SPY190802C294,2019-08-01,2019-08-01 09:37:03,4.44,0.9801,103,4.22,0.9315,153,4.14,0.9139,5,4.33,0.9558,25,0
SPY190802C294,2019-08-01,2019-08-01 09:37:04,4.42,0.9757,152,4.27,0.9426,152,4.14,0.9139,5,4.345,0.9591,25,0
SPY190802C294,2019-08-01,2019-08-01 09:37:05,4.4,0.9713,8,4.28,0.9448,5,4.14,0.9139,5,4.34,0.958,25,0
SPY190802C294,2019-08-01,2019-08-01 09:37:05,4.42,0.9757,52,4.27,0.9426,52,4.14,0.9139,5,4.345,0.9591,25,0
SPY190802C294,2019-08-01,2019-08-01 09:37:06,4.37,0.9646,8,4.31,0.9514,8,4.14,0.9139,5,4.34,0.958,25,0
SPY190802C294,2019-08-01,2019-08-01 09:37:07,4.36,0.9624,5,4.31,0.9514,29,4.14,0.9139,5,4.335,0.9569,25,0
SPY190802C294,2019-08-01,2019-08-01 09:37:07,4.37,0.9646,88,4.3,0.9492,64,4.14,0.9139,5,4.335,0.9569,25,0
SPY190802C294,2019-08-01,2019-08-01 09:37:08,4.35,0.9602,8,4.31,0.9514,8,4.14,0.9139,5,4.33,0.9558,25,0
SPY190802C294,2019-08-01,2019-08-01 09:37:08,4.35,0.9602,8,4.3,0.9492,59,4.14,0.9139,5,4.325,0.9547,25,0
SPY190802C294,2019-08-01,2019-08-01 09:37:09,4.36,0.9624,80,4.3,0.9492,5,4.14,0.9139,5,4.33,0.9558,25,0
SPY190802C294,2019-08-01,2019-08-01 09:37:10,4.44,0.9801,5,4.29,0.947,100,4.14,0.9139,5,4.365,0.9635,25,0
SPY190802C294,2019-08-01,2019-08-01 09:37:11,4.42,0.9757,5,4.3,0.9492,8,4.14,0.9139,5,4.36,0.9624,25,0
SPY190802C294,2019-08-01,2019-08-01 09:37:11,4.4,0.9713,8,4.28,0.9448,86,4.14,0.9139,5,4.34,0.958,25,0
SPY190802C294,2019-08-01,2019-08-01 09:37:12,4.4,0.9713,5,4.22,0.9315,5,4.14,0.9139,5,4.31,0.9514,25,0
SPY190802C294,2019-08-01,2019-08-01 09:37:12,4.39,0.969,8,4.25,0.9381,8,4.14,0.9139,5,4.32,0.9536,25,0
SPY190802C294,2019-08-01,2019-08-01 09:37:13,4.34,0.958,5,4.27,0.9426,8,4.14,0.9139,5,4.305,0.9503,25,0
SPY190802C294,2019-08-01,2019-08-01 09:37:13,4.36,0.9624,2,4.27,0.9426,2,4.14,0.9139,5,4.315,0.9525,25,0
SPY190802C294,2019-08-01,2019-08-01 09:37:14,4.34,0.958,8,4.27,0.9426,12,4.14,0.9139,5,4.305,0.9503,25,0
SPY190802C294,2019-08-01,2019-08-01 09:37:15,4.32,0.9536,8,4.27,0.9426,12,4.14,0.9139,5,4.295,0.9481,25,0
SPY190802C294,2019-08-01,2019-08-01 09:37:15,4.3,0.9492,8,4.27,0.9426,12,4.14,0.9139,5,4.285,0.9459,25,0
SPY190802C294,2019-08-01,2019-08-01 09:37:16,4.32,0.9536,8,4.28,0.9448,8,4.14,0.9139,5,4.3,0.9492,25,0
SPY190802C294,2019-08-01,2019-08-01 09:37:16,4.33,0.9558,46,4.28,0.9448,5,4.14,0.9139,5,4.305,0.9503,25,0
SPY190802C294,2019-08-01,2019-08-01 09:37:17,4.33,0.9558,5,4.26,0.9403,148,4.14,0.9139,5,4.295,0.9481,25,0
SPY190802C294,2019-08-01,2019-08-01 09:37:17,4.33,0.9558,5,4.27,0.9426,6,4.14,0.9139,5,4.3,0.9492,25,0
SPY190802C294,2019-08-01,2019-08-01 09:37:18,4.3,0.9492,8,4.28,0.9448,2,4.14,0.9139,5,4.29,0.947,25,0
SPY190802C294,2019-08-01,2019-08-01 09:37:18,4.3,0.9492,8,4.28,0.9448,8,4.14,0.9139,5,4.29,0.947,25,0
SPY190802C294,2019-08-01,2019-08-01 09:37:19,4.29,0.947,8,4.27,0.9426,8,4.14,0.9139,5,4.28,0.9448,25,0
SPY190802C294,2019-08-01,2019-08-01 09:37:20,4.29,0.947,8,4.27,0.9426,8,4.14,0.9139,5,4.28,0.9448,25,0
SPY190802C294,2019-08-01,2019-08-01 09:37:21,4.29,0.947,2,4.27,0.9426,8,4.14,0.9139,5,4.28,0.9448,25,0
SPY190802C294,2019-08-01,2019-08-01 09:37:21,4.29,0.947,8,4.27,0.9426,12,4.14,0.9139,5,4.28,0.9448,25,0
SPY190802C294,2019-08-01,2019-08-01 09:37:22,4.27,0.9426,8,4.25,0.9381,12,4.14,0.9139,5,4.26,0.9403,25,0
SPY190802C294,2019-08-01,2019-08-01 09:37:22,4.29,0.947,12,4.25,0.9381,8,4.14,0.9139,5,4.27,0.9426,25,0
SPY190802C294,2019-08-01,2019-08-01 09:37:23,4.27,0.9426,8,4.25,0.9381,8,4.14,0.9139,5,4.26,0.9403,25,0
SPY190802C294,2019-08-01,2019-08-01 09:37:24,4.38,0.9668,8,4.23,0.9337,5,4.14,0.9139,5,4.305,0.9503,25,0
SPY190802C294,2019-08-01,2019-08-01 09:37:24,4.29,0.947,5,4.23,0.9337,5,4.14,0.9139,5,4.26,0.9403,25,0
SPY190802C294,2019-08-01,2019-08-01 09:37:25,4.37,0.9646,5,4.23,0.9337,84,4.14,0.9139,5,4.3,0.9492,25,0
SPY190802C294,2019-08-01,2019-08-01 09:37:25,4.38,0.9668,10,4.24,0.9359,5,4.14,0.9139,5,4.31,0.9514,25,0
SPY190802C294,2019-08-01,2019-08-01 09:37:26,4.41,0.9735,10,4.16,0.9183,23,4.14,0.9139,5,4.285,0.9459,25,0
SPY190802C294,2019-08-01,2019-08-01 09:37:26,4.37,0.9646,5,4.25,0.9381,5,4.14,0.9139,5,4.31,0.9514,25,0
SPY190802C294,2019-08-01,2019-08-01 09:37:27,4.37,0.9646,5,4.17,0.9205,5,4.14,0.9139,5,4.27,0.9426,25,0
SPY190802C294,2019-08-01,2019-08-01 09:37:28,4.36,0.9624,5,4.18,0.9227,5,4.14,0.9139,5,4.27,0.9426,25,0
SPY190802C294,2019-08-01,2019-08-01 09:37:29,4.33,0.9558,8,4.23,0.9337,5,4.14,0.9139,5,4.28,0.9448,25,0
SPY190802C294,2019-08-01,2019-08-01 09:37:29,4.35,0.9602,5,4.19,0.9249,8,4.14,0.9139,5,4.27,0.9426,25,0
SPY190802C294,2019-08-01,2019-08-01 09:37:30,4.31,0.9514,12,4.26,0.9403,2,4.14,0.9139,5,4.285,0.9459,25,0
SPY190802C294,2019-08-01,2019-08-01 09:37:30,4.32,0.9536,104,4.24,0.9359,60,4.14,0.9139,5,4.28,0.9448,25,0
SPY190802C294,2019-08-01,2019-08-01 09:37:31,4.31,0.9514,152,4.25,0.9381,8,4.14,0.9139,5,4.28,0.9448,25,0
SPY190802C294,2019-08-01,2019-08-01 09:37:31,4.31,0.9514,5,4.21,0.9293,64,4.14,0.9139,5,4.26,0.9403,25,0
SPY190802C294,2019-08-01,2019-08-01 09:37:32,4.31,0.9514,5,4.22,0.9315,2,4.14,0.9139,5,4.265,0.9415,25,0
SPY190802C294,2019-08-01,2019-08-01 09:37:32,4.28,0.9448,5,4.22,0.9315,12,4.14,0.9139,5,4.25,0.9381,25,0
SPY190802C294,2019-08-01,2019-08-01 09:37:33,4.28,0.9448,5,4.23,0.9337,2,4.14,0.9139,5,4.255,0.9392,25,0
SPY190802C294,2019-08-01,2019-08-01 09:37:34,4.35,0.9602,5,4.16,0.9183,5,4.14,0.9139,5,4.255,0.9392,25,0
SPY190802C294,2019-08-01,2019-08-01 09:37:34,4.27,0.9426,5,4.2,0.9271,64,4.14,0.9139,5,4.235,0.9348,25,0
SPY190802C294,2019-08-01,2019-08-01 09:37:35,4.33,0.9558,103,4.18,0.9227,103,4.14,0.9139,5,4.255,0.9392,25,0
SPY190802C294,2019-08-01,2019-08-01 09:37:35,4.34,0.958,9,4.17,0.9205,20,4.14,0.9139,5,4.255,0.9392,25,0
SPY190802C294,2019-08-01,2019-08-01 09:37:36,4.3,0.9492,5,4.21,0.9293,34,4.14,0.9139,5,4.255,0.9392,25,0
SPY190802C294,2019-08-01,2019-08-01 09:37:36,4.29,0.947,2,4.21,0.9293,64,4.14,0.9139,5,4.25,0.9381,25,0
SPY190802C294,2019-08-01,2019-08-01 09:37:37,4.29,0.947,5,4.21,0.9293,64,4.14,0.9139,5,4.25,0.9381,25,0
SPY190802C294,2019-08-01,2019-08-01 09:37:37,4.27,0.9426,8,4.22,0.9315,10,4.14,0.9139,5,4.245,0.937,25,0
SPY190802C294,2019-08-01,2019-08-01 09:37:38,4.29,0.947,59,4.23,0.9337,5,4.14,0.9139,5,4.26,0.9403,25,0
SPY190802C294,2019-08-01,2019-08-01 09:37:39,4.35,0.9602,5,4.22,0.9315,100,4.14,0.9139,5,4.285,0.9459,25,0
SPY190802C294,2019-08-01,2019-08-01 09:37:39,4.36,0.9624,5,4.24,0.9359,5,4.14,0.9139,5,4.3,0.9492,25,0
SPY190802C294,2019-08-01,2019-08-01 09:37:40,4.35,0.9602,10,4.22,0.9315,87,4.14,0.9139,5,4.285,0.9459,25,0
SPY190802C294,2019-08-01,2019-08-01 09:37:40,4.32,0.9536,8,4.22,0.9315,107,4.14,0.9139,5,4.27,0.9426,25,0
SPY190802C294,2019-08-01,2019-08-01 09:37:41,4.31,0.9514,8,4.22,0.9315,76,4.14,0.9139,5,4.265,0.9415,25,0
SPY190802C294,2019-08-01,2019-08-01 09:37:42,4.28,0.9448,5,4.22,0.9315,76,4.14,0.9139,5,4.25,0.9381,25,0
SPY190802C294,2019-08-01,2019-08-01 09:37:42,4.29,0.947,5,4.21,0.9293,98,4.14,0.9139,5,4.25,0.9381,25,0
SPY190802C294,2019-08-01,2019-08-01 09:37:43,4.28,0.9448,6,4.22,0.9315,5,4.14,0.9139,5,4.25,0.9381,25,0
SPY190802C294,2019-08-01,2019-08-01 09:37:43,4.27,0.9426,5,4.21,0.9293,5,4.14,0.9139,5,4.24,0.9359,25,0
SPY190802C294,2019-08-01,2019-08-01 09:37:44,4.28,0.9448,37,4.21,0.9293,148,4.14,0.9139,5,4.245,0.937,25,0
SPY190802C294,2019-08-01,2019-08-01 09:37:44,4.26,0.9403,8,4.23,0.9337,8,4.14,0.9139,5,4.245,0.937,25,0
SPY190802C294,2019-08-01,2019-08-01 09:37:45,4.27,0.9426,8,4.22,0.9315,39,4.14,0.9139,5,4.245,0.937,25,0
SPY190802C294,2019-08-01,2019-08-01 09:37:45,4.26,0.9403,8,4.24,0.9359,8,4.14,0.9139,5,4.25,0.9381,25,0
SPY190802C294,2019-08-01,2019-08-01 09:37:46,4.27,0.9426,60,4.22,0.9315,39,4.14,0.9139,5,4.245,0.937,25,0
SPY190802C294,2019-08-01,2019-08-01 09:37:47,4.25,0.9381,8,4.21,0.9293,28,4.14,0.9139,5,4.23,0.9337,25,0
SPY190802C294,2019-08-01,2019-08-01 09:37:47,4.27,0.9426,147,4.2,0.9271,178,4.14,0.9139,5,4.235,0.9348,25,0
SPY190802C294,2019-08-01,2019-08-01 09:37:48,4.26,0.9403,8,4.23,0.9337,8,4.14,0.9139,5,4.245,0.937,25,0
SPY190802C294,2019-08-01,2019-08-01 09:37:49,4.27,0.9426,8,4.2,0.9271,92,4.14,0.9139,5,4.235,0.9348,25,0
SPY190802C294,2019-08-01,2019-08-01 09:37:49,4.25,0.9381,8,4.23,0.9337,8,4.14,0.9139,5,4.24,0.9359,25,0
SPY190802C294,2019-08-01,2019-08-01 09:37:50,4.34,0.958,5,4.22,0.9315,120,4.14,0.9139,5,4.28,0.9448,25,0
SPY190802C294,2019-08-01,2019-08-01 09:37:50,4.3,0.9492,31,4.21,0.9293,157,4.14,0.9139,5,4.255,0.9392,25,0
SPY190802C294,2019-08-01,2019-08-01 09:37:51,4.34,0.958,5,4.23,0.9337,10,4.14,0.9139,5,4.285,0.9459,25,0
SPY190802C294,2019-08-01,2019-08-01 09:37:52,4.31,0.9514,5,4.22,0.9315,100,4.14,0.9139,5,4.265,0.9415,25,0
SPY190802C294,2019-08-01,2019-08-01 09:37:52,4.33,0.9558,5,4.23,0.9337,5,4.14,0.9139,5,4.28,0.9448,25,0
SPY190802C294,2019-08-01,2019-08-01 09:37:53,4.35,0.9602,5,4.23,0.9337,5,4.14,0.9139,5,4.29,0.947,25,0
SPY190802C294,2019-08-01,2019-08-01 09:37:53,4.35,0.9602,108,4.23,0.9337,91,4.14,0.9139,5,4.29,0.947,25,0
SPY190802C294,2019-08-01,2019-08-01 09:37:54,4.34,0.958,5,4.24,0.9359,5,4.14,0.9139,5,4.29,0.947,25,0
SPY190802C294,2019-08-01,2019-08-01 09:37:55,4.31,0.9514,33,4.27,0.9426,8,4.14,0.9139,5,4.29,0.947,25,0
SPY190802C294,2019-08-01,2019-08-01 09:37:55,4.32,0.9536,5,4.25,0.9381,9,4.14,0.9139,5,4.285,0.9459,25,0
SPY190802C294,2019-08-01,2019-08-01 09:37:56,4.3,0.9492,8,4.26,0.9403,20,4.14,0.9139,5,4.28,0.9448,25,0
SPY190802C294,2019-08-01,2019-08-01 09:37:56,4.3,0.9492,8,4.26,0.9403,8,4.14,0.9139,5,4.28,0.9448,25,0
SPY190802C294,2019-08-01,2019-08-01 09:37:57,4.3,0.9492,8,4.27,0.9426,8,4.14,0.9139,5,4.285,0.9459,25,0
SPY190802C294,2019-08-01,2019-08-01 09:37:57,4.31,0.9514,89,4.25,0.9381,72,4.14,0.9139,5,4.28,0.9448,25,0
SPY190802C294,2019-08-01,2019-08-01 09:37:58,4.31,0.9514,89,4.24,0.9359,5,4.14,0.9139,5,4.275,0.9437,25,0
SPY190802C294,2019-08-01,2019-08-01 09:37:59,4.34,0.958,8,4.26,0.9403,10,4.14,0.9139,5,4.3,0.9492,25,0
SPY190802C294,2019-08-01,2019-08-01 09:37:59,4.37,0.9646,7,4.18,0.9227,23,4.14,0.9139,5,4.275,0.9437,25,0
SPY190802C294,2019-08-01,2019-08-01 09:38:00,4.33,0.9558,8,4.27,0.9426,11,4.14,0.9139,5,4.3,0.9492,25,0
SPY190802C294,2019-08-01,2019-08-01 09:38:01,4.34,0.958,4,4.22,0.9315,26,4.14,0.9139,5,4.28,0.9448,25,0
SPY190802C294,2019-08-01,2019-08-01 09:38:01,4.34,0.958,190,4.22,0.9315,190,4.14,0.9139,5,4.28,0.9448,25,0
SPY190802C294,2019-08-01,2019-08-01 09:38:02,4.4,0.9713,2,4.21,0.9293,5,4.14,0.9139,5,4.305,0.9503,25,0
SPY190802C294,2019-08-01,2019-08-01 09:38:03,4.33,0.9558,5,4.23,0.9337,5,4.14,0.9139,5,4.28,0.9448,25,0
SPY190802C294,2019-08-01,2019-08-01 09:38:03,4.31,0.9514,5,4.24,0.9359,5,4.14,0.9139,5,4.275,0.9437,25,0
SPY190802C294,2019-08-01,2019-08-01 09:38:04,4.31,0.9514,40,4.24,0.9359,83,4.14,0.9139,5,4.275,0.9437,25,0
SPY190802C294,2019-08-01,2019-08-01 09:38:04,4.31,0.9514,8,4.24,0.9359,5,4.14,0.9139,5,4.275,0.9437,25,0
SPY190802C294,2019-08-01,2019-08-01 09:38:05,4.3,0.9492,8,4.24,0.9359,100,4.14,0.9139,5,4.27,0.9426,25,0
SPY190802C294,2019-08-01,2019-08-01 09:38:05,4.3,0.9492,8,4.26,0.9403,10,4.14,0.9139,5,4.28,0.9448,25,0
SPY190802C294,2019-08-01,2019-08-01 09:38:06,4.3,0.9492,8,4.23,0.9337,5,4.14,0.9139,5,4.265,0.9415,25,0
SPY190802C294,2019-08-01,2019-08-01 09:38:06,4.31,0.9514,49,4.25,0.9381,61,4.14,0.9139,5,4.28,0.9448,25,0
SPY190802C294,2019-08-01,2019-08-01 09:38:07,4.33,0.9558,5,4.25,0.9381,61,4.14,0.9139,5,4.29,0.947,25,0
SPY190802C294,2019-08-01,2019-08-01 09:38:08,4.31,0.9514,8,4.22,0.9315,10,4.14,0.9139,5,4.265,0.9415,25,0
SPY190802C294,2019-08-01,2019-08-01 09:38:08,4.32,0.9536,130,4.23,0.9337,102,4.14,0.9139,5,4.275,0.9437,25,0
SPY190802C294,2019-08-01,2019-08-01 09:38:09,4.4,0.9713,5,4.24,0.9359,5,4.14,0.9139,5,4.32,0.9536,25,0
SPY190802C294,2019-08-01,2019-08-01 09:38:09,4.33,0.9558,64,4.24,0.9359,5,4.14,0.9139,5,4.285,0.9459,25,0
SPY190802C294,2019-08-01,2019-08-01 09:38:10,4.38,0.9668,5,4.26,0.9403,5,4.14,0.9139,5,4.32,0.9536,25,0
SPY190802C294,2019-08-01,2019-08-01 09:38:10,4.39,0.969,5,4.25,0.9381,5,4.14,0.9139,5,4.32,0.9536,25,0
SPY190802C294,2019-08-01,2019-08-01 09:38:11,4.39,0.969,5,4.25,0.9381,5,4.14,0.9139,5,4.32,0.9536,25,0
SPY190802C294,2019-08-01,2019-08-01 09:38:12,4.38,0.9668,5,4.22,0.9315,5,4.14,0.9139,5,4.3,0.9492,25,0
SPY190802C294,2019-08-01,2019-08-01 09:38:12,4.38,0.9668,5,4.23,0.9337,5,4.14,0.9139,5,4.305,0.9503,25,0
SPY190802C294,2019-08-01,2019-08-01 09:38:13,4.36,0.9624,5,4.26,0.9403,5,4.14,0.9139,5,4.31,0.9514,25,0
SPY190802C294,2019-08-01,2019-08-01 09:38:13,4.38,0.9668,107,4.24,0.9359,104,4.14,0.9139,5,4.31,0.9514,25,0
SPY190802C294,2019-08-01,2019-08-01 09:38:14,4.35,0.9602,8,4.29,0.947,8,4.14,0.9139,5,4.32,0.9536,25,0
SPY190802C294,2019-08-01,2019-08-01 09:38:14,4.35,0.9602,12,4.27,0.9426,11,4.14,0.9139,5,4.31,0.9514,25,0
SPY190802C294,2019-08-01,2019-08-01 09:38:15,4.37,0.9646,59,4.3,0.9492,5,4.14,0.9139,5,4.335,0.9569,25,0
SPY190802C294,2019-08-01,2019-08-01 09:38:15,4.38,0.9668,84,4.3,0.9492,5,4.14,0.9139,5,4.34,0.958,25,0
SPY190802C294,2019-08-01,2019-08-01 09:38:16,4.42,0.9757,11,4.3,0.9492,20,4.14,0.9139,5,4.36,0.9624,25,0
SPY190802C294,2019-08-01,2019-08-01 09:38:17,4.38,0.9668,6,4.31,0.9514,6,4.14,0.9139,5,4.345,0.9591,25,0
SPY190802C294,2019-08-01,2019-08-01 09:38:18,4.39,0.969,5,4.33,0.9558,20,4.14,0.9139,5,4.36,0.9624,25,0
SPY190802C294,2019-08-01,2019-08-01 09:38:19,4.41,0.9735,102,4.33,0.9558,20,4.14,0.9139,5,4.37,0.9646,25,0
SPY190802C294,2019-08-01,2019-08-01 09:38:19,4.4,0.9713,5,4.31,0.9514,100,4.14,0.9139,5,4.355,0.9613,25,0
SPY190802C294,2019-08-01,2019-08-01 09:38:20,4.4,0.9713,92,4.26,0.9403,10,4.14,0.9139,5,4.33,0.9558,25,0
SPY190802C294,2019-08-01,2019-08-01 09:38:20,4.4,0.9713,5,4.32,0.9536,5,4.14,0.9139,5,4.36,0.9624,25,0
SPY190802C294,2019-08-01,2019-08-01 09:38:21,4.4,0.9713,104,4.29,0.947,156,4.14,0.9139,5,4.345,0.9591,25,0
SPY190802C294,2019-08-01,2019-08-01 09:38:21,4.4,0.9713,92,4.28,0.9448,8,4.14,0.9139,5,4.34,0.958,25,0
SPY190802C294,2019-08-01,2019-08-01 09:38:22,4.38,0.9668,5,4.31,0.9514,5,4.14,0.9139,5,4.345,0.9591,25,0
SPY190802C294,2019-08-01,2019-08-01 09:38:22,4.39,0.969,5,4.3,0.9492,5,4.14,0.9139,5,4.345,0.9591,25,0
SPY190802C294,2019-08-01,2019-08-01 09:38:23,4.38,0.9668,86,4.32,0.9536,8,4.14,0.9139,5,4.35,0.9602,25,0
SPY190802C294,2019-08-01,2019-08-01 09:38:24,4.41,0.9735,5,4.3,0.9492,5,4.14,0.9139,5,4.355,0.9613,25,0
SPY190802C294,2019-08-01,2019-08-01 09:38:24,4.4,0.9713,5,4.31,0.9514,76,4.14,0.9139,5,4.355,0.9613,25,0
SPY190802C294,2019-08-01,2019-08-01 09:38:25,4.4,0.9713,5,4.31,0.9514,5,4.14,0.9139,5,4.355,0.9613,25,0
SPY190802C294,2019-08-01,2019-08-01 09:38:25,4.4,0.9713,5,4.31,0.9514,8,4.14,0.9139,5,4.355,0.9613,25,0
SPY190802C294,2019-08-01,2019-08-01 09:38:26,4.37,0.9646,5,4.28,0.9448,36,4.14,0.9139,5,4.325,0.9547,25,0
SPY190802C294,2019-08-01,2019-08-01 09:38:26,4.38,0.9668,5,4.32,0.9536,2,4.14,0.9139,5,4.35,0.9602,25,0
SPY190802C294,2019-08-01,2019-08-01 09:38:27,4.37,0.9646,103,4.28,0.9448,211,4.14,0.9139,5,4.325,0.9547,25,0
SPY190802C294,2019-08-01,2019-08-01 09:38:28,4.42,0.9757,2,4.3,0.9492,10,4.14,0.9139,5,4.36,0.9624,25,0
SPY190802C294,2019-08-01,2019-08-01 09:38:28,4.36,0.9624,5,4.32,0.9536,8,4.14,0.9139,5,4.34,0.958,25,0
SPY190802C294,2019-08-01,2019-08-01 09:38:29,4.37,0.9646,5,4.23,0.9337,5,4.14,0.9139,5,4.3,0.9492,25,0
SPY190802C294,2019-08-01,2019-08-01 09:38:29,4.37,0.9646,8,4.31,0.9514,2,4.14,0.9139,5,4.34,0.958,25,0
SPY190802C294,2019-08-01,2019-08-01 09:38:30,4.35,0.9602,2,4.24,0.9359,15,4.14,0.9139,5,4.295,0.9481,25,0
SPY190802C294,2019-08-01,2019-08-01 09:38:30,4.34,0.958,2,4.24,0.9359,100,4.14,0.9139,5,4.29,0.947,25,0
SPY190802C294,2019-08-01,2019-08-01 09:38:31,4.34,0.958,5,4.25,0.9381,5,4.14,0.9139,5,4.295,0.9481,25,0
SPY190802C294,2019-08-01,2019-08-01 09:38:31,4.35,0.9602,20,4.25,0.9381,20,4.14,0.9139,5,4.3,0.9492,25,0
SPY190802C294,2019-08-01,2019-08-01 09:38:32,4.33,0.9558,5,4.26,0.9403,5,4.14,0.9139,5,4.295,0.9481,25,0
SPY190802C294,2019-08-01,2019-08-01 09:38:33,4.33,0.9558,54,4.22,0.9315,5,4.14,0.9139,5,4.275,0.9437,25,0
SPY190802C294,2019-08-01,2019-08-01 09:38:33,4.33,0.9558,54,4.23,0.9337,8,4.14,0.9139,5,4.28,0.9448,25,0
SPY190802C294,2019-08-01,2019-08-01 09:38:34,4.33,0.9558,5,4.24,0.9359,5,4.14,0.9139,5,4.285,0.9459,25,0
SPY190802C294,2019-08-01,2019-08-01 09:38:35,4.4,0.9713,5,4.24,0.9359,5,4.14,0.9139,5,4.32,0.9536,25,0
SPY190802C294,2019-08-01,2019-08-01 09:38:35,4.37,0.9646,5,4.26,0.9403,104,4.14,0.9139,5,4.315,0.9525,25,0
SPY190802C294,2019-08-01,2019-08-01 09:38:36,4.35,0.9602,8,4.28,0.9448,8,4.14,0.9139,5,4.315,0.9525,25,0
SPY190802C294,2019-08-01,2019-08-01 09:38:37,4.36,0.9624,5,4.25,0.9381,33,4.14,0.9139,5,4.305,0.9503,25,0
SPY190802C294,2019-08-01,2019-08-01 09:38:38,4.4,0.9713,5,4.26,0.9403,8,4.14,0.9139,5,4.33,0.9558,25,0
SPY190802C294,2019-08-01,2019-08-01 09:38:38,4.35,0.9602,5,4.25,0.9381,52,4.14,0.9139,5,4.3,0.9492,25,0
SPY190802C294,2019-08-01,2019-08-01 09:38:39,4.4,0.9713,20,4.25,0.9381,85,4.14,0.9139,5,4.325,0.9547,25,0
SPY190802C294,2019-08-01,2019-08-01 09:38:40,4.4,0.9713,20,4.21,0.9293,5,4.14,0.9139,5,4.305,0.9503,25,0
SPY190802C294,2019-08-01,2019-08-01 09:38:41,4.37,0.9646,5,4.24,0.9359,8,4.14,0.9139,5,4.305,0.9503,25,0
SPY190802C294,2019-08-01,2019-08-01 09:38:41,4.35,0.9602,5,4.25,0.9381,8,4.14,0.9139,5,4.3,0.9492,25,0
SPY190802C294,2019-08-01,2019-08-01 09:38:42,4.35,0.9602,5,4.23,0.9337,117,4.14,0.9139,5,4.29,0.947,25,0
SPY190802C294,2019-08-01,2019-08-01 09:38:42,4.35,0.9602,5,4.24,0.9359,5,4.14,0.9139,5,4.295,0.9481,25,0
SPY190802C294,2019-08-01,2019-08-01 09:38:43,4.35,0.9602,5,4.25,0.9381,5,4.14,0.9139,5,4.3,0.9492,25,0
SPY190802C294,2019-08-01,2019-08-01 09:38:43,4.34,0.958,5,4.25,0.9381,78,4.14,0.9139,5,4.295,0.9481,25,0
SPY190802C294,2019-08-01,2019-08-01 09:38:44,4.32,0.9536,5,4.25,0.9381,78,4.14,0.9139,5,4.285,0.9459,25,0
SPY190802C294,2019-08-01,2019-08-01 09:38:45,4.39,0.969,2,4.28,0.9448,2,4.14,0.9139,5,4.335,0.9569,25,0
SPY190802C294,2019-08-01,2019-08-01 09:38:45,4.33,0.9558,8,4.26,0.9403,7,4.14,0.9139,5,4.295,0.9481,25,0
SPY190802C294,2019-08-01,2019-08-01 09:38:46,4.38,0.9668,6,4.29,0.947,2,4.14,0.9139,5,4.335,0.9569,25,0
SPY190802C294,2019-08-01,2019-08-01 09:38:46,4.35,0.9602,8,4.29,0.947,8,4.14,0.9139,5,4.32,0.9536,25,0
SPY190802C294,2019-08-01,2019-08-01 09:38:47,4.35,0.9602,8,4.3,0.9492,8,4.14,0.9139,5,4.325,0.9547,25,0
SPY190802C294,2019-08-01,2019-08-01 09:38:48,4.33,0.9558,5,4.26,0.9403,5,4.14,0.9139,5,4.295,0.9481,25,0
SPY190802C294,2019-08-01,2019-08-01 09:38:48,4.32,0.9536,8,4.27,0.9426,8,4.14,0.9139,5,4.295,0.9481,25,0
SPY190802C294,2019-08-01,2019-08-01 09:38:49,4.33,0.9558,43,4.27,0.9426,116,4.14,0.9139,5,4.3,0.9492,25,0
SPY190802C294,2019-08-01,2019-08-01 09:38:49,4.33,0.9558,30,4.27,0.9426,57,4.14,0.9139,5,4.3,0.9492,25,0
SPY190802C294,2019-08-01,2019-08-01 09:38:50,4.33,0.9558,86,4.27,0.9426,5,4.14,0.9139,5,4.3,0.9492,25,0
SPY190802C294,2019-08-01,2019-08-01 09:38:50,4.33,0.9558,5,4.26,0.9403,179,4.14,0.9139,5,4.295,0.9481,25,0
SPY190802C294,2019-08-01,2019-08-01 09:38:51,4.32,0.9536,8,4.29,0.947,12,4.14,0.9139,5,4.305,0.9503,25,0
SPY190802C294,2019-08-01,2019-08-01 09:38:51,4.32,0.9536,8,4.27,0.9426,59,4.14,0.9139,5,4.295,0.9481,25,0
SPY190802C294,2019-08-01,2019-08-01 09:38:52,4.32,0.9536,8,4.28,0.9448,5,4.14,0.9139,5,4.3,0.9492,25,0
SPY190802C294,2019-08-01,2019-08-01 09:38:53,4.39,0.969,8,4.3,0.9492,42,4.14,0.9139,5,4.345,0.9591,25,0
SPY190802C294,2019-08-01,2019-08-01 09:38:53,4.4,0.9713,8,4.29,0.947,8,4.14,0.9139,5,4.345,0.9591,25,0
SPY190802C294,2019-08-01,2019-08-01 09:38:54,4.38,0.9668,120,4.31,0.9514,5,4.14,0.9139,5,4.345,0.9591,25,0
SPY190802C294,2019-08-01,2019-08-01 09:38:54,4.38,0.9668,10,4.3,0.9492,68,4.14,0.9139,5,4.34,0.958,25,0
SPY190802C294,2019-08-01,2019-08-01 09:38:55,4.38,0.9668,86,4.23,0.9337,125,4.14,0.9139,5,4.305,0.9503,25,0
SPY190802C294,2019-08-01,2019-08-01 09:38:56,4.37,0.9646,8,4.28,0.9448,8,4.14,0.9139,5,4.325,0.9547,25,0
SPY190802C294,2019-08-01,2019-08-01 09:38:56,4.39,0.969,120,4.25,0.9381,120,4.14,0.9139,5,4.32,0.9536,25,0
SPY190802C294,2019-08-01,2019-08-01 09:38:57,4.39,0.969,59,4.31,0.9514,5,4.14,0.9139,5,4.35,0.9602,25,0
SPY190802C294,2019-08-01,2019-08-01 09:38:57,4.47,0.9867,5,4.26,0.9403,5,4.14,0.9139,5,4.365,0.9635,25,0
SPY190802C294,2019-08-01,2019-08-01 09:38:58,4.46,0.9845,5,4.27,0.9426,5,4.14,0.9139,5,4.365,0.9635,25,0
SPY190802C294,2019-08-01,2019-08-01 09:38:59,4.44,0.9801,8,4.31,0.9514,111,4.14,0.9139,5,4.375,0.9657,25,0
SPY190802C294,2019-08-01,2019-08-01 09:38:59,4.45,0.9823,103,4.28,0.9448,103,4.14,0.9139,5,4.365,0.9635,25,0
SPY190802C294,2019-08-01,2019-08-01 09:39:00,4.43,0.9779,14,4.32,0.9536,5,4.14,0.9139,5,4.375,0.9657,25,0
SPY190802C294,2019-08-01,2019-08-01 09:39:01,4.41,0.9735,5,4.35,0.9602,5,4.14,0.9139,5,4.38,0.9668,25,0
SPY190802C294,2019-08-01,2019-08-01 09:39:01,4.43,0.9779,43,4.33,0.9558,5,4.14,0.9139,5,4.38,0.9668,25,0
SPY190802C294,2019-08-01,2019-08-01 09:39:02,4.44,0.9801,5,4.33,0.9558,102,4.14,0.9139,5,4.385,0.9679,25,0
SPY190802C294,2019-08-01,2019-08-01 09:39:02,4.44,0.9801,5,4.34,0.958,5,4.14,0.9139,5,4.39,0.969,25,0
SPY190802C294,2019-08-01,2019-08-01 09:39:03,4.44,0.9801,5,4.34,0.958,5,4.14,0.9139,5,4.39,0.969,25,0
SPY190802C294,2019-08-01,2019-08-01 09:39:03,4.47,0.9867,64,4.36,0.9624,8,4.14,0.9139,5,4.415,0.9746,25,0
SPY190802C294,2019-08-01,2019-08-01 09:39:04,4.5,0.9933,2,4.38,0.9668,5,4.14,0.9139,5,4.44,0.9801,25,0
SPY190802C294,2019-08-01,2019-08-01 09:39:05,4.5,0.9933,2,4.38,0.9668,5,4.14,0.9139,5,4.44,0.9801,25,0
SPY190802C294,2019-08-01,2019-08-01 09:39:05,4.53,1.0,5,4.37,0.9646,5,4.14,0.9139,5,4.45,0.9823,25,0
SPY190802C294,2019-08-01,2019-08-01 09:39:06,4.53,1.0,5,4.37,0.9646,5,4.14,0.9139,5,4.45,0.9823,25,0
SPY190802C294,2019-08-01,2019-08-01 09:39:06,4.52,0.9977,8,4.4,0.9713,8,4.14,0.9139,5,4.46,0.9845,25,0
SPY190802C294,2019-08-01,2019-08-01 09:39:07,4.51,0.9955,2,4.41,0.9735,8,4.14,0.9139,5,4.46,0.9845,25,0
SPY190802C294,2019-08-01,2019-08-01 09:39:07,4.53,1.0,3,4.42,0.9757,5,4.14,0.9139,5,4.475,0.9878,25,0
SPY190802C294,2019-08-01,2019-08-01 09:39:08,4.53,1.0,55,4.42,0.9757,5,4.14,0.9139,5,4.475,0.9878,25,0
SPY190802C294,2019-08-01,2019-08-01 09:39:09,4.64,1.0242,168,4.42,0.9757,168,4.14,0.9139,5,4.53,1.0,25,0
SPY190802C294,2019-08-01,2019-08-01 09:39:09,4.64,1.0242,50,4.42,0.9757,50,4.14,0.9139,5,4.53,1.0,25,0
SPY190802C294,2019-08-01,2019-08-01 09:39:10,4.61,1.0176,5,4.45,0.9823,5,4.14,0.9139,5,4.53,1.0,25,0
SPY190802C294,2019-08-01,2019-08-01 09:39:10,4.63,1.022,5,4.43,0.9779,5,4.14,0.9139,5,4.53,1.0,25,0
SPY190802C294,2019-08-01,2019-08-01 09:39:11,4.56,1.0066,5,4.5,0.9933,14,4.14,0.9139,5,4.53,1.0,25,0
SPY190802C294,2019-08-01,2019-08-01 09:39:11,4.59,1.0132,60,4.5,0.9933,3,4.14,0.9139,5,4.545,1.0033,25,0
SPY190802C294,2019-08-01,2019-08-01 09:39:12,4.55,1.0044,5,4.48,0.9889,58,4.14,0.9139,5,4.515,0.9966,25,0
SPY190802C294,2019-08-01,2019-08-01 09:39:13,4.56,1.0066,8,4.45,0.9823,5,4.14,0.9139,5,4.505,0.9944,25,0
SPY190802C294,2019-08-01,2019-08-01 09:39:13,4.58,1.011,5,4.45,0.9823,5,4.14,0.9139,5,4.515,0.9966,25,0
SPY190802C294,2019-08-01,2019-08-01 09:39:14,4.54,1.0022,8,4.47,0.9867,8,4.14,0.9139,5,4.505,0.9944,25,0
SPY190802C294,2019-08-01,2019-08-01 09:39:14,4.54,1.0022,5,4.49,0.9911,44,4.14,0.9139,5,4.515,0.9966,25,0
SPY190802C294,2019-08-01,2019-08-01 09:39:15,4.53,1.0,8,4.5,0.9933,8,4.14,0.9139,5,4.515,0.9966,25,0
SPY190802C294,2019-08-01,2019-08-01 09:39:15,4.54,1.0022,8,4.49,0.9911,107,4.14,0.9139,5,4.515,0.9966,25,0
SPY190802C294,2019-08-01,2019-08-01 09:39:16,4.53,1.0,8,4.51,0.9955,8,4.14,0.9139,5,4.52,0.9977,25,0
SPY190802C294,2019-08-01,2019-08-01 09:39:17,4.53,1.0,8,4.5,0.9933,34,4.14,0.9139,5,4.515,0.9966,25,0
SPY190802C294,2019-08-01,2019-08-01 09:39:18,4.54,1.0022,8,4.5,0.9933,12,4.14,0.9139,5,4.52,0.9977,25,0
SPY190802C294,2019-08-01,2019-08-01 09:39:18,4.55,1.0044,63,4.44,0.9801,100,4.14,0.9139,5,4.495,0.9922,25,0
SPY190802C294,2019-08-01,2019-08-01 09:39:19,4.65,1.0264,20,4.41,0.9735,20,4.14,0.9139,5,4.53,1.0,25,0
SPY190802C294,2019-08-01,2019-08-01 09:39:19,4.63,1.022,11,4.44,0.9801,10,4.14,0.9139,5,4.535,1.0011,25,0
SPY190802C294,2019-08-01,2019-08-01 09:39:20,4.63,1.022,11,4.45,0.9823,2,4.14,0.9139,5,4.54,1.0022,25,0
SPY190802C294,2019-08-01,2019-08-01 09:39:20,4.62,1.0198,5,4.44,0.9801,90,4.14,0.9139,5,4.53,1.0,25,0
SPY190802C294,2019-08-01,2019-08-01 09:39:21,4.61,1.0176,5,4.44,0.9801,58,4.14,0.9139,5,4.525,0.9988,25,0
SPY190802C294,2019-08-01,2019-08-01 09:39:22,4.6,1.0154,8,4.45,0.9823,5,4.14,0.9139,5,4.525,0.9988,25,0
SPY190802C294,2019-08-01,2019-08-01 09:39:22,4.6,1.0154,104,4.45,0.9823,8,4.14,0.9139,5,4.525,0.9988,25,0
SPY190802C294,2019-08-01,2019-08-01 09:39:23,4.59,1.0132,100,4.41,0.9735,100,4.14,0.9139,5,4.5,0.9933,25,0
SPY190802C294,2019-08-01,2019-08-01 09:39:23,4.59,1.0132,100,4.41,0.9735,2,4.14,0.9139,5,4.5,0.9933,25,0
SPY190802C294,2019-08-01,2019-08-01 09:39:24,4.57,1.0088,8,4.43,0.9779,100,4.14,0.9139,5,4.5,0.9933,25,0
SPY190802C294,2019-08-01,2019-08-01 09:39:24,4.55,1.0044,8,4.44,0.9801,8,4.14,0.9139,5,4.495,0.9922,25,0
SPY190802C294,2019-08-01,2019-08-01 09:39:25,4.55,1.0044,205,4.44,0.9801,205,4.14,0.9139,5,4.495,0.9922,25,0
SPY190802C294,2019-08-01,2019-08-01 09:39:25,4.55,1.0044,171,4.44,0.9801,205,4.14,0.9139,5,4.495,0.9922,25,0
SPY190802C294,2019-08-01,2019-08-01 09:39:26,4.64,1.0242,5,4.41,0.9735,5,4.14,0.9139,5,4.525,0.9988,25,0
SPY190802C294,2019-08-01,2019-08-01 09:39:27,4.64,1.0242,7,4.41,0.9735,7,4.14,0.9139,5,4.525,0.9988,25,0
SPY190802C294,2019-08-01,2019-08-01 09:39:27,4.64,1.0242,110,4.41,0.9735,110,4.14,0.9139,5,4.525,0.9988,25,0
SPY190802C294,2019-08-01,2019-08-01 09:39:28,4.6,1.0154,2,4.43,0.9779,2,4.14,0.9139,5,4.515,0.9966,25,0
SPY190802C294,2019-08-01,2019-08-01 09:39:28,4.63,1.022,5,4.42,0.9757,5,4.14,0.9139,5,4.525,0.9988,25,0
SPY190802C294,2019-08-01,2019-08-01 09:39:29,4.57,1.0088,67,4.46,0.9845,8,4.14,0.9139,5,4.515,0.9966,25,0
SPY190802C294,2019-08-01,2019-08-01 09:39:29,4.57,1.0088,104,4.46,0.9845,8,4.14,0.9139,5,4.515,0.9966,25,0
SPY190802C294,2019-08-01,2019-08-01 09:39:30,4.56,1.0066,8,4.47,0.9867,12,4.14,0.9139,5,4.515,0.9966,25,0
SPY190802C294,2019-08-01,2019-08-01 09:39:31,4.54,1.0022,63,4.49,0.9911,8,4.14,0.9139,5,4.515,0.9966,25,0
SPY190802C294,2019-08-01,2019-08-01 09:39:31,4.54,1.0022,151,4.49,0.9911,8,4.14,0.9139,5,4.515,0.9966,25,0
SPY190802C294,2019-08-01,2019-08-01 09:39:32,4.54,1.0022,120,4.41,0.9735,120,4.14,0.9139,5,4.475,0.9878,25,0
SPY190802C294,2019-08-01,2019-08-01 09:39:32,4.53,1.0,5,4.42,0.9757,5,4.14,0.9139,5,4.475,0.9878,25,0
SPY190802C294,2019-08-01,2019-08-01 09:39:33,4.51,0.9955,8,4.43,0.9779,8,4.14,0.9139,5,4.47,0.9867,25,0
SPY190802C294,2019-08-01,2019-08-01 09:39:33,4.51,0.9955,20,4.44,0.9801,8,4.14,0.9139,5,4.475,0.9878,25,0
SPY190802C294,2019-08-01,2019-08-01 09:39:34,4.52,0.9977,78,4.47,0.9867,8,4.14,0.9139,5,4.495,0.9922,25,0
SPY190802C294,2019-08-01,2019-08-01 09:39:34,4.49,0.9911,2,4.46,0.9845,8,4.14,0.9139,5,4.475,0.9878,25,0
SPY190802C294,2019-08-01,2019-08-01 09:39:35,4.64,1.0242,120,4.47,0.9867,63,4.14,0.9139,5,4.555,1.0055,25,0
SPY190802C294,2019-08-01,2019-08-01 09:39:36,4.61,1.0176,8,4.46,0.9845,8,4.14,0.9139,5,4.535,1.0011,25,0
SPY190802C294,2019-08-01,2019-08-01 09:39:36,4.63,1.022,6,4.47,0.9867,38,4.14,0.9139,5,4.55,1.0044,25,0
SPY190802C294,2019-08-01,2019-08-01 09:39:37,4.61,1.0176,5,4.46,0.9845,69,4.14,0.9139,5,4.535,1.0011,25,0
SPY190802C294,2019-08-01,2019-08-01 09:39:37,4.59,1.0132,100,4.41,0.9735,100,4.14,0.9139,5,4.5,0.9933,25,0
SPY190802C294,2019-08-01,2019-08-01 09:39:38,4.56,1.0066,8,4.43,0.9779,104,4.14,0.9139,5,4.495,0.9922,25,0
SPY190802C294,2019-08-01,2019-08-01 09:39:38,4.59,1.0132,240,4.41,0.9735,231,4.14,0.9139,5,4.5,0.9933,25,0
SPY190802C294,2019-08-01,2019-08-01 09:39:39,4.55,1.0044,102,4.44,0.9801,108,4.14,0.9139,5,4.495,0.9922,25,0
SPY190802C294,2019-08-01,2019-08-01 09:39:40,4.51,0.9955,2,4.47,0.9867,8,4.14,0.9139,5,4.49,0.9911,25,0
SPY190802C294,2019-08-01,2019-08-01 09:39:40,4.55,1.0044,155,4.46,0.9845,8,4.14,0.9139,5,4.505,0.9944,25,0
SPY190802C294,2019-08-01,2019-08-01 09:39:41,4.51,0.9955,12,4.45,0.9823,58,4.14,0.9139,5,4.48,0.9889,25,0
SPY190802C294,2019-08-01,2019-08-01 09:39:42,4.49,0.9911,8,4.41,0.9735,152,4.14,0.9139,5,4.45,0.9823,25,0
SPY190802C294,2019-08-01,2019-08-01 09:39:42,4.49,0.9911,8,4.46,0.9845,8,4.14,0.9139,5,4.475,0.9878,25,0
SPY190802C294,2019-08-01,2019-08-01 09:39:43,4.5,0.9933,8,4.42,0.9757,63,4.14,0.9139,5,4.46,0.9845,25,0
SPY190802C294,2019-08-01,2019-08-01 09:39:43,4.49,0.9911,8,4.44,0.9801,8,4.14,0.9139,5,4.465,0.9856,25,0
SPY190802C294,2019-08-01,2019-08-01 09:39:44,4.58,1.011,100,4.44,0.9801,5,4.14,0.9139,5,4.51,0.9955,25,0
SPY190802C294,2019-08-01,2019-08-01 09:39:44,4.57,1.0088,7,4.45,0.9823,9,4.14,0.9139,5,4.51,0.9955,25,0
SPY190802C294,2019-08-01,2019-08-01 09:39:45,4.57,1.0088,100,4.45,0.9823,99,4.14,0.9139,5,4.51,0.9955,25,0
SPY190802C294,2019-08-01,2019-08-01 09:39:46,4.63,1.022,5,4.42,0.9757,5,4.14,0.9139,5,4.525,0.9988,25,0
SPY190802C294,2019-08-01,2019-08-01 09:39:46,4.61,1.0176,8,4.44,0.9801,8,4.14,0.9139,5,4.525,0.9988,25,0
SPY190802C294,2019-08-01,2019-08-01 09:39:47,4.6,1.0154,5,4.45,0.9823,5,4.14,0.9139,5,4.525,0.9988,25,0
SPY190802C294,2019-08-01,2019-08-01 09:39:47,4.55,1.0044,8,4.46,0.9845,12,4.14,0.9139,5,4.505,0.9944,25,0
SPY190802C294,2019-08-01,2019-08-01 09:39:48,4.55,1.0044,8,4.47,0.9867,8,4.14,0.9139,5,4.51,0.9955,25,0
SPY190802C294,2019-08-01,2019-08-01 09:39:48,4.54,1.0022,5,4.45,0.9823,103,4.14,0.9139,5,4.495,0.9922,25,0
SPY190802C294,2019-08-01,2019-08-01 09:39:49,4.52,0.9977,5,4.46,0.9845,6,4.14,0.9139,5,4.49,0.9911,25,0
SPY190802C294,2019-08-01,2019-08-01 09:39:50,4.5,0.9933,8,4.46,0.9845,12,4.14,0.9139,5,4.48,0.9889,25,0
SPY190802C294,2019-08-01,2019-08-01 09:39:50,4.49,0.9911,5,4.44,0.9801,34,4.14,0.9139,5,4.465,0.9856,25,0
SPY190802C294,2019-08-01,2019-08-01 09:39:51,4.48,0.9889,5,4.41,0.9735,56,4.14,0.9139,5,4.445,0.9812,25,0
SPY190802C294,2019-08-01,2019-08-01 09:39:51,4.49,0.9911,5,4.42,0.9757,5,4.14,0.9139,5,4.455,0.9834,25,0
SPY190802C294,2019-08-01,2019-08-01 09:39:52,4.48,0.9889,5,4.41,0.9735,62,4.14,0.9139,5,4.445,0.9812,25,0
SPY190802C294,2019-08-01,2019-08-01 09:39:53,4.47,0.9867,120,4.41,0.9735,81,4.14,0.9139,5,4.44,0.9801,25,0
SPY190802C294,2019-08-01,2019-08-01 09:39:53,4.47,0.9867,194,4.41,0.9735,81,4.14,0.9139,5,4.44,0.9801,25,0
SPY190802C294,2019-08-01,2019-08-01 09:39:54,4.46,0.9845,8,4.42,0.9757,12,4.14,0.9139,5,4.44,0.9801,25,0
SPY190802C294,2019-08-01,2019-08-01 09:39:54,4.44,0.9801,8,4.42,0.9757,12,4.14,0.9139,5,4.43,0.9779,25,0
SPY190802C294,2019-08-01,2019-08-01 09:39:55,4.46,0.9845,86,4.41,0.9735,61,4.14,0.9139,5,4.435,0.979,25,0
SPY190802C294,2019-08-01,2019-08-01 09:39:55,4.47,0.9867,99,4.4,0.9713,123,4.14,0.9139,5,4.435,0.979,25,0
SPY190802C294,2019-08-01,2019-08-01 09:39:56,4.46,0.9845,2,4.44,0.9801,8,4.14,0.9139,5,4.45,0.9823,25,0
SPY190802C294,2019-08-01,2019-08-01 09:39:56,4.5,0.9933,5,4.42,0.9757,5,4.14,0.9139,5,4.46,0.9845,25,0
SPY190802C294,2019-08-01,2019-08-01 09:39:57,4.46,0.9845,8,4.44,0.9801,8,4.14,0.9139,5,4.45,0.9823,25,0
SPY190802C294,2019-08-01,2019-08-01 09:39:58,4.59,1.0132,2,4.46,0.9845,8,4.14,0.9139,5,4.525,0.9988,25,0
SPY190802C294,2019-08-01,2019-08-01 09:39:58,4.46,0.9845,2,4.45,0.9823,2,4.14,0.9139,5,4.455,0.9834,25,0
SPY190802C294,2019-08-01,2019-08-01 09:39:59,4.49,0.9911,8,4.47,0.9867,8,4.14,0.9139,5,4.48,0.9889,25,0
SPY190802C294,2019-08-01,2019-08-01 09:40:00,4.49,0.9911,10,4.42,0.9757,63,4.14,0.9139,5,4.455,0.9834,25,0
SPY190802C294,2019-08-01,2019-08-01 09:40:01,4.59,1.0132,8,4.45,0.9823,8,4.14,0.9139,5,4.52,0.9977,25,0
SPY190802C294,2019-08-01,2019-08-01 09:40:01,4.57,1.0088,5,4.46,0.9845,5,4.14,0.9139,5,4.515,0.9966,25,0
SPY190802C294,2019-08-01,2019-08-01 09:40:02,4.55,1.0044,104,4.47,0.9867,8,4.14,0.9139,5,4.51,0.9955,25,0
SPY190802C294,2019-08-01,2019-08-01 09:40:03,4.54,1.0022,5,4.46,0.9845,46,4.14,0.9139,5,4.5,0.9933,25,0
SPY190802C294,2019-08-01,2019-08-01 09:40:03,4.53,1.0,5,4.46,0.9845,63,4.14,0.9139,5,4.495,0.9922,25,0
SPY190802C294,2019-08-01,2019-08-01 09:40:04,4.52,0.9977,8,4.46,0.9845,63,4.14,0.9139,5,4.49,0.9911,25,0
SPY190802C294,2019-08-01,2019-08-01 09:40:05,4.57,1.0088,5,4.35,0.9602,5,4.14,0.9139,5,4.46,0.9845,25,0
SPY190802C294,2019-08-01,2019-08-01 09:40:05,4.58,1.011,5,4.44,0.9801,63,4.14,0.9139,5,4.51,0.9955,25,0
SPY190802C294,2019-08-01,2019-08-01 09:40:06,4.58,1.011,5,4.35,0.9602,5,4.14,0.9139,5,4.465,0.9856,25,0
SPY190802C294,2019-08-01,2019-08-01 09:40:06,4.58,1.011,5,4.36,0.9624,5,4.14,0.9139,5,4.47,0.9867,25,0
SPY190802C294,2019-08-01,2019-08-01 09:40:07,4.57,1.0088,5,4.36,0.9624,8,4.14,0.9139,5,4.465,0.9856,25,0
SPY190802C294,2019-08-01,2019-08-01 09:40:07,4.56,1.0066,103,4.38,0.9668,103,4.14,0.9139,5,4.47,0.9867,25,0
SPY190802C294,2019-08-01,2019-08-01 09:40:08,4.53,1.0,8,4.4,0.9713,8,4.14,0.9139,5,4.465,0.9856,25,0
SPY190802C294,2019-08-01,2019-08-01 09:40:09,4.52,0.9977,5,4.42,0.9757,5,4.14,0.9139,5,4.47,0.9867,25,0
SPY190802C294,2019-08-01,2019-08-01 09:40:10,4.5,0.9933,3,4.4,0.9713,110,4.14,0.9139,5,4.45,0.9823,25,0
SPY190802C294,2019-08-01,2019-08-01 09:40:10,4.51,0.9955,8,4.43,0.9779,8,4.14,0.9139,5,4.47,0.9867,25,0
SPY190802C294,2019-08-01,2019-08-01 09:40:11,4.46,0.9845,2,4.39,0.969,29,4.14,0.9139,5,4.425,0.9768,25,0
SPY190802C294,2019-08-01,2019-08-01 09:40:12,4.43,0.9779,8,4.34,0.958,107,4.14,0.9139,5,4.385,0.9679,25,0
SPY190802C294,2019-08-01,2019-08-01 09:40:12,4.45,0.9823,8,4.33,0.9558,10,4.14,0.9139,5,4.39,0.969,25,0
SPY190802C294,2019-08-01,2019-08-01 09:40:13,4.41,0.9735,8,4.37,0.9646,5,4.14,0.9139,5,4.39,0.969,25,0
SPY190802C294,2019-08-01,2019-08-01 09:40:13,4.41,0.9735,8,4.38,0.9668,8,4.14,0.9139,5,4.395,0.9701,25,0
SPY190802C294,2019-08-01,2019-08-01 09:40:14,4.41,0.9735,8,4.38,0.9668,8,4.14,0.9139,5,4.395,0.9701,25,0
SPY190802C294,2019-08-01,2019-08-01 09:40:14,4.43,0.9779,20,4.32,0.9536,5,4.14,0.9139,5,4.375,0.9657,25,0
SPY190802C294,2019-08-01,2019-08-01 09:40:15,4.43,0.9779,8,4.33,0.9558,10,4.14,0.9139,5,4.38,0.9668,25,0
SPY190802C294,2019-08-01,2019-08-01 09:40:16,4.44,0.9801,8,4.35,0.9602,9,4.14,0.9139,5,4.395,0.9701,25,0
SPY190802C294,2019-08-01,2019-08-01 09:40:16,4.42,0.9757,5,4.36,0.9624,5,4.14,0.9139,5,4.39,0.969,25,0
SPY190802C294,2019-08-01,2019-08-01 09:40:17,4.42,0.9757,34,4.35,0.9602,64,4.14,0.9139,5,4.385,0.9679,25,0
SPY190802C294,2019-08-01,2019-08-01 09:40:17,4.4,0.9713,2,4.35,0.9602,16,4.14,0.9139,5,4.375,0.9657,25,0
SPY190802C294,2019-08-01,2019-08-01 09:40:18,4.41,0.9735,5,4.35,0.9602,64,4.14,0.9139,5,4.38,0.9668,25,0
SPY190802C294,2019-08-01,2019-08-01 09:40:19,4.4,0.9713,20,4.34,0.958,59,4.14,0.9139,5,4.37,0.9646,25,0
SPY190802C294,2019-08-01,2019-08-01 09:40:19,4.4,0.9713,5,4.34,0.958,59,4.14,0.9139,5,4.37,0.9646,25,0
SPY190802C294,2019-08-01,2019-08-01 09:40:20,4.38,0.9668,2,4.34,0.958,8,4.14,0.9139,5,4.36,0.9624,25,0
SPY190802C294,2019-08-01,2019-08-01 09:40:20,4.37,0.9646,8,4.35,0.9602,8,4.14,0.9139,5,4.36,0.9624,25,0
SPY190802C294,2019-08-01,2019-08-01 09:40:21,4.39,0.969,5,4.33,0.9558,150,4.14,0.9139,5,4.36,0.9624,25,0
SPY190802C294,2019-08-01,2019-08-01 09:40:21,4.37,0.9646,8,4.35,0.9602,8,4.14,0.9139,5,4.36,0.9624,25,0
SPY190802C294,2019-08-01,2019-08-01 09:40:22,4.39,0.969,5,4.35,0.9602,8,4.14,0.9139,5,4.37,0.9646,25,0
SPY190802C294,2019-08-01,2019-08-01 09:40:22,4.41,0.9735,59,4.34,0.958,74,4.14,0.9139,5,4.375,0.9657,25,0
SPY190802C294,2019-08-01,2019-08-01 09:40:23,4.46,0.9845,5,4.35,0.9602,12,4.14,0.9139,5,4.405,0.9724,25,0
SPY190802C294,2019-08-01,2019-08-01 09:40:24,4.45,0.9823,8,4.36,0.9624,12,4.14,0.9139,5,4.405,0.9724,25,0
SPY190802C294,2019-08-01,2019-08-01 09:40:24,4.44,0.9801,10,4.38,0.9668,2,4.14,0.9139,5,4.41,0.9735,25,0
SPY190802C294,2019-08-01,2019-08-01 09:40:25,4.43,0.9779,5,4.34,0.958,64,4.14,0.9139,5,4.385,0.9679,25,0
SPY190802C294,2019-08-01,2019-08-01 09:40:26,4.42,0.9757,3,4.34,0.958,3,4.14,0.9139,5,4.38,0.9668,25,0
SPY190802C294,2019-08-01,2019-08-01 09:40:26,4.41,0.9735,5,4.35,0.9602,5,4.14,0.9139,5,4.38,0.9668,25,0
SPY190802C294,2019-08-01,2019-08-01 09:40:27,4.4,0.9713,8,4.35,0.9602,2,4.14,0.9139,5,4.375,0.9657,25,0
SPY190802C294,2019-08-01,2019-08-01 09:40:28,4.49,0.9911,5,4.27,0.9426,8,4.14,0.9139,5,4.38,0.9668,25,0
SPY190802C294,2019-08-01,2019-08-01 09:40:28,4.39,0.969,5,4.35,0.9602,10,4.14,0.9139,5,4.37,0.9646,25,0
SPY190802C294,2019-08-01,2019-08-01 09:40:29,4.49,0.9911,1,4.28,0.9448,3,4.14,0.9139,5,4.385,0.9679,25,0
SPY190802C294,2019-08-01,2019-08-01 09:40:29,4.44,0.9801,8,4.31,0.9514,8,4.14,0.9139,5,4.375,0.9657,25,0
SPY190802C294,2019-08-01,2019-08-01 09:40:30,4.43,0.9779,5,4.33,0.9558,8,4.14,0.9139,5,4.38,0.9668,25,0
SPY190802C294,2019-08-01,2019-08-01 09:40:30,4.41,0.9735,8,4.33,0.9558,17,4.14,0.9139,5,4.37,0.9646,25,0
SPY190802C294,2019-08-01,2019-08-01 09:40:31,4.42,0.9757,5,4.24,0.9359,191,4.14,0.9139,5,4.33,0.9558,25,0
SPY190802C294,2019-08-01,2019-08-01 09:40:32,4.42,0.9757,5,4.26,0.9403,8,4.14,0.9139,5,4.34,0.958,25,0
SPY190802C294,2019-08-01,2019-08-01 09:40:32,4.51,0.9955,120,4.29,0.947,8,4.14,0.9139,5,4.4,0.9713,25,0
SPY190802C294,2019-08-01,2019-08-01 09:40:33,4.49,0.9911,2,4.3,0.9492,2,4.14,0.9139,5,4.395,0.9701,25,0
SPY190802C294,2019-08-01,2019-08-01 09:40:33,4.48,0.9889,5,4.31,0.9514,5,4.14,0.9139,5,4.395,0.9701,25,0
SPY190802C294,2019-08-01,2019-08-01 09:40:34,4.43,0.9779,2,4.34,0.958,2,4.14,0.9139,5,4.385,0.9679,25,0
SPY190802C294,2019-08-01,2019-08-01 09:40:34,4.47,0.9867,2,4.32,0.9536,2,4.14,0.9139,5,4.395,0.9701,25,0
SPY190802C294,2019-08-01,2019-08-01 09:40:35,4.42,0.9757,97,4.35,0.9602,71,4.14,0.9139,5,4.385,0.9679,25,0
SPY190802C294,2019-08-01,2019-08-01 09:40:36,4.4,0.9713,8,4.35,0.9602,7,4.14,0.9139,5,4.375,0.9657,25,0
SPY190802C294,2019-08-01,2019-08-01 09:40:36,4.41,0.9735,5,4.36,0.9624,37,4.14,0.9139,5,4.385,0.9679,25,0
SPY190802C294,2019-08-01,2019-08-01 09:40:37,4.4,0.9713,79,4.35,0.9602,42,4.14,0.9139,5,4.375,0.9657,25,0
SPY190802C294,2019-08-01,2019-08-01 09:40:38,4.39,0.969,8,4.34,0.958,196,4.14,0.9139,5,4.365,0.9635,25,0
SPY190802C294,2019-08-01,2019-08-01 09:40:38,4.39,0.969,8,4.37,0.9646,8,4.14,0.9139,5,4.38,0.9668,25,0
SPY190802C294,2019-08-01,2019-08-01 09:40:39,4.39,0.969,8,4.37,0.9646,8,4.14,0.9139,5,4.38,0.9668,25,0
SPY190802C294,2019-08-01,2019-08-01 09:40:40,4.39,0.969,8,4.37,0.9646,12,4.14,0.9139,5,4.38,0.9668,25,0
SPY190802C294,2019-08-01,2019-08-01 09:40:41,4.5,0.9933,2,4.28,0.9448,5,4.14,0.9139,5,4.39,0.969,25,0
SPY190802C294,2019-08-01,2019-08-01 09:40:41,4.52,0.9977,9,4.26,0.9403,5,4.14,0.9139,5,4.39,0.969,25,0
SPY190802C294,2019-08-01,2019-08-01 09:40:42,4.44,0.9801,5,4.33,0.9558,5,4.14,0.9139,5,4.385,0.9679,25,0
SPY190802C294,2019-08-01,2019-08-01 09:40:43,4.42,0.9757,8,4.33,0.9558,9,4.14,0.9139,5,4.375,0.9657,25,0
SPY190802C294,2019-08-01,2019-08-01 09:40:44,4.49,0.9911,8,4.34,0.958,8,4.14,0.9139,5,4.415,0.9746,25,0
SPY190802C294,2019-08-01,2019-08-01 09:40:44,4.48,0.9889,103,4.34,0.958,10,4.14,0.9139,5,4.41,0.9735,25,0
SPY190802C294,2019-08-01,2019-08-01 09:40:45,4.45,0.9823,8,4.33,0.9558,8,4.14,0.9139,5,4.39,0.969,25,0
SPY190802C294,2019-08-01,2019-08-01 09:40:45,4.44,0.9801,5,4.33,0.9558,8,4.14,0.9139,5,4.385,0.9679,25,0
SPY190802C294,2019-08-01,2019-08-01 09:40:46,4.42,0.9757,5,4.33,0.9558,8,4.14,0.9139,5,4.375,0.9657,25,0
SPY190802C294,2019-08-01,2019-08-01 09:40:47,4.4,0.9713,20,4.34,0.958,8,4.14,0.9139,5,4.37,0.9646,25,0
SPY190802C294,2019-08-01,2019-08-01 09:40:47,4.4,0.9713,5,4.34,0.958,2,4.14,0.9139,5,4.37,0.9646,25,0
SPY190802C294,2019-08-01,2019-08-01 09:40:48,4.41,0.9735,3,4.34,0.958,3,4.14,0.9139,5,4.375,0.9657,25,0
SPY190802C294,2019-08-01,2019-08-01 09:40:49,4.37,0.9646,8,4.32,0.9536,64,4.14,0.9139,5,4.345,0.9591,25,0
SPY190802C294,2019-08-01,2019-08-01 09:40:49,4.39,0.969,8,4.34,0.958,8,4.14,0.9139,5,4.365,0.9635,25,0
SPY190802C294,2019-08-01,2019-08-01 09:40:50,4.37,0.9646,8,4.32,0.9536,47,4.14,0.9139,5,4.345,0.9591,25,0
SPY190802C294,2019-08-01,2019-08-01 09:40:50,4.37,0.9646,8,4.34,0.958,10,4.14,0.9139,5,4.355,0.9613,25,0
SPY190802C294,2019-08-01,2019-08-01 09:40:51,4.37,0.9646,8,4.34,0.958,10,4.14,0.9139,5,4.355,0.9613,25,0
SPY190802C294,2019-08-01,2019-08-01 09:40:52,4.37,0.9646,8,4.35,0.9602,8,4.14,0.9139,5,4.36,0.9624,25,0
SPY190802C294,2019-08-01,2019-08-01 09:40:52,4.37,0.9646,8,4.36,0.9624,2,4.14,0.9139,5,4.365,0.9635,25,0
SPY190802C294,2019-08-01,2019-08-01 09:40:53,4.38,0.9668,64,4.32,0.9536,64,4.14,0.9139,5,4.35,0.9602,25,0
SPY190802C294,2019-08-01,2019-08-01 09:40:54,4.38,0.9668,141,4.32,0.9536,111,4.14,0.9139,5,4.35,0.9602,25,0
SPY190802C294,2019-08-01,2019-08-01 09:40:55,4.38,0.9668,145,4.31,0.9514,120,4.14,0.9139,5,4.345,0.9591,25,0
SPY190802C294,2019-08-01,2019-08-01 09:40:55,4.36,0.9624,5,4.3,0.9492,59,4.14,0.9139,5,4.33,0.9558,25,0
SPY190802C294,2019-08-01,2019-08-01 09:40:56,4.36,0.9624,5,4.23,0.9337,5,4.14,0.9139,5,4.295,0.9481,25,0
SPY190802C294,2019-08-01,2019-08-01 09:40:57,4.33,0.9558,8,4.23,0.9337,8,4.14,0.9139,5,4.28,0.9448,25,0
SPY190802C294,2019-08-01,2019-08-01 09:40:57,4.35,0.9602,64,4.26,0.9403,5,4.14,0.9139,5,4.305,0.9503,25,0
SPY190802C294,2019-08-01,2019-08-01 09:40:58,4.35,0.9602,26,4.27,0.9426,5,4.14,0.9139,5,4.31,0.9514,25,0
SPY190802C294,2019-08-01,2019-08-01 09:41:01,4.49,0.9911,10,4.28,0.9448,3,4.14,0.9139,5,4.385,0.9679,25,0
SPY190802C294,2019-08-01,2019-08-01 09:41:02,4.42,0.9757,5,4.26,0.9403,5,4.14,0.9139,5,4.34,0.958,25,0
SPY190802C294,2019-08-01,2019-08-01 09:41:03,4.41,0.9735,5,4.27,0.9426,5,4.14,0.9139,5,4.34,0.958,25,0
SPY190802C294,2019-08-01,2019-08-01 09:41:04,4.48,0.9889,8,4.3,0.9492,8,4.14,0.9139,5,4.39,0.969,25,0
SPY190802C294,2019-08-01,2019-08-01 09:41:05,4.44,0.9801,5,4.33,0.9558,8,4.14,0.9139,5,4.385,0.9679,25,0
SPY190802C294,2019-08-01,2019-08-01 09:41:06,4.4,0.9713,100,4.3,0.9492,100,4.14,0.9139,5,4.35,0.9602,25,0
SPY190802C294,2019-08-01,2019-08-01 09:41:07,4.38,0.9668,8,4.27,0.9426,8,4.14,0.9139,5,4.325,0.9547,25,0
SPY190802C294,2019-08-01,2019-08-01 09:41:07,4.39,0.969,5,4.26,0.9403,5,4.14,0.9139,5,4.325,0.9547,25,0
SPY190802C294,2019-08-01,2019-08-01 09:41:08,4.37,0.9646,5,4.28,0.9448,5,4.14,0.9139,5,4.325,0.9547,25,0
SPY190802C294,2019-08-01,2019-08-01 09:41:09,4.33,0.9558,8,4.31,0.9514,8,4.14,0.9139,5,4.32,0.9536,25,0
SPY190802C294,2019-08-01,2019-08-01 09:41:10,4.33,0.9558,8,4.31,0.9514,14,4.14,0.9139,5,4.32,0.9536,25,0
SPY190802C294,2019-08-01,2019-08-01 09:41:11,4.33,0.9558,2,4.25,0.9381,101,4.14,0.9139,5,4.29,0.947,25,0
SPY190802C294,2019-08-01,2019-08-01 09:41:11,4.36,0.9624,5,4.23,0.9337,5,4.14,0.9139,5,4.295,0.9481,25,0
SPY190802C294,2019-08-01,2019-08-01 09:41:12,4.33,0.9558,8,4.29,0.947,5,4.14,0.9139,5,4.31,0.9514,25,0
SPY190802C294,2019-08-01,2019-08-01 09:41:13,4.34,0.958,26,4.3,0.9492,8,4.14,0.9139,5,4.32,0.9536,25,0
SPY190802C294,2019-08-01,2019-08-01 09:41:14,4.35,0.9602,27,4.3,0.9492,91,4.14,0.9139,5,4.325,0.9547,25,0
SPY190802C294,2019-08-01,2019-08-01 09:41:14,4.34,0.958,10,4.3,0.9492,8,4.14,0.9139,5,4.32,0.9536,25,0
SPY190802C294,2019-08-01,2019-08-01 09:41:15,4.36,0.9624,119,4.3,0.9492,91,4.14,0.9139,5,4.33,0.9558,25,0
SPY190802C294,2019-08-01,2019-08-01 09:41:16,4.35,0.9602,57,4.23,0.9337,5,4.14,0.9139,5,4.29,0.947,25,0
SPY190802C294,2019-08-01,2019-08-01 09:41:17,4.34,0.958,10,4.24,0.9359,10,4.14,0.9139,5,4.29,0.947,25,0
SPY190802C294,2019-08-01,2019-08-01 09:41:18,4.32,0.9536,8,4.27,0.9426,86,4.14,0.9139,5,4.295,0.9481,25,0
SPY190802C294,2019-08-01,2019-08-01 09:41:19,4.32,0.9536,8,4.28,0.9448,8,4.14,0.9139,5,4.3,0.9492,25,0
SPY190802C294,2019-08-01,2019-08-01 09:41:19,4.32,0.9536,10,4.29,0.947,8,4.14,0.9139,5,4.305,0.9503,25,0
SPY190802C294,2019-08-01,2019-08-01 09:41:20,4.33,0.9558,38,4.28,0.9448,59,4.14,0.9139,5,4.305,0.9503,25,0
SPY190802C294,2019-08-01,2019-08-01 09:41:21,4.31,0.9514,8,4.28,0.9448,58,4.14,0.9139,5,4.295,0.9481,25,0
SPY190802C294,2019-08-01,2019-08-01 09:41:21,4.31,0.9514,8,4.29,0.947,12,4.14,0.9139,5,4.3,0.9492,25,0
SPY190802C294,2019-08-01,2019-08-01 09:41:22,4.33,0.9558,60,4.27,0.9426,152,4.14,0.9139,5,4.3,0.9492,25,0
SPY190802C294,2019-08-01,2019-08-01 09:41:22,4.33,0.9558,127,4.27,0.9426,100,4.14,0.9139,5,4.3,0.9492,25,0
SPY190802C294,2019-08-01,2019-08-01 09:41:23,4.33,0.9558,64,4.27,0.9426,64,4.14,0.9139,5,4.3,0.9492,25,0
SPY190802C294,2019-08-01,2019-08-01 09:41:24,4.46,0.9845,191,4.18,0.9227,191,4.14,0.9139,5,4.32,0.9536,25,0
SPY190802C294,2019-08-01,2019-08-01 09:41:24,4.36,0.9624,5,4.28,0.9448,5,4.14,0.9139,5,4.32,0.9536,25,0
SPY190802C294,2019-08-01,2019-08-01 09:41:25,4.35,0.9602,9,4.24,0.9359,8,4.14,0.9139,5,4.295,0.9481,25,0
SPY190802C294,2019-08-01,2019-08-01 09:41:25,4.36,0.9624,20,4.23,0.9337,5,4.14,0.9139,5,4.295,0.9481,25,0
SPY190802C294,2019-08-01,2019-08-01 09:41:26,4.33,0.9558,8,4.26,0.9403,2,4.14,0.9139,5,4.295,0.9481,25,0
SPY190802C294,2019-08-01,2019-08-01 09:41:26,4.33,0.9558,8,4.28,0.9448,8,4.14,0.9139,5,4.305,0.9503,25,0
SPY190802C294,2019-08-01,2019-08-01 09:41:27,4.33,0.9558,8,4.31,0.9514,8,4.14,0.9139,5,4.32,0.9536,25,0
SPY190802C294,2019-08-01,2019-08-01 09:41:27,4.33,0.9558,8,4.3,0.9492,8,4.14,0.9139,5,4.315,0.9525,25,0
SPY190802C294,2019-08-01,2019-08-01 09:41:28,4.35,0.9602,70,4.3,0.9492,55,4.14,0.9139,5,4.325,0.9547,25,0
SPY190802C294,2019-08-01,2019-08-01 09:41:29,4.38,0.9668,114,4.32,0.9536,5,4.14,0.9139,5,4.35,0.9602,25,0
SPY190802C294,2019-08-01,2019-08-01 09:41:29,4.37,0.9646,31,4.31,0.9514,5,4.14,0.9139,5,4.34,0.958,25,0
SPY190802C294,2019-08-01,2019-08-01 09:41:30,4.38,0.9668,84,4.32,0.9536,5,4.14,0.9139,5,4.35,0.9602,25,0
SPY190802C294,2019-08-01,2019-08-01 09:41:31,4.37,0.9646,5,4.24,0.9359,5,4.14,0.9139,5,4.305,0.9503,25,0
SPY190802C294,2019-08-01,2019-08-01 09:41:32,4.34,0.958,8,4.26,0.9403,8,4.14,0.9139,5,4.3,0.9492,25,0
SPY190802C294,2019-08-01,2019-08-01 09:41:32,4.37,0.9646,61,4.26,0.9403,5,4.14,0.9139,5,4.315,0.9525,25,0
SPY190802C294,2019-08-01,2019-08-01 09:41:33,4.38,0.9668,59,4.22,0.9315,5,4.14,0.9139,5,4.3,0.9492,25,0
SPY190802C294,2019-08-01,2019-08-01 09:41:33,4.37,0.9646,81,4.27,0.9426,5,4.14,0.9139,5,4.32,0.9536,25,0
SPY190802C294,2019-08-01,2019-08-01 09:41:34,4.38,0.9668,52,4.25,0.9381,101,4.14,0.9139,5,4.315,0.9525,25,0
SPY190802C294,2019-08-01,2019-08-01 09:41:34,4.37,0.9646,2,4.24,0.9359,104,4.14,0.9139,5,4.305,0.9503,25,0
SPY190802C294,2019-08-01,2019-08-01 09:41:35,4.38,0.9668,52,4.26,0.9403,5,4.14,0.9139,5,4.32,0.9536,25,0
SPY190802C294,2019-08-01,2019-08-01 09:41:36,4.37,0.9646,8,4.28,0.9448,5,4.14,0.9139,5,4.325,0.9547,25,0
SPY190802C294,2019-08-01,2019-08-01 09:41:36,4.38,0.9668,52,4.27,0.9426,5,4.14,0.9139,5,4.325,0.9547,25,0
SPY190802C294,2019-08-01,2019-08-01 09:41:37,4.37,0.9646,28,4.3,0.9492,2,4.14,0.9139,5,4.335,0.9569,25,0
SPY190802C294,2019-08-01,2019-08-01 09:41:37,4.37,0.9646,26,4.32,0.9536,8,4.14,0.9139,5,4.345,0.9591,25,0
SPY190802C294,2019-08-01,2019-08-01 09:41:38,4.46,0.9845,5,4.3,0.9492,5,4.14,0.9139,5,4.38,0.9668,25,0
SPY190802C294,2019-08-01,2019-08-01 09:41:38,4.36,0.9624,5,4.3,0.9492,64,4.14,0.9139,5,4.33,0.9558,25,0
SPY190802C294,2019-08-01,2019-08-01 09:41:39,4.46,0.9845,5,4.31,0.9514,8,4.14,0.9139,5,4.385,0.9679,25,0
SPY190802C294,2019-08-01,2019-08-01 09:41:39,4.45,0.9823,5,4.31,0.9514,8,4.14,0.9139,5,4.38,0.9668,25,0
SPY190802C294,2019-08-01,2019-08-01 09:41:40,4.44,0.9801,8,4.32,0.9536,10,4.14,0.9139,5,4.38,0.9668,25,0
SPY190802C294,2019-08-01,2019-08-01 09:41:41,4.42,0.9757,8,4.32,0.9536,10,4.14,0.9139,5,4.37,0.9646,25,0
SPY190802C294,2019-08-01,2019-08-01 09:41:41,4.4,0.9713,5,4.33,0.9558,8,4.14,0.9139,5,4.365,0.9635,25,0
SPY190802C294,2019-08-01,2019-08-01 09:41:42,4.47,0.9867,3,4.35,0.9602,5,4.14,0.9139,5,4.41,0.9735,25,0
SPY190802C294,2019-08-01,2019-08-01 09:41:42,4.46,0.9845,120,4.28,0.9448,120,4.14,0.9139,5,4.37,0.9646,25,0
SPY190802C294,2019-08-01,2019-08-01 09:41:43,4.44,0.9801,8,4.33,0.9558,8,4.14,0.9139,5,4.385,0.9679,25,0
SPY190802C294,2019-08-01,2019-08-01 09:41:44,4.46,0.9845,8,4.34,0.958,5,4.14,0.9139,5,4.4,0.9713,25,0
SPY190802C294,2019-08-01,2019-08-01 09:41:44,4.43,0.9779,3,4.34,0.958,3,4.14,0.9139,5,4.385,0.9679,25,0
SPY190802C294,2019-08-01,2019-08-01 09:41:45,4.45,0.9823,5,4.34,0.958,5,4.14,0.9139,5,4.395,0.9701,25,0
SPY190802C294,2019-08-01,2019-08-01 09:41:45,4.46,0.9845,104,4.34,0.958,52,4.14,0.9139,5,4.4,0.9713,25,0
SPY190802C294,2019-08-01,2019-08-01 09:41:46,4.43,0.9779,5,4.28,0.9448,109,4.14,0.9139,5,4.355,0.9613,25,0
SPY190802C294,2019-08-01,2019-08-01 09:41:46,4.43,0.9779,5,4.28,0.9448,10,4.14,0.9139,5,4.355,0.9613,25,0
SPY190802C294,2019-08-01,2019-08-01 09:41:47,4.42,0.9757,5,4.32,0.9536,5,4.14,0.9139,5,4.37,0.9646,25,0
SPY190802C294,2019-08-01,2019-08-01 09:41:48,4.41,0.9735,2,4.32,0.9536,17,4.14,0.9139,5,4.365,0.9635,25,0
SPY190802C294,2019-08-01,2019-08-01 09:41:49,4.41,0.9735,5,4.33,0.9558,5,4.14,0.9139,5,4.37,0.9646,25,0
SPY190802C294,2019-08-01,2019-08-01 09:41:49,4.41,0.9735,5,4.26,0.9403,110,4.14,0.9139,5,4.335,0.9569,25,0
SPY190802C294,2019-08-01,2019-08-01 09:41:50,4.41,0.9735,5,4.34,0.958,5,4.14,0.9139,5,4.375,0.9657,25,0
SPY190802C294,2019-08-01,2019-08-01 09:41:50,4.4,0.9713,5,4.34,0.958,37,4.14,0.9139,5,4.37,0.9646,25,0
SPY190802C294,2019-08-01,2019-08-01 09:41:51,4.39,0.969,8,4.34,0.958,100,4.14,0.9139,5,4.365,0.9635,25,0
SPY190802C294,2019-08-01,2019-08-01 09:41:52,4.37,0.9646,8,4.35,0.9602,10,4.14,0.9139,5,4.36,0.9624,25,0
SPY190802C294,2019-08-01,2019-08-01 09:41:52,4.39,0.969,35,4.35,0.9602,8,4.14,0.9139,5,4.37,0.9646,25,0
SPY190802C294,2019-08-01,2019-08-01 09:41:53,4.37,0.9646,8,4.35,0.9602,10,4.14,0.9139,5,4.36,0.9624,25,0
SPY190802C294,2019-08-01,2019-08-01 09:41:53,4.38,0.9668,2,4.35,0.9602,14,4.14,0.9139,5,4.365,0.9635,25,0
SPY190802C294,2019-08-01,2019-08-01 09:41:54,4.4,0.9713,128,4.35,0.9602,10,4.14,0.9139,5,4.375,0.9657,25,0
SPY190802C294,2019-08-01,2019-08-01 09:41:54,4.39,0.969,46,4.35,0.9602,10,4.14,0.9139,5,4.37,0.9646,25,0
SPY190802C294,2019-08-01,2019-08-01 09:41:55,4.42,0.9757,5,4.35,0.9602,5,4.14,0.9139,5,4.385,0.9679,25,0
SPY190802C294,2019-08-01,2019-08-01 09:41:55,4.39,0.969,8,4.35,0.9602,10,4.14,0.9139,5,4.37,0.9646,25,0
SPY190802C294,2019-08-01,2019-08-01 09:41:56,4.42,0.9757,5,4.35,0.9602,100,4.14,0.9139,5,4.385,0.9679,25,0
SPY190802C294,2019-08-01,2019-08-01 09:41:57,4.45,0.9823,5,4.36,0.9624,5,4.14,0.9139,5,4.405,0.9724,25,0
SPY190802C294,2019-08-01,2019-08-01 09:41:57,4.43,0.9779,102,4.38,0.9668,2,4.14,0.9139,5,4.405,0.9724,25,0
SPY190802C294,2019-08-01,2019-08-01 09:41:58,4.43,0.9779,6,4.37,0.9646,50,4.14,0.9139,5,4.4,0.9713,25,0
SPY190802C294,2019-08-01,2019-08-01 09:41:58,4.44,0.9801,175,4.38,0.9668,91,4.14,0.9139,5,4.41,0.9735,25,0
SPY190802C294,2019-08-01,2019-08-01 09:41:59,4.44,0.9801,175,4.38,0.9668,5,4.14,0.9139,5,4.41,0.9735,25,0
SPY190802C294,2019-08-01,2019-08-01 09:42:00,4.42,0.9757,8,4.39,0.969,17,4.14,0.9139,5,4.405,0.9724,25,0
SPY190802C294,2019-08-01,2019-08-01 09:42:01,4.45,0.9823,8,4.42,0.9757,2,4.14,0.9139,5,4.435,0.979,25,0
SPY190802C294,2019-08-01,2019-08-01 09:42:01,4.45,0.9823,59,4.39,0.969,10,4.14,0.9139,5,4.42,0.9757,25,0
SPY190802C294,2019-08-01,2019-08-01 09:42:02,4.46,0.9845,20,4.41,0.9735,8,4.14,0.9139,5,4.435,0.979,25,0
SPY190802C294,2019-08-01,2019-08-01 09:42:02,4.44,0.9801,10,4.39,0.969,37,4.14,0.9139,5,4.415,0.9746,25,0
SPY190802C294,2019-08-01,2019-08-01 09:42:03,4.44,0.9801,88,4.32,0.9536,103,4.14,0.9139,5,4.38,0.9668,25,0
SPY190802C294,2019-08-01,2019-08-01 09:42:03,4.42,0.9757,8,4.36,0.9624,8,4.14,0.9139,5,4.39,0.969,25,0
SPY190802C294,2019-08-01,2019-08-01 09:42:04,4.42,0.9757,8,4.36,0.9624,4,4.14,0.9139,5,4.39,0.969,25,0
SPY190802C294,2019-08-01,2019-08-01 09:42:05,4.45,0.9823,78,4.31,0.9514,110,4.14,0.9139,5,4.38,0.9668,25,0
SPY190802C294,2019-08-01,2019-08-01 09:42:05,4.43,0.9779,8,4.32,0.9536,5,4.14,0.9139,5,4.375,0.9657,25,0
SPY190802C294,2019-08-01,2019-08-01 09:42:06,4.43,0.9779,8,4.35,0.9602,106,4.14,0.9139,5,4.39,0.969,25,0
SPY190802C294,2019-08-01,2019-08-01 09:42:06,4.45,0.9823,78,4.34,0.958,5,4.14,0.9139,5,4.395,0.9701,25,0
SPY190802C294,2019-08-01,2019-08-01 09:42:07,4.43,0.9779,8,4.37,0.9646,8,4.14,0.9139,5,4.4,0.9713,25,0
SPY190802C294,2019-08-01,2019-08-01 09:42:08,4.45,0.9823,5,4.38,0.9668,5,4.14,0.9139,5,4.415,0.9746,25,0
SPY190802C294,2019-08-01,2019-08-01 09:42:08,4.55,1.0044,16,4.32,0.9536,6,4.14,0.9139,5,4.435,0.979,25,0
SPY190802C294,2019-08-01,2019-08-01 09:42:09,4.54,1.0022,20,4.33,0.9558,5,4.14,0.9139,5,4.435,0.979,25,0
SPY190802C294,2019-08-01,2019-08-01 09:42:09,4.54,1.0022,5,4.33,0.9558,5,4.14,0.9139,5,4.435,0.979,25,0
SPY190802C294,2019-08-01,2019-08-01 09:42:10,4.53,1.0,157,4.33,0.9558,155,4.14,0.9139,5,4.43,0.9779,25,0
SPY190802C294,2019-08-01,2019-08-01 09:42:11,4.49,0.9911,5,4.36,0.9624,5,4.14,0.9139,5,4.425,0.9768,25,0
SPY190802C294,2019-08-01,2019-08-01 09:42:11,4.51,0.9955,8,4.35,0.9602,8,4.14,0.9139,5,4.43,0.9779,25,0
SPY190802C294,2019-08-01,2019-08-01 09:42:12,4.48,0.9889,5,4.36,0.9624,5,4.14,0.9139,5,4.42,0.9757,25,0
SPY190802C294,2019-08-01,2019-08-01 09:42:13,4.47,0.9867,44,4.39,0.969,10,4.14,0.9139,5,4.43,0.9779,25,0
SPY190802C294,2019-08-01,2019-08-01 09:42:13,4.46,0.9845,5,4.38,0.9668,5,4.14,0.9139,5,4.42,0.9757,25,0
SPY190802C294,2019-08-01,2019-08-01 09:42:14,4.52,0.9977,58,4.46,0.9845,58,4.14,0.9139,5,4.49,0.9911,25,0
SPY190802C294,2019-08-01,2019-08-01 09:42:15,4.51,0.9955,7,4.38,0.9668,9,4.14,0.9139,5,4.445,0.9812,25,0
SPY190802C294,2019-08-01,2019-08-01 09:42:15,4.52,0.9977,58,4.38,0.9668,5,4.14,0.9139,5,4.45,0.9823,25,0
SPY190802C294,2019-08-01,2019-08-01 09:42:16,4.49,0.9911,8,4.4,0.9713,8,4.14,0.9139,5,4.445,0.9812,25,0
SPY190802C294,2019-08-01,2019-08-01 09:42:16,4.49,0.9911,8,4.41,0.9735,5,4.14,0.9139,5,4.45,0.9823,25,0
SPY190802C294,2019-08-01,2019-08-01 09:42:17,4.5,0.9933,61,4.41,0.9735,5,4.14,0.9139,5,4.455,0.9834,25,0
SPY190802C294,2019-08-01,2019-08-01 09:42:17,4.57,1.0088,8,4.42,0.9757,5,4.14,0.9139,5,4.495,0.9922,25,0
SPY190802C294,2019-08-01,2019-08-01 09:42:18,4.55,1.0044,8,4.38,0.9668,5,4.14,0.9139,5,4.465,0.9856,25,0
SPY190802C294,2019-08-01,2019-08-01 09:42:19,4.53,1.0,8,4.39,0.969,8,4.14,0.9139,5,4.46,0.9845,25,0
SPY190802C294,2019-08-01,2019-08-01 09:42:19,4.53,1.0,83,4.39,0.969,5,4.14,0.9139,5,4.46,0.9845,25,0
SPY190802C294,2019-08-01,2019-08-01 09:42:20,4.51,0.9955,2,4.4,0.9713,5,4.14,0.9139,5,4.455,0.9834,25,0
SPY190802C294,2019-08-01,2019-08-01 09:42:20,4.51,0.9955,8,4.41,0.9735,5,4.14,0.9139,5,4.46,0.9845,25,0
SPY190802C294,2019-08-01,2019-08-01 09:42:21,4.54,1.0022,60,4.42,0.9757,5,4.14,0.9139,5,4.48,0.9889,25,0
SPY190802C294,2019-08-01,2019-08-01 09:42:22,4.55,1.0044,190,4.41,0.9735,166,4.14,0.9139,5,4.48,0.9889,25,0
SPY190802C294,2019-08-01,2019-08-01 09:42:22,4.54,1.0022,9,4.43,0.9779,112,4.14,0.9139,5,4.485,0.99,25,0
SPY190802C294,2019-08-01,2019-08-01 09:42:23,4.55,1.0044,8,4.44,0.9801,8,4.14,0.9139,5,4.495,0.9922,25,0
SPY190802C294,2019-08-01,2019-08-01 09:42:23,4.56,1.0066,55,4.43,0.9779,5,4.14,0.9139,5,4.495,0.9922,25,0
SPY190802C294,2019-08-01,2019-08-01 09:42:24,4.55,1.0044,125,4.46,0.9845,5,4.14,0.9139,5,4.505,0.9944,25,0
SPY190802C294,2019-08-01,2019-08-01 09:42:24,4.55,1.0044,120,4.45,0.9823,101,4.14,0.9139,5,4.5,0.9933,25,0
SPY190802C294,2019-08-01,2019-08-01 09:42:25,4.55,1.0044,125,4.46,0.9845,5,4.14,0.9139,5,4.505,0.9944,25,0
SPY190802C294,2019-08-01,2019-08-01 09:42:26,4.52,0.9977,8,4.48,0.9889,68,4.14,0.9139,5,4.5,0.9933,25,0
SPY190802C294,2019-08-01,2019-08-01 09:42:26,4.55,1.0044,125,4.46,0.9845,5,4.14,0.9139,5,4.505,0.9944,25,0
SPY190802C294,2019-08-01,2019-08-01 09:42:27,4.52,0.9977,8,4.49,0.9911,3,4.14,0.9139,5,4.505,0.9944,25,0
SPY190802C294,2019-08-01,2019-08-01 09:42:27,4.56,1.0066,5,4.47,0.9867,10,4.14,0.9139,5,4.515,0.9966,25,0
SPY190802C294,2019-08-01,2019-08-01 09:42:28,4.62,1.0198,3,4.48,0.9889,3,4.14,0.9139,5,4.55,1.0044,25,0
SPY190802C294,2019-08-01,2019-08-01 09:42:28,4.62,1.0198,5,4.48,0.9889,5,4.14,0.9139,5,4.55,1.0044,25,0
SPY190802C294,2019-08-01,2019-08-01 09:42:29,4.61,1.0176,5,4.48,0.9889,3,4.14,0.9139,5,4.545,1.0033,25,0
SPY190802C294,2019-08-01,2019-08-01 09:42:30,4.66,1.0286,152,4.44,0.9801,5,4.14,0.9139,5,4.55,1.0044,25,0
SPY190802C294,2019-08-01,2019-08-01 09:42:30,4.6,1.0154,5,4.5,0.9933,5,4.14,0.9139,5,4.55,1.0044,25,0
SPY190802C294,2019-08-01,2019-08-01 09:42:31,4.63,1.022,5,4.46,0.9845,5,4.14,0.9139,5,4.545,1.0033,25,0
SPY190802C294,2019-08-01,2019-08-01 09:42:31,4.65,1.0264,5,4.44,0.9801,5,4.14,0.9139,5,4.545,1.0033,25,0
SPY190802C294,2019-08-01,2019-08-01 09:42:32,4.61,1.0176,5,4.47,0.9867,5,4.14,0.9139,5,4.54,1.0022,25,0
SPY190802C294,2019-08-01,2019-08-01 09:42:32,4.62,1.0198,5,4.46,0.9845,5,4.14,0.9139,5,4.54,1.0022,25,0
SPY190802C294,2019-08-01,2019-08-01 09:42:33,4.61,1.0176,10,4.45,0.9823,5,4.14,0.9139,5,4.53,1.0,25,0
SPY190802C294,2019-08-01,2019-08-01 09:42:33,4.61,1.0176,5,4.47,0.9867,5,4.14,0.9139,5,4.54,1.0022,25,0
SPY190802C294,2019-08-01,2019-08-01 09:42:34,4.6,1.0154,5,4.46,0.9845,5,4.14,0.9139,5,4.53,1.0,25,0
SPY190802C294,2019-08-01,2019-08-01 09:42:35,4.58,1.011,8,4.48,0.9889,8,4.14,0.9139,5,4.53,1.0,25,0
SPY190802C294,2019-08-01,2019-08-01 09:42:35,4.6,1.0154,5,4.46,0.9845,5,4.14,0.9139,5,4.53,1.0,25,0
SPY190802C294,2019-08-01,2019-08-01 09:42:36,4.57,1.0088,8,4.52,0.9977,8,4.14,0.9139,5,4.545,1.0033,25,0
SPY190802C294,2019-08-01,2019-08-01 09:42:36,4.57,1.0088,12,4.51,0.9955,2,4.14,0.9139,5,4.54,1.0022,25,0
SPY190802C294,2019-08-01,2019-08-01 09:42:37,4.57,1.0088,176,4.51,0.9955,67,4.14,0.9139,5,4.54,1.0022,25,0
SPY190802C294,2019-08-01,2019-08-01 09:42:38,4.66,1.0286,5,4.52,0.9977,5,4.14,0.9139,5,4.59,1.0132,25,0
SPY190802C294,2019-08-01,2019-08-01 09:42:38,4.6,1.0154,5,4.52,0.9977,5,4.14,0.9139,5,4.56,1.0066,25,0
SPY190802C294,2019-08-01,2019-08-01 09:42:39,4.66,1.0286,5,4.52,0.9977,11,4.14,0.9139,5,4.59,1.0132,25,0
SPY190802C294,2019-08-01,2019-08-01 09:42:39,4.65,1.0264,5,4.52,0.9977,5,4.14,0.9139,5,4.585,1.0121,25,0
SPY190802C294,2019-08-01,2019-08-01 09:42:40,4.65,1.0264,5,4.52,0.9977,120,4.14,0.9139,5,4.585,1.0121,25,0
SPY190802C294,2019-08-01,2019-08-01 09:42:41,4.64,1.0242,2,4.52,0.9977,120,4.14,0.9139,5,4.58,1.011,25,0
SPY190802C294,2019-08-01,2019-08-01 09:42:42,4.61,1.0176,2,4.53,1.0,2,4.14,0.9139,5,4.57,1.0088,25,0
SPY190802C294,2019-08-01,2019-08-01 09:42:42,4.62,1.0198,8,4.55,1.0044,104,4.14,0.9139,5,4.585,1.0121,25,0
SPY190802C294,2019-08-01,2019-08-01 09:42:43,4.67,1.0309,57,4.58,1.011,5,4.14,0.9139,5,4.625,1.0209,25,0
SPY190802C294,2019-08-01,2019-08-01 09:42:43,4.65,1.0264,84,4.55,1.0044,6,4.14,0.9139,5,4.6,1.0154,25,0
SPY190802C294,2019-08-01,2019-08-01 09:42:44,4.67,1.0309,57,4.59,1.0132,5,4.14,0.9139,5,4.63,1.022,25,0
SPY190802C294,2019-08-01,2019-08-01 09:42:45,4.67,1.0309,114,4.6,1.0154,5,4.14,0.9139,5,4.635,1.0231,25,0
SPY190802C294,2019-08-01,2019-08-01 09:42:46,4.66,1.0286,8,4.62,1.0198,8,4.14,0.9139,5,4.64,1.0242,25,0
SPY190802C294,2019-08-01,2019-08-01 09:42:47,4.66,1.0286,53,4.6,1.0154,62,4.14,0.9139,5,4.63,1.022,25,0
SPY190802C294,2019-08-01,2019-08-01 09:42:47,4.65,1.0264,8,4.61,1.0176,8,4.14,0.9139,5,4.63,1.022,25,0
SPY190802C294,2019-08-01,2019-08-01 09:42:48,4.65,1.0264,8,4.63,1.022,12,4.14,0.9139,5,4.64,1.0242,25,0
SPY190802C294,2019-08-01,2019-08-01 09:42:49,4.65,1.0264,8,4.63,1.022,8,4.14,0.9139,5,4.64,1.0242,25,0
SPY190802C294,2019-08-01,2019-08-01 09:42:50,4.67,1.0309,131,4.63,1.022,2,4.14,0.9139,5,4.65,1.0264,25,0
SPY190802C294,2019-08-01,2019-08-01 09:42:51,4.65,1.0264,8,4.63,1.022,8,4.14,0.9139,5,4.64,1.0242,25,0
SPY190802C294,2019-08-01,2019-08-01 09:42:51,4.66,1.0286,8,4.62,1.0198,8,4.14,0.9139,5,4.64,1.0242,25,0
SPY190802C294,2019-08-01,2019-08-01 09:42:52,4.71,1.0397,77,4.63,1.022,5,4.14,0.9139,5,4.67,1.0309,25,0
SPY190802C294,2019-08-01,2019-08-01 09:42:53,4.71,1.0397,59,4.65,1.0264,60,4.14,0.9139,5,4.68,1.0331,25,0
SPY190802C294,2019-08-01,2019-08-01 09:42:53,4.71,1.0397,59,4.65,1.0264,69,4.14,0.9139,5,4.68,1.0331,25,0
SPY190802C294,2019-08-01,2019-08-01 09:42:54,4.75,1.0485,2,4.64,1.0242,2,4.14,0.9139,5,4.695,1.0364,25,0
SPY190802C294,2019-08-01,2019-08-01 09:42:55,4.73,1.0441,5,4.65,1.0264,5,4.14,0.9139,5,4.69,1.0353,25,0
SPY190802C294,2019-08-01,2019-08-01 09:42:55,4.74,1.0463,3,4.66,1.0286,5,4.14,0.9139,5,4.7,1.0375,25,0
SPY190802C294,2019-08-01,2019-08-01 09:42:56,4.71,1.0397,5,4.61,1.0176,5,4.14,0.9139,5,4.66,1.0286,25,0
SPY190802C294,2019-08-01,2019-08-01 09:42:57,4.72,1.0419,120,4.61,1.0176,5,4.14,0.9139,5,4.665,1.0298,25,0
SPY190802C294,2019-08-01,2019-08-01 09:42:58,4.72,1.0419,140,4.6,1.0154,144,4.14,0.9139,5,4.66,1.0286,25,0
SPY190802C294,2019-08-01,2019-08-01 09:42:58,4.76,1.0507,5,4.59,1.0132,5,4.14,0.9139,5,4.675,1.032,25,0
SPY190802C294,2019-08-01,2019-08-01 09:42:59,4.75,1.0485,250,4.58,1.011,48,4.14,0.9139,5,4.665,1.0298,25,0
SPY190802C294,2019-08-01,2019-08-01 09:43:01,4.71,1.0397,134,4.53,1.0,63,4.14,0.9139,5,4.62,1.0198,25,0
SPY190802C294,2019-08-01,2019-08-01 09:43:01,4.73,1.0441,260,4.56,1.0066,48,4.14,0.9139,5,4.645,1.0253,25,0
SPY190802C294,2019-08-01,2019-08-01 09:43:02,4.71,1.0397,89,4.45,0.9823,50,4.14,0.9139,5,4.58,1.011,25,0
SPY190802C294,2019-08-01,2019-08-01 09:43:03,4.69,1.0353,6,4.47,0.9867,166,4.14,0.9139,5,4.58,1.011,25,0
SPY190802C294,2019-08-01,2019-08-01 09:43:03,4.69,1.0353,5,4.47,0.9867,5,4.14,0.9139,5,4.58,1.011,25,0
SPY190802C294,2019-08-01,2019-08-01 09:43:04,4.69,1.0353,276,4.5,0.9933,144,4.14,0.9139,5,4.595,1.0143,25,0
SPY190802C294,2019-08-01,2019-08-01 09:43:05,4.71,1.0397,2,4.51,0.9955,250,4.14,0.9139,5,4.61,1.0176,25,0
SPY190802C294,2019-08-01,2019-08-01 09:43:05,4.71,1.0397,2,4.51,0.9955,5,4.14,0.9139,5,4.61,1.0176,25,0
SPY190802C294,2019-08-01,2019-08-01 09:43:06,4.67,1.0309,2,4.52,0.9977,5,4.14,0.9139,5,4.595,1.0143,25,0
SPY190802C294,2019-08-01,2019-08-01 09:43:06,4.68,1.0331,5,4.52,0.9977,5,4.14,0.9139,5,4.6,1.0154,25,0
SPY190802C294,2019-08-01,2019-08-01 09:43:07,4.65,1.0264,5,4.53,1.0,5,4.14,0.9139,5,4.59,1.0132,25,0
SPY190802C294,2019-08-01,2019-08-01 09:43:07,4.66,1.0286,2,4.52,0.9977,100,4.14,0.9139,5,4.59,1.0132,25,0
SPY190802C294,2019-08-01,2019-08-01 09:43:08,4.68,1.0331,120,4.53,1.0,5,4.14,0.9139,5,4.605,1.0165,25,0
SPY190802C294,2019-08-01,2019-08-01 09:43:08,4.65,1.0264,20,4.54,1.0022,44,4.14,0.9139,5,4.595,1.0143,25,0
SPY190802C294,2019-08-01,2019-08-01 09:43:09,4.64,1.0242,5,4.55,1.0044,5,4.14,0.9139,5,4.595,1.0143,25,0
SPY190802C294,2019-08-01,2019-08-01 09:43:10,4.63,1.022,8,4.56,1.0066,8,4.14,0.9139,5,4.595,1.0143,25,0
SPY190802C294,2019-08-01,2019-08-01 09:43:10,4.62,1.0198,20,4.57,1.0088,5,4.14,0.9139,5,4.595,1.0143,25,0
SPY190802C294,2019-08-01,2019-08-01 09:43:11,4.62,1.0198,5,4.49,0.9911,10,4.14,0.9139,5,4.555,1.0055,25,0
SPY190802C294,2019-08-01,2019-08-01 09:43:11,4.62,1.0198,100,4.56,1.0066,2,4.14,0.9139,5,4.59,1.0132,25,0
SPY190802C294,2019-08-01,2019-08-01 09:43:12,4.71,1.0397,212,4.51,0.9955,104,4.14,0.9139,5,4.61,1.0176,25,0
SPY190802C294,2019-08-01,2019-08-01 09:43:13,4.68,1.0331,101,4.54,1.0022,100,4.14,0.9139,5,4.61,1.0176,25,0
SPY190802C294,2019-08-01,2019-08-01 09:43:13,4.69,1.0353,20,4.53,1.0,8,4.14,0.9139,5,4.61,1.0176,25,0
SPY190802C294,2019-08-01,2019-08-01 09:43:14,4.63,1.022,2,4.57,1.0088,12,4.14,0.9139,5,4.6,1.0154,25,0
SPY190802C294,2019-08-01,2019-08-01 09:43:14,4.66,1.0286,8,4.56,1.0066,8,4.14,0.9139,5,4.61,1.0176,25,0
SPY190802C294,2019-08-01,2019-08-01 09:43:15,4.63,1.022,100,4.57,1.0088,9,4.14,0.9139,5,4.6,1.0154,25,0
SPY190802C294,2019-08-01,2019-08-01 09:43:16,4.65,1.0264,10,4.58,1.011,1,4.14,0.9139,5,4.615,1.0187,25,0
SPY190802C294,2019-08-01,2019-08-01 09:43:16,4.6,1.0154,2,4.58,1.011,8,4.14,0.9139,5,4.59,1.0132,25,0
SPY190802C294,2019-08-01,2019-08-01 09:43:17,4.65,1.0264,5,4.51,0.9955,62,4.14,0.9139,5,4.58,1.011,25,0
SPY190802C294,2019-08-01,2019-08-01 09:43:17,4.65,1.0264,7,4.58,1.011,5,4.14,0.9139,5,4.615,1.0187,25,0
SPY190802C294,2019-08-01,2019-08-01 09:43:18,4.72,1.0419,100,4.58,1.011,74,4.14,0.9139,5,4.65,1.0264,25,0
SPY190802C294,2019-08-01,2019-08-01 09:43:19,4.7,1.0375,5,4.52,0.9977,5,4.14,0.9139,5,4.61,1.0176,25,0
SPY190802C294,2019-08-01,2019-08-01 09:43:19,4.71,1.0397,5,4.51,0.9955,5,4.14,0.9139,5,4.61,1.0176,25,0
SPY190802C294,2019-08-01,2019-08-01 09:43:20,4.7,1.0375,10,4.55,1.0044,8,4.14,0.9139,5,4.625,1.0209,25,0
SPY190802C294,2019-08-01,2019-08-01 09:43:20,4.7,1.0375,8,4.52,0.9977,15,4.14,0.9139,5,4.61,1.0176,25,0
SPY190802C294,2019-08-01,2019-08-01 09:43:21,4.67,1.0309,8,4.58,1.011,8,4.14,0.9139,5,4.625,1.0209,25,0
SPY190802C294,2019-08-01,2019-08-01 09:43:22,4.72,1.0419,6,4.5,0.9933,15,4.14,0.9139,5,4.61,1.0176,25,0
SPY190802C294,2019-08-01,2019-08-01 09:43:22,4.65,1.0264,5,4.55,1.0044,62,4.14,0.9139,5,4.6,1.0154,25,0
SPY190802C294,2019-08-01,2019-08-01 09:43:23,4.63,1.022,5,4.55,1.0044,72,4.14,0.9139,5,4.59,1.0132,25,0
SPY190802C294,2019-08-01,2019-08-01 09:43:24,4.62,1.0198,8,4.57,1.0088,8,4.14,0.9139,5,4.595,1.0143,25,0
SPY190802C294,2019-08-01,2019-08-01 09:43:24,4.62,1.0198,109,4.56,1.0066,58,4.14,0.9139,5,4.59,1.0132,25,0
SPY190802C294,2019-08-01,2019-08-01 09:43:25,4.61,1.0176,8,4.52,0.9977,5,4.14,0.9139,5,4.565,1.0077,25,0
SPY190802C294,2019-08-01,2019-08-01 09:43:25,4.61,1.0176,2,4.48,0.9889,5,4.14,0.9139,5,4.545,1.0033,25,0
SPY190802C294,2019-08-01,2019-08-01 09:43:26,4.62,1.0198,134,4.53,1.0,5,4.14,0.9139,5,4.575,1.0099,25,0
SPY190802C294,2019-08-01,2019-08-01 09:43:26,4.61,1.0176,8,4.52,0.9977,5,4.14,0.9139,5,4.565,1.0077,25,0
SPY190802C294,2019-08-01,2019-08-01 09:43:27,4.61,1.0176,8,4.55,1.0044,8,4.14,0.9139,5,4.58,1.011,25,0
SPY190802C294,2019-08-01,2019-08-01 09:43:28,4.61,1.0176,8,4.56,1.0066,5,4.14,0.9139,5,4.585,1.0121,25,0
SPY190802C294,2019-08-01,2019-08-01 09:43:28,4.62,1.0198,8,4.57,1.0088,8,4.14,0.9139,5,4.595,1.0143,25,0
SPY190802C294,2019-08-01,2019-08-01 09:43:29,4.61,1.0176,110,4.55,1.0044,107,4.14,0.9139,5,4.58,1.011,25,0
SPY190802C294,2019-08-01,2019-08-01 09:43:29,4.63,1.022,60,4.56,1.0066,3,4.14,0.9139,5,4.595,1.0143,25,0
SPY190802C294,2019-08-01,2019-08-01 09:43:30,4.59,1.0132,8,4.55,1.0044,46,4.14,0.9139,5,4.57,1.0088,25,0
SPY190802C294,2019-08-01,2019-08-01 09:43:31,4.6,1.0154,19,4.55,1.0044,2,4.14,0.9139,5,4.575,1.0099,25,0
SPY190802C294,2019-08-01,2019-08-01 09:43:31,4.59,1.0132,5,4.54,1.0022,30,4.14,0.9139,5,4.565,1.0077,25,0
SPY190802C294,2019-08-01,2019-08-01 09:43:32,4.59,1.0132,63,4.54,1.0022,45,4.14,0.9139,5,4.565,1.0077,25,0
SPY190802C294,2019-08-01,2019-08-01 09:43:32,4.59,1.0132,61,4.54,1.0022,19,4.14,0.9139,5,4.565,1.0077,25,0
SPY190802C294,2019-08-01,2019-08-01 09:43:33,4.59,1.0132,145,4.47,0.9867,5,4.14,0.9139,5,4.53,1.0,25,0
SPY190802C294,2019-08-01,2019-08-01 09:43:33,4.57,1.0088,8,4.53,1.0,63,4.14,0.9139,5,4.55,1.0044,25,0
SPY190802C294,2019-08-01,2019-08-01 09:43:34,4.59,1.0132,144,4.46,0.9845,152,4.14,0.9139,5,4.525,0.9988,25,0
SPY190802C294,2019-08-01,2019-08-01 09:43:35,4.57,1.0088,5,4.48,0.9889,5,4.14,0.9139,5,4.525,0.9988,25,0
SPY190802C294,2019-08-01,2019-08-01 09:43:35,4.58,1.011,5,4.47,0.9867,5,4.14,0.9139,5,4.525,0.9988,25,0
SPY190802C294,2019-08-01,2019-08-01 09:43:36,4.58,1.011,5,4.48,0.9889,5,4.14,0.9139,5,4.53,1.0,25,0
SPY190802C294,2019-08-01,2019-08-01 09:43:37,4.56,1.0066,5,4.49,0.9911,100,4.14,0.9139,5,4.525,0.9988,25,0
SPY190802C294,2019-08-01,2019-08-01 09:43:37,4.55,1.0044,8,4.51,0.9955,5,4.14,0.9139,5,4.53,1.0,25,0
SPY190802C294,2019-08-01,2019-08-01 09:43:38,4.56,1.0066,5,4.5,0.9933,8,4.14,0.9139,5,4.53,1.0,25,0
SPY190802C294,2019-08-01,2019-08-01 09:43:39,4.53,1.0,8,4.51,0.9955,8,4.14,0.9139,5,4.52,0.9977,25,0
SPY190802C294,2019-08-01,2019-08-01 09:43:39,4.55,1.0044,88,4.5,0.9933,8,4.14,0.9139,5,4.525,0.9988,25,0
SPY190802C294,2019-08-01,2019-08-01 09:43:40,4.52,0.9977,8,4.41,0.9735,8,4.14,0.9139,5,4.465,0.9856,25,0
SPY190802C294,2019-08-01,2019-08-01 09:43:41,4.51,0.9955,8,4.44,0.9801,2,4.14,0.9139,5,4.475,0.9878,25,0
SPY190802C294,2019-08-01,2019-08-01 09:43:42,4.53,1.0,63,4.46,0.9845,5,4.14,0.9139,5,4.495,0.9922,25,0
SPY190802C294,2019-08-01,2019-08-01 09:43:42,4.51,0.9955,8,4.45,0.9823,5,4.14,0.9139,5,4.48,0.9889,25,0
SPY190802C294,2019-08-01,2019-08-01 09:43:43,4.64,1.0242,5,4.47,0.9867,5,4.14,0.9139,5,4.555,1.0055,25,0
SPY190802C294,2019-08-01,2019-08-01 09:43:44,4.64,1.0242,5,4.46,0.9845,5,4.14,0.9139,5,4.55,1.0044,25,0
SPY190802C294,2019-08-01,2019-08-01 09:43:44,4.62,1.0198,10,4.47,0.9867,8,4.14,0.9139,5,4.545,1.0033,25,0
SPY190802C294,2019-08-01,2019-08-01 09:43:45,4.6,1.0154,8,4.5,0.9933,8,4.14,0.9139,5,4.55,1.0044,25,0
SPY190802C294,2019-08-01,2019-08-01 09:43:46,4.61,1.0176,5,4.48,0.9889,75,4.14,0.9139,5,4.545,1.0033,25,0
SPY190802C294,2019-08-01,2019-08-01 09:43:46,4.61,1.0176,5,4.49,0.9911,5,4.14,0.9139,5,4.55,1.0044,25,0
SPY190802C294,2019-08-01,2019-08-01 09:43:47,4.59,1.0132,5,4.5,0.9933,8,4.14,0.9139,5,4.545,1.0033,25,0
SPY190802C294,2019-08-01,2019-08-01 09:43:47,4.57,1.0088,8,4.5,0.9933,16,4.14,0.9139,5,4.535,1.0011,25,0
SPY190802C294,2019-08-01,2019-08-01 09:43:48,4.57,1.0088,8,4.5,0.9933,16,4.14,0.9139,5,4.535,1.0011,25,0
SPY190802C294,2019-08-01,2019-08-01 09:43:49,4.55,1.0044,35,4.51,0.9955,8,4.14,0.9139,5,4.53,1.0,25,0
SPY190802C294,2019-08-01,2019-08-01 09:43:49,4.53,1.0,8,4.51,0.9955,8,4.14,0.9139,5,4.52,0.9977,25,0
SPY190802C294,2019-08-01,2019-08-01 09:43:50,4.53,1.0,8,4.51,0.9955,8,4.14,0.9139,5,4.52,0.9977,25,0
SPY190802C294,2019-08-01,2019-08-01 09:43:50,4.53,1.0,8,4.51,0.9955,12,4.14,0.9139,5,4.52,0.9977,25,0
SPY190802C294,2019-08-01,2019-08-01 09:43:51,4.55,1.0044,110,4.49,0.9911,5,4.14,0.9139,5,4.52,0.9977,25,0
SPY190802C294,2019-08-01,2019-08-01 09:43:52,4.53,1.0,8,4.47,0.9867,58,4.14,0.9139,5,4.5,0.9933,25,0
SPY190802C294,2019-08-01,2019-08-01 09:43:52,4.54,1.0022,40,4.48,0.9889,52,4.14,0.9139,5,4.51,0.9955,25,0
SPY190802C294,2019-08-01,2019-08-01 09:43:53,4.51,0.9955,8,4.47,0.9867,93,4.14,0.9139,5,4.49,0.9911,25,0
SPY190802C294,2019-08-01,2019-08-01 09:43:54,4.5,0.9933,8,4.43,0.9779,5,4.14,0.9139,5,4.465,0.9856,25,0
SPY190802C294,2019-08-01,2019-08-01 09:43:54,4.5,0.9933,17,4.41,0.9735,8,4.14,0.9139,5,4.455,0.9834,25,0
SPY190802C294,2019-08-01,2019-08-01 09:43:55,4.5,0.9933,8,4.44,0.9801,8,4.14,0.9139,5,4.47,0.9867,25,0
SPY190802C294,2019-08-01,2019-08-01 09:43:55,4.5,0.9933,2,4.46,0.9845,2,4.14,0.9139,5,4.48,0.9889,25,0
SPY190802C294,2019-08-01,2019-08-01 09:43:56,4.52,0.9977,5,4.46,0.9845,30,4.14,0.9139,5,4.49,0.9911,25,0
SPY190802C294,2019-08-01,2019-08-01 09:43:56,4.51,0.9955,5,4.46,0.9845,30,4.14,0.9139,5,4.485,0.99,25,0
SPY190802C294,2019-08-01,2019-08-01 09:43:57,4.49,0.9911,8,4.47,0.9867,12,4.14,0.9139,5,4.48,0.9889,25,0
SPY190802C294,2019-08-01,2019-08-01 09:43:58,4.51,0.9955,120,4.4,0.9713,5,4.14,0.9139,5,4.455,0.9834,25,0
SPY190802C294,2019-08-01,2019-08-01 09:43:58,4.51,0.9955,133,4.45,0.9823,58,4.14,0.9139,5,4.48,0.9889,25,0
SPY190802C294,2019-08-01,2019-08-01 09:43:59,4.51,0.9955,120,4.4,0.9713,10,4.14,0.9139,5,4.455,0.9834,25,0
SPY190802C294,2019-08-01,2019-08-01 09:43:59,4.51,0.9955,120,4.39,0.969,189,4.14,0.9139,5,4.45,0.9823,25,0
SPY190802C294,2019-08-01,2019-08-01 09:44:00,4.51,0.9955,58,4.41,0.9735,103,4.14,0.9139,5,4.46,0.9845,25,0
SPY190802C294,2019-08-01,2019-08-01 09:44:01,4.51,0.9955,41,4.41,0.9735,103,4.14,0.9139,5,4.46,0.9845,25,0
SPY190802C294,2019-08-01,2019-08-01 09:44:01,4.52,0.9977,78,4.41,0.9735,103,4.14,0.9139,5,4.465,0.9856,25,0
SPY190802C294,2019-08-01,2019-08-01 09:44:02,4.51,0.9955,83,4.44,0.9801,5,4.14,0.9139,5,4.475,0.9878,25,0
SPY190802C294,2019-08-01,2019-08-01 09:44:02,4.51,0.9955,56,4.43,0.9779,5,4.14,0.9139,5,4.47,0.9867,25,0
SPY190802C294,2019-08-01,2019-08-01 09:44:03,4.5,0.9933,6,4.44,0.9801,5,4.14,0.9139,5,4.47,0.9867,25,0
SPY190802C294,2019-08-01,2019-08-01 09:44:04,4.53,1.0,72,4.46,0.9845,5,4.14,0.9139,5,4.495,0.9922,25,0
SPY190802C294,2019-08-01,2019-08-01 09:44:04,4.65,1.0264,27,4.45,0.9823,100,4.14,0.9139,5,4.55,1.0044,25,0
SPY190802C294,2019-08-01,2019-08-01 09:44:05,4.51,0.9955,5,4.38,0.9668,5,4.14,0.9139,5,4.445,0.9812,25,0
SPY190802C294,2019-08-01,2019-08-01 09:44:05,4.52,0.9977,63,4.39,0.969,5,4.14,0.9139,5,4.455,0.9834,25,0
SPY190802C294,2019-08-01,2019-08-01 09:44:06,4.51,0.9955,5,4.38,0.9668,5,4.14,0.9139,5,4.445,0.9812,25,0
SPY190802C294,2019-08-01,2019-08-01 09:44:07,4.53,1.0,20,4.41,0.9735,5,4.14,0.9139,5,4.47,0.9867,25,0
SPY190802C294,2019-08-01,2019-08-01 09:44:07,4.51,0.9955,29,4.4,0.9713,5,4.14,0.9139,5,4.455,0.9834,25,0
SPY190802C294,2019-08-01,2019-08-01 09:44:08,4.55,1.0044,36,4.36,0.9624,15,4.14,0.9139,5,4.455,0.9834,25,0
SPY190802C294,2019-08-01,2019-08-01 09:44:09,4.64,1.0242,8,4.42,0.9757,5,4.14,0.9139,5,4.53,1.0,25,0
SPY190802C294,2019-08-01,2019-08-01 09:44:09,4.62,1.0198,5,4.43,0.9779,5,4.14,0.9139,5,4.525,0.9988,25,0
SPY190802C294,2019-08-01,2019-08-01 09:44:10,4.61,1.0176,5,4.44,0.9801,5,4.14,0.9139,5,4.525,0.9988,25,0
SPY190802C294,2019-08-01,2019-08-01 09:44:11,4.57,1.0088,110,4.47,0.9867,112,4.14,0.9139,5,4.52,0.9977,25,0
SPY190802C294,2019-08-01,2019-08-01 09:44:11,4.58,1.011,8,4.46,0.9845,8,4.14,0.9139,5,4.52,0.9977,25,0
