symbol,Date,quote_time,ask_price,norm_ask_price,ask_size,bid_price,norm_bid_price,bid_size,last_trade_price,norm_last_trade_price,last_trade_size,mark_price,norm_mark_price,volume,Volume
SPY190508C292,2019-05-07,2019-05-07 09:30:39,0.62,1.0,100,0.61,0.9838,4,0.62,1.0,40,0.615,0.9919,781,781
SPY190508C292,2019-05-07,2019-05-07 09:30:43,0.62,1.0,1,0.61,0.9838,4,0.62,1.0,30,0.615,0.9919,823,42
SPY190508C292,2019-05-07,2019-05-07 09:30:45,0.62,1.0,50,0.61,0.9838,3,0.61,0.9838,5,0.615,0.9919,848,25
SPY190508C292,2019-05-07,2019-05-07 09:30:46,0.62,1.0,175,0.61,0.9838,3,0.62,1.0,3,0.615,0.9919,851,3
SPY190508C292,2019-05-07,2019-05-07 09:30:47,0.62,1.0,100,0.61,0.9838,3,0.62,1.0,3,0.615,0.9919,851,0
SPY190508C292,2019-05-07,2019-05-07 09:30:49,0.61,0.9838,38,0.59,0.9516,167,0.61,0.9838,3,0.6,0.9677,861,10
SPY190508C292,2019-05-07,2019-05-07 09:30:51,0.6,0.9677,130,0.59,0.9516,50,0.6,0.9677,1,0.595,0.9596,862,1
SPY190508C292,2019-05-07,2019-05-07 09:30:53,0.63,1.0161,229,0.6,0.9677,50,0.6,0.9677,50,0.615,0.9919,912,50
SPY190508C292,2019-05-07,2019-05-07 09:30:55,0.64,1.0322,34,0.62,1.0,3,0.6,0.9677,50,0.63,1.0161,912,0
SPY190508C292,2019-05-07,2019-05-07 09:30:56,0.64,1.0322,825,0.62,1.0,34,0.6,0.9677,50,0.63,1.0161,912,0
SPY190508C292,2019-05-07,2019-05-07 09:30:57,0.63,1.0161,50,0.62,1.0,50,0.63,1.0161,1,0.625,1.008,913,1
SPY190508C292,2019-05-07,2019-05-07 09:30:59,0.64,1.0322,780,0.63,1.0161,5,0.64,1.0322,3,0.635,1.0241,916,3
SPY190508C292,2019-05-07,2019-05-07 09:31:00,0.64,1.0322,37,0.63,1.0161,33,0.64,1.0322,1,0.635,1.0241,917,1
SPY190508C292,2019-05-07,2019-05-07 09:31:02,0.64,1.0322,62,0.63,1.0161,51,0.63,1.0161,1,0.635,1.0241,918,1
SPY190508C292,2019-05-07,2019-05-07 09:31:03,0.64,1.0322,238,0.63,1.0161,5,0.64,1.0322,2,0.635,1.0241,1028,110
SPY190508C292,2019-05-07,2019-05-07 09:31:05,0.65,1.0483,90,0.63,1.0161,100,0.64,1.0322,2,0.64,1.0322,1028,0
SPY190508C292,2019-05-07,2019-05-07 09:31:07,0.65,1.0483,100,0.64,1.0322,1,0.64,1.0322,2,0.645,1.0403,1028,0
SPY190508C292,2019-05-07,2019-05-07 09:31:08,0.64,1.0322,77,0.63,1.0161,51,0.64,1.0322,3,0.635,1.0241,1040,12
SPY190508C292,2019-05-07,2019-05-07 09:31:10,0.64,1.0322,27,0.63,1.0161,100,0.63,1.0161,1,0.635,1.0241,1046,6
SPY190508C292,2019-05-07,2019-05-07 09:31:13,0.66,1.0645,120,0.63,1.0161,100,0.64,1.0322,1,0.645,1.0403,1108,62
SPY190508C292,2019-05-07,2019-05-07 09:31:15,0.66,1.0645,761,0.64,1.0322,3,0.65,1.0483,4,0.65,1.0483,1112,4
SPY190508C292,2019-05-07,2019-05-07 09:31:19,0.65,1.0483,150,0.63,1.0161,1,0.64,1.0322,1,0.64,1.0322,1326,214
SPY190508C292,2019-05-07,2019-05-07 09:31:21,0.65,1.0483,100,0.63,1.0161,51,0.65,1.0483,1,0.64,1.0322,1331,5
SPY190508C292,2019-05-07,2019-05-07 09:31:23,0.65,1.0483,100,0.63,1.0161,13,0.65,1.0483,1,0.64,1.0322,1331,0
SPY190508C292,2019-05-07,2019-05-07 09:31:25,0.64,1.0322,2,0.63,1.0161,27,0.64,1.0322,2,0.635,1.0241,1333,2
SPY190508C292,2019-05-07,2019-05-07 09:31:28,0.64,1.0322,77,0.63,1.0161,1,0.64,1.0322,3,0.635,1.0241,1341,8
SPY190508C292,2019-05-07,2019-05-07 09:31:30,0.64,1.0322,7,0.63,1.0161,20,0.64,1.0322,3,0.635,1.0241,1341,0
SPY190508C292,2019-05-07,2019-05-07 09:31:32,0.65,1.0483,92,0.63,1.0161,50,0.64,1.0322,7,0.64,1.0322,1358,17
SPY190508C292,2019-05-07,2019-05-07 09:31:34,0.65,1.0483,150,0.63,1.0161,20,0.64,1.0322,7,0.64,1.0322,1358,0
SPY190508C292,2019-05-07,2019-05-07 09:31:36,0.65,1.0483,100,0.63,1.0161,222,0.65,1.0483,2,0.64,1.0322,1360,2
SPY190508C292,2019-05-07,2019-05-07 09:31:38,0.65,1.0483,1,0.63,1.0161,217,0.65,1.0483,10,0.64,1.0322,1861,501
SPY190508C292,2019-05-07,2019-05-07 09:31:39,0.66,1.0645,156,0.64,1.0322,29,0.65,1.0483,1,0.65,1.0483,1933,72
SPY190508C292,2019-05-07,2019-05-07 09:31:41,0.67,1.0806,811,0.65,1.0483,25,0.65,1.0483,1,0.66,1.0645,1933,0
SPY190508C292,2019-05-07,2019-05-07 09:31:43,0.66,1.0645,711,0.65,1.0483,25,0.65,1.0483,1,0.655,1.0564,1933,0
SPY190508C292,2019-05-07,2019-05-07 09:31:44,0.66,1.0645,92,0.65,1.0483,25,0.65,1.0483,1,0.655,1.0564,1933,0
SPY190508C292,2019-05-07,2019-05-07 09:31:46,0.66,1.0645,703,0.65,1.0483,25,0.65,1.0483,1,0.655,1.0564,1933,0
SPY190508C292,2019-05-07,2019-05-07 09:31:47,0.66,1.0645,711,0.65,1.0483,25,0.65,1.0483,1,0.655,1.0564,1933,0
SPY190508C292,2019-05-07,2019-05-07 09:31:49,0.65,1.0483,90,0.64,1.0322,2,0.65,1.0483,2,0.645,1.0403,1960,27
SPY190508C292,2019-05-07,2019-05-07 09:31:50,0.66,1.0645,768,0.64,1.0322,50,0.66,1.0645,3,0.65,1.0483,1968,8
SPY190508C292,2019-05-07,2019-05-07 09:31:52,0.65,1.0483,1,0.64,1.0322,41,0.65,1.0483,1,0.645,1.0403,1969,1
SPY190508C292,2019-05-07,2019-05-07 09:31:53,0.66,1.0645,168,0.64,1.0322,50,0.64,1.0322,14,0.65,1.0483,1983,14
SPY190508C292,2019-05-07,2019-05-07 09:31:55,0.65,1.0483,21,0.64,1.0322,2,0.64,1.0322,10,0.645,1.0403,1993,10
SPY190508C292,2019-05-07,2019-05-07 09:31:56,0.65,1.0483,220,0.64,1.0322,2,0.64,1.0322,10,0.645,1.0403,1993,0
SPY190508C292,2019-05-07,2019-05-07 09:31:59,0.64,1.0322,3,0.63,1.0161,3,0.65,1.0483,2,0.635,1.0241,2029,36
SPY190508C292,2019-05-07,2019-05-07 09:32:00,0.64,1.0322,86,0.63,1.0161,53,0.65,1.0483,2,0.635,1.0241,2029,0
SPY190508C292,2019-05-07,2019-05-07 09:32:02,0.64,1.0322,116,0.63,1.0161,3,0.63,1.0161,1,0.635,1.0241,2059,30
SPY190508C292,2019-05-07,2019-05-07 09:32:04,0.64,1.0322,150,0.62,1.0,50,0.64,1.0322,2,0.63,1.0161,2061,2
SPY190508C292,2019-05-07,2019-05-07 09:32:06,0.63,1.0161,53,0.62,1.0,50,0.64,1.0322,1,0.625,1.008,2062,1
SPY190508C292,2019-05-07,2019-05-07 09:32:09,0.63,1.0161,345,0.61,0.9838,50,0.62,1.0,3,0.62,1.0,2065,3
SPY190508C292,2019-05-07,2019-05-07 09:32:12,0.61,0.9838,180,0.6,0.9677,80,0.61,0.9838,1,0.605,0.9758,2066,1
SPY190508C292,2019-05-07,2019-05-07 09:32:14,0.61,0.9838,180,0.6,0.9677,86,0.61,0.9838,1,0.605,0.9758,2066,0
SPY190508C292,2019-05-07,2019-05-07 09:32:15,0.61,0.9838,130,0.6,0.9677,80,0.61,0.9838,1,0.605,0.9758,2066,0
SPY190508C292,2019-05-07,2019-05-07 09:32:16,0.61,0.9838,140,0.6,0.9677,75,0.61,0.9838,6,0.605,0.9758,2081,15
SPY190508C292,2019-05-07,2019-05-07 09:32:18,0.61,0.9838,1,0.6,0.9677,81,0.61,0.9838,6,0.605,0.9758,2081,0
SPY190508C292,2019-05-07,2019-05-07 09:32:19,0.61,0.9838,164,0.6,0.9677,75,0.61,0.9838,6,0.605,0.9758,2081,0
SPY190508C292,2019-05-07,2019-05-07 09:32:21,0.61,0.9838,84,0.6,0.9677,101,0.61,0.9838,6,0.605,0.9758,2081,0
SPY190508C292,2019-05-07,2019-05-07 09:32:22,0.61,0.9838,715,0.6,0.9677,95,0.61,0.9838,6,0.605,0.9758,2081,0
SPY190508C292,2019-05-07,2019-05-07 09:32:24,0.61,0.9838,813,0.6,0.9677,95,0.61,0.9838,6,0.605,0.9758,2081,0
SPY190508C292,2019-05-07,2019-05-07 09:32:26,0.61,0.9838,229,0.6,0.9677,101,0.61,0.9838,6,0.605,0.9758,2081,0
SPY190508C292,2019-05-07,2019-05-07 09:32:27,0.61,0.9838,669,0.6,0.9677,101,0.61,0.9838,6,0.605,0.9758,2081,0
SPY190508C292,2019-05-07,2019-05-07 09:32:28,0.61,0.9838,833,0.6,0.9677,95,0.61,0.9838,1,0.605,0.9758,2083,2
SPY190508C292,2019-05-07,2019-05-07 09:32:30,0.6,0.9677,400,0.59,0.9516,9,0.6,0.9677,4,0.595,0.9596,2190,107
SPY190508C292,2019-05-07,2019-05-07 09:32:31,0.6,0.9677,100,0.59,0.9516,50,0.6,0.9677,4,0.595,0.9596,2190,0
SPY190508C292,2019-05-07,2019-05-07 09:32:33,0.6,0.9677,90,0.59,0.9516,50,0.6,0.9677,4,0.595,0.9596,2190,0
SPY190508C292,2019-05-07,2019-05-07 09:32:34,0.61,0.9838,620,0.59,0.9516,100,0.6,0.9677,4,0.6,0.9677,2190,0
SPY190508C292,2019-05-07,2019-05-07 09:32:36,0.61,0.9838,620,0.59,0.9516,100,0.6,0.9677,4,0.6,0.9677,2190,0
SPY190508C292,2019-05-07,2019-05-07 09:32:38,0.61,0.9838,84,0.6,0.9677,3,0.6,0.9677,1,0.605,0.9758,2191,1
SPY190508C292,2019-05-07,2019-05-07 09:32:39,0.61,0.9838,159,0.59,0.9516,50,0.59,0.9516,6,0.6,0.9677,2200,9
SPY190508C292,2019-05-07,2019-05-07 09:32:40,0.6,0.9677,73,0.56,0.9032,910,0.59,0.9516,3,0.58,0.9354,2203,3
SPY190508C292,2019-05-07,2019-05-07 09:32:42,0.59,0.9516,147,0.56,0.9032,244,0.59,0.9516,3,0.575,0.9274,2203,0
SPY190508C292,2019-05-07,2019-05-07 09:32:43,0.59,0.9516,461,0.56,0.9032,678,0.59,0.9516,3,0.575,0.9274,2203,0
SPY190508C292,2019-05-07,2019-05-07 09:32:45,0.59,0.9516,50,0.56,0.9032,1533,0.58,0.9354,10,0.575,0.9274,2215,12
SPY190508C292,2019-05-07,2019-05-07 09:32:46,0.6,0.9677,100,0.56,0.9032,333,0.58,0.9354,10,0.58,0.9354,2215,0
SPY190508C292,2019-05-07,2019-05-07 09:32:48,0.6,0.9677,10,0.59,0.9516,80,0.6,0.9677,10,0.595,0.9596,2230,15
SPY190508C292,2019-05-07,2019-05-07 09:32:49,0.61,0.9838,66,0.6,0.9677,431,0.6,0.9677,10,0.605,0.9758,2230,0
SPY190508C292,2019-05-07,2019-05-07 09:32:50,0.64,1.0322,216,0.59,0.9516,900,0.61,0.9838,5,0.615,0.9919,2235,5
SPY190508C292,2019-05-07,2019-05-07 09:32:52,0.63,1.0161,95,0.61,0.9838,100,0.61,0.9838,5,0.62,1.0,2235,0
SPY190508C292,2019-05-07,2019-05-07 09:32:53,0.63,1.0161,166,0.59,0.9516,1174,0.62,1.0,1,0.61,0.9838,2236,1
SPY190508C292,2019-05-07,2019-05-07 09:32:55,0.62,1.0,668,0.6,0.9677,31,0.62,1.0,1,0.61,0.9838,2236,0
SPY190508C292,2019-05-07,2019-05-07 09:32:56,0.62,1.0,100,0.6,0.9677,100,0.62,1.0,1,0.61,0.9838,2236,0
SPY190508C292,2019-05-07,2019-05-07 09:32:58,0.63,1.0161,90,0.61,0.9838,100,0.62,1.0,1,0.62,1.0,2236,0
SPY190508C292,2019-05-07,2019-05-07 09:32:59,0.63,1.0161,75,0.62,1.0,1,0.62,1.0,3,0.625,1.008,2290,54
SPY190508C292,2019-05-07,2019-05-07 09:33:00,0.64,1.0322,130,0.62,1.0,100,0.64,1.0322,1,0.63,1.0161,2291,1
SPY190508C292,2019-05-07,2019-05-07 09:33:02,0.64,1.0322,140,0.62,1.0,100,0.64,1.0322,1,0.63,1.0161,2291,0
SPY190508C292,2019-05-07,2019-05-07 09:33:04,0.63,1.0161,7,0.61,0.9838,222,0.64,1.0322,1,0.62,1.0,2291,0
SPY190508C292,2019-05-07,2019-05-07 09:33:05,0.64,1.0322,401,0.61,0.9838,1453,0.64,1.0322,1,0.625,1.008,2291,0
SPY190508C292,2019-05-07,2019-05-07 09:33:07,0.63,1.0161,37,0.61,0.9838,100,0.63,1.0161,1,0.62,1.0,2292,1
SPY190508C292,2019-05-07,2019-05-07 09:33:08,0.63,1.0161,98,0.61,0.9838,100,0.63,1.0161,1,0.62,1.0,2292,0
SPY190508C292,2019-05-07,2019-05-07 09:33:10,0.63,1.0161,73,0.61,0.9838,170,0.63,1.0161,1,0.62,1.0,2292,0
SPY190508C292,2019-05-07,2019-05-07 09:33:11,0.63,1.0161,91,0.61,0.9838,100,0.63,1.0161,1,0.62,1.0,2292,0
SPY190508C292,2019-05-07,2019-05-07 09:33:13,0.64,1.0322,72,0.62,1.0,3,0.63,1.0161,1,0.63,1.0161,2292,0
SPY190508C292,2019-05-07,2019-05-07 09:33:14,0.63,1.0161,461,0.62,1.0,3,0.63,1.0161,1,0.625,1.008,2292,0
SPY190508C292,2019-05-07,2019-05-07 09:33:16,0.62,1.0,100,0.6,0.9677,100,0.62,1.0,3,0.61,0.9838,2295,3
SPY190508C292,2019-05-07,2019-05-07 09:33:17,0.62,1.0,95,0.6,0.9677,619,0.62,1.0,4,0.61,0.9838,2299,4
SPY190508C292,2019-05-07,2019-05-07 09:33:18,0.62,1.0,109,0.6,0.9677,100,0.62,1.0,4,0.61,0.9838,2299,0
SPY190508C292,2019-05-07,2019-05-07 09:33:20,0.63,1.0161,140,0.61,0.9838,20,0.62,1.0,4,0.62,1.0,2299,0
SPY190508C292,2019-05-07,2019-05-07 09:33:22,0.63,1.0161,140,0.61,0.9838,100,0.62,1.0,4,0.62,1.0,2299,0
SPY190508C292,2019-05-07,2019-05-07 09:33:23,0.63,1.0161,60,0.6,0.9677,182,0.62,1.0,4,0.615,0.9919,2299,0
SPY190508C292,2019-05-07,2019-05-07 09:33:25,0.63,1.0161,913,0.61,0.9838,50,0.62,1.0,4,0.62,1.0,2299,0
SPY190508C292,2019-05-07,2019-05-07 09:33:26,0.62,1.0,8,0.61,0.9838,12,0.62,1.0,4,0.615,0.9919,2299,0
SPY190508C292,2019-05-07,2019-05-07 09:33:28,0.64,1.0322,766,0.62,1.0,50,0.62,1.0,4,0.63,1.0161,2299,0
SPY190508C292,2019-05-07,2019-05-07 09:33:29,0.64,1.0322,766,0.62,1.0,50,0.62,1.0,1,0.63,1.0161,2300,1
SPY190508C292,2019-05-07,2019-05-07 09:33:31,0.64,1.0322,766,0.62,1.0,49,0.62,1.0,3,0.63,1.0161,2324,24
SPY190508C292,2019-05-07,2019-05-07 09:33:32,0.64,1.0322,864,0.62,1.0,24,0.62,1.0,3,0.63,1.0161,2324,0
SPY190508C292,2019-05-07,2019-05-07 09:33:34,0.63,1.0161,707,0.62,1.0,24,0.62,1.0,3,0.625,1.008,2324,0
SPY190508C292,2019-05-07,2019-05-07 09:33:35,0.63,1.0161,707,0.62,1.0,24,0.62,1.0,3,0.625,1.008,2324,0
SPY190508C292,2019-05-07,2019-05-07 09:33:37,0.63,1.0161,658,0.62,1.0,24,0.63,1.0161,24,0.625,1.008,2381,57
SPY190508C292,2019-05-07,2019-05-07 09:33:38,0.62,1.0,102,0.61,0.9838,26,0.62,1.0,22,0.615,0.9919,2410,29
SPY190508C292,2019-05-07,2019-05-07 09:33:39,0.64,1.0322,371,0.61,0.9838,160,0.61,0.9838,1,0.625,1.008,2411,1
SPY190508C292,2019-05-07,2019-05-07 09:33:41,0.63,1.0161,150,0.62,1.0,1,0.61,0.9838,1,0.625,1.008,2411,0
SPY190508C292,2019-05-07,2019-05-07 09:33:42,0.64,1.0322,766,0.62,1.0,51,0.64,1.0322,5,0.63,1.0161,2417,6
SPY190508C292,2019-05-07,2019-05-07 09:33:44,0.64,1.0322,70,0.62,1.0,7,0.64,1.0322,5,0.63,1.0161,2417,0
SPY190508C292,2019-05-07,2019-05-07 09:33:45,0.63,1.0161,99,0.62,1.0,49,0.63,1.0161,10,0.625,1.008,2427,10
SPY190508C292,2019-05-07,2019-05-07 09:33:47,0.63,1.0161,150,0.62,1.0,6,0.63,1.0161,10,0.625,1.008,2427,0
SPY190508C292,2019-05-07,2019-05-07 09:33:48,0.63,1.0161,150,0.62,1.0,6,0.63,1.0161,10,0.625,1.008,2427,0
SPY190508C292,2019-05-07,2019-05-07 09:33:50,0.63,1.0161,137,0.62,1.0,6,0.62,1.0,10,0.625,1.008,2437,10
SPY190508C292,2019-05-07,2019-05-07 09:33:51,0.63,1.0161,150,0.62,1.0,5,0.63,1.0161,3,0.625,1.008,2440,3
SPY190508C292,2019-05-07,2019-05-07 09:33:52,0.63,1.0161,180,0.62,1.0,5,0.62,1.0,3,0.625,1.008,2443,3
SPY190508C292,2019-05-07,2019-05-07 09:33:54,0.63,1.0161,1,0.62,1.0,100,0.62,1.0,3,0.625,1.008,2443,0
SPY190508C292,2019-05-07,2019-05-07 09:33:55,0.63,1.0161,1,0.62,1.0,11,0.62,1.0,1,0.625,1.008,2444,1
SPY190508C292,2019-05-07,2019-05-07 09:33:57,0.64,1.0322,40,0.63,1.0161,84,0.63,1.0161,8,0.635,1.0241,2453,9
SPY190508C292,2019-05-07,2019-05-07 09:33:58,0.64,1.0322,100,0.62,1.0,648,0.63,1.0161,8,0.63,1.0161,2453,0
SPY190508C292,2019-05-07,2019-05-07 09:34:00,0.63,1.0161,1,0.62,1.0,599,0.63,1.0161,8,0.625,1.008,2453,0
SPY190508C292,2019-05-07,2019-05-07 09:34:01,0.64,1.0322,69,0.63,1.0161,20,0.63,1.0161,1,0.635,1.0241,2465,12
SPY190508C292,2019-05-07,2019-05-07 09:34:03,0.64,1.0322,5,0.63,1.0161,100,0.63,1.0161,1,0.635,1.0241,2465,0
SPY190508C292,2019-05-07,2019-05-07 09:34:04,0.64,1.0322,6,0.63,1.0161,100,0.63,1.0161,1,0.635,1.0241,2465,0
SPY190508C292,2019-05-07,2019-05-07 09:34:06,0.65,1.0483,150,0.63,1.0161,93,0.64,1.0322,1,0.64,1.0322,2471,6
SPY190508C292,2019-05-07,2019-05-07 09:34:07,0.66,1.0645,150,0.64,1.0322,130,0.64,1.0322,1,0.65,1.0483,2471,0
SPY190508C292,2019-05-07,2019-05-07 09:34:09,0.66,1.0645,56,0.64,1.0322,100,0.64,1.0322,1,0.65,1.0483,2471,0
SPY190508C292,2019-05-07,2019-05-07 09:34:10,0.66,1.0645,98,0.64,1.0322,100,0.66,1.0645,8,0.65,1.0483,2483,12
SPY190508C292,2019-05-07,2019-05-07 09:34:12,0.66,1.0645,92,0.65,1.0483,50,0.66,1.0645,8,0.655,1.0564,2483,0
SPY190508C292,2019-05-07,2019-05-07 09:34:13,0.66,1.0645,140,0.65,1.0483,2,0.66,1.0645,8,0.655,1.0564,2483,0
SPY190508C292,2019-05-07,2019-05-07 09:34:14,0.66,1.0645,150,0.65,1.0483,2,0.66,1.0645,25,0.655,1.0564,2508,25
SPY190508C292,2019-05-07,2019-05-07 09:34:16,0.65,1.0483,1,0.64,1.0322,1,0.65,1.0483,7,0.645,1.0403,2522,14
SPY190508C292,2019-05-07,2019-05-07 09:34:17,0.63,1.0161,66,0.62,1.0,52,0.63,1.0161,15,0.625,1.008,2544,22
SPY190508C292,2019-05-07,2019-05-07 09:34:19,0.63,1.0161,412,0.62,1.0,50,0.63,1.0161,15,0.625,1.008,2544,0
SPY190508C292,2019-05-07,2019-05-07 09:34:20,0.63,1.0161,100,0.62,1.0,9,0.62,1.0,2,0.625,1.008,2546,2
SPY190508C292,2019-05-07,2019-05-07 09:34:22,0.63,1.0161,461,0.62,1.0,9,0.63,1.0161,50,0.625,1.008,2597,51
SPY190508C292,2019-05-07,2019-05-07 09:34:23,0.63,1.0161,510,0.62,1.0,5,0.63,1.0161,9,0.625,1.008,2606,9
SPY190508C292,2019-05-07,2019-05-07 09:34:24,0.63,1.0161,412,0.62,1.0,5,0.63,1.0161,9,0.625,1.008,2606,0
SPY190508C292,2019-05-07,2019-05-07 09:34:26,0.63,1.0161,809,0.62,1.0,5,0.63,1.0161,9,0.625,1.008,2606,0
SPY190508C292,2019-05-07,2019-05-07 09:34:27,0.63,1.0161,90,0.62,1.0,52,0.63,1.0161,2,0.625,1.008,2633,27
SPY190508C292,2019-05-07,2019-05-07 09:34:29,0.63,1.0161,100,0.62,1.0,52,0.63,1.0161,5,0.625,1.008,2640,7
SPY190508C292,2019-05-07,2019-05-07 09:34:30,0.63,1.0161,72,0.62,1.0,65,0.63,1.0161,5,0.625,1.008,2640,0
SPY190508C292,2019-05-07,2019-05-07 09:34:32,0.65,1.0483,90,0.63,1.0161,319,0.64,1.0322,1,0.64,1.0322,2683,43
SPY190508C292,2019-05-07,2019-05-07 09:34:33,0.66,1.0645,760,0.63,1.0161,1288,0.64,1.0322,1,0.645,1.0403,2683,0
SPY190508C292,2019-05-07,2019-05-07 09:34:34,0.65,1.0483,893,0.62,1.0,1026,0.64,1.0322,1,0.635,1.0241,2683,0
SPY190508C292,2019-05-07,2019-05-07 09:34:36,0.65,1.0483,90,0.63,1.0161,1026,0.65,1.0483,3,0.64,1.0322,2686,3
SPY190508C292,2019-05-07,2019-05-07 09:34:37,0.66,1.0645,429,0.64,1.0322,50,0.65,1.0483,3,0.65,1.0483,2686,0
SPY190508C292,2019-05-07,2019-05-07 09:34:39,0.67,1.0806,206,0.64,1.0322,6,0.65,1.0483,3,0.655,1.0564,2686,0
SPY190508C292,2019-05-07,2019-05-07 09:34:40,0.66,1.0645,140,0.64,1.0322,935,0.66,1.0645,6,0.65,1.0483,2692,6
SPY190508C292,2019-05-07,2019-05-07 09:34:42,0.66,1.0645,110,0.64,1.0322,935,0.64,1.0322,1,0.65,1.0483,2708,16
SPY190508C292,2019-05-07,2019-05-07 09:34:43,0.66,1.0645,50,0.64,1.0322,1026,0.64,1.0322,1,0.65,1.0483,2708,0
SPY190508C292,2019-05-07,2019-05-07 09:34:44,0.68,1.0967,795,0.66,1.0645,1,0.64,1.0322,1,0.67,1.0806,2708,0
SPY190508C292,2019-05-07,2019-05-07 09:34:46,0.67,1.0806,144,0.66,1.0645,1,0.64,1.0322,1,0.665,1.0725,2708,0
SPY190508C292,2019-05-07,2019-05-07 09:34:47,0.68,1.0967,135,0.66,1.0645,84,0.64,1.0322,1,0.67,1.0806,2708,0
SPY190508C292,2019-05-07,2019-05-07 09:34:49,0.68,1.0967,401,0.66,1.0645,134,0.64,1.0322,1,0.67,1.0806,2708,0
SPY190508C292,2019-05-07,2019-05-07 09:34:50,0.68,1.0967,401,0.66,1.0645,134,0.64,1.0322,1,0.67,1.0806,2708,0
SPY190508C292,2019-05-07,2019-05-07 09:34:52,0.67,1.0806,95,0.66,1.0645,78,0.64,1.0322,1,0.665,1.0725,2708,0
SPY190508C292,2019-05-07,2019-05-07 09:34:53,0.67,1.0806,43,0.66,1.0645,914,0.64,1.0322,1,0.665,1.0725,2708,0
SPY190508C292,2019-05-07,2019-05-07 09:34:55,0.68,1.0967,1,0.67,1.0806,52,0.68,1.0967,1,0.675,1.0887,2739,31
SPY190508C292,2019-05-07,2019-05-07 09:34:56,0.69,1.1129,119,0.68,1.0967,1,0.68,1.0967,15,0.685,1.1048,2754,15
SPY190508C292,2019-05-07,2019-05-07 09:34:58,0.68,1.0967,34,0.67,1.0806,201,0.69,1.1129,1,0.675,1.0887,2755,1
SPY190508C292,2019-05-07,2019-05-07 09:34:59,0.68,1.0967,28,0.67,1.0806,721,0.68,1.0967,4,0.675,1.0887,2781,26
SPY190508C292,2019-05-07,2019-05-07 09:35:01,0.69,1.1129,24,0.67,1.0806,303,0.68,1.0967,4,0.68,1.0967,2781,0
SPY190508C292,2019-05-07,2019-05-07 09:35:02,0.68,1.0967,18,0.67,1.0806,721,0.68,1.0967,4,0.675,1.0887,2781,0
SPY190508C292,2019-05-07,2019-05-07 09:35:04,0.68,1.0967,34,0.67,1.0806,519,0.68,1.0967,4,0.675,1.0887,2781,0
SPY190508C292,2019-05-07,2019-05-07 09:35:05,0.69,1.1129,79,0.67,1.0806,1266,0.68,1.0967,4,0.68,1.0967,2781,0
SPY190508C292,2019-05-07,2019-05-07 09:35:07,0.69,1.1129,122,0.67,1.0806,923,0.68,1.0967,4,0.68,1.0967,2781,0
SPY190508C292,2019-05-07,2019-05-07 09:35:08,0.69,1.1129,71,0.68,1.0967,50,0.68,1.0967,4,0.685,1.1048,2781,0
SPY190508C292,2019-05-07,2019-05-07 09:35:09,0.69,1.1129,15,0.68,1.0967,175,0.7,1.129,2,0.685,1.1048,2889,108
SPY190508C292,2019-05-07,2019-05-07 09:35:11,0.7,1.129,176,0.68,1.0967,119,0.7,1.129,2,0.69,1.1129,2889,0
SPY190508C292,2019-05-07,2019-05-07 09:35:12,0.69,1.1129,30,0.68,1.0967,143,0.7,1.129,2,0.685,1.1048,2889,0
SPY190508C292,2019-05-07,2019-05-07 09:35:14,0.7,1.129,77,0.68,1.0967,632,0.7,1.129,1,0.69,1.1129,2890,1
SPY190508C292,2019-05-07,2019-05-07 09:35:15,0.7,1.129,50,0.69,1.1129,93,0.7,1.129,1,0.695,1.1209,2890,0
SPY190508C292,2019-05-07,2019-05-07 09:35:17,0.7,1.129,1,0.69,1.1129,583,0.7,1.129,1,0.695,1.1209,2890,0
SPY190508C292,2019-05-07,2019-05-07 09:35:18,0.7,1.129,87,0.69,1.1129,82,0.69,1.1129,8,0.695,1.1209,2900,10
SPY190508C292,2019-05-07,2019-05-07 09:35:20,0.7,1.129,51,0.69,1.1129,67,0.7,1.129,10,0.695,1.1209,2910,10
SPY190508C292,2019-05-07,2019-05-07 09:35:22,0.7,1.129,1,0.69,1.1129,48,0.7,1.129,10,0.695,1.1209,2910,0
SPY190508C292,2019-05-07,2019-05-07 09:35:23,0.71,1.1451,75,0.7,1.129,67,0.7,1.129,1,0.705,1.137,2912,2
SPY190508C292,2019-05-07,2019-05-07 09:35:25,0.72,1.1612,150,0.7,1.129,64,0.71,1.1451,75,0.71,1.1451,2987,75
SPY190508C292,2019-05-07,2019-05-07 09:35:26,0.71,1.1451,109,0.7,1.129,45,0.71,1.1451,5,0.705,1.137,2992,5
SPY190508C292,2019-05-07,2019-05-07 09:35:27,0.71,1.1451,63,0.7,1.129,57,0.71,1.1451,5,0.705,1.137,2992,0
SPY190508C292,2019-05-07,2019-05-07 09:35:29,0.71,1.1451,9,0.7,1.129,7,0.71,1.1451,10,0.705,1.137,3002,10
SPY190508C292,2019-05-07,2019-05-07 09:35:30,0.71,1.1451,115,0.7,1.129,57,0.7,1.129,3,0.705,1.137,3005,3
SPY190508C292,2019-05-07,2019-05-07 09:35:32,0.71,1.1451,212,0.7,1.129,6,0.7,1.129,1,0.705,1.137,3010,5
SPY190508C292,2019-05-07,2019-05-07 09:35:33,0.7,1.129,62,0.69,1.1129,83,0.71,1.1451,5,0.695,1.1209,3016,6
SPY190508C292,2019-05-07,2019-05-07 09:35:35,0.7,1.129,6,0.69,1.1129,71,0.71,1.1451,5,0.695,1.1209,3016,0
SPY190508C292,2019-05-07,2019-05-07 09:35:36,0.7,1.129,3,0.69,1.1129,88,0.7,1.129,3,0.695,1.1209,3019,3
SPY190508C292,2019-05-07,2019-05-07 09:35:38,0.71,1.1451,153,0.69,1.1129,116,0.71,1.1451,1,0.7,1.129,3020,1
SPY190508C292,2019-05-07,2019-05-07 09:35:39,0.71,1.1451,153,0.69,1.1129,116,0.71,1.1451,1,0.7,1.129,3020,0
SPY190508C292,2019-05-07,2019-05-07 09:35:41,0.71,1.1451,131,0.7,1.129,1,0.71,1.1451,1,0.705,1.137,3042,22
SPY190508C292,2019-05-07,2019-05-07 09:35:42,0.71,1.1451,212,0.7,1.129,1,0.7,1.129,10,0.705,1.137,3073,31
SPY190508C292,2019-05-07,2019-05-07 09:35:44,0.71,1.1451,681,0.7,1.129,1,0.7,1.129,4,0.705,1.137,3077,4
SPY190508C292,2019-05-07,2019-05-07 09:35:45,0.71,1.1451,149,0.7,1.129,2,0.7,1.129,4,0.705,1.137,3077,0
SPY190508C292,2019-05-07,2019-05-07 09:35:48,0.7,1.129,3,0.69,1.1129,49,0.7,1.129,3,0.695,1.1209,3086,9
SPY190508C292,2019-05-07,2019-05-07 09:35:50,0.7,1.129,45,0.69,1.1129,71,0.7,1.129,5,0.695,1.1209,3091,5
SPY190508C292,2019-05-07,2019-05-07 09:35:51,0.7,1.129,35,0.69,1.1129,14,0.7,1.129,5,0.695,1.1209,3091,0
SPY190508C292,2019-05-07,2019-05-07 09:35:53,0.7,1.129,63,0.69,1.1129,34,0.7,1.129,5,0.695,1.1209,3091,0
SPY190508C292,2019-05-07,2019-05-07 09:35:54,0.7,1.129,50,0.69,1.1129,34,0.7,1.129,5,0.695,1.1209,3091,0
SPY190508C292,2019-05-07,2019-05-07 09:35:56,0.7,1.129,42,0.69,1.1129,61,0.7,1.129,1,0.695,1.1209,3104,13
SPY190508C292,2019-05-07,2019-05-07 09:35:57,0.71,1.1451,157,0.69,1.1129,32,0.7,1.129,12,0.7,1.129,3124,20
SPY190508C292,2019-05-07,2019-05-07 09:35:59,0.73,1.1774,85,0.71,1.1451,25,0.7,1.129,12,0.72,1.1612,3124,0
SPY190508C292,2019-05-07,2019-05-07 09:36:00,0.72,1.1612,212,0.71,1.1451,1,0.71,1.1451,50,0.715,1.1532,3174,50
SPY190508C292,2019-05-07,2019-05-07 09:36:02,0.72,1.1612,681,0.71,1.1451,1,0.72,1.1612,10,0.715,1.1532,3204,30
SPY190508C292,2019-05-07,2019-05-07 09:36:04,0.72,1.1612,212,0.71,1.1451,1,0.72,1.1612,10,0.715,1.1532,3204,0
SPY190508C292,2019-05-07,2019-05-07 09:36:05,0.72,1.1612,391,0.71,1.1451,33,0.72,1.1612,3,0.715,1.1532,3207,3
SPY190508C292,2019-05-07,2019-05-07 09:36:07,0.72,1.1612,440,0.71,1.1451,1,0.72,1.1612,1,0.715,1.1532,3209,2
SPY190508C292,2019-05-07,2019-05-07 09:36:08,0.72,1.1612,440,0.71,1.1451,25,0.72,1.1612,2,0.715,1.1532,3215,6
SPY190508C292,2019-05-07,2019-05-07 09:36:10,0.71,1.1451,140,0.7,1.129,100,0.71,1.1451,1,0.705,1.137,3216,1
SPY190508C292,2019-05-07,2019-05-07 09:36:11,0.71,1.1451,285,0.7,1.129,100,0.71,1.1451,5,0.705,1.137,3224,8
SPY190508C292,2019-05-07,2019-05-07 09:36:12,0.71,1.1451,730,0.7,1.129,98,0.71,1.1451,2,0.705,1.137,3228,4
SPY190508C292,2019-05-07,2019-05-07 09:36:14,0.71,1.1451,681,0.7,1.129,98,0.71,1.1451,1,0.705,1.137,3229,1
SPY190508C292,2019-05-07,2019-05-07 09:36:16,0.71,1.1451,304,0.7,1.129,98,0.71,1.1451,1,0.705,1.137,3229,0
SPY190508C292,2019-05-07,2019-05-07 09:36:17,0.71,1.1451,193,0.7,1.129,98,0.71,1.1451,1,0.705,1.137,3229,0
SPY190508C292,2019-05-07,2019-05-07 09:36:19,0.71,1.1451,624,0.7,1.129,98,0.71,1.1451,1,0.705,1.137,3230,1
SPY190508C292,2019-05-07,2019-05-07 09:36:20,0.71,1.1451,231,0.7,1.129,130,0.71,1.1451,1,0.705,1.137,3230,0
SPY190508C292,2019-05-07,2019-05-07 09:36:22,0.71,1.1451,843,0.7,1.129,96,0.71,1.1451,10,0.705,1.137,3262,32
SPY190508C292,2019-05-07,2019-05-07 09:36:23,0.71,1.1451,876,0.7,1.129,96,0.71,1.1451,10,0.705,1.137,3262,0
SPY190508C292,2019-05-07,2019-05-07 09:36:25,0.71,1.1451,876,0.7,1.129,96,0.7,1.129,10,0.705,1.137,3272,10
SPY190508C292,2019-05-07,2019-05-07 09:36:26,0.71,1.1451,779,0.7,1.129,96,0.7,1.129,1,0.705,1.137,3273,1
SPY190508C292,2019-05-07,2019-05-07 09:36:28,0.71,1.1451,779,0.7,1.129,92,0.7,1.129,3,0.705,1.137,3284,11
SPY190508C292,2019-05-07,2019-05-07 09:36:30,0.71,1.1451,545,0.7,1.129,92,0.7,1.129,3,0.705,1.137,3284,0
SPY190508C292,2019-05-07,2019-05-07 09:36:31,0.7,1.129,100,0.69,1.1129,14,0.7,1.129,86,0.695,1.1209,3430,146
SPY190508C292,2019-05-07,2019-05-07 09:36:33,0.7,1.129,185,0.69,1.1129,14,0.7,1.129,86,0.695,1.1209,3430,0
SPY190508C292,2019-05-07,2019-05-07 09:36:34,0.7,1.129,123,0.69,1.1129,14,0.7,1.129,86,0.695,1.1209,3430,0
SPY190508C292,2019-05-07,2019-05-07 09:36:36,0.7,1.129,583,0.69,1.1129,48,0.7,1.129,86,0.695,1.1209,3430,0
SPY190508C292,2019-05-07,2019-05-07 09:36:38,0.7,1.129,632,0.69,1.1129,14,0.7,1.129,86,0.695,1.1209,3430,0
SPY190508C292,2019-05-07,2019-05-07 09:36:40,0.69,1.1129,141,0.68,1.0967,65,0.69,1.1129,14,0.685,1.1048,3460,30
SPY190508C292,2019-05-07,2019-05-07 09:36:41,0.69,1.1129,126,0.68,1.0967,32,0.69,1.1129,14,0.685,1.1048,3460,0
SPY190508C292,2019-05-07,2019-05-07 09:36:42,0.69,1.1129,193,0.68,1.0967,3,0.69,1.1129,13,0.685,1.1048,3473,13
SPY190508C292,2019-05-07,2019-05-07 09:36:44,0.68,1.0967,199,0.67,1.0806,25,0.68,1.0967,3,0.675,1.0887,3476,3
SPY190508C292,2019-05-07,2019-05-07 09:36:45,0.68,1.0967,423,0.67,1.0806,78,0.67,1.0806,4,0.675,1.0887,3480,4
SPY190508C292,2019-05-07,2019-05-07 09:36:47,0.68,1.0967,423,0.67,1.0806,78,0.67,1.0806,4,0.675,1.0887,3480,0
SPY190508C292,2019-05-07,2019-05-07 09:36:48,0.68,1.0967,620,0.67,1.0806,14,0.67,1.0806,4,0.675,1.0887,3480,0
SPY190508C292,2019-05-07,2019-05-07 09:36:49,0.67,1.0806,73,0.66,1.0645,656,0.67,1.0806,3,0.665,1.0725,3508,28
SPY190508C292,2019-05-07,2019-05-07 09:36:51,0.67,1.0806,1,0.66,1.0645,656,0.67,1.0806,25,0.665,1.0725,3616,108
SPY190508C292,2019-05-07,2019-05-07 09:36:52,0.67,1.0806,101,0.66,1.0645,656,0.67,1.0806,25,0.665,1.0725,3616,0
SPY190508C292,2019-05-07,2019-05-07 09:36:54,0.68,1.0967,100,0.67,1.0806,652,0.67,1.0806,1,0.675,1.0887,3617,1
SPY190508C292,2019-05-07,2019-05-07 09:36:55,0.68,1.0967,100,0.67,1.0806,211,0.67,1.0806,100,0.675,1.0887,3817,200
SPY190508C292,2019-05-07,2019-05-07 09:36:57,0.69,1.1129,100,0.67,1.0806,80,0.67,1.0806,33,0.68,1.0967,3950,133
SPY190508C292,2019-05-07,2019-05-07 09:36:58,0.69,1.1129,100,0.67,1.0806,431,0.67,1.0806,33,0.68,1.0967,3950,0
SPY190508C292,2019-05-07,2019-05-07 09:37:00,0.69,1.1129,100,0.68,1.0967,621,0.67,1.0806,33,0.685,1.1048,3950,0
SPY190508C292,2019-05-07,2019-05-07 09:37:01,0.69,1.1129,110,0.68,1.0967,621,0.67,1.0806,33,0.685,1.1048,3950,0
SPY190508C292,2019-05-07,2019-05-07 09:37:02,0.69,1.1129,110,0.68,1.0967,621,0.68,1.0967,20,0.685,1.1048,4050,100
SPY190508C292,2019-05-07,2019-05-07 09:37:04,0.69,1.1129,110,0.68,1.0967,621,0.68,1.0967,5,0.685,1.1048,4155,105
SPY190508C292,2019-05-07,2019-05-07 09:37:05,0.7,1.129,778,0.68,1.0967,621,0.69,1.1129,6,0.69,1.1129,4427,272
SPY190508C292,2019-05-07,2019-05-07 09:37:07,0.69,1.1129,27,0.68,1.0967,44,0.69,1.1129,1,0.685,1.1048,4428,1
SPY190508C292,2019-05-07,2019-05-07 09:37:08,0.69,1.1129,60,0.68,1.0967,68,0.69,1.1129,1,0.685,1.1048,4428,0
SPY190508C292,2019-05-07,2019-05-07 09:37:10,0.69,1.1129,1,0.68,1.0967,99,0.68,1.0967,1,0.685,1.1048,4429,1
SPY190508C292,2019-05-07,2019-05-07 09:37:11,0.68,1.0967,1,0.67,1.0806,561,0.68,1.0967,1,0.675,1.0887,4471,42
SPY190508C292,2019-05-07,2019-05-07 09:37:13,0.69,1.1129,100,0.67,1.0806,526,0.67,1.0806,2,0.68,1.0967,4473,2
SPY190508C292,2019-05-07,2019-05-07 09:37:14,0.69,1.1129,423,0.67,1.0806,655,0.67,1.0806,2,0.68,1.0967,4473,0
SPY190508C292,2019-05-07,2019-05-07 09:37:16,0.68,1.0967,35,0.67,1.0806,100,0.67,1.0806,10,0.675,1.0887,4487,14
SPY190508C292,2019-05-07,2019-05-07 09:37:17,0.68,1.0967,27,0.67,1.0806,660,0.67,1.0806,1,0.675,1.0887,4488,1
SPY190508C292,2019-05-07,2019-05-07 09:37:18,0.68,1.0967,44,0.67,1.0806,659,0.67,1.0806,1,0.675,1.0887,4494,6
SPY190508C292,2019-05-07,2019-05-07 09:37:20,0.69,1.1129,421,0.67,1.0806,653,0.67,1.0806,1,0.68,1.0967,4494,0
SPY190508C292,2019-05-07,2019-05-07 09:37:21,0.69,1.1129,180,0.67,1.0806,100,0.67,1.0806,1,0.68,1.0967,4494,0
SPY190508C292,2019-05-07,2019-05-07 09:37:23,0.69,1.1129,732,0.67,1.0806,100,0.68,1.0967,1,0.68,1.0967,4500,6
SPY190508C292,2019-05-07,2019-05-07 09:37:25,0.68,1.0967,50,0.67,1.0806,100,0.67,1.0806,1,0.675,1.0887,4501,1
SPY190508C292,2019-05-07,2019-05-07 09:37:26,0.68,1.0967,632,0.67,1.0806,50,0.67,1.0806,1,0.675,1.0887,4501,0
SPY190508C292,2019-05-07,2019-05-07 09:37:28,0.68,1.0967,773,0.67,1.0806,50,0.67,1.0806,1,0.675,1.0887,4501,0
SPY190508C292,2019-05-07,2019-05-07 09:37:29,0.68,1.0967,722,0.67,1.0806,1,0.67,1.0806,1,0.675,1.0887,4501,0
SPY190508C292,2019-05-07,2019-05-07 09:37:30,0.68,1.0967,734,0.67,1.0806,1,0.67,1.0806,1,0.675,1.0887,4501,0
SPY190508C292,2019-05-07,2019-05-07 09:37:32,0.67,1.0806,40,0.66,1.0645,96,0.67,1.0806,1,0.665,1.0725,4503,2
SPY190508C292,2019-05-07,2019-05-07 09:37:33,0.67,1.0806,90,0.66,1.0645,66,0.67,1.0806,3,0.665,1.0725,4506,3
SPY190508C292,2019-05-07,2019-05-07 09:37:35,0.68,1.0967,423,0.67,1.0806,50,0.67,1.0806,3,0.675,1.0887,4506,0
SPY190508C292,2019-05-07,2019-05-07 09:37:36,0.68,1.0967,704,0.67,1.0806,5,0.67,1.0806,3,0.675,1.0887,4506,0
SPY190508C292,2019-05-07,2019-05-07 09:37:38,0.68,1.0967,842,0.67,1.0806,5,0.67,1.0806,3,0.675,1.0887,4506,0
SPY190508C292,2019-05-07,2019-05-07 09:37:39,0.68,1.0967,100,0.67,1.0806,5,0.67,1.0806,3,0.675,1.0887,4506,0
SPY190508C292,2019-05-07,2019-05-07 09:37:41,0.68,1.0967,512,0.67,1.0806,5,0.67,1.0806,3,0.675,1.0887,4506,0
SPY190508C292,2019-05-07,2019-05-07 09:37:42,0.68,1.0967,538,0.67,1.0806,4,0.67,1.0806,2,0.675,1.0887,4510,4
SPY190508C292,2019-05-07,2019-05-07 09:37:44,0.68,1.0967,538,0.67,1.0806,4,0.67,1.0806,3,0.675,1.0887,4528,18
SPY190508C292,2019-05-07,2019-05-07 09:37:45,0.68,1.0967,26,0.65,1.0483,1907,0.68,1.0967,100,0.665,1.0725,5028,500
SPY190508C292,2019-05-07,2019-05-07 09:37:46,0.68,1.0967,171,0.67,1.0806,50,0.68,1.0967,100,0.675,1.0887,5028,0
SPY190508C292,2019-05-07,2019-05-07 09:37:48,0.68,1.0967,131,0.67,1.0806,50,0.68,1.0967,100,0.675,1.0887,5028,0
SPY190508C292,2019-05-07,2019-05-07 09:37:49,0.68,1.0967,21,0.67,1.0806,1,0.68,1.0967,100,0.675,1.0887,5028,0
SPY190508C292,2019-05-07,2019-05-07 09:37:51,0.7,1.129,147,0.67,1.0806,920,0.68,1.0967,100,0.685,1.1048,5028,0
SPY190508C292,2019-05-07,2019-05-07 09:37:52,0.69,1.1129,168,0.68,1.0967,5,0.68,1.0967,100,0.685,1.1048,5028,0
SPY190508C292,2019-05-07,2019-05-07 09:37:54,0.69,1.1129,428,0.68,1.0967,88,0.68,1.0967,1,0.685,1.1048,5029,1
SPY190508C292,2019-05-07,2019-05-07 09:37:55,0.69,1.1129,632,0.68,1.0967,75,0.68,1.0967,1,0.685,1.1048,5029,0
SPY190508C292,2019-05-07,2019-05-07 09:37:57,0.7,1.129,391,0.68,1.0967,90,0.68,1.0967,1,0.69,1.1129,5029,0
SPY190508C292,2019-05-07,2019-05-07 09:37:58,0.7,1.129,717,0.68,1.0967,98,0.68,1.0967,1,0.69,1.1129,5029,0
SPY190508C292,2019-05-07,2019-05-07 09:38:00,0.7,1.129,100,0.69,1.1129,58,0.68,1.0967,1,0.695,1.1209,5029,0
SPY190508C292,2019-05-07,2019-05-07 09:38:01,0.7,1.129,111,0.69,1.1129,58,0.68,1.0967,1,0.695,1.1209,5029,0
SPY190508C292,2019-05-07,2019-05-07 09:38:02,0.7,1.129,111,0.69,1.1129,313,0.68,1.0967,1,0.695,1.1209,5029,0
SPY190508C292,2019-05-07,2019-05-07 09:38:04,0.7,1.129,111,0.69,1.1129,66,0.68,1.0967,1,0.695,1.1209,5029,0
SPY190508C292,2019-05-07,2019-05-07 09:38:05,0.7,1.129,43,0.69,1.1129,527,0.68,1.0967,1,0.695,1.1209,5029,0
SPY190508C292,2019-05-07,2019-05-07 09:38:07,0.71,1.1451,645,0.69,1.1129,725,0.68,1.0967,1,0.7,1.129,5029,0
SPY190508C292,2019-05-07,2019-05-07 09:38:08,0.7,1.129,137,0.68,1.0967,801,0.68,1.0967,1,0.69,1.1129,5029,0
SPY190508C292,2019-05-07,2019-05-07 09:38:09,0.7,1.129,50,0.69,1.1129,554,0.68,1.0967,1,0.695,1.1209,5029,0
SPY190508C292,2019-05-07,2019-05-07 09:38:11,0.7,1.129,69,0.69,1.1129,346,0.68,1.0967,1,0.695,1.1209,5029,0
SPY190508C292,2019-05-07,2019-05-07 09:38:12,0.71,1.1451,645,0.69,1.1129,79,0.68,1.0967,1,0.7,1.129,5029,0
SPY190508C292,2019-05-07,2019-05-07 09:38:14,0.71,1.1451,743,0.69,1.1129,429,0.68,1.0967,1,0.7,1.129,5029,0
SPY190508C292,2019-05-07,2019-05-07 09:38:15,0.71,1.1451,645,0.69,1.1129,236,0.68,1.0967,1,0.7,1.129,5029,0
SPY190508C292,2019-05-07,2019-05-07 09:38:17,0.72,1.1612,95,0.71,1.1451,78,0.68,1.0967,1,0.715,1.1532,5029,0
SPY190508C292,2019-05-07,2019-05-07 09:38:18,0.72,1.1612,95,0.71,1.1451,78,0.68,1.0967,1,0.715,1.1532,5029,0
SPY190508C292,2019-05-07,2019-05-07 09:38:20,0.72,1.1612,65,0.71,1.1451,63,0.68,1.0967,1,0.715,1.1532,5029,0
SPY190508C292,2019-05-07,2019-05-07 09:38:21,0.73,1.1774,235,0.71,1.1451,34,0.71,1.1451,4,0.72,1.1612,5034,5
SPY190508C292,2019-05-07,2019-05-07 09:38:23,0.71,1.1451,100,0.7,1.129,49,0.71,1.1451,4,0.705,1.137,5034,0
SPY190508C292,2019-05-07,2019-05-07 09:38:24,0.72,1.1612,42,0.71,1.1451,17,0.71,1.1451,4,0.715,1.1532,5034,0
SPY190508C292,2019-05-07,2019-05-07 09:38:26,0.73,1.1774,247,0.71,1.1451,37,0.71,1.1451,4,0.72,1.1612,5034,0
SPY190508C292,2019-05-07,2019-05-07 09:38:27,0.73,1.1774,743,0.71,1.1451,87,0.71,1.1451,4,0.72,1.1612,5034,0
SPY190508C292,2019-05-07,2019-05-07 09:38:29,0.73,1.1774,645,0.71,1.1451,87,0.71,1.1451,4,0.72,1.1612,5034,0
SPY190508C292,2019-05-07,2019-05-07 09:38:30,0.73,1.1774,214,0.7,1.129,746,0.71,1.1451,4,0.715,1.1532,5034,0
SPY190508C292,2019-05-07,2019-05-07 09:38:32,0.73,1.1774,80,0.72,1.1612,38,0.71,1.1451,4,0.725,1.1693,5034,0
SPY190508C292,2019-05-07,2019-05-07 09:38:33,0.73,1.1774,1,0.72,1.1612,157,0.72,1.1612,2,0.725,1.1693,5036,2
SPY190508C292,2019-05-07,2019-05-07 09:38:35,0.73,1.1774,1,0.72,1.1612,157,0.72,1.1612,2,0.725,1.1693,5036,0
SPY190508C292,2019-05-07,2019-05-07 09:38:36,0.73,1.1774,1,0.72,1.1612,633,0.72,1.1612,4,0.725,1.1693,5040,4
SPY190508C292,2019-05-07,2019-05-07 09:38:38,0.75,1.2096,130,0.73,1.1774,124,0.73,1.1774,1,0.74,1.1935,5041,1
SPY190508C292,2019-05-07,2019-05-07 09:38:39,0.75,1.2096,56,0.73,1.1774,100,0.73,1.1774,1,0.74,1.1935,5041,0
SPY190508C292,2019-05-07,2019-05-07 09:38:41,0.75,1.2096,2,0.74,1.1935,87,0.73,1.1774,1,0.745,1.2016,5041,0
SPY190508C292,2019-05-07,2019-05-07 09:38:42,0.76,1.2258,391,0.75,1.2096,56,0.75,1.2096,2,0.755,1.2177,5043,2
SPY190508C292,2019-05-07,2019-05-07 09:38:44,0.76,1.2258,50,0.75,1.2096,94,0.75,1.2096,2,0.755,1.2177,5043,0
SPY190508C292,2019-05-07,2019-05-07 09:38:45,0.77,1.2419,90,0.76,1.2258,64,0.77,1.2419,4,0.765,1.2338,5098,55
SPY190508C292,2019-05-07,2019-05-07 09:38:46,0.77,1.2419,66,0.76,1.2258,21,0.77,1.2419,4,0.765,1.2338,5098,0
SPY190508C292,2019-05-07,2019-05-07 09:38:48,0.77,1.2419,489,0.76,1.2258,27,0.77,1.2419,4,0.765,1.2338,5098,0
SPY190508C292,2019-05-07,2019-05-07 09:38:49,0.76,1.2258,1,0.75,1.2096,2,0.76,1.2258,5,0.755,1.2177,5103,5
SPY190508C292,2019-05-07,2019-05-07 09:38:51,0.77,1.2419,470,0.75,1.2096,78,0.76,1.2258,5,0.76,1.2258,5103,0
SPY190508C292,2019-05-07,2019-05-07 09:38:52,0.77,1.2419,710,0.75,1.2096,78,0.76,1.2258,5,0.76,1.2258,5103,0
SPY190508C292,2019-05-07,2019-05-07 09:38:53,0.77,1.2419,638,0.75,1.2096,67,0.76,1.2258,5,0.76,1.2258,5103,0
SPY190508C292,2019-05-07,2019-05-07 09:38:55,0.76,1.2258,90,0.75,1.2096,64,0.76,1.2258,5,0.755,1.2177,5103,0
SPY190508C292,2019-05-07,2019-05-07 09:38:57,0.76,1.2258,587,0.75,1.2096,2,0.76,1.2258,5,0.755,1.2177,5103,0
SPY190508C292,2019-05-07,2019-05-07 09:38:58,0.75,1.2096,255,0.73,1.1774,59,0.74,1.1935,5,0.74,1.1935,5125,22
SPY190508C292,2019-05-07,2019-05-07 09:38:59,0.74,1.1935,440,0.73,1.1774,11,0.73,1.1774,1,0.735,1.1854,5126,1
SPY190508C292,2019-05-07,2019-05-07 09:39:01,0.74,1.1935,90,0.73,1.1774,28,0.73,1.1774,1,0.735,1.1854,5126,0
SPY190508C292,2019-05-07,2019-05-07 09:39:02,0.75,1.2096,50,0.74,1.1935,66,0.74,1.1935,20,0.745,1.2016,5147,21
SPY190508C292,2019-05-07,2019-05-07 09:39:04,0.75,1.2096,100,0.74,1.1935,66,0.74,1.1935,20,0.745,1.2016,5147,0
SPY190508C292,2019-05-07,2019-05-07 09:39:05,0.76,1.2258,620,0.74,1.1935,64,0.74,1.1935,20,0.75,1.2096,5147,0
SPY190508C292,2019-05-07,2019-05-07 09:39:06,0.76,1.2258,181,0.74,1.1935,100,0.74,1.1935,20,0.75,1.2096,5147,0
SPY190508C292,2019-05-07,2019-05-07 09:39:08,0.76,1.2258,50,0.74,1.1935,923,0.76,1.2258,3,0.75,1.2096,5150,3
SPY190508C292,2019-05-07,2019-05-07 09:39:09,0.77,1.2419,572,0.74,1.1935,1423,0.77,1.2419,2,0.755,1.2177,5152,2
SPY190508C292,2019-05-07,2019-05-07 09:39:11,0.77,1.2419,212,0.76,1.2258,1,0.76,1.2258,1,0.765,1.2338,5153,1
SPY190508C292,2019-05-07,2019-05-07 09:39:12,0.77,1.2419,468,0.75,1.2096,137,0.76,1.2258,1,0.76,1.2258,5153,0
SPY190508C292,2019-05-07,2019-05-07 09:39:14,0.77,1.2419,146,0.75,1.2096,100,0.76,1.2258,1,0.76,1.2258,5153,0
SPY190508C292,2019-05-07,2019-05-07 09:39:15,0.78,1.258,646,0.76,1.2258,75,0.75,1.2096,2,0.77,1.2419,5155,2
SPY190508C292,2019-05-07,2019-05-07 09:39:16,0.78,1.258,719,0.75,1.2096,158,0.75,1.2096,2,0.765,1.2338,5155,0
SPY190508C292,2019-05-07,2019-05-07 09:39:18,0.77,1.2419,113,0.76,1.2258,50,0.77,1.2419,1,0.765,1.2338,5171,16
SPY190508C292,2019-05-07,2019-05-07 09:39:20,0.77,1.2419,955,0.75,1.2096,69,0.76,1.2258,1,0.76,1.2258,5182,11
SPY190508C292,2019-05-07,2019-05-07 09:39:21,0.77,1.2419,744,0.76,1.2258,1,0.77,1.2419,1,0.765,1.2338,5183,1
SPY190508C292,2019-05-07,2019-05-07 09:39:22,0.77,1.2419,745,0.75,1.2096,100,0.77,1.2419,1,0.76,1.2258,5183,0
SPY190508C292,2019-05-07,2019-05-07 09:39:24,0.77,1.2419,119,0.76,1.2258,62,0.77,1.2419,1,0.765,1.2338,5183,0
SPY190508C292,2019-05-07,2019-05-07 09:39:25,0.78,1.258,699,0.76,1.2258,74,0.77,1.2419,1,0.77,1.2419,5183,0
SPY190508C292,2019-05-07,2019-05-07 09:39:27,0.78,1.258,50,0.77,1.2419,71,0.77,1.2419,1,0.775,1.25,5183,0
SPY190508C292,2019-05-07,2019-05-07 09:39:28,0.78,1.258,1,0.77,1.2419,410,0.77,1.2419,1,0.775,1.25,5183,0
SPY190508C292,2019-05-07,2019-05-07 09:39:30,0.78,1.258,1,0.78,1.258,2,0.78,1.258,1,0.78,1.258,5184,1
SPY190508C292,2019-05-07,2019-05-07 09:39:31,0.78,1.258,90,0.76,1.2258,418,0.78,1.258,2,0.77,1.2419,5186,2
SPY190508C292,2019-05-07,2019-05-07 09:39:33,0.78,1.258,749,0.76,1.2258,93,0.76,1.2258,2,0.77,1.2419,5191,5
SPY190508C292,2019-05-07,2019-05-07 09:39:34,0.79,1.2741,589,0.77,1.2419,70,0.76,1.2258,2,0.78,1.258,5191,0
SPY190508C292,2019-05-07,2019-05-07 09:39:36,0.79,1.2741,521,0.77,1.2419,70,0.76,1.2258,2,0.78,1.258,5191,0
SPY190508C292,2019-05-07,2019-05-07 09:39:37,0.78,1.258,264,0.76,1.2258,100,0.77,1.2419,3,0.77,1.2419,5194,3
SPY190508C292,2019-05-07,2019-05-07 09:39:39,0.77,1.2419,50,0.76,1.2258,65,0.77,1.2419,28,0.765,1.2338,5237,43
SPY190508C292,2019-05-07,2019-05-07 09:39:40,0.78,1.258,457,0.77,1.2419,73,0.77,1.2419,28,0.775,1.25,5237,0
SPY190508C292,2019-05-07,2019-05-07 09:39:42,0.78,1.258,758,0.76,1.2258,50,0.76,1.2258,10,0.77,1.2419,5397,160
SPY190508C292,2019-05-07,2019-05-07 09:39:43,0.78,1.258,58,0.75,1.2096,845,0.76,1.2258,10,0.765,1.2338,5397,0
SPY190508C292,2019-05-07,2019-05-07 09:39:45,0.78,1.258,50,0.75,1.2096,720,0.78,1.258,1,0.765,1.2338,5398,1
SPY190508C292,2019-05-07,2019-05-07 09:39:46,0.79,1.2741,821,0.76,1.2258,100,0.78,1.258,1,0.775,1.25,5398,0
SPY190508C292,2019-05-07,2019-05-07 09:39:48,0.78,1.258,119,0.76,1.2258,100,0.78,1.258,1,0.77,1.2419,5398,0
SPY190508C292,2019-05-07,2019-05-07 09:39:49,0.78,1.258,137,0.76,1.2258,100,0.78,1.258,1,0.77,1.2419,5398,0
SPY190508C292,2019-05-07,2019-05-07 09:39:50,0.77,1.2419,100,0.76,1.2258,100,0.78,1.258,1,0.765,1.2338,5398,0
SPY190508C292,2019-05-07,2019-05-07 09:39:52,0.77,1.2419,115,0.76,1.2258,100,0.77,1.2419,1,0.765,1.2338,5399,1
SPY190508C292,2019-05-07,2019-05-07 09:39:54,0.77,1.2419,45,0.76,1.2258,104,0.76,1.2258,4,0.765,1.2338,5403,4
SPY190508C292,2019-05-07,2019-05-07 09:39:55,0.77,1.2419,115,0.76,1.2258,96,0.77,1.2419,5,0.765,1.2338,5408,5
SPY190508C292,2019-05-07,2019-05-07 09:39:57,0.75,1.2096,35,0.74,1.1935,100,0.76,1.2258,46,0.745,1.2016,5454,46
SPY190508C292,2019-05-07,2019-05-07 09:39:58,0.75,1.2096,35,0.74,1.1935,100,0.76,1.2258,46,0.745,1.2016,5454,0
SPY190508C292,2019-05-07,2019-05-07 09:40:00,0.76,1.2258,111,0.75,1.2096,50,0.76,1.2258,46,0.755,1.2177,5454,0
SPY190508C292,2019-05-07,2019-05-07 09:40:02,0.76,1.2258,207,0.75,1.2096,2,0.76,1.2258,46,0.755,1.2177,5454,0
SPY190508C292,2019-05-07,2019-05-07 09:40:03,0.75,1.2096,434,0.74,1.1935,20,0.74,1.1935,5,0.745,1.2016,5461,7
SPY190508C292,2019-05-07,2019-05-07 09:40:05,0.75,1.2096,630,0.74,1.1935,20,0.74,1.1935,5,0.745,1.2016,5461,0
SPY190508C292,2019-05-07,2019-05-07 09:40:06,0.75,1.2096,809,0.74,1.1935,20,0.74,1.1935,5,0.745,1.2016,5461,0
SPY190508C292,2019-05-07,2019-05-07 09:40:08,0.75,1.2096,474,0.74,1.1935,20,0.74,1.1935,5,0.745,1.2016,5461,0
SPY190508C292,2019-05-07,2019-05-07 09:40:09,0.75,1.2096,653,0.74,1.1935,20,0.74,1.1935,7,0.745,1.2016,5468,7
SPY190508C292,2019-05-07,2019-05-07 09:40:10,0.74,1.1935,95,0.72,1.1612,96,0.74,1.1935,10,0.73,1.1774,5498,30
SPY190508C292,2019-05-07,2019-05-07 09:40:12,0.74,1.1935,172,0.72,1.1612,146,0.74,1.1935,10,0.73,1.1774,5498,0
SPY190508C292,2019-05-07,2019-05-07 09:40:15,0.74,1.1935,153,0.72,1.1612,100,0.74,1.1935,10,0.73,1.1774,5498,0
SPY190508C292,2019-05-07,2019-05-07 09:40:16,0.74,1.1935,130,0.72,1.1612,100,0.74,1.1935,10,0.73,1.1774,5498,0
SPY190508C292,2019-05-07,2019-05-07 09:40:17,0.74,1.1935,100,0.72,1.1612,100,0.74,1.1935,1,0.73,1.1774,5500,2
SPY190508C292,2019-05-07,2019-05-07 09:40:19,0.73,1.1774,42,0.72,1.1612,100,0.74,1.1935,1,0.725,1.1693,5500,0
SPY190508C292,2019-05-07,2019-05-07 09:40:20,0.73,1.1774,42,0.72,1.1612,100,0.74,1.1935,1,0.725,1.1693,5500,0
SPY190508C292,2019-05-07,2019-05-07 09:40:23,0.73,1.1774,38,0.72,1.1612,100,0.73,1.1774,1,0.725,1.1693,5501,1
SPY190508C292,2019-05-07,2019-05-07 09:40:24,0.73,1.1774,43,0.72,1.1612,100,0.73,1.1774,1,0.725,1.1693,5501,0
SPY190508C292,2019-05-07,2019-05-07 09:40:26,0.73,1.1774,43,0.72,1.1612,100,0.73,1.1774,1,0.725,1.1693,5501,0
SPY190508C292,2019-05-07,2019-05-07 09:40:27,0.73,1.1774,38,0.72,1.1612,100,0.73,1.1774,1,0.725,1.1693,5501,0
SPY190508C292,2019-05-07,2019-05-07 09:40:29,0.73,1.1774,63,0.72,1.1612,50,0.73,1.1774,1,0.725,1.1693,5501,0
SPY190508C292,2019-05-07,2019-05-07 09:40:30,0.74,1.1935,539,0.72,1.1612,30,0.73,1.1774,1,0.73,1.1774,5501,0
SPY190508C292,2019-05-07,2019-05-07 09:40:31,0.74,1.1935,320,0.72,1.1612,100,0.73,1.1774,1,0.73,1.1774,5501,0
SPY190508C292,2019-05-07,2019-05-07 09:40:33,0.73,1.1774,138,0.72,1.1612,50,0.73,1.1774,1,0.725,1.1693,5501,0
SPY190508C292,2019-05-07,2019-05-07 09:40:34,0.73,1.1774,138,0.72,1.1612,50,0.73,1.1774,1,0.725,1.1693,5501,0
SPY190508C292,2019-05-07,2019-05-07 09:40:36,0.73,1.1774,138,0.72,1.1612,50,0.73,1.1774,1,0.725,1.1693,5501,0
SPY190508C292,2019-05-07,2019-05-07 09:40:37,0.73,1.1774,866,0.72,1.1612,30,0.73,1.1774,1,0.725,1.1693,5502,1
SPY190508C292,2019-05-07,2019-05-07 09:40:39,0.72,1.1612,422,0.7,1.129,100,0.72,1.1612,30,0.71,1.1451,5532,30
SPY190508C292,2019-05-07,2019-05-07 09:40:40,0.71,1.1451,94,0.7,1.129,100,0.72,1.1612,30,0.705,1.137,5532,0
SPY190508C292,2019-05-07,2019-05-07 09:40:42,0.71,1.1451,28,0.7,1.129,100,0.72,1.1612,30,0.705,1.137,5532,0
SPY190508C292,2019-05-07,2019-05-07 09:40:44,0.71,1.1451,50,0.7,1.129,100,0.72,1.1612,30,0.705,1.137,5532,0
SPY190508C292,2019-05-07,2019-05-07 09:40:45,0.71,1.1451,80,0.7,1.129,100,0.72,1.1612,30,0.705,1.137,5532,0
SPY190508C292,2019-05-07,2019-05-07 09:40:47,0.72,1.1612,62,0.7,1.129,662,0.7,1.129,1,0.71,1.1451,5533,1
SPY190508C292,2019-05-07,2019-05-07 09:40:48,0.71,1.1451,9,0.7,1.129,100,0.7,1.129,1,0.705,1.137,5533,0
SPY190508C292,2019-05-07,2019-05-07 09:40:50,0.71,1.1451,80,0.7,1.129,99,0.7,1.129,1,0.705,1.137,5533,0
SPY190508C292,2019-05-07,2019-05-07 09:40:51,0.71,1.1451,55,0.7,1.129,99,0.7,1.129,1,0.705,1.137,5533,0
SPY190508C292,2019-05-07,2019-05-07 09:40:53,0.71,1.1451,80,0.7,1.129,99,0.7,1.129,1,0.705,1.137,5533,0
SPY190508C292,2019-05-07,2019-05-07 09:40:54,0.72,1.1612,158,0.71,1.1451,63,0.71,1.1451,50,0.715,1.1532,5583,50
SPY190508C292,2019-05-07,2019-05-07 09:40:56,0.72,1.1612,118,0.71,1.1451,50,0.71,1.1451,50,0.715,1.1532,5583,0
SPY190508C292,2019-05-07,2019-05-07 09:40:57,0.72,1.1612,489,0.71,1.1451,4,0.71,1.1451,50,0.715,1.1532,5583,0
SPY190508C292,2019-05-07,2019-05-07 09:40:58,0.72,1.1612,676,0.71,1.1451,4,0.71,1.1451,50,0.715,1.1532,5583,0
SPY190508C292,2019-05-07,2019-05-07 09:41:00,0.71,1.1451,136,0.7,1.129,99,0.71,1.1451,4,0.705,1.137,5593,10
SPY190508C292,2019-05-07,2019-05-07 09:41:01,0.71,1.1451,103,0.7,1.129,99,0.71,1.1451,4,0.705,1.137,5593,0
SPY190508C292,2019-05-07,2019-05-07 09:41:03,0.71,1.1451,324,0.7,1.129,99,0.71,1.1451,1,0.705,1.137,5594,1
SPY190508C292,2019-05-07,2019-05-07 09:41:04,0.71,1.1451,940,0.7,1.129,99,0.71,1.1451,1,0.705,1.137,5594,0
SPY190508C292,2019-05-07,2019-05-07 09:41:06,0.71,1.1451,431,0.7,1.129,99,0.71,1.1451,1,0.705,1.137,5594,0
SPY190508C292,2019-05-07,2019-05-07 09:41:07,0.7,1.129,874,0.69,1.1129,3,0.69,1.1129,10,0.695,1.1209,5717,123
SPY190508C292,2019-05-07,2019-05-07 09:41:09,0.72,1.1612,26,0.69,1.1129,29,0.69,1.1129,10,0.705,1.137,5717,0
SPY190508C292,2019-05-07,2019-05-07 09:41:10,0.72,1.1612,234,0.71,1.1451,1,0.71,1.1451,1,0.715,1.1532,5719,2
SPY190508C292,2019-05-07,2019-05-07 09:41:12,0.71,1.1451,89,0.7,1.129,62,0.71,1.1451,1,0.705,1.137,5719,0
SPY190508C292,2019-05-07,2019-05-07 09:41:13,0.71,1.1451,23,0.7,1.129,62,0.71,1.1451,1,0.705,1.137,5719,0
SPY190508C292,2019-05-07,2019-05-07 09:41:15,0.71,1.1451,97,0.7,1.129,62,0.71,1.1451,1,0.705,1.137,5719,0
SPY190508C292,2019-05-07,2019-05-07 09:41:16,0.71,1.1451,50,0.7,1.129,62,0.71,1.1451,1,0.705,1.137,5720,1
SPY190508C292,2019-05-07,2019-05-07 09:41:18,0.71,1.1451,87,0.7,1.129,62,0.71,1.1451,1,0.705,1.137,5720,0
SPY190508C292,2019-05-07,2019-05-07 09:41:19,0.71,1.1451,111,0.7,1.129,62,0.71,1.1451,1,0.705,1.137,5720,0
SPY190508C292,2019-05-07,2019-05-07 09:41:20,0.71,1.1451,125,0.69,1.1129,9,0.71,1.1451,1,0.7,1.129,5720,0
SPY190508C292,2019-05-07,2019-05-07 09:41:22,0.71,1.1451,652,0.69,1.1129,50,0.71,1.1451,1,0.7,1.129,5720,0
SPY190508C292,2019-05-07,2019-05-07 09:41:23,0.71,1.1451,116,0.69,1.1129,142,0.71,1.1451,1,0.7,1.129,5720,0
SPY190508C292,2019-05-07,2019-05-07 09:41:25,0.72,1.1612,77,0.7,1.129,280,0.71,1.1451,1,0.71,1.1451,5720,0
SPY190508C292,2019-05-07,2019-05-07 09:41:26,0.73,1.1774,113,0.71,1.1451,735,0.71,1.1451,1,0.72,1.1612,5720,0
SPY190508C292,2019-05-07,2019-05-07 09:41:28,0.73,1.1774,113,0.71,1.1451,1072,0.73,1.1774,1,0.72,1.1612,5721,1
SPY190508C292,2019-05-07,2019-05-07 09:41:29,0.73,1.1774,440,0.71,1.1451,124,0.73,1.1774,1,0.72,1.1612,5721,0
SPY190508C292,2019-05-07,2019-05-07 09:41:31,0.72,1.1612,45,0.71,1.1451,124,0.73,1.1774,1,0.715,1.1532,5721,0
SPY190508C292,2019-05-07,2019-05-07 09:41:32,0.72,1.1612,27,0.71,1.1451,124,0.73,1.1774,1,0.715,1.1532,5721,0
SPY190508C292,2019-05-07,2019-05-07 09:41:34,0.72,1.1612,95,0.71,1.1451,50,0.73,1.1774,1,0.715,1.1532,5721,0
SPY190508C292,2019-05-07,2019-05-07 09:41:35,0.72,1.1612,183,0.7,1.129,588,0.73,1.1774,1,0.71,1.1451,5721,0
SPY190508C292,2019-05-07,2019-05-07 09:41:37,0.71,1.1451,215,0.7,1.129,1,0.7,1.129,2,0.705,1.137,5724,3
SPY190508C292,2019-05-07,2019-05-07 09:41:38,0.7,1.129,1,0.69,1.1129,3,0.7,1.129,1,0.695,1.1209,5725,1
SPY190508C292,2019-05-07,2019-05-07 09:41:40,0.7,1.129,153,0.69,1.1129,3,0.69,1.1129,500,0.695,1.1209,6225,500
SPY190508C292,2019-05-07,2019-05-07 09:41:41,0.7,1.129,80,0.69,1.1129,50,0.69,1.1129,500,0.695,1.1209,6225,0
SPY190508C292,2019-05-07,2019-05-07 09:41:43,0.7,1.129,93,0.69,1.1129,50,0.69,1.1129,500,0.695,1.1209,6225,0
SPY190508C292,2019-05-07,2019-05-07 09:41:44,0.7,1.129,126,0.69,1.1129,9,0.69,1.1129,500,0.695,1.1209,6225,0
SPY190508C292,2019-05-07,2019-05-07 09:41:46,0.7,1.129,685,0.69,1.1129,3,0.7,1.129,2,0.695,1.1209,6227,2
SPY190508C292,2019-05-07,2019-05-07 09:41:47,0.69,1.1129,544,0.68,1.0967,1,0.69,1.1129,3,0.685,1.1048,6230,3
SPY190508C292,2019-05-07,2019-05-07 09:41:49,0.69,1.1129,898,0.68,1.0967,1,0.68,1.0967,1,0.685,1.1048,6231,1
SPY190508C292,2019-05-07,2019-05-07 09:41:50,0.69,1.1129,997,0.68,1.0967,6,0.68,1.0967,1,0.685,1.1048,6231,0
SPY190508C292,2019-05-07,2019-05-07 09:41:52,0.69,1.1129,674,0.67,1.0806,100,0.68,1.0967,1,0.68,1.0967,6231,0
SPY190508C292,2019-05-07,2019-05-07 09:41:53,0.68,1.0967,156,0.67,1.0806,1,0.68,1.0967,1,0.675,1.0887,6231,0
SPY190508C292,2019-05-07,2019-05-07 09:41:55,0.68,1.0967,993,0.67,1.0806,1,0.68,1.0967,1,0.675,1.0887,6231,0
SPY190508C292,2019-05-07,2019-05-07 09:41:56,0.67,1.0806,26,0.65,1.0483,402,0.67,1.0806,1,0.66,1.0645,6232,1
SPY190508C292,2019-05-07,2019-05-07 09:41:58,0.67,1.0806,209,0.65,1.0483,402,0.67,1.0806,1,0.66,1.0645,6232,0
SPY190508C292,2019-05-07,2019-05-07 09:41:59,0.66,1.0645,95,0.65,1.0483,28,0.67,1.0806,1,0.655,1.0564,6232,0
SPY190508C292,2019-05-07,2019-05-07 09:42:01,0.66,1.0645,95,0.65,1.0483,87,0.67,1.0806,1,0.655,1.0564,6232,0
SPY190508C292,2019-05-07,2019-05-07 09:42:02,0.67,1.0806,7,0.66,1.0645,546,0.65,1.0483,15,0.665,1.0725,6247,15
SPY190508C292,2019-05-07,2019-05-07 09:42:04,0.67,1.0806,175,0.66,1.0645,1,0.66,1.0645,1,0.665,1.0725,6248,1
SPY190508C292,2019-05-07,2019-05-07 09:42:05,0.67,1.0806,175,0.66,1.0645,48,0.66,1.0645,2,0.665,1.0725,6250,2
SPY190508C292,2019-05-07,2019-05-07 09:42:06,0.67,1.0806,175,0.66,1.0645,48,0.66,1.0645,2,0.665,1.0725,6250,0
SPY190508C292,2019-05-07,2019-05-07 09:42:08,0.67,1.0806,175,0.66,1.0645,48,0.66,1.0645,2,0.665,1.0725,6250,0
SPY190508C292,2019-05-07,2019-05-07 09:42:09,0.67,1.0806,67,0.66,1.0645,47,0.66,1.0645,1,0.665,1.0725,6251,1
SPY190508C292,2019-05-07,2019-05-07 09:42:10,0.66,1.0645,53,0.64,1.0322,982,0.66,1.0645,1,0.65,1.0483,6251,0
SPY190508C292,2019-05-07,2019-05-07 09:42:12,0.66,1.0645,82,0.65,1.0483,64,0.65,1.0483,1,0.655,1.0564,6252,1
SPY190508C292,2019-05-07,2019-05-07 09:42:13,0.65,1.0483,35,0.64,1.0322,810,0.64,1.0322,1,0.645,1.0403,6255,3
SPY190508C292,2019-05-07,2019-05-07 09:42:15,0.64,1.0322,56,0.63,1.0161,629,0.64,1.0322,1,0.635,1.0241,6290,35
SPY190508C292,2019-05-07,2019-05-07 09:42:16,0.64,1.0322,24,0.63,1.0161,580,0.63,1.0161,5,0.635,1.0241,6295,5
SPY190508C292,2019-05-07,2019-05-07 09:42:18,0.64,1.0322,33,0.63,1.0161,580,0.63,1.0161,1,0.635,1.0241,6296,1
SPY190508C292,2019-05-07,2019-05-07 09:42:19,0.65,1.0483,25,0.63,1.0161,678,0.63,1.0161,1,0.64,1.0322,6296,0
SPY190508C292,2019-05-07,2019-05-07 09:42:21,0.66,1.0645,87,0.64,1.0322,420,0.63,1.0161,1,0.65,1.0483,6296,0
SPY190508C292,2019-05-07,2019-05-07 09:42:22,0.65,1.0483,94,0.63,1.0161,953,0.63,1.0161,1,0.64,1.0322,6296,0
SPY190508C292,2019-05-07,2019-05-07 09:42:24,0.64,1.0322,52,0.63,1.0161,580,0.63,1.0161,7,0.635,1.0241,6303,7
SPY190508C292,2019-05-07,2019-05-07 09:42:25,0.65,1.0483,62,0.63,1.0161,741,0.63,1.0161,63,0.64,1.0322,6372,69
SPY190508C292,2019-05-07,2019-05-07 09:42:27,0.65,1.0483,122,0.63,1.0161,240,0.64,1.0322,10,0.64,1.0322,6382,10
SPY190508C292,2019-05-07,2019-05-07 09:42:28,0.64,1.0322,38,0.63,1.0161,110,0.64,1.0322,10,0.635,1.0241,6392,10
SPY190508C292,2019-05-07,2019-05-07 09:42:30,0.65,1.0483,69,0.64,1.0322,50,0.64,1.0322,10,0.645,1.0403,6392,0
SPY190508C292,2019-05-07,2019-05-07 09:42:31,0.65,1.0483,73,0.64,1.0322,50,0.64,1.0322,2,0.645,1.0403,6394,2
SPY190508C292,2019-05-07,2019-05-07 09:42:32,0.65,1.0483,73,0.64,1.0322,50,0.64,1.0322,3,0.645,1.0403,6397,3
SPY190508C292,2019-05-07,2019-05-07 09:42:34,0.65,1.0483,54,0.64,1.0322,100,0.64,1.0322,3,0.645,1.0403,6397,0
SPY190508C292,2019-05-07,2019-05-07 09:42:35,0.66,1.0645,149,0.64,1.0322,721,0.64,1.0322,3,0.65,1.0483,6397,0
SPY190508C292,2019-05-07,2019-05-07 09:42:37,0.66,1.0645,135,0.64,1.0322,721,0.64,1.0322,3,0.65,1.0483,6397,0
SPY190508C292,2019-05-07,2019-05-07 09:42:38,0.65,1.0483,38,0.64,1.0322,100,0.64,1.0322,3,0.645,1.0403,6397,0
SPY190508C292,2019-05-07,2019-05-07 09:42:39,0.65,1.0483,84,0.64,1.0322,50,0.65,1.0483,6,0.645,1.0403,6403,6
SPY190508C292,2019-05-07,2019-05-07 09:42:41,0.65,1.0483,136,0.64,1.0322,50,0.65,1.0483,6,0.645,1.0403,6403,0
SPY190508C292,2019-05-07,2019-05-07 09:42:42,0.65,1.0483,110,0.64,1.0322,50,0.65,1.0483,6,0.645,1.0403,6403,0
SPY190508C292,2019-05-07,2019-05-07 09:42:44,0.65,1.0483,90,0.64,1.0322,50,0.65,1.0483,6,0.645,1.0403,6403,0
SPY190508C292,2019-05-07,2019-05-07 09:42:45,0.66,1.0645,894,0.64,1.0322,100,0.65,1.0483,6,0.65,1.0483,6403,0
SPY190508C292,2019-05-07,2019-05-07 09:42:47,0.66,1.0645,555,0.64,1.0322,150,0.65,1.0483,6,0.65,1.0483,6403,0
SPY190508C292,2019-05-07,2019-05-07 09:42:48,0.66,1.0645,208,0.64,1.0322,146,0.65,1.0483,6,0.65,1.0483,6403,0
SPY190508C292,2019-05-07,2019-05-07 09:42:49,0.66,1.0645,782,0.64,1.0322,146,0.65,1.0483,6,0.65,1.0483,6403,0
SPY190508C292,2019-05-07,2019-05-07 09:42:51,0.66,1.0645,108,0.65,1.0483,99,0.66,1.0645,10,0.655,1.0564,6414,11
SPY190508C292,2019-05-07,2019-05-07 09:42:53,0.67,1.0806,566,0.65,1.0483,115,0.66,1.0645,10,0.66,1.0645,6414,0
SPY190508C292,2019-05-07,2019-05-07 09:42:54,0.67,1.0806,743,0.65,1.0483,65,0.66,1.0645,10,0.66,1.0645,6414,0
SPY190508C292,2019-05-07,2019-05-07 09:42:56,0.67,1.0806,441,0.65,1.0483,31,0.66,1.0645,10,0.66,1.0645,6414,0
SPY190508C292,2019-05-07,2019-05-07 09:42:57,0.67,1.0806,73,0.66,1.0645,100,0.66,1.0645,10,0.665,1.0725,6414,0
SPY190508C292,2019-05-07,2019-05-07 09:42:58,0.68,1.0967,38,0.67,1.0806,100,0.67,1.0806,2,0.675,1.0887,6416,2
SPY190508C292,2019-05-07,2019-05-07 09:43:00,0.68,1.0967,49,0.67,1.0806,100,0.67,1.0806,2,0.675,1.0887,6416,0
SPY190508C292,2019-05-07,2019-05-07 09:43:01,0.68,1.0967,29,0.67,1.0806,100,0.67,1.0806,2,0.675,1.0887,6416,0
SPY190508C292,2019-05-07,2019-05-07 09:43:02,0.68,1.0967,38,0.67,1.0806,100,0.67,1.0806,2,0.675,1.0887,6416,0
SPY190508C292,2019-05-07,2019-05-07 09:43:04,0.69,1.1129,102,0.67,1.0806,100,0.67,1.0806,2,0.68,1.0967,6416,0
SPY190508C292,2019-05-07,2019-05-07 09:43:05,0.68,1.0967,18,0.67,1.0806,100,0.68,1.0967,1,0.675,1.0887,6417,1
SPY190508C292,2019-05-07,2019-05-07 09:43:07,0.69,1.1129,785,0.67,1.0806,100,0.68,1.0967,1,0.68,1.0967,6417,0
SPY190508C292,2019-05-07,2019-05-07 09:43:08,0.68,1.0967,72,0.67,1.0806,100,0.68,1.0967,1,0.675,1.0887,6417,0
SPY190508C292,2019-05-07,2019-05-07 09:43:09,0.68,1.0967,90,0.67,1.0806,529,0.68,1.0967,1,0.675,1.0887,6417,0
SPY190508C292,2019-05-07,2019-05-07 09:43:11,0.68,1.0967,90,0.67,1.0806,705,0.68,1.0967,1,0.675,1.0887,6417,0
SPY190508C292,2019-05-07,2019-05-07 09:43:12,0.68,1.0967,113,0.67,1.0806,90,0.68,1.0967,1,0.675,1.0887,6417,0
SPY190508C292,2019-05-07,2019-05-07 09:43:14,0.69,1.1129,547,0.67,1.0806,86,0.67,1.0806,36,0.68,1.0967,6453,36
SPY190508C292,2019-05-07,2019-05-07 09:43:15,0.69,1.1129,651,0.68,1.0967,1,0.67,1.0806,36,0.685,1.1048,6453,0
SPY190508C292,2019-05-07,2019-05-07 09:43:17,0.69,1.1129,689,0.68,1.0967,1,0.67,1.0806,36,0.685,1.1048,6453,0
SPY190508C292,2019-05-07,2019-05-07 09:43:18,0.69,1.1129,689,0.68,1.0967,1,0.67,1.0806,36,0.685,1.1048,6453,0
SPY190508C292,2019-05-07,2019-05-07 09:43:20,0.69,1.1129,689,0.68,1.0967,1,0.67,1.0806,36,0.685,1.1048,6453,0
SPY190508C292,2019-05-07,2019-05-07 09:43:21,0.68,1.0967,428,0.67,1.0806,1,0.68,1.0967,1,0.675,1.0887,6454,1
SPY190508C292,2019-05-07,2019-05-07 09:43:23,0.68,1.0967,90,0.67,1.0806,86,0.68,1.0967,1,0.675,1.0887,6454,0
SPY190508C292,2019-05-07,2019-05-07 09:43:24,0.67,1.0806,1,0.66,1.0645,151,0.67,1.0806,1,0.665,1.0725,6455,1
SPY190508C292,2019-05-07,2019-05-07 09:43:26,0.67,1.0806,78,0.66,1.0645,66,0.67,1.0806,1,0.665,1.0725,6455,0
SPY190508C292,2019-05-07,2019-05-07 09:43:27,0.67,1.0806,150,0.66,1.0645,25,0.67,1.0806,1,0.665,1.0725,6455,0
SPY190508C292,2019-05-07,2019-05-07 09:43:28,0.67,1.0806,100,0.66,1.0645,50,0.67,1.0806,1,0.665,1.0725,6455,0
SPY190508C292,2019-05-07,2019-05-07 09:43:30,0.67,1.0806,124,0.66,1.0645,37,0.67,1.0806,1,0.665,1.0725,6455,0
SPY190508C292,2019-05-07,2019-05-07 09:43:31,0.67,1.0806,698,0.66,1.0645,2,0.66,1.0645,2,0.665,1.0725,6457,2
SPY190508C292,2019-05-07,2019-05-07 09:43:32,0.67,1.0806,699,0.66,1.0645,1,0.66,1.0645,1,0.665,1.0725,6458,1
SPY190508C292,2019-05-07,2019-05-07 09:43:34,0.67,1.0806,865,0.66,1.0645,1,0.66,1.0645,1,0.665,1.0725,6458,0
SPY190508C292,2019-05-07,2019-05-07 09:43:35,0.66,1.0645,94,0.65,1.0483,133,0.66,1.0645,1,0.655,1.0564,6480,22
SPY190508C292,2019-05-07,2019-05-07 09:43:37,0.66,1.0645,94,0.65,1.0483,93,0.66,1.0645,1,0.655,1.0564,6480,0
SPY190508C292,2019-05-07,2019-05-07 09:43:38,0.66,1.0645,271,0.65,1.0483,1,0.64,1.0322,1,0.655,1.0564,6482,2
SPY190508C292,2019-05-07,2019-05-07 09:43:39,0.66,1.0645,457,0.64,1.0322,100,0.64,1.0322,1,0.65,1.0483,6482,0
SPY190508C292,2019-05-07,2019-05-07 09:43:41,0.66,1.0645,90,0.64,1.0322,715,0.64,1.0322,1,0.65,1.0483,6482,0
SPY190508C292,2019-05-07,2019-05-07 09:43:42,0.66,1.0645,973,0.64,1.0322,94,0.64,1.0322,20,0.65,1.0483,6502,20
SPY190508C292,2019-05-07,2019-05-07 09:43:44,0.66,1.0645,942,0.64,1.0322,94,0.64,1.0322,20,0.65,1.0483,6502,0
SPY190508C292,2019-05-07,2019-05-07 09:43:45,0.65,1.0483,742,0.63,1.0161,25,0.63,1.0161,20,0.64,1.0322,6542,40
SPY190508C292,2019-05-07,2019-05-07 09:43:46,0.64,1.0322,51,0.63,1.0161,25,0.63,1.0161,20,0.635,1.0241,6542,0
SPY190508C292,2019-05-07,2019-05-07 09:43:48,0.64,1.0322,862,0.63,1.0161,25,0.63,1.0161,20,0.635,1.0241,6542,0
SPY190508C292,2019-05-07,2019-05-07 09:43:49,0.64,1.0322,67,0.63,1.0161,49,0.63,1.0161,20,0.635,1.0241,6542,0
SPY190508C292,2019-05-07,2019-05-07 09:43:51,0.64,1.0322,88,0.63,1.0161,81,0.63,1.0161,20,0.635,1.0241,6542,0
SPY190508C292,2019-05-07,2019-05-07 09:43:52,0.64,1.0322,50,0.63,1.0161,81,0.64,1.0322,1,0.635,1.0241,6543,1
SPY190508C292,2019-05-07,2019-05-07 09:43:53,0.65,1.0483,617,0.64,1.0322,34,0.64,1.0322,1,0.645,1.0403,6543,0
SPY190508C292,2019-05-07,2019-05-07 09:43:55,0.65,1.0483,84,0.64,1.0322,66,0.64,1.0322,1,0.645,1.0403,6543,0
SPY190508C292,2019-05-07,2019-05-07 09:43:56,0.65,1.0483,50,0.64,1.0322,74,0.64,1.0322,1,0.645,1.0403,6543,0
SPY190508C292,2019-05-07,2019-05-07 09:43:58,0.66,1.0645,75,0.65,1.0483,77,0.64,1.0322,20,0.655,1.0564,6563,20
SPY190508C292,2019-05-07,2019-05-07 09:43:59,0.66,1.0645,67,0.64,1.0322,50,0.64,1.0322,20,0.65,1.0483,6563,0
SPY190508C292,2019-05-07,2019-05-07 09:44:01,0.65,1.0483,100,0.64,1.0322,1,0.65,1.0483,1,0.645,1.0403,6564,1
SPY190508C292,2019-05-07,2019-05-07 09:44:02,0.64,1.0322,95,0.63,1.0161,50,0.64,1.0322,1,0.635,1.0241,6565,1
SPY190508C292,2019-05-07,2019-05-07 09:44:04,0.63,1.0161,95,0.62,1.0,66,0.63,1.0161,20,0.625,1.008,6594,29
SPY190508C292,2019-05-07,2019-05-07 09:44:05,0.63,1.0161,902,0.61,0.9838,147,0.63,1.0161,20,0.62,1.0,6594,0
SPY190508C292,2019-05-07,2019-05-07 09:44:06,0.63,1.0161,50,0.62,1.0,72,0.63,1.0161,20,0.625,1.008,6594,0
SPY190508C292,2019-05-07,2019-05-07 09:44:08,0.62,1.0,86,0.61,0.9838,90,0.63,1.0161,20,0.615,0.9919,6594,0
SPY190508C292,2019-05-07,2019-05-07 09:44:09,0.64,1.0322,95,0.62,1.0,89,0.63,1.0161,20,0.63,1.0161,6594,0
SPY190508C292,2019-05-07,2019-05-07 09:44:11,0.63,1.0161,72,0.62,1.0,73,0.62,1.0,1,0.625,1.008,6595,1
SPY190508C292,2019-05-07,2019-05-07 09:44:12,0.63,1.0161,93,0.62,1.0,20,0.62,1.0,2,0.625,1.008,6598,3
SPY190508C292,2019-05-07,2019-05-07 09:44:13,0.62,1.0,26,0.61,0.9838,1,0.62,1.0,2,0.615,0.9919,6598,0
SPY190508C292,2019-05-07,2019-05-07 09:44:15,0.62,1.0,63,0.61,0.9838,84,0.62,1.0,2,0.615,0.9919,6598,0
SPY190508C292,2019-05-07,2019-05-07 09:44:16,0.62,1.0,108,0.61,0.9838,77,0.62,1.0,2,0.615,0.9919,6598,0
SPY190508C292,2019-05-07,2019-05-07 09:44:17,0.62,1.0,108,0.61,0.9838,100,0.61,0.9838,10,0.615,0.9919,6608,10
SPY190508C292,2019-05-07,2019-05-07 09:44:19,0.63,1.0161,45,0.61,0.9838,672,0.61,0.9838,17,0.62,1.0,6633,25
SPY190508C292,2019-05-07,2019-05-07 09:44:20,0.63,1.0161,90,0.61,0.9838,100,0.61,0.9838,17,0.62,1.0,6633,0
SPY190508C292,2019-05-07,2019-05-07 09:44:22,0.63,1.0161,104,0.61,0.9838,700,0.61,0.9838,1,0.62,1.0,6634,1
SPY190508C292,2019-05-07,2019-05-07 09:44:23,0.63,1.0161,104,0.61,0.9838,700,0.61,0.9838,1,0.62,1.0,6634,0
SPY190508C292,2019-05-07,2019-05-07 09:44:25,0.62,1.0,21,0.61,0.9838,669,0.61,0.9838,1,0.615,0.9919,6634,0
SPY190508C292,2019-05-07,2019-05-07 09:44:26,0.62,1.0,32,0.61,0.9838,603,0.61,0.9838,1,0.615,0.9919,6634,0
SPY190508C292,2019-05-07,2019-05-07 09:44:27,0.62,1.0,21,0.61,0.9838,1079,0.61,0.9838,1,0.615,0.9919,6635,1
SPY190508C292,2019-05-07,2019-05-07 09:44:29,0.62,1.0,20,0.61,0.9838,1159,0.62,1.0,1,0.615,0.9919,6636,1
SPY190508C292,2019-05-07,2019-05-07 09:44:30,0.62,1.0,20,0.61,0.9838,1060,0.62,1.0,1,0.615,0.9919,6636,0
SPY190508C292,2019-05-07,2019-05-07 09:44:32,0.62,1.0,20,0.61,0.9838,737,0.62,1.0,1,0.615,0.9919,6636,0
SPY190508C292,2019-05-07,2019-05-07 09:44:33,0.62,1.0,77,0.61,0.9838,200,0.62,1.0,1,0.615,0.9919,6636,0
SPY190508C292,2019-05-07,2019-05-07 09:44:35,0.61,0.9838,23,0.6,0.9677,132,0.61,0.9838,5,0.605,0.9758,6641,5
SPY190508C292,2019-05-07,2019-05-07 09:44:36,0.61,0.9838,31,0.6,0.9677,117,0.61,0.9838,5,0.605,0.9758,6641,0
SPY190508C292,2019-05-07,2019-05-07 09:44:37,0.62,1.0,20,0.61,0.9838,16,0.61,0.9838,5,0.615,0.9919,6641,0
SPY190508C292,2019-05-07,2019-05-07 09:44:39,0.62,1.0,64,0.61,0.9838,50,0.61,0.9838,5,0.615,0.9919,6641,0
SPY190508C292,2019-05-07,2019-05-07 09:44:40,0.61,0.9838,36,0.6,0.9677,562,0.61,0.9838,5,0.605,0.9758,6641,0
SPY190508C292,2019-05-07,2019-05-07 09:44:41,0.61,0.9838,86,0.6,0.9677,101,0.6,0.9677,1,0.605,0.9758,6642,1
SPY190508C292,2019-05-07,2019-05-07 09:44:43,0.62,1.0,581,0.6,0.9677,113,0.6,0.9677,1,0.61,0.9838,6643,1
SPY190508C292,2019-05-07,2019-05-07 09:44:44,0.62,1.0,595,0.61,0.9838,1,0.6,0.9677,23,0.615,0.9919,6668,25
SPY190508C292,2019-05-07,2019-05-07 09:44:46,0.62,1.0,72,0.61,0.9838,100,0.6,0.9677,23,0.615,0.9919,6668,0
SPY190508C292,2019-05-07,2019-05-07 09:44:47,0.62,1.0,20,0.61,0.9838,570,0.61,0.9838,1,0.615,0.9919,6669,1
SPY190508C292,2019-05-07,2019-05-07 09:44:49,0.64,1.0322,148,0.62,1.0,562,0.62,1.0,5,0.63,1.0161,6695,26
SPY190508C292,2019-05-07,2019-05-07 09:44:50,0.65,1.0483,93,0.63,1.0161,330,0.62,1.0,5,0.64,1.0322,6695,0
SPY190508C292,2019-05-07,2019-05-07 09:44:51,0.65,1.0483,105,0.63,1.0161,467,0.62,1.0,5,0.64,1.0322,6695,0
SPY190508C292,2019-05-07,2019-05-07 09:44:53,0.64,1.0322,398,0.61,0.9838,546,0.62,1.0,5,0.625,1.008,6695,0
SPY190508C292,2019-05-07,2019-05-07 09:44:54,0.62,1.0,36,0.61,0.9838,100,0.62,1.0,1,0.615,0.9919,6704,9
SPY190508C292,2019-05-07,2019-05-07 09:44:56,0.62,1.0,52,0.61,0.9838,100,0.62,1.0,1,0.615,0.9919,6704,0
SPY190508C292,2019-05-07,2019-05-07 09:44:57,0.63,1.0161,43,0.61,0.9838,213,0.62,1.0,1,0.62,1.0,6704,0
SPY190508C292,2019-05-07,2019-05-07 09:44:59,0.62,1.0,52,0.61,0.9838,100,0.62,1.0,1,0.615,0.9919,6704,0
SPY190508C292,2019-05-07,2019-05-07 09:45:00,0.62,1.0,23,0.61,0.9838,100,0.62,1.0,1,0.615,0.9919,6704,0
SPY190508C292,2019-05-07,2019-05-07 09:45:01,0.62,1.0,39,0.61,0.9838,95,0.61,0.9838,5,0.615,0.9919,6709,5
SPY190508C292,2019-05-07,2019-05-07 09:45:03,0.65,1.0483,26,0.62,1.0,25,0.63,1.0161,1,0.635,1.0241,6716,7
SPY190508C292,2019-05-07,2019-05-07 09:45:05,0.64,1.0322,92,0.62,1.0,837,0.63,1.0161,1,0.63,1.0161,6716,0
SPY190508C292,2019-05-07,2019-05-07 09:45:07,0.64,1.0322,20,0.63,1.0161,90,0.63,1.0161,2,0.635,1.0241,6718,2
SPY190508C292,2019-05-07,2019-05-07 09:45:08,0.65,1.0483,88,0.63,1.0161,937,0.64,1.0322,1,0.64,1.0322,6719,1
SPY190508C292,2019-05-07,2019-05-07 09:45:10,0.65,1.0483,83,0.64,1.0322,128,0.64,1.0322,1,0.645,1.0403,6719,0
SPY190508C292,2019-05-07,2019-05-07 09:45:11,0.65,1.0483,10,0.64,1.0322,146,0.64,1.0322,1,0.645,1.0403,6719,0
SPY190508C292,2019-05-07,2019-05-07 09:45:12,0.66,1.0645,6,0.65,1.0483,1,0.65,1.0483,10,0.655,1.0564,6729,10
SPY190508C292,2019-05-07,2019-05-07 09:45:14,0.67,1.0806,50,0.65,1.0483,733,0.65,1.0483,10,0.66,1.0645,6729,0
SPY190508C292,2019-05-07,2019-05-07 09:45:15,0.66,1.0645,16,0.65,1.0483,861,0.65,1.0483,10,0.655,1.0564,6729,0
SPY190508C292,2019-05-07,2019-05-07 09:45:17,0.67,1.0806,78,0.66,1.0645,90,0.65,1.0483,10,0.665,1.0725,6729,0
SPY190508C292,2019-05-07,2019-05-07 09:45:18,0.67,1.0806,64,0.65,1.0483,630,0.65,1.0483,10,0.66,1.0645,6729,0
SPY190508C292,2019-05-07,2019-05-07 09:45:19,0.66,1.0645,19,0.65,1.0483,630,0.65,1.0483,10,0.655,1.0564,6729,0
SPY190508C292,2019-05-07,2019-05-07 09:45:21,0.66,1.0645,5,0.65,1.0483,50,0.67,1.0806,1,0.655,1.0564,6730,1
SPY190508C292,2019-05-07,2019-05-07 09:45:23,0.65,1.0483,7,0.64,1.0322,910,0.67,1.0806,1,0.645,1.0403,6730,0
SPY190508C292,2019-05-07,2019-05-07 09:45:24,0.66,1.0645,78,0.65,1.0483,90,0.66,1.0645,1,0.655,1.0564,6741,11
SPY190508C292,2019-05-07,2019-05-07 09:45:26,0.66,1.0645,17,0.65,1.0483,450,0.66,1.0645,1,0.655,1.0564,6741,0
SPY190508C292,2019-05-07,2019-05-07 09:45:27,0.66,1.0645,17,0.65,1.0483,450,0.66,1.0645,1,0.655,1.0564,6741,0
SPY190508C292,2019-05-07,2019-05-07 09:45:28,0.67,1.0806,99,0.66,1.0645,1,0.66,1.0645,2,0.665,1.0725,6743,2
SPY190508C292,2019-05-07,2019-05-07 09:45:30,0.67,1.0806,85,0.66,1.0645,50,0.66,1.0645,2,0.665,1.0725,6743,0
SPY190508C292,2019-05-07,2019-05-07 09:45:31,0.67,1.0806,108,0.65,1.0483,812,0.66,1.0645,2,0.66,1.0645,6743,0
SPY190508C292,2019-05-07,2019-05-07 09:45:33,0.66,1.0645,34,0.65,1.0483,714,0.66,1.0645,10,0.655,1.0564,6753,10
SPY190508C292,2019-05-07,2019-05-07 09:45:34,0.66,1.0645,34,0.65,1.0483,714,0.66,1.0645,10,0.655,1.0564,6753,0
SPY190508C292,2019-05-07,2019-05-07 09:45:35,0.66,1.0645,40,0.65,1.0483,714,0.66,1.0645,10,0.655,1.0564,6753,0
SPY190508C292,2019-05-07,2019-05-07 09:45:37,0.66,1.0645,9,0.65,1.0483,714,0.66,1.0645,2,0.655,1.0564,6755,2
SPY190508C292,2019-05-07,2019-05-07 09:45:38,0.67,1.0806,33,0.66,1.0645,222,0.66,1.0645,2,0.665,1.0725,6755,0
SPY190508C292,2019-05-07,2019-05-07 09:45:40,0.68,1.0967,3,0.66,1.0645,188,0.66,1.0645,2,0.67,1.0806,6755,0
SPY190508C292,2019-05-07,2019-05-07 09:45:41,0.69,1.1129,86,0.67,1.0806,560,0.66,1.0645,2,0.68,1.0967,6755,0
SPY190508C292,2019-05-07,2019-05-07 09:45:43,0.68,1.0967,29,0.67,1.0806,749,0.66,1.0645,2,0.675,1.0887,6755,0
SPY190508C292,2019-05-07,2019-05-07 09:45:44,0.68,1.0967,76,0.67,1.0806,50,0.66,1.0645,2,0.675,1.0887,6755,0
SPY190508C292,2019-05-07,2019-05-07 09:45:45,0.67,1.0806,76,0.66,1.0645,51,0.66,1.0645,2,0.665,1.0725,6755,0
SPY190508C292,2019-05-07,2019-05-07 09:45:47,0.67,1.0806,76,0.66,1.0645,51,0.66,1.0645,2,0.665,1.0725,6755,0
SPY190508C292,2019-05-07,2019-05-07 09:45:48,0.67,1.0806,116,0.66,1.0645,30,0.66,1.0645,2,0.665,1.0725,6755,0
SPY190508C292,2019-05-07,2019-05-07 09:45:50,0.67,1.0806,116,0.66,1.0645,6,0.67,1.0806,1,0.665,1.0725,6756,1
SPY190508C292,2019-05-07,2019-05-07 09:45:51,0.67,1.0806,116,0.66,1.0645,6,0.67,1.0806,1,0.665,1.0725,6756,0
SPY190508C292,2019-05-07,2019-05-07 09:45:52,0.67,1.0806,222,0.66,1.0645,6,0.67,1.0806,1,0.665,1.0725,6756,0
SPY190508C292,2019-05-07,2019-05-07 09:45:54,0.67,1.0806,798,0.66,1.0645,1,0.66,1.0645,1,0.665,1.0725,6797,41
SPY190508C292,2019-05-07,2019-05-07 09:45:55,0.67,1.0806,993,0.66,1.0645,1,0.66,1.0645,1,0.665,1.0725,6797,0
SPY190508C292,2019-05-07,2019-05-07 09:45:57,0.66,1.0645,187,0.65,1.0483,9,0.66,1.0645,1,0.655,1.0564,6798,1
SPY190508C292,2019-05-07,2019-05-07 09:45:59,0.66,1.0645,764,0.65,1.0483,9,0.66,1.0645,1,0.655,1.0564,6798,0
SPY190508C292,2019-05-07,2019-05-07 09:46:00,0.66,1.0645,666,0.65,1.0483,9,0.66,1.0645,1,0.655,1.0564,6798,0
SPY190508C292,2019-05-07,2019-05-07 09:46:02,0.66,1.0645,354,0.65,1.0483,9,0.66,1.0645,1,0.655,1.0564,6798,0
SPY190508C292,2019-05-07,2019-05-07 09:46:03,0.66,1.0645,666,0.65,1.0483,19,0.66,1.0645,1,0.655,1.0564,6798,0
SPY190508C292,2019-05-07,2019-05-07 09:46:05,0.64,1.0322,64,0.63,1.0161,147,0.65,1.0483,2,0.635,1.0241,6817,19
SPY190508C292,2019-05-07,2019-05-07 09:46:06,0.65,1.0483,94,0.64,1.0322,50,0.65,1.0483,2,0.645,1.0403,6817,0
SPY190508C292,2019-05-07,2019-05-07 09:46:07,0.65,1.0483,94,0.63,1.0161,715,0.65,1.0483,2,0.64,1.0322,6817,0
SPY190508C292,2019-05-07,2019-05-07 09:46:09,0.65,1.0483,88,0.63,1.0161,715,0.65,1.0483,2,0.64,1.0322,6817,0
SPY190508C292,2019-05-07,2019-05-07 09:46:11,0.65,1.0483,222,0.63,1.0161,160,0.65,1.0483,2,0.64,1.0322,6817,0
SPY190508C292,2019-05-07,2019-05-07 09:46:12,0.65,1.0483,199,0.63,1.0161,167,0.65,1.0483,2,0.64,1.0322,6817,0
SPY190508C292,2019-05-07,2019-05-07 09:46:14,0.63,1.0161,33,0.62,1.0,130,0.65,1.0483,2,0.625,1.008,6817,0
SPY190508C292,2019-05-07,2019-05-07 09:46:15,0.63,1.0161,34,0.62,1.0,153,0.65,1.0483,2,0.625,1.008,6817,0
SPY190508C292,2019-05-07,2019-05-07 09:46:16,0.63,1.0161,64,0.62,1.0,167,0.65,1.0483,2,0.625,1.008,6817,0
SPY190508C292,2019-05-07,2019-05-07 09:46:18,0.63,1.0161,64,0.62,1.0,100,0.65,1.0483,2,0.625,1.008,6817,0
SPY190508C292,2019-05-07,2019-05-07 09:46:19,0.64,1.0322,116,0.62,1.0,170,0.65,1.0483,2,0.63,1.0161,6817,0
SPY190508C292,2019-05-07,2019-05-07 09:46:21,0.64,1.0322,28,0.63,1.0161,130,0.65,1.0483,2,0.635,1.0241,6817,0
SPY190508C292,2019-05-07,2019-05-07 09:46:22,0.64,1.0322,88,0.62,1.0,618,0.64,1.0322,1,0.63,1.0161,6818,1
SPY190508C292,2019-05-07,2019-05-07 09:46:24,0.64,1.0322,19,0.63,1.0161,211,0.64,1.0322,1,0.635,1.0241,6818,0
SPY190508C292,2019-05-07,2019-05-07 09:46:25,0.64,1.0322,28,0.63,1.0161,244,0.64,1.0322,1,0.635,1.0241,6818,0
SPY190508C292,2019-05-07,2019-05-07 09:46:26,0.65,1.0483,88,0.63,1.0161,722,0.64,1.0322,1,0.64,1.0322,6818,0
SPY190508C292,2019-05-07,2019-05-07 09:46:28,0.63,1.0161,26,0.62,1.0,100,0.62,1.0,1,0.625,1.008,6819,1
SPY190508C292,2019-05-07,2019-05-07 09:46:29,0.64,1.0322,622,0.62,1.0,130,0.64,1.0322,10,0.63,1.0161,6829,10
SPY190508C292,2019-05-07,2019-05-07 09:46:31,0.63,1.0161,37,0.62,1.0,145,0.63,1.0161,2,0.625,1.008,6831,2
SPY190508C292,2019-05-07,2019-05-07 09:46:32,0.63,1.0161,51,0.62,1.0,105,0.63,1.0161,10,0.625,1.008,6841,10
SPY190508C292,2019-05-07,2019-05-07 09:46:34,0.64,1.0322,622,0.62,1.0,115,0.63,1.0161,10,0.63,1.0161,6841,0
SPY190508C292,2019-05-07,2019-05-07 09:46:35,0.62,1.0,95,0.61,0.9838,50,0.62,1.0,3,0.615,0.9919,6844,3
SPY190508C292,2019-05-07,2019-05-07 09:46:36,0.62,1.0,44,0.61,0.9838,82,0.62,1.0,1,0.615,0.9919,6845,1
SPY190508C292,2019-05-07,2019-05-07 09:46:38,0.62,1.0,722,0.6,0.9677,530,0.61,0.9838,46,0.61,0.9838,6898,53
SPY190508C292,2019-05-07,2019-05-07 09:46:39,0.61,0.9838,80,0.6,0.9677,3,0.61,0.9838,46,0.605,0.9758,6898,0
SPY190508C292,2019-05-07,2019-05-07 09:46:41,0.61,0.9838,89,0.6,0.9677,50,0.61,0.9838,46,0.605,0.9758,6898,0
SPY190508C292,2019-05-07,2019-05-07 09:46:42,0.61,0.9838,1109,0.6,0.9677,3,0.6,0.9677,2,0.605,0.9758,6900,2
SPY190508C292,2019-05-07,2019-05-07 09:46:44,0.61,0.9838,1100,0.6,0.9677,1,0.6,0.9677,100,0.605,0.9758,7003,103
SPY190508C292,2019-05-07,2019-05-07 09:46:45,0.6,0.9677,130,0.59,0.9516,50,0.6,0.9677,100,0.595,0.9596,7003,0
SPY190508C292,2019-05-07,2019-05-07 09:46:47,0.6,0.9677,144,0.59,0.9516,50,0.59,0.9516,2,0.595,0.9596,7005,2
SPY190508C292,2019-05-07,2019-05-07 09:46:49,0.6,0.9677,94,0.59,0.9516,48,0.59,0.9516,2,0.595,0.9596,7007,2
SPY190508C292,2019-05-07,2019-05-07 09:46:50,0.6,0.9677,655,0.59,0.9516,50,0.59,0.9516,2,0.595,0.9596,7007,0
SPY190508C292,2019-05-07,2019-05-07 09:46:51,0.6,0.9677,461,0.58,0.9354,6,0.59,0.9516,200,0.59,0.9516,7220,213
SPY190508C292,2019-05-07,2019-05-07 09:46:53,0.58,0.9354,65,0.57,0.9193,49,0.58,0.9354,10,0.575,0.9274,7230,10
SPY190508C292,2019-05-07,2019-05-07 09:46:54,0.58,0.9354,207,0.57,0.9193,49,0.57,0.9193,4,0.575,0.9274,7244,14
SPY190508C292,2019-05-07,2019-05-07 09:46:56,0.6,0.9677,135,0.59,0.9516,45,0.58,0.9354,4,0.595,0.9596,7265,21
SPY190508C292,2019-05-07,2019-05-07 09:46:57,0.59,0.9516,150,0.57,0.9193,887,0.58,0.9354,4,0.58,0.9354,7265,0
SPY190508C292,2019-05-07,2019-05-07 09:46:59,0.58,0.9354,95,0.57,0.9193,87,0.59,0.9516,1,0.575,0.9274,7266,1
SPY190508C292,2019-05-07,2019-05-07 09:47:00,0.59,0.9516,110,0.58,0.9354,87,0.59,0.9516,1,0.585,0.9435,7266,0
SPY190508C292,2019-05-07,2019-05-07 09:47:02,0.59,0.9516,95,0.58,0.9354,139,0.59,0.9516,1,0.585,0.9435,7266,0
SPY190508C292,2019-05-07,2019-05-07 09:47:03,0.59,0.9516,50,0.58,0.9354,97,0.59,0.9516,1,0.585,0.9435,7266,0
SPY190508C292,2019-05-07,2019-05-07 09:47:05,0.59,0.9516,687,0.58,0.9354,29,0.59,0.9516,1,0.585,0.9435,7266,0
SPY190508C292,2019-05-07,2019-05-07 09:47:06,0.59,0.9516,637,0.57,0.9193,840,0.59,0.9516,1,0.58,0.9354,7266,0
SPY190508C292,2019-05-07,2019-05-07 09:47:07,0.58,0.9354,108,0.57,0.9193,87,0.59,0.9516,1,0.575,0.9274,7266,0
SPY190508C292,2019-05-07,2019-05-07 09:47:09,0.58,0.9354,95,0.57,0.9193,129,0.59,0.9516,1,0.575,0.9274,7266,0
SPY190508C292,2019-05-07,2019-05-07 09:47:10,0.58,0.9354,89,0.57,0.9193,8,0.58,0.9354,7,0.575,0.9274,7273,7
SPY190508C292,2019-05-07,2019-05-07 09:47:12,0.58,0.9354,339,0.57,0.9193,8,0.58,0.9354,7,0.575,0.9274,7273,0
SPY190508C292,2019-05-07,2019-05-07 09:47:13,0.58,0.9354,840,0.57,0.9193,8,0.58,0.9354,7,0.575,0.9274,7273,0
SPY190508C292,2019-05-07,2019-05-07 09:47:15,0.58,0.9354,937,0.57,0.9193,8,0.58,0.9354,7,0.575,0.9274,7273,0
SPY190508C292,2019-05-07,2019-05-07 09:47:16,0.58,0.9354,937,0.57,0.9193,37,0.58,0.9354,7,0.575,0.9274,7273,0
SPY190508C292,2019-05-07,2019-05-07 09:47:19,0.58,0.9354,70,0.56,0.9032,6,0.57,0.9193,8,0.57,0.9193,7281,8
SPY190508C292,2019-05-07,2019-05-07 09:47:20,0.57,0.9193,292,0.55,0.887,231,0.57,0.9193,8,0.56,0.9032,7281,0
SPY190508C292,2019-05-07,2019-05-07 09:47:23,0.57,0.9193,806,0.56,0.9032,29,0.57,0.9193,8,0.565,0.9112,7281,0
SPY190508C292,2019-05-07,2019-05-07 09:47:26,0.58,0.9354,956,0.56,0.9032,656,0.58,0.9354,2,0.57,0.9193,7292,11
SPY190508C292,2019-05-07,2019-05-07 09:47:27,0.57,0.9193,120,0.55,0.887,335,0.58,0.9354,2,0.56,0.9032,7292,0
SPY190508C292,2019-05-07,2019-05-07 09:47:29,0.56,0.9032,62,0.55,0.887,75,0.58,0.9354,2,0.555,0.8951,7292,0
SPY190508C292,2019-05-07,2019-05-07 09:47:30,0.56,0.9032,293,0.55,0.887,6,0.58,0.9354,2,0.555,0.8951,7292,0
SPY190508C292,2019-05-07,2019-05-07 09:47:32,0.56,0.9032,445,0.54,0.8709,222,0.55,0.887,2,0.55,0.887,7303,11
SPY190508C292,2019-05-07,2019-05-07 09:47:33,0.55,0.887,88,0.54,0.8709,109,0.55,0.887,2,0.545,0.879,7303,0
SPY190508C292,2019-05-07,2019-05-07 09:47:34,0.55,0.887,96,0.54,0.8709,100,0.55,0.887,2,0.545,0.879,7303,0
SPY190508C292,2019-05-07,2019-05-07 09:47:36,0.55,0.887,96,0.53,0.8548,1045,0.55,0.887,2,0.54,0.8709,7303,0
SPY190508C292,2019-05-07,2019-05-07 09:47:37,0.55,0.887,51,0.53,0.8548,252,0.55,0.887,2,0.54,0.8709,7303,0
SPY190508C292,2019-05-07,2019-05-07 09:47:39,0.54,0.8709,814,0.53,0.8548,1,0.53,0.8548,1,0.535,0.8629,7305,2
SPY190508C292,2019-05-07,2019-05-07 09:47:40,0.53,0.8548,367,0.51,0.8225,165,0.53,0.8548,1,0.52,0.8387,7306,1
SPY190508C292,2019-05-07,2019-05-07 09:47:42,0.53,0.8548,38,0.52,0.8387,171,0.53,0.8548,1,0.525,0.8467,7306,0
SPY190508C292,2019-05-07,2019-05-07 09:47:43,0.53,0.8548,287,0.51,0.8225,925,0.53,0.8548,1,0.52,0.8387,7306,0
SPY190508C292,2019-05-07,2019-05-07 09:47:45,0.52,0.8387,74,0.51,0.8225,126,0.53,0.8548,1,0.515,0.8306,7306,0
SPY190508C292,2019-05-07,2019-05-07 09:47:46,0.52,0.8387,103,0.51,0.8225,276,0.53,0.8548,1,0.515,0.8306,7306,0
SPY190508C292,2019-05-07,2019-05-07 09:47:48,0.52,0.8387,170,0.51,0.8225,43,0.53,0.8548,1,0.515,0.8306,7306,0
SPY190508C292,2019-05-07,2019-05-07 09:47:49,0.53,0.8548,44,0.52,0.8387,275,0.52,0.8387,1,0.525,0.8467,7307,1
SPY190508C292,2019-05-07,2019-05-07 09:47:51,0.54,0.8709,66,0.53,0.8548,130,0.53,0.8548,28,0.535,0.8629,7345,38
SPY190508C292,2019-05-07,2019-05-07 09:47:52,0.54,0.8709,160,0.52,0.8387,755,0.54,0.8709,1,0.53,0.8548,7346,1
SPY190508C292,2019-05-07,2019-05-07 09:47:54,0.54,0.8709,925,0.52,0.8387,120,0.52,0.8387,3,0.53,0.8548,7349,3
SPY190508C292,2019-05-07,2019-05-07 09:47:55,0.52,0.8387,85,0.51,0.8225,148,0.52,0.8387,3,0.515,0.8306,7349,0
SPY190508C292,2019-05-07,2019-05-07 09:47:57,0.52,0.8387,734,0.51,0.8225,50,0.52,0.8387,3,0.515,0.8306,7349,0
SPY190508C292,2019-05-07,2019-05-07 09:47:58,0.52,0.8387,215,0.51,0.8225,51,0.52,0.8387,3,0.515,0.8306,7349,0
SPY190508C292,2019-05-07,2019-05-07 09:48:00,0.53,0.8548,1075,0.51,0.8225,123,0.52,0.8387,2,0.52,0.8387,7371,22
SPY190508C292,2019-05-07,2019-05-07 09:48:01,0.52,0.8387,173,0.51,0.8225,142,0.51,0.8225,1,0.515,0.8306,7372,1
SPY190508C292,2019-05-07,2019-05-07 09:48:02,0.52,0.8387,100,0.51,0.8225,50,0.52,0.8387,20,0.515,0.8306,7392,20
SPY190508C292,2019-05-07,2019-05-07 09:48:04,0.52,0.8387,64,0.51,0.8225,3,0.52,0.8387,20,0.515,0.8306,7392,0
SPY190508C292,2019-05-07,2019-05-07 09:48:05,0.52,0.8387,808,0.51,0.8225,50,0.52,0.8387,20,0.515,0.8306,7392,0
SPY190508C292,2019-05-07,2019-05-07 09:48:07,0.52,0.8387,1028,0.51,0.8225,3,0.52,0.8387,5,0.515,0.8306,7397,5
SPY190508C292,2019-05-07,2019-05-07 09:48:08,0.51,0.8225,1,0.5,0.8064,187,0.51,0.8225,3,0.505,0.8145,7400,3
SPY190508C292,2019-05-07,2019-05-07 09:48:09,0.51,0.8225,286,0.5,0.8064,150,0.51,0.8225,3,0.505,0.8145,7400,0
SPY190508C292,2019-05-07,2019-05-07 09:48:11,0.51,0.8225,299,0.5,0.8064,109,0.5,0.8064,1,0.505,0.8145,7401,1
SPY190508C292,2019-05-07,2019-05-07 09:48:12,0.5,0.8064,825,0.48,0.7741,844,0.5,0.8064,7,0.49,0.7903,7558,157
SPY190508C292,2019-05-07,2019-05-07 09:48:14,0.5,0.8064,944,0.48,0.7741,744,0.48,0.7741,3,0.49,0.7903,7566,8
SPY190508C292,2019-05-07,2019-05-07 09:48:15,0.5,0.8064,86,0.49,0.7903,82,0.48,0.7741,3,0.495,0.7983,7566,0
SPY190508C292,2019-05-07,2019-05-07 09:48:17,0.5,0.8064,894,0.48,0.7741,794,0.48,0.7741,3,0.49,0.7903,7566,0
SPY190508C292,2019-05-07,2019-05-07 09:48:18,0.49,0.7903,120,0.47,0.758,235,0.48,0.7741,3,0.48,0.7741,7566,0
SPY190508C292,2019-05-07,2019-05-07 09:48:20,0.49,0.7903,924,0.47,0.758,198,0.48,0.7741,3,0.48,0.7741,7566,0
SPY190508C292,2019-05-07,2019-05-07 09:48:22,0.48,0.7741,50,0.47,0.758,77,0.48,0.7741,3,0.475,0.7661,7566,0
SPY190508C292,2019-05-07,2019-05-07 09:48:23,0.48,0.7741,882,0.46,0.7419,918,0.47,0.758,1,0.47,0.758,7568,2
SPY190508C292,2019-05-07,2019-05-07 09:48:25,0.48,0.7741,129,0.47,0.758,83,0.47,0.758,12,0.475,0.7661,7597,29
SPY190508C292,2019-05-07,2019-05-07 09:48:26,0.48,0.7741,832,0.46,0.7419,810,0.47,0.758,12,0.47,0.758,7597,0
SPY190508C292,2019-05-07,2019-05-07 09:48:28,0.48,0.7741,130,0.47,0.758,69,0.47,0.758,12,0.475,0.7661,7597,0
SPY190508C292,2019-05-07,2019-05-07 09:48:29,0.48,0.7741,978,0.47,0.758,1,0.48,0.7741,10,0.475,0.7661,7617,20
SPY190508C292,2019-05-07,2019-05-07 09:48:31,0.47,0.758,103,0.46,0.7419,166,0.48,0.7741,10,0.465,0.75,7617,0
SPY190508C292,2019-05-07,2019-05-07 09:48:32,0.47,0.758,183,0.46,0.7419,50,0.48,0.7741,10,0.465,0.75,7617,0
SPY190508C292,2019-05-07,2019-05-07 09:48:34,0.47,0.758,960,0.45,0.7258,818,0.48,0.7741,10,0.46,0.7419,7617,0
SPY190508C292,2019-05-07,2019-05-07 09:48:35,0.46,0.7419,120,0.45,0.7258,74,0.48,0.7741,10,0.455,0.7338,7617,0
SPY190508C292,2019-05-07,2019-05-07 09:48:37,0.45,0.7258,1,0.44,0.7096,204,0.48,0.7741,10,0.445,0.7177,7617,0
SPY190508C292,2019-05-07,2019-05-07 09:48:38,0.45,0.7258,258,0.44,0.7096,83,0.45,0.7258,2,0.445,0.7177,7619,2
SPY190508C292,2019-05-07,2019-05-07 09:48:39,0.45,0.7258,250,0.43,0.6935,500,0.45,0.7258,2,0.44,0.7096,7619,0
SPY190508C292,2019-05-07,2019-05-07 09:48:41,0.44,0.7096,130,0.43,0.6935,250,0.45,0.7258,2,0.435,0.7016,7619,0
SPY190508C292,2019-05-07,2019-05-07 09:48:42,0.44,0.7096,93,0.43,0.6935,830,0.45,0.7258,2,0.435,0.7016,7619,0
SPY190508C292,2019-05-07,2019-05-07 09:48:44,0.44,0.7096,330,0.42,0.6774,200,0.45,0.7258,2,0.43,0.6935,7619,0
SPY190508C292,2019-05-07,2019-05-07 09:48:45,0.43,0.6935,63,0.42,0.6774,1250,0.45,0.7258,2,0.425,0.6854,7619,0
SPY190508C292,2019-05-07,2019-05-07 09:48:47,0.44,0.7096,880,0.43,0.6935,1,0.45,0.7258,2,0.435,0.7016,7619,0
SPY190508C292,2019-05-07,2019-05-07 09:48:48,0.43,0.6935,65,0.42,0.6774,50,0.43,0.6935,1,0.425,0.6854,7620,1
SPY190508C292,2019-05-07,2019-05-07 09:48:50,0.43,0.6935,337,0.42,0.6774,50,0.43,0.6935,1,0.425,0.6854,7620,0
SPY190508C292,2019-05-07,2019-05-07 09:48:51,0.43,0.6935,218,0.42,0.6774,50,0.43,0.6935,1,0.425,0.6854,7621,1
SPY190508C292,2019-05-07,2019-05-07 09:48:53,0.43,0.6935,1157,0.42,0.6774,49,0.42,0.6774,1,0.425,0.6854,7622,1
SPY190508C292,2019-05-07,2019-05-07 09:48:54,0.43,0.6935,1488,0.42,0.6774,49,0.42,0.6774,1,0.425,0.6854,7622,0
SPY190508C292,2019-05-07,2019-05-07 09:48:56,0.44,0.7096,161,0.43,0.6935,100,0.44,0.7096,2,0.435,0.7016,7660,38
SPY190508C292,2019-05-07,2019-05-07 09:48:57,0.43,0.6935,50,0.42,0.6774,223,0.44,0.7096,2,0.425,0.6854,7660,0
SPY190508C292,2019-05-07,2019-05-07 09:48:58,0.44,0.7096,51,0.43,0.6935,187,0.43,0.6935,11,0.435,0.7016,7677,17
SPY190508C292,2019-05-07,2019-05-07 09:49:00,0.45,0.7258,50,0.44,0.7096,184,0.45,0.7258,35,0.445,0.7177,7716,39
SPY190508C292,2019-05-07,2019-05-07 09:49:01,0.46,0.7419,156,0.44,0.7096,59,0.44,0.7096,1,0.45,0.7258,7717,1
SPY190508C292,2019-05-07,2019-05-07 09:49:03,0.45,0.7258,71,0.44,0.7096,11,0.44,0.7096,1,0.445,0.7177,7717,0
SPY190508C292,2019-05-07,2019-05-07 09:49:04,0.45,0.7258,1818,0.44,0.7096,10,0.44,0.7096,8,0.445,0.7177,7725,8
SPY190508C292,2019-05-07,2019-05-07 09:49:06,0.46,0.7419,6,0.44,0.7096,63,0.44,0.7096,2,0.45,0.7258,7730,5
SPY190508C292,2019-05-07,2019-05-07 09:49:07,0.47,0.758,604,0.45,0.7258,324,0.44,0.7096,2,0.46,0.7419,7730,0
SPY190508C292,2019-05-07,2019-05-07 09:49:08,0.45,0.7258,182,0.44,0.7096,84,0.45,0.7258,15,0.445,0.7177,7745,15
SPY190508C292,2019-05-07,2019-05-07 09:49:10,0.45,0.7258,95,0.44,0.7096,87,0.45,0.7258,15,0.445,0.7177,7745,0
SPY190508C292,2019-05-07,2019-05-07 09:49:11,0.45,0.7258,159,0.44,0.7096,87,0.45,0.7258,15,0.445,0.7177,7745,0
SPY190508C292,2019-05-07,2019-05-07 09:49:12,0.46,0.7419,325,0.45,0.7258,17,0.45,0.7258,15,0.455,0.7338,7745,0
SPY190508C292,2019-05-07,2019-05-07 09:49:14,0.46,0.7419,338,0.45,0.7258,83,0.45,0.7258,15,0.455,0.7338,7745,0
SPY190508C292,2019-05-07,2019-05-07 09:49:15,0.46,0.7419,353,0.45,0.7258,74,0.45,0.7258,15,0.455,0.7338,7745,0
SPY190508C292,2019-05-07,2019-05-07 09:49:17,0.46,0.7419,515,0.45,0.7258,8,0.45,0.7258,2,0.455,0.7338,7747,2
SPY190508C292,2019-05-07,2019-05-07 09:49:18,0.46,0.7419,1560,0.45,0.7258,2,0.45,0.7258,2,0.455,0.7338,7747,0
SPY190508C292,2019-05-07,2019-05-07 09:49:20,0.45,0.7258,900,0.44,0.7096,10,0.44,0.7096,12,0.445,0.7177,7763,16
SPY190508C292,2019-05-07,2019-05-07 09:49:21,0.45,0.7258,1310,0.44,0.7096,10,0.45,0.7258,5,0.445,0.7177,7768,5
SPY190508C292,2019-05-07,2019-05-07 09:49:23,0.45,0.7258,1750,0.44,0.7096,10,0.45,0.7258,5,0.445,0.7177,7768,0
SPY190508C292,2019-05-07,2019-05-07 09:49:24,0.45,0.7258,1608,0.44,0.7096,20,0.45,0.7258,5,0.445,0.7177,7768,0
SPY190508C292,2019-05-07,2019-05-07 09:49:26,0.45,0.7258,1560,0.44,0.7096,20,0.45,0.7258,5,0.445,0.7177,7768,0
SPY190508C292,2019-05-07,2019-05-07 09:49:27,0.45,0.7258,1250,0.44,0.7096,20,0.45,0.7258,5,0.445,0.7177,7768,0
SPY190508C292,2019-05-07,2019-05-07 09:49:29,0.46,0.7419,280,0.44,0.7096,120,0.45,0.7258,5,0.45,0.7258,7768,0
SPY190508C292,2019-05-07,2019-05-07 09:49:30,0.46,0.7419,1010,0.45,0.7258,50,0.45,0.7258,5,0.455,0.7338,7768,0
SPY190508C292,2019-05-07,2019-05-07 09:49:32,0.45,0.7258,2,0.44,0.7096,20,0.45,0.7258,2,0.445,0.7177,7775,7
SPY190508C292,2019-05-07,2019-05-07 09:49:33,0.45,0.7258,579,0.44,0.7096,86,0.45,0.7258,1,0.445,0.7177,7776,1
SPY190508C292,2019-05-07,2019-05-07 09:49:35,0.46,0.7419,1510,0.44,0.7096,125,0.45,0.7258,1,0.45,0.7258,7776,0
SPY190508C292,2019-05-07,2019-05-07 09:49:36,0.46,0.7419,1360,0.44,0.7096,900,0.44,0.7096,3,0.45,0.7258,7789,13
SPY190508C292,2019-05-07,2019-05-07 09:49:38,0.46,0.7419,1148,0.44,0.7096,97,0.44,0.7096,3,0.45,0.7258,7789,0
SPY190508C292,2019-05-07,2019-05-07 09:49:39,0.46,0.7419,379,0.45,0.7258,67,0.44,0.7096,3,0.455,0.7338,7789,0
SPY190508C292,2019-05-07,2019-05-07 09:49:40,0.46,0.7419,797,0.45,0.7258,74,0.44,0.7096,3,0.455,0.7338,7789,0
SPY190508C292,2019-05-07,2019-05-07 09:49:42,0.46,0.7419,994,0.45,0.7258,128,0.45,0.7258,1,0.455,0.7338,7790,1
SPY190508C292,2019-05-07,2019-05-07 09:49:43,0.46,0.7419,790,0.45,0.7258,100,0.46,0.7419,10,0.455,0.7338,7800,10
SPY190508C292,2019-05-07,2019-05-07 09:49:45,0.46,0.7419,66,0.45,0.7258,60,0.46,0.7419,1,0.455,0.7338,7801,1
SPY190508C292,2019-05-07,2019-05-07 09:49:46,0.46,0.7419,1081,0.45,0.7258,50,0.46,0.7419,1,0.455,0.7338,7801,0
SPY190508C292,2019-05-07,2019-05-07 09:49:47,0.45,0.7258,912,0.44,0.7096,25,0.45,0.7258,36,0.445,0.7177,7887,86
SPY190508C292,2019-05-07,2019-05-07 09:49:49,0.45,0.7258,747,0.44,0.7096,25,0.45,0.7258,36,0.445,0.7177,7887,0
SPY190508C292,2019-05-07,2019-05-07 09:49:50,0.45,0.7258,180,0.44,0.7096,190,0.45,0.7258,36,0.445,0.7177,7887,0
SPY190508C292,2019-05-07,2019-05-07 09:49:52,0.45,0.7258,809,0.44,0.7096,70,0.45,0.7258,36,0.445,0.7177,7887,0
SPY190508C292,2019-05-07,2019-05-07 09:49:53,0.44,0.7096,1,0.43,0.6935,1,0.44,0.7096,18,0.435,0.7016,7912,25
SPY190508C292,2019-05-07,2019-05-07 09:49:55,0.43,0.6935,160,0.42,0.6774,49,0.44,0.7096,10,0.425,0.6854,7944,32
SPY190508C292,2019-05-07,2019-05-07 09:49:56,0.43,0.6935,108,0.42,0.6774,100,0.44,0.7096,10,0.425,0.6854,7944,0
SPY190508C292,2019-05-07,2019-05-07 09:49:58,0.44,0.7096,1200,0.42,0.6774,414,0.44,0.7096,10,0.43,0.6935,7944,0
SPY190508C292,2019-05-07,2019-05-07 09:49:59,0.44,0.7096,596,0.43,0.6935,50,0.44,0.7096,10,0.435,0.7016,7944,0
SPY190508C292,2019-05-07,2019-05-07 09:50:00,0.44,0.7096,497,0.43,0.6935,50,0.44,0.7096,10,0.435,0.7016,7944,0
SPY190508C292,2019-05-07,2019-05-07 09:50:02,0.46,0.7419,190,0.44,0.7096,50,0.44,0.7096,10,0.45,0.7258,7944,0
SPY190508C292,2019-05-07,2019-05-07 09:50:03,0.46,0.7419,78,0.44,0.7096,160,0.44,0.7096,10,0.45,0.7258,7944,0
SPY190508C292,2019-05-07,2019-05-07 09:50:05,0.46,0.7419,70,0.45,0.7258,84,0.45,0.7258,1,0.455,0.7338,7945,1
SPY190508C292,2019-05-07,2019-05-07 09:50:06,0.46,0.7419,1250,0.45,0.7258,69,0.45,0.7258,1,0.455,0.7338,7945,0
SPY190508C292,2019-05-07,2019-05-07 09:50:07,0.46,0.7419,858,0.45,0.7258,79,0.46,0.7419,1,0.455,0.7338,7946,1
SPY190508C292,2019-05-07,2019-05-07 09:50:09,0.46,0.7419,1071,0.45,0.7258,22,0.46,0.7419,1,0.455,0.7338,7946,0
SPY190508C292,2019-05-07,2019-05-07 09:50:10,0.46,0.7419,1158,0.45,0.7258,45,0.46,0.7419,5,0.455,0.7338,7951,5
SPY190508C292,2019-05-07,2019-05-07 09:50:12,0.46,0.7419,430,0.45,0.7258,95,0.46,0.7419,5,0.455,0.7338,7951,0
SPY190508C292,2019-05-07,2019-05-07 09:50:13,0.47,0.758,1150,0.45,0.7258,900,0.46,0.7419,5,0.46,0.7419,7951,0
SPY190508C292,2019-05-07,2019-05-07 09:50:15,0.47,0.758,1150,0.45,0.7258,970,0.46,0.7419,5,0.46,0.7419,7951,0
SPY190508C292,2019-05-07,2019-05-07 09:50:16,0.47,0.758,70,0.46,0.7419,87,0.46,0.7419,5,0.465,0.75,7951,0
SPY190508C292,2019-05-07,2019-05-07 09:50:18,0.47,0.758,1650,0.45,0.7258,74,0.45,0.7258,15,0.46,0.7419,7967,16
SPY190508C292,2019-05-07,2019-05-07 09:50:19,0.46,0.7419,1300,0.45,0.7258,20,0.45,0.7258,15,0.455,0.7338,7967,0
SPY190508C292,2019-05-07,2019-05-07 09:50:21,0.46,0.7419,428,0.45,0.7258,24,0.46,0.7419,10,0.455,0.7338,7977,10
SPY190508C292,2019-05-07,2019-05-07 09:50:22,0.46,0.7419,1150,0.45,0.7258,70,0.46,0.7419,10,0.455,0.7338,7977,0
SPY190508C292,2019-05-07,2019-05-07 09:50:24,0.45,0.7258,69,0.44,0.7096,75,0.45,0.7258,10,0.445,0.7177,8009,32
SPY190508C292,2019-05-07,2019-05-07 09:50:25,0.45,0.7258,182,0.44,0.7096,75,0.45,0.7258,10,0.445,0.7177,8009,0
SPY190508C292,2019-05-07,2019-05-07 09:50:27,0.45,0.7258,176,0.44,0.7096,75,0.45,0.7258,10,0.445,0.7177,8009,0
SPY190508C292,2019-05-07,2019-05-07 09:50:28,0.45,0.7258,1079,0.44,0.7096,75,0.45,0.7258,10,0.445,0.7177,8009,0
SPY190508C292,2019-05-07,2019-05-07 09:50:30,0.45,0.7258,1202,0.44,0.7096,25,0.45,0.7258,10,0.445,0.7177,8009,0
SPY190508C292,2019-05-07,2019-05-07 09:50:32,0.45,0.7258,69,0.44,0.7096,25,0.44,0.7096,1,0.445,0.7177,8010,1
SPY190508C292,2019-05-07,2019-05-07 09:50:34,0.45,0.7258,998,0.44,0.7096,25,0.44,0.7096,1,0.445,0.7177,8010,0
SPY190508C292,2019-05-07,2019-05-07 09:50:35,0.44,0.7096,1415,0.43,0.6935,120,0.44,0.7096,3,0.435,0.7016,8038,28
SPY190508C292,2019-05-07,2019-05-07 09:50:37,0.44,0.7096,1800,0.43,0.6935,8,0.44,0.7096,20,0.435,0.7016,8058,20
SPY190508C292,2019-05-07,2019-05-07 09:50:38,0.43,0.6935,850,0.42,0.6774,49,0.43,0.6935,1,0.425,0.6854,8067,9
SPY190508C292,2019-05-07,2019-05-07 09:50:39,0.43,0.6935,1581,0.42,0.6774,49,0.42,0.6774,5,0.425,0.6854,8072,5
SPY190508C292,2019-05-07,2019-05-07 09:50:41,0.42,0.6774,156,0.41,0.6612,50,0.42,0.6774,49,0.415,0.6693,8123,51
SPY190508C292,2019-05-07,2019-05-07 09:50:42,0.42,0.6774,856,0.4,0.6451,1531,0.41,0.6612,4,0.41,0.6612,8127,4
SPY190508C292,2019-05-07,2019-05-07 09:50:44,0.42,0.6774,356,0.41,0.6612,170,0.41,0.6612,4,0.415,0.6693,8127,0
SPY190508C292,2019-05-07,2019-05-07 09:50:45,0.42,0.6774,244,0.4,0.6451,188,0.41,0.6612,4,0.41,0.6612,8127,0
SPY190508C292,2019-05-07,2019-05-07 09:50:47,0.41,0.6612,167,0.4,0.6451,50,0.41,0.6612,4,0.405,0.6532,8127,0
SPY190508C292,2019-05-07,2019-05-07 09:50:48,0.41,0.6612,547,0.39,0.629,187,0.4,0.6451,2,0.4,0.6451,8130,3
SPY190508C292,2019-05-07,2019-05-07 09:50:50,0.39,0.629,19,0.38,0.6129,1213,0.4,0.6451,2,0.385,0.6209,8130,0
SPY190508C292,2019-05-07,2019-05-07 09:50:51,0.4,0.6451,348,0.38,0.6129,1150,0.39,0.629,1,0.39,0.629,8131,1
SPY190508C292,2019-05-07,2019-05-07 09:50:53,0.4,0.6451,112,0.39,0.629,96,0.39,0.629,1,0.395,0.637,8131,0
SPY190508C292,2019-05-07,2019-05-07 09:50:54,0.4,0.6451,70,0.39,0.629,963,0.39,0.629,1,0.395,0.637,8131,0
SPY190508C292,2019-05-07,2019-05-07 09:50:55,0.4,0.6451,190,0.39,0.629,130,0.39,0.629,1,0.395,0.637,8131,0
SPY190508C292,2019-05-07,2019-05-07 09:50:57,0.4,0.6451,56,0.39,0.629,257,0.39,0.629,1,0.395,0.637,8131,0
SPY190508C292,2019-05-07,2019-05-07 09:50:58,0.4,0.6451,170,0.39,0.629,670,0.4,0.6451,200,0.395,0.637,8331,200
SPY190508C292,2019-05-07,2019-05-07 09:51:00,0.4,0.6451,343,0.38,0.6129,1313,0.39,0.629,1,0.39,0.629,8332,1
SPY190508C292,2019-05-07,2019-05-07 09:51:01,0.4,0.6451,90,0.38,0.6129,69,0.39,0.629,1,0.39,0.629,8334,2
SPY190508C292,2019-05-07,2019-05-07 09:51:03,0.4,0.6451,200,0.39,0.629,170,0.39,0.629,2,0.395,0.637,8336,2
SPY190508C292,2019-05-07,2019-05-07 09:51:04,0.4,0.6451,43,0.39,0.629,432,0.4,0.6451,17,0.395,0.637,8367,31
SPY190508C292,2019-05-07,2019-05-07 09:51:05,0.41,0.6612,76,0.4,0.6451,1363,0.4,0.6451,17,0.405,0.6532,8367,0
SPY190508C292,2019-05-07,2019-05-07 09:51:07,0.42,0.6774,50,0.41,0.6612,80,0.41,0.6612,3,0.415,0.6693,8370,3
SPY190508C292,2019-05-07,2019-05-07 09:51:08,0.42,0.6774,180,0.4,0.6451,1088,0.42,0.6774,5,0.41,0.6612,8377,7
SPY190508C292,2019-05-07,2019-05-07 09:51:10,0.42,0.6774,872,0.4,0.6451,800,0.42,0.6774,5,0.41,0.6612,8377,0
SPY190508C292,2019-05-07,2019-05-07 09:51:11,0.41,0.6612,270,0.4,0.6451,130,0.42,0.6774,5,0.405,0.6532,8377,0
SPY190508C292,2019-05-07,2019-05-07 09:51:13,0.4,0.6451,108,0.39,0.629,37,0.42,0.6774,5,0.395,0.637,8377,0
SPY190508C292,2019-05-07,2019-05-07 09:51:14,0.4,0.6451,1573,0.39,0.629,50,0.42,0.6774,5,0.395,0.637,8377,0
SPY190508C292,2019-05-07,2019-05-07 09:51:16,0.4,0.6451,1423,0.39,0.629,50,0.42,0.6774,5,0.395,0.637,8377,0
SPY190508C292,2019-05-07,2019-05-07 09:51:17,0.4,0.6451,1573,0.39,0.629,50,0.4,0.6451,6,0.395,0.637,8387,10
SPY190508C292,2019-05-07,2019-05-07 09:51:19,0.4,0.6451,2008,0.39,0.629,37,0.4,0.6451,6,0.395,0.637,8387,0
SPY190508C292,2019-05-07,2019-05-07 09:51:20,0.4,0.6451,2008,0.39,0.629,50,0.4,0.6451,6,0.395,0.637,8387,0
SPY190508C292,2019-05-07,2019-05-07 09:51:21,0.4,0.6451,280,0.39,0.629,100,0.39,0.629,2,0.395,0.637,8402,15
SPY190508C292,2019-05-07,2019-05-07 09:51:23,0.4,0.6451,913,0.39,0.629,91,0.4,0.6451,25,0.395,0.637,8557,155
SPY190508C292,2019-05-07,2019-05-07 09:51:24,0.4,0.6451,10,0.39,0.629,109,0.4,0.6451,25,0.395,0.637,8557,0
SPY190508C292,2019-05-07,2019-05-07 09:51:26,0.4,0.6451,210,0.39,0.629,100,0.4,0.6451,25,0.395,0.637,8557,0
SPY190508C292,2019-05-07,2019-05-07 09:51:27,0.4,0.6451,1250,0.39,0.629,100,0.39,0.629,4,0.395,0.637,8561,4
SPY190508C292,2019-05-07,2019-05-07 09:51:29,0.39,0.629,80,0.38,0.6129,217,0.39,0.629,4,0.385,0.6209,8561,0
SPY190508C292,2019-05-07,2019-05-07 09:51:30,0.4,0.6451,1029,0.38,0.6129,356,0.39,0.629,4,0.39,0.629,8561,0
SPY190508C292,2019-05-07,2019-05-07 09:51:32,0.39,0.629,1,0.38,0.6129,963,0.39,0.629,4,0.385,0.6209,8561,0
SPY190508C292,2019-05-07,2019-05-07 09:51:33,0.39,0.629,120,0.38,0.6129,963,0.39,0.629,4,0.385,0.6209,8561,0
SPY190508C292,2019-05-07,2019-05-07 09:51:35,0.39,0.629,200,0.38,0.6129,1013,0.39,0.629,4,0.385,0.6209,8561,0
SPY190508C292,2019-05-07,2019-05-07 09:51:36,0.39,0.629,50,0.38,0.6129,140,0.39,0.629,4,0.385,0.6209,8561,0
SPY190508C292,2019-05-07,2019-05-07 09:51:38,0.39,0.629,180,0.38,0.6129,100,0.39,0.629,4,0.385,0.6209,8561,0
SPY190508C292,2019-05-07,2019-05-07 09:51:40,0.39,0.629,797,0.38,0.6129,100,0.39,0.629,4,0.385,0.6209,8561,0
SPY190508C292,2019-05-07,2019-05-07 09:51:41,0.39,0.629,1,0.38,0.6129,360,0.39,0.629,4,0.385,0.6209,8561,0
SPY190508C292,2019-05-07,2019-05-07 09:51:42,0.4,0.6451,758,0.39,0.629,100,0.39,0.629,1,0.395,0.637,8562,1
SPY190508C292,2019-05-07,2019-05-07 09:51:44,0.4,0.6451,319,0.39,0.629,82,0.39,0.629,1,0.395,0.637,8562,0
SPY190508C292,2019-05-07,2019-05-07 09:51:45,0.4,0.6451,28,0.39,0.629,985,0.4,0.6451,15,0.395,0.637,8577,15
SPY190508C292,2019-05-07,2019-05-07 09:51:47,0.4,0.6451,28,0.39,0.629,1623,0.4,0.6451,15,0.395,0.637,8577,0
SPY190508C292,2019-05-07,2019-05-07 09:51:48,0.4,0.6451,28,0.39,0.629,952,0.41,0.6612,2,0.395,0.637,8579,2
SPY190508C292,2019-05-07,2019-05-07 09:51:50,0.4,0.6451,38,0.39,0.629,299,0.41,0.6612,2,0.395,0.637,8579,0
SPY190508C292,2019-05-07,2019-05-07 09:51:51,0.4,0.6451,1136,0.39,0.629,50,0.41,0.6612,2,0.395,0.637,8579,0
SPY190508C292,2019-05-07,2019-05-07 09:51:53,0.4,0.6451,200,0.39,0.629,2,0.41,0.6612,2,0.395,0.637,8579,0
SPY190508C292,2019-05-07,2019-05-07 09:51:54,0.4,0.6451,486,0.39,0.629,50,0.41,0.6612,2,0.395,0.637,8579,0
SPY190508C292,2019-05-07,2019-05-07 09:51:56,0.4,0.6451,1823,0.39,0.629,50,0.41,0.6612,2,0.395,0.637,8579,0
SPY190508C292,2019-05-07,2019-05-07 09:51:57,0.4,0.6451,1789,0.39,0.629,50,0.41,0.6612,2,0.395,0.637,8579,0
SPY190508C292,2019-05-07,2019-05-07 09:51:59,0.4,0.6451,1823,0.39,0.629,50,0.41,0.6612,2,0.395,0.637,8579,0
SPY190508C292,2019-05-07,2019-05-07 09:52:00,0.4,0.6451,1823,0.39,0.629,50,0.41,0.6612,2,0.395,0.637,8579,0
SPY190508C292,2019-05-07,2019-05-07 09:52:01,0.4,0.6451,1823,0.39,0.629,50,0.4,0.6451,3,0.395,0.637,8582,3
SPY190508C292,2019-05-07,2019-05-07 09:52:03,0.4,0.6451,28,0.39,0.629,155,0.4,0.6451,3,0.395,0.637,8582,0
SPY190508C292,2019-05-07,2019-05-07 09:52:04,0.4,0.6451,210,0.39,0.629,212,0.4,0.6451,3,0.395,0.637,8582,0
SPY190508C292,2019-05-07,2019-05-07 09:52:06,0.4,0.6451,1394,0.39,0.629,100,0.39,0.629,5,0.395,0.637,8588,6
SPY190508C292,2019-05-07,2019-05-07 09:52:07,0.4,0.6451,1535,0.39,0.629,2,0.39,0.629,5,0.395,0.637,8588,0
SPY190508C292,2019-05-07,2019-05-07 09:52:09,0.4,0.6451,1734,0.39,0.629,2,0.39,0.629,5,0.395,0.637,8588,0
SPY190508C292,2019-05-07,2019-05-07 09:52:10,0.4,0.6451,2239,0.39,0.629,2,0.39,0.629,1,0.395,0.637,8589,1
SPY190508C292,2019-05-07,2019-05-07 09:52:11,0.4,0.6451,2279,0.39,0.629,2,0.39,0.629,1,0.395,0.637,8589,0
SPY190508C292,2019-05-07,2019-05-07 09:52:13,0.4,0.6451,1832,0.39,0.629,50,0.39,0.629,1,0.395,0.637,8589,0
SPY190508C292,2019-05-07,2019-05-07 09:52:14,0.4,0.6451,1985,0.39,0.629,2,0.39,0.629,1,0.395,0.637,8589,0
SPY190508C292,2019-05-07,2019-05-07 09:52:16,0.39,0.629,1573,0.38,0.6129,98,0.39,0.629,10,0.385,0.6209,8603,14
SPY190508C292,2019-05-07,2019-05-07 09:52:17,0.39,0.629,1418,0.38,0.6129,98,0.39,0.629,10,0.385,0.6209,8603,0
SPY190508C292,2019-05-07,2019-05-07 09:52:19,0.4,0.6451,28,0.39,0.629,384,0.39,0.629,10,0.395,0.637,8613,10
SPY190508C292,2019-05-07,2019-05-07 09:52:20,0.4,0.6451,28,0.39,0.629,1523,0.39,0.629,10,0.395,0.637,8613,0
SPY190508C292,2019-05-07,2019-05-07 09:52:22,0.4,0.6451,38,0.39,0.629,1373,0.39,0.629,10,0.395,0.637,8613,0
SPY190508C292,2019-05-07,2019-05-07 09:52:24,0.4,0.6451,1305,0.39,0.629,100,0.39,0.629,10,0.395,0.637,8631,18
SPY190508C292,2019-05-07,2019-05-07 09:52:25,0.4,0.6451,28,0.39,0.629,752,0.39,0.629,10,0.395,0.637,8631,0
SPY190508C292,2019-05-07,2019-05-07 09:52:27,0.4,0.6451,28,0.39,0.629,1763,0.39,0.629,10,0.395,0.637,8631,0
SPY190508C292,2019-05-07,2019-05-07 09:52:28,0.41,0.6612,80,0.4,0.6451,250,0.4,0.6451,1,0.405,0.6532,8660,29
SPY190508C292,2019-05-07,2019-05-07 09:52:29,0.42,0.6774,1664,0.41,0.6612,79,0.41,0.6612,1,0.415,0.6693,8661,1
SPY190508C292,2019-05-07,2019-05-07 09:52:31,0.42,0.6774,976,0.41,0.6612,50,0.41,0.6612,1,0.415,0.6693,8661,0
SPY190508C292,2019-05-07,2019-05-07 09:52:32,0.42,0.6774,1829,0.4,0.6451,1163,0.41,0.6612,1,0.41,0.6612,8661,0
SPY190508C292,2019-05-07,2019-05-07 09:52:34,0.41,0.6612,1,0.4,0.6451,1163,0.41,0.6612,1,0.405,0.6532,8661,0
SPY190508C292,2019-05-07,2019-05-07 09:52:35,0.41,0.6612,1,0.4,0.6451,1029,0.41,0.6612,1,0.405,0.6532,8661,0
SPY190508C292,2019-05-07,2019-05-07 09:52:36,0.41,0.6612,1,0.4,0.6451,1773,0.41,0.6612,1,0.405,0.6532,8661,0
SPY190508C292,2019-05-07,2019-05-07 09:52:38,0.41,0.6612,1,0.4,0.6451,1773,0.41,0.6612,1,0.405,0.6532,8661,0
SPY190508C292,2019-05-07,2019-05-07 09:52:39,0.41,0.6612,1,0.4,0.6451,230,0.41,0.6612,1,0.405,0.6532,8661,0
SPY190508C292,2019-05-07,2019-05-07 09:52:41,0.41,0.6612,1,0.4,0.6451,1973,0.41,0.6612,1,0.405,0.6532,8661,0
SPY190508C292,2019-05-07,2019-05-07 09:52:42,0.43,0.6935,766,0.41,0.6612,162,0.41,0.6612,1,0.42,0.6774,8662,1
SPY190508C292,2019-05-07,2019-05-07 09:52:44,0.43,0.6935,70,0.42,0.6774,325,0.41,0.6612,1,0.425,0.6854,8662,0
SPY190508C292,2019-05-07,2019-05-07 09:52:46,0.45,0.7258,104,0.44,0.7096,89,0.41,0.6612,1,0.445,0.7177,8662,0
SPY190508C292,2019-05-07,2019-05-07 09:52:47,0.45,0.7258,292,0.44,0.7096,169,0.41,0.6612,1,0.445,0.7177,8662,0
SPY190508C292,2019-05-07,2019-05-07 09:52:49,0.45,0.7258,441,0.44,0.7096,12,0.41,0.6612,1,0.445,0.7177,8662,0
SPY190508C292,2019-05-07,2019-05-07 09:52:50,0.45,0.7258,1329,0.44,0.7096,12,0.41,0.6612,1,0.445,0.7177,8662,0
SPY190508C292,2019-05-07,2019-05-07 09:52:52,0.45,0.7258,1280,0.44,0.7096,60,0.41,0.6612,1,0.445,0.7177,8662,0
SPY190508C292,2019-05-07,2019-05-07 09:52:53,0.44,0.7096,1270,0.43,0.6935,88,0.44,0.7096,1,0.435,0.7016,8675,13
SPY190508C292,2019-05-07,2019-05-07 09:52:55,0.44,0.7096,980,0.42,0.6774,1077,0.44,0.7096,1,0.43,0.6935,8675,0
SPY190508C292,2019-05-07,2019-05-07 09:52:56,0.44,0.7096,179,0.43,0.6935,165,0.44,0.7096,1,0.435,0.7016,8675,0
SPY190508C292,2019-05-07,2019-05-07 09:52:58,0.45,0.7258,1123,0.43,0.6935,69,0.44,0.7096,1,0.44,0.7096,8675,0
SPY190508C292,2019-05-07,2019-05-07 09:52:59,0.45,0.7258,520,0.44,0.7096,37,0.44,0.7096,1,0.445,0.7177,8675,0
SPY190508C292,2019-05-07,2019-05-07 09:53:00,0.45,0.7258,150,0.44,0.7096,100,0.44,0.7096,1,0.445,0.7177,8675,0
SPY190508C292,2019-05-07,2019-05-07 09:53:02,0.46,0.7419,135,0.45,0.7258,37,0.44,0.7096,1,0.455,0.7338,8675,0
SPY190508C292,2019-05-07,2019-05-07 09:53:03,0.45,0.7258,99,0.44,0.7096,183,0.44,0.7096,7,0.445,0.7177,8690,15
SPY190508C292,2019-05-07,2019-05-07 09:53:05,0.45,0.7258,134,0.44,0.7096,100,0.44,0.7096,7,0.445,0.7177,8690,0
SPY190508C292,2019-05-07,2019-05-07 09:53:07,0.45,0.7258,90,0.44,0.7096,100,0.45,0.7258,3,0.445,0.7177,8703,13
SPY190508C292,2019-05-07,2019-05-07 09:53:08,0.45,0.7258,18,0.44,0.7096,295,0.45,0.7258,2,0.445,0.7177,8730,27
SPY190508C292,2019-05-07,2019-05-07 09:53:10,0.45,0.7258,15,0.44,0.7096,992,0.45,0.7258,1,0.445,0.7177,8731,1
SPY190508C292,2019-05-07,2019-05-07 09:53:11,0.46,0.7419,184,0.44,0.7096,69,0.45,0.7258,1,0.45,0.7258,8749,18
SPY190508C292,2019-05-07,2019-05-07 09:53:13,0.46,0.7419,100,0.45,0.7258,100,0.45,0.7258,1,0.455,0.7338,8749,0
SPY190508C292,2019-05-07,2019-05-07 09:53:15,0.47,0.758,344,0.46,0.7419,81,0.45,0.7258,1,0.465,0.75,8749,0
SPY190508C292,2019-05-07,2019-05-07 09:53:16,0.47,0.758,1060,0.46,0.7419,95,0.47,0.758,10,0.465,0.75,8759,10
SPY190508C292,2019-05-07,2019-05-07 09:53:18,0.47,0.758,150,0.46,0.7419,100,0.47,0.758,10,0.465,0.75,8759,0
SPY190508C292,2019-05-07,2019-05-07 09:53:19,0.47,0.758,200,0.46,0.7419,100,0.47,0.758,10,0.465,0.75,8759,0
