symbol,Date,quote_time,ask_price,norm_ask_price,ask_size,bid_price,norm_bid_price,bid_size,last_trade_price,norm_last_trade_price,last_trade_size,mark_price,norm_mark_price,volume,Volume
SPY190508C291,2019-05-07,2019-05-07 09:30:39,1.07,1.0,140,1.06,0.9906,1,1.06,0.9906,3,1.065,0.9953,745,745
SPY190508C291,2019-05-07,2019-05-07 09:30:43,1.07,1.0,100,1.06,0.9906,1,1.07,1.0,12,1.065,0.9953,779,34
SPY190508C291,2019-05-07,2019-05-07 09:30:44,1.07,1.0,100,1.06,0.9906,1,1.07,1.0,50,1.065,0.9953,830,51
SPY190508C291,2019-05-07,2019-05-07 09:30:46,1.07,1.0,104,1.06,0.9906,1,1.06,0.9906,10,1.065,0.9953,840,10
SPY190508C291,2019-05-07,2019-05-07 09:30:47,1.07,1.0,103,1.06,0.9906,1,1.07,1.0,1,1.065,0.9953,841,1
SPY190508C291,2019-05-07,2019-05-07 09:30:49,1.06,0.9906,24,1.05,0.9813,3,1.07,1.0,1,1.055,0.9859,873,32
SPY190508C291,2019-05-07,2019-05-07 09:30:51,1.04,0.9719,130,1.02,0.9532,50,1.05,0.9813,1,1.03,0.9626,889,16
SPY190508C291,2019-05-07,2019-05-07 09:30:53,1.07,1.0,75,1.02,0.9532,621,1.04,0.9719,1,1.045,0.9766,891,2
SPY190508C291,2019-05-07,2019-05-07 09:30:54,1.09,1.0186,306,1.05,0.9813,690,1.05,0.9813,1,1.07,1.0,892,1
SPY190508C291,2019-05-07,2019-05-07 09:30:55,1.09,1.0186,100,1.06,0.9906,86,1.05,0.9813,1,1.075,1.0046,892,0
SPY190508C291,2019-05-07,2019-05-07 09:30:57,1.09,1.0186,90,1.07,1.0,1,1.05,0.9813,1,1.08,1.0093,892,0
SPY190508C291,2019-05-07,2019-05-07 09:30:58,1.09,1.0186,55,1.07,1.0,727,1.05,0.9813,1,1.08,1.0093,892,0
SPY190508C291,2019-05-07,2019-05-07 09:31:00,1.11,1.0373,95,1.07,1.0,100,1.07,1.0,100,1.09,1.0186,998,106
SPY190508C291,2019-05-07,2019-05-07 09:31:01,1.1,1.028,90,1.08,1.0093,29,1.09,1.0186,1,1.09,1.0186,1002,4
SPY190508C291,2019-05-07,2019-05-07 09:31:03,1.09,1.0186,90,1.08,1.0093,1,1.1,1.028,7,1.085,1.014,1014,12
SPY190508C291,2019-05-07,2019-05-07 09:31:05,1.1,1.028,67,1.08,1.0093,29,1.1,1.028,390,1.09,1.0186,1516,502
SPY190508C291,2019-05-07,2019-05-07 09:31:06,1.1,1.028,25,1.08,1.0093,156,1.08,1.0093,3,1.09,1.0186,1523,7
SPY190508C291,2019-05-07,2019-05-07 09:31:08,1.11,1.0373,34,1.09,1.0186,4,1.1,1.028,4,1.1,1.028,1527,4
SPY190508C291,2019-05-07,2019-05-07 09:31:10,1.12,1.0467,157,1.1,1.028,4,1.11,1.0373,5,1.11,1.0373,1539,12
SPY190508C291,2019-05-07,2019-05-07 09:31:12,1.12,1.0467,2,1.1,1.028,4,1.12,1.0467,10,1.11,1.0373,1549,10
SPY190508C291,2019-05-07,2019-05-07 09:31:14,1.12,1.0467,345,1.11,1.0373,1,1.11,1.0373,49,1.115,1.042,1603,54
SPY190508C291,2019-05-07,2019-05-07 09:31:19,1.11,1.0373,66,1.09,1.0186,10,1.11,1.0373,4,1.1,1.028,1663,60
SPY190508C291,2019-05-07,2019-05-07 09:31:21,1.11,1.0373,50,1.1,1.028,2,1.09,1.0186,10,1.105,1.0327,1678,15
SPY190508C291,2019-05-07,2019-05-07 09:31:22,1.11,1.0373,170,1.1,1.028,2,1.11,1.0373,10,1.105,1.0327,1698,20
SPY190508C291,2019-05-07,2019-05-07 09:31:24,1.1,1.028,90,1.09,1.0186,10,1.11,1.0373,1,1.095,1.0233,1703,5
SPY190508C291,2019-05-07,2019-05-07 09:31:28,1.1,1.028,170,1.08,1.0093,50,1.09,1.0186,2,1.09,1.0186,1754,51
SPY190508C291,2019-05-07,2019-05-07 09:31:30,1.09,1.0186,5,1.08,1.0093,100,1.09,1.0186,2,1.085,1.014,1754,0
SPY190508C291,2019-05-07,2019-05-07 09:31:32,1.12,1.0467,180,1.09,1.0186,61,1.09,1.0186,5,1.105,1.0327,1759,5
SPY190508C291,2019-05-07,2019-05-07 09:31:34,1.11,1.0373,50,1.09,1.0186,61,1.11,1.0373,5,1.1,1.028,1768,9
SPY190508C291,2019-05-07,2019-05-07 09:31:35,1.13,1.056,355,1.1,1.028,5,1.11,1.0373,5,1.115,1.042,1768,0
SPY190508C291,2019-05-07,2019-05-07 09:31:37,1.12,1.0467,95,1.1,1.028,7,1.11,1.0373,5,1.11,1.0373,1768,0
SPY190508C291,2019-05-07,2019-05-07 09:31:39,1.12,1.0467,100,1.11,1.0373,1,1.12,1.0467,10,1.115,1.042,1787,19
SPY190508C291,2019-05-07,2019-05-07 09:31:41,1.13,1.056,160,1.12,1.0467,1,1.13,1.056,3,1.125,1.0514,1805,18
SPY190508C291,2019-05-07,2019-05-07 09:31:42,1.12,1.0467,96,1.11,1.0373,11,1.12,1.0467,1,1.115,1.042,1809,4
SPY190508C291,2019-05-07,2019-05-07 09:31:44,1.13,1.056,2,1.11,1.0373,11,1.12,1.0467,1,1.12,1.0467,1809,0
SPY190508C291,2019-05-07,2019-05-07 09:31:45,1.12,1.0467,100,1.11,1.0373,11,1.12,1.0467,3,1.115,1.042,1867,58
SPY190508C291,2019-05-07,2019-05-07 09:31:47,1.12,1.0467,1,1.11,1.0373,11,1.12,1.0467,5,1.115,1.042,1878,11
SPY190508C291,2019-05-07,2019-05-07 09:31:48,1.12,1.0467,50,1.1,1.028,4,1.11,1.0373,4,1.11,1.0373,1928,50
SPY190508C291,2019-05-07,2019-05-07 09:31:50,1.12,1.0467,243,1.1,1.028,50,1.11,1.0373,23,1.11,1.0373,1965,37
SPY190508C291,2019-05-07,2019-05-07 09:31:51,1.12,1.0467,135,1.1,1.028,26,1.12,1.0467,1,1.11,1.0373,1966,1
SPY190508C291,2019-05-07,2019-05-07 09:31:53,1.12,1.0467,43,1.1,1.028,50,1.12,1.0467,1,1.11,1.0373,1972,6
SPY190508C291,2019-05-07,2019-05-07 09:31:54,1.12,1.0467,64,1.1,1.028,4,1.13,1.056,5,1.11,1.0373,1978,6
SPY190508C291,2019-05-07,2019-05-07 09:31:56,1.1,1.028,19,1.09,1.0186,11,1.1,1.028,1,1.095,1.0233,1993,15
SPY190508C291,2019-05-07,2019-05-07 09:31:59,1.1,1.028,40,1.09,1.0186,11,1.09,1.0186,3,1.095,1.0233,1997,4
SPY190508C291,2019-05-07,2019-05-07 09:32:00,1.11,1.0373,155,1.09,1.0186,10,1.09,1.0186,1,1.1,1.028,1998,1
SPY190508C291,2019-05-07,2019-05-07 09:32:02,1.1,1.028,350,1.09,1.0186,8,1.09,1.0186,2,1.095,1.0233,2010,12
SPY190508C291,2019-05-07,2019-05-07 09:32:03,1.09,1.0186,87,1.08,1.0093,16,1.08,1.0093,1,1.085,1.014,2019,9
SPY190508C291,2019-05-07,2019-05-07 09:32:05,1.09,1.0186,74,1.08,1.0093,7,1.08,1.0093,4,1.085,1.014,2028,9
SPY190508C291,2019-05-07,2019-05-07 09:32:08,1.07,1.0,76,1.05,0.9813,61,1.06,0.9906,1,1.06,0.9906,2069,41
SPY190508C291,2019-05-07,2019-05-07 09:32:12,1.06,0.9906,140,1.04,0.9719,50,1.06,0.9906,2,1.05,0.9813,2146,77
SPY190508C291,2019-05-07,2019-05-07 09:32:13,1.06,0.9906,295,1.03,0.9626,690,1.06,0.9906,2,1.045,0.9766,2146,0
SPY190508C291,2019-05-07,2019-05-07 09:32:15,1.06,0.9906,71,1.03,0.9626,604,1.06,0.9906,2,1.045,0.9766,2146,0
SPY190508C291,2019-05-07,2019-05-07 09:32:16,1.06,0.9906,489,1.03,0.9626,690,1.06,0.9906,2,1.045,0.9766,2146,0
SPY190508C291,2019-05-07,2019-05-07 09:32:17,1.07,1.0,141,1.03,0.9626,693,1.06,0.9906,2,1.05,0.9813,2146,0
SPY190508C291,2019-05-07,2019-05-07 09:32:19,1.06,0.9906,84,1.03,0.9626,4,1.06,0.9906,2,1.045,0.9766,2146,0
SPY190508C291,2019-05-07,2019-05-07 09:32:20,1.06,0.9906,140,1.03,0.9626,100,1.03,0.9626,1,1.045,0.9766,2147,1
SPY190508C291,2019-05-07,2019-05-07 09:32:22,1.05,0.9813,101,1.03,0.9626,50,1.05,0.9813,18,1.04,0.9719,2177,30
SPY190508C291,2019-05-07,2019-05-07 09:32:24,1.04,0.9719,48,1.03,0.9626,50,1.05,0.9813,8,1.035,0.9672,2185,8
SPY190508C291,2019-05-07,2019-05-07 09:32:25,1.04,0.9719,48,1.03,0.9626,50,1.05,0.9813,8,1.035,0.9672,2185,0
SPY190508C291,2019-05-07,2019-05-07 09:32:27,1.04,0.9719,1,1.03,0.9626,50,1.05,0.9813,8,1.035,0.9672,2185,0
SPY190508C291,2019-05-07,2019-05-07 09:32:28,1.04,0.9719,68,1.03,0.9626,50,1.03,0.9626,7,1.035,0.9672,2192,7
SPY190508C291,2019-05-07,2019-05-07 09:32:30,1.04,0.9719,68,1.03,0.9626,4,1.03,0.9626,7,1.035,0.9672,2192,0
SPY190508C291,2019-05-07,2019-05-07 09:32:31,1.04,0.9719,147,1.03,0.9626,4,1.03,0.9626,7,1.035,0.9672,2192,0
SPY190508C291,2019-05-07,2019-05-07 09:32:32,1.04,0.9719,77,1.03,0.9626,4,1.03,0.9626,7,1.035,0.9672,2192,0
SPY190508C291,2019-05-07,2019-05-07 09:32:34,1.04,0.9719,77,1.03,0.9626,4,1.04,0.9719,2,1.035,0.9672,2194,2
SPY190508C291,2019-05-07,2019-05-07 09:32:35,1.04,0.9719,1,1.03,0.9626,81,1.04,0.9719,2,1.035,0.9672,2194,0
SPY190508C291,2019-05-07,2019-05-07 09:32:37,1.06,0.9906,40,1.03,0.9626,103,1.04,0.9719,1,1.045,0.9766,2196,2
SPY190508C291,2019-05-07,2019-05-07 09:32:39,1.06,0.9906,25,1.03,0.9626,23,1.04,0.9719,1,1.045,0.9766,2196,0
SPY190508C291,2019-05-07,2019-05-07 09:32:40,1.04,0.9719,6,1.01,0.9439,59,1.04,0.9719,1,1.025,0.9579,2196,0
SPY190508C291,2019-05-07,2019-05-07 09:32:41,1.03,0.9626,60,1.01,0.9439,53,1.04,0.9719,2,1.02,0.9532,2198,2
SPY190508C291,2019-05-07,2019-05-07 09:32:43,1.02,0.9532,96,1.01,0.9439,53,1.04,0.9719,2,1.015,0.9485,2198,0
SPY190508C291,2019-05-07,2019-05-07 09:32:44,1.03,0.9626,48,1.01,0.9439,52,1.04,0.9719,2,1.02,0.9532,2198,0
SPY190508C291,2019-05-07,2019-05-07 09:32:46,1.03,0.9626,157,1.01,0.9439,52,1.04,0.9719,2,1.02,0.9532,2198,0
SPY190508C291,2019-05-07,2019-05-07 09:32:47,1.07,1.0,200,1.02,0.9532,154,1.03,0.9626,25,1.045,0.9766,2223,25
SPY190508C291,2019-05-07,2019-05-07 09:32:49,1.09,1.0186,176,1.04,0.9719,277,1.05,0.9813,116,1.065,0.9953,2339,116
SPY190508C291,2019-05-07,2019-05-07 09:32:50,1.08,1.0093,80,1.03,0.9626,83,1.05,0.9813,116,1.055,0.9859,2339,0
SPY190508C291,2019-05-07,2019-05-07 09:32:51,1.1,1.028,180,1.06,0.9906,90,1.04,0.9719,1,1.08,1.0093,2340,1
SPY190508C291,2019-05-07,2019-05-07 09:32:53,1.1,1.028,141,1.05,0.9813,100,1.04,0.9719,1,1.075,1.0046,2340,0
SPY190508C291,2019-05-07,2019-05-07 09:32:54,1.07,1.0,220,1.04,0.9719,100,1.07,1.0,1,1.055,0.9859,2342,2
SPY190508C291,2019-05-07,2019-05-07 09:32:56,1.07,1.0,75,1.04,0.9719,1,1.04,0.9719,5,1.055,0.9859,2347,5
SPY190508C291,2019-05-07,2019-05-07 09:32:57,1.08,1.0093,75,1.06,0.9906,82,1.04,0.9719,5,1.07,1.0,2347,0
SPY190508C291,2019-05-07,2019-05-07 09:32:59,1.1,1.028,126,1.06,0.9906,100,1.08,1.0093,60,1.08,1.0093,2408,61
SPY190508C291,2019-05-07,2019-05-07 09:33:00,1.1,1.028,141,1.07,1.0,1,1.08,1.0093,1,1.085,1.014,2414,6
SPY190508C291,2019-05-07,2019-05-07 09:33:02,1.08,1.0093,3,1.07,1.0,100,1.08,1.0093,1,1.075,1.0046,2414,0
SPY190508C291,2019-05-07,2019-05-07 09:33:04,1.08,1.0093,3,1.07,1.0,25,1.09,1.0186,3,1.075,1.0046,2417,3
SPY190508C291,2019-05-07,2019-05-07 09:33:05,1.09,1.0186,56,1.08,1.0093,7,1.08,1.0093,2,1.085,1.014,2419,2
SPY190508C291,2019-05-07,2019-05-07 09:33:07,1.08,1.0093,60,1.07,1.0,25,1.08,1.0093,3,1.075,1.0046,2426,7
SPY190508C291,2019-05-07,2019-05-07 09:33:08,1.08,1.0093,1,1.07,1.0,50,1.08,1.0093,1,1.075,1.0046,2428,2
SPY190508C291,2019-05-07,2019-05-07 09:33:09,1.09,1.0186,190,1.07,1.0,50,1.08,1.0093,1,1.08,1.0093,2428,0
SPY190508C291,2019-05-07,2019-05-07 09:33:11,1.09,1.0186,393,1.07,1.0,50,1.08,1.0093,1,1.08,1.0093,2428,0
SPY190508C291,2019-05-07,2019-05-07 09:33:12,1.09,1.0186,393,1.08,1.0093,10,1.09,1.0186,500,1.085,1.014,2928,500
SPY190508C291,2019-05-07,2019-05-07 09:33:14,1.08,1.0093,170,1.07,1.0,25,1.08,1.0093,10,1.075,1.0046,2938,10
SPY190508C291,2019-05-07,2019-05-07 09:33:15,1.07,1.0,90,1.04,0.9719,485,1.04,0.9719,2,1.055,0.9859,2965,27
SPY190508C291,2019-05-07,2019-05-07 09:33:17,1.07,1.0,100,1.04,0.9719,439,1.04,0.9719,2,1.055,0.9859,2965,0
SPY190508C291,2019-05-07,2019-05-07 09:33:18,1.07,1.0,170,1.04,0.9719,100,1.04,0.9719,2,1.055,0.9859,2965,0
SPY190508C291,2019-05-07,2019-05-07 09:33:20,1.08,1.0093,80,1.05,0.9813,100,1.04,0.9719,2,1.065,0.9953,2965,0
SPY190508C291,2019-05-07,2019-05-07 09:33:21,1.08,1.0093,80,1.05,0.9813,299,1.04,0.9719,2,1.065,0.9953,2965,0
SPY190508C291,2019-05-07,2019-05-07 09:33:23,1.08,1.0093,56,1.06,0.9906,86,1.07,1.0,1,1.07,1.0,2966,1
SPY190508C291,2019-05-07,2019-05-07 09:33:24,1.07,1.0,75,1.06,0.9906,6,1.07,1.0,1,1.065,0.9953,2968,2
SPY190508C291,2019-05-07,2019-05-07 09:33:26,1.07,1.0,90,1.06,0.9906,44,1.07,1.0,1,1.065,0.9953,2968,0
SPY190508C291,2019-05-07,2019-05-07 09:33:27,1.09,1.0186,100,1.07,1.0,50,1.07,1.0,1,1.08,1.0093,2969,1
SPY190508C291,2019-05-07,2019-05-07 09:33:29,1.09,1.0186,140,1.07,1.0,50,1.07,1.0,1,1.08,1.0093,2970,1
SPY190508C291,2019-05-07,2019-05-07 09:33:30,1.09,1.0186,140,1.07,1.0,50,1.07,1.0,1,1.08,1.0093,2970,0
SPY190508C291,2019-05-07,2019-05-07 09:33:32,1.09,1.0186,140,1.07,1.0,50,1.08,1.0093,2,1.08,1.0093,2972,2
SPY190508C291,2019-05-07,2019-05-07 09:33:33,1.08,1.0093,405,1.07,1.0,1,1.08,1.0093,2,1.075,1.0046,2972,0
SPY190508C291,2019-05-07,2019-05-07 09:33:35,1.07,1.0,50,1.06,0.9906,6,1.07,1.0,1,1.065,0.9953,2973,1
SPY190508C291,2019-05-07,2019-05-07 09:33:36,1.07,1.0,75,1.06,0.9906,6,1.07,1.0,1,1.065,0.9953,2974,1
SPY190508C291,2019-05-07,2019-05-07 09:33:38,1.07,1.0,170,1.06,0.9906,6,1.06,0.9906,1,1.065,0.9953,2975,1
SPY190508C291,2019-05-07,2019-05-07 09:33:39,1.07,1.0,115,1.06,0.9906,6,1.06,0.9906,1,1.065,0.9953,2975,0
SPY190508C291,2019-05-07,2019-05-07 09:33:40,1.09,1.0186,180,1.06,0.9906,50,1.07,1.0,1,1.075,1.0046,2981,6
SPY190508C291,2019-05-07,2019-05-07 09:33:42,1.09,1.0186,345,1.06,0.9906,90,1.07,1.0,1,1.075,1.0046,2981,0
SPY190508C291,2019-05-07,2019-05-07 09:33:43,1.09,1.0186,393,1.06,0.9906,90,1.07,1.0,1,1.075,1.0046,2981,0
SPY190508C291,2019-05-07,2019-05-07 09:33:45,1.09,1.0186,140,1.06,0.9906,100,1.07,1.0,1,1.075,1.0046,2981,0
SPY190508C291,2019-05-07,2019-05-07 09:33:46,1.08,1.0093,150,1.06,0.9906,50,1.07,1.0,1,1.07,1.0,2981,0
SPY190508C291,2019-05-07,2019-05-07 09:33:48,1.08,1.0093,131,1.06,0.9906,50,1.08,1.0093,50,1.07,1.0,3031,50
SPY190508C291,2019-05-07,2019-05-07 09:33:49,1.08,1.0093,97,1.06,0.9906,50,1.08,1.0093,50,1.07,1.0,3031,0
SPY190508C291,2019-05-07,2019-05-07 09:33:51,1.08,1.0093,139,1.05,0.9813,100,1.07,1.0,3,1.065,0.9953,3034,3
SPY190508C291,2019-05-07,2019-05-07 09:33:52,1.08,1.0093,113,1.05,0.9813,100,1.07,1.0,3,1.065,0.9953,3034,0
SPY190508C291,2019-05-07,2019-05-07 09:33:54,1.08,1.0093,71,1.05,0.9813,21,1.07,1.0,3,1.065,0.9953,3034,0
SPY190508C291,2019-05-07,2019-05-07 09:33:55,1.09,1.0186,25,1.07,1.0,1,1.07,1.0,1,1.08,1.0093,3035,1
SPY190508C291,2019-05-07,2019-05-07 09:33:56,1.11,1.0373,100,1.09,1.0186,50,1.07,1.0,1,1.1,1.028,3035,0
SPY190508C291,2019-05-07,2019-05-07 09:33:58,1.11,1.0373,186,1.09,1.0186,2,1.09,1.0186,10,1.1,1.028,3045,10
SPY190508C291,2019-05-07,2019-05-07 09:33:59,1.1,1.028,75,1.09,1.0186,43,1.1,1.028,2,1.095,1.0233,3047,2
SPY190508C291,2019-05-07,2019-05-07 09:34:01,1.1,1.028,75,1.09,1.0186,48,1.1,1.028,2,1.095,1.0233,3047,0
SPY190508C291,2019-05-07,2019-05-07 09:34:02,1.1,1.028,15,1.09,1.0186,48,1.09,1.0186,5,1.095,1.0233,3052,5
SPY190508C291,2019-05-07,2019-05-07 09:34:04,1.1,1.028,21,1.09,1.0186,48,1.09,1.0186,5,1.095,1.0233,3052,0
SPY190508C291,2019-05-07,2019-05-07 09:34:05,1.1,1.028,10,1.09,1.0186,48,1.09,1.0186,5,1.095,1.0233,3052,0
SPY190508C291,2019-05-07,2019-05-07 09:34:07,1.12,1.0467,93,1.09,1.0186,153,1.1,1.028,2,1.105,1.0327,3063,11
SPY190508C291,2019-05-07,2019-05-07 09:34:08,1.13,1.056,115,1.1,1.028,100,1.1,1.028,2,1.115,1.042,3063,0
SPY190508C291,2019-05-07,2019-05-07 09:34:10,1.13,1.056,180,1.11,1.0373,10,1.13,1.056,2,1.12,1.0467,3065,2
SPY190508C291,2019-05-07,2019-05-07 09:34:11,1.13,1.056,115,1.12,1.0467,1,1.13,1.056,1,1.125,1.0514,3066,1
SPY190508C291,2019-05-07,2019-05-07 09:34:13,1.13,1.056,385,1.11,1.0373,10,1.12,1.0467,2,1.12,1.0467,3069,3
SPY190508C291,2019-05-07,2019-05-07 09:34:14,1.13,1.056,353,1.11,1.0373,29,1.13,1.056,1,1.12,1.0467,3070,1
SPY190508C291,2019-05-07,2019-05-07 09:34:16,1.12,1.0467,180,1.11,1.0373,10,1.13,1.056,1,1.115,1.042,3070,0
SPY190508C291,2019-05-07,2019-05-07 09:34:17,1.1,1.028,387,1.09,1.0186,2,1.09,1.0186,1,1.095,1.0233,3095,25
SPY190508C291,2019-05-07,2019-05-07 09:34:18,1.09,1.0186,387,1.07,1.0,1,1.08,1.0093,2,1.08,1.0093,3097,2
SPY190508C291,2019-05-07,2019-05-07 09:34:20,1.09,1.0186,104,1.07,1.0,1,1.08,1.0093,2,1.08,1.0093,3097,0
SPY190508C291,2019-05-07,2019-05-07 09:34:21,1.08,1.0093,75,1.07,1.0,1,1.08,1.0093,5,1.075,1.0046,3102,5
SPY190508C291,2019-05-07,2019-05-07 09:34:23,1.08,1.0093,88,1.07,1.0,1,1.08,1.0093,10,1.075,1.0046,3117,15
SPY190508C291,2019-05-07,2019-05-07 09:34:24,1.08,1.0093,88,1.07,1.0,1,1.08,1.0093,10,1.075,1.0046,3117,0
SPY190508C291,2019-05-07,2019-05-07 09:34:25,1.08,1.0093,170,1.07,1.0,1,1.08,1.0093,3,1.075,1.0046,3125,8
SPY190508C291,2019-05-07,2019-05-07 09:34:27,1.09,1.0186,120,1.07,1.0,50,1.08,1.0093,3,1.08,1.0093,3125,0
SPY190508C291,2019-05-07,2019-05-07 09:34:28,1.09,1.0186,120,1.08,1.0093,2,1.08,1.0093,3,1.085,1.014,3125,0
SPY190508C291,2019-05-07,2019-05-07 09:34:30,1.09,1.0186,120,1.08,1.0093,8,1.08,1.0093,3,1.085,1.014,3125,0
SPY190508C291,2019-05-07,2019-05-07 09:34:31,1.11,1.0373,100,1.09,1.0186,2,1.08,1.0093,3,1.1,1.028,3125,0
SPY190508C291,2019-05-07,2019-05-07 09:34:33,1.12,1.0467,100,1.1,1.028,15,1.08,1.0093,3,1.11,1.0373,3125,0
SPY190508C291,2019-05-07,2019-05-07 09:34:34,1.1,1.028,50,1.08,1.0093,5,1.09,1.0186,11,1.09,1.0186,3138,13
SPY190508C291,2019-05-07,2019-05-07 09:34:35,1.12,1.0467,116,1.09,1.0186,752,1.09,1.0186,11,1.105,1.0327,3138,0
SPY190508C291,2019-05-07,2019-05-07 09:34:37,1.12,1.0467,70,1.09,1.0186,130,1.09,1.0186,11,1.105,1.0327,3138,0
SPY190508C291,2019-05-07,2019-05-07 09:34:38,1.13,1.056,104,1.08,1.0093,687,1.09,1.0186,11,1.105,1.0327,3138,0
SPY190508C291,2019-05-07,2019-05-07 09:34:40,1.13,1.056,115,1.1,1.028,170,1.13,1.056,10,1.115,1.042,3148,10
SPY190508C291,2019-05-07,2019-05-07 09:34:41,1.13,1.056,70,1.1,1.028,305,1.11,1.0373,20,1.115,1.042,3168,20
SPY190508C291,2019-05-07,2019-05-07 09:34:43,1.13,1.056,90,1.11,1.0373,50,1.13,1.056,1,1.12,1.0467,3169,1
SPY190508C291,2019-05-07,2019-05-07 09:34:44,1.15,1.0747,115,1.12,1.0467,100,1.13,1.056,1,1.135,1.0607,3169,0
SPY190508C291,2019-05-07,2019-05-07 09:34:45,1.14,1.0654,127,1.12,1.0467,222,1.12,1.0467,1,1.13,1.056,3170,1
SPY190508C291,2019-05-07,2019-05-07 09:34:47,1.15,1.0747,82,1.13,1.056,81,1.15,1.0747,1,1.14,1.0654,3172,2
SPY190508C291,2019-05-07,2019-05-07 09:34:48,1.15,1.0747,132,1.13,1.056,100,1.15,1.0747,1,1.14,1.0654,3172,0
SPY190508C291,2019-05-07,2019-05-07 09:34:50,1.15,1.0747,141,1.13,1.056,100,1.14,1.0654,30,1.14,1.0654,3202,30
SPY190508C291,2019-05-07,2019-05-07 09:34:51,1.15,1.0747,98,1.13,1.056,65,1.14,1.0654,30,1.14,1.0654,3202,0
SPY190508C291,2019-05-07,2019-05-07 09:34:53,1.15,1.0747,132,1.14,1.0654,1,1.15,1.0747,4,1.145,1.07,3213,11
SPY190508C291,2019-05-07,2019-05-07 09:34:54,1.15,1.0747,1,1.14,1.0654,60,1.15,1.0747,3,1.145,1.07,3216,3
SPY190508C291,2019-05-07,2019-05-07 09:34:56,1.16,1.0841,71,1.15,1.0747,1,1.16,1.0841,5,1.155,1.0794,3223,7
SPY190508C291,2019-05-07,2019-05-07 09:34:57,1.16,1.0841,56,1.15,1.0747,50,1.16,1.0841,1,1.155,1.0794,3224,1
SPY190508C291,2019-05-07,2019-05-07 09:34:59,1.17,1.0934,111,1.15,1.0747,295,1.15,1.0747,1,1.16,1.0841,3225,1
SPY190508C291,2019-05-07,2019-05-07 09:35:00,1.17,1.0934,123,1.15,1.0747,52,1.17,1.0934,1,1.16,1.0841,3226,1
SPY190508C291,2019-05-07,2019-05-07 09:35:02,1.16,1.0841,55,1.15,1.0747,33,1.16,1.0841,1,1.155,1.0794,3227,1
SPY190508C291,2019-05-07,2019-05-07 09:35:03,1.16,1.0841,66,1.15,1.0747,33,1.16,1.0841,1,1.155,1.0794,3228,1
SPY190508C291,2019-05-07,2019-05-07 09:35:05,1.17,1.0934,71,1.15,1.0747,340,1.16,1.0841,1,1.16,1.0841,3228,0
SPY190508C291,2019-05-07,2019-05-07 09:35:06,1.17,1.0934,117,1.15,1.0747,54,1.17,1.0934,6,1.16,1.0841,3234,6
SPY190508C291,2019-05-07,2019-05-07 09:35:08,1.17,1.0934,44,1.16,1.0841,33,1.16,1.0841,5,1.165,1.0887,3239,5
SPY190508C291,2019-05-07,2019-05-07 09:35:09,1.18,1.1028,79,1.17,1.0934,1,1.17,1.0934,5,1.175,1.0981,3244,5
SPY190508C291,2019-05-07,2019-05-07 09:35:10,1.18,1.1028,69,1.17,1.0934,50,1.17,1.0934,5,1.175,1.0981,3244,0
SPY190508C291,2019-05-07,2019-05-07 09:35:12,1.18,1.1028,94,1.17,1.0934,20,1.18,1.1028,1,1.175,1.0981,3245,1
SPY190508C291,2019-05-07,2019-05-07 09:35:14,1.18,1.1028,108,1.17,1.0934,42,1.18,1.1028,1,1.175,1.0981,3245,0
SPY190508C291,2019-05-07,2019-05-07 09:35:15,1.19,1.1121,73,1.17,1.0934,110,1.18,1.1028,1,1.18,1.1028,3245,0
SPY190508C291,2019-05-07,2019-05-07 09:35:16,1.19,1.1121,19,1.18,1.1028,78,1.18,1.1028,1,1.185,1.1074,3245,0
SPY190508C291,2019-05-07,2019-05-07 09:35:18,1.19,1.1121,81,1.18,1.1028,1,1.19,1.1121,9,1.185,1.1074,3254,9
SPY190508C291,2019-05-07,2019-05-07 09:35:20,1.19,1.1121,61,1.18,1.1028,14,1.19,1.1121,24,1.185,1.1074,3294,40
SPY190508C291,2019-05-07,2019-05-07 09:35:21,1.19,1.1121,18,1.18,1.1028,33,1.19,1.1121,1,1.185,1.1074,3296,2
SPY190508C291,2019-05-07,2019-05-07 09:35:23,1.19,1.1121,3,1.18,1.1028,8,1.19,1.1121,5,1.185,1.1074,3302,6
SPY190508C291,2019-05-07,2019-05-07 09:35:24,1.2,1.1214,68,1.19,1.1121,41,1.19,1.1121,5,1.195,1.1168,3312,10
SPY190508C291,2019-05-07,2019-05-07 09:35:26,1.2,1.1214,64,1.19,1.1121,39,1.2,1.1214,20,1.195,1.1168,3334,22
SPY190508C291,2019-05-07,2019-05-07 09:35:27,1.2,1.1214,58,1.19,1.1121,39,1.19,1.1121,10,1.195,1.1168,3346,12
SPY190508C291,2019-05-07,2019-05-07 09:35:29,1.2,1.1214,58,1.19,1.1121,39,1.2,1.1214,2,1.195,1.1168,3350,4
SPY190508C291,2019-05-07,2019-05-07 09:35:30,1.2,1.1214,108,1.19,1.1121,39,1.2,1.1214,5,1.195,1.1168,3357,7
SPY190508C291,2019-05-07,2019-05-07 09:35:31,1.2,1.1214,150,1.19,1.1121,39,1.2,1.1214,1,1.195,1.1168,3358,1
SPY190508C291,2019-05-07,2019-05-07 09:35:33,1.19,1.1121,76,1.18,1.1028,8,1.19,1.1121,3,1.185,1.1074,3429,71
SPY190508C291,2019-05-07,2019-05-07 09:35:34,1.19,1.1121,295,1.18,1.1028,8,1.19,1.1121,9,1.185,1.1074,3459,30
SPY190508C291,2019-05-07,2019-05-07 09:35:36,1.19,1.1121,50,1.18,1.1028,8,1.18,1.1028,8,1.185,1.1074,3474,15
SPY190508C291,2019-05-07,2019-05-07 09:35:37,1.19,1.1121,113,1.18,1.1028,1,1.19,1.1121,4,1.185,1.1074,3927,453
SPY190508C291,2019-05-07,2019-05-07 09:35:39,1.19,1.1121,86,1.18,1.1028,1,1.19,1.1121,1,1.185,1.1074,3928,1
SPY190508C291,2019-05-07,2019-05-07 09:35:41,1.19,1.1121,50,1.18,1.1028,6,1.19,1.1121,1,1.185,1.1074,3934,6
SPY190508C291,2019-05-07,2019-05-07 09:35:42,1.19,1.1121,238,1.18,1.1028,6,1.19,1.1121,5,1.185,1.1074,3941,7
SPY190508C291,2019-05-07,2019-05-07 09:35:43,1.19,1.1121,83,1.18,1.1028,3,1.19,1.1121,5,1.185,1.1074,3941,0
SPY190508C291,2019-05-07,2019-05-07 09:35:45,1.19,1.1121,113,1.18,1.1028,3,1.19,1.1121,5,1.185,1.1074,3941,0
SPY190508C291,2019-05-07,2019-05-07 09:35:47,1.19,1.1121,99,1.18,1.1028,3,1.19,1.1121,2,1.185,1.1074,3954,13
SPY190508C291,2019-05-07,2019-05-07 09:35:49,1.19,1.1121,222,1.18,1.1028,3,1.19,1.1121,1,1.185,1.1074,3955,1
SPY190508C291,2019-05-07,2019-05-07 09:35:51,1.19,1.1121,116,1.18,1.1028,3,1.19,1.1121,1,1.185,1.1074,3955,0
SPY190508C291,2019-05-07,2019-05-07 09:35:52,1.19,1.1121,117,1.17,1.0934,2,1.18,1.1028,1,1.18,1.1028,3971,16
SPY190508C291,2019-05-07,2019-05-07 09:35:54,1.19,1.1121,170,1.17,1.0934,11,1.19,1.1121,2,1.18,1.1028,3973,2
SPY190508C291,2019-05-07,2019-05-07 09:35:55,1.19,1.1121,130,1.18,1.1028,9,1.19,1.1121,1,1.185,1.1074,3975,2
SPY190508C291,2019-05-07,2019-05-07 09:35:57,1.19,1.1121,130,1.18,1.1028,16,1.19,1.1121,1,1.185,1.1074,3975,0
SPY190508C291,2019-05-07,2019-05-07 09:35:58,1.2,1.1214,2,1.19,1.1121,18,1.19,1.1121,1,1.195,1.1168,3986,11
SPY190508C291,2019-05-07,2019-05-07 09:36:00,1.2,1.1214,201,1.19,1.1121,20,1.2,1.1214,1,1.195,1.1168,3987,1
SPY190508C291,2019-05-07,2019-05-07 09:36:02,1.2,1.1214,100,1.19,1.1121,27,1.2,1.1214,1,1.195,1.1168,3988,1
SPY190508C291,2019-05-07,2019-05-07 09:36:03,1.2,1.1214,100,1.19,1.1121,11,1.19,1.1121,1,1.195,1.1168,3989,1
SPY190508C291,2019-05-07,2019-05-07 09:36:05,1.2,1.1214,48,1.19,1.1121,62,1.2,1.1214,8,1.195,1.1168,3999,10
SPY190508C291,2019-05-07,2019-05-07 09:36:06,1.21,1.1308,97,1.19,1.1121,62,1.2,1.1214,3,1.2,1.1214,4002,3
SPY190508C291,2019-05-07,2019-05-07 09:36:08,1.21,1.1308,340,1.19,1.1121,85,1.2,1.1214,3,1.2,1.1214,4002,0
SPY190508C291,2019-05-07,2019-05-07 09:36:09,1.2,1.1214,89,1.19,1.1121,11,1.2,1.1214,3,1.195,1.1168,4002,0
SPY190508C291,2019-05-07,2019-05-07 09:36:11,1.19,1.1121,421,1.18,1.1028,25,1.19,1.1121,1,1.185,1.1074,4033,31
SPY190508C291,2019-05-07,2019-05-07 09:36:12,1.19,1.1121,340,1.18,1.1028,5,1.19,1.1121,5,1.185,1.1074,4038,5
SPY190508C291,2019-05-07,2019-05-07 09:36:14,1.19,1.1121,108,1.18,1.1028,13,1.19,1.1121,95,1.185,1.1074,4353,315
SPY190508C291,2019-05-07,2019-05-07 09:36:15,1.19,1.1121,56,1.17,1.0934,87,1.19,1.1121,5,1.18,1.1028,4365,12
SPY190508C291,2019-05-07,2019-05-07 09:36:17,1.18,1.1028,11,1.17,1.0934,100,1.19,1.1121,5,1.175,1.0981,4365,0
SPY190508C291,2019-05-07,2019-05-07 09:36:18,1.18,1.1028,6,1.17,1.0934,81,1.18,1.1028,10,1.175,1.0981,4380,15
SPY190508C291,2019-05-07,2019-05-07 09:36:20,1.18,1.1028,6,1.17,1.0934,100,1.18,1.1028,6,1.175,1.0981,4387,7
SPY190508C291,2019-05-07,2019-05-07 09:36:21,1.19,1.1121,161,1.18,1.1028,26,1.18,1.1028,6,1.185,1.1074,4387,0
SPY190508C291,2019-05-07,2019-05-07 09:36:23,1.19,1.1121,100,1.17,1.0934,17,1.18,1.1028,1,1.18,1.1028,4413,26
SPY190508C291,2019-05-07,2019-05-07 09:36:25,1.18,1.1028,140,1.17,1.0934,10,1.18,1.1028,1,1.175,1.0981,4413,0
SPY190508C291,2019-05-07,2019-05-07 09:36:26,1.19,1.1121,449,1.17,1.0934,67,1.18,1.1028,1,1.18,1.1028,4413,0
SPY190508C291,2019-05-07,2019-05-07 09:36:28,1.18,1.1028,156,1.17,1.0934,10,1.18,1.1028,1,1.175,1.0981,4413,0
SPY190508C291,2019-05-07,2019-05-07 09:36:29,1.19,1.1121,466,1.17,1.0934,67,1.18,1.1028,1,1.18,1.1028,4413,0
SPY190508C291,2019-05-07,2019-05-07 09:36:31,1.18,1.1028,154,1.17,1.0934,10,1.17,1.0934,10,1.175,1.0981,4443,30
SPY190508C291,2019-05-07,2019-05-07 09:36:32,1.18,1.1028,171,1.16,1.0841,11,1.17,1.0934,5,1.17,1.0934,4448,5
SPY190508C291,2019-05-07,2019-05-07 09:36:34,1.17,1.0934,57,1.16,1.0841,71,1.17,1.0934,9,1.165,1.0887,4457,9
SPY190508C291,2019-05-07,2019-05-07 09:36:36,1.17,1.0934,1,1.16,1.0841,62,1.17,1.0934,1,1.165,1.0887,4458,1
SPY190508C291,2019-05-07,2019-05-07 09:36:37,1.17,1.0934,68,1.16,1.0841,22,1.16,1.0841,3,1.165,1.0887,4461,3
SPY190508C291,2019-05-07,2019-05-07 09:36:39,1.17,1.0934,128,1.16,1.0841,11,1.16,1.0841,1,1.165,1.0887,4461,0
SPY190508C291,2019-05-07,2019-05-07 09:36:41,1.16,1.0841,102,1.15,1.0747,56,1.16,1.0841,1,1.155,1.0794,4474,13
SPY190508C291,2019-05-07,2019-05-07 09:36:42,1.16,1.0841,94,1.15,1.0747,68,1.16,1.0841,1,1.155,1.0794,4474,0
SPY190508C291,2019-05-07,2019-05-07 09:36:43,1.16,1.0841,339,1.14,1.0654,80,1.16,1.0841,10,1.15,1.0747,4484,10
SPY190508C291,2019-05-07,2019-05-07 09:36:45,1.15,1.0747,97,1.14,1.0654,4,1.15,1.0747,6,1.145,1.07,4493,9
SPY190508C291,2019-05-07,2019-05-07 09:36:46,1.15,1.0747,109,1.14,1.0654,29,1.15,1.0747,6,1.145,1.07,4493,0
SPY190508C291,2019-05-07,2019-05-07 09:36:48,1.15,1.0747,108,1.14,1.0654,35,1.15,1.0747,1,1.145,1.07,4499,6
SPY190508C291,2019-05-07,2019-05-07 09:36:49,1.15,1.0747,146,1.14,1.0654,50,1.15,1.0747,1,1.145,1.07,4499,0
SPY190508C291,2019-05-07,2019-05-07 09:36:51,1.15,1.0747,118,1.14,1.0654,4,1.14,1.0654,5,1.145,1.07,4511,12
SPY190508C291,2019-05-07,2019-05-07 09:36:52,1.15,1.0747,124,1.14,1.0654,50,1.14,1.0654,5,1.145,1.07,4511,0
SPY190508C291,2019-05-07,2019-05-07 09:36:53,1.15,1.0747,52,1.14,1.0654,27,1.14,1.0654,5,1.145,1.07,4511,0
SPY190508C291,2019-05-07,2019-05-07 09:36:55,1.15,1.0747,12,1.14,1.0654,100,1.14,1.0654,5,1.145,1.07,4511,0
SPY190508C291,2019-05-07,2019-05-07 09:36:56,1.17,1.0934,497,1.15,1.0747,71,1.15,1.0747,2,1.16,1.0841,4533,22
SPY190508C291,2019-05-07,2019-05-07 09:36:58,1.17,1.0934,179,1.15,1.0747,71,1.15,1.0747,5,1.16,1.0841,4540,7
SPY190508C291,2019-05-07,2019-05-07 09:36:59,1.17,1.0934,58,1.15,1.0747,100,1.16,1.0841,5,1.16,1.0841,4545,5
SPY190508C291,2019-05-07,2019-05-07 09:37:01,1.18,1.1028,309,1.16,1.0841,84,1.16,1.0841,5,1.17,1.0934,4545,0
SPY190508C291,2019-05-07,2019-05-07 09:37:02,1.18,1.1028,456,1.16,1.0841,84,1.16,1.0841,5,1.17,1.0934,4545,0
SPY190508C291,2019-05-07,2019-05-07 09:37:03,1.18,1.1028,456,1.16,1.0841,66,1.16,1.0841,5,1.17,1.0934,4545,0
SPY190508C291,2019-05-07,2019-05-07 09:37:05,1.18,1.1028,456,1.16,1.0841,66,1.16,1.0841,5,1.17,1.0934,4545,0
SPY190508C291,2019-05-07,2019-05-07 09:37:06,1.18,1.1028,385,1.16,1.0841,67,1.16,1.0841,5,1.17,1.0934,4545,0
SPY190508C291,2019-05-07,2019-05-07 09:37:08,1.18,1.1028,461,1.16,1.0841,40,1.16,1.0841,5,1.17,1.0934,4545,0
SPY190508C291,2019-05-07,2019-05-07 09:37:09,1.17,1.0934,121,1.16,1.0841,40,1.17,1.0934,2,1.165,1.0887,4575,30
SPY190508C291,2019-05-07,2019-05-07 09:37:11,1.17,1.0934,118,1.16,1.0841,40,1.16,1.0841,2,1.165,1.0887,4586,11
SPY190508C291,2019-05-07,2019-05-07 09:37:12,1.15,1.0747,31,1.14,1.0654,62,1.16,1.0841,4,1.145,1.07,4596,10
SPY190508C291,2019-05-07,2019-05-07 09:37:14,1.16,1.0841,107,1.14,1.0654,100,1.16,1.0841,4,1.15,1.0747,4596,0
SPY190508C291,2019-05-07,2019-05-07 09:37:15,1.15,1.0747,23,1.14,1.0654,100,1.16,1.0841,4,1.145,1.07,4596,0
SPY190508C291,2019-05-07,2019-05-07 09:37:17,1.16,1.0841,1081,1.14,1.0654,84,1.14,1.0654,4,1.15,1.0747,4600,4
SPY190508C291,2019-05-07,2019-05-07 09:37:18,1.15,1.0747,26,1.14,1.0654,84,1.15,1.0747,5,1.145,1.07,4605,5
SPY190508C291,2019-05-07,2019-05-07 09:37:20,1.16,1.0841,1050,1.14,1.0654,69,1.15,1.0747,5,1.15,1.0747,4605,0
SPY190508C291,2019-05-07,2019-05-07 09:37:21,1.15,1.0747,40,1.14,1.0654,64,1.15,1.0747,5,1.145,1.07,4605,0
SPY190508C291,2019-05-07,2019-05-07 09:37:23,1.15,1.0747,40,1.14,1.0654,50,1.15,1.0747,5,1.145,1.07,4605,0
SPY190508C291,2019-05-07,2019-05-07 09:37:24,1.15,1.0747,60,1.14,1.0654,50,1.15,1.0747,5,1.145,1.07,4605,0
SPY190508C291,2019-05-07,2019-05-07 09:37:26,1.15,1.0747,190,1.14,1.0654,4,1.15,1.0747,5,1.145,1.07,4605,0
SPY190508C291,2019-05-07,2019-05-07 09:37:27,1.15,1.0747,385,1.14,1.0654,4,1.15,1.0747,5,1.145,1.07,4619,14
SPY190508C291,2019-05-07,2019-05-07 09:37:29,1.14,1.0654,124,1.13,1.056,50,1.14,1.0654,4,1.135,1.0607,4619,0
SPY190508C291,2019-05-07,2019-05-07 09:37:30,1.14,1.0654,124,1.13,1.056,50,1.14,1.0654,4,1.135,1.0607,4619,0
SPY190508C291,2019-05-07,2019-05-07 09:37:32,1.14,1.0654,126,1.13,1.056,67,1.14,1.0654,1,1.135,1.0607,4620,1
SPY190508C291,2019-05-07,2019-05-07 09:37:33,1.14,1.0654,191,1.13,1.056,50,1.14,1.0654,1,1.135,1.0607,4620,0
SPY190508C291,2019-05-07,2019-05-07 09:37:35,1.15,1.0747,75,1.13,1.056,6,1.14,1.0654,1,1.14,1.0654,4620,0
SPY190508C291,2019-05-07,2019-05-07 09:37:36,1.14,1.0654,56,1.13,1.056,63,1.14,1.0654,1,1.135,1.0607,4620,0
SPY190508C291,2019-05-07,2019-05-07 09:37:38,1.14,1.0654,60,1.13,1.056,6,1.14,1.0654,15,1.135,1.0607,4817,197
SPY190508C291,2019-05-07,2019-05-07 09:37:39,1.15,1.0747,618,1.13,1.056,51,1.14,1.0654,15,1.14,1.0654,4817,0
SPY190508C291,2019-05-07,2019-05-07 09:37:40,1.15,1.0747,240,1.13,1.056,1,1.13,1.056,72,1.14,1.0654,5268,451
SPY190508C291,2019-05-07,2019-05-07 09:37:42,1.15,1.0747,340,1.12,1.0467,311,1.15,1.0747,1,1.135,1.0607,5916,648
SPY190508C291,2019-05-07,2019-05-07 09:37:43,1.15,1.0747,118,1.12,1.0467,311,1.15,1.0747,1,1.135,1.0607,5916,0
SPY190508C291,2019-05-07,2019-05-07 09:37:45,1.14,1.0654,6,1.11,1.0373,599,1.15,1.0747,1,1.125,1.0514,5916,0
SPY190508C291,2019-05-07,2019-05-07 09:37:46,1.14,1.0654,1,1.13,1.056,87,1.14,1.0654,1,1.135,1.0607,5918,2
SPY190508C291,2019-05-07,2019-05-07 09:37:47,1.15,1.0747,273,1.12,1.0467,295,1.14,1.0654,1,1.135,1.0607,5918,0
SPY190508C291,2019-05-07,2019-05-07 09:37:49,1.15,1.0747,273,1.12,1.0467,295,1.12,1.0467,1,1.135,1.0607,5919,1
SPY190508C291,2019-05-07,2019-05-07 09:37:51,1.16,1.0841,6,1.14,1.0654,159,1.14,1.0654,1,1.15,1.0747,5920,1
SPY190508C291,2019-05-07,2019-05-07 09:37:52,1.17,1.0934,109,1.15,1.0747,70,1.15,1.0747,41,1.16,1.0841,5961,41
SPY190508C291,2019-05-07,2019-05-07 09:37:53,1.16,1.0841,340,1.14,1.0654,70,1.15,1.0747,41,1.15,1.0747,5961,0
SPY190508C291,2019-05-07,2019-05-07 09:37:55,1.16,1.0841,350,1.14,1.0654,70,1.15,1.0747,41,1.15,1.0747,5961,0
SPY190508C291,2019-05-07,2019-05-07 09:37:56,1.17,1.0934,90,1.15,1.0747,75,1.15,1.0747,41,1.16,1.0841,5961,0
SPY190508C291,2019-05-07,2019-05-07 09:37:58,1.17,1.0934,100,1.16,1.0841,27,1.15,1.0747,41,1.165,1.0887,5961,0
SPY190508C291,2019-05-07,2019-05-07 09:37:59,1.18,1.1028,50,1.16,1.0841,77,1.15,1.0747,41,1.17,1.0934,5961,0
SPY190508C291,2019-05-07,2019-05-07 09:38:01,1.18,1.1028,385,1.16,1.0841,77,1.16,1.0841,30,1.17,1.0934,5991,30
SPY190508C291,2019-05-07,2019-05-07 09:38:02,1.18,1.1028,438,1.16,1.0841,77,1.16,1.0841,30,1.17,1.0934,5991,0
SPY190508C291,2019-05-07,2019-05-07 09:38:03,1.18,1.1028,476,1.16,1.0841,50,1.16,1.0841,30,1.17,1.0934,5991,0
SPY190508C291,2019-05-07,2019-05-07 09:38:05,1.18,1.1028,56,1.16,1.0841,422,1.16,1.0841,30,1.17,1.0934,5991,0
SPY190508C291,2019-05-07,2019-05-07 09:38:06,1.18,1.1028,66,1.16,1.0841,600,1.16,1.0841,30,1.17,1.0934,5991,0
SPY190508C291,2019-05-07,2019-05-07 09:38:08,1.18,1.1028,90,1.16,1.0841,687,1.17,1.0934,10,1.17,1.0934,6001,10
SPY190508C291,2019-05-07,2019-05-07 09:38:09,1.17,1.0934,61,1.16,1.0841,1,1.16,1.0841,1,1.165,1.0887,6002,1
SPY190508C291,2019-05-07,2019-05-07 09:38:10,1.17,1.0934,66,1.16,1.0841,1,1.16,1.0841,1,1.165,1.0887,6002,0
SPY190508C291,2019-05-07,2019-05-07 09:38:12,1.18,1.1028,160,1.16,1.0841,50,1.17,1.0934,6,1.17,1.0934,6139,137
SPY190508C291,2019-05-07,2019-05-07 09:38:13,1.18,1.1028,104,1.16,1.0841,50,1.17,1.0934,6,1.17,1.0934,6139,0
SPY190508C291,2019-05-07,2019-05-07 09:38:15,1.18,1.1028,100,1.17,1.0934,24,1.17,1.0934,6,1.175,1.0981,6139,0
SPY190508C291,2019-05-07,2019-05-07 09:38:17,1.19,1.1121,9,1.18,1.1028,105,1.18,1.1028,1,1.185,1.1074,6241,102
SPY190508C291,2019-05-07,2019-05-07 09:38:18,1.19,1.1121,9,1.18,1.1028,105,1.18,1.1028,1,1.185,1.1074,6241,0
SPY190508C291,2019-05-07,2019-05-07 09:38:19,1.2,1.1214,8,1.19,1.1121,75,1.19,1.1121,9,1.195,1.1168,6250,9
SPY190508C291,2019-05-07,2019-05-07 09:38:21,1.2,1.1214,8,1.19,1.1121,30,1.2,1.1214,1,1.195,1.1168,6251,1
SPY190508C291,2019-05-07,2019-05-07 09:38:22,1.19,1.1121,347,1.16,1.0841,120,1.19,1.1121,3,1.175,1.0981,6501,250
SPY190508C291,2019-05-07,2019-05-07 09:38:24,1.2,1.1214,216,1.17,1.0934,77,1.19,1.1121,3,1.185,1.1074,6501,0
SPY190508C291,2019-05-07,2019-05-07 09:38:25,1.2,1.1214,60,1.19,1.1121,36,1.2,1.1214,18,1.195,1.1168,6519,18
SPY190508C291,2019-05-07,2019-05-07 09:38:27,1.2,1.1214,63,1.18,1.1028,90,1.2,1.1214,2,1.19,1.1121,6521,2
SPY190508C291,2019-05-07,2019-05-07 09:38:28,1.2,1.1214,63,1.19,1.1121,77,1.18,1.1028,8,1.195,1.1168,6529,8
SPY190508C291,2019-05-07,2019-05-07 09:38:30,1.21,1.1308,51,1.19,1.1121,123,1.18,1.1028,8,1.2,1.1214,6529,0
SPY190508C291,2019-05-07,2019-05-07 09:38:31,1.21,1.1308,340,1.19,1.1121,67,1.18,1.1028,8,1.2,1.1214,6529,0
SPY190508C291,2019-05-07,2019-05-07 09:38:33,1.21,1.1308,1,1.2,1.1214,100,1.2,1.1214,1,1.205,1.1261,6530,1
SPY190508C291,2019-05-07,2019-05-07 09:38:35,1.22,1.1401,2,1.21,1.1308,75,1.21,1.1308,1,1.215,1.1355,6531,1
SPY190508C291,2019-05-07,2019-05-07 09:38:36,1.22,1.1401,2,1.21,1.1308,75,1.21,1.1308,1,1.215,1.1355,6531,0
SPY190508C291,2019-05-07,2019-05-07 09:38:37,1.22,1.1401,2,1.21,1.1308,75,1.21,1.1308,1,1.215,1.1355,6531,0
SPY190508C291,2019-05-07,2019-05-07 09:38:39,1.24,1.1588,50,1.22,1.1401,69,1.22,1.1401,1,1.23,1.1495,6535,4
SPY190508C291,2019-05-07,2019-05-07 09:38:40,1.24,1.1588,241,1.22,1.1401,110,1.24,1.1588,1,1.23,1.1495,6546,11
SPY190508C291,2019-05-07,2019-05-07 09:38:42,1.24,1.1588,1,1.23,1.1495,100,1.25,1.1682,1,1.235,1.1542,6788,242
SPY190508C291,2019-05-07,2019-05-07 09:38:43,1.25,1.1682,10,1.24,1.1588,141,1.24,1.1588,1,1.245,1.1635,6789,1
SPY190508C291,2019-05-07,2019-05-07 09:38:45,1.27,1.1869,100,1.24,1.1588,340,1.25,1.1682,10,1.255,1.1728,6820,31
SPY190508C291,2019-05-07,2019-05-07 09:38:46,1.27,1.1869,100,1.24,1.1588,395,1.27,1.1869,60,1.255,1.1728,6910,90
SPY190508C291,2019-05-07,2019-05-07 09:38:47,1.26,1.1775,100,1.24,1.1588,81,1.27,1.1869,60,1.25,1.1682,6910,0
SPY190508C291,2019-05-07,2019-05-07 09:38:49,1.25,1.1682,27,1.24,1.1588,96,1.25,1.1682,25,1.245,1.1635,6992,82
SPY190508C291,2019-05-07,2019-05-07 09:38:50,1.26,1.1775,113,1.24,1.1588,51,1.26,1.1775,1,1.25,1.1682,7030,38
SPY190508C291,2019-05-07,2019-05-07 09:38:52,1.26,1.1775,336,1.24,1.1588,51,1.26,1.1775,1,1.25,1.1682,7030,0
SPY190508C291,2019-05-07,2019-05-07 09:38:53,1.26,1.1775,299,1.25,1.1682,14,1.25,1.1682,1,1.255,1.1728,7034,4
SPY190508C291,2019-05-07,2019-05-07 09:38:54,1.26,1.1775,159,1.25,1.1682,35,1.25,1.1682,14,1.255,1.1728,7048,14
SPY190508C291,2019-05-07,2019-05-07 09:38:56,1.25,1.1682,383,1.23,1.1495,21,1.25,1.1682,1,1.24,1.1588,7085,37
SPY190508C291,2019-05-07,2019-05-07 09:38:57,1.24,1.1588,233,1.21,1.1308,45,1.24,1.1588,15,1.225,1.1448,7174,89
SPY190508C291,2019-05-07,2019-05-07 09:38:59,1.22,1.1401,47,1.21,1.1308,47,1.24,1.1588,15,1.215,1.1355,7174,0
SPY190508C291,2019-05-07,2019-05-07 09:39:00,1.22,1.1401,6,1.21,1.1308,5,1.24,1.1588,15,1.215,1.1355,7174,0
SPY190508C291,2019-05-07,2019-05-07 09:39:02,1.24,1.1588,83,1.21,1.1308,532,1.23,1.1495,2,1.225,1.1448,7176,2
SPY190508C291,2019-05-07,2019-05-07 09:39:03,1.24,1.1588,163,1.21,1.1308,415,1.23,1.1495,2,1.225,1.1448,7176,0
SPY190508C291,2019-05-07,2019-05-07 09:39:05,1.23,1.1495,33,1.21,1.1308,415,1.23,1.1495,2,1.22,1.1401,7176,0
SPY190508C291,2019-05-07,2019-05-07 09:39:06,1.25,1.1682,120,1.22,1.1401,930,1.23,1.1495,2,1.235,1.1542,7176,0
SPY190508C291,2019-05-07,2019-05-07 09:39:08,1.25,1.1682,17,1.23,1.1495,130,1.23,1.1495,2,1.24,1.1588,7176,0
SPY190508C291,2019-05-07,2019-05-07 09:39:09,1.26,1.1775,148,1.23,1.1495,763,1.25,1.1682,1,1.245,1.1635,7177,1
SPY190508C291,2019-05-07,2019-05-07 09:39:10,1.27,1.1869,288,1.24,1.1588,11,1.25,1.1682,1,1.255,1.1728,7177,0
SPY190508C291,2019-05-07,2019-05-07 09:39:12,1.26,1.1775,127,1.24,1.1588,50,1.25,1.1682,1,1.25,1.1682,7177,0
SPY190508C291,2019-05-07,2019-05-07 09:39:13,1.26,1.1775,127,1.24,1.1588,60,1.25,1.1682,1,1.25,1.1682,7177,0
SPY190508C291,2019-05-07,2019-05-07 09:39:15,1.27,1.1869,127,1.25,1.1682,74,1.25,1.1682,1,1.26,1.1775,7178,1
SPY190508C291,2019-05-07,2019-05-07 09:39:16,1.27,1.1869,59,1.25,1.1682,68,1.25,1.1682,1,1.26,1.1775,7178,0
SPY190508C291,2019-05-07,2019-05-07 09:39:18,1.27,1.1869,109,1.26,1.1775,5,1.26,1.1775,50,1.265,1.1822,7228,50
SPY190508C291,2019-05-07,2019-05-07 09:39:19,1.26,1.1775,78,1.25,1.1682,10,1.26,1.1775,1,1.255,1.1728,7260,32
SPY190508C291,2019-05-07,2019-05-07 09:39:21,1.26,1.1775,76,1.25,1.1682,10,1.26,1.1775,1,1.255,1.1728,7260,0
SPY190508C291,2019-05-07,2019-05-07 09:39:22,1.25,1.1682,33,1.24,1.1588,50,1.26,1.1775,1,1.245,1.1635,7260,0
SPY190508C291,2019-05-07,2019-05-07 09:39:24,1.26,1.1775,14,1.25,1.1682,50,1.25,1.1682,200,1.255,1.1728,7464,204
SPY190508C291,2019-05-07,2019-05-07 09:39:25,1.27,1.1869,90,1.24,1.1588,305,1.25,1.1682,200,1.255,1.1728,7464,0
SPY190508C291,2019-05-07,2019-05-07 09:39:26,1.27,1.1869,27,1.25,1.1682,389,1.25,1.1682,200,1.26,1.1775,7464,0
SPY190508C291,2019-05-07,2019-05-07 09:39:28,1.29,1.2056,295,1.26,1.1775,90,1.25,1.1682,200,1.275,1.1915,7464,0
SPY190508C291,2019-05-07,2019-05-07 09:39:29,1.28,1.1962,24,1.26,1.1775,100,1.27,1.1869,3,1.27,1.1869,7467,3
SPY190508C291,2019-05-07,2019-05-07 09:39:31,1.28,1.1962,27,1.27,1.1869,60,1.27,1.1869,3,1.275,1.1915,7467,0
SPY190508C291,2019-05-07,2019-05-07 09:39:32,1.27,1.1869,1,1.25,1.1682,5,1.27,1.1869,10,1.26,1.1775,7477,10
SPY190508C291,2019-05-07,2019-05-07 09:39:34,1.29,1.2056,187,1.26,1.1775,100,1.27,1.1869,10,1.275,1.1915,7477,0
SPY190508C291,2019-05-07,2019-05-07 09:39:35,1.28,1.1962,17,1.26,1.1775,6,1.28,1.1962,2,1.27,1.1869,7481,4
SPY190508C291,2019-05-07,2019-05-07 09:39:37,1.27,1.1869,17,1.26,1.1775,50,1.27,1.1869,8,1.265,1.1822,7490,9
SPY190508C291,2019-05-07,2019-05-07 09:39:39,1.27,1.1869,74,1.26,1.1775,2,1.27,1.1869,8,1.265,1.1822,7490,0
SPY190508C291,2019-05-07,2019-05-07 09:39:40,1.27,1.1869,1,1.26,1.1775,44,1.27,1.1869,1,1.265,1.1822,7491,1
SPY190508C291,2019-05-07,2019-05-07 09:39:42,1.28,1.1962,300,1.27,1.1869,1,1.26,1.1775,2,1.275,1.1915,7493,2
SPY190508C291,2019-05-07,2019-05-07 09:39:43,1.28,1.1962,90,1.27,1.1869,9,1.26,1.1775,2,1.275,1.1915,7493,0
SPY190508C291,2019-05-07,2019-05-07 09:39:44,1.29,1.2056,170,1.27,1.1869,59,1.27,1.1869,1,1.28,1.1962,7504,11
SPY190508C291,2019-05-07,2019-05-07 09:39:46,1.29,1.2056,176,1.27,1.1869,47,1.27,1.1869,10,1.28,1.1962,7514,10
SPY190508C291,2019-05-07,2019-05-07 09:39:47,1.29,1.2056,335,1.27,1.1869,29,1.27,1.1869,1,1.28,1.1962,7515,1
SPY190508C291,2019-05-07,2019-05-07 09:39:49,1.28,1.1962,79,1.27,1.1869,4,1.27,1.1869,1,1.275,1.1915,7515,0
SPY190508C291,2019-05-07,2019-05-07 09:39:50,1.27,1.1869,67,1.26,1.1775,25,1.28,1.1962,4,1.265,1.1822,7525,10
SPY190508C291,2019-05-07,2019-05-07 09:39:52,1.27,1.1869,217,1.26,1.1775,2,1.27,1.1869,1,1.265,1.1822,7576,51
SPY190508C291,2019-05-07,2019-05-07 09:39:53,1.28,1.1962,335,1.26,1.1775,33,1.26,1.1775,1,1.27,1.1869,7577,1
SPY190508C291,2019-05-07,2019-05-07 09:39:55,1.27,1.1869,170,1.26,1.1775,2,1.26,1.1775,1,1.265,1.1822,7577,0
SPY190508C291,2019-05-07,2019-05-07 09:39:56,1.26,1.1775,22,1.24,1.1588,11,1.26,1.1775,2,1.25,1.1682,7582,5
SPY190508C291,2019-05-07,2019-05-07 09:39:58,1.25,1.1682,109,1.24,1.1588,5,1.26,1.1775,2,1.245,1.1635,7582,0
SPY190508C291,2019-05-07,2019-05-07 09:39:59,1.25,1.1682,113,1.24,1.1588,5,1.24,1.1588,7,1.245,1.1635,7589,7
SPY190508C291,2019-05-07,2019-05-07 09:40:01,1.25,1.1682,50,1.2,1.1214,575,1.24,1.1588,6,1.225,1.1448,7600,11
SPY190508C291,2019-05-07,2019-05-07 09:40:03,1.23,1.1495,61,1.21,1.1308,115,1.23,1.1495,30,1.22,1.1401,7635,35
SPY190508C291,2019-05-07,2019-05-07 09:40:04,1.23,1.1495,17,1.2,1.1214,58,1.23,1.1495,30,1.215,1.1355,7635,0
SPY190508C291,2019-05-07,2019-05-07 09:40:06,1.23,1.1495,101,1.2,1.1214,411,1.23,1.1495,30,1.215,1.1355,7635,0
SPY190508C291,2019-05-07,2019-05-07 09:40:07,1.23,1.1495,51,1.2,1.1214,335,1.23,1.1495,30,1.215,1.1355,7635,0
SPY190508C291,2019-05-07,2019-05-07 09:40:09,1.22,1.1401,48,1.2,1.1214,291,1.23,1.1495,30,1.21,1.1308,7635,0
SPY190508C291,2019-05-07,2019-05-07 09:40:10,1.22,1.1401,6,1.2,1.1214,58,1.22,1.1401,10,1.21,1.1308,7645,10
SPY190508C291,2019-05-07,2019-05-07 09:40:11,1.22,1.1401,86,1.2,1.1214,115,1.22,1.1401,3,1.21,1.1308,7648,3
SPY190508C291,2019-05-07,2019-05-07 09:40:14,1.22,1.1401,81,1.21,1.1308,50,1.21,1.1308,1,1.215,1.1355,7649,1
SPY190508C291,2019-05-07,2019-05-07 09:40:16,1.22,1.1401,75,1.2,1.1214,132,1.21,1.1308,1,1.21,1.1308,7649,0
SPY190508C291,2019-05-07,2019-05-07 09:40:17,1.23,1.1495,443,1.2,1.1214,100,1.21,1.1308,1,1.215,1.1355,7649,0
SPY190508C291,2019-05-07,2019-05-07 09:40:18,1.22,1.1401,23,1.2,1.1214,100,1.21,1.1308,2,1.21,1.1308,7659,10
SPY190508C291,2019-05-07,2019-05-07 09:40:20,1.22,1.1401,28,1.2,1.1214,101,1.21,1.1308,2,1.21,1.1308,7659,0
SPY190508C291,2019-05-07,2019-05-07 09:40:22,1.21,1.1308,22,1.2,1.1214,58,1.21,1.1308,2,1.205,1.1261,7659,0
SPY190508C291,2019-05-07,2019-05-07 09:40:24,1.21,1.1308,21,1.2,1.1214,77,1.21,1.1308,1,1.205,1.1261,7660,1
SPY190508C291,2019-05-07,2019-05-07 09:40:25,1.21,1.1308,21,1.2,1.1214,58,1.21,1.1308,1,1.205,1.1261,7660,0
SPY190508C291,2019-05-07,2019-05-07 09:40:27,1.21,1.1308,30,1.2,1.1214,84,1.21,1.1308,1,1.205,1.1261,7660,0
SPY190508C291,2019-05-07,2019-05-07 09:40:28,1.21,1.1308,36,1.2,1.1214,58,1.21,1.1308,1,1.205,1.1261,7660,0
SPY190508C291,2019-05-07,2019-05-07 09:40:30,1.21,1.1308,39,1.2,1.1214,58,1.21,1.1308,1,1.205,1.1261,7660,0
SPY190508C291,2019-05-07,2019-05-07 09:40:31,1.21,1.1308,25,1.2,1.1214,66,1.21,1.1308,1,1.205,1.1261,7660,0
SPY190508C291,2019-05-07,2019-05-07 09:40:33,1.22,1.1401,292,1.2,1.1214,58,1.21,1.1308,1,1.21,1.1308,7661,1
SPY190508C291,2019-05-07,2019-05-07 09:40:34,1.21,1.1308,85,1.2,1.1214,58,1.21,1.1308,25,1.205,1.1261,7686,25
SPY190508C291,2019-05-07,2019-05-07 09:40:35,1.21,1.1308,90,1.2,1.1214,48,1.2,1.1214,1,1.205,1.1261,7687,1
SPY190508C291,2019-05-07,2019-05-07 09:40:37,1.21,1.1308,619,1.2,1.1214,4,1.2,1.1214,2,1.205,1.1261,7694,7
SPY190508C291,2019-05-07,2019-05-07 09:40:38,1.2,1.1214,404,1.17,1.0934,21,1.17,1.0934,1,1.185,1.1074,7712,18
SPY190508C291,2019-05-07,2019-05-07 09:40:40,1.19,1.1121,50,1.17,1.0934,100,1.17,1.0934,1,1.18,1.1028,7712,0
SPY190508C291,2019-05-07,2019-05-07 09:40:41,1.18,1.1028,16,1.17,1.0934,100,1.17,1.0934,1,1.175,1.0981,7713,1
SPY190508C291,2019-05-07,2019-05-07 09:40:43,1.18,1.1028,26,1.17,1.0934,100,1.17,1.0934,1,1.175,1.0981,7753,40
SPY190508C291,2019-05-07,2019-05-07 09:40:45,1.18,1.1028,71,1.17,1.0934,61,1.17,1.0934,40,1.175,1.0981,7753,0
SPY190508C291,2019-05-07,2019-05-07 09:40:46,1.18,1.1028,33,1.17,1.0934,61,1.17,1.0934,40,1.175,1.0981,7753,0
SPY190508C291,2019-05-07,2019-05-07 09:40:48,1.19,1.1121,35,1.17,1.0934,100,1.17,1.0934,40,1.18,1.1028,7753,0
SPY190508C291,2019-05-07,2019-05-07 09:40:49,1.18,1.1028,17,1.17,1.0934,74,1.17,1.0934,40,1.175,1.0981,7753,0
SPY190508C291,2019-05-07,2019-05-07 09:40:51,1.18,1.1028,4,1.17,1.0934,74,1.17,1.0934,40,1.175,1.0981,7753,0
SPY190508C291,2019-05-07,2019-05-07 09:40:52,1.18,1.1028,6,1.17,1.0934,74,1.17,1.0934,40,1.175,1.0981,7753,0
SPY190508C291,2019-05-07,2019-05-07 09:40:54,1.2,1.1214,240,1.19,1.1121,1,1.17,1.0934,40,1.195,1.1168,7753,0
SPY190508C291,2019-05-07,2019-05-07 09:40:55,1.2,1.1214,180,1.19,1.1121,1,1.17,1.0934,40,1.195,1.1168,7753,0
SPY190508C291,2019-05-07,2019-05-07 09:40:57,1.2,1.1214,347,1.19,1.1121,1,1.17,1.0934,40,1.195,1.1168,7753,0
SPY190508C291,2019-05-07,2019-05-07 09:40:58,1.18,1.1028,51,1.17,1.0934,125,1.19,1.1121,1,1.175,1.0981,7754,1
SPY190508C291,2019-05-07,2019-05-07 09:41:00,1.18,1.1028,40,1.17,1.0934,10,1.19,1.1121,1,1.175,1.0981,7754,0
SPY190508C291,2019-05-07,2019-05-07 09:41:01,1.18,1.1028,103,1.17,1.0934,10,1.19,1.1121,1,1.175,1.0981,7754,0
SPY190508C291,2019-05-07,2019-05-07 09:41:02,1.18,1.1028,130,1.17,1.0934,10,1.19,1.1121,1,1.175,1.0981,7754,0
SPY190508C291,2019-05-07,2019-05-07 09:41:04,1.18,1.1028,295,1.17,1.0934,10,1.19,1.1121,1,1.175,1.0981,7754,0
SPY190508C291,2019-05-07,2019-05-07 09:41:05,1.18,1.1028,295,1.17,1.0934,10,1.19,1.1121,1,1.175,1.0981,7754,0
SPY190508C291,2019-05-07,2019-05-07 09:41:07,1.17,1.0934,221,1.15,1.0747,3,1.16,1.0841,1,1.16,1.0841,7772,18
SPY190508C291,2019-05-07,2019-05-07 09:41:08,1.16,1.0841,27,1.15,1.0747,74,1.16,1.0841,1,1.155,1.0794,7772,0
SPY190508C291,2019-05-07,2019-05-07 09:41:10,1.19,1.1121,126,1.16,1.0841,100,1.16,1.0841,1,1.175,1.0981,7772,0
SPY190508C291,2019-05-07,2019-05-07 09:41:11,1.19,1.1121,107,1.16,1.0841,170,1.16,1.0841,1,1.175,1.0981,7773,1
SPY190508C291,2019-05-07,2019-05-07 09:41:13,1.19,1.1121,64,1.17,1.0934,70,1.17,1.0934,2,1.18,1.1028,7775,2
SPY190508C291,2019-05-07,2019-05-07 09:41:14,1.19,1.1121,121,1.17,1.0934,65,1.19,1.1121,1,1.18,1.1028,7777,2
SPY190508C291,2019-05-07,2019-05-07 09:41:16,1.19,1.1121,121,1.17,1.0934,65,1.19,1.1121,1,1.18,1.1028,7777,0
SPY190508C291,2019-05-07,2019-05-07 09:41:17,1.19,1.1121,134,1.17,1.0934,65,1.19,1.1121,1,1.18,1.1028,7777,0
SPY190508C291,2019-05-07,2019-05-07 09:41:19,1.18,1.1028,31,1.17,1.0934,6,1.19,1.1121,1,1.175,1.0981,7777,0
SPY190508C291,2019-05-07,2019-05-07 09:41:20,1.18,1.1028,50,1.16,1.0841,72,1.18,1.1028,1,1.17,1.0934,7779,2
SPY190508C291,2019-05-07,2019-05-07 09:41:21,1.17,1.0934,37,1.16,1.0841,72,1.18,1.1028,1,1.165,1.0887,7779,0
SPY190508C291,2019-05-07,2019-05-07 09:41:23,1.19,1.1121,385,1.17,1.0934,72,1.18,1.1028,1,1.18,1.1028,7779,0
SPY190508C291,2019-05-07,2019-05-07 09:41:24,1.19,1.1121,1,1.18,1.1028,69,1.19,1.1121,5,1.185,1.1074,7784,5
SPY190508C291,2019-05-07,2019-05-07 09:41:26,1.22,1.1401,181,1.2,1.1214,77,1.2,1.1214,1,1.21,1.1308,7785,1
SPY190508C291,2019-05-07,2019-05-07 09:41:27,1.21,1.1308,1,1.2,1.1214,77,1.2,1.1214,2,1.205,1.1261,7789,4
SPY190508C291,2019-05-07,2019-05-07 09:41:29,1.21,1.1308,7,1.2,1.1214,69,1.2,1.1214,40,1.205,1.1261,7829,40
SPY190508C291,2019-05-07,2019-05-07 09:41:30,1.21,1.1308,323,1.19,1.1121,73,1.2,1.1214,40,1.2,1.1214,7829,0
SPY190508C291,2019-05-07,2019-05-07 09:41:32,1.21,1.1308,323,1.19,1.1121,73,1.2,1.1214,40,1.2,1.1214,7829,0
SPY190508C291,2019-05-07,2019-05-07 09:41:33,1.21,1.1308,122,1.19,1.1121,31,1.2,1.1214,1,1.2,1.1214,7830,1
SPY190508C291,2019-05-07,2019-05-07 09:41:35,1.2,1.1214,295,1.18,1.1028,82,1.2,1.1214,1,1.19,1.1121,7830,0
SPY190508C291,2019-05-07,2019-05-07 09:41:37,1.18,1.1028,19,1.17,1.0934,50,1.18,1.1028,8,1.175,1.0981,7840,10
SPY190508C291,2019-05-07,2019-05-07 09:41:38,1.18,1.1028,467,1.16,1.0841,2,1.18,1.1028,1,1.17,1.0934,7870,30
SPY190508C291,2019-05-07,2019-05-07 09:41:39,1.17,1.0934,131,1.16,1.0841,2,1.18,1.1028,1,1.165,1.0887,7870,0
SPY190508C291,2019-05-07,2019-05-07 09:41:41,1.18,1.1028,340,1.16,1.0841,71,1.18,1.1028,1,1.17,1.0934,7870,0
SPY190508C291,2019-05-07,2019-05-07 09:41:42,1.18,1.1028,340,1.16,1.0841,50,1.18,1.1028,1,1.17,1.0934,7870,0
SPY190508C291,2019-05-07,2019-05-07 09:41:44,1.17,1.0934,80,1.16,1.0841,2,1.17,1.0934,2,1.165,1.0887,7872,2
SPY190508C291,2019-05-07,2019-05-07 09:41:45,1.17,1.0934,520,1.16,1.0841,2,1.17,1.0934,2,1.165,1.0887,7872,0
SPY190508C291,2019-05-07,2019-05-07 09:41:47,1.16,1.0841,240,1.15,1.0747,3,1.17,1.0934,1,1.155,1.0794,7875,3
SPY190508C291,2019-05-07,2019-05-07 09:41:48,1.15,1.0747,73,1.13,1.056,100,1.15,1.0747,3,1.14,1.0654,7878,3
SPY190508C291,2019-05-07,2019-05-07 09:41:50,1.15,1.0747,85,1.14,1.0654,6,1.15,1.0747,3,1.145,1.07,7878,0
SPY190508C291,2019-05-07,2019-05-07 09:41:51,1.15,1.0747,85,1.14,1.0654,1,1.15,1.0747,3,1.145,1.07,7878,0
SPY190508C291,2019-05-07,2019-05-07 09:41:53,1.14,1.0654,58,1.11,1.0373,10,1.14,1.0654,1,1.125,1.0514,7880,2
SPY190508C291,2019-05-07,2019-05-07 09:41:54,1.13,1.056,170,1.11,1.0373,23,1.14,1.0654,1,1.12,1.0467,7880,0
SPY190508C291,2019-05-07,2019-05-07 09:41:56,1.13,1.056,19,1.11,1.0373,10,1.14,1.0654,1,1.12,1.0467,7880,0
SPY190508C291,2019-05-07,2019-05-07 09:41:57,1.13,1.056,353,1.11,1.0373,9,1.11,1.0373,1,1.12,1.0467,7881,1
SPY190508C291,2019-05-07,2019-05-07 09:41:59,1.13,1.056,27,1.11,1.0373,9,1.11,1.0373,1,1.12,1.0467,7881,0
SPY190508C291,2019-05-07,2019-05-07 09:42:00,1.12,1.0467,193,1.11,1.0373,9,1.11,1.0373,3,1.115,1.042,7886,5
SPY190508C291,2019-05-07,2019-05-07 09:42:02,1.14,1.0654,10,1.12,1.0467,21,1.11,1.0373,1,1.13,1.056,7896,10
SPY190508C291,2019-05-07,2019-05-07 09:42:03,1.14,1.0654,10,1.12,1.0467,100,1.12,1.0467,64,1.13,1.056,7960,64
SPY190508C291,2019-05-07,2019-05-07 09:42:05,1.13,1.056,123,1.11,1.0373,100,1.12,1.0467,64,1.12,1.0467,7960,0
SPY190508C291,2019-05-07,2019-05-07 09:42:06,1.13,1.056,123,1.12,1.0467,50,1.12,1.0467,64,1.125,1.0514,7960,0
SPY190508C291,2019-05-07,2019-05-07 09:42:07,1.13,1.056,123,1.12,1.0467,50,1.12,1.0467,64,1.125,1.0514,7960,0
SPY190508C291,2019-05-07,2019-05-07 09:42:09,1.12,1.0467,33,1.11,1.0373,24,1.12,1.0467,7,1.115,1.042,7967,7
SPY190508C291,2019-05-07,2019-05-07 09:42:10,1.12,1.0467,72,1.11,1.0373,50,1.12,1.0467,200,1.115,1.042,8167,200
SPY190508C291,2019-05-07,2019-05-07 09:42:11,1.12,1.0467,196,1.11,1.0373,24,1.11,1.0373,1,1.115,1.042,8168,1
SPY190508C291,2019-05-07,2019-05-07 09:42:13,1.12,1.0467,337,1.11,1.0373,24,1.11,1.0373,1,1.115,1.042,8168,0
SPY190508C291,2019-05-07,2019-05-07 09:42:15,1.11,1.0373,130,1.07,1.0,609,1.1,1.028,1,1.09,1.0186,8221,53
SPY190508C291,2019-05-07,2019-05-07 09:42:16,1.1,1.028,107,1.07,1.0,385,1.1,1.028,1,1.085,1.014,8221,0
SPY190508C291,2019-05-07,2019-05-07 09:42:17,1.09,1.0186,33,1.07,1.0,295,1.08,1.0093,1,1.08,1.0093,8223,2
SPY190508C291,2019-05-07,2019-05-07 09:42:19,1.09,1.0186,5,1.07,1.0,190,1.07,1.0,5,1.08,1.0093,8228,5
SPY190508C291,2019-05-07,2019-05-07 09:42:20,1.1,1.028,1,1.09,1.0186,100,1.1,1.028,1,1.095,1.0233,8234,6
SPY190508C291,2019-05-07,2019-05-07 09:42:22,1.1,1.028,20,1.09,1.0186,50,1.1,1.028,1,1.095,1.0233,8234,0
SPY190508C291,2019-05-07,2019-05-07 09:42:23,1.1,1.028,138,1.08,1.0093,100,1.1,1.028,1,1.09,1.0186,8234,0
SPY190508C291,2019-05-07,2019-05-07 09:42:25,1.1,1.028,49,1.08,1.0093,100,1.1,1.028,1,1.09,1.0186,8234,0
SPY190508C291,2019-05-07,2019-05-07 09:42:26,1.1,1.028,40,1.08,1.0093,100,1.1,1.028,1,1.09,1.0186,8234,0
SPY190508C291,2019-05-07,2019-05-07 09:42:28,1.09,1.0186,48,1.08,1.0093,100,1.1,1.028,1,1.085,1.014,8234,0
SPY190508C291,2019-05-07,2019-05-07 09:42:29,1.1,1.028,27,1.07,1.0,319,1.1,1.028,1,1.085,1.014,8234,0
SPY190508C291,2019-05-07,2019-05-07 09:42:31,1.09,1.0186,33,1.08,1.0093,115,1.1,1.028,1,1.085,1.014,8234,0
SPY190508C291,2019-05-07,2019-05-07 09:42:32,1.09,1.0186,28,1.07,1.0,481,1.1,1.028,1,1.08,1.0093,8234,0
SPY190508C291,2019-05-07,2019-05-07 09:42:33,1.1,1.028,2,1.09,1.0186,90,1.08,1.0093,6,1.095,1.0233,8240,6
SPY190508C291,2019-05-07,2019-05-07 09:42:35,1.1,1.028,2,1.09,1.0186,108,1.08,1.0093,6,1.095,1.0233,8240,0
SPY190508C291,2019-05-07,2019-05-07 09:42:36,1.1,1.028,2,1.09,1.0186,100,1.08,1.0093,6,1.095,1.0233,8240,0
SPY190508C291,2019-05-07,2019-05-07 09:42:38,1.1,1.028,9,1.09,1.0186,100,1.08,1.0093,6,1.095,1.0233,8240,0
SPY190508C291,2019-05-07,2019-05-07 09:42:39,1.1,1.028,33,1.09,1.0186,87,1.08,1.0093,6,1.095,1.0233,8240,0
SPY190508C291,2019-05-07,2019-05-07 09:42:40,1.1,1.028,93,1.09,1.0186,50,1.08,1.0093,6,1.095,1.0233,8240,0
SPY190508C291,2019-05-07,2019-05-07 09:42:42,1.1,1.028,52,1.09,1.0186,14,1.08,1.0093,6,1.095,1.0233,8240,0
SPY190508C291,2019-05-07,2019-05-07 09:42:43,1.1,1.028,19,1.09,1.0186,40,1.09,1.0186,1,1.095,1.0233,8251,11
SPY190508C291,2019-05-07,2019-05-07 09:42:45,1.1,1.028,19,1.09,1.0186,74,1.09,1.0186,1,1.095,1.0233,8251,0
SPY190508C291,2019-05-07,2019-05-07 09:42:46,1.1,1.028,2,1.09,1.0186,100,1.09,1.0186,1,1.095,1.0233,8251,0
SPY190508C291,2019-05-07,2019-05-07 09:42:48,1.1,1.028,1,1.09,1.0186,100,1.09,1.0186,1,1.095,1.0233,8251,0
SPY190508C291,2019-05-07,2019-05-07 09:42:49,1.11,1.0373,10,1.1,1.028,70,1.1,1.028,1,1.105,1.0327,8252,1
SPY190508C291,2019-05-07,2019-05-07 09:42:50,1.11,1.0373,10,1.1,1.028,64,1.1,1.028,19,1.105,1.0327,8271,19
SPY190508C291,2019-05-07,2019-05-07 09:42:52,1.11,1.0373,10,1.1,1.028,350,1.1,1.028,19,1.105,1.0327,8271,0
SPY190508C291,2019-05-07,2019-05-07 09:42:54,1.11,1.0373,4,1.1,1.028,350,1.11,1.0373,2,1.105,1.0327,8277,6
SPY190508C291,2019-05-07,2019-05-07 09:42:55,1.13,1.056,365,1.11,1.0373,85,1.11,1.0373,4,1.12,1.0467,8281,4
SPY190508C291,2019-05-07,2019-05-07 09:42:57,1.13,1.056,27,1.12,1.0467,100,1.11,1.0373,4,1.125,1.0514,8281,0
SPY190508C291,2019-05-07,2019-05-07 09:42:58,1.15,1.0747,55,1.13,1.056,35,1.11,1.0373,4,1.14,1.0654,8281,0
SPY190508C291,2019-05-07,2019-05-07 09:42:59,1.15,1.0747,50,1.14,1.0654,65,1.11,1.0373,4,1.145,1.07,8281,0
SPY190508C291,2019-05-07,2019-05-07 09:43:01,1.15,1.0747,103,1.13,1.056,100,1.11,1.0373,4,1.14,1.0654,8281,0
SPY190508C291,2019-05-07,2019-05-07 09:43:02,1.15,1.0747,53,1.14,1.0654,62,1.15,1.0747,1,1.145,1.07,8282,1
SPY190508C291,2019-05-07,2019-05-07 09:43:03,1.15,1.0747,11,1.14,1.0654,62,1.15,1.0747,1,1.145,1.07,8282,0
SPY190508C291,2019-05-07,2019-05-07 09:43:05,1.15,1.0747,60,1.14,1.0654,62,1.15,1.0747,1,1.145,1.07,8282,0
SPY190508C291,2019-05-07,2019-05-07 09:43:06,1.15,1.0747,272,1.14,1.0654,48,1.14,1.0654,3,1.145,1.07,8288,6
SPY190508C291,2019-05-07,2019-05-07 09:43:08,1.15,1.0747,336,1.14,1.0654,38,1.14,1.0654,6,1.145,1.07,8303,15
SPY190508C291,2019-05-07,2019-05-07 09:43:09,1.15,1.0747,343,1.14,1.0654,7,1.14,1.0654,6,1.145,1.07,8303,0
SPY190508C291,2019-05-07,2019-05-07 09:43:10,1.15,1.0747,376,1.14,1.0654,5,1.15,1.0747,10,1.145,1.07,8313,10
SPY190508C291,2019-05-07,2019-05-07 09:43:12,1.15,1.0747,345,1.14,1.0654,30,1.15,1.0747,2,1.145,1.07,8315,2
SPY190508C291,2019-05-07,2019-05-07 09:43:13,1.14,1.0654,195,1.13,1.056,80,1.14,1.0654,5,1.135,1.0607,8320,5
SPY190508C291,2019-05-07,2019-05-07 09:43:15,1.14,1.0654,185,1.13,1.056,76,1.14,1.0654,5,1.135,1.0607,8330,10
SPY190508C291,2019-05-07,2019-05-07 09:43:16,1.14,1.0654,185,1.13,1.056,100,1.14,1.0654,5,1.135,1.0607,8330,0
SPY190508C291,2019-05-07,2019-05-07 09:43:18,1.14,1.0654,210,1.13,1.056,93,1.14,1.0654,5,1.135,1.0607,8330,0
SPY190508C291,2019-05-07,2019-05-07 09:43:19,1.14,1.0654,202,1.13,1.056,93,1.14,1.0654,13,1.135,1.0607,8345,15
SPY190508C291,2019-05-07,2019-05-07 09:43:21,1.13,1.056,39,1.12,1.0467,62,1.14,1.0654,13,1.125,1.0514,8345,0
SPY190508C291,2019-05-07,2019-05-07 09:43:22,1.14,1.0654,219,1.13,1.056,69,1.13,1.056,1,1.135,1.0607,8350,5
SPY190508C291,2019-05-07,2019-05-07 09:43:24,1.13,1.056,83,1.11,1.0373,116,1.14,1.0654,7,1.12,1.0467,8357,7
SPY190508C291,2019-05-07,2019-05-07 09:43:25,1.13,1.056,123,1.11,1.0373,123,1.13,1.056,10,1.12,1.0467,8367,10
SPY190508C291,2019-05-07,2019-05-07 09:43:27,1.13,1.056,170,1.11,1.0373,76,1.13,1.056,10,1.12,1.0467,8367,0
SPY190508C291,2019-05-07,2019-05-07 09:43:28,1.13,1.056,345,1.11,1.0373,76,1.13,1.056,10,1.12,1.0467,8367,0
SPY190508C291,2019-05-07,2019-05-07 09:43:29,1.12,1.0467,23,1.1,1.028,299,1.13,1.056,10,1.11,1.0373,8367,0
SPY190508C291,2019-05-07,2019-05-07 09:43:31,1.12,1.0467,83,1.1,1.028,115,1.13,1.056,10,1.11,1.0373,8367,0
SPY190508C291,2019-05-07,2019-05-07 09:43:32,1.11,1.0373,27,1.1,1.028,115,1.13,1.056,10,1.105,1.0327,8367,0
SPY190508C291,2019-05-07,2019-05-07 09:43:33,1.11,1.0373,39,1.1,1.028,115,1.13,1.056,10,1.105,1.0327,8367,0
SPY190508C291,2019-05-07,2019-05-07 09:43:35,1.11,1.0373,50,1.1,1.028,112,1.13,1.056,10,1.105,1.0327,8367,0
SPY190508C291,2019-05-07,2019-05-07 09:43:36,1.11,1.0373,17,1.1,1.028,68,1.13,1.056,10,1.105,1.0327,8367,0
SPY190508C291,2019-05-07,2019-05-07 09:43:38,1.11,1.0373,67,1.1,1.028,51,1.11,1.0373,1,1.105,1.0327,8368,1
SPY190508C291,2019-05-07,2019-05-07 09:43:39,1.11,1.0373,77,1.09,1.0186,77,1.08,1.0093,1,1.1,1.028,8441,73
SPY190508C291,2019-05-07,2019-05-07 09:43:40,1.11,1.0373,34,1.1,1.028,81,1.11,1.0373,2,1.105,1.0327,8444,3
SPY190508C291,2019-05-07,2019-05-07 09:43:42,1.11,1.0373,557,1.09,1.0186,81,1.11,1.0373,6,1.1,1.028,8456,12
SPY190508C291,2019-05-07,2019-05-07 09:43:43,1.1,1.028,27,1.09,1.0186,81,1.11,1.0373,6,1.095,1.0233,8456,0
SPY190508C291,2019-05-07,2019-05-07 09:43:45,1.1,1.028,288,1.07,1.0,170,1.09,1.0186,10,1.085,1.014,8468,12
SPY190508C291,2019-05-07,2019-05-07 09:43:46,1.09,1.0186,204,1.07,1.0,10,1.09,1.0186,10,1.08,1.0093,8468,0
SPY190508C291,2019-05-07,2019-05-07 09:43:47,1.08,1.0093,365,1.07,1.0,10,1.09,1.0186,10,1.075,1.0046,8468,0
SPY190508C291,2019-05-07,2019-05-07 09:43:49,1.08,1.0093,31,1.07,1.0,10,1.09,1.0186,10,1.075,1.0046,8468,0
SPY190508C291,2019-05-07,2019-05-07 09:43:50,1.08,1.0093,1,1.07,1.0,71,1.07,1.0,1,1.075,1.0046,8469,1
SPY190508C291,2019-05-07,2019-05-07 09:43:52,1.08,1.0093,1,1.07,1.0,103,1.07,1.0,1,1.075,1.0046,8469,0
SPY190508C291,2019-05-07,2019-05-07 09:43:53,1.08,1.0093,1,1.07,1.0,100,1.07,1.0,4,1.075,1.0046,8473,4
SPY190508C291,2019-05-07,2019-05-07 09:43:54,1.1,1.028,103,1.09,1.0186,60,1.08,1.0093,1,1.095,1.0233,8474,1
SPY190508C291,2019-05-07,2019-05-07 09:43:56,1.1,1.028,50,1.08,1.0093,74,1.08,1.0093,1,1.09,1.0186,8474,0
SPY190508C291,2019-05-07,2019-05-07 09:43:58,1.12,1.0467,50,1.1,1.028,66,1.1,1.028,25,1.11,1.0373,8513,39
SPY190508C291,2019-05-07,2019-05-07 09:43:59,1.1,1.028,33,1.09,1.0186,82,1.1,1.028,25,1.095,1.0233,8513,0
SPY190508C291,2019-05-07,2019-05-07 09:44:00,1.1,1.028,100,1.09,1.0186,1,1.1,1.028,25,1.095,1.0233,8513,0
SPY190508C291,2019-05-07,2019-05-07 09:44:02,1.09,1.0186,134,1.08,1.0093,50,1.09,1.0186,1,1.085,1.014,8514,1
SPY190508C291,2019-05-07,2019-05-07 09:44:03,1.07,1.0,33,1.06,0.9906,74,1.07,1.0,5,1.065,0.9953,8581,67
SPY190508C291,2019-05-07,2019-05-07 09:44:05,1.07,1.0,809,1.05,0.9813,78,1.08,1.0093,1,1.06,0.9906,8582,1
SPY190508C291,2019-05-07,2019-05-07 09:44:06,1.07,1.0,75,1.06,0.9906,64,1.08,1.0093,1,1.065,0.9953,8582,0
SPY190508C291,2019-05-07,2019-05-07 09:44:07,1.06,0.9906,60,1.05,0.9813,81,1.08,1.0093,1,1.055,0.9859,8582,0
SPY190508C291,2019-05-07,2019-05-07 09:44:09,1.07,1.0,384,1.05,0.9813,28,1.08,1.0093,1,1.06,0.9906,8582,0
SPY190508C291,2019-05-07,2019-05-07 09:44:10,1.08,1.0093,345,1.06,0.9906,65,1.08,1.0093,1,1.07,1.0,8582,0
SPY190508C291,2019-05-07,2019-05-07 09:44:12,1.08,1.0093,187,1.06,0.9906,60,1.08,1.0093,1,1.07,1.0,8582,0
SPY190508C291,2019-05-07,2019-05-07 09:44:13,1.07,1.0,437,1.05,0.9813,61,1.08,1.0093,1,1.06,0.9906,8582,0
SPY190508C291,2019-05-07,2019-05-07 09:44:14,1.06,0.9906,109,1.05,0.9813,2,1.06,0.9906,1,1.055,0.9859,8583,1
SPY190508C291,2019-05-07,2019-05-07 09:44:16,1.06,0.9906,33,1.05,0.9813,6,1.06,0.9906,1,1.055,0.9859,8583,0
SPY190508C291,2019-05-07,2019-05-07 09:44:17,1.06,0.9906,50,1.05,0.9813,6,1.06,0.9906,1,1.055,0.9859,8583,0
SPY190508C291,2019-05-07,2019-05-07 09:44:18,1.06,0.9906,8,1.05,0.9813,100,1.06,0.9906,1,1.055,0.9859,8583,0
SPY190508C291,2019-05-07,2019-05-07 09:44:20,1.06,0.9906,1,1.05,0.9813,16,1.06,0.9906,7,1.055,0.9859,8591,8
SPY190508C291,2019-05-07,2019-05-07 09:44:21,1.07,1.0,50,1.06,0.9906,1,1.06,0.9906,1,1.065,0.9953,8593,2
SPY190508C291,2019-05-07,2019-05-07 09:44:23,1.07,1.0,50,1.06,0.9906,47,1.07,1.0,4,1.065,0.9953,8613,20
SPY190508C291,2019-05-07,2019-05-07 09:44:24,1.07,1.0,50,1.06,0.9906,50,1.07,1.0,4,1.065,0.9953,8613,0
SPY190508C291,2019-05-07,2019-05-07 09:44:26,1.07,1.0,36,1.06,0.9906,50,1.07,1.0,4,1.065,0.9953,8613,0
SPY190508C291,2019-05-07,2019-05-07 09:44:27,1.08,1.0093,415,1.06,0.9906,63,1.07,1.0,4,1.07,1.0,8613,0
SPY190508C291,2019-05-07,2019-05-07 09:44:28,1.08,1.0093,215,1.06,0.9906,77,1.07,1.0,4,1.07,1.0,8613,0
SPY190508C291,2019-05-07,2019-05-07 09:44:30,1.07,1.0,59,1.06,0.9906,50,1.07,1.0,5,1.065,0.9953,8618,5
SPY190508C291,2019-05-07,2019-05-07 09:44:31,1.07,1.0,59,1.06,0.9906,27,1.07,1.0,1,1.065,0.9953,8619,1
SPY190508C291,2019-05-07,2019-05-07 09:44:33,1.06,0.9906,22,1.05,0.9813,84,1.06,0.9906,1,1.055,0.9859,8620,1
SPY190508C291,2019-05-07,2019-05-07 09:44:34,1.06,0.9906,561,1.05,0.9813,2,1.06,0.9906,1,1.055,0.9859,8620,0
SPY190508C291,2019-05-07,2019-05-07 09:44:36,1.06,0.9906,616,1.05,0.9813,2,1.06,0.9906,1,1.055,0.9859,8620,0
SPY190508C291,2019-05-07,2019-05-07 09:44:37,1.06,0.9906,616,1.05,0.9813,2,1.06,0.9906,1,1.055,0.9859,8620,0
SPY190508C291,2019-05-07,2019-05-07 09:44:38,1.07,1.0,74,1.05,0.9813,100,1.05,0.9813,1,1.06,0.9906,8623,3
SPY190508C291,2019-05-07,2019-05-07 09:44:40,1.05,0.9813,54,1.03,0.9626,648,1.05,0.9813,1,1.04,0.9719,8623,0
SPY190508C291,2019-05-07,2019-05-07 09:44:41,1.05,0.9813,56,1.03,0.9626,115,1.05,0.9813,1,1.04,0.9719,8623,0
SPY190508C291,2019-05-07,2019-05-07 09:44:42,1.04,0.9719,31,1.02,0.9532,119,1.05,0.9813,1,1.03,0.9626,8623,0
SPY190508C291,2019-05-07,2019-05-07 09:44:44,1.05,0.9813,40,1.03,0.9626,100,1.05,0.9813,1,1.04,0.9719,8623,0
SPY190508C291,2019-05-07,2019-05-07 09:44:45,1.05,0.9813,48,1.04,0.9719,98,1.05,0.9813,4,1.045,0.9766,8632,9
SPY190508C291,2019-05-07,2019-05-07 09:44:47,1.06,0.9906,20,1.04,0.9719,15,1.05,0.9813,2,1.05,0.9813,8634,2
SPY190508C291,2019-05-07,2019-05-07 09:44:48,1.07,1.0,60,1.05,0.9813,100,1.05,0.9813,2,1.06,0.9906,8634,0
SPY190508C291,2019-05-07,2019-05-07 09:44:50,1.11,1.0373,160,1.08,1.0093,70,1.05,0.9813,2,1.095,1.0233,8634,0
SPY190508C291,2019-05-07,2019-05-07 09:44:51,1.1,1.028,70,1.08,1.0093,100,1.05,0.9813,2,1.09,1.0186,8634,0
SPY190508C291,2019-05-07,2019-05-07 09:44:53,1.08,1.0093,104,1.06,0.9906,90,1.05,0.9813,2,1.07,1.0,8634,0
SPY190508C291,2019-05-07,2019-05-07 09:44:54,1.07,1.0,137,1.04,0.9719,100,1.05,0.9813,2,1.055,0.9859,8634,0
SPY190508C291,2019-05-07,2019-05-07 09:44:56,1.06,0.9906,27,1.04,0.9719,102,1.05,0.9813,2,1.05,0.9813,8634,0
SPY190508C291,2019-05-07,2019-05-07 09:44:57,1.08,1.0093,79,1.04,0.9719,493,1.05,0.9813,2,1.06,0.9906,8634,0
SPY190508C291,2019-05-07,2019-05-07 09:44:58,1.06,0.9906,22,1.05,0.9813,100,1.05,0.9813,2,1.055,0.9859,8634,0
SPY190508C291,2019-05-07,2019-05-07 09:45:00,1.06,0.9906,17,1.04,0.9719,140,1.05,0.9813,2,1.05,0.9813,8634,0
SPY190508C291,2019-05-07,2019-05-07 09:45:01,1.06,0.9906,13,1.04,0.9719,320,1.05,0.9813,2,1.05,0.9813,8634,0
SPY190508C291,2019-05-07,2019-05-07 09:45:03,1.06,0.9906,27,1.05,0.9813,100,1.05,0.9813,2,1.055,0.9859,8634,0
SPY190508C291,2019-05-07,2019-05-07 09:45:05,1.09,1.0186,26,1.07,1.0,67,1.05,0.9813,2,1.08,1.0093,8634,0
SPY190508C291,2019-05-07,2019-05-07 09:45:06,1.08,1.0093,30,1.07,1.0,100,1.05,0.9813,2,1.075,1.0046,8634,0
SPY190508C291,2019-05-07,2019-05-07 09:45:08,1.1,1.028,29,1.08,1.0093,146,1.07,1.0,2,1.09,1.0186,8636,2
SPY190508C291,2019-05-07,2019-05-07 09:45:09,1.1,1.028,43,1.08,1.0093,461,1.09,1.0186,1,1.09,1.0186,8637,1
SPY190508C291,2019-05-07,2019-05-07 09:45:11,1.1,1.028,18,1.08,1.0093,442,1.1,1.028,9,1.09,1.0186,8646,9
SPY190508C291,2019-05-07,2019-05-07 09:45:12,1.1,1.028,2,1.09,1.0186,115,1.1,1.028,9,1.095,1.0233,8646,0
SPY190508C291,2019-05-07,2019-05-07 09:45:13,1.12,1.0467,21,1.1,1.028,170,1.1,1.028,1,1.11,1.0373,8648,2
SPY190508C291,2019-05-07,2019-05-07 09:45:15,1.13,1.056,171,1.11,1.0373,115,1.13,1.056,60,1.12,1.0467,8708,60
SPY190508C291,2019-05-07,2019-05-07 09:45:16,1.13,1.056,171,1.11,1.0373,299,1.13,1.056,60,1.12,1.0467,8708,0
SPY190508C291,2019-05-07,2019-05-07 09:45:18,1.12,1.0467,11,1.11,1.0373,82,1.13,1.056,60,1.115,1.042,8708,0
SPY190508C291,2019-05-07,2019-05-07 09:45:19,1.13,1.056,259,1.11,1.0373,100,1.13,1.056,60,1.12,1.0467,8708,0
SPY190508C291,2019-05-07,2019-05-07 09:45:20,1.13,1.056,247,1.12,1.0467,10,1.13,1.056,60,1.125,1.0514,8708,0
SPY190508C291,2019-05-07,2019-05-07 09:45:22,1.11,1.0373,26,1.1,1.028,50,1.12,1.0467,10,1.105,1.0327,8718,10
SPY190508C291,2019-05-07,2019-05-07 09:45:24,1.11,1.0373,26,1.1,1.028,90,1.11,1.0373,1,1.105,1.0327,8719,1
SPY190508C291,2019-05-07,2019-05-07 09:45:25,1.12,1.0467,61,1.1,1.028,480,1.11,1.0373,1,1.11,1.0373,8719,0
SPY190508C291,2019-05-07,2019-05-07 09:45:27,1.12,1.0467,35,1.1,1.028,526,1.11,1.0373,1,1.11,1.0373,8719,0
SPY190508C291,2019-05-07,2019-05-07 09:45:28,1.13,1.056,75,1.11,1.0373,100,1.11,1.0373,1,1.12,1.0467,8719,0
SPY190508C291,2019-05-07,2019-05-07 09:45:29,1.12,1.0467,22,1.11,1.0373,100,1.11,1.0373,1,1.115,1.042,8719,0
SPY190508C291,2019-05-07,2019-05-07 09:45:31,1.13,1.056,47,1.11,1.0373,100,1.11,1.0373,1,1.12,1.0467,8719,0
SPY190508C291,2019-05-07,2019-05-07 09:45:32,1.12,1.0467,29,1.1,1.028,526,1.11,1.0373,1,1.11,1.0373,8719,0
SPY190508C291,2019-05-07,2019-05-07 09:45:34,1.12,1.0467,41,1.11,1.0373,100,1.11,1.0373,1,1.115,1.042,8719,0
SPY190508C291,2019-05-07,2019-05-07 09:45:35,1.12,1.0467,41,1.11,1.0373,50,1.11,1.0373,1,1.115,1.042,8719,0
SPY190508C291,2019-05-07,2019-05-07 09:45:37,1.12,1.0467,47,1.11,1.0373,50,1.11,1.0373,1,1.115,1.042,8719,0
SPY190508C291,2019-05-07,2019-05-07 09:45:38,1.13,1.056,14,1.11,1.0373,582,1.11,1.0373,1,1.12,1.0467,8719,0
SPY190508C291,2019-05-07,2019-05-07 09:45:39,1.13,1.056,28,1.11,1.0373,508,1.11,1.0373,1,1.12,1.0467,8719,0
SPY190508C291,2019-05-07,2019-05-07 09:45:41,1.15,1.0747,51,1.13,1.056,100,1.15,1.0747,1,1.14,1.0654,8720,1
SPY190508C291,2019-05-07,2019-05-07 09:45:42,1.15,1.0747,14,1.14,1.0654,100,1.15,1.0747,1,1.145,1.07,8720,0
SPY190508C291,2019-05-07,2019-05-07 09:45:44,1.14,1.0654,11,1.12,1.0467,138,1.15,1.0747,1,1.13,1.056,8720,0
SPY190508C291,2019-05-07,2019-05-07 09:45:45,1.13,1.056,50,1.12,1.0467,1,1.15,1.0747,1,1.125,1.0514,8720,0
SPY190508C291,2019-05-07,2019-05-07 09:45:46,1.13,1.056,103,1.12,1.0467,1,1.13,1.056,1,1.125,1.0514,8821,101
SPY190508C291,2019-05-07,2019-05-07 09:45:48,1.13,1.056,103,1.12,1.0467,1,1.13,1.056,1,1.125,1.0514,8821,0
SPY190508C291,2019-05-07,2019-05-07 09:45:49,1.12,1.0467,46,1.11,1.0373,100,1.12,1.0467,1,1.115,1.042,8822,1
SPY190508C291,2019-05-07,2019-05-07 09:45:51,1.12,1.0467,51,1.11,1.0373,100,1.11,1.0373,25,1.115,1.042,8847,25
SPY190508C291,2019-05-07,2019-05-07 09:45:52,1.12,1.0467,51,1.11,1.0373,100,1.11,1.0373,25,1.115,1.042,8847,0
SPY190508C291,2019-05-07,2019-05-07 09:45:53,1.12,1.0467,101,1.11,1.0373,40,1.12,1.0467,1,1.115,1.042,8848,1
SPY190508C291,2019-05-07,2019-05-07 09:45:55,1.12,1.0467,101,1.11,1.0373,40,1.12,1.0467,1,1.115,1.042,8848,0
SPY190508C291,2019-05-07,2019-05-07 09:45:56,1.12,1.0467,230,1.1,1.028,2,1.11,1.0373,40,1.11,1.0373,8888,40
SPY190508C291,2019-05-07,2019-05-07 09:45:58,1.11,1.0373,104,1.1,1.028,2,1.11,1.0373,1,1.105,1.0327,8889,1
SPY190508C291,2019-05-07,2019-05-07 09:46:00,1.11,1.0373,105,1.1,1.028,2,1.11,1.0373,1,1.105,1.0327,8889,0
SPY190508C291,2019-05-07,2019-05-07 09:46:01,1.11,1.0373,105,1.1,1.028,2,1.11,1.0373,1,1.105,1.0327,8889,0
SPY190508C291,2019-05-07,2019-05-07 09:46:03,1.11,1.0373,97,1.1,1.028,2,1.11,1.0373,1,1.105,1.0327,8889,0
SPY190508C291,2019-05-07,2019-05-07 09:46:04,1.1,1.028,79,1.09,1.0186,15,1.1,1.028,2,1.095,1.0233,8891,2
SPY190508C291,2019-05-07,2019-05-07 09:46:06,1.1,1.028,36,1.09,1.0186,37,1.1,1.028,2,1.095,1.0233,8891,0
SPY190508C291,2019-05-07,2019-05-07 09:46:07,1.1,1.028,119,1.09,1.0186,15,1.1,1.028,2,1.095,1.0233,8891,0
SPY190508C291,2019-05-07,2019-05-07 09:46:09,1.1,1.028,117,1.09,1.0186,15,1.1,1.028,2,1.095,1.0233,8891,0
SPY190508C291,2019-05-07,2019-05-07 09:46:10,1.1,1.028,170,1.09,1.0186,15,1.1,1.028,2,1.095,1.0233,8891,0
SPY190508C291,2019-05-07,2019-05-07 09:46:12,1.1,1.028,345,1.09,1.0186,15,1.1,1.028,10,1.095,1.0233,8901,10
SPY190508C291,2019-05-07,2019-05-07 09:46:13,1.09,1.0186,345,1.07,1.0,63,1.09,1.0186,15,1.08,1.0093,8916,15
SPY190508C291,2019-05-07,2019-05-07 09:46:15,1.08,1.0093,59,1.06,0.9906,100,1.09,1.0186,15,1.07,1.0,8916,0
SPY190508C291,2019-05-07,2019-05-07 09:46:16,1.08,1.0093,26,1.06,0.9906,100,1.09,1.0186,15,1.07,1.0,8916,0
SPY190508C291,2019-05-07,2019-05-07 09:46:17,1.08,1.0093,92,1.06,0.9906,100,1.09,1.0186,15,1.07,1.0,8916,0
SPY190508C291,2019-05-07,2019-05-07 09:46:19,1.08,1.0093,92,1.06,0.9906,100,1.08,1.0093,1,1.07,1.0,8917,1
SPY190508C291,2019-05-07,2019-05-07 09:46:20,1.09,1.0186,30,1.07,1.0,146,1.06,0.9906,6,1.08,1.0093,8928,11
SPY190508C291,2019-05-07,2019-05-07 09:46:22,1.08,1.0093,30,1.07,1.0,59,1.06,0.9906,6,1.075,1.0046,8928,0
SPY190508C291,2019-05-07,2019-05-07 09:46:23,1.08,1.0093,9,1.07,1.0,84,1.06,0.9906,6,1.075,1.0046,8928,0
SPY190508C291,2019-05-07,2019-05-07 09:46:25,1.09,1.0186,33,1.07,1.0,162,1.09,1.0186,1,1.08,1.0093,8931,3
SPY190508C291,2019-05-07,2019-05-07 09:46:26,1.09,1.0186,15,1.08,1.0093,100,1.09,1.0186,1,1.085,1.014,8931,0
SPY190508C291,2019-05-07,2019-05-07 09:46:27,1.07,1.0,24,1.06,0.9906,66,1.09,1.0186,1,1.065,0.9953,8931,0
SPY190508C291,2019-05-07,2019-05-07 09:46:29,1.07,1.0,21,1.06,0.9906,100,1.09,1.0186,1,1.065,0.9953,8931,0
SPY190508C291,2019-05-07,2019-05-07 09:46:30,1.08,1.0093,114,1.06,0.9906,100,1.09,1.0186,1,1.07,1.0,8931,0
SPY190508C291,2019-05-07,2019-05-07 09:46:32,1.07,1.0,25,1.06,0.9906,100,1.06,0.9906,6,1.065,0.9953,8941,10
SPY190508C291,2019-05-07,2019-05-07 09:46:33,1.07,1.0,25,1.06,0.9906,100,1.07,1.0,10,1.065,0.9953,8951,10
SPY190508C291,2019-05-07,2019-05-07 09:46:34,1.06,0.9906,6,1.05,0.9813,5,1.05,0.9813,1,1.055,0.9859,8953,2
SPY190508C291,2019-05-07,2019-05-07 09:46:36,1.05,0.9813,6,1.04,0.9719,345,1.05,0.9813,1,1.045,0.9766,8959,6
SPY190508C291,2019-05-07,2019-05-07 09:46:37,1.05,0.9813,70,1.03,0.9626,90,1.05,0.9813,1,1.04,0.9719,8959,0
SPY190508C291,2019-05-07,2019-05-07 09:46:39,1.04,0.9719,90,1.02,0.9532,170,1.05,0.9813,1,1.03,0.9626,8959,0
SPY190508C291,2019-05-07,2019-05-07 09:46:40,1.04,0.9719,50,1.02,0.9532,100,1.05,0.9813,1,1.03,0.9626,8959,0
SPY190508C291,2019-05-07,2019-05-07 09:46:42,1.02,0.9532,10,1.01,0.9439,100,1.02,0.9532,31,1.015,0.9485,9127,168
SPY190508C291,2019-05-07,2019-05-07 09:46:43,1.02,0.9532,45,1.01,0.9439,6,1.02,0.9532,31,1.015,0.9485,9127,0
SPY190508C291,2019-05-07,2019-05-07 09:46:45,1.02,0.9532,22,1.01,0.9439,100,1.01,0.9439,22,1.015,0.9485,9177,50
SPY190508C291,2019-05-07,2019-05-07 09:46:46,1.03,0.9626,676,1.01,0.9439,100,1.01,0.9439,1,1.02,0.9532,9230,53
SPY190508C291,2019-05-07,2019-05-07 09:46:48,1.03,0.9626,149,1.01,0.9439,60,1.01,0.9439,16,1.02,0.9532,9877,647
SPY190508C291,2019-05-07,2019-05-07 09:46:50,1.02,0.9532,13,1.01,0.9439,100,1.01,0.9439,12,1.015,0.9485,9902,25
SPY190508C291,2019-05-07,2019-05-07 09:46:51,1.02,0.9532,80,1.0,0.9345,142,1.02,0.9532,2,1.01,0.9439,9906,4
SPY190508C291,2019-05-07,2019-05-07 09:46:53,1.01,0.9439,358,1.0,0.9345,11,1.02,0.9532,2,1.005,0.9392,9906,0
SPY190508C291,2019-05-07,2019-05-07 09:46:54,1.01,0.9439,934,1.0,0.9345,11,1.01,0.9439,8,1.005,0.9392,9914,8
SPY190508C291,2019-05-07,2019-05-07 09:46:55,1.04,0.9719,209,1.01,0.9439,75,1.01,0.9439,8,1.025,0.9579,9914,0
SPY190508C291,2019-05-07,2019-05-07 09:46:57,1.02,0.9532,80,1.0,0.9345,541,1.01,0.9439,11,1.01,0.9439,9925,11
SPY190508C291,2019-05-07,2019-05-07 09:46:58,1.01,0.9439,311,1.0,0.9345,11,1.01,0.9439,5,1.005,0.9392,9940,15
SPY190508C291,2019-05-07,2019-05-07 09:47:00,1.01,0.9439,100,0.99,0.9252,75,1.0,0.9345,1,1.0,0.9345,9953,13
SPY190508C291,2019-05-07,2019-05-07 09:47:01,1.01,0.9439,25,1.0,0.9345,100,1.0,0.9345,1,1.005,0.9392,9953,0
SPY190508C291,2019-05-07,2019-05-07 09:47:03,1.01,0.9439,100,1.0,0.9345,299,1.0,0.9345,1,1.005,0.9392,9953,0
SPY190508C291,2019-05-07,2019-05-07 09:47:04,1.01,0.9439,168,1.0,0.9345,1,1.0,0.9345,1,1.005,0.9392,9953,0
SPY190508C291,2019-05-07,2019-05-07 09:47:06,1.01,0.9439,228,1.0,0.9345,10,1.0,0.9345,1,1.005,0.9392,9953,0
SPY190508C291,2019-05-07,2019-05-07 09:47:07,1.01,0.9439,142,0.99,0.9252,81,1.0,0.9345,2,1.0,0.9345,9969,16
SPY190508C291,2019-05-07,2019-05-07 09:47:08,1.0,0.9345,36,0.98,0.9158,587,1.0,0.9345,2,0.99,0.9252,9969,0
SPY190508C291,2019-05-07,2019-05-07 09:47:10,1.0,0.9345,106,0.98,0.9158,541,1.0,0.9345,2,0.99,0.9252,9969,0
SPY190508C291,2019-05-07,2019-05-07 09:47:11,0.99,0.9252,90,0.97,0.9065,345,0.99,0.9252,1,0.98,0.9158,9971,2
SPY190508C291,2019-05-07,2019-05-07 09:47:13,0.98,0.9158,22,0.97,0.9065,100,0.99,0.9252,1,0.975,0.9112,9971,0
SPY190508C291,2019-05-07,2019-05-07 09:47:14,0.98,0.9158,32,0.97,0.9065,150,0.99,0.9252,1,0.975,0.9112,9971,0
SPY190508C291,2019-05-07,2019-05-07 09:47:16,0.99,0.9252,96,0.97,0.9065,110,0.99,0.9252,1,0.98,0.9158,9971,0
SPY190508C291,2019-05-07,2019-05-07 09:47:18,0.99,0.9252,345,0.98,0.9158,1,0.99,0.9252,1,0.985,0.9205,10001,30
SPY190508C291,2019-05-07,2019-05-07 09:47:20,0.98,0.9158,86,0.97,0.9065,25,0.97,0.9065,3,0.975,0.9112,10004,3
SPY190508C291,2019-05-07,2019-05-07 09:47:21,0.98,0.9158,162,0.97,0.9065,25,0.97,0.9065,3,0.975,0.9112,10004,0
SPY190508C291,2019-05-07,2019-05-07 09:47:25,0.99,0.9252,59,0.98,0.9158,32,0.98,0.9158,1,0.985,0.9205,10006,2
SPY190508C291,2019-05-07,2019-05-07 09:47:27,0.99,0.9252,165,0.97,0.9065,374,0.97,0.9065,12,0.98,0.9158,10046,40
SPY190508C291,2019-05-07,2019-05-07 09:47:28,0.98,0.9158,228,0.97,0.9065,25,0.97,0.9065,12,0.975,0.9112,10046,0
SPY190508C291,2019-05-07,2019-05-07 09:47:30,0.97,0.9065,98,0.95,0.8878,500,0.97,0.9065,21,0.96,0.8971,10071,25
SPY190508C291,2019-05-07,2019-05-07 09:47:31,0.96,0.8971,108,0.95,0.8878,36,0.97,0.9065,21,0.955,0.8925,10071,0
SPY190508C291,2019-05-07,2019-05-07 09:47:33,0.96,0.8971,85,0.95,0.8878,20,0.95,0.8878,1,0.955,0.8925,10072,1
SPY190508C291,2019-05-07,2019-05-07 09:47:34,0.96,0.8971,115,0.94,0.8785,237,0.95,0.8878,1,0.95,0.8878,10072,0
SPY190508C291,2019-05-07,2019-05-07 09:47:35,0.96,0.8971,128,0.94,0.8785,350,0.96,0.8971,3,0.95,0.8878,10075,3
SPY190508C291,2019-05-07,2019-05-07 09:47:37,0.95,0.8878,103,0.93,0.8691,258,0.95,0.8878,15,0.94,0.8785,10090,15
SPY190508C291,2019-05-07,2019-05-07 09:47:38,0.94,0.8785,545,0.92,0.8598,80,0.94,0.8785,1,0.93,0.8691,10091,1
SPY190508C291,2019-05-07,2019-05-07 09:47:40,0.92,0.8598,29,0.88,0.8224,200,0.92,0.8598,11,0.9,0.8411,10109,18
SPY190508C291,2019-05-07,2019-05-07 09:47:41,0.93,0.8691,39,0.91,0.8504,319,0.92,0.8598,11,0.92,0.8598,10109,0
SPY190508C291,2019-05-07,2019-05-07 09:47:43,0.92,0.8598,39,0.91,0.8504,83,0.92,0.8598,11,0.915,0.8551,10109,0
SPY190508C291,2019-05-07,2019-05-07 09:47:44,0.92,0.8598,286,0.9,0.8411,40,0.9,0.8411,3,0.91,0.8504,10121,12
SPY190508C291,2019-05-07,2019-05-07 09:47:46,0.92,0.8598,109,0.9,0.8411,86,0.89,0.8317,11,0.91,0.8504,10132,11
SPY190508C291,2019-05-07,2019-05-07 09:47:47,0.91,0.8504,1,0.9,0.8411,100,0.9,0.8411,2,0.905,0.8457,10134,2
SPY190508C291,2019-05-07,2019-05-07 09:47:49,0.93,0.8691,50,0.91,0.8504,170,0.91,0.8504,5,0.92,0.8598,10254,120
SPY190508C291,2019-05-07,2019-05-07 09:47:50,0.94,0.8785,3,0.93,0.8691,170,0.93,0.8691,17,0.935,0.8738,10350,96
SPY190508C291,2019-05-07,2019-05-07 09:47:52,0.94,0.8785,97,0.92,0.8598,407,0.94,0.8785,10,0.93,0.8691,10360,10
SPY190508C291,2019-05-07,2019-05-07 09:47:53,0.94,0.8785,166,0.91,0.8504,125,0.94,0.8785,10,0.925,0.8644,10360,0
SPY190508C291,2019-05-07,2019-05-07 09:47:55,0.92,0.8598,118,0.91,0.8504,2,0.94,0.8785,10,0.915,0.8551,10360,0
SPY190508C291,2019-05-07,2019-05-07 09:47:56,0.91,0.8504,118,0.9,0.8411,58,0.91,0.8504,14,0.905,0.8457,10382,22
SPY190508C291,2019-05-07,2019-05-07 09:47:58,0.92,0.8598,418,0.9,0.8411,67,0.91,0.8504,14,0.91,0.8504,10382,0
SPY190508C291,2019-05-07,2019-05-07 09:47:59,0.92,0.8598,718,0.9,0.8411,82,0.9,0.8411,2,0.91,0.8504,10384,2
SPY190508C291,2019-05-07,2019-05-07 09:48:01,0.91,0.8504,107,0.9,0.8411,77,0.91,0.8504,1,0.905,0.8457,10385,1
SPY190508C291,2019-05-07,2019-05-07 09:48:02,0.91,0.8504,70,0.9,0.8411,72,0.91,0.8504,1,0.905,0.8457,10385,0
SPY190508C291,2019-05-07,2019-05-07 09:48:03,0.91,0.8504,103,0.9,0.8411,72,0.91,0.8504,1,0.905,0.8457,10385,0
SPY190508C291,2019-05-07,2019-05-07 09:48:05,0.91,0.8504,83,0.9,0.8411,72,0.91,0.8504,1,0.905,0.8457,10385,0
SPY190508C291,2019-05-07,2019-05-07 09:48:06,0.9,0.8411,77,0.89,0.8317,140,0.9,0.8411,1,0.895,0.8364,10411,26
SPY190508C291,2019-05-07,2019-05-07 09:48:08,0.9,0.8411,97,0.89,0.8317,61,0.9,0.8411,3,0.895,0.8364,10414,3
SPY190508C291,2019-05-07,2019-05-07 09:48:09,0.89,0.8317,73,0.88,0.8224,76,0.9,0.8411,3,0.885,0.8271,10414,0
SPY190508C291,2019-05-07,2019-05-07 09:48:10,0.9,0.8411,88,0.88,0.8224,73,0.9,0.8411,3,0.89,0.8317,10414,0
SPY190508C291,2019-05-07,2019-05-07 09:48:12,0.88,0.8224,55,0.86,0.8037,70,0.86,0.8037,1,0.87,0.813,10416,2
SPY190508C291,2019-05-07,2019-05-07 09:48:13,0.88,0.8224,663,0.86,0.8037,100,0.86,0.8037,1,0.87,0.813,10416,0
SPY190508C291,2019-05-07,2019-05-07 09:48:15,0.88,0.8224,663,0.86,0.8037,100,0.86,0.8037,1,0.87,0.813,10416,0
SPY190508C291,2019-05-07,2019-05-07 09:48:16,0.88,0.8224,200,0.86,0.8037,31,0.86,0.8037,1,0.87,0.813,10416,0
SPY190508C291,2019-05-07,2019-05-07 09:48:18,0.88,0.8224,371,0.86,0.8037,144,0.86,0.8037,2,0.87,0.813,10420,4
SPY190508C291,2019-05-07,2019-05-07 09:48:19,0.86,0.8037,170,0.85,0.7943,50,0.86,0.8037,2,0.855,0.799,10420,0
SPY190508C291,2019-05-07,2019-05-07 09:48:21,0.85,0.7943,40,0.84,0.785,31,0.86,0.8037,14,0.845,0.7897,10446,26
SPY190508C291,2019-05-07,2019-05-07 09:48:23,0.85,0.7943,261,0.83,0.7757,81,0.85,0.7943,3,0.84,0.785,10449,3
SPY190508C291,2019-05-07,2019-05-07 09:48:25,0.85,0.7943,521,0.83,0.7757,64,0.85,0.7943,3,0.84,0.785,10449,0
SPY190508C291,2019-05-07,2019-05-07 09:48:26,0.85,0.7943,239,0.83,0.7757,71,0.85,0.7943,1,0.84,0.785,10450,1
SPY190508C291,2019-05-07,2019-05-07 09:48:27,0.85,0.7943,104,0.84,0.785,64,0.85,0.7943,1,0.845,0.7897,10450,0
SPY190508C291,2019-05-07,2019-05-07 09:48:29,0.84,0.785,25,0.83,0.7757,149,0.84,0.785,1,0.835,0.7803,10472,22
SPY190508C291,2019-05-07,2019-05-07 09:48:30,0.85,0.7943,574,0.83,0.7757,136,0.83,0.7757,1,0.84,0.785,10472,0
SPY190508C291,2019-05-07,2019-05-07 09:48:32,0.84,0.785,577,0.82,0.7663,98,0.82,0.7663,2,0.83,0.7757,10474,2
SPY190508C291,2019-05-07,2019-05-07 09:48:33,0.84,0.785,857,0.82,0.7663,83,0.83,0.7757,4,0.83,0.7757,10478,4
SPY190508C291,2019-05-07,2019-05-07 09:48:35,0.83,0.7757,58,0.82,0.7663,16,0.83,0.7757,4,0.825,0.771,10478,0
SPY190508C291,2019-05-07,2019-05-07 09:48:36,0.82,0.7663,148,0.81,0.757,69,0.83,0.7757,4,0.815,0.7616,10478,0
SPY190508C291,2019-05-07,2019-05-07 09:48:38,0.81,0.757,144,0.8,0.7476,99,0.83,0.7757,4,0.805,0.7523,10478,0
SPY190508C291,2019-05-07,2019-05-07 09:48:39,0.81,0.757,604,0.8,0.7476,99,0.83,0.7757,4,0.805,0.7523,10478,0
SPY190508C291,2019-05-07,2019-05-07 09:48:41,0.79,0.7383,154,0.78,0.7289,82,0.78,0.7289,7,0.785,0.7336,10622,144
SPY190508C291,2019-05-07,2019-05-07 09:48:42,0.79,0.7383,112,0.78,0.7289,82,0.78,0.7289,7,0.785,0.7336,10622,0
SPY190508C291,2019-05-07,2019-05-07 09:48:43,0.78,0.7289,41,0.77,0.7196,32,0.78,0.7289,7,0.775,0.7242,10622,0
SPY190508C291,2019-05-07,2019-05-07 09:48:45,0.78,0.7289,50,0.77,0.7196,140,0.78,0.7289,7,0.775,0.7242,10622,0
SPY190508C291,2019-05-07,2019-05-07 09:48:46,0.78,0.7289,97,0.77,0.7196,1,0.77,0.7196,2,0.775,0.7242,10624,2
SPY190508C291,2019-05-07,2019-05-07 09:48:48,0.77,0.7196,50,0.75,0.7009,545,0.78,0.7289,10,0.76,0.7102,10659,35
SPY190508C291,2019-05-07,2019-05-07 09:48:49,0.77,0.7196,67,0.75,0.7009,384,0.75,0.7009,1,0.76,0.7102,10660,1
SPY190508C291,2019-05-07,2019-05-07 09:48:51,0.76,0.7102,32,0.75,0.7009,205,0.75,0.7009,25,0.755,0.7056,10785,125
SPY190508C291,2019-05-07,2019-05-07 09:48:52,0.76,0.7102,1,0.75,0.7009,100,0.75,0.7009,25,0.755,0.7056,10785,0
SPY190508C291,2019-05-07,2019-05-07 09:48:54,0.76,0.7102,129,0.75,0.7009,82,0.75,0.7009,25,0.755,0.7056,10785,0
SPY190508C291,2019-05-07,2019-05-07 09:48:55,0.79,0.7383,20,0.76,0.7102,544,0.77,0.7196,1,0.775,0.7242,10814,29
SPY190508C291,2019-05-07,2019-05-07 09:48:57,0.79,0.7383,258,0.76,0.7102,100,0.79,0.7383,3,0.775,0.7242,10817,3
SPY190508C291,2019-05-07,2019-05-07 09:48:58,0.79,0.7383,50,0.78,0.7289,89,0.76,0.7102,2,0.785,0.7336,10829,12
SPY190508C291,2019-05-07,2019-05-07 09:48:59,0.8,0.7476,51,0.79,0.7383,89,0.79,0.7383,1,0.795,0.7429,10831,2
SPY190508C291,2019-05-07,2019-05-07 09:49:01,0.81,0.757,26,0.79,0.7383,213,0.81,0.757,50,0.8,0.7476,10893,62
SPY190508C291,2019-05-07,2019-05-07 09:49:02,0.82,0.7663,232,0.8,0.7476,94,0.81,0.757,50,0.81,0.757,10893,0
SPY190508C291,2019-05-07,2019-05-07 09:49:04,0.8,0.7476,370,0.78,0.7289,245,0.79,0.7383,4,0.79,0.7383,10899,6
SPY190508C291,2019-05-07,2019-05-07 09:49:05,0.8,0.7476,5,0.79,0.7383,180,0.8,0.7476,5,0.795,0.7429,10904,5
SPY190508C291,2019-05-07,2019-05-07 09:49:07,0.82,0.7663,212,0.81,0.757,19,0.81,0.757,1,0.815,0.7616,10910,6
SPY190508C291,2019-05-07,2019-05-07 09:49:08,0.81,0.757,1,0.8,0.7476,2,0.81,0.757,15,0.805,0.7523,10941,31
SPY190508C291,2019-05-07,2019-05-07 09:49:09,0.8,0.7476,51,0.79,0.7383,70,0.8,0.7476,2,0.795,0.7429,10943,2
SPY190508C291,2019-05-07,2019-05-07 09:49:11,0.8,0.7476,29,0.79,0.7383,87,0.8,0.7476,5,0.795,0.7429,10953,10
SPY190508C291,2019-05-07,2019-05-07 09:49:12,0.81,0.757,70,0.8,0.7476,82,0.8,0.7476,5,0.805,0.7523,10978,25
SPY190508C291,2019-05-07,2019-05-07 09:49:14,0.81,0.757,50,0.8,0.7476,106,0.8,0.7476,2,0.805,0.7523,10980,2
SPY190508C291,2019-05-07,2019-05-07 09:49:15,0.81,0.757,6,0.8,0.7476,90,0.8,0.7476,3,0.805,0.7523,10983,3
SPY190508C291,2019-05-07,2019-05-07 09:49:16,0.81,0.757,472,0.8,0.7476,19,0.8,0.7476,3,0.805,0.7523,10983,0
SPY190508C291,2019-05-07,2019-05-07 09:49:18,0.81,0.757,816,0.79,0.7383,109,0.81,0.757,18,0.8,0.7476,11006,23
SPY190508C291,2019-05-07,2019-05-07 09:49:19,0.8,0.7476,927,0.79,0.7383,44,0.81,0.757,18,0.795,0.7429,11006,0
SPY190508C291,2019-05-07,2019-05-07 09:49:21,0.79,0.7383,59,0.78,0.7289,50,0.79,0.7383,8,0.785,0.7336,11020,14
SPY190508C291,2019-05-07,2019-05-07 09:49:22,0.8,0.7476,140,0.78,0.7289,100,0.79,0.7383,3,0.79,0.7383,11023,3
SPY190508C291,2019-05-07,2019-05-07 09:49:24,0.79,0.7383,657,0.78,0.7289,64,0.78,0.7289,10,0.785,0.7336,11033,10
SPY190508C291,2019-05-07,2019-05-07 09:49:25,0.79,0.7383,499,0.78,0.7289,76,0.78,0.7289,10,0.785,0.7336,11033,0
SPY190508C291,2019-05-07,2019-05-07 09:49:27,0.79,0.7383,496,0.78,0.7289,80,0.79,0.7383,2,0.785,0.7336,11038,5
SPY190508C291,2019-05-07,2019-05-07 09:49:29,0.79,0.7383,50,0.78,0.7289,100,0.79,0.7383,2,0.785,0.7336,11038,0
SPY190508C291,2019-05-07,2019-05-07 09:49:30,0.81,0.757,70,0.8,0.7476,90,0.8,0.7476,1,0.805,0.7523,11039,1
SPY190508C291,2019-05-07,2019-05-07 09:49:31,0.81,0.757,77,0.8,0.7476,18,0.8,0.7476,1,0.805,0.7523,11039,0
SPY190508C291,2019-05-07,2019-05-07 09:49:33,0.8,0.7476,480,0.79,0.7383,294,0.79,0.7383,6,0.795,0.7429,11052,13
SPY190508C291,2019-05-07,2019-05-07 09:49:34,0.81,0.757,145,0.8,0.7476,30,0.79,0.7383,6,0.805,0.7523,11052,0
SPY190508C291,2019-05-07,2019-05-07 09:49:36,0.81,0.757,590,0.8,0.7476,40,0.8,0.7476,5,0.805,0.7523,11057,5
SPY190508C291,2019-05-07,2019-05-07 09:49:37,0.81,0.757,472,0.8,0.7476,23,0.8,0.7476,2,0.805,0.7523,11059,2
SPY190508C291,2019-05-07,2019-05-07 09:49:39,0.81,0.757,1,0.8,0.7476,100,0.8,0.7476,5,0.805,0.7523,11064,5
SPY190508C291,2019-05-07,2019-05-07 09:49:40,0.81,0.757,70,0.8,0.7476,50,0.8,0.7476,5,0.805,0.7523,11064,0
SPY190508C291,2019-05-07,2019-05-07 09:49:41,0.81,0.757,1,0.8,0.7476,50,0.8,0.7476,5,0.805,0.7523,11064,0
SPY190508C291,2019-05-07,2019-05-07 09:49:43,0.81,0.757,70,0.8,0.7476,50,0.8,0.7476,1,0.805,0.7523,11066,2
SPY190508C291,2019-05-07,2019-05-07 09:49:44,0.81,0.757,2,0.8,0.7476,100,0.8,0.7476,1,0.805,0.7523,11066,0
SPY190508C291,2019-05-07,2019-05-07 09:49:46,0.81,0.757,100,0.8,0.7476,51,0.81,0.757,1,0.805,0.7523,11067,1
SPY190508C291,2019-05-07,2019-05-07 09:49:47,0.8,0.7476,432,0.79,0.7383,30,0.8,0.7476,17,0.795,0.7429,11406,339
SPY190508C291,2019-05-07,2019-05-07 09:49:48,0.8,0.7476,286,0.78,0.7289,20,0.79,0.7383,1,0.79,0.7383,11443,37
SPY190508C291,2019-05-07,2019-05-07 09:49:50,0.8,0.7476,563,0.79,0.7383,57,0.79,0.7383,1,0.795,0.7429,11443,0
SPY190508C291,2019-05-07,2019-05-07 09:49:51,0.8,0.7476,150,0.79,0.7383,2,0.79,0.7383,1,0.795,0.7429,11443,0
SPY190508C291,2019-05-07,2019-05-07 09:49:53,0.79,0.7383,11,0.75,0.7009,27,0.78,0.7289,20,0.77,0.7196,11464,21
SPY190508C291,2019-05-07,2019-05-07 09:49:54,0.77,0.7196,49,0.76,0.7102,87,0.77,0.7196,1,0.765,0.7149,11480,16
SPY190508C291,2019-05-07,2019-05-07 09:49:56,0.78,0.7289,212,0.76,0.7102,99,0.76,0.7102,1,0.77,0.7196,11556,76
SPY190508C291,2019-05-07,2019-05-07 09:49:57,0.77,0.7196,1,0.76,0.7102,100,0.77,0.7196,1,0.765,0.7149,11557,1
SPY190508C291,2019-05-07,2019-05-07 09:49:59,0.79,0.7383,636,0.76,0.7102,685,0.78,0.7289,2,0.775,0.7242,11560,3
SPY190508C291,2019-05-07,2019-05-07 09:50:00,0.79,0.7383,538,0.77,0.7196,100,0.77,0.7196,1,0.78,0.7289,11561,1
SPY190508C291,2019-05-07,2019-05-07 09:50:01,0.8,0.7476,89,0.78,0.7289,366,0.79,0.7383,1,0.79,0.7383,11562,1
SPY190508C291,2019-05-07,2019-05-07 09:50:03,0.81,0.757,2,0.79,0.7383,196,0.8,0.7476,3,0.8,0.7476,11567,5
SPY190508C291,2019-05-07,2019-05-07 09:50:04,0.81,0.757,2,0.8,0.7476,146,0.8,0.7476,3,0.805,0.7523,11567,0
SPY190508C291,2019-05-07,2019-05-07 09:50:06,0.81,0.757,91,0.8,0.7476,44,0.8,0.7476,3,0.805,0.7523,11567,0
SPY190508C291,2019-05-07,2019-05-07 09:50:07,0.81,0.757,1,0.8,0.7476,34,0.8,0.7476,3,0.805,0.7523,11567,0
SPY190508C291,2019-05-07,2019-05-07 09:50:09,0.81,0.757,90,0.8,0.7476,70,0.8,0.7476,16,0.805,0.7523,11593,26
SPY190508C291,2019-05-07,2019-05-07 09:50:10,0.81,0.757,391,0.8,0.7476,25,0.81,0.757,1,0.805,0.7523,11594,1
SPY190508C291,2019-05-07,2019-05-07 09:50:11,0.81,0.757,391,0.8,0.7476,25,0.81,0.757,1,0.805,0.7523,11594,0
SPY190508C291,2019-05-07,2019-05-07 09:50:13,0.81,0.757,2,0.8,0.7476,397,0.81,0.757,1,0.805,0.7523,11594,0
SPY190508C291,2019-05-07,2019-05-07 09:50:14,0.81,0.757,1,0.8,0.7476,538,0.81,0.757,1,0.805,0.7523,11594,0
SPY190508C291,2019-05-07,2019-05-07 09:50:16,0.82,0.7663,3,0.81,0.757,308,0.81,0.757,1,0.815,0.7616,11596,2
SPY190508C291,2019-05-07,2019-05-07 09:50:17,0.83,0.7757,658,0.81,0.757,70,0.82,0.7663,3,0.82,0.7663,11599,3
SPY190508C291,2019-05-07,2019-05-07 09:50:19,0.81,0.757,210,0.8,0.7476,33,0.81,0.757,1,0.805,0.7523,11650,51
SPY190508C291,2019-05-07,2019-05-07 09:50:20,0.82,0.7663,80,0.8,0.7476,100,0.81,0.757,2,0.81,0.757,11653,3
SPY190508C291,2019-05-07,2019-05-07 09:50:22,0.81,0.757,192,0.8,0.7476,60,0.8,0.7476,1,0.805,0.7523,11658,5
SPY190508C291,2019-05-07,2019-05-07 09:50:23,0.81,0.757,260,0.8,0.7476,25,0.8,0.7476,10,0.805,0.7523,11668,10
SPY190508C291,2019-05-07,2019-05-07 09:50:25,0.81,0.757,80,0.8,0.7476,13,0.81,0.757,10,0.805,0.7523,11704,36
SPY190508C291,2019-05-07,2019-05-07 09:50:26,0.8,0.7476,212,0.79,0.7383,71,0.81,0.757,10,0.795,0.7429,11704,0
SPY190508C291,2019-05-07,2019-05-07 09:50:28,0.8,0.7476,100,0.79,0.7383,60,0.81,0.757,10,0.795,0.7429,11704,0
SPY190508C291,2019-05-07,2019-05-07 09:50:29,0.8,0.7476,108,0.77,0.7196,92,0.78,0.7289,5,0.785,0.7336,11709,5
SPY190508C291,2019-05-07,2019-05-07 09:50:31,0.8,0.7476,864,0.78,0.7289,100,0.8,0.7476,5,0.79,0.7383,11719,10
SPY190508C291,2019-05-07,2019-05-07 09:50:33,0.8,0.7476,640,0.78,0.7289,30,0.8,0.7476,5,0.79,0.7383,11719,0
SPY190508C291,2019-05-07,2019-05-07 09:50:35,0.78,0.7289,144,0.77,0.7196,50,0.78,0.7289,1,0.775,0.7242,11720,1
SPY190508C291,2019-05-07,2019-05-07 09:50:36,0.78,0.7289,488,0.77,0.7196,1,0.78,0.7289,2,0.775,0.7242,11722,2
SPY190508C291,2019-05-07,2019-05-07 09:50:38,0.77,0.7196,263,0.76,0.7102,20,0.77,0.7196,1,0.765,0.7149,11728,6
SPY190508C291,2019-05-07,2019-05-07 09:50:39,0.76,0.7102,76,0.75,0.7009,50,0.76,0.7102,20,0.755,0.7056,11748,20
SPY190508C291,2019-05-07,2019-05-07 09:50:41,0.75,0.7009,29,0.74,0.6915,61,0.75,0.7009,13,0.745,0.6962,11798,50
SPY190508C291,2019-05-07,2019-05-07 09:50:42,0.75,0.7009,27,0.74,0.6915,100,0.75,0.7009,5,0.745,0.6962,11803,5
SPY190508C291,2019-05-07,2019-05-07 09:50:43,0.75,0.7009,83,0.74,0.6915,90,0.75,0.7009,5,0.745,0.6962,11803,0
SPY190508C291,2019-05-07,2019-05-07 09:50:45,0.75,0.7009,59,0.74,0.6915,50,0.75,0.7009,4,0.745,0.6962,11812,9
SPY190508C291,2019-05-07,2019-05-07 09:50:46,0.74,0.6915,64,0.72,0.6728,260,0.74,0.6915,1,0.73,0.6822,11813,1
SPY190508C291,2019-05-07,2019-05-07 09:50:48,0.72,0.6728,26,0.71,0.6635,678,0.73,0.6822,5,0.715,0.6682,11818,5
SPY190508C291,2019-05-07,2019-05-07 09:50:49,0.72,0.6728,27,0.7,0.6542,52,0.73,0.6822,5,0.71,0.6635,11818,0
SPY190508C291,2019-05-07,2019-05-07 09:50:51,0.71,0.6635,90,0.7,0.6542,180,0.73,0.6822,5,0.705,0.6588,11818,0
SPY190508C291,2019-05-07,2019-05-07 09:50:52,0.72,0.6728,50,0.71,0.6635,839,0.71,0.6635,27,0.715,0.6682,11845,27
SPY190508C291,2019-05-07,2019-05-07 09:50:53,0.72,0.6728,29,0.71,0.6635,839,0.71,0.6635,10,0.715,0.6682,11855,10
SPY190508C291,2019-05-07,2019-05-07 09:50:55,0.72,0.6728,51,0.71,0.6635,50,0.71,0.6635,10,0.715,0.6682,11855,0
SPY190508C291,2019-05-07,2019-05-07 09:50:56,0.72,0.6728,60,0.7,0.6542,80,0.7,0.6542,1,0.71,0.6635,11856,1
SPY190508C291,2019-05-07,2019-05-07 09:50:58,0.72,0.6728,71,0.71,0.6635,50,0.71,0.6635,10,0.715,0.6682,11872,16
SPY190508C291,2019-05-07,2019-05-07 09:50:59,0.72,0.6728,150,0.7,0.6542,80,0.71,0.6635,10,0.71,0.6635,11872,0
SPY190508C291,2019-05-07,2019-05-07 09:51:01,0.72,0.6728,852,0.7,0.6542,112,0.72,0.6728,9,0.71,0.6635,11923,51
SPY190508C291,2019-05-07,2019-05-07 09:51:02,0.72,0.6728,100,0.7,0.6542,888,0.7,0.6542,13,0.71,0.6635,11936,13
SPY190508C291,2019-05-07,2019-05-07 09:51:04,0.72,0.6728,30,0.7,0.6542,355,0.71,0.6635,5,0.71,0.6635,11944,8
SPY190508C291,2019-05-07,2019-05-07 09:51:05,0.74,0.6915,74,0.73,0.6822,90,0.72,0.6728,2,0.735,0.6869,11947,3
SPY190508C291,2019-05-07,2019-05-07 09:51:06,0.76,0.7102,58,0.73,0.6822,207,0.75,0.7009,1,0.745,0.6962,11951,4
SPY190508C291,2019-05-07,2019-05-07 09:51:08,0.76,0.7102,876,0.74,0.6915,107,0.75,0.7009,1,0.75,0.7009,11951,0
SPY190508C291,2019-05-07,2019-05-07 09:51:09,0.74,0.6915,109,0.73,0.6822,26,0.74,0.6915,1,0.735,0.6869,11967,16
SPY190508C291,2019-05-07,2019-05-07 09:51:11,0.73,0.6822,28,0.72,0.6728,87,0.74,0.6915,1,0.725,0.6775,11967,0
SPY190508C291,2019-05-07,2019-05-07 09:51:12,0.73,0.6822,309,0.7,0.6542,52,0.72,0.6728,3,0.715,0.6682,11970,3
SPY190508C291,2019-05-07,2019-05-07 09:51:14,0.72,0.6728,212,0.7,0.6542,94,0.72,0.6728,3,0.71,0.6635,11970,0
SPY190508C291,2019-05-07,2019-05-07 09:51:15,0.71,0.6635,40,0.7,0.6542,100,0.72,0.6728,3,0.705,0.6588,11970,0
SPY190508C291,2019-05-07,2019-05-07 09:51:17,0.71,0.6635,90,0.7,0.6542,100,0.72,0.6728,3,0.705,0.6588,11970,0
SPY190508C291,2019-05-07,2019-05-07 09:51:18,0.71,0.6635,234,0.7,0.6542,78,0.71,0.6635,12,0.705,0.6588,11990,20
SPY190508C291,2019-05-07,2019-05-07 09:51:20,0.71,0.6635,715,0.7,0.6542,52,0.71,0.6635,12,0.705,0.6588,11990,0
SPY190508C291,2019-05-07,2019-05-07 09:51:21,0.71,0.6635,467,0.7,0.6542,52,0.71,0.6635,12,0.705,0.6588,11990,0
SPY190508C291,2019-05-07,2019-05-07 09:51:22,0.72,0.6728,510,0.71,0.6635,20,0.71,0.6635,1,0.715,0.6682,11991,1
SPY190508C291,2019-05-07,2019-05-07 09:51:24,0.73,0.6822,80,0.71,0.6635,75,0.71,0.6635,1,0.72,0.6728,11992,1
SPY190508C291,2019-05-07,2019-05-07 09:51:25,0.72,0.6728,180,0.71,0.6635,50,0.71,0.6635,1,0.715,0.6682,11992,0
SPY190508C291,2019-05-07,2019-05-07 09:51:27,0.72,0.6728,909,0.71,0.6635,50,0.71,0.6635,1,0.715,0.6682,11992,0
SPY190508C291,2019-05-07,2019-05-07 09:51:28,0.71,0.6635,140,0.7,0.6542,141,0.71,0.6635,19,0.705,0.6588,12011,19
SPY190508C291,2019-05-07,2019-05-07 09:51:30,0.71,0.6635,490,0.7,0.6542,100,0.71,0.6635,19,0.705,0.6588,12011,0
SPY190508C291,2019-05-07,2019-05-07 09:51:31,0.72,0.6728,916,0.7,0.6542,100,0.71,0.6635,19,0.71,0.6635,12011,0
SPY190508C291,2019-05-07,2019-05-07 09:51:33,0.71,0.6635,184,0.7,0.6542,100,0.71,0.6635,19,0.705,0.6588,12011,0
SPY190508C291,2019-05-07,2019-05-07 09:51:34,0.71,0.6635,400,0.7,0.6542,95,0.7,0.6542,1,0.705,0.6588,12012,1
SPY190508C291,2019-05-07,2019-05-07 09:51:36,0.71,0.6635,657,0.7,0.6542,70,0.7,0.6542,1,0.705,0.6588,12012,0
SPY190508C291,2019-05-07,2019-05-07 09:51:37,0.71,0.6635,100,0.7,0.6542,52,0.7,0.6542,1,0.705,0.6588,12012,0
SPY190508C291,2019-05-07,2019-05-07 09:51:39,0.71,0.6635,804,0.7,0.6542,52,0.7,0.6542,1,0.705,0.6588,12014,2
SPY190508C291,2019-05-07,2019-05-07 09:51:41,0.71,0.6635,90,0.7,0.6542,100,0.7,0.6542,1,0.705,0.6588,12014,0
SPY190508C291,2019-05-07,2019-05-07 09:51:42,0.71,0.6635,80,0.7,0.6542,100,0.71,0.6635,10,0.705,0.6588,12024,10
SPY190508C291,2019-05-07,2019-05-07 09:51:43,0.72,0.6728,569,0.7,0.6542,90,0.7,0.6542,15,0.71,0.6635,12049,25
SPY190508C291,2019-05-07,2019-05-07 09:51:45,0.72,0.6728,40,0.71,0.6635,100,0.7,0.6542,15,0.715,0.6682,12049,0
SPY190508C291,2019-05-07,2019-05-07 09:51:46,0.73,0.6822,150,0.72,0.6728,1,0.72,0.6728,5,0.725,0.6775,12055,6
SPY190508C291,2019-05-07,2019-05-07 09:51:48,0.74,0.6915,471,0.71,0.6635,539,0.72,0.6728,5,0.725,0.6775,12055,0
SPY190508C291,2019-05-07,2019-05-07 09:51:49,0.74,0.6915,880,0.72,0.6728,100,0.71,0.6635,5,0.73,0.6822,12063,8
SPY190508C291,2019-05-07,2019-05-07 09:51:51,0.72,0.6728,214,0.7,0.6542,93,0.72,0.6728,100,0.71,0.6635,12163,100
SPY190508C291,2019-05-07,2019-05-07 09:51:53,0.72,0.6728,90,0.7,0.6542,68,0.72,0.6728,100,0.71,0.6635,12163,0
SPY190508C291,2019-05-07,2019-05-07 09:51:54,0.71,0.6635,155,0.7,0.6542,52,0.72,0.6728,100,0.705,0.6588,12163,0
SPY190508C291,2019-05-07,2019-05-07 09:51:55,0.71,0.6635,699,0.7,0.6542,52,0.72,0.6728,100,0.705,0.6588,12163,0
SPY190508C291,2019-05-07,2019-05-07 09:51:57,0.71,0.6635,856,0.7,0.6542,52,0.7,0.6542,6,0.705,0.6588,12173,10
SPY190508C291,2019-05-07,2019-05-07 09:51:58,0.71,0.6635,786,0.7,0.6542,52,0.7,0.6542,6,0.705,0.6588,12173,0
SPY190508C291,2019-05-07,2019-05-07 09:52:00,0.71,0.6635,660,0.7,0.6542,65,0.7,0.6542,6,0.705,0.6588,12173,0
SPY190508C291,2019-05-07,2019-05-07 09:52:01,0.71,0.6635,589,0.7,0.6542,68,0.7,0.6542,6,0.705,0.6588,12173,0
SPY190508C291,2019-05-07,2019-05-07 09:52:03,0.72,0.6728,50,0.7,0.6542,225,0.7,0.6542,6,0.71,0.6635,12173,0
SPY190508C291,2019-05-07,2019-05-07 09:52:04,0.73,0.6822,821,0.71,0.6635,140,0.7,0.6542,6,0.72,0.6728,12173,0
SPY190508C291,2019-05-07,2019-05-07 09:52:05,0.71,0.6635,96,0.7,0.6542,100,0.7,0.6542,30,0.705,0.6588,12203,30
SPY190508C291,2019-05-07,2019-05-07 09:52:07,0.71,0.6635,150,0.7,0.6542,100,0.7,0.6542,30,0.705,0.6588,12203,0
SPY190508C291,2019-05-07,2019-05-07 09:52:08,0.71,0.6635,238,0.7,0.6542,52,0.7,0.6542,30,0.705,0.6588,12203,0
SPY190508C291,2019-05-07,2019-05-07 09:52:10,0.7,0.6542,170,0.69,0.6448,100,0.7,0.6542,52,0.695,0.6495,12275,72
SPY190508C291,2019-05-07,2019-05-07 09:52:11,0.7,0.6542,190,0.68,0.6355,723,0.7,0.6542,52,0.69,0.6448,12275,0
SPY190508C291,2019-05-07,2019-05-07 09:52:12,0.7,0.6542,150,0.68,0.6355,231,0.7,0.6542,7,0.69,0.6448,12282,7
SPY190508C291,2019-05-07,2019-05-07 09:52:14,0.7,0.6542,150,0.69,0.6448,74,0.7,0.6542,7,0.695,0.6495,12282,0
SPY190508C291,2019-05-07,2019-05-07 09:52:15,0.69,0.6448,130,0.68,0.6355,100,0.7,0.6542,7,0.685,0.6401,12282,0
SPY190508C291,2019-05-07,2019-05-07 09:52:17,0.7,0.6542,1017,0.68,0.6355,94,0.7,0.6542,7,0.69,0.6448,12282,0
SPY190508C291,2019-05-07,2019-05-07 09:52:18,0.7,0.6542,30,0.69,0.6448,232,0.7,0.6542,7,0.695,0.6495,12282,0
SPY190508C291,2019-05-07,2019-05-07 09:52:20,0.73,0.6822,723,0.72,0.6728,94,0.71,0.6635,148,0.725,0.6775,12582,300
SPY190508C291,2019-05-07,2019-05-07 09:52:21,0.73,0.6822,140,0.72,0.6728,87,0.73,0.6822,30,0.725,0.6775,12632,50
SPY190508C291,2019-05-07,2019-05-07 09:52:23,0.71,0.6635,150,0.69,0.6448,184,0.73,0.6822,30,0.7,0.6542,12632,0
SPY190508C291,2019-05-07,2019-05-07 09:52:25,0.73,0.6822,222,0.71,0.6635,214,0.72,0.6728,1,0.72,0.6728,12633,1
SPY190508C291,2019-05-07,2019-05-07 09:52:26,0.73,0.6822,874,0.71,0.6635,1,0.71,0.6635,10,0.72,0.6728,12643,10
SPY190508C291,2019-05-07,2019-05-07 09:52:28,0.73,0.6822,4,0.72,0.6728,123,0.71,0.6635,10,0.725,0.6775,12643,0
SPY190508C291,2019-05-07,2019-05-07 09:52:29,0.74,0.6915,120,0.73,0.6822,50,0.72,0.6728,2,0.735,0.6869,12649,6
SPY190508C291,2019-05-07,2019-05-07 09:52:30,0.75,0.7009,549,0.71,0.6635,200,0.72,0.6728,2,0.73,0.6822,12649,0
SPY190508C291,2019-05-07,2019-05-07 09:52:32,0.74,0.6915,743,0.73,0.6822,92,0.72,0.6728,2,0.735,0.6869,12649,0
SPY190508C291,2019-05-07,2019-05-07 09:52:33,0.74,0.6915,677,0.73,0.6822,92,0.74,0.6915,50,0.735,0.6869,12699,50
SPY190508C291,2019-05-07,2019-05-07 09:52:35,0.74,0.6915,40,0.73,0.6822,42,0.74,0.6915,50,0.735,0.6869,12699,0
SPY190508C291,2019-05-07,2019-05-07 09:52:36,0.75,0.7009,880,0.73,0.6822,100,0.74,0.6915,50,0.74,0.6915,12699,0
SPY190508C291,2019-05-07,2019-05-07 09:52:37,0.75,0.7009,880,0.73,0.6822,45,0.74,0.6915,50,0.74,0.6915,12699,0
SPY190508C291,2019-05-07,2019-05-07 09:52:39,0.75,0.7009,614,0.74,0.6915,1,0.74,0.6915,50,0.745,0.6962,12699,0
SPY190508C291,2019-05-07,2019-05-07 09:52:40,0.75,0.7009,650,0.74,0.6915,45,0.75,0.7009,50,0.745,0.6962,13199,500
SPY190508C291,2019-05-07,2019-05-07 09:52:42,0.75,0.7009,4,0.74,0.6915,90,0.75,0.7009,50,0.745,0.6962,13199,0
SPY190508C291,2019-05-07,2019-05-07 09:52:44,0.77,0.7196,131,0.76,0.7102,92,0.75,0.7009,2,0.765,0.7149,13203,4
SPY190508C291,2019-05-07,2019-05-07 09:52:45,0.8,0.7476,224,0.76,0.7102,96,0.75,0.7009,2,0.78,0.7289,13203,0
SPY190508C291,2019-05-07,2019-05-07 09:52:47,0.79,0.7383,150,0.78,0.7289,59,0.79,0.7383,4,0.785,0.7336,13207,4
SPY190508C291,2019-05-07,2019-05-07 09:52:48,0.8,0.7476,782,0.78,0.7289,50,0.78,0.7289,2,0.79,0.7383,13209,2
SPY190508C291,2019-05-07,2019-05-07 09:52:50,0.79,0.7383,90,0.76,0.7102,80,0.78,0.7289,2,0.775,0.7242,13209,0
SPY190508C291,2019-05-07,2019-05-07 09:52:51,0.78,0.7289,70,0.76,0.7102,222,0.78,0.7289,2,0.77,0.7196,13209,0
SPY190508C291,2019-05-07,2019-05-07 09:52:53,0.78,0.7289,204,0.75,0.7009,100,0.78,0.7289,12,0.765,0.7149,13221,12
SPY190508C291,2019-05-07,2019-05-07 09:52:54,0.77,0.7196,110,0.75,0.7009,598,0.78,0.7289,2,0.76,0.7102,13523,302
SPY190508C291,2019-05-07,2019-05-07 09:52:56,0.78,0.7289,90,0.77,0.7196,67,0.78,0.7289,2,0.775,0.7242,13523,0
SPY190508C291,2019-05-07,2019-05-07 09:52:57,0.78,0.7289,456,0.77,0.7196,50,0.78,0.7289,5,0.775,0.7242,13528,5
SPY190508C291,2019-05-07,2019-05-07 09:52:59,0.8,0.7476,200,0.77,0.7196,100,0.78,0.7289,5,0.785,0.7336,13528,0
SPY190508C291,2019-05-07,2019-05-07 09:53:00,0.8,0.7476,948,0.78,0.7289,100,0.78,0.7289,5,0.79,0.7383,13528,0
SPY190508C291,2019-05-07,2019-05-07 09:53:01,0.8,0.7476,20,0.79,0.7383,17,0.78,0.7289,5,0.795,0.7429,13528,0
SPY190508C291,2019-05-07,2019-05-07 09:53:03,0.8,0.7476,450,0.79,0.7383,25,0.8,0.7476,5,0.795,0.7429,13545,17
SPY190508C291,2019-05-07,2019-05-07 09:53:05,0.8,0.7476,561,0.79,0.7383,76,0.79,0.7383,65,0.795,0.7429,13610,65
SPY190508C291,2019-05-07,2019-05-07 09:53:06,0.8,0.7476,813,0.79,0.7383,89,0.8,0.7476,4,0.795,0.7429,13614,4
SPY190508C291,2019-05-07,2019-05-07 09:53:08,0.81,0.757,130,0.79,0.7383,50,0.8,0.7476,1,0.8,0.7476,13615,1
SPY190508C291,2019-05-07,2019-05-07 09:53:09,0.81,0.757,798,0.8,0.7476,18,0.8,0.7476,20,0.805,0.7523,13635,20
SPY190508C291,2019-05-07,2019-05-07 09:53:11,0.81,0.757,798,0.8,0.7476,16,0.8,0.7476,2,0.805,0.7523,13647,12
SPY190508C291,2019-05-07,2019-05-07 09:53:12,0.81,0.757,129,0.8,0.7476,30,0.81,0.757,12,0.805,0.7523,13668,21
SPY190508C291,2019-05-07,2019-05-07 09:53:14,0.82,0.7663,798,0.8,0.7476,100,0.81,0.757,12,0.81,0.757,13668,0
SPY190508C291,2019-05-07,2019-05-07 09:53:16,0.82,0.7663,848,0.81,0.757,32,0.81,0.757,12,0.815,0.7616,13668,0
SPY190508C291,2019-05-07,2019-05-07 09:53:17,0.82,0.7663,20,0.81,0.757,57,0.81,0.757,12,0.815,0.7616,13668,0
SPY190508C291,2019-05-07,2019-05-07 09:53:19,0.83,0.7757,748,0.82,0.7663,2,0.81,0.757,12,0.825,0.771,13668,0
SPY190508C291,2019-05-07,2019-05-07 09:53:20,0.83,0.7757,270,0.82,0.7663,2,0.82,0.7663,50,0.825,0.771,13718,50
