symbol,Date,quote_time,ask_price,norm_ask_price,ask_size,bid_price,norm_bid_price,bid_size,last_trade_price,norm_last_trade_price,last_trade_size,mark_price,norm_mark_price,volume,Volume
SPY190729P299,2019-07-26,2019-07-26 09:30:13,0.3,1.0,108,0.29,0.9666,3,0.28,0.9333,5,0.295,0.9833,19,19
SPY190729P299,2019-07-26,2019-07-26 09:30:20,0.3,1.0,557,0.29,0.9666,3,0.28,0.9333,5,0.295,0.9833,19,0
SPY190729P299,2019-07-26,2019-07-26 09:30:21,0.3,1.0,458,0.29,0.9666,3,0.28,0.9333,5,0.295,0.9833,19,0
SPY190729P299,2019-07-26,2019-07-26 09:30:21,0.3,1.0,557,0.29,0.9666,3,0.28,0.9333,5,0.295,0.9833,19,0
SPY190729P299,2019-07-26,2019-07-26 09:30:22,0.3,1.0,458,0.29,0.9666,3,0.28,0.9333,5,0.295,0.9833,19,0
SPY190729P299,2019-07-26,2019-07-26 09:30:23,0.3,1.0,890,0.29,0.9666,3,0.28,0.9333,5,0.295,0.9833,19,0
SPY190729P299,2019-07-26,2019-07-26 09:30:23,0.3,1.0,100,0.29,0.9666,3,0.28,0.9333,5,0.295,0.9833,19,0
SPY190729P299,2019-07-26,2019-07-26 09:30:24,0.29,0.9666,160,0.28,0.9333,43,0.28,0.9333,5,0.285,0.95,19,0
SPY190729P299,2019-07-26,2019-07-26 09:30:24,0.28,0.9333,5,0.27,0.9,581,0.28,0.9333,5,0.275,0.9166,19,0
SPY190729P299,2019-07-26,2019-07-26 09:30:25,0.3,1.0,78,0.28,0.9333,3,0.28,0.9333,5,0.29,0.9666,19,0
SPY190729P299,2019-07-26,2019-07-26 09:30:28,0.3,1.0,140,0.28,0.9333,292,0.28,0.9333,5,0.29,0.9666,19,0
SPY190729P299,2019-07-26,2019-07-26 09:32:04,0.31,1.0333,1006,0.3,1.0,426,0.31,1.0333,1,0.305,1.0166,123,104
SPY190729P299,2019-07-26,2019-07-26 09:32:06,0.31,1.0333,408,0.3,1.0,392,0.31,1.0333,1,0.305,1.0166,123,0
SPY190729P299,2019-07-26,2019-07-26 09:32:07,0.31,1.0333,348,0.3,1.0,441,0.31,1.0333,1,0.305,1.0166,123,0
SPY190729P299,2019-07-26,2019-07-26 09:32:07,0.31,1.0333,228,0.3,1.0,739,0.31,1.0333,1,0.305,1.0166,123,0
SPY190729P299,2019-07-26,2019-07-26 09:32:08,0.32,1.0666,1095,0.3,1.0,739,0.31,1.0333,1,0.31,1.0333,123,0
SPY190729P299,2019-07-26,2019-07-26 09:32:08,0.31,1.0333,383,0.3,1.0,517,0.31,1.0333,1,0.305,1.0166,123,0
SPY190729P299,2019-07-26,2019-07-26 09:32:09,0.31,1.0333,438,0.3,1.0,432,0.31,1.0333,1,0.305,1.0166,123,0
SPY190729P299,2019-07-26,2019-07-26 09:32:10,0.31,1.0333,1027,0.3,1.0,340,0.31,1.0333,1,0.305,1.0166,123,0
SPY190729P299,2019-07-26,2019-07-26 09:32:10,0.31,1.0333,1027,0.3,1.0,199,0.31,1.0333,1,0.305,1.0166,123,0
SPY190729P299,2019-07-26,2019-07-26 09:32:11,0.31,1.0333,1050,0.3,1.0,199,0.31,1.0333,1,0.305,1.0166,123,0
SPY190729P299,2019-07-26,2019-07-26 09:32:12,0.31,1.0333,1050,0.3,1.0,199,0.31,1.0333,1,0.305,1.0166,123,0
SPY190729P299,2019-07-26,2019-07-26 09:32:13,0.31,1.0333,1050,0.3,1.0,199,0.31,1.0333,1,0.305,1.0166,123,0
SPY190729P299,2019-07-26,2019-07-26 09:32:14,0.31,1.0333,1050,0.3,1.0,199,0.31,1.0333,1,0.305,1.0166,123,0
SPY190729P299,2019-07-26,2019-07-26 09:38:08,0.22,0.7333,290,0.21,0.7,2073,0.21,0.7,1,0.215,0.7166,323,200
SPY190729P299,2019-07-26,2019-07-26 09:38:09,0.22,0.7333,290,0.21,0.7,2073,0.21,0.7,1,0.215,0.7166,323,0
SPY190729P299,2019-07-26,2019-07-26 09:38:10,0.22,0.7333,290,0.21,0.7,2073,0.21,0.7,1,0.215,0.7166,323,0
SPY190729P299,2019-07-26,2019-07-26 09:38:11,0.22,0.7333,290,0.21,0.7,2073,0.21,0.7,1,0.215,0.7166,323,0
SPY190729P299,2019-07-26,2019-07-26 09:38:11,0.22,0.7333,124,0.21,0.7,2073,0.21,0.7,1,0.215,0.7166,323,0
SPY190729P299,2019-07-26,2019-07-26 09:38:12,0.22,0.7333,15,0.21,0.7,3115,0.21,0.7,1,0.215,0.7166,323,0
SPY190729P299,2019-07-26,2019-07-26 09:38:12,0.22,0.7333,15,0.21,0.7,2728,0.21,0.7,1,0.215,0.7166,323,0
SPY190729P299,2019-07-26,2019-07-26 09:38:13,0.22,0.7333,15,0.21,0.7,2715,0.21,0.7,1,0.215,0.7166,323,0
SPY190729P299,2019-07-26,2019-07-26 09:38:13,0.22,0.7333,15,0.21,0.7,2154,0.21,0.7,1,0.215,0.7166,323,0
SPY190729P299,2019-07-26,2019-07-26 09:38:14,0.22,0.7333,15,0.21,0.7,2549,0.21,0.7,1,0.215,0.7166,323,0
SPY190729P299,2019-07-26,2019-07-26 09:38:15,0.22,0.7333,15,0.21,0.7,2465,0.21,0.7,1,0.215,0.7166,323,0
SPY190729P299,2019-07-26,2019-07-26 09:38:16,0.22,0.7333,15,0.21,0.7,2465,0.21,0.7,1,0.215,0.7166,323,0
SPY190729P299,2019-07-26,2019-07-26 09:38:16,0.22,0.7333,15,0.21,0.7,2471,0.21,0.7,1,0.215,0.7166,323,0
SPY190729P299,2019-07-26,2019-07-26 09:38:17,0.22,0.7333,15,0.21,0.7,2329,0.21,0.7,1,0.215,0.7166,323,0
SPY190729P299,2019-07-26,2019-07-26 09:38:17,0.22,0.7333,15,0.21,0.7,2471,0.21,0.7,1,0.215,0.7166,323,0
SPY190729P299,2019-07-26,2019-07-26 09:38:18,0.22,0.7333,15,0.21,0.7,2799,0.21,0.7,1,0.215,0.7166,323,0
SPY190729P299,2019-07-26,2019-07-26 09:38:18,0.22,0.7333,15,0.21,0.7,3114,0.21,0.7,1,0.215,0.7166,323,0
SPY190729P299,2019-07-26,2019-07-26 09:38:19,0.22,0.7333,15,0.21,0.7,3292,0.21,0.7,1,0.215,0.7166,323,0
SPY190729P299,2019-07-26,2019-07-26 09:38:19,0.22,0.7333,15,0.21,0.7,2837,0.21,0.7,1,0.215,0.7166,323,0
SPY190729P299,2019-07-26,2019-07-26 09:38:20,0.23,0.7666,1149,0.22,0.7333,1474,0.22,0.7333,15,0.225,0.75,338,15
SPY190729P299,2019-07-26,2019-07-26 09:38:21,0.23,0.7666,183,0.22,0.7333,2237,0.22,0.7333,15,0.225,0.75,338,0
SPY190729P299,2019-07-26,2019-07-26 09:38:21,0.23,0.7666,41,0.22,0.7333,2525,0.22,0.7333,15,0.225,0.75,338,0
SPY190729P299,2019-07-26,2019-07-26 09:38:22,0.23,0.7666,151,0.22,0.7333,2525,0.22,0.7333,15,0.225,0.75,338,0
SPY190729P299,2019-07-26,2019-07-26 09:38:22,0.24,0.8,1487,0.22,0.7333,1973,0.22,0.7333,15,0.23,0.7666,338,0
SPY190729P299,2019-07-26,2019-07-26 09:38:23,0.24,0.8,2035,0.23,0.7666,875,0.22,0.7333,15,0.235,0.7833,338,0
SPY190729P299,2019-07-26,2019-07-26 09:38:24,0.24,0.8,1598,0.23,0.7666,952,0.22,0.7333,15,0.235,0.7833,338,0
SPY190729P299,2019-07-26,2019-07-26 09:38:25,0.24,0.8,2098,0.23,0.7666,978,0.22,0.7333,15,0.235,0.7833,338,0
SPY190729P299,2019-07-26,2019-07-26 09:38:26,0.24,0.8,2098,0.23,0.7666,978,0.22,0.7333,15,0.235,0.7833,338,0
SPY190729P299,2019-07-26,2019-07-26 09:38:27,0.24,0.8,2098,0.23,0.7666,1846,0.22,0.7333,15,0.235,0.7833,338,0
SPY190729P299,2019-07-26,2019-07-26 09:38:27,0.24,0.8,108,0.23,0.7666,2019,0.22,0.7333,15,0.235,0.7833,338,0
SPY190729P299,2019-07-26,2019-07-26 09:38:28,0.24,0.8,108,0.23,0.7666,2239,0.22,0.7333,15,0.235,0.7833,338,0
SPY190729P299,2019-07-26,2019-07-26 09:38:29,0.25,0.8333,832,0.24,0.8,189,0.22,0.7333,15,0.245,0.8166,338,0
SPY190729P299,2019-07-26,2019-07-26 09:38:30,0.25,0.8333,832,0.24,0.8,1029,0.22,0.7333,15,0.245,0.8166,338,0
SPY190729P299,2019-07-26,2019-07-26 09:38:30,0.25,0.8333,832,0.24,0.8,935,0.22,0.7333,15,0.245,0.8166,338,0
SPY190729P299,2019-07-26,2019-07-26 09:38:31,0.25,0.8333,149,0.24,0.8,935,0.22,0.7333,15,0.245,0.8166,338,0
SPY190729P299,2019-07-26,2019-07-26 09:38:32,0.25,0.8333,150,0.24,0.8,1643,0.22,0.7333,15,0.245,0.8166,338,0
SPY190729P299,2019-07-26,2019-07-26 09:38:32,0.25,0.8333,150,0.24,0.8,2006,0.22,0.7333,15,0.245,0.8166,338,0
SPY190729P299,2019-07-26,2019-07-26 09:38:33,0.25,0.8333,150,0.24,0.8,2006,0.22,0.7333,15,0.245,0.8166,338,0
SPY190729P299,2019-07-26,2019-07-26 09:38:34,0.25,0.8333,160,0.24,0.8,1281,0.22,0.7333,15,0.245,0.8166,338,0
SPY190729P299,2019-07-26,2019-07-26 09:38:34,0.25,0.8333,160,0.24,0.8,1482,0.22,0.7333,15,0.245,0.8166,338,0
SPY190729P299,2019-07-26,2019-07-26 09:38:35,0.25,0.8333,160,0.24,0.8,1956,0.25,0.8333,1,0.245,0.8166,339,0
SPY190729P299,2019-07-26,2019-07-26 09:38:35,0.25,0.8333,160,0.24,0.8,1956,0.25,0.8333,1,0.245,0.8166,339,1
SPY190729P299,2019-07-26,2019-07-26 09:38:36,0.26,0.8666,10,0.24,0.8,3005,0.25,0.8333,1,0.25,0.8333,339,0
SPY190729P299,2019-07-26,2019-07-26 09:38:37,0.26,0.8666,108,0.25,0.8333,879,0.25,0.8333,1,0.255,0.85,339,0
SPY190729P299,2019-07-26,2019-07-26 09:38:37,0.26,0.8666,108,0.25,0.8333,2976,0.25,0.8333,1,0.255,0.85,339,0
SPY190729P299,2019-07-26,2019-07-26 09:38:38,0.26,0.8666,108,0.25,0.8333,2662,0.25,0.8333,1,0.255,0.85,339,0
SPY190729P299,2019-07-26,2019-07-26 09:38:38,0.27,0.9,561,0.25,0.8333,2973,0.26,0.8666,10,0.26,0.8666,349,10
SPY190729P299,2019-07-26,2019-07-26 09:38:39,0.27,0.9,701,0.25,0.8333,2973,0.26,0.8666,10,0.26,0.8666,349,0
SPY190729P299,2019-07-26,2019-07-26 09:38:40,0.27,0.9,566,0.25,0.8333,2973,0.26,0.8666,10,0.26,0.8666,349,0
SPY190729P299,2019-07-26,2019-07-26 09:38:40,0.27,0.9,590,0.26,0.8666,948,0.26,0.8666,10,0.265,0.8833,349,0
SPY190729P299,2019-07-26,2019-07-26 09:38:41,0.27,0.9,441,0.26,0.8666,948,0.26,0.8666,10,0.265,0.8833,349,0
SPY190729P299,2019-07-26,2019-07-26 09:38:42,0.27,0.9,139,0.26,0.8666,1140,0.26,0.8666,10,0.265,0.8833,349,0
SPY190729P299,2019-07-26,2019-07-26 09:38:42,0.27,0.9,129,0.26,0.8666,1140,0.26,0.8666,10,0.265,0.8833,349,0
SPY190729P299,2019-07-26,2019-07-26 09:38:43,0.27,0.9,157,0.26,0.8666,1072,0.26,0.8666,10,0.265,0.8833,349,0
SPY190729P299,2019-07-26,2019-07-26 09:38:43,0.27,0.9,76,0.26,0.8666,1140,0.26,0.8666,10,0.265,0.8833,349,0
SPY190729P299,2019-07-26,2019-07-26 09:38:44,0.27,0.9,139,0.26,0.8666,1072,0.26,0.8666,10,0.265,0.8833,349,0
SPY190729P299,2019-07-26,2019-07-26 09:38:44,0.27,0.9,133,0.26,0.8666,1072,0.26,0.8666,10,0.265,0.8833,349,0
SPY190729P299,2019-07-26,2019-07-26 09:38:45,0.27,0.9,139,0.26,0.8666,588,0.26,0.8666,10,0.265,0.8833,349,0
SPY190729P299,2019-07-26,2019-07-26 09:38:46,0.27,0.9,125,0.26,0.8666,588,0.26,0.8666,10,0.265,0.8833,349,0
SPY190729P299,2019-07-26,2019-07-26 09:38:47,0.27,0.9,1428,0.26,0.8666,332,0.26,0.8666,10,0.265,0.8833,349,0
SPY190729P299,2019-07-26,2019-07-26 09:38:47,0.27,0.9,1948,0.26,0.8666,222,0.26,0.8666,10,0.265,0.8833,349,0
SPY190729P299,2019-07-26,2019-07-26 09:38:48,0.26,0.8666,6,0.25,0.8333,2208,0.26,0.8666,10,0.255,0.85,349,0
SPY190729P299,2019-07-26,2019-07-26 09:38:48,0.27,0.9,2337,0.25,0.8333,1940,0.26,0.8666,10,0.26,0.8666,349,0
SPY190729P299,2019-07-26,2019-07-26 09:38:49,0.26,0.8666,5,0.26,0.8666,6,0.26,0.8666,10,0.26,0.8666,349,0
SPY190729P299,2019-07-26,2019-07-26 09:38:50,0.27,0.9,2337,0.26,0.8666,57,0.26,0.8666,10,0.265,0.8833,349,0
SPY190729P299,2019-07-26,2019-07-26 09:38:50,0.26,0.8666,5,0.25,0.8333,1940,0.26,0.8666,10,0.255,0.85,349,0
SPY190729P299,2019-07-26,2019-07-26 09:38:51,0.26,0.8666,108,0.25,0.8333,1861,0.26,0.8666,10,0.255,0.85,349,0
SPY190729P299,2019-07-26,2019-07-26 09:38:51,0.26,0.8666,5,0.25,0.8333,1861,0.26,0.8666,10,0.255,0.85,349,0
SPY190729P299,2019-07-26,2019-07-26 09:38:52,0.26,0.8666,108,0.25,0.8333,1561,0.26,0.8666,4,0.255,0.85,353,4
SPY190729P299,2019-07-26,2019-07-26 09:38:53,0.26,0.8666,108,0.25,0.8333,1561,0.26,0.8666,4,0.255,0.85,353,0
SPY190729P299,2019-07-26,2019-07-26 09:38:54,0.26,0.8666,1095,0.25,0.8333,302,0.26,0.8666,4,0.255,0.85,353,0
SPY190729P299,2019-07-26,2019-07-26 09:38:54,0.26,0.8666,167,0.25,0.8333,1040,0.26,0.8666,4,0.255,0.85,353,0
SPY190729P299,2019-07-26,2019-07-26 09:38:55,0.25,0.8333,5,0.24,0.8,1909,0.26,0.8666,4,0.245,0.8166,353,0
SPY190729P299,2019-07-26,2019-07-26 09:38:56,0.25,0.8333,108,0.24,0.8,1565,0.26,0.8666,4,0.245,0.8166,353,0
SPY190729P299,2019-07-26,2019-07-26 09:38:56,0.25,0.8333,108,0.24,0.8,1900,0.26,0.8666,4,0.245,0.8166,353,0
SPY190729P299,2019-07-26,2019-07-26 09:38:57,0.26,0.8666,2298,0.24,0.8,1815,0.26,0.8666,4,0.25,0.8333,353,0
SPY190729P299,2019-07-26,2019-07-26 09:38:57,0.26,0.8666,2130,0.24,0.8,1981,0.26,0.8666,4,0.25,0.8333,353,0
SPY190729P299,2019-07-26,2019-07-26 09:38:58,0.26,0.8666,177,0.25,0.8333,1148,0.26,0.8666,4,0.255,0.85,353,0
SPY190729P299,2019-07-26,2019-07-26 09:38:59,0.26,0.8666,1070,0.25,0.8333,105,0.26,0.8666,4,0.255,0.85,353,0
SPY190729P299,2019-07-26,2019-07-26 09:39:00,0.26,0.8666,1017,0.25,0.8333,105,0.26,0.8666,4,0.255,0.85,353,0
SPY190729P299,2019-07-26,2019-07-26 09:39:00,0.26,0.8666,998,0.25,0.8333,325,0.26,0.8666,4,0.255,0.85,353,0
SPY190729P299,2019-07-26,2019-07-26 09:39:01,0.26,0.8666,930,0.25,0.8333,292,0.26,0.8666,4,0.255,0.85,353,0
SPY190729P299,2019-07-26,2019-07-26 09:39:01,0.26,0.8666,998,0.25,0.8333,292,0.26,0.8666,4,0.255,0.85,353,0
SPY190729P299,2019-07-26,2019-07-26 09:39:02,0.26,0.8666,1216,0.25,0.8333,292,0.26,0.8666,4,0.255,0.85,353,0
SPY190729P299,2019-07-26,2019-07-26 09:39:03,0.26,0.8666,1216,0.25,0.8333,292,0.26,0.8666,4,0.255,0.85,353,0
SPY190729P299,2019-07-26,2019-07-26 09:39:04,0.26,0.8666,2216,0.24,0.8,1954,0.24,0.8,1,0.25,0.8333,354,1
SPY190729P299,2019-07-26,2019-07-26 09:39:04,0.26,0.8666,2216,0.24,0.8,1954,0.26,0.8666,4,0.25,0.8333,353,0
SPY190729P299,2019-07-26,2019-07-26 09:39:05,0.26,0.8666,2275,0.24,0.8,1954,0.24,0.8,1,0.25,0.8333,354,0
SPY190729P299,2019-07-26,2019-07-26 09:39:05,0.26,0.8666,1275,0.25,0.8333,170,0.24,0.8,1,0.255,0.85,354,0
SPY190729P299,2019-07-26,2019-07-26 09:39:06,0.26,0.8666,1248,0.25,0.8333,245,0.24,0.8,1,0.255,0.85,354,0
SPY190729P299,2019-07-26,2019-07-26 09:39:06,0.26,0.8666,1743,0.25,0.8333,270,0.24,0.8,1,0.255,0.85,354,0
SPY190729P299,2019-07-26,2019-07-26 09:39:07,0.26,0.8666,1248,0.25,0.8333,245,0.24,0.8,1,0.255,0.85,354,0
SPY190729P299,2019-07-26,2019-07-26 09:39:08,0.26,0.8666,1516,0.25,0.8333,245,0.24,0.8,1,0.255,0.85,354,0
SPY190729P299,2019-07-26,2019-07-26 09:39:08,0.26,0.8666,1248,0.25,0.8333,245,0.24,0.8,1,0.255,0.85,354,0
SPY190729P299,2019-07-26,2019-07-26 09:39:09,0.26,0.8666,1516,0.25,0.8333,245,0.24,0.8,1,0.255,0.85,354,0
SPY190729P299,2019-07-26,2019-07-26 09:39:09,0.26,0.8666,1444,0.25,0.8333,314,0.24,0.8,1,0.255,0.85,354,0
SPY190729P299,2019-07-26,2019-07-26 09:39:10,0.26,0.8666,1516,0.25,0.8333,269,0.24,0.8,1,0.255,0.85,354,0
SPY190729P299,2019-07-26,2019-07-26 09:39:10,0.26,0.8666,1516,0.25,0.8333,314,0.24,0.8,1,0.255,0.85,354,0
SPY190729P299,2019-07-26,2019-07-26 09:39:11,0.26,0.8666,1444,0.25,0.8333,269,0.24,0.8,1,0.255,0.85,354,0
SPY190729P299,2019-07-26,2019-07-26 09:39:12,0.26,0.8666,408,0.25,0.8333,458,0.24,0.8,1,0.255,0.85,354,0
SPY190729P299,2019-07-26,2019-07-26 09:39:12,0.26,0.8666,1444,0.25,0.8333,269,0.24,0.8,1,0.255,0.85,354,0
SPY190729P299,2019-07-26,2019-07-26 09:39:13,0.26,0.8666,408,0.25,0.8333,1486,0.24,0.8,1,0.255,0.85,354,0
SPY190729P299,2019-07-26,2019-07-26 09:39:13,0.26,0.8666,408,0.25,0.8333,1148,0.24,0.8,1,0.255,0.85,354,0
SPY190729P299,2019-07-26,2019-07-26 09:39:14,0.26,0.8666,1637,0.25,0.8333,178,0.25,0.8333,700,0.255,0.85,1054,700
SPY190729P299,2019-07-26,2019-07-26 09:39:14,0.26,0.8666,2170,0.25,0.8333,254,0.25,0.8333,700,0.255,0.85,1054,0
SPY190729P299,2019-07-26,2019-07-26 09:39:15,0.25,0.8333,336,0.24,0.8,1833,0.25,0.8333,700,0.245,0.8166,1054,0
SPY190729P299,2019-07-26,2019-07-26 09:39:15,0.25,0.8333,5,0.24,0.8,1417,0.25,0.8333,700,0.245,0.8166,1054,0
SPY190729P299,2019-07-26,2019-07-26 09:39:16,0.25,0.8333,374,0.24,0.8,1833,0.25,0.8333,700,0.245,0.8166,1054,0
SPY190729P299,2019-07-26,2019-07-26 09:39:17,0.25,0.8333,228,0.24,0.8,286,0.25,0.8333,700,0.245,0.8166,1054,0
SPY190729P299,2019-07-26,2019-07-26 09:39:17,0.25,0.8333,374,0.24,0.8,1833,0.25,0.8333,700,0.245,0.8166,1054,0
SPY190729P299,2019-07-26,2019-07-26 09:39:18,0.25,0.8333,386,0.24,0.8,1052,0.25,0.8333,700,0.245,0.8166,1054,0
SPY190729P299,2019-07-26,2019-07-26 09:39:18,0.25,0.8333,290,0.24,0.8,1117,0.25,0.8333,700,0.245,0.8166,1054,0
SPY190729P299,2019-07-26,2019-07-26 09:39:19,0.25,0.8333,401,0.24,0.8,1162,0.25,0.8333,700,0.245,0.8166,1054,0
SPY190729P299,2019-07-26,2019-07-26 09:39:19,0.25,0.8333,390,0.24,0.8,1833,0.25,0.8333,700,0.245,0.8166,1054,0
SPY190729P299,2019-07-26,2019-07-26 09:39:20,0.25,0.8333,993,0.24,0.8,407,0.25,0.8333,700,0.245,0.8166,1054,0
SPY190729P299,2019-07-26,2019-07-26 09:39:21,0.25,0.8333,678,0.24,0.8,1066,0.25,0.8333,700,0.245,0.8166,1054,0
SPY190729P299,2019-07-26,2019-07-26 09:39:21,0.25,0.8333,837,0.24,0.8,1066,0.25,0.8333,700,0.245,0.8166,1054,0
SPY190729P299,2019-07-26,2019-07-26 09:39:22,0.25,0.8333,837,0.24,0.8,1066,0.25,0.8333,700,0.245,0.8166,1054,0
SPY190729P299,2019-07-26,2019-07-26 09:39:23,0.25,0.8333,1002,0.24,0.8,464,0.25,0.8333,700,0.245,0.8166,1054,0
SPY190729P299,2019-07-26,2019-07-26 09:39:24,0.25,0.8333,628,0.24,0.8,464,0.25,0.8333,700,0.245,0.8166,1054,0
SPY190729P299,2019-07-26,2019-07-26 09:39:25,0.25,0.8333,936,0.24,0.8,432,0.25,0.8333,700,0.245,0.8166,1054,0
SPY190729P299,2019-07-26,2019-07-26 09:39:26,0.25,0.8333,862,0.24,0.8,432,0.25,0.8333,700,0.245,0.8166,1054,0
SPY190729P299,2019-07-26,2019-07-26 09:39:27,0.25,0.8333,422,0.24,0.8,1244,0.25,0.8333,700,0.245,0.8166,1054,0
SPY190729P299,2019-07-26,2019-07-26 09:39:28,0.25,0.8333,422,0.24,0.8,1521,0.25,0.8333,10,0.245,0.8166,1064,0
SPY190729P299,2019-07-26,2019-07-26 09:39:28,0.25,0.8333,422,0.24,0.8,1521,0.25,0.8333,10,0.245,0.8166,1064,10
SPY190729P299,2019-07-26,2019-07-26 09:39:29,0.25,0.8333,422,0.24,0.8,1417,0.25,0.8333,10,0.245,0.8166,1064,0
SPY190729P299,2019-07-26,2019-07-26 09:39:30,0.25,0.8333,422,0.24,0.8,1833,0.25,0.8333,10,0.245,0.8166,1064,0
SPY190729P299,2019-07-26,2019-07-26 09:39:30,0.25,0.8333,382,0.24,0.8,1184,0.25,0.8333,10,0.245,0.8166,1064,0
SPY190729P299,2019-07-26,2019-07-26 09:39:31,0.25,0.8333,382,0.24,0.8,1184,0.25,0.8333,10,0.245,0.8166,1064,0
SPY190729P299,2019-07-26,2019-07-26 09:39:32,0.25,0.8333,382,0.24,0.8,1184,0.25,0.8333,10,0.245,0.8166,1064,0
SPY190729P299,2019-07-26,2019-07-26 09:39:33,0.25,0.8333,418,0.24,0.8,1184,0.25,0.8333,2,0.245,0.8166,1066,2
SPY190729P299,2019-07-26,2019-07-26 09:39:33,0.25,0.8333,418,0.24,0.8,1064,0.25,0.8333,2,0.245,0.8166,1066,0
SPY190729P299,2019-07-26,2019-07-26 09:39:34,0.25,0.8333,418,0.24,0.8,1833,0.25,0.8333,2,0.245,0.8166,1066,0
SPY190729P299,2019-07-26,2019-07-26 09:39:35,0.25,0.8333,418,0.24,0.8,1833,0.25,0.8333,2,0.245,0.8166,1066,0
SPY190729P299,2019-07-26,2019-07-26 09:39:36,0.25,0.8333,418,0.24,0.8,1999,0.25,0.8333,2,0.245,0.8166,1066,0
SPY190729P299,2019-07-26,2019-07-26 09:39:37,0.25,0.8333,309,0.24,0.8,1833,0.25,0.8333,2,0.245,0.8166,1066,0
SPY190729P299,2019-07-26,2019-07-26 09:39:37,0.25,0.8333,418,0.24,0.8,1999,0.25,0.8333,2,0.245,0.8166,1066,0
SPY190729P299,2019-07-26,2019-07-26 09:39:38,0.25,0.8333,326,0.24,0.8,1449,0.25,0.8333,2,0.245,0.8166,1066,0
SPY190729P299,2019-07-26,2019-07-26 09:39:38,0.25,0.8333,326,0.24,0.8,991,0.25,0.8333,2,0.245,0.8166,1066,0
SPY190729P299,2019-07-26,2019-07-26 09:39:39,0.25,0.8333,268,0.24,0.8,1449,0.25,0.8333,2,0.245,0.8166,1066,0
SPY190729P299,2019-07-26,2019-07-26 09:39:40,0.25,0.8333,309,0.24,0.8,1449,0.25,0.8333,2,0.245,0.8166,1066,0
SPY190729P299,2019-07-26,2019-07-26 09:39:41,0.25,0.8333,309,0.24,0.8,1449,0.25,0.8333,2,0.245,0.8166,1066,0
SPY190729P299,2019-07-26,2019-07-26 09:39:42,0.25,0.8333,1194,0.24,0.8,444,0.25,0.8333,2,0.245,0.8166,1066,0
SPY190729P299,2019-07-26,2019-07-26 09:39:42,0.25,0.8333,393,0.24,0.8,944,0.25,0.8333,2,0.245,0.8166,1066,0
SPY190729P299,2019-07-26,2019-07-26 09:39:43,0.25,0.8333,1072,0.24,0.8,444,0.25,0.8333,2,0.245,0.8166,1066,0
SPY190729P299,2019-07-26,2019-07-26 09:39:43,0.25,0.8333,1144,0.24,0.8,444,0.25,0.8333,2,0.245,0.8166,1066,0
SPY190729P299,2019-07-26,2019-07-26 09:39:44,0.25,0.8333,1072,0.24,0.8,1408,0.25,0.8333,2,0.245,0.8166,1066,0
SPY190729P299,2019-07-26,2019-07-26 09:39:45,0.25,0.8333,548,0.24,0.8,1464,0.25,0.8333,2,0.245,0.8166,1066,0
SPY190729P299,2019-07-26,2019-07-26 09:39:45,0.25,0.8333,1126,0.24,0.8,905,0.25,0.8333,2,0.245,0.8166,1066,0
SPY190729P299,2019-07-26,2019-07-26 09:39:46,0.25,0.8333,434,0.24,0.8,1739,0.25,0.8333,2,0.245,0.8166,1066,0
SPY190729P299,2019-07-26,2019-07-26 09:39:46,0.25,0.8333,434,0.24,0.8,1785,0.25,0.8333,2,0.245,0.8166,1066,0
SPY190729P299,2019-07-26,2019-07-26 09:39:47,0.25,0.8333,434,0.24,0.8,1423,0.25,0.8333,2,0.245,0.8166,1066,0
SPY190729P299,2019-07-26,2019-07-26 09:39:47,0.25,0.8333,695,0.24,0.8,12,0.25,0.8333,2,0.245,0.8166,1066,0
SPY190729P299,2019-07-26,2019-07-26 09:39:48,0.25,0.8333,1278,0.24,0.8,120,0.25,0.8333,2,0.245,0.8166,1066,0
SPY190729P299,2019-07-26,2019-07-26 09:39:49,0.25,0.8333,1218,0.24,0.8,120,0.25,0.8333,2,0.245,0.8166,1066,0
SPY190729P299,2019-07-26,2019-07-26 09:39:50,0.25,0.8333,1470,0.24,0.8,299,0.25,0.8333,2,0.245,0.8166,1066,0
SPY190729P299,2019-07-26,2019-07-26 09:39:51,0.25,0.8333,1470,0.24,0.8,299,0.25,0.8333,2,0.245,0.8166,1066,0
SPY190729P299,2019-07-26,2019-07-26 09:39:52,0.25,0.8333,1218,0.24,0.8,299,0.25,0.8333,2,0.245,0.8166,1066,0
SPY190729P299,2019-07-26,2019-07-26 09:39:53,0.25,0.8333,1470,0.24,0.8,299,0.25,0.8333,2,0.245,0.8166,1066,0
SPY190729P299,2019-07-26,2019-07-26 09:39:53,0.25,0.8333,908,0.24,0.8,213,0.25,0.8333,2,0.245,0.8166,1066,0
SPY190729P299,2019-07-26,2019-07-26 09:39:54,0.25,0.8333,1258,0.24,0.8,311,0.25,0.8333,2,0.245,0.8166,1066,0
SPY190729P299,2019-07-26,2019-07-26 09:39:55,0.25,0.8333,1258,0.24,0.8,311,0.25,0.8333,2,0.245,0.8166,1066,0
SPY190729P299,2019-07-26,2019-07-26 09:39:56,0.25,0.8333,1261,0.24,0.8,311,0.25,0.8333,2,0.245,0.8166,1066,0
SPY190729P299,2019-07-26,2019-07-26 09:39:56,0.25,0.8333,918,0.24,0.8,311,0.25,0.8333,2,0.245,0.8166,1066,0
SPY190729P299,2019-07-26,2019-07-26 09:39:57,0.25,0.8333,1516,0.24,0.8,316,0.25,0.8333,2,0.245,0.8166,1066,0
SPY190729P299,2019-07-26,2019-07-26 09:39:58,0.25,0.8333,1516,0.24,0.8,314,0.25,0.8333,2,0.245,0.8166,1066,0
SPY190729P299,2019-07-26,2019-07-26 09:39:58,0.25,0.8333,1539,0.23,0.7666,1770,0.25,0.8333,2,0.24,0.8,1066,0
SPY190729P299,2019-07-26,2019-07-26 09:39:59,0.25,0.8333,2433,0.23,0.7666,1770,0.25,0.8333,2,0.24,0.8,1066,0
SPY190729P299,2019-07-26,2019-07-26 09:39:59,0.24,0.8,10,0.23,0.7666,2282,0.25,0.8333,2,0.235,0.7833,1066,0
SPY190729P299,2019-07-26,2019-07-26 09:40:00,0.24,0.8,229,0.23,0.7666,2186,0.25,0.8333,2,0.235,0.7833,1066,0
SPY190729P299,2019-07-26,2019-07-26 09:40:01,0.24,0.8,229,0.23,0.7666,2186,0.25,0.8333,2,0.235,0.7833,1066,0
SPY190729P299,2019-07-26,2019-07-26 09:40:02,0.24,0.8,229,0.23,0.7666,2186,0.25,0.8333,2,0.235,0.7833,1066,0
SPY190729P299,2019-07-26,2019-07-26 09:40:03,0.24,0.8,229,0.23,0.7666,2186,0.25,0.8333,2,0.235,0.7833,1066,0
SPY190729P299,2019-07-26,2019-07-26 09:40:04,0.24,0.8,229,0.23,0.7666,2186,0.25,0.8333,2,0.235,0.7833,1066,0
SPY190729P299,2019-07-26,2019-07-26 09:40:05,0.24,0.8,229,0.23,0.7666,2186,0.25,0.8333,2,0.235,0.7833,1066,0
SPY190729P299,2019-07-26,2019-07-26 09:40:05,0.24,0.8,1148,0.23,0.7666,590,0.25,0.8333,2,0.235,0.7833,1066,0
SPY190729P299,2019-07-26,2019-07-26 09:40:06,0.24,0.8,1122,0.23,0.7666,444,0.25,0.8333,2,0.235,0.7833,1066,0
SPY190729P299,2019-07-26,2019-07-26 09:40:07,0.24,0.8,1160,0.23,0.7666,444,0.25,0.8333,2,0.235,0.7833,1066,0
SPY190729P299,2019-07-26,2019-07-26 09:40:08,0.24,0.8,1427,0.23,0.7666,110,0.25,0.8333,2,0.235,0.7833,1066,0
SPY190729P299,2019-07-26,2019-07-26 09:40:08,0.24,0.8,1427,0.23,0.7666,287,0.25,0.8333,2,0.235,0.7833,1066,0
SPY190729P299,2019-07-26,2019-07-26 09:40:09,0.24,0.8,1617,0.23,0.7666,110,0.25,0.8333,2,0.235,0.7833,1066,0
SPY190729P299,2019-07-26,2019-07-26 09:40:09,0.24,0.8,1499,0.23,0.7666,110,0.25,0.8333,2,0.235,0.7833,1066,0
SPY190729P299,2019-07-26,2019-07-26 09:40:10,0.23,0.7666,5,0.22,0.7333,3377,0.25,0.8333,2,0.225,0.75,1066,0
SPY190729P299,2019-07-26,2019-07-26 09:40:10,0.24,0.8,1617,0.23,0.7666,110,0.25,0.8333,2,0.235,0.7833,1066,0
SPY190729P299,2019-07-26,2019-07-26 09:40:11,0.23,0.7666,5,0.22,0.7333,3341,0.25,0.8333,2,0.225,0.75,1066,0
SPY190729P299,2019-07-26,2019-07-26 09:40:11,0.23,0.7666,5,0.22,0.7333,3181,0.25,0.8333,2,0.225,0.75,1066,0
SPY190729P299,2019-07-26,2019-07-26 09:40:12,0.23,0.7666,5,0.22,0.7333,3179,0.25,0.8333,2,0.225,0.75,1066,0
SPY190729P299,2019-07-26,2019-07-26 09:40:13,0.23,0.7666,600,0.22,0.7333,2080,0.25,0.8333,2,0.225,0.75,1066,0
SPY190729P299,2019-07-26,2019-07-26 09:40:13,0.23,0.7666,954,0.22,0.7333,2080,0.25,0.8333,2,0.225,0.75,1066,0
SPY190729P299,2019-07-26,2019-07-26 09:40:14,0.23,0.7666,768,0.22,0.7333,786,0.25,0.8333,2,0.225,0.75,1066,0
SPY190729P299,2019-07-26,2019-07-26 09:40:14,0.23,0.7666,1511,0.22,0.7333,363,0.25,0.8333,2,0.225,0.75,1066,0
SPY190729P299,2019-07-26,2019-07-26 09:40:15,0.23,0.7666,1650,0.22,0.7333,363,0.25,0.8333,2,0.225,0.75,1066,0
SPY190729P299,2019-07-26,2019-07-26 09:40:15,0.22,0.7333,5,0.21,0.7,2870,0.25,0.8333,2,0.215,0.7166,1066,0
SPY190729P299,2019-07-26,2019-07-26 09:40:16,0.22,0.7333,954,0.21,0.7,2605,0.25,0.8333,2,0.215,0.7166,1066,0
SPY190729P299,2019-07-26,2019-07-26 09:40:16,0.22,0.7333,354,0.21,0.7,3071,0.25,0.8333,2,0.215,0.7166,1066,0
SPY190729P299,2019-07-26,2019-07-26 09:40:17,0.22,0.7333,354,0.21,0.7,3071,0.25,0.8333,2,0.215,0.7166,1066,0
SPY190729P299,2019-07-26,2019-07-26 09:40:18,0.23,0.7666,1176,0.21,0.7,3537,0.25,0.8333,2,0.22,0.7333,1066,0
SPY190729P299,2019-07-26,2019-07-26 09:40:18,0.22,0.7333,354,0.21,0.7,3071,0.25,0.8333,2,0.215,0.7166,1066,0
SPY190729P299,2019-07-26,2019-07-26 09:40:19,0.22,0.7333,344,0.21,0.7,2962,0.25,0.8333,2,0.215,0.7166,1066,0
SPY190729P299,2019-07-26,2019-07-26 09:40:19,0.22,0.7333,168,0.21,0.7,3489,0.25,0.8333,2,0.215,0.7166,1066,0
SPY190729P299,2019-07-26,2019-07-26 09:40:20,0.22,0.7333,344,0.21,0.7,2151,0.25,0.8333,2,0.215,0.7166,1066,0
SPY190729P299,2019-07-26,2019-07-26 09:40:21,0.22,0.7333,158,0.21,0.7,1840,0.25,0.8333,2,0.215,0.7166,1066,0
SPY190729P299,2019-07-26,2019-07-26 09:40:22,0.22,0.7333,108,0.21,0.7,3010,0.25,0.8333,2,0.215,0.7166,1066,0
SPY190729P299,2019-07-26,2019-07-26 09:40:23,0.22,0.7333,337,0.21,0.7,2944,0.25,0.8333,2,0.215,0.7166,1066,0
SPY190729P299,2019-07-26,2019-07-26 09:40:23,0.22,0.7333,337,0.21,0.7,3010,0.25,0.8333,2,0.215,0.7166,1066,0
SPY190729P299,2019-07-26,2019-07-26 09:40:24,0.22,0.7333,417,0.21,0.7,2922,0.25,0.8333,2,0.215,0.7166,1066,0
SPY190729P299,2019-07-26,2019-07-26 09:40:25,0.22,0.7333,558,0.21,0.7,3334,0.25,0.8333,2,0.215,0.7166,1066,0
SPY190729P299,2019-07-26,2019-07-26 09:40:26,0.22,0.7333,558,0.21,0.7,3334,0.25,0.8333,2,0.215,0.7166,1066,0
SPY190729P299,2019-07-26,2019-07-26 09:40:27,0.23,0.7666,1440,0.21,0.7,3679,0.25,0.8333,2,0.22,0.7333,1066,0
SPY190729P299,2019-07-26,2019-07-26 09:40:28,0.23,0.7666,1502,0.22,0.7333,360,0.25,0.8333,2,0.225,0.75,1066,0
SPY190729P299,2019-07-26,2019-07-26 09:40:28,0.22,0.7333,334,0.21,0.7,3409,0.25,0.8333,2,0.215,0.7166,1066,0
SPY190729P299,2019-07-26,2019-07-26 09:40:29,0.22,0.7333,334,0.21,0.7,3043,0.25,0.8333,2,0.215,0.7166,1066,0
SPY190729P299,2019-07-26,2019-07-26 09:40:30,0.22,0.7333,334,0.21,0.7,3043,0.25,0.8333,2,0.215,0.7166,1066,0
SPY190729P299,2019-07-26,2019-07-26 09:40:31,0.22,0.7333,334,0.21,0.7,2465,0.25,0.8333,2,0.215,0.7166,1066,0
SPY190729P299,2019-07-26,2019-07-26 09:40:31,0.22,0.7333,334,0.21,0.7,3043,0.25,0.8333,2,0.215,0.7166,1066,0
SPY190729P299,2019-07-26,2019-07-26 09:40:32,0.22,0.7333,444,0.21,0.7,2465,0.25,0.8333,2,0.215,0.7166,1066,0
SPY190729P299,2019-07-26,2019-07-26 09:40:33,0.22,0.7333,444,0.21,0.7,2465,0.25,0.8333,2,0.215,0.7166,1066,0
SPY190729P299,2019-07-26,2019-07-26 09:40:33,0.22,0.7333,526,0.21,0.7,3283,0.25,0.8333,2,0.215,0.7166,1066,0
SPY190729P299,2019-07-26,2019-07-26 09:40:34,0.22,0.7333,686,0.21,0.7,2875,0.25,0.8333,2,0.215,0.7166,1066,0
SPY190729P299,2019-07-26,2019-07-26 09:40:34,0.23,0.7666,1507,0.22,0.7333,5,0.25,0.8333,2,0.225,0.75,1066,0
SPY190729P299,2019-07-26,2019-07-26 09:40:35,0.23,0.7666,2260,0.22,0.7333,196,0.25,0.8333,2,0.225,0.75,1066,0
SPY190729P299,2019-07-26,2019-07-26 09:40:35,0.23,0.7666,2418,0.22,0.7333,196,0.25,0.8333,2,0.225,0.75,1066,0
SPY190729P299,2019-07-26,2019-07-26 09:40:36,0.23,0.7666,2245,0.22,0.7333,196,0.25,0.8333,2,0.225,0.75,1066,0
SPY190729P299,2019-07-26,2019-07-26 09:40:36,0.23,0.7666,1977,0.22,0.7333,222,0.25,0.8333,2,0.225,0.75,1066,0
SPY190729P299,2019-07-26,2019-07-26 09:40:37,0.23,0.7666,1977,0.22,0.7333,197,0.25,0.8333,2,0.225,0.75,1066,0
SPY190729P299,2019-07-26,2019-07-26 09:40:38,0.23,0.7666,2748,0.22,0.7333,96,0.25,0.8333,2,0.225,0.75,1066,0
SPY190729P299,2019-07-26,2019-07-26 09:40:38,0.23,0.7666,2655,0.22,0.7333,197,0.25,0.8333,2,0.225,0.75,1066,0
SPY190729P299,2019-07-26,2019-07-26 09:40:39,0.23,0.7666,2087,0.22,0.7333,5,0.25,0.8333,2,0.225,0.75,1066,0
SPY190729P299,2019-07-26,2019-07-26 09:40:39,0.23,0.7666,928,0.22,0.7333,196,0.25,0.8333,2,0.225,0.75,1066,0
SPY190729P299,2019-07-26,2019-07-26 09:40:40,0.23,0.7666,1623,0.22,0.7333,845,0.25,0.8333,2,0.225,0.75,1066,0
SPY190729P299,2019-07-26,2019-07-26 09:40:40,0.23,0.7666,1957,0.22,0.7333,280,0.25,0.8333,2,0.225,0.75,1066,0
SPY190729P299,2019-07-26,2019-07-26 09:40:41,0.23,0.7666,1536,0.22,0.7333,280,0.25,0.8333,2,0.225,0.75,1066,0
SPY190729P299,2019-07-26,2019-07-26 09:40:42,0.23,0.7666,2043,0.22,0.7333,280,0.25,0.8333,2,0.225,0.75,1066,0
SPY190729P299,2019-07-26,2019-07-26 09:40:42,0.23,0.7666,1707,0.22,0.7333,232,0.25,0.8333,2,0.225,0.75,1066,0
SPY190729P299,2019-07-26,2019-07-26 09:40:43,0.23,0.7666,1690,0.22,0.7333,270,0.25,0.8333,2,0.225,0.75,1066,0
SPY190729P299,2019-07-26,2019-07-26 09:40:43,0.23,0.7666,1707,0.22,0.7333,232,0.25,0.8333,2,0.225,0.75,1066,0
SPY190729P299,2019-07-26,2019-07-26 09:40:44,0.23,0.7666,1489,0.22,0.7333,1595,0.25,0.8333,2,0.225,0.75,1066,0
SPY190729P299,2019-07-26,2019-07-26 09:40:45,0.23,0.7666,1489,0.22,0.7333,1595,0.25,0.8333,2,0.225,0.75,1066,0
SPY190729P299,2019-07-26,2019-07-26 09:40:45,0.23,0.7666,1562,0.22,0.7333,1595,0.25,0.8333,2,0.225,0.75,1066,0
SPY190729P299,2019-07-26,2019-07-26 09:40:46,0.23,0.7666,1610,0.22,0.7333,947,0.25,0.8333,2,0.225,0.75,1066,0
SPY190729P299,2019-07-26,2019-07-26 09:40:47,0.23,0.7666,1035,0.22,0.7333,230,0.25,0.8333,2,0.225,0.75,1066,0
SPY190729P299,2019-07-26,2019-07-26 09:40:47,0.23,0.7666,1610,0.22,0.7333,780,0.25,0.8333,2,0.225,0.75,1066,0
SPY190729P299,2019-07-26,2019-07-26 09:40:48,0.23,0.7666,1515,0.22,0.7333,73,0.25,0.8333,2,0.225,0.75,1066,0
SPY190729P299,2019-07-26,2019-07-26 09:40:48,0.23,0.7666,1515,0.22,0.7333,230,0.25,0.8333,2,0.225,0.75,1066,0
SPY190729P299,2019-07-26,2019-07-26 09:40:49,0.23,0.7666,1415,0.22,0.7333,375,0.25,0.8333,2,0.225,0.75,1066,0
SPY190729P299,2019-07-26,2019-07-26 09:40:50,0.23,0.7666,1295,0.22,0.7333,267,0.25,0.8333,2,0.225,0.75,1066,0
SPY190729P299,2019-07-26,2019-07-26 09:40:50,0.23,0.7666,1415,0.22,0.7333,375,0.25,0.8333,2,0.225,0.75,1066,0
SPY190729P299,2019-07-26,2019-07-26 09:40:51,0.23,0.7666,1945,0.22,0.7333,8,0.25,0.8333,2,0.225,0.75,1066,0
SPY190729P299,2019-07-26,2019-07-26 09:40:51,0.23,0.7666,1415,0.22,0.7333,555,0.25,0.8333,2,0.225,0.75,1066,0
SPY190729P299,2019-07-26,2019-07-26 09:40:52,0.23,0.7666,2225,0.22,0.7333,34,0.25,0.8333,2,0.225,0.75,1066,0
SPY190729P299,2019-07-26,2019-07-26 09:40:53,0.23,0.7666,1960,0.22,0.7333,5,0.25,0.8333,2,0.225,0.75,1066,0
SPY190729P299,2019-07-26,2019-07-26 09:40:53,0.23,0.7666,2464,0.22,0.7333,5,0.25,0.8333,2,0.225,0.75,1066,0
SPY190729P299,2019-07-26,2019-07-26 09:40:54,0.23,0.7666,2464,0.22,0.7333,5,0.25,0.8333,2,0.225,0.75,1066,0
SPY190729P299,2019-07-26,2019-07-26 09:40:55,0.23,0.7666,2668,0.22,0.7333,164,0.25,0.8333,2,0.225,0.75,1066,0
SPY190729P299,2019-07-26,2019-07-26 09:40:55,0.23,0.7666,2464,0.22,0.7333,5,0.25,0.8333,2,0.225,0.75,1066,0
SPY190729P299,2019-07-26,2019-07-26 09:40:56,0.23,0.7666,2668,0.22,0.7333,23,0.25,0.8333,2,0.225,0.75,1066,0
SPY190729P299,2019-07-26,2019-07-26 09:40:57,0.23,0.7666,2668,0.22,0.7333,5,0.25,0.8333,2,0.225,0.75,1066,0
SPY190729P299,2019-07-26,2019-07-26 09:40:57,0.23,0.7666,2668,0.22,0.7333,163,0.25,0.8333,2,0.225,0.75,1066,0
SPY190729P299,2019-07-26,2019-07-26 09:40:58,0.23,0.7666,962,0.22,0.7333,5,0.25,0.8333,2,0.225,0.75,1066,0
SPY190729P299,2019-07-26,2019-07-26 09:40:58,0.23,0.7666,2363,0.22,0.7333,5,0.25,0.8333,2,0.225,0.75,1066,0
SPY190729P299,2019-07-26,2019-07-26 09:40:59,0.23,0.7666,2372,0.22,0.7333,5,0.25,0.8333,2,0.225,0.75,1066,0
SPY190729P299,2019-07-26,2019-07-26 09:40:59,0.23,0.7666,3221,0.22,0.7333,5,0.25,0.8333,2,0.225,0.75,1066,0
SPY190729P299,2019-07-26,2019-07-26 09:41:00,0.23,0.7666,3501,0.22,0.7333,5,0.25,0.8333,2,0.225,0.75,1066,0
SPY190729P299,2019-07-26,2019-07-26 09:41:00,0.23,0.7666,3140,0.22,0.7333,5,0.25,0.8333,2,0.225,0.75,1066,0
SPY190729P299,2019-07-26,2019-07-26 09:41:01,0.23,0.7666,3277,0.22,0.7333,6,0.25,0.8333,2,0.225,0.75,1066,0
SPY190729P299,2019-07-26,2019-07-26 09:41:02,0.23,0.7666,2716,0.22,0.7333,12,0.25,0.8333,2,0.225,0.75,1066,0
SPY190729P299,2019-07-26,2019-07-26 09:41:02,0.23,0.7666,3277,0.22,0.7333,12,0.25,0.8333,2,0.225,0.75,1066,0
SPY190729P299,2019-07-26,2019-07-26 09:41:03,0.23,0.7666,2892,0.22,0.7333,45,0.23,0.7666,5,0.225,0.75,1071,5
SPY190729P299,2019-07-26,2019-07-26 09:41:03,0.23,0.7666,2892,0.22,0.7333,45,0.25,0.8333,2,0.225,0.75,1066,0
SPY190729P299,2019-07-26,2019-07-26 09:41:04,0.23,0.7666,2260,0.22,0.7333,6,0.23,0.7666,5,0.225,0.75,1071,0
SPY190729P299,2019-07-26,2019-07-26 09:41:04,0.23,0.7666,2349,0.22,0.7333,6,0.23,0.7666,5,0.225,0.75,1071,0
SPY190729P299,2019-07-26,2019-07-26 09:41:05,0.23,0.7666,3488,0.22,0.7333,6,0.23,0.7666,5,0.225,0.75,1071,0
SPY190729P299,2019-07-26,2019-07-26 09:41:05,0.23,0.7666,2988,0.22,0.7333,6,0.23,0.7666,5,0.225,0.75,1071,0
SPY190729P299,2019-07-26,2019-07-26 09:41:06,0.23,0.7666,3488,0.22,0.7333,6,0.23,0.7666,5,0.225,0.75,1071,0
SPY190729P299,2019-07-26,2019-07-26 09:41:07,0.23,0.7666,3488,0.22,0.7333,6,0.23,0.7666,5,0.225,0.75,1071,0
SPY190729P299,2019-07-26,2019-07-26 09:41:07,0.23,0.7666,3430,0.22,0.7333,6,0.23,0.7666,5,0.225,0.75,1071,0
SPY190729P299,2019-07-26,2019-07-26 09:41:08,0.23,0.7666,3014,0.22,0.7333,6,0.23,0.7666,5,0.225,0.75,1071,0
SPY190729P299,2019-07-26,2019-07-26 09:41:08,0.23,0.7666,2903,0.22,0.7333,6,0.23,0.7666,5,0.225,0.75,1071,0
SPY190729P299,2019-07-26,2019-07-26 09:41:09,0.23,0.7666,3338,0.22,0.7333,6,0.23,0.7666,5,0.225,0.75,1071,0
SPY190729P299,2019-07-26,2019-07-26 09:41:09,0.23,0.7666,2903,0.22,0.7333,6,0.23,0.7666,5,0.225,0.75,1071,0
SPY190729P299,2019-07-26,2019-07-26 09:41:10,0.23,0.7666,2271,0.22,0.7333,6,0.23,0.7666,5,0.225,0.75,1071,0
SPY190729P299,2019-07-26,2019-07-26 09:41:10,0.23,0.7666,2281,0.22,0.7333,6,0.23,0.7666,5,0.225,0.75,1071,0
SPY190729P299,2019-07-26,2019-07-26 09:41:11,0.23,0.7666,2463,0.22,0.7333,6,0.23,0.7666,5,0.225,0.75,1071,0
SPY190729P299,2019-07-26,2019-07-26 09:41:12,0.23,0.7666,1584,0.22,0.7333,237,0.23,0.7666,5,0.225,0.75,1071,0
SPY190729P299,2019-07-26,2019-07-26 09:41:12,0.23,0.7666,2470,0.22,0.7333,12,0.23,0.7666,5,0.225,0.75,1071,0
SPY190729P299,2019-07-26,2019-07-26 09:41:13,0.23,0.7666,1763,0.22,0.7333,6,0.23,0.7666,5,0.225,0.75,1071,0
SPY190729P299,2019-07-26,2019-07-26 09:41:13,0.23,0.7666,1378,0.22,0.7333,245,0.23,0.7666,5,0.225,0.75,1071,0
SPY190729P299,2019-07-26,2019-07-26 09:41:14,0.23,0.7666,1767,0.22,0.7333,365,0.23,0.7666,5,0.225,0.75,1071,0
SPY190729P299,2019-07-26,2019-07-26 09:41:14,0.23,0.7666,1767,0.22,0.7333,245,0.23,0.7666,5,0.225,0.75,1071,0
SPY190729P299,2019-07-26,2019-07-26 09:41:15,0.23,0.7666,1681,0.22,0.7333,355,0.23,0.7666,5,0.225,0.75,1071,0
SPY190729P299,2019-07-26,2019-07-26 09:41:16,0.23,0.7666,1995,0.22,0.7333,354,0.23,0.7666,5,0.225,0.75,1071,0
SPY190729P299,2019-07-26,2019-07-26 09:41:16,0.23,0.7666,1938,0.22,0.7333,354,0.23,0.7666,5,0.225,0.75,1071,0
SPY190729P299,2019-07-26,2019-07-26 09:41:17,0.23,0.7666,1365,0.22,0.7333,234,0.23,0.7666,5,0.225,0.75,1071,0
SPY190729P299,2019-07-26,2019-07-26 09:41:17,0.23,0.7666,1185,0.22,0.7333,234,0.23,0.7666,5,0.225,0.75,1071,0
SPY190729P299,2019-07-26,2019-07-26 09:41:18,0.23,0.7666,1635,0.22,0.7333,354,0.23,0.7666,5,0.225,0.75,1071,0
SPY190729P299,2019-07-26,2019-07-26 09:41:18,0.23,0.7666,1442,0.22,0.7333,354,0.23,0.7666,5,0.225,0.75,1071,0
SPY190729P299,2019-07-26,2019-07-26 09:41:19,0.23,0.7666,1442,0.22,0.7333,344,0.23,0.7666,5,0.225,0.75,1071,0
SPY190729P299,2019-07-26,2019-07-26 09:41:20,0.23,0.7666,1310,0.22,0.7333,344,0.23,0.7666,5,0.225,0.75,1071,0
SPY190729P299,2019-07-26,2019-07-26 09:41:21,0.23,0.7666,1310,0.22,0.7333,362,0.23,0.7666,5,0.225,0.75,1071,0
SPY190729P299,2019-07-26,2019-07-26 09:41:21,0.23,0.7666,330,0.22,0.7333,1761,0.23,0.7666,5,0.225,0.75,1071,0
SPY190729P299,2019-07-26,2019-07-26 09:41:22,0.23,0.7666,450,0.22,0.7333,1604,0.23,0.7666,5,0.225,0.75,1071,0
SPY190729P299,2019-07-26,2019-07-26 09:41:22,0.23,0.7666,1050,0.22,0.7333,1216,0.23,0.7666,5,0.225,0.75,1071,0
SPY190729P299,2019-07-26,2019-07-26 09:41:23,0.23,0.7666,1050,0.22,0.7333,1216,0.23,0.7666,5,0.225,0.75,1071,0
SPY190729P299,2019-07-26,2019-07-26 09:41:23,0.23,0.7666,611,0.22,0.7333,1601,0.23,0.7666,5,0.225,0.75,1071,0
SPY190729P299,2019-07-26,2019-07-26 09:41:24,0.23,0.7666,236,0.22,0.7333,1689,0.23,0.7666,5,0.225,0.75,1071,0
SPY190729P299,2019-07-26,2019-07-26 09:41:25,0.23,0.7666,378,0.22,0.7333,1871,0.23,0.7666,5,0.225,0.75,1071,0
SPY190729P299,2019-07-26,2019-07-26 09:41:25,0.23,0.7666,399,0.22,0.7333,2063,0.23,0.7666,5,0.225,0.75,1071,0
SPY190729P299,2019-07-26,2019-07-26 09:41:26,0.24,0.8,2483,0.22,0.7333,2145,0.23,0.7666,5,0.23,0.7666,1071,0
SPY190729P299,2019-07-26,2019-07-26 09:41:26,0.23,0.7666,399,0.22,0.7333,2063,0.23,0.7666,5,0.225,0.75,1071,0
SPY190729P299,2019-07-26,2019-07-26 09:41:27,0.23,0.7666,108,0.22,0.7333,2151,0.23,0.7666,5,0.225,0.75,1071,0
SPY190729P299,2019-07-26,2019-07-26 09:41:27,0.23,0.7666,199,0.22,0.7333,2174,0.23,0.7666,5,0.225,0.75,1071,0
SPY190729P299,2019-07-26,2019-07-26 09:41:28,0.24,0.8,2236,0.22,0.7333,2146,0.23,0.7666,5,0.23,0.7666,1071,0
SPY190729P299,2019-07-26,2019-07-26 09:41:28,0.23,0.7666,149,0.22,0.7333,2110,0.23,0.7666,5,0.225,0.75,1071,0
SPY190729P299,2019-07-26,2019-07-26 09:41:29,0.24,0.8,2496,0.23,0.7666,370,0.23,0.7666,5,0.235,0.7833,1071,0
SPY190729P299,2019-07-26,2019-07-26 09:41:29,0.24,0.8,2169,0.23,0.7666,370,0.23,0.7666,5,0.235,0.7833,1071,0
SPY190729P299,2019-07-26,2019-07-26 09:41:30,0.24,0.8,2593,0.23,0.7666,5,0.23,0.7666,5,0.235,0.7833,1071,0
SPY190729P299,2019-07-26,2019-07-26 09:41:31,0.23,0.7666,222,0.22,0.7333,2090,0.23,0.7666,5,0.225,0.75,1071,0
SPY190729P299,2019-07-26,2019-07-26 09:41:31,0.24,0.8,2466,0.23,0.7666,5,0.23,0.7666,5,0.235,0.7833,1071,0
SPY190729P299,2019-07-26,2019-07-26 09:41:32,0.23,0.7666,222,0.22,0.7333,2136,0.23,0.7666,5,0.225,0.75,1071,0
SPY190729P299,2019-07-26,2019-07-26 09:41:32,0.23,0.7666,600,0.22,0.7333,1079,0.23,0.7666,5,0.225,0.75,1071,0
SPY190729P299,2019-07-26,2019-07-26 09:41:33,0.23,0.7666,345,0.22,0.7333,1706,0.23,0.7666,5,0.225,0.75,1071,0
SPY190729P299,2019-07-26,2019-07-26 09:41:33,0.23,0.7666,370,0.22,0.7333,1700,0.23,0.7666,5,0.225,0.75,1071,0
SPY190729P299,2019-07-26,2019-07-26 09:41:34,0.23,0.7666,520,0.22,0.7333,1502,0.23,0.7666,5,0.225,0.75,1071,0
SPY190729P299,2019-07-26,2019-07-26 09:41:35,0.23,0.7666,520,0.22,0.7333,1187,0.23,0.7666,5,0.225,0.75,1071,0
SPY190729P299,2019-07-26,2019-07-26 09:41:35,0.23,0.7666,1120,0.22,0.7333,1452,0.23,0.7666,5,0.225,0.75,1071,0
SPY190729P299,2019-07-26,2019-07-26 09:41:36,0.23,0.7666,968,0.22,0.7333,1821,0.23,0.7666,5,0.225,0.75,1071,0
SPY190729P299,2019-07-26,2019-07-26 09:41:37,0.23,0.7666,1004,0.22,0.7333,1468,0.23,0.7666,5,0.225,0.75,1071,0
SPY190729P299,2019-07-26,2019-07-26 09:41:37,0.23,0.7666,639,0.22,0.7333,1139,0.23,0.7666,5,0.225,0.75,1071,0
SPY190729P299,2019-07-26,2019-07-26 09:41:38,0.23,0.7666,661,0.22,0.7333,1852,0.23,0.7666,5,0.225,0.75,1071,0
SPY190729P299,2019-07-26,2019-07-26 09:41:38,0.23,0.7666,693,0.22,0.7333,1579,0.23,0.7666,5,0.225,0.75,1071,0
SPY190729P299,2019-07-26,2019-07-26 09:41:39,0.23,0.7666,1001,0.22,0.7333,1062,0.23,0.7666,5,0.225,0.75,1071,0
SPY190729P299,2019-07-26,2019-07-26 09:41:39,0.23,0.7666,1086,0.22,0.7333,1618,0.23,0.7666,5,0.225,0.75,1071,0
SPY190729P299,2019-07-26,2019-07-26 09:41:40,0.23,0.7666,1001,0.22,0.7333,1062,0.23,0.7666,5,0.225,0.75,1071,0
SPY190729P299,2019-07-26,2019-07-26 09:41:41,0.23,0.7666,873,0.22,0.7333,1142,0.23,0.7666,5,0.225,0.75,1071,0
SPY190729P299,2019-07-26,2019-07-26 09:41:41,0.23,0.7666,590,0.22,0.7333,849,0.23,0.7666,5,0.225,0.75,1071,0
SPY190729P299,2019-07-26,2019-07-26 09:41:42,0.23,0.7666,761,0.22,0.7333,908,0.23,0.7666,5,0.225,0.75,1071,0
SPY190729P299,2019-07-26,2019-07-26 09:41:42,0.23,0.7666,690,0.22,0.7333,849,0.23,0.7666,5,0.225,0.75,1071,0
SPY190729P299,2019-07-26,2019-07-26 09:41:43,0.23,0.7666,2860,0.22,0.7333,421,0.22,0.7333,10,0.225,0.75,1081,0
SPY190729P299,2019-07-26,2019-07-26 09:41:43,0.23,0.7666,1952,0.22,0.7333,434,0.22,0.7333,10,0.225,0.75,1081,10
SPY190729P299,2019-07-26,2019-07-26 09:41:44,0.23,0.7666,3125,0.22,0.7333,411,0.22,0.7333,10,0.225,0.75,1081,0
SPY190729P299,2019-07-26,2019-07-26 09:41:44,0.23,0.7666,2860,0.22,0.7333,411,0.22,0.7333,10,0.225,0.75,1081,0
SPY190729P299,2019-07-26,2019-07-26 09:41:45,0.23,0.7666,3125,0.22,0.7333,370,0.22,0.7333,10,0.225,0.75,1081,0
SPY190729P299,2019-07-26,2019-07-26 09:41:46,0.23,0.7666,3125,0.22,0.7333,370,0.22,0.7333,10,0.225,0.75,1081,0
SPY190729P299,2019-07-26,2019-07-26 09:41:47,0.23,0.7666,3125,0.22,0.7333,370,0.22,0.7333,10,0.225,0.75,1081,0
SPY190729P299,2019-07-26,2019-07-26 09:41:48,0.23,0.7666,2752,0.22,0.7333,261,0.22,0.7333,10,0.225,0.75,1081,0
SPY190729P299,2019-07-26,2019-07-26 09:41:48,0.23,0.7666,2752,0.22,0.7333,296,0.22,0.7333,10,0.225,0.75,1081,0
SPY190729P299,2019-07-26,2019-07-26 09:41:49,0.23,0.7666,3217,0.22,0.7333,296,0.22,0.7333,10,0.225,0.75,1081,0
SPY190729P299,2019-07-26,2019-07-26 09:41:50,0.23,0.7666,1787,0.22,0.7333,1112,0.22,0.7333,10,0.225,0.75,1081,0
SPY190729P299,2019-07-26,2019-07-26 09:41:51,0.23,0.7666,1912,0.22,0.7333,1112,0.22,0.7333,10,0.225,0.75,1081,0
SPY190729P299,2019-07-26,2019-07-26 09:41:51,0.23,0.7666,337,0.22,0.7333,1627,0.22,0.7333,10,0.225,0.75,1081,0
SPY190729P299,2019-07-26,2019-07-26 09:41:52,0.23,0.7666,459,0.22,0.7333,2173,0.22,0.7333,10,0.225,0.75,1081,0
SPY190729P299,2019-07-26,2019-07-26 09:41:52,0.23,0.7666,459,0.22,0.7333,2571,0.22,0.7333,10,0.225,0.75,1081,0
SPY190729P299,2019-07-26,2019-07-26 09:41:53,0.23,0.7666,459,0.22,0.7333,2173,0.22,0.7333,10,0.225,0.75,1081,0
SPY190729P299,2019-07-26,2019-07-26 09:41:54,0.23,0.7666,459,0.22,0.7333,2573,0.22,0.7333,10,0.225,0.75,1081,0
SPY190729P299,2019-07-26,2019-07-26 09:41:54,0.23,0.7666,459,0.22,0.7333,2157,0.22,0.7333,10,0.225,0.75,1081,0
SPY190729P299,2019-07-26,2019-07-26 09:41:55,0.23,0.7666,372,0.22,0.7333,1647,0.22,0.7333,10,0.225,0.75,1081,0
SPY190729P299,2019-07-26,2019-07-26 09:41:55,0.23,0.7666,400,0.22,0.7333,1647,0.22,0.7333,10,0.225,0.75,1081,0
SPY190729P299,2019-07-26,2019-07-26 09:41:56,0.23,0.7666,562,0.22,0.7333,2417,0.22,0.7333,10,0.225,0.75,1081,0
SPY190729P299,2019-07-26,2019-07-26 09:41:56,0.23,0.7666,698,0.22,0.7333,2417,0.22,0.7333,10,0.225,0.75,1081,0
SPY190729P299,2019-07-26,2019-07-26 09:41:57,0.23,0.7666,400,0.22,0.7333,2001,0.22,0.7333,10,0.225,0.75,1081,0
SPY190729P299,2019-07-26,2019-07-26 09:41:58,0.23,0.7666,400,0.22,0.7333,2417,0.22,0.7333,10,0.225,0.75,1081,0
SPY190729P299,2019-07-26,2019-07-26 09:41:58,0.23,0.7666,297,0.22,0.7333,1678,0.22,0.7333,10,0.225,0.75,1081,0
SPY190729P299,2019-07-26,2019-07-26 09:41:59,0.23,0.7666,388,0.22,0.7333,2046,0.22,0.7333,10,0.225,0.75,1081,0
SPY190729P299,2019-07-26,2019-07-26 09:41:59,0.23,0.7666,297,0.22,0.7333,2046,0.22,0.7333,10,0.225,0.75,1081,0
SPY190729P299,2019-07-26,2019-07-26 09:42:00,0.23,0.7666,297,0.22,0.7333,1630,0.22,0.7333,10,0.225,0.75,1081,0
SPY190729P299,2019-07-26,2019-07-26 09:42:00,0.23,0.7666,297,0.22,0.7333,2046,0.22,0.7333,10,0.225,0.75,1081,0
SPY190729P299,2019-07-26,2019-07-26 09:42:01,0.23,0.7666,349,0.22,0.7333,1547,0.22,0.7333,10,0.225,0.75,1081,0
SPY190729P299,2019-07-26,2019-07-26 09:42:01,0.23,0.7666,322,0.22,0.7333,1547,0.22,0.7333,10,0.225,0.75,1081,0
SPY190729P299,2019-07-26,2019-07-26 09:42:02,0.23,0.7666,322,0.22,0.7333,1547,0.22,0.7333,10,0.225,0.75,1081,0
SPY190729P299,2019-07-26,2019-07-26 09:42:03,0.23,0.7666,545,0.22,0.7333,2002,0.22,0.7333,10,0.225,0.75,1081,0
SPY190729P299,2019-07-26,2019-07-26 09:42:03,0.23,0.7666,666,0.22,0.7333,2002,0.22,0.7333,10,0.225,0.75,1081,0
SPY190729P299,2019-07-26,2019-07-26 09:42:04,0.23,0.7666,1124,0.22,0.7333,1610,0.22,0.7333,10,0.225,0.75,1081,0
SPY190729P299,2019-07-26,2019-07-26 09:42:04,0.23,0.7666,666,0.22,0.7333,2002,0.22,0.7333,10,0.225,0.75,1081,0
SPY190729P299,2019-07-26,2019-07-26 09:42:05,0.23,0.7666,1244,0.22,0.7333,1502,0.22,0.7333,10,0.225,0.75,1081,0
SPY190729P299,2019-07-26,2019-07-26 09:42:05,0.23,0.7666,643,0.22,0.7333,1502,0.22,0.7333,10,0.225,0.75,1081,0
SPY190729P299,2019-07-26,2019-07-26 09:42:06,0.23,0.7666,428,0.22,0.7333,1502,0.22,0.7333,10,0.225,0.75,1081,0
SPY190729P299,2019-07-26,2019-07-26 09:42:06,0.23,0.7666,544,0.22,0.7333,1602,0.22,0.7333,10,0.225,0.75,1081,0
SPY190729P299,2019-07-26,2019-07-26 09:42:07,0.23,0.7666,1049,0.22,0.7333,1237,0.23,0.7666,50,0.225,0.75,1131,50
SPY190729P299,2019-07-26,2019-07-26 09:42:08,0.23,0.7666,1443,0.22,0.7333,849,0.23,0.7666,50,0.225,0.75,1131,0
SPY190729P299,2019-07-26,2019-07-26 09:42:08,0.23,0.7666,1421,0.22,0.7333,1502,0.23,0.7666,50,0.225,0.75,1131,0
SPY190729P299,2019-07-26,2019-07-26 09:42:09,0.23,0.7666,2182,0.22,0.7333,327,0.23,0.7666,50,0.225,0.75,1131,0
SPY190729P299,2019-07-26,2019-07-26 09:42:09,0.23,0.7666,2208,0.22,0.7333,849,0.23,0.7666,50,0.225,0.75,1131,0
SPY190729P299,2019-07-26,2019-07-26 09:42:10,0.23,0.7666,2574,0.22,0.7333,475,0.23,0.7666,50,0.225,0.75,1131,0
SPY190729P299,2019-07-26,2019-07-26 09:42:11,0.23,0.7666,2574,0.22,0.7333,475,0.23,0.7666,50,0.225,0.75,1131,0
SPY190729P299,2019-07-26,2019-07-26 09:42:12,0.23,0.7666,2524,0.22,0.7333,475,0.23,0.7666,50,0.225,0.75,1131,0
SPY190729P299,2019-07-26,2019-07-26 09:42:12,0.23,0.7666,2573,0.22,0.7333,412,0.23,0.7666,50,0.225,0.75,1131,0
SPY190729P299,2019-07-26,2019-07-26 09:42:13,0.23,0.7666,2541,0.22,0.7333,412,0.23,0.7666,50,0.225,0.75,1131,0
SPY190729P299,2019-07-26,2019-07-26 09:42:13,0.23,0.7666,2523,0.22,0.7333,412,0.23,0.7666,50,0.225,0.75,1131,0
SPY190729P299,2019-07-26,2019-07-26 09:42:14,0.23,0.7666,2541,0.22,0.7333,412,0.23,0.7666,50,0.225,0.75,1131,0
SPY190729P299,2019-07-26,2019-07-26 09:42:15,0.23,0.7666,2541,0.22,0.7333,412,0.23,0.7666,50,0.225,0.75,1131,0
SPY190729P299,2019-07-26,2019-07-26 09:42:16,0.23,0.7666,2541,0.22,0.7333,1049,0.23,0.7666,50,0.225,0.75,1131,0
SPY190729P299,2019-07-26,2019-07-26 09:42:16,0.23,0.7666,491,0.22,0.7333,1495,0.23,0.7666,50,0.225,0.75,1131,0
SPY190729P299,2019-07-26,2019-07-26 09:42:17,0.23,0.7666,314,0.22,0.7333,1537,0.23,0.7666,50,0.225,0.75,1131,0
SPY190729P299,2019-07-26,2019-07-26 09:42:17,0.23,0.7666,625,0.22,0.7333,1262,0.23,0.7666,50,0.225,0.75,1131,0
SPY190729P299,2019-07-26,2019-07-26 09:42:18,0.23,0.7666,314,0.22,0.7333,1777,0.23,0.7666,50,0.225,0.75,1131,0
SPY190729P299,2019-07-26,2019-07-26 09:42:19,0.23,0.7666,434,0.22,0.7333,1736,0.23,0.7666,50,0.225,0.75,1131,0
SPY190729P299,2019-07-26,2019-07-26 09:42:19,0.23,0.7666,314,0.22,0.7333,1729,0.23,0.7666,50,0.225,0.75,1131,0
SPY190729P299,2019-07-26,2019-07-26 09:42:20,0.23,0.7666,434,0.22,0.7333,1736,0.23,0.7666,50,0.225,0.75,1131,0
SPY190729P299,2019-07-26,2019-07-26 09:42:21,0.23,0.7666,434,0.22,0.7333,1287,0.23,0.7666,50,0.225,0.75,1131,0
SPY190729P299,2019-07-26,2019-07-26 09:42:21,0.23,0.7666,434,0.22,0.7333,1736,0.23,0.7666,50,0.225,0.75,1131,0
SPY190729P299,2019-07-26,2019-07-26 09:42:22,0.23,0.7666,571,0.22,0.7333,1287,0.23,0.7666,50,0.225,0.75,1131,0
SPY190729P299,2019-07-26,2019-07-26 09:42:22,0.23,0.7666,454,0.22,0.7333,1287,0.23,0.7666,50,0.225,0.75,1131,0
SPY190729P299,2019-07-26,2019-07-26 09:42:23,0.23,0.7666,1502,0.22,0.7333,1167,0.23,0.7666,50,0.225,0.75,1131,0
SPY190729P299,2019-07-26,2019-07-26 09:42:23,0.23,0.7666,1665,0.22,0.7333,1167,0.23,0.7666,50,0.225,0.75,1131,0
SPY190729P299,2019-07-26,2019-07-26 09:42:24,0.23,0.7666,1502,0.22,0.7333,1167,0.23,0.7666,50,0.225,0.75,1131,0
SPY190729P299,2019-07-26,2019-07-26 09:42:25,0.23,0.7666,1421,0.22,0.7333,1363,0.23,0.7666,50,0.225,0.75,1131,0
SPY190729P299,2019-07-26,2019-07-26 09:42:25,0.23,0.7666,716,0.22,0.7333,1765,0.23,0.7666,50,0.225,0.75,1131,0
SPY190729P299,2019-07-26,2019-07-26 09:42:26,0.23,0.7666,843,0.22,0.7333,902,0.23,0.7666,50,0.225,0.75,1131,0
SPY190729P299,2019-07-26,2019-07-26 09:42:26,0.23,0.7666,335,0.22,0.7333,902,0.23,0.7666,50,0.225,0.75,1131,0
SPY190729P299,2019-07-26,2019-07-26 09:42:27,0.23,0.7666,1056,0.22,0.7333,902,0.23,0.7666,50,0.225,0.75,1131,0
SPY190729P299,2019-07-26,2019-07-26 09:42:27,0.23,0.7666,2253,0.22,0.7333,337,0.23,0.7666,50,0.225,0.75,1131,0
SPY190729P299,2019-07-26,2019-07-26 09:42:28,0.23,0.7666,3313,0.22,0.7333,337,0.23,0.7666,50,0.225,0.75,1131,0
SPY190729P299,2019-07-26,2019-07-26 09:42:29,0.23,0.7666,3313,0.22,0.7333,182,0.23,0.7666,50,0.225,0.75,1131,0
SPY190729P299,2019-07-26,2019-07-26 09:42:29,0.23,0.7666,2589,0.22,0.7333,26,0.23,0.7666,50,0.225,0.75,1131,0
SPY190729P299,2019-07-26,2019-07-26 09:42:30,0.23,0.7666,2589,0.22,0.7333,311,0.23,0.7666,50,0.225,0.75,1131,0
SPY190729P299,2019-07-26,2019-07-26 09:42:30,0.23,0.7666,2016,0.22,0.7333,410,0.23,0.7666,50,0.225,0.75,1131,0
SPY190729P299,2019-07-26,2019-07-26 09:42:31,0.23,0.7666,2383,0.22,0.7333,410,0.23,0.7666,50,0.225,0.75,1131,0
SPY190729P299,2019-07-26,2019-07-26 09:42:32,0.23,0.7666,1997,0.22,0.7333,410,0.23,0.7666,50,0.225,0.75,1131,0
SPY190729P299,2019-07-26,2019-07-26 09:42:33,0.23,0.7666,1997,0.22,0.7333,372,0.23,0.7666,50,0.225,0.75,1131,0
SPY190729P299,2019-07-26,2019-07-26 09:42:34,0.23,0.7666,2403,0.22,0.7333,372,0.23,0.7666,50,0.225,0.75,1131,0
SPY190729P299,2019-07-26,2019-07-26 09:42:35,0.23,0.7666,2507,0.22,0.7333,110,0.22,0.7333,5,0.225,0.75,1141,10
SPY190729P299,2019-07-26,2019-07-26 09:42:35,0.23,0.7666,2507,0.22,0.7333,110,0.22,0.7333,5,0.225,0.75,1141,0
SPY190729P299,2019-07-26,2019-07-26 09:42:36,0.23,0.7666,2507,0.22,0.7333,110,0.22,0.7333,5,0.225,0.75,1141,0
SPY190729P299,2019-07-26,2019-07-26 09:42:37,0.23,0.7666,2627,0.22,0.7333,6,0.22,0.7333,5,0.225,0.75,1141,0
SPY190729P299,2019-07-26,2019-07-26 09:42:38,0.23,0.7666,2627,0.22,0.7333,6,0.22,0.7333,5,0.225,0.75,1141,0
SPY190729P299,2019-07-26,2019-07-26 09:42:39,0.23,0.7666,2994,0.22,0.7333,6,0.22,0.7333,5,0.225,0.75,1141,0
SPY190729P299,2019-07-26,2019-07-26 09:42:39,0.23,0.7666,2572,0.22,0.7333,6,0.22,0.7333,5,0.225,0.75,1141,0
SPY190729P299,2019-07-26,2019-07-26 09:42:40,0.23,0.7666,3503,0.22,0.7333,6,0.22,0.7333,5,0.225,0.75,1141,0
SPY190729P299,2019-07-26,2019-07-26 09:42:40,0.23,0.7666,2896,0.22,0.7333,6,0.22,0.7333,5,0.225,0.75,1141,0
SPY190729P299,2019-07-26,2019-07-26 09:42:41,0.23,0.7666,3503,0.22,0.7333,6,0.22,0.7333,5,0.225,0.75,1141,0
SPY190729P299,2019-07-26,2019-07-26 09:42:42,0.23,0.7666,3503,0.22,0.7333,6,0.22,0.7333,5,0.225,0.75,1141,0
SPY190729P299,2019-07-26,2019-07-26 09:42:43,0.23,0.7666,3503,0.22,0.7333,6,0.22,0.7333,5,0.225,0.75,1141,0
SPY190729P299,2019-07-26,2019-07-26 09:42:44,0.23,0.7666,3503,0.22,0.7333,6,0.22,0.7333,5,0.225,0.75,1141,0
SPY190729P299,2019-07-26,2019-07-26 09:42:45,0.23,0.7666,3165,0.22,0.7333,6,0.22,0.7333,5,0.225,0.75,1141,0
SPY190729P299,2019-07-26,2019-07-26 09:42:46,0.23,0.7666,3917,0.22,0.7333,4,0.22,0.7333,1,0.225,0.75,1143,1
SPY190729P299,2019-07-26,2019-07-26 09:42:46,0.23,0.7666,3791,0.22,0.7333,6,0.22,0.7333,1,0.225,0.75,1142,1
SPY190729P299,2019-07-26,2019-07-26 09:42:47,0.22,0.7333,2575,0.21,0.7,849,0.22,0.7333,1,0.215,0.7166,1147,0
SPY190729P299,2019-07-26,2019-07-26 09:42:47,0.22,0.7333,935,0.21,0.7,849,0.22,0.7333,1,0.215,0.7166,1147,4
SPY190729P299,2019-07-26,2019-07-26 09:42:48,0.22,0.7333,2863,0.21,0.7,849,0.22,0.7333,1,0.215,0.7166,1147,0
SPY190729P299,2019-07-26,2019-07-26 09:42:48,0.22,0.7333,2209,0.2,0.6666,1978,0.22,0.7333,1,0.21,0.7,1147,0
SPY190729P299,2019-07-26,2019-07-26 09:42:49,0.22,0.7333,2209,0.2,0.6666,2762,0.22,0.7333,1,0.21,0.7,1147,0
SPY190729P299,2019-07-26,2019-07-26 09:42:49,0.22,0.7333,2209,0.2,0.6666,2810,0.22,0.7333,1,0.21,0.7,1147,0
SPY190729P299,2019-07-26,2019-07-26 09:42:50,0.21,0.7,5,0.2,0.6666,2762,0.22,0.7333,1,0.205,0.6833,1147,0
SPY190729P299,2019-07-26,2019-07-26 09:42:51,0.21,0.7,398,0.2,0.6666,2204,0.22,0.7333,1,0.205,0.6833,1147,0
SPY190729P299,2019-07-26,2019-07-26 09:42:52,0.22,0.7333,2341,0.2,0.6666,1136,0.22,0.7333,1,0.21,0.7,1147,0
SPY190729P299,2019-07-26,2019-07-26 09:42:52,0.22,0.7333,2341,0.2,0.6666,2187,0.22,0.7333,1,0.21,0.7,1147,0
SPY190729P299,2019-07-26,2019-07-26 09:42:53,0.21,0.7,298,0.2,0.6666,2286,0.22,0.7333,1,0.205,0.6833,1147,0
SPY190729P299,2019-07-26,2019-07-26 09:42:53,0.21,0.7,298,0.2,0.6666,1803,0.22,0.7333,1,0.205,0.6833,1147,0
SPY190729P299,2019-07-26,2019-07-26 09:42:54,0.21,0.7,350,0.2,0.6666,2595,0.22,0.7333,1,0.205,0.6833,1147,0
SPY190729P299,2019-07-26,2019-07-26 09:42:55,0.21,0.7,350,0.2,0.6666,2207,0.22,0.7333,1,0.205,0.6833,1147,0
SPY190729P299,2019-07-26,2019-07-26 09:42:56,0.21,0.7,350,0.2,0.6666,2207,0.22,0.7333,1,0.205,0.6833,1147,0
SPY190729P299,2019-07-26,2019-07-26 09:42:56,0.21,0.7,462,0.2,0.6666,2604,0.22,0.7333,1,0.205,0.6833,1147,0
SPY190729P299,2019-07-26,2019-07-26 09:42:57,0.21,0.7,462,0.2,0.6666,2188,0.21,0.7,5,0.205,0.6833,1152,0
SPY190729P299,2019-07-26,2019-07-26 09:42:57,0.21,0.7,462,0.2,0.6666,2604,0.21,0.7,5,0.205,0.6833,1152,5
SPY190729P299,2019-07-26,2019-07-26 09:42:58,0.21,0.7,462,0.2,0.6666,2188,0.21,0.7,5,0.205,0.6833,1152,0
SPY190729P299,2019-07-26,2019-07-26 09:42:59,0.21,0.7,462,0.2,0.6666,2188,0.21,0.7,5,0.205,0.6833,1152,0
SPY190729P299,2019-07-26,2019-07-26 09:43:00,0.21,0.7,190,0.2,0.6666,1384,0.21,0.7,5,0.205,0.6833,1152,0
SPY190729P299,2019-07-26,2019-07-26 09:43:00,0.21,0.7,462,0.2,0.6666,2179,0.21,0.7,5,0.205,0.6833,1152,0
SPY190729P299,2019-07-26,2019-07-26 09:43:01,0.21,0.7,108,0.2,0.6666,3404,0.21,0.7,5,0.205,0.6833,1152,0
SPY190729P299,2019-07-26,2019-07-26 09:43:01,0.21,0.7,108,0.2,0.6666,3742,0.21,0.7,5,0.205,0.6833,1152,0
SPY190729P299,2019-07-26,2019-07-26 09:43:02,0.21,0.7,108,0.2,0.6666,3380,0.21,0.7,5,0.205,0.6833,1152,0
SPY190729P299,2019-07-26,2019-07-26 09:43:02,0.21,0.7,108,0.2,0.6666,2599,0.21,0.7,5,0.205,0.6833,1152,0
SPY190729P299,2019-07-26,2019-07-26 09:43:03,0.21,0.7,108,0.2,0.6666,3401,0.21,0.7,5,0.205,0.6833,1152,0
SPY190729P299,2019-07-26,2019-07-26 09:43:03,0.21,0.7,108,0.2,0.6666,2599,0.21,0.7,5,0.205,0.6833,1152,0
SPY190729P299,2019-07-26,2019-07-26 09:43:04,0.21,0.7,108,0.2,0.6666,3401,0.21,0.7,5,0.205,0.6833,1152,0
SPY190729P299,2019-07-26,2019-07-26 09:43:05,0.21,0.7,108,0.2,0.6666,3401,0.21,0.7,5,0.205,0.6833,1152,0
SPY190729P299,2019-07-26,2019-07-26 09:43:06,0.21,0.7,108,0.2,0.6666,3401,0.21,0.7,5,0.205,0.6833,1152,0
SPY190729P299,2019-07-26,2019-07-26 09:43:07,0.21,0.7,108,0.2,0.6666,3813,0.21,0.7,5,0.205,0.6833,1152,0
SPY190729P299,2019-07-26,2019-07-26 09:43:07,0.21,0.7,108,0.2,0.6666,3770,0.21,0.7,5,0.205,0.6833,1152,0
SPY190729P299,2019-07-26,2019-07-26 09:43:08,0.22,0.7333,1127,0.21,0.7,120,0.21,0.7,5,0.215,0.7166,1152,0
SPY190729P299,2019-07-26,2019-07-26 09:43:08,0.21,0.7,108,0.2,0.6666,3813,0.21,0.7,5,0.205,0.6833,1152,0
SPY190729P299,2019-07-26,2019-07-26 09:43:09,0.22,0.7333,2531,0.21,0.7,120,0.21,0.7,5,0.215,0.7166,1152,0
SPY190729P299,2019-07-26,2019-07-26 09:43:10,0.22,0.7333,1864,0.21,0.7,321,0.21,0.7,5,0.215,0.7166,1152,0
SPY190729P299,2019-07-26,2019-07-26 09:43:10,0.22,0.7333,1600,0.21,0.7,169,0.21,0.7,5,0.215,0.7166,1152,0
SPY190729P299,2019-07-26,2019-07-26 09:43:11,0.22,0.7333,342,0.21,0.7,953,0.21,0.7,5,0.215,0.7166,1152,0
SPY190729P299,2019-07-26,2019-07-26 09:43:11,0.22,0.7333,1926,0.21,0.7,734,0.21,0.7,5,0.215,0.7166,1152,0
SPY190729P299,2019-07-26,2019-07-26 09:43:12,0.22,0.7333,522,0.21,0.7,1776,0.21,0.7,5,0.215,0.7166,1152,0
SPY190729P299,2019-07-26,2019-07-26 09:43:12,0.22,0.7333,342,0.21,0.7,1776,0.21,0.7,5,0.215,0.7166,1152,0
SPY190729P299,2019-07-26,2019-07-26 09:43:13,0.22,0.7333,982,0.21,0.7,1635,0.21,0.7,5,0.215,0.7166,1152,0
SPY190729P299,2019-07-26,2019-07-26 09:43:13,0.22,0.7333,1015,0.21,0.7,1635,0.21,0.7,5,0.215,0.7166,1152,0
SPY190729P299,2019-07-26,2019-07-26 09:43:14,0.22,0.7333,1510,0.21,0.7,1635,0.21,0.7,5,0.215,0.7166,1152,0
SPY190729P299,2019-07-26,2019-07-26 09:43:15,0.22,0.7333,1549,0.21,0.7,606,0.21,0.7,5,0.215,0.7166,1152,0
SPY190729P299,2019-07-26,2019-07-26 09:43:15,0.22,0.7333,1390,0.21,0.7,1635,0.21,0.7,5,0.215,0.7166,1152,0
SPY190729P299,2019-07-26,2019-07-26 09:43:16,0.22,0.7333,2315,0.21,0.7,412,0.21,0.7,5,0.215,0.7166,1152,0
SPY190729P299,2019-07-26,2019-07-26 09:43:16,0.22,0.7333,2175,0.21,0.7,431,0.21,0.7,5,0.215,0.7166,1152,0
SPY190729P299,2019-07-26,2019-07-26 09:43:17,0.22,0.7333,2315,0.21,0.7,422,0.21,0.7,5,0.215,0.7166,1152,0
SPY190729P299,2019-07-26,2019-07-26 09:43:17,0.22,0.7333,2315,0.21,0.7,412,0.21,0.7,5,0.215,0.7166,1152,0
SPY190729P299,2019-07-26,2019-07-26 09:43:18,0.22,0.7333,2315,0.21,0.7,302,0.21,0.7,5,0.215,0.7166,1152,0
SPY190729P299,2019-07-26,2019-07-26 09:43:19,0.22,0.7333,2315,0.21,0.7,302,0.21,0.7,5,0.215,0.7166,1152,0
SPY190729P299,2019-07-26,2019-07-26 09:43:19,0.22,0.7333,2315,0.21,0.7,342,0.21,0.7,5,0.215,0.7166,1152,0
SPY190729P299,2019-07-26,2019-07-26 09:43:20,0.22,0.7333,2315,0.21,0.7,302,0.21,0.7,5,0.215,0.7166,1152,0
SPY190729P299,2019-07-26,2019-07-26 09:43:21,0.22,0.7333,2315,0.21,0.7,342,0.21,0.7,5,0.215,0.7166,1152,0
SPY190729P299,2019-07-26,2019-07-26 09:43:21,0.22,0.7333,2315,0.21,0.7,302,0.21,0.7,5,0.215,0.7166,1152,0
SPY190729P299,2019-07-26,2019-07-26 09:43:22,0.22,0.7333,2315,0.21,0.7,187,0.21,0.7,5,0.215,0.7166,1152,0
SPY190729P299,2019-07-26,2019-07-26 09:43:23,0.22,0.7333,2315,0.21,0.7,187,0.21,0.7,5,0.215,0.7166,1152,0
SPY190729P299,2019-07-26,2019-07-26 09:43:24,0.22,0.7333,2315,0.21,0.7,187,0.21,0.7,5,0.215,0.7166,1152,0
SPY190729P299,2019-07-26,2019-07-26 09:43:25,0.22,0.7333,2315,0.21,0.7,187,0.21,0.7,5,0.215,0.7166,1152,0
SPY190729P299,2019-07-26,2019-07-26 09:43:26,0.22,0.7333,2315,0.21,0.7,187,0.21,0.7,5,0.215,0.7166,1152,0
SPY190729P299,2019-07-26,2019-07-26 09:43:27,0.22,0.7333,2315,0.21,0.7,187,0.21,0.7,1,0.215,0.7166,1153,1
SPY190729P299,2019-07-26,2019-07-26 09:43:28,0.22,0.7333,1484,0.21,0.7,741,0.21,0.7,1,0.215,0.7166,1153,0
SPY190729P299,2019-07-26,2019-07-26 09:43:28,0.22,0.7333,432,0.21,0.7,1259,0.21,0.7,1,0.215,0.7166,1153,0
SPY190729P299,2019-07-26,2019-07-26 09:43:29,0.22,0.7333,1607,0.21,0.7,1228,0.21,0.7,1,0.215,0.7166,1153,0
SPY190729P299,2019-07-26,2019-07-26 09:43:30,0.22,0.7333,1726,0.21,0.7,549,0.21,0.7,1,0.215,0.7166,1153,0
SPY190729P299,2019-07-26,2019-07-26 09:43:30,0.22,0.7333,1726,0.21,0.7,713,0.21,0.7,1,0.215,0.7166,1153,0
SPY190729P299,2019-07-26,2019-07-26 09:43:31,0.22,0.7333,1726,0.21,0.7,713,0.21,0.7,1,0.215,0.7166,1153,0
SPY190729P299,2019-07-26,2019-07-26 09:43:31,0.22,0.7333,1764,0.21,0.7,504,0.21,0.7,1,0.215,0.7166,1153,0
SPY190729P299,2019-07-26,2019-07-26 09:43:32,0.22,0.7333,1726,0.21,0.7,504,0.21,0.7,1,0.215,0.7166,1153,0
SPY190729P299,2019-07-26,2019-07-26 09:43:33,0.22,0.7333,1544,0.21,0.7,504,0.21,0.7,1,0.215,0.7166,1153,0
SPY190729P299,2019-07-26,2019-07-26 09:43:33,0.22,0.7333,1726,0.21,0.7,698,0.21,0.7,1,0.215,0.7166,1153,0
SPY190729P299,2019-07-26,2019-07-26 09:43:34,0.22,0.7333,2236,0.21,0.7,460,0.21,0.7,1,0.215,0.7166,1153,0
SPY190729P299,2019-07-26,2019-07-26 09:43:34,0.22,0.7333,2084,0.21,0.7,460,0.21,0.7,1,0.215,0.7166,1153,0
SPY190729P299,2019-07-26,2019-07-26 09:43:35,0.22,0.7333,2236,0.21,0.7,460,0.21,0.7,1,0.215,0.7166,1153,0
SPY190729P299,2019-07-26,2019-07-26 09:43:36,0.22,0.7333,2446,0.21,0.7,460,0.21,0.7,1,0.215,0.7166,1153,0
SPY190729P299,2019-07-26,2019-07-26 09:43:37,0.22,0.7333,2328,0.21,0.7,450,0.21,0.7,1,0.215,0.7166,1153,0
SPY190729P299,2019-07-26,2019-07-26 09:43:38,0.22,0.7333,2306,0.21,0.7,450,0.21,0.7,1,0.215,0.7166,1153,0
SPY190729P299,2019-07-26,2019-07-26 09:43:39,0.22,0.7333,2306,0.21,0.7,450,0.21,0.7,1,0.215,0.7166,1153,0
SPY190729P299,2019-07-26,2019-07-26 09:43:39,0.22,0.7333,2116,0.21,0.7,450,0.21,0.7,1,0.215,0.7166,1153,0
SPY190729P299,2019-07-26,2019-07-26 09:43:40,0.22,0.7333,2323,0.21,0.7,450,0.21,0.7,1,0.215,0.7166,1153,0
SPY190729P299,2019-07-26,2019-07-26 09:43:41,0.22,0.7333,2302,0.21,0.7,450,0.21,0.7,1,0.215,0.7166,1153,0
SPY190729P299,2019-07-26,2019-07-26 09:43:41,0.22,0.7333,1831,0.21,0.7,450,0.21,0.7,1,0.215,0.7166,1153,0
SPY190729P299,2019-07-26,2019-07-26 09:43:42,0.22,0.7333,1831,0.21,0.7,450,0.21,0.7,1,0.215,0.7166,1153,0
SPY190729P299,2019-07-26,2019-07-26 09:43:43,0.22,0.7333,1831,0.21,0.7,450,0.21,0.7,1,0.215,0.7166,1153,0
SPY190729P299,2019-07-26,2019-07-26 09:43:44,0.22,0.7333,1831,0.21,0.7,450,0.21,0.7,1,0.215,0.7166,1153,0
SPY190729P299,2019-07-26,2019-07-26 09:43:44,0.22,0.7333,2063,0.21,0.7,450,0.21,0.7,1,0.215,0.7166,1153,0
SPY190729P299,2019-07-26,2019-07-26 09:43:45,0.22,0.7333,2310,0.21,0.7,450,0.21,0.7,1,0.215,0.7166,1153,0
SPY190729P299,2019-07-26,2019-07-26 09:43:46,0.22,0.7333,2310,0.21,0.7,450,0.21,0.7,1,0.215,0.7166,1153,0
SPY190729P299,2019-07-26,2019-07-26 09:43:47,0.22,0.7333,2310,0.21,0.7,440,0.21,0.7,1,0.215,0.7166,1153,0
SPY190729P299,2019-07-26,2019-07-26 09:43:48,0.22,0.7333,1363,0.21,0.7,242,0.21,0.7,1,0.215,0.7166,1153,0
SPY190729P299,2019-07-26,2019-07-26 09:43:49,0.22,0.7333,1764,0.21,0.7,481,0.21,0.7,1,0.215,0.7166,1153,0
SPY190729P299,2019-07-26,2019-07-26 09:43:50,0.22,0.7333,2063,0.21,0.7,481,0.21,0.7,1,0.215,0.7166,1153,0
SPY190729P299,2019-07-26,2019-07-26 09:43:51,0.22,0.7333,2232,0.21,0.7,481,0.21,0.7,1,0.215,0.7166,1153,0
SPY190729P299,2019-07-26,2019-07-26 09:43:52,0.22,0.7333,1894,0.21,0.7,1184,0.21,0.7,1,0.215,0.7166,1153,0
SPY190729P299,2019-07-26,2019-07-26 09:43:52,0.22,0.7333,2232,0.21,0.7,1472,0.21,0.7,1,0.215,0.7166,1153,0
SPY190729P299,2019-07-26,2019-07-26 09:43:53,0.22,0.7333,1648,0.21,0.7,1522,0.21,0.7,1,0.215,0.7166,1153,0
SPY190729P299,2019-07-26,2019-07-26 09:43:53,0.22,0.7333,1648,0.21,0.7,1901,0.21,0.7,1,0.215,0.7166,1153,0
SPY190729P299,2019-07-26,2019-07-26 09:43:54,0.22,0.7333,1986,0.21,0.7,1522,0.21,0.7,1,0.215,0.7166,1153,0
SPY190729P299,2019-07-26,2019-07-26 09:43:54,0.22,0.7333,521,0.21,0.7,2053,0.21,0.7,1,0.215,0.7166,1153,0
SPY190729P299,2019-07-26,2019-07-26 09:43:55,0.22,0.7333,212,0.21,0.7,2198,0.21,0.7,1,0.215,0.7166,1153,0
SPY190729P299,2019-07-26,2019-07-26 09:43:55,0.22,0.7333,521,0.21,0.7,2149,0.21,0.7,1,0.215,0.7166,1153,0
SPY190729P299,2019-07-26,2019-07-26 09:43:56,0.22,0.7333,212,0.21,0.7,1984,0.21,0.7,1,0.215,0.7166,1153,0
SPY190729P299,2019-07-26,2019-07-26 09:43:57,0.22,0.7333,1176,0.21,0.7,1584,0.21,0.7,1,0.215,0.7166,1153,0
SPY190729P299,2019-07-26,2019-07-26 09:43:57,0.22,0.7333,1176,0.21,0.7,881,0.21,0.7,1,0.215,0.7166,1153,0
SPY190729P299,2019-07-26,2019-07-26 09:43:58,0.22,0.7333,1176,0.21,0.7,1584,0.21,0.7,1,0.215,0.7166,1153,0
SPY190729P299,2019-07-26,2019-07-26 09:43:59,0.22,0.7333,1363,0.21,0.7,681,0.21,0.7,1,0.215,0.7166,1153,0
SPY190729P299,2019-07-26,2019-07-26 09:43:59,0.22,0.7333,1176,0.21,0.7,1584,0.21,0.7,1,0.215,0.7166,1153,0
SPY190729P299,2019-07-26,2019-07-26 09:44:00,0.22,0.7333,1331,0.21,0.7,511,0.21,0.7,1,0.215,0.7166,1153,0
SPY190729P299,2019-07-26,2019-07-26 09:44:00,0.22,0.7333,1357,0.21,0.7,666,0.21,0.7,1,0.215,0.7166,1153,0
SPY190729P299,2019-07-26,2019-07-26 09:44:01,0.22,0.7333,1196,0.21,0.7,488,0.21,0.7,1,0.215,0.7166,1153,0
SPY190729P299,2019-07-26,2019-07-26 09:44:02,0.22,0.7333,2285,0.21,0.7,448,0.21,0.7,1,0.215,0.7166,1153,0
SPY190729P299,2019-07-26,2019-07-26 09:44:02,0.22,0.7333,1876,0.21,0.7,458,0.21,0.7,1,0.215,0.7166,1153,0
SPY190729P299,2019-07-26,2019-07-26 09:44:03,0.22,0.7333,2713,0.21,0.7,448,0.21,0.7,1,0.215,0.7166,1153,0
SPY190729P299,2019-07-26,2019-07-26 09:44:04,0.22,0.7333,2713,0.21,0.7,448,0.21,0.7,1,0.215,0.7166,1153,0
SPY190729P299,2019-07-26,2019-07-26 09:44:05,0.22,0.7333,2713,0.21,0.7,448,0.21,0.7,1,0.215,0.7166,1153,0
SPY190729P299,2019-07-26,2019-07-26 09:44:05,0.22,0.7333,1645,0.21,0.7,422,0.21,0.7,1,0.215,0.7166,1153,0
SPY190729P299,2019-07-26,2019-07-26 09:44:06,0.22,0.7333,1585,0.21,0.7,422,0.21,0.7,1,0.215,0.7166,1153,0
SPY190729P299,2019-07-26,2019-07-26 09:44:07,0.22,0.7333,2050,0.21,0.7,422,0.21,0.7,1,0.215,0.7166,1153,0
SPY190729P299,2019-07-26,2019-07-26 09:44:08,0.22,0.7333,2050,0.21,0.7,422,0.21,0.7,1,0.215,0.7166,1153,0
SPY190729P299,2019-07-26,2019-07-26 09:44:09,0.22,0.7333,2601,0.21,0.7,422,0.21,0.7,1,0.215,0.7166,1153,0
SPY190729P299,2019-07-26,2019-07-26 09:44:09,0.22,0.7333,2606,0.21,0.7,573,0.21,0.7,1,0.215,0.7166,1153,0
SPY190729P299,2019-07-26,2019-07-26 09:44:10,0.22,0.7333,2441,0.21,0.7,573,0.21,0.7,1,0.215,0.7166,1153,0
SPY190729P299,2019-07-26,2019-07-26 09:44:11,0.22,0.7333,2103,0.21,0.7,524,0.21,0.7,1,0.215,0.7166,1153,0
SPY190729P299,2019-07-26,2019-07-26 09:44:12,0.22,0.7333,1613,0.21,0.7,519,0.21,0.7,1,0.215,0.7166,1153,0
SPY190729P299,2019-07-26,2019-07-26 09:44:12,0.22,0.7333,1357,0.21,0.7,687,0.21,0.7,1,0.215,0.7166,1153,0
SPY190729P299,2019-07-26,2019-07-26 09:44:13,0.22,0.7333,1668,0.21,0.7,800,0.21,0.7,1,0.215,0.7166,1153,0
SPY190729P299,2019-07-26,2019-07-26 09:44:13,0.22,0.7333,1330,0.21,0.7,705,0.21,0.7,1,0.215,0.7166,1153,0
SPY190729P299,2019-07-26,2019-07-26 09:44:14,0.22,0.7333,1668,0.21,0.7,800,0.21,0.7,1,0.215,0.7166,1153,0
SPY190729P299,2019-07-26,2019-07-26 09:44:14,0.22,0.7333,1608,0.21,0.7,800,0.21,0.7,1,0.215,0.7166,1153,0
SPY190729P299,2019-07-26,2019-07-26 09:44:15,0.22,0.7333,1608,0.21,0.7,800,0.21,0.7,1,0.215,0.7166,1153,0
SPY190729P299,2019-07-26,2019-07-26 09:44:16,0.22,0.7333,1608,0.21,0.7,859,0.21,0.7,1,0.215,0.7166,1153,0
SPY190729P299,2019-07-26,2019-07-26 09:44:16,0.22,0.7333,1690,0.21,0.7,800,0.21,0.7,1,0.215,0.7166,1153,0
SPY190729P299,2019-07-26,2019-07-26 09:44:17,0.22,0.7333,1690,0.21,0.7,859,0.21,0.7,1,0.215,0.7166,1153,0
SPY190729P299,2019-07-26,2019-07-26 09:44:18,0.22,0.7333,1357,0.21,0.7,579,0.21,0.7,1,0.215,0.7166,1153,0
SPY190729P299,2019-07-26,2019-07-26 09:44:18,0.22,0.7333,1690,0.21,0.7,859,0.21,0.7,1,0.215,0.7166,1153,0
SPY190729P299,2019-07-26,2019-07-26 09:44:19,0.22,0.7333,1608,0.21,0.7,663,0.21,0.7,1,0.215,0.7166,1153,0
SPY190729P299,2019-07-26,2019-07-26 09:44:20,0.22,0.7333,1691,0.21,0.7,780,0.21,0.7,1,0.215,0.7166,1153,0
SPY190729P299,2019-07-26,2019-07-26 09:44:21,0.22,0.7333,1691,0.21,0.7,759,0.21,0.7,1,0.215,0.7166,1153,0
SPY190729P299,2019-07-26,2019-07-26 09:44:22,0.22,0.7333,1297,0.21,0.7,782,0.21,0.7,1,0.215,0.7166,1153,0
SPY190729P299,2019-07-26,2019-07-26 09:44:22,0.22,0.7333,1609,0.21,0.7,663,0.21,0.7,1,0.215,0.7166,1153,0
SPY190729P299,2019-07-26,2019-07-26 09:44:23,0.22,0.7333,380,0.21,0.7,785,0.21,0.7,1,0.215,0.7166,1153,0
SPY190729P299,2019-07-26,2019-07-26 09:44:23,0.22,0.7333,1297,0.21,0.7,803,0.21,0.7,1,0.215,0.7166,1153,0
SPY190729P299,2019-07-26,2019-07-26 09:44:24,0.22,0.7333,421,0.21,0.7,1944,0.21,0.7,1,0.215,0.7166,1153,0
SPY190729P299,2019-07-26,2019-07-26 09:44:24,0.22,0.7333,421,0.21,0.7,2444,0.21,0.7,1,0.215,0.7166,1153,0
SPY190729P299,2019-07-26,2019-07-26 09:44:25,0.22,0.7333,1021,0.21,0.7,1944,0.21,0.7,1,0.215,0.7166,1153,0
SPY190729P299,2019-07-26,2019-07-26 09:44:26,0.22,0.7333,1021,0.21,0.7,1811,0.21,0.7,1,0.215,0.7166,1153,0
SPY190729P299,2019-07-26,2019-07-26 09:44:26,0.22,0.7333,1021,0.21,0.7,1917,0.21,0.7,1,0.215,0.7166,1153,0
SPY190729P299,2019-07-26,2019-07-26 09:44:27,0.22,0.7333,1021,0.21,0.7,1917,0.21,0.7,1,0.215,0.7166,1153,0
SPY190729P299,2019-07-26,2019-07-26 09:44:27,0.22,0.7333,380,0.21,0.7,1917,0.21,0.7,1,0.215,0.7166,1153,0
SPY190729P299,2019-07-26,2019-07-26 09:44:28,0.22,0.7333,421,0.21,0.7,1909,0.21,0.7,1,0.215,0.7166,1153,0
SPY190729P299,2019-07-26,2019-07-26 09:44:28,0.22,0.7333,421,0.21,0.7,1917,0.21,0.7,1,0.215,0.7166,1153,0
SPY190729P299,2019-07-26,2019-07-26 09:44:29,0.22,0.7333,421,0.21,0.7,1909,0.21,0.7,1,0.215,0.7166,1153,0
SPY190729P299,2019-07-26,2019-07-26 09:44:29,0.22,0.7333,421,0.21,0.7,1909,0.21,0.7,20,0.215,0.7166,1173,20
SPY190729P299,2019-07-26,2019-07-26 09:44:30,0.22,0.7333,421,0.21,0.7,1909,0.21,0.7,20,0.215,0.7166,1173,0
SPY190729P299,2019-07-26,2019-07-26 09:44:31,0.22,0.7333,421,0.21,0.7,1811,0.21,0.7,20,0.215,0.7166,1173,0
SPY190729P299,2019-07-26,2019-07-26 09:44:32,0.22,0.7333,421,0.21,0.7,1811,0.21,0.7,20,0.215,0.7166,1173,0
SPY190729P299,2019-07-26,2019-07-26 09:44:32,0.22,0.7333,1021,0.21,0.7,1603,0.21,0.7,20,0.215,0.7166,1173,0
SPY190729P299,2019-07-26,2019-07-26 09:44:33,0.22,0.7333,1021,0.21,0.7,1553,0.21,0.7,20,0.215,0.7166,1173,0
SPY190729P299,2019-07-26,2019-07-26 09:44:34,0.22,0.7333,1021,0.21,0.7,1553,0.21,0.7,20,0.215,0.7166,1173,0
SPY190729P299,2019-07-26,2019-07-26 09:44:34,0.22,0.7333,1021,0.21,0.7,1576,0.21,0.7,20,0.215,0.7166,1173,0
SPY190729P299,2019-07-26,2019-07-26 09:44:35,0.22,0.7333,1021,0.21,0.7,1576,0.21,0.7,20,0.215,0.7166,1173,0
SPY190729P299,2019-07-26,2019-07-26 09:44:36,0.22,0.7333,1021,0.21,0.7,1576,0.21,0.7,20,0.215,0.7166,1173,0
SPY190729P299,2019-07-26,2019-07-26 09:44:37,0.22,0.7333,1021,0.21,0.7,1576,0.21,0.7,20,0.215,0.7166,1173,0
SPY190729P299,2019-07-26,2019-07-26 09:44:37,0.22,0.7333,1021,0.21,0.7,1553,0.21,0.7,20,0.215,0.7166,1173,0
SPY190729P299,2019-07-26,2019-07-26 09:44:38,0.22,0.7333,1021,0.21,0.7,1553,0.21,0.7,20,0.215,0.7166,1173,0
SPY190729P299,2019-07-26,2019-07-26 09:44:38,0.22,0.7333,1021,0.21,0.7,1576,0.21,0.7,20,0.215,0.7166,1173,0
SPY190729P299,2019-07-26,2019-07-26 09:44:39,0.22,0.7333,1021,0.21,0.7,1576,0.21,0.7,20,0.215,0.7166,1173,0
SPY190729P299,2019-07-26,2019-07-26 09:44:39,0.22,0.7333,1021,0.21,0.7,1553,0.21,0.7,20,0.215,0.7166,1173,0
SPY190729P299,2019-07-26,2019-07-26 09:44:40,0.22,0.7333,1021,0.21,0.7,1576,0.21,0.7,20,0.215,0.7166,1173,0
SPY190729P299,2019-07-26,2019-07-26 09:44:41,0.22,0.7333,1021,0.21,0.7,1576,0.21,0.7,2,0.215,0.7166,1175,2
SPY190729P299,2019-07-26,2019-07-26 09:44:41,0.22,0.7333,1021,0.21,0.7,1576,0.21,0.7,2,0.215,0.7166,1175,0
SPY190729P299,2019-07-26,2019-07-26 09:44:42,0.22,0.7333,1021,0.21,0.7,1576,0.21,0.7,2,0.215,0.7166,1175,0
SPY190729P299,2019-07-26,2019-07-26 09:44:43,0.22,0.7333,958,0.21,0.7,482,0.21,0.7,2,0.215,0.7166,1175,0
SPY190729P299,2019-07-26,2019-07-26 09:44:43,0.22,0.7333,958,0.21,0.7,302,0.21,0.7,2,0.215,0.7166,1175,0
SPY190729P299,2019-07-26,2019-07-26 09:44:44,0.22,0.7333,2436,0.21,0.7,427,0.21,0.7,2,0.215,0.7166,1175,0
SPY190729P299,2019-07-26,2019-07-26 09:44:44,0.22,0.7333,2261,0.21,0.7,427,0.21,0.7,2,0.215,0.7166,1175,0
SPY190729P299,2019-07-26,2019-07-26 09:44:45,0.22,0.7333,2261,0.21,0.7,948,0.21,0.7,2,0.215,0.7166,1175,0
SPY190729P299,2019-07-26,2019-07-26 09:44:46,0.22,0.7333,2186,0.21,0.7,784,0.21,0.7,2,0.215,0.7166,1175,0
SPY190729P299,2019-07-26,2019-07-26 09:44:46,0.22,0.7333,2261,0.21,0.7,694,0.21,0.7,2,0.215,0.7166,1175,0
SPY190729P299,2019-07-26,2019-07-26 09:44:47,0.22,0.7333,2186,0.21,0.7,870,0.21,0.7,2,0.215,0.7166,1175,0
SPY190729P299,2019-07-26,2019-07-26 09:44:48,0.22,0.7333,1926,0.21,0.7,755,0.21,0.7,2,0.215,0.7166,1175,0
SPY190729P299,2019-07-26,2019-07-26 09:44:48,0.22,0.7333,2186,0.21,0.7,564,0.21,0.7,2,0.215,0.7166,1175,0
SPY190729P299,2019-07-26,2019-07-26 09:44:49,0.22,0.7333,1926,0.21,0.7,755,0.21,0.7,2,0.215,0.7166,1175,0
SPY190729P299,2019-07-26,2019-07-26 09:44:49,0.22,0.7333,2011,0.21,0.7,755,0.21,0.7,2,0.215,0.7166,1175,0
SPY190729P299,2019-07-26,2019-07-26 09:44:50,0.22,0.7333,1926,0.21,0.7,755,0.21,0.7,2,0.215,0.7166,1175,0
SPY190729P299,2019-07-26,2019-07-26 09:44:51,0.22,0.7333,1926,0.21,0.7,755,0.21,0.7,2,0.215,0.7166,1175,0
SPY190729P299,2019-07-26,2019-07-26 09:44:52,0.22,0.7333,2085,0.21,0.7,672,0.21,0.7,2,0.215,0.7166,1175,0
SPY190729P299,2019-07-26,2019-07-26 09:44:52,0.22,0.7333,2087,0.21,0.7,672,0.21,0.7,2,0.215,0.7166,1175,0
SPY190729P299,2019-07-26,2019-07-26 09:44:53,0.22,0.7333,2011,0.21,0.7,672,0.21,0.7,2,0.215,0.7166,1175,0
SPY190729P299,2019-07-26,2019-07-26 09:44:53,0.22,0.7333,2011,0.21,0.7,693,0.21,0.7,2,0.215,0.7166,1175,0
SPY190729P299,2019-07-26,2019-07-26 09:44:54,0.22,0.7333,2011,0.21,0.7,693,0.21,0.7,2,0.215,0.7166,1175,0
SPY190729P299,2019-07-26,2019-07-26 09:44:55,0.22,0.7333,1038,0.21,0.7,1090,0.21,0.7,2,0.215,0.7166,1175,0
SPY190729P299,2019-07-26,2019-07-26 09:44:56,0.22,0.7333,1038,0.21,0.7,897,0.21,0.7,2,0.215,0.7166,1175,0
SPY190729P299,2019-07-26,2019-07-26 09:44:56,0.22,0.7333,1038,0.21,0.7,1090,0.21,0.7,2,0.215,0.7166,1175,0
SPY190729P299,2019-07-26,2019-07-26 09:44:57,0.22,0.7333,1378,0.21,0.7,861,0.21,0.7,2,0.215,0.7166,1175,0
SPY190729P299,2019-07-26,2019-07-26 09:44:57,0.22,0.7333,1274,0.21,0.7,897,0.21,0.7,2,0.215,0.7166,1175,0
SPY190729P299,2019-07-26,2019-07-26 09:44:58,0.22,0.7333,2186,0.21,0.7,548,0.21,0.7,2,0.215,0.7166,1175,0
SPY190729P299,2019-07-26,2019-07-26 09:44:59,0.22,0.7333,2221,0.21,0.7,548,0.21,0.7,2,0.215,0.7166,1175,0
SPY190729P299,2019-07-26,2019-07-26 09:45:00,0.22,0.7333,2254,0.21,0.7,297,0.21,0.7,2,0.215,0.7166,1175,0
SPY190729P299,2019-07-26,2019-07-26 09:45:00,0.22,0.7333,2072,0.21,0.7,316,0.21,0.7,2,0.215,0.7166,1175,0
SPY190729P299,2019-07-26,2019-07-26 09:45:01,0.22,0.7333,2944,0.21,0.7,294,0.21,0.7,2,0.215,0.7166,1175,0
SPY190729P299,2019-07-26,2019-07-26 09:45:01,0.22,0.7333,2387,0.21,0.7,316,0.21,0.7,2,0.215,0.7166,1175,0
SPY190729P299,2019-07-26,2019-07-26 09:45:02,0.21,0.7,5,0.2,0.6666,1944,0.21,0.7,2,0.205,0.6833,1175,0
SPY190729P299,2019-07-26,2019-07-26 09:45:02,0.21,0.7,333,0.2,0.6666,2334,0.21,0.7,2,0.205,0.6833,1175,0
SPY190729P299,2019-07-26,2019-07-26 09:45:03,0.22,0.7333,954,0.2,0.6666,1393,0.21,0.7,2,0.21,0.7,1175,0
SPY190729P299,2019-07-26,2019-07-26 09:45:04,0.22,0.7333,2607,0.21,0.7,348,0.21,0.7,2,0.215,0.7166,1175,0
SPY190729P299,2019-07-26,2019-07-26 09:45:04,0.22,0.7333,1988,0.21,0.7,1290,0.21,0.7,2,0.215,0.7166,1175,0
SPY190729P299,2019-07-26,2019-07-26 09:45:05,0.22,0.7333,2307,0.21,0.7,761,0.21,0.7,2,0.215,0.7166,1175,0
SPY190729P299,2019-07-26,2019-07-26 09:45:05,0.22,0.7333,2211,0.21,0.7,1508,0.21,0.7,2,0.215,0.7166,1175,0
SPY190729P299,2019-07-26,2019-07-26 09:45:06,0.22,0.7333,2006,0.21,0.7,678,0.21,0.7,2,0.215,0.7166,1175,0
SPY190729P299,2019-07-26,2019-07-26 09:45:06,0.22,0.7333,2006,0.21,0.7,1495,0.21,0.7,2,0.215,0.7166,1175,0
SPY190729P299,2019-07-26,2019-07-26 09:45:07,0.22,0.7333,2006,0.21,0.7,705,0.21,0.7,2,0.215,0.7166,1175,0
SPY190729P299,2019-07-26,2019-07-26 09:45:08,0.22,0.7333,2006,0.21,0.7,705,0.21,0.7,2,0.215,0.7166,1175,0
SPY190729P299,2019-07-26,2019-07-26 09:45:09,0.22,0.7333,2006,0.21,0.7,1519,0.21,0.7,2,0.215,0.7166,1175,0
SPY190729P299,2019-07-26,2019-07-26 09:45:09,0.22,0.7333,2006,0.21,0.7,678,0.21,0.7,2,0.215,0.7166,1175,0
SPY190729P299,2019-07-26,2019-07-26 09:45:10,0.22,0.7333,27,0.21,0.7,1580,0.21,0.7,2,0.215,0.7166,1175,0
SPY190729P299,2019-07-26,2019-07-26 09:45:10,0.22,0.7333,2641,0.21,0.7,1580,0.21,0.7,2,0.215,0.7166,1175,0
SPY190729P299,2019-07-26,2019-07-26 09:45:11,0.23,0.7666,2586,0.22,0.7333,5,0.21,0.7,2,0.225,0.75,1175,0
SPY190729P299,2019-07-26,2019-07-26 09:45:11,0.23,0.7666,2586,0.22,0.7333,13,0.21,0.7,2,0.225,0.75,1175,0
SPY190729P299,2019-07-26,2019-07-26 09:45:12,0.23,0.7666,2893,0.21,0.7,2540,0.21,0.7,2,0.22,0.7333,1175,0
SPY190729P299,2019-07-26,2019-07-26 09:45:13,0.22,0.7333,5,0.21,0.7,2675,0.21,0.7,2,0.215,0.7166,1175,0
SPY190729P299,2019-07-26,2019-07-26 09:45:14,0.22,0.7333,137,0.21,0.7,2675,0.21,0.7,2,0.215,0.7166,1175,0
SPY190729P299,2019-07-26,2019-07-26 09:45:14,0.22,0.7333,284,0.21,0.7,1904,0.21,0.7,2,0.215,0.7166,1175,0
SPY190729P299,2019-07-26,2019-07-26 09:45:15,0.23,0.7666,2868,0.21,0.7,1968,0.21,0.7,2,0.22,0.7333,1175,0
SPY190729P299,2019-07-26,2019-07-26 09:45:16,0.23,0.7666,3510,0.22,0.7333,5,0.21,0.7,2,0.225,0.75,1175,0
SPY190729P299,2019-07-26,2019-07-26 09:45:16,0.23,0.7666,2868,0.22,0.7333,5,0.21,0.7,2,0.225,0.75,1175,0
SPY190729P299,2019-07-26,2019-07-26 09:45:17,0.22,0.7333,325,0.21,0.7,2322,0.21,0.7,2,0.215,0.7166,1175,0
SPY190729P299,2019-07-26,2019-07-26 09:45:17,0.23,0.7666,3510,0.21,0.7,1930,0.21,0.7,2,0.22,0.7333,1175,0
SPY190729P299,2019-07-26,2019-07-26 09:45:18,0.22,0.7333,325,0.21,0.7,2322,0.21,0.7,2,0.215,0.7166,1175,0
SPY190729P299,2019-07-26,2019-07-26 09:45:18,0.22,0.7333,293,0.21,0.7,1953,0.21,0.7,2,0.215,0.7166,1175,0
SPY190729P299,2019-07-26,2019-07-26 09:45:19,0.22,0.7333,189,0.21,0.7,1927,0.21,0.7,2,0.215,0.7166,1175,0
SPY190729P299,2019-07-26,2019-07-26 09:45:19,0.22,0.7333,178,0.21,0.7,1942,0.21,0.7,2,0.215,0.7166,1175,0
SPY190729P299,2019-07-26,2019-07-26 09:45:20,0.22,0.7333,678,0.21,0.7,1811,0.21,0.7,2,0.215,0.7166,1175,0
SPY190729P299,2019-07-26,2019-07-26 09:45:21,0.22,0.7333,1114,0.21,0.7,1733,0.21,0.7,2,0.215,0.7166,1175,0
SPY190729P299,2019-07-26,2019-07-26 09:45:21,0.22,0.7333,811,0.21,0.7,1733,0.21,0.7,2,0.215,0.7166,1175,0
SPY190729P299,2019-07-26,2019-07-26 09:45:22,0.22,0.7333,1007,0.21,0.7,1733,0.21,0.7,2,0.215,0.7166,1175,0
SPY190729P299,2019-07-26,2019-07-26 09:45:22,0.22,0.7333,1014,0.21,0.7,1814,0.21,0.7,2,0.215,0.7166,1175,0
SPY190729P299,2019-07-26,2019-07-26 09:45:23,0.22,0.7333,1008,0.21,0.7,1814,0.21,0.7,2,0.215,0.7166,1175,0
SPY190729P299,2019-07-26,2019-07-26 09:45:23,0.22,0.7333,1014,0.21,0.7,1814,0.21,0.7,2,0.215,0.7166,1175,0
SPY190729P299,2019-07-26,2019-07-26 09:45:24,0.22,0.7333,1008,0.21,0.7,1814,0.21,0.7,2,0.215,0.7166,1175,0
SPY190729P299,2019-07-26,2019-07-26 09:45:25,0.22,0.7333,1102,0.21,0.7,1814,0.21,0.7,2,0.215,0.7166,1175,0
SPY190729P299,2019-07-26,2019-07-26 09:45:25,0.22,0.7333,1008,0.21,0.7,1814,0.21,0.7,2,0.215,0.7166,1175,0
SPY190729P299,2019-07-26,2019-07-26 09:45:26,0.22,0.7333,1014,0.21,0.7,1814,0.21,0.7,2,0.215,0.7166,1175,0
SPY190729P299,2019-07-26,2019-07-26 09:45:27,0.22,0.7333,939,0.21,0.7,1814,0.21,0.7,2,0.215,0.7166,1175,0
SPY190729P299,2019-07-26,2019-07-26 09:45:28,0.22,0.7333,1015,0.21,0.7,1814,0.21,0.7,2,0.215,0.7166,1175,0
SPY190729P299,2019-07-26,2019-07-26 09:45:29,0.22,0.7333,1549,0.21,0.7,1818,0.21,0.7,2,0.215,0.7166,1175,0
SPY190729P299,2019-07-26,2019-07-26 09:45:29,0.22,0.7333,1015,0.21,0.7,1814,0.21,0.7,2,0.215,0.7166,1175,0
SPY190729P299,2019-07-26,2019-07-26 09:45:30,0.22,0.7333,1598,0.21,0.7,2204,0.21,0.7,2,0.215,0.7166,1175,0
SPY190729P299,2019-07-26,2019-07-26 09:45:30,0.22,0.7333,1578,0.21,0.7,1818,0.21,0.7,2,0.215,0.7166,1175,0
SPY190729P299,2019-07-26,2019-07-26 09:45:31,0.22,0.7333,613,0.22,0.7333,5,0.21,0.7,2,0.22,0.7333,1175,0
SPY190729P299,2019-07-26,2019-07-26 09:45:32,0.23,0.7666,4067,0.22,0.7333,186,0.21,0.7,2,0.225,0.75,1175,0
SPY190729P299,2019-07-26,2019-07-26 09:45:32,0.23,0.7666,2607,0.22,0.7333,100,0.21,0.7,2,0.225,0.75,1175,0
SPY190729P299,2019-07-26,2019-07-26 09:45:33,0.23,0.7666,3548,0.22,0.7333,5,0.21,0.7,2,0.225,0.75,1175,0
SPY190729P299,2019-07-26,2019-07-26 09:45:33,0.23,0.7666,3548,0.22,0.7333,210,0.21,0.7,2,0.225,0.75,1175,0
SPY190729P299,2019-07-26,2019-07-26 09:45:34,0.23,0.7666,3548,0.22,0.7333,5,0.21,0.7,2,0.225,0.75,1175,0
SPY190729P299,2019-07-26,2019-07-26 09:45:35,0.23,0.7666,3548,0.22,0.7333,5,0.21,0.7,2,0.225,0.75,1175,0
SPY190729P299,2019-07-26,2019-07-26 09:45:35,0.23,0.7666,3548,0.22,0.7333,100,0.21,0.7,2,0.225,0.75,1175,0
SPY190729P299,2019-07-26,2019-07-26 09:45:36,0.23,0.7666,3548,0.22,0.7333,210,0.21,0.7,2,0.225,0.75,1175,0
SPY190729P299,2019-07-26,2019-07-26 09:45:37,0.23,0.7666,3632,0.22,0.7333,210,0.21,0.7,2,0.225,0.75,1175,0
SPY190729P299,2019-07-26,2019-07-26 09:45:37,0.23,0.7666,3632,0.22,0.7333,5,0.21,0.7,2,0.225,0.75,1175,0
SPY190729P299,2019-07-26,2019-07-26 09:45:38,0.23,0.7666,3632,0.22,0.7333,5,0.21,0.7,2,0.225,0.75,1175,0
SPY190729P299,2019-07-26,2019-07-26 09:45:39,0.23,0.7666,3632,0.22,0.7333,10,0.21,0.7,2,0.225,0.75,1175,0
SPY190729P299,2019-07-26,2019-07-26 09:45:40,0.23,0.7666,3632,0.22,0.7333,13,0.21,0.7,2,0.225,0.75,1175,0
SPY190729P299,2019-07-26,2019-07-26 09:45:40,0.23,0.7666,3632,0.22,0.7333,5,0.21,0.7,2,0.225,0.75,1175,0
SPY190729P299,2019-07-26,2019-07-26 09:45:41,0.23,0.7666,3584,0.22,0.7333,5,0.22,0.7333,20,0.225,0.75,1195,20
SPY190729P299,2019-07-26,2019-07-26 09:45:42,0.23,0.7666,3584,0.22,0.7333,9,0.22,0.7333,20,0.225,0.75,1195,0
SPY190729P299,2019-07-26,2019-07-26 09:45:42,0.23,0.7666,3584,0.22,0.7333,5,0.22,0.7333,20,0.225,0.75,1195,0
SPY190729P299,2019-07-26,2019-07-26 09:45:43,0.23,0.7666,3584,0.22,0.7333,5,0.22,0.7333,20,0.225,0.75,1195,0
SPY190729P299,2019-07-26,2019-07-26 09:45:43,0.23,0.7666,3584,0.22,0.7333,16,0.22,0.7333,1,0.225,0.75,1196,1
SPY190729P299,2019-07-26,2019-07-26 09:45:44,0.23,0.7666,3584,0.22,0.7333,100,0.22,0.7333,1,0.225,0.75,1196,0
SPY190729P299,2019-07-26,2019-07-26 09:45:45,0.23,0.7666,3496,0.22,0.7333,11,0.22,0.7333,1,0.225,0.75,1196,0
SPY190729P299,2019-07-26,2019-07-26 09:45:46,0.23,0.7666,1827,0.22,0.7333,913,0.22,0.7333,1,0.225,0.75,1196,0
SPY190729P299,2019-07-26,2019-07-26 09:45:46,0.23,0.7666,2217,0.22,0.7333,321,0.22,0.7333,1,0.225,0.75,1196,0
SPY190729P299,2019-07-26,2019-07-26 09:45:47,0.23,0.7666,1008,0.22,0.7333,908,0.22,0.7333,1,0.225,0.75,1196,0
SPY190729P299,2019-07-26,2019-07-26 09:45:47,0.23,0.7666,1609,0.22,0.7333,504,0.22,0.7333,1,0.225,0.75,1196,0
SPY190729P299,2019-07-26,2019-07-26 09:45:48,0.23,0.7666,1989,0.22,0.7333,504,0.22,0.7333,1,0.225,0.75,1196,0
SPY190729P299,2019-07-26,2019-07-26 09:45:48,0.23,0.7666,3101,0.22,0.7333,19,0.22,0.7333,1,0.225,0.75,1196,0
SPY190729P299,2019-07-26,2019-07-26 09:45:49,0.23,0.7666,2084,0.22,0.7333,1051,0.22,0.7333,1,0.225,0.75,1196,0
SPY190729P299,2019-07-26,2019-07-26 09:45:49,0.23,0.7666,1921,0.22,0.7333,129,0.22,0.7333,1,0.225,0.75,1196,0
SPY190729P299,2019-07-26,2019-07-26 09:45:50,0.23,0.7666,2450,0.22,0.7333,265,0.22,0.7333,1,0.225,0.75,1196,0
SPY190729P299,2019-07-26,2019-07-26 09:45:51,0.23,0.7666,2133,0.22,0.7333,1182,0.23,0.7666,2,0.225,0.75,1198,2
SPY190729P299,2019-07-26,2019-07-26 09:45:51,0.23,0.7666,2450,0.22,0.7333,265,0.22,0.7333,1,0.225,0.75,1196,0
SPY190729P299,2019-07-26,2019-07-26 09:45:52,0.23,0.7666,2133,0.22,0.7333,1182,0.23,0.7666,2,0.225,0.75,1198,0
SPY190729P299,2019-07-26,2019-07-26 09:45:53,0.23,0.7666,2855,0.22,0.7333,1182,0.23,0.7666,2,0.225,0.75,1198,0
SPY190729P299,2019-07-26,2019-07-26 09:45:54,0.23,0.7666,2855,0.22,0.7333,1182,0.23,0.7666,2,0.225,0.75,1198,0
SPY190729P299,2019-07-26,2019-07-26 09:45:54,0.23,0.7666,2464,0.22,0.7333,1182,0.23,0.7666,2,0.225,0.75,1198,0
SPY190729P299,2019-07-26,2019-07-26 09:45:55,0.23,0.7666,2253,0.22,0.7333,1182,0.23,0.7666,2,0.225,0.75,1198,0
SPY190729P299,2019-07-26,2019-07-26 09:45:56,0.23,0.7666,2253,0.22,0.7333,1182,0.23,0.7666,2,0.225,0.75,1198,0
SPY190729P299,2019-07-26,2019-07-26 09:45:56,0.23,0.7666,1915,0.22,0.7333,1182,0.23,0.7666,2,0.225,0.75,1198,0
SPY190729P299,2019-07-26,2019-07-26 09:45:57,0.23,0.7666,2253,0.22,0.7333,1182,0.23,0.7666,2,0.225,0.75,1198,0
SPY190729P299,2019-07-26,2019-07-26 09:45:58,0.23,0.7666,2626,0.22,0.7333,1182,0.23,0.7666,2,0.225,0.75,1198,0
SPY190729P299,2019-07-26,2019-07-26 09:45:58,0.23,0.7666,2646,0.22,0.7333,1182,0.23,0.7666,2,0.225,0.75,1198,0
SPY190729P299,2019-07-26,2019-07-26 09:45:59,0.23,0.7666,332,0.22,0.7333,1868,0.23,0.7666,2,0.225,0.75,1198,0
SPY190729P299,2019-07-26,2019-07-26 09:45:59,0.23,0.7666,2575,0.22,0.7333,1298,0.23,0.7666,2,0.225,0.75,1198,0
SPY190729P299,2019-07-26,2019-07-26 09:46:00,0.23,0.7666,332,0.22,0.7333,2549,0.23,0.7666,2,0.225,0.75,1198,0
SPY190729P299,2019-07-26,2019-07-26 09:46:01,0.23,0.7666,10,0.22,0.7333,1922,0.23,0.7666,2,0.225,0.75,1198,0
SPY190729P299,2019-07-26,2019-07-26 09:46:01,0.23,0.7666,332,0.22,0.7333,2549,0.23,0.7666,2,0.225,0.75,1198,0
SPY190729P299,2019-07-26,2019-07-26 09:46:02,0.23,0.7666,10,0.22,0.7333,2870,0.23,0.7666,2,0.225,0.75,1198,0
SPY190729P299,2019-07-26,2019-07-26 09:46:02,0.23,0.7666,10,0.22,0.7333,2700,0.23,0.7666,2,0.225,0.75,1198,0
SPY190729P299,2019-07-26,2019-07-26 09:46:03,0.23,0.7666,10,0.22,0.7333,2732,0.23,0.7666,2,0.225,0.75,1198,0
SPY190729P299,2019-07-26,2019-07-26 09:46:03,0.23,0.7666,10,0.22,0.7333,2889,0.23,0.7666,2,0.225,0.75,1198,0
SPY190729P299,2019-07-26,2019-07-26 09:46:04,0.23,0.7666,10,0.22,0.7333,2957,0.23,0.7666,2,0.225,0.75,1198,0
SPY190729P299,2019-07-26,2019-07-26 09:46:05,0.23,0.7666,10,0.22,0.7333,2947,0.23,0.7666,2,0.225,0.75,1198,0
SPY190729P299,2019-07-26,2019-07-26 09:46:06,0.23,0.7666,10,0.22,0.7333,2947,0.23,0.7666,2,0.225,0.75,1198,0
SPY190729P299,2019-07-26,2019-07-26 09:46:07,0.23,0.7666,10,0.22,0.7333,2605,0.23,0.7666,2,0.225,0.75,1198,0
SPY190729P299,2019-07-26,2019-07-26 09:46:07,0.23,0.7666,10,0.22,0.7333,2183,0.23,0.7666,2,0.225,0.75,1198,0
SPY190729P299,2019-07-26,2019-07-26 09:46:08,0.23,0.7666,10,0.22,0.7333,2630,0.23,0.7666,2,0.225,0.75,1198,0
SPY190729P299,2019-07-26,2019-07-26 09:46:08,0.23,0.7666,10,0.22,0.7333,2947,0.23,0.7666,2,0.225,0.75,1198,0
SPY190729P299,2019-07-26,2019-07-26 09:46:09,0.23,0.7666,10,0.22,0.7333,4981,0.23,0.7666,2,0.225,0.75,1198,0
SPY190729P299,2019-07-26,2019-07-26 09:46:10,0.24,0.8,950,0.23,0.7666,2364,0.23,0.7666,1,0.235,0.7833,1209,11
SPY190729P299,2019-07-26,2019-07-26 09:46:10,0.24,0.8,1155,0.23,0.7666,2665,0.23,0.7666,1,0.235,0.7833,1209,0
SPY190729P299,2019-07-26,2019-07-26 09:46:11,0.24,0.8,404,0.23,0.7666,2809,0.23,0.7666,1,0.235,0.7833,1209,0
SPY190729P299,2019-07-26,2019-07-26 09:46:11,0.24,0.8,903,0.23,0.7666,1907,0.23,0.7666,1,0.235,0.7833,1209,0
SPY190729P299,2019-07-26,2019-07-26 09:46:12,0.25,0.8333,2196,0.24,0.8,994,0.23,0.7666,1,0.245,0.8166,1209,0
SPY190729P299,2019-07-26,2019-07-26 09:46:12,0.25,0.8333,2880,0.23,0.7666,2809,0.23,0.7666,1,0.24,0.8,1209,0
SPY190729P299,2019-07-26,2019-07-26 09:46:13,0.25,0.8333,2196,0.24,0.8,1294,0.23,0.7666,1,0.245,0.8166,1209,0
SPY190729P299,2019-07-26,2019-07-26 09:46:14,0.25,0.8333,855,0.24,0.8,1322,0.23,0.7666,1,0.245,0.8166,1209,0
SPY190729P299,2019-07-26,2019-07-26 09:46:15,0.25,0.8333,855,0.24,0.8,1429,0.23,0.7666,1,0.245,0.8166,1209,0
SPY190729P299,2019-07-26,2019-07-26 09:46:15,0.25,0.8333,647,0.24,0.8,1429,0.23,0.7666,1,0.245,0.8166,1209,0
SPY190729P299,2019-07-26,2019-07-26 09:46:16,0.25,0.8333,889,0.24,0.8,1425,0.23,0.7666,1,0.245,0.8166,1209,0
SPY190729P299,2019-07-26,2019-07-26 09:46:16,0.25,0.8333,938,0.24,0.8,1425,0.23,0.7666,1,0.245,0.8166,1209,0
SPY190729P299,2019-07-26,2019-07-26 09:46:17,0.25,0.8333,938,0.24,0.8,1832,0.23,0.7666,1,0.245,0.8166,1209,0
SPY190729P299,2019-07-26,2019-07-26 09:46:17,0.25,0.8333,938,0.24,0.8,1444,0.23,0.7666,1,0.245,0.8166,1209,0
SPY190729P299,2019-07-26,2019-07-26 09:46:18,0.25,0.8333,1009,0.24,0.8,1444,0.23,0.7666,1,0.245,0.8166,1209,0
SPY190729P299,2019-07-26,2019-07-26 09:46:19,0.25,0.8333,1234,0.24,0.8,1444,0.23,0.7666,1,0.245,0.8166,1209,0
SPY190729P299,2019-07-26,2019-07-26 09:46:19,0.25,0.8333,1472,0.24,0.8,1444,0.23,0.7666,1,0.245,0.8166,1209,0
SPY190729P299,2019-07-26,2019-07-26 09:46:20,0.24,0.8,385,0.23,0.7666,1801,0.23,0.7666,1,0.235,0.7833,1209,0
SPY190729P299,2019-07-26,2019-07-26 09:46:20,0.25,0.8333,725,0.24,0.8,17,0.23,0.7666,1,0.245,0.8166,1209,0
SPY190729P299,2019-07-26,2019-07-26 09:46:21,0.24,0.8,426,0.23,0.7666,1850,0.23,0.7666,1,0.235,0.7833,1209,0
SPY190729P299,2019-07-26,2019-07-26 09:46:21,0.24,0.8,426,0.23,0.7666,2472,0.23,0.7666,1,0.235,0.7833,1209,0
SPY190729P299,2019-07-26,2019-07-26 09:46:22,0.25,0.8333,2093,0.24,0.8,385,0.24,0.8,25,0.245,0.8166,1234,25
SPY190729P299,2019-07-26,2019-07-26 09:46:22,0.24,0.8,337,0.23,0.7666,2350,0.24,0.8,25,0.235,0.7833,1234,0
SPY190729P299,2019-07-26,2019-07-26 09:46:23,0.24,0.8,571,0.23,0.7666,1756,0.24,0.8,25,0.235,0.7833,1234,0
SPY190729P299,2019-07-26,2019-07-26 09:46:24,0.24,0.8,450,0.23,0.7666,1756,0.24,0.8,25,0.235,0.7833,1234,0
SPY190729P299,2019-07-26,2019-07-26 09:46:24,0.24,0.8,772,0.23,0.7666,1657,0.24,0.8,25,0.235,0.7833,1234,0
SPY190729P299,2019-07-26,2019-07-26 09:46:25,0.24,0.8,429,0.23,0.7666,2430,0.24,0.8,25,0.235,0.7833,1234,0
SPY190729P299,2019-07-26,2019-07-26 09:46:25,0.24,0.8,429,0.23,0.7666,1657,0.24,0.8,25,0.235,0.7833,1234,0
SPY190729P299,2019-07-26,2019-07-26 09:46:26,0.25,0.8333,2043,0.24,0.8,220,0.24,0.8,25,0.245,0.8166,1234,0
SPY190729P299,2019-07-26,2019-07-26 09:46:26,0.24,0.8,560,0.24,0.8,5,0.24,0.8,25,0.24,0.8,1234,0
SPY190729P299,2019-07-26,2019-07-26 09:46:27,0.25,0.8333,359,0.24,0.8,1459,0.24,0.8,25,0.245,0.8166,1234,0
SPY190729P299,2019-07-26,2019-07-26 09:46:27,0.25,0.8333,1657,0.24,0.8,985,0.24,0.8,25,0.245,0.8166,1234,0
SPY190729P299,2019-07-26,2019-07-26 09:46:28,0.25,0.8333,193,0.24,0.8,1898,0.24,0.8,25,0.245,0.8166,1234,0
SPY190729P299,2019-07-26,2019-07-26 09:46:29,0.25,0.8333,2432,0.24,0.8,283,0.24,0.8,2,0.245,0.8166,1236,2
SPY190729P299,2019-07-26,2019-07-26 09:46:29,0.25,0.8333,932,0.24,0.8,5,0.24,0.8,25,0.245,0.8166,1234,0
SPY190729P299,2019-07-26,2019-07-26 09:46:30,0.25,0.8333,2432,0.24,0.8,283,0.24,0.8,2,0.245,0.8166,1236,0
SPY190729P299,2019-07-26,2019-07-26 09:46:30,0.25,0.8333,2600,0.23,0.7666,1825,0.24,0.8,2,0.24,0.8,1236,0
SPY190729P299,2019-07-26,2019-07-26 09:46:31,0.24,0.8,920,0.23,0.7666,1672,0.24,0.8,2,0.235,0.7833,1236,0
SPY190729P299,2019-07-26,2019-07-26 09:46:31,0.24,0.8,120,0.23,0.7666,1470,0.24,0.8,2,0.235,0.7833,1236,0
SPY190729P299,2019-07-26,2019-07-26 09:46:32,0.24,0.8,405,0.23,0.7666,2266,0.24,0.8,2,0.235,0.7833,1236,0
SPY190729P299,2019-07-26,2019-07-26 09:46:32,0.24,0.8,598,0.23,0.7666,1672,0.24,0.8,2,0.235,0.7833,1236,0
SPY190729P299,2019-07-26,2019-07-26 09:46:33,0.24,0.8,278,0.23,0.7666,1672,0.24,0.8,2,0.235,0.7833,1236,0
SPY190729P299,2019-07-26,2019-07-26 09:46:33,0.24,0.8,770,0.23,0.7666,1672,0.24,0.8,2,0.235,0.7833,1236,0
SPY190729P299,2019-07-26,2019-07-26 09:46:34,0.24,0.8,1608,0.23,0.7666,902,0.24,0.8,2,0.235,0.7833,1236,0
SPY190729P299,2019-07-26,2019-07-26 09:46:35,0.24,0.8,1310,0.23,0.7666,1012,0.24,0.8,2,0.235,0.7833,1236,0
SPY190729P299,2019-07-26,2019-07-26 09:46:35,0.24,0.8,1608,0.23,0.7666,1012,0.24,0.8,2,0.235,0.7833,1236,0
SPY190729P299,2019-07-26,2019-07-26 09:46:36,0.24,0.8,1549,0.23,0.7666,1012,0.24,0.8,2,0.235,0.7833,1236,0
SPY190729P299,2019-07-26,2019-07-26 09:46:37,0.24,0.8,1549,0.23,0.7666,1074,0.24,0.8,2,0.235,0.7833,1236,0
SPY190729P299,2019-07-26,2019-07-26 09:46:37,0.24,0.8,1235,0.23,0.7666,1398,0.24,0.8,2,0.235,0.7833,1236,0
SPY190729P299,2019-07-26,2019-07-26 09:46:38,0.24,0.8,1095,0.23,0.7666,1231,0.24,0.8,2,0.235,0.7833,1236,0
SPY190729P299,2019-07-26,2019-07-26 09:46:38,0.24,0.8,1153,0.23,0.7666,1231,0.24,0.8,2,0.235,0.7833,1236,0
SPY190729P299,2019-07-26,2019-07-26 09:46:39,0.24,0.8,1498,0.23,0.7666,1231,0.24,0.8,2,0.235,0.7833,1236,0
SPY190729P299,2019-07-26,2019-07-26 09:46:39,0.24,0.8,636,0.23,0.7666,1005,0.24,0.8,2,0.235,0.7833,1236,0
SPY190729P299,2019-07-26,2019-07-26 09:46:40,0.24,0.8,1850,0.23,0.7666,1005,0.24,0.8,2,0.235,0.7833,1236,0
SPY190729P299,2019-07-26,2019-07-26 09:46:41,0.24,0.8,1850,0.23,0.7666,1284,0.24,0.8,2,0.235,0.7833,1236,0
SPY190729P299,2019-07-26,2019-07-26 09:46:41,0.24,0.8,1850,0.23,0.7666,1005,0.24,0.8,2,0.235,0.7833,1236,0
SPY190729P299,2019-07-26,2019-07-26 09:46:42,0.24,0.8,1747,0.23,0.7666,1284,0.24,0.8,2,0.235,0.7833,1236,0
SPY190729P299,2019-07-26,2019-07-26 09:46:42,0.24,0.8,1850,0.23,0.7666,1284,0.24,0.8,2,0.235,0.7833,1236,0
SPY190729P299,2019-07-26,2019-07-26 09:46:43,0.24,0.8,1701,0.22,0.7333,2172,0.24,0.8,2,0.23,0.7666,1236,0
SPY190729P299,2019-07-26,2019-07-26 09:46:43,0.24,0.8,1747,0.23,0.7666,1011,0.24,0.8,2,0.235,0.7833,1236,0
SPY190729P299,2019-07-26,2019-07-26 09:46:44,0.23,0.7666,5,0.22,0.7333,2960,0.24,0.8,2,0.225,0.75,1236,0
SPY190729P299,2019-07-26,2019-07-26 09:46:45,0.23,0.7666,5,0.22,0.7333,2297,0.24,0.8,2,0.225,0.75,1236,0
SPY190729P299,2019-07-26,2019-07-26 09:46:46,0.23,0.7666,5,0.22,0.7333,2297,0.24,0.8,2,0.225,0.75,1236,0
SPY190729P299,2019-07-26,2019-07-26 09:46:47,0.23,0.7666,5,0.22,0.7333,2391,0.24,0.8,2,0.225,0.75,1236,0
SPY190729P299,2019-07-26,2019-07-26 09:46:47,0.23,0.7666,346,0.22,0.7333,2309,0.24,0.8,2,0.225,0.75,1236,0
SPY190729P299,2019-07-26,2019-07-26 09:46:48,0.23,0.7666,182,0.22,0.7333,1664,0.24,0.8,2,0.225,0.75,1236,0
SPY190729P299,2019-07-26,2019-07-26 09:46:48,0.23,0.7666,355,0.22,0.7333,2391,0.24,0.8,2,0.225,0.75,1236,0
SPY190729P299,2019-07-26,2019-07-26 09:46:49,0.23,0.7666,182,0.22,0.7333,1664,0.24,0.8,2,0.225,0.75,1236,0
SPY190729P299,2019-07-26,2019-07-26 09:46:50,0.23,0.7666,465,0.22,0.7333,2401,0.24,0.8,2,0.225,0.75,1236,0
SPY190729P299,2019-07-26,2019-07-26 09:46:50,0.23,0.7666,5,0.22,0.7333,2798,0.24,0.8,2,0.225,0.75,1236,0
SPY190729P299,2019-07-26,2019-07-26 09:46:51,0.24,0.8,2714,0.23,0.7666,5,0.24,0.8,2,0.235,0.7833,1236,0
SPY190729P299,2019-07-26,2019-07-26 09:46:51,0.24,0.8,2112,0.23,0.7666,1008,0.24,0.8,2,0.235,0.7833,1236,0
SPY190729P299,2019-07-26,2019-07-26 09:46:52,0.24,0.8,2112,0.23,0.7666,408,0.24,0.8,2,0.235,0.7833,1236,0
SPY190729P299,2019-07-26,2019-07-26 09:46:52,0.24,0.8,2502,0.23,0.7666,1008,0.24,0.8,2,0.235,0.7833,1236,0
SPY190729P299,2019-07-26,2019-07-26 09:46:53,0.24,0.8,2112,0.23,0.7666,303,0.24,0.8,2,0.235,0.7833,1236,0
SPY190729P299,2019-07-26,2019-07-26 09:46:53,0.24,0.8,2720,0.23,0.7666,303,0.24,0.8,2,0.235,0.7833,1236,0
SPY190729P299,2019-07-26,2019-07-26 09:46:54,0.24,0.8,2502,0.23,0.7666,303,0.24,0.8,2,0.235,0.7833,1236,0
SPY190729P299,2019-07-26,2019-07-26 09:46:55,0.24,0.8,2502,0.23,0.7666,50,0.24,0.8,2,0.235,0.7833,1236,0
SPY190729P299,2019-07-26,2019-07-26 09:46:55,0.24,0.8,2502,0.22,0.7333,2878,0.24,0.8,2,0.23,0.7666,1236,0
SPY190729P299,2019-07-26,2019-07-26 09:46:56,0.24,0.8,2502,0.22,0.7333,2474,0.24,0.8,2,0.23,0.7666,1236,0
SPY190729P299,2019-07-26,2019-07-26 09:46:57,0.24,0.8,2307,0.23,0.7666,5,0.24,0.8,2,0.235,0.7833,1236,0
SPY190729P299,2019-07-26,2019-07-26 09:46:57,0.23,0.7666,5,0.22,0.7333,2781,0.24,0.8,2,0.225,0.75,1236,0
SPY190729P299,2019-07-26,2019-07-26 09:46:58,0.23,0.7666,5,0.22,0.7333,2781,0.24,0.8,2,0.225,0.75,1236,0
SPY190729P299,2019-07-26,2019-07-26 09:46:58,0.24,0.8,2294,0.22,0.7333,2610,0.24,0.8,2,0.23,0.7666,1236,0
SPY190729P299,2019-07-26,2019-07-26 09:46:59,0.24,0.8,2294,0.22,0.7333,2610,0.24,0.8,2,0.23,0.7666,1236,0
SPY190729P299,2019-07-26,2019-07-26 09:47:00,0.24,0.8,2112,0.23,0.7666,432,0.24,0.8,2,0.235,0.7833,1236,0
SPY190729P299,2019-07-26,2019-07-26 09:47:00,0.24,0.8,2112,0.22,0.7333,2610,0.24,0.8,2,0.23,0.7666,1236,0
SPY190729P299,2019-07-26,2019-07-26 09:47:01,0.24,0.8,2281,0.23,0.7666,303,0.24,0.8,2,0.235,0.7833,1236,0
SPY190729P299,2019-07-26,2019-07-26 09:47:01,0.24,0.8,2281,0.23,0.7666,5,0.24,0.8,2,0.235,0.7833,1236,0
SPY190729P299,2019-07-26,2019-07-26 09:47:02,0.24,0.8,2281,0.23,0.7666,5,0.24,0.8,2,0.235,0.7833,1236,0
SPY190729P299,2019-07-26,2019-07-26 09:47:02,0.24,0.8,2706,0.23,0.7666,100,0.24,0.8,2,0.235,0.7833,1236,0
SPY190729P299,2019-07-26,2019-07-26 09:47:03,0.24,0.8,2372,0.23,0.7666,100,0.24,0.8,2,0.235,0.7833,1236,0
SPY190729P299,2019-07-26,2019-07-26 09:47:03,0.24,0.8,2976,0.23,0.7666,100,0.24,0.8,2,0.235,0.7833,1236,0
SPY190729P299,2019-07-26,2019-07-26 09:47:04,0.24,0.8,2767,0.23,0.7666,100,0.24,0.8,2,0.235,0.7833,1236,0
SPY190729P299,2019-07-26,2019-07-26 09:47:05,0.24,0.8,1916,0.23,0.7666,423,0.24,0.8,2,0.235,0.7833,1236,0
SPY190729P299,2019-07-26,2019-07-26 09:47:05,0.24,0.8,1829,0.23,0.7666,514,0.24,0.8,2,0.235,0.7833,1236,0
SPY190729P299,2019-07-26,2019-07-26 09:47:06,0.24,0.8,2210,0.23,0.7666,742,0.24,0.8,2,0.235,0.7833,1236,0
SPY190729P299,2019-07-26,2019-07-26 09:47:06,0.24,0.8,1829,0.23,0.7666,583,0.24,0.8,2,0.235,0.7833,1236,0
SPY190729P299,2019-07-26,2019-07-26 09:47:07,0.24,0.8,2210,0.23,0.7666,403,0.24,0.8,2,0.235,0.7833,1236,0
SPY190729P299,2019-07-26,2019-07-26 09:47:07,0.24,0.8,2329,0.23,0.7666,50,0.24,0.8,2,0.235,0.7833,1236,0
SPY190729P299,2019-07-26,2019-07-26 09:47:08,0.24,0.8,2732,0.23,0.7666,50,0.24,0.8,2,0.235,0.7833,1236,0
SPY190729P299,2019-07-26,2019-07-26 09:47:09,0.24,0.8,1944,0.23,0.7666,403,0.24,0.8,2,0.235,0.7833,1236,0
SPY190729P299,2019-07-26,2019-07-26 09:47:10,0.24,0.8,1869,0.23,0.7666,403,0.24,0.8,2,0.235,0.7833,1236,0
SPY190729P299,2019-07-26,2019-07-26 09:47:10,0.24,0.8,1829,0.23,0.7666,714,0.24,0.8,2,0.235,0.7833,1236,0
SPY190729P299,2019-07-26,2019-07-26 09:47:11,0.24,0.8,1071,0.23,0.7666,1404,0.24,0.8,2,0.235,0.7833,1236,0
SPY190729P299,2019-07-26,2019-07-26 09:47:11,0.24,0.8,847,0.23,0.7666,1149,0.24,0.8,2,0.235,0.7833,1236,0
SPY190729P299,2019-07-26,2019-07-26 09:47:12,0.24,0.8,1071,0.23,0.7666,1292,0.24,0.8,2,0.235,0.7833,1236,0
SPY190729P299,2019-07-26,2019-07-26 09:47:12,0.24,0.8,1071,0.23,0.7666,1404,0.24,0.8,2,0.235,0.7833,1236,0
SPY190729P299,2019-07-26,2019-07-26 09:47:13,0.24,0.8,1061,0.23,0.7666,1450,0.23,0.7666,1000,0.235,0.7833,2236,1000
SPY190729P299,2019-07-26,2019-07-26 09:47:14,0.24,0.8,1911,0.23,0.7666,1373,0.24,0.8,1,0.235,0.7833,2237,1
SPY190729P299,2019-07-26,2019-07-26 09:47:14,0.24,0.8,2426,0.23,0.7666,1373,0.24,0.8,1,0.235,0.7833,2237,0
SPY190729P299,2019-07-26,2019-07-26 09:47:15,0.24,0.8,1354,0.23,0.7666,1639,0.24,0.8,1,0.235,0.7833,2237,0
SPY190729P299,2019-07-26,2019-07-26 09:47:15,0.24,0.8,1917,0.23,0.7666,1368,0.24,0.8,1,0.235,0.7833,2237,0
SPY190729P299,2019-07-26,2019-07-26 09:47:16,0.24,0.8,1354,0.23,0.7666,1549,0.24,0.8,1,0.235,0.7833,2237,0
SPY190729P299,2019-07-26,2019-07-26 09:47:16,0.24,0.8,1195,0.23,0.7666,2143,0.24,0.8,1,0.235,0.7833,2237,0
SPY190729P299,2019-07-26,2019-07-26 09:47:17,0.24,0.8,1195,0.23,0.7666,2143,0.24,0.8,1,0.235,0.7833,2237,0
SPY190729P299,2019-07-26,2019-07-26 09:47:17,0.24,0.8,1765,0.23,0.7666,1549,0.24,0.8,1,0.235,0.7833,2237,0
SPY190729P299,2019-07-26,2019-07-26 09:47:18,0.24,0.8,1500,0.23,0.7666,2138,0.24,0.8,1,0.235,0.7833,2237,0
SPY190729P299,2019-07-26,2019-07-26 09:47:19,0.24,0.8,1500,0.23,0.7666,2156,0.24,0.8,1,0.235,0.7833,2237,0
SPY190729P299,2019-07-26,2019-07-26 09:47:19,0.24,0.8,1500,0.23,0.7666,2138,0.24,0.8,1,0.235,0.7833,2237,0
SPY190729P299,2019-07-26,2019-07-26 09:47:20,0.24,0.8,1469,0.23,0.7666,2155,0.24,0.8,1,0.235,0.7833,2237,0
SPY190729P299,2019-07-26,2019-07-26 09:47:20,0.24,0.8,1545,0.23,0.7666,2155,0.24,0.8,1,0.235,0.7833,2237,0
SPY190729P299,2019-07-26,2019-07-26 09:47:21,0.24,0.8,1469,0.23,0.7666,2112,0.24,0.8,1,0.235,0.7833,2237,0
SPY190729P299,2019-07-26,2019-07-26 09:47:21,0.24,0.8,1545,0.23,0.7666,2155,0.24,0.8,1,0.235,0.7833,2237,0
SPY190729P299,2019-07-26,2019-07-26 09:47:22,0.24,0.8,1469,0.23,0.7666,2112,0.24,0.8,1,0.235,0.7833,2237,0
SPY190729P299,2019-07-26,2019-07-26 09:47:22,0.24,0.8,1545,0.23,0.7666,2112,0.24,0.8,1,0.235,0.7833,2237,0
SPY190729P299,2019-07-26,2019-07-26 09:47:23,0.24,0.8,1545,0.23,0.7666,2155,0.24,0.8,1,0.235,0.7833,2237,0
SPY190729P299,2019-07-26,2019-07-26 09:47:24,0.24,0.8,1545,0.23,0.7666,2155,0.24,0.8,1,0.235,0.7833,2237,0
SPY190729P299,2019-07-26,2019-07-26 09:47:24,0.24,0.8,1469,0.23,0.7666,2155,0.24,0.8,1,0.235,0.7833,2237,0
SPY190729P299,2019-07-26,2019-07-26 09:47:25,0.24,0.8,792,0.23,0.7666,2749,0.24,0.8,1,0.235,0.7833,2237,0
SPY190729P299,2019-07-26,2019-07-26 09:47:25,0.24,0.8,717,0.23,0.7666,2155,0.24,0.8,1,0.235,0.7833,2237,0
SPY190729P299,2019-07-26,2019-07-26 09:47:26,0.24,0.8,656,0.23,0.7666,2111,0.24,0.8,1,0.235,0.7833,2237,0
SPY190729P299,2019-07-26,2019-07-26 09:47:26,0.24,0.8,696,0.23,0.7666,2155,0.24,0.8,1,0.235,0.7833,2237,0
SPY190729P299,2019-07-26,2019-07-26 09:47:27,0.24,0.8,696,0.23,0.7666,2155,0.24,0.8,1,0.235,0.7833,2237,0
SPY190729P299,2019-07-26,2019-07-26 09:47:28,0.24,0.8,1555,0.23,0.7666,1235,0.24,0.8,1,0.235,0.7833,2237,0
SPY190729P299,2019-07-26,2019-07-26 09:47:28,0.24,0.8,746,0.23,0.7666,2156,0.24,0.8,1,0.235,0.7833,2237,0
SPY190729P299,2019-07-26,2019-07-26 09:47:29,0.24,0.8,2788,0.23,0.7666,620,0.24,0.8,1,0.235,0.7833,2237,0
SPY190729P299,2019-07-26,2019-07-26 09:47:29,0.24,0.8,1738,0.23,0.7666,259,0.24,0.8,1,0.235,0.7833,2237,0
SPY190729P299,2019-07-26,2019-07-26 09:47:30,0.24,0.8,3283,0.23,0.7666,192,0.24,0.8,1,0.235,0.7833,2237,0
SPY190729P299,2019-07-26,2019-07-26 09:47:30,0.24,0.8,4112,0.23,0.7666,192,0.24,0.8,1,0.235,0.7833,2237,0
SPY190729P299,2019-07-26,2019-07-26 09:47:31,0.24,0.8,4112,0.23,0.7666,192,0.24,0.8,1,0.235,0.7833,2237,0
SPY190729P299,2019-07-26,2019-07-26 09:47:32,0.24,0.8,3266,0.23,0.7666,192,0.24,0.8,1,0.235,0.7833,2237,0
SPY190729P299,2019-07-26,2019-07-26 09:47:33,0.24,0.8,3510,0.23,0.7666,192,0.24,0.8,1,0.235,0.7833,2237,0
SPY190729P299,2019-07-26,2019-07-26 09:47:34,0.24,0.8,3929,0.23,0.7666,192,0.24,0.8,1,0.235,0.7833,2237,0
SPY190729P299,2019-07-26,2019-07-26 09:47:35,0.24,0.8,3941,0.23,0.7666,192,0.24,0.8,1,0.235,0.7833,2237,0
