symbol,Date,quote_time,ask_price,norm_ask_price,ask_size,bid_price,norm_bid_price,bid_size,last_trade_price,norm_last_trade_price,last_trade_size,mark_price,norm_mark_price,volume,Volume
SPY190830C294,2019-08-29,2019-08-29 09:30:00,0.44,1.0,180,0.39,0.8863,456,0.39,0.8863,10,0.415,0.9431,46,46
SPY190830C294,2019-08-29,2019-08-29 09:30:01,0.43,0.9772,248,0.39,0.8863,456,0.39,0.8863,10,0.41,0.9318,46,0
SPY190830C294,2019-08-29,2019-08-29 09:30:01,0.43,0.9772,223,0.39,0.8863,240,0.39,0.8863,10,0.41,0.9318,46,0
SPY190830C294,2019-08-29,2019-08-29 09:30:02,0.43,0.9772,277,0.38,0.8636,153,0.39,0.8863,14,0.405,0.9204,60,14
SPY190830C294,2019-08-29,2019-08-29 09:30:02,0.43,0.9772,277,0.39,0.8863,240,0.39,0.8863,10,0.41,0.9318,46,0
SPY190830C294,2019-08-29,2019-08-29 09:30:03,0.42,0.9545,550,0.39,0.8863,180,0.39,0.8863,14,0.405,0.9204,60,0
SPY190830C294,2019-08-29,2019-08-29 09:30:03,0.42,0.9545,616,0.39,0.8863,180,0.39,0.8863,14,0.405,0.9204,60,0
SPY190830C294,2019-08-29,2019-08-29 09:30:04,0.41,0.9318,5,0.4,0.909,90,0.39,0.8863,203,0.405,0.9204,264,0
SPY190830C294,2019-08-29,2019-08-29 09:30:04,0.41,0.9318,5,0.39,0.8863,180,0.39,0.8863,203,0.4,0.909,264,204
SPY190830C294,2019-08-29,2019-08-29 09:30:05,0.41,0.9318,5,0.4,0.909,90,0.39,0.8863,203,0.405,0.9204,264,0
SPY190830C294,2019-08-29,2019-08-29 09:30:05,0.42,0.9545,385,0.4,0.909,90,0.39,0.8863,203,0.41,0.9318,264,0
SPY190830C294,2019-08-29,2019-08-29 09:30:06,0.42,0.9545,385,0.4,0.909,90,0.39,0.8863,203,0.41,0.9318,264,0
SPY190830C294,2019-08-29,2019-08-29 09:30:07,0.42,0.9545,385,0.4,0.909,90,0.41,0.9318,1,0.41,0.9318,265,1
SPY190830C294,2019-08-29,2019-08-29 09:30:07,0.42,0.9545,385,0.4,0.909,90,0.41,0.9318,1,0.41,0.9318,265,0
SPY190830C294,2019-08-29,2019-08-29 09:30:08,0.42,0.9545,385,0.4,0.909,90,0.41,0.9318,3,0.41,0.9318,268,3
SPY190830C294,2019-08-29,2019-08-29 09:30:08,0.42,0.9545,385,0.4,0.909,90,0.41,0.9318,3,0.41,0.9318,268,0
SPY190830C294,2019-08-29,2019-08-29 09:30:09,0.42,0.9545,385,0.4,0.909,90,0.41,0.9318,3,0.41,0.9318,268,0
SPY190830C294,2019-08-29,2019-08-29 09:30:10,0.42,0.9545,385,0.4,0.909,90,0.41,0.9318,3,0.41,0.9318,268,0
SPY190830C294,2019-08-29,2019-08-29 09:30:11,0.42,0.9545,120,0.39,0.8863,240,0.42,0.9545,20,0.405,0.9204,288,20
SPY190830C294,2019-08-29,2019-08-29 09:30:11,0.42,0.9545,385,0.4,0.909,90,0.41,0.9318,3,0.41,0.9318,268,0
SPY190830C294,2019-08-29,2019-08-29 09:30:12,0.42,0.9545,120,0.39,0.8863,240,0.42,0.9545,20,0.405,0.9204,288,0
SPY190830C294,2019-08-29,2019-08-29 09:30:13,0.42,0.9545,120,0.39,0.8863,240,0.42,0.9545,20,0.405,0.9204,288,0
SPY190830C294,2019-08-29,2019-08-29 09:30:14,0.42,0.9545,120,0.39,0.8863,240,0.42,0.9545,20,0.405,0.9204,288,0
SPY190830C294,2019-08-29,2019-08-29 09:30:14,0.42,0.9545,301,0.39,0.8863,240,0.42,0.9545,20,0.405,0.9204,288,0
SPY190830C294,2019-08-29,2019-08-29 09:30:15,0.42,0.9545,329,0.39,0.8863,240,0.42,0.9545,20,0.405,0.9204,288,0
SPY190830C294,2019-08-29,2019-08-29 09:30:15,0.42,0.9545,329,0.39,0.8863,240,0.4,0.909,1,0.405,0.9204,289,1
SPY190830C294,2019-08-29,2019-08-29 09:30:16,0.42,0.9545,329,0.39,0.8863,240,0.4,0.909,1,0.405,0.9204,289,0
SPY190830C294,2019-08-29,2019-08-29 09:30:17,0.42,0.9545,329,0.39,0.8863,240,0.4,0.909,1,0.405,0.9204,289,0
SPY190830C294,2019-08-29,2019-08-29 09:30:18,0.42,0.9545,390,0.39,0.8863,240,0.4,0.909,1,0.405,0.9204,289,0
SPY190830C294,2019-08-29,2019-08-29 09:30:19,0.42,0.9545,571,0.39,0.8863,240,0.4,0.909,1,0.405,0.9204,289,0
SPY190830C294,2019-08-29,2019-08-29 09:30:20,0.41,0.9318,5,0.39,0.8863,240,0.42,0.9545,2,0.4,0.909,292,3
SPY190830C294,2019-08-29,2019-08-29 09:30:20,0.41,0.9318,5,0.39,0.8863,240,0.4,0.909,1,0.4,0.909,289,0
SPY190830C294,2019-08-29,2019-08-29 09:30:21,0.41,0.9318,5,0.39,0.8863,240,0.41,0.9318,1,0.4,0.909,293,1
SPY190830C294,2019-08-29,2019-08-29 09:30:21,0.41,0.9318,5,0.39,0.8863,240,0.41,0.9318,1,0.4,0.909,293,0
SPY190830C294,2019-08-29,2019-08-29 09:30:22,0.41,0.9318,5,0.39,0.8863,240,0.41,0.9318,1,0.4,0.909,293,0
SPY190830C294,2019-08-29,2019-08-29 09:30:23,0.41,0.9318,5,0.39,0.8863,240,0.39,0.8863,1,0.4,0.909,294,1
SPY190830C294,2019-08-29,2019-08-29 09:30:23,0.41,0.9318,5,0.39,0.8863,240,0.39,0.8863,1,0.4,0.909,294,0
SPY190830C294,2019-08-29,2019-08-29 09:30:24,0.41,0.9318,5,0.39,0.8863,240,0.39,0.8863,1,0.4,0.909,294,0
SPY190830C294,2019-08-29,2019-08-29 09:30:25,0.41,0.9318,5,0.39,0.8863,240,0.4,0.909,3,0.4,0.909,301,7
SPY190830C294,2019-08-29,2019-08-29 09:30:25,0.41,0.9318,5,0.39,0.8863,240,0.39,0.8863,1,0.4,0.909,294,0
SPY190830C294,2019-08-29,2019-08-29 09:30:26,0.41,0.9318,5,0.39,0.8863,240,0.4,0.909,3,0.4,0.909,301,0
SPY190830C294,2019-08-29,2019-08-29 09:30:27,0.41,0.9318,5,0.39,0.8863,240,0.4,0.909,3,0.4,0.909,301,0
SPY190830C294,2019-08-29,2019-08-29 09:30:28,0.41,0.9318,5,0.39,0.8863,240,0.4,0.909,1,0.4,0.909,302,1
SPY190830C294,2019-08-29,2019-08-29 09:30:28,0.41,0.9318,5,0.39,0.8863,240,0.4,0.909,1,0.4,0.909,302,0
SPY190830C294,2019-08-29,2019-08-29 09:30:29,0.41,0.9318,32,0.4,0.909,18,0.4,0.909,1,0.405,0.9204,302,0
SPY190830C294,2019-08-29,2019-08-29 09:30:29,0.41,0.9318,5,0.39,0.8863,240,0.4,0.909,1,0.4,0.909,302,0
SPY190830C294,2019-08-29,2019-08-29 09:30:30,0.41,0.9318,100,0.39,0.8863,90,0.41,0.9318,2,0.4,0.909,304,2
SPY190830C294,2019-08-29,2019-08-29 09:30:30,0.41,0.9318,100,0.39,0.8863,125,0.4,0.909,1,0.4,0.909,302,0
SPY190830C294,2019-08-29,2019-08-29 09:30:31,0.41,0.9318,100,0.4,0.909,209,0.41,0.9318,2,0.405,0.9204,304,0
SPY190830C294,2019-08-29,2019-08-29 09:30:31,0.4,0.909,14,0.39,0.8863,288,0.41,0.9318,2,0.395,0.8977,304,0
SPY190830C294,2019-08-29,2019-08-29 09:30:32,0.41,0.9318,100,0.4,0.909,100,0.41,0.9318,2,0.405,0.9204,304,0
SPY190830C294,2019-08-29,2019-08-29 09:30:32,0.41,0.9318,5,0.4,0.909,100,0.41,0.9318,2,0.405,0.9204,304,0
SPY190830C294,2019-08-29,2019-08-29 09:30:33,0.41,0.9318,5,0.4,0.909,100,0.41,0.9318,2,0.405,0.9204,304,0
SPY190830C294,2019-08-29,2019-08-29 09:30:34,0.41,0.9318,5,0.4,0.909,100,0.41,0.9318,2,0.405,0.9204,304,0
SPY190830C294,2019-08-29,2019-08-29 09:30:34,0.41,0.9318,5,0.4,0.909,100,0.41,0.9318,1,0.405,0.9204,305,1
SPY190830C294,2019-08-29,2019-08-29 09:30:35,0.41,0.9318,5,0.4,0.909,100,0.41,0.9318,1,0.405,0.9204,305,0
SPY190830C294,2019-08-29,2019-08-29 09:30:36,0.41,0.9318,5,0.39,0.8863,807,0.41,0.9318,1,0.4,0.909,305,0
SPY190830C294,2019-08-29,2019-08-29 09:30:36,0.41,0.9318,5,0.4,0.909,100,0.41,0.9318,1,0.405,0.9204,305,0
SPY190830C294,2019-08-29,2019-08-29 09:30:37,0.41,0.9318,5,0.39,0.8863,807,0.41,0.9318,1,0.4,0.909,305,0
SPY190830C294,2019-08-29,2019-08-29 09:30:37,0.41,0.9318,5,0.39,0.8863,807,0.39,0.8863,1,0.4,0.909,306,1
SPY190830C294,2019-08-29,2019-08-29 09:30:38,0.41,0.9318,5,0.39,0.8863,807,0.39,0.8863,1,0.4,0.909,306,0
SPY190830C294,2019-08-29,2019-08-29 09:30:38,0.41,0.9318,100,0.39,0.8863,807,0.39,0.8863,1,0.4,0.909,306,0
SPY190830C294,2019-08-29,2019-08-29 09:30:39,0.41,0.9318,100,0.39,0.8863,807,0.39,0.8863,1,0.4,0.909,306,0
SPY190830C294,2019-08-29,2019-08-29 09:30:39,0.4,0.909,1,0.4,0.909,41,0.39,0.8863,1,0.4,0.909,306,0
SPY190830C294,2019-08-29,2019-08-29 09:30:40,0.41,0.9318,24,0.39,0.8863,269,0.39,0.8863,1,0.4,0.909,306,0
SPY190830C294,2019-08-29,2019-08-29 09:30:40,0.41,0.9318,100,0.4,0.909,162,0.39,0.8863,1,0.405,0.9204,306,0
SPY190830C294,2019-08-29,2019-08-29 09:30:41,0.41,0.9318,42,0.38,0.8636,640,0.4,0.909,2,0.395,0.8977,308,2
SPY190830C294,2019-08-29,2019-08-29 09:30:41,0.41,0.9318,5,0.4,0.909,108,0.4,0.909,2,0.405,0.9204,308,0
SPY190830C294,2019-08-29,2019-08-29 09:30:42,0.43,0.9772,1649,0.4,0.909,1071,0.4,0.909,2,0.415,0.9431,308,0
SPY190830C294,2019-08-29,2019-08-29 09:30:42,0.41,0.9318,100,0.4,0.909,933,0.4,0.909,2,0.405,0.9204,308,0
SPY190830C294,2019-08-29,2019-08-29 09:30:43,0.43,0.9772,1649,0.4,0.909,1071,0.4,0.909,2,0.415,0.9431,308,0
SPY190830C294,2019-08-29,2019-08-29 09:30:43,0.43,0.9772,1187,0.4,0.909,933,0.4,0.909,2,0.415,0.9431,308,0
SPY190830C294,2019-08-29,2019-08-29 09:30:44,0.42,0.9545,24,0.4,0.909,1119,0.4,0.909,2,0.41,0.9318,308,0
SPY190830C294,2019-08-29,2019-08-29 09:30:45,0.42,0.9545,24,0.41,0.9318,6,0.4,0.909,2,0.415,0.9431,308,0
SPY190830C294,2019-08-29,2019-08-29 09:30:45,0.42,0.9545,24,0.41,0.9318,24,0.4,0.909,2,0.415,0.9431,308,0
SPY190830C294,2019-08-29,2019-08-29 09:30:46,0.42,0.9545,158,0.41,0.9318,6,0.4,0.909,2,0.415,0.9431,308,0
SPY190830C294,2019-08-29,2019-08-29 09:30:46,0.42,0.9545,158,0.4,0.909,832,0.4,0.909,6,0.41,0.9318,318,10
SPY190830C294,2019-08-29,2019-08-29 09:30:47,0.42,0.9545,158,0.4,0.909,832,0.4,0.909,6,0.41,0.9318,318,0
SPY190830C294,2019-08-29,2019-08-29 09:30:48,0.42,0.9545,158,0.4,0.909,832,0.4,0.909,6,0.41,0.9318,318,0
SPY190830C294,2019-08-29,2019-08-29 09:30:48,0.42,0.9545,158,0.4,0.909,394,0.4,0.909,6,0.41,0.9318,318,0
SPY190830C294,2019-08-29,2019-08-29 09:30:49,0.42,0.9545,586,0.4,0.909,138,0.4,0.909,6,0.41,0.9318,318,0
SPY190830C294,2019-08-29,2019-08-29 09:30:49,0.41,0.9318,24,0.4,0.909,158,0.4,0.909,6,0.405,0.9204,318,0
SPY190830C294,2019-08-29,2019-08-29 09:30:50,0.42,0.9545,166,0.4,0.909,207,0.4,0.909,6,0.41,0.9318,318,0
SPY190830C294,2019-08-29,2019-08-29 09:30:50,0.42,0.9545,24,0.41,0.9318,24,0.4,0.909,6,0.415,0.9431,318,0
SPY190830C294,2019-08-29,2019-08-29 09:30:51,0.42,0.9545,24,0.41,0.9318,24,0.4,0.909,6,0.415,0.9431,318,0
SPY190830C294,2019-08-29,2019-08-29 09:30:52,0.43,0.9772,1178,0.4,0.909,1312,0.4,0.909,6,0.415,0.9431,318,0
SPY190830C294,2019-08-29,2019-08-29 09:30:53,0.42,0.9545,36,0.41,0.9318,24,0.4,0.909,6,0.415,0.9431,318,0
SPY190830C294,2019-08-29,2019-08-29 09:30:53,0.42,0.9545,92,0.41,0.9318,24,0.4,0.909,6,0.415,0.9431,318,0
SPY190830C294,2019-08-29,2019-08-29 09:30:54,0.42,0.9545,24,0.41,0.9318,24,0.4,0.909,6,0.415,0.9431,318,0
SPY190830C294,2019-08-29,2019-08-29 09:30:54,0.42,0.9545,92,0.41,0.9318,24,0.4,0.909,6,0.415,0.9431,318,0
SPY190830C294,2019-08-29,2019-08-29 09:30:55,0.42,0.9545,1,0.4,0.909,1372,0.4,0.909,6,0.41,0.9318,318,0
SPY190830C294,2019-08-29,2019-08-29 09:30:55,0.42,0.9545,2,0.4,0.909,1372,0.4,0.909,6,0.41,0.9318,318,0
SPY190830C294,2019-08-29,2019-08-29 09:30:56,0.42,0.9545,24,0.41,0.9318,6,0.42,0.9545,5,0.415,0.9431,323,5
SPY190830C294,2019-08-29,2019-08-29 09:30:56,0.42,0.9545,24,0.41,0.9318,24,0.4,0.909,6,0.415,0.9431,318,0
SPY190830C294,2019-08-29,2019-08-29 09:30:57,0.42,0.9545,124,0.4,0.909,1290,0.42,0.9545,5,0.41,0.9318,323,0
SPY190830C294,2019-08-29,2019-08-29 09:30:57,0.42,0.9545,36,0.41,0.9318,6,0.42,0.9545,5,0.415,0.9431,323,0
SPY190830C294,2019-08-29,2019-08-29 09:30:58,0.42,0.9545,176,0.4,0.909,1290,0.42,0.9545,5,0.41,0.9318,323,0
SPY190830C294,2019-08-29,2019-08-29 09:30:58,0.42,0.9545,207,0.4,0.909,1340,0.42,0.9545,5,0.41,0.9318,323,0
SPY190830C294,2019-08-29,2019-08-29 09:30:59,0.42,0.9545,207,0.4,0.909,1340,0.42,0.9545,5,0.41,0.9318,323,0
SPY190830C294,2019-08-29,2019-08-29 09:30:59,0.42,0.9545,207,0.4,0.909,1346,0.4,0.909,3,0.41,0.9318,343,20
SPY190830C294,2019-08-29,2019-08-29 09:31:00,0.42,0.9545,148,0.4,0.909,1368,0.4,0.909,3,0.41,0.9318,343,0
SPY190830C294,2019-08-29,2019-08-29 09:31:01,0.42,0.9545,1,0.41,0.9318,221,0.4,0.909,3,0.415,0.9431,343,0
SPY190830C294,2019-08-29,2019-08-29 09:31:01,0.44,1.0,482,0.41,0.9318,972,0.42,0.9545,1,0.425,0.9659,344,1
SPY190830C294,2019-08-29,2019-08-29 09:31:02,0.43,0.9772,24,0.42,0.9545,24,0.42,0.9545,1,0.425,0.9659,344,0
SPY190830C294,2019-08-29,2019-08-29 09:31:02,0.44,1.0,482,0.41,0.9318,863,0.42,0.9545,1,0.425,0.9659,344,0
SPY190830C294,2019-08-29,2019-08-29 09:31:03,0.43,0.9772,90,0.41,0.9318,926,0.42,0.9545,1,0.42,0.9545,344,0
SPY190830C294,2019-08-29,2019-08-29 09:31:03,0.43,0.9772,86,0.41,0.9318,1159,0.42,0.9545,1,0.42,0.9545,344,0
SPY190830C294,2019-08-29,2019-08-29 09:31:04,0.44,1.0,1889,0.41,0.9318,1354,0.41,0.9318,10,0.425,0.9659,354,0
SPY190830C294,2019-08-29,2019-08-29 09:31:04,0.43,0.9772,86,0.41,0.9318,1159,0.41,0.9318,10,0.42,0.9545,354,10
SPY190830C294,2019-08-29,2019-08-29 09:31:05,0.44,1.0,1136,0.42,0.9545,100,0.41,0.9318,10,0.43,0.9772,354,0
SPY190830C294,2019-08-29,2019-08-29 09:31:05,0.44,1.0,1825,0.41,0.9318,1652,0.41,0.9318,10,0.425,0.9659,354,0
SPY190830C294,2019-08-29,2019-08-29 09:31:06,0.43,0.9772,36,0.42,0.9545,111,0.41,0.9318,10,0.425,0.9659,354,0
SPY190830C294,2019-08-29,2019-08-29 09:31:06,0.43,0.9772,90,0.42,0.9545,100,0.41,0.9318,10,0.425,0.9659,354,0
SPY190830C294,2019-08-29,2019-08-29 09:31:07,0.44,1.0,98,0.42,0.9545,578,0.41,0.9318,10,0.43,0.9772,354,0
SPY190830C294,2019-08-29,2019-08-29 09:31:07,0.43,0.9772,24,0.42,0.9545,499,0.41,0.9318,10,0.425,0.9659,354,0
SPY190830C294,2019-08-29,2019-08-29 09:31:08,0.45,1.0227,1831,0.42,0.9545,100,0.43,0.9772,6,0.435,0.9886,371,17
SPY190830C294,2019-08-29,2019-08-29 09:31:09,0.45,1.0227,1831,0.42,0.9545,299,0.45,1.0227,18,0.435,0.9886,1171,800
SPY190830C294,2019-08-29,2019-08-29 09:31:09,0.45,1.0227,960,0.42,0.9545,1576,0.45,1.0227,18,0.435,0.9886,1171,0
SPY190830C294,2019-08-29,2019-08-29 09:31:10,0.45,1.0227,1297,0.43,0.9772,80,0.45,1.0227,18,0.44,1.0,1171,0
SPY190830C294,2019-08-29,2019-08-29 09:31:10,0.45,1.0227,1050,0.43,0.9772,80,0.45,1.0227,18,0.44,1.0,1171,0
SPY190830C294,2019-08-29,2019-08-29 09:31:11,0.45,1.0227,1050,0.43,0.9772,80,0.45,1.0227,18,0.44,1.0,1171,0
SPY190830C294,2019-08-29,2019-08-29 09:31:12,0.44,1.0,5,0.43,0.9772,80,0.45,1.0227,18,0.435,0.9886,1171,0
SPY190830C294,2019-08-29,2019-08-29 09:31:12,0.45,1.0227,1050,0.43,0.9772,80,0.45,1.0227,18,0.44,1.0,1171,0
SPY190830C294,2019-08-29,2019-08-29 09:31:13,0.45,1.0227,593,0.43,0.9772,80,0.43,0.9772,100,0.44,1.0,1273,102
SPY190830C294,2019-08-29,2019-08-29 09:31:13,0.45,1.0227,133,0.43,0.9772,1008,0.44,1.0,400,0.44,1.0,1681,408
SPY190830C294,2019-08-29,2019-08-29 09:31:14,0.45,1.0227,133,0.43,0.9772,1008,0.44,1.0,400,0.44,1.0,1681,0
SPY190830C294,2019-08-29,2019-08-29 09:31:14,0.45,1.0227,133,0.43,0.9772,734,0.44,1.0,400,0.44,1.0,1681,0
SPY190830C294,2019-08-29,2019-08-29 09:31:15,0.44,1.0,74,0.43,0.9772,197,0.44,1.0,400,0.435,0.9886,1681,0
SPY190830C294,2019-08-29,2019-08-29 09:31:15,0.44,1.0,74,0.43,0.9772,279,0.44,1.0,400,0.435,0.9886,1681,0
SPY190830C294,2019-08-29,2019-08-29 09:31:16,0.44,1.0,8,0.43,0.9772,133,0.44,1.0,400,0.435,0.9886,1681,0
SPY190830C294,2019-08-29,2019-08-29 09:31:16,0.44,1.0,5,0.43,0.9772,80,0.44,1.0,400,0.435,0.9886,1681,0
SPY190830C294,2019-08-29,2019-08-29 09:31:17,0.44,1.0,5,0.43,0.9772,80,0.44,1.0,400,0.435,0.9886,1681,0
SPY190830C294,2019-08-29,2019-08-29 09:31:17,0.44,1.0,5,0.43,0.9772,118,0.44,1.0,400,0.435,0.9886,1681,0
SPY190830C294,2019-08-29,2019-08-29 09:31:18,0.45,1.0227,666,0.42,0.9545,132,0.44,1.0,400,0.435,0.9886,1681,0
SPY190830C294,2019-08-29,2019-08-29 09:31:18,0.44,1.0,100,0.43,0.9772,118,0.44,1.0,400,0.435,0.9886,1681,0
SPY190830C294,2019-08-29,2019-08-29 09:31:19,0.43,0.9772,8,0.42,0.9545,132,0.44,1.0,400,0.425,0.9659,1681,0
SPY190830C294,2019-08-29,2019-08-29 09:31:19,0.43,0.9772,5,0.42,0.9545,266,0.44,1.0,400,0.425,0.9659,1681,0
SPY190830C294,2019-08-29,2019-08-29 09:31:20,0.43,0.9772,5,0.42,0.9545,1134,0.42,0.9545,1,0.425,0.9659,1682,1
SPY190830C294,2019-08-29,2019-08-29 09:31:20,0.44,1.0,100,0.43,0.9772,62,0.44,1.0,100,0.435,0.9886,1782,100
SPY190830C294,2019-08-29,2019-08-29 09:31:21,0.44,1.0,258,0.43,0.9772,118,0.44,1.0,100,0.435,0.9886,1782,0
SPY190830C294,2019-08-29,2019-08-29 09:31:21,0.44,1.0,258,0.43,0.9772,80,0.44,1.0,100,0.435,0.9886,1782,0
SPY190830C294,2019-08-29,2019-08-29 09:31:22,0.44,1.0,258,0.43,0.9772,38,0.44,1.0,100,0.435,0.9886,1782,0
SPY190830C294,2019-08-29,2019-08-29 09:31:22,0.44,1.0,261,0.43,0.9772,38,0.44,1.0,100,0.435,0.9886,1782,0
SPY190830C294,2019-08-29,2019-08-29 09:31:23,0.44,1.0,5,0.43,0.9772,44,0.43,0.9772,1,0.435,0.9886,1788,6
SPY190830C294,2019-08-29,2019-08-29 09:31:23,0.44,1.0,261,0.43,0.9772,38,0.44,1.0,100,0.435,0.9886,1782,0
SPY190830C294,2019-08-29,2019-08-29 09:31:24,0.44,1.0,131,0.43,0.9772,44,0.43,0.9772,1,0.435,0.9886,1788,0
SPY190830C294,2019-08-29,2019-08-29 09:31:24,0.44,1.0,524,0.43,0.9772,44,0.43,0.9772,6,0.435,0.9886,1794,6
SPY190830C294,2019-08-29,2019-08-29 09:31:25,0.44,1.0,524,0.43,0.9772,44,0.43,0.9772,6,0.435,0.9886,1794,0
SPY190830C294,2019-08-29,2019-08-29 09:31:25,0.44,1.0,524,0.42,0.9545,80,0.43,0.9772,1,0.43,0.9772,1795,1
SPY190830C294,2019-08-29,2019-08-29 09:31:26,0.43,0.9772,105,0.42,0.9545,143,0.43,0.9772,1,0.425,0.9659,1795,0
SPY190830C294,2019-08-29,2019-08-29 09:31:27,0.43,0.9772,297,0.42,0.9545,143,0.43,0.9772,1,0.425,0.9659,1797,1
SPY190830C294,2019-08-29,2019-08-29 09:31:27,0.43,0.9772,262,0.42,0.9545,143,0.43,0.9772,1,0.425,0.9659,1796,1
SPY190830C294,2019-08-29,2019-08-29 09:31:28,0.43,0.9772,15,0.42,0.9545,241,0.43,0.9772,1,0.425,0.9659,1798,1
SPY190830C294,2019-08-29,2019-08-29 09:31:28,0.43,0.9772,15,0.42,0.9545,1216,0.43,0.9772,1,0.425,0.9659,1798,0
SPY190830C294,2019-08-29,2019-08-29 09:31:29,0.44,1.0,5,0.43,0.9772,120,0.43,0.9772,15,0.435,0.9886,1813,15
SPY190830C294,2019-08-29,2019-08-29 09:31:29,0.43,0.9772,15,0.42,0.9545,1216,0.43,0.9772,1,0.425,0.9659,1798,0
SPY190830C294,2019-08-29,2019-08-29 09:31:30,0.44,1.0,5,0.43,0.9772,123,0.44,1.0,5,0.435,0.9886,1818,5
SPY190830C294,2019-08-29,2019-08-29 09:31:30,0.44,1.0,5,0.43,0.9772,123,0.44,1.0,5,0.435,0.9886,1818,0
SPY190830C294,2019-08-29,2019-08-29 09:31:31,0.44,1.0,5,0.43,0.9772,123,0.44,1.0,5,0.435,0.9886,1818,0
SPY190830C294,2019-08-29,2019-08-29 09:31:32,0.44,1.0,73,0.43,0.9772,174,0.44,1.0,5,0.435,0.9886,1818,0
SPY190830C294,2019-08-29,2019-08-29 09:31:32,0.44,1.0,42,0.43,0.9772,67,0.44,1.0,5,0.435,0.9886,1818,0
SPY190830C294,2019-08-29,2019-08-29 09:31:33,0.44,1.0,169,0.43,0.9772,117,0.44,1.0,1,0.435,0.9886,1819,1
SPY190830C294,2019-08-29,2019-08-29 09:31:33,0.44,1.0,169,0.43,0.9772,117,0.44,1.0,5,0.435,0.9886,1818,0
SPY190830C294,2019-08-29,2019-08-29 09:31:34,0.44,1.0,169,0.43,0.9772,67,0.44,1.0,1,0.435,0.9886,1819,0
SPY190830C294,2019-08-29,2019-08-29 09:31:34,0.44,1.0,169,0.43,0.9772,49,0.44,1.0,1,0.435,0.9886,1819,0
SPY190830C294,2019-08-29,2019-08-29 09:31:35,0.44,1.0,5,0.43,0.9772,529,0.44,1.0,1,0.435,0.9886,1819,0
SPY190830C294,2019-08-29,2019-08-29 09:31:35,0.44,1.0,169,0.43,0.9772,400,0.44,1.0,1,0.435,0.9886,1819,0
SPY190830C294,2019-08-29,2019-08-29 09:31:36,0.44,1.0,5,0.43,0.9772,147,0.44,1.0,1,0.435,0.9886,1819,0
SPY190830C294,2019-08-29,2019-08-29 09:31:36,0.44,1.0,100,0.43,0.9772,147,0.44,1.0,1,0.435,0.9886,1819,0
SPY190830C294,2019-08-29,2019-08-29 09:31:37,0.44,1.0,8,0.43,0.9772,43,0.44,1.0,1,0.435,0.9886,1819,0
SPY190830C294,2019-08-29,2019-08-29 09:31:37,0.44,1.0,5,0.43,0.9772,43,0.44,1.0,1,0.435,0.9886,1819,0
SPY190830C294,2019-08-29,2019-08-29 09:31:38,0.44,1.0,8,0.43,0.9772,36,0.44,1.0,1,0.435,0.9886,1819,0
SPY190830C294,2019-08-29,2019-08-29 09:31:38,0.44,1.0,258,0.43,0.9772,36,0.44,1.0,1,0.435,0.9886,1819,0
SPY190830C294,2019-08-29,2019-08-29 09:31:39,0.44,1.0,100,0.43,0.9772,140,0.44,1.0,1,0.435,0.9886,1819,0
SPY190830C294,2019-08-29,2019-08-29 09:31:39,0.44,1.0,258,0.43,0.9772,60,0.44,1.0,1,0.435,0.9886,1819,0
SPY190830C294,2019-08-29,2019-08-29 09:31:40,0.44,1.0,100,0.43,0.9772,140,0.44,1.0,1,0.435,0.9886,1819,0
SPY190830C294,2019-08-29,2019-08-29 09:31:40,0.44,1.0,100,0.43,0.9772,697,0.44,1.0,1,0.435,0.9886,1819,0
SPY190830C294,2019-08-29,2019-08-29 09:31:41,0.44,1.0,127,0.43,0.9772,647,0.44,1.0,1,0.435,0.9886,1819,0
SPY190830C294,2019-08-29,2019-08-29 09:31:42,0.44,1.0,8,0.43,0.9772,630,0.44,1.0,1,0.435,0.9886,1819,0
SPY190830C294,2019-08-29,2019-08-29 09:31:42,0.44,1.0,124,0.43,0.9772,630,0.44,1.0,1,0.435,0.9886,1819,0
SPY190830C294,2019-08-29,2019-08-29 09:31:43,0.44,1.0,8,0.43,0.9772,590,0.44,1.0,1,0.435,0.9886,1819,0
SPY190830C294,2019-08-29,2019-08-29 09:31:44,0.44,1.0,8,0.43,0.9772,590,0.44,1.0,1,0.435,0.9886,1819,0
SPY190830C294,2019-08-29,2019-08-29 09:31:45,0.44,1.0,8,0.43,0.9772,590,0.44,1.0,5,0.435,0.9886,1824,5
SPY190830C294,2019-08-29,2019-08-29 09:31:45,0.44,1.0,8,0.43,0.9772,590,0.44,1.0,5,0.435,0.9886,1824,0
SPY190830C294,2019-08-29,2019-08-29 09:31:46,0.45,1.0227,293,0.43,0.9772,590,0.44,1.0,3,0.44,1.0,1827,3
SPY190830C294,2019-08-29,2019-08-29 09:31:46,0.45,1.0227,255,0.44,1.0,82,0.44,1.0,3,0.445,1.0113,1827,0
SPY190830C294,2019-08-29,2019-08-29 09:31:47,0.45,1.0227,40,0.44,1.0,876,0.44,1.0,3,0.445,1.0113,1827,0
SPY190830C294,2019-08-29,2019-08-29 09:31:47,0.45,1.0227,255,0.44,1.0,648,0.44,1.0,3,0.445,1.0113,1827,0
SPY190830C294,2019-08-29,2019-08-29 09:31:48,0.45,1.0227,40,0.44,1.0,680,0.45,1.0227,3,0.445,1.0113,1840,3
SPY190830C294,2019-08-29,2019-08-29 09:31:48,0.45,1.0227,40,0.44,1.0,680,0.44,1.0,5,0.445,1.0113,1837,10
SPY190830C294,2019-08-29,2019-08-29 09:31:49,0.45,1.0227,40,0.44,1.0,947,0.45,1.0227,3,0.445,1.0113,1840,0
SPY190830C294,2019-08-29,2019-08-29 09:31:49,0.45,1.0227,108,0.44,1.0,947,0.45,1.0227,12,0.445,1.0113,1953,113
SPY190830C294,2019-08-29,2019-08-29 09:31:50,0.45,1.0227,108,0.44,1.0,1114,0.45,1.0227,12,0.445,1.0113,1953,0
SPY190830C294,2019-08-29,2019-08-29 09:31:51,0.45,1.0227,108,0.44,1.0,1114,0.45,1.0227,12,0.445,1.0113,1953,0
SPY190830C294,2019-08-29,2019-08-29 09:31:52,0.47,1.0681,570,0.45,1.0227,168,0.45,1.0227,1,0.46,1.0454,2061,0
SPY190830C294,2019-08-29,2019-08-29 09:31:52,0.47,1.0681,323,0.45,1.0227,133,0.45,1.0227,1,0.46,1.0454,2061,108
SPY190830C294,2019-08-29,2019-08-29 09:31:53,0.47,1.0681,736,0.45,1.0227,569,0.45,1.0227,1,0.46,1.0454,2061,0
SPY190830C294,2019-08-29,2019-08-29 09:31:54,0.47,1.0681,3,0.46,1.0454,24,0.47,1.0681,2,0.465,1.0568,2063,0
SPY190830C294,2019-08-29,2019-08-29 09:31:54,0.47,1.0681,462,0.46,1.0454,24,0.47,1.0681,2,0.465,1.0568,2063,2
SPY190830C294,2019-08-29,2019-08-29 09:31:55,0.47,1.0681,5,0.46,1.0454,57,0.47,1.0681,2,0.465,1.0568,2063,0
SPY190830C294,2019-08-29,2019-08-29 09:31:55,0.47,1.0681,5,0.46,1.0454,24,0.47,1.0681,2,0.465,1.0568,2063,0
SPY190830C294,2019-08-29,2019-08-29 09:31:56,0.47,1.0681,169,0.46,1.0454,57,0.47,1.0681,2,0.465,1.0568,2063,0
SPY190830C294,2019-08-29,2019-08-29 09:31:56,0.47,1.0681,163,0.46,1.0454,57,0.47,1.0681,2,0.465,1.0568,2063,0
SPY190830C294,2019-08-29,2019-08-29 09:31:57,0.47,1.0681,24,0.46,1.0454,36,0.46,1.0454,20,0.465,1.0568,2083,0
SPY190830C294,2019-08-29,2019-08-29 09:31:57,0.48,1.0909,1095,0.46,1.0454,36,0.46,1.0454,20,0.47,1.0681,2083,20
SPY190830C294,2019-08-29,2019-08-29 09:31:58,0.47,1.0681,12,0.46,1.0454,6,0.46,1.0454,20,0.465,1.0568,2083,0
SPY190830C294,2019-08-29,2019-08-29 09:31:58,0.47,1.0681,12,0.46,1.0454,29,0.46,1.0454,20,0.465,1.0568,2083,0
SPY190830C294,2019-08-29,2019-08-29 09:31:59,0.47,1.0681,9,0.46,1.0454,24,0.46,1.0454,20,0.465,1.0568,2083,0
SPY190830C294,2019-08-29,2019-08-29 09:31:59,0.47,1.0681,9,0.46,1.0454,23,0.46,1.0454,20,0.465,1.0568,2083,0
SPY190830C294,2019-08-29,2019-08-29 09:32:00,0.5,1.1363,96,0.48,1.0909,400,0.47,1.0681,1,0.49,1.1136,2084,0
SPY190830C294,2019-08-29,2019-08-29 09:32:00,0.48,1.0909,536,0.46,1.0454,24,0.47,1.0681,1,0.47,1.0681,2084,1
SPY190830C294,2019-08-29,2019-08-29 09:32:01,0.5,1.1363,5,0.49,1.1136,57,0.47,1.0681,1,0.495,1.125,2084,0
SPY190830C294,2019-08-29,2019-08-29 09:32:01,0.5,1.1363,56,0.49,1.1136,81,0.47,1.0681,1,0.495,1.125,2084,0
SPY190830C294,2019-08-29,2019-08-29 09:32:02,0.5,1.1363,5,0.49,1.1136,252,0.47,1.0681,1,0.495,1.125,2084,0
SPY190830C294,2019-08-29,2019-08-29 09:32:02,0.5,1.1363,74,0.49,1.1136,48,0.47,1.0681,1,0.495,1.125,2084,0
SPY190830C294,2019-08-29,2019-08-29 09:32:03,0.52,1.1818,50,0.5,1.1363,754,0.5,1.1363,5,0.51,1.159,2090,5
SPY190830C294,2019-08-29,2019-08-29 09:32:03,0.5,1.1363,5,0.49,1.1136,273,0.49,1.1136,1,0.495,1.125,2085,1
SPY190830C294,2019-08-29,2019-08-29 09:32:04,0.53,1.2045,106,0.52,1.1818,7,0.53,1.2045,5,0.525,1.1931,2095,5
SPY190830C294,2019-08-29,2019-08-29 09:32:04,0.53,1.2045,82,0.51,1.159,167,0.5,1.1363,5,0.52,1.1818,2090,0
SPY190830C294,2019-08-29,2019-08-29 09:32:05,0.53,1.2045,132,0.51,1.159,400,0.52,1.1818,3,0.52,1.1818,2108,3
SPY190830C294,2019-08-29,2019-08-29 09:32:05,0.53,1.2045,82,0.52,1.1818,2,0.53,1.2045,3,0.525,1.1931,2105,10
SPY190830C294,2019-08-29,2019-08-29 09:32:06,0.52,1.1818,84,0.5,1.1363,644,0.52,1.1818,1,0.51,1.159,2109,1
SPY190830C294,2019-08-29,2019-08-29 09:32:06,0.53,1.2045,548,0.5,1.1363,969,0.52,1.1818,105,0.515,1.1704,2390,281
SPY190830C294,2019-08-29,2019-08-29 09:32:07,0.53,1.2045,76,0.52,1.1818,133,0.52,1.1818,1,0.525,1.1931,2618,0
SPY190830C294,2019-08-29,2019-08-29 09:32:07,0.53,1.2045,491,0.52,1.1818,133,0.52,1.1818,1,0.525,1.1931,2618,228
SPY190830C294,2019-08-29,2019-08-29 09:32:08,0.53,1.2045,70,0.52,1.1818,91,0.52,1.1818,14,0.525,1.1931,2733,115
SPY190830C294,2019-08-29,2019-08-29 09:32:08,0.53,1.2045,74,0.52,1.1818,133,0.52,1.1818,1,0.525,1.1931,2618,0
SPY190830C294,2019-08-29,2019-08-29 09:32:09,0.52,1.1818,422,0.5,1.1363,6,0.52,1.1818,91,0.51,1.159,2861,128
SPY190830C294,2019-08-29,2019-08-29 09:32:09,0.53,1.2045,345,0.52,1.1818,91,0.52,1.1818,14,0.525,1.1931,2733,0
SPY190830C294,2019-08-29,2019-08-29 09:32:10,0.52,1.1818,422,0.5,1.1363,2,0.52,1.1818,91,0.51,1.159,2861,0
SPY190830C294,2019-08-29,2019-08-29 09:32:10,0.52,1.1818,63,0.5,1.1363,400,0.52,1.1818,1,0.51,1.159,2862,1
SPY190830C294,2019-08-29,2019-08-29 09:32:11,0.51,1.159,24,0.5,1.1363,24,0.52,1.1818,1,0.505,1.1477,2862,0
SPY190830C294,2019-08-29,2019-08-29 09:32:11,0.51,1.159,24,0.5,1.1363,26,0.52,1.1818,1,0.505,1.1477,2862,0
SPY190830C294,2019-08-29,2019-08-29 09:32:12,0.51,1.159,80,0.49,1.1136,611,0.52,1.1818,1,0.5,1.1363,2862,0
SPY190830C294,2019-08-29,2019-08-29 09:32:12,0.51,1.159,10,0.5,1.1363,2,0.52,1.1818,1,0.505,1.1477,2862,0
SPY190830C294,2019-08-29,2019-08-29 09:32:13,0.51,1.159,88,0.5,1.1363,2,0.5,1.1363,1,0.505,1.1477,2863,1
SPY190830C294,2019-08-29,2019-08-29 09:32:14,0.51,1.159,221,0.49,1.1136,2,0.51,1.159,1,0.5,1.1363,2864,0
SPY190830C294,2019-08-29,2019-08-29 09:32:14,0.51,1.159,81,0.49,1.1136,499,0.51,1.159,1,0.5,1.1363,2864,1
SPY190830C294,2019-08-29,2019-08-29 09:32:15,0.51,1.159,221,0.49,1.1136,2,0.51,1.159,1,0.5,1.1363,2864,0
SPY190830C294,2019-08-29,2019-08-29 09:32:15,0.5,1.1363,70,0.49,1.1136,2,0.51,1.159,1,0.495,1.125,2864,0
SPY190830C294,2019-08-29,2019-08-29 09:32:16,0.5,1.1363,70,0.49,1.1136,24,0.51,1.159,1,0.495,1.125,2864,0
SPY190830C294,2019-08-29,2019-08-29 09:32:16,0.5,1.1363,76,0.49,1.1136,2,0.51,1.159,1,0.495,1.125,2864,0
SPY190830C294,2019-08-29,2019-08-29 09:32:17,0.5,1.1363,194,0.48,1.0909,440,0.5,1.1363,1,0.49,1.1136,2868,4
SPY190830C294,2019-08-29,2019-08-29 09:32:17,0.5,1.1363,316,0.49,1.1136,2,0.49,1.1136,3,0.495,1.125,2868,0
SPY190830C294,2019-08-29,2019-08-29 09:32:18,0.49,1.1136,2,0.48,1.0909,400,0.49,1.1136,2,0.485,1.1022,2870,2
SPY190830C294,2019-08-29,2019-08-29 09:32:18,0.5,1.1363,1145,0.47,1.0681,709,0.48,1.0909,10,0.485,1.1022,2880,10
SPY190830C294,2019-08-29,2019-08-29 09:32:19,0.49,1.1136,946,0.47,1.0681,2,0.49,1.1136,1,0.48,1.0909,2891,1
SPY190830C294,2019-08-29,2019-08-29 09:32:19,0.49,1.1136,312,0.46,1.0454,585,0.48,1.0909,10,0.475,1.0795,2890,10
SPY190830C294,2019-08-29,2019-08-29 09:32:20,0.49,1.1136,999,0.48,1.0909,2,0.49,1.1136,1,0.485,1.1022,2891,0
SPY190830C294,2019-08-29,2019-08-29 09:32:20,0.49,1.1136,946,0.48,1.0909,2,0.49,1.1136,1,0.485,1.1022,2891,0
SPY190830C294,2019-08-29,2019-08-29 09:32:21,0.49,1.1136,928,0.48,1.0909,8,0.49,1.1136,1,0.485,1.1022,2891,0
SPY190830C294,2019-08-29,2019-08-29 09:32:21,0.49,1.1136,381,0.48,1.0909,2,0.49,1.1136,1,0.485,1.1022,2891,0
SPY190830C294,2019-08-29,2019-08-29 09:32:22,0.48,1.0909,80,0.46,1.0454,650,0.49,1.1136,1,0.47,1.0681,2891,0
SPY190830C294,2019-08-29,2019-08-29 09:32:22,0.49,1.1136,1153,0.48,1.0909,2,0.49,1.1136,1,0.485,1.1022,2891,0
SPY190830C294,2019-08-29,2019-08-29 09:32:23,0.49,1.1136,981,0.47,1.0681,26,0.49,1.1136,1,0.48,1.0909,2891,0
SPY190830C294,2019-08-29,2019-08-29 09:32:23,0.48,1.0909,6,0.47,1.0681,50,0.49,1.1136,1,0.475,1.0795,2891,0
SPY190830C294,2019-08-29,2019-08-29 09:32:24,0.48,1.0909,6,0.47,1.0681,50,0.49,1.1136,1,0.475,1.0795,2891,0
SPY190830C294,2019-08-29,2019-08-29 09:32:24,0.49,1.1136,116,0.47,1.0681,50,0.49,1.1136,1,0.48,1.0909,2891,0
SPY190830C294,2019-08-29,2019-08-29 09:32:25,0.5,1.1363,400,0.48,1.0909,24,0.48,1.0909,1,0.49,1.1136,2892,0
SPY190830C294,2019-08-29,2019-08-29 09:32:25,0.48,1.0909,1,0.47,1.0681,400,0.48,1.0909,1,0.475,1.0795,2892,1
SPY190830C294,2019-08-29,2019-08-29 09:32:26,0.5,1.1363,829,0.49,1.1136,2,0.48,1.0909,1,0.495,1.125,2892,0
SPY190830C294,2019-08-29,2019-08-29 09:32:26,0.5,1.1363,186,0.49,1.1136,2,0.48,1.0909,1,0.495,1.125,2892,0
SPY190830C294,2019-08-29,2019-08-29 09:32:27,0.5,1.1363,80,0.48,1.0909,480,0.48,1.0909,1,0.49,1.1136,2892,0
SPY190830C294,2019-08-29,2019-08-29 09:32:27,0.5,1.1363,120,0.48,1.0909,535,0.48,1.0909,1,0.49,1.1136,2892,0
SPY190830C294,2019-08-29,2019-08-29 09:32:28,0.5,1.1363,80,0.49,1.1136,26,0.48,1.0909,1,0.495,1.125,2892,0
SPY190830C294,2019-08-29,2019-08-29 09:32:28,0.5,1.1363,1,0.5,1.1363,6,0.48,1.0909,1,0.5,1.1363,2892,0
SPY190830C294,2019-08-29,2019-08-29 09:32:29,0.5,1.1363,1,0.5,1.1363,6,0.48,1.0909,1,0.5,1.1363,2892,0
SPY190830C294,2019-08-29,2019-08-29 09:32:29,0.5,1.1363,1,0.49,1.1136,429,0.48,1.0909,1,0.495,1.125,2892,0
SPY190830C294,2019-08-29,2019-08-29 09:32:30,0.51,1.159,202,0.5,1.1363,37,0.5,1.1363,4,0.505,1.1477,2899,6
SPY190830C294,2019-08-29,2019-08-29 09:32:30,0.51,1.159,202,0.5,1.1363,2,0.5,1.1363,1,0.505,1.1477,2893,1
SPY190830C294,2019-08-29,2019-08-29 09:32:31,0.51,1.159,1,0.5,1.1363,52,0.5,1.1363,4,0.505,1.1477,2899,0
SPY190830C294,2019-08-29,2019-08-29 09:32:31,0.51,1.159,184,0.5,1.1363,2,0.5,1.1363,4,0.505,1.1477,2899,0
SPY190830C294,2019-08-29,2019-08-29 09:32:32,0.52,1.1818,88,0.51,1.159,42,0.51,1.159,1,0.515,1.1704,2901,0
SPY190830C294,2019-08-29,2019-08-29 09:32:32,0.52,1.1818,632,0.5,1.1363,424,0.51,1.159,1,0.51,1.159,2901,2
SPY190830C294,2019-08-29,2019-08-29 09:32:33,0.52,1.1818,76,0.51,1.159,48,0.51,1.159,1,0.515,1.1704,2901,0
SPY190830C294,2019-08-29,2019-08-29 09:32:33,0.52,1.1818,88,0.51,1.159,412,0.51,1.159,1,0.515,1.1704,2901,0
SPY190830C294,2019-08-29,2019-08-29 09:32:34,0.53,1.2045,265,0.52,1.1818,14,0.51,1.159,1,0.525,1.1931,2901,0
SPY190830C294,2019-08-29,2019-08-29 09:32:34,0.53,1.2045,353,0.52,1.1818,12,0.51,1.159,1,0.525,1.1931,2901,0
SPY190830C294,2019-08-29,2019-08-29 09:32:35,0.53,1.2045,606,0.52,1.1818,32,0.51,1.159,1,0.525,1.1931,2901,0
SPY190830C294,2019-08-29,2019-08-29 09:32:36,0.53,1.2045,606,0.52,1.1818,26,0.51,1.159,1,0.525,1.1931,2901,0
SPY190830C294,2019-08-29,2019-08-29 09:32:36,0.53,1.2045,622,0.52,1.1818,26,0.51,1.159,1,0.525,1.1931,2901,0
SPY190830C294,2019-08-29,2019-08-29 09:32:37,0.53,1.2045,1002,0.52,1.1818,26,0.51,1.159,1,0.525,1.1931,2901,0
SPY190830C294,2019-08-29,2019-08-29 09:32:38,0.53,1.2045,585,0.52,1.1818,24,0.52,1.1818,1,0.525,1.1931,2902,1
SPY190830C294,2019-08-29,2019-08-29 09:32:38,0.52,1.1818,5,0.51,1.159,412,0.52,1.1818,1,0.515,1.1704,2902,0
SPY190830C294,2019-08-29,2019-08-29 09:32:39,0.52,1.1818,5,0.51,1.159,412,0.52,1.1818,1,0.515,1.1704,2902,0
SPY190830C294,2019-08-29,2019-08-29 09:32:39,0.52,1.1818,5,0.51,1.159,443,0.52,1.1818,1,0.515,1.1704,2902,0
SPY190830C294,2019-08-29,2019-08-29 09:32:40,0.52,1.1818,5,0.52,1.1818,26,0.52,1.1818,1,0.52,1.1818,2902,0
SPY190830C294,2019-08-29,2019-08-29 09:32:40,0.53,1.2045,732,0.52,1.1818,24,0.52,1.1818,1,0.525,1.1931,2902,0
SPY190830C294,2019-08-29,2019-08-29 09:32:41,0.53,1.2045,681,0.52,1.1818,24,0.52,1.1818,1,0.525,1.1931,2903,1
SPY190830C294,2019-08-29,2019-08-29 09:32:41,0.53,1.2045,681,0.52,1.1818,24,0.52,1.1818,1,0.525,1.1931,2903,0
SPY190830C294,2019-08-29,2019-08-29 09:32:42,0.53,1.2045,216,0.52,1.1818,2,0.52,1.1818,1,0.525,1.1931,2903,0
SPY190830C294,2019-08-29,2019-08-29 09:32:42,0.53,1.2045,681,0.51,1.159,400,0.52,1.1818,1,0.52,1.1818,2903,0
SPY190830C294,2019-08-29,2019-08-29 09:32:43,0.53,1.2045,8,0.52,1.1818,400,0.52,1.1818,1,0.525,1.1931,2903,0
SPY190830C294,2019-08-29,2019-08-29 09:32:43,0.53,1.2045,27,0.52,1.1818,400,0.52,1.1818,1,0.525,1.1931,2903,0
SPY190830C294,2019-08-29,2019-08-29 09:32:44,0.53,1.2045,5,0.52,1.1818,424,0.52,1.1818,1,0.525,1.1931,2903,0
SPY190830C294,2019-08-29,2019-08-29 09:32:44,0.53,1.2045,5,0.52,1.1818,466,0.52,1.1818,1,0.525,1.1931,2903,0
SPY190830C294,2019-08-29,2019-08-29 09:32:45,0.53,1.2045,5,0.52,1.1818,424,0.52,1.1818,1,0.525,1.1931,2903,0
SPY190830C294,2019-08-29,2019-08-29 09:32:46,0.53,1.2045,6,0.52,1.1818,24,0.53,1.2045,1,0.525,1.1931,2904,0
SPY190830C294,2019-08-29,2019-08-29 09:32:46,0.53,1.2045,4,0.52,1.1818,424,0.53,1.2045,1,0.525,1.1931,2904,1
SPY190830C294,2019-08-29,2019-08-29 09:32:47,0.53,1.2045,5,0.52,1.1818,34,0.52,1.1818,22,0.525,1.1931,2926,0
SPY190830C294,2019-08-29,2019-08-29 09:32:47,0.53,1.2045,10,0.52,1.1818,56,0.52,1.1818,22,0.525,1.1931,2926,22
SPY190830C294,2019-08-29,2019-08-29 09:32:48,0.53,1.2045,5,0.52,1.1818,470,0.52,1.1818,22,0.525,1.1931,2926,0
SPY190830C294,2019-08-29,2019-08-29 09:32:49,0.54,1.2272,101,0.53,1.2045,412,0.52,1.1818,22,0.535,1.2159,2926,0
SPY190830C294,2019-08-29,2019-08-29 09:32:49,0.54,1.2272,1484,0.52,1.1818,400,0.52,1.1818,22,0.53,1.2045,2926,0
SPY190830C294,2019-08-29,2019-08-29 09:32:50,0.54,1.2272,96,0.53,1.2045,400,0.52,1.1818,22,0.535,1.2159,2926,0
SPY190830C294,2019-08-29,2019-08-29 09:32:51,0.55,1.25,50,0.53,1.2045,400,0.54,1.2272,20,0.54,1.2272,2946,20
SPY190830C294,2019-08-29,2019-08-29 09:32:51,0.56,1.2727,306,0.54,1.2272,143,0.54,1.2272,20,0.55,1.25,2946,0
SPY190830C294,2019-08-29,2019-08-29 09:32:52,0.56,1.2727,105,0.55,1.25,26,0.56,1.2727,1,0.555,1.2613,2947,1
SPY190830C294,2019-08-29,2019-08-29 09:32:52,0.56,1.2727,464,0.54,1.2272,484,0.54,1.2272,20,0.55,1.25,2946,0
SPY190830C294,2019-08-29,2019-08-29 09:32:53,0.56,1.2727,10,0.55,1.25,32,0.56,1.2727,1,0.555,1.2613,2947,0
SPY190830C294,2019-08-29,2019-08-29 09:32:53,0.56,1.2727,193,0.54,1.2272,629,0.56,1.2727,1,0.55,1.25,2947,0
SPY190830C294,2019-08-29,2019-08-29 09:32:54,0.56,1.2727,101,0.55,1.25,32,0.56,1.2727,1,0.555,1.2613,2947,0
SPY190830C294,2019-08-29,2019-08-29 09:32:54,0.56,1.2727,116,0.55,1.25,32,0.56,1.2727,1,0.555,1.2613,2947,0
SPY190830C294,2019-08-29,2019-08-29 09:32:55,0.56,1.2727,217,0.54,1.2272,524,0.56,1.2727,1,0.55,1.25,2947,0
SPY190830C294,2019-08-29,2019-08-29 09:32:55,0.56,1.2727,217,0.54,1.2272,484,0.56,1.2727,1,0.55,1.25,2947,0
SPY190830C294,2019-08-29,2019-08-29 09:32:56,0.56,1.2727,205,0.55,1.25,2,0.56,1.2727,1,0.555,1.2613,2947,0
SPY190830C294,2019-08-29,2019-08-29 09:32:56,0.56,1.2727,250,0.54,1.2272,531,0.56,1.2727,1,0.55,1.25,2947,0
SPY190830C294,2019-08-29,2019-08-29 09:32:57,0.56,1.2727,205,0.54,1.2272,523,0.56,1.2727,1,0.55,1.25,2947,0
SPY190830C294,2019-08-29,2019-08-29 09:32:57,0.56,1.2727,374,0.54,1.2272,523,0.56,1.2727,1,0.55,1.25,2947,0
SPY190830C294,2019-08-29,2019-08-29 09:32:58,0.55,1.25,70,0.54,1.2272,484,0.54,1.2272,2,0.545,1.2386,2949,2
SPY190830C294,2019-08-29,2019-08-29 09:32:58,0.55,1.25,66,0.54,1.2272,484,0.54,1.2272,2,0.545,1.2386,2949,0
SPY190830C294,2019-08-29,2019-08-29 09:32:59,0.55,1.25,62,0.54,1.2272,484,0.54,1.2272,2,0.545,1.2386,2949,0
SPY190830C294,2019-08-29,2019-08-29 09:32:59,0.56,1.2727,73,0.55,1.25,2,0.56,1.2727,20,0.555,1.2613,2969,20
SPY190830C294,2019-08-29,2019-08-29 09:33:00,0.56,1.2727,166,0.55,1.25,108,0.56,1.2727,20,0.555,1.2613,2969,0
SPY190830C294,2019-08-29,2019-08-29 09:33:00,0.56,1.2727,5,0.55,1.25,513,0.56,1.2727,3,0.555,1.2613,2974,5
SPY190830C294,2019-08-29,2019-08-29 09:33:01,0.56,1.2727,58,0.55,1.25,513,0.56,1.2727,3,0.555,1.2613,2974,0
SPY190830C294,2019-08-29,2019-08-29 09:33:01,0.56,1.2727,86,0.55,1.25,26,0.57,1.2954,2,0.555,1.2613,2989,15
SPY190830C294,2019-08-29,2019-08-29 09:33:02,0.56,1.2727,152,0.54,1.2272,750,0.56,1.2727,1,0.55,1.25,2990,1
SPY190830C294,2019-08-29,2019-08-29 09:33:03,0.56,1.2727,5,0.55,1.25,482,0.56,1.2727,6,0.555,1.2613,3000,10
SPY190830C294,2019-08-29,2019-08-29 09:33:03,0.56,1.2727,91,0.55,1.25,482,0.56,1.2727,6,0.555,1.2613,3000,0
SPY190830C294,2019-08-29,2019-08-29 09:33:04,0.57,1.2954,703,0.56,1.2727,1,0.56,1.2727,6,0.565,1.284,3000,0
SPY190830C294,2019-08-29,2019-08-29 09:33:05,0.58,1.3181,576,0.56,1.2727,31,0.56,1.2727,6,0.57,1.2954,3000,0
SPY190830C294,2019-08-29,2019-08-29 09:33:05,0.57,1.2954,703,0.56,1.2727,1,0.56,1.2727,6,0.565,1.284,3000,0
SPY190830C294,2019-08-29,2019-08-29 09:33:06,0.57,1.2954,106,0.56,1.2727,400,0.56,1.2727,6,0.565,1.284,3000,0
SPY190830C294,2019-08-29,2019-08-29 09:33:07,0.57,1.2954,76,0.56,1.2727,470,0.57,1.2954,18,0.565,1.284,3031,31
SPY190830C294,2019-08-29,2019-08-29 09:33:07,0.57,1.2954,76,0.56,1.2727,470,0.57,1.2954,18,0.565,1.284,3031,0
SPY190830C294,2019-08-29,2019-08-29 09:33:08,0.57,1.2954,76,0.56,1.2727,470,0.57,1.2954,18,0.565,1.284,3031,0
SPY190830C294,2019-08-29,2019-08-29 09:33:08,0.57,1.2954,88,0.56,1.2727,470,0.57,1.2954,18,0.565,1.284,3031,0
SPY190830C294,2019-08-29,2019-08-29 09:33:09,0.57,1.2954,217,0.55,1.25,719,0.57,1.2954,18,0.56,1.2727,3031,0
SPY190830C294,2019-08-29,2019-08-29 09:33:10,0.57,1.2954,485,0.56,1.2727,24,0.57,1.2954,18,0.565,1.284,3031,0
SPY190830C294,2019-08-29,2019-08-29 09:33:11,0.56,1.2727,165,0.55,1.25,400,0.57,1.2954,18,0.555,1.2613,3031,0
SPY190830C294,2019-08-29,2019-08-29 09:33:12,0.56,1.2727,290,0.55,1.25,31,0.55,1.25,25,0.555,1.2613,3056,0
SPY190830C294,2019-08-29,2019-08-29 09:33:12,0.56,1.2727,290,0.55,1.25,31,0.55,1.25,25,0.555,1.2613,3056,25
SPY190830C294,2019-08-29,2019-08-29 09:33:13,0.56,1.2727,116,0.55,1.25,32,0.55,1.25,25,0.555,1.2613,3056,0
SPY190830C294,2019-08-29,2019-08-29 09:33:13,0.56,1.2727,10,0.55,1.25,31,0.55,1.25,25,0.555,1.2613,3056,0
SPY190830C294,2019-08-29,2019-08-29 09:33:14,0.56,1.2727,219,0.55,1.25,400,0.55,1.25,25,0.555,1.2613,3056,0
SPY190830C294,2019-08-29,2019-08-29 09:33:15,0.56,1.2727,199,0.55,1.25,410,0.55,1.25,25,0.555,1.2613,3056,0
SPY190830C294,2019-08-29,2019-08-29 09:33:15,0.56,1.2727,70,0.55,1.25,421,0.55,1.25,25,0.555,1.2613,3056,0
SPY190830C294,2019-08-29,2019-08-29 09:33:16,0.56,1.2727,5,0.55,1.25,238,0.55,1.25,25,0.555,1.2613,3056,0
SPY190830C294,2019-08-29,2019-08-29 09:33:16,0.56,1.2727,217,0.55,1.25,317,0.55,1.25,25,0.555,1.2613,3056,0
SPY190830C294,2019-08-29,2019-08-29 09:33:17,0.56,1.2727,248,0.55,1.25,317,0.56,1.2727,1,0.555,1.2613,3062,0
SPY190830C294,2019-08-29,2019-08-29 09:33:17,0.56,1.2727,330,0.55,1.25,317,0.56,1.2727,1,0.555,1.2613,3062,6
SPY190830C294,2019-08-29,2019-08-29 09:33:18,0.56,1.2727,124,0.55,1.25,468,0.56,1.2727,1,0.555,1.2613,3062,0
SPY190830C294,2019-08-29,2019-08-29 09:33:18,0.56,1.2727,270,0.55,1.25,59,0.56,1.2727,1,0.555,1.2613,3062,0
SPY190830C294,2019-08-29,2019-08-29 09:33:19,0.56,1.2727,124,0.55,1.25,323,0.55,1.25,1,0.555,1.2613,3063,1
SPY190830C294,2019-08-29,2019-08-29 09:33:19,0.56,1.2727,124,0.55,1.25,418,0.56,1.2727,1,0.555,1.2613,3062,0
SPY190830C294,2019-08-29,2019-08-29 09:33:20,0.57,1.2954,272,0.56,1.2727,400,0.56,1.2727,50,0.565,1.284,3113,0
SPY190830C294,2019-08-29,2019-08-29 09:33:20,0.57,1.2954,600,0.55,1.25,390,0.56,1.2727,50,0.56,1.2727,3113,50
SPY190830C294,2019-08-29,2019-08-29 09:33:21,0.57,1.2954,258,0.56,1.2727,20,0.56,1.2727,50,0.565,1.284,3113,0
SPY190830C294,2019-08-29,2019-08-29 09:33:21,0.57,1.2954,326,0.56,1.2727,20,0.56,1.2727,50,0.565,1.284,3113,0
SPY190830C294,2019-08-29,2019-08-29 09:33:22,0.57,1.2954,258,0.56,1.2727,56,0.56,1.2727,50,0.565,1.284,3113,0
SPY190830C294,2019-08-29,2019-08-29 09:33:23,0.57,1.2954,258,0.56,1.2727,56,0.57,1.2954,1,0.565,1.284,3114,1
SPY190830C294,2019-08-29,2019-08-29 09:33:23,0.57,1.2954,258,0.56,1.2727,70,0.57,1.2954,1,0.565,1.284,3114,0
SPY190830C294,2019-08-29,2019-08-29 09:33:24,0.57,1.2954,30,0.56,1.2727,534,0.57,1.2954,1,0.565,1.284,3114,0
SPY190830C294,2019-08-29,2019-08-29 09:33:24,0.57,1.2954,30,0.56,1.2727,561,0.57,1.2954,1,0.565,1.284,3114,0
SPY190830C294,2019-08-29,2019-08-29 09:33:25,0.57,1.2954,30,0.56,1.2727,442,0.57,1.2954,1,0.565,1.284,3114,0
SPY190830C294,2019-08-29,2019-08-29 09:33:25,0.57,1.2954,98,0.56,1.2727,430,0.57,1.2954,1,0.565,1.284,3114,0
SPY190830C294,2019-08-29,2019-08-29 09:33:26,0.57,1.2954,101,0.56,1.2727,30,0.57,1.2954,1,0.565,1.284,3114,0
SPY190830C294,2019-08-29,2019-08-29 09:33:27,0.57,1.2954,173,0.56,1.2727,430,0.57,1.2954,1,0.565,1.284,3115,0
SPY190830C294,2019-08-29,2019-08-29 09:33:27,0.57,1.2954,173,0.56,1.2727,48,0.57,1.2954,1,0.565,1.284,3115,1
SPY190830C294,2019-08-29,2019-08-29 09:33:28,0.57,1.2954,162,0.56,1.2727,430,0.57,1.2954,1,0.565,1.284,3115,0
SPY190830C294,2019-08-29,2019-08-29 09:33:29,0.57,1.2954,409,0.56,1.2727,30,0.57,1.2954,1,0.565,1.284,3115,0
SPY190830C294,2019-08-29,2019-08-29 09:33:29,0.57,1.2954,122,0.56,1.2727,30,0.57,1.2954,1,0.565,1.284,3115,0
SPY190830C294,2019-08-29,2019-08-29 09:33:30,0.57,1.2954,2,0.56,1.2727,609,0.56,1.2727,30,0.565,1.284,3145,30
SPY190830C294,2019-08-29,2019-08-29 09:33:30,0.57,1.2954,2,0.56,1.2727,609,0.56,1.2727,30,0.565,1.284,3145,0
SPY190830C294,2019-08-29,2019-08-29 09:33:31,0.57,1.2954,2,0.56,1.2727,693,0.56,1.2727,30,0.565,1.284,3145,0
SPY190830C294,2019-08-29,2019-08-29 09:33:31,0.58,1.3181,235,0.57,1.2954,19,0.57,1.2954,2,0.575,1.3068,3147,2
SPY190830C294,2019-08-29,2019-08-29 09:33:32,0.58,1.3181,269,0.57,1.2954,19,0.57,1.2954,2,0.575,1.3068,3147,0
SPY190830C294,2019-08-29,2019-08-29 09:33:32,0.58,1.3181,386,0.57,1.2954,19,0.57,1.2954,2,0.575,1.3068,3147,0
SPY190830C294,2019-08-29,2019-08-29 09:33:33,0.58,1.3181,261,0.57,1.2954,3,0.58,1.3181,2,0.575,1.3068,3162,15
SPY190830C294,2019-08-29,2019-08-29 09:33:34,0.58,1.3181,149,0.57,1.2954,3,0.58,1.3181,2,0.575,1.3068,3162,0
SPY190830C294,2019-08-29,2019-08-29 09:33:34,0.58,1.3181,233,0.57,1.2954,3,0.58,1.3181,2,0.575,1.3068,3162,0
SPY190830C294,2019-08-29,2019-08-29 09:33:35,0.58,1.3181,468,0.57,1.2954,49,0.58,1.3181,2,0.575,1.3068,3162,0
SPY190830C294,2019-08-29,2019-08-29 09:33:35,0.58,1.3181,371,0.57,1.2954,3,0.58,1.3181,2,0.575,1.3068,3162,0
SPY190830C294,2019-08-29,2019-08-29 09:33:36,0.58,1.3181,381,0.57,1.2954,3,0.58,1.3181,2,0.575,1.3068,3164,2
SPY190830C294,2019-08-29,2019-08-29 09:33:36,0.58,1.3181,403,0.57,1.2954,49,0.58,1.3181,2,0.575,1.3068,3162,0
SPY190830C294,2019-08-29,2019-08-29 09:33:37,0.58,1.3181,381,0.57,1.2954,27,0.58,1.3181,2,0.575,1.3068,3164,0
SPY190830C294,2019-08-29,2019-08-29 09:33:37,0.58,1.3181,381,0.57,1.2954,3,0.58,1.3181,2,0.575,1.3068,3164,0
SPY190830C294,2019-08-29,2019-08-29 09:33:38,0.58,1.3181,860,0.57,1.2954,3,0.57,1.2954,3,0.575,1.3068,3169,5
SPY190830C294,2019-08-29,2019-08-29 09:33:38,0.58,1.3181,606,0.57,1.2954,3,0.58,1.3181,2,0.575,1.3068,3164,0
SPY190830C294,2019-08-29,2019-08-29 09:33:39,0.58,1.3181,1486,0.57,1.2954,3,0.57,1.2954,3,0.575,1.3068,3169,0
SPY190830C294,2019-08-29,2019-08-29 09:33:40,0.58,1.3181,1486,0.57,1.2954,1,0.57,1.2954,3,0.575,1.3068,3169,0
SPY190830C294,2019-08-29,2019-08-29 09:33:41,0.57,1.2954,55,0.56,1.2727,30,0.57,1.2954,1,0.565,1.284,3170,0
SPY190830C294,2019-08-29,2019-08-29 09:33:41,0.57,1.2954,49,0.57,1.2954,1,0.57,1.2954,1,0.57,1.2954,3170,1
SPY190830C294,2019-08-29,2019-08-29 09:33:42,0.57,1.2954,49,0.56,1.2727,30,0.57,1.2954,1,0.565,1.284,3170,0
SPY190830C294,2019-08-29,2019-08-29 09:33:42,0.57,1.2954,73,0.56,1.2727,30,0.57,1.2954,1,0.565,1.284,3170,0
SPY190830C294,2019-08-29,2019-08-29 09:33:43,0.57,1.2954,49,0.56,1.2727,51,0.57,1.2954,1,0.565,1.284,3170,0
SPY190830C294,2019-08-29,2019-08-29 09:33:43,0.57,1.2954,74,0.56,1.2727,51,0.57,1.2954,1,0.565,1.284,3170,0
SPY190830C294,2019-08-29,2019-08-29 09:33:44,0.57,1.2954,144,0.56,1.2727,30,0.57,1.2954,1,0.565,1.284,3170,0
SPY190830C294,2019-08-29,2019-08-29 09:33:44,0.57,1.2954,540,0.56,1.2727,30,0.57,1.2954,1,0.565,1.284,3170,0
SPY190830C294,2019-08-29,2019-08-29 09:33:45,0.57,1.2954,900,0.56,1.2727,30,0.57,1.2954,1,0.565,1.284,3170,0
SPY190830C294,2019-08-29,2019-08-29 09:33:45,0.57,1.2954,441,0.56,1.2727,30,0.57,1.2954,1,0.565,1.284,3170,0
SPY190830C294,2019-08-29,2019-08-29 09:33:46,0.57,1.2954,192,0.56,1.2727,30,0.57,1.2954,1,0.565,1.284,3170,0
SPY190830C294,2019-08-29,2019-08-29 09:33:46,0.57,1.2954,460,0.56,1.2727,30,0.57,1.2954,1,0.565,1.284,3170,0
SPY190830C294,2019-08-29,2019-08-29 09:33:47,0.57,1.2954,412,0.56,1.2727,30,0.57,1.2954,1,0.565,1.284,3170,0
SPY190830C294,2019-08-29,2019-08-29 09:33:47,0.57,1.2954,288,0.56,1.2727,30,0.57,1.2954,1,0.565,1.284,3170,0
SPY190830C294,2019-08-29,2019-08-29 09:33:48,0.57,1.2954,412,0.56,1.2727,30,0.57,1.2954,1,0.565,1.284,3170,0
SPY190830C294,2019-08-29,2019-08-29 09:33:48,0.57,1.2954,897,0.56,1.2727,25,0.56,1.2727,5,0.565,1.284,3175,5
SPY190830C294,2019-08-29,2019-08-29 09:33:49,0.57,1.2954,897,0.56,1.2727,25,0.56,1.2727,5,0.565,1.284,3175,0
SPY190830C294,2019-08-29,2019-08-29 09:33:49,0.57,1.2954,49,0.56,1.2727,42,0.56,1.2727,5,0.565,1.284,3175,0
SPY190830C294,2019-08-29,2019-08-29 09:33:50,0.57,1.2954,49,0.56,1.2727,42,0.56,1.2727,5,0.565,1.284,3175,0
SPY190830C294,2019-08-29,2019-08-29 09:33:50,0.57,1.2954,49,0.56,1.2727,621,0.56,1.2727,5,0.565,1.284,3175,0
SPY190830C294,2019-08-29,2019-08-29 09:33:51,0.57,1.2954,49,0.56,1.2727,619,0.56,1.2727,18,0.565,1.284,3193,0
SPY190830C294,2019-08-29,2019-08-29 09:33:51,0.57,1.2954,49,0.56,1.2727,746,0.56,1.2727,18,0.565,1.284,3193,18
SPY190830C294,2019-08-29,2019-08-29 09:33:52,0.57,1.2954,49,0.56,1.2727,686,0.56,1.2727,18,0.565,1.284,3193,0
SPY190830C294,2019-08-29,2019-08-29 09:33:53,0.57,1.2954,49,0.56,1.2727,617,0.56,1.2727,18,0.565,1.284,3193,0
SPY190830C294,2019-08-29,2019-08-29 09:33:53,0.57,1.2954,49,0.56,1.2727,484,0.56,1.2727,18,0.565,1.284,3193,0
SPY190830C294,2019-08-29,2019-08-29 09:33:54,0.57,1.2954,49,0.56,1.2727,617,0.56,1.2727,18,0.565,1.284,3193,0
SPY190830C294,2019-08-29,2019-08-29 09:33:55,0.57,1.2954,49,0.56,1.2727,601,0.56,1.2727,18,0.565,1.284,3193,0
SPY190830C294,2019-08-29,2019-08-29 09:33:55,0.57,1.2954,49,0.56,1.2727,617,0.56,1.2727,18,0.565,1.284,3193,0
SPY190830C294,2019-08-29,2019-08-29 09:33:56,0.57,1.2954,48,0.56,1.2727,601,0.57,1.2954,1,0.565,1.284,3194,1
SPY190830C294,2019-08-29,2019-08-29 09:33:56,0.57,1.2954,48,0.56,1.2727,484,0.57,1.2954,1,0.565,1.284,3194,0
SPY190830C294,2019-08-29,2019-08-29 09:33:57,0.57,1.2954,48,0.56,1.2727,400,0.57,1.2954,1,0.565,1.284,3194,0
SPY190830C294,2019-08-29,2019-08-29 09:33:58,0.57,1.2954,102,0.56,1.2727,84,0.57,1.2954,1,0.565,1.284,3194,0
SPY190830C294,2019-08-29,2019-08-29 09:33:58,0.57,1.2954,72,0.56,1.2727,84,0.57,1.2954,1,0.565,1.284,3194,0
SPY190830C294,2019-08-29,2019-08-29 09:33:59,0.57,1.2954,378,0.56,1.2727,25,0.57,1.2954,1,0.565,1.284,3194,0
SPY190830C294,2019-08-29,2019-08-29 09:34:00,0.57,1.2954,48,0.56,1.2727,400,0.57,1.2954,1,0.565,1.284,3194,0
SPY190830C294,2019-08-29,2019-08-29 09:34:00,0.57,1.2954,48,0.56,1.2727,73,0.57,1.2954,1,0.565,1.284,3194,0
SPY190830C294,2019-08-29,2019-08-29 09:34:01,0.57,1.2954,92,0.56,1.2727,39,0.57,1.2954,1,0.565,1.284,3194,0
SPY190830C294,2019-08-29,2019-08-29 09:34:01,0.57,1.2954,48,0.56,1.2727,39,0.57,1.2954,1,0.565,1.284,3194,0
SPY190830C294,2019-08-29,2019-08-29 09:34:02,0.57,1.2954,267,0.56,1.2727,433,0.56,1.2727,2,0.565,1.284,3196,0
SPY190830C294,2019-08-29,2019-08-29 09:34:02,0.57,1.2954,267,0.56,1.2727,400,0.56,1.2727,2,0.565,1.284,3196,2
SPY190830C294,2019-08-29,2019-08-29 09:34:03,0.57,1.2954,158,0.56,1.2727,433,0.56,1.2727,2,0.565,1.284,3196,0
SPY190830C294,2019-08-29,2019-08-29 09:34:03,0.57,1.2954,238,0.56,1.2727,433,0.56,1.2727,2,0.565,1.284,3196,0
SPY190830C294,2019-08-29,2019-08-29 09:34:04,0.57,1.2954,261,0.56,1.2727,433,0.56,1.2727,2,0.565,1.284,3196,0
SPY190830C294,2019-08-29,2019-08-29 09:34:04,0.57,1.2954,188,0.56,1.2727,433,0.56,1.2727,2,0.565,1.284,3196,0
SPY190830C294,2019-08-29,2019-08-29 09:34:05,0.57,1.2954,261,0.56,1.2727,433,0.56,1.2727,2,0.565,1.284,3196,0
SPY190830C294,2019-08-29,2019-08-29 09:34:05,0.57,1.2954,109,0.56,1.2727,433,0.56,1.2727,2,0.565,1.284,3196,0
SPY190830C294,2019-08-29,2019-08-29 09:34:06,0.57,1.2954,109,0.56,1.2727,433,0.56,1.2727,2,0.565,1.284,3196,0
SPY190830C294,2019-08-29,2019-08-29 09:34:07,0.57,1.2954,109,0.56,1.2727,433,0.56,1.2727,2,0.565,1.284,3196,0
SPY190830C294,2019-08-29,2019-08-29 09:34:07,0.57,1.2954,107,0.56,1.2727,433,0.56,1.2727,2,0.565,1.284,3196,0
SPY190830C294,2019-08-29,2019-08-29 09:34:08,0.57,1.2954,107,0.56,1.2727,433,0.56,1.2727,10,0.565,1.284,3206,0
SPY190830C294,2019-08-29,2019-08-29 09:34:08,0.57,1.2954,107,0.56,1.2727,433,0.56,1.2727,10,0.565,1.284,3206,10
SPY190830C294,2019-08-29,2019-08-29 09:34:09,0.57,1.2954,48,0.56,1.2727,506,0.56,1.2727,10,0.565,1.284,3206,0
SPY190830C294,2019-08-29,2019-08-29 09:34:09,0.57,1.2954,48,0.56,1.2727,538,0.56,1.2727,10,0.565,1.284,3206,0
SPY190830C294,2019-08-29,2019-08-29 09:34:10,0.57,1.2954,53,0.56,1.2727,471,0.56,1.2727,10,0.565,1.284,3206,0
SPY190830C294,2019-08-29,2019-08-29 09:34:10,0.57,1.2954,90,0.56,1.2727,478,0.56,1.2727,10,0.565,1.284,3206,0
SPY190830C294,2019-08-29,2019-08-29 09:34:11,0.57,1.2954,93,0.56,1.2727,471,0.56,1.2727,10,0.565,1.284,3206,0
SPY190830C294,2019-08-29,2019-08-29 09:34:11,0.57,1.2954,119,0.56,1.2727,436,0.56,1.2727,10,0.565,1.284,3206,0
SPY190830C294,2019-08-29,2019-08-29 09:34:12,0.57,1.2954,48,0.56,1.2727,474,0.56,1.2727,10,0.565,1.284,3206,0
SPY190830C294,2019-08-29,2019-08-29 09:34:12,0.57,1.2954,48,0.56,1.2727,594,0.56,1.2727,10,0.565,1.284,3206,0
SPY190830C294,2019-08-29,2019-08-29 09:34:13,0.57,1.2954,48,0.56,1.2727,533,0.56,1.2727,10,0.565,1.284,3206,0
SPY190830C294,2019-08-29,2019-08-29 09:34:13,0.57,1.2954,79,0.56,1.2727,437,0.56,1.2727,10,0.565,1.284,3206,0
SPY190830C294,2019-08-29,2019-08-29 09:34:14,0.57,1.2954,82,0.56,1.2727,437,0.56,1.2727,10,0.565,1.284,3206,0
SPY190830C294,2019-08-29,2019-08-29 09:34:15,0.57,1.2954,82,0.56,1.2727,437,0.56,1.2727,3,0.565,1.284,3209,3
SPY190830C294,2019-08-29,2019-08-29 09:34:15,0.57,1.2954,53,0.56,1.2727,483,0.56,1.2727,3,0.565,1.284,3209,0
SPY190830C294,2019-08-29,2019-08-29 09:34:16,0.57,1.2954,53,0.56,1.2727,478,0.56,1.2727,3,0.565,1.284,3209,0
SPY190830C294,2019-08-29,2019-08-29 09:34:16,0.57,1.2954,48,0.56,1.2727,476,0.56,1.2727,3,0.565,1.284,3209,0
SPY190830C294,2019-08-29,2019-08-29 09:34:17,0.57,1.2954,53,0.56,1.2727,476,0.56,1.2727,2,0.565,1.284,3211,0
SPY190830C294,2019-08-29,2019-08-29 09:34:17,0.57,1.2954,53,0.56,1.2727,476,0.56,1.2727,2,0.565,1.284,3211,2
SPY190830C294,2019-08-29,2019-08-29 09:34:18,0.57,1.2954,304,0.56,1.2727,25,0.56,1.2727,2,0.565,1.284,3211,0
SPY190830C294,2019-08-29,2019-08-29 09:34:19,0.57,1.2954,697,0.56,1.2727,25,0.56,1.2727,2,0.565,1.284,3213,0
SPY190830C294,2019-08-29,2019-08-29 09:34:19,0.57,1.2954,304,0.56,1.2727,25,0.56,1.2727,2,0.565,1.284,3213,2
SPY190830C294,2019-08-29,2019-08-29 09:34:20,0.57,1.2954,1228,0.56,1.2727,25,0.56,1.2727,2,0.565,1.284,3213,0
SPY190830C294,2019-08-29,2019-08-29 09:34:20,0.57,1.2954,870,0.56,1.2727,25,0.56,1.2727,2,0.565,1.284,3213,0
SPY190830C294,2019-08-29,2019-08-29 09:34:21,0.57,1.2954,1411,0.56,1.2727,24,0.56,1.2727,1,0.565,1.284,3214,0
SPY190830C294,2019-08-29,2019-08-29 09:34:21,0.57,1.2954,1411,0.56,1.2727,25,0.56,1.2727,1,0.565,1.284,3214,1
SPY190830C294,2019-08-29,2019-08-29 09:34:22,0.56,1.2727,267,0.55,1.25,5,0.56,1.2727,24,0.555,1.2613,3268,54
SPY190830C294,2019-08-29,2019-08-29 09:34:22,0.56,1.2727,690,0.55,1.25,5,0.56,1.2727,24,0.555,1.2613,3268,0
SPY190830C294,2019-08-29,2019-08-29 09:34:23,0.56,1.2727,437,0.55,1.25,5,0.56,1.2727,24,0.555,1.2613,3268,0
SPY190830C294,2019-08-29,2019-08-29 09:34:23,0.56,1.2727,437,0.55,1.25,6,0.56,1.2727,24,0.555,1.2613,3268,0
SPY190830C294,2019-08-29,2019-08-29 09:34:24,0.56,1.2727,835,0.55,1.25,5,0.56,1.2727,24,0.555,1.2613,3268,0
SPY190830C294,2019-08-29,2019-08-29 09:34:25,0.55,1.25,256,0.54,1.2272,12,0.55,1.25,5,0.545,1.2386,3273,5
SPY190830C294,2019-08-29,2019-08-29 09:34:25,0.55,1.25,256,0.54,1.2272,12,0.55,1.25,5,0.545,1.2386,3273,0
SPY190830C294,2019-08-29,2019-08-29 09:34:26,0.55,1.25,256,0.54,1.2272,12,0.55,1.25,5,0.545,1.2386,3273,0
SPY190830C294,2019-08-29,2019-08-29 09:34:26,0.55,1.25,418,0.54,1.2272,14,0.55,1.25,5,0.545,1.2386,3273,0
SPY190830C294,2019-08-29,2019-08-29 09:34:27,0.54,1.2272,5,0.52,1.1818,714,0.54,1.2272,5,0.53,1.2045,3278,0
SPY190830C294,2019-08-29,2019-08-29 09:34:27,0.55,1.25,418,0.54,1.2272,9,0.54,1.2272,5,0.545,1.2386,3278,5
SPY190830C294,2019-08-29,2019-08-29 09:34:28,0.54,1.2272,5,0.53,1.2045,65,0.54,1.2272,5,0.535,1.2159,3278,0
SPY190830C294,2019-08-29,2019-08-29 09:34:28,0.54,1.2272,5,0.53,1.2045,77,0.54,1.2272,5,0.535,1.2159,3278,0
SPY190830C294,2019-08-29,2019-08-29 09:34:29,0.54,1.2272,5,0.53,1.2045,78,0.54,1.2272,5,0.535,1.2159,3278,0
SPY190830C294,2019-08-29,2019-08-29 09:34:29,0.55,1.25,880,0.54,1.2272,6,0.54,1.2272,5,0.545,1.2386,3278,0
SPY190830C294,2019-08-29,2019-08-29 09:34:30,0.55,1.25,880,0.53,1.2045,237,0.54,1.2272,5,0.54,1.2272,3278,0
SPY190830C294,2019-08-29,2019-08-29 09:34:31,0.56,1.2727,147,0.54,1.2272,2,0.54,1.2272,5,0.55,1.25,3278,0
SPY190830C294,2019-08-29,2019-08-29 09:34:31,0.55,1.25,880,0.54,1.2272,2,0.54,1.2272,5,0.545,1.2386,3278,0
SPY190830C294,2019-08-29,2019-08-29 09:34:32,0.56,1.2727,5,0.55,1.25,50,0.54,1.2272,5,0.555,1.2613,3278,0
SPY190830C294,2019-08-29,2019-08-29 09:34:32,0.56,1.2727,10,0.54,1.2272,97,0.54,1.2272,5,0.55,1.25,3278,0
SPY190830C294,2019-08-29,2019-08-29 09:34:33,0.56,1.2727,158,0.55,1.25,26,0.54,1.2272,5,0.555,1.2613,3278,0
SPY190830C294,2019-08-29,2019-08-29 09:34:34,0.56,1.2727,158,0.55,1.25,26,0.54,1.2272,5,0.555,1.2613,3278,0
SPY190830C294,2019-08-29,2019-08-29 09:34:35,0.56,1.2727,158,0.55,1.25,26,0.56,1.2727,10,0.555,1.2613,3288,10
SPY190830C294,2019-08-29,2019-08-29 09:34:35,0.57,1.2954,221,0.55,1.25,26,0.56,1.2727,10,0.56,1.2727,3288,0
SPY190830C294,2019-08-29,2019-08-29 09:34:36,0.57,1.2954,312,0.55,1.25,209,0.56,1.2727,10,0.56,1.2727,3288,0
SPY190830C294,2019-08-29,2019-08-29 09:34:36,0.57,1.2954,774,0.55,1.25,209,0.56,1.2727,10,0.56,1.2727,3288,0
SPY190830C294,2019-08-29,2019-08-29 09:34:37,0.56,1.2727,1,0.54,1.2272,628,0.56,1.2727,10,0.55,1.25,3288,0
SPY190830C294,2019-08-29,2019-08-29 09:34:37,0.57,1.2954,731,0.55,1.25,209,0.56,1.2727,10,0.56,1.2727,3288,0
SPY190830C294,2019-08-29,2019-08-29 09:34:38,0.56,1.2727,6,0.55,1.25,24,0.56,1.2727,10,0.555,1.2613,3288,0
SPY190830C294,2019-08-29,2019-08-29 09:34:38,0.56,1.2727,6,0.54,1.2272,628,0.56,1.2727,10,0.55,1.25,3288,0
SPY190830C294,2019-08-29,2019-08-29 09:34:39,0.56,1.2727,6,0.55,1.25,24,0.56,1.2727,10,0.555,1.2613,3288,0
SPY190830C294,2019-08-29,2019-08-29 09:34:39,0.56,1.2727,6,0.55,1.25,24,0.56,1.2727,1,0.555,1.2613,3289,1
SPY190830C294,2019-08-29,2019-08-29 09:34:40,0.56,1.2727,6,0.55,1.25,24,0.56,1.2727,1,0.555,1.2613,3289,0
SPY190830C294,2019-08-29,2019-08-29 09:34:40,0.56,1.2727,266,0.54,1.2272,188,0.56,1.2727,1,0.55,1.25,3289,0
SPY190830C294,2019-08-29,2019-08-29 09:34:41,0.56,1.2727,417,0.54,1.2272,188,0.56,1.2727,1,0.55,1.25,3289,0
SPY190830C294,2019-08-29,2019-08-29 09:34:41,0.56,1.2727,661,0.54,1.2272,124,0.56,1.2727,1,0.55,1.25,3289,0
SPY190830C294,2019-08-29,2019-08-29 09:34:42,0.56,1.2727,661,0.54,1.2272,124,0.56,1.2727,1,0.55,1.25,3289,0
SPY190830C294,2019-08-29,2019-08-29 09:34:42,0.56,1.2727,110,0.55,1.25,6,0.56,1.2727,1,0.555,1.2613,3289,0
SPY190830C294,2019-08-29,2019-08-29 09:34:43,0.56,1.2727,149,0.55,1.25,24,0.56,1.2727,1,0.555,1.2613,3289,0
SPY190830C294,2019-08-29,2019-08-29 09:34:43,0.56,1.2727,205,0.54,1.2272,139,0.56,1.2727,1,0.55,1.25,3289,0
SPY190830C294,2019-08-29,2019-08-29 09:34:44,0.56,1.2727,385,0.54,1.2272,223,0.56,1.2727,1,0.55,1.25,3289,0
SPY190830C294,2019-08-29,2019-08-29 09:34:44,0.56,1.2727,385,0.54,1.2272,259,0.56,1.2727,1,0.55,1.25,3289,0
SPY190830C294,2019-08-29,2019-08-29 09:34:45,0.56,1.2727,385,0.55,1.25,12,0.56,1.2727,1,0.555,1.2613,3289,0
SPY190830C294,2019-08-29,2019-08-29 09:34:45,0.56,1.2727,266,0.55,1.25,24,0.56,1.2727,1,0.555,1.2613,3289,0
SPY190830C294,2019-08-29,2019-08-29 09:34:46,0.56,1.2727,289,0.55,1.25,12,0.56,1.2727,1,0.555,1.2613,3289,0
SPY190830C294,2019-08-29,2019-08-29 09:34:47,0.56,1.2727,289,0.55,1.25,36,0.56,1.2727,1,0.555,1.2613,3289,0
SPY190830C294,2019-08-29,2019-08-29 09:34:47,0.56,1.2727,1,0.55,1.25,55,0.56,1.2727,1,0.555,1.2613,3289,0
SPY190830C294,2019-08-29,2019-08-29 09:34:48,0.56,1.2727,1,0.55,1.25,88,0.56,1.2727,1,0.555,1.2613,3289,0
SPY190830C294,2019-08-29,2019-08-29 09:34:48,0.56,1.2727,6,0.55,1.25,66,0.56,1.2727,1,0.555,1.2613,3289,0
SPY190830C294,2019-08-29,2019-08-29 09:34:49,0.56,1.2727,1,0.55,1.25,64,0.56,1.2727,1,0.555,1.2613,3289,0
SPY190830C294,2019-08-29,2019-08-29 09:34:49,0.56,1.2727,6,0.55,1.25,37,0.56,1.2727,1,0.555,1.2613,3289,0
SPY190830C294,2019-08-29,2019-08-29 09:34:50,0.56,1.2727,6,0.55,1.25,91,0.56,1.2727,1,0.555,1.2613,3289,0
SPY190830C294,2019-08-29,2019-08-29 09:34:50,0.56,1.2727,24,0.54,1.2272,671,0.56,1.2727,1,0.55,1.25,3289,0
SPY190830C294,2019-08-29,2019-08-29 09:34:51,0.56,1.2727,24,0.55,1.25,24,0.56,1.2727,3,0.555,1.2613,3292,3
SPY190830C294,2019-08-29,2019-08-29 09:34:51,0.56,1.2727,458,0.55,1.25,24,0.56,1.2727,3,0.555,1.2613,3292,0
SPY190830C294,2019-08-29,2019-08-29 09:34:52,0.56,1.2727,90,0.55,1.25,24,0.56,1.2727,3,0.555,1.2613,3292,0
SPY190830C294,2019-08-29,2019-08-29 09:34:53,0.55,1.25,5,0.54,1.2272,797,0.56,1.2727,3,0.545,1.2386,3292,0
SPY190830C294,2019-08-29,2019-08-29 09:34:53,0.56,1.2727,264,0.54,1.2272,797,0.56,1.2727,3,0.55,1.25,3292,0
SPY190830C294,2019-08-29,2019-08-29 09:34:54,0.55,1.25,5,0.54,1.2272,541,0.56,1.2727,3,0.545,1.2386,3292,0
SPY190830C294,2019-08-29,2019-08-29 09:34:55,0.55,1.25,5,0.54,1.2272,821,0.56,1.2727,3,0.545,1.2386,3292,0
SPY190830C294,2019-08-29,2019-08-29 09:34:56,0.55,1.25,5,0.54,1.2272,905,0.56,1.2727,3,0.545,1.2386,3292,0
SPY190830C294,2019-08-29,2019-08-29 09:34:56,0.55,1.25,5,0.54,1.2272,541,0.56,1.2727,3,0.545,1.2386,3292,0
SPY190830C294,2019-08-29,2019-08-29 09:34:57,0.55,1.25,5,0.54,1.2272,1073,0.55,1.25,5,0.545,1.2386,3297,5
SPY190830C294,2019-08-29,2019-08-29 09:34:57,0.56,1.2727,1,0.55,1.25,515,0.55,1.25,5,0.555,1.2613,3297,0
SPY190830C294,2019-08-29,2019-08-29 09:34:58,0.56,1.2727,1,0.55,1.25,515,0.55,1.25,5,0.555,1.2613,3297,0
SPY190830C294,2019-08-29,2019-08-29 09:34:58,0.56,1.2727,24,0.55,1.25,515,0.55,1.25,5,0.555,1.2613,3297,0
SPY190830C294,2019-08-29,2019-08-29 09:34:59,0.56,1.2727,6,0.55,1.25,12,0.55,1.25,5,0.555,1.2613,3297,0
SPY190830C294,2019-08-29,2019-08-29 09:34:59,0.56,1.2727,24,0.55,1.25,677,0.55,1.25,5,0.555,1.2613,3297,0
SPY190830C294,2019-08-29,2019-08-29 09:35:00,0.56,1.2727,1,0.55,1.25,167,0.55,1.25,5,0.555,1.2613,3297,0
SPY190830C294,2019-08-29,2019-08-29 09:35:00,0.57,1.2954,48,0.56,1.2727,205,0.56,1.2727,1,0.565,1.284,3298,1
SPY190830C294,2019-08-29,2019-08-29 09:35:01,0.59,1.3409,72,0.57,1.2954,10,0.57,1.2954,3,0.58,1.3181,3353,55
SPY190830C294,2019-08-29,2019-08-29 09:35:01,0.57,1.2954,48,0.56,1.2727,165,0.56,1.2727,1,0.565,1.284,3298,0
SPY190830C294,2019-08-29,2019-08-29 09:35:02,0.59,1.3409,238,0.57,1.2954,137,0.57,1.2954,2,0.58,1.3181,3355,2
SPY190830C294,2019-08-29,2019-08-29 09:35:02,0.59,1.3409,238,0.57,1.2954,137,0.57,1.2954,2,0.58,1.3181,3355,0
SPY190830C294,2019-08-29,2019-08-29 09:35:03,0.59,1.3409,222,0.58,1.3181,24,0.59,1.3409,1,0.585,1.3295,3364,9
SPY190830C294,2019-08-29,2019-08-29 09:35:03,0.59,1.3409,366,0.58,1.3181,24,0.57,1.2954,2,0.585,1.3295,3355,0
SPY190830C294,2019-08-29,2019-08-29 09:35:04,0.59,1.3409,142,0.58,1.3181,24,0.59,1.3409,1,0.585,1.3295,3364,0
SPY190830C294,2019-08-29,2019-08-29 09:35:04,0.59,1.3409,142,0.58,1.3181,56,0.59,1.3409,1,0.585,1.3295,3364,0
SPY190830C294,2019-08-29,2019-08-29 09:35:05,0.59,1.3409,142,0.58,1.3181,69,0.59,1.3409,1,0.585,1.3295,3364,0
SPY190830C294,2019-08-29,2019-08-29 09:35:05,0.59,1.3409,142,0.58,1.3181,26,0.59,1.3409,1,0.585,1.3295,3364,0
SPY190830C294,2019-08-29,2019-08-29 09:35:06,0.58,1.3181,186,0.56,1.2727,104,0.58,1.3181,20,0.57,1.2954,3384,0
SPY190830C294,2019-08-29,2019-08-29 09:35:06,0.58,1.3181,400,0.55,1.25,27,0.58,1.3181,20,0.565,1.284,3384,20
SPY190830C294,2019-08-29,2019-08-29 09:35:07,0.58,1.3181,5,0.57,1.2954,10,0.58,1.3181,20,0.575,1.3068,3384,0
SPY190830C294,2019-08-29,2019-08-29 09:35:07,0.58,1.3181,5,0.57,1.2954,5,0.58,1.3181,20,0.575,1.3068,3384,0
SPY190830C294,2019-08-29,2019-08-29 09:35:08,0.58,1.3181,6,0.57,1.2954,6,0.59,1.3409,1,0.575,1.3068,3385,0
SPY190830C294,2019-08-29,2019-08-29 09:35:08,0.58,1.3181,1,0.57,1.2954,1,0.59,1.3409,1,0.575,1.3068,3385,1
SPY190830C294,2019-08-29,2019-08-29 09:35:09,0.58,1.3181,6,0.57,1.2954,6,0.59,1.3409,1,0.575,1.3068,3385,0
SPY190830C294,2019-08-29,2019-08-29 09:35:09,0.58,1.3181,70,0.56,1.2727,533,0.59,1.3409,1,0.57,1.2954,3385,0
SPY190830C294,2019-08-29,2019-08-29 09:35:10,0.58,1.3181,261,0.57,1.2954,12,0.58,1.3181,3,0.575,1.3068,3388,3
SPY190830C294,2019-08-29,2019-08-29 09:35:10,0.58,1.3181,261,0.57,1.2954,12,0.59,1.3409,1,0.575,1.3068,3385,0
SPY190830C294,2019-08-29,2019-08-29 09:35:11,0.58,1.3181,261,0.57,1.2954,12,0.58,1.3181,3,0.575,1.3068,3388,0
SPY190830C294,2019-08-29,2019-08-29 09:35:11,0.58,1.3181,262,0.56,1.2727,400,0.58,1.3181,3,0.57,1.2954,3388,0
SPY190830C294,2019-08-29,2019-08-29 09:35:12,0.58,1.3181,147,0.56,1.2727,36,0.58,1.3181,3,0.57,1.2954,3388,0
SPY190830C294,2019-08-29,2019-08-29 09:35:12,0.58,1.3181,261,0.56,1.2727,526,0.58,1.3181,3,0.57,1.2954,3388,0
SPY190830C294,2019-08-29,2019-08-29 09:35:13,0.57,1.2954,6,0.56,1.2727,73,0.58,1.3181,3,0.565,1.284,3388,0
SPY190830C294,2019-08-29,2019-08-29 09:35:13,0.57,1.2954,5,0.56,1.2727,60,0.58,1.3181,3,0.565,1.284,3388,0
SPY190830C294,2019-08-29,2019-08-29 09:35:14,0.57,1.2954,100,0.56,1.2727,68,0.57,1.2954,3,0.565,1.284,3391,3
SPY190830C294,2019-08-29,2019-08-29 09:35:15,0.57,1.2954,258,0.56,1.2727,24,0.57,1.2954,3,0.565,1.284,3391,0
SPY190830C294,2019-08-29,2019-08-29 09:35:15,0.57,1.2954,100,0.56,1.2727,24,0.57,1.2954,3,0.565,1.284,3391,0
SPY190830C294,2019-08-29,2019-08-29 09:35:16,0.57,1.2954,188,0.56,1.2727,24,0.57,1.2954,3,0.565,1.284,3391,0
SPY190830C294,2019-08-29,2019-08-29 09:35:16,0.57,1.2954,258,0.56,1.2727,30,0.57,1.2954,3,0.565,1.284,3391,0
SPY190830C294,2019-08-29,2019-08-29 09:35:17,0.57,1.2954,258,0.56,1.2727,10,0.57,1.2954,3,0.565,1.284,3391,0
SPY190830C294,2019-08-29,2019-08-29 09:35:18,0.57,1.2954,256,0.56,1.2727,10,0.57,1.2954,3,0.565,1.284,3391,0
SPY190830C294,2019-08-29,2019-08-29 09:35:18,0.57,1.2954,258,0.56,1.2727,10,0.57,1.2954,3,0.565,1.284,3391,0
SPY190830C294,2019-08-29,2019-08-29 09:35:19,0.57,1.2954,276,0.56,1.2727,10,0.57,1.2954,3,0.565,1.284,3391,0
SPY190830C294,2019-08-29,2019-08-29 09:35:19,0.57,1.2954,226,0.56,1.2727,10,0.57,1.2954,3,0.565,1.284,3391,0
SPY190830C294,2019-08-29,2019-08-29 09:35:20,0.57,1.2954,288,0.56,1.2727,10,0.57,1.2954,3,0.565,1.284,3391,0
SPY190830C294,2019-08-29,2019-08-29 09:35:21,0.57,1.2954,270,0.56,1.2727,10,0.57,1.2954,3,0.565,1.284,3391,0
SPY190830C294,2019-08-29,2019-08-29 09:35:21,0.57,1.2954,348,0.56,1.2727,10,0.57,1.2954,3,0.565,1.284,3391,0
SPY190830C294,2019-08-29,2019-08-29 09:35:22,0.57,1.2954,348,0.56,1.2727,10,0.57,1.2954,3,0.565,1.284,3391,0
SPY190830C294,2019-08-29,2019-08-29 09:35:22,0.57,1.2954,415,0.56,1.2727,10,0.57,1.2954,3,0.565,1.284,3391,0
SPY190830C294,2019-08-29,2019-08-29 09:35:23,0.57,1.2954,348,0.55,1.25,62,0.56,1.2727,10,0.56,1.2727,3401,10
SPY190830C294,2019-08-29,2019-08-29 09:35:23,0.57,1.2954,400,0.53,1.2045,826,0.56,1.2727,10,0.55,1.25,3401,0
SPY190830C294,2019-08-29,2019-08-29 09:35:24,0.55,1.25,6,0.54,1.2272,182,0.56,1.2727,10,0.545,1.2386,3401,0
SPY190830C294,2019-08-29,2019-08-29 09:35:24,0.55,1.25,5,0.54,1.2272,124,0.56,1.2727,10,0.545,1.2386,3401,0
SPY190830C294,2019-08-29,2019-08-29 09:35:25,0.55,1.25,5,0.54,1.2272,149,0.56,1.2727,10,0.545,1.2386,3401,0
SPY190830C294,2019-08-29,2019-08-29 09:35:26,0.55,1.25,9,0.53,1.2045,568,0.56,1.2727,10,0.54,1.2272,3401,0
SPY190830C294,2019-08-29,2019-08-29 09:35:26,0.55,1.25,70,0.54,1.2272,15,0.56,1.2727,10,0.545,1.2386,3401,0
SPY190830C294,2019-08-29,2019-08-29 09:35:27,0.55,1.25,323,0.53,1.2045,650,0.56,1.2727,10,0.54,1.2272,3401,0
SPY190830C294,2019-08-29,2019-08-29 09:35:27,0.55,1.25,201,0.53,1.2045,562,0.56,1.2727,10,0.54,1.2272,3401,0
SPY190830C294,2019-08-29,2019-08-29 09:35:28,0.54,1.2272,24,0.53,1.2045,562,0.56,1.2727,10,0.535,1.2159,3401,0
SPY190830C294,2019-08-29,2019-08-29 09:35:28,0.53,1.2045,5,0.51,1.159,400,0.56,1.2727,10,0.52,1.1818,3401,0
SPY190830C294,2019-08-29,2019-08-29 09:35:29,0.53,1.2045,70,0.51,1.159,536,0.53,1.2045,2,0.52,1.1818,3403,2
SPY190830C294,2019-08-29,2019-08-29 09:35:29,0.53,1.2045,5,0.51,1.159,400,0.53,1.2045,2,0.52,1.1818,3403,0
SPY190830C294,2019-08-29,2019-08-29 09:35:30,0.54,1.2272,213,0.52,1.1818,83,0.52,1.1818,7,0.53,1.2045,3410,7
SPY190830C294,2019-08-29,2019-08-29 09:35:30,0.53,1.2045,5,0.52,1.1818,80,0.52,1.1818,7,0.525,1.1931,3410,0
SPY190830C294,2019-08-29,2019-08-29 09:35:31,0.54,1.2272,326,0.52,1.1818,99,0.52,1.1818,7,0.53,1.2045,3410,0
SPY190830C294,2019-08-29,2019-08-29 09:35:31,0.54,1.2272,326,0.52,1.1818,535,0.52,1.1818,7,0.53,1.2045,3410,0
SPY190830C294,2019-08-29,2019-08-29 09:35:32,0.53,1.2045,24,0.52,1.1818,535,0.52,1.1818,7,0.525,1.1931,3410,0
SPY190830C294,2019-08-29,2019-08-29 09:35:32,0.53,1.2045,24,0.52,1.1818,100,0.52,1.1818,7,0.525,1.1931,3410,0
SPY190830C294,2019-08-29,2019-08-29 09:35:33,0.53,1.2045,290,0.52,1.1818,68,0.52,1.1818,7,0.525,1.1931,3410,0
SPY190830C294,2019-08-29,2019-08-29 09:35:33,0.52,1.1818,2,0.52,1.1818,68,0.52,1.1818,7,0.52,1.1818,3410,0
SPY190830C294,2019-08-29,2019-08-29 09:35:34,0.52,1.1818,2,0.52,1.1818,68,0.52,1.1818,7,0.52,1.1818,3410,0
SPY190830C294,2019-08-29,2019-08-29 09:35:34,0.54,1.2272,119,0.52,1.1818,68,0.52,1.1818,7,0.53,1.2045,3410,0
SPY190830C294,2019-08-29,2019-08-29 09:35:35,0.54,1.2272,70,0.52,1.1818,49,0.52,1.1818,7,0.53,1.2045,3410,0
SPY190830C294,2019-08-29,2019-08-29 09:35:35,0.54,1.2272,70,0.52,1.1818,30,0.52,1.1818,7,0.53,1.2045,3410,0
SPY190830C294,2019-08-29,2019-08-29 09:35:36,0.54,1.2272,70,0.52,1.1818,400,0.52,1.1818,2,0.53,1.2045,3412,2
SPY190830C294,2019-08-29,2019-08-29 09:35:36,0.54,1.2272,171,0.52,1.1818,129,0.52,1.1818,2,0.53,1.2045,3412,0
SPY190830C294,2019-08-29,2019-08-29 09:35:37,0.53,1.2045,24,0.52,1.1818,170,0.52,1.1818,2,0.525,1.1931,3412,0
SPY190830C294,2019-08-29,2019-08-29 09:35:37,0.53,1.2045,6,0.52,1.1818,170,0.52,1.1818,2,0.525,1.1931,3412,0
SPY190830C294,2019-08-29,2019-08-29 09:35:38,0.53,1.2045,234,0.52,1.1818,49,0.52,1.1818,2,0.525,1.1931,3412,0
SPY190830C294,2019-08-29,2019-08-29 09:35:38,0.53,1.2045,11,0.52,1.1818,49,0.52,1.1818,2,0.525,1.1931,3412,0
SPY190830C294,2019-08-29,2019-08-29 09:35:39,0.53,1.2045,234,0.52,1.1818,55,0.52,1.1818,2,0.525,1.1931,3412,0
SPY190830C294,2019-08-29,2019-08-29 09:35:39,0.53,1.2045,164,0.52,1.1818,49,0.52,1.1818,2,0.525,1.1931,3412,0
SPY190830C294,2019-08-29,2019-08-29 09:35:40,0.54,1.2272,175,0.52,1.1818,477,0.52,1.1818,2,0.53,1.2045,3412,0
SPY190830C294,2019-08-29,2019-08-29 09:35:41,0.54,1.2272,175,0.52,1.1818,474,0.52,1.1818,2,0.53,1.2045,3412,0
SPY190830C294,2019-08-29,2019-08-29 09:35:41,0.53,1.2045,18,0.52,1.1818,490,0.52,1.1818,2,0.525,1.1931,3412,0
SPY190830C294,2019-08-29,2019-08-29 09:35:42,0.53,1.2045,100,0.52,1.1818,426,0.52,1.1818,2,0.525,1.1931,3412,0
SPY190830C294,2019-08-29,2019-08-29 09:35:42,0.53,1.2045,279,0.52,1.1818,49,0.52,1.1818,2,0.525,1.1931,3412,0
SPY190830C294,2019-08-29,2019-08-29 09:35:43,0.53,1.2045,127,0.52,1.1818,1,0.51,1.159,10,0.525,1.1931,3422,10
SPY190830C294,2019-08-29,2019-08-29 09:35:43,0.53,1.2045,368,0.52,1.1818,1,0.51,1.159,10,0.525,1.1931,3422,0
SPY190830C294,2019-08-29,2019-08-29 09:35:44,0.53,1.2045,289,0.52,1.1818,1,0.53,1.2045,50,0.525,1.1931,3472,50
SPY190830C294,2019-08-29,2019-08-29 09:35:44,0.53,1.2045,289,0.52,1.1818,1,0.53,1.2045,50,0.525,1.1931,3472,0
SPY190830C294,2019-08-29,2019-08-29 09:35:45,0.53,1.2045,279,0.52,1.1818,24,0.53,1.2045,50,0.525,1.1931,3472,0
SPY190830C294,2019-08-29,2019-08-29 09:35:46,0.53,1.2045,58,0.52,1.1818,24,0.53,1.2045,50,0.525,1.1931,3472,0
SPY190830C294,2019-08-29,2019-08-29 09:35:46,0.53,1.2045,5,0.52,1.1818,24,0.53,1.2045,50,0.525,1.1931,3472,0
SPY190830C294,2019-08-29,2019-08-29 09:35:47,0.53,1.2045,5,0.52,1.1818,25,0.53,1.2045,50,0.525,1.1931,3472,0
SPY190830C294,2019-08-29,2019-08-29 09:35:47,0.53,1.2045,5,0.52,1.1818,70,0.53,1.2045,50,0.525,1.1931,3472,0
SPY190830C294,2019-08-29,2019-08-29 09:35:48,0.53,1.2045,5,0.52,1.1818,72,0.53,1.2045,50,0.525,1.1931,3472,0
SPY190830C294,2019-08-29,2019-08-29 09:35:49,0.53,1.2045,6,0.52,1.1818,72,0.53,1.2045,1,0.525,1.1931,3473,1
SPY190830C294,2019-08-29,2019-08-29 09:35:49,0.53,1.2045,5,0.52,1.1818,72,0.53,1.2045,50,0.525,1.1931,3472,0
SPY190830C294,2019-08-29,2019-08-29 09:35:50,0.53,1.2045,4,0.52,1.1818,54,0.53,1.2045,1,0.525,1.1931,3473,0
SPY190830C294,2019-08-29,2019-08-29 09:35:51,0.53,1.2045,156,0.52,1.1818,30,0.53,1.2045,1,0.525,1.1931,3473,0
SPY190830C294,2019-08-29,2019-08-29 09:35:51,0.53,1.2045,193,0.52,1.1818,63,0.53,1.2045,1,0.525,1.1931,3473,0
SPY190830C294,2019-08-29,2019-08-29 09:35:52,0.53,1.2045,156,0.52,1.1818,54,0.53,1.2045,1,0.525,1.1931,3473,0
SPY190830C294,2019-08-29,2019-08-29 09:35:53,0.53,1.2045,144,0.52,1.1818,70,0.53,1.2045,1,0.525,1.1931,3473,0
SPY190830C294,2019-08-29,2019-08-29 09:35:54,0.53,1.2045,255,0.5,1.1363,679,0.53,1.2045,1,0.515,1.1704,3473,0
SPY190830C294,2019-08-29,2019-08-29 09:35:54,0.53,1.2045,144,0.52,1.1818,70,0.53,1.2045,1,0.525,1.1931,3473,0
SPY190830C294,2019-08-29,2019-08-29 09:35:55,0.52,1.1818,174,0.5,1.1363,702,0.53,1.2045,1,0.51,1.159,3473,0
SPY190830C294,2019-08-29,2019-08-29 09:35:55,0.52,1.1818,174,0.51,1.159,30,0.53,1.2045,1,0.515,1.1704,3473,0
SPY190830C294,2019-08-29,2019-08-29 09:35:56,0.52,1.1818,63,0.5,1.1363,63,0.53,1.2045,1,0.51,1.159,3473,0
SPY190830C294,2019-08-29,2019-08-29 09:35:56,0.51,1.159,140,0.5,1.1363,61,0.5,1.1363,1,0.505,1.1477,3474,1
SPY190830C294,2019-08-29,2019-08-29 09:35:57,0.51,1.159,140,0.5,1.1363,31,0.5,1.1363,1,0.505,1.1477,3474,0
SPY190830C294,2019-08-29,2019-08-29 09:35:57,0.51,1.159,125,0.5,1.1363,73,0.5,1.1363,1,0.505,1.1477,3474,0
SPY190830C294,2019-08-29,2019-08-29 09:35:58,0.51,1.159,125,0.5,1.1363,51,0.5,1.1363,1,0.505,1.1477,3474,0
SPY190830C294,2019-08-29,2019-08-29 09:36:00,0.51,1.159,24,0.5,1.1363,55,0.5,1.1363,3,0.505,1.1477,3478,3
SPY190830C294,2019-08-29,2019-08-29 09:36:00,0.52,1.1818,325,0.5,1.1363,569,0.51,1.159,1,0.51,1.159,3475,1
SPY190830C294,2019-08-29,2019-08-29 09:36:01,0.51,1.159,100,0.5,1.1363,55,0.5,1.1363,3,0.505,1.1477,3478,0
SPY190830C294,2019-08-29,2019-08-29 09:36:01,0.51,1.159,6,0.5,1.1363,455,0.5,1.1363,3,0.505,1.1477,3478,0
SPY190830C294,2019-08-29,2019-08-29 09:36:02,0.52,1.1818,295,0.5,1.1363,630,0.5,1.1363,3,0.51,1.159,3478,0
SPY190830C294,2019-08-29,2019-08-29 09:36:03,0.52,1.1818,5,0.51,1.159,63,0.5,1.1363,3,0.515,1.1704,3478,0
SPY190830C294,2019-08-29,2019-08-29 09:36:03,0.52,1.1818,295,0.51,1.159,50,0.5,1.1363,3,0.515,1.1704,3478,0
SPY190830C294,2019-08-29,2019-08-29 09:36:04,0.52,1.1818,5,0.51,1.159,63,0.5,1.1363,3,0.515,1.1704,3478,0
SPY190830C294,2019-08-29,2019-08-29 09:36:04,0.52,1.1818,5,0.51,1.159,400,0.5,1.1363,3,0.515,1.1704,3478,0
SPY190830C294,2019-08-29,2019-08-29 09:36:05,0.52,1.1818,5,0.51,1.159,400,0.5,1.1363,3,0.515,1.1704,3478,0
SPY190830C294,2019-08-29,2019-08-29 09:36:05,0.53,1.2045,327,0.52,1.1818,19,0.51,1.159,3,0.525,1.1931,3481,3
SPY190830C294,2019-08-29,2019-08-29 09:36:06,0.53,1.2045,279,0.51,1.159,719,0.53,1.2045,1,0.52,1.1818,3482,1
SPY190830C294,2019-08-29,2019-08-29 09:36:06,0.53,1.2045,279,0.52,1.1818,12,0.53,1.2045,1,0.525,1.1931,3482,0
SPY190830C294,2019-08-29,2019-08-29 09:36:07,0.53,1.2045,24,0.52,1.1818,574,0.53,1.2045,2,0.525,1.1931,3484,2
SPY190830C294,2019-08-29,2019-08-29 09:36:07,0.53,1.2045,5,0.52,1.1818,400,0.53,1.2045,1,0.525,1.1931,3482,0
SPY190830C294,2019-08-29,2019-08-29 09:36:08,0.54,1.2272,5,0.53,1.2045,400,0.53,1.2045,2,0.535,1.2159,3484,0
SPY190830C294,2019-08-29,2019-08-29 09:36:08,0.54,1.2272,145,0.53,1.2045,24,0.53,1.2045,2,0.535,1.2159,3484,0
SPY190830C294,2019-08-29,2019-08-29 09:36:09,0.54,1.2272,5,0.53,1.2045,345,0.53,1.2045,2,0.535,1.2159,3484,0
SPY190830C294,2019-08-29,2019-08-29 09:36:10,0.53,1.2045,118,0.51,1.159,887,0.54,1.2272,42,0.52,1.1818,3526,0
SPY190830C294,2019-08-29,2019-08-29 09:36:10,0.54,1.2272,24,0.52,1.1818,833,0.54,1.2272,42,0.53,1.2045,3526,42
SPY190830C294,2019-08-29,2019-08-29 09:36:11,0.53,1.2045,9,0.5,1.1363,616,0.54,1.2272,42,0.515,1.1704,3526,0
SPY190830C294,2019-08-29,2019-08-29 09:36:11,0.53,1.2045,9,0.52,1.1818,37,0.54,1.2272,42,0.525,1.1931,3526,0
SPY190830C294,2019-08-29,2019-08-29 09:36:12,0.52,1.1818,200,0.51,1.159,31,0.52,1.1818,1,0.515,1.1704,3527,1
SPY190830C294,2019-08-29,2019-08-29 09:36:12,0.52,1.1818,279,0.51,1.159,55,0.52,1.1818,1,0.515,1.1704,3527,0
SPY190830C294,2019-08-29,2019-08-29 09:36:13,0.52,1.1818,279,0.51,1.159,37,0.52,1.1818,1,0.515,1.1704,3527,0
SPY190830C294,2019-08-29,2019-08-29 09:36:13,0.52,1.1818,279,0.51,1.159,55,0.52,1.1818,1,0.515,1.1704,3527,0
SPY190830C294,2019-08-29,2019-08-29 09:36:14,0.52,1.1818,279,0.51,1.159,49,0.52,1.1818,1,0.515,1.1704,3527,0
SPY190830C294,2019-08-29,2019-08-29 09:36:14,0.52,1.1818,279,0.51,1.159,37,0.52,1.1818,1,0.515,1.1704,3527,0
SPY190830C294,2019-08-29,2019-08-29 09:36:15,0.52,1.1818,5,0.51,1.159,108,0.52,1.1818,10,0.515,1.1704,3537,10
SPY190830C294,2019-08-29,2019-08-29 09:36:15,0.53,1.2045,326,0.51,1.159,108,0.52,1.1818,10,0.52,1.1818,3537,0
SPY190830C294,2019-08-29,2019-08-29 09:36:16,0.52,1.1818,118,0.5,1.1363,832,0.52,1.1818,10,0.51,1.159,3537,0
SPY190830C294,2019-08-29,2019-08-29 09:36:17,0.52,1.1818,28,0.5,1.1363,690,0.52,1.1818,10,0.51,1.159,3537,0
SPY190830C294,2019-08-29,2019-08-29 09:36:18,0.52,1.1818,93,0.5,1.1363,808,0.52,1.1818,10,0.51,1.159,3537,0
SPY190830C294,2019-08-29,2019-08-29 09:36:18,0.51,1.159,6,0.5,1.1363,653,0.52,1.1818,10,0.505,1.1477,3537,0
SPY190830C294,2019-08-29,2019-08-29 09:36:19,0.51,1.159,1,0.5,1.1363,290,0.51,1.159,1,0.505,1.1477,3538,1
SPY190830C294,2019-08-29,2019-08-29 09:36:19,0.51,1.159,1,0.5,1.1363,290,0.52,1.1818,10,0.505,1.1477,3537,0
SPY190830C294,2019-08-29,2019-08-29 09:36:20,0.51,1.159,26,0.5,1.1363,426,0.51,1.159,1,0.505,1.1477,3538,0
SPY190830C294,2019-08-29,2019-08-29 09:36:20,0.51,1.159,8,0.5,1.1363,426,0.51,1.159,1,0.505,1.1477,3538,0
SPY190830C294,2019-08-29,2019-08-29 09:36:21,0.51,1.159,1,0.5,1.1363,61,0.51,1.159,1,0.505,1.1477,3538,0
SPY190830C294,2019-08-29,2019-08-29 09:36:21,0.51,1.159,212,0.5,1.1363,1,0.51,1.159,1,0.505,1.1477,3538,0
SPY190830C294,2019-08-29,2019-08-29 09:36:22,0.51,1.159,220,0.5,1.1363,1,0.51,1.159,1,0.505,1.1477,3538,0
SPY190830C294,2019-08-29,2019-08-29 09:36:22,0.51,1.159,220,0.5,1.1363,15,0.5,1.1363,4,0.505,1.1477,3542,4
SPY190830C294,2019-08-29,2019-08-29 09:36:23,0.5,1.1363,103,0.49,1.1136,72,0.5,1.1363,1,0.495,1.125,3543,1
SPY190830C294,2019-08-29,2019-08-29 09:36:23,0.51,1.159,475,0.5,1.1363,15,0.5,1.1363,4,0.505,1.1477,3542,0
SPY190830C294,2019-08-29,2019-08-29 09:36:24,0.5,1.1363,163,0.49,1.1136,72,0.5,1.1363,1,0.495,1.125,3543,0
SPY190830C294,2019-08-29,2019-08-29 09:36:24,0.5,1.1363,189,0.49,1.1136,72,0.5,1.1363,1,0.495,1.125,3543,0
SPY190830C294,2019-08-29,2019-08-29 09:36:25,0.5,1.1363,173,0.49,1.1136,61,0.5,1.1363,1,0.495,1.125,3543,0
SPY190830C294,2019-08-29,2019-08-29 09:36:25,0.5,1.1363,177,0.49,1.1136,61,0.5,1.1363,1,0.495,1.125,3543,0
SPY190830C294,2019-08-29,2019-08-29 09:36:26,0.5,1.1363,173,0.49,1.1136,439,0.5,1.1363,1,0.495,1.125,3543,0
SPY190830C294,2019-08-29,2019-08-29 09:36:26,0.5,1.1363,173,0.49,1.1136,61,0.5,1.1363,1,0.495,1.125,3543,0
SPY190830C294,2019-08-29,2019-08-29 09:36:27,0.5,1.1363,223,0.49,1.1136,27,0.5,1.1363,1,0.495,1.125,3543,0
SPY190830C294,2019-08-29,2019-08-29 09:36:27,0.5,1.1363,173,0.49,1.1136,439,0.5,1.1363,1,0.495,1.125,3543,0
SPY190830C294,2019-08-29,2019-08-29 09:36:28,0.5,1.1363,143,0.49,1.1136,24,0.5,1.1363,1,0.495,1.125,3543,0
SPY190830C294,2019-08-29,2019-08-29 09:36:28,0.5,1.1363,231,0.49,1.1136,24,0.5,1.1363,1,0.495,1.125,3543,0
SPY190830C294,2019-08-29,2019-08-29 09:36:29,0.51,1.159,336,0.49,1.1136,100,0.5,1.1363,1,0.5,1.1363,3543,0
SPY190830C294,2019-08-29,2019-08-29 09:36:29,0.5,1.1363,130,0.49,1.1136,24,0.5,1.1363,1,0.495,1.125,3543,0
SPY190830C294,2019-08-29,2019-08-29 09:36:30,0.5,1.1363,144,0.49,1.1136,72,0.49,1.1136,1,0.495,1.125,3545,0
SPY190830C294,2019-08-29,2019-08-29 09:36:30,0.5,1.1363,24,0.49,1.1136,72,0.49,1.1136,1,0.495,1.125,3545,2
SPY190830C294,2019-08-29,2019-08-29 09:36:31,0.5,1.1363,308,0.48,1.0909,131,0.49,1.1136,1,0.49,1.1136,3545,0
SPY190830C294,2019-08-29,2019-08-29 09:36:31,0.5,1.1363,163,0.48,1.0909,100,0.49,1.1136,1,0.49,1.1136,3545,0
SPY190830C294,2019-08-29,2019-08-29 09:36:32,0.5,1.1363,303,0.48,1.0909,233,0.49,1.1136,1,0.49,1.1136,3545,0
SPY190830C294,2019-08-29,2019-08-29 09:36:32,0.5,1.1363,322,0.48,1.0909,164,0.49,1.1136,1,0.49,1.1136,3545,0
SPY190830C294,2019-08-29,2019-08-29 09:36:33,0.49,1.1136,5,0.48,1.0909,176,0.49,1.1136,1,0.485,1.1022,3545,0
SPY190830C294,2019-08-29,2019-08-29 09:36:33,0.5,1.1363,316,0.48,1.0909,176,0.49,1.1136,1,0.49,1.1136,3545,0
SPY190830C294,2019-08-29,2019-08-29 09:36:34,0.49,1.1136,24,0.48,1.0909,190,0.49,1.1136,1,0.485,1.1022,3545,0
SPY190830C294,2019-08-29,2019-08-29 09:36:34,0.49,1.1136,10,0.48,1.0909,168,0.49,1.1136,1,0.485,1.1022,3545,0
SPY190830C294,2019-08-29,2019-08-29 09:36:35,0.49,1.1136,35,0.48,1.0909,168,0.49,1.1136,1,0.485,1.1022,3545,0
SPY190830C294,2019-08-29,2019-08-29 09:36:35,0.49,1.1136,35,0.48,1.0909,176,0.49,1.1136,1,0.485,1.1022,3545,0
SPY190830C294,2019-08-29,2019-08-29 09:36:36,0.49,1.1136,35,0.48,1.0909,176,0.49,1.1136,1,0.485,1.1022,3545,0
SPY190830C294,2019-08-29,2019-08-29 09:36:37,0.48,1.0909,421,0.46,1.0454,150,0.49,1.1136,1,0.47,1.0681,3545,0
SPY190830C294,2019-08-29,2019-08-29 09:36:38,0.48,1.0909,111,0.45,1.0227,400,0.49,1.1136,1,0.465,1.0568,3545,0
SPY190830C294,2019-08-29,2019-08-29 09:36:38,0.47,1.0681,262,0.45,1.0227,400,0.49,1.1136,1,0.46,1.0454,3545,0
SPY190830C294,2019-08-29,2019-08-29 09:36:39,0.48,1.0909,242,0.46,1.0454,721,0.49,1.1136,1,0.47,1.0681,3545,0
SPY190830C294,2019-08-29,2019-08-29 09:36:39,0.48,1.0909,161,0.45,1.0227,400,0.49,1.1136,1,0.465,1.0568,3545,0
SPY190830C294,2019-08-29,2019-08-29 09:36:40,0.48,1.0909,2,0.47,1.0681,400,0.49,1.1136,1,0.475,1.0795,3545,0
SPY190830C294,2019-08-29,2019-08-29 09:36:40,0.48,1.0909,311,0.46,1.0454,633,0.49,1.1136,1,0.47,1.0681,3545,0
SPY190830C294,2019-08-29,2019-08-29 09:36:41,0.48,1.0909,231,0.46,1.0454,643,0.46,1.0454,1,0.47,1.0681,3546,1
SPY190830C294,2019-08-29,2019-08-29 09:36:41,0.48,1.0909,231,0.46,1.0454,627,0.49,1.1136,1,0.47,1.0681,3545,0
SPY190830C294,2019-08-29,2019-08-29 09:36:42,0.48,1.0909,381,0.46,1.0454,727,0.46,1.0454,1,0.47,1.0681,3546,0
SPY190830C294,2019-08-29,2019-08-29 09:36:43,0.48,1.0909,215,0.46,1.0454,398,0.46,1.0454,2,0.47,1.0681,3548,2
SPY190830C294,2019-08-29,2019-08-29 09:36:43,0.48,1.0909,331,0.46,1.0454,727,0.46,1.0454,1,0.47,1.0681,3546,0
SPY190830C294,2019-08-29,2019-08-29 09:36:44,0.47,1.0681,18,0.45,1.0227,846,0.46,1.0454,2,0.46,1.0454,3548,0
SPY190830C294,2019-08-29,2019-08-29 09:36:44,0.48,1.0909,152,0.46,1.0454,398,0.46,1.0454,2,0.47,1.0681,3548,0
SPY190830C294,2019-08-29,2019-08-29 09:36:45,0.48,1.0909,323,0.46,1.0454,619,0.46,1.0454,2,0.47,1.0681,3548,0
SPY190830C294,2019-08-29,2019-08-29 09:36:45,0.47,1.0681,18,0.46,1.0454,5,0.46,1.0454,2,0.465,1.0568,3548,0
SPY190830C294,2019-08-29,2019-08-29 09:36:46,0.47,1.0681,223,0.45,1.0227,734,0.46,1.0454,2,0.46,1.0454,3548,0
SPY190830C294,2019-08-29,2019-08-29 09:36:46,0.47,1.0681,5,0.46,1.0454,24,0.46,1.0454,2,0.465,1.0568,3548,0
SPY190830C294,2019-08-29,2019-08-29 09:36:47,0.47,1.0681,104,0.46,1.0454,24,0.46,1.0454,2,0.465,1.0568,3548,0
SPY190830C294,2019-08-29,2019-08-29 09:36:47,0.47,1.0681,390,0.45,1.0227,672,0.46,1.0454,2,0.46,1.0454,3548,0
SPY190830C294,2019-08-29,2019-08-29 09:36:48,0.47,1.0681,163,0.46,1.0454,46,0.46,1.0454,2,0.465,1.0568,3548,0
SPY190830C294,2019-08-29,2019-08-29 09:36:48,0.47,1.0681,240,0.46,1.0454,26,0.46,1.0454,2,0.465,1.0568,3548,0
SPY190830C294,2019-08-29,2019-08-29 09:36:49,0.48,1.0909,349,0.47,1.0681,100,0.46,1.0454,4,0.475,1.0795,3558,0
SPY190830C294,2019-08-29,2019-08-29 09:36:49,0.48,1.0909,249,0.47,1.0681,100,0.46,1.0454,4,0.475,1.0795,3558,10
SPY190830C294,2019-08-29,2019-08-29 09:36:50,0.48,1.0909,5,0.47,1.0681,398,0.46,1.0454,4,0.475,1.0795,3558,0
SPY190830C294,2019-08-29,2019-08-29 09:36:50,0.49,1.1136,128,0.47,1.0681,100,0.46,1.0454,4,0.48,1.0909,3558,0
SPY190830C294,2019-08-29,2019-08-29 09:36:51,0.49,1.1136,349,0.48,1.0909,46,0.46,1.0454,4,0.485,1.1022,3558,0
SPY190830C294,2019-08-29,2019-08-29 09:36:51,0.48,1.0909,5,0.47,1.0681,634,0.46,1.0454,4,0.475,1.0795,3558,0
SPY190830C294,2019-08-29,2019-08-29 09:36:52,0.49,1.1136,80,0.48,1.0909,24,0.46,1.0454,4,0.485,1.1022,3558,0
SPY190830C294,2019-08-29,2019-08-29 09:36:52,0.49,1.1136,311,0.48,1.0909,40,0.46,1.0454,4,0.485,1.1022,3558,0
SPY190830C294,2019-08-29,2019-08-29 09:36:53,0.49,1.1136,311,0.48,1.0909,26,0.46,1.0454,4,0.485,1.1022,3558,0
SPY190830C294,2019-08-29,2019-08-29 09:36:53,0.49,1.1136,311,0.48,1.0909,40,0.46,1.0454,4,0.485,1.1022,3558,0
SPY190830C294,2019-08-29,2019-08-29 09:36:54,0.49,1.1136,311,0.48,1.0909,24,0.46,1.0454,4,0.485,1.1022,3558,0
SPY190830C294,2019-08-29,2019-08-29 09:36:55,0.49,1.1136,5,0.48,1.0909,40,0.46,1.0454,4,0.485,1.1022,3558,0
SPY190830C294,2019-08-29,2019-08-29 09:36:55,0.5,1.1363,427,0.47,1.0681,100,0.46,1.0454,4,0.485,1.1022,3558,0
SPY190830C294,2019-08-29,2019-08-29 09:36:56,0.49,1.1136,264,0.47,1.0681,131,0.46,1.0454,4,0.48,1.0909,3558,0
SPY190830C294,2019-08-29,2019-08-29 09:36:56,0.49,1.1136,424,0.47,1.0681,131,0.46,1.0454,4,0.48,1.0909,3558,0
SPY190830C294,2019-08-29,2019-08-29 09:36:57,0.48,1.0909,90,0.47,1.0681,116,0.48,1.0909,2,0.475,1.0795,3610,52
SPY190830C294,2019-08-29,2019-08-29 09:36:57,0.49,1.1136,424,0.47,1.0681,254,0.46,1.0454,4,0.48,1.0909,3558,0
SPY190830C294,2019-08-29,2019-08-29 09:36:58,0.48,1.0909,37,0.47,1.0681,398,0.48,1.0909,2,0.475,1.0795,3610,0
SPY190830C294,2019-08-29,2019-08-29 09:36:58,0.48,1.0909,70,0.47,1.0681,398,0.48,1.0909,2,0.475,1.0795,3610,0
SPY190830C294,2019-08-29,2019-08-29 09:36:59,0.48,1.0909,60,0.47,1.0681,398,0.48,1.0909,2,0.475,1.0795,3610,0
SPY190830C294,2019-08-29,2019-08-29 09:36:59,0.48,1.0909,54,0.47,1.0681,666,0.48,1.0909,2,0.475,1.0795,3610,0
SPY190830C294,2019-08-29,2019-08-29 09:37:00,0.48,1.0909,54,0.47,1.0681,266,0.48,1.0909,2,0.475,1.0795,3610,0
SPY190830C294,2019-08-29,2019-08-29 09:37:00,0.48,1.0909,54,0.47,1.0681,918,0.48,1.0909,2,0.475,1.0795,3610,0
SPY190830C294,2019-08-29,2019-08-29 09:37:01,0.48,1.0909,10,0.47,1.0681,254,0.48,1.0909,2,0.475,1.0795,3610,0
SPY190830C294,2019-08-29,2019-08-29 09:37:01,0.48,1.0909,10,0.47,1.0681,895,0.48,1.0909,2,0.475,1.0795,3610,0
SPY190830C294,2019-08-29,2019-08-29 09:37:02,0.49,1.1136,50,0.48,1.0909,164,0.48,1.0909,10,0.485,1.1022,3620,10
SPY190830C294,2019-08-29,2019-08-29 09:37:02,0.48,1.0909,10,0.47,1.0681,895,0.48,1.0909,2,0.475,1.0795,3610,0
SPY190830C294,2019-08-29,2019-08-29 09:37:03,0.5,1.1363,248,0.48,1.0909,427,0.48,1.0909,10,0.49,1.1136,3620,0
SPY190830C294,2019-08-29,2019-08-29 09:37:03,0.5,1.1363,433,0.48,1.0909,293,0.48,1.0909,10,0.49,1.1136,3620,0
SPY190830C294,2019-08-29,2019-08-29 09:37:05,0.49,1.1136,5,0.48,1.0909,120,0.48,1.0909,10,0.485,1.1022,3620,0
SPY190830C294,2019-08-29,2019-08-29 09:37:05,0.49,1.1136,5,0.48,1.0909,113,0.48,1.0909,10,0.485,1.1022,3620,0
SPY190830C294,2019-08-29,2019-08-29 09:37:06,0.49,1.1136,5,0.49,1.1136,13,0.48,1.0909,10,0.49,1.1136,3620,0
SPY190830C294,2019-08-29,2019-08-29 09:37:06,0.49,1.1136,5,0.49,1.1136,30,0.48,1.0909,10,0.49,1.1136,3620,0
SPY190830C294,2019-08-29,2019-08-29 09:37:07,0.5,1.1363,221,0.49,1.1136,46,0.48,1.0909,10,0.495,1.125,3620,0
SPY190830C294,2019-08-29,2019-08-29 09:37:07,0.5,1.1363,301,0.49,1.1136,46,0.48,1.0909,10,0.495,1.125,3620,0
SPY190830C294,2019-08-29,2019-08-29 09:37:08,0.5,1.1363,169,0.49,1.1136,96,0.48,1.0909,10,0.495,1.125,3620,0
SPY190830C294,2019-08-29,2019-08-29 09:37:09,0.5,1.1363,5,0.49,1.1136,173,0.48,1.0909,10,0.495,1.125,3620,0
SPY190830C294,2019-08-29,2019-08-29 09:37:09,0.5,1.1363,169,0.49,1.1136,96,0.48,1.0909,10,0.495,1.125,3620,0
SPY190830C294,2019-08-29,2019-08-29 09:37:10,0.5,1.1363,100,0.49,1.1136,112,0.48,1.0909,10,0.495,1.125,3620,0
SPY190830C294,2019-08-29,2019-08-29 09:37:10,0.5,1.1363,5,0.49,1.1136,96,0.48,1.0909,10,0.495,1.125,3620,0
SPY190830C294,2019-08-29,2019-08-29 09:37:11,0.5,1.1363,131,0.49,1.1136,118,0.48,1.0909,10,0.495,1.125,3620,0
SPY190830C294,2019-08-29,2019-08-29 09:37:11,0.5,1.1363,31,0.49,1.1136,96,0.48,1.0909,10,0.495,1.125,3620,0
SPY190830C294,2019-08-29,2019-08-29 09:37:12,0.5,1.1363,121,0.49,1.1136,114,0.48,1.0909,10,0.495,1.125,3620,0
SPY190830C294,2019-08-29,2019-08-29 09:37:12,0.5,1.1363,114,0.49,1.1136,118,0.48,1.0909,10,0.495,1.125,3620,0
SPY190830C294,2019-08-29,2019-08-29 09:37:13,0.5,1.1363,121,0.49,1.1136,96,0.48,1.0909,10,0.495,1.125,3620,0
SPY190830C294,2019-08-29,2019-08-29 09:37:13,0.5,1.1363,5,0.49,1.1136,145,0.48,1.0909,10,0.495,1.125,3620,0
SPY190830C294,2019-08-29,2019-08-29 09:37:14,0.51,1.159,490,0.5,1.1363,15,0.48,1.0909,10,0.505,1.1477,3620,0
SPY190830C294,2019-08-29,2019-08-29 09:37:14,0.51,1.159,490,0.5,1.1363,17,0.48,1.0909,10,0.505,1.1477,3620,0
SPY190830C294,2019-08-29,2019-08-29 09:37:15,0.51,1.159,402,0.5,1.1363,35,0.48,1.0909,10,0.505,1.1477,3620,0
SPY190830C294,2019-08-29,2019-08-29 09:37:15,0.51,1.159,402,0.5,1.1363,17,0.48,1.0909,10,0.505,1.1477,3620,0
SPY190830C294,2019-08-29,2019-08-29 09:37:16,0.51,1.159,402,0.5,1.1363,35,0.48,1.0909,10,0.505,1.1477,3620,0
SPY190830C294,2019-08-29,2019-08-29 09:37:16,0.51,1.159,1,0.5,1.1363,108,0.48,1.0909,10,0.505,1.1477,3620,0
SPY190830C294,2019-08-29,2019-08-29 09:37:17,0.51,1.159,38,0.5,1.1363,50,0.48,1.0909,10,0.505,1.1477,3620,0
SPY190830C294,2019-08-29,2019-08-29 09:37:18,0.51,1.159,221,0.5,1.1363,50,0.48,1.0909,10,0.505,1.1477,3620,0
SPY190830C294,2019-08-29,2019-08-29 09:37:18,0.51,1.159,35,0.5,1.1363,50,0.48,1.0909,10,0.505,1.1477,3620,0
SPY190830C294,2019-08-29,2019-08-29 09:37:19,0.51,1.159,73,0.5,1.1363,50,0.48,1.0909,10,0.505,1.1477,3620,0
SPY190830C294,2019-08-29,2019-08-29 09:37:19,0.51,1.159,228,0.5,1.1363,50,0.48,1.0909,10,0.505,1.1477,3620,0
SPY190830C294,2019-08-29,2019-08-29 09:37:20,0.51,1.159,321,0.5,1.1363,50,0.48,1.0909,10,0.505,1.1477,3620,0
SPY190830C294,2019-08-29,2019-08-29 09:37:21,0.51,1.159,321,0.5,1.1363,90,0.48,1.0909,10,0.505,1.1477,3620,0
SPY190830C294,2019-08-29,2019-08-29 09:37:22,0.51,1.159,301,0.5,1.1363,90,0.48,1.0909,10,0.505,1.1477,3620,0
SPY190830C294,2019-08-29,2019-08-29 09:37:23,0.51,1.159,988,0.5,1.1363,50,0.48,1.0909,10,0.505,1.1477,3620,0
SPY190830C294,2019-08-29,2019-08-29 09:37:23,0.51,1.159,301,0.5,1.1363,90,0.48,1.0909,10,0.505,1.1477,3620,0
SPY190830C294,2019-08-29,2019-08-29 09:37:24,0.5,1.1363,100,0.49,1.1136,2,0.5,1.1363,45,0.495,1.125,3670,50
SPY190830C294,2019-08-29,2019-08-29 09:37:24,0.5,1.1363,616,0.47,1.0681,398,0.47,1.0681,1,0.485,1.1022,3673,3
SPY190830C294,2019-08-29,2019-08-29 09:37:25,0.48,1.0909,137,0.47,1.0681,398,0.49,1.1136,1,0.475,1.0795,3674,0
SPY190830C294,2019-08-29,2019-08-29 09:37:25,0.49,1.1136,70,0.47,1.0681,400,0.49,1.1136,1,0.48,1.0909,3674,1
SPY190830C294,2019-08-29,2019-08-29 09:37:26,0.49,1.1136,68,0.48,1.0909,398,0.49,1.1136,1,0.485,1.1022,3674,0
SPY190830C294,2019-08-29,2019-08-29 09:37:27,0.5,1.1363,358,0.48,1.0909,412,0.49,1.1136,1,0.49,1.1136,3674,0
SPY190830C294,2019-08-29,2019-08-29 09:37:27,0.49,1.1136,221,0.48,1.0909,412,0.49,1.1136,1,0.485,1.1022,3674,0
SPY190830C294,2019-08-29,2019-08-29 09:37:28,0.49,1.1136,321,0.48,1.0909,22,0.49,1.1136,1,0.485,1.1022,3674,0
SPY190830C294,2019-08-29,2019-08-29 09:37:28,0.49,1.1136,154,0.48,1.0909,412,0.49,1.1136,1,0.485,1.1022,3674,0
SPY190830C294,2019-08-29,2019-08-29 09:37:29,0.48,1.0909,358,0.46,1.0454,400,0.49,1.1136,1,0.47,1.0681,3674,0
SPY190830C294,2019-08-29,2019-08-29 09:37:29,0.48,1.0909,16,0.47,1.0681,50,0.49,1.1136,1,0.475,1.0795,3674,0
SPY190830C294,2019-08-29,2019-08-29 09:37:30,0.47,1.0681,5,0.46,1.0454,432,0.49,1.1136,1,0.465,1.0568,3674,0
SPY190830C294,2019-08-29,2019-08-29 09:37:30,0.47,1.0681,229,0.45,1.0227,503,0.49,1.1136,1,0.46,1.0454,3674,0
SPY190830C294,2019-08-29,2019-08-29 09:37:31,0.48,1.0909,100,0.47,1.0681,12,0.45,1.0227,3,0.475,1.0795,3677,0
SPY190830C294,2019-08-29,2019-08-29 09:37:31,0.47,1.0681,268,0.46,1.0454,398,0.45,1.0227,3,0.465,1.0568,3677,3
SPY190830C294,2019-08-29,2019-08-29 09:37:32,0.48,1.0909,150,0.47,1.0681,12,0.45,1.0227,3,0.475,1.0795,3677,0
SPY190830C294,2019-08-29,2019-08-29 09:37:32,0.48,1.0909,47,0.47,1.0681,530,0.45,1.0227,3,0.475,1.0795,3677,0
SPY190830C294,2019-08-29,2019-08-29 09:37:33,0.49,1.1136,221,0.47,1.0681,813,0.45,1.0227,3,0.48,1.0909,3677,0
SPY190830C294,2019-08-29,2019-08-29 09:37:33,0.49,1.1136,96,0.47,1.0681,630,0.45,1.0227,3,0.48,1.0909,3677,0
SPY190830C294,2019-08-29,2019-08-29 09:37:34,0.49,1.1136,183,0.48,1.0909,24,0.45,1.0227,3,0.485,1.1022,3677,0
SPY190830C294,2019-08-29,2019-08-29 09:37:34,0.49,1.1136,330,0.47,1.0681,827,0.45,1.0227,3,0.48,1.0909,3677,0
SPY190830C294,2019-08-29,2019-08-29 09:37:35,0.49,1.1136,5,0.48,1.0909,52,0.48,1.0909,10,0.485,1.1022,3687,10
SPY190830C294,2019-08-29,2019-08-29 09:37:35,0.49,1.1136,5,0.48,1.0909,410,0.45,1.0227,3,0.485,1.1022,3677,0
SPY190830C294,2019-08-29,2019-08-29 09:37:36,0.49,1.1136,146,0.48,1.0909,400,0.48,1.0909,10,0.485,1.1022,3687,0
SPY190830C294,2019-08-29,2019-08-29 09:37:37,0.5,1.1363,95,0.49,1.1136,592,0.48,1.0909,10,0.495,1.125,3687,0
SPY190830C294,2019-08-29,2019-08-29 09:37:37,0.49,1.1136,56,0.48,1.0909,704,0.48,1.0909,10,0.485,1.1022,3687,0
SPY190830C294,2019-08-29,2019-08-29 09:37:38,0.51,1.159,95,0.49,1.1136,494,0.48,1.0909,10,0.5,1.1363,3687,0
SPY190830C294,2019-08-29,2019-08-29 09:37:38,0.51,1.159,136,0.5,1.1363,26,0.48,1.0909,10,0.505,1.1477,3687,0
SPY190830C294,2019-08-29,2019-08-29 09:37:39,0.51,1.159,2,0.5,1.1363,400,0.48,1.0909,10,0.505,1.1477,3687,0
SPY190830C294,2019-08-29,2019-08-29 09:37:39,0.51,1.159,111,0.5,1.1363,32,0.48,1.0909,10,0.505,1.1477,3687,0
SPY190830C294,2019-08-29,2019-08-29 09:37:40,0.51,1.159,2,0.5,1.1363,482,0.48,1.0909,10,0.505,1.1477,3687,0
SPY190830C294,2019-08-29,2019-08-29 09:37:40,0.51,1.159,20,0.5,1.1363,482,0.48,1.0909,10,0.505,1.1477,3687,0
SPY190830C294,2019-08-29,2019-08-29 09:37:41,0.51,1.159,8,0.5,1.1363,398,0.48,1.0909,10,0.505,1.1477,3687,0
SPY190830C294,2019-08-29,2019-08-29 09:37:41,0.51,1.159,20,0.5,1.1363,562,0.48,1.0909,10,0.505,1.1477,3687,0
SPY190830C294,2019-08-29,2019-08-29 09:37:42,0.51,1.159,21,0.5,1.1363,2,0.49,1.1136,8,0.505,1.1477,3697,10
SPY190830C294,2019-08-29,2019-08-29 09:37:42,0.51,1.159,18,0.5,1.1363,398,0.48,1.0909,10,0.505,1.1477,3687,0
SPY190830C294,2019-08-29,2019-08-29 09:37:43,0.51,1.159,2,0.5,1.1363,112,0.49,1.1136,8,0.505,1.1477,3697,0
SPY190830C294,2019-08-29,2019-08-29 09:37:43,0.51,1.159,2,0.5,1.1363,671,0.49,1.1136,8,0.505,1.1477,3697,0
SPY190830C294,2019-08-29,2019-08-29 09:37:44,0.51,1.159,5,0.5,1.1363,470,0.49,1.1136,8,0.505,1.1477,3697,0
SPY190830C294,2019-08-29,2019-08-29 09:37:44,0.51,1.159,2,0.5,1.1363,134,0.49,1.1136,8,0.505,1.1477,3697,0
SPY190830C294,2019-08-29,2019-08-29 09:37:45,0.51,1.159,20,0.5,1.1363,692,0.49,1.1136,8,0.505,1.1477,3697,0
SPY190830C294,2019-08-29,2019-08-29 09:37:46,0.51,1.159,5,0.5,1.1363,70,0.49,1.1136,8,0.505,1.1477,3697,0
SPY190830C294,2019-08-29,2019-08-29 09:37:47,0.5,1.1363,37,0.49,1.1136,528,0.49,1.1136,8,0.495,1.125,3697,0
SPY190830C294,2019-08-29,2019-08-29 09:37:47,0.51,1.159,89,0.49,1.1136,528,0.49,1.1136,8,0.5,1.1363,3697,0
SPY190830C294,2019-08-29,2019-08-29 09:37:48,0.51,1.159,2,0.5,1.1363,398,0.51,1.159,40,0.505,1.1477,3742,40
SPY190830C294,2019-08-29,2019-08-29 09:37:48,0.51,1.159,141,0.5,1.1363,398,0.5,1.1363,5,0.505,1.1477,3702,5
SPY190830C294,2019-08-29,2019-08-29 09:37:49,0.51,1.159,2,0.5,1.1363,538,0.51,1.159,40,0.505,1.1477,3742,0
SPY190830C294,2019-08-29,2019-08-29 09:37:50,0.51,1.159,2,0.5,1.1363,538,0.51,1.159,40,0.505,1.1477,3742,0
SPY190830C294,2019-08-29,2019-08-29 09:37:50,0.51,1.159,19,0.5,1.1363,23,0.51,1.159,40,0.505,1.1477,3742,0
SPY190830C294,2019-08-29,2019-08-29 09:37:51,0.51,1.159,22,0.5,1.1363,32,0.51,1.159,40,0.505,1.1477,3742,0
SPY190830C294,2019-08-29,2019-08-29 09:37:51,0.51,1.159,42,0.5,1.1363,49,0.51,1.159,40,0.505,1.1477,3742,0
SPY190830C294,2019-08-29,2019-08-29 09:37:52,0.51,1.159,26,0.5,1.1363,486,0.51,1.159,40,0.505,1.1477,3742,0
SPY190830C294,2019-08-29,2019-08-29 09:37:52,0.51,1.159,5,0.5,1.1363,486,0.51,1.159,40,0.505,1.1477,3742,0
SPY190830C294,2019-08-29,2019-08-29 09:37:53,0.51,1.159,41,0.5,1.1363,108,0.51,1.159,40,0.505,1.1477,3742,0
SPY190830C294,2019-08-29,2019-08-29 09:37:53,0.51,1.159,41,0.5,1.1363,96,0.51,1.159,40,0.505,1.1477,3742,0
SPY190830C294,2019-08-29,2019-08-29 09:37:54,0.51,1.159,41,0.5,1.1363,108,0.51,1.159,40,0.505,1.1477,3742,0
SPY190830C294,2019-08-29,2019-08-29 09:37:54,0.51,1.159,94,0.5,1.1363,16,0.51,1.159,40,0.505,1.1477,3742,0
SPY190830C294,2019-08-29,2019-08-29 09:37:55,0.51,1.159,87,0.5,1.1363,16,0.51,1.159,40,0.505,1.1477,3742,0
SPY190830C294,2019-08-29,2019-08-29 09:37:55,0.51,1.159,100,0.5,1.1363,2,0.51,1.159,40,0.505,1.1477,3742,0
SPY190830C294,2019-08-29,2019-08-29 09:37:56,0.51,1.159,100,0.5,1.1363,2,0.51,1.159,40,0.505,1.1477,3742,0
SPY190830C294,2019-08-29,2019-08-29 09:37:56,0.51,1.159,225,0.5,1.1363,2,0.51,1.159,40,0.505,1.1477,3742,0
SPY190830C294,2019-08-29,2019-08-29 09:37:57,0.51,1.159,790,0.5,1.1363,2,0.51,1.159,10,0.505,1.1477,3752,0
SPY190830C294,2019-08-29,2019-08-29 09:37:57,0.51,1.159,225,0.5,1.1363,2,0.51,1.159,10,0.505,1.1477,3752,10
SPY190830C294,2019-08-29,2019-08-29 09:37:58,0.51,1.159,790,0.5,1.1363,1,0.5,1.1363,1,0.505,1.1477,3753,1
SPY190830C294,2019-08-29,2019-08-29 09:37:58,0.51,1.159,790,0.5,1.1363,2,0.51,1.159,10,0.505,1.1477,3752,0
SPY190830C294,2019-08-29,2019-08-29 09:37:59,0.51,1.159,211,0.5,1.1363,16,0.5,1.1363,1,0.505,1.1477,3753,0
SPY190830C294,2019-08-29,2019-08-29 09:37:59,0.51,1.159,744,0.5,1.1363,1,0.5,1.1363,1,0.505,1.1477,3753,0
SPY190830C294,2019-08-29,2019-08-29 09:38:00,0.51,1.159,111,0.5,1.1363,45,0.5,1.1363,1,0.505,1.1477,3753,0
SPY190830C294,2019-08-29,2019-08-29 09:38:00,0.51,1.159,15,0.5,1.1363,6,0.5,1.1363,1,0.505,1.1477,3753,0
SPY190830C294,2019-08-29,2019-08-29 09:38:01,0.51,1.159,912,0.5,1.1363,1,0.5,1.1363,1,0.505,1.1477,3753,0
SPY190830C294,2019-08-29,2019-08-29 09:38:01,0.51,1.159,601,0.5,1.1363,1,0.5,1.1363,1,0.505,1.1477,3753,0
SPY190830C294,2019-08-29,2019-08-29 09:38:02,0.51,1.159,128,0.5,1.1363,24,0.5,1.1363,1,0.505,1.1477,3753,0
SPY190830C294,2019-08-29,2019-08-29 09:38:02,0.51,1.159,221,0.5,1.1363,6,0.5,1.1363,1,0.505,1.1477,3753,0
SPY190830C294,2019-08-29,2019-08-29 09:38:03,0.51,1.159,321,0.5,1.1363,1,0.5,1.1363,100,0.505,1.1477,3853,100
SPY190830C294,2019-08-29,2019-08-29 09:38:03,0.51,1.159,321,0.5,1.1363,1,0.5,1.1363,100,0.505,1.1477,3853,0
SPY190830C294,2019-08-29,2019-08-29 09:38:04,0.51,1.159,496,0.5,1.1363,1,0.5,1.1363,100,0.505,1.1477,3853,0
SPY190830C294,2019-08-29,2019-08-29 09:38:04,0.51,1.159,618,0.5,1.1363,1,0.5,1.1363,100,0.505,1.1477,3853,0
SPY190830C294,2019-08-29,2019-08-29 09:38:05,0.51,1.159,837,0.5,1.1363,1,0.5,1.1363,100,0.505,1.1477,3853,0
SPY190830C294,2019-08-29,2019-08-29 09:38:05,0.51,1.159,746,0.5,1.1363,1,0.5,1.1363,100,0.505,1.1477,3853,0
SPY190830C294,2019-08-29,2019-08-29 09:38:06,0.51,1.159,1251,0.5,1.1363,1,0.5,1.1363,100,0.505,1.1477,3853,0
SPY190830C294,2019-08-29,2019-08-29 09:38:07,0.51,1.159,1118,0.5,1.1363,1,0.5,1.1363,100,0.505,1.1477,3853,0
SPY190830C294,2019-08-29,2019-08-29 09:38:08,0.51,1.159,810,0.5,1.1363,1,0.5,1.1363,100,0.505,1.1477,3853,0
SPY190830C294,2019-08-29,2019-08-29 09:38:08,0.51,1.159,684,0.5,1.1363,1,0.5,1.1363,100,0.505,1.1477,3853,0
SPY190830C294,2019-08-29,2019-08-29 09:38:09,0.51,1.159,486,0.5,1.1363,1,0.5,1.1363,100,0.505,1.1477,3853,0
SPY190830C294,2019-08-29,2019-08-29 09:38:09,0.51,1.159,486,0.5,1.1363,6,0.5,1.1363,100,0.505,1.1477,3853,0
SPY190830C294,2019-08-29,2019-08-29 09:38:10,0.5,1.1363,5,0.49,1.1136,852,0.49,1.1136,13,0.495,1.125,3953,0
SPY190830C294,2019-08-29,2019-08-29 09:38:10,0.5,1.1363,5,0.49,1.1136,608,0.49,1.1136,13,0.495,1.125,3953,100
SPY190830C294,2019-08-29,2019-08-29 09:38:11,0.5,1.1363,10,0.49,1.1136,747,0.49,1.1136,13,0.495,1.125,3953,0
SPY190830C294,2019-08-29,2019-08-29 09:38:11,0.5,1.1363,5,0.49,1.1136,852,0.49,1.1136,13,0.495,1.125,3953,0
SPY190830C294,2019-08-29,2019-08-29 09:38:12,0.5,1.1363,90,0.49,1.1136,747,0.49,1.1136,13,0.495,1.125,3953,0
SPY190830C294,2019-08-29,2019-08-29 09:38:12,0.5,1.1363,133,0.49,1.1136,747,0.49,1.1136,13,0.495,1.125,3953,0
SPY190830C294,2019-08-29,2019-08-29 09:38:13,0.5,1.1363,91,0.49,1.1136,72,0.49,1.1136,13,0.495,1.125,3953,0
SPY190830C294,2019-08-29,2019-08-29 09:38:13,0.5,1.1363,269,0.49,1.1136,86,0.49,1.1136,13,0.495,1.125,3953,0
SPY190830C294,2019-08-29,2019-08-29 09:38:14,0.5,1.1363,705,0.49,1.1136,86,0.49,1.1136,13,0.495,1.125,3953,0
SPY190830C294,2019-08-29,2019-08-29 09:38:15,0.5,1.1363,705,0.49,1.1136,86,0.49,1.1136,13,0.495,1.125,3953,0
SPY190830C294,2019-08-29,2019-08-29 09:38:16,0.5,1.1363,224,0.49,1.1136,62,0.49,1.1136,13,0.495,1.125,3953,0
SPY190830C294,2019-08-29,2019-08-29 09:38:16,0.5,1.1363,515,0.49,1.1136,62,0.49,1.1136,13,0.495,1.125,3953,0
SPY190830C294,2019-08-29,2019-08-29 09:38:17,0.5,1.1363,515,0.49,1.1136,62,0.49,1.1136,13,0.495,1.125,3953,0
SPY190830C294,2019-08-29,2019-08-29 09:38:17,0.5,1.1363,684,0.49,1.1136,86,0.49,1.1136,13,0.495,1.125,3953,0
SPY190830C294,2019-08-29,2019-08-29 09:38:18,0.5,1.1363,684,0.49,1.1136,86,0.49,1.1136,13,0.495,1.125,3953,0
SPY190830C294,2019-08-29,2019-08-29 09:38:18,0.5,1.1363,357,0.49,1.1136,86,0.49,1.1136,13,0.495,1.125,3953,0
SPY190830C294,2019-08-29,2019-08-29 09:38:19,0.5,1.1363,557,0.49,1.1136,72,0.49,1.1136,13,0.495,1.125,3953,0
SPY190830C294,2019-08-29,2019-08-29 09:38:19,0.5,1.1363,652,0.49,1.1136,86,0.49,1.1136,13,0.495,1.125,3953,0
SPY190830C294,2019-08-29,2019-08-29 09:38:20,0.49,1.1136,6,0.48,1.0909,963,0.49,1.1136,13,0.485,1.1022,3953,0
SPY190830C294,2019-08-29,2019-08-29 09:38:20,0.49,1.1136,62,0.47,1.0681,398,0.49,1.1136,13,0.48,1.0909,3953,0
SPY190830C294,2019-08-29,2019-08-29 09:38:21,0.5,1.1363,100,0.48,1.0909,416,0.49,1.1136,13,0.49,1.1136,3953,0
SPY190830C294,2019-08-29,2019-08-29 09:38:21,0.49,1.1136,85,0.47,1.0681,644,0.49,1.1136,13,0.48,1.0909,3953,0
SPY190830C294,2019-08-29,2019-08-29 09:38:22,0.5,1.1363,361,0.48,1.0909,781,0.49,1.1136,13,0.49,1.1136,3953,0
SPY190830C294,2019-08-29,2019-08-29 09:38:22,0.5,1.1363,319,0.48,1.0909,781,0.49,1.1136,13,0.49,1.1136,3953,0
SPY190830C294,2019-08-29,2019-08-29 09:38:23,0.5,1.1363,841,0.49,1.1136,17,0.49,1.1136,13,0.495,1.125,3953,0
SPY190830C294,2019-08-29,2019-08-29 09:38:24,0.49,1.1136,5,0.48,1.0909,492,0.49,1.1136,13,0.485,1.1022,3953,0
SPY190830C294,2019-08-29,2019-08-29 09:38:24,0.5,1.1363,337,0.49,1.1136,17,0.49,1.1136,13,0.495,1.125,3953,0
SPY190830C294,2019-08-29,2019-08-29 09:38:25,0.49,1.1136,17,0.48,1.0909,400,0.49,1.1136,13,0.485,1.1022,3953,0
SPY190830C294,2019-08-29,2019-08-29 09:38:26,0.49,1.1136,17,0.48,1.0909,437,0.49,1.1136,13,0.485,1.1022,3953,0
SPY190830C294,2019-08-29,2019-08-29 09:38:26,0.49,1.1136,17,0.48,1.0909,513,0.49,1.1136,13,0.485,1.1022,3953,0
SPY190830C294,2019-08-29,2019-08-29 09:38:27,0.49,1.1136,87,0.48,1.0909,554,0.49,1.1136,13,0.485,1.1022,3953,0
SPY190830C294,2019-08-29,2019-08-29 09:38:27,0.49,1.1136,124,0.48,1.0909,754,0.49,1.1136,13,0.485,1.1022,3953,0
SPY190830C294,2019-08-29,2019-08-29 09:38:28,0.5,1.1363,439,0.48,1.0909,944,0.49,1.1136,13,0.49,1.1136,3953,0
