symbol,Date,quote_time,ask_price,norm_ask_price,ask_size,bid_price,norm_bid_price,bid_size,last_trade_price,norm_last_trade_price,last_trade_size,mark_price,norm_mark_price,volume,Volume
SPY190724P299,2019-07-23,2019-07-23 09:30:47,0.67,1.0,391,0.64,0.9552,100,0.64,0.9552,3,0.655,0.9776,310,310
SPY190724P299,2019-07-23,2019-07-23 09:30:49,0.67,1.0,554,0.65,0.9701,103,0.64,0.9552,3,0.66,0.985,310,0
SPY190724P299,2019-07-23,2019-07-23 09:30:50,0.67,1.0,554,0.65,0.9701,112,0.67,1.0,45,0.66,0.985,355,45
SPY190724P299,2019-07-23,2019-07-23 09:30:50,0.67,1.0,554,0.65,0.9701,112,0.67,1.0,1,0.66,0.985,356,1
SPY190724P299,2019-07-23,2019-07-23 09:30:51,0.67,1.0,554,0.65,0.9701,112,0.67,1.0,1,0.66,0.985,356,0
SPY190724P299,2019-07-23,2019-07-23 09:30:52,0.67,1.0,344,0.65,0.9701,112,0.67,1.0,1,0.66,0.985,356,0
SPY190724P299,2019-07-23,2019-07-23 09:30:53,0.67,1.0,551,0.65,0.9701,112,0.67,1.0,1,0.66,0.985,356,0
SPY190724P299,2019-07-23,2019-07-23 09:30:53,0.67,1.0,492,0.65,0.9701,112,0.67,1.0,1,0.66,0.985,356,0
SPY190724P299,2019-07-23,2019-07-23 09:30:54,0.68,1.0149,240,0.66,0.985,104,0.67,1.0,1,0.67,1.0,356,0
SPY190724P299,2019-07-23,2019-07-23 09:30:54,0.67,1.0,551,0.65,0.9701,112,0.67,1.0,1,0.66,0.985,356,0
SPY190724P299,2019-07-23,2019-07-23 09:30:55,0.68,1.0149,222,0.66,0.985,121,0.67,1.0,1,0.67,1.0,356,0
SPY190724P299,2019-07-23,2019-07-23 09:30:56,0.68,1.0149,105,0.66,0.985,121,0.67,1.0,1,0.67,1.0,356,0
SPY190724P299,2019-07-23,2019-07-23 09:30:56,0.68,1.0149,100,0.66,0.985,121,0.67,1.0,1,0.67,1.0,356,0
SPY190724P299,2019-07-23,2019-07-23 09:30:57,0.7,1.0447,360,0.66,0.985,369,0.67,1.0,1,0.68,1.0149,356,0
SPY190724P299,2019-07-23,2019-07-23 09:30:57,0.68,1.0149,100,0.66,0.985,184,0.67,1.0,1,0.67,1.0,356,0
SPY190724P299,2019-07-23,2019-07-23 09:30:58,0.69,1.0298,129,0.67,1.0,120,0.67,1.0,1,0.68,1.0149,360,4
SPY190724P299,2019-07-23,2019-07-23 09:30:58,0.69,1.0298,153,0.67,1.0,149,0.67,1.0,1,0.68,1.0149,360,0
SPY190724P299,2019-07-23,2019-07-23 09:30:59,0.69,1.0298,153,0.67,1.0,225,0.67,1.0,1,0.68,1.0149,360,0
SPY190724P299,2019-07-23,2019-07-23 09:30:59,0.69,1.0298,60,0.67,1.0,225,0.69,1.0298,2,0.68,1.0149,364,4
SPY190724P299,2019-07-23,2019-07-23 09:31:00,0.69,1.0298,93,0.67,1.0,108,0.69,1.0298,1,0.68,1.0149,365,1
SPY190724P299,2019-07-23,2019-07-23 09:31:01,0.69,1.0298,60,0.68,1.0149,25,0.69,1.0298,1,0.685,1.0223,365,0
SPY190724P299,2019-07-23,2019-07-23 09:31:01,0.69,1.0298,95,0.68,1.0149,29,0.69,1.0298,1,0.685,1.0223,365,0
SPY190724P299,2019-07-23,2019-07-23 09:31:02,0.69,1.0298,141,0.68,1.0149,25,0.68,1.0149,6,0.685,1.0223,395,30
SPY190724P299,2019-07-23,2019-07-23 09:31:02,0.69,1.0298,123,0.68,1.0149,25,0.69,1.0298,1,0.685,1.0223,365,0
SPY190724P299,2019-07-23,2019-07-23 09:31:03,0.7,1.0447,628,0.68,1.0149,15,0.68,1.0149,6,0.69,1.0298,395,0
SPY190724P299,2019-07-23,2019-07-23 09:31:03,0.69,1.0298,50,0.68,1.0149,29,0.68,1.0149,6,0.685,1.0223,395,0
SPY190724P299,2019-07-23,2019-07-23 09:31:04,0.69,1.0298,50,0.68,1.0149,50,0.69,1.0298,2,0.685,1.0223,398,3
SPY190724P299,2019-07-23,2019-07-23 09:31:05,0.7,1.0447,100,0.68,1.0149,75,0.69,1.0298,2,0.69,1.0298,398,0
SPY190724P299,2019-07-23,2019-07-23 09:31:05,0.7,1.0447,110,0.69,1.0298,29,0.69,1.0298,2,0.695,1.0373,398,0
SPY190724P299,2019-07-23,2019-07-23 09:31:06,0.7,1.0447,59,0.69,1.0298,29,0.69,1.0298,2,0.695,1.0373,398,0
SPY190724P299,2019-07-23,2019-07-23 09:31:06,0.7,1.0447,100,0.69,1.0298,2,0.69,1.0298,2,0.695,1.0373,398,0
SPY190724P299,2019-07-23,2019-07-23 09:31:07,0.7,1.0447,127,0.69,1.0298,29,0.69,1.0298,2,0.695,1.0373,398,0
SPY190724P299,2019-07-23,2019-07-23 09:31:07,0.7,1.0447,98,0.69,1.0298,29,0.69,1.0298,2,0.695,1.0373,398,0
SPY190724P299,2019-07-23,2019-07-23 09:31:08,0.7,1.0447,202,0.69,1.0298,2,0.7,1.0447,10,0.695,1.0373,408,10
SPY190724P299,2019-07-23,2019-07-23 09:31:08,0.7,1.0447,557,0.68,1.0149,29,0.69,1.0298,1,0.69,1.0298,411,3
SPY190724P299,2019-07-23,2019-07-23 09:31:09,0.69,1.0298,154,0.68,1.0149,2,0.69,1.0298,1,0.685,1.0223,411,0
SPY190724P299,2019-07-23,2019-07-23 09:31:10,0.69,1.0298,362,0.68,1.0149,2,0.68,1.0149,2,0.685,1.0223,414,3
SPY190724P299,2019-07-23,2019-07-23 09:31:10,0.69,1.0298,341,0.68,1.0149,2,0.69,1.0298,1,0.685,1.0223,411,0
SPY190724P299,2019-07-23,2019-07-23 09:31:11,0.68,1.0149,241,0.66,0.985,248,0.68,1.0149,50,0.67,1.0,489,75
SPY190724P299,2019-07-23,2019-07-23 09:31:11,0.69,1.0298,362,0.68,1.0149,2,0.68,1.0149,2,0.685,1.0223,414,0
SPY190724P299,2019-07-23,2019-07-23 09:31:12,0.68,1.0149,251,0.66,0.985,122,0.68,1.0149,2,0.67,1.0,491,0
SPY190724P299,2019-07-23,2019-07-23 09:31:12,0.68,1.0149,251,0.66,0.985,122,0.68,1.0149,2,0.67,1.0,491,2
SPY190724P299,2019-07-23,2019-07-23 09:31:13,0.68,1.0149,280,0.66,0.985,113,0.68,1.0149,20,0.67,1.0,511,20
SPY190724P299,2019-07-23,2019-07-23 09:31:13,0.68,1.0149,251,0.66,0.985,133,0.68,1.0149,2,0.67,1.0,491,0
SPY190724P299,2019-07-23,2019-07-23 09:31:14,0.68,1.0149,280,0.66,0.985,113,0.68,1.0149,20,0.67,1.0,511,0
SPY190724P299,2019-07-23,2019-07-23 09:31:15,0.68,1.0149,280,0.66,0.985,113,0.67,1.0,1,0.67,1.0,512,1
SPY190724P299,2019-07-23,2019-07-23 09:31:15,0.68,1.0149,280,0.66,0.985,113,0.67,1.0,1,0.67,1.0,512,0
SPY190724P299,2019-07-23,2019-07-23 09:31:16,0.68,1.0149,517,0.66,0.985,110,0.67,1.0,1,0.67,1.0,512,0
SPY190724P299,2019-07-23,2019-07-23 09:31:16,0.68,1.0149,317,0.66,0.985,113,0.67,1.0,1,0.67,1.0,512,0
SPY190724P299,2019-07-23,2019-07-23 09:31:17,0.68,1.0149,517,0.66,0.985,110,0.67,1.0,1,0.67,1.0,512,0
SPY190724P299,2019-07-23,2019-07-23 09:31:17,0.68,1.0149,399,0.66,0.985,110,0.67,1.0,1,0.67,1.0,512,0
SPY190724P299,2019-07-23,2019-07-23 09:31:18,0.68,1.0149,311,0.67,1.0,200,0.67,1.0,1,0.675,1.0074,512,0
SPY190724P299,2019-07-23,2019-07-23 09:31:18,0.68,1.0149,464,0.66,0.985,110,0.67,1.0,1,0.67,1.0,512,0
SPY190724P299,2019-07-23,2019-07-23 09:31:19,0.69,1.0298,158,0.68,1.0149,10,0.67,1.0,1,0.685,1.0223,512,0
SPY190724P299,2019-07-23,2019-07-23 09:31:20,0.7,1.0447,135,0.68,1.0149,25,0.67,1.0,1,0.69,1.0298,512,0
SPY190724P299,2019-07-23,2019-07-23 09:31:20,0.7,1.0447,89,0.68,1.0149,104,0.67,1.0,1,0.69,1.0298,512,0
SPY190724P299,2019-07-23,2019-07-23 09:31:21,0.7,1.0447,124,0.68,1.0149,154,0.7,1.0447,10,0.69,1.0298,522,10
SPY190724P299,2019-07-23,2019-07-23 09:31:21,0.7,1.0447,134,0.68,1.0149,163,0.7,1.0447,10,0.69,1.0298,522,0
SPY190724P299,2019-07-23,2019-07-23 09:31:22,0.7,1.0447,139,0.68,1.0149,75,0.7,1.0447,10,0.69,1.0298,522,0
SPY190724P299,2019-07-23,2019-07-23 09:31:22,0.69,1.0298,105,0.68,1.0149,10,0.7,1.0447,10,0.685,1.0223,522,0
SPY190724P299,2019-07-23,2019-07-23 09:31:23,0.7,1.0447,129,0.68,1.0149,29,0.7,1.0447,10,0.69,1.0298,522,0
SPY190724P299,2019-07-23,2019-07-23 09:31:23,0.7,1.0447,191,0.68,1.0149,118,0.7,1.0447,10,0.69,1.0298,522,0
SPY190724P299,2019-07-23,2019-07-23 09:31:24,0.7,1.0447,223,0.68,1.0149,118,0.7,1.0447,10,0.69,1.0298,522,0
SPY190724P299,2019-07-23,2019-07-23 09:31:25,0.7,1.0447,227,0.68,1.0149,118,0.7,1.0447,10,0.69,1.0298,522,0
SPY190724P299,2019-07-23,2019-07-23 09:31:25,0.7,1.0447,141,0.68,1.0149,118,0.7,1.0447,10,0.69,1.0298,522,0
SPY190724P299,2019-07-23,2019-07-23 09:31:26,0.7,1.0447,491,0.68,1.0149,118,0.7,1.0447,10,0.69,1.0298,522,0
SPY190724P299,2019-07-23,2019-07-23 09:31:26,0.7,1.0447,125,0.69,1.0298,29,0.7,1.0447,10,0.695,1.0373,522,0
SPY190724P299,2019-07-23,2019-07-23 09:31:27,0.7,1.0447,125,0.68,1.0149,168,0.7,1.0447,10,0.69,1.0298,522,0
SPY190724P299,2019-07-23,2019-07-23 09:31:27,0.7,1.0447,25,0.68,1.0149,225,0.7,1.0447,10,0.69,1.0298,522,0
SPY190724P299,2019-07-23,2019-07-23 09:31:28,0.69,1.0298,158,0.68,1.0149,29,0.7,1.0447,10,0.685,1.0223,522,0
SPY190724P299,2019-07-23,2019-07-23 09:31:28,0.69,1.0298,125,0.68,1.0149,10,0.7,1.0447,10,0.685,1.0223,522,0
SPY190724P299,2019-07-23,2019-07-23 09:31:29,0.69,1.0298,158,0.68,1.0149,29,0.69,1.0298,2,0.685,1.0223,524,2
SPY190724P299,2019-07-23,2019-07-23 09:31:30,0.69,1.0298,106,0.68,1.0149,29,0.69,1.0298,2,0.685,1.0223,524,0
SPY190724P299,2019-07-23,2019-07-23 09:31:30,0.69,1.0298,43,0.68,1.0149,10,0.69,1.0298,2,0.685,1.0223,524,0
SPY190724P299,2019-07-23,2019-07-23 09:31:31,0.69,1.0298,10,0.68,1.0149,10,0.69,1.0298,2,0.685,1.0223,524,0
SPY190724P299,2019-07-23,2019-07-23 09:31:31,0.69,1.0298,158,0.68,1.0149,10,0.69,1.0298,2,0.685,1.0223,524,0
SPY190724P299,2019-07-23,2019-07-23 09:31:32,0.7,1.0447,172,0.68,1.0149,61,0.69,1.0298,2,0.69,1.0298,524,0
SPY190724P299,2019-07-23,2019-07-23 09:31:32,0.69,1.0298,158,0.68,1.0149,10,0.69,1.0298,2,0.685,1.0223,524,0
SPY190724P299,2019-07-23,2019-07-23 09:31:33,0.7,1.0447,471,0.68,1.0149,66,0.7,1.0447,1,0.69,1.0298,525,1
SPY190724P299,2019-07-23,2019-07-23 09:31:33,0.7,1.0447,342,0.68,1.0149,66,0.7,1.0447,1,0.69,1.0298,525,0
SPY190724P299,2019-07-23,2019-07-23 09:31:34,0.7,1.0447,342,0.68,1.0149,121,0.7,1.0447,1,0.69,1.0298,525,0
SPY190724P299,2019-07-23,2019-07-23 09:31:34,0.7,1.0447,342,0.68,1.0149,92,0.7,1.0447,171,0.69,1.0298,725,200
SPY190724P299,2019-07-23,2019-07-23 09:31:35,0.7,1.0447,468,0.68,1.0149,29,0.7,1.0447,171,0.69,1.0298,725,0
SPY190724P299,2019-07-23,2019-07-23 09:31:36,0.7,1.0447,608,0.68,1.0149,10,0.69,1.0298,1,0.69,1.0298,727,2
SPY190724P299,2019-07-23,2019-07-23 09:31:36,0.7,1.0447,608,0.68,1.0149,29,0.7,1.0447,171,0.69,1.0298,725,0
SPY190724P299,2019-07-23,2019-07-23 09:31:37,0.69,1.0298,318,0.68,1.0149,10,0.69,1.0298,1,0.685,1.0223,728,1
SPY190724P299,2019-07-23,2019-07-23 09:31:37,0.69,1.0298,48,0.68,1.0149,10,0.69,1.0298,1,0.685,1.0223,728,0
SPY190724P299,2019-07-23,2019-07-23 09:31:38,0.7,1.0447,158,0.68,1.0149,168,0.69,1.0298,1,0.69,1.0298,728,0
SPY190724P299,2019-07-23,2019-07-23 09:31:39,0.7,1.0447,168,0.68,1.0149,168,0.69,1.0298,1,0.69,1.0298,728,0
SPY190724P299,2019-07-23,2019-07-23 09:31:39,0.7,1.0447,39,0.68,1.0149,10,0.69,1.0298,1,0.69,1.0298,728,0
SPY190724P299,2019-07-23,2019-07-23 09:31:40,0.69,1.0298,105,0.68,1.0149,29,0.69,1.0298,1,0.685,1.0223,728,0
SPY190724P299,2019-07-23,2019-07-23 09:31:40,0.7,1.0447,158,0.68,1.0149,29,0.69,1.0298,1,0.69,1.0298,728,0
SPY190724P299,2019-07-23,2019-07-23 09:31:41,0.7,1.0447,168,0.68,1.0149,114,0.69,1.0298,1,0.69,1.0298,728,0
SPY190724P299,2019-07-23,2019-07-23 09:31:41,0.7,1.0447,135,0.68,1.0149,64,0.69,1.0298,1,0.69,1.0298,728,0
SPY190724P299,2019-07-23,2019-07-23 09:31:42,0.7,1.0447,418,0.68,1.0149,29,0.69,1.0298,1,0.69,1.0298,728,0
SPY190724P299,2019-07-23,2019-07-23 09:31:42,0.69,1.0298,29,0.68,1.0149,29,0.69,1.0298,1,0.685,1.0223,728,0
SPY190724P299,2019-07-23,2019-07-23 09:31:43,0.69,1.0298,4,0.68,1.0149,118,0.69,1.0298,20,0.685,1.0223,859,131
SPY190724P299,2019-07-23,2019-07-23 09:31:44,0.69,1.0298,1,0.68,1.0149,29,0.69,1.0298,20,0.685,1.0223,859,0
SPY190724P299,2019-07-23,2019-07-23 09:31:44,0.69,1.0298,1,0.68,1.0149,100,0.69,1.0298,20,0.685,1.0223,859,0
SPY190724P299,2019-07-23,2019-07-23 09:31:45,0.69,1.0298,1,0.68,1.0149,100,0.69,1.0298,20,0.685,1.0223,859,0
SPY190724P299,2019-07-23,2019-07-23 09:31:45,0.69,1.0298,78,0.68,1.0149,100,0.69,1.0298,20,0.685,1.0223,859,0
SPY190724P299,2019-07-23,2019-07-23 09:31:46,0.69,1.0298,1,0.68,1.0149,179,0.69,1.0298,20,0.685,1.0223,859,0
SPY190724P299,2019-07-23,2019-07-23 09:31:46,0.69,1.0298,79,0.68,1.0149,168,0.69,1.0298,20,0.685,1.0223,859,0
SPY190724P299,2019-07-23,2019-07-23 09:31:47,0.69,1.0298,1,0.68,1.0149,179,0.69,1.0298,20,0.685,1.0223,859,0
SPY190724P299,2019-07-23,2019-07-23 09:31:47,0.69,1.0298,1,0.68,1.0149,179,0.68,1.0149,1,0.685,1.0223,860,1
SPY190724P299,2019-07-23,2019-07-23 09:31:48,0.7,1.0447,35,0.69,1.0298,100,0.69,1.0298,1,0.695,1.0373,861,1
SPY190724P299,2019-07-23,2019-07-23 09:31:49,0.7,1.0447,35,0.69,1.0298,15,0.69,1.0298,1,0.695,1.0373,861,0
SPY190724P299,2019-07-23,2019-07-23 09:31:49,0.7,1.0447,25,0.69,1.0298,204,0.69,1.0298,1,0.695,1.0373,861,0
SPY190724P299,2019-07-23,2019-07-23 09:31:50,0.7,1.0447,16,0.69,1.0298,167,0.7,1.0447,1,0.695,1.0373,871,10
SPY190724P299,2019-07-23,2019-07-23 09:31:50,0.7,1.0447,16,0.69,1.0298,164,0.7,1.0447,1,0.695,1.0373,871,0
SPY190724P299,2019-07-23,2019-07-23 09:31:51,0.7,1.0447,16,0.69,1.0298,164,0.7,1.0447,1,0.695,1.0373,871,0
SPY190724P299,2019-07-23,2019-07-23 09:31:51,0.7,1.0447,23,0.69,1.0298,164,0.7,1.0447,1,0.695,1.0373,871,0
SPY190724P299,2019-07-23,2019-07-23 09:31:52,0.7,1.0447,23,0.69,1.0298,15,0.7,1.0447,1,0.695,1.0373,871,0
SPY190724P299,2019-07-23,2019-07-23 09:31:53,0.7,1.0447,125,0.69,1.0298,15,0.7,1.0447,1,0.695,1.0373,871,0
SPY190724P299,2019-07-23,2019-07-23 09:31:53,0.7,1.0447,119,0.69,1.0298,15,0.7,1.0447,1,0.695,1.0373,871,0
SPY190724P299,2019-07-23,2019-07-23 09:31:54,0.7,1.0447,16,0.69,1.0298,164,0.7,1.0447,1,0.695,1.0373,871,0
SPY190724P299,2019-07-23,2019-07-23 09:31:54,0.7,1.0447,92,0.69,1.0298,45,0.7,1.0447,1,0.695,1.0373,871,0
SPY190724P299,2019-07-23,2019-07-23 09:31:55,0.7,1.0447,24,0.69,1.0298,202,0.7,1.0447,1,0.695,1.0373,871,0
SPY190724P299,2019-07-23,2019-07-23 09:31:55,0.7,1.0447,16,0.69,1.0298,164,0.7,1.0447,1,0.695,1.0373,871,0
SPY190724P299,2019-07-23,2019-07-23 09:31:56,0.7,1.0447,24,0.69,1.0298,384,0.7,1.0447,1,0.695,1.0373,871,0
SPY190724P299,2019-07-23,2019-07-23 09:31:56,0.7,1.0447,24,0.69,1.0298,212,0.7,1.0447,10,0.695,1.0373,881,10
SPY190724P299,2019-07-23,2019-07-23 09:31:57,0.7,1.0447,6,0.69,1.0298,384,0.7,1.0447,10,0.695,1.0373,881,0
SPY190724P299,2019-07-23,2019-07-23 09:31:58,0.72,1.0746,10,0.69,1.0298,377,0.7,1.0447,6,0.705,1.0522,887,0
SPY190724P299,2019-07-23,2019-07-23 09:31:58,0.72,1.0746,152,0.69,1.0298,384,0.7,1.0447,6,0.705,1.0522,887,6
SPY190724P299,2019-07-23,2019-07-23 09:31:59,0.73,1.0895,427,0.71,1.0597,1,0.7,1.0447,6,0.72,1.0746,887,0
SPY190724P299,2019-07-23,2019-07-23 09:32:00,0.72,1.0746,210,0.7,1.0447,29,0.7,1.0447,6,0.71,1.0597,887,0
SPY190724P299,2019-07-23,2019-07-23 09:32:00,0.72,1.0746,472,0.7,1.0447,35,0.7,1.0447,6,0.71,1.0597,887,0
SPY190724P299,2019-07-23,2019-07-23 09:32:01,0.72,1.0746,43,0.7,1.0447,135,0.7,1.0447,6,0.71,1.0597,887,0
SPY190724P299,2019-07-23,2019-07-23 09:32:01,0.72,1.0746,110,0.71,1.0597,1,0.7,1.0447,6,0.715,1.0671,887,0
SPY190724P299,2019-07-23,2019-07-23 09:32:02,0.72,1.0746,40,0.71,1.0597,1,0.7,1.0447,6,0.715,1.0671,887,0
SPY190724P299,2019-07-23,2019-07-23 09:32:03,0.73,1.0895,427,0.7,1.0447,150,0.7,1.0447,6,0.715,1.0671,887,0
SPY190724P299,2019-07-23,2019-07-23 09:32:03,0.73,1.0895,458,0.71,1.0597,1,0.7,1.0447,6,0.72,1.0746,887,0
SPY190724P299,2019-07-23,2019-07-23 09:32:04,0.72,1.0746,16,0.71,1.0597,1,0.7,1.0447,6,0.715,1.0671,887,0
SPY190724P299,2019-07-23,2019-07-23 09:32:05,0.73,1.0895,437,0.71,1.0597,39,0.7,1.0447,6,0.72,1.0746,887,0
SPY190724P299,2019-07-23,2019-07-23 09:32:05,0.72,1.0746,106,0.7,1.0447,171,0.7,1.0447,6,0.71,1.0597,887,0
SPY190724P299,2019-07-23,2019-07-23 09:32:06,0.73,1.0895,437,0.71,1.0597,61,0.7,1.0447,6,0.72,1.0746,887,0
SPY190724P299,2019-07-23,2019-07-23 09:32:07,0.72,1.0746,77,0.71,1.0597,33,0.7,1.0447,6,0.715,1.0671,887,0
SPY190724P299,2019-07-23,2019-07-23 09:32:07,0.73,1.0895,437,0.71,1.0597,33,0.7,1.0447,6,0.72,1.0746,887,0
SPY190724P299,2019-07-23,2019-07-23 09:32:08,0.72,1.0746,70,0.7,1.0447,131,0.7,1.0447,6,0.71,1.0597,887,0
SPY190724P299,2019-07-23,2019-07-23 09:32:08,0.72,1.0746,87,0.7,1.0447,131,0.72,1.0746,5,0.71,1.0597,892,5
SPY190724P299,2019-07-23,2019-07-23 09:32:09,0.72,1.0746,50,0.71,1.0597,95,0.72,1.0746,5,0.715,1.0671,892,0
SPY190724P299,2019-07-23,2019-07-23 09:32:09,0.72,1.0746,106,0.71,1.0597,39,0.72,1.0746,5,0.715,1.0671,892,0
SPY190724P299,2019-07-23,2019-07-23 09:32:10,0.72,1.0746,116,0.71,1.0597,39,0.72,1.0746,5,0.715,1.0671,892,0
SPY190724P299,2019-07-23,2019-07-23 09:32:10,0.72,1.0746,147,0.71,1.0597,9,0.72,1.0746,5,0.715,1.0671,892,0
SPY190724P299,2019-07-23,2019-07-23 09:32:11,0.72,1.0746,137,0.71,1.0597,9,0.72,1.0746,5,0.715,1.0671,892,0
SPY190724P299,2019-07-23,2019-07-23 09:32:11,0.72,1.0746,325,0.71,1.0597,9,0.72,1.0746,5,0.715,1.0671,892,0
SPY190724P299,2019-07-23,2019-07-23 09:32:12,0.72,1.0746,147,0.71,1.0597,9,0.72,1.0746,5,0.715,1.0671,892,0
SPY190724P299,2019-07-23,2019-07-23 09:32:13,0.72,1.0746,528,0.71,1.0597,9,0.72,1.0746,5,0.715,1.0671,892,0
SPY190724P299,2019-07-23,2019-07-23 09:32:13,0.72,1.0746,137,0.71,1.0597,9,0.72,1.0746,5,0.715,1.0671,892,0
SPY190724P299,2019-07-23,2019-07-23 09:32:14,0.73,1.0895,192,0.72,1.0746,10,0.72,1.0746,5,0.725,1.082,892,0
SPY190724P299,2019-07-23,2019-07-23 09:32:14,0.73,1.0895,192,0.71,1.0597,182,0.72,1.0746,5,0.72,1.0746,892,0
SPY190724P299,2019-07-23,2019-07-23 09:32:15,0.73,1.0895,116,0.72,1.0746,32,0.73,1.0895,4,0.725,1.082,897,0
SPY190724P299,2019-07-23,2019-07-23 09:32:15,0.73,1.0895,115,0.72,1.0746,33,0.73,1.0895,4,0.725,1.082,897,5
SPY190724P299,2019-07-23,2019-07-23 09:32:16,0.73,1.0895,126,0.72,1.0746,1,0.73,1.0895,4,0.725,1.082,897,0
SPY190724P299,2019-07-23,2019-07-23 09:32:17,0.72,1.0746,142,0.71,1.0597,63,0.73,1.0895,4,0.715,1.0671,897,0
SPY190724P299,2019-07-23,2019-07-23 09:32:17,0.73,1.0895,132,0.72,1.0746,10,0.73,1.0895,4,0.725,1.082,897,0
SPY190724P299,2019-07-23,2019-07-23 09:32:18,0.73,1.0895,382,0.71,1.0597,56,0.73,1.0895,4,0.72,1.0746,897,0
SPY190724P299,2019-07-23,2019-07-23 09:32:18,0.73,1.0895,135,0.72,1.0746,9,0.72,1.0746,1,0.725,1.082,998,101
SPY190724P299,2019-07-23,2019-07-23 09:32:19,0.73,1.0895,656,0.72,1.0746,9,0.72,1.0746,1,0.725,1.082,998,0
SPY190724P299,2019-07-23,2019-07-23 09:32:19,0.72,1.0746,195,0.71,1.0597,10,0.72,1.0746,9,0.715,1.0671,1007,9
SPY190724P299,2019-07-23,2019-07-23 09:32:20,0.71,1.0597,42,0.7,1.0447,56,0.71,1.0597,1,0.705,1.0522,1017,0
SPY190724P299,2019-07-23,2019-07-23 09:32:20,0.71,1.0597,32,0.7,1.0447,30,0.71,1.0597,1,0.705,1.0522,1017,10
SPY190724P299,2019-07-23,2019-07-23 09:32:21,0.71,1.0597,88,0.7,1.0447,57,0.71,1.0597,1,0.705,1.0522,1017,0
SPY190724P299,2019-07-23,2019-07-23 09:32:22,0.71,1.0597,130,0.7,1.0447,31,0.71,1.0597,1,0.705,1.0522,1017,0
SPY190724P299,2019-07-23,2019-07-23 09:32:22,0.72,1.0746,537,0.7,1.0447,31,0.71,1.0597,1,0.71,1.0597,1017,0
SPY190724P299,2019-07-23,2019-07-23 09:32:23,0.72,1.0746,537,0.7,1.0447,31,0.71,1.0597,1,0.71,1.0597,1017,0
SPY190724P299,2019-07-23,2019-07-23 09:32:23,0.72,1.0746,522,0.7,1.0447,57,0.71,1.0597,1,0.71,1.0597,1017,0
SPY190724P299,2019-07-23,2019-07-23 09:32:24,0.71,1.0597,73,0.7,1.0447,57,0.71,1.0597,1,0.705,1.0522,1017,0
SPY190724P299,2019-07-23,2019-07-23 09:32:24,0.71,1.0597,42,0.7,1.0447,51,0.71,1.0597,1,0.705,1.0522,1017,0
SPY190724P299,2019-07-23,2019-07-23 09:32:25,0.72,1.0746,567,0.7,1.0447,57,0.71,1.0597,1,0.71,1.0597,1017,0
SPY190724P299,2019-07-23,2019-07-23 09:32:26,0.71,1.0597,48,0.7,1.0447,56,0.71,1.0597,1,0.705,1.0522,1017,0
SPY190724P299,2019-07-23,2019-07-23 09:32:26,0.71,1.0597,69,0.7,1.0447,57,0.71,1.0597,1,0.705,1.0522,1017,0
SPY190724P299,2019-07-23,2019-07-23 09:32:27,0.71,1.0597,48,0.7,1.0447,24,0.71,1.0597,1,0.705,1.0522,1017,0
SPY190724P299,2019-07-23,2019-07-23 09:32:27,0.71,1.0597,177,0.7,1.0447,24,0.71,1.0597,1,0.705,1.0522,1017,0
SPY190724P299,2019-07-23,2019-07-23 09:32:28,0.71,1.0597,148,0.7,1.0447,24,0.71,1.0597,1,0.705,1.0522,1017,0
SPY190724P299,2019-07-23,2019-07-23 09:32:28,0.71,1.0597,331,0.7,1.0447,24,0.71,1.0597,1,0.705,1.0522,1017,0
SPY190724P299,2019-07-23,2019-07-23 09:32:29,0.71,1.0597,475,0.7,1.0447,24,0.71,1.0597,1,0.705,1.0522,1017,0
SPY190724P299,2019-07-23,2019-07-23 09:32:29,0.71,1.0597,596,0.7,1.0447,24,0.71,1.0597,1,0.705,1.0522,1017,0
SPY190724P299,2019-07-23,2019-07-23 09:32:30,0.71,1.0597,596,0.7,1.0447,11,0.7,1.0447,1,0.705,1.0522,1029,12
SPY190724P299,2019-07-23,2019-07-23 09:32:30,0.7,1.0447,127,0.69,1.0298,55,0.7,1.0447,7,0.695,1.0373,1041,12
SPY190724P299,2019-07-23,2019-07-23 09:32:31,0.7,1.0447,112,0.69,1.0298,101,0.7,1.0447,7,0.695,1.0373,1041,0
SPY190724P299,2019-07-23,2019-07-23 09:32:32,0.7,1.0447,160,0.68,1.0149,296,0.7,1.0447,7,0.69,1.0298,1041,0
SPY190724P299,2019-07-23,2019-07-23 09:32:32,0.7,1.0447,88,0.68,1.0149,296,0.7,1.0447,7,0.69,1.0298,1041,0
SPY190724P299,2019-07-23,2019-07-23 09:32:33,0.7,1.0447,93,0.68,1.0149,277,0.7,1.0447,7,0.69,1.0298,1041,0
SPY190724P299,2019-07-23,2019-07-23 09:32:33,0.7,1.0447,67,0.68,1.0149,277,0.7,1.0447,7,0.69,1.0298,1041,0
SPY190724P299,2019-07-23,2019-07-23 09:32:34,0.7,1.0447,67,0.69,1.0298,29,0.7,1.0447,1,0.695,1.0373,1042,1
SPY190724P299,2019-07-23,2019-07-23 09:32:34,0.7,1.0447,101,0.68,1.0149,229,0.7,1.0447,1,0.69,1.0298,1042,0
SPY190724P299,2019-07-23,2019-07-23 09:32:35,0.69,1.0298,42,0.68,1.0149,187,0.7,1.0447,1,0.685,1.0223,1042,0
SPY190724P299,2019-07-23,2019-07-23 09:32:36,0.69,1.0298,42,0.68,1.0149,187,0.7,1.0447,1,0.685,1.0223,1042,0
SPY190724P299,2019-07-23,2019-07-23 09:32:37,0.69,1.0298,42,0.68,1.0149,100,0.7,1.0447,1,0.685,1.0223,1042,0
SPY190724P299,2019-07-23,2019-07-23 09:32:38,0.7,1.0447,512,0.68,1.0149,182,0.7,1.0447,1,0.69,1.0298,1042,0
SPY190724P299,2019-07-23,2019-07-23 09:32:38,0.69,1.0298,32,0.68,1.0149,182,0.7,1.0447,1,0.685,1.0223,1042,0
SPY190724P299,2019-07-23,2019-07-23 09:32:39,0.71,1.0597,137,0.69,1.0298,136,0.7,1.0447,1,0.7,1.0447,1042,0
SPY190724P299,2019-07-23,2019-07-23 09:32:39,0.7,1.0447,668,0.68,1.0149,182,0.7,1.0447,1,0.69,1.0298,1042,0
SPY190724P299,2019-07-23,2019-07-23 09:32:40,0.71,1.0597,153,0.69,1.0298,136,0.7,1.0447,1,0.7,1.0447,1042,0
SPY190724P299,2019-07-23,2019-07-23 09:32:41,0.7,1.0447,42,0.68,1.0149,300,0.7,1.0447,1,0.69,1.0298,1042,0
SPY190724P299,2019-07-23,2019-07-23 09:32:41,0.71,1.0597,493,0.69,1.0298,65,0.7,1.0447,1,0.7,1.0447,1042,0
SPY190724P299,2019-07-23,2019-07-23 09:32:42,0.7,1.0447,47,0.69,1.0298,65,0.7,1.0447,1,0.695,1.0373,1042,0
SPY190724P299,2019-07-23,2019-07-23 09:32:42,0.71,1.0597,493,0.69,1.0298,65,0.7,1.0447,1,0.7,1.0447,1042,0
SPY190724P299,2019-07-23,2019-07-23 09:32:43,0.71,1.0597,205,0.69,1.0298,173,0.69,1.0298,1,0.7,1.0447,1043,1
SPY190724P299,2019-07-23,2019-07-23 09:32:43,0.71,1.0597,60,0.69,1.0298,179,0.7,1.0447,1,0.7,1.0447,1042,0
SPY190724P299,2019-07-23,2019-07-23 09:32:44,0.71,1.0597,206,0.69,1.0298,173,0.69,1.0298,1,0.7,1.0447,1043,0
SPY190724P299,2019-07-23,2019-07-23 09:32:45,0.71,1.0597,503,0.69,1.0298,55,0.69,1.0298,1,0.7,1.0447,1043,0
SPY190724P299,2019-07-23,2019-07-23 09:32:45,0.71,1.0597,406,0.69,1.0298,80,0.69,1.0298,1,0.7,1.0447,1043,0
SPY190724P299,2019-07-23,2019-07-23 09:32:46,0.71,1.0597,46,0.7,1.0447,19,0.69,1.0298,1,0.705,1.0522,1043,0
SPY190724P299,2019-07-23,2019-07-23 09:32:46,0.71,1.0597,406,0.69,1.0298,80,0.69,1.0298,1,0.7,1.0447,1043,0
SPY190724P299,2019-07-23,2019-07-23 09:32:47,0.71,1.0597,38,0.7,1.0447,137,0.69,1.0298,1,0.705,1.0522,1043,0
SPY190724P299,2019-07-23,2019-07-23 09:32:48,0.72,1.0746,111,0.71,1.0597,33,0.69,1.0298,1,0.715,1.0671,1043,0
SPY190724P299,2019-07-23,2019-07-23 09:32:48,0.72,1.0746,111,0.71,1.0597,1,0.69,1.0298,1,0.715,1.0671,1043,0
SPY190724P299,2019-07-23,2019-07-23 09:32:50,0.71,1.0597,42,0.7,1.0447,127,0.69,1.0298,1,0.705,1.0522,1043,0
SPY190724P299,2019-07-23,2019-07-23 09:32:52,0.72,1.0746,132,0.71,1.0597,37,0.69,1.0298,1,0.715,1.0671,1043,0
SPY190724P299,2019-07-23,2019-07-23 09:32:53,0.72,1.0746,98,0.71,1.0597,32,0.69,1.0298,1,0.715,1.0671,1043,0
SPY190724P299,2019-07-23,2019-07-23 09:32:53,0.72,1.0746,124,0.71,1.0597,32,0.69,1.0298,1,0.715,1.0671,1043,0
SPY190724P299,2019-07-23,2019-07-23 09:32:55,0.72,1.0746,42,0.71,1.0597,37,0.69,1.0298,1,0.715,1.0671,1043,0
SPY190724P299,2019-07-23,2019-07-23 09:32:55,0.73,1.0895,431,0.71,1.0597,104,0.69,1.0298,1,0.72,1.0746,1043,0
SPY190724P299,2019-07-23,2019-07-23 09:32:56,0.73,1.0895,258,0.71,1.0597,93,0.69,1.0298,1,0.72,1.0746,1043,0
SPY190724P299,2019-07-23,2019-07-23 09:32:57,0.73,1.0895,423,0.72,1.0746,1,0.69,1.0298,1,0.725,1.082,1043,0
SPY190724P299,2019-07-23,2019-07-23 09:32:58,0.73,1.0895,388,0.71,1.0597,126,0.72,1.0746,1,0.72,1.0746,1044,0
SPY190724P299,2019-07-23,2019-07-23 09:32:58,0.72,1.0746,1,0.72,1.0746,1,0.72,1.0746,1,0.72,1.0746,1044,1
SPY190724P299,2019-07-23,2019-07-23 09:32:59,0.73,1.0895,185,0.72,1.0746,4,0.72,1.0746,1,0.725,1.082,1044,0
SPY190724P299,2019-07-23,2019-07-23 09:33:00,0.73,1.0895,98,0.72,1.0746,39,0.72,1.0746,1,0.725,1.082,1044,0
SPY190724P299,2019-07-23,2019-07-23 09:33:00,0.73,1.0895,180,0.72,1.0746,4,0.72,1.0746,1,0.725,1.082,1044,0
SPY190724P299,2019-07-23,2019-07-23 09:33:01,0.74,1.1044,184,0.72,1.0746,83,0.72,1.0746,1,0.73,1.0895,1044,0
SPY190724P299,2019-07-23,2019-07-23 09:33:02,0.74,1.1044,34,0.72,1.0746,130,0.72,1.0746,1,0.73,1.0895,1045,1
SPY190724P299,2019-07-23,2019-07-23 09:33:02,0.74,1.1044,67,0.72,1.0746,242,0.72,1.0746,1,0.73,1.0895,1045,0
SPY190724P299,2019-07-23,2019-07-23 09:33:03,0.74,1.1044,83,0.72,1.0746,242,0.72,1.0746,1,0.73,1.0895,1045,0
SPY190724P299,2019-07-23,2019-07-23 09:33:04,0.73,1.0895,40,0.72,1.0746,132,0.72,1.0746,1,0.725,1.082,1045,0
SPY190724P299,2019-07-23,2019-07-23 09:33:05,0.73,1.0895,46,0.72,1.0746,5,0.72,1.0746,1,0.725,1.082,1045,0
SPY190724P299,2019-07-23,2019-07-23 09:33:06,0.73,1.0895,46,0.72,1.0746,5,0.72,1.0746,1,0.725,1.082,1045,0
SPY190724P299,2019-07-23,2019-07-23 09:33:06,0.73,1.0895,46,0.72,1.0746,5,0.73,1.0895,10,0.725,1.082,1055,10
SPY190724P299,2019-07-23,2019-07-23 09:33:07,0.73,1.0895,83,0.72,1.0746,5,0.73,1.0895,10,0.725,1.082,1055,0
SPY190724P299,2019-07-23,2019-07-23 09:33:08,0.73,1.0895,47,0.72,1.0746,77,0.73,1.0895,10,0.725,1.082,1055,0
SPY190724P299,2019-07-23,2019-07-23 09:33:08,0.73,1.0895,46,0.72,1.0746,5,0.73,1.0895,10,0.725,1.082,1055,0
SPY190724P299,2019-07-23,2019-07-23 09:33:09,0.73,1.0895,97,0.72,1.0746,5,0.73,1.0895,3,0.725,1.082,1065,10
SPY190724P299,2019-07-23,2019-07-23 09:33:10,0.73,1.0895,109,0.72,1.0746,5,0.72,1.0746,40,0.725,1.082,1105,0
SPY190724P299,2019-07-23,2019-07-23 09:33:10,0.73,1.0895,97,0.72,1.0746,5,0.72,1.0746,40,0.725,1.082,1105,40
SPY190724P299,2019-07-23,2019-07-23 09:33:11,0.73,1.0895,181,0.72,1.0746,5,0.72,1.0746,3,0.725,1.082,1108,3
SPY190724P299,2019-07-23,2019-07-23 09:33:12,0.73,1.0895,194,0.72,1.0746,5,0.73,1.0895,2,0.725,1.082,1110,2
SPY190724P299,2019-07-23,2019-07-23 09:33:12,0.72,1.0746,82,0.7,1.0447,135,0.72,1.0746,2,0.71,1.0597,1115,5
SPY190724P299,2019-07-23,2019-07-23 09:33:13,0.72,1.0746,113,0.7,1.0447,135,0.72,1.0746,2,0.71,1.0597,1115,0
SPY190724P299,2019-07-23,2019-07-23 09:33:14,0.72,1.0746,113,0.7,1.0447,135,0.72,1.0746,2,0.71,1.0597,1115,0
SPY190724P299,2019-07-23,2019-07-23 09:33:14,0.71,1.0597,32,0.7,1.0447,135,0.72,1.0746,2,0.705,1.0522,1115,0
SPY190724P299,2019-07-23,2019-07-23 09:33:15,0.71,1.0597,32,0.7,1.0447,135,0.72,1.0746,2,0.705,1.0522,1115,0
SPY190724P299,2019-07-23,2019-07-23 09:33:16,0.71,1.0597,37,0.7,1.0447,82,0.7,1.0447,1,0.705,1.0522,1116,1
SPY190724P299,2019-07-23,2019-07-23 09:33:16,0.71,1.0597,43,0.7,1.0447,100,0.72,1.0746,2,0.705,1.0522,1115,0
SPY190724P299,2019-07-23,2019-07-23 09:33:17,0.71,1.0597,37,0.7,1.0447,82,0.7,1.0447,1,0.705,1.0522,1116,0
SPY190724P299,2019-07-23,2019-07-23 09:33:18,0.71,1.0597,124,0.7,1.0447,32,0.7,1.0447,1,0.705,1.0522,1116,0
SPY190724P299,2019-07-23,2019-07-23 09:33:18,0.71,1.0597,45,0.7,1.0447,101,0.7,1.0447,1,0.705,1.0522,1116,0
SPY190724P299,2019-07-23,2019-07-23 09:33:19,0.71,1.0597,173,0.7,1.0447,101,0.71,1.0597,3,0.705,1.0522,1119,0
SPY190724P299,2019-07-23,2019-07-23 09:33:19,0.71,1.0597,173,0.7,1.0447,101,0.71,1.0597,3,0.705,1.0522,1119,3
SPY190724P299,2019-07-23,2019-07-23 09:33:20,0.71,1.0597,625,0.7,1.0447,101,0.71,1.0597,3,0.705,1.0522,1119,0
SPY190724P299,2019-07-23,2019-07-23 09:33:21,0.71,1.0597,915,0.7,1.0447,2,0.71,1.0597,3,0.705,1.0522,1119,0
SPY190724P299,2019-07-23,2019-07-23 09:33:21,0.71,1.0597,513,0.7,1.0447,2,0.71,1.0597,3,0.705,1.0522,1119,0
SPY190724P299,2019-07-23,2019-07-23 09:33:34,0.68,1.0149,77,0.67,1.0,16,0.68,1.0149,100,0.675,1.0074,1230,111
SPY190724P299,2019-07-23,2019-07-23 09:33:35,0.68,1.0149,118,0.67,1.0,67,0.68,1.0149,100,0.675,1.0074,1230,0
SPY190724P299,2019-07-23,2019-07-23 09:33:38,0.7,1.0447,32,0.69,1.0298,132,0.67,1.0,14,0.695,1.0373,1250,20
SPY190724P299,2019-07-23,2019-07-23 09:33:39,0.7,1.0447,32,0.69,1.0298,132,0.67,1.0,14,0.695,1.0373,1250,0
SPY190724P299,2019-07-23,2019-07-23 09:33:41,0.71,1.0597,174,0.7,1.0447,5,0.7,1.0447,1,0.705,1.0522,1256,6
SPY190724P299,2019-07-23,2019-07-23 09:33:44,0.7,1.0447,151,0.68,1.0149,137,0.7,1.0447,1,0.69,1.0298,1256,0
SPY190724P299,2019-07-23,2019-07-23 09:33:50,0.69,1.0298,383,0.68,1.0149,15,0.69,1.0298,5,0.685,1.0223,1261,5
SPY190724P299,2019-07-23,2019-07-23 09:33:55,0.7,1.0447,35,0.68,1.0149,124,0.7,1.0447,20,0.69,1.0298,1287,26
SPY190724P299,2019-07-23,2019-07-23 09:33:57,0.71,1.0597,50,0.7,1.0447,84,0.71,1.0597,2,0.705,1.0522,1289,2
SPY190724P299,2019-07-23,2019-07-23 09:34:00,0.73,1.0895,369,0.71,1.0597,108,0.71,1.0597,4,0.72,1.0746,1293,4
SPY190724P299,2019-07-23,2019-07-23 09:34:03,0.73,1.0895,531,0.71,1.0597,137,0.71,1.0597,4,0.72,1.0746,1293,0
SPY190724P299,2019-07-23,2019-07-23 09:34:04,0.72,1.0746,105,0.71,1.0597,50,0.71,1.0597,4,0.715,1.0671,1293,0
SPY190724P299,2019-07-23,2019-07-23 09:34:06,0.71,1.0597,35,0.7,1.0447,137,0.72,1.0746,100,0.705,1.0522,1393,100
SPY190724P299,2019-07-23,2019-07-23 09:34:09,0.72,1.0746,50,0.7,1.0447,172,0.71,1.0597,7,0.71,1.0597,1400,7
SPY190724P299,2019-07-23,2019-07-23 09:34:20,0.72,1.0746,61,0.71,1.0597,32,0.71,1.0597,7,0.715,1.0671,1400,0
SPY190724P299,2019-07-23,2019-07-23 09:34:25,0.73,1.0895,60,0.72,1.0746,136,0.71,1.0597,7,0.725,1.082,1400,0
SPY190724P299,2019-07-23,2019-07-23 09:34:30,0.73,1.0895,280,0.72,1.0746,30,0.73,1.0895,1,0.725,1.082,1401,1
SPY190724P299,2019-07-23,2019-07-23 09:34:35,0.74,1.1044,635,0.72,1.0746,95,0.73,1.0895,1,0.73,1.0895,1401,0
SPY190724P299,2019-07-23,2019-07-23 09:34:40,0.72,1.0746,558,0.71,1.0597,26,0.72,1.0746,30,0.715,1.0671,1549,148
SPY190724P299,2019-07-23,2019-07-23 09:34:44,0.73,1.0895,471,0.71,1.0597,98,0.72,1.0746,30,0.72,1.0746,1549,0
SPY190724P299,2019-07-23,2019-07-23 09:34:46,0.73,1.0895,50,0.72,1.0746,80,0.72,1.0746,25,0.725,1.082,1574,25
SPY190724P299,2019-07-23,2019-07-23 09:34:48,0.73,1.0895,10,0.72,1.0746,93,0.73,1.0895,2,0.725,1.082,1576,2
SPY190724P299,2019-07-23,2019-07-23 09:34:49,0.73,1.0895,110,0.72,1.0746,32,0.73,1.0895,2,0.725,1.082,1576,0
SPY190724P299,2019-07-23,2019-07-23 09:34:51,0.73,1.0895,297,0.72,1.0746,32,0.73,1.0895,2,0.725,1.082,1576,0
SPY190724P299,2019-07-23,2019-07-23 09:34:53,0.73,1.0895,297,0.72,1.0746,33,0.72,1.0746,45,0.725,1.082,1621,45
SPY190724P299,2019-07-23,2019-07-23 09:34:55,0.74,1.1044,92,0.73,1.0895,32,0.73,1.0895,1,0.735,1.097,1622,1
SPY190724P299,2019-07-23,2019-07-23 09:34:57,0.74,1.1044,92,0.73,1.0895,32,0.73,1.0895,1,0.735,1.097,1622,0
SPY190724P299,2019-07-23,2019-07-23 09:34:58,0.74,1.1044,545,0.72,1.0746,38,0.73,1.0895,1,0.73,1.0895,1622,0
SPY190724P299,2019-07-23,2019-07-23 09:35:00,0.73,1.0895,433,0.72,1.0746,32,0.73,1.0895,1,0.725,1.082,1622,0
SPY190724P299,2019-07-23,2019-07-23 09:35:02,0.73,1.0895,410,0.72,1.0746,32,0.73,1.0895,1,0.725,1.082,1622,0
SPY190724P299,2019-07-23,2019-07-23 09:35:03,0.73,1.0895,410,0.72,1.0746,32,0.73,1.0895,1,0.725,1.082,1622,0
SPY190724P299,2019-07-23,2019-07-23 09:35:04,0.73,1.0895,50,0.72,1.0746,32,0.73,1.0895,1,0.725,1.082,1622,0
SPY190724P299,2019-07-23,2019-07-23 09:35:07,0.73,1.0895,57,0.72,1.0746,32,0.73,1.0895,1,0.725,1.082,1623,1
SPY190724P299,2019-07-23,2019-07-23 09:35:08,0.73,1.0895,444,0.72,1.0746,10,0.73,1.0895,1,0.725,1.082,1623,0
SPY190724P299,2019-07-23,2019-07-23 09:35:09,0.72,1.0746,360,0.71,1.0597,36,0.72,1.0746,10,0.715,1.0671,1633,10
SPY190724P299,2019-07-23,2019-07-23 09:35:10,0.72,1.0746,107,0.71,1.0597,34,0.72,1.0746,10,0.715,1.0671,1633,0
SPY190724P299,2019-07-23,2019-07-23 09:35:11,0.73,1.0895,476,0.71,1.0597,151,0.72,1.0746,10,0.72,1.0746,1633,0
SPY190724P299,2019-07-23,2019-07-23 09:35:13,0.72,1.0746,111,0.71,1.0597,32,0.72,1.0746,2,0.715,1.0671,1635,2
SPY190724P299,2019-07-23,2019-07-23 09:35:14,0.72,1.0746,111,0.71,1.0597,32,0.72,1.0746,2,0.715,1.0671,1635,0
SPY190724P299,2019-07-23,2019-07-23 09:35:16,0.72,1.0746,468,0.71,1.0597,1,0.72,1.0746,4,0.715,1.0671,1649,14
SPY190724P299,2019-07-23,2019-07-23 09:35:18,0.72,1.0746,470,0.71,1.0597,1,0.72,1.0746,2,0.715,1.0671,1666,17
SPY190724P299,2019-07-23,2019-07-23 09:35:19,0.71,1.0597,67,0.71,1.0597,1,0.71,1.0597,1,0.71,1.0597,1667,1
SPY190724P299,2019-07-23,2019-07-23 09:35:20,0.71,1.0597,281,0.7,1.0447,1,0.71,1.0597,1,0.705,1.0522,1667,0
SPY190724P299,2019-07-23,2019-07-23 09:35:20,0.71,1.0597,546,0.7,1.0447,1,0.71,1.0597,1,0.705,1.0522,1667,0
SPY190724P299,2019-07-23,2019-07-23 09:35:21,0.71,1.0597,714,0.7,1.0447,1,0.7,1.0447,1,0.705,1.0522,1668,1
SPY190724P299,2019-07-23,2019-07-23 09:35:21,0.71,1.0597,715,0.7,1.0447,1,0.71,1.0597,1,0.705,1.0522,1667,0
SPY190724P299,2019-07-23,2019-07-23 09:35:22,0.7,1.0447,431,0.69,1.0298,16,0.7,1.0447,1,0.695,1.0373,1668,0
SPY190724P299,2019-07-23,2019-07-23 09:35:22,0.7,1.0447,590,0.68,1.0149,35,0.69,1.0298,50,0.69,1.0298,1718,50
SPY190724P299,2019-07-23,2019-07-23 09:35:23,0.7,1.0447,590,0.68,1.0149,52,0.69,1.0298,50,0.69,1.0298,1718,0
SPY190724P299,2019-07-23,2019-07-23 09:35:23,0.7,1.0447,590,0.68,1.0149,58,0.69,1.0298,50,0.69,1.0298,1718,0
SPY190724P299,2019-07-23,2019-07-23 09:35:24,0.7,1.0447,590,0.68,1.0149,32,0.69,1.0298,50,0.69,1.0298,1718,0
SPY190724P299,2019-07-23,2019-07-23 09:35:25,0.69,1.0298,74,0.68,1.0149,52,0.69,1.0298,50,0.685,1.0223,1718,0
SPY190724P299,2019-07-23,2019-07-23 09:35:25,0.69,1.0298,74,0.68,1.0149,58,0.69,1.0298,50,0.685,1.0223,1718,0
SPY190724P299,2019-07-23,2019-07-23 09:35:26,0.69,1.0298,50,0.68,1.0149,58,0.69,1.0298,50,0.685,1.0223,1718,0
SPY190724P299,2019-07-23,2019-07-23 09:35:27,0.69,1.0298,50,0.68,1.0149,58,0.69,1.0298,50,0.685,1.0223,1718,0
SPY190724P299,2019-07-23,2019-07-23 09:35:28,0.7,1.0447,624,0.68,1.0149,58,0.69,1.0298,50,0.69,1.0298,1718,0
SPY190724P299,2019-07-23,2019-07-23 09:35:28,0.7,1.0447,777,0.68,1.0149,58,0.69,1.0298,50,0.69,1.0298,1718,0
SPY190724P299,2019-07-23,2019-07-23 09:35:29,0.7,1.0447,545,0.68,1.0149,58,0.69,1.0298,50,0.69,1.0298,1718,0
SPY190724P299,2019-07-23,2019-07-23 09:35:29,0.7,1.0447,707,0.68,1.0149,58,0.69,1.0298,50,0.69,1.0298,1718,0
SPY190724P299,2019-07-23,2019-07-23 09:35:30,0.69,1.0298,91,0.68,1.0149,32,0.69,1.0298,50,0.685,1.0223,1718,0
SPY190724P299,2019-07-23,2019-07-23 09:35:30,0.7,1.0447,545,0.68,1.0149,58,0.69,1.0298,50,0.69,1.0298,1718,0
SPY190724P299,2019-07-23,2019-07-23 09:35:31,0.69,1.0298,64,0.68,1.0149,58,0.69,1.0298,50,0.685,1.0223,1718,0
SPY190724P299,2019-07-23,2019-07-23 09:35:32,0.69,1.0298,64,0.68,1.0149,58,0.69,1.0298,50,0.685,1.0223,1718,0
SPY190724P299,2019-07-23,2019-07-23 09:35:32,0.69,1.0298,66,0.68,1.0149,58,0.69,1.0298,50,0.685,1.0223,1718,0
SPY190724P299,2019-07-23,2019-07-23 09:35:33,0.69,1.0298,64,0.68,1.0149,58,0.69,1.0298,50,0.685,1.0223,1718,0
SPY190724P299,2019-07-23,2019-07-23 09:35:34,0.69,1.0298,64,0.68,1.0149,68,0.69,1.0298,50,0.685,1.0223,1718,0
SPY190724P299,2019-07-23,2019-07-23 09:35:34,0.69,1.0298,64,0.68,1.0149,58,0.69,1.0298,50,0.685,1.0223,1718,0
SPY190724P299,2019-07-23,2019-07-23 09:35:35,0.69,1.0298,64,0.68,1.0149,58,0.69,1.0298,50,0.685,1.0223,1718,0
SPY190724P299,2019-07-23,2019-07-23 09:35:36,0.69,1.0298,92,0.68,1.0149,58,0.69,1.0298,50,0.685,1.0223,1718,0
SPY190724P299,2019-07-23,2019-07-23 09:35:37,0.69,1.0298,517,0.68,1.0149,52,0.69,1.0298,50,0.685,1.0223,1718,0
SPY190724P299,2019-07-23,2019-07-23 09:35:38,0.69,1.0298,149,0.68,1.0149,32,0.69,1.0298,15,0.685,1.0223,1733,15
SPY190724P299,2019-07-23,2019-07-23 09:35:38,0.69,1.0298,62,0.68,1.0149,32,0.69,1.0298,50,0.685,1.0223,1718,0
SPY190724P299,2019-07-23,2019-07-23 09:35:39,0.69,1.0298,559,0.68,1.0149,25,0.69,1.0298,15,0.685,1.0223,1733,0
SPY190724P299,2019-07-23,2019-07-23 09:35:39,0.69,1.0298,733,0.68,1.0149,25,0.69,1.0298,15,0.685,1.0223,1733,0
SPY190724P299,2019-07-23,2019-07-23 09:35:40,0.69,1.0298,116,0.68,1.0149,32,0.69,1.0298,15,0.685,1.0223,1733,0
SPY190724P299,2019-07-23,2019-07-23 09:35:40,0.69,1.0298,82,0.68,1.0149,32,0.69,1.0298,15,0.685,1.0223,1733,0
SPY190724P299,2019-07-23,2019-07-23 09:35:41,0.7,1.0447,624,0.68,1.0149,67,0.69,1.0298,15,0.69,1.0298,1733,0
SPY190724P299,2019-07-23,2019-07-23 09:35:41,0.7,1.0447,624,0.68,1.0149,32,0.69,1.0298,15,0.69,1.0298,1733,0
SPY190724P299,2019-07-23,2019-07-23 09:35:42,0.7,1.0447,696,0.68,1.0149,57,0.69,1.0298,15,0.69,1.0298,1733,0
SPY190724P299,2019-07-23,2019-07-23 09:35:43,0.7,1.0447,696,0.68,1.0149,57,0.69,1.0298,15,0.69,1.0298,1733,0
SPY190724P299,2019-07-23,2019-07-23 09:35:43,0.7,1.0447,473,0.68,1.0149,57,0.69,1.0298,15,0.69,1.0298,1733,0
SPY190724P299,2019-07-23,2019-07-23 09:35:44,0.7,1.0447,1,0.69,1.0298,131,0.7,1.0447,18,0.695,1.0373,1751,18
SPY190724P299,2019-07-23,2019-07-23 09:35:44,0.7,1.0447,32,0.68,1.0149,202,0.69,1.0298,15,0.69,1.0298,1733,0
SPY190724P299,2019-07-23,2019-07-23 09:35:45,0.72,1.0746,560,0.7,1.0447,53,0.7,1.0447,18,0.71,1.0597,1751,0
SPY190724P299,2019-07-23,2019-07-23 09:35:45,0.72,1.0746,560,0.69,1.0298,131,0.7,1.0447,18,0.705,1.0522,1751,0
SPY190724P299,2019-07-23,2019-07-23 09:35:46,0.71,1.0597,35,0.7,1.0447,32,0.7,1.0447,18,0.705,1.0522,1751,0
SPY190724P299,2019-07-23,2019-07-23 09:35:46,0.72,1.0746,560,0.7,1.0447,63,0.7,1.0447,18,0.71,1.0597,1751,0
SPY190724P299,2019-07-23,2019-07-23 09:35:47,0.71,1.0597,67,0.7,1.0447,32,0.7,1.0447,18,0.705,1.0522,1751,0
SPY190724P299,2019-07-23,2019-07-23 09:35:48,0.71,1.0597,67,0.7,1.0447,32,0.7,1.0447,18,0.705,1.0522,1751,0
SPY190724P299,2019-07-23,2019-07-23 09:35:48,0.72,1.0746,579,0.7,1.0447,101,0.7,1.0447,18,0.71,1.0597,1751,0
SPY190724P299,2019-07-23,2019-07-23 09:35:49,0.73,1.0895,521,0.71,1.0597,32,0.7,1.0447,18,0.72,1.0746,1751,0
SPY190724P299,2019-07-23,2019-07-23 09:35:49,0.72,1.0746,579,0.7,1.0447,111,0.7,1.0447,18,0.71,1.0597,1751,0
SPY190724P299,2019-07-23,2019-07-23 09:35:50,0.73,1.0895,553,0.71,1.0597,82,0.7,1.0447,18,0.72,1.0746,1751,0
SPY190724P299,2019-07-23,2019-07-23 09:35:50,0.73,1.0895,188,0.71,1.0597,111,0.7,1.0447,18,0.72,1.0746,1751,0
SPY190724P299,2019-07-23,2019-07-23 09:35:51,0.73,1.0895,238,0.71,1.0597,286,0.7,1.0447,18,0.72,1.0746,1751,0
SPY190724P299,2019-07-23,2019-07-23 09:35:52,0.73,1.0895,238,0.71,1.0597,286,0.7,1.0447,18,0.72,1.0746,1751,0
SPY190724P299,2019-07-23,2019-07-23 09:35:52,0.73,1.0895,444,0.71,1.0597,82,0.73,1.0895,40,0.72,1.0746,1791,40
SPY190724P299,2019-07-23,2019-07-23 09:35:53,0.73,1.0895,137,0.71,1.0597,132,0.73,1.0895,40,0.72,1.0746,1791,0
SPY190724P299,2019-07-23,2019-07-23 09:35:54,0.74,1.1044,537,0.72,1.0746,77,0.73,1.0895,40,0.73,1.0895,1791,0
SPY190724P299,2019-07-23,2019-07-23 09:35:55,0.74,1.1044,45,0.72,1.0746,552,0.73,1.0895,40,0.73,1.0895,1791,0
SPY190724P299,2019-07-23,2019-07-23 09:35:56,0.74,1.1044,45,0.73,1.0895,28,0.73,1.0895,40,0.735,1.097,1791,0
SPY190724P299,2019-07-23,2019-07-23 09:35:56,0.74,1.1044,7,0.72,1.0746,408,0.73,1.0895,40,0.73,1.0895,1791,0
SPY190724P299,2019-07-23,2019-07-23 09:35:57,0.74,1.1044,5,0.73,1.0895,61,0.73,1.0895,40,0.735,1.097,1791,0
SPY190724P299,2019-07-23,2019-07-23 09:35:58,0.75,1.1194,36,0.74,1.1044,16,0.73,1.0895,40,0.745,1.1119,1791,0
SPY190724P299,2019-07-23,2019-07-23 09:35:59,0.75,1.1194,86,0.74,1.1044,32,0.73,1.0895,40,0.745,1.1119,1791,0
SPY190724P299,2019-07-23,2019-07-23 09:36:00,0.75,1.1194,86,0.74,1.1044,95,0.73,1.0895,40,0.745,1.1119,1791,0
SPY190724P299,2019-07-23,2019-07-23 09:36:00,0.75,1.1194,75,0.74,1.1044,239,0.73,1.0895,40,0.745,1.1119,1791,0
SPY190724P299,2019-07-23,2019-07-23 09:36:01,0.75,1.1194,75,0.74,1.1044,85,0.73,1.0895,40,0.745,1.1119,1791,0
SPY190724P299,2019-07-23,2019-07-23 09:36:02,0.75,1.1194,98,0.74,1.1044,85,0.73,1.0895,40,0.745,1.1119,1791,0
SPY190724P299,2019-07-23,2019-07-23 09:36:02,0.75,1.1194,75,0.74,1.1044,85,0.73,1.0895,40,0.745,1.1119,1791,0
SPY190724P299,2019-07-23,2019-07-23 09:36:03,0.75,1.1194,88,0.74,1.1044,85,0.75,1.1194,10,0.745,1.1119,1851,60
SPY190724P299,2019-07-23,2019-07-23 09:36:04,0.75,1.1194,88,0.74,1.1044,32,0.74,1.1044,2,0.745,1.1119,1853,2
SPY190724P299,2019-07-23,2019-07-23 09:36:04,0.75,1.1194,88,0.74,1.1044,32,0.74,1.1044,2,0.745,1.1119,1853,0
SPY190724P299,2019-07-23,2019-07-23 09:36:05,0.75,1.1194,79,0.74,1.1044,32,0.75,1.1194,16,0.745,1.1119,1873,20
SPY190724P299,2019-07-23,2019-07-23 09:36:05,0.75,1.1194,79,0.74,1.1044,32,0.75,1.1194,16,0.745,1.1119,1873,0
SPY190724P299,2019-07-23,2019-07-23 09:36:06,0.75,1.1194,79,0.74,1.1044,32,0.75,1.1194,16,0.745,1.1119,1873,0
SPY190724P299,2019-07-23,2019-07-23 09:36:07,0.74,1.1044,23,0.73,1.0895,32,0.75,1.1194,16,0.735,1.097,1873,0
SPY190724P299,2019-07-23,2019-07-23 09:36:07,0.75,1.1194,79,0.74,1.1044,32,0.75,1.1194,16,0.745,1.1119,1873,0
SPY190724P299,2019-07-23,2019-07-23 09:36:08,0.74,1.1044,29,0.73,1.0895,109,0.75,1.1194,16,0.735,1.097,1873,0
SPY190724P299,2019-07-23,2019-07-23 09:36:09,0.75,1.1194,296,0.73,1.0895,309,0.75,1.1194,16,0.74,1.1044,1873,0
SPY190724P299,2019-07-23,2019-07-23 09:36:09,0.74,1.1044,15,0.73,1.0895,101,0.75,1.1194,16,0.735,1.097,1873,0
SPY190724P299,2019-07-23,2019-07-23 09:36:10,0.74,1.1044,82,0.73,1.0895,96,0.75,1.1194,16,0.735,1.097,1873,0
SPY190724P299,2019-07-23,2019-07-23 09:36:11,0.74,1.1044,82,0.73,1.0895,16,0.75,1.1194,16,0.735,1.097,1873,0
SPY190724P299,2019-07-23,2019-07-23 09:36:11,0.74,1.1044,82,0.72,1.0746,558,0.74,1.1044,5,0.73,1.0895,1881,8
SPY190724P299,2019-07-23,2019-07-23 09:36:12,0.74,1.1044,82,0.72,1.0746,558,0.74,1.1044,5,0.73,1.0895,1881,0
SPY190724P299,2019-07-23,2019-07-23 09:36:13,0.74,1.1044,82,0.72,1.0746,562,0.74,1.1044,5,0.73,1.0895,1881,0
SPY190724P299,2019-07-23,2019-07-23 09:36:13,0.74,1.1044,82,0.72,1.0746,558,0.74,1.1044,5,0.73,1.0895,1881,0
SPY190724P299,2019-07-23,2019-07-23 09:36:14,0.74,1.1044,122,0.72,1.0746,468,0.74,1.1044,5,0.73,1.0895,1881,0
SPY190724P299,2019-07-23,2019-07-23 09:36:14,0.74,1.1044,83,0.72,1.0746,468,0.74,1.1044,5,0.73,1.0895,1881,0
SPY190724P299,2019-07-23,2019-07-23 09:36:15,0.74,1.1044,92,0.73,1.0895,78,0.74,1.1044,1,0.735,1.097,1882,1
SPY190724P299,2019-07-23,2019-07-23 09:36:16,0.74,1.1044,32,0.73,1.0895,103,0.73,1.0895,1,0.735,1.097,1883,0
SPY190724P299,2019-07-23,2019-07-23 09:36:16,0.74,1.1044,92,0.73,1.0895,88,0.73,1.0895,1,0.735,1.097,1883,1
SPY190724P299,2019-07-23,2019-07-23 09:36:17,0.74,1.1044,74,0.73,1.0895,83,0.73,1.0895,1,0.735,1.097,1883,0
SPY190724P299,2019-07-23,2019-07-23 09:36:18,0.74,1.1044,74,0.73,1.0895,83,0.73,1.0895,1,0.735,1.097,1883,0
SPY190724P299,2019-07-23,2019-07-23 09:36:18,0.74,1.1044,74,0.72,1.0746,481,0.73,1.0895,1,0.73,1.0895,1883,0
SPY190724P299,2019-07-23,2019-07-23 09:36:19,0.74,1.1044,74,0.73,1.0895,25,0.73,1.0895,1,0.735,1.097,1883,0
SPY190724P299,2019-07-23,2019-07-23 09:36:20,0.74,1.1044,74,0.73,1.0895,32,0.73,1.0895,1,0.735,1.097,1883,0
SPY190724P299,2019-07-23,2019-07-23 09:36:21,0.74,1.1044,74,0.73,1.0895,32,0.73,1.0895,1,0.735,1.097,1883,0
SPY190724P299,2019-07-23,2019-07-23 09:36:22,0.74,1.1044,74,0.73,1.0895,32,0.73,1.0895,20,0.735,1.097,1903,20
SPY190724P299,2019-07-23,2019-07-23 09:36:22,0.74,1.1044,87,0.73,1.0895,1,0.73,1.0895,20,0.735,1.097,1903,0
SPY190724P299,2019-07-23,2019-07-23 09:36:23,0.74,1.1044,77,0.73,1.0895,48,0.73,1.0895,20,0.735,1.097,1903,0
SPY190724P299,2019-07-23,2019-07-23 09:36:24,0.74,1.1044,77,0.73,1.0895,48,0.73,1.0895,20,0.735,1.097,1903,0
SPY190724P299,2019-07-23,2019-07-23 09:36:25,0.74,1.1044,92,0.73,1.0895,32,0.73,1.0895,1,0.735,1.097,1904,1
SPY190724P299,2019-07-23,2019-07-23 09:36:25,0.74,1.1044,92,0.73,1.0895,38,0.73,1.0895,20,0.735,1.097,1903,0
SPY190724P299,2019-07-23,2019-07-23 09:36:26,0.74,1.1044,92,0.73,1.0895,38,0.73,1.0895,1,0.735,1.097,1904,0
SPY190724P299,2019-07-23,2019-07-23 09:36:27,0.74,1.1044,266,0.73,1.0895,38,0.74,1.1044,2,0.735,1.097,1906,2
SPY190724P299,2019-07-23,2019-07-23 09:36:27,0.74,1.1044,256,0.73,1.0895,38,0.74,1.1044,2,0.735,1.097,1906,0
SPY190724P299,2019-07-23,2019-07-23 09:36:28,0.74,1.1044,77,0.73,1.0895,32,0.74,1.1044,2,0.735,1.097,1906,0
SPY190724P299,2019-07-23,2019-07-23 09:36:29,0.74,1.1044,423,0.72,1.0746,468,0.74,1.1044,2,0.73,1.0895,1906,0
SPY190724P299,2019-07-23,2019-07-23 09:36:30,0.74,1.1044,92,0.73,1.0895,38,0.74,1.1044,2,0.735,1.097,1906,0
SPY190724P299,2019-07-23,2019-07-23 09:36:31,0.74,1.1044,92,0.73,1.0895,38,0.74,1.1044,2,0.735,1.097,1906,0
SPY190724P299,2019-07-23,2019-07-23 09:36:32,0.73,1.0895,88,0.72,1.0746,32,0.74,1.1044,2,0.725,1.082,1906,0
SPY190724P299,2019-07-23,2019-07-23 09:36:32,0.74,1.1044,360,0.73,1.0895,32,0.74,1.1044,2,0.735,1.097,1906,0
SPY190724P299,2019-07-23,2019-07-23 09:36:33,0.74,1.1044,463,0.72,1.0746,103,0.74,1.1044,2,0.73,1.0895,1906,0
SPY190724P299,2019-07-23,2019-07-23 09:36:34,0.74,1.1044,463,0.72,1.0746,106,0.74,1.1044,2,0.73,1.0895,1906,0
SPY190724P299,2019-07-23,2019-07-23 09:36:36,0.75,1.1194,506,0.73,1.0895,83,0.74,1.1044,2,0.74,1.1044,1906,0
SPY190724P299,2019-07-23,2019-07-23 09:36:36,0.75,1.1194,82,0.74,1.1044,32,0.74,1.1044,2,0.745,1.1119,1906,0
SPY190724P299,2019-07-23,2019-07-23 09:36:37,0.75,1.1194,76,0.74,1.1044,37,0.74,1.1044,2,0.745,1.1119,1906,0
SPY190724P299,2019-07-23,2019-07-23 09:36:38,0.75,1.1194,133,0.74,1.1044,32,0.74,1.1044,2,0.745,1.1119,1906,0
SPY190724P299,2019-07-23,2019-07-23 09:36:40,0.75,1.1194,508,0.73,1.0895,99,0.74,1.1044,2,0.74,1.1044,1906,0
SPY190724P299,2019-07-23,2019-07-23 09:36:41,0.75,1.1194,529,0.73,1.0895,36,0.74,1.1044,2,0.74,1.1044,1906,0
SPY190724P299,2019-07-23,2019-07-23 09:36:42,0.75,1.1194,529,0.73,1.0895,36,0.74,1.1044,2,0.74,1.1044,1906,0
SPY190724P299,2019-07-23,2019-07-23 09:36:45,0.74,1.1044,174,0.73,1.0895,36,0.74,1.1044,2,0.735,1.097,1906,0
SPY190724P299,2019-07-23,2019-07-23 09:36:46,0.74,1.1044,218,0.73,1.0895,32,0.74,1.1044,2,0.735,1.097,1906,0
SPY190724P299,2019-07-23,2019-07-23 09:36:50,0.74,1.1044,132,0.73,1.0895,38,0.74,1.1044,2,0.735,1.097,1906,0
SPY190724P299,2019-07-23,2019-07-23 09:36:52,0.74,1.1044,135,0.73,1.0895,38,0.74,1.1044,2,0.735,1.097,1906,0
SPY190724P299,2019-07-23,2019-07-23 09:36:53,0.74,1.1044,135,0.72,1.0746,423,0.74,1.1044,2,0.73,1.0895,1906,0
SPY190724P299,2019-07-23,2019-07-23 09:36:54,0.74,1.1044,107,0.73,1.0895,38,0.74,1.1044,2,0.735,1.097,1906,0
SPY190724P299,2019-07-23,2019-07-23 09:36:55,0.74,1.1044,90,0.73,1.0895,69,0.74,1.1044,2,0.735,1.097,1906,0
SPY190724P299,2019-07-23,2019-07-23 09:36:56,0.75,1.1194,137,0.73,1.0895,103,0.74,1.1044,2,0.74,1.1044,1906,0
SPY190724P299,2019-07-23,2019-07-23 09:36:56,0.75,1.1194,293,0.74,1.1044,13,0.74,1.1044,2,0.745,1.1119,1906,0
SPY190724P299,2019-07-23,2019-07-23 09:36:57,0.75,1.1194,293,0.73,1.0895,130,0.74,1.1044,2,0.74,1.1044,1906,0
SPY190724P299,2019-07-23,2019-07-23 09:36:58,0.74,1.1044,82,0.73,1.0895,33,0.74,1.1044,2,0.735,1.097,1906,0
SPY190724P299,2019-07-23,2019-07-23 09:36:58,0.74,1.1044,82,0.73,1.0895,61,0.74,1.1044,2,0.735,1.097,1906,0
SPY190724P299,2019-07-23,2019-07-23 09:37:00,0.75,1.1194,79,0.73,1.0895,324,0.74,1.1044,2,0.74,1.1044,1906,0
SPY190724P299,2019-07-23,2019-07-23 09:37:00,0.74,1.1044,63,0.73,1.0895,80,0.74,1.1044,2,0.735,1.097,1906,0
SPY190724P299,2019-07-23,2019-07-23 09:37:01,0.75,1.1194,354,0.73,1.0895,238,0.74,1.1044,2,0.74,1.1044,1906,0
SPY190724P299,2019-07-23,2019-07-23 09:37:02,0.74,1.1044,72,0.73,1.0895,91,0.74,1.1044,2,0.735,1.097,1906,0
SPY190724P299,2019-07-23,2019-07-23 09:37:02,0.75,1.1194,484,0.73,1.0895,64,0.74,1.1044,2,0.74,1.1044,1906,0
SPY190724P299,2019-07-23,2019-07-23 09:37:03,0.74,1.1044,72,0.73,1.0895,91,0.74,1.1044,2,0.735,1.097,1906,0
SPY190724P299,2019-07-23,2019-07-23 09:37:03,0.75,1.1194,103,0.73,1.0895,456,0.74,1.1044,2,0.74,1.1044,1906,0
SPY190724P299,2019-07-23,2019-07-23 09:37:04,0.75,1.1194,92,0.74,1.1044,39,0.75,1.1194,15,0.745,1.1119,1921,15
SPY190724P299,2019-07-23,2019-07-23 09:37:05,0.75,1.1194,133,0.74,1.1044,32,0.75,1.1194,15,0.745,1.1119,1921,0
SPY190724P299,2019-07-23,2019-07-23 09:37:06,0.75,1.1194,508,0.74,1.1044,22,0.74,1.1044,1,0.745,1.1119,1922,1
SPY190724P299,2019-07-23,2019-07-23 09:37:07,0.74,1.1044,50,0.73,1.0895,40,0.74,1.1044,1,0.735,1.097,1923,1
SPY190724P299,2019-07-23,2019-07-23 09:37:08,0.74,1.1044,1,0.73,1.0895,84,0.74,1.1044,10,0.735,1.097,1933,10
SPY190724P299,2019-07-23,2019-07-23 09:37:09,0.74,1.1044,32,0.73,1.0895,84,0.74,1.1044,10,0.735,1.097,1933,0
SPY190724P299,2019-07-23,2019-07-23 09:37:10,0.74,1.1044,82,0.73,1.0895,31,0.74,1.1044,60,0.735,1.097,1994,61
SPY190724P299,2019-07-23,2019-07-23 09:37:11,0.74,1.1044,82,0.73,1.0895,30,0.74,1.1044,60,0.735,1.097,1994,0
SPY190724P299,2019-07-23,2019-07-23 09:37:11,0.74,1.1044,82,0.73,1.0895,31,0.74,1.1044,60,0.735,1.097,1994,0
SPY190724P299,2019-07-23,2019-07-23 09:37:12,0.74,1.1044,82,0.73,1.0895,31,0.74,1.1044,60,0.735,1.097,1994,0
SPY190724P299,2019-07-23,2019-07-23 09:37:13,0.74,1.1044,82,0.73,1.0895,31,0.74,1.1044,60,0.735,1.097,1994,0
SPY190724P299,2019-07-23,2019-07-23 09:37:14,0.74,1.1044,82,0.73,1.0895,31,0.74,1.1044,60,0.735,1.097,1994,0
SPY190724P299,2019-07-23,2019-07-23 09:37:15,0.74,1.1044,82,0.73,1.0895,32,0.74,1.1044,60,0.735,1.097,1994,0
SPY190724P299,2019-07-23,2019-07-23 09:37:15,0.74,1.1044,82,0.73,1.0895,7,0.74,1.1044,60,0.735,1.097,1994,0
SPY190724P299,2019-07-23,2019-07-23 09:37:16,0.74,1.1044,113,0.73,1.0895,7,0.74,1.1044,60,0.735,1.097,1994,0
SPY190724P299,2019-07-23,2019-07-23 09:37:17,0.74,1.1044,99,0.73,1.0895,7,0.74,1.1044,20,0.735,1.097,2014,20
SPY190724P299,2019-07-23,2019-07-23 09:37:17,0.74,1.1044,99,0.73,1.0895,7,0.74,1.1044,20,0.735,1.097,2014,0
SPY190724P299,2019-07-23,2019-07-23 09:37:18,0.74,1.1044,99,0.73,1.0895,7,0.74,1.1044,20,0.735,1.097,2014,0
SPY190724P299,2019-07-23,2019-07-23 09:37:19,0.74,1.1044,93,0.73,1.0895,93,0.74,1.1044,20,0.735,1.097,2014,0
SPY190724P299,2019-07-23,2019-07-23 09:37:19,0.75,1.1194,128,0.74,1.1044,32,0.74,1.1044,20,0.745,1.1119,2014,0
SPY190724P299,2019-07-23,2019-07-23 09:37:20,0.75,1.1194,82,0.74,1.1044,36,0.74,1.1044,20,0.745,1.1119,2014,0
SPY190724P299,2019-07-23,2019-07-23 09:37:20,0.75,1.1194,131,0.73,1.0895,185,0.74,1.1044,20,0.74,1.1044,2014,0
SPY190724P299,2019-07-23,2019-07-23 09:37:21,0.75,1.1194,82,0.74,1.1044,36,0.74,1.1044,20,0.745,1.1119,2014,0
SPY190724P299,2019-07-23,2019-07-23 09:37:22,0.75,1.1194,119,0.73,1.0895,202,0.74,1.1044,20,0.74,1.1044,2014,0
SPY190724P299,2019-07-23,2019-07-23 09:37:22,0.75,1.1194,92,0.74,1.1044,32,0.74,1.1044,20,0.745,1.1119,2014,0
SPY190724P299,2019-07-23,2019-07-23 09:37:23,0.75,1.1194,394,0.73,1.0895,202,0.74,1.1044,20,0.74,1.1044,2014,0
SPY190724P299,2019-07-23,2019-07-23 09:37:24,0.75,1.1194,92,0.73,1.0895,201,0.75,1.1194,2,0.74,1.1044,2016,2
SPY190724P299,2019-07-23,2019-07-23 09:37:24,0.75,1.1194,486,0.73,1.0895,210,0.74,1.1044,20,0.74,1.1044,2014,0
SPY190724P299,2019-07-23,2019-07-23 09:37:25,0.75,1.1194,77,0.74,1.1044,39,0.75,1.1194,2,0.745,1.1119,2016,0
SPY190724P299,2019-07-23,2019-07-23 09:37:27,0.75,1.1194,92,0.74,1.1044,32,0.74,1.1044,1,0.745,1.1119,2017,1
SPY190724P299,2019-07-23,2019-07-23 09:37:28,0.75,1.1194,77,0.74,1.1044,39,0.74,1.1044,1,0.745,1.1119,2017,0
SPY190724P299,2019-07-23,2019-07-23 09:37:29,0.75,1.1194,77,0.74,1.1044,39,0.74,1.1044,1,0.745,1.1119,2017,0
SPY190724P299,2019-07-23,2019-07-23 09:37:35,0.75,1.1194,83,0.74,1.1044,98,0.74,1.1044,1,0.745,1.1119,2017,0
SPY190724P299,2019-07-23,2019-07-23 09:37:36,0.75,1.1194,83,0.74,1.1044,88,0.74,1.1044,1,0.745,1.1119,2017,0
SPY190724P299,2019-07-23,2019-07-23 09:37:37,0.75,1.1194,83,0.74,1.1044,88,0.74,1.1044,1,0.745,1.1119,2017,0
SPY190724P299,2019-07-23,2019-07-23 09:37:38,0.75,1.1194,11,0.74,1.1044,527,0.75,1.1194,1,0.745,1.1119,2018,1
SPY190724P299,2019-07-23,2019-07-23 09:37:38,0.75,1.1194,83,0.74,1.1044,88,0.74,1.1044,1,0.745,1.1119,2017,0
SPY190724P299,2019-07-23,2019-07-23 09:37:39,0.75,1.1194,11,0.75,1.1194,132,0.75,1.1194,11,0.75,1.1194,2029,11
SPY190724P299,2019-07-23,2019-07-23 09:37:39,0.75,1.1194,11,0.74,1.1044,597,0.75,1.1194,1,0.745,1.1119,2018,0
SPY190724P299,2019-07-23,2019-07-23 09:37:40,0.77,1.1492,513,0.75,1.1194,142,0.75,1.1194,11,0.76,1.1343,2029,0
SPY190724P299,2019-07-23,2019-07-23 09:37:41,0.78,1.1641,69,0.76,1.1343,530,0.75,1.1194,11,0.77,1.1492,2029,0
SPY190724P299,2019-07-23,2019-07-23 09:37:41,0.77,1.1492,291,0.75,1.1194,532,0.75,1.1194,11,0.76,1.1343,2029,0
SPY190724P299,2019-07-23,2019-07-23 09:37:42,0.78,1.1641,39,0.77,1.1492,29,0.75,1.1194,11,0.775,1.1567,2029,0
SPY190724P299,2019-07-23,2019-07-23 09:37:43,0.79,1.1791,60,0.78,1.1641,91,0.75,1.1194,11,0.785,1.1716,2029,0
SPY190724P299,2019-07-23,2019-07-23 09:37:43,0.79,1.1791,141,0.77,1.1492,110,0.75,1.1194,11,0.78,1.1641,2029,0
SPY190724P299,2019-07-23,2019-07-23 09:37:44,0.79,1.1791,72,0.78,1.1641,1,0.75,1.1194,11,0.785,1.1716,2029,0
SPY190724P299,2019-07-23,2019-07-23 09:37:45,0.79,1.1791,62,0.78,1.1641,78,0.75,1.1194,11,0.785,1.1716,2029,0
SPY190724P299,2019-07-23,2019-07-23 09:37:46,0.79,1.1791,62,0.78,1.1641,78,0.75,1.1194,11,0.785,1.1716,2029,0
SPY190724P299,2019-07-23,2019-07-23 09:37:47,0.79,1.1791,40,0.78,1.1641,78,0.75,1.1194,11,0.785,1.1716,2029,0
SPY190724P299,2019-07-23,2019-07-23 09:37:48,0.8,1.194,15,0.79,1.1791,129,0.8,1.194,69,0.795,1.1865,2098,69
SPY190724P299,2019-07-23,2019-07-23 09:37:48,0.8,1.194,4,0.79,1.1791,129,0.8,1.194,1,0.795,1.1865,2100,2
SPY190724P299,2019-07-23,2019-07-23 09:37:49,0.8,1.194,4,0.79,1.1791,177,0.8,1.194,1,0.795,1.1865,2100,0
SPY190724P299,2019-07-23,2019-07-23 09:37:49,0.8,1.194,4,0.79,1.1791,129,0.8,1.194,1,0.795,1.1865,2100,0
SPY190724P299,2019-07-23,2019-07-23 09:37:50,0.8,1.194,4,0.79,1.1791,177,0.8,1.194,4,0.795,1.1865,2105,5
SPY190724P299,2019-07-23,2019-07-23 09:37:51,0.81,1.2089,25,0.8,1.194,78,0.8,1.194,4,0.805,1.2014,2105,0
SPY190724P299,2019-07-23,2019-07-23 09:37:51,0.81,1.2089,10,0.8,1.194,1,0.8,1.194,4,0.805,1.2014,2105,0
SPY190724P299,2019-07-23,2019-07-23 09:37:52,0.81,1.2089,25,0.8,1.194,1,0.81,1.2089,8,0.805,1.2014,2113,8
SPY190724P299,2019-07-23,2019-07-23 09:37:52,0.81,1.2089,25,0.8,1.194,1,0.81,1.2089,8,0.805,1.2014,2113,0
SPY190724P299,2019-07-23,2019-07-23 09:37:53,0.81,1.2089,343,0.8,1.194,1,0.81,1.2089,8,0.805,1.2014,2113,0
SPY190724P299,2019-07-23,2019-07-23 09:37:54,0.81,1.2089,343,0.8,1.194,1,0.81,1.2089,8,0.805,1.2014,2113,0
SPY190724P299,2019-07-23,2019-07-23 09:37:54,0.8,1.194,84,0.78,1.1641,129,0.8,1.194,10,0.79,1.1791,2124,11
SPY190724P299,2019-07-23,2019-07-23 09:37:55,0.79,1.1791,55,0.78,1.1641,129,0.8,1.194,10,0.785,1.1716,2124,0
SPY190724P299,2019-07-23,2019-07-23 09:37:56,0.8,1.194,62,0.78,1.1641,176,0.8,1.194,10,0.79,1.1791,2124,0
SPY190724P299,2019-07-23,2019-07-23 09:37:56,0.8,1.194,62,0.78,1.1641,536,0.8,1.194,10,0.79,1.1791,2124,0
SPY190724P299,2019-07-23,2019-07-23 09:37:57,0.8,1.194,40,0.79,1.1791,99,0.8,1.194,10,0.795,1.1865,2124,0
SPY190724P299,2019-07-23,2019-07-23 09:37:58,0.81,1.2089,60,0.79,1.1791,68,0.84,1.2537,8,0.8,1.194,2152,0
SPY190724P299,2019-07-23,2019-07-23 09:37:58,0.81,1.2089,60,0.79,1.1791,115,0.84,1.2537,8,0.8,1.194,2152,28
SPY190724P299,2019-07-23,2019-07-23 09:37:59,0.81,1.2089,60,0.85,1.2686,444,0.87,1.2985,60,0.83,1.2388,2215,60
SPY190724P299,2019-07-23,2019-07-23 09:37:59,0.81,1.2089,60,0.8,1.194,344,0.86,1.2835,2,0.805,1.2014,2155,3
SPY190724P299,2019-07-23,2019-07-23 09:38:00,0.89,1.3283,44,0.88,1.3134,29,0.89,1.3283,28,0.885,1.3208,2243,28
SPY190724P299,2019-07-23,2019-07-23 09:38:00,0.89,1.3283,54,0.88,1.3134,29,0.89,1.3283,28,0.885,1.3208,2243,0
SPY190724P299,2019-07-23,2019-07-23 09:38:01,0.89,1.3283,60,0.88,1.3134,29,0.89,1.3283,28,0.885,1.3208,2243,0
SPY190724P299,2019-07-23,2019-07-23 09:38:02,0.89,1.3283,60,0.87,1.2985,260,0.89,1.3283,28,0.88,1.3134,2243,0
SPY190724P299,2019-07-23,2019-07-23 09:38:02,0.88,1.3134,87,0.86,1.2835,69,0.89,1.3283,28,0.87,1.2985,2243,0
SPY190724P299,2019-07-23,2019-07-23 09:38:03,0.87,1.2985,90,0.86,1.2835,35,0.89,1.3283,28,0.865,1.291,2243,0
SPY190724P299,2019-07-23,2019-07-23 09:38:04,0.87,1.2985,161,0.86,1.2835,35,0.87,1.2985,5,0.865,1.291,2248,5
SPY190724P299,2019-07-23,2019-07-23 09:38:04,0.87,1.2985,221,0.84,1.2537,332,0.87,1.2985,5,0.855,1.2761,2248,0
SPY190724P299,2019-07-23,2019-07-23 09:38:05,0.85,1.2686,82,0.84,1.2537,6,0.84,1.2537,10,0.845,1.2611,2258,0
SPY190724P299,2019-07-23,2019-07-23 09:38:05,0.85,1.2686,82,0.84,1.2537,6,0.84,1.2537,10,0.845,1.2611,2258,10
SPY190724P299,2019-07-23,2019-07-23 09:38:06,0.84,1.2537,68,0.82,1.2238,61,0.84,1.2537,10,0.83,1.2388,2258,0
SPY190724P299,2019-07-23,2019-07-23 09:38:07,0.84,1.2537,156,0.83,1.2388,33,0.84,1.2537,10,0.835,1.2462,2258,0
SPY190724P299,2019-07-23,2019-07-23 09:38:07,0.85,1.2686,40,0.83,1.2388,123,0.84,1.2537,10,0.84,1.2537,2258,0
SPY190724P299,2019-07-23,2019-07-23 09:38:08,0.85,1.2686,50,0.84,1.2537,30,0.84,1.2537,10,0.845,1.2611,2258,0
SPY190724P299,2019-07-23,2019-07-23 09:38:08,0.85,1.2686,50,0.84,1.2537,29,0.84,1.2537,10,0.845,1.2611,2258,0
SPY190724P299,2019-07-23,2019-07-23 09:38:09,0.85,1.2686,179,0.83,1.2388,220,0.84,1.2537,10,0.84,1.2537,2258,0
SPY190724P299,2019-07-23,2019-07-23 09:38:10,0.85,1.2686,65,0.83,1.2388,131,0.84,1.2537,10,0.84,1.2537,2258,0
SPY190724P299,2019-07-23,2019-07-23 09:38:11,0.86,1.2835,73,0.84,1.2537,29,0.84,1.2537,10,0.85,1.2686,2258,0
SPY190724P299,2019-07-23,2019-07-23 09:38:11,0.85,1.2686,135,0.83,1.2388,130,0.84,1.2537,10,0.84,1.2537,2258,0
SPY190724P299,2019-07-23,2019-07-23 09:38:12,0.87,1.2985,40,0.85,1.2686,77,0.84,1.2537,10,0.86,1.2835,2258,0
SPY190724P299,2019-07-23,2019-07-23 09:38:12,0.86,1.2835,64,0.85,1.2686,57,0.84,1.2537,10,0.855,1.2761,2258,0
SPY190724P299,2019-07-23,2019-07-23 09:38:13,0.88,1.3134,110,0.86,1.2835,108,0.84,1.2537,10,0.87,1.2985,2258,0
SPY190724P299,2019-07-23,2019-07-23 09:38:14,0.87,1.2985,362,0.85,1.2686,101,0.84,1.2537,10,0.86,1.2835,2258,0
SPY190724P299,2019-07-23,2019-07-23 09:38:14,0.87,1.2985,145,0.85,1.2686,91,0.84,1.2537,10,0.86,1.2835,2258,0
SPY190724P299,2019-07-23,2019-07-23 09:38:15,0.87,1.2985,358,0.85,1.2686,56,0.84,1.2537,10,0.86,1.2835,2258,0
SPY190724P299,2019-07-23,2019-07-23 09:38:16,0.88,1.3134,110,0.86,1.2835,35,0.86,1.2835,2,0.87,1.2985,2260,2
SPY190724P299,2019-07-23,2019-07-23 09:38:16,0.87,1.2985,115,0.86,1.2835,35,0.86,1.2835,2,0.865,1.291,2260,0
SPY190724P299,2019-07-23,2019-07-23 09:38:17,0.87,1.2985,610,0.85,1.2686,89,0.86,1.2835,2,0.86,1.2835,2260,0
SPY190724P299,2019-07-23,2019-07-23 09:38:18,0.87,1.2985,507,0.84,1.2537,153,0.86,1.2835,2,0.855,1.2761,2260,0
SPY190724P299,2019-07-23,2019-07-23 09:38:19,0.86,1.2835,29,0.84,1.2537,262,0.84,1.2537,10,0.85,1.2686,2300,0
SPY190724P299,2019-07-23,2019-07-23 09:38:19,0.87,1.2985,277,0.84,1.2537,222,0.84,1.2537,10,0.855,1.2761,2300,40
SPY190724P299,2019-07-23,2019-07-23 09:38:20,0.86,1.2835,75,0.84,1.2537,122,0.84,1.2537,10,0.85,1.2686,2300,0
SPY190724P299,2019-07-23,2019-07-23 09:38:20,0.86,1.2835,57,0.85,1.2686,33,0.84,1.2537,10,0.855,1.2761,2300,0
SPY190724P299,2019-07-23,2019-07-23 09:38:21,0.86,1.2835,75,0.85,1.2686,33,0.84,1.2537,10,0.855,1.2761,2300,0
SPY190724P299,2019-07-23,2019-07-23 09:38:21,0.86,1.2835,118,0.84,1.2537,208,0.84,1.2537,10,0.85,1.2686,2300,0
SPY190724P299,2019-07-23,2019-07-23 09:38:22,0.85,1.2686,1,0.84,1.2537,191,0.84,1.2537,10,0.845,1.2611,2300,0
SPY190724P299,2019-07-23,2019-07-23 09:38:23,0.86,1.2835,95,0.84,1.2537,62,0.84,1.2537,10,0.85,1.2686,2300,0
SPY190724P299,2019-07-23,2019-07-23 09:38:23,0.86,1.2835,135,0.84,1.2537,62,0.84,1.2537,10,0.85,1.2686,2300,0
SPY190724P299,2019-07-23,2019-07-23 09:38:24,0.86,1.2835,107,0.84,1.2537,165,0.84,1.2537,10,0.85,1.2686,2300,0
SPY190724P299,2019-07-23,2019-07-23 09:38:25,0.86,1.2835,69,0.85,1.2686,40,0.85,1.2686,50,0.855,1.2761,2350,50
SPY190724P299,2019-07-23,2019-07-23 09:38:26,0.86,1.2835,1,0.85,1.2686,248,0.86,1.2835,1,0.855,1.2761,2352,2
SPY190724P299,2019-07-23,2019-07-23 09:38:26,0.86,1.2835,40,0.85,1.2686,30,0.85,1.2686,50,0.855,1.2761,2350,0
SPY190724P299,2019-07-23,2019-07-23 09:38:27,0.87,1.2985,40,0.85,1.2686,288,0.86,1.2835,1,0.86,1.2835,2352,0
SPY190724P299,2019-07-23,2019-07-23 09:38:28,0.87,1.2985,40,0.85,1.2686,320,0.86,1.2835,1,0.86,1.2835,2352,0
SPY190724P299,2019-07-23,2019-07-23 09:38:29,0.87,1.2985,40,0.85,1.2686,220,0.86,1.2835,1,0.86,1.2835,2352,0
SPY190724P299,2019-07-23,2019-07-23 09:38:30,0.88,1.3134,265,0.85,1.2686,125,0.86,1.2835,1,0.865,1.291,2352,0
SPY190724P299,2019-07-23,2019-07-23 09:38:30,0.87,1.2985,115,0.85,1.2686,220,0.86,1.2835,1,0.86,1.2835,2352,0
SPY190724P299,2019-07-23,2019-07-23 09:38:31,0.87,1.2985,29,0.85,1.2686,220,0.86,1.2835,1,0.86,1.2835,2352,0
SPY190724P299,2019-07-23,2019-07-23 09:38:32,0.87,1.2985,29,0.85,1.2686,332,0.86,1.2835,1,0.86,1.2835,2352,0
SPY190724P299,2019-07-23,2019-07-23 09:38:32,0.87,1.2985,29,0.85,1.2686,335,0.86,1.2835,1,0.86,1.2835,2352,0
SPY190724P299,2019-07-23,2019-07-23 09:38:33,0.87,1.2985,29,0.85,1.2686,185,0.87,1.2985,3,0.86,1.2835,2355,3
SPY190724P299,2019-07-23,2019-07-23 09:38:34,0.87,1.2985,161,0.85,1.2686,29,0.87,1.2985,3,0.86,1.2835,2355,0
SPY190724P299,2019-07-23,2019-07-23 09:38:34,0.87,1.2985,29,0.85,1.2686,157,0.87,1.2985,3,0.86,1.2835,2355,0
SPY190724P299,2019-07-23,2019-07-23 09:38:35,0.87,1.2985,171,0.85,1.2686,31,0.87,1.2985,3,0.86,1.2835,2355,0
SPY190724P299,2019-07-23,2019-07-23 09:38:35,0.86,1.2835,40,0.85,1.2686,31,0.87,1.2985,3,0.855,1.2761,2355,0
SPY190724P299,2019-07-23,2019-07-23 09:38:36,0.86,1.2835,40,0.85,1.2686,31,0.87,1.2985,3,0.855,1.2761,2355,0
SPY190724P299,2019-07-23,2019-07-23 09:38:37,0.86,1.2835,40,0.85,1.2686,31,0.87,1.2985,3,0.855,1.2761,2355,0
SPY190724P299,2019-07-23,2019-07-23 09:38:38,0.86,1.2835,75,0.84,1.2537,302,0.87,1.2985,3,0.85,1.2686,2355,0
SPY190724P299,2019-07-23,2019-07-23 09:38:38,0.86,1.2835,40,0.84,1.2537,287,0.87,1.2985,3,0.85,1.2686,2355,0
SPY190724P299,2019-07-23,2019-07-23 09:38:39,0.86,1.2835,69,0.84,1.2537,290,0.87,1.2985,3,0.85,1.2686,2355,0
SPY190724P299,2019-07-23,2019-07-23 09:38:39,0.86,1.2835,85,0.84,1.2537,215,0.87,1.2985,3,0.85,1.2686,2355,0
SPY190724P299,2019-07-23,2019-07-23 09:38:40,0.86,1.2835,69,0.84,1.2537,288,0.87,1.2985,3,0.85,1.2686,2355,0
SPY190724P299,2019-07-23,2019-07-23 09:38:41,0.86,1.2835,197,0.84,1.2537,29,0.87,1.2985,3,0.85,1.2686,2355,0
SPY190724P299,2019-07-23,2019-07-23 09:38:41,0.86,1.2835,85,0.84,1.2537,262,0.87,1.2985,3,0.85,1.2686,2355,0
SPY190724P299,2019-07-23,2019-07-23 09:38:42,0.85,1.2686,75,0.83,1.2388,222,0.87,1.2985,3,0.84,1.2537,2355,0
SPY190724P299,2019-07-23,2019-07-23 09:38:42,0.85,1.2686,85,0.83,1.2388,262,0.87,1.2985,3,0.84,1.2537,2355,0
SPY190724P299,2019-07-23,2019-07-23 09:38:43,0.85,1.2686,241,0.83,1.2388,110,0.87,1.2985,3,0.84,1.2537,2355,0
SPY190724P299,2019-07-23,2019-07-23 09:38:43,0.85,1.2686,85,0.83,1.2388,150,0.87,1.2985,3,0.84,1.2537,2355,0
SPY190724P299,2019-07-23,2019-07-23 09:38:44,0.85,1.2686,433,0.82,1.2238,138,0.87,1.2985,3,0.835,1.2462,2355,0
SPY190724P299,2019-07-23,2019-07-23 09:38:45,0.84,1.2537,100,0.82,1.2238,138,0.87,1.2985,3,0.83,1.2388,2355,0
SPY190724P299,2019-07-23,2019-07-23 09:38:45,0.84,1.2537,125,0.82,1.2238,121,0.87,1.2985,3,0.83,1.2388,2355,0
SPY190724P299,2019-07-23,2019-07-23 09:38:46,0.85,1.2686,170,0.83,1.2388,93,0.84,1.2537,40,0.84,1.2537,2395,0
SPY190724P299,2019-07-23,2019-07-23 09:38:46,0.84,1.2537,1,0.83,1.2388,93,0.84,1.2537,40,0.835,1.2462,2395,40
SPY190724P299,2019-07-23,2019-07-23 09:38:47,0.85,1.2686,69,0.83,1.2388,222,0.84,1.2537,40,0.84,1.2537,2395,0
SPY190724P299,2019-07-23,2019-07-23 09:38:47,0.85,1.2686,69,0.83,1.2388,133,0.84,1.2537,40,0.84,1.2537,2395,0
SPY190724P299,2019-07-23,2019-07-23 09:38:48,0.85,1.2686,75,0.83,1.2388,93,0.84,1.2537,40,0.84,1.2537,2395,0
SPY190724P299,2019-07-23,2019-07-23 09:38:48,0.86,1.2835,69,0.84,1.2537,129,0.84,1.2537,40,0.85,1.2686,2395,0
SPY190724P299,2019-07-23,2019-07-23 09:38:49,0.86,1.2835,69,0.84,1.2537,180,0.84,1.2537,40,0.85,1.2686,2395,0
SPY190724P299,2019-07-23,2019-07-23 09:38:50,0.86,1.2835,69,0.84,1.2537,270,0.84,1.2537,40,0.85,1.2686,2395,0
SPY190724P299,2019-07-23,2019-07-23 09:38:50,0.86,1.2835,69,0.85,1.2686,65,0.86,1.2835,20,0.855,1.2761,2415,20
SPY190724P299,2019-07-23,2019-07-23 09:38:51,0.86,1.2835,69,0.85,1.2686,82,0.86,1.2835,20,0.855,1.2761,2415,0
SPY190724P299,2019-07-23,2019-07-23 09:38:51,0.86,1.2835,69,0.84,1.2537,178,0.86,1.2835,9,0.85,1.2686,2424,9
SPY190724P299,2019-07-23,2019-07-23 09:38:52,0.87,1.2985,29,0.86,1.2835,55,0.86,1.2835,9,0.865,1.291,2424,0
SPY190724P299,2019-07-23,2019-07-23 09:38:53,0.87,1.2985,29,0.86,1.2835,55,0.86,1.2835,9,0.865,1.291,2424,0
SPY190724P299,2019-07-23,2019-07-23 09:38:54,0.87,1.2985,40,0.86,1.2835,78,0.86,1.2835,9,0.865,1.291,2424,0
SPY190724P299,2019-07-23,2019-07-23 09:38:55,0.87,1.2985,40,0.86,1.2835,78,0.87,1.2985,15,0.865,1.291,2439,15
SPY190724P299,2019-07-23,2019-07-23 09:38:55,0.87,1.2985,40,0.86,1.2835,93,0.87,1.2985,15,0.865,1.291,2439,0
SPY190724P299,2019-07-23,2019-07-23 09:38:56,0.87,1.2985,1,0.86,1.2835,93,0.87,1.2985,15,0.865,1.291,2439,0
SPY190724P299,2019-07-23,2019-07-23 09:38:57,0.87,1.2985,1,0.86,1.2835,93,0.87,1.2985,15,0.865,1.291,2439,0
SPY190724P299,2019-07-23,2019-07-23 09:38:57,0.88,1.3134,15,0.87,1.2985,72,0.87,1.2985,1,0.875,1.3059,2440,1
SPY190724P299,2019-07-23,2019-07-23 09:38:58,0.88,1.3134,15,0.86,1.2835,6,0.87,1.2985,1,0.87,1.2985,2440,0
SPY190724P299,2019-07-23,2019-07-23 09:38:58,0.87,1.2985,6,0.84,1.2537,178,0.87,1.2985,1,0.855,1.2761,2440,0
SPY190724P299,2019-07-23,2019-07-23 09:38:59,0.86,1.2835,29,0.84,1.2537,227,0.87,1.2985,1,0.85,1.2686,2440,0
SPY190724P299,2019-07-23,2019-07-23 09:38:59,0.86,1.2835,29,0.84,1.2537,200,0.87,1.2985,1,0.85,1.2686,2440,0
SPY190724P299,2019-07-23,2019-07-23 09:39:00,0.86,1.2835,95,0.84,1.2537,129,0.86,1.2835,10,0.85,1.2686,2450,10
SPY190724P299,2019-07-23,2019-07-23 09:39:01,0.85,1.2686,71,0.83,1.2388,162,0.86,1.2835,10,0.84,1.2537,2450,0
SPY190724P299,2019-07-23,2019-07-23 09:39:01,0.84,1.2537,25,0.83,1.2388,220,0.86,1.2835,10,0.835,1.2462,2450,0
SPY190724P299,2019-07-23,2019-07-23 09:39:02,0.85,1.2686,81,0.84,1.2537,29,0.86,1.2835,10,0.845,1.2611,2450,0
SPY190724P299,2019-07-23,2019-07-23 09:39:03,0.86,1.2835,6,0.84,1.2537,29,0.86,1.2835,10,0.85,1.2686,2450,0
SPY190724P299,2019-07-23,2019-07-23 09:39:03,0.86,1.2835,85,0.84,1.2537,129,0.86,1.2835,10,0.85,1.2686,2450,0
SPY190724P299,2019-07-23,2019-07-23 09:39:04,0.86,1.2835,85,0.84,1.2537,154,0.86,1.2835,10,0.85,1.2686,2450,0
SPY190724P299,2019-07-23,2019-07-23 09:39:04,0.85,1.2686,75,0.84,1.2537,139,0.86,1.2835,10,0.845,1.2611,2450,0
SPY190724P299,2019-07-23,2019-07-23 09:39:05,0.86,1.2835,85,0.84,1.2537,154,0.86,1.2835,10,0.85,1.2686,2450,0
SPY190724P299,2019-07-23,2019-07-23 09:39:05,0.86,1.2835,85,0.84,1.2537,144,0.86,1.2835,10,0.85,1.2686,2450,0
SPY190724P299,2019-07-23,2019-07-23 09:39:06,0.86,1.2835,85,0.84,1.2537,144,0.86,1.2835,10,0.85,1.2686,2450,0
SPY190724P299,2019-07-23,2019-07-23 09:39:07,0.86,1.2835,85,0.84,1.2537,154,0.85,1.2686,10,0.85,1.2686,2460,10
SPY190724P299,2019-07-23,2019-07-23 09:39:07,0.86,1.2835,85,0.84,1.2537,154,0.85,1.2686,10,0.85,1.2686,2460,0
SPY190724P299,2019-07-23,2019-07-23 09:39:08,0.86,1.2835,85,0.84,1.2537,179,0.85,1.2686,10,0.85,1.2686,2460,0
SPY190724P299,2019-07-23,2019-07-23 09:39:08,0.86,1.2835,85,0.84,1.2537,211,0.85,1.2686,10,0.85,1.2686,2460,0
SPY190724P299,2019-07-23,2019-07-23 09:39:09,0.86,1.2835,85,0.84,1.2537,159,0.85,1.2686,10,0.85,1.2686,2460,0
SPY190724P299,2019-07-23,2019-07-23 09:39:10,0.86,1.2835,85,0.84,1.2537,185,0.84,1.2537,1,0.85,1.2686,2461,1
SPY190724P299,2019-07-23,2019-07-23 09:39:10,0.86,1.2835,85,0.84,1.2537,218,0.84,1.2537,1,0.85,1.2686,2461,0
SPY190724P299,2019-07-23,2019-07-23 09:39:11,0.86,1.2835,129,0.84,1.2537,121,0.84,1.2537,1,0.85,1.2686,2461,0
SPY190724P299,2019-07-23,2019-07-23 09:39:11,0.86,1.2835,85,0.85,1.2686,29,0.84,1.2537,1,0.855,1.2761,2461,0
SPY190724P299,2019-07-23,2019-07-23 09:39:12,0.86,1.2835,129,0.84,1.2537,139,0.84,1.2537,7,0.85,1.2686,2476,15
SPY190724P299,2019-07-23,2019-07-23 09:39:13,0.85,1.2686,6,0.84,1.2537,1,0.84,1.2537,7,0.845,1.2611,2476,0
SPY190724P299,2019-07-23,2019-07-23 09:39:13,0.86,1.2835,129,0.84,1.2537,139,0.84,1.2537,7,0.85,1.2686,2476,0
SPY190724P299,2019-07-23,2019-07-23 09:39:14,0.85,1.2686,83,0.84,1.2537,29,0.84,1.2537,7,0.845,1.2611,2476,0
SPY190724P299,2019-07-23,2019-07-23 09:39:15,0.84,1.2537,29,0.83,1.2388,129,0.84,1.2537,7,0.835,1.2462,2476,0
SPY190724P299,2019-07-23,2019-07-23 09:39:15,0.84,1.2537,15,0.83,1.2388,135,0.84,1.2537,7,0.835,1.2462,2476,0
SPY190724P299,2019-07-23,2019-07-23 09:39:16,0.85,1.2686,69,0.84,1.2537,29,0.84,1.2537,2,0.845,1.2611,2478,2
SPY190724P299,2019-07-23,2019-07-23 09:39:17,0.85,1.2686,85,0.83,1.2388,172,0.84,1.2537,2,0.84,1.2537,2478,0
SPY190724P299,2019-07-23,2019-07-23 09:39:17,0.85,1.2686,69,0.83,1.2388,230,0.84,1.2537,2,0.84,1.2537,2478,0
SPY190724P299,2019-07-23,2019-07-23 09:39:18,0.85,1.2686,85,0.83,1.2388,115,0.84,1.2537,2,0.84,1.2537,2478,0
SPY190724P299,2019-07-23,2019-07-23 09:39:18,0.85,1.2686,85,0.85,1.2686,1,0.84,1.2537,2,0.85,1.2686,2478,0
SPY190724P299,2019-07-23,2019-07-23 09:39:19,0.85,1.2686,85,0.85,1.2686,45,0.85,1.2686,100,0.85,1.2686,2588,110
SPY190724P299,2019-07-23,2019-07-23 09:39:20,0.87,1.2985,6,0.85,1.2686,100,0.85,1.2686,100,0.86,1.2835,2588,0
SPY190724P299,2019-07-23,2019-07-23 09:39:20,0.88,1.3134,75,0.86,1.2835,139,0.85,1.2686,100,0.87,1.2985,2588,0
SPY190724P299,2019-07-23,2019-07-23 09:39:21,0.88,1.3134,81,0.86,1.2835,139,0.85,1.2686,100,0.87,1.2985,2588,0
SPY190724P299,2019-07-23,2019-07-23 09:39:22,0.88,1.3134,210,0.86,1.2835,16,0.85,1.2686,100,0.87,1.2985,2588,0
SPY190724P299,2019-07-23,2019-07-23 09:39:22,0.88,1.3134,134,0.86,1.2835,139,0.85,1.2686,100,0.87,1.2985,2588,0
SPY190724P299,2019-07-23,2019-07-23 09:39:23,0.88,1.3134,97,0.86,1.2835,83,0.85,1.2686,100,0.87,1.2985,2588,0
SPY190724P299,2019-07-23,2019-07-23 09:39:24,0.88,1.3134,97,0.87,1.2985,29,0.85,1.2686,100,0.875,1.3059,2588,0
SPY190724P299,2019-07-23,2019-07-23 09:39:24,0.88,1.3134,29,0.87,1.2985,83,0.85,1.2686,100,0.875,1.3059,2588,0
SPY190724P299,2019-07-23,2019-07-23 09:39:25,0.88,1.3134,29,0.87,1.2985,66,0.85,1.2686,100,0.875,1.3059,2588,0
SPY190724P299,2019-07-23,2019-07-23 09:39:25,0.88,1.3134,29,0.87,1.2985,83,0.85,1.2686,100,0.875,1.3059,2588,0
SPY190724P299,2019-07-23,2019-07-23 09:39:26,0.88,1.3134,155,0.86,1.2835,129,0.85,1.2686,100,0.87,1.2985,2588,0
SPY190724P299,2019-07-23,2019-07-23 09:39:27,0.87,1.2985,62,0.86,1.2835,27,0.86,1.2835,5,0.865,1.291,2598,10
SPY190724P299,2019-07-23,2019-07-23 09:39:27,0.87,1.2985,31,0.86,1.2835,93,0.85,1.2686,100,0.865,1.291,2588,0
SPY190724P299,2019-07-23,2019-07-23 09:39:28,0.86,1.2835,29,0.85,1.2686,129,0.86,1.2835,5,0.855,1.2761,2598,0
SPY190724P299,2019-07-23,2019-07-23 09:39:29,0.85,1.2686,71,0.84,1.2537,33,0.86,1.2835,5,0.845,1.2611,2598,0
SPY190724P299,2019-07-23,2019-07-23 09:39:30,0.86,1.2835,100,0.84,1.2537,95,0.86,1.2835,5,0.85,1.2686,2598,0
SPY190724P299,2019-07-23,2019-07-23 09:39:30,0.86,1.2835,100,0.84,1.2537,83,0.86,1.2835,5,0.85,1.2686,2598,0
SPY190724P299,2019-07-23,2019-07-23 09:39:31,0.85,1.2686,29,0.84,1.2537,108,0.86,1.2835,5,0.845,1.2611,2598,0
SPY190724P299,2019-07-23,2019-07-23 09:39:31,0.85,1.2686,15,0.84,1.2537,95,0.86,1.2835,5,0.845,1.2611,2598,0
SPY190724P299,2019-07-23,2019-07-23 09:39:32,0.86,1.2835,137,0.84,1.2537,178,0.86,1.2835,5,0.85,1.2686,2598,0
SPY190724P299,2019-07-23,2019-07-23 09:39:33,0.86,1.2835,61,0.84,1.2537,162,0.86,1.2835,5,0.85,1.2686,2598,0
SPY190724P299,2019-07-23,2019-07-23 09:39:33,0.86,1.2835,69,0.84,1.2537,162,0.86,1.2835,5,0.85,1.2686,2598,0
SPY190724P299,2019-07-23,2019-07-23 09:39:34,0.86,1.2835,56,0.85,1.2686,75,0.86,1.2835,6,0.855,1.2761,2604,6
SPY190724P299,2019-07-23,2019-07-23 09:39:34,0.87,1.2985,41,0.85,1.2686,272,0.86,1.2835,6,0.86,1.2835,2604,0
SPY190724P299,2019-07-23,2019-07-23 09:39:35,0.87,1.2985,75,0.86,1.2835,59,0.86,1.2835,6,0.865,1.291,2604,0
SPY190724P299,2019-07-23,2019-07-23 09:39:35,0.87,1.2985,15,0.86,1.2835,85,0.86,1.2835,6,0.865,1.291,2604,0
SPY190724P299,2019-07-23,2019-07-23 09:39:36,0.87,1.2985,49,0.85,1.2686,162,0.86,1.2835,6,0.86,1.2835,2604,0
SPY190724P299,2019-07-23,2019-07-23 09:39:36,0.87,1.2985,15,0.86,1.2835,85,0.86,1.2835,6,0.865,1.291,2604,0
SPY190724P299,2019-07-23,2019-07-23 09:39:37,0.87,1.2985,49,0.86,1.2835,95,0.86,1.2835,6,0.865,1.291,2604,0
SPY190724P299,2019-07-23,2019-07-23 09:39:38,0.87,1.2985,41,0.86,1.2835,95,0.86,1.2835,6,0.865,1.291,2604,0
SPY190724P299,2019-07-23,2019-07-23 09:39:38,0.87,1.2985,29,0.86,1.2835,94,0.86,1.2835,6,0.865,1.291,2604,0
SPY190724P299,2019-07-23,2019-07-23 09:39:39,0.87,1.2985,15,0.86,1.2835,94,0.86,1.2835,6,0.865,1.291,2604,0
SPY190724P299,2019-07-23,2019-07-23 09:39:40,0.87,1.2985,15,0.86,1.2835,94,0.86,1.2835,6,0.865,1.291,2604,0
SPY190724P299,2019-07-23,2019-07-23 09:39:41,0.87,1.2985,15,0.86,1.2835,80,0.86,1.2835,6,0.865,1.291,2604,0
SPY190724P299,2019-07-23,2019-07-23 09:39:42,0.87,1.2985,15,0.86,1.2835,70,0.86,1.2835,6,0.865,1.291,2604,0
SPY190724P299,2019-07-23,2019-07-23 09:39:43,0.87,1.2985,66,0.86,1.2835,72,0.86,1.2835,6,0.865,1.291,2604,0
SPY190724P299,2019-07-23,2019-07-23 09:39:43,0.87,1.2985,66,0.86,1.2835,35,0.86,1.2835,6,0.865,1.291,2604,0
SPY190724P299,2019-07-23,2019-07-23 09:39:44,0.86,1.2835,16,0.85,1.2686,31,0.86,1.2835,5,0.855,1.2761,2609,5
SPY190724P299,2019-07-23,2019-07-23 09:39:45,0.87,1.2985,81,0.86,1.2835,73,0.86,1.2835,5,0.865,1.291,2609,0
SPY190724P299,2019-07-23,2019-07-23 09:39:45,0.87,1.2985,259,0.85,1.2686,78,0.86,1.2835,5,0.86,1.2835,2609,0
SPY190724P299,2019-07-23,2019-07-23 09:39:46,0.87,1.2985,83,0.86,1.2835,30,0.87,1.2985,6,0.865,1.291,2641,30
SPY190724P299,2019-07-23,2019-07-23 09:39:46,0.87,1.2985,29,0.86,1.2835,93,0.86,1.2835,2,0.865,1.291,2611,2
SPY190724P299,2019-07-23,2019-07-23 09:39:47,0.86,1.2835,46,0.86,1.2835,28,0.86,1.2835,1,0.86,1.2835,2642,1
SPY190724P299,2019-07-23,2019-07-23 09:39:47,0.87,1.2985,220,0.86,1.2835,28,0.87,1.2985,6,0.865,1.291,2641,0
SPY190724P299,2019-07-23,2019-07-23 09:39:48,0.86,1.2835,71,0.85,1.2686,35,0.86,1.2835,50,0.855,1.2761,2692,50
SPY190724P299,2019-07-23,2019-07-23 09:39:49,0.86,1.2835,71,0.85,1.2686,3,0.86,1.2835,50,0.855,1.2761,2692,0
SPY190724P299,2019-07-23,2019-07-23 09:39:49,0.86,1.2835,71,0.85,1.2686,35,0.86,1.2835,50,0.855,1.2761,2692,0
SPY190724P299,2019-07-23,2019-07-23 09:39:50,0.86,1.2835,153,0.85,1.2686,31,0.86,1.2835,50,0.855,1.2761,2692,0
SPY190724P299,2019-07-23,2019-07-23 09:39:51,0.85,1.2686,70,0.83,1.2388,162,0.85,1.2686,3,0.84,1.2537,2695,3
SPY190724P299,2019-07-23,2019-07-23 09:39:51,0.85,1.2686,80,0.84,1.2537,54,0.85,1.2686,3,0.845,1.2611,2695,0
SPY190724P299,2019-07-23,2019-07-23 09:39:52,0.86,1.2835,169,0.84,1.2537,162,0.85,1.2686,3,0.85,1.2686,2695,0
SPY190724P299,2019-07-23,2019-07-23 09:39:53,0.86,1.2835,129,0.84,1.2537,162,0.85,1.2686,3,0.85,1.2686,2695,0
SPY190724P299,2019-07-23,2019-07-23 09:39:54,0.88,1.3134,203,0.86,1.2835,117,0.86,1.2835,15,0.87,1.2985,2710,0
SPY190724P299,2019-07-23,2019-07-23 09:39:54,0.88,1.3134,189,0.86,1.2835,35,0.86,1.2835,15,0.87,1.2985,2710,15
SPY190724P299,2019-07-23,2019-07-23 09:39:55,0.88,1.3134,212,0.86,1.2835,117,0.86,1.2835,15,0.87,1.2985,2710,0
SPY190724P299,2019-07-23,2019-07-23 09:39:55,0.88,1.3134,212,0.86,1.2835,45,0.86,1.2835,15,0.87,1.2985,2710,0
SPY190724P299,2019-07-23,2019-07-23 09:39:56,0.88,1.3134,212,0.86,1.2835,34,0.86,1.2835,15,0.87,1.2985,2710,0
SPY190724P299,2019-07-23,2019-07-23 09:39:56,0.88,1.3134,247,0.86,1.2835,30,0.86,1.2835,15,0.87,1.2985,2710,0
SPY190724P299,2019-07-23,2019-07-23 09:39:57,0.88,1.3134,247,0.86,1.2835,30,0.86,1.2835,15,0.87,1.2985,2710,0
SPY190724P299,2019-07-23,2019-07-23 09:39:58,0.88,1.3134,335,0.86,1.2835,30,0.86,1.2835,15,0.87,1.2985,2710,0
SPY190724P299,2019-07-23,2019-07-23 09:39:58,0.87,1.2985,68,0.86,1.2835,30,0.86,1.2835,15,0.865,1.291,2710,0
SPY190724P299,2019-07-23,2019-07-23 09:39:59,0.87,1.2985,40,0.86,1.2835,30,0.86,1.2835,15,0.865,1.291,2710,0
SPY190724P299,2019-07-23,2019-07-23 09:39:59,0.87,1.2985,65,0.86,1.2835,30,0.86,1.2835,15,0.865,1.291,2710,0
SPY190724P299,2019-07-23,2019-07-23 09:40:00,0.87,1.2985,40,0.86,1.2835,30,0.86,1.2835,15,0.865,1.291,2710,0
SPY190724P299,2019-07-23,2019-07-23 09:40:01,0.87,1.2985,167,0.86,1.2835,1,0.86,1.2835,15,0.865,1.291,2710,0
SPY190724P299,2019-07-23,2019-07-23 09:40:02,0.86,1.2835,62,0.84,1.2537,118,0.86,1.2835,1,0.85,1.2686,2711,1
SPY190724P299,2019-07-23,2019-07-23 09:40:02,0.87,1.2985,167,0.86,1.2835,1,0.86,1.2835,15,0.865,1.291,2710,0
SPY190724P299,2019-07-23,2019-07-23 09:40:03,0.86,1.2835,169,0.84,1.2537,99,0.86,1.2835,1,0.85,1.2686,2711,0
SPY190724P299,2019-07-23,2019-07-23 09:40:04,0.86,1.2835,55,0.84,1.2537,70,0.86,1.2835,1,0.85,1.2686,2711,0
SPY190724P299,2019-07-23,2019-07-23 09:40:04,0.86,1.2835,160,0.83,1.2388,92,0.86,1.2835,1,0.845,1.2611,2711,0
SPY190724P299,2019-07-23,2019-07-23 09:40:05,0.86,1.2835,60,0.84,1.2537,72,0.86,1.2835,1,0.85,1.2686,2711,0
SPY190724P299,2019-07-23,2019-07-23 09:40:06,0.86,1.2835,60,0.84,1.2537,112,0.86,1.2835,1,0.85,1.2686,2711,0
SPY190724P299,2019-07-23,2019-07-23 09:40:07,0.86,1.2835,83,0.84,1.2537,112,0.86,1.2835,2,0.85,1.2686,2713,2
SPY190724P299,2019-07-23,2019-07-23 09:40:08,0.86,1.2835,65,0.84,1.2537,112,0.86,1.2835,2,0.85,1.2686,2713,0
SPY190724P299,2019-07-23,2019-07-23 09:40:08,0.86,1.2835,71,0.84,1.2537,112,0.86,1.2835,2,0.85,1.2686,2713,0
SPY190724P299,2019-07-23,2019-07-23 09:40:09,0.86,1.2835,71,0.84,1.2537,112,0.86,1.2835,2,0.85,1.2686,2713,0
SPY190724P299,2019-07-23,2019-07-23 09:40:10,0.86,1.2835,71,0.84,1.2537,112,0.86,1.2835,2,0.85,1.2686,2713,0
SPY190724P299,2019-07-23,2019-07-23 09:40:11,0.86,1.2835,71,0.84,1.2537,112,0.86,1.2835,2,0.85,1.2686,2713,0
SPY190724P299,2019-07-23,2019-07-23 09:40:12,0.86,1.2835,71,0.84,1.2537,112,0.86,1.2835,2,0.85,1.2686,2713,0
SPY190724P299,2019-07-23,2019-07-23 09:40:13,0.86,1.2835,138,0.84,1.2537,112,0.86,1.2835,2,0.85,1.2686,2713,0
SPY190724P299,2019-07-23,2019-07-23 09:40:14,0.86,1.2835,138,0.84,1.2537,112,0.86,1.2835,2,0.85,1.2686,2713,0
SPY190724P299,2019-07-23,2019-07-23 09:40:14,0.86,1.2835,167,0.84,1.2537,112,0.86,1.2835,2,0.85,1.2686,2713,0
SPY190724P299,2019-07-23,2019-07-23 09:40:15,0.86,1.2835,176,0.84,1.2537,112,0.85,1.2686,1,0.85,1.2686,2714,1
SPY190724P299,2019-07-23,2019-07-23 09:40:15,0.86,1.2835,167,0.84,1.2537,112,0.86,1.2835,2,0.85,1.2686,2713,0
SPY190724P299,2019-07-23,2019-07-23 09:40:16,0.86,1.2835,176,0.84,1.2537,102,0.85,1.2686,1,0.85,1.2686,2714,0
SPY190724P299,2019-07-23,2019-07-23 09:40:16,0.86,1.2835,176,0.84,1.2537,112,0.85,1.2686,1,0.85,1.2686,2714,0
SPY190724P299,2019-07-23,2019-07-23 09:40:17,0.86,1.2835,176,0.84,1.2537,102,0.85,1.2686,1,0.85,1.2686,2714,0
SPY190724P299,2019-07-23,2019-07-23 09:40:18,0.86,1.2835,176,0.84,1.2537,102,0.85,1.2686,1,0.85,1.2686,2714,0
SPY190724P299,2019-07-23,2019-07-23 09:40:18,0.86,1.2835,176,0.84,1.2537,112,0.85,1.2686,1,0.85,1.2686,2714,0
SPY190724P299,2019-07-23,2019-07-23 09:40:19,0.86,1.2835,176,0.84,1.2537,112,0.85,1.2686,1,0.85,1.2686,2714,0
SPY190724P299,2019-07-23,2019-07-23 09:40:20,0.86,1.2835,176,0.84,1.2537,102,0.85,1.2686,1,0.85,1.2686,2714,0
SPY190724P299,2019-07-23,2019-07-23 09:40:21,0.86,1.2835,176,0.84,1.2537,112,0.85,1.2686,1,0.85,1.2686,2714,0
SPY190724P299,2019-07-23,2019-07-23 09:40:21,0.86,1.2835,38,0.84,1.2537,112,0.85,1.2686,1,0.85,1.2686,2714,0
SPY190724P299,2019-07-23,2019-07-23 09:40:22,0.86,1.2835,59,0.84,1.2537,112,0.85,1.2686,1,0.85,1.2686,2714,0
SPY190724P299,2019-07-23,2019-07-23 09:40:23,0.86,1.2835,38,0.84,1.2537,112,0.85,1.2686,1,0.85,1.2686,2714,0
SPY190724P299,2019-07-23,2019-07-23 09:40:23,0.86,1.2835,59,0.84,1.2537,112,0.85,1.2686,1,0.85,1.2686,2714,0
SPY190724P299,2019-07-23,2019-07-23 09:40:24,0.86,1.2835,8,0.85,1.2686,15,0.85,1.2686,1,0.855,1.2761,2714,0
SPY190724P299,2019-07-23,2019-07-23 09:40:24,0.86,1.2835,1,0.84,1.2537,112,0.85,1.2686,1,0.85,1.2686,2714,0
SPY190724P299,2019-07-23,2019-07-23 09:40:25,0.86,1.2835,178,0.85,1.2686,29,0.85,1.2686,1,0.855,1.2761,2714,0
SPY190724P299,2019-07-23,2019-07-23 09:40:26,0.86,1.2835,178,0.84,1.2537,113,0.85,1.2686,1,0.85,1.2686,2714,0
SPY190724P299,2019-07-23,2019-07-23 09:40:26,0.86,1.2835,178,0.85,1.2686,29,0.85,1.2686,1,0.855,1.2761,2714,0
SPY190724P299,2019-07-23,2019-07-23 09:40:27,0.86,1.2835,169,0.84,1.2537,123,0.85,1.2686,1,0.85,1.2686,2714,0
SPY190724P299,2019-07-23,2019-07-23 09:40:28,0.86,1.2835,69,0.84,1.2537,123,0.85,1.2686,1,0.85,1.2686,2714,0
SPY190724P299,2019-07-23,2019-07-23 09:40:29,0.86,1.2835,60,0.85,1.2686,29,0.85,1.2686,1,0.855,1.2761,2714,0
SPY190724P299,2019-07-23,2019-07-23 09:40:30,0.86,1.2835,7,0.85,1.2686,29,0.85,1.2686,1,0.855,1.2761,2714,0
SPY190724P299,2019-07-23,2019-07-23 09:40:30,0.86,1.2835,74,0.85,1.2686,29,0.85,1.2686,1,0.855,1.2761,2714,0
SPY190724P299,2019-07-23,2019-07-23 09:40:31,0.86,1.2835,74,0.85,1.2686,29,0.85,1.2686,1,0.855,1.2761,2714,0
SPY190724P299,2019-07-23,2019-07-23 09:40:32,0.86,1.2835,74,0.85,1.2686,29,0.85,1.2686,1,0.855,1.2761,2714,0
SPY190724P299,2019-07-23,2019-07-23 09:40:33,0.86,1.2835,165,0.85,1.2686,29,0.85,1.2686,1,0.855,1.2761,2714,0
SPY190724P299,2019-07-23,2019-07-23 09:40:33,0.86,1.2835,7,0.85,1.2686,29,0.85,1.2686,1,0.855,1.2761,2714,0
SPY190724P299,2019-07-23,2019-07-23 09:40:34,0.86,1.2835,150,0.84,1.2537,105,0.85,1.2686,1,0.85,1.2686,2714,0
SPY190724P299,2019-07-23,2019-07-23 09:40:34,0.86,1.2835,165,0.84,1.2537,105,0.85,1.2686,1,0.85,1.2686,2714,0
SPY190724P299,2019-07-23,2019-07-23 09:40:35,0.86,1.2835,239,0.83,1.2388,70,0.85,1.2686,1,0.845,1.2611,2714,0
SPY190724P299,2019-07-23,2019-07-23 09:40:35,0.86,1.2835,150,0.84,1.2537,105,0.85,1.2686,1,0.85,1.2686,2714,0
SPY190724P299,2019-07-23,2019-07-23 09:40:36,0.85,1.2686,56,0.83,1.2388,110,0.85,1.2686,1,0.84,1.2537,2714,0
SPY190724P299,2019-07-23,2019-07-23 09:40:37,0.86,1.2835,193,0.83,1.2388,120,0.85,1.2686,1,0.845,1.2611,2714,0
SPY190724P299,2019-07-23,2019-07-23 09:40:37,0.86,1.2835,193,0.83,1.2388,95,0.85,1.2686,1,0.845,1.2611,2714,0
SPY190724P299,2019-07-23,2019-07-23 09:40:38,0.86,1.2835,115,0.84,1.2537,49,0.85,1.2686,1,0.85,1.2686,2714,0
SPY190724P299,2019-07-23,2019-07-23 09:40:38,0.86,1.2835,155,0.84,1.2537,99,0.85,1.2686,1,0.85,1.2686,2714,0
SPY190724P299,2019-07-23,2019-07-23 09:40:39,0.86,1.2835,155,0.84,1.2537,99,0.85,1.2686,1,0.85,1.2686,2714,0
SPY190724P299,2019-07-23,2019-07-23 09:40:39,0.85,1.2686,1,0.84,1.2537,89,0.85,1.2686,1,0.845,1.2611,2714,0
SPY190724P299,2019-07-23,2019-07-23 09:40:40,0.85,1.2686,1,0.84,1.2537,89,0.85,1.2686,1,0.845,1.2611,2714,0
SPY190724P299,2019-07-23,2019-07-23 09:40:40,0.85,1.2686,1,0.84,1.2537,99,0.85,1.2686,1,0.845,1.2611,2714,0
SPY190724P299,2019-07-23,2019-07-23 09:40:41,0.85,1.2686,1,0.84,1.2537,99,0.85,1.2686,1,0.845,1.2611,2714,0
SPY190724P299,2019-07-23,2019-07-23 09:40:42,0.85,1.2686,1,0.84,1.2537,95,0.85,1.2686,1,0.845,1.2611,2714,0
SPY190724P299,2019-07-23,2019-07-23 09:40:42,0.85,1.2686,35,0.84,1.2537,80,0.85,1.2686,1,0.845,1.2611,2714,0
SPY190724P299,2019-07-23,2019-07-23 09:40:43,0.85,1.2686,1,0.84,1.2537,95,0.85,1.2686,1,0.845,1.2611,2714,0
SPY190724P299,2019-07-23,2019-07-23 09:40:44,0.85,1.2686,1,0.84,1.2537,95,0.85,1.2686,1,0.845,1.2611,2714,0
SPY190724P299,2019-07-23,2019-07-23 09:40:45,0.85,1.2686,1,0.84,1.2537,95,0.85,1.2686,1,0.845,1.2611,2714,0
SPY190724P299,2019-07-23,2019-07-23 09:40:46,0.85,1.2686,1,0.84,1.2537,95,0.85,1.2686,1,0.845,1.2611,2714,0
SPY190724P299,2019-07-23,2019-07-23 09:40:47,0.85,1.2686,155,0.84,1.2537,4,0.85,1.2686,1,0.845,1.2611,2714,0
SPY190724P299,2019-07-23,2019-07-23 09:40:47,0.85,1.2686,7,0.84,1.2537,85,0.85,1.2686,1,0.845,1.2611,2714,0
SPY190724P299,2019-07-23,2019-07-23 09:40:48,0.85,1.2686,155,0.84,1.2537,4,0.84,1.2537,1,0.845,1.2611,2715,1
SPY190724P299,2019-07-23,2019-07-23 09:40:48,0.85,1.2686,155,0.84,1.2537,3,0.84,1.2537,1,0.845,1.2611,2715,0
SPY190724P299,2019-07-23,2019-07-23 09:40:49,0.85,1.2686,162,0.84,1.2537,3,0.84,1.2537,1,0.845,1.2611,2716,1
SPY190724P299,2019-07-23,2019-07-23 09:40:49,0.85,1.2686,155,0.84,1.2537,3,0.84,1.2537,1,0.845,1.2611,2715,0
SPY190724P299,2019-07-23,2019-07-23 09:40:50,0.85,1.2686,162,0.84,1.2537,3,0.84,1.2537,1,0.845,1.2611,2716,0
SPY190724P299,2019-07-23,2019-07-23 09:40:51,0.85,1.2686,7,0.84,1.2537,29,0.84,1.2537,1,0.845,1.2611,2716,0
SPY190724P299,2019-07-23,2019-07-23 09:40:52,0.86,1.2835,254,0.84,1.2537,110,0.84,1.2537,1,0.85,1.2686,2716,0
SPY190724P299,2019-07-23,2019-07-23 09:40:52,0.86,1.2835,185,0.84,1.2537,110,0.84,1.2537,1,0.85,1.2686,2716,0
SPY190724P299,2019-07-23,2019-07-23 09:40:53,0.86,1.2835,129,0.84,1.2537,110,0.84,1.2537,1,0.85,1.2686,2716,0
SPY190724P299,2019-07-23,2019-07-23 09:40:53,0.86,1.2835,81,0.84,1.2537,110,0.84,1.2537,1,0.85,1.2686,2716,0
SPY190724P299,2019-07-23,2019-07-23 09:40:55,0.85,1.2686,8,0.84,1.2537,2,0.84,1.2537,1,0.845,1.2611,2716,0
SPY190724P299,2019-07-23,2019-07-23 09:40:55,0.86,1.2835,262,0.84,1.2537,35,0.84,1.2537,1,0.85,1.2686,2716,0
SPY190724P299,2019-07-23,2019-07-23 09:40:56,0.86,1.2835,262,0.84,1.2537,29,0.84,1.2537,1,0.85,1.2686,2716,0
SPY190724P299,2019-07-23,2019-07-23 09:40:56,0.86,1.2835,318,0.84,1.2537,29,0.84,1.2537,1,0.85,1.2686,2716,0
SPY190724P299,2019-07-23,2019-07-23 09:40:57,0.86,1.2835,318,0.84,1.2537,29,0.84,1.2537,1,0.85,1.2686,2716,0
SPY190724P299,2019-07-23,2019-07-23 09:40:58,0.85,1.2686,71,0.84,1.2537,2,0.84,1.2537,1,0.845,1.2611,2716,0
SPY190724P299,2019-07-23,2019-07-23 09:40:58,0.85,1.2686,71,0.84,1.2537,29,0.84,1.2537,1,0.845,1.2611,2716,0
SPY190724P299,2019-07-23,2019-07-23 09:40:59,0.85,1.2686,159,0.83,1.2388,69,0.84,1.2537,2,0.84,1.2537,2718,2
SPY190724P299,2019-07-23,2019-07-23 09:40:59,0.85,1.2686,230,0.83,1.2388,74,0.84,1.2537,2,0.84,1.2537,2718,0
SPY190724P299,2019-07-23,2019-07-23 09:41:00,0.85,1.2686,230,0.83,1.2388,108,0.84,1.2537,2,0.84,1.2537,2718,0
SPY190724P299,2019-07-23,2019-07-23 09:41:01,0.85,1.2686,230,0.83,1.2388,69,0.84,1.2537,2,0.84,1.2537,2718,0
SPY190724P299,2019-07-23,2019-07-23 09:41:01,0.85,1.2686,237,0.83,1.2388,69,0.84,1.2537,2,0.84,1.2537,2718,0
SPY190724P299,2019-07-23,2019-07-23 09:41:02,0.84,1.2537,35,0.83,1.2388,69,0.84,1.2537,12,0.835,1.2462,2730,0
SPY190724P299,2019-07-23,2019-07-23 09:41:02,0.84,1.2537,29,0.83,1.2388,78,0.84,1.2537,12,0.835,1.2462,2730,12
SPY190724P299,2019-07-23,2019-07-23 09:41:03,0.84,1.2537,35,0.83,1.2388,69,0.84,1.2537,12,0.835,1.2462,2730,0
SPY190724P299,2019-07-23,2019-07-23 09:41:03,0.85,1.2686,235,0.82,1.2238,98,0.84,1.2537,12,0.835,1.2462,2730,0
SPY190724P299,2019-07-23,2019-07-23 09:41:04,0.85,1.2686,234,0.82,1.2238,153,0.84,1.2537,12,0.835,1.2462,2730,0
SPY190724P299,2019-07-23,2019-07-23 09:41:05,0.85,1.2686,229,0.83,1.2388,57,0.84,1.2537,12,0.84,1.2537,2730,0
SPY190724P299,2019-07-23,2019-07-23 09:41:06,0.85,1.2686,129,0.83,1.2388,97,0.84,1.2537,12,0.84,1.2537,2730,0
SPY190724P299,2019-07-23,2019-07-23 09:41:07,0.85,1.2686,102,0.83,1.2388,97,0.84,1.2537,12,0.84,1.2537,2730,0
SPY190724P299,2019-07-23,2019-07-23 09:41:07,0.85,1.2686,167,0.83,1.2388,47,0.84,1.2537,12,0.84,1.2537,2730,0
SPY190724P299,2019-07-23,2019-07-23 09:41:08,0.85,1.2686,127,0.83,1.2388,47,0.84,1.2537,12,0.84,1.2537,2730,0
SPY190724P299,2019-07-23,2019-07-23 09:41:08,0.85,1.2686,127,0.83,1.2388,80,0.84,1.2537,12,0.84,1.2537,2730,0
SPY190724P299,2019-07-23,2019-07-23 09:41:09,0.85,1.2686,328,0.83,1.2388,80,0.84,1.2537,12,0.84,1.2537,2730,0
SPY190724P299,2019-07-23,2019-07-23 09:41:09,0.85,1.2686,189,0.83,1.2388,80,0.84,1.2537,12,0.84,1.2537,2730,0
SPY190724P299,2019-07-23,2019-07-23 09:41:10,0.85,1.2686,182,0.83,1.2388,90,0.84,1.2537,12,0.84,1.2537,2730,0
SPY190724P299,2019-07-23,2019-07-23 09:41:11,0.85,1.2686,182,0.83,1.2388,90,0.84,1.2537,12,0.84,1.2537,2730,0
SPY190724P299,2019-07-23,2019-07-23 09:41:11,0.85,1.2686,333,0.83,1.2388,90,0.84,1.2537,12,0.84,1.2537,2730,0
SPY190724P299,2019-07-23,2019-07-23 09:41:12,0.84,1.2537,35,0.83,1.2388,33,0.84,1.2537,12,0.835,1.2462,2730,0
SPY190724P299,2019-07-23,2019-07-23 09:41:12,0.85,1.2686,333,0.83,1.2388,29,0.84,1.2537,12,0.84,1.2537,2730,0
SPY190724P299,2019-07-23,2019-07-23 09:41:13,0.84,1.2537,35,0.83,1.2388,33,0.84,1.2537,12,0.835,1.2462,2730,0
SPY190724P299,2019-07-23,2019-07-23 09:41:14,0.85,1.2686,246,0.83,1.2388,79,0.84,1.2537,12,0.84,1.2537,2730,0
SPY190724P299,2019-07-23,2019-07-23 09:41:15,0.84,1.2537,62,0.83,1.2388,69,0.84,1.2537,12,0.835,1.2462,2730,0
SPY190724P299,2019-07-23,2019-07-23 09:41:15,0.84,1.2537,62,0.83,1.2388,53,0.84,1.2537,12,0.835,1.2462,2730,0
SPY190724P299,2019-07-23,2019-07-23 09:41:16,0.84,1.2537,40,0.83,1.2388,59,0.84,1.2537,12,0.835,1.2462,2730,0
SPY190724P299,2019-07-23,2019-07-23 09:41:17,0.85,1.2686,322,0.83,1.2388,74,0.84,1.2537,12,0.84,1.2537,2730,0
SPY190724P299,2019-07-23,2019-07-23 09:41:17,0.85,1.2686,322,0.83,1.2388,74,0.83,1.2388,1,0.84,1.2537,2733,3
SPY190724P299,2019-07-23,2019-07-23 09:41:18,0.85,1.2686,322,0.83,1.2388,77,0.83,1.2388,1,0.84,1.2537,2733,0
SPY190724P299,2019-07-23,2019-07-23 09:41:18,0.84,1.2537,115,0.83,1.2388,77,0.83,1.2388,1,0.835,1.2462,2733,0
SPY190724P299,2019-07-23,2019-07-23 09:41:19,0.84,1.2537,75,0.83,1.2388,29,0.83,1.2388,1,0.835,1.2462,2733,0
SPY190724P299,2019-07-23,2019-07-23 09:41:19,0.84,1.2537,115,0.83,1.2388,29,0.83,1.2388,1,0.835,1.2462,2733,0
SPY190724P299,2019-07-23,2019-07-23 09:41:20,0.84,1.2537,46,0.83,1.2388,29,0.83,1.2388,1,0.835,1.2462,2733,0
SPY190724P299,2019-07-23,2019-07-23 09:41:20,0.85,1.2686,298,0.83,1.2388,29,0.83,1.2388,1,0.84,1.2537,2733,0
SPY190724P299,2019-07-23,2019-07-23 09:41:21,0.85,1.2686,271,0.83,1.2388,29,0.83,1.2388,1,0.84,1.2537,2733,0
SPY190724P299,2019-07-23,2019-07-23 09:41:22,0.84,1.2537,115,0.82,1.2238,108,0.83,1.2388,29,0.83,1.2388,2790,0
SPY190724P299,2019-07-23,2019-07-23 09:41:22,0.84,1.2537,35,0.83,1.2388,57,0.83,1.2388,29,0.835,1.2462,2790,57
SPY190724P299,2019-07-23,2019-07-23 09:41:23,0.84,1.2537,115,0.83,1.2388,74,0.83,1.2388,29,0.835,1.2462,2790,0
SPY190724P299,2019-07-23,2019-07-23 09:41:23,0.85,1.2686,257,0.83,1.2388,81,0.83,1.2388,29,0.84,1.2537,2790,0
SPY190724P299,2019-07-23,2019-07-23 09:41:24,0.85,1.2686,262,0.83,1.2388,81,0.83,1.2388,29,0.84,1.2537,2790,0
SPY190724P299,2019-07-23,2019-07-23 09:41:24,0.84,1.2537,45,0.83,1.2388,29,0.83,1.2388,29,0.835,1.2462,2790,0
SPY190724P299,2019-07-23,2019-07-23 09:41:25,0.84,1.2537,85,0.82,1.2238,182,0.83,1.2388,29,0.83,1.2388,2790,0
SPY190724P299,2019-07-23,2019-07-23 09:41:26,0.84,1.2537,39,0.82,1.2238,315,0.83,1.2388,29,0.83,1.2388,2790,0
SPY190724P299,2019-07-23,2019-07-23 09:41:26,0.84,1.2537,21,0.82,1.2238,315,0.83,1.2388,29,0.83,1.2388,2790,0
SPY190724P299,2019-07-23,2019-07-23 09:41:27,0.84,1.2537,69,0.82,1.2238,315,0.83,1.2388,29,0.83,1.2388,2790,0
SPY190724P299,2019-07-23,2019-07-23 09:41:28,0.84,1.2537,29,0.82,1.2238,411,0.83,1.2388,29,0.83,1.2388,2790,0
SPY190724P299,2019-07-23,2019-07-23 09:41:28,0.84,1.2537,69,0.82,1.2238,411,0.83,1.2388,29,0.83,1.2388,2790,0
SPY190724P299,2019-07-23,2019-07-23 09:41:29,0.84,1.2537,29,0.82,1.2238,411,0.83,1.2388,29,0.83,1.2388,2790,0
SPY190724P299,2019-07-23,2019-07-23 09:41:30,0.86,1.2835,155,0.84,1.2537,158,0.83,1.2388,29,0.85,1.2686,2790,0
SPY190724P299,2019-07-23,2019-07-23 09:41:30,0.85,1.2686,40,0.84,1.2537,29,0.83,1.2388,29,0.845,1.2611,2790,0
SPY190724P299,2019-07-23,2019-07-23 09:41:31,0.85,1.2686,198,0.83,1.2388,129,0.83,1.2388,29,0.84,1.2537,2790,0
SPY190724P299,2019-07-23,2019-07-23 09:41:32,0.84,1.2537,39,0.83,1.2388,117,0.83,1.2388,29,0.835,1.2462,2790,0
SPY190724P299,2019-07-23,2019-07-23 09:41:32,0.84,1.2537,129,0.83,1.2388,117,0.83,1.2388,29,0.835,1.2462,2790,0
SPY190724P299,2019-07-23,2019-07-23 09:41:33,0.84,1.2537,100,0.83,1.2388,15,0.83,1.2388,29,0.835,1.2462,2790,0
SPY190724P299,2019-07-23,2019-07-23 09:41:33,0.84,1.2537,200,0.82,1.2238,157,0.83,1.2388,29,0.83,1.2388,2790,0
SPY190724P299,2019-07-23,2019-07-23 09:41:34,0.84,1.2537,115,0.83,1.2388,72,0.83,1.2388,29,0.835,1.2462,2790,0
SPY190724P299,2019-07-23,2019-07-23 09:41:34,0.84,1.2537,115,0.83,1.2388,98,0.83,1.2388,29,0.835,1.2462,2790,0
SPY190724P299,2019-07-23,2019-07-23 09:41:35,0.84,1.2537,35,0.83,1.2388,98,0.83,1.2388,29,0.835,1.2462,2790,0
SPY190724P299,2019-07-23,2019-07-23 09:41:36,0.84,1.2537,235,0.82,1.2238,54,0.83,1.2388,29,0.83,1.2388,2790,0
SPY190724P299,2019-07-23,2019-07-23 09:41:36,0.84,1.2537,250,0.82,1.2238,54,0.83,1.2388,29,0.83,1.2388,2790,0
SPY190724P299,2019-07-23,2019-07-23 09:41:37,0.84,1.2537,378,0.82,1.2238,29,0.83,1.2388,29,0.83,1.2388,2790,0
SPY190724P299,2019-07-23,2019-07-23 09:41:38,0.84,1.2537,378,0.82,1.2238,29,0.83,1.2388,29,0.83,1.2388,2790,0
SPY190724P299,2019-07-23,2019-07-23 09:41:39,0.83,1.2388,45,0.81,1.2089,202,0.82,1.2238,200,0.82,1.2238,2991,200
SPY190724P299,2019-07-23,2019-07-23 09:41:39,0.83,1.2388,45,0.82,1.2238,1,0.82,1.2238,1,0.825,1.2313,2791,1
SPY190724P299,2019-07-23,2019-07-23 09:41:40,0.83,1.2388,45,0.81,1.2089,202,0.82,1.2238,200,0.82,1.2238,2991,0
SPY190724P299,2019-07-23,2019-07-23 09:41:41,0.83,1.2388,165,0.81,1.2089,29,0.82,1.2238,200,0.82,1.2238,2991,0
SPY190724P299,2019-07-23,2019-07-23 09:41:41,0.82,1.2238,74,0.81,1.2089,29,0.82,1.2238,200,0.815,1.2164,2991,0
SPY190724P299,2019-07-23,2019-07-23 09:41:42,0.82,1.2238,75,0.8,1.194,165,0.82,1.2238,200,0.81,1.2089,2991,0
SPY190724P299,2019-07-23,2019-07-23 09:41:42,0.82,1.2238,74,0.8,1.194,165,0.82,1.2238,200,0.81,1.2089,2991,0
SPY190724P299,2019-07-23,2019-07-23 09:41:43,0.82,1.2238,75,0.8,1.194,118,0.82,1.2238,200,0.81,1.2089,2991,0
SPY190724P299,2019-07-23,2019-07-23 09:41:43,0.82,1.2238,57,0.8,1.194,122,0.82,1.2238,200,0.81,1.2089,2991,0
SPY190724P299,2019-07-23,2019-07-23 09:41:44,0.83,1.2388,46,0.81,1.2089,64,0.82,1.2238,200,0.82,1.2238,2991,0
SPY190724P299,2019-07-23,2019-07-23 09:41:44,0.82,1.2238,73,0.8,1.194,122,0.82,1.2238,200,0.81,1.2089,2991,0
SPY190724P299,2019-07-23,2019-07-23 09:41:45,0.83,1.2388,74,0.81,1.2089,112,0.82,1.2238,200,0.82,1.2238,2991,0
SPY190724P299,2019-07-23,2019-07-23 09:41:46,0.83,1.2388,160,0.81,1.2089,112,0.82,1.2238,200,0.82,1.2238,2991,0
SPY190724P299,2019-07-23,2019-07-23 09:41:46,0.83,1.2388,169,0.81,1.2089,102,0.82,1.2238,200,0.82,1.2238,2991,0
SPY190724P299,2019-07-23,2019-07-23 09:41:47,0.83,1.2388,209,0.81,1.2089,62,0.82,1.2238,200,0.82,1.2238,2991,0
SPY190724P299,2019-07-23,2019-07-23 09:41:47,0.82,1.2238,39,0.81,1.2089,102,0.82,1.2238,200,0.815,1.2164,2991,0
SPY190724P299,2019-07-23,2019-07-23 09:41:48,0.83,1.2388,169,0.81,1.2089,81,0.82,1.2238,200,0.82,1.2238,2991,0
SPY190724P299,2019-07-23,2019-07-23 09:41:48,0.83,1.2388,169,0.81,1.2089,112,0.82,1.2238,200,0.82,1.2238,2991,0
SPY190724P299,2019-07-23,2019-07-23 09:41:49,0.83,1.2388,169,0.81,1.2089,112,0.82,1.2238,200,0.82,1.2238,2991,0
SPY190724P299,2019-07-23,2019-07-23 09:41:50,0.82,1.2238,29,0.81,1.2089,112,0.82,1.2238,200,0.815,1.2164,2991,0
SPY190724P299,2019-07-23,2019-07-23 09:41:50,0.82,1.2238,29,0.81,1.2089,102,0.82,1.2238,200,0.815,1.2164,2991,0
SPY190724P299,2019-07-23,2019-07-23 09:41:51,0.82,1.2238,35,0.81,1.2089,76,0.82,1.2238,200,0.815,1.2164,2991,0
SPY190724P299,2019-07-23,2019-07-23 09:41:51,0.83,1.2388,242,0.81,1.2089,61,0.82,1.2238,200,0.82,1.2238,2991,0
SPY190724P299,2019-07-23,2019-07-23 09:41:52,0.82,1.2238,10,0.81,1.2089,7,0.82,1.2238,200,0.815,1.2164,2991,0
SPY190724P299,2019-07-23,2019-07-23 09:41:52,0.83,1.2388,242,0.81,1.2089,15,0.82,1.2238,200,0.82,1.2238,2991,0
SPY190724P299,2019-07-23,2019-07-23 09:41:53,0.83,1.2388,202,0.81,1.2089,60,0.82,1.2238,200,0.82,1.2238,2991,0
SPY190724P299,2019-07-23,2019-07-23 09:41:53,0.84,1.2537,29,0.82,1.2238,115,0.82,1.2238,200,0.83,1.2388,2991,0
SPY190724P299,2019-07-23,2019-07-23 09:41:54,0.84,1.2537,115,0.82,1.2238,29,0.82,1.2238,200,0.83,1.2388,2991,0
SPY190724P299,2019-07-23,2019-07-23 09:41:55,0.84,1.2537,115,0.82,1.2238,97,0.82,1.2238,200,0.83,1.2388,2991,0
SPY190724P299,2019-07-23,2019-07-23 09:41:55,0.83,1.2388,7,0.82,1.2238,29,0.82,1.2238,200,0.825,1.2313,2991,0
SPY190724P299,2019-07-23,2019-07-23 09:41:56,0.84,1.2537,155,0.82,1.2238,69,0.82,1.2238,3,0.83,1.2388,2994,3
SPY190724P299,2019-07-23,2019-07-23 09:41:56,0.84,1.2537,155,0.82,1.2238,99,0.82,1.2238,3,0.83,1.2388,2994,0
SPY190724P299,2019-07-23,2019-07-23 09:41:57,0.84,1.2537,155,0.82,1.2238,139,0.82,1.2238,3,0.83,1.2388,2994,0
SPY190724P299,2019-07-23,2019-07-23 09:41:57,0.84,1.2537,66,0.82,1.2238,139,0.82,1.2238,3,0.83,1.2388,2994,0
SPY190724P299,2019-07-23,2019-07-23 09:41:58,0.84,1.2537,66,0.82,1.2238,139,0.82,1.2238,3,0.83,1.2388,2994,0
SPY190724P299,2019-07-23,2019-07-23 09:41:59,0.83,1.2388,29,0.82,1.2238,17,0.83,1.2388,10,0.825,1.2313,3004,10
SPY190724P299,2019-07-23,2019-07-23 09:41:59,0.84,1.2537,127,0.82,1.2238,223,0.82,1.2238,3,0.83,1.2388,2994,0
SPY190724P299,2019-07-23,2019-07-23 09:42:00,0.83,1.2388,69,0.81,1.2089,159,0.83,1.2388,10,0.82,1.2238,3004,0
SPY190724P299,2019-07-23,2019-07-23 09:42:01,0.83,1.2388,69,0.81,1.2089,159,0.83,1.2388,10,0.82,1.2238,3004,0
SPY190724P299,2019-07-23,2019-07-23 09:42:02,0.83,1.2388,70,0.81,1.2089,163,0.83,1.2388,10,0.82,1.2238,3004,0
SPY190724P299,2019-07-23,2019-07-23 09:42:03,0.83,1.2388,57,0.81,1.2089,163,0.83,1.2388,10,0.82,1.2238,3004,0
SPY190724P299,2019-07-23,2019-07-23 09:42:03,0.83,1.2388,69,0.82,1.2238,30,0.83,1.2388,10,0.825,1.2313,3004,0
SPY190724P299,2019-07-23,2019-07-23 09:42:04,0.83,1.2388,75,0.82,1.2238,29,0.83,1.2388,10,0.825,1.2313,3004,0
SPY190724P299,2019-07-23,2019-07-23 09:42:04,0.84,1.2537,244,0.82,1.2238,29,0.83,1.2388,10,0.83,1.2388,3004,0
SPY190724P299,2019-07-23,2019-07-23 09:42:05,0.84,1.2537,244,0.83,1.2388,15,0.83,1.2388,10,0.835,1.2462,3004,0
SPY190724P299,2019-07-23,2019-07-23 09:42:06,0.84,1.2537,136,0.82,1.2238,101,0.83,1.2388,10,0.83,1.2388,3004,0
SPY190724P299,2019-07-23,2019-07-23 09:42:06,0.84,1.2537,67,0.83,1.2388,15,0.83,1.2388,10,0.835,1.2462,3004,0
SPY190724P299,2019-07-23,2019-07-23 09:42:07,0.84,1.2537,247,0.82,1.2238,90,0.83,1.2388,10,0.83,1.2388,3004,0
SPY190724P299,2019-07-23,2019-07-23 09:42:07,0.84,1.2537,241,0.82,1.2238,144,0.83,1.2388,10,0.83,1.2388,3004,0
SPY190724P299,2019-07-23,2019-07-23 09:42:08,0.84,1.2537,170,0.83,1.2388,15,0.83,1.2388,10,0.835,1.2462,3004,0
SPY190724P299,2019-07-23,2019-07-23 09:42:08,0.84,1.2537,247,0.82,1.2238,101,0.83,1.2388,10,0.83,1.2388,3004,0
SPY190724P299,2019-07-23,2019-07-23 09:42:09,0.84,1.2537,169,0.83,1.2388,29,0.83,1.2388,10,0.835,1.2462,3004,0
SPY190724P299,2019-07-23,2019-07-23 09:42:10,0.84,1.2537,206,0.83,1.2388,29,0.83,1.2388,10,0.835,1.2462,3004,0
SPY190724P299,2019-07-23,2019-07-23 09:42:11,0.84,1.2537,206,0.83,1.2388,29,0.83,1.2388,10,0.835,1.2462,3004,0
SPY190724P299,2019-07-23,2019-07-23 09:42:11,0.84,1.2537,172,0.83,1.2388,29,0.83,1.2388,10,0.835,1.2462,3004,0
SPY190724P299,2019-07-23,2019-07-23 09:42:12,0.84,1.2537,172,0.82,1.2238,69,0.83,1.2388,10,0.83,1.2388,3004,0
SPY190724P299,2019-07-23,2019-07-23 09:42:12,0.84,1.2537,172,0.83,1.2388,29,0.83,1.2388,10,0.835,1.2462,3004,0
SPY190724P299,2019-07-23,2019-07-23 09:42:13,0.83,1.2388,129,0.81,1.2089,179,0.83,1.2388,10,0.82,1.2238,3004,0
SPY190724P299,2019-07-23,2019-07-23 09:42:13,0.84,1.2537,172,0.81,1.2089,179,0.83,1.2388,10,0.825,1.2313,3004,0
SPY190724P299,2019-07-23,2019-07-23 09:42:14,0.83,1.2388,132,0.81,1.2089,157,0.83,1.2388,10,0.82,1.2238,3004,0
SPY190724P299,2019-07-23,2019-07-23 09:42:15,0.83,1.2388,129,0.81,1.2089,157,0.83,1.2388,10,0.82,1.2238,3004,0
SPY190724P299,2019-07-23,2019-07-23 09:42:15,0.83,1.2388,132,0.81,1.2089,157,0.83,1.2388,10,0.82,1.2238,3004,0
SPY190724P299,2019-07-23,2019-07-23 09:42:16,0.83,1.2388,172,0.81,1.2089,70,0.83,1.2388,10,0.82,1.2238,3004,0
SPY190724P299,2019-07-23,2019-07-23 09:42:16,0.83,1.2388,172,0.81,1.2089,157,0.83,1.2388,10,0.82,1.2238,3004,0
SPY190724P299,2019-07-23,2019-07-23 09:42:17,0.82,1.2238,1,0.81,1.2089,79,0.82,1.2238,5,0.815,1.2164,3009,5
SPY190724P299,2019-07-23,2019-07-23 09:42:17,0.82,1.2238,64,0.81,1.2089,15,0.82,1.2238,5,0.815,1.2164,3009,0
