symbol,Date,quote_time,ask_price,norm_ask_price,ask_size,bid_price,norm_bid_price,bid_size,last_trade_price,norm_last_trade_price,last_trade_size,mark_price,norm_mark_price,volume,Volume
IWM190927C160,2019-09-20,2019-09-20 09:30:00,0.14,1.0,26,0.0,0.0,0,0.13,0.9285,10,0.07,0.5,0,0
IWM190927C160,2019-09-20,2019-09-20 09:30:01,0.15,1.0714,39,0.0,0.0,0,0.13,0.9285,10,0.075,0.5357,0,0
IWM190927C160,2019-09-20,2019-09-20 09:30:02,0.15,1.0714,39,0.08,0.5714,26,0.13,0.9285,10,0.115,0.8214,0,0
IWM190927C160,2019-09-20,2019-09-20 09:30:03,0.18,1.2857,500,0.1,0.7142,212,0.13,0.9285,10,0.14,1.0,0,0
IWM190927C160,2019-09-20,2019-09-20 09:30:03,0.18,1.2857,61,0.1,0.7142,212,0.13,0.9285,10,0.14,1.0,0,0
IWM190927C160,2019-09-20,2019-09-20 09:30:04,0.18,1.2857,61,0.1,0.7142,212,0.13,0.9285,10,0.14,1.0,0,0
IWM190927C160,2019-09-20,2019-09-20 09:30:05,0.18,1.2857,51,0.1,0.7142,212,0.13,0.9285,10,0.14,1.0,0,0
IWM190927C160,2019-09-20,2019-09-20 09:30:05,0.34,2.4285,10,0.1,0.7142,212,0.13,0.9285,10,0.22,1.5714,0,0
IWM190927C160,2019-09-20,2019-09-20 09:30:06,0.19,1.3571,500,0.1,0.7142,212,0.13,0.9285,10,0.145,1.0357,0,0
IWM190927C160,2019-09-20,2019-09-20 09:30:06,0.19,1.3571,505,0.1,0.7142,212,0.13,0.9285,10,0.145,1.0357,0,0
IWM190927C160,2019-09-20,2019-09-20 09:30:07,0.15,1.0714,39,0.1,0.7142,212,0.13,0.9285,10,0.125,0.8928,0,0
IWM190927C160,2019-09-20,2019-09-20 09:30:07,0.19,1.3571,539,0.1,0.7142,212,0.13,0.9285,10,0.145,1.0357,0,0
IWM190927C160,2019-09-20,2019-09-20 09:30:08,0.14,1.0,39,0.1,0.7142,212,0.13,0.9285,10,0.12,0.8571,0,0
IWM190927C160,2019-09-20,2019-09-20 09:30:09,0.14,1.0,570,0.1,0.7142,572,0.13,0.9285,10,0.12,0.8571,0,0
IWM190927C160,2019-09-20,2019-09-20 09:30:10,0.14,1.0,240,0.1,0.7142,252,0.13,0.9285,10,0.12,0.8571,0,0
IWM190927C160,2019-09-20,2019-09-20 09:30:10,0.14,1.0,340,0.1,0.7142,342,0.13,0.9285,10,0.12,0.8571,0,0
IWM190927C160,2019-09-20,2019-09-20 09:30:11,0.14,1.0,413,0.1,0.7142,413,0.13,0.9285,10,0.12,0.8571,0,0
IWM190927C160,2019-09-20,2019-09-20 09:30:12,0.15,1.0714,466,0.1,0.7142,495,0.13,0.9285,10,0.125,0.8928,0,0
IWM190927C160,2019-09-20,2019-09-20 09:30:12,0.15,1.0714,466,0.1,0.7142,519,0.13,0.9285,10,0.125,0.8928,0,0
IWM190927C160,2019-09-20,2019-09-20 09:30:13,0.14,1.0,38,0.1,0.7142,1028,0.13,0.9285,10,0.12,0.8571,0,0
IWM190927C160,2019-09-20,2019-09-20 09:30:14,0.14,1.0,38,0.1,0.7142,1028,0.13,0.9285,10,0.12,0.8571,0,0
IWM190927C160,2019-09-20,2019-09-20 09:30:15,0.14,1.0,617,0.1,0.7142,853,0.13,0.9285,10,0.12,0.8571,0,0
IWM190927C160,2019-09-20,2019-09-20 09:30:15,0.14,1.0,38,0.1,0.7142,637,0.13,0.9285,10,0.12,0.8571,0,0
IWM190927C160,2019-09-20,2019-09-20 09:30:16,0.14,1.0,617,0.1,0.7142,853,0.13,0.9285,10,0.12,0.8571,0,0
IWM190927C160,2019-09-20,2019-09-20 09:30:16,0.14,1.0,768,0.1,0.7142,853,0.13,0.9285,10,0.12,0.8571,0,0
IWM190927C160,2019-09-20,2019-09-20 09:30:17,0.13,0.9285,20,0.1,0.7142,826,0.13,0.9285,10,0.115,0.8214,0,0
IWM190927C160,2019-09-20,2019-09-20 09:30:17,0.14,1.0,768,0.1,0.7142,853,0.13,0.9285,10,0.12,0.8571,0,0
IWM190927C160,2019-09-20,2019-09-20 09:30:18,0.13,0.9285,20,0.1,0.7142,423,0.13,0.9285,10,0.115,0.8214,0,0
IWM190927C160,2019-09-20,2019-09-20 09:30:18,0.14,1.0,747,0.1,0.7142,423,0.13,0.9285,10,0.12,0.8571,0,0
IWM190927C160,2019-09-20,2019-09-20 09:30:19,0.14,1.0,700,0.1,0.7142,868,0.13,0.9285,10,0.12,0.8571,0,0
IWM190927C160,2019-09-20,2019-09-20 09:30:19,0.14,1.0,757,0.1,0.7142,607,0.13,0.9285,10,0.12,0.8571,0,0
IWM190927C160,2019-09-20,2019-09-20 09:30:20,0.14,1.0,726,0.11,0.7857,1,0.13,0.9285,10,0.125,0.8928,0,0
IWM190927C160,2019-09-20,2019-09-20 09:30:20,0.14,1.0,726,0.1,0.7142,868,0.13,0.9285,10,0.12,0.8571,0,0
IWM190927C160,2019-09-20,2019-09-20 09:30:21,0.14,1.0,518,0.1,0.7142,637,0.13,0.9285,10,0.12,0.8571,0,0
IWM190927C160,2019-09-20,2019-09-20 09:30:21,0.14,1.0,518,0.11,0.7857,1,0.13,0.9285,10,0.125,0.8928,0,0
IWM190927C160,2019-09-20,2019-09-20 09:30:22,0.14,1.0,512,0.11,0.7857,1,0.13,0.9285,10,0.125,0.8928,0,0
IWM190927C160,2019-09-20,2019-09-20 09:30:22,0.14,1.0,510,0.1,0.7142,853,0.13,0.9285,10,0.12,0.8571,0,0
IWM190927C160,2019-09-20,2019-09-20 09:30:23,0.14,1.0,510,0.1,0.7142,853,0.13,0.9285,10,0.12,0.8571,0,0
IWM190927C160,2019-09-20,2019-09-20 09:30:24,0.14,1.0,542,0.1,0.7142,1185,0.13,0.9285,10,0.12,0.8571,0,0
IWM190927C160,2019-09-20,2019-09-20 09:30:24,0.14,1.0,70,0.11,0.7857,1,0.13,0.9285,10,0.125,0.8928,0,0
IWM190927C160,2019-09-20,2019-09-20 09:30:25,0.14,1.0,560,0.1,0.7142,1062,0.13,0.9285,10,0.12,0.8571,0,0
IWM190927C160,2019-09-20,2019-09-20 09:30:26,0.14,1.0,468,0.1,0.7142,1062,0.13,0.9285,10,0.12,0.8571,0,0
IWM190927C160,2019-09-20,2019-09-20 09:30:26,0.14,1.0,390,0.1,0.7142,1062,0.13,0.9285,10,0.12,0.8571,0,0
IWM190927C160,2019-09-20,2019-09-20 09:30:27,0.14,1.0,458,0.1,0.7142,1062,0.13,0.9285,10,0.12,0.8571,0,0
IWM190927C160,2019-09-20,2019-09-20 09:30:28,0.14,1.0,458,0.1,0.7142,1062,0.13,0.9285,10,0.12,0.8571,0,0
IWM190927C160,2019-09-20,2019-09-20 09:30:28,0.14,1.0,512,0.1,0.7142,1062,0.13,0.9285,10,0.12,0.8571,0,0
IWM190927C160,2019-09-20,2019-09-20 09:30:29,0.14,1.0,127,0.1,0.7142,807,0.13,0.9285,10,0.12,0.8571,0,0
IWM190927C160,2019-09-20,2019-09-20 09:30:29,0.14,1.0,154,0.1,0.7142,1062,0.13,0.9285,10,0.12,0.8571,0,0
IWM190927C160,2019-09-20,2019-09-20 09:30:30,0.14,1.0,114,0.1,0.7142,729,0.13,0.9285,10,0.12,0.8571,0,0
IWM190927C160,2019-09-20,2019-09-20 09:30:30,0.14,1.0,114,0.1,0.7142,1062,0.13,0.9285,10,0.12,0.8571,0,0
IWM190927C160,2019-09-20,2019-09-20 09:30:31,0.14,1.0,114,0.1,0.7142,1126,0.13,0.9285,10,0.12,0.8571,0,0
IWM190927C160,2019-09-20,2019-09-20 09:30:32,0.14,1.0,26,0.1,0.7142,235,0.13,0.9285,10,0.12,0.8571,0,0
IWM190927C160,2019-09-20,2019-09-20 09:30:33,0.14,1.0,26,0.11,0.7857,1,0.13,0.9285,10,0.125,0.8928,0,0
IWM190927C160,2019-09-20,2019-09-20 09:30:33,0.14,1.0,26,0.11,0.7857,20,0.13,0.9285,10,0.125,0.8928,0,0
IWM190927C160,2019-09-20,2019-09-20 09:30:34,0.14,1.0,10,0.1,0.7142,476,0.13,0.9285,10,0.12,0.8571,0,0
IWM190927C160,2019-09-20,2019-09-20 09:30:34,0.14,1.0,26,0.1,0.7142,476,0.13,0.9285,10,0.12,0.8571,0,0
IWM190927C160,2019-09-20,2019-09-20 09:30:35,0.14,1.0,10,0.11,0.7857,20,0.13,0.9285,10,0.125,0.8928,0,0
IWM190927C160,2019-09-20,2019-09-20 09:30:35,0.14,1.0,10,0.1,0.7142,476,0.13,0.9285,10,0.12,0.8571,0,0
IWM190927C160,2019-09-20,2019-09-20 09:30:36,0.14,1.0,10,0.11,0.7857,20,0.13,0.9285,10,0.125,0.8928,0,0
IWM190927C160,2019-09-20,2019-09-20 09:30:37,0.14,1.0,10,0.11,0.7857,20,0.13,0.9285,10,0.125,0.8928,0,0
IWM190927C160,2019-09-20,2019-09-20 09:30:38,0.14,1.0,20,0.11,0.7857,20,0.13,0.9285,10,0.125,0.8928,0,0
IWM190927C160,2019-09-20,2019-09-20 09:30:39,0.14,1.0,120,0.11,0.7857,154,0.13,0.9285,10,0.125,0.8928,0,0
IWM190927C160,2019-09-20,2019-09-20 09:30:39,0.14,1.0,120,0.11,0.7857,150,0.13,0.9285,10,0.125,0.8928,0,0
IWM190927C160,2019-09-20,2019-09-20 09:30:40,0.14,1.0,89,0.11,0.7857,166,0.13,0.9285,10,0.125,0.8928,0,0
IWM190927C160,2019-09-20,2019-09-20 09:30:40,0.14,1.0,121,0.11,0.7857,166,0.13,0.9285,10,0.125,0.8928,0,0
IWM190927C160,2019-09-20,2019-09-20 09:30:41,0.14,1.0,89,0.11,0.7857,166,0.13,0.9285,10,0.125,0.8928,0,0
IWM190927C160,2019-09-20,2019-09-20 09:30:41,0.14,1.0,78,0.11,0.7857,589,0.13,0.9285,10,0.125,0.8928,0,0
IWM190927C160,2019-09-20,2019-09-20 09:30:42,0.14,1.0,93,0.11,0.7857,166,0.13,0.9285,10,0.125,0.8928,0,0
IWM190927C160,2019-09-20,2019-09-20 09:30:43,0.14,1.0,83,0.11,0.7857,814,0.13,0.9285,10,0.125,0.8928,0,0
IWM190927C160,2019-09-20,2019-09-20 09:30:44,0.14,1.0,83,0.11,0.7857,814,0.13,0.9285,10,0.125,0.8928,0,0
IWM190927C160,2019-09-20,2019-09-20 09:30:45,0.14,1.0,93,0.11,0.7857,814,0.13,0.9285,10,0.125,0.8928,0,0
IWM190927C160,2019-09-20,2019-09-20 09:30:45,0.14,1.0,83,0.11,0.7857,814,0.13,0.9285,10,0.125,0.8928,0,0
IWM190927C160,2019-09-20,2019-09-20 09:30:46,0.14,1.0,83,0.11,0.7857,150,0.13,0.9285,10,0.125,0.8928,0,0
IWM190927C160,2019-09-20,2019-09-20 09:30:47,0.14,1.0,78,0.11,0.7857,855,0.13,0.9285,10,0.125,0.8928,0,0
IWM190927C160,2019-09-20,2019-09-20 09:30:47,0.14,1.0,83,0.11,0.7857,400,0.13,0.9285,10,0.125,0.8928,0,0
IWM190927C160,2019-09-20,2019-09-20 09:30:48,0.14,1.0,59,0.11,0.7857,727,0.13,0.9285,10,0.125,0.8928,0,0
IWM190927C160,2019-09-20,2019-09-20 09:30:49,0.14,1.0,59,0.11,0.7857,727,0.13,0.9285,10,0.125,0.8928,0,0
IWM190927C160,2019-09-20,2019-09-20 09:30:50,0.14,1.0,62,0.11,0.7857,719,0.13,0.9285,10,0.125,0.8928,0,0
IWM190927C160,2019-09-20,2019-09-20 09:30:50,0.14,1.0,59,0.11,0.7857,727,0.13,0.9285,10,0.125,0.8928,0,0
IWM190927C160,2019-09-20,2019-09-20 09:30:51,0.14,1.0,578,0.11,0.7857,710,0.13,0.9285,10,0.125,0.8928,0,0
IWM190927C160,2019-09-20,2019-09-20 09:30:51,0.14,1.0,419,0.11,0.7857,712,0.13,0.9285,10,0.125,0.8928,0,0
IWM190927C160,2019-09-20,2019-09-20 09:30:52,0.14,1.0,648,0.11,0.7857,710,0.13,0.9285,10,0.125,0.8928,0,0
IWM190927C160,2019-09-20,2019-09-20 09:30:53,0.14,1.0,648,0.11,0.7857,710,0.13,0.9285,10,0.125,0.8928,0,0
IWM190927C160,2019-09-20,2019-09-20 09:30:54,0.14,1.0,648,0.11,0.7857,710,0.13,0.9285,10,0.125,0.8928,0,0
IWM190927C160,2019-09-20,2019-09-20 09:30:55,0.14,1.0,648,0.11,0.7857,710,0.13,0.9285,10,0.125,0.8928,0,0
IWM190927C160,2019-09-20,2019-09-20 09:30:56,0.14,1.0,648,0.11,0.7857,710,0.13,0.9285,10,0.125,0.8928,0,0
IWM190927C160,2019-09-20,2019-09-20 09:30:57,0.14,1.0,648,0.11,0.7857,780,0.13,0.9285,10,0.125,0.8928,0,0
IWM190927C160,2019-09-20,2019-09-20 09:30:58,0.14,1.0,648,0.11,0.7857,780,0.13,0.9285,10,0.125,0.8928,0,0
IWM190927C160,2019-09-20,2019-09-20 09:30:58,0.14,1.0,717,0.11,0.7857,791,0.13,0.9285,10,0.125,0.8928,0,0
IWM190927C160,2019-09-20,2019-09-20 09:30:59,0.14,1.0,717,0.11,0.7857,791,0.13,0.9285,10,0.125,0.8928,0,0
IWM190927C160,2019-09-20,2019-09-20 09:30:59,0.14,1.0,647,0.11,0.7857,721,0.13,0.9285,10,0.125,0.8928,0,0
IWM190927C160,2019-09-20,2019-09-20 09:31:00,0.14,1.0,734,0.11,0.7857,814,0.13,0.9285,10,0.125,0.8928,0,0
IWM190927C160,2019-09-20,2019-09-20 09:31:01,0.14,1.0,383,0.11,0.7857,383,0.13,0.9285,10,0.125,0.8928,0,0
IWM190927C160,2019-09-20,2019-09-20 09:31:02,0.14,1.0,79,0.11,0.7857,789,0.13,0.9285,10,0.125,0.8928,0,0
IWM190927C160,2019-09-20,2019-09-20 09:31:03,0.14,1.0,88,0.11,0.7857,813,0.13,0.9285,10,0.125,0.8928,0,0
IWM190927C160,2019-09-20,2019-09-20 09:31:03,0.14,1.0,53,0.11,0.7857,943,0.13,0.9285,10,0.125,0.8928,0,0
IWM190927C160,2019-09-20,2019-09-20 09:31:04,0.14,1.0,150,0.11,0.7857,897,0.13,0.9285,10,0.125,0.8928,0,0
IWM190927C160,2019-09-20,2019-09-20 09:31:04,0.14,1.0,150,0.11,0.7857,799,0.13,0.9285,10,0.125,0.8928,0,0
IWM190927C160,2019-09-20,2019-09-20 09:31:05,0.14,1.0,302,0.11,0.7857,500,0.13,0.9285,10,0.125,0.8928,0,0
IWM190927C160,2019-09-20,2019-09-20 09:31:05,0.14,1.0,504,0.11,0.7857,789,0.13,0.9285,10,0.125,0.8928,0,0
IWM190927C160,2019-09-20,2019-09-20 09:31:06,0.14,1.0,504,0.11,0.7857,789,0.13,0.9285,10,0.125,0.8928,0,0
IWM190927C160,2019-09-20,2019-09-20 09:31:07,0.14,1.0,504,0.11,0.7857,789,0.13,0.9285,10,0.125,0.8928,0,0
IWM190927C160,2019-09-20,2019-09-20 09:31:08,0.14,1.0,381,0.11,0.7857,799,0.13,0.9285,10,0.125,0.8928,0,0
IWM190927C160,2019-09-20,2019-09-20 09:31:08,0.14,1.0,507,0.11,0.7857,799,0.13,0.9285,10,0.125,0.8928,0,0
IWM190927C160,2019-09-20,2019-09-20 09:31:09,0.14,1.0,463,0.11,0.7857,799,0.13,0.9285,10,0.125,0.8928,0,0
IWM190927C160,2019-09-20,2019-09-20 09:31:10,0.14,1.0,200,0.11,0.7857,70,0.13,0.9285,10,0.125,0.8928,0,0
IWM190927C160,2019-09-20,2019-09-20 09:31:10,0.14,1.0,526,0.11,0.7857,711,0.13,0.9285,10,0.125,0.8928,0,0
IWM190927C160,2019-09-20,2019-09-20 09:31:11,0.14,1.0,526,0.11,0.7857,711,0.13,0.9285,10,0.125,0.8928,0,0
IWM190927C160,2019-09-20,2019-09-20 09:31:11,0.14,1.0,690,0.11,0.7857,800,0.13,0.9285,10,0.125,0.8928,0,0
IWM190927C160,2019-09-20,2019-09-20 09:31:12,0.14,1.0,616,0.11,0.7857,711,0.13,0.9285,10,0.125,0.8928,0,0
IWM190927C160,2019-09-20,2019-09-20 09:31:13,0.14,1.0,526,0.11,0.7857,711,0.13,0.9285,10,0.125,0.8928,0,0
IWM190927C160,2019-09-20,2019-09-20 09:31:14,0.14,1.0,526,0.11,0.7857,711,0.13,0.9285,10,0.125,0.8928,0,0
IWM190927C160,2019-09-20,2019-09-20 09:31:15,0.14,1.0,526,0.11,0.7857,711,0.13,0.9285,10,0.125,0.8928,0,0
IWM190927C160,2019-09-20,2019-09-20 09:31:16,0.14,1.0,604,0.11,0.7857,717,0.13,0.9285,10,0.125,0.8928,0,0
IWM190927C160,2019-09-20,2019-09-20 09:31:16,0.13,0.9285,3,0.11,0.7857,730,0.13,0.9285,10,0.12,0.8571,0,0
IWM190927C160,2019-09-20,2019-09-20 09:31:17,0.13,0.9285,3,0.11,0.7857,730,0.13,0.9285,10,0.12,0.8571,0,0
IWM190927C160,2019-09-20,2019-09-20 09:31:18,0.13,0.9285,20,0.11,0.7857,720,0.13,0.9285,10,0.12,0.8571,0,0
IWM190927C160,2019-09-20,2019-09-20 09:31:19,0.13,0.9285,20,0.11,0.7857,720,0.13,0.9285,10,0.12,0.8571,0,0
IWM190927C160,2019-09-20,2019-09-20 09:31:19,0.13,0.9285,20,0.11,0.7857,721,0.13,0.9285,10,0.12,0.8571,0,0
IWM190927C160,2019-09-20,2019-09-20 09:31:20,0.13,0.9285,20,0.11,0.7857,721,0.13,0.9285,10,0.12,0.8571,0,0
IWM190927C160,2019-09-20,2019-09-20 09:31:21,0.13,0.9285,20,0.11,0.7857,721,0.13,0.9285,10,0.12,0.8571,0,0
IWM190927C160,2019-09-20,2019-09-20 09:31:22,0.13,0.9285,20,0.11,0.7857,721,0.13,0.9285,10,0.12,0.8571,0,0
IWM190927C160,2019-09-20,2019-09-20 09:31:22,0.13,0.9285,20,0.11,0.7857,757,0.13,0.9285,10,0.12,0.8571,0,0
IWM190927C160,2019-09-20,2019-09-20 09:31:23,0.13,0.9285,20,0.11,0.7857,747,0.13,0.9285,10,0.12,0.8571,0,0
IWM190927C160,2019-09-20,2019-09-20 09:31:24,0.13,0.9285,20,0.11,0.7857,747,0.13,0.9285,10,0.12,0.8571,0,0
IWM190927C160,2019-09-20,2019-09-20 09:31:25,0.13,0.9285,28,0.11,0.7857,747,0.13,0.9285,10,0.12,0.8571,0,0
IWM190927C160,2019-09-20,2019-09-20 09:31:25,0.13,0.9285,28,0.11,0.7857,757,0.13,0.9285,10,0.12,0.8571,0,0
IWM190927C160,2019-09-20,2019-09-20 09:31:26,0.13,0.9285,28,0.11,0.7857,747,0.13,0.9285,10,0.12,0.8571,0,0
IWM190927C160,2019-09-20,2019-09-20 09:31:26,0.13,0.9285,16,0.11,0.7857,832,0.13,0.9285,10,0.12,0.8571,0,0
IWM190927C160,2019-09-20,2019-09-20 09:31:27,0.13,0.9285,20,0.11,0.7857,894,0.13,0.9285,10,0.12,0.8571,0,0
IWM190927C160,2019-09-20,2019-09-20 09:31:28,0.13,0.9285,20,0.11,0.7857,880,0.13,0.9285,10,0.12,0.8571,0,0
IWM190927C160,2019-09-20,2019-09-20 09:31:28,0.13,0.9285,20,0.11,0.7857,894,0.13,0.9285,10,0.12,0.8571,0,0
IWM190927C160,2019-09-20,2019-09-20 09:31:29,0.13,0.9285,20,0.11,0.7857,890,0.13,0.9285,10,0.12,0.8571,0,0
IWM190927C160,2019-09-20,2019-09-20 09:31:30,0.13,0.9285,20,0.11,0.7857,890,0.13,0.9285,10,0.12,0.8571,0,0
IWM190927C160,2019-09-20,2019-09-20 09:31:30,0.13,0.9285,20,0.11,0.7857,667,0.13,0.9285,10,0.12,0.8571,0,0
IWM190927C160,2019-09-20,2019-09-20 09:31:31,0.13,0.9285,20,0.11,0.7857,894,0.13,0.9285,10,0.12,0.8571,0,0
IWM190927C160,2019-09-20,2019-09-20 09:31:31,0.13,0.9285,10,0.11,0.7857,162,0.13,0.9285,10,0.12,0.8571,0,0
IWM190927C160,2019-09-20,2019-09-20 09:31:32,0.13,0.9285,5,0.11,0.7857,890,0.13,0.9285,1,0.12,0.8571,2,2
IWM190927C160,2019-09-20,2019-09-20 09:31:32,0.13,0.9285,10,0.11,0.7857,585,0.13,0.9285,10,0.12,0.8571,0,0
IWM190927C160,2019-09-20,2019-09-20 09:31:33,0.13,0.9285,10,0.11,0.7857,1388,0.13,0.9285,1,0.12,0.8571,2,0
IWM190927C160,2019-09-20,2019-09-20 09:31:34,0.14,1.0,231,0.13,0.9285,2,0.13,0.9285,2,0.135,0.9642,8,6
IWM190927C160,2019-09-20,2019-09-20 09:31:34,0.14,1.0,411,0.13,0.9285,2,0.13,0.9285,2,0.135,0.9642,8,0
IWM190927C160,2019-09-20,2019-09-20 09:31:35,0.14,1.0,691,0.12,0.8571,612,0.13,0.9285,2,0.13,0.9285,8,0
IWM190927C160,2019-09-20,2019-09-20 09:31:35,0.14,1.0,556,0.12,0.8571,438,0.13,0.9285,2,0.13,0.9285,8,0
IWM190927C160,2019-09-20,2019-09-20 09:31:36,0.14,1.0,691,0.12,0.8571,595,0.13,0.9285,2,0.13,0.9285,8,0
IWM190927C160,2019-09-20,2019-09-20 09:31:36,0.14,1.0,691,0.12,0.8571,642,0.13,0.9285,2,0.13,0.9285,8,0
IWM190927C160,2019-09-20,2019-09-20 09:31:37,0.14,1.0,228,0.12,0.8571,585,0.13,0.9285,2,0.13,0.9285,8,0
IWM190927C160,2019-09-20,2019-09-20 09:31:38,0.14,1.0,228,0.12,0.8571,585,0.13,0.9285,2,0.13,0.9285,8,0
IWM190927C160,2019-09-20,2019-09-20 09:31:38,0.14,1.0,228,0.12,0.8571,555,0.13,0.9285,2,0.13,0.9285,8,0
IWM190927C160,2019-09-20,2019-09-20 09:31:39,0.14,1.0,610,0.12,0.8571,557,0.13,0.9285,2,0.13,0.9285,8,0
IWM190927C160,2019-09-20,2019-09-20 09:31:39,0.14,1.0,487,0.12,0.8571,557,0.13,0.9285,2,0.13,0.9285,8,0
IWM190927C160,2019-09-20,2019-09-20 09:31:40,0.14,1.0,364,0.12,0.8571,574,0.13,0.9285,2,0.13,0.9285,8,0
IWM190927C160,2019-09-20,2019-09-20 09:31:40,0.14,1.0,610,0.12,0.8571,557,0.13,0.9285,2,0.13,0.9285,8,0
IWM190927C160,2019-09-20,2019-09-20 09:31:41,0.14,1.0,246,0.12,0.8571,574,0.13,0.9285,2,0.13,0.9285,8,0
IWM190927C160,2019-09-20,2019-09-20 09:31:41,0.14,1.0,607,0.12,0.8571,568,0.13,0.9285,2,0.13,0.9285,8,0
IWM190927C160,2019-09-20,2019-09-20 09:31:42,0.14,1.0,191,0.12,0.8571,380,0.13,0.9285,2,0.13,0.9285,8,0
IWM190927C160,2019-09-20,2019-09-20 09:31:42,0.14,1.0,132,0.12,0.8571,380,0.13,0.9285,2,0.13,0.9285,8,0
IWM190927C160,2019-09-20,2019-09-20 09:31:43,0.14,1.0,229,0.12,0.8571,505,0.13,0.9285,2,0.13,0.9285,8,0
IWM190927C160,2019-09-20,2019-09-20 09:31:43,0.14,1.0,229,0.12,0.8571,78,0.13,0.9285,2,0.13,0.9285,8,0
IWM190927C160,2019-09-20,2019-09-20 09:31:44,0.14,1.0,591,0.12,0.8571,595,0.13,0.9285,2,0.13,0.9285,8,0
IWM190927C160,2019-09-20,2019-09-20 09:31:44,0.14,1.0,229,0.12,0.8571,600,0.13,0.9285,2,0.13,0.9285,8,0
IWM190927C160,2019-09-20,2019-09-20 09:31:45,0.14,1.0,593,0.12,0.8571,600,0.13,0.9285,2,0.13,0.9285,8,0
IWM190927C160,2019-09-20,2019-09-20 09:31:45,0.14,1.0,426,0.12,0.8571,51,0.13,0.9285,2,0.13,0.9285,8,0
IWM190927C160,2019-09-20,2019-09-20 09:31:46,0.14,1.0,675,0.12,0.8571,339,0.13,0.9285,2,0.13,0.9285,8,0
IWM190927C160,2019-09-20,2019-09-20 09:31:47,0.14,1.0,564,0.12,0.8571,548,0.13,0.9285,2,0.13,0.9285,8,0
IWM190927C160,2019-09-20,2019-09-20 09:31:47,0.14,1.0,664,0.12,0.8571,548,0.13,0.9285,2,0.13,0.9285,8,0
IWM190927C160,2019-09-20,2019-09-20 09:31:48,0.14,1.0,373,0.12,0.8571,572,0.13,0.9285,2,0.13,0.9285,8,0
IWM190927C160,2019-09-20,2019-09-20 09:31:48,0.14,1.0,664,0.12,0.8571,548,0.13,0.9285,2,0.13,0.9285,8,0
IWM190927C160,2019-09-20,2019-09-20 09:31:49,0.14,1.0,224,0.12,0.8571,562,0.13,0.9285,2,0.13,0.9285,8,0
IWM190927C160,2019-09-20,2019-09-20 09:31:49,0.14,1.0,244,0.12,0.8571,572,0.13,0.9285,2,0.13,0.9285,8,0
IWM190927C160,2019-09-20,2019-09-20 09:31:50,0.14,1.0,244,0.12,0.8571,572,0.13,0.9285,2,0.13,0.9285,8,0
IWM190927C160,2019-09-20,2019-09-20 09:31:51,0.14,1.0,244,0.12,0.8571,74,0.13,0.9285,2,0.13,0.9285,8,0
IWM190927C160,2019-09-20,2019-09-20 09:31:51,0.14,1.0,244,0.12,0.8571,572,0.13,0.9285,2,0.13,0.9285,8,0
IWM190927C160,2019-09-20,2019-09-20 09:31:52,0.14,1.0,244,0.12,0.8571,84,0.13,0.9285,2,0.13,0.9285,8,0
IWM190927C160,2019-09-20,2019-09-20 09:31:52,0.13,0.9285,18,0.12,0.8571,74,0.13,0.9285,2,0.125,0.8928,8,0
IWM190927C160,2019-09-20,2019-09-20 09:31:53,0.14,1.0,318,0.12,0.8571,723,0.13,0.9285,2,0.13,0.9285,8,0
IWM190927C160,2019-09-20,2019-09-20 09:31:53,0.14,1.0,244,0.12,0.8571,84,0.13,0.9285,2,0.13,0.9285,8,0
IWM190927C160,2019-09-20,2019-09-20 09:31:54,0.14,1.0,259,0.12,0.8571,713,0.13,0.9285,2,0.13,0.9285,8,0
IWM190927C160,2019-09-20,2019-09-20 09:31:54,0.14,1.0,308,0.12,0.8571,713,0.13,0.9285,2,0.13,0.9285,8,0
IWM190927C160,2019-09-20,2019-09-20 09:31:55,0.13,0.9285,8,0.12,0.8571,502,0.13,0.9285,2,0.125,0.8928,8,0
IWM190927C160,2019-09-20,2019-09-20 09:31:55,0.14,1.0,259,0.12,0.8571,703,0.13,0.9285,2,0.13,0.9285,8,0
IWM190927C160,2019-09-20,2019-09-20 09:31:56,0.13,0.9285,20,0.12,0.8571,654,0.13,0.9285,2,0.125,0.8928,8,0
IWM190927C160,2019-09-20,2019-09-20 09:31:57,0.13,0.9285,20,0.12,0.8571,654,0.13,0.9285,2,0.125,0.8928,8,0
IWM190927C160,2019-09-20,2019-09-20 09:31:58,0.13,0.9285,20,0.12,0.8571,68,0.13,0.9285,2,0.125,0.8928,8,0
IWM190927C160,2019-09-20,2019-09-20 09:31:58,0.13,0.9285,2,0.12,0.8571,68,0.13,0.9285,2,0.125,0.8928,8,0
IWM190927C160,2019-09-20,2019-09-20 09:31:59,0.13,0.9285,20,0.12,0.8571,68,0.13,0.9285,2,0.125,0.8928,8,0
IWM190927C160,2019-09-20,2019-09-20 09:32:00,0.13,0.9285,20,0.12,0.8571,68,0.13,0.9285,2,0.125,0.8928,8,0
IWM190927C160,2019-09-20,2019-09-20 09:32:00,0.13,0.9285,20,0.12,0.8571,67,0.13,0.9285,2,0.125,0.8928,8,0
IWM190927C160,2019-09-20,2019-09-20 09:32:01,0.13,0.9285,20,0.12,0.8571,126,0.13,0.9285,2,0.125,0.8928,8,0
IWM190927C160,2019-09-20,2019-09-20 09:32:02,0.13,0.9285,20,0.12,0.8571,527,0.13,0.9285,2,0.125,0.8928,8,0
IWM190927C160,2019-09-20,2019-09-20 09:32:02,0.13,0.9285,20,0.12,0.8571,219,0.13,0.9285,2,0.125,0.8928,8,0
IWM190927C160,2019-09-20,2019-09-20 09:32:03,0.13,0.9285,20,0.12,0.8571,527,0.13,0.9285,2,0.125,0.8928,8,0
IWM190927C160,2019-09-20,2019-09-20 09:32:03,0.13,0.9285,10,0.12,0.8571,767,0.13,0.9285,2,0.125,0.8928,8,0
IWM190927C160,2019-09-20,2019-09-20 09:32:04,0.13,0.9285,10,0.12,0.8571,767,0.13,0.9285,2,0.125,0.8928,8,0
IWM190927C160,2019-09-20,2019-09-20 09:32:04,0.13,0.9285,10,0.12,0.8571,710,0.13,0.9285,2,0.125,0.8928,8,0
IWM190927C160,2019-09-20,2019-09-20 09:32:05,0.13,0.9285,10,0.12,0.8571,710,0.13,0.9285,2,0.125,0.8928,8,0
IWM190927C160,2019-09-20,2019-09-20 09:32:06,0.13,0.9285,10,0.12,0.8571,710,0.13,0.9285,2,0.125,0.8928,8,0
IWM190927C160,2019-09-20,2019-09-20 09:32:06,0.13,0.9285,10,0.12,0.8571,765,0.13,0.9285,2,0.125,0.8928,8,0
IWM190927C160,2019-09-20,2019-09-20 09:32:07,0.13,0.9285,10,0.12,0.8571,765,0.13,0.9285,2,0.125,0.8928,8,0
IWM190927C160,2019-09-20,2019-09-20 09:32:07,0.13,0.9285,10,0.12,0.8571,803,0.13,0.9285,2,0.125,0.8928,8,0
IWM190927C160,2019-09-20,2019-09-20 09:32:08,0.13,0.9285,10,0.12,0.8571,621,0.13,0.9285,2,0.125,0.8928,8,0
IWM190927C160,2019-09-20,2019-09-20 09:32:08,0.13,0.9285,10,0.12,0.8571,471,0.13,0.9285,2,0.125,0.8928,8,0
IWM190927C160,2019-09-20,2019-09-20 09:32:09,0.13,0.9285,10,0.12,0.8571,815,0.13,0.9285,2,0.125,0.8928,8,0
IWM190927C160,2019-09-20,2019-09-20 09:32:10,0.13,0.9285,10,0.12,0.8571,815,0.13,0.9285,2,0.125,0.8928,8,0
IWM190927C160,2019-09-20,2019-09-20 09:32:11,0.13,0.9285,10,0.12,0.8571,815,0.13,0.9285,2,0.125,0.8928,8,0
IWM190927C160,2019-09-20,2019-09-20 09:32:11,0.13,0.9285,10,0.12,0.8571,878,0.13,0.9285,2,0.125,0.8928,8,0
IWM190927C160,2019-09-20,2019-09-20 09:32:12,0.13,0.9285,10,0.12,0.8571,878,0.13,0.9285,2,0.125,0.8928,8,0
IWM190927C160,2019-09-20,2019-09-20 09:32:13,0.13,0.9285,10,0.12,0.8571,135,0.13,0.9285,2,0.125,0.8928,8,0
IWM190927C160,2019-09-20,2019-09-20 09:32:13,0.13,0.9285,10,0.12,0.8571,190,0.13,0.9285,2,0.125,0.8928,8,0
IWM190927C160,2019-09-20,2019-09-20 09:32:14,0.13,0.9285,10,0.12,0.8571,190,0.13,0.9285,2,0.125,0.8928,8,0
IWM190927C160,2019-09-20,2019-09-20 09:32:14,0.13,0.9285,10,0.12,0.8571,878,0.13,0.9285,2,0.125,0.8928,8,0
IWM190927C160,2019-09-20,2019-09-20 09:32:15,0.13,0.9285,10,0.12,0.8571,878,0.13,0.9285,2,0.125,0.8928,8,0
IWM190927C160,2019-09-20,2019-09-20 09:32:16,0.13,0.9285,10,0.12,0.8571,784,0.13,0.9285,2,0.125,0.8928,8,0
IWM190927C160,2019-09-20,2019-09-20 09:32:16,0.13,0.9285,10,0.12,0.8571,878,0.13,0.9285,2,0.125,0.8928,8,0
IWM190927C160,2019-09-20,2019-09-20 09:32:17,0.13,0.9285,10,0.12,0.8571,875,0.13,0.9285,2,0.125,0.8928,8,0
IWM190927C160,2019-09-20,2019-09-20 09:32:17,0.13,0.9285,10,0.12,0.8571,784,0.13,0.9285,2,0.125,0.8928,8,0
IWM190927C160,2019-09-20,2019-09-20 09:32:18,0.13,0.9285,10,0.12,0.8571,875,0.13,0.9285,2,0.125,0.8928,8,0
IWM190927C160,2019-09-20,2019-09-20 09:32:19,0.13,0.9285,10,0.12,0.8571,875,0.13,0.9285,2,0.125,0.8928,8,0
IWM190927C160,2019-09-20,2019-09-20 09:32:19,0.13,0.9285,20,0.12,0.8571,625,0.13,0.9285,2,0.125,0.8928,8,0
IWM190927C160,2019-09-20,2019-09-20 09:32:20,0.14,1.0,10,0.12,0.8571,57,0.13,0.9285,2,0.13,0.9285,8,0
IWM190927C160,2019-09-20,2019-09-20 09:32:20,0.14,1.0,297,0.12,0.8571,157,0.13,0.9285,2,0.13,0.9285,8,0
IWM190927C160,2019-09-20,2019-09-20 09:32:21,0.13,0.9285,3,0.12,0.8571,91,0.13,0.9285,2,0.125,0.8928,8,0
IWM190927C160,2019-09-20,2019-09-20 09:32:21,0.13,0.9285,3,0.12,0.8571,51,0.13,0.9285,2,0.125,0.8928,8,0
IWM190927C160,2019-09-20,2019-09-20 09:32:22,0.13,0.9285,3,0.12,0.8571,161,0.13,0.9285,2,0.125,0.8928,8,0
IWM190927C160,2019-09-20,2019-09-20 09:32:22,0.13,0.9285,3,0.12,0.8571,193,0.13,0.9285,2,0.125,0.8928,8,0
IWM190927C160,2019-09-20,2019-09-20 09:32:23,0.13,0.9285,2,0.12,0.8571,877,0.13,0.9285,2,0.125,0.8928,8,0
IWM190927C160,2019-09-20,2019-09-20 09:32:23,0.13,0.9285,2,0.12,0.8571,934,0.13,0.9285,2,0.125,0.8928,8,0
IWM190927C160,2019-09-20,2019-09-20 09:32:24,0.13,0.9285,2,0.12,0.8571,1005,0.13,0.9285,2,0.125,0.8928,8,0
IWM190927C160,2019-09-20,2019-09-20 09:32:24,0.13,0.9285,2,0.12,0.8571,934,0.13,0.9285,2,0.125,0.8928,8,0
IWM190927C160,2019-09-20,2019-09-20 09:32:25,0.13,0.9285,2,0.12,0.8571,934,0.13,0.9285,2,0.125,0.8928,8,0
IWM190927C160,2019-09-20,2019-09-20 09:32:26,0.13,0.9285,2,0.12,0.8571,934,0.13,0.9285,2,0.125,0.8928,8,0
IWM190927C160,2019-09-20,2019-09-20 09:32:27,0.13,0.9285,2,0.12,0.8571,934,0.13,0.9285,2,0.125,0.8928,8,0
IWM190927C160,2019-09-20,2019-09-20 09:32:27,0.13,0.9285,2,0.12,0.8571,214,0.13,0.9285,2,0.125,0.8928,8,0
IWM190927C160,2019-09-20,2019-09-20 09:32:28,0.13,0.9285,2,0.12,0.8571,934,0.13,0.9285,2,0.125,0.8928,8,0
IWM190927C160,2019-09-20,2019-09-20 09:32:29,0.13,0.9285,2,0.12,0.8571,938,0.13,0.9285,2,0.125,0.8928,8,0
IWM190927C160,2019-09-20,2019-09-20 09:32:30,0.13,0.9285,2,0.12,0.8571,938,0.13,0.9285,2,0.125,0.8928,8,0
IWM190927C160,2019-09-20,2019-09-20 09:32:31,0.13,0.9285,2,0.12,0.8571,938,0.13,0.9285,2,0.125,0.8928,8,0
IWM190927C160,2019-09-20,2019-09-20 09:32:32,0.13,0.9285,2,0.12,0.8571,1018,0.13,0.9285,2,0.125,0.8928,8,0
IWM190927C160,2019-09-20,2019-09-20 09:32:32,0.13,0.9285,2,0.12,0.8571,1028,0.13,0.9285,2,0.125,0.8928,8,0
IWM190927C160,2019-09-20,2019-09-20 09:32:33,0.13,0.9285,2,0.12,0.8571,110,0.13,0.9285,2,0.125,0.8928,8,0
IWM190927C160,2019-09-20,2019-09-20 09:32:34,0.13,0.9285,23,0.12,0.8571,204,0.13,0.9285,2,0.125,0.8928,8,0
IWM190927C160,2019-09-20,2019-09-20 09:32:34,0.14,1.0,239,0.13,0.9285,1,0.14,1.0,21,0.135,0.9642,58,50
IWM190927C160,2019-09-20,2019-09-20 09:32:35,0.14,1.0,270,0.12,0.8571,1124,0.14,1.0,21,0.13,0.9285,58,0
IWM190927C160,2019-09-20,2019-09-20 09:32:35,0.14,1.0,312,0.12,0.8571,1077,0.14,1.0,21,0.13,0.9285,58,0
IWM190927C160,2019-09-20,2019-09-20 09:32:36,0.13,0.9285,18,0.12,0.8571,1171,0.14,1.0,21,0.125,0.8928,58,0
IWM190927C160,2019-09-20,2019-09-20 09:32:36,0.14,1.0,209,0.12,0.8571,977,0.14,1.0,21,0.13,0.9285,58,0
IWM190927C160,2019-09-20,2019-09-20 09:32:37,0.14,1.0,165,0.12,0.8571,1067,0.14,1.0,21,0.13,0.9285,58,0
IWM190927C160,2019-09-20,2019-09-20 09:32:37,0.14,1.0,605,0.12,0.8571,1171,0.14,1.0,21,0.13,0.9285,58,0
IWM190927C160,2019-09-20,2019-09-20 09:32:38,0.14,1.0,593,0.12,0.8571,832,0.14,1.0,21,0.13,0.9285,58,0
IWM190927C160,2019-09-20,2019-09-20 09:32:38,0.14,1.0,593,0.12,0.8571,967,0.14,1.0,21,0.13,0.9285,58,0
IWM190927C160,2019-09-20,2019-09-20 09:32:39,0.14,1.0,486,0.12,0.8571,1344,0.14,1.0,21,0.13,0.9285,58,0
IWM190927C160,2019-09-20,2019-09-20 09:32:40,0.14,1.0,146,0.13,0.9285,47,0.14,1.0,21,0.135,0.9642,58,0
IWM190927C160,2019-09-20,2019-09-20 09:32:40,0.14,1.0,175,0.13,0.9285,47,0.14,1.0,21,0.135,0.9642,58,0
IWM190927C160,2019-09-20,2019-09-20 09:32:41,0.14,1.0,184,0.13,0.9285,47,0.14,1.0,21,0.135,0.9642,58,0
IWM190927C160,2019-09-20,2019-09-20 09:32:42,0.14,1.0,184,0.13,0.9285,47,0.14,1.0,21,0.135,0.9642,58,0
IWM190927C160,2019-09-20,2019-09-20 09:32:43,0.14,1.0,184,0.13,0.9285,47,0.14,1.0,21,0.135,0.9642,58,0
IWM190927C160,2019-09-20,2019-09-20 09:32:43,0.14,1.0,199,0.13,0.9285,38,0.14,1.0,21,0.135,0.9642,58,0
IWM190927C160,2019-09-20,2019-09-20 09:32:44,0.14,1.0,199,0.13,0.9285,38,0.14,1.0,21,0.135,0.9642,58,0
IWM190927C160,2019-09-20,2019-09-20 09:32:45,0.14,1.0,611,0.13,0.9285,37,0.14,1.0,21,0.135,0.9642,58,0
IWM190927C160,2019-09-20,2019-09-20 09:32:45,0.14,1.0,422,0.13,0.9285,37,0.14,1.0,21,0.135,0.9642,58,0
IWM190927C160,2019-09-20,2019-09-20 09:32:46,0.14,1.0,727,0.13,0.9285,37,0.14,1.0,21,0.135,0.9642,58,0
IWM190927C160,2019-09-20,2019-09-20 09:32:47,0.14,1.0,727,0.13,0.9285,37,0.14,1.0,21,0.135,0.9642,58,0
IWM190927C160,2019-09-20,2019-09-20 09:32:48,0.14,1.0,727,0.13,0.9285,38,0.14,1.0,21,0.135,0.9642,58,0
IWM190927C160,2019-09-20,2019-09-20 09:32:48,0.14,1.0,44,0.13,0.9285,42,0.14,1.0,21,0.135,0.9642,58,0
IWM190927C160,2019-09-20,2019-09-20 09:32:49,0.14,1.0,44,0.13,0.9285,42,0.14,1.0,21,0.135,0.9642,58,0
IWM190927C160,2019-09-20,2019-09-20 09:32:49,0.14,1.0,45,0.13,0.9285,42,0.14,1.0,21,0.135,0.9642,58,0
IWM190927C160,2019-09-20,2019-09-20 09:32:50,0.14,1.0,99,0.13,0.9285,42,0.14,1.0,21,0.135,0.9642,58,0
IWM190927C160,2019-09-20,2019-09-20 09:32:51,0.14,1.0,25,0.13,0.9285,42,0.14,1.0,21,0.135,0.9642,58,0
IWM190927C160,2019-09-20,2019-09-20 09:32:52,0.14,1.0,25,0.13,0.9285,42,0.14,1.0,21,0.135,0.9642,58,0
IWM190927C160,2019-09-20,2019-09-20 09:32:52,0.14,1.0,25,0.13,0.9285,465,0.14,1.0,21,0.135,0.9642,58,0
IWM190927C160,2019-09-20,2019-09-20 09:32:53,0.14,1.0,25,0.13,0.9285,770,0.14,1.0,21,0.135,0.9642,58,0
IWM190927C160,2019-09-20,2019-09-20 09:32:54,0.14,1.0,34,0.13,0.9285,703,0.14,1.0,21,0.135,0.9642,58,0
IWM190927C160,2019-09-20,2019-09-20 09:32:54,0.14,1.0,34,0.13,0.9285,770,0.14,1.0,21,0.135,0.9642,58,0
IWM190927C160,2019-09-20,2019-09-20 09:32:55,0.14,1.0,34,0.13,0.9285,678,0.14,1.0,21,0.135,0.9642,58,0
IWM190927C160,2019-09-20,2019-09-20 09:32:56,0.14,1.0,34,0.13,0.9285,763,0.14,1.0,21,0.135,0.9642,58,0
IWM190927C160,2019-09-20,2019-09-20 09:32:56,0.14,1.0,34,0.13,0.9285,678,0.14,1.0,21,0.135,0.9642,58,0
IWM190927C160,2019-09-20,2019-09-20 09:32:57,0.14,1.0,34,0.13,0.9285,678,0.14,1.0,21,0.135,0.9642,58,0
IWM190927C160,2019-09-20,2019-09-20 09:32:58,0.14,1.0,33,0.13,0.9285,678,0.14,1.0,21,0.135,0.9642,58,0
IWM190927C160,2019-09-20,2019-09-20 09:32:59,0.14,1.0,33,0.13,0.9285,323,0.14,1.0,21,0.135,0.9642,58,0
IWM190927C160,2019-09-20,2019-09-20 09:32:59,0.14,1.0,33,0.13,0.9285,732,0.14,1.0,21,0.135,0.9642,58,0
IWM190927C160,2019-09-20,2019-09-20 09:33:00,0.14,1.0,12,0.13,0.9285,827,0.14,1.0,21,0.135,0.9642,58,0
IWM190927C160,2019-09-20,2019-09-20 09:33:00,0.14,1.0,1,0.13,0.9285,837,0.14,1.0,21,0.135,0.9642,58,0
IWM190927C160,2019-09-20,2019-09-20 09:33:01,0.15,1.0714,440,0.13,0.9285,949,0.14,1.0,21,0.14,1.0,58,0
IWM190927C160,2019-09-20,2019-09-20 09:33:02,0.15,1.0714,670,0.14,1.0,20,0.14,1.0,21,0.145,1.0357,58,0
IWM190927C160,2019-09-20,2019-09-20 09:33:02,0.15,1.0714,440,0.14,1.0,20,0.14,1.0,21,0.145,1.0357,58,0
IWM190927C160,2019-09-20,2019-09-20 09:33:03,0.15,1.0714,350,0.14,1.0,20,0.14,1.0,21,0.145,1.0357,58,0
IWM190927C160,2019-09-20,2019-09-20 09:33:03,0.15,1.0714,262,0.14,1.0,20,0.14,1.0,21,0.145,1.0357,58,0
IWM190927C160,2019-09-20,2019-09-20 09:33:04,0.15,1.0714,350,0.14,1.0,20,0.14,1.0,21,0.145,1.0357,58,0
IWM190927C160,2019-09-20,2019-09-20 09:33:05,0.15,1.0714,229,0.14,1.0,1,0.14,1.0,21,0.145,1.0357,58,0
IWM190927C160,2019-09-20,2019-09-20 09:33:05,0.15,1.0714,350,0.14,1.0,2,0.14,1.0,21,0.145,1.0357,58,0
IWM190927C160,2019-09-20,2019-09-20 09:33:06,0.15,1.0714,239,0.14,1.0,11,0.14,1.0,21,0.145,1.0357,58,0
IWM190927C160,2019-09-20,2019-09-20 09:33:06,0.15,1.0714,239,0.14,1.0,1,0.14,1.0,21,0.145,1.0357,58,0
IWM190927C160,2019-09-20,2019-09-20 09:33:07,0.15,1.0714,239,0.14,1.0,10,0.14,1.0,21,0.145,1.0357,58,0
IWM190927C160,2019-09-20,2019-09-20 09:33:07,0.15,1.0714,219,0.14,1.0,10,0.14,1.0,21,0.145,1.0357,58,0
IWM190927C160,2019-09-20,2019-09-20 09:33:08,0.15,1.0714,239,0.14,1.0,10,0.14,1.0,21,0.145,1.0357,58,0
IWM190927C160,2019-09-20,2019-09-20 09:33:09,0.15,1.0714,238,0.14,1.0,20,0.14,1.0,21,0.145,1.0357,58,0
IWM190927C160,2019-09-20,2019-09-20 09:33:09,0.15,1.0714,238,0.14,1.0,10,0.14,1.0,21,0.145,1.0357,58,0
IWM190927C160,2019-09-20,2019-09-20 09:33:10,0.15,1.0714,382,0.14,1.0,20,0.14,1.0,21,0.145,1.0357,58,0
IWM190927C160,2019-09-20,2019-09-20 09:33:11,0.15,1.0714,382,0.14,1.0,20,0.14,1.0,21,0.145,1.0357,58,0
IWM190927C160,2019-09-20,2019-09-20 09:33:12,0.15,1.0714,382,0.14,1.0,30,0.14,1.0,21,0.145,1.0357,58,0
IWM190927C160,2019-09-20,2019-09-20 09:33:12,0.15,1.0714,201,0.14,1.0,20,0.14,1.0,21,0.145,1.0357,58,0
IWM190927C160,2019-09-20,2019-09-20 09:33:13,0.15,1.0714,481,0.14,1.0,20,0.14,1.0,21,0.145,1.0357,58,0
IWM190927C160,2019-09-20,2019-09-20 09:33:13,0.15,1.0714,485,0.14,1.0,20,0.14,1.0,21,0.145,1.0357,58,0
IWM190927C160,2019-09-20,2019-09-20 09:33:14,0.15,1.0714,593,0.14,1.0,20,0.14,1.0,21,0.145,1.0357,58,0
IWM190927C160,2019-09-20,2019-09-20 09:33:15,0.15,1.0714,593,0.14,1.0,20,0.14,1.0,21,0.145,1.0357,58,0
IWM190927C160,2019-09-20,2019-09-20 09:33:16,0.15,1.0714,583,0.14,1.0,20,0.14,1.0,21,0.145,1.0357,58,0
IWM190927C160,2019-09-20,2019-09-20 09:33:17,0.15,1.0714,573,0.14,1.0,20,0.14,1.0,21,0.145,1.0357,58,0
IWM190927C160,2019-09-20,2019-09-20 09:33:18,0.15,1.0714,608,0.14,1.0,20,0.14,1.0,21,0.145,1.0357,58,0
IWM190927C160,2019-09-20,2019-09-20 09:33:19,0.15,1.0714,618,0.14,1.0,20,0.14,1.0,21,0.145,1.0357,58,0
IWM190927C160,2019-09-20,2019-09-20 09:33:19,0.15,1.0714,598,0.14,1.0,20,0.14,1.0,21,0.145,1.0357,58,0
IWM190927C160,2019-09-20,2019-09-20 09:33:20,0.15,1.0714,598,0.14,1.0,20,0.14,1.0,21,0.145,1.0357,58,0
IWM190927C160,2019-09-20,2019-09-20 09:33:20,0.15,1.0714,352,0.14,1.0,20,0.14,1.0,21,0.145,1.0357,58,0
IWM190927C160,2019-09-20,2019-09-20 09:33:21,0.15,1.0714,465,0.14,1.0,20,0.14,1.0,21,0.145,1.0357,58,0
IWM190927C160,2019-09-20,2019-09-20 09:33:21,0.15,1.0714,230,0.14,1.0,20,0.14,1.0,21,0.145,1.0357,58,0
IWM190927C160,2019-09-20,2019-09-20 09:33:22,0.15,1.0714,352,0.14,1.0,20,0.14,1.0,21,0.145,1.0357,58,0
IWM190927C160,2019-09-20,2019-09-20 09:33:22,0.15,1.0714,465,0.14,1.0,20,0.14,1.0,21,0.145,1.0357,58,0
IWM190927C160,2019-09-20,2019-09-20 09:33:23,0.15,1.0714,565,0.14,1.0,20,0.14,1.0,21,0.145,1.0357,58,0
IWM190927C160,2019-09-20,2019-09-20 09:33:23,0.15,1.0714,585,0.14,1.0,20,0.14,1.0,21,0.145,1.0357,58,0
IWM190927C160,2019-09-20,2019-09-20 09:33:24,0.15,1.0714,575,0.14,1.0,2,0.14,1.0,21,0.145,1.0357,58,0
IWM190927C160,2019-09-20,2019-09-20 09:33:24,0.15,1.0714,468,0.14,1.0,20,0.14,1.0,21,0.145,1.0357,58,0
IWM190927C160,2019-09-20,2019-09-20 09:33:25,0.15,1.0714,575,0.14,1.0,20,0.14,1.0,21,0.145,1.0357,58,0
IWM190927C160,2019-09-20,2019-09-20 09:33:26,0.15,1.0714,355,0.14,1.0,20,0.14,1.0,21,0.145,1.0357,58,0
IWM190927C160,2019-09-20,2019-09-20 09:33:26,0.15,1.0714,575,0.14,1.0,20,0.14,1.0,21,0.145,1.0357,58,0
IWM190927C160,2019-09-20,2019-09-20 09:33:27,0.15,1.0714,406,0.14,1.0,20,0.14,1.0,21,0.145,1.0357,58,0
IWM190927C160,2019-09-20,2019-09-20 09:33:27,0.15,1.0714,577,0.14,1.0,20,0.14,1.0,21,0.145,1.0357,58,0
IWM190927C160,2019-09-20,2019-09-20 09:33:28,0.15,1.0714,245,0.14,1.0,20,0.14,1.0,21,0.145,1.0357,58,0
IWM190927C160,2019-09-20,2019-09-20 09:33:28,0.15,1.0714,245,0.14,1.0,1,0.14,1.0,21,0.145,1.0357,58,0
IWM190927C160,2019-09-20,2019-09-20 09:33:29,0.15,1.0714,590,0.14,1.0,20,0.14,1.0,21,0.145,1.0357,58,0
IWM190927C160,2019-09-20,2019-09-20 09:33:29,0.15,1.0714,595,0.13,0.9285,1502,0.14,1.0,21,0.14,1.0,58,0
IWM190927C160,2019-09-20,2019-09-20 09:33:30,0.15,1.0714,615,0.13,0.9285,1502,0.14,1.0,21,0.14,1.0,58,0
IWM190927C160,2019-09-20,2019-09-20 09:33:30,0.15,1.0714,615,0.14,1.0,80,0.14,1.0,21,0.145,1.0357,58,0
IWM190927C160,2019-09-20,2019-09-20 09:33:31,0.15,1.0714,605,0.14,1.0,52,0.14,1.0,21,0.145,1.0357,58,0
IWM190927C160,2019-09-20,2019-09-20 09:33:31,0.15,1.0714,615,0.14,1.0,52,0.14,1.0,21,0.145,1.0357,58,0
IWM190927C160,2019-09-20,2019-09-20 09:33:32,0.15,1.0714,615,0.14,1.0,52,0.14,1.0,21,0.145,1.0357,58,0
IWM190927C160,2019-09-20,2019-09-20 09:33:32,0.15,1.0714,605,0.14,1.0,52,0.14,1.0,21,0.145,1.0357,58,0
IWM190927C160,2019-09-20,2019-09-20 09:33:33,0.15,1.0714,605,0.14,1.0,52,0.14,1.0,21,0.145,1.0357,58,0
IWM190927C160,2019-09-20,2019-09-20 09:33:34,0.15,1.0714,605,0.14,1.0,80,0.14,1.0,21,0.145,1.0357,58,0
IWM190927C160,2019-09-20,2019-09-20 09:33:35,0.15,1.0714,615,0.14,1.0,80,0.14,1.0,21,0.145,1.0357,58,0
IWM190927C160,2019-09-20,2019-09-20 09:33:36,0.15,1.0714,615,0.14,1.0,80,0.14,1.0,21,0.145,1.0357,58,0
IWM190927C160,2019-09-20,2019-09-20 09:33:37,0.15,1.0714,615,0.14,1.0,80,0.14,1.0,21,0.145,1.0357,58,0
IWM190927C160,2019-09-20,2019-09-20 09:33:38,0.15,1.0714,605,0.14,1.0,80,0.14,1.0,21,0.145,1.0357,58,0
IWM190927C160,2019-09-20,2019-09-20 09:33:39,0.15,1.0714,306,0.14,1.0,80,0.14,1.0,21,0.145,1.0357,58,0
IWM190927C160,2019-09-20,2019-09-20 09:33:39,0.15,1.0714,605,0.14,1.0,80,0.14,1.0,21,0.145,1.0357,58,0
IWM190927C160,2019-09-20,2019-09-20 09:33:40,0.15,1.0714,306,0.14,1.0,52,0.14,1.0,21,0.145,1.0357,58,0
IWM190927C160,2019-09-20,2019-09-20 09:33:40,0.15,1.0714,306,0.14,1.0,80,0.14,1.0,21,0.145,1.0357,58,0
IWM190927C160,2019-09-20,2019-09-20 09:33:41,0.15,1.0714,306,0.14,1.0,80,0.14,1.0,21,0.145,1.0357,58,0
IWM190927C160,2019-09-20,2019-09-20 09:33:42,0.15,1.0714,257,0.14,1.0,80,0.14,1.0,21,0.145,1.0357,58,0
IWM190927C160,2019-09-20,2019-09-20 09:33:43,0.15,1.0714,257,0.14,1.0,80,0.14,1.0,21,0.145,1.0357,58,0
IWM190927C160,2019-09-20,2019-09-20 09:33:44,0.15,1.0714,257,0.14,1.0,80,0.14,1.0,21,0.145,1.0357,58,0
IWM190927C160,2019-09-20,2019-09-20 09:33:45,0.15,1.0714,257,0.14,1.0,80,0.14,1.0,21,0.145,1.0357,58,0
IWM190927C160,2019-09-20,2019-09-20 09:33:46,0.15,1.0714,257,0.14,1.0,80,0.14,1.0,21,0.145,1.0357,58,0
IWM190927C160,2019-09-20,2019-09-20 09:33:46,0.15,1.0714,257,0.14,1.0,52,0.14,1.0,21,0.145,1.0357,58,0
IWM190927C160,2019-09-20,2019-09-20 09:33:47,0.15,1.0714,350,0.14,1.0,80,0.14,1.0,21,0.145,1.0357,58,0
IWM190927C160,2019-09-20,2019-09-20 09:33:47,0.15,1.0714,350,0.14,1.0,52,0.14,1.0,21,0.145,1.0357,58,0
IWM190927C160,2019-09-20,2019-09-20 09:33:48,0.15,1.0714,247,0.14,1.0,80,0.14,1.0,21,0.145,1.0357,58,0
IWM190927C160,2019-09-20,2019-09-20 09:33:49,0.15,1.0714,243,0.14,1.0,52,0.14,1.0,21,0.145,1.0357,58,0
IWM190927C160,2019-09-20,2019-09-20 09:33:49,0.15,1.0714,243,0.14,1.0,80,0.14,1.0,21,0.145,1.0357,58,0
IWM190927C160,2019-09-20,2019-09-20 09:33:50,0.15,1.0714,243,0.14,1.0,80,0.14,1.0,21,0.145,1.0357,58,0
IWM190927C160,2019-09-20,2019-09-20 09:33:50,0.15,1.0714,233,0.14,1.0,80,0.14,1.0,21,0.145,1.0357,58,0
IWM190927C160,2019-09-20,2019-09-20 09:33:51,0.15,1.0714,243,0.14,1.0,80,0.14,1.0,21,0.145,1.0357,58,0
IWM190927C160,2019-09-20,2019-09-20 09:33:52,0.15,1.0714,243,0.14,1.0,80,0.14,1.0,21,0.145,1.0357,58,0
IWM190927C160,2019-09-20,2019-09-20 09:33:53,0.15,1.0714,243,0.14,1.0,80,0.14,1.0,21,0.145,1.0357,58,0
IWM190927C160,2019-09-20,2019-09-20 09:33:54,0.15,1.0714,281,0.14,1.0,80,0.14,1.0,21,0.145,1.0357,58,0
IWM190927C160,2019-09-20,2019-09-20 09:33:55,0.15,1.0714,281,0.14,1.0,80,0.14,1.0,21,0.145,1.0357,58,0
IWM190927C160,2019-09-20,2019-09-20 09:33:56,0.15,1.0714,281,0.14,1.0,80,0.14,1.0,21,0.145,1.0357,58,0
IWM190927C160,2019-09-20,2019-09-20 09:33:57,0.15,1.0714,281,0.14,1.0,80,0.14,1.0,21,0.145,1.0357,58,0
IWM190927C160,2019-09-20,2019-09-20 09:33:58,0.15,1.0714,131,0.14,1.0,106,0.14,1.0,21,0.145,1.0357,58,0
IWM190927C160,2019-09-20,2019-09-20 09:33:58,0.15,1.0714,281,0.14,1.0,80,0.14,1.0,21,0.145,1.0357,58,0
IWM190927C160,2019-09-20,2019-09-20 09:33:59,0.15,1.0714,180,0.14,1.0,189,0.14,1.0,21,0.145,1.0357,58,0
IWM190927C160,2019-09-20,2019-09-20 09:33:59,0.15,1.0714,143,0.14,1.0,120,0.14,1.0,21,0.145,1.0357,58,0
IWM190927C160,2019-09-20,2019-09-20 09:34:00,0.15,1.0714,180,0.14,1.0,189,0.14,1.0,21,0.145,1.0357,58,0
IWM190927C160,2019-09-20,2019-09-20 09:34:00,0.15,1.0714,131,0.14,1.0,333,0.15,1.0714,1,0.145,1.0357,59,1
IWM190927C160,2019-09-20,2019-09-20 09:34:01,0.16,1.1428,499,0.14,1.0,431,0.15,1.0714,1,0.15,1.0714,59,0
IWM190927C160,2019-09-20,2019-09-20 09:34:02,0.16,1.1428,892,0.14,1.0,303,0.15,1.0714,1,0.15,1.0714,59,0
IWM190927C160,2019-09-20,2019-09-20 09:34:02,0.16,1.1428,488,0.14,1.0,303,0.15,1.0714,1,0.15,1.0714,59,0
IWM190927C160,2019-09-20,2019-09-20 09:34:03,0.16,1.1428,902,0.14,1.0,870,0.15,1.0714,1,0.15,1.0714,59,0
IWM190927C160,2019-09-20,2019-09-20 09:34:03,0.16,1.1428,892,0.14,1.0,870,0.15,1.0714,1,0.15,1.0714,59,0
IWM190927C160,2019-09-20,2019-09-20 09:34:04,0.15,1.0714,16,0.14,1.0,786,0.15,1.0714,1,0.145,1.0357,59,0
IWM190927C160,2019-09-20,2019-09-20 09:34:04,0.15,1.0714,16,0.14,1.0,870,0.15,1.0714,1,0.145,1.0357,59,0
IWM190927C160,2019-09-20,2019-09-20 09:34:05,0.15,1.0714,16,0.14,1.0,786,0.15,1.0714,1,0.145,1.0357,59,0
IWM190927C160,2019-09-20,2019-09-20 09:34:05,0.15,1.0714,26,0.14,1.0,1040,0.15,1.0714,1,0.145,1.0357,59,0
IWM190927C160,2019-09-20,2019-09-20 09:34:06,0.15,1.0714,24,0.14,1.0,1040,0.15,1.0714,1,0.145,1.0357,59,0
IWM190927C160,2019-09-20,2019-09-20 09:34:06,0.16,1.1428,169,0.14,1.0,1381,0.15,1.0714,1,0.15,1.0714,59,0
IWM190927C160,2019-09-20,2019-09-20 09:34:07,0.16,1.1428,475,0.14,1.0,1065,0.15,1.0714,1,0.15,1.0714,59,0
IWM190927C160,2019-09-20,2019-09-20 09:34:07,0.15,1.0714,18,0.14,1.0,1021,0.15,1.0714,1,0.145,1.0357,59,0
IWM190927C160,2019-09-20,2019-09-20 09:34:08,0.16,1.1428,783,0.14,1.0,1072,0.15,1.0714,1,0.15,1.0714,59,0
IWM190927C160,2019-09-20,2019-09-20 09:34:08,0.16,1.1428,791,0.14,1.0,1065,0.15,1.0714,1,0.15,1.0714,59,0
IWM190927C160,2019-09-20,2019-09-20 09:34:09,0.15,1.0714,18,0.14,1.0,1053,0.15,1.0714,1,0.145,1.0357,59,0
IWM190927C160,2019-09-20,2019-09-20 09:34:09,0.16,1.1428,787,0.14,1.0,1065,0.15,1.0714,1,0.15,1.0714,59,0
IWM190927C160,2019-09-20,2019-09-20 09:34:10,0.15,1.0714,1,0.14,1.0,1065,0.15,1.0714,50,0.145,1.0357,109,50
IWM190927C160,2019-09-20,2019-09-20 09:34:10,0.16,1.1428,777,0.14,1.0,1065,0.15,1.0714,1,0.15,1.0714,59,0
IWM190927C160,2019-09-20,2019-09-20 09:34:11,0.16,1.1428,652,0.14,1.0,1098,0.15,1.0714,50,0.15,1.0714,109,0
IWM190927C160,2019-09-20,2019-09-20 09:34:11,0.16,1.1428,273,0.14,1.0,1220,0.15,1.0714,50,0.15,1.0714,109,0
IWM190927C160,2019-09-20,2019-09-20 09:34:12,0.16,1.1428,812,0.14,1.0,1208,0.15,1.0714,50,0.15,1.0714,109,0
IWM190927C160,2019-09-20,2019-09-20 09:34:12,0.16,1.1428,371,0.14,1.0,1220,0.15,1.0714,50,0.15,1.0714,109,0
IWM190927C160,2019-09-20,2019-09-20 09:34:13,0.16,1.1428,812,0.14,1.0,1208,0.15,1.0714,50,0.15,1.0714,109,0
IWM190927C160,2019-09-20,2019-09-20 09:34:14,0.16,1.1428,763,0.14,1.0,1262,0.15,1.0714,50,0.15,1.0714,109,0
IWM190927C160,2019-09-20,2019-09-20 09:34:14,0.16,1.1428,802,0.14,1.0,1218,0.15,1.0714,50,0.15,1.0714,109,0
IWM190927C160,2019-09-20,2019-09-20 09:34:15,0.16,1.1428,763,0.14,1.0,1262,0.15,1.0714,50,0.15,1.0714,109,0
IWM190927C160,2019-09-20,2019-09-20 09:34:16,0.16,1.1428,763,0.14,1.0,1262,0.15,1.0714,50,0.15,1.0714,109,0
IWM190927C160,2019-09-20,2019-09-20 09:34:17,0.16,1.1428,763,0.14,1.0,1262,0.15,1.0714,50,0.15,1.0714,109,0
IWM190927C160,2019-09-20,2019-09-20 09:34:18,0.16,1.1428,763,0.14,1.0,1262,0.15,1.0714,50,0.15,1.0714,109,0
IWM190927C160,2019-09-20,2019-09-20 09:34:19,0.16,1.1428,763,0.14,1.0,1262,0.15,1.0714,50,0.15,1.0714,109,0
IWM190927C160,2019-09-20,2019-09-20 09:34:20,0.16,1.1428,359,0.14,1.0,1130,0.15,1.0714,50,0.15,1.0714,109,0
IWM190927C160,2019-09-20,2019-09-20 09:34:20,0.16,1.1428,665,0.14,1.0,1367,0.15,1.0714,50,0.15,1.0714,109,0
IWM190927C160,2019-09-20,2019-09-20 09:34:21,0.16,1.1428,573,0.14,1.0,1398,0.15,1.0714,50,0.15,1.0714,109,0
IWM190927C160,2019-09-20,2019-09-20 09:34:21,0.16,1.1428,583,0.14,1.0,1388,0.15,1.0714,50,0.15,1.0714,109,0
IWM190927C160,2019-09-20,2019-09-20 09:34:22,0.16,1.1428,573,0.14,1.0,1398,0.15,1.0714,50,0.15,1.0714,109,0
IWM190927C160,2019-09-20,2019-09-20 09:34:22,0.16,1.1428,593,0.14,1.0,1398,0.15,1.0714,50,0.15,1.0714,109,0
IWM190927C160,2019-09-20,2019-09-20 09:34:23,0.16,1.1428,593,0.14,1.0,1398,0.15,1.0714,50,0.15,1.0714,109,0
IWM190927C160,2019-09-20,2019-09-20 09:34:24,0.16,1.1428,583,0.14,1.0,1398,0.15,1.0714,50,0.15,1.0714,109,0
IWM190927C160,2019-09-20,2019-09-20 09:34:25,0.16,1.1428,583,0.14,1.0,1398,0.15,1.0714,50,0.15,1.0714,109,0
IWM190927C160,2019-09-20,2019-09-20 09:34:25,0.16,1.1428,494,0.14,1.0,1460,0.15,1.0714,50,0.15,1.0714,109,0
IWM190927C160,2019-09-20,2019-09-20 09:34:26,0.16,1.1428,24,0.14,1.0,1349,0.15,1.0714,50,0.15,1.0714,109,0
IWM190927C160,2019-09-20,2019-09-20 09:34:26,0.16,1.1428,229,0.14,1.0,1462,0.15,1.0714,50,0.15,1.0714,109,0
IWM190927C160,2019-09-20,2019-09-20 09:34:27,0.16,1.1428,517,0.14,1.0,1285,0.15,1.0714,50,0.15,1.0714,109,0
IWM190927C160,2019-09-20,2019-09-20 09:34:27,0.16,1.1428,370,0.14,1.0,1421,0.15,1.0714,50,0.15,1.0714,109,0
IWM190927C160,2019-09-20,2019-09-20 09:34:28,0.16,1.1428,118,0.14,1.0,1501,0.15,1.0714,50,0.15,1.0714,109,0
IWM190927C160,2019-09-20,2019-09-20 09:34:28,0.16,1.1428,507,0.14,1.0,1285,0.15,1.0714,50,0.15,1.0714,109,0
IWM190927C160,2019-09-20,2019-09-20 09:34:29,0.16,1.1428,30,0.14,1.0,1491,0.15,1.0714,50,0.15,1.0714,109,0
IWM190927C160,2019-09-20,2019-09-20 09:34:29,0.16,1.1428,118,0.14,1.0,1501,0.15,1.0714,50,0.15,1.0714,109,0
IWM190927C160,2019-09-20,2019-09-20 09:34:30,0.16,1.1428,10,0.14,1.0,1491,0.15,1.0714,50,0.15,1.0714,109,0
IWM190927C160,2019-09-20,2019-09-20 09:34:30,0.16,1.1428,20,0.14,1.0,1491,0.15,1.0714,50,0.15,1.0714,109,0
IWM190927C160,2019-09-20,2019-09-20 09:34:31,0.16,1.1428,371,0.14,1.0,1474,0.15,1.0714,50,0.15,1.0714,109,0
IWM190927C160,2019-09-20,2019-09-20 09:34:31,0.16,1.1428,258,0.14,1.0,1449,0.15,1.0714,50,0.15,1.0714,109,0
IWM190927C160,2019-09-20,2019-09-20 09:34:32,0.16,1.1428,507,0.14,1.0,1462,0.15,1.0714,50,0.15,1.0714,109,0
IWM190927C160,2019-09-20,2019-09-20 09:34:32,0.16,1.1428,100,0.14,1.0,1491,0.15,1.0714,50,0.15,1.0714,109,0
IWM190927C160,2019-09-20,2019-09-20 09:34:33,0.16,1.1428,507,0.14,1.0,1462,0.15,1.0714,50,0.15,1.0714,109,0
IWM190927C160,2019-09-20,2019-09-20 09:34:34,0.16,1.1428,507,0.14,1.0,1462,0.15,1.0714,50,0.15,1.0714,109,0
IWM190927C160,2019-09-20,2019-09-20 09:34:34,0.16,1.1428,477,0.14,1.0,1462,0.15,1.0714,50,0.15,1.0714,109,0
IWM190927C160,2019-09-20,2019-09-20 09:34:35,0.16,1.1428,477,0.14,1.0,1462,0.15,1.0714,50,0.15,1.0714,109,0
IWM190927C160,2019-09-20,2019-09-20 09:34:35,0.16,1.1428,477,0.14,1.0,874,0.15,1.0714,50,0.15,1.0714,109,0
IWM190927C160,2019-09-20,2019-09-20 09:34:36,0.16,1.1428,128,0.14,1.0,879,0.15,1.0714,50,0.15,1.0714,109,0
IWM190927C160,2019-09-20,2019-09-20 09:34:36,0.16,1.1428,241,0.14,1.0,978,0.15,1.0714,50,0.15,1.0714,109,0
IWM190927C160,2019-09-20,2019-09-20 09:34:37,0.15,1.0714,1,0.14,1.0,889,0.15,1.0714,50,0.145,1.0357,109,0
IWM190927C160,2019-09-20,2019-09-20 09:34:37,0.16,1.1428,254,0.14,1.0,907,0.15,1.0714,50,0.15,1.0714,109,0
IWM190927C160,2019-09-20,2019-09-20 09:34:38,0.16,1.1428,405,0.14,1.0,1040,0.15,1.0714,50,0.15,1.0714,109,0
IWM190927C160,2019-09-20,2019-09-20 09:34:39,0.16,1.1428,420,0.14,1.0,1040,0.15,1.0714,50,0.15,1.0714,109,0
IWM190927C160,2019-09-20,2019-09-20 09:34:40,0.16,1.1428,265,0.14,1.0,233,0.15,1.0714,50,0.15,1.0714,109,0
IWM190927C160,2019-09-20,2019-09-20 09:34:40,0.16,1.1428,470,0.14,1.0,507,0.15,1.0714,50,0.15,1.0714,109,0
IWM190927C160,2019-09-20,2019-09-20 09:34:41,0.16,1.1428,189,0.14,1.0,272,0.15,1.0714,50,0.15,1.0714,109,0
IWM190927C160,2019-09-20,2019-09-20 09:34:41,0.16,1.1428,288,0.14,1.0,272,0.15,1.0714,50,0.15,1.0714,109,0
IWM190927C160,2019-09-20,2019-09-20 09:34:42,0.16,1.1428,500,0.14,1.0,304,0.15,1.0714,50,0.15,1.0714,109,0
IWM190927C160,2019-09-20,2019-09-20 09:34:42,0.16,1.1428,500,0.14,1.0,272,0.15,1.0714,50,0.15,1.0714,109,0
IWM190927C160,2019-09-20,2019-09-20 09:34:43,0.16,1.1428,500,0.14,1.0,304,0.15,1.0714,50,0.15,1.0714,109,0
IWM190927C160,2019-09-20,2019-09-20 09:34:44,0.16,1.1428,740,0.14,1.0,272,0.15,1.0714,50,0.15,1.0714,109,0
IWM190927C160,2019-09-20,2019-09-20 09:34:44,0.16,1.1428,881,0.14,1.0,516,0.15,1.0714,50,0.15,1.0714,109,0
IWM190927C160,2019-09-20,2019-09-20 09:34:45,0.16,1.1428,881,0.14,1.0,516,0.15,1.0714,50,0.15,1.0714,109,0
IWM190927C160,2019-09-20,2019-09-20 09:34:46,0.16,1.1428,881,0.14,1.0,516,0.15,1.0714,50,0.15,1.0714,109,0
IWM190927C160,2019-09-20,2019-09-20 09:34:47,0.16,1.1428,857,0.14,1.0,540,0.15,1.0714,50,0.15,1.0714,109,0
IWM190927C160,2019-09-20,2019-09-20 09:34:47,0.16,1.1428,986,0.14,1.0,516,0.15,1.0714,50,0.15,1.0714,109,0
IWM190927C160,2019-09-20,2019-09-20 09:34:48,0.16,1.1428,843,0.14,1.0,560,0.15,1.0714,50,0.15,1.0714,109,0
IWM190927C160,2019-09-20,2019-09-20 09:34:48,0.16,1.1428,735,0.14,1.0,841,0.15,1.0714,50,0.15,1.0714,109,0
IWM190927C160,2019-09-20,2019-09-20 09:34:49,0.16,1.1428,735,0.14,1.0,841,0.15,1.0714,50,0.15,1.0714,109,0
IWM190927C160,2019-09-20,2019-09-20 09:34:50,0.16,1.1428,735,0.14,1.0,969,0.15,1.0714,50,0.15,1.0714,109,0
IWM190927C160,2019-09-20,2019-09-20 09:34:51,0.16,1.1428,725,0.14,1.0,959,0.15,1.0714,50,0.15,1.0714,109,0
IWM190927C160,2019-09-20,2019-09-20 09:34:51,0.16,1.1428,735,0.14,1.0,969,0.15,1.0714,50,0.15,1.0714,109,0
IWM190927C160,2019-09-20,2019-09-20 09:34:52,0.16,1.1428,715,0.14,1.0,949,0.15,1.0714,50,0.15,1.0714,109,0
IWM190927C160,2019-09-20,2019-09-20 09:34:53,0.16,1.1428,745,0.14,1.0,959,0.15,1.0714,50,0.15,1.0714,109,0
IWM190927C160,2019-09-20,2019-09-20 09:34:54,0.16,1.1428,784,0.14,1.0,959,0.15,1.0714,50,0.15,1.0714,109,0
IWM190927C160,2019-09-20,2019-09-20 09:34:54,0.16,1.1428,902,0.14,1.0,959,0.15,1.0714,50,0.15,1.0714,109,0
IWM190927C160,2019-09-20,2019-09-20 09:34:55,0.16,1.1428,689,0.14,1.0,1031,0.15,1.0714,50,0.15,1.0714,109,0
IWM190927C160,2019-09-20,2019-09-20 09:34:56,0.16,1.1428,523,0.14,1.0,950,0.15,1.0714,50,0.15,1.0714,109,0
IWM190927C160,2019-09-20,2019-09-20 09:34:57,0.16,1.1428,518,0.14,1.0,964,0.15,1.0714,50,0.15,1.0714,109,0
IWM190927C160,2019-09-20,2019-09-20 09:34:58,0.16,1.1428,366,0.14,1.0,964,0.15,1.0714,50,0.15,1.0714,109,0
IWM190927C160,2019-09-20,2019-09-20 09:34:58,0.16,1.1428,676,0.14,1.0,759,0.15,1.0714,50,0.15,1.0714,109,0
IWM190927C160,2019-09-20,2019-09-20 09:34:59,0.16,1.1428,669,0.14,1.0,734,0.15,1.0714,50,0.15,1.0714,109,0
IWM190927C160,2019-09-20,2019-09-20 09:34:59,0.16,1.1428,676,0.14,1.0,754,0.15,1.0714,50,0.15,1.0714,109,0
IWM190927C160,2019-09-20,2019-09-20 09:35:00,0.16,1.1428,617,0.14,1.0,900,0.15,1.0714,50,0.15,1.0714,109,0
IWM190927C160,2019-09-20,2019-09-20 09:35:01,0.16,1.1428,597,0.14,1.0,945,0.15,1.0714,50,0.15,1.0714,109,0
IWM190927C160,2019-09-20,2019-09-20 09:35:02,0.16,1.1428,597,0.14,1.0,945,0.15,1.0714,50,0.15,1.0714,109,0
IWM190927C160,2019-09-20,2019-09-20 09:35:02,0.16,1.1428,768,0.14,1.0,945,0.15,1.0714,50,0.15,1.0714,109,0
IWM190927C160,2019-09-20,2019-09-20 09:35:03,0.16,1.1428,578,0.14,1.0,908,0.15,1.0714,50,0.15,1.0714,109,0
IWM190927C160,2019-09-20,2019-09-20 09:35:03,0.16,1.1428,597,0.14,1.0,945,0.15,1.0714,50,0.15,1.0714,109,0
IWM190927C160,2019-09-20,2019-09-20 09:35:04,0.16,1.1428,578,0.14,1.0,908,0.15,1.0714,50,0.15,1.0714,109,0
IWM190927C160,2019-09-20,2019-09-20 09:35:05,0.16,1.1428,150,0.14,1.0,908,0.15,1.0714,50,0.15,1.0714,109,0
IWM190927C160,2019-09-20,2019-09-20 09:35:05,0.16,1.1428,578,0.14,1.0,908,0.15,1.0714,50,0.15,1.0714,109,0
IWM190927C160,2019-09-20,2019-09-20 09:35:06,0.16,1.1428,289,0.14,1.0,309,0.15,1.0714,50,0.15,1.0714,109,0
IWM190927C160,2019-09-20,2019-09-20 09:35:06,0.16,1.1428,286,0.14,1.0,300,0.15,1.0714,50,0.15,1.0714,109,0
IWM190927C160,2019-09-20,2019-09-20 09:35:07,0.16,1.1428,423,0.15,1.0714,52,0.15,1.0714,50,0.155,1.1071,109,0
IWM190927C160,2019-09-20,2019-09-20 09:35:07,0.16,1.1428,286,0.15,1.0714,52,0.15,1.0714,50,0.155,1.1071,109,0
IWM190927C160,2019-09-20,2019-09-20 09:35:08,0.16,1.1428,460,0.15,1.0714,52,0.15,1.0714,50,0.155,1.1071,109,0
IWM190927C160,2019-09-20,2019-09-20 09:35:09,0.16,1.1428,1056,0.15,1.0714,52,0.15,1.0714,50,0.155,1.1071,109,0
IWM190927C160,2019-09-20,2019-09-20 09:35:09,0.16,1.1428,1086,0.15,1.0714,52,0.15,1.0714,50,0.155,1.1071,109,0
IWM190927C160,2019-09-20,2019-09-20 09:35:10,0.16,1.1428,1086,0.15,1.0714,54,0.15,1.0714,50,0.155,1.1071,109,0
IWM190927C160,2019-09-20,2019-09-20 09:35:10,0.16,1.1428,1093,0.15,1.0714,54,0.15,1.0714,50,0.155,1.1071,109,0
IWM190927C160,2019-09-20,2019-09-20 09:35:11,0.16,1.1428,544,0.15,1.0714,54,0.15,1.0714,50,0.155,1.1071,109,0
IWM190927C160,2019-09-20,2019-09-20 09:35:11,0.16,1.1428,1093,0.15,1.0714,54,0.15,1.0714,50,0.155,1.1071,109,0
IWM190927C160,2019-09-20,2019-09-20 09:35:12,0.16,1.1428,1126,0.15,1.0714,54,0.15,1.0714,50,0.155,1.1071,109,0
IWM190927C160,2019-09-20,2019-09-20 09:35:13,0.16,1.1428,1126,0.15,1.0714,52,0.15,1.0714,50,0.155,1.1071,109,0
IWM190927C160,2019-09-20,2019-09-20 09:35:13,0.16,1.1428,1126,0.15,1.0714,54,0.15,1.0714,50,0.155,1.1071,109,0
IWM190927C160,2019-09-20,2019-09-20 09:35:14,0.16,1.1428,1126,0.15,1.0714,52,0.15,1.0714,50,0.155,1.1071,109,0
IWM190927C160,2019-09-20,2019-09-20 09:35:15,0.16,1.1428,1126,0.15,1.0714,52,0.15,1.0714,50,0.155,1.1071,109,0
IWM190927C160,2019-09-20,2019-09-20 09:35:16,0.16,1.1428,1116,0.15,1.0714,52,0.15,1.0714,50,0.155,1.1071,109,0
IWM190927C160,2019-09-20,2019-09-20 09:35:16,0.16,1.1428,1126,0.15,1.0714,52,0.15,1.0714,50,0.155,1.1071,109,0
IWM190927C160,2019-09-20,2019-09-20 09:35:17,0.16,1.1428,1126,0.15,1.0714,54,0.15,1.0714,50,0.155,1.1071,109,0
IWM190927C160,2019-09-20,2019-09-20 09:35:18,0.16,1.1428,1147,0.15,1.0714,52,0.15,1.0714,50,0.155,1.1071,109,0
IWM190927C160,2019-09-20,2019-09-20 09:35:18,0.16,1.1428,1126,0.15,1.0714,52,0.15,1.0714,50,0.155,1.1071,109,0
IWM190927C160,2019-09-20,2019-09-20 09:35:19,0.16,1.1428,1147,0.15,1.0714,52,0.15,1.0714,50,0.155,1.1071,109,0
IWM190927C160,2019-09-20,2019-09-20 09:35:20,0.16,1.1428,1147,0.15,1.0714,54,0.15,1.0714,50,0.155,1.1071,109,0
IWM190927C160,2019-09-20,2019-09-20 09:35:20,0.16,1.1428,1147,0.15,1.0714,52,0.15,1.0714,50,0.155,1.1071,109,0
IWM190927C160,2019-09-20,2019-09-20 09:35:21,0.16,1.1428,1157,0.15,1.0714,54,0.15,1.0714,50,0.155,1.1071,109,0
IWM190927C160,2019-09-20,2019-09-20 09:35:21,0.16,1.1428,1147,0.15,1.0714,54,0.15,1.0714,50,0.155,1.1071,109,0
IWM190927C160,2019-09-20,2019-09-20 09:35:22,0.16,1.1428,1157,0.15,1.0714,54,0.15,1.0714,50,0.155,1.1071,109,0
IWM190927C160,2019-09-20,2019-09-20 09:35:23,0.16,1.1428,1157,0.15,1.0714,54,0.15,1.0714,50,0.155,1.1071,109,0
IWM190927C160,2019-09-20,2019-09-20 09:35:24,0.16,1.1428,1157,0.15,1.0714,54,0.15,1.0714,50,0.155,1.1071,109,0
IWM190927C160,2019-09-20,2019-09-20 09:35:24,0.16,1.1428,1436,0.15,1.0714,54,0.15,1.0714,50,0.155,1.1071,109,0
IWM190927C160,2019-09-20,2019-09-20 09:35:25,0.16,1.1428,1343,0.15,1.0714,54,0.15,1.0714,50,0.155,1.1071,109,0
IWM190927C160,2019-09-20,2019-09-20 09:35:26,0.16,1.1428,1343,0.15,1.0714,54,0.15,1.0714,50,0.155,1.1071,109,0
IWM190927C160,2019-09-20,2019-09-20 09:35:27,0.16,1.1428,1343,0.15,1.0714,54,0.15,1.0714,50,0.155,1.1071,109,0
IWM190927C160,2019-09-20,2019-09-20 09:35:28,0.16,1.1428,1343,0.15,1.0714,54,0.15,1.0714,50,0.155,1.1071,109,0
IWM190927C160,2019-09-20,2019-09-20 09:35:29,0.16,1.1428,1343,0.15,1.0714,54,0.15,1.0714,50,0.155,1.1071,109,0
IWM190927C160,2019-09-20,2019-09-20 09:35:29,0.16,1.1428,1323,0.15,1.0714,54,0.15,1.0714,50,0.155,1.1071,109,0
IWM190927C160,2019-09-20,2019-09-20 09:35:30,0.16,1.1428,1323,0.15,1.0714,54,0.15,1.0714,50,0.155,1.1071,109,0
IWM190927C160,2019-09-20,2019-09-20 09:35:31,0.16,1.1428,1323,0.15,1.0714,54,0.15,1.0714,50,0.155,1.1071,109,0
IWM190927C160,2019-09-20,2019-09-20 09:35:32,0.16,1.1428,1333,0.15,1.0714,52,0.15,1.0714,50,0.155,1.1071,109,0
IWM190927C160,2019-09-20,2019-09-20 09:35:32,0.16,1.1428,1323,0.15,1.0714,54,0.15,1.0714,50,0.155,1.1071,109,0
IWM190927C160,2019-09-20,2019-09-20 09:35:33,0.16,1.1428,1343,0.15,1.0714,52,0.15,1.0714,50,0.155,1.1071,109,0
IWM190927C160,2019-09-20,2019-09-20 09:35:34,0.16,1.1428,1343,0.15,1.0714,52,0.15,1.0714,50,0.155,1.1071,109,0
IWM190927C160,2019-09-20,2019-09-20 09:35:35,0.16,1.1428,1361,0.15,1.0714,52,0.15,1.0714,50,0.155,1.1071,109,0
IWM190927C160,2019-09-20,2019-09-20 09:35:35,0.16,1.1428,1436,0.15,1.0714,52,0.15,1.0714,50,0.155,1.1071,109,0
IWM190927C160,2019-09-20,2019-09-20 09:35:36,0.16,1.1428,1436,0.15,1.0714,54,0.15,1.0714,50,0.155,1.1071,109,0
IWM190927C160,2019-09-20,2019-09-20 09:35:36,0.16,1.1428,1436,0.15,1.0714,52,0.15,1.0714,50,0.155,1.1071,109,0
IWM190927C160,2019-09-20,2019-09-20 09:35:37,0.16,1.1428,1436,0.15,1.0714,52,0.15,1.0714,50,0.155,1.1071,109,0
IWM190927C160,2019-09-20,2019-09-20 09:35:38,0.16,1.1428,1436,0.15,1.0714,52,0.15,1.0714,50,0.155,1.1071,109,0
IWM190927C160,2019-09-20,2019-09-20 09:35:38,0.16,1.1428,791,0.15,1.0714,52,0.15,1.0714,5,0.155,1.1071,124,15
IWM190927C160,2019-09-20,2019-09-20 09:35:39,0.16,1.1428,1410,0.15,1.0714,52,0.15,1.0714,5,0.155,1.1071,124,0
IWM190927C160,2019-09-20,2019-09-20 09:35:39,0.16,1.1428,1325,0.15,1.0714,52,0.15,1.0714,5,0.155,1.1071,124,0
IWM190927C160,2019-09-20,2019-09-20 09:35:40,0.16,1.1428,1390,0.15,1.0714,52,0.15,1.0714,5,0.155,1.1071,124,0
IWM190927C160,2019-09-20,2019-09-20 09:35:41,0.16,1.1428,1390,0.15,1.0714,52,0.15,1.0714,5,0.155,1.1071,124,0
IWM190927C160,2019-09-20,2019-09-20 09:35:42,0.16,1.1428,1922,0.15,1.0714,52,0.15,1.0714,5,0.155,1.1071,124,0
IWM190927C160,2019-09-20,2019-09-20 09:35:42,0.16,1.1428,1487,0.15,1.0714,52,0.15,1.0714,5,0.155,1.1071,124,0
IWM190927C160,2019-09-20,2019-09-20 09:35:43,0.16,1.1428,1922,0.15,1.0714,52,0.15,1.0714,5,0.155,1.1071,124,0
IWM190927C160,2019-09-20,2019-09-20 09:35:44,0.16,1.1428,1922,0.15,1.0714,52,0.15,1.0714,5,0.155,1.1071,124,0
IWM190927C160,2019-09-20,2019-09-20 09:35:45,0.16,1.1428,1957,0.15,1.0714,52,0.15,1.0714,5,0.155,1.1071,124,0
IWM190927C160,2019-09-20,2019-09-20 09:35:45,0.16,1.1428,1431,0.15,1.0714,52,0.15,1.0714,5,0.155,1.1071,124,0
IWM190927C160,2019-09-20,2019-09-20 09:35:46,0.15,1.0714,376,0.13,0.9285,975,0.15,1.0714,36,0.14,1.0,161,0
IWM190927C160,2019-09-20,2019-09-20 09:35:46,0.15,1.0714,24,0.13,0.9285,802,0.15,1.0714,36,0.14,1.0,161,37
IWM190927C160,2019-09-20,2019-09-20 09:35:47,0.15,1.0714,316,0.13,0.9285,954,0.15,1.0714,36,0.14,1.0,161,0
IWM190927C160,2019-09-20,2019-09-20 09:35:47,0.15,1.0714,204,0.13,0.9285,942,0.15,1.0714,36,0.14,1.0,161,0
IWM190927C160,2019-09-20,2019-09-20 09:35:48,0.15,1.0714,250,0.13,0.9285,433,0.15,1.0714,36,0.14,1.0,161,0
IWM190927C160,2019-09-20,2019-09-20 09:35:48,0.15,1.0714,33,0.13,0.9285,1005,0.15,1.0714,36,0.14,1.0,161,0
IWM190927C160,2019-09-20,2019-09-20 09:35:49,0.15,1.0714,528,0.13,0.9285,980,0.15,1.0714,36,0.14,1.0,161,0
IWM190927C160,2019-09-20,2019-09-20 09:35:50,0.15,1.0714,760,0.13,0.9285,1006,0.15,1.0714,36,0.14,1.0,161,0
IWM190927C160,2019-09-20,2019-09-20 09:35:50,0.15,1.0714,558,0.13,0.9285,1006,0.15,1.0714,36,0.14,1.0,161,0
IWM190927C160,2019-09-20,2019-09-20 09:35:51,0.15,1.0714,441,0.13,0.9285,656,0.15,1.0714,36,0.14,1.0,161,0
IWM190927C160,2019-09-20,2019-09-20 09:35:51,0.15,1.0714,684,0.13,0.9285,991,0.15,1.0714,36,0.14,1.0,161,0
IWM190927C160,2019-09-20,2019-09-20 09:35:52,0.15,1.0714,684,0.13,0.9285,931,0.15,1.0714,36,0.14,1.0,161,0
IWM190927C160,2019-09-20,2019-09-20 09:35:53,0.15,1.0714,684,0.13,0.9285,931,0.15,1.0714,36,0.14,1.0,161,0
IWM190927C160,2019-09-20,2019-09-20 09:35:54,0.15,1.0714,684,0.13,0.9285,931,0.15,1.0714,36,0.14,1.0,161,0
IWM190927C160,2019-09-20,2019-09-20 09:35:54,0.14,1.0,10,0.13,0.9285,101,0.15,1.0714,36,0.135,0.9642,161,0
IWM190927C160,2019-09-20,2019-09-20 09:35:55,0.14,1.0,10,0.13,0.9285,559,0.15,1.0714,36,0.135,0.9642,161,0
IWM190927C160,2019-09-20,2019-09-20 09:35:55,0.14,1.0,10,0.13,0.9285,565,0.15,1.0714,36,0.135,0.9642,161,0
IWM190927C160,2019-09-20,2019-09-20 09:35:56,0.14,1.0,10,0.13,0.9285,653,0.15,1.0714,36,0.135,0.9642,161,0
IWM190927C160,2019-09-20,2019-09-20 09:35:57,0.14,1.0,10,0.13,0.9285,653,0.15,1.0714,36,0.135,0.9642,161,0
IWM190927C160,2019-09-20,2019-09-20 09:35:58,0.14,1.0,1,0.13,0.9285,1304,0.15,1.0714,36,0.135,0.9642,161,0
IWM190927C160,2019-09-20,2019-09-20 09:35:58,0.14,1.0,10,0.13,0.9285,900,0.15,1.0714,36,0.135,0.9642,161,0
IWM190927C160,2019-09-20,2019-09-20 09:35:59,0.14,1.0,1,0.13,0.9285,1015,0.15,1.0714,36,0.135,0.9642,161,0
IWM190927C160,2019-09-20,2019-09-20 09:36:00,0.15,1.0714,248,0.13,0.9285,1008,0.15,1.0714,36,0.14,1.0,161,0
IWM190927C160,2019-09-20,2019-09-20 09:36:01,0.15,1.0714,356,0.13,0.9285,1018,0.15,1.0714,36,0.14,1.0,161,0
IWM190927C160,2019-09-20,2019-09-20 09:36:02,0.15,1.0714,356,0.13,0.9285,1019,0.15,1.0714,36,0.14,1.0,161,0
IWM190927C160,2019-09-20,2019-09-20 09:36:03,0.15,1.0714,220,0.13,0.9285,1019,0.15,1.0714,36,0.14,1.0,161,0
IWM190927C160,2019-09-20,2019-09-20 09:36:03,0.14,1.0,6,0.13,0.9285,1019,0.15,1.0714,36,0.135,0.9642,161,0
IWM190927C160,2019-09-20,2019-09-20 09:36:04,0.14,1.0,6,0.13,0.9285,1009,0.14,1.0,2,0.135,0.9642,163,2
IWM190927C160,2019-09-20,2019-09-20 09:36:04,0.14,1.0,6,0.13,0.9285,1019,0.15,1.0714,36,0.135,0.9642,161,0
IWM190927C160,2019-09-20,2019-09-20 09:36:05,0.14,1.0,6,0.13,0.9285,1307,0.14,1.0,2,0.135,0.9642,163,0
IWM190927C160,2019-09-20,2019-09-20 09:36:05,0.14,1.0,10,0.13,0.9285,807,0.14,1.0,2,0.135,0.9642,163,0
IWM190927C160,2019-09-20,2019-09-20 09:36:06,0.14,1.0,20,0.13,0.9285,1084,0.14,1.0,2,0.135,0.9642,163,0
IWM190927C160,2019-09-20,2019-09-20 09:36:06,0.14,1.0,10,0.13,0.9285,1360,0.14,1.0,2,0.135,0.9642,163,0
IWM190927C160,2019-09-20,2019-09-20 09:36:07,0.14,1.0,4,0.13,0.9285,1084,0.14,1.0,2,0.135,0.9642,163,0
IWM190927C160,2019-09-20,2019-09-20 09:36:07,0.14,1.0,32,0.13,0.9285,1084,0.14,1.0,2,0.135,0.9642,163,0
IWM190927C160,2019-09-20,2019-09-20 09:36:08,0.14,1.0,4,0.13,0.9285,1084,0.14,1.0,2,0.135,0.9642,163,0
IWM190927C160,2019-09-20,2019-09-20 09:36:08,0.14,1.0,4,0.13,0.9285,1094,0.14,1.0,2,0.135,0.9642,163,0
IWM190927C160,2019-09-20,2019-09-20 09:36:09,0.14,1.0,4,0.13,0.9285,1094,0.14,1.0,2,0.135,0.9642,163,0
IWM190927C160,2019-09-20,2019-09-20 09:36:10,0.14,1.0,4,0.13,0.9285,1094,0.14,1.0,2,0.135,0.9642,163,0
IWM190927C160,2019-09-20,2019-09-20 09:36:11,0.14,1.0,4,0.13,0.9285,1094,0.14,1.0,2,0.135,0.9642,163,0
IWM190927C160,2019-09-20,2019-09-20 09:36:12,0.14,1.0,4,0.13,0.9285,981,0.14,1.0,2,0.135,0.9642,163,0
IWM190927C160,2019-09-20,2019-09-20 09:36:12,0.14,1.0,23,0.13,0.9285,981,0.14,1.0,2,0.135,0.9642,163,0
IWM190927C160,2019-09-20,2019-09-20 09:36:13,0.14,1.0,23,0.13,0.9285,981,0.14,1.0,2,0.135,0.9642,163,0
IWM190927C160,2019-09-20,2019-09-20 09:36:14,0.14,1.0,23,0.13,0.9285,526,0.14,1.0,2,0.135,0.9642,163,0
IWM190927C160,2019-09-20,2019-09-20 09:36:14,0.14,1.0,23,0.13,0.9285,603,0.14,1.0,2,0.135,0.9642,163,0
IWM190927C160,2019-09-20,2019-09-20 09:36:15,0.14,1.0,23,0.13,0.9285,526,0.14,1.0,2,0.135,0.9642,163,0
IWM190927C160,2019-09-20,2019-09-20 09:36:16,0.14,1.0,23,0.13,0.9285,526,0.14,1.0,2,0.135,0.9642,163,0
IWM190927C160,2019-09-20,2019-09-20 09:36:16,0.14,1.0,36,0.13,0.9285,526,0.14,1.0,2,0.135,0.9642,163,0
IWM190927C160,2019-09-20,2019-09-20 09:36:17,0.14,1.0,36,0.13,0.9285,526,0.14,1.0,2,0.135,0.9642,163,0
IWM190927C160,2019-09-20,2019-09-20 09:36:18,0.14,1.0,36,0.13,0.9285,881,0.14,1.0,2,0.135,0.9642,163,0
IWM190927C160,2019-09-20,2019-09-20 09:36:19,0.14,1.0,36,0.13,0.9285,881,0.14,1.0,2,0.135,0.9642,163,0
IWM190927C160,2019-09-20,2019-09-20 09:36:20,0.14,1.0,66,0.13,0.9285,45,0.14,1.0,2,0.135,0.9642,163,0
IWM190927C160,2019-09-20,2019-09-20 09:36:20,0.14,1.0,81,0.13,0.9285,881,0.14,1.0,2,0.135,0.9642,163,0
IWM190927C160,2019-09-20,2019-09-20 09:36:21,0.14,1.0,66,0.13,0.9285,45,0.14,1.0,2,0.135,0.9642,163,0
IWM190927C160,2019-09-20,2019-09-20 09:36:22,0.14,1.0,146,0.13,0.9285,45,0.14,1.0,2,0.135,0.9642,163,0
IWM190927C160,2019-09-20,2019-09-20 09:36:22,0.14,1.0,180,0.13,0.9285,45,0.14,1.0,2,0.135,0.9642,163,0
IWM190927C160,2019-09-20,2019-09-20 09:36:23,0.14,1.0,180,0.13,0.9285,45,0.14,1.0,2,0.135,0.9642,163,0
IWM190927C160,2019-09-20,2019-09-20 09:36:23,0.14,1.0,234,0.13,0.9285,45,0.14,1.0,2,0.135,0.9642,163,0
IWM190927C160,2019-09-20,2019-09-20 09:36:24,0.14,1.0,234,0.13,0.9285,66,0.14,1.0,2,0.135,0.9642,163,0
IWM190927C160,2019-09-20,2019-09-20 09:36:24,0.14,1.0,292,0.13,0.9285,66,0.14,1.0,2,0.135,0.9642,163,0
IWM190927C160,2019-09-20,2019-09-20 09:36:25,0.14,1.0,348,0.13,0.9285,66,0.14,1.0,2,0.135,0.9642,163,0
IWM190927C160,2019-09-20,2019-09-20 09:36:25,0.14,1.0,332,0.13,0.9285,66,0.14,1.0,2,0.135,0.9642,163,0
IWM190927C160,2019-09-20,2019-09-20 09:36:26,0.14,1.0,108,0.13,0.9285,2,0.14,1.0,2,0.135,0.9642,163,0
IWM190927C160,2019-09-20,2019-09-20 09:36:26,0.14,1.0,243,0.13,0.9285,2,0.14,1.0,2,0.135,0.9642,163,0
IWM190927C160,2019-09-20,2019-09-20 09:36:27,0.14,1.0,85,0.12,0.8571,1003,0.14,1.0,2,0.13,0.9285,163,0
IWM190927C160,2019-09-20,2019-09-20 09:36:27,0.14,1.0,279,0.12,0.8571,661,0.14,1.0,2,0.13,0.9285,163,0
IWM190927C160,2019-09-20,2019-09-20 09:36:28,0.14,1.0,714,0.13,0.9285,20,0.14,1.0,2,0.135,0.9642,163,0
IWM190927C160,2019-09-20,2019-09-20 09:36:29,0.14,1.0,733,0.13,0.9285,1,0.14,1.0,2,0.135,0.9642,163,0
IWM190927C160,2019-09-20,2019-09-20 09:36:29,0.14,1.0,733,0.12,0.8571,1339,0.14,1.0,2,0.13,0.9285,163,0
IWM190927C160,2019-09-20,2019-09-20 09:36:30,0.14,1.0,733,0.13,0.9285,1,0.14,1.0,2,0.135,0.9642,163,0
IWM190927C160,2019-09-20,2019-09-20 09:36:30,0.14,1.0,733,0.12,0.8571,941,0.14,1.0,2,0.13,0.9285,163,0
IWM190927C160,2019-09-20,2019-09-20 09:36:31,0.13,0.9285,18,0.13,0.9285,22,0.14,1.0,2,0.13,0.9285,163,0
IWM190927C160,2019-09-20,2019-09-20 09:36:31,0.14,1.0,733,0.12,0.8571,561,0.14,1.0,2,0.13,0.9285,163,0
IWM190927C160,2019-09-20,2019-09-20 09:36:32,0.14,1.0,637,0.13,0.9285,22,0.14,1.0,2,0.135,0.9642,163,0
IWM190927C160,2019-09-20,2019-09-20 09:36:33,0.14,1.0,637,0.13,0.9285,22,0.14,1.0,2,0.135,0.9642,163,0
IWM190927C160,2019-09-20,2019-09-20 09:36:33,0.14,1.0,331,0.12,0.8571,388,0.14,1.0,2,0.13,0.9285,163,0
IWM190927C160,2019-09-20,2019-09-20 09:36:34,0.14,1.0,637,0.12,0.8571,1088,0.14,1.0,2,0.13,0.9285,163,0
IWM190927C160,2019-09-20,2019-09-20 09:36:35,0.13,0.9285,47,0.12,0.8571,556,0.14,1.0,2,0.125,0.8928,163,0
IWM190927C160,2019-09-20,2019-09-20 09:36:35,0.13,0.9285,73,0.12,0.8571,556,0.14,1.0,2,0.125,0.8928,163,0
IWM190927C160,2019-09-20,2019-09-20 09:36:36,0.13,0.9285,315,0.12,0.8571,964,0.14,1.0,2,0.125,0.8928,163,0
IWM190927C160,2019-09-20,2019-09-20 09:36:36,0.13,0.9285,512,0.12,0.8571,964,0.14,1.0,2,0.125,0.8928,163,0
IWM190927C160,2019-09-20,2019-09-20 09:36:37,0.13,0.9285,467,0.12,0.8571,774,0.14,1.0,2,0.125,0.8928,163,0
IWM190927C160,2019-09-20,2019-09-20 09:36:37,0.13,0.9285,389,0.12,0.8571,964,0.14,1.0,2,0.125,0.8928,163,0
IWM190927C160,2019-09-20,2019-09-20 09:36:38,0.13,0.9285,405,0.12,0.8571,1035,0.14,1.0,2,0.125,0.8928,163,0
IWM190927C160,2019-09-20,2019-09-20 09:36:39,0.13,0.9285,348,0.12,0.8571,1035,0.14,1.0,2,0.125,0.8928,163,0
IWM190927C160,2019-09-20,2019-09-20 09:36:39,0.13,0.9285,328,0.12,0.8571,774,0.14,1.0,2,0.125,0.8928,163,0
IWM190927C160,2019-09-20,2019-09-20 09:36:40,0.13,0.9285,378,0.12,0.8571,1035,0.14,1.0,2,0.125,0.8928,163,0
IWM190927C160,2019-09-20,2019-09-20 09:36:40,0.13,0.9285,354,0.12,0.8571,1035,0.14,1.0,2,0.125,0.8928,163,0
IWM190927C160,2019-09-20,2019-09-20 09:36:41,0.13,0.9285,237,0.12,0.8571,149,0.14,1.0,2,0.125,0.8928,163,0
IWM190927C160,2019-09-20,2019-09-20 09:36:41,0.13,0.9285,419,0.12,0.8571,1035,0.14,1.0,2,0.125,0.8928,163,0
IWM190927C160,2019-09-20,2019-09-20 09:36:42,0.13,0.9285,42,0.12,0.8571,45,0.14,1.0,2,0.125,0.8928,163,0
IWM190927C160,2019-09-20,2019-09-20 09:36:42,0.13,0.9285,1,0.12,0.8571,45,0.14,1.0,2,0.125,0.8928,163,0
IWM190927C160,2019-09-20,2019-09-20 09:36:43,0.14,1.0,893,0.12,0.8571,45,0.14,1.0,2,0.13,0.9285,163,0
IWM190927C160,2019-09-20,2019-09-20 09:36:43,0.14,1.0,576,0.12,0.8571,45,0.14,1.0,2,0.13,0.9285,163,0
IWM190927C160,2019-09-20,2019-09-20 09:36:44,0.14,1.0,893,0.12,0.8571,60,0.14,1.0,2,0.13,0.9285,163,0
IWM190927C160,2019-09-20,2019-09-20 09:36:44,0.14,1.0,893,0.12,0.8571,45,0.14,1.0,2,0.13,0.9285,163,0
IWM190927C160,2019-09-20,2019-09-20 09:36:45,0.14,1.0,891,0.12,0.8571,491,0.14,1.0,2,0.13,0.9285,163,0
IWM190927C160,2019-09-20,2019-09-20 09:36:45,0.14,1.0,893,0.12,0.8571,120,0.14,1.0,2,0.13,0.9285,163,0
IWM190927C160,2019-09-20,2019-09-20 09:36:46,0.14,1.0,891,0.12,0.8571,645,0.14,1.0,2,0.13,0.9285,163,0
IWM190927C160,2019-09-20,2019-09-20 09:36:47,0.14,1.0,698,0.12,0.8571,441,0.14,1.0,2,0.13,0.9285,163,0
IWM190927C160,2019-09-20,2019-09-20 09:36:47,0.14,1.0,698,0.12,0.8571,428,0.14,1.0,2,0.13,0.9285,163,0
IWM190927C160,2019-09-20,2019-09-20 09:36:48,0.14,1.0,698,0.12,0.8571,441,0.14,1.0,2,0.13,0.9285,163,0
IWM190927C160,2019-09-20,2019-09-20 09:36:48,0.14,1.0,890,0.12,0.8571,645,0.14,1.0,2,0.13,0.9285,163,0
IWM190927C160,2019-09-20,2019-09-20 09:36:49,0.14,1.0,698,0.12,0.8571,441,0.14,1.0,2,0.13,0.9285,163,0
IWM190927C160,2019-09-20,2019-09-20 09:36:49,0.14,1.0,599,0.12,0.8571,441,0.14,1.0,2,0.13,0.9285,163,0
IWM190927C160,2019-09-20,2019-09-20 09:36:50,0.14,1.0,887,0.12,0.8571,641,0.14,1.0,2,0.13,0.9285,163,0
IWM190927C160,2019-09-20,2019-09-20 09:36:50,0.14,1.0,745,0.12,0.8571,441,0.14,1.0,2,0.13,0.9285,163,0
IWM190927C160,2019-09-20,2019-09-20 09:36:51,0.14,1.0,882,0.12,0.8571,821,0.14,1.0,2,0.13,0.9285,163,0
IWM190927C160,2019-09-20,2019-09-20 09:36:51,0.14,1.0,882,0.12,0.8571,678,0.14,1.0,2,0.13,0.9285,163,0
IWM190927C160,2019-09-20,2019-09-20 09:36:52,0.14,1.0,536,0.12,0.8571,412,0.14,1.0,2,0.13,0.9285,163,0
IWM190927C160,2019-09-20,2019-09-20 09:36:52,0.14,1.0,546,0.12,0.8571,422,0.14,1.0,2,0.13,0.9285,163,0
IWM190927C160,2019-09-20,2019-09-20 09:36:53,0.14,1.0,890,0.12,0.8571,774,0.14,1.0,2,0.13,0.9285,163,0
IWM190927C160,2019-09-20,2019-09-20 09:36:53,0.14,1.0,890,0.12,0.8571,678,0.14,1.0,2,0.13,0.9285,163,0
IWM190927C160,2019-09-20,2019-09-20 09:36:54,0.14,1.0,890,0.12,0.8571,1071,0.14,1.0,2,0.13,0.9285,163,0
IWM190927C160,2019-09-20,2019-09-20 09:36:54,0.14,1.0,890,0.12,0.8571,774,0.14,1.0,2,0.13,0.9285,163,0
IWM190927C160,2019-09-20,2019-09-20 09:36:55,0.14,1.0,890,0.12,0.8571,1071,0.14,1.0,2,0.13,0.9285,163,0
IWM190927C160,2019-09-20,2019-09-20 09:36:56,0.14,1.0,627,0.12,0.8571,1153,0.14,1.0,2,0.13,0.9285,163,0
IWM190927C160,2019-09-20,2019-09-20 09:36:56,0.14,1.0,1151,0.12,0.8571,1153,0.14,1.0,2,0.13,0.9285,163,0
IWM190927C160,2019-09-20,2019-09-20 09:36:57,0.14,1.0,1207,0.12,0.8571,1153,0.14,1.0,2,0.13,0.9285,163,0
IWM190927C160,2019-09-20,2019-09-20 09:36:58,0.14,1.0,1269,0.12,0.8571,1506,0.14,1.0,2,0.13,0.9285,163,0
IWM190927C160,2019-09-20,2019-09-20 09:36:58,0.14,1.0,1207,0.12,0.8571,1153,0.14,1.0,2,0.13,0.9285,163,0
IWM190927C160,2019-09-20,2019-09-20 09:36:59,0.14,1.0,985,0.12,0.8571,1248,0.14,1.0,2,0.13,0.9285,163,0
IWM190927C160,2019-09-20,2019-09-20 09:36:59,0.14,1.0,1245,0.12,0.8571,1214,0.14,1.0,2,0.13,0.9285,163,0
IWM190927C160,2019-09-20,2019-09-20 09:37:00,0.14,1.0,1130,0.12,0.8571,1118,0.14,1.0,2,0.13,0.9285,163,0
IWM190927C160,2019-09-20,2019-09-20 09:37:00,0.14,1.0,1245,0.12,0.8571,1214,0.14,1.0,2,0.13,0.9285,163,0
IWM190927C160,2019-09-20,2019-09-20 09:37:01,0.14,1.0,1130,0.12,0.8571,1118,0.14,1.0,2,0.13,0.9285,163,0
IWM190927C160,2019-09-20,2019-09-20 09:37:02,0.14,1.0,881,0.12,0.8571,853,0.12,0.8571,1,0.13,0.9285,164,1
IWM190927C160,2019-09-20,2019-09-20 09:37:02,0.14,1.0,1130,0.12,0.8571,1102,0.14,1.0,2,0.13,0.9285,163,0
IWM190927C160,2019-09-20,2019-09-20 09:37:03,0.14,1.0,958,0.12,0.8571,853,0.12,0.8571,1,0.13,0.9285,164,0
IWM190927C160,2019-09-20,2019-09-20 09:37:03,0.14,1.0,1345,0.12,0.8571,1102,0.12,0.8571,1,0.13,0.9285,164,0
IWM190927C160,2019-09-20,2019-09-20 09:37:04,0.14,1.0,1178,0.12,0.8571,1102,0.12,0.8571,1,0.13,0.9285,164,0
IWM190927C160,2019-09-20,2019-09-20 09:37:05,0.14,1.0,1196,0.13,0.9285,13,0.12,0.8571,1,0.135,0.9642,164,0
IWM190927C160,2019-09-20,2019-09-20 09:37:05,0.14,1.0,1406,0.12,0.8571,1102,0.12,0.8571,1,0.13,0.9285,164,0
IWM190927C160,2019-09-20,2019-09-20 09:37:06,0.14,1.0,1178,0.13,0.9285,13,0.12,0.8571,1,0.135,0.9642,164,0
IWM190927C160,2019-09-20,2019-09-20 09:37:07,0.14,1.0,1178,0.13,0.9285,13,0.12,0.8571,1,0.135,0.9642,164,0
IWM190927C160,2019-09-20,2019-09-20 09:37:08,0.14,1.0,1326,0.13,0.9285,13,0.12,0.8571,1,0.135,0.9642,164,0
IWM190927C160,2019-09-20,2019-09-20 09:37:08,0.14,1.0,1243,0.13,0.9285,13,0.12,0.8571,1,0.135,0.9642,164,0
IWM190927C160,2019-09-20,2019-09-20 09:37:09,0.14,1.0,1243,0.13,0.9285,13,0.12,0.8571,1,0.135,0.9642,164,0
IWM190927C160,2019-09-20,2019-09-20 09:37:10,0.14,1.0,1243,0.13,0.9285,13,0.12,0.8571,1,0.135,0.9642,164,0
IWM190927C160,2019-09-20,2019-09-20 09:37:11,0.14,1.0,261,0.13,0.9285,13,0.12,0.8571,1,0.135,0.9642,164,0
IWM190927C160,2019-09-20,2019-09-20 09:37:11,0.14,1.0,625,0.13,0.9285,13,0.12,0.8571,1,0.135,0.9642,164,0
IWM190927C160,2019-09-20,2019-09-20 09:37:12,0.14,1.0,644,0.13,0.9285,13,0.12,0.8571,1,0.135,0.9642,164,0
IWM190927C160,2019-09-20,2019-09-20 09:37:13,0.14,1.0,644,0.13,0.9285,13,0.12,0.8571,1,0.135,0.9642,164,0
IWM190927C160,2019-09-20,2019-09-20 09:37:14,0.14,1.0,677,0.13,0.9285,13,0.12,0.8571,1,0.135,0.9642,164,0
IWM190927C160,2019-09-20,2019-09-20 09:37:14,0.14,1.0,648,0.12,0.8571,708,0.12,0.8571,1,0.13,0.9285,164,0
IWM190927C160,2019-09-20,2019-09-20 09:37:15,0.14,1.0,648,0.13,0.9285,13,0.12,0.8571,1,0.135,0.9642,164,0
IWM190927C160,2019-09-20,2019-09-20 09:37:15,0.14,1.0,230,0.13,0.9285,13,0.12,0.8571,1,0.135,0.9642,164,0
IWM190927C160,2019-09-20,2019-09-20 09:37:16,0.14,1.0,120,0.13,0.9285,13,0.12,0.8571,1,0.135,0.9642,164,0
IWM190927C160,2019-09-20,2019-09-20 09:37:16,0.14,1.0,648,0.13,0.9285,13,0.12,0.8571,1,0.135,0.9642,164,0
IWM190927C160,2019-09-20,2019-09-20 09:37:17,0.14,1.0,580,0.13,0.9285,13,0.12,0.8571,1,0.135,0.9642,164,0
IWM190927C160,2019-09-20,2019-09-20 09:37:17,0.14,1.0,619,0.13,0.9285,13,0.12,0.8571,1,0.135,0.9642,164,0
IWM190927C160,2019-09-20,2019-09-20 09:37:18,0.14,1.0,619,0.12,0.8571,412,0.12,0.8571,1,0.13,0.9285,164,0
IWM190927C160,2019-09-20,2019-09-20 09:37:18,0.14,1.0,527,0.13,0.9285,1,0.12,0.8571,1,0.135,0.9642,164,0
IWM190927C160,2019-09-20,2019-09-20 09:37:19,0.14,1.0,539,0.13,0.9285,1,0.12,0.8571,1,0.135,0.9642,164,0
IWM190927C160,2019-09-20,2019-09-20 09:37:19,0.14,1.0,527,0.13,0.9285,1,0.12,0.8571,1,0.135,0.9642,164,0
IWM190927C160,2019-09-20,2019-09-20 09:37:20,0.14,1.0,620,0.13,0.9285,1,0.12,0.8571,1,0.135,0.9642,164,0
IWM190927C160,2019-09-20,2019-09-20 09:37:21,0.14,1.0,545,0.13,0.9285,1,0.12,0.8571,1,0.135,0.9642,164,0
IWM190927C160,2019-09-20,2019-09-20 09:37:21,0.14,1.0,620,0.13,0.9285,1,0.12,0.8571,1,0.135,0.9642,164,0
IWM190927C160,2019-09-20,2019-09-20 09:37:22,0.14,1.0,562,0.13,0.9285,1,0.12,0.8571,1,0.135,0.9642,164,0
IWM190927C160,2019-09-20,2019-09-20 09:37:22,0.14,1.0,744,0.12,0.8571,781,0.12,0.8571,1,0.13,0.9285,164,0
IWM190927C160,2019-09-20,2019-09-20 09:37:23,0.14,1.0,744,0.12,0.8571,1121,0.12,0.8571,1,0.13,0.9285,164,0
IWM190927C160,2019-09-20,2019-09-20 09:37:24,0.14,1.0,877,0.12,0.8571,778,0.12,0.8571,1,0.13,0.9285,164,0
IWM190927C160,2019-09-20,2019-09-20 09:37:24,0.14,1.0,931,0.12,0.8571,778,0.12,0.8571,1,0.13,0.9285,164,0
IWM190927C160,2019-09-20,2019-09-20 09:37:25,0.14,1.0,931,0.12,0.8571,778,0.12,0.8571,1,0.13,0.9285,164,0
IWM190927C160,2019-09-20,2019-09-20 09:37:25,0.14,1.0,1107,0.12,0.8571,829,0.12,0.8571,1,0.13,0.9285,164,0
IWM190927C160,2019-09-20,2019-09-20 09:37:26,0.14,1.0,1107,0.12,0.8571,931,0.12,0.8571,1,0.13,0.9285,164,0
IWM190927C160,2019-09-20,2019-09-20 09:37:26,0.14,1.0,976,0.12,0.8571,646,0.12,0.8571,1,0.13,0.9285,164,0
IWM190927C160,2019-09-20,2019-09-20 09:37:27,0.14,1.0,1179,0.12,0.8571,155,0.12,0.8571,1,0.13,0.9285,164,0
IWM190927C160,2019-09-20,2019-09-20 09:37:27,0.14,1.0,1122,0.12,0.8571,646,0.12,0.8571,1,0.13,0.9285,164,0
IWM190927C160,2019-09-20,2019-09-20 09:37:28,0.14,1.0,1191,0.12,0.8571,155,0.12,0.8571,1,0.13,0.9285,164,0
IWM190927C160,2019-09-20,2019-09-20 09:37:28,0.14,1.0,1375,0.12,0.8571,155,0.12,0.8571,1,0.13,0.9285,164,0
IWM190927C160,2019-09-20,2019-09-20 09:37:29,0.14,1.0,1191,0.12,0.8571,155,0.12,0.8571,1,0.13,0.9285,164,0
IWM190927C160,2019-09-20,2019-09-20 09:37:29,0.14,1.0,1179,0.12,0.8571,95,0.12,0.8571,1,0.13,0.9285,164,0
IWM190927C160,2019-09-20,2019-09-20 09:37:30,0.14,1.0,1702,0.12,0.8571,177,0.12,0.8571,1,0.13,0.9285,164,0
IWM190927C160,2019-09-20,2019-09-20 09:37:30,0.14,1.0,1179,0.12,0.8571,95,0.12,0.8571,1,0.13,0.9285,164,0
IWM190927C160,2019-09-20,2019-09-20 09:37:31,0.14,1.0,1179,0.12,0.8571,129,0.12,0.8571,1,0.13,0.9285,164,0
IWM190927C160,2019-09-20,2019-09-20 09:37:31,0.14,1.0,1701,0.12,0.8571,194,0.12,0.8571,1,0.13,0.9285,164,0
IWM190927C160,2019-09-20,2019-09-20 09:37:32,0.14,1.0,1202,0.12,0.8571,194,0.12,0.8571,1,0.13,0.9285,164,0
IWM190927C160,2019-09-20,2019-09-20 09:37:33,0.14,1.0,1444,0.12,0.8571,282,0.12,0.8571,1,0.13,0.9285,164,0
IWM190927C160,2019-09-20,2019-09-20 09:37:34,0.14,1.0,1444,0.12,0.8571,282,0.12,0.8571,1,0.13,0.9285,164,0
IWM190927C160,2019-09-20,2019-09-20 09:37:34,0.14,1.0,1444,0.12,0.8571,312,0.12,0.8571,1,0.13,0.9285,164,0
IWM190927C160,2019-09-20,2019-09-20 09:37:35,0.14,1.0,1048,0.12,0.8571,247,0.12,0.8571,1,0.13,0.9285,164,0
IWM190927C160,2019-09-20,2019-09-20 09:37:36,0.14,1.0,1184,0.12,0.8571,984,0.12,0.8571,1,0.13,0.9285,164,0
IWM190927C160,2019-09-20,2019-09-20 09:37:36,0.14,1.0,1184,0.12,0.8571,1203,0.12,0.8571,1,0.13,0.9285,164,0
IWM190927C160,2019-09-20,2019-09-20 09:37:37,0.14,1.0,1184,0.12,0.8571,1008,0.12,0.8571,1,0.13,0.9285,164,0
IWM190927C160,2019-09-20,2019-09-20 09:37:38,0.14,1.0,1184,0.12,0.8571,1008,0.12,0.8571,1,0.13,0.9285,164,0
IWM190927C160,2019-09-20,2019-09-20 09:37:39,0.14,1.0,1184,0.12,0.8571,984,0.12,0.8571,1,0.13,0.9285,164,0
IWM190927C160,2019-09-20,2019-09-20 09:37:40,0.14,1.0,1184,0.12,0.8571,984,0.12,0.8571,1,0.13,0.9285,164,0
IWM190927C160,2019-09-20,2019-09-20 09:37:41,0.14,1.0,968,0.12,0.8571,1099,0.12,0.8571,1,0.13,0.9285,164,0
IWM190927C160,2019-09-20,2019-09-20 09:37:41,0.14,1.0,1184,0.12,0.8571,984,0.12,0.8571,1,0.13,0.9285,164,0
IWM190927C160,2019-09-20,2019-09-20 09:37:42,0.14,1.0,968,0.12,0.8571,799,0.12,0.8571,1,0.13,0.9285,164,0
IWM190927C160,2019-09-20,2019-09-20 09:37:43,0.14,1.0,968,0.12,0.8571,799,0.12,0.8571,1,0.13,0.9285,164,0
IWM190927C160,2019-09-20,2019-09-20 09:37:44,0.14,1.0,978,0.12,0.8571,911,0.12,0.8571,1,0.13,0.9285,164,0
IWM190927C160,2019-09-20,2019-09-20 09:37:45,0.14,1.0,978,0.12,0.8571,911,0.12,0.8571,1,0.13,0.9285,164,0
IWM190927C160,2019-09-20,2019-09-20 09:37:46,0.14,1.0,995,0.12,0.8571,935,0.12,0.8571,1,0.13,0.9285,164,0
IWM190927C160,2019-09-20,2019-09-20 09:37:46,0.14,1.0,978,0.12,0.8571,935,0.12,0.8571,1,0.13,0.9285,164,0
IWM190927C160,2019-09-20,2019-09-20 09:37:47,0.14,1.0,1096,0.12,0.8571,1069,0.12,0.8571,1,0.13,0.9285,164,0
IWM190927C160,2019-09-20,2019-09-20 09:37:48,0.14,1.0,1167,0.12,0.8571,1335,0.12,0.8571,1,0.13,0.9285,164,0
IWM190927C160,2019-09-20,2019-09-20 09:37:49,0.14,1.0,1004,0.12,0.8571,957,0.12,0.8571,1,0.13,0.9285,164,0
IWM190927C160,2019-09-20,2019-09-20 09:37:49,0.14,1.0,1004,0.12,0.8571,1223,0.12,0.8571,1,0.13,0.9285,164,0
IWM190927C160,2019-09-20,2019-09-20 09:37:50,0.14,1.0,1004,0.12,0.8571,957,0.12,0.8571,1,0.13,0.9285,164,0
IWM190927C160,2019-09-20,2019-09-20 09:37:50,0.14,1.0,1154,0.12,0.8571,957,0.12,0.8571,1,0.13,0.9285,164,0
IWM190927C160,2019-09-20,2019-09-20 09:37:51,0.14,1.0,640,0.12,0.8571,1104,0.12,0.8571,1,0.13,0.9285,164,0
IWM190927C160,2019-09-20,2019-09-20 09:37:51,0.14,1.0,1004,0.12,0.8571,1104,0.12,0.8571,1,0.13,0.9285,164,0
IWM190927C160,2019-09-20,2019-09-20 09:37:52,0.14,1.0,1004,0.12,0.8571,1104,0.12,0.8571,1,0.13,0.9285,164,0
IWM190927C160,2019-09-20,2019-09-20 09:37:52,0.14,1.0,1004,0.12,0.8571,1037,0.12,0.8571,1,0.13,0.9285,164,0
IWM190927C160,2019-09-20,2019-09-20 09:37:53,0.14,1.0,1004,0.12,0.8571,1037,0.12,0.8571,1,0.13,0.9285,164,0
IWM190927C160,2019-09-20,2019-09-20 09:37:54,0.14,1.0,583,0.12,0.8571,664,0.12,0.8571,1,0.13,0.9285,164,0
IWM190927C160,2019-09-20,2019-09-20 09:37:55,0.14,1.0,984,0.12,0.8571,1037,0.12,0.8571,1,0.13,0.9285,164,0
IWM190927C160,2019-09-20,2019-09-20 09:37:56,0.14,1.0,984,0.12,0.8571,1037,0.12,0.8571,1,0.13,0.9285,164,0
IWM190927C160,2019-09-20,2019-09-20 09:37:56,0.14,1.0,1131,0.12,0.8571,1037,0.12,0.8571,1,0.13,0.9285,164,0
IWM190927C160,2019-09-20,2019-09-20 09:37:57,0.14,1.0,984,0.12,0.8571,1037,0.12,0.8571,1,0.13,0.9285,164,0
IWM190927C160,2019-09-20,2019-09-20 09:37:58,0.14,1.0,984,0.12,0.8571,1037,0.12,0.8571,1,0.13,0.9285,164,0
IWM190927C160,2019-09-20,2019-09-20 09:37:59,0.14,1.0,1131,0.12,0.8571,779,0.12,0.8571,1,0.13,0.9285,164,0
IWM190927C160,2019-09-20,2019-09-20 09:37:59,0.14,1.0,1131,0.12,0.8571,1037,0.12,0.8571,1,0.13,0.9285,164,0
IWM190927C160,2019-09-20,2019-09-20 09:38:00,0.14,1.0,842,0.12,0.8571,1362,0.12,0.8571,1,0.13,0.9285,164,0
IWM190927C160,2019-09-20,2019-09-20 09:38:00,0.14,1.0,974,0.12,0.8571,630,0.12,0.8571,1,0.13,0.9285,164,0
IWM190927C160,2019-09-20,2019-09-20 09:38:01,0.14,1.0,842,0.12,0.8571,1062,0.12,0.8571,1,0.13,0.9285,164,0
IWM190927C160,2019-09-20,2019-09-20 09:38:02,0.14,1.0,842,0.12,0.8571,921,0.12,0.8571,1,0.13,0.9285,164,0
IWM190927C160,2019-09-20,2019-09-20 09:38:02,0.14,1.0,799,0.12,0.8571,851,0.12,0.8571,1,0.13,0.9285,164,0
IWM190927C160,2019-09-20,2019-09-20 09:38:03,0.14,1.0,817,0.12,0.8571,838,0.12,0.8571,1,0.13,0.9285,164,0
IWM190927C160,2019-09-20,2019-09-20 09:38:03,0.14,1.0,799,0.12,0.8571,862,0.12,0.8571,1,0.13,0.9285,164,0
IWM190927C160,2019-09-20,2019-09-20 09:38:04,0.14,1.0,817,0.12,0.8571,483,0.12,0.8571,1,0.13,0.9285,164,0
IWM190927C160,2019-09-20,2019-09-20 09:38:04,0.14,1.0,911,0.12,0.8571,835,0.12,0.8571,1,0.13,0.9285,164,0
IWM190927C160,2019-09-20,2019-09-20 09:38:05,0.14,1.0,1030,0.12,0.8571,835,0.12,0.8571,1,0.13,0.9285,164,0
IWM190927C160,2019-09-20,2019-09-20 09:38:05,0.14,1.0,1099,0.12,0.8571,835,0.12,0.8571,1,0.13,0.9285,164,0
IWM190927C160,2019-09-20,2019-09-20 09:38:06,0.14,1.0,1138,0.12,0.8571,1113,0.12,0.8571,1,0.13,0.9285,164,0
IWM190927C160,2019-09-20,2019-09-20 09:38:06,0.14,1.0,1035,0.12,0.8571,627,0.12,0.8571,1,0.13,0.9285,164,0
IWM190927C160,2019-09-20,2019-09-20 09:38:07,0.14,1.0,1025,0.12,0.8571,1130,0.12,0.8571,1,0.13,0.9285,164,0
IWM190927C160,2019-09-20,2019-09-20 09:38:07,0.14,1.0,1167,0.12,0.8571,1113,0.12,0.8571,1,0.13,0.9285,164,0
IWM190927C160,2019-09-20,2019-09-20 09:38:08,0.14,1.0,1025,0.12,0.8571,492,0.12,0.8571,1,0.13,0.9285,164,0
IWM190927C160,2019-09-20,2019-09-20 09:38:09,0.14,1.0,1197,0.12,0.8571,393,0.12,0.8571,1,0.13,0.9285,164,0
IWM190927C160,2019-09-20,2019-09-20 09:38:09,0.14,1.0,1150,0.12,0.8571,360,0.12,0.8571,1,0.13,0.9285,164,0
IWM190927C160,2019-09-20,2019-09-20 09:38:10,0.14,1.0,1197,0.12,0.8571,554,0.12,0.8571,1,0.13,0.9285,164,0
IWM190927C160,2019-09-20,2019-09-20 09:38:10,0.14,1.0,1197,0.12,0.8571,534,0.12,0.8571,1,0.13,0.9285,164,0
IWM190927C160,2019-09-20,2019-09-20 09:38:11,0.14,1.0,992,0.12,0.8571,1299,0.12,0.8571,1,0.13,0.9285,164,0
IWM190927C160,2019-09-20,2019-09-20 09:38:11,0.14,1.0,1197,0.12,0.8571,554,0.12,0.8571,1,0.13,0.9285,164,0
IWM190927C160,2019-09-20,2019-09-20 09:38:12,0.14,1.0,992,0.12,0.8571,999,0.12,0.8571,1,0.13,0.9285,164,0
IWM190927C160,2019-09-20,2019-09-20 09:38:13,0.14,1.0,992,0.12,0.8571,999,0.12,0.8571,1,0.13,0.9285,164,0
IWM190927C160,2019-09-20,2019-09-20 09:38:14,0.14,1.0,992,0.12,0.8571,999,0.12,0.8571,1,0.13,0.9285,164,0
IWM190927C160,2019-09-20,2019-09-20 09:38:15,0.14,1.0,849,0.12,0.8571,1036,0.12,0.8571,1,0.13,0.9285,164,0
IWM190927C160,2019-09-20,2019-09-20 09:38:15,0.14,1.0,635,0.12,0.8571,778,0.12,0.8571,1,0.13,0.9285,164,0
IWM190927C160,2019-09-20,2019-09-20 09:38:16,0.14,1.0,635,0.12,0.8571,1042,0.12,0.8571,1,0.13,0.9285,164,0
IWM190927C160,2019-09-20,2019-09-20 09:38:17,0.14,1.0,851,0.12,0.8571,1020,0.12,0.8571,1,0.13,0.9285,164,0
IWM190927C160,2019-09-20,2019-09-20 09:38:17,0.14,1.0,851,0.12,0.8571,1042,0.12,0.8571,1,0.13,0.9285,164,0
IWM190927C160,2019-09-20,2019-09-20 09:38:18,0.14,1.0,851,0.12,0.8571,1020,0.12,0.8571,1,0.13,0.9285,164,0
IWM190927C160,2019-09-20,2019-09-20 09:38:19,0.14,1.0,851,0.12,0.8571,1020,0.12,0.8571,1,0.13,0.9285,164,0
IWM190927C160,2019-09-20,2019-09-20 09:38:20,0.14,1.0,851,0.12,0.8571,1020,0.12,0.8571,1,0.13,0.9285,164,0
IWM190927C160,2019-09-20,2019-09-20 09:38:21,0.14,1.0,851,0.12,0.8571,1044,0.12,0.8571,1,0.13,0.9285,164,0
IWM190927C160,2019-09-20,2019-09-20 09:38:21,0.14,1.0,851,0.12,0.8571,1020,0.12,0.8571,1,0.13,0.9285,164,0
IWM190927C160,2019-09-20,2019-09-20 09:38:22,0.14,1.0,851,0.12,0.8571,949,0.12,0.8571,1,0.13,0.9285,164,0
IWM190927C160,2019-09-20,2019-09-20 09:38:23,0.14,1.0,851,0.12,0.8571,949,0.12,0.8571,1,0.13,0.9285,164,0
IWM190927C160,2019-09-20,2019-09-20 09:38:24,0.14,1.0,851,0.12,0.8571,949,0.12,0.8571,1,0.13,0.9285,164,0
IWM190927C160,2019-09-20,2019-09-20 09:38:25,0.14,1.0,479,0.12,0.8571,981,0.12,0.8571,1,0.13,0.9285,164,0
IWM190927C160,2019-09-20,2019-09-20 09:38:25,0.14,1.0,271,0.12,0.8571,953,0.12,0.8571,1,0.13,0.9285,164,0
IWM190927C160,2019-09-20,2019-09-20 09:38:26,0.14,1.0,581,0.12,0.8571,979,0.12,0.8571,1,0.13,0.9285,164,0
IWM190927C160,2019-09-20,2019-09-20 09:38:26,0.14,1.0,398,0.12,0.8571,984,0.12,0.8571,1,0.13,0.9285,164,0
IWM190927C160,2019-09-20,2019-09-20 09:38:27,0.14,1.0,479,0.12,0.8571,971,0.12,0.8571,1,0.13,0.9285,164,0
IWM190927C160,2019-09-20,2019-09-20 09:38:27,0.14,1.0,398,0.12,0.8571,981,0.12,0.8571,1,0.13,0.9285,164,0
IWM190927C160,2019-09-20,2019-09-20 09:38:28,0.14,1.0,346,0.12,0.8571,971,0.12,0.8571,1,0.13,0.9285,164,0
IWM190927C160,2019-09-20,2019-09-20 09:38:28,0.14,1.0,232,0.12,0.8571,971,0.12,0.8571,1,0.13,0.9285,164,0
IWM190927C160,2019-09-20,2019-09-20 09:38:29,0.14,1.0,348,0.12,0.8571,981,0.12,0.8571,1,0.13,0.9285,164,0
IWM190927C160,2019-09-20,2019-09-20 09:38:30,0.14,1.0,348,0.12,0.8571,981,0.12,0.8571,1,0.13,0.9285,164,0
IWM190927C160,2019-09-20,2019-09-20 09:38:31,0.14,1.0,1190,0.12,0.8571,977,0.12,0.8571,1,0.13,0.9285,164,0
IWM190927C160,2019-09-20,2019-09-20 09:38:31,0.14,1.0,586,0.12,0.8571,977,0.12,0.8571,1,0.13,0.9285,164,0
IWM190927C160,2019-09-20,2019-09-20 09:38:32,0.14,1.0,1190,0.12,0.8571,977,0.12,0.8571,1,0.13,0.9285,164,0
IWM190927C160,2019-09-20,2019-09-20 09:38:32,0.14,1.0,1392,0.12,0.8571,1022,0.12,0.8571,1,0.13,0.9285,164,0
IWM190927C160,2019-09-20,2019-09-20 09:38:33,0.14,1.0,1392,0.12,0.8571,1022,0.12,0.8571,1,0.13,0.9285,164,0
IWM190927C160,2019-09-20,2019-09-20 09:38:34,0.14,1.0,632,0.12,0.8571,1022,0.12,0.8571,1,0.13,0.9285,164,0
IWM190927C160,2019-09-20,2019-09-20 09:38:34,0.14,1.0,1220,0.12,0.8571,1022,0.12,0.8571,1,0.13,0.9285,164,0
IWM190927C160,2019-09-20,2019-09-20 09:38:35,0.14,1.0,592,0.12,0.8571,1022,0.12,0.8571,1,0.13,0.9285,164,0
IWM190927C160,2019-09-20,2019-09-20 09:38:36,0.14,1.0,592,0.12,0.8571,1022,0.12,0.8571,1,0.13,0.9285,164,0
IWM190927C160,2019-09-20,2019-09-20 09:38:36,0.14,1.0,1033,0.12,0.8571,1022,0.12,0.8571,1,0.13,0.9285,164,0
IWM190927C160,2019-09-20,2019-09-20 09:38:37,0.14,1.0,836,0.12,0.8571,1022,0.12,0.8571,1,0.13,0.9285,164,0
IWM190927C160,2019-09-20,2019-09-20 09:38:38,0.14,1.0,836,0.12,0.8571,1017,0.12,0.8571,1,0.13,0.9285,164,0
IWM190927C160,2019-09-20,2019-09-20 09:38:38,0.14,1.0,836,0.12,0.8571,1022,0.12,0.8571,1,0.13,0.9285,164,0
IWM190927C160,2019-09-20,2019-09-20 09:38:39,0.14,1.0,802,0.12,0.8571,938,0.12,0.8571,1,0.13,0.9285,164,0
IWM190927C160,2019-09-20,2019-09-20 09:38:39,0.14,1.0,836,0.12,0.8571,955,0.12,0.8571,1,0.13,0.9285,164,0
IWM190927C160,2019-09-20,2019-09-20 09:38:40,0.14,1.0,945,0.13,0.9285,9,0.12,0.8571,1,0.135,0.9642,164,0
IWM190927C160,2019-09-20,2019-09-20 09:38:40,0.14,1.0,915,0.13,0.9285,9,0.12,0.8571,1,0.135,0.9642,164,0
IWM190927C160,2019-09-20,2019-09-20 09:38:41,0.14,1.0,917,0.12,0.8571,738,0.12,0.8571,1,0.13,0.9285,164,0
IWM190927C160,2019-09-20,2019-09-20 09:38:41,0.14,1.0,967,0.13,0.9285,22,0.12,0.8571,1,0.135,0.9642,164,0
IWM190927C160,2019-09-20,2019-09-20 09:38:42,0.14,1.0,567,0.12,0.8571,738,0.12,0.8571,1,0.13,0.9285,164,0
IWM190927C160,2019-09-20,2019-09-20 09:38:43,0.14,1.0,915,0.12,0.8571,1090,0.12,0.8571,1,0.13,0.9285,164,0
IWM190927C160,2019-09-20,2019-09-20 09:38:44,0.14,1.0,1038,0.12,0.8571,1090,0.12,0.8571,1,0.13,0.9285,164,0
IWM190927C160,2019-09-20,2019-09-20 09:38:45,0.14,1.0,1038,0.12,0.8571,1090,0.12,0.8571,1,0.13,0.9285,164,0
IWM190927C160,2019-09-20,2019-09-20 09:38:45,0.14,1.0,1028,0.12,0.8571,1090,0.12,0.8571,1,0.13,0.9285,164,0
IWM190927C160,2019-09-20,2019-09-20 09:38:46,0.14,1.0,977,0.12,0.8571,1341,0.12,0.8571,1,0.13,0.9285,164,0
IWM190927C160,2019-09-20,2019-09-20 09:38:46,0.14,1.0,1074,0.12,0.8571,1045,0.12,0.8571,1,0.13,0.9285,164,0
IWM190927C160,2019-09-20,2019-09-20 09:38:47,0.14,1.0,940,0.12,0.8571,1045,0.12,0.8571,1,0.13,0.9285,164,0
IWM190927C160,2019-09-20,2019-09-20 09:38:47,0.14,1.0,950,0.12,0.8571,1045,0.12,0.8571,1,0.13,0.9285,164,0
IWM190927C160,2019-09-20,2019-09-20 09:38:48,0.14,1.0,1088,0.12,0.8571,787,0.12,0.8571,1,0.13,0.9285,164,0
IWM190927C160,2019-09-20,2019-09-20 09:38:48,0.14,1.0,1088,0.13,0.9285,13,0.12,0.8571,1,0.135,0.9642,164,0
IWM190927C160,2019-09-20,2019-09-20 09:38:49,0.14,1.0,1079,0.13,0.9285,13,0.12,0.8571,1,0.135,0.9642,164,0
IWM190927C160,2019-09-20,2019-09-20 09:38:50,0.14,1.0,1079,0.13,0.9285,13,0.12,0.8571,1,0.135,0.9642,164,0
IWM190927C160,2019-09-20,2019-09-20 09:38:51,0.14,1.0,1079,0.13,0.9285,13,0.12,0.8571,1,0.135,0.9642,164,0
IWM190927C160,2019-09-20,2019-09-20 09:38:52,0.14,1.0,1077,0.12,0.8571,1070,0.12,0.8571,1,0.13,0.9285,164,0
IWM190927C160,2019-09-20,2019-09-20 09:38:52,0.14,1.0,1079,0.12,0.8571,1361,0.12,0.8571,1,0.13,0.9285,164,0
IWM190927C160,2019-09-20,2019-09-20 09:38:53,0.14,1.0,1079,0.12,0.8571,1070,0.12,0.8571,1,0.13,0.9285,164,0
IWM190927C160,2019-09-20,2019-09-20 09:38:53,0.14,1.0,1077,0.12,0.8571,1070,0.12,0.8571,1,0.13,0.9285,164,0
IWM190927C160,2019-09-20,2019-09-20 09:38:54,0.14,1.0,1079,0.12,0.8571,1070,0.12,0.8571,1,0.13,0.9285,164,0
IWM190927C160,2019-09-20,2019-09-20 09:38:55,0.14,1.0,1079,0.12,0.8571,1070,0.12,0.8571,1,0.13,0.9285,164,0
IWM190927C160,2019-09-20,2019-09-20 09:38:56,0.14,1.0,1079,0.12,0.8571,1070,0.12,0.8571,1,0.13,0.9285,164,0
IWM190927C160,2019-09-20,2019-09-20 09:38:57,0.14,1.0,1079,0.12,0.8571,1070,0.12,0.8571,1,0.13,0.9285,164,0
IWM190927C160,2019-09-20,2019-09-20 09:38:58,0.14,1.0,1079,0.12,0.8571,1070,0.12,0.8571,1,0.13,0.9285,164,0
IWM190927C160,2019-09-20,2019-09-20 09:38:59,0.14,1.0,1079,0.12,0.8571,1070,0.12,0.8571,1,0.13,0.9285,164,0
IWM190927C160,2019-09-20,2019-09-20 09:39:00,0.14,1.0,939,0.12,0.8571,1070,0.12,0.8571,1,0.13,0.9285,164,0
IWM190927C160,2019-09-20,2019-09-20 09:39:00,0.14,1.0,1079,0.12,0.8571,1070,0.12,0.8571,1,0.13,0.9285,164,0
IWM190927C160,2019-09-20,2019-09-20 09:39:01,0.14,1.0,1079,0.12,0.8571,1070,0.12,0.8571,1,0.13,0.9285,164,0
IWM190927C160,2019-09-20,2019-09-20 09:39:02,0.14,1.0,1079,0.12,0.8571,1070,0.12,0.8571,1,0.13,0.9285,164,0
IWM190927C160,2019-09-20,2019-09-20 09:39:03,0.14,1.0,1079,0.12,0.8571,1070,0.12,0.8571,1,0.13,0.9285,164,0
IWM190927C160,2019-09-20,2019-09-20 09:39:04,0.14,1.0,1079,0.12,0.8571,1070,0.12,0.8571,1,0.13,0.9285,164,0
IWM190927C160,2019-09-20,2019-09-20 09:39:05,0.14,1.0,1079,0.12,0.8571,1070,0.12,0.8571,1,0.13,0.9285,164,0
IWM190927C160,2019-09-20,2019-09-20 09:39:05,0.14,1.0,1109,0.12,0.8571,577,0.12,0.8571,1,0.13,0.9285,164,0
IWM190927C160,2019-09-20,2019-09-20 09:39:06,0.14,1.0,1122,0.12,0.8571,577,0.12,0.8571,1,0.13,0.9285,164,0
IWM190927C160,2019-09-20,2019-09-20 09:39:06,0.14,1.0,1122,0.12,0.8571,408,0.12,0.8571,1,0.13,0.9285,164,0
IWM190927C160,2019-09-20,2019-09-20 09:39:07,0.14,1.0,995,0.12,0.8571,408,0.12,0.8571,1,0.13,0.9285,164,0
IWM190927C160,2019-09-20,2019-09-20 09:39:07,0.14,1.0,1144,0.12,0.8571,220,0.12,0.8571,1,0.13,0.9285,164,0
IWM190927C160,2019-09-20,2019-09-20 09:39:08,0.14,1.0,1144,0.12,0.8571,220,0.12,0.8571,1,0.13,0.9285,164,0
IWM190927C160,2019-09-20,2019-09-20 09:39:08,0.14,1.0,985,0.12,0.8571,220,0.12,0.8571,1,0.13,0.9285,164,0
IWM190927C160,2019-09-20,2019-09-20 09:39:09,0.14,1.0,985,0.12,0.8571,220,0.12,0.8571,1,0.13,0.9285,164,0
IWM190927C160,2019-09-20,2019-09-20 09:39:09,0.14,1.0,1467,0.12,0.8571,374,0.12,0.8571,1,0.13,0.9285,164,0
IWM190927C160,2019-09-20,2019-09-20 09:39:10,0.14,1.0,1086,0.12,0.8571,475,0.12,0.8571,1,0.13,0.9285,164,0
IWM190927C160,2019-09-20,2019-09-20 09:39:10,0.14,1.0,1467,0.12,0.8571,374,0.12,0.8571,1,0.13,0.9285,164,0
IWM190927C160,2019-09-20,2019-09-20 09:39:11,0.14,1.0,884,0.12,0.8571,628,0.12,0.8571,1,0.13,0.9285,164,0
IWM190927C160,2019-09-20,2019-09-20 09:39:11,0.14,1.0,1096,0.12,0.8571,218,0.12,0.8571,1,0.13,0.9285,164,0
IWM190927C160,2019-09-20,2019-09-20 09:39:12,0.14,1.0,884,0.12,0.8571,763,0.12,0.8571,1,0.13,0.9285,164,0
IWM190927C160,2019-09-20,2019-09-20 09:39:12,0.14,1.0,884,0.12,0.8571,1063,0.12,0.8571,1,0.13,0.9285,164,0
IWM190927C160,2019-09-20,2019-09-20 09:39:13,0.14,1.0,357,0.12,0.8571,954,0.12,0.8571,1,0.13,0.9285,164,0
IWM190927C160,2019-09-20,2019-09-20 09:39:13,0.14,1.0,623,0.12,0.8571,979,0.12,0.8571,1,0.13,0.9285,164,0
IWM190927C160,2019-09-20,2019-09-20 09:39:14,0.14,1.0,723,0.12,0.8571,979,0.12,0.8571,1,0.13,0.9285,164,0
IWM190927C160,2019-09-20,2019-09-20 09:39:15,0.14,1.0,723,0.12,0.8571,979,0.12,0.8571,1,0.13,0.9285,164,0
IWM190927C160,2019-09-20,2019-09-20 09:39:16,0.14,1.0,723,0.12,0.8571,979,0.12,0.8571,1,0.13,0.9285,164,0
IWM190927C160,2019-09-20,2019-09-20 09:39:16,0.14,1.0,723,0.12,0.8571,965,0.12,0.8571,1,0.13,0.9285,164,0
IWM190927C160,2019-09-20,2019-09-20 09:39:17,0.14,1.0,723,0.12,0.8571,965,0.12,0.8571,1,0.13,0.9285,164,0
IWM190927C160,2019-09-20,2019-09-20 09:39:18,0.14,1.0,840,0.12,0.8571,1075,0.12,0.8571,1,0.13,0.9285,164,0
IWM190927C160,2019-09-20,2019-09-20 09:39:18,0.14,1.0,723,0.12,0.8571,965,0.12,0.8571,1,0.13,0.9285,164,0
IWM190927C160,2019-09-20,2019-09-20 09:39:19,0.14,1.0,840,0.12,0.8571,1075,0.12,0.8571,1,0.13,0.9285,164,0
IWM190927C160,2019-09-20,2019-09-20 09:39:20,0.14,1.0,840,0.12,0.8571,1075,0.12,0.8571,1,0.13,0.9285,164,0
IWM190927C160,2019-09-20,2019-09-20 09:39:21,0.14,1.0,840,0.12,0.8571,1075,0.12,0.8571,1,0.13,0.9285,164,0
IWM190927C160,2019-09-20,2019-09-20 09:39:22,0.14,1.0,840,0.12,0.8571,1075,0.12,0.8571,1,0.13,0.9285,164,0
IWM190927C160,2019-09-20,2019-09-20 09:39:23,0.14,1.0,840,0.12,0.8571,1075,0.12,0.8571,1,0.13,0.9285,164,0
IWM190927C160,2019-09-20,2019-09-20 09:39:24,0.14,1.0,840,0.12,0.8571,1075,0.12,0.8571,1,0.13,0.9285,164,0
IWM190927C160,2019-09-20,2019-09-20 09:39:25,0.14,1.0,840,0.12,0.8571,1075,0.12,0.8571,1,0.13,0.9285,164,0
IWM190927C160,2019-09-20,2019-09-20 09:39:26,0.14,1.0,840,0.12,0.8571,1075,0.12,0.8571,1,0.13,0.9285,164,0
IWM190927C160,2019-09-20,2019-09-20 09:39:26,0.14,1.0,509,0.12,0.8571,627,0.12,0.8571,1,0.13,0.9285,164,0
IWM190927C160,2019-09-20,2019-09-20 09:39:27,0.14,1.0,840,0.12,0.8571,1012,0.12,0.8571,1,0.13,0.9285,164,0
IWM190927C160,2019-09-20,2019-09-20 09:39:28,0.14,1.0,840,0.12,0.8571,1012,0.12,0.8571,1,0.13,0.9285,164,0
IWM190927C160,2019-09-20,2019-09-20 09:39:29,0.14,1.0,840,0.12,0.8571,1012,0.12,0.8571,1,0.13,0.9285,164,0
IWM190927C160,2019-09-20,2019-09-20 09:39:30,0.14,1.0,840,0.12,0.8571,1012,0.12,0.8571,1,0.13,0.9285,164,0
IWM190927C160,2019-09-20,2019-09-20 09:39:31,0.14,1.0,840,0.12,0.8571,1012,0.12,0.8571,1,0.13,0.9285,164,0
IWM190927C160,2019-09-20,2019-09-20 09:39:32,0.14,1.0,840,0.12,0.8571,1012,0.12,0.8571,1,0.13,0.9285,164,0
IWM190927C160,2019-09-20,2019-09-20 09:39:33,0.14,1.0,742,0.12,0.8571,868,0.12,0.8571,1,0.13,0.9285,164,0
IWM190927C160,2019-09-20,2019-09-20 09:39:33,0.14,1.0,742,0.12,0.8571,1012,0.12,0.8571,1,0.13,0.9285,164,0
IWM190927C160,2019-09-20,2019-09-20 09:39:34,0.14,1.0,1188,0.12,0.8571,1084,0.12,0.8571,1,0.13,0.9285,164,0
IWM190927C160,2019-09-20,2019-09-20 09:39:34,0.14,1.0,742,0.12,0.8571,627,0.12,0.8571,1,0.13,0.9285,164,0
IWM190927C160,2019-09-20,2019-09-20 09:39:35,0.14,1.0,1263,0.12,0.8571,1084,0.12,0.8571,1,0.13,0.9285,164,0
IWM190927C160,2019-09-20,2019-09-20 09:39:36,0.14,1.0,1263,0.12,0.8571,1084,0.12,0.8571,1,0.13,0.9285,164,0
IWM190927C160,2019-09-20,2019-09-20 09:39:37,0.14,1.0,1263,0.12,0.8571,1084,0.12,0.8571,1,0.13,0.9285,164,0
IWM190927C160,2019-09-20,2019-09-20 09:39:38,0.14,1.0,1263,0.12,0.8571,1084,0.12,0.8571,1,0.13,0.9285,164,0
IWM190927C160,2019-09-20,2019-09-20 09:39:38,0.14,1.0,1263,0.12,0.8571,1066,0.12,0.8571,1,0.13,0.9285,164,0
IWM190927C160,2019-09-20,2019-09-20 09:39:39,0.14,1.0,1263,0.12,0.8571,1066,0.12,0.8571,1,0.13,0.9285,164,0
IWM190927C160,2019-09-20,2019-09-20 09:39:40,0.14,1.0,1263,0.12,0.8571,1066,0.12,0.8571,1,0.13,0.9285,164,0
IWM190927C160,2019-09-20,2019-09-20 09:39:41,0.14,1.0,1263,0.12,0.8571,1066,0.12,0.8571,1,0.13,0.9285,164,0
IWM190927C160,2019-09-20,2019-09-20 09:39:42,0.14,1.0,1263,0.12,0.8571,1066,0.12,0.8571,1,0.13,0.9285,164,0
IWM190927C160,2019-09-20,2019-09-20 09:39:43,0.14,1.0,1263,0.12,0.8571,1066,0.12,0.8571,1,0.13,0.9285,164,0
IWM190927C160,2019-09-20,2019-09-20 09:39:43,0.14,1.0,870,0.12,0.8571,1066,0.12,0.8571,1,0.13,0.9285,164,0
IWM190927C160,2019-09-20,2019-09-20 09:39:44,0.14,1.0,1269,0.12,0.8571,1073,0.12,0.8571,1,0.13,0.9285,164,0
IWM190927C160,2019-09-20,2019-09-20 09:39:45,0.14,1.0,768,0.12,0.8571,979,0.12,0.8571,1,0.13,0.9285,164,0
IWM190927C160,2019-09-20,2019-09-20 09:39:45,0.14,1.0,1269,0.12,0.8571,1073,0.12,0.8571,1,0.13,0.9285,164,0
IWM190927C160,2019-09-20,2019-09-20 09:39:46,0.14,1.0,1020,0.12,0.8571,979,0.12,0.8571,1,0.13,0.9285,164,0
IWM190927C160,2019-09-20,2019-09-20 09:39:46,0.14,1.0,704,0.12,0.8571,979,0.12,0.8571,1,0.13,0.9285,164,0
IWM190927C160,2019-09-20,2019-09-20 09:39:47,0.14,1.0,704,0.12,0.8571,979,0.12,0.8571,1,0.13,0.9285,164,0
IWM190927C160,2019-09-20,2019-09-20 09:39:47,0.14,1.0,617,0.12,0.8571,964,0.12,0.8571,1,0.13,0.9285,164,0
IWM190927C160,2019-09-20,2019-09-20 09:39:48,0.14,1.0,914,0.12,0.8571,995,0.12,0.8571,1,0.13,0.9285,164,0
IWM190927C160,2019-09-20,2019-09-20 09:39:48,0.14,1.0,674,0.12,0.8571,995,0.12,0.8571,1,0.13,0.9285,164,0
IWM190927C160,2019-09-20,2019-09-20 09:39:49,0.14,1.0,516,0.12,0.8571,1030,0.12,0.8571,1,0.13,0.9285,164,0
IWM190927C160,2019-09-20,2019-09-20 09:39:49,0.14,1.0,850,0.12,0.8571,995,0.12,0.8571,1,0.13,0.9285,164,0
IWM190927C160,2019-09-20,2019-09-20 09:39:50,0.14,1.0,764,0.12,0.8571,1030,0.12,0.8571,1,0.13,0.9285,164,0
IWM190927C160,2019-09-20,2019-09-20 09:39:50,0.14,1.0,590,0.12,0.8571,1030,0.12,0.8571,1,0.13,0.9285,164,0
IWM190927C160,2019-09-20,2019-09-20 09:39:51,0.14,1.0,282,0.12,0.8571,950,0.12,0.8571,1,0.13,0.9285,164,0
IWM190927C160,2019-09-20,2019-09-20 09:39:51,0.14,1.0,764,0.12,0.8571,1030,0.12,0.8571,1,0.13,0.9285,164,0
IWM190927C160,2019-09-20,2019-09-20 09:39:52,0.14,1.0,325,0.12,0.8571,950,0.12,0.8571,1,0.13,0.9285,164,0
IWM190927C160,2019-09-20,2019-09-20 09:39:53,0.14,1.0,325,0.12,0.8571,950,0.12,0.8571,1,0.13,0.9285,164,0
IWM190927C160,2019-09-20,2019-09-20 09:39:54,0.14,1.0,281,0.12,0.8571,971,0.12,0.8571,1,0.13,0.9285,164,0
IWM190927C160,2019-09-20,2019-09-20 09:39:54,0.14,1.0,230,0.12,0.8571,950,0.12,0.8571,1,0.13,0.9285,164,0
IWM190927C160,2019-09-20,2019-09-20 09:39:55,0.14,1.0,194,0.12,0.8571,971,0.12,0.8571,1,0.13,0.9285,164,0
IWM190927C160,2019-09-20,2019-09-20 09:39:56,0.14,1.0,194,0.12,0.8571,1021,0.12,0.8571,1,0.13,0.9285,164,0
IWM190927C160,2019-09-20,2019-09-20 09:39:56,0.14,1.0,204,0.12,0.8571,1031,0.12,0.8571,1,0.13,0.9285,164,0
IWM190927C160,2019-09-20,2019-09-20 09:39:57,0.14,1.0,204,0.12,0.8571,827,0.12,0.8571,1,0.13,0.9285,164,0
IWM190927C160,2019-09-20,2019-09-20 09:39:57,0.14,1.0,204,0.12,0.8571,1033,0.12,0.8571,1,0.13,0.9285,164,0
IWM190927C160,2019-09-20,2019-09-20 09:39:58,0.14,1.0,204,0.12,0.8571,939,0.12,0.8571,1,0.13,0.9285,164,0
IWM190927C160,2019-09-20,2019-09-20 09:39:58,0.14,1.0,457,0.12,0.8571,1022,0.12,0.8571,1,0.13,0.9285,164,0
IWM190927C160,2019-09-20,2019-09-20 09:39:59,0.14,1.0,328,0.12,0.8571,1048,0.12,0.8571,1,0.13,0.9285,164,0
IWM190927C160,2019-09-20,2019-09-20 09:40:00,0.14,1.0,204,0.12,0.8571,1048,0.12,0.8571,1,0.13,0.9285,164,0
IWM190927C160,2019-09-20,2019-09-20 09:40:01,0.14,1.0,122,0.12,0.8571,886,0.12,0.8571,1,0.13,0.9285,164,0
IWM190927C160,2019-09-20,2019-09-20 09:40:01,0.14,1.0,152,0.12,0.8571,1707,0.12,0.8571,1,0.13,0.9285,164,0
IWM190927C160,2019-09-20,2019-09-20 09:40:02,0.14,1.0,193,0.12,0.8571,1213,0.12,0.8571,1,0.13,0.9285,164,0
IWM190927C160,2019-09-20,2019-09-20 09:40:02,0.14,1.0,525,0.12,0.8571,1093,0.12,0.8571,1,0.13,0.9285,164,0
IWM190927C160,2019-09-20,2019-09-20 09:40:03,0.14,1.0,876,0.12,0.8571,1093,0.12,0.8571,1,0.13,0.9285,164,0
IWM190927C160,2019-09-20,2019-09-20 09:40:04,0.14,1.0,619,0.12,0.8571,1042,0.12,0.8571,1,0.13,0.9285,164,0
IWM190927C160,2019-09-20,2019-09-20 09:40:04,0.14,1.0,472,0.12,0.8571,1093,0.12,0.8571,1,0.13,0.9285,164,0
IWM190927C160,2019-09-20,2019-09-20 09:40:05,0.14,1.0,655,0.12,0.8571,984,0.12,0.8571,1,0.13,0.9285,164,0
IWM190927C160,2019-09-20,2019-09-20 09:40:06,0.14,1.0,696,0.12,0.8571,984,0.12,0.8571,1,0.13,0.9285,164,0
IWM190927C160,2019-09-20,2019-09-20 09:40:06,0.14,1.0,696,0.12,0.8571,974,0.12,0.8571,1,0.13,0.9285,164,0
IWM190927C160,2019-09-20,2019-09-20 09:40:07,0.14,1.0,696,0.12,0.8571,974,0.12,0.8571,1,0.13,0.9285,164,0
