symbol,Date,quote_time,ask_price,norm_ask_price,ask_size,bid_price,norm_bid_price,bid_size,last_trade_price,norm_last_trade_price,last_trade_size,mark_price,norm_mark_price,volume,Volume
SPY190522C287,2019-05-20,2019-05-20 09:31:33,0.65,1.0,221,0.63,0.9692,300,0.65,1.0,1,0.64,0.9846,130,130
SPY190522C287,2019-05-20,2019-05-20 09:31:36,0.65,1.0,1121,0.63,0.9692,122,0.65,1.0,2,0.64,0.9846,132,2
SPY190522C287,2019-05-20,2019-05-20 09:31:38,0.65,1.0,895,0.64,0.9846,1,0.64,0.9846,1,0.645,0.9923,133,1
SPY190522C287,2019-05-20,2019-05-20 09:31:39,0.64,0.9846,1,0.63,0.9692,455,0.64,0.9846,1,0.635,0.9769,134,1
SPY190522C287,2019-05-20,2019-05-20 09:31:40,0.64,0.9846,2,0.63,0.9692,455,0.63,0.9692,1,0.635,0.9769,138,4
SPY190522C287,2019-05-20,2019-05-20 09:31:41,0.64,0.9846,1,0.63,0.9692,747,0.64,0.9846,1,0.635,0.9769,139,1
SPY190522C287,2019-05-20,2019-05-20 09:31:42,0.64,0.9846,1,0.63,0.9692,958,0.64,0.9846,1,0.635,0.9769,139,0
SPY190522C287,2019-05-20,2019-05-20 09:31:43,0.64,0.9846,1,0.63,0.9692,270,0.63,0.9692,1,0.635,0.9769,140,1
SPY190522C287,2019-05-20,2019-05-20 09:31:44,0.64,0.9846,1,0.63,0.9692,270,0.63,0.9692,1,0.635,0.9769,140,0
SPY190522C287,2019-05-20,2019-05-20 09:31:45,0.64,0.9846,1,0.63,0.9692,271,0.63,0.9692,1,0.635,0.9769,140,0
SPY190522C287,2019-05-20,2019-05-20 09:31:46,0.64,0.9846,1,0.63,0.9692,151,0.63,0.9692,1,0.635,0.9769,140,0
SPY190522C287,2019-05-20,2019-05-20 09:31:47,0.64,0.9846,1,0.63,0.9692,220,0.63,0.9692,1,0.635,0.9769,140,0
SPY190522C287,2019-05-20,2019-05-20 09:31:48,0.64,0.9846,1,0.63,0.9692,280,0.63,0.9692,1,0.635,0.9769,140,0
SPY190522C287,2019-05-20,2019-05-20 09:31:48,0.64,0.9846,1,0.63,0.9692,220,0.63,0.9692,1,0.635,0.9769,140,0
SPY190522C287,2019-05-20,2019-05-20 09:31:49,0.64,0.9846,1,0.64,0.9846,1,0.64,0.9846,1,0.64,0.9846,141,1
SPY190522C287,2019-05-20,2019-05-20 09:31:50,0.64,0.9846,1,0.64,0.9846,224,0.64,0.9846,1,0.64,0.9846,141,0
SPY190522C287,2019-05-20,2019-05-20 09:31:51,0.66,1.0153,494,0.64,0.9846,97,0.64,0.9846,1,0.65,1.0,141,0
SPY190522C287,2019-05-20,2019-05-20 09:31:52,0.65,1.0,171,0.63,0.9692,296,0.64,0.9846,1,0.64,0.9846,141,0
SPY190522C287,2019-05-20,2019-05-20 09:31:53,0.65,1.0,765,0.63,0.9692,220,0.64,0.9846,1,0.64,0.9846,141,0
SPY190522C287,2019-05-20,2019-05-20 09:31:54,0.67,1.0307,224,0.65,1.0,273,0.65,1.0,1,0.66,1.0153,142,0
SPY190522C287,2019-05-20,2019-05-20 09:31:54,0.66,1.0153,50,0.65,1.0,272,0.65,1.0,1,0.655,1.0076,142,1
SPY190522C287,2019-05-20,2019-05-20 09:31:55,0.67,1.0307,224,0.65,1.0,273,0.65,1.0,1,0.66,1.0153,142,0
SPY190522C287,2019-05-20,2019-05-20 09:31:56,0.67,1.0307,170,0.65,1.0,273,0.65,1.0,1,0.66,1.0153,142,0
SPY190522C287,2019-05-20,2019-05-20 09:31:57,0.67,1.0307,959,0.65,1.0,273,0.65,1.0,1,0.66,1.0153,142,0
SPY190522C287,2019-05-20,2019-05-20 09:31:58,0.67,1.0307,1169,0.65,1.0,273,0.65,1.0,1,0.66,1.0153,142,0
SPY190522C287,2019-05-20,2019-05-20 09:31:59,0.67,1.0307,1169,0.65,1.0,273,0.65,1.0,1,0.66,1.0153,142,0
SPY190522C287,2019-05-20,2019-05-20 09:31:59,0.67,1.0307,1169,0.65,1.0,272,0.65,1.0,1,0.66,1.0153,142,0
SPY190522C287,2019-05-20,2019-05-20 09:32:00,0.67,1.0307,1169,0.65,1.0,272,0.65,1.0,1,0.66,1.0153,142,0
SPY190522C287,2019-05-20,2019-05-20 09:32:01,0.67,1.0307,1169,0.65,1.0,272,0.65,1.0,1,0.66,1.0153,142,0
SPY190522C287,2019-05-20,2019-05-20 09:32:02,0.67,1.0307,782,0.65,1.0,272,0.66,1.0153,6,0.66,1.0153,148,6
SPY190522C287,2019-05-20,2019-05-20 09:32:02,0.67,1.0307,790,0.65,1.0,272,0.65,1.0,1,0.66,1.0153,142,0
SPY190522C287,2019-05-20,2019-05-20 09:32:03,0.66,1.0153,130,0.65,1.0,248,0.66,1.0153,6,0.655,1.0076,148,0
SPY190522C287,2019-05-20,2019-05-20 09:32:04,0.66,1.0153,50,0.65,1.0,249,0.66,1.0153,6,0.655,1.0076,148,0
SPY190522C287,2019-05-20,2019-05-20 09:32:05,0.67,1.0307,1067,0.65,1.0,249,0.66,1.0153,6,0.66,1.0153,148,0
SPY190522C287,2019-05-20,2019-05-20 09:32:06,0.67,1.0307,1067,0.65,1.0,249,0.66,1.0153,6,0.66,1.0153,148,0
SPY190522C287,2019-05-20,2019-05-20 09:32:07,0.66,1.0153,1,0.64,0.9846,1,0.66,1.0153,8,0.65,1.0,156,8
SPY190522C287,2019-05-20,2019-05-20 09:32:08,0.66,1.0153,50,0.65,1.0,221,0.65,1.0,1,0.655,1.0076,157,1
SPY190522C287,2019-05-20,2019-05-20 09:32:08,0.67,1.0307,761,0.65,1.0,72,0.65,1.0,1,0.66,1.0153,157,0
SPY190522C287,2019-05-20,2019-05-20 09:32:09,0.66,1.0153,966,0.64,0.9846,287,0.65,1.0,1,0.65,1.0,157,0
SPY190522C287,2019-05-20,2019-05-20 09:32:10,0.66,1.0153,1290,0.64,0.9846,1,0.65,1.0,1,0.65,1.0,157,0
SPY190522C287,2019-05-20,2019-05-20 09:32:11,0.65,1.0,150,0.63,0.9692,221,0.63,0.9692,50,0.64,0.9846,209,52
SPY190522C287,2019-05-20,2019-05-20 09:32:12,0.64,0.9846,148,0.62,0.9538,555,0.63,0.9692,50,0.63,0.9692,209,0
SPY190522C287,2019-05-20,2019-05-20 09:32:13,0.64,0.9846,297,0.62,0.9538,195,0.63,0.9692,50,0.63,0.9692,209,0
SPY190522C287,2019-05-20,2019-05-20 09:32:15,0.64,0.9846,100,0.62,0.9538,356,0.63,0.9692,50,0.63,0.9692,209,0
SPY190522C287,2019-05-20,2019-05-20 09:32:16,0.64,0.9846,105,0.62,0.9538,280,0.63,0.9692,50,0.63,0.9692,209,0
SPY190522C287,2019-05-20,2019-05-20 09:32:17,0.64,0.9846,160,0.62,0.9538,268,0.63,0.9692,50,0.63,0.9692,209,0
SPY190522C287,2019-05-20,2019-05-20 09:32:18,0.64,0.9846,288,0.62,0.9538,289,0.63,0.9692,50,0.63,0.9692,209,0
SPY190522C287,2019-05-20,2019-05-20 09:32:19,0.64,0.9846,529,0.62,0.9538,348,0.63,0.9692,50,0.63,0.9692,209,0
SPY190522C287,2019-05-20,2019-05-20 09:32:19,0.64,0.9846,318,0.62,0.9538,550,0.63,0.9692,50,0.63,0.9692,209,0
SPY190522C287,2019-05-20,2019-05-20 09:32:20,0.64,0.9846,327,0.62,0.9538,528,0.63,0.9692,50,0.63,0.9692,209,0
SPY190522C287,2019-05-20,2019-05-20 09:32:21,0.64,0.9846,1408,0.61,0.9384,504,0.63,0.9692,50,0.625,0.9615,209,0
SPY190522C287,2019-05-20,2019-05-20 09:32:22,0.64,0.9846,145,0.62,0.9538,273,0.63,0.9692,50,0.63,0.9692,209,0
SPY190522C287,2019-05-20,2019-05-20 09:32:23,0.64,0.9846,577,0.62,0.9538,273,0.63,0.9692,50,0.63,0.9692,209,0
SPY190522C287,2019-05-20,2019-05-20 09:32:24,0.64,0.9846,918,0.62,0.9538,273,0.63,0.9692,50,0.63,0.9692,209,0
SPY190522C287,2019-05-20,2019-05-20 09:32:25,0.64,0.9846,1054,0.62,0.9538,273,0.63,0.9692,50,0.63,0.9692,209,0
SPY190522C287,2019-05-20,2019-05-20 09:32:26,0.63,0.9692,874,0.61,0.9384,585,0.63,0.9692,50,0.62,0.9538,209,0
SPY190522C287,2019-05-20,2019-05-20 09:32:27,0.63,0.9692,257,0.62,0.9538,207,0.63,0.9692,50,0.625,0.9615,209,0
SPY190522C287,2019-05-20,2019-05-20 09:32:28,0.63,0.9692,182,0.62,0.9538,207,0.63,0.9692,50,0.625,0.9615,209,0
SPY190522C287,2019-05-20,2019-05-20 09:32:29,0.63,0.9692,182,0.61,0.9384,351,0.63,0.9692,50,0.62,0.9538,209,0
SPY190522C287,2019-05-20,2019-05-20 09:32:30,0.63,0.9692,131,0.61,0.9384,392,0.63,0.9692,1,0.62,0.9538,210,1
SPY190522C287,2019-05-20,2019-05-20 09:32:31,0.63,0.9692,103,0.61,0.9384,539,0.63,0.9692,1,0.62,0.9538,210,0
SPY190522C287,2019-05-20,2019-05-20 09:32:32,0.64,0.9846,333,0.61,0.9384,352,0.61,0.9384,1,0.625,0.9615,211,1
SPY190522C287,2019-05-20,2019-05-20 09:32:33,0.64,0.9846,214,0.62,0.9538,620,0.61,0.9384,1,0.63,0.9692,211,0
SPY190522C287,2019-05-20,2019-05-20 09:32:34,0.64,0.9846,344,0.62,0.9538,620,0.61,0.9384,1,0.63,0.9692,211,0
SPY190522C287,2019-05-20,2019-05-20 09:32:35,0.64,0.9846,100,0.63,0.9692,207,0.63,0.9692,5,0.635,0.9769,216,5
SPY190522C287,2019-05-20,2019-05-20 09:32:36,0.65,1.0,211,0.63,0.9692,438,0.63,0.9692,5,0.64,0.9846,216,0
SPY190522C287,2019-05-20,2019-05-20 09:32:37,0.65,1.0,1366,0.62,0.9538,1373,0.63,0.9692,5,0.635,0.9769,216,0
SPY190522C287,2019-05-20,2019-05-20 09:32:39,0.65,1.0,1867,0.62,0.9538,1280,0.63,0.9692,5,0.635,0.9769,216,0
SPY190522C287,2019-05-20,2019-05-20 09:32:40,0.64,0.9846,422,0.62,0.9538,444,0.63,0.9692,5,0.63,0.9692,216,0
SPY190522C287,2019-05-20,2019-05-20 09:32:41,0.64,0.9846,587,0.61,0.9384,587,0.63,0.9692,5,0.625,0.9615,216,0
SPY190522C287,2019-05-20,2019-05-20 09:32:42,0.64,0.9846,1246,0.61,0.9384,1364,0.63,0.9692,5,0.625,0.9615,216,0
SPY190522C287,2019-05-20,2019-05-20 09:32:43,0.64,0.9846,1882,0.61,0.9384,1290,0.63,0.9692,5,0.625,0.9615,216,0
SPY190522C287,2019-05-20,2019-05-20 09:32:44,0.64,0.9846,1246,0.61,0.9384,1364,0.63,0.9692,5,0.625,0.9615,216,0
SPY190522C287,2019-05-20,2019-05-20 09:32:45,0.64,0.9846,1246,0.61,0.9384,1364,0.63,0.9692,5,0.625,0.9615,216,0
SPY190522C287,2019-05-20,2019-05-20 09:32:46,0.63,0.9692,150,0.61,0.9384,1576,0.63,0.9692,1,0.62,0.9538,217,1
SPY190522C287,2019-05-20,2019-05-20 09:32:47,0.63,0.9692,78,0.61,0.9384,421,0.63,0.9692,1,0.62,0.9538,217,0
SPY190522C287,2019-05-20,2019-05-20 09:32:48,0.63,0.9692,200,0.61,0.9384,401,0.63,0.9692,2,0.62,0.9538,219,2
SPY190522C287,2019-05-20,2019-05-20 09:32:49,0.63,0.9692,75,0.62,0.9538,221,0.63,0.9692,2,0.625,0.9615,219,0
SPY190522C287,2019-05-20,2019-05-20 09:32:50,0.63,0.9692,69,0.62,0.9538,221,0.63,0.9692,2,0.625,0.9615,219,0
SPY190522C287,2019-05-20,2019-05-20 09:32:51,0.63,0.9692,133,0.62,0.9538,236,0.63,0.9692,2,0.625,0.9615,219,0
SPY190522C287,2019-05-20,2019-05-20 09:32:52,0.63,0.9692,50,0.62,0.9538,301,0.63,0.9692,2,0.625,0.9615,219,0
SPY190522C287,2019-05-20,2019-05-20 09:32:53,0.64,0.9846,187,0.63,0.9692,302,0.63,0.9692,2,0.635,0.9769,219,0
SPY190522C287,2019-05-20,2019-05-20 09:32:54,0.64,0.9846,2,0.63,0.9692,1262,0.63,0.9692,2,0.635,0.9769,219,0
SPY190522C287,2019-05-20,2019-05-20 09:32:55,0.64,0.9846,2,0.63,0.9692,446,0.63,0.9692,1,0.635,0.9769,220,1
SPY190522C287,2019-05-20,2019-05-20 09:32:56,0.64,0.9846,2,0.63,0.9692,446,0.63,0.9692,1,0.635,0.9769,220,0
SPY190522C287,2019-05-20,2019-05-20 09:32:57,0.64,0.9846,2,0.63,0.9692,1,0.63,0.9692,1,0.635,0.9769,220,0
SPY190522C287,2019-05-20,2019-05-20 09:32:58,0.64,0.9846,2,0.63,0.9692,1,0.63,0.9692,1,0.635,0.9769,220,0
SPY190522C287,2019-05-20,2019-05-20 09:32:59,0.64,0.9846,10,0.63,0.9692,1,0.63,0.9692,1,0.635,0.9769,220,0
SPY190522C287,2019-05-20,2019-05-20 09:33:00,0.64,0.9846,79,0.63,0.9692,7,0.63,0.9692,1,0.635,0.9769,220,0
SPY190522C287,2019-05-20,2019-05-20 09:33:01,0.66,1.0153,313,0.63,0.9692,1151,0.64,0.9846,2,0.645,0.9923,222,2
SPY190522C287,2019-05-20,2019-05-20 09:33:02,0.65,1.0,170,0.63,0.9692,153,0.64,0.9846,1,0.64,0.9846,224,2
SPY190522C287,2019-05-20,2019-05-20 09:33:03,0.65,1.0,539,0.63,0.9692,1,0.64,0.9846,1,0.64,0.9846,224,0
SPY190522C287,2019-05-20,2019-05-20 09:33:04,0.64,0.9846,230,0.62,0.9538,529,0.63,0.9692,1,0.63,0.9692,225,1
SPY190522C287,2019-05-20,2019-05-20 09:33:05,0.64,0.9846,230,0.62,0.9538,717,0.63,0.9692,1,0.63,0.9692,225,0
SPY190522C287,2019-05-20,2019-05-20 09:33:06,0.64,0.9846,319,0.62,0.9538,379,0.63,0.9692,1,0.63,0.9692,225,0
SPY190522C287,2019-05-20,2019-05-20 09:33:07,0.64,0.9846,230,0.62,0.9538,384,0.63,0.9692,1,0.63,0.9692,225,0
SPY190522C287,2019-05-20,2019-05-20 09:33:08,0.64,0.9846,337,0.62,0.9538,110,0.63,0.9692,1,0.63,0.9692,225,0
SPY190522C287,2019-05-20,2019-05-20 09:33:09,0.63,0.9692,70,0.61,0.9384,1219,0.63,0.9692,1,0.62,0.9538,225,0
SPY190522C287,2019-05-20,2019-05-20 09:33:10,0.63,0.9692,70,0.61,0.9384,1219,0.63,0.9692,1,0.62,0.9538,225,0
SPY190522C287,2019-05-20,2019-05-20 09:33:11,0.64,0.9846,904,0.62,0.9538,266,0.63,0.9692,1,0.63,0.9692,225,0
SPY190522C287,2019-05-20,2019-05-20 09:33:12,0.63,0.9692,85,0.61,0.9384,1171,0.63,0.9692,1,0.62,0.9538,225,0
SPY190522C287,2019-05-20,2019-05-20 09:33:14,0.63,0.9692,108,0.62,0.9538,266,0.63,0.9692,1,0.625,0.9615,225,0
SPY190522C287,2019-05-20,2019-05-20 09:33:15,0.64,0.9846,230,0.62,0.9538,329,0.62,0.9538,1,0.63,0.9692,226,1
SPY190522C287,2019-05-20,2019-05-20 09:33:16,0.64,0.9846,1202,0.61,0.9384,898,0.62,0.9538,1,0.625,0.9615,226,0
SPY190522C287,2019-05-20,2019-05-20 09:33:17,0.63,0.9692,127,0.61,0.9384,1042,0.62,0.9538,1,0.62,0.9538,226,0
SPY190522C287,2019-05-20,2019-05-20 09:33:18,0.63,0.9692,50,0.61,0.9384,1446,0.62,0.9538,1,0.62,0.9538,226,0
SPY190522C287,2019-05-20,2019-05-20 09:33:19,0.63,0.9692,108,0.62,0.9538,1,0.63,0.9692,10,0.625,0.9615,236,10
SPY190522C287,2019-05-20,2019-05-20 09:33:20,0.63,0.9692,108,0.62,0.9538,1,0.63,0.9692,10,0.625,0.9615,236,0
SPY190522C287,2019-05-20,2019-05-20 09:33:21,0.63,0.9692,208,0.62,0.9538,266,0.63,0.9692,10,0.625,0.9615,236,0
SPY190522C287,2019-05-20,2019-05-20 09:33:22,0.64,0.9846,1061,0.62,0.9538,80,0.63,0.9692,10,0.63,0.9692,236,0
SPY190522C287,2019-05-20,2019-05-20 09:33:23,0.64,0.9846,75,0.62,0.9538,394,0.63,0.9692,10,0.63,0.9692,236,0
SPY190522C287,2019-05-20,2019-05-20 09:33:24,0.64,0.9846,229,0.62,0.9538,481,0.63,0.9692,10,0.63,0.9692,236,0
SPY190522C287,2019-05-20,2019-05-20 09:33:25,0.65,1.0,130,0.63,0.9692,130,0.63,0.9692,10,0.64,0.9846,236,0
SPY190522C287,2019-05-20,2019-05-20 09:33:26,0.65,1.0,6,0.63,0.9692,304,0.63,0.9692,10,0.64,0.9846,236,0
SPY190522C287,2019-05-20,2019-05-20 09:33:27,0.66,1.0153,271,0.64,0.9846,50,0.63,0.9692,10,0.65,1.0,236,0
SPY190522C287,2019-05-20,2019-05-20 09:33:28,0.66,1.0153,637,0.63,0.9692,275,0.63,0.9692,10,0.645,0.9923,236,0
SPY190522C287,2019-05-20,2019-05-20 09:33:29,0.65,1.0,55,0.63,0.9692,1270,0.63,0.9692,10,0.64,0.9846,236,0
SPY190522C287,2019-05-20,2019-05-20 09:33:30,0.65,1.0,130,0.63,0.9692,1423,0.64,0.9846,1,0.64,0.9846,237,1
SPY190522C287,2019-05-20,2019-05-20 09:33:31,0.65,1.0,281,0.63,0.9692,100,0.64,0.9846,1,0.64,0.9846,237,0
SPY190522C287,2019-05-20,2019-05-20 09:33:32,0.65,1.0,1252,0.62,0.9538,1758,0.64,0.9846,1,0.635,0.9769,237,0
SPY190522C287,2019-05-20,2019-05-20 09:33:33,0.66,1.0153,1483,0.63,0.9692,880,0.64,0.9846,1,0.645,0.9923,237,0
SPY190522C287,2019-05-20,2019-05-20 09:33:34,0.65,1.0,146,0.63,0.9692,1475,0.64,0.9846,1,0.64,0.9846,237,0
SPY190522C287,2019-05-20,2019-05-20 09:33:35,0.66,1.0153,605,0.63,0.9692,1475,0.64,0.9846,1,0.645,0.9923,237,0
SPY190522C287,2019-05-20,2019-05-20 09:33:36,0.67,1.0307,1515,0.64,0.9846,1170,0.64,0.9846,1,0.655,1.0076,237,0
SPY190522C287,2019-05-20,2019-05-20 09:33:38,0.67,1.0307,2639,0.64,0.9846,1170,0.64,0.9846,1,0.655,1.0076,237,0
SPY190522C287,2019-05-20,2019-05-20 09:33:39,0.66,1.0153,80,0.64,0.9846,331,0.64,0.9846,1,0.65,1.0,237,0
SPY190522C287,2019-05-20,2019-05-20 09:33:40,0.66,1.0153,220,0.64,0.9846,105,0.64,0.9846,1,0.65,1.0,237,0
SPY190522C287,2019-05-20,2019-05-20 09:33:41,0.65,1.0,1300,0.63,0.9692,100,0.64,0.9846,1,0.64,0.9846,237,0
SPY190522C287,2019-05-20,2019-05-20 09:33:42,0.65,1.0,239,0.63,0.9692,100,0.64,0.9846,1,0.64,0.9846,237,0
SPY190522C287,2019-05-20,2019-05-20 09:33:43,0.65,1.0,78,0.63,0.9692,168,0.64,0.9846,1,0.64,0.9846,237,0
SPY190522C287,2019-05-20,2019-05-20 09:33:44,0.65,1.0,86,0.63,0.9692,180,0.64,0.9846,1,0.64,0.9846,237,0
SPY190522C287,2019-05-20,2019-05-20 09:33:45,0.65,1.0,198,0.64,0.9846,50,0.64,0.9846,1,0.645,0.9923,237,0
SPY190522C287,2019-05-20,2019-05-20 09:33:46,0.66,1.0153,384,0.64,0.9846,130,0.64,0.9846,1,0.65,1.0,237,0
SPY190522C287,2019-05-20,2019-05-20 09:33:47,0.66,1.0153,945,0.64,0.9846,100,0.64,0.9846,1,0.65,1.0,237,0
SPY190522C287,2019-05-20,2019-05-20 09:33:48,0.66,1.0153,295,0.64,0.9846,1040,0.64,0.9846,1,0.65,1.0,237,0
SPY190522C287,2019-05-20,2019-05-20 09:33:49,0.66,1.0153,295,0.64,0.9846,743,0.64,0.9846,1,0.65,1.0,237,0
SPY190522C287,2019-05-20,2019-05-20 09:33:50,0.66,1.0153,1085,0.64,0.9846,130,0.64,0.9846,1,0.65,1.0,237,0
SPY190522C287,2019-05-20,2019-05-20 09:33:52,0.66,1.0153,2408,0.63,0.9692,1269,0.64,0.9846,1,0.645,0.9923,237,0
SPY190522C287,2019-05-20,2019-05-20 09:33:53,0.66,1.0153,183,0.64,0.9846,577,0.64,0.9846,1,0.65,1.0,237,0
SPY190522C287,2019-05-20,2019-05-20 09:33:54,0.66,1.0153,243,0.64,0.9846,1225,0.64,0.9846,1,0.65,1.0,237,0
SPY190522C287,2019-05-20,2019-05-20 09:33:55,0.65,1.0,1,0.63,0.9692,1037,0.65,1.0,1,0.64,0.9846,238,1
SPY190522C287,2019-05-20,2019-05-20 09:33:56,0.66,1.0153,230,0.64,0.9846,131,0.65,1.0,1,0.65,1.0,238,0
SPY190522C287,2019-05-20,2019-05-20 09:33:58,0.66,1.0153,365,0.64,0.9846,180,0.65,1.0,1,0.65,1.0,238,0
SPY190522C287,2019-05-20,2019-05-20 09:33:59,0.65,1.0,116,0.63,0.9692,1112,0.65,1.0,1,0.64,0.9846,239,1
SPY190522C287,2019-05-20,2019-05-20 09:34:00,0.66,1.0153,353,0.64,0.9846,170,0.65,1.0,1,0.65,1.0,239,0
SPY190522C287,2019-05-20,2019-05-20 09:34:00,0.66,1.0153,824,0.64,0.9846,170,0.65,1.0,1,0.65,1.0,239,0
SPY190522C287,2019-05-20,2019-05-20 09:34:01,0.66,1.0153,243,0.64,0.9846,169,0.65,1.0,1,0.65,1.0,239,0
SPY190522C287,2019-05-20,2019-05-20 09:34:03,0.66,1.0153,1465,0.64,0.9846,100,0.65,1.0,1,0.65,1.0,239,0
SPY190522C287,2019-05-20,2019-05-20 09:34:04,0.65,1.0,77,0.64,0.9846,100,0.65,1.0,1,0.645,0.9923,239,0
SPY190522C287,2019-05-20,2019-05-20 09:34:05,0.66,1.0153,771,0.63,0.9692,1841,0.65,1.0,1,0.645,0.9923,239,0
SPY190522C287,2019-05-20,2019-05-20 09:34:06,0.66,1.0153,230,0.64,0.9846,851,0.65,1.0,1,0.65,1.0,239,0
SPY190522C287,2019-05-20,2019-05-20 09:34:07,0.66,1.0153,389,0.64,0.9846,1191,0.66,1.0153,5,0.65,1.0,244,5
SPY190522C287,2019-05-20,2019-05-20 09:34:08,0.66,1.0153,331,0.64,0.9846,169,0.66,1.0153,5,0.65,1.0,244,0
SPY190522C287,2019-05-20,2019-05-20 09:34:09,0.66,1.0153,332,0.64,0.9846,180,0.66,1.0153,5,0.65,1.0,244,0
SPY190522C287,2019-05-20,2019-05-20 09:34:10,0.66,1.0153,230,0.64,0.9846,252,0.66,1.0153,5,0.65,1.0,244,0
SPY190522C287,2019-05-20,2019-05-20 09:34:11,0.66,1.0153,503,0.64,0.9846,130,0.66,1.0153,5,0.65,1.0,244,0
SPY190522C287,2019-05-20,2019-05-20 09:34:12,0.66,1.0153,1097,0.63,0.9692,947,0.66,1.0153,5,0.645,0.9923,244,0
SPY190522C287,2019-05-20,2019-05-20 09:34:13,0.65,1.0,694,0.63,0.9692,151,0.66,1.0153,5,0.64,0.9846,244,0
SPY190522C287,2019-05-20,2019-05-20 09:34:14,0.65,1.0,1181,0.63,0.9692,100,0.66,1.0153,5,0.64,0.9846,244,0
SPY190522C287,2019-05-20,2019-05-20 09:34:16,0.64,0.9846,1,0.63,0.9692,100,0.64,0.9846,1,0.635,0.9769,245,1
SPY190522C287,2019-05-20,2019-05-20 09:34:17,0.65,1.0,130,0.63,0.9692,5,0.64,0.9846,1,0.64,0.9846,245,0
SPY190522C287,2019-05-20,2019-05-20 09:34:18,0.65,1.0,175,0.63,0.9692,1457,0.64,0.9846,1,0.64,0.9846,245,0
SPY190522C287,2019-05-20,2019-05-20 09:34:19,0.65,1.0,230,0.63,0.9692,1457,0.64,0.9846,1,0.64,0.9846,245,0
SPY190522C287,2019-05-20,2019-05-20 09:34:20,0.66,1.0153,338,0.63,0.9692,317,0.64,0.9846,1,0.645,0.9923,245,0
SPY190522C287,2019-05-20,2019-05-20 09:34:22,0.65,1.0,130,0.64,0.9846,50,0.64,0.9846,1,0.645,0.9923,245,0
SPY190522C287,2019-05-20,2019-05-20 09:34:23,0.66,1.0153,461,0.63,0.9692,170,0.64,0.9846,1,0.645,0.9923,245,0
SPY190522C287,2019-05-20,2019-05-20 09:34:24,0.66,1.0153,848,0.64,0.9846,70,0.64,0.9846,1,0.65,1.0,245,0
SPY190522C287,2019-05-20,2019-05-20 09:34:25,0.66,1.0153,1427,0.63,0.9692,1452,0.66,1.0153,1,0.645,0.9923,246,1
SPY190522C287,2019-05-20,2019-05-20 09:34:27,0.66,1.0153,890,0.63,0.9692,1099,0.66,1.0153,1,0.645,0.9923,246,0
SPY190522C287,2019-05-20,2019-05-20 09:34:28,0.66,1.0153,1034,0.64,0.9846,98,0.66,1.0153,1,0.65,1.0,246,0
SPY190522C287,2019-05-20,2019-05-20 09:34:29,0.64,0.9846,1,0.64,0.9846,25,0.64,0.9846,4,0.64,0.9846,250,4
SPY190522C287,2019-05-20,2019-05-20 09:34:30,0.64,0.9846,7,0.63,0.9692,1,0.63,0.9692,5,0.635,0.9769,256,6
SPY190522C287,2019-05-20,2019-05-20 09:34:31,0.64,0.9846,49,0.63,0.9692,51,0.64,0.9846,4,0.635,0.9769,262,6
SPY190522C287,2019-05-20,2019-05-20 09:34:33,0.65,1.0,1116,0.63,0.9692,1,0.64,0.9846,4,0.64,0.9846,262,0
SPY190522C287,2019-05-20,2019-05-20 09:34:34,0.65,1.0,632,0.63,0.9692,130,0.65,1.0,3,0.64,0.9846,272,10
SPY190522C287,2019-05-20,2019-05-20 09:34:35,0.65,1.0,418,0.63,0.9692,204,0.65,1.0,3,0.64,0.9846,272,0
SPY190522C287,2019-05-20,2019-05-20 09:34:37,0.65,1.0,418,0.63,0.9692,231,0.65,1.0,3,0.64,0.9846,272,0
SPY190522C287,2019-05-20,2019-05-20 09:34:38,0.65,1.0,255,0.63,0.9692,553,0.65,1.0,3,0.64,0.9846,272,0
SPY190522C287,2019-05-20,2019-05-20 09:34:39,0.65,1.0,635,0.63,0.9692,169,0.65,1.0,1,0.64,0.9846,273,1
SPY190522C287,2019-05-20,2019-05-20 09:34:40,0.65,1.0,68,0.63,0.9692,169,0.65,1.0,1,0.64,0.9846,273,0
SPY190522C287,2019-05-20,2019-05-20 09:34:41,0.66,1.0153,230,0.64,0.9846,170,0.65,1.0,1,0.65,1.0,273,0
SPY190522C287,2019-05-20,2019-05-20 09:34:43,0.65,1.0,270,0.63,0.9692,165,0.65,1.0,1,0.64,0.9846,273,0
SPY190522C287,2019-05-20,2019-05-20 09:34:44,0.66,1.0153,1761,0.63,0.9692,1103,0.65,1.0,1,0.645,0.9923,273,0
SPY190522C287,2019-05-20,2019-05-20 09:34:46,0.65,1.0,170,0.63,0.9692,135,0.65,1.0,1,0.64,0.9846,273,0
SPY190522C287,2019-05-20,2019-05-20 09:34:47,0.64,0.9846,60,0.63,0.9692,31,0.65,1.0,1,0.635,0.9769,273,0
SPY190522C287,2019-05-20,2019-05-20 09:34:49,0.64,0.9846,75,0.63,0.9692,1,0.65,1.0,1,0.635,0.9769,273,0
SPY190522C287,2019-05-20,2019-05-20 09:34:50,0.64,0.9846,381,0.63,0.9692,1,0.65,1.0,1,0.635,0.9769,273,0
SPY190522C287,2019-05-20,2019-05-20 09:34:51,0.63,0.9692,239,0.61,0.9384,558,0.63,0.9692,1,0.62,0.9538,274,1
SPY190522C287,2019-05-20,2019-05-20 09:34:53,0.63,0.9692,1180,0.6,0.923,1448,0.62,0.9538,2,0.615,0.9461,276,2
SPY190522C287,2019-05-20,2019-05-20 09:34:54,0.63,0.9692,278,0.61,0.9384,6,0.62,0.9538,2,0.62,0.9538,276,0
SPY190522C287,2019-05-20,2019-05-20 09:34:55,0.64,0.9846,209,0.62,0.9538,149,0.62,0.9538,2,0.63,0.9692,276,0
SPY190522C287,2019-05-20,2019-05-20 09:34:57,0.64,0.9846,731,0.61,0.9384,1670,0.62,0.9538,2,0.625,0.9615,276,0
SPY190522C287,2019-05-20,2019-05-20 09:34:58,0.63,0.9692,157,0.61,0.9384,130,0.62,0.9538,2,0.62,0.9538,276,0
SPY190522C287,2019-05-20,2019-05-20 09:34:59,0.63,0.9692,368,0.61,0.9384,100,0.62,0.9538,2,0.62,0.9538,276,0
SPY190522C287,2019-05-20,2019-05-20 09:35:00,0.63,0.9692,355,0.61,0.9384,81,0.62,0.9538,2,0.62,0.9538,276,0
SPY190522C287,2019-05-20,2019-05-20 09:35:01,0.63,0.9692,415,0.61,0.9384,81,0.62,0.9538,2,0.62,0.9538,276,0
SPY190522C287,2019-05-20,2019-05-20 09:35:03,0.65,1.0,1397,0.61,0.9384,942,0.62,0.9538,2,0.63,0.9692,276,0
SPY190522C287,2019-05-20,2019-05-20 09:35:04,0.64,0.9846,1474,0.61,0.9384,1364,0.62,0.9538,2,0.625,0.9615,276,0
SPY190522C287,2019-05-20,2019-05-20 09:35:05,0.64,0.9846,1438,0.61,0.9384,1281,0.62,0.9538,2,0.625,0.9615,276,0
SPY190522C287,2019-05-20,2019-05-20 09:35:06,0.64,0.9846,1514,0.61,0.9384,1281,0.62,0.9538,2,0.625,0.9615,276,0
SPY190522C287,2019-05-20,2019-05-20 09:35:07,0.63,0.9692,218,0.61,0.9384,1051,0.62,0.9538,2,0.62,0.9538,276,0
SPY190522C287,2019-05-20,2019-05-20 09:35:08,0.63,0.9692,230,0.61,0.9384,1077,0.62,0.9538,2,0.62,0.9538,276,0
SPY190522C287,2019-05-20,2019-05-20 09:35:09,0.63,0.9692,401,0.61,0.9384,1077,0.62,0.9538,2,0.62,0.9538,276,0
SPY190522C287,2019-05-20,2019-05-20 09:35:10,0.63,0.9692,184,0.61,0.9384,1344,0.62,0.9538,2,0.62,0.9538,276,0
SPY190522C287,2019-05-20,2019-05-20 09:35:11,0.63,0.9692,267,0.61,0.9384,130,0.62,0.9538,2,0.62,0.9538,276,0
SPY190522C287,2019-05-20,2019-05-20 09:35:12,0.62,0.9538,206,0.6,0.923,9,0.62,0.9538,2,0.61,0.9384,276,0
SPY190522C287,2019-05-20,2019-05-20 09:35:13,0.61,0.9384,230,0.59,0.9076,246,0.6,0.923,1,0.6,0.923,277,1
SPY190522C287,2019-05-20,2019-05-20 09:35:15,0.61,0.9384,569,0.59,0.9076,100,0.6,0.923,1,0.6,0.923,277,0
SPY190522C287,2019-05-20,2019-05-20 09:35:16,0.61,0.9384,710,0.6,0.923,50,0.6,0.923,1,0.605,0.9307,277,0
SPY190522C287,2019-05-20,2019-05-20 09:35:17,0.61,0.9384,686,0.59,0.9076,266,0.6,0.923,1,0.6,0.923,277,0
SPY190522C287,2019-05-20,2019-05-20 09:35:18,0.61,0.9384,153,0.59,0.9076,367,0.6,0.923,1,0.6,0.923,277,0
SPY190522C287,2019-05-20,2019-05-20 09:35:19,0.62,0.9538,1231,0.59,0.9076,827,0.6,0.923,1,0.605,0.9307,277,0
SPY190522C287,2019-05-20,2019-05-20 09:35:20,0.61,0.9384,203,0.59,0.9076,1316,0.6,0.923,1,0.6,0.923,277,0
SPY190522C287,2019-05-20,2019-05-20 09:35:22,0.62,0.9538,321,0.6,0.923,688,0.6,0.923,1,0.61,0.9384,277,0
SPY190522C287,2019-05-20,2019-05-20 09:35:23,0.62,0.9538,926,0.6,0.923,100,0.6,0.923,1,0.61,0.9384,277,0
SPY190522C287,2019-05-20,2019-05-20 09:35:24,0.61,0.9384,459,0.59,0.9076,2413,0.6,0.923,1,0.6,0.923,277,0
SPY190522C287,2019-05-20,2019-05-20 09:35:25,0.61,0.9384,120,0.59,0.9076,365,0.6,0.923,1,0.6,0.923,277,0
SPY190522C287,2019-05-20,2019-05-20 09:35:26,0.6,0.923,148,0.58,0.8923,169,0.6,0.923,1,0.59,0.9076,277,0
SPY190522C287,2019-05-20,2019-05-20 09:35:27,0.59,0.9076,1,0.58,0.8923,131,0.59,0.9076,6,0.585,0.9,283,6
SPY190522C287,2019-05-20,2019-05-20 09:35:28,0.59,0.9076,120,0.58,0.8923,100,0.59,0.9076,6,0.585,0.9,283,0
SPY190522C287,2019-05-20,2019-05-20 09:35:30,0.6,0.923,1025,0.58,0.8923,256,0.58,0.8923,1,0.59,0.9076,284,1
SPY190522C287,2019-05-20,2019-05-20 09:35:31,0.59,0.9076,228,0.57,0.8769,1247,0.58,0.8923,1,0.58,0.8923,284,0
SPY190522C287,2019-05-20,2019-05-20 09:35:32,0.59,0.9076,61,0.58,0.8923,4,0.58,0.8923,1,0.585,0.9,284,0
SPY190522C287,2019-05-20,2019-05-20 09:35:34,0.59,0.9076,95,0.58,0.8923,145,0.58,0.8923,1,0.585,0.9,284,0
SPY190522C287,2019-05-20,2019-05-20 09:35:35,0.6,0.923,407,0.58,0.8923,1117,0.58,0.8923,1,0.59,0.9076,284,0
SPY190522C287,2019-05-20,2019-05-20 09:35:36,0.6,0.923,166,0.58,0.8923,1161,0.58,0.8923,1,0.59,0.9076,284,0
SPY190522C287,2019-05-20,2019-05-20 09:35:38,0.59,0.9076,256,0.57,0.8769,130,0.58,0.8923,1,0.58,0.8923,291,7
SPY190522C287,2019-05-20,2019-05-20 09:35:39,0.59,0.9076,1453,0.56,0.8615,1583,0.58,0.8923,1,0.575,0.8846,291,0
SPY190522C287,2019-05-20,2019-05-20 09:35:40,0.58,0.8923,135,0.56,0.8615,817,0.58,0.8923,1,0.57,0.8769,292,1
SPY190522C287,2019-05-20,2019-05-20 09:35:42,0.6,0.923,1016,0.57,0.8769,406,0.58,0.8923,1,0.585,0.9,292,0
SPY190522C287,2019-05-20,2019-05-20 09:35:43,0.6,0.923,895,0.57,0.8769,766,0.58,0.8923,1,0.585,0.9,292,0
SPY190522C287,2019-05-20,2019-05-20 09:35:44,0.59,0.9076,291,0.57,0.8769,888,0.58,0.8923,1,0.58,0.8923,292,0
SPY190522C287,2019-05-20,2019-05-20 09:35:45,0.59,0.9076,1287,0.57,0.8769,120,0.57,0.8769,1,0.58,0.8923,293,1
SPY190522C287,2019-05-20,2019-05-20 09:35:46,0.59,0.9076,514,0.56,0.8615,2964,0.57,0.8769,1,0.575,0.8846,293,0
SPY190522C287,2019-05-20,2019-05-20 09:35:48,0.59,0.9076,803,0.56,0.8615,947,0.57,0.8769,1,0.575,0.8846,293,0
SPY190522C287,2019-05-20,2019-05-20 09:35:49,0.59,0.9076,1255,0.56,0.8615,1733,0.57,0.8769,1,0.575,0.8846,293,0
SPY190522C287,2019-05-20,2019-05-20 09:35:50,0.59,0.9076,849,0.57,0.8769,140,0.57,0.8769,1,0.58,0.8923,293,0
SPY190522C287,2019-05-20,2019-05-20 09:35:51,0.59,0.9076,1264,0.55,0.8461,794,0.57,0.8769,1,0.57,0.8769,293,0
SPY190522C287,2019-05-20,2019-05-20 09:35:52,0.58,0.8923,50,0.56,0.8615,1212,0.57,0.8769,1,0.57,0.8769,293,0
SPY190522C287,2019-05-20,2019-05-20 09:35:53,0.58,0.8923,444,0.56,0.8615,170,0.57,0.8769,1,0.57,0.8769,293,0
SPY190522C287,2019-05-20,2019-05-20 09:35:54,0.58,0.8923,638,0.56,0.8615,165,0.57,0.8769,1,0.57,0.8769,293,0
SPY190522C287,2019-05-20,2019-05-20 09:35:56,0.57,0.8769,407,0.54,0.8307,400,0.57,0.8769,1,0.555,0.8538,293,0
SPY190522C287,2019-05-20,2019-05-20 09:35:57,0.57,0.8769,277,0.55,0.8461,140,0.57,0.8769,1,0.56,0.8615,293,0
SPY190522C287,2019-05-20,2019-05-20 09:35:58,0.57,0.8769,732,0.55,0.8461,25,0.57,0.8769,1,0.56,0.8615,293,0
SPY190522C287,2019-05-20,2019-05-20 09:36:00,0.56,0.8615,931,0.54,0.8307,31,0.57,0.8769,1,0.55,0.8461,293,0
SPY190522C287,2019-05-20,2019-05-20 09:36:00,0.57,0.8769,1284,0.54,0.8307,772,0.57,0.8769,1,0.555,0.8538,293,0
SPY190522C287,2019-05-20,2019-05-20 09:36:02,0.56,0.8615,517,0.54,0.8307,318,0.57,0.8769,1,0.55,0.8461,293,0
SPY190522C287,2019-05-20,2019-05-20 09:36:03,0.56,0.8615,381,0.54,0.8307,100,0.57,0.8769,1,0.55,0.8461,293,0
SPY190522C287,2019-05-20,2019-05-20 09:36:04,0.55,0.8461,147,0.53,0.8153,750,0.57,0.8769,1,0.54,0.8307,293,0
SPY190522C287,2019-05-20,2019-05-20 09:36:05,0.55,0.8461,174,0.53,0.8153,883,0.57,0.8769,1,0.54,0.8307,293,0
SPY190522C287,2019-05-20,2019-05-20 09:36:06,0.55,0.8461,394,0.53,0.8153,977,0.57,0.8769,1,0.54,0.8307,293,0
SPY190522C287,2019-05-20,2019-05-20 09:36:07,0.55,0.8461,927,0.53,0.8153,883,0.57,0.8769,1,0.54,0.8307,293,0
SPY190522C287,2019-05-20,2019-05-20 09:36:08,0.55,0.8461,985,0.53,0.8153,140,0.57,0.8769,1,0.54,0.8307,293,0
SPY190522C287,2019-05-20,2019-05-20 09:36:09,0.55,0.8461,985,0.53,0.8153,140,0.57,0.8769,1,0.54,0.8307,293,0
SPY190522C287,2019-05-20,2019-05-20 09:36:10,0.55,0.8461,1667,0.53,0.8153,219,0.57,0.8769,1,0.54,0.8307,293,0
SPY190522C287,2019-05-20,2019-05-20 09:36:11,0.55,0.8461,1724,0.53,0.8153,140,0.57,0.8769,1,0.54,0.8307,293,0
SPY190522C287,2019-05-20,2019-05-20 09:36:12,0.55,0.8461,653,0.53,0.8153,90,0.57,0.8769,1,0.54,0.8307,293,0
SPY190522C287,2019-05-20,2019-05-20 09:36:13,0.55,0.8461,869,0.53,0.8153,50,0.57,0.8769,1,0.54,0.8307,293,0
SPY190522C287,2019-05-20,2019-05-20 09:36:14,0.54,0.8307,170,0.52,0.8,1310,0.57,0.8769,1,0.53,0.8153,293,0
SPY190522C287,2019-05-20,2019-05-20 09:36:15,0.54,0.8307,271,0.52,0.8,170,0.57,0.8769,1,0.53,0.8153,293,0
SPY190522C287,2019-05-20,2019-05-20 09:36:16,0.54,0.8307,839,0.52,0.8,630,0.57,0.8769,1,0.53,0.8153,293,0
SPY190522C287,2019-05-20,2019-05-20 09:36:17,0.54,0.8307,1089,0.52,0.8,111,0.57,0.8769,1,0.53,0.8153,293,0
SPY190522C287,2019-05-20,2019-05-20 09:36:18,0.54,0.8307,570,0.52,0.8,170,0.57,0.8769,1,0.53,0.8153,293,0
SPY190522C287,2019-05-20,2019-05-20 09:36:19,0.54,0.8307,972,0.52,0.8,140,0.57,0.8769,1,0.53,0.8153,293,0
SPY190522C287,2019-05-20,2019-05-20 09:36:20,0.54,0.8307,570,0.52,0.8,148,0.57,0.8769,1,0.53,0.8153,293,0
SPY190522C287,2019-05-20,2019-05-20 09:36:21,0.54,0.8307,946,0.52,0.8,179,0.57,0.8769,1,0.53,0.8153,293,0
SPY190522C287,2019-05-20,2019-05-20 09:36:22,0.54,0.8307,1410,0.52,0.8,140,0.57,0.8769,1,0.53,0.8153,293,0
SPY190522C287,2019-05-20,2019-05-20 09:36:23,0.54,0.8307,36,0.53,0.8153,1,0.54,0.8307,3,0.535,0.823,316,23
SPY190522C287,2019-05-20,2019-05-20 09:36:24,0.55,0.8461,1110,0.52,0.8,495,0.54,0.8307,3,0.535,0.823,316,0
SPY190522C287,2019-05-20,2019-05-20 09:36:25,0.55,0.8461,162,0.53,0.8153,429,0.54,0.8307,3,0.54,0.8307,316,0
SPY190522C287,2019-05-20,2019-05-20 09:36:26,0.56,0.8615,1300,0.53,0.8153,1883,0.54,0.8307,3,0.545,0.8384,316,0
SPY190522C287,2019-05-20,2019-05-20 09:36:27,0.56,0.8615,946,0.54,0.8307,170,0.54,0.8307,3,0.55,0.8461,316,0
SPY190522C287,2019-05-20,2019-05-20 09:36:28,0.56,0.8615,1205,0.54,0.8307,140,0.54,0.8307,3,0.55,0.8461,316,0
SPY190522C287,2019-05-20,2019-05-20 09:36:29,0.55,0.8461,857,0.54,0.8307,50,0.54,0.8307,3,0.545,0.8384,316,0
SPY190522C287,2019-05-20,2019-05-20 09:36:30,0.55,0.8461,425,0.54,0.8307,50,0.54,0.8307,3,0.545,0.8384,316,0
SPY190522C287,2019-05-20,2019-05-20 09:36:31,0.55,0.8461,1200,0.53,0.8153,125,0.54,0.8307,3,0.54,0.8307,316,0
SPY190522C287,2019-05-20,2019-05-20 09:36:33,0.55,0.8461,1482,0.53,0.8153,125,0.54,0.8307,3,0.54,0.8307,316,0
SPY190522C287,2019-05-20,2019-05-20 09:36:34,0.55,0.8461,794,0.53,0.8153,117,0.54,0.8307,3,0.54,0.8307,316,0
SPY190522C287,2019-05-20,2019-05-20 09:36:35,0.55,0.8461,1053,0.53,0.8153,125,0.54,0.8307,3,0.54,0.8307,316,0
SPY190522C287,2019-05-20,2019-05-20 09:36:36,0.55,0.8461,507,0.53,0.8153,517,0.53,0.8153,5,0.54,0.8307,321,5
SPY190522C287,2019-05-20,2019-05-20 09:36:37,0.55,0.8461,453,0.53,0.8153,939,0.53,0.8153,1,0.54,0.8307,322,1
SPY190522C287,2019-05-20,2019-05-20 09:36:39,0.54,0.8307,10,0.53,0.8153,400,0.53,0.8153,1,0.535,0.823,322,0
SPY190522C287,2019-05-20,2019-05-20 09:36:40,0.54,0.8307,30,0.52,0.8,650,0.53,0.8153,1,0.53,0.8153,322,0
SPY190522C287,2019-05-20,2019-05-20 09:36:41,0.54,0.8307,30,0.52,0.8,1945,0.53,0.8153,1,0.53,0.8153,322,0
SPY190522C287,2019-05-20,2019-05-20 09:36:42,0.54,0.8307,46,0.52,0.8,1795,0.53,0.8153,1,0.53,0.8153,322,0
SPY190522C287,2019-05-20,2019-05-20 09:36:43,0.54,0.8307,50,0.52,0.8,1815,0.53,0.8153,1,0.53,0.8153,322,0
SPY190522C287,2019-05-20,2019-05-20 09:36:44,0.54,0.8307,16,0.53,0.8153,140,0.53,0.8153,1,0.535,0.823,322,0
SPY190522C287,2019-05-20,2019-05-20 09:36:45,0.54,0.8307,16,0.53,0.8153,540,0.53,0.8153,4,0.535,0.823,326,4
SPY190522C287,2019-05-20,2019-05-20 09:36:46,0.54,0.8307,16,0.53,0.8153,540,0.53,0.8153,4,0.535,0.823,326,0
SPY190522C287,2019-05-20,2019-05-20 09:36:47,0.54,0.8307,10,0.53,0.8153,520,0.53,0.8153,6,0.535,0.823,332,6
SPY190522C287,2019-05-20,2019-05-20 09:36:48,0.54,0.8307,10,0.53,0.8153,1066,0.53,0.8153,6,0.535,0.823,332,0
SPY190522C287,2019-05-20,2019-05-20 09:36:49,0.56,0.8615,641,0.54,0.8307,1,0.54,0.8307,10,0.55,0.8461,342,10
SPY190522C287,2019-05-20,2019-05-20 09:36:50,0.56,0.8615,1538,0.54,0.8307,140,0.54,0.8307,10,0.55,0.8461,342,0
SPY190522C287,2019-05-20,2019-05-20 09:36:51,0.56,0.8615,1024,0.54,0.8307,226,0.54,0.8307,10,0.55,0.8461,342,0
SPY190522C287,2019-05-20,2019-05-20 09:36:52,0.56,0.8615,1642,0.53,0.8153,586,0.54,0.8307,10,0.545,0.8384,342,0
SPY190522C287,2019-05-20,2019-05-20 09:36:53,0.55,0.8461,276,0.54,0.8307,50,0.54,0.8307,10,0.545,0.8384,342,0
SPY190522C287,2019-05-20,2019-05-20 09:36:54,0.55,0.8461,535,0.54,0.8307,1,0.54,0.8307,1,0.545,0.8384,344,2
SPY190522C287,2019-05-20,2019-05-20 09:36:55,0.55,0.8461,1692,0.53,0.8153,100,0.54,0.8307,1,0.54,0.8307,344,0
SPY190522C287,2019-05-20,2019-05-20 09:36:56,0.54,0.8307,211,0.53,0.8153,100,0.54,0.8307,1,0.535,0.823,344,0
SPY190522C287,2019-05-20,2019-05-20 09:36:57,0.54,0.8307,91,0.53,0.8153,100,0.54,0.8307,1,0.535,0.823,344,0
SPY190522C287,2019-05-20,2019-05-20 09:36:59,0.54,0.8307,96,0.53,0.8153,100,0.54,0.8307,1,0.535,0.823,344,0
SPY190522C287,2019-05-20,2019-05-20 09:37:00,0.54,0.8307,154,0.53,0.8153,100,0.54,0.8307,1,0.535,0.823,344,0
SPY190522C287,2019-05-20,2019-05-20 09:37:00,0.54,0.8307,90,0.53,0.8153,100,0.54,0.8307,1,0.535,0.823,344,0
SPY190522C287,2019-05-20,2019-05-20 09:37:01,0.54,0.8307,229,0.53,0.8153,100,0.54,0.8307,1,0.535,0.823,344,0
SPY190522C287,2019-05-20,2019-05-20 09:37:03,0.54,0.8307,156,0.53,0.8153,100,0.54,0.8307,1,0.535,0.823,344,0
SPY190522C287,2019-05-20,2019-05-20 09:37:04,0.54,0.8307,536,0.53,0.8153,1,0.54,0.8307,1,0.535,0.823,344,0
SPY190522C287,2019-05-20,2019-05-20 09:37:05,0.54,0.8307,536,0.53,0.8153,1,0.54,0.8307,1,0.535,0.823,344,0
SPY190522C287,2019-05-20,2019-05-20 09:37:06,0.54,0.8307,160,0.53,0.8153,1,0.54,0.8307,1,0.535,0.823,344,0
SPY190522C287,2019-05-20,2019-05-20 09:37:07,0.55,0.8461,1003,0.53,0.8153,140,0.54,0.8307,1,0.54,0.8307,344,0
SPY190522C287,2019-05-20,2019-05-20 09:37:08,0.55,0.8461,1003,0.53,0.8153,175,0.54,0.8307,1,0.54,0.8307,344,0
SPY190522C287,2019-05-20,2019-05-20 09:37:09,0.55,0.8461,1725,0.53,0.8153,231,0.54,0.8307,1,0.54,0.8307,344,0
SPY190522C287,2019-05-20,2019-05-20 09:37:10,0.55,0.8461,799,0.53,0.8153,838,0.54,0.8307,1,0.54,0.8307,344,0
SPY190522C287,2019-05-20,2019-05-20 09:37:11,0.55,0.8461,1063,0.53,0.8153,1,0.53,0.8153,6,0.54,0.8307,350,6
SPY190522C287,2019-05-20,2019-05-20 09:37:12,0.54,0.8307,50,0.52,0.8,1642,0.53,0.8153,6,0.53,0.8153,350,0
SPY190522C287,2019-05-20,2019-05-20 09:37:13,0.55,0.8461,1819,0.52,0.8,2594,0.53,0.8153,6,0.535,0.823,350,0
SPY190522C287,2019-05-20,2019-05-20 09:37:14,0.54,0.8307,170,0.53,0.8153,80,0.53,0.8153,6,0.535,0.823,350,0
SPY190522C287,2019-05-20,2019-05-20 09:37:15,0.55,0.8461,1605,0.53,0.8153,153,0.53,0.8153,6,0.54,0.8307,350,0
SPY190522C287,2019-05-20,2019-05-20 09:37:16,0.55,0.8461,849,0.52,0.8,2572,0.53,0.8153,6,0.535,0.823,350,0
SPY190522C287,2019-05-20,2019-05-20 09:37:17,0.55,0.8461,849,0.53,0.8153,85,0.53,0.8153,6,0.54,0.8307,350,0
SPY190522C287,2019-05-20,2019-05-20 09:37:18,0.55,0.8461,1057,0.53,0.8153,495,0.53,0.8153,6,0.54,0.8307,350,0
SPY190522C287,2019-05-20,2019-05-20 09:37:19,0.55,0.8461,1057,0.53,0.8153,992,0.53,0.8153,6,0.54,0.8307,350,0
SPY190522C287,2019-05-20,2019-05-20 09:37:20,0.55,0.8461,687,0.53,0.8153,876,0.53,0.8153,6,0.54,0.8307,350,0
SPY190522C287,2019-05-20,2019-05-20 09:37:21,0.55,0.8461,170,0.53,0.8153,658,0.53,0.8153,6,0.54,0.8307,350,0
SPY190522C287,2019-05-20,2019-05-20 09:37:22,0.56,0.8615,908,0.54,0.8307,185,0.53,0.8153,6,0.55,0.8461,350,0
SPY190522C287,2019-05-20,2019-05-20 09:37:23,0.56,0.8615,1195,0.54,0.8307,142,0.53,0.8153,6,0.55,0.8461,350,0
SPY190522C287,2019-05-20,2019-05-20 09:37:25,0.56,0.8615,393,0.54,0.8307,512,0.53,0.8153,6,0.55,0.8461,350,0
SPY190522C287,2019-05-20,2019-05-20 09:37:26,0.56,0.8615,1639,0.54,0.8307,25,0.53,0.8153,6,0.55,0.8461,350,0
SPY190522C287,2019-05-20,2019-05-20 09:37:27,0.55,0.8461,253,0.53,0.8153,1087,0.54,0.8307,5,0.54,0.8307,355,5
SPY190522C287,2019-05-20,2019-05-20 09:37:29,0.54,0.8307,1,0.54,0.8307,1,0.54,0.8307,1,0.54,0.8307,357,2
SPY190522C287,2019-05-20,2019-05-20 09:37:31,0.54,0.8307,171,0.53,0.8153,80,0.54,0.8307,1,0.535,0.823,357,0
SPY190522C287,2019-05-20,2019-05-20 09:37:32,0.54,0.8307,140,0.53,0.8153,80,0.54,0.8307,1,0.535,0.823,357,0
SPY190522C287,2019-05-20,2019-05-20 09:37:33,0.54,0.8307,50,0.53,0.8153,90,0.54,0.8307,1,0.535,0.823,357,0
SPY190522C287,2019-05-20,2019-05-20 09:37:35,0.54,0.8307,170,0.52,0.8,1976,0.54,0.8307,1,0.53,0.8153,357,0
SPY190522C287,2019-05-20,2019-05-20 09:37:36,0.54,0.8307,170,0.52,0.8,1111,0.54,0.8307,1,0.53,0.8153,357,0
SPY190522C287,2019-05-20,2019-05-20 09:37:38,0.54,0.8307,171,0.52,0.8,1227,0.52,0.8,1,0.53,0.8153,358,1
SPY190522C287,2019-05-20,2019-05-20 09:37:39,0.54,0.8307,250,0.52,0.8,1531,0.52,0.8,1,0.53,0.8153,358,0
SPY190522C287,2019-05-20,2019-05-20 09:37:40,0.54,0.8307,250,0.52,0.8,1382,0.52,0.8,1,0.53,0.8153,358,0
SPY190522C287,2019-05-20,2019-05-20 09:37:41,0.54,0.8307,938,0.52,0.8,1104,0.52,0.8,1,0.53,0.8153,358,0
SPY190522C287,2019-05-20,2019-05-20 09:37:43,0.54,0.8307,145,0.52,0.8,142,0.52,0.8,1,0.53,0.8153,358,0
SPY190522C287,2019-05-20,2019-05-20 09:37:44,0.53,0.8153,170,0.52,0.8,50,0.52,0.8,1,0.525,0.8076,358,0
SPY190522C287,2019-05-20,2019-05-20 09:37:46,0.53,0.8153,444,0.52,0.8,1,0.52,0.8,2,0.525,0.8076,361,3
SPY190522C287,2019-05-20,2019-05-20 09:37:47,0.53,0.8153,1660,0.52,0.8,1,0.52,0.8,2,0.525,0.8076,361,0
SPY190522C287,2019-05-20,2019-05-20 09:37:48,0.53,0.8153,1610,0.5,0.7692,1029,0.52,0.8,1,0.515,0.7923,362,1
SPY190522C287,2019-05-20,2019-05-20 09:37:49,0.52,0.8,69,0.5,0.7692,1981,0.52,0.8,1,0.51,0.7846,362,0
SPY190522C287,2019-05-20,2019-05-20 09:37:50,0.52,0.8,50,0.51,0.7846,80,0.52,0.8,1,0.515,0.7923,362,0
SPY190522C287,2019-05-20,2019-05-20 09:37:52,0.53,0.8153,1405,0.5,0.7692,900,0.52,0.8,1,0.515,0.7923,362,0
SPY190522C287,2019-05-20,2019-05-20 09:37:53,0.52,0.8,1644,0.5,0.7692,1387,0.5,0.7692,2,0.51,0.7846,365,3
SPY190522C287,2019-05-20,2019-05-20 09:37:54,0.52,0.8,1603,0.5,0.7692,631,0.5,0.7692,2,0.51,0.7846,365,0
SPY190522C287,2019-05-20,2019-05-20 09:37:55,0.52,0.8,684,0.5,0.7692,590,0.5,0.7692,2,0.51,0.7846,365,0
SPY190522C287,2019-05-20,2019-05-20 09:37:56,0.52,0.8,1193,0.5,0.7692,886,0.5,0.7692,2,0.51,0.7846,365,0
SPY190522C287,2019-05-20,2019-05-20 09:37:57,0.52,0.8,684,0.51,0.7846,1,0.5,0.7692,2,0.515,0.7923,365,0
SPY190522C287,2019-05-20,2019-05-20 09:37:58,0.52,0.8,511,0.51,0.7846,1,0.5,0.7692,2,0.515,0.7923,365,0
SPY190522C287,2019-05-20,2019-05-20 09:38:00,0.52,0.8,50,0.51,0.7846,450,0.5,0.7692,2,0.515,0.7923,365,0
SPY190522C287,2019-05-20,2019-05-20 09:38:00,0.53,0.8153,1452,0.51,0.7846,451,0.5,0.7692,2,0.52,0.8,365,0
SPY190522C287,2019-05-20,2019-05-20 09:38:02,0.53,0.8153,1520,0.51,0.7846,541,0.5,0.7692,2,0.52,0.8,365,0
SPY190522C287,2019-05-20,2019-05-20 09:38:04,0.51,0.7846,485,0.49,0.7538,450,0.5,0.7692,2,0.5,0.7692,365,0
SPY190522C287,2019-05-20,2019-05-20 09:38:05,0.51,0.7846,513,0.48,0.7384,400,0.5,0.7692,5,0.495,0.7615,370,5
SPY190522C287,2019-05-20,2019-05-20 09:38:06,0.5,0.7692,322,0.49,0.7538,50,0.5,0.7692,5,0.495,0.7615,370,0
SPY190522C287,2019-05-20,2019-05-20 09:38:07,0.5,0.7692,371,0.49,0.7538,50,0.5,0.7692,5,0.495,0.7615,370,0
SPY190522C287,2019-05-20,2019-05-20 09:38:08,0.5,0.7692,387,0.48,0.7384,1729,0.5,0.7692,5,0.49,0.7538,370,0
SPY190522C287,2019-05-20,2019-05-20 09:38:09,0.5,0.7692,404,0.48,0.7384,1729,0.5,0.7692,5,0.49,0.7538,370,0
SPY190522C287,2019-05-20,2019-05-20 09:38:10,0.5,0.7692,227,0.48,0.7384,231,0.5,0.7692,5,0.49,0.7538,370,0
SPY190522C287,2019-05-20,2019-05-20 09:38:12,0.49,0.7538,1042,0.46,0.7076,1030,0.48,0.7384,1,0.475,0.7307,372,2
SPY190522C287,2019-05-20,2019-05-20 09:38:13,0.48,0.7384,294,0.46,0.7076,2101,0.48,0.7384,1,0.47,0.723,372,0
SPY190522C287,2019-05-20,2019-05-20 09:38:14,0.48,0.7384,100,0.46,0.7076,3146,0.48,0.7384,1,0.47,0.723,372,0
SPY190522C287,2019-05-20,2019-05-20 09:38:15,0.48,0.7384,20,0.46,0.7076,2305,0.48,0.7384,1,0.47,0.723,372,0
SPY190522C287,2019-05-20,2019-05-20 09:38:16,0.48,0.7384,248,0.46,0.7076,2652,0.48,0.7384,1,0.47,0.723,372,0
SPY190522C287,2019-05-20,2019-05-20 09:38:18,0.49,0.7538,210,0.47,0.723,500,0.48,0.7384,1,0.48,0.7384,372,0
SPY190522C287,2019-05-20,2019-05-20 09:38:19,0.49,0.7538,2006,0.47,0.723,500,0.47,0.723,2,0.48,0.7384,374,2
SPY190522C287,2019-05-20,2019-05-20 09:38:20,0.49,0.7538,884,0.46,0.7076,2834,0.47,0.723,4,0.475,0.7307,378,4
SPY190522C287,2019-05-20,2019-05-20 09:38:21,0.48,0.7384,175,0.46,0.7076,1893,0.47,0.723,4,0.47,0.723,378,0
SPY190522C287,2019-05-20,2019-05-20 09:38:23,0.48,0.7384,1241,0.46,0.7076,670,0.47,0.723,4,0.47,0.723,378,0
SPY190522C287,2019-05-20,2019-05-20 09:38:24,0.48,0.7384,401,0.46,0.7076,100,0.47,0.723,4,0.47,0.723,378,0
SPY190522C287,2019-05-20,2019-05-20 09:38:25,0.48,0.7384,1577,0.46,0.7076,100,0.47,0.723,4,0.47,0.723,378,0
SPY190522C287,2019-05-20,2019-05-20 09:38:26,0.48,0.7384,750,0.46,0.7076,620,0.47,0.723,4,0.47,0.723,378,0
SPY190522C287,2019-05-20,2019-05-20 09:38:27,0.48,0.7384,325,0.46,0.7076,255,0.47,0.723,4,0.47,0.723,378,0
SPY190522C287,2019-05-20,2019-05-20 09:38:28,0.48,0.7384,1657,0.46,0.7076,150,0.47,0.723,4,0.47,0.723,378,0
SPY190522C287,2019-05-20,2019-05-20 09:38:30,0.47,0.723,101,0.46,0.7076,150,0.47,0.723,4,0.465,0.7153,378,0
SPY190522C287,2019-05-20,2019-05-20 09:38:31,0.47,0.723,409,0.45,0.6923,1615,0.47,0.723,4,0.46,0.7076,378,0
SPY190522C287,2019-05-20,2019-05-20 09:38:33,0.47,0.723,536,0.45,0.6923,2785,0.47,0.723,4,0.46,0.7076,378,0
SPY190522C287,2019-05-20,2019-05-20 09:38:34,0.47,0.723,1207,0.45,0.6923,2707,0.47,0.723,4,0.46,0.7076,378,0
SPY190522C287,2019-05-20,2019-05-20 09:38:35,0.47,0.723,708,0.45,0.6923,2544,0.47,0.723,4,0.46,0.7076,378,0
SPY190522C287,2019-05-20,2019-05-20 09:38:37,0.46,0.7076,180,0.45,0.6923,600,0.47,0.723,4,0.455,0.7,378,0
SPY190522C287,2019-05-20,2019-05-20 09:38:38,0.46,0.7076,130,0.45,0.6923,621,0.47,0.723,4,0.455,0.7,378,0
SPY190522C287,2019-05-20,2019-05-20 09:38:39,0.46,0.7076,1,0.45,0.6923,1672,0.47,0.723,4,0.455,0.7,378,0
SPY190522C287,2019-05-20,2019-05-20 09:38:40,0.46,0.7076,1,0.45,0.6923,500,0.47,0.723,4,0.455,0.7,378,0
SPY190522C287,2019-05-20,2019-05-20 09:38:42,0.46,0.7076,40,0.45,0.6923,899,0.47,0.723,4,0.455,0.7,378,0
SPY190522C287,2019-05-20,2019-05-20 09:38:43,0.46,0.7076,40,0.45,0.6923,1423,0.47,0.723,4,0.455,0.7,378,0
SPY190522C287,2019-05-20,2019-05-20 09:38:44,0.46,0.7076,40,0.45,0.6923,2608,0.47,0.723,4,0.455,0.7,378,0
SPY190522C287,2019-05-20,2019-05-20 09:38:46,0.46,0.7076,40,0.45,0.6923,2509,0.47,0.723,4,0.455,0.7,378,0
SPY190522C287,2019-05-20,2019-05-20 09:38:48,0.46,0.7076,1,0.46,0.7076,621,0.46,0.7076,1,0.46,0.7076,419,41
SPY190522C287,2019-05-20,2019-05-20 09:38:49,0.47,0.723,1,0.46,0.7076,3032,0.46,0.7076,1,0.465,0.7153,419,0
SPY190522C287,2019-05-20,2019-05-20 09:38:51,0.49,0.7538,329,0.47,0.723,450,0.47,0.723,1,0.48,0.7384,420,1
SPY190522C287,2019-05-20,2019-05-20 09:38:52,0.49,0.7538,2274,0.46,0.7076,2448,0.47,0.723,1,0.475,0.7307,420,0
SPY190522C287,2019-05-20,2019-05-20 09:38:53,0.49,0.7538,270,0.47,0.723,1481,0.47,0.723,1,0.48,0.7384,420,0
SPY190522C287,2019-05-20,2019-05-20 09:38:54,0.5,0.7692,1118,0.48,0.7384,1389,0.47,0.723,1,0.49,0.7538,420,0
SPY190522C287,2019-05-20,2019-05-20 09:38:56,0.5,0.7692,50,0.48,0.7384,3133,0.47,0.723,1,0.49,0.7538,420,0
SPY190522C287,2019-05-20,2019-05-20 09:38:57,0.51,0.7846,6,0.49,0.7538,1374,0.5,0.7692,5,0.5,0.7692,475,55
SPY190522C287,2019-05-20,2019-05-20 09:38:58,0.52,0.8,169,0.49,0.7538,1420,0.5,0.7692,5,0.505,0.7769,475,0
SPY190522C287,2019-05-20,2019-05-20 09:38:59,0.53,0.8153,840,0.5,0.7692,450,0.5,0.7692,5,0.515,0.7923,475,0
SPY190522C287,2019-05-20,2019-05-20 09:39:00,0.51,0.7846,13,0.5,0.7692,80,0.5,0.7692,5,0.505,0.7769,475,0
SPY190522C287,2019-05-20,2019-05-20 09:39:01,0.52,0.8,835,0.5,0.7692,631,0.5,0.7692,5,0.51,0.7846,475,0
SPY190522C287,2019-05-20,2019-05-20 09:39:02,0.51,0.7846,39,0.49,0.7538,1411,0.5,0.7692,5,0.5,0.7692,475,0
SPY190522C287,2019-05-20,2019-05-20 09:39:04,0.52,0.8,1287,0.5,0.7692,541,0.5,0.7692,5,0.51,0.7846,475,0
SPY190522C287,2019-05-20,2019-05-20 09:39:05,0.52,0.8,635,0.5,0.7692,712,0.5,0.7692,5,0.51,0.7846,475,0
SPY190522C287,2019-05-20,2019-05-20 09:39:07,0.51,0.7846,767,0.5,0.7692,80,0.5,0.7692,5,0.505,0.7769,475,0
SPY190522C287,2019-05-20,2019-05-20 09:39:08,0.5,0.7692,140,0.47,0.723,249,0.5,0.7692,5,0.485,0.7461,475,0
SPY190522C287,2019-05-20,2019-05-20 09:39:10,0.49,0.7538,161,0.48,0.7384,80,0.5,0.7692,5,0.485,0.7461,475,0
SPY190522C287,2019-05-20,2019-05-20 09:39:11,0.49,0.7538,177,0.48,0.7384,450,0.5,0.7692,5,0.485,0.7461,475,0
SPY190522C287,2019-05-20,2019-05-20 09:39:13,0.49,0.7538,280,0.47,0.723,1362,0.49,0.7538,1,0.48,0.7384,476,1
SPY190522C287,2019-05-20,2019-05-20 09:39:14,0.51,0.7846,294,0.48,0.7384,450,0.49,0.7538,1,0.495,0.7615,476,0
SPY190522C287,2019-05-20,2019-05-20 09:39:16,0.5,0.7692,1894,0.48,0.7384,451,0.49,0.7538,1,0.49,0.7538,476,0
SPY190522C287,2019-05-20,2019-05-20 09:39:18,0.5,0.7692,728,0.48,0.7384,1485,0.49,0.7538,1,0.49,0.7538,476,0
SPY190522C287,2019-05-20,2019-05-20 09:39:20,0.5,0.7692,728,0.48,0.7384,1907,0.49,0.7538,1,0.49,0.7538,476,0
SPY190522C287,2019-05-20,2019-05-20 09:39:21,0.5,0.7692,250,0.49,0.7538,80,0.49,0.7538,1,0.495,0.7615,476,0
SPY190522C287,2019-05-20,2019-05-20 09:39:23,0.5,0.7692,238,0.49,0.7538,27,0.49,0.7538,1,0.495,0.7615,476,0
SPY190522C287,2019-05-20,2019-05-20 09:39:25,0.5,0.7692,250,0.48,0.7384,1994,0.49,0.7538,1,0.49,0.7538,476,0
SPY190522C287,2019-05-20,2019-05-20 09:39:26,0.5,0.7692,906,0.48,0.7384,670,0.49,0.7538,1,0.49,0.7538,476,0
SPY190522C287,2019-05-20,2019-05-20 09:39:28,0.5,0.7692,1206,0.48,0.7384,170,0.49,0.7538,1,0.49,0.7538,476,0
SPY190522C287,2019-05-20,2019-05-20 09:39:29,0.5,0.7692,2106,0.48,0.7384,2,0.49,0.7538,3,0.49,0.7538,479,3
SPY190522C287,2019-05-20,2019-05-20 09:39:31,0.49,0.7538,1383,0.48,0.7384,2,0.49,0.7538,3,0.485,0.7461,479,0
SPY190522C287,2019-05-20,2019-05-20 09:39:32,0.49,0.7538,1233,0.48,0.7384,2,0.49,0.7538,3,0.485,0.7461,479,0
SPY190522C287,2019-05-20,2019-05-20 09:39:34,0.49,0.7538,72,0.48,0.7384,2,0.49,0.7538,3,0.485,0.7461,479,0
SPY190522C287,2019-05-20,2019-05-20 09:39:36,0.49,0.7538,103,0.48,0.7384,80,0.49,0.7538,3,0.485,0.7461,479,0
SPY190522C287,2019-05-20,2019-05-20 09:39:38,0.49,0.7538,442,0.48,0.7384,50,0.49,0.7538,3,0.485,0.7461,479,0
SPY190522C287,2019-05-20,2019-05-20 09:39:40,0.5,0.7692,327,0.48,0.7384,900,0.49,0.7538,3,0.49,0.7538,479,0
SPY190522C287,2019-05-20,2019-05-20 09:39:41,0.5,0.7692,398,0.48,0.7384,1950,0.49,0.7538,3,0.49,0.7538,479,0
SPY190522C287,2019-05-20,2019-05-20 09:39:43,0.52,0.8,68,0.5,0.7692,420,0.49,0.7538,3,0.51,0.7846,479,0
SPY190522C287,2019-05-20,2019-05-20 09:39:44,0.52,0.8,84,0.5,0.7692,1569,0.49,0.7538,3,0.51,0.7846,479,0
SPY190522C287,2019-05-20,2019-05-20 09:39:46,0.53,0.8153,419,0.51,0.7846,450,0.49,0.7538,3,0.52,0.8,479,0
SPY190522C287,2019-05-20,2019-05-20 09:39:48,0.54,0.8307,140,0.51,0.7846,834,0.49,0.7538,3,0.525,0.8076,479,0
SPY190522C287,2019-05-20,2019-05-20 09:39:49,0.53,0.8153,640,0.51,0.7846,1214,0.49,0.7538,3,0.52,0.8,479,0
SPY190522C287,2019-05-20,2019-05-20 09:39:50,0.53,0.8153,140,0.51,0.7846,450,0.49,0.7538,3,0.52,0.8,479,0
SPY190522C287,2019-05-20,2019-05-20 09:39:52,0.51,0.7846,126,0.49,0.7538,900,0.51,0.7846,1,0.5,0.7692,483,4
SPY190522C287,2019-05-20,2019-05-20 09:39:54,0.51,0.7846,1247,0.49,0.7538,140,0.51,0.7846,1,0.5,0.7692,483,0
SPY190522C287,2019-05-20,2019-05-20 09:39:55,0.5,0.7692,116,0.49,0.7538,151,0.5,0.7692,4,0.495,0.7615,487,4
SPY190522C287,2019-05-20,2019-05-20 09:39:56,0.5,0.7692,6,0.49,0.7538,30,0.5,0.7692,4,0.495,0.7615,487,0
SPY190522C287,2019-05-20,2019-05-20 09:39:58,0.49,0.7538,518,0.48,0.7384,208,0.5,0.7692,4,0.485,0.7461,491,4
SPY190522C287,2019-05-20,2019-05-20 09:39:59,0.48,0.7384,194,0.47,0.723,100,0.48,0.7384,2,0.475,0.7307,493,2
SPY190522C287,2019-05-20,2019-05-20 09:40:00,0.48,0.7384,96,0.47,0.723,450,0.48,0.7384,2,0.475,0.7307,493,0
SPY190522C287,2019-05-20,2019-05-20 09:40:01,0.49,0.7538,136,0.47,0.723,1144,0.48,0.7384,2,0.48,0.7384,493,0
SPY190522C287,2019-05-20,2019-05-20 09:40:02,0.49,0.7538,96,0.48,0.7384,450,0.48,0.7384,2,0.485,0.7461,493,0
SPY190522C287,2019-05-20,2019-05-20 09:40:03,0.49,0.7538,146,0.48,0.7384,25,0.48,0.7384,2,0.485,0.7461,493,0
SPY190522C287,2019-05-20,2019-05-20 09:40:04,0.5,0.7692,541,0.48,0.7384,841,0.48,0.7384,2,0.49,0.7538,493,0
SPY190522C287,2019-05-20,2019-05-20 09:40:05,0.5,0.7692,842,0.48,0.7384,1931,0.48,0.7384,2,0.49,0.7538,493,0
SPY190522C287,2019-05-20,2019-05-20 09:40:06,0.49,0.7538,230,0.48,0.7384,50,0.48,0.7384,2,0.485,0.7461,493,0
SPY190522C287,2019-05-20,2019-05-20 09:40:07,0.49,0.7538,150,0.48,0.7384,1,0.48,0.7384,2,0.485,0.7461,493,0
SPY190522C287,2019-05-20,2019-05-20 09:40:08,0.49,0.7538,158,0.48,0.7384,400,0.48,0.7384,2,0.485,0.7461,493,0
SPY190522C287,2019-05-20,2019-05-20 09:40:09,0.5,0.7692,1581,0.48,0.7384,569,0.48,0.7384,2,0.49,0.7538,493,0
SPY190522C287,2019-05-20,2019-05-20 09:40:10,0.5,0.7692,1081,0.48,0.7384,551,0.48,0.7384,2,0.49,0.7538,493,0
SPY190522C287,2019-05-20,2019-05-20 09:40:11,0.49,0.7538,150,0.48,0.7384,451,0.48,0.7384,2,0.485,0.7461,493,0
SPY190522C287,2019-05-20,2019-05-20 09:40:12,0.49,0.7538,170,0.48,0.7384,80,0.48,0.7384,2,0.485,0.7461,493,0
SPY190522C287,2019-05-20,2019-05-20 09:40:13,0.49,0.7538,50,0.48,0.7384,551,0.48,0.7384,2,0.485,0.7461,493,0
SPY190522C287,2019-05-20,2019-05-20 09:40:14,0.49,0.7538,50,0.48,0.7384,2034,0.48,0.7384,2,0.485,0.7461,493,0
SPY190522C287,2019-05-20,2019-05-20 09:40:15,0.49,0.7538,50,0.48,0.7384,570,0.48,0.7384,2,0.485,0.7461,493,0
SPY190522C287,2019-05-20,2019-05-20 09:40:16,0.49,0.7538,150,0.48,0.7384,570,0.48,0.7384,2,0.485,0.7461,493,0
SPY190522C287,2019-05-20,2019-05-20 09:40:17,0.49,0.7538,50,0.48,0.7384,571,0.48,0.7384,2,0.485,0.7461,493,0
SPY190522C287,2019-05-20,2019-05-20 09:40:18,0.49,0.7538,6,0.48,0.7384,465,0.48,0.7384,2,0.485,0.7461,493,0
SPY190522C287,2019-05-20,2019-05-20 09:40:19,0.5,0.7692,1250,0.48,0.7384,2924,0.48,0.7384,2,0.49,0.7538,493,0
SPY190522C287,2019-05-20,2019-05-20 09:40:20,0.5,0.7692,75,0.49,0.7538,450,0.48,0.7384,2,0.495,0.7615,493,0
SPY190522C287,2019-05-20,2019-05-20 09:40:21,0.51,0.7846,231,0.49,0.7538,1053,0.48,0.7384,2,0.5,0.7692,493,0
SPY190522C287,2019-05-20,2019-05-20 09:40:22,0.51,0.7846,93,0.5,0.7692,141,0.48,0.7384,2,0.505,0.7769,493,0
SPY190522C287,2019-05-20,2019-05-20 09:40:23,0.51,0.7846,322,0.49,0.7538,312,0.48,0.7384,2,0.5,0.7692,493,0
SPY190522C287,2019-05-20,2019-05-20 09:40:24,0.51,0.7846,50,0.49,0.7538,1901,0.48,0.7384,2,0.5,0.7692,493,0
SPY190522C287,2019-05-20,2019-05-20 09:40:25,0.51,0.7846,50,0.5,0.7692,170,0.48,0.7384,2,0.505,0.7769,493,0
SPY190522C287,2019-05-20,2019-05-20 09:40:26,0.52,0.8,1628,0.49,0.7538,1036,0.48,0.7384,2,0.505,0.7769,493,0
SPY190522C287,2019-05-20,2019-05-20 09:40:27,0.5,0.7692,84,0.49,0.7538,140,0.48,0.7384,2,0.495,0.7615,493,0
SPY190522C287,2019-05-20,2019-05-20 09:40:28,0.51,0.7846,1150,0.49,0.7538,2,0.5,0.7692,1,0.5,0.7692,504,11
SPY190522C287,2019-05-20,2019-05-20 09:40:29,0.5,0.7692,6,0.49,0.7538,2,0.5,0.7692,1,0.495,0.7615,504,0
SPY190522C287,2019-05-20,2019-05-20 09:40:30,0.51,0.7846,1325,0.49,0.7538,230,0.5,0.7692,1,0.5,0.7692,504,0
SPY190522C287,2019-05-20,2019-05-20 09:40:31,0.51,0.7846,963,0.49,0.7538,1188,0.5,0.7692,1,0.5,0.7692,504,0
SPY190522C287,2019-05-20,2019-05-20 09:40:32,0.51,0.7846,130,0.49,0.7538,1406,0.5,0.7692,1,0.5,0.7692,504,0
SPY190522C287,2019-05-20,2019-05-20 09:40:33,0.51,0.7846,75,0.5,0.7692,451,0.5,0.7692,1,0.505,0.7769,504,0
SPY190522C287,2019-05-20,2019-05-20 09:40:34,0.51,0.7846,50,0.5,0.7692,65,0.5,0.7692,1,0.505,0.7769,504,0
SPY190522C287,2019-05-20,2019-05-20 09:40:35,0.51,0.7846,171,0.49,0.7538,1335,0.5,0.7692,1,0.5,0.7692,504,0
SPY190522C287,2019-05-20,2019-05-20 09:40:36,0.51,0.7846,81,0.5,0.7692,541,0.5,0.7692,1,0.505,0.7769,504,0
SPY190522C287,2019-05-20,2019-05-20 09:40:37,0.51,0.7846,95,0.5,0.7692,140,0.5,0.7692,1,0.505,0.7769,504,0
SPY190522C287,2019-05-20,2019-05-20 09:40:38,0.51,0.7846,61,0.5,0.7692,140,0.5,0.7692,1,0.505,0.7769,504,0
SPY190522C287,2019-05-20,2019-05-20 09:40:39,0.51,0.7846,141,0.49,0.7538,1079,0.5,0.7692,1,0.5,0.7692,504,0
SPY190522C287,2019-05-20,2019-05-20 09:40:40,0.51,0.7846,241,0.49,0.7538,117,0.5,0.7692,1,0.5,0.7692,504,0
SPY190522C287,2019-05-20,2019-05-20 09:40:41,0.51,0.7846,1112,0.49,0.7538,1066,0.5,0.7692,1,0.5,0.7692,504,0
SPY190522C287,2019-05-20,2019-05-20 09:40:42,0.51,0.7846,292,0.49,0.7538,2,0.5,0.7692,1,0.5,0.7692,504,0
SPY190522C287,2019-05-20,2019-05-20 09:40:43,0.51,0.7846,637,0.49,0.7538,314,0.5,0.7692,1,0.5,0.7692,504,0
SPY190522C287,2019-05-20,2019-05-20 09:40:44,0.51,0.7846,510,0.49,0.7538,706,0.5,0.7692,1,0.5,0.7692,511,7
SPY190522C287,2019-05-20,2019-05-20 09:40:45,0.51,0.7846,80,0.5,0.7692,170,0.5,0.7692,1,0.505,0.7769,511,0
SPY190522C287,2019-05-20,2019-05-20 09:40:46,0.51,0.7846,183,0.49,0.7538,1021,0.5,0.7692,1,0.5,0.7692,511,0
SPY190522C287,2019-05-20,2019-05-20 09:40:47,0.51,0.7846,683,0.49,0.7538,1136,0.5,0.7692,1,0.5,0.7692,511,0
SPY190522C287,2019-05-20,2019-05-20 09:40:48,0.51,0.7846,1465,0.49,0.7538,120,0.5,0.7692,1,0.5,0.7692,511,0
SPY190522C287,2019-05-20,2019-05-20 09:40:49,0.51,0.7846,507,0.49,0.7538,1282,0.5,0.7692,1,0.5,0.7692,511,0
SPY190522C287,2019-05-20,2019-05-20 09:40:50,0.51,0.7846,507,0.49,0.7538,1282,0.5,0.7692,1,0.5,0.7692,511,0
SPY190522C287,2019-05-20,2019-05-20 09:40:51,0.51,0.7846,671,0.49,0.7538,315,0.5,0.7692,1,0.5,0.7692,511,0
SPY190522C287,2019-05-20,2019-05-20 09:40:52,0.51,0.7846,640,0.49,0.7538,1314,0.5,0.7692,1,0.5,0.7692,511,0
SPY190522C287,2019-05-20,2019-05-20 09:40:53,0.51,0.7846,610,0.49,0.7538,539,0.5,0.7692,1,0.5,0.7692,511,0
SPY190522C287,2019-05-20,2019-05-20 09:40:54,0.5,0.7692,1338,0.48,0.7384,584,0.49,0.7538,2,0.49,0.7538,513,2
SPY190522C287,2019-05-20,2019-05-20 09:40:55,0.5,0.7692,322,0.49,0.7538,43,0.49,0.7538,2,0.495,0.7615,513,0
SPY190522C287,2019-05-20,2019-05-20 09:40:56,0.5,0.7692,1304,0.48,0.7384,755,0.49,0.7538,1,0.49,0.7538,516,3
SPY190522C287,2019-05-20,2019-05-20 09:40:57,0.5,0.7692,83,0.48,0.7384,755,0.49,0.7538,1,0.49,0.7538,516,0
SPY190522C287,2019-05-20,2019-05-20 09:40:58,0.51,0.7846,464,0.49,0.7538,191,0.49,0.7538,1,0.5,0.7692,516,0
SPY190522C287,2019-05-20,2019-05-20 09:40:59,0.51,0.7846,28,0.5,0.7692,120,0.49,0.7538,1,0.505,0.7769,516,0
SPY190522C287,2019-05-20,2019-05-20 09:41:00,0.51,0.7846,98,0.5,0.7692,518,0.49,0.7538,1,0.505,0.7769,516,0
SPY190522C287,2019-05-20,2019-05-20 09:41:01,0.51,0.7846,98,0.5,0.7692,689,0.49,0.7538,1,0.505,0.7769,516,0
SPY190522C287,2019-05-20,2019-05-20 09:41:02,0.52,0.8,509,0.5,0.7692,941,0.49,0.7538,1,0.51,0.7846,516,0
SPY190522C287,2019-05-20,2019-05-20 09:41:03,0.52,0.8,615,0.5,0.7692,920,0.49,0.7538,1,0.51,0.7846,516,0
SPY190522C287,2019-05-20,2019-05-20 09:41:04,0.52,0.8,1241,0.5,0.7692,896,0.49,0.7538,1,0.51,0.7846,516,0
SPY190522C287,2019-05-20,2019-05-20 09:41:05,0.52,0.8,1240,0.5,0.7692,941,0.49,0.7538,1,0.51,0.7846,516,0
SPY190522C287,2019-05-20,2019-05-20 09:41:06,0.52,0.8,1254,0.5,0.7692,941,0.49,0.7538,1,0.51,0.7846,516,0
SPY190522C287,2019-05-20,2019-05-20 09:41:07,0.52,0.8,1524,0.5,0.7692,647,0.49,0.7538,1,0.51,0.7846,516,0
SPY190522C287,2019-05-20,2019-05-20 09:41:07,0.52,0.8,214,0.5,0.7692,978,0.49,0.7538,1,0.51,0.7846,516,0
SPY190522C287,2019-05-20,2019-05-20 09:41:08,0.52,0.8,1247,0.5,0.7692,1002,0.49,0.7538,1,0.51,0.7846,516,0
SPY190522C287,2019-05-20,2019-05-20 09:41:10,0.52,0.8,206,0.5,0.7692,1824,0.49,0.7538,1,0.51,0.7846,516,0
SPY190522C287,2019-05-20,2019-05-20 09:41:11,0.52,0.8,105,0.51,0.7846,141,0.49,0.7538,1,0.515,0.7923,516,0
SPY190522C287,2019-05-20,2019-05-20 09:41:12,0.53,0.8153,282,0.51,0.7846,800,0.49,0.7538,1,0.52,0.8,516,0
SPY190522C287,2019-05-20,2019-05-20 09:41:13,0.53,0.8153,6,0.51,0.7846,1259,0.49,0.7538,1,0.52,0.8,516,0
SPY190522C287,2019-05-20,2019-05-20 09:41:14,0.53,0.8153,207,0.52,0.8,5,0.49,0.7538,1,0.525,0.8076,516,0
SPY190522C287,2019-05-20,2019-05-20 09:41:14,0.53,0.8153,50,0.51,0.7846,1729,0.49,0.7538,1,0.52,0.8,516,0
SPY190522C287,2019-05-20,2019-05-20 09:41:16,0.53,0.8153,249,0.52,0.8,5,0.49,0.7538,1,0.525,0.8076,516,0
SPY190522C287,2019-05-20,2019-05-20 09:41:17,0.53,0.8153,253,0.52,0.8,5,0.49,0.7538,1,0.525,0.8076,516,0
SPY190522C287,2019-05-20,2019-05-20 09:41:17,0.53,0.8153,299,0.52,0.8,5,0.49,0.7538,1,0.525,0.8076,516,0
SPY190522C287,2019-05-20,2019-05-20 09:41:18,0.53,0.8153,356,0.52,0.8,5,0.49,0.7538,1,0.525,0.8076,516,0
SPY190522C287,2019-05-20,2019-05-20 09:41:19,0.53,0.8153,50,0.52,0.8,141,0.49,0.7538,1,0.525,0.8076,516,0
SPY190522C287,2019-05-20,2019-05-20 09:41:20,0.54,0.8307,11,0.52,0.8,331,0.49,0.7538,1,0.53,0.8153,516,0
SPY190522C287,2019-05-20,2019-05-20 09:41:21,0.54,0.8307,292,0.52,0.8,135,0.49,0.7538,1,0.53,0.8153,516,0
SPY190522C287,2019-05-20,2019-05-20 09:41:22,0.54,0.8307,641,0.52,0.8,1277,0.52,0.8,15,0.53,0.8153,531,15
SPY190522C287,2019-05-20,2019-05-20 09:41:23,0.54,0.8307,641,0.52,0.8,1277,0.52,0.8,15,0.53,0.8153,531,0
SPY190522C287,2019-05-20,2019-05-20 09:41:24,0.54,0.8307,127,0.53,0.8153,172,0.52,0.8,15,0.535,0.823,531,0
SPY190522C287,2019-05-20,2019-05-20 09:41:25,0.54,0.8307,50,0.53,0.8153,291,0.52,0.8,15,0.535,0.823,531,0
SPY190522C287,2019-05-20,2019-05-20 09:41:26,0.54,0.8307,30,0.53,0.8153,5,0.52,0.8,15,0.535,0.823,531,0
SPY190522C287,2019-05-20,2019-05-20 09:41:27,0.55,0.8461,1794,0.52,0.8,1635,0.52,0.8,15,0.535,0.823,531,0
SPY190522C287,2019-05-20,2019-05-20 09:41:28,0.54,0.8307,286,0.53,0.8153,4,0.52,0.8,15,0.535,0.823,531,0
SPY190522C287,2019-05-20,2019-05-20 09:41:29,0.53,0.8153,1,0.53,0.8153,4,0.53,0.8153,1,0.53,0.8153,536,5
SPY190522C287,2019-05-20,2019-05-20 09:41:30,0.54,0.8307,1015,0.52,0.8,183,0.53,0.8153,1,0.53,0.8153,536,0
SPY190522C287,2019-05-20,2019-05-20 09:41:31,0.54,0.8307,957,0.52,0.8,141,0.53,0.8153,1,0.53,0.8153,536,0
SPY190522C287,2019-05-20,2019-05-20 09:41:31,0.54,0.8307,957,0.52,0.8,140,0.53,0.8153,1,0.53,0.8153,536,0
SPY190522C287,2019-05-20,2019-05-20 09:41:32,0.53,0.8153,811,0.51,0.7846,825,0.53,0.8153,1,0.52,0.8,536,0
SPY190522C287,2019-05-20,2019-05-20 09:41:33,0.53,0.8153,811,0.51,0.7846,1524,0.53,0.8153,2,0.52,0.8,541,5
SPY190522C287,2019-05-20,2019-05-20 09:41:34,0.53,0.8153,969,0.51,0.7846,1566,0.53,0.8153,2,0.52,0.8,541,0
SPY190522C287,2019-05-20,2019-05-20 09:41:35,0.53,0.8153,80,0.52,0.8,140,0.52,0.8,2,0.525,0.8076,543,2
SPY190522C287,2019-05-20,2019-05-20 09:41:36,0.53,0.8153,141,0.51,0.7846,1472,0.52,0.8,2,0.52,0.8,543,0
SPY190522C287,2019-05-20,2019-05-20 09:41:37,0.53,0.8153,132,0.52,0.8,120,0.52,0.8,2,0.525,0.8076,543,0
SPY190522C287,2019-05-20,2019-05-20 09:41:38,0.54,0.8307,863,0.52,0.8,1196,0.52,0.8,2,0.53,0.8153,543,0
SPY190522C287,2019-05-20,2019-05-20 09:41:39,0.54,0.8307,870,0.52,0.8,1368,0.52,0.8,2,0.53,0.8153,543,0
SPY190522C287,2019-05-20,2019-05-20 09:41:40,0.54,0.8307,870,0.52,0.8,1368,0.52,0.8,2,0.53,0.8153,543,0
SPY190522C287,2019-05-20,2019-05-20 09:41:41,0.54,0.8307,296,0.52,0.8,500,0.52,0.8,2,0.53,0.8153,543,0
SPY190522C287,2019-05-20,2019-05-20 09:41:42,0.54,0.8307,381,0.52,0.8,1521,0.52,0.8,2,0.53,0.8153,543,0
SPY190522C287,2019-05-20,2019-05-20 09:41:43,0.54,0.8307,10,0.53,0.8153,339,0.52,0.8,2,0.535,0.823,543,0
SPY190522C287,2019-05-20,2019-05-20 09:41:44,0.55,0.8461,1795,0.53,0.8153,788,0.52,0.8,2,0.54,0.8307,543,0
SPY190522C287,2019-05-20,2019-05-20 09:41:45,0.54,0.8307,50,0.53,0.8153,403,0.52,0.8,2,0.535,0.823,543,0
SPY190522C287,2019-05-20,2019-05-20 09:41:46,0.55,0.8461,986,0.53,0.8153,981,0.52,0.8,2,0.54,0.8307,543,0
SPY190522C287,2019-05-20,2019-05-20 09:41:47,0.55,0.8461,434,0.53,0.8153,1124,0.52,0.8,2,0.54,0.8307,543,0
SPY190522C287,2019-05-20,2019-05-20 09:41:48,0.54,0.8307,90,0.53,0.8153,117,0.52,0.8,2,0.535,0.823,543,0
SPY190522C287,2019-05-20,2019-05-20 09:41:49,0.54,0.8307,100,0.53,0.8153,10,0.52,0.8,2,0.535,0.823,543,0
SPY190522C287,2019-05-20,2019-05-20 09:41:50,0.55,0.8461,1745,0.53,0.8153,174,0.52,0.8,2,0.54,0.8307,543,0
SPY190522C287,2019-05-20,2019-05-20 09:41:51,0.54,0.8307,50,0.53,0.8153,454,0.52,0.8,2,0.535,0.823,543,0
SPY190522C287,2019-05-20,2019-05-20 09:41:52,0.55,0.8461,50,0.54,0.8307,570,0.52,0.8,2,0.545,0.8384,543,0
SPY190522C287,2019-05-20,2019-05-20 09:41:53,0.55,0.8461,1372,0.53,0.8153,460,0.52,0.8,2,0.54,0.8307,543,0
SPY190522C287,2019-05-20,2019-05-20 09:41:54,0.55,0.8461,1701,0.53,0.8153,400,0.52,0.8,2,0.54,0.8307,543,0
SPY190522C287,2019-05-20,2019-05-20 09:41:55,0.55,0.8461,1229,0.53,0.8153,410,0.55,0.8461,2,0.54,0.8307,545,2
SPY190522C287,2019-05-20,2019-05-20 09:41:56,0.54,0.8307,1441,0.52,0.8,710,0.55,0.8461,2,0.53,0.8153,545,0
SPY190522C287,2019-05-20,2019-05-20 09:41:57,0.54,0.8307,140,0.53,0.8153,50,0.55,0.8461,2,0.535,0.823,545,0
SPY190522C287,2019-05-20,2019-05-20 09:41:58,0.54,0.8307,100,0.53,0.8153,400,0.55,0.8461,2,0.535,0.823,545,0
SPY190522C287,2019-05-20,2019-05-20 09:41:59,0.54,0.8307,150,0.53,0.8153,409,0.54,0.8307,10,0.535,0.823,555,10
SPY190522C287,2019-05-20,2019-05-20 09:42:00,0.54,0.8307,204,0.53,0.8153,50,0.54,0.8307,10,0.535,0.823,555,0
SPY190522C287,2019-05-20,2019-05-20 09:42:00,0.54,0.8307,139,0.53,0.8153,20,0.54,0.8307,10,0.535,0.823,555,0
SPY190522C287,2019-05-20,2019-05-20 09:42:02,0.54,0.8307,1605,0.51,0.7846,418,0.54,0.8307,10,0.525,0.8076,555,0
SPY190522C287,2019-05-20,2019-05-20 09:42:03,0.53,0.8153,170,0.51,0.7846,588,0.54,0.8307,10,0.52,0.8,555,0
SPY190522C287,2019-05-20,2019-05-20 09:42:04,0.53,0.8153,50,0.52,0.8,400,0.52,0.8,1,0.525,0.8076,556,1
SPY190522C287,2019-05-20,2019-05-20 09:42:05,0.54,0.8307,334,0.52,0.8,180,0.53,0.8153,3,0.53,0.8153,559,3
SPY190522C287,2019-05-20,2019-05-20 09:42:06,0.53,0.8153,50,0.52,0.8,468,0.53,0.8153,3,0.525,0.8076,559,0
SPY190522C287,2019-05-20,2019-05-20 09:42:07,0.53,0.8153,67,0.52,0.8,559,0.53,0.8153,3,0.525,0.8076,559,0
SPY190522C287,2019-05-20,2019-05-20 09:42:09,0.54,0.8307,130,0.53,0.8153,400,0.53,0.8153,3,0.535,0.823,559,0
SPY190522C287,2019-05-20,2019-05-20 09:42:10,0.54,0.8307,130,0.53,0.8153,410,0.53,0.8153,3,0.535,0.823,559,0
SPY190522C287,2019-05-20,2019-05-20 09:42:11,0.54,0.8307,1521,0.53,0.8153,1,0.53,0.8153,1,0.535,0.823,561,2
SPY190522C287,2019-05-20,2019-05-20 09:42:12,0.54,0.8307,611,0.51,0.7846,729,0.53,0.8153,1,0.525,0.8076,561,0
SPY190522C287,2019-05-20,2019-05-20 09:42:14,0.53,0.8153,100,0.52,0.8,419,0.52,0.8,1,0.525,0.8076,562,1
SPY190522C287,2019-05-20,2019-05-20 09:42:15,0.54,0.8307,1788,0.52,0.8,500,0.52,0.8,1,0.53,0.8153,562,0
SPY190522C287,2019-05-20,2019-05-20 09:42:16,0.54,0.8307,490,0.52,0.8,550,0.52,0.8,1,0.53,0.8153,562,0
SPY190522C287,2019-05-20,2019-05-20 09:42:17,0.54,0.8307,1950,0.52,0.8,500,0.52,0.8,1,0.53,0.8153,562,0
SPY190522C287,2019-05-20,2019-05-20 09:42:18,0.54,0.8307,1243,0.52,0.8,100,0.52,0.8,1,0.53,0.8153,562,0
SPY190522C287,2019-05-20,2019-05-20 09:42:19,0.54,0.8307,100,0.53,0.8153,400,0.52,0.8,1,0.535,0.823,562,0
SPY190522C287,2019-05-20,2019-05-20 09:42:20,0.54,0.8307,161,0.52,0.8,685,0.52,0.8,1,0.53,0.8153,562,0
SPY190522C287,2019-05-20,2019-05-20 09:42:21,0.54,0.8307,1414,0.52,0.8,536,0.52,0.8,1,0.53,0.8153,562,0
SPY190522C287,2019-05-20,2019-05-20 09:42:22,0.54,0.8307,1785,0.52,0.8,536,0.52,0.8,1,0.53,0.8153,562,0
SPY190522C287,2019-05-20,2019-05-20 09:42:23,0.54,0.8307,1795,0.52,0.8,544,0.52,0.8,1,0.53,0.8153,562,0
SPY190522C287,2019-05-20,2019-05-20 09:42:24,0.54,0.8307,71,0.53,0.8153,401,0.52,0.8,1,0.535,0.823,562,0
SPY190522C287,2019-05-20,2019-05-20 09:42:25,0.54,0.8307,234,0.52,0.8,699,0.52,0.8,1,0.53,0.8153,562,0
SPY190522C287,2019-05-20,2019-05-20 09:42:26,0.54,0.8307,305,0.52,0.8,1116,0.52,0.8,1,0.53,0.8153,562,0
SPY190522C287,2019-05-20,2019-05-20 09:42:28,0.55,0.8461,102,0.54,0.8307,400,0.52,0.8,1,0.545,0.8384,562,0
SPY190522C287,2019-05-20,2019-05-20 09:42:29,0.55,0.8461,157,0.53,0.8153,1207,0.52,0.8,1,0.54,0.8307,562,0
SPY190522C287,2019-05-20,2019-05-20 09:42:30,0.55,0.8461,196,0.53,0.8153,1271,0.52,0.8,1,0.54,0.8307,562,0
SPY190522C287,2019-05-20,2019-05-20 09:42:31,0.55,0.8461,23,0.54,0.8307,401,0.52,0.8,1,0.545,0.8384,562,0
SPY190522C287,2019-05-20,2019-05-20 09:42:32,0.55,0.8461,100,0.54,0.8307,437,0.52,0.8,1,0.545,0.8384,562,0
SPY190522C287,2019-05-20,2019-05-20 09:42:33,0.55,0.8461,100,0.54,0.8307,540,0.52,0.8,1,0.545,0.8384,562,0
SPY190522C287,2019-05-20,2019-05-20 09:42:34,0.55,0.8461,101,0.54,0.8307,204,0.52,0.8,1,0.545,0.8384,562,0
SPY190522C287,2019-05-20,2019-05-20 09:42:36,0.55,0.8461,5,0.54,0.8307,1498,0.52,0.8,1,0.545,0.8384,562,0
SPY190522C287,2019-05-20,2019-05-20 09:42:37,0.55,0.8461,12,0.54,0.8307,684,0.52,0.8,1,0.545,0.8384,562,0
SPY190522C287,2019-05-20,2019-05-20 09:42:38,0.55,0.8461,104,0.54,0.8307,579,0.52,0.8,1,0.545,0.8384,562,0
SPY190522C287,2019-05-20,2019-05-20 09:42:39,0.55,0.8461,5,0.54,0.8307,400,0.52,0.8,1,0.545,0.8384,562,0
SPY190522C287,2019-05-20,2019-05-20 09:42:40,0.56,0.8615,20,0.55,0.8461,807,0.55,0.8461,5,0.555,0.8538,569,7
SPY190522C287,2019-05-20,2019-05-20 09:42:42,0.58,0.8923,6,0.55,0.8461,1969,0.56,0.8615,1,0.565,0.8692,590,21
SPY190522C287,2019-05-20,2019-05-20 09:42:43,0.58,0.8923,271,0.57,0.8769,26,0.56,0.8615,1,0.575,0.8846,590,0
SPY190522C287,2019-05-20,2019-05-20 09:42:44,0.58,0.8923,178,0.57,0.8769,26,0.56,0.8615,1,0.575,0.8846,590,0
SPY190522C287,2019-05-20,2019-05-20 09:42:45,0.58,0.8923,715,0.56,0.8615,1074,0.56,0.8615,1,0.57,0.8769,590,0
SPY190522C287,2019-05-20,2019-05-20 09:42:47,0.58,0.8923,63,0.57,0.8769,14,0.58,0.8923,1,0.575,0.8846,591,1
SPY190522C287,2019-05-20,2019-05-20 09:42:48,0.58,0.8923,1,0.57,0.8769,824,0.58,0.8923,1,0.575,0.8846,591,0
SPY190522C287,2019-05-20,2019-05-20 09:42:49,0.59,0.9076,159,0.57,0.8769,1218,0.58,0.8923,1,0.58,0.8923,591,0
SPY190522C287,2019-05-20,2019-05-20 09:42:50,0.59,0.9076,100,0.58,0.8923,451,0.58,0.8923,1,0.585,0.9,591,0
SPY190522C287,2019-05-20,2019-05-20 09:42:51,0.58,0.8923,180,0.58,0.8923,36,0.58,0.8923,1,0.58,0.8923,602,11
SPY190522C287,2019-05-20,2019-05-20 09:42:53,0.58,0.8923,130,0.56,0.8615,570,0.58,0.8923,4,0.57,0.8769,611,9
SPY190522C287,2019-05-20,2019-05-20 09:42:54,0.58,0.8923,26,0.56,0.8615,459,0.58,0.8923,4,0.57,0.8769,611,0
SPY190522C287,2019-05-20,2019-05-20 09:42:55,0.58,0.8923,1040,0.55,0.8461,1195,0.58,0.8923,4,0.565,0.8692,611,0
SPY190522C287,2019-05-20,2019-05-20 09:42:57,0.57,0.8769,1071,0.55,0.8461,969,0.58,0.8923,4,0.56,0.8615,611,0
SPY190522C287,2019-05-20,2019-05-20 09:42:58,0.58,0.8923,355,0.56,0.8615,550,0.58,0.8923,4,0.57,0.8769,611,0
SPY190522C287,2019-05-20,2019-05-20 09:42:59,0.57,0.8769,1137,0.55,0.8461,10,0.58,0.8923,4,0.56,0.8615,611,0
SPY190522C287,2019-05-20,2019-05-20 09:43:00,0.57,0.8769,1365,0.55,0.8461,149,0.58,0.8923,4,0.56,0.8615,611,0
SPY190522C287,2019-05-20,2019-05-20 09:43:01,0.57,0.8769,1365,0.55,0.8461,550,0.58,0.8923,4,0.56,0.8615,611,0
SPY190522C287,2019-05-20,2019-05-20 09:43:02,0.59,0.9076,900,0.57,0.8769,68,0.56,0.8615,1,0.58,0.8923,612,1
SPY190522C287,2019-05-20,2019-05-20 09:43:04,0.59,0.9076,49,0.58,0.8923,99,0.56,0.8615,1,0.585,0.9,612,0
SPY190522C287,2019-05-20,2019-05-20 09:43:05,0.59,0.9076,158,0.58,0.8923,68,0.56,0.8615,1,0.585,0.9,612,0
SPY190522C287,2019-05-20,2019-05-20 09:43:06,0.58,0.8923,34,0.57,0.8769,949,0.56,0.8615,1,0.575,0.8846,612,0
SPY190522C287,2019-05-20,2019-05-20 09:43:08,0.58,0.8923,149,0.56,0.8615,95,0.57,0.8769,1,0.57,0.8769,613,1
SPY190522C287,2019-05-20,2019-05-20 09:43:09,0.58,0.8923,185,0.56,0.8615,1672,0.57,0.8769,1,0.57,0.8769,613,0
SPY190522C287,2019-05-20,2019-05-20 09:43:11,0.57,0.8769,41,0.56,0.8615,130,0.57,0.8769,1,0.565,0.8692,613,0
SPY190522C287,2019-05-20,2019-05-20 09:43:12,0.57,0.8769,180,0.55,0.8461,650,0.57,0.8769,1,0.56,0.8615,613,0
SPY190522C287,2019-05-20,2019-05-20 09:43:14,0.58,0.8923,58,0.57,0.8769,449,0.57,0.8769,1,0.575,0.8846,613,0
SPY190522C287,2019-05-20,2019-05-20 09:43:15,0.58,0.8923,148,0.56,0.8615,647,0.57,0.8769,1,0.57,0.8769,613,0
SPY190522C287,2019-05-20,2019-05-20 09:43:16,0.59,0.9076,1621,0.57,0.8769,188,0.57,0.8769,1,0.58,0.8923,613,0
SPY190522C287,2019-05-20,2019-05-20 09:43:18,0.57,0.8769,82,0.56,0.8615,63,0.57,0.8769,1,0.565,0.8692,613,0
SPY190522C287,2019-05-20,2019-05-20 09:43:19,0.57,0.8769,72,0.55,0.8461,291,0.57,0.8769,1,0.56,0.8615,618,5
SPY190522C287,2019-05-20,2019-05-20 09:43:20,0.57,0.8769,91,0.56,0.8615,964,0.57,0.8769,1,0.565,0.8692,618,0
SPY190522C287,2019-05-20,2019-05-20 09:43:21,0.57,0.8769,77,0.56,0.8615,13,0.57,0.8769,1,0.565,0.8692,618,0
SPY190522C287,2019-05-20,2019-05-20 09:43:23,0.57,0.8769,44,0.56,0.8615,341,0.57,0.8769,1,0.565,0.8692,618,0
SPY190522C287,2019-05-20,2019-05-20 09:43:24,0.57,0.8769,68,0.55,0.8461,498,0.57,0.8769,1,0.56,0.8615,618,0
SPY190522C287,2019-05-20,2019-05-20 09:43:25,0.57,0.8769,259,0.55,0.8461,768,0.57,0.8769,1,0.56,0.8615,618,0
SPY190522C287,2019-05-20,2019-05-20 09:43:26,0.57,0.8769,272,0.55,0.8461,1292,0.57,0.8769,1,0.56,0.8615,618,0
SPY190522C287,2019-05-20,2019-05-20 09:43:28,0.56,0.8615,18,0.55,0.8461,1192,0.57,0.8769,1,0.555,0.8538,618,0
SPY190522C287,2019-05-20,2019-05-20 09:43:30,0.58,0.8923,1217,0.56,0.8615,91,0.57,0.8769,1,0.57,0.8769,618,0
SPY190522C287,2019-05-20,2019-05-20 09:43:31,0.57,0.8769,82,0.56,0.8615,153,0.57,0.8769,1,0.565,0.8692,618,0
SPY190522C287,2019-05-20,2019-05-20 09:43:32,0.57,0.8769,889,0.55,0.8461,505,0.57,0.8769,1,0.56,0.8615,618,0
SPY190522C287,2019-05-20,2019-05-20 09:43:34,0.56,0.8615,50,0.55,0.8461,318,0.57,0.8769,1,0.555,0.8538,618,0
SPY190522C287,2019-05-20,2019-05-20 09:43:35,0.56,0.8615,80,0.55,0.8461,552,0.57,0.8769,1,0.555,0.8538,618,0
SPY190522C287,2019-05-20,2019-05-20 09:43:37,0.56,0.8615,172,0.54,0.8307,399,0.55,0.8461,4,0.55,0.8461,622,4
SPY190522C287,2019-05-20,2019-05-20 09:43:38,0.55,0.8461,65,0.54,0.8307,548,0.55,0.8461,4,0.545,0.8384,622,0
SPY190522C287,2019-05-20,2019-05-20 09:43:40,0.55,0.8461,149,0.54,0.8307,150,0.55,0.8461,4,0.545,0.8384,622,0
SPY190522C287,2019-05-20,2019-05-20 09:43:41,0.55,0.8461,179,0.54,0.8307,97,0.54,0.8307,93,0.545,0.8384,723,101
SPY190522C287,2019-05-20,2019-05-20 09:43:42,0.54,0.8307,55,0.53,0.8153,556,0.54,0.8307,93,0.535,0.823,723,0
SPY190522C287,2019-05-20,2019-05-20 09:43:43,0.54,0.8307,155,0.53,0.8153,80,0.54,0.8307,93,0.535,0.823,723,0
SPY190522C287,2019-05-20,2019-05-20 09:43:45,0.55,0.8461,828,0.53,0.8153,456,0.54,0.8307,93,0.54,0.8307,723,0
SPY190522C287,2019-05-20,2019-05-20 09:43:46,0.54,0.8307,99,0.53,0.8153,63,0.54,0.8307,93,0.535,0.823,723,0
SPY190522C287,2019-05-20,2019-05-20 09:43:48,0.54,0.8307,50,0.53,0.8153,539,0.54,0.8307,93,0.535,0.823,723,0
SPY190522C287,2019-05-20,2019-05-20 09:43:49,0.55,0.8461,632,0.53,0.8153,557,0.54,0.8307,93,0.54,0.8307,723,0
SPY190522C287,2019-05-20,2019-05-20 09:43:50,0.54,0.8307,124,0.52,0.8,947,0.54,0.8307,93,0.53,0.8153,723,0
SPY190522C287,2019-05-20,2019-05-20 09:43:51,0.54,0.8307,124,0.53,0.8153,548,0.54,0.8307,93,0.535,0.823,723,0
SPY190522C287,2019-05-20,2019-05-20 09:43:53,0.55,0.8461,196,0.54,0.8307,9,0.54,0.8307,93,0.545,0.8384,723,0
SPY190522C287,2019-05-20,2019-05-20 09:43:54,0.54,0.8307,165,0.53,0.8153,1,0.53,0.8153,1,0.535,0.823,724,1
SPY190522C287,2019-05-20,2019-05-20 09:43:55,0.54,0.8307,140,0.53,0.8153,1,0.53,0.8153,1,0.535,0.823,724,0
SPY190522C287,2019-05-20,2019-05-20 09:43:57,0.55,0.8461,358,0.53,0.8153,468,0.53,0.8153,1,0.54,0.8307,724,0
SPY190522C287,2019-05-20,2019-05-20 09:43:58,0.55,0.8461,65,0.54,0.8307,458,0.53,0.8153,1,0.545,0.8384,724,0
SPY190522C287,2019-05-20,2019-05-20 09:44:00,0.55,0.8461,930,0.53,0.8153,1114,0.53,0.8153,1,0.54,0.8307,724,0
SPY190522C287,2019-05-20,2019-05-20 09:44:01,0.55,0.8461,17,0.53,0.8153,417,0.53,0.8153,1,0.54,0.8307,724,0
SPY190522C287,2019-05-20,2019-05-20 09:44:02,0.55,0.8461,192,0.53,0.8153,1229,0.53,0.8153,1,0.54,0.8307,724,0
SPY190522C287,2019-05-20,2019-05-20 09:44:03,0.55,0.8461,224,0.53,0.8153,1165,0.53,0.8153,1,0.54,0.8307,724,0
SPY190522C287,2019-05-20,2019-05-20 09:44:04,0.54,0.8307,34,0.53,0.8153,1015,0.53,0.8153,1,0.535,0.823,724,0
SPY190522C287,2019-05-20,2019-05-20 09:44:06,0.55,0.8461,150,0.53,0.8153,1420,0.53,0.8153,1,0.54,0.8307,724,0
SPY190522C287,2019-05-20,2019-05-20 09:44:07,0.55,0.8461,137,0.53,0.8153,744,0.53,0.8153,1,0.54,0.8307,724,0
SPY190522C287,2019-05-20,2019-05-20 09:44:08,0.55,0.8461,150,0.54,0.8307,66,0.53,0.8153,1,0.545,0.8384,724,0
SPY190522C287,2019-05-20,2019-05-20 09:44:09,0.56,0.8615,274,0.54,0.8307,300,0.53,0.8153,1,0.55,0.8461,724,0
SPY190522C287,2019-05-20,2019-05-20 09:44:10,0.57,0.8769,1046,0.54,0.8307,700,0.53,0.8153,1,0.555,0.8538,724,0
SPY190522C287,2019-05-20,2019-05-20 09:44:12,0.56,0.8615,155,0.54,0.8307,1365,0.53,0.8153,1,0.55,0.8461,724,0
SPY190522C287,2019-05-20,2019-05-20 09:44:13,0.55,0.8461,67,0.54,0.8307,2,0.53,0.8153,1,0.545,0.8384,724,0
SPY190522C287,2019-05-20,2019-05-20 09:44:14,0.55,0.8461,776,0.54,0.8307,37,0.53,0.8153,1,0.545,0.8384,724,0
SPY190522C287,2019-05-20,2019-05-20 09:44:16,0.54,0.8307,154,0.53,0.8153,50,0.54,0.8307,1,0.535,0.823,727,3
SPY190522C287,2019-05-20,2019-05-20 09:44:17,0.54,0.8307,146,0.52,0.8,99,0.54,0.8307,1,0.53,0.8153,727,0
SPY190522C287,2019-05-20,2019-05-20 09:44:19,0.53,0.8153,45,0.52,0.8,291,0.54,0.8307,1,0.525,0.8076,727,0
SPY190522C287,2019-05-20,2019-05-20 09:44:22,0.53,0.8153,37,0.52,0.8,969,0.52,0.8,2,0.525,0.8076,754,27
SPY190522C287,2019-05-20,2019-05-20 09:44:24,0.54,0.8307,50,0.53,0.8153,299,0.52,0.8,2,0.535,0.823,754,0
SPY190522C287,2019-05-20,2019-05-20 09:44:26,0.54,0.8307,170,0.53,0.8153,653,0.52,0.8,2,0.535,0.823,754,0
SPY190522C287,2019-05-20,2019-05-20 09:44:28,0.55,0.8461,1241,0.53,0.8153,653,0.52,0.8,2,0.54,0.8307,754,0
SPY190522C287,2019-05-20,2019-05-20 09:44:29,0.54,0.8307,180,0.52,0.8,1761,0.52,0.8,2,0.53,0.8153,754,0
SPY190522C287,2019-05-20,2019-05-20 09:44:31,0.54,0.8307,64,0.53,0.8153,19,0.52,0.8,2,0.535,0.823,754,0
SPY190522C287,2019-05-20,2019-05-20 09:44:33,0.55,0.8461,179,0.53,0.8153,1126,0.52,0.8,2,0.54,0.8307,754,0
SPY190522C287,2019-05-20,2019-05-20 09:44:34,0.56,0.8615,1,0.54,0.8307,17,0.52,0.8,2,0.55,0.8461,754,0
SPY190522C287,2019-05-20,2019-05-20 09:44:36,0.56,0.8615,337,0.54,0.8307,1098,0.52,0.8,2,0.55,0.8461,754,0
SPY190522C287,2019-05-20,2019-05-20 09:44:37,0.56,0.8615,181,0.53,0.8153,444,0.52,0.8,2,0.545,0.8384,754,0
SPY190522C287,2019-05-20,2019-05-20 09:44:39,0.56,0.8615,181,0.54,0.8307,498,0.52,0.8,2,0.55,0.8461,754,0
SPY190522C287,2019-05-20,2019-05-20 09:44:40,0.56,0.8615,1,0.55,0.8461,1071,0.55,0.8461,2,0.555,0.8538,756,2
SPY190522C287,2019-05-20,2019-05-20 09:44:42,0.56,0.8615,1,0.55,0.8461,1624,0.55,0.8461,2,0.555,0.8538,756,0
SPY190522C287,2019-05-20,2019-05-20 09:44:43,0.56,0.8615,1,0.55,0.8461,1842,0.55,0.8461,2,0.555,0.8538,756,0
SPY190522C287,2019-05-20,2019-05-20 09:44:45,0.58,0.8923,64,0.57,0.8769,68,0.56,0.8615,1,0.575,0.8846,757,1
SPY190522C287,2019-05-20,2019-05-20 09:44:47,0.58,0.8923,183,0.57,0.8769,361,0.56,0.8615,1,0.575,0.8846,757,0
SPY190522C287,2019-05-20,2019-05-20 09:44:48,0.59,0.9076,2063,0.56,0.8615,932,0.56,0.8615,1,0.575,0.8846,757,0
SPY190522C287,2019-05-20,2019-05-20 09:44:50,0.58,0.8923,176,0.57,0.8769,154,0.56,0.8615,1,0.575,0.8846,757,0
SPY190522C287,2019-05-20,2019-05-20 09:44:52,0.59,0.9076,132,0.57,0.8769,462,0.56,0.8615,1,0.58,0.8923,757,0
SPY190522C287,2019-05-20,2019-05-20 09:44:53,0.59,0.9076,47,0.58,0.8923,157,0.56,0.8615,1,0.585,0.9,757,0
SPY190522C287,2019-05-20,2019-05-20 09:44:55,0.6,0.923,1361,0.58,0.8923,130,0.56,0.8615,1,0.59,0.9076,757,0
SPY190522C287,2019-05-20,2019-05-20 09:44:57,0.58,0.8923,180,0.56,0.8615,255,0.56,0.8615,1,0.57,0.8769,757,0
SPY190522C287,2019-05-20,2019-05-20 09:44:59,0.58,0.8923,130,0.57,0.8769,55,0.56,0.8615,1,0.575,0.8846,757,0
SPY190522C287,2019-05-20,2019-05-20 09:45:00,0.58,0.8923,180,0.57,0.8769,66,0.56,0.8615,1,0.575,0.8846,757,0
SPY190522C287,2019-05-20,2019-05-20 09:45:01,0.58,0.8923,114,0.57,0.8769,151,0.56,0.8615,1,0.575,0.8846,757,0
SPY190522C287,2019-05-20,2019-05-20 09:45:02,0.59,0.9076,50,0.58,0.8923,181,0.56,0.8615,1,0.585,0.9,757,0
SPY190522C287,2019-05-20,2019-05-20 09:45:04,0.6,0.923,196,0.59,0.9076,31,0.56,0.8615,1,0.595,0.9153,757,0
SPY190522C287,2019-05-20,2019-05-20 09:45:05,0.61,0.9384,900,0.59,0.9076,165,0.58,0.8923,200,0.6,0.923,957,200
SPY190522C287,2019-05-20,2019-05-20 09:45:06,0.63,0.9692,432,0.6,0.923,449,0.62,0.9538,1,0.615,0.9461,958,1
SPY190522C287,2019-05-20,2019-05-20 09:45:08,0.63,0.9692,480,0.62,0.9538,6,0.62,0.9538,1,0.625,0.9615,958,0
SPY190522C287,2019-05-20,2019-05-20 09:45:09,0.63,0.9692,50,0.62,0.9538,80,0.62,0.9538,1,0.625,0.9615,958,0
SPY190522C287,2019-05-20,2019-05-20 09:45:10,0.64,0.9846,306,0.63,0.9692,20,0.62,0.9538,1,0.635,0.9769,958,0
SPY190522C287,2019-05-20,2019-05-20 09:45:12,0.64,0.9846,74,0.62,0.9538,1166,0.62,0.9538,1,0.63,0.9692,958,0
SPY190522C287,2019-05-20,2019-05-20 09:45:13,0.65,1.0,110,0.64,0.9846,18,0.62,0.9538,1,0.645,0.9923,958,0
SPY190522C287,2019-05-20,2019-05-20 09:45:14,0.65,1.0,113,0.64,0.9846,148,0.62,0.9538,1,0.645,0.9923,958,0
SPY190522C287,2019-05-20,2019-05-20 09:45:15,0.66,1.0153,150,0.64,0.9846,439,0.62,0.9538,1,0.65,1.0,958,0
SPY190522C287,2019-05-20,2019-05-20 09:45:17,0.65,1.0,130,0.63,0.9692,198,0.62,0.9538,1,0.64,0.9846,958,0
SPY190522C287,2019-05-20,2019-05-20 09:45:18,0.65,1.0,1357,0.63,0.9692,150,0.62,0.9538,1,0.64,0.9846,958,0
SPY190522C287,2019-05-20,2019-05-20 09:45:19,0.65,1.0,150,0.64,0.9846,13,0.62,0.9538,1,0.645,0.9923,958,0
SPY190522C287,2019-05-20,2019-05-20 09:45:20,0.65,1.0,170,0.64,0.9846,11,0.64,0.9846,1,0.645,0.9923,959,1
SPY190522C287,2019-05-20,2019-05-20 09:45:21,0.64,0.9846,29,0.63,0.9692,13,0.64,0.9846,1,0.635,0.9769,959,0
SPY190522C287,2019-05-20,2019-05-20 09:45:22,0.65,1.0,1528,0.62,0.9538,510,0.64,0.9846,1,0.635,0.9769,959,0
SPY190522C287,2019-05-20,2019-05-20 09:45:23,0.65,1.0,1272,0.63,0.9692,31,0.64,0.9846,1,0.64,0.9846,959,0
SPY190522C287,2019-05-20,2019-05-20 09:45:25,0.65,1.0,50,0.64,0.9846,253,0.64,0.9846,1,0.645,0.9923,959,0
SPY190522C287,2019-05-20,2019-05-20 09:45:26,0.65,1.0,50,0.64,0.9846,251,0.64,0.9846,1,0.645,0.9923,959,0
SPY190522C287,2019-05-20,2019-05-20 09:45:27,0.65,1.0,278,0.64,0.9846,27,0.64,0.9846,1,0.645,0.9923,959,0
SPY190522C287,2019-05-20,2019-05-20 09:45:29,0.65,1.0,354,0.64,0.9846,49,0.64,0.9846,1,0.645,0.9923,959,0
SPY190522C287,2019-05-20,2019-05-20 09:45:31,0.65,1.0,1534,0.64,0.9846,1,0.65,1.0,6,0.645,0.9923,969,10
SPY190522C287,2019-05-20,2019-05-20 09:45:32,0.64,0.9846,6,0.63,0.9692,30,0.65,1.0,6,0.635,0.9769,969,0
SPY190522C287,2019-05-20,2019-05-20 09:45:33,0.65,1.0,261,0.64,0.9846,68,0.65,1.0,6,0.645,0.9923,969,0
SPY190522C287,2019-05-20,2019-05-20 09:45:35,0.64,0.9846,21,0.63,0.9692,66,0.65,1.0,1,0.635,0.9769,972,3
SPY190522C287,2019-05-20,2019-05-20 09:45:36,0.65,1.0,261,0.63,0.9692,96,0.65,1.0,1,0.64,0.9846,972,0
SPY190522C287,2019-05-20,2019-05-20 09:45:37,0.65,1.0,445,0.64,0.9846,20,0.65,1.0,1,0.645,0.9923,972,0
SPY190522C287,2019-05-20,2019-05-20 09:45:39,0.65,1.0,303,0.63,0.9692,764,0.65,1.0,1,0.64,0.9846,972,0
SPY190522C287,2019-05-20,2019-05-20 09:45:40,0.65,1.0,1092,0.63,0.9692,312,0.64,0.9846,1,0.64,0.9846,973,1
SPY190522C287,2019-05-20,2019-05-20 09:45:41,0.65,1.0,911,0.64,0.9846,26,0.64,0.9846,1,0.645,0.9923,973,0
SPY190522C287,2019-05-20,2019-05-20 09:45:42,0.65,1.0,198,0.64,0.9846,86,0.64,0.9846,1,0.645,0.9923,973,0
SPY190522C287,2019-05-20,2019-05-20 09:45:43,0.68,1.0461,269,0.65,1.0,349,0.64,0.9846,1,0.665,1.023,973,0
SPY190522C287,2019-05-20,2019-05-20 09:45:44,0.68,1.0461,336,0.66,1.0153,453,0.64,0.9846,1,0.67,1.0307,973,0
SPY190522C287,2019-05-20,2019-05-20 09:45:45,0.68,1.0461,30,0.67,1.0307,27,0.64,0.9846,1,0.675,1.0384,973,0
SPY190522C287,2019-05-20,2019-05-20 09:45:47,0.68,1.0461,354,0.67,1.0307,20,0.68,1.0461,8,0.675,1.0384,981,8
SPY190522C287,2019-05-20,2019-05-20 09:45:48,0.68,1.0461,779,0.66,1.0153,80,0.68,1.0461,8,0.67,1.0307,981,0
SPY190522C287,2019-05-20,2019-05-20 09:45:49,0.69,1.0615,517,0.67,1.0307,188,0.68,1.0461,8,0.68,1.0461,981,0
SPY190522C287,2019-05-20,2019-05-20 09:45:50,0.69,1.0615,1152,0.67,1.0307,460,0.68,1.0461,8,0.68,1.0461,981,0
SPY190522C287,2019-05-20,2019-05-20 09:45:51,0.69,1.0615,354,0.68,1.0461,51,0.68,1.0461,8,0.685,1.0538,981,0
SPY190522C287,2019-05-20,2019-05-20 09:45:52,0.68,1.0461,261,0.67,1.0307,82,0.68,1.0461,8,0.675,1.0384,981,0
SPY190522C287,2019-05-20,2019-05-20 09:45:53,0.68,1.0461,768,0.66,1.0153,941,0.68,1.0461,8,0.67,1.0307,981,0
SPY190522C287,2019-05-20,2019-05-20 09:45:55,0.67,1.0307,66,0.66,1.0153,141,0.68,1.0461,8,0.665,1.023,981,0
SPY190522C287,2019-05-20,2019-05-20 09:45:56,0.67,1.0307,427,0.66,1.0153,141,0.68,1.0461,8,0.665,1.023,981,0
SPY190522C287,2019-05-20,2019-05-20 09:45:57,0.66,1.0153,405,0.64,0.9846,281,0.68,1.0461,8,0.65,1.0,981,0
SPY190522C287,2019-05-20,2019-05-20 09:45:58,0.66,1.0153,105,0.65,1.0,144,0.68,1.0461,8,0.655,1.0076,981,0
SPY190522C287,2019-05-20,2019-05-20 09:46:00,0.66,1.0153,80,0.65,1.0,386,0.65,1.0,1,0.655,1.0076,982,1
SPY190522C287,2019-05-20,2019-05-20 09:46:00,0.66,1.0153,50,0.65,1.0,50,0.65,1.0,1,0.655,1.0076,982,0
SPY190522C287,2019-05-20,2019-05-20 09:46:02,0.66,1.0153,263,0.64,0.9846,141,0.65,1.0,1,0.65,1.0,984,2
SPY190522C287,2019-05-20,2019-05-20 09:46:03,0.65,1.0,275,0.63,0.9692,876,0.65,1.0,1,0.64,0.9846,984,0
SPY190522C287,2019-05-20,2019-05-20 09:46:04,0.65,1.0,66,0.64,0.9846,50,0.65,1.0,1,0.645,0.9923,984,0
SPY190522C287,2019-05-20,2019-05-20 09:46:06,0.66,1.0153,1449,0.64,0.9846,130,0.64,0.9846,6,0.65,1.0,990,6
SPY190522C287,2019-05-20,2019-05-20 09:46:07,0.65,1.0,61,0.63,0.9692,1693,0.64,0.9846,6,0.64,0.9846,990,0
SPY190522C287,2019-05-20,2019-05-20 09:46:08,0.65,1.0,5,0.64,0.9846,14,0.64,0.9846,6,0.645,0.9923,990,0
SPY190522C287,2019-05-20,2019-05-20 09:46:09,0.66,1.0153,230,0.65,1.0,10,0.64,0.9846,3,0.655,1.0076,993,3
SPY190522C287,2019-05-20,2019-05-20 09:46:11,0.66,1.0153,19,0.65,1.0,201,0.64,0.9846,3,0.655,1.0076,993,0
SPY190522C287,2019-05-20,2019-05-20 09:46:12,0.67,1.0307,50,0.66,1.0153,50,0.66,1.0153,5,0.665,1.023,998,5
SPY190522C287,2019-05-20,2019-05-20 09:46:13,0.69,1.0615,593,0.67,1.0307,174,0.66,1.0153,5,0.68,1.0461,998,0
SPY190522C287,2019-05-20,2019-05-20 09:46:14,0.69,1.0615,576,0.67,1.0307,134,0.66,1.0153,5,0.68,1.0461,998,0
SPY190522C287,2019-05-20,2019-05-20 09:46:15,0.69,1.0615,50,0.68,1.0461,399,0.66,1.0153,5,0.685,1.0538,998,0
SPY190522C287,2019-05-20,2019-05-20 09:46:17,0.7,1.0769,261,0.68,1.0461,643,0.69,1.0615,1,0.69,1.0615,999,1
SPY190522C287,2019-05-20,2019-05-20 09:46:18,0.7,1.0769,131,0.68,1.0461,411,0.69,1.0615,1,0.69,1.0615,999,0
SPY190522C287,2019-05-20,2019-05-20 09:46:19,0.7,1.0769,367,0.68,1.0461,174,0.69,1.0615,1,0.69,1.0615,999,0
SPY190522C287,2019-05-20,2019-05-20 09:46:20,0.69,1.0615,89,0.68,1.0461,26,0.69,1.0615,1,0.685,1.0538,999,0
SPY190522C287,2019-05-20,2019-05-20 09:46:22,0.7,1.0769,1112,0.68,1.0461,122,0.69,1.0615,1,0.69,1.0615,999,0
SPY190522C287,2019-05-20,2019-05-20 09:46:23,0.69,1.0615,126,0.68,1.0461,122,0.69,1.0615,1,0.685,1.0538,999,0
SPY190522C287,2019-05-20,2019-05-20 09:46:24,0.69,1.0615,50,0.68,1.0461,122,0.69,1.0615,1,0.685,1.0538,1000,1
SPY190522C287,2019-05-20,2019-05-20 09:46:25,0.7,1.0769,280,0.69,1.0615,46,0.69,1.0615,1,0.695,1.0692,1000,0
SPY190522C287,2019-05-20,2019-05-20 09:46:27,0.7,1.0769,253,0.69,1.0615,127,0.69,1.0615,1,0.695,1.0692,1000,0
SPY190522C287,2019-05-20,2019-05-20 09:46:28,0.71,1.0923,479,0.7,1.0769,76,0.7,1.0769,25,0.705,1.0846,1143,143
SPY190522C287,2019-05-20,2019-05-20 09:46:29,0.71,1.0923,495,0.69,1.0615,171,0.7,1.0769,76,0.7,1.0769,1219,76
SPY190522C287,2019-05-20,2019-05-20 09:46:31,0.7,1.0769,59,0.69,1.0615,71,0.7,1.0769,76,0.695,1.0692,1219,0
SPY190522C287,2019-05-20,2019-05-20 09:46:32,0.7,1.0769,130,0.69,1.0615,71,0.69,1.0615,2,0.695,1.0692,1221,2
SPY190522C287,2019-05-20,2019-05-20 09:46:33,0.7,1.0769,714,0.69,1.0615,23,0.69,1.0615,2,0.695,1.0692,1221,0
SPY190522C287,2019-05-20,2019-05-20 09:46:35,0.7,1.0769,50,0.69,1.0615,62,0.7,1.0769,1,0.695,1.0692,1223,2
SPY190522C287,2019-05-20,2019-05-20 09:46:36,0.71,1.0923,246,0.69,1.0615,350,0.7,1.0769,1,0.7,1.0769,1223,0
SPY190522C287,2019-05-20,2019-05-20 09:46:37,0.71,1.0923,120,0.69,1.0615,603,0.7,1.0769,1,0.7,1.0769,1223,0
SPY190522C287,2019-05-20,2019-05-20 09:46:38,0.71,1.0923,127,0.7,1.0769,45,0.7,1.0769,1,0.705,1.0846,1223,0
SPY190522C287,2019-05-20,2019-05-20 09:46:40,0.71,1.0923,50,0.7,1.0769,349,0.7,1.0769,1,0.705,1.0846,1223,0
SPY190522C287,2019-05-20,2019-05-20 09:46:41,0.72,1.1076,680,0.71,1.0923,31,0.7,1.0769,1,0.715,1.1,1223,0
SPY190522C287,2019-05-20,2019-05-20 09:46:42,0.71,1.0923,120,0.7,1.0769,10,0.71,1.0923,15,0.705,1.0846,1238,15
SPY190522C287,2019-05-20,2019-05-20 09:46:44,0.71,1.0923,50,0.7,1.0769,57,0.71,1.0923,15,0.705,1.0846,1238,0
SPY190522C287,2019-05-20,2019-05-20 09:46:45,0.72,1.1076,583,0.71,1.0923,13,0.71,1.0923,15,0.715,1.1,1238,0
SPY190522C287,2019-05-20,2019-05-20 09:46:47,0.72,1.1076,583,0.7,1.0769,126,0.71,1.0923,15,0.71,1.0923,1238,0
SPY190522C287,2019-05-20,2019-05-20 09:46:48,0.72,1.1076,231,0.71,1.0923,20,0.71,1.0923,15,0.715,1.1,1238,0
SPY190522C287,2019-05-20,2019-05-20 09:46:49,0.72,1.1076,726,0.7,1.0769,33,0.71,1.0923,15,0.71,1.0923,1238,0
SPY190522C287,2019-05-20,2019-05-20 09:46:50,0.72,1.1076,103,0.71,1.0923,3,0.71,1.0923,15,0.715,1.1,1238,0
SPY190522C287,2019-05-20,2019-05-20 09:46:51,0.72,1.1076,120,0.71,1.0923,3,0.71,1.0923,15,0.715,1.1,1238,0
SPY190522C287,2019-05-20,2019-05-20 09:46:52,0.72,1.1076,673,0.71,1.0923,3,0.72,1.1076,10,0.715,1.1,1248,10
SPY190522C287,2019-05-20,2019-05-20 09:46:53,0.72,1.1076,1048,0.69,1.0615,655,0.72,1.1076,10,0.705,1.0846,1248,0
SPY190522C287,2019-05-20,2019-05-20 09:46:55,0.71,1.0923,131,0.7,1.0769,19,0.71,1.0923,3,0.705,1.0846,1251,3
SPY190522C287,2019-05-20,2019-05-20 09:46:56,0.71,1.0923,120,0.7,1.0769,19,0.71,1.0923,3,0.705,1.0846,1251,0
SPY190522C287,2019-05-20,2019-05-20 09:46:57,0.71,1.0923,465,0.7,1.0769,16,0.71,1.0923,3,0.705,1.0846,1251,0
SPY190522C287,2019-05-20,2019-05-20 09:46:58,0.71,1.0923,194,0.7,1.0769,16,0.71,1.0923,3,0.705,1.0846,1251,0
SPY190522C287,2019-05-20,2019-05-20 09:46:59,0.71,1.0923,234,0.7,1.0769,21,0.71,1.0923,3,0.705,1.0846,1251,0
SPY190522C287,2019-05-20,2019-05-20 09:47:00,0.71,1.0923,234,0.7,1.0769,21,0.71,1.0923,3,0.705,1.0846,1251,0
SPY190522C287,2019-05-20,2019-05-20 09:47:02,0.69,1.0615,2,0.68,1.0461,64,0.69,1.0615,1,0.685,1.0538,1252,1
SPY190522C287,2019-05-20,2019-05-20 09:47:03,0.71,1.0923,754,0.69,1.0615,134,0.7,1.0769,5,0.7,1.0769,1272,20
SPY190522C287,2019-05-20,2019-05-20 09:47:04,0.72,1.1076,534,0.7,1.0769,200,0.7,1.0769,5,0.71,1.0923,1272,0
SPY190522C287,2019-05-20,2019-05-20 09:47:05,0.72,1.1076,534,0.71,1.0923,16,0.7,1.0769,5,0.715,1.1,1272,0
SPY190522C287,2019-05-20,2019-05-20 09:47:06,0.72,1.1076,131,0.71,1.0923,44,0.7,1.0769,5,0.715,1.1,1272,0
SPY190522C287,2019-05-20,2019-05-20 09:47:07,0.72,1.1076,505,0.71,1.0923,27,0.72,1.1076,1,0.715,1.1,1273,1
SPY190522C287,2019-05-20,2019-05-20 09:47:08,0.72,1.1076,848,0.7,1.0769,106,0.71,1.0923,5,0.71,1.0923,1278,5
SPY190522C287,2019-05-20,2019-05-20 09:47:10,0.71,1.0923,120,0.7,1.0769,158,0.7,1.0769,8,0.705,1.0846,1336,58
SPY190522C287,2019-05-20,2019-05-20 09:47:11,0.72,1.1076,1058,0.71,1.0923,27,0.7,1.0769,8,0.715,1.1,1336,0
SPY190522C287,2019-05-20,2019-05-20 09:47:12,0.7,1.0769,336,0.69,1.0615,27,0.7,1.0769,7,0.695,1.0692,1444,108
SPY190522C287,2019-05-20,2019-05-20 09:47:13,0.7,1.0769,810,0.69,1.0615,68,0.7,1.0769,7,0.695,1.0692,1444,0
SPY190522C287,2019-05-20,2019-05-20 09:47:14,0.7,1.0769,61,0.68,1.0461,534,0.7,1.0769,7,0.69,1.0615,1444,0
SPY190522C287,2019-05-20,2019-05-20 09:47:15,0.7,1.0769,87,0.69,1.0615,65,0.7,1.0769,7,0.695,1.0692,1444,0
SPY190522C287,2019-05-20,2019-05-20 09:47:16,0.7,1.0769,183,0.68,1.0461,477,0.7,1.0769,7,0.69,1.0615,1444,0
SPY190522C287,2019-05-20,2019-05-20 09:47:17,0.7,1.0769,782,0.68,1.0461,182,0.7,1.0769,7,0.69,1.0615,1444,0
SPY190522C287,2019-05-20,2019-05-20 09:47:18,0.7,1.0769,254,0.68,1.0461,18,0.7,1.0769,7,0.69,1.0615,1444,0
SPY190522C287,2019-05-20,2019-05-20 09:47:19,0.7,1.0769,632,0.68,1.0461,135,0.7,1.0769,7,0.69,1.0615,1444,0
SPY190522C287,2019-05-20,2019-05-20 09:47:20,0.69,1.0615,129,0.68,1.0461,68,0.7,1.0769,7,0.685,1.0538,1444,0
SPY190522C287,2019-05-20,2019-05-20 09:47:21,0.69,1.0615,114,0.68,1.0461,1,0.7,1.0769,7,0.685,1.0538,1444,0
SPY190522C287,2019-05-20,2019-05-20 09:47:23,0.69,1.0615,131,0.68,1.0461,68,0.7,1.0769,7,0.685,1.0538,1444,0
SPY190522C287,2019-05-20,2019-05-20 09:47:24,0.69,1.0615,108,0.68,1.0461,138,0.7,1.0769,7,0.685,1.0538,1444,0
SPY190522C287,2019-05-20,2019-05-20 09:47:25,0.69,1.0615,64,0.68,1.0461,135,0.7,1.0769,7,0.685,1.0538,1444,0
SPY190522C287,2019-05-20,2019-05-20 09:47:26,0.7,1.0769,830,0.68,1.0461,135,0.7,1.0769,7,0.69,1.0615,1444,0
SPY190522C287,2019-05-20,2019-05-20 09:47:27,0.69,1.0615,118,0.68,1.0461,10,0.7,1.0769,7,0.685,1.0538,1444,0
SPY190522C287,2019-05-20,2019-05-20 09:47:28,0.69,1.0615,139,0.68,1.0461,5,0.7,1.0769,7,0.685,1.0538,1444,0
SPY190522C287,2019-05-20,2019-05-20 09:47:29,0.69,1.0615,593,0.68,1.0461,1,0.7,1.0769,7,0.685,1.0538,1444,0
SPY190522C287,2019-05-20,2019-05-20 09:47:30,0.69,1.0615,352,0.68,1.0461,1,0.7,1.0769,7,0.685,1.0538,1444,0
SPY190522C287,2019-05-20,2019-05-20 09:47:31,0.69,1.0615,680,0.68,1.0461,1,0.69,1.0615,30,0.685,1.0538,1474,30
SPY190522C287,2019-05-20,2019-05-20 09:47:32,0.69,1.0615,680,0.68,1.0461,1,0.69,1.0615,30,0.685,1.0538,1474,0
SPY190522C287,2019-05-20,2019-05-20 09:47:33,0.68,1.0461,266,0.67,1.0307,68,0.68,1.0461,1,0.675,1.0384,1475,1
SPY190522C287,2019-05-20,2019-05-20 09:47:34,0.68,1.0461,765,0.67,1.0307,20,0.68,1.0461,1,0.675,1.0384,1475,0
SPY190522C287,2019-05-20,2019-05-20 09:47:36,0.68,1.0461,765,0.66,1.0153,545,0.68,1.0461,1,0.67,1.0307,1475,0
SPY190522C287,2019-05-20,2019-05-20 09:47:38,0.68,1.0461,1036,0.66,1.0153,545,0.68,1.0461,1,0.67,1.0307,1475,0
SPY190522C287,2019-05-20,2019-05-20 09:47:39,0.68,1.0461,893,0.66,1.0153,61,0.68,1.0461,1,0.67,1.0307,1475,0
SPY190522C287,2019-05-20,2019-05-20 09:47:41,0.68,1.0461,972,0.66,1.0153,68,0.68,1.0461,1,0.67,1.0307,1475,0
SPY190522C287,2019-05-20,2019-05-20 09:47:42,0.67,1.0307,124,0.66,1.0153,68,0.68,1.0461,1,0.665,1.023,1475,0
SPY190522C287,2019-05-20,2019-05-20 09:47:43,0.67,1.0307,393,0.65,1.0,545,0.67,1.0307,5,0.66,1.0153,1480,5
SPY190522C287,2019-05-20,2019-05-20 09:47:45,0.67,1.0307,457,0.65,1.0,222,0.67,1.0307,5,0.66,1.0153,1480,0
SPY190522C287,2019-05-20,2019-05-20 09:47:46,0.67,1.0307,130,0.65,1.0,909,0.67,1.0307,5,0.66,1.0153,1480,0
SPY190522C287,2019-05-20,2019-05-20 09:47:47,0.68,1.0461,545,0.66,1.0153,135,0.66,1.0153,8,0.67,1.0307,1488,8
SPY190522C287,2019-05-20,2019-05-20 09:47:48,0.68,1.0461,545,0.66,1.0153,598,0.66,1.0153,8,0.67,1.0307,1488,0
SPY190522C287,2019-05-20,2019-05-20 09:47:49,0.68,1.0461,50,0.67,1.0307,130,0.66,1.0153,8,0.675,1.0384,1488,0
SPY190522C287,2019-05-20,2019-05-20 09:47:50,0.68,1.0461,260,0.66,1.0153,624,0.66,1.0153,8,0.67,1.0307,1488,0
SPY190522C287,2019-05-20,2019-05-20 09:47:52,0.68,1.0461,384,0.66,1.0153,170,0.66,1.0153,1,0.67,1.0307,1489,1
SPY190522C287,2019-05-20,2019-05-20 09:47:53,0.68,1.0461,753,0.66,1.0153,50,0.66,1.0153,1,0.67,1.0307,1489,0
SPY190522C287,2019-05-20,2019-05-20 09:47:54,0.68,1.0461,817,0.66,1.0153,209,0.66,1.0153,1,0.67,1.0307,1489,0
SPY190522C287,2019-05-20,2019-05-20 09:47:55,0.68,1.0461,799,0.66,1.0153,50,0.66,1.0153,1,0.67,1.0307,1489,0
SPY190522C287,2019-05-20,2019-05-20 09:47:57,0.67,1.0307,1018,0.64,0.9846,908,0.66,1.0153,1,0.655,1.0076,1489,0
SPY190522C287,2019-05-20,2019-05-20 09:47:58,0.66,1.0153,798,0.65,1.0,1,0.65,1.0,5,0.655,1.0076,1494,5
SPY190522C287,2019-05-20,2019-05-20 09:47:59,0.65,1.0,401,0.63,0.9692,593,0.65,1.0,5,0.64,0.9846,1494,0
SPY190522C287,2019-05-20,2019-05-20 09:48:00,0.65,1.0,717,0.63,0.9692,545,0.65,1.0,5,0.64,0.9846,1494,0
SPY190522C287,2019-05-20,2019-05-20 09:48:00,0.65,1.0,320,0.63,0.9692,593,0.65,1.0,5,0.64,0.9846,1494,0
SPY190522C287,2019-05-20,2019-05-20 09:48:01,0.65,1.0,300,0.63,0.9692,545,0.65,1.0,5,0.64,0.9846,1494,0
SPY190522C287,2019-05-20,2019-05-20 09:48:02,0.65,1.0,780,0.63,0.9692,193,0.65,1.0,5,0.64,0.9846,1494,0
SPY190522C287,2019-05-20,2019-05-20 09:48:04,0.64,0.9846,260,0.62,0.9538,865,0.65,1.0,5,0.63,0.9692,1494,0
SPY190522C287,2019-05-20,2019-05-20 09:48:05,0.64,0.9846,797,0.62,0.9538,155,0.63,0.9692,50,0.63,0.9692,1544,50
SPY190522C287,2019-05-20,2019-05-20 09:48:06,0.64,0.9846,536,0.62,0.9538,50,0.63,0.9692,50,0.63,0.9692,1544,0
SPY190522C287,2019-05-20,2019-05-20 09:48:07,0.64,0.9846,1667,0.62,0.9538,50,0.63,0.9692,50,0.63,0.9692,1544,0
SPY190522C287,2019-05-20,2019-05-20 09:48:08,0.63,0.9692,1020,0.62,0.9538,50,0.63,0.9692,3,0.625,0.9615,1549,5
SPY190522C287,2019-05-20,2019-05-20 09:48:10,0.63,0.9692,1599,0.62,0.9538,50,0.63,0.9692,3,0.625,0.9615,1549,0
SPY190522C287,2019-05-20,2019-05-20 09:48:11,0.63,0.9692,1293,0.62,0.9538,50,0.63,0.9692,3,0.625,0.9615,1549,0
SPY190522C287,2019-05-20,2019-05-20 09:48:12,0.63,0.9692,747,0.62,0.9538,50,0.63,0.9692,3,0.625,0.9615,1549,0
SPY190522C287,2019-05-20,2019-05-20 09:48:13,0.62,0.9538,562,0.6,0.923,1053,0.62,0.9538,36,0.61,0.9384,1599,50
SPY190522C287,2019-05-20,2019-05-20 09:48:14,0.62,0.9538,25,0.6,0.923,1624,0.62,0.9538,36,0.61,0.9384,1599,0
SPY190522C287,2019-05-20,2019-05-20 09:48:15,0.62,0.9538,53,0.6,0.923,1624,0.62,0.9538,36,0.61,0.9384,1599,0
SPY190522C287,2019-05-20,2019-05-20 09:48:16,0.63,0.9692,771,0.61,0.9384,340,0.62,0.9538,36,0.62,0.9538,1599,0
SPY190522C287,2019-05-20,2019-05-20 09:48:18,0.62,0.9538,275,0.61,0.9384,375,0.62,0.9538,36,0.615,0.9461,1599,0
SPY190522C287,2019-05-20,2019-05-20 09:48:19,0.61,0.9384,1078,0.59,0.9076,50,0.58,0.8923,1,0.6,0.923,1600,1
SPY190522C287,2019-05-20,2019-05-20 09:48:20,0.61,0.9384,1078,0.59,0.9076,50,0.58,0.8923,1,0.6,0.923,1600,0
SPY190522C287,2019-05-20,2019-05-20 09:48:21,0.61,0.9384,678,0.59,0.9076,130,0.58,0.8923,1,0.6,0.923,1600,0
SPY190522C287,2019-05-20,2019-05-20 09:48:22,0.6,0.923,107,0.59,0.9076,218,0.58,0.8923,1,0.595,0.9153,1600,0
SPY190522C287,2019-05-20,2019-05-20 09:48:23,0.6,0.923,160,0.58,0.8923,400,0.58,0.8923,1,0.59,0.9076,1600,0
SPY190522C287,2019-05-20,2019-05-20 09:48:24,0.61,0.9384,835,0.59,0.9076,50,0.58,0.8923,1,0.6,0.923,1600,0
SPY190522C287,2019-05-20,2019-05-20 09:48:25,0.6,0.923,261,0.58,0.8923,1034,0.58,0.8923,1,0.59,0.9076,1600,0
SPY190522C287,2019-05-20,2019-05-20 09:48:26,0.6,0.923,77,0.58,0.8923,1586,0.58,0.8923,1,0.59,0.9076,1600,0
SPY190522C287,2019-05-20,2019-05-20 09:48:27,0.61,0.9384,971,0.58,0.8923,639,0.58,0.8923,1,0.595,0.9153,1600,0
SPY190522C287,2019-05-20,2019-05-20 09:48:28,0.6,0.923,154,0.58,0.8923,1380,0.58,0.8923,1,0.59,0.9076,1600,0
SPY190522C287,2019-05-20,2019-05-20 09:48:30,0.6,0.923,80,0.58,0.8923,1695,0.58,0.8923,1,0.59,0.9076,1600,0
SPY190522C287,2019-05-20,2019-05-20 09:48:31,0.6,0.923,983,0.58,0.8923,797,0.58,0.8923,1,0.59,0.9076,1600,0
SPY190522C287,2019-05-20,2019-05-20 09:48:32,0.6,0.923,364,0.58,0.8923,548,0.58,0.8923,1,0.59,0.9076,1600,0
SPY190522C287,2019-05-20,2019-05-20 09:48:33,0.6,0.923,934,0.58,0.8923,306,0.58,0.8923,1,0.59,0.9076,1600,0
SPY190522C287,2019-05-20,2019-05-20 09:48:34,0.6,0.923,345,0.58,0.8923,126,0.58,0.8923,1,0.59,0.9076,1600,0
SPY190522C287,2019-05-20,2019-05-20 09:48:35,0.6,0.923,400,0.58,0.8923,519,0.58,0.8923,1,0.59,0.9076,1600,0
SPY190522C287,2019-05-20,2019-05-20 09:48:37,0.6,0.923,1188,0.58,0.8923,130,0.58,0.8923,1,0.59,0.9076,1600,0
SPY190522C287,2019-05-20,2019-05-20 09:48:38,0.6,0.923,1188,0.58,0.8923,130,0.58,0.8923,1,0.59,0.9076,1600,0
SPY190522C287,2019-05-20,2019-05-20 09:48:39,0.6,0.923,262,0.58,0.8923,673,0.58,0.8923,1,0.59,0.9076,1600,0
SPY190522C287,2019-05-20,2019-05-20 09:48:41,0.6,0.923,180,0.58,0.8923,1279,0.58,0.8923,1,0.59,0.9076,1600,0
SPY190522C287,2019-05-20,2019-05-20 09:48:42,0.6,0.923,504,0.58,0.8923,115,0.58,0.8923,1,0.59,0.9076,1600,0
SPY190522C287,2019-05-20,2019-05-20 09:48:43,0.59,0.9076,131,0.57,0.8769,1140,0.59,0.9076,2,0.58,0.8923,1602,2
SPY190522C287,2019-05-20,2019-05-20 09:48:44,0.59,0.9076,38,0.58,0.8923,31,0.59,0.9076,2,0.585,0.9,1602,0
SPY190522C287,2019-05-20,2019-05-20 09:48:46,0.6,0.923,636,0.58,0.8923,909,0.59,0.9076,2,0.59,0.9076,1602,0
SPY190522C287,2019-05-20,2019-05-20 09:48:47,0.61,0.9384,356,0.59,0.9076,130,0.59,0.9076,2,0.6,0.923,1602,0
SPY190522C287,2019-05-20,2019-05-20 09:48:48,0.6,0.923,491,0.57,0.8769,399,0.59,0.9076,2,0.585,0.9,1602,0
SPY190522C287,2019-05-20,2019-05-20 09:48:49,0.6,0.923,409,0.58,0.8923,203,0.59,0.9076,2,0.59,0.9076,1602,0
SPY190522C287,2019-05-20,2019-05-20 09:48:50,0.6,0.923,1492,0.59,0.9076,5,0.59,0.9076,2,0.595,0.9153,1602,0
SPY190522C287,2019-05-20,2019-05-20 09:48:51,0.6,0.923,1492,0.59,0.9076,5,0.59,0.9076,2,0.595,0.9153,1602,0
SPY190522C287,2019-05-20,2019-05-20 09:48:53,0.6,0.923,978,0.59,0.9076,5,0.59,0.9076,2,0.595,0.9153,1602,0
SPY190522C287,2019-05-20,2019-05-20 09:48:54,0.6,0.923,130,0.59,0.9076,5,0.59,0.9076,2,0.595,0.9153,1602,0
SPY190522C287,2019-05-20,2019-05-20 09:48:55,0.6,0.923,106,0.59,0.9076,5,0.59,0.9076,2,0.595,0.9153,1602,0
SPY190522C287,2019-05-20,2019-05-20 09:48:57,0.61,0.9384,23,0.59,0.9076,846,0.59,0.9076,2,0.6,0.923,1602,0
SPY190522C287,2019-05-20,2019-05-20 09:48:58,0.62,0.9538,497,0.6,0.923,9,0.59,0.9076,2,0.61,0.9384,1602,0
SPY190522C287,2019-05-20,2019-05-20 09:48:59,0.62,0.9538,909,0.6,0.923,919,0.62,0.9538,3,0.61,0.9384,1612,10
SPY190522C287,2019-05-20,2019-05-20 09:49:00,0.63,0.9692,891,0.61,0.9384,170,0.62,0.9538,3,0.62,0.9538,1612,0
SPY190522C287,2019-05-20,2019-05-20 09:49:00,0.62,0.9538,44,0.61,0.9384,171,0.62,0.9538,3,0.615,0.9461,1612,0
SPY190522C287,2019-05-20,2019-05-20 09:49:02,0.63,0.9692,957,0.6,0.923,180,0.62,0.9538,3,0.615,0.9461,1612,0
SPY190522C287,2019-05-20,2019-05-20 09:49:03,0.62,0.9538,1034,0.6,0.923,130,0.62,0.9538,3,0.61,0.9384,1612,0
SPY190522C287,2019-05-20,2019-05-20 09:49:04,0.61,0.9384,416,0.6,0.923,9,0.62,0.9538,3,0.605,0.9307,1612,0
SPY190522C287,2019-05-20,2019-05-20 09:49:05,0.61,0.9384,926,0.6,0.923,9,0.62,0.9538,3,0.605,0.9307,1612,0
SPY190522C287,2019-05-20,2019-05-20 09:49:06,0.6,0.923,497,0.57,0.8769,550,0.6,0.923,9,0.585,0.9,1622,10
SPY190522C287,2019-05-20,2019-05-20 09:49:07,0.59,0.9076,254,0.58,0.8923,50,0.59,0.9076,1,0.585,0.9,1622,0
SPY190522C287,2019-05-20,2019-05-20 09:49:08,0.59,0.9076,130,0.58,0.8923,50,0.59,0.9076,1,0.585,0.9,1622,0
SPY190522C287,2019-05-20,2019-05-20 09:49:09,0.59,0.9076,50,0.57,0.8769,1106,0.59,0.9076,1,0.58,0.8923,1622,0
SPY190522C287,2019-05-20,2019-05-20 09:49:10,0.59,0.9076,304,0.57,0.8769,1251,0.59,0.9076,1,0.58,0.8923,1623,1
SPY190522C287,2019-05-20,2019-05-20 09:49:11,0.59,0.9076,908,0.57,0.8769,1080,0.59,0.9076,1,0.58,0.8923,1623,0
SPY190522C287,2019-05-20,2019-05-20 09:49:12,0.6,0.923,1608,0.57,0.8769,1442,0.59,0.9076,1,0.585,0.9,1623,0
SPY190522C287,2019-05-20,2019-05-20 09:49:13,0.6,0.923,620,0.58,0.8923,130,0.59,0.9076,1,0.59,0.9076,1623,0
SPY190522C287,2019-05-20,2019-05-20 09:49:14,0.59,0.9076,976,0.57,0.8769,636,0.59,0.9076,1,0.58,0.8923,1623,0
SPY190522C287,2019-05-20,2019-05-20 09:49:15,0.59,0.9076,1056,0.57,0.8769,730,0.59,0.9076,1,0.58,0.8923,1623,0
SPY190522C287,2019-05-20,2019-05-20 09:49:16,0.59,0.9076,1206,0.57,0.8769,126,0.59,0.9076,1,0.58,0.8923,1623,0
SPY190522C287,2019-05-20,2019-05-20 09:49:17,0.59,0.9076,276,0.57,0.8769,636,0.59,0.9076,1,0.58,0.8923,1623,0
SPY190522C287,2019-05-20,2019-05-20 09:49:18,0.59,0.9076,492,0.58,0.8923,50,0.59,0.9076,1,0.585,0.9,1623,0
SPY190522C287,2019-05-20,2019-05-20 09:49:19,0.59,0.9076,492,0.57,0.8769,957,0.59,0.9076,1,0.58,0.8923,1623,0
SPY190522C287,2019-05-20,2019-05-20 09:49:20,0.59,0.9076,967,0.57,0.8769,130,0.59,0.9076,1,0.58,0.8923,1623,0
SPY190522C287,2019-05-20,2019-05-20 09:49:21,0.59,0.9076,1216,0.57,0.8769,130,0.59,0.9076,1,0.58,0.8923,1623,0
