symbol,Date,quote_time,ask_price,norm_ask_price,ask_size,bid_price,norm_bid_price,bid_size,last_trade_price,norm_last_trade_price,last_trade_size,mark_price,norm_mark_price,volume,Volume
SPY190712P300,2019-07-11,2019-07-11 09:30:00,1.69,1.0,100,1.65,0.9763,100,1.66,0.9822,20,1.67,0.9881,9244,9244
SPY190712P300,2019-07-11,2019-07-11 09:30:05,1.24,0.7337,48,1.12,0.6627,101,1.66,0.9822,20,1.18,0.6982,0,-9244
SPY190712P300,2019-07-11,2019-07-11 09:30:06,1.15,0.6804,30,1.1,0.6508,30,1.66,0.9822,20,1.125,0.6656,0,0
SPY190712P300,2019-07-11,2019-07-11 09:30:07,1.15,0.6804,42,1.1,0.6508,30,1.66,0.9822,20,1.125,0.6656,0,0
SPY190712P300,2019-07-11,2019-07-11 09:30:08,1.15,0.6804,42,1.1,0.6508,30,1.66,0.9822,20,1.125,0.6656,0,0
SPY190712P300,2019-07-11,2019-07-11 09:30:08,1.15,0.6804,60,1.1,0.6508,30,1.66,0.9822,20,1.125,0.6656,0,0
SPY190712P300,2019-07-11,2019-07-11 09:30:09,1.15,0.6804,60,1.1,0.6508,30,1.66,0.9822,20,1.125,0.6656,0,0
SPY190712P300,2019-07-11,2019-07-11 09:30:10,1.15,0.6804,60,1.1,0.6508,30,1.66,0.9822,20,1.125,0.6656,0,0
SPY190712P300,2019-07-11,2019-07-11 09:30:11,1.15,0.6804,60,1.1,0.6508,30,1.66,0.9822,20,1.125,0.6656,0,0
SPY190712P300,2019-07-11,2019-07-11 09:30:11,1.14,0.6745,30,1.1,0.6508,30,1.66,0.9822,20,1.12,0.6627,0,0
SPY190712P300,2019-07-11,2019-07-11 09:30:12,1.14,0.6745,30,1.1,0.6508,30,1.66,0.9822,20,1.12,0.6627,0,0
SPY190712P300,2019-07-11,2019-07-11 09:30:13,1.14,0.6745,35,1.1,0.6508,35,1.13,0.6686,5,1.12,0.6627,10,10
SPY190712P300,2019-07-11,2019-07-11 09:30:13,1.14,0.6745,35,1.1,0.6508,35,1.66,0.9822,20,1.12,0.6627,0,0
SPY190712P300,2019-07-11,2019-07-11 09:30:14,1.14,0.6745,35,1.1,0.6508,35,1.13,0.6686,5,1.12,0.6627,10,0
SPY190712P300,2019-07-11,2019-07-11 09:30:15,1.14,0.6745,35,1.09,0.6449,35,1.13,0.6686,5,1.115,0.6597,10,0
SPY190712P300,2019-07-11,2019-07-11 09:30:16,1.13,0.6686,30,1.1,0.6508,5,1.13,0.6686,5,1.115,0.6597,10,0
SPY190712P300,2019-07-11,2019-07-11 09:30:16,1.14,0.6745,35,1.1,0.6508,5,1.13,0.6686,5,1.12,0.6627,10,0
SPY190712P300,2019-07-11,2019-07-11 09:30:17,1.13,0.6686,30,1.1,0.6508,5,1.17,0.6923,10,1.115,0.6597,30,20
SPY190712P300,2019-07-11,2019-07-11 09:30:17,1.13,0.6686,30,1.1,0.6508,5,1.17,0.6923,10,1.115,0.6597,30,0
SPY190712P300,2019-07-11,2019-07-11 09:30:18,1.13,0.6686,30,1.1,0.6508,5,1.17,0.6923,10,1.115,0.6597,30,0
SPY190712P300,2019-07-11,2019-07-11 09:30:19,1.13,0.6686,30,1.1,0.6508,5,1.17,0.6923,10,1.115,0.6597,30,0
SPY190712P300,2019-07-11,2019-07-11 09:30:20,1.13,0.6686,30,1.09,0.6449,35,1.17,0.6923,10,1.11,0.6568,30,0
SPY190712P300,2019-07-11,2019-07-11 09:30:21,1.13,0.6686,30,1.1,0.6508,30,1.17,0.6923,10,1.115,0.6597,30,0
SPY190712P300,2019-07-11,2019-07-11 09:30:22,1.13,0.6686,30,1.1,0.6508,30,1.17,0.6923,10,1.115,0.6597,30,0
SPY190712P300,2019-07-11,2019-07-11 09:30:23,1.13,0.6686,30,1.1,0.6508,30,1.17,0.6923,10,1.115,0.6597,30,0
SPY190712P300,2019-07-11,2019-07-11 09:30:24,1.13,0.6686,35,1.1,0.6508,30,1.17,0.6923,10,1.115,0.6597,30,0
SPY190712P300,2019-07-11,2019-07-11 09:30:25,1.12,0.6627,30,1.1,0.6508,30,1.17,0.6923,10,1.11,0.6568,30,0
SPY190712P300,2019-07-11,2019-07-11 09:30:25,1.12,0.6627,30,1.09,0.6449,30,1.17,0.6923,10,1.105,0.6538,30,0
SPY190712P300,2019-07-11,2019-07-11 09:30:26,1.12,0.6627,30,1.09,0.6449,30,1.17,0.6923,10,1.105,0.6538,30,0
SPY190712P300,2019-07-11,2019-07-11 09:30:27,1.12,0.6627,30,1.09,0.6449,30,1.17,0.6923,10,1.105,0.6538,30,0
SPY190712P300,2019-07-11,2019-07-11 09:30:28,1.12,0.6627,30,1.09,0.6449,30,1.17,0.6923,10,1.105,0.6538,30,0
SPY190712P300,2019-07-11,2019-07-11 09:30:29,1.14,0.6745,95,1.11,0.6568,10,1.16,0.6863,4,1.125,0.6656,34,4
SPY190712P300,2019-07-11,2019-07-11 09:30:30,1.17,0.6923,82,1.13,0.6686,77,1.16,0.6863,4,1.15,0.6804,34,0
SPY190712P300,2019-07-11,2019-07-11 09:30:31,1.29,0.7633,48,1.1,0.6508,48,1.16,0.6863,4,1.195,0.7071,34,0
SPY190712P300,2019-07-11,2019-07-11 09:30:31,1.17,0.6923,112,1.13,0.6686,82,1.16,0.6863,4,1.15,0.6804,34,0
SPY190712P300,2019-07-11,2019-07-11 09:30:32,1.24,0.7337,98,1.18,0.6982,40,1.16,0.6863,4,1.21,0.7159,34,0
SPY190712P300,2019-07-11,2019-07-11 09:30:33,1.22,0.7218,36,1.19,0.7041,30,1.16,0.6863,4,1.205,0.713,34,0
SPY190712P300,2019-07-11,2019-07-11 09:30:34,1.24,0.7337,29,1.2,0.71,131,1.16,0.6863,4,1.22,0.7218,34,0
SPY190712P300,2019-07-11,2019-07-11 09:30:34,1.19,0.7041,98,1.17,0.6923,42,1.16,0.6863,4,1.18,0.6982,34,0
SPY190712P300,2019-07-11,2019-07-11 09:30:35,1.18,0.6982,105,1.15,0.6804,162,1.16,0.6863,6,1.165,0.6893,40,6
SPY190712P300,2019-07-11,2019-07-11 09:30:36,1.17,0.6923,140,1.15,0.6804,7,1.16,0.6863,6,1.16,0.6863,40,0
SPY190712P300,2019-07-11,2019-07-11 09:30:37,1.18,0.6982,85,1.14,0.6745,35,1.16,0.6863,6,1.16,0.6863,40,0
SPY190712P300,2019-07-11,2019-07-11 09:30:38,1.17,0.6923,36,1.16,0.6863,15,1.16,0.6863,6,1.165,0.6893,40,0
SPY190712P300,2019-07-11,2019-07-11 09:30:38,1.17,0.6923,143,1.12,0.6627,110,1.16,0.6863,15,1.145,0.6775,55,15
SPY190712P300,2019-07-11,2019-07-11 09:30:39,1.15,0.6804,36,1.13,0.6686,6,1.16,0.6863,15,1.14,0.6745,55,0
SPY190712P300,2019-07-11,2019-07-11 09:30:40,1.15,0.6804,102,1.13,0.6686,6,1.16,0.6863,15,1.14,0.6745,55,0
SPY190712P300,2019-07-11,2019-07-11 09:30:40,1.16,0.6863,110,1.13,0.6686,6,1.16,0.6863,15,1.145,0.6775,55,0
SPY190712P300,2019-07-11,2019-07-11 09:30:41,1.15,0.6804,102,1.13,0.6686,6,1.16,0.6863,15,1.14,0.6745,55,0
SPY190712P300,2019-07-11,2019-07-11 09:30:42,1.15,0.6804,102,1.12,0.6627,84,1.16,0.6863,15,1.135,0.6715,55,0
SPY190712P300,2019-07-11,2019-07-11 09:30:42,1.14,0.6745,1,1.12,0.6627,84,1.16,0.6863,15,1.13,0.6686,55,0
SPY190712P300,2019-07-11,2019-07-11 09:30:43,1.14,0.6745,1,1.12,0.6627,84,1.16,0.6863,15,1.13,0.6686,55,0
SPY190712P300,2019-07-11,2019-07-11 09:30:44,1.18,0.6982,77,1.15,0.6804,112,1.16,0.6863,15,1.165,0.6893,55,0
SPY190712P300,2019-07-11,2019-07-11 09:30:44,1.14,0.6745,1,1.12,0.6627,84,1.16,0.6863,15,1.13,0.6686,55,0
SPY190712P300,2019-07-11,2019-07-11 09:30:45,1.18,0.6982,77,1.16,0.6863,1,1.16,0.6863,15,1.17,0.6923,55,0
SPY190712P300,2019-07-11,2019-07-11 09:30:46,1.18,0.6982,1,1.16,0.6863,30,1.16,0.6863,15,1.17,0.6923,55,0
SPY190712P300,2019-07-11,2019-07-11 09:30:46,1.18,0.6982,1,1.16,0.6863,1,1.16,0.6863,15,1.17,0.6923,55,0
SPY190712P300,2019-07-11,2019-07-11 09:30:47,1.19,0.7041,1,1.17,0.6923,31,1.16,0.6863,15,1.18,0.6982,55,0
SPY190712P300,2019-07-11,2019-07-11 09:30:49,1.2,0.71,110,1.17,0.6923,30,1.16,0.6863,15,1.185,0.7011,55,0
SPY190712P300,2019-07-11,2019-07-11 09:30:50,1.19,0.7041,145,1.15,0.6804,110,1.17,0.6923,30,1.17,0.6923,85,30
SPY190712P300,2019-07-11,2019-07-11 09:30:51,1.17,0.6923,30,1.14,0.6745,60,1.17,0.6923,30,1.155,0.6834,85,0
SPY190712P300,2019-07-11,2019-07-11 09:30:51,1.17,0.6923,10,1.14,0.6745,110,1.17,0.6923,30,1.155,0.6834,85,0
SPY190712P300,2019-07-11,2019-07-11 09:30:52,1.17,0.6923,48,1.15,0.6804,30,1.17,0.6923,30,1.16,0.6863,85,0
SPY190712P300,2019-07-11,2019-07-11 09:30:53,1.17,0.6923,30,1.15,0.6804,30,1.17,0.6923,30,1.16,0.6863,85,0
SPY190712P300,2019-07-11,2019-07-11 09:30:53,1.19,0.7041,140,1.15,0.6804,30,1.16,0.6863,8,1.17,0.6923,143,58
SPY190712P300,2019-07-11,2019-07-11 09:30:54,1.19,0.7041,150,1.16,0.6863,1,1.16,0.6863,8,1.175,0.6952,143,0
SPY190712P300,2019-07-11,2019-07-11 09:30:54,1.18,0.6982,110,1.15,0.6804,58,1.16,0.6863,8,1.165,0.6893,143,0
SPY190712P300,2019-07-11,2019-07-11 09:30:55,1.17,0.6923,76,1.15,0.6804,30,1.16,0.6863,8,1.16,0.6863,143,0
SPY190712P300,2019-07-11,2019-07-11 09:30:56,1.19,0.7041,119,1.16,0.6863,36,1.16,0.6863,8,1.175,0.6952,143,0
SPY190712P300,2019-07-11,2019-07-11 09:30:56,1.17,0.6923,56,1.15,0.6804,30,1.16,0.6863,8,1.16,0.6863,143,0
SPY190712P300,2019-07-11,2019-07-11 09:30:57,1.19,0.7041,56,1.16,0.6863,40,1.16,0.6863,8,1.175,0.6952,143,0
SPY190712P300,2019-07-11,2019-07-11 09:30:57,1.19,0.7041,106,1.16,0.6863,55,1.16,0.6863,8,1.175,0.6952,143,0
SPY190712P300,2019-07-11,2019-07-11 09:30:58,1.2,0.71,80,1.17,0.6923,60,1.16,0.6863,8,1.185,0.7011,143,0
SPY190712P300,2019-07-11,2019-07-11 09:30:59,1.2,0.71,80,1.17,0.6923,77,1.16,0.6863,8,1.185,0.7011,143,0
SPY190712P300,2019-07-11,2019-07-11 09:30:59,1.2,0.71,80,1.17,0.6923,60,1.16,0.6863,8,1.185,0.7011,143,0
SPY190712P300,2019-07-11,2019-07-11 09:31:00,1.2,0.71,76,1.17,0.6923,100,1.16,0.6863,8,1.185,0.7011,143,0
SPY190712P300,2019-07-11,2019-07-11 09:31:00,1.2,0.71,65,1.17,0.6923,100,1.16,0.6863,8,1.185,0.7011,143,0
SPY190712P300,2019-07-11,2019-07-11 09:31:01,1.2,0.71,76,1.18,0.6982,56,1.16,0.6863,8,1.19,0.7041,143,0
SPY190712P300,2019-07-11,2019-07-11 09:31:02,1.2,0.71,10,1.17,0.6923,75,1.16,0.6863,8,1.185,0.7011,143,0
SPY190712P300,2019-07-11,2019-07-11 09:31:03,1.2,0.71,10,1.17,0.6923,42,1.16,0.6863,8,1.185,0.7011,143,0
SPY190712P300,2019-07-11,2019-07-11 09:31:04,1.22,0.7218,75,1.19,0.7041,89,1.16,0.6863,8,1.205,0.713,143,0
SPY190712P300,2019-07-11,2019-07-11 09:31:04,1.22,0.7218,99,1.19,0.7041,59,1.16,0.6863,8,1.205,0.713,143,0
SPY190712P300,2019-07-11,2019-07-11 09:31:05,1.22,0.7218,10,1.19,0.7041,36,1.16,0.6863,8,1.205,0.713,143,0
SPY190712P300,2019-07-11,2019-07-11 09:31:06,1.22,0.7218,74,1.19,0.7041,36,1.16,0.6863,8,1.205,0.713,143,0
SPY190712P300,2019-07-11,2019-07-11 09:31:06,1.22,0.7218,110,1.19,0.7041,36,1.16,0.6863,8,1.205,0.713,143,0
SPY190712P300,2019-07-11,2019-07-11 09:31:07,1.22,0.7218,100,1.19,0.7041,20,1.16,0.6863,8,1.205,0.713,143,0
SPY190712P300,2019-07-11,2019-07-11 09:31:08,1.23,0.7278,109,1.2,0.71,77,1.16,0.6863,8,1.215,0.7189,143,0
SPY190712P300,2019-07-11,2019-07-11 09:31:08,1.23,0.7278,80,1.2,0.71,94,1.16,0.6863,8,1.215,0.7189,143,0
SPY190712P300,2019-07-11,2019-07-11 09:31:09,1.23,0.7278,6,1.2,0.71,39,1.16,0.6863,8,1.215,0.7189,143,0
SPY190712P300,2019-07-11,2019-07-11 09:31:09,1.24,0.7337,100,1.2,0.71,73,1.16,0.6863,8,1.22,0.7218,143,0
SPY190712P300,2019-07-11,2019-07-11 09:31:10,1.23,0.7278,75,1.2,0.71,10,1.16,0.6863,8,1.215,0.7189,143,0
SPY190712P300,2019-07-11,2019-07-11 09:31:10,1.23,0.7278,96,1.2,0.71,35,1.16,0.6863,8,1.215,0.7189,143,0
SPY190712P300,2019-07-11,2019-07-11 09:31:11,1.23,0.7278,59,1.2,0.71,81,1.16,0.6863,8,1.215,0.7189,143,0
SPY190712P300,2019-07-11,2019-07-11 09:31:12,1.23,0.7278,83,1.2,0.71,8,1.16,0.6863,8,1.215,0.7189,143,0
SPY190712P300,2019-07-11,2019-07-11 09:31:13,1.22,0.7218,26,1.19,0.7041,75,1.16,0.6863,8,1.205,0.713,143,0
SPY190712P300,2019-07-11,2019-07-11 09:31:13,1.22,0.7218,60,1.19,0.7041,127,1.16,0.6863,8,1.205,0.713,143,0
SPY190712P300,2019-07-11,2019-07-11 09:31:14,1.22,0.7218,204,1.18,0.6982,128,1.16,0.6863,8,1.2,0.71,143,0
SPY190712P300,2019-07-11,2019-07-11 09:31:15,1.22,0.7218,204,1.18,0.6982,156,1.16,0.6863,8,1.2,0.71,143,0
SPY190712P300,2019-07-11,2019-07-11 09:31:15,1.21,0.7159,56,1.19,0.7041,7,1.16,0.6863,8,1.2,0.71,143,0
SPY190712P300,2019-07-11,2019-07-11 09:31:16,1.21,0.7159,130,1.18,0.6982,105,1.16,0.6863,8,1.195,0.7071,143,0
SPY190712P300,2019-07-11,2019-07-11 09:31:17,1.21,0.7159,15,1.18,0.6982,119,1.16,0.6863,8,1.195,0.7071,143,0
SPY190712P300,2019-07-11,2019-07-11 09:31:17,1.22,0.7218,205,1.18,0.6982,119,1.16,0.6863,8,1.2,0.71,143,0
SPY190712P300,2019-07-11,2019-07-11 09:31:18,1.25,0.7396,180,1.21,0.7159,40,1.16,0.6863,8,1.23,0.7278,143,0
SPY190712P300,2019-07-11,2019-07-11 09:31:19,1.24,0.7337,76,1.21,0.7159,96,1.16,0.6863,8,1.225,0.7248,143,0
SPY190712P300,2019-07-11,2019-07-11 09:31:20,1.21,0.7159,36,1.18,0.6982,78,1.16,0.6863,8,1.195,0.7071,143,0
SPY190712P300,2019-07-11,2019-07-11 09:31:20,1.23,0.7278,69,1.19,0.7041,75,1.16,0.6863,8,1.21,0.7159,143,0
SPY190712P300,2019-07-11,2019-07-11 09:31:21,1.21,0.7159,193,1.18,0.6982,63,1.16,0.6863,8,1.195,0.7071,143,0
SPY190712P300,2019-07-11,2019-07-11 09:31:22,1.21,0.7159,178,1.18,0.6982,112,1.21,0.7159,1,1.195,0.7071,144,0
SPY190712P300,2019-07-11,2019-07-11 09:31:22,1.21,0.7159,193,1.18,0.6982,82,1.21,0.7159,1,1.195,0.7071,144,1
SPY190712P300,2019-07-11,2019-07-11 09:31:23,1.21,0.7159,178,1.18,0.6982,82,1.21,0.7159,1,1.195,0.7071,144,0
SPY190712P300,2019-07-11,2019-07-11 09:31:24,1.22,0.7218,130,1.19,0.7041,111,1.21,0.7159,1,1.205,0.713,144,0
SPY190712P300,2019-07-11,2019-07-11 09:31:24,1.24,0.7337,130,1.2,0.71,33,1.21,0.7159,1,1.22,0.7218,144,0
SPY190712P300,2019-07-11,2019-07-11 09:31:25,1.24,0.7337,130,1.21,0.7159,44,1.21,0.7159,1,1.225,0.7248,144,0
SPY190712P300,2019-07-11,2019-07-11 09:31:25,1.26,0.7455,167,1.22,0.7218,22,1.21,0.7159,1,1.24,0.7337,144,0
SPY190712P300,2019-07-11,2019-07-11 09:31:26,1.24,0.7337,20,1.21,0.7159,109,1.21,0.7159,1,1.225,0.7248,144,0
SPY190712P300,2019-07-11,2019-07-11 09:31:27,1.26,0.7455,120,1.23,0.7278,5,1.21,0.7159,1,1.245,0.7366,144,0
SPY190712P300,2019-07-11,2019-07-11 09:31:27,1.25,0.7396,26,1.22,0.7218,167,1.21,0.7159,1,1.235,0.7307,144,0
SPY190712P300,2019-07-11,2019-07-11 09:31:28,1.26,0.7455,120,1.23,0.7278,79,1.21,0.7159,1,1.245,0.7366,144,0
SPY190712P300,2019-07-11,2019-07-11 09:31:29,1.26,0.7455,100,1.23,0.7278,78,1.21,0.7159,1,1.245,0.7366,144,0
SPY190712P300,2019-07-11,2019-07-11 09:31:29,1.26,0.7455,100,1.23,0.7278,87,1.21,0.7159,1,1.245,0.7366,144,0
SPY190712P300,2019-07-11,2019-07-11 09:31:30,1.27,0.7514,120,1.24,0.7337,10,1.21,0.7159,1,1.255,0.7426,144,0
SPY190712P300,2019-07-11,2019-07-11 09:31:30,1.27,0.7514,20,1.24,0.7337,98,1.21,0.7159,1,1.255,0.7426,144,0
SPY190712P300,2019-07-11,2019-07-11 09:31:31,1.27,0.7514,20,1.24,0.7337,102,1.21,0.7159,1,1.255,0.7426,144,0
SPY190712P300,2019-07-11,2019-07-11 09:31:31,1.27,0.7514,24,1.24,0.7337,117,1.21,0.7159,1,1.255,0.7426,144,0
SPY190712P300,2019-07-11,2019-07-11 09:31:32,1.27,0.7514,24,1.24,0.7337,117,1.21,0.7159,1,1.255,0.7426,144,0
SPY190712P300,2019-07-11,2019-07-11 09:31:33,1.27,0.7514,24,1.24,0.7337,53,1.21,0.7159,1,1.255,0.7426,144,0
SPY190712P300,2019-07-11,2019-07-11 09:31:33,1.26,0.7455,38,1.24,0.7337,10,1.21,0.7159,1,1.25,0.7396,144,0
SPY190712P300,2019-07-11,2019-07-11 09:31:34,1.26,0.7455,226,1.22,0.7218,133,1.26,0.7455,100,1.24,0.7337,244,100
SPY190712P300,2019-07-11,2019-07-11 09:31:34,1.26,0.7455,138,1.23,0.7278,47,1.21,0.7159,1,1.245,0.7366,144,0
SPY190712P300,2019-07-11,2019-07-11 09:31:35,1.26,0.7455,226,1.23,0.7278,9,1.25,0.7396,6,1.245,0.7366,253,9
SPY190712P300,2019-07-11,2019-07-11 09:31:36,1.25,0.7396,100,1.22,0.7218,76,1.25,0.7396,6,1.235,0.7307,253,0
SPY190712P300,2019-07-11,2019-07-11 09:31:36,1.25,0.7396,100,1.22,0.7218,108,1.25,0.7396,6,1.235,0.7307,253,0
SPY190712P300,2019-07-11,2019-07-11 09:31:37,1.24,0.7337,100,1.21,0.7159,108,1.25,0.7396,6,1.225,0.7248,253,0
SPY190712P300,2019-07-11,2019-07-11 09:31:37,1.23,0.7278,100,1.21,0.7159,93,1.25,0.7396,6,1.22,0.7218,253,0
SPY190712P300,2019-07-11,2019-07-11 09:31:38,1.23,0.7278,100,1.21,0.7159,93,1.25,0.7396,6,1.22,0.7218,253,0
SPY190712P300,2019-07-11,2019-07-11 09:31:39,1.21,0.7159,100,1.19,0.7041,54,1.21,0.7159,1,1.2,0.71,254,1
SPY190712P300,2019-07-11,2019-07-11 09:31:39,1.22,0.7218,167,1.2,0.71,12,1.25,0.7396,6,1.21,0.7159,253,0
SPY190712P300,2019-07-11,2019-07-11 09:31:40,1.21,0.7159,100,1.19,0.7041,78,1.21,0.7159,1,1.2,0.71,254,0
SPY190712P300,2019-07-11,2019-07-11 09:31:40,1.22,0.7218,130,1.19,0.7041,12,1.21,0.7159,1,1.205,0.713,254,0
SPY190712P300,2019-07-11,2019-07-11 09:31:41,1.22,0.7218,130,1.19,0.7041,79,1.21,0.7159,1,1.205,0.713,254,0
SPY190712P300,2019-07-11,2019-07-11 09:31:42,1.22,0.7218,180,1.19,0.7041,8,1.21,0.7159,1,1.205,0.713,254,0
SPY190712P300,2019-07-11,2019-07-11 09:31:42,1.23,0.7278,130,1.2,0.71,109,1.21,0.7159,1,1.215,0.7189,254,0
SPY190712P300,2019-07-11,2019-07-11 09:31:43,1.23,0.7278,100,1.2,0.71,73,1.21,0.7159,1,1.215,0.7189,254,0
SPY190712P300,2019-07-11,2019-07-11 09:31:43,1.22,0.7218,180,1.19,0.7041,73,1.21,0.7159,1,1.205,0.713,254,0
SPY190712P300,2019-07-11,2019-07-11 09:31:44,1.23,0.7278,86,1.2,0.71,6,1.21,0.7159,1,1.215,0.7189,254,0
SPY190712P300,2019-07-11,2019-07-11 09:31:44,1.22,0.7218,36,1.2,0.71,42,1.21,0.7159,1,1.21,0.7159,254,0
SPY190712P300,2019-07-11,2019-07-11 09:31:45,1.22,0.7218,56,1.2,0.71,10,1.21,0.7159,1,1.21,0.7159,254,0
SPY190712P300,2019-07-11,2019-07-11 09:31:45,1.22,0.7218,36,1.19,0.7041,89,1.21,0.7159,1,1.205,0.713,254,0
SPY190712P300,2019-07-11,2019-07-11 09:31:46,1.22,0.7218,186,1.19,0.7041,89,1.21,0.7159,1,1.205,0.713,254,0
SPY190712P300,2019-07-11,2019-07-11 09:31:47,1.21,0.7159,45,1.18,0.6982,119,1.21,0.7159,1,1.195,0.7071,254,0
SPY190712P300,2019-07-11,2019-07-11 09:31:47,1.21,0.7159,36,1.18,0.6982,108,1.21,0.7159,1,1.195,0.7071,254,0
SPY190712P300,2019-07-11,2019-07-11 09:31:48,1.21,0.7159,100,1.19,0.7041,2,1.21,0.7159,1,1.2,0.71,254,0
SPY190712P300,2019-07-11,2019-07-11 09:31:48,1.2,0.71,36,1.18,0.6982,1,1.21,0.7159,1,1.19,0.7041,254,0
SPY190712P300,2019-07-11,2019-07-11 09:31:49,1.2,0.71,100,1.17,0.6923,103,1.21,0.7159,1,1.185,0.7011,254,0
SPY190712P300,2019-07-11,2019-07-11 09:31:50,1.2,0.71,100,1.17,0.6923,83,1.21,0.7159,1,1.185,0.7011,254,0
SPY190712P300,2019-07-11,2019-07-11 09:31:50,1.2,0.71,100,1.17,0.6923,103,1.21,0.7159,1,1.185,0.7011,254,0
SPY190712P300,2019-07-11,2019-07-11 09:31:51,1.19,0.7041,100,1.16,0.6863,117,1.21,0.7159,1,1.175,0.6952,254,0
SPY190712P300,2019-07-11,2019-07-11 09:31:51,1.2,0.71,167,1.17,0.6923,103,1.21,0.7159,1,1.185,0.7011,254,0
SPY190712P300,2019-07-11,2019-07-11 09:31:52,1.2,0.71,167,1.17,0.6923,74,1.21,0.7159,1,1.185,0.7011,254,0
SPY190712P300,2019-07-11,2019-07-11 09:31:53,1.2,0.71,183,1.17,0.6923,36,1.21,0.7159,1,1.185,0.7011,254,0
SPY190712P300,2019-07-11,2019-07-11 09:31:53,1.2,0.71,130,1.17,0.6923,78,1.21,0.7159,1,1.185,0.7011,254,0
SPY190712P300,2019-07-11,2019-07-11 09:31:54,1.2,0.71,183,1.17,0.6923,72,1.21,0.7159,1,1.185,0.7011,254,0
SPY190712P300,2019-07-11,2019-07-11 09:31:55,1.19,0.7041,100,1.16,0.6863,138,1.21,0.7159,1,1.175,0.6952,254,0
SPY190712P300,2019-07-11,2019-07-11 09:31:56,1.2,0.71,175,1.17,0.6923,86,1.21,0.7159,1,1.185,0.7011,254,0
SPY190712P300,2019-07-11,2019-07-11 09:31:57,1.21,0.7159,130,1.18,0.6982,101,1.21,0.7159,1,1.195,0.7071,254,0
SPY190712P300,2019-07-11,2019-07-11 09:31:57,1.2,0.71,10,1.17,0.6923,110,1.21,0.7159,1,1.185,0.7011,254,0
SPY190712P300,2019-07-11,2019-07-11 09:31:58,1.2,0.71,205,1.17,0.6923,71,1.21,0.7159,1,1.185,0.7011,254,0
SPY190712P300,2019-07-11,2019-07-11 09:31:59,1.2,0.71,205,1.17,0.6923,92,1.21,0.7159,1,1.185,0.7011,254,0
SPY190712P300,2019-07-11,2019-07-11 09:31:59,1.2,0.71,106,1.17,0.6923,112,1.21,0.7159,1,1.185,0.7011,254,0
SPY190712P300,2019-07-11,2019-07-11 09:32:00,1.2,0.71,51,1.17,0.6923,93,1.21,0.7159,1,1.185,0.7011,254,0
SPY190712P300,2019-07-11,2019-07-11 09:32:00,1.2,0.71,205,1.17,0.6923,92,1.21,0.7159,1,1.185,0.7011,254,0
SPY190712P300,2019-07-11,2019-07-11 09:32:01,1.2,0.71,61,1.17,0.6923,113,1.21,0.7159,1,1.185,0.7011,254,0
SPY190712P300,2019-07-11,2019-07-11 09:32:01,1.22,0.7218,175,1.18,0.6982,113,1.21,0.7159,1,1.2,0.71,254,0
SPY190712P300,2019-07-11,2019-07-11 09:32:02,1.22,0.7218,205,1.19,0.7041,89,1.21,0.7159,1,1.205,0.713,254,0
SPY190712P300,2019-07-11,2019-07-11 09:32:03,1.22,0.7218,130,1.19,0.7041,89,1.21,0.7159,1,1.205,0.713,254,0
SPY190712P300,2019-07-11,2019-07-11 09:32:04,1.2,0.71,130,1.17,0.6923,110,1.21,0.7159,1,1.185,0.7011,254,0
SPY190712P300,2019-07-11,2019-07-11 09:32:05,1.21,0.7159,156,1.18,0.6982,110,1.21,0.7159,1,1.195,0.7071,254,0
SPY190712P300,2019-07-11,2019-07-11 09:32:05,1.2,0.71,130,1.17,0.6923,110,1.21,0.7159,1,1.185,0.7011,254,0
SPY190712P300,2019-07-11,2019-07-11 09:32:06,1.22,0.7218,130,1.18,0.6982,143,1.21,0.7159,1,1.2,0.71,254,0
SPY190712P300,2019-07-11,2019-07-11 09:32:06,1.21,0.7159,100,1.18,0.6982,120,1.21,0.7159,1,1.195,0.7071,254,0
SPY190712P300,2019-07-11,2019-07-11 09:32:07,1.23,0.7278,6,1.2,0.71,39,1.21,0.7159,1,1.215,0.7189,254,0
SPY190712P300,2019-07-11,2019-07-11 09:32:07,1.22,0.7218,205,1.18,0.6982,143,1.21,0.7159,1,1.2,0.71,254,0
SPY190712P300,2019-07-11,2019-07-11 09:32:08,1.23,0.7278,100,1.2,0.71,91,1.21,0.7159,1,1.215,0.7189,254,0
SPY190712P300,2019-07-11,2019-07-11 09:32:09,1.23,0.7278,100,1.2,0.71,129,1.21,0.7159,1,1.215,0.7189,254,0
SPY190712P300,2019-07-11,2019-07-11 09:32:09,1.24,0.7337,159,1.21,0.7159,6,1.21,0.7159,1,1.225,0.7248,254,0
SPY190712P300,2019-07-11,2019-07-11 09:32:10,1.25,0.7396,200,1.21,0.7159,20,1.21,0.7159,1,1.23,0.7278,254,0
SPY190712P300,2019-07-11,2019-07-11 09:32:11,1.24,0.7337,200,1.2,0.71,100,1.21,0.7159,1,1.22,0.7218,254,0
SPY190712P300,2019-07-11,2019-07-11 09:32:11,1.24,0.7337,200,1.2,0.71,110,1.21,0.7159,1,1.22,0.7218,254,0
SPY190712P300,2019-07-11,2019-07-11 09:32:12,1.24,0.7337,200,1.21,0.7159,26,1.21,0.7159,1,1.225,0.7248,254,0
SPY190712P300,2019-07-11,2019-07-11 09:32:12,1.24,0.7337,200,1.21,0.7159,47,1.21,0.7159,1,1.225,0.7248,254,0
SPY190712P300,2019-07-11,2019-07-11 09:32:13,1.25,0.7396,100,1.22,0.7218,51,1.21,0.7159,1,1.235,0.7307,254,0
SPY190712P300,2019-07-11,2019-07-11 09:32:14,1.25,0.7396,89,1.22,0.7218,22,1.21,0.7159,1,1.235,0.7307,254,0
SPY190712P300,2019-07-11,2019-07-11 09:32:15,1.25,0.7396,116,1.22,0.7218,35,1.21,0.7159,1,1.235,0.7307,254,0
SPY190712P300,2019-07-11,2019-07-11 09:32:15,1.26,0.7455,93,1.23,0.7278,26,1.21,0.7159,1,1.245,0.7366,254,0
SPY190712P300,2019-07-11,2019-07-11 09:32:16,1.26,0.7455,99,1.22,0.7218,37,1.26,0.7455,1,1.24,0.7337,255,1
SPY190712P300,2019-07-11,2019-07-11 09:32:16,1.25,0.7396,39,1.22,0.7218,37,1.26,0.7455,1,1.235,0.7307,255,0
SPY190712P300,2019-07-11,2019-07-11 09:32:17,1.25,0.7396,20,1.23,0.7278,36,1.26,0.7455,1,1.24,0.7337,255,0
SPY190712P300,2019-07-11,2019-07-11 09:32:18,1.27,0.7514,20,1.24,0.7337,20,1.26,0.7455,1,1.255,0.7426,255,0
SPY190712P300,2019-07-11,2019-07-11 09:32:18,1.28,0.7573,41,1.24,0.7337,46,1.26,0.7455,1,1.26,0.7455,255,0
SPY190712P300,2019-07-11,2019-07-11 09:32:19,1.28,0.7573,46,1.25,0.7396,25,1.26,0.7455,1,1.265,0.7485,255,0
SPY190712P300,2019-07-11,2019-07-11 09:32:19,1.28,0.7573,46,1.25,0.7396,4,1.26,0.7455,1,1.265,0.7485,255,0
SPY190712P300,2019-07-11,2019-07-11 09:32:20,1.28,0.7573,15,1.25,0.7396,33,1.26,0.7455,1,1.265,0.7485,255,0
SPY190712P300,2019-07-11,2019-07-11 09:32:21,1.29,0.7633,45,1.25,0.7396,33,1.26,0.7455,1,1.27,0.7514,255,0
SPY190712P300,2019-07-11,2019-07-11 09:32:21,1.28,0.7573,20,1.25,0.7396,50,1.26,0.7455,1,1.265,0.7485,255,0
SPY190712P300,2019-07-11,2019-07-11 09:32:22,1.3,0.7692,52,1.26,0.7455,46,1.26,0.7455,1,1.28,0.7573,255,0
SPY190712P300,2019-07-11,2019-07-11 09:32:22,1.3,0.7692,26,1.26,0.7455,46,1.26,0.7455,1,1.28,0.7573,255,0
SPY190712P300,2019-07-11,2019-07-11 09:32:23,1.3,0.7692,19,1.27,0.7514,26,1.26,0.7455,1,1.285,0.7603,255,0
SPY190712P300,2019-07-11,2019-07-11 09:32:23,1.31,0.7751,26,1.28,0.7573,29,1.26,0.7455,1,1.295,0.7662,255,0
SPY190712P300,2019-07-11,2019-07-11 09:32:24,1.31,0.7751,26,1.27,0.7514,28,1.26,0.7455,1,1.29,0.7633,255,0
SPY190712P300,2019-07-11,2019-07-11 09:32:25,1.31,0.7751,46,1.28,0.7573,29,1.26,0.7455,1,1.295,0.7662,255,0
SPY190712P300,2019-07-11,2019-07-11 09:32:25,1.31,0.7751,26,1.28,0.7573,3,1.26,0.7455,1,1.295,0.7662,255,0
SPY190712P300,2019-07-11,2019-07-11 09:32:26,1.31,0.7751,46,1.28,0.7573,1,1.26,0.7455,1,1.295,0.7662,255,0
SPY190712P300,2019-07-11,2019-07-11 09:32:27,1.3,0.7692,95,1.28,0.7573,26,1.26,0.7455,1,1.29,0.7633,255,0
SPY190712P300,2019-07-11,2019-07-11 09:32:27,1.3,0.7692,20,1.28,0.7573,26,1.26,0.7455,1,1.29,0.7633,255,0
SPY190712P300,2019-07-11,2019-07-11 09:32:28,1.3,0.7692,90,1.28,0.7573,26,1.26,0.7455,1,1.29,0.7633,255,0
SPY190712P300,2019-07-11,2019-07-11 09:32:29,1.3,0.7692,70,1.28,0.7573,26,1.26,0.7455,1,1.29,0.7633,255,0
SPY190712P300,2019-07-11,2019-07-11 09:32:30,1.29,0.7633,76,1.26,0.7455,14,1.28,0.7573,1,1.275,0.7544,256,1
SPY190712P300,2019-07-11,2019-07-11 09:32:30,1.26,0.7455,50,1.24,0.7337,1,1.26,0.7455,14,1.25,0.7396,280,24
SPY190712P300,2019-07-11,2019-07-11 09:32:31,1.24,0.7337,26,1.22,0.7218,1,1.26,0.7455,14,1.23,0.7278,280,0
SPY190712P300,2019-07-11,2019-07-11 09:32:32,1.24,0.7337,93,1.22,0.7218,1,1.26,0.7455,14,1.23,0.7278,280,0
SPY190712P300,2019-07-11,2019-07-11 09:32:32,1.24,0.7337,91,1.21,0.7159,15,1.26,0.7455,14,1.225,0.7248,280,0
SPY190712P300,2019-07-11,2019-07-11 09:32:33,1.24,0.7337,93,1.22,0.7218,1,1.26,0.7455,14,1.23,0.7278,280,0
SPY190712P300,2019-07-11,2019-07-11 09:32:34,1.24,0.7337,93,1.21,0.7159,37,1.26,0.7455,14,1.225,0.7248,280,0
SPY190712P300,2019-07-11,2019-07-11 09:32:34,1.25,0.7396,126,1.22,0.7218,1,1.26,0.7455,14,1.235,0.7307,280,0
SPY190712P300,2019-07-11,2019-07-11 09:32:35,1.28,0.7573,73,1.23,0.7278,27,1.26,0.7455,14,1.255,0.7426,280,0
SPY190712P300,2019-07-11,2019-07-11 09:32:36,1.28,0.7573,77,1.25,0.7396,6,1.26,0.7455,14,1.265,0.7485,280,0
SPY190712P300,2019-07-11,2019-07-11 09:32:36,1.28,0.7573,77,1.25,0.7396,5,1.26,0.7455,14,1.265,0.7485,280,0
SPY190712P300,2019-07-11,2019-07-11 09:32:37,1.26,0.7455,30,1.23,0.7278,36,1.26,0.7455,14,1.245,0.7366,280,0
SPY190712P300,2019-07-11,2019-07-11 09:32:38,1.27,0.7514,124,1.23,0.7278,47,1.26,0.7455,14,1.25,0.7396,280,0
SPY190712P300,2019-07-11,2019-07-11 09:32:39,1.27,0.7514,51,1.25,0.7396,1,1.26,0.7455,14,1.26,0.7455,280,0
SPY190712P300,2019-07-11,2019-07-11 09:32:39,1.28,0.7573,98,1.25,0.7396,1,1.26,0.7455,14,1.265,0.7485,280,0
SPY190712P300,2019-07-11,2019-07-11 09:32:40,1.28,0.7573,26,1.24,0.7337,37,1.26,0.7455,14,1.26,0.7455,280,0
SPY190712P300,2019-07-11,2019-07-11 09:32:41,1.28,0.7573,100,1.24,0.7337,37,1.26,0.7455,14,1.26,0.7455,280,0
SPY190712P300,2019-07-11,2019-07-11 09:32:41,1.28,0.7573,116,1.24,0.7337,37,1.26,0.7455,14,1.26,0.7455,280,0
SPY190712P300,2019-07-11,2019-07-11 09:32:42,1.28,0.7573,98,1.25,0.7396,20,1.26,0.7455,14,1.265,0.7485,280,0
SPY190712P300,2019-07-11,2019-07-11 09:32:42,1.28,0.7573,116,1.24,0.7337,40,1.26,0.7455,14,1.26,0.7455,280,0
SPY190712P300,2019-07-11,2019-07-11 09:32:43,1.26,0.7455,20,1.23,0.7278,48,1.26,0.7455,14,1.245,0.7366,280,0
SPY190712P300,2019-07-11,2019-07-11 09:32:43,1.31,0.7751,10,1.23,0.7278,98,1.26,0.7455,14,1.27,0.7514,280,0
SPY190712P300,2019-07-11,2019-07-11 09:32:44,1.26,0.7455,20,1.23,0.7278,124,1.26,0.7455,14,1.245,0.7366,280,0
SPY190712P300,2019-07-11,2019-07-11 09:32:44,1.27,0.7514,10,1.24,0.7337,6,1.26,0.7455,14,1.255,0.7426,280,0
SPY190712P300,2019-07-11,2019-07-11 09:32:45,1.27,0.7514,6,1.24,0.7337,103,1.26,0.7455,14,1.255,0.7426,280,0
SPY190712P300,2019-07-11,2019-07-11 09:32:46,1.28,0.7573,93,1.25,0.7396,63,1.26,0.7455,14,1.265,0.7485,280,0
SPY190712P300,2019-07-11,2019-07-11 09:32:46,1.27,0.7514,5,1.25,0.7396,20,1.26,0.7455,14,1.26,0.7455,280,0
SPY190712P300,2019-07-11,2019-07-11 09:32:47,1.29,0.7633,98,1.25,0.7396,115,1.26,0.7455,14,1.27,0.7514,280,0
SPY190712P300,2019-07-11,2019-07-11 09:32:47,1.29,0.7633,137,1.25,0.7396,118,1.26,0.7455,14,1.27,0.7514,280,0
SPY190712P300,2019-07-11,2019-07-11 09:32:48,1.28,0.7573,65,1.25,0.7396,93,1.26,0.7455,14,1.265,0.7485,280,0
SPY190712P300,2019-07-11,2019-07-11 09:32:49,1.28,0.7573,35,1.25,0.7396,93,1.26,0.7455,14,1.265,0.7485,280,0
SPY190712P300,2019-07-11,2019-07-11 09:32:49,1.28,0.7573,92,1.25,0.7396,26,1.26,0.7455,14,1.265,0.7485,280,0
SPY190712P300,2019-07-11,2019-07-11 09:32:50,1.28,0.7573,113,1.25,0.7396,26,1.26,0.7455,14,1.265,0.7485,280,0
SPY190712P300,2019-07-11,2019-07-11 09:32:50,1.28,0.7573,46,1.25,0.7396,74,1.26,0.7455,14,1.265,0.7485,280,0
SPY190712P300,2019-07-11,2019-07-11 09:32:51,1.28,0.7573,46,1.25,0.7396,78,1.26,0.7455,14,1.265,0.7485,280,0
SPY190712P300,2019-07-11,2019-07-11 09:32:51,1.28,0.7573,41,1.25,0.7396,78,1.26,0.7455,14,1.265,0.7485,280,0
SPY190712P300,2019-07-11,2019-07-11 09:32:52,1.28,0.7573,80,1.25,0.7396,55,1.26,0.7455,14,1.265,0.7485,280,0
SPY190712P300,2019-07-11,2019-07-11 09:32:53,1.28,0.7573,80,1.25,0.7396,55,1.26,0.7455,14,1.265,0.7485,280,0
SPY190712P300,2019-07-11,2019-07-11 09:32:53,1.28,0.7573,76,1.25,0.7396,46,1.26,0.7455,14,1.265,0.7485,280,0
SPY190712P300,2019-07-11,2019-07-11 09:32:54,1.27,0.7514,98,1.24,0.7337,19,1.26,0.7455,14,1.255,0.7426,280,0
SPY190712P300,2019-07-11,2019-07-11 09:32:55,1.27,0.7514,98,1.23,0.7278,93,1.26,0.7455,14,1.25,0.7396,280,0
SPY190712P300,2019-07-11,2019-07-11 09:32:55,1.27,0.7514,121,1.24,0.7337,1,1.26,0.7455,14,1.255,0.7426,280,0
SPY190712P300,2019-07-11,2019-07-11 09:32:56,1.26,0.7455,49,1.23,0.7278,93,1.26,0.7455,14,1.245,0.7366,280,0
SPY190712P300,2019-07-11,2019-07-11 09:32:56,1.26,0.7455,46,1.23,0.7278,93,1.26,0.7455,14,1.245,0.7366,280,0
SPY190712P300,2019-07-11,2019-07-11 09:32:57,1.26,0.7455,79,1.23,0.7278,28,1.26,0.7455,14,1.245,0.7366,280,0
SPY190712P300,2019-07-11,2019-07-11 09:32:57,1.26,0.7455,91,1.23,0.7278,60,1.26,0.7455,14,1.245,0.7366,280,0
SPY190712P300,2019-07-11,2019-07-11 09:32:58,1.26,0.7455,72,1.23,0.7278,64,1.26,0.7455,14,1.245,0.7366,280,0
SPY190712P300,2019-07-11,2019-07-11 09:32:59,1.26,0.7455,72,1.23,0.7278,84,1.26,0.7455,14,1.245,0.7366,280,0
SPY190712P300,2019-07-11,2019-07-11 09:32:59,1.28,0.7573,93,1.24,0.7337,30,1.26,0.7455,14,1.26,0.7455,280,0
SPY190712P300,2019-07-11,2019-07-11 09:33:00,1.28,0.7573,119,1.24,0.7337,93,1.26,0.7455,14,1.26,0.7455,280,0
SPY190712P300,2019-07-11,2019-07-11 09:33:00,1.28,0.7573,119,1.24,0.7337,79,1.26,0.7455,14,1.26,0.7455,280,0
SPY190712P300,2019-07-11,2019-07-11 09:33:01,1.27,0.7514,94,1.23,0.7278,113,1.26,0.7455,14,1.25,0.7396,280,0
SPY190712P300,2019-07-11,2019-07-11 09:33:01,1.27,0.7514,74,1.23,0.7278,33,1.26,0.7455,14,1.25,0.7396,280,0
SPY190712P300,2019-07-11,2019-07-11 09:33:02,1.25,0.7396,5,1.23,0.7278,29,1.26,0.7455,14,1.24,0.7337,280,0
SPY190712P300,2019-07-11,2019-07-11 09:33:03,1.26,0.7455,78,1.22,0.7218,88,1.26,0.7455,14,1.24,0.7337,280,0
SPY190712P300,2019-07-11,2019-07-11 09:33:03,1.24,0.7337,73,1.21,0.7159,113,1.26,0.7455,14,1.225,0.7248,280,0
SPY190712P300,2019-07-11,2019-07-11 09:33:04,1.24,0.7337,43,1.17,0.6923,32,1.24,0.7337,2,1.205,0.713,282,2
SPY190712P300,2019-07-11,2019-07-11 09:33:05,1.25,0.7396,5,1.17,0.6923,32,1.24,0.7337,2,1.21,0.7159,282,0
SPY190712P300,2019-07-11,2019-07-11 09:33:05,1.25,0.7396,52,1.2,0.71,53,1.24,0.7337,2,1.225,0.7248,282,0
SPY190712P300,2019-07-11,2019-07-11 09:33:06,1.26,0.7455,11,1.23,0.7278,77,1.24,0.7337,2,1.245,0.7366,282,0
SPY190712P300,2019-07-11,2019-07-11 09:33:06,1.26,0.7455,6,1.22,0.7218,78,1.24,0.7337,2,1.24,0.7337,282,0
SPY190712P300,2019-07-11,2019-07-11 09:33:07,1.27,0.7514,45,1.23,0.7278,88,1.24,0.7337,2,1.25,0.7396,282,0
SPY190712P300,2019-07-11,2019-07-11 09:33:07,1.26,0.7455,11,1.24,0.7337,20,1.24,0.7337,2,1.25,0.7396,282,0
SPY190712P300,2019-07-11,2019-07-11 09:33:08,1.27,0.7514,45,1.23,0.7278,20,1.24,0.7337,2,1.25,0.7396,282,0
SPY190712P300,2019-07-11,2019-07-11 09:33:09,1.26,0.7455,46,1.23,0.7278,60,1.24,0.7337,2,1.245,0.7366,282,0
SPY190712P300,2019-07-11,2019-07-11 09:33:09,1.26,0.7455,46,1.23,0.7278,26,1.24,0.7337,2,1.245,0.7366,282,0
SPY190712P300,2019-07-11,2019-07-11 09:33:10,1.26,0.7455,46,1.23,0.7278,81,1.24,0.7337,2,1.245,0.7366,282,0
SPY190712P300,2019-07-11,2019-07-11 09:33:10,1.26,0.7455,46,1.23,0.7278,75,1.24,0.7337,2,1.245,0.7366,282,0
SPY190712P300,2019-07-11,2019-07-11 09:33:11,1.26,0.7455,46,1.23,0.7278,63,1.24,0.7337,2,1.245,0.7366,282,0
SPY190712P300,2019-07-11,2019-07-11 09:33:12,1.26,0.7455,46,1.23,0.7278,47,1.24,0.7337,2,1.245,0.7366,282,0
SPY190712P300,2019-07-11,2019-07-11 09:33:12,1.26,0.7455,26,1.23,0.7278,6,1.24,0.7337,2,1.245,0.7366,282,0
SPY190712P300,2019-07-11,2019-07-11 09:33:13,1.26,0.7455,37,1.23,0.7278,69,1.24,0.7337,2,1.245,0.7366,282,0
SPY190712P300,2019-07-11,2019-07-11 09:33:14,1.26,0.7455,46,1.23,0.7278,69,1.24,0.7337,2,1.245,0.7366,282,0
SPY190712P300,2019-07-11,2019-07-11 09:33:14,1.28,0.7573,52,1.24,0.7337,93,1.24,0.7337,2,1.26,0.7455,282,0
SPY190712P300,2019-07-11,2019-07-11 09:33:15,1.28,0.7573,100,1.25,0.7396,20,1.24,0.7337,2,1.265,0.7485,282,0
SPY190712P300,2019-07-11,2019-07-11 09:33:15,1.28,0.7573,126,1.25,0.7396,20,1.24,0.7337,2,1.265,0.7485,282,0
SPY190712P300,2019-07-11,2019-07-11 09:33:16,1.28,0.7573,161,1.25,0.7396,29,1.24,0.7337,2,1.265,0.7485,282,0
SPY190712P300,2019-07-11,2019-07-11 09:33:17,1.28,0.7573,161,1.25,0.7396,49,1.24,0.7337,2,1.265,0.7485,282,0
SPY190712P300,2019-07-11,2019-07-11 09:33:17,1.28,0.7573,61,1.25,0.7396,38,1.24,0.7337,2,1.265,0.7485,282,0
SPY190712P300,2019-07-11,2019-07-11 09:33:18,1.28,0.7573,26,1.25,0.7396,55,1.24,0.7337,2,1.265,0.7485,282,0
SPY190712P300,2019-07-11,2019-07-11 09:33:18,1.28,0.7573,46,1.25,0.7396,75,1.24,0.7337,2,1.265,0.7485,282,0
SPY190712P300,2019-07-11,2019-07-11 09:33:19,1.29,0.7633,26,1.26,0.7455,78,1.24,0.7337,2,1.275,0.7544,282,0
SPY190712P300,2019-07-11,2019-07-11 09:33:19,1.3,0.7692,100,1.26,0.7455,78,1.24,0.7337,2,1.28,0.7573,282,0
SPY190712P300,2019-07-11,2019-07-11 09:33:20,1.28,0.7573,46,1.25,0.7396,51,1.24,0.7337,2,1.265,0.7485,282,0
SPY190712P300,2019-07-11,2019-07-11 09:33:21,1.28,0.7573,20,1.25,0.7396,49,1.24,0.7337,2,1.265,0.7485,282,0
SPY190712P300,2019-07-11,2019-07-11 09:33:21,1.28,0.7573,46,1.25,0.7396,51,1.24,0.7337,2,1.265,0.7485,282,0
SPY190712P300,2019-07-11,2019-07-11 09:33:22,1.29,0.7633,26,1.25,0.7396,147,1.24,0.7337,2,1.27,0.7514,282,0
SPY190712P300,2019-07-11,2019-07-11 09:33:22,1.28,0.7573,26,1.25,0.7396,46,1.24,0.7337,2,1.265,0.7485,282,0
SPY190712P300,2019-07-11,2019-07-11 09:33:23,1.28,0.7573,46,1.25,0.7396,51,1.24,0.7337,2,1.265,0.7485,282,0
SPY190712P300,2019-07-11,2019-07-11 09:33:24,1.28,0.7573,15,1.25,0.7396,65,1.24,0.7337,2,1.265,0.7485,282,0
SPY190712P300,2019-07-11,2019-07-11 09:33:24,1.28,0.7573,20,1.25,0.7396,63,1.24,0.7337,2,1.265,0.7485,282,0
SPY190712P300,2019-07-11,2019-07-11 09:33:25,1.28,0.7573,20,1.26,0.7455,91,1.24,0.7337,2,1.27,0.7514,282,0
SPY190712P300,2019-07-11,2019-07-11 09:33:26,1.3,0.7692,37,1.27,0.7514,20,1.24,0.7337,2,1.285,0.7603,282,0
SPY190712P300,2019-07-11,2019-07-11 09:33:26,1.3,0.7692,37,1.26,0.7455,113,1.24,0.7337,2,1.28,0.7573,282,0
SPY190712P300,2019-07-11,2019-07-11 09:33:27,1.3,0.7692,37,1.27,0.7514,30,1.24,0.7337,2,1.285,0.7603,282,0
SPY190712P300,2019-07-11,2019-07-11 09:33:28,1.3,0.7692,48,1.27,0.7514,51,1.24,0.7337,2,1.285,0.7603,282,0
SPY190712P300,2019-07-11,2019-07-11 09:33:28,1.3,0.7692,37,1.27,0.7514,51,1.24,0.7337,2,1.285,0.7603,282,0
SPY190712P300,2019-07-11,2019-07-11 09:33:29,1.3,0.7692,48,1.27,0.7514,53,1.24,0.7337,2,1.285,0.7603,282,0
SPY190712P300,2019-07-11,2019-07-11 09:33:30,1.3,0.7692,20,1.27,0.7514,97,1.24,0.7337,2,1.285,0.7603,282,0
SPY190712P300,2019-07-11,2019-07-11 09:33:30,1.31,0.7751,20,1.27,0.7514,97,1.24,0.7337,2,1.29,0.7633,282,0
SPY190712P300,2019-07-11,2019-07-11 09:33:31,1.3,0.7692,26,1.27,0.7514,79,1.24,0.7337,2,1.285,0.7603,282,0
SPY190712P300,2019-07-11,2019-07-11 09:33:31,1.3,0.7692,6,1.28,0.7573,91,1.24,0.7337,2,1.29,0.7633,282,0
SPY190712P300,2019-07-11,2019-07-11 09:33:32,1.31,0.7751,26,1.28,0.7573,49,1.24,0.7337,2,1.295,0.7662,282,0
SPY190712P300,2019-07-11,2019-07-11 09:33:33,1.32,0.781,160,1.28,0.7573,61,1.24,0.7337,2,1.3,0.7692,282,0
SPY190712P300,2019-07-11,2019-07-11 09:33:33,1.31,0.7751,39,1.28,0.7573,78,1.24,0.7337,2,1.295,0.7662,282,0
SPY190712P300,2019-07-11,2019-07-11 09:33:34,1.32,0.781,32,1.28,0.7573,21,1.24,0.7337,2,1.3,0.7692,282,0
SPY190712P300,2019-07-11,2019-07-11 09:33:35,1.31,0.7751,96,1.27,0.7514,91,1.24,0.7337,2,1.29,0.7633,282,0
SPY190712P300,2019-07-11,2019-07-11 09:33:35,1.32,0.781,223,1.28,0.7573,102,1.24,0.7337,2,1.3,0.7692,282,0
SPY190712P300,2019-07-11,2019-07-11 09:33:36,1.3,0.7692,25,1.27,0.7514,51,1.24,0.7337,2,1.285,0.7603,282,0
SPY190712P300,2019-07-11,2019-07-11 09:33:36,1.3,0.7692,12,1.27,0.7514,51,1.24,0.7337,2,1.285,0.7603,282,0
SPY190712P300,2019-07-11,2019-07-11 09:33:37,1.3,0.7692,91,1.27,0.7514,60,1.24,0.7337,2,1.285,0.7603,282,0
SPY190712P300,2019-07-11,2019-07-11 09:33:38,1.3,0.7692,20,1.27,0.7514,67,1.24,0.7337,2,1.285,0.7603,282,0
SPY190712P300,2019-07-11,2019-07-11 09:33:38,1.3,0.7692,115,1.27,0.7514,8,1.24,0.7337,2,1.285,0.7603,282,0
SPY190712P300,2019-07-11,2019-07-11 09:33:39,1.3,0.7692,164,1.27,0.7514,97,1.24,0.7337,2,1.285,0.7603,282,0
SPY190712P300,2019-07-11,2019-07-11 09:33:39,1.3,0.7692,85,1.27,0.7514,51,1.24,0.7337,2,1.285,0.7603,282,0
SPY190712P300,2019-07-11,2019-07-11 09:33:40,1.3,0.7692,153,1.27,0.7514,97,1.24,0.7337,2,1.285,0.7603,282,0
SPY190712P300,2019-07-11,2019-07-11 09:33:41,1.29,0.7633,20,1.26,0.7455,48,1.24,0.7337,2,1.275,0.7544,282,0
SPY190712P300,2019-07-11,2019-07-11 09:33:41,1.3,0.7692,153,1.27,0.7514,26,1.24,0.7337,2,1.285,0.7603,282,0
SPY190712P300,2019-07-11,2019-07-11 09:33:42,1.29,0.7633,67,1.26,0.7455,61,1.24,0.7337,2,1.275,0.7544,282,0
SPY190712P300,2019-07-11,2019-07-11 09:33:42,1.3,0.7692,196,1.26,0.7455,101,1.29,0.7633,2,1.28,0.7573,284,2
SPY190712P300,2019-07-11,2019-07-11 09:33:43,1.29,0.7633,67,1.26,0.7455,97,1.29,0.7633,2,1.275,0.7544,284,0
SPY190712P300,2019-07-11,2019-07-11 09:33:44,1.28,0.7573,170,1.25,0.7396,67,1.29,0.7633,2,1.265,0.7485,284,0
SPY190712P300,2019-07-11,2019-07-11 09:33:44,1.28,0.7573,120,1.25,0.7396,67,1.29,0.7633,2,1.265,0.7485,284,0
SPY190712P300,2019-07-11,2019-07-11 09:33:45,1.3,0.7692,196,1.27,0.7514,30,1.29,0.7633,2,1.285,0.7603,284,0
SPY190712P300,2019-07-11,2019-07-11 09:33:45,1.29,0.7633,20,1.26,0.7455,74,1.29,0.7633,2,1.275,0.7544,284,0
SPY190712P300,2019-07-11,2019-07-11 09:33:46,1.3,0.7692,196,1.27,0.7514,20,1.29,0.7633,2,1.285,0.7603,284,0
SPY190712P300,2019-07-11,2019-07-11 09:33:47,1.3,0.7692,196,1.27,0.7514,20,1.29,0.7633,2,1.285,0.7603,284,0
SPY190712P300,2019-07-11,2019-07-11 09:33:47,1.3,0.7692,70,1.27,0.7514,30,1.29,0.7633,2,1.285,0.7603,284,0
SPY190712P300,2019-07-11,2019-07-11 09:33:48,1.31,0.7751,180,1.28,0.7573,26,1.29,0.7633,2,1.295,0.7662,284,0
SPY190712P300,2019-07-11,2019-07-11 09:33:48,1.31,0.7751,1,1.28,0.7573,67,1.29,0.7633,2,1.295,0.7662,284,0
SPY190712P300,2019-07-11,2019-07-11 09:33:49,1.31,0.7751,41,1.28,0.7573,62,1.29,0.7633,2,1.295,0.7662,284,0
SPY190712P300,2019-07-11,2019-07-11 09:33:50,1.31,0.7751,35,1.28,0.7573,111,1.29,0.7633,2,1.295,0.7662,284,0
SPY190712P300,2019-07-11,2019-07-11 09:33:50,1.31,0.7751,59,1.28,0.7573,52,1.29,0.7633,2,1.295,0.7662,284,0
SPY190712P300,2019-07-11,2019-07-11 09:33:51,1.31,0.7751,1,1.29,0.7633,37,1.29,0.7633,2,1.3,0.7692,284,0
SPY190712P300,2019-07-11,2019-07-11 09:33:51,1.31,0.7751,1,1.29,0.7633,25,1.29,0.7633,2,1.3,0.7692,284,0
SPY190712P300,2019-07-11,2019-07-11 09:33:52,1.31,0.7751,1,1.29,0.7633,34,1.29,0.7633,2,1.3,0.7692,284,0
SPY190712P300,2019-07-11,2019-07-11 09:33:52,1.31,0.7751,2,1.29,0.7633,26,1.29,0.7633,2,1.3,0.7692,284,0
SPY190712P300,2019-07-11,2019-07-11 09:33:53,1.31,0.7751,1,1.3,0.7692,20,1.29,0.7633,2,1.305,0.7721,284,0
SPY190712P300,2019-07-11,2019-07-11 09:33:54,1.31,0.7751,1,1.31,0.7751,1,1.31,0.7751,1,1.31,0.7751,285,1
SPY190712P300,2019-07-11,2019-07-11 09:33:54,1.31,0.7751,1,1.3,0.7692,51,1.29,0.7633,2,1.305,0.7721,284,0
SPY190712P300,2019-07-11,2019-07-11 09:33:55,1.34,0.7928,107,1.31,0.7751,106,1.32,0.781,1,1.325,0.784,286,1
SPY190712P300,2019-07-11,2019-07-11 09:33:56,1.33,0.7869,152,1.3,0.7692,39,1.32,0.781,1,1.315,0.7781,286,0
SPY190712P300,2019-07-11,2019-07-11 09:33:57,1.33,0.7869,182,1.3,0.7692,26,1.32,0.781,1,1.315,0.7781,286,0
SPY190712P300,2019-07-11,2019-07-11 09:33:57,1.33,0.7869,182,1.3,0.7692,54,1.32,0.781,1,1.315,0.7781,286,0
SPY190712P300,2019-07-11,2019-07-11 09:33:58,1.34,0.7928,137,1.3,0.7692,72,1.32,0.781,1,1.32,0.781,286,0
SPY190712P300,2019-07-11,2019-07-11 09:33:58,1.33,0.7869,171,1.3,0.7692,26,1.32,0.781,1,1.315,0.7781,286,0
SPY190712P300,2019-07-11,2019-07-11 09:33:59,1.34,0.7928,110,1.3,0.7692,95,1.32,0.781,1,1.32,0.781,286,0
SPY190712P300,2019-07-11,2019-07-11 09:34:00,1.34,0.7928,186,1.31,0.7751,27,1.32,0.781,1,1.325,0.784,286,0
SPY190712P300,2019-07-11,2019-07-11 09:34:00,1.34,0.7928,186,1.31,0.7751,54,1.32,0.781,1,1.325,0.784,286,0
SPY190712P300,2019-07-11,2019-07-11 09:34:01,1.33,0.7869,169,1.29,0.7633,6,1.32,0.781,1,1.31,0.7751,286,0
SPY190712P300,2019-07-11,2019-07-11 09:34:01,1.32,0.781,26,1.29,0.7633,6,1.32,0.781,1,1.305,0.7721,286,0
SPY190712P300,2019-07-11,2019-07-11 09:34:02,1.32,0.781,191,1.29,0.7633,26,1.32,0.781,1,1.305,0.7721,286,0
SPY190712P300,2019-07-11,2019-07-11 09:34:03,1.3,0.7692,6,1.28,0.7573,20,1.29,0.7633,4,1.29,0.7633,290,4
SPY190712P300,2019-07-11,2019-07-11 09:34:03,1.32,0.781,191,1.29,0.7633,6,1.32,0.781,1,1.305,0.7721,286,0
SPY190712P300,2019-07-11,2019-07-11 09:34:04,1.3,0.7692,26,1.28,0.7573,26,1.29,0.7633,4,1.29,0.7633,290,0
SPY190712P300,2019-07-11,2019-07-11 09:34:04,1.32,0.781,196,1.28,0.7573,76,1.29,0.7633,4,1.3,0.7692,290,0
SPY190712P300,2019-07-11,2019-07-11 09:34:05,1.31,0.7751,20,1.28,0.7573,72,1.29,0.7633,4,1.295,0.7662,290,0
SPY190712P300,2019-07-11,2019-07-11 09:34:06,1.31,0.7751,12,1.28,0.7573,91,1.29,0.7633,4,1.295,0.7662,290,0
SPY190712P300,2019-07-11,2019-07-11 09:34:06,1.31,0.7751,26,1.28,0.7573,107,1.29,0.7633,4,1.295,0.7662,290,0
SPY190712P300,2019-07-11,2019-07-11 09:34:07,1.31,0.7751,23,1.28,0.7573,173,1.29,0.7633,4,1.295,0.7662,290,0
SPY190712P300,2019-07-11,2019-07-11 09:34:07,1.32,0.781,196,1.29,0.7633,20,1.29,0.7633,4,1.305,0.7721,290,0
SPY190712P300,2019-07-11,2019-07-11 09:34:08,1.31,0.7751,55,1.27,0.7514,20,1.29,0.7633,4,1.29,0.7633,290,0
SPY190712P300,2019-07-11,2019-07-11 09:34:09,1.3,0.7692,206,1.27,0.7514,46,1.29,0.7633,4,1.285,0.7603,290,0
SPY190712P300,2019-07-11,2019-07-11 09:34:09,1.28,0.7573,143,1.25,0.7396,142,1.28,0.7573,1,1.265,0.7485,291,1
SPY190712P300,2019-07-11,2019-07-11 09:34:10,1.29,0.7633,100,1.26,0.7455,78,1.28,0.7573,1,1.275,0.7544,291,0
SPY190712P300,2019-07-11,2019-07-11 09:34:10,1.29,0.7633,196,1.25,0.7396,162,1.28,0.7573,1,1.27,0.7514,291,0
SPY190712P300,2019-07-11,2019-07-11 09:34:11,1.28,0.7573,163,1.25,0.7396,212,1.28,0.7573,1,1.265,0.7485,291,0
SPY190712P300,2019-07-11,2019-07-11 09:34:11,1.28,0.7573,163,1.25,0.7396,141,1.28,0.7573,1,1.265,0.7485,291,0
SPY190712P300,2019-07-11,2019-07-11 09:34:12,1.28,0.7573,163,1.25,0.7396,141,1.28,0.7573,1,1.265,0.7485,291,0
SPY190712P300,2019-07-11,2019-07-11 09:34:13,1.28,0.7573,173,1.25,0.7396,141,1.28,0.7573,1,1.265,0.7485,291,0
SPY190712P300,2019-07-11,2019-07-11 09:34:14,1.28,0.7573,173,1.25,0.7396,180,1.28,0.7573,1,1.265,0.7485,291,0
SPY190712P300,2019-07-11,2019-07-11 09:34:14,1.28,0.7573,46,1.25,0.7396,78,1.28,0.7573,1,1.265,0.7485,291,0
SPY190712P300,2019-07-11,2019-07-11 09:34:15,1.28,0.7573,46,1.25,0.7396,78,1.28,0.7573,1,1.265,0.7485,291,0
SPY190712P300,2019-07-11,2019-07-11 09:34:16,1.28,0.7573,46,1.25,0.7396,78,1.28,0.7573,1,1.265,0.7485,291,0
SPY190712P300,2019-07-11,2019-07-11 09:34:16,1.28,0.7573,46,1.25,0.7396,46,1.28,0.7573,1,1.265,0.7485,291,0
SPY190712P300,2019-07-11,2019-07-11 09:34:17,1.26,0.7455,26,1.23,0.7278,96,1.28,0.7573,1,1.245,0.7366,291,0
SPY190712P300,2019-07-11,2019-07-11 09:34:17,1.26,0.7455,46,1.23,0.7278,96,1.28,0.7573,1,1.245,0.7366,291,0
SPY190712P300,2019-07-11,2019-07-11 09:34:18,1.26,0.7455,33,1.23,0.7278,122,1.28,0.7573,1,1.245,0.7366,291,0
SPY190712P300,2019-07-11,2019-07-11 09:34:19,1.26,0.7455,20,1.23,0.7278,122,1.28,0.7573,1,1.245,0.7366,291,0
SPY190712P300,2019-07-11,2019-07-11 09:34:19,1.26,0.7455,20,1.23,0.7278,158,1.28,0.7573,1,1.245,0.7366,291,0
SPY190712P300,2019-07-11,2019-07-11 09:34:20,1.26,0.7455,120,1.23,0.7278,150,1.28,0.7573,1,1.245,0.7366,291,0
SPY190712P300,2019-07-11,2019-07-11 09:34:20,1.27,0.7514,108,1.24,0.7337,26,1.28,0.7573,1,1.255,0.7426,291,0
SPY190712P300,2019-07-11,2019-07-11 09:34:21,1.25,0.7396,56,1.22,0.7218,93,1.28,0.7573,1,1.235,0.7307,291,0
SPY190712P300,2019-07-11,2019-07-11 09:34:22,1.25,0.7396,34,1.22,0.7218,118,1.28,0.7573,1,1.235,0.7307,291,0
SPY190712P300,2019-07-11,2019-07-11 09:34:22,1.26,0.7455,120,1.23,0.7278,20,1.28,0.7573,1,1.245,0.7366,291,0
SPY190712P300,2019-07-11,2019-07-11 09:34:23,1.25,0.7396,20,1.22,0.7218,125,1.28,0.7573,1,1.235,0.7307,291,0
SPY190712P300,2019-07-11,2019-07-11 09:34:23,1.25,0.7396,26,1.22,0.7218,125,1.28,0.7573,1,1.235,0.7307,291,0
SPY190712P300,2019-07-11,2019-07-11 09:34:24,1.25,0.7396,30,1.22,0.7218,114,1.28,0.7573,1,1.235,0.7307,291,0
SPY190712P300,2019-07-11,2019-07-11 09:34:24,1.25,0.7396,172,1.22,0.7218,2,1.28,0.7573,1,1.235,0.7307,291,0
SPY190712P300,2019-07-11,2019-07-11 09:34:25,1.23,0.7278,100,1.21,0.7159,81,1.28,0.7573,1,1.22,0.7218,291,0
SPY190712P300,2019-07-11,2019-07-11 09:34:26,1.23,0.7278,172,1.2,0.71,77,1.28,0.7573,1,1.215,0.7189,291,0
SPY190712P300,2019-07-11,2019-07-11 09:34:27,1.21,0.7159,100,1.18,0.6982,98,1.28,0.7573,1,1.195,0.7071,291,0
SPY190712P300,2019-07-11,2019-07-11 09:34:27,1.21,0.7159,125,1.18,0.6982,89,1.28,0.7573,1,1.195,0.7071,291,0
SPY190712P300,2019-07-11,2019-07-11 09:34:28,1.19,0.7041,100,1.16,0.6863,27,1.28,0.7573,1,1.175,0.6952,291,0
SPY190712P300,2019-07-11,2019-07-11 09:34:29,1.19,0.7041,130,1.16,0.6863,134,1.28,0.7573,1,1.175,0.6952,291,0
SPY190712P300,2019-07-11,2019-07-11 09:34:29,1.19,0.7041,30,1.16,0.6863,202,1.16,0.6863,2,1.175,0.6952,293,2
SPY190712P300,2019-07-11,2019-07-11 09:34:30,1.2,0.71,78,1.17,0.6923,74,1.17,0.6923,7,1.185,0.7011,300,7
SPY190712P300,2019-07-11,2019-07-11 09:34:30,1.2,0.71,98,1.17,0.6923,102,1.17,0.6923,7,1.185,0.7011,300,0
SPY190712P300,2019-07-11,2019-07-11 09:34:31,1.2,0.71,171,1.16,0.6863,210,1.17,0.6923,7,1.18,0.6982,300,0
SPY190712P300,2019-07-11,2019-07-11 09:34:32,1.24,0.7337,210,1.2,0.71,45,1.17,0.6923,7,1.22,0.7218,300,0
SPY190712P300,2019-07-11,2019-07-11 09:34:33,1.24,0.7337,220,1.21,0.7159,46,1.17,0.6923,7,1.225,0.7248,300,0
SPY190712P300,2019-07-11,2019-07-11 09:34:34,1.21,0.7159,26,1.19,0.7041,105,1.23,0.7278,1,1.2,0.71,301,1
SPY190712P300,2019-07-11,2019-07-11 09:34:35,1.22,0.7218,197,1.18,0.6982,201,1.23,0.7278,1,1.2,0.71,301,0
SPY190712P300,2019-07-11,2019-07-11 09:34:36,1.23,0.7278,215,1.2,0.71,68,1.23,0.7278,1,1.215,0.7189,301,0
SPY190712P300,2019-07-11,2019-07-11 09:34:37,1.22,0.7218,36,1.19,0.7041,115,1.23,0.7278,1,1.205,0.713,301,0
SPY190712P300,2019-07-11,2019-07-11 09:34:37,1.22,0.7218,30,1.19,0.7041,113,1.23,0.7278,1,1.205,0.713,301,0
SPY190712P300,2019-07-11,2019-07-11 09:34:38,1.2,0.71,6,1.17,0.6923,64,1.23,0.7278,1,1.185,0.7011,301,0
SPY190712P300,2019-07-11,2019-07-11 09:34:38,1.2,0.71,69,1.17,0.6923,93,1.23,0.7278,1,1.185,0.7011,301,0
SPY190712P300,2019-07-11,2019-07-11 09:34:39,1.19,0.7041,30,1.17,0.6923,24,1.23,0.7278,1,1.18,0.6982,301,0
SPY190712P300,2019-07-11,2019-07-11 09:34:40,1.2,0.71,210,1.17,0.6923,38,1.23,0.7278,1,1.185,0.7011,301,0
SPY190712P300,2019-07-11,2019-07-11 09:34:40,1.2,0.71,205,1.17,0.6923,63,1.23,0.7278,1,1.185,0.7011,301,0
SPY190712P300,2019-07-11,2019-07-11 09:34:41,1.22,0.7218,100,1.19,0.7041,105,1.23,0.7278,1,1.205,0.713,301,0
SPY190712P300,2019-07-11,2019-07-11 09:34:41,1.22,0.7218,200,1.19,0.7041,116,1.23,0.7278,1,1.205,0.713,301,0
SPY190712P300,2019-07-11,2019-07-11 09:34:42,1.22,0.7218,215,1.19,0.7041,26,1.23,0.7278,1,1.205,0.713,301,0
SPY190712P300,2019-07-11,2019-07-11 09:34:43,1.2,0.71,220,1.17,0.6923,65,1.23,0.7278,1,1.185,0.7011,301,0
SPY190712P300,2019-07-11,2019-07-11 09:34:43,1.2,0.71,190,1.17,0.6923,65,1.23,0.7278,1,1.185,0.7011,301,0
SPY190712P300,2019-07-11,2019-07-11 09:34:44,1.2,0.71,115,1.17,0.6923,81,1.23,0.7278,1,1.185,0.7011,301,0
SPY190712P300,2019-07-11,2019-07-11 09:34:45,1.2,0.71,87,1.17,0.6923,107,1.23,0.7278,1,1.185,0.7011,301,0
SPY190712P300,2019-07-11,2019-07-11 09:34:45,1.2,0.71,95,1.17,0.6923,107,1.23,0.7278,1,1.185,0.7011,301,0
SPY190712P300,2019-07-11,2019-07-11 09:34:46,1.21,0.7159,124,1.18,0.6982,210,1.23,0.7278,1,1.195,0.7071,301,0
SPY190712P300,2019-07-11,2019-07-11 09:34:47,1.21,0.7159,51,1.18,0.6982,229,1.23,0.7278,1,1.195,0.7071,301,0
SPY190712P300,2019-07-11,2019-07-11 09:34:48,1.21,0.7159,56,1.18,0.6982,247,1.23,0.7278,1,1.195,0.7071,301,0
SPY190712P300,2019-07-11,2019-07-11 09:34:48,1.21,0.7159,27,1.18,0.6982,236,1.23,0.7278,1,1.195,0.7071,301,0
SPY190712P300,2019-07-11,2019-07-11 09:34:49,1.21,0.7159,210,1.17,0.6923,122,1.23,0.7278,1,1.19,0.7041,301,0
SPY190712P300,2019-07-11,2019-07-11 09:34:50,1.2,0.71,34,1.17,0.6923,122,1.23,0.7278,1,1.185,0.7011,301,0
SPY190712P300,2019-07-11,2019-07-11 09:34:50,1.21,0.7159,97,1.17,0.6923,222,1.23,0.7278,1,1.19,0.7041,301,0
SPY190712P300,2019-07-11,2019-07-11 09:34:51,1.21,0.7159,104,1.18,0.6982,106,1.23,0.7278,1,1.195,0.7071,301,0
SPY190712P300,2019-07-11,2019-07-11 09:34:51,1.21,0.7159,104,1.18,0.6982,103,1.23,0.7278,1,1.195,0.7071,301,0
SPY190712P300,2019-07-11,2019-07-11 09:34:52,1.21,0.7159,104,1.18,0.6982,76,1.23,0.7278,1,1.195,0.7071,301,0
SPY190712P300,2019-07-11,2019-07-11 09:34:52,1.23,0.7278,130,1.2,0.71,30,1.23,0.7278,1,1.215,0.7189,301,0
SPY190712P300,2019-07-11,2019-07-11 09:34:53,1.23,0.7278,210,1.19,0.7041,226,1.23,0.7278,1,1.21,0.7159,301,0
SPY190712P300,2019-07-11,2019-07-11 09:34:54,1.22,0.7218,196,1.19,0.7041,96,1.23,0.7278,1,1.205,0.713,301,0
SPY190712P300,2019-07-11,2019-07-11 09:34:54,1.23,0.7278,125,1.19,0.7041,128,1.23,0.7278,1,1.21,0.7159,301,0
SPY190712P300,2019-07-11,2019-07-11 09:34:55,1.22,0.7218,113,1.19,0.7041,46,1.23,0.7278,1,1.205,0.713,301,0
SPY190712P300,2019-07-11,2019-07-11 09:34:55,1.22,0.7218,196,1.19,0.7041,65,1.23,0.7278,1,1.205,0.713,301,0
SPY190712P300,2019-07-11,2019-07-11 09:34:56,1.18,0.6982,130,1.15,0.6804,110,1.23,0.7278,1,1.165,0.6893,301,0
SPY190712P300,2019-07-11,2019-07-11 09:34:57,1.18,0.6982,56,1.15,0.6804,120,1.23,0.7278,1,1.165,0.6893,301,0
SPY190712P300,2019-07-11,2019-07-11 09:34:57,1.18,0.6982,130,1.15,0.6804,120,1.23,0.7278,1,1.165,0.6893,301,0
SPY190712P300,2019-07-11,2019-07-11 09:34:58,1.19,0.7041,81,1.16,0.6863,100,1.23,0.7278,1,1.175,0.6952,301,0
SPY190712P300,2019-07-11,2019-07-11 09:34:58,1.2,0.71,302,1.16,0.6863,317,1.18,0.6982,1,1.18,0.6982,307,6
SPY190712P300,2019-07-11,2019-07-11 09:34:59,1.18,0.6982,36,1.16,0.6863,27,1.18,0.6982,1,1.17,0.6923,307,0
SPY190712P300,2019-07-11,2019-07-11 09:35:00,1.2,0.71,210,1.16,0.6863,220,1.18,0.6982,1,1.18,0.6982,307,0
SPY190712P300,2019-07-11,2019-07-11 09:35:00,1.2,0.71,210,1.16,0.6863,210,1.18,0.6982,1,1.18,0.6982,307,0
SPY190712P300,2019-07-11,2019-07-11 09:35:01,1.19,0.7041,30,1.17,0.6923,65,1.18,0.6982,1,1.18,0.6982,307,0
SPY190712P300,2019-07-11,2019-07-11 09:35:01,1.19,0.7041,30,1.17,0.6923,55,1.18,0.6982,1,1.18,0.6982,307,0
SPY190712P300,2019-07-11,2019-07-11 09:35:02,1.19,0.7041,30,1.18,0.6982,1,1.18,0.6982,5,1.185,0.7011,312,5
SPY190712P300,2019-07-11,2019-07-11 09:35:02,1.19,0.7041,30,1.17,0.6923,67,1.18,0.6982,5,1.18,0.6982,312,0
SPY190712P300,2019-07-11,2019-07-11 09:35:03,1.23,0.7278,36,1.18,0.6982,39,1.18,0.6982,5,1.205,0.713,312,0
SPY190712P300,2019-07-11,2019-07-11 09:35:04,1.23,0.7278,36,1.2,0.71,85,1.18,0.6982,5,1.215,0.7189,312,0
SPY190712P300,2019-07-11,2019-07-11 09:35:04,1.23,0.7278,36,1.2,0.71,90,1.18,0.6982,5,1.215,0.7189,312,0
SPY190712P300,2019-07-11,2019-07-11 09:35:05,1.21,0.7159,51,1.18,0.6982,110,1.21,0.7159,100,1.195,0.7071,412,100
SPY190712P300,2019-07-11,2019-07-11 09:35:06,1.2,0.71,36,1.18,0.6982,30,1.21,0.7159,100,1.19,0.7041,412,0
SPY190712P300,2019-07-11,2019-07-11 09:35:06,1.21,0.7159,210,1.18,0.6982,63,1.21,0.7159,100,1.195,0.7071,412,0
SPY190712P300,2019-07-11,2019-07-11 09:35:07,1.21,0.7159,130,1.16,0.6863,210,1.21,0.7159,100,1.185,0.7011,412,0
SPY190712P300,2019-07-11,2019-07-11 09:35:07,1.21,0.7159,130,1.18,0.6982,110,1.21,0.7159,100,1.195,0.7071,412,0
SPY190712P300,2019-07-11,2019-07-11 09:35:08,1.2,0.71,203,1.17,0.6923,43,1.21,0.7159,100,1.185,0.7011,412,0
SPY190712P300,2019-07-11,2019-07-11 09:35:08,1.2,0.71,203,1.17,0.6923,77,1.21,0.7159,100,1.185,0.7011,412,0
SPY190712P300,2019-07-11,2019-07-11 09:35:09,1.2,0.71,276,1.17,0.6923,92,1.21,0.7159,100,1.185,0.7011,412,0
SPY190712P300,2019-07-11,2019-07-11 09:35:10,1.21,0.7159,36,1.18,0.6982,110,1.21,0.7159,100,1.195,0.7071,412,0
SPY190712P300,2019-07-11,2019-07-11 09:35:10,1.2,0.71,96,1.17,0.6923,97,1.21,0.7159,100,1.185,0.7011,412,0
SPY190712P300,2019-07-11,2019-07-11 09:35:11,1.2,0.71,86,1.17,0.6923,86,1.21,0.7159,100,1.185,0.7011,412,0
SPY190712P300,2019-07-11,2019-07-11 09:35:12,1.2,0.71,210,1.17,0.6923,105,1.2,0.71,1,1.185,0.7011,414,2
SPY190712P300,2019-07-11,2019-07-11 09:35:13,1.2,0.71,199,1.16,0.6863,210,1.2,0.71,1,1.18,0.6982,414,0
SPY190712P300,2019-07-11,2019-07-11 09:35:14,1.2,0.71,199,1.16,0.6863,20,1.2,0.71,1,1.18,0.6982,414,0
SPY190712P300,2019-07-11,2019-07-11 09:35:14,1.18,0.6982,68,1.15,0.6804,143,1.2,0.71,1,1.165,0.6893,414,0
SPY190712P300,2019-07-11,2019-07-11 09:35:15,1.19,0.7041,216,1.15,0.6804,78,1.2,0.71,1,1.17,0.6923,414,0
SPY190712P300,2019-07-11,2019-07-11 09:35:16,1.18,0.6982,180,1.15,0.6804,134,1.2,0.71,1,1.165,0.6893,414,0
SPY190712P300,2019-07-11,2019-07-11 09:35:17,1.19,0.7041,31,1.16,0.6863,48,1.2,0.71,1,1.175,0.6952,414,0
SPY190712P300,2019-07-11,2019-07-11 09:35:17,1.19,0.7041,82,1.16,0.6863,48,1.2,0.71,1,1.175,0.6952,414,0
SPY190712P300,2019-07-11,2019-07-11 09:35:18,1.18,0.6982,130,1.15,0.6804,154,1.2,0.71,1,1.165,0.6893,414,0
SPY190712P300,2019-07-11,2019-07-11 09:35:19,1.19,0.7041,140,1.16,0.6863,156,1.2,0.71,1,1.175,0.6952,414,0
SPY190712P300,2019-07-11,2019-07-11 09:35:19,1.19,0.7041,210,1.16,0.6863,114,1.2,0.71,1,1.175,0.6952,414,0
SPY190712P300,2019-07-11,2019-07-11 09:35:20,1.19,0.7041,140,1.16,0.6863,157,1.2,0.71,1,1.175,0.6952,414,0
SPY190712P300,2019-07-11,2019-07-11 09:35:20,1.19,0.7041,40,1.16,0.6863,146,1.2,0.71,1,1.175,0.6952,414,0
SPY190712P300,2019-07-11,2019-07-11 09:35:21,1.19,0.7041,182,1.16,0.6863,282,1.2,0.71,1,1.175,0.6952,414,0
SPY190712P300,2019-07-11,2019-07-11 09:35:21,1.19,0.7041,183,1.16,0.6863,122,1.2,0.71,1,1.175,0.6952,414,0
SPY190712P300,2019-07-11,2019-07-11 09:35:22,1.19,0.7041,30,1.16,0.6863,282,1.2,0.71,1,1.175,0.6952,414,0
SPY190712P300,2019-07-11,2019-07-11 09:35:23,1.19,0.7041,30,1.17,0.6923,86,1.2,0.71,1,1.18,0.6982,414,0
SPY190712P300,2019-07-11,2019-07-11 09:35:23,1.19,0.7041,40,1.17,0.6923,86,1.2,0.71,1,1.18,0.6982,414,0
SPY190712P300,2019-07-11,2019-07-11 09:35:24,1.2,0.71,210,1.17,0.6923,100,1.2,0.71,1,1.185,0.7011,414,0
SPY190712P300,2019-07-11,2019-07-11 09:35:24,1.2,0.71,237,1.17,0.6923,106,1.2,0.71,1,1.185,0.7011,414,0
SPY190712P300,2019-07-11,2019-07-11 09:35:25,1.2,0.71,189,1.17,0.6923,106,1.2,0.71,1,1.185,0.7011,414,0
SPY190712P300,2019-07-11,2019-07-11 09:35:25,1.2,0.71,244,1.17,0.6923,106,1.2,0.71,1,1.185,0.7011,414,0
SPY190712P300,2019-07-11,2019-07-11 09:35:26,1.2,0.71,71,1.17,0.6923,138,1.2,0.71,1,1.185,0.7011,414,0
SPY190712P300,2019-07-11,2019-07-11 09:35:27,1.2,0.71,71,1.17,0.6923,147,1.2,0.71,6,1.185,0.7011,424,10
SPY190712P300,2019-07-11,2019-07-11 09:35:27,1.2,0.71,1,1.18,0.6982,11,1.2,0.71,6,1.19,0.7041,424,0
SPY190712P300,2019-07-11,2019-07-11 09:35:28,1.2,0.71,80,1.17,0.6923,79,1.2,0.71,1,1.185,0.7011,425,1
SPY190712P300,2019-07-11,2019-07-11 09:35:28,1.2,0.71,220,1.16,0.6863,176,1.2,0.71,1,1.18,0.6982,425,0
SPY190712P300,2019-07-11,2019-07-11 09:35:29,1.2,0.71,220,1.16,0.6863,210,1.2,0.71,1,1.18,0.6982,425,0
SPY190712P300,2019-07-11,2019-07-11 09:35:30,1.19,0.7041,30,1.16,0.6863,26,1.2,0.71,1,1.175,0.6952,425,0
SPY190712P300,2019-07-11,2019-07-11 09:35:30,1.18,0.6982,167,1.15,0.6804,167,1.2,0.71,1,1.165,0.6893,425,0
SPY190712P300,2019-07-11,2019-07-11 09:35:31,1.19,0.7041,215,1.16,0.6863,151,1.18,0.6982,1,1.175,0.6952,426,1
SPY190712P300,2019-07-11,2019-07-11 09:35:32,1.19,0.7041,215,1.16,0.6863,134,1.18,0.6982,1,1.175,0.6952,426,0
SPY190712P300,2019-07-11,2019-07-11 09:35:33,1.19,0.7041,186,1.16,0.6863,132,1.18,0.6982,1,1.175,0.6952,426,0
SPY190712P300,2019-07-11,2019-07-11 09:35:33,1.19,0.7041,181,1.16,0.6863,167,1.18,0.6982,1,1.175,0.6952,426,0
SPY190712P300,2019-07-11,2019-07-11 09:35:34,1.19,0.7041,56,1.16,0.6863,173,1.18,0.6982,1,1.175,0.6952,426,0
SPY190712P300,2019-07-11,2019-07-11 09:35:35,1.21,0.7159,220,1.18,0.6982,101,1.18,0.6982,1,1.195,0.7071,426,0
SPY190712P300,2019-07-11,2019-07-11 09:35:35,1.21,0.7159,220,1.18,0.6982,58,1.18,0.6982,1,1.195,0.7071,426,0
SPY190712P300,2019-07-11,2019-07-11 09:35:36,1.2,0.71,110,1.17,0.6923,134,1.18,0.6982,1,1.185,0.7011,426,0
SPY190712P300,2019-07-11,2019-07-11 09:35:37,1.2,0.71,100,1.18,0.6982,26,1.2,0.71,10,1.19,0.7041,446,20
SPY190712P300,2019-07-11,2019-07-11 09:35:37,1.2,0.71,179,1.18,0.6982,48,1.2,0.71,10,1.19,0.7041,446,0
SPY190712P300,2019-07-11,2019-07-11 09:35:38,1.2,0.71,100,1.18,0.6982,109,1.2,0.71,1,1.19,0.7041,447,0
SPY190712P300,2019-07-11,2019-07-11 09:35:38,1.2,0.71,100,1.18,0.6982,109,1.2,0.71,1,1.19,0.7041,447,1
SPY190712P300,2019-07-11,2019-07-11 09:35:39,1.21,0.7159,87,1.18,0.6982,73,1.2,0.71,1,1.195,0.7071,447,0
SPY190712P300,2019-07-11,2019-07-11 09:35:39,1.21,0.7159,80,1.18,0.6982,79,1.2,0.71,1,1.195,0.7071,447,0
SPY190712P300,2019-07-11,2019-07-11 09:35:40,1.21,0.7159,80,1.18,0.6982,102,1.2,0.71,1,1.195,0.7071,447,0
SPY190712P300,2019-07-11,2019-07-11 09:35:41,1.21,0.7159,80,1.18,0.6982,135,1.2,0.71,1,1.195,0.7071,447,0
SPY190712P300,2019-07-11,2019-07-11 09:35:41,1.21,0.7159,80,1.18,0.6982,135,1.21,0.7159,1,1.195,0.7071,448,1
SPY190712P300,2019-07-11,2019-07-11 09:35:42,1.23,0.7278,175,1.2,0.71,25,1.21,0.7159,1,1.215,0.7189,448,0
SPY190712P300,2019-07-11,2019-07-11 09:35:43,1.23,0.7278,175,1.19,0.7041,411,1.21,0.7159,1,1.21,0.7159,448,0
SPY190712P300,2019-07-11,2019-07-11 09:35:43,1.23,0.7278,180,1.2,0.71,74,1.21,0.7159,1,1.215,0.7189,448,0
SPY190712P300,2019-07-11,2019-07-11 09:35:44,1.23,0.7278,94,1.2,0.71,126,1.21,0.7159,1,1.215,0.7189,448,0
SPY190712P300,2019-07-11,2019-07-11 09:35:44,1.25,0.7396,210,1.22,0.7218,76,1.21,0.7159,1,1.235,0.7307,448,0
SPY190712P300,2019-07-11,2019-07-11 09:35:45,1.25,0.7396,163,1.22,0.7218,30,1.21,0.7159,1,1.235,0.7307,448,0
SPY190712P300,2019-07-11,2019-07-11 09:35:46,1.25,0.7396,154,1.22,0.7218,39,1.21,0.7159,1,1.235,0.7307,448,0
SPY190712P300,2019-07-11,2019-07-11 09:35:46,1.26,0.7455,83,1.23,0.7278,48,1.21,0.7159,1,1.245,0.7366,448,0
SPY190712P300,2019-07-11,2019-07-11 09:35:47,1.26,0.7455,120,1.23,0.7278,103,1.21,0.7159,1,1.245,0.7366,448,0
SPY190712P300,2019-07-11,2019-07-11 09:35:48,1.26,0.7455,130,1.23,0.7278,53,1.21,0.7159,1,1.245,0.7366,448,0
SPY190712P300,2019-07-11,2019-07-11 09:35:48,1.26,0.7455,130,1.23,0.7278,98,1.21,0.7159,1,1.245,0.7366,448,0
SPY190712P300,2019-07-11,2019-07-11 09:35:49,1.25,0.7396,173,1.22,0.7218,98,1.21,0.7159,1,1.235,0.7307,448,0
SPY190712P300,2019-07-11,2019-07-11 09:35:49,1.25,0.7396,198,1.21,0.7159,158,1.21,0.7159,1,1.23,0.7278,448,0
SPY190712P300,2019-07-11,2019-07-11 09:35:50,1.24,0.7337,163,1.21,0.7159,154,1.21,0.7159,1,1.225,0.7248,448,0
SPY190712P300,2019-07-11,2019-07-11 09:35:50,1.24,0.7337,164,1.21,0.7159,154,1.21,0.7159,1,1.225,0.7248,448,0
SPY190712P300,2019-07-11,2019-07-11 09:35:51,1.24,0.7337,62,1.21,0.7159,154,1.21,0.7159,1,1.225,0.7248,448,0
SPY190712P300,2019-07-11,2019-07-11 09:35:52,1.22,0.7218,100,1.19,0.7041,66,1.21,0.7159,1,1.205,0.713,448,0
SPY190712P300,2019-07-11,2019-07-11 09:35:52,1.24,0.7337,178,1.2,0.71,118,1.21,0.7159,1,1.22,0.7218,448,0
SPY190712P300,2019-07-11,2019-07-11 09:35:53,1.2,0.71,30,1.18,0.6982,92,1.21,0.7159,1,1.19,0.7041,448,0
SPY190712P300,2019-07-11,2019-07-11 09:35:54,1.2,0.71,75,1.17,0.6923,174,1.21,0.7159,1,1.185,0.7011,448,0
SPY190712P300,2019-07-11,2019-07-11 09:35:54,1.2,0.71,76,1.17,0.6923,109,1.21,0.7159,1,1.185,0.7011,448,0
SPY190712P300,2019-07-11,2019-07-11 09:35:55,1.19,0.7041,1,1.17,0.6923,113,1.19,0.7041,10,1.18,0.6982,458,0
SPY190712P300,2019-07-11,2019-07-11 09:35:55,1.19,0.7041,1,1.17,0.6923,113,1.19,0.7041,10,1.18,0.6982,458,10
SPY190712P300,2019-07-11,2019-07-11 09:35:56,1.2,0.71,200,1.17,0.6923,113,1.19,0.7041,10,1.185,0.7011,458,0
SPY190712P300,2019-07-11,2019-07-11 09:35:57,1.2,0.71,26,1.17,0.6923,197,1.19,0.7041,10,1.185,0.7011,458,0
SPY190712P300,2019-07-11,2019-07-11 09:35:57,1.2,0.71,26,1.18,0.6982,122,1.19,0.7041,10,1.19,0.7041,458,0
SPY190712P300,2019-07-11,2019-07-11 09:35:58,1.2,0.71,24,1.17,0.6923,174,1.19,0.7041,10,1.185,0.7011,458,0
SPY190712P300,2019-07-11,2019-07-11 09:35:58,1.21,0.7159,195,1.18,0.6982,110,1.19,0.7041,10,1.195,0.7071,458,0
SPY190712P300,2019-07-11,2019-07-11 09:35:59,1.21,0.7159,195,1.18,0.6982,128,1.19,0.7041,10,1.195,0.7071,458,0
SPY190712P300,2019-07-11,2019-07-11 09:35:59,1.21,0.7159,46,1.18,0.6982,210,1.19,0.7041,10,1.195,0.7071,458,0
SPY190712P300,2019-07-11,2019-07-11 09:36:00,1.21,0.7159,26,1.18,0.6982,202,1.19,0.7041,10,1.195,0.7071,458,0
SPY190712P300,2019-07-11,2019-07-11 09:36:01,1.21,0.7159,26,1.18,0.6982,308,1.19,0.7041,10,1.195,0.7071,458,0
SPY190712P300,2019-07-11,2019-07-11 09:36:02,1.21,0.7159,64,1.18,0.6982,113,1.19,0.7041,10,1.195,0.7071,458,0
SPY190712P300,2019-07-11,2019-07-11 09:36:02,1.21,0.7159,22,1.18,0.6982,246,1.19,0.7041,10,1.195,0.7071,458,0
SPY190712P300,2019-07-11,2019-07-11 09:36:03,1.21,0.7159,26,1.18,0.6982,141,1.19,0.7041,10,1.195,0.7071,458,0
SPY190712P300,2019-07-11,2019-07-11 09:36:03,1.21,0.7159,63,1.19,0.7041,3,1.19,0.7041,10,1.2,0.71,458,0
SPY190712P300,2019-07-11,2019-07-11 09:36:04,1.21,0.7159,6,1.19,0.7041,31,1.19,0.7041,10,1.2,0.71,458,0
SPY190712P300,2019-07-11,2019-07-11 09:36:05,1.21,0.7159,59,1.19,0.7041,3,1.19,0.7041,10,1.2,0.71,458,0
SPY190712P300,2019-07-11,2019-07-11 09:36:05,1.21,0.7159,66,1.19,0.7041,3,1.19,0.7041,10,1.2,0.71,458,0
SPY190712P300,2019-07-11,2019-07-11 09:36:06,1.21,0.7159,6,1.19,0.7041,13,1.19,0.7041,10,1.2,0.71,458,0
SPY190712P300,2019-07-11,2019-07-11 09:36:06,1.22,0.7218,178,1.19,0.7041,195,1.19,0.7041,10,1.205,0.713,458,0
SPY190712P300,2019-07-11,2019-07-11 09:36:07,1.22,0.7218,78,1.19,0.7041,195,1.19,0.7041,10,1.205,0.713,458,0
SPY190712P300,2019-07-11,2019-07-11 09:36:07,1.22,0.7218,210,1.19,0.7041,130,1.19,0.7041,10,1.205,0.713,458,0
SPY190712P300,2019-07-11,2019-07-11 09:36:08,1.22,0.7218,160,1.19,0.7041,200,1.19,0.7041,10,1.205,0.713,458,0
SPY190712P300,2019-07-11,2019-07-11 09:36:09,1.22,0.7218,160,1.19,0.7041,30,1.19,0.7041,10,1.205,0.713,458,0
SPY190712P300,2019-07-11,2019-07-11 09:36:09,1.21,0.7159,19,1.19,0.7041,3,1.19,0.7041,10,1.2,0.71,458,0
SPY190712P300,2019-07-11,2019-07-11 09:36:10,1.19,0.7041,136,1.16,0.6863,180,1.19,0.7041,3,1.175,0.6952,464,6
SPY190712P300,2019-07-11,2019-07-11 09:36:10,1.21,0.7159,19,1.19,0.7041,3,1.19,0.7041,10,1.2,0.71,458,0
SPY190712P300,2019-07-11,2019-07-11 09:36:11,1.19,0.7041,54,1.15,0.6804,100,1.19,0.7041,3,1.17,0.6923,464,0
SPY190712P300,2019-07-11,2019-07-11 09:36:12,1.18,0.6982,180,1.15,0.6804,137,1.19,0.7041,3,1.165,0.6893,464,0
SPY190712P300,2019-07-11,2019-07-11 09:36:12,1.18,0.6982,210,1.15,0.6804,82,1.18,0.6982,2,1.165,0.6893,469,5
SPY190712P300,2019-07-11,2019-07-11 09:36:13,1.16,0.6863,51,1.14,0.6745,48,1.18,0.6982,2,1.15,0.6804,469,0
SPY190712P300,2019-07-11,2019-07-11 09:36:13,1.18,0.6982,200,1.14,0.6745,48,1.18,0.6982,2,1.16,0.6863,469,0
SPY190712P300,2019-07-11,2019-07-11 09:36:14,1.17,0.6923,80,1.14,0.6745,70,1.14,0.6745,3,1.155,0.6834,472,3
SPY190712P300,2019-07-11,2019-07-11 09:36:14,1.16,0.6863,61,1.14,0.6745,45,1.14,0.6745,3,1.15,0.6804,472,0
SPY190712P300,2019-07-11,2019-07-11 09:36:15,1.16,0.6863,81,1.14,0.6745,45,1.14,0.6745,3,1.15,0.6804,472,0
SPY190712P300,2019-07-11,2019-07-11 09:36:16,1.17,0.6923,105,1.14,0.6745,48,1.14,0.6745,3,1.155,0.6834,472,0
SPY190712P300,2019-07-11,2019-07-11 09:36:16,1.16,0.6863,65,1.14,0.6745,45,1.14,0.6745,3,1.15,0.6804,472,0
SPY190712P300,2019-07-11,2019-07-11 09:36:17,1.17,0.6923,106,1.14,0.6745,138,1.14,0.6745,3,1.155,0.6834,472,0
SPY190712P300,2019-07-11,2019-07-11 09:36:17,1.17,0.6923,120,1.15,0.6804,95,1.14,0.6745,3,1.16,0.6863,472,0
SPY190712P300,2019-07-11,2019-07-11 09:36:18,1.18,0.6982,80,1.15,0.6804,60,1.14,0.6745,3,1.165,0.6893,472,0
SPY190712P300,2019-07-11,2019-07-11 09:36:19,1.18,0.6982,220,1.15,0.6804,144,1.14,0.6745,3,1.165,0.6893,472,0
SPY190712P300,2019-07-11,2019-07-11 09:36:19,1.17,0.6923,36,1.15,0.6804,70,1.14,0.6745,3,1.16,0.6863,472,0
SPY190712P300,2019-07-11,2019-07-11 09:36:20,1.18,0.6982,220,1.15,0.6804,100,1.14,0.6745,3,1.165,0.6893,472,0
SPY190712P300,2019-07-11,2019-07-11 09:36:20,1.18,0.6982,220,1.15,0.6804,162,1.14,0.6745,3,1.165,0.6893,472,0
SPY190712P300,2019-07-11,2019-07-11 09:36:21,1.17,0.6923,56,1.15,0.6804,100,1.14,0.6745,3,1.16,0.6863,472,0
SPY190712P300,2019-07-11,2019-07-11 09:36:21,1.17,0.6923,36,1.15,0.6804,123,1.14,0.6745,3,1.16,0.6863,472,0
SPY190712P300,2019-07-11,2019-07-11 09:36:22,1.17,0.6923,56,1.15,0.6804,104,1.14,0.6745,3,1.16,0.6863,472,0
SPY190712P300,2019-07-11,2019-07-11 09:36:23,1.17,0.6923,56,1.15,0.6804,62,1.14,0.6745,3,1.16,0.6863,472,0
SPY190712P300,2019-07-11,2019-07-11 09:36:24,1.17,0.6923,120,1.14,0.6745,128,1.14,0.6745,3,1.155,0.6834,472,0
SPY190712P300,2019-07-11,2019-07-11 09:36:24,1.17,0.6923,56,1.14,0.6745,54,1.14,0.6745,3,1.155,0.6834,472,0
SPY190712P300,2019-07-11,2019-07-11 09:36:25,1.16,0.6863,1,1.14,0.6745,246,1.16,0.6863,10,1.15,0.6804,482,10
SPY190712P300,2019-07-11,2019-07-11 09:36:25,1.17,0.6923,120,1.14,0.6745,246,1.14,0.6745,3,1.155,0.6834,472,0
SPY190712P300,2019-07-11,2019-07-11 09:36:26,1.17,0.6923,86,1.15,0.6804,54,1.15,0.6804,1,1.16,0.6863,483,1
SPY190712P300,2019-07-11,2019-07-11 09:36:27,1.17,0.6923,77,1.14,0.6745,346,1.15,0.6804,1,1.155,0.6834,483,0
SPY190712P300,2019-07-11,2019-07-11 09:36:27,1.17,0.6923,86,1.14,0.6745,248,1.15,0.6804,1,1.155,0.6834,483,0
SPY190712P300,2019-07-11,2019-07-11 09:36:28,1.17,0.6923,36,1.14,0.6745,175,1.15,0.6804,1,1.155,0.6834,483,0
SPY190712P300,2019-07-11,2019-07-11 09:36:29,1.17,0.6923,40,1.14,0.6745,337,1.15,0.6804,1,1.155,0.6834,483,0
SPY190712P300,2019-07-11,2019-07-11 09:36:29,1.17,0.6923,99,1.14,0.6745,337,1.15,0.6804,1,1.155,0.6834,483,0
SPY190712P300,2019-07-11,2019-07-11 09:36:30,1.17,0.6923,56,1.14,0.6745,337,1.15,0.6804,1,1.155,0.6834,483,0
SPY190712P300,2019-07-11,2019-07-11 09:36:30,1.16,0.6863,4,1.14,0.6745,337,1.15,0.6804,1,1.15,0.6804,483,0
SPY190712P300,2019-07-11,2019-07-11 09:36:31,1.16,0.6863,36,1.14,0.6745,337,1.15,0.6804,1,1.15,0.6804,483,0
SPY190712P300,2019-07-11,2019-07-11 09:36:32,1.16,0.6863,36,1.14,0.6745,48,1.15,0.6804,1,1.15,0.6804,483,0
SPY190712P300,2019-07-11,2019-07-11 09:36:32,1.16,0.6863,56,1.13,0.6686,237,1.15,0.6804,1,1.145,0.6775,483,0
SPY190712P300,2019-07-11,2019-07-11 09:36:33,1.16,0.6863,113,1.13,0.6686,243,1.13,0.6686,7,1.145,0.6775,492,9
SPY190712P300,2019-07-11,2019-07-11 09:36:33,1.16,0.6863,88,1.13,0.6686,243,1.15,0.6804,1,1.145,0.6775,483,0
SPY190712P300,2019-07-11,2019-07-11 09:36:34,1.16,0.6863,113,1.13,0.6686,243,1.13,0.6686,7,1.145,0.6775,492,0
SPY190712P300,2019-07-11,2019-07-11 09:36:35,1.16,0.6863,113,1.13,0.6686,174,1.13,0.6686,7,1.145,0.6775,492,0
SPY190712P300,2019-07-11,2019-07-11 09:36:35,1.16,0.6863,188,1.13,0.6686,195,1.13,0.6686,7,1.145,0.6775,492,0
SPY190712P300,2019-07-11,2019-07-11 09:36:36,1.16,0.6863,188,1.13,0.6686,263,1.13,0.6686,7,1.145,0.6775,492,0
SPY190712P300,2019-07-11,2019-07-11 09:36:37,1.16,0.6863,188,1.13,0.6686,263,1.13,0.6686,7,1.145,0.6775,492,0
SPY190712P300,2019-07-11,2019-07-11 09:36:38,1.16,0.6863,193,1.13,0.6686,194,1.13,0.6686,7,1.145,0.6775,492,0
SPY190712P300,2019-07-11,2019-07-11 09:36:38,1.16,0.6863,188,1.13,0.6686,204,1.13,0.6686,7,1.145,0.6775,492,0
SPY190712P300,2019-07-11,2019-07-11 09:36:39,1.16,0.6863,209,1.13,0.6686,167,1.13,0.6686,7,1.145,0.6775,492,0
SPY190712P300,2019-07-11,2019-07-11 09:36:39,1.16,0.6863,179,1.13,0.6686,87,1.13,0.6686,7,1.145,0.6775,492,0
SPY190712P300,2019-07-11,2019-07-11 09:36:40,1.16,0.6863,209,1.13,0.6686,167,1.13,0.6686,7,1.145,0.6775,492,0
SPY190712P300,2019-07-11,2019-07-11 09:36:40,1.16,0.6863,209,1.13,0.6686,109,1.13,0.6686,7,1.145,0.6775,492,0
SPY190712P300,2019-07-11,2019-07-11 09:36:41,1.16,0.6863,221,1.13,0.6686,257,1.13,0.6686,7,1.145,0.6775,492,0
SPY190712P300,2019-07-11,2019-07-11 09:36:42,1.15,0.6804,45,1.13,0.6686,302,1.13,0.6686,7,1.14,0.6745,492,0
SPY190712P300,2019-07-11,2019-07-11 09:36:42,1.16,0.6863,221,1.13,0.6686,257,1.13,0.6686,7,1.145,0.6775,492,0
SPY190712P300,2019-07-11,2019-07-11 09:36:43,1.16,0.6863,211,1.13,0.6686,302,1.13,0.6686,7,1.145,0.6775,492,0
SPY190712P300,2019-07-11,2019-07-11 09:36:43,1.16,0.6863,260,1.13,0.6686,285,1.13,0.6686,7,1.145,0.6775,492,0
SPY190712P300,2019-07-11,2019-07-11 09:36:44,1.16,0.6863,282,1.13,0.6686,285,1.13,0.6686,7,1.145,0.6775,492,0
SPY190712P300,2019-07-11,2019-07-11 09:36:45,1.16,0.6863,282,1.13,0.6686,285,1.13,0.6686,7,1.145,0.6775,492,0
SPY190712P300,2019-07-11,2019-07-11 09:36:45,1.16,0.6863,199,1.13,0.6686,254,1.13,0.6686,7,1.145,0.6775,492,0
SPY190712P300,2019-07-11,2019-07-11 09:36:46,1.15,0.6804,103,1.12,0.6627,132,1.13,0.6686,7,1.135,0.6715,492,0
SPY190712P300,2019-07-11,2019-07-11 09:36:46,1.16,0.6863,181,1.13,0.6686,101,1.13,0.6686,7,1.145,0.6775,492,0
SPY190712P300,2019-07-11,2019-07-11 09:36:47,1.16,0.6863,181,1.13,0.6686,124,1.13,0.6686,7,1.145,0.6775,492,0
SPY190712P300,2019-07-11,2019-07-11 09:36:48,1.15,0.6804,30,1.13,0.6686,100,1.13,0.6686,7,1.14,0.6745,492,0
SPY190712P300,2019-07-11,2019-07-11 09:36:48,1.16,0.6863,181,1.13,0.6686,138,1.13,0.6686,7,1.145,0.6775,492,0
SPY190712P300,2019-07-11,2019-07-11 09:36:49,1.16,0.6863,4,1.14,0.6745,144,1.13,0.6686,7,1.15,0.6804,492,0
SPY190712P300,2019-07-11,2019-07-11 09:36:49,1.16,0.6863,221,1.13,0.6686,278,1.13,0.6686,7,1.145,0.6775,492,0
SPY190712P300,2019-07-11,2019-07-11 09:36:50,1.16,0.6863,4,1.14,0.6745,114,1.13,0.6686,7,1.15,0.6804,492,0
SPY190712P300,2019-07-11,2019-07-11 09:36:50,1.16,0.6863,34,1.14,0.6745,67,1.13,0.6686,7,1.15,0.6804,492,0
SPY190712P300,2019-07-11,2019-07-11 09:36:51,1.16,0.6863,6,1.13,0.6686,212,1.13,0.6686,7,1.145,0.6775,492,0
SPY190712P300,2019-07-11,2019-07-11 09:36:52,1.16,0.6863,6,1.13,0.6686,212,1.13,0.6686,7,1.145,0.6775,492,0
SPY190712P300,2019-07-11,2019-07-11 09:36:52,1.16,0.6863,4,1.14,0.6745,198,1.13,0.6686,7,1.15,0.6804,492,0
SPY190712P300,2019-07-11,2019-07-11 09:36:53,1.16,0.6863,11,1.14,0.6745,110,1.13,0.6686,7,1.15,0.6804,492,0
SPY190712P300,2019-07-11,2019-07-11 09:36:53,1.16,0.6863,4,1.14,0.6745,140,1.13,0.6686,7,1.15,0.6804,492,0
SPY190712P300,2019-07-11,2019-07-11 09:36:54,1.16,0.6863,43,1.14,0.6745,110,1.13,0.6686,7,1.15,0.6804,492,0
SPY190712P300,2019-07-11,2019-07-11 09:36:55,1.16,0.6863,43,1.14,0.6745,89,1.13,0.6686,7,1.15,0.6804,492,0
SPY190712P300,2019-07-11,2019-07-11 09:36:55,1.18,0.6982,55,1.15,0.6804,244,1.16,0.6863,4,1.165,0.6893,496,4
SPY190712P300,2019-07-11,2019-07-11 09:36:56,1.18,0.6982,118,1.15,0.6804,254,1.16,0.6863,4,1.165,0.6893,496,0
SPY190712P300,2019-07-11,2019-07-11 09:36:56,1.18,0.6982,56,1.15,0.6804,254,1.16,0.6863,4,1.165,0.6893,496,0
SPY190712P300,2019-07-11,2019-07-11 09:36:57,1.17,0.6923,61,1.15,0.6804,36,1.16,0.6863,4,1.16,0.6863,496,0
SPY190712P300,2019-07-11,2019-07-11 09:36:57,1.18,0.6982,193,1.15,0.6804,113,1.16,0.6863,4,1.165,0.6893,496,0
SPY190712P300,2019-07-11,2019-07-11 09:36:58,1.18,0.6982,180,1.15,0.6804,56,1.16,0.6863,4,1.165,0.6893,496,0
SPY190712P300,2019-07-11,2019-07-11 09:36:59,1.18,0.6982,220,1.15,0.6804,56,1.16,0.6863,4,1.165,0.6893,496,0
SPY190712P300,2019-07-11,2019-07-11 09:37:01,1.18,0.6982,220,1.15,0.6804,100,1.16,0.6863,4,1.165,0.6893,496,0
SPY190712P300,2019-07-11,2019-07-11 09:37:02,1.18,0.6982,210,1.15,0.6804,100,1.16,0.6863,6,1.165,0.6893,502,0
SPY190712P300,2019-07-11,2019-07-11 09:37:02,1.18,0.6982,210,1.15,0.6804,100,1.16,0.6863,6,1.165,0.6893,502,6
SPY190712P300,2019-07-11,2019-07-11 09:37:03,1.18,0.6982,210,1.15,0.6804,100,1.16,0.6863,6,1.165,0.6893,502,0
SPY190712P300,2019-07-11,2019-07-11 09:37:04,1.18,0.6982,220,1.15,0.6804,111,1.16,0.6863,6,1.165,0.6893,502,0
SPY190712P300,2019-07-11,2019-07-11 09:37:04,1.18,0.6982,210,1.15,0.6804,101,1.16,0.6863,6,1.165,0.6893,502,0
SPY190712P300,2019-07-11,2019-07-11 09:37:05,1.19,0.7041,173,1.16,0.6863,107,1.16,0.6863,6,1.175,0.6952,502,0
SPY190712P300,2019-07-11,2019-07-11 09:37:05,1.18,0.6982,220,1.15,0.6804,111,1.16,0.6863,6,1.165,0.6893,502,0
SPY190712P300,2019-07-11,2019-07-11 09:37:06,1.19,0.7041,186,1.17,0.6923,32,1.16,0.6863,6,1.18,0.6982,502,0
SPY190712P300,2019-07-11,2019-07-11 09:37:07,1.19,0.7041,140,1.16,0.6863,154,1.16,0.6863,6,1.175,0.6952,502,0
SPY190712P300,2019-07-11,2019-07-11 09:37:07,1.19,0.7041,140,1.16,0.6863,167,1.16,0.6863,6,1.175,0.6952,502,0
SPY190712P300,2019-07-11,2019-07-11 09:37:08,1.19,0.7041,140,1.16,0.6863,167,1.16,0.6863,6,1.175,0.6952,502,0
SPY190712P300,2019-07-11,2019-07-11 09:37:08,1.2,0.71,135,1.16,0.6863,242,1.16,0.6863,6,1.18,0.6982,502,0
SPY190712P300,2019-07-11,2019-07-11 09:37:09,1.19,0.7041,192,1.16,0.6863,194,1.16,0.6863,6,1.175,0.6952,502,0
SPY190712P300,2019-07-11,2019-07-11 09:37:09,1.19,0.7041,192,1.16,0.6863,323,1.16,0.6863,6,1.175,0.6952,502,0
SPY190712P300,2019-07-11,2019-07-11 09:37:10,1.18,0.6982,78,1.15,0.6804,204,1.16,0.6863,6,1.165,0.6893,502,0
SPY190712P300,2019-07-11,2019-07-11 09:37:11,1.18,0.6982,30,1.16,0.6863,48,1.16,0.6863,6,1.17,0.6923,502,0
SPY190712P300,2019-07-11,2019-07-11 09:37:11,1.18,0.6982,88,1.16,0.6863,48,1.16,0.6863,6,1.17,0.6923,502,0
SPY190712P300,2019-07-11,2019-07-11 09:37:12,1.18,0.6982,100,1.16,0.6863,48,1.16,0.6863,6,1.17,0.6923,502,0
SPY190712P300,2019-07-11,2019-07-11 09:37:12,1.19,0.7041,36,1.16,0.6863,134,1.16,0.6863,6,1.175,0.6952,502,0
SPY190712P300,2019-07-11,2019-07-11 09:37:13,1.18,0.6982,146,1.15,0.6804,124,1.16,0.6863,6,1.165,0.6893,502,0
SPY190712P300,2019-07-11,2019-07-11 09:37:14,1.18,0.6982,90,1.16,0.6863,40,1.16,0.6863,6,1.17,0.6923,502,0
SPY190712P300,2019-07-11,2019-07-11 09:37:14,1.18,0.6982,130,1.16,0.6863,40,1.16,0.6863,6,1.17,0.6923,502,0
SPY190712P300,2019-07-11,2019-07-11 09:37:15,1.17,0.6923,6,1.15,0.6804,134,1.16,0.6863,6,1.16,0.6863,502,0
SPY190712P300,2019-07-11,2019-07-11 09:37:15,1.18,0.6982,181,1.15,0.6804,136,1.16,0.6863,6,1.165,0.6893,502,0
SPY190712P300,2019-07-11,2019-07-11 09:37:16,1.18,0.6982,56,1.15,0.6804,154,1.16,0.6863,6,1.165,0.6893,502,0
SPY190712P300,2019-07-11,2019-07-11 09:37:17,1.18,0.6982,188,1.15,0.6804,48,1.16,0.6863,6,1.165,0.6893,502,0
SPY190712P300,2019-07-11,2019-07-11 09:37:18,1.18,0.6982,183,1.15,0.6804,123,1.16,0.6863,6,1.165,0.6893,502,0
SPY190712P300,2019-07-11,2019-07-11 09:37:18,1.17,0.6923,110,1.15,0.6804,62,1.16,0.6863,6,1.16,0.6863,502,0
SPY190712P300,2019-07-11,2019-07-11 09:37:19,1.17,0.6923,6,1.15,0.6804,123,1.16,0.6863,6,1.16,0.6863,502,0
SPY190712P300,2019-07-11,2019-07-11 09:37:19,1.17,0.6923,193,1.14,0.6745,32,1.16,0.6863,6,1.155,0.6834,502,0
SPY190712P300,2019-07-11,2019-07-11 09:37:20,1.16,0.6863,30,1.14,0.6745,28,1.16,0.6863,6,1.15,0.6804,502,0
SPY190712P300,2019-07-11,2019-07-11 09:37:21,1.16,0.6863,45,1.13,0.6686,143,1.16,0.6863,6,1.145,0.6775,502,0
SPY190712P300,2019-07-11,2019-07-11 09:37:21,1.16,0.6863,45,1.13,0.6686,220,1.16,0.6863,6,1.145,0.6775,502,0
SPY190712P300,2019-07-11,2019-07-11 09:37:22,1.15,0.6804,40,1.13,0.6686,166,1.16,0.6863,6,1.14,0.6745,502,0
SPY190712P300,2019-07-11,2019-07-11 09:37:22,1.15,0.6804,36,1.13,0.6686,166,1.16,0.6863,6,1.14,0.6745,502,0
SPY190712P300,2019-07-11,2019-07-11 09:37:23,1.15,0.6804,176,1.12,0.6627,150,1.16,0.6863,6,1.135,0.6715,502,0
SPY190712P300,2019-07-11,2019-07-11 09:37:24,1.16,0.6863,130,1.13,0.6686,139,1.16,0.6863,6,1.145,0.6775,502,0
SPY190712P300,2019-07-11,2019-07-11 09:37:25,1.15,0.6804,79,1.12,0.6627,98,1.16,0.6863,6,1.135,0.6715,502,0
SPY190712P300,2019-07-11,2019-07-11 09:37:26,1.14,0.6745,6,1.12,0.6627,214,1.16,0.6863,6,1.13,0.6686,502,0
SPY190712P300,2019-07-11,2019-07-11 09:37:26,1.15,0.6804,10,1.13,0.6686,154,1.16,0.6863,6,1.14,0.6745,502,0
SPY190712P300,2019-07-11,2019-07-11 09:37:27,1.16,0.6863,130,1.13,0.6686,154,1.16,0.6863,6,1.145,0.6775,502,0
SPY190712P300,2019-07-11,2019-07-11 09:37:28,1.16,0.6863,175,1.13,0.6686,154,1.16,0.6863,6,1.145,0.6775,502,0
SPY190712P300,2019-07-11,2019-07-11 09:37:29,1.16,0.6863,175,1.13,0.6686,154,1.16,0.6863,6,1.145,0.6775,502,0
SPY190712P300,2019-07-11,2019-07-11 09:37:29,1.15,0.6804,12,1.13,0.6686,154,1.16,0.6863,6,1.14,0.6745,502,0
SPY190712P300,2019-07-11,2019-07-11 09:37:30,1.16,0.6863,130,1.13,0.6686,237,1.16,0.6863,6,1.145,0.6775,502,0
SPY190712P300,2019-07-11,2019-07-11 09:37:31,1.16,0.6863,130,1.13,0.6686,237,1.16,0.6863,6,1.145,0.6775,502,0
SPY190712P300,2019-07-11,2019-07-11 09:37:32,1.17,0.6923,212,1.14,0.6745,124,1.16,0.6863,6,1.155,0.6834,502,0
SPY190712P300,2019-07-11,2019-07-11 09:37:32,1.16,0.6863,30,1.13,0.6686,228,1.16,0.6863,6,1.145,0.6775,502,0
SPY190712P300,2019-07-11,2019-07-11 09:37:33,1.16,0.6863,30,1.14,0.6745,99,1.16,0.6863,6,1.15,0.6804,502,0
SPY190712P300,2019-07-11,2019-07-11 09:37:34,1.16,0.6863,36,1.12,0.6627,100,1.16,0.6863,6,1.14,0.6745,502,0
SPY190712P300,2019-07-11,2019-07-11 09:37:34,1.16,0.6863,55,1.13,0.6686,285,1.16,0.6863,6,1.145,0.6775,502,0
SPY190712P300,2019-07-11,2019-07-11 09:37:35,1.15,0.6804,10,1.13,0.6686,82,1.16,0.6863,6,1.14,0.6745,502,0
SPY190712P300,2019-07-11,2019-07-11 09:37:36,1.16,0.6863,130,1.13,0.6686,144,1.16,0.6863,6,1.145,0.6775,502,0
SPY190712P300,2019-07-11,2019-07-11 09:37:37,1.16,0.6863,36,1.14,0.6745,101,1.16,0.6863,6,1.15,0.6804,502,0
SPY190712P300,2019-07-11,2019-07-11 09:37:37,1.16,0.6863,40,1.14,0.6745,80,1.16,0.6863,6,1.15,0.6804,502,0
SPY190712P300,2019-07-11,2019-07-11 09:37:38,1.17,0.6923,130,1.15,0.6804,32,1.16,0.6863,6,1.16,0.6863,502,0
SPY190712P300,2019-07-11,2019-07-11 09:37:39,1.16,0.6863,40,1.14,0.6745,122,1.16,0.6863,6,1.15,0.6804,502,0
SPY190712P300,2019-07-11,2019-07-11 09:37:40,1.17,0.6923,212,1.14,0.6745,122,1.16,0.6863,6,1.155,0.6834,502,0
SPY190712P300,2019-07-11,2019-07-11 09:37:41,1.16,0.6863,101,1.13,0.6686,48,1.16,0.6863,6,1.145,0.6775,502,0
SPY190712P300,2019-07-11,2019-07-11 09:37:42,1.15,0.6804,106,1.13,0.6686,23,1.16,0.6863,6,1.14,0.6745,502,0
SPY190712P300,2019-07-11,2019-07-11 09:37:43,1.14,0.6745,12,1.13,0.6686,17,1.16,0.6863,6,1.135,0.6715,502,0
SPY190712P300,2019-07-11,2019-07-11 09:37:43,1.15,0.6804,107,1.13,0.6686,23,1.16,0.6863,6,1.14,0.6745,502,0
SPY190712P300,2019-07-11,2019-07-11 09:37:44,1.14,0.6745,30,1.13,0.6686,23,1.16,0.6863,6,1.135,0.6715,502,0
SPY190712P300,2019-07-11,2019-07-11 09:37:44,1.14,0.6745,12,1.13,0.6686,17,1.16,0.6863,6,1.135,0.6715,502,0
SPY190712P300,2019-07-11,2019-07-11 09:37:45,1.14,0.6745,30,1.13,0.6686,23,1.13,0.6686,9,1.135,0.6715,511,9
SPY190712P300,2019-07-11,2019-07-11 09:37:45,1.16,0.6863,217,1.15,0.6804,1,1.13,0.6686,9,1.155,0.6834,511,0
SPY190712P300,2019-07-11,2019-07-11 09:37:46,1.16,0.6863,55,1.14,0.6745,54,1.13,0.6686,9,1.15,0.6804,511,0
SPY190712P300,2019-07-11,2019-07-11 09:37:47,1.16,0.6863,170,1.14,0.6745,48,1.13,0.6686,9,1.15,0.6804,511,0
SPY190712P300,2019-07-11,2019-07-11 09:37:47,1.15,0.6804,56,1.13,0.6686,85,1.13,0.6686,9,1.14,0.6745,511,0
SPY190712P300,2019-07-11,2019-07-11 09:37:48,1.16,0.6863,172,1.13,0.6686,163,1.13,0.6686,9,1.145,0.6775,511,0
SPY190712P300,2019-07-11,2019-07-11 09:37:49,1.16,0.6863,270,1.13,0.6686,257,1.13,0.6686,9,1.145,0.6775,511,0
SPY190712P300,2019-07-11,2019-07-11 09:37:50,1.16,0.6863,197,1.13,0.6686,212,1.13,0.6686,9,1.145,0.6775,511,0
SPY190712P300,2019-07-11,2019-07-11 09:37:50,1.15,0.6804,60,1.13,0.6686,93,1.13,0.6686,9,1.14,0.6745,511,0
SPY190712P300,2019-07-11,2019-07-11 09:37:51,1.15,0.6804,36,1.13,0.6686,148,1.13,0.6686,9,1.14,0.6745,511,0
SPY190712P300,2019-07-11,2019-07-11 09:37:51,1.15,0.6804,36,1.13,0.6686,95,1.13,0.6686,9,1.14,0.6745,511,0
SPY190712P300,2019-07-11,2019-07-11 09:37:52,1.15,0.6804,112,1.13,0.6686,71,1.13,0.6686,9,1.14,0.6745,511,0
SPY190712P300,2019-07-11,2019-07-11 09:37:53,1.15,0.6804,50,1.13,0.6686,71,1.13,0.6686,9,1.14,0.6745,511,0
SPY190712P300,2019-07-11,2019-07-11 09:37:53,1.15,0.6804,36,1.13,0.6686,71,1.13,0.6686,9,1.14,0.6745,511,0
SPY190712P300,2019-07-11,2019-07-11 09:37:54,1.15,0.6804,129,1.13,0.6686,63,1.13,0.6686,9,1.14,0.6745,511,0
SPY190712P300,2019-07-11,2019-07-11 09:37:54,1.15,0.6804,107,1.13,0.6686,63,1.13,0.6686,9,1.14,0.6745,511,0
SPY190712P300,2019-07-11,2019-07-11 09:37:55,1.14,0.6745,36,1.13,0.6686,17,1.13,0.6686,9,1.135,0.6715,511,0
SPY190712P300,2019-07-11,2019-07-11 09:37:56,1.14,0.6745,36,1.13,0.6686,100,1.14,0.6745,6,1.135,0.6715,547,36
SPY190712P300,2019-07-11,2019-07-11 09:37:56,1.16,0.6863,55,1.13,0.6686,244,1.14,0.6745,6,1.145,0.6775,547,0
SPY190712P300,2019-07-11,2019-07-11 09:37:57,1.17,0.6923,50,1.14,0.6745,128,1.14,0.6745,6,1.155,0.6834,547,0
SPY190712P300,2019-07-11,2019-07-11 09:37:58,1.17,0.6923,40,1.14,0.6745,238,1.14,0.6745,6,1.155,0.6834,547,0
SPY190712P300,2019-07-11,2019-07-11 09:37:59,1.17,0.6923,40,1.15,0.6804,89,1.14,0.6745,6,1.16,0.6863,547,0
SPY190712P300,2019-07-11,2019-07-11 09:37:59,1.17,0.6923,30,1.15,0.6804,84,1.14,0.6745,6,1.16,0.6863,547,0
SPY190712P300,2019-07-11,2019-07-11 09:38:00,1.17,0.6923,222,1.14,0.6745,73,1.14,0.6745,6,1.155,0.6834,547,0
SPY190712P300,2019-07-11,2019-07-11 09:38:01,1.16,0.6863,86,1.14,0.6745,73,1.14,0.6745,6,1.15,0.6804,547,0
SPY190712P300,2019-07-11,2019-07-11 09:38:02,1.16,0.6863,137,1.14,0.6745,48,1.14,0.6745,6,1.15,0.6804,547,0
SPY190712P300,2019-07-11,2019-07-11 09:38:02,1.16,0.6863,86,1.14,0.6745,48,1.14,0.6745,6,1.15,0.6804,547,0
SPY190712P300,2019-07-11,2019-07-11 09:38:03,1.15,0.6804,81,1.13,0.6686,36,1.14,0.6745,6,1.14,0.6745,547,0
SPY190712P300,2019-07-11,2019-07-11 09:38:03,1.16,0.6863,137,1.13,0.6686,43,1.14,0.6745,6,1.145,0.6775,547,0
SPY190712P300,2019-07-11,2019-07-11 09:38:04,1.15,0.6804,140,1.13,0.6686,23,1.14,0.6745,6,1.14,0.6745,547,0
SPY190712P300,2019-07-11,2019-07-11 09:38:04,1.15,0.6804,40,1.13,0.6686,23,1.14,0.6745,6,1.14,0.6745,547,0
SPY190712P300,2019-07-11,2019-07-11 09:38:05,1.16,0.6863,222,1.13,0.6686,209,1.14,0.6745,6,1.145,0.6775,547,0
SPY190712P300,2019-07-11,2019-07-11 09:38:06,1.15,0.6804,112,1.13,0.6686,48,1.14,0.6745,6,1.14,0.6745,547,0
SPY190712P300,2019-07-11,2019-07-11 09:38:06,1.16,0.6863,192,1.13,0.6686,69,1.14,0.6745,6,1.145,0.6775,547,0
SPY190712P300,2019-07-11,2019-07-11 09:38:07,1.14,0.6745,6,1.13,0.6686,23,1.14,0.6745,6,1.135,0.6715,547,0
SPY190712P300,2019-07-11,2019-07-11 09:38:08,1.14,0.6745,6,1.13,0.6686,23,1.14,0.6745,6,1.135,0.6715,547,0
SPY190712P300,2019-07-11,2019-07-11 09:38:09,1.14,0.6745,6,1.13,0.6686,23,1.13,0.6686,17,1.135,0.6715,564,17
SPY190712P300,2019-07-11,2019-07-11 09:38:10,1.14,0.6745,6,1.13,0.6686,23,1.13,0.6686,17,1.135,0.6715,564,0
SPY190712P300,2019-07-11,2019-07-11 09:38:11,1.13,0.6686,255,1.13,0.6686,17,1.13,0.6686,17,1.13,0.6686,564,0
SPY190712P300,2019-07-11,2019-07-11 09:38:12,1.12,0.6627,37,1.1,0.6508,39,1.13,0.6686,17,1.11,0.6568,564,0
SPY190712P300,2019-07-11,2019-07-11 09:38:12,1.11,0.6568,30,1.09,0.6449,24,1.13,0.6686,17,1.1,0.6508,564,0
SPY190712P300,2019-07-11,2019-07-11 09:38:13,1.11,0.6568,56,1.09,0.6449,28,1.13,0.6686,17,1.1,0.6508,564,0
SPY190712P300,2019-07-11,2019-07-11 09:38:14,1.11,0.6568,212,1.08,0.639,112,1.13,0.6686,17,1.095,0.6479,564,0
SPY190712P300,2019-07-11,2019-07-11 09:38:15,1.09,0.6449,72,1.07,0.6331,15,1.09,0.6449,100,1.08,0.639,766,202
SPY190712P300,2019-07-11,2019-07-11 09:38:15,1.09,0.6449,72,1.07,0.6331,47,1.09,0.6449,100,1.08,0.639,766,0
SPY190712P300,2019-07-11,2019-07-11 09:38:16,1.09,0.6449,30,1.07,0.6331,6,1.09,0.6449,100,1.08,0.639,766,0
SPY190712P300,2019-07-11,2019-07-11 09:38:16,1.1,0.6508,214,1.07,0.6331,10,1.09,0.6449,100,1.085,0.642,766,0
SPY190712P300,2019-07-11,2019-07-11 09:38:17,1.1,0.6508,143,1.08,0.639,7,1.09,0.6449,100,1.09,0.6449,766,0
SPY190712P300,2019-07-11,2019-07-11 09:38:18,1.1,0.6508,188,1.08,0.639,1,1.09,0.6449,100,1.09,0.6449,766,0
SPY190712P300,2019-07-11,2019-07-11 09:38:18,1.1,0.6508,188,1.08,0.639,10,1.09,0.6449,100,1.09,0.6449,766,0
SPY190712P300,2019-07-11,2019-07-11 09:38:19,1.09,0.6449,214,1.06,0.6272,70,1.09,0.6449,100,1.075,0.636,766,0
SPY190712P300,2019-07-11,2019-07-11 09:38:20,1.09,0.6449,92,1.06,0.6272,143,1.09,0.6449,100,1.075,0.636,766,0
SPY190712P300,2019-07-11,2019-07-11 09:38:20,1.09,0.6449,171,1.06,0.6272,114,1.09,0.6449,100,1.075,0.636,766,0
SPY190712P300,2019-07-11,2019-07-11 09:38:22,1.09,0.6449,58,1.07,0.6331,48,1.09,0.6449,100,1.08,0.639,766,0
SPY190712P300,2019-07-11,2019-07-11 09:38:22,1.09,0.6449,58,1.07,0.6331,20,1.09,0.6449,100,1.08,0.639,766,0
SPY190712P300,2019-07-11,2019-07-11 09:38:23,1.09,0.6449,56,1.08,0.639,7,1.09,0.6449,100,1.085,0.642,766,0
SPY190712P300,2019-07-11,2019-07-11 09:38:23,1.09,0.6449,56,1.07,0.6331,86,1.09,0.6449,100,1.08,0.639,766,0
SPY190712P300,2019-07-11,2019-07-11 09:38:24,1.09,0.6449,30,1.08,0.639,7,1.09,0.6449,100,1.085,0.642,766,0
SPY190712P300,2019-07-11,2019-07-11 09:38:25,1.09,0.6449,1,1.08,0.639,7,1.09,0.6449,100,1.085,0.642,766,0
SPY190712P300,2019-07-11,2019-07-11 09:38:26,1.11,0.6568,197,1.09,0.6449,7,1.09,0.6449,100,1.1,0.6508,766,0
SPY190712P300,2019-07-11,2019-07-11 09:38:26,1.11,0.6568,114,1.09,0.6449,7,1.09,0.6449,100,1.1,0.6508,766,0
SPY190712P300,2019-07-11,2019-07-11 09:38:27,1.11,0.6568,109,1.09,0.6449,9,1.09,0.6449,100,1.1,0.6508,766,0
SPY190712P300,2019-07-11,2019-07-11 09:38:28,1.11,0.6568,114,1.09,0.6449,69,1.09,0.6449,100,1.1,0.6508,766,0
SPY190712P300,2019-07-11,2019-07-11 09:38:28,1.11,0.6568,73,1.09,0.6449,27,1.09,0.6449,100,1.1,0.6508,766,0
SPY190712P300,2019-07-11,2019-07-11 09:38:29,1.11,0.6568,86,1.09,0.6449,27,1.09,0.6449,100,1.1,0.6508,766,0
SPY190712P300,2019-07-11,2019-07-11 09:38:29,1.11,0.6568,92,1.09,0.6449,27,1.09,0.6449,100,1.1,0.6508,766,0
SPY190712P300,2019-07-11,2019-07-11 09:38:30,1.11,0.6568,92,1.09,0.6449,27,1.09,0.6449,100,1.1,0.6508,766,0
SPY190712P300,2019-07-11,2019-07-11 09:38:31,1.1,0.6508,50,1.09,0.6449,7,1.09,0.6449,100,1.095,0.6479,766,0
SPY190712P300,2019-07-11,2019-07-11 09:38:31,1.1,0.6508,1,1.09,0.6449,7,1.09,0.6449,100,1.095,0.6479,766,0
SPY190712P300,2019-07-11,2019-07-11 09:38:32,1.11,0.6568,65,1.08,0.639,214,1.09,0.6449,100,1.095,0.6479,766,0
SPY190712P300,2019-07-11,2019-07-11 09:38:32,1.11,0.6568,76,1.09,0.6449,18,1.09,0.6449,20,1.1,0.6508,786,20
SPY190712P300,2019-07-11,2019-07-11 09:38:33,1.1,0.6508,1,1.09,0.6449,16,1.1,0.6508,10,1.095,0.6479,796,10
SPY190712P300,2019-07-11,2019-07-11 09:38:33,1.11,0.6568,40,1.1,0.6508,7,1.09,0.6449,20,1.105,0.6538,786,0
SPY190712P300,2019-07-11,2019-07-11 09:38:34,1.11,0.6568,102,1.09,0.6449,17,1.1,0.6508,10,1.1,0.6508,796,0
SPY190712P300,2019-07-11,2019-07-11 09:38:35,1.11,0.6568,263,1.09,0.6449,7,1.1,0.6508,10,1.1,0.6508,796,0
SPY190712P300,2019-07-11,2019-07-11 09:38:35,1.11,0.6568,140,1.09,0.6449,17,1.1,0.6508,10,1.1,0.6508,796,0
SPY190712P300,2019-07-11,2019-07-11 09:38:36,1.11,0.6568,218,1.09,0.6449,7,1.1,0.6508,10,1.1,0.6508,796,0
SPY190712P300,2019-07-11,2019-07-11 09:38:37,1.11,0.6568,253,1.09,0.6449,8,1.1,0.6508,10,1.1,0.6508,796,0
SPY190712P300,2019-07-11,2019-07-11 09:38:37,1.11,0.6568,178,1.09,0.6449,16,1.1,0.6508,10,1.1,0.6508,796,0
SPY190712P300,2019-07-11,2019-07-11 09:38:38,1.11,0.6568,234,1.1,0.6508,1,1.1,0.6508,10,1.105,0.6538,796,0
SPY190712P300,2019-07-11,2019-07-11 09:38:39,1.11,0.6568,30,1.09,0.6449,65,1.1,0.6508,10,1.1,0.6508,796,0
SPY190712P300,2019-07-11,2019-07-11 09:38:39,1.11,0.6568,30,1.1,0.6508,7,1.1,0.6508,10,1.105,0.6538,796,0
SPY190712P300,2019-07-11,2019-07-11 09:38:40,1.11,0.6568,68,1.09,0.6449,32,1.1,0.6508,10,1.1,0.6508,796,0
SPY190712P300,2019-07-11,2019-07-11 09:38:40,1.11,0.6568,127,1.09,0.6449,7,1.1,0.6508,10,1.1,0.6508,796,0
SPY190712P300,2019-07-11,2019-07-11 09:38:41,1.11,0.6568,127,1.09,0.6449,10,1.1,0.6508,10,1.1,0.6508,796,0
SPY190712P300,2019-07-11,2019-07-11 09:38:42,1.11,0.6568,83,1.09,0.6449,8,1.1,0.6508,10,1.1,0.6508,796,0
SPY190712P300,2019-07-11,2019-07-11 09:38:42,1.11,0.6568,83,1.09,0.6449,20,1.1,0.6508,10,1.1,0.6508,796,0
SPY190712P300,2019-07-11,2019-07-11 09:38:43,1.11,0.6568,83,1.09,0.6449,48,1.1,0.6508,10,1.1,0.6508,796,0
SPY190712P300,2019-07-11,2019-07-11 09:38:44,1.11,0.6568,127,1.09,0.6449,7,1.1,0.6508,10,1.1,0.6508,796,0
SPY190712P300,2019-07-11,2019-07-11 09:38:45,1.11,0.6568,127,1.09,0.6449,7,1.09,0.6449,1,1.1,0.6508,797,1
SPY190712P300,2019-07-11,2019-07-11 09:38:45,1.11,0.6568,127,1.09,0.6449,1,1.09,0.6449,1,1.1,0.6508,797,0
SPY190712P300,2019-07-11,2019-07-11 09:38:46,1.11,0.6568,136,1.09,0.6449,7,1.09,0.6449,1,1.1,0.6508,797,0
SPY190712P300,2019-07-11,2019-07-11 09:38:47,1.11,0.6568,136,1.09,0.6449,7,1.09,0.6449,1,1.1,0.6508,797,0
SPY190712P300,2019-07-11,2019-07-11 09:38:47,1.11,0.6568,136,1.09,0.6449,11,1.09,0.6449,1,1.1,0.6508,797,0
SPY190712P300,2019-07-11,2019-07-11 09:38:48,1.11,0.6568,136,1.09,0.6449,1,1.09,0.6449,1,1.1,0.6508,797,0
SPY190712P300,2019-07-11,2019-07-11 09:38:48,1.1,0.6508,184,1.07,0.6331,79,1.09,0.6449,1,1.085,0.642,797,0
SPY190712P300,2019-07-11,2019-07-11 09:38:49,1.1,0.6508,214,1.07,0.6331,74,1.09,0.6449,1,1.085,0.642,797,0
SPY190712P300,2019-07-11,2019-07-11 09:38:50,1.11,0.6568,37,1.08,0.639,7,1.09,0.6449,1,1.095,0.6479,797,0
SPY190712P300,2019-07-11,2019-07-11 09:38:50,1.09,0.6449,54,1.08,0.639,1,1.09,0.6449,1,1.085,0.642,797,0
SPY190712P300,2019-07-11,2019-07-11 09:38:51,1.11,0.6568,114,1.09,0.6449,7,1.09,0.6449,1,1.1,0.6508,797,0
SPY190712P300,2019-07-11,2019-07-11 09:38:51,1.11,0.6568,224,1.09,0.6449,7,1.09,0.6449,1,1.1,0.6508,797,0
SPY190712P300,2019-07-11,2019-07-11 09:38:52,1.11,0.6568,224,1.09,0.6449,7,1.09,0.6449,1,1.1,0.6508,797,0
SPY190712P300,2019-07-11,2019-07-11 09:38:52,1.11,0.6568,262,1.09,0.6449,17,1.09,0.6449,1,1.1,0.6508,797,0
SPY190712P300,2019-07-11,2019-07-11 09:38:53,1.11,0.6568,219,1.1,0.6508,1,1.09,0.6449,1,1.105,0.6538,797,0
SPY190712P300,2019-07-11,2019-07-11 09:38:54,1.11,0.6568,209,1.09,0.6449,89,1.1,0.6508,1,1.1,0.6508,798,0
SPY190712P300,2019-07-11,2019-07-11 09:38:54,1.1,0.6508,1,1.09,0.6449,41,1.1,0.6508,1,1.095,0.6479,798,1
SPY190712P300,2019-07-11,2019-07-11 09:38:55,1.11,0.6568,5,1.1,0.6508,84,1.1,0.6508,1,1.105,0.6538,798,0
SPY190712P300,2019-07-11,2019-07-11 09:38:55,1.11,0.6568,269,1.09,0.6449,89,1.1,0.6508,1,1.1,0.6508,798,0
SPY190712P300,2019-07-11,2019-07-11 09:38:56,1.11,0.6568,5,1.1,0.6508,74,1.1,0.6508,1,1.105,0.6538,798,0
SPY190712P300,2019-07-11,2019-07-11 09:38:56,1.11,0.6568,30,1.1,0.6508,6,1.1,0.6508,1,1.105,0.6538,798,0
SPY190712P300,2019-07-11,2019-07-11 09:38:57,1.11,0.6568,5,1.09,0.6449,168,1.1,0.6508,1,1.1,0.6508,798,0
SPY190712P300,2019-07-11,2019-07-11 09:38:58,1.13,0.6686,214,1.11,0.6568,1,1.11,0.6568,5,1.12,0.6627,805,7
SPY190712P300,2019-07-11,2019-07-11 09:38:58,1.11,0.6568,5,1.1,0.6508,7,1.1,0.6508,1,1.105,0.6538,798,0
SPY190712P300,2019-07-11,2019-07-11 09:38:59,1.14,0.6745,119,1.11,0.6568,142,1.11,0.6568,5,1.125,0.6656,805,0
SPY190712P300,2019-07-11,2019-07-11 09:38:59,1.14,0.6745,119,1.11,0.6568,119,1.11,0.6568,5,1.125,0.6656,805,0
SPY190712P300,2019-07-11,2019-07-11 09:39:00,1.14,0.6745,57,1.12,0.6627,50,1.11,0.6568,5,1.13,0.6686,805,0
SPY190712P300,2019-07-11,2019-07-11 09:39:01,1.16,0.6863,207,1.13,0.6686,142,1.11,0.6568,5,1.145,0.6775,805,0
SPY190712P300,2019-07-11,2019-07-11 09:39:01,1.16,0.6863,212,1.13,0.6686,60,1.11,0.6568,5,1.145,0.6775,805,0
SPY190712P300,2019-07-11,2019-07-11 09:39:02,1.16,0.6863,207,1.13,0.6686,110,1.11,0.6568,5,1.145,0.6775,805,0
SPY190712P300,2019-07-11,2019-07-11 09:39:03,1.15,0.6804,30,1.13,0.6686,171,1.11,0.6568,5,1.14,0.6745,805,0
SPY190712P300,2019-07-11,2019-07-11 09:39:04,1.15,0.6804,174,1.12,0.6627,63,1.11,0.6568,5,1.135,0.6715,805,0
SPY190712P300,2019-07-11,2019-07-11 09:39:04,1.16,0.6863,119,1.13,0.6686,273,1.11,0.6568,5,1.145,0.6775,805,0
SPY190712P300,2019-07-11,2019-07-11 09:39:05,1.14,0.6745,85,1.12,0.6627,63,1.11,0.6568,5,1.13,0.6686,805,0
SPY190712P300,2019-07-11,2019-07-11 09:39:06,1.14,0.6745,71,1.1,0.6508,114,1.11,0.6568,5,1.12,0.6627,805,0
SPY190712P300,2019-07-11,2019-07-11 09:39:06,1.14,0.6745,71,1.1,0.6508,74,1.11,0.6568,5,1.12,0.6627,805,0
SPY190712P300,2019-07-11,2019-07-11 09:39:07,1.14,0.6745,107,1.12,0.6627,41,1.11,0.6568,5,1.13,0.6686,805,0
SPY190712P300,2019-07-11,2019-07-11 09:39:07,1.16,0.6863,212,1.13,0.6686,45,1.11,0.6568,5,1.145,0.6775,805,0
SPY190712P300,2019-07-11,2019-07-11 09:39:08,1.16,0.6863,212,1.14,0.6745,1,1.11,0.6568,5,1.15,0.6804,805,0
SPY190712P300,2019-07-11,2019-07-11 09:39:09,1.15,0.6804,100,1.13,0.6686,105,1.11,0.6568,5,1.14,0.6745,805,0
SPY190712P300,2019-07-11,2019-07-11 09:39:09,1.15,0.6804,130,1.12,0.6627,144,1.11,0.6568,5,1.135,0.6715,805,0
SPY190712P300,2019-07-11,2019-07-11 09:39:10,1.15,0.6804,245,1.13,0.6686,73,1.13,0.6686,25,1.14,0.6745,830,25
SPY190712P300,2019-07-11,2019-07-11 09:39:11,1.15,0.6804,40,1.13,0.6686,62,1.13,0.6686,25,1.14,0.6745,830,0
SPY190712P300,2019-07-11,2019-07-11 09:39:11,1.14,0.6745,71,1.12,0.6627,63,1.13,0.6686,25,1.13,0.6686,830,0
SPY190712P300,2019-07-11,2019-07-11 09:39:12,1.14,0.6745,55,1.11,0.6568,6,1.13,0.6686,25,1.125,0.6656,830,0
SPY190712P300,2019-07-11,2019-07-11 09:39:12,1.14,0.6745,12,1.13,0.6686,62,1.13,0.6686,25,1.135,0.6715,830,0
SPY190712P300,2019-07-11,2019-07-11 09:39:13,1.13,0.6686,68,1.11,0.6568,48,1.13,0.6686,25,1.12,0.6627,830,0
SPY190712P300,2019-07-11,2019-07-11 09:39:14,1.14,0.6745,117,1.11,0.6568,188,1.13,0.6686,25,1.125,0.6656,830,0
SPY190712P300,2019-07-11,2019-07-11 09:39:15,1.13,0.6686,50,1.11,0.6568,179,1.13,0.6686,25,1.12,0.6627,830,0
SPY190712P300,2019-07-11,2019-07-11 09:39:15,1.13,0.6686,30,1.11,0.6568,160,1.13,0.6686,25,1.12,0.6627,830,0
SPY190712P300,2019-07-11,2019-07-11 09:39:16,1.13,0.6686,36,1.11,0.6568,189,1.13,0.6686,25,1.12,0.6627,830,0
SPY190712P300,2019-07-11,2019-07-11 09:39:17,1.13,0.6686,130,1.1,0.6508,48,1.13,0.6686,25,1.115,0.6597,830,0
SPY190712P300,2019-07-11,2019-07-11 09:39:17,1.13,0.6686,57,1.11,0.6568,189,1.13,0.6686,25,1.12,0.6627,830,0
SPY190712P300,2019-07-11,2019-07-11 09:39:18,1.13,0.6686,165,1.11,0.6568,53,1.13,0.6686,25,1.12,0.6627,830,0
SPY190712P300,2019-07-11,2019-07-11 09:39:19,1.13,0.6686,165,1.11,0.6568,48,1.13,0.6686,25,1.12,0.6627,830,0
SPY190712P300,2019-07-11,2019-07-11 09:39:19,1.13,0.6686,204,1.11,0.6568,96,1.13,0.6686,25,1.12,0.6627,830,0
SPY190712P300,2019-07-11,2019-07-11 09:39:20,1.12,0.6627,30,1.11,0.6568,7,1.13,0.6686,25,1.115,0.6597,830,0
SPY190712P300,2019-07-11,2019-07-11 09:39:21,1.13,0.6686,73,1.11,0.6568,122,1.13,0.6686,25,1.12,0.6627,830,0
SPY190712P300,2019-07-11,2019-07-11 09:39:22,1.13,0.6686,106,1.11,0.6568,122,1.13,0.6686,25,1.12,0.6627,830,0
SPY190712P300,2019-07-11,2019-07-11 09:39:23,1.12,0.6627,40,1.11,0.6568,35,1.13,0.6686,25,1.115,0.6597,830,0
SPY190712P300,2019-07-11,2019-07-11 09:39:23,1.13,0.6686,57,1.11,0.6568,136,1.13,0.6686,25,1.12,0.6627,830,0
SPY190712P300,2019-07-11,2019-07-11 09:39:24,1.12,0.6627,40,1.1,0.6508,85,1.13,0.6686,25,1.11,0.6568,830,0
SPY190712P300,2019-07-11,2019-07-11 09:39:24,1.13,0.6686,174,1.11,0.6568,31,1.13,0.6686,25,1.12,0.6627,830,0
SPY190712P300,2019-07-11,2019-07-11 09:39:25,1.13,0.6686,57,1.11,0.6568,90,1.13,0.6686,25,1.12,0.6627,830,0
SPY190712P300,2019-07-11,2019-07-11 09:39:26,1.14,0.6745,212,1.12,0.6627,1,1.13,0.6686,25,1.13,0.6686,830,0
SPY190712P300,2019-07-11,2019-07-11 09:39:26,1.14,0.6745,56,1.12,0.6627,24,1.13,0.6686,25,1.13,0.6686,830,0
SPY190712P300,2019-07-11,2019-07-11 09:39:27,1.13,0.6686,188,1.11,0.6568,93,1.13,0.6686,25,1.12,0.6627,830,0
SPY190712P300,2019-07-11,2019-07-11 09:39:27,1.13,0.6686,57,1.11,0.6568,93,1.13,0.6686,25,1.12,0.6627,830,0
SPY190712P300,2019-07-11,2019-07-11 09:39:28,1.13,0.6686,140,1.11,0.6568,87,1.13,0.6686,25,1.12,0.6627,830,0
SPY190712P300,2019-07-11,2019-07-11 09:39:29,1.13,0.6686,37,1.11,0.6568,104,1.13,0.6686,25,1.12,0.6627,830,0
SPY190712P300,2019-07-11,2019-07-11 09:39:29,1.13,0.6686,100,1.12,0.6627,18,1.13,0.6686,25,1.125,0.6656,830,0
SPY190712P300,2019-07-11,2019-07-11 09:39:30,1.13,0.6686,57,1.11,0.6568,72,1.13,0.6686,25,1.12,0.6627,830,0
SPY190712P300,2019-07-11,2019-07-11 09:39:31,1.13,0.6686,14,1.11,0.6568,49,1.13,0.6686,25,1.12,0.6627,830,0
SPY190712P300,2019-07-11,2019-07-11 09:39:31,1.13,0.6686,57,1.11,0.6568,97,1.13,0.6686,25,1.12,0.6627,830,0
SPY190712P300,2019-07-11,2019-07-11 09:39:32,1.14,0.6745,40,1.12,0.6627,24,1.13,0.6686,25,1.13,0.6686,830,0
SPY190712P300,2019-07-11,2019-07-11 09:39:33,1.14,0.6745,40,1.11,0.6568,74,1.13,0.6686,25,1.125,0.6656,830,0
SPY190712P300,2019-07-11,2019-07-11 09:39:34,1.13,0.6686,6,1.11,0.6568,74,1.13,0.6686,25,1.12,0.6627,830,0
SPY190712P300,2019-07-11,2019-07-11 09:39:34,1.14,0.6745,278,1.11,0.6568,94,1.13,0.6686,25,1.125,0.6656,830,0
SPY190712P300,2019-07-11,2019-07-11 09:39:35,1.14,0.6745,212,1.11,0.6568,93,1.13,0.6686,25,1.125,0.6656,830,0
SPY190712P300,2019-07-11,2019-07-11 09:39:36,1.14,0.6745,222,1.11,0.6568,128,1.13,0.6686,25,1.125,0.6656,830,0
SPY190712P300,2019-07-11,2019-07-11 09:39:36,1.14,0.6745,212,1.11,0.6568,123,1.13,0.6686,25,1.125,0.6656,830,0
SPY190712P300,2019-07-11,2019-07-11 09:39:37,1.13,0.6686,12,1.11,0.6568,124,1.13,0.6686,25,1.12,0.6627,830,0
SPY190712P300,2019-07-11,2019-07-11 09:39:38,1.13,0.6686,107,1.11,0.6568,57,1.13,0.6686,25,1.12,0.6627,830,0
SPY190712P300,2019-07-11,2019-07-11 09:39:39,1.13,0.6686,107,1.11,0.6568,54,1.13,0.6686,25,1.12,0.6627,830,0
SPY190712P300,2019-07-11,2019-07-11 09:39:39,1.13,0.6686,100,1.11,0.6568,30,1.13,0.6686,25,1.12,0.6627,830,0
SPY190712P300,2019-07-11,2019-07-11 09:39:40,1.13,0.6686,10,1.11,0.6568,24,1.11,0.6568,1,1.12,0.6627,831,1
SPY190712P300,2019-07-11,2019-07-11 09:39:40,1.13,0.6686,10,1.1,0.6508,24,1.11,0.6568,1,1.115,0.6597,831,0
SPY190712P300,2019-07-11,2019-07-11 09:39:41,1.11,0.6568,20,1.1,0.6508,24,1.11,0.6568,1,1.105,0.6538,831,0
SPY190712P300,2019-07-11,2019-07-11 09:39:41,1.11,0.6568,7,1.1,0.6508,1,1.11,0.6568,1,1.105,0.6538,831,0
SPY190712P300,2019-07-11,2019-07-11 09:39:42,1.11,0.6568,130,1.09,0.6449,55,1.11,0.6568,1,1.1,0.6508,831,0
SPY190712P300,2019-07-11,2019-07-11 09:39:43,1.11,0.6568,130,1.09,0.6449,55,1.11,0.6568,1,1.1,0.6508,831,0
SPY190712P300,2019-07-11,2019-07-11 09:39:44,1.11,0.6568,20,1.09,0.6449,73,1.11,0.6568,1,1.1,0.6508,831,0
SPY190712P300,2019-07-11,2019-07-11 09:39:44,1.1,0.6508,43,1.09,0.6449,84,1.11,0.6568,1,1.095,0.6479,831,0
SPY190712P300,2019-07-11,2019-07-11 09:39:45,1.11,0.6568,30,1.09,0.6449,108,1.11,0.6568,1,1.1,0.6508,831,0
SPY190712P300,2019-07-11,2019-07-11 09:39:45,1.11,0.6568,20,1.09,0.6449,106,1.11,0.6568,1,1.1,0.6508,831,0
SPY190712P300,2019-07-11,2019-07-11 09:39:46,1.11,0.6568,112,1.09,0.6449,38,1.11,0.6568,1,1.1,0.6508,831,0
SPY190712P300,2019-07-11,2019-07-11 09:39:47,1.11,0.6568,87,1.09,0.6449,44,1.11,0.6568,1,1.1,0.6508,831,0
SPY190712P300,2019-07-11,2019-07-11 09:39:47,1.11,0.6568,107,1.09,0.6449,32,1.11,0.6568,1,1.1,0.6508,831,0
SPY190712P300,2019-07-11,2019-07-11 09:39:48,1.11,0.6568,40,1.09,0.6449,58,1.11,0.6568,1,1.1,0.6508,831,0
SPY190712P300,2019-07-11,2019-07-11 09:39:49,1.11,0.6568,40,1.09,0.6449,76,1.11,0.6568,1,1.1,0.6508,831,0
SPY190712P300,2019-07-11,2019-07-11 09:39:50,1.11,0.6568,57,1.09,0.6449,55,1.11,0.6568,1,1.1,0.6508,831,0
SPY190712P300,2019-07-11,2019-07-11 09:39:50,1.11,0.6568,57,1.09,0.6449,51,1.11,0.6568,1,1.1,0.6508,831,0
SPY190712P300,2019-07-11,2019-07-11 09:39:51,1.11,0.6568,98,1.09,0.6449,51,1.11,0.6568,1,1.1,0.6508,831,0
SPY190712P300,2019-07-11,2019-07-11 09:39:51,1.1,0.6508,7,1.09,0.6449,1,1.1,0.6508,2,1.095,0.6479,833,2
SPY190712P300,2019-07-11,2019-07-11 09:39:52,1.1,0.6508,75,1.08,0.639,90,1.1,0.6508,2,1.09,0.6449,833,0
SPY190712P300,2019-07-11,2019-07-11 09:39:52,1.1,0.6508,39,1.08,0.639,1,1.1,0.6508,2,1.09,0.6449,833,0
SPY190712P300,2019-07-11,2019-07-11 09:39:53,1.1,0.6508,40,1.08,0.639,156,1.1,0.6508,2,1.09,0.6449,833,0
SPY190712P300,2019-07-11,2019-07-11 09:39:53,1.1,0.6508,75,1.08,0.639,156,1.1,0.6508,2,1.09,0.6449,833,0
SPY190712P300,2019-07-11,2019-07-11 09:39:54,1.1,0.6508,173,1.08,0.639,45,1.1,0.6508,2,1.09,0.6449,833,0
SPY190712P300,2019-07-11,2019-07-11 09:39:55,1.1,0.6508,173,1.08,0.639,24,1.1,0.6508,2,1.09,0.6449,833,0
SPY190712P300,2019-07-11,2019-07-11 09:39:55,1.1,0.6508,92,1.08,0.639,67,1.1,0.6508,2,1.09,0.6449,833,0
SPY190712P300,2019-07-11,2019-07-11 09:39:56,1.1,0.6508,86,1.08,0.639,36,1.1,0.6508,2,1.09,0.6449,833,0
SPY190712P300,2019-07-11,2019-07-11 09:39:56,1.1,0.6508,86,1.08,0.639,30,1.1,0.6508,2,1.09,0.6449,833,0
