symbol,Date,quote_time,ask_price,norm_ask_price,ask_size,bid_price,norm_bid_price,bid_size,last_trade_price,norm_last_trade_price,last_trade_size,mark_price,norm_mark_price,volume,Volume
SPY190802C302,2019-08-01,2019-08-01 09:30:29,0.08,1.0,2903,0.07,0.875,3231,0.07,0.875,1,0.075,0.9375,67,67
SPY190802C302,2019-08-01,2019-08-01 09:30:31,0.08,1.0,3403,0.07,0.875,3731,0.07,0.875,1,0.075,0.9375,67,0
SPY190802C302,2019-08-01,2019-08-01 09:30:32,0.08,1.0,4692,0.07,0.875,3871,0.07,0.875,1,0.075,0.9375,67,0
SPY190802C302,2019-08-01,2019-08-01 09:30:33,0.08,1.0,4692,0.07,0.875,3871,0.07,0.875,1,0.075,0.9375,67,0
SPY190802C302,2019-08-01,2019-08-01 09:30:33,0.08,1.0,4637,0.07,0.875,3749,0.07,0.875,1,0.075,0.9375,67,0
SPY190802C302,2019-08-01,2019-08-01 09:30:34,0.08,1.0,4836,0.07,0.875,3749,0.07,0.875,1,0.075,0.9375,67,0
SPY190802C302,2019-08-01,2019-08-01 09:30:35,0.08,1.0,4911,0.07,0.875,3834,0.07,0.875,1,0.075,0.9375,67,0
SPY190802C302,2019-08-01,2019-08-01 09:30:36,0.08,1.0,6371,0.07,0.875,3834,0.07,0.875,1,0.075,0.9375,67,0
SPY190802C302,2019-08-01,2019-08-01 09:30:36,0.08,1.0,4692,0.07,0.875,3467,0.07,0.875,1,0.075,0.9375,67,0
SPY190802C302,2019-08-01,2019-08-01 09:30:37,0.08,1.0,4692,0.07,0.875,3467,0.07,0.875,1,0.075,0.9375,67,0
SPY190802C302,2019-08-01,2019-08-01 09:30:38,0.08,1.0,3403,0.07,0.875,2674,0.07,0.875,1,0.075,0.9375,67,0
SPY190802C302,2019-08-01,2019-08-01 09:30:38,0.08,1.0,4692,0.07,0.875,2797,0.07,0.875,1,0.075,0.9375,67,0
SPY190802C302,2019-08-01,2019-08-01 09:30:39,0.08,1.0,3113,0.07,0.875,2174,0.07,0.875,1,0.075,0.9375,67,0
SPY190802C302,2019-08-01,2019-08-01 09:30:39,0.08,1.0,3113,0.07,0.875,2174,0.07,0.875,10,0.075,0.9375,77,10
SPY190802C302,2019-08-01,2019-08-01 09:30:40,0.08,1.0,3591,0.07,0.875,2674,0.07,0.875,10,0.075,0.9375,77,0
SPY190802C302,2019-08-01,2019-08-01 09:30:41,0.08,1.0,3591,0.07,0.875,2674,0.07,0.875,10,0.075,0.9375,77,0
SPY190802C302,2019-08-01,2019-08-01 09:30:42,0.08,1.0,4363,0.07,0.875,3241,0.07,0.875,10,0.075,0.9375,77,0
SPY190802C302,2019-08-01,2019-08-01 09:30:43,0.08,1.0,4863,0.07,0.875,3741,0.07,0.875,10,0.075,0.9375,77,0
SPY190802C302,2019-08-01,2019-08-01 09:30:43,0.08,1.0,4154,0.07,0.875,2491,0.07,0.875,10,0.075,0.9375,77,0
SPY190802C302,2019-08-01,2019-08-01 09:30:44,0.08,1.0,4654,0.07,0.875,2748,0.07,0.875,10,0.075,0.9375,77,0
SPY190802C302,2019-08-01,2019-08-01 09:30:45,0.08,1.0,4947,0.07,0.875,3828,0.07,0.875,10,0.075,0.9375,77,0
SPY190802C302,2019-08-01,2019-08-01 09:30:45,0.08,1.0,4874,0.07,0.875,3539,0.07,0.875,10,0.075,0.9375,77,0
SPY190802C302,2019-08-01,2019-08-01 09:30:46,0.08,1.0,3007,0.07,0.875,3021,0.08,1.0,4,0.075,0.9375,81,4
SPY190802C302,2019-08-01,2019-08-01 09:30:46,0.08,1.0,3007,0.07,0.875,2865,0.07,0.875,10,0.075,0.9375,77,0
SPY190802C302,2019-08-01,2019-08-01 09:30:47,0.08,1.0,3433,0.07,0.875,3021,0.08,1.0,4,0.075,0.9375,81,0
SPY190802C302,2019-08-01,2019-08-01 09:30:48,0.08,1.0,2940,0.07,0.875,2074,0.08,1.0,4,0.075,0.9375,81,0
SPY190802C302,2019-08-01,2019-08-01 09:30:48,0.08,1.0,1825,0.07,0.875,1096,0.08,1.0,4,0.075,0.9375,81,0
SPY190802C302,2019-08-01,2019-08-01 09:30:49,0.08,1.0,3490,0.07,0.875,3761,0.08,1.0,4,0.075,0.9375,81,0
SPY190802C302,2019-08-01,2019-08-01 09:30:49,0.08,1.0,1898,0.07,0.875,3761,0.08,1.0,4,0.075,0.9375,81,0
SPY190802C302,2019-08-01,2019-08-01 09:30:50,0.08,1.0,4947,0.07,0.875,3586,0.08,1.0,4,0.075,0.9375,81,0
SPY190802C302,2019-08-01,2019-08-01 09:30:50,0.08,1.0,2513,0.07,0.875,2369,0.08,1.0,4,0.075,0.9375,81,0
SPY190802C302,2019-08-01,2019-08-01 09:30:51,0.08,1.0,4947,0.07,0.875,4171,0.08,1.0,4,0.075,0.9375,81,0
SPY190802C302,2019-08-01,2019-08-01 09:30:52,0.08,1.0,4829,0.07,0.875,4416,0.08,1.0,4,0.075,0.9375,81,0
SPY190802C302,2019-08-01,2019-08-01 09:30:52,0.08,1.0,4829,0.07,0.875,4416,0.07,0.875,10,0.075,0.9375,91,10
SPY190802C302,2019-08-01,2019-08-01 09:30:53,0.08,1.0,2997,0.07,0.875,5011,0.07,0.875,10,0.075,0.9375,91,0
SPY190802C302,2019-08-01,2019-08-01 09:30:54,0.08,1.0,2178,0.07,0.875,3782,0.07,0.875,10,0.075,0.9375,91,0
SPY190802C302,2019-08-01,2019-08-01 09:30:54,0.08,1.0,3424,0.07,0.875,3756,0.07,0.875,10,0.075,0.9375,91,0
SPY190802C302,2019-08-01,2019-08-01 09:30:55,0.08,1.0,790,0.07,0.875,4004,0.07,0.875,10,0.075,0.9375,91,0
SPY190802C302,2019-08-01,2019-08-01 09:30:55,0.08,1.0,3424,0.07,0.875,4004,0.07,0.875,10,0.075,0.9375,91,0
SPY190802C302,2019-08-01,2019-08-01 09:30:56,0.08,1.0,1177,0.07,0.875,3392,0.07,0.875,10,0.075,0.9375,91,0
SPY190802C302,2019-08-01,2019-08-01 09:30:57,0.08,1.0,1380,0.07,0.875,4513,0.07,0.875,10,0.075,0.9375,91,0
SPY190802C302,2019-08-01,2019-08-01 09:30:57,0.08,1.0,1726,0.07,0.875,4933,0.07,0.875,10,0.075,0.9375,91,0
SPY190802C302,2019-08-01,2019-08-01 09:30:58,0.08,1.0,1726,0.07,0.875,4933,0.07,0.875,10,0.075,0.9375,91,0
SPY190802C302,2019-08-01,2019-08-01 09:30:58,0.08,1.0,817,0.07,0.875,4153,0.07,0.875,10,0.075,0.9375,91,0
SPY190802C302,2019-08-01,2019-08-01 09:30:59,0.08,1.0,1410,0.07,0.875,3953,0.07,0.875,10,0.075,0.9375,91,0
SPY190802C302,2019-08-01,2019-08-01 09:31:00,0.08,1.0,817,0.07,0.875,3863,0.07,0.875,10,0.075,0.9375,91,0
SPY190802C302,2019-08-01,2019-08-01 09:31:00,0.08,1.0,930,0.07,0.875,3362,0.07,0.875,10,0.075,0.9375,91,0
SPY190802C302,2019-08-01,2019-08-01 09:31:01,0.08,1.0,817,0.07,0.875,4567,0.07,0.875,1,0.075,0.9375,92,1
SPY190802C302,2019-08-01,2019-08-01 09:31:01,0.08,1.0,817,0.07,0.875,4567,0.07,0.875,1,0.075,0.9375,92,0
SPY190802C302,2019-08-01,2019-08-01 09:31:02,0.08,1.0,817,0.07,0.875,4567,0.07,0.875,1,0.075,0.9375,92,0
SPY190802C302,2019-08-01,2019-08-01 09:31:03,0.08,1.0,714,0.07,0.875,4450,0.07,0.875,1,0.075,0.9375,92,0
SPY190802C302,2019-08-01,2019-08-01 09:31:03,0.08,1.0,714,0.07,0.875,4567,0.07,0.875,1,0.075,0.9375,92,0
SPY190802C302,2019-08-01,2019-08-01 09:31:04,0.08,1.0,714,0.07,0.875,4567,0.07,0.875,1,0.075,0.9375,92,0
SPY190802C302,2019-08-01,2019-08-01 09:31:05,0.08,1.0,204,0.07,0.875,2291,0.07,0.875,1,0.075,0.9375,92,0
SPY190802C302,2019-08-01,2019-08-01 09:31:05,0.08,1.0,199,0.07,0.875,3092,0.07,0.875,1,0.075,0.9375,92,0
SPY190802C302,2019-08-01,2019-08-01 09:31:06,0.08,1.0,10,0.07,0.875,4530,0.07,0.875,1,0.075,0.9375,92,0
SPY190802C302,2019-08-01,2019-08-01 09:31:06,0.08,1.0,411,0.07,0.875,3897,0.07,0.875,1,0.075,0.9375,92,0
SPY190802C302,2019-08-01,2019-08-01 09:31:07,0.08,1.0,10,0.07,0.875,4530,0.07,0.875,1,0.075,0.9375,92,0
SPY190802C302,2019-08-01,2019-08-01 09:31:08,0.08,1.0,10,0.07,0.875,3897,0.07,0.875,1,0.075,0.9375,92,0
SPY190802C302,2019-08-01,2019-08-01 09:31:09,0.08,1.0,167,0.07,0.875,3897,0.07,0.875,1,0.075,0.9375,92,0
SPY190802C302,2019-08-01,2019-08-01 09:31:09,0.08,1.0,10,0.07,0.875,3897,0.07,0.875,1,0.075,0.9375,92,0
SPY190802C302,2019-08-01,2019-08-01 09:31:10,0.08,1.0,10,0.07,0.875,2690,0.07,0.875,1,0.075,0.9375,92,0
SPY190802C302,2019-08-01,2019-08-01 09:31:11,0.09,1.125,3860,0.08,1.0,11,0.08,1.0,1,0.085,1.0625,105,13
SPY190802C302,2019-08-01,2019-08-01 09:31:11,0.08,1.0,10,0.07,0.875,2080,0.07,0.875,1,0.075,0.9375,92,0
SPY190802C302,2019-08-01,2019-08-01 09:31:12,0.09,1.125,4978,0.08,1.0,11,0.08,1.0,1,0.085,1.0625,105,0
SPY190802C302,2019-08-01,2019-08-01 09:31:12,0.09,1.125,5114,0.08,1.0,30,0.08,1.0,5,0.085,1.0625,115,10
SPY190802C302,2019-08-01,2019-08-01 09:31:13,0.09,1.125,5114,0.08,1.0,305,0.08,1.0,5,0.085,1.0625,115,0
SPY190802C302,2019-08-01,2019-08-01 09:31:13,0.09,1.125,5114,0.08,1.0,308,0.08,1.0,5,0.085,1.0625,115,0
SPY190802C302,2019-08-01,2019-08-01 09:31:14,0.09,1.125,6594,0.08,1.0,308,0.08,1.0,5,0.085,1.0625,115,0
SPY190802C302,2019-08-01,2019-08-01 09:31:15,0.09,1.125,6665,0.08,1.0,308,0.08,1.0,5,0.085,1.0625,115,0
SPY190802C302,2019-08-01,2019-08-01 09:31:16,0.09,1.125,5054,0.08,1.0,530,0.08,1.0,5,0.085,1.0625,115,0
SPY190802C302,2019-08-01,2019-08-01 09:31:18,0.09,1.125,4435,0.08,1.0,611,0.08,1.0,5,0.085,1.0625,115,0
SPY190802C302,2019-08-01,2019-08-01 09:31:18,0.09,1.125,3996,0.08,1.0,611,0.08,1.0,5,0.085,1.0625,115,0
SPY190802C302,2019-08-01,2019-08-01 09:31:19,0.09,1.125,3481,0.08,1.0,530,0.08,1.0,5,0.085,1.0625,115,0
SPY190802C302,2019-08-01,2019-08-01 09:31:20,0.09,1.125,4876,0.08,1.0,530,0.08,1.0,5,0.085,1.0625,115,0
SPY190802C302,2019-08-01,2019-08-01 09:31:21,0.09,1.125,7673,0.08,1.0,530,0.09,1.125,5,0.085,1.0625,125,10
SPY190802C302,2019-08-01,2019-08-01 09:31:22,0.09,1.125,7673,0.08,1.0,530,0.09,1.125,5,0.085,1.0625,125,0
SPY190802C302,2019-08-01,2019-08-01 09:31:23,0.09,1.125,4750,0.08,1.0,479,0.09,1.125,5,0.085,1.0625,125,0
SPY190802C302,2019-08-01,2019-08-01 09:31:24,0.09,1.125,6074,0.08,1.0,722,0.09,1.125,5,0.085,1.0625,125,0
SPY190802C302,2019-08-01,2019-08-01 09:31:25,0.09,1.125,3949,0.08,1.0,724,0.09,1.125,5,0.085,1.0625,140,15
SPY190802C302,2019-08-01,2019-08-01 09:31:26,0.09,1.125,4732,0.08,1.0,690,0.09,1.125,5,0.085,1.0625,140,0
SPY190802C302,2019-08-01,2019-08-01 09:31:27,0.09,1.125,5970,0.08,1.0,690,0.09,1.125,5,0.085,1.0625,140,0
SPY190802C302,2019-08-01,2019-08-01 09:31:27,0.09,1.125,6158,0.08,1.0,690,0.09,1.125,5,0.085,1.0625,140,0
SPY190802C302,2019-08-01,2019-08-01 09:31:28,0.09,1.125,4701,0.08,1.0,690,0.09,1.125,5,0.085,1.0625,140,0
SPY190802C302,2019-08-01,2019-08-01 09:31:28,0.09,1.125,3221,0.08,1.0,690,0.09,1.125,5,0.085,1.0625,140,0
SPY190802C302,2019-08-01,2019-08-01 09:31:29,0.09,1.125,4253,0.08,1.0,530,0.09,1.125,5,0.085,1.0625,140,0
SPY190802C302,2019-08-01,2019-08-01 09:31:29,0.09,1.125,2908,0.08,1.0,530,0.09,1.125,5,0.085,1.0625,140,0
SPY190802C302,2019-08-01,2019-08-01 09:31:30,0.09,1.125,3829,0.08,1.0,606,0.09,1.125,5,0.085,1.0625,140,0
SPY190802C302,2019-08-01,2019-08-01 09:31:31,0.09,1.125,4052,0.08,1.0,530,0.09,1.125,5,0.085,1.0625,140,0
SPY190802C302,2019-08-01,2019-08-01 09:31:31,0.09,1.125,4552,0.08,1.0,530,0.09,1.125,5,0.085,1.0625,140,0
SPY190802C302,2019-08-01,2019-08-01 09:31:32,0.09,1.125,4552,0.08,1.0,300,0.09,1.125,5,0.085,1.0625,140,0
SPY190802C302,2019-08-01,2019-08-01 09:31:32,0.09,1.125,6002,0.08,1.0,63,0.09,1.125,1,0.085,1.0625,141,1
SPY190802C302,2019-08-01,2019-08-01 09:31:33,0.09,1.125,6002,0.08,1.0,30,0.09,1.125,1,0.085,1.0625,141,0
SPY190802C302,2019-08-01,2019-08-01 09:31:33,0.09,1.125,4237,0.08,1.0,30,0.09,1.125,1,0.085,1.0625,141,0
SPY190802C302,2019-08-01,2019-08-01 09:31:34,0.09,1.125,4237,0.08,1.0,30,0.09,1.125,1,0.085,1.0625,141,0
SPY190802C302,2019-08-01,2019-08-01 09:31:34,0.09,1.125,4737,0.08,1.0,30,0.09,1.125,1,0.085,1.0625,141,0
SPY190802C302,2019-08-01,2019-08-01 09:31:35,0.09,1.125,4237,0.08,1.0,63,0.09,1.125,1,0.085,1.0625,141,0
SPY190802C302,2019-08-01,2019-08-01 09:31:35,0.09,1.125,3954,0.08,1.0,63,0.09,1.125,1,0.085,1.0625,141,0
SPY190802C302,2019-08-01,2019-08-01 09:31:36,0.09,1.125,3754,0.08,1.0,94,0.09,1.125,1,0.085,1.0625,141,0
SPY190802C302,2019-08-01,2019-08-01 09:31:37,0.09,1.125,3427,0.08,1.0,100,0.09,1.125,1,0.085,1.0625,141,0
SPY190802C302,2019-08-01,2019-08-01 09:31:37,0.09,1.125,3427,0.08,1.0,100,0.08,1.0,4,0.085,1.0625,145,4
SPY190802C302,2019-08-01,2019-08-01 09:31:38,0.09,1.125,3427,0.08,1.0,100,0.08,1.0,4,0.085,1.0625,145,0
SPY190802C302,2019-08-01,2019-08-01 09:31:38,0.09,1.125,2625,0.08,1.0,100,0.08,1.0,3,0.085,1.0625,148,3
SPY190802C302,2019-08-01,2019-08-01 09:31:39,0.09,1.125,4684,0.08,1.0,171,0.08,1.0,3,0.085,1.0625,148,0
SPY190802C302,2019-08-01,2019-08-01 09:31:39,0.09,1.125,4184,0.08,1.0,63,0.08,1.0,3,0.085,1.0625,148,0
SPY190802C302,2019-08-01,2019-08-01 09:31:40,0.09,1.125,4684,0.08,1.0,171,0.08,1.0,3,0.085,1.0625,148,0
SPY190802C302,2019-08-01,2019-08-01 09:31:40,0.09,1.125,4684,0.08,1.0,171,0.09,1.125,10,0.085,1.0625,179,31
SPY190802C302,2019-08-01,2019-08-01 09:31:41,0.09,1.125,4684,0.08,1.0,171,0.09,1.125,10,0.085,1.0625,179,0
SPY190802C302,2019-08-01,2019-08-01 09:31:42,0.09,1.125,1875,0.08,1.0,200,0.09,1.125,10,0.085,1.0625,179,0
SPY190802C302,2019-08-01,2019-08-01 09:31:42,0.09,1.125,4684,0.08,1.0,371,0.09,1.125,10,0.085,1.0625,179,0
SPY190802C302,2019-08-01,2019-08-01 09:31:43,0.09,1.125,4835,0.08,1.0,477,0.09,1.125,10,0.085,1.0625,179,0
SPY190802C302,2019-08-01,2019-08-01 09:31:44,0.09,1.125,3693,0.08,1.0,993,0.09,1.125,10,0.085,1.0625,179,0
SPY190802C302,2019-08-01,2019-08-01 09:31:44,0.09,1.125,3684,0.08,1.0,477,0.09,1.125,10,0.085,1.0625,179,0
SPY190802C302,2019-08-01,2019-08-01 09:31:45,0.09,1.125,2125,0.08,1.0,223,0.09,1.125,10,0.085,1.0625,179,0
SPY190802C302,2019-08-01,2019-08-01 09:31:46,0.09,1.125,4712,0.08,1.0,223,0.09,1.125,10,0.085,1.0625,179,0
SPY190802C302,2019-08-01,2019-08-01 09:31:46,0.09,1.125,2642,0.08,1.0,6,0.09,1.125,10,0.085,1.0625,179,0
SPY190802C302,2019-08-01,2019-08-01 09:31:47,0.09,1.125,4754,0.08,1.0,63,0.09,1.125,10,0.085,1.0625,179,0
SPY190802C302,2019-08-01,2019-08-01 09:31:47,0.09,1.125,4690,0.08,1.0,6,0.09,1.125,10,0.085,1.0625,179,0
SPY190802C302,2019-08-01,2019-08-01 09:31:48,0.09,1.125,2885,0.08,1.0,62,0.08,1.0,1,0.085,1.0625,180,1
SPY190802C302,2019-08-01,2019-08-01 09:31:49,0.09,1.125,3385,0.08,1.0,200,0.08,1.0,1,0.085,1.0625,180,0
SPY190802C302,2019-08-01,2019-08-01 09:31:49,0.09,1.125,4505,0.08,1.0,505,0.09,1.125,20,0.085,1.0625,200,20
SPY190802C302,2019-08-01,2019-08-01 09:31:50,0.09,1.125,4505,0.08,1.0,505,0.09,1.125,20,0.085,1.0625,200,0
SPY190802C302,2019-08-01,2019-08-01 09:31:50,0.09,1.125,4505,0.08,1.0,318,0.09,1.125,20,0.085,1.0625,200,0
SPY190802C302,2019-08-01,2019-08-01 09:31:51,0.09,1.125,4505,0.08,1.0,360,0.09,1.125,20,0.085,1.0625,200,0
SPY190802C302,2019-08-01,2019-08-01 09:31:52,0.09,1.125,4499,0.08,1.0,63,0.09,1.125,1,0.085,1.0625,201,0
SPY190802C302,2019-08-01,2019-08-01 09:31:52,0.09,1.125,4505,0.08,1.0,229,0.09,1.125,1,0.085,1.0625,201,1
SPY190802C302,2019-08-01,2019-08-01 09:31:53,0.09,1.125,3571,0.08,1.0,6,0.09,1.125,1,0.085,1.0625,201,0
SPY190802C302,2019-08-01,2019-08-01 09:31:53,0.09,1.125,4499,0.08,1.0,6,0.09,1.125,1,0.085,1.0625,201,0
SPY190802C302,2019-08-01,2019-08-01 09:31:54,0.09,1.125,4405,0.08,1.0,6,0.09,1.125,1,0.085,1.0625,201,0
SPY190802C302,2019-08-01,2019-08-01 09:31:54,0.09,1.125,4182,0.08,1.0,6,0.09,1.125,13,0.085,1.0625,214,13
SPY190802C302,2019-08-01,2019-08-01 09:31:55,0.09,1.125,4682,0.08,1.0,6,0.09,1.125,13,0.085,1.0625,214,0
SPY190802C302,2019-08-01,2019-08-01 09:31:56,0.09,1.125,3473,0.08,1.0,6,0.07,0.875,2,0.085,1.0625,216,2
SPY190802C302,2019-08-01,2019-08-01 09:31:56,0.09,1.125,4682,0.08,1.0,6,0.09,1.125,13,0.085,1.0625,214,0
SPY190802C302,2019-08-01,2019-08-01 09:31:57,0.08,1.0,2413,0.07,0.875,1076,0.07,0.875,20,0.075,0.9375,242,0
SPY190802C302,2019-08-01,2019-08-01 09:31:57,0.08,1.0,419,0.08,1.0,6,0.07,0.875,20,0.08,1.0,242,26
SPY190802C302,2019-08-01,2019-08-01 09:31:58,0.08,1.0,1969,0.07,0.875,940,0.07,0.875,20,0.075,0.9375,242,0
SPY190802C302,2019-08-01,2019-08-01 09:31:58,0.08,1.0,2766,0.07,0.875,707,0.07,0.875,20,0.075,0.9375,242,0
SPY190802C302,2019-08-01,2019-08-01 09:31:59,0.08,1.0,2766,0.07,0.875,603,0.08,1.0,1,0.075,0.9375,243,1
SPY190802C302,2019-08-01,2019-08-01 09:32:00,0.08,1.0,2258,0.07,0.875,597,0.08,1.0,1,0.075,0.9375,243,0
SPY190802C302,2019-08-01,2019-08-01 09:32:00,0.08,1.0,2899,0.07,0.875,775,0.08,1.0,1,0.075,0.9375,243,0
SPY190802C302,2019-08-01,2019-08-01 09:32:01,0.08,1.0,2923,0.07,0.875,187,0.08,1.0,1,0.075,0.9375,243,0
SPY190802C302,2019-08-01,2019-08-01 09:32:01,0.08,1.0,2125,0.07,0.875,187,0.08,1.0,1,0.075,0.9375,243,0
SPY190802C302,2019-08-01,2019-08-01 09:32:02,0.08,1.0,2923,0.07,0.875,156,0.08,1.0,1,0.075,0.9375,243,0
SPY190802C302,2019-08-01,2019-08-01 09:32:02,0.08,1.0,2923,0.07,0.875,165,0.08,1.0,1,0.075,0.9375,243,0
SPY190802C302,2019-08-01,2019-08-01 09:32:03,0.08,1.0,2923,0.07,0.875,156,0.08,1.0,1,0.075,0.9375,243,0
SPY190802C302,2019-08-01,2019-08-01 09:32:03,0.08,1.0,2901,0.07,0.875,392,0.08,1.0,1,0.075,0.9375,243,0
SPY190802C302,2019-08-01,2019-08-01 09:32:04,0.08,1.0,3086,0.07,0.875,187,0.08,1.0,1,0.075,0.9375,243,0
SPY190802C302,2019-08-01,2019-08-01 09:32:05,0.08,1.0,2923,0.07,0.875,63,0.08,1.0,1,0.075,0.9375,243,0
SPY190802C302,2019-08-01,2019-08-01 09:32:06,0.08,1.0,2158,0.07,0.875,63,0.07,0.875,4,0.075,0.9375,247,0
SPY190802C302,2019-08-01,2019-08-01 09:32:06,0.08,1.0,3058,0.07,0.875,63,0.07,0.875,4,0.075,0.9375,247,4
SPY190802C302,2019-08-01,2019-08-01 09:32:07,0.08,1.0,3058,0.07,0.875,63,0.07,0.875,4,0.075,0.9375,247,0
SPY190802C302,2019-08-01,2019-08-01 09:32:08,0.08,1.0,5452,0.07,0.875,63,0.07,0.875,4,0.075,0.9375,247,0
SPY190802C302,2019-08-01,2019-08-01 09:32:08,0.08,1.0,3664,0.07,0.875,63,0.07,0.875,4,0.075,0.9375,247,0
SPY190802C302,2019-08-01,2019-08-01 09:32:09,0.08,1.0,3664,0.07,0.875,63,0.07,0.875,4,0.075,0.9375,247,0
SPY190802C302,2019-08-01,2019-08-01 09:32:10,0.08,1.0,3543,0.07,0.875,63,0.07,0.875,4,0.075,0.9375,247,0
SPY190802C302,2019-08-01,2019-08-01 09:32:10,0.08,1.0,3543,0.07,0.875,63,0.08,1.0,1,0.075,0.9375,248,1
SPY190802C302,2019-08-01,2019-08-01 09:32:11,0.08,1.0,3533,0.07,0.875,63,0.08,1.0,1,0.075,0.9375,248,0
SPY190802C302,2019-08-01,2019-08-01 09:32:11,0.08,1.0,3683,0.07,0.875,63,0.08,1.0,1,0.075,0.9375,248,0
SPY190802C302,2019-08-01,2019-08-01 09:32:12,0.08,1.0,4183,0.07,0.875,63,0.08,1.0,1,0.075,0.9375,248,0
SPY190802C302,2019-08-01,2019-08-01 09:32:12,0.08,1.0,3683,0.07,0.875,300,0.08,1.0,1,0.075,0.9375,248,0
SPY190802C302,2019-08-01,2019-08-01 09:32:13,0.08,1.0,4183,0.07,0.875,377,0.08,1.0,1,0.075,0.9375,248,0
SPY190802C302,2019-08-01,2019-08-01 09:32:14,0.08,1.0,4262,0.07,0.875,377,0.08,1.0,1,0.075,0.9375,248,0
SPY190802C302,2019-08-01,2019-08-01 09:32:15,0.08,1.0,4019,0.07,0.875,516,0.08,1.0,1,0.075,0.9375,249,1
SPY190802C302,2019-08-01,2019-08-01 09:32:15,0.08,1.0,4019,0.07,0.875,516,0.08,1.0,1,0.075,0.9375,248,0
SPY190802C302,2019-08-01,2019-08-01 09:32:16,0.08,1.0,4007,0.07,0.875,516,0.08,1.0,1,0.075,0.9375,249,0
SPY190802C302,2019-08-01,2019-08-01 09:32:17,0.08,1.0,2802,0.07,0.875,1875,0.08,1.0,1,0.075,0.9375,249,0
SPY190802C302,2019-08-01,2019-08-01 09:32:18,0.08,1.0,2672,0.07,0.875,1875,0.08,1.0,1,0.075,0.9375,249,0
SPY190802C302,2019-08-01,2019-08-01 09:32:18,0.08,1.0,1922,0.07,0.875,1870,0.08,1.0,1,0.075,0.9375,249,0
SPY190802C302,2019-08-01,2019-08-01 09:32:19,0.08,1.0,1922,0.07,0.875,1875,0.08,1.0,1,0.075,0.9375,249,0
SPY190802C302,2019-08-01,2019-08-01 09:32:19,0.08,1.0,1922,0.07,0.875,1870,0.08,1.0,1,0.075,0.9375,249,0
SPY190802C302,2019-08-01,2019-08-01 09:32:20,0.08,1.0,2928,0.07,0.875,1875,0.08,1.0,1,0.075,0.9375,249,0
SPY190802C302,2019-08-01,2019-08-01 09:32:21,0.08,1.0,2928,0.07,0.875,1875,0.08,1.0,1,0.075,0.9375,249,0
SPY190802C302,2019-08-01,2019-08-01 09:32:21,0.08,1.0,3678,0.07,0.875,1875,0.08,1.0,1,0.075,0.9375,249,0
SPY190802C302,2019-08-01,2019-08-01 09:32:22,0.08,1.0,2687,0.07,0.875,1875,0.08,1.0,3,0.075,0.9375,252,3
SPY190802C302,2019-08-01,2019-08-01 09:32:22,0.08,1.0,996,0.07,0.875,848,0.08,1.0,3,0.075,0.9375,252,0
SPY190802C302,2019-08-01,2019-08-01 09:32:23,0.08,1.0,176,0.07,0.875,1502,0.08,1.0,3,0.075,0.9375,252,0
SPY190802C302,2019-08-01,2019-08-01 09:32:24,0.08,1.0,176,0.07,0.875,2039,0.08,1.0,3,0.075,0.9375,252,0
SPY190802C302,2019-08-01,2019-08-01 09:32:24,0.08,1.0,176,0.07,0.875,1629,0.08,1.0,3,0.075,0.9375,252,0
SPY190802C302,2019-08-01,2019-08-01 09:32:25,0.08,1.0,243,0.07,0.875,2002,0.08,1.0,3,0.075,0.9375,252,0
SPY190802C302,2019-08-01,2019-08-01 09:32:25,0.08,1.0,419,0.07,0.875,1356,0.08,1.0,3,0.075,0.9375,252,0
SPY190802C302,2019-08-01,2019-08-01 09:32:26,0.08,1.0,1007,0.07,0.875,1196,0.08,1.0,1,0.075,0.9375,254,2
SPY190802C302,2019-08-01,2019-08-01 09:32:27,0.08,1.0,936,0.07,0.875,1823,0.08,1.0,1,0.075,0.9375,254,0
SPY190802C302,2019-08-01,2019-08-01 09:32:27,0.08,1.0,728,0.07,0.875,1823,0.08,1.0,1,0.075,0.9375,254,0
SPY190802C302,2019-08-01,2019-08-01 09:32:28,0.08,1.0,1144,0.07,0.875,1823,0.08,1.0,1,0.075,0.9375,254,0
SPY190802C302,2019-08-01,2019-08-01 09:32:28,0.08,1.0,2625,0.07,0.875,1696,0.08,1.0,1,0.075,0.9375,254,0
SPY190802C302,2019-08-01,2019-08-01 09:32:29,0.08,1.0,3830,0.07,0.875,1712,0.08,1.0,1,0.075,0.9375,254,0
SPY190802C302,2019-08-01,2019-08-01 09:32:29,0.08,1.0,2125,0.07,0.875,1196,0.08,1.0,1,0.075,0.9375,254,0
SPY190802C302,2019-08-01,2019-08-01 09:32:30,0.08,1.0,2625,0.07,0.875,1694,0.08,1.0,1,0.075,0.9375,254,0
SPY190802C302,2019-08-01,2019-08-01 09:32:31,0.08,1.0,3269,0.07,0.875,1196,0.08,1.0,1,0.075,0.9375,254,0
SPY190802C302,2019-08-01,2019-08-01 09:32:31,0.08,1.0,3769,0.07,0.875,1680,0.08,1.0,1,0.075,0.9375,254,0
SPY190802C302,2019-08-01,2019-08-01 09:32:32,0.08,1.0,3717,0.07,0.875,1823,0.08,1.0,1,0.075,0.9375,254,0
SPY190802C302,2019-08-01,2019-08-01 09:32:33,0.08,1.0,2149,0.07,0.875,756,0.08,1.0,1,0.075,0.9375,254,0
SPY190802C302,2019-08-01,2019-08-01 09:32:33,0.08,1.0,491,0.07,0.875,696,0.08,1.0,1,0.075,0.9375,254,0
SPY190802C302,2019-08-01,2019-08-01 09:32:34,0.08,1.0,1534,0.07,0.875,1833,0.08,1.0,1,0.075,0.9375,254,0
SPY190802C302,2019-08-01,2019-08-01 09:32:34,0.08,1.0,1960,0.07,0.875,2079,0.08,1.0,1,0.075,0.9375,254,0
SPY190802C302,2019-08-01,2019-08-01 09:32:35,0.08,1.0,2575,0.07,0.875,1833,0.08,1.0,1,0.075,0.9375,254,0
SPY190802C302,2019-08-01,2019-08-01 09:32:36,0.08,1.0,2075,0.07,0.875,1333,0.08,1.0,1,0.075,0.9375,254,0
SPY190802C302,2019-08-01,2019-08-01 09:32:36,0.08,1.0,2575,0.07,0.875,1833,0.08,1.0,1,0.075,0.9375,254,0
SPY190802C302,2019-08-01,2019-08-01 09:32:37,0.08,1.0,1196,0.07,0.875,1281,0.08,1.0,1,0.075,0.9375,254,0
SPY190802C302,2019-08-01,2019-08-01 09:32:38,0.08,1.0,1196,0.07,0.875,1281,0.08,1.0,1,0.075,0.9375,254,0
SPY190802C302,2019-08-01,2019-08-01 09:32:38,0.08,1.0,1823,0.07,0.875,1775,0.08,1.0,1,0.075,0.9375,254,0
SPY190802C302,2019-08-01,2019-08-01 09:32:39,0.08,1.0,1823,0.07,0.875,1781,0.08,1.0,1,0.075,0.9375,254,0
SPY190802C302,2019-08-01,2019-08-01 09:32:40,0.08,1.0,2573,0.07,0.875,1781,0.08,1.0,1,0.075,0.9375,254,0
SPY190802C302,2019-08-01,2019-08-01 09:32:41,0.08,1.0,1823,0.07,0.875,1752,0.08,1.0,1,0.075,0.9375,254,0
SPY190802C302,2019-08-01,2019-08-01 09:32:41,0.08,1.0,3554,0.07,0.875,1281,0.08,1.0,1,0.075,0.9375,254,0
SPY190802C302,2019-08-01,2019-08-01 09:32:42,0.08,1.0,2035,0.07,0.875,1432,0.07,0.875,1,0.075,0.9375,255,0
SPY190802C302,2019-08-01,2019-08-01 09:32:42,0.08,1.0,2035,0.07,0.875,1281,0.07,0.875,1,0.075,0.9375,255,1
SPY190802C302,2019-08-01,2019-08-01 09:32:43,0.08,1.0,2804,0.07,0.875,1791,0.07,0.875,1,0.075,0.9375,255,0
SPY190802C302,2019-08-01,2019-08-01 09:32:43,0.08,1.0,2035,0.07,0.875,1243,0.07,0.875,1,0.075,0.9375,255,0
SPY190802C302,2019-08-01,2019-08-01 09:32:44,0.08,1.0,2785,0.07,0.875,1243,0.07,0.875,1,0.075,0.9375,255,0
SPY190802C302,2019-08-01,2019-08-01 09:32:45,0.08,1.0,2073,0.07,0.875,1243,0.07,0.875,1,0.075,0.9375,255,0
SPY190802C302,2019-08-01,2019-08-01 09:32:45,0.08,1.0,3686,0.07,0.875,1729,0.07,0.875,1,0.075,0.9375,255,0
SPY190802C302,2019-08-01,2019-08-01 09:32:46,0.08,1.0,3189,0.07,0.875,1243,0.07,0.875,1,0.075,0.9375,255,0
SPY190802C302,2019-08-01,2019-08-01 09:32:47,0.08,1.0,3189,0.07,0.875,1243,0.07,0.875,1,0.075,0.9375,255,0
SPY190802C302,2019-08-01,2019-08-01 09:32:47,0.08,1.0,3689,0.07,0.875,1243,0.07,0.875,1,0.075,0.9375,255,0
SPY190802C302,2019-08-01,2019-08-01 09:32:48,0.08,1.0,2073,0.07,0.875,1243,0.07,0.875,1,0.075,0.9375,255,0
SPY190802C302,2019-08-01,2019-08-01 09:32:49,0.08,1.0,2573,0.07,0.875,1243,0.07,0.875,1,0.075,0.9375,255,0
SPY190802C302,2019-08-01,2019-08-01 09:32:50,0.08,1.0,2573,0.07,0.875,1636,0.08,1.0,30,0.075,0.9375,286,31
SPY190802C302,2019-08-01,2019-08-01 09:32:50,0.08,1.0,2573,0.07,0.875,1243,0.07,0.875,1,0.075,0.9375,255,0
SPY190802C302,2019-08-01,2019-08-01 09:32:51,0.08,1.0,2073,0.07,0.875,1243,0.08,1.0,30,0.075,0.9375,286,0
SPY190802C302,2019-08-01,2019-08-01 09:32:52,0.08,1.0,2700,0.07,0.875,1243,0.08,1.0,30,0.075,0.9375,286,0
SPY190802C302,2019-08-01,2019-08-01 09:32:53,0.08,1.0,2700,0.07,0.875,223,0.08,1.0,30,0.075,0.9375,286,0
SPY190802C302,2019-08-01,2019-08-01 09:32:54,0.08,1.0,2444,0.07,0.875,223,0.08,1.0,30,0.075,0.9375,286,0
SPY190802C302,2019-08-01,2019-08-01 09:32:55,0.08,1.0,2700,0.07,0.875,231,0.08,1.0,30,0.075,0.9375,286,0
SPY190802C302,2019-08-01,2019-08-01 09:32:56,0.08,1.0,2700,0.07,0.875,350,0.08,1.0,30,0.075,0.9375,286,0
SPY190802C302,2019-08-01,2019-08-01 09:32:56,0.08,1.0,2073,0.07,0.875,522,0.08,1.0,30,0.075,0.9375,286,0
SPY190802C302,2019-08-01,2019-08-01 09:32:57,0.08,1.0,2700,0.07,0.875,492,0.08,1.0,30,0.075,0.9375,286,0
SPY190802C302,2019-08-01,2019-08-01 09:32:57,0.08,1.0,2854,0.07,0.875,230,0.07,0.875,3,0.075,0.9375,289,3
SPY190802C302,2019-08-01,2019-08-01 09:32:58,0.08,1.0,2854,0.07,0.875,230,0.07,0.875,3,0.075,0.9375,289,0
SPY190802C302,2019-08-01,2019-08-01 09:32:58,0.08,1.0,3435,0.07,0.875,274,0.07,0.875,3,0.075,0.9375,289,0
SPY190802C302,2019-08-01,2019-08-01 09:32:59,0.08,1.0,2854,0.07,0.875,299,0.07,0.875,3,0.075,0.9375,289,0
SPY190802C302,2019-08-01,2019-08-01 09:33:00,0.08,1.0,3435,0.07,0.875,304,0.07,0.875,3,0.075,0.9375,289,0
SPY190802C302,2019-08-01,2019-08-01 09:33:00,0.08,1.0,3435,0.07,0.875,299,0.07,0.875,3,0.075,0.9375,289,0
SPY190802C302,2019-08-01,2019-08-01 09:33:01,0.08,1.0,2935,0.07,0.875,340,0.07,0.875,3,0.075,0.9375,289,0
SPY190802C302,2019-08-01,2019-08-01 09:33:01,0.08,1.0,4977,0.07,0.875,382,0.07,0.875,3,0.075,0.9375,289,0
SPY190802C302,2019-08-01,2019-08-01 09:33:02,0.08,1.0,4977,0.07,0.875,187,0.07,0.875,3,0.075,0.9375,289,0
SPY190802C302,2019-08-01,2019-08-01 09:33:02,0.08,1.0,3242,0.07,0.875,636,0.07,0.875,3,0.075,0.9375,289,0
SPY190802C302,2019-08-01,2019-08-01 09:33:03,0.08,1.0,3242,0.07,0.875,636,0.07,0.875,3,0.075,0.9375,289,0
SPY190802C302,2019-08-01,2019-08-01 09:33:03,0.08,1.0,3742,0.07,0.875,636,0.07,0.875,10,0.075,0.9375,299,10
SPY190802C302,2019-08-01,2019-08-01 09:33:04,0.08,1.0,3742,0.07,0.875,879,0.07,0.875,10,0.075,0.9375,299,0
SPY190802C302,2019-08-01,2019-08-01 09:33:05,0.08,1.0,3742,0.07,0.875,1029,0.07,0.875,10,0.075,0.9375,299,0
SPY190802C302,2019-08-01,2019-08-01 09:33:06,0.08,1.0,2613,0.07,0.875,1823,0.07,0.875,10,0.075,0.9375,299,0
SPY190802C302,2019-08-01,2019-08-01 09:33:06,0.08,1.0,2113,0.07,0.875,1315,0.07,0.875,10,0.075,0.9375,299,0
SPY190802C302,2019-08-01,2019-08-01 09:33:07,0.08,1.0,2613,0.07,0.875,2183,0.07,0.875,10,0.075,0.9375,299,0
SPY190802C302,2019-08-01,2019-08-01 09:33:07,0.08,1.0,2478,0.07,0.875,2183,0.07,0.875,10,0.075,0.9375,299,0
SPY190802C302,2019-08-01,2019-08-01 09:33:08,0.08,1.0,2052,0.07,0.875,1894,0.07,0.875,10,0.075,0.9375,299,0
SPY190802C302,2019-08-01,2019-08-01 09:33:09,0.08,1.0,1941,0.07,0.875,1830,0.07,0.875,10,0.075,0.9375,299,0
SPY190802C302,2019-08-01,2019-08-01 09:33:10,0.08,1.0,2367,0.07,0.875,2988,0.07,0.875,10,0.075,0.9375,299,0
SPY190802C302,2019-08-01,2019-08-01 09:33:11,0.08,1.0,2455,0.07,0.875,2552,0.07,0.875,10,0.075,0.9375,299,0
SPY190802C302,2019-08-01,2019-08-01 09:33:11,0.08,1.0,2455,0.07,0.875,2985,0.07,0.875,10,0.075,0.9375,299,0
SPY190802C302,2019-08-01,2019-08-01 09:33:12,0.08,1.0,4892,0.07,0.875,1196,0.08,1.0,20,0.075,0.9375,319,0
SPY190802C302,2019-08-01,2019-08-01 09:33:12,0.08,1.0,2872,0.07,0.875,1196,0.08,1.0,20,0.075,0.9375,319,20
SPY190802C302,2019-08-01,2019-08-01 09:33:13,0.08,1.0,2434,0.07,0.875,2473,0.08,1.0,20,0.075,0.9375,319,0
SPY190802C302,2019-08-01,2019-08-01 09:33:13,0.08,1.0,2059,0.07,0.875,2775,0.08,1.0,20,0.075,0.9375,319,0
SPY190802C302,2019-08-01,2019-08-01 09:33:14,0.08,1.0,2434,0.07,0.875,2473,0.08,1.0,2,0.075,0.9375,321,2
SPY190802C302,2019-08-01,2019-08-01 09:33:15,0.08,1.0,2434,0.07,0.875,2473,0.07,0.875,1,0.075,0.9375,322,1
SPY190802C302,2019-08-01,2019-08-01 09:33:15,0.08,1.0,3744,0.07,0.875,2473,0.07,0.875,1,0.075,0.9375,322,0
SPY190802C302,2019-08-01,2019-08-01 09:33:16,0.08,1.0,3744,0.07,0.875,2473,0.07,0.875,1,0.075,0.9375,322,0
SPY190802C302,2019-08-01,2019-08-01 09:33:17,0.08,1.0,3872,0.07,0.875,1804,0.07,0.875,1,0.075,0.9375,322,0
SPY190802C302,2019-08-01,2019-08-01 09:33:17,0.08,1.0,3372,0.07,0.875,2473,0.07,0.875,1,0.075,0.9375,322,0
SPY190802C302,2019-08-01,2019-08-01 09:33:18,0.08,1.0,3872,0.07,0.875,2921,0.07,0.875,1,0.075,0.9375,322,0
SPY190802C302,2019-08-01,2019-08-01 09:33:18,0.08,1.0,3872,0.07,0.875,3028,0.07,0.875,1,0.075,0.9375,322,0
SPY190802C302,2019-08-01,2019-08-01 09:33:19,0.08,1.0,3872,0.07,0.875,2921,0.07,0.875,1,0.075,0.9375,322,0
SPY190802C302,2019-08-01,2019-08-01 09:33:20,0.08,1.0,3872,0.07,0.875,2966,0.07,0.875,1,0.075,0.9375,322,0
SPY190802C302,2019-08-01,2019-08-01 09:33:20,0.08,1.0,3872,0.07,0.875,3119,0.07,0.875,1,0.075,0.9375,322,0
SPY190802C302,2019-08-01,2019-08-01 09:33:21,0.08,1.0,2386,0.07,0.875,2966,0.07,0.875,1,0.075,0.9375,322,0
SPY190802C302,2019-08-01,2019-08-01 09:33:22,0.08,1.0,1886,0.07,0.875,1882,0.07,0.875,1,0.075,0.9375,322,0
SPY190802C302,2019-08-01,2019-08-01 09:33:22,0.08,1.0,2901,0.07,0.875,1882,0.07,0.875,1,0.075,0.9375,322,0
SPY190802C302,2019-08-01,2019-08-01 09:33:23,0.08,1.0,3401,0.07,0.875,2535,0.07,0.875,1,0.075,0.9375,322,0
SPY190802C302,2019-08-01,2019-08-01 09:33:23,0.08,1.0,2999,0.07,0.875,1797,0.07,0.875,1,0.075,0.9375,322,0
SPY190802C302,2019-08-01,2019-08-01 09:33:24,0.08,1.0,2102,0.07,0.875,1797,0.07,0.875,1,0.075,0.9375,322,0
SPY190802C302,2019-08-01,2019-08-01 09:33:25,0.08,1.0,1535,0.07,0.875,2522,0.08,1.0,1,0.075,0.9375,332,0
SPY190802C302,2019-08-01,2019-08-01 09:33:25,0.08,1.0,2035,0.07,0.875,1903,0.08,1.0,1,0.075,0.9375,332,10
SPY190802C302,2019-08-01,2019-08-01 09:33:26,0.08,1.0,2235,0.07,0.875,3022,0.08,1.0,1,0.075,0.9375,332,0
SPY190802C302,2019-08-01,2019-08-01 09:33:27,0.08,1.0,552,0.07,0.875,3527,0.08,1.0,3,0.075,0.9375,335,0
SPY190802C302,2019-08-01,2019-08-01 09:33:27,0.08,1.0,1204,0.07,0.875,3168,0.08,1.0,3,0.075,0.9375,335,3
SPY190802C302,2019-08-01,2019-08-01 09:33:28,0.08,1.0,466,0.07,0.875,4135,0.08,1.0,3,0.075,0.9375,335,0
SPY190802C302,2019-08-01,2019-08-01 09:33:29,0.08,1.0,83,0.07,0.875,4260,0.08,1.0,3,0.075,0.9375,335,0
SPY190802C302,2019-08-01,2019-08-01 09:33:29,0.08,1.0,146,0.07,0.875,3760,0.08,1.0,3,0.075,0.9375,335,0
SPY190802C302,2019-08-01,2019-08-01 09:33:30,0.08,1.0,1703,0.07,0.875,4050,0.08,1.0,3,0.075,0.9375,335,0
SPY190802C302,2019-08-01,2019-08-01 09:33:30,0.08,1.0,165,0.07,0.875,4260,0.08,1.0,3,0.075,0.9375,335,0
SPY190802C302,2019-08-01,2019-08-01 09:33:31,0.08,1.0,1886,0.07,0.875,3300,0.08,1.0,3,0.075,0.9375,335,0
SPY190802C302,2019-08-01,2019-08-01 09:33:32,0.08,1.0,1052,0.07,0.875,3550,0.08,1.0,3,0.075,0.9375,335,0
SPY190802C302,2019-08-01,2019-08-01 09:33:32,0.08,1.0,964,0.07,0.875,3430,0.08,1.0,3,0.075,0.9375,335,0
SPY190802C302,2019-08-01,2019-08-01 09:33:33,0.08,1.0,964,0.07,0.875,3316,0.08,1.0,3,0.075,0.9375,335,0
SPY190802C302,2019-08-01,2019-08-01 09:33:33,0.08,1.0,123,0.07,0.875,3442,0.08,1.0,3,0.075,0.9375,335,0
SPY190802C302,2019-08-01,2019-08-01 09:33:34,0.08,1.0,123,0.07,0.875,3442,0.08,1.0,3,0.075,0.9375,335,0
SPY190802C302,2019-08-01,2019-08-01 09:33:34,0.08,1.0,163,0.07,0.875,3942,0.08,1.0,3,0.075,0.9375,335,0
SPY190802C302,2019-08-01,2019-08-01 09:33:35,0.08,1.0,337,0.07,0.875,3942,0.08,1.0,3,0.075,0.9375,335,0
SPY190802C302,2019-08-01,2019-08-01 09:33:35,0.08,1.0,96,0.07,0.875,3942,0.08,1.0,3,0.075,0.9375,335,0
SPY190802C302,2019-08-01,2019-08-01 09:33:36,0.08,1.0,96,0.07,0.875,3942,0.08,1.0,3,0.075,0.9375,335,0
SPY190802C302,2019-08-01,2019-08-01 09:33:37,0.08,1.0,96,0.07,0.875,3942,0.08,1.0,3,0.075,0.9375,335,0
SPY190802C302,2019-08-01,2019-08-01 09:33:37,0.08,1.0,96,0.07,0.875,4074,0.08,1.0,3,0.075,0.9375,335,0
SPY190802C302,2019-08-01,2019-08-01 09:33:38,0.08,1.0,96,0.07,0.875,4074,0.08,1.0,3,0.075,0.9375,335,0
SPY190802C302,2019-08-01,2019-08-01 09:33:38,0.08,1.0,63,0.07,0.875,4074,0.08,1.0,3,0.075,0.9375,335,0
SPY190802C302,2019-08-01,2019-08-01 09:33:39,0.08,1.0,1,0.07,0.875,2693,0.08,1.0,3,0.075,0.9375,335,0
SPY190802C302,2019-08-01,2019-08-01 09:33:39,0.08,1.0,1,0.07,0.875,3565,0.08,1.0,3,0.075,0.9375,335,0
SPY190802C302,2019-08-01,2019-08-01 09:33:40,0.08,1.0,63,0.07,0.875,3565,0.08,1.0,3,0.075,0.9375,335,0
SPY190802C302,2019-08-01,2019-08-01 09:33:41,0.08,1.0,63,0.07,0.875,4065,0.08,1.0,3,0.075,0.9375,335,0
SPY190802C302,2019-08-01,2019-08-01 09:33:42,0.08,1.0,63,0.07,0.875,4065,0.08,1.0,3,0.075,0.9375,335,0
SPY190802C302,2019-08-01,2019-08-01 09:33:42,0.08,1.0,63,0.07,0.875,3565,0.08,1.0,3,0.075,0.9375,335,0
SPY190802C302,2019-08-01,2019-08-01 09:33:43,0.08,1.0,1,0.07,0.875,3639,0.09,1.125,5,0.075,0.9375,340,5
SPY190802C302,2019-08-01,2019-08-01 09:33:43,0.08,1.0,1,0.07,0.875,3139,0.09,1.125,5,0.075,0.9375,340,0
SPY190802C302,2019-08-01,2019-08-01 09:33:44,0.08,1.0,63,0.07,0.875,4299,0.09,1.125,5,0.075,0.9375,340,0
SPY190802C302,2019-08-01,2019-08-01 09:33:44,0.08,1.0,1,0.07,0.875,3799,0.09,1.125,5,0.075,0.9375,340,0
SPY190802C302,2019-08-01,2019-08-01 09:33:45,0.09,1.125,1196,0.08,1.0,1161,0.08,1.0,1,0.085,1.0625,341,1
SPY190802C302,2019-08-01,2019-08-01 09:33:46,0.09,1.125,2489,0.08,1.0,1639,0.08,1.0,1,0.085,1.0625,341,0
SPY190802C302,2019-08-01,2019-08-01 09:33:46,0.09,1.125,1539,0.08,1.0,1978,0.08,1.0,1,0.085,1.0625,341,0
SPY190802C302,2019-08-01,2019-08-01 09:33:47,0.09,1.125,2804,0.08,1.0,2125,0.08,1.0,1,0.085,1.0625,341,0
SPY190802C302,2019-08-01,2019-08-01 09:33:48,0.09,1.125,3147,0.08,1.0,2125,0.08,1.0,1,0.085,1.0625,341,0
SPY190802C302,2019-08-01,2019-08-01 09:33:48,0.09,1.125,3295,0.08,1.0,2125,0.08,1.0,1,0.085,1.0625,341,0
SPY190802C302,2019-08-01,2019-08-01 09:33:49,0.09,1.125,3295,0.08,1.0,897,0.08,1.0,1,0.085,1.0625,341,0
SPY190802C302,2019-08-01,2019-08-01 09:33:50,0.09,1.125,2469,0.08,1.0,520,0.08,1.0,1,0.085,1.0625,341,0
SPY190802C302,2019-08-01,2019-08-01 09:33:50,0.09,1.125,3473,0.08,1.0,432,0.08,1.0,1,0.085,1.0625,341,0
SPY190802C302,2019-08-01,2019-08-01 09:33:51,0.09,1.125,5588,0.08,1.0,1823,0.08,1.0,1,0.085,1.0625,341,0
SPY190802C302,2019-08-01,2019-08-01 09:33:51,0.09,1.125,4090,0.08,1.0,432,0.08,1.0,1,0.085,1.0625,341,0
SPY190802C302,2019-08-01,2019-08-01 09:33:52,0.09,1.125,5838,0.08,1.0,897,0.08,1.0,1,0.085,1.0625,341,0
SPY190802C302,2019-08-01,2019-08-01 09:33:52,0.09,1.125,6156,0.08,1.0,1355,0.08,1.0,1,0.085,1.0625,341,0
SPY190802C302,2019-08-01,2019-08-01 09:33:53,0.09,1.125,6156,0.08,1.0,1781,0.08,1.0,1,0.085,1.0625,341,0
SPY190802C302,2019-08-01,2019-08-01 09:33:54,0.09,1.125,5406,0.08,1.0,1823,0.08,1.0,95,0.085,1.0625,437,0
SPY190802C302,2019-08-01,2019-08-01 09:33:54,0.09,1.125,5406,0.08,1.0,1823,0.08,1.0,95,0.085,1.0625,437,96
SPY190802C302,2019-08-01,2019-08-01 09:33:55,0.09,1.125,5775,0.08,1.0,1823,0.08,1.0,19,0.085,1.0625,458,21
SPY190802C302,2019-08-01,2019-08-01 09:33:55,0.09,1.125,4583,0.08,1.0,1929,0.08,1.0,19,0.085,1.0625,458,0
SPY190802C302,2019-08-01,2019-08-01 09:33:56,0.09,1.125,6025,0.08,1.0,1823,0.08,1.0,19,0.085,1.0625,458,0
SPY190802C302,2019-08-01,2019-08-01 09:33:56,0.09,1.125,5275,0.08,1.0,1196,0.08,1.0,19,0.085,1.0625,458,0
SPY190802C302,2019-08-01,2019-08-01 09:33:57,0.09,1.125,5775,0.08,1.0,1823,0.08,1.0,19,0.085,1.0625,458,0
SPY190802C302,2019-08-01,2019-08-01 09:34:00,0.09,1.125,5775,0.08,1.0,1823,0.08,1.0,19,0.085,1.0625,458,0
SPY190802C302,2019-08-01,2019-08-01 09:34:34,0.09,1.125,2305,0.08,1.0,2087,0.09,1.125,2,0.085,1.0625,486,28
SPY190802C302,2019-08-01,2019-08-01 09:34:35,0.09,1.125,2305,0.08,1.0,2921,0.09,1.125,2,0.085,1.0625,486,0
SPY190802C302,2019-08-01,2019-08-01 09:34:36,0.09,1.125,2305,0.08,1.0,2921,0.09,1.125,2,0.085,1.0625,486,0
SPY190802C302,2019-08-01,2019-08-01 09:34:36,0.09,1.125,3120,0.08,1.0,1490,0.08,1.0,2,0.085,1.0625,488,2
SPY190802C302,2019-08-01,2019-08-01 09:34:37,0.09,1.125,3229,0.08,1.0,1562,0.09,1.125,1,0.085,1.0625,519,1
SPY190802C302,2019-08-01,2019-08-01 09:34:37,0.09,1.125,3120,0.08,1.0,1563,0.09,1.125,30,0.085,1.0625,518,30
SPY190802C302,2019-08-01,2019-08-01 09:34:38,0.09,1.125,5068,0.08,1.0,1729,0.09,1.125,1,0.085,1.0625,519,0
SPY190802C302,2019-08-01,2019-08-01 09:34:38,0.09,1.125,3655,0.08,1.0,2094,0.09,1.125,1,0.085,1.0625,519,0
SPY190802C302,2019-08-01,2019-08-01 09:34:39,0.09,1.125,7578,0.08,1.0,1397,0.09,1.125,1,0.085,1.0625,519,0
SPY190802C302,2019-08-01,2019-08-01 09:34:39,0.09,1.125,5318,0.08,1.0,897,0.09,1.125,1,0.085,1.0625,519,0
SPY190802C302,2019-08-01,2019-08-01 09:34:40,0.09,1.125,7303,0.08,1.0,1397,0.09,1.125,1,0.085,1.0625,520,1
SPY190802C302,2019-08-01,2019-08-01 09:34:41,0.09,1.125,6553,0.08,1.0,1823,0.09,1.125,1,0.085,1.0625,520,0
SPY190802C302,2019-08-01,2019-08-01 09:34:41,0.09,1.125,7322,0.08,1.0,1823,0.09,1.125,1,0.085,1.0625,520,0
SPY190802C302,2019-08-01,2019-08-01 09:34:42,0.09,1.125,7322,0.08,1.0,607,0.09,1.125,1,0.085,1.0625,520,0
SPY190802C302,2019-08-01,2019-08-01 09:34:42,0.09,1.125,7322,0.08,1.0,1397,0.09,1.125,1,0.085,1.0625,520,0
SPY190802C302,2019-08-01,2019-08-01 09:34:43,0.09,1.125,7322,0.08,1.0,574,0.09,1.125,1,0.085,1.0625,520,0
SPY190802C302,2019-08-01,2019-08-01 09:34:43,0.09,1.125,7335,0.08,1.0,574,0.09,1.125,1,0.085,1.0625,520,0
SPY190802C302,2019-08-01,2019-08-01 09:34:44,0.09,1.125,7335,0.08,1.0,481,0.09,1.125,1,0.085,1.0625,520,0
SPY190802C302,2019-08-01,2019-08-01 09:34:45,0.09,1.125,7335,0.08,1.0,515,0.09,1.125,1,0.085,1.0625,520,0
SPY190802C302,2019-08-01,2019-08-01 09:34:46,0.09,1.125,7335,0.08,1.0,476,0.09,1.125,1,0.085,1.0625,520,0
SPY190802C302,2019-08-01,2019-08-01 09:34:46,0.09,1.125,7470,0.08,1.0,176,0.09,1.125,1,0.085,1.0625,520,0
SPY190802C302,2019-08-01,2019-08-01 09:34:47,0.09,1.125,7335,0.08,1.0,674,0.09,1.125,3,0.085,1.0625,542,0
SPY190802C302,2019-08-01,2019-08-01 09:34:47,0.09,1.125,7335,0.08,1.0,476,0.09,1.125,3,0.085,1.0625,542,22
SPY190802C302,2019-08-01,2019-08-01 09:34:48,0.09,1.125,7335,0.08,1.0,634,0.09,1.125,8,0.085,1.0625,550,0
SPY190802C302,2019-08-01,2019-08-01 09:34:48,0.09,1.125,7335,0.08,1.0,634,0.09,1.125,8,0.085,1.0625,550,8
SPY190802C302,2019-08-01,2019-08-01 09:34:49,0.09,1.125,7335,0.08,1.0,635,0.09,1.125,8,0.085,1.0625,550,0
SPY190802C302,2019-08-01,2019-08-01 09:34:49,0.09,1.125,2542,0.08,1.0,635,0.09,1.125,8,0.085,1.0625,550,0
SPY190802C302,2019-08-01,2019-08-01 09:34:50,0.09,1.125,1510,0.08,1.0,853,0.09,1.125,8,0.085,1.0625,550,0
SPY190802C302,2019-08-01,2019-08-01 09:34:51,0.09,1.125,4123,0.08,1.0,1128,0.09,1.125,8,0.085,1.0625,550,0
SPY190802C302,2019-08-01,2019-08-01 09:34:51,0.09,1.125,3424,0.08,1.0,1408,0.09,1.125,1,0.085,1.0625,551,1
SPY190802C302,2019-08-01,2019-08-01 09:34:52,0.09,1.125,4716,0.08,1.0,1544,0.09,1.125,1,0.085,1.0625,551,0
SPY190802C302,2019-08-01,2019-08-01 09:34:52,0.09,1.125,4285,0.08,1.0,825,0.09,1.125,1,0.085,1.0625,551,0
SPY190802C302,2019-08-01,2019-08-01 09:34:53,0.09,1.125,6091,0.08,1.0,1342,0.09,1.125,1,0.085,1.0625,551,0
SPY190802C302,2019-08-01,2019-08-01 09:34:53,0.09,1.125,6174,0.08,1.0,1584,0.09,1.125,1,0.085,1.0625,551,0
SPY190802C302,2019-08-01,2019-08-01 09:34:54,0.09,1.125,6174,0.08,1.0,1474,0.09,1.125,1,0.085,1.0625,551,0
SPY190802C302,2019-08-01,2019-08-01 09:34:55,0.09,1.125,4883,0.08,1.0,1474,0.09,1.125,1,0.085,1.0625,551,0
SPY190802C302,2019-08-01,2019-08-01 09:34:55,0.09,1.125,7664,0.08,1.0,736,0.09,1.125,1,0.085,1.0625,551,0
SPY190802C302,2019-08-01,2019-08-01 09:34:56,0.09,1.125,6451,0.08,1.0,850,0.09,1.125,1,0.085,1.0625,551,0
SPY190802C302,2019-08-01,2019-08-01 09:34:56,0.09,1.125,7664,0.08,1.0,736,0.09,1.125,1,0.085,1.0625,551,0
SPY190802C302,2019-08-01,2019-08-01 09:34:57,0.09,1.125,2795,0.08,1.0,1350,0.08,1.0,4,0.085,1.0625,556,5
SPY190802C302,2019-08-01,2019-08-01 09:34:58,0.09,1.125,2860,0.08,1.0,900,0.08,1.0,4,0.085,1.0625,556,0
SPY190802C302,2019-08-01,2019-08-01 09:34:58,0.09,1.125,4160,0.08,1.0,1052,0.08,1.0,4,0.085,1.0625,556,0
SPY190802C302,2019-08-01,2019-08-01 09:34:59,0.09,1.125,4586,0.08,1.0,1338,0.08,1.0,4,0.085,1.0625,556,0
SPY190802C302,2019-08-01,2019-08-01 09:35:00,0.09,1.125,4864,0.08,1.0,1338,0.08,1.0,4,0.085,1.0625,556,0
SPY190802C302,2019-08-01,2019-08-01 09:35:00,0.09,1.125,4362,0.08,1.0,952,0.08,1.0,4,0.085,1.0625,556,0
SPY190802C302,2019-08-01,2019-08-01 09:35:01,0.09,1.125,3064,0.08,1.0,923,0.08,1.0,4,0.085,1.0625,556,0
SPY190802C302,2019-08-01,2019-08-01 09:35:01,0.09,1.125,3064,0.08,1.0,952,0.08,1.0,4,0.085,1.0625,556,0
SPY190802C302,2019-08-01,2019-08-01 09:35:02,0.09,1.125,3564,0.08,1.0,1423,0.08,1.0,4,0.085,1.0625,556,0
SPY190802C302,2019-08-01,2019-08-01 09:35:03,0.09,1.125,3564,0.08,1.0,1423,0.08,1.0,4,0.085,1.0625,556,0
SPY190802C302,2019-08-01,2019-08-01 09:35:03,0.09,1.125,3064,0.08,1.0,847,0.08,1.0,10,0.085,1.0625,570,14
SPY190802C302,2019-08-01,2019-08-01 09:35:04,0.09,1.125,3064,0.08,1.0,1360,0.08,1.0,10,0.085,1.0625,570,0
SPY190802C302,2019-08-01,2019-08-01 09:35:04,0.09,1.125,4861,0.08,1.0,1589,0.08,1.0,10,0.085,1.0625,570,0
SPY190802C302,2019-08-01,2019-08-01 09:35:05,0.09,1.125,4583,0.08,1.0,2024,0.08,1.0,10,0.085,1.0625,570,0
SPY190802C302,2019-08-01,2019-08-01 09:35:05,0.09,1.125,4083,0.08,1.0,1524,0.08,1.0,10,0.085,1.0625,570,0
SPY190802C302,2019-08-01,2019-08-01 09:35:06,0.09,1.125,4583,0.08,1.0,2024,0.08,1.0,10,0.085,1.0625,570,0
SPY190802C302,2019-08-01,2019-08-01 09:35:07,0.09,1.125,4583,0.08,1.0,2024,0.08,1.0,10,0.085,1.0625,570,0
SPY190802C302,2019-08-01,2019-08-01 09:35:08,0.09,1.125,4583,0.08,1.0,1589,0.08,1.0,10,0.085,1.0625,570,0
SPY190802C302,2019-08-01,2019-08-01 09:35:08,0.09,1.125,4214,0.08,1.0,1257,0.08,1.0,10,0.085,1.0625,570,0
SPY190802C302,2019-08-01,2019-08-01 09:35:09,0.09,1.125,4790,0.08,1.0,773,0.08,1.0,10,0.085,1.0625,570,0
SPY190802C302,2019-08-01,2019-08-01 09:35:09,0.09,1.125,4790,0.08,1.0,1515,0.08,1.0,10,0.085,1.0625,570,0
SPY190802C302,2019-08-01,2019-08-01 09:35:10,0.09,1.125,6088,0.08,1.0,1402,0.08,1.0,10,0.085,1.0625,570,0
SPY190802C302,2019-08-01,2019-08-01 09:35:10,0.09,1.125,6092,0.08,1.0,1550,0.08,1.0,10,0.085,1.0625,570,0
SPY190802C302,2019-08-01,2019-08-01 09:35:11,0.09,1.125,6092,0.08,1.0,1439,0.08,1.0,10,0.085,1.0625,570,0
SPY190802C302,2019-08-01,2019-08-01 09:35:12,0.09,1.125,8002,0.08,1.0,1439,0.08,1.0,10,0.085,1.0625,570,0
SPY190802C302,2019-08-01,2019-08-01 09:35:12,0.09,1.125,7795,0.08,1.0,1384,0.08,1.0,10,0.085,1.0625,570,0
SPY190802C302,2019-08-01,2019-08-01 09:35:13,0.09,1.125,7795,0.08,1.0,1444,0.08,1.0,10,0.085,1.0625,570,0
SPY190802C302,2019-08-01,2019-08-01 09:35:13,0.09,1.125,7295,0.08,1.0,736,0.08,1.0,10,0.085,1.0625,570,0
SPY190802C302,2019-08-01,2019-08-01 09:35:14,0.09,1.125,7958,0.08,1.0,1333,0.08,1.0,10,0.085,1.0625,570,0
SPY190802C302,2019-08-01,2019-08-01 09:35:14,0.09,1.125,6043,0.08,1.0,1347,0.08,1.0,10,0.085,1.0625,570,0
SPY190802C302,2019-08-01,2019-08-01 09:35:15,0.09,1.125,6043,0.08,1.0,1550,0.08,1.0,10,0.085,1.0625,570,0
SPY190802C302,2019-08-01,2019-08-01 09:35:15,0.09,1.125,5879,0.08,1.0,1439,0.08,1.0,10,0.085,1.0625,570,0
SPY190802C302,2019-08-01,2019-08-01 09:35:16,0.09,1.125,5879,0.08,1.0,1439,0.08,1.0,10,0.085,1.0625,570,0
SPY190802C302,2019-08-01,2019-08-01 09:35:17,0.09,1.125,4583,0.08,1.0,1439,0.08,1.0,10,0.085,1.0625,570,0
SPY190802C302,2019-08-01,2019-08-01 09:35:17,0.09,1.125,6416,0.08,1.0,1439,0.08,1.0,10,0.085,1.0625,570,0
SPY190802C302,2019-08-01,2019-08-01 09:35:18,0.09,1.125,6416,0.08,1.0,1439,0.08,1.0,10,0.085,1.0625,570,0
SPY190802C302,2019-08-01,2019-08-01 09:35:18,0.09,1.125,4083,0.08,1.0,736,0.08,1.0,10,0.085,1.0625,570,0
SPY190802C302,2019-08-01,2019-08-01 09:35:19,0.09,1.125,4083,0.08,1.0,736,0.08,1.0,10,0.085,1.0625,570,0
SPY190802C302,2019-08-01,2019-08-01 09:35:19,0.09,1.125,4583,0.08,1.0,1550,0.08,1.0,10,0.085,1.0625,570,0
SPY190802C302,2019-08-01,2019-08-01 09:35:20,0.09,1.125,4583,0.08,1.0,1550,0.08,1.0,10,0.085,1.0625,570,0
SPY190802C302,2019-08-01,2019-08-01 09:35:20,0.09,1.125,4583,0.08,1.0,1236,0.08,1.0,10,0.085,1.0625,570,0
SPY190802C302,2019-08-01,2019-08-01 09:35:21,0.09,1.125,4583,0.08,1.0,1402,0.08,1.0,10,0.085,1.0625,570,0
SPY190802C302,2019-08-01,2019-08-01 09:35:22,0.09,1.125,4583,0.08,1.0,1402,0.08,1.0,10,0.085,1.0625,570,0
SPY190802C302,2019-08-01,2019-08-01 09:35:23,0.09,1.125,4083,0.08,1.0,884,0.08,1.0,10,0.085,1.0625,570,0
SPY190802C302,2019-08-01,2019-08-01 09:35:24,0.09,1.125,4083,0.08,1.0,884,0.08,1.0,10,0.085,1.0625,570,0
SPY190802C302,2019-08-01,2019-08-01 09:35:24,0.09,1.125,4083,0.08,1.0,1441,0.08,1.0,10,0.085,1.0625,570,0
SPY190802C302,2019-08-01,2019-08-01 09:35:25,0.09,1.125,4583,0.08,1.0,1550,0.08,1.0,10,0.085,1.0625,570,0
SPY190802C302,2019-08-01,2019-08-01 09:35:25,0.09,1.125,4083,0.08,1.0,846,0.08,1.0,10,0.085,1.0625,570,0
SPY190802C302,2019-08-01,2019-08-01 09:35:26,0.09,1.125,4083,0.08,1.0,1476,0.08,1.0,10,0.085,1.0625,570,0
SPY190802C302,2019-08-01,2019-08-01 09:35:27,0.09,1.125,4083,0.08,1.0,1508,0.08,1.0,10,0.085,1.0625,570,0
SPY190802C302,2019-08-01,2019-08-01 09:35:27,0.09,1.125,4583,0.08,1.0,1476,0.08,1.0,10,0.085,1.0625,570,0
SPY190802C302,2019-08-01,2019-08-01 09:35:28,0.09,1.125,4439,0.08,1.0,1437,0.08,1.0,10,0.085,1.0625,570,0
SPY190802C302,2019-08-01,2019-08-01 09:35:29,0.09,1.125,4439,0.08,1.0,1437,0.08,1.0,10,0.085,1.0625,570,0
SPY190802C302,2019-08-01,2019-08-01 09:35:29,0.09,1.125,4439,0.08,1.0,1540,0.08,1.0,10,0.085,1.0625,570,0
SPY190802C302,2019-08-01,2019-08-01 09:35:30,0.09,1.125,4439,0.08,1.0,1540,0.08,1.0,10,0.085,1.0625,570,0
SPY190802C302,2019-08-01,2019-08-01 09:35:30,0.09,1.125,4439,0.08,1.0,1669,0.08,1.0,10,0.085,1.0625,570,0
SPY190802C302,2019-08-01,2019-08-01 09:35:31,0.09,1.125,4439,0.08,1.0,1669,0.08,1.0,10,0.085,1.0625,570,0
SPY190802C302,2019-08-01,2019-08-01 09:35:32,0.09,1.125,3370,0.08,1.0,1545,0.09,1.125,60,0.085,1.0625,680,60
SPY190802C302,2019-08-01,2019-08-01 09:35:32,0.09,1.125,3689,0.08,1.0,1669,0.09,1.125,50,0.085,1.0625,620,50
SPY190802C302,2019-08-01,2019-08-01 09:35:33,0.09,1.125,3259,0.08,1.0,1915,0.09,1.125,60,0.085,1.0625,680,0
SPY190802C302,2019-08-01,2019-08-01 09:35:34,0.09,1.125,2292,0.08,1.0,1183,0.09,1.125,60,0.085,1.0625,680,0
SPY190802C302,2019-08-01,2019-08-01 09:35:34,0.09,1.125,3259,0.08,1.0,2077,0.09,1.125,60,0.085,1.0625,680,0
SPY190802C302,2019-08-01,2019-08-01 09:35:35,0.09,1.125,2035,0.08,1.0,1183,0.09,1.125,60,0.085,1.0625,680,0
SPY190802C302,2019-08-01,2019-08-01 09:35:36,0.09,1.125,2783,0.08,1.0,2055,0.09,1.125,60,0.085,1.0625,680,0
SPY190802C302,2019-08-01,2019-08-01 09:35:36,0.09,1.125,2783,0.08,1.0,2045,0.09,1.125,196,0.085,1.0625,876,196
SPY190802C302,2019-08-01,2019-08-01 09:35:37,0.09,1.125,2883,0.08,1.0,2084,0.09,1.125,196,0.085,1.0625,876,0
SPY190802C302,2019-08-01,2019-08-01 09:35:37,0.09,1.125,744,0.08,1.0,2420,0.09,1.125,196,0.085,1.0625,876,0
SPY190802C302,2019-08-01,2019-08-01 09:35:38,0.09,1.125,848,0.08,1.0,2523,0.09,1.125,196,0.085,1.0625,876,0
SPY190802C302,2019-08-01,2019-08-01 09:35:39,0.09,1.125,1346,0.08,1.0,2061,0.09,1.125,196,0.085,1.0625,876,0
SPY190802C302,2019-08-01,2019-08-01 09:35:40,0.09,1.125,2157,0.08,1.0,2061,0.09,1.125,196,0.085,1.0625,876,0
SPY190802C302,2019-08-01,2019-08-01 09:35:40,0.09,1.125,3021,0.08,1.0,1470,0.09,1.125,196,0.085,1.0625,876,0
SPY190802C302,2019-08-01,2019-08-01 09:35:41,0.09,1.125,4729,0.08,1.0,1402,0.09,1.125,196,0.085,1.0625,876,0
SPY190802C302,2019-08-01,2019-08-01 09:35:42,0.09,1.125,3946,0.08,1.0,873,0.09,1.125,196,0.085,1.0625,876,0
SPY190802C302,2019-08-01,2019-08-01 09:35:42,0.09,1.125,2888,0.08,1.0,736,0.09,1.125,196,0.085,1.0625,876,0
SPY190802C302,2019-08-01,2019-08-01 09:35:43,0.09,1.125,3946,0.08,1.0,1754,0.09,1.125,196,0.085,1.0625,876,0
SPY190802C302,2019-08-01,2019-08-01 09:35:43,0.09,1.125,2069,0.08,1.0,873,0.09,1.125,196,0.085,1.0625,876,0
SPY190802C302,2019-08-01,2019-08-01 09:35:44,0.09,1.125,2711,0.08,1.0,1572,0.09,1.125,196,0.085,1.0625,876,0
SPY190802C302,2019-08-01,2019-08-01 09:35:44,0.09,1.125,2711,0.08,1.0,2005,0.09,1.125,196,0.085,1.0625,876,0
SPY190802C302,2019-08-01,2019-08-01 09:35:45,0.09,1.125,3461,0.08,1.0,2005,0.09,1.125,196,0.085,1.0625,876,0
SPY190802C302,2019-08-01,2019-08-01 09:35:46,0.09,1.125,3716,0.08,1.0,1572,0.09,1.125,196,0.085,1.0625,876,0
SPY190802C302,2019-08-01,2019-08-01 09:35:46,0.09,1.125,2966,0.08,1.0,2006,0.09,1.125,196,0.085,1.0625,876,0
SPY190802C302,2019-08-01,2019-08-01 09:35:47,0.09,1.125,2753,0.08,1.0,1373,0.09,1.125,196,0.085,1.0625,876,0
SPY190802C302,2019-08-01,2019-08-01 09:35:47,0.09,1.125,2966,0.08,1.0,2026,0.09,1.125,196,0.085,1.0625,876,0
SPY190802C302,2019-08-01,2019-08-01 09:35:48,0.09,1.125,2753,0.08,1.0,1889,0.09,1.125,196,0.085,1.0625,876,0
SPY190802C302,2019-08-01,2019-08-01 09:35:49,0.09,1.125,2753,0.08,1.0,1889,0.09,1.125,196,0.085,1.0625,876,0
SPY190802C302,2019-08-01,2019-08-01 09:35:50,0.09,1.125,2753,0.08,1.0,2160,0.09,1.125,196,0.085,1.0625,876,0
SPY190802C302,2019-08-01,2019-08-01 09:35:51,0.09,1.125,846,0.08,1.0,1555,0.09,1.125,196,0.085,1.0625,876,0
SPY190802C302,2019-08-01,2019-08-01 09:35:51,0.09,1.125,846,0.08,1.0,1977,0.09,1.125,196,0.085,1.0625,876,0
SPY190802C302,2019-08-01,2019-08-01 09:35:52,0.09,1.125,783,0.08,1.0,2107,0.09,1.125,196,0.085,1.0625,876,0
SPY190802C302,2019-08-01,2019-08-01 09:35:52,0.09,1.125,783,0.08,1.0,1890,0.09,1.125,196,0.085,1.0625,876,0
SPY190802C302,2019-08-01,2019-08-01 09:35:53,0.09,1.125,783,0.08,1.0,2107,0.09,1.125,196,0.085,1.0625,876,0
SPY190802C302,2019-08-01,2019-08-01 09:35:54,0.09,1.125,783,0.08,1.0,1390,0.09,1.125,196,0.085,1.0625,876,0
SPY190802C302,2019-08-01,2019-08-01 09:35:55,0.09,1.125,847,0.08,1.0,1890,0.09,1.125,196,0.085,1.0625,876,0
SPY190802C302,2019-08-01,2019-08-01 09:35:55,0.09,1.125,847,0.08,1.0,2589,0.09,1.125,196,0.085,1.0625,876,0
SPY190802C302,2019-08-01,2019-08-01 09:35:56,0.09,1.125,1053,0.08,1.0,2589,0.09,1.125,1,0.085,1.0625,877,1
SPY190802C302,2019-08-01,2019-08-01 09:35:56,0.09,1.125,1203,0.08,1.0,2589,0.08,1.0,20,0.085,1.0625,900,23
SPY190802C302,2019-08-01,2019-08-01 09:35:57,0.09,1.125,926,0.08,1.0,2629,0.08,1.0,20,0.085,1.0625,900,0
SPY190802C302,2019-08-01,2019-08-01 09:35:57,0.09,1.125,1203,0.08,1.0,2629,0.08,1.0,20,0.085,1.0625,900,0
SPY190802C302,2019-08-01,2019-08-01 09:35:58,0.09,1.125,1666,0.08,1.0,2629,0.08,1.0,20,0.085,1.0625,900,0
SPY190802C302,2019-08-01,2019-08-01 09:35:59,0.09,1.125,2573,0.08,1.0,1915,0.08,1.0,20,0.085,1.0625,900,0
SPY190802C302,2019-08-01,2019-08-01 09:36:00,0.09,1.125,2434,0.08,1.0,1035,0.09,1.125,5,0.085,1.0625,907,0
SPY190802C302,2019-08-01,2019-08-01 09:36:00,0.09,1.125,2434,0.08,1.0,1097,0.09,1.125,5,0.085,1.0625,907,7
SPY190802C302,2019-08-01,2019-08-01 09:36:01,0.09,1.125,2431,0.08,1.0,603,0.09,1.125,5,0.085,1.0625,907,0
SPY190802C302,2019-08-01,2019-08-01 09:36:02,0.09,1.125,2147,0.08,1.0,2613,0.09,1.125,5,0.085,1.0625,907,0
SPY190802C302,2019-08-01,2019-08-01 09:36:02,0.09,1.125,2106,0.08,1.0,2080,0.08,1.0,1,0.085,1.0625,908,1
SPY190802C302,2019-08-01,2019-08-01 09:36:03,0.09,1.125,2573,0.08,1.0,2226,0.08,1.0,1,0.085,1.0625,908,0
SPY190802C302,2019-08-01,2019-08-01 09:36:03,0.09,1.125,2073,0.08,1.0,2416,0.08,1.0,1,0.085,1.0625,908,0
SPY190802C302,2019-08-01,2019-08-01 09:36:04,0.09,1.125,2573,0.08,1.0,2226,0.08,1.0,1,0.085,1.0625,908,0
SPY190802C302,2019-08-01,2019-08-01 09:36:04,0.09,1.125,3167,0.08,1.0,3181,0.08,1.0,1,0.085,1.0625,909,1
SPY190802C302,2019-08-01,2019-08-01 09:36:05,0.09,1.125,3167,0.08,1.0,3181,0.08,1.0,1,0.085,1.0625,909,0
SPY190802C302,2019-08-01,2019-08-01 09:36:06,0.09,1.125,2417,0.08,1.0,3181,0.08,1.0,1,0.085,1.0625,910,0
SPY190802C302,2019-08-01,2019-08-01 09:36:06,0.09,1.125,2417,0.08,1.0,3181,0.08,1.0,1,0.085,1.0625,910,1
SPY190802C302,2019-08-01,2019-08-01 09:36:07,0.09,1.125,1094,0.08,1.0,2581,0.08,1.0,1,0.085,1.0625,910,0
SPY190802C302,2019-08-01,2019-08-01 09:36:07,0.09,1.125,2417,0.08,1.0,3181,0.08,1.0,1,0.085,1.0625,910,0
SPY190802C302,2019-08-01,2019-08-01 09:36:08,0.09,1.125,919,0.08,1.0,2507,0.08,1.0,1,0.085,1.0625,910,0
SPY190802C302,2019-08-01,2019-08-01 09:36:08,0.09,1.125,1064,0.08,1.0,2507,0.08,1.0,1,0.085,1.0625,910,0
SPY190802C302,2019-08-01,2019-08-01 09:36:09,0.09,1.125,1745,0.08,1.0,3007,0.08,1.0,10,0.085,1.0625,920,10
SPY190802C302,2019-08-01,2019-08-01 09:36:09,0.09,1.125,2193,0.08,1.0,3007,0.08,1.0,10,0.085,1.0625,920,0
SPY190802C302,2019-08-01,2019-08-01 09:36:10,0.09,1.125,2943,0.08,1.0,3007,0.08,1.0,10,0.085,1.0625,920,0
SPY190802C302,2019-08-01,2019-08-01 09:36:11,0.09,1.125,2193,0.08,1.0,3007,0.08,1.0,10,0.085,1.0625,920,0
SPY190802C302,2019-08-01,2019-08-01 09:36:12,0.09,1.125,2193,0.08,1.0,3007,0.08,1.0,10,0.085,1.0625,920,0
SPY190802C302,2019-08-01,2019-08-01 09:36:13,0.09,1.125,1395,0.08,1.0,2943,0.08,1.0,10,0.085,1.0625,920,0
SPY190802C302,2019-08-01,2019-08-01 09:36:13,0.09,1.125,854,0.08,1.0,2507,0.08,1.0,10,0.085,1.0625,920,0
SPY190802C302,2019-08-01,2019-08-01 09:36:14,0.09,1.125,1395,0.08,1.0,3043,0.08,1.0,10,0.085,1.0625,920,0
SPY190802C302,2019-08-01,2019-08-01 09:36:14,0.09,1.125,2029,0.08,1.0,3056,0.08,1.0,10,0.085,1.0625,920,0
SPY190802C302,2019-08-01,2019-08-01 09:36:15,0.09,1.125,2275,0.08,1.0,3007,0.08,1.0,10,0.085,1.0625,920,0
SPY190802C302,2019-08-01,2019-08-01 09:36:16,0.09,1.125,2521,0.08,1.0,3007,0.08,1.0,10,0.085,1.0625,920,0
SPY190802C302,2019-08-01,2019-08-01 09:36:16,0.09,1.125,1568,0.08,1.0,2507,0.08,1.0,10,0.085,1.0625,920,0
SPY190802C302,2019-08-01,2019-08-01 09:36:17,0.09,1.125,2521,0.08,1.0,3007,0.08,1.0,10,0.085,1.0625,920,0
SPY190802C302,2019-08-01,2019-08-01 09:36:18,0.09,1.125,2521,0.08,1.0,3007,0.08,1.0,10,0.085,1.0625,920,0
SPY190802C302,2019-08-01,2019-08-01 09:36:19,0.09,1.125,2521,0.08,1.0,3007,0.09,1.125,30,0.085,1.0625,950,0
SPY190802C302,2019-08-01,2019-08-01 09:36:19,0.09,1.125,2521,0.08,1.0,3007,0.09,1.125,30,0.085,1.0625,950,30
SPY190802C302,2019-08-01,2019-08-01 09:36:20,0.09,1.125,2521,0.08,1.0,3007,0.09,1.125,30,0.085,1.0625,950,0
SPY190802C302,2019-08-01,2019-08-01 09:36:21,0.09,1.125,1418,0.08,1.0,2507,0.09,1.125,1,0.085,1.0625,951,0
SPY190802C302,2019-08-01,2019-08-01 09:36:21,0.09,1.125,2521,0.08,1.0,3007,0.09,1.125,1,0.085,1.0625,951,1
SPY190802C302,2019-08-01,2019-08-01 09:36:22,0.09,1.125,3002,0.08,1.0,3007,0.09,1.125,1,0.085,1.0625,951,0
SPY190802C302,2019-08-01,2019-08-01 09:36:22,0.09,1.125,3291,0.08,1.0,3007,0.09,1.125,1,0.085,1.0625,951,0
SPY190802C302,2019-08-01,2019-08-01 09:36:23,0.09,1.125,2166,0.08,1.0,3007,0.09,1.125,1,0.085,1.0625,951,0
SPY190802C302,2019-08-01,2019-08-01 09:36:23,0.09,1.125,4173,0.08,1.0,3103,0.09,1.125,1,0.085,1.0625,951,0
SPY190802C302,2019-08-01,2019-08-01 09:36:24,0.09,1.125,3673,0.08,1.0,2191,0.09,1.125,1,0.085,1.0625,951,0
SPY190802C302,2019-08-01,2019-08-01 09:36:25,0.09,1.125,3247,0.08,1.0,586,0.09,1.125,1,0.085,1.0625,951,0
SPY190802C302,2019-08-01,2019-08-01 09:36:26,0.09,1.125,3673,0.08,1.0,877,0.09,1.125,1,0.085,1.0625,951,0
SPY190802C302,2019-08-01,2019-08-01 09:36:27,0.09,1.125,3556,0.08,1.0,1501,0.09,1.125,1,0.085,1.0625,951,0
SPY190802C302,2019-08-01,2019-08-01 09:36:27,0.09,1.125,3982,0.08,1.0,1927,0.09,1.125,1,0.085,1.0625,951,0
SPY190802C302,2019-08-01,2019-08-01 09:36:28,0.09,1.125,4978,0.08,1.0,1501,0.09,1.125,1,0.085,1.0625,951,0
SPY190802C302,2019-08-01,2019-08-01 09:36:28,0.09,1.125,5404,0.08,1.0,568,0.09,1.125,1,0.085,1.0625,951,0
SPY190802C302,2019-08-01,2019-08-01 09:36:29,0.09,1.125,3495,0.08,1.0,211,0.09,1.125,1,0.085,1.0625,951,0
SPY190802C302,2019-08-01,2019-08-01 09:36:30,0.09,1.125,3969,0.08,1.0,442,0.09,1.125,1,0.085,1.0625,951,0
SPY190802C302,2019-08-01,2019-08-01 09:36:30,0.09,1.125,4569,0.08,1.0,400,0.09,1.125,1,0.085,1.0625,951,0
SPY190802C302,2019-08-01,2019-08-01 09:36:31,0.09,1.125,4526,0.08,1.0,422,0.09,1.125,1,0.085,1.0625,951,0
SPY190802C302,2019-08-01,2019-08-01 09:36:31,0.09,1.125,4526,0.08,1.0,1068,0.09,1.125,1,0.085,1.0625,951,0
SPY190802C302,2019-08-01,2019-08-01 09:36:32,0.09,1.125,4341,0.08,1.0,1306,0.09,1.125,1,0.085,1.0625,951,0
SPY190802C302,2019-08-01,2019-08-01 09:36:32,0.09,1.125,3856,0.08,1.0,1750,0.09,1.125,1,0.085,1.0625,951,0
SPY190802C302,2019-08-01,2019-08-01 09:36:33,0.09,1.125,5716,0.08,1.0,1931,0.09,1.125,1,0.085,1.0625,951,0
SPY190802C302,2019-08-01,2019-08-01 09:36:33,0.09,1.125,5875,0.08,1.0,1931,0.09,1.125,1,0.085,1.0625,951,0
SPY190802C302,2019-08-01,2019-08-01 09:36:34,0.09,1.125,5046,0.08,1.0,1931,0.08,1.0,1,0.085,1.0625,952,1
SPY190802C302,2019-08-01,2019-08-01 09:36:35,0.09,1.125,5733,0.08,1.0,1431,0.08,1.0,1,0.085,1.0625,952,0
SPY190802C302,2019-08-01,2019-08-01 09:36:35,0.09,1.125,5008,0.08,1.0,1931,0.08,1.0,1,0.085,1.0625,952,0
SPY190802C302,2019-08-01,2019-08-01 09:36:36,0.09,1.125,6374,0.08,1.0,1931,0.08,1.0,1,0.085,1.0625,952,0
SPY190802C302,2019-08-01,2019-08-01 09:36:36,0.09,1.125,4960,0.08,1.0,1931,0.08,1.0,1,0.085,1.0625,952,0
SPY190802C302,2019-08-01,2019-08-01 09:36:37,0.09,1.125,4960,0.08,1.0,1931,0.08,1.0,1,0.085,1.0625,952,0
SPY190802C302,2019-08-01,2019-08-01 09:36:38,0.09,1.125,2474,0.08,1.0,1431,0.08,1.0,1,0.085,1.0625,952,0
SPY190802C302,2019-08-01,2019-08-01 09:36:39,0.09,1.125,2780,0.08,1.0,1431,0.08,1.0,1,0.085,1.0625,952,0
SPY190802C302,2019-08-01,2019-08-01 09:36:39,0.09,1.125,3319,0.08,1.0,1741,0.08,1.0,1,0.085,1.0625,952,0
SPY190802C302,2019-08-01,2019-08-01 09:36:40,0.09,1.125,2816,0.08,1.0,1431,0.08,1.0,1,0.085,1.0625,952,0
SPY190802C302,2019-08-01,2019-08-01 09:36:41,0.09,1.125,4121,0.08,1.0,1931,0.08,1.0,1,0.085,1.0625,952,0
SPY190802C302,2019-08-01,2019-08-01 09:36:42,0.09,1.125,4121,0.08,1.0,1998,0.08,1.0,1,0.085,1.0625,952,0
SPY190802C302,2019-08-01,2019-08-01 09:36:43,0.09,1.125,4121,0.08,1.0,1931,0.08,1.0,1,0.085,1.0625,952,0
SPY190802C302,2019-08-01,2019-08-01 09:36:44,0.09,1.125,2878,0.08,1.0,1431,0.08,1.0,5,0.085,1.0625,957,0
SPY190802C302,2019-08-01,2019-08-01 09:36:44,0.09,1.125,4121,0.08,1.0,1431,0.08,1.0,5,0.085,1.0625,957,5
SPY190802C302,2019-08-01,2019-08-01 09:36:45,0.09,1.125,5017,0.08,1.0,283,0.08,1.0,17,0.085,1.0625,4858,3901
SPY190802C302,2019-08-01,2019-08-01 09:36:46,0.09,1.125,3712,0.08,1.0,305,0.09,1.125,1,0.085,1.0625,4958,100
SPY190802C302,2019-08-01,2019-08-01 09:36:46,0.09,1.125,5034,0.08,1.0,305,0.09,1.125,1,0.085,1.0625,4958,0
SPY190802C302,2019-08-01,2019-08-01 09:36:47,0.09,1.125,5035,0.08,1.0,305,0.09,1.125,1,0.085,1.0625,4958,0
SPY190802C302,2019-08-01,2019-08-01 09:36:48,0.09,1.125,4138,0.08,1.0,345,0.09,1.125,1,0.085,1.0625,4958,0
SPY190802C302,2019-08-01,2019-08-01 09:36:49,0.09,1.125,4138,0.08,1.0,131,0.09,1.125,1,0.085,1.0625,4958,0
SPY190802C302,2019-08-01,2019-08-01 09:36:49,0.09,1.125,5356,0.08,1.0,131,0.09,1.125,1,0.085,1.0625,4958,0
SPY190802C302,2019-08-01,2019-08-01 09:36:50,0.09,1.125,4138,0.08,1.0,149,0.09,1.125,1,0.085,1.0625,4958,0
SPY190802C302,2019-08-01,2019-08-01 09:36:51,0.08,1.0,605,0.07,0.875,3570,0.09,1.125,1,0.075,0.9375,4958,0
SPY190802C302,2019-08-01,2019-08-01 09:36:51,0.08,1.0,605,0.07,0.875,3573,0.09,1.125,1,0.075,0.9375,4958,0
SPY190802C302,2019-08-01,2019-08-01 09:36:52,0.08,1.0,605,0.07,0.875,3570,0.08,1.0,2,0.075,0.9375,4960,2
SPY190802C302,2019-08-01,2019-08-01 09:36:52,0.08,1.0,749,0.07,0.875,3654,0.08,1.0,2,0.075,0.9375,4960,0
SPY190802C302,2019-08-01,2019-08-01 09:36:53,0.08,1.0,713,0.07,0.875,3441,0.08,1.0,2,0.075,0.9375,4960,0
SPY190802C302,2019-08-01,2019-08-01 09:36:53,0.08,1.0,560,0.07,0.875,3654,0.08,1.0,2,0.075,0.9375,4960,0
SPY190802C302,2019-08-01,2019-08-01 09:36:54,0.08,1.0,713,0.07,0.875,3442,0.08,1.0,2,0.075,0.9375,4960,0
SPY190802C302,2019-08-01,2019-08-01 09:36:55,0.08,1.0,827,0.07,0.875,5008,0.08,1.0,2,0.075,0.9375,4960,0
SPY190802C302,2019-08-01,2019-08-01 09:36:55,0.08,1.0,740,0.07,0.875,2379,0.08,1.0,2,0.075,0.9375,4960,0
SPY190802C302,2019-08-01,2019-08-01 09:36:56,0.08,1.0,176,0.07,0.875,3810,0.08,1.0,2,0.075,0.9375,4960,0
SPY190802C302,2019-08-01,2019-08-01 09:36:56,0.08,1.0,713,0.07,0.875,3810,0.08,1.0,2,0.075,0.9375,4960,0
SPY190802C302,2019-08-01,2019-08-01 09:36:57,0.08,1.0,176,0.07,0.875,6000,0.08,1.0,2,0.075,0.9375,4960,0
SPY190802C302,2019-08-01,2019-08-01 09:36:58,0.08,1.0,607,0.07,0.875,4490,0.08,1.0,2,0.075,0.9375,4960,0
SPY190802C302,2019-08-01,2019-08-01 09:36:58,0.08,1.0,481,0.07,0.875,4130,0.08,1.0,2,0.075,0.9375,4960,0
SPY190802C302,2019-08-01,2019-08-01 09:36:59,0.08,1.0,481,0.07,0.875,4490,0.08,1.0,2,0.075,0.9375,4960,0
SPY190802C302,2019-08-01,2019-08-01 09:37:00,0.08,1.0,480,0.07,0.875,4166,0.08,1.0,1,0.075,0.9375,4961,1
SPY190802C302,2019-08-01,2019-08-01 09:37:00,0.08,1.0,481,0.07,0.875,4490,0.08,1.0,2,0.075,0.9375,4960,0
SPY190802C302,2019-08-01,2019-08-01 09:37:01,0.08,1.0,480,0.07,0.875,4166,0.08,1.0,1,0.075,0.9375,4961,0
SPY190802C302,2019-08-01,2019-08-01 09:37:01,0.08,1.0,480,0.07,0.875,5244,0.08,1.0,1,0.075,0.9375,4961,0
SPY190802C302,2019-08-01,2019-08-01 09:37:02,0.08,1.0,384,0.07,0.875,5244,0.08,1.0,1,0.075,0.9375,4961,0
SPY190802C302,2019-08-01,2019-08-01 09:37:02,0.08,1.0,175,0.07,0.875,5244,0.08,1.0,1,0.075,0.9375,4961,0
SPY190802C302,2019-08-01,2019-08-01 09:37:03,0.08,1.0,175,0.07,0.875,3950,0.08,1.0,1,0.075,0.9375,4961,0
SPY190802C302,2019-08-01,2019-08-01 09:37:03,0.08,1.0,480,0.07,0.875,4888,0.08,1.0,1,0.075,0.9375,4961,0
SPY190802C302,2019-08-01,2019-08-01 09:37:04,0.08,1.0,480,0.07,0.875,3552,0.08,1.0,1,0.075,0.9375,4961,0
SPY190802C302,2019-08-01,2019-08-01 09:37:04,0.08,1.0,577,0.07,0.875,4927,0.08,1.0,1,0.075,0.9375,4961,0
SPY190802C302,2019-08-01,2019-08-01 09:37:05,0.08,1.0,577,0.07,0.875,4968,0.08,1.0,1,0.075,0.9375,4961,0
SPY190802C302,2019-08-01,2019-08-01 09:37:06,0.08,1.0,577,0.07,0.875,4882,0.08,1.0,1,0.075,0.9375,4961,0
SPY190802C302,2019-08-01,2019-08-01 09:37:06,0.08,1.0,577,0.07,0.875,4932,0.08,1.0,1,0.075,0.9375,4961,0
SPY190802C302,2019-08-01,2019-08-01 09:37:07,0.08,1.0,223,0.07,0.875,4932,0.08,1.0,1,0.075,0.9375,4961,0
SPY190802C302,2019-08-01,2019-08-01 09:37:07,0.08,1.0,577,0.07,0.875,4932,0.08,1.0,1,0.075,0.9375,4961,0
SPY190802C302,2019-08-01,2019-08-01 09:37:08,0.08,1.0,635,0.07,0.875,4427,0.08,1.0,1,0.075,0.9375,4961,0
SPY190802C302,2019-08-01,2019-08-01 09:37:08,0.08,1.0,635,0.07,0.875,5071,0.08,1.0,1,0.075,0.9375,4961,0
SPY190802C302,2019-08-01,2019-08-01 09:37:09,0.08,1.0,635,0.07,0.875,5022,0.08,1.0,1,0.075,0.9375,4961,0
SPY190802C302,2019-08-01,2019-08-01 09:37:09,0.08,1.0,635,0.07,0.875,4346,0.08,1.0,1,0.075,0.9375,4961,0
SPY190802C302,2019-08-01,2019-08-01 09:37:10,0.08,1.0,655,0.07,0.875,4286,0.08,1.0,1,0.075,0.9375,4961,0
SPY190802C302,2019-08-01,2019-08-01 09:37:11,0.08,1.0,1181,0.07,0.875,5195,0.08,1.0,1,0.075,0.9375,4961,0
SPY190802C302,2019-08-01,2019-08-01 09:37:11,0.08,1.0,1845,0.07,0.875,4827,0.08,1.0,1,0.075,0.9375,4961,0
SPY190802C302,2019-08-01,2019-08-01 09:37:12,0.08,1.0,1932,0.07,0.875,4724,0.08,1.0,1,0.075,0.9375,4961,0
SPY190802C302,2019-08-01,2019-08-01 09:37:13,0.08,1.0,1910,0.07,0.875,4724,0.08,1.0,1,0.075,0.9375,4961,0
SPY190802C302,2019-08-01,2019-08-01 09:37:13,0.08,1.0,2726,0.07,0.875,4173,0.08,1.0,3,0.075,0.9375,4974,13
SPY190802C302,2019-08-01,2019-08-01 09:37:14,0.08,1.0,2051,0.07,0.875,3808,0.08,1.0,3,0.075,0.9375,4974,0
SPY190802C302,2019-08-01,2019-08-01 09:37:14,0.08,1.0,3594,0.07,0.875,5077,0.08,1.0,3,0.075,0.9375,4974,0
SPY190802C302,2019-08-01,2019-08-01 09:37:15,0.08,1.0,3594,0.07,0.875,5077,0.08,1.0,3,0.075,0.9375,4974,0
SPY190802C302,2019-08-01,2019-08-01 09:37:16,0.08,1.0,3548,0.07,0.875,5565,0.08,1.0,3,0.075,0.9375,4974,0
SPY190802C302,2019-08-01,2019-08-01 09:37:16,0.08,1.0,1940,0.07,0.875,5077,0.08,1.0,3,0.075,0.9375,4974,0
SPY190802C302,2019-08-01,2019-08-01 09:37:17,0.08,1.0,2437,0.07,0.875,4156,0.08,1.0,3,0.075,0.9375,4974,0
SPY190802C302,2019-08-01,2019-08-01 09:37:17,0.08,1.0,2452,0.07,0.875,3699,0.08,1.0,3,0.075,0.9375,4974,0
SPY190802C302,2019-08-01,2019-08-01 09:37:18,0.08,1.0,2452,0.07,0.875,3699,0.08,1.0,3,0.075,0.9375,4974,0
SPY190802C302,2019-08-01,2019-08-01 09:37:19,0.08,1.0,3582,0.07,0.875,5077,0.08,1.0,3,0.075,0.9375,4974,0
SPY190802C302,2019-08-01,2019-08-01 09:37:20,0.08,1.0,2452,0.07,0.875,3699,0.08,1.0,3,0.075,0.9375,4974,0
SPY190802C302,2019-08-01,2019-08-01 09:37:20,0.08,1.0,3582,0.07,0.875,5077,0.08,1.0,3,0.075,0.9375,4974,0
SPY190802C302,2019-08-01,2019-08-01 09:37:21,0.08,1.0,3202,0.07,0.875,2779,0.08,1.0,3,0.075,0.9375,4974,0
SPY190802C302,2019-08-01,2019-08-01 09:37:21,0.08,1.0,2452,0.07,0.875,3699,0.08,1.0,3,0.075,0.9375,4974,0
SPY190802C302,2019-08-01,2019-08-01 09:37:22,0.08,1.0,3202,0.07,0.875,2162,0.08,1.0,3,0.075,0.9375,4974,0
SPY190802C302,2019-08-01,2019-08-01 09:37:23,0.08,1.0,3277,0.07,0.875,2527,0.08,1.0,3,0.075,0.9375,4974,0
SPY190802C302,2019-08-01,2019-08-01 09:37:24,0.08,1.0,2934,0.07,0.875,2719,0.07,0.875,2,0.075,0.9375,4979,5
SPY190802C302,2019-08-01,2019-08-01 09:37:24,0.08,1.0,3471,0.07,0.875,2278,0.07,0.875,2,0.075,0.9375,4979,0
SPY190802C302,2019-08-01,2019-08-01 09:37:25,0.08,1.0,4292,0.07,0.875,2347,0.07,0.875,2,0.075,0.9375,4979,0
SPY190802C302,2019-08-01,2019-08-01 09:37:25,0.08,1.0,4397,0.07,0.875,3292,0.07,0.875,2,0.075,0.9375,4979,0
SPY190802C302,2019-08-01,2019-08-01 09:37:26,0.08,1.0,2821,0.07,0.875,2845,0.07,0.875,2,0.075,0.9375,4979,0
SPY190802C302,2019-08-01,2019-08-01 09:37:27,0.08,1.0,4282,0.07,0.875,3530,0.07,0.875,2,0.075,0.9375,4979,0
SPY190802C302,2019-08-01,2019-08-01 09:37:27,0.08,1.0,4198,0.07,0.875,3446,0.07,0.875,2,0.075,0.9375,4979,0
SPY190802C302,2019-08-01,2019-08-01 09:37:28,0.08,1.0,4282,0.07,0.875,3530,0.07,0.875,2,0.075,0.9375,4979,0
SPY190802C302,2019-08-01,2019-08-01 09:37:28,0.08,1.0,4278,0.07,0.875,3530,0.07,0.875,2,0.075,0.9375,4979,0
SPY190802C302,2019-08-01,2019-08-01 09:37:29,0.08,1.0,4278,0.07,0.875,3530,0.07,0.875,2,0.075,0.9375,4979,0
SPY190802C302,2019-08-01,2019-08-01 09:37:30,0.08,1.0,4282,0.07,0.875,3526,0.07,0.875,2,0.075,0.9375,4979,0
SPY190802C302,2019-08-01,2019-08-01 09:37:30,0.08,1.0,4282,0.07,0.875,2580,0.07,0.875,2,0.075,0.9375,4979,0
SPY190802C302,2019-08-01,2019-08-01 09:37:31,0.08,1.0,4638,0.07,0.875,1921,0.07,0.875,2,0.075,0.9375,4979,0
SPY190802C302,2019-08-01,2019-08-01 09:37:32,0.08,1.0,6003,0.07,0.875,3015,0.07,0.875,2,0.075,0.9375,4979,0
SPY190802C302,2019-08-01,2019-08-01 09:37:33,0.08,1.0,4727,0.07,0.875,1988,0.07,0.875,2,0.075,0.9375,4979,0
SPY190802C302,2019-08-01,2019-08-01 09:37:33,0.08,1.0,6003,0.07,0.875,2905,0.07,0.875,2,0.075,0.9375,4979,0
SPY190802C302,2019-08-01,2019-08-01 09:37:34,0.08,1.0,5573,0.07,0.875,2874,0.07,0.875,1,0.075,0.9375,4980,1
SPY190802C302,2019-08-01,2019-08-01 09:37:34,0.08,1.0,5999,0.07,0.875,2874,0.07,0.875,1,0.075,0.9375,4980,0
SPY190802C302,2019-08-01,2019-08-01 09:37:35,0.08,1.0,4638,0.07,0.875,2237,0.07,0.875,1,0.075,0.9375,4980,0
SPY190802C302,2019-08-01,2019-08-01 09:37:36,0.08,1.0,4638,0.07,0.875,2237,0.07,0.875,1,0.075,0.9375,4980,0
SPY190802C302,2019-08-01,2019-08-01 09:37:37,0.08,1.0,4695,0.07,0.875,3559,0.07,0.875,1,0.075,0.9375,4980,0
SPY190802C302,2019-08-01,2019-08-01 09:37:37,0.08,1.0,4638,0.07,0.875,2237,0.07,0.875,1,0.075,0.9375,4980,0
SPY190802C302,2019-08-01,2019-08-01 09:37:38,0.08,1.0,1813,0.07,0.875,1320,0.07,0.875,1,0.075,0.9375,4980,0
SPY190802C302,2019-08-01,2019-08-01 09:37:38,0.08,1.0,2563,0.07,0.875,1465,0.07,0.875,1,0.075,0.9375,4980,0
SPY190802C302,2019-08-01,2019-08-01 09:37:39,0.08,1.0,4689,0.07,0.875,3459,0.07,0.875,1,0.075,0.9375,4980,0
SPY190802C302,2019-08-01,2019-08-01 09:37:39,0.08,1.0,2087,0.07,0.875,2596,0.07,0.875,1,0.075,0.9375,4980,0
SPY190802C302,2019-08-01,2019-08-01 09:37:40,0.08,1.0,4689,0.07,0.875,3459,0.07,0.875,1,0.075,0.9375,4980,0
SPY190802C302,2019-08-01,2019-08-01 09:37:41,0.08,1.0,4692,0.07,0.875,3566,0.07,0.875,1,0.075,0.9375,4980,0
SPY190802C302,2019-08-01,2019-08-01 09:37:41,0.08,1.0,3413,0.07,0.875,2293,0.07,0.875,1,0.075,0.9375,4980,0
SPY190802C302,2019-08-01,2019-08-01 09:37:42,0.08,1.0,4692,0.07,0.875,3582,0.07,0.875,1,0.075,0.9375,4980,0
SPY190802C302,2019-08-01,2019-08-01 09:37:42,0.08,1.0,4692,0.07,0.875,3645,0.07,0.875,1,0.075,0.9375,4980,0
SPY190802C302,2019-08-01,2019-08-01 09:37:43,0.08,1.0,4692,0.07,0.875,3645,0.07,0.875,1,0.075,0.9375,4980,0
SPY190802C302,2019-08-01,2019-08-01 09:37:44,0.08,1.0,3413,0.07,0.875,2463,0.07,0.875,1,0.075,0.9375,4980,0
SPY190802C302,2019-08-01,2019-08-01 09:37:45,0.08,1.0,3413,0.07,0.875,2463,0.07,0.875,1,0.075,0.9375,4981,1
SPY190802C302,2019-08-01,2019-08-01 09:37:46,0.08,1.0,2913,0.07,0.875,1963,0.07,0.875,1,0.075,0.9375,4981,0
SPY190802C302,2019-08-01,2019-08-01 09:37:46,0.08,1.0,3413,0.07,0.875,2463,0.07,0.875,1,0.075,0.9375,4981,0
SPY190802C302,2019-08-01,2019-08-01 09:37:47,0.08,1.0,3413,0.07,0.875,2351,0.07,0.875,1,0.075,0.9375,4981,0
SPY190802C302,2019-08-01,2019-08-01 09:37:48,0.08,1.0,3572,0.07,0.875,2266,0.07,0.875,1,0.075,0.9375,4981,0
SPY190802C302,2019-08-01,2019-08-01 09:37:49,0.08,1.0,3572,0.07,0.875,1878,0.07,0.875,1,0.075,0.9375,4981,0
SPY190802C302,2019-08-01,2019-08-01 09:37:49,0.08,1.0,3572,0.07,0.875,2266,0.07,0.875,1,0.075,0.9375,4981,0
SPY190802C302,2019-08-01,2019-08-01 09:37:50,0.08,1.0,3222,0.07,0.875,2350,0.07,0.875,1,0.075,0.9375,4981,0
SPY190802C302,2019-08-01,2019-08-01 09:37:50,0.08,1.0,3222,0.07,0.875,3290,0.07,0.875,1,0.075,0.9375,4981,0
SPY190802C302,2019-08-01,2019-08-01 09:37:51,0.08,1.0,3222,0.07,0.875,2350,0.07,0.875,1,0.075,0.9375,4981,0
SPY190802C302,2019-08-01,2019-08-01 09:37:52,0.08,1.0,3222,0.07,0.875,2350,0.07,0.875,1,0.075,0.9375,4981,0
SPY190802C302,2019-08-01,2019-08-01 09:37:53,0.08,1.0,3222,0.07,0.875,2350,0.07,0.875,1,0.075,0.9375,4981,0
SPY190802C302,2019-08-01,2019-08-01 09:37:53,0.08,1.0,4463,0.07,0.875,3501,0.07,0.875,1,0.075,0.9375,4981,0
SPY190802C302,2019-08-01,2019-08-01 09:37:54,0.08,1.0,3600,0.07,0.875,5177,0.07,0.875,1,0.075,0.9375,4981,0
SPY190802C302,2019-08-01,2019-08-01 09:37:54,0.08,1.0,3681,0.07,0.875,3698,0.07,0.875,1,0.075,0.9375,4981,0
SPY190802C302,2019-08-01,2019-08-01 09:37:55,0.08,1.0,2463,0.07,0.875,4180,0.07,0.875,1,0.075,0.9375,4981,0
SPY190802C302,2019-08-01,2019-08-01 09:37:56,0.08,1.0,2463,0.07,0.875,3700,0.07,0.875,1,0.075,0.9375,4981,0
SPY190802C302,2019-08-01,2019-08-01 09:37:56,0.08,1.0,2463,0.07,0.875,4166,0.07,0.875,1,0.075,0.9375,4981,0
SPY190802C302,2019-08-01,2019-08-01 09:37:57,0.08,1.0,2463,0.07,0.875,3700,0.07,0.875,1,0.075,0.9375,4981,0
SPY190802C302,2019-08-01,2019-08-01 09:37:57,0.08,1.0,2463,0.07,0.875,4171,0.07,0.875,2,0.075,0.9375,4983,2
SPY190802C302,2019-08-01,2019-08-01 09:37:58,0.08,1.0,2983,0.07,0.875,4396,0.07,0.875,2,0.075,0.9375,4983,0
SPY190802C302,2019-08-01,2019-08-01 09:37:59,0.08,1.0,2020,0.07,0.875,4476,0.07,0.875,2,0.075,0.9375,4983,0
SPY190802C302,2019-08-01,2019-08-01 09:37:59,0.08,1.0,1323,0.07,0.875,4374,0.07,0.875,2,0.075,0.9375,4983,0
SPY190802C302,2019-08-01,2019-08-01 09:38:00,0.08,1.0,1853,0.07,0.875,4840,0.07,0.875,2,0.075,0.9375,4983,0
SPY190802C302,2019-08-01,2019-08-01 09:38:00,0.08,1.0,2647,0.07,0.875,5232,0.07,0.875,2,0.075,0.9375,4983,0
SPY190802C302,2019-08-01,2019-08-01 09:38:01,0.08,1.0,1236,0.07,0.875,4105,0.07,0.875,2,0.075,0.9375,4983,0
SPY190802C302,2019-08-01,2019-08-01 09:38:02,0.08,1.0,4005,0.07,0.875,3500,0.07,0.875,2,0.075,0.9375,4983,0
SPY190802C302,2019-08-01,2019-08-01 09:38:02,0.08,1.0,1236,0.07,0.875,4105,0.07,0.875,2,0.075,0.9375,4983,0
SPY190802C302,2019-08-01,2019-08-01 09:38:03,0.08,1.0,4541,0.07,0.875,3529,0.07,0.875,2,0.075,0.9375,4983,0
SPY190802C302,2019-08-01,2019-08-01 09:38:03,0.08,1.0,2104,0.07,0.875,1873,0.07,0.875,2,0.075,0.9375,4983,0
SPY190802C302,2019-08-01,2019-08-01 09:38:04,0.08,1.0,2551,0.07,0.875,3793,0.07,0.875,2,0.075,0.9375,4983,0
SPY190802C302,2019-08-01,2019-08-01 09:38:04,0.08,1.0,2593,0.07,0.875,3322,0.07,0.875,2,0.075,0.9375,4983,0
SPY190802C302,2019-08-01,2019-08-01 09:38:05,0.08,1.0,2384,0.07,0.875,3240,0.07,0.875,2,0.075,0.9375,4983,0
SPY190802C302,2019-08-01,2019-08-01 09:38:06,0.08,1.0,2604,0.07,0.875,1745,0.07,0.875,5,0.075,0.9375,4993,10
SPY190802C302,2019-08-01,2019-08-01 09:38:06,0.08,1.0,2551,0.07,0.875,2848,0.07,0.875,2,0.075,0.9375,4983,0
SPY190802C302,2019-08-01,2019-08-01 09:38:07,0.08,1.0,2362,0.07,0.875,3051,0.07,0.875,5,0.075,0.9375,4993,0
SPY190802C302,2019-08-01,2019-08-01 09:38:07,0.08,1.0,2604,0.07,0.875,1745,0.07,0.875,5,0.075,0.9375,4993,0
SPY190802C302,2019-08-01,2019-08-01 09:38:08,0.08,1.0,3112,0.07,0.875,3051,0.07,0.875,5,0.075,0.9375,4993,0
SPY190802C302,2019-08-01,2019-08-01 09:38:08,0.08,1.0,2362,0.07,0.875,4271,0.07,0.875,5,0.075,0.9375,4993,0
SPY190802C302,2019-08-01,2019-08-01 09:38:09,0.08,1.0,1933,0.07,0.875,3826,0.07,0.875,5,0.075,0.9375,4993,0
SPY190802C302,2019-08-01,2019-08-01 09:38:09,0.08,1.0,3112,0.07,0.875,3776,0.07,0.875,5,0.075,0.9375,4993,0
SPY190802C302,2019-08-01,2019-08-01 09:38:10,0.08,1.0,2189,0.07,0.875,3523,0.07,0.875,5,0.075,0.9375,4993,0
SPY190802C302,2019-08-01,2019-08-01 09:38:11,0.08,1.0,2302,0.07,0.875,2817,0.07,0.875,5,0.075,0.9375,4993,0
SPY190802C302,2019-08-01,2019-08-01 09:38:11,0.08,1.0,2189,0.07,0.875,3523,0.07,0.875,5,0.075,0.9375,4993,0
SPY190802C302,2019-08-01,2019-08-01 09:38:12,0.08,1.0,2208,0.07,0.875,2988,0.07,0.875,5,0.075,0.9375,4993,0
SPY190802C302,2019-08-01,2019-08-01 09:38:12,0.08,1.0,2404,0.07,0.875,2988,0.07,0.875,5,0.075,0.9375,4993,0
SPY190802C302,2019-08-01,2019-08-01 09:38:13,0.08,1.0,1898,0.07,0.875,2988,0.07,0.875,5,0.075,0.9375,4993,0
SPY190802C302,2019-08-01,2019-08-01 09:38:13,0.08,1.0,2478,0.07,0.875,2988,0.07,0.875,5,0.075,0.9375,4993,0
SPY190802C302,2019-08-01,2019-08-01 09:38:14,0.08,1.0,2880,0.07,0.875,3111,0.07,0.875,5,0.075,0.9375,4993,0
SPY190802C302,2019-08-01,2019-08-01 09:38:15,0.08,1.0,1863,0.07,0.875,1990,0.07,0.875,5,0.075,0.9375,4993,0
SPY190802C302,2019-08-01,2019-08-01 09:38:15,0.08,1.0,2880,0.07,0.875,3111,0.07,0.875,5,0.075,0.9375,4993,0
SPY190802C302,2019-08-01,2019-08-01 09:38:16,0.08,1.0,1239,0.07,0.875,1959,0.07,0.875,5,0.075,0.9375,4993,0
SPY190802C302,2019-08-01,2019-08-01 09:38:16,0.08,1.0,1866,0.07,0.875,1738,0.07,0.875,5,0.075,0.9375,4993,0
SPY190802C302,2019-08-01,2019-08-01 09:38:17,0.08,1.0,1942,0.07,0.875,2897,0.07,0.875,5,0.075,0.9375,4993,0
SPY190802C302,2019-08-01,2019-08-01 09:38:18,0.08,1.0,1814,0.07,0.875,2273,0.07,0.875,5,0.075,0.9375,4993,0
SPY190802C302,2019-08-01,2019-08-01 09:38:19,0.08,1.0,1814,0.07,0.875,3506,0.07,0.875,5,0.075,0.9375,4993,0
SPY190802C302,2019-08-01,2019-08-01 09:38:19,0.08,1.0,1912,0.07,0.875,3443,0.07,0.875,5,0.075,0.9375,4993,0
SPY190802C302,2019-08-01,2019-08-01 09:38:20,0.08,1.0,3453,0.07,0.875,3956,0.07,0.875,5,0.075,0.9375,4993,0
SPY190802C302,2019-08-01,2019-08-01 09:38:20,0.08,1.0,2423,0.07,0.875,1891,0.07,0.875,5,0.075,0.9375,4993,0
SPY190802C302,2019-08-01,2019-08-01 09:38:21,0.08,1.0,3541,0.07,0.875,3603,0.08,1.0,20,0.075,0.9375,5013,0
SPY190802C302,2019-08-01,2019-08-01 09:38:21,0.08,1.0,3041,0.07,0.875,3103,0.08,1.0,20,0.075,0.9375,5013,20
SPY190802C302,2019-08-01,2019-08-01 09:38:22,0.08,1.0,3541,0.07,0.875,3603,0.08,1.0,20,0.075,0.9375,5013,0
SPY190802C302,2019-08-01,2019-08-01 09:38:23,0.08,1.0,3541,0.07,0.875,3603,0.08,1.0,20,0.075,0.9375,5013,0
SPY190802C302,2019-08-01,2019-08-01 09:38:24,0.08,1.0,3041,0.07,0.875,3603,0.08,1.0,20,0.075,0.9375,5013,0
SPY190802C302,2019-08-01,2019-08-01 09:38:25,0.08,1.0,3041,0.07,0.875,3282,0.08,1.0,20,0.075,0.9375,5013,0
SPY190802C302,2019-08-01,2019-08-01 09:38:25,0.08,1.0,3041,0.07,0.875,3603,0.08,1.0,20,0.075,0.9375,5013,0
SPY190802C302,2019-08-01,2019-08-01 09:38:26,0.08,1.0,2849,0.07,0.875,2466,0.08,1.0,20,0.075,0.9375,5013,0
SPY190802C302,2019-08-01,2019-08-01 09:38:27,0.08,1.0,3319,0.07,0.875,1360,0.07,0.875,10,0.075,0.9375,5023,0
SPY190802C302,2019-08-01,2019-08-01 09:38:27,0.08,1.0,2278,0.07,0.875,1360,0.07,0.875,10,0.075,0.9375,5023,10
SPY190802C302,2019-08-01,2019-08-01 09:38:28,0.08,1.0,2834,0.07,0.875,3072,0.08,1.0,1,0.075,0.9375,5024,1
SPY190802C302,2019-08-01,2019-08-01 09:38:28,0.08,1.0,1966,0.07,0.875,2946,0.07,0.875,10,0.075,0.9375,5023,0
SPY190802C302,2019-08-01,2019-08-01 09:38:29,0.08,1.0,2834,0.07,0.875,3072,0.08,1.0,1,0.075,0.9375,5024,0
SPY190802C302,2019-08-01,2019-08-01 09:38:30,0.08,1.0,4097,0.07,0.875,1458,0.08,1.0,1,0.075,0.9375,5024,0
SPY190802C302,2019-08-01,2019-08-01 09:38:31,0.08,1.0,3449,0.07,0.875,560,0.07,0.875,4,0.075,0.9375,5028,0
SPY190802C302,2019-08-01,2019-08-01 09:38:31,0.08,1.0,4208,0.07,0.875,441,0.07,0.875,4,0.075,0.9375,5028,4
SPY190802C302,2019-08-01,2019-08-01 09:38:32,0.08,1.0,3756,0.07,0.875,442,0.07,0.875,4,0.075,0.9375,5028,0
SPY190802C302,2019-08-01,2019-08-01 09:38:33,0.08,1.0,5970,0.07,0.875,442,0.07,0.875,4,0.075,0.9375,5028,0
SPY190802C302,2019-08-01,2019-08-01 09:38:33,0.08,1.0,7002,0.07,0.875,442,0.07,0.875,4,0.075,0.9375,5028,0
SPY190802C302,2019-08-01,2019-08-01 09:38:34,0.08,1.0,5699,0.07,0.875,442,0.07,0.875,4,0.075,0.9375,5028,0
SPY190802C302,2019-08-01,2019-08-01 09:38:34,0.08,1.0,2405,0.07,0.875,843,0.07,0.875,6,0.075,0.9375,5034,6
SPY190802C302,2019-08-01,2019-08-01 09:38:35,0.08,1.0,4437,0.07,0.875,442,0.07,0.875,6,0.075,0.9375,5034,0
SPY190802C302,2019-08-01,2019-08-01 09:38:36,0.08,1.0,4539,0.07,0.875,589,0.07,0.875,6,0.075,0.9375,5034,0
SPY190802C302,2019-08-01,2019-08-01 09:38:36,0.08,1.0,4437,0.07,0.875,442,0.07,0.875,6,0.075,0.9375,5034,0
SPY190802C302,2019-08-01,2019-08-01 09:38:37,0.08,1.0,4073,0.07,0.875,167,0.07,0.875,6,0.075,0.9375,5034,0
SPY190802C302,2019-08-01,2019-08-01 09:38:38,0.08,1.0,4123,0.07,0.875,355,0.07,0.875,6,0.075,0.9375,5034,0
SPY190802C302,2019-08-01,2019-08-01 09:38:38,0.08,1.0,4726,0.07,0.875,522,0.07,0.875,6,0.075,0.9375,5034,0
SPY190802C302,2019-08-01,2019-08-01 09:38:39,0.08,1.0,5677,0.07,0.875,24,0.07,0.875,6,0.075,0.9375,5034,0
SPY190802C302,2019-08-01,2019-08-01 09:38:39,0.08,1.0,5529,0.07,0.875,566,0.07,0.875,6,0.075,0.9375,5034,0
SPY190802C302,2019-08-01,2019-08-01 09:38:40,0.08,1.0,5734,0.07,0.875,24,0.07,0.875,6,0.075,0.9375,5034,0
SPY190802C302,2019-08-01,2019-08-01 09:38:41,0.08,1.0,5846,0.07,0.875,75,0.07,0.875,6,0.075,0.9375,5034,0
SPY190802C302,2019-08-01,2019-08-01 09:38:41,0.08,1.0,4643,0.07,0.875,75,0.07,0.875,6,0.075,0.9375,5034,0
SPY190802C302,2019-08-01,2019-08-01 09:38:42,0.08,1.0,5846,0.07,0.875,75,0.07,0.875,6,0.075,0.9375,5034,0
SPY190802C302,2019-08-01,2019-08-01 09:38:43,0.08,1.0,4614,0.07,0.875,83,0.07,0.875,6,0.075,0.9375,5034,0
SPY190802C302,2019-08-01,2019-08-01 09:38:43,0.08,1.0,4714,0.07,0.875,83,0.07,0.875,6,0.075,0.9375,5034,0
SPY190802C302,2019-08-01,2019-08-01 09:38:44,0.08,1.0,4614,0.07,0.875,126,0.07,0.875,6,0.075,0.9375,5034,0
SPY190802C302,2019-08-01,2019-08-01 09:38:45,0.08,1.0,4429,0.07,0.875,274,0.07,0.875,6,0.075,0.9375,5034,0
SPY190802C302,2019-08-01,2019-08-01 09:38:46,0.08,1.0,4101,0.07,0.875,576,0.07,0.875,6,0.075,0.9375,5034,0
SPY190802C302,2019-08-01,2019-08-01 09:38:46,0.08,1.0,3772,0.07,0.875,453,0.07,0.875,6,0.075,0.9375,5034,0
SPY190802C302,2019-08-01,2019-08-01 09:38:47,0.08,1.0,4101,0.07,0.875,664,0.07,0.875,6,0.075,0.9375,5034,0
SPY190802C302,2019-08-01,2019-08-01 09:38:48,0.08,1.0,4101,0.07,0.875,664,0.07,0.875,6,0.075,0.9375,5034,0
SPY190802C302,2019-08-01,2019-08-01 09:38:48,0.08,1.0,4394,0.07,0.875,664,0.07,0.875,6,0.075,0.9375,5034,0
SPY190802C302,2019-08-01,2019-08-01 09:38:49,0.08,1.0,4101,0.07,0.875,664,0.07,0.875,6,0.075,0.9375,5034,0
SPY190802C302,2019-08-01,2019-08-01 09:38:50,0.08,1.0,4101,0.07,0.875,716,0.07,0.875,6,0.075,0.9375,5034,0
SPY190802C302,2019-08-01,2019-08-01 09:38:50,0.08,1.0,4101,0.07,0.875,815,0.07,0.875,6,0.075,0.9375,5034,0
SPY190802C302,2019-08-01,2019-08-01 09:38:51,0.08,1.0,4096,0.07,0.875,815,0.07,0.875,6,0.075,0.9375,5034,0
SPY190802C302,2019-08-01,2019-08-01 09:38:51,0.08,1.0,4479,0.07,0.875,815,0.07,0.875,6,0.075,0.9375,5034,0
SPY190802C302,2019-08-01,2019-08-01 09:38:52,0.08,1.0,4096,0.07,0.875,975,0.07,0.875,6,0.075,0.9375,5034,0
SPY190802C302,2019-08-01,2019-08-01 09:38:53,0.08,1.0,3138,0.07,0.875,959,0.07,0.875,6,0.075,0.9375,5034,0
SPY190802C302,2019-08-01,2019-08-01 09:38:53,0.08,1.0,4096,0.07,0.875,975,0.07,0.875,6,0.075,0.9375,5034,0
SPY190802C302,2019-08-01,2019-08-01 09:38:54,0.08,1.0,2093,0.07,0.875,1022,0.07,0.875,6,0.075,0.9375,5034,0
SPY190802C302,2019-08-01,2019-08-01 09:38:54,0.08,1.0,2624,0.07,0.875,2100,0.07,0.875,6,0.075,0.9375,5034,0
SPY190802C302,2019-08-01,2019-08-01 09:38:55,0.08,1.0,2624,0.07,0.875,2100,0.07,0.875,6,0.075,0.9375,5034,0
SPY190802C302,2019-08-01,2019-08-01 09:38:56,0.08,1.0,2316,0.07,0.875,2100,0.07,0.875,6,0.075,0.9375,5034,0
SPY190802C302,2019-08-01,2019-08-01 09:38:56,0.08,1.0,2243,0.07,0.875,2100,0.07,0.875,6,0.075,0.9375,5034,0
SPY190802C302,2019-08-01,2019-08-01 09:38:57,0.08,1.0,2100,0.07,0.875,2100,0.07,0.875,3,0.075,0.9375,5038,4
SPY190802C302,2019-08-01,2019-08-01 09:38:57,0.08,1.0,2093,0.07,0.875,2108,0.07,0.875,3,0.075,0.9375,5038,0
SPY190802C302,2019-08-01,2019-08-01 09:38:58,0.08,1.0,3784,0.07,0.875,3751,0.07,0.875,3,0.075,0.9375,5038,0
SPY190802C302,2019-08-01,2019-08-01 09:38:59,0.08,1.0,3784,0.07,0.875,3751,0.08,1.0,1,0.075,0.9375,5039,1
SPY190802C302,2019-08-01,2019-08-01 09:38:59,0.08,1.0,2624,0.07,0.875,2108,0.08,1.0,1,0.075,0.9375,5039,0
SPY190802C302,2019-08-01,2019-08-01 09:39:00,0.08,1.0,2399,0.07,0.875,3648,0.08,1.0,1,0.075,0.9375,5039,0
SPY190802C302,2019-08-01,2019-08-01 09:39:00,0.08,1.0,2399,0.07,0.875,2843,0.08,1.0,1,0.075,0.9375,5039,0
SPY190802C302,2019-08-01,2019-08-01 09:39:01,0.08,1.0,1196,0.07,0.875,1852,0.08,1.0,1,0.075,0.9375,5039,0
SPY190802C302,2019-08-01,2019-08-01 09:39:02,0.08,1.0,1696,0.07,0.875,3887,0.08,1.0,1,0.075,0.9375,5039,0
SPY190802C302,2019-08-01,2019-08-01 09:39:02,0.08,1.0,1823,0.07,0.875,3887,0.08,1.0,1,0.075,0.9375,5039,0
SPY190802C302,2019-08-01,2019-08-01 09:39:03,0.08,1.0,725,0.07,0.875,2912,0.08,1.0,60,0.075,0.9375,5239,200
SPY190802C302,2019-08-01,2019-08-01 09:39:03,0.08,1.0,1823,0.07,0.875,4451,0.08,1.0,1,0.075,0.9375,5039,0
SPY190802C302,2019-08-01,2019-08-01 09:39:04,0.08,1.0,740,0.07,0.875,5683,0.08,1.0,8,0.075,0.9375,5247,8
SPY190802C302,2019-08-01,2019-08-01 09:39:04,0.08,1.0,725,0.07,0.875,3712,0.08,1.0,60,0.075,0.9375,5239,0
SPY190802C302,2019-08-01,2019-08-01 09:39:05,0.08,1.0,865,0.07,0.875,5673,0.08,1.0,8,0.075,0.9375,5247,0
SPY190802C302,2019-08-01,2019-08-01 09:39:06,0.08,1.0,865,0.07,0.875,5673,0.08,1.0,8,0.075,0.9375,5247,0
SPY190802C302,2019-08-01,2019-08-01 09:39:06,0.08,1.0,180,0.07,0.875,5261,0.08,1.0,8,0.075,0.9375,5247,0
SPY190802C302,2019-08-01,2019-08-01 09:39:07,0.08,1.0,4,0.07,0.875,3789,0.08,1.0,8,0.075,0.9375,5247,0
SPY190802C302,2019-08-01,2019-08-01 09:39:07,0.08,1.0,65,0.07,0.875,5413,0.08,1.0,8,0.075,0.9375,5247,0
SPY190802C302,2019-08-01,2019-08-01 09:39:08,0.08,1.0,65,0.07,0.875,5142,0.08,1.0,8,0.075,0.9375,5247,0
SPY190802C302,2019-08-01,2019-08-01 09:39:08,0.09,1.125,2460,0.08,1.0,696,0.08,1.0,2,0.085,1.0625,5256,9
SPY190802C302,2019-08-01,2019-08-01 09:39:09,0.09,1.125,2928,0.08,1.0,1018,0.08,1.0,2,0.085,1.0625,5256,0
SPY190802C302,2019-08-01,2019-08-01 09:39:10,0.09,1.125,2105,0.08,1.0,847,0.08,1.0,2,0.085,1.0625,5256,0
SPY190802C302,2019-08-01,2019-08-01 09:39:10,0.09,1.125,3713,0.08,1.0,1637,0.08,1.0,2,0.085,1.0625,5256,0
SPY190802C302,2019-08-01,2019-08-01 09:39:11,0.09,1.125,3713,0.08,1.0,1808,0.08,1.0,2,0.085,1.0625,5256,0
SPY190802C302,2019-08-01,2019-08-01 09:39:11,0.09,1.125,3713,0.08,1.0,2210,0.08,1.0,2,0.085,1.0625,5256,0
SPY190802C302,2019-08-01,2019-08-01 09:39:12,0.09,1.125,3792,0.08,1.0,1089,0.08,1.0,2,0.085,1.0625,5256,0
SPY190802C302,2019-08-01,2019-08-01 09:39:12,0.09,1.125,3723,0.08,1.0,531,0.08,1.0,2,0.085,1.0625,5256,0
SPY190802C302,2019-08-01,2019-08-01 09:39:13,0.09,1.125,3792,0.08,1.0,1089,0.08,1.0,2,0.085,1.0625,5256,0
SPY190802C302,2019-08-01,2019-08-01 09:39:14,0.09,1.125,3792,0.08,1.0,1377,0.08,1.0,2,0.085,1.0625,5256,0
SPY190802C302,2019-08-01,2019-08-01 09:39:15,0.09,1.125,2928,0.08,1.0,1377,0.09,1.125,20,0.085,1.0625,5276,20
SPY190802C302,2019-08-01,2019-08-01 09:39:15,0.09,1.125,2928,0.08,1.0,1377,0.09,1.125,20,0.085,1.0625,5276,0
SPY190802C302,2019-08-01,2019-08-01 09:39:16,0.09,1.125,2928,0.08,1.0,921,0.09,1.125,20,0.085,1.0625,5276,0
SPY190802C302,2019-08-01,2019-08-01 09:39:16,0.09,1.125,3674,0.08,1.0,1936,0.09,1.125,20,0.085,1.0625,5276,0
SPY190802C302,2019-08-01,2019-08-01 09:39:17,0.09,1.125,2928,0.08,1.0,921,0.09,1.125,20,0.085,1.0625,5276,0
SPY190802C302,2019-08-01,2019-08-01 09:39:17,0.09,1.125,3173,0.08,1.0,829,0.09,1.125,20,0.085,1.0625,5276,0
SPY190802C302,2019-08-01,2019-08-01 09:39:18,0.09,1.125,2094,0.08,1.0,517,0.09,1.125,20,0.085,1.0625,5276,0
SPY190802C302,2019-08-01,2019-08-01 09:39:19,0.09,1.125,2870,0.08,1.0,214,0.09,1.125,20,0.085,1.0625,5276,0
SPY190802C302,2019-08-01,2019-08-01 09:39:19,0.09,1.125,3373,0.08,1.0,176,0.09,1.125,20,0.085,1.0625,5276,0
SPY190802C302,2019-08-01,2019-08-01 09:39:20,0.09,1.125,4722,0.08,1.0,522,0.09,1.125,20,0.085,1.0625,5276,0
SPY190802C302,2019-08-01,2019-08-01 09:39:20,0.09,1.125,6156,0.08,1.0,481,0.09,1.125,20,0.085,1.0625,5276,0
SPY190802C302,2019-08-01,2019-08-01 09:39:21,0.09,1.125,6156,0.08,1.0,305,0.09,1.125,20,0.085,1.0625,5276,0
SPY190802C302,2019-08-01,2019-08-01 09:39:21,0.09,1.125,4164,0.08,1.0,305,0.09,1.125,20,0.085,1.0625,5276,0
SPY190802C302,2019-08-01,2019-08-01 09:39:22,0.09,1.125,5206,0.08,1.0,305,0.09,1.125,20,0.085,1.0625,5276,0
SPY190802C302,2019-08-01,2019-08-01 09:39:23,0.09,1.125,5206,0.08,1.0,64,0.09,1.125,20,0.085,1.0625,5276,0
SPY190802C302,2019-08-01,2019-08-01 09:39:23,0.09,1.125,5206,0.08,1.0,350,0.09,1.125,20,0.085,1.0625,5276,0
SPY190802C302,2019-08-01,2019-08-01 09:39:24,0.09,1.125,5223,0.08,1.0,24,0.09,1.125,20,0.085,1.0625,5276,0
SPY190802C302,2019-08-01,2019-08-01 09:39:24,0.09,1.125,5223,0.08,1.0,350,0.09,1.125,20,0.085,1.0625,5276,0
SPY190802C302,2019-08-01,2019-08-01 09:39:25,0.09,1.125,4321,0.08,1.0,305,0.09,1.125,20,0.085,1.0625,5276,0
SPY190802C302,2019-08-01,2019-08-01 09:39:25,0.09,1.125,5223,0.08,1.0,350,0.09,1.125,20,0.085,1.0625,5276,0
SPY190802C302,2019-08-01,2019-08-01 09:39:26,0.09,1.125,3715,0.08,1.0,505,0.09,1.125,20,0.085,1.0625,5276,0
SPY190802C302,2019-08-01,2019-08-01 09:39:26,0.09,1.125,4577,0.08,1.0,63,0.09,1.125,20,0.085,1.0625,5276,0
SPY190802C302,2019-08-01,2019-08-01 09:39:27,0.09,1.125,3166,0.08,1.0,977,0.09,1.125,20,0.085,1.0625,5276,0
SPY190802C302,2019-08-01,2019-08-01 09:39:28,0.09,1.125,2722,0.08,1.0,464,0.09,1.125,3,0.085,1.0625,5279,3
SPY190802C302,2019-08-01,2019-08-01 09:39:28,0.09,1.125,3166,0.08,1.0,1130,0.09,1.125,20,0.085,1.0625,5276,0
SPY190802C302,2019-08-01,2019-08-01 09:39:29,0.09,1.125,2722,0.08,1.0,1694,0.09,1.125,3,0.085,1.0625,5279,0
SPY190802C302,2019-08-01,2019-08-01 09:39:29,0.09,1.125,3070,0.08,1.0,1509,0.09,1.125,3,0.085,1.0625,5279,0
SPY190802C302,2019-08-01,2019-08-01 09:39:30,0.09,1.125,2626,0.08,1.0,900,0.09,1.125,3,0.085,1.0625,5279,0
SPY190802C302,2019-08-01,2019-08-01 09:39:30,0.09,1.125,3126,0.08,1.0,785,0.09,1.125,3,0.085,1.0625,5279,0
SPY190802C302,2019-08-01,2019-08-01 09:39:31,0.09,1.125,3964,0.08,1.0,740,0.09,1.125,3,0.085,1.0625,5279,0
SPY190802C302,2019-08-01,2019-08-01 09:39:32,0.09,1.125,3203,0.08,1.0,868,0.09,1.125,3,0.085,1.0625,5279,0
SPY190802C302,2019-08-01,2019-08-01 09:39:32,0.09,1.125,4113,0.08,1.0,1197,0.09,1.125,3,0.085,1.0625,5279,0
SPY190802C302,2019-08-01,2019-08-01 09:39:33,0.09,1.125,4042,0.08,1.0,651,0.09,1.125,3,0.085,1.0625,5279,0
SPY190802C302,2019-08-01,2019-08-01 09:39:34,0.09,1.125,3357,0.08,1.0,651,0.09,1.125,3,0.085,1.0625,5279,0
SPY190802C302,2019-08-01,2019-08-01 09:39:35,0.09,1.125,3357,0.08,1.0,651,0.09,1.125,3,0.085,1.0625,5279,0
SPY190802C302,2019-08-01,2019-08-01 09:39:36,0.09,1.125,3198,0.08,1.0,651,0.09,1.125,3,0.085,1.0625,5279,0
SPY190802C302,2019-08-01,2019-08-01 09:39:36,0.09,1.125,2940,0.08,1.0,516,0.09,1.125,3,0.085,1.0625,5279,0
SPY190802C302,2019-08-01,2019-08-01 09:39:37,0.09,1.125,4372,0.08,1.0,666,0.09,1.125,3,0.085,1.0625,5279,0
SPY190802C302,2019-08-01,2019-08-01 09:39:37,0.09,1.125,3198,0.08,1.0,666,0.09,1.125,3,0.085,1.0625,5279,0
SPY190802C302,2019-08-01,2019-08-01 09:39:38,0.09,1.125,4372,0.08,1.0,789,0.08,1.0,5,0.085,1.0625,5284,5
SPY190802C302,2019-08-01,2019-08-01 09:39:38,0.09,1.125,4372,0.08,1.0,666,0.09,1.125,3,0.085,1.0625,5279,0
SPY190802C302,2019-08-01,2019-08-01 09:39:39,0.09,1.125,5052,0.08,1.0,481,0.08,1.0,5,0.085,1.0625,5284,0
SPY190802C302,2019-08-01,2019-08-01 09:39:40,0.09,1.125,5063,0.08,1.0,481,0.08,1.0,5,0.085,1.0625,5284,0
SPY190802C302,2019-08-01,2019-08-01 09:39:40,0.09,1.125,5040,0.08,1.0,481,0.08,1.0,5,0.085,1.0625,5284,0
SPY190802C302,2019-08-01,2019-08-01 09:39:41,0.09,1.125,5063,0.08,1.0,481,0.08,1.0,5,0.085,1.0625,5284,0
SPY190802C302,2019-08-01,2019-08-01 09:39:42,0.09,1.125,5063,0.08,1.0,481,0.08,1.0,5,0.085,1.0625,5284,0
SPY190802C302,2019-08-01,2019-08-01 09:39:43,0.09,1.125,5063,0.08,1.0,481,0.08,1.0,5,0.085,1.0625,5284,0
SPY190802C302,2019-08-01,2019-08-01 09:39:44,0.09,1.125,4313,0.08,1.0,481,0.08,1.0,5,0.085,1.0625,5284,0
SPY190802C302,2019-08-01,2019-08-01 09:39:44,0.09,1.125,4313,0.08,1.0,176,0.09,1.125,5,0.085,1.0625,5303,19
SPY190802C302,2019-08-01,2019-08-01 09:39:45,0.09,1.125,4781,0.08,1.0,176,0.09,1.125,5,0.085,1.0625,5303,0
SPY190802C302,2019-08-01,2019-08-01 09:39:45,0.09,1.125,5531,0.08,1.0,176,0.09,1.125,5,0.085,1.0625,5303,0
SPY190802C302,2019-08-01,2019-08-01 09:39:46,0.09,1.125,4743,0.08,1.0,176,0.09,1.125,5,0.085,1.0625,5303,0
SPY190802C302,2019-08-01,2019-08-01 09:39:47,0.09,1.125,5731,0.08,1.0,516,0.09,1.125,5,0.085,1.0625,5303,0
SPY190802C302,2019-08-01,2019-08-01 09:39:47,0.09,1.125,5441,0.08,1.0,516,0.09,1.125,5,0.085,1.0625,5303,0
SPY190802C302,2019-08-01,2019-08-01 09:39:48,0.09,1.125,5263,0.08,1.0,176,0.09,1.125,5,0.085,1.0625,5303,0
SPY190802C302,2019-08-01,2019-08-01 09:39:48,0.09,1.125,5272,0.08,1.0,522,0.09,1.125,5,0.085,1.0625,5303,0
SPY190802C302,2019-08-01,2019-08-01 09:39:49,0.09,1.125,5272,0.08,1.0,522,0.09,1.125,5,0.085,1.0625,5303,0
SPY190802C302,2019-08-01,2019-08-01 09:39:50,0.09,1.125,5272,0.08,1.0,550,0.09,1.125,5,0.085,1.0625,5313,10
SPY190802C302,2019-08-01,2019-08-01 09:39:50,0.09,1.125,5272,0.08,1.0,522,0.09,1.125,5,0.085,1.0625,5303,0
SPY190802C302,2019-08-01,2019-08-01 09:39:51,0.09,1.125,5593,0.08,1.0,481,0.09,1.125,5,0.085,1.0625,5313,0
SPY190802C302,2019-08-01,2019-08-01 09:39:51,0.09,1.125,5675,0.08,1.0,481,0.09,1.125,5,0.085,1.0625,5313,0
SPY190802C302,2019-08-01,2019-08-01 09:39:52,0.09,1.125,4598,0.08,1.0,5,0.09,1.125,5,0.085,1.0625,5313,0
SPY190802C302,2019-08-01,2019-08-01 09:39:53,0.09,1.125,6530,0.08,1.0,5,0.09,1.125,5,0.085,1.0625,5313,0
SPY190802C302,2019-08-01,2019-08-01 09:39:53,0.09,1.125,6114,0.08,1.0,5,0.09,1.125,5,0.085,1.0625,5313,0
SPY190802C302,2019-08-01,2019-08-01 09:39:54,0.09,1.125,7557,0.08,1.0,5,0.09,1.125,5,0.085,1.0625,5313,0
SPY190802C302,2019-08-01,2019-08-01 09:39:55,0.09,1.125,6041,0.08,1.0,63,0.09,1.125,5,0.085,1.0625,5313,0
SPY190802C302,2019-08-01,2019-08-01 09:39:55,0.09,1.125,7557,0.08,1.0,63,0.09,1.125,5,0.085,1.0625,5313,0
SPY190802C302,2019-08-01,2019-08-01 09:39:56,0.09,1.125,5863,0.08,1.0,526,0.09,1.125,5,0.085,1.0625,5313,0
SPY190802C302,2019-08-01,2019-08-01 09:39:56,0.09,1.125,6041,0.08,1.0,63,0.09,1.125,5,0.085,1.0625,5313,0
SPY190802C302,2019-08-01,2019-08-01 09:39:57,0.09,1.125,6429,0.08,1.0,627,0.09,1.125,5,0.085,1.0625,5313,0
SPY190802C302,2019-08-01,2019-08-01 09:39:57,0.09,1.125,5863,0.08,1.0,627,0.09,1.125,5,0.085,1.0625,5313,0
SPY190802C302,2019-08-01,2019-08-01 09:39:58,0.09,1.125,4251,0.08,1.0,627,0.09,1.125,5,0.085,1.0625,5313,0
SPY190802C302,2019-08-01,2019-08-01 09:39:59,0.09,1.125,5794,0.08,1.0,1130,0.09,1.125,5,0.085,1.0625,5313,0
SPY190802C302,2019-08-01,2019-08-01 09:40:00,0.09,1.125,4273,0.08,1.0,794,0.09,1.125,5,0.085,1.0625,5313,0
SPY190802C302,2019-08-01,2019-08-01 09:40:00,0.09,1.125,4273,0.08,1.0,837,0.09,1.125,5,0.085,1.0625,5313,0
SPY190802C302,2019-08-01,2019-08-01 09:40:01,0.09,1.125,3417,0.08,1.0,1266,0.09,1.125,5,0.085,1.0625,5313,0
SPY190802C302,2019-08-01,2019-08-01 09:40:02,0.09,1.125,4769,0.08,1.0,2233,0.09,1.125,5,0.085,1.0625,5313,0
SPY190802C302,2019-08-01,2019-08-01 09:40:03,0.09,1.125,3417,0.08,1.0,806,0.09,1.125,5,0.085,1.0625,5313,0
SPY190802C302,2019-08-01,2019-08-01 09:40:04,0.09,1.125,3745,0.08,1.0,806,0.09,1.125,5,0.085,1.0625,5313,0
SPY190802C302,2019-08-01,2019-08-01 09:40:04,0.09,1.125,4765,0.08,1.0,2324,0.09,1.125,5,0.085,1.0625,5313,0
SPY190802C302,2019-08-01,2019-08-01 09:40:05,0.09,1.125,4804,0.08,1.0,534,0.09,1.125,5,0.085,1.0625,5313,0
SPY190802C302,2019-08-01,2019-08-01 09:40:05,0.09,1.125,4167,0.08,1.0,625,0.09,1.125,5,0.085,1.0625,5313,0
SPY190802C302,2019-08-01,2019-08-01 09:40:06,0.09,1.125,4804,0.08,1.0,534,0.09,1.125,5,0.085,1.0625,5313,0
SPY190802C302,2019-08-01,2019-08-01 09:40:07,0.09,1.125,4810,0.08,1.0,345,0.09,1.125,5,0.085,1.0625,5313,0
SPY190802C302,2019-08-01,2019-08-01 09:40:08,0.08,1.0,200,0.07,0.875,5780,0.09,1.125,5,0.075,0.9375,5313,0
SPY190802C302,2019-08-01,2019-08-01 09:40:08,0.09,1.125,4810,0.07,0.875,5976,0.09,1.125,5,0.08,1.0,5313,0
SPY190802C302,2019-08-01,2019-08-01 09:40:09,0.08,1.0,200,0.07,0.875,5780,0.09,1.125,5,0.075,0.9375,5313,0
SPY190802C302,2019-08-01,2019-08-01 09:40:10,0.08,1.0,200,0.07,0.875,5780,0.09,1.125,5,0.075,0.9375,5313,0
SPY190802C302,2019-08-01,2019-08-01 09:40:11,0.08,1.0,200,0.07,0.875,6029,0.09,1.125,5,0.075,0.9375,5313,0
SPY190802C302,2019-08-01,2019-08-01 09:40:11,0.08,1.0,730,0.07,0.875,5440,0.09,1.125,5,0.075,0.9375,5313,0
SPY190802C302,2019-08-01,2019-08-01 09:40:12,0.08,1.0,1823,0.07,0.875,3949,0.09,1.125,5,0.075,0.9375,5313,0
SPY190802C302,2019-08-01,2019-08-01 09:40:12,0.08,1.0,1008,0.07,0.875,4503,0.09,1.125,5,0.075,0.9375,5313,0
SPY190802C302,2019-08-01,2019-08-01 09:40:13,0.08,1.0,1823,0.07,0.875,3949,0.09,1.125,5,0.075,0.9375,5313,0
SPY190802C302,2019-08-01,2019-08-01 09:40:14,0.08,1.0,1823,0.07,0.875,4910,0.09,1.125,5,0.075,0.9375,5313,0
SPY190802C302,2019-08-01,2019-08-01 09:40:15,0.08,1.0,1823,0.07,0.875,4394,0.09,1.125,5,0.075,0.9375,5313,0
SPY190802C302,2019-08-01,2019-08-01 09:40:15,0.08,1.0,1823,0.07,0.875,4255,0.09,1.125,5,0.075,0.9375,5313,0
SPY190802C302,2019-08-01,2019-08-01 09:40:16,0.08,1.0,1823,0.07,0.875,4394,0.09,1.125,5,0.075,0.9375,5313,0
SPY190802C302,2019-08-01,2019-08-01 09:40:16,0.08,1.0,1896,0.07,0.875,4119,0.09,1.125,5,0.075,0.9375,5313,0
SPY190802C302,2019-08-01,2019-08-01 09:40:17,0.08,1.0,2268,0.07,0.875,4893,0.09,1.125,5,0.075,0.9375,5313,0
SPY190802C302,2019-08-01,2019-08-01 09:40:17,0.08,1.0,2011,0.07,0.875,1912,0.09,1.125,5,0.075,0.9375,5313,0
SPY190802C302,2019-08-01,2019-08-01 09:40:18,0.08,1.0,2881,0.07,0.875,5709,0.09,1.125,5,0.075,0.9375,5313,0
SPY190802C302,2019-08-01,2019-08-01 09:40:19,0.08,1.0,2956,0.07,0.875,4242,0.09,1.125,5,0.075,0.9375,5313,0
SPY190802C302,2019-08-01,2019-08-01 09:40:19,0.08,1.0,1548,0.07,0.875,2383,0.09,1.125,5,0.075,0.9375,5313,0
SPY190802C302,2019-08-01,2019-08-01 09:40:20,0.08,1.0,2201,0.07,0.875,2503,0.09,1.125,5,0.075,0.9375,5313,0
SPY190802C302,2019-08-01,2019-08-01 09:40:20,0.08,1.0,2183,0.07,0.875,3600,0.09,1.125,5,0.075,0.9375,5313,0
SPY190802C302,2019-08-01,2019-08-01 09:40:21,0.08,1.0,2865,0.07,0.875,3653,0.09,1.125,5,0.075,0.9375,5313,0
SPY190802C302,2019-08-01,2019-08-01 09:40:22,0.08,1.0,3470,0.07,0.875,3809,0.09,1.125,5,0.075,0.9375,5313,0
SPY190802C302,2019-08-01,2019-08-01 09:40:22,0.08,1.0,3342,0.07,0.875,3738,0.09,1.125,5,0.075,0.9375,5313,0
SPY190802C302,2019-08-01,2019-08-01 09:40:23,0.08,1.0,2431,0.07,0.875,2767,0.09,1.125,5,0.075,0.9375,5313,0
SPY190802C302,2019-08-01,2019-08-01 09:40:23,0.08,1.0,1800,0.07,0.875,3114,0.09,1.125,5,0.075,0.9375,5313,0
SPY190802C302,2019-08-01,2019-08-01 09:40:24,0.08,1.0,1800,0.07,0.875,3105,0.09,1.125,5,0.075,0.9375,5313,0
SPY190802C302,2019-08-01,2019-08-01 09:40:24,0.08,1.0,2300,0.07,0.875,4499,0.09,1.125,5,0.075,0.9375,5313,0
SPY190802C302,2019-08-01,2019-08-01 09:40:25,0.08,1.0,2954,0.07,0.875,5062,0.09,1.125,5,0.075,0.9375,5313,0
SPY190802C302,2019-08-01,2019-08-01 09:40:26,0.08,1.0,2274,0.07,0.875,3577,0.09,1.125,5,0.075,0.9375,5313,0
SPY190802C302,2019-08-01,2019-08-01 09:40:27,0.08,1.0,1881,0.07,0.875,3077,0.09,1.125,5,0.075,0.9375,5313,0
SPY190802C302,2019-08-01,2019-08-01 09:40:28,0.08,1.0,1960,0.07,0.875,3077,0.09,1.125,5,0.075,0.9375,5313,0
SPY190802C302,2019-08-01,2019-08-01 09:40:28,0.08,1.0,2460,0.07,0.875,2480,0.09,1.125,5,0.075,0.9375,5313,0
SPY190802C302,2019-08-01,2019-08-01 09:40:29,0.08,1.0,3210,0.07,0.875,2480,0.09,1.125,5,0.075,0.9375,5313,0
SPY190802C302,2019-08-01,2019-08-01 09:40:29,0.08,1.0,2460,0.07,0.875,2365,0.09,1.125,5,0.075,0.9375,5313,0
SPY190802C302,2019-08-01,2019-08-01 09:40:30,0.08,1.0,2716,0.07,0.875,2365,0.09,1.125,5,0.075,0.9375,5313,0
SPY190802C302,2019-08-01,2019-08-01 09:40:30,0.08,1.0,2718,0.07,0.875,1865,0.09,1.125,5,0.075,0.9375,5313,0
SPY190802C302,2019-08-01,2019-08-01 09:40:31,0.08,1.0,1902,0.07,0.875,3274,0.09,1.125,5,0.075,0.9375,5313,0
SPY190802C302,2019-08-01,2019-08-01 09:40:31,0.08,1.0,2402,0.07,0.875,3644,0.09,1.125,5,0.075,0.9375,5313,0
SPY190802C302,2019-08-01,2019-08-01 09:40:32,0.08,1.0,2402,0.07,0.875,4384,0.09,1.125,5,0.075,0.9375,5313,0
SPY190802C302,2019-08-01,2019-08-01 09:40:32,0.08,1.0,2402,0.07,0.875,3060,0.09,1.125,5,0.075,0.9375,5313,0
SPY190802C302,2019-08-01,2019-08-01 09:40:33,0.08,1.0,1881,0.07,0.875,2626,0.09,1.125,5,0.075,0.9375,5313,0
SPY190802C302,2019-08-01,2019-08-01 09:40:34,0.08,1.0,1881,0.07,0.875,2626,0.09,1.125,5,0.075,0.9375,5313,0
SPY190802C302,2019-08-01,2019-08-01 09:40:34,0.08,1.0,3677,0.07,0.875,3939,0.09,1.125,5,0.075,0.9375,5313,0
SPY190802C302,2019-08-01,2019-08-01 09:40:35,0.08,1.0,2510,0.07,0.875,3265,0.09,1.125,5,0.075,0.9375,5313,0
SPY190802C302,2019-08-01,2019-08-01 09:40:35,0.08,1.0,3674,0.07,0.875,4731,0.09,1.125,5,0.075,0.9375,5313,0
SPY190802C302,2019-08-01,2019-08-01 09:40:36,0.08,1.0,2510,0.07,0.875,4093,0.07,0.875,5,0.075,0.9375,5319,6
SPY190802C302,2019-08-01,2019-08-01 09:40:37,0.08,1.0,2510,0.07,0.875,4144,0.07,0.875,2,0.075,0.9375,5321,2
SPY190802C302,2019-08-01,2019-08-01 09:40:38,0.08,1.0,2452,0.07,0.875,4202,0.07,0.875,2,0.075,0.9375,5321,0
SPY190802C302,2019-08-01,2019-08-01 09:40:39,0.08,1.0,2510,0.07,0.875,4152,0.07,0.875,2,0.075,0.9375,5321,0
SPY190802C302,2019-08-01,2019-08-01 09:40:40,0.08,1.0,2510,0.07,0.875,4152,0.07,0.875,2,0.075,0.9375,5321,0
SPY190802C302,2019-08-01,2019-08-01 09:40:40,0.08,1.0,3688,0.07,0.875,4761,0.07,0.875,2,0.075,0.9375,5321,0
SPY190802C302,2019-08-01,2019-08-01 09:40:41,0.08,1.0,2510,0.07,0.875,3674,0.07,0.875,2,0.075,0.9375,5321,0
SPY190802C302,2019-08-01,2019-08-01 09:40:42,0.08,1.0,2510,0.07,0.875,3932,0.07,0.875,2,0.075,0.9375,5321,0
SPY190802C302,2019-08-01,2019-08-01 09:40:43,0.08,1.0,2510,0.07,0.875,3441,0.07,0.875,2,0.075,0.9375,5321,0
SPY190802C302,2019-08-01,2019-08-01 09:40:43,0.08,1.0,2510,0.07,0.875,3244,0.07,0.875,2,0.075,0.9375,5321,0
SPY190802C302,2019-08-01,2019-08-01 09:40:44,0.08,1.0,2510,0.07,0.875,2151,0.07,0.875,2,0.075,0.9375,5321,0
SPY190802C302,2019-08-01,2019-08-01 09:40:45,0.08,1.0,3704,0.07,0.875,4525,0.07,0.875,2,0.075,0.9375,5321,0
SPY190802C302,2019-08-01,2019-08-01 09:40:45,0.08,1.0,2669,0.07,0.875,3244,0.07,0.875,2,0.075,0.9375,5321,0
SPY190802C302,2019-08-01,2019-08-01 09:40:46,0.08,1.0,3704,0.07,0.875,3846,0.07,0.875,2,0.075,0.9375,5321,0
SPY190802C302,2019-08-01,2019-08-01 09:40:47,0.08,1.0,3593,0.07,0.875,3663,0.07,0.875,2,0.075,0.9375,5321,0
SPY190802C302,2019-08-01,2019-08-01 09:40:48,0.08,1.0,2010,0.07,0.875,3460,0.07,0.875,2,0.075,0.9375,5321,0
SPY190802C302,2019-08-01,2019-08-01 09:40:48,0.08,1.0,3613,0.07,0.875,3460,0.07,0.875,2,0.075,0.9375,5321,0
SPY190802C302,2019-08-01,2019-08-01 09:40:49,0.08,1.0,3705,0.07,0.875,4536,0.07,0.875,2,0.075,0.9375,5321,0
SPY190802C302,2019-08-01,2019-08-01 09:40:50,0.08,1.0,2510,0.07,0.875,3254,0.07,0.875,2,0.075,0.9375,5321,0
SPY190802C302,2019-08-01,2019-08-01 09:40:51,0.08,1.0,2510,0.07,0.875,3135,0.07,0.875,2,0.075,0.9375,5321,0
SPY190802C302,2019-08-01,2019-08-01 09:40:52,0.08,1.0,2510,0.07,0.875,3450,0.07,0.875,2,0.075,0.9375,5321,0
SPY190802C302,2019-08-01,2019-08-01 09:40:53,0.08,1.0,4282,0.07,0.875,3560,0.07,0.875,2,0.075,0.9375,5321,0
SPY190802C302,2019-08-01,2019-08-01 09:40:54,0.08,1.0,4282,0.07,0.875,3560,0.07,0.875,2,0.075,0.9375,5321,0
