symbol,Date,quote_time,ask_price,norm_ask_price,ask_size,bid_price,norm_bid_price,bid_size,last_trade_price,norm_last_trade_price,last_trade_size,mark_price,norm_mark_price,volume,Volume
IWM191004P148,2019-10-03,2019-10-02 09:20:04,1.87,0.9444,37,1.8,0.909,46,1.68,0.8484,11,1.835,0.9267,6824,5220
IWM191004P148,2019-10-03,2019-10-02 09:20:05,1.85,0.9343,20,1.81,0.9141,40,1.68,0.8484,11,1.83,0.9242,6824,0
IWM191004P148,2019-10-03,2019-10-02 09:20:06,1.86,0.9393,20,1.81,0.9141,40,1.68,0.8484,11,1.835,0.9267,6824,0
IWM191004P148,2019-10-03,2019-10-02 09:20:06,1.87,0.9444,153,1.8,0.909,173,1.68,0.8484,11,1.835,0.9267,6824,0
IWM191004P148,2019-10-03,2019-10-02 09:20:07,1.84,0.9292,30,1.81,0.9141,20,1.68,0.8484,11,1.825,0.9217,6824,0
IWM191004P148,2019-10-03,2019-10-02 09:20:08,1.87,0.9444,30,1.83,0.9242,43,1.68,0.8484,11,1.85,0.9343,6824,0
IWM191004P148,2019-10-03,2019-10-02 09:20:08,1.87,0.9444,20,1.83,0.9242,26,1.68,0.8484,11,1.85,0.9343,6824,0
IWM191004P148,2019-10-03,2019-10-02 09:20:09,1.87,0.9444,20,1.83,0.9242,26,1.68,0.8484,11,1.85,0.9343,6824,0
IWM191004P148,2019-10-03,2019-10-02 09:20:09,1.87,0.9444,20,1.83,0.9242,37,1.68,0.8484,11,1.85,0.9343,6824,0
IWM191004P148,2019-10-03,2019-10-02 09:20:10,1.87,0.9444,20,1.82,0.9191,64,1.68,0.8484,11,1.845,0.9318,6824,0
IWM191004P148,2019-10-03,2019-10-02 09:20:11,1.82,0.9191,175,1.78,0.8989,10,1.68,0.8484,11,1.8,0.909,6824,0
IWM191004P148,2019-10-03,2019-10-02 09:20:11,1.85,0.9343,96,1.79,0.904,178,1.68,0.8484,11,1.82,0.9191,6824,0
IWM191004P148,2019-10-03,2019-10-02 09:20:12,1.84,0.9292,173,1.77,0.8939,17,1.68,0.8484,11,1.805,0.9116,6824,0
IWM191004P148,2019-10-03,2019-10-02 09:20:13,1.81,0.9141,20,1.76,0.8888,37,1.68,0.8484,11,1.785,0.9015,6824,0
IWM191004P148,2019-10-03,2019-10-02 09:20:13,1.83,0.9242,33,1.79,0.904,20,1.68,0.8484,11,1.81,0.9141,6824,0
IWM191004P148,2019-10-03,2019-10-02 09:20:14,1.83,0.9242,20,1.79,0.904,32,1.68,0.8484,11,1.81,0.9141,6824,0
IWM191004P148,2019-10-03,2019-10-02 09:20:15,1.83,0.9242,34,1.79,0.904,20,1.68,0.8484,11,1.81,0.9141,6824,0
IWM191004P148,2019-10-03,2019-10-02 09:20:15,1.83,0.9242,68,1.79,0.904,20,1.68,0.8484,11,1.81,0.9141,6824,0
IWM191004P148,2019-10-03,2019-10-02 09:20:16,1.83,0.9242,33,1.79,0.904,20,1.68,0.8484,11,1.81,0.9141,6824,0
IWM191004P148,2019-10-03,2019-10-02 09:20:17,1.83,0.9242,28,1.79,0.904,20,1.68,0.8484,11,1.81,0.9141,6824,0
IWM191004P148,2019-10-03,2019-10-02 09:20:17,1.83,0.9242,30,1.79,0.904,20,1.68,0.8484,11,1.81,0.9141,6824,0
IWM191004P148,2019-10-03,2019-10-02 09:20:18,1.83,0.9242,36,1.8,0.909,20,1.68,0.8484,11,1.815,0.9166,6824,0
IWM191004P148,2019-10-03,2019-10-02 09:20:18,1.83,0.9242,20,1.8,0.909,20,1.68,0.8484,11,1.815,0.9166,6824,0
IWM191004P148,2019-10-03,2019-10-02 09:20:19,1.82,0.9191,20,1.79,0.904,20,1.68,0.8484,11,1.805,0.9116,6824,0
IWM191004P148,2019-10-03,2019-10-02 09:20:20,1.82,0.9191,134,1.78,0.8989,20,1.68,0.8484,11,1.8,0.909,6824,0
IWM191004P148,2019-10-03,2019-10-02 09:20:20,1.82,0.9191,221,1.77,0.8939,20,1.68,0.8484,11,1.795,0.9065,6824,0
IWM191004P148,2019-10-03,2019-10-02 09:20:21,1.81,0.9141,183,1.78,0.8989,20,1.68,0.8484,11,1.795,0.9065,6824,0
IWM191004P148,2019-10-03,2019-10-02 09:20:21,1.81,0.9141,108,1.78,0.8989,20,1.68,0.8484,11,1.795,0.9065,6824,0
IWM191004P148,2019-10-03,2019-10-02 09:20:22,1.81,0.9141,66,1.78,0.8989,41,1.68,0.8484,11,1.795,0.9065,6824,0
IWM191004P148,2019-10-03,2019-10-02 09:20:23,1.82,0.9191,277,1.78,0.8989,31,1.68,0.8484,11,1.8,0.909,6824,0
IWM191004P148,2019-10-03,2019-10-02 09:20:23,1.82,0.9191,197,1.78,0.8989,31,1.68,0.8484,11,1.8,0.909,6824,0
IWM191004P148,2019-10-03,2019-10-02 09:20:24,1.82,0.9191,268,1.78,0.8989,20,1.68,0.8484,11,1.8,0.909,6824,0
IWM191004P148,2019-10-03,2019-10-02 09:20:25,1.82,0.9191,254,1.78,0.8989,20,1.68,0.8484,11,1.8,0.909,6824,0
IWM191004P148,2019-10-03,2019-10-02 09:20:25,1.82,0.9191,268,1.78,0.8989,20,1.68,0.8484,11,1.8,0.909,6824,0
IWM191004P148,2019-10-03,2019-10-02 09:20:26,1.82,0.9191,254,1.78,0.8989,103,1.68,0.8484,11,1.8,0.909,6824,0
IWM191004P148,2019-10-03,2019-10-02 09:20:27,1.82,0.9191,20,1.79,0.904,20,1.68,0.8484,11,1.805,0.9116,6824,0
IWM191004P148,2019-10-03,2019-10-02 09:20:27,1.82,0.9191,254,1.79,0.904,20,1.68,0.8484,11,1.805,0.9116,6824,0
IWM191004P148,2019-10-03,2019-10-02 09:20:28,1.84,0.9292,34,1.8,0.909,24,1.68,0.8484,11,1.82,0.9191,6824,0
IWM191004P148,2019-10-03,2019-10-02 09:20:28,1.83,0.9242,32,1.8,0.909,20,1.68,0.8484,11,1.815,0.9166,6824,0
IWM191004P148,2019-10-03,2019-10-02 09:20:29,1.85,0.9343,49,1.81,0.9141,25,1.68,0.8484,11,1.83,0.9242,6824,0
IWM191004P148,2019-10-03,2019-10-02 09:20:30,1.85,0.9343,107,1.8,0.909,20,1.68,0.8484,11,1.825,0.9217,6824,0
IWM191004P148,2019-10-03,2019-10-02 09:20:30,1.84,0.9292,47,1.81,0.9141,20,1.68,0.8484,11,1.825,0.9217,6824,0
IWM191004P148,2019-10-03,2019-10-02 09:20:31,1.84,0.9292,59,1.81,0.9141,20,1.68,0.8484,11,1.825,0.9217,6824,0
IWM191004P148,2019-10-03,2019-10-02 09:20:32,1.84,0.9292,47,1.81,0.9141,20,1.68,0.8484,11,1.825,0.9217,6824,0
IWM191004P148,2019-10-03,2019-10-02 09:20:32,1.84,0.9292,58,1.81,0.9141,20,1.68,0.8484,11,1.825,0.9217,6824,0
IWM191004P148,2019-10-03,2019-10-02 09:20:33,1.84,0.9292,54,1.8,0.909,26,1.68,0.8484,11,1.82,0.9191,6824,0
IWM191004P148,2019-10-03,2019-10-02 09:20:33,1.84,0.9292,47,1.81,0.9141,20,1.68,0.8484,11,1.825,0.9217,6824,0
IWM191004P148,2019-10-03,2019-10-02 09:20:34,1.84,0.9292,54,1.8,0.909,20,1.68,0.8484,11,1.82,0.9191,6824,0
IWM191004P148,2019-10-03,2019-10-02 09:20:34,1.84,0.9292,30,1.8,0.909,10,1.68,0.8484,11,1.82,0.9191,6824,0
IWM191004P148,2019-10-03,2019-10-02 09:20:35,1.84,0.9292,41,1.8,0.909,20,1.68,0.8484,11,1.82,0.9191,6824,0
IWM191004P148,2019-10-03,2019-10-02 09:20:36,1.84,0.9292,114,1.8,0.909,20,1.68,0.8484,11,1.82,0.9191,6824,0
IWM191004P148,2019-10-03,2019-10-02 09:20:36,1.84,0.9292,33,1.8,0.909,20,1.68,0.8484,11,1.82,0.9191,6824,0
IWM191004P148,2019-10-03,2019-10-02 09:20:37,1.83,0.9242,129,1.8,0.909,20,1.68,0.8484,11,1.815,0.9166,6824,0
IWM191004P148,2019-10-03,2019-10-02 09:20:37,1.83,0.9242,104,1.8,0.909,20,1.68,0.8484,11,1.815,0.9166,6824,0
IWM191004P148,2019-10-03,2019-10-02 09:20:38,1.83,0.9242,128,1.8,0.909,20,1.68,0.8484,11,1.815,0.9166,6824,0
IWM191004P148,2019-10-03,2019-10-02 09:20:39,1.83,0.9242,85,1.8,0.909,20,1.68,0.8484,11,1.815,0.9166,6824,0
IWM191004P148,2019-10-03,2019-10-02 09:20:39,1.83,0.9242,43,1.8,0.909,20,1.68,0.8484,11,1.815,0.9166,6824,0
IWM191004P148,2019-10-03,2019-10-02 09:20:40,1.83,0.9242,59,1.79,0.904,20,1.68,0.8484,11,1.81,0.9141,6824,0
IWM191004P148,2019-10-03,2019-10-02 09:20:41,1.83,0.9242,85,1.8,0.909,20,1.68,0.8484,11,1.815,0.9166,6824,0
IWM191004P148,2019-10-03,2019-10-02 09:20:42,1.83,0.9242,75,1.8,0.909,20,1.68,0.8484,11,1.815,0.9166,6824,0
IWM191004P148,2019-10-03,2019-10-02 09:20:42,1.83,0.9242,85,1.8,0.909,20,1.68,0.8484,11,1.815,0.9166,6824,0
IWM191004P148,2019-10-03,2019-10-02 09:20:43,1.83,0.9242,85,1.8,0.909,20,1.68,0.8484,11,1.815,0.9166,6824,0
IWM191004P148,2019-10-03,2019-10-02 09:20:44,1.83,0.9242,85,1.8,0.909,20,1.68,0.8484,11,1.815,0.9166,6824,0
IWM191004P148,2019-10-03,2019-10-02 09:20:45,1.83,0.9242,85,1.8,0.909,20,1.68,0.8484,11,1.815,0.9166,6824,0
IWM191004P148,2019-10-03,2019-10-02 09:20:46,1.84,0.9292,46,1.81,0.9141,20,1.68,0.8484,11,1.825,0.9217,6824,0
IWM191004P148,2019-10-03,2019-10-02 09:20:47,1.84,0.9292,56,1.81,0.9141,20,1.68,0.8484,11,1.825,0.9217,6824,0
IWM191004P148,2019-10-03,2019-10-02 09:20:48,1.84,0.9292,32,1.81,0.9141,20,1.68,0.8484,11,1.825,0.9217,6824,0
IWM191004P148,2019-10-03,2019-10-02 09:20:48,1.84,0.9292,41,1.8,0.909,38,1.68,0.8484,11,1.82,0.9191,6824,0
IWM191004P148,2019-10-03,2019-10-02 09:20:49,1.84,0.9292,137,1.81,0.9141,20,1.68,0.8484,11,1.825,0.9217,6824,0
IWM191004P148,2019-10-03,2019-10-02 09:20:50,1.82,0.9191,51,1.79,0.904,31,1.68,0.8484,11,1.805,0.9116,6824,0
IWM191004P148,2019-10-03,2019-10-02 09:20:50,1.82,0.9191,51,1.79,0.904,20,1.68,0.8484,11,1.805,0.9116,6824,0
IWM191004P148,2019-10-03,2019-10-02 09:20:51,1.83,0.9242,51,1.8,0.909,20,1.68,0.8484,11,1.815,0.9166,6824,0
IWM191004P148,2019-10-03,2019-10-02 09:20:52,1.83,0.9242,51,1.8,0.909,20,1.68,0.8484,11,1.815,0.9166,6824,0
IWM191004P148,2019-10-03,2019-10-02 09:20:52,1.83,0.9242,85,1.79,0.904,20,1.68,0.8484,11,1.81,0.9141,6824,0
IWM191004P148,2019-10-03,2019-10-02 09:20:53,1.84,0.9292,50,1.79,0.904,153,1.68,0.8484,11,1.815,0.9166,6824,0
IWM191004P148,2019-10-03,2019-10-02 09:20:53,1.84,0.9292,29,1.8,0.909,47,1.68,0.8484,11,1.82,0.9191,6824,0
IWM191004P148,2019-10-03,2019-10-02 09:20:54,1.83,0.9242,51,1.8,0.909,47,1.68,0.8484,11,1.815,0.9166,6824,0
IWM191004P148,2019-10-03,2019-10-02 09:20:55,1.83,0.9242,53,1.8,0.909,20,1.68,0.8484,11,1.815,0.9166,6824,0
IWM191004P148,2019-10-03,2019-10-02 09:20:55,1.83,0.9242,121,1.8,0.909,20,1.68,0.8484,11,1.815,0.9166,6824,0
IWM191004P148,2019-10-03,2019-10-02 09:20:56,1.83,0.9242,107,1.8,0.909,20,1.68,0.8484,11,1.815,0.9166,6824,0
IWM191004P148,2019-10-03,2019-10-02 09:20:57,1.83,0.9242,51,1.8,0.909,20,1.68,0.8484,11,1.815,0.9166,6824,0
IWM191004P148,2019-10-03,2019-10-02 09:20:57,1.83,0.9242,53,1.8,0.909,20,1.68,0.8484,11,1.815,0.9166,6824,0
IWM191004P148,2019-10-03,2019-10-02 09:20:58,1.83,0.9242,51,1.8,0.909,20,1.68,0.8484,11,1.815,0.9166,6824,0
IWM191004P148,2019-10-03,2019-10-02 09:20:58,1.83,0.9242,71,1.8,0.909,20,1.68,0.8484,11,1.815,0.9166,6824,0
IWM191004P148,2019-10-03,2019-10-02 09:20:59,1.83,0.9242,51,1.8,0.909,20,1.68,0.8484,11,1.815,0.9166,6824,0
IWM191004P148,2019-10-03,2019-10-02 09:21:00,1.83,0.9242,51,1.8,0.909,20,1.68,0.8484,11,1.815,0.9166,6824,0
IWM191004P148,2019-10-03,2019-10-02 09:21:01,1.83,0.9242,81,1.8,0.909,20,1.68,0.8484,11,1.815,0.9166,6824,0
IWM191004P148,2019-10-03,2019-10-02 09:21:01,1.83,0.9242,71,1.79,0.904,33,1.68,0.8484,11,1.81,0.9141,6824,0
IWM191004P148,2019-10-03,2019-10-02 09:21:02,1.82,0.9191,51,1.8,0.909,20,1.68,0.8484,11,1.81,0.9141,6824,0
IWM191004P148,2019-10-03,2019-10-02 09:21:02,1.83,0.9242,71,1.77,0.8939,189,1.68,0.8484,11,1.8,0.909,6824,0
IWM191004P148,2019-10-03,2019-10-02 09:21:03,1.82,0.9191,51,1.79,0.904,20,1.68,0.8484,11,1.805,0.9116,6824,0
IWM191004P148,2019-10-03,2019-10-02 09:21:04,1.82,0.9191,51,1.79,0.904,20,1.68,0.8484,11,1.805,0.9116,6824,0
IWM191004P148,2019-10-03,2019-10-02 09:21:04,1.82,0.9191,51,1.8,0.909,20,1.68,0.8484,11,1.81,0.9141,6824,0
IWM191004P148,2019-10-03,2019-10-02 09:21:07,1.83,0.9242,49,1.79,0.904,24,1.68,0.8484,11,1.81,0.9141,6824,0
IWM191004P148,2019-10-03,2019-10-02 09:21:09,1.83,0.9242,20,1.8,0.909,20,1.68,0.8484,11,1.815,0.9166,6824,0
IWM191004P148,2019-10-03,2019-10-02 09:21:10,1.83,0.9242,180,1.8,0.909,20,1.68,0.8484,11,1.815,0.9166,6824,0
IWM191004P148,2019-10-03,2019-10-02 09:21:21,1.83,0.9242,50,1.8,0.909,20,1.68,0.8484,11,1.815,0.9166,6824,0
IWM191004P148,2019-10-03,2019-10-02 09:21:27,1.83,0.9242,159,1.78,0.8989,60,1.68,0.8484,11,1.805,0.9116,6824,0
IWM191004P148,2019-10-03,2019-10-02 09:21:30,1.81,0.9141,168,1.78,0.8989,10,1.68,0.8484,11,1.795,0.9065,6824,0
IWM191004P148,2019-10-03,2019-10-02 09:21:31,1.81,0.9141,57,1.78,0.8989,20,1.68,0.8484,11,1.795,0.9065,6824,0
IWM191004P148,2019-10-03,2019-10-02 09:21:32,1.81,0.9141,71,1.78,0.8989,36,1.68,0.8484,11,1.795,0.9065,6824,0
IWM191004P148,2019-10-03,2019-10-02 09:21:33,1.81,0.9141,71,1.78,0.8989,47,1.68,0.8484,11,1.795,0.9065,6824,0
IWM191004P148,2019-10-03,2019-10-02 09:21:37,1.81,0.9141,51,1.79,0.904,20,1.68,0.8484,11,1.8,0.909,6824,0
IWM191004P148,2019-10-03,2019-10-02 09:21:40,1.83,0.9242,30,1.79,0.904,31,1.68,0.8484,11,1.81,0.9141,6824,0
IWM191004P148,2019-10-03,2019-10-02 09:21:50,1.83,0.9242,108,1.8,0.909,20,1.83,0.9242,1,1.815,0.9166,6825,1
IWM191004P148,2019-10-03,2019-10-02 09:21:51,1.83,0.9242,42,1.8,0.909,20,1.83,0.9242,1,1.815,0.9166,6825,0
IWM191004P148,2019-10-03,2019-10-02 09:21:55,1.83,0.9242,31,1.8,0.909,20,1.83,0.9242,1,1.815,0.9166,6825,0
IWM191004P148,2019-10-03,2019-10-02 09:21:57,1.83,0.9242,20,1.8,0.909,43,1.83,0.9242,1,1.815,0.9166,6825,0
IWM191004P148,2019-10-03,2019-10-02 09:21:58,1.84,0.9292,50,1.81,0.9141,20,1.83,0.9242,1,1.825,0.9217,6825,0
IWM191004P148,2019-10-03,2019-10-02 09:21:59,1.84,0.9292,50,1.81,0.9141,41,1.83,0.9242,1,1.825,0.9217,6825,0
IWM191004P148,2019-10-03,2019-10-02 09:22:01,1.84,0.9292,126,1.81,0.9141,20,1.83,0.9242,1,1.825,0.9217,6825,0
IWM191004P148,2019-10-03,2019-10-02 09:22:03,1.81,0.9141,97,1.77,0.8939,20,1.83,0.9242,1,1.79,0.904,6825,0
IWM191004P148,2019-10-03,2019-10-02 09:22:07,1.8,0.909,25,1.77,0.8939,20,1.83,0.9242,1,1.785,0.9015,6825,0
IWM191004P148,2019-10-03,2019-10-02 09:22:12,1.8,0.909,111,1.77,0.8939,33,1.83,0.9242,1,1.785,0.9015,6825,0
IWM191004P148,2019-10-03,2019-10-02 09:22:13,1.8,0.909,20,1.76,0.8888,30,1.83,0.9242,1,1.78,0.8989,6825,0
IWM191004P148,2019-10-03,2019-10-02 09:22:15,1.79,0.904,20,1.76,0.8888,20,1.83,0.9242,1,1.775,0.8964,6825,0
IWM191004P148,2019-10-03,2019-10-02 09:22:17,1.79,0.904,49,1.76,0.8888,39,1.83,0.9242,1,1.775,0.8964,6825,0
IWM191004P148,2019-10-03,2019-10-02 09:22:19,1.79,0.904,29,1.77,0.8939,20,1.83,0.9242,1,1.78,0.8989,6825,0
IWM191004P148,2019-10-03,2019-10-02 09:22:21,1.8,0.909,49,1.77,0.8939,20,1.83,0.9242,1,1.785,0.9015,6825,0
IWM191004P148,2019-10-03,2019-10-02 09:22:30,1.81,0.9141,49,1.78,0.8989,20,1.83,0.9242,1,1.795,0.9065,6825,0
IWM191004P148,2019-10-03,2019-10-02 09:22:32,1.81,0.9141,49,1.78,0.8989,20,1.83,0.9242,1,1.795,0.9065,6825,0
IWM191004P148,2019-10-03,2019-10-02 09:22:33,1.81,0.9141,20,1.79,0.904,20,1.83,0.9242,1,1.8,0.909,6825,0
IWM191004P148,2019-10-03,2019-10-02 09:22:34,1.81,0.9141,20,1.79,0.904,20,1.83,0.9242,1,1.8,0.909,6825,0
IWM191004P148,2019-10-03,2019-10-02 09:22:39,1.82,0.9191,64,1.78,0.8989,84,1.83,0.9242,1,1.8,0.909,6825,0
IWM191004P148,2019-10-03,2019-10-02 09:22:40,1.82,0.9191,64,1.78,0.8989,91,1.83,0.9242,1,1.8,0.909,6825,0
IWM191004P148,2019-10-03,2019-10-02 09:22:44,1.81,0.9141,20,1.78,0.8989,20,1.83,0.9242,1,1.795,0.9065,6825,0
IWM191004P148,2019-10-03,2019-10-02 09:22:47,1.8,0.909,20,1.77,0.8939,43,1.83,0.9242,1,1.785,0.9015,6825,0
IWM191004P148,2019-10-03,2019-10-02 09:22:49,1.8,0.909,20,1.77,0.8939,31,1.83,0.9242,1,1.785,0.9015,6825,0
IWM191004P148,2019-10-03,2019-10-02 09:22:51,1.8,0.909,20,1.77,0.8939,66,1.83,0.9242,1,1.785,0.9015,6825,0
IWM191004P148,2019-10-03,2019-10-02 09:22:58,1.81,0.9141,20,1.78,0.8989,50,1.83,0.9242,1,1.795,0.9065,6825,0
IWM191004P148,2019-10-03,2019-10-02 09:23:03,1.81,0.9141,49,1.78,0.8989,20,1.83,0.9242,1,1.795,0.9065,6825,0
IWM191004P148,2019-10-03,2019-10-02 09:23:06,1.8,0.909,49,1.77,0.8939,62,1.83,0.9242,1,1.785,0.9015,6825,0
IWM191004P148,2019-10-03,2019-10-02 09:23:08,1.8,0.909,29,1.77,0.8939,32,1.83,0.9242,1,1.785,0.9015,6825,0
IWM191004P148,2019-10-03,2019-10-02 09:23:10,1.81,0.9141,49,1.77,0.8939,66,1.83,0.9242,1,1.79,0.904,6825,0
IWM191004P148,2019-10-03,2019-10-02 09:23:12,1.8,0.909,49,1.76,0.8888,176,1.83,0.9242,1,1.78,0.8989,6825,0
IWM191004P148,2019-10-03,2019-10-02 09:23:14,1.8,0.909,60,1.76,0.8888,123,1.83,0.9242,1,1.78,0.8989,6825,0
IWM191004P148,2019-10-03,2019-10-02 09:23:18,1.79,0.904,50,1.75,0.8838,230,1.83,0.9242,1,1.77,0.8939,6825,0
IWM191004P148,2019-10-03,2019-10-02 09:23:19,1.79,0.904,50,1.76,0.8888,50,1.83,0.9242,1,1.775,0.8964,6825,0
IWM191004P148,2019-10-03,2019-10-02 09:23:21,1.79,0.904,50,1.76,0.8888,50,1.83,0.9242,1,1.775,0.8964,6825,0
IWM191004P148,2019-10-03,2019-10-02 09:23:22,1.79,0.904,50,1.76,0.8888,45,1.83,0.9242,1,1.775,0.8964,6825,0
IWM191004P148,2019-10-03,2019-10-02 09:23:23,1.79,0.904,50,1.76,0.8888,26,1.83,0.9242,1,1.775,0.8964,6825,0
IWM191004P148,2019-10-03,2019-10-02 09:23:24,1.79,0.904,54,1.76,0.8888,32,1.83,0.9242,1,1.775,0.8964,6825,0
IWM191004P148,2019-10-03,2019-10-02 09:23:25,1.79,0.904,74,1.76,0.8888,39,1.83,0.9242,1,1.775,0.8964,6825,0
IWM191004P148,2019-10-03,2019-10-02 09:23:27,1.79,0.904,50,1.76,0.8888,74,1.83,0.9242,1,1.775,0.8964,6825,0
IWM191004P148,2019-10-03,2019-10-02 09:23:28,1.79,0.904,50,1.76,0.8888,47,1.83,0.9242,1,1.775,0.8964,6825,0
IWM191004P148,2019-10-03,2019-10-02 09:23:29,1.79,0.904,50,1.76,0.8888,80,1.83,0.9242,1,1.775,0.8964,6825,0
IWM191004P148,2019-10-03,2019-10-02 09:23:37,1.79,0.904,50,1.76,0.8888,64,1.83,0.9242,1,1.775,0.8964,6825,0
IWM191004P148,2019-10-03,2019-10-02 09:23:41,1.79,0.904,50,1.76,0.8888,31,1.83,0.9242,1,1.775,0.8964,6825,0
IWM191004P148,2019-10-03,2019-10-02 09:23:45,1.78,0.8989,34,1.75,0.8838,39,1.83,0.9242,1,1.765,0.8914,6825,0
IWM191004P148,2019-10-03,2019-10-02 09:23:47,1.78,0.8989,34,1.75,0.8838,39,1.83,0.9242,1,1.765,0.8914,6825,0
IWM191004P148,2019-10-03,2019-10-02 09:23:48,1.78,0.8989,34,1.75,0.8838,41,1.83,0.9242,1,1.765,0.8914,6825,0
IWM191004P148,2019-10-03,2019-10-02 09:23:49,1.78,0.8989,34,1.75,0.8838,39,1.83,0.9242,1,1.765,0.8914,6825,0
IWM191004P148,2019-10-03,2019-10-02 09:23:52,1.78,0.8989,34,1.74,0.8787,104,1.83,0.9242,1,1.76,0.8888,6825,0
IWM191004P148,2019-10-03,2019-10-02 09:23:53,1.77,0.8939,50,1.73,0.8737,121,1.83,0.9242,1,1.75,0.8838,6825,0
IWM191004P148,2019-10-03,2019-10-02 09:23:55,1.76,0.8888,51,1.73,0.8737,108,1.83,0.9242,1,1.745,0.8813,6825,0
IWM191004P148,2019-10-03,2019-10-02 09:23:57,1.76,0.8888,51,1.73,0.8737,20,1.83,0.9242,1,1.745,0.8813,6825,0
IWM191004P148,2019-10-03,2019-10-02 09:24:02,1.76,0.8888,14,1.73,0.8737,46,1.83,0.9242,1,1.745,0.8813,6825,0
IWM191004P148,2019-10-03,2019-10-02 09:24:03,1.77,0.8939,50,1.73,0.8737,106,1.83,0.9242,1,1.75,0.8838,6825,0
IWM191004P148,2019-10-03,2019-10-02 09:24:05,1.77,0.8939,50,1.74,0.8787,20,1.83,0.9242,1,1.755,0.8863,6825,0
IWM191004P148,2019-10-03,2019-10-02 09:24:06,1.77,0.8939,70,1.74,0.8787,20,1.83,0.9242,1,1.755,0.8863,6825,0
IWM191004P148,2019-10-03,2019-10-02 09:24:07,1.77,0.8939,70,1.74,0.8787,36,1.83,0.9242,1,1.755,0.8863,6825,0
IWM191004P148,2019-10-03,2019-10-02 09:24:08,1.77,0.8939,70,1.73,0.8737,71,1.83,0.9242,1,1.75,0.8838,6825,0
IWM191004P148,2019-10-03,2019-10-02 09:24:10,1.76,0.8888,51,1.73,0.8737,90,1.83,0.9242,1,1.745,0.8813,6825,0
IWM191004P148,2019-10-03,2019-10-02 09:24:10,1.76,0.8888,51,1.73,0.8737,71,1.83,0.9242,1,1.745,0.8813,6825,0
IWM191004P148,2019-10-03,2019-10-02 09:24:12,1.76,0.8888,51,1.73,0.8737,71,1.83,0.9242,1,1.745,0.8813,6825,0
IWM191004P148,2019-10-03,2019-10-02 09:24:13,1.76,0.8888,45,1.73,0.8737,71,1.83,0.9242,1,1.745,0.8813,6825,0
IWM191004P148,2019-10-03,2019-10-02 09:24:14,1.78,0.8989,20,1.74,0.8787,49,1.83,0.9242,1,1.76,0.8888,6825,0
IWM191004P148,2019-10-03,2019-10-02 09:24:16,1.78,0.8989,20,1.74,0.8787,200,1.83,0.9242,1,1.76,0.8888,6825,0
IWM191004P148,2019-10-03,2019-10-02 09:24:17,1.78,0.8989,51,1.75,0.8838,31,1.83,0.9242,1,1.765,0.8914,6825,0
IWM191004P148,2019-10-03,2019-10-02 09:24:17,1.78,0.8989,51,1.74,0.8787,200,1.83,0.9242,1,1.76,0.8888,6825,0
IWM191004P148,2019-10-03,2019-10-02 09:24:19,1.78,0.8989,51,1.75,0.8838,10,1.83,0.9242,1,1.765,0.8914,6825,0
IWM191004P148,2019-10-03,2019-10-02 09:24:21,1.76,0.8888,206,1.71,0.8636,35,1.83,0.9242,1,1.735,0.8762,6825,0
IWM191004P148,2019-10-03,2019-10-02 09:24:22,1.76,0.8888,206,1.71,0.8636,28,1.83,0.9242,1,1.735,0.8762,6825,0
IWM191004P148,2019-10-03,2019-10-02 09:24:23,1.74,0.8787,51,1.71,0.8636,34,1.83,0.9242,1,1.725,0.8712,6825,0
IWM191004P148,2019-10-03,2019-10-02 09:24:25,1.74,0.8787,64,1.7,0.8585,34,1.83,0.9242,1,1.72,0.8686,6825,0
IWM191004P148,2019-10-03,2019-10-02 09:24:26,1.73,0.8737,51,1.71,0.8636,9,1.83,0.9242,1,1.72,0.8686,6825,0
IWM191004P148,2019-10-03,2019-10-02 09:24:28,1.73,0.8737,55,1.69,0.8535,147,1.83,0.9242,1,1.71,0.8636,6825,0
IWM191004P148,2019-10-03,2019-10-02 09:24:29,1.72,0.8686,51,1.7,0.8585,3,1.83,0.9242,1,1.71,0.8636,6825,0
IWM191004P148,2019-10-03,2019-10-02 09:24:30,1.71,0.8636,20,1.68,0.8484,108,1.83,0.9242,1,1.695,0.856,6825,0
IWM191004P148,2019-10-03,2019-10-02 09:24:34,1.7,0.8585,34,1.67,0.8434,53,1.83,0.9242,1,1.685,0.851,6825,0
IWM191004P148,2019-10-03,2019-10-02 09:24:41,1.67,0.8434,23,1.65,0.8333,4,1.83,0.9242,1,1.66,0.8383,6825,0
IWM191004P148,2019-10-03,2019-10-02 09:24:48,1.67,0.8434,7,1.65,0.8333,20,1.83,0.9242,1,1.66,0.8383,6825,0
IWM191004P148,2019-10-03,2019-10-02 09:24:50,1.67,0.8434,5,1.65,0.8333,20,1.83,0.9242,1,1.66,0.8383,6825,0
IWM191004P148,2019-10-03,2019-10-02 09:24:51,1.68,0.8484,27,1.65,0.8333,20,1.83,0.9242,1,1.665,0.8409,6825,0
IWM191004P148,2019-10-03,2019-10-02 09:24:52,1.67,0.8434,5,1.65,0.8333,11,1.83,0.9242,1,1.66,0.8383,6825,0
IWM191004P148,2019-10-03,2019-10-02 09:24:55,1.68,0.8484,34,1.64,0.8282,95,1.83,0.9242,1,1.66,0.8383,6825,0
IWM191004P148,2019-10-03,2019-10-02 09:24:58,1.68,0.8484,20,1.65,0.8333,21,1.83,0.9242,1,1.665,0.8409,6825,0
IWM191004P148,2019-10-03,2019-10-02 09:25:00,1.7,0.8585,20,1.65,0.8333,23,1.83,0.9242,1,1.675,0.8459,6825,0
IWM191004P148,2019-10-03,2019-10-02 09:25:03,1.73,0.8737,20,1.69,0.8535,29,1.83,0.9242,1,1.71,0.8636,6825,0
IWM191004P148,2019-10-03,2019-10-02 09:25:05,1.74,0.8787,24,1.71,0.8636,26,1.83,0.9242,1,1.725,0.8712,6825,0
IWM191004P148,2019-10-03,2019-10-02 09:25:06,1.74,0.8787,9,1.71,0.8636,26,1.83,0.9242,1,1.725,0.8712,6825,0
IWM191004P148,2019-10-03,2019-10-02 09:25:06,1.75,0.8838,27,1.71,0.8636,23,1.83,0.9242,1,1.73,0.8737,6825,0
IWM191004P148,2019-10-03,2019-10-02 09:25:07,1.75,0.8838,27,1.72,0.8686,23,1.83,0.9242,1,1.735,0.8762,6825,0
IWM191004P148,2019-10-03,2019-10-02 09:25:08,1.74,0.8787,2,1.71,0.8636,20,1.83,0.9242,1,1.725,0.8712,6825,0
IWM191004P148,2019-10-03,2019-10-02 09:25:09,1.73,0.8737,23,1.7,0.8585,26,1.83,0.9242,1,1.715,0.8661,6825,0
IWM191004P148,2019-10-03,2019-10-02 09:25:09,1.74,0.8787,2,1.7,0.8585,20,1.83,0.9242,1,1.72,0.8686,6825,0
IWM191004P148,2019-10-03,2019-10-02 09:25:10,1.73,0.8737,6,1.7,0.8585,20,1.83,0.9242,1,1.715,0.8661,6825,0
IWM191004P148,2019-10-03,2019-10-02 09:25:10,1.74,0.8787,41,1.7,0.8585,20,1.83,0.9242,1,1.72,0.8686,6825,0
IWM191004P148,2019-10-03,2019-10-02 09:25:11,1.74,0.8787,37,1.71,0.8636,10,1.83,0.9242,1,1.725,0.8712,6825,0
IWM191004P148,2019-10-03,2019-10-02 09:25:12,1.74,0.8787,17,1.71,0.8636,4,1.83,0.9242,1,1.725,0.8712,6825,0
IWM191004P148,2019-10-03,2019-10-02 09:25:12,1.74,0.8787,40,1.71,0.8636,5,1.83,0.9242,1,1.725,0.8712,6825,0
IWM191004P148,2019-10-03,2019-10-02 09:25:13,1.73,0.8737,35,1.7,0.8585,23,1.83,0.9242,1,1.715,0.8661,6825,0
IWM191004P148,2019-10-03,2019-10-02 09:25:13,1.74,0.8787,55,1.69,0.8535,190,1.83,0.9242,1,1.715,0.8661,6825,0
IWM191004P148,2019-10-03,2019-10-02 09:25:14,1.73,0.8737,43,1.7,0.8585,23,1.83,0.9242,1,1.715,0.8661,6825,0
IWM191004P148,2019-10-03,2019-10-02 09:25:15,1.72,0.8686,7,1.69,0.8535,31,1.83,0.9242,1,1.705,0.8611,6825,0
IWM191004P148,2019-10-03,2019-10-02 09:25:15,1.72,0.8686,27,1.7,0.8585,5,1.83,0.9242,1,1.71,0.8636,6825,0
IWM191004P148,2019-10-03,2019-10-02 09:25:16,1.72,0.8686,48,1.68,0.8484,26,1.83,0.9242,1,1.7,0.8585,6825,0
IWM191004P148,2019-10-03,2019-10-02 09:25:17,1.71,0.8636,12,1.67,0.8434,20,1.83,0.9242,1,1.69,0.8535,6825,0
IWM191004P148,2019-10-03,2019-10-02 09:25:17,1.7,0.8585,5,1.67,0.8434,36,1.83,0.9242,1,1.685,0.851,6825,0
IWM191004P148,2019-10-03,2019-10-02 09:25:18,1.7,0.8585,5,1.67,0.8434,26,1.83,0.9242,1,1.685,0.851,6825,0
IWM191004P148,2019-10-03,2019-10-02 09:25:19,1.7,0.8585,37,1.66,0.8383,18,1.83,0.9242,1,1.68,0.8484,6825,0
IWM191004P148,2019-10-03,2019-10-02 09:25:19,1.7,0.8585,69,1.66,0.8383,21,1.83,0.9242,1,1.68,0.8484,6825,0
IWM191004P148,2019-10-03,2019-10-02 09:25:20,1.7,0.8585,67,1.66,0.8383,23,1.83,0.9242,1,1.68,0.8484,6825,0
IWM191004P148,2019-10-03,2019-10-02 09:25:21,1.69,0.8535,37,1.66,0.8383,23,1.83,0.9242,1,1.675,0.8459,6825,0
IWM191004P148,2019-10-03,2019-10-02 09:25:21,1.69,0.8535,37,1.66,0.8383,29,1.83,0.9242,1,1.675,0.8459,6825,0
IWM191004P148,2019-10-03,2019-10-02 09:25:22,1.68,0.8484,9,1.65,0.8333,23,1.83,0.9242,1,1.665,0.8409,6825,0
IWM191004P148,2019-10-03,2019-10-02 09:25:22,1.68,0.8484,40,1.66,0.8383,3,1.83,0.9242,1,1.67,0.8434,6825,0
IWM191004P148,2019-10-03,2019-10-02 09:25:23,1.68,0.8484,40,1.65,0.8333,29,1.83,0.9242,1,1.665,0.8409,6825,0
IWM191004P148,2019-10-03,2019-10-02 09:25:24,1.67,0.8434,24,1.65,0.8333,2,1.83,0.9242,1,1.66,0.8383,6825,0
IWM191004P148,2019-10-03,2019-10-02 09:25:24,1.68,0.8484,40,1.64,0.8282,31,1.83,0.9242,1,1.66,0.8383,6825,0
IWM191004P148,2019-10-03,2019-10-02 09:25:25,1.67,0.8434,16,1.64,0.8282,20,1.83,0.9242,1,1.655,0.8358,6825,0
IWM191004P148,2019-10-03,2019-10-02 09:25:26,1.68,0.8484,82,1.64,0.8282,31,1.83,0.9242,1,1.66,0.8383,6825,0
IWM191004P148,2019-10-03,2019-10-02 09:25:26,1.68,0.8484,86,1.64,0.8282,30,1.83,0.9242,1,1.66,0.8383,6825,0
IWM191004P148,2019-10-03,2019-10-02 09:25:27,1.67,0.8434,20,1.64,0.8282,31,1.83,0.9242,1,1.655,0.8358,6825,0
IWM191004P148,2019-10-03,2019-10-02 09:25:27,1.67,0.8434,20,1.64,0.8282,41,1.83,0.9242,1,1.655,0.8358,6825,0
IWM191004P148,2019-10-03,2019-10-02 09:25:28,1.67,0.8434,27,1.65,0.8333,3,1.83,0.9242,1,1.66,0.8383,6825,0
IWM191004P148,2019-10-03,2019-10-02 09:25:29,1.67,0.8434,67,1.64,0.8282,20,1.83,0.9242,1,1.655,0.8358,6825,0
IWM191004P148,2019-10-03,2019-10-02 09:25:29,1.67,0.8434,67,1.63,0.8232,37,1.83,0.9242,1,1.65,0.8333,6825,0
IWM191004P148,2019-10-03,2019-10-02 09:25:30,1.67,0.8434,67,1.63,0.8232,37,1.83,0.9242,1,1.65,0.8333,6825,0
IWM191004P148,2019-10-03,2019-10-02 09:25:30,1.66,0.8383,9,1.63,0.8232,32,1.83,0.9242,1,1.645,0.8308,6825,0
IWM191004P148,2019-10-03,2019-10-02 09:25:31,1.67,0.8434,25,1.64,0.8282,30,1.83,0.9242,1,1.655,0.8358,6825,0
IWM191004P148,2019-10-03,2019-10-02 09:25:32,1.68,0.8484,37,1.65,0.8333,24,1.83,0.9242,1,1.665,0.8409,6825,0
IWM191004P148,2019-10-03,2019-10-02 09:25:32,1.69,0.8535,70,1.64,0.8282,48,1.83,0.9242,1,1.665,0.8409,6825,0
IWM191004P148,2019-10-03,2019-10-02 09:25:33,1.67,0.8434,9,1.64,0.8282,35,1.83,0.9242,1,1.655,0.8358,6825,0
IWM191004P148,2019-10-03,2019-10-02 09:25:34,1.68,0.8484,20,1.64,0.8282,80,1.83,0.9242,1,1.66,0.8383,6825,0
IWM191004P148,2019-10-03,2019-10-02 09:25:34,1.68,0.8484,7,1.65,0.8333,32,1.83,0.9242,1,1.665,0.8409,6825,0
IWM191004P148,2019-10-03,2019-10-02 09:25:35,1.69,0.8535,34,1.66,0.8383,7,1.83,0.9242,1,1.675,0.8459,6825,0
IWM191004P148,2019-10-03,2019-10-02 09:25:35,1.68,0.8484,27,1.66,0.8383,7,1.83,0.9242,1,1.67,0.8434,6825,0
IWM191004P148,2019-10-03,2019-10-02 09:25:36,1.69,0.8535,49,1.66,0.8383,10,1.83,0.9242,1,1.675,0.8459,6825,0
IWM191004P148,2019-10-03,2019-10-02 09:25:37,1.69,0.8535,49,1.66,0.8383,10,1.83,0.9242,1,1.675,0.8459,6825,0
IWM191004P148,2019-10-03,2019-10-02 09:25:37,1.7,0.8585,20,1.66,0.8383,59,1.83,0.9242,1,1.68,0.8484,6825,0
IWM191004P148,2019-10-03,2019-10-02 09:25:38,1.7,0.8585,23,1.66,0.8383,45,1.83,0.9242,1,1.68,0.8484,6825,0
IWM191004P148,2019-10-03,2019-10-02 09:25:39,1.69,0.8535,46,1.66,0.8383,45,1.83,0.9242,1,1.675,0.8459,6825,0
IWM191004P148,2019-10-03,2019-10-02 09:25:39,1.7,0.8585,23,1.66,0.8383,45,1.83,0.9242,1,1.68,0.8484,6825,0
IWM191004P148,2019-10-03,2019-10-02 09:25:40,1.69,0.8535,28,1.66,0.8383,31,1.83,0.9242,1,1.675,0.8459,6825,0
IWM191004P148,2019-10-03,2019-10-02 09:25:40,1.69,0.8535,46,1.67,0.8434,2,1.83,0.9242,1,1.68,0.8484,6825,0
IWM191004P148,2019-10-03,2019-10-02 09:25:41,1.71,0.8636,32,1.67,0.8434,42,1.83,0.9242,1,1.69,0.8535,6825,0
IWM191004P148,2019-10-03,2019-10-02 09:25:42,1.7,0.8585,40,1.68,0.8484,20,1.83,0.9242,1,1.69,0.8535,6825,0
IWM191004P148,2019-10-03,2019-10-02 09:25:42,1.71,0.8636,32,1.67,0.8434,39,1.83,0.9242,1,1.69,0.8535,6825,0
IWM191004P148,2019-10-03,2019-10-02 09:25:43,1.7,0.8585,40,1.67,0.8434,31,1.83,0.9242,1,1.685,0.851,6825,0
IWM191004P148,2019-10-03,2019-10-02 09:25:44,1.7,0.8585,65,1.68,0.8484,4,1.83,0.9242,1,1.69,0.8535,6825,0
IWM191004P148,2019-10-03,2019-10-02 09:25:44,1.69,0.8535,9,1.67,0.8434,28,1.83,0.9242,1,1.68,0.8484,6825,0
IWM191004P148,2019-10-03,2019-10-02 09:25:45,1.69,0.8535,23,1.66,0.8383,31,1.83,0.9242,1,1.675,0.8459,6825,0
IWM191004P148,2019-10-03,2019-10-02 09:25:45,1.69,0.8535,29,1.67,0.8434,3,1.83,0.9242,1,1.68,0.8484,6825,0
IWM191004P148,2019-10-03,2019-10-02 09:25:46,1.69,0.8535,17,1.67,0.8434,23,1.83,0.9242,1,1.68,0.8484,6825,0
IWM191004P148,2019-10-03,2019-10-02 09:25:47,1.69,0.8535,23,1.67,0.8434,12,1.83,0.9242,1,1.68,0.8484,6825,0
IWM191004P148,2019-10-03,2019-10-02 09:25:47,1.69,0.8535,17,1.67,0.8434,12,1.83,0.9242,1,1.68,0.8484,6825,0
IWM191004P148,2019-10-03,2019-10-02 09:25:48,1.69,0.8535,23,1.67,0.8434,12,1.83,0.9242,1,1.68,0.8484,6825,0
IWM191004P148,2019-10-03,2019-10-02 09:25:49,1.69,0.8535,17,1.67,0.8434,12,1.83,0.9242,1,1.68,0.8484,6825,0
IWM191004P148,2019-10-03,2019-10-02 09:25:49,1.69,0.8535,17,1.67,0.8434,23,1.83,0.9242,1,1.68,0.8484,6825,0
IWM191004P148,2019-10-03,2019-10-02 09:25:50,1.69,0.8535,17,1.67,0.8434,12,1.83,0.9242,1,1.68,0.8484,6825,0
IWM191004P148,2019-10-03,2019-10-02 09:25:51,1.7,0.8585,31,1.67,0.8434,5,1.83,0.9242,1,1.685,0.851,6825,0
IWM191004P148,2019-10-03,2019-10-02 09:25:52,1.7,0.8585,21,1.66,0.8383,43,1.83,0.9242,1,1.68,0.8484,6825,0
IWM191004P148,2019-10-03,2019-10-02 09:25:52,1.7,0.8585,32,1.68,0.8484,3,1.83,0.9242,1,1.69,0.8535,6825,0
IWM191004P148,2019-10-03,2019-10-02 09:25:53,1.7,0.8585,21,1.66,0.8383,43,1.83,0.9242,1,1.68,0.8484,6825,0
IWM191004P148,2019-10-03,2019-10-02 09:25:54,1.7,0.8585,21,1.66,0.8383,20,1.83,0.9242,1,1.68,0.8484,6825,0
IWM191004P148,2019-10-03,2019-10-02 09:25:54,1.69,0.8535,17,1.66,0.8383,29,1.83,0.9242,1,1.675,0.8459,6825,0
IWM191004P148,2019-10-03,2019-10-02 09:25:55,1.69,0.8535,49,1.66,0.8383,29,1.83,0.9242,1,1.675,0.8459,6825,0
IWM191004P148,2019-10-03,2019-10-02 09:25:55,1.69,0.8535,37,1.66,0.8383,29,1.83,0.9242,1,1.675,0.8459,6825,0
IWM191004P148,2019-10-03,2019-10-02 09:25:56,1.68,0.8484,50,1.65,0.8333,20,1.83,0.9242,1,1.665,0.8409,6825,0
IWM191004P148,2019-10-03,2019-10-02 09:25:57,1.68,0.8484,50,1.65,0.8333,29,1.83,0.9242,1,1.665,0.8409,6825,0
IWM191004P148,2019-10-03,2019-10-02 09:25:58,1.68,0.8484,50,1.65,0.8333,29,1.83,0.9242,1,1.665,0.8409,6825,0
IWM191004P148,2019-10-03,2019-10-02 09:25:59,1.67,0.8434,20,1.65,0.8333,20,1.83,0.9242,1,1.66,0.8383,6825,0
IWM191004P148,2019-10-03,2019-10-02 09:25:59,1.68,0.8484,70,1.65,0.8333,29,1.83,0.9242,1,1.665,0.8409,6825,0
IWM191004P148,2019-10-03,2019-10-02 09:26:00,1.67,0.8434,20,1.65,0.8333,15,1.83,0.9242,1,1.66,0.8383,6825,0
IWM191004P148,2019-10-03,2019-10-02 09:26:00,1.67,0.8434,20,1.65,0.8333,31,1.83,0.9242,1,1.66,0.8383,6825,0
IWM191004P148,2019-10-03,2019-10-02 09:26:01,1.67,0.8434,20,1.64,0.8282,31,1.83,0.9242,1,1.655,0.8358,6825,0
IWM191004P148,2019-10-03,2019-10-02 09:26:02,1.67,0.8434,25,1.64,0.8282,31,1.83,0.9242,1,1.655,0.8358,6825,0
IWM191004P148,2019-10-03,2019-10-02 09:26:02,1.67,0.8434,31,1.64,0.8282,31,1.83,0.9242,1,1.655,0.8358,6825,0
IWM191004P148,2019-10-03,2019-10-02 09:26:03,1.67,0.8434,36,1.64,0.8282,31,1.83,0.9242,1,1.655,0.8358,6825,0
IWM191004P148,2019-10-03,2019-10-02 09:26:04,1.67,0.8434,31,1.63,0.8232,31,1.83,0.9242,1,1.65,0.8333,6825,0
IWM191004P148,2019-10-03,2019-10-02 09:26:04,1.66,0.8383,65,1.63,0.8232,20,1.83,0.9242,1,1.645,0.8308,6825,0
IWM191004P148,2019-10-03,2019-10-02 09:26:05,1.66,0.8383,65,1.63,0.8232,29,1.83,0.9242,1,1.645,0.8308,6825,0
IWM191004P148,2019-10-03,2019-10-02 09:26:06,1.66,0.8383,83,1.62,0.8181,35,1.83,0.9242,1,1.64,0.8282,6825,0
IWM191004P148,2019-10-03,2019-10-02 09:26:07,1.66,0.8383,83,1.62,0.8181,34,1.83,0.9242,1,1.64,0.8282,6825,0
IWM191004P148,2019-10-03,2019-10-02 09:26:08,1.64,0.8282,70,1.61,0.8131,27,1.83,0.9242,1,1.625,0.8207,6825,0
IWM191004P148,2019-10-03,2019-10-02 09:26:08,1.64,0.8282,25,1.61,0.8131,155,1.83,0.9242,1,1.625,0.8207,6825,0
IWM191004P148,2019-10-03,2019-10-02 09:26:09,1.64,0.8282,70,1.61,0.8131,23,1.83,0.9242,1,1.625,0.8207,6825,0
IWM191004P148,2019-10-03,2019-10-02 09:26:10,1.64,0.8282,20,1.61,0.8131,21,1.83,0.9242,1,1.625,0.8207,6825,0
IWM191004P148,2019-10-03,2019-10-02 09:26:14,1.65,0.8333,44,1.62,0.8181,23,1.83,0.9242,1,1.635,0.8257,6825,0
IWM191004P148,2019-10-03,2019-10-02 09:26:16,1.65,0.8333,24,1.62,0.8181,57,1.83,0.9242,1,1.635,0.8257,6825,0
IWM191004P148,2019-10-03,2019-10-02 09:26:18,1.66,0.8383,2,1.63,0.8232,33,1.83,0.9242,1,1.645,0.8308,6825,0
IWM191004P148,2019-10-03,2019-10-02 09:26:19,1.66,0.8383,46,1.63,0.8232,25,1.83,0.9242,1,1.645,0.8308,6825,0
IWM191004P148,2019-10-03,2019-10-02 09:26:21,1.65,0.8333,44,1.62,0.8181,34,1.83,0.9242,1,1.635,0.8257,6825,0
IWM191004P148,2019-10-03,2019-10-02 09:26:23,1.64,0.8282,38,1.62,0.8181,20,1.83,0.9242,1,1.63,0.8232,6825,0
IWM191004P148,2019-10-03,2019-10-02 09:26:25,1.64,0.8282,35,1.61,0.8131,51,1.83,0.9242,1,1.625,0.8207,6825,0
IWM191004P148,2019-10-03,2019-10-02 09:26:26,1.64,0.8282,3,1.61,0.8131,52,1.83,0.9242,1,1.625,0.8207,6825,0
IWM191004P148,2019-10-03,2019-10-02 09:26:28,1.66,0.8383,20,1.62,0.8181,63,1.83,0.9242,1,1.64,0.8282,6825,0
IWM191004P148,2019-10-03,2019-10-02 09:26:31,1.66,0.8383,29,1.63,0.8232,13,1.83,0.9242,1,1.645,0.8308,6825,0
IWM191004P148,2019-10-03,2019-10-02 09:26:32,1.65,0.8333,5,1.63,0.8232,13,1.83,0.9242,1,1.64,0.8282,6825,0
IWM191004P148,2019-10-03,2019-10-02 09:26:33,1.65,0.8333,23,1.62,0.8181,20,1.83,0.9242,1,1.635,0.8257,6825,0
IWM191004P148,2019-10-03,2019-10-02 09:26:35,1.65,0.8333,21,1.62,0.8181,45,1.83,0.9242,1,1.635,0.8257,6825,0
IWM191004P148,2019-10-03,2019-10-02 09:26:37,1.65,0.8333,20,1.62,0.8181,17,1.83,0.9242,1,1.635,0.8257,6825,0
IWM191004P148,2019-10-03,2019-10-02 09:26:46,1.65,0.8333,13,1.63,0.8232,13,1.83,0.9242,1,1.64,0.8282,6825,0
IWM191004P148,2019-10-03,2019-10-02 09:26:49,1.67,0.8434,19,1.64,0.8282,51,1.83,0.9242,1,1.655,0.8358,6825,0
IWM191004P148,2019-10-03,2019-10-02 09:26:51,1.69,0.8535,44,1.66,0.8383,3,1.83,0.9242,1,1.675,0.8459,6825,0
IWM191004P148,2019-10-03,2019-10-02 09:26:52,1.69,0.8535,44,1.66,0.8383,65,1.83,0.9242,1,1.675,0.8459,6825,0
IWM191004P148,2019-10-03,2019-10-02 09:26:53,1.69,0.8535,64,1.66,0.8383,27,1.83,0.9242,1,1.675,0.8459,6825,0
IWM191004P148,2019-10-03,2019-10-02 09:26:54,1.69,0.8535,64,1.66,0.8383,26,1.83,0.9242,1,1.675,0.8459,6825,0
IWM191004P148,2019-10-03,2019-10-02 09:26:55,1.69,0.8535,44,1.66,0.8383,46,1.83,0.9242,1,1.675,0.8459,6825,0
IWM191004P148,2019-10-03,2019-10-02 09:26:56,1.69,0.8535,44,1.67,0.8434,25,1.83,0.9242,1,1.68,0.8484,6825,0
IWM191004P148,2019-10-03,2019-10-02 09:26:56,1.69,0.8535,44,1.66,0.8383,46,1.83,0.9242,1,1.675,0.8459,6825,0
IWM191004P148,2019-10-03,2019-10-02 09:26:57,1.69,0.8535,44,1.67,0.8434,25,1.83,0.9242,1,1.68,0.8484,6825,0
IWM191004P148,2019-10-03,2019-10-02 09:26:59,1.7,0.8585,38,1.67,0.8434,41,1.83,0.9242,1,1.685,0.851,6825,0
IWM191004P148,2019-10-03,2019-10-02 09:27:00,1.7,0.8585,35,1.67,0.8434,55,1.83,0.9242,1,1.685,0.851,6825,0
IWM191004P148,2019-10-03,2019-10-02 09:27:02,1.7,0.8585,26,1.67,0.8434,32,1.83,0.9242,1,1.685,0.851,6825,0
IWM191004P148,2019-10-03,2019-10-02 09:27:04,1.69,0.8535,12,1.67,0.8434,23,1.83,0.9242,1,1.68,0.8484,6825,0
IWM191004P148,2019-10-03,2019-10-02 09:27:06,1.69,0.8535,24,1.66,0.8383,26,1.83,0.9242,1,1.675,0.8459,6825,0
IWM191004P148,2019-10-03,2019-10-02 09:27:08,1.69,0.8535,40,1.67,0.8434,23,1.83,0.9242,1,1.68,0.8484,6825,0
IWM191004P148,2019-10-03,2019-10-02 09:27:09,1.68,0.8484,19,1.65,0.8333,23,1.83,0.9242,1,1.665,0.8409,6825,0
IWM191004P148,2019-10-03,2019-10-02 09:27:10,1.67,0.8434,16,1.64,0.8282,32,1.83,0.9242,1,1.655,0.8358,6825,0
IWM191004P148,2019-10-03,2019-10-02 09:27:24,1.64,0.8282,40,1.61,0.8131,21,1.83,0.9242,1,1.625,0.8207,6825,0
IWM191004P148,2019-10-03,2019-10-02 09:27:26,1.63,0.8232,30,1.6,0.808,20,1.83,0.9242,1,1.615,0.8156,6825,0
IWM191004P148,2019-10-03,2019-10-02 09:27:28,1.63,0.8232,25,1.6,0.808,20,1.83,0.9242,1,1.615,0.8156,6825,0
IWM191004P148,2019-10-03,2019-10-02 09:27:29,1.63,0.8232,25,1.6,0.808,29,1.83,0.9242,1,1.615,0.8156,6825,0
IWM191004P148,2019-10-03,2019-10-02 09:27:31,1.63,0.8232,28,1.6,0.808,29,1.83,0.9242,1,1.615,0.8156,6825,0
IWM191004P148,2019-10-03,2019-10-02 09:27:32,1.62,0.8181,18,1.6,0.808,23,1.83,0.9242,1,1.61,0.8131,6825,0
IWM191004P148,2019-10-03,2019-10-02 09:27:33,1.62,0.8181,18,1.6,0.808,23,1.83,0.9242,1,1.61,0.8131,6825,0
IWM191004P148,2019-10-03,2019-10-02 09:27:34,1.62,0.8181,18,1.59,0.803,27,1.83,0.9242,1,1.605,0.8106,6825,0
IWM191004P148,2019-10-03,2019-10-02 09:27:38,1.64,0.8282,43,1.6,0.808,83,1.83,0.9242,1,1.62,0.8181,6825,0
IWM191004P148,2019-10-03,2019-10-02 09:27:38,1.63,0.8232,3,1.6,0.808,73,1.83,0.9242,1,1.615,0.8156,6825,0
IWM191004P148,2019-10-03,2019-10-02 09:27:42,1.64,0.8282,43,1.61,0.8131,30,1.83,0.9242,1,1.625,0.8207,6825,0
IWM191004P148,2019-10-03,2019-10-02 09:27:56,1.62,0.8181,5,1.6,0.808,26,1.83,0.9242,1,1.61,0.8131,6825,0
IWM191004P148,2019-10-03,2019-10-02 09:27:59,1.62,0.8181,5,1.6,0.808,46,1.83,0.9242,1,1.61,0.8131,6825,0
IWM191004P148,2019-10-03,2019-10-02 09:28:03,1.62,0.8181,43,1.6,0.808,2,1.83,0.9242,1,1.61,0.8131,6825,0
IWM191004P148,2019-10-03,2019-10-02 09:28:23,1.62,0.8181,38,1.6,0.808,11,1.83,0.9242,1,1.61,0.8131,6825,0
IWM191004P148,2019-10-03,2019-10-02 09:28:32,1.61,0.8131,53,1.58,0.7979,45,1.83,0.9242,1,1.595,0.8055,6825,0
IWM191004P148,2019-10-03,2019-10-02 09:28:33,1.6,0.808,5,1.57,0.7929,136,1.83,0.9242,1,1.585,0.8005,6825,0
IWM191004P148,2019-10-03,2019-10-02 09:28:37,1.6,0.808,3,1.57,0.7929,103,1.83,0.9242,1,1.585,0.8005,6825,0
IWM191004P148,2019-10-03,2019-10-02 09:28:38,1.6,0.808,3,1.57,0.7929,103,1.83,0.9242,1,1.585,0.8005,6825,0
IWM191004P148,2019-10-03,2019-10-02 09:28:39,1.6,0.808,38,1.57,0.7929,103,1.83,0.9242,1,1.585,0.8005,6825,0
IWM191004P148,2019-10-03,2019-10-02 09:28:41,1.6,0.808,25,1.57,0.7929,85,1.83,0.9242,1,1.585,0.8005,6825,0
IWM191004P148,2019-10-03,2019-10-02 09:28:45,1.59,0.803,3,1.57,0.7929,27,1.83,0.9242,1,1.58,0.7979,6825,0
IWM191004P148,2019-10-03,2019-10-02 09:28:50,1.63,0.8232,4,1.6,0.808,53,1.83,0.9242,1,1.615,0.8156,6825,0
IWM191004P148,2019-10-03,2019-10-02 09:28:54,1.61,0.8131,19,1.6,0.808,10,1.83,0.9242,1,1.605,0.8106,6825,0
IWM191004P148,2019-10-03,2019-10-02 09:29:00,1.6,0.808,11,1.57,0.7929,69,1.83,0.9242,1,1.585,0.8005,6825,0
IWM191004P148,2019-10-03,2019-10-02 09:29:03,1.6,0.808,54,1.57,0.7929,37,1.83,0.9242,1,1.585,0.8005,6825,0
IWM191004P148,2019-10-03,2019-10-02 09:29:04,1.6,0.808,94,1.56,0.7878,71,1.83,0.9242,1,1.58,0.7979,6825,0
IWM191004P148,2019-10-03,2019-10-02 09:29:06,1.58,0.7979,32,1.55,0.7828,69,1.83,0.9242,1,1.565,0.7904,6825,0
IWM191004P148,2019-10-03,2019-10-02 09:29:07,1.58,0.7979,32,1.55,0.7828,68,1.83,0.9242,1,1.565,0.7904,6825,0
IWM191004P148,2019-10-03,2019-10-02 09:29:08,1.58,0.7979,32,1.54,0.7777,68,1.83,0.9242,1,1.56,0.7878,6825,0
IWM191004P148,2019-10-03,2019-10-02 09:29:11,1.59,0.803,41,1.56,0.7878,39,1.83,0.9242,1,1.575,0.7954,6825,0
IWM191004P148,2019-10-03,2019-10-02 09:29:13,1.59,0.803,56,1.55,0.7828,57,1.83,0.9242,1,1.57,0.7929,6825,0
IWM191004P148,2019-10-03,2019-10-02 09:29:18,1.6,0.808,51,1.56,0.7878,53,1.83,0.9242,1,1.58,0.7979,6825,0
IWM191004P148,2019-10-03,2019-10-02 09:29:19,1.6,0.808,80,1.56,0.7878,37,1.83,0.9242,1,1.58,0.7979,6825,0
IWM191004P148,2019-10-03,2019-10-02 09:29:24,1.61,0.8131,25,1.59,0.803,23,1.83,0.9242,1,1.6,0.808,6825,0
IWM191004P148,2019-10-03,2019-10-02 09:29:25,1.61,0.8131,25,1.59,0.803,37,1.83,0.9242,1,1.6,0.808,6825,0
IWM191004P148,2019-10-03,2019-10-02 09:29:28,1.63,0.8232,27,1.6,0.808,23,1.61,0.8131,25,1.615,0.8156,6850,25
IWM191004P148,2019-10-03,2019-10-02 09:29:31,1.61,0.8131,3,1.59,0.803,36,1.61,0.8131,25,1.6,0.808,6850,0
IWM191004P148,2019-10-03,2019-10-02 09:29:33,1.61,0.8131,57,1.57,0.7929,60,1.61,0.8131,25,1.59,0.803,6850,0
IWM191004P148,2019-10-03,2019-10-02 09:29:39,1.59,0.803,28,1.56,0.7878,20,1.61,0.8131,25,1.575,0.7954,6850,0
IWM191004P148,2019-10-03,2019-10-02 09:29:40,1.61,0.8131,16,1.57,0.7929,62,1.61,0.8131,25,1.59,0.803,6850,0
IWM191004P148,2019-10-03,2019-10-02 09:29:42,1.61,0.8131,20,1.58,0.7979,27,1.61,0.8131,25,1.595,0.8055,6850,0
IWM191004P148,2019-10-03,2019-10-02 09:29:47,1.6,0.808,2,1.58,0.7979,10,1.61,0.8131,25,1.59,0.803,6850,0
IWM191004P148,2019-10-03,2019-10-02 09:29:50,1.59,0.803,3,1.57,0.7929,20,1.61,0.8131,25,1.58,0.7979,6850,0
IWM191004P148,2019-10-03,2019-10-02 09:29:53,1.59,0.803,14,1.56,0.7878,78,1.61,0.8131,25,1.575,0.7954,6850,0
IWM191004P148,2019-10-03,2019-10-02 09:29:54,1.6,0.808,14,1.57,0.7929,76,1.61,0.8131,25,1.585,0.8005,6850,0
IWM191004P148,2019-10-03,2019-10-02 09:29:56,1.6,0.808,49,1.57,0.7929,76,1.61,0.8131,25,1.585,0.8005,6850,0
IWM191004P148,2019-10-03,2019-10-02 09:29:57,1.6,0.808,14,1.58,0.7979,3,1.61,0.8131,25,1.59,0.803,6850,0
IWM191004P148,2019-10-03,2019-10-02 09:29:59,1.6,0.808,63,1.56,0.7878,20,1.61,0.8131,25,1.58,0.7979,6850,0
IWM191004P148,2019-10-03,2019-10-03 09:30:00,1.98,1.0,31,1.73,0.8737,31,1.83,0.9242,2,1.855,0.9368,0,0
IWM191004P148,2019-10-03,2019-10-03 09:30:01,1.98,1.0,31,1.73,0.8737,31,1.85,0.9343,1,1.855,0.9368,1,1
IWM191004P148,2019-10-03,2019-10-03 09:30:01,1.92,0.9696,1,1.77,0.8939,31,1.85,0.9343,1,1.845,0.9318,1,0
IWM191004P148,2019-10-03,2019-10-03 09:30:02,1.97,0.9949,31,1.77,0.8939,31,1.85,0.9343,1,1.87,0.9444,1,0
IWM191004P148,2019-10-03,2019-10-03 09:30:03,1.96,0.9898,31,1.75,0.8838,31,1.85,0.9343,1,1.855,0.9368,1,0
IWM191004P148,2019-10-03,2019-10-03 09:30:04,1.92,0.9696,50,1.75,0.8838,50,1.85,0.9343,1,1.835,0.9267,1,0
IWM191004P148,2019-10-03,2019-10-03 09:30:04,1.9,0.9595,160,1.78,0.8989,160,1.85,0.9343,1,1.84,0.9292,1,0
IWM191004P148,2019-10-03,2019-10-03 09:30:05,1.9,0.9595,160,1.78,0.8989,160,1.85,0.9343,1,1.84,0.9292,1,0
IWM191004P148,2019-10-03,2019-10-03 09:30:06,1.88,0.9494,138,1.78,0.8989,160,1.85,0.9343,1,1.83,0.9242,1,0
IWM191004P148,2019-10-03,2019-10-03 09:30:06,1.89,0.9545,5,1.78,0.8989,160,1.85,0.9343,1,1.835,0.9267,1,0
IWM191004P148,2019-10-03,2019-10-03 09:30:07,1.86,0.9393,128,1.78,0.8989,128,1.85,0.9343,1,1.82,0.9191,1,0
IWM191004P148,2019-10-03,2019-10-03 09:30:07,1.87,0.9444,128,1.78,0.8989,128,1.85,0.9343,1,1.825,0.9217,1,0
IWM191004P148,2019-10-03,2019-10-03 09:30:08,1.87,0.9444,128,1.78,0.8989,128,1.85,0.9343,1,1.825,0.9217,1,0
IWM191004P148,2019-10-03,2019-10-03 09:30:08,1.86,0.9393,138,1.78,0.8989,128,1.85,0.9343,1,1.82,0.9191,1,0
IWM191004P148,2019-10-03,2019-10-03 09:30:09,1.86,0.9393,167,1.77,0.8939,38,1.85,0.9343,1,1.815,0.9166,1,0
IWM191004P148,2019-10-03,2019-10-03 09:30:09,1.86,0.9393,177,1.77,0.8939,54,1.85,0.9343,1,1.815,0.9166,1,0
IWM191004P148,2019-10-03,2019-10-03 09:30:10,1.86,0.9393,39,1.78,0.8989,125,1.85,0.9343,1,1.82,0.9191,1,0
IWM191004P148,2019-10-03,2019-10-03 09:30:11,1.89,0.9545,112,1.79,0.904,153,1.85,0.9343,1,1.84,0.9292,1,0
IWM191004P148,2019-10-03,2019-10-03 09:30:11,1.86,0.9393,11,1.78,0.8989,134,1.85,0.9343,1,1.82,0.9191,1,0
IWM191004P148,2019-10-03,2019-10-03 09:30:12,1.89,0.9545,10,1.81,0.9141,139,1.85,0.9343,1,1.85,0.9343,1,0
IWM191004P148,2019-10-03,2019-10-03 09:30:12,1.89,0.9545,10,1.83,0.9242,20,1.85,0.9343,1,1.86,0.9393,1,0
IWM191004P148,2019-10-03,2019-10-03 09:30:13,1.91,0.9646,112,1.82,0.9191,112,1.85,0.9343,1,1.865,0.9419,1,0
IWM191004P148,2019-10-03,2019-10-03 09:30:13,1.91,0.9646,112,1.82,0.9191,109,1.85,0.9343,1,1.865,0.9419,1,0
IWM191004P148,2019-10-03,2019-10-03 09:30:14,1.89,0.9545,1,1.82,0.9191,10,1.85,0.9343,1,1.855,0.9368,1,0
IWM191004P148,2019-10-03,2019-10-03 09:30:14,1.91,0.9646,10,1.82,0.9191,142,1.85,0.9343,1,1.865,0.9419,1,0
IWM191004P148,2019-10-03,2019-10-03 09:30:15,1.87,0.9444,128,1.8,0.909,50,1.85,0.9343,1,1.835,0.9267,1,0
IWM191004P148,2019-10-03,2019-10-03 09:30:15,1.9,0.9595,261,1.82,0.9191,10,1.85,0.9343,1,1.86,0.9393,1,0
IWM191004P148,2019-10-03,2019-10-03 09:30:16,1.85,0.9343,112,1.77,0.8939,94,1.85,0.9343,1,1.81,0.9141,1,0
IWM191004P148,2019-10-03,2019-10-03 09:30:16,1.86,0.9393,143,1.78,0.8989,71,1.85,0.9343,1,1.82,0.9191,1,0
IWM191004P148,2019-10-03,2019-10-03 09:30:17,1.87,0.9444,112,1.8,0.909,274,1.85,0.9343,1,1.835,0.9267,1,0
IWM191004P148,2019-10-03,2019-10-03 09:30:17,1.85,0.9343,36,1.77,0.8939,1,1.85,0.9343,1,1.81,0.9141,1,0
IWM191004P148,2019-10-03,2019-10-03 09:30:18,1.87,0.9444,137,1.79,0.904,1,1.85,0.9343,1,1.83,0.9242,1,0
IWM191004P148,2019-10-03,2019-10-03 09:30:19,1.87,0.9444,20,1.79,0.904,160,1.85,0.9343,1,1.83,0.9242,1,0
IWM191004P148,2019-10-03,2019-10-03 09:30:20,1.87,0.9444,20,1.79,0.904,160,1.85,0.9343,1,1.83,0.9242,1,0
IWM191004P148,2019-10-03,2019-10-03 09:30:20,1.86,0.9393,10,1.79,0.904,126,1.85,0.9343,1,1.825,0.9217,1,0
IWM191004P148,2019-10-03,2019-10-03 09:30:21,1.89,0.9545,145,1.81,0.9141,180,1.85,0.9343,1,1.85,0.9343,1,0
IWM191004P148,2019-10-03,2019-10-03 09:30:21,1.89,0.9545,145,1.8,0.909,279,1.85,0.9343,1,1.845,0.9318,1,0
IWM191004P148,2019-10-03,2019-10-03 09:30:22,1.89,0.9545,20,1.81,0.9141,168,1.85,0.9343,1,1.85,0.9343,1,0
IWM191004P148,2019-10-03,2019-10-03 09:30:22,1.89,0.9545,1,1.84,0.9292,128,1.85,0.9343,1,1.865,0.9419,1,0
IWM191004P148,2019-10-03,2019-10-03 09:30:23,1.93,0.9747,37,1.86,0.9393,140,1.85,0.9343,1,1.895,0.957,1,0
IWM191004P148,2019-10-03,2019-10-03 09:30:23,1.98,1.0,112,1.89,0.9545,112,1.85,0.9343,1,1.935,0.9772,1,0
IWM191004P148,2019-10-03,2019-10-03 09:30:24,1.97,0.9949,75,1.89,0.9545,112,1.85,0.9343,1,1.93,0.9747,1,0
IWM191004P148,2019-10-03,2019-10-03 09:30:24,1.97,0.9949,65,1.89,0.9545,63,1.85,0.9343,1,1.93,0.9747,1,0
IWM191004P148,2019-10-03,2019-10-03 09:30:25,1.97,0.9949,39,1.89,0.9545,63,1.85,0.9343,1,1.93,0.9747,1,0
IWM191004P148,2019-10-03,2019-10-03 09:30:25,1.99,1.005,95,1.91,0.9646,138,1.85,0.9343,1,1.95,0.9848,1,0
IWM191004P148,2019-10-03,2019-10-03 09:30:26,1.99,1.005,213,1.91,0.9646,62,1.85,0.9343,1,1.95,0.9848,1,0
IWM191004P148,2019-10-03,2019-10-03 09:30:26,1.99,1.005,321,1.91,0.9646,1,1.85,0.9343,1,1.95,0.9848,1,0
IWM191004P148,2019-10-03,2019-10-03 09:30:27,1.98,1.0,128,1.91,0.9646,10,1.85,0.9343,1,1.945,0.9823,1,0
IWM191004P148,2019-10-03,2019-10-03 09:30:27,1.98,1.0,162,1.9,0.9595,220,1.85,0.9343,1,1.94,0.9797,1,0
IWM191004P148,2019-10-03,2019-10-03 09:30:28,1.98,1.0,10,1.91,0.9646,62,1.85,0.9343,1,1.945,0.9823,1,0
IWM191004P148,2019-10-03,2019-10-03 09:30:29,1.98,1.0,10,1.91,0.9646,62,1.85,0.9343,1,1.945,0.9823,1,0
IWM191004P148,2019-10-03,2019-10-03 09:30:29,1.98,1.0,62,1.9,0.9595,23,1.85,0.9343,1,1.94,0.9797,1,0
IWM191004P148,2019-10-03,2019-10-03 09:30:30,1.95,0.9848,173,1.88,0.9494,43,1.85,0.9343,1,1.915,0.9671,1,0
IWM191004P148,2019-10-03,2019-10-03 09:30:30,1.94,0.9797,165,1.89,0.9545,20,1.85,0.9343,1,1.915,0.9671,1,0
IWM191004P148,2019-10-03,2019-10-03 09:30:31,1.95,0.9848,40,1.9,0.9595,20,1.85,0.9343,1,1.925,0.9722,1,0
IWM191004P148,2019-10-03,2019-10-03 09:30:31,1.95,0.9848,32,1.89,0.9545,20,1.85,0.9343,1,1.92,0.9696,1,0
IWM191004P148,2019-10-03,2019-10-03 09:30:32,1.96,0.9898,29,1.91,0.9646,20,1.85,0.9343,1,1.935,0.9772,1,0
IWM191004P148,2019-10-03,2019-10-03 09:30:32,1.96,0.9898,29,1.92,0.9696,20,1.85,0.9343,1,1.94,0.9797,1,0
IWM191004P148,2019-10-03,2019-10-03 09:30:33,1.96,0.9898,20,1.92,0.9696,20,1.85,0.9343,1,1.94,0.9797,1,0
IWM191004P148,2019-10-03,2019-10-03 09:30:33,1.97,0.9949,47,1.92,0.9696,20,1.85,0.9343,1,1.945,0.9823,1,0
IWM191004P148,2019-10-03,2019-10-03 09:30:34,1.97,0.9949,30,1.93,0.9747,20,1.85,0.9343,1,1.95,0.9848,1,0
IWM191004P148,2019-10-03,2019-10-03 09:30:34,1.99,1.005,189,1.93,0.9747,20,1.85,0.9343,1,1.96,0.9898,1,0
IWM191004P148,2019-10-03,2019-10-03 09:30:35,1.99,1.005,20,1.96,0.9898,20,1.85,0.9343,1,1.975,0.9974,1,0
IWM191004P148,2019-10-03,2019-10-03 09:30:35,1.99,1.005,79,1.95,0.9848,20,1.85,0.9343,1,1.97,0.9949,1,0
IWM191004P148,2019-10-03,2019-10-03 09:30:36,1.99,1.005,20,1.96,0.9898,20,1.85,0.9343,1,1.975,0.9974,1,0
IWM191004P148,2019-10-03,2019-10-03 09:30:37,2.01,1.0151,154,1.98,1.0,20,1.85,0.9343,1,1.995,1.0075,1,0
IWM191004P148,2019-10-03,2019-10-03 09:30:37,2.01,1.0151,173,1.97,0.9949,20,1.85,0.9343,1,1.99,1.005,1,0
IWM191004P148,2019-10-03,2019-10-03 09:30:38,2.03,1.0252,186,1.98,1.0,20,1.85,0.9343,1,2.005,1.0126,1,0
IWM191004P148,2019-10-03,2019-10-03 09:30:38,2.02,1.0202,39,1.98,1.0,20,1.85,0.9343,1,2.0,1.0101,1,0
IWM191004P148,2019-10-03,2019-10-03 09:30:39,2.02,1.0202,30,1.98,1.0,20,1.85,0.9343,1,2.0,1.0101,1,0
IWM191004P148,2019-10-03,2019-10-03 09:30:39,2.02,1.0202,60,1.98,1.0,20,1.85,0.9343,1,2.0,1.0101,1,0
IWM191004P148,2019-10-03,2019-10-03 09:30:40,2.02,1.0202,179,1.98,1.0,20,1.85,0.9343,1,2.0,1.0101,1,0
IWM191004P148,2019-10-03,2019-10-03 09:30:41,2.0,1.0101,20,1.96,0.9898,20,1.85,0.9343,1,1.98,1.0,1,0
IWM191004P148,2019-10-03,2019-10-03 09:30:41,2.01,1.0151,168,1.96,0.9898,20,1.85,0.9343,1,1.985,1.0025,1,0
IWM191004P148,2019-10-03,2019-10-03 09:30:42,2.0,1.0101,26,1.96,0.9898,20,1.85,0.9343,1,1.98,1.0,1,0
IWM191004P148,2019-10-03,2019-10-03 09:30:42,2.0,1.0101,20,1.96,0.9898,20,1.85,0.9343,1,1.98,1.0,1,0
IWM191004P148,2019-10-03,2019-10-03 09:30:43,1.99,1.005,20,1.95,0.9848,20,1.85,0.9343,1,1.97,0.9949,1,0
IWM191004P148,2019-10-03,2019-10-03 09:30:43,2.01,1.0151,61,1.95,0.9848,20,1.85,0.9343,1,1.98,1.0,1,0
IWM191004P148,2019-10-03,2019-10-03 09:30:44,2.01,1.0151,56,1.95,0.9848,20,1.85,0.9343,1,1.98,1.0,1,0
IWM191004P148,2019-10-03,2019-10-03 09:30:44,2.01,1.0151,56,1.97,0.9949,20,1.85,0.9343,1,1.99,1.005,1,0
IWM191004P148,2019-10-03,2019-10-03 09:30:45,2.01,1.0151,40,1.97,0.9949,20,1.85,0.9343,1,1.99,1.005,1,0
IWM191004P148,2019-10-03,2019-10-03 09:30:45,2.01,1.0151,30,1.97,0.9949,20,1.85,0.9343,1,1.99,1.005,1,0
IWM191004P148,2019-10-03,2019-10-03 09:30:46,2.02,1.0202,16,1.97,0.9949,20,1.85,0.9343,1,1.995,1.0075,1,0
IWM191004P148,2019-10-03,2019-10-03 09:30:46,2.04,1.0303,52,1.97,0.9949,42,1.85,0.9343,1,2.005,1.0126,1,0
IWM191004P148,2019-10-03,2019-10-03 09:30:47,2.04,1.0303,92,1.99,1.005,20,1.85,0.9343,1,2.015,1.0176,1,0
IWM191004P148,2019-10-03,2019-10-03 09:30:48,2.04,1.0303,92,1.99,1.005,20,1.85,0.9343,1,2.015,1.0176,1,0
IWM191004P148,2019-10-03,2019-10-03 09:30:49,2.03,1.0252,79,1.98,1.0,20,1.85,0.9343,1,2.005,1.0126,1,0
IWM191004P148,2019-10-03,2019-10-03 09:30:49,2.04,1.0303,92,1.99,1.005,20,1.85,0.9343,1,2.015,1.0176,1,0
IWM191004P148,2019-10-03,2019-10-03 09:30:50,2.01,1.0151,20,1.98,1.0,20,1.85,0.9343,1,1.995,1.0075,1,0
IWM191004P148,2019-10-03,2019-10-03 09:30:51,2.01,1.0151,20,1.98,1.0,20,1.85,0.9343,1,1.995,1.0075,1,0
IWM191004P148,2019-10-03,2019-10-03 09:30:51,2.01,1.0151,20,1.99,1.005,20,1.85,0.9343,1,2.0,1.0101,1,0
IWM191004P148,2019-10-03,2019-10-03 09:30:52,2.01,1.0151,20,1.99,1.005,20,1.85,0.9343,1,2.0,1.0101,1,0
IWM191004P148,2019-10-03,2019-10-03 09:30:53,2.01,1.0151,30,1.98,1.0,20,1.85,0.9343,1,1.995,1.0075,1,0
IWM191004P148,2019-10-03,2019-10-03 09:30:54,2.01,1.0151,30,1.98,1.0,20,1.85,0.9343,1,1.995,1.0075,1,0
IWM191004P148,2019-10-03,2019-10-03 09:30:55,2.01,1.0151,20,1.98,1.0,20,1.85,0.9343,1,1.995,1.0075,1,0
IWM191004P148,2019-10-03,2019-10-03 09:30:56,2.01,1.0151,20,1.98,1.0,20,1.85,0.9343,1,1.995,1.0075,1,0
IWM191004P148,2019-10-03,2019-10-03 09:30:57,2.01,1.0151,20,1.98,1.0,20,1.85,0.9343,1,1.995,1.0075,1,0
IWM191004P148,2019-10-03,2019-10-03 09:30:57,2.0,1.0101,66,1.96,0.9898,20,1.85,0.9343,1,1.98,1.0,1,0
IWM191004P148,2019-10-03,2019-10-03 09:30:58,2.0,1.0101,20,1.96,0.9898,20,1.85,0.9343,1,1.98,1.0,1,0
IWM191004P148,2019-10-03,2019-10-03 09:30:58,2.0,1.0101,74,1.96,0.9898,20,1.85,0.9343,1,1.98,1.0,1,0
IWM191004P148,2019-10-03,2019-10-03 09:30:59,2.01,1.0151,12,1.96,0.9898,20,1.85,0.9343,1,1.985,1.0025,1,0
IWM191004P148,2019-10-03,2019-10-03 09:31:00,1.99,1.005,65,1.96,0.9898,20,1.85,0.9343,1,1.975,0.9974,1,0
IWM191004P148,2019-10-03,2019-10-03 09:31:00,1.99,1.005,1,1.97,0.9949,20,1.85,0.9343,1,1.98,1.0,1,0
IWM191004P148,2019-10-03,2019-10-03 09:31:01,1.99,1.005,1,1.97,0.9949,20,1.85,0.9343,1,1.98,1.0,1,0
IWM191004P148,2019-10-03,2019-10-03 09:31:01,1.99,1.005,1,1.98,1.0,20,1.85,0.9343,1,1.985,1.0025,1,0
IWM191004P148,2019-10-03,2019-10-03 09:31:02,1.99,1.005,1,1.97,0.9949,22,1.85,0.9343,1,1.98,1.0,1,0
IWM191004P148,2019-10-03,2019-10-03 09:31:03,1.99,1.005,1,1.98,1.0,20,1.85,0.9343,1,1.985,1.0025,1,0
IWM191004P148,2019-10-03,2019-10-03 09:31:03,1.99,1.005,1,1.97,0.9949,22,1.85,0.9343,1,1.98,1.0,1,0
IWM191004P148,2019-10-03,2019-10-03 09:31:04,1.99,1.005,1,1.97,0.9949,22,1.85,0.9343,1,1.98,1.0,1,0
IWM191004P148,2019-10-03,2019-10-03 09:31:05,1.99,1.005,1,1.98,1.0,20,1.85,0.9343,1,1.985,1.0025,1,0
IWM191004P148,2019-10-03,2019-10-03 09:31:06,1.99,1.005,1,1.98,1.0,20,1.99,1.005,1,1.985,1.0025,2,1
IWM191004P148,2019-10-03,2019-10-03 09:31:06,2.04,1.0303,20,1.99,1.005,28,1.99,1.005,1,2.015,1.0176,2,0
IWM191004P148,2019-10-03,2019-10-03 09:31:07,2.05,1.0353,58,1.99,1.005,30,1.99,1.005,1,2.02,1.0202,2,0
IWM191004P148,2019-10-03,2019-10-03 09:31:07,2.06,1.0404,20,2.02,1.0202,20,1.99,1.005,1,2.04,1.0303,2,0
IWM191004P148,2019-10-03,2019-10-03 09:31:08,2.06,1.0404,53,2.02,1.0202,22,1.99,1.005,1,2.04,1.0303,2,0
IWM191004P148,2019-10-03,2019-10-03 09:31:08,2.06,1.0404,41,2.02,1.0202,22,1.99,1.005,1,2.04,1.0303,2,0
IWM191004P148,2019-10-03,2019-10-03 09:31:09,2.07,1.0454,47,2.01,1.0151,37,1.99,1.005,1,2.04,1.0303,2,0
IWM191004P148,2019-10-03,2019-10-03 09:31:09,2.06,1.0404,20,2.03,1.0252,2,1.99,1.005,1,2.045,1.0328,2,0
IWM191004P148,2019-10-03,2019-10-03 09:31:10,2.07,1.0454,30,2.02,1.0202,1,1.99,1.005,1,2.045,1.0328,2,0
IWM191004P148,2019-10-03,2019-10-03 09:31:10,2.07,1.0454,79,2.02,1.0202,1,1.99,1.005,1,2.045,1.0328,2,0
IWM191004P148,2019-10-03,2019-10-03 09:31:11,2.08,1.0505,30,2.04,1.0303,20,1.99,1.005,1,2.06,1.0404,2,0
IWM191004P148,2019-10-03,2019-10-03 09:31:11,2.08,1.0505,10,2.04,1.0303,12,1.99,1.005,1,2.06,1.0404,2,0
IWM191004P148,2019-10-03,2019-10-03 09:31:12,2.1,1.0606,22,2.03,1.0252,22,1.99,1.005,1,2.065,1.0429,2,0
IWM191004P148,2019-10-03,2019-10-03 09:31:12,2.08,1.0505,10,2.04,1.0303,2,1.99,1.005,1,2.06,1.0404,2,0
IWM191004P148,2019-10-03,2019-10-03 09:31:13,2.1,1.0606,30,2.04,1.0303,20,1.99,1.005,1,2.07,1.0454,2,0
IWM191004P148,2019-10-03,2019-10-03 09:31:13,2.1,1.0606,34,2.03,1.0252,26,1.99,1.005,1,2.065,1.0429,2,0
IWM191004P148,2019-10-03,2019-10-03 09:31:14,2.1,1.0606,98,2.05,1.0353,20,1.99,1.005,1,2.075,1.0479,2,0
IWM191004P148,2019-10-03,2019-10-03 09:31:15,2.1,1.0606,70,2.06,1.0404,20,1.99,1.005,1,2.08,1.0505,2,0
IWM191004P148,2019-10-03,2019-10-03 09:31:16,2.1,1.0606,45,2.06,1.0404,20,1.99,1.005,1,2.08,1.0505,2,0
IWM191004P148,2019-10-03,2019-10-03 09:31:16,2.1,1.0606,45,2.05,1.0353,20,1.99,1.005,1,2.075,1.0479,2,0
IWM191004P148,2019-10-03,2019-10-03 09:31:17,2.1,1.0606,20,2.05,1.0353,20,1.99,1.005,1,2.075,1.0479,2,0
IWM191004P148,2019-10-03,2019-10-03 09:31:17,2.1,1.0606,30,2.06,1.0404,20,1.99,1.005,1,2.08,1.0505,2,0
IWM191004P148,2019-10-03,2019-10-03 09:31:18,2.1,1.0606,41,2.06,1.0404,20,1.99,1.005,1,2.08,1.0505,2,0
IWM191004P148,2019-10-03,2019-10-03 09:31:18,2.1,1.0606,51,2.06,1.0404,20,1.99,1.005,1,2.08,1.0505,2,0
IWM191004P148,2019-10-03,2019-10-03 09:31:19,2.13,1.0757,21,2.08,1.0505,22,1.99,1.005,1,2.105,1.0631,2,0
IWM191004P148,2019-10-03,2019-10-03 09:31:19,2.1,1.0606,30,2.07,1.0454,20,1.99,1.005,1,2.085,1.053,2,0
IWM191004P148,2019-10-03,2019-10-03 09:31:20,2.13,1.0757,26,2.09,1.0555,20,1.99,1.005,1,2.11,1.0656,2,0
IWM191004P148,2019-10-03,2019-10-03 09:31:20,2.12,1.0707,30,2.08,1.0505,20,1.99,1.005,1,2.1,1.0606,2,0
IWM191004P148,2019-10-03,2019-10-03 09:31:21,2.11,1.0656,34,2.06,1.0404,22,1.99,1.005,1,2.085,1.053,2,0
IWM191004P148,2019-10-03,2019-10-03 09:31:21,2.12,1.0707,61,2.08,1.0505,20,1.99,1.005,1,2.1,1.0606,2,0
IWM191004P148,2019-10-03,2019-10-03 09:31:22,2.11,1.0656,34,2.06,1.0404,20,1.99,1.005,1,2.085,1.053,2,0
IWM191004P148,2019-10-03,2019-10-03 09:31:22,2.09,1.0555,23,2.04,1.0303,20,1.99,1.005,1,2.065,1.0429,2,0
IWM191004P148,2019-10-03,2019-10-03 09:31:23,2.11,1.0656,263,2.04,1.0303,28,1.99,1.005,1,2.075,1.0479,2,0
IWM191004P148,2019-10-03,2019-10-03 09:31:23,2.11,1.0656,42,2.06,1.0404,20,1.99,1.005,1,2.085,1.053,2,0
IWM191004P148,2019-10-03,2019-10-03 09:31:24,2.11,1.0656,42,2.06,1.0404,20,1.99,1.005,1,2.085,1.053,2,0
IWM191004P148,2019-10-03,2019-10-03 09:31:24,2.12,1.0707,242,2.06,1.0404,20,1.99,1.005,1,2.09,1.0555,2,0
IWM191004P148,2019-10-03,2019-10-03 09:31:25,2.12,1.0707,20,2.08,1.0505,20,1.99,1.005,1,2.1,1.0606,2,0
IWM191004P148,2019-10-03,2019-10-03 09:31:25,2.12,1.0707,130,2.06,1.0404,20,1.99,1.005,1,2.09,1.0555,2,0
IWM191004P148,2019-10-03,2019-10-03 09:31:26,2.12,1.0707,30,2.08,1.0505,20,1.99,1.005,1,2.1,1.0606,2,0
IWM191004P148,2019-10-03,2019-10-03 09:31:26,2.11,1.0656,20,2.07,1.0454,20,1.99,1.005,1,2.09,1.0555,2,0
IWM191004P148,2019-10-03,2019-10-03 09:31:27,2.11,1.0656,26,2.07,1.0454,20,1.99,1.005,1,2.09,1.0555,2,0
IWM191004P148,2019-10-03,2019-10-03 09:31:27,2.1,1.0606,20,2.06,1.0404,20,1.99,1.005,1,2.08,1.0505,2,0
IWM191004P148,2019-10-03,2019-10-03 09:31:28,2.1,1.0606,20,2.05,1.0353,22,1.99,1.005,1,2.075,1.0479,2,0
IWM191004P148,2019-10-03,2019-10-03 09:31:28,2.09,1.0555,112,2.05,1.0353,28,1.99,1.005,1,2.07,1.0454,2,0
IWM191004P148,2019-10-03,2019-10-03 09:31:29,2.1,1.0606,62,2.05,1.0353,28,1.99,1.005,1,2.075,1.0479,2,0
IWM191004P148,2019-10-03,2019-10-03 09:31:29,2.1,1.0606,62,2.05,1.0353,23,1.99,1.005,1,2.075,1.0479,2,0
IWM191004P148,2019-10-03,2019-10-03 09:31:30,2.1,1.0606,69,2.06,1.0404,20,1.99,1.005,1,2.08,1.0505,2,0
IWM191004P148,2019-10-03,2019-10-03 09:31:30,2.1,1.0606,79,2.06,1.0404,20,1.99,1.005,1,2.08,1.0505,2,0
IWM191004P148,2019-10-03,2019-10-03 09:31:31,2.08,1.0505,20,2.04,1.0303,23,1.99,1.005,1,2.06,1.0404,2,0
IWM191004P148,2019-10-03,2019-10-03 09:31:31,2.1,1.0606,69,2.06,1.0404,20,1.99,1.005,1,2.08,1.0505,2,0
IWM191004P148,2019-10-03,2019-10-03 09:31:32,2.03,1.0252,20,1.99,1.005,2,1.99,1.005,1,2.01,1.0151,2,0
IWM191004P148,2019-10-03,2019-10-03 09:31:32,2.07,1.0454,36,2.03,1.0252,2,1.99,1.005,1,2.05,1.0353,2,0
IWM191004P148,2019-10-03,2019-10-03 09:31:33,2.02,1.0202,20,1.98,1.0,20,1.99,1.005,1,2.0,1.0101,2,0
IWM191004P148,2019-10-03,2019-10-03 09:31:33,2.03,1.0252,26,1.98,1.0,22,1.99,1.005,1,2.005,1.0126,2,0
IWM191004P148,2019-10-03,2019-10-03 09:31:34,2.01,1.0151,20,1.97,0.9949,22,1.99,1.005,1,1.99,1.005,2,0
IWM191004P148,2019-10-03,2019-10-03 09:31:35,2.0,1.0101,20,1.96,0.9898,22,1.99,1.005,1,1.98,1.0,2,0
IWM191004P148,2019-10-03,2019-10-03 09:31:35,2.0,1.0101,20,1.95,0.9848,30,1.99,1.005,1,1.975,0.9974,2,0
IWM191004P148,2019-10-03,2019-10-03 09:31:36,2.0,1.0101,20,1.96,0.9898,22,1.99,1.005,1,1.98,1.0,2,0
IWM191004P148,2019-10-03,2019-10-03 09:31:36,2.0,1.0101,35,1.96,0.9898,20,1.99,1.005,1,1.98,1.0,2,0
IWM191004P148,2019-10-03,2019-10-03 09:31:37,1.99,1.005,20,1.95,0.9848,4,1.99,1.005,1,1.97,0.9949,2,0
IWM191004P148,2019-10-03,2019-10-03 09:31:37,2.0,1.0101,324,1.93,0.9747,31,1.99,1.005,1,1.965,0.9924,2,0
IWM191004P148,2019-10-03,2019-10-03 09:31:38,1.97,0.9949,32,1.91,0.9646,31,1.99,1.005,1,1.94,0.9797,2,0
IWM191004P148,2019-10-03,2019-10-03 09:31:39,1.97,0.9949,36,1.91,0.9646,38,1.99,1.005,1,1.94,0.9797,2,0
IWM191004P148,2019-10-03,2019-10-03 09:31:39,1.96,0.9898,20,1.92,0.9696,34,1.99,1.005,1,1.94,0.9797,2,0
IWM191004P148,2019-10-03,2019-10-03 09:31:40,1.96,0.9898,24,1.9,0.9595,17,1.99,1.005,1,1.93,0.9747,2,0
IWM191004P148,2019-10-03,2019-10-03 09:31:41,1.95,0.9848,173,1.9,0.9595,17,1.99,1.005,1,1.925,0.9722,2,0
IWM191004P148,2019-10-03,2019-10-03 09:31:41,1.96,0.9898,129,1.89,0.9545,23,1.99,1.005,1,1.925,0.9722,2,0
IWM191004P148,2019-10-03,2019-10-03 09:31:42,1.96,0.9898,158,1.89,0.9545,35,1.99,1.005,1,1.925,0.9722,2,0
IWM191004P148,2019-10-03,2019-10-03 09:31:42,1.95,0.9848,326,1.88,0.9494,37,1.99,1.005,1,1.915,0.9671,2,0
IWM191004P148,2019-10-03,2019-10-03 09:31:43,1.94,0.9797,20,1.9,0.9595,22,1.99,1.005,1,1.92,0.9696,2,0
IWM191004P148,2019-10-03,2019-10-03 09:31:43,1.93,0.9747,20,1.89,0.9545,37,1.99,1.005,1,1.91,0.9646,2,0
IWM191004P148,2019-10-03,2019-10-03 09:31:44,1.92,0.9696,20,1.87,0.9444,3,1.99,1.005,1,1.895,0.957,2,0
IWM191004P148,2019-10-03,2019-10-03 09:31:44,1.93,0.9747,20,1.88,0.9494,36,1.99,1.005,1,1.905,0.9621,2,0
IWM191004P148,2019-10-03,2019-10-03 09:31:45,1.93,0.9747,20,1.89,0.9545,37,1.99,1.005,1,1.91,0.9646,2,0
IWM191004P148,2019-10-03,2019-10-03 09:31:45,1.92,0.9696,20,1.88,0.9494,36,1.99,1.005,1,1.9,0.9595,2,0
IWM191004P148,2019-10-03,2019-10-03 09:31:46,1.97,0.9949,20,1.91,0.9646,22,1.99,1.005,1,1.94,0.9797,2,0
IWM191004P148,2019-10-03,2019-10-03 09:31:46,1.93,0.9747,20,1.89,0.9545,174,1.99,1.005,1,1.91,0.9646,2,0
IWM191004P148,2019-10-03,2019-10-03 09:31:47,1.96,0.9898,257,1.91,0.9646,20,1.99,1.005,1,1.935,0.9772,2,0
IWM191004P148,2019-10-03,2019-10-03 09:31:47,1.95,0.9848,154,1.88,0.9494,16,1.99,1.005,1,1.915,0.9671,2,0
IWM191004P148,2019-10-03,2019-10-03 09:31:48,1.94,0.9797,20,1.89,0.9545,20,1.99,1.005,1,1.915,0.9671,2,0
IWM191004P148,2019-10-03,2019-10-03 09:31:48,1.95,0.9848,182,1.88,0.9494,16,1.99,1.005,1,1.915,0.9671,2,0
IWM191004P148,2019-10-03,2019-10-03 09:31:49,1.92,0.9696,20,1.86,0.9393,40,1.99,1.005,1,1.89,0.9545,2,0
IWM191004P148,2019-10-03,2019-10-03 09:31:49,1.92,0.9696,20,1.87,0.9444,34,1.99,1.005,1,1.895,0.957,2,0
IWM191004P148,2019-10-03,2019-10-03 09:31:50,1.9,0.9595,20,1.85,0.9343,37,1.99,1.005,1,1.875,0.9469,2,0
IWM191004P148,2019-10-03,2019-10-03 09:31:50,1.91,0.9646,20,1.87,0.9444,20,1.99,1.005,1,1.89,0.9545,2,0
IWM191004P148,2019-10-03,2019-10-03 09:31:51,1.9,0.9595,20,1.85,0.9343,37,1.99,1.005,1,1.875,0.9469,2,0
IWM191004P148,2019-10-03,2019-10-03 09:31:51,1.9,0.9595,36,1.85,0.9343,37,1.99,1.005,1,1.875,0.9469,2,0
IWM191004P148,2019-10-03,2019-10-03 09:31:52,1.89,0.9545,20,1.84,0.9292,43,1.99,1.005,1,1.865,0.9419,2,0
IWM191004P148,2019-10-03,2019-10-03 09:31:52,1.87,0.9444,20,1.82,0.9191,45,1.99,1.005,1,1.845,0.9318,2,0
IWM191004P148,2019-10-03,2019-10-03 09:31:53,1.9,0.9595,127,1.82,0.9191,173,1.99,1.005,1,1.86,0.9393,2,0
IWM191004P148,2019-10-03,2019-10-03 09:31:53,1.88,0.9494,20,1.82,0.9191,41,1.99,1.005,1,1.85,0.9343,2,0
IWM191004P148,2019-10-03,2019-10-03 09:31:54,1.9,0.9595,20,1.83,0.9242,35,1.99,1.005,1,1.865,0.9419,2,0
IWM191004P148,2019-10-03,2019-10-03 09:31:54,1.9,0.9595,20,1.84,0.9292,37,1.99,1.005,1,1.87,0.9444,2,0
IWM191004P148,2019-10-03,2019-10-03 09:31:55,1.88,0.9494,20,1.84,0.9292,37,1.99,1.005,1,1.86,0.9393,2,0
IWM191004P148,2019-10-03,2019-10-03 09:31:56,1.88,0.9494,20,1.83,0.9242,33,1.99,1.005,1,1.855,0.9368,2,0
IWM191004P148,2019-10-03,2019-10-03 09:31:56,1.87,0.9444,20,1.84,0.9292,37,1.99,1.005,1,1.855,0.9368,2,0
IWM191004P148,2019-10-03,2019-10-03 09:31:57,1.89,0.9545,20,1.84,0.9292,38,1.99,1.005,1,1.865,0.9419,2,0
IWM191004P148,2019-10-03,2019-10-03 09:31:57,1.89,0.9545,20,1.83,0.9242,40,1.99,1.005,1,1.86,0.9393,2,0
IWM191004P148,2019-10-03,2019-10-03 09:31:58,1.91,0.9646,20,1.86,0.9393,30,1.99,1.005,1,1.885,0.952,2,0
IWM191004P148,2019-10-03,2019-10-03 09:31:59,1.92,0.9696,20,1.87,0.9444,20,1.99,1.005,1,1.895,0.957,2,0
IWM191004P148,2019-10-03,2019-10-03 09:31:59,1.9,0.9595,20,1.86,0.9393,22,1.99,1.005,1,1.88,0.9494,2,0
IWM191004P148,2019-10-03,2019-10-03 09:32:00,1.92,0.9696,24,1.86,0.9393,34,1.99,1.005,1,1.89,0.9545,2,0
IWM191004P148,2019-10-03,2019-10-03 09:32:00,1.92,0.9696,20,1.87,0.9444,22,1.99,1.005,1,1.895,0.957,2,0
IWM191004P148,2019-10-03,2019-10-03 09:32:01,1.93,0.9747,20,1.88,0.9494,22,1.99,1.005,1,1.905,0.9621,2,0
IWM191004P148,2019-10-03,2019-10-03 09:32:01,1.95,0.9848,20,1.9,0.9595,22,1.99,1.005,1,1.925,0.9722,2,0
IWM191004P148,2019-10-03,2019-10-03 09:32:02,1.94,0.9797,20,1.88,0.9494,32,1.99,1.005,1,1.91,0.9646,2,0
IWM191004P148,2019-10-03,2019-10-03 09:32:02,1.94,0.9797,30,1.88,0.9494,12,1.99,1.005,1,1.91,0.9646,2,0
IWM191004P148,2019-10-03,2019-10-03 09:32:03,1.93,0.9747,30,1.89,0.9545,20,1.99,1.005,1,1.91,0.9646,2,0
IWM191004P148,2019-10-03,2019-10-03 09:32:03,1.93,0.9747,20,1.89,0.9545,20,1.99,1.005,1,1.91,0.9646,2,0
IWM191004P148,2019-10-03,2019-10-03 09:32:04,1.9,0.9595,20,1.86,0.9393,28,1.99,1.005,1,1.88,0.9494,2,0
IWM191004P148,2019-10-03,2019-10-03 09:32:04,1.9,0.9595,20,1.86,0.9393,36,1.99,1.005,1,1.88,0.9494,2,0
IWM191004P148,2019-10-03,2019-10-03 09:32:05,1.89,0.9545,20,1.84,0.9292,38,1.99,1.005,1,1.865,0.9419,2,0
IWM191004P148,2019-10-03,2019-10-03 09:32:05,1.9,0.9595,16,1.86,0.9393,36,1.99,1.005,1,1.88,0.9494,2,0
IWM191004P148,2019-10-03,2019-10-03 09:32:06,1.89,0.9545,20,1.81,0.9141,15,1.99,1.005,1,1.85,0.9343,2,0
IWM191004P148,2019-10-03,2019-10-03 09:32:06,1.88,0.9494,151,1.81,0.9141,16,1.99,1.005,1,1.845,0.9318,2,0
IWM191004P148,2019-10-03,2019-10-03 09:32:07,1.84,0.9292,20,1.8,0.909,20,1.99,1.005,1,1.82,0.9191,2,0
IWM191004P148,2019-10-03,2019-10-03 09:32:07,1.88,0.9494,357,1.79,0.904,21,1.99,1.005,1,1.835,0.9267,2,0
IWM191004P148,2019-10-03,2019-10-03 09:32:08,1.84,0.9292,310,1.77,0.8939,20,1.99,1.005,1,1.805,0.9116,2,0
IWM191004P148,2019-10-03,2019-10-03 09:32:08,1.84,0.9292,46,1.78,0.8989,14,1.99,1.005,1,1.81,0.9141,2,0
IWM191004P148,2019-10-03,2019-10-03 09:32:09,1.83,0.9242,34,1.78,0.8989,40,1.99,1.005,1,1.805,0.9116,2,0
IWM191004P148,2019-10-03,2019-10-03 09:32:09,1.84,0.9292,32,1.78,0.8989,39,1.99,1.005,1,1.81,0.9141,2,0
IWM191004P148,2019-10-03,2019-10-03 09:32:10,1.79,0.904,20,1.75,0.8838,20,1.99,1.005,1,1.77,0.8939,2,0
IWM191004P148,2019-10-03,2019-10-03 09:32:10,1.8,0.909,20,1.76,0.8888,20,1.99,1.005,1,1.78,0.8989,2,0
IWM191004P148,2019-10-03,2019-10-03 09:32:11,1.79,0.904,20,1.75,0.8838,2,1.99,1.005,1,1.77,0.8939,2,0
IWM191004P148,2019-10-03,2019-10-03 09:32:11,1.81,0.9141,109,1.75,0.8838,39,1.99,1.005,1,1.78,0.8989,2,0
IWM191004P148,2019-10-03,2019-10-03 09:32:12,1.8,0.909,20,1.76,0.8888,20,1.99,1.005,1,1.78,0.8989,2,0
IWM191004P148,2019-10-03,2019-10-03 09:32:13,1.81,0.9141,20,1.77,0.8939,22,1.99,1.005,1,1.79,0.904,2,0
IWM191004P148,2019-10-03,2019-10-03 09:32:14,1.81,0.9141,20,1.77,0.8939,25,1.99,1.005,1,1.79,0.904,2,0
IWM191004P148,2019-10-03,2019-10-03 09:32:14,1.81,0.9141,20,1.77,0.8939,22,1.99,1.005,1,1.79,0.904,2,0
IWM191004P148,2019-10-03,2019-10-03 09:32:15,1.84,0.9292,20,1.8,0.909,20,1.99,1.005,1,1.82,0.9191,2,0
IWM191004P148,2019-10-03,2019-10-03 09:32:15,1.86,0.9393,36,1.77,0.8939,66,1.99,1.005,1,1.815,0.9166,2,0
IWM191004P148,2019-10-03,2019-10-03 09:32:16,1.85,0.9343,20,1.81,0.9141,20,1.99,1.005,1,1.83,0.9242,2,0
IWM191004P148,2019-10-03,2019-10-03 09:32:16,1.85,0.9343,20,1.8,0.909,20,1.99,1.005,1,1.825,0.9217,2,0
IWM191004P148,2019-10-03,2019-10-03 09:32:17,1.84,0.9292,20,1.81,0.9141,20,1.99,1.005,1,1.825,0.9217,2,0
IWM191004P148,2019-10-03,2019-10-03 09:32:17,1.85,0.9343,34,1.81,0.9141,20,1.99,1.005,1,1.83,0.9242,2,0
IWM191004P148,2019-10-03,2019-10-03 09:32:18,1.84,0.9292,20,1.8,0.909,20,1.99,1.005,1,1.82,0.9191,2,0
IWM191004P148,2019-10-03,2019-10-03 09:32:18,1.84,0.9292,20,1.8,0.909,22,1.99,1.005,1,1.82,0.9191,2,0
IWM191004P148,2019-10-03,2019-10-03 09:32:19,1.82,0.9191,20,1.79,0.904,20,1.99,1.005,1,1.805,0.9116,2,0
IWM191004P148,2019-10-03,2019-10-03 09:32:20,1.81,0.9141,20,1.77,0.8939,24,1.99,1.005,1,1.79,0.904,2,0
IWM191004P148,2019-10-03,2019-10-03 09:32:20,1.82,0.9191,24,1.78,0.8989,22,1.99,1.005,1,1.8,0.909,2,0
IWM191004P148,2019-10-03,2019-10-03 09:32:21,1.8,0.909,20,1.76,0.8888,34,1.99,1.005,1,1.78,0.8989,2,0
IWM191004P148,2019-10-03,2019-10-03 09:32:21,1.8,0.909,20,1.77,0.8939,2,1.99,1.005,1,1.785,0.9015,2,0
IWM191004P148,2019-10-03,2019-10-03 09:32:22,1.78,0.8989,20,1.73,0.8737,22,1.99,1.005,1,1.755,0.8863,2,0
IWM191004P148,2019-10-03,2019-10-03 09:32:22,1.8,0.909,20,1.75,0.8838,22,1.99,1.005,1,1.775,0.8964,2,0
IWM191004P148,2019-10-03,2019-10-03 09:32:23,1.77,0.8939,20,1.73,0.8737,37,1.99,1.005,1,1.75,0.8838,2,0
IWM191004P148,2019-10-03,2019-10-03 09:32:23,1.78,0.8989,20,1.74,0.8787,22,1.99,1.005,1,1.76,0.8888,2,0
IWM191004P148,2019-10-03,2019-10-03 09:32:24,1.78,0.8989,20,1.74,0.8787,22,1.99,1.005,1,1.76,0.8888,2,0
IWM191004P148,2019-10-03,2019-10-03 09:32:24,1.79,0.904,20,1.75,0.8838,22,1.99,1.005,1,1.77,0.8939,2,0
IWM191004P148,2019-10-03,2019-10-03 09:32:25,1.82,0.9191,20,1.78,0.8989,20,1.99,1.005,1,1.8,0.909,2,0
IWM191004P148,2019-10-03,2019-10-03 09:32:25,1.81,0.9141,20,1.77,0.8939,22,1.99,1.005,1,1.79,0.904,2,0
IWM191004P148,2019-10-03,2019-10-03 09:32:26,1.82,0.9191,20,1.78,0.8989,36,1.99,1.005,1,1.8,0.909,2,0
IWM191004P148,2019-10-03,2019-10-03 09:32:26,1.81,0.9141,20,1.77,0.8939,32,1.99,1.005,1,1.79,0.904,2,0
IWM191004P148,2019-10-03,2019-10-03 09:32:27,1.8,0.909,20,1.76,0.8888,22,1.99,1.005,1,1.78,0.8989,2,0
IWM191004P148,2019-10-03,2019-10-03 09:32:27,1.81,0.9141,20,1.77,0.8939,23,1.99,1.005,1,1.79,0.904,2,0
IWM191004P148,2019-10-03,2019-10-03 09:32:28,1.8,0.909,24,1.76,0.8888,20,1.99,1.005,1,1.78,0.8989,2,0
IWM191004P148,2019-10-03,2019-10-03 09:32:28,1.8,0.909,24,1.76,0.8888,23,1.99,1.005,1,1.78,0.8989,2,0
IWM191004P148,2019-10-03,2019-10-03 09:32:29,1.81,0.9141,20,1.77,0.8939,22,1.99,1.005,1,1.79,0.904,2,0
IWM191004P148,2019-10-03,2019-10-03 09:32:29,1.83,0.9242,74,1.75,0.8838,12,1.99,1.005,1,1.79,0.904,2,0
IWM191004P148,2019-10-03,2019-10-03 09:32:30,1.83,0.9242,100,1.76,0.8888,29,1.99,1.005,1,1.795,0.9065,2,0
IWM191004P148,2019-10-03,2019-10-03 09:32:30,1.82,0.9191,42,1.76,0.8888,21,1.99,1.005,1,1.79,0.904,2,0
IWM191004P148,2019-10-03,2019-10-03 09:32:31,1.83,0.9242,63,1.75,0.8838,23,1.99,1.005,1,1.79,0.904,2,0
IWM191004P148,2019-10-03,2019-10-03 09:32:31,1.83,0.9242,63,1.75,0.8838,36,1.99,1.005,1,1.79,0.904,2,0
IWM191004P148,2019-10-03,2019-10-03 09:32:32,1.83,0.9242,105,1.75,0.8838,20,1.99,1.005,1,1.79,0.904,2,0
IWM191004P148,2019-10-03,2019-10-03 09:32:32,1.82,0.9191,130,1.74,0.8787,20,1.99,1.005,1,1.78,0.8989,2,0
IWM191004P148,2019-10-03,2019-10-03 09:32:33,1.78,0.8989,20,1.74,0.8787,20,1.99,1.005,1,1.76,0.8888,2,0
IWM191004P148,2019-10-03,2019-10-03 09:32:34,1.78,0.8989,20,1.74,0.8787,20,1.99,1.005,1,1.76,0.8888,2,0
IWM191004P148,2019-10-03,2019-10-03 09:32:35,1.78,0.8989,20,1.74,0.8787,20,1.99,1.005,1,1.76,0.8888,2,0
IWM191004P148,2019-10-03,2019-10-03 09:32:35,1.79,0.904,20,1.73,0.8737,22,1.99,1.005,1,1.76,0.8888,2,0
IWM191004P148,2019-10-03,2019-10-03 09:32:36,1.78,0.8989,20,1.74,0.8787,20,1.99,1.005,1,1.76,0.8888,2,0
IWM191004P148,2019-10-03,2019-10-03 09:32:37,1.8,0.909,20,1.76,0.8888,22,1.99,1.005,1,1.78,0.8989,2,0
IWM191004P148,2019-10-03,2019-10-03 09:32:37,1.78,0.8989,20,1.74,0.8787,20,1.99,1.005,1,1.76,0.8888,2,0
IWM191004P148,2019-10-03,2019-10-03 09:32:38,1.8,0.909,20,1.76,0.8888,22,1.99,1.005,1,1.78,0.8989,2,0
IWM191004P148,2019-10-03,2019-10-03 09:32:38,1.79,0.904,20,1.76,0.8888,22,1.99,1.005,1,1.775,0.8964,2,0
IWM191004P148,2019-10-03,2019-10-03 09:32:39,1.8,0.909,20,1.74,0.8787,22,1.99,1.005,1,1.77,0.8939,2,0
IWM191004P148,2019-10-03,2019-10-03 09:32:39,1.8,0.909,33,1.74,0.8787,22,1.99,1.005,1,1.77,0.8939,2,0
IWM191004P148,2019-10-03,2019-10-03 09:32:40,1.78,0.8989,20,1.73,0.8737,22,1.99,1.005,1,1.755,0.8863,2,0
IWM191004P148,2019-10-03,2019-10-03 09:32:41,1.79,0.904,20,1.75,0.8838,22,1.99,1.005,1,1.77,0.8939,2,0
IWM191004P148,2019-10-03,2019-10-03 09:32:41,1.77,0.8939,20,1.73,0.8737,22,1.99,1.005,1,1.75,0.8838,2,0
IWM191004P148,2019-10-03,2019-10-03 09:32:42,1.76,0.8888,20,1.73,0.8737,20,1.99,1.005,1,1.745,0.8813,2,0
IWM191004P148,2019-10-03,2019-10-03 09:32:42,1.79,0.904,20,1.75,0.8838,22,1.99,1.005,1,1.77,0.8939,2,0
IWM191004P148,2019-10-03,2019-10-03 09:32:43,1.75,0.8838,20,1.71,0.8636,22,1.99,1.005,1,1.73,0.8737,2,0
IWM191004P148,2019-10-03,2019-10-03 09:32:44,1.76,0.8888,59,1.72,0.8686,20,1.99,1.005,1,1.74,0.8787,2,0
IWM191004P148,2019-10-03,2019-10-03 09:32:44,1.76,0.8888,20,1.72,0.8686,22,1.99,1.005,1,1.74,0.8787,2,0
IWM191004P148,2019-10-03,2019-10-03 09:32:45,1.75,0.8838,20,1.72,0.8686,20,1.99,1.005,1,1.735,0.8762,2,0
IWM191004P148,2019-10-03,2019-10-03 09:32:45,1.77,0.8939,20,1.73,0.8737,20,1.99,1.005,1,1.75,0.8838,2,0
IWM191004P148,2019-10-03,2019-10-03 09:32:46,1.77,0.8939,20,1.74,0.8787,20,1.99,1.005,1,1.755,0.8863,2,0
IWM191004P148,2019-10-03,2019-10-03 09:32:46,1.77,0.8939,20,1.73,0.8737,22,1.99,1.005,1,1.75,0.8838,2,0
IWM191004P148,2019-10-03,2019-10-03 09:32:47,1.77,0.8939,20,1.73,0.8737,22,1.99,1.005,1,1.75,0.8838,2,0
IWM191004P148,2019-10-03,2019-10-03 09:32:48,1.77,0.8939,20,1.73,0.8737,22,1.99,1.005,1,1.75,0.8838,2,0
IWM191004P148,2019-10-03,2019-10-03 09:32:48,1.78,0.8989,31,1.74,0.8787,20,1.99,1.005,1,1.76,0.8888,2,0
IWM191004P148,2019-10-03,2019-10-03 09:32:49,1.78,0.8989,20,1.74,0.8787,20,1.99,1.005,1,1.76,0.8888,2,0
IWM191004P148,2019-10-03,2019-10-03 09:32:49,1.79,0.904,54,1.75,0.8838,20,1.99,1.005,1,1.77,0.8939,2,0
IWM191004P148,2019-10-03,2019-10-03 09:32:50,1.79,0.904,54,1.76,0.8888,20,1.99,1.005,1,1.775,0.8964,2,0
IWM191004P148,2019-10-03,2019-10-03 09:32:50,1.79,0.904,34,1.75,0.8838,20,1.99,1.005,1,1.77,0.8939,2,0
IWM191004P148,2019-10-03,2019-10-03 09:32:51,1.77,0.8939,34,1.73,0.8737,20,1.99,1.005,1,1.75,0.8838,2,0
IWM191004P148,2019-10-03,2019-10-03 09:32:51,1.78,0.8989,32,1.72,0.8686,1,1.99,1.005,1,1.75,0.8838,2,0
IWM191004P148,2019-10-03,2019-10-03 09:32:52,1.78,0.8989,84,1.73,0.8737,20,1.99,1.005,1,1.755,0.8863,2,0
IWM191004P148,2019-10-03,2019-10-03 09:32:52,1.77,0.8939,11,1.73,0.8737,20,1.99,1.005,1,1.75,0.8838,2,0
IWM191004P148,2019-10-03,2019-10-03 09:32:53,1.78,0.8989,58,1.74,0.8787,20,1.99,1.005,1,1.76,0.8888,2,0
IWM191004P148,2019-10-03,2019-10-03 09:32:54,1.79,0.904,36,1.74,0.8787,20,1.99,1.005,1,1.765,0.8914,2,0
IWM191004P148,2019-10-03,2019-10-03 09:32:55,1.79,0.904,36,1.74,0.8787,20,1.99,1.005,1,1.765,0.8914,2,0
IWM191004P148,2019-10-03,2019-10-03 09:32:56,1.79,0.904,53,1.74,0.8787,20,1.99,1.005,1,1.765,0.8914,2,0
IWM191004P148,2019-10-03,2019-10-03 09:32:56,1.79,0.904,10,1.74,0.8787,20,1.99,1.005,1,1.765,0.8914,2,0
IWM191004P148,2019-10-03,2019-10-03 09:32:57,1.8,0.909,20,1.76,0.8888,22,1.99,1.005,1,1.78,0.8989,2,0
IWM191004P148,2019-10-03,2019-10-03 09:32:57,1.81,0.9141,60,1.74,0.8787,20,1.99,1.005,1,1.775,0.8964,2,0
IWM191004P148,2019-10-03,2019-10-03 09:32:58,1.8,0.909,20,1.76,0.8888,22,1.99,1.005,1,1.78,0.8989,2,0
IWM191004P148,2019-10-03,2019-10-03 09:32:58,1.8,0.909,34,1.76,0.8888,22,1.99,1.005,1,1.78,0.8989,2,0
IWM191004P148,2019-10-03,2019-10-03 09:32:59,1.8,0.909,47,1.76,0.8888,22,1.99,1.005,1,1.78,0.8989,2,0
IWM191004P148,2019-10-03,2019-10-03 09:33:00,1.79,0.904,21,1.75,0.8838,22,1.99,1.005,1,1.77,0.8939,2,0
IWM191004P148,2019-10-03,2019-10-03 09:33:00,1.8,0.909,20,1.76,0.8888,22,1.99,1.005,1,1.78,0.8989,2,0
IWM191004P148,2019-10-03,2019-10-03 09:33:01,1.79,0.904,50,1.75,0.8838,20,1.99,1.005,1,1.77,0.8939,2,0
IWM191004P148,2019-10-03,2019-10-03 09:33:01,1.78,0.8989,20,1.75,0.8838,20,1.99,1.005,1,1.765,0.8914,2,0
IWM191004P148,2019-10-03,2019-10-03 09:33:02,1.79,0.904,31,1.75,0.8838,22,1.99,1.005,1,1.77,0.8939,2,0
IWM191004P148,2019-10-03,2019-10-03 09:33:02,1.79,0.904,31,1.75,0.8838,20,1.99,1.005,1,1.77,0.8939,2,0
IWM191004P148,2019-10-03,2019-10-03 09:33:03,1.8,0.909,34,1.76,0.8888,22,1.99,1.005,1,1.78,0.8989,2,0
IWM191004P148,2019-10-03,2019-10-03 09:33:03,1.78,0.8989,34,1.74,0.8787,22,1.99,1.005,1,1.76,0.8888,2,0
IWM191004P148,2019-10-03,2019-10-03 09:33:04,1.77,0.8939,34,1.73,0.8737,20,1.99,1.005,1,1.75,0.8838,2,0
IWM191004P148,2019-10-03,2019-10-03 09:33:05,1.79,0.904,292,1.72,0.8686,22,1.99,1.005,1,1.755,0.8863,2,0
IWM191004P148,2019-10-03,2019-10-03 09:33:05,1.76,0.8888,14,1.71,0.8636,36,1.99,1.005,1,1.735,0.8762,2,0
IWM191004P148,2019-10-03,2019-10-03 09:33:06,1.79,0.904,386,1.72,0.8686,3,1.99,1.005,1,1.755,0.8863,2,0
IWM191004P148,2019-10-03,2019-10-03 09:33:06,1.79,0.904,292,1.72,0.8686,22,1.99,1.005,1,1.755,0.8863,2,0
IWM191004P148,2019-10-03,2019-10-03 09:33:07,1.77,0.8939,20,1.74,0.8787,20,1.99,1.005,1,1.755,0.8863,2,0
IWM191004P148,2019-10-03,2019-10-03 09:33:07,1.78,0.8989,34,1.73,0.8737,20,1.99,1.005,1,1.755,0.8863,2,0
IWM191004P148,2019-10-03,2019-10-03 09:33:08,1.79,0.904,32,1.75,0.8838,22,1.99,1.005,1,1.77,0.8939,2,0
IWM191004P148,2019-10-03,2019-10-03 09:33:08,1.79,0.904,64,1.74,0.8787,20,1.99,1.005,1,1.765,0.8914,2,0
IWM191004P148,2019-10-03,2019-10-03 09:33:09,1.79,0.904,32,1.75,0.8838,20,1.99,1.005,1,1.77,0.8939,2,0
IWM191004P148,2019-10-03,2019-10-03 09:33:09,1.79,0.904,31,1.74,0.8787,20,1.99,1.005,1,1.765,0.8914,2,0
IWM191004P148,2019-10-03,2019-10-03 09:33:10,1.78,0.8989,56,1.74,0.8787,20,1.99,1.005,1,1.76,0.8888,2,0
IWM191004P148,2019-10-03,2019-10-03 09:33:11,1.77,0.8939,95,1.73,0.8737,22,1.99,1.005,1,1.75,0.8838,2,0
IWM191004P148,2019-10-03,2019-10-03 09:33:11,1.77,0.8939,44,1.73,0.8737,22,1.99,1.005,1,1.75,0.8838,2,0
IWM191004P148,2019-10-03,2019-10-03 09:33:12,1.76,0.8888,57,1.72,0.8686,22,1.99,1.005,1,1.74,0.8787,2,0
IWM191004P148,2019-10-03,2019-10-03 09:33:12,1.77,0.8939,95,1.73,0.8737,22,1.99,1.005,1,1.75,0.8838,2,0
IWM191004P148,2019-10-03,2019-10-03 09:33:13,1.76,0.8888,82,1.72,0.8686,22,1.99,1.005,1,1.74,0.8787,2,0
IWM191004P148,2019-10-03,2019-10-03 09:33:13,1.77,0.8939,50,1.72,0.8686,22,1.99,1.005,1,1.745,0.8813,2,0
IWM191004P148,2019-10-03,2019-10-03 09:33:14,1.76,0.8888,60,1.72,0.8686,2,1.99,1.005,1,1.74,0.8787,2,0
IWM191004P148,2019-10-03,2019-10-03 09:33:14,1.76,0.8888,6,1.72,0.8686,2,1.99,1.005,1,1.74,0.8787,2,0
IWM191004P148,2019-10-03,2019-10-03 09:33:15,1.76,0.8888,60,1.71,0.8636,22,1.99,1.005,1,1.735,0.8762,2,0
IWM191004P148,2019-10-03,2019-10-03 09:33:15,1.76,0.8888,60,1.72,0.8686,2,1.99,1.005,1,1.74,0.8787,2,0
IWM191004P148,2019-10-03,2019-10-03 09:33:16,1.76,0.8888,184,1.7,0.8585,20,1.99,1.005,1,1.73,0.8737,2,0
IWM191004P148,2019-10-03,2019-10-03 09:33:16,1.75,0.8838,10,1.69,0.8535,2,1.99,1.005,1,1.72,0.8686,2,0
IWM191004P148,2019-10-03,2019-10-03 09:33:17,1.74,0.8787,49,1.7,0.8585,20,1.99,1.005,1,1.72,0.8686,2,0
IWM191004P148,2019-10-03,2019-10-03 09:33:17,1.74,0.8787,14,1.69,0.8535,22,1.99,1.005,1,1.715,0.8661,2,0
IWM191004P148,2019-10-03,2019-10-03 09:33:18,1.72,0.8686,20,1.68,0.8484,20,1.99,1.005,1,1.7,0.8585,2,0
IWM191004P148,2019-10-03,2019-10-03 09:33:19,1.73,0.8737,33,1.69,0.8535,20,1.99,1.005,1,1.71,0.8636,2,0
IWM191004P148,2019-10-03,2019-10-03 09:33:19,1.73,0.8737,20,1.69,0.8535,20,1.99,1.005,1,1.71,0.8636,2,0
IWM191004P148,2019-10-03,2019-10-03 09:33:20,1.73,0.8737,20,1.69,0.8535,22,1.99,1.005,1,1.71,0.8636,2,0
IWM191004P148,2019-10-03,2019-10-03 09:33:20,1.76,0.8888,20,1.69,0.8535,2,1.99,1.005,1,1.725,0.8712,2,0
IWM191004P148,2019-10-03,2019-10-03 09:33:21,1.76,0.8888,20,1.72,0.8686,20,1.99,1.005,1,1.74,0.8787,2,0
IWM191004P148,2019-10-03,2019-10-03 09:33:22,1.76,0.8888,25,1.72,0.8686,20,1.99,1.005,1,1.74,0.8787,2,0
IWM191004P148,2019-10-03,2019-10-03 09:33:23,1.74,0.8787,20,1.7,0.8585,22,1.99,1.005,1,1.72,0.8686,2,0
IWM191004P148,2019-10-03,2019-10-03 09:33:23,1.75,0.8838,20,1.71,0.8636,22,1.99,1.005,1,1.73,0.8737,2,0
IWM191004P148,2019-10-03,2019-10-03 09:33:24,1.74,0.8787,20,1.7,0.8585,22,1.99,1.005,1,1.72,0.8686,2,0
IWM191004P148,2019-10-03,2019-10-03 09:33:24,1.75,0.8838,34,1.71,0.8636,20,1.99,1.005,1,1.73,0.8737,2,0
IWM191004P148,2019-10-03,2019-10-03 09:33:25,1.76,0.8888,52,1.72,0.8686,20,1.99,1.005,1,1.74,0.8787,2,0
IWM191004P148,2019-10-03,2019-10-03 09:33:25,1.76,0.8888,31,1.72,0.8686,20,1.99,1.005,1,1.74,0.8787,2,0
IWM191004P148,2019-10-03,2019-10-03 09:33:26,1.76,0.8888,20,1.72,0.8686,22,1.99,1.005,1,1.74,0.8787,2,0
IWM191004P148,2019-10-03,2019-10-03 09:33:26,1.76,0.8888,35,1.72,0.8686,22,1.99,1.005,1,1.74,0.8787,2,0
IWM191004P148,2019-10-03,2019-10-03 09:33:27,1.75,0.8838,31,1.71,0.8636,20,1.99,1.005,1,1.73,0.8737,2,0
IWM191004P148,2019-10-03,2019-10-03 09:33:27,1.75,0.8838,42,1.71,0.8636,22,1.99,1.005,1,1.73,0.8737,2,0
IWM191004P148,2019-10-03,2019-10-03 09:33:28,1.73,0.8737,34,1.69,0.8535,2,1.99,1.005,1,1.71,0.8636,2,0
IWM191004P148,2019-10-03,2019-10-03 09:33:28,1.73,0.8737,33,1.69,0.8535,20,1.99,1.005,1,1.71,0.8636,2,0
IWM191004P148,2019-10-03,2019-10-03 09:33:29,1.76,0.8888,325,1.68,0.8484,2,1.99,1.005,1,1.72,0.8686,2,0
IWM191004P148,2019-10-03,2019-10-03 09:33:29,1.76,0.8888,194,1.68,0.8484,2,1.99,1.005,1,1.72,0.8686,2,0
IWM191004P148,2019-10-03,2019-10-03 09:33:30,1.73,0.8737,34,1.68,0.8484,22,1.99,1.005,1,1.705,0.8611,2,0
IWM191004P148,2019-10-03,2019-10-03 09:33:30,1.74,0.8787,34,1.69,0.8535,30,1.99,1.005,1,1.715,0.8661,2,0
IWM191004P148,2019-10-03,2019-10-03 09:33:31,1.74,0.8787,71,1.69,0.8535,30,1.99,1.005,1,1.715,0.8661,2,0
IWM191004P148,2019-10-03,2019-10-03 09:33:31,1.73,0.8737,20,1.7,0.8585,20,1.99,1.005,1,1.715,0.8661,2,0
IWM191004P148,2019-10-03,2019-10-03 09:33:32,1.73,0.8737,20,1.7,0.8585,20,1.99,1.005,1,1.715,0.8661,2,0
IWM191004P148,2019-10-03,2019-10-03 09:33:32,1.73,0.8737,61,1.69,0.8535,22,1.99,1.005,1,1.71,0.8636,2,0
IWM191004P148,2019-10-03,2019-10-03 09:33:33,1.7,0.8585,19,1.67,0.8434,20,1.99,1.005,1,1.685,0.851,2,0
IWM191004P148,2019-10-03,2019-10-03 09:33:33,1.71,0.8636,80,1.67,0.8434,1,1.99,1.005,1,1.69,0.8535,2,0
IWM191004P148,2019-10-03,2019-10-03 09:33:34,1.71,0.8636,125,1.67,0.8434,1,1.99,1.005,1,1.69,0.8535,2,0
IWM191004P148,2019-10-03,2019-10-03 09:33:34,1.69,0.8535,20,1.67,0.8434,1,1.99,1.005,1,1.68,0.8484,2,0
IWM191004P148,2019-10-03,2019-10-03 09:33:35,1.69,0.8535,20,1.67,0.8434,1,1.99,1.005,1,1.68,0.8484,2,0
IWM191004P148,2019-10-03,2019-10-03 09:33:36,1.69,0.8535,20,1.67,0.8434,1,1.67,0.8434,1,1.68,0.8484,3,1
IWM191004P148,2019-10-03,2019-10-03 09:33:36,1.69,0.8535,20,1.64,0.8282,33,1.67,0.8434,1,1.665,0.8409,3,0
IWM191004P148,2019-10-03,2019-10-03 09:33:37,1.69,0.8535,20,1.65,0.8333,36,1.67,0.8434,1,1.67,0.8434,3,0
IWM191004P148,2019-10-03,2019-10-03 09:33:37,1.69,0.8535,20,1.65,0.8333,22,1.67,0.8434,1,1.67,0.8434,3,0
IWM191004P148,2019-10-03,2019-10-03 09:33:38,1.69,0.8535,20,1.66,0.8383,20,1.67,0.8434,1,1.675,0.8459,3,0
IWM191004P148,2019-10-03,2019-10-03 09:33:38,1.69,0.8535,20,1.65,0.8333,35,1.67,0.8434,1,1.67,0.8434,3,0
IWM191004P148,2019-10-03,2019-10-03 09:33:39,1.69,0.8535,20,1.66,0.8383,20,1.67,0.8434,1,1.675,0.8459,3,0
IWM191004P148,2019-10-03,2019-10-03 09:33:39,1.69,0.8535,20,1.66,0.8383,1,1.67,0.8434,1,1.675,0.8459,3,0
IWM191004P148,2019-10-03,2019-10-03 09:33:40,1.69,0.8535,20,1.65,0.8333,36,1.67,0.8434,1,1.67,0.8434,3,0
IWM191004P148,2019-10-03,2019-10-03 09:33:41,1.7,0.8585,20,1.66,0.8383,46,1.67,0.8434,1,1.68,0.8484,3,0
IWM191004P148,2019-10-03,2019-10-03 09:33:41,1.7,0.8585,20,1.66,0.8383,22,1.67,0.8434,1,1.68,0.8484,3,0
IWM191004P148,2019-10-03,2019-10-03 09:33:42,1.7,0.8585,20,1.66,0.8383,52,1.67,0.8434,1,1.68,0.8484,3,0
IWM191004P148,2019-10-03,2019-10-03 09:33:43,1.7,0.8585,20,1.66,0.8383,22,1.67,0.8434,1,1.68,0.8484,3,0
IWM191004P148,2019-10-03,2019-10-03 09:33:43,1.7,0.8585,20,1.66,0.8383,38,1.67,0.8434,1,1.68,0.8484,3,0
IWM191004P148,2019-10-03,2019-10-03 09:33:44,1.7,0.8585,30,1.66,0.8383,36,1.67,0.8434,1,1.68,0.8484,3,0
IWM191004P148,2019-10-03,2019-10-03 09:33:44,1.7,0.8585,20,1.66,0.8383,36,1.67,0.8434,1,1.68,0.8484,3,0
IWM191004P148,2019-10-03,2019-10-03 09:33:45,1.7,0.8585,20,1.66,0.8383,39,1.67,0.8434,1,1.68,0.8484,3,0
IWM191004P148,2019-10-03,2019-10-03 09:33:45,1.73,0.8737,57,1.67,0.8434,36,1.67,0.8434,1,1.7,0.8585,3,0
IWM191004P148,2019-10-03,2019-10-03 09:33:46,1.7,0.8585,20,1.67,0.8434,20,1.67,0.8434,1,1.685,0.851,3,0
IWM191004P148,2019-10-03,2019-10-03 09:33:46,1.71,0.8636,20,1.67,0.8434,58,1.67,0.8434,1,1.69,0.8535,3,0
IWM191004P148,2019-10-03,2019-10-03 09:33:47,1.71,0.8636,20,1.67,0.8434,35,1.67,0.8434,1,1.69,0.8535,3,0
IWM191004P148,2019-10-03,2019-10-03 09:33:47,1.72,0.8686,20,1.67,0.8434,38,1.67,0.8434,1,1.695,0.856,3,0
IWM191004P148,2019-10-03,2019-10-03 09:33:48,1.69,0.8535,20,1.66,0.8383,38,1.67,0.8434,1,1.675,0.8459,3,0
IWM191004P148,2019-10-03,2019-10-03 09:33:48,1.71,0.8636,20,1.67,0.8434,33,1.67,0.8434,1,1.69,0.8535,3,0
IWM191004P148,2019-10-03,2019-10-03 09:33:49,1.72,0.8686,20,1.68,0.8484,37,1.67,0.8434,1,1.7,0.8585,3,0
IWM191004P148,2019-10-03,2019-10-03 09:33:50,1.71,0.8636,20,1.67,0.8434,34,1.67,0.8434,1,1.69,0.8535,3,0
IWM191004P148,2019-10-03,2019-10-03 09:33:50,1.73,0.8737,20,1.69,0.8535,37,1.67,0.8434,1,1.71,0.8636,3,0
IWM191004P148,2019-10-03,2019-10-03 09:33:51,1.72,0.8686,10,1.66,0.8383,3,1.67,0.8434,1,1.69,0.8535,3,0
IWM191004P148,2019-10-03,2019-10-03 09:33:51,1.72,0.8686,20,1.67,0.8434,22,1.67,0.8434,1,1.695,0.856,3,0
IWM191004P148,2019-10-03,2019-10-03 09:33:52,1.7,0.8585,39,1.64,0.8282,20,1.67,0.8434,1,1.67,0.8434,3,0
IWM191004P148,2019-10-03,2019-10-03 09:33:52,1.68,0.8484,20,1.64,0.8282,34,1.67,0.8434,1,1.66,0.8383,3,0
IWM191004P148,2019-10-03,2019-10-03 09:33:53,1.68,0.8484,21,1.64,0.8282,20,1.67,0.8434,1,1.66,0.8383,3,0
IWM191004P148,2019-10-03,2019-10-03 09:33:53,1.68,0.8484,41,1.64,0.8282,15,1.67,0.8434,1,1.66,0.8383,3,0
IWM191004P148,2019-10-03,2019-10-03 09:33:54,1.68,0.8484,20,1.64,0.8282,37,1.67,0.8434,1,1.66,0.8383,3,0
IWM191004P148,2019-10-03,2019-10-03 09:33:54,1.68,0.8484,20,1.64,0.8282,34,1.67,0.8434,1,1.66,0.8383,3,0
IWM191004P148,2019-10-03,2019-10-03 09:33:55,1.67,0.8434,20,1.63,0.8232,35,1.67,0.8434,1,1.65,0.8333,3,0
IWM191004P148,2019-10-03,2019-10-03 09:33:55,1.68,0.8484,35,1.63,0.8232,35,1.67,0.8434,1,1.655,0.8358,3,0
IWM191004P148,2019-10-03,2019-10-03 09:33:56,1.67,0.8434,20,1.63,0.8232,33,1.67,0.8434,1,1.65,0.8333,3,0
IWM191004P148,2019-10-03,2019-10-03 09:33:56,1.69,0.8535,20,1.63,0.8232,32,1.67,0.8434,1,1.66,0.8383,3,0
IWM191004P148,2019-10-03,2019-10-03 09:33:57,1.68,0.8484,20,1.64,0.8282,37,1.67,0.8434,1,1.66,0.8383,3,0
IWM191004P148,2019-10-03,2019-10-03 09:33:58,1.67,0.8434,20,1.63,0.8232,43,1.67,0.8434,1,1.65,0.8333,3,0
IWM191004P148,2019-10-03,2019-10-03 09:33:58,1.68,0.8484,20,1.63,0.8232,43,1.67,0.8434,1,1.655,0.8358,3,0
IWM191004P148,2019-10-03,2019-10-03 09:33:59,1.68,0.8484,20,1.64,0.8282,38,1.67,0.8434,1,1.66,0.8383,3,0
IWM191004P148,2019-10-03,2019-10-03 09:33:59,1.68,0.8484,20,1.64,0.8282,46,1.67,0.8434,1,1.66,0.8383,3,0
IWM191004P148,2019-10-03,2019-10-03 09:34:00,1.68,0.8484,20,1.65,0.8333,20,1.67,0.8434,1,1.665,0.8409,3,0
IWM191004P148,2019-10-03,2019-10-03 09:34:00,1.68,0.8484,20,1.64,0.8282,38,1.67,0.8434,1,1.66,0.8383,3,0
IWM191004P148,2019-10-03,2019-10-03 09:34:01,1.68,0.8484,20,1.65,0.8333,20,1.67,0.8434,1,1.665,0.8409,3,0
IWM191004P148,2019-10-03,2019-10-03 09:34:02,1.68,0.8484,20,1.65,0.8333,20,1.67,0.8434,1,1.665,0.8409,3,0
IWM191004P148,2019-10-03,2019-10-03 09:34:02,1.72,0.8686,20,1.66,0.8383,20,1.67,0.8434,1,1.69,0.8535,3,0
IWM191004P148,2019-10-03,2019-10-03 09:34:03,1.72,0.8686,34,1.67,0.8434,20,1.67,0.8434,1,1.695,0.856,3,0
IWM191004P148,2019-10-03,2019-10-03 09:34:03,1.71,0.8636,20,1.66,0.8383,32,1.67,0.8434,1,1.685,0.851,3,0
IWM191004P148,2019-10-03,2019-10-03 09:34:04,1.7,0.8585,20,1.65,0.8333,18,1.67,0.8434,1,1.675,0.8459,3,0
IWM191004P148,2019-10-03,2019-10-03 09:34:04,1.71,0.8636,58,1.65,0.8333,12,1.67,0.8434,1,1.68,0.8484,3,0
IWM191004P148,2019-10-03,2019-10-03 09:34:05,1.71,0.8636,20,1.68,0.8484,20,1.67,0.8434,1,1.695,0.856,3,0
IWM191004P148,2019-10-03,2019-10-03 09:34:05,1.72,0.8686,20,1.67,0.8434,20,1.67,0.8434,1,1.695,0.856,3,0
IWM191004P148,2019-10-03,2019-10-03 09:34:06,1.71,0.8636,74,1.65,0.8333,20,1.67,0.8434,1,1.68,0.8484,3,0
IWM191004P148,2019-10-03,2019-10-03 09:34:06,1.71,0.8636,64,1.66,0.8383,17,1.67,0.8434,1,1.685,0.851,3,0
IWM191004P148,2019-10-03,2019-10-03 09:34:07,1.69,0.8535,70,1.66,0.8383,20,1.67,0.8434,1,1.675,0.8459,3,0
IWM191004P148,2019-10-03,2019-10-03 09:34:07,1.69,0.8535,20,1.65,0.8333,30,1.67,0.8434,1,1.67,0.8434,3,0
IWM191004P148,2019-10-03,2019-10-03 09:34:08,1.7,0.8585,20,1.66,0.8383,20,1.67,0.8434,1,1.68,0.8484,3,0
IWM191004P148,2019-10-03,2019-10-03 09:34:08,1.69,0.8535,20,1.65,0.8333,20,1.67,0.8434,1,1.67,0.8434,3,0
IWM191004P148,2019-10-03,2019-10-03 09:34:09,1.69,0.8535,20,1.65,0.8333,32,1.67,0.8434,1,1.67,0.8434,3,0
IWM191004P148,2019-10-03,2019-10-03 09:34:09,1.69,0.8535,20,1.65,0.8333,20,1.67,0.8434,1,1.67,0.8434,3,0
IWM191004P148,2019-10-03,2019-10-03 09:34:10,1.66,0.8383,20,1.62,0.8181,35,1.67,0.8434,1,1.64,0.8282,3,0
IWM191004P148,2019-10-03,2019-10-03 09:34:10,1.65,0.8333,20,1.62,0.8181,20,1.67,0.8434,1,1.635,0.8257,3,0
IWM191004P148,2019-10-03,2019-10-03 09:34:11,1.65,0.8333,20,1.62,0.8181,20,1.67,0.8434,1,1.635,0.8257,3,0
IWM191004P148,2019-10-03,2019-10-03 09:34:11,1.67,0.8434,34,1.62,0.8181,34,1.67,0.8434,1,1.645,0.8308,3,0
IWM191004P148,2019-10-03,2019-10-03 09:34:12,1.66,0.8383,20,1.62,0.8181,20,1.67,0.8434,1,1.64,0.8282,3,0
IWM191004P148,2019-10-03,2019-10-03 09:34:12,1.66,0.8383,20,1.62,0.8181,36,1.67,0.8434,1,1.64,0.8282,3,0
IWM191004P148,2019-10-03,2019-10-03 09:34:13,1.66,0.8383,20,1.62,0.8181,36,1.67,0.8434,1,1.64,0.8282,3,0
IWM191004P148,2019-10-03,2019-10-03 09:34:13,1.67,0.8434,20,1.63,0.8232,20,1.67,0.8434,1,1.65,0.8333,3,0
IWM191004P148,2019-10-03,2019-10-03 09:34:14,1.65,0.8333,20,1.62,0.8181,20,1.67,0.8434,1,1.635,0.8257,3,0
IWM191004P148,2019-10-03,2019-10-03 09:34:15,1.65,0.8333,30,1.62,0.8181,20,1.67,0.8434,1,1.635,0.8257,3,0
IWM191004P148,2019-10-03,2019-10-03 09:34:15,1.65,0.8333,30,1.62,0.8181,30,1.67,0.8434,1,1.635,0.8257,3,0
IWM191004P148,2019-10-03,2019-10-03 09:34:16,1.66,0.8383,20,1.62,0.8181,30,1.67,0.8434,1,1.64,0.8282,3,0
IWM191004P148,2019-10-03,2019-10-03 09:34:16,1.66,0.8383,20,1.62,0.8181,35,1.67,0.8434,1,1.64,0.8282,3,0
IWM191004P148,2019-10-03,2019-10-03 09:34:17,1.67,0.8434,20,1.64,0.8282,20,1.67,0.8434,1,1.655,0.8358,3,0
IWM191004P148,2019-10-03,2019-10-03 09:34:17,1.68,0.8484,20,1.63,0.8232,30,1.67,0.8434,1,1.655,0.8358,3,0
IWM191004P148,2019-10-03,2019-10-03 09:34:18,1.67,0.8434,20,1.64,0.8282,20,1.67,0.8434,1,1.655,0.8358,3,0
IWM191004P148,2019-10-03,2019-10-03 09:34:19,1.67,0.8434,20,1.64,0.8282,20,1.67,0.8434,1,1.655,0.8358,3,0
IWM191004P148,2019-10-03,2019-10-03 09:34:20,1.67,0.8434,20,1.64,0.8282,20,1.67,0.8434,1,1.655,0.8358,3,0
IWM191004P148,2019-10-03,2019-10-03 09:34:21,1.67,0.8434,20,1.63,0.8232,35,1.67,0.8434,1,1.65,0.8333,3,0
IWM191004P148,2019-10-03,2019-10-03 09:34:22,1.67,0.8434,20,1.63,0.8232,35,1.67,0.8434,1,1.65,0.8333,3,0
IWM191004P148,2019-10-03,2019-10-03 09:34:22,1.72,0.8686,20,1.67,0.8434,23,1.67,0.8434,1,1.695,0.856,3,0
IWM191004P148,2019-10-03,2019-10-03 09:34:23,1.71,0.8636,20,1.66,0.8383,32,1.67,0.8434,1,1.685,0.851,3,0
IWM191004P148,2019-10-03,2019-10-03 09:34:24,1.73,0.8737,20,1.67,0.8434,34,1.67,0.8434,1,1.7,0.8585,3,0
IWM191004P148,2019-10-03,2019-10-03 09:34:24,1.72,0.8686,20,1.66,0.8383,35,1.67,0.8434,1,1.69,0.8535,3,0
IWM191004P148,2019-10-03,2019-10-03 09:34:25,1.71,0.8636,41,1.67,0.8434,20,1.67,0.8434,1,1.69,0.8535,3,0
IWM191004P148,2019-10-03,2019-10-03 09:34:25,1.71,0.8636,20,1.66,0.8383,23,1.67,0.8434,1,1.685,0.851,3,0
IWM191004P148,2019-10-03,2019-10-03 09:34:26,1.71,0.8636,20,1.67,0.8434,22,1.67,0.8434,1,1.69,0.8535,3,0
IWM191004P148,2019-10-03,2019-10-03 09:34:27,1.74,0.8787,20,1.68,0.8484,20,1.67,0.8434,1,1.71,0.8636,3,0
IWM191004P148,2019-10-03,2019-10-03 09:34:27,1.73,0.8737,20,1.67,0.8434,32,1.67,0.8434,1,1.7,0.8585,3,0
IWM191004P148,2019-10-03,2019-10-03 09:34:28,1.75,0.8838,20,1.7,0.8585,20,1.67,0.8434,1,1.725,0.8712,3,0
IWM191004P148,2019-10-03,2019-10-03 09:34:28,1.74,0.8787,36,1.68,0.8484,35,1.67,0.8434,1,1.71,0.8636,3,0
IWM191004P148,2019-10-03,2019-10-03 09:34:29,1.74,0.8787,20,1.7,0.8585,33,1.67,0.8434,1,1.72,0.8686,3,0
IWM191004P148,2019-10-03,2019-10-03 09:34:29,1.73,0.8737,20,1.69,0.8535,22,1.67,0.8434,1,1.71,0.8636,3,0
IWM191004P148,2019-10-03,2019-10-03 09:34:30,1.75,0.8838,20,1.69,0.8535,24,1.67,0.8434,1,1.72,0.8686,3,0
IWM191004P148,2019-10-03,2019-10-03 09:34:30,1.73,0.8737,20,1.69,0.8535,20,1.67,0.8434,1,1.71,0.8636,3,0
IWM191004P148,2019-10-03,2019-10-03 09:34:31,1.76,0.8888,20,1.7,0.8585,22,1.67,0.8434,1,1.73,0.8737,3,0
IWM191004P148,2019-10-03,2019-10-03 09:34:31,1.77,0.8939,20,1.71,0.8636,32,1.67,0.8434,1,1.74,0.8787,3,0
IWM191004P148,2019-10-03,2019-10-03 09:34:32,1.77,0.8939,26,1.71,0.8636,4,1.67,0.8434,1,1.74,0.8787,3,0
IWM191004P148,2019-10-03,2019-10-03 09:34:32,1.75,0.8838,20,1.71,0.8636,35,1.67,0.8434,1,1.73,0.8737,3,0
IWM191004P148,2019-10-03,2019-10-03 09:34:33,1.76,0.8888,20,1.72,0.8686,20,1.67,0.8434,1,1.74,0.8787,3,0
IWM191004P148,2019-10-03,2019-10-03 09:34:33,1.77,0.8939,26,1.71,0.8636,32,1.67,0.8434,1,1.74,0.8787,3,0
IWM191004P148,2019-10-03,2019-10-03 09:34:34,1.79,0.904,20,1.72,0.8686,37,1.67,0.8434,1,1.755,0.8863,3,0
IWM191004P148,2019-10-03,2019-10-03 09:34:34,1.79,0.904,41,1.72,0.8686,37,1.67,0.8434,1,1.755,0.8863,3,0
IWM191004P148,2019-10-03,2019-10-03 09:34:35,1.79,0.904,41,1.72,0.8686,37,1.67,0.8434,1,1.755,0.8863,3,0
IWM191004P148,2019-10-03,2019-10-03 09:34:35,1.79,0.904,20,1.75,0.8838,20,1.67,0.8434,1,1.77,0.8939,3,0
IWM191004P148,2019-10-03,2019-10-03 09:34:36,1.79,0.904,20,1.74,0.8787,22,1.67,0.8434,1,1.765,0.8914,3,0
IWM191004P148,2019-10-03,2019-10-03 09:34:37,1.8,0.909,20,1.75,0.8838,22,1.67,0.8434,1,1.775,0.8964,3,0
IWM191004P148,2019-10-03,2019-10-03 09:34:37,1.81,0.9141,52,1.75,0.8838,22,1.67,0.8434,1,1.78,0.8989,3,0
IWM191004P148,2019-10-03,2019-10-03 09:34:38,1.82,0.9191,20,1.78,0.8989,20,1.67,0.8434,1,1.8,0.909,3,0
IWM191004P148,2019-10-03,2019-10-03 09:34:38,1.8,0.909,20,1.76,0.8888,22,1.67,0.8434,1,1.78,0.8989,3,0
IWM191004P148,2019-10-03,2019-10-03 09:34:39,1.83,0.9242,20,1.78,0.8989,20,1.67,0.8434,1,1.805,0.9116,3,0
IWM191004P148,2019-10-03,2019-10-03 09:34:39,1.84,0.9292,20,1.79,0.904,25,1.67,0.8434,1,1.815,0.9166,3,0
IWM191004P148,2019-10-03,2019-10-03 09:34:40,1.84,0.9292,20,1.79,0.904,20,1.67,0.8434,1,1.815,0.9166,3,0
IWM191004P148,2019-10-03,2019-10-03 09:34:40,1.83,0.9242,20,1.79,0.904,20,1.67,0.8434,1,1.81,0.9141,3,0
IWM191004P148,2019-10-03,2019-10-03 09:34:41,1.84,0.9292,20,1.8,0.909,20,1.67,0.8434,1,1.82,0.9191,3,0
IWM191004P148,2019-10-03,2019-10-03 09:34:42,1.85,0.9343,20,1.8,0.909,37,1.67,0.8434,1,1.825,0.9217,3,0
IWM191004P148,2019-10-03,2019-10-03 09:34:42,1.85,0.9343,20,1.81,0.9141,20,1.67,0.8434,1,1.83,0.9242,3,0
IWM191004P148,2019-10-03,2019-10-03 09:34:43,1.83,0.9242,20,1.79,0.904,22,1.67,0.8434,1,1.81,0.9141,3,0
IWM191004P148,2019-10-03,2019-10-03 09:34:43,1.83,0.9242,20,1.79,0.904,20,1.67,0.8434,1,1.81,0.9141,3,0
IWM191004P148,2019-10-03,2019-10-03 09:34:44,1.83,0.9242,20,1.8,0.909,20,1.67,0.8434,1,1.815,0.9166,3,0
IWM191004P148,2019-10-03,2019-10-03 09:34:45,1.82,0.9191,51,1.79,0.904,20,1.67,0.8434,1,1.805,0.9116,3,0
IWM191004P148,2019-10-03,2019-10-03 09:34:45,1.82,0.9191,20,1.79,0.904,20,1.67,0.8434,1,1.805,0.9116,3,0
IWM191004P148,2019-10-03,2019-10-03 09:34:46,1.8,0.909,20,1.76,0.8888,22,1.79,0.904,10,1.78,0.8989,13,10
IWM191004P148,2019-10-03,2019-10-03 09:34:46,1.82,0.9191,34,1.79,0.904,10,1.67,0.8434,1,1.805,0.9116,3,0
IWM191004P148,2019-10-03,2019-10-03 09:34:47,1.78,0.8989,34,1.74,0.8787,22,1.79,0.904,10,1.76,0.8888,13,0
IWM191004P148,2019-10-03,2019-10-03 09:34:47,1.78,0.8989,51,1.74,0.8787,20,1.79,0.904,10,1.76,0.8888,13,0
IWM191004P148,2019-10-03,2019-10-03 09:34:48,1.77,0.8939,34,1.74,0.8787,20,1.79,0.904,10,1.755,0.8863,13,0
IWM191004P148,2019-10-03,2019-10-03 09:34:48,1.78,0.8989,32,1.74,0.8787,20,1.79,0.904,10,1.76,0.8888,13,0
IWM191004P148,2019-10-03,2019-10-03 09:34:49,1.77,0.8939,34,1.74,0.8787,2,1.79,0.904,10,1.755,0.8863,13,0
IWM191004P148,2019-10-03,2019-10-03 09:34:49,1.78,0.8989,32,1.74,0.8787,20,1.79,0.904,10,1.76,0.8888,13,0
IWM191004P148,2019-10-03,2019-10-03 09:34:50,1.78,0.8989,45,1.74,0.8787,22,1.79,0.904,10,1.76,0.8888,13,0
IWM191004P148,2019-10-03,2019-10-03 09:34:50,1.78,0.8989,45,1.75,0.8838,22,1.79,0.904,10,1.765,0.8914,13,0
IWM191004P148,2019-10-03,2019-10-03 09:34:51,1.8,0.909,20,1.76,0.8888,20,1.79,0.904,10,1.78,0.8989,13,0
IWM191004P148,2019-10-03,2019-10-03 09:34:52,1.79,0.904,20,1.76,0.8888,20,1.79,0.904,10,1.775,0.8964,13,0
IWM191004P148,2019-10-03,2019-10-03 09:34:52,1.8,0.909,34,1.76,0.8888,20,1.79,0.904,10,1.78,0.8989,13,0
IWM191004P148,2019-10-03,2019-10-03 09:34:53,1.79,0.904,30,1.76,0.8888,20,1.79,0.904,10,1.775,0.8964,13,0
IWM191004P148,2019-10-03,2019-10-03 09:34:53,1.78,0.8989,20,1.75,0.8838,22,1.79,0.904,10,1.765,0.8914,13,0
IWM191004P148,2019-10-03,2019-10-03 09:34:54,1.78,0.8989,20,1.75,0.8838,20,1.79,0.904,10,1.765,0.8914,13,0
IWM191004P148,2019-10-03,2019-10-03 09:34:54,1.78,0.8989,85,1.73,0.8737,2,1.79,0.904,10,1.755,0.8863,13,0
IWM191004P148,2019-10-03,2019-10-03 09:34:55,1.78,0.8989,97,1.73,0.8737,2,1.79,0.904,10,1.755,0.8863,13,0
IWM191004P148,2019-10-03,2019-10-03 09:34:56,1.76,0.8888,34,1.72,0.8686,22,1.79,0.904,10,1.74,0.8787,13,0
IWM191004P148,2019-10-03,2019-10-03 09:34:56,1.76,0.8888,20,1.72,0.8686,2,1.79,0.904,10,1.74,0.8787,13,0
IWM191004P148,2019-10-03,2019-10-03 09:34:57,1.76,0.8888,38,1.72,0.8686,20,1.79,0.904,10,1.74,0.8787,13,0
IWM191004P148,2019-10-03,2019-10-03 09:34:57,1.76,0.8888,20,1.72,0.8686,22,1.79,0.904,10,1.74,0.8787,13,0
IWM191004P148,2019-10-03,2019-10-03 09:34:58,1.75,0.8838,20,1.72,0.8686,20,1.79,0.904,10,1.735,0.8762,13,0
IWM191004P148,2019-10-03,2019-10-03 09:34:58,1.75,0.8838,34,1.71,0.8636,20,1.79,0.904,10,1.73,0.8737,13,0
IWM191004P148,2019-10-03,2019-10-03 09:34:59,1.76,0.8888,34,1.72,0.8686,20,1.79,0.904,10,1.74,0.8787,13,0
IWM191004P148,2019-10-03,2019-10-03 09:34:59,1.77,0.8939,33,1.73,0.8737,20,1.79,0.904,10,1.75,0.8838,13,0
IWM191004P148,2019-10-03,2019-10-03 09:35:00,1.75,0.8838,20,1.71,0.8636,20,1.79,0.904,10,1.73,0.8737,13,0
IWM191004P148,2019-10-03,2019-10-03 09:35:00,1.79,0.904,7,1.71,0.8636,20,1.79,0.904,10,1.75,0.8838,13,0
IWM191004P148,2019-10-03,2019-10-03 09:35:01,1.78,0.8989,19,1.71,0.8636,88,1.79,0.904,10,1.745,0.8813,13,0
IWM191004P148,2019-10-03,2019-10-03 09:35:01,1.78,0.8989,72,1.71,0.8636,124,1.79,0.904,10,1.745,0.8813,13,0
IWM191004P148,2019-10-03,2019-10-03 09:35:02,1.77,0.8939,20,1.72,0.8686,20,1.79,0.904,10,1.745,0.8813,13,0
IWM191004P148,2019-10-03,2019-10-03 09:35:02,1.77,0.8939,32,1.73,0.8737,20,1.79,0.904,10,1.75,0.8838,13,0
IWM191004P148,2019-10-03,2019-10-03 09:35:03,1.79,0.904,20,1.75,0.8838,20,1.79,0.904,10,1.77,0.8939,13,0
IWM191004P148,2019-10-03,2019-10-03 09:35:03,1.79,0.904,35,1.74,0.8787,31,1.79,0.904,10,1.765,0.8914,13,0
IWM191004P148,2019-10-03,2019-10-03 09:35:04,1.8,0.909,20,1.76,0.8888,20,1.79,0.904,10,1.78,0.8989,13,0
IWM191004P148,2019-10-03,2019-10-03 09:35:04,1.79,0.904,20,1.75,0.8838,20,1.79,0.904,10,1.77,0.8939,13,0
IWM191004P148,2019-10-03,2019-10-03 09:35:05,1.79,0.904,20,1.76,0.8888,20,1.79,0.904,10,1.775,0.8964,13,0
IWM191004P148,2019-10-03,2019-10-03 09:35:05,1.8,0.909,55,1.75,0.8838,20,1.79,0.904,10,1.775,0.8964,13,0
IWM191004P148,2019-10-03,2019-10-03 09:35:06,1.8,0.909,20,1.76,0.8888,20,1.79,0.904,10,1.78,0.8989,13,0
IWM191004P148,2019-10-03,2019-10-03 09:35:07,1.79,0.904,20,1.75,0.8838,22,1.79,0.904,10,1.77,0.8939,13,0
IWM191004P148,2019-10-03,2019-10-03 09:35:07,1.8,0.909,20,1.76,0.8888,20,1.79,0.904,10,1.78,0.8989,13,0
IWM191004P148,2019-10-03,2019-10-03 09:35:08,1.79,0.904,20,1.75,0.8838,20,1.79,0.904,10,1.77,0.8939,13,0
IWM191004P148,2019-10-03,2019-10-03 09:35:08,1.78,0.8989,33,1.74,0.8787,20,1.79,0.904,10,1.76,0.8888,13,0
IWM191004P148,2019-10-03,2019-10-03 09:35:09,1.8,0.909,20,1.75,0.8838,22,1.79,0.904,10,1.775,0.8964,13,0
IWM191004P148,2019-10-03,2019-10-03 09:35:09,1.79,0.904,20,1.76,0.8888,20,1.79,0.904,10,1.775,0.8964,13,0
IWM191004P148,2019-10-03,2019-10-03 09:35:10,1.81,0.9141,33,1.77,0.8939,20,1.79,0.904,10,1.79,0.904,13,0
IWM191004P148,2019-10-03,2019-10-03 09:35:11,1.8,0.909,20,1.76,0.8888,30,1.79,0.904,10,1.78,0.8989,13,0
IWM191004P148,2019-10-03,2019-10-03 09:35:11,1.8,0.909,20,1.77,0.8939,20,1.79,0.904,10,1.785,0.9015,13,0
IWM191004P148,2019-10-03,2019-10-03 09:35:12,1.77,0.8939,20,1.73,0.8737,32,1.79,0.904,10,1.75,0.8838,13,0
IWM191004P148,2019-10-03,2019-10-03 09:35:12,1.78,0.8989,20,1.74,0.8787,22,1.79,0.904,10,1.76,0.8888,13,0
IWM191004P148,2019-10-03,2019-10-03 09:35:13,1.77,0.8939,20,1.73,0.8737,20,1.79,0.904,10,1.75,0.8838,13,0
IWM191004P148,2019-10-03,2019-10-03 09:35:13,1.76,0.8888,59,1.71,0.8636,27,1.79,0.904,10,1.735,0.8762,13,0
IWM191004P148,2019-10-03,2019-10-03 09:35:14,1.76,0.8888,95,1.71,0.8636,28,1.79,0.904,10,1.735,0.8762,13,0
IWM191004P148,2019-10-03,2019-10-03 09:35:14,1.76,0.8888,41,1.71,0.8636,22,1.79,0.904,10,1.735,0.8762,13,0
IWM191004P148,2019-10-03,2019-10-03 09:35:15,1.75,0.8838,20,1.71,0.8636,37,1.79,0.904,10,1.73,0.8737,13,0
IWM191004P148,2019-10-03,2019-10-03 09:35:15,1.76,0.8888,20,1.71,0.8636,22,1.79,0.904,10,1.735,0.8762,13,0
IWM191004P148,2019-10-03,2019-10-03 09:35:16,1.75,0.8838,20,1.71,0.8636,35,1.79,0.904,10,1.73,0.8737,13,0
IWM191004P148,2019-10-03,2019-10-03 09:35:17,1.75,0.8838,20,1.71,0.8636,20,1.79,0.904,10,1.73,0.8737,13,0
IWM191004P148,2019-10-03,2019-10-03 09:35:17,1.74,0.8787,20,1.71,0.8636,20,1.79,0.904,10,1.725,0.8712,13,0
IWM191004P148,2019-10-03,2019-10-03 09:35:18,1.75,0.8838,20,1.71,0.8636,34,1.79,0.904,10,1.73,0.8737,13,0
IWM191004P148,2019-10-03,2019-10-03 09:35:18,1.75,0.8838,20,1.71,0.8636,20,1.79,0.904,10,1.73,0.8737,13,0
IWM191004P148,2019-10-03,2019-10-03 09:35:19,1.75,0.8838,20,1.71,0.8636,34,1.79,0.904,10,1.73,0.8737,13,0
IWM191004P148,2019-10-03,2019-10-03 09:35:20,1.74,0.8787,20,1.71,0.8636,20,1.79,0.904,10,1.725,0.8712,13,0
IWM191004P148,2019-10-03,2019-10-03 09:35:20,1.73,0.8737,20,1.68,0.8484,22,1.79,0.904,10,1.705,0.8611,13,0
