symbol,Date,quote_time,ask_price,norm_ask_price,ask_size,bid_price,norm_bid_price,bid_size,last_trade_price,norm_last_trade_price,last_trade_size,mark_price,norm_mark_price,volume,Volume
SPY190812P290,2019-08-09,2019-08-09 09:30:00,0.84,1.0243,299,0.77,0.939,264,0.84,1.0243,121,0.805,0.9817,121,0
SPY190812P290,2019-08-09,2019-08-09 09:30:00,0.82,1.0,458,0.78,0.9512,77,0.84,1.0243,121,0.8,0.9756,121,121
SPY190812P290,2019-08-09,2019-08-09 09:30:01,0.83,1.0121,100,0.78,0.9512,100,0.84,1.0243,121,0.805,0.9817,121,0
SPY190812P290,2019-08-09,2019-08-09 09:30:01,0.83,1.0121,77,0.78,0.9512,100,0.84,1.0243,121,0.805,0.9817,121,0
SPY190812P290,2019-08-09,2019-08-09 09:30:02,0.84,1.0243,5,0.79,0.9634,100,0.84,1.0243,121,0.815,0.9939,121,0
SPY190812P290,2019-08-09,2019-08-09 09:30:02,0.84,1.0243,100,0.81,0.9878,70,0.84,1.0243,121,0.825,1.006,121,0
SPY190812P290,2019-08-09,2019-08-09 09:30:03,0.85,1.0365,344,0.79,0.9634,100,0.84,1.0243,121,0.82,1.0,121,0
SPY190812P290,2019-08-09,2019-08-09 09:30:04,0.85,1.0365,344,0.77,0.939,350,0.84,1.0243,121,0.81,0.9878,121,0
SPY190812P290,2019-08-09,2019-08-09 09:30:04,0.85,1.0365,344,0.78,0.9512,100,0.84,1.0243,121,0.815,0.9939,121,0
SPY190812P290,2019-08-09,2019-08-09 09:30:05,0.85,1.0365,344,0.78,0.9512,3,0.84,1.0243,121,0.815,0.9939,121,0
SPY190812P290,2019-08-09,2019-08-09 09:30:05,0.83,1.0121,84,0.79,0.9634,77,0.84,1.0243,121,0.81,0.9878,121,0
SPY190812P290,2019-08-09,2019-08-09 09:30:06,0.83,1.0121,84,0.79,0.9634,77,0.84,1.0243,121,0.81,0.9878,121,0
SPY190812P290,2019-08-09,2019-08-09 09:30:07,0.83,1.0121,84,0.79,0.9634,77,0.84,1.0243,121,0.81,0.9878,121,0
SPY190812P290,2019-08-09,2019-08-09 09:30:08,0.83,1.0121,84,0.79,0.9634,77,0.84,1.0243,121,0.81,0.9878,121,0
SPY190812P290,2019-08-09,2019-08-09 09:30:09,0.83,1.0121,264,0.78,0.9512,84,0.84,1.0243,121,0.805,0.9817,121,0
SPY190812P290,2019-08-09,2019-08-09 09:30:09,0.83,1.0121,264,0.79,0.9634,77,0.84,1.0243,121,0.81,0.9878,121,0
SPY190812P290,2019-08-09,2019-08-09 09:30:10,0.83,1.0121,264,0.78,0.9512,84,0.84,1.0243,121,0.805,0.9817,121,0
SPY190812P290,2019-08-09,2019-08-09 09:30:11,0.83,1.0121,84,0.78,0.9512,84,0.84,1.0243,121,0.805,0.9817,121,0
SPY190812P290,2019-08-09,2019-08-09 09:30:12,0.83,1.0121,84,0.78,0.9512,112,0.84,1.0243,121,0.805,0.9817,121,0
SPY190812P290,2019-08-09,2019-08-09 09:30:13,0.83,1.0121,84,0.78,0.9512,112,0.84,1.0243,121,0.805,0.9817,121,0
SPY190812P290,2019-08-09,2019-08-09 09:30:13,0.83,1.0121,84,0.79,0.9634,84,0.84,1.0243,121,0.81,0.9878,121,0
SPY190812P290,2019-08-09,2019-08-09 09:30:14,0.82,1.0,5,0.79,0.9634,84,0.84,1.0243,121,0.805,0.9817,121,0
SPY190812P290,2019-08-09,2019-08-09 09:30:14,0.83,1.0121,84,0.79,0.9634,84,0.84,1.0243,121,0.81,0.9878,121,0
SPY190812P290,2019-08-09,2019-08-09 09:30:15,0.82,1.0,5,0.79,0.9634,84,0.84,1.0243,121,0.805,0.9817,121,0
SPY190812P290,2019-08-09,2019-08-09 09:30:16,0.82,1.0,5,0.79,0.9634,84,0.84,1.0243,121,0.805,0.9817,121,0
SPY190812P290,2019-08-09,2019-08-09 09:30:17,0.82,1.0,5,0.79,0.9634,84,0.84,1.0243,121,0.805,0.9817,121,0
SPY190812P290,2019-08-09,2019-08-09 09:30:18,0.82,1.0,5,0.79,0.9634,84,0.84,1.0243,121,0.805,0.9817,121,0
SPY190812P290,2019-08-09,2019-08-09 09:30:18,0.82,1.0,5,0.79,0.9634,150,0.8,0.9756,1,0.805,0.9817,122,1
SPY190812P290,2019-08-09,2019-08-09 09:30:19,0.83,1.0121,290,0.8,0.9756,70,0.8,0.9756,1,0.815,0.9939,122,0
SPY190812P290,2019-08-09,2019-08-09 09:30:19,0.82,1.0,5,0.79,0.9634,150,0.8,0.9756,1,0.805,0.9817,122,0
SPY190812P290,2019-08-09,2019-08-09 09:30:20,0.83,1.0121,100,0.81,0.9878,100,0.8,0.9756,1,0.82,1.0,122,0
SPY190812P290,2019-08-09,2019-08-09 09:30:20,0.82,1.0,5,0.8,0.9756,84,0.8,0.9756,1,0.81,0.9878,122,0
SPY190812P290,2019-08-09,2019-08-09 09:30:21,0.85,1.0365,5,0.82,1.0,255,0.8,0.9756,1,0.835,1.0182,122,0
SPY190812P290,2019-08-09,2019-08-09 09:30:21,0.83,1.0121,5,0.8,0.9756,34,0.8,0.9756,1,0.815,0.9939,122,0
SPY190812P290,2019-08-09,2019-08-09 09:30:22,0.83,1.0121,295,0.81,0.9878,10,0.8,0.9756,1,0.82,1.0,122,0
SPY190812P290,2019-08-09,2019-08-09 09:30:22,0.83,1.0121,18,0.81,0.9878,18,0.8,0.9756,1,0.82,1.0,122,0
SPY190812P290,2019-08-09,2019-08-09 09:30:23,0.82,1.0,41,0.81,0.9878,10,0.8,0.9756,1,0.815,0.9939,122,0
SPY190812P290,2019-08-09,2019-08-09 09:30:23,0.82,1.0,5,0.81,0.9878,10,0.8,0.9756,1,0.815,0.9939,122,0
SPY190812P290,2019-08-09,2019-08-09 09:30:24,0.81,0.9878,1,0.81,0.9878,10,0.8,0.9756,1,0.81,0.9878,122,0
SPY190812P290,2019-08-09,2019-08-09 09:30:24,0.81,0.9878,5,0.8,0.9756,5,0.79,0.9634,15,0.805,0.9817,137,15
SPY190812P290,2019-08-09,2019-08-09 09:30:25,0.81,0.9878,88,0.79,0.9634,265,0.79,0.9634,15,0.8,0.9756,137,0
SPY190812P290,2019-08-09,2019-08-09 09:30:25,0.81,0.9878,38,0.79,0.9634,265,0.79,0.9634,15,0.8,0.9756,137,0
SPY190812P290,2019-08-09,2019-08-09 09:30:26,0.81,0.9878,11,0.79,0.9634,172,0.79,0.9634,15,0.8,0.9756,137,0
SPY190812P290,2019-08-09,2019-08-09 09:30:26,0.81,0.9878,5,0.79,0.9634,182,0.79,0.9634,15,0.8,0.9756,137,0
SPY190812P290,2019-08-09,2019-08-09 09:30:27,0.81,0.9878,11,0.79,0.9634,172,0.79,0.9634,15,0.8,0.9756,137,0
SPY190812P290,2019-08-09,2019-08-09 09:30:28,0.81,0.9878,5,0.79,0.9634,130,0.79,0.9634,15,0.8,0.9756,137,0
SPY190812P290,2019-08-09,2019-08-09 09:30:29,0.81,0.9878,5,0.79,0.9634,130,0.79,0.9634,15,0.8,0.9756,137,0
SPY190812P290,2019-08-09,2019-08-09 09:30:29,0.81,0.9878,5,0.79,0.9634,295,0.79,0.9634,15,0.8,0.9756,137,0
SPY190812P290,2019-08-09,2019-08-09 09:30:30,0.82,1.0,387,0.8,0.9756,167,0.82,1.0,1,0.81,0.9878,138,0
SPY190812P290,2019-08-09,2019-08-09 09:30:30,0.82,1.0,387,0.8,0.9756,203,0.82,1.0,1,0.81,0.9878,138,1
SPY190812P290,2019-08-09,2019-08-09 09:30:31,0.82,1.0,387,0.8,0.9756,102,0.82,1.0,1,0.81,0.9878,138,0
SPY190812P290,2019-08-09,2019-08-09 09:30:31,0.82,1.0,70,0.8,0.9756,5,0.82,1.0,1,0.81,0.9878,138,0
SPY190812P290,2019-08-09,2019-08-09 09:30:32,0.82,1.0,3,0.81,0.9878,5,0.82,1.0,1,0.815,0.9939,138,0
SPY190812P290,2019-08-09,2019-08-09 09:30:32,0.82,1.0,32,0.81,0.9878,5,0.82,1.0,1,0.815,0.9939,138,0
SPY190812P290,2019-08-09,2019-08-09 09:30:33,0.81,0.9878,5,0.79,0.9634,460,0.82,1.0,1,0.8,0.9756,138,0
SPY190812P290,2019-08-09,2019-08-09 09:30:33,0.82,1.0,5,0.8,0.9756,5,0.82,1.0,1,0.81,0.9878,138,0
SPY190812P290,2019-08-09,2019-08-09 09:30:34,0.81,0.9878,5,0.79,0.9634,592,0.82,1.0,1,0.8,0.9756,138,0
SPY190812P290,2019-08-09,2019-08-09 09:30:34,0.82,1.0,265,0.8,0.9756,5,0.82,1.0,1,0.81,0.9878,138,0
SPY190812P290,2019-08-09,2019-08-09 09:30:35,0.82,1.0,84,0.8,0.9756,5,0.8,0.9756,30,0.81,0.9878,168,30
SPY190812P290,2019-08-09,2019-08-09 09:30:35,0.82,1.0,265,0.8,0.9756,90,0.8,0.9756,30,0.81,0.9878,168,0
SPY190812P290,2019-08-09,2019-08-09 09:30:36,0.81,0.9878,5,0.79,0.9634,709,0.8,0.9756,30,0.8,0.9756,168,0
SPY190812P290,2019-08-09,2019-08-09 09:30:36,0.81,0.9878,5,0.8,0.9756,21,0.8,0.9756,30,0.805,0.9817,168,0
SPY190812P290,2019-08-09,2019-08-09 09:30:37,0.81,0.9878,5,0.8,0.9756,5,0.8,0.9756,30,0.805,0.9817,168,0
SPY190812P290,2019-08-09,2019-08-09 09:30:37,0.81,0.9878,5,0.79,0.9634,345,0.8,0.9756,30,0.8,0.9756,168,0
SPY190812P290,2019-08-09,2019-08-09 09:30:38,0.82,1.0,5,0.8,0.9756,5,0.8,0.9756,30,0.81,0.9878,168,0
SPY190812P290,2019-08-09,2019-08-09 09:30:38,0.82,1.0,386,0.79,0.9634,284,0.8,0.9756,30,0.805,0.9817,168,0
SPY190812P290,2019-08-09,2019-08-09 09:30:39,0.82,1.0,18,0.8,0.9756,18,0.8,0.9756,30,0.81,0.9878,168,0
SPY190812P290,2019-08-09,2019-08-09 09:30:39,0.81,0.9878,20,0.8,0.9756,100,0.8,0.9756,30,0.805,0.9817,168,0
SPY190812P290,2019-08-09,2019-08-09 09:30:40,0.82,1.0,265,0.8,0.9756,100,0.8,0.9756,30,0.81,0.9878,168,0
SPY190812P290,2019-08-09,2019-08-09 09:30:41,0.82,1.0,5,0.81,0.9878,1,0.81,0.9878,1,0.815,0.9939,172,1
SPY190812P290,2019-08-09,2019-08-09 09:30:41,0.83,1.0121,113,0.8,0.9756,110,0.8,0.9756,1,0.815,0.9939,171,3
SPY190812P290,2019-08-09,2019-08-09 09:30:42,0.82,1.0,5,0.81,0.9878,5,0.81,0.9878,1,0.815,0.9939,172,0
SPY190812P290,2019-08-09,2019-08-09 09:30:42,0.82,1.0,291,0.79,0.9634,265,0.81,0.9878,1,0.805,0.9817,172,0
SPY190812P290,2019-08-09,2019-08-09 09:30:43,0.8,0.9756,21,0.79,0.9634,21,0.81,0.9878,1,0.795,0.9695,172,0
SPY190812P290,2019-08-09,2019-08-09 09:30:43,0.82,1.0,291,0.79,0.9634,265,0.81,0.9878,1,0.805,0.9817,172,0
SPY190812P290,2019-08-09,2019-08-09 09:30:44,0.81,0.9878,265,0.79,0.9634,100,0.81,0.9878,1,0.8,0.9756,172,0
SPY190812P290,2019-08-09,2019-08-09 09:30:44,0.81,0.9878,70,0.79,0.9634,5,0.81,0.9878,1,0.8,0.9756,172,0
SPY190812P290,2019-08-09,2019-08-09 09:30:45,0.81,0.9878,185,0.79,0.9634,5,0.81,0.9878,1,0.8,0.9756,172,0
SPY190812P290,2019-08-09,2019-08-09 09:30:45,0.8,0.9756,5,0.79,0.9634,21,0.81,0.9878,1,0.795,0.9695,172,0
SPY190812P290,2019-08-09,2019-08-09 09:30:46,0.8,0.9756,5,0.79,0.9634,90,0.81,0.9878,1,0.795,0.9695,172,0
SPY190812P290,2019-08-09,2019-08-09 09:30:46,0.81,0.9878,195,0.79,0.9634,5,0.81,0.9878,1,0.8,0.9756,172,0
SPY190812P290,2019-08-09,2019-08-09 09:30:47,0.81,0.9878,5,0.79,0.9634,5,0.81,0.9878,1,0.8,0.9756,172,0
SPY190812P290,2019-08-09,2019-08-09 09:30:47,0.81,0.9878,5,0.8,0.9756,5,0.81,0.9878,1,0.805,0.9817,172,0
SPY190812P290,2019-08-09,2019-08-09 09:30:48,0.81,0.9878,5,0.79,0.9634,295,0.81,0.9878,1,0.8,0.9756,172,0
SPY190812P290,2019-08-09,2019-08-09 09:30:48,0.81,0.9878,5,0.79,0.9634,305,0.81,0.9878,1,0.8,0.9756,172,0
SPY190812P290,2019-08-09,2019-08-09 09:30:49,0.81,0.9878,5,0.79,0.9634,305,0.81,0.9878,1,0.8,0.9756,172,0
SPY190812P290,2019-08-09,2019-08-09 09:30:50,0.82,1.0,520,0.79,0.9634,60,0.81,0.9878,1,0.805,0.9817,172,0
SPY190812P290,2019-08-09,2019-08-09 09:30:50,0.81,0.9878,5,0.79,0.9634,129,0.81,0.9878,1,0.8,0.9756,172,0
SPY190812P290,2019-08-09,2019-08-09 09:30:51,0.8,0.9756,1,0.79,0.9634,129,0.81,0.9878,1,0.795,0.9695,172,0
SPY190812P290,2019-08-09,2019-08-09 09:30:51,0.8,0.9756,1,0.79,0.9634,129,0.8,0.9756,1,0.795,0.9695,173,1
SPY190812P290,2019-08-09,2019-08-09 09:30:52,0.81,0.9878,5,0.8,0.9756,8,0.8,0.9756,1,0.805,0.9817,173,0
SPY190812P290,2019-08-09,2019-08-09 09:30:52,0.8,0.9756,1,0.79,0.9634,129,0.8,0.9756,1,0.795,0.9695,173,0
SPY190812P290,2019-08-09,2019-08-09 09:30:53,0.81,0.9878,5,0.8,0.9756,56,0.8,0.9756,1,0.805,0.9817,173,0
SPY190812P290,2019-08-09,2019-08-09 09:30:54,0.81,0.9878,70,0.8,0.9756,20,0.8,0.9756,1,0.805,0.9817,173,0
SPY190812P290,2019-08-09,2019-08-09 09:30:54,0.81,0.9878,70,0.8,0.9756,3,0.8,0.9756,1,0.805,0.9817,173,0
SPY190812P290,2019-08-09,2019-08-09 09:30:55,0.81,0.9878,5,0.8,0.9756,3,0.8,0.9756,1,0.805,0.9817,173,0
SPY190812P290,2019-08-09,2019-08-09 09:30:55,0.81,0.9878,265,0.8,0.9756,3,0.8,0.9756,1,0.805,0.9817,173,0
SPY190812P290,2019-08-09,2019-08-09 09:30:56,0.81,0.9878,265,0.8,0.9756,3,0.8,0.9756,1,0.805,0.9817,173,0
SPY190812P290,2019-08-09,2019-08-09 09:30:56,0.81,0.9878,195,0.8,0.9756,3,0.8,0.9756,1,0.805,0.9817,173,0
SPY190812P290,2019-08-09,2019-08-09 09:30:57,0.81,0.9878,100,0.8,0.9756,3,0.8,0.9756,1,0.805,0.9817,173,0
SPY190812P290,2019-08-09,2019-08-09 09:30:57,0.81,0.9878,265,0.8,0.9756,3,0.8,0.9756,1,0.805,0.9817,173,0
SPY190812P290,2019-08-09,2019-08-09 09:30:58,0.81,0.9878,265,0.8,0.9756,3,0.8,0.9756,1,0.805,0.9817,173,0
SPY190812P290,2019-08-09,2019-08-09 09:30:59,0.81,0.9878,265,0.8,0.9756,3,0.8,0.9756,1,0.805,0.9817,173,0
SPY190812P290,2019-08-09,2019-08-09 09:31:00,0.81,0.9878,271,0.79,0.9634,50,0.8,0.9756,3,0.8,0.9756,176,0
SPY190812P290,2019-08-09,2019-08-09 09:31:00,0.81,0.9878,130,0.78,0.9512,225,0.8,0.9756,3,0.795,0.9695,176,3
SPY190812P290,2019-08-09,2019-08-09 09:31:01,0.8,0.9756,5,0.78,0.9512,5,0.8,0.9756,3,0.79,0.9634,176,0
SPY190812P290,2019-08-09,2019-08-09 09:31:01,0.81,0.9878,777,0.78,0.9512,60,0.8,0.9756,3,0.795,0.9695,176,0
SPY190812P290,2019-08-09,2019-08-09 09:31:02,0.79,0.9634,5,0.78,0.9512,33,0.8,0.9756,3,0.785,0.9573,176,0
SPY190812P290,2019-08-09,2019-08-09 09:31:02,0.81,0.9878,777,0.78,0.9512,60,0.8,0.9756,3,0.795,0.9695,176,0
SPY190812P290,2019-08-09,2019-08-09 09:31:03,0.79,0.9634,6,0.78,0.9512,6,0.8,0.9756,3,0.785,0.9573,176,0
SPY190812P290,2019-08-09,2019-08-09 09:31:03,0.79,0.9634,100,0.77,0.939,101,0.8,0.9756,3,0.78,0.9512,176,0
SPY190812P290,2019-08-09,2019-08-09 09:31:04,0.79,0.9634,265,0.77,0.939,145,0.8,0.9756,3,0.78,0.9512,176,0
SPY190812P290,2019-08-09,2019-08-09 09:31:04,0.79,0.9634,265,0.77,0.939,73,0.8,0.9756,3,0.78,0.9512,176,0
SPY190812P290,2019-08-09,2019-08-09 09:31:05,0.79,0.9634,265,0.77,0.939,52,0.8,0.9756,3,0.78,0.9512,176,0
SPY190812P290,2019-08-09,2019-08-09 09:31:05,0.78,0.9512,5,0.76,0.9268,351,0.8,0.9756,3,0.77,0.939,176,0
SPY190812P290,2019-08-09,2019-08-09 09:31:06,0.78,0.9512,5,0.76,0.9268,192,0.8,0.9756,3,0.77,0.939,176,0
SPY190812P290,2019-08-09,2019-08-09 09:31:06,0.78,0.9512,5,0.76,0.9268,351,0.8,0.9756,3,0.77,0.939,176,0
SPY190812P290,2019-08-09,2019-08-09 09:31:07,0.78,0.9512,276,0.76,0.9268,136,0.8,0.9756,3,0.77,0.939,176,0
SPY190812P290,2019-08-09,2019-08-09 09:31:07,0.78,0.9512,5,0.76,0.9268,192,0.8,0.9756,3,0.77,0.939,176,0
SPY190812P290,2019-08-09,2019-08-09 09:31:08,0.77,0.939,2,0.76,0.9268,113,0.8,0.9756,3,0.765,0.9329,176,0
SPY190812P290,2019-08-09,2019-08-09 09:31:09,0.77,0.939,2,0.76,0.9268,113,0.8,0.9756,3,0.765,0.9329,176,0
SPY190812P290,2019-08-09,2019-08-09 09:31:10,0.77,0.939,2,0.76,0.9268,113,0.8,0.9756,3,0.765,0.9329,176,0
SPY190812P290,2019-08-09,2019-08-09 09:31:10,0.77,0.939,23,0.76,0.9268,71,0.8,0.9756,3,0.765,0.9329,176,0
SPY190812P290,2019-08-09,2019-08-09 09:31:11,0.77,0.939,23,0.76,0.9268,81,0.8,0.9756,3,0.765,0.9329,176,0
SPY190812P290,2019-08-09,2019-08-09 09:31:12,0.77,0.939,2,0.76,0.9268,5,0.8,0.9756,3,0.765,0.9329,176,0
SPY190812P290,2019-08-09,2019-08-09 09:31:12,0.77,0.939,7,0.76,0.9268,5,0.8,0.9756,3,0.765,0.9329,176,0
SPY190812P290,2019-08-09,2019-08-09 09:31:13,0.77,0.939,113,0.76,0.9268,5,0.8,0.9756,3,0.765,0.9329,176,0
SPY190812P290,2019-08-09,2019-08-09 09:31:13,0.77,0.939,73,0.76,0.9268,5,0.8,0.9756,3,0.765,0.9329,176,0
SPY190812P290,2019-08-09,2019-08-09 09:31:14,0.77,0.939,113,0.76,0.9268,5,0.8,0.9756,3,0.765,0.9329,176,0
SPY190812P290,2019-08-09,2019-08-09 09:31:14,0.77,0.939,106,0.76,0.9268,5,0.8,0.9756,3,0.765,0.9329,176,0
SPY190812P290,2019-08-09,2019-08-09 09:31:15,0.77,0.939,140,0.75,0.9146,1209,0.8,0.9756,3,0.76,0.9268,176,0
SPY190812P290,2019-08-09,2019-08-09 09:31:15,0.77,0.939,106,0.75,0.9146,1342,0.8,0.9756,3,0.76,0.9268,176,0
SPY190812P290,2019-08-09,2019-08-09 09:31:16,0.77,0.939,106,0.75,0.9146,1282,0.8,0.9756,3,0.76,0.9268,176,0
SPY190812P290,2019-08-09,2019-08-09 09:31:16,0.77,0.939,106,0.75,0.9146,1332,0.8,0.9756,3,0.76,0.9268,176,0
SPY190812P290,2019-08-09,2019-08-09 09:31:17,0.77,0.939,106,0.75,0.9146,1282,0.8,0.9756,3,0.76,0.9268,176,0
SPY190812P290,2019-08-09,2019-08-09 09:31:18,0.77,0.939,116,0.75,0.9146,636,0.76,0.9268,1,0.76,0.9268,177,1
SPY190812P290,2019-08-09,2019-08-09 09:31:18,0.77,0.939,13,0.76,0.9268,265,0.8,0.9756,3,0.765,0.9329,176,0
SPY190812P290,2019-08-09,2019-08-09 09:31:19,0.77,0.939,213,0.75,0.9146,769,0.76,0.9268,1,0.76,0.9268,177,0
SPY190812P290,2019-08-09,2019-08-09 09:31:20,0.76,0.9268,5,0.75,0.9146,285,0.76,0.9268,1,0.755,0.9207,177,0
SPY190812P290,2019-08-09,2019-08-09 09:31:20,0.76,0.9268,5,0.75,0.9146,500,0.76,0.9268,1,0.755,0.9207,177,0
SPY190812P290,2019-08-09,2019-08-09 09:31:21,0.76,0.9268,5,0.75,0.9146,345,0.76,0.9268,1,0.755,0.9207,177,0
SPY190812P290,2019-08-09,2019-08-09 09:31:21,0.76,0.9268,71,0.75,0.9146,366,0.76,0.9268,2,0.755,0.9207,179,2
SPY190812P290,2019-08-09,2019-08-09 09:31:22,0.77,0.939,381,0.75,0.9146,802,0.76,0.9268,2,0.76,0.9268,179,0
SPY190812P290,2019-08-09,2019-08-09 09:31:22,0.76,0.9268,1,0.75,0.9146,583,0.76,0.9268,2,0.755,0.9207,179,0
SPY190812P290,2019-08-09,2019-08-09 09:31:23,0.77,0.939,220,0.75,0.9146,802,0.76,0.9268,2,0.76,0.9268,179,0
SPY190812P290,2019-08-09,2019-08-09 09:31:23,0.77,0.939,203,0.75,0.9146,814,0.76,0.9268,2,0.76,0.9268,179,0
SPY190812P290,2019-08-09,2019-08-09 09:31:24,0.77,0.939,217,0.75,0.9146,814,0.76,0.9268,2,0.76,0.9268,179,0
SPY190812P290,2019-08-09,2019-08-09 09:31:25,0.76,0.9268,5,0.75,0.9146,824,0.76,0.9268,2,0.755,0.9207,179,0
SPY190812P290,2019-08-09,2019-08-09 09:31:25,0.76,0.9268,111,0.75,0.9146,82,0.76,0.9268,2,0.755,0.9207,179,0
SPY190812P290,2019-08-09,2019-08-09 09:31:26,0.76,0.9268,100,0.75,0.9146,1,0.76,0.9268,2,0.755,0.9207,179,0
SPY190812P290,2019-08-09,2019-08-09 09:31:26,0.76,0.9268,11,0.75,0.9146,82,0.76,0.9268,2,0.755,0.9207,179,0
SPY190812P290,2019-08-09,2019-08-09 09:31:27,0.76,0.9268,214,0.75,0.9146,1,0.76,0.9268,2,0.755,0.9207,179,0
SPY190812P290,2019-08-09,2019-08-09 09:31:28,0.76,0.9268,26,0.75,0.9146,128,0.76,0.9268,2,0.755,0.9207,179,0
SPY190812P290,2019-08-09,2019-08-09 09:31:28,0.76,0.9268,5,0.75,0.9146,647,0.76,0.9268,2,0.755,0.9207,179,0
SPY190812P290,2019-08-09,2019-08-09 09:31:29,0.76,0.9268,5,0.75,0.9146,657,0.76,0.9268,2,0.755,0.9207,179,0
SPY190812P290,2019-08-09,2019-08-09 09:31:30,0.77,0.939,13,0.76,0.9268,28,0.76,0.9268,5,0.765,0.9329,184,0
SPY190812P290,2019-08-09,2019-08-09 09:31:30,0.76,0.9268,5,0.75,0.9146,450,0.76,0.9268,5,0.755,0.9207,184,5
SPY190812P290,2019-08-09,2019-08-09 09:31:31,0.77,0.939,13,0.76,0.9268,592,0.77,0.939,5,0.765,0.9329,189,5
SPY190812P290,2019-08-09,2019-08-09 09:31:31,0.77,0.939,13,0.76,0.9268,457,0.77,0.939,5,0.765,0.9329,189,0
SPY190812P290,2019-08-09,2019-08-09 09:31:32,0.77,0.939,13,0.76,0.9268,554,0.77,0.939,8,0.765,0.9329,197,8
SPY190812P290,2019-08-09,2019-08-09 09:31:32,0.78,0.9512,100,0.77,0.939,450,0.77,0.939,8,0.775,0.9451,197,0
SPY190812P290,2019-08-09,2019-08-09 09:31:33,0.79,0.9634,203,0.77,0.939,630,0.77,0.939,8,0.78,0.9512,197,0
SPY190812P290,2019-08-09,2019-08-09 09:31:33,0.79,0.9634,203,0.77,0.939,801,0.77,0.939,8,0.78,0.9512,197,0
SPY190812P290,2019-08-09,2019-08-09 09:31:34,0.79,0.9634,6,0.78,0.9512,456,0.77,0.939,8,0.785,0.9573,197,0
SPY190812P290,2019-08-09,2019-08-09 09:31:34,0.79,0.9634,5,0.78,0.9512,265,0.77,0.939,8,0.785,0.9573,197,0
SPY190812P290,2019-08-09,2019-08-09 09:31:35,0.79,0.9634,6,0.78,0.9512,289,0.77,0.939,8,0.785,0.9573,197,0
SPY190812P290,2019-08-09,2019-08-09 09:31:35,0.79,0.9634,6,0.78,0.9512,552,0.79,0.9634,1,0.785,0.9573,200,3
SPY190812P290,2019-08-09,2019-08-09 09:31:36,0.8,0.9756,32,0.79,0.9634,264,0.79,0.9634,1,0.795,0.9695,200,0
SPY190812P290,2019-08-09,2019-08-09 09:31:36,0.8,0.9756,111,0.79,0.9634,106,0.79,0.9634,1,0.795,0.9695,200,0
SPY190812P290,2019-08-09,2019-08-09 09:31:37,0.8,0.9756,69,0.79,0.9634,194,0.79,0.9634,1,0.795,0.9695,200,0
SPY190812P290,2019-08-09,2019-08-09 09:31:37,0.8,0.9756,6,0.79,0.9634,144,0.79,0.9634,1,0.795,0.9695,200,0
SPY190812P290,2019-08-09,2019-08-09 09:31:38,0.81,0.9878,5,0.79,0.9634,617,0.79,0.9634,1,0.8,0.9756,200,0
SPY190812P290,2019-08-09,2019-08-09 09:31:38,0.8,0.9756,6,0.79,0.9634,313,0.79,0.9634,1,0.795,0.9695,200,0
SPY190812P290,2019-08-09,2019-08-09 09:31:39,0.82,1.0,5,0.8,0.9756,550,0.79,0.9634,1,0.81,0.9878,200,0
SPY190812P290,2019-08-09,2019-08-09 09:31:39,0.83,1.0121,10,0.79,0.9634,617,0.79,0.9634,1,0.81,0.9878,200,0
SPY190812P290,2019-08-09,2019-08-09 09:31:40,0.81,0.9878,6,0.8,0.9756,343,0.79,0.9634,1,0.805,0.9817,200,0
SPY190812P290,2019-08-09,2019-08-09 09:31:40,0.81,0.9878,6,0.8,0.9756,313,0.79,0.9634,1,0.805,0.9817,200,0
SPY190812P290,2019-08-09,2019-08-09 09:31:41,0.81,0.9878,6,0.8,0.9756,323,0.79,0.9634,1,0.805,0.9817,200,0
SPY190812P290,2019-08-09,2019-08-09 09:31:41,0.84,1.0243,274,0.8,0.9756,83,0.79,0.9634,1,0.82,1.0,200,0
SPY190812P290,2019-08-09,2019-08-09 09:31:42,0.81,0.9878,5,0.79,0.9634,329,0.79,0.9634,1,0.8,0.9756,200,0
SPY190812P290,2019-08-09,2019-08-09 09:31:42,0.81,0.9878,6,0.79,0.9634,51,0.79,0.9634,1,0.8,0.9756,200,0
SPY190812P290,2019-08-09,2019-08-09 09:31:43,0.81,0.9878,5,0.79,0.9634,343,0.79,0.9634,1,0.8,0.9756,200,0
SPY190812P290,2019-08-09,2019-08-09 09:31:43,0.81,0.9878,71,0.8,0.9756,45,0.79,0.9634,1,0.805,0.9817,200,0
SPY190812P290,2019-08-09,2019-08-09 09:31:44,0.81,0.9878,50,0.8,0.9756,45,0.79,0.9634,1,0.805,0.9817,200,0
SPY190812P290,2019-08-09,2019-08-09 09:31:44,0.81,0.9878,50,0.8,0.9756,46,0.79,0.9634,1,0.805,0.9817,200,0
SPY190812P290,2019-08-09,2019-08-09 09:31:45,0.81,0.9878,5,0.8,0.9756,43,0.79,0.9634,1,0.805,0.9817,200,0
SPY190812P290,2019-08-09,2019-08-09 09:31:45,0.81,0.9878,5,0.8,0.9756,46,0.79,0.9634,1,0.805,0.9817,200,0
SPY190812P290,2019-08-09,2019-08-09 09:31:46,0.82,1.0,195,0.8,0.9756,361,0.79,0.9634,1,0.81,0.9878,200,0
SPY190812P290,2019-08-09,2019-08-09 09:31:46,0.82,1.0,195,0.81,0.9878,36,0.79,0.9634,1,0.815,0.9939,200,0
SPY190812P290,2019-08-09,2019-08-09 09:31:47,0.82,1.0,68,0.81,0.9878,260,0.79,0.9634,1,0.815,0.9939,200,0
SPY190812P290,2019-08-09,2019-08-09 09:31:48,0.83,1.0121,248,0.8,0.9756,538,0.79,0.9634,1,0.815,0.9939,200,0
SPY190812P290,2019-08-09,2019-08-09 09:31:49,0.82,1.0,5,0.8,0.9756,528,0.79,0.9634,1,0.81,0.9878,200,0
SPY190812P290,2019-08-09,2019-08-09 09:31:49,0.82,1.0,5,0.81,0.9878,36,0.79,0.9634,1,0.815,0.9939,200,0
SPY190812P290,2019-08-09,2019-08-09 09:31:50,0.82,1.0,5,0.8,0.9756,500,0.79,0.9634,1,0.81,0.9878,200,0
SPY190812P290,2019-08-09,2019-08-09 09:31:51,0.82,1.0,18,0.81,0.9878,8,0.79,0.9634,1,0.815,0.9939,200,0
SPY190812P290,2019-08-09,2019-08-09 09:31:51,0.82,1.0,18,0.8,0.9756,594,0.79,0.9634,1,0.81,0.9878,200,0
SPY190812P290,2019-08-09,2019-08-09 09:31:52,0.83,1.0121,380,0.81,0.9878,6,0.79,0.9634,1,0.82,1.0,200,0
SPY190812P290,2019-08-09,2019-08-09 09:31:52,0.83,1.0121,380,0.82,1.0,27,0.79,0.9634,1,0.825,1.006,200,0
SPY190812P290,2019-08-09,2019-08-09 09:31:53,0.82,1.0,100,0.81,0.9878,56,0.79,0.9634,1,0.815,0.9939,200,0
SPY190812P290,2019-08-09,2019-08-09 09:31:53,0.82,1.0,18,0.81,0.9878,56,0.79,0.9634,1,0.815,0.9939,200,0
SPY190812P290,2019-08-09,2019-08-09 09:31:54,0.82,1.0,100,0.81,0.9878,36,0.79,0.9634,1,0.815,0.9939,200,0
SPY190812P290,2019-08-09,2019-08-09 09:31:54,0.82,1.0,100,0.81,0.9878,46,0.82,1.0,2,0.815,0.9939,202,2
SPY190812P290,2019-08-09,2019-08-09 09:31:55,0.82,1.0,100,0.81,0.9878,48,0.82,1.0,2,0.815,0.9939,202,0
SPY190812P290,2019-08-09,2019-08-09 09:31:55,0.82,1.0,100,0.81,0.9878,44,0.82,1.0,2,0.815,0.9939,202,0
SPY190812P290,2019-08-09,2019-08-09 09:31:56,0.81,0.9878,4,0.8,0.9756,612,0.82,1.0,2,0.805,0.9817,202,0
SPY190812P290,2019-08-09,2019-08-09 09:31:56,0.82,1.0,100,0.8,0.9756,612,0.82,1.0,2,0.81,0.9878,202,0
SPY190812P290,2019-08-09,2019-08-09 09:31:57,0.81,0.9878,4,0.8,0.9756,598,0.82,1.0,2,0.805,0.9817,202,0
SPY190812P290,2019-08-09,2019-08-09 09:31:57,0.81,0.9878,18,0.8,0.9756,289,0.82,1.0,2,0.805,0.9817,202,0
SPY190812P290,2019-08-09,2019-08-09 09:31:58,0.8,0.9756,6,0.78,0.9512,559,0.81,0.9878,18,0.79,0.9634,220,0
SPY190812P290,2019-08-09,2019-08-09 09:31:58,0.81,0.9878,105,0.79,0.9634,18,0.81,0.9878,18,0.8,0.9756,220,18
SPY190812P290,2019-08-09,2019-08-09 09:31:59,0.8,0.9756,5,0.79,0.9634,158,0.81,0.9878,18,0.795,0.9695,220,0
SPY190812P290,2019-08-09,2019-08-09 09:32:00,0.8,0.9756,6,0.79,0.9634,27,0.81,0.9878,18,0.795,0.9695,220,0
SPY190812P290,2019-08-09,2019-08-09 09:32:00,0.8,0.9756,5,0.79,0.9634,77,0.81,0.9878,18,0.795,0.9695,220,0
SPY190812P290,2019-08-09,2019-08-09 09:32:01,0.8,0.9756,27,0.79,0.9634,5,0.81,0.9878,18,0.795,0.9695,220,0
SPY190812P290,2019-08-09,2019-08-09 09:32:01,0.8,0.9756,195,0.79,0.9634,54,0.81,0.9878,18,0.795,0.9695,220,0
SPY190812P290,2019-08-09,2019-08-09 09:32:02,0.8,0.9756,100,0.78,0.9512,576,0.81,0.9878,18,0.79,0.9634,220,0
SPY190812P290,2019-08-09,2019-08-09 09:32:02,0.8,0.9756,100,0.79,0.9634,27,0.79,0.9634,5,0.795,0.9695,225,5
SPY190812P290,2019-08-09,2019-08-09 09:32:03,0.8,0.9756,100,0.78,0.9512,612,0.79,0.9634,5,0.79,0.9634,225,0
SPY190812P290,2019-08-09,2019-08-09 09:32:03,0.8,0.9756,100,0.78,0.9512,627,0.79,0.9634,5,0.79,0.9634,225,0
SPY190812P290,2019-08-09,2019-08-09 09:32:04,0.8,0.9756,21,0.79,0.9634,230,0.79,0.9634,5,0.795,0.9695,225,0
SPY190812P290,2019-08-09,2019-08-09 09:32:04,0.79,0.9634,66,0.78,0.9512,648,0.79,0.9634,5,0.785,0.9573,225,0
SPY190812P290,2019-08-09,2019-08-09 09:32:05,0.79,0.9634,6,0.77,0.939,524,0.79,0.9634,5,0.78,0.9512,225,0
SPY190812P290,2019-08-09,2019-08-09 09:32:05,0.78,0.9512,6,0.77,0.939,243,0.79,0.9634,5,0.775,0.9451,225,0
SPY190812P290,2019-08-09,2019-08-09 09:32:06,0.78,0.9512,11,0.77,0.939,46,0.79,0.9634,5,0.775,0.9451,225,0
SPY190812P290,2019-08-09,2019-08-09 09:32:06,0.78,0.9512,6,0.77,0.939,225,0.79,0.9634,5,0.775,0.9451,225,0
SPY190812P290,2019-08-09,2019-08-09 09:32:07,0.78,0.9512,17,0.76,0.9268,594,0.79,0.9634,5,0.77,0.939,225,0
SPY190812P290,2019-08-09,2019-08-09 09:32:07,0.78,0.9512,100,0.77,0.939,46,0.79,0.9634,5,0.775,0.9451,225,0
SPY190812P290,2019-08-09,2019-08-09 09:32:08,0.78,0.9512,5,0.76,0.9268,570,0.79,0.9634,5,0.77,0.939,225,0
SPY190812P290,2019-08-09,2019-08-09 09:32:09,0.77,0.939,21,0.76,0.9268,5,0.79,0.9634,5,0.765,0.9329,225,0
SPY190812P290,2019-08-09,2019-08-09 09:32:09,0.78,0.9512,5,0.76,0.9268,411,0.79,0.9634,5,0.77,0.939,225,0
SPY190812P290,2019-08-09,2019-08-09 09:32:10,0.78,0.9512,201,0.76,0.9268,294,0.79,0.9634,5,0.77,0.939,225,0
SPY190812P290,2019-08-09,2019-08-09 09:32:10,0.77,0.939,63,0.76,0.9268,21,0.79,0.9634,5,0.765,0.9329,225,0
SPY190812P290,2019-08-09,2019-08-09 09:32:11,0.78,0.9512,100,0.76,0.9268,333,0.79,0.9634,5,0.77,0.939,225,0
SPY190812P290,2019-08-09,2019-08-09 09:32:11,0.78,0.9512,100,0.76,0.9268,350,0.79,0.9634,5,0.77,0.939,225,0
SPY190812P290,2019-08-09,2019-08-09 09:32:12,0.77,0.939,6,0.76,0.9268,231,0.79,0.9634,5,0.765,0.9329,225,0
SPY190812P290,2019-08-09,2019-08-09 09:32:12,0.78,0.9512,11,0.77,0.939,6,0.79,0.9634,5,0.775,0.9451,225,0
SPY190812P290,2019-08-09,2019-08-09 09:32:13,0.77,0.939,100,0.75,0.9146,525,0.79,0.9634,5,0.76,0.9268,225,0
SPY190812P290,2019-08-09,2019-08-09 09:32:13,0.77,0.939,206,0.75,0.9146,525,0.79,0.9634,5,0.76,0.9268,225,0
SPY190812P290,2019-08-09,2019-08-09 09:32:14,0.77,0.939,220,0.75,0.9146,525,0.79,0.9634,5,0.76,0.9268,225,0
SPY190812P290,2019-08-09,2019-08-09 09:32:15,0.77,0.939,6,0.76,0.9268,6,0.79,0.9634,5,0.765,0.9329,225,0
SPY190812P290,2019-08-09,2019-08-09 09:32:15,0.78,0.9512,6,0.76,0.9268,456,0.79,0.9634,5,0.77,0.939,225,0
SPY190812P290,2019-08-09,2019-08-09 09:32:16,0.78,0.9512,5,0.77,0.939,330,0.79,0.9634,5,0.775,0.9451,225,0
SPY190812P290,2019-08-09,2019-08-09 09:32:16,0.79,0.9634,86,0.76,0.9268,574,0.79,0.9634,5,0.775,0.9451,225,0
SPY190812P290,2019-08-09,2019-08-09 09:32:17,0.79,0.9634,17,0.78,0.9512,225,0.79,0.9634,5,0.785,0.9573,225,0
SPY190812P290,2019-08-09,2019-08-09 09:32:17,0.79,0.9634,7,0.78,0.9512,456,0.79,0.9634,5,0.785,0.9573,225,0
SPY190812P290,2019-08-09,2019-08-09 09:32:18,0.79,0.9634,106,0.78,0.9512,450,0.79,0.9634,5,0.785,0.9573,225,0
SPY190812P290,2019-08-09,2019-08-09 09:32:18,0.79,0.9634,100,0.78,0.9512,450,0.79,0.9634,5,0.785,0.9573,225,0
SPY190812P290,2019-08-09,2019-08-09 09:32:19,0.79,0.9634,106,0.78,0.9512,456,0.79,0.9634,5,0.785,0.9573,225,0
SPY190812P290,2019-08-09,2019-08-09 09:32:19,0.79,0.9634,122,0.78,0.9512,450,0.79,0.9634,5,0.785,0.9573,225,0
SPY190812P290,2019-08-09,2019-08-09 09:32:20,0.79,0.9634,100,0.78,0.9512,225,0.79,0.9634,5,0.785,0.9573,225,0
SPY190812P290,2019-08-09,2019-08-09 09:32:20,0.79,0.9634,6,0.78,0.9512,225,0.79,0.9634,5,0.785,0.9573,225,0
SPY190812P290,2019-08-09,2019-08-09 09:32:21,0.79,0.9634,6,0.78,0.9512,225,0.79,0.9634,5,0.785,0.9573,225,0
SPY190812P290,2019-08-09,2019-08-09 09:32:21,0.79,0.9634,211,0.78,0.9512,225,0.79,0.9634,5,0.785,0.9573,225,0
SPY190812P290,2019-08-09,2019-08-09 09:32:22,0.79,0.9634,196,0.78,0.9512,36,0.79,0.9634,5,0.785,0.9573,225,0
SPY190812P290,2019-08-09,2019-08-09 09:32:22,0.79,0.9634,196,0.78,0.9512,225,0.79,0.9634,5,0.785,0.9573,225,0
SPY190812P290,2019-08-09,2019-08-09 09:32:23,0.79,0.9634,6,0.77,0.939,507,0.79,0.9634,5,0.78,0.9512,225,0
SPY190812P290,2019-08-09,2019-08-09 09:32:23,0.79,0.9634,100,0.78,0.9512,36,0.79,0.9634,5,0.785,0.9573,225,0
SPY190812P290,2019-08-09,2019-08-09 09:32:24,0.79,0.9634,6,0.78,0.9512,7,0.79,0.9634,5,0.785,0.9573,225,0
SPY190812P290,2019-08-09,2019-08-09 09:32:24,0.79,0.9634,6,0.77,0.939,507,0.79,0.9634,5,0.78,0.9512,225,0
SPY190812P290,2019-08-09,2019-08-09 09:32:25,0.79,0.9634,1,0.78,0.9512,310,0.79,0.9634,5,0.785,0.9573,225,0
SPY190812P290,2019-08-09,2019-08-09 09:32:25,0.79,0.9634,6,0.78,0.9512,6,0.79,0.9634,5,0.785,0.9573,225,0
SPY190812P290,2019-08-09,2019-08-09 09:32:26,0.79,0.9634,1,0.78,0.9512,657,0.79,0.9634,5,0.785,0.9573,225,0
SPY190812P290,2019-08-09,2019-08-09 09:32:27,0.79,0.9634,1,0.78,0.9512,693,0.79,0.9634,5,0.785,0.9573,225,0
SPY190812P290,2019-08-09,2019-08-09 09:32:27,0.8,0.9756,74,0.79,0.9634,26,0.79,0.9634,1,0.795,0.9695,226,1
SPY190812P290,2019-08-09,2019-08-09 09:32:28,0.8,0.9756,74,0.79,0.9634,233,0.79,0.9634,1,0.795,0.9695,226,0
SPY190812P290,2019-08-09,2019-08-09 09:32:29,0.8,0.9756,5,0.79,0.9634,296,0.79,0.9634,1,0.795,0.9695,226,0
SPY190812P290,2019-08-09,2019-08-09 09:32:30,0.8,0.9756,5,0.79,0.9634,745,0.8,0.9756,5,0.795,0.9695,231,5
SPY190812P290,2019-08-09,2019-08-09 09:32:30,0.8,0.9756,5,0.79,0.9634,574,0.79,0.9634,1,0.795,0.9695,226,0
SPY190812P290,2019-08-09,2019-08-09 09:32:31,0.82,1.0,17,0.8,0.9756,526,0.8,0.9756,5,0.81,0.9878,231,0
SPY190812P290,2019-08-09,2019-08-09 09:32:31,0.82,1.0,17,0.8,0.9756,295,0.8,0.9756,5,0.81,0.9878,231,0
SPY190812P290,2019-08-09,2019-08-09 09:32:32,0.81,0.9878,74,0.8,0.9756,599,0.8,0.9756,5,0.805,0.9817,231,0
SPY190812P290,2019-08-09,2019-08-09 09:32:32,0.81,0.9878,6,0.8,0.9756,506,0.8,0.9756,5,0.805,0.9817,231,0
SPY190812P290,2019-08-09,2019-08-09 09:32:33,0.81,0.9878,74,0.8,0.9756,599,0.8,0.9756,5,0.805,0.9817,231,0
SPY190812P290,2019-08-09,2019-08-09 09:32:33,0.81,0.9878,100,0.8,0.9756,240,0.8,0.9756,5,0.805,0.9817,231,0
SPY190812P290,2019-08-09,2019-08-09 09:32:34,0.8,0.9756,45,0.79,0.9634,609,0.8,0.9756,5,0.795,0.9695,231,0
SPY190812P290,2019-08-09,2019-08-09 09:32:34,0.8,0.9756,6,0.79,0.9634,470,0.8,0.9756,5,0.795,0.9695,231,0
SPY190812P290,2019-08-09,2019-08-09 09:32:35,0.8,0.9756,56,0.79,0.9634,246,0.8,0.9756,5,0.795,0.9695,231,0
SPY190812P290,2019-08-09,2019-08-09 09:32:36,0.8,0.9756,68,0.79,0.9634,250,0.8,0.9756,5,0.795,0.9695,231,0
SPY190812P290,2019-08-09,2019-08-09 09:32:37,0.79,0.9634,6,0.77,0.939,323,0.8,0.9756,5,0.78,0.9512,231,0
SPY190812P290,2019-08-09,2019-08-09 09:32:37,0.79,0.9634,6,0.78,0.9512,50,0.8,0.9756,5,0.785,0.9573,231,0
SPY190812P290,2019-08-09,2019-08-09 09:32:38,0.79,0.9634,6,0.78,0.9512,6,0.8,0.9756,5,0.785,0.9573,231,0
SPY190812P290,2019-08-09,2019-08-09 09:32:38,0.79,0.9634,6,0.77,0.939,538,0.8,0.9756,5,0.78,0.9512,231,0
SPY190812P290,2019-08-09,2019-08-09 09:32:39,0.79,0.9634,195,0.78,0.9512,9,0.8,0.9756,5,0.785,0.9573,231,0
SPY190812P290,2019-08-09,2019-08-09 09:32:39,0.79,0.9634,6,0.78,0.9512,6,0.8,0.9756,5,0.785,0.9573,231,0
SPY190812P290,2019-08-09,2019-08-09 09:32:40,0.79,0.9634,6,0.78,0.9512,6,0.8,0.9756,5,0.785,0.9573,231,0
SPY190812P290,2019-08-09,2019-08-09 09:32:40,0.79,0.9634,6,0.78,0.9512,7,0.8,0.9756,5,0.785,0.9573,231,0
SPY190812P290,2019-08-09,2019-08-09 09:32:41,0.79,0.9634,5,0.78,0.9512,314,0.8,0.9756,5,0.785,0.9573,231,0
SPY190812P290,2019-08-09,2019-08-09 09:32:41,0.8,0.9756,126,0.78,0.9512,6,0.8,0.9756,5,0.79,0.9634,231,0
SPY190812P290,2019-08-09,2019-08-09 09:32:42,0.79,0.9634,295,0.77,0.939,164,0.8,0.9756,5,0.78,0.9512,231,0
SPY190812P290,2019-08-09,2019-08-09 09:32:42,0.8,0.9756,296,0.78,0.9512,600,0.8,0.9756,5,0.79,0.9634,231,0
SPY190812P290,2019-08-09,2019-08-09 09:32:43,0.78,0.9512,5,0.77,0.939,86,0.8,0.9756,5,0.775,0.9451,231,0
SPY190812P290,2019-08-09,2019-08-09 09:32:43,0.79,0.9634,200,0.77,0.939,27,0.8,0.9756,5,0.78,0.9512,231,0
SPY190812P290,2019-08-09,2019-08-09 09:32:44,0.78,0.9512,206,0.77,0.939,26,0.77,0.939,1,0.775,0.9451,232,1
SPY190812P290,2019-08-09,2019-08-09 09:32:44,0.78,0.9512,472,0.75,0.9146,463,0.77,0.939,1,0.765,0.9329,259,27
SPY190812P290,2019-08-09,2019-08-09 09:32:45,0.77,0.939,6,0.75,0.9146,315,0.77,0.939,1,0.76,0.9268,259,0
SPY190812P290,2019-08-09,2019-08-09 09:32:45,0.77,0.939,6,0.75,0.9146,230,0.77,0.939,1,0.76,0.9268,259,0
SPY190812P290,2019-08-09,2019-08-09 09:32:46,0.76,0.9268,11,0.75,0.9146,321,0.77,0.939,1,0.755,0.9207,259,0
SPY190812P290,2019-08-09,2019-08-09 09:32:46,0.77,0.939,72,0.75,0.9146,63,0.77,0.939,1,0.76,0.9268,259,0
SPY190812P290,2019-08-09,2019-08-09 09:32:47,0.76,0.9268,6,0.75,0.9146,244,0.77,0.939,1,0.755,0.9207,259,0
SPY190812P290,2019-08-09,2019-08-09 09:32:48,0.76,0.9268,195,0.75,0.9146,1,0.77,0.939,1,0.755,0.9207,259,0
SPY190812P290,2019-08-09,2019-08-09 09:32:48,0.76,0.9268,6,0.75,0.9146,27,0.77,0.939,1,0.755,0.9207,259,0
SPY190812P290,2019-08-09,2019-08-09 09:32:49,0.76,0.9268,100,0.75,0.9146,1,0.77,0.939,1,0.755,0.9207,259,0
SPY190812P290,2019-08-09,2019-08-09 09:32:50,0.76,0.9268,100,0.75,0.9146,1,0.77,0.939,1,0.755,0.9207,259,0
SPY190812P290,2019-08-09,2019-08-09 09:32:51,0.76,0.9268,71,0.75,0.9146,1,0.77,0.939,1,0.755,0.9207,259,0
SPY190812P290,2019-08-09,2019-08-09 09:32:51,0.76,0.9268,100,0.75,0.9146,1,0.77,0.939,1,0.755,0.9207,259,0
SPY190812P290,2019-08-09,2019-08-09 09:32:52,0.76,0.9268,16,0.75,0.9146,1,0.77,0.939,1,0.755,0.9207,259,0
SPY190812P290,2019-08-09,2019-08-09 09:32:52,0.76,0.9268,100,0.75,0.9146,1,0.77,0.939,1,0.755,0.9207,259,0
SPY190812P290,2019-08-09,2019-08-09 09:32:53,0.76,0.9268,208,0.75,0.9146,1,0.77,0.939,1,0.755,0.9207,259,0
SPY190812P290,2019-08-09,2019-08-09 09:32:53,0.76,0.9268,214,0.75,0.9146,1,0.77,0.939,1,0.755,0.9207,259,0
SPY190812P290,2019-08-09,2019-08-09 09:32:54,0.76,0.9268,100,0.75,0.9146,1,0.77,0.939,1,0.755,0.9207,259,0
SPY190812P290,2019-08-09,2019-08-09 09:32:54,0.76,0.9268,218,0.75,0.9146,1,0.77,0.939,1,0.755,0.9207,259,0
SPY190812P290,2019-08-09,2019-08-09 09:32:55,0.76,0.9268,411,0.75,0.9146,1,0.77,0.939,1,0.755,0.9207,259,0
SPY190812P290,2019-08-09,2019-08-09 09:32:55,0.76,0.9268,233,0.75,0.9146,1,0.77,0.939,1,0.755,0.9207,259,0
SPY190812P290,2019-08-09,2019-08-09 09:32:56,0.74,0.9024,5,0.73,0.8902,172,0.75,0.9146,1,0.735,0.8963,261,0
SPY190812P290,2019-08-09,2019-08-09 09:32:56,0.75,0.9146,56,0.73,0.8902,591,0.75,0.9146,1,0.74,0.9024,261,2
SPY190812P290,2019-08-09,2019-08-09 09:32:57,0.74,0.9024,77,0.73,0.8902,128,0.75,0.9146,1,0.735,0.8963,261,0
SPY190812P290,2019-08-09,2019-08-09 09:32:57,0.74,0.9024,77,0.73,0.8902,99,0.75,0.9146,1,0.735,0.8963,261,0
SPY190812P290,2019-08-09,2019-08-09 09:32:58,0.74,0.9024,71,0.73,0.8902,178,0.75,0.9146,1,0.735,0.8963,261,0
SPY190812P290,2019-08-09,2019-08-09 09:32:58,0.74,0.9024,5,0.73,0.8902,178,0.75,0.9146,1,0.735,0.8963,261,0
SPY190812P290,2019-08-09,2019-08-09 09:32:59,0.74,0.9024,100,0.73,0.8902,11,0.75,0.9146,1,0.735,0.8963,261,0
SPY190812P290,2019-08-09,2019-08-09 09:32:59,0.74,0.9024,100,0.73,0.8902,91,0.75,0.9146,1,0.735,0.8963,261,0
SPY190812P290,2019-08-09,2019-08-09 09:33:00,0.74,0.9024,100,0.73,0.8902,5,0.74,0.9024,25,0.735,0.8963,311,50
SPY190812P290,2019-08-09,2019-08-09 09:33:00,0.74,0.9024,5,0.73,0.8902,56,0.74,0.9024,1,0.735,0.8963,312,1
SPY190812P290,2019-08-09,2019-08-09 09:33:01,0.74,0.9024,77,0.73,0.8902,243,0.74,0.9024,10,0.735,0.8963,322,10
SPY190812P290,2019-08-09,2019-08-09 09:33:01,0.74,0.9024,5,0.73,0.8902,117,0.74,0.9024,1,0.735,0.8963,312,0
SPY190812P290,2019-08-09,2019-08-09 09:33:02,0.74,0.9024,77,0.73,0.8902,243,0.74,0.9024,10,0.735,0.8963,322,0
SPY190812P290,2019-08-09,2019-08-09 09:33:02,0.75,0.9146,33,0.74,0.9024,18,0.74,0.9024,10,0.745,0.9085,322,0
SPY190812P290,2019-08-09,2019-08-09 09:33:03,0.75,0.9146,145,0.74,0.9024,98,0.74,0.9024,10,0.745,0.9085,322,0
SPY190812P290,2019-08-09,2019-08-09 09:33:03,0.75,0.9146,215,0.74,0.9024,134,0.74,0.9024,10,0.745,0.9085,322,0
SPY190812P290,2019-08-09,2019-08-09 09:33:04,0.75,0.9146,7,0.74,0.9024,361,0.74,0.9024,1,0.745,0.9085,323,0
SPY190812P290,2019-08-09,2019-08-09 09:33:04,0.75,0.9146,119,0.74,0.9024,86,0.74,0.9024,1,0.745,0.9085,323,1
SPY190812P290,2019-08-09,2019-08-09 09:33:05,0.75,0.9146,7,0.74,0.9024,490,0.74,0.9024,1,0.745,0.9085,323,0
SPY190812P290,2019-08-09,2019-08-09 09:33:05,0.75,0.9146,18,0.74,0.9024,490,0.74,0.9024,1,0.745,0.9085,323,0
SPY190812P290,2019-08-09,2019-08-09 09:33:06,0.75,0.9146,94,0.74,0.9024,77,0.74,0.9024,1,0.745,0.9085,323,0
SPY190812P290,2019-08-09,2019-08-09 09:33:06,0.75,0.9146,18,0.74,0.9024,111,0.74,0.9024,1,0.745,0.9085,323,0
SPY190812P290,2019-08-09,2019-08-09 09:33:07,0.74,0.9024,5,0.73,0.8902,235,0.74,0.9024,1,0.735,0.8963,323,0
SPY190812P290,2019-08-09,2019-08-09 09:33:08,0.74,0.9024,111,0.73,0.8902,205,0.74,0.9024,1,0.735,0.8963,323,0
SPY190812P290,2019-08-09,2019-08-09 09:33:09,0.74,0.9024,106,0.73,0.8902,115,0.74,0.9024,1,0.735,0.8963,323,0
SPY190812P290,2019-08-09,2019-08-09 09:33:10,0.74,0.9024,5,0.73,0.8902,125,0.74,0.9024,1,0.735,0.8963,323,0
SPY190812P290,2019-08-09,2019-08-09 09:33:10,0.74,0.9024,5,0.73,0.8902,232,0.74,0.9024,1,0.735,0.8963,323,0
SPY190812P290,2019-08-09,2019-08-09 09:33:11,0.75,0.9146,234,0.73,0.8902,341,0.74,0.9024,40,0.74,0.9024,363,0
SPY190812P290,2019-08-09,2019-08-09 09:33:11,0.75,0.9146,272,0.74,0.9024,6,0.74,0.9024,40,0.745,0.9085,363,40
SPY190812P290,2019-08-09,2019-08-09 09:33:12,0.75,0.9146,231,0.73,0.8902,457,0.74,0.9024,40,0.74,0.9024,363,0
SPY190812P290,2019-08-09,2019-08-09 09:33:12,0.75,0.9146,208,0.73,0.8902,388,0.74,0.9024,40,0.74,0.9024,363,0
SPY190812P290,2019-08-09,2019-08-09 09:33:13,0.75,0.9146,211,0.74,0.9024,7,0.74,0.9024,40,0.745,0.9085,363,0
SPY190812P290,2019-08-09,2019-08-09 09:33:13,0.75,0.9146,208,0.74,0.9024,6,0.74,0.9024,40,0.745,0.9085,363,0
SPY190812P290,2019-08-09,2019-08-09 09:33:14,0.76,0.9268,6,0.75,0.9146,97,0.75,0.9146,1,0.755,0.9207,365,0
SPY190812P290,2019-08-09,2019-08-09 09:33:14,0.75,0.9146,61,0.74,0.9024,7,0.75,0.9146,1,0.745,0.9085,365,2
SPY190812P290,2019-08-09,2019-08-09 09:33:15,0.77,0.939,6,0.76,0.9268,6,0.77,0.939,33,0.765,0.9329,520,55
SPY190812P290,2019-08-09,2019-08-09 09:33:15,0.77,0.939,283,0.75,0.9146,479,0.77,0.939,43,0.76,0.9268,465,100
SPY190812P290,2019-08-09,2019-08-09 09:33:16,0.77,0.939,7,0.75,0.9146,482,0.77,0.939,33,0.76,0.9268,520,0
SPY190812P290,2019-08-09,2019-08-09 09:33:17,0.76,0.9268,5,0.75,0.9146,149,0.75,0.9146,4,0.755,0.9207,526,0
SPY190812P290,2019-08-09,2019-08-09 09:33:17,0.76,0.9268,5,0.75,0.9146,783,0.75,0.9146,4,0.755,0.9207,526,6
SPY190812P290,2019-08-09,2019-08-09 09:33:18,0.77,0.939,6,0.75,0.9146,5,0.75,0.9146,4,0.76,0.9268,526,0
SPY190812P290,2019-08-09,2019-08-09 09:33:18,0.76,0.9268,5,0.75,0.9146,149,0.75,0.9146,4,0.755,0.9207,526,0
SPY190812P290,2019-08-09,2019-08-09 09:33:19,0.76,0.9268,218,0.75,0.9146,36,0.75,0.9146,4,0.755,0.9207,526,0
SPY190812P290,2019-08-09,2019-08-09 09:33:19,0.77,0.939,6,0.75,0.9146,40,0.75,0.9146,4,0.76,0.9268,526,0
SPY190812P290,2019-08-09,2019-08-09 09:33:20,0.76,0.9268,203,0.75,0.9146,40,0.75,0.9146,4,0.755,0.9207,526,0
SPY190812P290,2019-08-09,2019-08-09 09:33:20,0.76,0.9268,218,0.75,0.9146,40,0.75,0.9146,4,0.755,0.9207,526,0
SPY190812P290,2019-08-09,2019-08-09 09:33:21,0.76,0.9268,218,0.75,0.9146,5,0.75,0.9146,4,0.755,0.9207,526,0
SPY190812P290,2019-08-09,2019-08-09 09:33:22,0.76,0.9268,190,0.75,0.9146,7,0.75,0.9146,4,0.755,0.9207,526,0
SPY190812P290,2019-08-09,2019-08-09 09:33:22,0.76,0.9268,273,0.75,0.9146,5,0.75,0.9146,4,0.755,0.9207,526,0
SPY190812P290,2019-08-09,2019-08-09 09:33:23,0.76,0.9268,396,0.75,0.9146,5,0.75,0.9146,4,0.755,0.9207,526,0
SPY190812P290,2019-08-09,2019-08-09 09:33:23,0.76,0.9268,406,0.75,0.9146,5,0.75,0.9146,4,0.755,0.9207,526,0
SPY190812P290,2019-08-09,2019-08-09 09:33:24,0.76,0.9268,91,0.73,0.8902,225,0.75,0.9146,5,0.745,0.9085,536,10
SPY190812P290,2019-08-09,2019-08-09 09:33:24,0.76,0.9268,396,0.75,0.9146,5,0.75,0.9146,4,0.755,0.9207,526,0
SPY190812P290,2019-08-09,2019-08-09 09:33:25,0.75,0.9146,161,0.73,0.8902,253,0.75,0.9146,5,0.74,0.9024,536,0
SPY190812P290,2019-08-09,2019-08-09 09:33:25,0.75,0.9146,5,0.73,0.8902,253,0.75,0.9146,5,0.74,0.9024,536,0
SPY190812P290,2019-08-09,2019-08-09 09:33:26,0.75,0.9146,100,0.74,0.9024,6,0.75,0.9146,5,0.745,0.9085,536,0
SPY190812P290,2019-08-09,2019-08-09 09:33:27,0.75,0.9146,18,0.74,0.9024,36,0.75,0.9146,5,0.745,0.9085,536,0
SPY190812P290,2019-08-09,2019-08-09 09:33:28,0.75,0.9146,100,0.74,0.9024,36,0.75,0.9146,5,0.745,0.9085,536,0
SPY190812P290,2019-08-09,2019-08-09 09:33:28,0.76,0.9268,396,0.75,0.9146,6,0.75,0.9146,5,0.755,0.9207,536,0
SPY190812P290,2019-08-09,2019-08-09 09:33:29,0.76,0.9268,100,0.75,0.9146,57,0.75,0.9146,5,0.755,0.9207,536,0
SPY190812P290,2019-08-09,2019-08-09 09:33:29,0.76,0.9268,100,0.75,0.9146,45,0.75,0.9146,5,0.755,0.9207,536,0
SPY190812P290,2019-08-09,2019-08-09 09:33:30,0.76,0.9268,5,0.75,0.9146,6,0.75,0.9146,5,0.755,0.9207,536,0
SPY190812P290,2019-08-09,2019-08-09 09:33:31,0.76,0.9268,5,0.75,0.9146,6,0.75,0.9146,5,0.755,0.9207,536,0
SPY190812P290,2019-08-09,2019-08-09 09:33:31,0.76,0.9268,5,0.75,0.9146,23,0.75,0.9146,5,0.755,0.9207,536,0
SPY190812P290,2019-08-09,2019-08-09 09:33:32,0.76,0.9268,5,0.75,0.9146,23,0.75,0.9146,5,0.755,0.9207,536,0
SPY190812P290,2019-08-09,2019-08-09 09:33:32,0.77,0.939,303,0.75,0.9146,195,0.75,0.9146,5,0.76,0.9268,536,0
SPY190812P290,2019-08-09,2019-08-09 09:33:33,0.77,0.939,303,0.75,0.9146,195,0.75,0.9146,5,0.76,0.9268,536,0
SPY190812P290,2019-08-09,2019-08-09 09:33:34,0.76,0.9268,1,0.75,0.9146,309,0.75,0.9146,5,0.755,0.9207,536,0
SPY190812P290,2019-08-09,2019-08-09 09:33:34,0.76,0.9268,1,0.75,0.9146,21,0.75,0.9146,5,0.755,0.9207,536,0
SPY190812P290,2019-08-09,2019-08-09 09:33:35,0.76,0.9268,1,0.75,0.9146,724,0.75,0.9146,5,0.755,0.9207,536,0
SPY190812P290,2019-08-09,2019-08-09 09:33:35,0.76,0.9268,1,0.75,0.9146,732,0.75,0.9146,5,0.755,0.9207,536,0
SPY190812P290,2019-08-09,2019-08-09 09:33:36,0.77,0.939,273,0.75,0.9146,218,0.76,0.9268,1,0.76,0.9268,537,0
SPY190812P290,2019-08-09,2019-08-09 09:33:36,0.77,0.939,203,0.75,0.9146,688,0.76,0.9268,1,0.76,0.9268,537,1
SPY190812P290,2019-08-09,2019-08-09 09:33:37,0.76,0.9268,2,0.75,0.9146,378,0.76,0.9268,1,0.755,0.9207,537,0
SPY190812P290,2019-08-09,2019-08-09 09:33:37,0.76,0.9268,2,0.75,0.9146,309,0.76,0.9268,1,0.755,0.9207,537,0
SPY190812P290,2019-08-09,2019-08-09 09:33:38,0.76,0.9268,1,0.75,0.9146,302,0.76,0.9268,1,0.755,0.9207,538,1
SPY190812P290,2019-08-09,2019-08-09 09:33:38,0.76,0.9268,2,0.75,0.9146,225,0.76,0.9268,1,0.755,0.9207,537,0
SPY190812P290,2019-08-09,2019-08-09 09:33:39,0.77,0.939,142,0.76,0.9268,52,0.76,0.9268,1,0.765,0.9329,538,0
SPY190812P290,2019-08-09,2019-08-09 09:33:39,0.77,0.939,5,0.76,0.9268,21,0.76,0.9268,1,0.765,0.9329,539,1
SPY190812P290,2019-08-09,2019-08-09 09:33:40,0.77,0.939,5,0.76,0.9268,7,0.76,0.9268,1,0.765,0.9329,539,0
SPY190812P290,2019-08-09,2019-08-09 09:33:40,0.77,0.939,5,0.76,0.9268,225,0.76,0.9268,1,0.765,0.9329,539,0
SPY190812P290,2019-08-09,2019-08-09 09:33:41,0.77,0.939,5,0.76,0.9268,415,0.77,0.939,1,0.765,0.9329,541,1
SPY190812P290,2019-08-09,2019-08-09 09:33:41,0.77,0.939,5,0.77,0.939,6,0.77,0.939,1,0.77,0.939,540,1
SPY190812P290,2019-08-09,2019-08-09 09:33:42,0.78,0.9512,203,0.77,0.939,1,0.77,0.939,1,0.775,0.9451,542,1
SPY190812P290,2019-08-09,2019-08-09 09:33:42,0.77,0.939,25,0.76,0.9268,366,0.77,0.939,1,0.765,0.9329,542,0
SPY190812P290,2019-08-09,2019-08-09 09:33:43,0.78,0.9512,100,0.76,0.9268,616,0.77,0.939,1,0.77,0.939,542,0
SPY190812P290,2019-08-09,2019-08-09 09:33:43,0.78,0.9512,100,0.76,0.9268,618,0.77,0.939,1,0.77,0.939,542,0
SPY190812P290,2019-08-09,2019-08-09 09:33:44,0.78,0.9512,100,0.76,0.9268,292,0.77,0.939,1,0.77,0.939,542,0
SPY190812P290,2019-08-09,2019-08-09 09:33:44,0.78,0.9512,209,0.76,0.9268,707,0.77,0.939,1,0.77,0.939,542,0
SPY190812P290,2019-08-09,2019-08-09 09:33:45,0.79,0.9634,299,0.77,0.939,95,0.77,0.939,1,0.78,0.9512,542,0
SPY190812P290,2019-08-09,2019-08-09 09:33:45,0.79,0.9634,330,0.77,0.939,119,0.77,0.939,1,0.78,0.9512,542,0
SPY190812P290,2019-08-09,2019-08-09 09:33:46,0.77,0.939,5,0.76,0.9268,225,0.77,0.939,1,0.765,0.9329,542,0
SPY190812P290,2019-08-09,2019-08-09 09:33:46,0.78,0.9512,18,0.77,0.939,12,0.77,0.939,1,0.775,0.9451,542,0
SPY190812P290,2019-08-09,2019-08-09 09:33:47,0.77,0.939,345,0.74,0.9024,311,0.77,0.939,1,0.755,0.9207,542,0
SPY190812P290,2019-08-09,2019-08-09 09:33:47,0.79,0.9634,348,0.75,0.9146,18,0.77,0.939,1,0.77,0.939,542,0
SPY190812P290,2019-08-09,2019-08-09 09:33:48,0.76,0.9268,9,0.74,0.9024,85,0.77,0.939,1,0.75,0.9146,542,0
SPY190812P290,2019-08-09,2019-08-09 09:33:48,0.75,0.9146,18,0.74,0.9024,41,0.77,0.939,1,0.745,0.9085,542,0
SPY190812P290,2019-08-09,2019-08-09 09:33:49,0.75,0.9146,6,0.73,0.8902,225,0.77,0.939,1,0.74,0.9024,542,0
SPY190812P290,2019-08-09,2019-08-09 09:33:49,0.75,0.9146,260,0.73,0.8902,158,0.73,0.8902,5,0.74,0.9024,552,10
SPY190812P290,2019-08-09,2019-08-09 09:33:50,0.75,0.9146,265,0.73,0.8902,163,0.75,0.9146,12,0.74,0.9024,564,12
SPY190812P290,2019-08-09,2019-08-09 09:33:50,0.74,0.9024,18,0.73,0.8902,136,0.75,0.9146,12,0.735,0.8963,564,0
SPY190812P290,2019-08-09,2019-08-09 09:33:51,0.74,0.9024,5,0.73,0.8902,1,0.75,0.9146,12,0.735,0.8963,564,0
SPY190812P290,2019-08-09,2019-08-09 09:33:51,0.74,0.9024,18,0.73,0.8902,36,0.75,0.9146,12,0.735,0.8963,564,0
SPY190812P290,2019-08-09,2019-08-09 09:33:52,0.74,0.9024,12,0.73,0.8902,18,0.74,0.9024,3,0.735,0.8963,567,3
SPY190812P290,2019-08-09,2019-08-09 09:33:52,0.74,0.9024,1,0.73,0.8902,7,0.75,0.9146,12,0.735,0.8963,564,0
SPY190812P290,2019-08-09,2019-08-09 09:33:53,0.74,0.9024,100,0.73,0.8902,37,0.74,0.9024,3,0.735,0.8963,567,0
SPY190812P290,2019-08-09,2019-08-09 09:33:53,0.74,0.9024,5,0.73,0.8902,40,0.74,0.9024,3,0.735,0.8963,567,0
SPY190812P290,2019-08-09,2019-08-09 09:33:54,0.73,0.8902,5,0.72,0.878,127,0.74,0.9024,1,0.725,0.8841,568,1
SPY190812P290,2019-08-09,2019-08-09 09:33:54,0.74,0.9024,18,0.73,0.8902,48,0.74,0.9024,3,0.735,0.8963,567,0
SPY190812P290,2019-08-09,2019-08-09 09:33:55,0.73,0.8902,5,0.73,0.8902,40,0.74,0.9024,1,0.73,0.8902,568,0
SPY190812P290,2019-08-09,2019-08-09 09:33:55,0.73,0.8902,5,0.73,0.8902,36,0.74,0.9024,1,0.73,0.8902,568,0
SPY190812P290,2019-08-09,2019-08-09 09:33:56,0.74,0.9024,100,0.73,0.8902,1,0.73,0.8902,1,0.735,0.8963,569,0
SPY190812P290,2019-08-09,2019-08-09 09:33:56,0.73,0.8902,5,0.73,0.8902,36,0.73,0.8902,1,0.73,0.8902,569,1
SPY190812P290,2019-08-09,2019-08-09 09:33:57,0.73,0.8902,5,0.72,0.878,300,0.73,0.8902,1,0.725,0.8841,569,0
SPY190812P290,2019-08-09,2019-08-09 09:33:57,0.73,0.8902,5,0.72,0.878,420,0.73,0.8902,1,0.725,0.8841,569,0
SPY190812P290,2019-08-09,2019-08-09 09:33:58,0.74,0.9024,203,0.73,0.8902,18,0.73,0.8902,1,0.735,0.8963,569,0
SPY190812P290,2019-08-09,2019-08-09 09:33:59,0.74,0.9024,100,0.73,0.8902,42,0.73,0.8902,1,0.735,0.8963,569,0
SPY190812P290,2019-08-09,2019-08-09 09:33:59,0.74,0.9024,100,0.73,0.8902,6,0.73,0.8902,1,0.735,0.8963,569,0
SPY190812P290,2019-08-09,2019-08-09 09:34:00,0.74,0.9024,5,0.73,0.8902,113,0.73,0.8902,1,0.735,0.8963,569,0
SPY190812P290,2019-08-09,2019-08-09 09:34:00,0.74,0.9024,5,0.73,0.8902,116,0.73,0.8902,1,0.735,0.8963,569,0
SPY190812P290,2019-08-09,2019-08-09 09:34:01,0.74,0.9024,6,0.73,0.8902,6,0.73,0.8902,1,0.735,0.8963,569,0
SPY190812P290,2019-08-09,2019-08-09 09:34:01,0.74,0.9024,6,0.72,0.878,390,0.73,0.8902,1,0.73,0.8902,569,0
SPY190812P290,2019-08-09,2019-08-09 09:34:02,0.74,0.9024,150,0.72,0.878,303,0.73,0.8902,1,0.73,0.8902,569,0
SPY190812P290,2019-08-09,2019-08-09 09:34:02,0.74,0.9024,150,0.72,0.878,359,0.73,0.8902,1,0.73,0.8902,569,0
SPY190812P290,2019-08-09,2019-08-09 09:34:03,0.73,0.8902,6,0.72,0.878,312,0.73,0.8902,1,0.725,0.8841,569,0
SPY190812P290,2019-08-09,2019-08-09 09:34:03,0.73,0.8902,5,0.72,0.878,312,0.73,0.8902,1,0.725,0.8841,569,0
SPY190812P290,2019-08-09,2019-08-09 09:34:04,0.73,0.8902,5,0.72,0.878,225,0.73,0.8902,1,0.725,0.8841,569,0
SPY190812P290,2019-08-09,2019-08-09 09:34:04,0.73,0.8902,18,0.72,0.878,251,0.73,0.8902,1,0.725,0.8841,569,0
SPY190812P290,2019-08-09,2019-08-09 09:34:05,0.73,0.8902,6,0.71,0.8658,225,0.73,0.8902,1,0.72,0.878,569,0
SPY190812P290,2019-08-09,2019-08-09 09:34:06,0.72,0.878,5,0.71,0.8658,57,0.73,0.8902,1,0.715,0.8719,569,0
SPY190812P290,2019-08-09,2019-08-09 09:34:06,0.72,0.878,5,0.71,0.8658,18,0.73,0.8902,1,0.715,0.8719,569,0
SPY190812P290,2019-08-09,2019-08-09 09:34:07,0.72,0.878,50,0.71,0.8658,6,0.73,0.8902,1,0.715,0.8719,569,0
SPY190812P290,2019-08-09,2019-08-09 09:34:07,0.72,0.878,62,0.71,0.8658,57,0.73,0.8902,1,0.715,0.8719,569,0
SPY190812P290,2019-08-09,2019-08-09 09:34:08,0.72,0.878,10,0.71,0.8658,6,0.73,0.8902,1,0.715,0.8719,569,0
SPY190812P290,2019-08-09,2019-08-09 09:34:08,0.72,0.878,10,0.71,0.8658,18,0.73,0.8902,1,0.715,0.8719,569,0
SPY190812P290,2019-08-09,2019-08-09 09:34:09,0.72,0.878,10,0.71,0.8658,6,0.73,0.8902,1,0.715,0.8719,569,0
SPY190812P290,2019-08-09,2019-08-09 09:34:09,0.72,0.878,10,0.71,0.8658,80,0.73,0.8902,1,0.715,0.8719,569,0
SPY190812P290,2019-08-09,2019-08-09 09:34:10,0.72,0.878,10,0.71,0.8658,195,0.73,0.8902,1,0.715,0.8719,569,0
SPY190812P290,2019-08-09,2019-08-09 09:34:10,0.72,0.878,10,0.71,0.8658,225,0.73,0.8902,1,0.715,0.8719,569,0
SPY190812P290,2019-08-09,2019-08-09 09:34:11,0.72,0.878,10,0.71,0.8658,448,0.72,0.878,1,0.715,0.8719,570,1
SPY190812P290,2019-08-09,2019-08-09 09:34:11,0.73,0.8902,6,0.72,0.878,101,0.72,0.878,5,0.725,0.8841,575,5
SPY190812P290,2019-08-09,2019-08-09 09:34:12,0.73,0.8902,6,0.72,0.878,101,0.72,0.878,5,0.725,0.8841,575,0
SPY190812P290,2019-08-09,2019-08-09 09:34:12,0.73,0.8902,18,0.72,0.878,92,0.72,0.878,5,0.725,0.8841,575,0
SPY190812P290,2019-08-09,2019-08-09 09:34:13,0.73,0.8902,5,0.72,0.878,125,0.73,0.8902,5,0.725,0.8841,580,5
SPY190812P290,2019-08-09,2019-08-09 09:34:13,0.73,0.8902,17,0.72,0.878,97,0.72,0.878,5,0.725,0.8841,575,0
SPY190812P290,2019-08-09,2019-08-09 09:34:14,0.74,0.9024,6,0.73,0.8902,304,0.73,0.8902,5,0.735,0.8963,585,0
SPY190812P290,2019-08-09,2019-08-09 09:34:14,0.75,0.9146,100,0.73,0.8902,225,0.73,0.8902,5,0.74,0.9024,585,5
SPY190812P290,2019-08-09,2019-08-09 09:34:15,0.74,0.9024,68,0.73,0.8902,92,0.73,0.8902,5,0.735,0.8963,585,0
SPY190812P290,2019-08-09,2019-08-09 09:34:15,0.73,0.8902,5,0.72,0.878,592,0.73,0.8902,5,0.725,0.8841,585,0
SPY190812P290,2019-08-09,2019-08-09 09:34:16,0.74,0.9024,195,0.73,0.8902,12,0.73,0.8902,5,0.735,0.8963,585,0
SPY190812P290,2019-08-09,2019-08-09 09:34:16,0.74,0.9024,18,0.73,0.8902,12,0.73,0.8902,5,0.735,0.8963,585,0
SPY190812P290,2019-08-09,2019-08-09 09:34:17,0.74,0.9024,100,0.73,0.8902,12,0.73,0.8902,5,0.735,0.8963,585,0
SPY190812P290,2019-08-09,2019-08-09 09:34:17,0.74,0.9024,200,0.73,0.8902,12,0.73,0.8902,5,0.735,0.8963,585,0
SPY190812P290,2019-08-09,2019-08-09 09:34:18,0.74,0.9024,6,0.73,0.8902,100,0.73,0.8902,5,0.735,0.8963,585,0
SPY190812P290,2019-08-09,2019-08-09 09:34:18,0.74,0.9024,56,0.73,0.8902,12,0.73,0.8902,5,0.735,0.8963,585,0
SPY190812P290,2019-08-09,2019-08-09 09:34:19,0.73,0.8902,18,0.72,0.878,254,0.73,0.8902,5,0.725,0.8841,585,0
SPY190812P290,2019-08-09,2019-08-09 09:34:19,0.73,0.8902,6,0.72,0.878,254,0.73,0.8902,5,0.725,0.8841,585,0
SPY190812P290,2019-08-09,2019-08-09 09:34:20,0.73,0.8902,5,0.72,0.878,195,0.73,0.8902,10,0.725,0.8841,595,10
SPY190812P290,2019-08-09,2019-08-09 09:34:20,0.73,0.8902,5,0.72,0.878,254,0.73,0.8902,5,0.725,0.8841,585,0
SPY190812P290,2019-08-09,2019-08-09 09:34:21,0.73,0.8902,6,0.72,0.878,113,0.73,0.8902,10,0.725,0.8841,595,0
SPY190812P290,2019-08-09,2019-08-09 09:34:21,0.73,0.8902,100,0.72,0.878,125,0.73,0.8902,10,0.725,0.8841,595,0
SPY190812P290,2019-08-09,2019-08-09 09:34:22,0.73,0.8902,7,0.72,0.878,98,0.73,0.8902,10,0.725,0.8841,595,0
SPY190812P290,2019-08-09,2019-08-09 09:34:22,0.73,0.8902,18,0.72,0.878,113,0.73,0.8902,10,0.725,0.8841,595,0
SPY190812P290,2019-08-09,2019-08-09 09:34:23,0.72,0.878,5,0.72,0.878,12,0.73,0.8902,10,0.72,0.878,595,0
SPY190812P290,2019-08-09,2019-08-09 09:34:24,0.72,0.878,6,0.7,0.8536,476,0.73,0.8902,10,0.71,0.8658,595,0
SPY190812P290,2019-08-09,2019-08-09 09:34:24,0.72,0.878,7,0.7,0.8536,303,0.73,0.8902,10,0.71,0.8658,595,0
SPY190812P290,2019-08-09,2019-08-09 09:34:25,0.71,0.8658,5,0.71,0.8658,4,0.73,0.8902,10,0.71,0.8658,595,0
SPY190812P290,2019-08-09,2019-08-09 09:34:25,0.72,0.878,100,0.71,0.8658,4,0.73,0.8902,10,0.715,0.8719,595,0
SPY190812P290,2019-08-09,2019-08-09 09:34:26,0.73,0.8902,203,0.71,0.8658,304,0.73,0.8902,10,0.72,0.878,595,0
SPY190812P290,2019-08-09,2019-08-09 09:34:26,0.72,0.878,6,0.71,0.8658,33,0.73,0.8902,10,0.715,0.8719,595,0
SPY190812P290,2019-08-09,2019-08-09 09:34:27,0.72,0.878,5,0.71,0.8658,382,0.73,0.8902,10,0.715,0.8719,595,0
SPY190812P290,2019-08-09,2019-08-09 09:34:27,0.73,0.8902,203,0.72,0.878,39,0.73,0.8902,10,0.725,0.8841,595,0
SPY190812P290,2019-08-09,2019-08-09 09:34:28,0.73,0.8902,123,0.72,0.878,6,0.73,0.8902,10,0.725,0.8841,595,0
SPY190812P290,2019-08-09,2019-08-09 09:34:28,0.73,0.8902,128,0.72,0.878,6,0.73,0.8902,10,0.725,0.8841,595,0
SPY190812P290,2019-08-09,2019-08-09 09:34:29,0.73,0.8902,123,0.72,0.878,7,0.73,0.8902,10,0.725,0.8841,595,0
SPY190812P290,2019-08-09,2019-08-09 09:34:29,0.73,0.8902,5,0.72,0.878,7,0.73,0.8902,10,0.725,0.8841,595,0
SPY190812P290,2019-08-09,2019-08-09 09:34:30,0.73,0.8902,5,0.72,0.878,6,0.73,0.8902,10,0.725,0.8841,595,0
SPY190812P290,2019-08-09,2019-08-09 09:34:30,0.73,0.8902,5,0.72,0.878,9,0.73,0.8902,10,0.725,0.8841,595,0
SPY190812P290,2019-08-09,2019-08-09 09:34:31,0.73,0.8902,6,0.72,0.878,36,0.73,0.8902,10,0.725,0.8841,595,0
SPY190812P290,2019-08-09,2019-08-09 09:34:31,0.73,0.8902,100,0.71,0.8658,339,0.73,0.8902,10,0.72,0.878,595,0
SPY190812P290,2019-08-09,2019-08-09 09:34:32,0.73,0.8902,100,0.71,0.8658,225,0.73,0.8902,10,0.72,0.878,595,0
SPY190812P290,2019-08-09,2019-08-09 09:34:32,0.72,0.878,5,0.71,0.8658,289,0.73,0.8902,10,0.715,0.8719,595,0
SPY190812P290,2019-08-09,2019-08-09 09:34:33,0.72,0.878,6,0.71,0.8658,7,0.73,0.8902,10,0.715,0.8719,595,0
SPY190812P290,2019-08-09,2019-08-09 09:34:34,0.72,0.878,6,0.71,0.8658,1,0.73,0.8902,10,0.715,0.8719,595,0
SPY190812P290,2019-08-09,2019-08-09 09:34:34,0.72,0.878,110,0.71,0.8658,28,0.73,0.8902,10,0.715,0.8719,595,0
SPY190812P290,2019-08-09,2019-08-09 09:34:35,0.72,0.878,18,0.71,0.8658,35,0.73,0.8902,10,0.715,0.8719,595,0
SPY190812P290,2019-08-09,2019-08-09 09:34:35,0.72,0.878,27,0.71,0.8658,18,0.73,0.8902,10,0.715,0.8719,595,0
SPY190812P290,2019-08-09,2019-08-09 09:34:36,0.72,0.878,197,0.71,0.8658,6,0.73,0.8902,10,0.715,0.8719,595,0
SPY190812P290,2019-08-09,2019-08-09 09:34:37,0.72,0.878,404,0.71,0.8658,18,0.72,0.878,50,0.715,0.8719,645,50
SPY190812P290,2019-08-09,2019-08-09 09:34:37,0.72,0.878,407,0.71,0.8658,36,0.72,0.878,50,0.715,0.8719,645,0
SPY190812P290,2019-08-09,2019-08-09 09:34:38,0.71,0.8658,5,0.71,0.8658,36,0.72,0.878,50,0.71,0.8658,645,0
SPY190812P290,2019-08-09,2019-08-09 09:34:38,0.71,0.8658,125,0.7,0.8536,151,0.72,0.878,50,0.705,0.8597,645,0
SPY190812P290,2019-08-09,2019-08-09 09:34:39,0.71,0.8658,125,0.7,0.8536,136,0.72,0.878,50,0.705,0.8597,645,0
SPY190812P290,2019-08-09,2019-08-09 09:34:39,0.71,0.8658,219,0.7,0.8536,52,0.72,0.878,50,0.705,0.8597,645,0
SPY190812P290,2019-08-09,2019-08-09 09:34:40,0.71,0.8658,283,0.7,0.8536,36,0.72,0.878,50,0.705,0.8597,645,0
SPY190812P290,2019-08-09,2019-08-09 09:34:40,0.71,0.8658,219,0.7,0.8536,36,0.72,0.878,50,0.705,0.8597,645,0
SPY190812P290,2019-08-09,2019-08-09 09:34:41,0.71,0.8658,283,0.69,0.8414,807,0.72,0.878,50,0.7,0.8536,645,0
SPY190812P290,2019-08-09,2019-08-09 09:34:41,0.71,0.8658,120,0.7,0.8536,36,0.72,0.878,50,0.705,0.8597,645,0
SPY190812P290,2019-08-09,2019-08-09 09:34:42,0.7,0.8536,100,0.68,0.8292,460,0.7,0.8536,6,0.69,0.8414,651,6
SPY190812P290,2019-08-09,2019-08-09 09:34:42,0.71,0.8658,328,0.7,0.8536,36,0.72,0.878,50,0.705,0.8597,645,0
SPY190812P290,2019-08-09,2019-08-09 09:34:43,0.7,0.8536,203,0.68,0.8292,593,0.7,0.8536,6,0.69,0.8414,651,0
SPY190812P290,2019-08-09,2019-08-09 09:34:43,0.7,0.8536,100,0.68,0.8292,593,0.7,0.8536,6,0.69,0.8414,651,0
SPY190812P290,2019-08-09,2019-08-09 09:34:44,0.69,0.8414,1,0.68,0.8292,449,0.7,0.8536,6,0.685,0.8353,651,0
SPY190812P290,2019-08-09,2019-08-09 09:34:44,0.69,0.8414,1,0.68,0.8292,577,0.7,0.8536,6,0.685,0.8353,651,0
SPY190812P290,2019-08-09,2019-08-09 09:34:45,0.69,0.8414,5,0.68,0.8292,6,0.7,0.8536,6,0.685,0.8353,651,0
SPY190812P290,2019-08-09,2019-08-09 09:34:45,0.69,0.8414,1,0.68,0.8292,363,0.7,0.8536,6,0.685,0.8353,651,0
SPY190812P290,2019-08-09,2019-08-09 09:34:46,0.69,0.8414,5,0.68,0.8292,6,0.7,0.8536,6,0.685,0.8353,651,0
SPY190812P290,2019-08-09,2019-08-09 09:34:46,0.69,0.8414,6,0.68,0.8292,6,0.7,0.8536,6,0.685,0.8353,651,0
SPY190812P290,2019-08-09,2019-08-09 09:34:47,0.69,0.8414,218,0.68,0.8292,6,0.7,0.8536,6,0.685,0.8353,651,0
SPY190812P290,2019-08-09,2019-08-09 09:34:47,0.69,0.8414,100,0.68,0.8292,7,0.7,0.8536,6,0.685,0.8353,651,0
SPY190812P290,2019-08-09,2019-08-09 09:34:48,0.69,0.8414,5,0.68,0.8292,6,0.7,0.8536,6,0.685,0.8353,651,0
SPY190812P290,2019-08-09,2019-08-09 09:34:49,0.69,0.8414,12,0.68,0.8292,6,0.7,0.8536,6,0.685,0.8353,651,0
SPY190812P290,2019-08-09,2019-08-09 09:34:49,0.69,0.8414,5,0.68,0.8292,6,0.7,0.8536,6,0.685,0.8353,651,0
SPY190812P290,2019-08-09,2019-08-09 09:34:50,0.69,0.8414,100,0.68,0.8292,120,0.69,0.8414,1,0.685,0.8353,652,1
SPY190812P290,2019-08-09,2019-08-09 09:34:50,0.7,0.8536,6,0.68,0.8292,496,0.69,0.8414,1,0.69,0.8414,652,0
SPY190812P290,2019-08-09,2019-08-09 09:34:51,0.69,0.8414,115,0.68,0.8292,6,0.69,0.8414,1,0.685,0.8353,652,0
SPY190812P290,2019-08-09,2019-08-09 09:34:51,0.69,0.8414,115,0.68,0.8292,1,0.69,0.8414,1,0.685,0.8353,652,0
SPY190812P290,2019-08-09,2019-08-09 09:34:52,0.69,0.8414,115,0.68,0.8292,1,0.69,0.8414,1,0.685,0.8353,652,0
SPY190812P290,2019-08-09,2019-08-09 09:34:52,0.69,0.8414,115,0.67,0.817,475,0.69,0.8414,1,0.68,0.8292,652,0
SPY190812P290,2019-08-09,2019-08-09 09:34:53,0.68,0.8292,5,0.67,0.817,374,0.69,0.8414,1,0.675,0.8231,652,0
SPY190812P290,2019-08-09,2019-08-09 09:34:53,0.68,0.8292,7,0.67,0.817,328,0.69,0.8414,1,0.675,0.8231,652,0
SPY190812P290,2019-08-09,2019-08-09 09:34:54,0.68,0.8292,56,0.67,0.817,284,0.69,0.8414,1,0.675,0.8231,652,0
SPY190812P290,2019-08-09,2019-08-09 09:34:54,0.68,0.8292,56,0.67,0.817,374,0.69,0.8414,1,0.675,0.8231,652,0
SPY190812P290,2019-08-09,2019-08-09 09:34:55,0.68,0.8292,98,0.67,0.817,284,0.69,0.8414,1,0.675,0.8231,652,0
SPY190812P290,2019-08-09,2019-08-09 09:34:56,0.68,0.8292,45,0.67,0.817,157,0.67,0.817,5,0.675,0.8231,657,5
SPY190812P290,2019-08-09,2019-08-09 09:34:57,0.68,0.8292,221,0.67,0.817,7,0.67,0.817,5,0.675,0.8231,657,0
SPY190812P290,2019-08-09,2019-08-09 09:34:58,0.68,0.8292,212,0.67,0.817,106,0.67,0.817,5,0.675,0.8231,657,0
SPY190812P290,2019-08-09,2019-08-09 09:34:59,0.68,0.8292,100,0.67,0.817,106,0.67,0.817,5,0.675,0.8231,657,0
SPY190812P290,2019-08-09,2019-08-09 09:35:00,0.68,0.8292,7,0.67,0.817,7,0.67,0.817,5,0.675,0.8231,657,0
SPY190812P290,2019-08-09,2019-08-09 09:35:01,0.68,0.8292,100,0.66,0.8048,731,0.67,0.817,5,0.67,0.817,657,0
SPY190812P290,2019-08-09,2019-08-09 09:35:02,0.68,0.8292,3,0.67,0.817,6,0.67,0.817,5,0.675,0.8231,657,0
SPY190812P290,2019-08-09,2019-08-09 09:35:02,0.68,0.8292,100,0.67,0.817,100,0.67,0.817,5,0.675,0.8231,657,0
SPY190812P290,2019-08-09,2019-08-09 09:35:03,0.68,0.8292,8,0.67,0.817,121,0.67,0.817,5,0.675,0.8231,657,0
SPY190812P290,2019-08-09,2019-08-09 09:35:06,0.69,0.8414,5,0.68,0.8292,527,0.68,0.8292,2,0.685,0.8353,659,2
SPY190812P290,2019-08-09,2019-08-09 09:35:07,0.7,0.8536,100,0.68,0.8292,686,0.68,0.8292,2,0.69,0.8414,659,0
SPY190812P290,2019-08-09,2019-08-09 09:35:07,0.7,0.8536,100,0.68,0.8292,825,0.68,0.8292,2,0.69,0.8414,659,0
SPY190812P290,2019-08-09,2019-08-09 09:35:08,0.7,0.8536,100,0.68,0.8292,6,0.68,0.8292,2,0.69,0.8414,659,0
SPY190812P290,2019-08-09,2019-08-09 09:35:09,0.69,0.8414,5,0.68,0.8292,100,0.68,0.8292,2,0.685,0.8353,659,0
SPY190812P290,2019-08-09,2019-08-09 09:35:09,0.7,0.8536,8,0.69,0.8414,6,0.68,0.8292,2,0.695,0.8475,659,0
SPY190812P290,2019-08-09,2019-08-09 09:35:10,0.7,0.8536,6,0.69,0.8414,6,0.68,0.8292,2,0.695,0.8475,659,0
SPY190812P290,2019-08-09,2019-08-09 09:35:11,0.7,0.8536,8,0.69,0.8414,1,0.69,0.8414,1,0.695,0.8475,660,0
SPY190812P290,2019-08-09,2019-08-09 09:35:11,0.7,0.8536,9,0.69,0.8414,1,0.68,0.8292,2,0.695,0.8475,660,1
SPY190812P290,2019-08-09,2019-08-09 09:35:12,0.69,0.8414,6,0.68,0.8292,149,0.69,0.8414,1,0.685,0.8353,660,0
SPY190812P290,2019-08-09,2019-08-09 09:35:12,0.69,0.8414,6,0.68,0.8292,205,0.69,0.8414,1,0.685,0.8353,660,0
SPY190812P290,2019-08-09,2019-08-09 09:35:13,0.69,0.8414,22,0.68,0.8292,36,0.69,0.8414,1,0.685,0.8353,660,0
SPY190812P290,2019-08-09,2019-08-09 09:35:13,0.69,0.8414,115,0.68,0.8292,87,0.69,0.8414,1,0.685,0.8353,660,0
SPY190812P290,2019-08-09,2019-08-09 09:35:14,0.68,0.8292,18,0.67,0.817,74,0.69,0.8414,1,0.675,0.8231,660,0
SPY190812P290,2019-08-09,2019-08-09 09:35:15,0.68,0.8292,18,0.67,0.817,54,0.69,0.8414,1,0.675,0.8231,660,0
SPY190812P290,2019-08-09,2019-08-09 09:35:15,0.68,0.8292,18,0.67,0.817,101,0.69,0.8414,1,0.675,0.8231,660,0
SPY190812P290,2019-08-09,2019-08-09 09:35:16,0.68,0.8292,100,0.67,0.817,5,0.69,0.8414,1,0.675,0.8231,660,0
SPY190812P290,2019-08-09,2019-08-09 09:35:16,0.68,0.8292,100,0.67,0.817,21,0.69,0.8414,1,0.675,0.8231,660,0
SPY190812P290,2019-08-09,2019-08-09 09:35:17,0.68,0.8292,115,0.66,0.8048,1062,0.69,0.8414,1,0.67,0.817,660,0
SPY190812P290,2019-08-09,2019-08-09 09:35:18,0.68,0.8292,227,0.66,0.8048,489,0.69,0.8414,1,0.67,0.817,660,0
SPY190812P290,2019-08-09,2019-08-09 09:35:18,0.68,0.8292,6,0.66,0.8048,325,0.69,0.8414,1,0.67,0.817,660,0
SPY190812P290,2019-08-09,2019-08-09 09:35:19,0.68,0.8292,115,0.66,0.8048,372,0.69,0.8414,1,0.67,0.817,660,0
SPY190812P290,2019-08-09,2019-08-09 09:35:19,0.68,0.8292,227,0.66,0.8048,599,0.69,0.8414,1,0.67,0.817,660,0
SPY190812P290,2019-08-09,2019-08-09 09:35:20,0.68,0.8292,227,0.66,0.8048,517,0.69,0.8414,1,0.67,0.817,660,0
SPY190812P290,2019-08-09,2019-08-09 09:35:20,0.68,0.8292,227,0.66,0.8048,621,0.69,0.8414,1,0.67,0.817,660,0
SPY190812P290,2019-08-09,2019-08-09 09:35:21,0.68,0.8292,56,0.67,0.817,6,0.69,0.8414,1,0.675,0.8231,660,0
SPY190812P290,2019-08-09,2019-08-09 09:35:21,0.68,0.8292,100,0.67,0.817,18,0.69,0.8414,1,0.675,0.8231,660,0
SPY190812P290,2019-08-09,2019-08-09 09:35:22,0.68,0.8292,5,0.67,0.817,80,0.69,0.8414,1,0.675,0.8231,660,0
SPY190812P290,2019-08-09,2019-08-09 09:35:22,0.68,0.8292,62,0.67,0.817,169,0.69,0.8414,1,0.675,0.8231,660,0
SPY190812P290,2019-08-09,2019-08-09 09:35:23,0.68,0.8292,68,0.67,0.817,18,0.69,0.8414,1,0.675,0.8231,660,0
SPY190812P290,2019-08-09,2019-08-09 09:35:24,0.68,0.8292,68,0.67,0.817,27,0.69,0.8414,1,0.675,0.8231,660,0
SPY190812P290,2019-08-09,2019-08-09 09:35:25,0.68,0.8292,5,0.67,0.817,72,0.69,0.8414,1,0.675,0.8231,660,0
SPY190812P290,2019-08-09,2019-08-09 09:35:25,0.68,0.8292,6,0.67,0.817,6,0.69,0.8414,1,0.675,0.8231,660,0
SPY190812P290,2019-08-09,2019-08-09 09:35:26,0.68,0.8292,18,0.67,0.817,12,0.69,0.8414,1,0.675,0.8231,660,0
SPY190812P290,2019-08-09,2019-08-09 09:35:26,0.68,0.8292,6,0.67,0.817,6,0.69,0.8414,1,0.675,0.8231,660,0
SPY190812P290,2019-08-09,2019-08-09 09:35:27,0.68,0.8292,100,0.66,0.8048,591,0.69,0.8414,1,0.67,0.817,660,0
SPY190812P290,2019-08-09,2019-08-09 09:35:27,0.68,0.8292,10,0.66,0.8048,506,0.69,0.8414,1,0.67,0.817,660,0
SPY190812P290,2019-08-09,2019-08-09 09:35:28,0.68,0.8292,308,0.67,0.817,1,0.69,0.8414,1,0.675,0.8231,660,0
SPY190812P290,2019-08-09,2019-08-09 09:35:28,0.68,0.8292,313,0.67,0.817,1,0.69,0.8414,1,0.675,0.8231,660,0
SPY190812P290,2019-08-09,2019-08-09 09:35:29,0.68,0.8292,228,0.67,0.817,1,0.69,0.8414,1,0.675,0.8231,660,0
SPY190812P290,2019-08-09,2019-08-09 09:35:29,0.67,0.817,5,0.66,0.8048,406,0.69,0.8414,1,0.665,0.8109,660,0
SPY190812P290,2019-08-09,2019-08-09 09:35:30,0.67,0.817,12,0.66,0.8048,225,0.69,0.8414,1,0.665,0.8109,660,0
SPY190812P290,2019-08-09,2019-08-09 09:35:30,0.67,0.817,5,0.66,0.8048,257,0.69,0.8414,1,0.665,0.8109,660,0
SPY190812P290,2019-08-09,2019-08-09 09:35:31,0.67,0.817,5,0.66,0.8048,260,0.69,0.8414,1,0.665,0.8109,660,0
SPY190812P290,2019-08-09,2019-08-09 09:35:32,0.67,0.817,6,0.66,0.8048,115,0.69,0.8414,1,0.665,0.8109,660,0
SPY190812P290,2019-08-09,2019-08-09 09:35:33,0.67,0.817,6,0.65,0.7926,1472,0.69,0.8414,1,0.66,0.8048,660,0
SPY190812P290,2019-08-09,2019-08-09 09:35:33,0.67,0.817,6,0.66,0.8048,12,0.69,0.8414,1,0.665,0.8109,660,0
SPY190812P290,2019-08-09,2019-08-09 09:35:34,0.67,0.817,185,0.66,0.8048,1,0.69,0.8414,1,0.665,0.8109,660,0
SPY190812P290,2019-08-09,2019-08-09 09:35:34,0.67,0.817,185,0.66,0.8048,18,0.69,0.8414,1,0.665,0.8109,660,0
SPY190812P290,2019-08-09,2019-08-09 09:35:35,0.67,0.817,185,0.66,0.8048,12,0.69,0.8414,1,0.665,0.8109,660,0
SPY190812P290,2019-08-09,2019-08-09 09:35:35,0.67,0.817,185,0.66,0.8048,18,0.69,0.8414,1,0.665,0.8109,660,0
SPY190812P290,2019-08-09,2019-08-09 09:35:36,0.67,0.817,185,0.66,0.8048,12,0.69,0.8414,1,0.665,0.8109,660,0
SPY190812P290,2019-08-09,2019-08-09 09:35:36,0.67,0.817,185,0.65,0.7926,1306,0.69,0.8414,1,0.66,0.8048,660,0
SPY190812P290,2019-08-09,2019-08-09 09:35:37,0.67,0.817,115,0.66,0.8048,18,0.69,0.8414,1,0.665,0.8109,660,0
SPY190812P290,2019-08-09,2019-08-09 09:35:37,0.67,0.817,100,0.65,0.7926,1073,0.69,0.8414,1,0.66,0.8048,660,0
SPY190812P290,2019-08-09,2019-08-09 09:35:38,0.67,0.817,100,0.66,0.8048,80,0.69,0.8414,1,0.665,0.8109,660,0
SPY190812P290,2019-08-09,2019-08-09 09:35:38,0.67,0.817,115,0.66,0.8048,6,0.69,0.8414,1,0.665,0.8109,660,0
SPY190812P290,2019-08-09,2019-08-09 09:35:39,0.67,0.817,16,0.65,0.7926,584,0.69,0.8414,1,0.66,0.8048,660,0
SPY190812P290,2019-08-09,2019-08-09 09:35:40,0.67,0.817,232,0.65,0.7926,1037,0.69,0.8414,1,0.66,0.8048,660,0
SPY190812P290,2019-08-09,2019-08-09 09:35:40,0.67,0.817,223,0.65,0.7926,1037,0.69,0.8414,1,0.66,0.8048,660,0
SPY190812P290,2019-08-09,2019-08-09 09:35:41,0.66,0.8048,1,0.65,0.7926,1191,0.69,0.8414,1,0.655,0.7987,660,0
SPY190812P290,2019-08-09,2019-08-09 09:35:41,0.67,0.817,232,0.66,0.8048,6,0.69,0.8414,1,0.665,0.8109,660,0
SPY190812P290,2019-08-09,2019-08-09 09:35:42,0.66,0.8048,1,0.65,0.7926,1191,0.69,0.8414,1,0.655,0.7987,660,0
SPY190812P290,2019-08-09,2019-08-09 09:35:42,0.66,0.8048,1,0.65,0.7926,1332,0.69,0.8414,1,0.655,0.7987,660,0
SPY190812P290,2019-08-09,2019-08-09 09:35:43,0.66,0.8048,18,0.65,0.7926,1332,0.69,0.8414,1,0.655,0.7987,660,0
SPY190812P290,2019-08-09,2019-08-09 09:35:43,0.66,0.8048,12,0.65,0.7926,1332,0.69,0.8414,1,0.655,0.7987,660,0
SPY190812P290,2019-08-09,2019-08-09 09:35:44,0.66,0.8048,1,0.65,0.7926,1097,0.69,0.8414,1,0.655,0.7987,660,0
SPY190812P290,2019-08-09,2019-08-09 09:35:44,0.67,0.817,179,0.66,0.8048,101,0.66,0.8048,1,0.665,0.8109,661,1
SPY190812P290,2019-08-09,2019-08-09 09:35:45,0.67,0.817,100,0.66,0.8048,119,0.66,0.8048,1,0.665,0.8109,661,0
SPY190812P290,2019-08-09,2019-08-09 09:35:45,0.67,0.817,178,0.66,0.8048,140,0.67,0.817,20,0.665,0.8109,681,20
SPY190812P290,2019-08-09,2019-08-09 09:35:46,0.67,0.817,100,0.66,0.8048,140,0.67,0.817,20,0.665,0.8109,681,0
SPY190812P290,2019-08-09,2019-08-09 09:35:46,0.67,0.817,100,0.66,0.8048,147,0.67,0.817,20,0.665,0.8109,681,0
SPY190812P290,2019-08-09,2019-08-09 09:35:47,0.67,0.817,100,0.66,0.8048,146,0.67,0.817,20,0.665,0.8109,681,0
SPY190812P290,2019-08-09,2019-08-09 09:35:47,0.67,0.817,100,0.66,0.8048,87,0.67,0.817,20,0.665,0.8109,681,0
SPY190812P290,2019-08-09,2019-08-09 09:35:48,0.66,0.8048,6,0.65,0.7926,118,0.67,0.817,20,0.655,0.7987,681,0
SPY190812P290,2019-08-09,2019-08-09 09:35:48,0.67,0.817,222,0.65,0.7926,1230,0.67,0.817,20,0.66,0.8048,681,0
SPY190812P290,2019-08-09,2019-08-09 09:35:49,0.66,0.8048,6,0.65,0.7926,48,0.67,0.817,20,0.655,0.7987,681,0
SPY190812P290,2019-08-09,2019-08-09 09:35:49,0.66,0.8048,12,0.65,0.7926,9,0.67,0.817,20,0.655,0.7987,681,0
SPY190812P290,2019-08-09,2019-08-09 09:35:50,0.66,0.8048,62,0.65,0.7926,80,0.67,0.817,20,0.655,0.7987,681,0
SPY190812P290,2019-08-09,2019-08-09 09:35:50,0.66,0.8048,172,0.65,0.7926,113,0.67,0.817,20,0.655,0.7987,681,0
SPY190812P290,2019-08-09,2019-08-09 09:35:51,0.66,0.8048,6,0.65,0.7926,143,0.67,0.817,20,0.655,0.7987,681,0
SPY190812P290,2019-08-09,2019-08-09 09:35:51,0.66,0.8048,167,0.65,0.7926,95,0.67,0.817,20,0.655,0.7987,681,0
SPY190812P290,2019-08-09,2019-08-09 09:35:52,0.66,0.8048,6,0.65,0.7926,146,0.67,0.817,20,0.655,0.7987,681,0
SPY190812P290,2019-08-09,2019-08-09 09:35:52,0.66,0.8048,6,0.65,0.7926,156,0.67,0.817,20,0.655,0.7987,681,0
SPY190812P290,2019-08-09,2019-08-09 09:35:53,0.66,0.8048,186,0.65,0.7926,95,0.67,0.817,20,0.655,0.7987,681,0
SPY190812P290,2019-08-09,2019-08-09 09:35:53,0.66,0.8048,18,0.65,0.7926,95,0.67,0.817,20,0.655,0.7987,681,0
SPY190812P290,2019-08-09,2019-08-09 09:35:54,0.66,0.8048,6,0.65,0.7926,121,0.67,0.817,20,0.655,0.7987,681,0
SPY190812P290,2019-08-09,2019-08-09 09:35:54,0.66,0.8048,6,0.65,0.7926,95,0.67,0.817,20,0.655,0.7987,681,0
SPY190812P290,2019-08-09,2019-08-09 09:35:55,0.66,0.8048,5,0.65,0.7926,421,0.67,0.817,20,0.655,0.7987,681,0
SPY190812P290,2019-08-09,2019-08-09 09:35:55,0.66,0.8048,6,0.65,0.7926,121,0.67,0.817,20,0.655,0.7987,681,0
SPY190812P290,2019-08-09,2019-08-09 09:35:56,0.67,0.817,15,0.65,0.7926,740,0.67,0.817,20,0.66,0.8048,681,0
SPY190812P290,2019-08-09,2019-08-09 09:35:57,0.66,0.8048,5,0.65,0.7926,881,0.67,0.817,20,0.655,0.7987,681,0
SPY190812P290,2019-08-09,2019-08-09 09:35:57,0.66,0.8048,5,0.65,0.7926,492,0.67,0.817,20,0.655,0.7987,681,0
SPY190812P290,2019-08-09,2019-08-09 09:35:58,0.66,0.8048,5,0.65,0.7926,1127,0.67,0.817,20,0.655,0.7987,681,0
SPY190812P290,2019-08-09,2019-08-09 09:35:58,0.66,0.8048,5,0.65,0.7926,935,0.67,0.817,20,0.655,0.7987,681,0
SPY190812P290,2019-08-09,2019-08-09 09:35:59,0.66,0.8048,18,0.65,0.7926,1127,0.67,0.817,20,0.655,0.7987,681,0
SPY190812P290,2019-08-09,2019-08-09 09:35:59,0.66,0.8048,100,0.65,0.7926,218,0.67,0.817,20,0.655,0.7987,681,0
SPY190812P290,2019-08-09,2019-08-09 09:36:00,0.66,0.8048,100,0.65,0.7926,168,0.67,0.817,20,0.655,0.7987,681,0
SPY190812P290,2019-08-09,2019-08-09 09:36:00,0.66,0.8048,143,0.65,0.7926,143,0.67,0.817,20,0.655,0.7987,681,0
SPY190812P290,2019-08-09,2019-08-09 09:36:01,0.66,0.8048,143,0.65,0.7926,100,0.67,0.817,20,0.655,0.7987,681,0
SPY190812P290,2019-08-09,2019-08-09 09:36:01,0.66,0.8048,100,0.64,0.7804,1380,0.67,0.817,20,0.65,0.7926,681,0
SPY190812P290,2019-08-09,2019-08-09 09:36:02,0.66,0.8048,216,0.65,0.7926,5,0.67,0.817,20,0.655,0.7987,681,0
SPY190812P290,2019-08-09,2019-08-09 09:36:02,0.66,0.8048,6,0.65,0.7926,597,0.67,0.817,20,0.655,0.7987,681,0
SPY190812P290,2019-08-09,2019-08-09 09:36:03,0.66,0.8048,6,0.65,0.7926,896,0.67,0.817,20,0.655,0.7987,681,0
SPY190812P290,2019-08-09,2019-08-09 09:36:03,0.66,0.8048,9,0.65,0.7926,115,0.67,0.817,20,0.655,0.7987,681,0
SPY190812P290,2019-08-09,2019-08-09 09:36:04,0.66,0.8048,9,0.64,0.7804,1101,0.67,0.817,20,0.65,0.7926,681,0
SPY190812P290,2019-08-09,2019-08-09 09:36:04,0.66,0.8048,259,0.64,0.7804,1330,0.67,0.817,20,0.65,0.7926,681,0
SPY190812P290,2019-08-09,2019-08-09 09:36:05,0.66,0.8048,274,0.64,0.7804,1340,0.67,0.817,20,0.65,0.7926,681,0
SPY190812P290,2019-08-09,2019-08-09 09:36:05,0.66,0.8048,259,0.64,0.7804,1340,0.67,0.817,20,0.65,0.7926,681,0
SPY190812P290,2019-08-09,2019-08-09 09:36:06,0.66,0.8048,274,0.64,0.7804,477,0.67,0.817,20,0.65,0.7926,681,0
SPY190812P290,2019-08-09,2019-08-09 09:36:06,0.66,0.8048,274,0.64,0.7804,1340,0.67,0.817,20,0.65,0.7926,681,0
SPY190812P290,2019-08-09,2019-08-09 09:36:07,0.66,0.8048,259,0.64,0.7804,692,0.67,0.817,20,0.65,0.7926,681,0
SPY190812P290,2019-08-09,2019-08-09 09:36:07,0.66,0.8048,259,0.64,0.7804,600,0.67,0.817,20,0.65,0.7926,681,0
SPY190812P290,2019-08-09,2019-08-09 09:36:08,0.65,0.7926,5,0.64,0.7804,840,0.67,0.817,20,0.645,0.7865,681,0
SPY190812P290,2019-08-09,2019-08-09 09:36:08,0.65,0.7926,5,0.64,0.7804,639,0.67,0.817,20,0.645,0.7865,681,0
SPY190812P290,2019-08-09,2019-08-09 09:36:09,0.65,0.7926,5,0.64,0.7804,840,0.67,0.817,20,0.645,0.7865,681,0
SPY190812P290,2019-08-09,2019-08-09 09:36:09,0.66,0.8048,216,0.65,0.7926,310,0.67,0.817,20,0.655,0.7987,681,0
SPY190812P290,2019-08-09,2019-08-09 09:36:10,0.66,0.8048,9,0.65,0.7926,314,0.67,0.817,20,0.655,0.7987,681,0
SPY190812P290,2019-08-09,2019-08-09 09:36:11,0.66,0.8048,9,0.65,0.7926,314,0.67,0.817,20,0.655,0.7987,681,0
SPY190812P290,2019-08-09,2019-08-09 09:36:11,0.66,0.8048,4,0.65,0.7926,1461,0.66,0.8048,4,0.655,0.7987,687,6
SPY190812P290,2019-08-09,2019-08-09 09:36:12,0.67,0.817,176,0.66,0.8048,502,0.66,0.8048,4,0.665,0.8109,687,0
SPY190812P290,2019-08-09,2019-08-09 09:36:12,0.67,0.817,154,0.66,0.8048,502,0.66,0.8048,4,0.665,0.8109,687,0
SPY190812P290,2019-08-09,2019-08-09 09:36:13,0.67,0.817,10,0.66,0.8048,156,0.66,0.8048,4,0.665,0.8109,687,0
SPY190812P290,2019-08-09,2019-08-09 09:36:13,0.67,0.817,154,0.66,0.8048,516,0.66,0.8048,4,0.665,0.8109,687,0
SPY190812P290,2019-08-09,2019-08-09 09:36:14,0.67,0.817,5,0.66,0.8048,825,0.66,0.8048,20,0.665,0.8109,707,0
SPY190812P290,2019-08-09,2019-08-09 09:36:14,0.67,0.817,5,0.66,0.8048,465,0.66,0.8048,20,0.665,0.8109,707,20
SPY190812P290,2019-08-09,2019-08-09 09:36:15,0.67,0.817,5,0.66,0.8048,1015,0.66,0.8048,1,0.665,0.8109,708,1
SPY190812P290,2019-08-09,2019-08-09 09:36:15,0.67,0.817,5,0.66,0.8048,1034,0.66,0.8048,20,0.665,0.8109,707,0
SPY190812P290,2019-08-09,2019-08-09 09:36:16,0.68,0.8292,213,0.66,0.8048,1041,0.67,0.817,5,0.67,0.817,713,5
SPY190812P290,2019-08-09,2019-08-09 09:36:16,0.68,0.8292,100,0.67,0.817,449,0.67,0.817,5,0.675,0.8231,713,0
SPY190812P290,2019-08-09,2019-08-09 09:36:17,0.68,0.8292,1,0.67,0.817,310,0.67,0.817,5,0.675,0.8231,713,0
SPY190812P290,2019-08-09,2019-08-09 09:36:17,0.68,0.8292,18,0.67,0.817,442,0.67,0.817,5,0.675,0.8231,713,0
SPY190812P290,2019-08-09,2019-08-09 09:36:18,0.68,0.8292,1,0.67,0.817,1097,0.67,0.817,2,0.675,0.8231,715,2
SPY190812P290,2019-08-09,2019-08-09 09:36:18,0.68,0.8292,100,0.67,0.817,442,0.67,0.817,5,0.675,0.8231,713,0
SPY190812P290,2019-08-09,2019-08-09 09:36:19,0.68,0.8292,1,0.67,0.817,1546,0.67,0.817,2,0.675,0.8231,715,0
SPY190812P290,2019-08-09,2019-08-09 09:36:20,0.68,0.8292,1,0.67,0.817,1403,0.67,0.817,2,0.675,0.8231,715,0
SPY190812P290,2019-08-09,2019-08-09 09:36:20,0.68,0.8292,1,0.67,0.817,1901,0.67,0.817,2,0.675,0.8231,715,0
SPY190812P290,2019-08-09,2019-08-09 09:36:21,0.68,0.8292,1,0.67,0.817,1313,0.67,0.817,4,0.675,0.8231,719,4
SPY190812P290,2019-08-09,2019-08-09 09:36:21,0.68,0.8292,1,0.67,0.817,1404,0.67,0.817,4,0.675,0.8231,719,0
SPY190812P290,2019-08-09,2019-08-09 09:36:22,0.68,0.8292,1,0.67,0.817,1219,0.67,0.817,4,0.675,0.8231,719,0
SPY190812P290,2019-08-09,2019-08-09 09:36:22,0.68,0.8292,1,0.67,0.817,1280,0.67,0.817,4,0.675,0.8231,719,0
SPY190812P290,2019-08-09,2019-08-09 09:36:23,0.69,0.8414,6,0.68,0.8292,751,0.68,0.8292,1,0.685,0.8353,720,1
SPY190812P290,2019-08-09,2019-08-09 09:36:23,0.7,0.8536,215,0.68,0.8292,978,0.68,0.8292,1,0.69,0.8414,720,0
SPY190812P290,2019-08-09,2019-08-09 09:36:24,0.7,0.8536,115,0.69,0.8414,169,0.68,0.8292,1,0.695,0.8475,720,0
SPY190812P290,2019-08-09,2019-08-09 09:36:24,0.7,0.8536,115,0.68,0.8292,1081,0.68,0.8292,1,0.69,0.8414,720,0
SPY190812P290,2019-08-09,2019-08-09 09:36:25,0.7,0.8536,100,0.69,0.8414,169,0.68,0.8292,1,0.695,0.8475,720,0
SPY190812P290,2019-08-09,2019-08-09 09:36:25,0.7,0.8536,8,0.69,0.8414,73,0.68,0.8292,1,0.695,0.8475,720,0
SPY190812P290,2019-08-09,2019-08-09 09:36:26,0.71,0.8658,6,0.69,0.8414,448,0.7,0.8536,3,0.7,0.8536,723,0
SPY190812P290,2019-08-09,2019-08-09 09:36:26,0.71,0.8658,55,0.69,0.8414,448,0.7,0.8536,3,0.7,0.8536,723,3
SPY190812P290,2019-08-09,2019-08-09 09:36:27,0.7,0.8536,64,0.69,0.8414,69,0.7,0.8536,3,0.695,0.8475,723,0
SPY190812P290,2019-08-09,2019-08-09 09:36:27,0.7,0.8536,6,0.69,0.8414,36,0.7,0.8536,3,0.695,0.8475,723,0
SPY190812P290,2019-08-09,2019-08-09 09:36:28,0.7,0.8536,52,0.69,0.8414,115,0.7,0.8536,3,0.695,0.8475,723,0
SPY190812P290,2019-08-09,2019-08-09 09:36:28,0.7,0.8536,52,0.69,0.8414,42,0.7,0.8536,3,0.695,0.8475,723,0
SPY190812P290,2019-08-09,2019-08-09 09:36:29,0.7,0.8536,382,0.68,0.8292,238,0.7,0.8536,3,0.69,0.8414,723,0
SPY190812P290,2019-08-09,2019-08-09 09:36:29,0.69,0.8414,6,0.68,0.8292,217,0.7,0.8536,3,0.685,0.8353,723,0
SPY190812P290,2019-08-09,2019-08-09 09:36:30,0.69,0.8414,6,0.68,0.8292,100,0.7,0.8536,3,0.685,0.8353,723,0
SPY190812P290,2019-08-09,2019-08-09 09:36:30,0.69,0.8414,186,0.67,0.817,41,0.7,0.8536,3,0.68,0.8292,723,0
SPY190812P290,2019-08-09,2019-08-09 09:36:31,0.68,0.8292,6,0.66,0.8048,6,0.7,0.8536,3,0.67,0.817,723,0
SPY190812P290,2019-08-09,2019-08-09 09:36:31,0.68,0.8292,6,0.67,0.817,50,0.7,0.8536,3,0.675,0.8231,723,0
SPY190812P290,2019-08-09,2019-08-09 09:36:32,0.68,0.8292,12,0.67,0.817,18,0.7,0.8536,3,0.675,0.8231,723,0
SPY190812P290,2019-08-09,2019-08-09 09:36:32,0.68,0.8292,18,0.67,0.817,36,0.7,0.8536,3,0.675,0.8231,723,0
SPY190812P290,2019-08-09,2019-08-09 09:36:33,0.67,0.817,5,0.66,0.8048,51,0.7,0.8536,3,0.665,0.8109,723,0
SPY190812P290,2019-08-09,2019-08-09 09:36:33,0.68,0.8292,382,0.66,0.8048,173,0.7,0.8536,3,0.67,0.817,723,0
SPY190812P290,2019-08-09,2019-08-09 09:36:34,0.67,0.817,5,0.66,0.8048,56,0.7,0.8536,3,0.665,0.8109,723,0
SPY190812P290,2019-08-09,2019-08-09 09:36:34,0.67,0.817,317,0.66,0.8048,6,0.67,0.817,5,0.665,0.8109,728,5
SPY190812P290,2019-08-09,2019-08-09 09:36:35,0.67,0.817,431,0.66,0.8048,17,0.66,0.8048,20,0.665,0.8109,748,20
SPY190812P290,2019-08-09,2019-08-09 09:36:35,0.67,0.817,431,0.66,0.8048,17,0.66,0.8048,20,0.665,0.8109,748,0
SPY190812P290,2019-08-09,2019-08-09 09:36:36,0.66,0.8048,5,0.65,0.7926,138,0.66,0.8048,20,0.655,0.7987,748,0
SPY190812P290,2019-08-09,2019-08-09 09:36:36,0.66,0.8048,5,0.65,0.7926,151,0.66,0.8048,20,0.655,0.7987,748,0
SPY190812P290,2019-08-09,2019-08-09 09:36:37,0.66,0.8048,5,0.65,0.7926,138,0.66,0.8048,20,0.655,0.7987,748,0
SPY190812P290,2019-08-09,2019-08-09 09:36:38,0.66,0.8048,6,0.65,0.7926,29,0.66,0.8048,20,0.655,0.7987,748,0
SPY190812P290,2019-08-09,2019-08-09 09:36:38,0.66,0.8048,106,0.65,0.7926,29,0.66,0.8048,20,0.655,0.7987,748,0
SPY190812P290,2019-08-09,2019-08-09 09:36:39,0.66,0.8048,100,0.65,0.7926,1,0.66,0.8048,20,0.655,0.7987,748,0
SPY190812P290,2019-08-09,2019-08-09 09:36:39,0.66,0.8048,100,0.64,0.7804,486,0.66,0.8048,20,0.65,0.7926,748,0
SPY190812P290,2019-08-09,2019-08-09 09:36:40,0.66,0.8048,212,0.64,0.7804,487,0.66,0.8048,20,0.65,0.7926,748,0
SPY190812P290,2019-08-09,2019-08-09 09:36:40,0.66,0.8048,150,0.64,0.7804,36,0.66,0.8048,20,0.65,0.7926,748,0
SPY190812P290,2019-08-09,2019-08-09 09:36:41,0.66,0.8048,6,0.65,0.7926,81,0.66,0.8048,20,0.655,0.7987,748,0
SPY190812P290,2019-08-09,2019-08-09 09:36:41,0.66,0.8048,100,0.65,0.7926,87,0.66,0.8048,20,0.655,0.7987,748,0
SPY190812P290,2019-08-09,2019-08-09 09:36:42,0.66,0.8048,212,0.64,0.7804,588,0.66,0.8048,20,0.65,0.7926,748,0
SPY190812P290,2019-08-09,2019-08-09 09:36:43,0.66,0.8048,142,0.64,0.7804,836,0.66,0.8048,20,0.65,0.7926,748,0
SPY190812P290,2019-08-09,2019-08-09 09:36:43,0.66,0.8048,212,0.64,0.7804,822,0.66,0.8048,20,0.65,0.7926,748,0
SPY190812P290,2019-08-09,2019-08-09 09:36:44,0.66,0.8048,415,0.64,0.7804,191,0.66,0.8048,20,0.65,0.7926,748,0
SPY190812P290,2019-08-09,2019-08-09 09:36:44,0.65,0.7926,5,0.64,0.7804,191,0.66,0.8048,20,0.645,0.7865,748,0
SPY190812P290,2019-08-09,2019-08-09 09:36:45,0.65,0.7926,1,0.64,0.7804,318,0.66,0.8048,20,0.645,0.7865,748,0
SPY190812P290,2019-08-09,2019-08-09 09:36:45,0.65,0.7926,1,0.64,0.7804,247,0.66,0.8048,20,0.645,0.7865,748,0
SPY190812P290,2019-08-09,2019-08-09 09:36:46,0.65,0.7926,9,0.64,0.7804,173,0.66,0.8048,20,0.645,0.7865,748,0
SPY190812P290,2019-08-09,2019-08-09 09:36:46,0.65,0.7926,1,0.64,0.7804,318,0.66,0.8048,20,0.645,0.7865,748,0
SPY190812P290,2019-08-09,2019-08-09 09:36:47,0.65,0.7926,119,0.64,0.7804,173,0.66,0.8048,20,0.645,0.7865,748,0
SPY190812P290,2019-08-09,2019-08-09 09:36:47,0.65,0.7926,65,0.64,0.7804,191,0.66,0.8048,20,0.645,0.7865,748,0
SPY190812P290,2019-08-09,2019-08-09 09:36:48,0.65,0.7926,119,0.64,0.7804,173,0.66,0.8048,20,0.645,0.7865,748,0
SPY190812P290,2019-08-09,2019-08-09 09:36:49,0.65,0.7926,119,0.64,0.7804,173,0.66,0.8048,20,0.645,0.7865,748,0
SPY190812P290,2019-08-09,2019-08-09 09:36:50,0.65,0.7926,134,0.64,0.7804,173,0.66,0.8048,20,0.645,0.7865,748,0
SPY190812P290,2019-08-09,2019-08-09 09:36:50,0.65,0.7926,126,0.64,0.7804,191,0.66,0.8048,20,0.645,0.7865,748,0
SPY190812P290,2019-08-09,2019-08-09 09:36:51,0.65,0.7926,1,0.64,0.7804,640,0.66,0.8048,20,0.645,0.7865,748,0
SPY190812P290,2019-08-09,2019-08-09 09:36:51,0.65,0.7926,111,0.64,0.7804,66,0.66,0.8048,20,0.645,0.7865,748,0
SPY190812P290,2019-08-09,2019-08-09 09:36:52,0.65,0.7926,18,0.64,0.7804,292,0.66,0.8048,20,0.645,0.7865,748,0
SPY190812P290,2019-08-09,2019-08-09 09:36:52,0.65,0.7926,7,0.64,0.7804,327,0.66,0.8048,20,0.645,0.7865,748,0
SPY190812P290,2019-08-09,2019-08-09 09:36:53,0.65,0.7926,92,0.64,0.7804,5,0.66,0.8048,20,0.645,0.7865,748,0
SPY190812P290,2019-08-09,2019-08-09 09:36:53,0.65,0.7926,143,0.64,0.7804,79,0.66,0.8048,20,0.645,0.7865,748,0
SPY190812P290,2019-08-09,2019-08-09 09:36:54,0.65,0.7926,92,0.64,0.7804,329,0.66,0.8048,20,0.645,0.7865,748,0
SPY190812P290,2019-08-09,2019-08-09 09:36:54,0.65,0.7926,12,0.64,0.7804,347,0.66,0.8048,20,0.645,0.7865,748,0
SPY190812P290,2019-08-09,2019-08-09 09:36:55,0.65,0.7926,73,0.64,0.7804,347,0.66,0.8048,20,0.645,0.7865,748,0
SPY190812P290,2019-08-09,2019-08-09 09:36:55,0.65,0.7926,71,0.64,0.7804,347,0.66,0.8048,20,0.645,0.7865,748,0
SPY190812P290,2019-08-09,2019-08-09 09:36:56,0.65,0.7926,187,0.64,0.7804,207,0.66,0.8048,20,0.645,0.7865,748,0
SPY190812P290,2019-08-09,2019-08-09 09:36:56,0.65,0.7926,6,0.64,0.7804,207,0.66,0.8048,20,0.645,0.7865,748,0
SPY190812P290,2019-08-09,2019-08-09 09:36:57,0.65,0.7926,187,0.64,0.7804,207,0.66,0.8048,20,0.645,0.7865,748,0
SPY190812P290,2019-08-09,2019-08-09 09:36:58,0.65,0.7926,118,0.64,0.7804,207,0.66,0.8048,20,0.645,0.7865,748,0
SPY190812P290,2019-08-09,2019-08-09 09:36:58,0.65,0.7926,144,0.64,0.7804,207,0.66,0.8048,20,0.645,0.7865,748,0
SPY190812P290,2019-08-09,2019-08-09 09:36:59,0.65,0.7926,199,0.64,0.7804,5,0.66,0.8048,20,0.645,0.7865,748,0
SPY190812P290,2019-08-09,2019-08-09 09:36:59,0.65,0.7926,199,0.64,0.7804,1,0.66,0.8048,20,0.645,0.7865,748,0
SPY190812P290,2019-08-09,2019-08-09 09:37:00,0.65,0.7926,231,0.63,0.7682,587,0.66,0.8048,20,0.64,0.7804,748,0
SPY190812P290,2019-08-09,2019-08-09 09:37:01,0.65,0.7926,112,0.63,0.7682,188,0.66,0.8048,20,0.64,0.7804,748,0
SPY190812P290,2019-08-09,2019-08-09 09:37:01,0.64,0.7804,1,0.63,0.7682,774,0.66,0.8048,20,0.635,0.7743,748,0
SPY190812P290,2019-08-09,2019-08-09 09:37:02,0.64,0.7804,212,0.63,0.7682,1,0.66,0.8048,20,0.635,0.7743,748,0
SPY190812P290,2019-08-09,2019-08-09 09:37:02,0.64,0.7804,113,0.63,0.7682,1,0.66,0.8048,20,0.635,0.7743,748,0
SPY190812P290,2019-08-09,2019-08-09 09:37:03,0.64,0.7804,422,0.63,0.7682,1,0.66,0.8048,20,0.635,0.7743,748,0
SPY190812P290,2019-08-09,2019-08-09 09:37:03,0.64,0.7804,477,0.63,0.7682,1,0.66,0.8048,20,0.635,0.7743,748,0
SPY190812P290,2019-08-09,2019-08-09 09:37:04,0.64,0.7804,676,0.63,0.7682,1,0.66,0.8048,20,0.635,0.7743,748,0
SPY190812P290,2019-08-09,2019-08-09 09:37:04,0.64,0.7804,477,0.63,0.7682,1,0.66,0.8048,20,0.635,0.7743,748,0
SPY190812P290,2019-08-09,2019-08-09 09:37:05,0.64,0.7804,621,0.63,0.7682,1,0.66,0.8048,20,0.635,0.7743,748,0
SPY190812P290,2019-08-09,2019-08-09 09:37:05,0.64,0.7804,678,0.63,0.7682,1,0.66,0.8048,20,0.635,0.7743,748,0
SPY190812P290,2019-08-09,2019-08-09 09:37:06,0.64,0.7804,678,0.63,0.7682,1,0.66,0.8048,20,0.635,0.7743,748,0
SPY190812P290,2019-08-09,2019-08-09 09:37:06,0.64,0.7804,984,0.63,0.7682,1,0.66,0.8048,20,0.635,0.7743,748,0
SPY190812P290,2019-08-09,2019-08-09 09:37:07,0.64,0.7804,971,0.63,0.7682,1,0.66,0.8048,20,0.635,0.7743,748,0
SPY190812P290,2019-08-09,2019-08-09 09:37:07,0.64,0.7804,815,0.63,0.7682,1,0.66,0.8048,20,0.635,0.7743,748,0
SPY190812P290,2019-08-09,2019-08-09 09:37:08,0.64,0.7804,933,0.63,0.7682,1,0.66,0.8048,20,0.635,0.7743,748,0
SPY190812P290,2019-08-09,2019-08-09 09:37:08,0.64,0.7804,491,0.63,0.7682,1,0.66,0.8048,20,0.635,0.7743,748,0
SPY190812P290,2019-08-09,2019-08-09 09:37:09,0.64,0.7804,427,0.63,0.7682,1,0.66,0.8048,20,0.635,0.7743,748,0
SPY190812P290,2019-08-09,2019-08-09 09:37:10,0.64,0.7804,514,0.63,0.7682,1,0.66,0.8048,20,0.635,0.7743,748,0
SPY190812P290,2019-08-09,2019-08-09 09:37:10,0.64,0.7804,919,0.63,0.7682,1,0.66,0.8048,20,0.635,0.7743,748,0
SPY190812P290,2019-08-09,2019-08-09 09:37:11,0.64,0.7804,427,0.63,0.7682,1,0.66,0.8048,20,0.635,0.7743,748,0
SPY190812P290,2019-08-09,2019-08-09 09:37:11,0.64,0.7804,718,0.63,0.7682,1,0.66,0.8048,20,0.635,0.7743,748,0
SPY190812P290,2019-08-09,2019-08-09 09:37:12,0.64,0.7804,718,0.63,0.7682,1,0.66,0.8048,20,0.635,0.7743,748,0
SPY190812P290,2019-08-09,2019-08-09 09:37:12,0.64,0.7804,981,0.63,0.7682,1,0.66,0.8048,20,0.635,0.7743,748,0
SPY190812P290,2019-08-09,2019-08-09 09:37:13,0.64,0.7804,717,0.63,0.7682,1,0.66,0.8048,20,0.635,0.7743,748,0
SPY190812P290,2019-08-09,2019-08-09 09:37:13,0.64,0.7804,743,0.63,0.7682,1,0.66,0.8048,20,0.635,0.7743,748,0
SPY190812P290,2019-08-09,2019-08-09 09:37:14,0.64,0.7804,562,0.63,0.7682,1,0.66,0.8048,20,0.635,0.7743,748,0
SPY190812P290,2019-08-09,2019-08-09 09:37:14,0.64,0.7804,665,0.63,0.7682,1,0.66,0.8048,20,0.635,0.7743,748,0
SPY190812P290,2019-08-09,2019-08-09 09:37:15,0.64,0.7804,737,0.63,0.7682,1,0.66,0.8048,20,0.635,0.7743,748,0
SPY190812P290,2019-08-09,2019-08-09 09:37:16,0.64,0.7804,627,0.61,0.7439,602,0.63,0.7682,1,0.625,0.7621,750,2
SPY190812P290,2019-08-09,2019-08-09 09:37:16,0.63,0.7682,70,0.62,0.756,36,0.63,0.7682,1,0.625,0.7621,750,0
SPY190812P290,2019-08-09,2019-08-09 09:37:17,0.63,0.7682,724,0.62,0.756,27,0.63,0.7682,1,0.625,0.7621,750,0
SPY190812P290,2019-08-09,2019-08-09 09:37:17,0.63,0.7682,817,0.62,0.756,27,0.63,0.7682,1,0.625,0.7621,750,0
SPY190812P290,2019-08-09,2019-08-09 09:37:18,0.63,0.7682,860,0.61,0.7439,36,0.62,0.756,1,0.62,0.756,751,1
SPY190812P290,2019-08-09,2019-08-09 09:37:18,0.63,0.7682,803,0.61,0.7439,293,0.63,0.7682,1,0.62,0.756,750,0
SPY190812P290,2019-08-09,2019-08-09 09:37:19,0.63,0.7682,860,0.61,0.7439,256,0.62,0.756,1,0.62,0.756,751,0
SPY190812P290,2019-08-09,2019-08-09 09:37:19,0.63,0.7682,1054,0.61,0.7439,116,0.62,0.756,1,0.62,0.756,751,0
SPY190812P290,2019-08-09,2019-08-09 09:37:20,0.62,0.756,217,0.61,0.7439,36,0.62,0.756,1,0.615,0.75,751,0
SPY190812P290,2019-08-09,2019-08-09 09:37:20,0.62,0.756,222,0.61,0.7439,6,0.62,0.756,1,0.615,0.75,751,0
SPY190812P290,2019-08-09,2019-08-09 09:37:21,0.62,0.756,253,0.61,0.7439,12,0.62,0.756,1,0.615,0.75,751,0
SPY190812P290,2019-08-09,2019-08-09 09:37:21,0.62,0.756,222,0.61,0.7439,18,0.62,0.756,1,0.615,0.75,751,0
SPY190812P290,2019-08-09,2019-08-09 09:37:22,0.62,0.756,253,0.61,0.7439,18,0.62,0.756,1,0.615,0.75,751,0
SPY190812P290,2019-08-09,2019-08-09 09:37:22,0.62,0.756,303,0.6,0.7317,466,0.62,0.756,1,0.61,0.7439,751,0
SPY190812P290,2019-08-09,2019-08-09 09:37:23,0.61,0.7439,240,0.6,0.7317,233,0.62,0.756,1,0.605,0.7378,751,0
SPY190812P290,2019-08-09,2019-08-09 09:37:23,0.61,0.7439,5,0.59,0.7195,251,0.62,0.756,1,0.6,0.7317,751,0
SPY190812P290,2019-08-09,2019-08-09 09:37:24,0.62,0.756,12,0.6,0.7317,6,0.62,0.756,1,0.61,0.7439,751,0
SPY190812P290,2019-08-09,2019-08-09 09:37:25,0.61,0.7439,7,0.6,0.7317,117,0.62,0.756,1,0.605,0.7378,751,0
SPY190812P290,2019-08-09,2019-08-09 09:37:25,0.61,0.7439,157,0.6,0.7317,44,0.62,0.756,1,0.605,0.7378,751,0
SPY190812P290,2019-08-09,2019-08-09 09:37:26,0.6,0.7317,77,0.59,0.7195,48,0.62,0.756,1,0.595,0.7256,751,0
SPY190812P290,2019-08-09,2019-08-09 09:37:26,0.6,0.7317,24,0.6,0.7317,44,0.62,0.756,1,0.6,0.7317,751,0
SPY190812P290,2019-08-09,2019-08-09 09:37:27,0.6,0.7317,197,0.59,0.7195,18,0.62,0.756,1,0.595,0.7256,751,0
SPY190812P290,2019-08-09,2019-08-09 09:37:27,0.6,0.7317,345,0.59,0.7195,6,0.62,0.756,1,0.595,0.7256,751,0
SPY190812P290,2019-08-09,2019-08-09 09:37:28,0.6,0.7317,345,0.59,0.7195,6,0.62,0.756,1,0.595,0.7256,751,0
SPY190812P290,2019-08-09,2019-08-09 09:37:28,0.6,0.7317,155,0.59,0.7195,6,0.62,0.756,1,0.595,0.7256,751,0
SPY190812P290,2019-08-09,2019-08-09 09:37:29,0.59,0.7195,91,0.58,0.7073,132,0.62,0.756,1,0.585,0.7134,751,0
SPY190812P290,2019-08-09,2019-08-09 09:37:29,0.59,0.7195,91,0.58,0.7073,96,0.62,0.756,1,0.585,0.7134,751,0
SPY190812P290,2019-08-09,2019-08-09 09:37:30,0.59,0.7195,91,0.58,0.7073,132,0.62,0.756,1,0.585,0.7134,751,0
SPY190812P290,2019-08-09,2019-08-09 09:37:30,0.59,0.7195,64,0.58,0.7073,132,0.62,0.756,1,0.585,0.7134,751,0
SPY190812P290,2019-08-09,2019-08-09 09:37:31,0.59,0.7195,104,0.58,0.7073,108,0.62,0.756,1,0.585,0.7134,751,0
SPY190812P290,2019-08-09,2019-08-09 09:37:32,0.59,0.7195,351,0.57,0.6951,286,0.59,0.7195,100,0.58,0.7073,851,0
SPY190812P290,2019-08-09,2019-08-09 09:37:32,0.59,0.7195,104,0.58,0.7073,108,0.59,0.7195,100,0.585,0.7134,851,100
SPY190812P290,2019-08-09,2019-08-09 09:37:33,0.59,0.7195,321,0.57,0.6951,304,0.59,0.7195,100,0.58,0.7073,851,0
SPY190812P290,2019-08-09,2019-08-09 09:37:34,0.59,0.7195,467,0.57,0.6951,286,0.59,0.7195,5,0.58,0.7073,856,5
SPY190812P290,2019-08-09,2019-08-09 09:37:34,0.58,0.7073,39,0.57,0.6951,6,0.59,0.7195,5,0.575,0.7012,856,0
SPY190812P290,2019-08-09,2019-08-09 09:37:35,0.58,0.7073,6,0.57,0.6951,96,0.59,0.7195,5,0.575,0.7012,856,0
SPY190812P290,2019-08-09,2019-08-09 09:37:35,0.59,0.7195,420,0.57,0.6951,220,0.59,0.7195,5,0.58,0.7073,856,0
SPY190812P290,2019-08-09,2019-08-09 09:37:36,0.58,0.7073,68,0.57,0.6951,190,0.59,0.7195,5,0.575,0.7012,856,0
SPY190812P290,2019-08-09,2019-08-09 09:37:36,0.58,0.7073,12,0.57,0.6951,190,0.59,0.7195,5,0.575,0.7012,856,0
SPY190812P290,2019-08-09,2019-08-09 09:37:37,0.58,0.7073,74,0.56,0.6829,5,0.59,0.7195,5,0.57,0.6951,856,0
SPY190812P290,2019-08-09,2019-08-09 09:37:37,0.57,0.6951,9,0.56,0.6829,5,0.59,0.7195,5,0.565,0.689,856,0
SPY190812P290,2019-08-09,2019-08-09 09:37:38,0.57,0.6951,15,0.56,0.6829,5,0.59,0.7195,5,0.565,0.689,856,0
SPY190812P290,2019-08-09,2019-08-09 09:37:38,0.58,0.7073,1135,0.56,0.6829,91,0.59,0.7195,5,0.57,0.6951,856,0
SPY190812P290,2019-08-09,2019-08-09 09:37:39,0.57,0.6951,233,0.55,0.6707,321,0.59,0.7195,5,0.56,0.6829,856,0
SPY190812P290,2019-08-09,2019-08-09 09:37:39,0.57,0.6951,41,0.56,0.6829,6,0.59,0.7195,5,0.565,0.689,856,0
SPY190812P290,2019-08-09,2019-08-09 09:37:40,0.57,0.6951,144,0.56,0.6829,12,0.59,0.7195,5,0.565,0.689,856,0
SPY190812P290,2019-08-09,2019-08-09 09:37:40,0.57,0.6951,5,0.56,0.6829,6,0.59,0.7195,5,0.565,0.689,856,0
SPY190812P290,2019-08-09,2019-08-09 09:37:41,0.57,0.6951,409,0.56,0.6829,12,0.59,0.7195,5,0.565,0.689,856,0
SPY190812P290,2019-08-09,2019-08-09 09:37:42,0.56,0.6829,6,0.55,0.6707,315,0.59,0.7195,5,0.555,0.6768,856,0
SPY190812P290,2019-08-09,2019-08-09 09:37:42,0.56,0.6829,6,0.55,0.6707,348,0.59,0.7195,5,0.555,0.6768,856,0
SPY190812P290,2019-08-09,2019-08-09 09:37:43,0.56,0.6829,9,0.55,0.6707,286,0.59,0.7195,5,0.555,0.6768,856,0
SPY190812P290,2019-08-09,2019-08-09 09:37:43,0.56,0.6829,15,0.55,0.6707,286,0.59,0.7195,5,0.555,0.6768,856,0
SPY190812P290,2019-08-09,2019-08-09 09:37:45,0.56,0.6829,15,0.55,0.6707,233,0.59,0.7195,5,0.555,0.6768,856,0
SPY190812P290,2019-08-09,2019-08-09 09:37:45,0.56,0.6829,97,0.55,0.6707,31,0.59,0.7195,5,0.555,0.6768,856,0
SPY190812P290,2019-08-09,2019-08-09 09:37:46,0.56,0.6829,99,0.55,0.6707,6,0.59,0.7195,5,0.555,0.6768,856,0
SPY190812P290,2019-08-09,2019-08-09 09:37:46,0.57,0.6951,244,0.55,0.6707,229,0.59,0.7195,5,0.56,0.6829,856,0
SPY190812P290,2019-08-09,2019-08-09 09:37:47,0.56,0.6829,391,0.54,0.6585,269,0.59,0.7195,5,0.55,0.6707,856,0
SPY190812P290,2019-08-09,2019-08-09 09:37:47,0.56,0.6829,391,0.54,0.6585,411,0.59,0.7195,5,0.55,0.6707,856,0
SPY190812P290,2019-08-09,2019-08-09 09:37:48,0.55,0.6707,9,0.54,0.6585,411,0.59,0.7195,5,0.545,0.6646,856,0
SPY190812P290,2019-08-09,2019-08-09 09:37:49,0.55,0.6707,9,0.54,0.6585,411,0.59,0.7195,5,0.545,0.6646,856,0
SPY190812P290,2019-08-09,2019-08-09 09:37:50,0.56,0.6829,586,0.54,0.6585,227,0.59,0.7195,5,0.55,0.6707,856,0
SPY190812P290,2019-08-09,2019-08-09 09:37:50,0.55,0.6707,83,0.54,0.6585,152,0.59,0.7195,5,0.545,0.6646,856,0
SPY190812P290,2019-08-09,2019-08-09 09:37:51,0.55,0.6707,83,0.54,0.6585,152,0.59,0.7195,5,0.545,0.6646,856,0
SPY190812P290,2019-08-09,2019-08-09 09:37:52,0.55,0.6707,83,0.54,0.6585,102,0.59,0.7195,5,0.545,0.6646,856,0
SPY190812P290,2019-08-09,2019-08-09 09:37:53,0.54,0.6585,14,0.53,0.6463,237,0.59,0.7195,5,0.535,0.6524,856,0
SPY190812P290,2019-08-09,2019-08-09 09:37:53,0.55,0.6707,83,0.54,0.6585,102,0.59,0.7195,5,0.545,0.6646,856,0
SPY190812P290,2019-08-09,2019-08-09 09:37:54,0.54,0.6585,45,0.53,0.6463,278,0.59,0.7195,5,0.535,0.6524,856,0
SPY190812P290,2019-08-09,2019-08-09 09:37:54,0.54,0.6585,9,0.53,0.6463,137,0.59,0.7195,5,0.535,0.6524,856,0
SPY190812P290,2019-08-09,2019-08-09 09:37:55,0.54,0.6585,84,0.53,0.6463,278,0.59,0.7195,5,0.535,0.6524,856,0
SPY190812P290,2019-08-09,2019-08-09 09:37:56,0.54,0.6585,116,0.53,0.6463,146,0.59,0.7195,5,0.535,0.6524,856,0
SPY190812P290,2019-08-09,2019-08-09 09:37:56,0.54,0.6585,111,0.53,0.6463,278,0.59,0.7195,5,0.535,0.6524,856,0
SPY190812P290,2019-08-09,2019-08-09 09:37:57,0.54,0.6585,186,0.53,0.6463,175,0.59,0.7195,5,0.535,0.6524,856,0
SPY190812P290,2019-08-09,2019-08-09 09:37:57,0.54,0.6585,116,0.53,0.6463,146,0.59,0.7195,5,0.535,0.6524,856,0
SPY190812P290,2019-08-09,2019-08-09 09:37:58,0.54,0.6585,186,0.53,0.6463,175,0.59,0.7195,5,0.535,0.6524,856,0
SPY190812P290,2019-08-09,2019-08-09 09:37:58,0.54,0.6585,126,0.53,0.6463,175,0.59,0.7195,5,0.535,0.6524,856,0
SPY190812P290,2019-08-09,2019-08-09 09:37:59,0.54,0.6585,56,0.53,0.6463,96,0.59,0.7195,5,0.535,0.6524,856,0
SPY190812P290,2019-08-09,2019-08-09 09:38:00,0.54,0.6585,5,0.53,0.6463,248,0.59,0.7195,5,0.535,0.6524,856,0
SPY190812P290,2019-08-09,2019-08-09 09:38:00,0.54,0.6585,50,0.53,0.6463,42,0.59,0.7195,5,0.535,0.6524,856,0
SPY190812P290,2019-08-09,2019-08-09 09:38:01,0.54,0.6585,15,0.53,0.6463,251,0.59,0.7195,5,0.535,0.6524,856,0
SPY190812P290,2019-08-09,2019-08-09 09:38:01,0.54,0.6585,15,0.53,0.6463,631,0.59,0.7195,5,0.535,0.6524,856,0
SPY190812P290,2019-08-09,2019-08-09 09:38:02,0.55,0.6707,247,0.53,0.6463,797,0.59,0.7195,5,0.54,0.6585,856,0
SPY190812P290,2019-08-09,2019-08-09 09:38:03,0.55,0.6707,283,0.54,0.6585,12,0.59,0.7195,5,0.545,0.6646,856,0
SPY190812P290,2019-08-09,2019-08-09 09:38:03,0.55,0.6707,6,0.54,0.6585,176,0.59,0.7195,5,0.545,0.6646,856,0
SPY190812P290,2019-08-09,2019-08-09 09:38:04,0.55,0.6707,6,0.54,0.6585,176,0.59,0.7195,5,0.545,0.6646,856,0
SPY190812P290,2019-08-09,2019-08-09 09:38:05,0.56,0.6829,242,0.55,0.6707,90,0.59,0.7195,5,0.555,0.6768,856,0
SPY190812P290,2019-08-09,2019-08-09 09:38:06,0.56,0.6829,100,0.55,0.6707,154,0.59,0.7195,5,0.555,0.6768,856,0
SPY190812P290,2019-08-09,2019-08-09 09:38:07,0.56,0.6829,68,0.55,0.6707,325,0.59,0.7195,5,0.555,0.6768,856,0
SPY190812P290,2019-08-09,2019-08-09 09:38:07,0.56,0.6829,68,0.55,0.6707,286,0.59,0.7195,5,0.555,0.6768,856,0
SPY190812P290,2019-08-09,2019-08-09 09:38:08,0.56,0.6829,12,0.54,0.6585,604,0.59,0.7195,5,0.55,0.6707,856,0
SPY190812P290,2019-08-09,2019-08-09 09:38:08,0.56,0.6829,62,0.54,0.6585,846,0.59,0.7195,5,0.55,0.6707,856,0
SPY190812P290,2019-08-09,2019-08-09 09:38:09,0.56,0.6829,222,0.54,0.6585,924,0.59,0.7195,5,0.55,0.6707,856,0
SPY190812P290,2019-08-09,2019-08-09 09:38:09,0.56,0.6829,237,0.55,0.6707,5,0.59,0.7195,5,0.555,0.6768,856,0
SPY190812P290,2019-08-09,2019-08-09 09:38:10,0.56,0.6829,6,0.55,0.6707,754,0.59,0.7195,5,0.555,0.6768,856,0
SPY190812P290,2019-08-09,2019-08-09 09:38:10,0.56,0.6829,58,0.55,0.6707,339,0.59,0.7195,5,0.555,0.6768,856,0
SPY190812P290,2019-08-09,2019-08-09 09:38:11,0.57,0.6951,149,0.56,0.6829,18,0.56,0.6829,2,0.565,0.689,858,0
SPY190812P290,2019-08-09,2019-08-09 09:38:11,0.57,0.6951,149,0.56,0.6829,93,0.56,0.6829,2,0.565,0.689,858,2
SPY190812P290,2019-08-09,2019-08-09 09:38:12,0.57,0.6951,154,0.56,0.6829,93,0.56,0.6829,2,0.565,0.689,858,0
SPY190812P290,2019-08-09,2019-08-09 09:38:12,0.57,0.6951,154,0.56,0.6829,128,0.56,0.6829,2,0.565,0.689,858,0
SPY190812P290,2019-08-09,2019-08-09 09:38:13,0.57,0.6951,154,0.55,0.6707,755,0.56,0.6829,2,0.56,0.6829,858,0
SPY190812P290,2019-08-09,2019-08-09 09:38:13,0.56,0.6829,6,0.55,0.6707,1070,0.56,0.6829,2,0.555,0.6768,858,0
SPY190812P290,2019-08-09,2019-08-09 09:38:14,0.56,0.6829,19,0.55,0.6707,958,0.56,0.6829,2,0.555,0.6768,858,0
SPY190812P290,2019-08-09,2019-08-09 09:38:15,0.56,0.6829,48,0.55,0.6707,755,0.56,0.6829,2,0.555,0.6768,858,0
SPY190812P290,2019-08-09,2019-08-09 09:38:15,0.57,0.6951,347,0.55,0.6707,596,0.56,0.6829,2,0.56,0.6829,858,0
SPY190812P290,2019-08-09,2019-08-09 09:38:16,0.56,0.6829,5,0.55,0.6707,457,0.56,0.6829,2,0.555,0.6768,858,0
SPY190812P290,2019-08-09,2019-08-09 09:38:16,0.56,0.6829,64,0.55,0.6707,457,0.56,0.6829,2,0.555,0.6768,858,0
SPY190812P290,2019-08-09,2019-08-09 09:38:17,0.55,0.6707,6,0.54,0.6585,141,0.56,0.6829,2,0.545,0.6646,858,0
SPY190812P290,2019-08-09,2019-08-09 09:38:18,0.55,0.6707,247,0.53,0.6463,249,0.56,0.6829,2,0.54,0.6585,858,0
SPY190812P290,2019-08-09,2019-08-09 09:38:19,0.55,0.6707,367,0.54,0.6585,18,0.56,0.6829,2,0.545,0.6646,858,0
SPY190812P290,2019-08-09,2019-08-09 09:38:24,0.57,0.6951,123,0.56,0.6829,111,0.55,0.6707,5,0.565,0.689,863,5
SPY190812P290,2019-08-09,2019-08-09 09:38:24,0.57,0.6951,123,0.56,0.6829,123,0.55,0.6707,5,0.565,0.689,863,0
SPY190812P290,2019-08-09,2019-08-09 09:38:25,0.57,0.6951,100,0.56,0.6829,178,0.55,0.6707,5,0.565,0.689,863,0
SPY190812P290,2019-08-09,2019-08-09 09:38:25,0.57,0.6951,123,0.56,0.6829,123,0.55,0.6707,5,0.565,0.689,863,0
SPY190812P290,2019-08-09,2019-08-09 09:38:26,0.57,0.6951,5,0.56,0.6829,167,0.55,0.6707,5,0.565,0.689,863,0
SPY190812P290,2019-08-09,2019-08-09 09:38:26,0.57,0.6951,6,0.56,0.6829,111,0.55,0.6707,5,0.565,0.689,863,0
SPY190812P290,2019-08-09,2019-08-09 09:38:27,0.57,0.6951,2,0.56,0.6829,1341,0.55,0.6707,5,0.565,0.689,863,0
SPY190812P290,2019-08-09,2019-08-09 09:38:28,0.57,0.6951,2,0.56,0.6829,1452,0.55,0.6707,5,0.565,0.689,863,0
SPY190812P290,2019-08-09,2019-08-09 09:38:28,0.57,0.6951,2,0.56,0.6829,1451,0.55,0.6707,5,0.565,0.689,863,0
SPY190812P290,2019-08-09,2019-08-09 09:38:29,0.57,0.6951,2,0.56,0.6829,1497,0.55,0.6707,5,0.565,0.689,863,0
SPY190812P290,2019-08-09,2019-08-09 09:38:29,0.57,0.6951,2,0.56,0.6829,1529,0.55,0.6707,5,0.565,0.689,863,0
SPY190812P290,2019-08-09,2019-08-09 09:38:30,0.57,0.6951,2,0.56,0.6829,1497,0.55,0.6707,5,0.565,0.689,863,0
SPY190812P290,2019-08-09,2019-08-09 09:38:30,0.57,0.6951,2,0.56,0.6829,1338,0.55,0.6707,5,0.565,0.689,863,0
SPY190812P290,2019-08-09,2019-08-09 09:38:31,0.57,0.6951,2,0.56,0.6829,876,0.55,0.6707,5,0.565,0.689,863,0
SPY190812P290,2019-08-09,2019-08-09 09:38:31,0.57,0.6951,2,0.56,0.6829,953,0.55,0.6707,5,0.565,0.689,863,0
SPY190812P290,2019-08-09,2019-08-09 09:38:32,0.57,0.6951,6,0.56,0.6829,1026,0.55,0.6707,5,0.565,0.689,863,0
SPY190812P290,2019-08-09,2019-08-09 09:38:32,0.57,0.6951,2,0.56,0.6829,1066,0.55,0.6707,5,0.565,0.689,863,0
SPY190812P290,2019-08-09,2019-08-09 09:38:33,0.57,0.6951,18,0.56,0.6829,86,0.55,0.6707,5,0.565,0.689,863,0
SPY190812P290,2019-08-09,2019-08-09 09:38:33,0.57,0.6951,6,0.56,0.6829,108,0.57,0.6951,2,0.565,0.689,865,2
SPY190812P290,2019-08-09,2019-08-09 09:38:34,0.57,0.6951,33,0.56,0.6829,123,0.57,0.6951,2,0.565,0.689,865,0
SPY190812P290,2019-08-09,2019-08-09 09:38:34,0.57,0.6951,6,0.56,0.6829,263,0.57,0.6951,2,0.565,0.689,865,0
SPY190812P290,2019-08-09,2019-08-09 09:38:35,0.57,0.6951,346,0.55,0.6707,447,0.57,0.6951,2,0.56,0.6829,865,0
SPY190812P290,2019-08-09,2019-08-09 09:38:35,0.57,0.6951,70,0.55,0.6707,41,0.57,0.6951,2,0.56,0.6829,865,0
SPY190812P290,2019-08-09,2019-08-09 09:38:36,0.57,0.6951,346,0.55,0.6707,447,0.57,0.6951,2,0.56,0.6829,865,0
SPY190812P290,2019-08-09,2019-08-09 09:38:36,0.56,0.6829,58,0.55,0.6707,254,0.57,0.6951,2,0.555,0.6768,865,0
SPY190812P290,2019-08-09,2019-08-09 09:38:37,0.57,0.6951,699,0.56,0.6829,36,0.57,0.6951,2,0.565,0.689,865,0
SPY190812P290,2019-08-09,2019-08-09 09:38:38,0.57,0.6951,258,0.55,0.6707,195,0.57,0.6951,2,0.56,0.6829,865,0
