symbol,Date,quote_time,ask_price,norm_ask_price,ask_size,bid_price,norm_bid_price,bid_size,last_trade_price,norm_last_trade_price,last_trade_size,mark_price,norm_mark_price,volume,Volume
SPY190828C292,2019-08-27,2019-08-27 09:30:00,0.5,1.0,60,0.46,0.92,128,0.38,0.76,1,0.48,0.96,0,0
SPY190828C292,2019-08-27,2019-08-27 09:30:00,0.5,1.0,60,0.28,0.56,2,0.49,0.98,1,0.39,0.78,33,33
SPY190828C292,2019-08-27,2019-08-27 09:30:01,0.51,1.02,136,0.47,0.94,461,0.49,0.98,1,0.49,0.98,33,0
SPY190828C292,2019-08-27,2019-08-27 09:30:02,0.5,1.0,169,0.47,0.94,428,0.5,1.0,1,0.485,0.97,44,0
SPY190828C292,2019-08-27,2019-08-27 09:30:02,0.5,1.0,206,0.47,0.94,461,0.5,1.0,1,0.485,0.97,44,11
SPY190828C292,2019-08-27,2019-08-27 09:30:03,0.5,1.0,180,0.48,0.96,80,0.48,0.96,4,0.49,0.98,48,4
SPY190828C292,2019-08-27,2019-08-27 09:30:03,0.49,0.98,141,0.48,0.96,80,0.5,1.0,1,0.485,0.97,44,0
SPY190828C292,2019-08-27,2019-08-27 09:30:04,0.5,1.0,180,0.45,0.9,448,0.48,0.96,4,0.475,0.95,48,0
SPY190828C292,2019-08-27,2019-08-27 09:30:04,0.5,1.0,187,0.45,0.9,448,0.48,0.96,4,0.475,0.95,48,0
SPY190828C292,2019-08-27,2019-08-27 09:30:05,0.5,1.0,160,0.45,0.9,424,0.48,0.96,4,0.475,0.95,48,0
SPY190828C292,2019-08-27,2019-08-27 09:30:06,0.5,1.0,160,0.45,0.9,424,0.48,0.96,4,0.475,0.95,48,0
SPY190828C292,2019-08-27,2019-08-27 09:30:06,0.5,1.0,160,0.45,0.9,650,0.48,0.96,4,0.475,0.95,48,0
SPY190828C292,2019-08-27,2019-08-27 09:30:07,0.49,0.98,136,0.45,0.9,650,0.48,0.96,4,0.47,0.94,48,0
SPY190828C292,2019-08-27,2019-08-27 09:30:08,0.49,0.98,136,0.45,0.9,650,0.48,0.96,4,0.47,0.94,48,0
SPY190828C292,2019-08-27,2019-08-27 09:30:08,0.48,0.96,120,0.46,0.92,90,0.48,0.96,4,0.47,0.94,48,0
SPY190828C292,2019-08-27,2019-08-27 09:30:09,0.48,0.96,120,0.46,0.92,90,0.46,0.92,2,0.47,0.94,63,15
SPY190828C292,2019-08-27,2019-08-27 09:30:09,0.48,0.96,120,0.46,0.92,90,0.46,0.92,2,0.47,0.94,63,0
SPY190828C292,2019-08-27,2019-08-27 09:30:10,0.48,0.96,120,0.46,0.92,90,0.46,0.92,2,0.47,0.94,63,0
SPY190828C292,2019-08-27,2019-08-27 09:30:11,0.49,0.98,360,0.46,0.92,90,0.46,0.92,2,0.475,0.95,63,0
SPY190828C292,2019-08-27,2019-08-27 09:30:12,0.49,0.98,300,0.46,0.92,90,0.46,0.92,2,0.475,0.95,63,0
SPY190828C292,2019-08-27,2019-08-27 09:30:12,0.49,0.98,300,0.46,0.92,90,0.47,0.94,10,0.475,0.95,73,10
SPY190828C292,2019-08-27,2019-08-27 09:30:13,0.49,0.98,300,0.46,0.92,90,0.47,0.94,10,0.475,0.95,73,0
SPY190828C292,2019-08-27,2019-08-27 09:30:14,0.49,0.98,300,0.46,0.92,90,0.47,0.94,4,0.475,0.95,77,0
SPY190828C292,2019-08-27,2019-08-27 09:30:14,0.49,0.98,300,0.46,0.92,90,0.47,0.94,4,0.475,0.95,77,4
SPY190828C292,2019-08-27,2019-08-27 09:30:15,0.49,0.98,300,0.46,0.92,108,0.47,0.94,4,0.475,0.95,77,0
SPY190828C292,2019-08-27,2019-08-27 09:30:16,0.49,0.98,300,0.46,0.92,108,0.47,0.94,4,0.475,0.95,77,0
SPY190828C292,2019-08-27,2019-08-27 09:30:17,0.49,0.98,300,0.46,0.92,108,0.47,0.94,4,0.475,0.95,77,0
SPY190828C292,2019-08-27,2019-08-27 09:30:18,0.49,0.98,300,0.46,0.92,108,0.47,0.94,4,0.475,0.95,77,0
SPY190828C292,2019-08-27,2019-08-27 09:30:19,0.48,0.96,141,0.47,0.94,94,0.47,0.94,4,0.475,0.95,77,0
SPY190828C292,2019-08-27,2019-08-27 09:30:20,0.49,0.98,300,0.47,0.94,94,0.47,0.94,4,0.48,0.96,77,0
SPY190828C292,2019-08-27,2019-08-27 09:30:21,0.49,0.98,300,0.47,0.94,94,0.47,0.94,4,0.48,0.96,77,0
SPY190828C292,2019-08-27,2019-08-27 09:30:22,0.49,0.98,300,0.47,0.94,94,0.47,0.94,4,0.48,0.96,77,0
SPY190828C292,2019-08-27,2019-08-27 09:30:23,0.49,0.98,300,0.47,0.94,94,0.47,0.94,4,0.48,0.96,77,0
SPY190828C292,2019-08-27,2019-08-27 09:30:24,0.48,0.96,14,0.47,0.94,97,0.47,0.94,4,0.475,0.95,81,4
SPY190828C292,2019-08-27,2019-08-27 09:30:24,0.48,0.96,14,0.47,0.94,97,0.47,0.94,4,0.475,0.95,77,0
SPY190828C292,2019-08-27,2019-08-27 09:30:25,0.49,0.98,185,0.47,0.94,94,0.47,0.94,4,0.48,0.96,81,0
SPY190828C292,2019-08-27,2019-08-27 09:30:25,0.49,0.98,283,0.47,0.94,97,0.47,0.94,4,0.48,0.96,81,0
SPY190828C292,2019-08-27,2019-08-27 09:30:26,0.48,0.96,643,0.46,0.92,144,0.47,0.94,4,0.47,0.94,81,0
SPY190828C292,2019-08-27,2019-08-27 09:30:26,0.49,0.98,185,0.46,0.92,394,0.47,0.94,4,0.475,0.95,81,0
SPY190828C292,2019-08-27,2019-08-27 09:30:27,0.48,0.96,261,0.46,0.92,489,0.47,0.94,4,0.47,0.94,81,0
SPY190828C292,2019-08-27,2019-08-27 09:30:27,0.48,0.96,932,0.46,0.92,500,0.47,0.94,4,0.47,0.94,81,0
SPY190828C292,2019-08-27,2019-08-27 09:30:28,0.48,0.96,242,0.47,0.94,30,0.47,0.94,4,0.475,0.95,81,0
SPY190828C292,2019-08-27,2019-08-27 09:30:28,0.48,0.96,932,0.47,0.94,5,0.47,0.94,4,0.475,0.95,81,0
SPY190828C292,2019-08-27,2019-08-27 09:30:29,0.48,0.96,65,0.47,0.94,231,0.47,0.94,4,0.475,0.95,81,0
SPY190828C292,2019-08-27,2019-08-27 09:30:29,0.48,0.96,141,0.47,0.94,5,0.47,0.94,4,0.475,0.95,81,0
SPY190828C292,2019-08-27,2019-08-27 09:30:30,0.48,0.96,5,0.47,0.94,5,0.47,0.94,4,0.475,0.95,81,0
SPY190828C292,2019-08-27,2019-08-27 09:30:30,0.49,0.98,1065,0.47,0.94,5,0.47,0.94,4,0.48,0.96,81,0
SPY190828C292,2019-08-27,2019-08-27 09:30:31,0.48,0.96,5,0.47,0.94,5,0.47,0.94,4,0.475,0.95,81,0
SPY190828C292,2019-08-27,2019-08-27 09:30:32,0.48,0.96,5,0.47,0.94,5,0.47,0.94,4,0.475,0.95,81,0
SPY190828C292,2019-08-27,2019-08-27 09:30:33,0.48,0.96,5,0.47,0.94,5,0.47,0.94,4,0.475,0.95,81,0
SPY190828C292,2019-08-27,2019-08-27 09:30:34,0.48,0.96,5,0.47,0.94,5,0.47,0.94,4,0.475,0.95,81,0
SPY190828C292,2019-08-27,2019-08-27 09:30:34,0.48,0.96,5,0.47,0.94,14,0.47,0.94,4,0.475,0.95,81,0
SPY190828C292,2019-08-27,2019-08-27 09:30:35,0.48,0.96,188,0.47,0.94,5,0.47,0.94,4,0.475,0.95,81,0
SPY190828C292,2019-08-27,2019-08-27 09:30:36,0.48,0.96,215,0.47,0.94,5,0.47,0.94,4,0.475,0.95,81,0
SPY190828C292,2019-08-27,2019-08-27 09:30:36,0.48,0.96,936,0.47,0.94,5,0.47,0.94,4,0.475,0.95,81,0
SPY190828C292,2019-08-27,2019-08-27 09:30:37,0.48,0.96,372,0.47,0.94,5,0.47,0.94,4,0.475,0.95,81,0
SPY190828C292,2019-08-27,2019-08-27 09:30:37,0.48,0.96,936,0.47,0.94,121,0.47,0.94,4,0.475,0.95,81,0
SPY190828C292,2019-08-27,2019-08-27 09:30:38,0.48,0.96,108,0.46,0.92,620,0.47,0.94,4,0.47,0.94,81,0
SPY190828C292,2019-08-27,2019-08-27 09:30:38,0.48,0.96,248,0.47,0.94,5,0.47,0.94,4,0.475,0.95,81,0
SPY190828C292,2019-08-27,2019-08-27 09:30:39,0.47,0.94,90,0.46,0.92,5,0.47,0.94,4,0.465,0.93,81,0
SPY190828C292,2019-08-27,2019-08-27 09:30:39,0.48,0.96,344,0.47,0.94,3,0.47,0.94,4,0.475,0.95,81,0
SPY190828C292,2019-08-27,2019-08-27 09:30:40,0.47,0.94,90,0.46,0.92,100,0.47,0.94,4,0.465,0.93,81,0
SPY190828C292,2019-08-27,2019-08-27 09:30:41,0.47,0.94,170,0.46,0.92,5,0.47,0.94,4,0.465,0.93,81,0
SPY190828C292,2019-08-27,2019-08-27 09:30:41,0.47,0.94,95,0.46,0.92,100,0.47,0.94,4,0.465,0.93,81,0
SPY190828C292,2019-08-27,2019-08-27 09:30:42,0.47,0.94,104,0.46,0.92,5,0.47,0.94,4,0.465,0.93,81,0
SPY190828C292,2019-08-27,2019-08-27 09:30:42,0.47,0.94,136,0.46,0.92,84,0.47,0.94,4,0.465,0.93,81,0
SPY190828C292,2019-08-27,2019-08-27 09:30:43,0.47,0.94,394,0.46,0.92,83,0.46,0.92,1,0.465,0.93,82,1
SPY190828C292,2019-08-27,2019-08-27 09:30:43,0.47,0.94,248,0.46,0.92,84,0.47,0.94,4,0.465,0.93,81,0
SPY190828C292,2019-08-27,2019-08-27 09:30:44,0.47,0.94,90,0.46,0.92,83,0.46,0.92,1,0.465,0.93,82,0
SPY190828C292,2019-08-27,2019-08-27 09:30:44,0.48,0.96,1648,0.46,0.92,179,0.46,0.92,1,0.47,0.94,82,0
SPY190828C292,2019-08-27,2019-08-27 09:30:45,0.47,0.94,90,0.46,0.92,90,0.46,0.92,1,0.465,0.93,82,0
SPY190828C292,2019-08-27,2019-08-27 09:30:46,0.47,0.94,14,0.46,0.92,90,0.46,0.92,1,0.465,0.93,82,0
SPY190828C292,2019-08-27,2019-08-27 09:30:46,0.47,0.94,14,0.46,0.92,75,0.46,0.92,1,0.465,0.93,82,0
SPY190828C292,2019-08-27,2019-08-27 09:30:47,0.47,0.94,245,0.46,0.92,11,0.46,0.92,1,0.465,0.93,82,0
SPY190828C292,2019-08-27,2019-08-27 09:30:47,0.47,0.94,245,0.46,0.92,5,0.46,0.92,1,0.465,0.93,82,0
SPY190828C292,2019-08-27,2019-08-27 09:30:48,0.47,0.94,245,0.46,0.92,14,0.46,0.92,1,0.465,0.93,82,0
SPY190828C292,2019-08-27,2019-08-27 09:30:48,0.47,0.94,245,0.45,0.9,685,0.46,0.92,1,0.46,0.92,82,0
SPY190828C292,2019-08-27,2019-08-27 09:30:49,0.46,0.92,14,0.45,0.9,774,0.46,0.92,1,0.455,0.91,82,0
SPY190828C292,2019-08-27,2019-08-27 09:30:49,0.47,0.94,312,0.45,0.9,1153,0.46,0.92,1,0.46,0.92,82,0
SPY190828C292,2019-08-27,2019-08-27 09:30:50,0.46,0.92,3,0.45,0.9,895,0.46,0.92,1,0.455,0.91,82,0
SPY190828C292,2019-08-27,2019-08-27 09:30:50,0.47,0.94,472,0.45,0.9,1127,0.46,0.92,1,0.46,0.92,82,0
SPY190828C292,2019-08-27,2019-08-27 09:30:51,0.47,0.94,472,0.45,0.9,1127,0.46,0.92,1,0.46,0.92,82,0
SPY190828C292,2019-08-27,2019-08-27 09:30:51,0.47,0.94,472,0.45,0.9,1259,0.46,0.92,1,0.46,0.92,82,0
SPY190828C292,2019-08-27,2019-08-27 09:30:52,0.46,0.92,26,0.45,0.9,2328,0.46,0.92,1,0.455,0.91,82,0
SPY190828C292,2019-08-27,2019-08-27 09:30:52,0.46,0.92,26,0.45,0.9,1707,0.46,0.92,1,0.455,0.91,82,0
SPY190828C292,2019-08-27,2019-08-27 09:30:53,0.46,0.92,26,0.45,0.9,1526,0.46,0.92,1,0.455,0.91,82,0
SPY190828C292,2019-08-27,2019-08-27 09:30:53,0.46,0.92,26,0.45,0.9,2328,0.46,0.92,1,0.455,0.91,82,0
SPY190828C292,2019-08-27,2019-08-27 09:30:54,0.46,0.92,26,0.46,0.92,186,0.46,0.92,25,0.46,0.92,111,29
SPY190828C292,2019-08-27,2019-08-27 09:30:54,0.47,0.94,218,0.46,0.92,140,0.46,0.92,25,0.465,0.93,111,0
SPY190828C292,2019-08-27,2019-08-27 09:30:55,0.47,0.94,140,0.46,0.92,140,0.46,0.92,25,0.465,0.93,111,0
SPY190828C292,2019-08-27,2019-08-27 09:30:56,0.47,0.94,15,0.46,0.92,186,0.46,0.92,25,0.465,0.93,111,0
SPY190828C292,2019-08-27,2019-08-27 09:30:56,0.47,0.94,161,0.46,0.92,166,0.46,0.92,25,0.465,0.93,111,0
SPY190828C292,2019-08-27,2019-08-27 09:30:57,0.47,0.94,94,0.46,0.92,202,0.46,0.92,25,0.465,0.93,111,0
SPY190828C292,2019-08-27,2019-08-27 09:30:57,0.47,0.94,15,0.46,0.92,810,0.46,0.92,25,0.465,0.93,111,0
SPY190828C292,2019-08-27,2019-08-27 09:30:58,0.47,0.94,181,0.46,0.92,202,0.46,0.92,25,0.465,0.93,111,0
SPY190828C292,2019-08-27,2019-08-27 09:30:59,0.47,0.94,15,0.46,0.92,970,0.46,0.92,25,0.465,0.93,111,0
SPY190828C292,2019-08-27,2019-08-27 09:30:59,0.47,0.94,15,0.46,0.92,1538,0.46,0.92,25,0.465,0.93,111,0
SPY190828C292,2019-08-27,2019-08-27 09:31:00,0.47,0.94,15,0.46,0.92,1807,0.46,0.92,25,0.465,0.93,111,0
SPY190828C292,2019-08-27,2019-08-27 09:31:00,0.47,0.94,15,0.46,0.92,1002,0.46,0.92,25,0.465,0.93,111,0
SPY190828C292,2019-08-27,2019-08-27 09:31:01,0.47,0.94,15,0.46,0.92,1903,0.46,0.92,25,0.465,0.93,111,0
SPY190828C292,2019-08-27,2019-08-27 09:31:02,0.47,0.94,15,0.46,0.92,2041,0.46,0.92,25,0.465,0.93,111,0
SPY190828C292,2019-08-27,2019-08-27 09:31:02,0.48,0.96,5,0.47,0.94,405,0.47,0.94,15,0.475,0.95,126,15
SPY190828C292,2019-08-27,2019-08-27 09:31:03,0.48,0.96,5,0.47,0.94,1478,0.48,0.96,12,0.475,0.95,138,12
SPY190828C292,2019-08-27,2019-08-27 09:31:03,0.48,0.96,5,0.47,0.94,1776,0.48,0.96,12,0.475,0.95,138,0
SPY190828C292,2019-08-27,2019-08-27 09:31:04,0.48,0.96,5,0.47,0.94,1776,0.48,0.96,12,0.475,0.95,138,0
SPY190828C292,2019-08-27,2019-08-27 09:31:04,0.48,0.96,5,0.47,0.94,1306,0.48,0.96,12,0.475,0.95,138,0
SPY190828C292,2019-08-27,2019-08-27 09:31:05,0.48,0.96,5,0.47,0.94,394,0.48,0.96,12,0.475,0.95,138,0
SPY190828C292,2019-08-27,2019-08-27 09:31:05,0.48,0.96,5,0.47,0.94,316,0.47,0.94,1,0.475,0.95,141,3
SPY190828C292,2019-08-27,2019-08-27 09:31:06,0.48,0.96,5,0.47,0.94,198,0.47,0.94,2,0.475,0.95,143,2
SPY190828C292,2019-08-27,2019-08-27 09:31:06,0.48,0.96,5,0.47,0.94,1388,0.47,0.94,1,0.475,0.95,141,0
SPY190828C292,2019-08-27,2019-08-27 09:31:07,0.48,0.96,5,0.47,0.94,552,0.47,0.94,2,0.475,0.95,143,0
SPY190828C292,2019-08-27,2019-08-27 09:31:08,0.48,0.96,5,0.47,0.94,1313,0.47,0.94,2,0.475,0.95,143,0
SPY190828C292,2019-08-27,2019-08-27 09:31:08,0.48,0.96,5,0.47,0.94,190,0.47,0.94,2,0.475,0.95,143,0
SPY190828C292,2019-08-27,2019-08-27 09:31:09,0.48,0.96,5,0.47,0.94,190,0.47,0.94,2,0.475,0.95,143,0
SPY190828C292,2019-08-27,2019-08-27 09:31:09,0.48,0.96,5,0.47,0.94,306,0.47,0.94,2,0.475,0.95,143,0
SPY190828C292,2019-08-27,2019-08-27 09:31:10,0.48,0.96,5,0.47,0.94,80,0.47,0.94,2,0.475,0.95,143,0
SPY190828C292,2019-08-27,2019-08-27 09:31:11,0.48,0.96,5,0.46,0.92,646,0.47,0.94,2,0.47,0.94,143,0
SPY190828C292,2019-08-27,2019-08-27 09:31:11,0.48,0.96,5,0.46,0.92,896,0.47,0.94,2,0.47,0.94,143,0
SPY190828C292,2019-08-27,2019-08-27 09:31:12,0.48,0.96,5,0.46,0.92,186,0.47,0.94,2,0.47,0.94,143,0
SPY190828C292,2019-08-27,2019-08-27 09:31:12,0.47,0.94,3,0.46,0.92,414,0.47,0.94,2,0.465,0.93,143,0
SPY190828C292,2019-08-27,2019-08-27 09:31:13,0.48,0.96,332,0.46,0.92,197,0.47,0.94,2,0.47,0.94,143,0
SPY190828C292,2019-08-27,2019-08-27 09:31:13,0.48,0.96,162,0.47,0.94,14,0.47,0.94,2,0.475,0.95,143,0
SPY190828C292,2019-08-27,2019-08-27 09:31:14,0.47,0.94,5,0.45,0.9,186,0.46,0.92,15,0.46,0.92,159,15
SPY190828C292,2019-08-27,2019-08-27 09:31:14,0.47,0.94,11,0.46,0.92,107,0.48,0.96,1,0.465,0.93,144,1
SPY190828C292,2019-08-27,2019-08-27 09:31:15,0.46,0.92,14,0.45,0.9,237,0.46,0.92,15,0.455,0.91,159,0
SPY190828C292,2019-08-27,2019-08-27 09:31:15,0.47,0.94,154,0.46,0.92,14,0.46,0.92,15,0.465,0.93,159,0
SPY190828C292,2019-08-27,2019-08-27 09:31:16,0.46,0.92,14,0.45,0.9,90,0.46,0.92,15,0.455,0.91,159,0
SPY190828C292,2019-08-27,2019-08-27 09:31:17,0.46,0.92,3,0.45,0.9,101,0.46,0.92,15,0.455,0.91,159,0
SPY190828C292,2019-08-27,2019-08-27 09:31:17,0.46,0.92,10,0.45,0.9,101,0.46,0.92,15,0.455,0.91,159,0
SPY190828C292,2019-08-27,2019-08-27 09:31:18,0.46,0.92,10,0.45,0.9,14,0.46,0.92,15,0.455,0.91,159,0
SPY190828C292,2019-08-27,2019-08-27 09:31:18,0.46,0.92,10,0.45,0.9,5,0.46,0.92,15,0.455,0.91,159,0
SPY190828C292,2019-08-27,2019-08-27 09:31:19,0.46,0.92,176,0.45,0.9,5,0.46,0.92,15,0.455,0.91,159,0
SPY190828C292,2019-08-27,2019-08-27 09:31:19,0.46,0.92,45,0.45,0.9,5,0.46,0.92,15,0.455,0.91,159,0
SPY190828C292,2019-08-27,2019-08-27 09:31:20,0.46,0.92,817,0.45,0.9,5,0.46,0.92,15,0.455,0.91,159,0
SPY190828C292,2019-08-27,2019-08-27 09:31:20,0.46,0.92,586,0.45,0.9,5,0.46,0.92,15,0.455,0.91,159,0
SPY190828C292,2019-08-27,2019-08-27 09:31:21,0.46,0.92,834,0.44,0.88,225,0.44,0.88,1,0.45,0.9,168,1
SPY190828C292,2019-08-27,2019-08-27 09:31:21,0.45,0.9,1,0.44,0.88,225,0.45,0.9,3,0.445,0.89,167,8
SPY190828C292,2019-08-27,2019-08-27 09:31:22,0.45,0.9,5,0.43,0.86,310,0.44,0.88,1,0.44,0.88,168,0
SPY190828C292,2019-08-27,2019-08-27 09:31:23,0.45,0.9,5,0.44,0.88,14,0.44,0.88,1,0.445,0.89,168,0
SPY190828C292,2019-08-27,2019-08-27 09:31:23,0.45,0.9,5,0.43,0.86,1263,0.44,0.88,1,0.44,0.88,168,0
SPY190828C292,2019-08-27,2019-08-27 09:31:24,0.45,0.9,145,0.44,0.88,14,0.44,0.88,1,0.445,0.89,168,0
SPY190828C292,2019-08-27,2019-08-27 09:31:24,0.45,0.9,100,0.44,0.88,14,0.44,0.88,1,0.445,0.89,168,0
SPY190828C292,2019-08-27,2019-08-27 09:31:25,0.45,0.9,357,0.44,0.88,3,0.44,0.88,1,0.445,0.89,168,0
SPY190828C292,2019-08-27,2019-08-27 09:31:25,0.45,0.9,128,0.44,0.88,14,0.44,0.88,1,0.445,0.89,168,0
SPY190828C292,2019-08-27,2019-08-27 09:31:26,0.45,0.9,343,0.43,0.86,517,0.43,0.86,2,0.44,0.88,170,2
SPY190828C292,2019-08-27,2019-08-27 09:31:26,0.45,0.9,1088,0.43,0.86,645,0.43,0.86,2,0.44,0.88,170,0
SPY190828C292,2019-08-27,2019-08-27 09:31:27,0.45,0.9,155,0.44,0.88,14,0.43,0.86,2,0.445,0.89,170,0
SPY190828C292,2019-08-27,2019-08-27 09:31:27,0.45,0.9,1088,0.43,0.86,645,0.43,0.86,2,0.44,0.88,170,0
SPY190828C292,2019-08-27,2019-08-27 09:31:28,0.45,0.9,155,0.44,0.88,14,0.43,0.86,2,0.445,0.89,170,0
SPY190828C292,2019-08-27,2019-08-27 09:31:28,0.45,0.9,492,0.43,0.86,129,0.43,0.86,2,0.44,0.88,170,0
SPY190828C292,2019-08-27,2019-08-27 09:31:29,0.45,0.9,469,0.43,0.86,312,0.43,0.86,2,0.44,0.88,170,0
SPY190828C292,2019-08-27,2019-08-27 09:31:29,0.45,0.9,469,0.43,0.86,836,0.43,0.86,2,0.44,0.88,170,0
SPY190828C292,2019-08-27,2019-08-27 09:31:30,0.45,0.9,1137,0.43,0.86,836,0.43,0.86,2,0.44,0.88,170,0
SPY190828C292,2019-08-27,2019-08-27 09:31:30,0.45,0.9,469,0.43,0.86,836,0.43,0.86,2,0.44,0.88,170,0
SPY190828C292,2019-08-27,2019-08-27 09:31:31,0.45,0.9,256,0.43,0.86,108,0.43,0.86,2,0.44,0.88,170,0
SPY190828C292,2019-08-27,2019-08-27 09:31:31,0.45,0.9,1637,0.43,0.86,1769,0.43,0.86,2,0.44,0.88,170,0
SPY190828C292,2019-08-27,2019-08-27 09:31:32,0.45,0.9,327,0.43,0.86,1181,0.43,0.86,2,0.44,0.88,170,0
SPY190828C292,2019-08-27,2019-08-27 09:31:33,0.45,0.9,672,0.43,0.86,423,0.43,0.86,2,0.44,0.88,170,0
SPY190828C292,2019-08-27,2019-08-27 09:31:33,0.45,0.9,282,0.44,0.88,14,0.43,0.86,2,0.445,0.89,170,0
SPY190828C292,2019-08-27,2019-08-27 09:31:34,0.45,0.9,1432,0.43,0.86,872,0.43,0.86,2,0.44,0.88,170,0
SPY190828C292,2019-08-27,2019-08-27 09:31:34,0.44,0.88,14,0.43,0.86,1028,0.43,0.86,2,0.435,0.87,170,0
SPY190828C292,2019-08-27,2019-08-27 09:31:35,0.44,0.88,14,0.41,0.82,667,0.43,0.86,2,0.425,0.85,170,0
SPY190828C292,2019-08-27,2019-08-27 09:31:35,0.44,0.88,14,0.43,0.86,710,0.43,0.86,2,0.435,0.87,170,0
SPY190828C292,2019-08-27,2019-08-27 09:31:36,0.44,0.88,9,0.42,0.84,755,0.43,0.86,2,0.43,0.86,170,0
SPY190828C292,2019-08-27,2019-08-27 09:31:36,0.44,0.88,9,0.42,0.84,671,0.43,0.86,2,0.43,0.86,170,0
SPY190828C292,2019-08-27,2019-08-27 09:31:37,0.44,0.88,9,0.42,0.84,830,0.43,0.86,2,0.43,0.86,170,0
SPY190828C292,2019-08-27,2019-08-27 09:31:37,0.44,0.88,14,0.43,0.86,14,0.43,0.86,2,0.435,0.87,170,0
SPY190828C292,2019-08-27,2019-08-27 09:31:38,0.44,0.88,4,0.43,0.86,5,0.43,0.86,2,0.435,0.87,170,0
SPY190828C292,2019-08-27,2019-08-27 09:31:38,0.44,0.88,281,0.42,0.84,1842,0.43,0.86,2,0.43,0.86,170,0
SPY190828C292,2019-08-27,2019-08-27 09:31:39,0.44,0.88,281,0.42,0.84,1842,0.43,0.86,2,0.43,0.86,170,0
SPY190828C292,2019-08-27,2019-08-27 09:31:39,0.44,0.88,999,0.42,0.84,1842,0.43,0.86,2,0.43,0.86,170,0
SPY190828C292,2019-08-27,2019-08-27 09:31:40,0.44,0.88,898,0.42,0.84,1134,0.43,0.86,2,0.43,0.86,170,0
SPY190828C292,2019-08-27,2019-08-27 09:31:40,0.44,0.88,1141,0.42,0.84,1842,0.43,0.86,2,0.43,0.86,170,0
SPY190828C292,2019-08-27,2019-08-27 09:31:41,0.44,0.88,1479,0.42,0.84,1711,0.43,0.86,2,0.43,0.86,170,0
SPY190828C292,2019-08-27,2019-08-27 09:31:42,0.44,0.88,402,0.42,0.84,256,0.43,0.86,2,0.43,0.86,170,0
SPY190828C292,2019-08-27,2019-08-27 09:31:42,0.44,0.88,622,0.42,0.84,256,0.43,0.86,2,0.43,0.86,170,0
SPY190828C292,2019-08-27,2019-08-27 09:31:43,0.44,0.88,928,0.42,0.84,1153,0.43,0.86,2,0.43,0.86,170,0
SPY190828C292,2019-08-27,2019-08-27 09:31:43,0.44,0.88,248,0.42,0.84,968,0.43,0.86,2,0.43,0.86,170,0
SPY190828C292,2019-08-27,2019-08-27 09:31:44,0.44,0.88,928,0.43,0.86,3,0.43,0.86,2,0.435,0.87,170,0
SPY190828C292,2019-08-27,2019-08-27 09:31:45,0.44,0.88,928,0.43,0.86,13,0.43,0.86,1,0.435,0.87,171,1
SPY190828C292,2019-08-27,2019-08-27 09:31:45,0.44,0.88,970,0.42,0.84,650,0.43,0.86,1,0.43,0.86,171,0
SPY190828C292,2019-08-27,2019-08-27 09:31:46,0.44,0.88,1080,0.43,0.86,10,0.43,0.86,5,0.435,0.87,176,5
SPY190828C292,2019-08-27,2019-08-27 09:31:46,0.44,0.88,970,0.42,0.84,650,0.43,0.86,1,0.43,0.86,171,0
SPY190828C292,2019-08-27,2019-08-27 09:31:47,0.44,0.88,956,0.43,0.86,10,0.43,0.86,5,0.435,0.87,176,0
SPY190828C292,2019-08-27,2019-08-27 09:31:47,0.44,0.88,351,0.43,0.86,10,0.43,0.86,5,0.435,0.87,176,0
SPY190828C292,2019-08-27,2019-08-27 09:31:48,0.44,0.88,792,0.43,0.86,47,0.43,0.86,5,0.435,0.87,176,0
SPY190828C292,2019-08-27,2019-08-27 09:31:48,0.44,0.88,616,0.43,0.86,47,0.43,0.86,5,0.435,0.87,176,0
SPY190828C292,2019-08-27,2019-08-27 09:31:49,0.44,0.88,4,0.43,0.86,918,0.43,0.86,5,0.435,0.87,176,0
SPY190828C292,2019-08-27,2019-08-27 09:31:49,0.44,0.88,4,0.43,0.86,967,0.43,0.86,5,0.435,0.87,176,0
SPY190828C292,2019-08-27,2019-08-27 09:31:50,0.44,0.88,4,0.43,0.86,111,0.43,0.86,5,0.435,0.87,176,0
SPY190828C292,2019-08-27,2019-08-27 09:31:50,0.44,0.88,10,0.43,0.86,161,0.43,0.86,5,0.435,0.87,176,0
SPY190828C292,2019-08-27,2019-08-27 09:31:51,0.44,0.88,10,0.43,0.86,195,0.43,0.86,5,0.435,0.87,176,0
SPY190828C292,2019-08-27,2019-08-27 09:31:51,0.44,0.88,15,0.43,0.86,10,0.43,0.86,5,0.435,0.87,176,0
SPY190828C292,2019-08-27,2019-08-27 09:31:52,0.44,0.88,239,0.43,0.86,10,0.43,0.86,5,0.435,0.87,176,0
SPY190828C292,2019-08-27,2019-08-27 09:31:53,0.44,0.88,179,0.43,0.86,7,0.43,0.86,3,0.435,0.87,179,3
SPY190828C292,2019-08-27,2019-08-27 09:31:53,0.44,0.88,1088,0.43,0.86,7,0.43,0.86,3,0.435,0.87,179,0
SPY190828C292,2019-08-27,2019-08-27 09:31:54,0.44,0.88,998,0.43,0.86,7,0.43,0.86,3,0.435,0.87,179,0
SPY190828C292,2019-08-27,2019-08-27 09:31:55,0.43,0.86,14,0.42,0.84,140,0.43,0.86,13,0.425,0.85,199,0
SPY190828C292,2019-08-27,2019-08-27 09:31:55,0.43,0.86,23,0.42,0.84,140,0.43,0.86,13,0.425,0.85,199,20
SPY190828C292,2019-08-27,2019-08-27 09:31:56,0.43,0.86,10,0.42,0.84,126,0.43,0.86,13,0.425,0.85,199,0
SPY190828C292,2019-08-27,2019-08-27 09:31:57,0.43,0.86,17,0.42,0.84,140,0.43,0.86,13,0.425,0.85,199,0
SPY190828C292,2019-08-27,2019-08-27 09:31:58,0.43,0.86,89,0.42,0.84,155,0.43,0.86,13,0.425,0.85,199,0
SPY190828C292,2019-08-27,2019-08-27 09:31:59,0.43,0.86,30,0.42,0.84,119,0.43,0.86,13,0.425,0.85,199,0
SPY190828C292,2019-08-27,2019-08-27 09:31:59,0.43,0.86,31,0.42,0.84,102,0.43,0.86,13,0.425,0.85,199,0
SPY190828C292,2019-08-27,2019-08-27 09:32:00,0.43,0.86,4,0.42,0.84,102,0.43,0.86,13,0.425,0.85,199,0
SPY190828C292,2019-08-27,2019-08-27 09:32:00,0.43,0.86,4,0.42,0.84,158,0.43,0.86,13,0.425,0.85,199,0
SPY190828C292,2019-08-27,2019-08-27 09:32:01,0.43,0.86,112,0.42,0.84,100,0.43,0.86,13,0.425,0.85,199,0
SPY190828C292,2019-08-27,2019-08-27 09:32:01,0.43,0.86,77,0.42,0.84,11,0.43,0.86,13,0.425,0.85,199,0
SPY190828C292,2019-08-27,2019-08-27 09:32:02,0.43,0.86,14,0.42,0.84,90,0.43,0.86,13,0.425,0.85,199,0
SPY190828C292,2019-08-27,2019-08-27 09:32:02,0.43,0.86,83,0.42,0.84,14,0.43,0.86,13,0.425,0.85,199,0
SPY190828C292,2019-08-27,2019-08-27 09:32:03,0.43,0.86,194,0.4,0.8,773,0.43,0.86,13,0.415,0.83,199,0
SPY190828C292,2019-08-27,2019-08-27 09:32:03,0.43,0.86,205,0.41,0.82,207,0.43,0.86,13,0.42,0.84,199,0
SPY190828C292,2019-08-27,2019-08-27 09:32:04,0.43,0.86,91,0.41,0.82,36,0.43,0.86,13,0.42,0.84,199,0
SPY190828C292,2019-08-27,2019-08-27 09:32:04,0.42,0.84,14,0.41,0.82,47,0.43,0.86,13,0.415,0.83,199,0
SPY190828C292,2019-08-27,2019-08-27 09:32:05,0.43,0.86,151,0.41,0.82,160,0.43,0.86,13,0.42,0.84,199,0
SPY190828C292,2019-08-27,2019-08-27 09:32:05,0.43,0.86,493,0.41,0.82,109,0.43,0.86,13,0.42,0.84,199,0
SPY190828C292,2019-08-27,2019-08-27 09:32:06,0.42,0.84,166,0.41,0.82,18,0.43,0.86,13,0.415,0.83,199,0
SPY190828C292,2019-08-27,2019-08-27 09:32:06,0.43,0.86,698,0.41,0.82,109,0.43,0.86,13,0.42,0.84,199,0
SPY190828C292,2019-08-27,2019-08-27 09:32:07,0.42,0.84,147,0.41,0.82,39,0.43,0.86,13,0.415,0.83,199,0
SPY190828C292,2019-08-27,2019-08-27 09:32:08,0.42,0.84,1122,0.41,0.82,36,0.43,0.86,13,0.415,0.83,199,0
SPY190828C292,2019-08-27,2019-08-27 09:32:08,0.42,0.84,1693,0.4,0.8,640,0.43,0.86,13,0.41,0.82,199,0
SPY190828C292,2019-08-27,2019-08-27 09:32:09,0.41,0.82,90,0.39,0.78,416,0.41,0.82,15,0.4,0.8,214,15
SPY190828C292,2019-08-27,2019-08-27 09:32:09,0.41,0.82,39,0.4,0.8,129,0.43,0.86,13,0.405,0.81,199,0
SPY190828C292,2019-08-27,2019-08-27 09:32:10,0.41,0.82,90,0.39,0.78,958,0.41,0.82,15,0.4,0.8,214,0
SPY190828C292,2019-08-27,2019-08-27 09:32:10,0.42,0.84,1074,0.39,0.78,1214,0.41,0.82,15,0.405,0.81,214,0
SPY190828C292,2019-08-27,2019-08-27 09:32:11,0.42,0.84,873,0.4,0.8,1112,0.41,0.82,15,0.41,0.82,214,0
SPY190828C292,2019-08-27,2019-08-27 09:32:11,0.42,0.84,873,0.39,0.78,1214,0.41,0.82,15,0.405,0.81,214,0
SPY190828C292,2019-08-27,2019-08-27 09:32:12,0.41,0.82,4,0.4,0.8,1179,0.41,0.82,15,0.405,0.81,214,0
SPY190828C292,2019-08-27,2019-08-27 09:32:12,0.42,0.84,33,0.41,0.82,64,0.41,0.82,15,0.415,0.83,214,0
SPY190828C292,2019-08-27,2019-08-27 09:32:13,0.43,0.86,431,0.41,0.82,36,0.41,0.82,1,0.42,0.84,219,5
SPY190828C292,2019-08-27,2019-08-27 09:32:14,0.42,0.84,19,0.41,0.82,36,0.41,0.82,1,0.415,0.83,219,0
SPY190828C292,2019-08-27,2019-08-27 09:32:14,0.43,0.86,431,0.41,0.82,36,0.41,0.82,1,0.42,0.84,219,0
SPY190828C292,2019-08-27,2019-08-27 09:32:15,0.42,0.84,5,0.41,0.82,705,0.41,0.82,1,0.415,0.83,219,0
SPY190828C292,2019-08-27,2019-08-27 09:32:15,0.42,0.84,5,0.41,0.82,611,0.41,0.82,1,0.415,0.83,219,0
SPY190828C292,2019-08-27,2019-08-27 09:32:16,0.42,0.84,19,0.41,0.82,1646,0.41,0.82,10,0.415,0.83,229,0
SPY190828C292,2019-08-27,2019-08-27 09:32:16,0.42,0.84,5,0.41,0.82,954,0.41,0.82,10,0.415,0.83,229,10
SPY190828C292,2019-08-27,2019-08-27 09:32:17,0.42,0.84,5,0.41,0.82,166,0.41,0.82,10,0.415,0.83,229,0
SPY190828C292,2019-08-27,2019-08-27 09:32:17,0.42,0.84,19,0.41,0.82,1646,0.41,0.82,10,0.415,0.83,229,0
SPY190828C292,2019-08-27,2019-08-27 09:32:18,0.42,0.84,5,0.41,0.82,191,0.41,0.82,10,0.415,0.83,229,0
SPY190828C292,2019-08-27,2019-08-27 09:32:18,0.42,0.84,5,0.41,0.82,400,0.41,0.82,10,0.415,0.83,229,0
SPY190828C292,2019-08-27,2019-08-27 09:32:19,0.43,0.86,92,0.41,0.82,1461,0.42,0.84,5,0.42,0.84,234,5
SPY190828C292,2019-08-27,2019-08-27 09:32:19,0.42,0.84,5,0.41,0.82,1248,0.41,0.82,10,0.415,0.83,229,0
SPY190828C292,2019-08-27,2019-08-27 09:32:20,0.43,0.86,209,0.42,0.84,10,0.42,0.84,5,0.425,0.85,234,0
SPY190828C292,2019-08-27,2019-08-27 09:32:21,0.43,0.86,129,0.42,0.84,10,0.42,0.84,5,0.425,0.85,234,0
SPY190828C292,2019-08-27,2019-08-27 09:32:21,0.43,0.86,152,0.42,0.84,10,0.42,0.84,5,0.425,0.85,234,0
SPY190828C292,2019-08-27,2019-08-27 09:32:22,0.44,0.88,296,0.42,0.84,722,0.42,0.84,5,0.43,0.86,234,0
SPY190828C292,2019-08-27,2019-08-27 09:32:22,0.43,0.86,20,0.42,0.84,400,0.42,0.84,5,0.425,0.85,234,0
SPY190828C292,2019-08-27,2019-08-27 09:32:23,0.44,0.88,58,0.42,0.84,1400,0.42,0.84,5,0.43,0.86,234,0
SPY190828C292,2019-08-27,2019-08-27 09:32:23,0.44,0.88,105,0.42,0.84,772,0.42,0.84,5,0.43,0.86,234,0
SPY190828C292,2019-08-27,2019-08-27 09:32:24,0.44,0.88,58,0.43,0.86,14,0.42,0.84,5,0.435,0.87,234,0
SPY190828C292,2019-08-27,2019-08-27 09:32:24,0.44,0.88,116,0.43,0.86,14,0.42,0.84,5,0.435,0.87,234,0
SPY190828C292,2019-08-27,2019-08-27 09:32:25,0.44,0.88,38,0.42,0.84,460,0.42,0.84,5,0.43,0.86,234,0
SPY190828C292,2019-08-27,2019-08-27 09:32:25,0.44,0.88,116,0.43,0.86,14,0.42,0.84,5,0.435,0.87,234,0
SPY190828C292,2019-08-27,2019-08-27 09:32:26,0.44,0.88,1878,0.42,0.84,175,0.42,0.84,5,0.43,0.86,234,0
SPY190828C292,2019-08-27,2019-08-27 09:32:26,0.44,0.88,1343,0.42,0.84,1072,0.42,0.84,5,0.43,0.86,234,0
SPY190828C292,2019-08-27,2019-08-27 09:32:27,0.43,0.86,126,0.42,0.84,14,0.42,0.84,5,0.425,0.85,234,0
SPY190828C292,2019-08-27,2019-08-27 09:32:27,0.43,0.86,140,0.42,0.84,14,0.42,0.84,5,0.425,0.85,234,0
SPY190828C292,2019-08-27,2019-08-27 09:32:28,0.43,0.86,156,0.42,0.84,43,0.42,0.84,3,0.425,0.85,237,3
SPY190828C292,2019-08-27,2019-08-27 09:32:28,0.43,0.86,36,0.42,0.84,43,0.42,0.84,5,0.425,0.85,234,0
SPY190828C292,2019-08-27,2019-08-27 09:32:29,0.43,0.86,156,0.42,0.84,64,0.42,0.84,3,0.425,0.85,237,0
SPY190828C292,2019-08-27,2019-08-27 09:32:30,0.43,0.86,138,0.42,0.84,611,0.42,0.84,3,0.425,0.85,237,0
SPY190828C292,2019-08-27,2019-08-27 09:32:30,0.43,0.86,156,0.42,0.84,76,0.42,0.84,3,0.425,0.85,237,0
SPY190828C292,2019-08-27,2019-08-27 09:32:31,0.43,0.86,30,0.42,0.84,611,0.42,0.84,3,0.425,0.85,237,0
SPY190828C292,2019-08-27,2019-08-27 09:32:31,0.43,0.86,27,0.42,0.84,611,0.42,0.84,3,0.425,0.85,237,0
SPY190828C292,2019-08-27,2019-08-27 09:32:32,0.43,0.86,38,0.42,0.84,580,0.42,0.84,3,0.425,0.85,237,0
SPY190828C292,2019-08-27,2019-08-27 09:32:32,0.43,0.86,27,0.42,0.84,580,0.42,0.84,3,0.425,0.85,237,0
SPY190828C292,2019-08-27,2019-08-27 09:32:33,0.43,0.86,38,0.42,0.84,741,0.42,0.84,3,0.425,0.85,237,0
SPY190828C292,2019-08-27,2019-08-27 09:32:33,0.43,0.86,10,0.42,0.84,876,0.42,0.84,3,0.425,0.85,237,0
SPY190828C292,2019-08-27,2019-08-27 09:32:34,0.43,0.86,21,0.42,0.84,1403,0.42,0.84,3,0.425,0.85,237,0
SPY190828C292,2019-08-27,2019-08-27 09:32:34,0.43,0.86,21,0.42,0.84,911,0.42,0.84,3,0.425,0.85,237,0
SPY190828C292,2019-08-27,2019-08-27 09:32:35,0.43,0.86,21,0.42,0.84,886,0.42,0.84,3,0.425,0.85,237,0
SPY190828C292,2019-08-27,2019-08-27 09:32:35,0.43,0.86,44,0.42,0.84,446,0.42,0.84,3,0.425,0.85,237,0
SPY190828C292,2019-08-27,2019-08-27 09:32:36,0.43,0.86,10,0.42,0.84,836,0.42,0.84,3,0.425,0.85,237,0
SPY190828C292,2019-08-27,2019-08-27 09:32:37,0.43,0.86,10,0.42,0.84,1007,0.43,0.86,1,0.425,0.85,238,0
SPY190828C292,2019-08-27,2019-08-27 09:32:37,0.43,0.86,10,0.42,0.84,1899,0.43,0.86,1,0.425,0.85,238,1
SPY190828C292,2019-08-27,2019-08-27 09:32:38,0.43,0.86,10,0.42,0.84,1747,0.43,0.86,1,0.425,0.85,240,0
SPY190828C292,2019-08-27,2019-08-27 09:32:38,0.43,0.86,10,0.42,0.84,1747,0.43,0.86,1,0.425,0.85,240,2
SPY190828C292,2019-08-27,2019-08-27 09:32:39,0.43,0.86,10,0.42,0.84,2282,0.43,0.86,1,0.425,0.85,240,0
SPY190828C292,2019-08-27,2019-08-27 09:32:39,0.43,0.86,10,0.42,0.84,1747,0.43,0.86,1,0.425,0.85,240,0
SPY190828C292,2019-08-27,2019-08-27 09:32:40,0.43,0.86,10,0.42,0.84,2416,0.43,0.86,1,0.425,0.85,240,0
SPY190828C292,2019-08-27,2019-08-27 09:32:40,0.43,0.86,13,0.42,0.84,2416,0.43,0.86,1,0.425,0.85,240,0
SPY190828C292,2019-08-27,2019-08-27 09:32:41,0.43,0.86,10,0.42,0.84,2050,0.43,0.86,1,0.425,0.85,240,0
SPY190828C292,2019-08-27,2019-08-27 09:32:41,0.43,0.86,10,0.42,0.84,2001,0.43,0.86,1,0.425,0.85,240,0
SPY190828C292,2019-08-27,2019-08-27 09:32:42,0.44,0.88,49,0.43,0.86,617,0.43,0.86,7,0.435,0.87,250,0
SPY190828C292,2019-08-27,2019-08-27 09:32:42,0.43,0.86,10,0.43,0.86,617,0.43,0.86,7,0.43,0.86,250,10
SPY190828C292,2019-08-27,2019-08-27 09:32:43,0.44,0.88,27,0.43,0.86,351,0.43,0.86,7,0.435,0.87,250,0
SPY190828C292,2019-08-27,2019-08-27 09:32:43,0.44,0.88,27,0.43,0.86,505,0.43,0.86,7,0.435,0.87,250,0
SPY190828C292,2019-08-27,2019-08-27 09:32:44,0.44,0.88,90,0.43,0.86,579,0.43,0.86,7,0.435,0.87,250,0
SPY190828C292,2019-08-27,2019-08-27 09:32:44,0.44,0.88,28,0.43,0.86,579,0.43,0.86,7,0.435,0.87,250,0
SPY190828C292,2019-08-27,2019-08-27 09:32:45,0.45,0.9,1384,0.43,0.86,857,0.43,0.86,10,0.44,0.88,260,10
SPY190828C292,2019-08-27,2019-08-27 09:32:45,0.44,0.88,23,0.43,0.86,475,0.43,0.86,10,0.435,0.87,260,0
SPY190828C292,2019-08-27,2019-08-27 09:32:46,0.44,0.88,36,0.43,0.86,346,0.43,0.86,10,0.435,0.87,260,0
SPY190828C292,2019-08-27,2019-08-27 09:32:46,0.44,0.88,23,0.43,0.86,663,0.43,0.86,10,0.435,0.87,260,0
SPY190828C292,2019-08-27,2019-08-27 09:32:47,0.44,0.88,23,0.42,0.84,120,0.43,0.86,10,0.43,0.86,260,0
SPY190828C292,2019-08-27,2019-08-27 09:32:47,0.44,0.88,22,0.43,0.86,386,0.43,0.86,10,0.435,0.87,260,0
SPY190828C292,2019-08-27,2019-08-27 09:32:48,0.44,0.88,63,0.43,0.86,134,0.44,0.88,5,0.435,0.87,270,0
SPY190828C292,2019-08-27,2019-08-27 09:32:48,0.44,0.88,36,0.43,0.86,561,0.44,0.88,5,0.435,0.87,270,10
SPY190828C292,2019-08-27,2019-08-27 09:32:49,0.45,0.9,1741,0.43,0.86,719,0.44,0.88,1,0.44,0.88,271,1
SPY190828C292,2019-08-27,2019-08-27 09:32:49,0.44,0.88,27,0.43,0.86,382,0.44,0.88,1,0.435,0.87,271,0
SPY190828C292,2019-08-27,2019-08-27 09:32:50,0.44,0.88,38,0.43,0.86,896,0.44,0.88,1,0.435,0.87,271,0
SPY190828C292,2019-08-27,2019-08-27 09:32:51,0.44,0.88,27,0.43,0.86,896,0.44,0.88,1,0.435,0.87,271,0
SPY190828C292,2019-08-27,2019-08-27 09:32:51,0.44,0.88,41,0.43,0.86,896,0.44,0.88,1,0.435,0.87,271,0
SPY190828C292,2019-08-27,2019-08-27 09:32:52,0.44,0.88,27,0.43,0.86,509,0.44,0.88,1,0.435,0.87,271,0
SPY190828C292,2019-08-27,2019-08-27 09:32:52,0.44,0.88,38,0.43,0.86,896,0.44,0.88,1,0.435,0.87,271,0
SPY190828C292,2019-08-27,2019-08-27 09:32:53,0.44,0.88,27,0.43,0.86,65,0.44,0.88,1,0.435,0.87,271,0
SPY190828C292,2019-08-27,2019-08-27 09:32:53,0.44,0.88,54,0.43,0.86,135,0.44,0.88,1,0.435,0.87,271,0
SPY190828C292,2019-08-27,2019-08-27 09:32:54,0.44,0.88,315,0.43,0.86,40,0.44,0.88,1,0.435,0.87,271,0
SPY190828C292,2019-08-27,2019-08-27 09:32:54,0.44,0.88,170,0.43,0.86,40,0.44,0.88,1,0.435,0.87,271,0
SPY190828C292,2019-08-27,2019-08-27 09:32:55,0.44,0.88,776,0.43,0.86,40,0.44,0.88,1,0.435,0.87,271,0
SPY190828C292,2019-08-27,2019-08-27 09:32:55,0.44,0.88,280,0.43,0.86,40,0.44,0.88,1,0.435,0.87,271,0
SPY190828C292,2019-08-27,2019-08-27 09:32:56,0.44,0.88,133,0.43,0.86,45,0.44,0.88,1,0.435,0.87,271,0
SPY190828C292,2019-08-27,2019-08-27 09:32:57,0.44,0.88,17,0.43,0.86,530,0.44,0.88,1,0.435,0.87,271,0
SPY190828C292,2019-08-27,2019-08-27 09:32:57,0.45,0.9,1490,0.43,0.86,45,0.44,0.88,1,0.44,0.88,271,0
SPY190828C292,2019-08-27,2019-08-27 09:32:58,0.44,0.88,17,0.43,0.86,530,0.44,0.88,1,0.435,0.87,271,0
SPY190828C292,2019-08-27,2019-08-27 09:32:58,0.44,0.88,90,0.43,0.86,746,0.44,0.88,1,0.435,0.87,271,0
SPY190828C292,2019-08-27,2019-08-27 09:32:59,0.44,0.88,90,0.43,0.86,965,0.44,0.88,1,0.435,0.87,271,0
SPY190828C292,2019-08-27,2019-08-27 09:33:00,0.45,0.9,139,0.44,0.88,353,0.44,0.88,1,0.445,0.89,271,0
SPY190828C292,2019-08-27,2019-08-27 09:33:00,0.44,0.88,90,0.43,0.86,965,0.44,0.88,1,0.435,0.87,271,0
SPY190828C292,2019-08-27,2019-08-27 09:33:01,0.45,0.9,195,0.44,0.88,53,0.44,0.88,1,0.445,0.89,271,0
SPY190828C292,2019-08-27,2019-08-27 09:33:01,0.45,0.9,2766,0.43,0.86,1295,0.44,0.88,1,0.44,0.88,271,0
SPY190828C292,2019-08-27,2019-08-27 09:33:02,0.45,0.9,559,0.43,0.86,635,0.43,0.86,8,0.44,0.88,331,60
SPY190828C292,2019-08-27,2019-08-27 09:33:02,0.44,0.88,34,0.43,0.86,386,0.44,0.88,1,0.435,0.87,271,0
SPY190828C292,2019-08-27,2019-08-27 09:33:03,0.45,0.9,453,0.43,0.86,683,0.43,0.86,8,0.44,0.88,331,0
SPY190828C292,2019-08-27,2019-08-27 09:33:03,0.44,0.88,18,0.43,0.86,683,0.43,0.86,8,0.435,0.87,331,0
SPY190828C292,2019-08-27,2019-08-27 09:33:04,0.45,0.9,78,0.44,0.88,780,0.43,0.86,8,0.445,0.89,331,0
SPY190828C292,2019-08-27,2019-08-27 09:33:04,0.45,0.9,139,0.44,0.88,550,0.43,0.86,8,0.445,0.89,331,0
SPY190828C292,2019-08-27,2019-08-27 09:33:05,0.45,0.9,52,0.44,0.88,796,0.43,0.86,8,0.445,0.89,331,0
SPY190828C292,2019-08-27,2019-08-27 09:33:05,0.45,0.9,78,0.44,0.88,413,0.43,0.86,8,0.445,0.89,331,0
SPY190828C292,2019-08-27,2019-08-27 09:33:06,0.45,0.9,81,0.44,0.88,1212,0.43,0.86,8,0.445,0.89,331,0
SPY190828C292,2019-08-27,2019-08-27 09:33:06,0.45,0.9,49,0.44,0.88,646,0.43,0.86,8,0.445,0.89,331,0
SPY190828C292,2019-08-27,2019-08-27 09:33:07,0.45,0.9,49,0.44,0.88,646,0.43,0.86,8,0.445,0.89,331,0
SPY190828C292,2019-08-27,2019-08-27 09:33:07,0.45,0.9,169,0.44,0.88,646,0.43,0.86,8,0.445,0.89,331,0
SPY190828C292,2019-08-27,2019-08-27 09:33:08,0.45,0.9,139,0.44,0.88,39,0.43,0.86,8,0.445,0.89,331,0
SPY190828C292,2019-08-27,2019-08-27 09:33:09,0.45,0.9,221,0.44,0.88,517,0.43,0.86,8,0.445,0.89,331,0
SPY190828C292,2019-08-27,2019-08-27 09:33:09,0.45,0.9,1523,0.44,0.88,39,0.43,0.86,8,0.445,0.89,331,0
SPY190828C292,2019-08-27,2019-08-27 09:33:10,0.45,0.9,181,0.44,0.88,458,0.43,0.86,8,0.445,0.89,331,0
SPY190828C292,2019-08-27,2019-08-27 09:33:11,0.45,0.9,169,0.44,0.88,362,0.43,0.86,8,0.445,0.89,331,0
SPY190828C292,2019-08-27,2019-08-27 09:33:11,0.45,0.9,139,0.44,0.88,30,0.44,0.88,70,0.445,0.89,406,75
SPY190828C292,2019-08-27,2019-08-27 09:33:12,0.45,0.9,106,0.44,0.88,582,0.44,0.88,70,0.445,0.89,406,0
SPY190828C292,2019-08-27,2019-08-27 09:33:12,0.45,0.9,187,0.44,0.88,411,0.44,0.88,70,0.445,0.89,406,0
SPY190828C292,2019-08-27,2019-08-27 09:33:13,0.44,0.88,27,0.43,0.86,90,0.43,0.86,5,0.435,0.87,416,10
SPY190828C292,2019-08-27,2019-08-27 09:33:13,0.45,0.9,312,0.43,0.86,2373,0.44,0.88,70,0.44,0.88,406,0
SPY190828C292,2019-08-27,2019-08-27 09:33:14,0.44,0.88,27,0.43,0.86,381,0.43,0.86,5,0.435,0.87,416,0
SPY190828C292,2019-08-27,2019-08-27 09:33:15,0.44,0.88,52,0.43,0.86,466,0.43,0.86,5,0.435,0.87,416,0
SPY190828C292,2019-08-27,2019-08-27 09:33:15,0.44,0.88,47,0.43,0.86,488,0.43,0.86,5,0.435,0.87,416,0
SPY190828C292,2019-08-27,2019-08-27 09:33:16,0.44,0.88,104,0.43,0.86,517,0.43,0.86,5,0.435,0.87,416,0
SPY190828C292,2019-08-27,2019-08-27 09:33:16,0.44,0.88,64,0.43,0.86,359,0.43,0.86,5,0.435,0.87,416,0
SPY190828C292,2019-08-27,2019-08-27 09:33:17,0.44,0.88,64,0.43,0.86,359,0.43,0.86,5,0.435,0.87,416,0
SPY190828C292,2019-08-27,2019-08-27 09:33:17,0.44,0.88,92,0.43,0.86,535,0.43,0.86,5,0.435,0.87,416,0
SPY190828C292,2019-08-27,2019-08-27 09:33:18,0.44,0.88,178,0.43,0.86,139,0.43,0.86,5,0.435,0.87,416,0
SPY190828C292,2019-08-27,2019-08-27 09:33:18,0.44,0.88,178,0.43,0.86,519,0.43,0.86,5,0.435,0.87,416,0
SPY190828C292,2019-08-27,2019-08-27 09:33:19,0.44,0.88,298,0.43,0.86,10,0.43,0.86,5,0.435,0.87,416,0
SPY190828C292,2019-08-27,2019-08-27 09:33:19,0.44,0.88,253,0.43,0.86,519,0.43,0.86,5,0.435,0.87,416,0
SPY190828C292,2019-08-27,2019-08-27 09:33:20,0.44,0.88,947,0.43,0.86,10,0.43,0.86,5,0.435,0.87,416,0
SPY190828C292,2019-08-27,2019-08-27 09:33:20,0.44,0.88,720,0.43,0.86,10,0.43,0.86,5,0.435,0.87,416,0
SPY190828C292,2019-08-27,2019-08-27 09:33:21,0.44,0.88,2313,0.43,0.86,10,0.43,0.86,5,0.435,0.87,416,0
SPY190828C292,2019-08-27,2019-08-27 09:33:21,0.44,0.88,1229,0.43,0.86,10,0.43,0.86,5,0.435,0.87,416,0
SPY190828C292,2019-08-27,2019-08-27 09:33:22,0.44,0.88,2785,0.43,0.86,10,0.43,0.86,5,0.435,0.87,416,0
SPY190828C292,2019-08-27,2019-08-27 09:33:23,0.44,0.88,266,0.43,0.86,10,0.43,0.86,5,0.435,0.87,416,0
SPY190828C292,2019-08-27,2019-08-27 09:33:23,0.44,0.88,2785,0.43,0.86,10,0.43,0.86,5,0.435,0.87,416,0
SPY190828C292,2019-08-27,2019-08-27 09:33:24,0.44,0.88,335,0.43,0.86,24,0.43,0.86,5,0.435,0.87,416,0
SPY190828C292,2019-08-27,2019-08-27 09:33:24,0.44,0.88,592,0.43,0.86,24,0.43,0.86,5,0.435,0.87,416,0
SPY190828C292,2019-08-27,2019-08-27 09:33:25,0.44,0.88,340,0.43,0.86,10,0.43,0.86,5,0.435,0.87,416,0
SPY190828C292,2019-08-27,2019-08-27 09:33:25,0.44,0.88,313,0.43,0.86,10,0.43,0.86,5,0.435,0.87,416,0
SPY190828C292,2019-08-27,2019-08-27 09:33:26,0.44,0.88,24,0.43,0.86,30,0.43,0.86,5,0.435,0.87,416,0
SPY190828C292,2019-08-27,2019-08-27 09:33:26,0.44,0.88,25,0.43,0.86,30,0.43,0.86,5,0.435,0.87,416,0
SPY190828C292,2019-08-27,2019-08-27 09:33:27,0.44,0.88,90,0.43,0.86,10,0.43,0.86,5,0.435,0.87,416,0
SPY190828C292,2019-08-27,2019-08-27 09:33:27,0.44,0.88,24,0.43,0.86,20,0.43,0.86,5,0.435,0.87,416,0
SPY190828C292,2019-08-27,2019-08-27 09:33:28,0.44,0.88,1526,0.43,0.86,10,0.43,0.86,5,0.435,0.87,416,0
SPY190828C292,2019-08-27,2019-08-27 09:33:28,0.44,0.88,211,0.43,0.86,10,0.43,0.86,5,0.435,0.87,416,0
SPY190828C292,2019-08-27,2019-08-27 09:33:29,0.44,0.88,1592,0.43,0.86,10,0.43,0.86,5,0.435,0.87,416,0
SPY190828C292,2019-08-27,2019-08-27 09:33:30,0.44,0.88,2233,0.43,0.86,10,0.43,0.86,5,0.435,0.87,416,0
SPY190828C292,2019-08-27,2019-08-27 09:33:30,0.44,0.88,1592,0.43,0.86,10,0.43,0.86,5,0.435,0.87,416,0
SPY190828C292,2019-08-27,2019-08-27 09:33:31,0.44,0.88,1681,0.43,0.86,10,0.43,0.86,5,0.435,0.87,416,0
SPY190828C292,2019-08-27,2019-08-27 09:33:31,0.44,0.88,1515,0.43,0.86,10,0.43,0.86,5,0.435,0.87,416,0
SPY190828C292,2019-08-27,2019-08-27 09:33:32,0.44,0.88,153,0.43,0.86,20,0.43,0.86,5,0.435,0.87,416,0
SPY190828C292,2019-08-27,2019-08-27 09:33:32,0.44,0.88,588,0.43,0.86,21,0.43,0.86,5,0.435,0.87,416,0
SPY190828C292,2019-08-27,2019-08-27 09:33:33,0.44,0.88,158,0.43,0.86,30,0.43,0.86,5,0.435,0.87,416,0
SPY190828C292,2019-08-27,2019-08-27 09:33:33,0.44,0.88,210,0.43,0.86,10,0.43,0.86,5,0.435,0.87,416,0
SPY190828C292,2019-08-27,2019-08-27 09:33:34,0.44,0.88,140,0.43,0.86,10,0.43,0.86,5,0.435,0.87,416,0
SPY190828C292,2019-08-27,2019-08-27 09:33:34,0.44,0.88,233,0.43,0.86,24,0.43,0.86,5,0.435,0.87,416,0
SPY190828C292,2019-08-27,2019-08-27 09:33:35,0.44,0.88,279,0.43,0.86,26,0.43,0.86,5,0.435,0.87,416,0
SPY190828C292,2019-08-27,2019-08-27 09:33:35,0.44,0.88,142,0.43,0.86,26,0.43,0.86,5,0.435,0.87,416,0
SPY190828C292,2019-08-27,2019-08-27 09:33:36,0.44,0.88,279,0.43,0.86,26,0.43,0.86,5,0.435,0.87,416,0
SPY190828C292,2019-08-27,2019-08-27 09:33:36,0.44,0.88,279,0.43,0.86,10,0.43,0.86,5,0.435,0.87,416,0
SPY190828C292,2019-08-27,2019-08-27 09:33:37,0.44,0.88,113,0.43,0.86,30,0.43,0.86,5,0.435,0.87,416,0
SPY190828C292,2019-08-27,2019-08-27 09:33:37,0.44,0.88,212,0.43,0.86,30,0.43,0.86,5,0.435,0.87,416,0
SPY190828C292,2019-08-27,2019-08-27 09:33:38,0.44,0.88,212,0.43,0.86,10,0.43,0.86,5,0.435,0.87,416,0
SPY190828C292,2019-08-27,2019-08-27 09:33:38,0.44,0.88,146,0.43,0.86,10,0.43,0.86,5,0.435,0.87,416,0
SPY190828C292,2019-08-27,2019-08-27 09:33:39,0.44,0.88,1059,0.43,0.86,11,0.43,0.86,5,0.435,0.87,416,0
SPY190828C292,2019-08-27,2019-08-27 09:33:39,0.44,0.88,263,0.43,0.86,11,0.43,0.86,5,0.435,0.87,416,0
SPY190828C292,2019-08-27,2019-08-27 09:33:40,0.44,0.88,453,0.43,0.86,11,0.43,0.86,5,0.435,0.87,416,0
SPY190828C292,2019-08-27,2019-08-27 09:33:40,0.44,0.88,588,0.43,0.86,11,0.43,0.86,5,0.435,0.87,416,0
SPY190828C292,2019-08-27,2019-08-27 09:33:41,0.44,0.88,381,0.43,0.86,10,0.43,0.86,5,0.435,0.87,416,0
SPY190828C292,2019-08-27,2019-08-27 09:33:41,0.44,0.88,177,0.43,0.86,95,0.43,0.86,5,0.435,0.87,416,0
SPY190828C292,2019-08-27,2019-08-27 09:33:42,0.44,0.88,177,0.43,0.86,95,0.43,0.86,5,0.435,0.87,416,0
SPY190828C292,2019-08-27,2019-08-27 09:33:43,0.44,0.88,14,0.43,0.86,20,0.43,0.86,5,0.435,0.87,416,0
SPY190828C292,2019-08-27,2019-08-27 09:33:44,0.44,0.88,3,0.43,0.86,145,0.43,0.86,5,0.435,0.87,416,0
SPY190828C292,2019-08-27,2019-08-27 09:33:44,0.44,0.88,14,0.43,0.86,20,0.43,0.86,5,0.435,0.87,416,0
SPY190828C292,2019-08-27,2019-08-27 09:33:45,0.44,0.88,14,0.43,0.86,23,0.43,0.86,5,0.435,0.87,416,0
SPY190828C292,2019-08-27,2019-08-27 09:33:45,0.44,0.88,3,0.43,0.86,23,0.43,0.86,5,0.435,0.87,416,0
SPY190828C292,2019-08-27,2019-08-27 09:33:46,0.44,0.88,216,0.43,0.86,16,0.43,0.86,5,0.435,0.87,416,0
SPY190828C292,2019-08-27,2019-08-27 09:33:46,0.44,0.88,125,0.43,0.86,16,0.43,0.86,5,0.435,0.87,416,0
SPY190828C292,2019-08-27,2019-08-27 09:33:47,0.44,0.88,216,0.43,0.86,16,0.44,0.88,50,0.435,0.87,466,50
SPY190828C292,2019-08-27,2019-08-27 09:33:47,0.44,0.88,216,0.43,0.86,16,0.44,0.88,50,0.435,0.87,466,0
SPY190828C292,2019-08-27,2019-08-27 09:33:48,0.44,0.88,149,0.43,0.86,10,0.44,0.88,50,0.435,0.87,466,0
SPY190828C292,2019-08-27,2019-08-27 09:33:48,0.44,0.88,216,0.43,0.86,10,0.44,0.88,50,0.435,0.87,466,0
SPY190828C292,2019-08-27,2019-08-27 09:33:49,0.44,0.88,162,0.43,0.86,10,0.44,0.88,50,0.435,0.87,466,0
SPY190828C292,2019-08-27,2019-08-27 09:33:49,0.44,0.88,782,0.43,0.86,10,0.44,0.88,50,0.435,0.87,466,0
SPY190828C292,2019-08-27,2019-08-27 09:33:50,0.44,0.88,242,0.43,0.86,37,0.44,0.88,5,0.435,0.87,471,5
SPY190828C292,2019-08-27,2019-08-27 09:33:50,0.44,0.88,237,0.43,0.86,10,0.44,0.88,50,0.435,0.87,466,0
SPY190828C292,2019-08-27,2019-08-27 09:33:51,0.44,0.88,242,0.43,0.86,37,0.43,0.86,2,0.435,0.87,476,5
SPY190828C292,2019-08-27,2019-08-27 09:33:51,0.44,0.88,124,0.43,0.86,14,0.43,0.86,2,0.435,0.87,476,0
SPY190828C292,2019-08-27,2019-08-27 09:33:52,0.44,0.88,124,0.43,0.86,10,0.43,0.86,2,0.435,0.87,476,0
SPY190828C292,2019-08-27,2019-08-27 09:33:52,0.44,0.88,124,0.43,0.86,14,0.43,0.86,2,0.435,0.87,476,0
SPY190828C292,2019-08-27,2019-08-27 09:33:53,0.44,0.88,828,0.43,0.86,10,0.43,0.86,2,0.435,0.87,476,0
SPY190828C292,2019-08-27,2019-08-27 09:33:53,0.44,0.88,1105,0.43,0.86,10,0.43,0.86,2,0.435,0.87,476,0
SPY190828C292,2019-08-27,2019-08-27 09:33:54,0.44,0.88,820,0.43,0.86,38,0.43,0.86,2,0.435,0.87,478,0
SPY190828C292,2019-08-27,2019-08-27 09:33:54,0.44,0.88,1105,0.43,0.86,14,0.43,0.86,2,0.435,0.87,478,2
SPY190828C292,2019-08-27,2019-08-27 09:33:55,0.44,0.88,14,0.43,0.86,534,0.43,0.86,2,0.435,0.87,478,0
SPY190828C292,2019-08-27,2019-08-27 09:33:55,0.44,0.88,16,0.43,0.86,294,0.43,0.86,2,0.435,0.87,478,0
SPY190828C292,2019-08-27,2019-08-27 09:33:56,0.44,0.88,120,0.43,0.86,10,0.43,0.86,2,0.435,0.87,478,0
SPY190828C292,2019-08-27,2019-08-27 09:33:56,0.44,0.88,157,0.43,0.86,10,0.43,0.86,2,0.435,0.87,478,0
SPY190828C292,2019-08-27,2019-08-27 09:33:57,0.44,0.88,159,0.43,0.86,10,0.43,0.86,2,0.435,0.87,478,0
SPY190828C292,2019-08-27,2019-08-27 09:33:57,0.44,0.88,157,0.43,0.86,10,0.43,0.86,2,0.435,0.87,478,0
SPY190828C292,2019-08-27,2019-08-27 09:33:58,0.44,0.88,16,0.43,0.86,10,0.43,0.86,2,0.435,0.87,478,0
SPY190828C292,2019-08-27,2019-08-27 09:33:59,0.44,0.88,14,0.43,0.86,1131,0.43,0.86,2,0.435,0.87,478,0
SPY190828C292,2019-08-27,2019-08-27 09:33:59,0.44,0.88,17,0.43,0.86,109,0.43,0.86,2,0.435,0.87,478,0
SPY190828C292,2019-08-27,2019-08-27 09:34:00,0.45,0.9,537,0.43,0.86,660,0.43,0.86,2,0.44,0.88,478,0
SPY190828C292,2019-08-27,2019-08-27 09:34:00,0.45,0.9,2460,0.43,0.86,1120,0.43,0.86,2,0.44,0.88,478,0
SPY190828C292,2019-08-27,2019-08-27 09:34:01,0.44,0.88,14,0.43,0.86,95,0.43,0.86,2,0.435,0.87,478,0
SPY190828C292,2019-08-27,2019-08-27 09:34:01,0.44,0.88,14,0.43,0.86,1120,0.43,0.86,2,0.435,0.87,478,0
SPY190828C292,2019-08-27,2019-08-27 09:34:02,0.44,0.88,14,0.43,0.86,547,0.43,0.86,2,0.435,0.87,478,0
SPY190828C292,2019-08-27,2019-08-27 09:34:02,0.44,0.88,14,0.43,0.86,106,0.43,0.86,2,0.435,0.87,478,0
SPY190828C292,2019-08-27,2019-08-27 09:34:03,0.44,0.88,14,0.43,0.86,478,0.43,0.86,1,0.435,0.87,479,1
SPY190828C292,2019-08-27,2019-08-27 09:34:03,0.44,0.88,386,0.43,0.86,10,0.43,0.86,1,0.435,0.87,479,0
SPY190828C292,2019-08-27,2019-08-27 09:34:04,0.44,0.88,1788,0.43,0.86,10,0.43,0.86,1,0.435,0.87,479,0
SPY190828C292,2019-08-27,2019-08-27 09:34:04,0.44,0.88,166,0.43,0.86,10,0.43,0.86,1,0.435,0.87,479,0
SPY190828C292,2019-08-27,2019-08-27 09:34:05,0.44,0.88,1933,0.43,0.86,10,0.43,0.86,1,0.435,0.87,479,0
SPY190828C292,2019-08-27,2019-08-27 09:34:05,0.44,0.88,958,0.43,0.86,10,0.43,0.86,3,0.435,0.87,484,5
SPY190828C292,2019-08-27,2019-08-27 09:34:06,0.44,0.88,3233,0.43,0.86,10,0.43,0.86,3,0.435,0.87,484,0
SPY190828C292,2019-08-27,2019-08-27 09:34:06,0.44,0.88,2003,0.43,0.86,10,0.43,0.86,3,0.435,0.87,484,0
SPY190828C292,2019-08-27,2019-08-27 09:34:07,0.43,0.86,240,0.42,0.84,7,0.43,0.86,6,0.425,0.85,491,0
SPY190828C292,2019-08-27,2019-08-27 09:34:07,0.43,0.86,148,0.42,0.84,7,0.43,0.86,6,0.425,0.85,491,7
SPY190828C292,2019-08-27,2019-08-27 09:34:08,0.43,0.86,270,0.42,0.84,7,0.43,0.86,6,0.425,0.85,491,0
SPY190828C292,2019-08-27,2019-08-27 09:34:09,0.43,0.86,811,0.42,0.84,7,0.42,0.84,1,0.425,0.85,492,1
SPY190828C292,2019-08-27,2019-08-27 09:34:09,0.43,0.86,811,0.42,0.84,7,0.42,0.84,1,0.425,0.85,492,0
SPY190828C292,2019-08-27,2019-08-27 09:34:10,0.43,0.86,811,0.42,0.84,7,0.42,0.84,1,0.425,0.85,492,0
SPY190828C292,2019-08-27,2019-08-27 09:34:10,0.43,0.86,2233,0.42,0.84,7,0.42,0.84,1,0.425,0.85,492,0
SPY190828C292,2019-08-27,2019-08-27 09:34:11,0.43,0.86,2682,0.42,0.84,7,0.42,0.84,1,0.425,0.85,492,0
SPY190828C292,2019-08-27,2019-08-27 09:34:11,0.43,0.86,2541,0.42,0.84,7,0.42,0.84,1,0.425,0.85,492,0
SPY190828C292,2019-08-27,2019-08-27 09:34:12,0.43,0.86,2682,0.42,0.84,7,0.42,0.84,1,0.425,0.85,492,0
SPY190828C292,2019-08-27,2019-08-27 09:34:12,0.42,0.84,16,0.41,0.82,30,0.42,0.84,7,0.415,0.83,499,7
SPY190828C292,2019-08-27,2019-08-27 09:34:13,0.42,0.84,413,0.41,0.82,30,0.42,0.84,7,0.415,0.83,499,0
SPY190828C292,2019-08-27,2019-08-27 09:34:13,0.42,0.84,510,0.41,0.82,30,0.42,0.84,7,0.415,0.83,499,0
SPY190828C292,2019-08-27,2019-08-27 09:34:14,0.42,0.84,676,0.41,0.82,30,0.42,0.84,7,0.415,0.83,499,0
SPY190828C292,2019-08-27,2019-08-27 09:34:14,0.42,0.84,675,0.41,0.82,30,0.42,0.84,7,0.415,0.83,499,0
SPY190828C292,2019-08-27,2019-08-27 09:34:15,0.42,0.84,2310,0.4,0.8,1218,0.42,0.84,7,0.41,0.82,499,0
SPY190828C292,2019-08-27,2019-08-27 09:34:15,0.42,0.84,978,0.4,0.8,557,0.42,0.84,7,0.41,0.82,499,0
SPY190828C292,2019-08-27,2019-08-27 09:34:16,0.42,0.84,1423,0.41,0.82,36,0.42,0.84,7,0.415,0.83,499,0
SPY190828C292,2019-08-27,2019-08-27 09:34:16,0.42,0.84,2310,0.41,0.82,36,0.42,0.84,7,0.415,0.83,499,0
SPY190828C292,2019-08-27,2019-08-27 09:34:17,0.43,0.86,2566,0.41,0.82,95,0.42,0.84,7,0.42,0.84,499,0
SPY190828C292,2019-08-27,2019-08-27 09:34:17,0.42,0.84,1,0.41,0.82,445,0.42,0.84,7,0.415,0.83,499,0
SPY190828C292,2019-08-27,2019-08-27 09:34:18,0.42,0.84,1,0.41,0.82,169,0.42,0.84,7,0.415,0.83,499,0
SPY190828C292,2019-08-27,2019-08-27 09:34:19,0.42,0.84,1,0.41,0.82,1292,0.42,0.84,7,0.415,0.83,499,0
SPY190828C292,2019-08-27,2019-08-27 09:34:19,0.42,0.84,1,0.41,0.82,1497,0.42,0.84,7,0.415,0.83,499,0
SPY190828C292,2019-08-27,2019-08-27 09:34:20,0.43,0.86,3,0.42,0.84,38,0.42,0.84,1,0.425,0.85,500,0
SPY190828C292,2019-08-27,2019-08-27 09:34:20,0.43,0.86,3,0.42,0.84,16,0.42,0.84,1,0.425,0.85,500,1
SPY190828C292,2019-08-27,2019-08-27 09:34:21,0.44,0.88,2146,0.42,0.84,35,0.42,0.84,1,0.43,0.86,500,0
SPY190828C292,2019-08-27,2019-08-27 09:34:21,0.43,0.86,3,0.42,0.84,38,0.42,0.84,1,0.425,0.85,500,0
SPY190828C292,2019-08-27,2019-08-27 09:34:22,0.43,0.86,5,0.42,0.84,38,0.42,0.84,1,0.425,0.85,500,0
SPY190828C292,2019-08-27,2019-08-27 09:34:23,0.44,0.88,1329,0.42,0.84,5,0.42,0.84,1,0.43,0.86,500,0
SPY190828C292,2019-08-27,2019-08-27 09:34:23,0.43,0.86,3,0.42,0.84,52,0.42,0.84,1,0.425,0.85,500,0
SPY190828C292,2019-08-27,2019-08-27 09:34:24,0.44,0.88,1329,0.42,0.84,192,0.42,0.84,1,0.43,0.86,500,0
SPY190828C292,2019-08-27,2019-08-27 09:34:24,0.44,0.88,1543,0.42,0.84,192,0.42,0.84,1,0.43,0.86,500,0
SPY190828C292,2019-08-27,2019-08-27 09:34:25,0.43,0.86,225,0.42,0.84,38,0.42,0.84,1,0.425,0.85,500,0
SPY190828C292,2019-08-27,2019-08-27 09:34:25,0.44,0.88,1329,0.42,0.84,95,0.42,0.84,1,0.43,0.86,500,0
SPY190828C292,2019-08-27,2019-08-27 09:34:26,0.44,0.88,538,0.43,0.86,48,0.42,0.84,1,0.435,0.87,500,0
SPY190828C292,2019-08-27,2019-08-27 09:34:26,0.44,0.88,2298,0.43,0.86,3,0.42,0.84,1,0.435,0.87,500,0
SPY190828C292,2019-08-27,2019-08-27 09:34:27,0.44,0.88,482,0.43,0.86,2,0.42,0.84,1,0.435,0.87,500,0
SPY190828C292,2019-08-27,2019-08-27 09:34:27,0.44,0.88,162,0.43,0.86,2,0.42,0.84,1,0.435,0.87,500,0
SPY190828C292,2019-08-27,2019-08-27 09:34:28,0.44,0.88,346,0.43,0.86,38,0.42,0.84,1,0.435,0.87,500,0
SPY190828C292,2019-08-27,2019-08-27 09:34:28,0.44,0.88,162,0.43,0.86,38,0.42,0.84,1,0.435,0.87,500,0
SPY190828C292,2019-08-27,2019-08-27 09:34:29,0.44,0.88,708,0.43,0.86,52,0.42,0.84,1,0.435,0.87,500,0
SPY190828C292,2019-08-27,2019-08-27 09:34:29,0.44,0.88,1238,0.43,0.86,52,0.42,0.84,1,0.435,0.87,500,0
SPY190828C292,2019-08-27,2019-08-27 09:34:30,0.44,0.88,958,0.43,0.86,52,0.42,0.84,1,0.435,0.87,500,0
SPY190828C292,2019-08-27,2019-08-27 09:34:31,0.44,0.88,609,0.42,0.84,1535,0.42,0.84,1,0.43,0.86,500,0
SPY190828C292,2019-08-27,2019-08-27 09:34:31,0.44,0.88,1377,0.42,0.84,322,0.42,0.84,1,0.43,0.86,500,0
SPY190828C292,2019-08-27,2019-08-27 09:34:32,0.43,0.86,6,0.42,0.84,221,0.42,0.84,1,0.425,0.85,500,0
SPY190828C292,2019-08-27,2019-08-27 09:34:32,0.44,0.88,2138,0.42,0.84,322,0.42,0.84,1,0.43,0.86,500,0
SPY190828C292,2019-08-27,2019-08-27 09:34:33,0.43,0.86,35,0.42,0.84,260,0.42,0.84,1,0.425,0.85,500,0
SPY190828C292,2019-08-27,2019-08-27 09:34:33,0.43,0.86,14,0.42,0.84,190,0.42,0.84,1,0.425,0.85,500,0
SPY190828C292,2019-08-27,2019-08-27 09:34:34,0.43,0.86,36,0.42,0.84,189,0.42,0.84,1,0.425,0.85,500,0
SPY190828C292,2019-08-27,2019-08-27 09:34:34,0.43,0.86,34,0.42,0.84,189,0.42,0.84,1,0.425,0.85,500,0
SPY190828C292,2019-08-27,2019-08-27 09:34:35,0.43,0.86,932,0.41,0.82,2420,0.42,0.84,1,0.42,0.84,500,0
SPY190828C292,2019-08-27,2019-08-27 09:34:35,0.43,0.86,253,0.42,0.84,36,0.42,0.84,1,0.425,0.85,500,0
SPY190828C292,2019-08-27,2019-08-27 09:34:36,0.43,0.86,1850,0.42,0.84,3,0.42,0.84,1,0.425,0.85,500,0
SPY190828C292,2019-08-27,2019-08-27 09:34:36,0.43,0.86,1850,0.42,0.84,14,0.42,0.84,1,0.425,0.85,500,0
SPY190828C292,2019-08-27,2019-08-27 09:34:37,0.43,0.86,1914,0.41,0.82,2457,0.42,0.84,1,0.42,0.84,500,0
SPY190828C292,2019-08-27,2019-08-27 09:34:38,0.43,0.86,1914,0.41,0.82,2457,0.42,0.84,1,0.42,0.84,500,0
SPY190828C292,2019-08-27,2019-08-27 09:34:38,0.43,0.86,1247,0.41,0.82,581,0.42,0.84,1,0.42,0.84,500,0
SPY190828C292,2019-08-27,2019-08-27 09:34:39,0.42,0.84,27,0.41,0.82,400,0.42,0.84,1,0.415,0.83,500,0
SPY190828C292,2019-08-27,2019-08-27 09:34:40,0.43,0.86,577,0.41,0.82,2005,0.42,0.84,1,0.42,0.84,500,0
SPY190828C292,2019-08-27,2019-08-27 09:34:40,0.43,0.86,887,0.42,0.84,18,0.42,0.84,1,0.425,0.85,500,0
SPY190828C292,2019-08-27,2019-08-27 09:34:41,0.43,0.86,123,0.42,0.84,290,0.42,0.84,1,0.425,0.85,500,0
SPY190828C292,2019-08-27,2019-08-27 09:34:41,0.43,0.86,1240,0.42,0.84,36,0.42,0.84,1,0.425,0.85,500,0
SPY190828C292,2019-08-27,2019-08-27 09:34:42,0.43,0.86,123,0.42,0.84,290,0.42,0.84,1,0.425,0.85,500,0
SPY190828C292,2019-08-27,2019-08-27 09:34:42,0.43,0.86,3,0.42,0.84,51,0.42,0.84,1,0.425,0.85,500,0
SPY190828C292,2019-08-27,2019-08-27 09:34:43,0.44,0.88,1207,0.42,0.84,537,0.42,0.84,1,0.43,0.86,500,0
SPY190828C292,2019-08-27,2019-08-27 09:34:43,0.44,0.88,1354,0.42,0.84,171,0.42,0.84,1,0.43,0.86,500,0
SPY190828C292,2019-08-27,2019-08-27 09:34:44,0.43,0.86,14,0.42,0.84,537,0.42,0.84,1,0.425,0.85,500,0
SPY190828C292,2019-08-27,2019-08-27 09:34:45,0.43,0.86,14,0.42,0.84,537,0.42,0.84,1,0.425,0.85,500,0
SPY190828C292,2019-08-27,2019-08-27 09:34:46,0.43,0.86,14,0.42,0.84,152,0.42,0.84,1,0.425,0.85,500,0
SPY190828C292,2019-08-27,2019-08-27 09:34:46,0.44,0.88,907,0.42,0.84,152,0.42,0.84,1,0.43,0.86,500,0
SPY190828C292,2019-08-27,2019-08-27 09:34:47,0.44,0.88,1735,0.42,0.84,5,0.42,0.84,1,0.43,0.86,500,0
SPY190828C292,2019-08-27,2019-08-27 09:34:47,0.43,0.86,14,0.42,0.84,186,0.42,0.84,1,0.425,0.85,500,0
SPY190828C292,2019-08-27,2019-08-27 09:34:48,0.44,0.88,2285,0.43,0.86,27,0.42,0.84,1,0.435,0.87,500,0
SPY190828C292,2019-08-27,2019-08-27 09:34:48,0.43,0.86,5,0.42,0.84,41,0.42,0.84,1,0.425,0.85,500,0
SPY190828C292,2019-08-27,2019-08-27 09:34:49,0.43,0.86,5,0.42,0.84,5,0.42,0.84,1,0.425,0.85,500,0
SPY190828C292,2019-08-27,2019-08-27 09:34:49,0.43,0.86,177,0.42,0.84,36,0.42,0.84,1,0.425,0.85,500,0
SPY190828C292,2019-08-27,2019-08-27 09:34:50,0.43,0.86,177,0.42,0.84,50,0.42,0.84,1,0.425,0.85,500,0
SPY190828C292,2019-08-27,2019-08-27 09:34:51,0.43,0.86,557,0.42,0.84,50,0.42,0.84,1,0.425,0.85,500,0
SPY190828C292,2019-08-27,2019-08-27 09:34:51,0.43,0.86,461,0.42,0.84,50,0.42,0.84,1,0.425,0.85,500,0
SPY190828C292,2019-08-27,2019-08-27 09:34:52,0.43,0.86,130,0.42,0.84,52,0.42,0.84,1,0.425,0.85,500,0
SPY190828C292,2019-08-27,2019-08-27 09:34:52,0.43,0.86,969,0.42,0.84,52,0.42,0.84,1,0.425,0.85,500,0
SPY190828C292,2019-08-27,2019-08-27 09:34:53,0.43,0.86,653,0.42,0.84,105,0.42,0.84,1,0.425,0.85,500,0
SPY190828C292,2019-08-27,2019-08-27 09:34:53,0.43,0.86,969,0.42,0.84,38,0.42,0.84,1,0.425,0.85,500,0
SPY190828C292,2019-08-27,2019-08-27 09:34:54,0.43,0.86,150,0.42,0.84,85,0.42,0.84,1,0.425,0.85,500,0
SPY190828C292,2019-08-27,2019-08-27 09:34:54,0.43,0.86,552,0.42,0.84,105,0.42,0.84,1,0.425,0.85,500,0
SPY190828C292,2019-08-27,2019-08-27 09:34:55,0.43,0.86,135,0.42,0.84,36,0.42,0.84,1,0.425,0.85,500,0
SPY190828C292,2019-08-27,2019-08-27 09:34:55,0.43,0.86,150,0.42,0.84,85,0.42,0.84,1,0.425,0.85,500,0
SPY190828C292,2019-08-27,2019-08-27 09:34:56,0.44,0.88,1217,0.42,0.84,1173,0.42,0.84,1,0.43,0.86,500,0
SPY190828C292,2019-08-27,2019-08-27 09:34:56,0.43,0.86,140,0.42,0.84,400,0.42,0.84,1,0.425,0.85,500,0
SPY190828C292,2019-08-27,2019-08-27 09:34:57,0.43,0.86,123,0.42,0.84,182,0.42,0.84,1,0.425,0.85,500,0
SPY190828C292,2019-08-27,2019-08-27 09:34:57,0.44,0.88,1217,0.42,0.84,1173,0.42,0.84,1,0.43,0.86,500,0
SPY190828C292,2019-08-27,2019-08-27 09:34:58,0.44,0.88,1864,0.42,0.84,838,0.42,0.84,1,0.43,0.86,500,0
SPY190828C292,2019-08-27,2019-08-27 09:34:59,0.43,0.86,2,0.42,0.84,1340,0.42,0.84,1,0.425,0.85,500,0
SPY190828C292,2019-08-27,2019-08-27 09:34:59,0.43,0.86,2,0.42,0.84,1593,0.42,0.84,1,0.425,0.85,500,0
SPY190828C292,2019-08-27,2019-08-27 09:35:00,0.43,0.86,92,0.42,0.84,1191,0.43,0.86,2,0.425,0.85,502,0
SPY190828C292,2019-08-27,2019-08-27 09:35:00,0.43,0.86,135,0.42,0.84,102,0.43,0.86,2,0.425,0.85,502,2
SPY190828C292,2019-08-27,2019-08-27 09:35:01,0.44,0.88,165,0.43,0.86,10,0.43,0.86,1,0.435,0.87,505,0
SPY190828C292,2019-08-27,2019-08-27 09:35:01,0.44,0.88,165,0.42,0.84,1191,0.43,0.86,1,0.43,0.86,505,3
SPY190828C292,2019-08-27,2019-08-27 09:35:02,0.44,0.88,441,0.43,0.86,10,0.43,0.86,1,0.435,0.87,505,0
SPY190828C292,2019-08-27,2019-08-27 09:35:02,0.44,0.88,720,0.43,0.86,10,0.43,0.86,1,0.435,0.87,505,0
SPY190828C292,2019-08-27,2019-08-27 09:35:03,0.44,0.88,465,0.43,0.86,5,0.43,0.86,1,0.435,0.87,505,0
SPY190828C292,2019-08-27,2019-08-27 09:35:03,0.44,0.88,862,0.43,0.86,13,0.43,0.86,1,0.435,0.87,505,0
SPY190828C292,2019-08-27,2019-08-27 09:35:04,0.44,0.88,256,0.43,0.86,5,0.43,0.86,1,0.435,0.87,505,0
SPY190828C292,2019-08-27,2019-08-27 09:35:04,0.44,0.88,530,0.43,0.86,5,0.43,0.86,1,0.435,0.87,505,0
SPY190828C292,2019-08-27,2019-08-27 09:35:05,0.44,0.88,1,0.43,0.86,313,0.43,0.86,19,0.435,0.87,529,24
SPY190828C292,2019-08-27,2019-08-27 09:35:05,0.45,0.9,49,0.44,0.88,514,0.44,0.88,1,0.445,0.89,531,2
SPY190828C292,2019-08-27,2019-08-27 09:35:06,0.45,0.9,1,0.44,0.88,1750,0.45,0.9,38,0.445,0.89,581,0
SPY190828C292,2019-08-27,2019-08-27 09:35:06,0.45,0.9,49,0.44,0.88,1115,0.45,0.9,38,0.445,0.89,581,50
SPY190828C292,2019-08-27,2019-08-27 09:35:07,0.45,0.9,1,0.44,0.88,1971,0.45,0.9,38,0.445,0.89,581,0
SPY190828C292,2019-08-27,2019-08-27 09:35:07,0.45,0.9,1,0.44,0.88,873,0.45,0.9,38,0.445,0.89,581,0
SPY190828C292,2019-08-27,2019-08-27 09:35:08,0.45,0.9,1,0.44,0.88,1357,0.45,0.9,38,0.445,0.89,581,0
SPY190828C292,2019-08-27,2019-08-27 09:35:08,0.45,0.9,1,0.44,0.88,1970,0.45,0.9,38,0.445,0.89,581,0
SPY190828C292,2019-08-27,2019-08-27 09:35:09,0.45,0.9,1,0.44,0.88,2150,0.45,0.9,38,0.445,0.89,581,0
SPY190828C292,2019-08-27,2019-08-27 09:35:09,0.45,0.9,1,0.44,0.88,1479,0.45,0.9,38,0.445,0.89,581,0
SPY190828C292,2019-08-27,2019-08-27 09:35:10,0.45,0.9,36,0.44,0.88,1479,0.45,0.9,38,0.445,0.89,581,0
SPY190828C292,2019-08-27,2019-08-27 09:35:11,0.45,0.9,36,0.44,0.88,532,0.45,0.9,38,0.445,0.89,581,0
SPY190828C292,2019-08-27,2019-08-27 09:35:11,0.45,0.9,36,0.44,0.88,924,0.45,0.9,38,0.445,0.89,581,0
SPY190828C292,2019-08-27,2019-08-27 09:35:12,0.45,0.9,36,0.44,0.88,968,0.45,0.9,38,0.445,0.89,581,0
SPY190828C292,2019-08-27,2019-08-27 09:35:12,0.45,0.9,36,0.44,0.88,924,0.45,0.9,38,0.445,0.89,581,0
SPY190828C292,2019-08-27,2019-08-27 09:35:13,0.45,0.9,50,0.44,0.88,1670,0.45,0.9,38,0.445,0.89,581,0
SPY190828C292,2019-08-27,2019-08-27 09:35:13,0.45,0.9,36,0.44,0.88,1670,0.45,0.9,38,0.445,0.89,581,0
SPY190828C292,2019-08-27,2019-08-27 09:35:14,0.45,0.9,26,0.44,0.88,620,0.45,0.9,38,0.445,0.89,581,0
SPY190828C292,2019-08-27,2019-08-27 09:35:14,0.45,0.9,26,0.44,0.88,149,0.45,0.9,38,0.445,0.89,581,0
SPY190828C292,2019-08-27,2019-08-27 09:35:15,0.45,0.9,121,0.44,0.88,968,0.45,0.9,38,0.445,0.89,581,0
SPY190828C292,2019-08-27,2019-08-27 09:35:15,0.45,0.9,246,0.44,0.88,10,0.45,0.9,38,0.445,0.89,581,0
SPY190828C292,2019-08-27,2019-08-27 09:35:16,0.45,0.9,386,0.44,0.88,16,0.45,0.9,38,0.445,0.89,581,0
SPY190828C292,2019-08-27,2019-08-27 09:35:17,0.45,0.9,108,0.44,0.88,1047,0.44,0.88,8,0.445,0.89,589,0
SPY190828C292,2019-08-27,2019-08-27 09:35:17,0.45,0.9,108,0.44,0.88,646,0.44,0.88,8,0.445,0.89,589,8
SPY190828C292,2019-08-27,2019-08-27 09:35:18,0.45,0.9,108,0.44,0.88,861,0.44,0.88,8,0.445,0.89,589,0
SPY190828C292,2019-08-27,2019-08-27 09:35:18,0.45,0.9,199,0.44,0.88,1398,0.44,0.88,8,0.445,0.89,589,0
SPY190828C292,2019-08-27,2019-08-27 09:35:19,0.45,0.9,214,0.44,0.88,1398,0.44,0.88,8,0.445,0.89,589,0
SPY190828C292,2019-08-27,2019-08-27 09:35:19,0.45,0.9,237,0.44,0.88,1398,0.44,0.88,8,0.445,0.89,589,0
SPY190828C292,2019-08-27,2019-08-27 09:35:20,0.45,0.9,176,0.44,0.88,548,0.44,0.88,8,0.445,0.89,589,0
SPY190828C292,2019-08-27,2019-08-27 09:35:20,0.45,0.9,438,0.44,0.88,1000,0.44,0.88,8,0.445,0.89,589,0
SPY190828C292,2019-08-27,2019-08-27 09:35:21,0.45,0.9,1014,0.44,0.88,477,0.44,0.88,8,0.445,0.89,589,0
SPY190828C292,2019-08-27,2019-08-27 09:35:21,0.45,0.9,1015,0.44,0.88,477,0.44,0.88,8,0.445,0.89,589,0
SPY190828C292,2019-08-27,2019-08-27 09:35:22,0.45,0.9,1351,0.44,0.88,260,0.44,0.88,8,0.445,0.89,589,0
SPY190828C292,2019-08-27,2019-08-27 09:35:22,0.45,0.9,1363,0.44,0.88,196,0.44,0.88,8,0.445,0.89,589,0
SPY190828C292,2019-08-27,2019-08-27 09:35:23,0.45,0.9,1030,0.44,0.88,472,0.44,0.88,8,0.445,0.89,589,0
SPY190828C292,2019-08-27,2019-08-27 09:35:23,0.45,0.9,1254,0.44,0.88,533,0.44,0.88,8,0.445,0.89,589,0
SPY190828C292,2019-08-27,2019-08-27 09:35:24,0.45,0.9,369,0.43,0.86,1670,0.44,0.88,8,0.44,0.88,589,0
SPY190828C292,2019-08-27,2019-08-27 09:35:24,0.45,0.9,634,0.44,0.88,429,0.44,0.88,8,0.445,0.89,589,0
SPY190828C292,2019-08-27,2019-08-27 09:35:26,0.45,0.9,344,0.44,0.88,149,0.44,0.88,8,0.445,0.89,589,0
SPY190828C292,2019-08-27,2019-08-27 09:35:27,0.45,0.9,344,0.44,0.88,16,0.44,0.88,8,0.445,0.89,589,0
SPY190828C292,2019-08-27,2019-08-27 09:35:27,0.45,0.9,543,0.44,0.88,88,0.44,0.88,12,0.445,0.89,609,20
SPY190828C292,2019-08-27,2019-08-27 09:35:28,0.45,0.9,538,0.44,0.88,106,0.44,0.88,12,0.445,0.89,609,0
SPY190828C292,2019-08-27,2019-08-27 09:35:28,0.45,0.9,244,0.44,0.88,86,0.44,0.88,12,0.445,0.89,609,0
SPY190828C292,2019-08-27,2019-08-27 09:35:29,0.45,0.9,140,0.44,0.88,400,0.44,0.88,12,0.445,0.89,609,0
SPY190828C292,2019-08-27,2019-08-27 09:35:29,0.45,0.9,186,0.44,0.88,328,0.44,0.88,12,0.445,0.89,609,0
SPY190828C292,2019-08-27,2019-08-27 09:35:30,0.45,0.9,186,0.44,0.88,1266,0.44,0.88,12,0.445,0.89,609,0
SPY190828C292,2019-08-27,2019-08-27 09:35:31,0.45,0.9,186,0.44,0.88,1468,0.44,0.88,12,0.445,0.89,609,0
SPY190828C292,2019-08-27,2019-08-27 09:35:32,0.45,0.9,186,0.44,0.88,1468,0.44,0.88,12,0.445,0.89,609,0
SPY190828C292,2019-08-27,2019-08-27 09:35:32,0.45,0.9,186,0.44,0.88,1420,0.45,0.9,2,0.445,0.89,611,2
SPY190828C292,2019-08-27,2019-08-27 09:35:33,0.45,0.9,14,0.44,0.88,1420,0.45,0.9,2,0.445,0.89,611,0
SPY190828C292,2019-08-27,2019-08-27 09:35:33,0.45,0.9,186,0.44,0.88,1420,0.45,0.9,2,0.445,0.89,611,0
SPY190828C292,2019-08-27,2019-08-27 09:35:34,0.45,0.9,14,0.44,0.88,1420,0.45,0.9,2,0.445,0.89,611,0
SPY190828C292,2019-08-27,2019-08-27 09:35:35,0.45,0.9,14,0.44,0.88,766,0.44,0.88,25,0.445,0.89,636,25
SPY190828C292,2019-08-27,2019-08-27 09:35:35,0.45,0.9,14,0.44,0.88,1420,0.45,0.9,2,0.445,0.89,611,0
SPY190828C292,2019-08-27,2019-08-27 09:35:36,0.45,0.9,91,0.44,0.88,1225,0.44,0.88,25,0.445,0.89,636,0
SPY190828C292,2019-08-27,2019-08-27 09:35:36,0.45,0.9,113,0.44,0.88,969,0.44,0.88,25,0.445,0.89,636,0
SPY190828C292,2019-08-27,2019-08-27 09:35:37,0.45,0.9,91,0.44,0.88,1225,0.44,0.88,25,0.445,0.89,636,0
SPY190828C292,2019-08-27,2019-08-27 09:35:38,0.45,0.9,1,0.44,0.88,2019,0.44,0.88,25,0.445,0.89,636,0
SPY190828C292,2019-08-27,2019-08-27 09:35:38,0.45,0.9,1,0.44,0.88,907,0.44,0.88,25,0.445,0.89,636,0
SPY190828C292,2019-08-27,2019-08-27 09:35:39,0.45,0.9,1,0.44,0.88,1594,0.45,0.9,1,0.445,0.89,637,0
SPY190828C292,2019-08-27,2019-08-27 09:35:39,0.45,0.9,1,0.44,0.88,540,0.45,0.9,1,0.445,0.89,637,1
SPY190828C292,2019-08-27,2019-08-27 09:35:40,0.45,0.9,1,0.44,0.88,1750,0.45,0.9,1,0.445,0.89,637,0
SPY190828C292,2019-08-27,2019-08-27 09:35:41,0.45,0.9,1,0.44,0.88,1654,0.45,0.9,1,0.445,0.89,637,0
SPY190828C292,2019-08-27,2019-08-27 09:35:42,0.45,0.9,90,0.44,0.88,666,0.45,0.9,1,0.445,0.89,637,0
SPY190828C292,2019-08-27,2019-08-27 09:35:42,0.45,0.9,20,0.44,0.88,1611,0.45,0.9,1,0.445,0.89,637,0
SPY190828C292,2019-08-27,2019-08-27 09:35:43,0.45,0.9,90,0.44,0.88,563,0.45,0.9,1,0.445,0.89,637,0
SPY190828C292,2019-08-27,2019-08-27 09:35:44,0.45,0.9,90,0.44,0.88,1554,0.45,0.9,20,0.445,0.89,673,36
SPY190828C292,2019-08-27,2019-08-27 09:35:44,0.45,0.9,90,0.44,0.88,832,0.45,0.9,1,0.445,0.89,637,0
SPY190828C292,2019-08-27,2019-08-27 09:35:45,0.48,0.96,590,0.45,0.9,964,0.45,0.9,20,0.465,0.93,673,0
SPY190828C292,2019-08-27,2019-08-27 09:35:45,0.48,0.96,590,0.45,0.9,447,0.45,0.9,20,0.465,0.93,673,0
SPY190828C292,2019-08-27,2019-08-27 09:35:46,0.47,0.94,130,0.46,0.92,356,0.45,0.9,20,0.465,0.93,673,0
SPY190828C292,2019-08-27,2019-08-27 09:35:46,0.47,0.94,39,0.46,0.92,505,0.45,0.9,20,0.465,0.93,673,0
SPY190828C292,2019-08-27,2019-08-27 09:35:47,0.47,0.94,3,0.46,0.92,1177,0.45,0.9,20,0.465,0.93,673,0
SPY190828C292,2019-08-27,2019-08-27 09:35:47,0.48,0.96,2607,0.46,0.92,1177,0.45,0.9,20,0.47,0.94,673,0
SPY190828C292,2019-08-27,2019-08-27 09:35:48,0.48,0.96,1335,0.46,0.92,956,0.45,0.9,20,0.47,0.94,673,0
SPY190828C292,2019-08-27,2019-08-27 09:35:48,0.48,0.96,1730,0.46,0.92,1150,0.45,0.9,20,0.47,0.94,673,0
SPY190828C292,2019-08-27,2019-08-27 09:35:49,0.48,0.96,2017,0.46,0.92,1133,0.45,0.9,20,0.47,0.94,673,0
SPY190828C292,2019-08-27,2019-08-27 09:35:49,0.48,0.96,737,0.47,0.94,3,0.45,0.9,20,0.475,0.95,673,0
SPY190828C292,2019-08-27,2019-08-27 09:35:50,0.48,0.96,1471,0.46,0.92,1041,0.45,0.9,20,0.47,0.94,673,0
SPY190828C292,2019-08-27,2019-08-27 09:35:50,0.48,0.96,737,0.47,0.94,3,0.45,0.9,20,0.475,0.95,673,0
SPY190828C292,2019-08-27,2019-08-27 09:35:51,0.47,0.94,23,0.46,0.92,964,0.48,0.96,1,0.465,0.93,674,0
SPY190828C292,2019-08-27,2019-08-27 09:35:51,0.48,0.96,1647,0.46,0.92,1019,0.48,0.96,1,0.47,0.94,674,1
SPY190828C292,2019-08-27,2019-08-27 09:35:52,0.47,0.94,548,0.46,0.92,14,0.48,0.96,1,0.465,0.93,674,0
SPY190828C292,2019-08-27,2019-08-27 09:35:52,0.47,0.94,120,0.46,0.92,964,0.48,0.96,1,0.465,0.93,674,0
SPY190828C292,2019-08-27,2019-08-27 09:35:53,0.46,0.92,80,0.45,0.9,530,0.48,0.96,1,0.455,0.91,674,0
SPY190828C292,2019-08-27,2019-08-27 09:35:54,0.46,0.92,80,0.45,0.9,730,0.48,0.96,1,0.455,0.91,674,0
SPY190828C292,2019-08-27,2019-08-27 09:35:55,0.46,0.92,1265,0.45,0.9,14,0.48,0.96,1,0.455,0.91,674,0
SPY190828C292,2019-08-27,2019-08-27 09:35:55,0.46,0.92,103,0.45,0.9,530,0.48,0.96,1,0.455,0.91,674,0
SPY190828C292,2019-08-27,2019-08-27 09:35:56,0.46,0.92,80,0.45,0.9,462,0.46,0.92,2,0.455,0.91,676,0
SPY190828C292,2019-08-27,2019-08-27 09:35:56,0.46,0.92,120,0.45,0.9,462,0.46,0.92,2,0.455,0.91,676,2
SPY190828C292,2019-08-27,2019-08-27 09:35:57,0.46,0.92,173,0.44,0.88,364,0.46,0.92,2,0.45,0.9,676,0
SPY190828C292,2019-08-27,2019-08-27 09:35:57,0.46,0.92,1481,0.44,0.88,1235,0.45,0.9,17,0.45,0.9,693,17
SPY190828C292,2019-08-27,2019-08-27 09:35:58,0.46,0.92,2622,0.44,0.88,1069,0.45,0.9,17,0.45,0.9,693,0
SPY190828C292,2019-08-27,2019-08-27 09:35:58,0.45,0.9,14,0.44,0.88,1216,0.45,0.9,17,0.445,0.89,693,0
SPY190828C292,2019-08-27,2019-08-27 09:35:59,0.45,0.9,170,0.43,0.86,2045,0.45,0.9,8,0.44,0.88,701,8
SPY190828C292,2019-08-27,2019-08-27 09:35:59,0.46,0.92,210,0.44,0.88,18,0.45,0.9,8,0.45,0.9,701,0
SPY190828C292,2019-08-27,2019-08-27 09:36:00,0.46,0.92,1262,0.44,0.88,506,0.45,0.9,8,0.45,0.9,701,0
SPY190828C292,2019-08-27,2019-08-27 09:36:00,0.46,0.92,215,0.44,0.88,169,0.45,0.9,8,0.45,0.9,701,0
SPY190828C292,2019-08-27,2019-08-27 09:36:01,0.46,0.92,1904,0.45,0.9,14,0.44,0.88,6,0.455,0.91,708,7
SPY190828C292,2019-08-27,2019-08-27 09:36:01,0.46,0.92,90,0.45,0.9,416,0.44,0.88,6,0.455,0.91,708,0
SPY190828C292,2019-08-27,2019-08-27 09:36:02,0.48,0.96,400,0.46,0.92,408,0.44,0.88,6,0.47,0.94,708,0
SPY190828C292,2019-08-27,2019-08-27 09:36:02,0.48,0.96,826,0.46,0.92,365,0.44,0.88,6,0.47,0.94,708,0
SPY190828C292,2019-08-27,2019-08-27 09:36:03,0.47,0.94,14,0.47,0.94,2,0.44,0.88,6,0.47,0.94,708,0
SPY190828C292,2019-08-27,2019-08-27 09:36:03,0.48,0.96,1271,0.46,0.92,554,0.44,0.88,6,0.47,0.94,708,0
SPY190828C292,2019-08-27,2019-08-27 09:36:04,0.48,0.96,304,0.46,0.92,128,0.44,0.88,6,0.47,0.94,708,0
SPY190828C292,2019-08-27,2019-08-27 09:36:05,0.48,0.96,304,0.46,0.92,678,0.44,0.88,6,0.47,0.94,708,0
SPY190828C292,2019-08-27,2019-08-27 09:36:05,0.48,0.96,364,0.46,0.92,1116,0.44,0.88,6,0.47,0.94,708,0
SPY190828C292,2019-08-27,2019-08-27 09:36:06,0.48,0.96,832,0.46,0.92,670,0.44,0.88,6,0.47,0.94,708,0
SPY190828C292,2019-08-27,2019-08-27 09:36:06,0.48,0.96,866,0.46,0.92,670,0.44,0.88,6,0.47,0.94,708,0
SPY190828C292,2019-08-27,2019-08-27 09:36:07,0.48,0.96,586,0.46,0.92,644,0.48,0.96,1,0.47,0.94,709,1
SPY190828C292,2019-08-27,2019-08-27 09:36:07,0.48,0.96,1478,0.46,0.92,574,0.44,0.88,6,0.47,0.94,708,0
SPY190828C292,2019-08-27,2019-08-27 09:36:08,0.48,0.96,365,0.47,0.94,14,0.48,0.96,1,0.475,0.95,709,0
SPY190828C292,2019-08-27,2019-08-27 09:36:08,0.48,0.96,1197,0.47,0.94,11,0.48,0.96,1,0.475,0.95,709,0
SPY190828C292,2019-08-27,2019-08-27 09:36:09,0.47,0.94,120,0.46,0.92,1642,0.48,0.96,1,0.465,0.93,709,0
SPY190828C292,2019-08-27,2019-08-27 09:36:09,0.48,0.96,1005,0.46,0.92,462,0.48,0.96,1,0.47,0.94,709,0
SPY190828C292,2019-08-27,2019-08-27 09:36:10,0.48,0.96,1328,0.47,0.94,1,0.48,0.96,1,0.475,0.95,709,0
SPY190828C292,2019-08-27,2019-08-27 09:36:10,0.48,0.96,897,0.46,0.92,5,0.48,0.96,1,0.47,0.94,709,0
SPY190828C292,2019-08-27,2019-08-27 09:36:11,0.48,0.96,534,0.47,0.94,1,0.48,0.96,1,0.475,0.95,709,0
SPY190828C292,2019-08-27,2019-08-27 09:36:11,0.48,0.96,1372,0.47,0.94,1,0.48,0.96,1,0.475,0.95,709,0
SPY190828C292,2019-08-27,2019-08-27 09:36:12,0.48,0.96,432,0.47,0.94,1,0.48,0.96,1,0.475,0.95,709,0
SPY190828C292,2019-08-27,2019-08-27 09:36:12,0.48,0.96,1321,0.47,0.94,1,0.48,0.96,1,0.475,0.95,709,0
SPY190828C292,2019-08-27,2019-08-27 09:36:13,0.48,0.96,436,0.47,0.94,1,0.48,0.96,1,0.475,0.95,709,0
SPY190828C292,2019-08-27,2019-08-27 09:36:13,0.47,0.94,21,0.47,0.94,1,0.47,0.94,1,0.47,0.94,710,1
SPY190828C292,2019-08-27,2019-08-27 09:36:14,0.47,0.94,559,0.46,0.92,14,0.47,0.94,1,0.465,0.93,710,0
SPY190828C292,2019-08-27,2019-08-27 09:36:14,0.47,0.94,21,0.45,0.9,806,0.47,0.94,1,0.46,0.92,710,0
SPY190828C292,2019-08-27,2019-08-27 09:36:15,0.47,0.94,110,0.45,0.9,368,0.47,0.94,1,0.46,0.92,710,0
SPY190828C292,2019-08-27,2019-08-27 09:36:15,0.47,0.94,1146,0.46,0.92,14,0.47,0.94,1,0.465,0.93,710,0
SPY190828C292,2019-08-27,2019-08-27 09:36:16,0.47,0.94,636,0.46,0.92,5,0.47,0.94,1,0.465,0.93,710,0
SPY190828C292,2019-08-27,2019-08-27 09:36:16,0.47,0.94,397,0.45,0.9,368,0.47,0.94,1,0.46,0.92,710,0
SPY190828C292,2019-08-27,2019-08-27 09:36:17,0.47,0.94,1452,0.45,0.9,1607,0.47,0.94,1,0.46,0.92,710,0
SPY190828C292,2019-08-27,2019-08-27 09:36:17,0.47,0.94,739,0.45,0.9,1498,0.47,0.94,1,0.46,0.92,710,0
SPY190828C292,2019-08-27,2019-08-27 09:36:18,0.47,0.94,2770,0.45,0.9,1773,0.47,0.94,1,0.46,0.92,710,0
SPY190828C292,2019-08-27,2019-08-27 09:36:18,0.47,0.94,2770,0.45,0.9,1767,0.47,0.94,1,0.46,0.92,710,0
SPY190828C292,2019-08-27,2019-08-27 09:36:19,0.47,0.94,1193,0.45,0.9,1756,0.47,0.94,1,0.46,0.92,710,0
SPY190828C292,2019-08-27,2019-08-27 09:36:19,0.47,0.94,904,0.45,0.9,1648,0.47,0.94,1,0.46,0.92,710,0
SPY190828C292,2019-08-27,2019-08-27 09:36:20,0.46,0.92,495,0.45,0.9,10,0.47,0.94,1,0.455,0.91,710,0
SPY190828C292,2019-08-27,2019-08-27 09:36:20,0.46,0.92,1238,0.45,0.9,10,0.47,0.94,1,0.455,0.91,710,0
SPY190828C292,2019-08-27,2019-08-27 09:36:21,0.46,0.92,1823,0.45,0.9,10,0.47,0.94,1,0.455,0.91,710,0
SPY190828C292,2019-08-27,2019-08-27 09:36:21,0.46,0.92,1429,0.43,0.86,1923,0.45,0.9,10,0.445,0.89,720,10
SPY190828C292,2019-08-27,2019-08-27 09:36:22,0.45,0.9,1357,0.43,0.86,376,0.45,0.9,10,0.44,0.88,720,0
SPY190828C292,2019-08-27,2019-08-27 09:36:22,0.45,0.9,1357,0.43,0.86,14,0.45,0.9,10,0.44,0.88,720,0
SPY190828C292,2019-08-27,2019-08-27 09:36:23,0.44,0.88,459,0.42,0.84,143,0.45,0.9,10,0.43,0.86,720,0
SPY190828C292,2019-08-27,2019-08-27 09:36:23,0.44,0.88,1302,0.43,0.86,29,0.45,0.9,10,0.435,0.87,720,0
SPY190828C292,2019-08-27,2019-08-27 09:36:24,0.44,0.88,937,0.42,0.84,143,0.42,0.84,1,0.43,0.86,721,1
SPY190828C292,2019-08-27,2019-08-27 09:36:25,0.45,0.9,1174,0.43,0.86,942,0.42,0.84,1,0.44,0.88,721,0
SPY190828C292,2019-08-27,2019-08-27 09:36:25,0.45,0.9,379,0.43,0.86,5,0.42,0.84,1,0.44,0.88,721,0
SPY190828C292,2019-08-27,2019-08-27 09:36:26,0.45,0.9,383,0.44,0.88,462,0.42,0.84,1,0.445,0.89,721,0
SPY190828C292,2019-08-27,2019-08-27 09:36:26,0.45,0.9,1174,0.43,0.86,1082,0.42,0.84,1,0.44,0.88,721,0
SPY190828C292,2019-08-27,2019-08-27 09:36:27,0.46,0.92,1698,0.44,0.88,106,0.42,0.84,1,0.45,0.9,721,0
SPY190828C292,2019-08-27,2019-08-27 09:36:27,0.45,0.9,120,0.44,0.88,11,0.42,0.84,1,0.445,0.89,721,0
SPY190828C292,2019-08-27,2019-08-27 09:36:28,0.45,0.9,120,0.44,0.88,25,0.42,0.84,1,0.445,0.89,721,0
SPY190828C292,2019-08-27,2019-08-27 09:36:28,0.45,0.9,140,0.44,0.88,25,0.42,0.84,1,0.445,0.89,721,0
SPY190828C292,2019-08-27,2019-08-27 09:36:29,0.45,0.9,140,0.44,0.88,10,0.44,0.88,1,0.445,0.89,722,0
SPY190828C292,2019-08-27,2019-08-27 09:36:29,0.45,0.9,140,0.44,0.88,10,0.44,0.88,1,0.445,0.89,722,1
SPY190828C292,2019-08-27,2019-08-27 09:36:30,0.44,0.88,27,0.43,0.86,954,0.44,0.88,1,0.435,0.87,722,0
SPY190828C292,2019-08-27,2019-08-27 09:36:30,0.45,0.9,140,0.44,0.88,16,0.44,0.88,1,0.445,0.89,722,0
SPY190828C292,2019-08-27,2019-08-27 09:36:31,0.44,0.88,27,0.43,0.86,1113,0.44,0.88,1,0.435,0.87,722,0
SPY190828C292,2019-08-27,2019-08-27 09:36:31,0.46,0.92,180,0.44,0.88,833,0.44,0.88,1,0.45,0.9,722,0
SPY190828C292,2019-08-27,2019-08-27 09:36:32,0.45,0.9,3,0.45,0.9,30,0.44,0.88,1,0.45,0.9,722,0
SPY190828C292,2019-08-27,2019-08-27 09:36:32,0.46,0.92,1049,0.44,0.88,1379,0.44,0.88,1,0.45,0.9,722,0
SPY190828C292,2019-08-27,2019-08-27 09:36:33,0.46,0.92,1443,0.44,0.88,1053,0.44,0.88,1,0.45,0.9,722,0
SPY190828C292,2019-08-27,2019-08-27 09:36:33,0.46,0.92,1305,0.44,0.88,1635,0.44,0.88,1,0.45,0.9,722,0
SPY190828C292,2019-08-27,2019-08-27 09:36:34,0.45,0.9,125,0.43,0.86,524,0.44,0.88,1,0.44,0.88,722,0
SPY190828C292,2019-08-27,2019-08-27 09:36:34,0.45,0.9,696,0.44,0.88,9,0.44,0.88,1,0.445,0.89,722,0
SPY190828C292,2019-08-27,2019-08-27 09:36:35,0.45,0.9,1521,0.44,0.88,32,0.44,0.88,1,0.445,0.89,722,0
SPY190828C292,2019-08-27,2019-08-27 09:36:35,0.46,0.92,1689,0.44,0.88,579,0.44,0.88,1,0.45,0.9,722,0
SPY190828C292,2019-08-27,2019-08-27 09:36:36,0.45,0.9,18,0.44,0.88,579,0.44,0.88,1,0.445,0.89,722,0
SPY190828C292,2019-08-27,2019-08-27 09:36:36,0.46,0.92,1689,0.44,0.88,579,0.44,0.88,1,0.45,0.9,722,0
SPY190828C292,2019-08-27,2019-08-27 09:36:37,0.45,0.9,25,0.44,0.88,802,0.44,0.88,1,0.445,0.89,722,0
SPY190828C292,2019-08-27,2019-08-27 09:36:37,0.45,0.9,38,0.44,0.88,677,0.44,0.88,1,0.445,0.89,722,0
SPY190828C292,2019-08-27,2019-08-27 09:36:38,0.45,0.9,541,0.44,0.88,14,0.44,0.88,1,0.445,0.89,722,0
SPY190828C292,2019-08-27,2019-08-27 09:36:38,0.45,0.9,25,0.44,0.88,228,0.44,0.88,1,0.445,0.89,722,0
SPY190828C292,2019-08-27,2019-08-27 09:36:39,0.45,0.9,1050,0.44,0.88,1,0.44,0.88,1,0.445,0.89,722,0
SPY190828C292,2019-08-27,2019-08-27 09:36:39,0.45,0.9,2827,0.44,0.88,1,0.44,0.88,1,0.445,0.89,722,0
SPY190828C292,2019-08-27,2019-08-27 09:36:40,0.45,0.9,2259,0.44,0.88,1,0.44,0.88,1,0.445,0.89,722,0
SPY190828C292,2019-08-27,2019-08-27 09:36:40,0.45,0.9,1959,0.44,0.88,1,0.44,0.88,1,0.445,0.89,722,0
SPY190828C292,2019-08-27,2019-08-27 09:36:41,0.45,0.9,3004,0.44,0.88,1,0.44,0.88,1,0.445,0.89,722,0
SPY190828C292,2019-08-27,2019-08-27 09:36:41,0.45,0.9,3223,0.44,0.88,1,0.44,0.88,1,0.445,0.89,722,0
SPY190828C292,2019-08-27,2019-08-27 09:36:42,0.45,0.9,3223,0.44,0.88,1,0.44,0.88,1,0.445,0.89,722,0
SPY190828C292,2019-08-27,2019-08-27 09:36:42,0.45,0.9,534,0.44,0.88,1,0.44,0.88,1,0.445,0.89,722,0
SPY190828C292,2019-08-27,2019-08-27 09:36:43,0.45,0.9,533,0.44,0.88,5,0.44,0.88,1,0.445,0.89,722,0
SPY190828C292,2019-08-27,2019-08-27 09:36:43,0.45,0.9,533,0.44,0.88,26,0.44,0.88,1,0.445,0.89,722,0
SPY190828C292,2019-08-27,2019-08-27 09:36:44,0.45,0.9,533,0.44,0.88,99,0.44,0.88,4,0.445,0.89,732,0
SPY190828C292,2019-08-27,2019-08-27 09:36:44,0.45,0.9,533,0.44,0.88,10,0.44,0.88,4,0.445,0.89,732,10
SPY190828C292,2019-08-27,2019-08-27 09:36:45,0.45,0.9,535,0.44,0.88,99,0.45,0.9,15,0.445,0.89,747,15
SPY190828C292,2019-08-27,2019-08-27 09:36:45,0.45,0.9,535,0.44,0.88,99,0.45,0.9,15,0.445,0.89,747,0
SPY190828C292,2019-08-27,2019-08-27 09:36:46,0.45,0.9,399,0.44,0.88,60,0.45,0.9,1,0.445,0.89,748,1
SPY190828C292,2019-08-27,2019-08-27 09:36:46,0.45,0.9,1171,0.44,0.88,99,0.45,0.9,15,0.445,0.89,747,0
SPY190828C292,2019-08-27,2019-08-27 09:36:47,0.45,0.9,1017,0.44,0.88,36,0.45,0.9,1,0.445,0.89,748,0
SPY190828C292,2019-08-27,2019-08-27 09:36:48,0.45,0.9,491,0.44,0.88,36,0.45,0.9,1,0.445,0.89,748,0
SPY190828C292,2019-08-27,2019-08-27 09:36:48,0.45,0.9,552,0.44,0.88,20,0.45,0.9,1,0.445,0.89,748,0
SPY190828C292,2019-08-27,2019-08-27 09:36:49,0.44,0.88,36,0.43,0.86,685,0.45,0.9,1,0.435,0.87,748,0
SPY190828C292,2019-08-27,2019-08-27 09:36:49,0.45,0.9,2113,0.43,0.86,1937,0.45,0.9,1,0.44,0.88,748,0
SPY190828C292,2019-08-27,2019-08-27 09:36:50,0.44,0.88,36,0.43,0.86,1244,0.45,0.9,1,0.435,0.87,748,0
SPY190828C292,2019-08-27,2019-08-27 09:36:50,0.44,0.88,10,0.43,0.86,1244,0.45,0.9,1,0.435,0.87,748,0
SPY190828C292,2019-08-27,2019-08-27 09:36:51,0.44,0.88,36,0.43,0.86,1374,0.45,0.9,1,0.435,0.87,748,0
SPY190828C292,2019-08-27,2019-08-27 09:36:51,0.44,0.88,120,0.43,0.86,439,0.45,0.9,1,0.435,0.87,748,0
SPY190828C292,2019-08-27,2019-08-27 09:36:52,0.44,0.88,27,0.43,0.86,1182,0.45,0.9,1,0.435,0.87,748,0
SPY190828C292,2019-08-27,2019-08-27 09:36:52,0.44,0.88,143,0.43,0.86,1182,0.45,0.9,1,0.435,0.87,748,0
SPY190828C292,2019-08-27,2019-08-27 09:36:53,0.44,0.88,191,0.43,0.86,1398,0.45,0.9,1,0.435,0.87,748,0
SPY190828C292,2019-08-27,2019-08-27 09:36:53,0.44,0.88,249,0.43,0.86,1398,0.45,0.9,1,0.435,0.87,748,0
SPY190828C292,2019-08-27,2019-08-27 09:36:54,0.44,0.88,137,0.43,0.86,708,0.45,0.9,1,0.435,0.87,748,0
SPY190828C292,2019-08-27,2019-08-27 09:36:54,0.44,0.88,137,0.43,0.86,580,0.45,0.9,1,0.435,0.87,748,0
SPY190828C292,2019-08-27,2019-08-27 09:36:55,0.44,0.88,104,0.43,0.86,97,0.45,0.9,1,0.435,0.87,748,0
SPY190828C292,2019-08-27,2019-08-27 09:36:55,0.44,0.88,129,0.43,0.86,100,0.45,0.9,1,0.435,0.87,748,0
SPY190828C292,2019-08-27,2019-08-27 09:36:56,0.44,0.88,14,0.43,0.86,230,0.45,0.9,1,0.435,0.87,748,0
SPY190828C292,2019-08-27,2019-08-27 09:36:56,0.44,0.88,3,0.43,0.86,1254,0.45,0.9,1,0.435,0.87,748,0
SPY190828C292,2019-08-27,2019-08-27 09:36:57,0.44,0.88,14,0.43,0.86,964,0.45,0.9,1,0.435,0.87,748,0
SPY190828C292,2019-08-27,2019-08-27 09:36:57,0.44,0.88,14,0.43,0.86,2012,0.45,0.9,1,0.435,0.87,748,0
SPY190828C292,2019-08-27,2019-08-27 09:36:58,0.44,0.88,2,0.43,0.86,2011,0.45,0.9,1,0.435,0.87,748,0
SPY190828C292,2019-08-27,2019-08-27 09:36:58,0.44,0.88,2,0.43,0.86,1724,0.45,0.9,1,0.435,0.87,748,0
SPY190828C292,2019-08-27,2019-08-27 09:36:59,0.44,0.88,3,0.43,0.86,1663,0.45,0.9,1,0.435,0.87,748,0
SPY190828C292,2019-08-27,2019-08-27 09:36:59,0.44,0.88,2,0.43,0.86,1663,0.45,0.9,1,0.435,0.87,748,0
SPY190828C292,2019-08-27,2019-08-27 09:37:00,0.45,0.9,1051,0.44,0.88,5,0.43,0.86,25,0.445,0.89,775,25
SPY190828C292,2019-08-27,2019-08-27 09:37:00,0.45,0.9,1051,0.43,0.86,1483,0.44,0.88,2,0.44,0.88,750,2
SPY190828C292,2019-08-27,2019-08-27 09:37:01,0.45,0.9,507,0.44,0.88,1049,0.44,0.88,1,0.445,0.89,776,1
SPY190828C292,2019-08-27,2019-08-27 09:37:01,0.45,0.9,550,0.44,0.88,1049,0.44,0.88,1,0.445,0.89,776,0
SPY190828C292,2019-08-27,2019-08-27 09:37:02,0.46,0.92,508,0.44,0.88,1151,0.44,0.88,1,0.45,0.9,776,0
SPY190828C292,2019-08-27,2019-08-27 09:37:02,0.45,0.9,403,0.44,0.88,1151,0.44,0.88,1,0.445,0.89,776,0
SPY190828C292,2019-08-27,2019-08-27 09:37:03,0.46,0.92,609,0.45,0.9,10,0.44,0.88,1,0.455,0.91,776,0
SPY190828C292,2019-08-27,2019-08-27 09:37:03,0.46,0.92,463,0.45,0.9,2,0.44,0.88,5,0.455,0.91,781,5
SPY190828C292,2019-08-27,2019-08-27 09:37:04,0.46,0.92,808,0.44,0.88,1130,0.44,0.88,5,0.45,0.9,781,0
SPY190828C292,2019-08-27,2019-08-27 09:37:04,0.46,0.92,657,0.44,0.88,940,0.44,0.88,5,0.45,0.9,781,0
SPY190828C292,2019-08-27,2019-08-27 09:37:05,0.46,0.92,90,0.45,0.9,470,0.44,0.88,5,0.455,0.91,781,0
SPY190828C292,2019-08-27,2019-08-27 09:37:05,0.47,0.94,294,0.45,0.9,793,0.45,0.9,5,0.46,0.92,786,5
SPY190828C292,2019-08-27,2019-08-27 09:37:06,0.47,0.94,239,0.46,0.92,100,0.45,0.9,5,0.465,0.93,786,0
SPY190828C292,2019-08-27,2019-08-27 09:37:06,0.47,0.94,120,0.46,0.92,192,0.45,0.9,5,0.465,0.93,786,0
SPY190828C292,2019-08-27,2019-08-27 09:37:07,0.47,0.94,90,0.46,0.92,236,0.45,0.9,5,0.465,0.93,786,0
SPY190828C292,2019-08-27,2019-08-27 09:37:07,0.47,0.94,239,0.46,0.92,23,0.45,0.9,5,0.465,0.93,786,0
SPY190828C292,2019-08-27,2019-08-27 09:37:08,0.47,0.94,185,0.46,0.92,5,0.45,0.9,5,0.465,0.93,786,0
SPY190828C292,2019-08-27,2019-08-27 09:37:08,0.47,0.94,80,0.46,0.92,877,0.45,0.9,5,0.465,0.93,786,0
SPY190828C292,2019-08-27,2019-08-27 09:37:09,0.47,0.94,270,0.46,0.92,81,0.45,0.9,5,0.465,0.93,786,0
SPY190828C292,2019-08-27,2019-08-27 09:37:10,0.47,0.94,377,0.46,0.92,81,0.45,0.9,5,0.465,0.93,786,0
SPY190828C292,2019-08-27,2019-08-27 09:37:10,0.47,0.94,1368,0.45,0.9,345,0.45,0.9,5,0.46,0.92,786,0
SPY190828C292,2019-08-27,2019-08-27 09:37:11,0.46,0.92,3,0.45,0.9,16,0.45,0.9,5,0.455,0.91,786,0
SPY190828C292,2019-08-27,2019-08-27 09:37:11,0.46,0.92,80,0.45,0.9,242,0.45,0.9,5,0.455,0.91,786,0
SPY190828C292,2019-08-27,2019-08-27 09:37:12,0.46,0.92,80,0.45,0.9,224,0.45,0.9,5,0.455,0.91,786,0
SPY190828C292,2019-08-27,2019-08-27 09:37:13,0.46,0.92,113,0.45,0.9,224,0.45,0.9,5,0.455,0.91,786,0
SPY190828C292,2019-08-27,2019-08-27 09:37:14,0.46,0.92,127,0.45,0.9,776,0.45,0.9,5,0.455,0.91,786,0
SPY190828C292,2019-08-27,2019-08-27 09:37:15,0.46,0.92,127,0.45,0.9,936,0.45,0.9,5,0.455,0.91,786,0
SPY190828C292,2019-08-27,2019-08-27 09:37:15,0.46,0.92,127,0.45,0.9,816,0.45,0.9,5,0.455,0.91,786,0
SPY190828C292,2019-08-27,2019-08-27 09:37:16,0.46,0.92,116,0.44,0.88,1207,0.45,0.9,5,0.45,0.9,786,0
SPY190828C292,2019-08-27,2019-08-27 09:37:17,0.46,0.92,1298,0.44,0.88,1741,0.45,0.9,5,0.45,0.9,786,0
SPY190828C292,2019-08-27,2019-08-27 09:37:17,0.46,0.92,1298,0.44,0.88,1045,0.45,0.9,5,0.45,0.9,786,0
SPY190828C292,2019-08-27,2019-08-27 09:37:18,0.45,0.9,15,0.44,0.88,1741,0.45,0.9,5,0.445,0.89,786,0
SPY190828C292,2019-08-27,2019-08-27 09:37:18,0.45,0.9,90,0.44,0.88,1010,0.45,0.9,5,0.445,0.89,786,0
SPY190828C292,2019-08-27,2019-08-27 09:37:19,0.45,0.9,90,0.44,0.88,792,0.45,0.9,5,0.445,0.89,786,0
SPY190828C292,2019-08-27,2019-08-27 09:37:19,0.45,0.9,90,0.44,0.88,1126,0.45,0.9,5,0.445,0.89,786,0
SPY190828C292,2019-08-27,2019-08-27 09:37:20,0.45,0.9,10,0.44,0.88,1179,0.45,0.9,5,0.445,0.89,786,0
SPY190828C292,2019-08-27,2019-08-27 09:37:20,0.45,0.9,10,0.44,0.88,1713,0.45,0.9,5,0.445,0.89,786,0
SPY190828C292,2019-08-27,2019-08-27 09:37:21,0.45,0.9,10,0.44,0.88,2894,0.45,0.9,1,0.445,0.89,788,2
SPY190828C292,2019-08-27,2019-08-27 09:37:21,0.46,0.92,8,0.44,0.88,2894,0.45,0.9,7,0.45,0.9,796,8
SPY190828C292,2019-08-27,2019-08-27 09:37:22,0.46,0.92,8,0.45,0.9,807,0.45,0.9,7,0.455,0.91,796,0
SPY190828C292,2019-08-27,2019-08-27 09:37:22,0.46,0.92,8,0.45,0.9,533,0.45,0.9,7,0.455,0.91,796,0
SPY190828C292,2019-08-27,2019-08-27 09:37:23,0.46,0.92,180,0.45,0.9,533,0.45,0.9,7,0.455,0.91,796,0
SPY190828C292,2019-08-27,2019-08-27 09:37:23,0.46,0.92,8,0.45,0.9,533,0.45,0.9,7,0.455,0.91,796,0
SPY190828C292,2019-08-27,2019-08-27 09:37:24,0.46,0.92,370,0.45,0.9,109,0.45,0.9,7,0.455,0.91,796,0
SPY190828C292,2019-08-27,2019-08-27 09:37:24,0.46,0.92,370,0.45,0.9,400,0.45,0.9,7,0.455,0.91,796,0
SPY190828C292,2019-08-27,2019-08-27 09:37:25,0.46,0.92,370,0.45,0.9,470,0.45,0.9,7,0.455,0.91,796,0
SPY190828C292,2019-08-27,2019-08-27 09:37:25,0.46,0.92,370,0.45,0.9,109,0.45,0.9,7,0.455,0.91,796,0
SPY190828C292,2019-08-27,2019-08-27 09:37:26,0.46,0.92,566,0.45,0.9,470,0.45,0.9,7,0.455,0.91,796,0
SPY190828C292,2019-08-27,2019-08-27 09:37:27,0.46,0.92,426,0.45,0.9,909,0.45,0.9,7,0.455,0.91,796,0
SPY190828C292,2019-08-27,2019-08-27 09:37:27,0.46,0.92,94,0.45,0.9,1084,0.45,0.9,7,0.455,0.91,796,0
SPY190828C292,2019-08-27,2019-08-27 09:37:28,0.46,0.92,14,0.45,0.9,1335,0.45,0.9,7,0.455,0.91,796,0
SPY190828C292,2019-08-27,2019-08-27 09:37:28,0.46,0.92,8,0.45,0.9,1574,0.45,0.9,7,0.455,0.91,796,0
SPY190828C292,2019-08-27,2019-08-27 09:37:29,0.46,0.92,266,0.45,0.9,470,0.45,0.9,7,0.455,0.91,796,0
SPY190828C292,2019-08-27,2019-08-27 09:37:29,0.46,0.92,266,0.45,0.9,109,0.45,0.9,7,0.455,0.91,796,0
SPY190828C292,2019-08-27,2019-08-27 09:37:30,0.46,0.92,145,0.45,0.9,614,0.46,0.92,1,0.455,0.91,797,1
SPY190828C292,2019-08-27,2019-08-27 09:37:30,0.46,0.92,183,0.45,0.9,614,0.45,0.9,7,0.455,0.91,796,0
SPY190828C292,2019-08-27,2019-08-27 09:37:31,0.46,0.92,464,0.44,0.88,1195,0.46,0.92,1,0.45,0.9,797,0
SPY190828C292,2019-08-27,2019-08-27 09:37:31,0.46,0.92,467,0.45,0.9,14,0.46,0.92,1,0.455,0.91,797,0
SPY190828C292,2019-08-27,2019-08-27 09:37:32,0.46,0.92,8,0.45,0.9,662,0.46,0.92,1,0.455,0.91,797,0
SPY190828C292,2019-08-27,2019-08-27 09:37:33,0.46,0.92,8,0.45,0.9,1182,0.46,0.92,1,0.455,0.91,797,0
SPY190828C292,2019-08-27,2019-08-27 09:37:33,0.46,0.92,8,0.45,0.9,1106,0.46,0.92,1,0.455,0.91,797,0
SPY190828C292,2019-08-27,2019-08-27 09:37:34,0.46,0.92,8,0.45,0.9,1423,0.46,0.92,1,0.455,0.91,797,0
SPY190828C292,2019-08-27,2019-08-27 09:37:35,0.47,0.94,1508,0.45,0.9,1423,0.47,0.94,11,0.46,0.92,817,20
SPY190828C292,2019-08-27,2019-08-27 09:37:35,0.47,0.94,1508,0.45,0.9,838,0.47,0.94,11,0.46,0.92,817,0
SPY190828C292,2019-08-27,2019-08-27 09:37:36,0.46,0.92,14,0.45,0.9,838,0.47,0.94,11,0.455,0.91,817,0
SPY190828C292,2019-08-27,2019-08-27 09:37:36,0.46,0.92,14,0.45,0.9,1644,0.47,0.94,11,0.455,0.91,817,0
SPY190828C292,2019-08-27,2019-08-27 09:37:37,0.47,0.94,1739,0.46,0.92,14,0.47,0.94,11,0.465,0.93,817,0
SPY190828C292,2019-08-27,2019-08-27 09:37:37,0.47,0.94,1534,0.45,0.9,731,0.47,0.94,11,0.46,0.92,817,0
SPY190828C292,2019-08-27,2019-08-27 09:37:38,0.46,0.92,14,0.45,0.9,1187,0.47,0.94,11,0.455,0.91,817,0
SPY190828C292,2019-08-27,2019-08-27 09:37:38,0.47,0.94,1733,0.45,0.9,1187,0.47,0.94,11,0.46,0.92,817,0
SPY190828C292,2019-08-27,2019-08-27 09:37:39,0.46,0.92,3,0.45,0.9,1443,0.47,0.94,11,0.455,0.91,817,0
SPY190828C292,2019-08-27,2019-08-27 09:37:39,0.46,0.92,3,0.45,0.9,1568,0.47,0.94,11,0.455,0.91,817,0
SPY190828C292,2019-08-27,2019-08-27 09:37:40,0.46,0.92,3,0.45,0.9,1568,0.47,0.94,11,0.455,0.91,817,0
SPY190828C292,2019-08-27,2019-08-27 09:37:41,0.46,0.92,3,0.45,0.9,1568,0.47,0.94,11,0.455,0.91,817,0
SPY190828C292,2019-08-27,2019-08-27 09:37:42,0.46,0.92,3,0.45,0.9,1568,0.47,0.94,11,0.455,0.91,817,0
SPY190828C292,2019-08-27,2019-08-27 09:37:42,0.46,0.92,3,0.45,0.9,1530,0.47,0.94,11,0.455,0.91,817,0
SPY190828C292,2019-08-27,2019-08-27 09:37:43,0.46,0.92,3,0.45,0.9,549,0.47,0.94,11,0.455,0.91,817,0
SPY190828C292,2019-08-27,2019-08-27 09:37:43,0.46,0.92,36,0.45,0.9,802,0.47,0.94,11,0.455,0.91,817,0
SPY190828C292,2019-08-27,2019-08-27 09:37:44,0.46,0.92,36,0.45,0.9,744,0.47,0.94,11,0.455,0.91,817,0
SPY190828C292,2019-08-27,2019-08-27 09:37:44,0.46,0.92,36,0.45,0.9,1425,0.47,0.94,11,0.455,0.91,817,0
SPY190828C292,2019-08-27,2019-08-27 09:37:45,0.46,0.92,402,0.45,0.9,5,0.47,0.94,11,0.455,0.91,817,0
SPY190828C292,2019-08-27,2019-08-27 09:37:46,0.46,0.92,395,0.45,0.9,70,0.47,0.94,11,0.455,0.91,817,0
SPY190828C292,2019-08-27,2019-08-27 09:37:46,0.46,0.92,305,0.44,0.88,256,0.47,0.94,11,0.45,0.9,817,0
SPY190828C292,2019-08-27,2019-08-27 09:37:47,0.46,0.92,372,0.44,0.88,1030,0.47,0.94,11,0.45,0.9,817,0
SPY190828C292,2019-08-27,2019-08-27 09:37:47,0.46,0.92,372,0.45,0.9,5,0.47,0.94,11,0.455,0.91,817,0
SPY190828C292,2019-08-27,2019-08-27 09:37:48,0.46,0.92,718,0.44,0.88,512,0.47,0.94,11,0.45,0.9,817,0
SPY190828C292,2019-08-27,2019-08-27 09:37:48,0.45,0.9,198,0.44,0.88,224,0.47,0.94,11,0.445,0.89,817,0
SPY190828C292,2019-08-27,2019-08-27 09:37:49,0.45,0.9,502,0.44,0.88,5,0.47,0.94,11,0.445,0.89,817,0
SPY190828C292,2019-08-27,2019-08-27 09:37:49,0.45,0.9,1610,0.44,0.88,5,0.47,0.94,11,0.445,0.89,817,0
SPY190828C292,2019-08-27,2019-08-27 09:37:50,0.45,0.9,1610,0.44,0.88,5,0.47,0.94,11,0.445,0.89,817,0
SPY190828C292,2019-08-27,2019-08-27 09:37:51,0.44,0.88,30,0.43,0.86,693,0.47,0.94,11,0.435,0.87,817,0
SPY190828C292,2019-08-27,2019-08-27 09:37:52,0.45,0.9,1818,0.43,0.86,1126,0.47,0.94,11,0.44,0.88,817,0
SPY190828C292,2019-08-27,2019-08-27 09:37:52,0.45,0.9,1023,0.43,0.86,1126,0.47,0.94,11,0.44,0.88,817,0
SPY190828C292,2019-08-27,2019-08-27 09:37:53,0.44,0.88,27,0.43,0.86,804,0.47,0.94,11,0.435,0.87,817,0
SPY190828C292,2019-08-27,2019-08-27 09:37:53,0.44,0.88,90,0.43,0.86,804,0.47,0.94,11,0.435,0.87,817,0
SPY190828C292,2019-08-27,2019-08-27 09:37:54,0.44,0.88,90,0.43,0.86,804,0.47,0.94,11,0.435,0.87,817,0
SPY190828C292,2019-08-27,2019-08-27 09:37:54,0.44,0.88,90,0.43,0.86,829,0.47,0.94,11,0.435,0.87,817,0
SPY190828C292,2019-08-27,2019-08-27 09:37:55,0.45,0.9,90,0.44,0.88,95,0.45,0.9,1,0.445,0.89,818,1
SPY190828C292,2019-08-27,2019-08-27 09:37:55,0.45,0.9,1421,0.43,0.86,982,0.47,0.94,11,0.44,0.88,817,0
SPY190828C292,2019-08-27,2019-08-27 09:37:56,0.46,0.92,1814,0.44,0.88,685,0.45,0.9,1,0.45,0.9,818,0
SPY190828C292,2019-08-27,2019-08-27 09:37:56,0.45,0.9,25,0.44,0.88,685,0.45,0.9,1,0.445,0.89,818,0
SPY190828C292,2019-08-27,2019-08-27 09:37:57,0.46,0.92,1526,0.45,0.9,27,0.45,0.9,1,0.455,0.91,818,0
SPY190828C292,2019-08-27,2019-08-27 09:37:57,0.46,0.92,1724,0.44,0.88,794,0.45,0.9,1,0.45,0.9,818,0
SPY190828C292,2019-08-27,2019-08-27 09:37:58,0.46,0.92,1724,0.45,0.9,48,0.45,0.9,1,0.455,0.91,818,0
SPY190828C292,2019-08-27,2019-08-27 09:37:58,0.46,0.92,1724,0.44,0.88,794,0.45,0.9,1,0.45,0.9,818,0
SPY190828C292,2019-08-27,2019-08-27 09:37:59,0.46,0.92,1724,0.45,0.9,34,0.45,0.9,1,0.455,0.91,818,0
SPY190828C292,2019-08-27,2019-08-27 09:38:00,0.46,0.92,570,0.45,0.9,100,0.45,0.9,1,0.455,0.91,818,0
SPY190828C292,2019-08-27,2019-08-27 09:38:01,0.47,0.94,523,0.46,0.92,38,0.45,0.9,1,0.465,0.93,818,0
SPY190828C292,2019-08-27,2019-08-27 09:38:01,0.47,0.94,415,0.46,0.92,5,0.45,0.9,1,0.465,0.93,818,0
SPY190828C292,2019-08-27,2019-08-27 09:38:02,0.47,0.94,465,0.45,0.9,606,0.45,0.9,1,0.46,0.92,818,0
SPY190828C292,2019-08-27,2019-08-27 09:38:02,0.47,0.94,941,0.45,0.9,606,0.45,0.9,1,0.46,0.92,818,0
SPY190828C292,2019-08-27,2019-08-27 09:38:03,0.47,0.94,2129,0.46,0.92,18,0.45,0.9,1,0.465,0.93,818,0
SPY190828C292,2019-08-27,2019-08-27 09:38:03,0.47,0.94,2381,0.46,0.92,39,0.45,0.9,1,0.465,0.93,818,0
SPY190828C292,2019-08-27,2019-08-27 09:38:04,0.47,0.94,2381,0.46,0.92,39,0.45,0.9,1,0.465,0.93,818,0
SPY190828C292,2019-08-27,2019-08-27 09:38:04,0.47,0.94,2381,0.46,0.92,50,0.45,0.9,1,0.465,0.93,818,0
SPY190828C292,2019-08-27,2019-08-27 09:38:05,0.47,0.94,2386,0.46,0.92,36,0.45,0.9,1,0.465,0.93,818,0
SPY190828C292,2019-08-27,2019-08-27 09:38:05,0.47,0.94,1450,0.45,0.9,2116,0.45,0.9,1,0.46,0.92,818,0
SPY190828C292,2019-08-27,2019-08-27 09:38:06,0.47,0.94,1550,0.45,0.9,886,0.45,0.9,1,0.46,0.92,818,0
SPY190828C292,2019-08-27,2019-08-27 09:38:06,0.47,0.94,1450,0.45,0.9,886,0.45,0.9,1,0.46,0.92,818,0
SPY190828C292,2019-08-27,2019-08-27 09:38:07,0.46,0.92,36,0.45,0.9,886,0.45,0.9,1,0.455,0.91,818,0
SPY190828C292,2019-08-27,2019-08-27 09:38:08,0.46,0.92,39,0.45,0.9,932,0.45,0.9,1,0.455,0.91,818,0
SPY190828C292,2019-08-27,2019-08-27 09:38:08,0.46,0.92,339,0.44,0.88,120,0.45,0.9,1,0.45,0.9,818,0
SPY190828C292,2019-08-27,2019-08-27 09:38:09,0.46,0.92,1219,0.44,0.88,583,0.45,0.9,1,0.45,0.9,818,0
SPY190828C292,2019-08-27,2019-08-27 09:38:09,0.46,0.92,80,0.45,0.9,30,0.45,0.9,1,0.455,0.91,818,0
SPY190828C292,2019-08-27,2019-08-27 09:38:10,0.47,0.94,2425,0.45,0.9,2003,0.45,0.9,1,0.46,0.92,818,0
SPY190828C292,2019-08-27,2019-08-27 09:38:10,0.46,0.92,3,0.45,0.9,1332,0.45,0.9,1,0.455,0.91,818,0
SPY190828C292,2019-08-27,2019-08-27 09:38:11,0.47,0.94,1695,0.45,0.9,2003,0.45,0.9,1,0.46,0.92,818,0
SPY190828C292,2019-08-27,2019-08-27 09:38:11,0.47,0.94,296,0.46,0.92,5,0.45,0.9,1,0.465,0.93,818,0
SPY190828C292,2019-08-27,2019-08-27 09:38:12,0.47,0.94,296,0.46,0.92,5,0.45,0.9,1,0.465,0.93,818,0
SPY190828C292,2019-08-27,2019-08-27 09:38:12,0.47,0.94,1086,0.46,0.92,5,0.45,0.9,1,0.465,0.93,818,0
SPY190828C292,2019-08-27,2019-08-27 09:38:13,0.47,0.94,1289,0.46,0.92,20,0.45,0.9,1,0.465,0.93,818,0
SPY190828C292,2019-08-27,2019-08-27 09:38:13,0.47,0.94,1322,0.46,0.92,48,0.45,0.9,1,0.465,0.93,818,0
SPY190828C292,2019-08-27,2019-08-27 09:38:14,0.47,0.94,1614,0.46,0.92,34,0.45,0.9,1,0.465,0.93,818,0
SPY190828C292,2019-08-27,2019-08-27 09:38:14,0.47,0.94,1149,0.46,0.92,34,0.45,0.9,1,0.465,0.93,818,0
SPY190828C292,2019-08-27,2019-08-27 09:38:15,0.47,0.94,2417,0.46,0.92,34,0.45,0.9,1,0.465,0.93,818,0
SPY190828C292,2019-08-27,2019-08-27 09:38:15,0.47,0.94,2713,0.46,0.92,34,0.45,0.9,1,0.465,0.93,818,0
SPY190828C292,2019-08-27,2019-08-27 09:38:16,0.47,0.94,2713,0.46,0.92,34,0.45,0.9,1,0.465,0.93,818,0
SPY190828C292,2019-08-27,2019-08-27 09:38:16,0.47,0.94,2665,0.46,0.92,34,0.45,0.9,1,0.465,0.93,818,0
SPY190828C292,2019-08-27,2019-08-27 09:38:17,0.47,0.94,2629,0.46,0.92,34,0.45,0.9,1,0.465,0.93,818,0
SPY190828C292,2019-08-27,2019-08-27 09:38:17,0.47,0.94,2996,0.45,0.9,1195,0.45,0.9,1,0.46,0.92,818,0
SPY190828C292,2019-08-27,2019-08-27 09:38:18,0.47,0.94,2129,0.45,0.9,1195,0.46,0.92,1,0.46,0.92,819,1
SPY190828C292,2019-08-27,2019-08-27 09:38:18,0.47,0.94,2889,0.45,0.9,1195,0.45,0.9,1,0.46,0.92,818,0
SPY190828C292,2019-08-27,2019-08-27 09:38:19,0.47,0.94,2826,0.46,0.92,26,0.46,0.92,1,0.465,0.93,819,0
SPY190828C292,2019-08-27,2019-08-27 09:38:20,0.47,0.94,2826,0.46,0.92,40,0.46,0.92,1,0.465,0.93,819,0
SPY190828C292,2019-08-27,2019-08-27 09:38:21,0.46,0.92,80,0.45,0.9,127,0.46,0.92,1,0.455,0.91,819,0
SPY190828C292,2019-08-27,2019-08-27 09:38:21,0.47,0.94,3011,0.46,0.92,14,0.46,0.92,1,0.465,0.93,819,0
SPY190828C292,2019-08-27,2019-08-27 09:38:22,0.46,0.92,915,0.44,0.88,1306,0.46,0.92,1,0.45,0.9,819,0
SPY190828C292,2019-08-27,2019-08-27 09:38:22,0.46,0.92,804,0.45,0.9,36,0.46,0.92,1,0.455,0.91,819,0
SPY190828C292,2019-08-27,2019-08-27 09:38:23,0.46,0.92,1436,0.45,0.9,464,0.46,0.92,1,0.455,0.91,819,0
SPY190828C292,2019-08-27,2019-08-27 09:38:23,0.46,0.92,1436,0.45,0.9,27,0.46,0.92,1,0.455,0.91,819,0
SPY190828C292,2019-08-27,2019-08-27 09:38:24,0.46,0.92,1700,0.45,0.9,1,0.46,0.92,1,0.455,0.91,819,0
SPY190828C292,2019-08-27,2019-08-27 09:38:24,0.46,0.92,1630,0.45,0.9,14,0.46,0.92,1,0.455,0.91,819,0
SPY190828C292,2019-08-27,2019-08-27 09:38:25,0.46,0.92,2994,0.45,0.9,1,0.46,0.92,1,0.455,0.91,819,0
SPY190828C292,2019-08-27,2019-08-27 09:38:25,0.46,0.92,2994,0.45,0.9,3,0.46,0.92,1,0.455,0.91,819,0
SPY190828C292,2019-08-27,2019-08-27 09:38:26,0.46,0.92,2529,0.45,0.9,14,0.45,0.9,10,0.455,0.91,829,0
SPY190828C292,2019-08-27,2019-08-27 09:38:26,0.46,0.92,2939,0.45,0.9,14,0.45,0.9,10,0.455,0.91,829,10
SPY190828C292,2019-08-27,2019-08-27 09:38:27,0.46,0.92,2849,0.45,0.9,14,0.45,0.9,10,0.455,0.91,829,0
SPY190828C292,2019-08-27,2019-08-27 09:38:28,0.46,0.92,1028,0.45,0.9,1,0.45,0.9,7,0.455,0.91,836,0
SPY190828C292,2019-08-27,2019-08-27 09:38:28,0.46,0.92,2849,0.45,0.9,91,0.45,0.9,7,0.455,0.91,836,7
SPY190828C292,2019-08-27,2019-08-27 09:38:29,0.46,0.92,2985,0.45,0.9,36,0.45,0.9,7,0.455,0.91,836,0
SPY190828C292,2019-08-27,2019-08-27 09:38:29,0.46,0.92,2997,0.45,0.9,3,0.46,0.92,10,0.455,0.91,846,10
SPY190828C292,2019-08-27,2019-08-27 09:38:30,0.46,0.92,2952,0.45,0.9,6,0.46,0.92,10,0.455,0.91,846,0
SPY190828C292,2019-08-27,2019-08-27 09:38:30,0.46,0.92,547,0.45,0.9,408,0.46,0.92,10,0.455,0.91,846,0
SPY190828C292,2019-08-27,2019-08-27 09:38:31,0.46,0.92,1180,0.45,0.9,733,0.46,0.92,10,0.455,0.91,846,0
SPY190828C292,2019-08-27,2019-08-27 09:38:32,0.46,0.92,364,0.45,0.9,747,0.45,0.9,1,0.455,0.91,847,1
SPY190828C292,2019-08-27,2019-08-27 09:38:32,0.46,0.92,364,0.45,0.9,845,0.45,0.9,1,0.455,0.91,847,0
SPY190828C292,2019-08-27,2019-08-27 09:38:33,0.46,0.92,161,0.45,0.9,833,0.45,0.9,1,0.455,0.91,848,0
SPY190828C292,2019-08-27,2019-08-27 09:38:33,0.46,0.92,150,0.45,0.9,756,0.45,0.9,1,0.455,0.91,848,1
SPY190828C292,2019-08-27,2019-08-27 09:38:34,0.46,0.92,3,0.45,0.9,1648,0.45,0.9,1,0.455,0.91,848,0
SPY190828C292,2019-08-27,2019-08-27 09:38:34,0.46,0.92,3,0.45,0.9,1297,0.45,0.9,1,0.455,0.91,848,0
SPY190828C292,2019-08-27,2019-08-27 09:38:35,0.46,0.92,3,0.45,0.9,1232,0.45,0.9,1,0.455,0.91,848,0
SPY190828C292,2019-08-27,2019-08-27 09:38:35,0.46,0.92,67,0.45,0.9,1544,0.45,0.9,1,0.455,0.91,848,0
SPY190828C292,2019-08-27,2019-08-27 09:38:36,0.46,0.92,59,0.45,0.9,1383,0.46,0.92,1,0.455,0.91,849,1
SPY190828C292,2019-08-27,2019-08-27 09:38:36,0.46,0.92,67,0.45,0.9,1125,0.45,0.9,1,0.455,0.91,848,0
SPY190828C292,2019-08-27,2019-08-27 09:38:37,0.46,0.92,380,0.45,0.9,1383,0.46,0.92,1,0.455,0.91,849,0
SPY190828C292,2019-08-27,2019-08-27 09:38:37,0.46,0.92,304,0.45,0.9,464,0.46,0.92,1,0.455,0.91,849,0
SPY190828C292,2019-08-27,2019-08-27 09:38:38,0.46,0.92,304,0.45,0.9,967,0.46,0.92,1,0.455,0.91,849,0
SPY190828C292,2019-08-27,2019-08-27 09:38:38,0.46,0.92,209,0.45,0.9,1040,0.46,0.92,1,0.455,0.91,849,0
SPY190828C292,2019-08-27,2019-08-27 09:38:39,0.46,0.92,147,0.45,0.9,694,0.46,0.92,1,0.455,0.91,849,0
SPY190828C292,2019-08-27,2019-08-27 09:38:39,0.46,0.92,225,0.45,0.9,694,0.46,0.92,1,0.455,0.91,849,0
SPY190828C292,2019-08-27,2019-08-27 09:38:40,0.46,0.92,2,0.45,0.9,1051,0.46,0.92,1,0.455,0.91,849,0
SPY190828C292,2019-08-27,2019-08-27 09:38:40,0.46,0.92,2,0.45,0.9,1396,0.46,0.92,1,0.455,0.91,849,0
SPY190828C292,2019-08-27,2019-08-27 09:38:41,0.46,0.92,185,0.45,0.9,961,0.46,0.92,1,0.455,0.91,849,0
SPY190828C292,2019-08-27,2019-08-27 09:38:41,0.46,0.92,108,0.45,0.9,977,0.46,0.92,1,0.455,0.91,849,0
SPY190828C292,2019-08-27,2019-08-27 09:38:42,0.46,0.92,1435,0.45,0.9,464,0.46,0.92,1,0.455,0.91,849,0
SPY190828C292,2019-08-27,2019-08-27 09:38:42,0.46,0.92,522,0.45,0.9,961,0.46,0.92,1,0.455,0.91,849,0
SPY190828C292,2019-08-27,2019-08-27 09:38:43,0.46,0.92,1435,0.45,0.9,464,0.46,0.92,1,0.455,0.91,849,0
SPY190828C292,2019-08-27,2019-08-27 09:38:43,0.46,0.92,1552,0.45,0.9,77,0.46,0.92,1,0.455,0.91,849,0
SPY190828C292,2019-08-27,2019-08-27 09:38:44,0.46,0.92,1611,0.45,0.9,348,0.46,0.92,1,0.455,0.91,849,0
SPY190828C292,2019-08-27,2019-08-27 09:38:44,0.46,0.92,1766,0.45,0.9,348,0.46,0.92,1,0.455,0.91,849,0
SPY190828C292,2019-08-27,2019-08-27 09:38:45,0.46,0.92,1632,0.45,0.9,5,0.46,0.92,1,0.455,0.91,849,0
SPY190828C292,2019-08-27,2019-08-27 09:38:45,0.46,0.92,1652,0.45,0.9,5,0.46,0.92,1,0.455,0.91,849,0
SPY190828C292,2019-08-27,2019-08-27 09:38:46,0.46,0.92,1801,0.45,0.9,5,0.46,0.92,1,0.455,0.91,849,0
SPY190828C292,2019-08-27,2019-08-27 09:38:46,0.46,0.92,1502,0.45,0.9,5,0.46,0.92,1,0.455,0.91,849,0
SPY190828C292,2019-08-27,2019-08-27 09:38:47,0.46,0.92,1452,0.45,0.9,5,0.46,0.92,1,0.455,0.91,849,0
SPY190828C292,2019-08-27,2019-08-27 09:38:47,0.46,0.92,1610,0.45,0.9,5,0.46,0.92,1,0.455,0.91,849,0
SPY190828C292,2019-08-27,2019-08-27 09:38:48,0.46,0.92,1452,0.45,0.9,464,0.46,0.92,1,0.455,0.91,849,0
SPY190828C292,2019-08-27,2019-08-27 09:38:48,0.46,0.92,949,0.45,0.9,655,0.46,0.92,1,0.455,0.91,849,0
SPY190828C292,2019-08-27,2019-08-27 09:38:49,0.46,0.92,949,0.45,0.9,655,0.46,0.92,1,0.455,0.91,849,0
SPY190828C292,2019-08-27,2019-08-27 09:38:50,0.46,0.92,927,0.45,0.9,155,0.46,0.92,1,0.455,0.91,849,0
SPY190828C292,2019-08-27,2019-08-27 09:38:50,0.46,0.92,927,0.45,0.9,348,0.46,0.92,1,0.455,0.91,849,0
SPY190828C292,2019-08-27,2019-08-27 09:38:51,0.46,0.92,1867,0.45,0.9,5,0.45,0.9,5,0.455,0.91,854,5
SPY190828C292,2019-08-27,2019-08-27 09:38:51,0.46,0.92,1867,0.45,0.9,5,0.46,0.92,1,0.455,0.91,849,0
SPY190828C292,2019-08-27,2019-08-27 09:38:52,0.45,0.9,182,0.44,0.88,5,0.45,0.9,5,0.445,0.89,854,0
SPY190828C292,2019-08-27,2019-08-27 09:38:53,0.44,0.88,5,0.43,0.86,341,0.45,0.9,5,0.435,0.87,854,0
SPY190828C292,2019-08-27,2019-08-27 09:38:53,0.44,0.88,5,0.43,0.86,1039,0.45,0.9,5,0.435,0.87,854,0
SPY190828C292,2019-08-27,2019-08-27 09:38:54,0.44,0.88,246,0.43,0.86,918,0.45,0.9,5,0.435,0.87,854,0
SPY190828C292,2019-08-27,2019-08-27 09:38:54,0.44,0.88,258,0.43,0.86,341,0.45,0.9,5,0.435,0.87,854,0
SPY190828C292,2019-08-27,2019-08-27 09:38:55,0.44,0.88,120,0.43,0.86,107,0.45,0.9,5,0.435,0.87,854,0
SPY190828C292,2019-08-27,2019-08-27 09:38:55,0.44,0.88,5,0.43,0.86,216,0.45,0.9,5,0.435,0.87,854,0
SPY190828C292,2019-08-27,2019-08-27 09:38:56,0.44,0.88,120,0.43,0.86,365,0.45,0.9,5,0.435,0.87,854,0
SPY190828C292,2019-08-27,2019-08-27 09:38:56,0.44,0.88,760,0.43,0.86,27,0.45,0.9,5,0.435,0.87,854,0
SPY190828C292,2019-08-27,2019-08-27 09:38:57,0.44,0.88,2489,0.43,0.86,27,0.45,0.9,5,0.435,0.87,854,0
SPY190828C292,2019-08-27,2019-08-27 09:38:57,0.44,0.88,1745,0.43,0.86,27,0.45,0.9,5,0.435,0.87,854,0
SPY190828C292,2019-08-27,2019-08-27 09:38:58,0.44,0.88,1736,0.43,0.86,118,0.45,0.9,5,0.435,0.87,854,0
SPY190828C292,2019-08-27,2019-08-27 09:38:58,0.44,0.88,2489,0.43,0.86,118,0.45,0.9,5,0.435,0.87,854,0
SPY190828C292,2019-08-27,2019-08-27 09:38:59,0.44,0.88,2419,0.43,0.86,118,0.45,0.9,5,0.435,0.87,854,0
SPY190828C292,2019-08-27,2019-08-27 09:38:59,0.44,0.88,1288,0.43,0.86,686,0.45,0.9,5,0.435,0.87,854,0
SPY190828C292,2019-08-27,2019-08-27 09:39:00,0.44,0.88,444,0.43,0.86,894,0.45,0.9,5,0.435,0.87,854,0
SPY190828C292,2019-08-27,2019-08-27 09:39:00,0.44,0.88,385,0.43,0.86,894,0.45,0.9,5,0.435,0.87,854,0
