symbol,Date,quote_time,ask_price,norm_ask_price,ask_size,bid_price,norm_bid_price,bid_size,last_trade_price,norm_last_trade_price,last_trade_size,mark_price,norm_mark_price,volume,Volume
SPY190712C301,2019-07-11,2019-07-11 09:30:00,0.15,1.0,2,0.14,0.9333,1918,0.14,0.9333,1,0.145,0.9666,21810,21810
SPY190712C301,2019-07-11,2019-07-11 09:30:05,0.19,1.2666,1515,0.17,1.1333,204,0.19,1.2666,2,0.18,1.2,41,-21769
SPY190712C301,2019-07-11,2019-07-11 09:30:06,0.19,1.2666,240,0.17,1.1333,900,0.19,1.2666,2,0.18,1.2,41,0
SPY190712C301,2019-07-11,2019-07-11 09:30:07,0.19,1.2666,240,0.18,1.2,5,0.19,1.2666,2,0.185,1.2333,41,0
SPY190712C301,2019-07-11,2019-07-11 09:30:08,0.19,1.2666,240,0.18,1.2,5,0.19,1.2666,2,0.185,1.2333,41,0
SPY190712C301,2019-07-11,2019-07-11 09:30:09,0.19,1.2666,240,0.18,1.2,5,0.19,1.2666,2,0.185,1.2333,41,0
SPY190712C301,2019-07-11,2019-07-11 09:30:10,0.19,1.2666,240,0.18,1.2,5,0.19,1.2666,1,0.185,1.2333,42,1
SPY190712C301,2019-07-11,2019-07-11 09:30:11,0.19,1.2666,185,0.18,1.2,245,0.19,1.2666,1,0.185,1.2333,42,0
SPY190712C301,2019-07-11,2019-07-11 09:30:11,0.19,1.2666,240,0.18,1.2,5,0.19,1.2666,1,0.185,1.2333,42,0
SPY190712C301,2019-07-11,2019-07-11 09:30:12,0.19,1.2666,185,0.18,1.2,245,0.19,1.2666,1,0.185,1.2333,42,0
SPY190712C301,2019-07-11,2019-07-11 09:30:13,0.19,1.2666,185,0.18,1.2,245,0.19,1.2666,1,0.185,1.2333,42,0
SPY190712C301,2019-07-11,2019-07-11 09:30:14,0.19,1.2666,185,0.18,1.2,245,0.19,1.2666,1,0.185,1.2333,42,0
SPY190712C301,2019-07-11,2019-07-11 09:30:15,0.19,1.2666,115,0.18,1.2,245,0.19,1.2666,10,0.185,1.2333,52,10
SPY190712C301,2019-07-11,2019-07-11 09:30:16,0.19,1.2666,115,0.18,1.2,245,0.19,1.2666,10,0.185,1.2333,52,0
SPY190712C301,2019-07-11,2019-07-11 09:30:17,0.19,1.2666,115,0.18,1.2,245,0.19,1.2666,10,0.185,1.2333,52,0
SPY190712C301,2019-07-11,2019-07-11 09:30:18,0.19,1.2666,115,0.18,1.2,245,0.19,1.2666,10,0.185,1.2333,52,0
SPY190712C301,2019-07-11,2019-07-11 09:30:19,0.19,1.2666,115,0.18,1.2,245,0.19,1.2666,10,0.185,1.2333,52,0
SPY190712C301,2019-07-11,2019-07-11 09:30:20,0.19,1.2666,115,0.18,1.2,245,0.19,1.2666,10,0.185,1.2333,52,0
SPY190712C301,2019-07-11,2019-07-11 09:30:21,0.19,1.2666,115,0.18,1.2,245,0.19,1.2666,10,0.185,1.2333,52,0
SPY190712C301,2019-07-11,2019-07-11 09:30:22,0.19,1.2666,115,0.18,1.2,245,0.19,1.2666,10,0.185,1.2333,52,0
SPY190712C301,2019-07-11,2019-07-11 09:30:23,0.19,1.2666,110,0.18,1.2,249,0.19,1.2666,10,0.185,1.2333,52,0
SPY190712C301,2019-07-11,2019-07-11 09:30:24,0.2,1.3333,1300,0.18,1.2,249,0.19,1.2666,10,0.19,1.2666,52,0
SPY190712C301,2019-07-11,2019-07-11 09:30:25,0.2,1.3333,1300,0.18,1.2,249,0.19,1.2666,10,0.19,1.2666,52,0
SPY190712C301,2019-07-11,2019-07-11 09:30:25,0.2,1.3333,1300,0.19,1.2666,5,0.19,1.2666,10,0.195,1.3,52,0
SPY190712C301,2019-07-11,2019-07-11 09:30:26,0.2,1.3333,1300,0.19,1.2666,5,0.19,1.2666,10,0.195,1.3,52,0
SPY190712C301,2019-07-11,2019-07-11 09:30:27,0.2,1.3333,1951,0.19,1.2666,5,0.19,1.2666,10,0.195,1.3,52,0
SPY190712C301,2019-07-11,2019-07-11 09:30:28,0.2,1.3333,1554,0.19,1.2666,5,0.19,1.2666,10,0.195,1.3,52,0
SPY190712C301,2019-07-11,2019-07-11 09:30:28,0.2,1.3333,627,0.19,1.2666,5,0.19,1.2666,10,0.195,1.3,52,0
SPY190712C301,2019-07-11,2019-07-11 09:30:29,0.19,1.2666,124,0.18,1.2,1745,0.19,1.2666,10,0.185,1.2333,52,0
SPY190712C301,2019-07-11,2019-07-11 09:30:30,0.19,1.2666,1240,0.18,1.2,5,0.19,1.2666,10,0.185,1.2333,52,0
SPY190712C301,2019-07-11,2019-07-11 09:30:31,0.18,1.2,431,0.17,1.1333,5,0.19,1.2666,10,0.175,1.1666,52,0
SPY190712C301,2019-07-11,2019-07-11 09:30:31,0.19,1.2666,1943,0.18,1.2,180,0.19,1.2666,10,0.185,1.2333,52,0
SPY190712C301,2019-07-11,2019-07-11 09:30:32,0.17,1.1333,290,0.16,1.0666,132,0.19,1.2666,10,0.165,1.1,52,0
SPY190712C301,2019-07-11,2019-07-11 09:30:33,0.17,1.1333,554,0.16,1.0666,860,0.19,1.2666,10,0.165,1.1,52,0
SPY190712C301,2019-07-11,2019-07-11 09:30:33,0.17,1.1333,290,0.16,1.0666,3,0.19,1.2666,10,0.165,1.1,52,0
SPY190712C301,2019-07-11,2019-07-11 09:30:34,0.18,1.2,545,0.17,1.1333,545,0.19,1.2666,10,0.175,1.1666,52,0
SPY190712C301,2019-07-11,2019-07-11 09:30:34,0.18,1.2,211,0.17,1.1333,305,0.19,1.2666,10,0.175,1.1666,52,0
SPY190712C301,2019-07-11,2019-07-11 09:30:35,0.19,1.2666,2730,0.18,1.2,118,0.19,1.2666,10,0.185,1.2333,52,0
SPY190712C301,2019-07-11,2019-07-11 09:30:36,0.19,1.2666,1899,0.18,1.2,143,0.19,1.2666,10,0.185,1.2333,52,0
SPY190712C301,2019-07-11,2019-07-11 09:30:37,0.19,1.2666,2009,0.18,1.2,143,0.19,1.2666,10,0.185,1.2333,52,0
SPY190712C301,2019-07-11,2019-07-11 09:30:38,0.19,1.2666,977,0.18,1.2,143,0.19,1.2666,10,0.185,1.2333,52,0
SPY190712C301,2019-07-11,2019-07-11 09:30:38,0.19,1.2666,1741,0.18,1.2,143,0.19,1.2666,10,0.185,1.2333,52,0
SPY190712C301,2019-07-11,2019-07-11 09:30:39,0.19,1.2666,482,0.18,1.2,127,0.19,1.2666,10,0.185,1.2333,52,0
SPY190712C301,2019-07-11,2019-07-11 09:30:40,0.19,1.2666,1978,0.18,1.2,143,0.19,1.2666,10,0.185,1.2333,52,0
SPY190712C301,2019-07-11,2019-07-11 09:30:41,0.19,1.2666,1384,0.18,1.2,186,0.19,1.2666,10,0.185,1.2333,52,0
SPY190712C301,2019-07-11,2019-07-11 09:30:42,0.19,1.2666,1384,0.18,1.2,186,0.19,1.2666,10,0.185,1.2333,52,0
SPY190712C301,2019-07-11,2019-07-11 09:30:43,0.19,1.2666,1384,0.18,1.2,436,0.19,1.2666,10,0.185,1.2333,52,0
SPY190712C301,2019-07-11,2019-07-11 09:30:44,0.19,1.2666,1284,0.18,1.2,673,0.19,1.2666,10,0.185,1.2333,52,0
SPY190712C301,2019-07-11,2019-07-11 09:30:45,0.19,1.2666,716,0.18,1.2,168,0.19,1.2666,10,0.185,1.2333,52,0
SPY190712C301,2019-07-11,2019-07-11 09:30:45,0.19,1.2666,2584,0.18,1.2,168,0.19,1.2666,10,0.185,1.2333,52,0
SPY190712C301,2019-07-11,2019-07-11 09:30:46,0.19,1.2666,2584,0.18,1.2,168,0.19,1.2666,10,0.185,1.2333,52,0
SPY190712C301,2019-07-11,2019-07-11 09:30:47,0.19,1.2666,1360,0.18,1.2,168,0.19,1.2666,10,0.185,1.2333,52,0
SPY190712C301,2019-07-11,2019-07-11 09:30:47,0.19,1.2666,2761,0.18,1.2,93,0.19,1.2666,10,0.185,1.2333,52,0
SPY190712C301,2019-07-11,2019-07-11 09:30:49,0.19,1.2666,2761,0.18,1.2,93,0.18,1.2,2,0.185,1.2333,84,32
SPY190712C301,2019-07-11,2019-07-11 09:30:50,0.19,1.2666,2041,0.18,1.2,93,0.18,1.2,1,0.185,1.2333,85,1
SPY190712C301,2019-07-11,2019-07-11 09:30:51,0.19,1.2666,2302,0.18,1.2,143,0.18,1.2,1,0.185,1.2333,85,0
SPY190712C301,2019-07-11,2019-07-11 09:30:51,0.19,1.2666,1066,0.18,1.2,143,0.18,1.2,1,0.185,1.2333,85,0
SPY190712C301,2019-07-11,2019-07-11 09:30:52,0.19,1.2666,2262,0.18,1.2,163,0.18,1.2,1,0.185,1.2333,85,0
SPY190712C301,2019-07-11,2019-07-11 09:30:53,0.19,1.2666,2262,0.18,1.2,143,0.18,1.2,1,0.185,1.2333,85,0
SPY190712C301,2019-07-11,2019-07-11 09:30:53,0.19,1.2666,2748,0.18,1.2,93,0.18,1.2,1,0.185,1.2333,85,0
SPY190712C301,2019-07-11,2019-07-11 09:30:54,0.19,1.2666,1112,0.18,1.2,50,0.19,1.2666,2,0.185,1.2333,87,0
SPY190712C301,2019-07-11,2019-07-11 09:30:54,0.19,1.2666,2748,0.18,1.2,93,0.19,1.2666,2,0.185,1.2333,87,2
SPY190712C301,2019-07-11,2019-07-11 09:30:55,0.19,1.2666,2322,0.18,1.2,93,0.18,1.2,12,0.185,1.2333,139,52
SPY190712C301,2019-07-11,2019-07-11 09:30:55,0.19,1.2666,2322,0.18,1.2,143,0.19,1.2666,2,0.185,1.2333,87,0
SPY190712C301,2019-07-11,2019-07-11 09:30:56,0.19,1.2666,2300,0.18,1.2,143,0.18,1.2,12,0.185,1.2333,139,0
SPY190712C301,2019-07-11,2019-07-11 09:30:57,0.19,1.2666,2668,0.18,1.2,50,0.18,1.2,12,0.185,1.2333,139,0
SPY190712C301,2019-07-11,2019-07-11 09:30:57,0.19,1.2666,2395,0.18,1.2,50,0.19,1.2666,1,0.185,1.2333,140,1
SPY190712C301,2019-07-11,2019-07-11 09:30:58,0.19,1.2666,2780,0.18,1.2,50,0.19,1.2666,1,0.185,1.2333,140,0
SPY190712C301,2019-07-11,2019-07-11 09:30:58,0.19,1.2666,1593,0.18,1.2,50,0.19,1.2666,1,0.185,1.2333,140,0
SPY190712C301,2019-07-11,2019-07-11 09:30:59,0.19,1.2666,2780,0.18,1.2,50,0.19,1.2666,1,0.185,1.2333,140,0
SPY190712C301,2019-07-11,2019-07-11 09:31:00,0.19,1.2666,2780,0.18,1.2,7,0.19,1.2666,1,0.185,1.2333,140,0
SPY190712C301,2019-07-11,2019-07-11 09:31:01,0.18,1.2,605,0.17,1.1333,1978,0.18,1.2,7,0.175,1.1666,197,57
SPY190712C301,2019-07-11,2019-07-11 09:31:01,0.18,1.2,1143,0.17,1.1333,1978,0.18,1.2,7,0.175,1.1666,197,0
SPY190712C301,2019-07-11,2019-07-11 09:31:02,0.18,1.2,806,0.17,1.1333,742,0.18,1.2,7,0.175,1.1666,197,0
SPY190712C301,2019-07-11,2019-07-11 09:31:03,0.18,1.2,806,0.17,1.1333,742,0.17,1.1333,1,0.175,1.1666,198,1
SPY190712C301,2019-07-11,2019-07-11 09:31:03,0.18,1.2,937,0.17,1.1333,305,0.17,1.1333,1,0.175,1.1666,198,0
SPY190712C301,2019-07-11,2019-07-11 09:31:04,0.18,1.2,2423,0.17,1.1333,305,0.17,1.1333,1,0.175,1.1666,198,0
SPY190712C301,2019-07-11,2019-07-11 09:31:05,0.17,1.1333,10,0.16,1.0666,1284,0.17,1.1333,1,0.165,1.1,198,0
SPY190712C301,2019-07-11,2019-07-11 09:31:05,0.18,1.2,2376,0.17,1.1333,5,0.17,1.1333,1,0.175,1.1666,198,0
SPY190712C301,2019-07-11,2019-07-11 09:31:06,0.18,1.2,2365,0.17,1.1333,163,0.17,1.1333,1,0.175,1.1666,198,0
SPY190712C301,2019-07-11,2019-07-11 09:31:07,0.18,1.2,1115,0.17,1.1333,305,0.17,1.1333,1,0.175,1.1666,198,0
SPY190712C301,2019-07-11,2019-07-11 09:31:07,0.18,1.2,2111,0.17,1.1333,305,0.17,1.1333,1,0.175,1.1666,198,0
SPY190712C301,2019-07-11,2019-07-11 09:31:08,0.17,1.1333,110,0.16,1.0666,1881,0.17,1.1333,1,0.165,1.1,198,0
SPY190712C301,2019-07-11,2019-07-11 09:31:08,0.18,1.2,1723,0.17,1.1333,214,0.17,1.1333,1,0.175,1.1666,198,0
SPY190712C301,2019-07-11,2019-07-11 09:31:09,0.17,1.1333,387,0.16,1.0666,1203,0.17,1.1333,1,0.165,1.1,198,0
SPY190712C301,2019-07-11,2019-07-11 09:31:10,0.17,1.1333,50,0.16,1.0666,1440,0.17,1.1333,1,0.165,1.1,198,0
SPY190712C301,2019-07-11,2019-07-11 09:31:10,0.17,1.1333,305,0.16,1.0666,1440,0.17,1.1333,1,0.165,1.1,198,0
SPY190712C301,2019-07-11,2019-07-11 09:31:11,0.17,1.1333,1079,0.16,1.0666,2008,0.17,1.1333,1,0.165,1.1,198,0
SPY190712C301,2019-07-11,2019-07-11 09:31:12,0.17,1.1333,309,0.16,1.0666,2556,0.17,1.1333,1,0.165,1.1,198,0
SPY190712C301,2019-07-11,2019-07-11 09:31:13,0.17,1.1333,200,0.16,1.0666,2684,0.17,1.1333,1,0.165,1.1,198,0
SPY190712C301,2019-07-11,2019-07-11 09:31:13,0.17,1.1333,200,0.16,1.0666,2634,0.17,1.1333,1,0.165,1.1,198,0
SPY190712C301,2019-07-11,2019-07-11 09:31:14,0.17,1.1333,5,0.16,1.0666,1615,0.17,1.1333,1,0.165,1.1,198,0
SPY190712C301,2019-07-11,2019-07-11 09:31:15,0.17,1.1333,5,0.16,1.0666,2812,0.17,1.1333,1,0.165,1.1,198,0
SPY190712C301,2019-07-11,2019-07-11 09:31:16,0.17,1.1333,5,0.16,1.0666,2058,0.17,1.1333,1,0.165,1.1,198,0
SPY190712C301,2019-07-11,2019-07-11 09:31:17,0.17,1.1333,5,0.16,1.0666,2812,0.17,1.1333,1,0.165,1.1,198,0
SPY190712C301,2019-07-11,2019-07-11 09:31:17,0.17,1.1333,5,0.16,1.0666,2800,0.17,1.1333,1,0.165,1.1,198,0
SPY190712C301,2019-07-11,2019-07-11 09:31:18,0.17,1.1333,951,0.16,1.0666,463,0.17,1.1333,1,0.165,1.1,198,0
SPY190712C301,2019-07-11,2019-07-11 09:31:19,0.17,1.1333,973,0.16,1.0666,475,0.17,1.1333,1,0.165,1.1,198,0
SPY190712C301,2019-07-11,2019-07-11 09:31:20,0.17,1.1333,646,0.16,1.0666,1104,0.17,1.1333,1,0.165,1.1,198,0
SPY190712C301,2019-07-11,2019-07-11 09:31:20,0.17,1.1333,56,0.16,1.0666,1349,0.17,1.1333,1,0.165,1.1,198,0
SPY190712C301,2019-07-11,2019-07-11 09:31:21,0.17,1.1333,56,0.16,1.0666,2068,0.16,1.0666,1,0.165,1.1,199,1
SPY190712C301,2019-07-11,2019-07-11 09:31:21,0.17,1.1333,56,0.16,1.0666,2762,0.16,1.0666,1,0.165,1.1,199,0
SPY190712C301,2019-07-11,2019-07-11 09:31:22,0.17,1.1333,56,0.16,1.0666,2812,0.16,1.0666,1,0.165,1.1,199,0
SPY190712C301,2019-07-11,2019-07-11 09:31:23,0.17,1.1333,651,0.16,1.0666,2333,0.16,1.0666,1,0.165,1.1,199,0
SPY190712C301,2019-07-11,2019-07-11 09:31:23,0.17,1.1333,56,0.16,1.0666,2762,0.16,1.0666,1,0.165,1.1,199,0
SPY190712C301,2019-07-11,2019-07-11 09:31:24,0.17,1.1333,56,0.16,1.0666,2333,0.16,1.0666,1,0.165,1.1,199,0
SPY190712C301,2019-07-11,2019-07-11 09:31:25,0.17,1.1333,1496,0.16,1.0666,305,0.16,1.0666,1,0.165,1.1,199,0
SPY190712C301,2019-07-11,2019-07-11 09:31:25,0.17,1.1333,1455,0.16,1.0666,390,0.16,1.0666,1,0.165,1.1,199,0
SPY190712C301,2019-07-11,2019-07-11 09:31:26,0.17,1.1333,1619,0.16,1.0666,485,0.16,1.0666,1,0.165,1.1,199,0
SPY190712C301,2019-07-11,2019-07-11 09:31:26,0.17,1.1333,1097,0.16,1.0666,485,0.16,1.0666,1,0.165,1.1,199,0
SPY190712C301,2019-07-11,2019-07-11 09:31:27,0.17,1.1333,2046,0.16,1.0666,485,0.16,1.0666,1,0.165,1.1,199,0
SPY190712C301,2019-07-11,2019-07-11 09:31:28,0.17,1.1333,2046,0.16,1.0666,62,0.16,1.0666,2,0.165,1.1,201,2
SPY190712C301,2019-07-11,2019-07-11 09:31:28,0.17,1.1333,938,0.16,1.0666,143,0.16,1.0666,2,0.165,1.1,201,0
SPY190712C301,2019-07-11,2019-07-11 09:31:29,0.17,1.1333,1120,0.16,1.0666,143,0.16,1.0666,2,0.165,1.1,201,0
SPY190712C301,2019-07-11,2019-07-11 09:31:29,0.17,1.1333,938,0.16,1.0666,143,0.16,1.0666,2,0.165,1.1,201,0
SPY190712C301,2019-07-11,2019-07-11 09:31:30,0.17,1.1333,1541,0.16,1.0666,305,0.16,1.0666,2,0.165,1.1,201,0
SPY190712C301,2019-07-11,2019-07-11 09:31:31,0.16,1.0666,125,0.15,1.0,2184,0.16,1.0666,2,0.155,1.0333,201,0
SPY190712C301,2019-07-11,2019-07-11 09:31:31,0.16,1.0666,783,0.15,1.0,2044,0.16,1.0666,2,0.155,1.0333,201,0
SPY190712C301,2019-07-11,2019-07-11 09:31:32,0.16,1.0666,783,0.15,1.0,2004,0.16,1.0666,2,0.155,1.0333,201,0
SPY190712C301,2019-07-11,2019-07-11 09:31:33,0.16,1.0666,1033,0.15,1.0,866,0.16,1.0666,2,0.155,1.0333,201,0
SPY190712C301,2019-07-11,2019-07-11 09:31:33,0.16,1.0666,800,0.15,1.0,991,0.16,1.0666,2,0.155,1.0333,201,0
SPY190712C301,2019-07-11,2019-07-11 09:31:34,0.16,1.0666,836,0.15,1.0,1664,0.15,1.0,10,0.155,1.0333,213,12
SPY190712C301,2019-07-11,2019-07-11 09:31:35,0.16,1.0666,11,0.15,1.0,2303,0.15,1.0,10,0.155,1.0333,213,0
SPY190712C301,2019-07-11,2019-07-11 09:31:35,0.16,1.0666,11,0.15,1.0,2644,0.15,1.0,10,0.155,1.0333,213,0
SPY190712C301,2019-07-11,2019-07-11 09:31:36,0.16,1.0666,11,0.15,1.0,2645,0.15,1.0,10,0.155,1.0333,213,0
SPY190712C301,2019-07-11,2019-07-11 09:31:37,0.16,1.0666,613,0.15,1.0,2823,0.15,1.0,10,0.155,1.0333,213,0
SPY190712C301,2019-07-11,2019-07-11 09:31:37,0.16,1.0666,11,0.15,1.0,2823,0.15,1.0,10,0.155,1.0333,213,0
SPY190712C301,2019-07-11,2019-07-11 09:31:38,0.17,1.1333,1035,0.16,1.0666,785,0.16,1.0666,50,0.165,1.1,280,67
SPY190712C301,2019-07-11,2019-07-11 09:31:39,0.17,1.1333,1034,0.16,1.0666,2015,0.16,1.0666,50,0.165,1.1,280,0
SPY190712C301,2019-07-11,2019-07-11 09:31:39,0.17,1.1333,1034,0.16,1.0666,1658,0.16,1.0666,50,0.165,1.1,280,0
SPY190712C301,2019-07-11,2019-07-11 09:31:40,0.17,1.1333,1021,0.16,1.0666,1711,0.16,1.0666,50,0.165,1.1,280,0
SPY190712C301,2019-07-11,2019-07-11 09:31:41,0.17,1.1333,610,0.16,1.0666,718,0.16,1.0666,50,0.165,1.1,280,0
SPY190712C301,2019-07-11,2019-07-11 09:31:42,0.17,1.1333,1230,0.16,1.0666,435,0.16,1.0666,50,0.165,1.1,280,0
SPY190712C301,2019-07-11,2019-07-11 09:31:42,0.17,1.1333,1240,0.16,1.0666,622,0.16,1.0666,50,0.165,1.1,280,0
SPY190712C301,2019-07-11,2019-07-11 09:31:43,0.17,1.1333,1230,0.16,1.0666,602,0.16,1.0666,50,0.165,1.1,280,0
SPY190712C301,2019-07-11,2019-07-11 09:31:43,0.17,1.1333,905,0.16,1.0666,305,0.16,1.0666,50,0.165,1.1,280,0
SPY190712C301,2019-07-11,2019-07-11 09:31:44,0.17,1.1333,1265,0.16,1.0666,53,0.16,1.0666,50,0.165,1.1,280,0
SPY190712C301,2019-07-11,2019-07-11 09:31:44,0.17,1.1333,1144,0.16,1.0666,555,0.16,1.0666,50,0.165,1.1,280,0
SPY190712C301,2019-07-11,2019-07-11 09:31:45,0.17,1.1333,1144,0.16,1.0666,434,0.16,1.0666,1,0.165,1.1,281,1
SPY190712C301,2019-07-11,2019-07-11 09:31:46,0.17,1.1333,1084,0.16,1.0666,1256,0.16,1.0666,1,0.165,1.1,281,0
SPY190712C301,2019-07-11,2019-07-11 09:31:46,0.17,1.1333,1144,0.16,1.0666,982,0.16,1.0666,1,0.165,1.1,281,0
SPY190712C301,2019-07-11,2019-07-11 09:31:47,0.17,1.1333,1086,0.16,1.0666,685,0.16,1.0666,1,0.165,1.1,281,0
SPY190712C301,2019-07-11,2019-07-11 09:31:47,0.17,1.1333,1086,0.16,1.0666,605,0.16,1.0666,1,0.165,1.1,281,0
SPY190712C301,2019-07-11,2019-07-11 09:31:48,0.17,1.1333,1137,0.16,1.0666,1317,0.16,1.0666,1,0.165,1.1,281,0
SPY190712C301,2019-07-11,2019-07-11 09:31:49,0.17,1.1333,360,0.16,1.0666,2265,0.17,1.1333,50,0.165,1.1,331,50
SPY190712C301,2019-07-11,2019-07-11 09:31:49,0.17,1.1333,653,0.16,1.0666,1180,0.16,1.0666,1,0.165,1.1,281,0
SPY190712C301,2019-07-11,2019-07-11 09:31:50,0.17,1.1333,360,0.16,1.0666,2347,0.17,1.1333,50,0.165,1.1,331,0
SPY190712C301,2019-07-11,2019-07-11 09:31:51,0.17,1.1333,360,0.16,1.0666,2347,0.17,1.1333,50,0.165,1.1,331,0
SPY190712C301,2019-07-11,2019-07-11 09:31:51,0.17,1.1333,355,0.16,1.0666,2677,0.17,1.1333,2,0.165,1.1,336,5
SPY190712C301,2019-07-11,2019-07-11 09:31:52,0.17,1.1333,143,0.16,1.0666,2609,0.17,1.1333,2,0.165,1.1,336,0
SPY190712C301,2019-07-11,2019-07-11 09:31:52,0.17,1.1333,355,0.16,1.0666,2674,0.17,1.1333,2,0.165,1.1,336,0
SPY190712C301,2019-07-11,2019-07-11 09:31:53,0.17,1.1333,355,0.16,1.0666,2641,0.17,1.1333,2,0.165,1.1,336,0
SPY190712C301,2019-07-11,2019-07-11 09:31:54,0.17,1.1333,355,0.16,1.0666,2366,0.17,1.1333,2,0.165,1.1,336,0
SPY190712C301,2019-07-11,2019-07-11 09:31:55,0.17,1.1333,247,0.16,1.0666,1760,0.17,1.1333,2,0.165,1.1,336,0
SPY190712C301,2019-07-11,2019-07-11 09:31:56,0.17,1.1333,252,0.16,1.0666,1760,0.17,1.1333,2,0.165,1.1,336,0
SPY190712C301,2019-07-11,2019-07-11 09:31:56,0.17,1.1333,957,0.16,1.0666,1377,0.17,1.1333,2,0.165,1.1,336,0
SPY190712C301,2019-07-11,2019-07-11 09:31:57,0.17,1.1333,957,0.16,1.0666,1377,0.17,1.1333,2,0.165,1.1,336,0
SPY190712C301,2019-07-11,2019-07-11 09:31:58,0.17,1.1333,465,0.16,1.0666,2122,0.17,1.1333,2,0.165,1.1,336,0
SPY190712C301,2019-07-11,2019-07-11 09:31:58,0.17,1.1333,465,0.16,1.0666,2279,0.17,1.1333,2,0.165,1.1,336,0
SPY190712C301,2019-07-11,2019-07-11 09:31:59,0.17,1.1333,465,0.16,1.0666,2399,0.17,1.1333,2,0.165,1.1,336,0
SPY190712C301,2019-07-11,2019-07-11 09:32:00,0.17,1.1333,355,0.16,1.0666,2259,0.16,1.0666,1,0.165,1.1,338,2
SPY190712C301,2019-07-11,2019-07-11 09:32:01,0.17,1.1333,355,0.16,1.0666,2445,0.16,1.0666,1,0.165,1.1,338,0
SPY190712C301,2019-07-11,2019-07-11 09:32:02,0.17,1.1333,1375,0.16,1.0666,946,0.16,1.0666,1,0.165,1.1,338,0
SPY190712C301,2019-07-11,2019-07-11 09:32:02,0.17,1.1333,1180,0.16,1.0666,737,0.16,1.0666,1,0.165,1.1,338,0
SPY190712C301,2019-07-11,2019-07-11 09:32:03,0.17,1.1333,1728,0.16,1.0666,901,0.16,1.0666,10,0.165,1.1,348,10
SPY190712C301,2019-07-11,2019-07-11 09:32:04,0.17,1.1333,465,0.16,1.0666,2251,0.16,1.0666,13,0.165,1.1,361,13
SPY190712C301,2019-07-11,2019-07-11 09:32:04,0.17,1.1333,355,0.16,1.0666,985,0.16,1.0666,10,0.165,1.1,348,0
SPY190712C301,2019-07-11,2019-07-11 09:32:05,0.17,1.1333,465,0.16,1.0666,2251,0.16,1.0666,13,0.165,1.1,361,0
SPY190712C301,2019-07-11,2019-07-11 09:32:05,0.17,1.1333,750,0.16,1.0666,1727,0.16,1.0666,13,0.165,1.1,361,0
SPY190712C301,2019-07-11,2019-07-11 09:32:06,0.17,1.1333,1318,0.16,1.0666,1377,0.16,1.0666,13,0.165,1.1,361,0
SPY190712C301,2019-07-11,2019-07-11 09:32:06,0.17,1.1333,888,0.16,1.0666,1345,0.16,1.0666,13,0.165,1.1,361,0
SPY190712C301,2019-07-11,2019-07-11 09:32:07,0.17,1.1333,1378,0.16,1.0666,232,0.16,1.0666,13,0.165,1.1,361,0
SPY190712C301,2019-07-11,2019-07-11 09:32:08,0.17,1.1333,1971,0.16,1.0666,195,0.16,1.0666,13,0.165,1.1,361,0
SPY190712C301,2019-07-11,2019-07-11 09:32:09,0.17,1.1333,2323,0.16,1.0666,93,0.16,1.0666,13,0.165,1.1,361,0
SPY190712C301,2019-07-11,2019-07-11 09:32:10,0.17,1.1333,1896,0.16,1.0666,40,0.16,1.0666,13,0.165,1.1,361,0
SPY190712C301,2019-07-11,2019-07-11 09:32:11,0.17,1.1333,2898,0.16,1.0666,153,0.17,1.1333,15,0.165,1.1,376,15
SPY190712C301,2019-07-11,2019-07-11 09:32:12,0.17,1.1333,2215,0.16,1.0666,60,0.17,1.1333,15,0.165,1.1,376,0
SPY190712C301,2019-07-11,2019-07-11 09:32:12,0.17,1.1333,2223,0.16,1.0666,153,0.17,1.1333,15,0.165,1.1,376,0
SPY190712C301,2019-07-11,2019-07-11 09:32:13,0.17,1.1333,2465,0.16,1.0666,60,0.17,1.1333,15,0.165,1.1,376,0
SPY190712C301,2019-07-11,2019-07-11 09:32:13,0.17,1.1333,2158,0.16,1.0666,60,0.16,1.0666,2,0.165,1.1,384,8
SPY190712C301,2019-07-11,2019-07-11 09:32:14,0.17,1.1333,3071,0.16,1.0666,9,0.16,1.0666,38,0.165,1.1,422,38
SPY190712C301,2019-07-11,2019-07-11 09:32:15,0.17,1.1333,3071,0.16,1.0666,9,0.16,1.0666,38,0.165,1.1,422,0
SPY190712C301,2019-07-11,2019-07-11 09:32:16,0.16,1.0666,2051,0.15,1.0,684,0.15,1.0,4,0.155,1.0333,437,0
SPY190712C301,2019-07-11,2019-07-11 09:32:16,0.16,1.0666,1906,0.15,1.0,1883,0.15,1.0,4,0.155,1.0333,437,15
SPY190712C301,2019-07-11,2019-07-11 09:32:17,0.16,1.0666,3202,0.15,1.0,707,0.15,1.0,4,0.155,1.0333,437,0
SPY190712C301,2019-07-11,2019-07-11 09:32:18,0.16,1.0666,3532,0.15,1.0,29,0.15,1.0,4,0.155,1.0333,437,0
SPY190712C301,2019-07-11,2019-07-11 09:32:18,0.16,1.0666,2288,0.15,1.0,707,0.15,1.0,4,0.155,1.0333,437,0
SPY190712C301,2019-07-11,2019-07-11 09:32:19,0.16,1.0666,3550,0.15,1.0,29,0.15,1.0,4,0.155,1.0333,437,0
SPY190712C301,2019-07-11,2019-07-11 09:32:20,0.16,1.0666,2595,0.15,1.0,29,0.15,1.0,4,0.155,1.0333,437,0
SPY190712C301,2019-07-11,2019-07-11 09:32:21,0.16,1.0666,3863,0.15,1.0,29,0.15,1.0,4,0.155,1.0333,437,0
SPY190712C301,2019-07-11,2019-07-11 09:32:21,0.16,1.0666,2717,0.15,1.0,29,0.15,1.0,4,0.155,1.0333,437,0
SPY190712C301,2019-07-11,2019-07-11 09:32:22,0.16,1.0666,2156,0.15,1.0,29,0.15,1.0,4,0.155,1.0333,437,0
SPY190712C301,2019-07-11,2019-07-11 09:32:23,0.15,1.0,1216,0.15,1.0,29,0.15,1.0,4,0.15,1.0,481,44
SPY190712C301,2019-07-11,2019-07-11 09:32:23,0.15,1.0,2227,0.14,0.9333,157,0.15,1.0,4,0.145,0.9666,481,0
SPY190712C301,2019-07-11,2019-07-11 09:32:24,0.15,1.0,2245,0.14,0.9333,157,0.15,1.0,4,0.145,0.9666,481,0
SPY190712C301,2019-07-11,2019-07-11 09:32:25,0.15,1.0,1839,0.14,0.9333,173,0.15,1.0,4,0.145,0.9666,481,0
SPY190712C301,2019-07-11,2019-07-11 09:32:26,0.15,1.0,1839,0.14,0.9333,174,0.15,1.0,4,0.145,0.9666,481,0
SPY190712C301,2019-07-11,2019-07-11 09:32:26,0.15,1.0,1839,0.14,0.9333,157,0.15,1.0,4,0.145,0.9666,481,0
SPY190712C301,2019-07-11,2019-07-11 09:32:27,0.15,1.0,1485,0.14,0.9333,366,0.15,1.0,4,0.145,0.9666,481,0
SPY190712C301,2019-07-11,2019-07-11 09:32:28,0.15,1.0,2675,0.14,0.9333,996,0.15,1.0,4,0.145,0.9666,481,0
SPY190712C301,2019-07-11,2019-07-11 09:32:28,0.15,1.0,2251,0.14,0.9333,657,0.15,1.0,4,0.145,0.9666,481,0
SPY190712C301,2019-07-11,2019-07-11 09:32:29,0.15,1.0,2675,0.14,0.9333,996,0.15,1.0,4,0.145,0.9666,481,0
SPY190712C301,2019-07-11,2019-07-11 09:32:29,0.15,1.0,893,0.14,0.9333,713,0.15,1.0,4,0.145,0.9666,481,0
SPY190712C301,2019-07-11,2019-07-11 09:32:30,0.15,1.0,251,0.14,0.9333,2069,0.15,1.0,4,0.145,0.9666,481,0
SPY190712C301,2019-07-11,2019-07-11 09:32:31,0.16,1.0666,642,0.15,1.0,564,0.15,1.0,4,0.155,1.0333,481,0
SPY190712C301,2019-07-11,2019-07-11 09:32:31,0.16,1.0666,1502,0.15,1.0,337,0.15,1.0,4,0.155,1.0333,481,0
SPY190712C301,2019-07-11,2019-07-11 09:32:32,0.16,1.0666,1522,0.15,1.0,598,0.15,1.0,4,0.155,1.0333,481,0
SPY190712C301,2019-07-11,2019-07-11 09:32:32,0.16,1.0666,1249,0.15,1.0,1336,0.15,1.0,4,0.155,1.0333,481,0
SPY190712C301,2019-07-11,2019-07-11 09:32:33,0.16,1.0666,1199,0.15,1.0,664,0.15,1.0,4,0.155,1.0333,481,0
SPY190712C301,2019-07-11,2019-07-11 09:32:34,0.16,1.0666,1250,0.15,1.0,632,0.15,1.0,4,0.155,1.0333,481,0
SPY190712C301,2019-07-11,2019-07-11 09:32:34,0.16,1.0666,1153,0.15,1.0,1088,0.15,1.0,4,0.155,1.0333,481,0
SPY190712C301,2019-07-11,2019-07-11 09:32:35,0.16,1.0666,1791,0.14,0.9333,1583,0.15,1.0,4,0.15,1.0,481,0
SPY190712C301,2019-07-11,2019-07-11 09:32:36,0.15,1.0,420,0.14,0.9333,1583,0.15,1.0,4,0.145,0.9666,481,0
SPY190712C301,2019-07-11,2019-07-11 09:32:36,0.15,1.0,420,0.14,0.9333,2554,0.15,1.0,4,0.145,0.9666,481,0
SPY190712C301,2019-07-11,2019-07-11 09:32:37,0.15,1.0,5,0.14,0.9333,4362,0.15,1.0,4,0.145,0.9666,481,0
SPY190712C301,2019-07-11,2019-07-11 09:32:38,0.15,1.0,5,0.14,0.9333,2573,0.15,1.0,4,0.145,0.9666,481,0
SPY190712C301,2019-07-11,2019-07-11 09:32:38,0.15,1.0,5,0.14,0.9333,3807,0.15,1.0,4,0.145,0.9666,481,0
SPY190712C301,2019-07-11,2019-07-11 09:32:39,0.15,1.0,147,0.14,0.9333,2492,0.15,1.0,4,0.145,0.9666,481,0
SPY190712C301,2019-07-11,2019-07-11 09:32:39,0.15,1.0,147,0.14,0.9333,1751,0.15,1.0,4,0.145,0.9666,481,0
SPY190712C301,2019-07-11,2019-07-11 09:32:40,0.15,1.0,425,0.14,0.9333,2606,0.15,1.0,4,0.145,0.9666,481,0
SPY190712C301,2019-07-11,2019-07-11 09:32:41,0.15,1.0,425,0.14,0.9333,3178,0.15,1.0,4,0.145,0.9666,481,0
SPY190712C301,2019-07-11,2019-07-11 09:32:41,0.15,1.0,425,0.14,0.9333,2769,0.15,1.0,4,0.145,0.9666,481,0
SPY190712C301,2019-07-11,2019-07-11 09:32:42,0.15,1.0,425,0.14,0.9333,2511,0.15,1.0,4,0.145,0.9666,481,0
SPY190712C301,2019-07-11,2019-07-11 09:32:43,0.15,1.0,425,0.14,0.9333,2511,0.15,1.0,4,0.145,0.9666,481,0
SPY190712C301,2019-07-11,2019-07-11 09:32:43,0.15,1.0,93,0.14,0.9333,3113,0.15,1.0,4,0.145,0.9666,481,0
SPY190712C301,2019-07-11,2019-07-11 09:32:44,0.15,1.0,305,0.14,0.9333,4507,0.15,1.0,4,0.145,0.9666,481,0
SPY190712C301,2019-07-11,2019-07-11 09:32:44,0.15,1.0,305,0.14,0.9333,4770,0.15,1.0,4,0.145,0.9666,481,0
SPY190712C301,2019-07-11,2019-07-11 09:32:45,0.15,1.0,425,0.14,0.9333,3183,0.15,1.0,4,0.145,0.9666,481,0
SPY190712C301,2019-07-11,2019-07-11 09:32:46,0.15,1.0,425,0.14,0.9333,3081,0.15,1.0,4,0.145,0.9666,481,0
SPY190712C301,2019-07-11,2019-07-11 09:32:47,0.15,1.0,1221,0.14,0.9333,2608,0.15,1.0,4,0.145,0.9666,481,0
SPY190712C301,2019-07-11,2019-07-11 09:32:47,0.15,1.0,1871,0.14,0.9333,2608,0.15,1.0,4,0.145,0.9666,481,0
SPY190712C301,2019-07-11,2019-07-11 09:32:48,0.15,1.0,434,0.14,0.9333,2738,0.15,1.0,4,0.145,0.9666,481,0
SPY190712C301,2019-07-11,2019-07-11 09:32:48,0.15,1.0,434,0.14,0.9333,1706,0.15,1.0,4,0.145,0.9666,481,0
SPY190712C301,2019-07-11,2019-07-11 09:32:49,0.15,1.0,434,0.14,0.9333,1756,0.15,1.0,4,0.145,0.9666,481,0
SPY190712C301,2019-07-11,2019-07-11 09:32:49,0.15,1.0,425,0.14,0.9333,1756,0.15,1.0,4,0.145,0.9666,481,0
SPY190712C301,2019-07-11,2019-07-11 09:32:50,0.15,1.0,445,0.14,0.9333,1800,0.15,1.0,4,0.145,0.9666,481,0
SPY190712C301,2019-07-11,2019-07-11 09:32:51,0.15,1.0,721,0.14,0.9333,1756,0.15,1.0,4,0.145,0.9666,481,0
SPY190712C301,2019-07-11,2019-07-11 09:32:51,0.15,1.0,721,0.14,0.9333,2738,0.15,1.0,4,0.145,0.9666,481,0
SPY190712C301,2019-07-11,2019-07-11 09:32:52,0.15,1.0,721,0.14,0.9333,2738,0.15,1.0,4,0.145,0.9666,481,0
SPY190712C301,2019-07-11,2019-07-11 09:32:53,0.15,1.0,721,0.14,0.9333,2738,0.15,1.0,4,0.145,0.9666,481,0
SPY190712C301,2019-07-11,2019-07-11 09:32:54,0.15,1.0,305,0.14,0.9333,3089,0.15,1.0,4,0.145,0.9666,481,0
SPY190712C301,2019-07-11,2019-07-11 09:32:54,0.15,1.0,305,0.14,0.9333,2939,0.15,1.0,4,0.145,0.9666,481,0
SPY190712C301,2019-07-11,2019-07-11 09:32:55,0.15,1.0,305,0.14,0.9333,3462,0.15,1.0,4,0.145,0.9666,481,0
SPY190712C301,2019-07-11,2019-07-11 09:32:56,0.15,1.0,5,0.14,0.9333,3462,0.15,1.0,4,0.145,0.9666,481,0
SPY190712C301,2019-07-11,2019-07-11 09:32:56,0.15,1.0,305,0.14,0.9333,3462,0.15,1.0,4,0.145,0.9666,481,0
SPY190712C301,2019-07-11,2019-07-11 09:32:57,0.15,1.0,5,0.14,0.9333,4722,0.15,1.0,4,0.145,0.9666,481,0
SPY190712C301,2019-07-11,2019-07-11 09:32:57,0.15,1.0,5,0.14,0.9333,3682,0.15,1.0,4,0.145,0.9666,481,0
SPY190712C301,2019-07-11,2019-07-11 09:32:58,0.15,1.0,305,0.14,0.9333,3682,0.14,0.9333,1,0.145,0.9666,482,1
SPY190712C301,2019-07-11,2019-07-11 09:32:58,0.15,1.0,305,0.14,0.9333,3682,0.14,0.9333,1,0.145,0.9666,482,0
SPY190712C301,2019-07-11,2019-07-11 09:32:59,0.15,1.0,305,0.14,0.9333,3682,0.14,0.9333,1,0.145,0.9666,482,0
SPY190712C301,2019-07-11,2019-07-11 09:33:00,0.15,1.0,305,0.14,0.9333,2058,0.14,0.9333,50,0.145,0.9666,532,50
SPY190712C301,2019-07-11,2019-07-11 09:33:00,0.15,1.0,163,0.14,0.9333,2058,0.14,0.9333,50,0.145,0.9666,532,0
SPY190712C301,2019-07-11,2019-07-11 09:33:01,0.15,1.0,300,0.14,0.9333,4458,0.14,0.9333,50,0.145,0.9666,532,0
SPY190712C301,2019-07-11,2019-07-11 09:33:01,0.15,1.0,93,0.14,0.9333,2554,0.14,0.9333,50,0.145,0.9666,532,0
SPY190712C301,2019-07-11,2019-07-11 09:33:02,0.15,1.0,2,0.14,0.9333,3748,0.14,0.9333,50,0.145,0.9666,532,0
SPY190712C301,2019-07-11,2019-07-11 09:33:02,0.16,1.0666,605,0.15,1.0,848,0.15,1.0,1,0.155,1.0333,535,3
SPY190712C301,2019-07-11,2019-07-11 09:33:03,0.16,1.0666,779,0.15,1.0,305,0.15,1.0,1,0.155,1.0333,535,0
SPY190712C301,2019-07-11,2019-07-11 09:33:04,0.16,1.0666,779,0.15,1.0,5,0.15,1.0,1,0.155,1.0333,535,0
SPY190712C301,2019-07-11,2019-07-11 09:33:04,0.17,1.1333,575,0.15,1.0,508,0.15,1.0,1,0.16,1.0666,535,0
SPY190712C301,2019-07-11,2019-07-11 09:33:05,0.16,1.0666,5,0.15,1.0,2086,0.15,1.0,1,0.155,1.0333,535,0
SPY190712C301,2019-07-11,2019-07-11 09:33:05,0.16,1.0666,507,0.15,1.0,1495,0.15,1.0,1,0.155,1.0333,535,0
SPY190712C301,2019-07-11,2019-07-11 09:33:06,0.16,1.0666,545,0.15,1.0,305,0.15,1.0,1,0.155,1.0333,535,0
SPY190712C301,2019-07-11,2019-07-11 09:33:07,0.16,1.0666,1037,0.15,1.0,255,0.15,1.0,1,0.155,1.0333,535,0
SPY190712C301,2019-07-11,2019-07-11 09:33:07,0.16,1.0666,1655,0.15,1.0,229,0.15,1.0,1,0.155,1.0333,535,0
SPY190712C301,2019-07-11,2019-07-11 09:33:08,0.16,1.0666,1193,0.15,1.0,229,0.15,1.0,1,0.155,1.0333,536,1
SPY190712C301,2019-07-11,2019-07-11 09:33:09,0.16,1.0666,1053,0.15,1.0,229,0.15,1.0,1,0.155,1.0333,536,0
SPY190712C301,2019-07-11,2019-07-11 09:33:09,0.16,1.0666,1193,0.15,1.0,229,0.15,1.0,1,0.155,1.0333,536,0
SPY190712C301,2019-07-11,2019-07-11 09:33:10,0.16,1.0666,1053,0.15,1.0,415,0.16,1.0666,3,0.155,1.0333,539,3
SPY190712C301,2019-07-11,2019-07-11 09:33:10,0.16,1.0666,1053,0.15,1.0,328,0.16,1.0666,3,0.155,1.0333,539,0
SPY190712C301,2019-07-11,2019-07-11 09:33:11,0.16,1.0666,1053,0.15,1.0,328,0.16,1.0666,3,0.155,1.0333,539,0
SPY190712C301,2019-07-11,2019-07-11 09:33:12,0.16,1.0666,450,0.15,1.0,328,0.16,1.0666,3,0.155,1.0333,539,0
SPY190712C301,2019-07-11,2019-07-11 09:33:12,0.16,1.0666,1701,0.15,1.0,328,0.16,1.0666,3,0.155,1.0333,539,0
SPY190712C301,2019-07-11,2019-07-11 09:33:13,0.16,1.0666,2006,0.15,1.0,792,0.16,1.0666,3,0.155,1.0333,539,0
SPY190712C301,2019-07-11,2019-07-11 09:33:13,0.16,1.0666,2006,0.15,1.0,530,0.16,1.0666,3,0.155,1.0333,539,0
SPY190712C301,2019-07-11,2019-07-11 09:33:14,0.16,1.0666,2716,0.14,0.9333,2937,0.16,1.0666,3,0.15,1.0,539,0
SPY190712C301,2019-07-11,2019-07-11 09:33:14,0.16,1.0666,2006,0.15,1.0,284,0.16,1.0666,3,0.155,1.0333,539,0
SPY190712C301,2019-07-11,2019-07-11 09:33:15,0.16,1.0666,2716,0.14,0.9333,3099,0.16,1.0666,3,0.15,1.0,539,0
SPY190712C301,2019-07-11,2019-07-11 09:33:16,0.15,1.0,170,0.14,0.9333,2812,0.16,1.0666,3,0.145,0.9666,539,0
SPY190712C301,2019-07-11,2019-07-11 09:33:16,0.16,1.0666,1750,0.14,0.9333,3895,0.16,1.0666,3,0.15,1.0,539,0
SPY190712C301,2019-07-11,2019-07-11 09:33:17,0.15,1.0,170,0.14,0.9333,2812,0.16,1.0666,3,0.145,0.9666,539,0
SPY190712C301,2019-07-11,2019-07-11 09:33:17,0.15,1.0,170,0.14,0.9333,3333,0.16,1.0666,3,0.145,0.9666,539,0
SPY190712C301,2019-07-11,2019-07-11 09:33:18,0.15,1.0,167,0.14,0.9333,2812,0.15,1.0,4,0.145,0.9666,589,50
SPY190712C301,2019-07-11,2019-07-11 09:33:19,0.15,1.0,588,0.14,0.9333,2794,0.15,1.0,4,0.145,0.9666,589,0
SPY190712C301,2019-07-11,2019-07-11 09:33:19,0.15,1.0,534,0.14,0.9333,3325,0.15,1.0,4,0.145,0.9666,589,0
SPY190712C301,2019-07-11,2019-07-11 09:33:20,0.15,1.0,441,0.14,0.9333,3390,0.15,1.0,4,0.145,0.9666,589,0
SPY190712C301,2019-07-11,2019-07-11 09:33:20,0.15,1.0,441,0.14,0.9333,2821,0.15,1.0,4,0.145,0.9666,589,0
SPY190712C301,2019-07-11,2019-07-11 09:33:21,0.15,1.0,20,0.14,0.9333,2871,0.15,1.0,1,0.145,0.9666,590,1
SPY190712C301,2019-07-11,2019-07-11 09:33:21,0.15,1.0,122,0.14,0.9333,3301,0.15,1.0,4,0.145,0.9666,589,0
SPY190712C301,2019-07-11,2019-07-11 09:33:22,0.15,1.0,20,0.14,0.9333,2128,0.15,1.0,1,0.145,0.9666,590,0
SPY190712C301,2019-07-11,2019-07-11 09:33:23,0.15,1.0,121,0.14,0.9333,2967,0.15,1.0,1,0.145,0.9666,591,1
SPY190712C301,2019-07-11,2019-07-11 09:33:24,0.15,1.0,121,0.14,0.9333,4042,0.15,1.0,1,0.145,0.9666,591,0
SPY190712C301,2019-07-11,2019-07-11 09:33:24,0.15,1.0,121,0.14,0.9333,2343,0.15,1.0,1,0.145,0.9666,591,0
SPY190712C301,2019-07-11,2019-07-11 09:33:25,0.15,1.0,764,0.14,0.9333,1894,0.15,1.0,1,0.145,0.9666,591,0
SPY190712C301,2019-07-11,2019-07-11 09:33:25,0.15,1.0,933,0.14,0.9333,2033,0.15,1.0,1,0.145,0.9666,591,0
SPY190712C301,2019-07-11,2019-07-11 09:33:26,0.15,1.0,995,0.14,0.9333,1736,0.15,1.0,1,0.145,0.9666,591,0
SPY190712C301,2019-07-11,2019-07-11 09:33:27,0.15,1.0,995,0.14,0.9333,1736,0.15,1.0,1,0.145,0.9666,591,0
SPY190712C301,2019-07-11,2019-07-11 09:33:28,0.15,1.0,995,0.14,0.9333,1820,0.15,1.0,2,0.145,0.9666,603,2
SPY190712C301,2019-07-11,2019-07-11 09:33:28,0.15,1.0,995,0.14,0.9333,1820,0.14,0.9333,9,0.145,0.9666,601,10
SPY190712C301,2019-07-11,2019-07-11 09:33:29,0.15,1.0,1655,0.14,0.9333,476,0.15,1.0,2,0.145,0.9666,603,0
SPY190712C301,2019-07-11,2019-07-11 09:33:29,0.15,1.0,1476,0.14,0.9333,2737,0.15,1.0,2,0.145,0.9666,603,0
SPY190712C301,2019-07-11,2019-07-11 09:33:30,0.15,1.0,2224,0.14,0.9333,1710,0.15,1.0,2,0.145,0.9666,603,0
SPY190712C301,2019-07-11,2019-07-11 09:33:31,0.15,1.0,2224,0.14,0.9333,1382,0.15,1.0,2,0.145,0.9666,603,0
SPY190712C301,2019-07-11,2019-07-11 09:33:31,0.15,1.0,1463,0.14,0.9333,637,0.15,1.0,2,0.145,0.9666,603,0
SPY190712C301,2019-07-11,2019-07-11 09:33:32,0.15,1.0,1495,0.14,0.9333,588,0.15,1.0,2,0.145,0.9666,603,0
SPY190712C301,2019-07-11,2019-07-11 09:33:32,0.15,1.0,1463,0.14,0.9333,588,0.15,1.0,2,0.145,0.9666,603,0
SPY190712C301,2019-07-11,2019-07-11 09:33:33,0.15,1.0,1714,0.14,0.9333,441,0.15,1.0,2,0.145,0.9666,603,0
SPY190712C301,2019-07-11,2019-07-11 09:33:34,0.15,1.0,2264,0.14,0.9333,617,0.15,1.0,2,0.145,0.9666,603,0
SPY190712C301,2019-07-11,2019-07-11 09:33:34,0.15,1.0,1714,0.14,0.9333,441,0.15,1.0,2,0.145,0.9666,603,0
SPY190712C301,2019-07-11,2019-07-11 09:33:35,0.15,1.0,2264,0.14,0.9333,616,0.15,1.0,2,0.145,0.9666,603,0
SPY190712C301,2019-07-11,2019-07-11 09:33:35,0.15,1.0,2026,0.14,0.9333,1450,0.15,1.0,2,0.145,0.9666,603,0
SPY190712C301,2019-07-11,2019-07-11 09:33:36,0.15,1.0,2578,0.14,0.9333,2984,0.15,1.0,2,0.145,0.9666,603,0
SPY190712C301,2019-07-11,2019-07-11 09:33:37,0.15,1.0,2578,0.14,0.9333,2876,0.15,1.0,2,0.145,0.9666,603,0
SPY190712C301,2019-07-11,2019-07-11 09:33:37,0.15,1.0,2578,0.14,0.9333,2894,0.15,1.0,2,0.145,0.9666,603,0
SPY190712C301,2019-07-11,2019-07-11 09:33:38,0.15,1.0,2372,0.14,0.9333,2902,0.15,1.0,2,0.145,0.9666,603,0
SPY190712C301,2019-07-11,2019-07-11 09:33:38,0.15,1.0,1550,0.14,0.9333,2940,0.15,1.0,2,0.145,0.9666,603,0
SPY190712C301,2019-07-11,2019-07-11 09:33:39,0.15,1.0,2184,0.14,0.9333,2063,0.15,1.0,2,0.145,0.9666,603,0
SPY190712C301,2019-07-11,2019-07-11 09:33:39,0.15,1.0,2634,0.14,0.9333,2056,0.15,1.0,2,0.145,0.9666,603,0
SPY190712C301,2019-07-11,2019-07-11 09:33:40,0.15,1.0,2174,0.14,0.9333,2056,0.15,1.0,2,0.145,0.9666,603,0
SPY190712C301,2019-07-11,2019-07-11 09:33:41,0.15,1.0,2174,0.14,0.9333,2056,0.15,1.0,2,0.145,0.9666,603,0
SPY190712C301,2019-07-11,2019-07-11 09:33:41,0.15,1.0,1150,0.14,0.9333,3261,0.15,1.0,2,0.145,0.9666,603,0
SPY190712C301,2019-07-11,2019-07-11 09:33:42,0.15,1.0,1150,0.14,0.9333,3156,0.15,1.0,2,0.145,0.9666,603,0
SPY190712C301,2019-07-11,2019-07-11 09:33:43,0.15,1.0,1150,0.14,0.9333,2074,0.15,1.0,2,0.145,0.9666,603,0
SPY190712C301,2019-07-11,2019-07-11 09:33:43,0.15,1.0,1150,0.14,0.9333,3793,0.15,1.0,1,0.145,0.9666,604,1
SPY190712C301,2019-07-11,2019-07-11 09:33:44,0.15,1.0,1150,0.14,0.9333,2786,0.15,1.0,1,0.145,0.9666,604,0
SPY190712C301,2019-07-11,2019-07-11 09:33:45,0.15,1.0,1668,0.14,0.9333,2047,0.15,1.0,1,0.145,0.9666,604,0
SPY190712C301,2019-07-11,2019-07-11 09:33:45,0.15,1.0,1200,0.14,0.9333,2186,0.15,1.0,1,0.145,0.9666,604,0
SPY190712C301,2019-07-11,2019-07-11 09:33:46,0.15,1.0,1662,0.14,0.9333,2079,0.15,1.0,1,0.145,0.9666,604,0
SPY190712C301,2019-07-11,2019-07-11 09:33:46,0.15,1.0,1652,0.14,0.9333,2079,0.15,1.0,1,0.145,0.9666,604,0
SPY190712C301,2019-07-11,2019-07-11 09:33:47,0.15,1.0,1157,0.14,0.9333,2079,0.15,1.0,1,0.145,0.9666,604,0
SPY190712C301,2019-07-11,2019-07-11 09:33:48,0.15,1.0,2469,0.14,0.9333,456,0.15,1.0,1,0.145,0.9666,604,0
SPY190712C301,2019-07-11,2019-07-11 09:33:48,0.15,1.0,2469,0.14,0.9333,360,0.15,1.0,1,0.145,0.9666,605,1
SPY190712C301,2019-07-11,2019-07-11 09:33:49,0.15,1.0,2469,0.14,0.9333,596,0.15,1.0,1,0.145,0.9666,605,0
SPY190712C301,2019-07-11,2019-07-11 09:33:49,0.15,1.0,2469,0.14,0.9333,548,0.15,1.0,1,0.145,0.9666,605,0
SPY190712C301,2019-07-11,2019-07-11 09:33:50,0.15,1.0,2288,0.14,0.9333,514,0.15,1.0,1,0.145,0.9666,605,0
SPY190712C301,2019-07-11,2019-07-11 09:33:51,0.15,1.0,3048,0.14,0.9333,343,0.15,1.0,1,0.145,0.9666,605,0
SPY190712C301,2019-07-11,2019-07-11 09:33:51,0.15,1.0,2288,0.14,0.9333,732,0.15,1.0,1,0.145,0.9666,605,0
SPY190712C301,2019-07-11,2019-07-11 09:33:52,0.15,1.0,3048,0.14,0.9333,70,0.15,1.0,1,0.145,0.9666,605,0
SPY190712C301,2019-07-11,2019-07-11 09:33:52,0.15,1.0,3048,0.14,0.9333,343,0.15,1.0,1,0.145,0.9666,605,0
SPY190712C301,2019-07-11,2019-07-11 09:33:53,0.15,1.0,3226,0.14,0.9333,70,0.15,1.0,1,0.145,0.9666,605,0
SPY190712C301,2019-07-11,2019-07-11 09:33:54,0.15,1.0,3263,0.14,0.9333,4,0.15,1.0,1,0.145,0.9666,605,0
SPY190712C301,2019-07-11,2019-07-11 09:33:55,0.15,1.0,3205,0.14,0.9333,3,0.15,1.0,1,0.145,0.9666,605,0
SPY190712C301,2019-07-11,2019-07-11 09:33:55,0.15,1.0,3263,0.14,0.9333,3,0.15,1.0,1,0.145,0.9666,605,0
SPY190712C301,2019-07-11,2019-07-11 09:33:56,0.14,0.9333,485,0.13,0.8666,2631,0.14,0.9333,3,0.135,0.9,608,3
SPY190712C301,2019-07-11,2019-07-11 09:33:57,0.14,0.9333,485,0.13,0.8666,3902,0.14,0.9333,4,0.135,0.9,612,4
SPY190712C301,2019-07-11,2019-07-11 09:33:57,0.14,0.9333,485,0.13,0.8666,2631,0.14,0.9333,3,0.135,0.9,608,0
SPY190712C301,2019-07-11,2019-07-11 09:33:58,0.14,0.9333,480,0.13,0.8666,2080,0.14,0.9333,4,0.135,0.9,612,0
SPY190712C301,2019-07-11,2019-07-11 09:33:59,0.14,0.9333,288,0.13,0.8666,2370,0.14,0.9333,4,0.135,0.9,612,0
SPY190712C301,2019-07-11,2019-07-11 09:33:59,0.14,0.9333,1066,0.13,0.8666,2053,0.14,0.9333,4,0.135,0.9,612,0
SPY190712C301,2019-07-11,2019-07-11 09:34:00,0.14,0.9333,1237,0.13,0.8666,2660,0.14,0.9333,4,0.135,0.9,612,0
SPY190712C301,2019-07-11,2019-07-11 09:34:00,0.14,0.9333,971,0.13,0.8666,2750,0.14,0.9333,4,0.135,0.9,612,0
SPY190712C301,2019-07-11,2019-07-11 09:34:01,0.15,1.0,3395,0.14,0.9333,305,0.14,0.9333,4,0.145,0.9666,612,0
SPY190712C301,2019-07-11,2019-07-11 09:34:01,0.15,1.0,2306,0.14,0.9333,5,0.14,0.9333,4,0.145,0.9666,612,0
SPY190712C301,2019-07-11,2019-07-11 09:34:02,0.15,1.0,3100,0.13,0.8666,2574,0.14,0.9333,4,0.14,0.9333,612,0
SPY190712C301,2019-07-11,2019-07-11 09:34:03,0.15,1.0,3441,0.14,0.9333,5,0.14,0.9333,4,0.145,0.9666,612,0
SPY190712C301,2019-07-11,2019-07-11 09:34:03,0.15,1.0,3358,0.14,0.9333,20,0.14,0.9333,4,0.145,0.9666,612,0
SPY190712C301,2019-07-11,2019-07-11 09:34:04,0.15,1.0,3206,0.14,0.9333,529,0.14,0.9333,4,0.145,0.9666,612,0
SPY190712C301,2019-07-11,2019-07-11 09:34:05,0.15,1.0,3193,0.14,0.9333,601,0.14,0.9333,1,0.145,0.9666,613,0
SPY190712C301,2019-07-11,2019-07-11 09:34:05,0.15,1.0,3193,0.14,0.9333,762,0.14,0.9333,1,0.145,0.9666,613,1
SPY190712C301,2019-07-11,2019-07-11 09:34:06,0.15,1.0,3225,0.14,0.9333,601,0.14,0.9333,1,0.145,0.9666,613,0
SPY190712C301,2019-07-11,2019-07-11 09:34:07,0.15,1.0,3225,0.14,0.9333,1010,0.14,0.9333,1,0.145,0.9666,613,0
SPY190712C301,2019-07-11,2019-07-11 09:34:08,0.15,1.0,3143,0.14,0.9333,1010,0.14,0.9333,1,0.145,0.9666,613,0
SPY190712C301,2019-07-11,2019-07-11 09:34:08,0.15,1.0,2185,0.14,0.9333,2155,0.14,0.9333,1,0.145,0.9666,613,0
SPY190712C301,2019-07-11,2019-07-11 09:34:09,0.15,1.0,404,0.14,0.9333,3897,0.14,0.9333,1,0.145,0.9666,613,0
SPY190712C301,2019-07-11,2019-07-11 09:34:09,0.15,1.0,1895,0.14,0.9333,1039,0.14,0.9333,1,0.145,0.9666,613,0
SPY190712C301,2019-07-11,2019-07-11 09:34:10,0.15,1.0,2019,0.14,0.9333,2990,0.14,0.9333,1,0.145,0.9666,613,0
SPY190712C301,2019-07-11,2019-07-11 09:34:10,0.15,1.0,524,0.14,0.9333,2858,0.14,0.9333,1,0.145,0.9666,613,0
SPY190712C301,2019-07-11,2019-07-11 09:34:11,0.15,1.0,514,0.14,0.9333,4340,0.14,0.9333,1,0.145,0.9666,613,0
SPY190712C301,2019-07-11,2019-07-11 09:34:12,0.15,1.0,514,0.14,0.9333,4340,0.14,0.9333,1,0.145,0.9666,613,0
SPY190712C301,2019-07-11,2019-07-11 09:34:13,0.15,1.0,514,0.14,0.9333,4340,0.14,0.9333,1,0.145,0.9666,613,0
SPY190712C301,2019-07-11,2019-07-11 09:34:13,0.15,1.0,514,0.14,0.9333,4294,0.14,0.9333,1,0.145,0.9666,613,0
SPY190712C301,2019-07-11,2019-07-11 09:34:14,0.15,1.0,475,0.14,0.9333,4349,0.15,1.0,12,0.145,0.9666,625,12
SPY190712C301,2019-07-11,2019-07-11 09:34:14,0.15,1.0,475,0.14,0.9333,4351,0.14,0.9333,1,0.145,0.9666,613,0
SPY190712C301,2019-07-11,2019-07-11 09:34:15,0.15,1.0,475,0.14,0.9333,4349,0.15,1.0,12,0.145,0.9666,625,0
SPY190712C301,2019-07-11,2019-07-11 09:34:16,0.15,1.0,194,0.14,0.9333,2257,0.15,1.0,12,0.145,0.9666,625,0
SPY190712C301,2019-07-11,2019-07-11 09:34:16,0.15,1.0,511,0.14,0.9333,4344,0.15,1.0,12,0.145,0.9666,625,0
SPY190712C301,2019-07-11,2019-07-11 09:34:17,0.15,1.0,194,0.14,0.9333,4330,0.15,1.0,12,0.145,0.9666,625,0
SPY190712C301,2019-07-11,2019-07-11 09:34:17,0.15,1.0,194,0.14,0.9333,4409,0.15,1.0,12,0.145,0.9666,625,0
SPY190712C301,2019-07-11,2019-07-11 09:34:18,0.15,1.0,194,0.14,0.9333,4329,0.15,1.0,12,0.145,0.9666,625,0
SPY190712C301,2019-07-11,2019-07-11 09:34:19,0.15,1.0,194,0.14,0.9333,4327,0.15,1.0,12,0.145,0.9666,625,0
SPY190712C301,2019-07-11,2019-07-11 09:34:19,0.15,1.0,50,0.14,0.9333,4327,0.15,1.0,12,0.145,0.9666,625,0
SPY190712C301,2019-07-11,2019-07-11 09:34:20,0.15,1.0,50,0.14,0.9333,4368,0.15,1.0,12,0.145,0.9666,625,0
SPY190712C301,2019-07-11,2019-07-11 09:34:20,0.15,1.0,50,0.14,0.9333,4665,0.15,1.0,12,0.145,0.9666,625,0
SPY190712C301,2019-07-11,2019-07-11 09:34:21,0.15,1.0,50,0.14,0.9333,4796,0.15,1.0,12,0.145,0.9666,625,0
SPY190712C301,2019-07-11,2019-07-11 09:34:22,0.15,1.0,50,0.14,0.9333,4796,0.15,1.0,12,0.145,0.9666,625,0
SPY190712C301,2019-07-11,2019-07-11 09:34:23,0.15,1.0,50,0.14,0.9333,3638,0.15,1.0,12,0.145,0.9666,625,0
SPY190712C301,2019-07-11,2019-07-11 09:34:23,0.15,1.0,50,0.14,0.9333,3653,0.15,1.0,12,0.145,0.9666,625,0
SPY190712C301,2019-07-11,2019-07-11 09:34:24,0.15,1.0,50,0.14,0.9333,3638,0.15,1.0,12,0.145,0.9666,625,0
SPY190712C301,2019-07-11,2019-07-11 09:34:24,0.15,1.0,50,0.14,0.9333,3962,0.15,1.0,12,0.145,0.9666,625,0
SPY190712C301,2019-07-11,2019-07-11 09:34:25,0.16,1.0666,348,0.15,1.0,2311,0.15,1.0,56,0.155,1.0333,763,138
SPY190712C301,2019-07-11,2019-07-11 09:34:26,0.16,1.0666,113,0.15,1.0,3065,0.15,1.0,32,0.155,1.0333,795,32
SPY190712C301,2019-07-11,2019-07-11 09:34:27,0.17,1.1333,2969,0.16,1.0666,5,0.15,1.0,32,0.165,1.1,795,0
SPY190712C301,2019-07-11,2019-07-11 09:34:27,0.16,1.0666,113,0.15,1.0,3065,0.15,1.0,32,0.155,1.0333,795,0
SPY190712C301,2019-07-11,2019-07-11 09:34:28,0.17,1.1333,110,0.16,1.0666,1789,0.15,1.0,32,0.165,1.1,795,0
SPY190712C301,2019-07-11,2019-07-11 09:34:28,0.17,1.1333,2188,0.16,1.0666,1026,0.15,1.0,32,0.165,1.1,795,0
SPY190712C301,2019-07-11,2019-07-11 09:34:29,0.17,1.1333,509,0.16,1.0666,1835,0.17,1.1333,2,0.165,1.1,797,0
SPY190712C301,2019-07-11,2019-07-11 09:34:29,0.17,1.1333,390,0.16,1.0666,2133,0.17,1.1333,2,0.165,1.1,797,2
SPY190712C301,2019-07-11,2019-07-11 09:34:30,0.17,1.1333,478,0.16,1.0666,2164,0.17,1.1333,2,0.165,1.1,797,0
SPY190712C301,2019-07-11,2019-07-11 09:34:30,0.17,1.1333,820,0.16,1.0666,1867,0.17,1.1333,2,0.165,1.1,797,0
SPY190712C301,2019-07-11,2019-07-11 09:34:31,0.17,1.1333,478,0.16,1.0666,3264,0.17,1.1333,2,0.165,1.1,797,0
SPY190712C301,2019-07-11,2019-07-11 09:34:33,0.17,1.1333,2235,0.16,1.0666,285,0.16,1.0666,10,0.165,1.1,807,10
SPY190712C301,2019-07-11,2019-07-11 09:34:34,0.17,1.1333,2811,0.16,1.0666,244,0.16,1.0666,10,0.165,1.1,807,0
SPY190712C301,2019-07-11,2019-07-11 09:34:36,0.17,1.1333,2287,0.16,1.0666,273,0.16,1.0666,10,0.165,1.1,807,0
SPY190712C301,2019-07-11,2019-07-11 09:34:36,0.17,1.1333,2138,0.16,1.0666,244,0.16,1.0666,10,0.165,1.1,807,0
SPY190712C301,2019-07-11,2019-07-11 09:34:37,0.17,1.1333,2484,0.16,1.0666,273,0.16,1.0666,10,0.165,1.1,807,0
SPY190712C301,2019-07-11,2019-07-11 09:34:38,0.17,1.1333,926,0.16,1.0666,1861,0.16,1.0666,10,0.165,1.1,807,0
SPY190712C301,2019-07-11,2019-07-11 09:34:38,0.17,1.1333,2177,0.16,1.0666,364,0.16,1.0666,10,0.165,1.1,807,0
SPY190712C301,2019-07-11,2019-07-11 09:34:39,0.17,1.1333,314,0.16,1.0666,1562,0.16,1.0666,10,0.165,1.1,807,0
SPY190712C301,2019-07-11,2019-07-11 09:34:39,0.17,1.1333,1220,0.16,1.0666,1716,0.16,1.0666,10,0.165,1.1,807,0
SPY190712C301,2019-07-11,2019-07-11 09:34:40,0.17,1.1333,439,0.16,1.0666,2306,0.16,1.0666,10,0.165,1.1,807,0
SPY190712C301,2019-07-11,2019-07-11 09:34:41,0.17,1.1333,2464,0.16,1.0666,1252,0.16,1.0666,10,0.165,1.1,807,0
SPY190712C301,2019-07-11,2019-07-11 09:34:41,0.17,1.1333,1398,0.16,1.0666,1240,0.16,1.0666,10,0.165,1.1,807,0
SPY190712C301,2019-07-11,2019-07-11 09:34:42,0.17,1.1333,357,0.16,1.0666,1376,0.16,1.0666,10,0.165,1.1,807,0
SPY190712C301,2019-07-11,2019-07-11 09:34:42,0.17,1.1333,681,0.16,1.0666,1139,0.16,1.0666,10,0.165,1.1,807,0
SPY190712C301,2019-07-11,2019-07-11 09:34:43,0.17,1.1333,176,0.16,1.0666,2174,0.16,1.0666,10,0.165,1.1,807,0
SPY190712C301,2019-07-11,2019-07-11 09:34:44,0.17,1.1333,494,0.16,1.0666,2767,0.16,1.0666,1,0.165,1.1,808,0
SPY190712C301,2019-07-11,2019-07-11 09:34:44,0.17,1.1333,494,0.16,1.0666,2475,0.16,1.0666,1,0.165,1.1,808,1
SPY190712C301,2019-07-11,2019-07-11 09:34:45,0.17,1.1333,449,0.16,1.0666,2685,0.16,1.0666,1,0.165,1.1,808,0
SPY190712C301,2019-07-11,2019-07-11 09:34:46,0.17,1.1333,278,0.16,1.0666,2685,0.16,1.0666,12,0.165,1.1,820,12
SPY190712C301,2019-07-11,2019-07-11 09:34:46,0.17,1.1333,1907,0.16,1.0666,2462,0.16,1.0666,12,0.165,1.1,820,0
SPY190712C301,2019-07-11,2019-07-11 09:34:47,0.17,1.1333,1669,0.16,1.0666,2462,0.16,1.0666,12,0.165,1.1,820,0
SPY190712C301,2019-07-11,2019-07-11 09:34:48,0.17,1.1333,2279,0.16,1.0666,2293,0.16,1.0666,12,0.165,1.1,820,0
SPY190712C301,2019-07-11,2019-07-11 09:34:48,0.17,1.1333,2122,0.16,1.0666,2462,0.16,1.0666,12,0.165,1.1,820,0
SPY190712C301,2019-07-11,2019-07-11 09:34:49,0.17,1.1333,545,0.16,1.0666,1162,0.16,1.0666,12,0.165,1.1,820,0
SPY190712C301,2019-07-11,2019-07-11 09:34:49,0.17,1.1333,2055,0.16,1.0666,2462,0.16,1.0666,12,0.165,1.1,820,0
SPY190712C301,2019-07-11,2019-07-11 09:34:50,0.17,1.1333,245,0.16,1.0666,1884,0.16,1.0666,12,0.165,1.1,820,0
SPY190712C301,2019-07-11,2019-07-11 09:34:51,0.17,1.1333,1168,0.16,1.0666,2596,0.16,1.0666,15,0.165,1.1,845,25
SPY190712C301,2019-07-11,2019-07-11 09:34:51,0.17,1.1333,1168,0.16,1.0666,1884,0.16,1.0666,15,0.165,1.1,845,0
SPY190712C301,2019-07-11,2019-07-11 09:34:52,0.17,1.1333,1520,0.16,1.0666,1858,0.16,1.0666,15,0.165,1.1,845,0
SPY190712C301,2019-07-11,2019-07-11 09:34:52,0.17,1.1333,1877,0.16,1.0666,1684,0.16,1.0666,15,0.165,1.1,845,0
SPY190712C301,2019-07-11,2019-07-11 09:34:53,0.17,1.1333,2629,0.16,1.0666,495,0.17,1.1333,15,0.165,1.1,860,0
SPY190712C301,2019-07-11,2019-07-11 09:34:53,0.17,1.1333,2629,0.16,1.0666,432,0.17,1.1333,15,0.165,1.1,860,15
SPY190712C301,2019-07-11,2019-07-11 09:34:54,0.17,1.1333,2263,0.16,1.0666,315,0.17,1.1333,15,0.165,1.1,860,0
SPY190712C301,2019-07-11,2019-07-11 09:34:55,0.17,1.1333,2582,0.16,1.0666,1208,0.17,1.1333,15,0.165,1.1,860,0
SPY190712C301,2019-07-11,2019-07-11 09:34:55,0.17,1.1333,2263,0.16,1.0666,315,0.17,1.1333,15,0.165,1.1,860,0
SPY190712C301,2019-07-11,2019-07-11 09:34:56,0.17,1.1333,1,0.16,1.0666,3007,0.17,1.1333,15,0.165,1.1,860,0
SPY190712C301,2019-07-11,2019-07-11 09:34:56,0.17,1.1333,2293,0.16,1.0666,1208,0.17,1.1333,15,0.165,1.1,860,0
SPY190712C301,2019-07-11,2019-07-11 09:34:57,0.17,1.1333,1,0.16,1.0666,3226,0.17,1.1333,15,0.165,1.1,860,0
SPY190712C301,2019-07-11,2019-07-11 09:34:58,0.17,1.1333,1,0.16,1.0666,2441,0.17,1.1333,15,0.165,1.1,860,0
SPY190712C301,2019-07-11,2019-07-11 09:34:58,0.17,1.1333,1,0.16,1.0666,2852,0.17,1.1333,15,0.165,1.1,860,0
SPY190712C301,2019-07-11,2019-07-11 09:34:59,0.17,1.1333,110,0.16,1.0666,2382,0.17,1.1333,15,0.165,1.1,860,0
SPY190712C301,2019-07-11,2019-07-11 09:35:00,0.17,1.1333,452,0.16,1.0666,1576,0.17,1.1333,15,0.165,1.1,860,0
SPY190712C301,2019-07-11,2019-07-11 09:35:00,0.17,1.1333,452,0.16,1.0666,2651,0.17,1.1333,15,0.165,1.1,860,0
SPY190712C301,2019-07-11,2019-07-11 09:35:01,0.17,1.1333,452,0.16,1.0666,2684,0.17,1.1333,15,0.165,1.1,860,0
SPY190712C301,2019-07-11,2019-07-11 09:35:01,0.17,1.1333,452,0.16,1.0666,2687,0.17,1.1333,15,0.165,1.1,860,0
SPY190712C301,2019-07-11,2019-07-11 09:35:02,0.17,1.1333,452,0.16,1.0666,2687,0.17,1.1333,15,0.165,1.1,860,0
SPY190712C301,2019-07-11,2019-07-11 09:35:02,0.17,1.1333,452,0.16,1.0666,1774,0.17,1.1333,15,0.165,1.1,860,0
SPY190712C301,2019-07-11,2019-07-11 09:35:03,0.17,1.1333,1490,0.16,1.0666,297,0.17,1.1333,15,0.165,1.1,860,0
SPY190712C301,2019-07-11,2019-07-11 09:35:03,0.17,1.1333,2333,0.15,1.0,1270,0.17,1.1333,15,0.16,1.0666,860,0
SPY190712C301,2019-07-11,2019-07-11 09:35:04,0.17,1.1333,1715,0.15,1.0,1745,0.17,1.1333,15,0.16,1.0666,860,0
SPY190712C301,2019-07-11,2019-07-11 09:35:05,0.17,1.1333,2458,0.16,1.0666,509,0.17,1.1333,15,0.165,1.1,860,0
SPY190712C301,2019-07-11,2019-07-11 09:35:05,0.17,1.1333,2075,0.16,1.0666,352,0.17,1.1333,15,0.165,1.1,860,0
SPY190712C301,2019-07-11,2019-07-11 09:35:06,0.17,1.1333,1234,0.16,1.0666,938,0.17,1.1333,15,0.165,1.1,860,0
SPY190712C301,2019-07-11,2019-07-11 09:35:06,0.17,1.1333,2458,0.16,1.0666,180,0.17,1.1333,15,0.165,1.1,860,0
SPY190712C301,2019-07-11,2019-07-11 09:35:07,0.17,1.1333,1889,0.16,1.0666,1227,0.17,1.1333,15,0.165,1.1,860,0
SPY190712C301,2019-07-11,2019-07-11 09:35:08,0.17,1.1333,1184,0.16,1.0666,2006,0.17,1.1333,15,0.165,1.1,860,0
SPY190712C301,2019-07-11,2019-07-11 09:35:09,0.17,1.1333,890,0.16,1.0666,2203,0.17,1.1333,15,0.165,1.1,860,0
SPY190712C301,2019-07-11,2019-07-11 09:35:09,0.17,1.1333,1234,0.16,1.0666,1441,0.17,1.1333,15,0.165,1.1,860,0
SPY190712C301,2019-07-11,2019-07-11 09:35:10,0.17,1.1333,1652,0.16,1.0666,580,0.17,1.1333,15,0.165,1.1,860,0
SPY190712C301,2019-07-11,2019-07-11 09:35:10,0.17,1.1333,2675,0.16,1.0666,715,0.17,1.1333,15,0.165,1.1,860,0
SPY190712C301,2019-07-11,2019-07-11 09:35:11,0.17,1.1333,1184,0.16,1.0666,1845,0.17,1.1333,15,0.165,1.1,860,0
SPY190712C301,2019-07-11,2019-07-11 09:35:12,0.17,1.1333,1234,0.16,1.0666,1470,0.17,1.1333,15,0.165,1.1,860,0
SPY190712C301,2019-07-11,2019-07-11 09:35:12,0.17,1.1333,1184,0.16,1.0666,1845,0.17,1.1333,15,0.165,1.1,860,0
SPY190712C301,2019-07-11,2019-07-11 09:35:13,0.17,1.1333,1234,0.16,1.0666,2126,0.17,1.1333,15,0.165,1.1,860,0
SPY190712C301,2019-07-11,2019-07-11 09:35:14,0.17,1.1333,1,0.16,1.0666,2315,0.17,1.1333,15,0.165,1.1,860,0
SPY190712C301,2019-07-11,2019-07-11 09:35:14,0.17,1.1333,136,0.16,1.0666,1889,0.17,1.1333,15,0.165,1.1,860,0
SPY190712C301,2019-07-11,2019-07-11 09:35:15,0.17,1.1333,1,0.16,1.0666,3125,0.17,1.1333,15,0.165,1.1,860,0
SPY190712C301,2019-07-11,2019-07-11 09:35:16,0.17,1.1333,1,0.16,1.0666,3125,0.17,1.1333,15,0.165,1.1,860,0
SPY190712C301,2019-07-11,2019-07-11 09:35:17,0.17,1.1333,346,0.16,1.0666,2504,0.17,1.1333,15,0.165,1.1,860,0
SPY190712C301,2019-07-11,2019-07-11 09:35:17,0.17,1.1333,376,0.16,1.0666,2654,0.17,1.1333,6,0.165,1.1,866,6
SPY190712C301,2019-07-11,2019-07-11 09:35:18,0.17,1.1333,110,0.16,1.0666,3413,0.17,1.1333,6,0.165,1.1,866,0
SPY190712C301,2019-07-11,2019-07-11 09:35:18,0.17,1.1333,315,0.16,1.0666,2084,0.17,1.1333,6,0.165,1.1,866,0
SPY190712C301,2019-07-11,2019-07-11 09:35:19,0.17,1.1333,352,0.16,1.0666,2704,0.17,1.1333,6,0.165,1.1,866,0
SPY190712C301,2019-07-11,2019-07-11 09:35:19,0.17,1.1333,352,0.16,1.0666,1851,0.17,1.1333,6,0.165,1.1,866,0
SPY190712C301,2019-07-11,2019-07-11 09:35:20,0.17,1.1333,342,0.16,1.0666,2554,0.17,1.1333,6,0.165,1.1,866,0
SPY190712C301,2019-07-11,2019-07-11 09:35:21,0.17,1.1333,301,0.16,1.0666,2554,0.17,1.1333,6,0.165,1.1,866,0
SPY190712C301,2019-07-11,2019-07-11 09:35:22,0.17,1.1333,416,0.16,1.0666,2544,0.17,1.1333,9,0.165,1.1,876,0
SPY190712C301,2019-07-11,2019-07-11 09:35:22,0.17,1.1333,301,0.16,1.0666,2554,0.17,1.1333,9,0.165,1.1,876,10
SPY190712C301,2019-07-11,2019-07-11 09:35:23,0.17,1.1333,543,0.16,1.0666,2432,0.17,1.1333,9,0.165,1.1,876,0
SPY190712C301,2019-07-11,2019-07-11 09:35:24,0.17,1.1333,861,0.16,1.0666,1514,0.17,1.1333,9,0.165,1.1,876,0
SPY190712C301,2019-07-11,2019-07-11 09:35:24,0.17,1.1333,791,0.16,1.0666,1514,0.17,1.1333,18,0.165,1.1,906,30
SPY190712C301,2019-07-11,2019-07-11 09:35:25,0.17,1.1333,1288,0.16,1.0666,2317,0.17,1.1333,18,0.165,1.1,906,0
SPY190712C301,2019-07-11,2019-07-11 09:35:25,0.17,1.1333,1338,0.16,1.0666,1313,0.17,1.1333,18,0.165,1.1,906,0
SPY190712C301,2019-07-11,2019-07-11 09:35:26,0.17,1.1333,1288,0.16,1.0666,1373,0.17,1.1333,18,0.165,1.1,906,0
SPY190712C301,2019-07-11,2019-07-11 09:35:27,0.17,1.1333,2314,0.16,1.0666,1536,0.17,1.1333,18,0.165,1.1,906,0
SPY190712C301,2019-07-11,2019-07-11 09:35:27,0.17,1.1333,2093,0.16,1.0666,1489,0.17,1.1333,18,0.165,1.1,906,0
SPY190712C301,2019-07-11,2019-07-11 09:35:28,0.17,1.1333,1100,0.16,1.0666,1536,0.17,1.1333,18,0.165,1.1,906,0
SPY190712C301,2019-07-11,2019-07-11 09:35:28,0.17,1.1333,1250,0.16,1.0666,1100,0.17,1.1333,18,0.165,1.1,906,0
SPY190712C301,2019-07-11,2019-07-11 09:35:29,0.17,1.1333,1250,0.16,1.0666,1362,0.17,1.1333,18,0.165,1.1,906,0
SPY190712C301,2019-07-11,2019-07-11 09:35:30,0.17,1.1333,890,0.16,1.0666,2768,0.17,1.1333,18,0.165,1.1,906,0
SPY190712C301,2019-07-11,2019-07-11 09:35:30,0.17,1.1333,831,0.16,1.0666,3590,0.18,1.2,38,0.165,1.1,948,42
SPY190712C301,2019-07-11,2019-07-11 09:35:31,0.17,1.1333,831,0.16,1.0666,3590,0.18,1.2,38,0.165,1.1,948,0
SPY190712C301,2019-07-11,2019-07-11 09:35:32,0.17,1.1333,972,0.16,1.0666,2297,0.18,1.2,38,0.165,1.1,948,0
SPY190712C301,2019-07-11,2019-07-11 09:35:32,0.17,1.1333,1172,0.16,1.0666,2300,0.18,1.2,38,0.165,1.1,948,0
SPY190712C301,2019-07-11,2019-07-11 09:35:33,0.17,1.1333,972,0.16,1.0666,2297,0.18,1.2,38,0.165,1.1,948,0
SPY190712C301,2019-07-11,2019-07-11 09:35:34,0.17,1.1333,1108,0.16,1.0666,1465,0.18,1.2,38,0.165,1.1,948,0
SPY190712C301,2019-07-11,2019-07-11 09:35:34,0.17,1.1333,1174,0.16,1.0666,2297,0.18,1.2,38,0.165,1.1,948,0
SPY190712C301,2019-07-11,2019-07-11 09:35:35,0.17,1.1333,2671,0.16,1.0666,841,0.17,1.1333,100,0.165,1.1,1048,100
SPY190712C301,2019-07-11,2019-07-11 09:35:35,0.17,1.1333,2492,0.16,1.0666,991,0.17,1.1333,100,0.165,1.1,1048,0
SPY190712C301,2019-07-11,2019-07-11 09:35:36,0.17,1.1333,2492,0.16,1.0666,985,0.17,1.1333,100,0.165,1.1,1048,0
SPY190712C301,2019-07-11,2019-07-11 09:35:37,0.17,1.1333,1870,0.16,1.0666,625,0.17,1.1333,2,0.165,1.1,1050,0
SPY190712C301,2019-07-11,2019-07-11 09:35:37,0.17,1.1333,2528,0.16,1.0666,1368,0.17,1.1333,2,0.165,1.1,1050,2
SPY190712C301,2019-07-11,2019-07-11 09:35:38,0.17,1.1333,1870,0.16,1.0666,625,0.17,1.1333,2,0.165,1.1,1050,0
SPY190712C301,2019-07-11,2019-07-11 09:35:39,0.17,1.1333,2627,0.16,1.0666,625,0.17,1.1333,2,0.165,1.1,1050,0
SPY190712C301,2019-07-11,2019-07-11 09:35:40,0.17,1.1333,2862,0.16,1.0666,522,0.17,1.1333,2,0.165,1.1,1050,0
SPY190712C301,2019-07-11,2019-07-11 09:35:40,0.17,1.1333,2625,0.16,1.0666,305,0.17,1.1333,2,0.165,1.1,1050,0
SPY190712C301,2019-07-11,2019-07-11 09:35:41,0.17,1.1333,3279,0.16,1.0666,522,0.17,1.1333,2,0.165,1.1,1050,0
SPY190712C301,2019-07-11,2019-07-11 09:35:41,0.17,1.1333,1062,0.15,1.0,694,0.17,1.1333,2,0.16,1.0666,1050,0
SPY190712C301,2019-07-11,2019-07-11 09:35:42,0.16,1.0666,212,0.15,1.0,2763,0.17,1.1333,2,0.155,1.0333,1050,0
SPY190712C301,2019-07-11,2019-07-11 09:35:43,0.16,1.0666,346,0.15,1.0,3838,0.17,1.1333,2,0.155,1.0333,1050,0
SPY190712C301,2019-07-11,2019-07-11 09:35:44,0.16,1.0666,1470,0.15,1.0,3204,0.17,1.1333,2,0.155,1.0333,1050,0
SPY190712C301,2019-07-11,2019-07-11 09:35:45,0.16,1.0666,2595,0.15,1.0,836,0.17,1.1333,2,0.155,1.0333,1050,0
SPY190712C301,2019-07-11,2019-07-11 09:35:46,0.16,1.0666,2393,0.15,1.0,736,0.17,1.1333,2,0.155,1.0333,1050,0
SPY190712C301,2019-07-11,2019-07-11 09:35:46,0.16,1.0666,2779,0.15,1.0,736,0.17,1.1333,2,0.155,1.0333,1050,0
SPY190712C301,2019-07-11,2019-07-11 09:35:47,0.16,1.0666,2667,0.15,1.0,736,0.17,1.1333,2,0.155,1.0333,1050,0
SPY190712C301,2019-07-11,2019-07-11 09:35:48,0.16,1.0666,2699,0.15,1.0,267,0.17,1.1333,2,0.155,1.0333,1050,0
SPY190712C301,2019-07-11,2019-07-11 09:35:48,0.16,1.0666,2159,0.15,1.0,113,0.17,1.1333,2,0.155,1.0333,1050,0
SPY190712C301,2019-07-11,2019-07-11 09:35:49,0.16,1.0666,2187,0.15,1.0,345,0.17,1.1333,2,0.155,1.0333,1050,0
SPY190712C301,2019-07-11,2019-07-11 09:35:50,0.16,1.0666,1743,0.15,1.0,449,0.17,1.1333,2,0.155,1.0333,1050,0
SPY190712C301,2019-07-11,2019-07-11 09:35:50,0.16,1.0666,1948,0.15,1.0,1057,0.17,1.1333,2,0.155,1.0333,1050,0
SPY190712C301,2019-07-11,2019-07-11 09:35:51,0.16,1.0666,2224,0.15,1.0,1949,0.17,1.1333,2,0.155,1.0333,1050,0
SPY190712C301,2019-07-11,2019-07-11 09:35:51,0.16,1.0666,2224,0.15,1.0,581,0.17,1.1333,2,0.155,1.0333,1050,0
SPY190712C301,2019-07-11,2019-07-11 09:35:52,0.16,1.0666,896,0.15,1.0,2254,0.17,1.1333,2,0.155,1.0333,1050,0
SPY190712C301,2019-07-11,2019-07-11 09:35:53,0.16,1.0666,3,0.15,1.0,4810,0.17,1.1333,2,0.155,1.0333,1050,0
SPY190712C301,2019-07-11,2019-07-11 09:35:53,0.16,1.0666,180,0.15,1.0,3328,0.17,1.1333,2,0.155,1.0333,1050,0
SPY190712C301,2019-07-11,2019-07-11 09:35:54,0.16,1.0666,3,0.15,1.0,4625,0.17,1.1333,2,0.155,1.0333,1050,0
SPY190712C301,2019-07-11,2019-07-11 09:35:55,0.16,1.0666,3,0.15,1.0,3824,0.17,1.1333,2,0.155,1.0333,1050,0
SPY190712C301,2019-07-11,2019-07-11 09:35:56,0.16,1.0666,3,0.15,1.0,3953,0.17,1.1333,2,0.155,1.0333,1050,0
SPY190712C301,2019-07-11,2019-07-11 09:35:57,0.17,1.1333,1806,0.16,1.0666,335,0.17,1.1333,2,0.165,1.1,1050,0
SPY190712C301,2019-07-11,2019-07-11 09:35:57,0.16,1.0666,3,0.15,1.0,3953,0.17,1.1333,2,0.155,1.0333,1050,0
SPY190712C301,2019-07-11,2019-07-11 09:35:58,0.17,1.1333,2600,0.16,1.0666,305,0.17,1.1333,2,0.165,1.1,1050,0
SPY190712C301,2019-07-11,2019-07-11 09:35:58,0.17,1.1333,2450,0.16,1.0666,305,0.17,1.1333,2,0.165,1.1,1050,0
SPY190712C301,2019-07-11,2019-07-11 09:35:59,0.17,1.1333,2600,0.16,1.0666,305,0.17,1.1333,2,0.165,1.1,1050,0
SPY190712C301,2019-07-11,2019-07-11 09:36:00,0.17,1.1333,3867,0.16,1.0666,34,0.16,1.0666,2,0.165,1.1,1074,0
SPY190712C301,2019-07-11,2019-07-11 09:36:00,0.17,1.1333,3837,0.16,1.0666,305,0.16,1.0666,2,0.165,1.1,1074,24
SPY190712C301,2019-07-11,2019-07-11 09:36:01,0.17,1.1333,3867,0.16,1.0666,117,0.16,1.0666,2,0.165,1.1,1074,0
SPY190712C301,2019-07-11,2019-07-11 09:36:01,0.17,1.1333,3867,0.16,1.0666,52,0.16,1.0666,2,0.165,1.1,1074,0
SPY190712C301,2019-07-11,2019-07-11 09:36:02,0.17,1.1333,2855,0.16,1.0666,117,0.16,1.0666,2,0.165,1.1,1074,0
SPY190712C301,2019-07-11,2019-07-11 09:36:03,0.17,1.1333,2864,0.16,1.0666,117,0.16,1.0666,2,0.165,1.1,1074,0
SPY190712C301,2019-07-11,2019-07-11 09:36:03,0.17,1.1333,3866,0.16,1.0666,136,0.16,1.0666,2,0.165,1.1,1074,0
SPY190712C301,2019-07-11,2019-07-11 09:36:04,0.17,1.1333,4017,0.16,1.0666,117,0.16,1.0666,2,0.165,1.1,1074,0
SPY190712C301,2019-07-11,2019-07-11 09:36:04,0.17,1.1333,4017,0.16,1.0666,136,0.16,1.0666,2,0.165,1.1,1074,0
SPY190712C301,2019-07-11,2019-07-11 09:36:05,0.17,1.1333,3815,0.16,1.0666,129,0.16,1.0666,2,0.165,1.1,1074,0
SPY190712C301,2019-07-11,2019-07-11 09:36:06,0.17,1.1333,3780,0.16,1.0666,129,0.16,1.0666,2,0.165,1.1,1074,0
SPY190712C301,2019-07-11,2019-07-11 09:36:06,0.17,1.1333,3338,0.16,1.0666,1,0.16,1.0666,2,0.165,1.1,1074,0
SPY190712C301,2019-07-11,2019-07-11 09:36:07,0.17,1.1333,3005,0.16,1.0666,34,0.16,1.0666,2,0.165,1.1,1074,0
SPY190712C301,2019-07-11,2019-07-11 09:36:07,0.17,1.1333,3313,0.16,1.0666,1,0.16,1.0666,2,0.165,1.1,1074,0
SPY190712C301,2019-07-11,2019-07-11 09:36:08,0.17,1.1333,3713,0.16,1.0666,1,0.16,1.0666,2,0.165,1.1,1074,0
SPY190712C301,2019-07-11,2019-07-11 09:36:09,0.17,1.1333,3161,0.16,1.0666,141,0.16,1.0666,2,0.165,1.1,1074,0
SPY190712C301,2019-07-11,2019-07-11 09:36:09,0.17,1.1333,3713,0.16,1.0666,1,0.16,1.0666,2,0.165,1.1,1074,0
SPY190712C301,2019-07-11,2019-07-11 09:36:10,0.17,1.1333,3067,0.16,1.0666,141,0.16,1.0666,2,0.165,1.1,1074,0
SPY190712C301,2019-07-11,2019-07-11 09:36:10,0.17,1.1333,3165,0.16,1.0666,141,0.16,1.0666,2,0.165,1.1,1074,0
SPY190712C301,2019-07-11,2019-07-11 09:36:11,0.17,1.1333,1806,0.16,1.0666,1130,0.16,1.0666,2,0.165,1.1,1074,0
SPY190712C301,2019-07-11,2019-07-11 09:36:12,0.17,1.1333,1458,0.16,1.0666,1709,0.16,1.0666,2,0.165,1.1,1074,0
SPY190712C301,2019-07-11,2019-07-11 09:36:12,0.17,1.1333,1108,0.16,1.0666,3661,0.16,1.0666,2,0.165,1.1,1074,0
SPY190712C301,2019-07-11,2019-07-11 09:36:13,0.17,1.1333,110,0.16,1.0666,2099,0.17,1.1333,5,0.165,1.1,1085,11
SPY190712C301,2019-07-11,2019-07-11 09:36:13,0.17,1.1333,261,0.16,1.0666,1897,0.16,1.0666,2,0.165,1.1,1074,0
SPY190712C301,2019-07-11,2019-07-11 09:36:14,0.17,1.1333,305,0.16,1.0666,1847,0.17,1.1333,5,0.165,1.1,1085,0
SPY190712C301,2019-07-11,2019-07-11 09:36:14,0.17,1.1333,193,0.17,1.1333,117,0.17,1.1333,5,0.17,1.1333,1085,0
SPY190712C301,2019-07-11,2019-07-11 09:36:15,0.18,1.2,2950,0.17,1.1333,265,0.17,1.1333,5,0.175,1.1666,1085,0
SPY190712C301,2019-07-11,2019-07-11 09:36:16,0.17,1.1333,185,0.16,1.0666,2467,0.17,1.1333,5,0.165,1.1,1085,0
SPY190712C301,2019-07-11,2019-07-11 09:36:16,0.18,1.2,3392,0.16,1.0666,2181,0.17,1.1333,5,0.17,1.1333,1085,0
SPY190712C301,2019-07-11,2019-07-11 09:36:17,0.17,1.1333,110,0.16,1.0666,2281,0.17,1.1333,5,0.165,1.1,1085,0
SPY190712C301,2019-07-11,2019-07-11 09:36:17,0.17,1.1333,185,0.16,1.0666,2281,0.17,1.1333,5,0.165,1.1,1085,0
SPY190712C301,2019-07-11,2019-07-11 09:36:18,0.17,1.1333,335,0.16,1.0666,2134,0.17,1.1333,5,0.165,1.1,1085,0
SPY190712C301,2019-07-11,2019-07-11 09:36:18,0.17,1.1333,103,0.16,1.0666,2052,0.17,1.1333,5,0.165,1.1,1085,0
SPY190712C301,2019-07-11,2019-07-11 09:36:19,0.17,1.1333,744,0.16,1.0666,2166,0.17,1.1333,5,0.165,1.1,1085,0
SPY190712C301,2019-07-11,2019-07-11 09:36:19,0.17,1.1333,744,0.16,1.0666,2111,0.17,1.1333,5,0.165,1.1,1085,0
SPY190712C301,2019-07-11,2019-07-11 09:36:20,0.17,1.1333,744,0.16,1.0666,2364,0.17,1.1333,5,0.165,1.1,1085,0
SPY190712C301,2019-07-11,2019-07-11 09:36:21,0.17,1.1333,744,0.16,1.0666,2364,0.17,1.1333,5,0.165,1.1,1085,0
SPY190712C301,2019-07-11,2019-07-11 09:36:22,0.17,1.1333,1324,0.16,1.0666,2310,0.16,1.0666,3,0.165,1.1,1088,3
SPY190712C301,2019-07-11,2019-07-11 09:36:22,0.17,1.1333,1324,0.16,1.0666,2310,0.17,1.1333,5,0.165,1.1,1085,0
SPY190712C301,2019-07-11,2019-07-11 09:36:23,0.17,1.1333,1324,0.16,1.0666,2310,0.16,1.0666,3,0.165,1.1,1088,0
SPY190712C301,2019-07-11,2019-07-11 09:36:24,0.17,1.1333,1168,0.16,1.0666,3462,0.17,1.1333,70,0.165,1.1,1158,70
SPY190712C301,2019-07-11,2019-07-11 09:36:24,0.17,1.1333,1170,0.16,1.0666,3462,0.17,1.1333,70,0.165,1.1,1158,0
SPY190712C301,2019-07-11,2019-07-11 09:36:25,0.17,1.1333,1170,0.16,1.0666,2384,0.17,1.1333,2,0.165,1.1,1160,2
SPY190712C301,2019-07-11,2019-07-11 09:36:25,0.17,1.1333,1170,0.16,1.0666,3462,0.17,1.1333,70,0.165,1.1,1158,0
SPY190712C301,2019-07-11,2019-07-11 09:36:26,0.17,1.1333,1170,0.16,1.0666,3098,0.17,1.1333,1,0.165,1.1,1161,1
SPY190712C301,2019-07-11,2019-07-11 09:36:27,0.17,1.1333,1170,0.16,1.0666,3570,0.17,1.1333,1,0.165,1.1,1161,0
SPY190712C301,2019-07-11,2019-07-11 09:36:27,0.17,1.1333,1170,0.16,1.0666,3502,0.17,1.1333,1,0.165,1.1,1161,0
SPY190712C301,2019-07-11,2019-07-11 09:36:28,0.17,1.1333,861,0.16,1.0666,1215,0.17,1.1333,1,0.165,1.1,1161,0
SPY190712C301,2019-07-11,2019-07-11 09:36:29,0.17,1.1333,1212,0.16,1.0666,3111,0.17,1.1333,1,0.165,1.1,1161,0
SPY190712C301,2019-07-11,2019-07-11 09:36:29,0.17,1.1333,1212,0.16,1.0666,3127,0.17,1.1333,1,0.165,1.1,1161,0
SPY190712C301,2019-07-11,2019-07-11 09:36:30,0.17,1.1333,1586,0.16,1.0666,2498,0.17,1.1333,1,0.165,1.1,1161,0
SPY190712C301,2019-07-11,2019-07-11 09:36:31,0.17,1.1333,1062,0.16,1.0666,1320,0.17,1.1333,1,0.165,1.1,1161,0
SPY190712C301,2019-07-11,2019-07-11 09:36:32,0.17,1.1333,1170,0.16,1.0666,3464,0.16,1.0666,2,0.165,1.1,1163,0
SPY190712C301,2019-07-11,2019-07-11 09:36:32,0.17,1.1333,876,0.16,1.0666,2455,0.16,1.0666,2,0.165,1.1,1163,2
SPY190712C301,2019-07-11,2019-07-11 09:36:33,0.17,1.1333,1170,0.16,1.0666,2425,0.16,1.0666,2,0.165,1.1,1163,0
SPY190712C301,2019-07-11,2019-07-11 09:36:33,0.17,1.1333,1170,0.16,1.0666,4459,0.17,1.1333,2,0.165,1.1,1165,2
SPY190712C301,2019-07-11,2019-07-11 09:36:34,0.17,1.1333,1170,0.16,1.0666,4459,0.17,1.1333,2,0.165,1.1,1165,0
SPY190712C301,2019-07-11,2019-07-11 09:36:34,0.17,1.1333,1170,0.16,1.0666,3126,0.17,1.1333,2,0.165,1.1,1165,0
SPY190712C301,2019-07-11,2019-07-11 09:36:35,0.17,1.1333,1170,0.16,1.0666,3124,0.17,1.1333,2,0.165,1.1,1165,0
SPY190712C301,2019-07-11,2019-07-11 09:36:36,0.17,1.1333,1170,0.16,1.0666,4432,0.17,1.1333,2,0.165,1.1,1165,0
SPY190712C301,2019-07-11,2019-07-11 09:36:37,0.17,1.1333,1170,0.16,1.0666,4432,0.17,1.1333,2,0.165,1.1,1165,0
SPY190712C301,2019-07-11,2019-07-11 09:36:38,0.17,1.1333,306,0.16,1.0666,2510,0.17,1.1333,2,0.165,1.1,1165,0
SPY190712C301,2019-07-11,2019-07-11 09:36:38,0.17,1.1333,588,0.16,1.0666,4416,0.17,1.1333,2,0.165,1.1,1165,0
SPY190712C301,2019-07-11,2019-07-11 09:36:39,0.17,1.1333,588,0.16,1.0666,3188,0.17,1.1333,2,0.165,1.1,1165,0
SPY190712C301,2019-07-11,2019-07-11 09:36:40,0.17,1.1333,523,0.16,1.0666,3085,0.17,1.1333,2,0.165,1.1,1165,0
SPY190712C301,2019-07-11,2019-07-11 09:36:40,0.17,1.1333,523,0.16,1.0666,3213,0.17,1.1333,2,0.165,1.1,1165,0
SPY190712C301,2019-07-11,2019-07-11 09:36:41,0.17,1.1333,415,0.16,1.0666,3213,0.17,1.1333,2,0.165,1.1,1165,0
SPY190712C301,2019-07-11,2019-07-11 09:36:41,0.17,1.1333,415,0.16,1.0666,4407,0.17,1.1333,2,0.165,1.1,1165,0
SPY190712C301,2019-07-11,2019-07-11 09:36:42,0.17,1.1333,494,0.16,1.0666,4407,0.17,1.1333,2,0.165,1.1,1165,0
SPY190712C301,2019-07-11,2019-07-11 09:36:43,0.17,1.1333,494,0.16,1.0666,4407,0.17,1.1333,1,0.165,1.1,1166,1
SPY190712C301,2019-07-11,2019-07-11 09:36:44,0.17,1.1333,494,0.16,1.0666,3752,0.17,1.1333,6,0.165,1.1,1176,10
SPY190712C301,2019-07-11,2019-07-11 09:36:44,0.17,1.1333,494,0.16,1.0666,4601,0.17,1.1333,6,0.165,1.1,1176,0
SPY190712C301,2019-07-11,2019-07-11 09:36:45,0.17,1.1333,494,0.16,1.0666,4601,0.17,1.1333,6,0.165,1.1,1176,0
SPY190712C301,2019-07-11,2019-07-11 09:36:45,0.17,1.1333,148,0.16,1.0666,4601,0.17,1.1333,6,0.165,1.1,1176,0
SPY190712C301,2019-07-11,2019-07-11 09:36:46,0.17,1.1333,656,0.16,1.0666,3961,0.17,1.1333,6,0.165,1.1,1176,0
SPY190712C301,2019-07-11,2019-07-11 09:36:47,0.17,1.1333,305,0.16,1.0666,3335,0.17,1.1333,6,0.165,1.1,1176,0
SPY190712C301,2019-07-11,2019-07-11 09:36:47,0.17,1.1333,93,0.16,1.0666,3873,0.17,1.1333,6,0.165,1.1,1176,0
SPY190712C301,2019-07-11,2019-07-11 09:36:48,0.17,1.1333,485,0.16,1.0666,4700,0.17,1.1333,6,0.165,1.1,1176,0
SPY190712C301,2019-07-11,2019-07-11 09:36:48,0.17,1.1333,781,0.16,1.0666,3435,0.17,1.1333,6,0.165,1.1,1176,0
SPY190712C301,2019-07-11,2019-07-11 09:36:49,0.17,1.1333,485,0.16,1.0666,4540,0.17,1.1333,6,0.165,1.1,1176,0
SPY190712C301,2019-07-11,2019-07-11 09:36:50,0.17,1.1333,348,0.16,1.0666,1974,0.17,1.1333,6,0.165,1.1,1176,0
SPY190712C301,2019-07-11,2019-07-11 09:36:50,0.17,1.1333,380,0.16,1.0666,1279,0.17,1.1333,6,0.165,1.1,1176,0
SPY190712C301,2019-07-11,2019-07-11 09:36:51,0.17,1.1333,708,0.16,1.0666,1650,0.17,1.1333,6,0.165,1.1,1176,0
SPY190712C301,2019-07-11,2019-07-11 09:36:51,0.17,1.1333,545,0.16,1.0666,1650,0.17,1.1333,3,0.165,1.1,1180,4
SPY190712C301,2019-07-11,2019-07-11 09:36:52,0.17,1.1333,924,0.16,1.0666,1482,0.17,1.1333,3,0.165,1.1,1180,0
SPY190712C301,2019-07-11,2019-07-11 09:36:53,0.17,1.1333,1591,0.16,1.0666,1378,0.17,1.1333,3,0.165,1.1,1180,0
SPY190712C301,2019-07-11,2019-07-11 09:36:54,0.17,1.1333,1102,0.16,1.0666,1896,0.17,1.1333,3,0.165,1.1,1180,0
SPY190712C301,2019-07-11,2019-07-11 09:36:55,0.17,1.1333,1374,0.16,1.0666,1377,0.16,1.0666,1,0.165,1.1,1181,0
SPY190712C301,2019-07-11,2019-07-11 09:36:55,0.17,1.1333,905,0.16,1.0666,1141,0.16,1.0666,1,0.165,1.1,1181,1
SPY190712C301,2019-07-11,2019-07-11 09:36:56,0.17,1.1333,2556,0.16,1.0666,1377,0.16,1.0666,1,0.165,1.1,1181,0
SPY190712C301,2019-07-11,2019-07-11 09:36:56,0.17,1.1333,2556,0.16,1.0666,2439,0.16,1.0666,1,0.165,1.1,1181,0
SPY190712C301,2019-07-11,2019-07-11 09:36:57,0.17,1.1333,2373,0.16,1.0666,2439,0.16,1.0666,1,0.165,1.1,1181,0
SPY190712C301,2019-07-11,2019-07-11 09:36:58,0.17,1.1333,2554,0.16,1.0666,2751,0.16,1.0666,1,0.165,1.1,1181,0
SPY190712C301,2019-07-11,2019-07-11 09:36:58,0.17,1.1333,1930,0.16,1.0666,2420,0.16,1.0666,1,0.165,1.1,1181,0
SPY190712C301,2019-07-11,2019-07-11 09:36:59,0.17,1.1333,2554,0.16,1.0666,2751,0.16,1.0666,1,0.165,1.1,1181,0
SPY190712C301,2019-07-11,2019-07-11 09:37:00,0.17,1.1333,2373,0.16,1.0666,2816,0.16,1.0666,1,0.165,1.1,1181,0
SPY190712C301,2019-07-11,2019-07-11 09:37:01,0.17,1.1333,2373,0.16,1.0666,2816,0.16,1.0666,1,0.165,1.1,1181,0
SPY190712C301,2019-07-11,2019-07-11 09:37:02,0.17,1.1333,2373,0.16,1.0666,2816,0.16,1.0666,1,0.165,1.1,1181,0
SPY190712C301,2019-07-11,2019-07-11 09:37:03,0.17,1.1333,2373,0.16,1.0666,2816,0.16,1.0666,1,0.165,1.1,1181,0
SPY190712C301,2019-07-11,2019-07-11 09:37:04,0.17,1.1333,2373,0.16,1.0666,2816,0.16,1.0666,1,0.165,1.1,1181,0
SPY190712C301,2019-07-11,2019-07-11 09:37:05,0.17,1.1333,2373,0.16,1.0666,2816,0.16,1.0666,1,0.165,1.1,1181,0
SPY190712C301,2019-07-11,2019-07-11 09:37:06,0.17,1.1333,1824,0.16,1.0666,877,0.16,1.0666,1,0.165,1.1,1181,0
SPY190712C301,2019-07-11,2019-07-11 09:37:06,0.17,1.1333,2244,0.16,1.0666,877,0.16,1.0666,1,0.165,1.1,1181,0
SPY190712C301,2019-07-11,2019-07-11 09:37:07,0.17,1.1333,2244,0.16,1.0666,590,0.16,1.0666,1,0.165,1.1,1181,0
SPY190712C301,2019-07-11,2019-07-11 09:37:07,0.17,1.1333,2244,0.16,1.0666,780,0.16,1.0666,1,0.165,1.1,1181,0
SPY190712C301,2019-07-11,2019-07-11 09:37:08,0.17,1.1333,2244,0.16,1.0666,1240,0.16,1.0666,800,0.165,1.1,1981,800
SPY190712C301,2019-07-11,2019-07-11 09:37:08,0.17,1.1333,2552,0.16,1.0666,113,0.16,1.0666,800,0.165,1.1,1981,0
SPY190712C301,2019-07-11,2019-07-11 09:37:09,0.17,1.1333,2766,0.16,1.0666,372,0.16,1.0666,800,0.165,1.1,1981,0
SPY190712C301,2019-07-11,2019-07-11 09:37:10,0.17,1.1333,2588,0.16,1.0666,1278,0.16,1.0666,800,0.165,1.1,1981,0
SPY190712C301,2019-07-11,2019-07-11 09:37:11,0.17,1.1333,1210,0.16,1.0666,1347,0.16,1.0666,800,0.165,1.1,1981,0
SPY190712C301,2019-07-11,2019-07-11 09:37:11,0.17,1.1333,2516,0.16,1.0666,1676,0.16,1.0666,800,0.165,1.1,1981,0
SPY190712C301,2019-07-11,2019-07-11 09:37:12,0.17,1.1333,2009,0.16,1.0666,595,0.16,1.0666,800,0.165,1.1,1981,0
SPY190712C301,2019-07-11,2019-07-11 09:37:13,0.17,1.1333,1980,0.16,1.0666,1365,0.16,1.0666,800,0.165,1.1,1981,0
SPY190712C301,2019-07-11,2019-07-11 09:37:13,0.17,1.1333,914,0.16,1.0666,1365,0.16,1.0666,800,0.165,1.1,1981,0
SPY190712C301,2019-07-11,2019-07-11 09:37:14,0.17,1.1333,2400,0.16,1.0666,1624,0.17,1.1333,46,0.165,1.1,2027,0
SPY190712C301,2019-07-11,2019-07-11 09:37:14,0.17,1.1333,2400,0.16,1.0666,1624,0.17,1.1333,46,0.165,1.1,2027,46
SPY190712C301,2019-07-11,2019-07-11 09:37:15,0.17,1.1333,1488,0.16,1.0666,1126,0.17,1.1333,46,0.165,1.1,2027,0
SPY190712C301,2019-07-11,2019-07-11 09:37:16,0.17,1.1333,2390,0.16,1.0666,1126,0.17,1.1333,46,0.165,1.1,2027,0
SPY190712C301,2019-07-11,2019-07-11 09:37:16,0.17,1.1333,2188,0.16,1.0666,1126,0.17,1.1333,46,0.165,1.1,2027,0
SPY190712C301,2019-07-11,2019-07-11 09:37:17,0.17,1.1333,1324,0.16,1.0666,2883,0.17,1.1333,46,0.165,1.1,2027,0
SPY190712C301,2019-07-11,2019-07-11 09:37:18,0.17,1.1333,1901,0.16,1.0666,1633,0.17,1.1333,46,0.165,1.1,2027,0
SPY190712C301,2019-07-11,2019-07-11 09:37:18,0.17,1.1333,1324,0.16,1.0666,2249,0.17,1.1333,46,0.165,1.1,2027,0
SPY190712C301,2019-07-11,2019-07-11 09:37:19,0.17,1.1333,571,0.16,1.0666,2166,0.17,1.1333,46,0.165,1.1,2027,0
SPY190712C301,2019-07-11,2019-07-11 09:37:20,0.17,1.1333,571,0.16,1.0666,4609,0.17,1.1333,46,0.165,1.1,2027,0
SPY190712C301,2019-07-11,2019-07-11 09:37:20,0.17,1.1333,571,0.16,1.0666,3981,0.17,1.1333,46,0.165,1.1,2027,0
SPY190712C301,2019-07-11,2019-07-11 09:37:21,0.17,1.1333,110,0.16,1.0666,3436,0.17,1.1333,46,0.165,1.1,2027,0
SPY190712C301,2019-07-11,2019-07-11 09:37:21,0.17,1.1333,110,0.16,1.0666,4590,0.17,1.1333,46,0.165,1.1,2027,0
SPY190712C301,2019-07-11,2019-07-11 09:37:22,0.17,1.1333,110,0.16,1.0666,3436,0.17,1.1333,46,0.165,1.1,2027,0
SPY190712C301,2019-07-11,2019-07-11 09:37:23,0.17,1.1333,1,0.16,1.0666,3665,0.17,1.1333,46,0.165,1.1,2027,0
SPY190712C301,2019-07-11,2019-07-11 09:37:23,0.17,1.1333,1,0.16,1.0666,3436,0.17,1.1333,46,0.165,1.1,2027,0
SPY190712C301,2019-07-11,2019-07-11 09:37:24,0.17,1.1333,110,0.16,1.0666,4583,0.17,1.1333,46,0.165,1.1,2027,0
SPY190712C301,2019-07-11,2019-07-11 09:37:25,0.17,1.1333,1,0.16,1.0666,4914,0.17,1.1333,46,0.165,1.1,2027,0
SPY190712C301,2019-07-11,2019-07-11 09:37:26,0.17,1.1333,1,0.16,1.0666,4914,0.17,1.1333,46,0.165,1.1,2027,0
SPY190712C301,2019-07-11,2019-07-11 09:37:26,0.17,1.1333,1,0.16,1.0666,3452,0.17,1.1333,46,0.165,1.1,2027,0
SPY190712C301,2019-07-11,2019-07-11 09:37:27,0.17,1.1333,110,0.16,1.0666,4664,0.17,1.1333,46,0.165,1.1,2027,0
SPY190712C301,2019-07-11,2019-07-11 09:37:28,0.17,1.1333,110,0.16,1.0666,3360,0.17,1.1333,46,0.165,1.1,2027,0
SPY190712C301,2019-07-11,2019-07-11 09:37:29,0.17,1.1333,109,0.16,1.0666,3360,0.17,1.1333,46,0.165,1.1,2027,0
SPY190712C301,2019-07-11,2019-07-11 09:37:29,0.17,1.1333,93,0.16,1.0666,3360,0.17,1.1333,45,0.165,1.1,2073,46
SPY190712C301,2019-07-11,2019-07-11 09:37:30,0.17,1.1333,93,0.16,1.0666,4631,0.17,1.1333,45,0.165,1.1,2073,0
SPY190712C301,2019-07-11,2019-07-11 09:37:31,0.17,1.1333,84,0.16,1.0666,4631,0.17,1.1333,9,0.165,1.1,2083,10
SPY190712C301,2019-07-11,2019-07-11 09:37:31,0.17,1.1333,93,0.16,1.0666,4631,0.17,1.1333,45,0.165,1.1,2073,0
SPY190712C301,2019-07-11,2019-07-11 09:37:32,0.17,1.1333,324,0.17,1.1333,69,0.17,1.1333,9,0.17,1.1333,2083,0
SPY190712C301,2019-07-11,2019-07-11 09:37:32,0.17,1.1333,50,0.17,1.1333,69,0.17,1.1333,9,0.17,1.1333,2083,0
SPY190712C301,2019-07-11,2019-07-11 09:37:33,0.17,1.1333,401,0.16,1.0666,4089,0.17,1.1333,9,0.165,1.1,2083,0
SPY190712C301,2019-07-11,2019-07-11 09:37:34,0.17,1.1333,64,0.16,1.0666,4089,0.17,1.1333,9,0.165,1.1,2083,0
SPY190712C301,2019-07-11,2019-07-11 09:37:34,0.18,1.2,1718,0.17,1.1333,873,0.17,1.1333,9,0.175,1.1666,2083,0
SPY190712C301,2019-07-11,2019-07-11 09:37:35,0.18,1.2,2261,0.17,1.1333,296,0.17,1.1333,9,0.175,1.1666,2083,0
SPY190712C301,2019-07-11,2019-07-11 09:37:36,0.18,1.2,2960,0.17,1.1333,296,0.17,1.1333,9,0.175,1.1666,2083,0
SPY190712C301,2019-07-11,2019-07-11 09:37:37,0.18,1.2,2288,0.17,1.1333,181,0.17,1.1333,9,0.175,1.1666,2083,0
SPY190712C301,2019-07-11,2019-07-11 09:37:38,0.17,1.1333,348,0.16,1.0666,1916,0.17,1.1333,9,0.165,1.1,2083,0
SPY190712C301,2019-07-11,2019-07-11 09:37:38,0.18,1.2,3376,0.17,1.1333,105,0.17,1.1333,9,0.175,1.1666,2083,0
SPY190712C301,2019-07-11,2019-07-11 09:37:39,0.17,1.1333,241,0.16,1.0666,4145,0.17,1.1333,9,0.165,1.1,2083,0
SPY190712C301,2019-07-11,2019-07-11 09:37:39,0.17,1.1333,241,0.16,1.0666,4204,0.17,1.1333,9,0.165,1.1,2083,0
SPY190712C301,2019-07-11,2019-07-11 09:37:40,0.17,1.1333,475,0.16,1.0666,4273,0.17,1.1333,9,0.165,1.1,2083,0
SPY190712C301,2019-07-11,2019-07-11 09:37:41,0.18,1.2,2766,0.17,1.1333,341,0.17,1.1333,9,0.175,1.1666,2083,0
SPY190712C301,2019-07-11,2019-07-11 09:37:41,0.18,1.2,2766,0.16,1.0666,4357,0.17,1.1333,9,0.17,1.1333,2083,0
SPY190712C301,2019-07-11,2019-07-11 09:37:42,0.18,1.2,2764,0.17,1.1333,1579,0.17,1.1333,9,0.175,1.1666,2083,0
SPY190712C301,2019-07-11,2019-07-11 09:37:43,0.18,1.2,2764,0.17,1.1333,1579,0.17,1.1333,9,0.175,1.1666,2083,0
SPY190712C301,2019-07-11,2019-07-11 09:37:43,0.18,1.2,2891,0.17,1.1333,1579,0.17,1.1333,9,0.175,1.1666,2083,0
SPY190712C301,2019-07-11,2019-07-11 09:37:44,0.18,1.2,2764,0.17,1.1333,1995,0.17,1.1333,9,0.175,1.1666,2083,0
SPY190712C301,2019-07-11,2019-07-11 09:37:44,0.18,1.2,2764,0.17,1.1333,1579,0.17,1.1333,9,0.175,1.1666,2083,0
SPY190712C301,2019-07-11,2019-07-11 09:37:45,0.18,1.2,3698,0.17,1.1333,890,0.17,1.1333,9,0.175,1.1666,2083,0
SPY190712C301,2019-07-11,2019-07-11 09:37:45,0.18,1.2,2891,0.17,1.1333,1113,0.17,1.1333,9,0.175,1.1666,2083,0
SPY190712C301,2019-07-11,2019-07-11 09:37:46,0.18,1.2,3899,0.17,1.1333,93,0.17,1.1333,9,0.175,1.1666,2083,0
SPY190712C301,2019-07-11,2019-07-11 09:37:47,0.18,1.2,3899,0.17,1.1333,93,0.17,1.1333,9,0.175,1.1666,2083,0
SPY190712C301,2019-07-11,2019-07-11 09:37:48,0.18,1.2,3913,0.17,1.1333,143,0.17,1.1333,9,0.175,1.1666,2083,0
SPY190712C301,2019-07-11,2019-07-11 09:37:48,0.18,1.2,3910,0.17,1.1333,143,0.17,1.1333,9,0.175,1.1666,2083,0
SPY190712C301,2019-07-11,2019-07-11 09:37:49,0.18,1.2,3745,0.17,1.1333,143,0.17,1.1333,9,0.175,1.1666,2083,0
SPY190712C301,2019-07-11,2019-07-11 09:37:50,0.18,1.2,2706,0.17,1.1333,245,0.17,1.1333,9,0.175,1.1666,2083,0
SPY190712C301,2019-07-11,2019-07-11 09:37:50,0.18,1.2,3745,0.17,1.1333,119,0.17,1.1333,9,0.175,1.1666,2083,0
SPY190712C301,2019-07-11,2019-07-11 09:37:51,0.18,1.2,2706,0.17,1.1333,245,0.17,1.1333,9,0.175,1.1666,2083,0
SPY190712C301,2019-07-11,2019-07-11 09:37:51,0.18,1.2,3714,0.17,1.1333,235,0.17,1.1333,9,0.175,1.1666,2083,0
SPY190712C301,2019-07-11,2019-07-11 09:37:52,0.18,1.2,2576,0.17,1.1333,695,0.17,1.1333,9,0.175,1.1666,2083,0
SPY190712C301,2019-07-11,2019-07-11 09:37:53,0.18,1.2,3706,0.17,1.1333,261,0.17,1.1333,9,0.175,1.1666,2083,0
SPY190712C301,2019-07-11,2019-07-11 09:37:53,0.18,1.2,2806,0.17,1.1333,329,0.17,1.1333,9,0.175,1.1666,2083,0
SPY190712C301,2019-07-11,2019-07-11 09:37:54,0.18,1.2,2873,0.17,1.1333,577,0.17,1.1333,9,0.175,1.1666,2083,0
SPY190712C301,2019-07-11,2019-07-11 09:37:54,0.18,1.2,2325,0.17,1.1333,149,0.17,1.1333,9,0.175,1.1666,2083,0
SPY190712C301,2019-07-11,2019-07-11 09:37:55,0.18,1.2,2953,0.17,1.1333,937,0.17,1.1333,9,0.175,1.1666,2083,0
SPY190712C301,2019-07-11,2019-07-11 09:37:56,0.18,1.2,2321,0.17,1.1333,128,0.17,1.1333,9,0.175,1.1666,2083,0
SPY190712C301,2019-07-11,2019-07-11 09:37:56,0.18,1.2,3038,0.16,1.0666,2145,0.17,1.1333,9,0.17,1.1333,2083,0
SPY190712C301,2019-07-11,2019-07-11 09:37:57,0.17,1.1333,695,0.16,1.0666,2184,0.17,1.1333,30,0.165,1.1,2118,35
SPY190712C301,2019-07-11,2019-07-11 09:37:57,0.17,1.1333,817,0.16,1.0666,2166,0.17,1.1333,30,0.165,1.1,2118,0
SPY190712C301,2019-07-11,2019-07-11 09:37:58,0.17,1.1333,1786,0.16,1.0666,3037,0.17,1.1333,30,0.165,1.1,2118,0
SPY190712C301,2019-07-11,2019-07-11 09:37:58,0.17,1.1333,2476,0.16,1.0666,2147,0.17,1.1333,30,0.165,1.1,2118,0
SPY190712C301,2019-07-11,2019-07-11 09:37:59,0.17,1.1333,2476,0.16,1.0666,2210,0.17,1.1333,30,0.165,1.1,2118,0
SPY190712C301,2019-07-11,2019-07-11 09:38:00,0.17,1.1333,608,0.16,1.0666,3063,0.17,1.1333,30,0.165,1.1,2118,0
SPY190712C301,2019-07-11,2019-07-11 09:38:01,0.17,1.1333,876,0.16,1.0666,3767,0.17,1.1333,30,0.165,1.1,2118,0
SPY190712C301,2019-07-11,2019-07-11 09:38:02,0.17,1.1333,876,0.16,1.0666,3032,0.17,1.1333,30,0.165,1.1,2118,0
SPY190712C301,2019-07-11,2019-07-11 09:38:02,0.17,1.1333,1168,0.16,1.0666,4135,0.17,1.1333,30,0.165,1.1,2118,0
SPY190712C301,2019-07-11,2019-07-11 09:38:03,0.17,1.1333,876,0.16,1.0666,3032,0.17,1.1333,30,0.165,1.1,2118,0
SPY190712C301,2019-07-11,2019-07-11 09:38:03,0.17,1.1333,876,0.16,1.0666,3171,0.17,1.1333,30,0.165,1.1,2118,0
SPY190712C301,2019-07-11,2019-07-11 09:38:04,0.17,1.1333,80,0.16,1.0666,3374,0.17,1.1333,30,0.165,1.1,2118,0
SPY190712C301,2019-07-11,2019-07-11 09:38:04,0.17,1.1333,80,0.16,1.0666,3406,0.17,1.1333,30,0.165,1.1,2118,0
SPY190712C301,2019-07-11,2019-07-11 09:38:05,0.17,1.1333,295,0.16,1.0666,3240,0.17,1.1333,30,0.165,1.1,2118,0
SPY190712C301,2019-07-11,2019-07-11 09:38:06,0.17,1.1333,406,0.16,1.0666,3272,0.17,1.1333,30,0.165,1.1,2118,0
SPY190712C301,2019-07-11,2019-07-11 09:38:06,0.17,1.1333,362,0.16,1.0666,3240,0.17,1.1333,30,0.165,1.1,2118,0
SPY190712C301,2019-07-11,2019-07-11 09:38:07,0.17,1.1333,93,0.16,1.0666,3377,0.17,1.1333,30,0.165,1.1,2118,0
SPY190712C301,2019-07-11,2019-07-11 09:38:08,0.17,1.1333,1,0.16,1.0666,3615,0.17,1.1333,1,0.165,1.1,2119,1
SPY190712C301,2019-07-11,2019-07-11 09:38:08,0.17,1.1333,93,0.16,1.0666,3377,0.17,1.1333,30,0.165,1.1,2118,0
SPY190712C301,2019-07-11,2019-07-11 09:38:09,0.18,1.2,1647,0.17,1.1333,1483,0.17,1.1333,1,0.175,1.1666,2120,1
SPY190712C301,2019-07-11,2019-07-11 09:38:10,0.18,1.2,1957,0.17,1.1333,1832,0.17,1.1333,1,0.175,1.1666,2120,0
SPY190712C301,2019-07-11,2019-07-11 09:38:10,0.18,1.2,1297,0.17,1.1333,1961,0.17,1.1333,1,0.175,1.1666,2120,0
SPY190712C301,2019-07-11,2019-07-11 09:38:11,0.18,1.2,1297,0.17,1.1333,1832,0.17,1.1333,1,0.175,1.1666,2120,0
SPY190712C301,2019-07-11,2019-07-11 09:38:12,0.18,1.2,403,0.17,1.1333,1857,0.17,1.1333,1,0.175,1.1666,2120,0
SPY190712C301,2019-07-11,2019-07-11 09:38:13,0.18,1.2,323,0.17,1.1333,4204,0.17,1.1333,1,0.175,1.1666,2120,0
SPY190712C301,2019-07-11,2019-07-11 09:38:13,0.18,1.2,333,0.17,1.1333,4187,0.17,1.1333,1,0.175,1.1666,2120,0
SPY190712C301,2019-07-11,2019-07-11 09:38:14,0.18,1.2,2,0.17,1.1333,3661,0.17,1.1333,1,0.175,1.1666,2120,0
SPY190712C301,2019-07-11,2019-07-11 09:38:15,0.18,1.2,2,0.17,1.1333,3559,0.17,1.1333,1,0.175,1.1666,2120,0
SPY190712C301,2019-07-11,2019-07-11 09:38:16,0.19,1.2666,1224,0.18,1.2,1212,0.18,1.2,12,0.185,1.2333,2147,27
SPY190712C301,2019-07-11,2019-07-11 09:38:16,0.18,1.2,2,0.17,1.1333,4829,0.17,1.1333,1,0.175,1.1666,2120,0
SPY190712C301,2019-07-11,2019-07-11 09:38:17,0.19,1.2666,1046,0.18,1.2,1212,0.18,1.2,12,0.185,1.2333,2147,0
SPY190712C301,2019-07-11,2019-07-11 09:38:18,0.19,1.2666,2302,0.18,1.2,1043,0.18,1.2,12,0.185,1.2333,2147,0
SPY190712C301,2019-07-11,2019-07-11 09:38:18,0.19,1.2666,1643,0.18,1.2,960,0.18,1.2,12,0.185,1.2333,2147,0
SPY190712C301,2019-07-11,2019-07-11 09:38:19,0.19,1.2666,600,0.18,1.2,2047,0.18,1.2,12,0.185,1.2333,2147,0
SPY190712C301,2019-07-11,2019-07-11 09:38:19,0.19,1.2666,886,0.18,1.2,2219,0.18,1.2,12,0.185,1.2333,2147,0
SPY190712C301,2019-07-11,2019-07-11 09:38:20,0.19,1.2666,1133,0.18,1.2,2993,0.18,1.2,12,0.185,1.2333,2147,0
SPY190712C301,2019-07-11,2019-07-11 09:38:20,0.19,1.2666,671,0.18,1.2,2004,0.18,1.2,12,0.185,1.2333,2147,0
SPY190712C301,2019-07-11,2019-07-11 09:38:21,0.19,1.2666,1571,0.18,1.2,2942,0.18,1.2,12,0.185,1.2333,2147,0
SPY190712C301,2019-07-11,2019-07-11 09:38:22,0.19,1.2666,1821,0.18,1.2,2942,0.18,1.2,12,0.185,1.2333,2147,0
SPY190712C301,2019-07-11,2019-07-11 09:38:23,0.19,1.2666,1563,0.18,1.2,1856,0.18,1.2,12,0.185,1.2333,2147,0
SPY190712C301,2019-07-11,2019-07-11 09:38:23,0.19,1.2666,2080,0.18,1.2,1922,0.18,1.2,12,0.185,1.2333,2147,0
SPY190712C301,2019-07-11,2019-07-11 09:38:24,0.19,1.2666,2080,0.18,1.2,2088,0.18,1.2,12,0.185,1.2333,2147,0
SPY190712C301,2019-07-11,2019-07-11 09:38:25,0.19,1.2666,2392,0.18,1.2,2088,0.18,1.2,12,0.185,1.2333,2147,0
SPY190712C301,2019-07-11,2019-07-11 09:38:25,0.19,1.2666,2595,0.18,1.2,626,0.18,1.2,12,0.185,1.2333,2147,0
SPY190712C301,2019-07-11,2019-07-11 09:38:26,0.19,1.2666,2595,0.18,1.2,414,0.18,1.2,12,0.185,1.2333,2147,0
SPY190712C301,2019-07-11,2019-07-11 09:38:27,0.19,1.2666,1356,0.18,1.2,305,0.18,1.2,12,0.185,1.2333,2147,0
SPY190712C301,2019-07-11,2019-07-11 09:38:27,0.19,1.2666,3186,0.18,1.2,414,0.18,1.2,12,0.185,1.2333,2147,0
SPY190712C301,2019-07-11,2019-07-11 09:38:28,0.19,1.2666,2708,0.18,1.2,141,0.18,1.2,12,0.185,1.2333,2147,0
SPY190712C301,2019-07-11,2019-07-11 09:38:28,0.19,1.2666,2530,0.18,1.2,54,0.18,1.2,12,0.185,1.2333,2147,0
SPY190712C301,2019-07-11,2019-07-11 09:38:29,0.19,1.2666,2708,0.18,1.2,121,0.18,1.2,12,0.185,1.2333,2147,0
SPY190712C301,2019-07-11,2019-07-11 09:38:30,0.19,1.2666,2708,0.18,1.2,132,0.18,1.2,12,0.185,1.2333,2147,0
SPY190712C301,2019-07-11,2019-07-11 09:38:30,0.19,1.2666,2708,0.18,1.2,121,0.18,1.2,12,0.185,1.2333,2147,0
SPY190712C301,2019-07-11,2019-07-11 09:38:31,0.19,1.2666,3096,0.18,1.2,193,0.18,1.2,12,0.185,1.2333,2147,0
SPY190712C301,2019-07-11,2019-07-11 09:38:31,0.19,1.2666,2698,0.17,1.1333,1941,0.19,1.2666,3,0.18,1.2,2150,3
SPY190712C301,2019-07-11,2019-07-11 09:38:32,0.18,1.2,120,0.17,1.1333,4591,0.19,1.2666,3,0.175,1.1666,2150,0
SPY190712C301,2019-07-11,2019-07-11 09:38:32,0.19,1.2666,2908,0.17,1.1333,2989,0.19,1.2666,3,0.18,1.2,2150,0
SPY190712C301,2019-07-11,2019-07-11 09:38:33,0.18,1.2,120,0.17,1.1333,4607,0.19,1.2666,3,0.175,1.1666,2150,0
SPY190712C301,2019-07-11,2019-07-11 09:38:34,0.18,1.2,125,0.17,1.1333,4776,0.19,1.2666,3,0.175,1.1666,2150,0
SPY190712C301,2019-07-11,2019-07-11 09:38:35,0.18,1.2,125,0.17,1.1333,4828,0.19,1.2666,3,0.175,1.1666,2150,0
SPY190712C301,2019-07-11,2019-07-11 09:38:36,0.18,1.2,105,0.17,1.1333,4759,0.19,1.2666,3,0.175,1.1666,2150,0
SPY190712C301,2019-07-11,2019-07-11 09:38:37,0.18,1.2,105,0.17,1.1333,4725,0.19,1.2666,3,0.175,1.1666,2150,0
SPY190712C301,2019-07-11,2019-07-11 09:38:37,0.18,1.2,105,0.17,1.1333,3969,0.19,1.2666,3,0.175,1.1666,2150,0
SPY190712C301,2019-07-11,2019-07-11 09:38:38,0.18,1.2,105,0.17,1.1333,3969,0.19,1.2666,3,0.175,1.1666,2150,0
SPY190712C301,2019-07-11,2019-07-11 09:38:38,0.18,1.2,105,0.17,1.1333,2688,0.19,1.2666,3,0.175,1.1666,2150,0
SPY190712C301,2019-07-11,2019-07-11 09:38:39,0.18,1.2,105,0.17,1.1333,3568,0.19,1.2666,3,0.175,1.1666,2150,0
SPY190712C301,2019-07-11,2019-07-11 09:38:40,0.18,1.2,105,0.17,1.1333,3409,0.19,1.2666,3,0.175,1.1666,2150,0
SPY190712C301,2019-07-11,2019-07-11 09:38:41,0.18,1.2,105,0.17,1.1333,4056,0.19,1.2666,3,0.175,1.1666,2150,0
SPY190712C301,2019-07-11,2019-07-11 09:38:42,0.18,1.2,125,0.17,1.1333,3579,0.19,1.2666,3,0.175,1.1666,2150,0
SPY190712C301,2019-07-11,2019-07-11 09:38:42,0.18,1.2,5,0.17,1.1333,4056,0.19,1.2666,3,0.175,1.1666,2150,0
SPY190712C301,2019-07-11,2019-07-11 09:38:43,0.18,1.2,125,0.17,1.1333,3595,0.19,1.2666,3,0.175,1.1666,2150,0
SPY190712C301,2019-07-11,2019-07-11 09:38:44,0.18,1.2,124,0.17,1.1333,2472,0.18,1.2,1,0.175,1.1666,2151,0
SPY190712C301,2019-07-11,2019-07-11 09:38:44,0.18,1.2,124,0.17,1.1333,3618,0.18,1.2,1,0.175,1.1666,2151,1
SPY190712C301,2019-07-11,2019-07-11 09:38:45,0.18,1.2,124,0.17,1.1333,2472,0.18,1.2,1,0.175,1.1666,2151,0
SPY190712C301,2019-07-11,2019-07-11 09:38:45,0.18,1.2,124,0.17,1.1333,3115,0.18,1.2,1,0.175,1.1666,2151,0
SPY190712C301,2019-07-11,2019-07-11 09:38:46,0.18,1.2,124,0.17,1.1333,3691,0.18,1.2,1,0.175,1.1666,2151,0
SPY190712C301,2019-07-11,2019-07-11 09:38:46,0.18,1.2,124,0.17,1.1333,4334,0.18,1.2,1,0.175,1.1666,2151,0
SPY190712C301,2019-07-11,2019-07-11 09:38:47,0.18,1.2,124,0.17,1.1333,3691,0.18,1.2,1,0.175,1.1666,2151,0
SPY190712C301,2019-07-11,2019-07-11 09:38:48,0.18,1.2,124,0.17,1.1333,2462,0.18,1.2,1,0.175,1.1666,2151,0
SPY190712C301,2019-07-11,2019-07-11 09:38:48,0.18,1.2,124,0.17,1.1333,3691,0.18,1.2,1,0.175,1.1666,2151,0
SPY190712C301,2019-07-11,2019-07-11 09:38:49,0.18,1.2,8,0.17,1.1333,3358,0.18,1.2,1,0.175,1.1666,2151,0
SPY190712C301,2019-07-11,2019-07-11 09:38:49,0.18,1.2,58,0.17,1.1333,3358,0.18,1.2,1,0.175,1.1666,2151,0
SPY190712C301,2019-07-11,2019-07-11 09:38:50,0.18,1.2,8,0.17,1.1333,3133,0.18,1.2,1,0.175,1.1666,2151,0
SPY190712C301,2019-07-11,2019-07-11 09:38:51,0.18,1.2,125,0.17,1.1333,2444,0.18,1.2,1,0.175,1.1666,2151,0
SPY190712C301,2019-07-11,2019-07-11 09:38:51,0.18,1.2,245,0.17,1.1333,3735,0.18,1.2,1,0.175,1.1666,2151,0
SPY190712C301,2019-07-11,2019-07-11 09:38:52,0.18,1.2,463,0.17,1.1333,3735,0.18,1.2,1,0.175,1.1666,2151,0
SPY190712C301,2019-07-11,2019-07-11 09:38:52,0.18,1.2,463,0.17,1.1333,3789,0.18,1.2,1,0.175,1.1666,2151,0
SPY190712C301,2019-07-11,2019-07-11 09:38:53,0.18,1.2,463,0.17,1.1333,3508,0.18,1.2,1,0.175,1.1666,2151,0
SPY190712C301,2019-07-11,2019-07-11 09:38:54,0.18,1.2,463,0.17,1.1333,3508,0.18,1.2,1,0.175,1.1666,2151,0
SPY190712C301,2019-07-11,2019-07-11 09:38:55,0.18,1.2,463,0.17,1.1333,3508,0.18,1.2,1,0.175,1.1666,2151,0
SPY190712C301,2019-07-11,2019-07-11 09:38:55,0.18,1.2,970,0.17,1.1333,3508,0.18,1.2,1,0.175,1.1666,2151,0
SPY190712C301,2019-07-11,2019-07-11 09:38:56,0.18,1.2,2092,0.17,1.1333,2302,0.18,1.2,1,0.175,1.1666,2151,0
SPY190712C301,2019-07-11,2019-07-11 09:38:56,0.18,1.2,1730,0.17,1.1333,2302,0.18,1.2,1,0.175,1.1666,2151,0
SPY190712C301,2019-07-11,2019-07-11 09:38:57,0.18,1.2,1480,0.17,1.1333,2286,0.18,1.2,1,0.175,1.1666,2151,0
SPY190712C301,2019-07-11,2019-07-11 09:38:57,0.18,1.2,1142,0.17,1.1333,2388,0.18,1.2,1,0.175,1.1666,2151,0
SPY190712C301,2019-07-11,2019-07-11 09:38:58,0.18,1.2,2643,0.17,1.1333,2286,0.18,1.2,1,0.175,1.1666,2151,0
SPY190712C301,2019-07-11,2019-07-11 09:38:58,0.18,1.2,2782,0.17,1.1333,1265,0.18,1.2,1,0.175,1.1666,2151,0
SPY190712C301,2019-07-11,2019-07-11 09:38:59,0.18,1.2,2782,0.16,1.0666,3056,0.18,1.2,1,0.17,1.1333,2151,0
SPY190712C301,2019-07-11,2019-07-11 09:39:00,0.17,1.1333,247,0.16,1.0666,1897,0.18,1.2,1,0.165,1.1,2151,0
SPY190712C301,2019-07-11,2019-07-11 09:39:00,0.17,1.1333,247,0.16,1.0666,3526,0.18,1.2,1,0.165,1.1,2151,0
SPY190712C301,2019-07-11,2019-07-11 09:39:01,0.17,1.1333,1455,0.16,1.0666,2342,0.18,1.2,1,0.165,1.1,2151,0
SPY190712C301,2019-07-11,2019-07-11 09:39:02,0.17,1.1333,1554,0.16,1.0666,2280,0.18,1.2,1,0.165,1.1,2151,0
SPY190712C301,2019-07-11,2019-07-11 09:39:02,0.17,1.1333,1377,0.16,1.0666,2582,0.18,1.2,1,0.165,1.1,2151,0
SPY190712C301,2019-07-11,2019-07-11 09:39:03,0.17,1.1333,1377,0.16,1.0666,2582,0.18,1.2,1,0.165,1.1,2151,0
SPY190712C301,2019-07-11,2019-07-11 09:39:04,0.17,1.1333,1194,0.16,1.0666,1114,0.17,1.1333,100,0.165,1.1,2251,100
SPY190712C301,2019-07-11,2019-07-11 09:39:05,0.17,1.1333,234,0.16,1.0666,3327,0.17,1.1333,100,0.165,1.1,2251,0
SPY190712C301,2019-07-11,2019-07-11 09:39:05,0.17,1.1333,304,0.16,1.0666,3203,0.17,1.1333,100,0.165,1.1,2251,0
SPY190712C301,2019-07-11,2019-07-11 09:39:06,0.18,1.2,1870,0.17,1.1333,1289,0.17,1.1333,100,0.175,1.1666,2251,0
SPY190712C301,2019-07-11,2019-07-11 09:39:06,0.18,1.2,2879,0.17,1.1333,762,0.17,1.1333,100,0.175,1.1666,2251,0
SPY190712C301,2019-07-11,2019-07-11 09:39:07,0.17,1.1333,305,0.16,1.0666,3352,0.17,1.1333,100,0.165,1.1,2251,0
SPY190712C301,2019-07-11,2019-07-11 09:39:08,0.17,1.1333,864,0.16,1.0666,2261,0.17,1.1333,100,0.165,1.1,2251,0
SPY190712C301,2019-07-11,2019-07-11 09:39:08,0.17,1.1333,1171,0.16,1.0666,1976,0.17,1.1333,100,0.165,1.1,2251,0
SPY190712C301,2019-07-11,2019-07-11 09:39:09,0.17,1.1333,861,0.16,1.0666,1461,0.16,1.0666,359,0.165,1.1,4961,2710
SPY190712C301,2019-07-11,2019-07-11 09:39:09,0.17,1.1333,1148,0.16,1.0666,1982,0.17,1.1333,100,0.165,1.1,2251,0
SPY190712C301,2019-07-11,2019-07-11 09:39:10,0.17,1.1333,462,0.16,1.0666,1106,0.16,1.0666,359,0.165,1.1,4961,0
SPY190712C301,2019-07-11,2019-07-11 09:39:11,0.17,1.1333,425,0.16,1.0666,2659,0.16,1.0666,359,0.165,1.1,4961,0
SPY190712C301,2019-07-11,2019-07-11 09:39:11,0.17,1.1333,425,0.16,1.0666,1996,0.16,1.0666,359,0.165,1.1,4961,0
SPY190712C301,2019-07-11,2019-07-11 09:39:12,0.17,1.1333,1699,0.16,1.0666,2230,0.18,1.2,2,0.165,1.1,4963,2
SPY190712C301,2019-07-11,2019-07-11 09:39:13,0.17,1.1333,1127,0.16,1.0666,1701,0.18,1.2,2,0.165,1.1,4963,0
SPY190712C301,2019-07-11,2019-07-11 09:39:14,0.17,1.1333,1359,0.16,1.0666,2805,0.18,1.2,2,0.165,1.1,4963,0
SPY190712C301,2019-07-11,2019-07-11 09:39:14,0.17,1.1333,1359,0.16,1.0666,1819,0.18,1.2,2,0.165,1.1,4963,0
SPY190712C301,2019-07-11,2019-07-11 09:39:15,0.17,1.1333,1581,0.16,1.0666,1819,0.18,1.2,2,0.165,1.1,4963,0
SPY190712C301,2019-07-11,2019-07-11 09:39:16,0.17,1.1333,1581,0.16,1.0666,2547,0.18,1.2,2,0.165,1.1,4963,0
SPY190712C301,2019-07-11,2019-07-11 09:39:17,0.17,1.1333,1581,0.16,1.0666,2656,0.18,1.2,2,0.165,1.1,4963,0
SPY190712C301,2019-07-11,2019-07-11 09:39:17,0.17,1.1333,656,0.16,1.0666,2366,0.18,1.2,2,0.165,1.1,4963,0
SPY190712C301,2019-07-11,2019-07-11 09:39:18,0.17,1.1333,1549,0.16,1.0666,2644,0.18,1.2,2,0.165,1.1,4963,0
SPY190712C301,2019-07-11,2019-07-11 09:39:19,0.17,1.1333,765,0.16,1.0666,1377,0.18,1.2,2,0.165,1.1,4963,0
SPY190712C301,2019-07-11,2019-07-11 09:39:19,0.17,1.1333,886,0.16,1.0666,2597,0.18,1.2,2,0.165,1.1,4963,0
SPY190712C301,2019-07-11,2019-07-11 09:39:20,0.17,1.1333,1187,0.16,1.0666,1238,0.18,1.2,2,0.165,1.1,4963,0
SPY190712C301,2019-07-11,2019-07-11 09:39:21,0.17,1.1333,1581,0.16,1.0666,2485,0.18,1.2,2,0.165,1.1,4963,0
SPY190712C301,2019-07-11,2019-07-11 09:39:21,0.17,1.1333,1581,0.16,1.0666,2795,0.18,1.2,2,0.165,1.1,4963,0
SPY190712C301,2019-07-11,2019-07-11 09:39:22,0.17,1.1333,1581,0.16,1.0666,2941,0.18,1.2,2,0.165,1.1,4963,0
SPY190712C301,2019-07-11,2019-07-11 09:39:23,0.17,1.1333,1581,0.16,1.0666,2025,0.18,1.2,2,0.165,1.1,4963,0
SPY190712C301,2019-07-11,2019-07-11 09:39:24,0.17,1.1333,1320,0.16,1.0666,2740,0.18,1.2,2,0.165,1.1,4963,0
SPY190712C301,2019-07-11,2019-07-11 09:39:24,0.17,1.1333,1384,0.16,1.0666,2446,0.18,1.2,2,0.165,1.1,4963,0
SPY190712C301,2019-07-11,2019-07-11 09:39:25,0.17,1.1333,1570,0.16,1.0666,1944,0.18,1.2,2,0.165,1.1,4963,0
SPY190712C301,2019-07-11,2019-07-11 09:39:26,0.17,1.1333,1870,0.16,1.0666,1250,0.18,1.2,2,0.165,1.1,4963,0
SPY190712C301,2019-07-11,2019-07-11 09:39:26,0.17,1.1333,1870,0.16,1.0666,766,0.18,1.2,2,0.165,1.1,4963,0
SPY190712C301,2019-07-11,2019-07-11 09:39:27,0.17,1.1333,1870,0.16,1.0666,1606,0.18,1.2,2,0.165,1.1,4963,0
SPY190712C301,2019-07-11,2019-07-11 09:39:27,0.17,1.1333,1370,0.16,1.0666,1790,0.17,1.1333,1,0.165,1.1,4964,1
SPY190712C301,2019-07-11,2019-07-11 09:39:28,0.17,1.1333,1470,0.16,1.0666,1882,0.17,1.1333,1,0.165,1.1,4964,0
SPY190712C301,2019-07-11,2019-07-11 09:39:29,0.17,1.1333,2370,0.16,1.0666,2401,0.17,1.1333,1,0.165,1.1,4964,0
SPY190712C301,2019-07-11,2019-07-11 09:39:29,0.17,1.1333,2370,0.16,1.0666,2576,0.17,1.1333,1,0.165,1.1,4964,0
SPY190712C301,2019-07-11,2019-07-11 09:39:30,0.17,1.1333,2577,0.16,1.0666,2576,0.17,1.1333,1,0.165,1.1,4964,0
SPY190712C301,2019-07-11,2019-07-11 09:39:31,0.17,1.1333,2577,0.16,1.0666,2524,0.17,1.1333,1,0.165,1.1,4964,0
SPY190712C301,2019-07-11,2019-07-11 09:39:31,0.17,1.1333,2577,0.16,1.0666,2488,0.17,1.1333,1,0.165,1.1,4964,0
SPY190712C301,2019-07-11,2019-07-11 09:39:32,0.17,1.1333,876,0.16,1.0666,1051,0.17,1.1333,1,0.165,1.1,4964,0
SPY190712C301,2019-07-11,2019-07-11 09:39:33,0.17,1.1333,2773,0.16,1.0666,1877,0.17,1.1333,1,0.165,1.1,4964,0
SPY190712C301,2019-07-11,2019-07-11 09:39:34,0.17,1.1333,2793,0.16,1.0666,2166,0.17,1.1333,1,0.165,1.1,4964,0
SPY190712C301,2019-07-11,2019-07-11 09:39:35,0.17,1.1333,2406,0.16,1.0666,1273,0.17,1.1333,1,0.165,1.1,4964,0
SPY190712C301,2019-07-11,2019-07-11 09:39:35,0.17,1.1333,2960,0.16,1.0666,1086,0.17,1.1333,1,0.165,1.1,4964,0
SPY190712C301,2019-07-11,2019-07-11 09:39:36,0.17,1.1333,2766,0.16,1.0666,971,0.17,1.1333,1,0.165,1.1,4964,0
SPY190712C301,2019-07-11,2019-07-11 09:39:37,0.17,1.1333,2350,0.16,1.0666,1164,0.17,1.1333,1,0.165,1.1,4964,0
SPY190712C301,2019-07-11,2019-07-11 09:39:38,0.17,1.1333,2066,0.16,1.0666,1510,0.17,1.1333,1,0.165,1.1,4964,0
SPY190712C301,2019-07-11,2019-07-11 09:39:39,0.17,1.1333,1570,0.16,1.0666,1804,0.17,1.1333,1,0.165,1.1,4964,0
SPY190712C301,2019-07-11,2019-07-11 09:39:39,0.17,1.1333,1569,0.16,1.0666,2938,0.17,1.1333,1,0.165,1.1,4964,0
SPY190712C301,2019-07-11,2019-07-11 09:39:40,0.17,1.1333,590,0.16,1.0666,1756,0.17,1.1333,1,0.165,1.1,4965,1
SPY190712C301,2019-07-11,2019-07-11 09:39:40,0.17,1.1333,585,0.16,1.0666,4437,0.17,1.1333,1,0.165,1.1,4965,0
SPY190712C301,2019-07-11,2019-07-11 09:39:41,0.17,1.1333,585,0.16,1.0666,4495,0.17,1.1333,1,0.165,1.1,4965,0
SPY190712C301,2019-07-11,2019-07-11 09:39:41,0.17,1.1333,585,0.16,1.0666,4567,0.17,1.1333,1,0.165,1.1,4965,0
SPY190712C301,2019-07-11,2019-07-11 09:39:42,0.17,1.1333,575,0.16,1.0666,4305,0.17,1.1333,1,0.165,1.1,4965,0
SPY190712C301,2019-07-11,2019-07-11 09:39:43,0.17,1.1333,305,0.16,1.0666,3471,0.17,1.1333,1,0.165,1.1,4965,0
SPY190712C301,2019-07-11,2019-07-11 09:39:44,0.17,1.1333,348,0.16,1.0666,3950,0.17,1.1333,1,0.165,1.1,4965,0
SPY190712C301,2019-07-11,2019-07-11 09:39:44,0.17,1.1333,348,0.16,1.0666,3133,0.17,1.1333,1,0.165,1.1,4965,0
SPY190712C301,2019-07-11,2019-07-11 09:39:45,0.17,1.1333,348,0.16,1.0666,3950,0.17,1.1333,1,0.165,1.1,4965,0
SPY190712C301,2019-07-11,2019-07-11 09:39:46,0.17,1.1333,348,0.16,1.0666,4016,0.17,1.1333,1,0.165,1.1,4965,0
SPY190712C301,2019-07-11,2019-07-11 09:39:46,0.17,1.1333,348,0.16,1.0666,3950,0.17,1.1333,1,0.165,1.1,4965,0
SPY190712C301,2019-07-11,2019-07-11 09:39:47,0.17,1.1333,348,0.16,1.0666,4016,0.17,1.1333,1,0.165,1.1,4965,0
SPY190712C301,2019-07-11,2019-07-11 09:39:48,0.17,1.1333,348,0.16,1.0666,3933,0.17,1.1333,1,0.165,1.1,4965,0
SPY190712C301,2019-07-11,2019-07-11 09:39:49,0.17,1.1333,347,0.16,1.0666,4667,0.17,1.1333,1,0.165,1.1,4965,0
SPY190712C301,2019-07-11,2019-07-11 09:39:49,0.17,1.1333,347,0.16,1.0666,4667,0.17,1.1333,1,0.165,1.1,4966,1
SPY190712C301,2019-07-11,2019-07-11 09:39:50,0.17,1.1333,347,0.16,1.0666,4667,0.17,1.1333,1,0.165,1.1,4966,0
SPY190712C301,2019-07-11,2019-07-11 09:39:50,0.17,1.1333,347,0.16,1.0666,3897,0.17,1.1333,1,0.165,1.1,4966,0
SPY190712C301,2019-07-11,2019-07-11 09:39:51,0.17,1.1333,347,0.16,1.0666,3902,0.17,1.1333,1,0.165,1.1,4966,0
SPY190712C301,2019-07-11,2019-07-11 09:39:51,0.17,1.1333,347,0.16,1.0666,4317,0.17,1.1333,1,0.165,1.1,4966,0
SPY190712C301,2019-07-11,2019-07-11 09:39:52,0.17,1.1333,347,0.16,1.0666,4408,0.17,1.1333,1,0.165,1.1,4966,0
SPY190712C301,2019-07-11,2019-07-11 09:39:53,0.17,1.1333,347,0.16,1.0666,4810,0.17,1.1333,1,0.165,1.1,4966,0
SPY190712C301,2019-07-11,2019-07-11 09:39:54,0.17,1.1333,93,0.16,1.0666,4589,0.17,1.1333,1,0.165,1.1,4966,0
SPY190712C301,2019-07-11,2019-07-11 09:39:54,0.17,1.1333,235,0.16,1.0666,4588,0.17,1.1333,1,0.165,1.1,4966,0
SPY190712C301,2019-07-11,2019-07-11 09:39:55,0.18,1.2,2292,0.17,1.1333,689,0.17,1.1333,1,0.175,1.1666,4966,0
SPY190712C301,2019-07-11,2019-07-11 09:39:55,0.18,1.2,3113,0.17,1.1333,689,0.17,1.1333,1,0.175,1.1666,4966,0
SPY190712C301,2019-07-11,2019-07-11 09:39:56,0.18,1.2,2206,0.17,1.1333,689,0.17,1.1333,1,0.175,1.1666,4966,0
SPY190712C301,2019-07-11,2019-07-11 09:39:57,0.18,1.2,2462,0.17,1.1333,668,0.17,1.1333,1,0.175,1.1666,4966,0
SPY190712C301,2019-07-11,2019-07-11 09:39:57,0.18,1.2,3095,0.17,1.1333,668,0.17,1.1333,1,0.175,1.1666,4966,0
SPY190712C301,2019-07-11,2019-07-11 09:39:58,0.18,1.2,2005,0.17,1.1333,38,0.18,1.2,1,0.175,1.1666,4967,0
SPY190712C301,2019-07-11,2019-07-11 09:39:58,0.18,1.2,3095,0.17,1.1333,662,0.18,1.2,1,0.175,1.1666,4967,1
SPY190712C301,2019-07-11,2019-07-11 09:39:59,0.18,1.2,2990,0.17,1.1333,2,0.18,1.2,1,0.175,1.1666,4967,0
SPY190712C301,2019-07-11,2019-07-11 09:40:00,0.18,1.2,2515,0.17,1.1333,2,0.18,1.2,1,0.175,1.1666,4967,0
SPY190712C301,2019-07-11,2019-07-11 09:40:01,0.18,1.2,2629,0.17,1.1333,685,0.18,1.2,1,0.175,1.1666,4967,0
SPY190712C301,2019-07-11,2019-07-11 09:40:02,0.18,1.2,2962,0.17,1.1333,84,0.18,1.2,1,0.175,1.1666,4967,0
SPY190712C301,2019-07-11,2019-07-11 09:40:03,0.17,1.1333,5,0.17,1.1333,84,0.16,1.0666,1,0.17,1.1333,4968,1
SPY190712C301,2019-07-11,2019-07-11 09:40:03,0.17,1.1333,5,0.17,1.1333,65,0.16,1.0666,1,0.17,1.1333,4968,0
SPY190712C301,2019-07-11,2019-07-11 09:40:04,0.18,1.2,3169,0.17,1.1333,84,0.16,1.0666,1,0.175,1.1666,4968,0
SPY190712C301,2019-07-11,2019-07-11 09:40:04,0.18,1.2,2708,0.17,1.1333,55,0.16,1.0666,1,0.175,1.1666,4968,0
SPY190712C301,2019-07-11,2019-07-11 09:40:05,0.18,1.2,2281,0.17,1.1333,344,0.16,1.0666,1,0.175,1.1666,4968,0
SPY190712C301,2019-07-11,2019-07-11 09:40:06,0.18,1.2,2869,0.17,1.1333,351,0.16,1.0666,1,0.175,1.1666,4968,0
SPY190712C301,2019-07-11,2019-07-11 09:40:06,0.18,1.2,2229,0.17,1.1333,120,0.16,1.0666,1,0.175,1.1666,4968,0
SPY190712C301,2019-07-11,2019-07-11 09:40:07,0.17,1.1333,10,0.16,1.0666,4084,0.16,1.0666,1,0.165,1.1,4968,0
SPY190712C301,2019-07-11,2019-07-11 09:40:08,0.17,1.1333,10,0.16,1.0666,4084,0.16,1.0666,1,0.165,1.1,4968,0
SPY190712C301,2019-07-11,2019-07-11 09:40:08,0.17,1.1333,348,0.16,1.0666,4084,0.16,1.0666,1,0.165,1.1,4968,0
SPY190712C301,2019-07-11,2019-07-11 09:40:09,0.17,1.1333,1941,0.16,1.0666,2953,0.16,1.0666,1,0.165,1.1,4969,1
SPY190712C301,2019-07-11,2019-07-11 09:40:09,0.17,1.1333,104,0.16,1.0666,1727,0.16,1.0666,1,0.165,1.1,4968,0
SPY190712C301,2019-07-11,2019-07-11 09:40:10,0.17,1.1333,2015,0.16,1.0666,3062,0.16,1.0666,1,0.165,1.1,4969,0
SPY190712C301,2019-07-11,2019-07-11 09:40:10,0.17,1.1333,2281,0.16,1.0666,2953,0.16,1.0666,1,0.165,1.1,4969,0
SPY190712C301,2019-07-11,2019-07-11 09:40:11,0.17,1.1333,2015,0.16,1.0666,3062,0.16,1.0666,1,0.165,1.1,4969,0
SPY190712C301,2019-07-11,2019-07-11 09:40:12,0.17,1.1333,3136,0.16,1.0666,690,0.16,1.0666,1,0.165,1.1,4969,0
