symbol,Date,quote_time,ask_price,norm_ask_price,ask_size,bid_price,norm_bid_price,bid_size,last_trade_price,norm_last_trade_price,last_trade_size,mark_price,norm_mark_price,volume,Volume
IWM191004C148,2019-10-03,2019-10-02 09:20:05,0.69,1.2777,115,0.67,1.2407,20,0.76,1.4074,6,0.68,1.2592,3715,-6818
IWM191004C148,2019-10-03,2019-10-02 09:20:06,0.69,1.2777,27,0.67,1.2407,15,0.76,1.4074,6,0.68,1.2592,3715,0
IWM191004C148,2019-10-03,2019-10-02 09:20:06,0.68,1.2592,1,0.67,1.2407,26,0.76,1.4074,6,0.675,1.25,3715,0
IWM191004C148,2019-10-03,2019-10-02 09:20:07,0.69,1.2777,30,0.67,1.2407,231,0.76,1.4074,6,0.68,1.2592,3715,0
IWM191004C148,2019-10-03,2019-10-02 09:20:08,0.68,1.2592,64,0.66,1.2222,179,0.76,1.4074,6,0.67,1.2407,3715,0
IWM191004C148,2019-10-03,2019-10-02 09:20:09,0.68,1.2592,95,0.66,1.2222,49,0.76,1.4074,6,0.67,1.2407,3715,0
IWM191004C148,2019-10-03,2019-10-02 09:20:10,0.68,1.2592,26,0.66,1.2222,180,0.76,1.4074,6,0.67,1.2407,3715,0
IWM191004C148,2019-10-03,2019-10-02 09:20:10,0.68,1.2592,49,0.66,1.2222,98,0.76,1.4074,6,0.67,1.2407,3715,0
IWM191004C148,2019-10-03,2019-10-02 09:20:11,0.7,1.2962,39,0.67,1.2407,321,0.76,1.4074,6,0.685,1.2685,3715,0
IWM191004C148,2019-10-03,2019-10-02 09:20:12,0.71,1.3148,20,0.68,1.2592,261,0.76,1.4074,6,0.695,1.287,3715,0
IWM191004C148,2019-10-03,2019-10-02 09:20:12,0.71,1.3148,45,0.68,1.2592,166,0.76,1.4074,6,0.695,1.287,3715,0
IWM191004C148,2019-10-03,2019-10-02 09:20:13,0.71,1.3148,265,0.68,1.2592,107,0.76,1.4074,6,0.695,1.287,3715,0
IWM191004C148,2019-10-03,2019-10-02 09:20:13,0.7,1.2962,10,0.69,1.2777,112,0.76,1.4074,6,0.695,1.287,3715,0
IWM191004C148,2019-10-03,2019-10-02 09:20:14,0.7,1.2962,26,0.68,1.2592,150,0.76,1.4074,6,0.69,1.2777,3715,0
IWM191004C148,2019-10-03,2019-10-02 09:20:15,0.7,1.2962,26,0.68,1.2592,40,0.76,1.4074,6,0.69,1.2777,3715,0
IWM191004C148,2019-10-03,2019-10-02 09:20:15,0.7,1.2962,26,0.68,1.2592,162,0.76,1.4074,6,0.69,1.2777,3715,0
IWM191004C148,2019-10-03,2019-10-02 09:20:16,0.7,1.2962,43,0.68,1.2592,111,0.76,1.4074,6,0.69,1.2777,3715,0
IWM191004C148,2019-10-03,2019-10-02 09:20:17,0.7,1.2962,85,0.68,1.2592,57,0.76,1.4074,6,0.69,1.2777,3715,0
IWM191004C148,2019-10-03,2019-10-02 09:20:17,0.7,1.2962,45,0.68,1.2592,66,0.76,1.4074,6,0.69,1.2777,3715,0
IWM191004C148,2019-10-03,2019-10-02 09:20:18,0.7,1.2962,86,0.68,1.2592,111,0.76,1.4074,6,0.69,1.2777,3715,0
IWM191004C148,2019-10-03,2019-10-02 09:20:18,0.7,1.2962,86,0.68,1.2592,67,0.76,1.4074,6,0.69,1.2777,3715,0
IWM191004C148,2019-10-03,2019-10-02 09:20:19,0.7,1.2962,20,0.68,1.2592,157,0.76,1.4074,6,0.69,1.2777,3715,0
IWM191004C148,2019-10-03,2019-10-02 09:20:20,0.71,1.3148,89,0.69,1.2777,40,0.76,1.4074,6,0.7,1.2962,3715,0
IWM191004C148,2019-10-03,2019-10-02 09:20:20,0.71,1.3148,162,0.69,1.2777,45,0.76,1.4074,6,0.7,1.2962,3715,0
IWM191004C148,2019-10-03,2019-10-02 09:20:21,0.71,1.3148,208,0.69,1.2777,66,0.76,1.4074,6,0.7,1.2962,3715,0
IWM191004C148,2019-10-03,2019-10-02 09:20:22,0.71,1.3148,164,0.69,1.2777,144,0.76,1.4074,6,0.7,1.2962,3715,0
IWM191004C148,2019-10-03,2019-10-02 09:20:22,0.71,1.3148,55,0.69,1.2777,250,0.76,1.4074,6,0.7,1.2962,3715,0
IWM191004C148,2019-10-03,2019-10-02 09:20:23,0.71,1.3148,257,0.69,1.2777,39,0.76,1.4074,6,0.7,1.2962,3715,0
IWM191004C148,2019-10-03,2019-10-02 09:20:23,0.71,1.3148,321,0.69,1.2777,39,0.76,1.4074,6,0.7,1.2962,3715,0
IWM191004C148,2019-10-03,2019-10-02 09:20:24,0.71,1.3148,320,0.69,1.2777,39,0.76,1.4074,6,0.7,1.2962,3715,0
IWM191004C148,2019-10-03,2019-10-02 09:20:25,0.71,1.3148,320,0.69,1.2777,39,0.76,1.4074,6,0.7,1.2962,3715,0
IWM191004C148,2019-10-03,2019-10-02 09:20:26,0.7,1.2962,13,0.69,1.2777,26,0.76,1.4074,6,0.695,1.287,3715,0
IWM191004C148,2019-10-03,2019-10-02 09:20:27,0.7,1.2962,13,0.69,1.2777,22,0.76,1.4074,6,0.695,1.287,3715,0
IWM191004C148,2019-10-03,2019-10-02 09:20:27,0.7,1.2962,13,0.69,1.2777,10,0.76,1.4074,6,0.695,1.287,3715,0
IWM191004C148,2019-10-03,2019-10-02 09:20:28,0.69,1.2777,6,0.68,1.2592,141,0.76,1.4074,6,0.685,1.2685,3715,0
IWM191004C148,2019-10-03,2019-10-02 09:20:28,0.7,1.2962,30,0.68,1.2592,143,0.76,1.4074,6,0.69,1.2777,3715,0
IWM191004C148,2019-10-03,2019-10-02 09:20:29,0.69,1.2777,45,0.67,1.2407,108,0.76,1.4074,6,0.68,1.2592,3715,0
IWM191004C148,2019-10-03,2019-10-02 09:20:30,0.7,1.2962,152,0.67,1.2407,327,0.76,1.4074,6,0.685,1.2685,3715,0
IWM191004C148,2019-10-03,2019-10-02 09:20:30,0.69,1.2777,6,0.68,1.2592,34,0.76,1.4074,6,0.685,1.2685,3715,0
IWM191004C148,2019-10-03,2019-10-02 09:20:31,0.69,1.2777,6,0.67,1.2407,186,0.76,1.4074,6,0.68,1.2592,3715,0
IWM191004C148,2019-10-03,2019-10-02 09:20:32,0.7,1.2962,152,0.67,1.2407,235,0.76,1.4074,6,0.685,1.2685,3715,0
IWM191004C148,2019-10-03,2019-10-02 09:20:32,0.69,1.2777,10,0.68,1.2592,26,0.76,1.4074,6,0.685,1.2685,3715,0
IWM191004C148,2019-10-03,2019-10-02 09:20:33,0.7,1.2962,210,0.68,1.2592,49,0.76,1.4074,6,0.69,1.2777,3715,0
IWM191004C148,2019-10-03,2019-10-02 09:20:33,0.7,1.2962,152,0.67,1.2407,321,0.76,1.4074,6,0.685,1.2685,3715,0
IWM191004C148,2019-10-03,2019-10-02 09:20:34,0.7,1.2962,125,0.68,1.2592,21,0.68,1.2592,5,0.69,1.2777,3720,5
IWM191004C148,2019-10-03,2019-10-02 09:20:35,0.7,1.2962,176,0.68,1.2592,9,0.68,1.2592,5,0.69,1.2777,3720,0
IWM191004C148,2019-10-03,2019-10-02 09:20:35,0.7,1.2962,351,0.68,1.2592,45,0.68,1.2592,5,0.69,1.2777,3720,0
IWM191004C148,2019-10-03,2019-10-02 09:20:36,0.7,1.2962,164,0.68,1.2592,45,0.68,1.2592,5,0.69,1.2777,3720,0
IWM191004C148,2019-10-03,2019-10-02 09:20:37,0.7,1.2962,30,0.68,1.2592,180,0.68,1.2592,5,0.69,1.2777,3720,0
IWM191004C148,2019-10-03,2019-10-02 09:20:37,0.7,1.2962,38,0.68,1.2592,273,0.68,1.2592,5,0.69,1.2777,3720,0
IWM191004C148,2019-10-03,2019-10-02 09:20:38,0.7,1.2962,53,0.68,1.2592,180,0.68,1.2592,5,0.69,1.2777,3720,0
IWM191004C148,2019-10-03,2019-10-02 09:20:39,0.7,1.2962,152,0.68,1.2592,146,0.68,1.2592,5,0.69,1.2777,3720,0
IWM191004C148,2019-10-03,2019-10-02 09:20:39,0.7,1.2962,171,0.68,1.2592,122,0.68,1.2592,5,0.69,1.2777,3720,0
IWM191004C148,2019-10-03,2019-10-02 09:20:40,0.7,1.2962,81,0.68,1.2592,207,0.68,1.2592,5,0.69,1.2777,3720,0
IWM191004C148,2019-10-03,2019-10-02 09:20:40,0.7,1.2962,188,0.68,1.2592,87,0.68,1.2592,5,0.69,1.2777,3720,0
IWM191004C148,2019-10-03,2019-10-02 09:20:41,0.7,1.2962,167,0.68,1.2592,207,0.68,1.2592,5,0.69,1.2777,3720,0
IWM191004C148,2019-10-03,2019-10-02 09:20:42,0.7,1.2962,69,0.68,1.2592,207,0.68,1.2592,5,0.69,1.2777,3720,0
IWM191004C148,2019-10-03,2019-10-02 09:20:42,0.7,1.2962,79,0.68,1.2592,207,0.68,1.2592,5,0.69,1.2777,3720,0
IWM191004C148,2019-10-03,2019-10-02 09:20:43,0.7,1.2962,69,0.68,1.2592,201,0.68,1.2592,5,0.69,1.2777,3720,0
IWM191004C148,2019-10-03,2019-10-02 09:20:44,0.7,1.2962,89,0.68,1.2592,201,0.68,1.2592,5,0.69,1.2777,3720,0
IWM191004C148,2019-10-03,2019-10-02 09:20:44,0.7,1.2962,79,0.68,1.2592,201,0.68,1.2592,5,0.69,1.2777,3720,0
IWM191004C148,2019-10-03,2019-10-02 09:20:45,0.7,1.2962,69,0.68,1.2592,201,0.68,1.2592,5,0.69,1.2777,3720,0
IWM191004C148,2019-10-03,2019-10-02 09:20:45,0.7,1.2962,79,0.68,1.2592,201,0.68,1.2592,5,0.69,1.2777,3720,0
IWM191004C148,2019-10-03,2019-10-02 09:20:46,0.69,1.2777,13,0.68,1.2592,24,0.68,1.2592,5,0.685,1.2685,3720,0
IWM191004C148,2019-10-03,2019-10-02 09:20:47,0.7,1.2962,321,0.68,1.2592,27,0.68,1.2592,5,0.69,1.2777,3720,0
IWM191004C148,2019-10-03,2019-10-02 09:20:47,0.69,1.2777,13,0.68,1.2592,9,0.68,1.2592,5,0.685,1.2685,3720,0
IWM191004C148,2019-10-03,2019-10-02 09:20:48,0.7,1.2962,327,0.68,1.2592,37,0.68,1.2592,5,0.69,1.2777,3720,0
IWM191004C148,2019-10-03,2019-10-02 09:20:49,0.7,1.2962,34,0.68,1.2592,215,0.68,1.2592,5,0.69,1.2777,3720,0
IWM191004C148,2019-10-03,2019-10-02 09:20:49,0.7,1.2962,327,0.67,1.2407,364,0.68,1.2592,5,0.685,1.2685,3720,0
IWM191004C148,2019-10-03,2019-10-02 09:20:50,0.7,1.2962,20,0.68,1.2592,215,0.68,1.2592,5,0.69,1.2777,3720,0
IWM191004C148,2019-10-03,2019-10-02 09:20:51,0.69,1.2777,13,0.68,1.2592,91,0.68,1.2592,5,0.685,1.2685,3720,0
IWM191004C148,2019-10-03,2019-10-02 09:20:51,0.7,1.2962,52,0.68,1.2592,159,0.68,1.2592,5,0.69,1.2777,3720,0
IWM191004C148,2019-10-03,2019-10-02 09:20:52,0.7,1.2962,170,0.68,1.2592,86,0.68,1.2592,5,0.69,1.2777,3720,0
IWM191004C148,2019-10-03,2019-10-02 09:20:53,0.7,1.2962,304,0.67,1.2407,280,0.68,1.2592,5,0.685,1.2685,3720,0
IWM191004C148,2019-10-03,2019-10-02 09:20:53,0.7,1.2962,20,0.67,1.2407,280,0.68,1.2592,5,0.685,1.2685,3720,0
IWM191004C148,2019-10-03,2019-10-02 09:20:54,0.7,1.2962,304,0.67,1.2407,280,0.68,1.2592,5,0.685,1.2685,3720,0
IWM191004C148,2019-10-03,2019-10-02 09:20:54,0.7,1.2962,74,0.68,1.2592,97,0.68,1.2592,5,0.69,1.2777,3720,0
IWM191004C148,2019-10-03,2019-10-02 09:20:55,0.7,1.2962,166,0.68,1.2592,78,0.68,1.2592,5,0.69,1.2777,3720,0
IWM191004C148,2019-10-03,2019-10-02 09:20:56,0.7,1.2962,66,0.68,1.2592,187,0.68,1.2592,5,0.69,1.2777,3720,0
IWM191004C148,2019-10-03,2019-10-02 09:20:57,0.7,1.2962,168,0.68,1.2592,140,0.68,1.2592,5,0.69,1.2777,3720,0
IWM191004C148,2019-10-03,2019-10-02 09:20:58,0.7,1.2962,108,0.68,1.2592,200,0.68,1.2592,5,0.69,1.2777,3720,0
IWM191004C148,2019-10-03,2019-10-02 09:20:58,0.7,1.2962,287,0.68,1.2592,53,0.68,1.2592,5,0.69,1.2777,3720,0
IWM191004C148,2019-10-03,2019-10-02 09:20:59,0.7,1.2962,63,0.68,1.2592,90,0.68,1.2592,5,0.69,1.2777,3720,0
IWM191004C148,2019-10-03,2019-10-02 09:21:00,0.7,1.2962,48,0.68,1.2592,165,0.68,1.2592,5,0.69,1.2777,3720,0
IWM191004C148,2019-10-03,2019-10-02 09:21:00,0.7,1.2962,99,0.68,1.2592,95,0.68,1.2592,5,0.69,1.2777,3720,0
IWM191004C148,2019-10-03,2019-10-02 09:21:01,0.7,1.2962,48,0.69,1.2777,26,0.68,1.2592,5,0.695,1.287,3720,0
IWM191004C148,2019-10-03,2019-10-02 09:21:01,0.7,1.2962,20,0.68,1.2592,72,0.68,1.2592,5,0.69,1.2777,3720,0
IWM191004C148,2019-10-03,2019-10-02 09:21:02,0.7,1.2962,13,0.68,1.2592,155,0.68,1.2592,5,0.69,1.2777,3720,0
IWM191004C148,2019-10-03,2019-10-02 09:21:03,0.7,1.2962,13,0.68,1.2592,155,0.68,1.2592,5,0.69,1.2777,3720,0
IWM191004C148,2019-10-03,2019-10-02 09:21:03,0.7,1.2962,13,0.69,1.2777,26,0.68,1.2592,5,0.695,1.287,3720,0
IWM191004C148,2019-10-03,2019-10-02 09:21:04,0.7,1.2962,20,0.69,1.2777,20,0.68,1.2592,5,0.695,1.287,3720,0
IWM191004C148,2019-10-03,2019-10-02 09:21:05,0.7,1.2962,23,0.68,1.2592,169,0.68,1.2592,5,0.69,1.2777,3720,0
IWM191004C148,2019-10-03,2019-10-02 09:21:09,0.7,1.2962,44,0.69,1.2777,26,0.68,1.2592,5,0.695,1.287,3720,0
IWM191004C148,2019-10-03,2019-10-02 09:21:10,0.7,1.2962,20,0.69,1.2777,26,0.68,1.2592,5,0.695,1.287,3720,0
IWM191004C148,2019-10-03,2019-10-02 09:21:12,0.7,1.2962,20,0.69,1.2777,31,0.68,1.2592,5,0.695,1.287,3720,0
IWM191004C148,2019-10-03,2019-10-02 09:21:20,0.7,1.2962,248,0.68,1.2592,99,0.68,1.2592,5,0.69,1.2777,3720,0
IWM191004C148,2019-10-03,2019-10-02 09:21:27,0.7,1.2962,20,0.69,1.2777,26,0.68,1.2592,5,0.695,1.287,3720,0
IWM191004C148,2019-10-03,2019-10-02 09:21:28,0.7,1.2962,9,0.69,1.2777,26,0.68,1.2592,5,0.695,1.287,3720,0
IWM191004C148,2019-10-03,2019-10-02 09:21:31,0.7,1.2962,5,0.69,1.2777,168,0.68,1.2592,5,0.695,1.287,3720,0
IWM191004C148,2019-10-03,2019-10-02 09:21:37,0.7,1.2962,7,0.69,1.2777,23,0.68,1.2592,5,0.695,1.287,3720,0
IWM191004C148,2019-10-03,2019-10-02 09:21:54,0.7,1.2962,247,0.68,1.2592,94,0.68,1.2592,5,0.69,1.2777,3720,0
IWM191004C148,2019-10-03,2019-10-02 09:21:58,0.69,1.2777,10,0.67,1.2407,182,0.68,1.2592,5,0.68,1.2592,3720,0
IWM191004C148,2019-10-03,2019-10-02 09:22:04,0.7,1.2962,5,0.69,1.2777,103,0.68,1.2592,5,0.695,1.287,3720,0
IWM191004C148,2019-10-03,2019-10-02 09:22:12,0.71,1.3148,51,0.69,1.2777,310,0.68,1.2592,5,0.7,1.2962,3720,0
IWM191004C148,2019-10-03,2019-10-02 09:22:14,0.71,1.3148,28,0.7,1.2962,20,0.68,1.2592,5,0.705,1.3055,3720,0
IWM191004C148,2019-10-03,2019-10-02 09:22:17,0.71,1.3148,28,0.7,1.2962,151,0.68,1.2592,5,0.705,1.3055,3720,0
IWM191004C148,2019-10-03,2019-10-02 09:22:21,0.71,1.3148,28,0.69,1.2777,376,0.68,1.2592,5,0.7,1.2962,3720,0
IWM191004C148,2019-10-03,2019-10-02 09:22:25,0.71,1.3148,283,0.69,1.2777,187,0.68,1.2592,5,0.7,1.2962,3720,0
IWM191004C148,2019-10-03,2019-10-02 09:22:26,0.71,1.3148,283,0.69,1.2777,168,0.68,1.2592,5,0.7,1.2962,3720,0
IWM191004C148,2019-10-03,2019-10-02 09:22:29,0.71,1.3148,44,0.69,1.2777,216,0.68,1.2592,5,0.7,1.2962,3720,0
IWM191004C148,2019-10-03,2019-10-02 09:22:30,0.7,1.2962,6,0.69,1.2777,149,0.68,1.2592,5,0.695,1.287,3720,0
IWM191004C148,2019-10-03,2019-10-02 09:22:32,0.7,1.2962,7,0.69,1.2777,60,0.68,1.2592,5,0.695,1.287,3720,0
IWM191004C148,2019-10-03,2019-10-02 09:22:34,0.7,1.2962,7,0.68,1.2592,370,0.68,1.2592,5,0.69,1.2777,3720,0
IWM191004C148,2019-10-03,2019-10-02 09:22:35,0.7,1.2962,7,0.68,1.2592,370,0.68,1.2592,5,0.69,1.2777,3720,0
IWM191004C148,2019-10-03,2019-10-02 09:22:39,0.7,1.2962,2,0.68,1.2592,325,0.68,1.2592,5,0.69,1.2777,3720,0
IWM191004C148,2019-10-03,2019-10-02 09:22:40,0.7,1.2962,2,0.68,1.2592,325,0.68,1.2592,5,0.69,1.2777,3720,0
IWM191004C148,2019-10-03,2019-10-02 09:22:44,0.71,1.3148,187,0.69,1.2777,86,0.68,1.2592,5,0.7,1.2962,3720,0
IWM191004C148,2019-10-03,2019-10-02 09:22:45,0.71,1.3148,123,0.69,1.2777,127,0.68,1.2592,5,0.7,1.2962,3720,0
IWM191004C148,2019-10-03,2019-10-02 09:22:50,0.71,1.3148,108,0.69,1.2777,279,0.68,1.2592,5,0.7,1.2962,3720,0
IWM191004C148,2019-10-03,2019-10-02 09:22:51,0.71,1.3148,71,0.69,1.2777,333,0.68,1.2592,5,0.7,1.2962,3720,0
IWM191004C148,2019-10-03,2019-10-02 09:22:57,0.71,1.3148,173,0.69,1.2777,128,0.68,1.2592,5,0.7,1.2962,3720,0
IWM191004C148,2019-10-03,2019-10-02 09:22:59,0.71,1.3148,258,0.69,1.2777,93,0.68,1.2592,5,0.7,1.2962,3720,0
IWM191004C148,2019-10-03,2019-10-02 09:23:00,0.7,1.2962,9,0.69,1.2777,58,0.68,1.2592,5,0.695,1.287,3720,0
IWM191004C148,2019-10-03,2019-10-02 09:23:03,0.71,1.3148,203,0.69,1.2777,72,0.68,1.2592,5,0.7,1.2962,3720,0
IWM191004C148,2019-10-03,2019-10-02 09:23:06,0.71,1.3148,201,0.69,1.2777,184,0.68,1.2592,5,0.7,1.2962,3720,0
IWM191004C148,2019-10-03,2019-10-02 09:23:07,0.71,1.3148,115,0.69,1.2777,182,0.68,1.2592,5,0.7,1.2962,3720,0
IWM191004C148,2019-10-03,2019-10-02 09:23:11,0.71,1.3148,91,0.69,1.2777,175,0.68,1.2592,5,0.7,1.2962,3720,0
IWM191004C148,2019-10-03,2019-10-02 09:23:12,0.71,1.3148,91,0.69,1.2777,283,0.68,1.2592,5,0.7,1.2962,3720,0
IWM191004C148,2019-10-03,2019-10-02 09:23:13,0.71,1.3148,95,0.69,1.2777,283,0.68,1.2592,5,0.7,1.2962,3720,0
IWM191004C148,2019-10-03,2019-10-02 09:23:14,0.71,1.3148,28,0.69,1.2777,455,0.68,1.2592,5,0.7,1.2962,3720,0
IWM191004C148,2019-10-03,2019-10-02 09:23:15,0.71,1.3148,28,0.7,1.2962,86,0.68,1.2592,5,0.705,1.3055,3720,0
IWM191004C148,2019-10-03,2019-10-02 09:23:17,0.71,1.3148,28,0.7,1.2962,116,0.68,1.2592,5,0.705,1.3055,3720,0
IWM191004C148,2019-10-03,2019-10-02 09:23:19,0.71,1.3148,37,0.69,1.2777,240,0.68,1.2592,5,0.7,1.2962,3720,0
IWM191004C148,2019-10-03,2019-10-02 09:23:20,0.71,1.3148,28,0.7,1.2962,40,0.68,1.2592,5,0.705,1.3055,3720,0
IWM191004C148,2019-10-03,2019-10-02 09:23:26,0.71,1.3148,28,0.7,1.2962,32,0.68,1.2592,5,0.705,1.3055,3720,0
IWM191004C148,2019-10-03,2019-10-02 09:23:27,0.71,1.3148,28,0.69,1.2777,462,0.68,1.2592,5,0.7,1.2962,3720,0
IWM191004C148,2019-10-03,2019-10-02 09:23:30,0.71,1.3148,36,0.69,1.2777,260,0.68,1.2592,5,0.7,1.2962,3720,0
IWM191004C148,2019-10-03,2019-10-02 09:23:31,0.71,1.3148,54,0.69,1.2777,260,0.68,1.2592,5,0.7,1.2962,3720,0
IWM191004C148,2019-10-03,2019-10-02 09:23:33,0.71,1.3148,28,0.69,1.2777,367,0.68,1.2592,5,0.7,1.2962,3720,0
IWM191004C148,2019-10-03,2019-10-02 09:23:35,0.71,1.3148,28,0.69,1.2777,441,0.68,1.2592,5,0.7,1.2962,3720,0
IWM191004C148,2019-10-03,2019-10-02 09:23:36,0.71,1.3148,28,0.69,1.2777,353,0.68,1.2592,5,0.7,1.2962,3720,0
IWM191004C148,2019-10-03,2019-10-02 09:23:37,0.71,1.3148,28,0.69,1.2777,441,0.68,1.2592,5,0.7,1.2962,3720,0
IWM191004C148,2019-10-03,2019-10-02 09:23:38,0.71,1.3148,28,0.69,1.2777,400,0.68,1.2592,5,0.7,1.2962,3720,0
IWM191004C148,2019-10-03,2019-10-02 09:23:39,0.71,1.3148,28,0.69,1.2777,501,0.68,1.2592,5,0.7,1.2962,3720,0
IWM191004C148,2019-10-03,2019-10-02 09:23:48,0.71,1.3148,28,0.7,1.2962,134,0.68,1.2592,5,0.705,1.3055,3720,0
IWM191004C148,2019-10-03,2019-10-02 09:23:49,0.71,1.3148,28,0.7,1.2962,117,0.68,1.2592,5,0.705,1.3055,3720,0
IWM191004C148,2019-10-03,2019-10-02 09:23:56,0.73,1.3518,69,0.71,1.3148,217,0.68,1.2592,5,0.72,1.3333,3720,0
IWM191004C148,2019-10-03,2019-10-02 09:24:02,0.73,1.3518,40,0.71,1.3148,190,0.68,1.2592,5,0.72,1.3333,3720,0
IWM191004C148,2019-10-03,2019-10-02 09:24:03,0.72,1.3333,5,0.7,1.2962,276,0.68,1.2592,5,0.71,1.3148,3720,0
IWM191004C148,2019-10-03,2019-10-02 09:24:05,0.72,1.3333,4,0.7,1.2962,574,0.68,1.2592,5,0.71,1.3148,3720,0
IWM191004C148,2019-10-03,2019-10-02 09:24:06,0.72,1.3333,4,0.7,1.2962,532,0.68,1.2592,5,0.71,1.3148,3720,0
IWM191004C148,2019-10-03,2019-10-02 09:24:08,0.73,1.3518,47,0.71,1.3148,116,0.68,1.2592,5,0.72,1.3333,3720,0
IWM191004C148,2019-10-03,2019-10-02 09:24:09,0.73,1.3518,47,0.71,1.3148,167,0.68,1.2592,5,0.72,1.3333,3720,0
IWM191004C148,2019-10-03,2019-10-02 09:24:12,0.73,1.3518,165,0.71,1.3148,163,0.68,1.2592,5,0.72,1.3333,3720,0
IWM191004C148,2019-10-03,2019-10-02 09:24:13,0.73,1.3518,71,0.71,1.3148,108,0.68,1.2592,5,0.72,1.3333,3720,0
IWM191004C148,2019-10-03,2019-10-02 09:24:14,0.72,1.3333,22,0.7,1.2962,229,0.68,1.2592,5,0.71,1.3148,3720,0
IWM191004C148,2019-10-03,2019-10-02 09:24:17,0.72,1.3333,26,0.7,1.2962,288,0.68,1.2592,5,0.71,1.3148,3720,0
IWM191004C148,2019-10-03,2019-10-02 09:24:18,0.72,1.3333,36,0.7,1.2962,288,0.68,1.2592,5,0.71,1.3148,3720,0
IWM191004C148,2019-10-03,2019-10-02 09:24:18,0.72,1.3333,26,0.7,1.2962,285,0.68,1.2592,5,0.71,1.3148,3720,0
IWM191004C148,2019-10-03,2019-10-02 09:24:22,0.74,1.3703,31,0.72,1.3333,283,0.68,1.2592,5,0.73,1.3518,3720,0
IWM191004C148,2019-10-03,2019-10-02 09:24:24,0.74,1.3703,31,0.73,1.3518,100,0.68,1.2592,5,0.735,1.3611,3720,0
IWM191004C148,2019-10-03,2019-10-02 09:24:25,0.74,1.3703,31,0.73,1.3518,158,0.68,1.2592,5,0.735,1.3611,3720,0
IWM191004C148,2019-10-03,2019-10-02 09:24:26,0.74,1.3703,31,0.73,1.3518,242,0.68,1.2592,5,0.735,1.3611,3720,0
IWM191004C148,2019-10-03,2019-10-02 09:24:27,0.75,1.3888,34,0.73,1.3518,242,0.68,1.2592,5,0.74,1.3703,3720,0
IWM191004C148,2019-10-03,2019-10-02 09:24:29,0.75,1.3888,70,0.73,1.3518,242,0.68,1.2592,5,0.74,1.3703,3720,0
IWM191004C148,2019-10-03,2019-10-02 09:24:30,0.75,1.3888,24,0.74,1.3703,105,0.68,1.2592,5,0.745,1.3796,3720,0
IWM191004C148,2019-10-03,2019-10-02 09:24:46,0.77,1.4259,2,0.76,1.4074,80,0.68,1.2592,5,0.765,1.4166,3720,0
IWM191004C148,2019-10-03,2019-10-02 09:24:49,0.77,1.4259,2,0.75,1.3888,348,0.68,1.2592,5,0.76,1.4074,3720,0
IWM191004C148,2019-10-03,2019-10-02 09:24:50,0.77,1.4259,2,0.76,1.4074,103,0.68,1.2592,5,0.765,1.4166,3720,0
IWM191004C148,2019-10-03,2019-10-02 09:24:51,0.77,1.4259,2,0.76,1.4074,103,0.68,1.2592,5,0.765,1.4166,3720,0
IWM191004C148,2019-10-03,2019-10-02 09:24:53,0.78,1.4444,37,0.76,1.4074,174,0.68,1.2592,5,0.77,1.4259,3720,0
IWM191004C148,2019-10-03,2019-10-02 09:24:57,0.78,1.4444,52,0.75,1.3888,322,0.68,1.2592,5,0.765,1.4166,3720,0
IWM191004C148,2019-10-03,2019-10-02 09:25:00,0.77,1.4259,6,0.74,1.3703,90,0.68,1.2592,5,0.755,1.3981,3720,0
IWM191004C148,2019-10-03,2019-10-02 09:25:05,0.74,1.3703,26,0.72,1.3333,191,0.68,1.2592,5,0.73,1.3518,3720,0
IWM191004C148,2019-10-03,2019-10-02 09:25:05,0.74,1.3703,26,0.72,1.3333,233,0.68,1.2592,5,0.73,1.3518,3720,0
IWM191004C148,2019-10-03,2019-10-02 09:25:06,0.74,1.3703,20,0.72,1.3333,178,0.68,1.2592,5,0.73,1.3518,3720,0
IWM191004C148,2019-10-03,2019-10-02 09:25:07,0.73,1.3518,4,0.72,1.3333,75,0.68,1.2592,5,0.725,1.3425,3720,0
IWM191004C148,2019-10-03,2019-10-02 09:25:07,0.74,1.3703,41,0.72,1.3333,79,0.68,1.2592,5,0.73,1.3518,3720,0
IWM191004C148,2019-10-03,2019-10-02 09:25:08,0.74,1.3703,20,0.72,1.3333,131,0.68,1.2592,5,0.73,1.3518,3720,0
IWM191004C148,2019-10-03,2019-10-02 09:25:08,0.74,1.3703,26,0.72,1.3333,181,0.68,1.2592,5,0.73,1.3518,3720,0
IWM191004C148,2019-10-03,2019-10-02 09:25:09,0.74,1.3703,26,0.72,1.3333,223,0.68,1.2592,5,0.73,1.3518,3720,0
IWM191004C148,2019-10-03,2019-10-02 09:25:10,0.75,1.3888,20,0.73,1.3518,79,0.68,1.2592,5,0.74,1.3703,3720,0
IWM191004C148,2019-10-03,2019-10-02 09:25:10,0.75,1.3888,20,0.73,1.3518,75,0.68,1.2592,5,0.74,1.3703,3720,0
IWM191004C148,2019-10-03,2019-10-02 09:25:11,0.74,1.3703,9,0.72,1.3333,308,0.68,1.2592,5,0.73,1.3518,3720,0
IWM191004C148,2019-10-03,2019-10-02 09:25:11,0.74,1.3703,22,0.72,1.3333,172,0.68,1.2592,5,0.73,1.3518,3720,0
IWM191004C148,2019-10-03,2019-10-02 09:25:12,0.74,1.3703,2,0.72,1.3333,236,0.68,1.2592,5,0.73,1.3518,3720,0
IWM191004C148,2019-10-03,2019-10-02 09:25:13,0.75,1.3888,100,0.72,1.3333,163,0.68,1.2592,5,0.735,1.3611,3720,0
IWM191004C148,2019-10-03,2019-10-02 09:25:13,0.74,1.3703,4,0.73,1.3518,79,0.68,1.2592,5,0.735,1.3611,3720,0
IWM191004C148,2019-10-03,2019-10-02 09:25:14,0.75,1.3888,76,0.73,1.3518,100,0.68,1.2592,5,0.74,1.3703,3720,0
IWM191004C148,2019-10-03,2019-10-02 09:25:15,0.75,1.3888,71,0.73,1.3518,241,0.68,1.2592,5,0.74,1.3703,3720,0
IWM191004C148,2019-10-03,2019-10-02 09:25:16,0.75,1.3888,48,0.74,1.3703,50,0.68,1.2592,5,0.745,1.3796,3720,0
IWM191004C148,2019-10-03,2019-10-02 09:25:17,0.76,1.4074,79,0.74,1.3703,92,0.68,1.2592,5,0.75,1.3888,3720,0
IWM191004C148,2019-10-03,2019-10-02 09:25:17,0.76,1.4074,353,0.74,1.3703,192,0.68,1.2592,5,0.75,1.3888,3720,0
IWM191004C148,2019-10-03,2019-10-02 09:25:18,0.76,1.4074,11,0.74,1.3703,295,0.68,1.2592,5,0.75,1.3888,3720,0
IWM191004C148,2019-10-03,2019-10-02 09:25:18,0.76,1.4074,11,0.75,1.3888,94,0.68,1.2592,5,0.755,1.3981,3720,0
IWM191004C148,2019-10-03,2019-10-02 09:25:19,0.76,1.4074,11,0.75,1.3888,289,0.68,1.2592,5,0.755,1.3981,3720,0
IWM191004C148,2019-10-03,2019-10-02 09:25:20,0.77,1.4259,90,0.76,1.4074,75,0.76,1.4074,11,0.765,1.4166,3731,11
IWM191004C148,2019-10-03,2019-10-02 09:25:21,0.77,1.4259,53,0.76,1.4074,75,0.76,1.4074,11,0.765,1.4166,3731,0
IWM191004C148,2019-10-03,2019-10-02 09:25:21,0.77,1.4259,24,0.76,1.4074,75,0.76,1.4074,11,0.765,1.4166,3731,0
IWM191004C148,2019-10-03,2019-10-02 09:25:22,0.78,1.4444,146,0.76,1.4074,179,0.76,1.4074,11,0.77,1.4259,3731,0
IWM191004C148,2019-10-03,2019-10-02 09:25:22,0.77,1.4259,10,0.76,1.4074,75,0.76,1.4074,11,0.765,1.4166,3731,0
IWM191004C148,2019-10-03,2019-10-02 09:25:23,0.78,1.4444,147,0.76,1.4074,221,0.76,1.4074,11,0.77,1.4259,3731,0
IWM191004C148,2019-10-03,2019-10-02 09:25:24,0.78,1.4444,76,0.77,1.4259,125,0.76,1.4074,11,0.775,1.4351,3731,0
IWM191004C148,2019-10-03,2019-10-02 09:25:24,0.78,1.4444,72,0.77,1.4259,79,0.76,1.4074,11,0.775,1.4351,3731,0
IWM191004C148,2019-10-03,2019-10-02 09:25:25,0.78,1.4444,92,0.77,1.4259,75,0.76,1.4074,11,0.775,1.4351,3731,0
IWM191004C148,2019-10-03,2019-10-02 09:25:26,0.78,1.4444,96,0.77,1.4259,75,0.76,1.4074,11,0.775,1.4351,3731,0
IWM191004C148,2019-10-03,2019-10-02 09:25:27,0.78,1.4444,2,0.77,1.4259,121,0.76,1.4074,11,0.775,1.4351,3731,0
IWM191004C148,2019-10-03,2019-10-02 09:25:27,0.79,1.4629,367,0.77,1.4259,75,0.76,1.4074,11,0.78,1.4444,3731,0
IWM191004C148,2019-10-03,2019-10-02 09:25:28,0.79,1.4629,96,0.77,1.4259,121,0.76,1.4074,11,0.78,1.4444,3731,0
IWM191004C148,2019-10-03,2019-10-02 09:25:28,0.79,1.4629,208,0.77,1.4259,121,0.76,1.4074,11,0.78,1.4444,3731,0
IWM191004C148,2019-10-03,2019-10-02 09:25:29,0.79,1.4629,195,0.77,1.4259,121,0.76,1.4074,11,0.78,1.4444,3731,0
IWM191004C148,2019-10-03,2019-10-02 09:25:30,0.79,1.4629,82,0.77,1.4259,121,0.76,1.4074,11,0.78,1.4444,3731,0
IWM191004C148,2019-10-03,2019-10-02 09:25:30,0.79,1.4629,48,0.77,1.4259,121,0.76,1.4074,11,0.78,1.4444,3731,0
IWM191004C148,2019-10-03,2019-10-02 09:25:31,0.78,1.4444,10,0.76,1.4074,135,0.79,1.4629,1,0.77,1.4259,3732,0
IWM191004C148,2019-10-03,2019-10-02 09:25:31,0.78,1.4444,25,0.77,1.4259,75,0.79,1.4629,1,0.775,1.4351,3732,1
IWM191004C148,2019-10-03,2019-10-02 09:25:32,0.78,1.4444,25,0.76,1.4074,261,0.79,1.4629,1,0.77,1.4259,3732,0
IWM191004C148,2019-10-03,2019-10-02 09:25:33,0.78,1.4444,25,0.77,1.4259,75,0.79,1.4629,1,0.775,1.4351,3732,0
IWM191004C148,2019-10-03,2019-10-02 09:25:33,0.78,1.4444,9,0.77,1.4259,75,0.79,1.4629,1,0.775,1.4351,3732,0
IWM191004C148,2019-10-03,2019-10-02 09:25:34,0.78,1.4444,70,0.76,1.4074,197,0.79,1.4629,1,0.77,1.4259,3732,0
IWM191004C148,2019-10-03,2019-10-02 09:25:35,0.78,1.4444,67,0.76,1.4074,239,0.79,1.4629,1,0.77,1.4259,3732,0
IWM191004C148,2019-10-03,2019-10-02 09:25:35,0.78,1.4444,276,0.76,1.4074,149,0.79,1.4629,1,0.77,1.4259,3732,0
IWM191004C148,2019-10-03,2019-10-02 09:25:36,0.78,1.4444,269,0.76,1.4074,191,0.79,1.4629,1,0.77,1.4259,3732,0
IWM191004C148,2019-10-03,2019-10-02 09:25:36,0.78,1.4444,140,0.76,1.4074,149,0.79,1.4629,1,0.77,1.4259,3732,0
IWM191004C148,2019-10-03,2019-10-02 09:25:37,0.78,1.4444,369,0.76,1.4074,39,0.79,1.4629,1,0.77,1.4259,3732,0
IWM191004C148,2019-10-03,2019-10-02 09:25:38,0.77,1.4259,122,0.75,1.3888,172,0.79,1.4629,1,0.76,1.4074,3732,0
IWM191004C148,2019-10-03,2019-10-02 09:25:38,0.77,1.4259,106,0.75,1.3888,199,0.79,1.4629,1,0.76,1.4074,3732,0
IWM191004C148,2019-10-03,2019-10-02 09:25:39,0.77,1.4259,106,0.75,1.3888,264,0.79,1.4629,1,0.76,1.4074,3732,0
IWM191004C148,2019-10-03,2019-10-02 09:25:40,0.77,1.4259,29,0.75,1.3888,219,0.79,1.4629,1,0.76,1.4074,3732,0
IWM191004C148,2019-10-03,2019-10-02 09:25:40,0.77,1.4259,39,0.75,1.3888,254,0.79,1.4629,1,0.76,1.4074,3732,0
IWM191004C148,2019-10-03,2019-10-02 09:25:41,0.77,1.4259,151,0.75,1.3888,208,0.79,1.4629,1,0.76,1.4074,3732,0
IWM191004C148,2019-10-03,2019-10-02 09:25:41,0.77,1.4259,357,0.75,1.3888,128,0.79,1.4629,1,0.76,1.4074,3732,0
IWM191004C148,2019-10-03,2019-10-02 09:25:42,0.76,1.4074,47,0.74,1.3703,296,0.79,1.4629,1,0.75,1.3888,3732,0
IWM191004C148,2019-10-03,2019-10-02 09:25:43,0.76,1.4074,20,0.74,1.3703,287,0.79,1.4629,1,0.75,1.3888,3732,0
IWM191004C148,2019-10-03,2019-10-02 09:25:43,0.76,1.4074,11,0.75,1.3888,75,0.79,1.4629,1,0.755,1.3981,3732,0
IWM191004C148,2019-10-03,2019-10-02 09:25:44,0.77,1.4259,61,0.76,1.4074,75,0.79,1.4629,1,0.765,1.4166,3732,0
IWM191004C148,2019-10-03,2019-10-02 09:25:44,0.77,1.4259,96,0.75,1.3888,201,0.79,1.4629,1,0.76,1.4074,3732,0
IWM191004C148,2019-10-03,2019-10-02 09:25:45,0.77,1.4259,101,0.75,1.3888,271,0.79,1.4629,1,0.76,1.4074,3732,0
IWM191004C148,2019-10-03,2019-10-02 09:25:46,0.76,1.4074,9,0.75,1.3888,229,0.79,1.4629,1,0.755,1.3981,3732,0
IWM191004C148,2019-10-03,2019-10-02 09:25:46,0.76,1.4074,5,0.75,1.3888,210,0.79,1.4629,1,0.755,1.3981,3732,0
IWM191004C148,2019-10-03,2019-10-02 09:25:47,0.77,1.4259,105,0.75,1.3888,300,0.79,1.4629,1,0.76,1.4074,3732,0
IWM191004C148,2019-10-03,2019-10-02 09:25:48,0.77,1.4259,85,0.76,1.4074,45,0.79,1.4629,1,0.765,1.4166,3732,0
IWM191004C148,2019-10-03,2019-10-02 09:25:48,0.77,1.4259,105,0.75,1.3888,300,0.79,1.4629,1,0.76,1.4074,3732,0
IWM191004C148,2019-10-03,2019-10-02 09:25:49,0.77,1.4259,85,0.75,1.3888,270,0.79,1.4629,1,0.76,1.4074,3732,0
IWM191004C148,2019-10-03,2019-10-02 09:25:49,0.76,1.4074,9,0.75,1.3888,270,0.79,1.4629,1,0.755,1.3981,3732,0
IWM191004C148,2019-10-03,2019-10-02 09:25:50,0.76,1.4074,9,0.75,1.3888,263,0.79,1.4629,1,0.755,1.3981,3732,0
IWM191004C148,2019-10-03,2019-10-02 09:25:51,0.76,1.4074,9,0.75,1.3888,189,0.79,1.4629,1,0.755,1.3981,3732,0
IWM191004C148,2019-10-03,2019-10-02 09:25:51,0.76,1.4074,9,0.75,1.3888,218,0.79,1.4629,1,0.755,1.3981,3732,0
IWM191004C148,2019-10-03,2019-10-02 09:25:52,0.76,1.4074,9,0.75,1.3888,199,0.79,1.4629,1,0.755,1.3981,3732,0
IWM191004C148,2019-10-03,2019-10-02 09:25:53,0.77,1.4259,105,0.75,1.3888,248,0.79,1.4629,1,0.76,1.4074,3732,0
IWM191004C148,2019-10-03,2019-10-02 09:25:54,0.77,1.4259,105,0.75,1.3888,271,0.79,1.4629,1,0.76,1.4074,3732,0
IWM191004C148,2019-10-03,2019-10-02 09:25:54,0.77,1.4259,65,0.76,1.4074,75,0.79,1.4629,1,0.765,1.4166,3732,0
IWM191004C148,2019-10-03,2019-10-02 09:25:55,0.77,1.4259,65,0.76,1.4074,131,0.79,1.4629,1,0.765,1.4166,3732,0
IWM191004C148,2019-10-03,2019-10-02 09:25:56,0.77,1.4259,3,0.76,1.4074,144,0.79,1.4629,1,0.765,1.4166,3732,0
IWM191004C148,2019-10-03,2019-10-02 09:25:56,0.77,1.4259,3,0.76,1.4074,165,0.79,1.4629,1,0.765,1.4166,3732,0
IWM191004C148,2019-10-03,2019-10-02 09:25:57,0.77,1.4259,3,0.76,1.4074,193,0.79,1.4629,1,0.765,1.4166,3732,0
IWM191004C148,2019-10-03,2019-10-02 09:25:58,0.77,1.4259,3,0.76,1.4074,205,0.79,1.4629,1,0.765,1.4166,3732,0
IWM191004C148,2019-10-03,2019-10-02 09:25:58,0.77,1.4259,3,0.76,1.4074,204,0.79,1.4629,1,0.765,1.4166,3732,0
IWM191004C148,2019-10-03,2019-10-02 09:25:59,0.77,1.4259,3,0.76,1.4074,246,0.79,1.4629,1,0.765,1.4166,3732,0
IWM191004C148,2019-10-03,2019-10-02 09:26:00,0.78,1.4444,15,0.76,1.4074,305,0.79,1.4629,1,0.77,1.4259,3732,0
IWM191004C148,2019-10-03,2019-10-02 09:26:01,0.78,1.4444,3,0.77,1.4259,73,0.79,1.4629,1,0.775,1.4351,3732,0
IWM191004C148,2019-10-03,2019-10-02 09:26:01,0.78,1.4444,15,0.76,1.4074,356,0.79,1.4629,1,0.77,1.4259,3732,0
IWM191004C148,2019-10-03,2019-10-02 09:26:02,0.78,1.4444,3,0.77,1.4259,73,0.79,1.4629,1,0.775,1.4351,3732,0
IWM191004C148,2019-10-03,2019-10-02 09:26:03,0.79,1.4629,170,0.77,1.4259,76,0.79,1.4629,1,0.78,1.4444,3732,0
IWM191004C148,2019-10-03,2019-10-02 09:26:03,0.78,1.4444,3,0.77,1.4259,148,0.79,1.4629,1,0.775,1.4351,3732,0
IWM191004C148,2019-10-03,2019-10-02 09:26:04,0.79,1.4629,92,0.77,1.4259,219,0.79,1.4629,1,0.78,1.4444,3732,0
IWM191004C148,2019-10-03,2019-10-02 09:26:05,0.79,1.4629,75,0.77,1.4259,219,0.79,1.4629,1,0.78,1.4444,3732,0
IWM191004C148,2019-10-03,2019-10-02 09:26:05,0.79,1.4629,34,0.77,1.4259,315,0.79,1.4629,1,0.78,1.4444,3732,0
IWM191004C148,2019-10-03,2019-10-02 09:26:07,0.79,1.4629,34,0.77,1.4259,315,0.79,1.4629,1,0.78,1.4444,3732,0
IWM191004C148,2019-10-03,2019-10-02 09:26:08,0.8,1.4814,74,0.78,1.4444,187,0.79,1.4629,1,0.79,1.4629,3732,0
IWM191004C148,2019-10-03,2019-10-02 09:26:08,0.8,1.4814,79,0.79,1.4629,51,0.79,1.4629,1,0.795,1.4722,3732,0
IWM191004C148,2019-10-03,2019-10-02 09:26:09,0.8,1.4814,79,0.79,1.4629,51,0.79,1.4629,1,0.795,1.4722,3732,0
IWM191004C148,2019-10-03,2019-10-02 09:26:23,0.8,1.4814,129,0.78,1.4444,189,0.79,1.4629,1,0.79,1.4629,3732,0
IWM191004C148,2019-10-03,2019-10-02 09:26:29,0.79,1.4629,47,0.77,1.4259,120,0.79,1.4629,1,0.78,1.4444,3732,0
IWM191004C148,2019-10-03,2019-10-02 09:26:31,0.79,1.4629,27,0.77,1.4259,264,0.79,1.4629,1,0.78,1.4444,3732,0
IWM191004C148,2019-10-03,2019-10-02 09:26:36,0.79,1.4629,2,0.77,1.4259,311,0.79,1.4629,1,0.78,1.4444,3732,0
IWM191004C148,2019-10-03,2019-10-02 09:26:42,0.79,1.4629,1,0.77,1.4259,271,0.79,1.4629,1,0.78,1.4444,3732,0
IWM191004C148,2019-10-03,2019-10-02 09:26:47,0.79,1.4629,308,0.76,1.4074,398,0.79,1.4629,1,0.775,1.4351,3732,0
IWM191004C148,2019-10-03,2019-10-02 09:26:49,0.78,1.4444,86,0.76,1.4074,175,0.79,1.4629,1,0.77,1.4259,3732,0
IWM191004C148,2019-10-03,2019-10-02 09:26:51,0.78,1.4444,180,0.75,1.3888,135,0.79,1.4629,1,0.765,1.4166,3732,0
IWM191004C148,2019-10-03,2019-10-02 09:26:52,0.77,1.4259,56,0.75,1.3888,168,0.79,1.4629,1,0.76,1.4074,3732,0
IWM191004C148,2019-10-03,2019-10-02 09:26:55,0.77,1.4259,58,0.75,1.3888,120,0.79,1.4629,1,0.76,1.4074,3732,0
IWM191004C148,2019-10-03,2019-10-02 09:26:56,0.77,1.4259,66,0.75,1.3888,106,0.79,1.4629,1,0.76,1.4074,3732,0
IWM191004C148,2019-10-03,2019-10-02 09:27:00,0.76,1.4074,11,0.75,1.3888,1,0.75,1.3888,79,0.755,1.3981,3811,79
IWM191004C148,2019-10-03,2019-10-02 09:27:04,0.77,1.4259,205,0.75,1.3888,144,0.75,1.3888,79,0.76,1.4074,3811,0
IWM191004C148,2019-10-03,2019-10-02 09:27:06,0.77,1.4259,104,0.75,1.3888,196,0.75,1.3888,79,0.76,1.4074,3811,0
IWM191004C148,2019-10-03,2019-10-02 09:27:09,0.77,1.4259,27,0.76,1.4074,75,0.75,1.3888,79,0.765,1.4166,3811,0
IWM191004C148,2019-10-03,2019-10-02 09:27:12,0.78,1.4444,34,0.76,1.4074,325,0.75,1.3888,79,0.77,1.4259,3811,0
IWM191004C148,2019-10-03,2019-10-02 09:27:21,0.79,1.4629,55,0.78,1.4444,122,0.75,1.3888,79,0.785,1.4537,3811,0
IWM191004C148,2019-10-03,2019-10-02 09:27:33,0.81,1.5,50,0.79,1.4629,199,0.75,1.3888,79,0.8,1.4814,3811,0
IWM191004C148,2019-10-03,2019-10-02 09:27:36,0.81,1.5,244,0.79,1.4629,38,0.75,1.3888,79,0.8,1.4814,3811,0
IWM191004C148,2019-10-03,2019-10-02 09:27:57,0.8,1.4814,9,0.79,1.4629,48,0.75,1.3888,79,0.795,1.4722,3811,0
IWM191004C148,2019-10-03,2019-10-02 09:28:01,0.81,1.5,29,0.79,1.4629,157,0.75,1.3888,79,0.8,1.4814,3811,0
IWM191004C148,2019-10-03,2019-10-02 09:28:03,0.81,1.5,54,0.79,1.4629,208,0.75,1.3888,79,0.8,1.4814,3811,0
IWM191004C148,2019-10-03,2019-10-02 09:28:23,0.81,1.5,28,0.8,1.4814,50,0.75,1.3888,79,0.805,1.4907,3811,0
IWM191004C148,2019-10-03,2019-10-02 09:28:26,0.81,1.5,28,0.8,1.4814,50,0.75,1.3888,79,0.805,1.4907,3811,0
IWM191004C148,2019-10-03,2019-10-02 09:28:28,0.81,1.5,28,0.8,1.4814,50,0.75,1.3888,79,0.805,1.4907,3811,0
IWM191004C148,2019-10-03,2019-10-02 09:28:30,0.82,1.5185,224,0.8,1.4814,50,0.75,1.3888,79,0.81,1.5,3811,0
IWM191004C148,2019-10-03,2019-10-02 09:28:34,0.82,1.5185,28,0.8,1.4814,291,0.75,1.3888,79,0.81,1.5,3811,0
IWM191004C148,2019-10-03,2019-10-02 09:28:37,0.83,1.537,231,0.8,1.4814,350,0.75,1.3888,79,0.815,1.5092,3811,0
IWM191004C148,2019-10-03,2019-10-02 09:28:38,0.83,1.537,231,0.8,1.4814,350,0.75,1.3888,79,0.815,1.5092,3811,0
IWM191004C148,2019-10-03,2019-10-02 09:28:39,0.83,1.537,213,0.8,1.4814,346,0.75,1.3888,79,0.815,1.5092,3811,0
IWM191004C148,2019-10-03,2019-10-02 09:28:43,0.83,1.537,144,0.81,1.5,199,0.75,1.3888,79,0.82,1.5185,3811,0
IWM191004C148,2019-10-03,2019-10-02 09:28:52,0.81,1.5,36,0.8,1.4814,50,0.81,1.5,2,0.805,1.4907,3813,2
IWM191004C148,2019-10-03,2019-10-02 09:28:58,0.82,1.5185,29,0.8,1.4814,204,0.81,1.5,2,0.81,1.5,3813,0
IWM191004C148,2019-10-03,2019-10-02 09:29:06,0.83,1.537,42,0.82,1.5185,115,0.81,1.5,2,0.825,1.5277,3813,0
IWM191004C148,2019-10-03,2019-10-02 09:29:08,0.83,1.537,2,0.82,1.5185,183,0.81,1.5,2,0.825,1.5277,3813,0
IWM191004C148,2019-10-03,2019-10-02 09:29:10,0.83,1.537,2,0.82,1.5185,183,0.81,1.5,2,0.825,1.5277,3813,0
IWM191004C148,2019-10-03,2019-10-02 09:29:12,0.83,1.537,22,0.81,1.5,116,0.81,1.5,2,0.82,1.5185,3813,0
IWM191004C148,2019-10-03,2019-10-02 09:29:13,0.83,1.537,2,0.82,1.5185,116,0.81,1.5,2,0.825,1.5277,3813,0
IWM191004C148,2019-10-03,2019-10-02 09:29:14,0.83,1.537,29,0.82,1.5185,88,0.81,1.5,2,0.825,1.5277,3813,0
IWM191004C148,2019-10-03,2019-10-02 09:29:18,0.83,1.537,30,0.81,1.5,172,0.81,1.5,2,0.82,1.5185,3813,0
IWM191004C148,2019-10-03,2019-10-02 09:29:20,0.82,1.5185,8,0.81,1.5,88,0.81,1.5,2,0.815,1.5092,3813,0
IWM191004C148,2019-10-03,2019-10-02 09:29:23,0.81,1.5,3,0.8,1.4814,52,0.81,1.5,2,0.805,1.4907,3813,0
IWM191004C148,2019-10-03,2019-10-02 09:29:26,0.81,1.5,28,0.8,1.4814,50,0.81,1.5,2,0.805,1.4907,3813,0
IWM191004C148,2019-10-03,2019-10-02 09:29:29,0.8,1.4814,8,0.78,1.4444,201,0.8,1.4814,48,0.79,1.4629,3863,50
IWM191004C148,2019-10-03,2019-10-02 09:29:33,0.82,1.5185,40,0.79,1.4629,564,0.8,1.4814,48,0.805,1.4907,3863,0
IWM191004C148,2019-10-03,2019-10-02 09:29:44,0.83,1.537,68,0.8,1.4814,328,0.8,1.4814,48,0.815,1.5092,3863,0
IWM191004C148,2019-10-03,2019-10-02 09:29:49,0.83,1.537,57,0.81,1.5,75,0.8,1.4814,48,0.82,1.5185,3863,0
IWM191004C148,2019-10-03,2019-10-02 09:29:50,0.83,1.537,53,0.81,1.5,46,0.8,1.4814,48,0.82,1.5185,3863,0
IWM191004C148,2019-10-03,2019-10-02 09:29:53,0.83,1.537,45,0.81,1.5,209,0.8,1.4814,48,0.82,1.5185,3863,0
IWM191004C148,2019-10-03,2019-10-02 09:29:53,0.83,1.537,55,0.81,1.5,53,0.8,1.4814,48,0.82,1.5185,3863,0
IWM191004C148,2019-10-03,2019-10-02 09:29:54,0.82,1.5185,22,0.81,1.5,30,0.8,1.4814,48,0.815,1.5092,3863,0
IWM191004C148,2019-10-03,2019-10-02 09:29:56,0.82,1.5185,25,0.8,1.4814,303,0.8,1.4814,48,0.81,1.5,3863,0
IWM191004C148,2019-10-03,2019-10-02 09:29:57,0.82,1.5185,25,0.81,1.5,14,0.8,1.4814,48,0.815,1.5092,3863,0
IWM191004C148,2019-10-03,2019-10-02 09:29:59,0.83,1.537,22,0.81,1.5,89,0.8,1.4814,48,0.82,1.5185,3863,0
IWM191004C148,2019-10-03,2019-10-03 09:30:00,0.54,1.0,31,0.46,0.8518,31,0.66,1.2222,10,0.5,0.9259,0,0
IWM191004C148,2019-10-03,2019-10-03 09:30:01,0.54,1.0,31,0.46,0.8518,2,0.66,1.2222,10,0.5,0.9259,0,0
IWM191004C148,2019-10-03,2019-10-03 09:30:01,0.54,1.0,31,0.45,0.8333,31,0.66,1.2222,10,0.495,0.9166,0,0
IWM191004C148,2019-10-03,2019-10-03 09:30:02,0.54,1.0,16,0.47,0.8703,2,0.66,1.2222,10,0.505,0.9351,0,0
IWM191004C148,2019-10-03,2019-10-03 09:30:02,0.54,1.0,31,0.45,0.8333,31,0.66,1.2222,10,0.495,0.9166,0,0
IWM191004C148,2019-10-03,2019-10-03 09:30:03,0.53,0.9814,25,0.47,0.8703,12,0.48,0.8888,2,0.5,0.9259,2,0
IWM191004C148,2019-10-03,2019-10-03 09:30:03,0.52,0.9629,50,0.47,0.8703,12,0.48,0.8888,2,0.495,0.9166,2,2
IWM191004C148,2019-10-03,2019-10-03 09:30:04,0.53,0.9814,15,0.48,0.8888,2,0.48,0.8888,2,0.505,0.9351,2,0
IWM191004C148,2019-10-03,2019-10-03 09:30:05,0.53,0.9814,15,0.48,0.8888,2,0.48,0.8888,2,0.505,0.9351,2,0
IWM191004C148,2019-10-03,2019-10-03 09:30:05,0.52,0.9629,45,0.48,0.8888,2,0.48,0.8888,2,0.5,0.9259,2,0
IWM191004C148,2019-10-03,2019-10-03 09:30:06,0.53,0.9814,60,0.48,0.8888,2,0.48,0.8888,2,0.505,0.9351,2,0
IWM191004C148,2019-10-03,2019-10-03 09:30:07,0.53,0.9814,45,0.48,0.8888,12,0.48,0.8888,2,0.505,0.9351,2,0
IWM191004C148,2019-10-03,2019-10-03 09:30:07,0.53,0.9814,45,0.48,0.8888,2,0.48,0.8888,2,0.505,0.9351,2,0
IWM191004C148,2019-10-03,2019-10-03 09:30:08,0.53,0.9814,120,0.48,0.8888,12,0.48,0.8888,2,0.505,0.9351,2,0
IWM191004C148,2019-10-03,2019-10-03 09:30:08,0.53,0.9814,45,0.48,0.8888,12,0.48,0.8888,2,0.505,0.9351,2,0
IWM191004C148,2019-10-03,2019-10-03 09:30:09,0.54,1.0,110,0.48,0.8888,12,0.48,0.8888,2,0.51,0.9444,2,0
IWM191004C148,2019-10-03,2019-10-03 09:30:09,0.53,0.9814,45,0.48,0.8888,12,0.48,0.8888,2,0.505,0.9351,2,0
IWM191004C148,2019-10-03,2019-10-03 09:30:10,0.53,0.9814,45,0.48,0.8888,189,0.48,0.8888,2,0.505,0.9351,2,0
IWM191004C148,2019-10-03,2019-10-03 09:30:11,0.53,0.9814,75,0.48,0.8888,315,0.48,0.8888,2,0.505,0.9351,2,0
IWM191004C148,2019-10-03,2019-10-03 09:30:11,0.52,0.9629,15,0.48,0.8888,248,0.48,0.8888,2,0.5,0.9259,2,0
IWM191004C148,2019-10-03,2019-10-03 09:30:12,0.52,0.9629,120,0.48,0.8888,238,0.48,0.8888,2,0.5,0.9259,2,0
IWM191004C148,2019-10-03,2019-10-03 09:30:13,0.51,0.9444,75,0.47,0.8703,53,0.48,0.8888,2,0.49,0.9074,2,0
IWM191004C148,2019-10-03,2019-10-03 09:30:13,0.51,0.9444,75,0.47,0.8703,63,0.48,0.8888,2,0.49,0.9074,2,0
IWM191004C148,2019-10-03,2019-10-03 09:30:14,0.52,0.9629,90,0.47,0.8703,69,0.48,0.8888,2,0.495,0.9166,2,0
IWM191004C148,2019-10-03,2019-10-03 09:30:14,0.52,0.9629,90,0.47,0.8703,79,0.48,0.8888,2,0.495,0.9166,2,0
IWM191004C148,2019-10-03,2019-10-03 09:30:15,0.51,0.9444,75,0.47,0.8703,59,0.48,0.8888,2,0.49,0.9074,2,0
IWM191004C148,2019-10-03,2019-10-03 09:30:15,0.51,0.9444,75,0.47,0.8703,79,0.48,0.8888,2,0.49,0.9074,2,0
IWM191004C148,2019-10-03,2019-10-03 09:30:16,0.51,0.9444,45,0.47,0.8703,38,0.48,0.8888,2,0.49,0.9074,2,0
IWM191004C148,2019-10-03,2019-10-03 09:30:16,0.51,0.9444,45,0.47,0.8703,79,0.48,0.8888,2,0.49,0.9074,2,0
IWM191004C148,2019-10-03,2019-10-03 09:30:17,0.53,0.9814,83,0.48,0.8888,805,0.48,0.8888,2,0.505,0.9351,2,0
IWM191004C148,2019-10-03,2019-10-03 09:30:17,0.52,0.9629,75,0.48,0.8888,188,0.48,0.8888,2,0.5,0.9259,2,0
IWM191004C148,2019-10-03,2019-10-03 09:30:18,0.53,0.9814,83,0.48,0.8888,905,0.48,0.8888,2,0.505,0.9351,2,0
IWM191004C148,2019-10-03,2019-10-03 09:30:18,0.53,0.9814,83,0.48,0.8888,820,0.48,0.8888,2,0.505,0.9351,2,0
IWM191004C148,2019-10-03,2019-10-03 09:30:19,0.52,0.9629,20,0.48,0.8888,599,0.48,0.8888,2,0.5,0.9259,2,0
IWM191004C148,2019-10-03,2019-10-03 09:30:19,0.52,0.9629,83,0.47,0.8703,777,0.48,0.8888,2,0.495,0.9166,2,0
IWM191004C148,2019-10-03,2019-10-03 09:30:20,0.53,0.9814,83,0.48,0.8888,599,0.48,0.8888,2,0.505,0.9351,2,0
IWM191004C148,2019-10-03,2019-10-03 09:30:20,0.52,0.9629,17,0.48,0.8888,471,0.48,0.8888,2,0.5,0.9259,2,0
IWM191004C148,2019-10-03,2019-10-03 09:30:21,0.52,0.9629,287,0.47,0.8703,774,0.48,0.8888,2,0.495,0.9166,2,0
IWM191004C148,2019-10-03,2019-10-03 09:30:21,0.52,0.9629,108,0.47,0.8703,373,0.48,0.8888,2,0.495,0.9166,2,0
IWM191004C148,2019-10-03,2019-10-03 09:30:22,0.51,0.9444,98,0.47,0.8703,280,0.48,0.8888,2,0.49,0.9074,2,0
IWM191004C148,2019-10-03,2019-10-03 09:30:23,0.49,0.9074,76,0.47,0.8703,280,0.48,0.8888,2,0.48,0.8888,2,0
IWM191004C148,2019-10-03,2019-10-03 09:30:23,0.5,0.9259,197,0.47,0.8703,280,0.48,0.8888,2,0.485,0.8981,2,0
IWM191004C148,2019-10-03,2019-10-03 09:30:24,0.49,0.9074,229,0.47,0.8703,280,0.48,0.8888,2,0.48,0.8888,2,0
IWM191004C148,2019-10-03,2019-10-03 09:30:24,0.48,0.8888,110,0.44,0.8148,626,0.48,0.8888,2,0.46,0.8518,2,0
IWM191004C148,2019-10-03,2019-10-03 09:30:25,0.48,0.8888,387,0.44,0.8148,303,0.48,0.8888,2,0.46,0.8518,2,0
IWM191004C148,2019-10-03,2019-10-03 09:30:25,0.48,0.8888,337,0.44,0.8148,442,0.48,0.8888,2,0.46,0.8518,2,0
IWM191004C148,2019-10-03,2019-10-03 09:30:26,0.48,0.8888,381,0.44,0.8148,449,0.48,0.8888,2,0.46,0.8518,2,0
IWM191004C148,2019-10-03,2019-10-03 09:30:26,0.48,0.8888,407,0.44,0.8148,341,0.48,0.8888,2,0.46,0.8518,2,0
IWM191004C148,2019-10-03,2019-10-03 09:30:27,0.48,0.8888,411,0.44,0.8148,454,0.48,0.8888,2,0.46,0.8518,2,0
IWM191004C148,2019-10-03,2019-10-03 09:30:27,0.48,0.8888,241,0.44,0.8148,302,0.48,0.8888,2,0.46,0.8518,2,0
IWM191004C148,2019-10-03,2019-10-03 09:30:28,0.48,0.8888,445,0.44,0.8148,336,0.48,0.8888,2,0.46,0.8518,2,0
IWM191004C148,2019-10-03,2019-10-03 09:30:28,0.48,0.8888,445,0.44,0.8148,407,0.48,0.8888,2,0.46,0.8518,2,0
IWM191004C148,2019-10-03,2019-10-03 09:30:29,0.48,0.8888,449,0.44,0.8148,417,0.48,0.8888,2,0.46,0.8518,2,0
IWM191004C148,2019-10-03,2019-10-03 09:30:29,0.48,0.8888,360,0.44,0.8148,541,0.48,0.8888,2,0.46,0.8518,2,0
IWM191004C148,2019-10-03,2019-10-03 09:30:30,0.49,0.9074,65,0.44,0.8148,693,0.48,0.8888,2,0.465,0.8611,2,0
IWM191004C148,2019-10-03,2019-10-03 09:30:31,0.49,0.9074,294,0.46,0.8518,90,0.48,0.8888,2,0.475,0.8796,2,0
IWM191004C148,2019-10-03,2019-10-03 09:30:31,0.49,0.9074,270,0.46,0.8518,90,0.48,0.8888,2,0.475,0.8796,2,0
IWM191004C148,2019-10-03,2019-10-03 09:30:32,0.48,0.8888,252,0.46,0.8518,20,0.48,0.8888,2,0.47,0.8703,2,0
IWM191004C148,2019-10-03,2019-10-03 09:30:33,0.48,0.8888,308,0.45,0.8333,42,0.48,0.8888,2,0.465,0.8611,2,0
IWM191004C148,2019-10-03,2019-10-03 09:30:33,0.48,0.8888,252,0.45,0.8333,42,0.48,0.8888,2,0.465,0.8611,2,0
IWM191004C148,2019-10-03,2019-10-03 09:30:34,0.48,0.8888,441,0.46,0.8518,20,0.48,0.8888,2,0.47,0.8703,2,0
IWM191004C148,2019-10-03,2019-10-03 09:30:35,0.48,0.8888,441,0.46,0.8518,20,0.48,0.8888,2,0.47,0.8703,2,0
IWM191004C148,2019-10-03,2019-10-03 09:30:35,0.47,0.8703,333,0.46,0.8518,20,0.48,0.8888,2,0.465,0.8611,2,0
IWM191004C148,2019-10-03,2019-10-03 09:30:36,0.47,0.8703,333,0.45,0.8333,20,0.48,0.8888,2,0.46,0.8518,2,0
IWM191004C148,2019-10-03,2019-10-03 09:30:36,0.47,0.8703,310,0.45,0.8333,20,0.48,0.8888,2,0.46,0.8518,2,0
IWM191004C148,2019-10-03,2019-10-03 09:30:37,0.47,0.8703,494,0.45,0.8333,20,0.48,0.8888,2,0.46,0.8518,2,0
IWM191004C148,2019-10-03,2019-10-03 09:30:37,0.46,0.8518,149,0.44,0.8148,20,0.48,0.8888,2,0.45,0.8333,2,0
IWM191004C148,2019-10-03,2019-10-03 09:30:38,0.46,0.8518,294,0.44,0.8148,20,0.48,0.8888,2,0.45,0.8333,2,0
IWM191004C148,2019-10-03,2019-10-03 09:30:38,0.46,0.8518,280,0.44,0.8148,20,0.48,0.8888,2,0.45,0.8333,2,0
IWM191004C148,2019-10-03,2019-10-03 09:30:39,0.46,0.8518,269,0.44,0.8148,20,0.48,0.8888,2,0.45,0.8333,2,0
IWM191004C148,2019-10-03,2019-10-03 09:30:39,0.46,0.8518,242,0.44,0.8148,20,0.48,0.8888,2,0.45,0.8333,2,0
IWM191004C148,2019-10-03,2019-10-03 09:30:40,0.46,0.8518,152,0.45,0.8333,20,0.48,0.8888,2,0.455,0.8425,2,0
IWM191004C148,2019-10-03,2019-10-03 09:30:40,0.46,0.8518,266,0.45,0.8333,20,0.48,0.8888,2,0.455,0.8425,2,0
IWM191004C148,2019-10-03,2019-10-03 09:30:41,0.46,0.8518,94,0.45,0.8333,20,0.48,0.8888,2,0.455,0.8425,2,0
IWM191004C148,2019-10-03,2019-10-03 09:30:41,0.46,0.8518,79,0.45,0.8333,20,0.48,0.8888,2,0.455,0.8425,2,0
IWM191004C148,2019-10-03,2019-10-03 09:30:42,0.46,0.8518,79,0.45,0.8333,20,0.48,0.8888,2,0.455,0.8425,2,0
IWM191004C148,2019-10-03,2019-10-03 09:30:42,0.46,0.8518,79,0.45,0.8333,20,0.46,0.8518,3,0.455,0.8425,8,6
IWM191004C148,2019-10-03,2019-10-03 09:30:43,0.46,0.8518,66,0.45,0.8333,20,0.46,0.8518,3,0.455,0.8425,29,21
IWM191004C148,2019-10-03,2019-10-03 09:30:43,0.46,0.8518,151,0.45,0.8333,20,0.46,0.8518,3,0.455,0.8425,29,0
IWM191004C148,2019-10-03,2019-10-03 09:30:44,0.46,0.8518,151,0.45,0.8333,20,0.46,0.8518,3,0.455,0.8425,29,0
IWM191004C148,2019-10-03,2019-10-03 09:30:45,0.46,0.8518,151,0.45,0.8333,20,0.46,0.8518,3,0.455,0.8425,29,0
IWM191004C148,2019-10-03,2019-10-03 09:30:46,0.46,0.8518,166,0.44,0.8148,20,0.46,0.8518,3,0.45,0.8333,29,0
IWM191004C148,2019-10-03,2019-10-03 09:30:47,0.46,0.8518,332,0.44,0.8148,20,0.46,0.8518,3,0.45,0.8333,29,0
IWM191004C148,2019-10-03,2019-10-03 09:30:47,0.46,0.8518,292,0.44,0.8148,20,0.46,0.8518,3,0.45,0.8333,29,0
IWM191004C148,2019-10-03,2019-10-03 09:30:48,0.46,0.8518,362,0.44,0.8148,20,0.46,0.8518,3,0.45,0.8333,29,0
IWM191004C148,2019-10-03,2019-10-03 09:30:48,0.46,0.8518,395,0.44,0.8148,20,0.46,0.8518,3,0.45,0.8333,29,0
IWM191004C148,2019-10-03,2019-10-03 09:30:49,0.46,0.8518,294,0.44,0.8148,20,0.46,0.8518,3,0.45,0.8333,29,0
IWM191004C148,2019-10-03,2019-10-03 09:30:49,0.46,0.8518,293,0.44,0.8148,20,0.46,0.8518,3,0.45,0.8333,29,0
IWM191004C148,2019-10-03,2019-10-03 09:30:50,0.46,0.8518,303,0.44,0.8148,20,0.46,0.8518,3,0.45,0.8333,29,0
IWM191004C148,2019-10-03,2019-10-03 09:30:50,0.46,0.8518,281,0.44,0.8148,20,0.46,0.8518,3,0.45,0.8333,29,0
IWM191004C148,2019-10-03,2019-10-03 09:30:51,0.46,0.8518,281,0.44,0.8148,20,0.44,0.8148,2,0.45,0.8333,31,2
IWM191004C148,2019-10-03,2019-10-03 09:30:51,0.46,0.8518,404,0.44,0.8148,20,0.44,0.8148,2,0.45,0.8333,31,0
IWM191004C148,2019-10-03,2019-10-03 09:30:52,0.46,0.8518,296,0.44,0.8148,20,0.44,0.8148,2,0.45,0.8333,31,0
IWM191004C148,2019-10-03,2019-10-03 09:30:53,0.46,0.8518,235,0.44,0.8148,34,0.44,0.8148,2,0.45,0.8333,31,0
IWM191004C148,2019-10-03,2019-10-03 09:30:53,0.46,0.8518,313,0.44,0.8148,20,0.44,0.8148,2,0.45,0.8333,31,0
IWM191004C148,2019-10-03,2019-10-03 09:30:54,0.46,0.8518,202,0.44,0.8148,34,0.44,0.8148,2,0.45,0.8333,31,0
IWM191004C148,2019-10-03,2019-10-03 09:30:55,0.46,0.8518,202,0.44,0.8148,34,0.44,0.8148,2,0.45,0.8333,31,0
IWM191004C148,2019-10-03,2019-10-03 09:30:55,0.46,0.8518,202,0.45,0.8333,20,0.44,0.8148,2,0.455,0.8425,31,0
IWM191004C148,2019-10-03,2019-10-03 09:30:56,0.46,0.8518,202,0.45,0.8333,20,0.44,0.8148,2,0.455,0.8425,31,0
IWM191004C148,2019-10-03,2019-10-03 09:30:57,0.46,0.8518,41,0.44,0.8148,48,0.44,0.8148,2,0.45,0.8333,31,0
IWM191004C148,2019-10-03,2019-10-03 09:30:57,0.46,0.8518,23,0.45,0.8333,20,0.44,0.8148,2,0.455,0.8425,31,0
IWM191004C148,2019-10-03,2019-10-03 09:30:58,0.46,0.8518,23,0.45,0.8333,20,0.44,0.8148,2,0.455,0.8425,31,0
IWM191004C148,2019-10-03,2019-10-03 09:30:58,0.46,0.8518,68,0.45,0.8333,20,0.44,0.8148,2,0.455,0.8425,31,0
IWM191004C148,2019-10-03,2019-10-03 09:30:59,0.46,0.8518,156,0.44,0.8148,20,0.44,0.8148,2,0.45,0.8333,31,0
IWM191004C148,2019-10-03,2019-10-03 09:30:59,0.46,0.8518,54,0.45,0.8333,20,0.44,0.8148,2,0.455,0.8425,31,0
IWM191004C148,2019-10-03,2019-10-03 09:31:00,0.46,0.8518,1,0.45,0.8333,20,0.46,0.8518,1,0.455,0.8425,45,14
IWM191004C148,2019-10-03,2019-10-03 09:31:01,0.46,0.8518,216,0.44,0.8148,20,0.46,0.8518,1,0.45,0.8333,45,0
IWM191004C148,2019-10-03,2019-10-03 09:31:01,0.46,0.8518,12,0.44,0.8148,20,0.46,0.8518,1,0.45,0.8333,45,0
IWM191004C148,2019-10-03,2019-10-03 09:31:02,0.46,0.8518,256,0.44,0.8148,40,0.46,0.8518,1,0.45,0.8333,45,0
IWM191004C148,2019-10-03,2019-10-03 09:31:02,0.46,0.8518,260,0.43,0.7962,45,0.46,0.8518,1,0.445,0.824,45,0
IWM191004C148,2019-10-03,2019-10-03 09:31:03,0.46,0.8518,219,0.44,0.8148,40,0.46,0.8518,1,0.45,0.8333,45,0
IWM191004C148,2019-10-03,2019-10-03 09:31:03,0.46,0.8518,275,0.45,0.8333,20,0.46,0.8518,1,0.455,0.8425,45,0
IWM191004C148,2019-10-03,2019-10-03 09:31:04,0.46,0.8518,270,0.45,0.8333,20,0.46,0.8518,1,0.455,0.8425,45,0
IWM191004C148,2019-10-03,2019-10-03 09:31:04,0.46,0.8518,275,0.45,0.8333,20,0.46,0.8518,1,0.455,0.8425,45,0
IWM191004C148,2019-10-03,2019-10-03 09:31:05,0.46,0.8518,270,0.44,0.8148,40,0.46,0.8518,1,0.45,0.8333,45,0
IWM191004C148,2019-10-03,2019-10-03 09:31:06,0.45,0.8333,160,0.44,0.8148,20,0.46,0.8518,1,0.445,0.824,45,0
IWM191004C148,2019-10-03,2019-10-03 09:31:06,0.46,0.8518,192,0.44,0.8148,40,0.46,0.8518,1,0.45,0.8333,45,0
IWM191004C148,2019-10-03,2019-10-03 09:31:07,0.45,0.8333,169,0.43,0.7962,20,0.46,0.8518,1,0.44,0.8148,45,0
IWM191004C148,2019-10-03,2019-10-03 09:31:07,0.45,0.8333,232,0.43,0.7962,20,0.46,0.8518,1,0.44,0.8148,45,0
IWM191004C148,2019-10-03,2019-10-03 09:31:08,0.45,0.8333,444,0.43,0.7962,20,0.46,0.8518,1,0.44,0.8148,45,0
IWM191004C148,2019-10-03,2019-10-03 09:31:08,0.45,0.8333,401,0.43,0.7962,20,0.46,0.8518,1,0.44,0.8148,45,0
IWM191004C148,2019-10-03,2019-10-03 09:31:09,0.44,0.8148,180,0.43,0.7962,20,0.46,0.8518,1,0.435,0.8055,45,0
IWM191004C148,2019-10-03,2019-10-03 09:31:09,0.44,0.8148,209,0.41,0.7592,162,0.46,0.8518,1,0.425,0.787,45,0
IWM191004C148,2019-10-03,2019-10-03 09:31:10,0.44,0.8148,209,0.41,0.7592,203,0.46,0.8518,1,0.425,0.787,45,0
IWM191004C148,2019-10-03,2019-10-03 09:31:10,0.44,0.8148,162,0.41,0.7592,110,0.46,0.8518,1,0.425,0.787,45,0
IWM191004C148,2019-10-03,2019-10-03 09:31:11,0.44,0.8148,461,0.42,0.7777,20,0.46,0.8518,1,0.43,0.7962,45,0
IWM191004C148,2019-10-03,2019-10-03 09:31:12,0.44,0.8148,335,0.4,0.7407,333,0.46,0.8518,1,0.42,0.7777,45,0
IWM191004C148,2019-10-03,2019-10-03 09:31:12,0.44,0.8148,417,0.4,0.7407,333,0.46,0.8518,1,0.42,0.7777,45,0
IWM191004C148,2019-10-03,2019-10-03 09:31:13,0.43,0.7962,176,0.41,0.7592,65,0.46,0.8518,1,0.42,0.7777,45,0
IWM191004C148,2019-10-03,2019-10-03 09:31:13,0.44,0.8148,362,0.4,0.7407,333,0.46,0.8518,1,0.42,0.7777,45,0
IWM191004C148,2019-10-03,2019-10-03 09:31:14,0.43,0.7962,274,0.41,0.7592,65,0.46,0.8518,1,0.42,0.7777,45,0
IWM191004C148,2019-10-03,2019-10-03 09:31:14,0.43,0.7962,238,0.41,0.7592,20,0.46,0.8518,1,0.42,0.7777,45,0
IWM191004C148,2019-10-03,2019-10-03 09:31:15,0.43,0.7962,146,0.41,0.7592,20,0.46,0.8518,1,0.42,0.7777,45,0
IWM191004C148,2019-10-03,2019-10-03 09:31:15,0.43,0.7962,162,0.41,0.7592,20,0.46,0.8518,1,0.42,0.7777,45,0
IWM191004C148,2019-10-03,2019-10-03 09:31:16,0.43,0.7962,175,0.41,0.7592,63,0.46,0.8518,1,0.42,0.7777,45,0
IWM191004C148,2019-10-03,2019-10-03 09:31:16,0.43,0.7962,306,0.41,0.7592,63,0.46,0.8518,1,0.42,0.7777,45,0
IWM191004C148,2019-10-03,2019-10-03 09:31:17,0.43,0.7962,312,0.41,0.7592,44,0.46,0.8518,1,0.42,0.7777,45,0
IWM191004C148,2019-10-03,2019-10-03 09:31:17,0.43,0.7962,306,0.41,0.7592,20,0.46,0.8518,1,0.42,0.7777,45,0
IWM191004C148,2019-10-03,2019-10-03 09:31:18,0.43,0.7962,312,0.41,0.7592,44,0.46,0.8518,1,0.42,0.7777,45,0
IWM191004C148,2019-10-03,2019-10-03 09:31:18,0.43,0.7962,313,0.41,0.7592,20,0.46,0.8518,1,0.42,0.7777,45,0
IWM191004C148,2019-10-03,2019-10-03 09:31:19,0.43,0.7962,313,0.41,0.7592,20,0.46,0.8518,1,0.42,0.7777,45,0
IWM191004C148,2019-10-03,2019-10-03 09:31:19,0.43,0.7962,233,0.4,0.7407,27,0.46,0.8518,1,0.415,0.7685,45,0
IWM191004C148,2019-10-03,2019-10-03 09:31:20,0.43,0.7962,401,0.4,0.7407,27,0.46,0.8518,1,0.415,0.7685,45,0
IWM191004C148,2019-10-03,2019-10-03 09:31:20,0.43,0.7962,502,0.4,0.7407,93,0.46,0.8518,1,0.415,0.7685,45,0
IWM191004C148,2019-10-03,2019-10-03 09:31:21,0.43,0.7962,363,0.4,0.7407,93,0.46,0.8518,1,0.415,0.7685,45,0
IWM191004C148,2019-10-03,2019-10-03 09:31:21,0.43,0.7962,138,0.41,0.7592,20,0.46,0.8518,1,0.42,0.7777,45,0
IWM191004C148,2019-10-03,2019-10-03 09:31:22,0.43,0.7962,10,0.41,0.7592,80,0.46,0.8518,1,0.42,0.7777,45,0
IWM191004C148,2019-10-03,2019-10-03 09:31:22,0.43,0.7962,80,0.41,0.7592,21,0.46,0.8518,1,0.42,0.7777,45,0
IWM191004C148,2019-10-03,2019-10-03 09:31:23,0.43,0.7962,127,0.4,0.7407,305,0.46,0.8518,1,0.415,0.7685,45,0
IWM191004C148,2019-10-03,2019-10-03 09:31:23,0.43,0.7962,359,0.4,0.7407,150,0.46,0.8518,1,0.415,0.7685,45,0
IWM191004C148,2019-10-03,2019-10-03 09:31:24,0.43,0.7962,398,0.4,0.7407,67,0.46,0.8518,1,0.415,0.7685,45,0
IWM191004C148,2019-10-03,2019-10-03 09:31:24,0.43,0.7962,388,0.4,0.7407,90,0.46,0.8518,1,0.415,0.7685,45,0
IWM191004C148,2019-10-03,2019-10-03 09:31:25,0.43,0.7962,405,0.39,0.7222,175,0.46,0.8518,1,0.41,0.7592,45,0
IWM191004C148,2019-10-03,2019-10-03 09:31:25,0.43,0.7962,415,0.39,0.7222,175,0.46,0.8518,1,0.41,0.7592,45,0
IWM191004C148,2019-10-03,2019-10-03 09:31:26,0.43,0.7962,405,0.4,0.7407,31,0.46,0.8518,1,0.415,0.7685,45,0
IWM191004C148,2019-10-03,2019-10-03 09:31:27,0.43,0.7962,305,0.41,0.7592,20,0.46,0.8518,1,0.42,0.7777,45,0
IWM191004C148,2019-10-03,2019-10-03 09:31:27,0.43,0.7962,405,0.41,0.7592,20,0.46,0.8518,1,0.42,0.7777,45,0
IWM191004C148,2019-10-03,2019-10-03 09:31:28,0.43,0.7962,305,0.41,0.7592,20,0.46,0.8518,1,0.42,0.7777,45,0
IWM191004C148,2019-10-03,2019-10-03 09:31:29,0.43,0.7962,305,0.41,0.7592,31,0.46,0.8518,1,0.42,0.7777,45,0
IWM191004C148,2019-10-03,2019-10-03 09:31:29,0.43,0.7962,182,0.41,0.7592,20,0.46,0.8518,1,0.42,0.7777,45,0
IWM191004C148,2019-10-03,2019-10-03 09:31:30,0.43,0.7962,202,0.41,0.7592,20,0.46,0.8518,1,0.42,0.7777,45,0
IWM191004C148,2019-10-03,2019-10-03 09:31:30,0.43,0.7962,257,0.41,0.7592,36,0.46,0.8518,1,0.42,0.7777,45,0
IWM191004C148,2019-10-03,2019-10-03 09:31:31,0.43,0.7962,257,0.41,0.7592,36,0.46,0.8518,1,0.42,0.7777,45,0
IWM191004C148,2019-10-03,2019-10-03 09:31:31,0.43,0.7962,371,0.41,0.7592,36,0.46,0.8518,1,0.42,0.7777,45,0
IWM191004C148,2019-10-03,2019-10-03 09:31:32,0.44,0.8148,25,0.42,0.7777,21,0.46,0.8518,1,0.43,0.7962,45,0
IWM191004C148,2019-10-03,2019-10-03 09:31:32,0.43,0.7962,10,0.41,0.7592,33,0.46,0.8518,1,0.42,0.7777,45,0
IWM191004C148,2019-10-03,2019-10-03 09:31:33,0.45,0.8333,44,0.43,0.7962,55,0.46,0.8518,1,0.44,0.8148,45,0
IWM191004C148,2019-10-03,2019-10-03 09:31:33,0.45,0.8333,44,0.43,0.7962,38,0.46,0.8518,1,0.44,0.8148,45,0
IWM191004C148,2019-10-03,2019-10-03 09:31:34,0.45,0.8333,53,0.44,0.8148,26,0.46,0.8518,1,0.445,0.824,45,0
IWM191004C148,2019-10-03,2019-10-03 09:31:34,0.46,0.8518,150,0.43,0.7962,80,0.46,0.8518,1,0.445,0.824,45,0
IWM191004C148,2019-10-03,2019-10-03 09:31:35,0.46,0.8518,83,0.43,0.7962,157,0.46,0.8518,1,0.445,0.824,45,0
IWM191004C148,2019-10-03,2019-10-03 09:31:35,0.46,0.8518,70,0.44,0.8148,70,0.46,0.8518,1,0.45,0.8333,45,0
IWM191004C148,2019-10-03,2019-10-03 09:31:36,0.46,0.8518,81,0.44,0.8148,34,0.46,0.8518,1,0.45,0.8333,45,0
IWM191004C148,2019-10-03,2019-10-03 09:31:36,0.46,0.8518,20,0.44,0.8148,60,0.46,0.8518,1,0.45,0.8333,45,0
IWM191004C148,2019-10-03,2019-10-03 09:31:37,0.47,0.8703,433,0.44,0.8148,111,0.46,0.8518,1,0.455,0.8425,45,0
IWM191004C148,2019-10-03,2019-10-03 09:31:37,0.47,0.8703,197,0.44,0.8148,182,0.46,0.8518,1,0.455,0.8425,45,0
IWM191004C148,2019-10-03,2019-10-03 09:31:38,0.47,0.8703,180,0.44,0.8148,326,0.46,0.8518,1,0.455,0.8425,45,0
IWM191004C148,2019-10-03,2019-10-03 09:31:38,0.47,0.8703,66,0.44,0.8148,363,0.46,0.8518,1,0.455,0.8425,45,0
IWM191004C148,2019-10-03,2019-10-03 09:31:39,0.47,0.8703,26,0.45,0.8333,58,0.46,0.8518,1,0.46,0.8518,45,0
IWM191004C148,2019-10-03,2019-10-03 09:31:39,0.48,0.8888,150,0.46,0.8518,20,0.46,0.8518,1,0.47,0.8703,45,0
IWM191004C148,2019-10-03,2019-10-03 09:31:40,0.48,0.8888,224,0.46,0.8518,20,0.46,0.8518,1,0.47,0.8703,45,0
IWM191004C148,2019-10-03,2019-10-03 09:31:40,0.48,0.8888,17,0.46,0.8518,150,0.46,0.8518,1,0.47,0.8703,45,0
IWM191004C148,2019-10-03,2019-10-03 09:31:41,0.48,0.8888,33,0.46,0.8518,92,0.46,0.8518,1,0.47,0.8703,45,0
IWM191004C148,2019-10-03,2019-10-03 09:31:41,0.48,0.8888,41,0.46,0.8518,105,0.46,0.8518,1,0.47,0.8703,45,0
IWM191004C148,2019-10-03,2019-10-03 09:31:42,0.48,0.8888,17,0.46,0.8518,240,0.46,0.8518,1,0.47,0.8703,45,0
IWM191004C148,2019-10-03,2019-10-03 09:31:42,0.48,0.8888,15,0.46,0.8518,410,0.46,0.8518,1,0.47,0.8703,45,0
IWM191004C148,2019-10-03,2019-10-03 09:31:43,0.48,0.8888,17,0.46,0.8518,61,0.46,0.8518,1,0.47,0.8703,45,0
IWM191004C148,2019-10-03,2019-10-03 09:31:43,0.48,0.8888,35,0.46,0.8518,279,0.46,0.8518,1,0.47,0.8703,45,0
IWM191004C148,2019-10-03,2019-10-03 09:31:44,0.49,0.9074,47,0.47,0.8703,120,0.46,0.8518,1,0.48,0.8888,45,0
IWM191004C148,2019-10-03,2019-10-03 09:31:44,0.48,0.8888,4,0.47,0.8703,34,0.46,0.8518,1,0.475,0.8796,45,0
IWM191004C148,2019-10-03,2019-10-03 09:31:45,0.48,0.8888,4,0.46,0.8518,153,0.46,0.8518,1,0.47,0.8703,45,0
IWM191004C148,2019-10-03,2019-10-03 09:31:45,0.48,0.8888,19,0.46,0.8518,93,0.46,0.8518,1,0.47,0.8703,45,0
IWM191004C148,2019-10-03,2019-10-03 09:31:46,0.48,0.8888,201,0.45,0.8333,140,0.46,0.8518,1,0.465,0.8611,45,0
IWM191004C148,2019-10-03,2019-10-03 09:31:46,0.48,0.8888,256,0.45,0.8333,140,0.46,0.8518,1,0.465,0.8611,45,0
IWM191004C148,2019-10-03,2019-10-03 09:31:47,0.48,0.8888,17,0.46,0.8518,322,0.46,0.8518,1,0.47,0.8703,45,0
IWM191004C148,2019-10-03,2019-10-03 09:31:47,0.48,0.8888,66,0.46,0.8518,33,0.46,0.8518,1,0.47,0.8703,45,0
IWM191004C148,2019-10-03,2019-10-03 09:31:48,0.48,0.8888,22,0.47,0.8703,20,0.46,0.8518,1,0.475,0.8796,45,0
IWM191004C148,2019-10-03,2019-10-03 09:31:49,0.49,0.9074,27,0.47,0.8703,220,0.46,0.8518,1,0.48,0.8888,45,0
IWM191004C148,2019-10-03,2019-10-03 09:31:49,0.49,0.9074,51,0.47,0.8703,82,0.46,0.8518,1,0.48,0.8888,45,0
IWM191004C148,2019-10-03,2019-10-03 09:31:50,0.5,0.9259,117,0.48,0.8888,22,0.46,0.8518,1,0.49,0.9074,45,0
IWM191004C148,2019-10-03,2019-10-03 09:31:51,0.5,0.9259,117,0.48,0.8888,62,0.46,0.8518,1,0.49,0.9074,45,0
IWM191004C148,2019-10-03,2019-10-03 09:31:51,0.5,0.9259,117,0.48,0.8888,51,0.46,0.8518,1,0.49,0.9074,45,0
IWM191004C148,2019-10-03,2019-10-03 09:31:52,0.5,0.9259,42,0.48,0.8888,97,0.46,0.8518,1,0.49,0.9074,45,0
IWM191004C148,2019-10-03,2019-10-03 09:31:52,0.5,0.9259,174,0.48,0.8888,51,0.46,0.8518,1,0.49,0.9074,45,0
IWM191004C148,2019-10-03,2019-10-03 09:31:53,0.51,0.9444,31,0.49,0.9074,36,0.46,0.8518,1,0.5,0.9259,45,0
IWM191004C148,2019-10-03,2019-10-03 09:31:53,0.51,0.9444,31,0.49,0.9074,60,0.46,0.8518,1,0.5,0.9259,45,0
IWM191004C148,2019-10-03,2019-10-03 09:31:54,0.51,0.9444,19,0.49,0.9074,113,0.46,0.8518,1,0.5,0.9259,45,0
IWM191004C148,2019-10-03,2019-10-03 09:31:54,0.51,0.9444,130,0.48,0.8888,49,0.46,0.8518,1,0.495,0.9166,45,0
IWM191004C148,2019-10-03,2019-10-03 09:31:55,0.51,0.9444,423,0.48,0.8888,168,0.46,0.8518,1,0.495,0.9166,45,0
IWM191004C148,2019-10-03,2019-10-03 09:31:55,0.51,0.9444,418,0.48,0.8888,138,0.46,0.8518,1,0.495,0.9166,45,0
IWM191004C148,2019-10-03,2019-10-03 09:31:56,0.5,0.9259,11,0.48,0.8888,198,0.46,0.8518,1,0.49,0.9074,45,0
IWM191004C148,2019-10-03,2019-10-03 09:31:56,0.5,0.9259,11,0.48,0.8888,226,0.46,0.8518,1,0.49,0.9074,45,0
IWM191004C148,2019-10-03,2019-10-03 09:31:57,0.5,0.9259,5,0.48,0.8888,198,0.46,0.8518,1,0.49,0.9074,45,0
IWM191004C148,2019-10-03,2019-10-03 09:31:57,0.51,0.9444,282,0.48,0.8888,226,0.46,0.8518,1,0.495,0.9166,45,0
IWM191004C148,2019-10-03,2019-10-03 09:31:58,0.5,0.9259,108,0.47,0.8703,265,0.46,0.8518,1,0.485,0.8981,45,0
IWM191004C148,2019-10-03,2019-10-03 09:31:58,0.5,0.9259,25,0.48,0.8888,237,0.46,0.8518,1,0.49,0.9074,45,0
IWM191004C148,2019-10-03,2019-10-03 09:31:59,0.5,0.9259,355,0.47,0.8703,137,0.46,0.8518,1,0.485,0.8981,45,0
IWM191004C148,2019-10-03,2019-10-03 09:31:59,0.49,0.9074,14,0.48,0.8888,20,0.46,0.8518,1,0.485,0.8981,45,0
IWM191004C148,2019-10-03,2019-10-03 09:32:00,0.49,0.9074,14,0.47,0.8703,152,0.46,0.8518,1,0.48,0.8888,45,0
IWM191004C148,2019-10-03,2019-10-03 09:32:00,0.49,0.9074,14,0.47,0.8703,233,0.46,0.8518,1,0.48,0.8888,45,0
IWM191004C148,2019-10-03,2019-10-03 09:32:01,0.48,0.8888,34,0.46,0.8518,72,0.46,0.8518,1,0.47,0.8703,45,0
IWM191004C148,2019-10-03,2019-10-03 09:32:01,0.49,0.9074,332,0.46,0.8518,159,0.46,0.8518,1,0.475,0.8796,45,0
IWM191004C148,2019-10-03,2019-10-03 09:32:02,0.47,0.8703,14,0.46,0.8518,169,0.46,0.8518,1,0.465,0.8611,45,0
IWM191004C148,2019-10-03,2019-10-03 09:32:02,0.48,0.8888,27,0.46,0.8518,73,0.46,0.8518,1,0.47,0.8703,45,0
IWM191004C148,2019-10-03,2019-10-03 09:32:03,0.48,0.8888,4,0.47,0.8703,20,0.46,0.8518,1,0.475,0.8796,45,0
IWM191004C148,2019-10-03,2019-10-03 09:32:03,0.48,0.8888,26,0.46,0.8518,154,0.46,0.8518,1,0.47,0.8703,45,0
IWM191004C148,2019-10-03,2019-10-03 09:32:04,0.49,0.9074,43,0.47,0.8703,92,0.46,0.8518,1,0.48,0.8888,45,0
IWM191004C148,2019-10-03,2019-10-03 09:32:04,0.49,0.9074,54,0.47,0.8703,129,0.46,0.8518,1,0.48,0.8888,45,0
IWM191004C148,2019-10-03,2019-10-03 09:32:05,0.49,0.9074,43,0.47,0.8703,129,0.46,0.8518,1,0.48,0.8888,45,0
IWM191004C148,2019-10-03,2019-10-03 09:32:05,0.49,0.9074,15,0.48,0.8888,74,0.46,0.8518,1,0.485,0.8981,45,0
IWM191004C148,2019-10-03,2019-10-03 09:32:06,0.51,0.9444,48,0.48,0.8888,226,0.46,0.8518,1,0.495,0.9166,45,0
IWM191004C148,2019-10-03,2019-10-03 09:32:06,0.51,0.9444,40,0.48,0.8888,416,0.46,0.8518,1,0.495,0.9166,45,0
IWM191004C148,2019-10-03,2019-10-03 09:32:07,0.52,0.9629,33,0.5,0.9259,45,0.46,0.8518,1,0.51,0.9444,45,0
IWM191004C148,2019-10-03,2019-10-03 09:32:07,0.52,0.9629,35,0.5,0.9259,126,0.46,0.8518,1,0.51,0.9444,45,0
IWM191004C148,2019-10-03,2019-10-03 09:32:08,0.53,0.9814,18,0.5,0.9259,364,0.46,0.8518,1,0.515,0.9537,45,0
IWM191004C148,2019-10-03,2019-10-03 09:32:08,0.53,0.9814,55,0.5,0.9259,300,0.46,0.8518,1,0.515,0.9537,45,0
IWM191004C148,2019-10-03,2019-10-03 09:32:09,0.53,0.9814,10,0.51,0.9444,109,0.46,0.8518,1,0.52,0.9629,45,0
IWM191004C148,2019-10-03,2019-10-03 09:32:09,0.53,0.9814,203,0.51,0.9444,34,0.46,0.8518,1,0.52,0.9629,45,0
IWM191004C148,2019-10-03,2019-10-03 09:32:10,0.54,1.0,4,0.52,0.9629,219,0.46,0.8518,1,0.53,0.9814,45,0
IWM191004C148,2019-10-03,2019-10-03 09:32:10,0.54,1.0,13,0.52,0.9629,159,0.46,0.8518,1,0.53,0.9814,45,0
IWM191004C148,2019-10-03,2019-10-03 09:32:11,0.54,1.0,22,0.52,0.9629,219,0.46,0.8518,1,0.53,0.9814,45,0
IWM191004C148,2019-10-03,2019-10-03 09:32:12,0.54,1.0,22,0.52,0.9629,219,0.46,0.8518,1,0.53,0.9814,45,0
IWM191004C148,2019-10-03,2019-10-03 09:32:12,0.54,1.0,46,0.52,0.9629,84,0.46,0.8518,1,0.53,0.9814,45,0
IWM191004C148,2019-10-03,2019-10-03 09:32:13,0.53,0.9814,27,0.51,0.9444,241,0.46,0.8518,1,0.52,0.9629,45,0
IWM191004C148,2019-10-03,2019-10-03 09:32:13,0.53,0.9814,17,0.52,0.9629,12,0.46,0.8518,1,0.525,0.9722,45,0
IWM191004C148,2019-10-03,2019-10-03 09:32:14,0.53,0.9814,27,0.51,0.9444,241,0.46,0.8518,1,0.52,0.9629,45,0
IWM191004C148,2019-10-03,2019-10-03 09:32:14,0.53,0.9814,22,0.51,0.9444,228,0.46,0.8518,1,0.52,0.9629,45,0
IWM191004C148,2019-10-03,2019-10-03 09:32:15,0.52,0.9629,12,0.5,0.9259,36,0.46,0.8518,1,0.51,0.9444,45,0
IWM191004C148,2019-10-03,2019-10-03 09:32:15,0.53,0.9814,77,0.51,0.9444,96,0.46,0.8518,1,0.52,0.9629,45,0
IWM191004C148,2019-10-03,2019-10-03 09:32:16,0.51,0.9444,6,0.5,0.9259,24,0.46,0.8518,1,0.505,0.9351,45,0
IWM191004C148,2019-10-03,2019-10-03 09:32:16,0.51,0.9444,6,0.5,0.9259,36,0.46,0.8518,1,0.505,0.9351,45,0
IWM191004C148,2019-10-03,2019-10-03 09:32:17,0.52,0.9629,75,0.5,0.9259,66,0.46,0.8518,1,0.51,0.9444,45,0
IWM191004C148,2019-10-03,2019-10-03 09:32:18,0.52,0.9629,55,0.5,0.9259,174,0.46,0.8518,1,0.51,0.9444,45,0
IWM191004C148,2019-10-03,2019-10-03 09:32:18,0.52,0.9629,55,0.5,0.9259,72,0.46,0.8518,1,0.51,0.9444,45,0
IWM191004C148,2019-10-03,2019-10-03 09:32:19,0.52,0.9629,17,0.5,0.9259,354,0.46,0.8518,1,0.51,0.9444,45,0
IWM191004C148,2019-10-03,2019-10-03 09:32:19,0.52,0.9629,17,0.5,0.9259,216,0.46,0.8518,1,0.51,0.9444,45,0
IWM191004C148,2019-10-03,2019-10-03 09:32:20,0.53,0.9814,29,0.51,0.9444,104,0.46,0.8518,1,0.52,0.9629,45,0
IWM191004C148,2019-10-03,2019-10-03 09:32:20,0.53,0.9814,27,0.51,0.9444,209,0.46,0.8518,1,0.52,0.9629,45,0
IWM191004C148,2019-10-03,2019-10-03 09:32:21,0.53,0.9814,27,0.51,0.9444,176,0.46,0.8518,1,0.52,0.9629,45,0
IWM191004C148,2019-10-03,2019-10-03 09:32:21,0.53,0.9814,22,0.51,0.9444,250,0.46,0.8518,1,0.52,0.9629,45,0
IWM191004C148,2019-10-03,2019-10-03 09:32:22,0.54,1.0,22,0.52,0.9629,65,0.46,0.8518,1,0.53,0.9814,45,0
IWM191004C148,2019-10-03,2019-10-03 09:32:22,0.55,1.0185,8,0.53,0.9814,39,0.46,0.8518,1,0.54,1.0,45,0
IWM191004C148,2019-10-03,2019-10-03 09:32:23,0.55,1.0185,58,0.53,0.9814,59,0.46,0.8518,1,0.54,1.0,45,0
IWM191004C148,2019-10-03,2019-10-03 09:32:23,0.54,1.0,5,0.53,0.9814,157,0.46,0.8518,1,0.535,0.9907,45,0
IWM191004C148,2019-10-03,2019-10-03 09:32:24,0.55,1.0185,90,0.53,0.9814,26,0.46,0.8518,1,0.54,1.0,45,0
IWM191004C148,2019-10-03,2019-10-03 09:32:24,0.54,1.0,66,0.52,0.9629,71,0.46,0.8518,1,0.53,0.9814,45,0
IWM191004C148,2019-10-03,2019-10-03 09:32:25,0.54,1.0,333,0.51,0.9444,89,0.46,0.8518,1,0.525,0.9722,45,0
IWM191004C148,2019-10-03,2019-10-03 09:32:25,0.53,0.9814,22,0.51,0.9444,204,0.46,0.8518,1,0.52,0.9629,45,0
IWM191004C148,2019-10-03,2019-10-03 09:32:26,0.53,0.9814,5,0.51,0.9444,315,0.46,0.8518,1,0.52,0.9629,45,0
IWM191004C148,2019-10-03,2019-10-03 09:32:26,0.53,0.9814,22,0.51,0.9444,116,0.46,0.8518,1,0.52,0.9629,45,0
IWM191004C148,2019-10-03,2019-10-03 09:32:27,0.53,0.9814,15,0.52,0.9629,54,0.46,0.8518,1,0.525,0.9722,45,0
IWM191004C148,2019-10-03,2019-10-03 09:32:27,0.53,0.9814,15,0.52,0.9629,41,0.46,0.8518,1,0.525,0.9722,45,0
IWM191004C148,2019-10-03,2019-10-03 09:32:28,0.53,0.9814,15,0.52,0.9629,41,0.46,0.8518,1,0.525,0.9722,45,0
IWM191004C148,2019-10-03,2019-10-03 09:32:28,0.53,0.9814,22,0.52,0.9629,2,0.46,0.8518,1,0.525,0.9722,45,0
IWM191004C148,2019-10-03,2019-10-03 09:32:29,0.53,0.9814,15,0.52,0.9629,35,0.46,0.8518,1,0.525,0.9722,45,0
IWM191004C148,2019-10-03,2019-10-03 09:32:29,0.53,0.9814,5,0.52,0.9629,35,0.46,0.8518,1,0.525,0.9722,45,0
IWM191004C148,2019-10-03,2019-10-03 09:32:30,0.53,0.9814,22,0.52,0.9629,2,0.46,0.8518,1,0.525,0.9722,45,0
IWM191004C148,2019-10-03,2019-10-03 09:32:30,0.54,1.0,6,0.52,0.9629,2,0.46,0.8518,1,0.53,0.9814,45,0
IWM191004C148,2019-10-03,2019-10-03 09:32:31,0.55,1.0185,51,0.52,0.9629,112,0.46,0.8518,1,0.535,0.9907,45,0
IWM191004C148,2019-10-03,2019-10-03 09:32:32,0.55,1.0185,57,0.52,0.9629,112,0.46,0.8518,1,0.535,0.9907,45,0
IWM191004C148,2019-10-03,2019-10-03 09:32:32,0.56,1.037,81,0.53,0.9814,21,0.46,0.8518,1,0.545,1.0092,45,0
IWM191004C148,2019-10-03,2019-10-03 09:32:33,0.55,1.0185,10,0.53,0.9814,63,0.46,0.8518,1,0.54,1.0,45,0
IWM191004C148,2019-10-03,2019-10-03 09:32:33,0.55,1.0185,10,0.53,0.9814,27,0.46,0.8518,1,0.54,1.0,45,0
IWM191004C148,2019-10-03,2019-10-03 09:32:34,0.55,1.0185,10,0.53,0.9814,70,0.46,0.8518,1,0.54,1.0,45,0
IWM191004C148,2019-10-03,2019-10-03 09:32:35,0.56,1.037,21,0.53,0.9814,180,0.46,0.8518,1,0.545,1.0092,45,0
IWM191004C148,2019-10-03,2019-10-03 09:32:35,0.56,1.037,25,0.53,0.9814,88,0.46,0.8518,1,0.545,1.0092,45,0
IWM191004C148,2019-10-03,2019-10-03 09:32:36,0.56,1.037,37,0.53,0.9814,80,0.46,0.8518,1,0.545,1.0092,45,0
IWM191004C148,2019-10-03,2019-10-03 09:32:36,0.56,1.037,34,0.53,0.9814,88,0.46,0.8518,1,0.545,1.0092,45,0
IWM191004C148,2019-10-03,2019-10-03 09:32:37,0.55,1.0185,28,0.52,0.9629,45,0.46,0.8518,1,0.535,0.9907,45,0
IWM191004C148,2019-10-03,2019-10-03 09:32:37,0.56,1.037,35,0.53,0.9814,80,0.46,0.8518,1,0.545,1.0092,45,0
IWM191004C148,2019-10-03,2019-10-03 09:32:38,0.55,1.0185,22,0.53,0.9814,9,0.46,0.8518,1,0.54,1.0,45,0
IWM191004C148,2019-10-03,2019-10-03 09:32:38,0.55,1.0185,22,0.53,0.9814,7,0.46,0.8518,1,0.54,1.0,45,0
IWM191004C148,2019-10-03,2019-10-03 09:32:39,0.56,1.037,26,0.53,0.9814,61,0.46,0.8518,1,0.545,1.0092,45,0
IWM191004C148,2019-10-03,2019-10-03 09:32:39,0.56,1.037,24,0.53,0.9814,41,0.46,0.8518,1,0.545,1.0092,45,0
IWM191004C148,2019-10-03,2019-10-03 09:32:40,0.56,1.037,26,0.54,1.0,24,0.46,0.8518,1,0.55,1.0185,45,0
IWM191004C148,2019-10-03,2019-10-03 09:32:40,0.56,1.037,26,0.53,0.9814,61,0.46,0.8518,1,0.545,1.0092,45,0
IWM191004C148,2019-10-03,2019-10-03 09:32:41,0.56,1.037,120,0.53,0.9814,93,0.46,0.8518,1,0.545,1.0092,45,0
IWM191004C148,2019-10-03,2019-10-03 09:32:41,0.56,1.037,124,0.54,1.0,32,0.46,0.8518,1,0.55,1.0185,45,0
IWM191004C148,2019-10-03,2019-10-03 09:32:42,0.56,1.037,33,0.55,1.0185,25,0.46,0.8518,1,0.555,1.0277,45,0
IWM191004C148,2019-10-03,2019-10-03 09:32:42,0.56,1.037,222,0.53,0.9814,93,0.46,0.8518,1,0.545,1.0092,45,0
IWM191004C148,2019-10-03,2019-10-03 09:32:43,0.57,1.0555,108,0.54,1.0,45,0.46,0.8518,1,0.555,1.0277,45,0
IWM191004C148,2019-10-03,2019-10-03 09:32:43,0.57,1.0555,108,0.54,1.0,65,0.46,0.8518,1,0.555,1.0277,45,0
IWM191004C148,2019-10-03,2019-10-03 09:32:44,0.57,1.0555,192,0.55,1.0185,2,0.46,0.8518,1,0.56,1.037,45,0
IWM191004C148,2019-10-03,2019-10-03 09:32:44,0.57,1.0555,192,0.55,1.0185,22,0.46,0.8518,1,0.56,1.037,45,0
IWM191004C148,2019-10-03,2019-10-03 09:32:45,0.57,1.0555,270,0.54,1.0,26,0.46,0.8518,1,0.555,1.0277,45,0
IWM191004C148,2019-10-03,2019-10-03 09:32:45,0.57,1.0555,192,0.54,1.0,26,0.46,0.8518,1,0.555,1.0277,45,0
IWM191004C148,2019-10-03,2019-10-03 09:32:46,0.57,1.0555,270,0.54,1.0,35,0.46,0.8518,1,0.555,1.0277,45,0
IWM191004C148,2019-10-03,2019-10-03 09:32:46,0.57,1.0555,235,0.54,1.0,48,0.46,0.8518,1,0.555,1.0277,45,0
IWM191004C148,2019-10-03,2019-10-03 09:32:47,0.57,1.0555,256,0.54,1.0,49,0.46,0.8518,1,0.555,1.0277,45,0
IWM191004C148,2019-10-03,2019-10-03 09:32:47,0.57,1.0555,256,0.54,1.0,48,0.46,0.8518,1,0.555,1.0277,45,0
IWM191004C148,2019-10-03,2019-10-03 09:32:48,0.56,1.037,198,0.54,1.0,6,0.46,0.8518,1,0.55,1.0185,45,0
IWM191004C148,2019-10-03,2019-10-03 09:32:48,0.56,1.037,41,0.54,1.0,6,0.46,0.8518,1,0.55,1.0185,45,0
IWM191004C148,2019-10-03,2019-10-03 09:32:49,0.56,1.037,199,0.54,1.0,6,0.46,0.8518,1,0.55,1.0185,45,0
IWM191004C148,2019-10-03,2019-10-03 09:32:50,0.55,1.0185,22,0.53,0.9814,20,0.46,0.8518,1,0.54,1.0,45,0
IWM191004C148,2019-10-03,2019-10-03 09:32:50,0.55,1.0185,22,0.53,0.9814,56,0.46,0.8518,1,0.54,1.0,45,0
IWM191004C148,2019-10-03,2019-10-03 09:32:51,0.56,1.037,186,0.54,1.0,10,0.46,0.8518,1,0.55,1.0185,45,0
IWM191004C148,2019-10-03,2019-10-03 09:32:51,0.57,1.0555,167,0.54,1.0,32,0.46,0.8518,1,0.555,1.0277,45,0
IWM191004C148,2019-10-03,2019-10-03 09:32:52,0.57,1.0555,228,0.54,1.0,36,0.46,0.8518,1,0.555,1.0277,45,0
IWM191004C148,2019-10-03,2019-10-03 09:32:52,0.57,1.0555,243,0.54,1.0,40,0.46,0.8518,1,0.555,1.0277,45,0
IWM191004C148,2019-10-03,2019-10-03 09:32:53,0.57,1.0555,259,0.54,1.0,24,0.46,0.8518,1,0.555,1.0277,45,0
IWM191004C148,2019-10-03,2019-10-03 09:32:53,0.57,1.0555,287,0.54,1.0,24,0.46,0.8518,1,0.555,1.0277,45,0
IWM191004C148,2019-10-03,2019-10-03 09:32:54,0.56,1.037,194,0.54,1.0,24,0.46,0.8518,1,0.55,1.0185,45,0
IWM191004C148,2019-10-03,2019-10-03 09:32:54,0.57,1.0555,291,0.54,1.0,24,0.46,0.8518,1,0.555,1.0277,45,0
IWM191004C148,2019-10-03,2019-10-03 09:32:55,0.56,1.037,194,0.54,1.0,4,0.46,0.8518,1,0.55,1.0185,45,0
IWM191004C148,2019-10-03,2019-10-03 09:32:56,0.56,1.037,132,0.54,1.0,9,0.46,0.8518,1,0.55,1.0185,45,0
IWM191004C148,2019-10-03,2019-10-03 09:32:56,0.56,1.037,194,0.54,1.0,4,0.46,0.8518,1,0.55,1.0185,45,0
IWM191004C148,2019-10-03,2019-10-03 09:32:57,0.56,1.037,361,0.53,0.9814,25,0.46,0.8518,1,0.545,1.0092,45,0
IWM191004C148,2019-10-03,2019-10-03 09:32:57,0.56,1.037,336,0.53,0.9814,25,0.46,0.8518,1,0.545,1.0092,45,0
IWM191004C148,2019-10-03,2019-10-03 09:32:58,0.56,1.037,329,0.53,0.9814,12,0.46,0.8518,1,0.545,1.0092,45,0
IWM191004C148,2019-10-03,2019-10-03 09:32:58,0.55,1.0185,82,0.53,0.9814,12,0.46,0.8518,1,0.54,1.0,45,0
IWM191004C148,2019-10-03,2019-10-03 09:32:59,0.55,1.0185,82,0.53,0.9814,63,0.46,0.8518,1,0.54,1.0,45,0
IWM191004C148,2019-10-03,2019-10-03 09:32:59,0.55,1.0185,54,0.53,0.9814,58,0.46,0.8518,1,0.54,1.0,45,0
IWM191004C148,2019-10-03,2019-10-03 09:33:00,0.55,1.0185,54,0.53,0.9814,58,0.46,0.8518,1,0.54,1.0,45,0
IWM191004C148,2019-10-03,2019-10-03 09:33:00,0.55,1.0185,43,0.53,0.9814,50,0.46,0.8518,1,0.54,1.0,45,0
IWM191004C148,2019-10-03,2019-10-03 09:33:01,0.56,1.037,163,0.54,1.0,38,0.46,0.8518,1,0.55,1.0185,45,0
IWM191004C148,2019-10-03,2019-10-03 09:33:01,0.56,1.037,163,0.54,1.0,25,0.46,0.8518,1,0.55,1.0185,45,0
IWM191004C148,2019-10-03,2019-10-03 09:33:02,0.56,1.037,158,0.54,1.0,2,0.46,0.8518,1,0.55,1.0185,45,0
IWM191004C148,2019-10-03,2019-10-03 09:33:02,0.56,1.037,191,0.54,1.0,2,0.46,0.8518,1,0.55,1.0185,45,0
IWM191004C148,2019-10-03,2019-10-03 09:33:03,0.56,1.037,161,0.53,0.9814,46,0.46,0.8518,1,0.545,1.0092,45,0
IWM191004C148,2019-10-03,2019-10-03 09:33:03,0.56,1.037,42,0.54,1.0,39,0.46,0.8518,1,0.55,1.0185,45,0
IWM191004C148,2019-10-03,2019-10-03 09:33:04,0.56,1.037,14,0.55,1.0185,5,0.46,0.8518,1,0.555,1.0277,45,0
IWM191004C148,2019-10-03,2019-10-03 09:33:04,0.57,1.0555,139,0.55,1.0185,28,0.46,0.8518,1,0.56,1.037,45,0
IWM191004C148,2019-10-03,2019-10-03 09:33:05,0.57,1.0555,57,0.55,1.0185,28,0.46,0.8518,1,0.56,1.037,45,0
IWM191004C148,2019-10-03,2019-10-03 09:33:05,0.57,1.0555,155,0.55,1.0185,2,0.46,0.8518,1,0.56,1.037,45,0
IWM191004C148,2019-10-03,2019-10-03 09:33:06,0.57,1.0555,106,0.55,1.0185,2,0.46,0.8518,1,0.56,1.037,45,0
IWM191004C148,2019-10-03,2019-10-03 09:33:06,0.57,1.0555,121,0.55,1.0185,20,0.46,0.8518,1,0.56,1.037,45,0
IWM191004C148,2019-10-03,2019-10-03 09:33:07,0.56,1.037,40,0.54,1.0,32,0.46,0.8518,1,0.55,1.0185,45,0
IWM191004C148,2019-10-03,2019-10-03 09:33:07,0.56,1.037,112,0.53,0.9814,75,0.46,0.8518,1,0.545,1.0092,45,0
IWM191004C148,2019-10-03,2019-10-03 09:33:08,0.56,1.037,135,0.53,0.9814,75,0.46,0.8518,1,0.545,1.0092,45,0
IWM191004C148,2019-10-03,2019-10-03 09:33:08,0.56,1.037,161,0.54,1.0,6,0.46,0.8518,1,0.55,1.0185,45,0
IWM191004C148,2019-10-03,2019-10-03 09:33:09,0.56,1.037,181,0.53,0.9814,101,0.46,0.8518,1,0.545,1.0092,45,0
IWM191004C148,2019-10-03,2019-10-03 09:33:09,0.56,1.037,29,0.53,0.9814,101,0.46,0.8518,1,0.545,1.0092,45,0
IWM191004C148,2019-10-03,2019-10-03 09:33:10,0.57,1.0555,100,0.54,1.0,45,0.46,0.8518,1,0.555,1.0277,45,0
IWM191004C148,2019-10-03,2019-10-03 09:33:10,0.57,1.0555,215,0.55,1.0185,9,0.46,0.8518,1,0.56,1.037,45,0
IWM191004C148,2019-10-03,2019-10-03 09:33:11,0.57,1.0555,218,0.55,1.0185,27,0.46,0.8518,1,0.56,1.037,45,0
IWM191004C148,2019-10-03,2019-10-03 09:33:12,0.57,1.0555,26,0.55,1.0185,20,0.46,0.8518,1,0.56,1.037,45,0
IWM191004C148,2019-10-03,2019-10-03 09:33:12,0.57,1.0555,90,0.55,1.0185,20,0.46,0.8518,1,0.56,1.037,45,0
IWM191004C148,2019-10-03,2019-10-03 09:33:13,0.57,1.0555,26,0.55,1.0185,57,0.46,0.8518,1,0.56,1.037,45,0
IWM191004C148,2019-10-03,2019-10-03 09:33:13,0.57,1.0555,26,0.55,1.0185,20,0.46,0.8518,1,0.56,1.037,45,0
IWM191004C148,2019-10-03,2019-10-03 09:33:14,0.57,1.0555,86,0.55,1.0185,39,0.46,0.8518,1,0.56,1.037,45,0
IWM191004C148,2019-10-03,2019-10-03 09:33:15,0.58,1.074,93,0.55,1.0185,99,0.46,0.8518,1,0.565,1.0462,45,0
IWM191004C148,2019-10-03,2019-10-03 09:33:15,0.57,1.0555,33,0.55,1.0185,42,0.46,0.8518,1,0.56,1.037,45,0
IWM191004C148,2019-10-03,2019-10-03 09:33:16,0.58,1.074,23,0.55,1.0185,19,0.46,0.8518,1,0.565,1.0462,45,0
IWM191004C148,2019-10-03,2019-10-03 09:33:16,0.58,1.074,103,0.56,1.037,4,0.46,0.8518,1,0.57,1.0555,45,0
IWM191004C148,2019-10-03,2019-10-03 09:33:17,0.58,1.074,33,0.56,1.037,48,0.46,0.8518,1,0.57,1.0555,45,0
IWM191004C148,2019-10-03,2019-10-03 09:33:17,0.58,1.074,51,0.56,1.037,74,0.46,0.8518,1,0.57,1.0555,45,0
IWM191004C148,2019-10-03,2019-10-03 09:33:18,0.59,1.0925,26,0.57,1.0555,53,0.46,0.8518,1,0.58,1.074,45,0
IWM191004C148,2019-10-03,2019-10-03 09:33:18,0.59,1.0925,41,0.57,1.0555,22,0.46,0.8518,1,0.58,1.074,45,0
IWM191004C148,2019-10-03,2019-10-03 09:33:19,0.59,1.0925,51,0.57,1.0555,25,0.46,0.8518,1,0.58,1.074,45,0
IWM191004C148,2019-10-03,2019-10-03 09:33:19,0.59,1.0925,135,0.57,1.0555,5,0.46,0.8518,1,0.58,1.074,45,0
IWM191004C148,2019-10-03,2019-10-03 09:33:20,0.58,1.074,5,0.56,1.037,106,0.46,0.8518,1,0.57,1.0555,45,0
IWM191004C148,2019-10-03,2019-10-03 09:33:20,0.58,1.074,6,0.55,1.0185,48,0.46,0.8518,1,0.565,1.0462,45,0
IWM191004C148,2019-10-03,2019-10-03 09:33:21,0.57,1.0555,42,0.55,1.0185,34,0.46,0.8518,1,0.56,1.037,45,0
IWM191004C148,2019-10-03,2019-10-03 09:33:21,0.58,1.074,6,0.55,1.0185,41,0.46,0.8518,1,0.565,1.0462,45,0
IWM191004C148,2019-10-03,2019-10-03 09:33:22,0.57,1.0555,44,0.55,1.0185,7,0.46,0.8518,1,0.56,1.037,45,0
IWM191004C148,2019-10-03,2019-10-03 09:33:22,0.57,1.0555,12,0.55,1.0185,166,0.56,1.037,19,0.56,1.037,64,19
IWM191004C148,2019-10-03,2019-10-03 09:33:23,0.58,1.074,40,0.56,1.037,43,0.56,1.037,19,0.57,1.0555,64,0
IWM191004C148,2019-10-03,2019-10-03 09:33:23,0.57,1.0555,12,0.56,1.037,1,0.56,1.037,19,0.565,1.0462,64,0
IWM191004C148,2019-10-03,2019-10-03 09:33:24,0.57,1.0555,10,0.55,1.0185,122,0.56,1.037,19,0.56,1.037,64,0
IWM191004C148,2019-10-03,2019-10-03 09:33:24,0.57,1.0555,20,0.55,1.0185,122,0.56,1.037,19,0.56,1.037,64,0
IWM191004C148,2019-10-03,2019-10-03 09:33:25,0.57,1.0555,43,0.55,1.0185,56,0.56,1.037,19,0.56,1.037,64,0
IWM191004C148,2019-10-03,2019-10-03 09:33:25,0.57,1.0555,35,0.55,1.0185,51,0.56,1.037,19,0.56,1.037,64,0
IWM191004C148,2019-10-03,2019-10-03 09:33:26,0.57,1.0555,71,0.55,1.0185,23,0.56,1.037,19,0.56,1.037,64,0
IWM191004C148,2019-10-03,2019-10-03 09:33:26,0.57,1.0555,28,0.55,1.0185,47,0.56,1.037,19,0.56,1.037,64,0
IWM191004C148,2019-10-03,2019-10-03 09:33:27,0.57,1.0555,25,0.55,1.0185,84,0.56,1.037,19,0.56,1.037,64,0
IWM191004C148,2019-10-03,2019-10-03 09:33:27,0.57,1.0555,25,0.55,1.0185,129,0.56,1.037,19,0.56,1.037,64,0
IWM191004C148,2019-10-03,2019-10-03 09:33:28,0.58,1.074,10,0.56,1.037,49,0.56,1.037,19,0.57,1.0555,64,0
IWM191004C148,2019-10-03,2019-10-03 09:33:29,0.58,1.074,9,0.56,1.037,49,0.56,1.037,19,0.57,1.0555,64,0
IWM191004C148,2019-10-03,2019-10-03 09:33:29,0.58,1.074,9,0.57,1.0555,2,0.56,1.037,19,0.575,1.0648,64,0
IWM191004C148,2019-10-03,2019-10-03 09:33:30,0.58,1.074,6,0.57,1.0555,13,0.56,1.037,19,0.575,1.0648,64,0
IWM191004C148,2019-10-03,2019-10-03 09:33:31,0.58,1.074,18,0.56,1.037,103,0.56,1.037,19,0.57,1.0555,64,0
IWM191004C148,2019-10-03,2019-10-03 09:33:31,0.58,1.074,10,0.56,1.037,103,0.56,1.037,19,0.57,1.0555,64,0
IWM191004C148,2019-10-03,2019-10-03 09:33:32,0.58,1.074,41,0.56,1.037,59,0.56,1.037,19,0.57,1.0555,64,0
IWM191004C148,2019-10-03,2019-10-03 09:33:32,0.58,1.074,42,0.56,1.037,59,0.56,1.037,19,0.57,1.0555,64,0
IWM191004C148,2019-10-03,2019-10-03 09:33:33,0.59,1.0925,7,0.57,1.0555,57,0.56,1.037,19,0.58,1.074,64,0
IWM191004C148,2019-10-03,2019-10-03 09:33:33,0.6,1.1111,39,0.58,1.074,22,0.56,1.037,19,0.59,1.0925,64,0
IWM191004C148,2019-10-03,2019-10-03 09:33:34,0.6,1.1111,21,0.58,1.074,37,0.56,1.037,19,0.59,1.0925,64,0
IWM191004C148,2019-10-03,2019-10-03 09:33:34,0.6,1.1111,23,0.58,1.074,22,0.56,1.037,19,0.59,1.0925,64,0
IWM191004C148,2019-10-03,2019-10-03 09:33:35,0.6,1.1111,28,0.58,1.074,56,0.56,1.037,19,0.59,1.0925,64,0
IWM191004C148,2019-10-03,2019-10-03 09:33:35,0.6,1.1111,12,0.58,1.074,41,0.56,1.037,19,0.59,1.0925,64,0
IWM191004C148,2019-10-03,2019-10-03 09:33:36,0.6,1.1111,15,0.58,1.074,140,0.56,1.037,19,0.59,1.0925,64,0
IWM191004C148,2019-10-03,2019-10-03 09:33:36,0.6,1.1111,28,0.58,1.074,56,0.56,1.037,19,0.59,1.0925,64,0
IWM191004C148,2019-10-03,2019-10-03 09:33:37,0.6,1.1111,17,0.58,1.074,58,0.56,1.037,19,0.59,1.0925,64,0
IWM191004C148,2019-10-03,2019-10-03 09:33:37,0.6,1.1111,48,0.58,1.074,58,0.56,1.037,19,0.59,1.0925,64,0
IWM191004C148,2019-10-03,2019-10-03 09:33:38,0.6,1.1111,51,0.58,1.074,49,0.56,1.037,19,0.59,1.0925,64,0
IWM191004C148,2019-10-03,2019-10-03 09:33:38,0.6,1.1111,51,0.58,1.074,34,0.56,1.037,19,0.59,1.0925,64,0
IWM191004C148,2019-10-03,2019-10-03 09:33:39,0.6,1.1111,53,0.59,1.0925,100,0.56,1.037,19,0.595,1.1018,64,0
IWM191004C148,2019-10-03,2019-10-03 09:33:39,0.6,1.1111,62,0.58,1.074,56,0.56,1.037,19,0.59,1.0925,64,0
IWM191004C148,2019-10-03,2019-10-03 09:33:40,0.6,1.1111,73,0.59,1.0925,100,0.56,1.037,19,0.595,1.1018,64,0
IWM191004C148,2019-10-03,2019-10-03 09:33:40,0.6,1.1111,57,0.59,1.0925,100,0.56,1.037,19,0.595,1.1018,64,0
IWM191004C148,2019-10-03,2019-10-03 09:33:41,0.6,1.1111,57,0.59,1.0925,100,0.56,1.037,19,0.595,1.1018,64,0
IWM191004C148,2019-10-03,2019-10-03 09:33:41,0.6,1.1111,101,0.59,1.0925,100,0.56,1.037,19,0.595,1.1018,64,0
IWM191004C148,2019-10-03,2019-10-03 09:33:42,0.6,1.1111,248,0.59,1.0925,100,0.56,1.037,19,0.595,1.1018,64,0
IWM191004C148,2019-10-03,2019-10-03 09:33:42,0.6,1.1111,173,0.59,1.0925,100,0.56,1.037,19,0.595,1.1018,64,0
IWM191004C148,2019-10-03,2019-10-03 09:33:43,0.6,1.1111,102,0.59,1.0925,100,0.56,1.037,19,0.595,1.1018,64,0
IWM191004C148,2019-10-03,2019-10-03 09:33:43,0.6,1.1111,217,0.59,1.0925,100,0.56,1.037,19,0.595,1.1018,64,0
IWM191004C148,2019-10-03,2019-10-03 09:33:44,0.6,1.1111,203,0.59,1.0925,100,0.56,1.037,19,0.595,1.1018,64,0
IWM191004C148,2019-10-03,2019-10-03 09:33:44,0.6,1.1111,181,0.59,1.0925,100,0.56,1.037,19,0.595,1.1018,64,0
IWM191004C148,2019-10-03,2019-10-03 09:33:45,0.59,1.0925,30,0.57,1.0555,56,0.59,1.0925,100,0.58,1.074,164,0
IWM191004C148,2019-10-03,2019-10-03 09:33:45,0.6,1.1111,183,0.59,1.0925,100,0.59,1.0925,100,0.595,1.1018,164,100
IWM191004C148,2019-10-03,2019-10-03 09:33:46,0.59,1.0925,41,0.57,1.0555,29,0.59,1.0925,100,0.58,1.074,164,0
IWM191004C148,2019-10-03,2019-10-03 09:33:46,0.59,1.0925,68,0.57,1.0555,62,0.59,1.0925,100,0.58,1.074,164,0
IWM191004C148,2019-10-03,2019-10-03 09:33:47,0.59,1.0925,30,0.57,1.0555,109,0.59,1.0925,100,0.58,1.074,164,0
IWM191004C148,2019-10-03,2019-10-03 09:33:47,0.59,1.0925,52,0.57,1.0555,62,0.59,1.0925,100,0.58,1.074,164,0
IWM191004C148,2019-10-03,2019-10-03 09:33:48,0.59,1.0925,20,0.58,1.074,52,0.59,1.0925,100,0.585,1.0833,164,0
IWM191004C148,2019-10-03,2019-10-03 09:33:48,0.59,1.0925,57,0.57,1.0555,40,0.59,1.0925,100,0.58,1.074,164,0
IWM191004C148,2019-10-03,2019-10-03 09:33:49,0.59,1.0925,96,0.56,1.037,169,0.59,1.0925,100,0.575,1.0648,164,0
IWM191004C148,2019-10-03,2019-10-03 09:33:49,0.59,1.0925,55,0.57,1.0555,65,0.59,1.0925,100,0.58,1.074,164,0
IWM191004C148,2019-10-03,2019-10-03 09:33:50,0.59,1.0925,204,0.56,1.037,215,0.59,1.0925,100,0.575,1.0648,164,0
IWM191004C148,2019-10-03,2019-10-03 09:33:50,0.59,1.0925,53,0.57,1.0555,34,0.59,1.0925,100,0.58,1.074,164,0
IWM191004C148,2019-10-03,2019-10-03 09:33:51,0.59,1.0925,20,0.57,1.0555,84,0.59,1.0925,100,0.58,1.074,164,0
IWM191004C148,2019-10-03,2019-10-03 09:33:52,0.61,1.1296,95,0.58,1.074,212,0.59,1.0925,100,0.595,1.1018,164,0
IWM191004C148,2019-10-03,2019-10-03 09:33:53,0.61,1.1296,46,0.59,1.0925,60,0.59,1.0925,100,0.6,1.1111,164,0
IWM191004C148,2019-10-03,2019-10-03 09:33:53,0.61,1.1296,46,0.58,1.074,222,0.59,1.0925,100,0.595,1.1018,164,0
IWM191004C148,2019-10-03,2019-10-03 09:33:54,0.61,1.1296,77,0.59,1.0925,60,0.59,1.0925,100,0.6,1.1111,164,0
IWM191004C148,2019-10-03,2019-10-03 09:33:55,0.6,1.1111,10,0.59,1.0925,22,0.59,1.0925,100,0.595,1.1018,164,0
IWM191004C148,2019-10-03,2019-10-03 09:33:55,0.61,1.1296,29,0.59,1.0925,79,0.59,1.0925,100,0.6,1.1111,164,0
IWM191004C148,2019-10-03,2019-10-03 09:33:56,0.61,1.1296,29,0.59,1.0925,79,0.59,1.0925,100,0.6,1.1111,164,0
IWM191004C148,2019-10-03,2019-10-03 09:33:56,0.61,1.1296,10,0.59,1.0925,117,0.59,1.0925,100,0.6,1.1111,164,0
IWM191004C148,2019-10-03,2019-10-03 09:33:57,0.61,1.1296,174,0.58,1.074,207,0.59,1.0925,100,0.595,1.1018,164,0
IWM191004C148,2019-10-03,2019-10-03 09:33:57,0.61,1.1296,119,0.58,1.074,207,0.59,1.0925,100,0.595,1.1018,164,0
IWM191004C148,2019-10-03,2019-10-03 09:33:58,0.61,1.1296,44,0.59,1.0925,39,0.59,1.0925,100,0.6,1.1111,164,0
IWM191004C148,2019-10-03,2019-10-03 09:33:58,0.61,1.1296,41,0.59,1.0925,39,0.59,1.0925,100,0.6,1.1111,164,0
IWM191004C148,2019-10-03,2019-10-03 09:33:59,0.6,1.1111,11,0.59,1.0925,20,0.59,1.0925,100,0.595,1.1018,164,0
IWM191004C148,2019-10-03,2019-10-03 09:34:00,0.6,1.1111,20,0.58,1.074,183,0.59,1.0925,100,0.59,1.0925,164,0
IWM191004C148,2019-10-03,2019-10-03 09:34:00,0.6,1.1111,20,0.58,1.074,241,0.59,1.0925,100,0.59,1.0925,164,0
IWM191004C148,2019-10-03,2019-10-03 09:34:01,0.6,1.1111,34,0.58,1.074,241,0.59,1.0925,100,0.59,1.0925,164,0
IWM191004C148,2019-10-03,2019-10-03 09:34:01,0.6,1.1111,34,0.58,1.074,231,0.59,1.0925,100,0.59,1.0925,164,0
IWM191004C148,2019-10-03,2019-10-03 09:34:02,0.6,1.1111,206,0.57,1.0555,86,0.59,1.0925,100,0.585,1.0833,164,0
IWM191004C148,2019-10-03,2019-10-03 09:34:02,0.6,1.1111,34,0.58,1.074,231,0.59,1.0925,100,0.59,1.0925,164,0
IWM191004C148,2019-10-03,2019-10-03 09:34:03,0.6,1.1111,175,0.57,1.0555,94,0.59,1.0925,100,0.585,1.0833,164,0
IWM191004C148,2019-10-03,2019-10-03 09:34:03,0.6,1.1111,199,0.57,1.0555,59,0.59,1.0925,100,0.585,1.0833,164,0
IWM191004C148,2019-10-03,2019-10-03 09:34:04,0.6,1.1111,86,0.58,1.074,29,0.59,1.0925,100,0.59,1.0925,164,0
IWM191004C148,2019-10-03,2019-10-03 09:34:04,0.6,1.1111,36,0.58,1.074,28,0.59,1.0925,100,0.59,1.0925,164,0
IWM191004C148,2019-10-03,2019-10-03 09:34:05,0.6,1.1111,113,0.57,1.0555,59,0.59,1.0925,100,0.585,1.0833,164,0
IWM191004C148,2019-10-03,2019-10-03 09:34:05,0.6,1.1111,83,0.57,1.0555,111,0.59,1.0925,100,0.585,1.0833,164,0
IWM191004C148,2019-10-03,2019-10-03 09:34:06,0.6,1.1111,38,0.58,1.074,39,0.59,1.0925,100,0.59,1.0925,164,0
IWM191004C148,2019-10-03,2019-10-03 09:34:06,0.6,1.1111,38,0.58,1.074,69,0.59,1.0925,100,0.59,1.0925,164,0
IWM191004C148,2019-10-03,2019-10-03 09:34:07,0.6,1.1111,20,0.58,1.074,69,0.59,1.0925,100,0.59,1.0925,164,0
IWM191004C148,2019-10-03,2019-10-03 09:34:07,0.6,1.1111,33,0.58,1.074,59,0.59,1.0925,100,0.59,1.0925,164,0
IWM191004C148,2019-10-03,2019-10-03 09:34:08,0.6,1.1111,96,0.58,1.074,32,0.59,1.0925,100,0.59,1.0925,164,0
IWM191004C148,2019-10-03,2019-10-03 09:34:08,0.6,1.1111,36,0.58,1.074,32,0.59,1.0925,100,0.59,1.0925,164,0
IWM191004C148,2019-10-03,2019-10-03 09:34:09,0.6,1.1111,36,0.58,1.074,52,0.59,1.0925,100,0.59,1.0925,164,0
IWM191004C148,2019-10-03,2019-10-03 09:34:09,0.6,1.1111,20,0.59,1.0925,20,0.59,1.0925,100,0.595,1.1018,164,0
IWM191004C148,2019-10-03,2019-10-03 09:34:10,0.61,1.1296,42,0.59,1.0925,38,0.59,1.0925,100,0.6,1.1111,164,0
IWM191004C148,2019-10-03,2019-10-03 09:34:10,0.62,1.1481,40,0.6,1.1111,95,0.59,1.0925,100,0.61,1.1296,164,0
IWM191004C148,2019-10-03,2019-10-03 09:34:11,0.61,1.1296,10,0.6,1.1111,43,0.59,1.0925,100,0.605,1.1203,164,0
IWM191004C148,2019-10-03,2019-10-03 09:34:11,0.62,1.1481,71,0.6,1.1111,57,0.59,1.0925,100,0.61,1.1296,164,0
IWM191004C148,2019-10-03,2019-10-03 09:34:12,0.61,1.1296,10,0.6,1.1111,20,0.59,1.0925,100,0.605,1.1203,164,0
IWM191004C148,2019-10-03,2019-10-03 09:34:12,0.61,1.1296,10,0.59,1.0925,146,0.59,1.0925,100,0.6,1.1111,164,0
IWM191004C148,2019-10-03,2019-10-03 09:34:13,0.61,1.1296,10,0.6,1.1111,20,0.59,1.0925,100,0.605,1.1203,164,0
IWM191004C148,2019-10-03,2019-10-03 09:34:14,0.61,1.1296,10,0.6,1.1111,56,0.59,1.0925,100,0.605,1.1203,164,0
IWM191004C148,2019-10-03,2019-10-03 09:34:14,0.62,1.1481,83,0.6,1.1111,62,0.59,1.0925,100,0.61,1.1296,164,0
IWM191004C148,2019-10-03,2019-10-03 09:34:15,0.62,1.1481,46,0.6,1.1111,78,0.59,1.0925,100,0.61,1.1296,164,0
IWM191004C148,2019-10-03,2019-10-03 09:34:15,0.62,1.1481,70,0.6,1.1111,57,0.59,1.0925,100,0.61,1.1296,164,0
IWM191004C148,2019-10-03,2019-10-03 09:34:16,0.61,1.1296,46,0.59,1.0925,77,0.59,1.0925,100,0.6,1.1111,164,0
IWM191004C148,2019-10-03,2019-10-03 09:34:16,0.61,1.1296,5,0.6,1.1111,52,0.59,1.0925,100,0.605,1.1203,164,0
IWM191004C148,2019-10-03,2019-10-03 09:34:17,0.61,1.1296,49,0.59,1.0925,81,0.59,1.0925,100,0.6,1.1111,164,0
IWM191004C148,2019-10-03,2019-10-03 09:34:18,0.61,1.1296,63,0.59,1.0925,81,0.59,1.0925,100,0.6,1.1111,164,0
IWM191004C148,2019-10-03,2019-10-03 09:34:18,0.61,1.1296,88,0.59,1.0925,81,0.59,1.0925,100,0.6,1.1111,164,0
IWM191004C148,2019-10-03,2019-10-03 09:34:19,0.61,1.1296,197,0.59,1.0925,68,0.59,1.0925,100,0.6,1.1111,164,0
IWM191004C148,2019-10-03,2019-10-03 09:34:20,0.61,1.1296,153,0.59,1.0925,68,0.59,1.0925,100,0.6,1.1111,164,0
IWM191004C148,2019-10-03,2019-10-03 09:34:20,0.61,1.1296,197,0.59,1.0925,68,0.59,1.0925,100,0.6,1.1111,164,0
IWM191004C148,2019-10-03,2019-10-03 09:34:21,0.61,1.1296,70,0.59,1.0925,68,0.59,1.0925,100,0.6,1.1111,164,0
IWM191004C148,2019-10-03,2019-10-03 09:34:21,0.61,1.1296,75,0.59,1.0925,68,0.59,1.0925,100,0.6,1.1111,164,0
IWM191004C148,2019-10-03,2019-10-03 09:34:22,0.6,1.1111,35,0.57,1.0555,84,0.59,1.0925,100,0.585,1.0833,164,0
IWM191004C148,2019-10-03,2019-10-03 09:34:22,0.59,1.0925,81,0.57,1.0555,60,0.59,1.0925,100,0.58,1.074,164,0
IWM191004C148,2019-10-03,2019-10-03 09:34:23,0.59,1.0925,21,0.57,1.0555,203,0.59,1.0925,100,0.58,1.074,164,0
IWM191004C148,2019-10-03,2019-10-03 09:34:23,0.59,1.0925,81,0.57,1.0555,60,0.59,1.0925,100,0.58,1.074,164,0
IWM191004C148,2019-10-03,2019-10-03 09:34:24,0.58,1.074,47,0.56,1.037,81,0.59,1.0925,100,0.57,1.0555,164,0
IWM191004C148,2019-10-03,2019-10-03 09:34:24,0.58,1.074,47,0.56,1.037,106,0.59,1.0925,100,0.57,1.0555,164,0
IWM191004C148,2019-10-03,2019-10-03 09:34:25,0.58,1.074,8,0.57,1.0555,41,0.59,1.0925,100,0.575,1.0648,164,0
IWM191004C148,2019-10-03,2019-10-03 09:34:25,0.59,1.0925,89,0.57,1.0555,85,0.59,1.0925,100,0.58,1.074,164,0
IWM191004C148,2019-10-03,2019-10-03 09:34:26,0.58,1.074,8,0.57,1.0555,42,0.59,1.0925,100,0.575,1.0648,164,0
IWM191004C148,2019-10-03,2019-10-03 09:34:26,0.58,1.074,8,0.57,1.0555,41,0.59,1.0925,100,0.575,1.0648,164,0
IWM191004C148,2019-10-03,2019-10-03 09:34:27,0.58,1.074,28,0.56,1.037,79,0.59,1.0925,100,0.57,1.0555,164,0
IWM191004C148,2019-10-03,2019-10-03 09:34:27,0.58,1.074,8,0.56,1.037,31,0.59,1.0925,100,0.57,1.0555,164,0
IWM191004C148,2019-10-03,2019-10-03 09:34:28,0.57,1.0555,20,0.56,1.037,13,0.59,1.0925,100,0.565,1.0462,164,0
IWM191004C148,2019-10-03,2019-10-03 09:34:28,0.58,1.074,17,0.56,1.037,104,0.59,1.0925,100,0.57,1.0555,164,0
IWM191004C148,2019-10-03,2019-10-03 09:34:29,0.58,1.074,80,0.56,1.037,54,0.59,1.0925,100,0.57,1.0555,164,0
IWM191004C148,2019-10-03,2019-10-03 09:34:29,0.57,1.0555,26,0.56,1.037,13,0.59,1.0925,100,0.565,1.0462,164,0
IWM191004C148,2019-10-03,2019-10-03 09:34:30,0.57,1.0555,3,0.56,1.037,42,0.59,1.0925,100,0.565,1.0462,164,0
IWM191004C148,2019-10-03,2019-10-03 09:34:30,0.57,1.0555,3,0.56,1.037,41,0.59,1.0925,100,0.565,1.0462,164,0
IWM191004C148,2019-10-03,2019-10-03 09:34:31,0.58,1.074,76,0.55,1.0185,89,0.59,1.0925,100,0.565,1.0462,164,0
IWM191004C148,2019-10-03,2019-10-03 09:34:31,0.58,1.074,97,0.55,1.0185,36,0.59,1.0925,100,0.565,1.0462,164,0
IWM191004C148,2019-10-03,2019-10-03 09:34:32,0.57,1.0555,100,0.55,1.0185,54,0.59,1.0925,100,0.56,1.037,164,0
IWM191004C148,2019-10-03,2019-10-03 09:34:32,0.57,1.0555,98,0.55,1.0185,41,0.59,1.0925,100,0.56,1.037,164,0
IWM191004C148,2019-10-03,2019-10-03 09:34:33,0.56,1.037,28,0.54,1.0,64,0.59,1.0925,100,0.55,1.0185,164,0
IWM191004C148,2019-10-03,2019-10-03 09:34:33,0.56,1.037,8,0.55,1.0185,52,0.59,1.0925,100,0.555,1.0277,164,0
IWM191004C148,2019-10-03,2019-10-03 09:34:34,0.56,1.037,28,0.54,1.0,23,0.59,1.0925,100,0.55,1.0185,164,0
IWM191004C148,2019-10-03,2019-10-03 09:34:34,0.56,1.037,28,0.54,1.0,64,0.59,1.0925,100,0.55,1.0185,164,0
IWM191004C148,2019-10-03,2019-10-03 09:34:35,0.56,1.037,51,0.53,0.9814,204,0.59,1.0925,100,0.545,1.0092,164,0
IWM191004C148,2019-10-03,2019-10-03 09:34:35,0.56,1.037,72,0.53,0.9814,178,0.59,1.0925,100,0.545,1.0092,164,0
IWM191004C148,2019-10-03,2019-10-03 09:34:36,0.55,1.0185,4,0.53,0.9814,202,0.59,1.0925,100,0.54,1.0,164,0
IWM191004C148,2019-10-03,2019-10-03 09:34:37,0.55,1.0185,79,0.53,0.9814,91,0.59,1.0925,100,0.54,1.0,164,0
IWM191004C148,2019-10-03,2019-10-03 09:34:37,0.55,1.0185,70,0.53,0.9814,91,0.59,1.0925,100,0.54,1.0,164,0
IWM191004C148,2019-10-03,2019-10-03 09:34:38,0.54,1.0,2,0.52,0.9629,96,0.59,1.0925,100,0.53,0.9814,164,0
IWM191004C148,2019-10-03,2019-10-03 09:34:38,0.54,1.0,2,0.52,0.9629,33,0.59,1.0925,100,0.53,0.9814,164,0
IWM191004C148,2019-10-03,2019-10-03 09:34:39,0.54,1.0,2,0.52,0.9629,30,0.59,1.0925,100,0.53,0.9814,164,0
IWM191004C148,2019-10-03,2019-10-03 09:34:40,0.53,0.9814,26,0.51,0.9444,98,0.59,1.0925,100,0.52,0.9629,164,0
IWM191004C148,2019-10-03,2019-10-03 09:34:40,0.53,0.9814,2,0.51,0.9444,57,0.59,1.0925,100,0.52,0.9629,164,0
IWM191004C148,2019-10-03,2019-10-03 09:34:41,0.53,0.9814,25,0.51,0.9444,98,0.59,1.0925,100,0.52,0.9629,164,0
IWM191004C148,2019-10-03,2019-10-03 09:34:41,0.53,0.9814,25,0.51,0.9444,93,0.59,1.0925,100,0.52,0.9629,164,0
IWM191004C148,2019-10-03,2019-10-03 09:34:42,0.53,0.9814,49,0.51,0.9444,26,0.59,1.0925,100,0.52,0.9629,164,0
IWM191004C148,2019-10-03,2019-10-03 09:34:42,0.53,0.9814,81,0.5,0.9259,109,0.59,1.0925,100,0.515,0.9537,164,0
IWM191004C148,2019-10-03,2019-10-03 09:34:43,0.53,0.9814,5,0.51,0.9444,174,0.59,1.0925,100,0.52,0.9629,164,0
IWM191004C148,2019-10-03,2019-10-03 09:34:43,0.53,0.9814,5,0.51,0.9444,79,0.59,1.0925,100,0.52,0.9629,164,0
IWM191004C148,2019-10-03,2019-10-03 09:34:44,0.53,0.9814,33,0.51,0.9444,62,0.59,1.0925,100,0.52,0.9629,164,0
IWM191004C148,2019-10-03,2019-10-03 09:34:44,0.53,0.9814,25,0.52,0.9629,6,0.59,1.0925,100,0.525,0.9722,164,0
IWM191004C148,2019-10-03,2019-10-03 09:34:45,0.54,1.0,90,0.52,0.9629,27,0.59,1.0925,100,0.53,0.9814,164,0
IWM191004C148,2019-10-03,2019-10-03 09:34:45,0.54,1.0,186,0.52,0.9629,41,0.59,1.0925,100,0.53,0.9814,164,0
IWM191004C148,2019-10-03,2019-10-03 09:34:46,0.54,1.0,11,0.52,0.9629,27,0.59,1.0925,100,0.53,0.9814,164,0
IWM191004C148,2019-10-03,2019-10-03 09:34:46,0.54,1.0,188,0.52,0.9629,27,0.59,1.0925,100,0.53,0.9814,164,0
IWM191004C148,2019-10-03,2019-10-03 09:34:47,0.55,1.0185,10,0.53,0.9814,144,0.59,1.0925,100,0.54,1.0,164,0
IWM191004C148,2019-10-03,2019-10-03 09:34:48,0.56,1.037,61,0.54,1.0,35,0.59,1.0925,100,0.55,1.0185,164,0
IWM191004C148,2019-10-03,2019-10-03 09:34:48,0.56,1.037,133,0.54,1.0,53,0.59,1.0925,100,0.55,1.0185,164,0
IWM191004C148,2019-10-03,2019-10-03 09:34:49,0.55,1.0185,15,0.54,1.0,47,0.59,1.0925,100,0.545,1.0092,164,0
IWM191004C148,2019-10-03,2019-10-03 09:34:50,0.56,1.037,99,0.53,0.9814,77,0.59,1.0925,100,0.545,1.0092,164,0
IWM191004C148,2019-10-03,2019-10-03 09:34:50,0.56,1.037,188,0.54,1.0,15,0.59,1.0925,100,0.55,1.0185,164,0
IWM191004C148,2019-10-03,2019-10-03 09:34:51,0.56,1.037,241,0.53,0.9814,46,0.59,1.0925,100,0.545,1.0092,164,0
IWM191004C148,2019-10-03,2019-10-03 09:34:51,0.56,1.037,272,0.52,0.9629,181,0.59,1.0925,100,0.54,1.0,164,0
IWM191004C148,2019-10-03,2019-10-03 09:34:52,0.55,1.0185,78,0.53,0.9814,50,0.59,1.0925,100,0.54,1.0,164,0
IWM191004C148,2019-10-03,2019-10-03 09:34:52,0.55,1.0185,101,0.53,0.9814,25,0.59,1.0925,100,0.54,1.0,164,0
IWM191004C148,2019-10-03,2019-10-03 09:34:53,0.55,1.0185,172,0.53,0.9814,278,0.59,1.0925,100,0.54,1.0,164,0
IWM191004C148,2019-10-03,2019-10-03 09:34:53,0.55,1.0185,172,0.53,0.9814,114,0.59,1.0925,100,0.54,1.0,164,0
IWM191004C148,2019-10-03,2019-10-03 09:34:54,0.56,1.037,94,0.54,1.0,64,0.59,1.0925,100,0.55,1.0185,164,0
IWM191004C148,2019-10-03,2019-10-03 09:34:54,0.55,1.0185,73,0.53,0.9814,326,0.59,1.0925,100,0.54,1.0,164,0
IWM191004C148,2019-10-03,2019-10-03 09:34:55,0.57,1.0555,148,0.55,1.0185,4,0.59,1.0925,100,0.56,1.037,164,0
IWM191004C148,2019-10-03,2019-10-03 09:34:55,0.56,1.037,105,0.54,1.0,86,0.59,1.0925,100,0.55,1.0185,164,0
IWM191004C148,2019-10-03,2019-10-03 09:34:56,0.57,1.0555,160,0.55,1.0185,22,0.59,1.0925,100,0.56,1.037,164,0
IWM191004C148,2019-10-03,2019-10-03 09:34:56,0.57,1.0555,184,0.55,1.0185,4,0.59,1.0925,100,0.56,1.037,164,0
IWM191004C148,2019-10-03,2019-10-03 09:34:57,0.57,1.0555,227,0.55,1.0185,44,0.59,1.0925,100,0.56,1.037,164,0
IWM191004C148,2019-10-03,2019-10-03 09:34:57,0.57,1.0555,190,0.55,1.0185,22,0.59,1.0925,100,0.56,1.037,164,0
IWM191004C148,2019-10-03,2019-10-03 09:34:58,0.57,1.0555,107,0.55,1.0185,143,0.59,1.0925,100,0.56,1.037,164,0
IWM191004C148,2019-10-03,2019-10-03 09:34:58,0.57,1.0555,76,0.55,1.0185,90,0.59,1.0925,100,0.56,1.037,164,0
IWM191004C148,2019-10-03,2019-10-03 09:34:59,0.57,1.0555,249,0.54,1.0,146,0.59,1.0925,100,0.555,1.0277,164,0
IWM191004C148,2019-10-03,2019-10-03 09:34:59,0.57,1.0555,249,0.54,1.0,178,0.59,1.0925,100,0.555,1.0277,164,0
IWM191004C148,2019-10-03,2019-10-03 09:35:00,0.57,1.0555,88,0.55,1.0185,78,0.59,1.0925,100,0.56,1.037,164,0
IWM191004C148,2019-10-03,2019-10-03 09:35:00,0.57,1.0555,23,0.55,1.0185,20,0.59,1.0925,100,0.56,1.037,164,0
IWM191004C148,2019-10-03,2019-10-03 09:35:01,0.57,1.0555,270,0.54,1.0,98,0.59,1.0925,100,0.555,1.0277,164,0
IWM191004C148,2019-10-03,2019-10-03 09:35:01,0.57,1.0555,189,0.54,1.0,96,0.59,1.0925,100,0.555,1.0277,164,0
IWM191004C148,2019-10-03,2019-10-03 09:35:02,0.56,1.037,107,0.54,1.0,78,0.59,1.0925,100,0.55,1.0185,164,0
IWM191004C148,2019-10-03,2019-10-03 09:35:02,0.56,1.037,86,0.54,1.0,63,0.59,1.0925,100,0.55,1.0185,164,0
IWM191004C148,2019-10-03,2019-10-03 09:35:03,0.56,1.037,253,0.53,0.9814,140,0.59,1.0925,100,0.545,1.0092,164,0
IWM191004C148,2019-10-03,2019-10-03 09:35:03,0.56,1.037,203,0.53,0.9814,118,0.59,1.0925,100,0.545,1.0092,164,0
IWM191004C148,2019-10-03,2019-10-03 09:35:04,0.55,1.0185,30,0.53,0.9814,40,0.59,1.0925,100,0.54,1.0,164,0
IWM191004C148,2019-10-03,2019-10-03 09:35:04,0.55,1.0185,40,0.53,0.9814,34,0.59,1.0925,100,0.54,1.0,164,0
IWM191004C148,2019-10-03,2019-10-03 09:35:05,0.55,1.0185,138,0.53,0.9814,78,0.59,1.0925,100,0.54,1.0,164,0
IWM191004C148,2019-10-03,2019-10-03 09:35:05,0.55,1.0185,106,0.53,0.9814,40,0.59,1.0925,100,0.54,1.0,164,0
IWM191004C148,2019-10-03,2019-10-03 09:35:06,0.54,1.0,16,0.52,0.9629,78,0.59,1.0925,100,0.53,0.9814,164,0
IWM191004C148,2019-10-03,2019-10-03 09:35:07,0.54,1.0,16,0.52,0.9629,107,0.59,1.0925,100,0.53,0.9814,164,0
IWM191004C148,2019-10-03,2019-10-03 09:35:07,0.54,1.0,16,0.53,0.9814,20,0.59,1.0925,100,0.535,0.9907,164,0
IWM191004C148,2019-10-03,2019-10-03 09:35:08,0.55,1.0185,75,0.54,1.0,40,0.59,1.0925,100,0.545,1.0092,164,0
IWM191004C148,2019-10-03,2019-10-03 09:35:08,0.55,1.0185,20,0.53,0.9814,95,0.59,1.0925,100,0.54,1.0,164,0
IWM191004C148,2019-10-03,2019-10-03 09:35:09,0.55,1.0185,158,0.53,0.9814,103,0.59,1.0925,100,0.54,1.0,164,0
IWM191004C148,2019-10-03,2019-10-03 09:35:09,0.55,1.0185,124,0.53,0.9814,103,0.59,1.0925,100,0.54,1.0,164,0
IWM191004C148,2019-10-03,2019-10-03 09:35:10,0.55,1.0185,180,0.52,0.9629,78,0.59,1.0925,100,0.535,0.9907,164,0
IWM191004C148,2019-10-03,2019-10-03 09:35:10,0.55,1.0185,275,0.52,0.9629,78,0.59,1.0925,100,0.535,0.9907,164,0
IWM191004C148,2019-10-03,2019-10-03 09:35:11,0.55,1.0185,298,0.53,0.9814,50,0.59,1.0925,100,0.54,1.0,164,0
IWM191004C148,2019-10-03,2019-10-03 09:35:11,0.55,1.0185,298,0.52,0.9629,102,0.59,1.0925,100,0.535,0.9907,164,0
IWM191004C148,2019-10-03,2019-10-03 09:35:12,0.55,1.0185,16,0.54,1.0,62,0.59,1.0925,100,0.545,1.0092,164,0
IWM191004C148,2019-10-03,2019-10-03 09:35:12,0.55,1.0185,168,0.53,0.9814,31,0.59,1.0925,100,0.54,1.0,164,0
IWM191004C148,2019-10-03,2019-10-03 09:35:13,0.56,1.037,126,0.54,1.0,62,0.59,1.0925,100,0.55,1.0185,164,0
IWM191004C148,2019-10-03,2019-10-03 09:35:13,0.57,1.0555,66,0.55,1.0185,26,0.59,1.0925,100,0.56,1.037,164,0
IWM191004C148,2019-10-03,2019-10-03 09:35:14,0.57,1.0555,66,0.55,1.0185,41,0.59,1.0925,100,0.56,1.037,164,0
IWM191004C148,2019-10-03,2019-10-03 09:35:14,0.57,1.0555,66,0.55,1.0185,79,0.59,1.0925,100,0.56,1.037,164,0
IWM191004C148,2019-10-03,2019-10-03 09:35:15,0.57,1.0555,58,0.55,1.0185,42,0.59,1.0925,100,0.56,1.037,164,0
IWM191004C148,2019-10-03,2019-10-03 09:35:15,0.57,1.0555,245,0.55,1.0185,9,0.59,1.0925,100,0.56,1.037,164,0
IWM191004C148,2019-10-03,2019-10-03 09:35:16,0.57,1.0555,112,0.55,1.0185,39,0.59,1.0925,100,0.56,1.037,164,0
IWM191004C148,2019-10-03,2019-10-03 09:35:17,0.57,1.0555,67,0.55,1.0185,64,0.59,1.0925,100,0.56,1.037,164,0
IWM191004C148,2019-10-03,2019-10-03 09:35:17,0.57,1.0555,58,0.55,1.0185,59,0.59,1.0925,100,0.56,1.037,164,0
IWM191004C148,2019-10-03,2019-10-03 09:35:18,0.57,1.0555,68,0.55,1.0185,59,0.59,1.0925,100,0.56,1.037,164,0
IWM191004C148,2019-10-03,2019-10-03 09:35:18,0.57,1.0555,78,0.55,1.0185,64,0.59,1.0925,100,0.56,1.037,164,0
IWM191004C148,2019-10-03,2019-10-03 09:35:19,0.57,1.0555,99,0.55,1.0185,59,0.59,1.0925,100,0.56,1.037,164,0
IWM191004C148,2019-10-03,2019-10-03 09:35:19,0.57,1.0555,87,0.55,1.0185,50,0.59,1.0925,100,0.56,1.037,164,0
IWM191004C148,2019-10-03,2019-10-03 09:35:20,0.58,1.074,19,0.56,1.037,34,0.59,1.0925,100,0.57,1.0555,164,0
IWM191004C148,2019-10-03,2019-10-03 09:35:21,0.58,1.074,40,0.56,1.037,19,0.59,1.0925,100,0.57,1.0555,164,0
IWM191004C148,2019-10-03,2019-10-03 09:35:21,0.58,1.074,40,0.56,1.037,13,0.59,1.0925,100,0.57,1.0555,164,0
IWM191004C148,2019-10-03,2019-10-03 09:35:22,0.58,1.074,84,0.56,1.037,19,0.59,1.0925,100,0.57,1.0555,164,0
IWM191004C148,2019-10-03,2019-10-03 09:35:22,0.58,1.074,123,0.56,1.037,19,0.59,1.0925,100,0.57,1.0555,164,0
IWM191004C148,2019-10-03,2019-10-03 09:35:23,0.58,1.074,20,0.56,1.037,38,0.59,1.0925,100,0.57,1.0555,164,0
IWM191004C148,2019-10-03,2019-10-03 09:35:23,0.58,1.074,55,0.56,1.037,39,0.59,1.0925,100,0.57,1.0555,164,0
IWM191004C148,2019-10-03,2019-10-03 09:35:24,0.58,1.074,95,0.56,1.037,16,0.59,1.0925,100,0.57,1.0555,164,0
IWM191004C148,2019-10-03,2019-10-03 09:35:24,0.58,1.074,51,0.56,1.037,73,0.59,1.0925,100,0.57,1.0555,164,0
IWM191004C148,2019-10-03,2019-10-03 09:35:25,0.58,1.074,74,0.57,1.0555,19,0.59,1.0925,100,0.575,1.0648,164,0
IWM191004C148,2019-10-03,2019-10-03 09:35:25,0.58,1.074,74,0.57,1.0555,31,0.59,1.0925,100,0.575,1.0648,164,0
