symbol,Date,quote_time,ask_price,norm_ask_price,ask_size,bid_price,norm_bid_price,bid_size,last_trade_price,norm_last_trade_price,last_trade_size,mark_price,norm_mark_price,volume,Volume
SPY190731C300,2019-07-30,2019-07-30 09:30:00,1.25,1.0,100,1.21,0.968,100,1.24,0.992,5,1.23,0.984,12,12
SPY190731C300,2019-07-30,2019-07-30 09:30:08,1.23,0.984,60,1.2,0.96,50,1.22,0.976,1,1.215,0.972,15,3
SPY190731C300,2019-07-30,2019-07-30 09:30:09,1.23,0.984,60,1.2,0.96,50,1.22,0.976,1,1.215,0.972,15,0
SPY190731C300,2019-07-30,2019-07-30 09:30:10,1.23,0.984,60,1.2,0.96,50,1.24,0.992,50,1.215,0.972,65,50
SPY190731C300,2019-07-30,2019-07-30 09:30:10,1.23,0.984,60,1.2,0.96,50,1.22,0.976,1,1.215,0.972,15,0
SPY190731C300,2019-07-30,2019-07-30 09:30:11,1.23,0.984,178,1.2,0.96,50,1.24,0.992,50,1.215,0.972,65,0
SPY190731C300,2019-07-30,2019-07-30 09:30:12,1.22,0.976,89,1.18,0.944,148,1.24,0.992,50,1.2,0.96,65,0
SPY190731C300,2019-07-30,2019-07-30 09:30:13,1.22,0.976,158,1.19,0.952,51,1.26,1.008,5,1.205,0.964,165,100
SPY190731C300,2019-07-30,2019-07-30 09:30:13,1.23,0.984,218,1.19,0.952,1,1.24,0.992,50,1.21,0.968,65,0
SPY190731C300,2019-07-30,2019-07-30 09:30:14,1.22,0.976,224,1.19,0.952,1,1.26,1.008,5,1.205,0.964,165,0
SPY190731C300,2019-07-30,2019-07-30 09:30:15,1.21,0.968,55,1.19,0.952,5,1.26,1.008,5,1.2,0.96,165,0
SPY190731C300,2019-07-30,2019-07-30 09:30:15,1.22,0.976,224,1.19,0.952,1,1.26,1.008,5,1.205,0.964,165,0
SPY190731C300,2019-07-30,2019-07-30 09:30:16,1.24,0.992,75,1.2,0.96,316,1.28,1.024,3,1.22,0.976,168,3
SPY190731C300,2019-07-30,2019-07-30 09:30:17,1.26,1.008,95,1.24,0.992,150,1.28,1.024,3,1.25,1.0,168,0
SPY190731C300,2019-07-30,2019-07-30 09:30:17,1.25,1.0,100,1.24,0.992,114,1.28,1.024,3,1.245,0.996,168,0
SPY190731C300,2019-07-30,2019-07-30 09:30:18,1.25,1.0,187,1.24,0.992,50,1.28,1.024,3,1.245,0.996,168,0
SPY190731C300,2019-07-30,2019-07-30 09:30:18,1.25,1.0,329,1.23,0.984,5,1.28,1.024,3,1.24,0.992,168,0
SPY190731C300,2019-07-30,2019-07-30 09:30:19,1.28,1.024,33,1.27,1.016,5,1.28,1.024,3,1.275,1.02,168,0
SPY190731C300,2019-07-30,2019-07-30 09:30:20,1.3,1.04,1,1.28,1.024,100,1.28,1.024,3,1.29,1.032,168,0
SPY190731C300,2019-07-30,2019-07-30 09:30:20,1.29,1.032,50,1.27,1.016,161,1.28,1.024,3,1.28,1.024,168,0
SPY190731C300,2019-07-30,2019-07-30 09:30:21,1.3,1.04,50,1.29,1.032,5,1.28,1.024,3,1.295,1.036,168,0
SPY190731C300,2019-07-30,2019-07-30 09:30:21,1.29,1.032,75,1.28,1.024,5,1.28,1.024,3,1.285,1.028,168,0
SPY190731C300,2019-07-30,2019-07-30 09:30:22,1.29,1.032,88,1.28,1.024,5,1.28,1.024,3,1.285,1.028,168,0
SPY190731C300,2019-07-30,2019-07-30 09:30:23,1.29,1.032,88,1.28,1.024,5,1.28,1.024,3,1.285,1.028,168,0
SPY190731C300,2019-07-30,2019-07-30 09:30:23,1.29,1.032,77,1.28,1.024,5,1.28,1.024,3,1.285,1.028,168,0
SPY190731C300,2019-07-30,2019-07-30 09:30:24,1.29,1.032,59,1.28,1.024,5,1.28,1.024,3,1.285,1.028,168,0
SPY190731C300,2019-07-30,2019-07-30 09:30:25,1.28,1.024,1,1.26,1.008,100,1.29,1.032,5,1.27,1.016,173,5
SPY190731C300,2019-07-30,2019-07-30 09:30:25,1.29,1.032,5,1.27,1.016,5,1.28,1.024,3,1.28,1.024,168,0
SPY190731C300,2019-07-30,2019-07-30 09:30:26,1.28,1.024,1,1.27,1.016,1,1.29,1.032,5,1.275,1.02,173,0
SPY190731C300,2019-07-30,2019-07-30 09:30:27,1.28,1.024,11,1.27,1.016,5,1.27,1.016,1,1.275,1.02,175,0
SPY190731C300,2019-07-30,2019-07-30 09:30:27,1.29,1.032,393,1.27,1.016,5,1.27,1.016,1,1.28,1.024,175,2
SPY190731C300,2019-07-30,2019-07-30 09:30:28,1.28,1.024,11,1.26,1.008,407,1.27,1.016,1,1.27,1.016,175,0
SPY190731C300,2019-07-30,2019-07-30 09:30:29,1.28,1.024,1,1.27,1.016,3,1.27,1.016,1,1.275,1.02,175,0
SPY190731C300,2019-07-30,2019-07-30 09:30:30,1.29,1.032,391,1.27,1.016,3,1.27,1.016,1,1.28,1.024,175,0
SPY190731C300,2019-07-30,2019-07-30 09:30:31,1.28,1.024,161,1.27,1.016,3,1.29,1.032,1,1.275,1.02,176,0
SPY190731C300,2019-07-30,2019-07-30 09:30:31,1.28,1.024,161,1.27,1.016,3,1.29,1.032,1,1.275,1.02,176,1
SPY190731C300,2019-07-30,2019-07-30 09:30:32,1.28,1.024,161,1.27,1.016,3,1.29,1.032,1,1.275,1.02,176,0
SPY190731C300,2019-07-30,2019-07-30 09:30:33,1.28,1.024,161,1.27,1.016,3,1.29,1.032,1,1.275,1.02,176,0
SPY190731C300,2019-07-30,2019-07-30 09:30:34,1.28,1.024,161,1.27,1.016,3,1.27,1.016,1,1.275,1.02,177,1
SPY190731C300,2019-07-30,2019-07-30 09:30:34,1.28,1.024,161,1.27,1.016,3,1.29,1.032,1,1.275,1.02,176,0
SPY190731C300,2019-07-30,2019-07-30 09:30:35,1.28,1.024,161,1.27,1.016,3,1.27,1.016,1,1.275,1.02,177,0
SPY190731C300,2019-07-30,2019-07-30 09:30:36,1.28,1.024,161,1.27,1.016,3,1.28,1.024,1,1.275,1.02,178,0
SPY190731C300,2019-07-30,2019-07-30 09:30:36,1.28,1.024,161,1.27,1.016,3,1.28,1.024,1,1.275,1.02,178,1
SPY190731C300,2019-07-30,2019-07-30 09:30:37,1.28,1.024,4,1.27,1.016,3,1.28,1.024,1,1.275,1.02,178,0
SPY190731C300,2019-07-30,2019-07-30 09:30:37,1.28,1.024,161,1.27,1.016,3,1.28,1.024,1,1.275,1.02,178,0
SPY190731C300,2019-07-30,2019-07-30 09:30:38,1.28,1.024,77,1.27,1.016,3,1.28,1.024,1,1.275,1.02,178,0
SPY190731C300,2019-07-30,2019-07-30 09:30:38,1.28,1.024,100,1.27,1.016,3,1.28,1.024,1,1.275,1.02,178,0
SPY190731C300,2019-07-30,2019-07-30 09:30:39,1.28,1.024,100,1.27,1.016,3,1.28,1.024,1,1.275,1.02,178,0
SPY190731C300,2019-07-30,2019-07-30 09:30:40,1.28,1.024,111,1.27,1.016,3,1.27,1.016,5,1.275,1.02,183,5
SPY190731C300,2019-07-30,2019-07-30 09:30:40,1.28,1.024,111,1.27,1.016,3,1.27,1.016,5,1.275,1.02,183,0
SPY190731C300,2019-07-30,2019-07-30 09:30:41,1.26,1.008,106,1.25,1.0,10,1.27,1.016,3,1.255,1.004,226,3
SPY190731C300,2019-07-30,2019-07-30 09:30:41,1.28,1.024,161,1.27,1.016,3,1.28,1.024,40,1.275,1.02,223,40
SPY190731C300,2019-07-30,2019-07-30 09:30:42,1.26,1.008,88,1.25,1.0,10,1.26,1.008,2,1.255,1.004,228,2
SPY190731C300,2019-07-30,2019-07-30 09:30:42,1.26,1.008,95,1.25,1.0,10,1.27,1.016,3,1.255,1.004,226,0
SPY190731C300,2019-07-30,2019-07-30 09:30:43,1.26,1.008,55,1.25,1.0,10,1.26,1.008,2,1.255,1.004,228,0
SPY190731C300,2019-07-30,2019-07-30 09:30:43,1.27,1.016,1,1.25,1.0,221,1.26,1.008,2,1.26,1.008,228,0
SPY190731C300,2019-07-30,2019-07-30 09:30:44,1.27,1.016,1,1.25,1.0,436,1.27,1.016,15,1.26,1.008,243,0
SPY190731C300,2019-07-30,2019-07-30 09:30:44,1.27,1.016,1,1.25,1.0,271,1.27,1.016,15,1.26,1.008,243,15
SPY190731C300,2019-07-30,2019-07-30 09:30:45,1.27,1.016,1,1.25,1.0,436,1.27,1.016,15,1.26,1.008,243,0
SPY190731C300,2019-07-30,2019-07-30 09:30:46,1.28,1.024,161,1.25,1.0,436,1.27,1.016,15,1.265,1.012,243,0
SPY190731C300,2019-07-30,2019-07-30 09:30:46,1.27,1.016,10,1.25,1.0,412,1.27,1.016,15,1.26,1.008,243,0
SPY190731C300,2019-07-30,2019-07-30 09:30:47,1.27,1.016,65,1.25,1.0,412,1.27,1.016,15,1.26,1.008,243,0
SPY190731C300,2019-07-30,2019-07-30 09:30:47,1.27,1.016,10,1.25,1.0,436,1.27,1.016,15,1.26,1.008,243,0
SPY190731C300,2019-07-30,2019-07-30 09:30:48,1.27,1.016,10,1.25,1.0,216,1.27,1.016,3,1.26,1.008,246,0
SPY190731C300,2019-07-30,2019-07-30 09:30:48,1.27,1.016,10,1.25,1.0,412,1.27,1.016,3,1.26,1.008,246,3
SPY190731C300,2019-07-30,2019-07-30 09:30:49,1.27,1.016,4,1.26,1.008,1,1.26,1.008,1,1.265,1.012,247,1
SPY190731C300,2019-07-30,2019-07-30 09:30:49,1.27,1.016,10,1.25,1.0,216,1.27,1.016,3,1.26,1.008,246,0
SPY190731C300,2019-07-30,2019-07-30 09:30:50,1.27,1.016,4,1.25,1.0,161,1.26,1.008,1,1.26,1.008,247,0
SPY190731C300,2019-07-30,2019-07-30 09:30:51,1.26,1.008,161,1.24,0.992,5,1.26,1.008,1,1.25,1.0,247,0
SPY190731C300,2019-07-30,2019-07-30 09:30:51,1.26,1.008,100,1.24,0.992,125,1.26,1.008,1,1.25,1.0,247,0
SPY190731C300,2019-07-30,2019-07-30 09:30:52,1.26,1.008,81,1.24,0.992,5,1.26,1.008,1,1.25,1.0,247,0
SPY190731C300,2019-07-30,2019-07-30 09:30:52,1.26,1.008,161,1.24,0.992,5,1.26,1.008,1,1.25,1.0,247,0
SPY190731C300,2019-07-30,2019-07-30 09:30:53,1.27,1.016,82,1.24,0.992,177,1.26,1.008,1,1.255,1.004,247,0
SPY190731C300,2019-07-30,2019-07-30 09:30:53,1.27,1.016,32,1.24,0.992,177,1.26,1.008,1,1.255,1.004,247,0
SPY190731C300,2019-07-30,2019-07-30 09:30:54,1.27,1.016,111,1.25,1.0,100,1.26,1.008,1,1.26,1.008,247,0
SPY190731C300,2019-07-30,2019-07-30 09:30:54,1.27,1.016,36,1.26,1.008,5,1.26,1.008,1,1.265,1.012,247,0
SPY190731C300,2019-07-30,2019-07-30 09:30:55,1.27,1.016,4,1.26,1.008,5,1.26,1.008,9,1.265,1.012,277,30
SPY190731C300,2019-07-30,2019-07-30 09:30:56,1.27,1.016,3,1.26,1.008,161,1.26,1.008,1,1.265,1.012,281,2
SPY190731C300,2019-07-30,2019-07-30 09:30:56,1.27,1.016,4,1.26,1.008,161,1.28,1.024,2,1.265,1.012,279,2
SPY190731C300,2019-07-30,2019-07-30 09:30:57,1.29,1.032,5,1.27,1.016,5,1.27,1.016,3,1.28,1.024,284,3
SPY190731C300,2019-07-30,2019-07-30 09:30:57,1.27,1.016,3,1.26,1.008,161,1.26,1.008,1,1.265,1.012,281,0
SPY190731C300,2019-07-30,2019-07-30 09:30:58,1.28,1.024,1,1.27,1.016,161,1.29,1.032,1,1.275,1.02,286,2
SPY190731C300,2019-07-30,2019-07-30 09:30:58,1.28,1.024,1,1.27,1.016,161,1.27,1.016,3,1.275,1.02,284,0
SPY190731C300,2019-07-30,2019-07-30 09:30:59,1.28,1.024,1,1.27,1.016,161,1.29,1.032,1,1.275,1.02,286,0
SPY190731C300,2019-07-30,2019-07-30 09:30:59,1.29,1.032,37,1.27,1.016,222,1.29,1.032,1,1.28,1.024,286,0
SPY190731C300,2019-07-30,2019-07-30 09:31:00,1.29,1.032,37,1.27,1.016,211,1.29,1.032,1,1.28,1.024,286,0
SPY190731C300,2019-07-30,2019-07-30 09:31:01,1.28,1.024,1,1.27,1.016,211,1.29,1.032,1,1.275,1.02,286,0
SPY190731C300,2019-07-30,2019-07-30 09:31:01,1.3,1.04,412,1.27,1.016,328,1.29,1.032,1,1.285,1.028,286,0
SPY190731C300,2019-07-30,2019-07-30 09:31:02,1.3,1.04,147,1.27,1.016,100,1.29,1.032,1,1.285,1.028,286,0
SPY190731C300,2019-07-30,2019-07-30 09:31:02,1.31,1.048,90,1.28,1.024,266,1.29,1.032,1,1.295,1.036,286,0
SPY190731C300,2019-07-30,2019-07-30 09:31:03,1.31,1.048,1,1.29,1.032,5,1.31,1.048,2,1.3,1.04,290,4
SPY190731C300,2019-07-30,2019-07-30 09:31:04,1.32,1.056,98,1.3,1.04,161,1.31,1.048,2,1.31,1.048,290,0
SPY190731C300,2019-07-30,2019-07-30 09:31:04,1.33,1.064,5,1.31,1.048,55,1.31,1.048,2,1.32,1.056,290,0
SPY190731C300,2019-07-30,2019-07-30 09:31:05,1.32,1.056,31,1.31,1.048,155,1.31,1.048,2,1.315,1.052,290,0
SPY190731C300,2019-07-30,2019-07-30 09:31:06,1.32,1.056,131,1.31,1.048,100,1.31,1.048,2,1.315,1.052,290,0
SPY190731C300,2019-07-30,2019-07-30 09:31:06,1.32,1.056,111,1.31,1.048,100,1.31,1.048,2,1.315,1.052,290,0
SPY190731C300,2019-07-30,2019-07-30 09:31:07,1.32,1.056,152,1.3,1.04,54,1.31,1.048,76,1.31,1.048,391,101
SPY190731C300,2019-07-30,2019-07-30 09:31:07,1.32,1.056,111,1.3,1.04,156,1.31,1.048,76,1.31,1.048,391,0
SPY190731C300,2019-07-30,2019-07-30 09:31:08,1.33,1.064,161,1.31,1.048,161,1.31,1.048,76,1.32,1.056,391,0
SPY190731C300,2019-07-30,2019-07-30 09:31:08,1.32,1.056,111,1.3,1.04,156,1.31,1.048,76,1.31,1.048,391,0
SPY190731C300,2019-07-30,2019-07-30 09:31:09,1.32,1.056,1,1.31,1.048,161,1.32,1.056,3,1.315,1.052,394,3
SPY190731C300,2019-07-30,2019-07-30 09:31:10,1.33,1.064,161,1.31,1.048,161,1.33,1.064,1,1.32,1.056,395,1
SPY190731C300,2019-07-30,2019-07-30 09:31:10,1.33,1.064,161,1.31,1.048,5,1.32,1.056,3,1.32,1.056,394,0
SPY190731C300,2019-07-30,2019-07-30 09:31:11,1.33,1.064,161,1.31,1.048,161,1.33,1.064,1,1.32,1.056,395,0
SPY190731C300,2019-07-30,2019-07-30 09:31:12,1.33,1.064,138,1.31,1.048,161,1.33,1.064,2,1.32,1.056,397,2
SPY190731C300,2019-07-30,2019-07-30 09:31:12,1.33,1.064,68,1.31,1.048,161,1.33,1.064,2,1.32,1.056,397,0
SPY190731C300,2019-07-30,2019-07-30 09:31:13,1.33,1.064,68,1.31,1.048,161,1.33,1.064,2,1.32,1.056,397,0
SPY190731C300,2019-07-30,2019-07-30 09:31:13,1.33,1.064,65,1.31,1.048,161,1.33,1.064,2,1.32,1.056,397,0
SPY190731C300,2019-07-30,2019-07-30 09:31:14,1.33,1.064,65,1.31,1.048,161,1.33,1.064,2,1.32,1.056,397,0
SPY190731C300,2019-07-30,2019-07-30 09:31:15,1.33,1.064,65,1.31,1.048,161,1.33,1.064,2,1.32,1.056,397,0
SPY190731C300,2019-07-30,2019-07-30 09:31:15,1.33,1.064,65,1.32,1.056,1,1.33,1.064,2,1.325,1.06,397,0
SPY190731C300,2019-07-30,2019-07-30 09:31:16,1.33,1.064,65,1.32,1.056,1,1.32,1.056,1,1.325,1.06,398,1
SPY190731C300,2019-07-30,2019-07-30 09:31:16,1.32,1.056,2,1.32,1.056,1,1.32,1.056,1,1.32,1.056,399,1
SPY190731C300,2019-07-30,2019-07-30 09:31:17,1.32,1.056,148,1.3,1.04,50,1.31,1.048,20,1.31,1.048,419,20
SPY190731C300,2019-07-30,2019-07-30 09:31:17,1.31,1.048,24,1.3,1.04,50,1.32,1.056,1,1.305,1.044,424,5
SPY190731C300,2019-07-30,2019-07-30 09:31:18,1.32,1.056,1,1.31,1.048,5,1.32,1.056,5,1.315,1.052,429,5
SPY190731C300,2019-07-30,2019-07-30 09:31:18,1.32,1.056,24,1.3,1.04,1,1.32,1.056,1,1.31,1.048,424,0
SPY190731C300,2019-07-30,2019-07-30 09:31:19,1.35,1.08,410,1.31,1.048,360,1.32,1.056,1,1.33,1.064,430,1
SPY190731C300,2019-07-30,2019-07-30 09:31:20,1.33,1.064,86,1.32,1.056,200,1.33,1.064,5,1.325,1.06,435,5
SPY190731C300,2019-07-30,2019-07-30 09:31:20,1.34,1.072,76,1.32,1.056,108,1.32,1.056,1,1.33,1.064,430,0
SPY190731C300,2019-07-30,2019-07-30 09:31:21,1.33,1.064,74,1.32,1.056,200,1.33,1.064,5,1.325,1.06,435,0
SPY190731C300,2019-07-30,2019-07-30 09:31:21,1.33,1.064,77,1.32,1.056,1,1.32,1.056,200,1.325,1.06,635,200
SPY190731C300,2019-07-30,2019-07-30 09:31:22,1.33,1.064,77,1.32,1.056,1,1.32,1.056,50,1.325,1.06,685,50
SPY190731C300,2019-07-30,2019-07-30 09:31:22,1.32,1.056,25,1.3,1.04,50,1.32,1.056,1,1.31,1.048,686,1
SPY190731C300,2019-07-30,2019-07-30 09:31:23,1.32,1.056,110,1.3,1.04,100,1.32,1.056,1,1.31,1.048,686,0
SPY190731C300,2019-07-30,2019-07-30 09:31:24,1.32,1.056,110,1.3,1.04,1,1.31,1.048,85,1.31,1.048,772,85
SPY190731C300,2019-07-30,2019-07-30 09:31:24,1.31,1.048,11,1.31,1.048,1,1.31,1.048,1,1.31,1.048,687,1
SPY190731C300,2019-07-30,2019-07-30 09:31:25,1.31,1.048,158,1.3,1.04,1,1.31,1.048,85,1.305,1.044,772,0
SPY190731C300,2019-07-30,2019-07-30 09:31:25,1.29,1.032,51,1.27,1.016,50,1.3,1.04,1,1.28,1.024,773,1
SPY190731C300,2019-07-30,2019-07-30 09:31:26,1.3,1.04,175,1.27,1.016,158,1.3,1.04,1,1.285,1.028,773,0
SPY190731C300,2019-07-30,2019-07-30 09:31:27,1.29,1.032,99,1.27,1.016,100,1.3,1.04,1,1.28,1.024,773,0
SPY190731C300,2019-07-30,2019-07-30 09:31:28,1.28,1.024,5,1.27,1.016,100,1.27,1.016,10,1.275,1.02,783,10
SPY190731C300,2019-07-30,2019-07-30 09:31:28,1.27,1.016,5,1.26,1.008,1,1.27,1.016,1,1.265,1.012,784,1
SPY190731C300,2019-07-30,2019-07-30 09:31:29,1.27,1.016,5,1.26,1.008,1,1.27,1.016,1,1.265,1.012,784,0
SPY190731C300,2019-07-30,2019-07-30 09:31:29,1.27,1.016,8,1.26,1.008,1,1.27,1.016,1,1.265,1.012,784,0
SPY190731C300,2019-07-30,2019-07-30 09:31:30,1.27,1.016,5,1.26,1.008,1,1.27,1.016,1,1.265,1.012,784,0
SPY190731C300,2019-07-30,2019-07-30 09:31:31,1.27,1.016,560,1.26,1.008,1,1.27,1.016,1,1.265,1.012,784,0
SPY190731C300,2019-07-30,2019-07-30 09:31:31,1.27,1.016,5,1.26,1.008,1,1.27,1.016,1,1.265,1.012,784,0
SPY190731C300,2019-07-30,2019-07-30 09:31:32,1.24,0.992,192,1.2,0.96,84,1.21,0.968,5,1.22,0.976,800,15
SPY190731C300,2019-07-30,2019-07-30 09:31:32,1.25,1.0,10,1.23,0.984,10,1.26,1.008,1,1.24,0.992,785,1
SPY190731C300,2019-07-30,2019-07-30 09:31:33,1.21,0.968,37,1.2,0.96,5,1.23,0.984,5,1.205,0.964,810,0
SPY190731C300,2019-07-30,2019-07-30 09:31:33,1.22,0.976,37,1.2,0.96,5,1.23,0.984,5,1.21,0.968,810,10
SPY190731C300,2019-07-30,2019-07-30 09:31:34,1.2,0.96,32,1.18,0.944,125,1.2,0.96,5,1.19,0.952,815,0
SPY190731C300,2019-07-30,2019-07-30 09:31:34,1.2,0.96,38,1.18,0.944,161,1.2,0.96,5,1.19,0.952,815,5
SPY190731C300,2019-07-30,2019-07-30 09:31:35,1.19,0.952,1,1.17,0.936,580,1.2,0.96,5,1.18,0.944,815,0
SPY190731C300,2019-07-30,2019-07-30 09:31:36,1.2,0.96,63,1.17,0.936,415,1.2,0.96,5,1.185,0.948,815,0
SPY190731C300,2019-07-30,2019-07-30 09:31:36,1.19,0.952,1,1.17,0.936,480,1.2,0.96,5,1.18,0.944,815,0
SPY190731C300,2019-07-30,2019-07-30 09:31:37,1.2,0.96,1,1.17,0.936,619,1.2,0.96,5,1.185,0.948,815,0
SPY190731C300,2019-07-30,2019-07-30 09:31:37,1.21,0.968,40,1.18,0.944,474,1.2,0.96,5,1.195,0.956,815,0
SPY190731C300,2019-07-30,2019-07-30 09:31:38,1.21,0.968,103,1.18,0.944,524,1.2,0.96,5,1.195,0.956,815,0
SPY190731C300,2019-07-30,2019-07-30 09:31:39,1.21,0.968,103,1.18,0.944,524,1.2,0.96,5,1.195,0.956,815,0
SPY190731C300,2019-07-30,2019-07-30 09:31:39,1.21,0.968,113,1.19,0.952,50,1.2,0.96,5,1.2,0.96,815,0
SPY190731C300,2019-07-30,2019-07-30 09:31:40,1.2,0.96,127,1.17,0.936,128,1.2,0.96,5,1.185,0.948,815,0
SPY190731C300,2019-07-30,2019-07-30 09:31:40,1.2,0.96,78,1.17,0.936,474,1.2,0.96,5,1.185,0.948,815,0
SPY190731C300,2019-07-30,2019-07-30 09:31:41,1.2,0.96,149,1.17,0.936,378,1.2,0.96,5,1.185,0.948,815,0
SPY190731C300,2019-07-30,2019-07-30 09:31:41,1.2,0.96,127,1.17,0.936,220,1.2,0.96,5,1.185,0.948,815,0
SPY190731C300,2019-07-30,2019-07-30 09:31:42,1.21,0.968,85,1.19,0.952,50,1.19,0.952,40,1.2,0.96,855,40
SPY190731C300,2019-07-30,2019-07-30 09:31:42,1.2,0.96,149,1.18,0.944,35,1.2,0.96,5,1.19,0.952,815,0
SPY190731C300,2019-07-30,2019-07-30 09:31:43,1.21,0.968,75,1.19,0.952,1,1.19,0.952,40,1.2,0.96,855,0
SPY190731C300,2019-07-30,2019-07-30 09:31:44,1.19,0.952,10,1.17,0.936,574,1.19,0.952,40,1.18,0.944,855,0
SPY190731C300,2019-07-30,2019-07-30 09:31:44,1.19,0.952,10,1.18,0.944,50,1.19,0.952,40,1.185,0.948,855,0
SPY190731C300,2019-07-30,2019-07-30 09:31:45,1.2,0.96,5,1.19,0.952,2,1.19,0.952,40,1.195,0.956,855,0
SPY190731C300,2019-07-30,2019-07-30 09:31:45,1.2,0.96,65,1.19,0.952,2,1.19,0.952,40,1.195,0.956,855,0
SPY190731C300,2019-07-30,2019-07-30 09:31:46,1.2,0.96,10,1.19,0.952,2,1.19,0.952,40,1.195,0.956,855,0
SPY190731C300,2019-07-30,2019-07-30 09:31:46,1.21,0.968,221,1.19,0.952,2,1.19,0.952,40,1.2,0.96,855,0
SPY190731C300,2019-07-30,2019-07-30 09:31:47,1.21,0.968,174,1.19,0.952,2,1.19,0.952,40,1.2,0.96,855,0
SPY190731C300,2019-07-30,2019-07-30 09:31:47,1.21,0.968,174,1.19,0.952,50,1.19,0.952,40,1.2,0.96,855,0
SPY190731C300,2019-07-30,2019-07-30 09:31:48,1.21,0.968,222,1.2,0.96,4,1.19,0.952,40,1.205,0.964,855,0
SPY190731C300,2019-07-30,2019-07-30 09:31:48,1.21,0.968,164,1.19,0.952,89,1.19,0.952,40,1.2,0.96,855,0
SPY190731C300,2019-07-30,2019-07-30 09:31:49,1.22,0.976,87,1.2,0.96,4,1.19,0.952,40,1.21,0.968,855,0
SPY190731C300,2019-07-30,2019-07-30 09:31:50,1.21,0.968,118,1.2,0.96,5,1.19,0.952,40,1.205,0.964,855,0
SPY190731C300,2019-07-30,2019-07-30 09:31:50,1.22,0.976,207,1.2,0.96,50,1.19,0.952,40,1.21,0.968,855,0
SPY190731C300,2019-07-30,2019-07-30 09:31:51,1.22,0.976,207,1.2,0.96,5,1.19,0.952,40,1.21,0.968,855,0
SPY190731C300,2019-07-30,2019-07-30 09:31:51,1.21,0.968,118,1.2,0.96,5,1.19,0.952,40,1.205,0.964,855,0
SPY190731C300,2019-07-30,2019-07-30 09:31:52,1.22,0.976,88,1.2,0.96,5,1.19,0.952,40,1.21,0.968,855,0
SPY190731C300,2019-07-30,2019-07-30 09:31:52,1.2,0.96,45,1.2,0.96,5,1.2,0.96,1,1.2,0.96,860,5
SPY190731C300,2019-07-30,2019-07-30 09:31:53,1.21,0.968,35,1.19,0.952,50,1.2,0.96,1,1.2,0.96,860,0
SPY190731C300,2019-07-30,2019-07-30 09:31:54,1.21,0.968,114,1.19,0.952,50,1.2,0.96,1,1.2,0.96,860,0
SPY190731C300,2019-07-30,2019-07-30 09:31:54,1.21,0.968,35,1.19,0.952,2,1.2,0.96,1,1.2,0.96,860,0
SPY190731C300,2019-07-30,2019-07-30 09:31:55,1.21,0.968,114,1.18,0.944,799,1.2,0.96,1,1.195,0.956,860,0
SPY190731C300,2019-07-30,2019-07-30 09:31:55,1.21,0.968,118,1.19,0.952,60,1.2,0.96,1,1.2,0.96,860,0
SPY190731C300,2019-07-30,2019-07-30 09:31:56,1.22,0.976,120,1.19,0.952,781,1.2,0.96,1,1.205,0.964,860,0
SPY190731C300,2019-07-30,2019-07-30 09:31:56,1.22,0.976,114,1.19,0.952,631,1.2,0.96,1,1.205,0.964,860,0
SPY190731C300,2019-07-30,2019-07-30 09:31:57,1.22,0.976,166,1.19,0.952,781,1.2,0.96,1,1.205,0.964,860,0
SPY190731C300,2019-07-30,2019-07-30 09:31:57,1.22,0.976,123,1.19,0.952,781,1.2,0.96,1,1.205,0.964,860,0
SPY190731C300,2019-07-30,2019-07-30 09:31:58,1.21,0.968,1,1.2,0.96,51,1.2,0.96,1,1.205,0.964,860,0
SPY190731C300,2019-07-30,2019-07-30 09:31:58,1.21,0.968,75,1.18,0.944,511,1.2,0.96,1,1.195,0.956,860,0
SPY190731C300,2019-07-30,2019-07-30 09:31:59,1.2,0.96,10,1.17,0.936,827,1.2,0.96,1,1.185,0.948,860,0
SPY190731C300,2019-07-30,2019-07-30 09:32:00,1.19,0.952,137,1.16,0.928,377,1.2,0.96,1,1.175,0.94,860,0
SPY190731C300,2019-07-30,2019-07-30 09:32:00,1.19,0.952,159,1.16,0.928,361,1.2,0.96,1,1.175,0.94,860,0
SPY190731C300,2019-07-30,2019-07-30 09:32:01,1.18,0.944,228,1.15,0.92,422,1.15,0.92,2,1.165,0.932,862,0
SPY190731C300,2019-07-30,2019-07-30 09:32:01,1.18,0.944,68,1.15,0.92,472,1.15,0.92,2,1.165,0.932,862,2
SPY190731C300,2019-07-30,2019-07-30 09:32:02,1.17,0.936,50,1.15,0.92,422,1.18,0.944,50,1.16,0.928,912,50
SPY190731C300,2019-07-30,2019-07-30 09:32:03,1.16,0.928,163,1.13,0.904,722,1.18,0.944,50,1.145,0.916,912,0
SPY190731C300,2019-07-30,2019-07-30 09:32:03,1.16,0.928,1,1.15,0.92,422,1.18,0.944,50,1.155,0.924,912,0
SPY190731C300,2019-07-30,2019-07-30 09:32:04,1.15,0.92,1,1.13,0.904,722,1.16,0.928,6,1.14,0.912,918,6
SPY190731C300,2019-07-30,2019-07-30 09:32:04,1.16,0.928,138,1.13,0.904,441,1.16,0.928,6,1.145,0.916,918,0
SPY190731C300,2019-07-30,2019-07-30 09:32:05,1.17,0.936,11,1.14,0.912,228,1.16,0.928,6,1.155,0.924,918,0
SPY190731C300,2019-07-30,2019-07-30 09:32:05,1.19,0.952,60,1.15,0.92,147,1.16,0.928,6,1.17,0.936,918,0
SPY190731C300,2019-07-30,2019-07-30 09:32:06,1.16,0.928,50,1.14,0.912,181,1.16,0.928,6,1.15,0.92,918,0
SPY190731C300,2019-07-30,2019-07-30 09:32:06,1.16,0.928,99,1.13,0.904,460,1.16,0.928,6,1.145,0.916,918,0
SPY190731C300,2019-07-30,2019-07-30 09:32:07,1.15,0.92,10,1.13,0.904,178,1.16,0.928,6,1.14,0.912,918,0
SPY190731C300,2019-07-30,2019-07-30 09:32:08,1.15,0.92,87,1.13,0.904,2,1.16,0.928,6,1.14,0.912,918,0
SPY190731C300,2019-07-30,2019-07-30 09:32:08,1.15,0.92,5,1.13,0.904,262,1.16,0.928,6,1.14,0.912,918,0
SPY190731C300,2019-07-30,2019-07-30 09:32:09,1.15,0.92,87,1.13,0.904,2,1.16,0.928,6,1.14,0.912,918,0
SPY190731C300,2019-07-30,2019-07-30 09:32:10,1.15,0.92,104,1.13,0.904,2,1.15,0.92,2,1.14,0.912,920,2
SPY190731C300,2019-07-30,2019-07-30 09:32:10,1.15,0.92,104,1.13,0.904,2,1.16,0.928,6,1.14,0.912,918,0
SPY190731C300,2019-07-30,2019-07-30 09:32:11,1.15,0.92,319,1.13,0.904,2,1.15,0.92,2,1.14,0.912,920,0
SPY190731C300,2019-07-30,2019-07-30 09:32:11,1.14,0.912,5,1.13,0.904,2,1.13,0.904,1,1.135,0.908,1121,201
SPY190731C300,2019-07-30,2019-07-30 09:32:12,1.15,0.92,331,1.12,0.896,50,1.13,0.904,2,1.135,0.908,1171,50
SPY190731C300,2019-07-30,2019-07-30 09:32:13,1.15,0.92,406,1.12,0.896,124,1.13,0.904,10,1.135,0.908,1181,0
SPY190731C300,2019-07-30,2019-07-30 09:32:13,1.15,0.92,306,1.12,0.896,50,1.13,0.904,10,1.135,0.908,1181,10
SPY190731C300,2019-07-30,2019-07-30 09:32:14,1.14,0.912,100,1.12,0.896,96,1.13,0.904,10,1.13,0.904,1181,0
SPY190731C300,2019-07-30,2019-07-30 09:32:14,1.14,0.912,5,1.12,0.896,167,1.13,0.904,10,1.13,0.904,1181,0
SPY190731C300,2019-07-30,2019-07-30 09:32:15,1.13,0.904,11,1.11,0.888,577,1.14,0.912,1,1.12,0.896,1183,0
SPY190731C300,2019-07-30,2019-07-30 09:32:15,1.14,0.912,167,1.11,0.888,577,1.14,0.912,1,1.125,0.9,1183,2
SPY190731C300,2019-07-30,2019-07-30 09:32:16,1.14,0.912,5,1.11,0.888,627,1.14,0.912,1,1.125,0.9,1183,0
SPY190731C300,2019-07-30,2019-07-30 09:32:17,1.14,0.912,167,1.11,0.888,409,1.14,0.912,1,1.125,0.9,1183,0
SPY190731C300,2019-07-30,2019-07-30 09:32:17,1.15,0.92,322,1.11,0.888,652,1.14,0.912,1,1.13,0.904,1183,0
SPY190731C300,2019-07-30,2019-07-30 09:32:18,1.15,0.92,356,1.11,0.888,652,1.14,0.912,1,1.13,0.904,1183,0
SPY190731C300,2019-07-30,2019-07-30 09:32:19,1.15,0.92,356,1.12,0.896,612,1.14,0.912,1,1.135,0.908,1183,0
SPY190731C300,2019-07-30,2019-07-30 09:32:19,1.15,0.92,160,1.12,0.896,612,1.14,0.912,1,1.135,0.908,1183,0
SPY190731C300,2019-07-30,2019-07-30 09:32:20,1.14,0.912,402,1.11,0.888,469,1.14,0.912,1,1.125,0.9,1183,0
SPY190731C300,2019-07-30,2019-07-30 09:32:20,1.13,0.904,11,1.11,0.888,469,1.14,0.912,1,1.12,0.896,1183,0
SPY190731C300,2019-07-30,2019-07-30 09:32:21,1.13,0.904,5,1.1,0.88,641,1.14,0.912,1,1.115,0.892,1183,0
SPY190731C300,2019-07-30,2019-07-30 09:32:21,1.13,0.904,100,1.11,0.888,76,1.14,0.912,1,1.12,0.896,1183,0
SPY190731C300,2019-07-30,2019-07-30 09:32:22,1.13,0.904,167,1.1,0.88,641,1.14,0.912,1,1.115,0.892,1183,0
SPY190731C300,2019-07-30,2019-07-30 09:32:23,1.11,0.888,1,1.1,0.88,572,1.14,0.912,1,1.105,0.884,1183,0
SPY190731C300,2019-07-30,2019-07-30 09:32:23,1.13,0.904,167,1.1,0.88,572,1.1,0.88,20,1.115,0.892,1203,20
SPY190731C300,2019-07-30,2019-07-30 09:32:24,1.13,0.904,200,1.1,0.88,572,1.1,0.88,20,1.115,0.892,1203,0
SPY190731C300,2019-07-30,2019-07-30 09:32:24,1.12,0.896,200,1.1,0.88,492,1.1,0.88,20,1.11,0.888,1203,0
SPY190731C300,2019-07-30,2019-07-30 09:32:25,1.11,0.888,1,1.09,0.872,357,1.1,0.88,20,1.1,0.88,1203,0
SPY190731C300,2019-07-30,2019-07-30 09:32:25,1.11,0.888,1,1.09,0.872,698,1.1,0.88,20,1.1,0.88,1203,0
SPY190731C300,2019-07-30,2019-07-30 09:32:26,1.12,0.896,200,1.11,0.888,5,1.1,0.88,20,1.115,0.892,1203,0
SPY190731C300,2019-07-30,2019-07-30 09:32:27,1.11,0.888,50,1.09,0.872,120,1.1,0.88,20,1.1,0.88,1203,0
SPY190731C300,2019-07-30,2019-07-30 09:32:27,1.12,0.896,320,1.09,0.872,253,1.1,0.88,20,1.105,0.884,1203,0
SPY190731C300,2019-07-30,2019-07-30 09:32:28,1.11,0.888,84,1.08,0.864,997,1.1,0.88,20,1.095,0.876,1203,0
SPY190731C300,2019-07-30,2019-07-30 09:32:28,1.12,0.896,630,1.09,0.872,119,1.1,0.88,20,1.105,0.884,1203,0
SPY190731C300,2019-07-30,2019-07-30 09:32:29,1.11,0.888,84,1.08,0.864,768,1.1,0.88,10,1.095,0.876,1213,0
SPY190731C300,2019-07-30,2019-07-30 09:32:29,1.11,0.888,84,1.08,0.864,768,1.1,0.88,10,1.095,0.876,1213,10
SPY190731C300,2019-07-30,2019-07-30 09:32:30,1.1,0.88,1,1.08,0.864,764,1.1,0.88,5,1.09,0.872,1218,5
SPY190731C300,2019-07-30,2019-07-30 09:32:30,1.1,0.88,11,1.08,0.864,768,1.1,0.88,10,1.09,0.872,1213,0
SPY190731C300,2019-07-30,2019-07-30 09:32:31,1.12,0.896,420,1.09,0.872,317,1.11,0.888,1,1.105,0.884,1219,1
SPY190731C300,2019-07-30,2019-07-30 09:32:32,1.11,0.888,100,1.08,0.864,665,1.11,0.888,1,1.095,0.876,1219,0
SPY190731C300,2019-07-30,2019-07-30 09:32:32,1.11,0.888,100,1.1,0.88,1,1.11,0.888,1,1.105,0.884,1219,0
SPY190731C300,2019-07-30,2019-07-30 09:32:33,1.11,0.888,5,1.1,0.88,1,1.11,0.888,1,1.105,0.884,1219,0
SPY190731C300,2019-07-30,2019-07-30 09:32:33,1.12,0.896,495,1.1,0.88,1,1.11,0.888,1,1.11,0.888,1219,0
SPY190731C300,2019-07-30,2019-07-30 09:32:34,1.13,0.904,180,1.1,0.88,303,1.11,0.888,1,1.115,0.892,1219,0
SPY190731C300,2019-07-30,2019-07-30 09:32:34,1.12,0.896,200,1.1,0.88,314,1.11,0.888,1,1.11,0.888,1219,0
SPY190731C300,2019-07-30,2019-07-30 09:32:35,1.12,0.896,11,1.1,0.88,397,1.11,0.888,1,1.11,0.888,1219,0
SPY190731C300,2019-07-30,2019-07-30 09:32:35,1.12,0.896,11,1.1,0.88,309,1.11,0.888,1,1.11,0.888,1219,0
SPY190731C300,2019-07-30,2019-07-30 09:32:36,1.13,0.904,130,1.11,0.888,107,1.11,0.888,1,1.12,0.896,1219,0
SPY190731C300,2019-07-30,2019-07-30 09:32:37,1.13,0.904,50,1.11,0.888,112,1.11,0.888,1,1.12,0.896,1219,0
SPY190731C300,2019-07-30,2019-07-30 09:32:37,1.13,0.904,100,1.11,0.888,107,1.11,0.888,1,1.12,0.896,1219,0
SPY190731C300,2019-07-30,2019-07-30 09:32:38,1.12,0.896,1,1.12,0.896,1,1.12,0.896,1,1.12,0.896,1220,1
SPY190731C300,2019-07-30,2019-07-30 09:32:38,1.13,0.904,15,1.11,0.888,120,1.12,0.896,1,1.12,0.896,1220,0
SPY190731C300,2019-07-30,2019-07-30 09:32:39,1.13,0.904,15,1.11,0.888,170,1.12,0.896,1,1.12,0.896,1220,0
SPY190731C300,2019-07-30,2019-07-30 09:32:39,1.13,0.904,10,1.11,0.888,170,1.12,0.896,1,1.12,0.896,1220,0
SPY190731C300,2019-07-30,2019-07-30 09:32:40,1.13,0.904,126,1.11,0.888,11,1.13,0.904,1,1.12,0.896,1221,0
SPY190731C300,2019-07-30,2019-07-30 09:32:40,1.13,0.904,141,1.11,0.888,100,1.13,0.904,1,1.12,0.896,1221,1
SPY190731C300,2019-07-30,2019-07-30 09:32:41,1.13,0.904,10,1.11,0.888,5,1.13,0.904,1,1.12,0.896,1221,0
SPY190731C300,2019-07-30,2019-07-30 09:32:42,1.13,0.904,55,1.11,0.888,170,1.13,0.904,1,1.12,0.896,1221,0
SPY190731C300,2019-07-30,2019-07-30 09:32:42,1.12,0.896,11,1.11,0.888,70,1.13,0.904,1,1.115,0.892,1221,0
SPY190731C300,2019-07-30,2019-07-30 09:32:43,1.13,0.904,27,1.11,0.888,60,1.13,0.904,1,1.12,0.896,1221,0
SPY190731C300,2019-07-30,2019-07-30 09:32:43,1.13,0.904,10,1.12,0.896,27,1.13,0.904,1,1.125,0.9,1221,0
SPY190731C300,2019-07-30,2019-07-30 09:32:44,1.12,0.896,11,1.11,0.888,77,1.13,0.904,4,1.115,0.892,1225,4
SPY190731C300,2019-07-30,2019-07-30 09:32:44,1.13,0.904,10,1.12,0.896,68,1.13,0.904,1,1.125,0.9,1221,0
SPY190731C300,2019-07-30,2019-07-30 09:32:45,1.13,0.904,324,1.11,0.888,77,1.13,0.904,2,1.12,0.896,1232,5
SPY190731C300,2019-07-30,2019-07-30 09:32:45,1.13,0.904,324,1.11,0.888,77,1.13,0.904,2,1.12,0.896,1227,2
SPY190731C300,2019-07-30,2019-07-30 09:32:46,1.13,0.904,363,1.1,0.88,11,1.13,0.904,2,1.115,0.892,1232,0
SPY190731C300,2019-07-30,2019-07-30 09:32:47,1.12,0.896,146,1.1,0.88,91,1.1,0.88,2,1.11,0.888,1234,2
SPY190731C300,2019-07-30,2019-07-30 09:32:47,1.13,0.904,382,1.1,0.88,156,1.11,0.888,100,1.115,0.892,1334,100
SPY190731C300,2019-07-30,2019-07-30 09:32:48,1.12,0.896,172,1.1,0.88,107,1.11,0.888,100,1.11,0.888,1334,0
SPY190731C300,2019-07-30,2019-07-30 09:32:48,1.12,0.896,317,1.1,0.88,107,1.11,0.888,100,1.11,0.888,1334,0
SPY190731C300,2019-07-30,2019-07-30 09:32:49,1.12,0.896,20,1.11,0.888,134,1.11,0.888,100,1.115,0.892,1334,0
SPY190731C300,2019-07-30,2019-07-30 09:32:49,1.12,0.896,54,1.11,0.888,127,1.11,0.888,100,1.115,0.892,1334,0
SPY190731C300,2019-07-30,2019-07-30 09:32:50,1.12,0.896,106,1.1,0.88,127,1.11,0.888,100,1.11,0.888,1334,0
SPY190731C300,2019-07-30,2019-07-30 09:32:50,1.12,0.896,147,1.1,0.88,78,1.11,0.888,100,1.11,0.888,1334,0
SPY190731C300,2019-07-30,2019-07-30 09:32:51,1.12,0.896,20,1.1,0.88,281,1.11,0.888,100,1.11,0.888,1334,0
SPY190731C300,2019-07-30,2019-07-30 09:32:51,1.12,0.896,27,1.1,0.88,245,1.11,0.888,100,1.11,0.888,1334,0
SPY190731C300,2019-07-30,2019-07-30 09:32:52,1.12,0.896,20,1.1,0.88,245,1.11,0.888,100,1.11,0.888,1334,0
SPY190731C300,2019-07-30,2019-07-30 09:32:53,1.12,0.896,20,1.1,0.88,245,1.11,0.888,100,1.11,0.888,1334,0
SPY190731C300,2019-07-30,2019-07-30 09:32:54,1.12,0.896,20,1.1,0.88,245,1.11,0.888,100,1.11,0.888,1334,0
SPY190731C300,2019-07-30,2019-07-30 09:32:55,1.12,0.896,20,1.11,0.888,77,1.11,0.888,1,1.115,0.892,1335,1
SPY190731C300,2019-07-30,2019-07-30 09:32:55,1.12,0.896,20,1.11,0.888,53,1.11,0.888,100,1.115,0.892,1334,0
SPY190731C300,2019-07-30,2019-07-30 09:32:56,1.12,0.896,20,1.11,0.888,127,1.11,0.888,1,1.115,0.892,1335,0
SPY190731C300,2019-07-30,2019-07-30 09:32:57,1.13,0.904,10,1.11,0.888,100,1.12,0.896,20,1.12,0.896,1355,20
SPY190731C300,2019-07-30,2019-07-30 09:32:57,1.13,0.904,27,1.11,0.888,100,1.12,0.896,180,1.12,0.896,1535,180
SPY190731C300,2019-07-30,2019-07-30 09:32:58,1.13,0.904,10,1.12,0.896,217,1.12,0.896,180,1.125,0.9,1535,0
SPY190731C300,2019-07-30,2019-07-30 09:32:58,1.13,0.904,10,1.12,0.896,325,1.12,0.896,180,1.125,0.9,1535,0
SPY190731C300,2019-07-30,2019-07-30 09:32:59,1.13,0.904,155,1.11,0.888,104,1.12,0.896,180,1.12,0.896,1535,0
SPY190731C300,2019-07-30,2019-07-30 09:33:00,1.12,0.896,27,1.1,0.88,227,1.12,0.896,180,1.11,0.888,1535,0
SPY190731C300,2019-07-30,2019-07-30 09:33:00,1.12,0.896,27,1.1,0.88,255,1.12,0.896,2,1.11,0.888,1538,3
SPY190731C300,2019-07-30,2019-07-30 09:33:01,1.12,0.896,537,1.1,0.88,37,1.12,0.896,1,1.11,0.888,1540,2
SPY190731C300,2019-07-30,2019-07-30 09:33:01,1.12,0.896,27,1.1,0.88,37,1.12,0.896,2,1.11,0.888,1538,0
SPY190731C300,2019-07-30,2019-07-30 09:33:02,1.11,0.888,264,1.1,0.88,11,1.12,0.896,1,1.105,0.884,1540,0
SPY190731C300,2019-07-30,2019-07-30 09:33:02,1.12,0.896,388,1.1,0.88,27,1.12,0.896,1,1.11,0.888,1540,0
SPY190731C300,2019-07-30,2019-07-30 09:33:03,1.11,0.888,833,1.1,0.88,11,1.12,0.896,1,1.105,0.884,1540,0
SPY190731C300,2019-07-30,2019-07-30 09:33:04,1.12,0.896,284,1.1,0.88,27,1.1,0.88,1,1.11,0.888,1552,12
SPY190731C300,2019-07-30,2019-07-30 09:33:04,1.12,0.896,284,1.09,0.872,295,1.1,0.88,1,1.105,0.884,1552,0
SPY190731C300,2019-07-30,2019-07-30 09:33:05,1.11,0.888,125,1.09,0.872,200,1.1,0.88,1,1.1,0.88,1552,0
SPY190731C300,2019-07-30,2019-07-30 09:33:05,1.11,0.888,82,1.09,0.872,196,1.1,0.88,1,1.1,0.88,1552,0
SPY190731C300,2019-07-30,2019-07-30 09:33:06,1.11,0.888,77,1.09,0.872,196,1.1,0.88,1,1.1,0.88,1552,0
SPY190731C300,2019-07-30,2019-07-30 09:33:06,1.11,0.888,121,1.09,0.872,196,1.1,0.88,1,1.1,0.88,1552,0
SPY190731C300,2019-07-30,2019-07-30 09:33:07,1.11,0.888,131,1.09,0.872,196,1.1,0.88,1,1.1,0.88,1552,0
SPY190731C300,2019-07-30,2019-07-30 09:33:08,1.11,0.888,136,1.09,0.872,307,1.1,0.88,12,1.1,0.88,1564,12
SPY190731C300,2019-07-30,2019-07-30 09:33:08,1.12,0.896,150,1.09,0.872,307,1.1,0.88,12,1.105,0.884,1564,0
SPY190731C300,2019-07-30,2019-07-30 09:33:09,1.11,0.888,64,1.08,0.864,327,1.08,0.864,10,1.095,0.876,1574,10
SPY190731C300,2019-07-30,2019-07-30 09:33:09,1.1,0.88,22,1.09,0.872,27,1.08,0.864,10,1.095,0.876,1574,0
SPY190731C300,2019-07-30,2019-07-30 09:33:10,1.11,0.888,532,1.08,0.864,308,1.08,0.864,10,1.095,0.876,1574,0
SPY190731C300,2019-07-30,2019-07-30 09:33:10,1.11,0.888,196,1.09,0.872,105,1.08,0.864,10,1.1,0.88,1574,0
SPY190731C300,2019-07-30,2019-07-30 09:33:11,1.1,0.88,14,1.07,0.856,215,1.08,0.864,10,1.085,0.868,1574,0
SPY190731C300,2019-07-30,2019-07-30 09:33:12,1.11,0.888,27,1.1,0.88,1,1.08,0.864,10,1.105,0.884,1574,0
SPY190731C300,2019-07-30,2019-07-30 09:33:12,1.11,0.888,54,1.09,0.872,31,1.08,0.864,10,1.1,0.88,1574,0
SPY190731C300,2019-07-30,2019-07-30 09:33:13,1.12,0.896,88,1.1,0.88,100,1.08,0.864,10,1.11,0.888,1574,0
SPY190731C300,2019-07-30,2019-07-30 09:33:13,1.12,0.896,127,1.1,0.88,164,1.08,0.864,10,1.11,0.888,1574,0
SPY190731C300,2019-07-30,2019-07-30 09:33:14,1.12,0.896,27,1.11,0.888,50,1.08,0.864,10,1.115,0.892,1574,0
SPY190731C300,2019-07-30,2019-07-30 09:33:14,1.12,0.896,56,1.09,0.872,177,1.08,0.864,10,1.105,0.884,1574,0
SPY190731C300,2019-07-30,2019-07-30 09:33:15,1.13,0.904,450,1.11,0.888,71,1.08,0.864,10,1.12,0.896,1574,0
SPY190731C300,2019-07-30,2019-07-30 09:33:15,1.13,0.904,553,1.11,0.888,67,1.08,0.864,10,1.12,0.896,1575,1
SPY190731C300,2019-07-30,2019-07-30 09:33:16,1.12,0.896,91,1.1,0.88,361,1.11,0.888,17,1.11,0.888,1592,17
SPY190731C300,2019-07-30,2019-07-30 09:33:17,1.12,0.896,64,1.11,0.888,50,1.11,0.888,17,1.115,0.892,1592,0
SPY190731C300,2019-07-30,2019-07-30 09:33:17,1.12,0.896,27,1.11,0.888,50,1.11,0.888,17,1.115,0.892,1592,0
SPY190731C300,2019-07-30,2019-07-30 09:33:18,1.12,0.896,27,1.11,0.888,50,1.11,0.888,17,1.115,0.892,1592,0
SPY190731C300,2019-07-30,2019-07-30 09:33:19,1.12,0.896,66,1.11,0.888,10,1.11,0.888,17,1.115,0.892,1592,0
SPY190731C300,2019-07-30,2019-07-30 09:33:20,1.13,0.904,36,1.11,0.888,277,1.11,0.888,17,1.12,0.896,1592,0
SPY190731C300,2019-07-30,2019-07-30 09:33:20,1.13,0.904,10,1.11,0.888,200,1.11,0.888,17,1.12,0.896,1592,0
SPY190731C300,2019-07-30,2019-07-30 09:33:21,1.13,0.904,54,1.11,0.888,79,1.11,0.888,17,1.12,0.896,1592,0
SPY190731C300,2019-07-30,2019-07-30 09:33:21,1.13,0.904,497,1.11,0.888,79,1.11,0.888,17,1.12,0.896,1592,0
SPY190731C300,2019-07-30,2019-07-30 09:33:22,1.13,0.904,169,1.11,0.888,156,1.11,0.888,17,1.12,0.896,1592,0
SPY190731C300,2019-07-30,2019-07-30 09:33:23,1.13,0.904,10,1.11,0.888,433,1.11,0.888,17,1.12,0.896,1592,0
SPY190731C300,2019-07-30,2019-07-30 09:33:23,1.13,0.904,27,1.12,0.896,50,1.12,0.896,1,1.125,0.9,1593,1
SPY190731C300,2019-07-30,2019-07-30 09:33:24,1.13,0.904,27,1.11,0.888,214,1.12,0.896,1,1.12,0.896,1593,0
SPY190731C300,2019-07-30,2019-07-30 09:33:24,1.13,0.904,27,1.11,0.888,162,1.12,0.896,1,1.12,0.896,1593,0
SPY190731C300,2019-07-30,2019-07-30 09:33:25,1.13,0.904,27,1.11,0.888,162,1.13,0.904,5,1.12,0.896,1598,5
SPY190731C300,2019-07-30,2019-07-30 09:33:25,1.13,0.904,136,1.11,0.888,162,1.13,0.904,5,1.12,0.896,1598,0
SPY190731C300,2019-07-30,2019-07-30 09:33:26,1.13,0.904,16,1.11,0.888,428,1.13,0.904,5,1.12,0.896,1598,0
SPY190731C300,2019-07-30,2019-07-30 09:33:26,1.13,0.904,10,1.11,0.888,596,1.13,0.904,5,1.12,0.896,1598,0
SPY190731C300,2019-07-30,2019-07-30 09:33:27,1.13,0.904,10,1.12,0.896,77,1.13,0.904,5,1.125,0.9,1598,0
SPY190731C300,2019-07-30,2019-07-30 09:33:28,1.13,0.904,10,1.12,0.896,27,1.13,0.904,5,1.125,0.9,1598,0
SPY190731C300,2019-07-30,2019-07-30 09:33:28,1.13,0.904,36,1.12,0.896,27,1.13,0.904,5,1.125,0.9,1598,0
SPY190731C300,2019-07-30,2019-07-30 09:33:29,1.13,0.904,10,1.12,0.896,33,1.13,0.904,5,1.125,0.9,1598,0
SPY190731C300,2019-07-30,2019-07-30 09:33:29,1.13,0.904,10,1.12,0.896,77,1.13,0.904,5,1.125,0.9,1598,0
SPY190731C300,2019-07-30,2019-07-30 09:33:30,1.13,0.904,10,1.12,0.896,65,1.13,0.904,5,1.125,0.9,1603,5
SPY190731C300,2019-07-30,2019-07-30 09:33:31,1.13,0.904,10,1.12,0.896,386,1.13,0.904,5,1.125,0.9,1603,0
SPY190731C300,2019-07-30,2019-07-30 09:33:31,1.13,0.904,10,1.12,0.896,177,1.13,0.904,5,1.125,0.9,1603,0
SPY190731C300,2019-07-30,2019-07-30 09:33:32,1.15,0.92,745,1.13,0.904,77,1.14,0.912,10,1.14,0.912,1623,0
SPY190731C300,2019-07-30,2019-07-30 09:33:32,1.13,0.904,10,1.12,0.896,386,1.14,0.912,10,1.125,0.9,1623,20
SPY190731C300,2019-07-30,2019-07-30 09:33:33,1.15,0.92,789,1.13,0.904,147,1.14,0.912,10,1.14,0.912,1623,0
SPY190731C300,2019-07-30,2019-07-30 09:33:33,1.15,0.92,74,1.13,0.904,127,1.14,0.912,10,1.14,0.912,1623,0
SPY190731C300,2019-07-30,2019-07-30 09:33:34,1.14,0.912,142,1.13,0.904,10,1.13,0.904,3,1.135,0.908,1626,3
SPY190731C300,2019-07-30,2019-07-30 09:33:35,1.13,0.904,11,1.12,0.896,66,1.13,0.904,1,1.125,0.9,1637,11
SPY190731C300,2019-07-30,2019-07-30 09:33:35,1.13,0.904,22,1.12,0.896,73,1.13,0.904,1,1.125,0.9,1637,0
SPY190731C300,2019-07-30,2019-07-30 09:33:36,1.14,0.912,480,1.12,0.896,102,1.13,0.904,1,1.13,0.904,1638,1
SPY190731C300,2019-07-30,2019-07-30 09:33:36,1.14,0.912,162,1.12,0.896,102,1.13,0.904,1,1.13,0.904,1638,0
SPY190731C300,2019-07-30,2019-07-30 09:33:37,1.14,0.912,425,1.12,0.896,77,1.13,0.904,1,1.13,0.904,1638,0
SPY190731C300,2019-07-30,2019-07-30 09:33:37,1.14,0.912,425,1.12,0.896,114,1.13,0.904,1,1.13,0.904,1638,0
SPY190731C300,2019-07-30,2019-07-30 09:33:38,1.14,0.912,14,1.13,0.904,77,1.13,0.904,200,1.135,0.908,1838,0
SPY190731C300,2019-07-30,2019-07-30 09:33:38,1.15,0.92,783,1.13,0.904,27,1.13,0.904,200,1.14,0.912,1838,200
SPY190731C300,2019-07-30,2019-07-30 09:33:39,1.15,0.92,557,1.13,0.904,107,1.13,0.904,200,1.14,0.912,1838,0
SPY190731C300,2019-07-30,2019-07-30 09:33:40,1.15,0.92,27,1.14,0.912,77,1.13,0.904,200,1.145,0.916,1838,0
SPY190731C300,2019-07-30,2019-07-30 09:33:40,1.15,0.92,288,1.13,0.904,83,1.13,0.904,200,1.14,0.912,1838,0
SPY190731C300,2019-07-30,2019-07-30 09:33:41,1.15,0.92,27,1.14,0.912,146,1.13,0.904,200,1.145,0.916,1838,0
SPY190731C300,2019-07-30,2019-07-30 09:33:41,1.18,0.944,127,1.15,0.92,27,1.16,0.928,2,1.165,0.932,1861,23
SPY190731C300,2019-07-30,2019-07-30 09:33:42,1.18,0.944,133,1.15,0.92,373,1.16,0.928,2,1.165,0.932,1861,0
SPY190731C300,2019-07-30,2019-07-30 09:33:42,1.18,0.944,134,1.17,0.936,27,1.18,0.944,4,1.175,0.94,1865,4
SPY190731C300,2019-07-30,2019-07-30 09:33:43,1.19,0.952,127,1.17,0.936,85,1.18,0.944,4,1.18,0.944,1865,0
SPY190731C300,2019-07-30,2019-07-30 09:33:43,1.18,0.944,10,1.17,0.936,100,1.18,0.944,1,1.175,0.94,1866,1
SPY190731C300,2019-07-30,2019-07-30 09:33:44,1.18,0.944,1,1.17,0.936,180,1.18,0.944,1,1.175,0.94,1866,0
SPY190731C300,2019-07-30,2019-07-30 09:33:45,1.19,0.952,185,1.17,0.936,215,1.18,0.944,1,1.18,0.944,1866,0
SPY190731C300,2019-07-30,2019-07-30 09:33:45,1.19,0.952,144,1.17,0.936,192,1.18,0.944,1,1.18,0.944,1866,0
SPY190731C300,2019-07-30,2019-07-30 09:33:46,1.19,0.952,144,1.17,0.936,100,1.18,0.944,1,1.18,0.944,1866,0
SPY190731C300,2019-07-30,2019-07-30 09:33:46,1.19,0.952,173,1.17,0.936,192,1.18,0.944,1,1.18,0.944,1866,0
SPY190731C300,2019-07-30,2019-07-30 09:33:47,1.19,0.952,194,1.17,0.936,175,1.18,0.944,1,1.18,0.944,1866,0
SPY190731C300,2019-07-30,2019-07-30 09:33:47,1.19,0.952,504,1.17,0.936,100,1.18,0.944,1,1.18,0.944,1866,0
SPY190731C300,2019-07-30,2019-07-30 09:33:48,1.2,0.96,127,1.19,0.952,26,1.18,0.944,45,1.195,0.956,1911,0
SPY190731C300,2019-07-30,2019-07-30 09:33:48,1.2,0.96,27,1.18,0.944,27,1.18,0.944,45,1.19,0.952,1911,45
SPY190731C300,2019-07-30,2019-07-30 09:33:49,1.21,0.968,27,1.19,0.952,145,1.18,0.944,45,1.2,0.96,1911,0
SPY190731C300,2019-07-30,2019-07-30 09:33:50,1.2,0.96,1,1.19,0.952,538,1.19,0.952,4,1.195,0.956,1921,0
SPY190731C300,2019-07-30,2019-07-30 09:33:50,1.21,0.968,27,1.19,0.952,333,1.19,0.952,4,1.2,0.96,1921,10
SPY190731C300,2019-07-30,2019-07-30 09:33:51,1.2,0.96,5,1.19,0.952,2,1.19,0.952,4,1.195,0.956,1921,0
SPY190731C300,2019-07-30,2019-07-30 09:33:51,1.2,0.96,76,1.19,0.952,29,1.2,0.96,1,1.195,0.956,1922,1
SPY190731C300,2019-07-30,2019-07-30 09:33:52,1.2,0.96,140,1.19,0.952,2,1.2,0.96,2,1.195,0.956,1926,0
SPY190731C300,2019-07-30,2019-07-30 09:33:52,1.2,0.96,6,1.19,0.952,50,1.2,0.96,2,1.195,0.956,1926,4
SPY190731C300,2019-07-30,2019-07-30 09:33:53,1.2,0.96,762,1.17,0.936,100,1.19,0.952,2,1.185,0.948,1933,7
SPY190731C300,2019-07-30,2019-07-30 09:33:54,1.18,0.944,27,1.17,0.936,100,1.19,0.952,2,1.175,0.94,1933,0
SPY190731C300,2019-07-30,2019-07-30 09:33:54,1.18,0.944,125,1.17,0.936,100,1.19,0.952,2,1.175,0.94,1933,0
SPY190731C300,2019-07-30,2019-07-30 09:33:55,1.17,0.936,1,1.16,0.928,27,1.17,0.936,1,1.165,0.932,2034,1
SPY190731C300,2019-07-30,2019-07-30 09:33:55,1.17,0.936,32,1.16,0.928,27,1.17,0.936,62,1.165,0.932,2033,100
SPY190731C300,2019-07-30,2019-07-30 09:33:56,1.17,0.936,17,1.16,0.928,27,1.17,0.936,1,1.165,0.932,2034,0
SPY190731C300,2019-07-30,2019-07-30 09:33:56,1.17,0.936,144,1.16,0.928,1,1.17,0.936,1,1.165,0.932,2034,0
SPY190731C300,2019-07-30,2019-07-30 09:33:57,1.17,0.936,534,1.16,0.928,1,1.17,0.936,1,1.165,0.932,2034,0
SPY190731C300,2019-07-30,2019-07-30 09:33:57,1.15,0.92,6,1.14,0.912,50,1.16,0.928,1,1.145,0.916,2035,1
SPY190731C300,2019-07-30,2019-07-30 09:33:58,1.15,0.92,27,1.13,0.904,154,1.16,0.928,1,1.14,0.912,2035,0
SPY190731C300,2019-07-30,2019-07-30 09:33:59,1.15,0.92,27,1.14,0.912,117,1.16,0.928,1,1.145,0.916,2035,0
SPY190731C300,2019-07-30,2019-07-30 09:33:59,1.15,0.92,52,1.13,0.904,478,1.16,0.928,1,1.14,0.912,2035,0
SPY190731C300,2019-07-30,2019-07-30 09:34:00,1.15,0.92,27,1.13,0.904,204,1.16,0.928,1,1.14,0.912,2035,0
SPY190731C300,2019-07-30,2019-07-30 09:34:00,1.16,0.928,228,1.14,0.912,107,1.16,0.928,1,1.15,0.92,2035,0
SPY190731C300,2019-07-30,2019-07-30 09:34:01,1.15,0.92,31,1.13,0.904,50,1.16,0.928,1,1.14,0.912,2035,0
SPY190731C300,2019-07-30,2019-07-30 09:34:01,1.16,0.928,6,1.14,0.912,158,1.16,0.928,1,1.15,0.92,2035,0
SPY190731C300,2019-07-30,2019-07-30 09:34:02,1.17,0.936,504,1.15,0.92,73,1.16,0.928,1,1.16,0.928,2035,0
SPY190731C300,2019-07-30,2019-07-30 09:34:03,1.16,0.928,27,1.14,0.912,73,1.16,0.928,1,1.15,0.92,2035,0
SPY190731C300,2019-07-30,2019-07-30 09:34:04,1.15,0.92,26,1.13,0.904,257,1.16,0.928,1,1.14,0.912,2035,0
SPY190731C300,2019-07-30,2019-07-30 09:34:04,1.15,0.92,6,1.14,0.912,27,1.16,0.928,1,1.145,0.916,2035,0
SPY190731C300,2019-07-30,2019-07-30 09:34:05,1.15,0.92,26,1.13,0.904,550,1.16,0.928,1,1.14,0.912,2035,0
SPY190731C300,2019-07-30,2019-07-30 09:34:05,1.15,0.92,11,1.13,0.904,75,1.16,0.928,1,1.14,0.912,2035,0
SPY190731C300,2019-07-30,2019-07-30 09:34:06,1.15,0.92,6,1.14,0.912,27,1.16,0.928,1,1.145,0.916,2035,0
SPY190731C300,2019-07-30,2019-07-30 09:34:06,1.15,0.92,6,1.14,0.912,73,1.16,0.928,1,1.145,0.916,2035,0
SPY190731C300,2019-07-30,2019-07-30 09:34:07,1.16,0.928,131,1.14,0.912,110,1.15,0.92,4,1.15,0.92,2039,4
SPY190731C300,2019-07-30,2019-07-30 09:34:07,1.16,0.928,139,1.14,0.912,190,1.15,0.92,1,1.15,0.92,2040,1
SPY190731C300,2019-07-30,2019-07-30 09:34:08,1.15,0.92,10,1.14,0.912,71,1.15,0.92,1,1.145,0.916,2040,0
SPY190731C300,2019-07-30,2019-07-30 09:34:08,1.16,0.928,33,1.14,0.912,118,1.15,0.92,1,1.15,0.92,2040,0
SPY190731C300,2019-07-30,2019-07-30 09:34:09,1.14,0.912,27,1.14,0.912,2,1.14,0.912,2,1.14,0.912,2062,22
SPY190731C300,2019-07-30,2019-07-30 09:34:10,1.13,0.904,1,1.12,0.896,512,1.14,0.912,2,1.125,0.9,2062,0
SPY190731C300,2019-07-30,2019-07-30 09:34:10,1.14,0.912,27,1.13,0.904,27,1.13,0.904,1,1.135,0.908,2063,1
SPY190731C300,2019-07-30,2019-07-30 09:34:11,1.13,0.904,6,1.12,0.896,69,1.13,0.904,1,1.125,0.9,2064,1
SPY190731C300,2019-07-30,2019-07-30 09:34:11,1.13,0.904,90,1.11,0.888,375,1.13,0.904,1,1.12,0.896,2064,0
SPY190731C300,2019-07-30,2019-07-30 09:34:12,1.13,0.904,27,1.11,0.888,83,1.13,0.904,1,1.12,0.896,2064,0
SPY190731C300,2019-07-30,2019-07-30 09:34:12,1.13,0.904,32,1.11,0.888,177,1.12,0.896,1,1.12,0.896,2065,1
SPY190731C300,2019-07-30,2019-07-30 09:34:13,1.14,0.912,14,1.12,0.896,540,1.12,0.896,1,1.13,0.904,2065,0
SPY190731C300,2019-07-30,2019-07-30 09:34:13,1.13,0.904,6,1.12,0.896,106,1.12,0.896,1,1.125,0.9,2065,0
SPY190731C300,2019-07-30,2019-07-30 09:34:14,1.15,0.92,14,1.14,0.912,50,1.12,0.896,1,1.145,0.916,2065,0
SPY190731C300,2019-07-30,2019-07-30 09:34:15,1.15,0.92,25,1.13,0.904,20,1.12,0.896,1,1.14,0.912,2065,0
SPY190731C300,2019-07-30,2019-07-30 09:34:15,1.15,0.92,204,1.12,0.896,239,1.12,0.896,1,1.135,0.908,2065,0
SPY190731C300,2019-07-30,2019-07-30 09:34:16,1.16,0.928,27,1.14,0.912,144,1.12,0.896,1,1.15,0.92,2065,0
SPY190731C300,2019-07-30,2019-07-30 09:34:17,1.16,0.928,32,1.14,0.912,249,1.12,0.896,1,1.15,0.92,2065,0
SPY190731C300,2019-07-30,2019-07-30 09:34:17,1.16,0.928,82,1.14,0.912,176,1.12,0.896,1,1.15,0.92,2065,0
SPY190731C300,2019-07-30,2019-07-30 09:34:18,1.16,0.928,10,1.15,0.92,77,1.12,0.896,1,1.155,0.924,2065,0
SPY190731C300,2019-07-30,2019-07-30 09:34:18,1.17,0.936,241,1.15,0.92,77,1.12,0.896,1,1.16,0.928,2065,0
SPY190731C300,2019-07-30,2019-07-30 09:34:19,1.17,0.936,241,1.15,0.92,83,1.12,0.896,1,1.16,0.928,2065,0
SPY190731C300,2019-07-30,2019-07-30 09:34:20,1.18,0.944,554,1.16,0.928,100,1.12,0.896,1,1.17,0.936,2065,0
SPY190731C300,2019-07-30,2019-07-30 09:34:20,1.17,0.936,6,1.16,0.928,77,1.12,0.896,1,1.165,0.932,2065,0
SPY190731C300,2019-07-30,2019-07-30 09:34:21,1.17,0.936,1,1.16,0.928,87,1.12,0.896,1,1.165,0.932,2065,0
SPY190731C300,2019-07-30,2019-07-30 09:34:22,1.16,0.928,6,1.15,0.92,27,1.16,0.928,20,1.155,0.924,2085,0
SPY190731C300,2019-07-30,2019-07-30 09:34:22,1.17,0.936,1,1.16,0.928,65,1.12,0.896,1,1.165,0.932,2085,20
SPY190731C300,2019-07-30,2019-07-30 09:34:23,1.16,0.928,82,1.15,0.92,27,1.16,0.928,20,1.155,0.924,2085,0
SPY190731C300,2019-07-30,2019-07-30 09:34:23,1.16,0.928,82,1.15,0.92,77,1.16,0.928,20,1.155,0.924,2085,0
SPY190731C300,2019-07-30,2019-07-30 09:34:24,1.16,0.928,112,1.14,0.912,163,1.16,0.928,20,1.15,0.92,2085,0
SPY190731C300,2019-07-30,2019-07-30 09:34:24,1.16,0.928,30,1.15,0.92,70,1.16,0.928,20,1.155,0.924,2085,0
SPY190731C300,2019-07-30,2019-07-30 09:34:25,1.16,0.928,436,1.14,0.912,215,1.16,0.928,20,1.15,0.92,2085,0
SPY190731C300,2019-07-30,2019-07-30 09:34:25,1.16,0.928,71,1.15,0.92,70,1.16,0.928,20,1.155,0.924,2085,0
SPY190731C300,2019-07-30,2019-07-30 09:34:26,1.16,0.928,61,1.15,0.92,27,1.16,0.928,20,1.155,0.924,2085,0
SPY190731C300,2019-07-30,2019-07-30 09:34:27,1.17,0.936,27,1.16,0.928,19,1.16,0.928,20,1.165,0.932,2085,0
SPY190731C300,2019-07-30,2019-07-30 09:34:27,1.16,0.928,26,1.15,0.92,50,1.16,0.928,20,1.155,0.924,2085,0
SPY190731C300,2019-07-30,2019-07-30 09:34:28,1.15,0.92,6,1.14,0.912,66,1.15,0.92,17,1.145,0.916,2102,17
SPY190731C300,2019-07-30,2019-07-30 09:34:28,1.16,0.928,504,1.14,0.912,66,1.14,0.912,200,1.15,0.92,2302,200
SPY190731C300,2019-07-30,2019-07-30 09:34:29,1.15,0.92,14,1.14,0.912,60,1.14,0.912,2,1.145,0.916,2304,2
SPY190731C300,2019-07-30,2019-07-30 09:34:29,1.15,0.92,75,1.14,0.912,3,1.14,0.912,2,1.145,0.916,2304,0
SPY190731C300,2019-07-30,2019-07-30 09:34:30,1.15,0.92,75,1.14,0.912,3,1.14,0.912,2,1.145,0.916,2304,0
SPY190731C300,2019-07-30,2019-07-30 09:34:30,1.14,0.912,91,1.13,0.904,50,1.14,0.912,3,1.135,0.908,2307,3
SPY190731C300,2019-07-30,2019-07-30 09:34:31,1.14,0.912,33,1.12,0.896,264,1.14,0.912,3,1.13,0.904,2307,0
SPY190731C300,2019-07-30,2019-07-30 09:34:32,1.13,0.904,1,1.12,0.896,220,1.14,0.912,3,1.125,0.9,2307,0
SPY190731C300,2019-07-30,2019-07-30 09:34:32,1.13,0.904,1,1.12,0.896,342,1.14,0.912,3,1.125,0.9,2307,0
SPY190731C300,2019-07-30,2019-07-30 09:34:33,1.15,0.92,532,1.13,0.904,15,1.14,0.912,3,1.14,0.912,2307,0
SPY190731C300,2019-07-30,2019-07-30 09:34:33,1.14,0.912,77,1.12,0.896,342,1.14,0.912,3,1.13,0.904,2307,0
SPY190731C300,2019-07-30,2019-07-30 09:34:34,1.13,0.904,6,1.12,0.896,136,1.13,0.904,1,1.125,0.9,2308,0
SPY190731C300,2019-07-30,2019-07-30 09:34:34,1.14,0.912,104,1.13,0.904,1,1.13,0.904,1,1.135,0.908,2308,1
SPY190731C300,2019-07-30,2019-07-30 09:34:35,1.14,0.912,133,1.12,0.896,301,1.13,0.904,1,1.13,0.904,2308,0
SPY190731C300,2019-07-30,2019-07-30 09:34:35,1.14,0.912,33,1.13,0.904,27,1.13,0.904,1,1.135,0.908,2308,0
SPY190731C300,2019-07-30,2019-07-30 09:34:36,1.16,0.928,360,1.14,0.912,70,1.13,0.904,1,1.15,0.92,2308,0
SPY190731C300,2019-07-30,2019-07-30 09:34:37,1.16,0.928,463,1.14,0.912,177,1.13,0.904,1,1.15,0.92,2308,0
SPY190731C300,2019-07-30,2019-07-30 09:34:37,1.15,0.92,6,1.14,0.912,27,1.13,0.904,1,1.145,0.916,2308,0
SPY190731C300,2019-07-30,2019-07-30 09:34:38,1.15,0.92,108,1.13,0.904,119,1.13,0.904,1,1.14,0.912,2308,0
SPY190731C300,2019-07-30,2019-07-30 09:34:38,1.15,0.92,42,1.13,0.904,353,1.13,0.904,1,1.14,0.912,2308,0
SPY190731C300,2019-07-30,2019-07-30 09:34:39,1.15,0.92,55,1.13,0.904,421,1.13,0.904,1,1.14,0.912,2308,0
SPY190731C300,2019-07-30,2019-07-30 09:34:39,1.15,0.92,47,1.14,0.912,27,1.14,0.912,25,1.145,0.916,2333,25
SPY190731C300,2019-07-30,2019-07-30 09:34:40,1.15,0.92,47,1.14,0.912,132,1.14,0.912,25,1.145,0.916,2333,0
SPY190731C300,2019-07-30,2019-07-30 09:34:40,1.16,0.928,490,1.14,0.912,119,1.14,0.912,25,1.15,0.92,2333,0
SPY190731C300,2019-07-30,2019-07-30 09:34:41,1.16,0.928,490,1.14,0.912,119,1.14,0.912,25,1.15,0.92,2333,0
SPY190731C300,2019-07-30,2019-07-30 09:34:42,1.16,0.928,427,1.14,0.912,174,1.14,0.912,10,1.15,0.92,2343,10
SPY190731C300,2019-07-30,2019-07-30 09:34:42,1.16,0.928,427,1.14,0.912,174,1.14,0.912,10,1.15,0.92,2343,0
SPY190731C300,2019-07-30,2019-07-30 09:34:43,1.16,0.928,446,1.15,0.92,27,1.15,0.92,1,1.155,0.924,2344,1
SPY190731C300,2019-07-30,2019-07-30 09:34:43,1.15,0.92,28,1.13,0.904,5,1.15,0.92,1,1.14,0.912,2344,0
SPY190731C300,2019-07-30,2019-07-30 09:34:44,1.15,0.92,34,1.14,0.912,10,1.15,0.92,1,1.145,0.916,2344,0
SPY190731C300,2019-07-30,2019-07-30 09:34:44,1.16,0.928,499,1.15,0.92,6,1.15,0.92,1,1.155,0.924,2344,0
SPY190731C300,2019-07-30,2019-07-30 09:34:45,1.16,0.928,477,1.14,0.912,77,1.15,0.92,1,1.15,0.92,2344,0
SPY190731C300,2019-07-30,2019-07-30 09:34:45,1.16,0.928,428,1.14,0.912,234,1.15,0.92,1,1.15,0.92,2344,0
SPY190731C300,2019-07-30,2019-07-30 09:34:46,1.16,0.928,477,1.14,0.912,78,1.15,0.92,1,1.15,0.92,2344,0
SPY190731C300,2019-07-30,2019-07-30 09:34:47,1.15,0.92,16,1.14,0.912,28,1.15,0.92,1,1.145,0.916,2344,0
SPY190731C300,2019-07-30,2019-07-30 09:34:47,1.15,0.92,16,1.14,0.912,71,1.15,0.92,1,1.145,0.916,2344,0
SPY190731C300,2019-07-30,2019-07-30 09:34:48,1.16,0.928,387,1.14,0.912,161,1.15,0.92,1,1.15,0.92,2344,0
SPY190731C300,2019-07-30,2019-07-30 09:34:48,1.15,0.92,15,1.14,0.912,120,1.15,0.92,1,1.145,0.916,2344,0
SPY190731C300,2019-07-30,2019-07-30 09:34:49,1.15,0.92,15,1.15,0.92,5,1.15,0.92,1,1.15,0.92,2344,0
SPY190731C300,2019-07-30,2019-07-30 09:34:50,1.15,0.92,15,1.15,0.92,5,1.15,0.92,1,1.15,0.92,2344,0
SPY190731C300,2019-07-30,2019-07-30 09:34:51,1.16,0.928,77,1.15,0.92,11,1.15,0.92,1,1.155,0.924,2344,0
SPY190731C300,2019-07-30,2019-07-30 09:34:51,1.15,0.92,27,1.14,0.912,70,1.15,0.92,5,1.145,0.916,2349,5
SPY190731C300,2019-07-30,2019-07-30 09:34:52,1.15,0.92,81,1.13,0.904,333,1.15,0.92,5,1.14,0.912,2349,0
SPY190731C300,2019-07-30,2019-07-30 09:34:52,1.15,0.92,31,1.13,0.904,555,1.15,0.92,5,1.14,0.912,2349,0
SPY190731C300,2019-07-30,2019-07-30 09:34:53,1.15,0.92,74,1.13,0.904,333,1.15,0.92,5,1.14,0.912,2349,0
SPY190731C300,2019-07-30,2019-07-30 09:34:53,1.15,0.92,17,1.13,0.904,333,1.15,0.92,5,1.14,0.912,2349,0
SPY190731C300,2019-07-30,2019-07-30 09:34:54,1.16,0.928,498,1.14,0.912,77,1.15,0.92,1,1.15,0.92,2353,4
SPY190731C300,2019-07-30,2019-07-30 09:34:55,1.15,0.92,27,1.14,0.912,98,1.15,0.92,1,1.145,0.916,2353,0
SPY190731C300,2019-07-30,2019-07-30 09:34:55,1.16,0.928,493,1.14,0.912,82,1.15,0.92,1,1.15,0.92,2353,0
SPY190731C300,2019-07-30,2019-07-30 09:34:56,1.16,0.928,387,1.14,0.912,172,1.15,0.92,1,1.15,0.92,2353,0
SPY190731C300,2019-07-30,2019-07-30 09:34:56,1.15,0.92,27,1.14,0.912,111,1.15,0.92,1,1.145,0.916,2353,0
SPY190731C300,2019-07-30,2019-07-30 09:34:57,1.16,0.928,31,1.14,0.912,577,1.15,0.92,1,1.15,0.92,2353,0
SPY190731C300,2019-07-30,2019-07-30 09:34:58,1.17,0.936,27,1.15,0.92,459,1.15,0.92,1,1.16,0.928,2353,0
SPY190731C300,2019-07-30,2019-07-30 09:34:58,1.17,0.936,37,1.15,0.92,525,1.15,0.92,1,1.16,0.928,2353,0
SPY190731C300,2019-07-30,2019-07-30 09:34:59,1.17,0.936,27,1.15,0.92,227,1.15,0.92,1,1.16,0.928,2353,0
SPY190731C300,2019-07-30,2019-07-30 09:35:00,1.18,0.944,27,1.17,0.936,31,1.15,0.92,1,1.175,0.94,2353,0
SPY190731C300,2019-07-30,2019-07-30 09:35:00,1.18,0.944,6,1.17,0.936,27,1.15,0.92,1,1.175,0.94,2353,0
SPY190731C300,2019-07-30,2019-07-30 09:35:01,1.18,0.944,180,1.17,0.936,27,1.17,0.936,1,1.175,0.94,2394,9
SPY190731C300,2019-07-30,2019-07-30 09:35:01,1.18,0.944,1,1.17,0.936,32,1.19,0.952,24,1.175,0.94,2385,32
SPY190731C300,2019-07-30,2019-07-30 09:35:02,1.17,0.936,67,1.15,0.92,364,1.17,0.936,1,1.16,0.928,2394,0
SPY190731C300,2019-07-30,2019-07-30 09:35:02,1.16,0.928,374,1.14,0.912,358,1.16,0.928,2,1.15,0.92,2401,7
SPY190731C300,2019-07-30,2019-07-30 09:35:03,1.17,0.936,385,1.15,0.92,167,1.16,0.928,2,1.16,0.928,2401,0
SPY190731C300,2019-07-30,2019-07-30 09:35:04,1.16,0.928,6,1.14,0.912,655,1.16,0.928,2,1.15,0.92,2401,0
SPY190731C300,2019-07-30,2019-07-30 09:35:04,1.16,0.928,358,1.13,0.904,198,1.16,0.928,2,1.145,0.916,2401,0
SPY190731C300,2019-07-30,2019-07-30 09:35:05,1.17,0.936,385,1.15,0.92,139,1.16,0.928,2,1.16,0.928,2401,0
SPY190731C300,2019-07-30,2019-07-30 09:35:05,1.16,0.928,1,1.15,0.92,144,1.16,0.928,2,1.155,0.924,2401,0
SPY190731C300,2019-07-30,2019-07-30 09:35:06,1.16,0.928,1,1.15,0.92,341,1.16,0.928,2,1.155,0.924,2401,0
SPY190731C300,2019-07-30,2019-07-30 09:35:06,1.17,0.936,372,1.15,0.92,144,1.16,0.928,2,1.16,0.928,2401,0
SPY190731C300,2019-07-30,2019-07-30 09:35:07,1.17,0.936,372,1.16,0.928,83,1.17,0.936,2,1.165,0.932,2406,5
SPY190731C300,2019-07-30,2019-07-30 09:35:08,1.17,0.936,1,1.16,0.928,325,1.16,0.928,1,1.165,0.932,2407,0
SPY190731C300,2019-07-30,2019-07-30 09:35:08,1.17,0.936,1,1.16,0.928,233,1.16,0.928,1,1.165,0.932,2407,1
SPY190731C300,2019-07-30,2019-07-30 09:35:09,1.17,0.936,6,1.16,0.928,63,1.16,0.928,10,1.165,0.932,2417,10
SPY190731C300,2019-07-30,2019-07-30 09:35:09,1.18,0.944,33,1.16,0.928,63,1.16,0.928,10,1.17,0.936,2417,0
SPY190731C300,2019-07-30,2019-07-30 09:35:10,1.18,0.944,27,1.17,0.936,1,1.16,0.928,10,1.175,0.94,2417,0
SPY190731C300,2019-07-30,2019-07-30 09:35:10,1.18,0.944,187,1.17,0.936,1,1.16,0.928,10,1.175,0.94,2417,0
SPY190731C300,2019-07-30,2019-07-30 09:35:11,1.18,0.944,129,1.17,0.936,28,1.16,0.928,10,1.175,0.94,2417,0
SPY190731C300,2019-07-30,2019-07-30 09:35:11,1.18,0.944,118,1.17,0.936,1,1.16,0.928,10,1.175,0.94,2417,0
SPY190731C300,2019-07-30,2019-07-30 09:35:12,1.16,0.928,6,1.15,0.92,47,1.16,0.928,1,1.155,0.924,2419,2
SPY190731C300,2019-07-30,2019-07-30 09:35:13,1.15,0.92,11,1.14,0.912,27,1.15,0.92,20,1.145,0.916,2439,0
SPY190731C300,2019-07-30,2019-07-30 09:35:13,1.16,0.928,390,1.13,0.904,362,1.15,0.92,20,1.145,0.916,2439,20
SPY190731C300,2019-07-30,2019-07-30 09:35:14,1.15,0.92,6,1.14,0.912,27,1.14,0.912,3,1.145,0.916,2442,3
SPY190731C300,2019-07-30,2019-07-30 09:35:14,1.16,0.928,554,1.14,0.912,68,1.15,0.92,20,1.15,0.92,2439,0
SPY190731C300,2019-07-30,2019-07-30 09:35:16,1.14,0.912,6,1.13,0.904,221,1.14,0.912,3,1.135,0.908,2442,0
SPY190731C300,2019-07-30,2019-07-30 09:35:16,1.14,0.912,6,1.13,0.904,298,1.14,0.912,3,1.135,0.908,2442,0
SPY190731C300,2019-07-30,2019-07-30 09:35:17,1.15,0.92,31,1.13,0.904,298,1.15,0.92,1,1.14,0.912,2444,2
SPY190731C300,2019-07-30,2019-07-30 09:35:17,1.14,0.912,25,1.13,0.904,27,1.15,0.92,1,1.135,0.908,2444,0
SPY190731C300,2019-07-30,2019-07-30 09:35:18,1.13,0.904,1,1.13,0.904,27,1.15,0.92,1,1.13,0.904,2444,0
SPY190731C300,2019-07-30,2019-07-30 09:35:19,1.13,0.904,1,1.12,0.896,36,1.15,0.92,1,1.125,0.9,2444,0
SPY190731C300,2019-07-30,2019-07-30 09:35:19,1.13,0.904,6,1.12,0.896,360,1.15,0.92,1,1.125,0.9,2444,0
SPY190731C300,2019-07-30,2019-07-30 09:35:20,1.14,0.912,77,1.12,0.896,36,1.15,0.92,1,1.13,0.904,2444,0
SPY190731C300,2019-07-30,2019-07-30 09:35:20,1.14,0.912,105,1.12,0.896,5,1.15,0.92,1,1.13,0.904,2444,0
SPY190731C300,2019-07-30,2019-07-30 09:35:21,1.12,0.896,27,1.11,0.888,27,1.12,0.896,1,1.115,0.892,2450,6
SPY190731C300,2019-07-30,2019-07-30 09:35:21,1.13,0.904,61,1.12,0.896,5,1.15,0.92,1,1.125,0.9,2444,0
SPY190731C300,2019-07-30,2019-07-30 09:35:22,1.13,0.904,177,1.11,0.888,27,1.12,0.896,1,1.12,0.896,2450,0
SPY190731C300,2019-07-30,2019-07-30 09:35:22,1.12,0.896,27,1.1,0.88,335,1.12,0.896,1,1.11,0.888,2450,0
SPY190731C300,2019-07-30,2019-07-30 09:35:23,1.12,0.896,58,1.11,0.888,27,1.12,0.896,1,1.115,0.892,2450,0
SPY190731C300,2019-07-30,2019-07-30 09:35:24,1.12,0.896,94,1.11,0.888,27,1.12,0.896,1,1.115,0.892,2450,0
SPY190731C300,2019-07-30,2019-07-30 09:35:24,1.12,0.896,420,1.1,0.88,141,1.12,0.896,1,1.11,0.888,2450,0
SPY190731C300,2019-07-30,2019-07-30 09:35:25,1.1,0.88,16,1.09,0.872,108,1.1,0.88,1,1.095,0.876,2451,0
SPY190731C300,2019-07-30,2019-07-30 09:35:25,1.11,0.888,5,1.09,0.872,108,1.1,0.88,1,1.1,0.88,2451,1
SPY190731C300,2019-07-30,2019-07-30 09:35:26,1.1,0.88,11,1.09,0.872,27,1.1,0.88,1,1.095,0.876,2453,2
SPY190731C300,2019-07-30,2019-07-30 09:35:26,1.11,0.888,114,1.09,0.872,22,1.1,0.88,1,1.1,0.88,2453,0
SPY190731C300,2019-07-30,2019-07-30 09:35:27,1.11,0.888,88,1.09,0.872,142,1.1,0.88,1,1.1,0.88,2453,0
SPY190731C300,2019-07-30,2019-07-30 09:35:27,1.11,0.888,114,1.09,0.872,27,1.1,0.88,1,1.1,0.88,2453,0
SPY190731C300,2019-07-30,2019-07-30 09:35:28,1.1,0.88,38,1.09,0.872,23,1.1,0.88,1,1.095,0.876,2453,0
SPY190731C300,2019-07-30,2019-07-30 09:35:28,1.1,0.88,474,1.08,0.864,114,1.1,0.88,1,1.09,0.872,2453,0
SPY190731C300,2019-07-30,2019-07-30 09:35:29,1.09,0.872,1,1.08,0.864,23,1.1,0.88,1,1.085,0.868,2453,0
SPY190731C300,2019-07-30,2019-07-30 09:35:30,1.09,0.872,10,1.08,0.864,23,1.1,0.88,1,1.085,0.868,2453,0
SPY190731C300,2019-07-30,2019-07-30 09:35:31,1.09,0.872,27,1.08,0.864,55,1.1,0.88,1,1.085,0.868,2453,0
SPY190731C300,2019-07-30,2019-07-30 09:35:31,1.09,0.872,101,1.08,0.864,55,1.1,0.88,1,1.085,0.868,2453,0
SPY190731C300,2019-07-30,2019-07-30 09:35:32,1.11,0.888,108,1.09,0.872,64,1.1,0.88,1,1.1,0.88,2453,0
SPY190731C300,2019-07-30,2019-07-30 09:35:32,1.13,0.904,360,1.09,0.872,409,1.1,0.88,1,1.11,0.888,2453,0
SPY190731C300,2019-07-30,2019-07-30 09:35:33,1.13,0.904,507,1.1,0.88,337,1.1,0.88,1,1.115,0.892,2453,0
SPY190731C300,2019-07-30,2019-07-30 09:35:33,1.13,0.904,507,1.11,0.888,75,1.1,0.88,1,1.12,0.896,2453,0
SPY190731C300,2019-07-30,2019-07-30 09:35:34,1.13,0.904,100,1.11,0.888,160,1.1,0.88,1,1.12,0.896,2453,0
SPY190731C300,2019-07-30,2019-07-30 09:35:35,1.14,0.912,431,1.12,0.896,105,1.12,0.896,20,1.13,0.904,2473,0
SPY190731C300,2019-07-30,2019-07-30 09:35:35,1.13,0.904,6,1.11,0.888,81,1.12,0.896,20,1.12,0.896,2473,20
SPY190731C300,2019-07-30,2019-07-30 09:35:36,1.14,0.912,156,1.12,0.896,105,1.12,0.896,20,1.13,0.904,2473,0
SPY190731C300,2019-07-30,2019-07-30 09:35:36,1.14,0.912,486,1.12,0.896,150,1.12,0.896,20,1.13,0.904,2473,0
SPY190731C300,2019-07-30,2019-07-30 09:35:37,1.14,0.912,1,1.13,0.904,185,1.12,0.896,20,1.135,0.908,2473,0
SPY190731C300,2019-07-30,2019-07-30 09:35:38,1.15,0.92,6,1.14,0.912,100,1.12,0.896,20,1.145,0.916,2473,0
SPY190731C300,2019-07-30,2019-07-30 09:35:38,1.14,0.912,1,1.13,0.904,185,1.12,0.896,20,1.135,0.908,2473,0
SPY190731C300,2019-07-30,2019-07-30 09:35:39,1.15,0.92,6,1.13,0.904,532,1.12,0.896,20,1.14,0.912,2473,0
SPY190731C300,2019-07-30,2019-07-30 09:35:40,1.17,0.936,491,1.14,0.912,546,1.12,0.896,20,1.155,0.924,2473,0
SPY190731C300,2019-07-30,2019-07-30 09:35:40,1.16,0.928,132,1.13,0.904,532,1.12,0.896,20,1.145,0.916,2473,0
SPY190731C300,2019-07-30,2019-07-30 09:35:41,1.17,0.936,491,1.15,0.92,56,1.12,0.896,20,1.16,0.928,2473,0
SPY190731C300,2019-07-30,2019-07-30 09:35:41,1.17,0.936,56,1.15,0.92,540,1.15,0.92,6,1.16,0.928,2493,20
SPY190731C300,2019-07-30,2019-07-30 09:35:42,1.18,0.944,95,1.16,0.928,53,1.15,0.92,6,1.17,0.936,2493,0
SPY190731C300,2019-07-30,2019-07-30 09:35:42,1.17,0.936,1,1.16,0.928,106,1.15,0.92,6,1.165,0.932,2493,0
SPY190731C300,2019-07-30,2019-07-30 09:35:43,1.19,0.952,106,1.16,0.928,106,1.15,0.92,6,1.175,0.94,2493,0
SPY190731C300,2019-07-30,2019-07-30 09:35:43,1.2,0.96,259,1.17,0.936,366,1.15,0.92,6,1.185,0.948,2493,0
SPY190731C300,2019-07-30,2019-07-30 09:35:44,1.2,0.96,481,1.17,0.936,366,1.15,0.92,6,1.185,0.948,2493,0
SPY190731C300,2019-07-30,2019-07-30 09:35:45,1.21,0.968,332,1.18,0.944,57,1.15,0.92,6,1.195,0.956,2493,0
SPY190731C300,2019-07-30,2019-07-30 09:35:45,1.21,0.968,352,1.18,0.944,75,1.19,0.952,1,1.195,0.956,2506,13
SPY190731C300,2019-07-30,2019-07-30 09:35:46,1.2,0.96,6,1.18,0.944,100,1.19,0.952,1,1.19,0.952,2506,0
SPY190731C300,2019-07-30,2019-07-30 09:35:46,1.2,0.96,6,1.18,0.944,264,1.19,0.952,1,1.19,0.952,2506,0
SPY190731C300,2019-07-30,2019-07-30 09:35:47,1.2,0.96,31,1.18,0.944,264,1.19,0.952,1,1.19,0.952,2506,0
SPY190731C300,2019-07-30,2019-07-30 09:35:47,1.21,0.968,194,1.18,0.944,464,1.19,0.952,1,1.195,0.956,2506,0
SPY190731C300,2019-07-30,2019-07-30 09:35:48,1.22,0.976,110,1.19,0.952,100,1.19,0.952,1,1.205,0.964,2506,0
SPY190731C300,2019-07-30,2019-07-30 09:35:48,1.22,0.976,131,1.19,0.952,104,1.19,0.952,1,1.205,0.964,2506,0
SPY190731C300,2019-07-30,2019-07-30 09:35:49,1.22,0.976,194,1.2,0.96,10,1.19,0.952,1,1.21,0.968,2506,0
SPY190731C300,2019-07-30,2019-07-30 09:35:50,1.22,0.976,554,1.2,0.96,10,1.19,0.952,1,1.21,0.968,2506,0
SPY190731C300,2019-07-30,2019-07-30 09:35:51,1.22,0.976,10,1.22,0.976,100,1.19,0.952,1,1.22,0.976,2506,0
SPY190731C300,2019-07-30,2019-07-30 09:35:51,1.22,0.976,27,1.2,0.96,10,1.19,0.952,1,1.21,0.968,2506,0
SPY190731C300,2019-07-30,2019-07-30 09:35:52,1.23,0.984,109,1.22,0.976,100,1.19,0.952,1,1.225,0.98,2506,0
SPY190731C300,2019-07-30,2019-07-30 09:35:52,1.23,0.984,159,1.22,0.976,100,1.19,0.952,1,1.225,0.98,2506,0
SPY190731C300,2019-07-30,2019-07-30 09:35:53,1.24,0.992,50,1.22,0.976,363,1.19,0.952,1,1.23,0.984,2506,0
SPY190731C300,2019-07-30,2019-07-30 09:35:54,1.25,1.0,31,1.23,0.984,92,1.19,0.952,1,1.24,0.992,2506,0
SPY190731C300,2019-07-30,2019-07-30 09:35:54,1.25,1.0,31,1.24,0.992,1,1.24,0.992,40,1.245,0.996,2546,40
SPY190731C300,2019-07-30,2019-07-30 09:35:55,1.26,1.008,136,1.23,0.984,100,1.24,0.992,40,1.245,0.996,2546,0
SPY190731C300,2019-07-30,2019-07-30 09:35:55,1.25,1.0,41,1.23,0.984,70,1.24,0.992,40,1.24,0.992,2546,0
SPY190731C300,2019-07-30,2019-07-30 09:35:56,1.25,1.0,1,1.23,0.984,6,1.25,1.0,1,1.24,0.992,2547,1
SPY190731C300,2019-07-30,2019-07-30 09:35:56,1.27,1.016,551,1.24,0.992,55,1.24,0.992,40,1.255,1.004,2546,0
SPY190731C300,2019-07-30,2019-07-30 09:35:57,1.25,1.0,11,1.22,0.976,100,1.25,1.0,1,1.235,0.988,2547,0
SPY190731C300,2019-07-30,2019-07-30 09:35:57,1.23,0.984,498,1.22,0.976,100,1.21,0.968,3,1.225,0.98,2655,108
SPY190731C300,2019-07-30,2019-07-30 09:35:58,1.23,0.984,542,1.22,0.976,100,1.21,0.968,120,1.225,0.98,2865,210
SPY190731C300,2019-07-30,2019-07-30 09:35:58,1.22,0.976,498,1.19,0.952,7,1.21,0.968,37,1.205,0.964,2902,37
SPY190731C300,2019-07-30,2019-07-30 09:35:59,1.21,0.968,38,1.19,0.952,117,1.21,0.968,37,1.2,0.96,2902,0
SPY190731C300,2019-07-30,2019-07-30 09:36:00,1.21,0.968,27,1.2,0.96,50,1.19,0.952,2,1.205,0.964,2904,2
SPY190731C300,2019-07-30,2019-07-30 09:36:00,1.22,0.976,6,1.2,0.96,11,1.19,0.952,2,1.21,0.968,2904,0
SPY190731C300,2019-07-30,2019-07-30 09:36:01,1.23,0.984,22,1.22,0.976,50,1.22,0.976,1,1.225,0.98,2905,0
SPY190731C300,2019-07-30,2019-07-30 09:36:01,1.24,0.992,56,1.22,0.976,56,1.22,0.976,1,1.23,0.984,2905,1
SPY190731C300,2019-07-30,2019-07-30 09:36:02,1.23,0.984,22,1.22,0.976,10,1.22,0.976,1,1.225,0.98,2905,0
SPY190731C300,2019-07-30,2019-07-30 09:36:02,1.23,0.984,22,1.22,0.976,55,1.22,0.976,1,1.225,0.98,2905,0
SPY190731C300,2019-07-30,2019-07-30 09:36:03,1.25,1.0,49,1.23,0.984,60,1.22,0.976,1,1.24,0.992,2905,0
SPY190731C300,2019-07-30,2019-07-30 09:36:04,1.25,1.0,60,1.23,0.984,58,1.22,0.976,1,1.24,0.992,2905,0
SPY190731C300,2019-07-30,2019-07-30 09:36:04,1.24,0.992,110,1.23,0.984,1,1.22,0.976,1,1.235,0.988,2905,0
SPY190731C300,2019-07-30,2019-07-30 09:36:05,1.24,0.992,51,1.23,0.984,1,1.22,0.976,1,1.235,0.988,2905,0
SPY190731C300,2019-07-30,2019-07-30 09:36:05,1.24,0.992,33,1.23,0.984,1,1.22,0.976,1,1.235,0.988,2905,0
SPY190731C300,2019-07-30,2019-07-30 09:36:06,1.24,0.992,51,1.23,0.984,1,1.22,0.976,1,1.235,0.988,2905,0
SPY190731C300,2019-07-30,2019-07-30 09:36:06,1.24,0.992,13,1.23,0.984,10,1.22,0.976,1,1.235,0.988,2905,0
SPY190731C300,2019-07-30,2019-07-30 09:36:07,1.26,1.008,33,1.24,0.992,206,1.22,0.976,1,1.25,1.0,2905,0
SPY190731C300,2019-07-30,2019-07-30 09:36:07,1.26,1.008,57,1.24,0.992,56,1.22,0.976,1,1.25,1.0,2905,0
SPY190731C300,2019-07-30,2019-07-30 09:36:08,1.27,1.016,56,1.25,1.0,6,1.22,0.976,1,1.26,1.008,2905,0
SPY190731C300,2019-07-30,2019-07-30 09:36:09,1.27,1.016,27,1.26,1.008,5,1.22,0.976,1,1.265,1.012,2905,0
SPY190731C300,2019-07-30,2019-07-30 09:36:09,1.28,1.024,34,1.26,1.008,75,1.22,0.976,1,1.27,1.016,2905,0
SPY190731C300,2019-07-30,2019-07-30 09:36:10,1.29,1.032,13,1.27,1.016,262,1.22,0.976,1,1.28,1.024,2905,0
SPY190731C300,2019-07-30,2019-07-30 09:36:10,1.29,1.032,6,1.27,1.016,100,1.22,0.976,1,1.28,1.024,2905,0
SPY190731C300,2019-07-30,2019-07-30 09:36:11,1.29,1.032,6,1.28,1.024,98,1.28,1.024,7,1.285,1.028,2940,35
SPY190731C300,2019-07-30,2019-07-30 09:36:11,1.3,1.04,374,1.28,1.024,5,1.22,0.976,1,1.29,1.032,2905,0
SPY190731C300,2019-07-30,2019-07-30 09:36:12,1.3,1.04,74,1.28,1.024,229,1.28,1.024,7,1.29,1.032,2940,0
SPY190731C300,2019-07-30,2019-07-30 09:36:13,1.3,1.04,47,1.28,1.024,310,1.28,1.024,7,1.29,1.032,2940,0
SPY190731C300,2019-07-30,2019-07-30 09:36:13,1.29,1.032,384,1.28,1.024,1,1.28,1.024,1,1.285,1.028,2941,1
SPY190731C300,2019-07-30,2019-07-30 09:36:14,1.3,1.04,27,1.28,1.024,263,1.29,1.032,5,1.29,1.032,2946,0
SPY190731C300,2019-07-30,2019-07-30 09:36:14,1.3,1.04,24,1.28,1.024,9,1.29,1.032,5,1.29,1.032,2946,5
SPY190731C300,2019-07-30,2019-07-30 09:36:15,1.3,1.04,24,1.28,1.024,692,1.29,1.032,5,1.29,1.032,2946,0
SPY190731C300,2019-07-30,2019-07-30 09:36:15,1.3,1.04,27,1.29,1.032,102,1.29,1.032,5,1.295,1.036,2946,0
SPY190731C300,2019-07-30,2019-07-30 09:36:16,1.29,1.032,35,1.27,1.016,156,1.29,1.032,5,1.28,1.024,2946,0
SPY190731C300,2019-07-30,2019-07-30 09:36:16,1.31,1.048,385,1.28,1.024,263,1.31,1.048,10,1.295,1.036,2956,10
SPY190731C300,2019-07-30,2019-07-30 09:36:17,1.31,1.048,385,1.29,1.032,100,1.31,1.048,10,1.3,1.04,2956,0
SPY190731C300,2019-07-30,2019-07-30 09:36:18,1.3,1.04,80,1.29,1.032,2,1.3,1.04,10,1.295,1.036,2966,10
SPY190731C300,2019-07-30,2019-07-30 09:36:18,1.3,1.04,80,1.29,1.032,5,1.29,1.032,2,1.295,1.036,2970,4
SPY190731C300,2019-07-30,2019-07-30 09:36:19,1.3,1.04,80,1.28,1.024,221,1.29,1.032,2,1.29,1.032,2970,0
SPY190731C300,2019-07-30,2019-07-30 09:36:19,1.3,1.04,80,1.28,1.024,116,1.29,1.032,2,1.29,1.032,2970,0
SPY190731C300,2019-07-30,2019-07-30 09:36:20,1.3,1.04,80,1.29,1.032,1,1.29,1.032,6,1.295,1.036,2976,0
SPY190731C300,2019-07-30,2019-07-30 09:36:20,1.3,1.04,80,1.29,1.032,1,1.29,1.032,6,1.295,1.036,2976,6
SPY190731C300,2019-07-30,2019-07-30 09:36:21,1.3,1.04,79,1.29,1.032,351,1.3,1.04,1,1.295,1.036,2977,0
SPY190731C300,2019-07-30,2019-07-30 09:36:21,1.3,1.04,79,1.29,1.032,15,1.3,1.04,1,1.295,1.036,2977,1
SPY190731C300,2019-07-30,2019-07-30 09:36:22,1.3,1.04,79,1.29,1.032,566,1.3,1.04,1,1.295,1.036,2977,0
SPY190731C300,2019-07-30,2019-07-30 09:36:23,1.31,1.048,24,1.29,1.032,553,1.3,1.04,1,1.3,1.04,3061,0
SPY190731C300,2019-07-30,2019-07-30 09:36:23,1.3,1.04,79,1.29,1.032,191,1.3,1.04,1,1.295,1.036,3061,84
SPY190731C300,2019-07-30,2019-07-30 09:36:24,1.31,1.048,31,1.29,1.032,553,1.3,1.04,1,1.3,1.04,3061,0
SPY190731C300,2019-07-30,2019-07-30 09:36:24,1.3,1.04,1,1.29,1.032,328,1.3,1.04,8,1.295,1.036,3069,8
SPY190731C300,2019-07-30,2019-07-30 09:36:25,1.3,1.04,92,1.29,1.032,1,1.3,1.04,8,1.295,1.036,3069,0
SPY190731C300,2019-07-30,2019-07-30 09:36:25,1.3,1.04,92,1.29,1.032,191,1.3,1.04,8,1.295,1.036,3069,0
SPY190731C300,2019-07-30,2019-07-30 09:36:26,1.3,1.04,157,1.29,1.032,1,1.3,1.04,8,1.295,1.036,3069,0
SPY190731C300,2019-07-30,2019-07-30 09:36:26,1.3,1.04,163,1.29,1.032,1,1.3,1.04,8,1.295,1.036,3069,0
SPY190731C300,2019-07-30,2019-07-30 09:36:27,1.3,1.04,102,1.29,1.032,1,1.3,1.04,8,1.295,1.036,3069,0
SPY190731C300,2019-07-30,2019-07-30 09:36:28,1.3,1.04,102,1.29,1.032,1,1.3,1.04,8,1.295,1.036,3069,0
SPY190731C300,2019-07-30,2019-07-30 09:36:28,1.3,1.04,381,1.29,1.032,1,1.3,1.04,8,1.295,1.036,3069,0
SPY190731C300,2019-07-30,2019-07-30 09:36:29,1.31,1.048,1,1.3,1.04,234,1.3,1.04,79,1.305,1.044,3389,159
SPY190731C300,2019-07-30,2019-07-30 09:36:29,1.31,1.048,1,1.3,1.04,5,1.3,1.04,80,1.305,1.044,3230,161
SPY190731C300,2019-07-30,2019-07-30 09:36:30,1.31,1.048,1,1.31,1.048,170,1.32,1.056,4,1.31,1.048,3394,5
SPY190731C300,2019-07-30,2019-07-30 09:36:30,1.33,1.064,6,1.32,1.056,144,1.32,1.056,4,1.325,1.06,3394,0
SPY190731C300,2019-07-30,2019-07-30 09:36:31,1.34,1.072,20,1.33,1.064,150,1.32,1.056,4,1.335,1.068,3394,0
SPY190731C300,2019-07-30,2019-07-30 09:36:31,1.35,1.08,424,1.34,1.072,8,1.35,1.08,10,1.345,1.076,3404,10
SPY190731C300,2019-07-30,2019-07-30 09:36:32,1.34,1.072,1,1.33,1.064,145,1.34,1.072,8,1.335,1.068,3412,8
SPY190731C300,2019-07-30,2019-07-30 09:36:33,1.35,1.08,430,1.33,1.064,150,1.34,1.072,8,1.34,1.072,3412,0
SPY190731C300,2019-07-30,2019-07-30 09:36:33,1.36,1.088,30,1.34,1.072,186,1.34,1.072,8,1.35,1.08,3412,0
SPY190731C300,2019-07-30,2019-07-30 09:36:34,1.39,1.112,50,1.35,1.08,5,1.37,1.096,3,1.37,1.096,3415,0
SPY190731C300,2019-07-30,2019-07-30 09:36:34,1.37,1.096,3,1.35,1.08,5,1.37,1.096,3,1.36,1.088,3415,3
SPY190731C300,2019-07-30,2019-07-30 09:36:35,1.38,1.104,6,1.37,1.096,50,1.37,1.096,1,1.375,1.1,3418,3
SPY190731C300,2019-07-30,2019-07-30 09:36:35,1.38,1.104,50,1.37,1.096,100,1.37,1.096,1,1.375,1.1,3418,0
SPY190731C300,2019-07-30,2019-07-30 09:36:36,1.38,1.104,28,1.37,1.096,67,1.38,1.104,2,1.375,1.1,3421,0
SPY190731C300,2019-07-30,2019-07-30 09:36:36,1.38,1.104,12,1.37,1.096,17,1.38,1.104,2,1.375,1.1,3421,3
SPY190731C300,2019-07-30,2019-07-30 09:36:37,1.38,1.104,34,1.37,1.096,64,1.38,1.104,2,1.375,1.1,3421,0
SPY190731C300,2019-07-30,2019-07-30 09:36:38,1.36,1.088,34,1.34,1.072,162,1.35,1.08,1,1.35,1.08,3423,1
SPY190731C300,2019-07-30,2019-07-30 09:36:38,1.37,1.096,20,1.34,1.072,1,1.37,1.096,1,1.355,1.084,3422,1
SPY190731C300,2019-07-30,2019-07-30 09:36:39,1.35,1.08,9,1.34,1.072,162,1.35,1.08,1,1.345,1.076,3423,0
SPY190731C300,2019-07-30,2019-07-30 09:36:39,1.36,1.088,34,1.35,1.08,17,1.35,1.08,1,1.355,1.084,3423,0
SPY190731C300,2019-07-30,2019-07-30 09:36:40,1.36,1.088,22,1.34,1.072,6,1.35,1.08,20,1.35,1.08,3444,21
SPY190731C300,2019-07-30,2019-07-30 09:36:40,1.36,1.088,6,1.34,1.072,165,1.35,1.08,20,1.35,1.08,3444,0
SPY190731C300,2019-07-30,2019-07-30 09:36:41,1.36,1.088,60,1.34,1.072,50,1.34,1.072,1,1.35,1.08,3446,2
SPY190731C300,2019-07-30,2019-07-30 09:36:41,1.36,1.088,434,1.34,1.072,17,1.35,1.08,20,1.35,1.08,3444,0
SPY190731C300,2019-07-30,2019-07-30 09:36:42,1.36,1.088,31,1.34,1.072,174,1.34,1.072,1,1.35,1.08,3446,0
SPY190731C300,2019-07-30,2019-07-30 09:36:43,1.35,1.08,44,1.34,1.072,155,1.34,1.072,1,1.345,1.076,3449,1
SPY190731C300,2019-07-30,2019-07-30 09:36:43,1.35,1.08,18,1.34,1.072,172,1.35,1.08,2,1.345,1.076,3448,2
SPY190731C300,2019-07-30,2019-07-30 09:36:44,1.35,1.08,113,1.33,1.064,52,1.34,1.072,1,1.34,1.072,3449,0
SPY190731C300,2019-07-30,2019-07-30 09:36:44,1.35,1.08,30,1.33,1.064,107,1.34,1.072,1,1.34,1.072,3449,0
SPY190731C300,2019-07-30,2019-07-30 09:36:45,1.35,1.08,18,1.34,1.072,76,1.35,1.08,3,1.345,1.076,3452,3
SPY190731C300,2019-07-30,2019-07-30 09:36:45,1.35,1.08,18,1.34,1.072,156,1.35,1.08,3,1.345,1.076,3452,0
SPY190731C300,2019-07-30,2019-07-30 09:36:46,1.35,1.08,14,1.34,1.072,73,1.35,1.08,4,1.345,1.076,3456,4
SPY190731C300,2019-07-30,2019-07-30 09:36:46,1.35,1.08,18,1.34,1.072,106,1.35,1.08,3,1.345,1.076,3452,0
SPY190731C300,2019-07-30,2019-07-30 09:36:47,1.35,1.08,14,1.34,1.072,122,1.34,1.072,1,1.345,1.076,3458,2
SPY190731C300,2019-07-30,2019-07-30 09:36:48,1.35,1.08,14,1.34,1.072,48,1.34,1.072,1,1.345,1.076,3458,0
SPY190731C300,2019-07-30,2019-07-30 09:36:48,1.35,1.08,38,1.34,1.072,48,1.34,1.072,1,1.345,1.076,3458,0
SPY190731C300,2019-07-30,2019-07-30 09:36:49,1.35,1.08,5,1.34,1.072,65,1.35,1.08,10,1.345,1.076,3468,10
SPY190731C300,2019-07-30,2019-07-30 09:36:49,1.37,1.096,54,1.34,1.072,258,1.36,1.088,2,1.355,1.084,3480,12
SPY190731C300,2019-07-30,2019-07-30 09:36:50,1.36,1.088,44,1.35,1.08,50,1.36,1.088,2,1.355,1.084,3480,0
SPY190731C300,2019-07-30,2019-07-30 09:36:50,1.36,1.088,83,1.35,1.08,50,1.36,1.088,2,1.355,1.084,3480,0
SPY190731C300,2019-07-30,2019-07-30 09:36:51,1.35,1.08,10,1.35,1.08,50,1.35,1.08,1,1.35,1.08,3533,53
SPY190731C300,2019-07-30,2019-07-30 09:36:51,1.35,1.08,8,1.34,1.072,22,1.35,1.08,1,1.345,1.076,3533,0
SPY190731C300,2019-07-30,2019-07-30 09:36:52,1.36,1.088,106,1.34,1.072,62,1.35,1.08,1,1.35,1.08,3533,0
SPY190731C300,2019-07-30,2019-07-30 09:36:53,1.36,1.088,74,1.34,1.072,95,1.35,1.08,1,1.35,1.08,3533,0
SPY190731C300,2019-07-30,2019-07-30 09:36:53,1.36,1.088,125,1.35,1.08,22,1.35,1.08,1,1.355,1.084,3533,0
SPY190731C300,2019-07-30,2019-07-30 09:36:54,1.36,1.088,44,1.34,1.072,197,1.35,1.08,1,1.35,1.08,3533,0
SPY190731C300,2019-07-30,2019-07-30 09:36:54,1.36,1.088,104,1.34,1.072,191,1.35,1.08,1,1.35,1.08,3533,0
SPY190731C300,2019-07-30,2019-07-30 09:36:55,1.36,1.088,111,1.34,1.072,111,1.35,1.08,1,1.35,1.08,3533,0
SPY190731C300,2019-07-30,2019-07-30 09:36:55,1.35,1.08,1,1.34,1.072,112,1.35,1.08,1,1.345,1.076,3533,0
SPY190731C300,2019-07-30,2019-07-30 09:36:56,1.35,1.08,1,1.34,1.072,401,1.35,1.08,1,1.345,1.076,3533,0
SPY190731C300,2019-07-30,2019-07-30 09:36:56,1.35,1.08,1,1.34,1.072,113,1.35,1.08,1,1.345,1.076,3533,0
SPY190731C300,2019-07-30,2019-07-30 09:36:57,1.37,1.096,64,1.35,1.08,155,1.35,1.08,1,1.36,1.088,3533,0
SPY190731C300,2019-07-30,2019-07-30 09:36:58,1.37,1.096,93,1.34,1.072,191,1.35,1.08,1,1.355,1.084,3533,0
SPY190731C300,2019-07-30,2019-07-30 09:36:58,1.36,1.088,6,1.34,1.072,393,1.35,1.08,1,1.35,1.08,3533,0
SPY190731C300,2019-07-30,2019-07-30 09:36:59,1.35,1.08,30,1.34,1.072,22,1.34,1.072,30,1.345,1.076,3564,31
SPY190731C300,2019-07-30,2019-07-30 09:36:59,1.35,1.08,51,1.34,1.072,68,1.34,1.072,30,1.345,1.076,3564,0
SPY190731C300,2019-07-30,2019-07-30 09:37:00,1.35,1.08,24,1.34,1.072,119,1.34,1.072,30,1.345,1.076,3564,0
SPY190731C300,2019-07-30,2019-07-30 09:37:00,1.37,1.096,108,1.35,1.08,128,1.35,1.08,17,1.36,1.088,3582,18
SPY190731C300,2019-07-30,2019-07-30 09:37:01,1.37,1.096,67,1.35,1.08,118,1.35,1.08,17,1.36,1.088,3582,0
SPY190731C300,2019-07-30,2019-07-30 09:37:01,1.37,1.096,67,1.35,1.08,128,1.35,1.08,17,1.36,1.088,3582,0
SPY190731C300,2019-07-30,2019-07-30 09:37:02,1.36,1.088,1,1.35,1.08,118,1.36,1.088,1,1.355,1.084,3594,12
SPY190731C300,2019-07-30,2019-07-30 09:37:02,1.37,1.096,91,1.35,1.08,118,1.35,1.08,17,1.36,1.088,3582,0
SPY190731C300,2019-07-30,2019-07-30 09:37:03,1.36,1.088,6,1.34,1.072,490,1.36,1.088,3,1.35,1.08,3597,3
SPY190731C300,2019-07-30,2019-07-30 09:37:04,1.36,1.088,6,1.34,1.072,494,1.36,1.088,3,1.35,1.08,3597,0
SPY190731C300,2019-07-30,2019-07-30 09:37:04,1.36,1.088,6,1.35,1.08,57,1.36,1.088,3,1.355,1.084,3597,0
SPY190731C300,2019-07-30,2019-07-30 09:37:05,1.37,1.096,360,1.34,1.072,131,1.35,1.08,4,1.355,1.084,3601,4
SPY190731C300,2019-07-30,2019-07-30 09:37:05,1.35,1.08,1,1.35,1.08,24,1.36,1.088,3,1.35,1.08,3597,0
SPY190731C300,2019-07-30,2019-07-30 09:37:06,1.37,1.096,80,1.35,1.08,89,1.35,1.08,4,1.36,1.088,3601,0
SPY190731C300,2019-07-30,2019-07-30 09:37:07,1.36,1.088,7,1.35,1.08,132,1.36,1.088,1,1.355,1.084,3603,2
SPY190731C300,2019-07-30,2019-07-30 09:37:07,1.36,1.088,7,1.35,1.08,132,1.36,1.088,1,1.355,1.084,3603,0
SPY190731C300,2019-07-30,2019-07-30 09:37:08,1.37,1.096,84,1.36,1.088,24,1.36,1.088,1,1.365,1.092,3603,0
SPY190731C300,2019-07-30,2019-07-30 09:37:08,1.37,1.096,74,1.36,1.088,24,1.36,1.088,1,1.365,1.092,3603,0
SPY190731C300,2019-07-30,2019-07-30 09:37:09,1.36,1.088,1,1.35,1.08,137,1.36,1.088,1,1.355,1.084,3603,0
SPY190731C300,2019-07-30,2019-07-30 09:37:10,1.37,1.096,54,1.35,1.08,137,1.36,1.088,1,1.36,1.088,3603,0
SPY190731C300,2019-07-30,2019-07-30 09:37:10,1.39,1.112,50,1.36,1.088,28,1.36,1.088,1,1.375,1.1,3603,0
SPY190731C300,2019-07-30,2019-07-30 09:37:11,1.4,1.12,30,1.38,1.104,46,1.36,1.088,1,1.39,1.112,3603,0
SPY190731C300,2019-07-30,2019-07-30 09:37:11,1.39,1.112,120,1.37,1.096,54,1.37,1.096,3,1.38,1.104,3606,3
SPY190731C300,2019-07-30,2019-07-30 09:37:12,1.39,1.112,502,1.36,1.088,114,1.37,1.096,3,1.375,1.1,3606,0
SPY190731C300,2019-07-30,2019-07-30 09:37:12,1.39,1.112,485,1.37,1.096,24,1.37,1.096,3,1.38,1.104,3606,0
SPY190731C300,2019-07-30,2019-07-30 09:37:13,1.36,1.088,9,1.34,1.072,10,1.37,1.096,3,1.35,1.08,3606,0
SPY190731C300,2019-07-30,2019-07-30 09:37:13,1.37,1.096,6,1.36,1.088,114,1.37,1.096,3,1.365,1.092,3606,0
SPY190731C300,2019-07-30,2019-07-30 09:37:14,1.35,1.08,1,1.34,1.072,136,1.36,1.088,3,1.345,1.076,3616,10
SPY190731C300,2019-07-30,2019-07-30 09:37:15,1.35,1.08,30,1.34,1.072,10,1.36,1.088,3,1.345,1.076,3616,0
SPY190731C300,2019-07-30,2019-07-30 09:37:15,1.36,1.088,31,1.34,1.072,97,1.34,1.072,10,1.35,1.08,3626,10
SPY190731C300,2019-07-30,2019-07-30 09:37:16,1.35,1.08,7,1.34,1.072,86,1.34,1.072,10,1.345,1.076,3626,0
SPY190731C300,2019-07-30,2019-07-30 09:37:16,1.35,1.08,6,1.34,1.072,154,1.34,1.072,10,1.345,1.076,3626,0
SPY190731C300,2019-07-30,2019-07-30 09:37:17,1.36,1.088,36,1.34,1.072,154,1.34,1.072,10,1.35,1.08,3626,0
SPY190731C300,2019-07-30,2019-07-30 09:37:17,1.35,1.08,10,1.34,1.072,154,1.34,1.072,10,1.345,1.076,3626,0
SPY190731C300,2019-07-30,2019-07-30 09:37:18,1.35,1.08,7,1.34,1.072,154,1.34,1.072,10,1.345,1.076,3626,0
SPY190731C300,2019-07-30,2019-07-30 09:37:18,1.35,1.08,10,1.34,1.072,154,1.34,1.072,10,1.345,1.076,3626,0
SPY190731C300,2019-07-30,2019-07-30 09:37:19,1.36,1.088,12,1.34,1.072,154,1.34,1.072,10,1.35,1.08,3626,0
SPY190731C300,2019-07-30,2019-07-30 09:37:20,1.36,1.088,84,1.34,1.072,154,1.34,1.072,1,1.35,1.08,3627,1
SPY190731C300,2019-07-30,2019-07-30 09:37:20,1.36,1.088,66,1.34,1.072,154,1.34,1.072,10,1.35,1.08,3626,0
SPY190731C300,2019-07-30,2019-07-30 09:37:21,1.35,1.08,1,1.34,1.072,108,1.34,1.072,1,1.345,1.076,3627,0
SPY190731C300,2019-07-30,2019-07-30 09:37:21,1.36,1.088,30,1.34,1.072,154,1.34,1.072,2,1.35,1.08,3629,2
SPY190731C300,2019-07-30,2019-07-30 09:37:22,1.37,1.096,16,1.36,1.088,24,1.34,1.072,2,1.365,1.092,3629,0
SPY190731C300,2019-07-30,2019-07-30 09:37:22,1.36,1.088,30,1.34,1.072,254,1.34,1.072,2,1.35,1.08,3629,0
SPY190731C300,2019-07-30,2019-07-30 09:37:23,1.37,1.096,16,1.36,1.088,24,1.36,1.088,1,1.365,1.092,3630,1
SPY190731C300,2019-07-30,2019-07-30 09:37:23,1.38,1.104,10,1.36,1.088,24,1.36,1.088,1,1.37,1.096,3630,0
SPY190731C300,2019-07-30,2019-07-30 09:37:24,1.38,1.104,38,1.37,1.096,57,1.36,1.088,1,1.375,1.1,3630,0
SPY190731C300,2019-07-30,2019-07-30 09:37:25,1.38,1.104,15,1.37,1.096,151,1.36,1.088,1,1.375,1.1,3630,0
SPY190731C300,2019-07-30,2019-07-30 09:37:25,1.39,1.112,539,1.37,1.096,24,1.36,1.088,1,1.38,1.104,3630,0
SPY190731C300,2019-07-30,2019-07-30 09:37:26,1.38,1.104,10,1.37,1.096,8,1.36,1.088,1,1.375,1.1,3630,0
SPY190731C300,2019-07-30,2019-07-30 09:37:26,1.38,1.104,30,1.37,1.096,111,1.36,1.088,1,1.375,1.1,3630,0
SPY190731C300,2019-07-30,2019-07-30 09:37:27,1.4,1.12,50,1.38,1.104,127,1.36,1.088,1,1.39,1.112,3630,0
SPY190731C300,2019-07-30,2019-07-30 09:37:28,1.4,1.12,2,1.38,1.104,124,1.36,1.088,1,1.39,1.112,3630,0
SPY190731C300,2019-07-30,2019-07-30 09:37:28,1.4,1.12,2,1.39,1.112,98,1.36,1.088,1,1.395,1.116,3630,0
SPY190731C300,2019-07-30,2019-07-30 09:37:29,1.4,1.12,2,1.39,1.112,128,1.36,1.088,1,1.395,1.116,3630,0
SPY190731C300,2019-07-30,2019-07-30 09:37:29,1.4,1.12,2,1.39,1.112,466,1.36,1.088,1,1.395,1.116,3630,0
SPY190731C300,2019-07-30,2019-07-30 09:37:30,1.42,1.136,42,1.4,1.12,358,1.4,1.12,10,1.41,1.128,3642,0
SPY190731C300,2019-07-30,2019-07-30 09:37:30,1.4,1.12,2,1.4,1.12,5,1.4,1.12,10,1.4,1.12,3642,12
SPY190731C300,2019-07-30,2019-07-30 09:37:31,1.43,1.144,467,1.41,1.128,99,1.4,1.12,10,1.42,1.136,3642,0
SPY190731C300,2019-07-30,2019-07-30 09:37:32,1.41,1.128,384,1.39,1.112,124,1.4,1.12,10,1.4,1.12,3642,0
SPY190731C300,2019-07-30,2019-07-30 09:37:32,1.42,1.136,17,1.4,1.12,52,1.4,1.12,10,1.41,1.128,3642,0
SPY190731C300,2019-07-30,2019-07-30 09:37:33,1.42,1.136,28,1.4,1.12,167,1.4,1.12,10,1.41,1.128,3642,0
SPY190731C300,2019-07-30,2019-07-30 09:37:33,1.42,1.136,24,1.41,1.128,24,1.4,1.12,10,1.415,1.132,3642,0
SPY190731C300,2019-07-30,2019-07-30 09:37:34,1.42,1.136,34,1.41,1.128,24,1.4,1.12,10,1.415,1.132,3642,0
SPY190731C300,2019-07-30,2019-07-30 09:37:34,1.42,1.136,38,1.4,1.12,182,1.4,1.12,10,1.41,1.128,3642,0
SPY190731C300,2019-07-30,2019-07-30 09:37:35,1.42,1.136,7,1.41,1.128,30,1.4,1.12,10,1.415,1.132,3642,0
SPY190731C300,2019-07-30,2019-07-30 09:37:35,1.43,1.144,527,1.41,1.128,30,1.4,1.12,10,1.42,1.136,3642,0
SPY190731C300,2019-07-30,2019-07-30 09:37:36,1.43,1.144,527,1.41,1.128,30,1.4,1.12,10,1.42,1.136,3642,0
SPY190731C300,2019-07-30,2019-07-30 09:37:37,1.42,1.136,1,1.41,1.128,28,1.42,1.136,2,1.415,1.132,3679,14
SPY190731C300,2019-07-30,2019-07-30 09:37:37,1.42,1.136,36,1.41,1.128,28,1.42,1.136,13,1.415,1.132,3665,23
SPY190731C300,2019-07-30,2019-07-30 09:37:38,1.42,1.136,63,1.41,1.128,28,1.42,1.136,2,1.415,1.132,3679,0
SPY190731C300,2019-07-30,2019-07-30 09:37:38,1.43,1.144,155,1.41,1.128,26,1.42,1.136,2,1.42,1.136,3679,0
SPY190731C300,2019-07-30,2019-07-30 09:37:39,1.43,1.144,290,1.41,1.128,26,1.42,1.136,2,1.42,1.136,3679,0
SPY190731C300,2019-07-30,2019-07-30 09:37:39,1.43,1.144,182,1.41,1.128,38,1.42,1.136,2,1.42,1.136,3679,0
SPY190731C300,2019-07-30,2019-07-30 09:37:40,1.44,1.152,1,1.43,1.144,52,1.42,1.136,2,1.435,1.148,3679,0
SPY190731C300,2019-07-30,2019-07-30 09:37:40,1.45,1.16,74,1.42,1.136,124,1.42,1.136,2,1.435,1.148,3679,0
SPY190731C300,2019-07-30,2019-07-30 09:37:41,1.44,1.152,1,1.43,1.144,52,1.42,1.136,2,1.435,1.148,3679,0
SPY190731C300,2019-07-30,2019-07-30 09:37:42,1.43,1.144,6,1.42,1.136,15,1.42,1.136,2,1.425,1.14,3679,0
SPY190731C300,2019-07-30,2019-07-30 09:37:42,1.44,1.152,1,1.43,1.144,52,1.42,1.136,2,1.435,1.148,3679,0
SPY190731C300,2019-07-30,2019-07-30 09:37:43,1.43,1.144,9,1.42,1.136,55,1.42,1.136,2,1.425,1.14,3679,0
SPY190731C300,2019-07-30,2019-07-30 09:37:43,1.44,1.152,2,1.43,1.144,12,1.42,1.136,2,1.435,1.148,3679,0
SPY190731C300,2019-07-30,2019-07-30 09:37:44,1.44,1.152,1,1.43,1.144,24,1.42,1.136,2,1.435,1.148,3679,0
SPY190731C300,2019-07-30,2019-07-30 09:37:44,1.44,1.152,6,1.43,1.144,61,1.44,1.152,25,1.435,1.148,3704,25
SPY190731C300,2019-07-30,2019-07-30 09:37:45,1.44,1.152,1,1.43,1.144,10,1.44,1.152,25,1.435,1.148,3704,0
SPY190731C300,2019-07-30,2019-07-30 09:37:46,1.44,1.152,134,1.43,1.144,10,1.44,1.152,25,1.435,1.148,3704,0
SPY190731C300,2019-07-30,2019-07-30 09:37:46,1.44,1.152,6,1.43,1.144,10,1.44,1.152,25,1.435,1.148,3704,0
SPY190731C300,2019-07-30,2019-07-30 09:37:47,1.43,1.144,39,1.42,1.136,27,1.43,1.144,10,1.425,1.14,3715,0
SPY190731C300,2019-07-30,2019-07-30 09:37:47,1.43,1.144,6,1.43,1.144,10,1.43,1.144,10,1.43,1.144,3715,11
SPY190731C300,2019-07-30,2019-07-30 09:37:48,1.44,1.152,127,1.42,1.136,27,1.43,1.144,10,1.43,1.144,3715,0
SPY190731C300,2019-07-30,2019-07-30 09:37:48,1.43,1.144,9,1.42,1.136,27,1.43,1.144,10,1.425,1.14,3715,0
SPY190731C300,2019-07-30,2019-07-30 09:37:49,1.43,1.144,24,1.42,1.136,10,1.42,1.136,3,1.425,1.14,3721,3
SPY190731C300,2019-07-30,2019-07-30 09:37:49,1.43,1.144,1,1.42,1.136,27,1.43,1.144,3,1.425,1.14,3718,3
SPY190731C300,2019-07-30,2019-07-30 09:37:50,1.42,1.136,23,1.41,1.128,19,1.42,1.136,10,1.415,1.132,3733,12
SPY190731C300,2019-07-30,2019-07-30 09:37:51,1.43,1.144,6,1.41,1.128,28,1.42,1.136,10,1.42,1.136,3733,0
SPY190731C300,2019-07-30,2019-07-30 09:37:51,1.43,1.144,14,1.42,1.136,19,1.42,1.136,10,1.425,1.14,3733,0
SPY190731C300,2019-07-30,2019-07-30 09:37:52,1.43,1.144,9,1.42,1.136,59,1.42,1.136,10,1.425,1.14,3733,0
SPY190731C300,2019-07-30,2019-07-30 09:37:52,1.43,1.144,34,1.41,1.128,159,1.42,1.136,10,1.42,1.136,3733,0
SPY190731C300,2019-07-30,2019-07-30 09:37:53,1.43,1.144,34,1.42,1.136,19,1.42,1.136,10,1.425,1.14,3733,0
SPY190731C300,2019-07-30,2019-07-30 09:37:53,1.44,1.152,24,1.42,1.136,89,1.42,1.136,1,1.43,1.144,3734,1
SPY190731C300,2019-07-30,2019-07-30 09:37:54,1.44,1.152,55,1.43,1.144,19,1.42,1.136,1,1.435,1.148,3737,0
SPY190731C300,2019-07-30,2019-07-30 09:37:54,1.44,1.152,24,1.43,1.144,19,1.42,1.136,1,1.435,1.148,3737,3
SPY190731C300,2019-07-30,2019-07-30 09:37:55,1.43,1.144,463,1.42,1.136,24,1.42,1.136,6,1.425,1.14,3743,6
SPY190731C300,2019-07-30,2019-07-30 09:37:56,1.42,1.136,100,1.41,1.128,5,1.42,1.136,6,1.415,1.132,3743,0
SPY190731C300,2019-07-30,2019-07-30 09:37:56,1.42,1.136,20,1.41,1.128,17,1.42,1.136,6,1.415,1.132,3743,0
SPY190731C300,2019-07-30,2019-07-30 09:37:57,1.42,1.136,129,1.41,1.128,5,1.41,1.128,44,1.415,1.132,3843,0
SPY190731C300,2019-07-30,2019-07-30 09:37:57,1.42,1.136,129,1.41,1.128,5,1.41,1.128,44,1.415,1.132,3843,100
SPY190731C300,2019-07-30,2019-07-30 09:37:58,1.44,1.152,1,1.42,1.136,13,1.43,1.144,1,1.43,1.144,3854,11
SPY190731C300,2019-07-30,2019-07-30 09:37:58,1.42,1.136,11,1.41,1.128,16,1.41,1.128,44,1.415,1.132,3843,0
SPY190731C300,2019-07-30,2019-07-30 09:37:59,1.44,1.152,1,1.43,1.144,7,1.43,1.144,1,1.435,1.148,3854,0
SPY190731C300,2019-07-30,2019-07-30 09:37:59,1.44,1.152,1,1.42,1.136,100,1.43,1.144,1,1.43,1.144,3854,0
SPY190731C300,2019-07-30,2019-07-30 09:38:00,1.44,1.152,4,1.42,1.136,92,1.43,1.144,1,1.43,1.144,3854,0
SPY190731C300,2019-07-30,2019-07-30 09:38:01,1.44,1.152,378,1.41,1.128,100,1.43,1.144,1,1.425,1.14,3854,0
SPY190731C300,2019-07-30,2019-07-30 09:38:01,1.42,1.136,30,1.41,1.128,100,1.42,1.136,2,1.415,1.132,3856,2
SPY190731C300,2019-07-30,2019-07-30 09:38:02,1.42,1.136,1,1.41,1.128,100,1.42,1.136,1,1.415,1.132,3857,0
SPY190731C300,2019-07-30,2019-07-30 09:38:02,1.42,1.136,1,1.41,1.128,100,1.42,1.136,1,1.415,1.132,3857,1
SPY190731C300,2019-07-30,2019-07-30 09:38:03,1.42,1.136,64,1.41,1.128,100,1.42,1.136,1,1.415,1.132,3857,0
SPY190731C300,2019-07-30,2019-07-30 09:38:03,1.42,1.136,74,1.41,1.128,100,1.42,1.136,1,1.415,1.132,3857,0
SPY190731C300,2019-07-30,2019-07-30 09:38:04,1.42,1.136,74,1.41,1.128,100,1.42,1.136,1,1.415,1.132,3857,0
SPY190731C300,2019-07-30,2019-07-30 09:38:04,1.42,1.136,64,1.39,1.112,370,1.41,1.128,40,1.405,1.124,3966,109
SPY190731C300,2019-07-30,2019-07-30 09:38:05,1.43,1.144,7,1.42,1.136,2,1.41,1.128,40,1.425,1.14,3966,0
SPY190731C300,2019-07-30,2019-07-30 09:38:06,1.44,1.152,34,1.43,1.144,6,1.41,1.128,40,1.435,1.148,3966,0
SPY190731C300,2019-07-30,2019-07-30 09:38:06,1.44,1.152,24,1.42,1.136,193,1.41,1.128,40,1.43,1.144,3966,0
SPY190731C300,2019-07-30,2019-07-30 09:38:07,1.43,1.144,10,1.42,1.136,46,1.42,1.136,10,1.425,1.14,3977,10
SPY190731C300,2019-07-30,2019-07-30 09:38:07,1.43,1.144,1,1.42,1.136,42,1.43,1.144,1,1.425,1.14,3967,1
SPY190731C300,2019-07-30,2019-07-30 09:38:08,1.44,1.152,27,1.42,1.136,46,1.42,1.136,10,1.43,1.144,3977,0
SPY190731C300,2019-07-30,2019-07-30 09:38:08,1.44,1.152,10,1.43,1.144,13,1.42,1.136,10,1.435,1.148,3977,0
SPY190731C300,2019-07-30,2019-07-30 09:38:09,1.44,1.152,19,1.43,1.144,12,1.42,1.136,10,1.435,1.148,3977,0
SPY190731C300,2019-07-30,2019-07-30 09:38:09,1.44,1.152,19,1.43,1.144,48,1.42,1.136,10,1.435,1.148,3977,0
SPY190731C300,2019-07-30,2019-07-30 09:38:10,1.44,1.152,23,1.43,1.144,40,1.42,1.136,10,1.435,1.148,3977,0
SPY190731C300,2019-07-30,2019-07-30 09:38:10,1.44,1.152,7,1.43,1.144,18,1.42,1.136,10,1.435,1.148,3977,0
SPY190731C300,2019-07-30,2019-07-30 09:38:11,1.44,1.152,29,1.42,1.136,46,1.42,1.136,10,1.43,1.144,3977,0
SPY190731C300,2019-07-30,2019-07-30 09:38:12,1.44,1.152,40,1.42,1.136,114,1.42,1.136,10,1.43,1.144,3977,0
SPY190731C300,2019-07-30,2019-07-30 09:38:12,1.43,1.144,34,1.42,1.136,11,1.42,1.136,10,1.425,1.14,3977,0
SPY190731C300,2019-07-30,2019-07-30 09:38:13,1.43,1.144,6,1.42,1.136,11,1.42,1.136,10,1.425,1.14,3977,0
SPY190731C300,2019-07-30,2019-07-30 09:38:13,1.44,1.152,73,1.42,1.136,10,1.42,1.136,10,1.43,1.144,3977,0
SPY190731C300,2019-07-30,2019-07-30 09:38:14,1.43,1.144,1,1.42,1.136,3,1.43,1.144,1,1.425,1.14,3987,0
SPY190731C300,2019-07-30,2019-07-30 09:38:14,1.43,1.144,1,1.42,1.136,10,1.43,1.144,1,1.425,1.14,3987,10
SPY190731C300,2019-07-30,2019-07-30 09:38:15,1.43,1.144,38,1.42,1.136,11,1.43,1.144,1,1.425,1.14,3987,0
SPY190731C300,2019-07-30,2019-07-30 09:38:15,1.43,1.144,24,1.42,1.136,11,1.43,1.144,1,1.425,1.14,3987,0
SPY190731C300,2019-07-30,2019-07-30 09:38:16,1.43,1.144,166,1.41,1.128,13,1.42,1.136,2,1.42,1.136,3990,3
SPY190731C300,2019-07-30,2019-07-30 09:38:17,1.41,1.128,2,1.39,1.112,178,1.41,1.128,5,1.4,1.12,3999,0
SPY190731C300,2019-07-30,2019-07-30 09:38:17,1.42,1.136,34,1.4,1.12,71,1.41,1.128,5,1.41,1.128,3999,9
SPY190731C300,2019-07-30,2019-07-30 09:38:18,1.42,1.136,15,1.41,1.128,97,1.41,1.128,5,1.415,1.132,3999,0
SPY190731C300,2019-07-30,2019-07-30 09:38:18,1.42,1.136,34,1.4,1.12,271,1.41,1.128,5,1.41,1.128,3999,0
SPY190731C300,2019-07-30,2019-07-30 09:38:19,1.42,1.136,8,1.4,1.12,511,1.41,1.128,5,1.41,1.128,3999,0
SPY190731C300,2019-07-30,2019-07-30 09:38:19,1.42,1.136,10,1.41,1.128,103,1.41,1.128,5,1.415,1.132,3999,0
SPY190731C300,2019-07-30,2019-07-30 09:38:20,1.43,1.144,2,1.41,1.128,147,1.41,1.128,5,1.42,1.136,3999,0
SPY190731C300,2019-07-30,2019-07-30 09:38:20,1.42,1.136,26,1.4,1.12,511,1.41,1.128,5,1.41,1.128,3999,0
SPY190731C300,2019-07-30,2019-07-30 09:38:21,1.41,1.128,6,1.4,1.12,111,1.41,1.128,5,1.405,1.124,3999,0
SPY190731C300,2019-07-30,2019-07-30 09:38:22,1.41,1.128,1,1.4,1.12,111,1.41,1.128,5,1.405,1.124,3999,0
SPY190731C300,2019-07-30,2019-07-30 09:38:22,1.42,1.136,30,1.4,1.12,111,1.41,1.128,5,1.41,1.128,3999,0
SPY190731C300,2019-07-30,2019-07-30 09:38:23,1.41,1.128,50,1.39,1.112,151,1.41,1.128,5,1.4,1.12,3999,0
SPY190731C300,2019-07-30,2019-07-30 09:38:23,1.4,1.12,6,1.39,1.112,146,1.41,1.128,5,1.395,1.116,3999,0
SPY190731C300,2019-07-30,2019-07-30 09:38:24,1.4,1.12,20,1.39,1.112,99,1.41,1.128,5,1.395,1.116,3999,0
SPY190731C300,2019-07-30,2019-07-30 09:38:24,1.4,1.12,37,1.39,1.112,98,1.41,1.128,5,1.395,1.116,3999,0
SPY190731C300,2019-07-30,2019-07-30 09:38:25,1.4,1.12,64,1.38,1.104,101,1.41,1.128,5,1.39,1.112,3999,0
SPY190731C300,2019-07-30,2019-07-30 09:38:25,1.4,1.12,193,1.38,1.104,133,1.41,1.128,5,1.39,1.112,3999,0
SPY190731C300,2019-07-30,2019-07-30 09:38:26,1.39,1.112,6,1.38,1.104,8,1.41,1.128,5,1.385,1.108,3999,0
SPY190731C300,2019-07-30,2019-07-30 09:38:26,1.39,1.112,27,1.37,1.096,360,1.41,1.128,5,1.38,1.104,3999,0
SPY190731C300,2019-07-30,2019-07-30 09:38:27,1.39,1.112,10,1.38,1.104,8,1.41,1.128,5,1.385,1.108,3999,0
SPY190731C300,2019-07-30,2019-07-30 09:38:28,1.39,1.112,6,1.37,1.096,168,1.41,1.128,5,1.38,1.104,3999,0
SPY190731C300,2019-07-30,2019-07-30 09:38:28,1.39,1.112,1,1.38,1.104,50,1.41,1.128,5,1.385,1.108,3999,0
SPY190731C300,2019-07-30,2019-07-30 09:38:29,1.39,1.112,24,1.38,1.104,100,1.41,1.128,5,1.385,1.108,3999,0
SPY190731C300,2019-07-30,2019-07-30 09:38:29,1.44,1.152,11,1.38,1.104,48,1.41,1.128,5,1.41,1.128,3999,0
SPY190731C300,2019-07-30,2019-07-30 09:38:30,1.43,1.144,126,1.41,1.128,30,1.41,1.128,10,1.42,1.136,4009,10
SPY190731C300,2019-07-30,2019-07-30 09:38:30,1.43,1.144,24,1.41,1.128,100,1.41,1.128,5,1.42,1.136,3999,0
SPY190731C300,2019-07-30,2019-07-30 09:38:31,1.42,1.136,134,1.41,1.128,5,1.41,1.128,10,1.415,1.132,4009,0
SPY190731C300,2019-07-30,2019-07-30 09:38:31,1.42,1.136,1,1.41,1.128,469,1.42,1.136,35,1.415,1.132,4044,35
SPY190731C300,2019-07-30,2019-07-30 09:38:32,1.43,1.144,270,1.41,1.128,469,1.42,1.136,35,1.42,1.136,4044,0
SPY190731C300,2019-07-30,2019-07-30 09:38:33,1.43,1.144,156,1.41,1.128,109,1.42,1.136,35,1.42,1.136,4044,0
SPY190731C300,2019-07-30,2019-07-30 09:38:33,1.43,1.144,170,1.41,1.128,106,1.42,1.136,35,1.42,1.136,4044,0
SPY190731C300,2019-07-30,2019-07-30 09:38:34,1.42,1.136,109,1.4,1.12,50,1.42,1.136,35,1.41,1.128,4044,0
SPY190731C300,2019-07-30,2019-07-30 09:38:34,1.44,1.152,14,1.41,1.128,69,1.44,1.152,5,1.425,1.14,4050,6
SPY190731C300,2019-07-30,2019-07-30 09:38:35,1.44,1.152,24,1.42,1.136,60,1.44,1.152,5,1.43,1.144,4050,0
SPY190731C300,2019-07-30,2019-07-30 09:38:35,1.44,1.152,110,1.42,1.136,363,1.44,1.152,5,1.43,1.144,4050,0
SPY190731C300,2019-07-30,2019-07-30 09:38:36,1.44,1.152,103,1.43,1.144,6,1.44,1.152,5,1.435,1.148,4050,0
SPY190731C300,2019-07-30,2019-07-30 09:38:36,1.44,1.152,51,1.43,1.144,63,1.44,1.152,5,1.435,1.148,4050,0
SPY190731C300,2019-07-30,2019-07-30 09:38:37,1.43,1.144,5,1.42,1.136,18,1.44,1.152,5,1.425,1.14,4050,0
SPY190731C300,2019-07-30,2019-07-30 09:38:37,1.43,1.144,5,1.43,1.144,6,1.43,1.144,1,1.43,1.144,4056,6
SPY190731C300,2019-07-30,2019-07-30 09:38:38,1.44,1.152,127,1.42,1.136,10,1.43,1.144,76,1.43,1.144,4133,77
SPY190731C300,2019-07-30,2019-07-30 09:38:39,1.44,1.152,127,1.41,1.128,161,1.43,1.144,76,1.425,1.14,4133,0
SPY190731C300,2019-07-30,2019-07-30 09:38:39,1.44,1.152,127,1.42,1.136,18,1.43,1.144,76,1.43,1.144,4133,0
SPY190731C300,2019-07-30,2019-07-30 09:38:40,1.44,1.152,127,1.42,1.136,18,1.43,1.144,76,1.43,1.144,4133,0
SPY190731C300,2019-07-30,2019-07-30 09:38:41,1.42,1.136,5,1.41,1.128,39,1.42,1.136,6,1.415,1.132,4141,8
SPY190731C300,2019-07-30,2019-07-30 09:38:41,1.43,1.144,124,1.4,1.12,5,1.43,1.144,76,1.415,1.132,4133,0
SPY190731C300,2019-07-30,2019-07-30 09:38:42,1.43,1.144,5,1.41,1.128,64,1.42,1.136,6,1.42,1.136,4141,0
SPY190731C300,2019-07-30,2019-07-30 09:38:43,1.43,1.144,124,1.41,1.128,82,1.42,1.136,6,1.42,1.136,4141,0
SPY190731C300,2019-07-30,2019-07-30 09:38:43,1.41,1.128,6,1.4,1.12,49,1.42,1.136,6,1.405,1.124,4141,0
SPY190731C300,2019-07-30,2019-07-30 09:38:44,1.4,1.12,6,1.39,1.112,58,1.42,1.136,6,1.395,1.116,4141,0
SPY190731C300,2019-07-30,2019-07-30 09:38:45,1.4,1.12,119,1.39,1.112,1,1.4,1.12,1,1.395,1.116,4148,0
SPY190731C300,2019-07-30,2019-07-30 09:38:45,1.4,1.12,50,1.39,1.112,22,1.4,1.12,1,1.395,1.116,4148,7
SPY190731C300,2019-07-30,2019-07-30 09:38:46,1.4,1.12,16,1.39,1.112,1,1.39,1.112,1,1.395,1.116,4148,0
SPY190731C300,2019-07-30,2019-07-30 09:38:46,1.4,1.12,119,1.39,1.112,1,1.4,1.12,1,1.395,1.116,4148,0
SPY190731C300,2019-07-30,2019-07-30 09:38:47,1.39,1.112,126,1.37,1.096,161,1.39,1.112,1,1.38,1.104,4149,1
SPY190731C300,2019-07-30,2019-07-30 09:38:47,1.39,1.112,126,1.37,1.096,276,1.39,1.112,1,1.38,1.104,4149,0
SPY190731C300,2019-07-30,2019-07-30 09:38:48,1.39,1.112,126,1.37,1.096,54,1.39,1.112,1,1.38,1.104,4149,0
SPY190731C300,2019-07-30,2019-07-30 09:38:48,1.39,1.112,10,1.37,1.096,228,1.39,1.112,1,1.38,1.104,4149,0
SPY190731C300,2019-07-30,2019-07-30 09:38:49,1.38,1.104,99,1.37,1.096,62,1.39,1.112,1,1.375,1.1,4149,0
SPY190731C300,2019-07-30,2019-07-30 09:38:50,1.39,1.112,91,1.38,1.104,6,1.39,1.112,1,1.385,1.108,4149,0
SPY190731C300,2019-07-30,2019-07-30 09:38:50,1.4,1.12,29,1.37,1.096,74,1.39,1.112,1,1.385,1.108,4149,0
SPY190731C300,2019-07-30,2019-07-30 09:38:51,1.38,1.104,121,1.37,1.096,40,1.39,1.112,1,1.375,1.1,4149,0
SPY190731C300,2019-07-30,2019-07-30 09:38:51,1.39,1.112,155,1.37,1.096,463,1.39,1.112,1,1.38,1.104,4149,0
SPY190731C300,2019-07-30,2019-07-30 09:38:52,1.38,1.104,133,1.37,1.096,10,1.39,1.112,1,1.375,1.1,4149,0
SPY190731C300,2019-07-30,2019-07-30 09:38:53,1.38,1.104,133,1.37,1.096,10,1.39,1.112,1,1.375,1.1,4149,0
SPY190731C300,2019-07-30,2019-07-30 09:38:53,1.38,1.104,152,1.37,1.096,10,1.38,1.104,2,1.375,1.1,4151,2
SPY190731C300,2019-07-30,2019-07-30 09:38:54,1.38,1.104,107,1.37,1.096,40,1.37,1.096,10,1.375,1.1,4161,10
SPY190731C300,2019-07-30,2019-07-30 09:38:54,1.38,1.104,162,1.37,1.096,10,1.38,1.104,2,1.375,1.1,4151,0
SPY190731C300,2019-07-30,2019-07-30 09:38:55,1.38,1.104,126,1.37,1.096,40,1.37,1.096,10,1.375,1.1,4161,0
SPY190731C300,2019-07-30,2019-07-30 09:38:55,1.38,1.104,107,1.37,1.096,40,1.37,1.096,10,1.375,1.1,4161,0
SPY190731C300,2019-07-30,2019-07-30 09:38:56,1.38,1.104,176,1.37,1.096,40,1.38,1.104,100,1.375,1.1,4261,0
SPY190731C300,2019-07-30,2019-07-30 09:38:56,1.38,1.104,126,1.37,1.096,40,1.38,1.104,100,1.375,1.1,4261,100
SPY190731C300,2019-07-30,2019-07-30 09:38:57,1.38,1.104,107,1.37,1.096,40,1.38,1.104,100,1.375,1.1,4261,0
SPY190731C300,2019-07-30,2019-07-30 09:38:58,1.38,1.104,155,1.37,1.096,40,1.38,1.104,100,1.375,1.1,4261,0
SPY190731C300,2019-07-30,2019-07-30 09:38:58,1.38,1.104,115,1.37,1.096,40,1.38,1.104,100,1.375,1.1,4261,0
SPY190731C300,2019-07-30,2019-07-30 09:38:59,1.39,1.112,167,1.37,1.096,51,1.38,1.104,100,1.38,1.104,4261,0
SPY190731C300,2019-07-30,2019-07-30 09:38:59,1.38,1.104,103,1.37,1.096,40,1.38,1.104,100,1.375,1.1,4261,0
SPY190731C300,2019-07-30,2019-07-30 09:39:00,1.38,1.104,166,1.37,1.096,10,1.38,1.104,100,1.375,1.1,4261,0
SPY190731C300,2019-07-30,2019-07-30 09:39:00,1.38,1.104,126,1.37,1.096,10,1.38,1.104,100,1.375,1.1,4261,0
SPY190731C300,2019-07-30,2019-07-30 09:39:01,1.36,1.088,32,1.34,1.072,47,1.35,1.08,1,1.35,1.08,4277,6
SPY190731C300,2019-07-30,2019-07-30 09:39:01,1.38,1.104,166,1.35,1.08,5,1.37,1.096,10,1.365,1.092,4271,10
SPY190731C300,2019-07-30,2019-07-30 09:39:02,1.35,1.08,137,1.33,1.064,44,1.34,1.072,9,1.34,1.072,4297,20
SPY190731C300,2019-07-30,2019-07-30 09:39:02,1.35,1.08,127,1.34,1.072,10,1.35,1.08,1,1.345,1.076,4277,0
SPY190731C300,2019-07-30,2019-07-30 09:39:03,1.34,1.072,24,1.33,1.064,44,1.34,1.072,9,1.335,1.068,4297,0
SPY190731C300,2019-07-30,2019-07-30 09:39:04,1.34,1.072,1,1.33,1.064,67,1.33,1.064,99,1.335,1.068,4587,290
SPY190731C300,2019-07-30,2019-07-30 09:39:04,1.35,1.08,74,1.33,1.064,40,1.33,1.064,99,1.34,1.072,4587,0
SPY190731C300,2019-07-30,2019-07-30 09:39:05,1.35,1.08,134,1.33,1.064,41,1.33,1.064,99,1.34,1.072,4587,0
SPY190731C300,2019-07-30,2019-07-30 09:39:05,1.34,1.072,53,1.33,1.064,40,1.33,1.064,99,1.335,1.068,4587,0
SPY190731C300,2019-07-30,2019-07-30 09:39:06,1.35,1.08,124,1.33,1.064,48,1.33,1.064,99,1.34,1.072,4587,0
SPY190731C300,2019-07-30,2019-07-30 09:39:06,1.34,1.072,6,1.33,1.064,48,1.33,1.064,99,1.335,1.068,4587,0
SPY190731C300,2019-07-30,2019-07-30 09:39:07,1.35,1.08,129,1.33,1.064,60,1.33,1.064,99,1.34,1.072,4587,0
SPY190731C300,2019-07-30,2019-07-30 09:39:07,1.35,1.08,129,1.32,1.056,121,1.33,1.064,99,1.335,1.068,4587,0
SPY190731C300,2019-07-30,2019-07-30 09:39:08,1.34,1.072,139,1.32,1.056,46,1.33,1.064,99,1.33,1.064,4587,0
SPY190731C300,2019-07-30,2019-07-30 09:39:08,1.35,1.08,129,1.33,1.064,1,1.33,1.064,99,1.34,1.072,4587,0
SPY190731C300,2019-07-30,2019-07-30 09:39:09,1.33,1.064,28,1.32,1.056,24,1.33,1.064,99,1.325,1.06,4587,0
SPY190731C300,2019-07-30,2019-07-30 09:39:10,1.33,1.064,109,1.31,1.048,274,1.33,1.064,99,1.32,1.056,4587,0
SPY190731C300,2019-07-30,2019-07-30 09:39:10,1.33,1.064,28,1.31,1.048,491,1.33,1.064,99,1.32,1.056,4587,0
SPY190731C300,2019-07-30,2019-07-30 09:39:11,1.33,1.064,51,1.31,1.048,170,1.33,1.064,99,1.32,1.056,4587,0
SPY190731C300,2019-07-30,2019-07-30 09:39:11,1.32,1.056,21,1.31,1.048,75,1.33,1.064,99,1.315,1.052,4587,0
SPY190731C300,2019-07-30,2019-07-30 09:39:12,1.33,1.064,44,1.32,1.056,57,1.33,1.064,99,1.325,1.06,4587,0
SPY190731C300,2019-07-30,2019-07-30 09:39:12,1.33,1.064,100,1.31,1.048,474,1.33,1.064,99,1.32,1.056,4587,0
SPY190731C300,2019-07-30,2019-07-30 09:39:13,1.33,1.064,100,1.31,1.048,420,1.33,1.064,99,1.32,1.056,4587,0
SPY190731C300,2019-07-30,2019-07-30 09:39:14,1.33,1.064,124,1.32,1.056,50,1.33,1.064,99,1.325,1.06,4587,0
SPY190731C300,2019-07-30,2019-07-30 09:39:15,1.33,1.064,89,1.31,1.048,331,1.32,1.056,1,1.32,1.056,4687,100
SPY190731C300,2019-07-30,2019-07-30 09:39:15,1.32,1.056,100,1.31,1.048,347,1.33,1.064,99,1.315,1.052,4587,0
