symbol,Date,quote_time,ask_price,norm_ask_price,ask_size,bid_price,norm_bid_price,bid_size,last_trade_price,norm_last_trade_price,last_trade_size,mark_price,norm_mark_price,volume,Volume
IWM190920P157,2019-09-13,2019-09-13 09:30:00,1.35,1.0,50,1.16,0.8592,50,1.51,1.1185,44,1.255,0.9296,0,0
IWM190920P157,2019-09-13,2019-09-13 09:30:00,1.29,0.9555,30,1.21,0.8962,30,1.51,1.1185,44,1.25,0.9259,0,0
IWM190920P157,2019-09-13,2019-09-13 09:30:01,1.28,0.9481,15,1.21,0.8962,30,1.51,1.1185,44,1.245,0.9222,0,0
IWM190920P157,2019-09-13,2019-09-13 09:30:02,1.28,0.9481,15,1.21,0.8962,30,1.51,1.1185,44,1.245,0.9222,0,0
IWM190920P157,2019-09-13,2019-09-13 09:30:02,1.28,0.9481,60,1.21,0.8962,60,1.51,1.1185,44,1.245,0.9222,0,0
IWM190920P157,2019-09-13,2019-09-13 09:30:03,1.28,0.9481,60,1.21,0.8962,60,1.51,1.1185,44,1.245,0.9222,0,0
IWM190920P157,2019-09-13,2019-09-13 09:30:04,1.3,0.9629,60,1.22,0.9037,60,1.51,1.1185,44,1.26,0.9333,0,0
IWM190920P157,2019-09-13,2019-09-13 09:30:04,1.28,0.9481,60,1.21,0.8962,60,1.51,1.1185,44,1.245,0.9222,0,0
IWM190920P157,2019-09-13,2019-09-13 09:30:05,1.29,0.9555,30,1.22,0.9037,16,1.51,1.1185,44,1.255,0.9296,0,0
IWM190920P157,2019-09-13,2019-09-13 09:30:05,1.28,0.9481,15,1.22,0.9037,16,1.51,1.1185,44,1.25,0.9259,0,0
IWM190920P157,2019-09-13,2019-09-13 09:30:06,1.28,0.9481,15,1.21,0.8962,30,1.51,1.1185,44,1.245,0.9222,0,0
IWM190920P157,2019-09-13,2019-09-13 09:30:06,1.28,0.9481,90,1.21,0.8962,30,1.51,1.1185,44,1.245,0.9222,0,0
IWM190920P157,2019-09-13,2019-09-13 09:30:07,1.28,0.9481,90,1.21,0.8962,16,1.51,1.1185,44,1.245,0.9222,0,0
IWM190920P157,2019-09-13,2019-09-13 09:30:07,1.27,0.9407,15,1.21,0.8962,16,1.51,1.1185,44,1.24,0.9185,0,0
IWM190920P157,2019-09-13,2019-09-13 09:30:08,1.25,0.9259,115,1.19,0.8814,60,1.51,1.1185,44,1.22,0.9037,0,0
IWM190920P157,2019-09-13,2019-09-13 09:30:08,1.27,0.9407,30,1.2,0.8888,30,1.51,1.1185,44,1.235,0.9148,0,0
IWM190920P157,2019-09-13,2019-09-13 09:30:09,1.25,0.9259,115,1.19,0.8814,60,1.51,1.1185,44,1.22,0.9037,0,0
IWM190920P157,2019-09-13,2019-09-13 09:30:09,1.25,0.9259,115,1.19,0.8814,90,1.51,1.1185,44,1.22,0.9037,0,0
IWM190920P157,2019-09-13,2019-09-13 09:30:10,1.24,0.9185,115,1.18,0.874,60,1.24,0.9185,9,1.21,0.8962,9,0
IWM190920P157,2019-09-13,2019-09-13 09:30:10,1.25,0.9259,215,1.19,0.8814,90,1.24,0.9185,9,1.22,0.9037,9,9
IWM190920P157,2019-09-13,2019-09-13 09:30:11,1.25,0.9259,195,1.18,0.874,90,1.24,0.9185,9,1.215,0.9,9,0
IWM190920P157,2019-09-13,2019-09-13 09:30:11,1.24,0.9185,10,1.18,0.874,90,1.24,0.9185,9,1.21,0.8962,9,0
IWM190920P157,2019-09-13,2019-09-13 09:30:12,1.24,0.9185,215,1.18,0.874,60,1.24,0.9185,10,1.21,0.8962,19,10
IWM190920P157,2019-09-13,2019-09-13 09:30:12,1.24,0.9185,149,1.18,0.874,67,1.24,0.9185,10,1.21,0.8962,19,0
IWM190920P157,2019-09-13,2019-09-13 09:30:13,1.24,0.9185,28,1.21,0.8962,70,1.24,0.9185,10,1.225,0.9074,19,0
IWM190920P157,2019-09-13,2019-09-13 09:30:13,1.25,0.9259,2,1.18,0.874,67,1.24,0.9185,10,1.215,0.9,19,0
IWM190920P157,2019-09-13,2019-09-13 09:30:14,1.25,0.9259,2,1.21,0.8962,78,1.24,0.9185,10,1.23,0.9111,19,0
IWM190920P157,2019-09-13,2019-09-13 09:30:14,1.25,0.9259,2,1.21,0.8962,10,1.24,0.9185,10,1.23,0.9111,19,0
IWM190920P157,2019-09-13,2019-09-13 09:30:15,1.27,0.9407,26,1.22,0.9037,70,1.24,0.9185,10,1.245,0.9222,19,0
IWM190920P157,2019-09-13,2019-09-13 09:30:15,1.28,0.9481,11,1.22,0.9037,70,1.24,0.9185,10,1.25,0.9259,19,0
IWM190920P157,2019-09-13,2019-09-13 09:30:16,1.27,0.9407,26,1.22,0.9037,27,1.24,0.9185,10,1.245,0.9222,19,0
IWM190920P157,2019-09-13,2019-09-13 09:30:16,1.24,0.9185,10,1.21,0.8962,27,1.24,0.9185,10,1.225,0.9074,19,0
IWM190920P157,2019-09-13,2019-09-13 09:30:17,1.24,0.9185,10,1.21,0.8962,27,1.24,0.9185,10,1.225,0.9074,19,0
IWM190920P157,2019-09-13,2019-09-13 09:30:18,1.24,0.9185,20,1.21,0.8962,27,1.24,0.9185,10,1.225,0.9074,19,0
IWM190920P157,2019-09-13,2019-09-13 09:30:19,1.24,0.9185,20,1.21,0.8962,27,1.24,0.9185,10,1.225,0.9074,19,0
IWM190920P157,2019-09-13,2019-09-13 09:30:20,1.24,0.9185,20,1.21,0.8962,19,1.24,0.9185,10,1.225,0.9074,19,0
IWM190920P157,2019-09-13,2019-09-13 09:30:21,1.24,0.9185,20,1.21,0.8962,15,1.24,0.9185,10,1.225,0.9074,19,0
IWM190920P157,2019-09-13,2019-09-13 09:30:21,1.24,0.9185,20,1.21,0.8962,10,1.24,0.9185,10,1.225,0.9074,19,0
IWM190920P157,2019-09-13,2019-09-13 09:30:22,1.24,0.9185,20,1.21,0.8962,10,1.24,0.9185,10,1.225,0.9074,19,0
IWM190920P157,2019-09-13,2019-09-13 09:30:22,1.24,0.9185,20,1.2,0.8888,63,1.24,0.9185,10,1.22,0.9037,19,0
IWM190920P157,2019-09-13,2019-09-13 09:30:23,1.24,0.9185,20,1.2,0.8888,63,1.24,0.9185,10,1.22,0.9037,19,0
IWM190920P157,2019-09-13,2019-09-13 09:30:24,1.24,0.9185,20,1.2,0.8888,1,1.24,0.9185,10,1.22,0.9037,19,0
IWM190920P157,2019-09-13,2019-09-13 09:30:24,1.24,0.9185,20,1.2,0.8888,63,1.24,0.9185,10,1.22,0.9037,19,0
IWM190920P157,2019-09-13,2019-09-13 09:30:25,1.24,0.9185,20,1.2,0.8888,1,1.24,0.9185,10,1.22,0.9037,19,0
IWM190920P157,2019-09-13,2019-09-13 09:30:26,1.24,0.9185,53,1.2,0.8888,110,1.24,0.9185,10,1.22,0.9037,19,0
IWM190920P157,2019-09-13,2019-09-13 09:30:27,1.24,0.9185,53,1.2,0.8888,110,1.24,0.9185,10,1.22,0.9037,19,0
IWM190920P157,2019-09-13,2019-09-13 09:30:27,1.24,0.9185,95,1.2,0.8888,110,1.24,0.9185,10,1.22,0.9037,19,0
IWM190920P157,2019-09-13,2019-09-13 09:30:28,1.24,0.9185,95,1.2,0.8888,124,1.24,0.9185,10,1.22,0.9037,19,0
IWM190920P157,2019-09-13,2019-09-13 09:30:28,1.24,0.9185,95,1.2,0.8888,135,1.24,0.9185,10,1.22,0.9037,19,0
IWM190920P157,2019-09-13,2019-09-13 09:30:29,1.24,0.9185,95,1.2,0.8888,78,1.24,0.9185,10,1.22,0.9037,19,0
IWM190920P157,2019-09-13,2019-09-13 09:30:29,1.24,0.9185,120,1.2,0.8888,59,1.24,0.9185,10,1.22,0.9037,19,0
IWM190920P157,2019-09-13,2019-09-13 09:30:30,1.24,0.9185,95,1.2,0.8888,68,1.24,0.9185,10,1.22,0.9037,19,0
IWM190920P157,2019-09-13,2019-09-13 09:30:30,1.24,0.9185,168,1.2,0.8888,31,1.24,0.9185,10,1.22,0.9037,19,0
IWM190920P157,2019-09-13,2019-09-13 09:30:31,1.24,0.9185,168,1.2,0.8888,19,1.24,0.9185,10,1.22,0.9037,19,0
IWM190920P157,2019-09-13,2019-09-13 09:30:31,1.24,0.9185,168,1.2,0.8888,31,1.24,0.9185,10,1.22,0.9037,19,0
IWM190920P157,2019-09-13,2019-09-13 09:30:32,1.24,0.9185,168,1.2,0.8888,14,1.24,0.9185,10,1.22,0.9037,19,0
IWM190920P157,2019-09-13,2019-09-13 09:30:32,1.24,0.9185,239,1.19,0.8814,107,1.24,0.9185,10,1.215,0.9,19,0
IWM190920P157,2019-09-13,2019-09-13 09:30:33,1.24,0.9185,239,1.19,0.8814,107,1.24,0.9185,10,1.215,0.9,19,0
IWM190920P157,2019-09-13,2019-09-13 09:30:33,1.24,0.9185,273,1.19,0.8814,107,1.24,0.9185,10,1.215,0.9,19,0
IWM190920P157,2019-09-13,2019-09-13 09:30:34,1.24,0.9185,175,1.19,0.8814,107,1.24,0.9185,10,1.215,0.9,19,0
IWM190920P157,2019-09-13,2019-09-13 09:30:34,1.24,0.9185,212,1.19,0.8814,107,1.24,0.9185,10,1.215,0.9,19,0
IWM190920P157,2019-09-13,2019-09-13 09:30:35,1.24,0.9185,396,1.19,0.8814,132,1.24,0.9185,10,1.215,0.9,19,0
IWM190920P157,2019-09-13,2019-09-13 09:30:36,1.24,0.9185,346,1.17,0.8666,206,1.24,0.9185,10,1.205,0.8925,19,0
IWM190920P157,2019-09-13,2019-09-13 09:30:36,1.24,0.9185,271,1.18,0.874,133,1.24,0.9185,10,1.21,0.8962,19,0
IWM190920P157,2019-09-13,2019-09-13 09:30:37,1.23,0.9111,331,1.18,0.874,43,1.24,0.9185,10,1.205,0.8925,19,0
IWM190920P157,2019-09-13,2019-09-13 09:30:37,1.23,0.9111,122,1.18,0.874,66,1.24,0.9185,10,1.205,0.8925,19,0
IWM190920P157,2019-09-13,2019-09-13 09:30:38,1.23,0.9111,411,1.18,0.874,11,1.24,0.9185,10,1.205,0.8925,19,0
IWM190920P157,2019-09-13,2019-09-13 09:30:38,1.23,0.9111,331,1.17,0.8666,105,1.24,0.9185,10,1.2,0.8888,19,0
IWM190920P157,2019-09-13,2019-09-13 09:30:39,1.2,0.8888,24,1.17,0.8666,94,1.24,0.9185,10,1.185,0.8777,19,0
IWM190920P157,2019-09-13,2019-09-13 09:30:39,1.21,0.8962,110,1.18,0.874,25,1.24,0.9185,10,1.195,0.8851,19,0
IWM190920P157,2019-09-13,2019-09-13 09:30:40,1.21,0.8962,150,1.17,0.8666,104,1.24,0.9185,10,1.19,0.8814,19,0
IWM190920P157,2019-09-13,2019-09-13 09:30:40,1.2,0.8888,25,1.17,0.8666,104,1.24,0.9185,10,1.185,0.8777,19,0
IWM190920P157,2019-09-13,2019-09-13 09:30:41,1.19,0.8814,36,1.17,0.8666,104,1.24,0.9185,10,1.18,0.874,19,0
IWM190920P157,2019-09-13,2019-09-13 09:30:41,1.2,0.8888,134,1.17,0.8666,104,1.24,0.9185,10,1.185,0.8777,19,0
IWM190920P157,2019-09-13,2019-09-13 09:30:42,1.19,0.8814,84,1.16,0.8592,19,1.24,0.9185,10,1.175,0.8703,19,0
IWM190920P157,2019-09-13,2019-09-13 09:30:42,1.19,0.8814,84,1.17,0.8666,104,1.24,0.9185,10,1.18,0.874,19,0
IWM190920P157,2019-09-13,2019-09-13 09:30:43,1.18,0.874,13,1.15,0.8518,68,1.24,0.9185,10,1.165,0.8629,19,0
IWM190920P157,2019-09-13,2019-09-13 09:30:43,1.19,0.8814,118,1.16,0.8592,13,1.24,0.9185,10,1.175,0.8703,19,0
IWM190920P157,2019-09-13,2019-09-13 09:30:44,1.19,0.8814,13,1.16,0.8592,138,1.24,0.9185,10,1.175,0.8703,19,0
IWM190920P157,2019-09-13,2019-09-13 09:30:44,1.19,0.8814,24,1.16,0.8592,65,1.24,0.9185,10,1.175,0.8703,19,0
IWM190920P157,2019-09-13,2019-09-13 09:30:45,1.19,0.8814,28,1.16,0.8592,54,1.24,0.9185,10,1.175,0.8703,19,0
IWM190920P157,2019-09-13,2019-09-13 09:30:45,1.19,0.8814,59,1.16,0.8592,45,1.24,0.9185,10,1.175,0.8703,19,0
IWM190920P157,2019-09-13,2019-09-13 09:30:46,1.19,0.8814,38,1.16,0.8592,54,1.24,0.9185,10,1.175,0.8703,19,0
IWM190920P157,2019-09-13,2019-09-13 09:30:46,1.19,0.8814,70,1.16,0.8592,54,1.24,0.9185,10,1.175,0.8703,19,0
IWM190920P157,2019-09-13,2019-09-13 09:30:47,1.19,0.8814,70,1.16,0.8592,54,1.24,0.9185,10,1.175,0.8703,19,0
IWM190920P157,2019-09-13,2019-09-13 09:30:47,1.19,0.8814,60,1.16,0.8592,54,1.24,0.9185,10,1.175,0.8703,19,0
IWM190920P157,2019-09-13,2019-09-13 09:30:48,1.19,0.8814,60,1.16,0.8592,54,1.24,0.9185,10,1.175,0.8703,19,0
IWM190920P157,2019-09-13,2019-09-13 09:30:49,1.19,0.8814,20,1.16,0.8592,105,1.24,0.9185,10,1.175,0.8703,19,0
IWM190920P157,2019-09-13,2019-09-13 09:30:49,1.19,0.8814,39,1.16,0.8592,105,1.24,0.9185,10,1.175,0.8703,19,0
IWM190920P157,2019-09-13,2019-09-13 09:30:50,1.19,0.8814,13,1.17,0.8666,13,1.24,0.9185,10,1.18,0.874,19,0
IWM190920P157,2019-09-13,2019-09-13 09:30:50,1.19,0.8814,28,1.16,0.8592,106,1.24,0.9185,10,1.175,0.8703,19,0
IWM190920P157,2019-09-13,2019-09-13 09:30:51,1.19,0.8814,13,1.17,0.8666,13,1.24,0.9185,10,1.18,0.874,19,0
IWM190920P157,2019-09-13,2019-09-13 09:30:51,1.19,0.8814,11,1.17,0.8666,13,1.24,0.9185,10,1.18,0.874,19,0
IWM190920P157,2019-09-13,2019-09-13 09:30:52,1.19,0.8814,13,1.17,0.8666,13,1.24,0.9185,10,1.18,0.874,19,0
IWM190920P157,2019-09-13,2019-09-13 09:30:52,1.19,0.8814,18,1.17,0.8666,13,1.24,0.9185,10,1.18,0.874,19,0
IWM190920P157,2019-09-13,2019-09-13 09:30:53,1.19,0.8814,18,1.17,0.8666,58,1.24,0.9185,10,1.18,0.874,19,0
IWM190920P157,2019-09-13,2019-09-13 09:30:54,1.19,0.8814,13,1.17,0.8666,25,1.24,0.9185,10,1.18,0.874,19,0
IWM190920P157,2019-09-13,2019-09-13 09:30:54,1.2,0.8888,50,1.17,0.8666,58,1.24,0.9185,10,1.185,0.8777,19,0
IWM190920P157,2019-09-13,2019-09-13 09:30:55,1.19,0.8814,17,1.17,0.8666,72,1.24,0.9185,10,1.18,0.874,19,0
IWM190920P157,2019-09-13,2019-09-13 09:30:55,1.19,0.8814,17,1.17,0.8666,13,1.24,0.9185,10,1.18,0.874,19,0
IWM190920P157,2019-09-13,2019-09-13 09:30:56,1.19,0.8814,17,1.16,0.8592,332,1.24,0.9185,10,1.175,0.8703,19,0
IWM190920P157,2019-09-13,2019-09-13 09:30:56,1.19,0.8814,17,1.17,0.8666,58,1.24,0.9185,10,1.18,0.874,19,0
IWM190920P157,2019-09-13,2019-09-13 09:30:57,1.19,0.8814,36,1.16,0.8592,94,1.24,0.9185,10,1.175,0.8703,19,0
IWM190920P157,2019-09-13,2019-09-13 09:30:57,1.19,0.8814,17,1.16,0.8592,332,1.24,0.9185,10,1.175,0.8703,19,0
IWM190920P157,2019-09-13,2019-09-13 09:30:58,1.19,0.8814,22,1.16,0.8592,94,1.24,0.9185,10,1.175,0.8703,19,0
IWM190920P157,2019-09-13,2019-09-13 09:30:59,1.19,0.8814,13,1.17,0.8666,25,1.24,0.9185,10,1.18,0.874,19,0
IWM190920P157,2019-09-13,2019-09-13 09:30:59,1.19,0.8814,22,1.16,0.8592,94,1.24,0.9185,10,1.175,0.8703,19,0
IWM190920P157,2019-09-13,2019-09-13 09:31:00,1.19,0.8814,13,1.16,0.8592,250,1.24,0.9185,10,1.175,0.8703,19,0
IWM190920P157,2019-09-13,2019-09-13 09:31:00,1.19,0.8814,30,1.16,0.8592,105,1.24,0.9185,10,1.175,0.8703,19,0
IWM190920P157,2019-09-13,2019-09-13 09:31:01,1.19,0.8814,30,1.16,0.8592,94,1.24,0.9185,10,1.175,0.8703,19,0
IWM190920P157,2019-09-13,2019-09-13 09:31:02,1.18,0.874,33,1.15,0.8518,59,1.24,0.9185,10,1.165,0.8629,19,0
IWM190920P157,2019-09-13,2019-09-13 09:31:02,1.18,0.874,31,1.15,0.8518,149,1.24,0.9185,10,1.165,0.8629,19,0
IWM190920P157,2019-09-13,2019-09-13 09:31:03,1.18,0.874,31,1.15,0.8518,224,1.24,0.9185,10,1.165,0.8629,19,0
IWM190920P157,2019-09-13,2019-09-13 09:31:04,1.17,0.8666,13,1.15,0.8518,34,1.24,0.9185,10,1.16,0.8592,19,0
IWM190920P157,2019-09-13,2019-09-13 09:31:05,1.16,0.8592,20,1.14,0.8444,26,1.24,0.9185,10,1.15,0.8518,19,0
IWM190920P157,2019-09-13,2019-09-13 09:31:05,1.16,0.8592,13,1.14,0.8444,100,1.24,0.9185,10,1.15,0.8518,19,0
IWM190920P157,2019-09-13,2019-09-13 09:31:06,1.16,0.8592,20,1.14,0.8444,26,1.24,0.9185,10,1.15,0.8518,19,0
IWM190920P157,2019-09-13,2019-09-13 09:31:06,1.17,0.8666,15,1.14,0.8444,58,1.24,0.9185,10,1.155,0.8555,19,0
IWM190920P157,2019-09-13,2019-09-13 09:31:07,1.17,0.8666,37,1.14,0.8444,125,1.24,0.9185,10,1.155,0.8555,19,0
IWM190920P157,2019-09-13,2019-09-13 09:31:07,1.17,0.8666,16,1.14,0.8444,100,1.24,0.9185,10,1.155,0.8555,19,0
IWM190920P157,2019-09-13,2019-09-13 09:31:08,1.18,0.874,25,1.15,0.8518,23,1.24,0.9185,10,1.165,0.8629,19,0
IWM190920P157,2019-09-13,2019-09-13 09:31:08,1.17,0.8666,13,1.15,0.8518,13,1.24,0.9185,10,1.16,0.8592,19,0
IWM190920P157,2019-09-13,2019-09-13 09:31:09,1.18,0.874,14,1.16,0.8592,13,1.24,0.9185,10,1.17,0.8666,19,0
IWM190920P157,2019-09-13,2019-09-13 09:31:09,1.18,0.874,25,1.15,0.8518,83,1.24,0.9185,10,1.165,0.8629,19,0
IWM190920P157,2019-09-13,2019-09-13 09:31:10,1.18,0.874,16,1.15,0.8518,149,1.24,0.9185,10,1.165,0.8629,19,0
IWM190920P157,2019-09-13,2019-09-13 09:31:10,1.18,0.874,16,1.16,0.8592,50,1.24,0.9185,10,1.17,0.8666,19,0
IWM190920P157,2019-09-13,2019-09-13 09:31:11,1.18,0.874,27,1.15,0.8518,149,1.24,0.9185,10,1.165,0.8629,19,0
IWM190920P157,2019-09-13,2019-09-13 09:31:11,1.17,0.8666,13,1.15,0.8518,149,1.24,0.9185,10,1.16,0.8592,19,0
IWM190920P157,2019-09-13,2019-09-13 09:31:12,1.18,0.874,17,1.15,0.8518,149,1.24,0.9185,10,1.165,0.8629,19,0
IWM190920P157,2019-09-13,2019-09-13 09:31:13,1.18,0.874,36,1.15,0.8518,36,1.24,0.9185,10,1.165,0.8629,19,0
IWM190920P157,2019-09-13,2019-09-13 09:31:13,1.18,0.874,16,1.16,0.8592,13,1.24,0.9185,10,1.17,0.8666,19,0
IWM190920P157,2019-09-13,2019-09-13 09:31:14,1.18,0.874,16,1.16,0.8592,44,1.24,0.9185,10,1.17,0.8666,19,0
IWM190920P157,2019-09-13,2019-09-13 09:31:14,1.18,0.874,16,1.15,0.8518,108,1.24,0.9185,10,1.165,0.8629,19,0
IWM190920P157,2019-09-13,2019-09-13 09:31:15,1.18,0.874,16,1.15,0.8518,140,1.24,0.9185,10,1.165,0.8629,19,0
IWM190920P157,2019-09-13,2019-09-13 09:31:15,1.18,0.874,30,1.15,0.8518,94,1.24,0.9185,10,1.165,0.8629,19,0
IWM190920P157,2019-09-13,2019-09-13 09:31:16,1.18,0.874,30,1.15,0.8518,94,1.24,0.9185,10,1.165,0.8629,19,0
IWM190920P157,2019-09-13,2019-09-13 09:31:16,1.18,0.874,55,1.15,0.8518,94,1.24,0.9185,10,1.165,0.8629,19,0
IWM190920P157,2019-09-13,2019-09-13 09:31:17,1.18,0.874,18,1.16,0.8592,25,1.24,0.9185,10,1.17,0.8666,19,0
IWM190920P157,2019-09-13,2019-09-13 09:31:17,1.18,0.874,33,1.15,0.8518,136,1.24,0.9185,10,1.165,0.8629,19,0
IWM190920P157,2019-09-13,2019-09-13 09:31:18,1.19,0.8814,64,1.16,0.8592,14,1.24,0.9185,10,1.175,0.8703,19,0
IWM190920P157,2019-09-13,2019-09-13 09:31:18,1.18,0.874,16,1.16,0.8592,13,1.24,0.9185,10,1.17,0.8666,19,0
IWM190920P157,2019-09-13,2019-09-13 09:31:19,1.19,0.8814,29,1.16,0.8592,89,1.24,0.9185,10,1.175,0.8703,19,0
IWM190920P157,2019-09-13,2019-09-13 09:31:19,1.19,0.8814,32,1.16,0.8592,89,1.24,0.9185,10,1.175,0.8703,19,0
IWM190920P157,2019-09-13,2019-09-13 09:31:20,1.19,0.8814,32,1.16,0.8592,78,1.24,0.9185,10,1.175,0.8703,19,0
IWM190920P157,2019-09-13,2019-09-13 09:31:20,1.19,0.8814,32,1.16,0.8592,95,1.24,0.9185,10,1.175,0.8703,19,0
IWM190920P157,2019-09-13,2019-09-13 09:31:21,1.19,0.8814,32,1.16,0.8592,78,1.24,0.9185,10,1.175,0.8703,19,0
IWM190920P157,2019-09-13,2019-09-13 09:31:21,1.18,0.874,13,1.16,0.8592,44,1.24,0.9185,10,1.17,0.8666,19,0
IWM190920P157,2019-09-13,2019-09-13 09:31:22,1.18,0.874,13,1.16,0.8592,18,1.24,0.9185,10,1.17,0.8666,19,0
IWM190920P157,2019-09-13,2019-09-13 09:31:22,1.18,0.874,13,1.16,0.8592,59,1.24,0.9185,10,1.17,0.8666,19,0
IWM190920P157,2019-09-13,2019-09-13 09:31:23,1.19,0.8814,18,1.16,0.8592,78,1.24,0.9185,10,1.175,0.8703,19,0
IWM190920P157,2019-09-13,2019-09-13 09:31:23,1.19,0.8814,18,1.16,0.8592,98,1.24,0.9185,10,1.175,0.8703,19,0
IWM190920P157,2019-09-13,2019-09-13 09:31:24,1.19,0.8814,18,1.16,0.8592,78,1.24,0.9185,10,1.175,0.8703,19,0
IWM190920P157,2019-09-13,2019-09-13 09:31:24,1.19,0.8814,30,1.16,0.8592,78,1.24,0.9185,10,1.175,0.8703,19,0
IWM190920P157,2019-09-13,2019-09-13 09:31:25,1.18,0.874,13,1.16,0.8592,78,1.24,0.9185,10,1.17,0.8666,19,0
IWM190920P157,2019-09-13,2019-09-13 09:31:26,1.18,0.874,13,1.16,0.8592,124,1.24,0.9185,10,1.17,0.8666,19,0
IWM190920P157,2019-09-13,2019-09-13 09:31:26,1.19,0.8814,18,1.16,0.8592,88,1.24,0.9185,10,1.175,0.8703,19,0
IWM190920P157,2019-09-13,2019-09-13 09:31:27,1.18,0.874,14,1.16,0.8592,94,1.24,0.9185,10,1.17,0.8666,19,0
IWM190920P157,2019-09-13,2019-09-13 09:31:27,1.18,0.874,13,1.16,0.8592,28,1.24,0.9185,10,1.17,0.8666,19,0
IWM190920P157,2019-09-13,2019-09-13 09:31:28,1.18,0.874,14,1.16,0.8592,34,1.24,0.9185,10,1.17,0.8666,19,0
IWM190920P157,2019-09-13,2019-09-13 09:31:28,1.18,0.874,13,1.16,0.8592,34,1.24,0.9185,10,1.17,0.8666,19,0
IWM190920P157,2019-09-13,2019-09-13 09:31:29,1.18,0.874,13,1.16,0.8592,183,1.24,0.9185,10,1.17,0.8666,19,0
IWM190920P157,2019-09-13,2019-09-13 09:31:29,1.19,0.8814,14,1.16,0.8592,94,1.24,0.9185,10,1.175,0.8703,19,0
IWM190920P157,2019-09-13,2019-09-13 09:31:30,1.18,0.874,13,1.16,0.8592,141,1.24,0.9185,10,1.17,0.8666,19,0
IWM190920P157,2019-09-13,2019-09-13 09:31:30,1.18,0.874,13,1.16,0.8592,60,1.24,0.9185,10,1.17,0.8666,19,0
IWM190920P157,2019-09-13,2019-09-13 09:31:31,1.18,0.874,13,1.16,0.8592,60,1.24,0.9185,10,1.17,0.8666,19,0
IWM190920P157,2019-09-13,2019-09-13 09:31:31,1.18,0.874,13,1.16,0.8592,121,1.24,0.9185,10,1.17,0.8666,19,0
IWM190920P157,2019-09-13,2019-09-13 09:31:32,1.18,0.874,14,1.16,0.8592,203,1.24,0.9185,10,1.17,0.8666,19,0
IWM190920P157,2019-09-13,2019-09-13 09:31:33,1.18,0.874,13,1.16,0.8592,180,1.24,0.9185,10,1.17,0.8666,19,0
IWM190920P157,2019-09-13,2019-09-13 09:31:33,1.18,0.874,14,1.16,0.8592,203,1.24,0.9185,10,1.17,0.8666,19,0
IWM190920P157,2019-09-13,2019-09-13 09:31:34,1.18,0.874,13,1.16,0.8592,180,1.24,0.9185,10,1.17,0.8666,19,0
IWM190920P157,2019-09-13,2019-09-13 09:31:34,1.18,0.874,14,1.16,0.8592,180,1.24,0.9185,10,1.17,0.8666,19,0
IWM190920P157,2019-09-13,2019-09-13 09:31:35,1.18,0.874,14,1.15,0.8518,221,1.24,0.9185,10,1.165,0.8629,19,0
IWM190920P157,2019-09-13,2019-09-13 09:31:35,1.18,0.874,14,1.16,0.8592,160,1.24,0.9185,10,1.17,0.8666,19,0
IWM190920P157,2019-09-13,2019-09-13 09:31:36,1.18,0.874,14,1.16,0.8592,105,1.24,0.9185,10,1.17,0.8666,19,0
IWM190920P157,2019-09-13,2019-09-13 09:31:36,1.18,0.874,13,1.16,0.8592,105,1.24,0.9185,10,1.17,0.8666,19,0
IWM190920P157,2019-09-13,2019-09-13 09:31:37,1.18,0.874,13,1.16,0.8592,260,1.24,0.9185,10,1.17,0.8666,19,0
IWM190920P157,2019-09-13,2019-09-13 09:31:37,1.18,0.874,13,1.16,0.8592,173,1.24,0.9185,10,1.17,0.8666,19,0
IWM190920P157,2019-09-13,2019-09-13 09:31:38,1.18,0.874,14,1.16,0.8592,105,1.24,0.9185,10,1.17,0.8666,19,0
IWM190920P157,2019-09-13,2019-09-13 09:31:38,1.18,0.874,13,1.16,0.8592,203,1.24,0.9185,10,1.17,0.8666,19,0
IWM190920P157,2019-09-13,2019-09-13 09:31:39,1.18,0.874,14,1.16,0.8592,105,1.24,0.9185,10,1.17,0.8666,19,0
IWM190920P157,2019-09-13,2019-09-13 09:31:39,1.18,0.874,13,1.15,0.8518,160,1.24,0.9185,10,1.165,0.8629,19,0
IWM190920P157,2019-09-13,2019-09-13 09:31:40,1.18,0.874,14,1.15,0.8518,199,1.24,0.9185,10,1.165,0.8629,19,0
IWM190920P157,2019-09-13,2019-09-13 09:31:40,1.18,0.874,13,1.16,0.8592,94,1.24,0.9185,10,1.17,0.8666,19,0
IWM190920P157,2019-09-13,2019-09-13 09:31:41,1.18,0.874,13,1.16,0.8592,195,1.24,0.9185,10,1.17,0.8666,19,0
IWM190920P157,2019-09-13,2019-09-13 09:31:41,1.18,0.874,13,1.16,0.8592,211,1.24,0.9185,10,1.17,0.8666,19,0
IWM190920P157,2019-09-13,2019-09-13 09:31:42,1.18,0.874,13,1.16,0.8592,120,1.24,0.9185,10,1.17,0.8666,19,0
IWM190920P157,2019-09-13,2019-09-13 09:31:43,1.18,0.874,14,1.16,0.8592,60,1.24,0.9185,10,1.17,0.8666,19,0
IWM190920P157,2019-09-13,2019-09-13 09:31:43,1.17,0.8666,13,1.15,0.8518,193,1.24,0.9185,10,1.16,0.8592,19,0
IWM190920P157,2019-09-13,2019-09-13 09:31:44,1.17,0.8666,14,1.15,0.8518,57,1.24,0.9185,10,1.16,0.8592,19,0
IWM190920P157,2019-09-13,2019-09-13 09:31:44,1.17,0.8666,13,1.15,0.8518,171,1.24,0.9185,10,1.16,0.8592,19,0
IWM190920P157,2019-09-13,2019-09-13 09:31:45,1.17,0.8666,14,1.15,0.8518,179,1.24,0.9185,10,1.16,0.8592,19,0
IWM190920P157,2019-09-13,2019-09-13 09:31:45,1.17,0.8666,14,1.15,0.8518,193,1.24,0.9185,10,1.16,0.8592,19,0
IWM190920P157,2019-09-13,2019-09-13 09:31:46,1.17,0.8666,14,1.15,0.8518,323,1.24,0.9185,10,1.16,0.8592,19,0
IWM190920P157,2019-09-13,2019-09-13 09:31:46,1.17,0.8666,14,1.16,0.8592,1,1.24,0.9185,10,1.165,0.8629,19,0
IWM190920P157,2019-09-13,2019-09-13 09:31:47,1.17,0.8666,13,1.14,0.8444,94,1.24,0.9185,10,1.155,0.8555,19,0
IWM190920P157,2019-09-13,2019-09-13 09:31:47,1.16,0.8592,13,1.14,0.8444,94,1.24,0.9185,10,1.15,0.8518,19,0
IWM190920P157,2019-09-13,2019-09-13 09:31:48,1.15,0.8518,13,1.14,0.8444,10,1.24,0.9185,10,1.145,0.8481,19,0
IWM190920P157,2019-09-13,2019-09-13 09:31:48,1.16,0.8592,15,1.14,0.8444,94,1.24,0.9185,10,1.15,0.8518,19,0
IWM190920P157,2019-09-13,2019-09-13 09:31:49,1.16,0.8592,14,1.13,0.837,203,1.24,0.9185,10,1.145,0.8481,19,0
IWM190920P157,2019-09-13,2019-09-13 09:31:49,1.16,0.8592,14,1.14,0.8444,34,1.24,0.9185,10,1.15,0.8518,19,0
IWM190920P157,2019-09-13,2019-09-13 09:31:50,1.16,0.8592,20,1.13,0.837,207,1.24,0.9185,10,1.145,0.8481,19,0
IWM190920P157,2019-09-13,2019-09-13 09:31:50,1.16,0.8592,32,1.13,0.837,207,1.24,0.9185,10,1.145,0.8481,19,0
IWM190920P157,2019-09-13,2019-09-13 09:31:51,1.17,0.8666,13,1.15,0.8518,172,1.24,0.9185,10,1.16,0.8592,19,0
IWM190920P157,2019-09-13,2019-09-13 09:31:51,1.16,0.8592,13,1.14,0.8444,103,1.24,0.9185,10,1.15,0.8518,19,0
IWM190920P157,2019-09-13,2019-09-13 09:31:52,1.17,0.8666,14,1.15,0.8518,94,1.24,0.9185,10,1.16,0.8592,19,0
IWM190920P157,2019-09-13,2019-09-13 09:31:53,1.17,0.8666,25,1.15,0.8518,32,1.24,0.9185,10,1.16,0.8592,19,0
IWM190920P157,2019-09-13,2019-09-13 09:31:53,1.17,0.8666,23,1.15,0.8518,94,1.24,0.9185,10,1.16,0.8592,19,0
IWM190920P157,2019-09-13,2019-09-13 09:31:54,1.17,0.8666,13,1.15,0.8518,186,1.24,0.9185,10,1.16,0.8592,19,0
IWM190920P157,2019-09-13,2019-09-13 09:31:54,1.18,0.874,34,1.15,0.8518,149,1.24,0.9185,10,1.165,0.8629,19,0
IWM190920P157,2019-09-13,2019-09-13 09:31:55,1.16,0.8592,13,1.14,0.8444,176,1.24,0.9185,10,1.15,0.8518,19,0
IWM190920P157,2019-09-13,2019-09-13 09:31:55,1.16,0.8592,13,1.14,0.8444,100,1.24,0.9185,10,1.15,0.8518,19,0
IWM190920P157,2019-09-13,2019-09-13 09:31:56,1.16,0.8592,13,1.14,0.8444,274,1.24,0.9185,10,1.15,0.8518,19,0
IWM190920P157,2019-09-13,2019-09-13 09:31:56,1.17,0.8666,26,1.14,0.8444,274,1.24,0.9185,10,1.155,0.8555,19,0
IWM190920P157,2019-09-13,2019-09-13 09:31:57,1.17,0.8666,26,1.14,0.8444,274,1.24,0.9185,10,1.155,0.8555,19,0
IWM190920P157,2019-09-13,2019-09-13 09:31:57,1.17,0.8666,26,1.14,0.8444,314,1.24,0.9185,10,1.155,0.8555,19,0
IWM190920P157,2019-09-13,2019-09-13 09:31:58,1.17,0.8666,17,1.14,0.8444,274,1.24,0.9185,10,1.155,0.8555,19,0
IWM190920P157,2019-09-13,2019-09-13 09:31:58,1.16,0.8592,13,1.14,0.8444,274,1.24,0.9185,10,1.15,0.8518,19,0
IWM190920P157,2019-09-13,2019-09-13 09:31:59,1.17,0.8666,13,1.14,0.8444,271,1.24,0.9185,10,1.155,0.8555,19,0
IWM190920P157,2019-09-13,2019-09-13 09:31:59,1.17,0.8666,28,1.14,0.8444,344,1.24,0.9185,10,1.155,0.8555,19,0
IWM190920P157,2019-09-13,2019-09-13 09:32:00,1.15,0.8518,13,1.13,0.837,60,1.24,0.9185,10,1.14,0.8444,19,0
IWM190920P157,2019-09-13,2019-09-13 09:32:00,1.16,0.8592,13,1.14,0.8444,304,1.24,0.9185,10,1.15,0.8518,19,0
IWM190920P157,2019-09-13,2019-09-13 09:32:01,1.14,0.8444,13,1.13,0.837,80,1.24,0.9185,10,1.135,0.8407,19,0
IWM190920P157,2019-09-13,2019-09-13 09:32:01,1.15,0.8518,13,1.13,0.837,61,1.24,0.9185,10,1.14,0.8444,19,0
IWM190920P157,2019-09-13,2019-09-13 09:32:02,1.14,0.8444,13,1.12,0.8296,122,1.24,0.9185,10,1.13,0.837,19,0
IWM190920P157,2019-09-13,2019-09-13 09:32:02,1.14,0.8444,13,1.13,0.837,80,1.24,0.9185,10,1.135,0.8407,19,0
IWM190920P157,2019-09-13,2019-09-13 09:32:03,1.14,0.8444,13,1.12,0.8296,147,1.24,0.9185,10,1.13,0.837,19,0
IWM190920P157,2019-09-13,2019-09-13 09:32:03,1.14,0.8444,13,1.12,0.8296,348,1.24,0.9185,10,1.13,0.837,19,0
IWM190920P157,2019-09-13,2019-09-13 09:32:04,1.13,0.837,13,1.12,0.8296,50,1.24,0.9185,10,1.125,0.8333,19,0
IWM190920P157,2019-09-13,2019-09-13 09:32:04,1.13,0.837,23,1.11,0.8222,301,1.24,0.9185,10,1.12,0.8296,19,0
IWM190920P157,2019-09-13,2019-09-13 09:32:05,1.13,0.837,13,1.11,0.8222,284,1.24,0.9185,10,1.12,0.8296,19,0
IWM190920P157,2019-09-13,2019-09-13 09:32:05,1.13,0.837,28,1.11,0.8222,154,1.24,0.9185,10,1.12,0.8296,19,0
IWM190920P157,2019-09-13,2019-09-13 09:32:06,1.13,0.837,13,1.11,0.8222,222,1.24,0.9185,10,1.12,0.8296,19,0
IWM190920P157,2019-09-13,2019-09-13 09:32:06,1.14,0.8444,149,1.11,0.8222,351,1.24,0.9185,10,1.125,0.8333,19,0
IWM190920P157,2019-09-13,2019-09-13 09:32:07,1.13,0.837,13,1.11,0.8222,427,1.24,0.9185,10,1.12,0.8296,19,0
IWM190920P157,2019-09-13,2019-09-13 09:32:07,1.13,0.837,67,1.11,0.8222,277,1.24,0.9185,10,1.12,0.8296,19,0
IWM190920P157,2019-09-13,2019-09-13 09:32:08,1.13,0.837,25,1.11,0.8222,297,1.24,0.9185,10,1.12,0.8296,19,0
IWM190920P157,2019-09-13,2019-09-13 09:32:08,1.14,0.8444,110,1.11,0.8222,216,1.24,0.9185,10,1.125,0.8333,19,0
IWM190920P157,2019-09-13,2019-09-13 09:32:09,1.14,0.8444,97,1.11,0.8222,311,1.24,0.9185,10,1.125,0.8333,19,0
IWM190920P157,2019-09-13,2019-09-13 09:32:09,1.14,0.8444,92,1.11,0.8222,247,1.24,0.9185,10,1.125,0.8333,19,0
IWM190920P157,2019-09-13,2019-09-13 09:32:10,1.14,0.8444,192,1.11,0.8222,238,1.24,0.9185,10,1.125,0.8333,19,0
IWM190920P157,2019-09-13,2019-09-13 09:32:10,1.14,0.8444,103,1.12,0.8296,49,1.24,0.9185,10,1.13,0.837,19,0
IWM190920P157,2019-09-13,2019-09-13 09:32:11,1.14,0.8444,103,1.12,0.8296,49,1.24,0.9185,10,1.13,0.837,19,0
IWM190920P157,2019-09-13,2019-09-13 09:32:12,1.14,0.8444,113,1.12,0.8296,55,1.24,0.9185,10,1.13,0.837,19,0
IWM190920P157,2019-09-13,2019-09-13 09:32:13,1.14,0.8444,59,1.12,0.8296,55,1.24,0.9185,10,1.13,0.837,19,0
IWM190920P157,2019-09-13,2019-09-13 09:32:13,1.13,0.837,13,1.11,0.8222,65,1.24,0.9185,10,1.12,0.8296,19,0
IWM190920P157,2019-09-13,2019-09-13 09:32:14,1.13,0.837,110,1.11,0.8222,86,1.24,0.9185,10,1.12,0.8296,19,0
IWM190920P157,2019-09-13,2019-09-13 09:32:14,1.13,0.837,121,1.11,0.8222,86,1.24,0.9185,10,1.12,0.8296,19,0
IWM190920P157,2019-09-13,2019-09-13 09:32:15,1.14,0.8444,20,1.11,0.8222,119,1.24,0.9185,10,1.125,0.8333,19,0
IWM190920P157,2019-09-13,2019-09-13 09:32:15,1.14,0.8444,79,1.11,0.8222,119,1.24,0.9185,10,1.125,0.8333,19,0
IWM190920P157,2019-09-13,2019-09-13 09:32:16,1.13,0.837,13,1.1,0.8148,71,1.24,0.9185,10,1.115,0.8259,19,0
IWM190920P157,2019-09-13,2019-09-13 09:32:16,1.14,0.8444,29,1.12,0.8296,49,1.24,0.9185,10,1.13,0.837,19,0
IWM190920P157,2019-09-13,2019-09-13 09:32:17,1.13,0.837,43,1.1,0.8148,188,1.24,0.9185,10,1.115,0.8259,19,0
IWM190920P157,2019-09-13,2019-09-13 09:32:18,1.13,0.837,37,1.1,0.8148,188,1.24,0.9185,10,1.115,0.8259,19,0
IWM190920P157,2019-09-13,2019-09-13 09:32:18,1.13,0.837,48,1.1,0.8148,261,1.24,0.9185,10,1.115,0.8259,19,0
IWM190920P157,2019-09-13,2019-09-13 09:32:19,1.13,0.837,44,1.11,0.8222,51,1.24,0.9185,10,1.12,0.8296,19,0
IWM190920P157,2019-09-13,2019-09-13 09:32:19,1.13,0.837,66,1.1,0.8148,261,1.24,0.9185,10,1.115,0.8259,19,0
IWM190920P157,2019-09-13,2019-09-13 09:32:20,1.13,0.837,76,1.1,0.8148,100,1.24,0.9185,10,1.115,0.8259,19,0
IWM190920P157,2019-09-13,2019-09-13 09:32:20,1.13,0.837,178,1.1,0.8148,229,1.24,0.9185,10,1.115,0.8259,19,0
IWM190920P157,2019-09-13,2019-09-13 09:32:21,1.13,0.837,136,1.1,0.8148,337,1.24,0.9185,10,1.115,0.8259,19,0
IWM190920P157,2019-09-13,2019-09-13 09:32:21,1.13,0.837,143,1.1,0.8148,395,1.24,0.9185,10,1.115,0.8259,19,0
IWM190920P157,2019-09-13,2019-09-13 09:32:22,1.13,0.837,106,1.1,0.8148,337,1.24,0.9185,10,1.115,0.8259,19,0
IWM190920P157,2019-09-13,2019-09-13 09:32:22,1.13,0.837,69,1.1,0.8148,354,1.24,0.9185,10,1.115,0.8259,19,0
IWM190920P157,2019-09-13,2019-09-13 09:32:23,1.13,0.837,70,1.11,0.8222,128,1.24,0.9185,10,1.12,0.8296,19,0
IWM190920P157,2019-09-13,2019-09-13 09:32:23,1.13,0.837,61,1.11,0.8222,109,1.24,0.9185,10,1.12,0.8296,19,0
IWM190920P157,2019-09-13,2019-09-13 09:32:24,1.12,0.8296,25,1.1,0.8148,245,1.24,0.9185,10,1.11,0.8222,19,0
IWM190920P157,2019-09-13,2019-09-13 09:32:24,1.13,0.837,180,1.1,0.8148,179,1.24,0.9185,10,1.115,0.8259,19,0
IWM190920P157,2019-09-13,2019-09-13 09:32:25,1.12,0.8296,4,1.11,0.8222,34,1.12,0.8296,4,1.115,0.8259,23,4
IWM190920P157,2019-09-13,2019-09-13 09:32:25,1.12,0.8296,4,1.1,0.8148,246,1.12,0.8296,4,1.11,0.8222,23,0
IWM190920P157,2019-09-13,2019-09-13 09:32:26,1.13,0.837,253,1.1,0.8148,340,1.12,0.8296,4,1.115,0.8259,23,0
IWM190920P157,2019-09-13,2019-09-13 09:32:26,1.13,0.837,253,1.1,0.8148,387,1.12,0.8296,4,1.115,0.8259,23,0
IWM190920P157,2019-09-13,2019-09-13 09:32:27,1.13,0.837,270,1.11,0.8222,60,1.12,0.8296,4,1.12,0.8296,23,0
IWM190920P157,2019-09-13,2019-09-13 09:32:27,1.13,0.837,76,1.11,0.8222,82,1.12,0.8296,4,1.12,0.8296,23,0
IWM190920P157,2019-09-13,2019-09-13 09:32:28,1.13,0.837,277,1.1,0.8148,298,1.12,0.8296,4,1.115,0.8259,23,0
IWM190920P157,2019-09-13,2019-09-13 09:32:28,1.13,0.837,174,1.1,0.8148,268,1.12,0.8296,4,1.115,0.8259,23,0
IWM190920P157,2019-09-13,2019-09-13 09:32:29,1.13,0.837,174,1.1,0.8148,63,1.12,0.8296,4,1.115,0.8259,23,0
IWM190920P157,2019-09-13,2019-09-13 09:32:29,1.11,0.8222,45,1.09,0.8074,158,1.12,0.8296,4,1.1,0.8148,23,0
IWM190920P157,2019-09-13,2019-09-13 09:32:30,1.11,0.8222,160,1.08,0.8,284,1.12,0.8296,4,1.095,0.8111,23,0
IWM190920P157,2019-09-13,2019-09-13 09:32:30,1.11,0.8222,89,1.09,0.8074,158,1.12,0.8296,4,1.1,0.8148,23,0
IWM190920P157,2019-09-13,2019-09-13 09:32:31,1.1,0.8148,23,1.08,0.8,382,1.12,0.8296,4,1.09,0.8074,23,0
IWM190920P157,2019-09-13,2019-09-13 09:32:32,1.09,0.8074,13,1.08,0.8,60,1.12,0.8296,4,1.085,0.8037,23,0
IWM190920P157,2019-09-13,2019-09-13 09:32:32,1.1,0.8148,37,1.08,0.8,104,1.12,0.8296,4,1.09,0.8074,23,0
IWM190920P157,2019-09-13,2019-09-13 09:32:33,1.09,0.8074,13,1.07,0.7925,321,1.12,0.8296,4,1.08,0.8,23,0
IWM190920P157,2019-09-13,2019-09-13 09:32:33,1.09,0.8074,16,1.07,0.7925,413,1.12,0.8296,4,1.08,0.8,23,0
IWM190920P157,2019-09-13,2019-09-13 09:32:34,1.09,0.8074,14,1.07,0.7925,428,1.12,0.8296,4,1.08,0.8,23,0
IWM190920P157,2019-09-13,2019-09-13 09:32:34,1.1,0.8148,109,1.07,0.7925,488,1.12,0.8296,4,1.085,0.8037,23,0
IWM190920P157,2019-09-13,2019-09-13 09:32:35,1.1,0.8148,45,1.08,0.8,224,1.12,0.8296,4,1.09,0.8074,23,0
IWM190920P157,2019-09-13,2019-09-13 09:32:35,1.1,0.8148,119,1.07,0.7925,380,1.12,0.8296,4,1.085,0.8037,23,0
IWM190920P157,2019-09-13,2019-09-13 09:32:36,1.1,0.8148,190,1.08,0.8,332,1.12,0.8296,4,1.09,0.8074,23,0
IWM190920P157,2019-09-13,2019-09-13 09:32:37,1.11,0.8222,284,1.08,0.8,475,1.12,0.8296,4,1.095,0.8111,23,0
IWM190920P157,2019-09-13,2019-09-13 09:32:37,1.11,0.8222,292,1.08,0.8,358,1.12,0.8296,4,1.095,0.8111,23,0
IWM190920P157,2019-09-13,2019-09-13 09:32:38,1.1,0.8148,13,1.08,0.8,358,1.12,0.8296,4,1.09,0.8074,23,0
IWM190920P157,2019-09-13,2019-09-13 09:32:38,1.1,0.8148,71,1.08,0.8,348,1.12,0.8296,4,1.09,0.8074,23,0
IWM190920P157,2019-09-13,2019-09-13 09:32:39,1.1,0.8148,192,1.08,0.8,83,1.12,0.8296,4,1.09,0.8074,23,0
IWM190920P157,2019-09-13,2019-09-13 09:32:39,1.1,0.8148,201,1.08,0.8,247,1.12,0.8296,4,1.09,0.8074,23,0
IWM190920P157,2019-09-13,2019-09-13 09:32:40,1.12,0.8296,49,1.1,0.8148,55,1.12,0.8296,4,1.11,0.8222,23,0
IWM190920P157,2019-09-13,2019-09-13 09:32:40,1.11,0.8222,195,1.08,0.8,312,1.12,0.8296,4,1.095,0.8111,23,0
IWM190920P157,2019-09-13,2019-09-13 09:32:41,1.12,0.8296,107,1.1,0.8148,44,1.12,0.8296,4,1.11,0.8222,23,0
IWM190920P157,2019-09-13,2019-09-13 09:32:41,1.12,0.8296,107,1.1,0.8148,120,1.12,0.8296,4,1.11,0.8222,23,0
IWM190920P157,2019-09-13,2019-09-13 09:32:42,1.12,0.8296,163,1.1,0.8148,209,1.12,0.8296,4,1.11,0.8222,23,0
IWM190920P157,2019-09-13,2019-09-13 09:32:42,1.12,0.8296,185,1.1,0.8148,209,1.12,0.8296,4,1.11,0.8222,23,0
IWM190920P157,2019-09-13,2019-09-13 09:32:43,1.13,0.837,121,1.1,0.8148,307,1.12,0.8296,4,1.115,0.8259,23,0
IWM190920P157,2019-09-13,2019-09-13 09:32:43,1.13,0.837,197,1.11,0.8222,81,1.12,0.8296,4,1.12,0.8296,23,0
IWM190920P157,2019-09-13,2019-09-13 09:32:44,1.13,0.837,54,1.11,0.8222,221,1.12,0.8296,4,1.12,0.8296,23,0
IWM190920P157,2019-09-13,2019-09-13 09:32:44,1.13,0.837,13,1.12,0.8296,83,1.12,0.8296,4,1.125,0.8333,23,0
IWM190920P157,2019-09-13,2019-09-13 09:32:45,1.14,0.8444,68,1.12,0.8296,60,1.12,0.8296,4,1.13,0.837,23,0
IWM190920P157,2019-09-13,2019-09-13 09:32:45,1.13,0.837,13,1.11,0.8222,329,1.12,0.8296,4,1.12,0.8296,23,0
IWM190920P157,2019-09-13,2019-09-13 09:32:46,1.14,0.8444,197,1.12,0.8296,67,1.12,0.8296,4,1.13,0.837,23,0
IWM190920P157,2019-09-13,2019-09-13 09:32:46,1.14,0.8444,180,1.12,0.8296,152,1.12,0.8296,4,1.13,0.837,23,0
IWM190920P157,2019-09-13,2019-09-13 09:32:47,1.14,0.8444,159,1.12,0.8296,96,1.12,0.8296,4,1.13,0.837,23,0
IWM190920P157,2019-09-13,2019-09-13 09:32:47,1.14,0.8444,147,1.12,0.8296,85,1.12,0.8296,4,1.13,0.837,23,0
IWM190920P157,2019-09-13,2019-09-13 09:32:48,1.14,0.8444,183,1.11,0.8222,351,1.12,0.8296,4,1.125,0.8333,23,0
IWM190920P157,2019-09-13,2019-09-13 09:32:48,1.13,0.837,14,1.11,0.8222,254,1.12,0.8296,4,1.12,0.8296,23,0
IWM190920P157,2019-09-13,2019-09-13 09:32:49,1.13,0.837,189,1.11,0.8222,85,1.12,0.8296,4,1.12,0.8296,23,0
IWM190920P157,2019-09-13,2019-09-13 09:32:50,1.12,0.8296,95,1.1,0.8148,251,1.12,0.8296,4,1.11,0.8222,23,0
IWM190920P157,2019-09-13,2019-09-13 09:32:50,1.12,0.8296,14,1.1,0.8148,267,1.12,0.8296,4,1.11,0.8222,23,0
IWM190920P157,2019-09-13,2019-09-13 09:32:51,1.12,0.8296,95,1.1,0.8148,284,1.12,0.8296,4,1.11,0.8222,23,0
IWM190920P157,2019-09-13,2019-09-13 09:32:52,1.12,0.8296,95,1.1,0.8148,274,1.12,0.8296,4,1.11,0.8222,23,0
IWM190920P157,2019-09-13,2019-09-13 09:32:52,1.12,0.8296,74,1.1,0.8148,282,1.12,0.8296,4,1.11,0.8222,23,0
IWM190920P157,2019-09-13,2019-09-13 09:32:53,1.12,0.8296,54,1.1,0.8148,287,1.12,0.8296,4,1.11,0.8222,23,0
IWM190920P157,2019-09-13,2019-09-13 09:32:53,1.12,0.8296,79,1.1,0.8148,99,1.12,0.8296,4,1.11,0.8222,23,0
IWM190920P157,2019-09-13,2019-09-13 09:32:54,1.12,0.8296,64,1.1,0.8148,68,1.12,0.8296,4,1.11,0.8222,23,0
IWM190920P157,2019-09-13,2019-09-13 09:32:54,1.12,0.8296,144,1.1,0.8148,194,1.12,0.8296,4,1.11,0.8222,23,0
IWM190920P157,2019-09-13,2019-09-13 09:32:55,1.12,0.8296,72,1.1,0.8148,363,1.12,0.8296,4,1.11,0.8222,23,0
IWM190920P157,2019-09-13,2019-09-13 09:32:55,1.12,0.8296,72,1.1,0.8148,252,1.12,0.8296,4,1.11,0.8222,23,0
IWM190920P157,2019-09-13,2019-09-13 09:32:56,1.11,0.8222,13,1.1,0.8148,78,1.12,0.8296,4,1.105,0.8185,23,0
IWM190920P157,2019-09-13,2019-09-13 09:32:56,1.12,0.8296,77,1.1,0.8148,205,1.12,0.8296,4,1.11,0.8222,23,0
IWM190920P157,2019-09-13,2019-09-13 09:32:57,1.12,0.8296,171,1.1,0.8148,128,1.12,0.8296,4,1.11,0.8222,23,0
IWM190920P157,2019-09-13,2019-09-13 09:32:57,1.12,0.8296,171,1.1,0.8148,208,1.12,0.8296,4,1.11,0.8222,23,0
IWM190920P157,2019-09-13,2019-09-13 09:32:58,1.12,0.8296,171,1.1,0.8148,168,1.12,0.8296,4,1.11,0.8222,23,0
IWM190920P157,2019-09-13,2019-09-13 09:32:58,1.12,0.8296,171,1.1,0.8148,152,1.12,0.8296,4,1.11,0.8222,23,0
IWM190920P157,2019-09-13,2019-09-13 09:32:59,1.12,0.8296,171,1.1,0.8148,189,1.12,0.8296,4,1.11,0.8222,23,0
IWM190920P157,2019-09-13,2019-09-13 09:32:59,1.12,0.8296,35,1.1,0.8148,241,1.12,0.8296,4,1.11,0.8222,23,0
IWM190920P157,2019-09-13,2019-09-13 09:33:00,1.12,0.8296,43,1.1,0.8148,430,1.12,0.8296,4,1.11,0.8222,23,0
IWM190920P157,2019-09-13,2019-09-13 09:33:00,1.12,0.8296,43,1.1,0.8148,84,1.12,0.8296,4,1.11,0.8222,23,0
IWM190920P157,2019-09-13,2019-09-13 09:33:01,1.11,0.8222,13,1.1,0.8148,84,1.12,0.8296,4,1.105,0.8185,23,0
IWM190920P157,2019-09-13,2019-09-13 09:33:01,1.11,0.8222,13,1.1,0.8148,116,1.12,0.8296,4,1.105,0.8185,23,0
IWM190920P157,2019-09-13,2019-09-13 09:33:02,1.11,0.8222,118,1.09,0.8074,214,1.12,0.8296,4,1.1,0.8148,23,0
IWM190920P157,2019-09-13,2019-09-13 09:33:02,1.11,0.8222,13,1.1,0.8148,89,1.12,0.8296,4,1.105,0.8185,23,0
IWM190920P157,2019-09-13,2019-09-13 09:33:03,1.09,0.8074,13,1.09,0.8074,21,1.12,0.8296,4,1.09,0.8074,23,0
IWM190920P157,2019-09-13,2019-09-13 09:33:03,1.1,0.8148,13,1.09,0.8074,94,1.12,0.8296,4,1.095,0.8111,23,0
IWM190920P157,2019-09-13,2019-09-13 09:33:04,1.09,0.8074,13,1.08,0.8,179,1.12,0.8296,4,1.085,0.8037,23,0
IWM190920P157,2019-09-13,2019-09-13 09:33:04,1.1,0.8148,71,1.08,0.8,215,1.12,0.8296,4,1.09,0.8074,23,0
IWM190920P157,2019-09-13,2019-09-13 09:33:05,1.09,0.8074,13,1.08,0.8,47,1.12,0.8296,4,1.085,0.8037,23,0
IWM190920P157,2019-09-13,2019-09-13 09:33:06,1.09,0.8074,20,1.07,0.7925,286,1.12,0.8296,4,1.08,0.8,23,0
IWM190920P157,2019-09-13,2019-09-13 09:33:06,1.09,0.8074,13,1.07,0.7925,97,1.12,0.8296,4,1.08,0.8,23,0
IWM190920P157,2019-09-13,2019-09-13 09:33:07,1.09,0.8074,13,1.08,0.8,41,1.12,0.8296,4,1.085,0.8037,23,0
IWM190920P157,2019-09-13,2019-09-13 09:33:07,1.09,0.8074,13,1.08,0.8,84,1.12,0.8296,4,1.085,0.8037,23,0
IWM190920P157,2019-09-13,2019-09-13 09:33:08,1.09,0.8074,13,1.08,0.8,47,1.12,0.8296,4,1.085,0.8037,23,0
IWM190920P157,2019-09-13,2019-09-13 09:33:09,1.1,0.8148,40,1.08,0.8,47,1.12,0.8296,4,1.09,0.8074,23,0
IWM190920P157,2019-09-13,2019-09-13 09:33:10,1.1,0.8148,19,1.08,0.8,435,1.12,0.8296,4,1.09,0.8074,23,0
IWM190920P157,2019-09-13,2019-09-13 09:33:10,1.1,0.8148,19,1.08,0.8,483,1.12,0.8296,4,1.09,0.8074,23,0
IWM190920P157,2019-09-13,2019-09-13 09:33:11,1.1,0.8148,5,1.09,0.8074,72,1.1,0.8148,5,1.095,0.8111,28,5
IWM190920P157,2019-09-13,2019-09-13 09:33:11,1.1,0.8148,19,1.08,0.8,483,1.12,0.8296,4,1.09,0.8074,23,0
IWM190920P157,2019-09-13,2019-09-13 09:33:12,1.11,0.8222,47,1.1,0.8148,1,1.1,0.8148,5,1.105,0.8185,28,0
IWM190920P157,2019-09-13,2019-09-13 09:33:12,1.11,0.8222,150,1.09,0.8074,120,1.1,0.8148,5,1.1,0.8148,28,0
IWM190920P157,2019-09-13,2019-09-13 09:33:13,1.1,0.8148,10,1.09,0.8074,36,1.1,0.8148,5,1.095,0.8111,28,0
IWM190920P157,2019-09-13,2019-09-13 09:33:13,1.1,0.8148,10,1.09,0.8074,81,1.1,0.8148,5,1.095,0.8111,28,0
IWM190920P157,2019-09-13,2019-09-13 09:33:14,1.1,0.8148,10,1.09,0.8074,46,1.1,0.8148,5,1.095,0.8111,28,0
IWM190920P157,2019-09-13,2019-09-13 09:33:15,1.09,0.8074,13,1.08,0.8,79,1.1,0.8148,5,1.085,0.8037,28,0
IWM190920P157,2019-09-13,2019-09-13 09:33:15,1.1,0.8148,70,1.08,0.8,82,1.1,0.8148,5,1.09,0.8074,28,0
IWM190920P157,2019-09-13,2019-09-13 09:33:16,1.1,0.8148,156,1.08,0.8,52,1.1,0.8148,5,1.09,0.8074,28,0
IWM190920P157,2019-09-13,2019-09-13 09:33:16,1.1,0.8148,156,1.08,0.8,63,1.1,0.8148,5,1.09,0.8074,28,0
IWM190920P157,2019-09-13,2019-09-13 09:33:17,1.1,0.8148,53,1.08,0.8,98,1.1,0.8148,5,1.09,0.8074,28,0
IWM190920P157,2019-09-13,2019-09-13 09:33:17,1.1,0.8148,53,1.08,0.8,199,1.1,0.8148,5,1.09,0.8074,28,0
IWM190920P157,2019-09-13,2019-09-13 09:33:18,1.1,0.8148,20,1.09,0.8074,44,1.1,0.8148,5,1.095,0.8111,28,0
IWM190920P157,2019-09-13,2019-09-13 09:33:18,1.1,0.8148,46,1.08,0.8,100,1.1,0.8148,5,1.09,0.8074,28,0
IWM190920P157,2019-09-13,2019-09-13 09:33:19,1.11,0.8222,192,1.09,0.8074,256,1.1,0.8148,5,1.1,0.8148,28,0
IWM190920P157,2019-09-13,2019-09-13 09:33:19,1.1,0.8148,10,1.09,0.8074,69,1.1,0.8148,5,1.095,0.8111,28,0
IWM190920P157,2019-09-13,2019-09-13 09:33:20,1.11,0.8222,209,1.09,0.8074,256,1.1,0.8148,5,1.1,0.8148,28,0
IWM190920P157,2019-09-13,2019-09-13 09:33:20,1.11,0.8222,19,1.1,0.8148,45,1.1,0.8148,5,1.105,0.8185,28,0
IWM190920P157,2019-09-13,2019-09-13 09:33:21,1.11,0.8222,21,1.1,0.8148,31,1.1,0.8148,5,1.105,0.8185,28,0
IWM190920P157,2019-09-13,2019-09-13 09:33:21,1.11,0.8222,21,1.1,0.8148,29,1.1,0.8148,5,1.105,0.8185,28,0
IWM190920P157,2019-09-13,2019-09-13 09:33:22,1.11,0.8222,11,1.1,0.8148,165,1.11,0.8222,11,1.105,0.8185,39,11
IWM190920P157,2019-09-13,2019-09-13 09:33:22,1.11,0.8222,11,1.1,0.8148,29,1.1,0.8148,5,1.105,0.8185,28,0
IWM190920P157,2019-09-13,2019-09-13 09:33:23,1.12,0.8296,14,1.1,0.8148,500,1.11,0.8222,1,1.11,0.8222,40,1
IWM190920P157,2019-09-13,2019-09-13 09:33:23,1.13,0.837,107,1.11,0.8222,32,1.11,0.8222,1,1.12,0.8296,40,0
IWM190920P157,2019-09-13,2019-09-13 09:33:24,1.12,0.8296,69,1.1,0.8148,84,1.11,0.8222,1,1.11,0.8222,40,0
IWM190920P157,2019-09-13,2019-09-13 09:33:24,1.12,0.8296,126,1.1,0.8148,79,1.11,0.8222,1,1.11,0.8222,40,0
IWM190920P157,2019-09-13,2019-09-13 09:33:25,1.12,0.8296,106,1.1,0.8148,213,1.11,0.8222,1,1.11,0.8222,40,0
IWM190920P157,2019-09-13,2019-09-13 09:33:25,1.12,0.8296,106,1.1,0.8148,269,1.11,0.8222,1,1.11,0.8222,40,0
IWM190920P157,2019-09-13,2019-09-13 09:33:26,1.12,0.8296,48,1.1,0.8148,53,1.11,0.8222,1,1.11,0.8222,40,0
IWM190920P157,2019-09-13,2019-09-13 09:33:26,1.12,0.8296,75,1.1,0.8148,143,1.11,0.8222,1,1.11,0.8222,40,0
IWM190920P157,2019-09-13,2019-09-13 09:33:27,1.12,0.8296,69,1.1,0.8148,97,1.11,0.8222,1,1.11,0.8222,40,0
IWM190920P157,2019-09-13,2019-09-13 09:33:28,1.12,0.8296,136,1.1,0.8148,97,1.11,0.8222,1,1.11,0.8222,40,0
IWM190920P157,2019-09-13,2019-09-13 09:33:28,1.13,0.837,207,1.11,0.8222,18,1.11,0.8222,1,1.12,0.8296,40,0
IWM190920P157,2019-09-13,2019-09-13 09:33:29,1.13,0.837,168,1.11,0.8222,223,1.11,0.8222,1,1.12,0.8296,40,0
IWM190920P157,2019-09-13,2019-09-13 09:33:29,1.13,0.837,190,1.11,0.8222,191,1.11,0.8222,1,1.12,0.8296,40,0
IWM190920P157,2019-09-13,2019-09-13 09:33:30,1.12,0.8296,87,1.1,0.8148,74,1.11,0.8222,1,1.11,0.8222,40,0
IWM190920P157,2019-09-13,2019-09-13 09:33:30,1.13,0.837,200,1.11,0.8222,191,1.11,0.8222,1,1.12,0.8296,40,0
IWM190920P157,2019-09-13,2019-09-13 09:33:31,1.11,0.8222,21,1.1,0.8148,62,1.11,0.8222,1,1.105,0.8185,40,0
IWM190920P157,2019-09-13,2019-09-13 09:33:31,1.12,0.8296,87,1.1,0.8148,62,1.11,0.8222,1,1.11,0.8222,40,0
IWM190920P157,2019-09-13,2019-09-13 09:33:32,1.11,0.8222,30,1.1,0.8148,62,1.11,0.8222,1,1.105,0.8185,40,0
IWM190920P157,2019-09-13,2019-09-13 09:33:32,1.11,0.8222,30,1.09,0.8074,208,1.11,0.8222,1,1.1,0.8148,40,0
IWM190920P157,2019-09-13,2019-09-13 09:33:33,1.11,0.8222,30,1.09,0.8074,462,1.11,0.8222,1,1.1,0.8148,40,0
IWM190920P157,2019-09-13,2019-09-13 09:33:33,1.11,0.8222,30,1.09,0.8074,208,1.11,0.8222,1,1.1,0.8148,40,0
IWM190920P157,2019-09-13,2019-09-13 09:33:34,1.11,0.8222,30,1.09,0.8074,430,1.11,0.8222,1,1.1,0.8148,40,0
IWM190920P157,2019-09-13,2019-09-13 09:33:34,1.11,0.8222,30,1.09,0.8074,406,1.11,0.8222,1,1.1,0.8148,40,0
IWM190920P157,2019-09-13,2019-09-13 09:33:35,1.11,0.8222,22,1.1,0.8148,1,1.1,0.8148,1,1.105,0.8185,51,11
IWM190920P157,2019-09-13,2019-09-13 09:33:35,1.11,0.8222,16,1.1,0.8148,41,1.11,0.8222,1,1.105,0.8185,40,0
IWM190920P157,2019-09-13,2019-09-13 09:33:36,1.11,0.8222,21,1.1,0.8148,51,1.1,0.8148,1,1.105,0.8185,51,0
IWM190920P157,2019-09-13,2019-09-13 09:33:36,1.12,0.8296,31,1.1,0.8148,51,1.1,0.8148,1,1.11,0.8222,51,0
IWM190920P157,2019-09-13,2019-09-13 09:33:37,1.12,0.8296,82,1.1,0.8148,141,1.1,0.8148,1,1.11,0.8222,51,0
IWM190920P157,2019-09-13,2019-09-13 09:33:37,1.11,0.8222,16,1.1,0.8148,51,1.1,0.8148,1,1.105,0.8185,51,0
IWM190920P157,2019-09-13,2019-09-13 09:33:38,1.11,0.8222,16,1.1,0.8148,51,1.1,0.8148,1,1.105,0.8185,51,0
IWM190920P157,2019-09-13,2019-09-13 09:33:39,1.11,0.8222,16,1.1,0.8148,62,1.1,0.8148,1,1.105,0.8185,51,0
IWM190920P157,2019-09-13,2019-09-13 09:33:39,1.11,0.8222,16,1.1,0.8148,51,1.1,0.8148,1,1.105,0.8185,51,0
IWM190920P157,2019-09-13,2019-09-13 09:33:40,1.12,0.8296,41,1.1,0.8148,184,1.1,0.8148,1,1.11,0.8222,51,0
IWM190920P157,2019-09-13,2019-09-13 09:33:40,1.12,0.8296,75,1.1,0.8148,51,1.1,0.8148,1,1.11,0.8222,51,0
IWM190920P157,2019-09-13,2019-09-13 09:33:41,1.12,0.8296,75,1.1,0.8148,80,1.1,0.8148,1,1.11,0.8222,51,0
IWM190920P157,2019-09-13,2019-09-13 09:33:41,1.11,0.8222,16,1.1,0.8148,51,1.11,0.8222,10,1.105,0.8185,61,10
IWM190920P157,2019-09-13,2019-09-13 09:33:42,1.11,0.8222,16,1.1,0.8148,66,1.11,0.8222,100,1.105,0.8185,161,0
IWM190920P157,2019-09-13,2019-09-13 09:33:42,1.11,0.8222,16,1.1,0.8148,51,1.11,0.8222,100,1.105,0.8185,161,100
IWM190920P157,2019-09-13,2019-09-13 09:33:43,1.11,0.8222,16,1.1,0.8148,53,1.11,0.8222,100,1.105,0.8185,161,0
IWM190920P157,2019-09-13,2019-09-13 09:33:43,1.11,0.8222,16,1.1,0.8148,45,1.11,0.8222,100,1.105,0.8185,161,0
IWM190920P157,2019-09-13,2019-09-13 09:33:44,1.11,0.8222,16,1.1,0.8148,45,1.11,0.8222,100,1.105,0.8185,161,0
IWM190920P157,2019-09-13,2019-09-13 09:33:44,1.11,0.8222,16,1.1,0.8148,80,1.11,0.8222,100,1.105,0.8185,161,0
IWM190920P157,2019-09-13,2019-09-13 09:33:45,1.12,0.8296,73,1.1,0.8148,260,1.11,0.8222,100,1.11,0.8222,161,0
IWM190920P157,2019-09-13,2019-09-13 09:33:45,1.11,0.8222,16,1.1,0.8148,216,1.11,0.8222,100,1.105,0.8185,161,0
IWM190920P157,2019-09-13,2019-09-13 09:33:46,1.12,0.8296,111,1.1,0.8148,124,1.11,0.8222,100,1.11,0.8222,161,0
IWM190920P157,2019-09-13,2019-09-13 09:33:46,1.12,0.8296,111,1.1,0.8148,156,1.11,0.8222,100,1.11,0.8222,161,0
IWM190920P157,2019-09-13,2019-09-13 09:33:47,1.12,0.8296,111,1.1,0.8148,156,1.11,0.8222,100,1.11,0.8222,161,0
IWM190920P157,2019-09-13,2019-09-13 09:33:48,1.12,0.8296,65,1.1,0.8148,290,1.11,0.8222,100,1.11,0.8222,161,0
IWM190920P157,2019-09-13,2019-09-13 09:33:48,1.12,0.8296,111,1.1,0.8148,156,1.11,0.8222,100,1.11,0.8222,161,0
IWM190920P157,2019-09-13,2019-09-13 09:33:49,1.13,0.837,128,1.11,0.8222,160,1.11,0.8222,100,1.12,0.8296,161,0
IWM190920P157,2019-09-13,2019-09-13 09:33:49,1.12,0.8296,65,1.11,0.8222,160,1.11,0.8222,100,1.115,0.8259,161,0
IWM190920P157,2019-09-13,2019-09-13 09:33:50,1.13,0.837,103,1.11,0.8222,78,1.11,0.8222,100,1.12,0.8296,161,0
IWM190920P157,2019-09-13,2019-09-13 09:33:50,1.13,0.837,150,1.11,0.8222,273,1.11,0.8222,100,1.12,0.8296,161,0
IWM190920P157,2019-09-13,2019-09-13 09:33:51,1.12,0.8296,11,1.11,0.8222,160,1.11,0.8222,100,1.115,0.8259,161,0
IWM190920P157,2019-09-13,2019-09-13 09:33:51,1.14,0.8444,48,1.12,0.8296,227,1.13,0.837,22,1.13,0.837,191,30
IWM190920P157,2019-09-13,2019-09-13 09:33:52,1.14,0.8444,64,1.12,0.8296,21,1.13,0.837,22,1.13,0.837,191,0
IWM190920P157,2019-09-13,2019-09-13 09:33:52,1.14,0.8444,48,1.12,0.8296,32,1.13,0.837,22,1.13,0.837,191,0
IWM190920P157,2019-09-13,2019-09-13 09:33:53,1.12,0.8296,13,1.11,0.8222,66,1.13,0.837,1,1.115,0.8259,192,0
IWM190920P157,2019-09-13,2019-09-13 09:33:53,1.13,0.837,45,1.11,0.8222,50,1.13,0.837,1,1.12,0.8296,192,1
IWM190920P157,2019-09-13,2019-09-13 09:33:54,1.13,0.837,22,1.11,0.8222,173,1.13,0.837,1,1.12,0.8296,192,0
IWM190920P157,2019-09-13,2019-09-13 09:33:54,1.13,0.837,62,1.11,0.8222,117,1.13,0.837,1,1.12,0.8296,192,0
IWM190920P157,2019-09-13,2019-09-13 09:33:55,1.13,0.837,88,1.11,0.8222,137,1.13,0.837,1,1.12,0.8296,192,0
IWM190920P157,2019-09-13,2019-09-13 09:33:55,1.13,0.837,168,1.11,0.8222,72,1.13,0.837,1,1.12,0.8296,192,0
IWM190920P157,2019-09-13,2019-09-13 09:33:56,1.13,0.837,97,1.11,0.8222,161,1.13,0.837,1,1.12,0.8296,192,0
IWM190920P157,2019-09-13,2019-09-13 09:33:57,1.12,0.8296,37,1.1,0.8148,173,1.13,0.837,1,1.11,0.8222,192,0
IWM190920P157,2019-09-13,2019-09-13 09:33:57,1.12,0.8296,37,1.1,0.8148,218,1.13,0.837,1,1.11,0.8222,192,0
IWM190920P157,2019-09-13,2019-09-13 09:33:58,1.12,0.8296,129,1.1,0.8148,121,1.13,0.837,1,1.11,0.8222,192,0
IWM190920P157,2019-09-13,2019-09-13 09:33:58,1.12,0.8296,151,1.1,0.8148,121,1.13,0.837,1,1.11,0.8222,192,0
IWM190920P157,2019-09-13,2019-09-13 09:33:59,1.12,0.8296,31,1.1,0.8148,224,1.13,0.837,1,1.11,0.8222,192,0
IWM190920P157,2019-09-13,2019-09-13 09:33:59,1.12,0.8296,53,1.1,0.8148,201,1.13,0.837,1,1.11,0.8222,192,0
IWM190920P157,2019-09-13,2019-09-13 09:34:00,1.12,0.8296,21,1.11,0.8222,36,1.13,0.837,1,1.115,0.8259,192,0
IWM190920P157,2019-09-13,2019-09-13 09:34:00,1.12,0.8296,23,1.1,0.8148,224,1.13,0.837,1,1.11,0.8222,192,0
IWM190920P157,2019-09-13,2019-09-13 09:34:01,1.13,0.837,16,1.11,0.8222,279,1.13,0.837,1,1.12,0.8296,192,0
IWM190920P157,2019-09-13,2019-09-13 09:34:01,1.13,0.837,20,1.11,0.8222,345,1.13,0.837,1,1.12,0.8296,192,0
IWM190920P157,2019-09-13,2019-09-13 09:34:02,1.13,0.837,13,1.12,0.8296,204,1.13,0.837,1,1.125,0.8333,192,0
IWM190920P157,2019-09-13,2019-09-13 09:34:02,1.15,0.8518,102,1.13,0.837,52,1.13,0.837,1,1.14,0.8444,192,0
IWM190920P157,2019-09-13,2019-09-13 09:34:03,1.14,0.8444,13,1.13,0.837,102,1.13,0.837,1,1.135,0.8407,192,0
IWM190920P157,2019-09-13,2019-09-13 09:34:03,1.14,0.8444,28,1.12,0.8296,169,1.13,0.837,1,1.13,0.837,192,0
IWM190920P157,2019-09-13,2019-09-13 09:34:04,1.14,0.8444,13,1.13,0.837,102,1.13,0.837,1,1.135,0.8407,192,0
IWM190920P157,2019-09-13,2019-09-13 09:34:04,1.15,0.8518,13,1.14,0.8444,15,1.13,0.837,1,1.145,0.8481,192,0
IWM190920P157,2019-09-13,2019-09-13 09:34:05,1.16,0.8592,14,1.15,0.8518,59,1.13,0.837,1,1.155,0.8555,192,0
IWM190920P157,2019-09-13,2019-09-13 09:34:05,1.16,0.8592,27,1.14,0.8444,139,1.13,0.837,1,1.15,0.8518,192,0
IWM190920P157,2019-09-13,2019-09-13 09:34:06,1.18,0.874,71,1.16,0.8592,35,1.13,0.837,1,1.17,0.8666,192,0
IWM190920P157,2019-09-13,2019-09-13 09:34:06,1.17,0.8666,76,1.16,0.8592,13,1.13,0.837,1,1.165,0.8629,192,0
IWM190920P157,2019-09-13,2019-09-13 09:34:07,1.18,0.874,171,1.16,0.8592,153,1.13,0.837,1,1.17,0.8666,192,0
IWM190920P157,2019-09-13,2019-09-13 09:34:07,1.18,0.874,178,1.16,0.8592,110,1.13,0.837,1,1.17,0.8666,192,0
IWM190920P157,2019-09-13,2019-09-13 09:34:08,1.18,0.874,140,1.16,0.8592,217,1.13,0.837,1,1.17,0.8666,192,0
IWM190920P157,2019-09-13,2019-09-13 09:34:08,1.18,0.874,43,1.16,0.8592,228,1.13,0.837,1,1.17,0.8666,192,0
IWM190920P157,2019-09-13,2019-09-13 09:34:09,1.18,0.874,16,1.17,0.8666,45,1.13,0.837,1,1.175,0.8703,192,0
IWM190920P157,2019-09-13,2019-09-13 09:34:09,1.17,0.8666,13,1.16,0.8592,85,1.13,0.837,1,1.165,0.8629,192,0
IWM190920P157,2019-09-13,2019-09-13 09:34:10,1.18,0.874,36,1.16,0.8592,149,1.13,0.837,1,1.17,0.8666,192,0
IWM190920P157,2019-09-13,2019-09-13 09:34:10,1.18,0.874,39,1.16,0.8592,248,1.13,0.837,1,1.17,0.8666,192,0
IWM190920P157,2019-09-13,2019-09-13 09:34:11,1.18,0.874,50,1.16,0.8592,50,1.13,0.837,1,1.17,0.8666,192,0
IWM190920P157,2019-09-13,2019-09-13 09:34:11,1.18,0.874,34,1.16,0.8592,248,1.13,0.837,1,1.17,0.8666,192,0
IWM190920P157,2019-09-13,2019-09-13 09:34:12,1.16,0.8592,13,1.16,0.8592,21,1.13,0.837,1,1.16,0.8592,192,0
IWM190920P157,2019-09-13,2019-09-13 09:34:13,1.16,0.8592,63,1.14,0.8444,86,1.13,0.837,1,1.15,0.8518,192,0
IWM190920P157,2019-09-13,2019-09-13 09:34:13,1.15,0.8518,83,1.14,0.8444,10,1.13,0.837,1,1.145,0.8481,192,0
IWM190920P157,2019-09-13,2019-09-13 09:34:14,1.15,0.8518,105,1.13,0.837,228,1.13,0.837,1,1.14,0.8444,192,0
IWM190920P157,2019-09-13,2019-09-13 09:34:14,1.16,0.8592,89,1.13,0.837,88,1.13,0.837,1,1.145,0.8481,192,0
IWM190920P157,2019-09-13,2019-09-13 09:34:15,1.16,0.8592,185,1.14,0.8444,57,1.13,0.837,1,1.15,0.8518,192,0
IWM190920P157,2019-09-13,2019-09-13 09:34:15,1.16,0.8592,184,1.14,0.8444,231,1.13,0.837,1,1.15,0.8518,192,0
IWM190920P157,2019-09-13,2019-09-13 09:34:16,1.16,0.8592,185,1.14,0.8444,57,1.13,0.837,1,1.15,0.8518,192,0
IWM190920P157,2019-09-13,2019-09-13 09:34:16,1.16,0.8592,130,1.14,0.8444,133,1.13,0.837,1,1.15,0.8518,192,0
IWM190920P157,2019-09-13,2019-09-13 09:34:17,1.16,0.8592,123,1.14,0.8444,230,1.13,0.837,1,1.15,0.8518,192,0
IWM190920P157,2019-09-13,2019-09-13 09:34:18,1.16,0.8592,89,1.14,0.8444,230,1.13,0.837,1,1.15,0.8518,192,0
IWM190920P157,2019-09-13,2019-09-13 09:34:19,1.16,0.8592,33,1.14,0.8444,492,1.13,0.837,1,1.15,0.8518,192,0
IWM190920P157,2019-09-13,2019-09-13 09:34:19,1.17,0.8666,84,1.15,0.8518,160,1.13,0.837,1,1.16,0.8592,192,0
IWM190920P157,2019-09-13,2019-09-13 09:34:20,1.17,0.8666,24,1.16,0.8592,36,1.13,0.837,1,1.165,0.8629,192,0
IWM190920P157,2019-09-13,2019-09-13 09:34:21,1.18,0.874,182,1.16,0.8592,50,1.13,0.837,1,1.17,0.8666,192,0
IWM190920P157,2019-09-13,2019-09-13 09:34:21,1.18,0.874,182,1.16,0.8592,36,1.13,0.837,1,1.17,0.8666,192,0
IWM190920P157,2019-09-13,2019-09-13 09:34:22,1.18,0.874,169,1.15,0.8518,69,1.13,0.837,1,1.165,0.8629,192,0
IWM190920P157,2019-09-13,2019-09-13 09:34:22,1.18,0.874,209,1.16,0.8592,60,1.13,0.837,1,1.17,0.8666,192,0
IWM190920P157,2019-09-13,2019-09-13 09:34:23,1.17,0.8666,22,1.16,0.8592,7,1.13,0.837,1,1.165,0.8629,192,0
IWM190920P157,2019-09-13,2019-09-13 09:34:23,1.17,0.8666,44,1.15,0.8518,141,1.13,0.837,1,1.16,0.8592,192,0
IWM190920P157,2019-09-13,2019-09-13 09:34:24,1.18,0.874,220,1.16,0.8592,42,1.13,0.837,1,1.17,0.8666,192,0
IWM190920P157,2019-09-13,2019-09-13 09:34:24,1.18,0.874,216,1.16,0.8592,42,1.13,0.837,1,1.17,0.8666,192,0
IWM190920P157,2019-09-13,2019-09-13 09:34:25,1.18,0.874,239,1.16,0.8592,42,1.13,0.837,1,1.17,0.8666,192,0
IWM190920P157,2019-09-13,2019-09-13 09:34:25,1.18,0.874,224,1.16,0.8592,145,1.13,0.837,1,1.17,0.8666,192,0
IWM190920P157,2019-09-13,2019-09-13 09:34:26,1.18,0.874,248,1.16,0.8592,145,1.13,0.837,1,1.17,0.8666,192,0
IWM190920P157,2019-09-13,2019-09-13 09:34:26,1.18,0.874,248,1.16,0.8592,205,1.13,0.837,1,1.17,0.8666,192,0
IWM190920P157,2019-09-13,2019-09-13 09:34:27,1.18,0.874,330,1.16,0.8592,18,1.13,0.837,1,1.17,0.8666,192,0
IWM190920P157,2019-09-13,2019-09-13 09:34:27,1.18,0.874,249,1.16,0.8592,18,1.13,0.837,1,1.17,0.8666,192,0
IWM190920P157,2019-09-13,2019-09-13 09:34:28,1.18,0.874,173,1.16,0.8592,26,1.13,0.837,1,1.17,0.8666,192,0
IWM190920P157,2019-09-13,2019-09-13 09:34:28,1.17,0.8666,13,1.16,0.8592,79,1.13,0.837,1,1.165,0.8629,192,0
IWM190920P157,2019-09-13,2019-09-13 09:34:29,1.17,0.8666,13,1.16,0.8592,26,1.13,0.837,1,1.165,0.8629,192,0
IWM190920P157,2019-09-13,2019-09-13 09:34:29,1.18,0.874,72,1.16,0.8592,26,1.13,0.837,1,1.17,0.8666,192,0
IWM190920P157,2019-09-13,2019-09-13 09:34:30,1.16,0.8592,61,1.15,0.8518,50,1.13,0.837,1,1.155,0.8555,192,0
IWM190920P157,2019-09-13,2019-09-13 09:34:30,1.18,0.874,247,1.16,0.8592,63,1.13,0.837,1,1.17,0.8666,192,0
IWM190920P157,2019-09-13,2019-09-13 09:34:31,1.15,0.8518,13,1.13,0.837,65,1.13,0.837,1,1.14,0.8444,192,0
IWM190920P157,2019-09-13,2019-09-13 09:34:31,1.15,0.8518,13,1.14,0.8444,105,1.13,0.837,1,1.145,0.8481,192,0
IWM190920P157,2019-09-13,2019-09-13 09:34:32,1.15,0.8518,25,1.14,0.8444,7,1.13,0.837,1,1.145,0.8481,192,0
IWM190920P157,2019-09-13,2019-09-13 09:34:32,1.16,0.8592,197,1.14,0.8444,7,1.13,0.837,1,1.15,0.8518,192,0
IWM190920P157,2019-09-13,2019-09-13 09:34:33,1.15,0.8518,13,1.14,0.8444,21,1.13,0.837,1,1.145,0.8481,192,0
IWM190920P157,2019-09-13,2019-09-13 09:34:34,1.15,0.8518,50,1.14,0.8444,7,1.13,0.837,1,1.145,0.8481,192,0
IWM190920P157,2019-09-13,2019-09-13 09:34:34,1.15,0.8518,82,1.14,0.8444,7,1.13,0.837,1,1.145,0.8481,192,0
IWM190920P157,2019-09-13,2019-09-13 09:34:35,1.15,0.8518,79,1.13,0.837,21,1.13,0.837,1,1.14,0.8444,192,0
IWM190920P157,2019-09-13,2019-09-13 09:34:35,1.14,0.8444,13,1.13,0.837,21,1.13,0.837,1,1.135,0.8407,192,0
IWM190920P157,2019-09-13,2019-09-13 09:34:36,1.14,0.8444,13,1.13,0.837,30,1.13,0.837,1,1.135,0.8407,192,0
IWM190920P157,2019-09-13,2019-09-13 09:34:36,1.14,0.8444,13,1.13,0.837,53,1.13,0.837,1,1.135,0.8407,192,0
IWM190920P157,2019-09-13,2019-09-13 09:34:37,1.15,0.8518,134,1.13,0.837,215,1.13,0.837,1,1.14,0.8444,192,0
IWM190920P157,2019-09-13,2019-09-13 09:34:37,1.15,0.8518,82,1.13,0.837,223,1.13,0.837,1,1.14,0.8444,192,0
IWM190920P157,2019-09-13,2019-09-13 09:34:38,1.15,0.8518,73,1.13,0.837,172,1.13,0.837,1,1.14,0.8444,192,0
IWM190920P157,2019-09-13,2019-09-13 09:34:38,1.15,0.8518,90,1.13,0.837,172,1.13,0.837,1,1.14,0.8444,192,0
IWM190920P157,2019-09-13,2019-09-13 09:34:39,1.15,0.8518,114,1.13,0.837,162,1.13,0.837,1,1.14,0.8444,192,0
IWM190920P157,2019-09-13,2019-09-13 09:34:40,1.15,0.8518,77,1.13,0.837,186,1.13,0.837,1,1.14,0.8444,192,0
IWM190920P157,2019-09-13,2019-09-13 09:34:40,1.15,0.8518,73,1.13,0.837,162,1.13,0.837,1,1.14,0.8444,192,0
IWM190920P157,2019-09-13,2019-09-13 09:34:41,1.15,0.8518,1,1.13,0.837,216,1.13,0.837,1,1.14,0.8444,192,0
IWM190920P157,2019-09-13,2019-09-13 09:34:41,1.15,0.8518,10,1.13,0.837,228,1.13,0.837,1,1.14,0.8444,192,0
IWM190920P157,2019-09-13,2019-09-13 09:34:42,1.15,0.8518,1,1.13,0.837,135,1.13,0.837,1,1.14,0.8444,192,0
IWM190920P157,2019-09-13,2019-09-13 09:34:42,1.15,0.8518,1,1.13,0.837,116,1.13,0.837,1,1.14,0.8444,192,0
IWM190920P157,2019-09-13,2019-09-13 09:34:43,1.15,0.8518,28,1.13,0.837,208,1.13,0.837,1,1.14,0.8444,192,0
IWM190920P157,2019-09-13,2019-09-13 09:34:43,1.16,0.8592,257,1.13,0.837,313,1.13,0.837,1,1.145,0.8481,192,0
IWM190920P157,2019-09-13,2019-09-13 09:34:44,1.15,0.8518,16,1.13,0.837,152,1.13,0.837,1,1.14,0.8444,192,0
IWM190920P157,2019-09-13,2019-09-13 09:34:45,1.15,0.8518,104,1.13,0.837,30,1.13,0.837,1,1.14,0.8444,192,0
IWM190920P157,2019-09-13,2019-09-13 09:34:45,1.15,0.8518,105,1.13,0.837,94,1.13,0.837,1,1.14,0.8444,192,0
IWM190920P157,2019-09-13,2019-09-13 09:34:46,1.14,0.8444,13,1.13,0.837,30,1.13,0.837,1,1.135,0.8407,192,0
IWM190920P157,2019-09-13,2019-09-13 09:34:46,1.14,0.8444,85,1.12,0.8296,152,1.13,0.837,1,1.13,0.837,192,0
IWM190920P157,2019-09-13,2019-09-13 09:34:47,1.14,0.8444,117,1.12,0.8296,333,1.13,0.837,1,1.13,0.837,192,0
IWM190920P157,2019-09-13,2019-09-13 09:34:47,1.14,0.8444,117,1.12,0.8296,152,1.13,0.837,1,1.13,0.837,192,0
IWM190920P157,2019-09-13,2019-09-13 09:34:48,1.14,0.8444,123,1.12,0.8296,363,1.13,0.837,1,1.13,0.837,192,0
IWM190920P157,2019-09-13,2019-09-13 09:34:48,1.14,0.8444,80,1.12,0.8296,201,1.13,0.837,1,1.13,0.837,192,0
IWM190920P157,2019-09-13,2019-09-13 09:34:49,1.14,0.8444,183,1.12,0.8296,365,1.13,0.837,1,1.13,0.837,192,0
IWM190920P157,2019-09-13,2019-09-13 09:34:49,1.13,0.837,13,1.12,0.8296,20,1.13,0.837,1,1.125,0.8333,192,0
IWM190920P157,2019-09-13,2019-09-13 09:34:50,1.14,0.8444,104,1.12,0.8296,33,1.13,0.837,1,1.13,0.837,192,0
IWM190920P157,2019-09-13,2019-09-13 09:34:50,1.14,0.8444,126,1.12,0.8296,45,1.13,0.837,1,1.13,0.837,192,0
IWM190920P157,2019-09-13,2019-09-13 09:34:51,1.13,0.837,13,1.12,0.8296,30,1.13,0.837,1,1.125,0.8333,192,0
IWM190920P157,2019-09-13,2019-09-13 09:34:51,1.14,0.8444,353,1.12,0.8296,41,1.13,0.837,1,1.13,0.837,192,0
IWM190920P157,2019-09-13,2019-09-13 09:34:52,1.12,0.8296,13,1.09,0.8074,50,1.13,0.837,1,1.105,0.8185,192,0
IWM190920P157,2019-09-13,2019-09-13 09:34:52,1.12,0.8296,76,1.1,0.8148,83,1.13,0.837,1,1.11,0.8222,192,0
IWM190920P157,2019-09-13,2019-09-13 09:34:53,1.11,0.8222,13,1.1,0.8148,29,1.13,0.837,1,1.105,0.8185,192,0
IWM190920P157,2019-09-13,2019-09-13 09:34:53,1.11,0.8222,13,1.1,0.8148,83,1.13,0.837,1,1.105,0.8185,192,0
IWM190920P157,2019-09-13,2019-09-13 09:34:54,1.11,0.8222,13,1.1,0.8148,29,1.13,0.837,1,1.105,0.8185,192,0
IWM190920P157,2019-09-13,2019-09-13 09:34:54,1.11,0.8222,13,1.1,0.8148,20,1.13,0.837,1,1.105,0.8185,192,0
IWM190920P157,2019-09-13,2019-09-13 09:34:55,1.11,0.8222,13,1.1,0.8148,20,1.13,0.837,1,1.105,0.8185,192,0
IWM190920P157,2019-09-13,2019-09-13 09:34:56,1.11,0.8222,13,1.1,0.8148,20,1.13,0.837,1,1.105,0.8185,192,0
IWM190920P157,2019-09-13,2019-09-13 09:34:57,1.12,0.8296,241,1.1,0.8148,48,1.13,0.837,1,1.11,0.8222,192,0
IWM190920P157,2019-09-13,2019-09-13 09:34:57,1.12,0.8296,190,1.1,0.8148,116,1.13,0.837,1,1.11,0.8222,192,0
IWM190920P157,2019-09-13,2019-09-13 09:34:58,1.12,0.8296,258,1.09,0.8074,43,1.13,0.837,1,1.105,0.8185,192,0
IWM190920P157,2019-09-13,2019-09-13 09:34:58,1.11,0.8222,39,1.09,0.8074,43,1.13,0.837,1,1.1,0.8148,192,0
IWM190920P157,2019-09-13,2019-09-13 09:34:59,1.11,0.8222,39,1.09,0.8074,91,1.13,0.837,1,1.1,0.8148,192,0
IWM190920P157,2019-09-13,2019-09-13 09:34:59,1.11,0.8222,172,1.09,0.8074,80,1.13,0.837,1,1.1,0.8148,192,0
IWM190920P157,2019-09-13,2019-09-13 09:35:00,1.09,0.8074,25,1.08,0.8,4,1.13,0.837,1,1.085,0.8037,192,0
IWM190920P157,2019-09-13,2019-09-13 09:35:00,1.11,0.8222,222,1.09,0.8074,80,1.13,0.837,1,1.1,0.8148,192,0
IWM190920P157,2019-09-13,2019-09-13 09:35:01,1.09,0.8074,229,1.07,0.7925,35,1.13,0.837,1,1.08,0.8,192,0
IWM190920P157,2019-09-13,2019-09-13 09:35:02,1.09,0.8074,143,1.08,0.8,3,1.07,0.7925,1,1.085,0.8037,195,0
IWM190920P157,2019-09-13,2019-09-13 09:35:02,1.09,0.8074,125,1.07,0.7925,35,1.07,0.7925,1,1.08,0.8,195,3
IWM190920P157,2019-09-13,2019-09-13 09:35:03,1.09,0.8074,128,1.07,0.7925,19,1.07,0.7925,1,1.08,0.8,195,0
IWM190920P157,2019-09-13,2019-09-13 09:35:03,1.08,0.8,39,1.07,0.7925,25,1.07,0.7925,1,1.075,0.7962,195,0
IWM190920P157,2019-09-13,2019-09-13 09:35:04,1.08,0.8,14,1.06,0.7851,52,1.07,0.7925,1,1.07,0.7925,195,0
IWM190920P157,2019-09-13,2019-09-13 09:35:04,1.08,0.8,22,1.07,0.7925,2,1.07,0.7925,1,1.075,0.7962,195,0
IWM190920P157,2019-09-13,2019-09-13 09:35:05,1.08,0.8,157,1.06,0.7851,92,1.07,0.7925,1,1.07,0.7925,195,0
IWM190920P157,2019-09-13,2019-09-13 09:35:05,1.08,0.8,199,1.06,0.7851,86,1.07,0.7925,1,1.07,0.7925,195,0
IWM190920P157,2019-09-13,2019-09-13 09:35:06,1.08,0.8,168,1.06,0.7851,125,1.07,0.7925,1,1.07,0.7925,195,0
IWM190920P157,2019-09-13,2019-09-13 09:35:07,1.07,0.7925,50,1.06,0.7851,13,1.07,0.7925,1,1.065,0.7888,195,0
IWM190920P157,2019-09-13,2019-09-13 09:35:07,1.07,0.7925,16,1.06,0.7851,125,1.07,0.7925,1,1.065,0.7888,195,0
IWM190920P157,2019-09-13,2019-09-13 09:35:08,1.09,0.8074,165,1.06,0.7851,100,1.07,0.7925,1,1.075,0.7962,195,0
IWM190920P157,2019-09-13,2019-09-13 09:35:08,1.08,0.8,2,1.06,0.7851,36,1.07,0.7925,1,1.07,0.7925,195,0
IWM190920P157,2019-09-13,2019-09-13 09:35:09,1.08,0.8,125,1.06,0.7851,99,1.07,0.7925,1,1.07,0.7925,195,0
IWM190920P157,2019-09-13,2019-09-13 09:35:09,1.08,0.8,83,1.06,0.7851,99,1.07,0.7925,1,1.07,0.7925,195,0
IWM190920P157,2019-09-13,2019-09-13 09:35:10,1.08,0.8,230,1.06,0.7851,60,1.07,0.7925,1,1.07,0.7925,195,0
IWM190920P157,2019-09-13,2019-09-13 09:35:10,1.07,0.7925,72,1.05,0.7777,111,1.07,0.7925,1,1.06,0.7851,195,0
IWM190920P157,2019-09-13,2019-09-13 09:35:11,1.07,0.7925,151,1.05,0.7777,111,1.07,0.7925,1,1.06,0.7851,195,0
IWM190920P157,2019-09-13,2019-09-13 09:35:12,1.07,0.7925,225,1.05,0.7777,52,1.07,0.7925,1,1.06,0.7851,195,0
IWM190920P157,2019-09-13,2019-09-13 09:35:12,1.07,0.7925,290,1.05,0.7777,22,1.07,0.7925,1,1.06,0.7851,195,0
IWM190920P157,2019-09-13,2019-09-13 09:35:13,1.05,0.7777,62,1.03,0.7629,61,1.07,0.7925,1,1.04,0.7703,195,0
IWM190920P157,2019-09-13,2019-09-13 09:35:13,1.07,0.7925,225,1.05,0.7777,59,1.07,0.7925,1,1.06,0.7851,195,0
IWM190920P157,2019-09-13,2019-09-13 09:35:14,1.05,0.7777,169,1.04,0.7703,16,1.07,0.7925,1,1.045,0.774,195,0
IWM190920P157,2019-09-13,2019-09-13 09:35:14,1.05,0.7777,87,1.04,0.7703,12,1.07,0.7925,1,1.045,0.774,195,0
IWM190920P157,2019-09-13,2019-09-13 09:35:15,1.05,0.7777,154,1.03,0.7629,63,1.07,0.7925,1,1.04,0.7703,195,0
IWM190920P157,2019-09-13,2019-09-13 09:35:15,1.04,0.7703,75,1.02,0.7555,72,1.07,0.7925,1,1.03,0.7629,195,0
IWM190920P157,2019-09-13,2019-09-13 09:35:16,1.04,0.7703,28,1.03,0.7629,22,1.07,0.7925,1,1.035,0.7666,195,0
IWM190920P157,2019-09-13,2019-09-13 09:35:16,1.05,0.7777,126,1.02,0.7555,103,1.07,0.7925,1,1.035,0.7666,195,0
IWM190920P157,2019-09-13,2019-09-13 09:35:17,1.04,0.7703,66,1.03,0.7629,10,1.07,0.7925,1,1.035,0.7666,195,0
IWM190920P157,2019-09-13,2019-09-13 09:35:17,1.04,0.7703,95,1.03,0.7629,9,1.07,0.7925,1,1.035,0.7666,195,0
IWM190920P157,2019-09-13,2019-09-13 09:35:18,1.04,0.7703,65,1.02,0.7555,72,1.07,0.7925,1,1.03,0.7629,195,0
IWM190920P157,2019-09-13,2019-09-13 09:35:18,1.04,0.7703,65,1.03,0.7629,9,1.07,0.7925,1,1.035,0.7666,195,0
IWM190920P157,2019-09-13,2019-09-13 09:35:19,1.04,0.7703,105,1.02,0.7555,51,1.07,0.7925,1,1.03,0.7629,195,0
IWM190920P157,2019-09-13,2019-09-13 09:35:19,1.04,0.7703,130,1.02,0.7555,51,1.07,0.7925,1,1.03,0.7629,195,0
IWM190920P157,2019-09-13,2019-09-13 09:35:20,1.04,0.7703,216,1.02,0.7555,34,1.07,0.7925,1,1.03,0.7629,195,0
IWM190920P157,2019-09-13,2019-09-13 09:35:20,1.04,0.7703,221,1.02,0.7555,31,1.07,0.7925,1,1.03,0.7629,195,0
IWM190920P157,2019-09-13,2019-09-13 09:35:21,1.04,0.7703,348,1.02,0.7555,26,1.07,0.7925,1,1.03,0.7629,195,0
IWM190920P157,2019-09-13,2019-09-13 09:35:21,1.04,0.7703,258,1.02,0.7555,26,1.07,0.7925,1,1.03,0.7629,195,0
IWM190920P157,2019-09-13,2019-09-13 09:35:22,1.04,0.7703,284,1.02,0.7555,17,1.07,0.7925,1,1.03,0.7629,195,0
IWM190920P157,2019-09-13,2019-09-13 09:35:22,1.04,0.7703,344,1.02,0.7555,17,1.07,0.7925,1,1.03,0.7629,195,0
IWM190920P157,2019-09-13,2019-09-13 09:35:23,1.03,0.7629,93,1.01,0.7481,29,1.07,0.7925,1,1.02,0.7555,195,0
IWM190920P157,2019-09-13,2019-09-13 09:35:23,1.04,0.7703,344,1.02,0.7555,17,1.07,0.7925,1,1.03,0.7629,195,0
IWM190920P157,2019-09-13,2019-09-13 09:35:24,1.02,0.7555,130,1.01,0.7481,10,1.07,0.7925,1,1.015,0.7518,195,0
IWM190920P157,2019-09-13,2019-09-13 09:35:25,1.02,0.7555,95,1.01,0.7481,10,1.07,0.7925,1,1.015,0.7518,195,0
IWM190920P157,2019-09-13,2019-09-13 09:35:25,1.02,0.7555,95,1.0,0.7407,158,1.07,0.7925,1,1.01,0.7481,195,0
IWM190920P157,2019-09-13,2019-09-13 09:35:26,1.02,0.7555,243,1.01,0.7481,13,1.02,0.7555,17,1.015,0.7518,229,34
IWM190920P157,2019-09-13,2019-09-13 09:35:26,1.03,0.7629,14,1.01,0.7481,103,1.02,0.7555,17,1.02,0.7555,229,0
IWM190920P157,2019-09-13,2019-09-13 09:35:27,1.03,0.7629,30,1.01,0.7481,87,1.02,0.7555,17,1.02,0.7555,229,0
IWM190920P157,2019-09-13,2019-09-13 09:35:27,1.03,0.7629,23,1.01,0.7481,87,1.02,0.7555,17,1.02,0.7555,229,0
IWM190920P157,2019-09-13,2019-09-13 09:35:28,1.03,0.7629,30,1.02,0.7555,13,1.02,0.7555,17,1.025,0.7592,229,0
IWM190920P157,2019-09-13,2019-09-13 09:35:28,1.03,0.7629,1,1.02,0.7555,24,1.03,0.7629,22,1.025,0.7592,273,44
IWM190920P157,2019-09-13,2019-09-13 09:35:29,1.04,0.7703,14,1.03,0.7629,11,1.03,0.7629,22,1.035,0.7666,273,0
IWM190920P157,2019-09-13,2019-09-13 09:35:29,1.04,0.7703,66,1.02,0.7555,24,1.03,0.7629,22,1.03,0.7629,273,0
IWM190920P157,2019-09-13,2019-09-13 09:35:30,1.03,0.7629,13,1.01,0.7481,24,1.03,0.7629,22,1.02,0.7555,273,0
IWM190920P157,2019-09-13,2019-09-13 09:35:30,1.03,0.7629,40,1.0,0.7407,170,1.03,0.7629,22,1.015,0.7518,273,0
IWM190920P157,2019-09-13,2019-09-13 09:35:31,1.03,0.7629,40,1.01,0.7481,24,1.03,0.7629,22,1.02,0.7555,273,0
IWM190920P157,2019-09-13,2019-09-13 09:35:32,1.03,0.7629,14,1.01,0.7481,72,1.03,0.7629,22,1.02,0.7555,273,0
IWM190920P157,2019-09-13,2019-09-13 09:35:32,1.04,0.7703,141,1.02,0.7555,24,1.03,0.7629,22,1.03,0.7629,273,0
IWM190920P157,2019-09-13,2019-09-13 09:35:33,1.04,0.7703,13,1.02,0.7555,35,1.03,0.7629,22,1.03,0.7629,273,0
IWM190920P157,2019-09-13,2019-09-13 09:35:33,1.04,0.7703,109,1.01,0.7481,72,1.03,0.7629,22,1.025,0.7592,273,0
IWM190920P157,2019-09-13,2019-09-13 09:35:34,1.04,0.7703,13,1.02,0.7555,22,1.03,0.7629,22,1.03,0.7629,273,0
IWM190920P157,2019-09-13,2019-09-13 09:35:34,1.02,0.7555,13,1.0,0.7407,94,1.03,0.7629,22,1.01,0.7481,273,0
IWM190920P157,2019-09-13,2019-09-13 09:35:35,1.01,0.7481,13,0.99,0.7333,134,1.03,0.7629,22,1.0,0.7407,273,0
IWM190920P157,2019-09-13,2019-09-13 09:35:35,1.02,0.7555,95,0.99,0.7333,213,1.03,0.7629,22,1.005,0.7444,273,0
IWM190920P157,2019-09-13,2019-09-13 09:35:36,1.02,0.7555,59,0.99,0.7333,456,1.03,0.7629,22,1.005,0.7444,273,0
IWM190920P157,2019-09-13,2019-09-13 09:35:36,1.02,0.7555,95,0.99,0.7333,404,1.03,0.7629,22,1.005,0.7444,273,0
IWM190920P157,2019-09-13,2019-09-13 09:35:37,1.02,0.7555,13,1.0,0.7407,77,1.03,0.7629,22,1.01,0.7481,273,0
IWM190920P157,2019-09-13,2019-09-13 09:35:37,1.02,0.7555,30,1.0,0.7407,22,1.03,0.7629,22,1.01,0.7481,273,0
IWM190920P157,2019-09-13,2019-09-13 09:35:38,1.01,0.7481,13,0.99,0.7333,204,1.03,0.7629,22,1.0,0.7407,273,0
IWM190920P157,2019-09-13,2019-09-13 09:35:39,1.0,0.7407,42,0.98,0.7259,134,1.03,0.7629,22,0.99,0.7333,273,0
IWM190920P157,2019-09-13,2019-09-13 09:35:39,1.0,0.7407,13,0.99,0.7333,22,1.03,0.7629,22,0.995,0.737,273,0
IWM190920P157,2019-09-13,2019-09-13 09:35:40,1.0,0.7407,85,0.98,0.7259,134,1.03,0.7629,22,0.99,0.7333,273,0
IWM190920P157,2019-09-13,2019-09-13 09:35:40,1.0,0.7407,152,0.98,0.7259,134,1.03,0.7629,22,0.99,0.7333,273,0
IWM190920P157,2019-09-13,2019-09-13 09:35:41,1.0,0.7407,146,0.99,0.7333,11,1.03,0.7629,22,0.995,0.737,273,0
IWM190920P157,2019-09-13,2019-09-13 09:35:41,1.0,0.7407,85,0.99,0.7333,29,1.03,0.7629,22,0.995,0.737,273,0
IWM190920P157,2019-09-13,2019-09-13 09:35:42,1.0,0.7407,23,0.99,0.7333,47,1.03,0.7629,22,0.995,0.737,273,0
IWM190920P157,2019-09-13,2019-09-13 09:35:42,1.0,0.7407,85,0.99,0.7333,11,1.03,0.7629,22,0.995,0.737,273,0
IWM190920P157,2019-09-13,2019-09-13 09:35:43,1.01,0.7481,17,0.99,0.7333,86,1.0,0.7407,15,1.0,0.7407,288,15
IWM190920P157,2019-09-13,2019-09-13 09:35:43,1.01,0.7481,34,0.99,0.7333,86,1.0,0.7407,15,1.0,0.7407,288,0
IWM190920P157,2019-09-13,2019-09-13 09:35:44,1.02,0.7555,10,1.0,0.7407,102,1.01,0.7481,15,1.01,0.7481,316,28
IWM190920P157,2019-09-13,2019-09-13 09:35:44,1.01,0.7481,34,0.99,0.7333,86,1.0,0.7407,15,1.0,0.7407,288,0
IWM190920P157,2019-09-13,2019-09-13 09:35:45,1.02,0.7555,15,1.0,0.7407,16,1.01,0.7481,15,1.01,0.7481,316,0
IWM190920P157,2019-09-13,2019-09-13 09:35:45,1.02,0.7555,15,1.0,0.7407,52,1.01,0.7481,15,1.01,0.7481,316,0
IWM190920P157,2019-09-13,2019-09-13 09:35:46,1.02,0.7555,14,1.0,0.7407,20,1.01,0.7481,15,1.01,0.7481,316,0
IWM190920P157,2019-09-13,2019-09-13 09:35:46,1.01,0.7481,15,1.0,0.7407,11,1.01,0.7481,15,1.005,0.7444,316,0
IWM190920P157,2019-09-13,2019-09-13 09:35:47,1.02,0.7555,17,1.0,0.7407,35,1.01,0.7481,15,1.01,0.7481,316,0
IWM190920P157,2019-09-13,2019-09-13 09:35:48,1.02,0.7555,79,1.0,0.7407,54,1.01,0.7481,15,1.01,0.7481,316,0
IWM190920P157,2019-09-13,2019-09-13 09:35:48,1.02,0.7555,97,1.0,0.7407,35,1.01,0.7481,15,1.01,0.7481,316,0
IWM190920P157,2019-09-13,2019-09-13 09:35:49,1.01,0.7481,13,0.99,0.7333,209,1.01,0.7481,15,1.0,0.7407,316,0
IWM190920P157,2019-09-13,2019-09-13 09:35:49,1.02,0.7555,14,1.0,0.7407,26,1.01,0.7481,15,1.01,0.7481,316,0
IWM190920P157,2019-09-13,2019-09-13 09:35:50,1.02,0.7555,14,1.0,0.7407,133,1.01,0.7481,15,1.01,0.7481,316,0
IWM190920P157,2019-09-13,2019-09-13 09:35:50,1.02,0.7555,13,1.0,0.7407,53,1.01,0.7481,15,1.01,0.7481,316,0
IWM190920P157,2019-09-13,2019-09-13 09:35:51,1.02,0.7555,15,1.01,0.7481,13,1.01,0.7481,15,1.015,0.7518,316,0
IWM190920P157,2019-09-13,2019-09-13 09:35:51,1.02,0.7555,18,1.01,0.7481,31,1.01,0.7481,15,1.015,0.7518,316,0
IWM190920P157,2019-09-13,2019-09-13 09:35:52,1.02,0.7555,10,1.01,0.7481,13,1.01,0.7481,15,1.015,0.7518,316,0
IWM190920P157,2019-09-13,2019-09-13 09:35:52,1.02,0.7555,26,1.0,0.7407,50,1.01,0.7481,15,1.01,0.7481,316,0
IWM190920P157,2019-09-13,2019-09-13 09:35:53,1.01,0.7481,10,0.99,0.7333,241,1.01,0.7481,15,1.0,0.7407,316,0
IWM190920P157,2019-09-13,2019-09-13 09:35:53,1.02,0.7555,14,0.99,0.7333,134,1.01,0.7481,15,1.005,0.7444,316,0
IWM190920P157,2019-09-13,2019-09-13 09:35:54,1.02,0.7555,136,1.0,0.7407,49,1.01,0.7481,15,1.01,0.7481,316,0
IWM190920P157,2019-09-13,2019-09-13 09:35:54,1.02,0.7555,14,1.0,0.7407,114,1.01,0.7481,15,1.01,0.7481,316,0
IWM190920P157,2019-09-13,2019-09-13 09:35:55,1.02,0.7555,308,1.0,0.7407,36,1.01,0.7481,15,1.01,0.7481,316,0
IWM190920P157,2019-09-13,2019-09-13 09:35:55,1.02,0.7555,171,1.0,0.7407,36,1.01,0.7481,15,1.01,0.7481,316,0
IWM190920P157,2019-09-13,2019-09-13 09:35:56,1.01,0.7481,33,1.0,0.7407,38,1.01,0.7481,15,1.005,0.7444,316,0
IWM190920P157,2019-09-13,2019-09-13 09:35:56,1.01,0.7481,44,0.99,0.7333,400,1.01,0.7481,15,1.0,0.7407,316,0
IWM190920P157,2019-09-13,2019-09-13 09:35:57,1.01,0.7481,20,1.0,0.7407,100,1.01,0.7481,15,1.005,0.7444,316,0
IWM190920P157,2019-09-13,2019-09-13 09:35:57,1.01,0.7481,20,0.99,0.7333,445,1.01,0.7481,15,1.0,0.7407,316,0
IWM190920P157,2019-09-13,2019-09-13 09:35:58,1.02,0.7555,114,1.0,0.7407,46,1.01,0.7481,15,1.01,0.7481,316,0
IWM190920P157,2019-09-13,2019-09-13 09:35:58,1.02,0.7555,124,1.0,0.7407,55,1.01,0.7481,15,1.01,0.7481,316,0
IWM190920P157,2019-09-13,2019-09-13 09:35:59,1.02,0.7555,120,1.0,0.7407,117,1.01,0.7481,15,1.01,0.7481,316,0
IWM190920P157,2019-09-13,2019-09-13 09:35:59,1.02,0.7555,209,1.0,0.7407,223,1.01,0.7481,15,1.01,0.7481,316,0
IWM190920P157,2019-09-13,2019-09-13 09:36:00,1.02,0.7555,211,1.0,0.7407,246,1.01,0.7481,15,1.01,0.7481,316,0
IWM190920P157,2019-09-13,2019-09-13 09:36:00,1.02,0.7555,204,1.0,0.7407,256,1.01,0.7481,15,1.01,0.7481,316,0
IWM190920P157,2019-09-13,2019-09-13 09:36:01,1.01,0.7481,24,1.0,0.7407,20,1.01,0.7481,15,1.005,0.7444,316,0
IWM190920P157,2019-09-13,2019-09-13 09:36:01,1.02,0.7555,216,1.0,0.7407,147,1.01,0.7481,15,1.01,0.7481,316,0
IWM190920P157,2019-09-13,2019-09-13 09:36:02,1.02,0.7555,121,1.01,0.7481,42,1.01,0.7481,15,1.015,0.7518,316,0
IWM190920P157,2019-09-13,2019-09-13 09:36:02,1.02,0.7555,235,1.01,0.7481,42,1.01,0.7481,15,1.015,0.7518,316,0
IWM190920P157,2019-09-13,2019-09-13 09:36:03,1.02,0.7555,224,1.01,0.7481,42,1.01,0.7481,15,1.015,0.7518,316,0
IWM190920P157,2019-09-13,2019-09-13 09:36:04,1.02,0.7555,296,1.01,0.7481,42,1.01,0.7481,2,1.015,0.7518,352,36
IWM190920P157,2019-09-13,2019-09-13 09:36:04,1.02,0.7555,296,1.01,0.7481,42,1.01,0.7481,2,1.015,0.7518,352,0
IWM190920P157,2019-09-13,2019-09-13 09:36:05,1.02,0.7555,149,1.01,0.7481,26,1.01,0.7481,2,1.015,0.7518,352,0
IWM190920P157,2019-09-13,2019-09-13 09:36:05,1.02,0.7555,226,1.01,0.7481,26,1.01,0.7481,2,1.015,0.7518,352,0
IWM190920P157,2019-09-13,2019-09-13 09:36:06,1.03,0.7629,265,1.01,0.7481,120,1.01,0.7481,2,1.02,0.7555,352,0
IWM190920P157,2019-09-13,2019-09-13 09:36:06,1.03,0.7629,265,1.01,0.7481,26,1.01,0.7481,2,1.02,0.7555,352,0
IWM190920P157,2019-09-13,2019-09-13 09:36:07,1.03,0.7629,261,1.01,0.7481,153,1.01,0.7481,2,1.02,0.7555,352,0
IWM190920P157,2019-09-13,2019-09-13 09:36:07,1.03,0.7629,265,1.01,0.7481,153,1.01,0.7481,2,1.02,0.7555,352,0
IWM190920P157,2019-09-13,2019-09-13 09:36:08,1.02,0.7555,136,1.01,0.7481,77,1.01,0.7481,2,1.015,0.7518,352,0
IWM190920P157,2019-09-13,2019-09-13 09:36:08,1.03,0.7629,245,1.01,0.7481,90,1.01,0.7481,2,1.02,0.7555,352,0
IWM190920P157,2019-09-13,2019-09-13 09:36:09,1.02,0.7555,105,1.01,0.7481,26,1.02,0.7555,50,1.015,0.7518,452,100
IWM190920P157,2019-09-13,2019-09-13 09:36:09,1.02,0.7555,176,1.01,0.7481,26,1.02,0.7555,50,1.015,0.7518,452,0
IWM190920P157,2019-09-13,2019-09-13 09:36:10,1.02,0.7555,105,1.01,0.7481,26,1.02,0.7555,50,1.015,0.7518,452,0
IWM190920P157,2019-09-13,2019-09-13 09:36:10,1.02,0.7555,178,1.01,0.7481,26,1.02,0.7555,50,1.015,0.7518,452,0
IWM190920P157,2019-09-13,2019-09-13 09:36:11,1.02,0.7555,178,1.01,0.7481,26,1.02,0.7555,50,1.015,0.7518,452,0
IWM190920P157,2019-09-13,2019-09-13 09:36:11,1.02,0.7555,73,1.01,0.7481,26,1.02,0.7555,50,1.015,0.7518,452,0
IWM190920P157,2019-09-13,2019-09-13 09:36:12,1.02,0.7555,48,1.01,0.7481,68,1.02,0.7555,50,1.015,0.7518,452,0
IWM190920P157,2019-09-13,2019-09-13 09:36:12,1.02,0.7555,48,1.01,0.7481,40,1.02,0.7555,50,1.015,0.7518,452,0
IWM190920P157,2019-09-13,2019-09-13 09:36:13,1.02,0.7555,13,1.01,0.7481,40,1.02,0.7555,50,1.015,0.7518,452,0
IWM190920P157,2019-09-13,2019-09-13 09:36:13,1.02,0.7555,10,1.01,0.7481,110,1.02,0.7555,50,1.015,0.7518,452,0
IWM190920P157,2019-09-13,2019-09-13 09:36:14,1.02,0.7555,26,1.01,0.7481,40,1.01,0.7481,10,1.015,0.7518,462,0
IWM190920P157,2019-09-13,2019-09-13 09:36:14,1.02,0.7555,156,1.01,0.7481,40,1.01,0.7481,10,1.015,0.7518,462,10
IWM190920P157,2019-09-13,2019-09-13 09:36:15,1.02,0.7555,240,1.01,0.7481,40,1.01,0.7481,10,1.015,0.7518,462,0
IWM190920P157,2019-09-13,2019-09-13 09:36:15,1.02,0.7555,133,1.01,0.7481,40,1.01,0.7481,10,1.015,0.7518,462,0
IWM190920P157,2019-09-13,2019-09-13 09:36:16,1.01,0.7481,129,1.0,0.7407,20,1.01,0.7481,13,1.005,0.7444,526,59
IWM190920P157,2019-09-13,2019-09-13 09:36:16,1.02,0.7555,380,1.01,0.7481,40,1.01,0.7481,3,1.015,0.7518,467,5
IWM190920P157,2019-09-13,2019-09-13 09:36:17,1.01,0.7481,73,1.0,0.7407,20,1.01,0.7481,13,1.005,0.7444,526,0
IWM190920P157,2019-09-13,2019-09-13 09:36:17,1.01,0.7481,164,1.0,0.7407,33,1.01,0.7481,13,1.005,0.7444,526,0
IWM190920P157,2019-09-13,2019-09-13 09:36:18,0.99,0.7333,22,0.97,0.7185,147,1.0,0.7407,10,0.98,0.7259,546,0
IWM190920P157,2019-09-13,2019-09-13 09:36:18,1.01,0.7481,164,1.0,0.7407,33,1.0,0.7407,10,1.005,0.7444,546,20
IWM190920P157,2019-09-13,2019-09-13 09:36:19,0.99,0.7333,108,0.97,0.7185,35,1.0,0.7407,10,0.98,0.7259,546,0
IWM190920P157,2019-09-13,2019-09-13 09:36:19,0.99,0.7333,22,0.98,0.7259,14,1.0,0.7407,10,0.985,0.7296,546,0
IWM190920P157,2019-09-13,2019-09-13 09:36:20,0.97,0.7185,60,0.96,0.7111,26,1.0,0.7407,10,0.965,0.7148,546,0
IWM190920P157,2019-09-13,2019-09-13 09:36:20,0.97,0.7185,60,0.96,0.7111,13,1.0,0.7407,10,0.965,0.7148,546,0
IWM190920P157,2019-09-13,2019-09-13 09:36:21,0.97,0.7185,60,0.96,0.7111,26,1.0,0.7407,10,0.965,0.7148,546,0
IWM190920P157,2019-09-13,2019-09-13 09:36:22,0.98,0.7259,170,0.96,0.7111,26,0.97,0.7185,1,0.97,0.7185,568,0
IWM190920P157,2019-09-13,2019-09-13 09:36:22,0.97,0.7185,1,0.96,0.7111,26,0.97,0.7185,1,0.965,0.7148,568,22
IWM190920P157,2019-09-13,2019-09-13 09:36:23,0.98,0.7259,101,0.97,0.7185,32,0.97,0.7185,25,0.975,0.7222,593,25
IWM190920P157,2019-09-13,2019-09-13 09:36:23,0.98,0.7259,172,0.97,0.7185,1,0.97,0.7185,1,0.975,0.7222,568,0
IWM190920P157,2019-09-13,2019-09-13 09:36:24,0.98,0.7259,101,0.97,0.7185,32,0.97,0.7185,25,0.975,0.7222,593,0
IWM190920P157,2019-09-13,2019-09-13 09:36:24,0.98,0.7259,140,0.97,0.7185,1,0.97,0.7185,25,0.975,0.7222,593,0
IWM190920P157,2019-09-13,2019-09-13 09:36:25,0.97,0.7185,94,0.96,0.7111,26,0.97,0.7185,25,0.965,0.7148,593,0
IWM190920P157,2019-09-13,2019-09-13 09:36:25,0.97,0.7185,129,0.95,0.7037,107,0.97,0.7185,25,0.96,0.7111,593,0
IWM190920P157,2019-09-13,2019-09-13 09:36:26,0.97,0.7185,74,0.96,0.7111,26,0.97,0.7185,25,0.965,0.7148,593,0
IWM190920P157,2019-09-13,2019-09-13 09:36:26,0.97,0.7185,45,0.96,0.7111,13,0.97,0.7185,25,0.965,0.7148,593,0
IWM190920P157,2019-09-13,2019-09-13 09:36:27,0.97,0.7185,45,0.96,0.7111,28,0.97,0.7185,25,0.965,0.7148,593,0
IWM190920P157,2019-09-13,2019-09-13 09:36:27,0.97,0.7185,45,0.96,0.7111,14,0.97,0.7185,25,0.965,0.7148,593,0
IWM190920P157,2019-09-13,2019-09-13 09:36:28,0.97,0.7185,8,0.96,0.7111,64,0.97,0.7185,25,0.965,0.7148,593,0
IWM190920P157,2019-09-13,2019-09-13 09:36:29,0.97,0.7185,132,0.95,0.7037,145,0.97,0.7185,25,0.96,0.7111,593,0
IWM190920P157,2019-09-13,2019-09-13 09:36:29,0.97,0.7185,8,0.96,0.7111,64,0.97,0.7185,25,0.965,0.7148,593,0
IWM190920P157,2019-09-13,2019-09-13 09:36:30,0.97,0.7185,132,0.95,0.7037,145,0.97,0.7185,25,0.96,0.7111,593,0
IWM190920P157,2019-09-13,2019-09-13 09:36:30,0.97,0.7185,135,0.95,0.7037,145,0.97,0.7185,25,0.96,0.7111,593,0
IWM190920P157,2019-09-13,2019-09-13 09:36:31,0.96,0.7111,78,0.95,0.7037,75,0.97,0.7185,25,0.955,0.7074,593,0
IWM190920P157,2019-09-13,2019-09-13 09:36:31,0.97,0.7185,124,0.95,0.7037,120,0.97,0.7185,25,0.96,0.7111,593,0
IWM190920P157,2019-09-13,2019-09-13 09:36:32,0.97,0.7185,56,0.96,0.7111,5,0.97,0.7185,25,0.965,0.7148,593,0
IWM190920P157,2019-09-13,2019-09-13 09:36:32,0.97,0.7185,70,0.95,0.7037,108,0.97,0.7185,25,0.96,0.7111,593,0
IWM190920P157,2019-09-13,2019-09-13 09:36:33,0.97,0.7185,75,0.96,0.7111,13,0.97,0.7185,25,0.965,0.7148,593,0
IWM190920P157,2019-09-13,2019-09-13 09:36:33,0.97,0.7185,75,0.95,0.7037,125,0.97,0.7185,25,0.96,0.7111,593,0
IWM190920P157,2019-09-13,2019-09-13 09:36:34,0.96,0.7111,100,0.95,0.7037,92,0.97,0.7185,25,0.955,0.7074,593,0
IWM190920P157,2019-09-13,2019-09-13 09:36:34,0.97,0.7185,166,0.95,0.7037,125,0.97,0.7185,25,0.96,0.7111,593,0
IWM190920P157,2019-09-13,2019-09-13 09:36:35,0.96,0.7111,86,0.95,0.7037,105,0.97,0.7185,25,0.955,0.7074,593,0
IWM190920P157,2019-09-13,2019-09-13 09:36:36,0.96,0.7111,92,0.95,0.7037,105,0.97,0.7185,25,0.955,0.7074,593,0
IWM190920P157,2019-09-13,2019-09-13 09:36:36,0.96,0.7111,92,0.95,0.7037,92,0.97,0.7185,25,0.955,0.7074,593,0
IWM190920P157,2019-09-13,2019-09-13 09:36:37,0.96,0.7111,92,0.95,0.7037,105,0.97,0.7185,25,0.955,0.7074,593,0
IWM190920P157,2019-09-13,2019-09-13 09:36:37,0.96,0.7111,92,0.95,0.7037,92,0.97,0.7185,25,0.955,0.7074,593,0
IWM190920P157,2019-09-13,2019-09-13 09:36:38,0.96,0.7111,92,0.95,0.7037,88,0.97,0.7185,25,0.955,0.7074,593,0
IWM190920P157,2019-09-13,2019-09-13 09:36:38,0.96,0.7111,92,0.95,0.7037,105,0.97,0.7185,25,0.955,0.7074,593,0
IWM190920P157,2019-09-13,2019-09-13 09:36:39,0.96,0.7111,110,0.95,0.7037,105,0.97,0.7185,25,0.955,0.7074,593,0
IWM190920P157,2019-09-13,2019-09-13 09:36:39,0.96,0.7111,126,0.95,0.7037,105,0.97,0.7185,25,0.955,0.7074,593,0
IWM190920P157,2019-09-13,2019-09-13 09:36:40,0.96,0.7111,110,0.95,0.7037,75,0.97,0.7185,25,0.955,0.7074,593,0
IWM190920P157,2019-09-13,2019-09-13 09:36:41,0.96,0.7111,92,0.95,0.7037,105,0.97,0.7185,25,0.955,0.7074,593,0
IWM190920P157,2019-09-13,2019-09-13 09:36:41,0.96,0.7111,92,0.95,0.7037,75,0.97,0.7185,25,0.955,0.7074,593,0
IWM190920P157,2019-09-13,2019-09-13 09:36:42,0.96,0.7111,105,0.95,0.7037,75,0.97,0.7185,25,0.955,0.7074,593,0
IWM190920P157,2019-09-13,2019-09-13 09:36:43,0.96,0.7111,378,0.95,0.7037,75,0.95,0.7037,10,0.955,0.7074,603,10
IWM190920P157,2019-09-13,2019-09-13 09:36:43,0.96,0.7111,169,0.95,0.7037,75,0.97,0.7185,25,0.955,0.7074,593,0
IWM190920P157,2019-09-13,2019-09-13 09:36:44,0.96,0.7111,109,0.95,0.7037,75,0.95,0.7037,10,0.955,0.7074,603,0
IWM190920P157,2019-09-13,2019-09-13 09:36:45,0.96,0.7111,109,0.95,0.7037,75,0.95,0.7037,10,0.955,0.7074,603,0
IWM190920P157,2019-09-13,2019-09-13 09:36:46,0.96,0.7111,126,0.95,0.7037,65,0.95,0.7037,10,0.955,0.7074,603,0
IWM190920P157,2019-09-13,2019-09-13 09:36:46,0.96,0.7111,92,0.95,0.7037,75,0.95,0.7037,10,0.955,0.7074,603,0
IWM190920P157,2019-09-13,2019-09-13 09:36:47,0.95,0.7037,25,0.95,0.7037,65,0.95,0.7037,63,0.95,0.7037,670,67
IWM190920P157,2019-09-13,2019-09-13 09:36:47,0.95,0.7037,77,0.93,0.6888,103,0.95,0.7037,63,0.94,0.6962,670,0
IWM190920P157,2019-09-13,2019-09-13 09:36:48,0.95,0.7037,112,0.93,0.6888,68,0.95,0.7037,63,0.94,0.6962,670,0
IWM190920P157,2019-09-13,2019-09-13 09:36:48,0.95,0.7037,78,0.93,0.6888,85,0.95,0.7037,63,0.94,0.6962,670,0
IWM190920P157,2019-09-13,2019-09-13 09:36:49,0.95,0.7037,126,0.93,0.6888,96,0.95,0.7037,63,0.94,0.6962,670,0
IWM190920P157,2019-09-13,2019-09-13 09:36:49,0.95,0.7037,32,0.93,0.6888,96,0.95,0.7037,63,0.94,0.6962,670,0
IWM190920P157,2019-09-13,2019-09-13 09:36:50,0.96,0.7111,116,0.95,0.7037,8,0.95,0.7037,63,0.955,0.7074,670,0
IWM190920P157,2019-09-13,2019-09-13 09:36:50,0.96,0.7111,153,0.95,0.7037,8,0.95,0.7037,63,0.955,0.7074,670,0
IWM190920P157,2019-09-13,2019-09-13 09:36:51,0.96,0.7111,116,0.95,0.7037,8,0.95,0.7037,63,0.955,0.7074,670,0
IWM190920P157,2019-09-13,2019-09-13 09:36:52,0.96,0.7111,158,0.94,0.6962,36,0.95,0.7037,63,0.95,0.7037,670,0
IWM190920P157,2019-09-13,2019-09-13 09:36:52,0.96,0.7111,109,0.94,0.6962,45,0.95,0.7037,63,0.95,0.7037,670,0
IWM190920P157,2019-09-13,2019-09-13 09:36:53,0.96,0.7111,183,0.95,0.7037,74,0.95,0.7037,63,0.955,0.7074,670,0
IWM190920P157,2019-09-13,2019-09-13 09:36:53,0.96,0.7111,117,0.95,0.7037,74,0.95,0.7037,63,0.955,0.7074,670,0
IWM190920P157,2019-09-13,2019-09-13 09:36:54,0.96,0.7111,81,0.95,0.7037,74,0.95,0.7037,63,0.955,0.7074,670,0
IWM190920P157,2019-09-13,2019-09-13 09:36:54,0.96,0.7111,82,0.95,0.7037,74,0.95,0.7037,63,0.955,0.7074,670,0
IWM190920P157,2019-09-13,2019-09-13 09:36:55,0.96,0.7111,239,0.95,0.7037,74,0.95,0.7037,63,0.955,0.7074,670,0
IWM190920P157,2019-09-13,2019-09-13 09:36:55,0.96,0.7111,216,0.95,0.7037,16,0.95,0.7037,60,0.955,0.7074,730,60
IWM190920P157,2019-09-13,2019-09-13 09:36:56,0.96,0.7111,174,0.95,0.7037,16,0.95,0.7037,60,0.955,0.7074,730,0
IWM190920P157,2019-09-13,2019-09-13 09:36:56,0.96,0.7111,267,0.95,0.7037,16,0.96,0.7111,17,0.955,0.7074,780,50
IWM190920P157,2019-09-13,2019-09-13 09:36:57,0.96,0.7111,77,0.95,0.7037,16,0.96,0.7111,17,0.955,0.7074,780,0
IWM190920P157,2019-09-13,2019-09-13 09:36:57,0.96,0.7111,186,0.95,0.7037,16,0.96,0.7111,17,0.955,0.7074,780,0
IWM190920P157,2019-09-13,2019-09-13 09:36:58,0.96,0.7111,58,0.95,0.7037,16,0.96,0.7111,100,0.955,0.7074,880,100
IWM190920P157,2019-09-13,2019-09-13 09:36:59,0.96,0.7111,67,0.95,0.7037,29,0.96,0.7111,100,0.955,0.7074,880,0
IWM190920P157,2019-09-13,2019-09-13 09:36:59,0.96,0.7111,24,0.95,0.7037,16,0.96,0.7111,100,0.955,0.7074,880,0
IWM190920P157,2019-09-13,2019-09-13 09:37:00,0.96,0.7111,237,0.95,0.7037,16,0.96,0.7111,100,0.955,0.7074,880,0
IWM190920P157,2019-09-13,2019-09-13 09:37:00,0.96,0.7111,190,0.95,0.7037,16,0.96,0.7111,100,0.955,0.7074,880,0
IWM190920P157,2019-09-13,2019-09-13 09:37:01,0.97,0.7185,223,0.95,0.7037,74,0.96,0.7111,100,0.96,0.7111,880,0
IWM190920P157,2019-09-13,2019-09-13 09:37:01,0.96,0.7111,13,0.95,0.7037,32,0.96,0.7111,100,0.955,0.7074,880,0
IWM190920P157,2019-09-13,2019-09-13 09:37:02,0.97,0.7185,291,0.95,0.7037,32,0.96,0.7111,100,0.96,0.7111,880,0
IWM190920P157,2019-09-13,2019-09-13 09:37:02,0.97,0.7185,223,0.95,0.7037,99,0.96,0.7111,100,0.96,0.7111,880,0
IWM190920P157,2019-09-13,2019-09-13 09:37:03,0.97,0.7185,126,0.95,0.7037,32,0.96,0.7111,100,0.96,0.7111,880,0
IWM190920P157,2019-09-13,2019-09-13 09:37:03,0.97,0.7185,207,0.95,0.7037,56,0.96,0.7111,100,0.96,0.7111,880,0
IWM190920P157,2019-09-13,2019-09-13 09:37:04,0.95,0.7037,194,0.95,0.7037,9,0.95,0.7037,6,0.95,0.7037,921,21
IWM190920P157,2019-09-13,2019-09-13 09:37:04,0.96,0.7111,284,0.95,0.7037,12,0.95,0.7037,1,0.955,0.7074,900,20
IWM190920P157,2019-09-13,2019-09-13 09:37:05,0.95,0.7037,168,0.94,0.6962,17,0.95,0.7037,6,0.945,0.7,921,0
IWM190920P157,2019-09-13,2019-09-13 09:37:05,0.95,0.7037,224,0.93,0.6888,110,0.95,0.7037,6,0.94,0.6962,921,0
IWM190920P157,2019-09-13,2019-09-13 09:37:06,0.95,0.7037,146,0.94,0.6962,17,0.95,0.7037,6,0.945,0.7,921,0
IWM190920P157,2019-09-13,2019-09-13 09:37:06,0.95,0.7037,146,0.93,0.6888,49,0.95,0.7037,6,0.94,0.6962,921,0
IWM190920P157,2019-09-13,2019-09-13 09:37:07,0.95,0.7037,187,0.93,0.6888,18,0.95,0.7037,6,0.94,0.6962,921,0
IWM190920P157,2019-09-13,2019-09-13 09:37:07,0.95,0.7037,217,0.93,0.6888,54,0.95,0.7037,6,0.94,0.6962,921,0
IWM190920P157,2019-09-13,2019-09-13 09:37:08,0.94,0.6962,16,0.92,0.6814,87,0.95,0.7037,6,0.93,0.6888,921,0
IWM190920P157,2019-09-13,2019-09-13 09:37:08,0.95,0.7037,276,0.93,0.6888,56,0.95,0.7037,6,0.94,0.6962,921,0
IWM190920P157,2019-09-13,2019-09-13 09:37:09,0.95,0.7037,164,0.94,0.6962,13,0.95,0.7037,6,0.945,0.7,921,0
IWM190920P157,2019-09-13,2019-09-13 09:37:09,0.95,0.7037,133,0.94,0.6962,7,0.95,0.7037,6,0.945,0.7,921,0
IWM190920P157,2019-09-13,2019-09-13 09:37:10,0.95,0.7037,164,0.94,0.6962,13,0.95,0.7037,6,0.945,0.7,921,0
IWM190920P157,2019-09-13,2019-09-13 09:37:11,0.95,0.7037,164,0.94,0.6962,20,0.95,0.7037,6,0.945,0.7,921,0
IWM190920P157,2019-09-13,2019-09-13 09:37:12,0.95,0.7037,164,0.94,0.6962,20,0.95,0.7037,6,0.945,0.7,921,0
IWM190920P157,2019-09-13,2019-09-13 09:37:13,0.95,0.7037,100,0.94,0.6962,20,0.95,0.7037,6,0.945,0.7,921,0
IWM190920P157,2019-09-13,2019-09-13 09:37:13,0.95,0.7037,164,0.94,0.6962,20,0.95,0.7037,6,0.945,0.7,921,0
IWM190920P157,2019-09-13,2019-09-13 09:37:14,0.95,0.7037,98,0.94,0.6962,13,0.95,0.7037,6,0.945,0.7,921,0
IWM190920P157,2019-09-13,2019-09-13 09:37:14,0.95,0.7037,98,0.94,0.6962,24,0.95,0.7037,6,0.945,0.7,921,0
IWM190920P157,2019-09-13,2019-09-13 09:37:15,0.95,0.7037,98,0.94,0.6962,24,0.95,0.7037,6,0.945,0.7,921,0
IWM190920P157,2019-09-13,2019-09-13 09:37:16,0.95,0.7037,98,0.94,0.6962,24,0.95,0.7037,6,0.945,0.7,921,0
IWM190920P157,2019-09-13,2019-09-13 09:37:17,0.95,0.7037,80,0.94,0.6962,24,0.95,0.7037,6,0.945,0.7,921,0
IWM190920P157,2019-09-13,2019-09-13 09:37:17,0.95,0.7037,98,0.94,0.6962,24,0.95,0.7037,6,0.945,0.7,921,0
IWM190920P157,2019-09-13,2019-09-13 09:37:18,0.95,0.7037,111,0.94,0.6962,11,0.95,0.7037,6,0.945,0.7,921,0
IWM190920P157,2019-09-13,2019-09-13 09:37:18,0.95,0.7037,80,0.94,0.6962,24,0.95,0.7037,6,0.945,0.7,921,0
IWM190920P157,2019-09-13,2019-09-13 09:37:19,0.93,0.6888,16,0.93,0.6888,13,0.95,0.7037,6,0.93,0.6888,921,0
IWM190920P157,2019-09-13,2019-09-13 09:37:19,0.94,0.6962,78,0.93,0.6888,13,0.95,0.7037,6,0.935,0.6925,921,0
IWM190920P157,2019-09-13,2019-09-13 09:37:20,0.93,0.6888,78,0.92,0.6814,53,0.95,0.7037,6,0.925,0.6851,921,0
IWM190920P157,2019-09-13,2019-09-13 09:37:20,0.94,0.6962,32,0.93,0.6888,36,0.95,0.7037,6,0.935,0.6925,921,0
IWM190920P157,2019-09-13,2019-09-13 09:37:21,0.94,0.6962,24,0.94,0.6962,26,0.95,0.7037,6,0.94,0.6962,921,0
IWM190920P157,2019-09-13,2019-09-13 09:37:21,0.96,0.7111,214,0.94,0.6962,69,0.95,0.7037,1,0.95,0.7037,922,1
IWM190920P157,2019-09-13,2019-09-13 09:37:22,0.96,0.7111,208,0.94,0.6962,41,0.95,0.7037,1,0.95,0.7037,922,0
IWM190920P157,2019-09-13,2019-09-13 09:37:22,0.95,0.7037,53,0.94,0.6962,41,0.95,0.7037,1,0.945,0.7,922,0
IWM190920P157,2019-09-13,2019-09-13 09:37:23,0.95,0.7037,53,0.94,0.6962,41,0.95,0.7037,1,0.945,0.7,922,0
IWM190920P157,2019-09-13,2019-09-13 09:37:24,0.95,0.7037,53,0.94,0.6962,41,0.95,0.7037,1,0.945,0.7,922,0
IWM190920P157,2019-09-13,2019-09-13 09:37:25,0.95,0.7037,53,0.94,0.6962,41,0.95,0.7037,1,0.945,0.7,922,0
IWM190920P157,2019-09-13,2019-09-13 09:37:25,0.95,0.7037,26,0.93,0.6888,94,0.95,0.7037,1,0.94,0.6962,922,0
IWM190920P157,2019-09-13,2019-09-13 09:37:26,0.95,0.7037,12,0.94,0.6962,23,0.95,0.7037,1,0.945,0.7,922,0
IWM190920P157,2019-09-13,2019-09-13 09:37:26,0.95,0.7037,30,0.93,0.6888,94,0.95,0.7037,1,0.94,0.6962,922,0
IWM190920P157,2019-09-13,2019-09-13 09:37:27,0.96,0.7111,228,0.95,0.7037,9,0.95,0.7037,1,0.955,0.7074,922,0
IWM190920P157,2019-09-13,2019-09-13 09:37:27,0.96,0.7111,228,0.94,0.6962,23,0.95,0.7037,1,0.95,0.7037,922,0
IWM190920P157,2019-09-13,2019-09-13 09:37:28,0.96,0.7111,64,0.94,0.6962,54,0.95,0.7037,1,0.95,0.7037,922,0
IWM190920P157,2019-09-13,2019-09-13 09:37:28,0.94,0.6962,65,0.93,0.6888,36,0.95,0.7037,1,0.935,0.6925,922,0
IWM190920P157,2019-09-13,2019-09-13 09:37:29,0.95,0.7037,150,0.94,0.6962,9,0.95,0.7037,1,0.945,0.7,922,0
IWM190920P157,2019-09-13,2019-09-13 09:37:29,0.95,0.7037,98,0.94,0.6962,22,0.95,0.7037,1,0.945,0.7,922,0
IWM190920P157,2019-09-13,2019-09-13 09:37:30,0.94,0.6962,89,0.93,0.6888,33,0.95,0.7037,1,0.935,0.6925,922,0
IWM190920P157,2019-09-13,2019-09-13 09:37:30,0.95,0.7037,205,0.93,0.6888,55,0.95,0.7037,1,0.94,0.6962,922,0
IWM190920P157,2019-09-13,2019-09-13 09:37:31,0.94,0.6962,138,0.92,0.6814,92,0.95,0.7037,1,0.93,0.6888,922,0
IWM190920P157,2019-09-13,2019-09-13 09:37:31,0.94,0.6962,138,0.92,0.6814,53,0.95,0.7037,1,0.93,0.6888,922,0
IWM190920P157,2019-09-13,2019-09-13 09:37:32,0.94,0.6962,125,0.92,0.6814,92,0.95,0.7037,1,0.93,0.6888,922,0
IWM190920P157,2019-09-13,2019-09-13 09:37:32,0.94,0.6962,125,0.92,0.6814,106,0.95,0.7037,1,0.93,0.6888,922,0
IWM190920P157,2019-09-13,2019-09-13 09:37:33,0.94,0.6962,119,0.92,0.6814,115,0.95,0.7037,1,0.93,0.6888,922,0
IWM190920P157,2019-09-13,2019-09-13 09:37:33,0.94,0.6962,156,0.92,0.6814,115,0.95,0.7037,1,0.93,0.6888,922,0
IWM190920P157,2019-09-13,2019-09-13 09:37:34,0.94,0.6962,111,0.92,0.6814,162,0.95,0.7037,1,0.93,0.6888,922,0
IWM190920P157,2019-09-13,2019-09-13 09:37:35,0.93,0.6888,78,0.92,0.6814,66,0.95,0.7037,1,0.925,0.6851,922,0
IWM190920P157,2019-09-13,2019-09-13 09:37:35,0.93,0.6888,1,0.92,0.6814,119,0.95,0.7037,1,0.925,0.6851,922,0
IWM190920P157,2019-09-13,2019-09-13 09:37:36,0.94,0.6962,80,0.92,0.6814,160,0.95,0.7037,1,0.93,0.6888,922,0
IWM190920P157,2019-09-13,2019-09-13 09:37:36,0.94,0.6962,80,0.92,0.6814,120,0.95,0.7037,1,0.93,0.6888,922,0
IWM190920P157,2019-09-13,2019-09-13 09:37:37,0.94,0.6962,134,0.92,0.6814,120,0.95,0.7037,1,0.93,0.6888,922,0
IWM190920P157,2019-09-13,2019-09-13 09:37:37,0.94,0.6962,94,0.92,0.6814,105,0.95,0.7037,1,0.93,0.6888,922,0
IWM190920P157,2019-09-13,2019-09-13 09:37:38,0.94,0.6962,89,0.92,0.6814,110,0.95,0.7037,1,0.93,0.6888,922,0
IWM190920P157,2019-09-13,2019-09-13 09:37:38,0.94,0.6962,122,0.92,0.6814,66,0.95,0.7037,1,0.93,0.6888,922,0
IWM190920P157,2019-09-13,2019-09-13 09:37:39,0.94,0.6962,80,0.92,0.6814,100,0.95,0.7037,1,0.93,0.6888,922,0
IWM190920P157,2019-09-13,2019-09-13 09:37:39,0.94,0.6962,67,0.93,0.6888,25,0.95,0.7037,1,0.935,0.6925,922,0
IWM190920P157,2019-09-13,2019-09-13 09:37:40,0.94,0.6962,198,0.92,0.6814,50,0.95,0.7037,1,0.93,0.6888,922,0
IWM190920P157,2019-09-13,2019-09-13 09:37:40,0.94,0.6962,80,0.92,0.6814,100,0.95,0.7037,1,0.93,0.6888,922,0
IWM190920P157,2019-09-13,2019-09-13 09:37:41,0.93,0.6888,80,0.92,0.6814,26,0.95,0.7037,1,0.925,0.6851,922,0
IWM190920P157,2019-09-13,2019-09-13 09:37:41,0.93,0.6888,109,0.92,0.6814,13,0.95,0.7037,1,0.925,0.6851,922,0
IWM190920P157,2019-09-13,2019-09-13 09:37:42,0.94,0.6962,80,0.92,0.6814,120,0.95,0.7037,1,0.93,0.6888,922,0
IWM190920P157,2019-09-13,2019-09-13 09:37:42,0.93,0.6888,60,0.92,0.6814,40,0.95,0.7037,1,0.925,0.6851,922,0
IWM190920P157,2019-09-13,2019-09-13 09:37:43,0.94,0.6962,159,0.92,0.6814,130,0.95,0.7037,1,0.93,0.6888,922,0
IWM190920P157,2019-09-13,2019-09-13 09:37:43,0.94,0.6962,80,0.92,0.6814,130,0.95,0.7037,1,0.93,0.6888,922,0
IWM190920P157,2019-09-13,2019-09-13 09:37:44,0.93,0.6888,30,0.92,0.6814,9,0.95,0.7037,1,0.925,0.6851,922,0
IWM190920P157,2019-09-13,2019-09-13 09:37:45,0.93,0.6888,41,0.92,0.6814,20,0.95,0.7037,1,0.925,0.6851,922,0
IWM190920P157,2019-09-13,2019-09-13 09:37:45,0.93,0.6888,41,0.91,0.674,33,0.95,0.7037,1,0.92,0.6814,922,0
IWM190920P157,2019-09-13,2019-09-13 09:37:46,0.93,0.6888,41,0.92,0.6814,31,0.95,0.7037,1,0.925,0.6851,922,0
IWM190920P157,2019-09-13,2019-09-13 09:37:46,0.93,0.6888,92,0.91,0.674,33,0.95,0.7037,1,0.92,0.6814,922,0
IWM190920P157,2019-09-13,2019-09-13 09:37:47,0.94,0.6962,41,0.92,0.6814,54,0.95,0.7037,1,0.93,0.6888,922,0
IWM190920P157,2019-09-13,2019-09-13 09:37:47,0.94,0.6962,41,0.93,0.6888,47,0.95,0.7037,1,0.935,0.6925,922,0
IWM190920P157,2019-09-13,2019-09-13 09:37:48,0.94,0.6962,245,0.92,0.6814,64,0.95,0.7037,1,0.93,0.6888,922,0
IWM190920P157,2019-09-13,2019-09-13 09:37:48,0.94,0.6962,203,0.92,0.6814,70,0.95,0.7037,1,0.93,0.6888,922,0
IWM190920P157,2019-09-13,2019-09-13 09:37:49,0.94,0.6962,228,0.92,0.6814,64,0.95,0.7037,1,0.93,0.6888,922,0
IWM190920P157,2019-09-13,2019-09-13 09:37:49,0.94,0.6962,183,0.92,0.6814,64,0.95,0.7037,1,0.93,0.6888,922,0
IWM190920P157,2019-09-13,2019-09-13 09:37:50,0.92,0.6814,50,0.91,0.674,10,0.95,0.7037,1,0.915,0.6777,922,0
IWM190920P157,2019-09-13,2019-09-13 09:37:50,0.92,0.6814,24,0.91,0.674,10,0.95,0.7037,1,0.915,0.6777,922,0
IWM190920P157,2019-09-13,2019-09-13 09:37:51,0.92,0.6814,21,0.91,0.674,44,0.95,0.7037,1,0.915,0.6777,922,0
IWM190920P157,2019-09-13,2019-09-13 09:37:51,0.92,0.6814,37,0.91,0.674,24,0.95,0.7037,1,0.915,0.6777,922,0
IWM190920P157,2019-09-13,2019-09-13 09:37:52,0.93,0.6888,20,0.92,0.6814,26,0.95,0.7037,1,0.925,0.6851,922,0
IWM190920P157,2019-09-13,2019-09-13 09:37:52,0.93,0.6888,20,0.91,0.674,127,0.95,0.7037,1,0.92,0.6814,922,0
IWM190920P157,2019-09-13,2019-09-13 09:37:53,0.92,0.6814,78,0.91,0.674,68,0.95,0.7037,1,0.915,0.6777,922,0
IWM190920P157,2019-09-13,2019-09-13 09:37:54,0.92,0.6814,24,0.91,0.674,68,0.95,0.7037,1,0.915,0.6777,922,0
IWM190920P157,2019-09-13,2019-09-13 09:37:55,0.92,0.6814,24,0.91,0.674,68,0.95,0.7037,1,0.915,0.6777,922,0
IWM190920P157,2019-09-13,2019-09-13 09:37:55,0.92,0.6814,24,0.91,0.674,51,0.95,0.7037,1,0.915,0.6777,922,0
IWM190920P157,2019-09-13,2019-09-13 09:37:56,0.92,0.6814,24,0.91,0.674,68,0.95,0.7037,1,0.915,0.6777,922,0
IWM190920P157,2019-09-13,2019-09-13 09:37:57,0.93,0.6888,33,0.91,0.674,36,0.95,0.7037,1,0.92,0.6814,922,0
IWM190920P157,2019-09-13,2019-09-13 09:37:57,0.92,0.6814,24,0.91,0.674,68,0.95,0.7037,1,0.915,0.6777,922,0
IWM190920P157,2019-09-13,2019-09-13 09:37:58,0.94,0.6962,90,0.92,0.6814,29,0.95,0.7037,1,0.93,0.6888,922,0
IWM190920P157,2019-09-13,2019-09-13 09:37:58,0.93,0.6888,73,0.91,0.674,36,0.95,0.7037,1,0.92,0.6814,922,0
IWM190920P157,2019-09-13,2019-09-13 09:37:59,0.94,0.6962,55,0.92,0.6814,31,0.95,0.7037,1,0.93,0.6888,922,0
IWM190920P157,2019-09-13,2019-09-13 09:38:00,0.93,0.6888,24,0.91,0.674,70,0.95,0.7037,1,0.92,0.6814,922,0
IWM190920P157,2019-09-13,2019-09-13 09:38:00,0.93,0.6888,33,0.92,0.6814,13,0.95,0.7037,1,0.925,0.6851,922,0
IWM190920P157,2019-09-13,2019-09-13 09:38:01,0.93,0.6888,33,0.91,0.674,33,0.95,0.7037,1,0.92,0.6814,922,0
IWM190920P157,2019-09-13,2019-09-13 09:38:01,0.94,0.6962,55,0.92,0.6814,19,0.95,0.7037,1,0.93,0.6888,922,0
IWM190920P157,2019-09-13,2019-09-13 09:38:02,0.93,0.6888,33,0.92,0.6814,6,0.95,0.7037,1,0.925,0.6851,922,0
IWM190920P157,2019-09-13,2019-09-13 09:38:02,0.93,0.6888,33,0.91,0.674,39,0.95,0.7037,1,0.92,0.6814,922,0
IWM190920P157,2019-09-13,2019-09-13 09:38:03,0.93,0.6888,33,0.91,0.674,26,0.95,0.7037,1,0.92,0.6814,922,0
IWM190920P157,2019-09-13,2019-09-13 09:38:03,0.92,0.6814,13,0.91,0.674,26,0.95,0.7037,1,0.915,0.6777,922,0
IWM190920P157,2019-09-13,2019-09-13 09:38:04,0.93,0.6888,33,0.91,0.674,65,0.95,0.7037,1,0.92,0.6814,922,0
IWM190920P157,2019-09-13,2019-09-13 09:38:04,0.93,0.6888,99,0.92,0.6814,19,0.95,0.7037,1,0.925,0.6851,922,0
IWM190920P157,2019-09-13,2019-09-13 09:38:05,0.94,0.6962,31,0.92,0.6814,77,0.95,0.7037,1,0.93,0.6888,922,0
IWM190920P157,2019-09-13,2019-09-13 09:38:05,0.94,0.6962,31,0.92,0.6814,109,0.95,0.7037,1,0.93,0.6888,922,0
IWM190920P157,2019-09-13,2019-09-13 09:38:06,0.94,0.6962,131,0.92,0.6814,56,0.95,0.7037,1,0.93,0.6888,922,0
IWM190920P157,2019-09-13,2019-09-13 09:38:06,0.94,0.6962,31,0.92,0.6814,71,0.95,0.7037,1,0.93,0.6888,922,0
IWM190920P157,2019-09-13,2019-09-13 09:38:07,0.94,0.6962,31,0.92,0.6814,71,0.95,0.7037,1,0.93,0.6888,922,0
IWM190920P157,2019-09-13,2019-09-13 09:38:07,0.94,0.6962,31,0.92,0.6814,95,0.95,0.7037,1,0.93,0.6888,922,0
IWM190920P157,2019-09-13,2019-09-13 09:38:08,0.94,0.6962,42,0.93,0.6888,19,0.95,0.7037,1,0.935,0.6925,922,0
IWM190920P157,2019-09-13,2019-09-13 09:38:08,0.94,0.6962,107,0.93,0.6888,19,0.95,0.7037,1,0.935,0.6925,922,0
IWM190920P157,2019-09-13,2019-09-13 09:38:09,0.94,0.6962,42,0.93,0.6888,19,0.95,0.7037,1,0.935,0.6925,922,0
IWM190920P157,2019-09-13,2019-09-13 09:38:09,0.94,0.6962,38,0.93,0.6888,21,0.95,0.7037,1,0.935,0.6925,922,0
IWM190920P157,2019-09-13,2019-09-13 09:38:10,0.94,0.6962,3,0.93,0.6888,45,0.95,0.7037,1,0.935,0.6925,922,0
IWM190920P157,2019-09-13,2019-09-13 09:38:10,0.95,0.7037,57,0.93,0.6888,83,0.95,0.7037,1,0.94,0.6962,922,0
IWM190920P157,2019-09-13,2019-09-13 09:38:11,0.94,0.6962,3,0.93,0.6888,64,0.95,0.7037,1,0.935,0.6925,922,0
IWM190920P157,2019-09-13,2019-09-13 09:38:11,0.94,0.6962,3,0.93,0.6888,70,0.95,0.7037,1,0.935,0.6925,922,0
IWM190920P157,2019-09-13,2019-09-13 09:38:12,0.95,0.7037,30,0.94,0.6962,31,0.94,0.6962,2,0.945,0.7,925,3
IWM190920P157,2019-09-13,2019-09-13 09:38:12,0.94,0.6962,3,0.93,0.6888,162,0.95,0.7037,1,0.935,0.6925,922,0
IWM190920P157,2019-09-13,2019-09-13 09:38:13,0.95,0.7037,43,0.94,0.6962,8,0.94,0.6962,2,0.945,0.7,925,0
IWM190920P157,2019-09-13,2019-09-13 09:38:14,0.95,0.7037,87,0.93,0.6888,59,0.94,0.6962,2,0.94,0.6962,925,0
IWM190920P157,2019-09-13,2019-09-13 09:38:15,0.95,0.7037,217,0.93,0.6888,67,0.94,0.6962,2,0.94,0.6962,925,0
IWM190920P157,2019-09-13,2019-09-13 09:38:15,0.94,0.6962,24,0.93,0.6888,59,0.94,0.6962,2,0.935,0.6925,925,0
IWM190920P157,2019-09-13,2019-09-13 09:38:16,0.94,0.6962,72,0.93,0.6888,78,0.94,0.6962,2,0.935,0.6925,925,0
IWM190920P157,2019-09-13,2019-09-13 09:38:17,0.95,0.7037,24,0.93,0.6888,136,0.94,0.6962,2,0.94,0.6962,925,0
IWM190920P157,2019-09-13,2019-09-13 09:38:17,0.95,0.7037,180,0.93,0.6888,126,0.94,0.6962,2,0.94,0.6962,925,0
IWM190920P157,2019-09-13,2019-09-13 09:38:18,0.96,0.7111,257,0.93,0.6888,123,0.94,0.6962,2,0.945,0.7,925,0
IWM190920P157,2019-09-13,2019-09-13 09:38:19,0.96,0.7111,71,0.94,0.6962,61,0.94,0.6962,2,0.95,0.7037,925,0
IWM190920P157,2019-09-13,2019-09-13 09:38:19,0.96,0.7111,110,0.94,0.6962,61,0.94,0.6962,2,0.95,0.7037,925,0
IWM190920P157,2019-09-13,2019-09-13 09:38:20,0.96,0.7111,71,0.94,0.6962,71,0.94,0.6962,2,0.95,0.7037,925,0
IWM190920P157,2019-09-13,2019-09-13 09:38:20,0.96,0.7111,294,0.94,0.6962,39,0.94,0.6962,2,0.95,0.7037,925,0
IWM190920P157,2019-09-13,2019-09-13 09:38:21,0.96,0.7111,294,0.94,0.6962,39,0.94,0.6962,2,0.95,0.7037,925,0
IWM190920P157,2019-09-13,2019-09-13 09:38:21,0.96,0.7111,352,0.94,0.6962,39,0.94,0.6962,2,0.95,0.7037,925,0
IWM190920P157,2019-09-13,2019-09-13 09:38:22,0.95,0.7037,24,0.94,0.6962,35,0.94,0.6962,2,0.945,0.7,925,0
IWM190920P157,2019-09-13,2019-09-13 09:38:22,0.95,0.7037,20,0.94,0.6962,35,0.94,0.6962,2,0.945,0.7,925,0
IWM190920P157,2019-09-13,2019-09-13 09:38:23,0.95,0.7037,156,0.94,0.6962,35,0.94,0.6962,2,0.945,0.7,925,0
IWM190920P157,2019-09-13,2019-09-13 09:38:23,0.96,0.7111,55,0.94,0.6962,35,0.94,0.6962,2,0.95,0.7037,925,0
IWM190920P157,2019-09-13,2019-09-13 09:38:24,0.96,0.7111,42,0.95,0.7037,34,0.94,0.6962,2,0.955,0.7074,925,0
IWM190920P157,2019-09-13,2019-09-13 09:38:24,0.96,0.7111,24,0.95,0.7037,34,0.94,0.6962,2,0.955,0.7074,925,0
