symbol,Date,quote_time,ask_price,norm_ask_price,ask_size,bid_price,norm_bid_price,bid_size,last_trade_price,norm_last_trade_price,last_trade_size,mark_price,norm_mark_price,volume,Volume
SPY190726P299,2019-07-24,2019-07-24 09:30:00,0.97,1.0,60,0.94,0.969,60,0.97,1.0,1,0.955,0.9845,146,146
SPY190726P299,2019-07-24,2019-07-24 09:30:12,0.98,1.0103,20,0.92,0.9484,52,0.96,0.9896,1,0.95,0.9793,147,0
SPY190726P299,2019-07-24,2019-07-24 09:30:12,0.96,0.9896,20,0.93,0.9587,79,0.96,0.9896,1,0.945,0.9742,147,1
SPY190726P299,2019-07-24,2019-07-24 09:30:13,0.98,1.0103,30,0.92,0.9484,52,0.96,0.9896,1,0.95,0.9793,147,0
SPY190726P299,2019-07-24,2019-07-24 09:30:14,0.98,1.0103,30,0.89,0.9175,28,0.96,0.9896,1,0.935,0.9639,147,0
SPY190726P299,2019-07-24,2019-07-24 09:30:14,0.98,1.0103,30,0.88,0.9072,792,0.96,0.9896,1,0.93,0.9587,147,0
SPY190726P299,2019-07-24,2019-07-24 09:30:15,0.94,0.969,26,0.9,0.9278,79,0.96,0.9896,1,0.92,0.9484,147,0
SPY190726P299,2019-07-24,2019-07-24 09:30:15,0.97,1.0,80,0.9,0.9278,79,0.96,0.9896,1,0.935,0.9639,147,0
SPY190726P299,2019-07-24,2019-07-24 09:30:16,0.94,0.969,26,0.91,0.9381,60,0.89,0.9175,20,0.925,0.9536,167,0
SPY190726P299,2019-07-24,2019-07-24 09:30:16,0.94,0.969,50,0.9,0.9278,200,0.89,0.9175,20,0.92,0.9484,167,20
SPY190726P299,2019-07-24,2019-07-24 09:30:17,0.94,0.969,130,0.91,0.9381,5,0.89,0.9175,20,0.925,0.9536,167,0
SPY190726P299,2019-07-24,2019-07-24 09:30:17,0.94,0.969,150,0.91,0.9381,55,0.89,0.9175,20,0.925,0.9536,167,0
SPY190726P299,2019-07-24,2019-07-24 09:30:18,0.94,0.969,158,0.91,0.9381,5,0.89,0.9175,20,0.925,0.9536,167,0
SPY190726P299,2019-07-24,2019-07-24 09:30:19,0.92,0.9484,44,0.92,0.9484,80,0.89,0.9175,20,0.92,0.9484,167,0
SPY190726P299,2019-07-24,2019-07-24 09:30:19,0.94,0.969,76,0.92,0.9484,80,0.89,0.9175,20,0.93,0.9587,167,0
SPY190726P299,2019-07-24,2019-07-24 09:30:20,0.92,0.9484,195,0.89,0.9175,173,0.89,0.9175,20,0.905,0.9329,167,0
SPY190726P299,2019-07-24,2019-07-24 09:30:20,0.92,0.9484,44,0.91,0.9381,80,0.89,0.9175,20,0.915,0.9432,167,0
SPY190726P299,2019-07-24,2019-07-24 09:30:21,0.94,0.969,75,0.89,0.9175,173,0.89,0.9175,20,0.915,0.9432,167,0
SPY190726P299,2019-07-24,2019-07-24 09:30:21,0.93,0.9587,11,0.9,0.9278,112,0.89,0.9175,20,0.915,0.9432,167,0
SPY190726P299,2019-07-24,2019-07-24 09:30:22,0.91,0.9381,50,0.89,0.9175,50,0.89,0.9175,20,0.9,0.9278,167,0
SPY190726P299,2019-07-24,2019-07-24 09:30:22,0.92,0.9484,165,0.9,0.9278,39,0.89,0.9175,20,0.91,0.9381,167,0
SPY190726P299,2019-07-24,2019-07-24 09:30:23,0.91,0.9381,130,0.89,0.9175,82,0.89,0.9175,20,0.9,0.9278,167,0
SPY190726P299,2019-07-24,2019-07-24 09:30:24,0.9,0.9278,32,0.88,0.9072,794,0.89,0.9175,20,0.89,0.9175,167,0
SPY190726P299,2019-07-24,2019-07-24 09:30:24,0.9,0.9278,57,0.88,0.9072,165,0.89,0.9175,20,0.89,0.9175,167,0
SPY190726P299,2019-07-24,2019-07-24 09:30:25,0.92,0.9484,11,0.91,0.9381,5,0.89,0.9175,20,0.915,0.9432,167,0
SPY190726P299,2019-07-24,2019-07-24 09:30:25,0.91,0.9381,176,0.89,0.9175,132,0.89,0.9175,20,0.9,0.9278,167,0
SPY190726P299,2019-07-24,2019-07-24 09:30:26,0.92,0.9484,11,0.91,0.9381,266,0.89,0.9175,20,0.915,0.9432,167,0
SPY190726P299,2019-07-24,2019-07-24 09:30:26,0.93,0.9587,127,0.91,0.9381,266,0.89,0.9175,20,0.92,0.9484,167,0
SPY190726P299,2019-07-24,2019-07-24 09:30:27,0.92,0.9484,38,0.91,0.9381,200,0.89,0.9175,20,0.915,0.9432,167,0
SPY190726P299,2019-07-24,2019-07-24 09:30:27,0.92,0.9484,36,0.91,0.9381,261,0.89,0.9175,20,0.915,0.9432,167,0
SPY190726P299,2019-07-24,2019-07-24 09:30:28,0.92,0.9484,36,0.91,0.9381,255,0.89,0.9175,20,0.915,0.9432,167,0
SPY190726P299,2019-07-24,2019-07-24 09:30:29,0.92,0.9484,35,0.91,0.9381,255,0.89,0.9175,20,0.915,0.9432,167,0
SPY190726P299,2019-07-24,2019-07-24 09:30:29,0.92,0.9484,57,0.91,0.9381,200,0.89,0.9175,20,0.915,0.9432,167,0
SPY190726P299,2019-07-24,2019-07-24 09:30:31,0.93,0.9587,32,0.92,0.9484,32,0.89,0.9175,20,0.925,0.9536,167,0
SPY190726P299,2019-07-24,2019-07-24 09:30:31,0.92,0.9484,82,0.91,0.9381,200,0.89,0.9175,20,0.915,0.9432,167,0
SPY190726P299,2019-07-24,2019-07-24 09:30:32,0.93,0.9587,32,0.92,0.9484,32,0.89,0.9175,20,0.925,0.9536,177,10
SPY190726P299,2019-07-24,2019-07-24 09:30:32,0.93,0.9587,32,0.92,0.9484,32,0.89,0.9175,20,0.925,0.9536,167,0
SPY190726P299,2019-07-24,2019-07-24 09:30:33,0.93,0.9587,32,0.92,0.9484,32,0.93,0.9587,10,0.925,0.9536,177,0
SPY190726P299,2019-07-24,2019-07-24 09:30:33,0.93,0.9587,32,0.92,0.9484,36,0.93,0.9587,10,0.925,0.9536,177,0
SPY190726P299,2019-07-24,2019-07-24 09:30:34,0.93,0.9587,32,0.92,0.9484,60,0.93,0.9587,10,0.925,0.9536,177,0
SPY190726P299,2019-07-24,2019-07-24 09:30:34,0.93,0.9587,65,0.92,0.9484,32,0.92,0.9484,1,0.925,0.9536,178,1
SPY190726P299,2019-07-24,2019-07-24 09:30:35,0.93,0.9587,163,0.91,0.9381,226,0.92,0.9484,1,0.92,0.9484,178,0
SPY190726P299,2019-07-24,2019-07-24 09:30:35,0.93,0.9587,65,0.92,0.9484,32,0.92,0.9484,1,0.925,0.9536,178,0
SPY190726P299,2019-07-24,2019-07-24 09:30:36,0.92,0.9484,36,0.91,0.9381,200,0.92,0.9484,1,0.915,0.9432,178,0
SPY190726P299,2019-07-24,2019-07-24 09:30:37,0.93,0.9587,45,0.92,0.9484,32,0.92,0.9484,1,0.925,0.9536,178,0
SPY190726P299,2019-07-24,2019-07-24 09:30:37,0.93,0.9587,55,0.92,0.9484,32,0.92,0.9484,1,0.925,0.9536,178,0
SPY190726P299,2019-07-24,2019-07-24 09:30:38,0.94,0.969,229,0.92,0.9484,37,0.92,0.9484,1,0.93,0.9587,179,1
SPY190726P299,2019-07-24,2019-07-24 09:30:38,0.94,0.969,10,0.92,0.9484,724,0.92,0.9484,1,0.93,0.9587,179,0
SPY190726P299,2019-07-24,2019-07-24 09:30:39,0.94,0.969,36,0.93,0.9587,71,0.92,0.9484,1,0.935,0.9639,179,0
SPY190726P299,2019-07-24,2019-07-24 09:30:39,0.94,0.969,32,0.93,0.9587,32,0.92,0.9484,1,0.935,0.9639,179,0
SPY190726P299,2019-07-24,2019-07-24 09:30:40,0.94,0.969,32,0.93,0.9587,32,0.92,0.9484,1,0.935,0.9639,179,0
SPY190726P299,2019-07-24,2019-07-24 09:30:41,0.94,0.969,10,0.93,0.9587,41,0.94,0.969,4,0.935,0.9639,183,4
SPY190726P299,2019-07-24,2019-07-24 09:30:41,0.94,0.969,32,0.93,0.9587,71,0.92,0.9484,1,0.935,0.9639,179,0
SPY190726P299,2019-07-24,2019-07-24 09:30:42,0.94,0.969,10,0.93,0.9587,765,0.94,0.969,10,0.935,0.9639,193,10
SPY190726P299,2019-07-24,2019-07-24 09:30:42,0.94,0.969,10,0.93,0.9587,215,0.94,0.969,4,0.935,0.9639,183,0
SPY190726P299,2019-07-24,2019-07-24 09:30:43,0.95,0.9793,1,0.94,0.969,150,0.95,0.9793,1,0.945,0.9742,194,1
SPY190726P299,2019-07-24,2019-07-24 09:30:43,0.95,0.9793,1,0.94,0.969,1019,0.95,0.9793,1,0.945,0.9742,194,0
SPY190726P299,2019-07-24,2019-07-24 09:30:44,0.95,0.9793,1,0.94,0.969,461,0.95,0.9793,1,0.945,0.9742,194,0
SPY190726P299,2019-07-24,2019-07-24 09:30:45,0.95,0.9793,1,0.94,0.969,151,0.95,0.9793,1,0.945,0.9742,194,0
SPY190726P299,2019-07-24,2019-07-24 09:30:45,0.95,0.9793,1,0.94,0.969,511,0.95,0.9793,1,0.945,0.9742,194,0
SPY190726P299,2019-07-24,2019-07-24 09:30:46,0.95,0.9793,1,0.94,0.969,32,0.95,0.9793,1,0.945,0.9742,194,0
SPY190726P299,2019-07-24,2019-07-24 09:30:46,0.95,0.9793,1,0.94,0.969,50,0.95,0.9793,1,0.945,0.9742,194,0
SPY190726P299,2019-07-24,2019-07-24 09:30:47,0.95,0.9793,1,0.94,0.969,104,0.95,0.9793,1,0.945,0.9742,194,0
SPY190726P299,2019-07-24,2019-07-24 09:30:47,0.95,0.9793,1,0.93,0.9587,579,0.95,0.9793,1,0.94,0.969,194,0
SPY190726P299,2019-07-24,2019-07-24 09:30:48,0.95,0.9793,1,0.94,0.969,82,0.95,0.9793,1,0.945,0.9742,194,0
SPY190726P299,2019-07-24,2019-07-24 09:30:49,0.95,0.9793,113,0.93,0.9587,43,0.95,0.9793,1,0.94,0.969,194,0
SPY190726P299,2019-07-24,2019-07-24 09:30:49,0.94,0.969,32,0.93,0.9587,43,0.95,0.9793,1,0.935,0.9639,194,0
SPY190726P299,2019-07-24,2019-07-24 09:30:50,0.94,0.969,87,0.92,0.9484,94,0.94,0.969,1,0.93,0.9587,195,0
SPY190726P299,2019-07-24,2019-07-24 09:30:50,0.94,0.969,31,0.93,0.9587,32,0.94,0.969,1,0.935,0.9639,195,1
SPY190726P299,2019-07-24,2019-07-24 09:30:52,0.94,0.969,5,0.92,0.9484,483,0.94,0.969,1,0.93,0.9587,195,0
SPY190726P299,2019-07-24,2019-07-24 09:30:52,0.94,0.969,82,0.93,0.9587,32,0.94,0.969,1,0.935,0.9639,195,0
SPY190726P299,2019-07-24,2019-07-24 09:30:53,0.94,0.969,32,0.93,0.9587,32,0.93,0.9587,3,0.935,0.9639,198,3
SPY190726P299,2019-07-24,2019-07-24 09:30:53,0.94,0.969,32,0.93,0.9587,32,0.94,0.969,1,0.935,0.9639,195,0
SPY190726P299,2019-07-24,2019-07-24 09:30:54,0.94,0.969,32,0.93,0.9587,32,0.93,0.9587,3,0.935,0.9639,198,0
SPY190726P299,2019-07-24,2019-07-24 09:30:54,0.94,0.969,32,0.93,0.9587,70,0.93,0.9587,3,0.935,0.9639,198,0
SPY190726P299,2019-07-24,2019-07-24 09:30:55,0.94,0.969,1,0.92,0.9484,664,0.93,0.9587,3,0.93,0.9587,198,0
SPY190726P299,2019-07-24,2019-07-24 09:30:55,0.94,0.969,1,0.92,0.9484,736,0.93,0.9587,3,0.93,0.9587,198,0
SPY190726P299,2019-07-24,2019-07-24 09:30:56,0.94,0.969,1,0.93,0.9587,162,0.93,0.9587,5,0.935,0.9639,203,5
SPY190726P299,2019-07-24,2019-07-24 09:30:57,0.94,0.969,1,0.93,0.9587,50,0.93,0.9587,5,0.935,0.9639,203,0
SPY190726P299,2019-07-24,2019-07-24 09:30:57,0.94,0.969,1,0.93,0.9587,522,0.93,0.9587,5,0.935,0.9639,203,0
SPY190726P299,2019-07-24,2019-07-24 09:30:58,0.96,0.9896,79,0.94,0.969,92,0.94,0.969,1,0.95,0.9793,204,1
SPY190726P299,2019-07-24,2019-07-24 09:30:58,0.94,0.969,1,0.93,0.9587,522,0.93,0.9587,5,0.935,0.9639,203,0
SPY190726P299,2019-07-24,2019-07-24 09:30:59,0.96,0.9896,218,0.94,0.969,32,0.94,0.969,1,0.95,0.9793,204,0
SPY190726P299,2019-07-24,2019-07-24 09:30:59,0.95,0.9793,104,0.93,0.9587,162,0.94,0.969,1,0.94,0.969,204,0
SPY190726P299,2019-07-24,2019-07-24 09:31:00,0.95,0.9793,10,0.94,0.969,96,0.94,0.969,1,0.945,0.9742,204,0
SPY190726P299,2019-07-24,2019-07-24 09:31:00,0.95,0.9793,32,0.94,0.969,32,0.94,0.969,1,0.945,0.9742,204,0
SPY190726P299,2019-07-24,2019-07-24 09:31:01,0.95,0.9793,36,0.94,0.969,32,0.94,0.969,1,0.945,0.9742,204,0
SPY190726P299,2019-07-24,2019-07-24 09:31:02,0.95,0.9793,57,0.94,0.969,32,0.94,0.969,1,0.945,0.9742,204,0
SPY190726P299,2019-07-24,2019-07-24 09:31:02,0.95,0.9793,10,0.94,0.969,26,0.94,0.969,1,0.945,0.9742,204,0
SPY190726P299,2019-07-24,2019-07-24 09:31:03,0.95,0.9793,45,0.94,0.969,59,0.94,0.969,1,0.945,0.9742,204,0
SPY190726P299,2019-07-24,2019-07-24 09:31:03,0.95,0.9793,163,0.93,0.9587,91,0.94,0.969,1,0.94,0.969,204,0
SPY190726P299,2019-07-24,2019-07-24 09:31:04,0.94,0.969,95,0.93,0.9587,32,0.94,0.969,1,0.935,0.9639,204,0
SPY190726P299,2019-07-24,2019-07-24 09:31:04,0.94,0.969,67,0.93,0.9587,32,0.94,0.969,1,0.935,0.9639,204,0
SPY190726P299,2019-07-24,2019-07-24 09:31:05,0.94,0.969,97,0.93,0.9587,1,0.93,0.9587,5,0.935,0.9639,209,5
SPY190726P299,2019-07-24,2019-07-24 09:31:06,0.94,0.969,41,0.93,0.9587,1,0.93,0.9587,25,0.935,0.9639,234,25
SPY190726P299,2019-07-24,2019-07-24 09:31:06,0.94,0.969,495,0.93,0.9587,1,0.93,0.9587,25,0.935,0.9639,234,0
SPY190726P299,2019-07-24,2019-07-24 09:31:07,0.93,0.9587,121,0.91,0.9381,604,0.93,0.9587,25,0.92,0.9484,234,0
SPY190726P299,2019-07-24,2019-07-24 09:31:07,0.94,0.969,1076,0.91,0.9381,947,0.93,0.9587,25,0.925,0.9536,234,0
SPY190726P299,2019-07-24,2019-07-24 09:31:08,0.93,0.9587,32,0.92,0.9484,104,0.93,0.9587,25,0.925,0.9536,234,0
SPY190726P299,2019-07-24,2019-07-24 09:31:08,0.93,0.9587,32,0.91,0.9381,410,0.93,0.9587,25,0.92,0.9484,234,0
SPY190726P299,2019-07-24,2019-07-24 09:31:09,0.93,0.9587,63,0.91,0.9381,918,0.93,0.9587,3,0.92,0.9484,237,0
SPY190726P299,2019-07-24,2019-07-24 09:31:09,0.93,0.9587,17,0.91,0.9381,841,0.93,0.9587,3,0.92,0.9484,237,3
SPY190726P299,2019-07-24,2019-07-24 09:31:10,0.94,0.969,578,0.92,0.9484,32,0.93,0.9587,3,0.93,0.9587,237,0
SPY190726P299,2019-07-24,2019-07-24 09:31:11,0.94,0.969,295,0.92,0.9484,82,0.93,0.9587,3,0.93,0.9587,237,0
SPY190726P299,2019-07-24,2019-07-24 09:31:11,0.94,0.969,162,0.92,0.9484,209,0.93,0.9587,3,0.93,0.9587,237,0
SPY190726P299,2019-07-24,2019-07-24 09:31:12,0.95,0.9793,593,0.92,0.9484,160,0.93,0.9587,3,0.935,0.9639,237,0
SPY190726P299,2019-07-24,2019-07-24 09:31:12,0.95,0.9793,588,0.93,0.9587,102,0.93,0.9587,3,0.94,0.969,237,0
SPY190726P299,2019-07-24,2019-07-24 09:31:13,0.95,0.9793,32,0.94,0.969,120,0.93,0.9587,3,0.945,0.9742,237,0
SPY190726P299,2019-07-24,2019-07-24 09:31:13,0.95,0.9793,108,0.93,0.9587,102,0.93,0.9587,3,0.94,0.969,237,0
SPY190726P299,2019-07-24,2019-07-24 09:31:14,0.94,0.969,120,0.92,0.9484,462,0.93,0.9587,3,0.93,0.9587,237,0
SPY190726P299,2019-07-24,2019-07-24 09:31:14,0.95,0.9793,32,0.93,0.9587,255,0.93,0.9587,3,0.94,0.969,237,0
SPY190726P299,2019-07-24,2019-07-24 09:31:15,0.93,0.9587,32,0.92,0.9484,162,0.93,0.9587,3,0.925,0.9536,237,0
SPY190726P299,2019-07-24,2019-07-24 09:31:16,0.94,0.969,128,0.92,0.9484,162,0.93,0.9587,3,0.93,0.9587,237,0
SPY190726P299,2019-07-24,2019-07-24 09:31:16,0.94,0.969,123,0.92,0.9484,162,0.93,0.9587,3,0.93,0.9587,237,0
SPY190726P299,2019-07-24,2019-07-24 09:31:17,0.94,0.969,191,0.91,0.9381,598,0.93,0.9587,3,0.925,0.9536,237,0
SPY190726P299,2019-07-24,2019-07-24 09:31:17,0.94,0.969,191,0.92,0.9484,162,0.93,0.9587,3,0.93,0.9587,237,0
SPY190726P299,2019-07-24,2019-07-24 09:31:18,0.93,0.9587,373,0.91,0.9381,495,0.93,0.9587,3,0.92,0.9484,237,0
SPY190726P299,2019-07-24,2019-07-24 09:31:18,0.93,0.9587,369,0.91,0.9381,580,0.93,0.9587,3,0.92,0.9484,237,0
SPY190726P299,2019-07-24,2019-07-24 09:31:19,0.93,0.9587,579,0.9,0.9278,572,0.93,0.9587,3,0.915,0.9432,237,0
SPY190726P299,2019-07-24,2019-07-24 09:31:19,0.93,0.9587,212,0.9,0.9278,572,0.93,0.9587,3,0.915,0.9432,237,0
SPY190726P299,2019-07-24,2019-07-24 09:31:20,0.92,0.9484,17,0.91,0.9381,59,0.93,0.9587,3,0.915,0.9432,237,0
SPY190726P299,2019-07-24,2019-07-24 09:31:21,0.93,0.9587,187,0.91,0.9381,87,0.93,0.9587,3,0.92,0.9484,237,0
SPY190726P299,2019-07-24,2019-07-24 09:31:21,0.93,0.9587,187,0.91,0.9381,109,0.93,0.9587,3,0.92,0.9484,237,0
SPY190726P299,2019-07-24,2019-07-24 09:31:22,0.93,0.9587,351,0.91,0.9381,71,0.93,0.9587,3,0.92,0.9484,237,0
SPY190726P299,2019-07-24,2019-07-24 09:31:22,0.92,0.9484,113,0.91,0.9381,32,0.93,0.9587,3,0.915,0.9432,237,0
SPY190726P299,2019-07-24,2019-07-24 09:31:23,0.93,0.9587,600,0.91,0.9381,121,0.91,0.9381,19,0.92,0.9484,256,19
SPY190726P299,2019-07-24,2019-07-24 09:31:23,0.93,0.9587,385,0.91,0.9381,121,0.93,0.9587,3,0.92,0.9484,237,0
SPY190726P299,2019-07-24,2019-07-24 09:31:24,0.93,0.9587,705,0.91,0.9381,121,0.91,0.9381,19,0.92,0.9484,256,0
SPY190726P299,2019-07-24,2019-07-24 09:31:25,0.93,0.9587,614,0.91,0.9381,121,0.91,0.9381,19,0.92,0.9484,256,0
SPY190726P299,2019-07-24,2019-07-24 09:31:26,0.93,0.9587,733,0.91,0.9381,121,0.91,0.9381,19,0.92,0.9484,256,0
SPY190726P299,2019-07-24,2019-07-24 09:31:27,0.93,0.9587,635,0.9,0.9278,619,0.91,0.9381,19,0.915,0.9432,256,0
SPY190726P299,2019-07-24,2019-07-24 09:31:27,0.93,0.9587,967,0.91,0.9381,50,0.91,0.9381,19,0.92,0.9484,256,0
SPY190726P299,2019-07-24,2019-07-24 09:31:28,0.92,0.9484,115,0.9,0.9278,836,0.91,0.9381,19,0.91,0.9381,256,0
SPY190726P299,2019-07-24,2019-07-24 09:31:29,0.92,0.9484,110,0.9,0.9278,571,0.91,0.9381,19,0.91,0.9381,256,0
SPY190726P299,2019-07-24,2019-07-24 09:31:29,0.92,0.9484,112,0.9,0.9278,836,0.91,0.9381,19,0.91,0.9381,256,0
SPY190726P299,2019-07-24,2019-07-24 09:31:30,0.92,0.9484,131,0.9,0.9278,571,0.91,0.9381,19,0.91,0.9381,256,0
SPY190726P299,2019-07-24,2019-07-24 09:31:30,0.92,0.9484,120,0.9,0.9278,571,0.91,0.9381,19,0.91,0.9381,256,0
SPY190726P299,2019-07-24,2019-07-24 09:31:31,0.92,0.9484,181,0.9,0.9278,571,0.91,0.9381,19,0.91,0.9381,256,0
SPY190726P299,2019-07-24,2019-07-24 09:31:31,0.92,0.9484,120,0.9,0.9278,571,0.91,0.9381,19,0.91,0.9381,256,0
SPY190726P299,2019-07-24,2019-07-24 09:31:32,0.92,0.9484,193,0.9,0.9278,521,0.91,0.9381,19,0.91,0.9381,256,0
SPY190726P299,2019-07-24,2019-07-24 09:31:32,0.92,0.9484,162,0.9,0.9278,521,0.91,0.9381,19,0.91,0.9381,256,0
SPY190726P299,2019-07-24,2019-07-24 09:31:33,0.92,0.9484,192,0.9,0.9278,521,0.91,0.9381,19,0.91,0.9381,256,0
SPY190726P299,2019-07-24,2019-07-24 09:31:34,0.92,0.9484,192,0.9,0.9278,572,0.91,0.9381,19,0.91,0.9381,256,0
SPY190726P299,2019-07-24,2019-07-24 09:31:34,0.92,0.9484,192,0.9,0.9278,521,0.91,0.9381,19,0.91,0.9381,256,0
SPY190726P299,2019-07-24,2019-07-24 09:31:35,0.92,0.9484,192,0.9,0.9278,602,0.91,0.9381,19,0.91,0.9381,256,0
SPY190726P299,2019-07-24,2019-07-24 09:31:35,0.92,0.9484,192,0.9,0.9278,525,0.91,0.9381,19,0.91,0.9381,256,0
SPY190726P299,2019-07-24,2019-07-24 09:31:36,0.92,0.9484,192,0.9,0.9278,302,0.91,0.9381,19,0.91,0.9381,256,0
SPY190726P299,2019-07-24,2019-07-24 09:31:36,0.92,0.9484,192,0.9,0.9278,203,0.91,0.9381,19,0.91,0.9381,256,0
SPY190726P299,2019-07-24,2019-07-24 09:31:37,0.92,0.9484,192,0.9,0.9278,302,0.91,0.9381,19,0.91,0.9381,256,0
SPY190726P299,2019-07-24,2019-07-24 09:31:38,0.91,0.9381,387,0.89,0.9175,64,0.91,0.9381,19,0.9,0.9278,256,0
SPY190726P299,2019-07-24,2019-07-24 09:31:38,0.91,0.9381,577,0.89,0.9175,114,0.91,0.9381,19,0.9,0.9278,256,0
SPY190726P299,2019-07-24,2019-07-24 09:31:39,0.91,0.9381,577,0.89,0.9175,114,0.91,0.9381,19,0.9,0.9278,256,0
SPY190726P299,2019-07-24,2019-07-24 09:31:40,0.91,0.9381,34,0.9,0.9278,86,0.91,0.9381,19,0.905,0.9329,256,0
SPY190726P299,2019-07-24,2019-07-24 09:31:40,0.91,0.9381,34,0.9,0.9278,442,0.91,0.9381,19,0.905,0.9329,256,0
SPY190726P299,2019-07-24,2019-07-24 09:31:41,0.91,0.9381,7,0.9,0.9278,663,0.91,0.9381,19,0.905,0.9329,256,0
SPY190726P299,2019-07-24,2019-07-24 09:31:42,0.91,0.9381,3,0.9,0.9278,437,0.91,0.9381,7,0.905,0.9329,263,7
SPY190726P299,2019-07-24,2019-07-24 09:31:42,0.91,0.9381,7,0.9,0.9278,466,0.91,0.9381,19,0.905,0.9329,256,0
SPY190726P299,2019-07-24,2019-07-24 09:31:43,0.91,0.9381,3,0.9,0.9278,774,0.91,0.9381,7,0.905,0.9329,263,0
SPY190726P299,2019-07-24,2019-07-24 09:31:44,0.93,0.9587,10,0.91,0.9381,347,0.91,0.9381,3,0.92,0.9484,266,0
SPY190726P299,2019-07-24,2019-07-24 09:31:44,0.92,0.9484,34,0.9,0.9278,774,0.91,0.9381,3,0.91,0.9381,266,3
SPY190726P299,2019-07-24,2019-07-24 09:31:45,0.93,0.9587,28,0.92,0.9484,192,0.91,0.9381,3,0.925,0.9536,266,0
SPY190726P299,2019-07-24,2019-07-24 09:31:46,0.93,0.9587,28,0.92,0.9484,192,0.91,0.9381,3,0.925,0.9536,266,0
SPY190726P299,2019-07-24,2019-07-24 09:31:46,0.93,0.9587,63,0.92,0.9484,192,0.91,0.9381,3,0.925,0.9536,266,0
SPY190726P299,2019-07-24,2019-07-24 09:31:47,0.93,0.9587,10,0.92,0.9484,192,0.91,0.9381,3,0.925,0.9536,266,0
SPY190726P299,2019-07-24,2019-07-24 09:31:48,0.93,0.9587,10,0.92,0.9484,464,0.92,0.9484,1,0.925,0.9536,267,1
SPY190726P299,2019-07-24,2019-07-24 09:31:48,0.93,0.9587,10,0.92,0.9484,464,0.92,0.9484,1,0.925,0.9536,267,0
SPY190726P299,2019-07-24,2019-07-24 09:31:49,0.93,0.9587,10,0.92,0.9484,464,0.92,0.9484,1,0.925,0.9536,267,0
SPY190726P299,2019-07-24,2019-07-24 09:31:50,0.93,0.9587,10,0.92,0.9484,907,0.92,0.9484,1,0.925,0.9536,267,0
SPY190726P299,2019-07-24,2019-07-24 09:31:50,0.93,0.9587,10,0.92,0.9484,464,0.92,0.9484,1,0.925,0.9536,267,0
SPY190726P299,2019-07-24,2019-07-24 09:31:51,0.93,0.9587,10,0.92,0.9484,624,0.92,0.9484,1,0.925,0.9536,267,0
SPY190726P299,2019-07-24,2019-07-24 09:31:52,0.93,0.9587,34,0.92,0.9484,617,0.92,0.9484,1,0.925,0.9536,267,0
SPY190726P299,2019-07-24,2019-07-24 09:31:52,0.93,0.9587,10,0.92,0.9484,624,0.92,0.9484,1,0.925,0.9536,267,0
SPY190726P299,2019-07-24,2019-07-24 09:31:53,0.93,0.9587,61,0.92,0.9484,617,0.92,0.9484,1,0.925,0.9536,267,0
SPY190726P299,2019-07-24,2019-07-24 09:31:53,0.93,0.9587,68,0.92,0.9484,617,0.93,0.9587,1,0.925,0.9536,268,1
SPY190726P299,2019-07-24,2019-07-24 09:31:54,0.93,0.9587,67,0.92,0.9484,617,0.93,0.9587,1,0.925,0.9536,268,0
SPY190726P299,2019-07-24,2019-07-24 09:31:55,0.93,0.9587,9,0.92,0.9484,499,0.93,0.9587,1,0.925,0.9536,268,0
SPY190726P299,2019-07-24,2019-07-24 09:31:55,0.93,0.9587,67,0.92,0.9484,617,0.93,0.9587,1,0.925,0.9536,268,0
SPY190726P299,2019-07-24,2019-07-24 09:31:56,0.93,0.9587,9,0.92,0.9484,606,0.93,0.9587,1,0.925,0.9536,268,0
SPY190726P299,2019-07-24,2019-07-24 09:31:56,0.93,0.9587,9,0.92,0.9484,499,0.93,0.9587,1,0.925,0.9536,268,0
SPY190726P299,2019-07-24,2019-07-24 09:31:57,0.94,0.969,66,0.92,0.9484,606,0.93,0.9587,6,0.93,0.9587,277,6
SPY190726P299,2019-07-24,2019-07-24 09:31:57,0.93,0.9587,6,0.92,0.9484,606,0.93,0.9587,3,0.925,0.9536,271,3
SPY190726P299,2019-07-24,2019-07-24 09:31:58,0.94,0.969,45,0.93,0.9587,146,0.93,0.9587,6,0.935,0.9639,277,0
SPY190726P299,2019-07-24,2019-07-24 09:31:59,0.94,0.969,44,0.93,0.9587,146,0.93,0.9587,6,0.935,0.9639,277,0
SPY190726P299,2019-07-24,2019-07-24 09:31:59,0.94,0.969,64,0.93,0.9587,109,0.93,0.9587,6,0.935,0.9639,277,0
SPY190726P299,2019-07-24,2019-07-24 09:32:00,0.95,0.9793,1,0.94,0.969,109,0.94,0.969,9,0.945,0.9742,297,0
SPY190726P299,2019-07-24,2019-07-24 09:32:00,0.94,0.969,9,0.94,0.969,59,0.94,0.969,9,0.94,0.969,297,20
SPY190726P299,2019-07-24,2019-07-24 09:32:01,0.95,0.9793,1,0.94,0.969,772,0.94,0.969,9,0.945,0.9742,297,0
SPY190726P299,2019-07-24,2019-07-24 09:32:01,0.95,0.9793,1,0.94,0.969,786,0.94,0.969,9,0.945,0.9742,297,0
SPY190726P299,2019-07-24,2019-07-24 09:32:02,0.95,0.9793,1,0.94,0.969,828,0.94,0.969,9,0.945,0.9742,297,0
SPY190726P299,2019-07-24,2019-07-24 09:32:03,0.94,0.969,47,0.92,0.9484,217,0.94,0.969,9,0.93,0.9587,297,0
SPY190726P299,2019-07-24,2019-07-24 09:32:03,0.95,0.9793,4,0.93,0.9587,492,0.94,0.969,9,0.94,0.969,297,0
SPY190726P299,2019-07-24,2019-07-24 09:32:04,0.95,0.9793,34,0.93,0.9587,32,0.94,0.969,9,0.94,0.969,297,0
SPY190726P299,2019-07-24,2019-07-24 09:32:04,0.94,0.969,12,0.93,0.9587,108,0.94,0.969,9,0.935,0.9639,297,0
SPY190726P299,2019-07-24,2019-07-24 09:32:05,0.94,0.969,64,0.92,0.9484,589,0.94,0.969,9,0.93,0.9587,297,0
SPY190726P299,2019-07-24,2019-07-24 09:32:05,0.94,0.969,34,0.92,0.9484,66,0.94,0.969,9,0.93,0.9587,297,0
SPY190726P299,2019-07-24,2019-07-24 09:32:06,0.93,0.9587,36,0.92,0.9484,77,0.94,0.969,9,0.925,0.9536,297,0
SPY190726P299,2019-07-24,2019-07-24 09:32:06,0.94,0.969,54,0.92,0.9484,426,0.94,0.969,9,0.93,0.9587,297,0
SPY190726P299,2019-07-24,2019-07-24 09:32:07,0.93,0.9587,68,0.92,0.9484,49,0.94,0.969,9,0.925,0.9536,297,0
SPY190726P299,2019-07-24,2019-07-24 09:32:08,0.94,0.969,166,0.92,0.9484,99,0.94,0.969,9,0.93,0.9587,297,0
SPY190726P299,2019-07-24,2019-07-24 09:32:09,0.94,0.969,136,0.92,0.9484,82,0.94,0.969,10,0.93,0.9587,307,0
SPY190726P299,2019-07-24,2019-07-24 09:32:09,0.94,0.969,55,0.92,0.9484,82,0.94,0.969,10,0.93,0.9587,307,10
SPY190726P299,2019-07-24,2019-07-24 09:32:10,0.94,0.969,91,0.93,0.9587,32,0.94,0.969,10,0.935,0.9639,307,0
SPY190726P299,2019-07-24,2019-07-24 09:32:10,0.94,0.969,90,0.93,0.9587,32,0.94,0.969,10,0.935,0.9639,307,0
SPY190726P299,2019-07-24,2019-07-24 09:32:11,0.94,0.969,163,0.92,0.9484,114,0.94,0.969,10,0.93,0.9587,307,0
SPY190726P299,2019-07-24,2019-07-24 09:32:11,0.94,0.969,91,0.92,0.9484,535,0.94,0.969,10,0.93,0.9587,307,0
SPY190726P299,2019-07-24,2019-07-24 09:32:12,0.94,0.969,171,0.92,0.9484,114,0.94,0.969,10,0.93,0.9587,307,0
SPY190726P299,2019-07-24,2019-07-24 09:32:13,0.94,0.969,62,0.93,0.9587,32,0.94,0.969,10,0.935,0.9639,307,0
SPY190726P299,2019-07-24,2019-07-24 09:32:13,0.95,0.9793,136,0.93,0.9587,108,0.94,0.969,10,0.94,0.969,307,0
SPY190726P299,2019-07-24,2019-07-24 09:32:14,0.95,0.9793,187,0.93,0.9587,108,0.94,0.969,10,0.94,0.969,307,0
SPY190726P299,2019-07-24,2019-07-24 09:32:14,0.95,0.9793,138,0.93,0.9587,108,0.94,0.969,10,0.94,0.969,307,0
SPY190726P299,2019-07-24,2019-07-24 09:32:15,0.95,0.9793,144,0.93,0.9587,125,0.94,0.969,10,0.94,0.969,307,0
SPY190726P299,2019-07-24,2019-07-24 09:32:15,0.95,0.9793,118,0.93,0.9587,108,0.94,0.969,10,0.94,0.969,307,0
SPY190726P299,2019-07-24,2019-07-24 09:32:16,0.95,0.9793,105,0.93,0.9587,706,0.93,0.9587,1,0.94,0.969,308,1
SPY190726P299,2019-07-24,2019-07-24 09:32:17,0.95,0.9793,1,0.94,0.969,178,0.93,0.9587,1,0.945,0.9742,308,0
SPY190726P299,2019-07-24,2019-07-24 09:32:17,0.95,0.9793,105,0.93,0.9587,865,0.93,0.9587,1,0.94,0.969,308,0
SPY190726P299,2019-07-24,2019-07-24 09:32:18,0.95,0.9793,1,0.94,0.969,178,0.93,0.9587,1,0.945,0.9742,308,0
SPY190726P299,2019-07-24,2019-07-24 09:32:19,0.95,0.9793,36,0.94,0.969,127,0.94,0.969,5,0.945,0.9742,318,10
SPY190726P299,2019-07-24,2019-07-24 09:32:20,0.95,0.9793,32,0.94,0.969,127,0.94,0.969,5,0.945,0.9742,318,0
SPY190726P299,2019-07-24,2019-07-24 09:32:20,0.95,0.9793,83,0.94,0.969,38,0.94,0.969,10,0.945,0.9742,328,10
SPY190726P299,2019-07-24,2019-07-24 09:32:21,0.95,0.9793,79,0.94,0.969,38,0.94,0.969,10,0.945,0.9742,328,0
SPY190726P299,2019-07-24,2019-07-24 09:32:21,0.95,0.9793,89,0.93,0.9587,851,0.94,0.969,10,0.94,0.969,328,0
SPY190726P299,2019-07-24,2019-07-24 09:32:22,0.95,0.9793,97,0.94,0.969,62,0.94,0.969,10,0.945,0.9742,328,0
SPY190726P299,2019-07-24,2019-07-24 09:32:22,0.95,0.9793,105,0.94,0.969,63,0.94,0.969,10,0.945,0.9742,328,0
SPY190726P299,2019-07-24,2019-07-24 09:32:23,0.95,0.9793,185,0.94,0.969,62,0.94,0.969,10,0.945,0.9742,328,0
SPY190726P299,2019-07-24,2019-07-24 09:32:23,0.95,0.9793,191,0.94,0.969,62,0.94,0.969,10,0.945,0.9742,328,0
SPY190726P299,2019-07-24,2019-07-24 09:32:24,0.95,0.9793,182,0.94,0.969,38,0.94,0.969,10,0.945,0.9742,328,0
SPY190726P299,2019-07-24,2019-07-24 09:32:25,0.95,0.9793,268,0.94,0.969,38,0.94,0.969,10,0.945,0.9742,328,0
SPY190726P299,2019-07-24,2019-07-24 09:32:25,0.95,0.9793,195,0.94,0.969,58,0.94,0.969,10,0.945,0.9742,328,0
SPY190726P299,2019-07-24,2019-07-24 09:32:26,0.95,0.9793,421,0.94,0.969,32,0.94,0.969,5,0.945,0.9742,335,7
SPY190726P299,2019-07-24,2019-07-24 09:32:26,0.95,0.9793,421,0.94,0.969,32,0.94,0.969,5,0.945,0.9742,335,0
SPY190726P299,2019-07-24,2019-07-24 09:32:27,0.95,0.9793,575,0.93,0.9587,130,0.94,0.969,5,0.94,0.969,335,0
SPY190726P299,2019-07-24,2019-07-24 09:32:27,0.95,0.9793,420,0.93,0.9587,118,0.94,0.969,10,0.94,0.969,345,10
SPY190726P299,2019-07-24,2019-07-24 09:32:28,0.94,0.969,34,0.93,0.9587,141,0.94,0.969,10,0.935,0.9639,345,0
SPY190726P299,2019-07-24,2019-07-24 09:32:29,0.94,0.969,34,0.93,0.9587,74,0.94,0.969,10,0.935,0.9639,345,0
SPY190726P299,2019-07-24,2019-07-24 09:32:29,0.95,0.9793,257,0.93,0.9587,64,0.94,0.969,10,0.94,0.969,345,0
SPY190726P299,2019-07-24,2019-07-24 09:32:30,0.95,0.9793,257,0.94,0.969,10,0.94,0.969,10,0.945,0.9742,345,0
SPY190726P299,2019-07-24,2019-07-24 09:32:31,0.95,0.9793,282,0.94,0.969,10,0.94,0.969,10,0.945,0.9742,345,0
SPY190726P299,2019-07-24,2019-07-24 09:32:31,0.95,0.9793,332,0.94,0.969,10,0.94,0.969,10,0.945,0.9742,345,0
SPY190726P299,2019-07-24,2019-07-24 09:32:32,0.94,0.969,31,0.93,0.9587,37,0.94,0.969,10,0.935,0.9639,355,0
SPY190726P299,2019-07-24,2019-07-24 09:32:32,0.94,0.969,91,0.93,0.9587,32,0.94,0.969,10,0.935,0.9639,355,10
SPY190726P299,2019-07-24,2019-07-24 09:32:33,0.94,0.969,31,0.93,0.9587,71,0.94,0.969,10,0.935,0.9639,355,0
SPY190726P299,2019-07-24,2019-07-24 09:32:34,0.95,0.9793,264,0.93,0.9587,71,0.94,0.969,9,0.94,0.969,365,10
SPY190726P299,2019-07-24,2019-07-24 09:32:34,0.95,0.9793,266,0.93,0.9587,113,0.94,0.969,10,0.94,0.969,355,0
SPY190726P299,2019-07-24,2019-07-24 09:32:35,0.95,0.9793,264,0.93,0.9587,103,0.94,0.969,9,0.94,0.969,365,0
SPY190726P299,2019-07-24,2019-07-24 09:32:36,0.95,0.9793,360,0.93,0.9587,103,0.94,0.969,9,0.94,0.969,365,0
SPY190726P299,2019-07-24,2019-07-24 09:32:37,0.95,0.9793,257,0.93,0.9587,153,0.94,0.969,9,0.94,0.969,365,0
SPY190726P299,2019-07-24,2019-07-24 09:32:37,0.95,0.9793,360,0.93,0.9587,103,0.94,0.969,9,0.94,0.969,365,0
SPY190726P299,2019-07-24,2019-07-24 09:32:38,0.95,0.9793,165,0.94,0.969,32,0.94,0.969,9,0.945,0.9742,365,0
SPY190726P299,2019-07-24,2019-07-24 09:32:39,0.95,0.9793,163,0.94,0.969,32,0.94,0.969,9,0.945,0.9742,365,0
SPY190726P299,2019-07-24,2019-07-24 09:32:39,0.94,0.969,34,0.94,0.969,1,0.94,0.969,1,0.94,0.969,376,11
SPY190726P299,2019-07-24,2019-07-24 09:32:40,0.93,0.9587,34,0.92,0.9484,94,0.94,0.969,1,0.925,0.9536,377,1
SPY190726P299,2019-07-24,2019-07-24 09:32:40,0.93,0.9587,17,0.92,0.9484,116,0.94,0.969,1,0.925,0.9536,376,0
SPY190726P299,2019-07-24,2019-07-24 09:32:41,0.94,0.969,32,0.92,0.9484,144,0.94,0.969,1,0.93,0.9587,377,0
SPY190726P299,2019-07-24,2019-07-24 09:32:42,0.94,0.969,27,0.93,0.9587,63,0.94,0.969,17,0.935,0.9639,394,17
SPY190726P299,2019-07-24,2019-07-24 09:32:42,0.94,0.969,1,0.93,0.9587,113,0.93,0.9587,20,0.935,0.9639,414,20
SPY190726P299,2019-07-24,2019-07-24 09:32:43,0.94,0.969,1,0.93,0.9587,113,0.93,0.9587,20,0.935,0.9639,414,0
SPY190726P299,2019-07-24,2019-07-24 09:32:43,0.94,0.969,1,0.93,0.9587,113,0.93,0.9587,1,0.935,0.9639,415,1
SPY190726P299,2019-07-24,2019-07-24 09:32:44,0.94,0.969,79,0.93,0.9587,63,0.93,0.9587,1,0.935,0.9639,415,0
SPY190726P299,2019-07-24,2019-07-24 09:32:44,0.94,0.969,100,0.93,0.9587,38,0.93,0.9587,1,0.935,0.9639,415,0
SPY190726P299,2019-07-24,2019-07-24 09:32:45,0.94,0.969,54,0.93,0.9587,63,0.93,0.9587,1,0.935,0.9639,415,0
SPY190726P299,2019-07-24,2019-07-24 09:32:46,0.94,0.969,108,0.93,0.9587,38,0.93,0.9587,1,0.935,0.9639,415,0
SPY190726P299,2019-07-24,2019-07-24 09:32:46,0.95,0.9793,577,0.93,0.9587,151,0.93,0.9587,1,0.94,0.969,416,1
SPY190726P299,2019-07-24,2019-07-24 09:32:47,0.95,0.9793,233,0.93,0.9587,151,0.93,0.9587,1,0.94,0.969,416,0
SPY190726P299,2019-07-24,2019-07-24 09:32:48,0.95,0.9793,234,0.93,0.9587,194,0.93,0.9587,1,0.94,0.969,416,0
SPY190726P299,2019-07-24,2019-07-24 09:32:49,0.95,0.9793,234,0.93,0.9587,194,0.93,0.9587,1,0.94,0.969,416,0
SPY190726P299,2019-07-24,2019-07-24 09:32:49,0.95,0.9793,294,0.93,0.9587,194,0.93,0.9587,1,0.94,0.969,416,0
SPY190726P299,2019-07-24,2019-07-24 09:32:50,0.95,0.9793,239,0.94,0.969,76,0.93,0.9587,1,0.945,0.9742,416,0
SPY190726P299,2019-07-24,2019-07-24 09:32:51,0.95,0.9793,239,0.94,0.969,51,0.93,0.9587,1,0.945,0.9742,416,0
SPY190726P299,2019-07-24,2019-07-24 09:32:52,0.95,0.9793,1,0.94,0.969,128,0.93,0.9587,1,0.945,0.9742,416,0
SPY190726P299,2019-07-24,2019-07-24 09:32:53,0.95,0.9793,1,0.94,0.969,651,0.93,0.9587,1,0.945,0.9742,416,0
SPY190726P299,2019-07-24,2019-07-24 09:32:53,0.95,0.9793,1,0.94,0.969,134,0.93,0.9587,1,0.945,0.9742,416,0
SPY190726P299,2019-07-24,2019-07-24 09:32:54,0.95,0.9793,1,0.94,0.969,140,0.93,0.9587,1,0.945,0.9742,416,0
SPY190726P299,2019-07-24,2019-07-24 09:32:55,0.95,0.9793,1,0.94,0.969,53,0.93,0.9587,1,0.945,0.9742,416,0
SPY190726P299,2019-07-24,2019-07-24 09:32:55,0.95,0.9793,1,0.94,0.969,117,0.93,0.9587,1,0.945,0.9742,416,0
SPY190726P299,2019-07-24,2019-07-24 09:32:56,0.95,0.9793,1,0.94,0.969,153,0.93,0.9587,1,0.945,0.9742,416,0
SPY190726P299,2019-07-24,2019-07-24 09:32:56,0.95,0.9793,1,0.94,0.969,103,0.93,0.9587,1,0.945,0.9742,416,0
SPY190726P299,2019-07-24,2019-07-24 09:32:57,0.95,0.9793,203,0.94,0.969,2,0.93,0.9587,1,0.945,0.9742,416,0
SPY190726P299,2019-07-24,2019-07-24 09:32:58,0.95,0.9793,407,0.94,0.969,2,0.93,0.9587,1,0.945,0.9742,416,0
SPY190726P299,2019-07-24,2019-07-24 09:32:58,0.95,0.9793,590,0.94,0.969,2,0.93,0.9587,1,0.945,0.9742,416,0
SPY190726P299,2019-07-24,2019-07-24 09:32:59,0.95,0.9793,617,0.94,0.969,2,0.93,0.9587,1,0.945,0.9742,416,0
SPY190726P299,2019-07-24,2019-07-24 09:32:59,0.95,0.9793,27,0.94,0.969,2,0.93,0.9587,1,0.945,0.9742,416,0
SPY190726P299,2019-07-24,2019-07-24 09:33:00,0.95,0.9793,158,0.94,0.969,2,0.93,0.9587,1,0.945,0.9742,416,0
SPY190726P299,2019-07-24,2019-07-24 09:33:00,0.95,0.9793,269,0.94,0.969,2,0.93,0.9587,1,0.945,0.9742,416,0
SPY190726P299,2019-07-24,2019-07-24 09:33:01,0.95,0.9793,269,0.94,0.969,2,0.93,0.9587,1,0.945,0.9742,416,0
SPY190726P299,2019-07-24,2019-07-24 09:33:02,0.95,0.9793,619,0.93,0.9587,79,0.94,0.969,2,0.94,0.969,418,2
SPY190726P299,2019-07-24,2019-07-24 09:33:02,0.95,0.9793,269,0.94,0.969,2,0.93,0.9587,1,0.945,0.9742,416,0
SPY190726P299,2019-07-24,2019-07-24 09:33:03,0.94,0.969,36,0.93,0.9587,64,0.94,0.969,2,0.935,0.9639,418,0
SPY190726P299,2019-07-24,2019-07-24 09:33:03,0.94,0.969,184,0.93,0.9587,64,0.94,0.969,2,0.935,0.9639,418,0
SPY190726P299,2019-07-24,2019-07-24 09:33:04,0.94,0.969,120,0.93,0.9587,64,0.93,0.9587,5,0.935,0.9639,423,5
SPY190726P299,2019-07-24,2019-07-24 09:33:04,0.94,0.969,152,0.93,0.9587,64,0.94,0.969,2,0.935,0.9639,418,0
SPY190726P299,2019-07-24,2019-07-24 09:33:05,0.94,0.969,120,0.93,0.9587,38,0.93,0.9587,5,0.935,0.9639,423,0
SPY190726P299,2019-07-24,2019-07-24 09:33:06,0.94,0.969,230,0.93,0.9587,38,0.93,0.9587,5,0.935,0.9639,423,0
SPY190726P299,2019-07-24,2019-07-24 09:33:06,0.94,0.969,230,0.93,0.9587,32,0.93,0.9587,5,0.935,0.9639,423,0
SPY190726P299,2019-07-24,2019-07-24 09:33:07,0.94,0.969,196,0.93,0.9587,58,0.93,0.9587,5,0.935,0.9639,423,0
SPY190726P299,2019-07-24,2019-07-24 09:33:07,0.94,0.969,196,0.93,0.9587,38,0.93,0.9587,5,0.935,0.9639,423,0
SPY190726P299,2019-07-24,2019-07-24 09:33:08,0.94,0.969,313,0.92,0.9484,733,0.93,0.9587,5,0.93,0.9587,423,0
SPY190726P299,2019-07-24,2019-07-24 09:33:08,0.94,0.969,196,0.93,0.9587,64,0.93,0.9587,5,0.935,0.9639,423,0
SPY190726P299,2019-07-24,2019-07-24 09:33:09,0.94,0.969,133,0.93,0.9587,64,0.94,0.969,10,0.935,0.9639,433,10
SPY190726P299,2019-07-24,2019-07-24 09:33:09,0.94,0.969,313,0.92,0.9484,753,0.93,0.9587,5,0.93,0.9587,423,0
SPY190726P299,2019-07-24,2019-07-24 09:33:10,0.94,0.969,133,0.93,0.9587,64,0.94,0.969,10,0.935,0.9639,433,0
SPY190726P299,2019-07-24,2019-07-24 09:33:11,0.94,0.969,133,0.93,0.9587,58,0.94,0.969,10,0.935,0.9639,433,0
SPY190726P299,2019-07-24,2019-07-24 09:33:12,0.94,0.969,133,0.93,0.9587,58,0.94,0.969,10,0.935,0.9639,433,0
SPY190726P299,2019-07-24,2019-07-24 09:33:13,0.94,0.969,133,0.93,0.9587,58,0.94,0.969,10,0.935,0.9639,433,0
SPY190726P299,2019-07-24,2019-07-24 09:33:14,0.94,0.969,140,0.93,0.9587,58,0.94,0.969,10,0.935,0.9639,433,0
SPY190726P299,2019-07-24,2019-07-24 09:33:15,0.94,0.969,112,0.93,0.9587,32,0.94,0.969,10,0.935,0.9639,433,0
SPY190726P299,2019-07-24,2019-07-24 09:33:15,0.94,0.969,78,0.93,0.9587,61,0.94,0.969,10,0.935,0.9639,433,0
SPY190726P299,2019-07-24,2019-07-24 09:33:16,0.94,0.969,128,0.92,0.9484,819,0.94,0.969,10,0.93,0.9587,433,0
SPY190726P299,2019-07-24,2019-07-24 09:33:17,0.94,0.969,593,0.92,0.9484,91,0.92,0.9484,5,0.93,0.9587,438,5
SPY190726P299,2019-07-24,2019-07-24 09:33:17,0.94,0.969,8,0.92,0.9484,819,0.94,0.969,10,0.93,0.9587,433,0
SPY190726P299,2019-07-24,2019-07-24 09:33:18,0.94,0.969,181,0.92,0.9484,241,0.92,0.9484,5,0.93,0.9587,438,0
SPY190726P299,2019-07-24,2019-07-24 09:33:18,0.94,0.969,153,0.92,0.9484,138,0.92,0.9484,5,0.93,0.9587,438,0
SPY190726P299,2019-07-24,2019-07-24 09:33:19,0.94,0.969,153,0.92,0.9484,195,0.92,0.9484,5,0.93,0.9587,438,0
SPY190726P299,2019-07-24,2019-07-24 09:33:20,0.93,0.9587,44,0.92,0.9484,160,0.92,0.9484,5,0.925,0.9536,438,0
SPY190726P299,2019-07-24,2019-07-24 09:33:21,0.93,0.9587,145,0.91,0.9381,204,0.92,0.9484,50,0.92,0.9484,488,50
SPY190726P299,2019-07-24,2019-07-24 09:33:21,0.92,0.9484,96,0.91,0.9381,129,0.92,0.9484,50,0.915,0.9432,488,0
SPY190726P299,2019-07-24,2019-07-24 09:33:22,0.92,0.9484,88,0.91,0.9381,28,0.92,0.9484,50,0.915,0.9432,488,0
SPY190726P299,2019-07-24,2019-07-24 09:33:23,0.93,0.9587,165,0.91,0.9381,291,0.92,0.9484,50,0.92,0.9484,488,0
SPY190726P299,2019-07-24,2019-07-24 09:33:23,0.93,0.9587,165,0.91,0.9381,506,0.92,0.9484,50,0.92,0.9484,488,0
SPY190726P299,2019-07-24,2019-07-24 09:33:24,0.92,0.9484,44,0.91,0.9381,360,0.92,0.9484,50,0.915,0.9432,488,0
SPY190726P299,2019-07-24,2019-07-24 09:33:24,0.93,0.9587,204,0.91,0.9381,607,0.92,0.9484,50,0.92,0.9484,488,0
SPY190726P299,2019-07-24,2019-07-24 09:33:25,0.92,0.9484,73,0.91,0.9381,148,0.92,0.9484,1,0.915,0.9432,489,1
SPY190726P299,2019-07-24,2019-07-24 09:33:25,0.92,0.9484,128,0.9,0.9278,496,0.92,0.9484,1,0.91,0.9381,489,0
SPY190726P299,2019-07-24,2019-07-24 09:33:26,0.92,0.9484,455,0.9,0.9278,763,0.92,0.9484,1,0.91,0.9381,489,0
SPY190726P299,2019-07-24,2019-07-24 09:33:27,0.92,0.9484,170,0.9,0.9278,622,0.92,0.9484,1,0.91,0.9381,489,0
SPY190726P299,2019-07-24,2019-07-24 09:33:28,0.91,0.9381,153,0.9,0.9278,32,0.91,0.9381,1,0.905,0.9329,490,0
SPY190726P299,2019-07-24,2019-07-24 09:33:28,0.91,0.9381,153,0.9,0.9278,20,0.91,0.9381,1,0.905,0.9329,490,1
SPY190726P299,2019-07-24,2019-07-24 09:33:29,0.91,0.9381,149,0.9,0.9278,32,0.9,0.9278,1,0.905,0.9329,491,1
SPY190726P299,2019-07-24,2019-07-24 09:33:29,0.91,0.9381,149,0.9,0.9278,20,0.9,0.9278,1,0.905,0.9329,491,0
SPY190726P299,2019-07-24,2019-07-24 09:33:30,0.91,0.9381,230,0.9,0.9278,20,0.9,0.9278,1,0.905,0.9329,492,1
SPY190726P299,2019-07-24,2019-07-24 09:33:31,0.9,0.9278,499,0.88,0.9072,334,0.9,0.9278,10,0.89,0.9175,522,0
SPY190726P299,2019-07-24,2019-07-24 09:33:31,0.9,0.9278,399,0.88,0.9072,334,0.9,0.9278,10,0.89,0.9175,522,30
SPY190726P299,2019-07-24,2019-07-24 09:33:32,0.89,0.9175,75,0.88,0.9072,143,0.9,0.9278,10,0.885,0.9123,522,0
SPY190726P299,2019-07-24,2019-07-24 09:33:32,0.89,0.9175,34,0.88,0.9072,143,0.9,0.9278,10,0.885,0.9123,522,0
SPY190726P299,2019-07-24,2019-07-24 09:33:33,0.89,0.9175,72,0.88,0.9072,81,0.9,0.9278,10,0.885,0.9123,522,0
SPY190726P299,2019-07-24,2019-07-24 09:33:34,0.89,0.9175,35,0.88,0.9072,144,0.9,0.9278,10,0.885,0.9123,522,0
SPY190726P299,2019-07-24,2019-07-24 09:33:34,0.89,0.9175,116,0.88,0.9072,144,0.9,0.9278,10,0.885,0.9123,522,0
SPY190726P299,2019-07-24,2019-07-24 09:33:35,0.88,0.9072,60,0.87,0.8969,65,0.9,0.9278,10,0.875,0.902,522,0
SPY190726P299,2019-07-24,2019-07-24 09:33:35,0.89,0.9175,504,0.87,0.8969,65,0.9,0.9278,10,0.88,0.9072,522,0
SPY190726P299,2019-07-24,2019-07-24 09:33:36,0.88,0.9072,34,0.87,0.8969,65,0.9,0.9278,10,0.875,0.902,522,0
SPY190726P299,2019-07-24,2019-07-24 09:33:37,0.88,0.9072,34,0.87,0.8969,65,0.9,0.9278,10,0.875,0.902,522,0
SPY190726P299,2019-07-24,2019-07-24 09:33:38,0.88,0.9072,116,0.86,0.8865,541,0.86,0.8865,2,0.87,0.8969,532,10
SPY190726P299,2019-07-24,2019-07-24 09:33:38,0.88,0.9072,59,0.86,0.8865,937,0.87,0.8969,1,0.87,0.8969,533,1
SPY190726P299,2019-07-24,2019-07-24 09:33:39,0.88,0.9072,96,0.86,0.8865,826,0.87,0.8969,1,0.87,0.8969,533,0
SPY190726P299,2019-07-24,2019-07-24 09:33:39,0.87,0.8969,66,0.86,0.8865,440,0.87,0.8969,1,0.865,0.8917,533,0
SPY190726P299,2019-07-24,2019-07-24 09:33:40,0.87,0.8969,93,0.86,0.8865,490,0.87,0.8969,1,0.865,0.8917,533,0
SPY190726P299,2019-07-24,2019-07-24 09:33:41,0.87,0.8969,38,0.86,0.8865,458,0.87,0.8969,1,0.865,0.8917,533,0
SPY190726P299,2019-07-24,2019-07-24 09:33:42,0.87,0.8969,89,0.86,0.8865,358,0.87,0.8969,1,0.865,0.8917,554,21
SPY190726P299,2019-07-24,2019-07-24 09:33:42,0.87,0.8969,103,0.86,0.8865,390,0.87,0.8969,1,0.865,0.8917,554,0
SPY190726P299,2019-07-24,2019-07-24 09:33:43,0.87,0.8969,114,0.86,0.8865,390,0.87,0.8969,10,0.865,0.8917,564,10
SPY190726P299,2019-07-24,2019-07-24 09:33:43,0.87,0.8969,123,0.86,0.8865,32,0.87,0.8969,10,0.865,0.8917,564,0
SPY190726P299,2019-07-24,2019-07-24 09:33:44,0.87,0.8969,123,0.86,0.8865,32,0.87,0.8969,10,0.865,0.8917,564,0
SPY190726P299,2019-07-24,2019-07-24 09:33:45,0.87,0.8969,138,0.85,0.8762,1242,0.86,0.8865,3,0.86,0.8865,567,0
SPY190726P299,2019-07-24,2019-07-24 09:33:45,0.86,0.8865,3,0.85,0.8762,1242,0.86,0.8865,3,0.855,0.8814,567,3
SPY190726P299,2019-07-24,2019-07-24 09:33:46,0.87,0.8969,138,0.86,0.8865,73,0.86,0.8865,3,0.865,0.8917,567,0
SPY190726P299,2019-07-24,2019-07-24 09:33:46,0.87,0.8969,69,0.86,0.8865,126,0.86,0.8865,1,0.865,0.8917,568,1
SPY190726P299,2019-07-24,2019-07-24 09:33:47,0.87,0.8969,75,0.85,0.8762,1026,0.86,0.8865,1,0.86,0.8865,568,0
SPY190726P299,2019-07-24,2019-07-24 09:33:47,0.87,0.8969,469,0.85,0.8762,1241,0.86,0.8865,1,0.86,0.8865,568,0
SPY190726P299,2019-07-24,2019-07-24 09:33:48,0.86,0.8865,38,0.85,0.8762,1029,0.86,0.8865,1,0.855,0.8814,568,0
SPY190726P299,2019-07-24,2019-07-24 09:33:49,0.86,0.8865,117,0.84,0.8659,702,0.86,0.8865,1,0.85,0.8762,568,0
SPY190726P299,2019-07-24,2019-07-24 09:33:49,0.86,0.8865,148,0.84,0.8659,580,0.85,0.8762,3,0.85,0.8762,571,3
SPY190726P299,2019-07-24,2019-07-24 09:33:50,0.85,0.8762,35,0.84,0.8659,50,0.85,0.8762,3,0.845,0.8711,571,0
SPY190726P299,2019-07-24,2019-07-24 09:33:50,0.85,0.8762,154,0.84,0.8659,50,0.85,0.8762,3,0.845,0.8711,571,0
SPY190726P299,2019-07-24,2019-07-24 09:33:51,0.85,0.8762,154,0.84,0.8659,50,0.85,0.8762,3,0.845,0.8711,571,0
SPY190726P299,2019-07-24,2019-07-24 09:33:51,0.85,0.8762,165,0.84,0.8659,50,0.85,0.8762,3,0.845,0.8711,571,0
SPY190726P299,2019-07-24,2019-07-24 09:33:52,0.85,0.8762,137,0.84,0.8659,50,0.85,0.8762,3,0.845,0.8711,571,0
SPY190726P299,2019-07-24,2019-07-24 09:33:52,0.85,0.8762,120,0.84,0.8659,50,0.85,0.8762,3,0.845,0.8711,571,0
SPY190726P299,2019-07-24,2019-07-24 09:33:53,0.85,0.8762,137,0.84,0.8659,50,0.85,0.8762,3,0.845,0.8711,571,0
SPY190726P299,2019-07-24,2019-07-24 09:33:53,0.85,0.8762,151,0.84,0.8659,50,0.85,0.8762,3,0.845,0.8711,571,0
SPY190726P299,2019-07-24,2019-07-24 09:33:54,0.85,0.8762,138,0.84,0.8659,82,0.85,0.8762,3,0.845,0.8711,571,0
SPY190726P299,2019-07-24,2019-07-24 09:33:55,0.85,0.8762,124,0.84,0.8659,50,0.85,0.8762,3,0.845,0.8711,571,0
SPY190726P299,2019-07-24,2019-07-24 09:33:55,0.85,0.8762,154,0.84,0.8659,50,0.85,0.8762,3,0.845,0.8711,571,0
SPY190726P299,2019-07-24,2019-07-24 09:33:56,0.85,0.8762,195,0.84,0.8659,50,0.85,0.8762,3,0.845,0.8711,571,0
SPY190726P299,2019-07-24,2019-07-24 09:33:56,0.85,0.8762,196,0.84,0.8659,50,0.85,0.8762,3,0.845,0.8711,571,0
SPY190726P299,2019-07-24,2019-07-24 09:33:57,0.85,0.8762,196,0.84,0.8659,50,0.85,0.8762,3,0.845,0.8711,571,0
SPY190726P299,2019-07-24,2019-07-24 09:33:57,0.85,0.8762,134,0.84,0.8659,50,0.85,0.8762,3,0.845,0.8711,571,0
SPY190726P299,2019-07-24,2019-07-24 09:33:58,0.85,0.8762,156,0.84,0.8659,50,0.85,0.8762,3,0.845,0.8711,571,0
SPY190726P299,2019-07-24,2019-07-24 09:33:59,0.85,0.8762,250,0.84,0.8659,50,0.85,0.8762,3,0.845,0.8711,571,0
SPY190726P299,2019-07-24,2019-07-24 09:33:59,0.85,0.8762,307,0.84,0.8659,50,0.84,0.8659,8,0.845,0.8711,579,8
SPY190726P299,2019-07-24,2019-07-24 09:34:00,0.85,0.8762,166,0.84,0.8659,50,0.84,0.8659,7,0.845,0.8711,586,7
SPY190726P299,2019-07-24,2019-07-24 09:34:00,0.85,0.8762,845,0.84,0.8659,50,0.84,0.8659,7,0.845,0.8711,586,0
SPY190726P299,2019-07-24,2019-07-24 09:34:01,0.85,0.8762,576,0.82,0.8453,341,0.84,0.8659,50,0.835,0.8608,636,50
SPY190726P299,2019-07-24,2019-07-24 09:34:01,0.85,0.8762,763,0.84,0.8659,50,0.84,0.8659,7,0.845,0.8711,586,0
SPY190726P299,2019-07-24,2019-07-24 09:34:02,0.84,0.8659,126,0.82,0.8453,642,0.84,0.8659,50,0.83,0.8556,636,0
SPY190726P299,2019-07-24,2019-07-24 09:34:03,0.84,0.8659,291,0.82,0.8453,378,0.84,0.8659,50,0.83,0.8556,636,0
SPY190726P299,2019-07-24,2019-07-24 09:34:03,0.84,0.8659,264,0.82,0.8453,642,0.84,0.8659,50,0.83,0.8556,636,0
SPY190726P299,2019-07-24,2019-07-24 09:34:04,0.83,0.8556,445,0.81,0.835,40,0.84,0.8659,50,0.82,0.8453,636,0
SPY190726P299,2019-07-24,2019-07-24 09:34:04,0.84,0.8659,210,0.82,0.8453,378,0.84,0.8659,50,0.83,0.8556,636,0
SPY190726P299,2019-07-24,2019-07-24 09:34:05,0.84,0.8659,67,0.82,0.8453,88,0.81,0.835,3,0.83,0.8556,639,0
SPY190726P299,2019-07-24,2019-07-24 09:34:05,0.82,0.8453,22,0.81,0.835,300,0.81,0.835,3,0.815,0.8402,639,3
SPY190726P299,2019-07-24,2019-07-24 09:34:06,0.83,0.8556,22,0.82,0.8453,88,0.81,0.835,3,0.825,0.8505,639,0
SPY190726P299,2019-07-24,2019-07-24 09:34:07,0.82,0.8453,25,0.81,0.835,173,0.81,0.835,3,0.815,0.8402,639,0
SPY190726P299,2019-07-24,2019-07-24 09:34:07,0.82,0.8453,25,0.81,0.835,138,0.81,0.835,3,0.815,0.8402,639,0
SPY190726P299,2019-07-24,2019-07-24 09:34:08,0.82,0.8453,22,0.81,0.835,205,0.81,0.835,3,0.815,0.8402,639,0
SPY190726P299,2019-07-24,2019-07-24 09:34:08,0.82,0.8453,22,0.81,0.835,92,0.81,0.835,3,0.815,0.8402,639,0
SPY190726P299,2019-07-24,2019-07-24 09:34:09,0.81,0.835,23,0.8,0.8247,153,0.81,0.835,3,0.805,0.8298,639,0
SPY190726P299,2019-07-24,2019-07-24 09:34:09,0.82,0.8453,106,0.8,0.8247,53,0.81,0.835,3,0.81,0.835,639,0
SPY190726P299,2019-07-24,2019-07-24 09:34:10,0.81,0.835,23,0.8,0.8247,185,0.81,0.835,3,0.805,0.8298,639,0
SPY190726P299,2019-07-24,2019-07-24 09:34:10,0.83,0.8556,111,0.81,0.835,67,0.81,0.835,3,0.82,0.8453,639,0
SPY190726P299,2019-07-24,2019-07-24 09:34:11,0.82,0.8453,25,0.81,0.835,129,0.81,0.835,3,0.815,0.8402,639,0
SPY190726P299,2019-07-24,2019-07-24 09:34:11,0.83,0.8556,131,0.81,0.835,129,0.81,0.835,3,0.82,0.8453,639,0
SPY190726P299,2019-07-24,2019-07-24 09:34:12,0.82,0.8453,25,0.81,0.835,129,0.81,0.835,3,0.815,0.8402,639,0
SPY190726P299,2019-07-24,2019-07-24 09:34:13,0.82,0.8453,45,0.79,0.8144,611,0.81,0.835,3,0.805,0.8298,639,0
SPY190726P299,2019-07-24,2019-07-24 09:34:13,0.81,0.835,18,0.8,0.8247,92,0.81,0.835,3,0.805,0.8298,639,0
SPY190726P299,2019-07-24,2019-07-24 09:34:14,0.82,0.8453,25,0.81,0.835,85,0.81,0.835,3,0.815,0.8402,639,0
SPY190726P299,2019-07-24,2019-07-24 09:34:14,0.82,0.8453,107,0.81,0.835,35,0.81,0.835,3,0.815,0.8402,639,0
SPY190726P299,2019-07-24,2019-07-24 09:34:15,0.82,0.8453,25,0.81,0.835,135,0.81,0.835,3,0.815,0.8402,639,0
SPY190726P299,2019-07-24,2019-07-24 09:34:16,0.82,0.8453,25,0.81,0.835,286,0.82,0.8453,9,0.815,0.8402,661,0
SPY190726P299,2019-07-24,2019-07-24 09:34:16,0.82,0.8453,25,0.81,0.835,146,0.82,0.8453,9,0.815,0.8402,661,22
SPY190726P299,2019-07-24,2019-07-24 09:34:17,0.83,0.8556,106,0.81,0.835,399,0.82,0.8453,9,0.82,0.8453,661,0
SPY190726P299,2019-07-24,2019-07-24 09:34:18,0.82,0.8453,52,0.81,0.835,277,0.81,0.835,1,0.815,0.8402,672,11
SPY190726P299,2019-07-24,2019-07-24 09:34:18,0.82,0.8453,52,0.81,0.835,129,0.81,0.835,1,0.815,0.8402,672,0
SPY190726P299,2019-07-24,2019-07-24 09:34:19,0.82,0.8453,53,0.81,0.835,324,0.81,0.835,1,0.815,0.8402,672,0
SPY190726P299,2019-07-24,2019-07-24 09:34:19,0.82,0.8453,133,0.81,0.835,324,0.81,0.835,1,0.815,0.8402,672,0
SPY190726P299,2019-07-24,2019-07-24 09:34:20,0.82,0.8453,28,0.81,0.835,606,0.81,0.835,1,0.815,0.8402,672,0
SPY190726P299,2019-07-24,2019-07-24 09:34:20,0.83,0.8556,2,0.82,0.8453,141,0.81,0.835,1,0.825,0.8505,672,0
SPY190726P299,2019-07-24,2019-07-24 09:34:21,0.83,0.8556,66,0.82,0.8453,20,0.81,0.835,1,0.825,0.8505,672,0
SPY190726P299,2019-07-24,2019-07-24 09:34:21,0.83,0.8556,23,0.82,0.8453,191,0.81,0.835,1,0.825,0.8505,672,0
SPY190726P299,2019-07-24,2019-07-24 09:34:22,0.83,0.8556,142,0.82,0.8453,62,0.81,0.835,1,0.825,0.8505,672,0
SPY190726P299,2019-07-24,2019-07-24 09:34:23,0.83,0.8556,122,0.82,0.8453,18,0.81,0.835,1,0.825,0.8505,672,0
SPY190726P299,2019-07-24,2019-07-24 09:34:23,0.83,0.8556,22,0.82,0.8453,657,0.81,0.835,1,0.825,0.8505,672,0
SPY190726P299,2019-07-24,2019-07-24 09:34:24,0.84,0.8659,22,0.82,0.8453,1148,0.81,0.835,1,0.83,0.8556,672,0
SPY190726P299,2019-07-24,2019-07-24 09:34:24,0.84,0.8659,362,0.82,0.8453,872,0.81,0.835,1,0.83,0.8556,672,0
SPY190726P299,2019-07-24,2019-07-24 09:34:25,0.84,0.8659,19,0.83,0.8556,120,0.81,0.835,1,0.835,0.8608,672,0
SPY190726P299,2019-07-24,2019-07-24 09:34:25,0.84,0.8659,22,0.83,0.8556,118,0.81,0.835,1,0.835,0.8608,672,0
SPY190726P299,2019-07-24,2019-07-24 09:34:26,0.84,0.8659,19,0.83,0.8556,26,0.81,0.835,1,0.835,0.8608,672,0
SPY190726P299,2019-07-24,2019-07-24 09:34:27,0.83,0.8556,16,0.82,0.8453,256,0.81,0.835,1,0.825,0.8505,672,0
SPY190726P299,2019-07-24,2019-07-24 09:34:27,0.83,0.8556,16,0.82,0.8453,616,0.81,0.835,1,0.825,0.8505,672,0
SPY190726P299,2019-07-24,2019-07-24 09:34:28,0.84,0.8659,141,0.82,0.8453,601,0.81,0.835,1,0.83,0.8556,672,0
SPY190726P299,2019-07-24,2019-07-24 09:34:28,0.84,0.8659,163,0.82,0.8453,637,0.81,0.835,1,0.83,0.8556,672,0
SPY190726P299,2019-07-24,2019-07-24 09:34:29,0.83,0.8556,22,0.82,0.8453,637,0.81,0.835,1,0.825,0.8505,672,0
SPY190726P299,2019-07-24,2019-07-24 09:34:29,0.84,0.8659,148,0.82,0.8453,637,0.81,0.835,1,0.83,0.8556,672,0
SPY190726P299,2019-07-24,2019-07-24 09:34:30,0.83,0.8556,22,0.82,0.8453,533,0.81,0.835,1,0.825,0.8505,672,0
SPY190726P299,2019-07-24,2019-07-24 09:34:31,0.83,0.8556,62,0.81,0.835,256,0.81,0.835,1,0.82,0.8453,672,0
SPY190726P299,2019-07-24,2019-07-24 09:34:31,0.83,0.8556,22,0.82,0.8453,269,0.81,0.835,1,0.825,0.8505,672,0
SPY190726P299,2019-07-24,2019-07-24 09:34:32,0.83,0.8556,260,0.81,0.835,256,0.81,0.835,1,0.82,0.8453,672,0
SPY190726P299,2019-07-24,2019-07-24 09:34:33,0.83,0.8556,157,0.82,0.8453,92,0.81,0.835,1,0.825,0.8505,672,0
SPY190726P299,2019-07-24,2019-07-24 09:34:33,0.83,0.8556,549,0.81,0.835,784,0.81,0.835,1,0.82,0.8453,672,0
SPY190726P299,2019-07-24,2019-07-24 09:34:34,0.83,0.8556,1034,0.81,0.835,783,0.81,0.835,1,0.82,0.8453,672,0
SPY190726P299,2019-07-24,2019-07-24 09:34:35,0.83,0.8556,1034,0.81,0.835,783,0.81,0.835,1,0.82,0.8453,672,0
SPY190726P299,2019-07-24,2019-07-24 09:34:35,0.83,0.8556,768,0.81,0.835,206,0.81,0.835,1,0.82,0.8453,672,0
SPY190726P299,2019-07-24,2019-07-24 09:34:36,0.82,0.8453,63,0.81,0.835,426,0.81,0.835,1,0.815,0.8402,672,0
SPY190726P299,2019-07-24,2019-07-24 09:34:36,0.82,0.8453,57,0.81,0.835,426,0.81,0.835,1,0.815,0.8402,672,0
SPY190726P299,2019-07-24,2019-07-24 09:34:37,0.83,0.8556,216,0.81,0.835,368,0.81,0.835,1,0.82,0.8453,672,0
SPY190726P299,2019-07-24,2019-07-24 09:34:38,0.83,0.8556,244,0.81,0.835,293,0.81,0.835,1,0.82,0.8453,672,0
SPY190726P299,2019-07-24,2019-07-24 09:34:39,0.82,0.8453,22,0.81,0.835,242,0.81,0.835,1,0.815,0.8402,672,0
SPY190726P299,2019-07-24,2019-07-24 09:34:39,0.83,0.8556,272,0.81,0.835,206,0.81,0.835,1,0.82,0.8453,672,0
SPY190726P299,2019-07-24,2019-07-24 09:34:40,0.82,0.8453,22,0.81,0.835,495,0.81,0.835,1,0.815,0.8402,672,0
SPY190726P299,2019-07-24,2019-07-24 09:34:40,0.83,0.8556,70,0.82,0.8453,130,0.81,0.835,1,0.825,0.8505,672,0
SPY190726P299,2019-07-24,2019-07-24 09:34:41,0.83,0.8556,206,0.82,0.8453,26,0.81,0.835,1,0.825,0.8505,672,0
SPY190726P299,2019-07-24,2019-07-24 09:34:41,0.84,0.8659,354,0.82,0.8453,219,0.81,0.835,1,0.83,0.8556,672,0
SPY190726P299,2019-07-24,2019-07-24 09:34:42,0.83,0.8556,206,0.81,0.835,621,0.81,0.835,1,0.82,0.8453,672,0
SPY190726P299,2019-07-24,2019-07-24 09:34:43,0.83,0.8556,61,0.82,0.8453,1,0.82,0.8453,1,0.825,0.8505,673,1
SPY190726P299,2019-07-24,2019-07-24 09:34:43,0.82,0.8453,22,0.81,0.835,861,0.81,0.835,1,0.815,0.8402,672,0
SPY190726P299,2019-07-24,2019-07-24 09:34:44,0.83,0.8556,1,0.82,0.8453,5,0.82,0.8453,1,0.825,0.8505,673,0
SPY190726P299,2019-07-24,2019-07-24 09:34:44,0.83,0.8556,166,0.82,0.8453,35,0.82,0.8453,1,0.825,0.8505,673,0
SPY190726P299,2019-07-24,2019-07-24 09:34:45,0.84,0.8659,632,0.82,0.8453,119,0.82,0.8453,1,0.83,0.8556,673,0
SPY190726P299,2019-07-24,2019-07-24 09:34:45,0.83,0.8556,191,0.81,0.835,241,0.82,0.8453,1,0.82,0.8453,673,0
SPY190726P299,2019-07-24,2019-07-24 09:34:46,0.83,0.8556,187,0.81,0.835,551,0.82,0.8453,1,0.82,0.8453,673,0
SPY190726P299,2019-07-24,2019-07-24 09:34:46,0.83,0.8556,50,0.82,0.8453,35,0.82,0.8453,1,0.825,0.8505,673,0
SPY190726P299,2019-07-24,2019-07-24 09:34:47,0.83,0.8556,167,0.82,0.8453,103,0.82,0.8453,1,0.825,0.8505,673,0
SPY190726P299,2019-07-24,2019-07-24 09:34:47,0.83,0.8556,22,0.82,0.8453,100,0.82,0.8453,1,0.825,0.8505,673,0
SPY190726P299,2019-07-24,2019-07-24 09:34:48,0.83,0.8556,32,0.82,0.8453,68,0.82,0.8453,1,0.825,0.8505,673,0
SPY190726P299,2019-07-24,2019-07-24 09:34:49,0.83,0.8556,47,0.82,0.8453,147,0.83,0.8556,4,0.825,0.8505,677,4
SPY190726P299,2019-07-24,2019-07-24 09:34:49,0.84,0.8659,399,0.83,0.8556,35,0.83,0.8556,4,0.835,0.8608,677,0
SPY190726P299,2019-07-24,2019-07-24 09:34:50,0.84,0.8659,382,0.82,0.8453,215,0.83,0.8556,4,0.83,0.8556,677,0
SPY190726P299,2019-07-24,2019-07-24 09:34:50,0.84,0.8659,949,0.82,0.8453,493,0.83,0.8556,4,0.83,0.8556,677,0
SPY190726P299,2019-07-24,2019-07-24 09:34:51,0.83,0.8556,22,0.82,0.8453,652,0.83,0.8556,4,0.825,0.8505,677,0
SPY190726P299,2019-07-24,2019-07-24 09:34:51,0.84,0.8659,850,0.82,0.8453,613,0.83,0.8556,4,0.83,0.8556,677,0
SPY190726P299,2019-07-24,2019-07-24 09:34:52,0.83,0.8556,22,0.82,0.8453,693,0.83,0.8556,4,0.825,0.8505,677,0
SPY190726P299,2019-07-24,2019-07-24 09:34:53,0.83,0.8556,35,0.82,0.8453,188,0.83,0.8556,4,0.825,0.8505,677,0
SPY190726P299,2019-07-24,2019-07-24 09:34:53,0.83,0.8556,22,0.82,0.8453,693,0.83,0.8556,4,0.825,0.8505,677,0
SPY190726P299,2019-07-24,2019-07-24 09:34:54,0.83,0.8556,1,0.83,0.8556,23,0.83,0.8556,1,0.83,0.8556,681,1
SPY190726P299,2019-07-24,2019-07-24 09:34:54,0.83,0.8556,1,0.82,0.8453,188,0.83,0.8556,3,0.825,0.8505,680,3
SPY190726P299,2019-07-24,2019-07-24 09:34:55,0.83,0.8556,18,0.82,0.8453,194,0.83,0.8556,1,0.825,0.8505,682,1
SPY190726P299,2019-07-24,2019-07-24 09:34:55,0.83,0.8556,18,0.82,0.8453,194,0.83,0.8556,1,0.825,0.8505,682,0
SPY190726P299,2019-07-24,2019-07-24 09:34:56,0.83,0.8556,18,0.82,0.8453,194,0.83,0.8556,1,0.825,0.8505,682,0
SPY190726P299,2019-07-24,2019-07-24 09:34:57,0.83,0.8556,35,0.82,0.8453,194,0.83,0.8556,1,0.825,0.8505,682,0
SPY190726P299,2019-07-24,2019-07-24 09:34:58,0.84,0.8659,254,0.82,0.8453,194,0.83,0.8556,1,0.83,0.8556,682,0
SPY190726P299,2019-07-24,2019-07-24 09:34:58,0.83,0.8556,181,0.81,0.835,194,0.83,0.8556,1,0.82,0.8453,682,0
SPY190726P299,2019-07-24,2019-07-24 09:34:59,0.82,0.8453,214,0.81,0.835,4,0.82,0.8453,5,0.815,0.8402,687,0
SPY190726P299,2019-07-24,2019-07-24 09:34:59,0.82,0.8453,214,0.81,0.835,4,0.82,0.8453,5,0.815,0.8402,687,5
SPY190726P299,2019-07-24,2019-07-24 09:35:00,0.82,0.8453,214,0.81,0.835,4,0.82,0.8453,5,0.815,0.8402,687,0
SPY190726P299,2019-07-24,2019-07-24 09:35:00,0.81,0.835,17,0.81,0.835,4,0.81,0.835,4,0.81,0.835,691,4
SPY190726P299,2019-07-24,2019-07-24 09:35:01,0.81,0.835,280,0.81,0.835,4,0.81,0.835,4,0.81,0.835,691,0
SPY190726P299,2019-07-24,2019-07-24 09:35:02,0.81,0.835,597,0.8,0.8247,7,0.81,0.835,4,0.805,0.8298,691,0
SPY190726P299,2019-07-24,2019-07-24 09:35:02,0.81,0.835,640,0.8,0.8247,7,0.81,0.835,4,0.805,0.8298,691,0
SPY190726P299,2019-07-24,2019-07-24 09:35:03,0.81,0.835,625,0.8,0.8247,7,0.81,0.835,4,0.805,0.8298,691,0
SPY190726P299,2019-07-24,2019-07-24 09:35:03,0.81,0.835,597,0.8,0.8247,7,0.81,0.835,4,0.805,0.8298,691,0
SPY190726P299,2019-07-24,2019-07-24 09:35:04,0.81,0.835,222,0.8,0.8247,7,0.81,0.835,4,0.805,0.8298,691,0
SPY190726P299,2019-07-24,2019-07-24 09:35:04,0.81,0.835,206,0.8,0.8247,7,0.81,0.835,4,0.805,0.8298,691,0
SPY190726P299,2019-07-24,2019-07-24 09:35:05,0.81,0.835,332,0.8,0.8247,7,0.81,0.835,4,0.805,0.8298,691,0
SPY190726P299,2019-07-24,2019-07-24 09:35:06,0.81,0.835,858,0.8,0.8247,7,0.81,0.835,4,0.805,0.8298,691,0
SPY190726P299,2019-07-24,2019-07-24 09:35:06,0.81,0.835,768,0.8,0.8247,7,0.81,0.835,4,0.805,0.8298,691,0
SPY190726P299,2019-07-24,2019-07-24 09:35:07,0.81,0.835,782,0.8,0.8247,7,0.81,0.835,4,0.805,0.8298,691,0
SPY190726P299,2019-07-24,2019-07-24 09:35:07,0.81,0.835,943,0.8,0.8247,7,0.81,0.835,4,0.805,0.8298,691,0
SPY190726P299,2019-07-24,2019-07-24 09:35:08,0.81,0.835,1513,0.8,0.8247,7,0.79,0.8144,1,0.805,0.8298,692,1
SPY190726P299,2019-07-24,2019-07-24 09:35:08,0.81,0.835,1513,0.8,0.8247,7,0.79,0.8144,1,0.805,0.8298,692,0
SPY190726P299,2019-07-24,2019-07-24 09:35:09,0.8,0.8247,35,0.79,0.8144,117,0.8,0.8247,7,0.795,0.8195,699,7
SPY190726P299,2019-07-24,2019-07-24 09:35:10,0.79,0.8144,122,0.78,0.8041,163,0.79,0.8144,2,0.785,0.8092,701,0
SPY190726P299,2019-07-24,2019-07-24 09:35:10,0.79,0.8144,58,0.78,0.8041,163,0.79,0.8144,2,0.785,0.8092,701,2
SPY190726P299,2019-07-24,2019-07-24 09:35:11,0.79,0.8144,122,0.78,0.8041,67,0.79,0.8144,2,0.785,0.8092,701,0
SPY190726P299,2019-07-24,2019-07-24 09:35:11,0.79,0.8144,122,0.78,0.8041,117,0.79,0.8144,2,0.785,0.8092,701,0
SPY190726P299,2019-07-24,2019-07-24 09:35:12,0.79,0.8144,170,0.78,0.8041,117,0.79,0.8144,2,0.785,0.8092,701,0
SPY190726P299,2019-07-24,2019-07-24 09:35:12,0.79,0.8144,146,0.78,0.8041,120,0.79,0.8144,2,0.785,0.8092,701,0
SPY190726P299,2019-07-24,2019-07-24 09:35:13,0.78,0.8041,85,0.77,0.7938,133,0.79,0.8144,2,0.775,0.7989,701,0
SPY190726P299,2019-07-24,2019-07-24 09:35:13,0.79,0.8144,164,0.77,0.7938,133,0.79,0.8144,2,0.78,0.8041,701,0
SPY190726P299,2019-07-24,2019-07-24 09:35:14,0.78,0.8041,183,0.77,0.7938,50,0.79,0.8144,2,0.775,0.7989,701,0
SPY190726P299,2019-07-24,2019-07-24 09:35:15,0.78,0.8041,208,0.76,0.7835,697,0.79,0.8144,2,0.77,0.7938,701,0
SPY190726P299,2019-07-24,2019-07-24 09:35:15,0.78,0.8041,125,0.77,0.7938,95,0.79,0.8144,2,0.775,0.7989,701,0
SPY190726P299,2019-07-24,2019-07-24 09:35:16,0.78,0.8041,312,0.76,0.7835,758,0.79,0.8144,2,0.77,0.7938,701,0
SPY190726P299,2019-07-24,2019-07-24 09:35:16,0.78,0.8041,83,0.77,0.7938,158,0.79,0.8144,2,0.775,0.7989,701,0
SPY190726P299,2019-07-24,2019-07-24 09:35:17,0.78,0.8041,155,0.77,0.7938,158,0.79,0.8144,2,0.775,0.7989,701,0
SPY190726P299,2019-07-24,2019-07-24 09:35:17,0.78,0.8041,125,0.76,0.7835,673,0.79,0.8144,2,0.77,0.7938,701,0
SPY190726P299,2019-07-24,2019-07-24 09:35:18,0.78,0.8041,288,0.77,0.7938,73,0.79,0.8144,2,0.775,0.7989,701,0
SPY190726P299,2019-07-24,2019-07-24 09:35:18,0.78,0.8041,461,0.76,0.7835,1095,0.79,0.8144,2,0.77,0.7938,701,0
SPY190726P299,2019-07-24,2019-07-24 09:35:19,0.78,0.8041,346,0.76,0.7835,1095,0.79,0.8144,2,0.77,0.7938,701,0
SPY190726P299,2019-07-24,2019-07-24 09:35:20,0.78,0.8041,260,0.76,0.7835,1095,0.79,0.8144,2,0.77,0.7938,701,0
SPY190726P299,2019-07-24,2019-07-24 09:35:20,0.78,0.8041,346,0.76,0.7835,1095,0.79,0.8144,2,0.77,0.7938,701,0
SPY190726P299,2019-07-24,2019-07-24 09:35:21,0.78,0.8041,99,0.77,0.7938,104,0.78,0.8041,3,0.775,0.7989,704,0
SPY190726P299,2019-07-24,2019-07-24 09:35:21,0.78,0.8041,99,0.77,0.7938,104,0.78,0.8041,3,0.775,0.7989,704,3
SPY190726P299,2019-07-24,2019-07-24 09:35:22,0.78,0.8041,6,0.77,0.7938,139,0.78,0.8041,3,0.775,0.7989,704,0
SPY190726P299,2019-07-24,2019-07-24 09:35:22,0.78,0.8041,40,0.77,0.7938,139,0.78,0.8041,3,0.775,0.7989,704,0
SPY190726P299,2019-07-24,2019-07-24 09:35:23,0.78,0.8041,4,0.77,0.7938,464,0.78,0.8041,2,0.775,0.7989,706,2
SPY190726P299,2019-07-24,2019-07-24 09:35:24,0.78,0.8041,4,0.77,0.7938,463,0.78,0.8041,2,0.775,0.7989,706,0
SPY190726P299,2019-07-24,2019-07-24 09:35:24,0.78,0.8041,4,0.77,0.7938,333,0.78,0.8041,2,0.775,0.7989,706,0
SPY190726P299,2019-07-24,2019-07-24 09:35:25,0.8,0.8247,148,0.78,0.8041,1103,0.78,0.8041,2,0.79,0.8144,712,2
SPY190726P299,2019-07-24,2019-07-24 09:35:25,0.79,0.8144,183,0.78,0.8041,162,0.78,0.8041,4,0.785,0.8092,710,4
SPY190726P299,2019-07-24,2019-07-24 09:35:26,0.8,0.8247,166,0.79,0.8144,99,0.78,0.8041,3,0.795,0.8195,715,0
SPY190726P299,2019-07-24,2019-07-24 09:35:26,0.8,0.8247,166,0.79,0.8144,32,0.78,0.8041,3,0.795,0.8195,715,3
SPY190726P299,2019-07-24,2019-07-24 09:35:27,0.8,0.8247,108,0.79,0.8144,119,0.78,0.8041,3,0.795,0.8195,715,0
SPY190726P299,2019-07-24,2019-07-24 09:35:28,0.8,0.8247,48,0.79,0.8144,424,0.8,0.8247,20,0.795,0.8195,735,0
SPY190726P299,2019-07-24,2019-07-24 09:35:28,0.8,0.8247,48,0.79,0.8144,424,0.8,0.8247,20,0.795,0.8195,735,20
SPY190726P299,2019-07-24,2019-07-24 09:35:29,0.8,0.8247,48,0.79,0.8144,114,0.8,0.8247,20,0.795,0.8195,735,0
SPY190726P299,2019-07-24,2019-07-24 09:35:29,0.8,0.8247,48,0.79,0.8144,230,0.8,0.8247,20,0.795,0.8195,735,0
SPY190726P299,2019-07-24,2019-07-24 09:35:30,0.8,0.8247,239,0.78,0.8041,214,0.8,0.8247,20,0.79,0.8144,735,0
SPY190726P299,2019-07-24,2019-07-24 09:35:31,0.8,0.8247,579,0.78,0.8041,225,0.8,0.8247,20,0.79,0.8144,735,0
SPY190726P299,2019-07-24,2019-07-24 09:35:31,0.8,0.8247,720,0.78,0.8041,307,0.8,0.8247,20,0.79,0.8144,735,0
SPY190726P299,2019-07-24,2019-07-24 09:35:32,0.8,0.8247,185,0.78,0.8041,550,0.8,0.8247,20,0.79,0.8144,735,0
SPY190726P299,2019-07-24,2019-07-24 09:35:32,0.8,0.8247,450,0.78,0.8041,214,0.8,0.8247,20,0.79,0.8144,735,0
SPY190726P299,2019-07-24,2019-07-24 09:35:33,0.79,0.8144,97,0.78,0.8041,214,0.8,0.8247,20,0.785,0.8092,735,0
SPY190726P299,2019-07-24,2019-07-24 09:35:33,0.79,0.8144,38,0.78,0.8041,214,0.8,0.8247,20,0.785,0.8092,735,0
SPY190726P299,2019-07-24,2019-07-24 09:35:34,0.79,0.8144,108,0.78,0.8041,93,0.8,0.8247,20,0.785,0.8092,735,0
SPY190726P299,2019-07-24,2019-07-24 09:35:35,0.79,0.8144,158,0.77,0.7938,213,0.79,0.8144,55,0.78,0.8041,790,55
SPY190726P299,2019-07-24,2019-07-24 09:35:35,0.78,0.8041,38,0.77,0.7938,218,0.79,0.8144,55,0.775,0.7989,790,0
SPY190726P299,2019-07-24,2019-07-24 09:35:36,0.78,0.8041,109,0.77,0.7938,50,0.79,0.8144,55,0.775,0.7989,790,0
SPY190726P299,2019-07-24,2019-07-24 09:35:37,0.78,0.8041,549,0.76,0.7835,637,0.79,0.8144,55,0.77,0.7938,790,0
SPY190726P299,2019-07-24,2019-07-24 09:35:37,0.78,0.8041,464,0.76,0.7835,553,0.79,0.8144,55,0.77,0.7938,790,0
SPY190726P299,2019-07-24,2019-07-24 09:35:38,0.78,0.8041,103,0.76,0.7835,844,0.79,0.8144,55,0.77,0.7938,790,0
SPY190726P299,2019-07-24,2019-07-24 09:35:38,0.78,0.8041,38,0.77,0.7938,207,0.78,0.8041,10,0.775,0.7989,800,10
SPY190726P299,2019-07-24,2019-07-24 09:35:39,0.78,0.8041,115,0.77,0.7938,207,0.78,0.8041,10,0.775,0.7989,800,0
SPY190726P299,2019-07-24,2019-07-24 09:35:39,0.78,0.8041,108,0.77,0.7938,207,0.78,0.8041,10,0.775,0.7989,800,0
SPY190726P299,2019-07-24,2019-07-24 09:35:40,0.79,0.8144,825,0.77,0.7938,207,0.78,0.8041,10,0.78,0.8041,800,0
SPY190726P299,2019-07-24,2019-07-24 09:35:40,0.78,0.8041,170,0.77,0.7938,207,0.78,0.8041,10,0.775,0.7989,800,0
SPY190726P299,2019-07-24,2019-07-24 09:35:41,0.79,0.8144,825,0.77,0.7938,325,0.78,0.8041,10,0.78,0.8041,800,0
SPY190726P299,2019-07-24,2019-07-24 09:35:42,0.79,0.8144,80,0.78,0.8041,144,0.77,0.7938,1,0.785,0.8092,801,1
SPY190726P299,2019-07-24,2019-07-24 09:35:42,0.79,0.8144,72,0.78,0.8041,209,0.77,0.7938,1,0.785,0.8092,801,0
SPY190726P299,2019-07-24,2019-07-24 09:35:43,0.79,0.8144,103,0.78,0.8041,209,0.77,0.7938,1,0.785,0.8092,801,0
SPY190726P299,2019-07-24,2019-07-24 09:35:43,0.79,0.8144,109,0.78,0.8041,5,0.77,0.7938,1,0.785,0.8092,801,0
SPY190726P299,2019-07-24,2019-07-24 09:35:44,0.79,0.8144,108,0.78,0.8041,199,0.77,0.7938,1,0.785,0.8092,801,0
SPY190726P299,2019-07-24,2019-07-24 09:35:44,0.79,0.8144,109,0.78,0.8041,199,0.77,0.7938,1,0.785,0.8092,801,0
SPY190726P299,2019-07-24,2019-07-24 09:35:45,0.79,0.8144,134,0.78,0.8041,12,0.77,0.7938,1,0.785,0.8092,801,0
SPY190726P299,2019-07-24,2019-07-24 09:35:45,0.79,0.8144,108,0.78,0.8041,199,0.77,0.7938,1,0.785,0.8092,801,0
SPY190726P299,2019-07-24,2019-07-24 09:35:46,0.79,0.8144,76,0.78,0.8041,223,0.77,0.7938,1,0.785,0.8092,801,0
SPY190726P299,2019-07-24,2019-07-24 09:35:47,0.79,0.8144,82,0.78,0.8041,223,0.77,0.7938,1,0.785,0.8092,801,0
SPY190726P299,2019-07-24,2019-07-24 09:35:47,0.79,0.8144,114,0.78,0.8041,223,0.77,0.7938,1,0.785,0.8092,801,0
SPY190726P299,2019-07-24,2019-07-24 09:35:48,0.79,0.8144,132,0.77,0.7938,219,0.77,0.7938,1,0.78,0.8041,801,0
SPY190726P299,2019-07-24,2019-07-24 09:35:48,0.79,0.8144,132,0.78,0.8041,44,0.77,0.7938,1,0.785,0.8092,801,0
SPY190726P299,2019-07-24,2019-07-24 09:35:49,0.79,0.8144,721,0.77,0.7938,219,0.77,0.7938,1,0.78,0.8041,801,0
SPY190726P299,2019-07-24,2019-07-24 09:35:49,0.78,0.8041,40,0.77,0.7938,219,0.77,0.7938,1,0.775,0.7989,801,0
SPY190726P299,2019-07-24,2019-07-24 09:35:50,0.78,0.8041,134,0.77,0.7938,219,0.77,0.7938,1,0.775,0.7989,801,0
SPY190726P299,2019-07-24,2019-07-24 09:35:50,0.78,0.8041,108,0.77,0.7938,219,0.77,0.7938,1,0.775,0.7989,801,0
SPY190726P299,2019-07-24,2019-07-24 09:35:51,0.78,0.8041,184,0.77,0.7938,219,0.77,0.7938,1,0.775,0.7989,801,0
SPY190726P299,2019-07-24,2019-07-24 09:35:52,0.78,0.8041,48,0.77,0.7938,177,0.77,0.7938,1,0.775,0.7989,801,0
SPY190726P299,2019-07-24,2019-07-24 09:35:52,0.78,0.8041,80,0.77,0.7938,196,0.77,0.7938,1,0.775,0.7989,801,0
SPY190726P299,2019-07-24,2019-07-24 09:35:53,0.79,0.8144,1102,0.77,0.7938,709,0.77,0.7938,1,0.78,0.8041,801,0
SPY190726P299,2019-07-24,2019-07-24 09:35:53,0.79,0.8144,1416,0.77,0.7938,385,0.77,0.7938,1,0.78,0.8041,801,0
SPY190726P299,2019-07-24,2019-07-24 09:35:54,0.79,0.8144,1136,0.77,0.7938,859,0.77,0.7938,1,0.78,0.8041,801,0
SPY190726P299,2019-07-24,2019-07-24 09:35:54,0.79,0.8144,1102,0.77,0.7938,709,0.77,0.7938,1,0.78,0.8041,801,0
SPY190726P299,2019-07-24,2019-07-24 09:35:55,0.79,0.8144,710,0.78,0.8041,5,0.77,0.7938,1,0.785,0.8092,801,0
SPY190726P299,2019-07-24,2019-07-24 09:35:55,0.79,0.8144,1136,0.77,0.7938,632,0.77,0.7938,1,0.78,0.8041,801,0
SPY190726P299,2019-07-24,2019-07-24 09:35:56,0.79,0.8144,48,0.78,0.8041,98,0.77,0.7938,1,0.785,0.8092,801,0
SPY190726P299,2019-07-24,2019-07-24 09:35:57,0.79,0.8144,75,0.78,0.8041,146,0.79,0.8144,50,0.785,0.8092,851,50
SPY190726P299,2019-07-24,2019-07-24 09:35:57,0.79,0.8144,439,0.77,0.7938,224,0.79,0.8144,50,0.78,0.8041,851,0
SPY190726P299,2019-07-24,2019-07-24 09:35:58,0.79,0.8144,439,0.77,0.7938,224,0.79,0.8144,50,0.78,0.8041,851,0
SPY190726P299,2019-07-24,2019-07-24 09:35:59,0.79,0.8144,485,0.77,0.7938,224,0.79,0.8144,50,0.78,0.8041,851,0
SPY190726P299,2019-07-24,2019-07-24 09:35:59,0.79,0.8144,1402,0.77,0.7938,190,0.79,0.8144,50,0.78,0.8041,851,0
SPY190726P299,2019-07-24,2019-07-24 09:36:00,0.79,0.8144,1402,0.77,0.7938,190,0.79,0.8144,50,0.78,0.8041,851,0
SPY190726P299,2019-07-24,2019-07-24 09:36:00,0.79,0.8144,1396,0.77,0.7938,127,0.79,0.8144,50,0.78,0.8041,851,0
SPY190726P299,2019-07-24,2019-07-24 09:36:01,0.79,0.8144,961,0.77,0.7938,412,0.79,0.8144,50,0.78,0.8041,851,0
SPY190726P299,2019-07-24,2019-07-24 09:36:02,0.79,0.8144,62,0.78,0.8041,95,0.79,0.8144,50,0.785,0.8092,851,0
SPY190726P299,2019-07-24,2019-07-24 09:36:02,0.79,0.8144,104,0.77,0.7938,488,0.79,0.8144,1,0.78,0.8041,852,1
SPY190726P299,2019-07-24,2019-07-24 09:36:03,0.8,0.8247,917,0.78,0.8041,455,0.79,0.8144,1,0.79,0.8144,852,0
SPY190726P299,2019-07-24,2019-07-24 09:36:03,0.8,0.8247,1049,0.77,0.7938,566,0.79,0.8144,1,0.785,0.8092,852,0
SPY190726P299,2019-07-24,2019-07-24 09:36:04,0.8,0.8247,1514,0.78,0.8041,455,0.79,0.8144,1,0.79,0.8144,852,0
SPY190726P299,2019-07-24,2019-07-24 09:36:04,0.8,0.8247,1160,0.78,0.8041,113,0.79,0.8144,1,0.79,0.8144,852,0
SPY190726P299,2019-07-24,2019-07-24 09:36:05,0.79,0.8144,93,0.77,0.7938,984,0.79,0.8144,1,0.78,0.8041,852,0
SPY190726P299,2019-07-24,2019-07-24 09:36:06,0.8,0.8247,1845,0.78,0.8041,61,0.79,0.8144,1,0.79,0.8144,852,0
SPY190726P299,2019-07-24,2019-07-24 09:36:07,0.79,0.8144,294,0.78,0.8041,38,0.8,0.8247,1,0.785,0.8092,854,2
SPY190726P299,2019-07-24,2019-07-24 09:36:07,0.79,0.8144,159,0.78,0.8041,32,0.79,0.8144,3,0.785,0.8092,857,3
SPY190726P299,2019-07-24,2019-07-24 09:36:08,0.79,0.8144,38,0.78,0.8041,58,0.79,0.8144,20,0.785,0.8092,877,20
SPY190726P299,2019-07-24,2019-07-24 09:36:09,0.79,0.8144,1,0.78,0.8041,108,0.79,0.8144,20,0.785,0.8092,877,0
SPY190726P299,2019-07-24,2019-07-24 09:36:09,0.8,0.8247,1202,0.78,0.8041,108,0.79,0.8144,20,0.79,0.8144,877,0
SPY190726P299,2019-07-24,2019-07-24 09:36:10,0.8,0.8247,1804,0.78,0.8041,108,0.79,0.8144,20,0.79,0.8144,877,0
SPY190726P299,2019-07-24,2019-07-24 09:36:11,0.8,0.8247,1860,0.78,0.8041,120,0.79,0.8144,20,0.79,0.8144,877,0
SPY190726P299,2019-07-24,2019-07-24 09:36:11,0.8,0.8247,1809,0.78,0.8041,120,0.79,0.8144,20,0.79,0.8144,877,0
SPY190726P299,2019-07-24,2019-07-24 09:36:12,0.8,0.8247,102,0.78,0.8041,817,0.79,0.8144,20,0.79,0.8144,877,0
SPY190726P299,2019-07-24,2019-07-24 09:36:12,0.8,0.8247,283,0.78,0.8041,120,0.79,0.8144,20,0.79,0.8144,877,0
SPY190726P299,2019-07-24,2019-07-24 09:36:13,0.8,0.8247,458,0.78,0.8041,125,0.79,0.8144,20,0.79,0.8144,877,0
SPY190726P299,2019-07-24,2019-07-24 09:36:14,0.79,0.8144,32,0.78,0.8041,205,0.79,0.8144,20,0.785,0.8092,877,0
SPY190726P299,2019-07-24,2019-07-24 09:36:14,0.8,0.8247,677,0.78,0.8041,205,0.79,0.8144,20,0.79,0.8144,877,0
SPY190726P299,2019-07-24,2019-07-24 09:36:15,0.78,0.8041,36,0.76,0.7835,389,0.79,0.8144,20,0.77,0.7938,877,0
SPY190726P299,2019-07-24,2019-07-24 09:36:15,0.79,0.8144,1222,0.78,0.8041,63,0.79,0.8144,20,0.785,0.8092,877,0
SPY190726P299,2019-07-24,2019-07-24 09:36:16,0.78,0.8041,62,0.77,0.7938,143,0.79,0.8144,20,0.775,0.7989,877,0
SPY190726P299,2019-07-24,2019-07-24 09:36:16,0.78,0.8041,35,0.77,0.7938,143,0.79,0.8144,20,0.775,0.7989,877,0
SPY190726P299,2019-07-24,2019-07-24 09:36:17,0.78,0.8041,132,0.77,0.7938,113,0.79,0.8144,20,0.775,0.7989,877,0
SPY190726P299,2019-07-24,2019-07-24 09:36:18,0.78,0.8041,99,0.77,0.7938,158,0.79,0.8144,20,0.775,0.7989,877,0
SPY190726P299,2019-07-24,2019-07-24 09:36:18,0.78,0.8041,105,0.77,0.7938,188,0.79,0.8144,20,0.775,0.7989,877,0
SPY190726P299,2019-07-24,2019-07-24 09:36:19,0.78,0.8041,75,0.77,0.7938,60,0.79,0.8144,20,0.775,0.7989,877,0
SPY190726P299,2019-07-24,2019-07-24 09:36:19,0.77,0.7938,30,0.76,0.7835,60,0.79,0.8144,20,0.765,0.7886,877,0
SPY190726P299,2019-07-24,2019-07-24 09:36:20,0.77,0.7938,54,0.76,0.7835,113,0.79,0.8144,20,0.765,0.7886,877,0
SPY190726P299,2019-07-24,2019-07-24 09:36:20,0.77,0.7938,55,0.76,0.7835,113,0.79,0.8144,20,0.765,0.7886,877,0
SPY190726P299,2019-07-24,2019-07-24 09:36:21,0.77,0.7938,55,0.76,0.7835,113,0.79,0.8144,20,0.765,0.7886,877,0
SPY190726P299,2019-07-24,2019-07-24 09:36:22,0.77,0.7938,55,0.76,0.7835,113,0.79,0.8144,20,0.765,0.7886,877,0
SPY190726P299,2019-07-24,2019-07-24 09:36:23,0.77,0.7938,55,0.76,0.7835,113,0.79,0.8144,20,0.765,0.7886,877,0
SPY190726P299,2019-07-24,2019-07-24 09:36:23,0.77,0.7938,8,0.76,0.7835,113,0.79,0.8144,20,0.765,0.7886,877,0
SPY190726P299,2019-07-24,2019-07-24 09:36:24,0.77,0.7938,8,0.76,0.7835,92,0.79,0.8144,20,0.765,0.7886,877,0
SPY190726P299,2019-07-24,2019-07-24 09:36:24,0.77,0.7938,8,0.76,0.7835,528,0.79,0.8144,20,0.765,0.7886,877,0
SPY190726P299,2019-07-24,2019-07-24 09:36:25,0.77,0.7938,8,0.76,0.7835,552,0.79,0.8144,20,0.765,0.7886,877,0
SPY190726P299,2019-07-24,2019-07-24 09:36:25,0.77,0.7938,8,0.76,0.7835,908,0.79,0.8144,20,0.765,0.7886,877,0
SPY190726P299,2019-07-24,2019-07-24 09:36:26,0.77,0.7938,8,0.76,0.7835,278,0.79,0.8144,20,0.765,0.7886,877,0
SPY190726P299,2019-07-24,2019-07-24 09:36:27,0.77,0.7938,61,0.76,0.7835,370,0.79,0.8144,20,0.765,0.7886,877,0
SPY190726P299,2019-07-24,2019-07-24 09:36:27,0.77,0.7938,451,0.76,0.7835,61,0.79,0.8144,20,0.765,0.7886,877,0
SPY190726P299,2019-07-24,2019-07-24 09:36:28,0.77,0.7938,176,0.76,0.7835,54,0.79,0.8144,20,0.765,0.7886,877,0
SPY190726P299,2019-07-24,2019-07-24 09:36:29,0.77,0.7938,214,0.75,0.7731,510,0.79,0.8144,20,0.76,0.7835,877,0
SPY190726P299,2019-07-24,2019-07-24 09:36:29,0.77,0.7938,169,0.76,0.7835,106,0.79,0.8144,20,0.765,0.7886,877,0
SPY190726P299,2019-07-24,2019-07-24 09:36:30,0.77,0.7938,60,0.76,0.7835,150,0.79,0.8144,20,0.765,0.7886,877,0
SPY190726P299,2019-07-24,2019-07-24 09:36:30,0.77,0.7938,60,0.76,0.7835,130,0.79,0.8144,20,0.765,0.7886,877,0
SPY190726P299,2019-07-24,2019-07-24 09:36:31,0.77,0.7938,25,0.76,0.7835,169,0.79,0.8144,20,0.765,0.7886,877,0
SPY190726P299,2019-07-24,2019-07-24 09:36:31,0.77,0.7938,38,0.76,0.7835,177,0.79,0.8144,20,0.765,0.7886,877,0
SPY190726P299,2019-07-24,2019-07-24 09:36:32,0.77,0.7938,87,0.76,0.7835,149,0.79,0.8144,20,0.765,0.7886,877,0
SPY190726P299,2019-07-24,2019-07-24 09:36:32,0.77,0.7938,38,0.76,0.7835,129,0.79,0.8144,20,0.765,0.7886,877,0
SPY190726P299,2019-07-24,2019-07-24 09:36:33,0.77,0.7938,87,0.76,0.7835,175,0.79,0.8144,20,0.765,0.7886,877,0
SPY190726P299,2019-07-24,2019-07-24 09:36:34,0.77,0.7938,87,0.76,0.7835,175,0.79,0.8144,20,0.765,0.7886,877,0
SPY190726P299,2019-07-24,2019-07-24 09:36:34,0.77,0.7938,8,0.76,0.7835,529,0.79,0.8144,20,0.765,0.7886,877,0
SPY190726P299,2019-07-24,2019-07-24 09:36:35,0.77,0.7938,8,0.76,0.7835,214,0.79,0.8144,20,0.765,0.7886,877,0
SPY190726P299,2019-07-24,2019-07-24 09:36:36,0.77,0.7938,113,0.75,0.7731,770,0.79,0.8144,20,0.76,0.7835,877,0
SPY190726P299,2019-07-24,2019-07-24 09:36:36,0.77,0.7938,36,0.76,0.7835,159,0.79,0.8144,20,0.765,0.7886,877,0
SPY190726P299,2019-07-24,2019-07-24 09:36:37,0.76,0.7835,47,0.75,0.7731,125,0.79,0.8144,20,0.755,0.7783,877,0
SPY190726P299,2019-07-24,2019-07-24 09:36:38,0.77,0.7938,1084,0.75,0.7731,147,0.79,0.8144,20,0.76,0.7835,877,0
SPY190726P299,2019-07-24,2019-07-24 09:36:38,0.76,0.7835,38,0.75,0.7731,127,0.79,0.8144,20,0.755,0.7783,877,0
SPY190726P299,2019-07-24,2019-07-24 09:36:39,0.77,0.7938,490,0.75,0.7731,587,0.79,0.8144,20,0.76,0.7835,877,0
SPY190726P299,2019-07-24,2019-07-24 09:36:39,0.77,0.7938,360,0.75,0.7731,409,0.79,0.8144,20,0.76,0.7835,877,0
SPY190726P299,2019-07-24,2019-07-24 09:36:40,0.77,0.7938,564,0.75,0.7731,485,0.79,0.8144,20,0.76,0.7835,877,0
SPY190726P299,2019-07-24,2019-07-24 09:36:41,0.76,0.7835,61,0.75,0.7731,587,0.79,0.8144,20,0.755,0.7783,877,0
SPY190726P299,2019-07-24,2019-07-24 09:36:42,0.76,0.7835,86,0.75,0.7731,141,0.79,0.8144,20,0.755,0.7783,877,0
SPY190726P299,2019-07-24,2019-07-24 09:36:42,0.76,0.7835,86,0.75,0.7731,204,0.76,0.7835,3,0.755,0.7783,880,3
SPY190726P299,2019-07-24,2019-07-24 09:36:43,0.76,0.7835,106,0.75,0.7731,204,0.76,0.7835,3,0.755,0.7783,880,0
SPY190726P299,2019-07-24,2019-07-24 09:36:44,0.76,0.7835,961,0.74,0.7628,218,0.76,0.7835,3,0.75,0.7731,880,0
SPY190726P299,2019-07-24,2019-07-24 09:36:44,0.76,0.7835,856,0.74,0.7628,255,0.76,0.7835,3,0.75,0.7731,880,0
SPY190726P299,2019-07-24,2019-07-24 09:36:45,0.76,0.7835,1265,0.74,0.7628,218,0.76,0.7835,3,0.75,0.7731,880,0
SPY190726P299,2019-07-24,2019-07-24 09:36:45,0.75,0.7731,90,0.74,0.7628,212,0.76,0.7835,3,0.745,0.768,880,0
SPY190726P299,2019-07-24,2019-07-24 09:36:46,0.76,0.7835,1810,0.74,0.7628,503,0.76,0.7835,3,0.75,0.7731,880,0
SPY190726P299,2019-07-24,2019-07-24 09:36:47,0.76,0.7835,1276,0.74,0.7628,221,0.76,0.7835,3,0.75,0.7731,880,0
SPY190726P299,2019-07-24,2019-07-24 09:36:47,0.76,0.7835,1276,0.74,0.7628,328,0.76,0.7835,3,0.75,0.7731,880,0
SPY190726P299,2019-07-24,2019-07-24 09:36:48,0.75,0.7731,47,0.74,0.7628,50,0.76,0.7835,3,0.745,0.768,880,0
SPY190726P299,2019-07-24,2019-07-24 09:36:48,0.76,0.7835,1317,0.74,0.7628,212,0.76,0.7835,3,0.75,0.7731,880,0
SPY190726P299,2019-07-24,2019-07-24 09:36:49,0.76,0.7835,1559,0.74,0.7628,143,0.76,0.7835,3,0.75,0.7731,880,0
SPY190726P299,2019-07-24,2019-07-24 09:36:49,0.75,0.7731,138,0.74,0.7628,56,0.76,0.7835,3,0.745,0.768,880,0
SPY190726P299,2019-07-24,2019-07-24 09:36:50,0.75,0.7731,47,0.74,0.7628,145,0.76,0.7835,3,0.745,0.768,880,0
SPY190726P299,2019-07-24,2019-07-24 09:36:50,0.75,0.7731,60,0.74,0.7628,50,0.76,0.7835,3,0.745,0.768,880,0
SPY190726P299,2019-07-24,2019-07-24 09:36:51,0.75,0.7731,96,0.74,0.7628,100,0.76,0.7835,3,0.745,0.768,880,0
SPY190726P299,2019-07-24,2019-07-24 09:36:51,0.75,0.7731,71,0.74,0.7628,100,0.76,0.7835,3,0.745,0.768,880,0
SPY190726P299,2019-07-24,2019-07-24 09:36:52,0.75,0.7731,96,0.74,0.7628,93,0.76,0.7835,3,0.745,0.768,880,0
SPY190726P299,2019-07-24,2019-07-24 09:36:53,0.75,0.7731,96,0.74,0.7628,185,0.76,0.7835,3,0.745,0.768,880,0
SPY190726P299,2019-07-24,2019-07-24 09:36:54,0.75,0.7731,2,0.74,0.7628,185,0.76,0.7835,3,0.745,0.768,880,0
SPY190726P299,2019-07-24,2019-07-24 09:36:54,0.75,0.7731,2,0.74,0.7628,854,0.76,0.7835,3,0.745,0.768,880,0
SPY190726P299,2019-07-24,2019-07-24 09:36:55,0.75,0.7731,2,0.74,0.7628,1361,0.76,0.7835,3,0.745,0.768,880,0
SPY190726P299,2019-07-24,2019-07-24 09:36:56,0.75,0.7731,2,0.74,0.7628,1117,0.76,0.7835,3,0.745,0.768,880,0
SPY190726P299,2019-07-24,2019-07-24 09:36:56,0.75,0.7731,2,0.74,0.7628,834,0.76,0.7835,3,0.745,0.768,880,0
SPY190726P299,2019-07-24,2019-07-24 09:36:57,0.75,0.7731,2,0.74,0.7628,1084,0.76,0.7835,3,0.745,0.768,880,0
SPY190726P299,2019-07-24,2019-07-24 09:36:57,0.75,0.7731,2,0.74,0.7628,1574,0.76,0.7835,3,0.745,0.768,880,0
SPY190726P299,2019-07-24,2019-07-24 09:36:58,0.75,0.7731,8,0.74,0.7628,542,0.76,0.7835,3,0.745,0.768,880,0
SPY190726P299,2019-07-24,2019-07-24 09:36:58,0.75,0.7731,8,0.74,0.7628,728,0.76,0.7835,3,0.745,0.768,880,0
SPY190726P299,2019-07-24,2019-07-24 09:36:59,0.75,0.7731,7,0.74,0.7628,1148,0.75,0.7731,1,0.745,0.768,882,2
SPY190726P299,2019-07-24,2019-07-24 09:37:00,0.77,0.7938,377,0.75,0.7731,178,0.75,0.7731,1,0.76,0.7835,890,8
SPY190726P299,2019-07-24,2019-07-24 09:37:00,0.77,0.7938,478,0.75,0.7731,248,0.75,0.7731,1,0.76,0.7835,890,0
SPY190726P299,2019-07-24,2019-07-24 09:37:01,0.77,0.7938,1020,0.75,0.7731,445,0.75,0.7731,1,0.76,0.7835,890,0
SPY190726P299,2019-07-24,2019-07-24 09:37:01,0.77,0.7938,1020,0.75,0.7731,321,0.75,0.7731,1,0.76,0.7835,890,0
SPY190726P299,2019-07-24,2019-07-24 09:37:02,0.75,0.7731,18,0.74,0.7628,272,0.75,0.7731,1,0.745,0.768,890,0
SPY190726P299,2019-07-24,2019-07-24 09:37:03,0.77,0.7938,721,0.75,0.7731,6,0.75,0.7731,1,0.76,0.7835,890,0
SPY190726P299,2019-07-24,2019-07-24 09:37:03,0.75,0.7731,35,0.74,0.7628,351,0.75,0.7731,1,0.745,0.768,890,0
SPY190726P299,2019-07-24,2019-07-24 09:37:04,0.77,0.7938,894,0.75,0.7731,122,0.75,0.7731,1,0.76,0.7835,890,0
SPY190726P299,2019-07-24,2019-07-24 09:37:05,0.76,0.7835,35,0.75,0.7731,47,0.75,0.7731,1,0.755,0.7783,890,0
SPY190726P299,2019-07-24,2019-07-24 09:37:05,0.76,0.7835,41,0.75,0.7731,47,0.75,0.7731,1,0.755,0.7783,890,0
SPY190726P299,2019-07-24,2019-07-24 09:37:06,0.76,0.7835,35,0.75,0.7731,223,0.75,0.7731,1,0.755,0.7783,890,0
SPY190726P299,2019-07-24,2019-07-24 09:37:06,0.76,0.7835,35,0.75,0.7731,257,0.75,0.7731,1,0.755,0.7783,890,0
SPY190726P299,2019-07-24,2019-07-24 09:37:07,0.76,0.7835,55,0.75,0.7731,143,0.75,0.7731,1,0.755,0.7783,890,0
SPY190726P299,2019-07-24,2019-07-24 09:37:08,0.76,0.7835,55,0.75,0.7731,166,0.75,0.7731,1,0.755,0.7783,890,0
SPY190726P299,2019-07-24,2019-07-24 09:37:08,0.77,0.7938,1084,0.75,0.7731,166,0.75,0.7731,1,0.76,0.7835,890,0
SPY190726P299,2019-07-24,2019-07-24 09:37:09,0.76,0.7835,41,0.75,0.7731,217,0.75,0.7731,1,0.755,0.7783,890,0
SPY190726P299,2019-07-24,2019-07-24 09:37:09,0.77,0.7938,725,0.75,0.7731,294,0.75,0.7731,1,0.76,0.7835,890,0
SPY190726P299,2019-07-24,2019-07-24 09:37:10,0.76,0.7835,41,0.75,0.7731,217,0.75,0.7731,1,0.755,0.7783,890,0
SPY190726P299,2019-07-24,2019-07-24 09:37:10,0.76,0.7835,73,0.75,0.7731,157,0.75,0.7731,1,0.755,0.7783,890,0
SPY190726P299,2019-07-24,2019-07-24 09:37:11,0.76,0.7835,73,0.75,0.7731,157,0.75,0.7731,1,0.755,0.7783,890,0
SPY190726P299,2019-07-24,2019-07-24 09:37:12,0.76,0.7835,123,0.75,0.7731,112,0.75,0.7731,1,0.755,0.7783,890,0
SPY190726P299,2019-07-24,2019-07-24 09:37:12,0.76,0.7835,414,0.74,0.7628,632,0.75,0.7731,1,0.75,0.7731,890,0
SPY190726P299,2019-07-24,2019-07-24 09:37:13,0.76,0.7835,753,0.74,0.7628,734,0.75,0.7731,1,0.75,0.7731,890,0
SPY190726P299,2019-07-24,2019-07-24 09:37:13,0.76,0.7835,41,0.75,0.7731,1,0.75,0.7731,1,0.755,0.7783,890,0
SPY190726P299,2019-07-24,2019-07-24 09:37:14,0.76,0.7835,108,0.74,0.7628,1072,0.75,0.7731,1,0.75,0.7731,890,0
SPY190726P299,2019-07-24,2019-07-24 09:37:15,0.75,0.7731,35,0.74,0.7628,1014,0.75,0.7731,1,0.745,0.768,890,0
SPY190726P299,2019-07-24,2019-07-24 09:37:16,0.75,0.7731,39,0.74,0.7628,204,0.75,0.7731,1,0.745,0.768,890,0
SPY190726P299,2019-07-24,2019-07-24 09:37:16,0.75,0.7731,29,0.74,0.7628,155,0.75,0.7731,1,0.745,0.768,890,0
SPY190726P299,2019-07-24,2019-07-24 09:37:17,0.77,0.7938,612,0.75,0.7731,193,0.75,0.7731,1,0.76,0.7835,890,0
SPY190726P299,2019-07-24,2019-07-24 09:37:17,0.76,0.7835,635,0.74,0.7628,954,0.75,0.7731,1,0.75,0.7731,890,0
SPY190726P299,2019-07-24,2019-07-24 09:37:18,0.76,0.7835,76,0.75,0.7731,130,0.75,0.7731,1,0.755,0.7783,890,0
SPY190726P299,2019-07-24,2019-07-24 09:37:18,0.76,0.7835,35,0.75,0.7731,130,0.75,0.7731,1,0.755,0.7783,890,0
SPY190726P299,2019-07-24,2019-07-24 09:37:19,0.76,0.7835,76,0.75,0.7731,105,0.75,0.7731,5,0.755,0.7783,895,5
SPY190726P299,2019-07-24,2019-07-24 09:37:20,0.76,0.7835,35,0.75,0.7731,185,0.75,0.7731,5,0.755,0.7783,895,0
SPY190726P299,2019-07-24,2019-07-24 09:37:20,0.77,0.7938,1415,0.75,0.7731,563,0.75,0.7731,5,0.76,0.7835,895,0
SPY190726P299,2019-07-24,2019-07-24 09:37:21,0.77,0.7938,20,0.76,0.7835,471,0.75,0.7731,5,0.765,0.7886,895,0
SPY190726P299,2019-07-24,2019-07-24 09:37:21,0.78,0.8041,824,0.76,0.7835,471,0.75,0.7731,5,0.77,0.7938,895,0
SPY190726P299,2019-07-24,2019-07-24 09:37:22,0.78,0.8041,1456,0.76,0.7835,268,0.75,0.7731,5,0.77,0.7938,895,0
SPY190726P299,2019-07-24,2019-07-24 09:37:22,0.78,0.8041,1272,0.76,0.7835,574,0.77,0.7938,20,0.77,0.7938,915,20
SPY190726P299,2019-07-24,2019-07-24 09:37:23,0.78,0.8041,1272,0.76,0.7835,574,0.77,0.7938,20,0.77,0.7938,915,0
SPY190726P299,2019-07-24,2019-07-24 09:37:23,0.78,0.8041,961,0.76,0.7835,300,0.77,0.7938,20,0.77,0.7938,915,0
SPY190726P299,2019-07-24,2019-07-24 09:37:24,0.78,0.8041,896,0.76,0.7835,220,0.77,0.7938,20,0.77,0.7938,915,0
SPY190726P299,2019-07-24,2019-07-24 09:37:25,0.77,0.7938,35,0.76,0.7835,180,0.77,0.7938,20,0.765,0.7886,915,0
SPY190726P299,2019-07-24,2019-07-24 09:37:25,0.77,0.7938,336,0.76,0.7835,10,0.77,0.7938,20,0.765,0.7886,915,0
SPY190726P299,2019-07-24,2019-07-24 09:37:26,0.77,0.7938,102,0.76,0.7835,10,0.77,0.7938,20,0.765,0.7886,915,0
SPY190726P299,2019-07-24,2019-07-24 09:37:26,0.77,0.7938,64,0.76,0.7835,117,0.77,0.7938,20,0.765,0.7886,915,0
SPY190726P299,2019-07-24,2019-07-24 09:37:27,0.77,0.7938,580,0.76,0.7835,10,0.77,0.7938,20,0.765,0.7886,915,0
SPY190726P299,2019-07-24,2019-07-24 09:37:27,0.77,0.7938,241,0.76,0.7835,10,0.77,0.7938,20,0.765,0.7886,915,0
SPY190726P299,2019-07-24,2019-07-24 09:37:28,0.77,0.7938,684,0.76,0.7835,10,0.77,0.7938,20,0.765,0.7886,915,0
SPY190726P299,2019-07-24,2019-07-24 09:37:29,0.77,0.7938,964,0.76,0.7835,10,0.77,0.7938,20,0.765,0.7886,915,0
SPY190726P299,2019-07-24,2019-07-24 09:37:30,0.76,0.7835,47,0.75,0.7731,7,0.77,0.7938,20,0.755,0.7783,915,0
SPY190726P299,2019-07-24,2019-07-24 09:37:30,0.77,0.7938,1148,0.76,0.7835,10,0.77,0.7938,20,0.765,0.7886,915,0
SPY190726P299,2019-07-24,2019-07-24 09:37:31,0.77,0.7938,1328,0.75,0.7731,200,0.77,0.7938,20,0.76,0.7835,915,0
SPY190726P299,2019-07-24,2019-07-24 09:37:31,0.76,0.7835,27,0.75,0.7731,200,0.77,0.7938,20,0.755,0.7783,915,0
SPY190726P299,2019-07-24,2019-07-24 09:37:32,0.76,0.7835,50,0.75,0.7731,190,0.77,0.7938,20,0.755,0.7783,915,0
SPY190726P299,2019-07-24,2019-07-24 09:37:33,0.77,0.7938,632,0.75,0.7731,246,0.77,0.7938,20,0.76,0.7835,915,0
SPY190726P299,2019-07-24,2019-07-24 09:37:33,0.77,0.7938,972,0.75,0.7731,507,0.77,0.7938,20,0.76,0.7835,915,0
SPY190726P299,2019-07-24,2019-07-24 09:37:34,0.76,0.7835,282,0.75,0.7731,9,0.77,0.7938,20,0.755,0.7783,915,0
SPY190726P299,2019-07-24,2019-07-24 09:37:34,0.77,0.7938,904,0.75,0.7731,505,0.77,0.7938,20,0.76,0.7835,915,0
SPY190726P299,2019-07-24,2019-07-24 09:37:35,0.77,0.7938,904,0.75,0.7731,505,0.77,0.7938,20,0.76,0.7835,915,0
SPY190726P299,2019-07-24,2019-07-24 09:37:36,0.78,0.8041,1458,0.76,0.7835,317,0.75,0.7731,1,0.77,0.7938,916,0
SPY190726P299,2019-07-24,2019-07-24 09:37:36,0.77,0.7938,87,0.76,0.7835,41,0.75,0.7731,1,0.765,0.7886,916,1
SPY190726P299,2019-07-24,2019-07-24 09:37:37,0.78,0.8041,728,0.76,0.7835,308,0.75,0.7731,1,0.77,0.7938,916,0
SPY190726P299,2019-07-24,2019-07-24 09:37:37,0.78,0.8041,1624,0.76,0.7835,308,0.75,0.7731,1,0.77,0.7938,916,0
SPY190726P299,2019-07-24,2019-07-24 09:37:38,0.77,0.7938,212,0.76,0.7835,417,0.75,0.7731,1,0.765,0.7886,916,0
SPY190726P299,2019-07-24,2019-07-24 09:37:38,0.78,0.8041,881,0.76,0.7835,503,0.75,0.7731,1,0.77,0.7938,916,0
SPY190726P299,2019-07-24,2019-07-24 09:37:39,0.77,0.7938,358,0.75,0.7731,687,0.75,0.7731,1,0.76,0.7835,916,0
SPY190726P299,2019-07-24,2019-07-24 09:37:40,0.77,0.7938,477,0.75,0.7731,1076,0.75,0.7731,1,0.76,0.7835,916,0
SPY190726P299,2019-07-24,2019-07-24 09:37:40,0.77,0.7938,846,0.75,0.7731,1414,0.75,0.7731,1,0.76,0.7835,916,0
SPY190726P299,2019-07-24,2019-07-24 09:37:41,0.78,0.8041,578,0.76,0.7835,685,0.75,0.7731,1,0.77,0.7938,916,0
SPY190726P299,2019-07-24,2019-07-24 09:37:41,0.77,0.7938,846,0.75,0.7731,1414,0.75,0.7731,1,0.76,0.7835,916,0
SPY190726P299,2019-07-24,2019-07-24 09:37:42,0.78,0.8041,812,0.76,0.7835,1082,0.75,0.7731,1,0.77,0.7938,916,0
SPY190726P299,2019-07-24,2019-07-24 09:37:42,0.78,0.8041,894,0.76,0.7835,1082,0.75,0.7731,1,0.77,0.7938,916,0
SPY190726P299,2019-07-24,2019-07-24 09:37:43,0.78,0.8041,937,0.76,0.7835,1062,0.75,0.7731,1,0.77,0.7938,916,0
SPY190726P299,2019-07-24,2019-07-24 09:37:43,0.78,0.8041,894,0.76,0.7835,1082,0.75,0.7731,1,0.77,0.7938,916,0
SPY190726P299,2019-07-24,2019-07-24 09:37:44,0.78,0.8041,626,0.76,0.7835,1014,0.75,0.7731,1,0.77,0.7938,916,0
SPY190726P299,2019-07-24,2019-07-24 09:37:45,0.78,0.8041,626,0.76,0.7835,1014,0.75,0.7731,1,0.77,0.7938,916,0
SPY190726P299,2019-07-24,2019-07-24 09:37:45,0.78,0.8041,626,0.76,0.7835,842,0.75,0.7731,1,0.77,0.7938,916,0
SPY190726P299,2019-07-24,2019-07-24 09:37:46,0.77,0.7938,80,0.76,0.7835,348,0.75,0.7731,1,0.765,0.7886,916,0
SPY190726P299,2019-07-24,2019-07-24 09:37:46,0.77,0.7938,80,0.76,0.7835,444,0.75,0.7731,1,0.765,0.7886,916,0
SPY190726P299,2019-07-24,2019-07-24 09:37:47,0.77,0.7938,80,0.76,0.7835,348,0.75,0.7731,1,0.765,0.7886,916,0
SPY190726P299,2019-07-24,2019-07-24 09:37:47,0.77,0.7938,339,0.75,0.7731,281,0.75,0.7731,1,0.76,0.7835,916,0
SPY190726P299,2019-07-24,2019-07-24 09:37:48,0.77,0.7938,989,0.75,0.7731,585,0.75,0.7731,1,0.76,0.7835,916,0
SPY190726P299,2019-07-24,2019-07-24 09:37:48,0.76,0.7835,26,0.75,0.7731,489,0.75,0.7731,1,0.755,0.7783,916,0
SPY190726P299,2019-07-24,2019-07-24 09:37:49,0.77,0.7938,986,0.75,0.7731,489,0.75,0.7731,1,0.76,0.7835,916,0
SPY190726P299,2019-07-24,2019-07-24 09:37:49,0.77,0.7938,986,0.75,0.7731,647,0.75,0.7731,1,0.76,0.7835,916,0
SPY190726P299,2019-07-24,2019-07-24 09:37:50,0.77,0.7938,986,0.75,0.7731,489,0.75,0.7731,1,0.76,0.7835,916,0
SPY190726P299,2019-07-24,2019-07-24 09:37:51,0.76,0.7835,275,0.75,0.7731,6,0.75,0.7731,1,0.755,0.7783,916,0
SPY190726P299,2019-07-24,2019-07-24 09:37:51,0.76,0.7835,868,0.75,0.7731,6,0.75,0.7731,1,0.755,0.7783,916,0
SPY190726P299,2019-07-24,2019-07-24 09:37:52,0.76,0.7835,143,0.75,0.7731,9,0.75,0.7731,1,0.755,0.7783,916,0
SPY190726P299,2019-07-24,2019-07-24 09:37:52,0.77,0.7938,933,0.75,0.7731,101,0.75,0.7731,1,0.76,0.7835,916,0
SPY190726P299,2019-07-24,2019-07-24 09:37:53,0.77,0.7938,931,0.75,0.7731,118,0.75,0.7731,1,0.76,0.7835,916,0
SPY190726P299,2019-07-24,2019-07-24 09:37:54,0.76,0.7835,226,0.75,0.7731,9,0.75,0.7731,1,0.755,0.7783,916,0
SPY190726P299,2019-07-24,2019-07-24 09:37:54,0.76,0.7835,180,0.75,0.7731,39,0.75,0.7731,1,0.755,0.7783,916,0
SPY190726P299,2019-07-24,2019-07-24 09:37:55,0.76,0.7835,362,0.75,0.7731,50,0.75,0.7731,1,0.755,0.7783,916,0
SPY190726P299,2019-07-24,2019-07-24 09:37:55,0.76,0.7835,326,0.75,0.7731,50,0.75,0.7731,1,0.755,0.7783,916,0
SPY190726P299,2019-07-24,2019-07-24 09:37:56,0.76,0.7835,367,0.75,0.7731,6,0.75,0.7731,1,0.755,0.7783,916,0
SPY190726P299,2019-07-24,2019-07-24 09:37:57,0.76,0.7835,1308,0.75,0.7731,50,0.75,0.7731,1,0.755,0.7783,916,0
SPY190726P299,2019-07-24,2019-07-24 09:37:57,0.76,0.7835,81,0.75,0.7731,50,0.75,0.7731,1,0.755,0.7783,916,0
SPY190726P299,2019-07-24,2019-07-24 09:37:58,0.76,0.7835,1349,0.75,0.7731,5,0.75,0.7731,1,0.755,0.7783,917,1
SPY190726P299,2019-07-24,2019-07-24 09:37:58,0.76,0.7835,997,0.75,0.7731,50,0.75,0.7731,1,0.755,0.7783,916,0
SPY190726P299,2019-07-24,2019-07-24 09:37:59,0.74,0.7628,131,0.72,0.7422,199,0.75,0.7731,5,0.73,0.7525,924,0
SPY190726P299,2019-07-24,2019-07-24 09:37:59,0.75,0.7731,423,0.73,0.7525,47,0.75,0.7731,5,0.74,0.7628,924,7
SPY190726P299,2019-07-24,2019-07-24 09:38:00,0.74,0.7628,131,0.73,0.7525,50,0.75,0.7731,5,0.735,0.7577,924,0
SPY190726P299,2019-07-24,2019-07-24 09:38:01,0.75,0.7731,865,0.73,0.7525,100,0.75,0.7731,5,0.74,0.7628,924,0
SPY190726P299,2019-07-24,2019-07-24 09:38:01,0.74,0.7628,35,0.73,0.7525,370,0.75,0.7731,5,0.735,0.7577,924,0
SPY190726P299,2019-07-24,2019-07-24 09:38:02,0.75,0.7731,1075,0.73,0.7525,420,0.75,0.7731,5,0.74,0.7628,924,0
SPY190726P299,2019-07-24,2019-07-24 09:38:02,0.75,0.7731,543,0.73,0.7525,370,0.75,0.7731,5,0.74,0.7628,924,0
SPY190726P299,2019-07-24,2019-07-24 09:38:03,0.75,0.7731,336,0.73,0.7525,424,0.75,0.7731,5,0.74,0.7628,924,0
SPY190726P299,2019-07-24,2019-07-24 09:38:03,0.75,0.7731,475,0.73,0.7525,424,0.75,0.7731,5,0.74,0.7628,924,0
SPY190726P299,2019-07-24,2019-07-24 09:38:04,0.75,0.7731,713,0.73,0.7525,424,0.75,0.7731,5,0.74,0.7628,924,0
SPY190726P299,2019-07-24,2019-07-24 09:38:04,0.75,0.7731,844,0.73,0.7525,278,0.75,0.7731,5,0.74,0.7628,924,0
SPY190726P299,2019-07-24,2019-07-24 09:38:05,0.75,0.7731,886,0.73,0.7525,197,0.75,0.7731,5,0.74,0.7628,924,0
SPY190726P299,2019-07-24,2019-07-24 09:38:06,0.75,0.7731,674,0.73,0.7525,608,0.75,0.7731,5,0.74,0.7628,924,0
SPY190726P299,2019-07-24,2019-07-24 09:38:06,0.75,0.7731,886,0.73,0.7525,392,0.75,0.7731,5,0.74,0.7628,924,0
SPY190726P299,2019-07-24,2019-07-24 09:38:07,0.75,0.7731,251,0.73,0.7525,742,0.75,0.7731,5,0.74,0.7628,924,0
SPY190726P299,2019-07-24,2019-07-24 09:38:07,0.76,0.7835,723,0.73,0.7525,390,0.75,0.7731,5,0.745,0.768,924,0
SPY190726P299,2019-07-24,2019-07-24 09:38:08,0.75,0.7731,20,0.73,0.7525,324,0.75,0.7731,5,0.74,0.7628,924,0
SPY190726P299,2019-07-24,2019-07-24 09:38:09,0.75,0.7731,107,0.74,0.7628,40,0.75,0.7731,5,0.745,0.768,924,0
SPY190726P299,2019-07-24,2019-07-24 09:38:09,0.75,0.7731,169,0.73,0.7525,1057,0.75,0.7731,5,0.74,0.7628,924,0
SPY190726P299,2019-07-24,2019-07-24 09:38:10,0.75,0.7731,75,0.73,0.7525,395,0.75,0.7731,5,0.74,0.7628,924,0
SPY190726P299,2019-07-24,2019-07-24 09:38:10,0.75,0.7731,245,0.73,0.7525,303,0.75,0.7731,5,0.74,0.7628,924,0
SPY190726P299,2019-07-24,2019-07-24 09:38:11,0.75,0.7731,40,0.74,0.7628,3,0.75,0.7731,5,0.745,0.768,924,0
SPY190726P299,2019-07-24,2019-07-24 09:38:11,0.75,0.7731,99,0.74,0.7628,3,0.75,0.7731,5,0.745,0.768,924,0
SPY190726P299,2019-07-24,2019-07-24 09:38:12,0.75,0.7731,140,0.74,0.7628,3,0.75,0.7731,5,0.745,0.768,924,0
SPY190726P299,2019-07-24,2019-07-24 09:38:12,0.76,0.7835,643,0.74,0.7628,158,0.75,0.7731,5,0.75,0.7731,924,0
SPY190726P299,2019-07-24,2019-07-24 09:38:13,0.75,0.7731,10,0.74,0.7628,6,0.75,0.7731,5,0.745,0.768,924,0
SPY190726P299,2019-07-24,2019-07-24 09:38:14,0.76,0.7835,1178,0.74,0.7628,106,0.75,0.7731,5,0.75,0.7731,924,0
SPY190726P299,2019-07-24,2019-07-24 09:38:14,0.75,0.7731,39,0.74,0.7628,322,0.75,0.7731,5,0.745,0.768,924,0
SPY190726P299,2019-07-24,2019-07-24 09:38:15,0.76,0.7835,891,0.74,0.7628,162,0.75,0.7731,5,0.75,0.7731,924,0
SPY190726P299,2019-07-24,2019-07-24 09:38:15,0.75,0.7731,39,0.74,0.7628,119,0.75,0.7731,5,0.745,0.768,924,0
SPY190726P299,2019-07-24,2019-07-24 09:38:16,0.75,0.7731,39,0.74,0.7628,119,0.75,0.7731,5,0.745,0.768,924,0
SPY190726P299,2019-07-24,2019-07-24 09:38:16,0.75,0.7731,59,0.74,0.7628,119,0.75,0.7731,5,0.745,0.768,924,0
SPY190726P299,2019-07-24,2019-07-24 09:38:17,0.75,0.7731,39,0.74,0.7628,169,0.75,0.7731,5,0.745,0.768,924,0
SPY190726P299,2019-07-24,2019-07-24 09:38:17,0.76,0.7835,788,0.74,0.7628,114,0.75,0.7731,5,0.75,0.7731,924,0
SPY190726P299,2019-07-24,2019-07-24 09:38:18,0.76,0.7835,379,0.74,0.7628,150,0.75,0.7731,5,0.75,0.7731,924,0
SPY190726P299,2019-07-24,2019-07-24 09:38:19,0.76,0.7835,374,0.74,0.7628,150,0.75,0.7731,5,0.75,0.7731,924,0
SPY190726P299,2019-07-24,2019-07-24 09:38:19,0.76,0.7835,374,0.74,0.7628,353,0.75,0.7731,5,0.75,0.7731,924,0
SPY190726P299,2019-07-24,2019-07-24 09:38:20,0.76,0.7835,839,0.74,0.7628,170,0.75,0.7731,5,0.75,0.7731,924,0
SPY190726P299,2019-07-24,2019-07-24 09:38:20,0.76,0.7835,901,0.74,0.7628,280,0.75,0.7731,5,0.75,0.7731,924,0
SPY190726P299,2019-07-24,2019-07-24 09:38:21,0.75,0.7731,59,0.74,0.7628,215,0.75,0.7731,5,0.745,0.768,924,0
SPY190726P299,2019-07-24,2019-07-24 09:38:21,0.76,0.7835,768,0.74,0.7628,278,0.75,0.7731,5,0.75,0.7731,924,0
SPY190726P299,2019-07-24,2019-07-24 09:38:22,0.76,0.7835,901,0.74,0.7628,711,0.75,0.7731,5,0.75,0.7731,924,0
SPY190726P299,2019-07-24,2019-07-24 09:38:23,0.76,0.7835,901,0.74,0.7628,902,0.75,0.7731,5,0.75,0.7731,924,0
SPY190726P299,2019-07-24,2019-07-24 09:38:24,0.76,0.7835,412,0.74,0.7628,902,0.75,0.7731,5,0.75,0.7731,924,0
SPY190726P299,2019-07-24,2019-07-24 09:38:25,0.76,0.7835,412,0.74,0.7628,902,0.75,0.7731,5,0.75,0.7731,924,0
SPY190726P299,2019-07-24,2019-07-24 09:38:26,0.75,0.7731,39,0.74,0.7628,319,0.75,0.7731,5,0.745,0.768,924,0
SPY190726P299,2019-07-24,2019-07-24 09:38:26,0.76,0.7835,786,0.74,0.7628,278,0.75,0.7731,5,0.75,0.7731,924,0
SPY190726P299,2019-07-24,2019-07-24 09:38:27,0.75,0.7731,39,0.74,0.7628,215,0.75,0.7731,5,0.745,0.768,924,0
SPY190726P299,2019-07-24,2019-07-24 09:38:28,0.76,0.7835,333,0.74,0.7628,424,0.75,0.7731,5,0.75,0.7731,924,0
SPY190726P299,2019-07-24,2019-07-24 09:38:28,0.76,0.7835,482,0.74,0.7628,502,0.75,0.7731,5,0.75,0.7731,924,0
SPY190726P299,2019-07-24,2019-07-24 09:38:29,0.75,0.7731,39,0.74,0.7628,424,0.75,0.7731,5,0.745,0.768,924,0
SPY190726P299,2019-07-24,2019-07-24 09:38:29,0.75,0.7731,39,0.74,0.7628,817,0.74,0.7628,6,0.745,0.768,930,6
SPY190726P299,2019-07-24,2019-07-24 09:38:30,0.75,0.7731,39,0.74,0.7628,441,0.74,0.7628,6,0.745,0.768,930,0
SPY190726P299,2019-07-24,2019-07-24 09:38:30,0.75,0.7731,39,0.74,0.7628,774,0.74,0.7628,6,0.745,0.768,930,0
SPY190726P299,2019-07-24,2019-07-24 09:38:31,0.75,0.7731,39,0.74,0.7628,370,0.74,0.7628,6,0.745,0.768,930,0
SPY190726P299,2019-07-24,2019-07-24 09:38:32,0.76,0.7835,600,0.74,0.7628,547,0.74,0.7628,6,0.75,0.7731,930,0
SPY190726P299,2019-07-24,2019-07-24 09:38:32,0.76,0.7835,445,0.74,0.7628,755,0.74,0.7628,6,0.75,0.7731,930,0
SPY190726P299,2019-07-24,2019-07-24 09:38:33,0.75,0.7731,58,0.74,0.7628,496,0.75,0.7731,1,0.745,0.768,931,0
SPY190726P299,2019-07-24,2019-07-24 09:38:33,0.75,0.7731,38,0.74,0.7628,215,0.75,0.7731,1,0.745,0.768,931,1
SPY190726P299,2019-07-24,2019-07-24 09:38:34,0.75,0.7731,39,0.74,0.7628,433,0.75,0.7731,1,0.745,0.768,931,0
SPY190726P299,2019-07-24,2019-07-24 09:38:34,0.75,0.7731,250,0.73,0.7525,424,0.75,0.7731,1,0.74,0.7628,931,0
SPY190726P299,2019-07-24,2019-07-24 09:38:35,0.75,0.7731,864,0.73,0.7525,1018,0.75,0.7731,1,0.74,0.7628,931,0
SPY190726P299,2019-07-24,2019-07-24 09:38:35,0.75,0.7731,864,0.73,0.7525,1058,0.75,0.7731,1,0.74,0.7628,931,0
SPY190726P299,2019-07-24,2019-07-24 09:38:36,0.75,0.7731,864,0.73,0.7525,525,0.75,0.7731,1,0.74,0.7628,931,0
SPY190726P299,2019-07-24,2019-07-24 09:38:37,0.75,0.7731,1160,0.73,0.7525,1020,0.75,0.7731,1,0.74,0.7628,931,0
SPY190726P299,2019-07-24,2019-07-24 09:38:37,0.75,0.7731,1273,0.73,0.7525,632,0.75,0.7731,1,0.74,0.7628,931,0
SPY190726P299,2019-07-24,2019-07-24 09:38:38,0.74,0.7628,59,0.73,0.7525,913,0.75,0.7731,1,0.735,0.7577,931,0
SPY190726P299,2019-07-24,2019-07-24 09:38:38,0.74,0.7628,1,0.73,0.7525,1020,0.75,0.7731,1,0.735,0.7577,931,0
SPY190726P299,2019-07-24,2019-07-24 09:38:39,0.74,0.7628,123,0.73,0.7525,596,0.75,0.7731,1,0.735,0.7577,931,0
SPY190726P299,2019-07-24,2019-07-24 09:38:39,0.74,0.7628,39,0.73,0.7525,913,0.75,0.7731,1,0.735,0.7577,931,0
SPY190726P299,2019-07-24,2019-07-24 09:38:40,0.74,0.7628,42,0.73,0.7525,489,0.75,0.7731,1,0.735,0.7577,931,0
SPY190726P299,2019-07-24,2019-07-24 09:38:41,0.74,0.7628,59,0.73,0.7525,998,0.75,0.7731,1,0.735,0.7577,931,0
SPY190726P299,2019-07-24,2019-07-24 09:38:41,0.74,0.7628,42,0.73,0.7525,610,0.75,0.7731,1,0.735,0.7577,931,0
SPY190726P299,2019-07-24,2019-07-24 09:38:42,0.74,0.7628,573,0.72,0.7422,1016,0.75,0.7731,1,0.73,0.7525,931,0
SPY190726P299,2019-07-24,2019-07-24 09:38:42,0.74,0.7628,440,0.72,0.7422,909,0.75,0.7731,1,0.73,0.7525,931,0
SPY190726P299,2019-07-24,2019-07-24 09:38:43,0.74,0.7628,438,0.72,0.7422,524,0.75,0.7731,1,0.73,0.7525,931,0
SPY190726P299,2019-07-24,2019-07-24 09:38:43,0.74,0.7628,657,0.72,0.7422,844,0.75,0.7731,1,0.73,0.7525,931,0
SPY190726P299,2019-07-24,2019-07-24 09:38:44,0.74,0.7628,571,0.72,0.7422,951,0.75,0.7731,1,0.73,0.7525,931,0
SPY190726P299,2019-07-24,2019-07-24 09:38:45,0.74,0.7628,254,0.73,0.7525,123,0.75,0.7731,1,0.735,0.7577,931,0
SPY190726P299,2019-07-24,2019-07-24 09:38:45,0.74,0.7628,571,0.72,0.7422,991,0.75,0.7731,1,0.73,0.7525,931,0
SPY190726P299,2019-07-24,2019-07-24 09:38:46,0.74,0.7628,315,0.72,0.7422,530,0.75,0.7731,1,0.73,0.7525,931,0
SPY190726P299,2019-07-24,2019-07-24 09:38:46,0.74,0.7628,315,0.72,0.7422,524,0.75,0.7731,1,0.73,0.7525,931,0
SPY190726P299,2019-07-24,2019-07-24 09:38:47,0.74,0.7628,585,0.72,0.7422,652,0.75,0.7731,1,0.73,0.7525,931,0
SPY190726P299,2019-07-24,2019-07-24 09:38:47,0.73,0.7525,134,0.71,0.7319,326,0.75,0.7731,1,0.72,0.7422,931,0
SPY190726P299,2019-07-24,2019-07-24 09:38:48,0.74,0.7628,546,0.72,0.7422,267,0.75,0.7731,1,0.73,0.7525,931,0
SPY190726P299,2019-07-24,2019-07-24 09:38:49,0.73,0.7525,39,0.72,0.7422,1068,0.75,0.7731,1,0.725,0.7474,931,0
SPY190726P299,2019-07-24,2019-07-24 09:38:49,0.74,0.7628,637,0.72,0.7422,695,0.75,0.7731,1,0.73,0.7525,931,0
SPY190726P299,2019-07-24,2019-07-24 09:38:50,0.74,0.7628,196,0.72,0.7422,538,0.75,0.7731,1,0.73,0.7525,931,0
SPY190726P299,2019-07-24,2019-07-24 09:38:50,0.74,0.7628,20,0.73,0.7525,56,0.75,0.7731,1,0.735,0.7577,931,0
SPY190726P299,2019-07-24,2019-07-24 09:38:51,0.75,0.7731,705,0.74,0.7628,50,0.75,0.7731,1,0.745,0.768,931,0
SPY190726P299,2019-07-24,2019-07-24 09:38:51,0.74,0.7628,202,0.73,0.7525,89,0.75,0.7731,1,0.735,0.7577,931,0
SPY190726P299,2019-07-24,2019-07-24 09:38:52,0.75,0.7731,552,0.74,0.7628,50,0.75,0.7731,1,0.745,0.768,931,0
SPY190726P299,2019-07-24,2019-07-24 09:38:53,0.75,0.7731,552,0.74,0.7628,50,0.75,0.7731,1,0.745,0.768,931,0
SPY190726P299,2019-07-24,2019-07-24 09:38:53,0.75,0.7731,240,0.74,0.7628,56,0.75,0.7731,1,0.745,0.768,931,0
SPY190726P299,2019-07-24,2019-07-24 09:38:54,0.75,0.7731,240,0.73,0.7525,1101,0.75,0.7731,1,0.74,0.7628,931,0
SPY190726P299,2019-07-24,2019-07-24 09:38:54,0.74,0.7628,28,0.73,0.7525,1101,0.75,0.7731,1,0.735,0.7577,931,0
SPY190726P299,2019-07-24,2019-07-24 09:38:55,0.74,0.7628,528,0.73,0.7525,36,0.75,0.7731,1,0.735,0.7577,931,0
SPY190726P299,2019-07-24,2019-07-24 09:38:55,0.74,0.7628,128,0.73,0.7525,135,0.75,0.7731,1,0.735,0.7577,931,0
SPY190726P299,2019-07-24,2019-07-24 09:38:56,0.74,0.7628,528,0.73,0.7525,36,0.75,0.7731,1,0.735,0.7577,931,0
SPY190726P299,2019-07-24,2019-07-24 09:38:56,0.74,0.7628,39,0.73,0.7525,136,0.74,0.7628,34,0.735,0.7577,966,35
SPY190726P299,2019-07-24,2019-07-24 09:38:57,0.74,0.7628,145,0.73,0.7525,149,0.74,0.7628,34,0.735,0.7577,966,0
SPY190726P299,2019-07-24,2019-07-24 09:38:58,0.74,0.7628,495,0.72,0.7422,444,0.74,0.7628,34,0.73,0.7525,966,0
SPY190726P299,2019-07-24,2019-07-24 09:38:58,0.74,0.7628,495,0.73,0.7525,11,0.74,0.7628,34,0.735,0.7577,966,0
SPY190726P299,2019-07-24,2019-07-24 09:38:59,0.74,0.7628,316,0.72,0.7422,569,0.74,0.7628,3,0.73,0.7525,969,3
SPY190726P299,2019-07-24,2019-07-24 09:38:59,0.73,0.7525,323,0.71,0.7319,753,0.73,0.7525,5,0.72,0.7422,974,5
SPY190726P299,2019-07-24,2019-07-24 09:39:00,0.73,0.7525,176,0.72,0.7422,65,0.73,0.7525,5,0.725,0.7474,974,0
SPY190726P299,2019-07-24,2019-07-24 09:39:00,0.74,0.7628,1315,0.72,0.7422,259,0.73,0.7525,5,0.73,0.7525,974,0
SPY190726P299,2019-07-24,2019-07-24 09:39:01,0.74,0.7628,1409,0.72,0.7422,47,0.73,0.7525,5,0.73,0.7525,974,0
SPY190726P299,2019-07-24,2019-07-24 09:39:02,0.73,0.7525,202,0.72,0.7422,63,0.73,0.7525,5,0.725,0.7474,974,0
SPY190726P299,2019-07-24,2019-07-24 09:39:02,0.73,0.7525,618,0.72,0.7422,47,0.73,0.7525,5,0.725,0.7474,974,0
SPY190726P299,2019-07-24,2019-07-24 09:39:03,0.73,0.7525,202,0.72,0.7422,114,0.73,0.7525,5,0.725,0.7474,974,0
SPY190726P299,2019-07-24,2019-07-24 09:39:03,0.74,0.7628,971,0.72,0.7422,212,0.73,0.7525,5,0.73,0.7525,974,0
SPY190726P299,2019-07-24,2019-07-24 09:39:04,0.74,0.7628,784,0.72,0.7422,741,0.73,0.7525,5,0.73,0.7525,974,0
SPY190726P299,2019-07-24,2019-07-24 09:39:04,0.74,0.7628,971,0.72,0.7422,226,0.73,0.7525,5,0.73,0.7525,974,0
SPY190726P299,2019-07-24,2019-07-24 09:39:05,0.74,0.7628,800,0.72,0.7422,194,0.73,0.7525,5,0.73,0.7525,974,0
SPY190726P299,2019-07-24,2019-07-24 09:39:05,0.74,0.7628,842,0.72,0.7422,214,0.73,0.7525,5,0.73,0.7525,974,0
SPY190726P299,2019-07-24,2019-07-24 09:39:06,0.74,0.7628,668,0.72,0.7422,503,0.73,0.7525,5,0.73,0.7525,974,0
SPY190726P299,2019-07-24,2019-07-24 09:39:07,0.74,0.7628,574,0.72,0.7422,670,0.73,0.7525,5,0.73,0.7525,974,0
SPY190726P299,2019-07-24,2019-07-24 09:39:07,0.74,0.7628,589,0.72,0.7422,670,0.73,0.7525,5,0.73,0.7525,974,0
SPY190726P299,2019-07-24,2019-07-24 09:39:08,0.73,0.7525,121,0.72,0.7422,164,0.73,0.7525,5,0.725,0.7474,974,0
SPY190726P299,2019-07-24,2019-07-24 09:39:08,0.73,0.7525,47,0.72,0.7422,425,0.73,0.7525,5,0.725,0.7474,974,0
SPY190726P299,2019-07-24,2019-07-24 09:39:09,0.74,0.7628,595,0.72,0.7422,286,0.73,0.7525,5,0.73,0.7525,974,0
SPY190726P299,2019-07-24,2019-07-24 09:39:09,0.74,0.7628,1202,0.72,0.7422,102,0.73,0.7525,5,0.73,0.7525,974,0
SPY190726P299,2019-07-24,2019-07-24 09:39:10,0.73,0.7525,238,0.72,0.7422,102,0.73,0.7525,5,0.725,0.7474,974,0
SPY190726P299,2019-07-24,2019-07-24 09:39:11,0.73,0.7525,198,0.72,0.7422,134,0.73,0.7525,5,0.725,0.7474,974,0
SPY190726P299,2019-07-24,2019-07-24 09:39:12,0.74,0.7628,804,0.72,0.7422,285,0.73,0.7525,5,0.73,0.7525,974,0
SPY190726P299,2019-07-24,2019-07-24 09:39:13,0.74,0.7628,1125,0.72,0.7422,586,0.73,0.7525,5,0.73,0.7525,974,0
