symbol,Date,quote_time,ask_price,norm_ask_price,ask_size,bid_price,norm_bid_price,bid_size,last_trade_price,norm_last_trade_price,last_trade_size,mark_price,norm_mark_price,volume,Volume
IWM191129C162,2019-11-25,2019-11-25 09:30:00,0.06,1.0,388,0.02,0.3333,500,0.06,1.0,1,0.04,0.6666,1,1
IWM191129C162,2019-11-25,2019-11-25 09:30:02,0.06,1.0,675,0.02,0.3333,750,0.06,1.0,1,0.04,0.6666,1,0
IWM191129C162,2019-11-25,2019-11-25 09:30:03,0.06,1.0,643,0.03,0.5,10,0.06,1.0,1,0.045,0.75,1,0
IWM191129C162,2019-11-25,2019-11-25 09:30:03,0.06,1.0,675,0.02,0.3333,750,0.06,1.0,1,0.04,0.6666,1,0
IWM191129C162,2019-11-25,2019-11-25 09:30:04,0.06,1.0,1026,0.03,0.5,1500,0.06,1.0,1,0.045,0.75,1,0
IWM191129C162,2019-11-25,2019-11-25 09:30:04,0.06,1.0,951,0.03,0.5,1000,0.06,1.0,1,0.045,0.75,1,0
IWM191129C162,2019-11-25,2019-11-25 09:30:05,0.06,1.0,1026,0.03,0.5,1500,0.06,1.0,1,0.045,0.75,1,0
IWM191129C162,2019-11-25,2019-11-25 09:30:06,0.06,1.0,1052,0.03,0.5,1500,0.06,1.0,1,0.045,0.75,1,0
IWM191129C162,2019-11-25,2019-11-25 09:30:07,0.05,0.8333,3,0.03,0.5,1000,0.06,1.0,1,0.04,0.6666,1,0
IWM191129C162,2019-11-25,2019-11-25 09:30:08,0.05,0.8333,3,0.03,0.5,1000,0.06,1.0,1,0.04,0.6666,1,0
IWM191129C162,2019-11-25,2019-11-25 09:30:09,0.05,0.8333,375,0.04,0.6666,191,0.06,1.0,1,0.045,0.75,1,0
IWM191129C162,2019-11-25,2019-11-25 09:30:10,0.05,0.8333,375,0.04,0.6666,325,0.06,1.0,1,0.045,0.75,1,0
IWM191129C162,2019-11-25,2019-11-25 09:30:10,0.05,0.8333,375,0.04,0.6666,191,0.06,1.0,1,0.045,0.75,1,0
IWM191129C162,2019-11-25,2019-11-25 09:30:11,0.05,0.8333,375,0.04,0.6666,325,0.06,1.0,1,0.045,0.75,1,0
IWM191129C162,2019-11-25,2019-11-25 09:30:11,0.05,0.8333,3,0.04,0.6666,325,0.06,1.0,1,0.045,0.75,1,0
IWM191129C162,2019-11-25,2019-11-25 09:30:12,0.05,0.8333,375,0.04,0.6666,325,0.06,1.0,1,0.045,0.75,1,0
IWM191129C162,2019-11-25,2019-11-25 09:30:13,0.05,0.8333,375,0.04,0.6666,325,0.06,1.0,1,0.045,0.75,1,0
IWM191129C162,2019-11-25,2019-11-25 09:30:14,0.05,0.8333,791,0.04,0.6666,10,0.06,1.0,1,0.045,0.75,1,0
IWM191129C162,2019-11-25,2019-11-25 09:30:14,0.05,0.8333,791,0.04,0.6666,325,0.06,1.0,1,0.045,0.75,1,0
IWM191129C162,2019-11-25,2019-11-25 09:30:15,0.05,0.8333,791,0.04,0.6666,10,0.06,1.0,1,0.045,0.75,1,0
IWM191129C162,2019-11-25,2019-11-25 09:30:16,0.05,0.8333,738,0.04,0.6666,10,0.06,1.0,1,0.045,0.75,1,0
IWM191129C162,2019-11-25,2019-11-25 09:30:16,0.05,0.8333,791,0.04,0.6666,10,0.06,1.0,1,0.045,0.75,1,0
IWM191129C162,2019-11-25,2019-11-25 09:30:17,0.05,0.8333,738,0.04,0.6666,10,0.06,1.0,1,0.045,0.75,1,0
IWM191129C162,2019-11-25,2019-11-25 09:30:17,0.05,0.8333,763,0.04,0.6666,10,0.06,1.0,1,0.045,0.75,1,0
IWM191129C162,2019-11-25,2019-11-25 09:30:18,0.05,0.8333,995,0.04,0.6666,10,0.06,1.0,1,0.045,0.75,1,0
IWM191129C162,2019-11-25,2019-11-25 09:30:18,0.05,0.8333,1070,0.04,0.6666,10,0.06,1.0,1,0.045,0.75,1,0
IWM191129C162,2019-11-25,2019-11-25 09:30:19,0.05,0.8333,884,0.04,0.6666,10,0.06,1.0,1,0.045,0.75,1,0
IWM191129C162,2019-11-25,2019-11-25 09:30:19,0.05,0.8333,1070,0.04,0.6666,10,0.06,1.0,1,0.045,0.75,1,0
IWM191129C162,2019-11-25,2019-11-25 09:30:20,0.05,0.8333,716,0.04,0.6666,1,0.06,1.0,1,0.045,0.75,1,0
IWM191129C162,2019-11-25,2019-11-25 09:30:20,0.05,0.8333,884,0.04,0.6666,10,0.06,1.0,1,0.045,0.75,1,0
IWM191129C162,2019-11-25,2019-11-25 09:30:21,0.05,0.8333,999,0.04,0.6666,291,0.06,1.0,1,0.045,0.75,1,0
IWM191129C162,2019-11-25,2019-11-25 09:30:22,0.05,0.8333,1074,0.04,0.6666,291,0.06,1.0,1,0.045,0.75,1,0
IWM191129C162,2019-11-25,2019-11-25 09:30:22,0.05,0.8333,1070,0.04,0.6666,291,0.06,1.0,1,0.045,0.75,1,0
IWM191129C162,2019-11-25,2019-11-25 09:30:23,0.05,0.8333,1267,0.04,0.6666,291,0.06,1.0,1,0.045,0.75,1,0
IWM191129C162,2019-11-25,2019-11-25 09:30:24,0.05,0.8333,1267,0.04,0.6666,291,0.06,1.0,1,0.045,0.75,1,0
IWM191129C162,2019-11-25,2019-11-25 09:30:25,0.05,0.8333,1267,0.04,0.6666,291,0.06,1.0,1,0.045,0.75,1,0
IWM191129C162,2019-11-25,2019-11-25 09:30:25,0.05,0.8333,1524,0.04,0.6666,291,0.06,1.0,1,0.045,0.75,1,0
IWM191129C162,2019-11-25,2019-11-25 09:30:26,0.05,0.8333,2693,0.04,0.6666,291,0.06,1.0,1,0.045,0.75,1,0
IWM191129C162,2019-11-25,2019-11-25 09:30:26,0.05,0.8333,2305,0.04,0.6666,291,0.06,1.0,1,0.045,0.75,1,0
IWM191129C162,2019-11-25,2019-11-25 09:30:27,0.05,0.8333,2693,0.04,0.6666,291,0.06,1.0,1,0.045,0.75,1,0
IWM191129C162,2019-11-25,2019-11-25 09:30:28,0.05,0.8333,2693,0.04,0.6666,291,0.06,1.0,1,0.045,0.75,1,0
IWM191129C162,2019-11-25,2019-11-25 09:30:29,0.05,0.8333,2693,0.04,0.6666,291,0.06,1.0,1,0.045,0.75,1,0
IWM191129C162,2019-11-25,2019-11-25 09:30:30,0.05,0.8333,2693,0.04,0.6666,291,0.06,1.0,1,0.045,0.75,1,0
IWM191129C162,2019-11-25,2019-11-25 09:30:31,0.05,0.8333,2693,0.04,0.6666,291,0.06,1.0,1,0.045,0.75,1,0
IWM191129C162,2019-11-25,2019-11-25 09:30:32,0.05,0.8333,2772,0.04,0.6666,291,0.06,1.0,1,0.045,0.75,1,0
IWM191129C162,2019-11-25,2019-11-25 09:30:33,0.05,0.8333,2697,0.04,0.6666,291,0.06,1.0,1,0.045,0.75,1,0
IWM191129C162,2019-11-25,2019-11-25 09:30:34,0.05,0.8333,2697,0.04,0.6666,291,0.06,1.0,1,0.045,0.75,1,0
IWM191129C162,2019-11-25,2019-11-25 09:30:35,0.05,0.8333,2697,0.04,0.6666,291,0.06,1.0,1,0.045,0.75,1,0
IWM191129C162,2019-11-25,2019-11-25 09:30:36,0.05,0.8333,2697,0.04,0.6666,291,0.06,1.0,1,0.045,0.75,1,0
IWM191129C162,2019-11-25,2019-11-25 09:30:37,0.05,0.8333,2697,0.04,0.6666,291,0.06,1.0,1,0.045,0.75,1,0
IWM191129C162,2019-11-25,2019-11-25 09:30:38,0.05,0.8333,1074,0.04,0.6666,291,0.06,1.0,1,0.045,0.75,1,0
IWM191129C162,2019-11-25,2019-11-25 09:30:38,0.05,0.8333,1524,0.04,0.6666,291,0.06,1.0,1,0.045,0.75,1,0
IWM191129C162,2019-11-25,2019-11-25 09:30:39,0.05,0.8333,1524,0.04,0.6666,291,0.06,1.0,1,0.045,0.75,1,0
IWM191129C162,2019-11-25,2019-11-25 09:30:40,0.05,0.8333,1674,0.04,0.6666,291,0.06,1.0,1,0.045,0.75,1,0
IWM191129C162,2019-11-25,2019-11-25 09:30:41,0.05,0.8333,1674,0.04,0.6666,291,0.06,1.0,1,0.045,0.75,1,0
IWM191129C162,2019-11-25,2019-11-25 09:30:42,0.05,0.8333,1674,0.04,0.6666,291,0.06,1.0,1,0.045,0.75,1,0
IWM191129C162,2019-11-25,2019-11-25 09:30:43,0.05,0.8333,2408,0.04,0.6666,291,0.06,1.0,1,0.045,0.75,1,0
IWM191129C162,2019-11-25,2019-11-25 09:30:44,0.05,0.8333,2796,0.04,0.6666,291,0.06,1.0,1,0.045,0.75,1,0
IWM191129C162,2019-11-25,2019-11-25 09:30:45,0.05,0.8333,2857,0.04,0.6666,291,0.06,1.0,1,0.045,0.75,1,0
IWM191129C162,2019-11-25,2019-11-25 09:30:46,0.05,0.8333,2857,0.04,0.6666,291,0.06,1.0,1,0.045,0.75,1,0
IWM191129C162,2019-11-25,2019-11-25 09:30:47,0.05,0.8333,2857,0.04,0.6666,291,0.06,1.0,1,0.045,0.75,1,0
IWM191129C162,2019-11-25,2019-11-25 09:30:48,0.05,0.8333,2857,0.04,0.6666,291,0.06,1.0,1,0.045,0.75,1,0
IWM191129C162,2019-11-25,2019-11-25 09:30:49,0.05,0.8333,2062,0.04,0.6666,291,0.06,1.0,1,0.045,0.75,1,0
IWM191129C162,2019-11-25,2019-11-25 09:30:50,0.05,0.8333,1987,0.04,0.6666,291,0.06,1.0,1,0.045,0.75,1,0
IWM191129C162,2019-11-25,2019-11-25 09:30:51,0.05,0.8333,1987,0.04,0.6666,291,0.06,1.0,1,0.045,0.75,1,0
IWM191129C162,2019-11-25,2019-11-25 09:30:52,0.05,0.8333,1987,0.04,0.6666,291,0.06,1.0,1,0.045,0.75,1,0
IWM191129C162,2019-11-25,2019-11-25 09:30:52,0.05,0.8333,2062,0.04,0.6666,291,0.06,1.0,1,0.045,0.75,1,0
IWM191129C162,2019-11-25,2019-11-25 09:30:53,0.05,0.8333,2062,0.04,0.6666,291,0.06,1.0,1,0.045,0.75,1,0
IWM191129C162,2019-11-25,2019-11-25 09:30:54,0.05,0.8333,2062,0.04,0.6666,291,0.06,1.0,1,0.045,0.75,1,0
IWM191129C162,2019-11-25,2019-11-25 09:30:55,0.05,0.8333,2062,0.04,0.6666,291,0.06,1.0,1,0.045,0.75,1,0
IWM191129C162,2019-11-25,2019-11-25 09:30:55,0.05,0.8333,1130,0.04,0.6666,10,0.06,1.0,1,0.045,0.75,1,0
IWM191129C162,2019-11-25,2019-11-25 09:30:56,0.05,0.8333,1435,0.04,0.6666,10,0.06,1.0,1,0.045,0.75,1,0
IWM191129C162,2019-11-25,2019-11-25 09:30:56,0.05,0.8333,1435,0.04,0.6666,1,0.06,1.0,1,0.045,0.75,1,0
IWM191129C162,2019-11-25,2019-11-25 09:30:57,0.05,0.8333,1430,0.04,0.6666,1,0.06,1.0,1,0.045,0.75,1,0
IWM191129C162,2019-11-25,2019-11-25 09:30:58,0.05,0.8333,2548,0.04,0.6666,1,0.06,1.0,1,0.045,0.75,1,0
IWM191129C162,2019-11-25,2019-11-25 09:30:59,0.05,0.8333,1770,0.04,0.6666,1,0.06,1.0,1,0.045,0.75,1,0
IWM191129C162,2019-11-25,2019-11-25 09:31:00,0.05,0.8333,2554,0.04,0.6666,1,0.06,1.0,1,0.045,0.75,1,0
IWM191129C162,2019-11-25,2019-11-25 09:31:00,0.05,0.8333,1770,0.04,0.6666,1,0.06,1.0,1,0.045,0.75,1,0
IWM191129C162,2019-11-25,2019-11-25 09:31:01,0.05,0.8333,1770,0.04,0.6666,1,0.06,1.0,1,0.045,0.75,1,0
IWM191129C162,2019-11-25,2019-11-25 09:31:01,0.05,0.8333,2254,0.04,0.6666,1,0.06,1.0,1,0.045,0.75,1,0
IWM191129C162,2019-11-25,2019-11-25 09:31:02,0.05,0.8333,2554,0.04,0.6666,1,0.06,1.0,1,0.045,0.75,1,0
IWM191129C162,2019-11-25,2019-11-25 09:31:03,0.05,0.8333,2554,0.04,0.6666,1,0.06,1.0,1,0.045,0.75,1,0
IWM191129C162,2019-11-25,2019-11-25 09:31:04,0.05,0.8333,2554,0.04,0.6666,1,0.06,1.0,1,0.045,0.75,1,0
IWM191129C162,2019-11-25,2019-11-25 09:31:05,0.05,0.8333,2554,0.04,0.6666,1,0.06,1.0,1,0.045,0.75,1,0
IWM191129C162,2019-11-25,2019-11-25 09:31:06,0.05,0.8333,2554,0.04,0.6666,1,0.06,1.0,1,0.045,0.75,1,0
IWM191129C162,2019-11-25,2019-11-25 09:31:07,0.05,0.8333,2554,0.04,0.6666,10,0.06,1.0,1,0.045,0.75,1,0
IWM191129C162,2019-11-25,2019-11-25 09:31:07,0.05,0.8333,2249,0.04,0.6666,1,0.06,1.0,1,0.045,0.75,1,0
IWM191129C162,2019-11-25,2019-11-25 09:31:08,0.05,0.8333,2730,0.04,0.6666,1,0.06,1.0,1,0.045,0.75,1,0
IWM191129C162,2019-11-25,2019-11-25 09:31:09,0.05,0.8333,2730,0.04,0.6666,1,0.06,1.0,1,0.045,0.75,1,0
IWM191129C162,2019-11-25,2019-11-25 09:31:10,0.05,0.8333,2902,0.04,0.6666,1,0.06,1.0,1,0.045,0.75,1,0
IWM191129C162,2019-11-25,2019-11-25 09:31:10,0.05,0.8333,2049,0.04,0.6666,1,0.06,1.0,1,0.045,0.75,1,0
IWM191129C162,2019-11-25,2019-11-25 09:31:11,0.05,0.8333,3262,0.04,0.6666,1,0.06,1.0,1,0.045,0.75,1,0
IWM191129C162,2019-11-25,2019-11-25 09:31:12,0.05,0.8333,1415,0.04,0.6666,1,0.06,1.0,1,0.045,0.75,1,0
IWM191129C162,2019-11-25,2019-11-25 09:31:12,0.05,0.8333,3262,0.04,0.6666,1,0.06,1.0,1,0.045,0.75,1,0
IWM191129C162,2019-11-25,2019-11-25 09:31:13,0.05,0.8333,1213,0.04,0.6666,1,0.06,1.0,1,0.045,0.75,1,0
IWM191129C162,2019-11-25,2019-11-25 09:31:14,0.05,0.8333,2767,0.04,0.6666,1,0.06,1.0,1,0.045,0.75,1,0
IWM191129C162,2019-11-25,2019-11-25 09:31:14,0.05,0.8333,1927,0.04,0.6666,1,0.06,1.0,1,0.045,0.75,1,0
IWM191129C162,2019-11-25,2019-11-25 09:31:15,0.05,0.8333,2767,0.04,0.6666,1,0.06,1.0,1,0.045,0.75,1,0
IWM191129C162,2019-11-25,2019-11-25 09:31:16,0.05,0.8333,3057,0.04,0.6666,1,0.06,1.0,1,0.045,0.75,1,0
IWM191129C162,2019-11-25,2019-11-25 09:31:17,0.05,0.8333,3057,0.04,0.6666,1,0.06,1.0,1,0.045,0.75,1,0
IWM191129C162,2019-11-25,2019-11-25 09:31:17,0.05,0.8333,2217,0.04,0.6666,51,0.06,1.0,1,0.045,0.75,1,0
IWM191129C162,2019-11-25,2019-11-25 09:31:18,0.05,0.8333,2109,0.04,0.6666,51,0.06,1.0,1,0.045,0.75,1,0
IWM191129C162,2019-11-25,2019-11-25 09:31:19,0.05,0.8333,1203,0.03,0.5,1142,0.06,1.0,1,0.04,0.6666,1,0
IWM191129C162,2019-11-25,2019-11-25 09:31:20,0.05,0.8333,1203,0.03,0.5,1470,0.06,1.0,1,0.04,0.6666,1,0
IWM191129C162,2019-11-25,2019-11-25 09:31:20,0.05,0.8333,1804,0.03,0.5,2130,0.06,1.0,1,0.04,0.6666,1,0
IWM191129C162,2019-11-25,2019-11-25 09:31:21,0.05,0.8333,1804,0.03,0.5,2130,0.06,1.0,1,0.04,0.6666,1,0
IWM191129C162,2019-11-25,2019-11-25 09:31:21,0.04,0.6666,387,0.03,0.5,1818,0.06,1.0,1,0.035,0.5833,1,0
IWM191129C162,2019-11-25,2019-11-25 09:31:22,0.04,0.6666,513,0.03,0.5,2059,0.06,1.0,1,0.035,0.5833,1,0
IWM191129C162,2019-11-25,2019-11-25 09:31:22,0.04,0.6666,513,0.03,0.5,2064,0.06,1.0,1,0.035,0.5833,1,0
IWM191129C162,2019-11-25,2019-11-25 09:31:23,0.04,0.6666,513,0.03,0.5,2059,0.06,1.0,1,0.035,0.5833,1,0
IWM191129C162,2019-11-25,2019-11-25 09:31:24,0.04,0.6666,513,0.03,0.5,1324,0.06,1.0,1,0.035,0.5833,1,0
IWM191129C162,2019-11-25,2019-11-25 09:31:24,0.04,0.6666,513,0.03,0.5,2059,0.06,1.0,1,0.035,0.5833,1,0
IWM191129C162,2019-11-25,2019-11-25 09:31:25,0.04,0.6666,108,0.03,0.5,1324,0.06,1.0,1,0.035,0.5833,1,0
IWM191129C162,2019-11-25,2019-11-25 09:31:25,0.05,0.8333,1323,0.04,0.6666,78,0.06,1.0,1,0.045,0.75,1,0
IWM191129C162,2019-11-25,2019-11-25 09:31:26,0.05,0.8333,1521,0.03,0.5,1677,0.06,1.0,1,0.04,0.6666,1,0
IWM191129C162,2019-11-25,2019-11-25 09:31:26,0.05,0.8333,1343,0.03,0.5,1677,0.06,1.0,1,0.04,0.6666,1,0
IWM191129C162,2019-11-25,2019-11-25 09:31:27,0.05,0.8333,1342,0.04,0.6666,2,0.06,1.0,1,0.045,0.75,1,0
IWM191129C162,2019-11-25,2019-11-25 09:31:27,0.05,0.8333,1343,0.03,0.5,1479,0.06,1.0,1,0.04,0.6666,1,0
IWM191129C162,2019-11-25,2019-11-25 09:31:28,0.05,0.8333,1788,0.04,0.6666,1,0.06,1.0,1,0.045,0.75,1,0
IWM191129C162,2019-11-25,2019-11-25 09:31:28,0.05,0.8333,1788,0.04,0.6666,2,0.06,1.0,1,0.045,0.75,1,0
IWM191129C162,2019-11-25,2019-11-25 09:31:29,0.05,0.8333,1832,0.03,0.5,2503,0.06,1.0,1,0.04,0.6666,1,0
IWM191129C162,2019-11-25,2019-11-25 09:31:29,0.05,0.8333,1832,0.03,0.5,2218,0.06,1.0,1,0.04,0.6666,1,0
IWM191129C162,2019-11-25,2019-11-25 09:31:30,0.05,0.8333,1962,0.03,0.5,2503,0.06,1.0,1,0.04,0.6666,1,0
IWM191129C162,2019-11-25,2019-11-25 09:31:31,0.05,0.8333,1962,0.03,0.5,2503,0.06,1.0,1,0.04,0.6666,1,0
IWM191129C162,2019-11-25,2019-11-25 09:31:31,0.05,0.8333,1962,0.04,0.6666,19,0.06,1.0,1,0.045,0.75,1,0
IWM191129C162,2019-11-25,2019-11-25 09:31:32,0.05,0.8333,1962,0.04,0.6666,19,0.06,1.0,1,0.045,0.75,1,0
IWM191129C162,2019-11-25,2019-11-25 09:31:33,0.05,0.8333,1962,0.04,0.6666,37,0.06,1.0,1,0.045,0.75,1,0
IWM191129C162,2019-11-25,2019-11-25 09:31:33,0.05,0.8333,1967,0.04,0.6666,19,0.06,1.0,1,0.045,0.75,1,0
IWM191129C162,2019-11-25,2019-11-25 09:31:34,0.05,0.8333,1967,0.04,0.6666,23,0.06,1.0,1,0.045,0.75,1,0
IWM191129C162,2019-11-25,2019-11-25 09:31:35,0.05,0.8333,1967,0.04,0.6666,23,0.06,1.0,1,0.045,0.75,1,0
IWM191129C162,2019-11-25,2019-11-25 09:31:36,0.05,0.8333,1962,0.04,0.6666,33,0.06,1.0,1,0.045,0.75,1,0
IWM191129C162,2019-11-25,2019-11-25 09:31:36,0.05,0.8333,1967,0.04,0.6666,31,0.06,1.0,1,0.045,0.75,1,0
IWM191129C162,2019-11-25,2019-11-25 09:31:37,0.05,0.8333,1962,0.04,0.6666,19,0.06,1.0,1,0.045,0.75,1,0
IWM191129C162,2019-11-25,2019-11-25 09:31:38,0.05,0.8333,1962,0.04,0.6666,33,0.06,1.0,1,0.045,0.75,1,0
IWM191129C162,2019-11-25,2019-11-25 09:31:39,0.05,0.8333,1962,0.04,0.6666,23,0.06,1.0,1,0.045,0.75,1,0
IWM191129C162,2019-11-25,2019-11-25 09:31:40,0.05,0.8333,1962,0.04,0.6666,33,0.06,1.0,1,0.045,0.75,1,0
IWM191129C162,2019-11-25,2019-11-25 09:31:41,0.05,0.8333,1662,0.04,0.6666,23,0.06,1.0,1,0.045,0.75,1,0
IWM191129C162,2019-11-25,2019-11-25 09:31:41,0.05,0.8333,1962,0.04,0.6666,33,0.06,1.0,1,0.045,0.75,1,0
IWM191129C162,2019-11-25,2019-11-25 09:31:42,0.05,0.8333,1662,0.04,0.6666,31,0.06,1.0,1,0.045,0.75,1,0
IWM191129C162,2019-11-25,2019-11-25 09:31:42,0.05,0.8333,1962,0.04,0.6666,35,0.06,1.0,1,0.045,0.75,1,0
IWM191129C162,2019-11-25,2019-11-25 09:31:43,0.05,0.8333,1962,0.04,0.6666,35,0.06,1.0,1,0.045,0.75,1,0
IWM191129C162,2019-11-25,2019-11-25 09:31:44,0.05,0.8333,1962,0.04,0.6666,35,0.06,1.0,1,0.045,0.75,1,0
IWM191129C162,2019-11-25,2019-11-25 09:31:45,0.05,0.8333,1962,0.04,0.6666,35,0.06,1.0,1,0.045,0.75,1,0
IWM191129C162,2019-11-25,2019-11-25 09:31:46,0.05,0.8333,1962,0.04,0.6666,31,0.06,1.0,1,0.045,0.75,1,0
IWM191129C162,2019-11-25,2019-11-25 09:31:46,0.05,0.8333,1962,0.04,0.6666,42,0.06,1.0,1,0.045,0.75,1,0
IWM191129C162,2019-11-25,2019-11-25 09:31:47,0.05,0.8333,1962,0.04,0.6666,42,0.06,1.0,1,0.045,0.75,1,0
IWM191129C162,2019-11-25,2019-11-25 09:31:47,0.05,0.8333,1962,0.04,0.6666,19,0.06,1.0,1,0.045,0.75,1,0
IWM191129C162,2019-11-25,2019-11-25 09:31:48,0.05,0.8333,1962,0.03,0.5,2177,0.06,1.0,1,0.04,0.6666,1,0
IWM191129C162,2019-11-25,2019-11-25 09:31:48,0.05,0.8333,1988,0.04,0.6666,83,0.06,1.0,1,0.045,0.75,1,0
IWM191129C162,2019-11-25,2019-11-25 09:31:49,0.05,0.8333,1988,0.04,0.6666,107,0.06,1.0,1,0.045,0.75,1,0
IWM191129C162,2019-11-25,2019-11-25 09:31:50,0.05,0.8333,1988,0.04,0.6666,107,0.06,1.0,1,0.045,0.75,1,0
IWM191129C162,2019-11-25,2019-11-25 09:31:51,0.05,0.8333,1988,0.04,0.6666,106,0.06,1.0,1,0.045,0.75,1,0
IWM191129C162,2019-11-25,2019-11-25 09:31:51,0.05,0.8333,1988,0.04,0.6666,102,0.06,1.0,1,0.045,0.75,1,0
IWM191129C162,2019-11-25,2019-11-25 09:31:52,0.05,0.8333,1988,0.04,0.6666,106,0.06,1.0,1,0.045,0.75,1,0
IWM191129C162,2019-11-25,2019-11-25 09:31:53,0.05,0.8333,1988,0.04,0.6666,106,0.06,1.0,1,0.045,0.75,1,0
IWM191129C162,2019-11-25,2019-11-25 09:31:53,0.05,0.8333,1988,0.04,0.6666,111,0.06,1.0,1,0.045,0.75,1,0
IWM191129C162,2019-11-25,2019-11-25 09:31:54,0.05,0.8333,1988,0.04,0.6666,111,0.06,1.0,1,0.045,0.75,1,0
IWM191129C162,2019-11-25,2019-11-25 09:31:55,0.05,0.8333,1988,0.04,0.6666,111,0.06,1.0,1,0.045,0.75,1,0
IWM191129C162,2019-11-25,2019-11-25 09:31:56,0.05,0.8333,1988,0.04,0.6666,111,0.06,1.0,1,0.045,0.75,1,0
IWM191129C162,2019-11-25,2019-11-25 09:31:57,0.05,0.8333,1988,0.04,0.6666,111,0.06,1.0,1,0.045,0.75,1,0
IWM191129C162,2019-11-25,2019-11-25 09:31:58,0.05,0.8333,1988,0.04,0.6666,111,0.06,1.0,1,0.045,0.75,1,0
IWM191129C162,2019-11-25,2019-11-25 09:31:59,0.05,0.8333,1988,0.04,0.6666,111,0.06,1.0,1,0.045,0.75,1,0
IWM191129C162,2019-11-25,2019-11-25 09:32:00,0.05,0.8333,1908,0.04,0.6666,111,0.06,1.0,1,0.045,0.75,1,0
IWM191129C162,2019-11-25,2019-11-25 09:32:00,0.05,0.8333,1608,0.04,0.6666,99,0.06,1.0,1,0.045,0.75,1,0
IWM191129C162,2019-11-25,2019-11-25 09:32:01,0.05,0.8333,1908,0.04,0.6666,123,0.06,1.0,1,0.045,0.75,1,0
IWM191129C162,2019-11-25,2019-11-25 09:32:02,0.05,0.8333,1908,0.04,0.6666,118,0.06,1.0,1,0.045,0.75,1,0
IWM191129C162,2019-11-25,2019-11-25 09:32:02,0.05,0.8333,1908,0.04,0.6666,123,0.06,1.0,1,0.045,0.75,1,0
IWM191129C162,2019-11-25,2019-11-25 09:32:03,0.05,0.8333,1908,0.04,0.6666,118,0.06,1.0,1,0.045,0.75,1,0
IWM191129C162,2019-11-25,2019-11-25 09:32:04,0.05,0.8333,1908,0.04,0.6666,118,0.06,1.0,1,0.045,0.75,1,0
IWM191129C162,2019-11-25,2019-11-25 09:32:05,0.05,0.8333,1908,0.04,0.6666,118,0.06,1.0,1,0.045,0.75,1,0
IWM191129C162,2019-11-25,2019-11-25 09:32:06,0.05,0.8333,1012,0.04,0.6666,118,0.06,1.0,1,0.045,0.75,1,0
IWM191129C162,2019-11-25,2019-11-25 09:32:06,0.05,0.8333,1908,0.04,0.6666,118,0.06,1.0,1,0.045,0.75,1,0
IWM191129C162,2019-11-25,2019-11-25 09:32:07,0.05,0.8333,1265,0.04,0.6666,99,0.06,1.0,1,0.045,0.75,1,0
IWM191129C162,2019-11-25,2019-11-25 09:32:07,0.05,0.8333,1312,0.04,0.6666,99,0.06,1.0,1,0.045,0.75,1,0
IWM191129C162,2019-11-25,2019-11-25 09:32:08,0.05,0.8333,1897,0.04,0.6666,83,0.06,1.0,1,0.045,0.75,1,0
IWM191129C162,2019-11-25,2019-11-25 09:32:08,0.05,0.8333,1897,0.04,0.6666,99,0.06,1.0,1,0.045,0.75,1,0
IWM191129C162,2019-11-25,2019-11-25 09:32:09,0.05,0.8333,1897,0.04,0.6666,123,0.06,1.0,1,0.045,0.75,1,0
IWM191129C162,2019-11-25,2019-11-25 09:32:10,0.05,0.8333,1817,0.04,0.6666,123,0.06,1.0,1,0.045,0.75,1,0
IWM191129C162,2019-11-25,2019-11-25 09:32:10,0.05,0.8333,1517,0.04,0.6666,123,0.06,1.0,1,0.045,0.75,1,0
IWM191129C162,2019-11-25,2019-11-25 09:32:11,0.05,0.8333,1817,0.04,0.6666,31,0.06,1.0,1,0.045,0.75,1,0
IWM191129C162,2019-11-25,2019-11-25 09:32:12,0.05,0.8333,1897,0.04,0.6666,123,0.06,1.0,1,0.045,0.75,1,0
IWM191129C162,2019-11-25,2019-11-25 09:32:12,0.05,0.8333,1897,0.04,0.6666,31,0.06,1.0,1,0.045,0.75,1,0
IWM191129C162,2019-11-25,2019-11-25 09:32:13,0.05,0.8333,1897,0.04,0.6666,27,0.06,1.0,1,0.045,0.75,1,0
IWM191129C162,2019-11-25,2019-11-25 09:32:13,0.05,0.8333,1897,0.04,0.6666,123,0.06,1.0,1,0.045,0.75,1,0
IWM191129C162,2019-11-25,2019-11-25 09:32:14,0.05,0.8333,1897,0.04,0.6666,27,0.06,1.0,1,0.045,0.75,1,0
IWM191129C162,2019-11-25,2019-11-25 09:32:14,0.05,0.8333,1897,0.04,0.6666,118,0.06,1.0,1,0.045,0.75,1,0
IWM191129C162,2019-11-25,2019-11-25 09:32:15,0.05,0.8333,1897,0.04,0.6666,123,0.06,1.0,1,0.045,0.75,1,0
IWM191129C162,2019-11-25,2019-11-25 09:32:16,0.05,0.8333,1897,0.04,0.6666,123,0.06,1.0,1,0.045,0.75,1,0
IWM191129C162,2019-11-25,2019-11-25 09:32:17,0.05,0.8333,1817,0.04,0.6666,99,0.06,1.0,1,0.045,0.75,1,0
IWM191129C162,2019-11-25,2019-11-25 09:32:17,0.05,0.8333,1897,0.04,0.6666,123,0.06,1.0,1,0.045,0.75,1,0
IWM191129C162,2019-11-25,2019-11-25 09:32:18,0.05,0.8333,1817,0.04,0.6666,448,0.06,1.0,1,0.045,0.75,1,0
IWM191129C162,2019-11-25,2019-11-25 09:32:18,0.05,0.8333,1817,0.04,0.6666,99,0.06,1.0,1,0.045,0.75,1,0
IWM191129C162,2019-11-25,2019-11-25 09:32:19,0.05,0.8333,1154,0.04,0.6666,122,0.06,1.0,1,0.045,0.75,1,0
IWM191129C162,2019-11-25,2019-11-25 09:32:19,0.05,0.8333,1817,0.04,0.6666,122,0.06,1.0,1,0.045,0.75,1,0
IWM191129C162,2019-11-25,2019-11-25 09:32:20,0.05,0.8333,1731,0.04,0.6666,122,0.06,1.0,1,0.045,0.75,1,0
IWM191129C162,2019-11-25,2019-11-25 09:32:21,0.05,0.8333,1731,0.04,0.6666,438,0.06,1.0,1,0.045,0.75,1,0
IWM191129C162,2019-11-25,2019-11-25 09:32:22,0.05,0.8333,1731,0.04,0.6666,122,0.06,1.0,1,0.045,0.75,1,0
IWM191129C162,2019-11-25,2019-11-25 09:32:22,0.05,0.8333,1731,0.04,0.6666,107,0.06,1.0,1,0.045,0.75,1,0
IWM191129C162,2019-11-25,2019-11-25 09:32:23,0.05,0.8333,1731,0.04,0.6666,122,0.06,1.0,1,0.045,0.75,1,0
IWM191129C162,2019-11-25,2019-11-25 09:32:24,0.05,0.8333,1234,0.04,0.6666,250,0.06,1.0,1,0.045,0.75,1,0
IWM191129C162,2019-11-25,2019-11-25 09:32:24,0.05,0.8333,1731,0.04,0.6666,122,0.06,1.0,1,0.045,0.75,1,0
IWM191129C162,2019-11-25,2019-11-25 09:32:25,0.05,0.8333,1246,0.04,0.6666,99,0.06,1.0,1,0.045,0.75,1,0
IWM191129C162,2019-11-25,2019-11-25 09:32:25,0.05,0.8333,1246,0.04,0.6666,123,0.06,1.0,1,0.045,0.75,1,0
IWM191129C162,2019-11-25,2019-11-25 09:32:26,0.05,0.8333,1749,0.04,0.6666,123,0.06,1.0,1,0.045,0.75,1,0
IWM191129C162,2019-11-25,2019-11-25 09:32:26,0.05,0.8333,1246,0.04,0.6666,123,0.06,1.0,1,0.045,0.75,1,0
IWM191129C162,2019-11-25,2019-11-25 09:32:27,0.05,0.8333,1829,0.04,0.6666,123,0.06,1.0,1,0.045,0.75,1,0
IWM191129C162,2019-11-25,2019-11-25 09:32:28,0.05,0.8333,1829,0.04,0.6666,123,0.06,1.0,1,0.045,0.75,1,0
IWM191129C162,2019-11-25,2019-11-25 09:32:29,0.05,0.8333,1166,0.04,0.6666,123,0.06,1.0,1,0.045,0.75,1,0
IWM191129C162,2019-11-25,2019-11-25 09:32:29,0.05,0.8333,1166,0.04,0.6666,466,0.06,1.0,1,0.045,0.75,1,0
IWM191129C162,2019-11-25,2019-11-25 09:32:30,0.05,0.8333,1166,0.04,0.6666,123,0.06,1.0,1,0.045,0.75,1,0
IWM191129C162,2019-11-25,2019-11-25 09:32:31,0.05,0.8333,1086,0.04,0.6666,123,0.06,1.0,1,0.045,0.75,1,0
IWM191129C162,2019-11-25,2019-11-25 09:32:31,0.05,0.8333,1046,0.04,0.6666,123,0.06,1.0,1,0.045,0.75,1,0
IWM191129C162,2019-11-25,2019-11-25 09:32:32,0.05,0.8333,1046,0.04,0.6666,154,0.06,1.0,1,0.045,0.75,1,0
IWM191129C162,2019-11-25,2019-11-25 09:32:32,0.05,0.8333,1016,0.04,0.6666,154,0.06,1.0,1,0.045,0.75,1,0
IWM191129C162,2019-11-25,2019-11-25 09:32:33,0.05,0.8333,1016,0.04,0.6666,154,0.06,1.0,1,0.045,0.75,1,0
IWM191129C162,2019-11-25,2019-11-25 09:32:34,0.05,0.8333,1016,0.04,0.6666,154,0.06,1.0,1,0.045,0.75,1,0
IWM191129C162,2019-11-25,2019-11-25 09:32:35,0.05,0.8333,1016,0.04,0.6666,122,0.06,1.0,1,0.045,0.75,1,0
IWM191129C162,2019-11-25,2019-11-25 09:32:36,0.05,0.8333,1016,0.04,0.6666,160,0.06,1.0,1,0.045,0.75,1,0
IWM191129C162,2019-11-25,2019-11-25 09:32:36,0.05,0.8333,1016,0.04,0.6666,122,0.06,1.0,1,0.045,0.75,1,0
IWM191129C162,2019-11-25,2019-11-25 09:32:37,0.05,0.8333,1016,0.04,0.6666,122,0.06,1.0,1,0.045,0.75,1,0
IWM191129C162,2019-11-25,2019-11-25 09:32:37,0.05,0.8333,1016,0.04,0.6666,385,0.06,1.0,1,0.045,0.75,1,0
IWM191129C162,2019-11-25,2019-11-25 09:32:38,0.05,0.8333,1016,0.04,0.6666,122,0.06,1.0,1,0.045,0.75,1,0
IWM191129C162,2019-11-25,2019-11-25 09:32:39,0.05,0.8333,1016,0.04,0.6666,122,0.06,1.0,1,0.045,0.75,1,0
IWM191129C162,2019-11-25,2019-11-25 09:32:39,0.05,0.8333,1016,0.04,0.6666,110,0.06,1.0,1,0.045,0.75,1,0
IWM191129C162,2019-11-25,2019-11-25 09:32:40,0.05,0.8333,1091,0.04,0.6666,122,0.06,1.0,1,0.045,0.75,1,0
IWM191129C162,2019-11-25,2019-11-25 09:32:41,0.05,0.8333,1091,0.04,0.6666,122,0.06,1.0,1,0.045,0.75,1,0
IWM191129C162,2019-11-25,2019-11-25 09:32:42,0.05,0.8333,1091,0.04,0.6666,123,0.06,1.0,1,0.045,0.75,1,0
IWM191129C162,2019-11-25,2019-11-25 09:32:42,0.05,0.8333,1016,0.04,0.6666,98,0.06,1.0,1,0.045,0.75,1,0
IWM191129C162,2019-11-25,2019-11-25 09:32:43,0.05,0.8333,1091,0.04,0.6666,377,0.06,1.0,1,0.045,0.75,1,0
IWM191129C162,2019-11-25,2019-11-25 09:32:43,0.05,0.8333,1091,0.04,0.6666,123,0.06,1.0,1,0.045,0.75,1,0
IWM191129C162,2019-11-25,2019-11-25 09:32:44,0.05,0.8333,1091,0.04,0.6666,123,0.06,1.0,1,0.045,0.75,1,0
IWM191129C162,2019-11-25,2019-11-25 09:32:45,0.05,0.8333,1091,0.04,0.6666,123,0.06,1.0,1,0.045,0.75,1,0
IWM191129C162,2019-11-25,2019-11-25 09:32:45,0.05,0.8333,1091,0.04,0.6666,407,0.06,1.0,1,0.045,0.75,1,0
IWM191129C162,2019-11-25,2019-11-25 09:32:46,0.05,0.8333,1016,0.04,0.6666,606,0.06,1.0,1,0.045,0.75,1,0
IWM191129C162,2019-11-25,2019-11-25 09:32:46,0.05,0.8333,1091,0.04,0.6666,606,0.06,1.0,1,0.045,0.75,1,0
IWM191129C162,2019-11-25,2019-11-25 09:32:47,0.05,0.8333,1016,0.04,0.6666,606,0.06,1.0,1,0.045,0.75,1,0
IWM191129C162,2019-11-25,2019-11-25 09:32:47,0.05,0.8333,1091,0.04,0.6666,606,0.06,1.0,1,0.045,0.75,1,0
IWM191129C162,2019-11-25,2019-11-25 09:32:48,0.05,0.8333,1016,0.04,0.6666,606,0.06,1.0,1,0.045,0.75,1,0
IWM191129C162,2019-11-25,2019-11-25 09:32:49,0.05,0.8333,1091,0.04,0.6666,404,0.06,1.0,1,0.045,0.75,1,0
IWM191129C162,2019-11-25,2019-11-25 09:32:49,0.05,0.8333,1016,0.04,0.6666,404,0.06,1.0,1,0.045,0.75,1,0
IWM191129C162,2019-11-25,2019-11-25 09:32:50,0.05,0.8333,1091,0.04,0.6666,404,0.06,1.0,1,0.045,0.75,1,0
IWM191129C162,2019-11-25,2019-11-25 09:32:50,0.05,0.8333,1016,0.04,0.6666,404,0.06,1.0,1,0.045,0.75,1,0
IWM191129C162,2019-11-25,2019-11-25 09:32:51,0.05,0.8333,1091,0.04,0.6666,404,0.06,1.0,1,0.045,0.75,1,0
IWM191129C162,2019-11-25,2019-11-25 09:32:51,0.05,0.8333,1091,0.04,0.6666,606,0.06,1.0,1,0.045,0.75,1,0
IWM191129C162,2019-11-25,2019-11-25 09:32:52,0.05,0.8333,1091,0.04,0.6666,606,0.06,1.0,1,0.045,0.75,1,0
IWM191129C162,2019-11-25,2019-11-25 09:32:53,0.05,0.8333,916,0.04,0.6666,606,0.06,1.0,1,0.045,0.75,1,0
IWM191129C162,2019-11-25,2019-11-25 09:32:54,0.05,0.8333,916,0.04,0.6666,606,0.06,1.0,1,0.045,0.75,1,0
IWM191129C162,2019-11-25,2019-11-25 09:32:55,0.05,0.8333,916,0.04,0.6666,606,0.06,1.0,1,0.045,0.75,1,0
IWM191129C162,2019-11-25,2019-11-25 09:32:56,0.05,0.8333,916,0.04,0.6666,606,0.06,1.0,1,0.045,0.75,1,0
IWM191129C162,2019-11-25,2019-11-25 09:32:56,0.05,0.8333,916,0.04,0.6666,696,0.06,1.0,1,0.045,0.75,1,0
IWM191129C162,2019-11-25,2019-11-25 09:32:57,0.05,0.8333,916,0.04,0.6666,696,0.06,1.0,1,0.045,0.75,1,0
IWM191129C162,2019-11-25,2019-11-25 09:32:58,0.05,0.8333,921,0.04,0.6666,404,0.06,1.0,1,0.045,0.75,1,0
IWM191129C162,2019-11-25,2019-11-25 09:32:58,0.05,0.8333,916,0.04,0.6666,606,0.06,1.0,1,0.045,0.75,1,0
IWM191129C162,2019-11-25,2019-11-25 09:32:59,0.05,0.8333,901,0.04,0.6666,442,0.06,1.0,1,0.045,0.75,1,0
IWM191129C162,2019-11-25,2019-11-25 09:32:59,0.05,0.8333,901,0.04,0.6666,505,0.06,1.0,1,0.045,0.75,1,0
IWM191129C162,2019-11-25,2019-11-25 09:33:00,0.05,0.8333,901,0.04,0.6666,606,0.06,1.0,1,0.045,0.75,1,0
IWM191129C162,2019-11-25,2019-11-25 09:33:00,0.05,0.8333,901,0.04,0.6666,505,0.06,1.0,1,0.045,0.75,1,0
IWM191129C162,2019-11-25,2019-11-25 09:33:01,0.05,0.8333,901,0.04,0.6666,1029,0.06,1.0,1,0.045,0.75,1,0
IWM191129C162,2019-11-25,2019-11-25 09:33:02,0.05,0.8333,901,0.04,0.6666,1029,0.06,1.0,1,0.045,0.75,1,0
IWM191129C162,2019-11-25,2019-11-25 09:33:02,0.05,0.8333,901,0.04,0.6666,1113,0.06,1.0,1,0.045,0.75,1,0
IWM191129C162,2019-11-25,2019-11-25 09:33:03,0.05,0.8333,784,0.04,0.6666,1613,0.06,1.0,1,0.045,0.75,1,0
IWM191129C162,2019-11-25,2019-11-25 09:33:03,0.05,0.8333,784,0.04,0.6666,1113,0.06,1.0,1,0.045,0.75,1,0
IWM191129C162,2019-11-25,2019-11-25 09:33:04,0.05,0.8333,784,0.04,0.6666,1944,0.06,1.0,1,0.045,0.75,1,0
IWM191129C162,2019-11-25,2019-11-25 09:33:04,0.05,0.8333,784,0.04,0.6666,1995,0.06,1.0,1,0.045,0.75,1,0
IWM191129C162,2019-11-25,2019-11-25 09:33:05,0.05,0.8333,784,0.04,0.6666,1995,0.06,1.0,1,0.045,0.75,1,0
IWM191129C162,2019-11-25,2019-11-25 09:33:05,0.05,0.8333,470,0.04,0.6666,1995,0.06,1.0,1,0.045,0.75,1,0
IWM191129C162,2019-11-25,2019-11-25 09:33:06,0.05,0.8333,750,0.04,0.6666,1995,0.06,1.0,1,0.045,0.75,1,0
IWM191129C162,2019-11-25,2019-11-25 09:33:06,0.05,0.8333,845,0.04,0.6666,1995,0.06,1.0,1,0.045,0.75,1,0
IWM191129C162,2019-11-25,2019-11-25 09:33:07,0.05,0.8333,750,0.04,0.6666,1995,0.06,1.0,1,0.045,0.75,1,0
IWM191129C162,2019-11-25,2019-11-25 09:33:08,0.05,0.8333,750,0.04,0.6666,1995,0.06,1.0,1,0.045,0.75,1,0
IWM191129C162,2019-11-25,2019-11-25 09:33:08,0.05,0.8333,312,0.04,0.6666,1995,0.06,1.0,1,0.045,0.75,1,0
IWM191129C162,2019-11-25,2019-11-25 09:33:09,0.05,0.8333,312,0.04,0.6666,1995,0.06,1.0,1,0.045,0.75,1,0
IWM191129C162,2019-11-25,2019-11-25 09:33:10,0.05,0.8333,312,0.04,0.6666,1995,0.06,1.0,1,0.045,0.75,1,0
IWM191129C162,2019-11-25,2019-11-25 09:33:11,0.05,0.8333,312,0.04,0.6666,2294,0.06,1.0,1,0.045,0.75,1,0
IWM191129C162,2019-11-25,2019-11-25 09:33:12,0.05,0.8333,312,0.04,0.6666,2294,0.06,1.0,1,0.045,0.75,1,0
IWM191129C162,2019-11-25,2019-11-25 09:33:12,0.05,0.8333,314,0.04,0.6666,1994,0.06,1.0,1,0.045,0.75,1,0
IWM191129C162,2019-11-25,2019-11-25 09:33:13,0.05,0.8333,314,0.04,0.6666,2294,0.06,1.0,1,0.045,0.75,1,0
IWM191129C162,2019-11-25,2019-11-25 09:33:14,0.05,0.8333,314,0.04,0.6666,2294,0.06,1.0,1,0.045,0.75,1,0
IWM191129C162,2019-11-25,2019-11-25 09:33:15,0.05,0.8333,314,0.04,0.6666,2469,0.06,1.0,1,0.045,0.75,1,0
IWM191129C162,2019-11-25,2019-11-25 09:33:16,0.05,0.8333,314,0.04,0.6666,2469,0.06,1.0,1,0.045,0.75,1,0
IWM191129C162,2019-11-25,2019-11-25 09:33:17,0.05,0.8333,159,0.04,0.6666,2469,0.06,1.0,1,0.045,0.75,1,0
IWM191129C162,2019-11-25,2019-11-25 09:33:18,0.05,0.8333,159,0.04,0.6666,2469,0.06,1.0,1,0.045,0.75,1,0
IWM191129C162,2019-11-25,2019-11-25 09:33:18,0.05,0.8333,202,0.04,0.6666,2469,0.06,1.0,1,0.045,0.75,1,0
IWM191129C162,2019-11-25,2019-11-25 09:33:19,0.05,0.8333,202,0.04,0.6666,2469,0.06,1.0,1,0.045,0.75,1,0
IWM191129C162,2019-11-25,2019-11-25 09:33:20,0.05,0.8333,202,0.04,0.6666,2469,0.06,1.0,1,0.045,0.75,1,0
IWM191129C162,2019-11-25,2019-11-25 09:33:21,0.05,0.8333,202,0.04,0.6666,2469,0.06,1.0,1,0.045,0.75,1,0
IWM191129C162,2019-11-25,2019-11-25 09:33:22,0.05,0.8333,502,0.04,0.6666,2469,0.06,1.0,1,0.045,0.75,1,0
IWM191129C162,2019-11-25,2019-11-25 09:33:22,0.05,0.8333,202,0.04,0.6666,2469,0.06,1.0,1,0.045,0.75,1,0
IWM191129C162,2019-11-25,2019-11-25 09:33:23,0.05,0.8333,502,0.04,0.6666,2469,0.06,1.0,1,0.045,0.75,1,0
IWM191129C162,2019-11-25,2019-11-25 09:33:24,0.05,0.8333,502,0.04,0.6666,2469,0.06,1.0,1,0.045,0.75,1,0
IWM191129C162,2019-11-25,2019-11-25 09:33:25,0.05,0.8333,502,0.04,0.6666,2469,0.06,1.0,1,0.045,0.75,1,0
IWM191129C162,2019-11-25,2019-11-25 09:33:26,0.05,0.8333,180,0.04,0.6666,2469,0.06,1.0,1,0.045,0.75,1,0
IWM191129C162,2019-11-25,2019-11-25 09:33:27,0.05,0.8333,180,0.04,0.6666,2469,0.06,1.0,1,0.045,0.75,1,0
IWM191129C162,2019-11-25,2019-11-25 09:33:28,0.05,0.8333,180,0.04,0.6666,2469,0.06,1.0,1,0.045,0.75,1,0
IWM191129C162,2019-11-25,2019-11-25 09:33:29,0.05,0.8333,180,0.04,0.6666,2469,0.06,1.0,1,0.045,0.75,1,0
IWM191129C162,2019-11-25,2019-11-25 09:33:30,0.05,0.8333,180,0.04,0.6666,2469,0.06,1.0,1,0.045,0.75,1,0
IWM191129C162,2019-11-25,2019-11-25 09:33:31,0.05,0.8333,180,0.04,0.6666,2469,0.06,1.0,1,0.045,0.75,1,0
IWM191129C162,2019-11-25,2019-11-25 09:33:32,0.05,0.8333,180,0.04,0.6666,2469,0.06,1.0,1,0.045,0.75,1,0
IWM191129C162,2019-11-25,2019-11-25 09:33:32,0.05,0.8333,180,0.04,0.6666,2459,0.06,1.0,1,0.045,0.75,1,0
IWM191129C162,2019-11-25,2019-11-25 09:33:33,0.05,0.8333,180,0.04,0.6666,2459,0.06,1.0,1,0.045,0.75,1,0
IWM191129C162,2019-11-25,2019-11-25 09:33:34,0.05,0.8333,36,0.04,0.6666,2505,0.06,1.0,1,0.045,0.75,1,0
IWM191129C162,2019-11-25,2019-11-25 09:33:34,0.05,0.8333,180,0.04,0.6666,2419,0.06,1.0,1,0.045,0.75,1,0
IWM191129C162,2019-11-25,2019-11-25 09:33:35,0.05,0.8333,36,0.04,0.6666,2505,0.06,1.0,1,0.045,0.75,1,0
IWM191129C162,2019-11-25,2019-11-25 09:33:35,0.05,0.8333,25,0.04,0.6666,2505,0.06,1.0,1,0.045,0.75,1,0
IWM191129C162,2019-11-25,2019-11-25 09:33:36,0.05,0.8333,3,0.04,0.6666,2505,0.06,1.0,1,0.045,0.75,1,0
IWM191129C162,2019-11-25,2019-11-25 09:33:37,0.05,0.8333,3,0.04,0.6666,2163,0.06,1.0,1,0.045,0.75,1,0
IWM191129C162,2019-11-25,2019-11-25 09:33:37,0.05,0.8333,3,0.04,0.6666,2558,0.06,1.0,1,0.045,0.75,1,0
IWM191129C162,2019-11-25,2019-11-25 09:33:38,0.05,0.8333,3,0.04,0.6666,2488,0.06,1.0,1,0.045,0.75,1,0
IWM191129C162,2019-11-25,2019-11-25 09:33:38,0.05,0.8333,3,0.04,0.6666,2558,0.06,1.0,1,0.045,0.75,1,0
IWM191129C162,2019-11-25,2019-11-25 09:33:39,0.05,0.8333,3,0.04,0.6666,2488,0.06,1.0,1,0.045,0.75,1,0
IWM191129C162,2019-11-25,2019-11-25 09:33:40,0.05,0.8333,3,0.04,0.6666,2558,0.06,1.0,1,0.045,0.75,1,0
IWM191129C162,2019-11-25,2019-11-25 09:33:40,0.05,0.8333,3,0.04,0.6666,2488,0.06,1.0,1,0.045,0.75,1,0
IWM191129C162,2019-11-25,2019-11-25 09:33:41,0.05,0.8333,3,0.04,0.6666,2488,0.06,1.0,1,0.045,0.75,1,0
IWM191129C162,2019-11-25,2019-11-25 09:33:41,0.05,0.8333,3,0.04,0.6666,2558,0.06,1.0,1,0.045,0.75,1,0
IWM191129C162,2019-11-25,2019-11-25 09:33:42,0.05,0.8333,3,0.04,0.6666,2558,0.06,1.0,1,0.045,0.75,1,0
IWM191129C162,2019-11-25,2019-11-25 09:33:43,0.05,0.8333,3,0.04,0.6666,2558,0.06,1.0,1,0.045,0.75,1,0
IWM191129C162,2019-11-25,2019-11-25 09:33:44,0.05,0.8333,3,0.04,0.6666,2558,0.06,1.0,1,0.045,0.75,1,0
IWM191129C162,2019-11-25,2019-11-25 09:33:45,0.05,0.8333,3,0.04,0.6666,2558,0.06,1.0,1,0.045,0.75,1,0
IWM191129C162,2019-11-25,2019-11-25 09:33:46,0.05,0.8333,3,0.04,0.6666,2558,0.06,1.0,1,0.045,0.75,1,0
IWM191129C162,2019-11-25,2019-11-25 09:33:47,0.05,0.8333,3,0.04,0.6666,2558,0.06,1.0,1,0.045,0.75,1,0
IWM191129C162,2019-11-25,2019-11-25 09:33:48,0.05,0.8333,3,0.04,0.6666,2558,0.06,1.0,1,0.045,0.75,1,0
IWM191129C162,2019-11-25,2019-11-25 09:33:48,0.05,0.8333,3,0.04,0.6666,2258,0.06,1.0,1,0.045,0.75,1,0
IWM191129C162,2019-11-25,2019-11-25 09:33:49,0.05,0.8333,3,0.04,0.6666,2258,0.06,1.0,1,0.045,0.75,1,0
IWM191129C162,2019-11-25,2019-11-25 09:33:50,0.05,0.8333,3,0.04,0.6666,2258,0.06,1.0,1,0.045,0.75,1,0
IWM191129C162,2019-11-25,2019-11-25 09:33:51,0.05,0.8333,3,0.04,0.6666,2328,0.06,1.0,1,0.045,0.75,1,0
IWM191129C162,2019-11-25,2019-11-25 09:33:51,0.05,0.8333,3,0.04,0.6666,2390,0.06,1.0,1,0.045,0.75,1,0
IWM191129C162,2019-11-25,2019-11-25 09:33:52,0.05,0.8333,3,0.04,0.6666,2690,0.06,1.0,1,0.045,0.75,1,0
IWM191129C162,2019-11-25,2019-11-25 09:33:53,0.05,0.8333,3,0.04,0.6666,2690,0.06,1.0,1,0.045,0.75,1,0
IWM191129C162,2019-11-25,2019-11-25 09:33:54,0.05,0.8333,3,0.04,0.6666,2690,0.06,1.0,1,0.045,0.75,1,0
IWM191129C162,2019-11-25,2019-11-25 09:33:55,0.05,0.8333,3,0.04,0.6666,2690,0.06,1.0,1,0.045,0.75,1,0
IWM191129C162,2019-11-25,2019-11-25 09:33:56,0.05,0.8333,3,0.04,0.6666,2690,0.06,1.0,1,0.045,0.75,1,0
IWM191129C162,2019-11-25,2019-11-25 09:33:57,0.05,0.8333,3,0.04,0.6666,2690,0.06,1.0,1,0.045,0.75,1,0
IWM191129C162,2019-11-25,2019-11-25 09:33:58,0.05,0.8333,3,0.04,0.6666,2690,0.06,1.0,1,0.045,0.75,1,0
IWM191129C162,2019-11-25,2019-11-25 09:33:59,0.05,0.8333,3,0.04,0.6666,2696,0.06,1.0,1,0.045,0.75,1,0
IWM191129C162,2019-11-25,2019-11-25 09:33:59,0.05,0.8333,3,0.04,0.6666,2065,0.06,1.0,1,0.045,0.75,1,0
IWM191129C162,2019-11-25,2019-11-25 09:34:00,0.05,0.8333,3,0.04,0.6666,2696,0.06,1.0,1,0.045,0.75,1,0
IWM191129C162,2019-11-25,2019-11-25 09:34:01,0.05,0.8333,3,0.04,0.6666,2696,0.06,1.0,1,0.045,0.75,1,0
IWM191129C162,2019-11-25,2019-11-25 09:34:02,0.05,0.8333,3,0.04,0.6666,2697,0.06,1.0,1,0.045,0.75,1,0
IWM191129C162,2019-11-25,2019-11-25 09:34:02,0.05,0.8333,3,0.04,0.6666,2696,0.06,1.0,1,0.045,0.75,1,0
IWM191129C162,2019-11-25,2019-11-25 09:34:03,0.05,0.8333,3,0.04,0.6666,2697,0.06,1.0,1,0.045,0.75,1,0
IWM191129C162,2019-11-25,2019-11-25 09:34:04,0.05,0.8333,3,0.04,0.6666,2697,0.06,1.0,1,0.045,0.75,1,0
IWM191129C162,2019-11-25,2019-11-25 09:34:05,0.05,0.8333,3,0.04,0.6666,2697,0.06,1.0,1,0.045,0.75,1,0
IWM191129C162,2019-11-25,2019-11-25 09:34:06,0.05,0.8333,3,0.04,0.6666,2697,0.06,1.0,1,0.045,0.75,1,0
IWM191129C162,2019-11-25,2019-11-25 09:34:07,0.05,0.8333,3,0.04,0.6666,2697,0.06,1.0,1,0.045,0.75,1,0
IWM191129C162,2019-11-25,2019-11-25 09:34:08,0.05,0.8333,3,0.04,0.6666,2697,0.06,1.0,1,0.045,0.75,1,0
IWM191129C162,2019-11-25,2019-11-25 09:34:09,0.05,0.8333,3,0.04,0.6666,2697,0.06,1.0,1,0.045,0.75,1,0
IWM191129C162,2019-11-25,2019-11-25 09:34:10,0.05,0.8333,3,0.04,0.6666,2697,0.06,1.0,1,0.045,0.75,1,0
IWM191129C162,2019-11-25,2019-11-25 09:34:11,0.05,0.8333,3,0.04,0.6666,2697,0.06,1.0,1,0.045,0.75,1,0
IWM191129C162,2019-11-25,2019-11-25 09:34:12,0.05,0.8333,3,0.04,0.6666,2697,0.06,1.0,1,0.045,0.75,1,0
IWM191129C162,2019-11-25,2019-11-25 09:34:13,0.05,0.8333,3,0.04,0.6666,2697,0.06,1.0,1,0.045,0.75,1,0
IWM191129C162,2019-11-25,2019-11-25 09:34:14,0.05,0.8333,3,0.04,0.6666,2697,0.06,1.0,1,0.045,0.75,1,0
IWM191129C162,2019-11-25,2019-11-25 09:34:14,0.05,0.8333,3,0.04,0.6666,2679,0.06,1.0,1,0.045,0.75,1,0
IWM191129C162,2019-11-25,2019-11-25 09:34:15,0.05,0.8333,3,0.04,0.6666,2679,0.06,1.0,1,0.045,0.75,1,0
IWM191129C162,2019-11-25,2019-11-25 09:34:16,0.05,0.8333,3,0.04,0.6666,2679,0.06,1.0,1,0.045,0.75,1,0
IWM191129C162,2019-11-25,2019-11-25 09:34:17,0.05,0.8333,3,0.04,0.6666,2679,0.06,1.0,1,0.045,0.75,1,0
IWM191129C162,2019-11-25,2019-11-25 09:34:17,0.05,0.8333,3,0.04,0.6666,2677,0.06,1.0,1,0.045,0.75,1,0
IWM191129C162,2019-11-25,2019-11-25 09:34:18,0.05,0.8333,3,0.04,0.6666,2677,0.06,1.0,1,0.045,0.75,1,0
IWM191129C162,2019-11-25,2019-11-25 09:34:19,0.05,0.8333,3,0.05,0.8333,325,0.05,0.8333,3,0.05,0.8333,4,3
IWM191129C162,2019-11-25,2019-11-25 09:34:19,0.06,1.0,929,0.05,0.8333,1180,0.05,0.8333,3,0.055,0.9166,4,0
IWM191129C162,2019-11-25,2019-11-25 09:34:20,0.06,1.0,929,0.05,0.8333,1467,0.05,0.8333,3,0.055,0.9166,4,0
IWM191129C162,2019-11-25,2019-11-25 09:34:20,0.06,1.0,999,0.05,0.8333,1387,0.05,0.8333,3,0.055,0.9166,4,0
IWM191129C162,2019-11-25,2019-11-25 09:34:21,0.06,1.0,929,0.05,0.8333,1455,0.05,0.8333,3,0.055,0.9166,4,0
IWM191129C162,2019-11-25,2019-11-25 09:34:22,0.06,1.0,999,0.05,0.8333,1495,0.05,0.8333,3,0.055,0.9166,4,0
IWM191129C162,2019-11-25,2019-11-25 09:34:22,0.06,1.0,929,0.05,0.8333,1384,0.05,0.8333,3,0.055,0.9166,4,0
IWM191129C162,2019-11-25,2019-11-25 09:34:23,0.06,1.0,999,0.05,0.8333,1495,0.05,0.8333,3,0.055,0.9166,4,0
IWM191129C162,2019-11-25,2019-11-25 09:34:23,0.06,1.0,929,0.05,0.8333,1496,0.05,0.8333,3,0.055,0.9166,4,0
IWM191129C162,2019-11-25,2019-11-25 09:34:24,0.06,1.0,999,0.05,0.8333,1496,0.05,0.8333,3,0.055,0.9166,4,0
IWM191129C162,2019-11-25,2019-11-25 09:34:24,0.06,1.0,929,0.05,0.8333,1496,0.05,0.8333,3,0.055,0.9166,4,0
IWM191129C162,2019-11-25,2019-11-25 09:34:25,0.06,1.0,999,0.05,0.8333,1496,0.05,0.8333,3,0.055,0.9166,4,0
IWM191129C162,2019-11-25,2019-11-25 09:34:25,0.06,1.0,929,0.05,0.8333,1496,0.05,0.8333,3,0.055,0.9166,4,0
IWM191129C162,2019-11-25,2019-11-25 09:34:26,0.06,1.0,1227,0.05,0.8333,900,0.05,0.8333,3,0.055,0.9166,4,0
IWM191129C162,2019-11-25,2019-11-25 09:34:26,0.06,1.0,1285,0.05,0.8333,1035,0.05,0.8333,3,0.055,0.9166,4,0
IWM191129C162,2019-11-25,2019-11-25 09:34:27,0.06,1.0,978,0.05,0.8333,1371,0.05,0.8333,3,0.055,0.9166,4,0
IWM191129C162,2019-11-25,2019-11-25 09:34:27,0.06,1.0,987,0.05,0.8333,1371,0.05,0.8333,3,0.055,0.9166,4,0
IWM191129C162,2019-11-25,2019-11-25 09:34:28,0.06,1.0,1048,0.05,0.8333,1371,0.05,0.8333,3,0.055,0.9166,4,0
IWM191129C162,2019-11-25,2019-11-25 09:34:29,0.06,1.0,978,0.05,0.8333,1371,0.05,0.8333,3,0.055,0.9166,4,0
IWM191129C162,2019-11-25,2019-11-25 09:34:30,0.06,1.0,978,0.05,0.8333,1371,0.05,0.8333,3,0.055,0.9166,4,0
IWM191129C162,2019-11-25,2019-11-25 09:34:31,0.06,1.0,497,0.05,0.8333,824,0.05,0.8333,3,0.055,0.9166,4,0
IWM191129C162,2019-11-25,2019-11-25 09:34:31,0.06,1.0,978,0.05,0.8333,1371,0.05,0.8333,3,0.055,0.9166,4,0
IWM191129C162,2019-11-25,2019-11-25 09:34:32,0.06,1.0,1264,0.05,0.8333,901,0.05,0.8333,3,0.055,0.9166,4,0
IWM191129C162,2019-11-25,2019-11-25 09:34:32,0.06,1.0,1032,0.05,0.8333,1430,0.05,0.8333,3,0.055,0.9166,4,0
IWM191129C162,2019-11-25,2019-11-25 09:34:33,0.06,1.0,1374,0.05,0.8333,1237,0.05,0.8333,3,0.055,0.9166,4,0
IWM191129C162,2019-11-25,2019-11-25 09:34:34,0.06,1.0,1330,0.05,0.8333,1237,0.05,0.8333,3,0.055,0.9166,4,0
IWM191129C162,2019-11-25,2019-11-25 09:34:35,0.06,1.0,1330,0.05,0.8333,1123,0.05,0.8333,3,0.055,0.9166,4,0
IWM191129C162,2019-11-25,2019-11-25 09:34:36,0.06,1.0,1331,0.05,0.8333,1036,0.05,0.8333,3,0.055,0.9166,4,0
IWM191129C162,2019-11-25,2019-11-25 09:34:36,0.06,1.0,1330,0.05,0.8333,1036,0.05,0.8333,3,0.055,0.9166,4,0
IWM191129C162,2019-11-25,2019-11-25 09:34:37,0.06,1.0,1401,0.05,0.8333,868,0.05,0.8333,3,0.055,0.9166,4,0
IWM191129C162,2019-11-25,2019-11-25 09:34:38,0.06,1.0,1401,0.05,0.8333,862,0.05,0.8333,3,0.055,0.9166,4,0
IWM191129C162,2019-11-25,2019-11-25 09:34:39,0.06,1.0,1401,0.05,0.8333,868,0.05,0.8333,3,0.055,0.9166,4,0
IWM191129C162,2019-11-25,2019-11-25 09:34:39,0.06,1.0,1460,0.05,0.8333,106,0.05,0.8333,3,0.055,0.9166,4,0
IWM191129C162,2019-11-25,2019-11-25 09:34:40,0.06,1.0,1059,0.05,0.8333,137,0.05,0.8333,3,0.055,0.9166,4,0
IWM191129C162,2019-11-25,2019-11-25 09:34:41,0.06,1.0,1220,0.05,0.8333,137,0.05,0.8333,3,0.055,0.9166,4,0
IWM191129C162,2019-11-25,2019-11-25 09:34:41,0.06,1.0,1290,0.05,0.8333,106,0.05,0.8333,3,0.055,0.9166,4,0
IWM191129C162,2019-11-25,2019-11-25 09:34:42,0.06,1.0,1132,0.05,0.8333,120,0.05,0.8333,3,0.055,0.9166,4,0
IWM191129C162,2019-11-25,2019-11-25 09:34:42,0.06,1.0,1290,0.05,0.8333,130,0.05,0.8333,3,0.055,0.9166,4,0
IWM191129C162,2019-11-25,2019-11-25 09:34:43,0.06,1.0,1032,0.05,0.8333,107,0.05,0.8333,3,0.055,0.9166,4,0
IWM191129C162,2019-11-25,2019-11-25 09:34:43,0.06,1.0,1132,0.05,0.8333,91,0.05,0.8333,3,0.055,0.9166,4,0
IWM191129C162,2019-11-25,2019-11-25 09:34:44,0.06,1.0,1301,0.05,0.8333,112,0.05,0.8333,3,0.055,0.9166,4,0
IWM191129C162,2019-11-25,2019-11-25 09:34:44,0.06,1.0,1078,0.05,0.8333,107,0.05,0.8333,3,0.055,0.9166,4,0
IWM191129C162,2019-11-25,2019-11-25 09:34:45,0.06,1.0,1301,0.05,0.8333,136,0.05,0.8333,3,0.055,0.9166,4,0
IWM191129C162,2019-11-25,2019-11-25 09:34:45,0.06,1.0,1301,0.05,0.8333,112,0.05,0.8333,3,0.055,0.9166,4,0
IWM191129C162,2019-11-25,2019-11-25 09:34:46,0.06,1.0,1301,0.05,0.8333,112,0.05,0.8333,3,0.055,0.9166,4,0
IWM191129C162,2019-11-25,2019-11-25 09:34:47,0.06,1.0,1301,0.05,0.8333,135,0.05,0.8333,3,0.055,0.9166,4,0
IWM191129C162,2019-11-25,2019-11-25 09:34:47,0.06,1.0,1301,0.05,0.8333,111,0.05,0.8333,3,0.055,0.9166,4,0
IWM191129C162,2019-11-25,2019-11-25 09:34:48,0.06,1.0,1301,0.05,0.8333,86,0.05,0.8333,3,0.055,0.9166,4,0
IWM191129C162,2019-11-25,2019-11-25 09:34:48,0.06,1.0,1301,0.05,0.8333,91,0.05,0.8333,3,0.055,0.9166,4,0
IWM191129C162,2019-11-25,2019-11-25 09:34:49,0.06,1.0,1329,0.05,0.8333,36,0.05,0.8333,3,0.055,0.9166,4,0
IWM191129C162,2019-11-25,2019-11-25 09:34:49,0.06,1.0,1329,0.05,0.8333,28,0.05,0.8333,3,0.055,0.9166,4,0
IWM191129C162,2019-11-25,2019-11-25 09:34:50,0.06,1.0,1329,0.05,0.8333,114,0.05,0.8333,3,0.055,0.9166,4,0
IWM191129C162,2019-11-25,2019-11-25 09:34:51,0.06,1.0,1329,0.05,0.8333,111,0.05,0.8333,3,0.055,0.9166,4,0
IWM191129C162,2019-11-25,2019-11-25 09:34:51,0.06,1.0,1329,0.05,0.8333,115,0.05,0.8333,3,0.055,0.9166,4,0
IWM191129C162,2019-11-25,2019-11-25 09:34:52,0.06,1.0,1329,0.05,0.8333,111,0.05,0.8333,3,0.055,0.9166,4,0
IWM191129C162,2019-11-25,2019-11-25 09:34:53,0.06,1.0,1329,0.05,0.8333,111,0.05,0.8333,3,0.055,0.9166,4,0
IWM191129C162,2019-11-25,2019-11-25 09:34:54,0.06,1.0,1329,0.05,0.8333,135,0.05,0.8333,3,0.055,0.9166,4,0
IWM191129C162,2019-11-25,2019-11-25 09:34:55,0.06,1.0,1329,0.05,0.8333,135,0.05,0.8333,3,0.055,0.9166,4,0
IWM191129C162,2019-11-25,2019-11-25 09:34:56,0.06,1.0,1329,0.05,0.8333,111,0.05,0.8333,3,0.055,0.9166,4,0
IWM191129C162,2019-11-25,2019-11-25 09:34:56,0.06,1.0,1329,0.05,0.8333,91,0.05,0.8333,3,0.055,0.9166,4,0
IWM191129C162,2019-11-25,2019-11-25 09:34:57,0.06,1.0,1329,0.05,0.8333,91,0.05,0.8333,3,0.055,0.9166,4,0
IWM191129C162,2019-11-25,2019-11-25 09:34:57,0.06,1.0,1329,0.05,0.8333,111,0.05,0.8333,3,0.055,0.9166,4,0
IWM191129C162,2019-11-25,2019-11-25 09:34:58,0.06,1.0,1329,0.05,0.8333,111,0.05,0.8333,3,0.055,0.9166,4,0
IWM191129C162,2019-11-25,2019-11-25 09:34:59,0.06,1.0,1072,0.05,0.8333,111,0.05,0.8333,3,0.055,0.9166,4,0
IWM191129C162,2019-11-25,2019-11-25 09:34:59,0.06,1.0,1329,0.05,0.8333,111,0.05,0.8333,3,0.055,0.9166,4,0
IWM191129C162,2019-11-25,2019-11-25 09:35:00,0.06,1.0,699,0.05,0.8333,111,0.05,0.8333,3,0.055,0.9166,4,0
IWM191129C162,2019-11-25,2019-11-25 09:35:00,0.06,1.0,699,0.05,0.8333,135,0.05,0.8333,3,0.055,0.9166,4,0
IWM191129C162,2019-11-25,2019-11-25 09:35:01,0.06,1.0,699,0.05,0.8333,135,0.05,0.8333,3,0.055,0.9166,4,0
IWM191129C162,2019-11-25,2019-11-25 09:35:01,0.06,1.0,260,0.05,0.8333,134,0.05,0.8333,3,0.055,0.9166,4,0
IWM191129C162,2019-11-25,2019-11-25 09:35:02,0.06,1.0,438,0.05,0.8333,91,0.05,0.8333,3,0.055,0.9166,4,0
IWM191129C162,2019-11-25,2019-11-25 09:35:02,0.06,1.0,260,0.05,0.8333,91,0.05,0.8333,3,0.055,0.9166,4,0
IWM191129C162,2019-11-25,2019-11-25 09:35:03,0.06,1.0,479,0.05,0.8333,91,0.05,0.8333,3,0.055,0.9166,4,0
IWM191129C162,2019-11-25,2019-11-25 09:35:03,0.06,1.0,544,0.05,0.8333,115,0.05,0.8333,3,0.055,0.9166,4,0
IWM191129C162,2019-11-25,2019-11-25 09:35:04,0.06,1.0,544,0.05,0.8333,115,0.05,0.8333,3,0.055,0.9166,4,0
IWM191129C162,2019-11-25,2019-11-25 09:35:04,0.06,1.0,544,0.05,0.8333,134,0.05,0.8333,3,0.055,0.9166,4,0
IWM191129C162,2019-11-25,2019-11-25 09:35:05,0.06,1.0,544,0.05,0.8333,134,0.05,0.8333,3,0.055,0.9166,4,0
IWM191129C162,2019-11-25,2019-11-25 09:35:06,0.06,1.0,544,0.05,0.8333,134,0.05,0.8333,3,0.055,0.9166,4,0
IWM191129C162,2019-11-25,2019-11-25 09:35:07,0.06,1.0,544,0.05,0.8333,134,0.05,0.8333,3,0.055,0.9166,4,0
IWM191129C162,2019-11-25,2019-11-25 09:35:08,0.06,1.0,425,0.05,0.8333,134,0.05,0.8333,3,0.055,0.9166,4,0
IWM191129C162,2019-11-25,2019-11-25 09:35:08,0.06,1.0,544,0.05,0.8333,134,0.05,0.8333,3,0.055,0.9166,4,0
IWM191129C162,2019-11-25,2019-11-25 09:35:09,0.06,1.0,487,0.05,0.8333,134,0.05,0.8333,3,0.055,0.9166,4,0
IWM191129C162,2019-11-25,2019-11-25 09:35:09,0.06,1.0,492,0.05,0.8333,134,0.05,0.8333,3,0.055,0.9166,4,0
IWM191129C162,2019-11-25,2019-11-25 09:35:10,0.06,1.0,414,0.05,0.8333,134,0.05,0.8333,3,0.055,0.9166,4,0
IWM191129C162,2019-11-25,2019-11-25 09:35:10,0.06,1.0,489,0.05,0.8333,42,0.05,0.8333,3,0.055,0.9166,4,0
IWM191129C162,2019-11-25,2019-11-25 09:35:11,0.06,1.0,306,0.05,0.8333,35,0.05,0.8333,3,0.055,0.9166,4,0
IWM191129C162,2019-11-25,2019-11-25 09:35:11,0.06,1.0,306,0.05,0.8333,105,0.05,0.8333,3,0.055,0.9166,4,0
IWM191129C162,2019-11-25,2019-11-25 09:35:12,0.06,1.0,306,0.05,0.8333,78,0.05,0.8333,3,0.055,0.9166,4,0
IWM191129C162,2019-11-25,2019-11-25 09:35:12,0.06,1.0,462,0.05,0.8333,78,0.05,0.8333,3,0.055,0.9166,4,0
IWM191129C162,2019-11-25,2019-11-25 09:35:13,0.06,1.0,477,0.04,0.6666,1149,0.05,0.8333,3,0.05,0.8333,4,0
IWM191129C162,2019-11-25,2019-11-25 09:35:13,0.06,1.0,487,0.04,0.6666,1139,0.05,0.8333,3,0.05,0.8333,4,0
IWM191129C162,2019-11-25,2019-11-25 09:35:14,0.06,1.0,563,0.04,0.6666,1132,0.05,0.8333,3,0.05,0.8333,4,0
IWM191129C162,2019-11-25,2019-11-25 09:35:14,0.06,1.0,482,0.04,0.6666,1142,0.05,0.8333,3,0.05,0.8333,4,0
IWM191129C162,2019-11-25,2019-11-25 09:35:15,0.06,1.0,566,0.04,0.6666,1164,0.05,0.8333,3,0.05,0.8333,4,0
IWM191129C162,2019-11-25,2019-11-25 09:35:15,0.06,1.0,569,0.04,0.6666,1116,0.05,0.8333,3,0.05,0.8333,4,0
IWM191129C162,2019-11-25,2019-11-25 09:35:16,0.06,1.0,569,0.05,0.8333,71,0.05,0.8333,3,0.055,0.9166,4,0
IWM191129C162,2019-11-25,2019-11-25 09:35:16,0.06,1.0,500,0.05,0.8333,71,0.05,0.8333,3,0.055,0.9166,4,0
IWM191129C162,2019-11-25,2019-11-25 09:35:17,0.06,1.0,675,0.05,0.8333,71,0.05,0.8333,3,0.055,0.9166,4,0
IWM191129C162,2019-11-25,2019-11-25 09:35:18,0.06,1.0,690,0.05,0.8333,71,0.05,0.8333,3,0.055,0.9166,4,0
IWM191129C162,2019-11-25,2019-11-25 09:35:19,0.06,1.0,690,0.04,0.6666,1116,0.05,0.8333,3,0.05,0.8333,4,0
IWM191129C162,2019-11-25,2019-11-25 09:35:20,0.06,1.0,623,0.05,0.8333,34,0.05,0.8333,3,0.055,0.9166,4,0
IWM191129C162,2019-11-25,2019-11-25 09:35:20,0.06,1.0,690,0.04,0.6666,1116,0.05,0.8333,3,0.05,0.8333,4,0
IWM191129C162,2019-11-25,2019-11-25 09:35:21,0.06,1.0,1208,0.05,0.8333,366,0.05,0.8333,3,0.055,0.9166,4,0
IWM191129C162,2019-11-25,2019-11-25 09:35:21,0.06,1.0,623,0.05,0.8333,34,0.05,0.8333,3,0.055,0.9166,4,0
IWM191129C162,2019-11-25,2019-11-25 09:35:22,0.06,1.0,1051,0.05,0.8333,366,0.05,0.8333,3,0.055,0.9166,4,0
IWM191129C162,2019-11-25,2019-11-25 09:35:22,0.06,1.0,1208,0.05,0.8333,1324,0.05,0.8333,3,0.055,0.9166,4,0
IWM191129C162,2019-11-25,2019-11-25 09:35:23,0.06,1.0,1208,0.05,0.8333,1324,0.05,0.8333,3,0.055,0.9166,4,0
IWM191129C162,2019-11-25,2019-11-25 09:35:24,0.06,1.0,1208,0.05,0.8333,1324,0.05,0.8333,3,0.055,0.9166,4,0
IWM191129C162,2019-11-25,2019-11-25 09:35:25,0.06,1.0,1208,0.05,0.8333,1324,0.05,0.8333,3,0.055,0.9166,4,0
IWM191129C162,2019-11-25,2019-11-25 09:35:26,0.06,1.0,1208,0.05,0.8333,1324,0.05,0.8333,3,0.055,0.9166,4,0
IWM191129C162,2019-11-25,2019-11-25 09:35:26,0.06,1.0,1051,0.05,0.8333,1324,0.05,0.8333,3,0.055,0.9166,4,0
IWM191129C162,2019-11-25,2019-11-25 09:35:27,0.06,1.0,1051,0.05,0.8333,1522,0.05,0.8333,3,0.055,0.9166,4,0
IWM191129C162,2019-11-25,2019-11-25 09:35:27,0.06,1.0,1051,0.05,0.8333,1592,0.05,0.8333,3,0.055,0.9166,4,0
IWM191129C162,2019-11-25,2019-11-25 09:35:28,0.06,1.0,1051,0.05,0.8333,1592,0.05,0.8333,3,0.055,0.9166,4,0
IWM191129C162,2019-11-25,2019-11-25 09:35:28,0.06,1.0,1051,0.05,0.8333,1324,0.05,0.8333,3,0.055,0.9166,4,0
IWM191129C162,2019-11-25,2019-11-25 09:35:29,0.06,1.0,1051,0.05,0.8333,1324,0.05,0.8333,3,0.055,0.9166,4,0
IWM191129C162,2019-11-25,2019-11-25 09:35:30,0.06,1.0,1051,0.05,0.8333,1592,0.05,0.8333,3,0.055,0.9166,4,0
IWM191129C162,2019-11-25,2019-11-25 09:35:30,0.06,1.0,1051,0.05,0.8333,1324,0.05,0.8333,3,0.055,0.9166,4,0
IWM191129C162,2019-11-25,2019-11-25 09:35:31,0.06,1.0,1039,0.05,0.8333,1522,0.05,0.8333,3,0.055,0.9166,4,0
IWM191129C162,2019-11-25,2019-11-25 09:35:31,0.06,1.0,1294,0.05,0.8333,1324,0.05,0.8333,3,0.055,0.9166,4,0
IWM191129C162,2019-11-25,2019-11-25 09:35:32,0.06,1.0,1333,0.05,0.8333,1324,0.05,0.8333,3,0.055,0.9166,4,0
IWM191129C162,2019-11-25,2019-11-25 09:35:32,0.06,1.0,1307,0.05,0.8333,1324,0.05,0.8333,3,0.055,0.9166,4,0
IWM191129C162,2019-11-25,2019-11-25 09:35:33,0.06,1.0,1174,0.05,0.8333,1457,0.05,0.8333,3,0.055,0.9166,4,0
IWM191129C162,2019-11-25,2019-11-25 09:35:34,0.06,1.0,1174,0.05,0.8333,1867,0.05,0.8333,3,0.055,0.9166,4,0
IWM191129C162,2019-11-25,2019-11-25 09:35:34,0.06,1.0,1174,0.05,0.8333,1695,0.05,0.8333,3,0.055,0.9166,4,0
IWM191129C162,2019-11-25,2019-11-25 09:35:35,0.06,1.0,1217,0.05,0.8333,1797,0.05,0.8333,3,0.055,0.9166,4,0
IWM191129C162,2019-11-25,2019-11-25 09:35:35,0.06,1.0,1174,0.05,0.8333,1797,0.05,0.8333,3,0.055,0.9166,4,0
IWM191129C162,2019-11-25,2019-11-25 09:35:36,0.06,1.0,1217,0.05,0.8333,1797,0.05,0.8333,3,0.055,0.9166,4,0
IWM191129C162,2019-11-25,2019-11-25 09:35:37,0.06,1.0,1217,0.05,0.8333,1959,0.05,0.8333,3,0.055,0.9166,4,0
IWM191129C162,2019-11-25,2019-11-25 09:35:38,0.06,1.0,1217,0.05,0.8333,1959,0.05,0.8333,3,0.055,0.9166,4,0
IWM191129C162,2019-11-25,2019-11-25 09:35:39,0.06,1.0,1217,0.05,0.8333,1959,0.05,0.8333,3,0.055,0.9166,4,0
IWM191129C162,2019-11-25,2019-11-25 09:35:40,0.06,1.0,1217,0.05,0.8333,1959,0.05,0.8333,3,0.055,0.9166,4,0
IWM191129C162,2019-11-25,2019-11-25 09:35:41,0.06,1.0,1217,0.05,0.8333,1959,0.05,0.8333,3,0.055,0.9166,4,0
IWM191129C162,2019-11-25,2019-11-25 09:35:42,0.06,1.0,1115,0.05,0.8333,1960,0.05,0.8333,3,0.055,0.9166,4,0
IWM191129C162,2019-11-25,2019-11-25 09:35:42,0.06,1.0,1217,0.05,0.8333,1960,0.05,0.8333,3,0.055,0.9166,4,0
IWM191129C162,2019-11-25,2019-11-25 09:35:43,0.06,1.0,1115,0.05,0.8333,1960,0.05,0.8333,3,0.055,0.9166,4,0
IWM191129C162,2019-11-25,2019-11-25 09:35:44,0.06,1.0,1115,0.05,0.8333,1960,0.05,0.8333,3,0.055,0.9166,4,0
IWM191129C162,2019-11-25,2019-11-25 09:35:45,0.06,1.0,1115,0.05,0.8333,1960,0.05,0.8333,3,0.055,0.9166,4,0
IWM191129C162,2019-11-25,2019-11-25 09:35:46,0.06,1.0,1115,0.05,0.8333,2011,0.05,0.8333,3,0.055,0.9166,4,0
IWM191129C162,2019-11-25,2019-11-25 09:35:46,0.06,1.0,1115,0.05,0.8333,1960,0.05,0.8333,3,0.055,0.9166,4,0
IWM191129C162,2019-11-25,2019-11-25 09:35:47,0.06,1.0,1115,0.05,0.8333,1961,0.05,0.8333,3,0.055,0.9166,4,0
IWM191129C162,2019-11-25,2019-11-25 09:35:48,0.06,1.0,1115,0.05,0.8333,1961,0.05,0.8333,3,0.055,0.9166,4,0
IWM191129C162,2019-11-25,2019-11-25 09:35:49,0.06,1.0,1115,0.05,0.8333,2190,0.05,0.8333,3,0.055,0.9166,4,0
IWM191129C162,2019-11-25,2019-11-25 09:35:50,0.06,1.0,1115,0.05,0.8333,2190,0.05,0.8333,3,0.055,0.9166,4,0
IWM191129C162,2019-11-25,2019-11-25 09:35:51,0.06,1.0,1115,0.05,0.8333,2190,0.05,0.8333,3,0.055,0.9166,4,0
IWM191129C162,2019-11-25,2019-11-25 09:35:52,0.06,1.0,1115,0.05,0.8333,2190,0.05,0.8333,3,0.055,0.9166,4,0
IWM191129C162,2019-11-25,2019-11-25 09:35:53,0.06,1.0,1115,0.05,0.8333,2190,0.05,0.8333,3,0.055,0.9166,4,0
IWM191129C162,2019-11-25,2019-11-25 09:35:54,0.06,1.0,1115,0.05,0.8333,2190,0.05,0.8333,3,0.055,0.9166,4,0
IWM191129C162,2019-11-25,2019-11-25 09:35:55,0.06,1.0,1115,0.05,0.8333,2190,0.05,0.8333,3,0.055,0.9166,4,0
IWM191129C162,2019-11-25,2019-11-25 09:35:56,0.06,1.0,1115,0.05,0.8333,2190,0.05,0.8333,3,0.055,0.9166,4,0
IWM191129C162,2019-11-25,2019-11-25 09:35:57,0.06,1.0,1115,0.05,0.8333,2190,0.05,0.8333,3,0.055,0.9166,4,0
IWM191129C162,2019-11-25,2019-11-25 09:35:58,0.06,1.0,1115,0.05,0.8333,2190,0.05,0.8333,3,0.055,0.9166,4,0
IWM191129C162,2019-11-25,2019-11-25 09:35:59,0.06,1.0,1115,0.05,0.8333,2190,0.05,0.8333,3,0.055,0.9166,4,0
IWM191129C162,2019-11-25,2019-11-25 09:36:00,0.06,1.0,1092,0.05,0.8333,2329,0.05,0.8333,3,0.055,0.9166,4,0
IWM191129C162,2019-11-25,2019-11-25 09:36:00,0.06,1.0,922,0.05,0.8333,2190,0.05,0.8333,3,0.055,0.9166,4,0
IWM191129C162,2019-11-25,2019-11-25 09:36:01,0.06,1.0,1092,0.05,0.8333,2329,0.05,0.8333,3,0.055,0.9166,4,0
IWM191129C162,2019-11-25,2019-11-25 09:36:02,0.06,1.0,1092,0.05,0.8333,2329,0.05,0.8333,3,0.055,0.9166,4,0
IWM191129C162,2019-11-25,2019-11-25 09:36:03,0.06,1.0,1092,0.05,0.8333,2329,0.05,0.8333,3,0.055,0.9166,4,0
IWM191129C162,2019-11-25,2019-11-25 09:36:04,0.06,1.0,1092,0.05,0.8333,2297,0.05,0.8333,3,0.055,0.9166,4,0
IWM191129C162,2019-11-25,2019-11-25 09:36:05,0.06,1.0,1063,0.05,0.8333,1361,0.05,0.8333,3,0.055,0.9166,4,0
IWM191129C162,2019-11-25,2019-11-25 09:36:05,0.06,1.0,800,0.05,0.8333,1927,0.05,0.8333,3,0.055,0.9166,4,0
IWM191129C162,2019-11-25,2019-11-25 09:36:06,0.06,1.0,1063,0.05,0.8333,1136,0.05,0.8333,3,0.055,0.9166,4,0
IWM191129C162,2019-11-25,2019-11-25 09:36:06,0.06,1.0,1063,0.05,0.8333,1358,0.05,0.8333,3,0.055,0.9166,4,0
IWM191129C162,2019-11-25,2019-11-25 09:36:07,0.06,1.0,1063,0.05,0.8333,1704,0.05,0.8333,3,0.055,0.9166,4,0
IWM191129C162,2019-11-25,2019-11-25 09:36:07,0.06,1.0,1160,0.05,0.8333,2021,0.05,0.8333,3,0.055,0.9166,4,0
IWM191129C162,2019-11-25,2019-11-25 09:36:08,0.06,1.0,1160,0.05,0.8333,2021,0.05,0.8333,3,0.055,0.9166,4,0
IWM191129C162,2019-11-25,2019-11-25 09:36:09,0.06,1.0,1200,0.05,0.8333,1663,0.05,0.8333,3,0.055,0.9166,4,0
IWM191129C162,2019-11-25,2019-11-25 09:36:09,0.06,1.0,1200,0.05,0.8333,1696,0.05,0.8333,3,0.055,0.9166,4,0
IWM191129C162,2019-11-25,2019-11-25 09:36:10,0.06,1.0,1160,0.05,0.8333,1531,0.05,0.8333,3,0.055,0.9166,4,0
IWM191129C162,2019-11-25,2019-11-25 09:36:10,0.06,1.0,1160,0.05,0.8333,1663,0.05,0.8333,3,0.055,0.9166,4,0
IWM191129C162,2019-11-25,2019-11-25 09:36:11,0.06,1.0,1158,0.05,0.8333,1750,0.05,0.8333,3,0.055,0.9166,4,0
IWM191129C162,2019-11-25,2019-11-25 09:36:11,0.06,1.0,895,0.05,0.8333,1423,0.05,0.8333,3,0.055,0.9166,4,0
IWM191129C162,2019-11-25,2019-11-25 09:36:12,0.06,1.0,895,0.05,0.8333,1621,0.05,0.8333,3,0.055,0.9166,4,0
IWM191129C162,2019-11-25,2019-11-25 09:36:12,0.06,1.0,794,0.05,0.8333,1691,0.05,0.8333,3,0.055,0.9166,4,0
IWM191129C162,2019-11-25,2019-11-25 09:36:13,0.06,1.0,1051,0.05,0.8333,1561,0.05,0.8333,3,0.055,0.9166,4,0
IWM191129C162,2019-11-25,2019-11-25 09:36:13,0.06,1.0,1222,0.05,0.8333,1561,0.05,0.8333,3,0.055,0.9166,4,0
IWM191129C162,2019-11-25,2019-11-25 09:36:14,0.06,1.0,1186,0.05,0.8333,1561,0.05,0.8333,3,0.055,0.9166,4,0
IWM191129C162,2019-11-25,2019-11-25 09:36:15,0.06,1.0,1077,0.05,0.8333,1561,0.05,0.8333,3,0.055,0.9166,4,0
IWM191129C162,2019-11-25,2019-11-25 09:36:15,0.06,1.0,1077,0.05,0.8333,1447,0.05,0.8333,3,0.055,0.9166,4,0
IWM191129C162,2019-11-25,2019-11-25 09:36:16,0.06,1.0,1238,0.05,0.8333,1317,0.05,0.8333,3,0.055,0.9166,4,0
IWM191129C162,2019-11-25,2019-11-25 09:36:16,0.06,1.0,1077,0.05,0.8333,1725,0.05,0.8333,3,0.055,0.9166,4,0
IWM191129C162,2019-11-25,2019-11-25 09:36:17,0.06,1.0,1238,0.05,0.8333,1553,0.05,0.8333,3,0.055,0.9166,4,0
IWM191129C162,2019-11-25,2019-11-25 09:36:17,0.06,1.0,1238,0.05,0.8333,1317,0.05,0.8333,3,0.055,0.9166,4,0
IWM191129C162,2019-11-25,2019-11-25 09:36:18,0.06,1.0,1128,0.05,0.8333,1889,0.05,0.8333,3,0.055,0.9166,4,0
IWM191129C162,2019-11-25,2019-11-25 09:36:19,0.06,1.0,1128,0.05,0.8333,1889,0.05,0.8333,3,0.055,0.9166,4,0
IWM191129C162,2019-11-25,2019-11-25 09:36:20,0.06,1.0,1357,0.05,0.8333,1228,0.05,0.8333,3,0.055,0.9166,4,0
IWM191129C162,2019-11-25,2019-11-25 09:36:20,0.06,1.0,1128,0.05,0.8333,1819,0.05,0.8333,3,0.055,0.9166,4,0
IWM191129C162,2019-11-25,2019-11-25 09:36:21,0.06,1.0,1191,0.05,0.8333,1228,0.05,0.8333,3,0.055,0.9166,4,0
IWM191129C162,2019-11-25,2019-11-25 09:36:21,0.06,1.0,1191,0.05,0.8333,1153,0.05,0.8333,3,0.055,0.9166,4,0
IWM191129C162,2019-11-25,2019-11-25 09:36:22,0.06,1.0,1184,0.05,0.8333,1412,0.05,0.8333,3,0.055,0.9166,4,0
IWM191129C162,2019-11-25,2019-11-25 09:36:22,0.06,1.0,1191,0.05,0.8333,1228,0.05,0.8333,3,0.055,0.9166,4,0
IWM191129C162,2019-11-25,2019-11-25 09:36:23,0.06,1.0,1184,0.05,0.8333,1412,0.05,0.8333,3,0.055,0.9166,4,0
IWM191129C162,2019-11-25,2019-11-25 09:36:23,0.06,1.0,1357,0.05,0.8333,1158,0.05,0.8333,3,0.055,0.9166,4,0
IWM191129C162,2019-11-25,2019-11-25 09:36:24,0.06,1.0,1405,0.05,0.8333,1158,0.05,0.8333,3,0.055,0.9166,4,0
IWM191129C162,2019-11-25,2019-11-25 09:36:24,0.06,1.0,1470,0.05,0.8333,1113,0.05,0.8333,3,0.055,0.9166,4,0
IWM191129C162,2019-11-25,2019-11-25 09:36:25,0.06,1.0,1491,0.05,0.8333,1113,0.05,0.8333,3,0.055,0.9166,4,0
IWM191129C162,2019-11-25,2019-11-25 09:36:25,0.06,1.0,1470,0.05,0.8333,1113,0.05,0.8333,3,0.055,0.9166,4,0
IWM191129C162,2019-11-25,2019-11-25 09:36:26,0.06,1.0,1491,0.05,0.8333,1113,0.05,0.8333,3,0.055,0.9166,4,0
IWM191129C162,2019-11-25,2019-11-25 09:36:27,0.06,1.0,1491,0.05,0.8333,340,0.05,0.8333,3,0.055,0.9166,4,0
IWM191129C162,2019-11-25,2019-11-25 09:36:28,0.06,1.0,1491,0.05,0.8333,340,0.05,0.8333,3,0.055,0.9166,4,0
IWM191129C162,2019-11-25,2019-11-25 09:36:28,0.06,1.0,1491,0.05,0.8333,825,0.05,0.8333,3,0.055,0.9166,4,0
IWM191129C162,2019-11-25,2019-11-25 09:36:29,0.06,1.0,1491,0.05,0.8333,825,0.05,0.8333,3,0.055,0.9166,4,0
IWM191129C162,2019-11-25,2019-11-25 09:36:29,0.06,1.0,1909,0.05,0.8333,1585,0.05,0.8333,3,0.055,0.9166,4,0
IWM191129C162,2019-11-25,2019-11-25 09:36:30,0.06,1.0,1909,0.05,0.8333,1135,0.05,0.8333,3,0.055,0.9166,4,0
IWM191129C162,2019-11-25,2019-11-25 09:36:30,0.06,1.0,1909,0.05,0.8333,1585,0.05,0.8333,3,0.055,0.9166,4,0
IWM191129C162,2019-11-25,2019-11-25 09:36:31,0.06,1.0,1909,0.05,0.8333,852,0.05,0.8333,3,0.055,0.9166,4,0
IWM191129C162,2019-11-25,2019-11-25 09:36:32,0.06,1.0,1909,0.05,0.8333,1447,0.05,0.8333,3,0.055,0.9166,4,0
IWM191129C162,2019-11-25,2019-11-25 09:36:33,0.06,1.0,1909,0.05,0.8333,1452,0.05,0.8333,3,0.055,0.9166,4,0
IWM191129C162,2019-11-25,2019-11-25 09:36:33,0.06,1.0,1909,0.05,0.8333,1447,0.05,0.8333,3,0.055,0.9166,4,0
IWM191129C162,2019-11-25,2019-11-25 09:36:34,0.06,1.0,1909,0.05,0.8333,1447,0.05,0.8333,3,0.055,0.9166,4,0
IWM191129C162,2019-11-25,2019-11-25 09:36:35,0.06,1.0,1904,0.05,0.8333,1452,0.05,0.8333,3,0.055,0.9166,4,0
IWM191129C162,2019-11-25,2019-11-25 09:36:35,0.06,1.0,1901,0.05,0.8333,1807,0.05,0.8333,3,0.055,0.9166,4,0
IWM191129C162,2019-11-25,2019-11-25 09:36:36,0.06,1.0,1935,0.05,0.8333,2350,0.05,0.8333,3,0.055,0.9166,4,0
IWM191129C162,2019-11-25,2019-11-25 09:36:36,0.06,1.0,1901,0.05,0.8333,1807,0.05,0.8333,3,0.055,0.9166,4,0
IWM191129C162,2019-11-25,2019-11-25 09:36:37,0.06,1.0,1935,0.05,0.8333,2350,0.05,0.8333,3,0.055,0.9166,4,0
IWM191129C162,2019-11-25,2019-11-25 09:36:37,0.06,1.0,1900,0.05,0.8333,2350,0.05,0.8333,3,0.055,0.9166,4,0
IWM191129C162,2019-11-25,2019-11-25 09:36:38,0.06,1.0,1900,0.05,0.8333,2350,0.05,0.8333,3,0.055,0.9166,4,0
IWM191129C162,2019-11-25,2019-11-25 09:36:39,0.06,1.0,1900,0.05,0.8333,2350,0.05,0.8333,3,0.055,0.9166,4,0
IWM191129C162,2019-11-25,2019-11-25 09:36:40,0.06,1.0,1178,0.05,0.8333,1612,0.05,0.8333,3,0.055,0.9166,4,0
IWM191129C162,2019-11-25,2019-11-25 09:36:41,0.06,1.0,1317,0.05,0.8333,1612,0.05,0.8333,3,0.055,0.9166,4,0
IWM191129C162,2019-11-25,2019-11-25 09:36:41,0.06,1.0,1870,0.05,0.8333,2095,0.05,0.8333,3,0.055,0.9166,4,0
IWM191129C162,2019-11-25,2019-11-25 09:36:42,0.06,1.0,1890,0.05,0.8333,2095,0.05,0.8333,3,0.055,0.9166,4,0
IWM191129C162,2019-11-25,2019-11-25 09:36:43,0.06,1.0,1890,0.05,0.8333,2095,0.05,0.8333,3,0.055,0.9166,4,0
IWM191129C162,2019-11-25,2019-11-25 09:36:44,0.06,1.0,1889,0.05,0.8333,1716,0.05,0.8333,3,0.055,0.9166,4,0
IWM191129C162,2019-11-25,2019-11-25 09:36:44,0.06,1.0,1889,0.05,0.8333,2471,0.05,0.8333,3,0.055,0.9166,4,0
IWM191129C162,2019-11-25,2019-11-25 09:36:45,0.06,1.0,1889,0.05,0.8333,2471,0.05,0.8333,3,0.055,0.9166,4,0
IWM191129C162,2019-11-25,2019-11-25 09:36:46,0.06,1.0,1889,0.05,0.8333,2471,0.05,0.8333,3,0.055,0.9166,4,0
IWM191129C162,2019-11-25,2019-11-25 09:36:46,0.06,1.0,1889,0.05,0.8333,2683,0.05,0.8333,3,0.055,0.9166,4,0
IWM191129C162,2019-11-25,2019-11-25 09:36:47,0.06,1.0,1891,0.05,0.8333,2716,0.05,0.8333,3,0.055,0.9166,4,0
IWM191129C162,2019-11-25,2019-11-25 09:36:48,0.06,1.0,1891,0.05,0.8333,2716,0.05,0.8333,3,0.055,0.9166,4,0
IWM191129C162,2019-11-25,2019-11-25 09:36:49,0.06,1.0,1891,0.05,0.8333,2716,0.05,0.8333,3,0.055,0.9166,4,0
IWM191129C162,2019-11-25,2019-11-25 09:36:50,0.06,1.0,1876,0.05,0.8333,2793,0.05,0.8333,3,0.055,0.9166,4,0
IWM191129C162,2019-11-25,2019-11-25 09:36:50,0.06,1.0,1891,0.05,0.8333,2716,0.05,0.8333,3,0.055,0.9166,4,0
IWM191129C162,2019-11-25,2019-11-25 09:36:51,0.06,1.0,1876,0.05,0.8333,2793,0.05,0.8333,3,0.055,0.9166,4,0
IWM191129C162,2019-11-25,2019-11-25 09:36:52,0.06,1.0,1876,0.05,0.8333,2793,0.05,0.8333,3,0.055,0.9166,4,0
IWM191129C162,2019-11-25,2019-11-25 09:36:53,0.06,1.0,1876,0.05,0.8333,2793,0.05,0.8333,3,0.055,0.9166,4,0
IWM191129C162,2019-11-25,2019-11-25 09:36:54,0.06,1.0,1876,0.05,0.8333,2863,0.05,0.8333,3,0.055,0.9166,4,0
IWM191129C162,2019-11-25,2019-11-25 09:36:55,0.06,1.0,1876,0.05,0.8333,2638,0.05,0.8333,3,0.055,0.9166,4,0
IWM191129C162,2019-11-25,2019-11-25 09:36:55,0.06,1.0,1876,0.05,0.8333,2863,0.05,0.8333,3,0.055,0.9166,4,0
IWM191129C162,2019-11-25,2019-11-25 09:36:56,0.06,1.0,1868,0.05,0.8333,3001,0.05,0.8333,3,0.055,0.9166,4,0
IWM191129C162,2019-11-25,2019-11-25 09:36:57,0.06,1.0,1868,0.05,0.8333,3001,0.05,0.8333,3,0.055,0.9166,4,0
IWM191129C162,2019-11-25,2019-11-25 09:36:58,0.06,1.0,1870,0.05,0.8333,3001,0.05,0.8333,3,0.055,0.9166,4,0
IWM191129C162,2019-11-25,2019-11-25 09:36:59,0.06,1.0,1176,0.05,0.8333,2106,0.05,0.8333,3,0.055,0.9166,4,0
IWM191129C162,2019-11-25,2019-11-25 09:36:59,0.06,1.0,1870,0.05,0.8333,2931,0.05,0.8333,3,0.055,0.9166,4,0
IWM191129C162,2019-11-25,2019-11-25 09:37:00,0.06,1.0,1870,0.05,0.8333,2920,0.05,0.8333,3,0.055,0.9166,4,0
IWM191129C162,2019-11-25,2019-11-25 09:37:01,0.06,1.0,1176,0.05,0.8333,2111,0.05,0.8333,3,0.055,0.9166,4,0
IWM191129C162,2019-11-25,2019-11-25 09:37:02,0.06,1.0,1471,0.05,0.8333,2099,0.05,0.8333,3,0.055,0.9166,4,0
IWM191129C162,2019-11-25,2019-11-25 09:37:02,0.06,1.0,1160,0.05,0.8333,1380,0.05,0.8333,3,0.055,0.9166,4,0
IWM191129C162,2019-11-25,2019-11-25 09:37:03,0.06,1.0,1771,0.05,0.8333,2099,0.05,0.8333,3,0.055,0.9166,4,0
IWM191129C162,2019-11-25,2019-11-25 09:37:04,0.06,1.0,1771,0.05,0.8333,2099,0.05,0.8333,3,0.055,0.9166,4,0
IWM191129C162,2019-11-25,2019-11-25 09:37:04,0.06,1.0,1841,0.05,0.8333,2186,0.05,0.8333,3,0.055,0.9166,4,0
IWM191129C162,2019-11-25,2019-11-25 09:37:05,0.06,1.0,1262,0.05,0.8333,2369,0.05,0.8333,3,0.055,0.9166,4,0
IWM191129C162,2019-11-25,2019-11-25 09:37:05,0.06,1.0,1824,0.05,0.8333,2369,0.05,0.8333,3,0.055,0.9166,4,0
IWM191129C162,2019-11-25,2019-11-25 09:37:06,0.06,1.0,1820,0.05,0.8333,2364,0.05,0.8333,3,0.055,0.9166,4,0
IWM191129C162,2019-11-25,2019-11-25 09:37:07,0.06,1.0,1820,0.05,0.8333,2364,0.05,0.8333,3,0.055,0.9166,4,0
IWM191129C162,2019-11-25,2019-11-25 09:37:08,0.06,1.0,1820,0.05,0.8333,2364,0.05,0.8333,3,0.055,0.9166,4,0
IWM191129C162,2019-11-25,2019-11-25 09:37:08,0.06,1.0,1820,0.05,0.8333,2324,0.05,0.8333,3,0.055,0.9166,4,0
IWM191129C162,2019-11-25,2019-11-25 09:37:09,0.06,1.0,1820,0.05,0.8333,2364,0.05,0.8333,3,0.055,0.9166,4,0
IWM191129C162,2019-11-25,2019-11-25 09:37:10,0.06,1.0,1813,0.05,0.8333,2658,0.05,0.8333,3,0.055,0.9166,4,0
IWM191129C162,2019-11-25,2019-11-25 09:37:10,0.06,1.0,1128,0.05,0.8333,2364,0.05,0.8333,3,0.055,0.9166,4,0
IWM191129C162,2019-11-25,2019-11-25 09:37:11,0.06,1.0,1958,0.05,0.8333,2728,0.05,0.8333,3,0.055,0.9166,4,0
IWM191129C162,2019-11-25,2019-11-25 09:37:11,0.06,1.0,1958,0.05,0.8333,2658,0.05,0.8333,3,0.055,0.9166,4,0
IWM191129C162,2019-11-25,2019-11-25 09:37:12,0.06,1.0,1958,0.05,0.8333,2728,0.05,0.8333,3,0.055,0.9166,4,0
IWM191129C162,2019-11-25,2019-11-25 09:37:13,0.06,1.0,1958,0.05,0.8333,2728,0.05,0.8333,3,0.055,0.9166,4,0
IWM191129C162,2019-11-25,2019-11-25 09:37:14,0.06,1.0,1958,0.05,0.8333,2728,0.05,0.8333,3,0.055,0.9166,4,0
IWM191129C162,2019-11-25,2019-11-25 09:37:14,0.06,1.0,1273,0.05,0.8333,911,0.05,0.8333,3,0.055,0.9166,4,0
IWM191129C162,2019-11-25,2019-11-25 09:37:15,0.06,1.0,1986,0.05,0.8333,1809,0.05,0.8333,3,0.055,0.9166,4,0
IWM191129C162,2019-11-25,2019-11-25 09:37:16,0.06,1.0,1986,0.05,0.8333,1809,0.05,0.8333,3,0.055,0.9166,4,0
IWM191129C162,2019-11-25,2019-11-25 09:37:16,0.06,1.0,1986,0.05,0.8333,2089,0.05,0.8333,3,0.055,0.9166,4,0
IWM191129C162,2019-11-25,2019-11-25 09:37:17,0.06,1.0,1273,0.05,0.8333,2089,0.05,0.8333,3,0.055,0.9166,4,0
IWM191129C162,2019-11-25,2019-11-25 09:37:17,0.06,1.0,1986,0.05,0.8333,2089,0.05,0.8333,3,0.055,0.9166,4,0
IWM191129C162,2019-11-25,2019-11-25 09:37:18,0.06,1.0,1986,0.05,0.8333,2250,0.05,0.8333,3,0.055,0.9166,4,0
IWM191129C162,2019-11-25,2019-11-25 09:37:18,0.06,1.0,1986,0.05,0.8333,2320,0.05,0.8333,3,0.055,0.9166,4,0
IWM191129C162,2019-11-25,2019-11-25 09:37:19,0.06,1.0,1986,0.05,0.8333,2250,0.05,0.8333,3,0.055,0.9166,4,0
IWM191129C162,2019-11-25,2019-11-25 09:37:20,0.06,1.0,1275,0.05,0.8333,1529,0.05,0.8333,3,0.055,0.9166,4,0
IWM191129C162,2019-11-25,2019-11-25 09:37:20,0.06,1.0,1986,0.05,0.8333,2237,0.05,0.8333,3,0.055,0.9166,4,0
IWM191129C162,2019-11-25,2019-11-25 09:37:21,0.06,1.0,1983,0.05,0.8333,2194,0.05,0.8333,3,0.055,0.9166,4,0
IWM191129C162,2019-11-25,2019-11-25 09:37:21,0.06,1.0,1986,0.05,0.8333,2234,0.05,0.8333,3,0.055,0.9166,4,0
IWM191129C162,2019-11-25,2019-11-25 09:37:22,0.06,1.0,1988,0.05,0.8333,2195,0.05,0.8333,3,0.055,0.9166,4,0
IWM191129C162,2019-11-25,2019-11-25 09:37:22,0.06,1.0,1983,0.05,0.8333,2234,0.05,0.8333,3,0.055,0.9166,4,0
IWM191129C162,2019-11-25,2019-11-25 09:37:23,0.06,1.0,1988,0.05,0.8333,2195,0.05,0.8333,3,0.055,0.9166,4,0
IWM191129C162,2019-11-25,2019-11-25 09:37:24,0.06,1.0,1988,0.05,0.8333,2195,0.05,0.8333,3,0.055,0.9166,4,0
IWM191129C162,2019-11-25,2019-11-25 09:37:25,0.06,1.0,1989,0.05,0.8333,2186,0.05,0.8333,3,0.055,0.9166,4,0
IWM191129C162,2019-11-25,2019-11-25 09:37:26,0.06,1.0,1989,0.05,0.8333,2186,0.05,0.8333,3,0.055,0.9166,4,0
IWM191129C162,2019-11-25,2019-11-25 09:37:27,0.06,1.0,1989,0.05,0.8333,2186,0.05,0.8333,3,0.055,0.9166,4,0
IWM191129C162,2019-11-25,2019-11-25 09:37:28,0.06,1.0,1989,0.05,0.8333,2186,0.05,0.8333,3,0.055,0.9166,4,0
IWM191129C162,2019-11-25,2019-11-25 09:37:29,0.06,1.0,2047,0.05,0.8333,1444,0.05,0.8333,3,0.055,0.9166,4,0
IWM191129C162,2019-11-25,2019-11-25 09:37:29,0.06,1.0,1270,0.05,0.8333,1116,0.05,0.8333,3,0.055,0.9166,4,0
IWM191129C162,2019-11-25,2019-11-25 09:37:30,0.06,1.0,2047,0.05,0.8333,1444,0.05,0.8333,3,0.055,0.9166,4,0
IWM191129C162,2019-11-25,2019-11-25 09:37:31,0.06,1.0,1335,0.05,0.8333,2166,0.05,0.8333,3,0.055,0.9166,4,0
IWM191129C162,2019-11-25,2019-11-25 09:37:31,0.06,1.0,2060,0.05,0.8333,2655,0.05,0.8333,3,0.055,0.9166,4,0
IWM191129C162,2019-11-25,2019-11-25 09:37:32,0.06,1.0,1335,0.05,0.8333,2149,0.05,0.8333,3,0.055,0.9166,4,0
IWM191129C162,2019-11-25,2019-11-25 09:37:32,0.06,1.0,2058,0.05,0.8333,2960,0.05,0.8333,3,0.055,0.9166,4,0
IWM191129C162,2019-11-25,2019-11-25 09:37:33,0.06,1.0,2064,0.05,0.8333,3037,0.05,0.8333,3,0.055,0.9166,4,0
IWM191129C162,2019-11-25,2019-11-25 09:37:34,0.06,1.0,2064,0.05,0.8333,2628,0.05,0.8333,3,0.055,0.9166,4,0
IWM191129C162,2019-11-25,2019-11-25 09:37:34,0.06,1.0,2064,0.05,0.8333,2967,0.05,0.8333,3,0.055,0.9166,4,0
IWM191129C162,2019-11-25,2019-11-25 09:37:35,0.06,1.0,2066,0.05,0.8333,2956,0.05,0.8333,3,0.055,0.9166,4,0
IWM191129C162,2019-11-25,2019-11-25 09:37:35,0.06,1.0,1340,0.05,0.8333,2149,0.05,0.8333,3,0.055,0.9166,4,0
IWM191129C162,2019-11-25,2019-11-25 09:37:36,0.06,1.0,2066,0.05,0.8333,2956,0.05,0.8333,3,0.055,0.9166,4,0
IWM191129C162,2019-11-25,2019-11-25 09:37:37,0.06,1.0,1340,0.05,0.8333,2149,0.05,0.8333,3,0.055,0.9166,4,0
IWM191129C162,2019-11-25,2019-11-25 09:37:37,0.06,1.0,2066,0.05,0.8333,2888,0.05,0.8333,3,0.055,0.9166,4,0
IWM191129C162,2019-11-25,2019-11-25 09:37:38,0.06,1.0,2066,0.05,0.8333,2888,0.05,0.8333,3,0.055,0.9166,4,0
IWM191129C162,2019-11-25,2019-11-25 09:37:39,0.06,1.0,2066,0.05,0.8333,2888,0.05,0.8333,3,0.055,0.9166,4,0
IWM191129C162,2019-11-25,2019-11-25 09:37:40,0.06,1.0,2066,0.05,0.8333,2888,0.05,0.8333,3,0.055,0.9166,4,0
IWM191129C162,2019-11-25,2019-11-25 09:37:41,0.06,1.0,2066,0.05,0.8333,2958,0.05,0.8333,3,0.055,0.9166,4,0
IWM191129C162,2019-11-25,2019-11-25 09:37:42,0.06,1.0,2066,0.05,0.8333,2888,0.05,0.8333,3,0.055,0.9166,4,0
IWM191129C162,2019-11-25,2019-11-25 09:37:42,0.06,1.0,2066,0.05,0.8333,2958,0.05,0.8333,3,0.055,0.9166,4,0
IWM191129C162,2019-11-25,2019-11-25 09:37:43,0.06,1.0,2066,0.05,0.8333,2888,0.05,0.8333,3,0.055,0.9166,4,0
IWM191129C162,2019-11-25,2019-11-25 09:37:44,0.06,1.0,2066,0.05,0.8333,2958,0.05,0.8333,3,0.055,0.9166,4,0
IWM191129C162,2019-11-25,2019-11-25 09:37:45,0.06,1.0,2066,0.05,0.8333,2958,0.05,0.8333,3,0.055,0.9166,4,0
IWM191129C162,2019-11-25,2019-11-25 09:37:46,0.06,1.0,2066,0.05,0.8333,2888,0.06,1.0,100,0.055,0.9166,104,100
IWM191129C162,2019-11-25,2019-11-25 09:37:46,0.06,1.0,2066,0.05,0.8333,2888,0.06,1.0,100,0.055,0.9166,104,0
IWM191129C162,2019-11-25,2019-11-25 09:37:47,0.06,1.0,2066,0.05,0.8333,2888,0.06,1.0,100,0.055,0.9166,104,0
IWM191129C162,2019-11-25,2019-11-25 09:37:48,0.06,1.0,2049,0.05,0.8333,2073,0.06,1.0,100,0.055,0.9166,104,0
IWM191129C162,2019-11-25,2019-11-25 09:37:49,0.06,1.0,2049,0.05,0.8333,2725,0.06,1.0,100,0.055,0.9166,104,0
IWM191129C162,2019-11-25,2019-11-25 09:37:50,0.06,1.0,2049,0.05,0.8333,2725,0.06,1.0,100,0.055,0.9166,104,0
IWM191129C162,2019-11-25,2019-11-25 09:37:51,0.06,1.0,2049,0.05,0.8333,2725,0.06,1.0,100,0.055,0.9166,104,0
IWM191129C162,2019-11-25,2019-11-25 09:37:52,0.06,1.0,2049,0.05,0.8333,2323,0.06,1.0,100,0.055,0.9166,104,0
IWM191129C162,2019-11-25,2019-11-25 09:37:53,0.06,1.0,2049,0.05,0.8333,2323,0.06,1.0,100,0.055,0.9166,104,0
IWM191129C162,2019-11-25,2019-11-25 09:37:54,0.06,1.0,1967,0.05,0.8333,2616,0.06,1.0,100,0.055,0.9166,104,0
IWM191129C162,2019-11-25,2019-11-25 09:37:55,0.06,1.0,1967,0.05,0.8333,2616,0.06,1.0,100,0.055,0.9166,104,0
IWM191129C162,2019-11-25,2019-11-25 09:37:56,0.06,1.0,1967,0.05,0.8333,2616,0.06,1.0,100,0.055,0.9166,104,0
IWM191129C162,2019-11-25,2019-11-25 09:37:57,0.06,1.0,1951,0.05,0.8333,2330,0.06,1.0,100,0.055,0.9166,104,0
IWM191129C162,2019-11-25,2019-11-25 09:37:57,0.06,1.0,1244,0.05,0.8333,1599,0.06,1.0,100,0.055,0.9166,104,0
IWM191129C162,2019-11-25,2019-11-25 09:37:58,0.06,1.0,2045,0.05,0.8333,2735,0.06,1.0,100,0.055,0.9166,104,0
IWM191129C162,2019-11-25,2019-11-25 09:37:59,0.06,1.0,2045,0.05,0.8333,2735,0.06,1.0,100,0.055,0.9166,104,0
IWM191129C162,2019-11-25,2019-11-25 09:38:00,0.06,1.0,2045,0.05,0.8333,2735,0.06,1.0,100,0.055,0.9166,104,0
IWM191129C162,2019-11-25,2019-11-25 09:38:00,0.06,1.0,2045,0.05,0.8333,2805,0.06,1.0,100,0.055,0.9166,104,0
IWM191129C162,2019-11-25,2019-11-25 09:38:01,0.06,1.0,2061,0.05,0.8333,2940,0.06,1.0,100,0.055,0.9166,104,0
IWM191129C162,2019-11-25,2019-11-25 09:38:01,0.06,1.0,2045,0.05,0.8333,2805,0.06,1.0,100,0.055,0.9166,104,0
IWM191129C162,2019-11-25,2019-11-25 09:38:02,0.06,1.0,2063,0.05,0.8333,2868,0.06,1.0,100,0.055,0.9166,104,0
IWM191129C162,2019-11-25,2019-11-25 09:38:03,0.06,1.0,2063,0.05,0.8333,3040,0.06,1.0,100,0.055,0.9166,104,0
IWM191129C162,2019-11-25,2019-11-25 09:38:03,0.06,1.0,2063,0.05,0.8333,2938,0.06,1.0,100,0.055,0.9166,104,0
IWM191129C162,2019-11-25,2019-11-25 09:38:04,0.06,1.0,2063,0.05,0.8333,3040,0.06,1.0,100,0.055,0.9166,104,0
IWM191129C162,2019-11-25,2019-11-25 09:38:05,0.06,1.0,2063,0.05,0.8333,3040,0.06,1.0,100,0.055,0.9166,104,0
IWM191129C162,2019-11-25,2019-11-25 09:38:06,0.06,1.0,2063,0.05,0.8333,3040,0.06,1.0,100,0.055,0.9166,104,0
IWM191129C162,2019-11-25,2019-11-25 09:38:07,0.06,1.0,2063,0.05,0.8333,3040,0.06,1.0,100,0.055,0.9166,104,0
IWM191129C162,2019-11-25,2019-11-25 09:38:08,0.06,1.0,1232,0.05,0.8333,1824,0.06,1.0,100,0.055,0.9166,104,0
IWM191129C162,2019-11-25,2019-11-25 09:38:08,0.06,1.0,1232,0.05,0.8333,1867,0.06,1.0,100,0.055,0.9166,104,0
IWM191129C162,2019-11-25,2019-11-25 09:38:09,0.06,1.0,1232,0.05,0.8333,1822,0.06,1.0,100,0.055,0.9166,104,0
IWM191129C162,2019-11-25,2019-11-25 09:38:10,0.06,1.0,2030,0.05,0.8333,3020,0.06,1.0,100,0.055,0.9166,104,0
IWM191129C162,2019-11-25,2019-11-25 09:38:10,0.06,1.0,1227,0.05,0.8333,1871,0.06,1.0,100,0.055,0.9166,104,0
IWM191129C162,2019-11-25,2019-11-25 09:38:11,0.06,1.0,2030,0.05,0.8333,3052,0.06,1.0,100,0.055,0.9166,104,0
IWM191129C162,2019-11-25,2019-11-25 09:38:12,0.06,1.0,2030,0.05,0.8333,3052,0.06,1.0,100,0.055,0.9166,104,0
IWM191129C162,2019-11-25,2019-11-25 09:38:13,0.06,1.0,2030,0.05,0.8333,3052,0.06,1.0,100,0.055,0.9166,104,0
IWM191129C162,2019-11-25,2019-11-25 09:38:14,0.06,1.0,2030,0.05,0.8333,3052,0.06,1.0,100,0.055,0.9166,104,0
IWM191129C162,2019-11-25,2019-11-25 09:38:15,0.06,1.0,2030,0.05,0.8333,2333,0.06,1.0,100,0.055,0.9166,104,0
IWM191129C162,2019-11-25,2019-11-25 09:38:15,0.06,1.0,2030,0.05,0.8333,3052,0.06,1.0,100,0.055,0.9166,104,0
IWM191129C162,2019-11-25,2019-11-25 09:38:16,0.06,1.0,2030,0.05,0.8333,2333,0.06,1.0,100,0.055,0.9166,104,0
IWM191129C162,2019-11-25,2019-11-25 09:38:16,0.06,1.0,1331,0.05,0.8333,1277,0.06,1.0,100,0.055,0.9166,104,0
IWM191129C162,2019-11-25,2019-11-25 09:38:17,0.06,1.0,2038,0.05,0.8333,2191,0.06,1.0,100,0.055,0.9166,104,0
IWM191129C162,2019-11-25,2019-11-25 09:38:17,0.06,1.0,2038,0.05,0.8333,2267,0.06,1.0,100,0.055,0.9166,104,0
IWM191129C162,2019-11-25,2019-11-25 09:38:18,0.06,1.0,2038,0.05,0.8333,2267,0.06,1.0,100,0.055,0.9166,104,0
IWM191129C162,2019-11-25,2019-11-25 09:38:19,0.06,1.0,2038,0.05,0.8333,3163,0.06,1.0,100,0.055,0.9166,104,0
IWM191129C162,2019-11-25,2019-11-25 09:38:20,0.06,1.0,2038,0.05,0.8333,3163,0.06,1.0,100,0.055,0.9166,104,0
IWM191129C162,2019-11-25,2019-11-25 09:38:21,0.06,1.0,2038,0.05,0.8333,3163,0.06,1.0,100,0.055,0.9166,104,0
IWM191129C162,2019-11-25,2019-11-25 09:38:22,0.06,1.0,2038,0.05,0.8333,3164,0.06,1.0,100,0.055,0.9166,104,0
IWM191129C162,2019-11-25,2019-11-25 09:38:23,0.06,1.0,2038,0.05,0.8333,3164,0.06,1.0,100,0.055,0.9166,104,0
IWM191129C162,2019-11-25,2019-11-25 09:38:24,0.06,1.0,1331,0.05,0.8333,2397,0.06,1.0,100,0.055,0.9166,104,0
IWM191129C162,2019-11-25,2019-11-25 09:38:24,0.06,1.0,2038,0.05,0.8333,3164,0.06,1.0,100,0.055,0.9166,104,0
IWM191129C162,2019-11-25,2019-11-25 09:38:25,0.06,1.0,2042,0.05,0.8333,3099,0.06,1.0,100,0.055,0.9166,104,0
IWM191129C162,2019-11-25,2019-11-25 09:38:25,0.06,1.0,1266,0.05,0.8333,2198,0.06,1.0,100,0.055,0.9166,104,0
IWM191129C162,2019-11-25,2019-11-25 09:38:26,0.06,1.0,1933,0.05,0.8333,2808,0.06,1.0,100,0.055,0.9166,104,0
IWM191129C162,2019-11-25,2019-11-25 09:38:27,0.06,1.0,1933,0.05,0.8333,2872,0.06,1.0,100,0.055,0.9166,104,0
IWM191129C162,2019-11-25,2019-11-25 09:38:27,0.06,1.0,1933,0.05,0.8333,3293,0.06,1.0,100,0.055,0.9166,104,0
IWM191129C162,2019-11-25,2019-11-25 09:38:28,0.06,1.0,1933,0.05,0.8333,3293,0.06,1.0,100,0.055,0.9166,104,0
IWM191129C162,2019-11-25,2019-11-25 09:38:29,0.06,1.0,1242,0.05,0.8333,2422,0.06,1.0,100,0.055,0.9166,104,0
IWM191129C162,2019-11-25,2019-11-25 09:38:29,0.06,1.0,1933,0.05,0.8333,3293,0.06,1.0,100,0.055,0.9166,104,0
IWM191129C162,2019-11-25,2019-11-25 09:38:30,0.06,1.0,1242,0.05,0.8333,2422,0.06,1.0,100,0.055,0.9166,104,0
IWM191129C162,2019-11-25,2019-11-25 09:38:30,0.06,1.0,1962,0.05,0.8333,3148,0.06,1.0,100,0.055,0.9166,104,0
IWM191129C162,2019-11-25,2019-11-25 09:38:31,0.06,1.0,1962,0.05,0.8333,3148,0.06,1.0,100,0.055,0.9166,104,0
IWM191129C162,2019-11-25,2019-11-25 09:38:32,0.06,1.0,1962,0.05,0.8333,3147,0.06,1.0,100,0.055,0.9166,104,0
IWM191129C162,2019-11-25,2019-11-25 09:38:33,0.06,1.0,1962,0.05,0.8333,2251,0.06,1.0,100,0.055,0.9166,104,0
IWM191129C162,2019-11-25,2019-11-25 09:38:34,0.06,1.0,1962,0.05,0.8333,2113,0.06,1.0,100,0.055,0.9166,104,0
IWM191129C162,2019-11-25,2019-11-25 09:38:35,0.06,1.0,1992,0.05,0.8333,1835,0.06,1.0,100,0.055,0.9166,104,0
IWM191129C162,2019-11-25,2019-11-25 09:38:35,0.06,1.0,1962,0.05,0.8333,2113,0.06,1.0,100,0.055,0.9166,104,0
IWM191129C162,2019-11-25,2019-11-25 09:38:36,0.06,1.0,1992,0.05,0.8333,2014,0.06,1.0,100,0.055,0.9166,104,0
IWM191129C162,2019-11-25,2019-11-25 09:38:37,0.06,1.0,1992,0.05,0.8333,2014,0.06,1.0,100,0.055,0.9166,104,0
IWM191129C162,2019-11-25,2019-11-25 09:38:38,0.06,1.0,1992,0.05,0.8333,2014,0.06,1.0,100,0.055,0.9166,104,0
IWM191129C162,2019-11-25,2019-11-25 09:38:39,0.06,1.0,1992,0.05,0.8333,2014,0.06,1.0,100,0.055,0.9166,104,0
IWM191129C162,2019-11-25,2019-11-25 09:38:39,0.06,1.0,1992,0.05,0.8333,1914,0.06,1.0,100,0.055,0.9166,104,0
IWM191129C162,2019-11-25,2019-11-25 09:38:40,0.06,1.0,1291,0.05,0.8333,1213,0.06,1.0,100,0.055,0.9166,104,0
IWM191129C162,2019-11-25,2019-11-25 09:38:40,0.06,1.0,1994,0.05,0.8333,2031,0.06,1.0,100,0.055,0.9166,104,0
IWM191129C162,2019-11-25,2019-11-25 09:38:41,0.06,1.0,1994,0.05,0.8333,2031,0.06,1.0,100,0.055,0.9166,104,0
IWM191129C162,2019-11-25,2019-11-25 09:38:42,0.06,1.0,1994,0.05,0.8333,2031,0.06,1.0,100,0.055,0.9166,104,0
IWM191129C162,2019-11-25,2019-11-25 09:38:43,0.06,1.0,1994,0.05,0.8333,2097,0.06,1.0,100,0.055,0.9166,104,0
IWM191129C162,2019-11-25,2019-11-25 09:38:44,0.06,1.0,1994,0.05,0.8333,2097,0.06,1.0,100,0.055,0.9166,104,0
IWM191129C162,2019-11-25,2019-11-25 09:38:45,0.06,1.0,1994,0.05,0.8333,2097,0.06,1.0,100,0.055,0.9166,104,0
IWM191129C162,2019-11-25,2019-11-25 09:38:46,0.06,1.0,1994,0.05,0.8333,2097,0.06,1.0,100,0.055,0.9166,104,0
IWM191129C162,2019-11-25,2019-11-25 09:38:47,0.06,1.0,1959,0.05,0.8333,2184,0.06,1.0,100,0.055,0.9166,104,0
IWM191129C162,2019-11-25,2019-11-25 09:38:47,0.06,1.0,1994,0.05,0.8333,2097,0.06,1.0,100,0.055,0.9166,104,0
IWM191129C162,2019-11-25,2019-11-25 09:38:48,0.06,1.0,1959,0.05,0.8333,2111,0.06,1.0,100,0.055,0.9166,104,0
IWM191129C162,2019-11-25,2019-11-25 09:38:48,0.06,1.0,1959,0.05,0.8333,2184,0.06,1.0,100,0.055,0.9166,104,0
IWM191129C162,2019-11-25,2019-11-25 09:38:49,0.06,1.0,1959,0.05,0.8333,2111,0.06,1.0,100,0.055,0.9166,104,0
IWM191129C162,2019-11-25,2019-11-25 09:38:50,0.06,1.0,1895,0.05,0.8333,2246,0.06,1.0,100,0.055,0.9166,104,0
IWM191129C162,2019-11-25,2019-11-25 09:38:50,0.06,1.0,1959,0.05,0.8333,2111,0.06,1.0,100,0.055,0.9166,104,0
IWM191129C162,2019-11-25,2019-11-25 09:38:51,0.06,1.0,1895,0.05,0.8333,2246,0.06,1.0,100,0.055,0.9166,104,0
IWM191129C162,2019-11-25,2019-11-25 09:38:51,0.06,1.0,1895,0.05,0.8333,2161,0.06,1.0,100,0.055,0.9166,104,0
IWM191129C162,2019-11-25,2019-11-25 09:38:52,0.06,1.0,1895,0.05,0.8333,2162,0.06,1.0,100,0.055,0.9166,104,0
IWM191129C162,2019-11-25,2019-11-25 09:38:53,0.06,1.0,1895,0.05,0.8333,2162,0.06,1.0,100,0.055,0.9166,104,0
IWM191129C162,2019-11-25,2019-11-25 09:38:54,0.06,1.0,1895,0.05,0.8333,2162,0.06,1.0,100,0.055,0.9166,104,0
IWM191129C162,2019-11-25,2019-11-25 09:38:55,0.06,1.0,1895,0.05,0.8333,2162,0.06,1.0,100,0.055,0.9166,104,0
IWM191129C162,2019-11-25,2019-11-25 09:38:56,0.06,1.0,1895,0.05,0.8333,2162,0.06,1.0,100,0.055,0.9166,104,0
IWM191129C162,2019-11-25,2019-11-25 09:38:57,0.06,1.0,1895,0.05,0.8333,2162,0.06,1.0,100,0.055,0.9166,104,0
IWM191129C162,2019-11-25,2019-11-25 09:38:58,0.06,1.0,1214,0.05,0.8333,1423,0.06,1.0,100,0.055,0.9166,104,0
IWM191129C162,2019-11-25,2019-11-25 09:38:59,0.06,1.0,1886,0.05,0.8333,2229,0.06,1.0,100,0.055,0.9166,104,0
IWM191129C162,2019-11-25,2019-11-25 09:39:00,0.06,1.0,1144,0.05,0.8333,1493,0.06,1.0,100,0.055,0.9166,104,0
IWM191129C162,2019-11-25,2019-11-25 09:39:01,0.06,1.0,1018,0.05,0.8333,1493,0.06,1.0,100,0.055,0.9166,104,0
IWM191129C162,2019-11-25,2019-11-25 09:39:02,0.06,1.0,1537,0.05,0.8333,2279,0.06,1.0,100,0.055,0.9166,104,0
IWM191129C162,2019-11-25,2019-11-25 09:39:03,0.06,1.0,1537,0.05,0.8333,2279,0.06,1.0,100,0.055,0.9166,104,0
IWM191129C162,2019-11-25,2019-11-25 09:39:04,0.06,1.0,1195,0.05,0.8333,2279,0.06,1.0,100,0.055,0.9166,104,0
IWM191129C162,2019-11-25,2019-11-25 09:39:04,0.06,1.0,1537,0.05,0.8333,2279,0.06,1.0,100,0.055,0.9166,104,0
IWM191129C162,2019-11-25,2019-11-25 09:39:05,0.06,1.0,1195,0.05,0.8333,2279,0.06,1.0,100,0.055,0.9166,104,0
IWM191129C162,2019-11-25,2019-11-25 09:39:06,0.06,1.0,1195,0.05,0.8333,2279,0.06,1.0,100,0.055,0.9166,104,0
IWM191129C162,2019-11-25,2019-11-25 09:39:07,0.06,1.0,1195,0.05,0.8333,2279,0.06,1.0,100,0.055,0.9166,104,0
IWM191129C162,2019-11-25,2019-11-25 09:39:08,0.06,1.0,1365,0.05,0.8333,2277,0.06,1.0,100,0.055,0.9166,104,0
IWM191129C162,2019-11-25,2019-11-25 09:39:08,0.06,1.0,861,0.05,0.8333,1530,0.06,1.0,100,0.055,0.9166,104,0
IWM191129C162,2019-11-25,2019-11-25 09:39:09,0.06,1.0,1365,0.05,0.8333,2277,0.06,1.0,100,0.055,0.9166,104,0
IWM191129C162,2019-11-25,2019-11-25 09:39:10,0.06,1.0,1245,0.05,0.8333,2279,0.06,1.0,100,0.055,0.9166,104,0
IWM191129C162,2019-11-25,2019-11-25 09:39:10,0.06,1.0,1245,0.05,0.8333,2512,0.06,1.0,100,0.055,0.9166,104,0
IWM191129C162,2019-11-25,2019-11-25 09:39:11,0.06,1.0,1245,0.05,0.8333,2512,0.06,1.0,100,0.055,0.9166,104,0
IWM191129C162,2019-11-25,2019-11-25 09:39:12,0.06,1.0,1245,0.05,0.8333,2512,0.06,1.0,100,0.055,0.9166,104,0
IWM191129C162,2019-11-25,2019-11-25 09:39:13,0.06,1.0,1364,0.05,0.8333,2258,0.06,1.0,100,0.055,0.9166,104,0
IWM191129C162,2019-11-25,2019-11-25 09:39:13,0.06,1.0,1364,0.05,0.8333,2596,0.06,1.0,100,0.055,0.9166,104,0
IWM191129C162,2019-11-25,2019-11-25 09:39:14,0.06,1.0,1235,0.05,0.8333,2596,0.06,1.0,100,0.055,0.9166,104,0
IWM191129C162,2019-11-25,2019-11-25 09:39:14,0.06,1.0,1364,0.05,0.8333,2596,0.06,1.0,100,0.055,0.9166,104,0
IWM191129C162,2019-11-25,2019-11-25 09:39:15,0.06,1.0,1235,0.05,0.8333,2596,0.06,1.0,100,0.055,0.9166,104,0
IWM191129C162,2019-11-25,2019-11-25 09:39:16,0.06,1.0,1235,0.05,0.8333,2596,0.06,1.0,100,0.055,0.9166,104,0
IWM191129C162,2019-11-25,2019-11-25 09:39:17,0.06,1.0,463,0.05,0.8333,2528,0.06,1.0,100,0.055,0.9166,104,0
IWM191129C162,2019-11-25,2019-11-25 09:39:18,0.06,1.0,490,0.05,0.8333,2707,0.06,1.0,100,0.055,0.9166,104,0
IWM191129C162,2019-11-25,2019-11-25 09:39:18,0.06,1.0,463,0.05,0.8333,2528,0.06,1.0,100,0.055,0.9166,104,0
IWM191129C162,2019-11-25,2019-11-25 09:39:19,0.06,1.0,404,0.05,0.8333,2707,0.06,1.0,100,0.055,0.9166,104,0
IWM191129C162,2019-11-25,2019-11-25 09:39:20,0.06,1.0,326,0.05,0.8333,2707,0.06,1.0,100,0.055,0.9166,104,0
IWM191129C162,2019-11-25,2019-11-25 09:39:21,0.06,1.0,569,0.05,0.8333,1920,0.06,1.0,100,0.055,0.9166,104,0
IWM191129C162,2019-11-25,2019-11-25 09:39:21,0.06,1.0,569,0.05,0.8333,1835,0.06,1.0,100,0.055,0.9166,104,0
IWM191129C162,2019-11-25,2019-11-25 09:39:22,0.06,1.0,529,0.05,0.8333,1835,0.06,1.0,100,0.055,0.9166,104,0
IWM191129C162,2019-11-25,2019-11-25 09:39:22,0.06,1.0,569,0.05,0.8333,1835,0.06,1.0,100,0.055,0.9166,104,0
IWM191129C162,2019-11-25,2019-11-25 09:39:23,0.06,1.0,569,0.05,0.8333,1835,0.06,1.0,100,0.055,0.9166,104,0
IWM191129C162,2019-11-25,2019-11-25 09:39:24,0.06,1.0,569,0.05,0.8333,1835,0.06,1.0,100,0.055,0.9166,104,0
IWM191129C162,2019-11-25,2019-11-25 09:39:24,0.06,1.0,741,0.05,0.8333,1930,0.06,1.0,100,0.055,0.9166,104,0
IWM191129C162,2019-11-25,2019-11-25 09:39:25,0.06,1.0,996,0.05,0.8333,2776,0.06,1.0,100,0.055,0.9166,104,0
IWM191129C162,2019-11-25,2019-11-25 09:39:25,0.06,1.0,569,0.05,0.8333,1930,0.06,1.0,100,0.055,0.9166,104,0
IWM191129C162,2019-11-25,2019-11-25 09:39:26,0.06,1.0,1166,0.05,0.8333,2778,0.06,1.0,100,0.055,0.9166,104,0
IWM191129C162,2019-11-25,2019-11-25 09:39:27,0.06,1.0,1166,0.05,0.8333,2778,0.06,1.0,100,0.055,0.9166,104,0
IWM191129C162,2019-11-25,2019-11-25 09:39:28,0.06,1.0,1166,0.05,0.8333,2525,0.06,1.0,100,0.055,0.9166,104,0
IWM191129C162,2019-11-25,2019-11-25 09:39:28,0.06,1.0,1166,0.05,0.8333,2861,0.06,1.0,100,0.055,0.9166,104,0
IWM191129C162,2019-11-25,2019-11-25 09:39:29,0.06,1.0,1166,0.05,0.8333,2861,0.06,1.0,100,0.055,0.9166,104,0
IWM191129C162,2019-11-25,2019-11-25 09:39:30,0.06,1.0,1166,0.05,0.8333,2861,0.06,1.0,100,0.055,0.9166,104,0
IWM191129C162,2019-11-25,2019-11-25 09:39:31,0.06,1.0,1126,0.05,0.8333,2525,0.06,1.0,100,0.055,0.9166,104,0
IWM191129C162,2019-11-25,2019-11-25 09:39:31,0.06,1.0,1126,0.05,0.8333,2861,0.06,1.0,100,0.055,0.9166,104,0
IWM191129C162,2019-11-25,2019-11-25 09:39:32,0.06,1.0,721,0.05,0.8333,2861,0.06,1.0,100,0.055,0.9166,104,0
IWM191129C162,2019-11-25,2019-11-25 09:39:32,0.06,1.0,349,0.05,0.8333,2861,0.06,1.0,100,0.055,0.9166,104,0
IWM191129C162,2019-11-25,2019-11-25 09:39:33,0.06,1.0,317,0.05,0.8333,2861,0.06,1.0,100,0.055,0.9166,104,0
IWM191129C162,2019-11-25,2019-11-25 09:39:33,0.06,1.0,316,0.05,0.8333,2861,0.06,1.0,100,0.055,0.9166,104,0
IWM191129C162,2019-11-25,2019-11-25 09:39:34,0.06,1.0,316,0.05,0.8333,2861,0.06,1.0,100,0.055,0.9166,104,0
IWM191129C162,2019-11-25,2019-11-25 09:39:35,0.06,1.0,307,0.05,0.8333,2861,0.06,1.0,100,0.055,0.9166,104,0
IWM191129C162,2019-11-25,2019-11-25 09:39:35,0.06,1.0,232,0.05,0.8333,2861,0.06,1.0,100,0.055,0.9166,104,0
IWM191129C162,2019-11-25,2019-11-25 09:39:36,0.06,1.0,232,0.05,0.8333,2861,0.06,1.0,100,0.055,0.9166,104,0
IWM191129C162,2019-11-25,2019-11-25 09:39:37,0.06,1.0,232,0.05,0.8333,2861,0.06,1.0,100,0.055,0.9166,104,0
IWM191129C162,2019-11-25,2019-11-25 09:39:38,0.06,1.0,232,0.05,0.8333,2861,0.06,1.0,100,0.055,0.9166,104,0
IWM191129C162,2019-11-25,2019-11-25 09:39:39,0.06,1.0,232,0.05,0.8333,2751,0.06,1.0,100,0.055,0.9166,104,0
IWM191129C162,2019-11-25,2019-11-25 09:39:40,0.06,1.0,110,0.05,0.8333,2751,0.06,1.0,100,0.055,0.9166,104,0
IWM191129C162,2019-11-25,2019-11-25 09:39:40,0.06,1.0,232,0.05,0.8333,2751,0.06,1.0,100,0.055,0.9166,104,0
IWM191129C162,2019-11-25,2019-11-25 09:39:41,0.06,1.0,110,0.05,0.8333,2684,0.06,1.0,100,0.055,0.9166,104,0
IWM191129C162,2019-11-25,2019-11-25 09:39:41,0.06,1.0,98,0.05,0.8333,2684,0.06,1.0,100,0.055,0.9166,104,0
IWM191129C162,2019-11-25,2019-11-25 09:39:42,0.07,1.1666,465,0.05,0.8333,2684,0.06,1.0,100,0.06,1.0,104,0
IWM191129C162,2019-11-25,2019-11-25 09:39:42,0.07,1.1666,834,0.05,0.8333,2684,0.06,1.0,100,0.06,1.0,104,0
IWM191129C162,2019-11-25,2019-11-25 09:39:43,0.07,1.1666,886,0.05,0.8333,2684,0.06,1.0,100,0.06,1.0,104,0
IWM191129C162,2019-11-25,2019-11-25 09:39:43,0.07,1.1666,943,0.05,0.8333,2684,0.06,1.0,100,0.06,1.0,104,0
IWM191129C162,2019-11-25,2019-11-25 09:39:44,0.07,1.1666,971,0.05,0.8333,1391,0.06,1.0,100,0.06,1.0,104,0
IWM191129C162,2019-11-25,2019-11-25 09:39:44,0.07,1.1666,940,0.05,0.8333,2684,0.06,1.0,100,0.06,1.0,104,0
IWM191129C162,2019-11-25,2019-11-25 09:39:45,0.07,1.1666,1165,0.05,0.8333,1691,0.06,1.0,100,0.06,1.0,104,0
IWM191129C162,2019-11-25,2019-11-25 09:39:46,0.07,1.1666,664,0.05,0.8333,1175,0.06,1.0,100,0.06,1.0,104,0
IWM191129C162,2019-11-25,2019-11-25 09:39:46,0.07,1.1666,1165,0.05,0.8333,1691,0.06,1.0,100,0.06,1.0,104,0
IWM191129C162,2019-11-25,2019-11-25 09:39:47,0.07,1.1666,978,0.06,1.0,10,0.06,1.0,100,0.065,1.0833,104,0
IWM191129C162,2019-11-25,2019-11-25 09:39:47,0.07,1.1666,979,0.05,0.8333,949,0.06,1.0,100,0.06,1.0,104,0
IWM191129C162,2019-11-25,2019-11-25 09:39:48,0.07,1.1666,979,0.05,0.8333,939,0.06,1.0,100,0.06,1.0,104,0
IWM191129C162,2019-11-25,2019-11-25 09:39:49,0.07,1.1666,979,0.05,0.8333,1021,0.06,1.0,100,0.06,1.0,104,0
IWM191129C162,2019-11-25,2019-11-25 09:39:49,0.07,1.1666,979,0.05,0.8333,939,0.06,1.0,100,0.06,1.0,104,0
IWM191129C162,2019-11-25,2019-11-25 09:39:50,0.07,1.1666,947,0.06,1.0,86,0.06,1.0,100,0.065,1.0833,104,0
IWM191129C162,2019-11-25,2019-11-25 09:39:50,0.07,1.1666,1183,0.06,1.0,86,0.06,1.0,100,0.065,1.0833,104,0
IWM191129C162,2019-11-25,2019-11-25 09:39:51,0.07,1.1666,1188,0.06,1.0,436,0.06,1.0,100,0.065,1.0833,104,0
IWM191129C162,2019-11-25,2019-11-25 09:39:51,0.07,1.1666,1188,0.06,1.0,320,0.06,1.0,100,0.065,1.0833,104,0
IWM191129C162,2019-11-25,2019-11-25 09:39:52,0.07,1.1666,1188,0.06,1.0,681,0.06,1.0,100,0.065,1.0833,104,0
IWM191129C162,2019-11-25,2019-11-25 09:39:53,0.07,1.1666,1194,0.06,1.0,465,0.06,1.0,100,0.065,1.0833,104,0
IWM191129C162,2019-11-25,2019-11-25 09:39:53,0.07,1.1666,1188,0.06,1.0,681,0.06,1.0,100,0.065,1.0833,104,0
IWM191129C162,2019-11-25,2019-11-25 09:39:54,0.07,1.1666,1194,0.06,1.0,465,0.06,1.0,100,0.065,1.0833,104,0
IWM191129C162,2019-11-25,2019-11-25 09:39:54,0.07,1.1666,1194,0.06,1.0,230,0.06,1.0,100,0.065,1.0833,104,0
IWM191129C162,2019-11-25,2019-11-25 09:39:55,0.07,1.1666,1194,0.06,1.0,230,0.06,1.0,100,0.065,1.0833,104,0
IWM191129C162,2019-11-25,2019-11-25 09:39:56,0.07,1.1666,1194,0.06,1.0,230,0.06,1.0,100,0.065,1.0833,104,0
IWM191129C162,2019-11-25,2019-11-25 09:39:57,0.07,1.1666,1194,0.06,1.0,165,0.06,1.0,100,0.065,1.0833,104,0
IWM191129C162,2019-11-25,2019-11-25 09:39:57,0.07,1.1666,1194,0.06,1.0,230,0.06,1.0,100,0.065,1.0833,104,0
IWM191129C162,2019-11-25,2019-11-25 09:39:58,0.07,1.1666,1194,0.06,1.0,165,0.06,1.0,100,0.065,1.0833,104,0
IWM191129C162,2019-11-25,2019-11-25 09:39:58,0.07,1.1666,1194,0.06,1.0,132,0.06,1.0,100,0.065,1.0833,104,0
IWM191129C162,2019-11-25,2019-11-25 09:39:59,0.07,1.1666,947,0.06,1.0,132,0.06,1.0,100,0.065,1.0833,104,0
IWM191129C162,2019-11-25,2019-11-25 09:39:59,0.07,1.1666,1194,0.06,1.0,132,0.06,1.0,100,0.065,1.0833,104,0
IWM191129C162,2019-11-25,2019-11-25 09:40:00,0.07,1.1666,1182,0.06,1.0,560,0.06,1.0,100,0.065,1.0833,104,0
IWM191129C162,2019-11-25,2019-11-25 09:40:00,0.07,1.1666,1188,0.06,1.0,391,0.06,1.0,100,0.065,1.0833,104,0
IWM191129C162,2019-11-25,2019-11-25 09:40:01,0.07,1.1666,1306,0.06,1.0,1083,0.06,1.0,100,0.065,1.0833,104,0
IWM191129C162,2019-11-25,2019-11-25 09:40:01,0.07,1.1666,729,0.06,1.0,347,0.06,1.0,100,0.065,1.0833,104,0
IWM191129C162,2019-11-25,2019-11-25 09:40:02,0.07,1.1666,1306,0.06,1.0,954,0.06,1.0,100,0.065,1.0833,104,0
IWM191129C162,2019-11-25,2019-11-25 09:40:03,0.07,1.1666,1306,0.06,1.0,954,0.06,1.0,100,0.065,1.0833,104,0
IWM191129C162,2019-11-25,2019-11-25 09:40:04,0.07,1.1666,1306,0.06,1.0,954,0.06,1.0,100,0.065,1.0833,104,0
IWM191129C162,2019-11-25,2019-11-25 09:40:05,0.07,1.1666,1306,0.06,1.0,1135,0.06,1.0,100,0.065,1.0833,104,0
IWM191129C162,2019-11-25,2019-11-25 09:40:06,0.07,1.1666,810,0.06,1.0,507,0.06,1.0,100,0.065,1.0833,104,0
IWM191129C162,2019-11-25,2019-11-25 09:40:06,0.07,1.1666,810,0.06,1.0,487,0.06,1.0,100,0.065,1.0833,104,0
IWM191129C162,2019-11-25,2019-11-25 09:40:07,0.07,1.1666,1321,0.06,1.0,921,0.06,1.0,100,0.065,1.0833,104,0
IWM191129C162,2019-11-25,2019-11-25 09:40:07,0.07,1.1666,1321,0.06,1.0,1100,0.06,1.0,100,0.065,1.0833,104,0
IWM191129C162,2019-11-25,2019-11-25 09:40:08,0.07,1.1666,810,0.06,1.0,507,0.06,1.0,100,0.065,1.0833,104,0
IWM191129C162,2019-11-25,2019-11-25 09:40:08,0.07,1.1666,1321,0.06,1.0,1100,0.06,1.0,100,0.065,1.0833,104,0
IWM191129C162,2019-11-25,2019-11-25 09:40:09,0.07,1.1666,1323,0.06,1.0,1200,0.06,1.0,100,0.065,1.0833,104,0
IWM191129C162,2019-11-25,2019-11-25 09:40:09,0.07,1.1666,1323,0.06,1.0,1100,0.06,1.0,100,0.065,1.0833,104,0
IWM191129C162,2019-11-25,2019-11-25 09:40:10,0.07,1.1666,1323,0.06,1.0,1200,0.06,1.0,100,0.065,1.0833,104,0
IWM191129C162,2019-11-25,2019-11-25 09:40:11,0.07,1.1666,750,0.06,1.0,869,0.06,1.0,100,0.065,1.0833,104,0
IWM191129C162,2019-11-25,2019-11-25 09:40:12,0.07,1.1666,750,0.06,1.0,1480,0.06,1.0,100,0.065,1.0833,104,0
IWM191129C162,2019-11-25,2019-11-25 09:40:13,0.07,1.1666,750,0.06,1.0,1109,0.06,1.0,100,0.065,1.0833,104,0
IWM191129C162,2019-11-25,2019-11-25 09:40:13,0.07,1.1666,750,0.06,1.0,1480,0.06,1.0,100,0.065,1.0833,104,0
IWM191129C162,2019-11-25,2019-11-25 09:40:14,0.07,1.1666,639,0.06,1.0,1457,0.06,1.0,100,0.065,1.0833,104,0
IWM191129C162,2019-11-25,2019-11-25 09:40:15,0.07,1.1666,299,0.06,1.0,1025,0.06,1.0,100,0.065,1.0833,104,0
IWM191129C162,2019-11-25,2019-11-25 09:40:15,0.07,1.1666,302,0.06,1.0,1025,0.06,1.0,100,0.065,1.0833,104,0
IWM191129C162,2019-11-25,2019-11-25 09:40:16,0.07,1.1666,119,0.06,1.0,1011,0.06,1.0,100,0.065,1.0833,104,0
IWM191129C162,2019-11-25,2019-11-25 09:40:17,0.07,1.1666,32,0.06,1.0,1011,0.06,1.0,100,0.065,1.0833,104,0
IWM191129C162,2019-11-25,2019-11-25 09:40:17,0.07,1.1666,119,0.06,1.0,1011,0.06,1.0,100,0.065,1.0833,104,0
IWM191129C162,2019-11-25,2019-11-25 09:40:18,0.07,1.1666,32,0.06,1.0,1005,0.06,1.0,100,0.065,1.0833,104,0
IWM191129C162,2019-11-25,2019-11-25 09:40:18,0.07,1.1666,372,0.06,1.0,1619,0.06,1.0,100,0.065,1.0833,104,0
IWM191129C162,2019-11-25,2019-11-25 09:40:19,0.07,1.1666,75,0.06,1.0,959,0.06,1.0,100,0.065,1.0833,104,0
IWM191129C162,2019-11-25,2019-11-25 09:40:19,0.07,1.1666,77,0.06,1.0,1619,0.06,1.0,100,0.065,1.0833,104,0
IWM191129C162,2019-11-25,2019-11-25 09:40:20,0.08,1.3333,889,0.06,1.0,1640,0.06,1.0,100,0.07,1.1666,104,0
IWM191129C162,2019-11-25,2019-11-25 09:40:21,0.08,1.3333,1330,0.07,1.1666,92,0.06,1.0,100,0.075,1.25,104,0
IWM191129C162,2019-11-25,2019-11-25 09:40:21,0.08,1.3333,1338,0.06,1.0,1049,0.06,1.0,100,0.07,1.1666,104,0
IWM191129C162,2019-11-25,2019-11-25 09:40:22,0.08,1.3333,1448,0.07,1.1666,92,0.06,1.0,100,0.075,1.25,104,0
IWM191129C162,2019-11-25,2019-11-25 09:40:22,0.08,1.3333,1330,0.07,1.1666,92,0.06,1.0,100,0.075,1.25,104,0
IWM191129C162,2019-11-25,2019-11-25 09:40:23,0.08,1.3333,1448,0.07,1.1666,86,0.06,1.0,100,0.075,1.25,104,0
IWM191129C162,2019-11-25,2019-11-25 09:40:24,0.08,1.3333,1448,0.07,1.1666,86,0.06,1.0,100,0.075,1.25,104,0
IWM191129C162,2019-11-25,2019-11-25 09:40:25,0.08,1.3333,1448,0.07,1.1666,86,0.06,1.0,100,0.075,1.25,104,0
IWM191129C162,2019-11-25,2019-11-25 09:40:26,0.08,1.3333,1184,0.06,1.0,996,0.06,1.0,100,0.07,1.1666,104,0
IWM191129C162,2019-11-25,2019-11-25 09:40:26,0.08,1.3333,1184,0.06,1.0,1000,0.06,1.0,100,0.07,1.1666,104,0
IWM191129C162,2019-11-25,2019-11-25 09:40:27,0.08,1.3333,1540,0.06,1.0,1817,0.06,1.0,100,0.07,1.1666,104,0
IWM191129C162,2019-11-25,2019-11-25 09:40:28,0.08,1.3333,1540,0.06,1.0,1817,0.06,1.0,100,0.07,1.1666,104,0
IWM191129C162,2019-11-25,2019-11-25 09:40:29,0.08,1.3333,1540,0.06,1.0,1817,0.06,1.0,100,0.07,1.1666,104,0
IWM191129C162,2019-11-25,2019-11-25 09:40:30,0.08,1.3333,1407,0.06,1.0,1741,0.06,1.0,100,0.07,1.1666,104,0
IWM191129C162,2019-11-25,2019-11-25 09:40:30,0.08,1.3333,1540,0.06,1.0,1817,0.06,1.0,100,0.07,1.1666,104,0
IWM191129C162,2019-11-25,2019-11-25 09:40:31,0.08,1.3333,1407,0.06,1.0,1741,0.06,1.0,100,0.07,1.1666,104,0
IWM191129C162,2019-11-25,2019-11-25 09:40:31,0.08,1.3333,1407,0.06,1.0,1794,0.06,1.0,100,0.07,1.1666,104,0
IWM191129C162,2019-11-25,2019-11-25 09:40:32,0.08,1.3333,1407,0.06,1.0,1656,0.06,1.0,100,0.07,1.1666,104,0
IWM191129C162,2019-11-25,2019-11-25 09:40:32,0.08,1.3333,1407,0.06,1.0,1794,0.06,1.0,100,0.07,1.1666,104,0
IWM191129C162,2019-11-25,2019-11-25 09:40:33,0.08,1.3333,1407,0.06,1.0,1656,0.06,1.0,100,0.07,1.1666,104,0
IWM191129C162,2019-11-25,2019-11-25 09:40:34,0.08,1.3333,1407,0.06,1.0,1806,0.06,1.0,100,0.07,1.1666,104,0
IWM191129C162,2019-11-25,2019-11-25 09:40:34,0.08,1.3333,1407,0.06,1.0,1656,0.06,1.0,100,0.07,1.1666,104,0
IWM191129C162,2019-11-25,2019-11-25 09:40:35,0.08,1.3333,1407,0.06,1.0,1806,0.06,1.0,100,0.07,1.1666,104,0
IWM191129C162,2019-11-25,2019-11-25 09:40:36,0.08,1.3333,1407,0.06,1.0,1806,0.06,1.0,100,0.07,1.1666,104,0
IWM191129C162,2019-11-25,2019-11-25 09:40:37,0.08,1.3333,1407,0.06,1.0,1656,0.06,1.0,100,0.07,1.1666,104,0
IWM191129C162,2019-11-25,2019-11-25 09:40:37,0.08,1.3333,1407,0.06,1.0,1806,0.06,1.0,100,0.07,1.1666,104,0
IWM191129C162,2019-11-25,2019-11-25 09:40:38,0.08,1.3333,1407,0.06,1.0,1656,0.06,1.0,100,0.07,1.1666,104,0
IWM191129C162,2019-11-25,2019-11-25 09:40:39,0.07,1.1666,114,0.06,1.0,1656,0.06,1.0,100,0.065,1.0833,104,0
IWM191129C162,2019-11-25,2019-11-25 09:40:39,0.07,1.1666,464,0.06,1.0,1656,0.06,1.0,100,0.065,1.0833,104,0
IWM191129C162,2019-11-25,2019-11-25 09:40:40,0.07,1.1666,562,0.06,1.0,1656,0.06,1.0,100,0.065,1.0833,104,0
IWM191129C162,2019-11-25,2019-11-25 09:40:41,0.07,1.1666,562,0.06,1.0,1656,0.06,1.0,100,0.065,1.0833,104,0
IWM191129C162,2019-11-25,2019-11-25 09:40:42,0.07,1.1666,650,0.06,1.0,438,0.06,1.0,100,0.065,1.0833,104,0
IWM191129C162,2019-11-25,2019-11-25 09:40:42,0.07,1.1666,562,0.06,1.0,1656,0.06,1.0,100,0.065,1.0833,104,0
IWM191129C162,2019-11-25,2019-11-25 09:40:43,0.08,1.3333,1467,0.06,1.0,1431,0.06,1.0,100,0.07,1.1666,104,0
IWM191129C162,2019-11-25,2019-11-25 09:40:44,0.08,1.3333,1467,0.07,1.1666,84,0.06,1.0,100,0.075,1.25,104,0
IWM191129C162,2019-11-25,2019-11-25 09:40:44,0.08,1.3333,1467,0.06,1.0,1431,0.06,1.0,100,0.07,1.1666,104,0
IWM191129C162,2019-11-25,2019-11-25 09:40:45,0.08,1.3333,1594,0.07,1.1666,78,0.06,1.0,100,0.075,1.25,104,0
IWM191129C162,2019-11-25,2019-11-25 09:40:45,0.08,1.3333,1369,0.07,1.1666,78,0.06,1.0,100,0.075,1.25,104,0
IWM191129C162,2019-11-25,2019-11-25 09:40:46,0.08,1.3333,1594,0.07,1.1666,78,0.06,1.0,100,0.075,1.25,104,0
IWM191129C162,2019-11-25,2019-11-25 09:40:47,0.08,1.3333,1594,0.07,1.1666,103,0.06,1.0,100,0.075,1.25,104,0
IWM191129C162,2019-11-25,2019-11-25 09:40:47,0.08,1.3333,1394,0.07,1.1666,103,0.06,1.0,100,0.075,1.25,104,0
IWM191129C162,2019-11-25,2019-11-25 09:40:48,0.08,1.3333,1394,0.07,1.1666,103,0.06,1.0,100,0.075,1.25,104,0
IWM191129C162,2019-11-25,2019-11-25 09:40:49,0.08,1.3333,1394,0.07,1.1666,103,0.06,1.0,100,0.075,1.25,104,0
IWM191129C162,2019-11-25,2019-11-25 09:40:50,0.08,1.3333,1394,0.07,1.1666,84,0.06,1.0,100,0.075,1.25,104,0
IWM191129C162,2019-11-25,2019-11-25 09:40:50,0.08,1.3333,1394,0.07,1.1666,78,0.06,1.0,100,0.075,1.25,104,0
IWM191129C162,2019-11-25,2019-11-25 09:40:51,0.08,1.3333,1394,0.07,1.1666,78,0.06,1.0,100,0.075,1.25,104,0
IWM191129C162,2019-11-25,2019-11-25 09:40:51,0.08,1.3333,1394,0.07,1.1666,97,0.06,1.0,100,0.075,1.25,104,0
IWM191129C162,2019-11-25,2019-11-25 09:40:52,0.08,1.3333,1394,0.07,1.1666,103,0.06,1.0,100,0.075,1.25,104,0
IWM191129C162,2019-11-25,2019-11-25 09:40:52,0.08,1.3333,1394,0.07,1.1666,97,0.06,1.0,100,0.075,1.25,104,0
IWM191129C162,2019-11-25,2019-11-25 09:40:53,0.08,1.3333,1394,0.07,1.1666,103,0.06,1.0,100,0.075,1.25,104,0
IWM191129C162,2019-11-25,2019-11-25 09:40:53,0.08,1.3333,1394,0.07,1.1666,84,0.06,1.0,100,0.075,1.25,104,0
IWM191129C162,2019-11-25,2019-11-25 09:40:54,0.08,1.3333,1394,0.07,1.1666,84,0.06,1.0,100,0.075,1.25,104,0
IWM191129C162,2019-11-25,2019-11-25 09:40:55,0.08,1.3333,1394,0.07,1.1666,103,0.07,1.1666,2,0.075,1.25,106,2
IWM191129C162,2019-11-25,2019-11-25 09:40:55,0.08,1.3333,1394,0.07,1.1666,103,0.07,1.1666,2,0.075,1.25,106,0
IWM191129C162,2019-11-25,2019-11-25 09:40:56,0.08,1.3333,1394,0.07,1.1666,103,0.07,1.1666,2,0.075,1.25,106,0
IWM191129C162,2019-11-25,2019-11-25 09:40:57,0.08,1.3333,1394,0.07,1.1666,99,0.07,1.1666,2,0.075,1.25,106,0
IWM191129C162,2019-11-25,2019-11-25 09:40:58,0.08,1.3333,1394,0.07,1.1666,84,0.07,1.1666,2,0.075,1.25,106,0
IWM191129C162,2019-11-25,2019-11-25 09:40:59,0.08,1.3333,1394,0.07,1.1666,84,0.07,1.1666,2,0.075,1.25,106,0
IWM191129C162,2019-11-25,2019-11-25 09:40:59,0.08,1.3333,1394,0.07,1.1666,103,0.07,1.1666,2,0.075,1.25,106,0
IWM191129C162,2019-11-25,2019-11-25 09:41:00,0.08,1.3333,1394,0.07,1.1666,326,0.07,1.1666,2,0.075,1.25,106,0
IWM191129C162,2019-11-25,2019-11-25 09:41:00,0.08,1.3333,1394,0.07,1.1666,127,0.07,1.1666,2,0.075,1.25,106,0
IWM191129C162,2019-11-25,2019-11-25 09:41:01,0.08,1.3333,1524,0.07,1.1666,443,0.07,1.1666,2,0.075,1.25,106,0
IWM191129C162,2019-11-25,2019-11-25 09:41:02,0.08,1.3333,1524,0.07,1.1666,443,0.07,1.1666,2,0.075,1.25,106,0
