symbol,Date,quote_time,ask_price,norm_ask_price,ask_size,bid_price,norm_bid_price,bid_size,last_trade_price,norm_last_trade_price,last_trade_size,mark_price,norm_mark_price,volume,Volume
SPY190830C297,2019-08-29,2019-08-29 09:30:01,0.05,1.0,1188,0.02,0.4,1185,0.07,1.4,3,0.035,0.7,3,3
SPY190830C297,2019-08-29,2019-08-29 09:30:02,0.04,0.8,306,0.03,0.6,306,0.07,1.4,3,0.035,0.7,3,0
SPY190830C297,2019-08-29,2019-08-29 09:30:02,0.05,1.0,1188,0.02,0.4,1185,0.07,1.4,3,0.035,0.7,3,0
SPY190830C297,2019-08-29,2019-08-29 09:30:03,0.04,0.8,1300,0.03,0.6,600,0.07,1.4,3,0.035,0.7,3,0
SPY190830C297,2019-08-29,2019-08-29 09:30:04,0.04,0.8,1200,0.03,0.6,600,0.03,0.6,70,0.035,0.7,73,70
SPY190830C297,2019-08-29,2019-08-29 09:30:04,0.04,0.8,1200,0.03,0.6,600,0.07,1.4,3,0.035,0.7,3,0
SPY190830C297,2019-08-29,2019-08-29 09:30:05,0.04,0.8,1200,0.03,0.6,600,0.03,0.6,70,0.035,0.7,73,0
SPY190830C297,2019-08-29,2019-08-29 09:30:05,0.04,0.8,1500,0.03,0.6,600,0.03,0.6,70,0.035,0.7,73,0
SPY190830C297,2019-08-29,2019-08-29 09:30:06,0.04,0.8,1500,0.03,0.6,600,0.03,0.6,70,0.035,0.7,73,0
SPY190830C297,2019-08-29,2019-08-29 09:30:07,0.04,0.8,1500,0.03,0.6,600,0.03,0.6,70,0.035,0.7,73,0
SPY190830C297,2019-08-29,2019-08-29 09:30:08,0.04,0.8,1500,0.03,0.6,600,0.03,0.6,70,0.035,0.7,73,0
SPY190830C297,2019-08-29,2019-08-29 09:30:09,0.04,0.8,1500,0.03,0.6,600,0.03,0.6,70,0.035,0.7,73,0
SPY190830C297,2019-08-29,2019-08-29 09:30:10,0.04,0.8,1500,0.03,0.6,600,0.03,0.6,70,0.035,0.7,73,0
SPY190830C297,2019-08-29,2019-08-29 09:30:11,0.04,0.8,1200,0.03,0.6,600,0.03,0.6,70,0.035,0.7,73,0
SPY190830C297,2019-08-29,2019-08-29 09:30:11,0.04,0.8,1500,0.03,0.6,600,0.03,0.6,70,0.035,0.7,73,0
SPY190830C297,2019-08-29,2019-08-29 09:30:12,0.04,0.8,1200,0.03,0.6,600,0.03,0.6,70,0.035,0.7,73,0
SPY190830C297,2019-08-29,2019-08-29 09:30:13,0.04,0.8,1200,0.03,0.6,600,0.03,0.6,70,0.035,0.7,73,0
SPY190830C297,2019-08-29,2019-08-29 09:30:14,0.04,0.8,1200,0.03,0.6,600,0.03,0.6,70,0.035,0.7,73,0
SPY190830C297,2019-08-29,2019-08-29 09:30:15,0.04,0.8,1200,0.03,0.6,1029,0.03,0.6,70,0.035,0.7,73,0
SPY190830C297,2019-08-29,2019-08-29 09:30:15,0.04,0.8,1200,0.03,0.6,600,0.03,0.6,70,0.035,0.7,73,0
SPY190830C297,2019-08-29,2019-08-29 09:30:16,0.04,0.8,1200,0.03,0.6,1029,0.04,0.8,1,0.035,0.7,74,1
SPY190830C297,2019-08-29,2019-08-29 09:30:16,0.04,0.8,1200,0.03,0.6,1029,0.04,0.8,1,0.035,0.7,74,0
SPY190830C297,2019-08-29,2019-08-29 09:30:17,0.04,0.8,1505,0.03,0.6,1029,0.04,0.8,100,0.035,0.7,174,0
SPY190830C297,2019-08-29,2019-08-29 09:30:17,0.04,0.8,1200,0.03,0.6,1029,0.04,0.8,100,0.035,0.7,174,100
SPY190830C297,2019-08-29,2019-08-29 09:30:18,0.04,0.8,1505,0.03,0.6,1029,0.04,0.8,100,0.035,0.7,174,0
SPY190830C297,2019-08-29,2019-08-29 09:30:19,0.04,0.8,1505,0.03,0.6,1029,0.04,0.8,100,0.035,0.7,174,0
SPY190830C297,2019-08-29,2019-08-29 09:30:20,0.04,0.8,1505,0.03,0.6,1029,0.03,0.6,1,0.035,0.7,175,1
SPY190830C297,2019-08-29,2019-08-29 09:30:20,0.04,0.8,1505,0.03,0.6,1029,0.04,0.8,100,0.035,0.7,174,0
SPY190830C297,2019-08-29,2019-08-29 09:30:21,0.04,0.8,1505,0.03,0.6,1029,0.03,0.6,1,0.035,0.7,175,0
SPY190830C297,2019-08-29,2019-08-29 09:30:21,0.04,0.8,2624,0.03,0.6,2741,0.03,0.6,1,0.035,0.7,175,0
SPY190830C297,2019-08-29,2019-08-29 09:30:22,0.04,0.8,2624,0.03,0.6,2741,0.03,0.6,1,0.035,0.7,175,0
SPY190830C297,2019-08-29,2019-08-29 09:30:22,0.04,0.8,1658,0.03,0.6,1413,0.03,0.6,1,0.035,0.7,175,0
SPY190830C297,2019-08-29,2019-08-29 09:30:23,0.04,0.8,1658,0.03,0.6,1413,0.03,0.6,1,0.035,0.7,175,0
SPY190830C297,2019-08-29,2019-08-29 09:30:24,0.04,0.8,1658,0.03,0.6,1413,0.03,0.6,1,0.035,0.7,175,0
SPY190830C297,2019-08-29,2019-08-29 09:30:25,0.04,0.8,1658,0.03,0.6,1413,0.03,0.6,1,0.035,0.7,175,0
SPY190830C297,2019-08-29,2019-08-29 09:30:26,0.04,0.8,1658,0.03,0.6,1413,0.03,0.6,1,0.035,0.7,175,0
SPY190830C297,2019-08-29,2019-08-29 09:30:27,0.04,0.8,1658,0.03,0.6,1413,0.03,0.6,1,0.035,0.7,175,0
SPY190830C297,2019-08-29,2019-08-29 09:30:27,0.04,0.8,1658,0.03,0.6,1574,0.03,0.6,1,0.035,0.7,175,0
SPY190830C297,2019-08-29,2019-08-29 09:30:28,0.04,0.8,1658,0.03,0.6,1574,0.03,0.6,1,0.035,0.7,175,0
SPY190830C297,2019-08-29,2019-08-29 09:30:29,0.04,0.8,1658,0.03,0.6,1574,0.03,0.6,1,0.035,0.7,175,0
SPY190830C297,2019-08-29,2019-08-29 09:30:29,0.04,0.8,1658,0.03,0.6,1781,0.03,0.6,1,0.035,0.7,175,0
SPY190830C297,2019-08-29,2019-08-29 09:30:30,0.04,0.8,1655,0.03,0.6,1055,0.03,0.6,1,0.035,0.7,175,0
SPY190830C297,2019-08-29,2019-08-29 09:30:30,0.04,0.8,1655,0.03,0.6,962,0.03,0.6,1,0.035,0.7,175,0
SPY190830C297,2019-08-29,2019-08-29 09:30:31,0.04,0.8,2094,0.03,0.6,1501,0.03,0.6,1,0.035,0.7,175,0
SPY190830C297,2019-08-29,2019-08-29 09:30:32,0.04,0.8,2094,0.03,0.6,2309,0.03,0.6,1,0.035,0.7,175,0
SPY190830C297,2019-08-29,2019-08-29 09:30:32,0.04,0.8,2849,0.03,0.6,5734,0.03,0.6,1,0.035,0.7,175,0
SPY190830C297,2019-08-29,2019-08-29 09:30:33,0.04,0.8,2849,0.03,0.6,4166,0.03,0.6,1,0.035,0.7,175,0
SPY190830C297,2019-08-29,2019-08-29 09:30:34,0.04,0.8,2849,0.03,0.6,4166,0.03,0.6,1,0.035,0.7,175,0
SPY190830C297,2019-08-29,2019-08-29 09:30:35,0.04,0.8,2849,0.03,0.6,4166,0.03,0.6,1,0.035,0.7,175,0
SPY190830C297,2019-08-29,2019-08-29 09:30:36,0.04,0.8,2849,0.03,0.6,4166,0.03,0.6,1,0.035,0.7,175,0
SPY190830C297,2019-08-29,2019-08-29 09:30:37,0.04,0.8,2849,0.03,0.6,5827,0.03,0.6,1,0.035,0.7,175,0
SPY190830C297,2019-08-29,2019-08-29 09:30:38,0.04,0.8,2849,0.03,0.6,5827,0.03,0.6,1,0.035,0.7,175,0
SPY190830C297,2019-08-29,2019-08-29 09:30:39,0.04,0.8,2849,0.03,0.6,5827,0.03,0.6,1,0.035,0.7,175,0
SPY190830C297,2019-08-29,2019-08-29 09:30:39,0.04,0.8,3441,0.03,0.6,4670,0.03,0.6,1,0.035,0.7,175,0
SPY190830C297,2019-08-29,2019-08-29 09:30:40,0.04,0.8,1916,0.03,0.6,2615,0.03,0.6,1,0.035,0.7,175,0
SPY190830C297,2019-08-29,2019-08-29 09:30:40,0.04,0.8,2849,0.03,0.6,4711,0.03,0.6,1,0.035,0.7,175,0
SPY190830C297,2019-08-29,2019-08-29 09:30:41,0.04,0.8,4770,0.03,0.6,4764,0.03,0.6,1,0.035,0.7,175,0
SPY190830C297,2019-08-29,2019-08-29 09:30:41,0.04,0.8,3393,0.03,0.6,3536,0.03,0.6,1,0.035,0.7,175,0
SPY190830C297,2019-08-29,2019-08-29 09:30:42,0.04,0.8,3328,0.03,0.6,4664,0.03,0.6,1,0.035,0.7,175,0
SPY190830C297,2019-08-29,2019-08-29 09:30:42,0.04,0.8,3774,0.03,0.6,5090,0.03,0.6,1,0.035,0.7,175,0
SPY190830C297,2019-08-29,2019-08-29 09:30:43,0.04,0.8,3917,0.03,0.6,5095,0.03,0.6,1,0.035,0.7,175,0
SPY190830C297,2019-08-29,2019-08-29 09:30:44,0.04,0.8,2710,0.03,0.6,5095,0.03,0.6,1,0.035,0.7,175,0
SPY190830C297,2019-08-29,2019-08-29 09:30:44,0.04,0.8,3931,0.03,0.6,4642,0.03,0.6,1,0.035,0.7,175,0
SPY190830C297,2019-08-29,2019-08-29 09:30:45,0.04,0.8,3404,0.03,0.6,5057,0.03,0.6,1,0.035,0.7,175,0
SPY190830C297,2019-08-29,2019-08-29 09:30:45,0.04,0.8,3342,0.03,0.6,4211,0.03,0.6,1,0.035,0.7,175,0
SPY190830C297,2019-08-29,2019-08-29 09:30:46,0.04,0.8,3404,0.03,0.6,5057,0.03,0.6,1,0.035,0.7,175,0
SPY190830C297,2019-08-29,2019-08-29 09:30:46,0.04,0.8,3404,0.03,0.6,5807,0.03,0.6,1,0.035,0.7,175,0
SPY190830C297,2019-08-29,2019-08-29 09:30:47,0.04,0.8,3404,0.03,0.6,5807,0.03,0.6,1,0.035,0.7,175,0
SPY190830C297,2019-08-29,2019-08-29 09:30:48,0.04,0.8,3404,0.03,0.6,5807,0.03,0.6,1,0.035,0.7,175,0
SPY190830C297,2019-08-29,2019-08-29 09:30:48,0.04,0.8,3223,0.03,0.6,4389,0.03,0.6,1,0.035,0.7,175,0
SPY190830C297,2019-08-29,2019-08-29 09:30:49,0.04,0.8,1691,0.03,0.6,3958,0.03,0.6,1,0.035,0.7,175,0
SPY190830C297,2019-08-29,2019-08-29 09:30:50,0.04,0.8,3330,0.03,0.6,4389,0.03,0.6,1,0.035,0.7,175,0
SPY190830C297,2019-08-29,2019-08-29 09:30:50,0.04,0.8,2183,0.03,0.6,5879,0.03,0.6,1,0.035,0.7,175,0
SPY190830C297,2019-08-29,2019-08-29 09:30:51,0.04,0.8,3330,0.03,0.6,4389,0.03,0.6,1,0.035,0.7,175,0
SPY190830C297,2019-08-29,2019-08-29 09:30:53,0.04,0.8,3330,0.03,0.6,5948,0.03,0.6,1,0.035,0.7,175,0
SPY190830C297,2019-08-29,2019-08-29 09:30:54,0.04,0.8,3182,0.03,0.6,5948,0.04,0.8,2,0.035,0.7,177,2
SPY190830C297,2019-08-29,2019-08-29 09:30:54,0.04,0.8,2741,0.03,0.6,5517,0.03,0.6,1,0.035,0.7,175,0
SPY190830C297,2019-08-29,2019-08-29 09:30:55,0.04,0.8,2741,0.03,0.6,5517,0.04,0.8,2,0.035,0.7,177,0
SPY190830C297,2019-08-29,2019-08-29 09:30:56,0.04,0.8,3329,0.03,0.6,5949,0.04,0.8,2,0.035,0.7,177,0
SPY190830C297,2019-08-29,2019-08-29 09:30:57,0.04,0.8,3329,0.03,0.6,4390,0.04,0.8,2,0.035,0.7,177,0
SPY190830C297,2019-08-29,2019-08-29 09:30:58,0.04,0.8,3323,0.03,0.6,5841,0.04,0.8,2,0.035,0.7,177,0
SPY190830C297,2019-08-29,2019-08-29 09:30:58,0.04,0.8,3323,0.03,0.6,6324,0.04,0.8,2,0.035,0.7,177,0
SPY190830C297,2019-08-29,2019-08-29 09:30:59,0.04,0.8,3323,0.03,0.6,6324,0.04,0.8,2,0.035,0.7,177,0
SPY190830C297,2019-08-29,2019-08-29 09:31:00,0.04,0.8,3323,0.03,0.6,6324,0.04,0.8,2,0.035,0.7,177,0
SPY190830C297,2019-08-29,2019-08-29 09:31:00,0.04,0.8,2735,0.03,0.6,5892,0.04,0.8,2,0.035,0.7,177,0
SPY190830C297,2019-08-29,2019-08-29 09:31:01,0.04,0.8,2566,0.03,0.6,3958,0.04,0.8,2,0.035,0.7,177,0
SPY190830C297,2019-08-29,2019-08-29 09:31:01,0.04,0.8,2182,0.03,0.6,3890,0.04,0.8,2,0.035,0.7,177,0
SPY190830C297,2019-08-29,2019-08-29 09:31:02,0.04,0.8,2182,0.03,0.6,3890,0.04,0.8,2,0.035,0.7,177,0
SPY190830C297,2019-08-29,2019-08-29 09:31:02,0.04,0.8,3295,0.03,0.6,4390,0.04,0.8,2,0.035,0.7,177,0
SPY190830C297,2019-08-29,2019-08-29 09:31:03,0.04,0.8,2182,0.03,0.6,2776,0.04,0.8,2,0.035,0.7,177,0
SPY190830C297,2019-08-29,2019-08-29 09:31:03,0.04,0.8,3295,0.03,0.6,4390,0.04,0.8,2,0.035,0.7,177,0
SPY190830C297,2019-08-29,2019-08-29 09:31:04,0.04,0.8,3295,0.03,0.6,4390,0.04,0.8,2,0.035,0.7,177,0
SPY190830C297,2019-08-29,2019-08-29 09:31:04,0.04,0.8,3321,0.03,0.6,4410,0.04,0.8,2,0.035,0.7,177,0
SPY190830C297,2019-08-29,2019-08-29 09:31:05,0.04,0.8,3169,0.03,0.6,3797,0.04,0.8,2,0.035,0.7,177,0
SPY190830C297,2019-08-29,2019-08-29 09:31:05,0.04,0.8,3321,0.03,0.6,3910,0.04,0.8,2,0.035,0.7,177,0
SPY190830C297,2019-08-29,2019-08-29 09:31:06,0.04,0.8,3169,0.03,0.6,6465,0.04,0.8,2,0.035,0.7,177,0
SPY190830C297,2019-08-29,2019-08-29 09:31:07,0.04,0.8,3057,0.03,0.6,6465,0.04,0.8,2,0.035,0.7,177,0
SPY190830C297,2019-08-29,2019-08-29 09:31:07,0.04,0.8,2601,0.03,0.6,6126,0.04,0.8,2,0.035,0.7,177,0
SPY190830C297,2019-08-29,2019-08-29 09:31:08,0.04,0.8,3064,0.03,0.6,5174,0.04,0.8,2,0.035,0.7,177,0
SPY190830C297,2019-08-29,2019-08-29 09:31:08,0.04,0.8,3064,0.03,0.6,4060,0.04,0.8,2,0.035,0.7,177,0
SPY190830C297,2019-08-29,2019-08-29 09:31:09,0.04,0.8,3064,0.03,0.6,5174,0.04,0.8,2,0.035,0.7,177,0
SPY190830C297,2019-08-29,2019-08-29 09:31:09,0.04,0.8,3064,0.03,0.6,6144,0.04,0.8,2,0.035,0.7,177,0
SPY190830C297,2019-08-29,2019-08-29 09:31:10,0.04,0.8,2971,0.03,0.6,6644,0.04,0.8,2,0.035,0.7,177,0
SPY190830C297,2019-08-29,2019-08-29 09:31:11,0.04,0.8,2824,0.03,0.6,6644,0.04,0.8,2,0.035,0.7,177,0
SPY190830C297,2019-08-29,2019-08-29 09:31:11,0.04,0.8,2971,0.03,0.6,6644,0.04,0.8,2,0.035,0.7,177,0
SPY190830C297,2019-08-29,2019-08-29 09:31:12,0.04,0.8,2886,0.03,0.6,4106,0.04,0.8,2,0.035,0.7,177,0
SPY190830C297,2019-08-29,2019-08-29 09:31:13,0.04,0.8,2963,0.03,0.6,6200,0.04,0.8,2,0.035,0.7,177,0
SPY190830C297,2019-08-29,2019-08-29 09:31:13,0.04,0.8,1501,0.03,0.6,2957,0.04,0.8,2,0.035,0.7,177,0
SPY190830C297,2019-08-29,2019-08-29 09:31:14,0.04,0.8,3507,0.03,0.6,4417,0.04,0.8,2,0.035,0.7,177,0
SPY190830C297,2019-08-29,2019-08-29 09:31:15,0.04,0.8,3507,0.03,0.6,6734,0.04,0.8,2,0.035,0.7,177,0
SPY190830C297,2019-08-29,2019-08-29 09:31:16,0.04,0.8,3362,0.03,0.6,6734,0.04,0.8,2,0.035,0.7,177,0
SPY190830C297,2019-08-29,2019-08-29 09:31:16,0.04,0.8,3050,0.03,0.6,2857,0.04,0.8,2,0.035,0.7,177,0
SPY190830C297,2019-08-29,2019-08-29 09:31:17,0.04,0.8,2564,0.03,0.6,4420,0.04,0.8,2,0.035,0.7,177,0
SPY190830C297,2019-08-29,2019-08-29 09:31:17,0.04,0.8,3050,0.03,0.6,3958,0.04,0.8,2,0.035,0.7,177,0
SPY190830C297,2019-08-29,2019-08-29 09:31:18,0.04,0.8,2064,0.03,0.6,5094,0.04,0.8,2,0.035,0.7,177,0
SPY190830C297,2019-08-29,2019-08-29 09:31:18,0.04,0.8,2564,0.03,0.6,6708,0.04,0.8,2,0.035,0.7,177,0
SPY190830C297,2019-08-29,2019-08-29 09:31:19,0.04,0.8,2564,0.03,0.6,6708,0.04,0.8,2,0.035,0.7,177,0
SPY190830C297,2019-08-29,2019-08-29 09:31:19,0.04,0.8,2064,0.03,0.6,6208,0.04,0.8,2,0.035,0.7,177,0
SPY190830C297,2019-08-29,2019-08-29 09:31:20,0.04,0.8,2564,0.03,0.6,4420,0.04,0.8,2,0.035,0.7,177,0
SPY190830C297,2019-08-29,2019-08-29 09:31:21,0.04,0.8,2564,0.03,0.6,6680,0.04,0.8,2,0.035,0.7,177,0
SPY190830C297,2019-08-29,2019-08-29 09:31:22,0.04,0.8,2564,0.03,0.6,6564,0.04,0.8,2,0.035,0.7,177,0
SPY190830C297,2019-08-29,2019-08-29 09:31:22,0.04,0.8,2564,0.03,0.6,5450,0.04,0.8,2,0.035,0.7,177,0
SPY190830C297,2019-08-29,2019-08-29 09:31:23,0.04,0.8,2564,0.03,0.6,6564,0.04,0.8,2,0.035,0.7,177,0
SPY190830C297,2019-08-29,2019-08-29 09:31:23,0.04,0.8,2064,0.03,0.6,2690,0.04,0.8,2,0.035,0.7,177,0
SPY190830C297,2019-08-29,2019-08-29 09:31:24,0.04,0.8,3171,0.03,0.6,5252,0.04,0.8,2,0.035,0.7,177,0
SPY190830C297,2019-08-29,2019-08-29 09:31:24,0.04,0.8,2064,0.03,0.6,5252,0.04,0.8,2,0.035,0.7,177,0
SPY190830C297,2019-08-29,2019-08-29 09:31:25,0.04,0.8,3671,0.03,0.6,4304,0.04,0.8,2,0.035,0.7,177,0
SPY190830C297,2019-08-29,2019-08-29 09:31:26,0.04,0.8,3671,0.03,0.6,6440,0.03,0.6,5,0.035,0.7,182,0
SPY190830C297,2019-08-29,2019-08-29 09:31:26,0.04,0.8,3671,0.03,0.6,6440,0.03,0.6,5,0.035,0.7,182,5
SPY190830C297,2019-08-29,2019-08-29 09:31:27,0.04,0.8,3671,0.03,0.6,6440,0.03,0.6,5,0.035,0.7,182,0
SPY190830C297,2019-08-29,2019-08-29 09:31:28,0.04,0.8,3671,0.03,0.6,6440,0.03,0.6,5,0.035,0.7,182,0
SPY190830C297,2019-08-29,2019-08-29 09:31:29,0.04,0.8,2064,0.03,0.6,3804,0.03,0.6,5,0.035,0.7,182,0
SPY190830C297,2019-08-29,2019-08-29 09:31:30,0.04,0.8,3171,0.03,0.6,3804,0.03,0.6,5,0.035,0.7,182,0
SPY190830C297,2019-08-29,2019-08-29 09:31:31,0.04,0.8,3671,0.03,0.6,6621,0.03,0.6,5,0.035,0.7,182,0
SPY190830C297,2019-08-29,2019-08-29 09:31:32,0.04,0.8,2064,0.03,0.6,3804,0.03,0.6,5,0.035,0.7,182,0
SPY190830C297,2019-08-29,2019-08-29 09:31:32,0.04,0.8,3671,0.03,0.6,6621,0.03,0.6,5,0.035,0.7,182,0
SPY190830C297,2019-08-29,2019-08-29 09:31:33,0.04,0.8,3637,0.03,0.6,4304,0.03,0.6,5,0.035,0.7,182,0
SPY190830C297,2019-08-29,2019-08-29 09:31:34,0.04,0.8,3637,0.03,0.6,4304,0.03,0.6,5,0.035,0.7,182,0
SPY190830C297,2019-08-29,2019-08-29 09:31:35,0.04,0.8,3637,0.03,0.6,4304,0.03,0.6,5,0.035,0.7,182,0
SPY190830C297,2019-08-29,2019-08-29 09:31:36,0.04,0.8,3637,0.03,0.6,4304,0.03,0.6,5,0.035,0.7,182,0
SPY190830C297,2019-08-29,2019-08-29 09:31:37,0.04,0.8,3637,0.03,0.6,4304,0.03,0.6,5,0.035,0.7,182,0
SPY190830C297,2019-08-29,2019-08-29 09:31:38,0.04,0.8,3637,0.03,0.6,4304,0.03,0.6,5,0.035,0.7,182,0
SPY190830C297,2019-08-29,2019-08-29 09:31:39,0.04,0.8,3137,0.03,0.6,3804,0.03,0.6,5,0.035,0.7,182,0
SPY190830C297,2019-08-29,2019-08-29 09:31:39,0.04,0.8,3637,0.03,0.6,4304,0.03,0.6,5,0.035,0.7,182,0
SPY190830C297,2019-08-29,2019-08-29 09:31:40,0.04,0.8,3637,0.03,0.6,4304,0.03,0.6,5,0.035,0.7,182,0
SPY190830C297,2019-08-29,2019-08-29 09:31:40,0.04,0.8,3137,0.03,0.6,3804,0.03,0.6,5,0.035,0.7,182,0
SPY190830C297,2019-08-29,2019-08-29 09:31:41,0.04,0.8,3637,0.03,0.6,4304,0.03,0.6,5,0.035,0.7,182,0
SPY190830C297,2019-08-29,2019-08-29 09:31:42,0.04,0.8,3201,0.03,0.6,3868,0.03,0.6,5,0.035,0.7,182,0
SPY190830C297,2019-08-29,2019-08-29 09:31:42,0.04,0.8,3637,0.03,0.6,4304,0.03,0.6,5,0.035,0.7,182,0
SPY190830C297,2019-08-29,2019-08-29 09:31:43,0.04,0.8,3201,0.03,0.6,3868,0.03,0.6,5,0.035,0.7,182,0
SPY190830C297,2019-08-29,2019-08-29 09:31:44,0.04,0.8,3201,0.03,0.6,3868,0.03,0.6,5,0.035,0.7,182,0
SPY190830C297,2019-08-29,2019-08-29 09:31:45,0.04,0.8,2638,0.03,0.6,5602,0.03,0.6,5,0.035,0.7,182,0
SPY190830C297,2019-08-29,2019-08-29 09:31:45,0.04,0.8,3201,0.03,0.6,5948,0.03,0.6,5,0.035,0.7,182,0
SPY190830C297,2019-08-29,2019-08-29 09:31:46,0.04,0.8,3074,0.03,0.6,6038,0.03,0.6,5,0.035,0.7,182,0
SPY190830C297,2019-08-29,2019-08-29 09:31:46,0.04,0.8,2001,0.03,0.6,6038,0.03,0.6,5,0.035,0.7,182,0
SPY190830C297,2019-08-29,2019-08-29 09:31:47,0.04,0.8,326,0.03,0.6,3458,0.03,0.6,5,0.035,0.7,182,0
SPY190830C297,2019-08-29,2019-08-29 09:31:47,0.04,0.8,325,0.03,0.6,3988,0.03,0.6,5,0.035,0.7,182,0
SPY190830C297,2019-08-29,2019-08-29 09:31:48,0.04,0.8,512,0.03,0.6,6030,0.03,0.6,5,0.035,0.7,182,0
SPY190830C297,2019-08-29,2019-08-29 09:31:49,0.04,0.8,512,0.03,0.6,6030,0.03,0.6,5,0.035,0.7,182,0
SPY190830C297,2019-08-29,2019-08-29 09:31:50,0.04,0.8,540,0.03,0.6,6530,0.03,0.6,5,0.035,0.7,182,0
SPY190830C297,2019-08-29,2019-08-29 09:31:50,0.04,0.8,855,0.03,0.6,6030,0.03,0.6,5,0.035,0.7,182,0
SPY190830C297,2019-08-29,2019-08-29 09:31:51,0.04,0.8,198,0.03,0.6,6530,0.03,0.6,5,0.035,0.7,182,0
SPY190830C297,2019-08-29,2019-08-29 09:31:51,0.04,0.8,540,0.03,0.6,6530,0.03,0.6,5,0.035,0.7,182,0
SPY190830C297,2019-08-29,2019-08-29 09:31:52,0.04,0.8,198,0.03,0.6,4420,0.03,0.6,5,0.035,0.7,182,0
SPY190830C297,2019-08-29,2019-08-29 09:31:52,0.04,0.8,273,0.03,0.6,6530,0.03,0.6,5,0.035,0.7,182,0
SPY190830C297,2019-08-29,2019-08-29 09:31:53,0.04,0.8,270,0.03,0.6,4420,0.03,0.6,5,0.035,0.7,182,0
SPY190830C297,2019-08-29,2019-08-29 09:31:53,0.04,0.8,477,0.03,0.6,5834,0.03,0.6,5,0.035,0.7,182,0
SPY190830C297,2019-08-29,2019-08-29 09:31:54,0.04,0.8,270,0.03,0.6,4258,0.03,0.6,5,0.035,0.7,182,0
SPY190830C297,2019-08-29,2019-08-29 09:31:54,0.04,0.8,198,0.03,0.6,4258,0.03,0.6,5,0.035,0.7,182,0
SPY190830C297,2019-08-29,2019-08-29 09:31:55,0.04,0.8,198,0.03,0.6,6334,0.03,0.6,5,0.035,0.7,182,0
SPY190830C297,2019-08-29,2019-08-29 09:31:55,0.04,0.8,412,0.03,0.6,6334,0.03,0.6,5,0.035,0.7,182,0
SPY190830C297,2019-08-29,2019-08-29 09:31:56,0.04,0.8,270,0.03,0.6,6334,0.03,0.6,5,0.035,0.7,182,0
SPY190830C297,2019-08-29,2019-08-29 09:31:56,0.04,0.8,198,0.03,0.6,5872,0.03,0.6,5,0.035,0.7,182,0
SPY190830C297,2019-08-29,2019-08-29 09:31:57,0.04,0.8,258,0.03,0.6,3958,0.03,0.6,5,0.035,0.7,182,0
SPY190830C297,2019-08-29,2019-08-29 09:31:57,0.04,0.8,390,0.03,0.6,4420,0.03,0.6,5,0.035,0.7,182,0
SPY190830C297,2019-08-29,2019-08-29 09:31:58,0.04,0.8,329,0.03,0.6,4420,0.03,0.6,5,0.035,0.7,182,0
SPY190830C297,2019-08-29,2019-08-29 09:31:58,0.04,0.8,390,0.03,0.6,4420,0.03,0.6,5,0.035,0.7,182,0
SPY190830C297,2019-08-29,2019-08-29 09:31:59,0.04,0.8,270,0.03,0.6,6678,0.03,0.6,5,0.035,0.7,182,0
SPY190830C297,2019-08-29,2019-08-29 09:32:00,0.04,0.8,97,0.03,0.6,3958,0.03,0.6,5,0.035,0.7,182,0
SPY190830C297,2019-08-29,2019-08-29 09:32:00,0.04,0.8,97,0.03,0.6,2921,0.03,0.6,5,0.035,0.7,182,0
SPY190830C297,2019-08-29,2019-08-29 09:32:01,0.04,0.8,1,0.03,0.6,3304,0.03,0.6,5,0.035,0.7,182,0
SPY190830C297,2019-08-29,2019-08-29 09:32:01,0.04,0.8,1,0.03,0.6,6221,0.03,0.6,5,0.035,0.7,182,0
SPY190830C297,2019-08-29,2019-08-29 09:32:02,0.04,0.8,1,0.03,0.6,6221,0.03,0.6,5,0.035,0.7,182,0
SPY190830C297,2019-08-29,2019-08-29 09:32:02,0.04,0.8,1,0.03,0.6,6157,0.03,0.6,5,0.035,0.7,182,0
SPY190830C297,2019-08-29,2019-08-29 09:32:03,0.04,0.8,1,0.03,0.6,3980,0.03,0.6,5,0.035,0.7,182,0
SPY190830C297,2019-08-29,2019-08-29 09:32:03,0.04,0.8,1,0.03,0.6,4435,0.03,0.6,5,0.035,0.7,182,0
SPY190830C297,2019-08-29,2019-08-29 09:32:04,0.04,0.8,1,0.03,0.6,4125,0.04,0.8,100,0.035,0.7,282,100
SPY190830C297,2019-08-29,2019-08-29 09:32:04,0.04,0.8,1,0.03,0.6,4640,0.03,0.6,5,0.035,0.7,182,0
SPY190830C297,2019-08-29,2019-08-29 09:32:05,0.04,0.8,1,0.03,0.6,4481,0.04,0.8,100,0.035,0.7,282,0
SPY190830C297,2019-08-29,2019-08-29 09:32:05,0.04,0.8,1,0.03,0.6,4153,0.04,0.8,100,0.035,0.7,282,0
SPY190830C297,2019-08-29,2019-08-29 09:32:06,0.04,0.8,1,0.03,0.6,3325,0.04,0.8,100,0.035,0.7,282,0
SPY190830C297,2019-08-29,2019-08-29 09:32:06,0.04,0.8,1,0.03,0.6,2982,0.04,0.8,100,0.035,0.7,282,0
SPY190830C297,2019-08-29,2019-08-29 09:32:07,0.04,0.8,1,0.03,0.6,3325,0.04,0.8,100,0.035,0.7,282,0
SPY190830C297,2019-08-29,2019-08-29 09:32:08,0.04,0.8,1,0.03,0.6,3325,0.04,0.8,100,0.035,0.7,282,0
SPY190830C297,2019-08-29,2019-08-29 09:32:09,0.04,0.8,1,0.03,0.6,6829,0.04,0.8,100,0.035,0.7,282,0
SPY190830C297,2019-08-29,2019-08-29 09:32:09,0.04,0.8,1,0.03,0.6,6348,0.04,0.8,100,0.035,0.7,282,0
SPY190830C297,2019-08-29,2019-08-29 09:32:10,0.04,0.8,1,0.03,0.6,6348,0.04,0.8,100,0.035,0.7,282,0
SPY190830C297,2019-08-29,2019-08-29 09:32:10,0.04,0.8,1,0.03,0.6,5848,0.04,0.8,100,0.035,0.7,282,0
SPY190830C297,2019-08-29,2019-08-29 09:32:11,0.04,0.8,1,0.03,0.6,5848,0.04,0.8,100,0.035,0.7,282,0
SPY190830C297,2019-08-29,2019-08-29 09:32:11,0.04,0.8,1,0.03,0.6,6306,0.04,0.8,100,0.035,0.7,282,0
SPY190830C297,2019-08-29,2019-08-29 09:32:12,0.04,0.8,1,0.03,0.6,6306,0.04,0.8,100,0.035,0.7,282,0
SPY190830C297,2019-08-29,2019-08-29 09:32:12,0.04,0.8,1,0.03,0.6,5806,0.04,0.8,100,0.035,0.7,282,0
SPY190830C297,2019-08-29,2019-08-29 09:32:13,0.04,0.8,1,0.03,0.6,6306,0.04,0.8,100,0.035,0.7,282,0
SPY190830C297,2019-08-29,2019-08-29 09:32:14,0.04,0.8,1,0.03,0.6,6306,0.04,0.8,100,0.035,0.7,282,0
SPY190830C297,2019-08-29,2019-08-29 09:32:15,0.04,0.8,1,0.03,0.6,6306,0.04,0.8,100,0.035,0.7,282,0
SPY190830C297,2019-08-29,2019-08-29 09:32:16,0.04,0.8,1,0.03,0.6,6306,0.04,0.8,100,0.035,0.7,282,0
SPY190830C297,2019-08-29,2019-08-29 09:32:17,0.04,0.8,1,0.03,0.6,6306,0.04,0.8,100,0.035,0.7,282,0
SPY190830C297,2019-08-29,2019-08-29 09:32:18,0.04,0.8,1,0.03,0.6,5806,0.04,0.8,100,0.035,0.7,282,0
SPY190830C297,2019-08-29,2019-08-29 09:32:18,0.04,0.8,1,0.03,0.6,4444,0.04,0.8,100,0.035,0.7,282,0
SPY190830C297,2019-08-29,2019-08-29 09:32:19,0.04,0.8,1,0.03,0.6,3958,0.04,0.8,100,0.035,0.7,282,0
SPY190830C297,2019-08-29,2019-08-29 09:32:19,0.04,0.8,1,0.03,0.6,4444,0.04,0.8,100,0.035,0.7,282,0
SPY190830C297,2019-08-29,2019-08-29 09:32:20,0.04,0.8,288,0.03,0.6,4444,0.04,0.8,100,0.035,0.7,282,0
SPY190830C297,2019-08-29,2019-08-29 09:32:20,0.04,0.8,288,0.03,0.6,6736,0.04,0.8,100,0.035,0.7,282,0
SPY190830C297,2019-08-29,2019-08-29 09:32:21,0.04,0.8,198,0.03,0.6,6736,0.04,0.8,100,0.035,0.7,282,0
SPY190830C297,2019-08-29,2019-08-29 09:32:21,0.04,0.8,266,0.03,0.6,6736,0.04,0.8,100,0.035,0.7,282,0
SPY190830C297,2019-08-29,2019-08-29 09:32:22,0.04,0.8,266,0.03,0.6,6736,0.04,0.8,100,0.035,0.7,282,0
SPY190830C297,2019-08-29,2019-08-29 09:32:23,0.04,0.8,266,0.03,0.6,6736,0.04,0.8,100,0.035,0.7,282,0
SPY190830C297,2019-08-29,2019-08-29 09:32:23,0.04,0.8,266,0.03,0.6,6236,0.04,0.8,100,0.035,0.7,282,0
SPY190830C297,2019-08-29,2019-08-29 09:32:24,0.04,0.8,230,0.03,0.6,6736,0.04,0.8,100,0.035,0.7,282,0
SPY190830C297,2019-08-29,2019-08-29 09:32:24,0.04,0.8,282,0.03,0.6,6736,0.04,0.8,100,0.035,0.7,282,0
SPY190830C297,2019-08-29,2019-08-29 09:32:25,0.04,0.8,14,0.03,0.6,6736,0.04,0.8,100,0.035,0.7,282,0
SPY190830C297,2019-08-29,2019-08-29 09:32:25,0.04,0.8,282,0.03,0.6,6736,0.04,0.8,100,0.035,0.7,282,0
SPY190830C297,2019-08-29,2019-08-29 09:32:26,0.04,0.8,1,0.03,0.6,6736,0.04,0.8,100,0.035,0.7,282,0
SPY190830C297,2019-08-29,2019-08-29 09:32:27,0.04,0.8,1,0.03,0.6,6236,0.04,0.8,100,0.035,0.7,282,0
SPY190830C297,2019-08-29,2019-08-29 09:32:28,0.04,0.8,1,0.03,0.6,6236,0.04,0.8,100,0.035,0.7,282,0
SPY190830C297,2019-08-29,2019-08-29 09:32:28,0.04,0.8,1,0.03,0.6,6736,0.04,0.8,100,0.035,0.7,282,0
SPY190830C297,2019-08-29,2019-08-29 09:32:29,0.04,0.8,1,0.03,0.6,6736,0.04,0.8,100,0.035,0.7,282,0
SPY190830C297,2019-08-29,2019-08-29 09:32:30,0.04,0.8,1,0.03,0.6,6736,0.04,0.8,100,0.035,0.7,282,0
SPY190830C297,2019-08-29,2019-08-29 09:32:31,0.04,0.8,1,0.03,0.6,5967,0.04,0.8,100,0.035,0.7,282,0
SPY190830C297,2019-08-29,2019-08-29 09:32:31,0.04,0.8,1,0.03,0.6,6736,0.04,0.8,100,0.035,0.7,282,0
SPY190830C297,2019-08-29,2019-08-29 09:32:32,0.04,0.8,1,0.03,0.6,5967,0.04,0.8,100,0.035,0.7,282,0
SPY190830C297,2019-08-29,2019-08-29 09:32:33,0.04,0.8,1,0.03,0.6,5222,0.04,0.8,100,0.035,0.7,282,0
SPY190830C297,2019-08-29,2019-08-29 09:32:33,0.04,0.8,1,0.03,0.6,6836,0.04,0.8,100,0.035,0.7,282,0
SPY190830C297,2019-08-29,2019-08-29 09:32:34,0.04,0.8,1,0.03,0.6,6836,0.04,0.8,100,0.035,0.7,282,0
SPY190830C297,2019-08-29,2019-08-29 09:32:35,0.04,0.8,1,0.03,0.6,8024,0.04,0.8,100,0.035,0.7,282,0
SPY190830C297,2019-08-29,2019-08-29 09:32:36,0.04,0.8,1,0.03,0.6,8024,0.04,0.8,100,0.035,0.7,282,0
SPY190830C297,2019-08-29,2019-08-29 09:32:37,0.04,0.8,1,0.03,0.6,6410,0.04,0.8,100,0.035,0.7,282,0
SPY190830C297,2019-08-29,2019-08-29 09:32:38,0.04,0.8,1,0.03,0.6,7524,0.04,0.8,100,0.035,0.7,282,0
SPY190830C297,2019-08-29,2019-08-29 09:32:39,0.04,0.8,1,0.03,0.6,8024,0.04,0.8,100,0.035,0.7,282,0
SPY190830C297,2019-08-29,2019-08-29 09:32:40,0.04,0.8,1,0.03,0.6,8024,0.04,0.8,100,0.035,0.7,282,0
SPY190830C297,2019-08-29,2019-08-29 09:32:41,0.04,0.8,1,0.03,0.6,8024,0.04,0.8,100,0.035,0.7,282,0
SPY190830C297,2019-08-29,2019-08-29 09:32:41,0.04,0.8,1,0.03,0.6,4470,0.04,0.8,100,0.035,0.7,282,0
SPY190830C297,2019-08-29,2019-08-29 09:32:42,0.04,0.8,1,0.03,0.6,4470,0.04,0.8,100,0.035,0.7,282,0
SPY190830C297,2019-08-29,2019-08-29 09:32:43,0.04,0.8,1,0.03,0.6,6836,0.04,0.8,100,0.035,0.7,282,0
SPY190830C297,2019-08-29,2019-08-29 09:32:44,0.04,0.8,1,0.03,0.6,6836,0.04,0.8,100,0.035,0.7,282,0
SPY190830C297,2019-08-29,2019-08-29 09:32:45,0.04,0.8,1,0.03,0.6,6836,0.04,0.8,100,0.035,0.7,282,0
SPY190830C297,2019-08-29,2019-08-29 09:32:46,0.04,0.8,1,0.03,0.6,6836,0.04,0.8,100,0.035,0.7,282,0
SPY190830C297,2019-08-29,2019-08-29 09:32:46,0.04,0.8,1,0.03,0.6,5222,0.04,0.8,100,0.035,0.7,282,0
SPY190830C297,2019-08-29,2019-08-29 09:32:47,0.04,0.8,1,0.03,0.6,6836,0.04,0.8,100,0.035,0.7,282,0
SPY190830C297,2019-08-29,2019-08-29 09:32:48,0.04,0.8,1,0.03,0.6,6836,0.04,0.8,100,0.035,0.7,282,0
SPY190830C297,2019-08-29,2019-08-29 09:32:49,0.04,0.8,1,0.04,0.8,3036,0.04,0.8,1,0.04,0.8,283,1
SPY190830C297,2019-08-29,2019-08-29 09:32:49,0.05,1.0,3725,0.04,0.8,3036,0.04,0.8,1,0.045,0.9,283,0
SPY190830C297,2019-08-29,2019-08-29 09:32:50,0.05,1.0,3725,0.04,0.8,4360,0.04,0.8,1,0.045,0.9,283,0
SPY190830C297,2019-08-29,2019-08-29 09:32:50,0.05,1.0,3725,0.04,0.8,6707,0.04,0.8,1,0.045,0.9,283,0
SPY190830C297,2019-08-29,2019-08-29 09:32:51,0.05,1.0,3120,0.04,0.8,5397,0.04,0.8,1,0.045,0.9,283,0
SPY190830C297,2019-08-29,2019-08-29 09:32:52,0.05,1.0,3620,0.04,0.8,6438,0.04,0.8,1,0.045,0.9,283,0
SPY190830C297,2019-08-29,2019-08-29 09:32:53,0.05,1.0,3620,0.04,0.8,6438,0.04,0.8,1,0.045,0.9,283,0
SPY190830C297,2019-08-29,2019-08-29 09:32:54,0.05,1.0,3620,0.04,0.8,6438,0.04,0.8,1,0.045,0.9,283,0
SPY190830C297,2019-08-29,2019-08-29 09:32:55,0.05,1.0,3620,0.04,0.8,6438,0.04,0.8,1,0.045,0.9,283,0
SPY190830C297,2019-08-29,2019-08-29 09:32:55,0.05,1.0,3678,0.04,0.8,6438,0.04,0.8,1,0.045,0.9,283,0
SPY190830C297,2019-08-29,2019-08-29 09:32:56,0.05,1.0,2001,0.04,0.8,5926,0.04,0.8,1,0.045,0.9,283,0
SPY190830C297,2019-08-29,2019-08-29 09:32:56,0.05,1.0,2561,0.04,0.8,6438,0.04,0.8,1,0.045,0.9,283,0
SPY190830C297,2019-08-29,2019-08-29 09:32:57,0.05,1.0,3652,0.04,0.8,6438,0.04,0.8,1,0.045,0.9,283,0
SPY190830C297,2019-08-29,2019-08-29 09:32:58,0.05,1.0,3652,0.04,0.8,6438,0.04,0.8,1,0.045,0.9,283,0
SPY190830C297,2019-08-29,2019-08-29 09:32:59,0.05,1.0,3640,0.04,0.8,6438,0.04,0.8,1,0.045,0.9,283,0
SPY190830C297,2019-08-29,2019-08-29 09:32:59,0.05,1.0,2575,0.04,0.8,6438,0.04,0.8,1,0.045,0.9,283,0
SPY190830C297,2019-08-29,2019-08-29 09:33:00,0.05,1.0,2435,0.04,0.8,6438,0.04,0.8,1,0.045,0.9,283,0
SPY190830C297,2019-08-29,2019-08-29 09:33:00,0.05,1.0,2575,0.04,0.8,6438,0.04,0.8,1,0.045,0.9,283,0
SPY190830C297,2019-08-29,2019-08-29 09:33:01,0.05,1.0,1869,0.04,0.8,6438,0.04,0.8,1,0.045,0.9,283,0
SPY190830C297,2019-08-29,2019-08-29 09:33:01,0.05,1.0,1238,0.04,0.8,3860,0.04,0.8,1,0.045,0.9,283,0
SPY190830C297,2019-08-29,2019-08-29 09:33:02,0.05,1.0,1314,0.04,0.8,5938,0.04,0.8,1,0.045,0.9,283,0
SPY190830C297,2019-08-29,2019-08-29 09:33:02,0.05,1.0,1865,0.04,0.8,4360,0.04,0.8,1,0.045,0.9,283,0
SPY190830C297,2019-08-29,2019-08-29 09:33:03,0.05,1.0,2161,0.04,0.8,6732,0.04,0.8,1,0.045,0.9,283,0
SPY190830C297,2019-08-29,2019-08-29 09:33:03,0.05,1.0,1922,0.04,0.8,6438,0.04,0.8,1,0.045,0.9,283,0
SPY190830C297,2019-08-29,2019-08-29 09:33:04,0.05,1.0,2161,0.04,0.8,6732,0.04,0.8,1,0.045,0.9,283,0
SPY190830C297,2019-08-29,2019-08-29 09:33:05,0.05,1.0,1246,0.04,0.8,6732,0.04,0.8,1,0.045,0.9,283,0
SPY190830C297,2019-08-29,2019-08-29 09:33:06,0.05,1.0,1246,0.04,0.8,6732,0.04,0.8,1,0.045,0.9,283,0
SPY190830C297,2019-08-29,2019-08-29 09:33:07,0.05,1.0,1246,0.04,0.8,6732,0.04,0.8,1,0.045,0.9,283,0
SPY190830C297,2019-08-29,2019-08-29 09:33:08,0.05,1.0,168,0.04,0.8,6732,0.04,0.8,1,0.045,0.9,283,0
SPY190830C297,2019-08-29,2019-08-29 09:33:08,0.05,1.0,128,0.04,0.8,6732,0.04,0.8,1,0.045,0.9,283,0
SPY190830C297,2019-08-29,2019-08-29 09:33:09,0.05,1.0,190,0.04,0.8,6732,0.04,0.8,1,0.045,0.9,283,0
SPY190830C297,2019-08-29,2019-08-29 09:33:10,0.05,1.0,762,0.04,0.8,6732,0.04,0.8,1,0.045,0.9,283,0
SPY190830C297,2019-08-29,2019-08-29 09:33:11,0.05,1.0,2380,0.04,0.8,6732,0.04,0.8,1,0.045,0.9,283,0
SPY190830C297,2019-08-29,2019-08-29 09:33:12,0.05,1.0,3445,0.04,0.8,7160,0.04,0.8,1,0.045,0.9,283,0
SPY190830C297,2019-08-29,2019-08-29 09:33:12,0.05,1.0,3538,0.04,0.8,7160,0.04,0.8,1,0.045,0.9,283,0
SPY190830C297,2019-08-29,2019-08-29 09:33:13,0.05,1.0,3574,0.04,0.8,7160,0.04,0.8,1,0.045,0.9,283,0
SPY190830C297,2019-08-29,2019-08-29 09:33:14,0.05,1.0,3574,0.04,0.8,7160,0.04,0.8,1,0.045,0.9,283,0
SPY190830C297,2019-08-29,2019-08-29 09:33:15,0.05,1.0,3574,0.04,0.8,7160,0.05,1.0,2,0.045,0.9,285,2
SPY190830C297,2019-08-29,2019-08-29 09:33:15,0.05,1.0,3074,0.04,0.8,6660,0.05,1.0,2,0.045,0.9,285,0
SPY190830C297,2019-08-29,2019-08-29 09:33:16,0.05,1.0,3074,0.04,0.8,7160,0.05,1.0,2,0.045,0.9,285,0
SPY190830C297,2019-08-29,2019-08-29 09:33:17,0.05,1.0,3074,0.04,0.8,7160,0.05,1.0,2,0.045,0.9,285,0
SPY190830C297,2019-08-29,2019-08-29 09:33:18,0.05,1.0,3074,0.04,0.8,7160,0.05,1.0,2,0.045,0.9,285,0
SPY190830C297,2019-08-29,2019-08-29 09:33:19,0.05,1.0,3074,0.04,0.8,6660,0.05,1.0,2,0.045,0.9,285,0
SPY190830C297,2019-08-29,2019-08-29 09:33:19,0.05,1.0,3074,0.04,0.8,7160,0.05,1.0,2,0.045,0.9,285,0
SPY190830C297,2019-08-29,2019-08-29 09:33:20,0.05,1.0,3074,0.04,0.8,7160,0.05,1.0,2,0.045,0.9,285,0
SPY190830C297,2019-08-29,2019-08-29 09:33:21,0.05,1.0,3074,0.04,0.8,7160,0.05,1.0,2,0.045,0.9,285,0
SPY190830C297,2019-08-29,2019-08-29 09:33:21,0.05,1.0,3074,0.04,0.8,6660,0.05,1.0,2,0.045,0.9,285,0
SPY190830C297,2019-08-29,2019-08-29 09:33:22,0.05,1.0,3074,0.04,0.8,7160,0.05,1.0,2,0.045,0.9,285,0
SPY190830C297,2019-08-29,2019-08-29 09:33:23,0.05,1.0,1458,0.04,0.8,7160,0.05,1.0,2,0.045,0.9,285,0
SPY190830C297,2019-08-29,2019-08-29 09:33:23,0.05,1.0,1022,0.04,0.8,7160,0.05,1.0,2,0.045,0.9,285,0
SPY190830C297,2019-08-29,2019-08-29 09:33:24,0.05,1.0,350,0.04,0.8,7160,0.05,1.0,2,0.045,0.9,285,0
SPY190830C297,2019-08-29,2019-08-29 09:33:24,0.05,1.0,1362,0.04,0.8,7160,0.05,1.0,2,0.045,0.9,285,0
SPY190830C297,2019-08-29,2019-08-29 09:33:25,0.05,1.0,350,0.04,0.8,7160,0.05,1.0,2,0.045,0.9,285,0
SPY190830C297,2019-08-29,2019-08-29 09:33:26,0.05,1.0,825,0.04,0.8,7160,0.05,1.0,2,0.045,0.9,285,0
SPY190830C297,2019-08-29,2019-08-29 09:33:27,0.05,1.0,825,0.04,0.8,7160,0.05,1.0,2,0.045,0.9,285,0
SPY190830C297,2019-08-29,2019-08-29 09:33:28,0.05,1.0,825,0.04,0.8,7160,0.05,1.0,2,0.045,0.9,285,0
SPY190830C297,2019-08-29,2019-08-29 09:33:29,0.05,1.0,956,0.04,0.8,6660,0.05,1.0,2,0.045,0.9,285,0
SPY190830C297,2019-08-29,2019-08-29 09:33:29,0.05,1.0,860,0.04,0.8,7160,0.05,1.0,2,0.045,0.9,285,0
SPY190830C297,2019-08-29,2019-08-29 09:33:30,0.05,1.0,198,0.04,0.8,4661,0.05,1.0,2,0.045,0.9,285,0
SPY190830C297,2019-08-29,2019-08-29 09:33:31,0.05,1.0,198,0.04,0.8,4661,0.05,1.0,2,0.045,0.9,285,0
SPY190830C297,2019-08-29,2019-08-29 09:33:31,0.05,1.0,428,0.04,0.8,7170,0.05,1.0,2,0.045,0.9,285,0
SPY190830C297,2019-08-29,2019-08-29 09:33:32,0.05,1.0,198,0.04,0.8,7170,0.05,1.0,4,0.045,0.9,295,10
SPY190830C297,2019-08-29,2019-08-29 09:33:33,0.05,1.0,198,0.04,0.8,7170,0.05,1.0,4,0.045,0.9,295,0
SPY190830C297,2019-08-29,2019-08-29 09:33:33,0.05,1.0,189,0.04,0.8,7040,0.05,1.0,4,0.045,0.9,295,0
SPY190830C297,2019-08-29,2019-08-29 09:33:34,0.05,1.0,250,0.04,0.8,6540,0.05,1.0,4,0.045,0.9,295,0
SPY190830C297,2019-08-29,2019-08-29 09:33:34,0.05,1.0,189,0.04,0.8,7040,0.05,1.0,4,0.045,0.9,295,0
SPY190830C297,2019-08-29,2019-08-29 09:33:35,0.05,1.0,189,0.04,0.8,7040,0.05,1.0,4,0.045,0.9,295,0
SPY190830C297,2019-08-29,2019-08-29 09:33:36,0.05,1.0,189,0.04,0.8,7040,0.05,1.0,4,0.045,0.9,295,0
SPY190830C297,2019-08-29,2019-08-29 09:33:36,0.05,1.0,147,0.04,0.8,7040,0.05,1.0,4,0.045,0.9,295,0
SPY190830C297,2019-08-29,2019-08-29 09:33:37,0.05,1.0,147,0.04,0.8,7040,0.05,1.0,4,0.045,0.9,295,0
SPY190830C297,2019-08-29,2019-08-29 09:33:38,0.05,1.0,147,0.04,0.8,6540,0.05,1.0,4,0.045,0.9,295,0
SPY190830C297,2019-08-29,2019-08-29 09:33:38,0.05,1.0,147,0.04,0.8,7040,0.05,1.0,4,0.045,0.9,295,0
SPY190830C297,2019-08-29,2019-08-29 09:33:40,0.05,1.0,296,0.04,0.8,7040,0.05,1.0,4,0.045,0.9,295,0
SPY190830C297,2019-08-29,2019-08-29 09:33:40,0.05,1.0,421,0.04,0.8,7638,0.05,1.0,4,0.045,0.9,295,0
SPY190830C297,2019-08-29,2019-08-29 09:33:41,0.05,1.0,604,0.04,0.8,6540,0.05,1.0,4,0.045,0.9,295,0
SPY190830C297,2019-08-29,2019-08-29 09:33:41,0.05,1.0,421,0.04,0.8,7138,0.05,1.0,4,0.045,0.9,295,0
SPY190830C297,2019-08-29,2019-08-29 09:33:42,0.05,1.0,381,0.04,0.8,7152,0.05,1.0,4,0.045,0.9,295,0
SPY190830C297,2019-08-29,2019-08-29 09:33:42,0.05,1.0,604,0.04,0.8,6540,0.05,1.0,4,0.045,0.9,295,0
SPY190830C297,2019-08-29,2019-08-29 09:33:43,0.05,1.0,381,0.04,0.8,6540,0.05,1.0,4,0.045,0.9,295,0
SPY190830C297,2019-08-29,2019-08-29 09:33:43,0.05,1.0,381,0.04,0.8,7040,0.05,1.0,4,0.045,0.9,295,0
SPY190830C297,2019-08-29,2019-08-29 09:33:44,0.05,1.0,200,0.04,0.8,7147,0.05,1.0,4,0.045,0.9,295,0
SPY190830C297,2019-08-29,2019-08-29 09:33:44,0.05,1.0,200,0.04,0.8,7040,0.05,1.0,4,0.045,0.9,295,0
SPY190830C297,2019-08-29,2019-08-29 09:33:45,0.05,1.0,220,0.04,0.8,7647,0.05,1.0,4,0.045,0.9,295,0
SPY190830C297,2019-08-29,2019-08-29 09:33:45,0.05,1.0,201,0.04,0.8,7040,0.05,1.0,4,0.045,0.9,295,0
SPY190830C297,2019-08-29,2019-08-29 09:33:46,0.05,1.0,241,0.04,0.8,7040,0.05,1.0,4,0.045,0.9,295,0
SPY190830C297,2019-08-29,2019-08-29 09:33:46,0.05,1.0,241,0.04,0.8,7647,0.05,1.0,4,0.045,0.9,295,0
SPY190830C297,2019-08-29,2019-08-29 09:33:47,0.05,1.0,241,0.04,0.8,7040,0.05,1.0,4,0.045,0.9,295,0
SPY190830C297,2019-08-29,2019-08-29 09:33:47,0.05,1.0,241,0.04,0.8,7647,0.05,1.0,4,0.045,0.9,295,0
SPY190830C297,2019-08-29,2019-08-29 09:33:48,0.05,1.0,241,0.04,0.8,7040,0.05,1.0,4,0.045,0.9,295,0
SPY190830C297,2019-08-29,2019-08-29 09:33:49,0.05,1.0,31,0.04,0.8,5242,0.05,1.0,4,0.045,0.9,295,0
SPY190830C297,2019-08-29,2019-08-29 09:33:49,0.05,1.0,380,0.04,0.8,7652,0.05,1.0,4,0.045,0.9,295,0
SPY190830C297,2019-08-29,2019-08-29 09:33:50,0.05,1.0,2,0.04,0.8,5242,0.05,1.0,4,0.045,0.9,295,0
SPY190830C297,2019-08-29,2019-08-29 09:33:50,0.05,1.0,2,0.04,0.8,6540,0.05,1.0,4,0.045,0.9,295,0
SPY190830C297,2019-08-29,2019-08-29 09:33:51,0.05,1.0,2,0.04,0.8,6540,0.05,1.0,4,0.045,0.9,295,0
SPY190830C297,2019-08-29,2019-08-29 09:33:51,0.05,1.0,2,0.04,0.8,7141,0.05,1.0,4,0.045,0.9,295,0
SPY190830C297,2019-08-29,2019-08-29 09:33:52,0.05,1.0,126,0.04,0.8,7637,0.05,1.0,2,0.045,0.9,299,4
SPY190830C297,2019-08-29,2019-08-29 09:33:52,0.05,1.0,126,0.04,0.8,6970,0.05,1.0,2,0.045,0.9,299,0
SPY190830C297,2019-08-29,2019-08-29 09:33:53,0.06,1.2,4042,0.05,1.0,1814,0.05,1.0,2,0.055,1.1,299,0
SPY190830C297,2019-08-29,2019-08-29 09:33:54,0.06,1.2,4042,0.05,1.0,2718,0.05,1.0,2,0.055,1.1,299,0
SPY190830C297,2019-08-29,2019-08-29 09:33:54,0.06,1.2,4042,0.05,1.0,4384,0.05,1.0,1,0.055,1.1,300,1
SPY190830C297,2019-08-29,2019-08-29 09:33:55,0.06,1.2,4042,0.05,1.0,2792,0.05,1.0,1,0.055,1.1,301,1
SPY190830C297,2019-08-29,2019-08-29 09:33:55,0.06,1.2,4042,0.05,1.0,4318,0.05,1.0,1,0.055,1.1,300,0
SPY190830C297,2019-08-29,2019-08-29 09:33:56,0.06,1.2,4042,0.05,1.0,2792,0.05,1.0,1,0.055,1.1,303,2
SPY190830C297,2019-08-29,2019-08-29 09:33:56,0.06,1.2,4042,0.05,1.0,3224,0.05,1.0,1,0.055,1.1,317,14
SPY190830C297,2019-08-29,2019-08-29 09:33:57,0.06,1.2,5504,0.05,1.0,3224,0.05,1.0,1,0.055,1.1,317,0
SPY190830C297,2019-08-29,2019-08-29 09:33:58,0.06,1.2,5782,0.05,1.0,1055,0.05,1.0,1,0.055,1.1,328,11
SPY190830C297,2019-08-29,2019-08-29 09:33:58,0.06,1.2,5504,0.05,1.0,3224,0.05,1.0,1,0.055,1.1,317,0
SPY190830C297,2019-08-29,2019-08-29 09:33:59,0.06,1.2,5782,0.05,1.0,371,0.05,1.0,1,0.055,1.1,329,1
SPY190830C297,2019-08-29,2019-08-29 09:33:59,0.06,1.2,5357,0.05,1.0,1501,0.05,1.0,1,0.055,1.1,329,0
SPY190830C297,2019-08-29,2019-08-29 09:34:00,0.06,1.2,5357,0.05,1.0,1501,0.05,1.0,1,0.055,1.1,329,0
SPY190830C297,2019-08-29,2019-08-29 09:34:00,0.06,1.2,5316,0.05,1.0,3290,0.05,1.0,1,0.055,1.1,329,0
SPY190830C297,2019-08-29,2019-08-29 09:34:01,0.06,1.2,5816,0.05,1.0,3809,0.05,1.0,1,0.055,1.1,329,0
SPY190830C297,2019-08-29,2019-08-29 09:34:01,0.06,1.2,5816,0.05,1.0,3290,0.05,1.0,1,0.055,1.1,329,0
SPY190830C297,2019-08-29,2019-08-29 09:34:02,0.06,1.2,5816,0.05,1.0,3809,0.05,1.0,1,0.055,1.1,329,0
SPY190830C297,2019-08-29,2019-08-29 09:34:03,0.06,1.2,5700,0.05,1.0,3809,0.05,1.0,1,0.055,1.1,329,0
SPY190830C297,2019-08-29,2019-08-29 09:34:04,0.06,1.2,5700,0.05,1.0,3809,0.05,1.0,1,0.055,1.1,329,0
SPY190830C297,2019-08-29,2019-08-29 09:34:05,0.06,1.2,5794,0.05,1.0,3917,0.05,1.0,1,0.055,1.1,329,0
SPY190830C297,2019-08-29,2019-08-29 09:34:05,0.06,1.2,5700,0.05,1.0,3809,0.05,1.0,1,0.055,1.1,329,0
SPY190830C297,2019-08-29,2019-08-29 09:34:06,0.06,1.2,5794,0.05,1.0,3917,0.05,1.0,1,0.055,1.1,329,0
SPY190830C297,2019-08-29,2019-08-29 09:34:07,0.06,1.2,5794,0.05,1.0,3917,0.05,1.0,1,0.055,1.1,329,0
SPY190830C297,2019-08-29,2019-08-29 09:34:08,0.06,1.2,5794,0.05,1.0,3917,0.05,1.0,1,0.055,1.1,329,0
SPY190830C297,2019-08-29,2019-08-29 09:34:09,0.06,1.2,7279,0.05,1.0,3917,0.05,1.0,1,0.055,1.1,329,0
SPY190830C297,2019-08-29,2019-08-29 09:34:10,0.06,1.2,7348,0.05,1.0,3917,0.05,1.0,1,0.055,1.1,329,0
SPY190830C297,2019-08-29,2019-08-29 09:34:10,0.06,1.2,7279,0.05,1.0,3917,0.05,1.0,1,0.055,1.1,329,0
SPY190830C297,2019-08-29,2019-08-29 09:34:11,0.06,1.2,7348,0.05,1.0,3917,0.05,1.0,1,0.055,1.1,329,0
SPY190830C297,2019-08-29,2019-08-29 09:34:12,0.06,1.2,7348,0.05,1.0,3917,0.05,1.0,1,0.055,1.1,329,0
SPY190830C297,2019-08-29,2019-08-29 09:34:13,0.06,1.2,7348,0.05,1.0,3917,0.05,1.0,1,0.055,1.1,329,0
SPY190830C297,2019-08-29,2019-08-29 09:34:13,0.06,1.2,7182,0.05,1.0,3290,0.05,1.0,1,0.055,1.1,329,0
SPY190830C297,2019-08-29,2019-08-29 09:34:14,0.06,1.2,7182,0.05,1.0,3290,0.05,1.0,1,0.055,1.1,329,0
SPY190830C297,2019-08-29,2019-08-29 09:34:15,0.06,1.2,7182,0.05,1.0,3917,0.05,1.0,1,0.055,1.1,329,0
SPY190830C297,2019-08-29,2019-08-29 09:34:16,0.06,1.2,7182,0.05,1.0,3917,0.05,1.0,1,0.055,1.1,329,0
SPY190830C297,2019-08-29,2019-08-29 09:34:16,0.06,1.2,7072,0.05,1.0,3917,0.05,1.0,1,0.055,1.1,329,0
SPY190830C297,2019-08-29,2019-08-29 09:34:17,0.06,1.2,7072,0.05,1.0,3290,0.05,1.0,1,0.055,1.1,329,0
SPY190830C297,2019-08-29,2019-08-29 09:34:18,0.06,1.2,7072,0.05,1.0,3290,0.05,1.0,1,0.055,1.1,329,0
SPY190830C297,2019-08-29,2019-08-29 09:34:19,0.06,1.2,7072,0.05,1.0,3942,0.05,1.0,1,0.055,1.1,329,0
SPY190830C297,2019-08-29,2019-08-29 09:34:19,0.06,1.2,6636,0.05,1.0,1151,0.05,1.0,1,0.055,1.1,329,0
SPY190830C297,2019-08-29,2019-08-29 09:34:20,0.06,1.2,7277,0.05,1.0,31,0.05,1.0,1,0.055,1.1,331,2
SPY190830C297,2019-08-29,2019-08-29 09:34:20,0.06,1.2,6624,0.05,1.0,31,0.05,1.0,1,0.055,1.1,329,0
SPY190830C297,2019-08-29,2019-08-29 09:34:21,0.06,1.2,7277,0.05,1.0,31,0.05,1.0,1,0.055,1.1,331,0
SPY190830C297,2019-08-29,2019-08-29 09:34:21,0.06,1.2,7298,0.05,1.0,21,0.05,1.0,1,0.055,1.1,337,6
SPY190830C297,2019-08-29,2019-08-29 09:34:22,0.06,1.2,7298,0.05,1.0,17,0.05,1.0,1,0.055,1.1,337,0
SPY190830C297,2019-08-29,2019-08-29 09:34:22,0.06,1.2,7298,0.05,1.0,31,0.06,1.2,1,0.055,1.1,338,1
SPY190830C297,2019-08-29,2019-08-29 09:34:23,0.06,1.2,7298,0.05,1.0,128,0.06,1.2,1,0.055,1.1,338,0
SPY190830C297,2019-08-29,2019-08-29 09:34:23,0.06,1.2,7298,0.05,1.0,97,0.06,1.2,1,0.055,1.1,338,0
SPY190830C297,2019-08-29,2019-08-29 09:34:24,0.06,1.2,5766,0.05,1.0,14,0.05,1.0,3,0.055,1.1,344,3
SPY190830C297,2019-08-29,2019-08-29 09:34:24,0.06,1.2,7298,0.05,1.0,16,0.05,1.0,1,0.055,1.1,341,3
SPY190830C297,2019-08-29,2019-08-29 09:34:25,0.06,1.2,7302,0.05,1.0,8,0.05,1.0,2,0.055,1.1,348,4
SPY190830C297,2019-08-29,2019-08-29 09:34:25,0.06,1.2,6175,0.05,1.0,8,0.05,1.0,2,0.055,1.1,348,0
SPY190830C297,2019-08-29,2019-08-29 09:34:26,0.06,1.2,5766,0.05,1.0,8,0.05,1.0,2,0.055,1.1,348,0
SPY190830C297,2019-08-29,2019-08-29 09:34:26,0.06,1.2,7300,0.05,1.0,8,0.05,1.0,2,0.055,1.1,348,0
SPY190830C297,2019-08-29,2019-08-29 09:34:27,0.06,1.2,6993,0.05,1.0,24,0.05,1.0,2,0.055,1.1,348,0
SPY190830C297,2019-08-29,2019-08-29 09:34:27,0.06,1.2,7008,0.05,1.0,24,0.05,1.0,2,0.055,1.1,348,0
SPY190830C297,2019-08-29,2019-08-29 09:34:28,0.06,1.2,6993,0.05,1.0,24,0.05,1.0,2,0.055,1.1,348,0
SPY190830C297,2019-08-29,2019-08-29 09:34:29,0.06,1.2,6993,0.05,1.0,24,0.05,1.0,2,0.055,1.1,348,0
SPY190830C297,2019-08-29,2019-08-29 09:34:29,0.06,1.2,6493,0.05,1.0,24,0.05,1.0,2,0.055,1.1,348,0
SPY190830C297,2019-08-29,2019-08-29 09:34:30,0.06,1.2,6493,0.05,1.0,24,0.05,1.0,2,0.055,1.1,348,0
SPY190830C297,2019-08-29,2019-08-29 09:34:31,0.06,1.2,4974,0.05,1.0,24,0.05,1.0,2,0.055,1.1,348,0
SPY190830C297,2019-08-29,2019-08-29 09:34:32,0.06,1.2,4290,0.05,1.0,97,0.05,1.0,2,0.055,1.1,348,0
SPY190830C297,2019-08-29,2019-08-29 09:34:32,0.06,1.2,6014,0.05,1.0,128,0.05,1.0,2,0.055,1.1,348,0
SPY190830C297,2019-08-29,2019-08-29 09:34:33,0.06,1.2,6514,0.05,1.0,198,0.05,1.0,2,0.055,1.1,348,0
SPY190830C297,2019-08-29,2019-08-29 09:34:34,0.06,1.2,6714,0.05,1.0,738,0.05,1.0,2,0.055,1.1,348,0
SPY190830C297,2019-08-29,2019-08-29 09:34:34,0.06,1.2,6514,0.05,1.0,198,0.05,1.0,2,0.055,1.1,348,0
SPY190830C297,2019-08-29,2019-08-29 09:34:35,0.06,1.2,6714,0.05,1.0,2520,0.06,1.2,14,0.055,1.1,362,0
SPY190830C297,2019-08-29,2019-08-29 09:34:35,0.06,1.2,6714,0.05,1.0,2286,0.06,1.2,14,0.055,1.1,362,14
SPY190830C297,2019-08-29,2019-08-29 09:34:36,0.06,1.2,6714,0.05,1.0,2520,0.06,1.2,14,0.055,1.1,362,0
SPY190830C297,2019-08-29,2019-08-29 09:34:37,0.06,1.2,6714,0.05,1.0,2520,0.06,1.2,14,0.055,1.1,362,0
SPY190830C297,2019-08-29,2019-08-29 09:34:37,0.06,1.2,3742,0.05,1.0,1804,0.06,1.2,14,0.055,1.1,362,0
SPY190830C297,2019-08-29,2019-08-29 09:34:38,0.06,1.2,6328,0.05,1.0,2270,0.06,1.2,14,0.055,1.1,362,0
SPY190830C297,2019-08-29,2019-08-29 09:34:38,0.06,1.2,5608,0.05,1.0,2358,0.06,1.2,14,0.055,1.1,362,0
SPY190830C297,2019-08-29,2019-08-29 09:34:39,0.06,1.2,5608,0.05,1.0,2270,0.06,1.2,14,0.055,1.1,362,0
SPY190830C297,2019-08-29,2019-08-29 09:34:40,0.06,1.2,6418,0.05,1.0,187,0.06,1.2,14,0.055,1.1,362,0
SPY190830C297,2019-08-29,2019-08-29 09:34:40,0.06,1.2,5608,0.05,1.0,2270,0.06,1.2,14,0.055,1.1,362,0
SPY190830C297,2019-08-29,2019-08-29 09:34:41,0.06,1.2,6418,0.05,1.0,323,0.06,1.2,14,0.055,1.1,362,0
SPY190830C297,2019-08-29,2019-08-29 09:34:41,0.06,1.2,6378,0.05,1.0,394,0.06,1.2,14,0.055,1.1,362,0
SPY190830C297,2019-08-29,2019-08-29 09:34:42,0.06,1.2,5233,0.05,1.0,1206,0.06,1.2,200,0.055,1.1,607,200
SPY190830C297,2019-08-29,2019-08-29 09:34:42,0.06,1.2,5302,0.04,0.8,6384,0.06,1.2,45,0.05,1.0,407,45
SPY190830C297,2019-08-29,2019-08-29 09:34:43,0.06,1.2,3748,0.05,1.0,1286,0.06,1.2,200,0.055,1.1,607,0
SPY190830C297,2019-08-29,2019-08-29 09:34:43,0.06,1.2,5233,0.05,1.0,1206,0.06,1.2,200,0.055,1.1,607,0
SPY190830C297,2019-08-29,2019-08-29 09:34:44,0.06,1.2,5704,0.05,1.0,50,0.05,1.0,1,0.055,1.1,611,4
SPY190830C297,2019-08-29,2019-08-29 09:34:44,0.06,1.2,5704,0.05,1.0,1146,0.05,1.0,1,0.055,1.1,611,0
SPY190830C297,2019-08-29,2019-08-29 09:34:45,0.06,1.2,5704,0.05,1.0,455,0.05,1.0,1,0.055,1.1,611,0
SPY190830C297,2019-08-29,2019-08-29 09:34:45,0.05,1.0,300,0.04,0.8,4680,0.05,1.0,1,0.045,0.9,611,0
SPY190830C297,2019-08-29,2019-08-29 09:34:46,0.05,1.0,216,0.04,0.8,4680,0.05,1.0,1,0.045,0.9,611,0
SPY190830C297,2019-08-29,2019-08-29 09:34:47,0.05,1.0,216,0.04,0.8,4682,0.05,1.0,1,0.045,0.9,611,0
SPY190830C297,2019-08-29,2019-08-29 09:34:47,0.05,1.0,247,0.04,0.8,4680,0.05,1.0,1,0.045,0.9,611,0
SPY190830C297,2019-08-29,2019-08-29 09:34:48,0.05,1.0,216,0.04,0.8,4682,0.05,1.0,1,0.045,0.9,611,0
SPY190830C297,2019-08-29,2019-08-29 09:34:48,0.05,1.0,313,0.04,0.8,4582,0.05,1.0,1,0.045,0.9,611,0
SPY190830C297,2019-08-29,2019-08-29 09:34:49,0.05,1.0,344,0.04,0.8,4582,0.05,1.0,1,0.045,0.9,611,0
SPY190830C297,2019-08-29,2019-08-29 09:34:49,0.05,1.0,313,0.04,0.8,4582,0.05,1.0,1,0.045,0.9,611,0
SPY190830C297,2019-08-29,2019-08-29 09:34:50,0.05,1.0,344,0.04,0.8,6926,0.05,1.0,1,0.045,0.9,611,0
SPY190830C297,2019-08-29,2019-08-29 09:34:50,0.05,1.0,573,0.04,0.8,7911,0.05,1.0,1,0.045,0.9,611,0
SPY190830C297,2019-08-29,2019-08-29 09:34:51,0.05,1.0,1126,0.04,0.8,10008,0.05,1.0,1,0.045,0.9,611,0
SPY190830C297,2019-08-29,2019-08-29 09:34:52,0.05,1.0,685,0.04,0.8,7911,0.05,1.0,1,0.045,0.9,611,0
SPY190830C297,2019-08-29,2019-08-29 09:34:52,0.05,1.0,1134,0.04,0.8,10009,0.05,1.0,1,0.045,0.9,611,0
SPY190830C297,2019-08-29,2019-08-29 09:34:53,0.05,1.0,1134,0.04,0.8,10009,0.05,1.0,1,0.045,0.9,611,0
SPY190830C297,2019-08-29,2019-08-29 09:34:54,0.05,1.0,1134,0.04,0.8,10009,0.05,1.0,1,0.045,0.9,611,0
SPY190830C297,2019-08-29,2019-08-29 09:34:55,0.05,1.0,1134,0.04,0.8,10009,0.05,1.0,1,0.045,0.9,611,0
SPY190830C297,2019-08-29,2019-08-29 09:34:56,0.05,1.0,1134,0.04,0.8,10009,0.05,1.0,1,0.045,0.9,611,0
SPY190830C297,2019-08-29,2019-08-29 09:34:57,0.05,1.0,1134,0.04,0.8,10009,0.05,1.0,1,0.045,0.9,611,0
SPY190830C297,2019-08-29,2019-08-29 09:34:58,0.05,1.0,1134,0.04,0.8,10627,0.05,1.0,1,0.045,0.9,611,0
SPY190830C297,2019-08-29,2019-08-29 09:34:58,0.05,1.0,1134,0.04,0.8,10631,0.05,1.0,1,0.045,0.9,611,0
SPY190830C297,2019-08-29,2019-08-29 09:34:59,0.05,1.0,1134,0.04,0.8,10009,0.05,1.0,1,0.045,0.9,611,0
SPY190830C297,2019-08-29,2019-08-29 09:34:59,0.05,1.0,1134,0.04,0.8,10627,0.05,1.0,1,0.045,0.9,611,0
SPY190830C297,2019-08-29,2019-08-29 09:35:00,0.05,1.0,1050,0.04,0.8,9980,0.05,1.0,1,0.045,0.9,611,0
SPY190830C297,2019-08-29,2019-08-29 09:35:00,0.06,1.2,3322,0.05,1.0,750,0.05,1.0,1,0.055,1.1,611,0
SPY190830C297,2019-08-29,2019-08-29 09:35:01,0.06,1.2,3444,0.05,1.0,2002,0.05,1.0,1,0.055,1.1,611,0
SPY190830C297,2019-08-29,2019-08-29 09:35:01,0.06,1.2,3444,0.05,1.0,1566,0.05,1.0,1,0.055,1.1,611,0
SPY190830C297,2019-08-29,2019-08-29 09:35:02,0.06,1.2,3323,0.05,1.0,3244,0.05,1.0,1,0.055,1.1,611,0
SPY190830C297,2019-08-29,2019-08-29 09:35:02,0.06,1.2,3100,0.05,1.0,3244,0.05,1.0,1,0.055,1.1,611,0
SPY190830C297,2019-08-29,2019-08-29 09:35:03,0.06,1.2,3251,0.05,1.0,3244,0.05,1.0,1,0.055,1.1,611,0
SPY190830C297,2019-08-29,2019-08-29 09:35:03,0.06,1.2,2748,0.05,1.0,3896,0.05,1.0,1,0.055,1.1,611,0
SPY190830C297,2019-08-29,2019-08-29 09:35:04,0.06,1.2,3043,0.05,1.0,3896,0.05,1.0,1,0.055,1.1,611,0
SPY190830C297,2019-08-29,2019-08-29 09:35:04,0.06,1.2,3228,0.05,1.0,3896,0.05,1.0,1,0.055,1.1,611,0
SPY190830C297,2019-08-29,2019-08-29 09:35:05,0.06,1.2,3147,0.05,1.0,2494,0.05,1.0,10,0.055,1.1,711,100
SPY190830C297,2019-08-29,2019-08-29 09:35:05,0.06,1.2,3147,0.05,1.0,3146,0.05,1.0,1,0.055,1.1,611,0
SPY190830C297,2019-08-29,2019-08-29 09:35:06,0.06,1.2,2647,0.05,1.0,483,0.05,1.0,10,0.055,1.1,711,0
SPY190830C297,2019-08-29,2019-08-29 09:35:06,0.06,1.2,3272,0.04,0.8,4896,0.05,1.0,10,0.05,1.0,711,0
SPY190830C297,2019-08-29,2019-08-29 09:35:07,0.06,1.2,3582,0.05,1.0,594,0.05,1.0,10,0.055,1.1,711,0
SPY190830C297,2019-08-29,2019-08-29 09:35:07,0.06,1.2,1896,0.05,1.0,388,0.05,1.0,10,0.055,1.1,711,0
SPY190830C297,2019-08-29,2019-08-29 09:35:08,0.06,1.2,2715,0.05,1.0,594,0.05,1.0,10,0.055,1.1,711,0
SPY190830C297,2019-08-29,2019-08-29 09:35:08,0.06,1.2,3215,0.05,1.0,386,0.05,1.0,10,0.055,1.1,711,0
SPY190830C297,2019-08-29,2019-08-29 09:35:09,0.06,1.2,2715,0.05,1.0,1010,0.05,1.0,10,0.055,1.1,711,0
SPY190830C297,2019-08-29,2019-08-29 09:35:09,0.06,1.2,4602,0.05,1.0,1010,0.05,1.0,10,0.055,1.1,711,0
SPY190830C297,2019-08-29,2019-08-29 09:35:10,0.06,1.2,3215,0.05,1.0,452,0.05,1.0,10,0.055,1.1,711,0
SPY190830C297,2019-08-29,2019-08-29 09:35:10,0.06,1.2,3215,0.05,1.0,452,0.05,1.0,5,0.055,1.1,716,5
SPY190830C297,2019-08-29,2019-08-29 09:35:11,0.06,1.2,5231,0.05,1.0,3114,0.05,1.0,1,0.055,1.1,724,8
SPY190830C297,2019-08-29,2019-08-29 09:35:11,0.06,1.2,3746,0.05,1.0,3115,0.05,1.0,5,0.055,1.1,716,0
SPY190830C297,2019-08-29,2019-08-29 09:35:12,0.06,1.2,5231,0.05,1.0,2096,0.05,1.0,1,0.055,1.1,727,3
SPY190830C297,2019-08-29,2019-08-29 09:35:12,0.06,1.2,3764,0.05,1.0,700,0.05,1.0,1,0.055,1.1,727,0
SPY190830C297,2019-08-29,2019-08-29 09:35:13,0.06,1.2,3764,0.05,1.0,700,0.05,1.0,1,0.055,1.1,727,0
SPY190830C297,2019-08-29,2019-08-29 09:35:13,0.06,1.2,4657,0.05,1.0,1737,0.05,1.0,1,0.055,1.1,727,0
SPY190830C297,2019-08-29,2019-08-29 09:35:14,0.06,1.2,4657,0.05,1.0,700,0.05,1.0,1,0.055,1.1,727,0
SPY190830C297,2019-08-29,2019-08-29 09:35:14,0.06,1.2,4657,0.05,1.0,1070,0.05,1.0,1,0.055,1.1,738,11
SPY190830C297,2019-08-29,2019-08-29 09:35:15,0.06,1.2,4782,0.05,1.0,1070,0.05,1.0,1,0.055,1.1,738,0
SPY190830C297,2019-08-29,2019-08-29 09:35:16,0.06,1.2,4782,0.05,1.0,1070,0.05,1.0,1,0.055,1.1,738,0
SPY190830C297,2019-08-29,2019-08-29 09:35:17,0.06,1.2,4782,0.05,1.0,1070,0.05,1.0,1,0.055,1.1,738,0
SPY190830C297,2019-08-29,2019-08-29 09:35:17,0.06,1.2,3626,0.05,1.0,427,0.05,1.0,1,0.055,1.1,740,2
SPY190830C297,2019-08-29,2019-08-29 09:35:18,0.06,1.2,4482,0.05,1.0,427,0.05,1.0,1,0.055,1.1,740,0
SPY190830C297,2019-08-29,2019-08-29 09:35:18,0.06,1.2,3723,0.05,1.0,427,0.05,1.0,1,0.055,1.1,740,0
SPY190830C297,2019-08-29,2019-08-29 09:35:19,0.06,1.2,4482,0.05,1.0,427,0.05,1.0,1,0.055,1.1,740,0
SPY190830C297,2019-08-29,2019-08-29 09:35:20,0.06,1.2,4482,0.05,1.0,328,0.05,1.0,1,0.055,1.1,740,0
SPY190830C297,2019-08-29,2019-08-29 09:35:20,0.06,1.2,4482,0.05,1.0,344,0.05,1.0,1,0.055,1.1,740,0
SPY190830C297,2019-08-29,2019-08-29 09:35:21,0.06,1.2,4482,0.05,1.0,344,0.05,1.0,1,0.055,1.1,740,0
SPY190830C297,2019-08-29,2019-08-29 09:35:21,0.06,1.2,4482,0.05,1.0,375,0.05,1.0,1,0.055,1.1,740,0
SPY190830C297,2019-08-29,2019-08-29 09:35:22,0.06,1.2,5748,0.05,1.0,344,0.05,1.0,1,0.055,1.1,740,0
SPY190830C297,2019-08-29,2019-08-29 09:35:23,0.06,1.2,3263,0.05,1.0,5,0.05,1.0,1,0.055,1.1,744,4
SPY190830C297,2019-08-29,2019-08-29 09:35:23,0.06,1.2,4293,0.05,1.0,344,0.05,1.0,1,0.055,1.1,740,0
SPY190830C297,2019-08-29,2019-08-29 09:35:24,0.06,1.2,3263,0.04,0.8,4157,0.05,1.0,1,0.05,1.0,748,4
SPY190830C297,2019-08-29,2019-08-29 09:35:24,0.06,1.2,3263,0.04,0.8,4157,0.05,1.0,1,0.05,1.0,748,0
SPY190830C297,2019-08-29,2019-08-29 09:35:25,0.05,1.0,965,0.04,0.8,4531,0.05,1.0,1,0.045,0.9,748,0
SPY190830C297,2019-08-29,2019-08-29 09:35:25,0.05,1.0,1582,0.04,0.8,4595,0.05,1.0,1,0.045,0.9,748,0
SPY190830C297,2019-08-29,2019-08-29 09:35:26,0.05,1.0,1436,0.04,0.8,2921,0.05,1.0,1,0.045,0.9,748,0
SPY190830C297,2019-08-29,2019-08-29 09:35:27,0.05,1.0,1936,0.04,0.8,2921,0.05,1.0,1,0.045,0.9,748,0
SPY190830C297,2019-08-29,2019-08-29 09:35:27,0.05,1.0,2372,0.04,0.8,5159,0.05,1.0,1,0.045,0.9,748,0
SPY190830C297,2019-08-29,2019-08-29 09:35:28,0.05,1.0,2372,0.04,0.8,5159,0.05,1.0,1,0.045,0.9,748,0
SPY190830C297,2019-08-29,2019-08-29 09:35:29,0.05,1.0,1010,0.04,0.8,3099,0.05,1.0,1,0.045,0.9,748,0
SPY190830C297,2019-08-29,2019-08-29 09:35:29,0.05,1.0,1529,0.04,0.8,2354,0.05,1.0,1,0.045,0.9,748,0
SPY190830C297,2019-08-29,2019-08-29 09:35:30,0.05,1.0,2248,0.04,0.8,5159,0.05,1.0,1,0.045,0.9,748,0
SPY190830C297,2019-08-29,2019-08-29 09:35:30,0.05,1.0,1812,0.04,0.8,4097,0.05,1.0,1,0.045,0.9,748,0
SPY190830C297,2019-08-29,2019-08-29 09:35:31,0.05,1.0,2248,0.04,0.8,5159,0.05,1.0,1,0.045,0.9,748,0
SPY190830C297,2019-08-29,2019-08-29 09:35:32,0.05,1.0,2248,0.04,0.8,5159,0.05,1.0,1,0.045,0.9,748,0
SPY190830C297,2019-08-29,2019-08-29 09:35:33,0.05,1.0,1965,0.04,0.8,4659,0.05,1.0,1,0.045,0.9,748,0
SPY190830C297,2019-08-29,2019-08-29 09:35:33,0.05,1.0,2492,0.04,0.8,3099,0.05,1.0,1,0.045,0.9,748,0
SPY190830C297,2019-08-29,2019-08-29 09:35:34,0.05,1.0,2492,0.04,0.8,4210,0.05,1.0,1,0.045,0.9,748,0
SPY190830C297,2019-08-29,2019-08-29 09:35:34,0.05,1.0,2847,0.04,0.8,4210,0.05,1.0,1,0.045,0.9,748,0
SPY190830C297,2019-08-29,2019-08-29 09:35:35,0.05,1.0,2270,0.04,0.8,3218,0.05,1.0,1,0.045,0.9,748,0
SPY190830C297,2019-08-29,2019-08-29 09:35:35,0.05,1.0,2270,0.04,0.8,3223,0.05,1.0,1,0.045,0.9,748,0
SPY190830C297,2019-08-29,2019-08-29 09:35:36,0.05,1.0,2465,0.04,0.8,3506,0.05,1.0,1,0.045,0.9,748,0
SPY190830C297,2019-08-29,2019-08-29 09:35:36,0.05,1.0,2465,0.04,0.8,5393,0.05,1.0,1,0.045,0.9,748,0
SPY190830C297,2019-08-29,2019-08-29 09:35:37,0.05,1.0,2465,0.04,0.8,3506,0.05,1.0,1,0.045,0.9,748,0
SPY190830C297,2019-08-29,2019-08-29 09:35:38,0.05,1.0,2465,0.04,0.8,5353,0.05,1.0,1,0.045,0.9,748,0
SPY190830C297,2019-08-29,2019-08-29 09:35:39,0.05,1.0,2465,0.04,0.8,5353,0.05,1.0,1,0.045,0.9,748,0
SPY190830C297,2019-08-29,2019-08-29 09:35:40,0.05,1.0,2465,0.04,0.8,5393,0.05,1.0,5,0.045,0.9,753,0
SPY190830C297,2019-08-29,2019-08-29 09:35:40,0.05,1.0,2465,0.04,0.8,5393,0.05,1.0,5,0.045,0.9,753,5
SPY190830C297,2019-08-29,2019-08-29 09:35:41,0.05,1.0,2465,0.04,0.8,5227,0.05,1.0,5,0.045,0.9,753,0
SPY190830C297,2019-08-29,2019-08-29 09:35:42,0.05,1.0,2465,0.04,0.8,5227,0.05,1.0,5,0.045,0.9,753,0
SPY190830C297,2019-08-29,2019-08-29 09:35:43,0.05,1.0,2465,0.04,0.8,3187,0.05,1.0,5,0.045,0.9,753,0
SPY190830C297,2019-08-29,2019-08-29 09:35:44,0.05,1.0,2465,0.04,0.8,4903,0.05,1.0,5,0.045,0.9,753,0
SPY190830C297,2019-08-29,2019-08-29 09:35:45,0.05,1.0,2465,0.04,0.8,3235,0.05,1.0,5,0.045,0.9,753,0
SPY190830C297,2019-08-29,2019-08-29 09:35:45,0.05,1.0,2465,0.04,0.8,4903,0.05,1.0,5,0.045,0.9,753,0
SPY190830C297,2019-08-29,2019-08-29 09:35:46,0.05,1.0,2465,0.04,0.8,3235,0.05,1.0,5,0.045,0.9,753,0
SPY190830C297,2019-08-29,2019-08-29 09:35:47,0.05,1.0,2465,0.04,0.8,3340,0.05,1.0,5,0.045,0.9,753,0
SPY190830C297,2019-08-29,2019-08-29 09:35:47,0.05,1.0,2029,0.04,0.8,3000,0.05,1.0,5,0.045,0.9,753,0
SPY190830C297,2019-08-29,2019-08-29 09:35:48,0.05,1.0,2465,0.04,0.8,3340,0.05,1.0,5,0.045,0.9,753,0
SPY190830C297,2019-08-29,2019-08-29 09:35:49,0.05,1.0,2465,0.04,0.8,3340,0.05,1.0,5,0.045,0.9,753,0
SPY190830C297,2019-08-29,2019-08-29 09:35:50,0.05,1.0,3215,0.04,0.8,3340,0.05,1.0,5,0.045,0.9,753,0
SPY190830C297,2019-08-29,2019-08-29 09:35:50,0.05,1.0,2465,0.04,0.8,3340,0.05,1.0,5,0.045,0.9,753,0
SPY190830C297,2019-08-29,2019-08-29 09:35:51,0.05,1.0,3215,0.04,0.8,3340,0.05,1.0,5,0.045,0.9,753,0
SPY190830C297,2019-08-29,2019-08-29 09:35:51,0.05,1.0,2715,0.04,0.8,3247,0.05,1.0,5,0.045,0.9,753,0
SPY190830C297,2019-08-29,2019-08-29 09:35:52,0.05,1.0,2715,0.04,0.8,3247,0.05,1.0,5,0.045,0.9,753,0
SPY190830C297,2019-08-29,2019-08-29 09:35:53,0.05,1.0,2715,0.04,0.8,3247,0.05,1.0,5,0.045,0.9,753,0
SPY190830C297,2019-08-29,2019-08-29 09:35:53,0.05,1.0,2465,0.04,0.8,3247,0.05,1.0,5,0.045,0.9,753,0
SPY190830C297,2019-08-29,2019-08-29 09:35:54,0.05,1.0,2465,0.04,0.8,3247,0.05,1.0,5,0.045,0.9,753,0
SPY190830C297,2019-08-29,2019-08-29 09:35:54,0.05,1.0,2844,0.04,0.8,2853,0.05,1.0,5,0.045,0.9,753,0
SPY190830C297,2019-08-29,2019-08-29 09:35:55,0.05,1.0,3221,0.04,0.8,2878,0.05,1.0,5,0.045,0.9,753,0
SPY190830C297,2019-08-29,2019-08-29 09:35:56,0.05,1.0,3809,0.04,0.8,2993,0.05,1.0,5,0.045,0.9,753,0
SPY190830C297,2019-08-29,2019-08-29 09:35:56,0.05,1.0,3809,0.04,0.8,2763,0.05,1.0,5,0.045,0.9,753,0
SPY190830C297,2019-08-29,2019-08-29 09:35:57,0.05,1.0,4214,0.04,0.8,2789,0.05,1.0,5,0.045,0.9,753,0
SPY190830C297,2019-08-29,2019-08-29 09:35:57,0.05,1.0,4214,0.04,0.8,4661,0.05,1.0,5,0.045,0.9,753,0
SPY190830C297,2019-08-29,2019-08-29 09:35:58,0.05,1.0,4214,0.04,0.8,4661,0.05,1.0,5,0.045,0.9,753,0
SPY190830C297,2019-08-29,2019-08-29 09:36:00,0.05,1.0,2763,0.04,0.8,3118,0.05,1.0,5,0.045,0.9,753,0
SPY190830C297,2019-08-29,2019-08-29 09:36:00,0.05,1.0,3868,0.04,0.8,4335,0.05,1.0,5,0.045,0.9,753,0
SPY190830C297,2019-08-29,2019-08-29 09:36:01,0.05,1.0,3868,0.04,0.8,4335,0.05,1.0,5,0.045,0.9,753,0
SPY190830C297,2019-08-29,2019-08-29 09:36:02,0.05,1.0,3263,0.04,0.8,4335,0.05,1.0,5,0.045,0.9,753,0
SPY190830C297,2019-08-29,2019-08-29 09:36:03,0.05,1.0,3263,0.04,0.8,5493,0.05,1.0,5,0.045,0.9,753,0
SPY190830C297,2019-08-29,2019-08-29 09:36:04,0.05,1.0,3263,0.04,0.8,6126,0.05,1.0,5,0.045,0.9,753,0
SPY190830C297,2019-08-29,2019-08-29 09:36:04,0.05,1.0,3263,0.04,0.8,6477,0.05,1.0,5,0.045,0.9,753,0
SPY190830C297,2019-08-29,2019-08-29 09:36:05,0.05,1.0,3263,0.04,0.8,6477,0.05,1.0,5,0.045,0.9,753,0
SPY190830C297,2019-08-29,2019-08-29 09:36:06,0.05,1.0,3263,0.04,0.8,6587,0.05,1.0,5,0.045,0.9,753,0
SPY190830C297,2019-08-29,2019-08-29 09:36:07,0.05,1.0,3263,0.04,0.8,6587,0.05,1.0,5,0.045,0.9,753,0
SPY190830C297,2019-08-29,2019-08-29 09:36:08,0.05,1.0,2408,0.04,0.8,6466,0.05,1.0,5,0.045,0.9,753,0
SPY190830C297,2019-08-29,2019-08-29 09:36:08,0.05,1.0,3158,0.04,0.8,6466,0.05,1.0,5,0.045,0.9,753,0
SPY190830C297,2019-08-29,2019-08-29 09:36:09,0.05,1.0,2408,0.04,0.8,6466,0.05,1.0,5,0.045,0.9,753,0
SPY190830C297,2019-08-29,2019-08-29 09:36:10,0.05,1.0,2658,0.04,0.8,5560,0.05,1.0,5,0.045,0.9,753,0
SPY190830C297,2019-08-29,2019-08-29 09:36:10,0.05,1.0,3158,0.04,0.8,6466,0.05,1.0,5,0.045,0.9,753,0
SPY190830C297,2019-08-29,2019-08-29 09:36:11,0.05,1.0,2658,0.04,0.8,2823,0.05,1.0,5,0.045,0.9,753,0
SPY190830C297,2019-08-29,2019-08-29 09:36:11,0.05,1.0,2658,0.04,0.8,4100,0.05,1.0,5,0.045,0.9,753,0
SPY190830C297,2019-08-29,2019-08-29 09:36:12,0.05,1.0,3158,0.04,0.8,5944,0.05,1.0,5,0.045,0.9,753,0
SPY190830C297,2019-08-29,2019-08-29 09:36:13,0.05,1.0,4421,0.04,0.8,5944,0.05,1.0,5,0.045,0.9,753,0
SPY190830C297,2019-08-29,2019-08-29 09:36:14,0.05,1.0,4421,0.04,0.8,5944,0.05,1.0,5,0.045,0.9,753,0
SPY190830C297,2019-08-29,2019-08-29 09:36:15,0.05,1.0,4421,0.04,0.8,6223,0.05,1.0,5,0.045,0.9,753,0
SPY190830C297,2019-08-29,2019-08-29 09:36:15,0.05,1.0,3721,0.04,0.8,5944,0.05,1.0,5,0.045,0.9,753,0
SPY190830C297,2019-08-29,2019-08-29 09:36:16,0.05,1.0,4221,0.04,0.8,5944,0.05,1.0,5,0.045,0.9,753,0
SPY190830C297,2019-08-29,2019-08-29 09:36:17,0.05,1.0,3721,0.04,0.8,2883,0.05,1.0,5,0.045,0.9,753,0
SPY190830C297,2019-08-29,2019-08-29 09:36:17,0.05,1.0,4221,0.04,0.8,5856,0.05,1.0,5,0.045,0.9,753,0
SPY190830C297,2019-08-29,2019-08-29 09:36:18,0.05,1.0,4221,0.04,0.8,5856,0.05,1.0,5,0.045,0.9,753,0
SPY190830C297,2019-08-29,2019-08-29 09:36:19,0.05,1.0,4221,0.04,0.8,5856,0.05,1.0,5,0.045,0.9,753,0
SPY190830C297,2019-08-29,2019-08-29 09:36:20,0.05,1.0,4221,0.04,0.8,5856,0.05,1.0,5,0.045,0.9,753,0
SPY190830C297,2019-08-29,2019-08-29 09:36:21,0.05,1.0,3110,0.04,0.8,5420,0.05,1.0,5,0.045,0.9,753,0
SPY190830C297,2019-08-29,2019-08-29 09:36:21,0.05,1.0,3721,0.04,0.8,4639,0.05,1.0,5,0.045,0.9,753,0
SPY190830C297,2019-08-29,2019-08-29 09:36:22,0.05,1.0,3610,0.04,0.8,5420,0.05,1.0,5,0.045,0.9,753,0
SPY190830C297,2019-08-29,2019-08-29 09:36:23,0.05,1.0,3610,0.04,0.8,5420,0.05,1.0,5,0.045,0.9,753,0
SPY190830C297,2019-08-29,2019-08-29 09:36:23,0.05,1.0,3610,0.04,0.8,4365,0.05,1.0,5,0.045,0.9,753,0
SPY190830C297,2019-08-29,2019-08-29 09:36:24,0.05,1.0,3610,0.04,0.8,4365,0.05,1.0,5,0.045,0.9,753,0
SPY190830C297,2019-08-29,2019-08-29 09:36:25,0.05,1.0,3610,0.04,0.8,4365,0.05,1.0,5,0.045,0.9,753,0
SPY190830C297,2019-08-29,2019-08-29 09:36:26,0.05,1.0,3610,0.04,0.8,3594,0.05,1.0,5,0.045,0.9,753,0
SPY190830C297,2019-08-29,2019-08-29 09:36:26,0.05,1.0,3610,0.04,0.8,2844,0.05,1.0,5,0.045,0.9,753,0
SPY190830C297,2019-08-29,2019-08-29 09:36:27,0.05,1.0,3610,0.04,0.8,3998,0.05,1.0,5,0.045,0.9,753,0
SPY190830C297,2019-08-29,2019-08-29 09:36:27,0.05,1.0,3587,0.04,0.8,1877,0.05,1.0,5,0.045,0.9,753,0
SPY190830C297,2019-08-29,2019-08-29 09:36:28,0.05,1.0,3587,0.04,0.8,2887,0.05,1.0,5,0.045,0.9,753,0
SPY190830C297,2019-08-29,2019-08-29 09:36:28,0.05,1.0,3587,0.04,0.8,1877,0.05,1.0,5,0.045,0.9,753,0
SPY190830C297,2019-08-29,2019-08-29 09:36:29,0.05,1.0,3587,0.04,0.8,3358,0.05,1.0,5,0.045,0.9,753,0
SPY190830C297,2019-08-29,2019-08-29 09:36:29,0.05,1.0,3587,0.04,0.8,2887,0.05,1.0,5,0.045,0.9,753,0
SPY190830C297,2019-08-29,2019-08-29 09:36:30,0.05,1.0,4162,0.04,0.8,3107,0.05,1.0,5,0.045,0.9,753,0
SPY190830C297,2019-08-29,2019-08-29 09:36:30,0.05,1.0,4162,0.04,0.8,3612,0.05,1.0,5,0.045,0.9,753,0
SPY190830C297,2019-08-29,2019-08-29 09:36:31,0.05,1.0,4162,0.04,0.8,938,0.05,1.0,5,0.045,0.9,753,0
SPY190830C297,2019-08-29,2019-08-29 09:36:31,0.05,1.0,4162,0.04,0.8,1443,0.05,1.0,5,0.045,0.9,753,0
SPY190830C297,2019-08-29,2019-08-29 09:36:32,0.05,1.0,3662,0.04,0.8,2458,0.05,1.0,5,0.045,0.9,753,0
SPY190830C297,2019-08-29,2019-08-29 09:36:32,0.05,1.0,4162,0.04,0.8,2458,0.05,1.0,5,0.045,0.9,753,0
SPY190830C297,2019-08-29,2019-08-29 09:36:33,0.05,1.0,4162,0.04,0.8,2458,0.05,1.0,5,0.045,0.9,753,0
SPY190830C297,2019-08-29,2019-08-29 09:36:34,0.05,1.0,4162,0.04,0.8,2458,0.05,1.0,5,0.045,0.9,753,0
SPY190830C297,2019-08-29,2019-08-29 09:36:35,0.05,1.0,4162,0.04,0.8,2458,0.05,1.0,5,0.045,0.9,753,0
SPY190830C297,2019-08-29,2019-08-29 09:36:36,0.05,1.0,4171,0.04,0.8,2286,0.05,1.0,5,0.045,0.9,753,0
SPY190830C297,2019-08-29,2019-08-29 09:36:37,0.05,1.0,3039,0.04,0.8,493,0.05,1.0,5,0.045,0.9,753,0
SPY190830C297,2019-08-29,2019-08-29 09:36:38,0.04,0.8,1221,0.03,0.6,4707,0.05,1.0,5,0.035,0.7,753,0
SPY190830C297,2019-08-29,2019-08-29 09:36:38,0.04,0.8,5,0.03,0.6,4083,0.05,1.0,5,0.035,0.7,753,0
SPY190830C297,2019-08-29,2019-08-29 09:36:39,0.04,0.8,1390,0.03,0.6,4078,0.05,1.0,5,0.035,0.7,753,0
SPY190830C297,2019-08-29,2019-08-29 09:36:39,0.04,0.8,965,0.03,0.6,4707,0.05,1.0,5,0.035,0.7,753,0
SPY190830C297,2019-08-29,2019-08-29 09:36:40,0.04,0.8,697,0.03,0.6,4466,0.05,1.0,5,0.035,0.7,753,0
SPY190830C297,2019-08-29,2019-08-29 09:36:40,0.04,0.8,697,0.03,0.6,4707,0.05,1.0,5,0.035,0.7,753,0
SPY190830C297,2019-08-29,2019-08-29 09:36:41,0.04,0.8,1568,0.03,0.6,4041,0.05,1.0,5,0.035,0.7,753,0
SPY190830C297,2019-08-29,2019-08-29 09:36:41,0.04,0.8,1568,0.03,0.6,4473,0.05,1.0,5,0.035,0.7,753,0
SPY190830C297,2019-08-29,2019-08-29 09:36:42,0.04,0.8,1568,0.03,0.6,4473,0.05,1.0,5,0.035,0.7,753,0
SPY190830C297,2019-08-29,2019-08-29 09:36:43,0.04,0.8,1965,0.03,0.6,4041,0.05,1.0,5,0.035,0.7,753,0
SPY190830C297,2019-08-29,2019-08-29 09:36:44,0.04,0.8,1465,0.03,0.6,5533,0.05,1.0,5,0.035,0.7,753,0
SPY190830C297,2019-08-29,2019-08-29 09:36:44,0.04,0.8,1965,0.03,0.6,4233,0.05,1.0,5,0.035,0.7,753,0
SPY190830C297,2019-08-29,2019-08-29 09:36:45,0.04,0.8,1558,0.03,0.6,4370,0.05,1.0,5,0.035,0.7,753,0
SPY190830C297,2019-08-29,2019-08-29 09:36:46,0.04,0.8,2047,0.03,0.6,6408,0.05,1.0,5,0.035,0.7,753,0
SPY190830C297,2019-08-29,2019-08-29 09:36:46,0.04,0.8,715,0.03,0.6,3701,0.05,1.0,5,0.035,0.7,753,0
SPY190830C297,2019-08-29,2019-08-29 09:36:47,0.04,0.8,2063,0.03,0.6,6408,0.05,1.0,5,0.035,0.7,753,0
SPY190830C297,2019-08-29,2019-08-29 09:36:47,0.04,0.8,1563,0.03,0.6,4335,0.03,0.6,1,0.035,0.7,754,1
SPY190830C297,2019-08-29,2019-08-29 09:36:48,0.04,0.8,2063,0.03,0.6,6423,0.03,0.6,1,0.035,0.7,754,0
SPY190830C297,2019-08-29,2019-08-29 09:36:48,0.04,0.8,2063,0.03,0.6,4340,0.03,0.6,1,0.035,0.7,754,0
SPY190830C297,2019-08-29,2019-08-29 09:36:49,0.04,0.8,1563,0.03,0.6,6423,0.03,0.6,1,0.035,0.7,754,0
SPY190830C297,2019-08-29,2019-08-29 09:36:50,0.04,0.8,1571,0.03,0.6,6467,0.03,0.6,1,0.035,0.7,754,0
SPY190830C297,2019-08-29,2019-08-29 09:36:50,0.04,0.8,1158,0.03,0.6,3704,0.03,0.6,1,0.035,0.7,754,0
SPY190830C297,2019-08-29,2019-08-29 09:36:51,0.04,0.8,1478,0.03,0.6,6467,0.03,0.6,1,0.035,0.7,754,0
SPY190830C297,2019-08-29,2019-08-29 09:36:52,0.04,0.8,247,0.03,0.6,6467,0.03,0.6,1,0.035,0.7,754,0
SPY190830C297,2019-08-29,2019-08-29 09:36:52,0.04,0.8,631,0.03,0.6,6467,0.03,0.6,1,0.035,0.7,754,0
SPY190830C297,2019-08-29,2019-08-29 09:36:53,0.04,0.8,579,0.03,0.6,6611,0.03,0.6,1,0.035,0.7,754,0
SPY190830C297,2019-08-29,2019-08-29 09:36:53,0.04,0.8,247,0.03,0.6,5964,0.03,0.6,1,0.035,0.7,754,0
SPY190830C297,2019-08-29,2019-08-29 09:36:54,0.04,0.8,1410,0.03,0.6,6611,0.03,0.6,1,0.035,0.7,754,0
SPY190830C297,2019-08-29,2019-08-29 09:36:55,0.04,0.8,1065,0.03,0.6,4025,0.03,0.6,1,0.035,0.7,754,0
SPY190830C297,2019-08-29,2019-08-29 09:36:56,0.04,0.8,1462,0.03,0.6,6689,0.03,0.6,1,0.035,0.7,754,0
SPY190830C297,2019-08-29,2019-08-29 09:36:56,0.04,0.8,1462,0.03,0.6,4453,0.03,0.6,1,0.035,0.7,754,0
SPY190830C297,2019-08-29,2019-08-29 09:36:57,0.04,0.8,1462,0.03,0.6,4453,0.03,0.6,1,0.035,0.7,754,0
SPY190830C297,2019-08-29,2019-08-29 09:36:58,0.04,0.8,1462,0.03,0.6,6689,0.03,0.6,1,0.035,0.7,754,0
SPY190830C297,2019-08-29,2019-08-29 09:36:59,0.04,0.8,1462,0.03,0.6,6689,0.03,0.6,1,0.035,0.7,754,0
SPY190830C297,2019-08-29,2019-08-29 09:37:00,0.04,0.8,2259,0.03,0.6,8245,0.03,0.6,1,0.035,0.7,754,0
SPY190830C297,2019-08-29,2019-08-29 09:37:01,0.04,0.8,2259,0.03,0.6,8245,0.03,0.6,1,0.035,0.7,754,0
SPY190830C297,2019-08-29,2019-08-29 09:37:02,0.04,0.8,1862,0.03,0.6,8245,0.03,0.6,1,0.035,0.7,754,0
SPY190830C297,2019-08-29,2019-08-29 09:37:02,0.04,0.8,2259,0.03,0.6,8245,0.03,0.6,1,0.035,0.7,754,0
SPY190830C297,2019-08-29,2019-08-29 09:37:03,0.04,0.8,1558,0.03,0.6,8232,0.03,0.6,1,0.035,0.7,754,0
SPY190830C297,2019-08-29,2019-08-29 09:37:03,0.04,0.8,1978,0.03,0.6,7732,0.03,0.6,2,0.035,0.7,764,10
SPY190830C297,2019-08-29,2019-08-29 09:37:04,0.04,0.8,2163,0.03,0.6,8245,0.03,0.6,2,0.035,0.7,764,0
SPY190830C297,2019-08-29,2019-08-29 09:37:05,0.04,0.8,2147,0.03,0.6,8248,0.03,0.6,2,0.035,0.7,764,0
SPY190830C297,2019-08-29,2019-08-29 09:37:06,0.04,0.8,420,0.03,0.6,6689,0.03,0.6,2,0.035,0.7,764,0
SPY190830C297,2019-08-29,2019-08-29 09:37:06,0.04,0.8,2147,0.03,0.6,8248,0.03,0.6,2,0.035,0.7,764,0
SPY190830C297,2019-08-29,2019-08-29 09:37:07,0.04,0.8,208,0.03,0.6,6689,0.03,0.6,2,0.035,0.7,764,0
SPY190830C297,2019-08-29,2019-08-29 09:37:08,0.04,0.8,208,0.03,0.6,8248,0.03,0.6,2,0.035,0.7,764,0
SPY190830C297,2019-08-29,2019-08-29 09:37:09,0.04,0.8,208,0.03,0.6,8248,0.03,0.6,2,0.035,0.7,764,0
SPY190830C297,2019-08-29,2019-08-29 09:37:09,0.04,0.8,10,0.03,0.6,8248,0.03,0.6,2,0.035,0.7,764,0
SPY190830C297,2019-08-29,2019-08-29 09:37:10,0.04,0.8,10,0.03,0.6,6189,0.03,0.6,2,0.035,0.7,764,0
SPY190830C297,2019-08-29,2019-08-29 09:37:10,0.04,0.8,10,0.03,0.6,7733,0.03,0.6,2,0.035,0.7,764,0
SPY190830C297,2019-08-29,2019-08-29 09:37:11,0.04,0.8,10,0.03,0.6,6689,0.03,0.6,2,0.035,0.7,764,0
SPY190830C297,2019-08-29,2019-08-29 09:37:12,0.04,0.8,10,0.03,0.6,8246,0.03,0.6,2,0.035,0.7,764,0
SPY190830C297,2019-08-29,2019-08-29 09:37:12,0.04,0.8,10,0.03,0.6,6689,0.03,0.6,2,0.035,0.7,764,0
SPY190830C297,2019-08-29,2019-08-29 09:37:13,0.04,0.8,10,0.03,0.6,7785,0.03,0.6,2,0.035,0.7,764,0
SPY190830C297,2019-08-29,2019-08-29 09:37:14,0.04,0.8,10,0.03,0.6,8786,0.03,0.6,2,0.035,0.7,764,0
SPY190830C297,2019-08-29,2019-08-29 09:37:14,0.04,0.8,10,0.03,0.6,6118,0.03,0.6,2,0.035,0.7,764,0
SPY190830C297,2019-08-29,2019-08-29 09:37:15,0.04,0.8,10,0.03,0.6,8786,0.03,0.6,2,0.035,0.7,764,0
SPY190830C297,2019-08-29,2019-08-29 09:37:16,0.04,0.8,10,0.03,0.6,8786,0.03,0.6,2,0.035,0.7,764,0
SPY190830C297,2019-08-29,2019-08-29 09:37:16,0.04,0.8,10,0.03,0.6,7463,0.03,0.6,2,0.035,0.7,764,0
SPY190830C297,2019-08-29,2019-08-29 09:37:17,0.04,0.8,10,0.03,0.6,6158,0.03,0.6,2,0.035,0.7,764,0
SPY190830C297,2019-08-29,2019-08-29 09:37:17,0.04,0.8,10,0.03,0.6,4830,0.03,0.6,2,0.035,0.7,764,0
SPY190830C297,2019-08-29,2019-08-29 09:37:18,0.04,0.8,10,0.03,0.6,5428,0.03,0.6,2,0.035,0.7,764,0
SPY190830C297,2019-08-29,2019-08-29 09:37:19,0.04,0.8,10,0.03,0.6,5428,0.03,0.6,2,0.035,0.7,764,0
SPY190830C297,2019-08-29,2019-08-29 09:37:19,0.04,0.8,10,0.03,0.6,6189,0.03,0.6,2,0.035,0.7,764,0
SPY190830C297,2019-08-29,2019-08-29 09:37:20,0.04,0.8,10,0.03,0.6,8254,0.03,0.6,2,0.035,0.7,764,0
SPY190830C297,2019-08-29,2019-08-29 09:37:20,0.04,0.8,10,0.03,0.6,9043,0.03,0.6,2,0.035,0.7,764,0
SPY190830C297,2019-08-29,2019-08-29 09:37:21,0.04,0.8,10,0.03,0.6,9043,0.03,0.6,2,0.035,0.7,764,0
SPY190830C297,2019-08-29,2019-08-29 09:37:22,0.04,0.8,10,0.03,0.6,8274,0.03,0.6,2,0.035,0.7,764,0
SPY190830C297,2019-08-29,2019-08-29 09:37:23,0.04,0.8,31,0.03,0.6,4148,0.03,0.6,2,0.035,0.7,764,0
SPY190830C297,2019-08-29,2019-08-29 09:37:23,0.04,0.8,10,0.03,0.6,8274,0.03,0.6,2,0.035,0.7,764,0
SPY190830C297,2019-08-29,2019-08-29 09:37:24,0.04,0.8,138,0.03,0.6,5828,0.03,0.6,2,0.035,0.7,764,0
SPY190830C297,2019-08-29,2019-08-29 09:37:24,0.04,0.8,310,0.03,0.6,4035,0.03,0.6,2,0.035,0.7,764,0
SPY190830C297,2019-08-29,2019-08-29 09:37:25,0.04,0.8,1473,0.03,0.6,4492,0.03,0.6,2,0.035,0.7,764,0
SPY190830C297,2019-08-29,2019-08-29 09:37:25,0.04,0.8,3277,0.03,0.6,5809,0.03,0.6,2,0.035,0.7,764,0
SPY190830C297,2019-08-29,2019-08-29 09:37:26,0.04,0.8,2497,0.03,0.6,5804,0.03,0.6,2,0.035,0.7,764,0
SPY190830C297,2019-08-29,2019-08-29 09:37:26,0.04,0.8,2409,0.03,0.6,3848,0.03,0.6,2,0.035,0.7,764,0
SPY190830C297,2019-08-29,2019-08-29 09:37:27,0.04,0.8,1473,0.03,0.6,6689,0.03,0.6,2,0.035,0.7,764,0
SPY190830C297,2019-08-29,2019-08-29 09:37:28,0.04,0.8,2278,0.03,0.6,8245,0.03,0.6,2,0.035,0.7,764,0
SPY190830C297,2019-08-29,2019-08-29 09:37:29,0.04,0.8,2562,0.03,0.6,4340,0.03,0.6,2,0.035,0.7,764,0
SPY190830C297,2019-08-29,2019-08-29 09:37:29,0.04,0.8,2079,0.03,0.6,4340,0.03,0.6,2,0.035,0.7,764,0
SPY190830C297,2019-08-29,2019-08-29 09:37:30,0.04,0.8,3079,0.03,0.6,3682,0.03,0.6,2,0.035,0.7,764,0
SPY190830C297,2019-08-29,2019-08-29 09:37:30,0.04,0.8,1919,0.03,0.6,4035,0.03,0.6,2,0.035,0.7,764,0
SPY190830C297,2019-08-29,2019-08-29 09:37:31,0.04,0.8,2866,0.03,0.6,4269,0.03,0.6,2,0.035,0.7,764,0
SPY190830C297,2019-08-29,2019-08-29 09:37:31,0.04,0.8,3650,0.03,0.6,4623,0.03,0.6,2,0.035,0.7,764,0
SPY190830C297,2019-08-29,2019-08-29 09:37:32,0.04,0.8,2271,0.03,0.6,5825,0.03,0.6,2,0.035,0.7,764,0
SPY190830C297,2019-08-29,2019-08-29 09:37:32,0.04,0.8,2554,0.03,0.6,5825,0.03,0.6,2,0.035,0.7,764,0
SPY190830C297,2019-08-29,2019-08-29 09:37:33,0.04,0.8,2271,0.03,0.6,5825,0.03,0.6,2,0.035,0.7,764,0
SPY190830C297,2019-08-29,2019-08-29 09:37:33,0.04,0.8,1535,0.03,0.6,5308,0.03,0.6,2,0.035,0.7,764,0
SPY190830C297,2019-08-29,2019-08-29 09:37:34,0.04,0.8,2438,0.03,0.6,6069,0.03,0.6,2,0.035,0.7,764,0
SPY190830C297,2019-08-29,2019-08-29 09:37:34,0.04,0.8,1643,0.03,0.6,4131,0.03,0.6,2,0.035,0.7,764,0
SPY190830C297,2019-08-29,2019-08-29 09:37:35,0.04,0.8,1694,0.03,0.6,4358,0.03,0.6,2,0.035,0.7,764,0
SPY190830C297,2019-08-29,2019-08-29 09:37:35,0.04,0.8,1065,0.03,0.6,4358,0.03,0.6,2,0.035,0.7,764,0
SPY190830C297,2019-08-29,2019-08-29 09:37:36,0.04,0.8,1694,0.03,0.6,4358,0.03,0.6,2,0.035,0.7,764,0
SPY190830C297,2019-08-29,2019-08-29 09:37:37,0.04,0.8,10,0.03,0.6,4358,0.03,0.6,2,0.035,0.7,764,0
SPY190830C297,2019-08-29,2019-08-29 09:37:37,0.04,0.8,10,0.03,0.6,5796,0.03,0.6,2,0.035,0.7,764,0
SPY190830C297,2019-08-29,2019-08-29 09:37:38,0.04,0.8,10,0.03,0.6,5684,0.03,0.6,2,0.035,0.7,764,0
SPY190830C297,2019-08-29,2019-08-29 09:37:38,0.04,0.8,10,0.03,0.6,5829,0.03,0.6,2,0.035,0.7,764,0
SPY190830C297,2019-08-29,2019-08-29 09:37:39,0.04,0.8,10,0.03,0.6,6239,0.03,0.6,2,0.035,0.7,764,0
SPY190830C297,2019-08-29,2019-08-29 09:37:40,0.04,0.8,10,0.03,0.6,5329,0.03,0.6,2,0.035,0.7,764,0
SPY190830C297,2019-08-29,2019-08-29 09:37:41,0.04,0.8,10,0.03,0.6,5329,0.03,0.6,2,0.035,0.7,764,0
SPY190830C297,2019-08-29,2019-08-29 09:37:41,0.04,0.8,10,0.03,0.6,5716,0.03,0.6,2,0.035,0.7,764,0
SPY190830C297,2019-08-29,2019-08-29 09:37:42,0.04,0.8,10,0.03,0.6,8066,0.03,0.6,2,0.035,0.7,764,0
SPY190830C297,2019-08-29,2019-08-29 09:37:42,0.04,0.8,10,0.03,0.6,5918,0.03,0.6,2,0.035,0.7,764,0
SPY190830C297,2019-08-29,2019-08-29 09:37:43,0.04,0.8,10,0.03,0.6,7325,0.03,0.6,2,0.035,0.7,764,0
SPY190830C297,2019-08-29,2019-08-29 09:37:44,0.04,0.8,10,0.03,0.6,5669,0.03,0.6,2,0.035,0.7,764,0
SPY190830C297,2019-08-29,2019-08-29 09:37:44,0.04,0.8,10,0.03,0.6,8009,0.03,0.6,2,0.035,0.7,764,0
SPY190830C297,2019-08-29,2019-08-29 09:37:45,0.04,0.8,10,0.03,0.6,8445,0.03,0.6,2,0.035,0.7,764,0
SPY190830C297,2019-08-29,2019-08-29 09:37:46,0.04,0.8,10,0.03,0.6,8445,0.03,0.6,2,0.035,0.7,764,0
SPY190830C297,2019-08-29,2019-08-29 09:37:47,0.04,0.8,10,0.03,0.6,7881,0.04,0.8,2,0.035,0.7,766,0
SPY190830C297,2019-08-29,2019-08-29 09:37:47,0.04,0.8,10,0.03,0.6,6924,0.04,0.8,2,0.035,0.7,766,2
SPY190830C297,2019-08-29,2019-08-29 09:37:48,0.04,0.8,10,0.03,0.6,4992,0.05,1.0,5,0.035,0.7,771,0
SPY190830C297,2019-08-29,2019-08-29 09:37:48,0.04,0.8,10,0.03,0.6,4485,0.05,1.0,5,0.035,0.7,771,5
SPY190830C297,2019-08-29,2019-08-29 09:37:49,0.04,0.8,10,0.03,0.6,7941,0.05,1.0,5,0.035,0.7,771,0
SPY190830C297,2019-08-29,2019-08-29 09:37:49,0.04,0.8,10,0.03,0.6,5657,0.05,1.0,5,0.035,0.7,771,0
SPY190830C297,2019-08-29,2019-08-29 09:37:50,0.04,0.8,10,0.03,0.6,8099,0.05,1.0,5,0.035,0.7,771,0
SPY190830C297,2019-08-29,2019-08-29 09:37:50,0.04,0.8,10,0.03,0.6,7484,0.05,1.0,5,0.035,0.7,771,0
SPY190830C297,2019-08-29,2019-08-29 09:37:51,0.04,0.8,10,0.03,0.6,4142,0.05,1.0,5,0.035,0.7,771,0
SPY190830C297,2019-08-29,2019-08-29 09:37:51,0.04,0.8,10,0.03,0.6,8099,0.05,1.0,5,0.035,0.7,771,0
SPY190830C297,2019-08-29,2019-08-29 09:37:52,0.04,0.8,10,0.03,0.6,8579,0.05,1.0,5,0.035,0.7,771,0
SPY190830C297,2019-08-29,2019-08-29 09:37:52,0.04,0.8,10,0.03,0.6,5763,0.05,1.0,5,0.035,0.7,771,0
SPY190830C297,2019-08-29,2019-08-29 09:37:53,0.04,0.8,10,0.03,0.6,8579,0.05,1.0,5,0.035,0.7,771,0
SPY190830C297,2019-08-29,2019-08-29 09:37:54,0.04,0.8,10,0.03,0.6,8579,0.05,1.0,5,0.035,0.7,771,0
SPY190830C297,2019-08-29,2019-08-29 09:37:54,0.04,0.8,10,0.03,0.6,8500,0.05,1.0,5,0.035,0.7,771,0
SPY190830C297,2019-08-29,2019-08-29 09:37:55,0.04,0.8,10,0.03,0.6,8500,0.05,1.0,5,0.035,0.7,771,0
SPY190830C297,2019-08-29,2019-08-29 09:37:56,0.04,0.8,10,0.03,0.6,7020,0.05,1.0,5,0.035,0.7,771,0
SPY190830C297,2019-08-29,2019-08-29 09:37:56,0.04,0.8,10,0.03,0.6,8500,0.05,1.0,5,0.035,0.7,771,0
SPY190830C297,2019-08-29,2019-08-29 09:37:57,0.04,0.8,10,0.03,0.6,8576,0.05,1.0,5,0.035,0.7,771,0
SPY190830C297,2019-08-29,2019-08-29 09:37:58,0.04,0.8,10,0.03,0.6,8576,0.05,1.0,5,0.035,0.7,771,0
SPY190830C297,2019-08-29,2019-08-29 09:37:59,0.04,0.8,10,0.03,0.6,8576,0.05,1.0,5,0.035,0.7,771,0
SPY190830C297,2019-08-29,2019-08-29 09:37:59,0.04,0.8,10,0.03,0.6,7520,0.05,1.0,5,0.035,0.7,771,0
SPY190830C297,2019-08-29,2019-08-29 09:38:00,0.04,0.8,10,0.03,0.6,9087,0.05,1.0,5,0.035,0.7,771,0
SPY190830C297,2019-08-29,2019-08-29 09:38:01,0.04,0.8,10,0.03,0.6,6324,0.05,1.0,5,0.035,0.7,771,0
SPY190830C297,2019-08-29,2019-08-29 09:38:01,0.04,0.8,10,0.03,0.6,8433,0.05,1.0,5,0.035,0.7,771,0
SPY190830C297,2019-08-29,2019-08-29 09:38:02,0.04,0.8,10,0.03,0.6,8977,0.05,1.0,5,0.035,0.7,771,0
SPY190830C297,2019-08-29,2019-08-29 09:38:02,0.04,0.8,10,0.03,0.6,8477,0.05,1.0,5,0.035,0.7,771,0
SPY190830C297,2019-08-29,2019-08-29 09:38:03,0.04,0.8,10,0.03,0.6,8977,0.05,1.0,5,0.035,0.7,771,0
SPY190830C297,2019-08-29,2019-08-29 09:38:04,0.04,0.8,10,0.03,0.6,8933,0.05,1.0,5,0.035,0.7,771,0
SPY190830C297,2019-08-29,2019-08-29 09:38:04,0.04,0.8,10,0.03,0.6,8326,0.05,1.0,5,0.035,0.7,771,0
SPY190830C297,2019-08-29,2019-08-29 09:38:05,0.04,0.8,10,0.03,0.6,8933,0.05,1.0,5,0.035,0.7,771,0
SPY190830C297,2019-08-29,2019-08-29 09:38:06,0.04,0.8,10,0.03,0.6,7359,0.05,1.0,5,0.035,0.7,771,0
SPY190830C297,2019-08-29,2019-08-29 09:38:07,0.04,0.8,10,0.03,0.6,7359,0.05,1.0,5,0.035,0.7,771,0
SPY190830C297,2019-08-29,2019-08-29 09:38:08,0.04,0.8,10,0.03,0.6,7359,0.05,1.0,5,0.035,0.7,771,0
SPY190830C297,2019-08-29,2019-08-29 09:38:09,0.04,0.8,10,0.03,0.6,7359,0.05,1.0,5,0.035,0.7,771,0
SPY190830C297,2019-08-29,2019-08-29 09:38:10,0.04,0.8,10,0.03,0.6,7359,0.05,1.0,5,0.035,0.7,771,0
SPY190830C297,2019-08-29,2019-08-29 09:38:11,0.04,0.8,10,0.03,0.6,7192,0.05,1.0,5,0.035,0.7,771,0
SPY190830C297,2019-08-29,2019-08-29 09:38:11,0.04,0.8,10,0.03,0.6,8765,0.05,1.0,5,0.035,0.7,771,0
SPY190830C297,2019-08-29,2019-08-29 09:38:12,0.04,0.8,10,0.03,0.6,8919,0.05,1.0,5,0.035,0.7,771,0
SPY190830C297,2019-08-29,2019-08-29 09:38:12,0.04,0.8,10,0.03,0.6,8266,0.05,1.0,5,0.035,0.7,771,0
SPY190830C297,2019-08-29,2019-08-29 09:38:13,0.04,0.8,10,0.03,0.6,7346,0.05,1.0,5,0.035,0.7,771,0
SPY190830C297,2019-08-29,2019-08-29 09:38:13,0.04,0.8,10,0.03,0.6,8923,0.05,1.0,5,0.035,0.7,771,0
SPY190830C297,2019-08-29,2019-08-29 09:38:14,0.04,0.8,10,0.03,0.6,8923,0.05,1.0,5,0.035,0.7,771,0
SPY190830C297,2019-08-29,2019-08-29 09:38:15,0.04,0.8,10,0.03,0.6,8923,0.05,1.0,5,0.035,0.7,771,0
SPY190830C297,2019-08-29,2019-08-29 09:38:16,0.04,0.8,10,0.03,0.6,7346,0.05,1.0,5,0.035,0.7,771,0
SPY190830C297,2019-08-29,2019-08-29 09:38:17,0.04,0.8,10,0.03,0.6,7346,0.05,1.0,5,0.035,0.7,771,0
SPY190830C297,2019-08-29,2019-08-29 09:38:18,0.04,0.8,10,0.03,0.6,7182,0.05,1.0,5,0.035,0.7,771,0
SPY190830C297,2019-08-29,2019-08-29 09:38:18,0.04,0.8,10,0.03,0.6,8755,0.05,1.0,5,0.035,0.7,771,0
SPY190830C297,2019-08-29,2019-08-29 09:38:19,0.04,0.8,10,0.03,0.6,8755,0.05,1.0,5,0.035,0.7,771,0
SPY190830C297,2019-08-29,2019-08-29 09:38:20,0.04,0.8,10,0.03,0.6,8755,0.05,1.0,5,0.035,0.7,771,0
SPY190830C297,2019-08-29,2019-08-29 09:38:21,0.04,0.8,310,0.03,0.6,5007,0.05,1.0,5,0.035,0.7,771,0
SPY190830C297,2019-08-29,2019-08-29 09:38:21,0.04,0.8,97,0.03,0.6,4507,0.05,1.0,5,0.035,0.7,771,0
SPY190830C297,2019-08-29,2019-08-29 09:38:22,0.04,0.8,97,0.03,0.6,6350,0.05,1.0,5,0.035,0.7,771,0
SPY190830C297,2019-08-29,2019-08-29 09:38:22,0.04,0.8,115,0.03,0.6,6350,0.05,1.0,5,0.035,0.7,771,0
SPY190830C297,2019-08-29,2019-08-29 09:38:23,0.04,0.8,252,0.03,0.6,8475,0.05,1.0,5,0.035,0.7,771,0
SPY190830C297,2019-08-29,2019-08-29 09:38:23,0.04,0.8,158,0.03,0.6,8475,0.05,1.0,5,0.035,0.7,771,0
SPY190830C297,2019-08-29,2019-08-29 09:38:24,0.04,0.8,117,0.03,0.6,7094,0.05,1.0,5,0.035,0.7,771,0
SPY190830C297,2019-08-29,2019-08-29 09:38:24,0.04,0.8,108,0.03,0.6,6594,0.05,1.0,5,0.035,0.7,771,0
SPY190830C297,2019-08-29,2019-08-29 09:38:25,0.04,0.8,128,0.03,0.6,6253,0.05,1.0,5,0.035,0.7,771,0
SPY190830C297,2019-08-29,2019-08-29 09:38:25,0.04,0.8,128,0.03,0.6,6594,0.05,1.0,5,0.035,0.7,771,0
SPY190830C297,2019-08-29,2019-08-29 09:38:26,0.04,0.8,117,0.03,0.6,7055,0.05,1.0,5,0.035,0.7,771,0
SPY190830C297,2019-08-29,2019-08-29 09:38:27,0.04,0.8,114,0.03,0.6,8620,0.05,1.0,5,0.035,0.7,771,0
SPY190830C297,2019-08-29,2019-08-29 09:38:27,0.04,0.8,114,0.03,0.6,6555,0.05,1.0,5,0.035,0.7,771,0
SPY190830C297,2019-08-29,2019-08-29 09:38:28,0.04,0.8,295,0.03,0.6,8611,0.05,1.0,5,0.035,0.7,771,0
SPY190830C297,2019-08-29,2019-08-29 09:38:28,0.04,0.8,168,0.03,0.6,8611,0.05,1.0,5,0.035,0.7,771,0
SPY190830C297,2019-08-29,2019-08-29 09:38:29,0.04,0.8,168,0.03,0.6,6768,0.05,1.0,5,0.035,0.7,771,0
SPY190830C297,2019-08-29,2019-08-29 09:38:29,0.04,0.8,168,0.03,0.6,8111,0.05,1.0,5,0.035,0.7,771,0
SPY190830C297,2019-08-29,2019-08-29 09:38:30,0.04,0.8,128,0.03,0.6,7819,0.05,1.0,5,0.035,0.7,771,0
SPY190830C297,2019-08-29,2019-08-29 09:38:31,0.04,0.8,228,0.03,0.6,8786,0.05,1.0,5,0.035,0.7,771,0
SPY190830C297,2019-08-29,2019-08-29 09:38:32,0.04,0.8,228,0.03,0.6,8786,0.05,1.0,5,0.035,0.7,771,0
SPY190830C297,2019-08-29,2019-08-29 09:38:33,0.04,0.8,228,0.03,0.6,8786,0.05,1.0,5,0.035,0.7,771,0
SPY190830C297,2019-08-29,2019-08-29 09:38:34,0.04,0.8,228,0.03,0.6,8786,0.05,1.0,5,0.035,0.7,771,0
SPY190830C297,2019-08-29,2019-08-29 09:38:35,0.04,0.8,148,0.03,0.6,7236,0.05,1.0,5,0.035,0.7,771,0
SPY190830C297,2019-08-29,2019-08-29 09:38:35,0.04,0.8,228,0.03,0.6,8786,0.05,1.0,5,0.035,0.7,771,0
SPY190830C297,2019-08-29,2019-08-29 09:38:36,0.04,0.8,453,0.03,0.6,8808,0.05,1.0,5,0.035,0.7,771,0
SPY190830C297,2019-08-29,2019-08-29 09:38:36,0.04,0.8,354,0.03,0.6,8808,0.05,1.0,5,0.035,0.7,771,0
SPY190830C297,2019-08-29,2019-08-29 09:38:37,0.04,0.8,471,0.03,0.6,8808,0.05,1.0,5,0.035,0.7,771,0
SPY190830C297,2019-08-29,2019-08-29 09:38:38,0.04,0.8,471,0.03,0.6,8808,0.05,1.0,5,0.035,0.7,771,0
SPY190830C297,2019-08-29,2019-08-29 09:38:38,0.04,0.8,351,0.03,0.6,8808,0.05,1.0,5,0.035,0.7,771,0
SPY190830C297,2019-08-29,2019-08-29 09:38:39,0.04,0.8,497,0.03,0.6,8808,0.05,1.0,5,0.035,0.7,771,0
SPY190830C297,2019-08-29,2019-08-29 09:38:40,0.04,0.8,538,0.03,0.6,8808,0.05,1.0,5,0.035,0.7,771,0
SPY190830C297,2019-08-29,2019-08-29 09:38:40,0.04,0.8,281,0.03,0.6,7236,0.05,1.0,5,0.035,0.7,771,0
SPY190830C297,2019-08-29,2019-08-29 09:38:41,0.04,0.8,538,0.03,0.6,8808,0.05,1.0,5,0.035,0.7,771,0
SPY190830C297,2019-08-29,2019-08-29 09:38:42,0.04,0.8,227,0.03,0.6,8807,0.05,1.0,5,0.035,0.7,771,0
SPY190830C297,2019-08-29,2019-08-29 09:38:43,0.04,0.8,196,0.03,0.6,5554,0.05,1.0,5,0.035,0.7,771,0
SPY190830C297,2019-08-29,2019-08-29 09:38:43,0.04,0.8,111,0.03,0.6,8802,0.05,1.0,5,0.035,0.7,771,0
SPY190830C297,2019-08-29,2019-08-29 09:38:44,0.04,0.8,231,0.03,0.6,8802,0.05,1.0,5,0.035,0.7,771,0
SPY190830C297,2019-08-29,2019-08-29 09:38:44,0.04,0.8,111,0.03,0.6,8802,0.05,1.0,5,0.035,0.7,771,0
SPY190830C297,2019-08-29,2019-08-29 09:38:45,0.04,0.8,303,0.03,0.6,8802,0.05,1.0,5,0.035,0.7,771,0
SPY190830C297,2019-08-29,2019-08-29 09:38:46,0.04,0.8,303,0.03,0.6,8802,0.05,1.0,5,0.035,0.7,771,0
SPY190830C297,2019-08-29,2019-08-29 09:38:47,0.04,0.8,303,0.03,0.6,8802,0.05,1.0,5,0.035,0.7,771,0
SPY190830C297,2019-08-29,2019-08-29 09:38:48,0.04,0.8,208,0.03,0.6,8788,0.05,1.0,5,0.035,0.7,771,0
SPY190830C297,2019-08-29,2019-08-29 09:38:48,0.04,0.8,228,0.03,0.6,5443,0.05,1.0,5,0.035,0.7,771,0
SPY190830C297,2019-08-29,2019-08-29 09:38:49,0.04,0.8,208,0.03,0.6,8788,0.05,1.0,5,0.035,0.7,771,0
SPY190830C297,2019-08-29,2019-08-29 09:38:50,0.04,0.8,288,0.03,0.6,8788,0.05,1.0,5,0.035,0.7,771,0
SPY190830C297,2019-08-29,2019-08-29 09:38:51,0.04,0.8,174,0.03,0.6,8788,0.05,1.0,5,0.035,0.7,771,0
SPY190830C297,2019-08-29,2019-08-29 09:38:52,0.04,0.8,323,0.03,0.6,8788,0.05,1.0,5,0.035,0.7,771,0
SPY190830C297,2019-08-29,2019-08-29 09:38:52,0.04,0.8,174,0.03,0.6,8788,0.05,1.0,5,0.035,0.7,771,0
SPY190830C297,2019-08-29,2019-08-29 09:38:53,0.04,0.8,323,0.03,0.6,8288,0.05,1.0,5,0.035,0.7,771,0
SPY190830C297,2019-08-29,2019-08-29 09:38:53,0.04,0.8,323,0.03,0.6,8788,0.05,1.0,5,0.035,0.7,771,0
SPY190830C297,2019-08-29,2019-08-29 09:38:54,0.04,0.8,299,0.03,0.6,8304,0.05,1.0,5,0.035,0.7,771,0
SPY190830C297,2019-08-29,2019-08-29 09:38:54,0.04,0.8,2431,0.03,0.6,8304,0.05,1.0,5,0.035,0.7,771,0
SPY190830C297,2019-08-29,2019-08-29 09:38:55,0.04,0.8,2641,0.03,0.6,8304,0.05,1.0,5,0.035,0.7,771,0
SPY190830C297,2019-08-29,2019-08-29 09:38:56,0.04,0.8,1880,0.03,0.6,6749,0.05,1.0,5,0.035,0.7,771,0
SPY190830C297,2019-08-29,2019-08-29 09:38:57,0.04,0.8,1501,0.03,0.6,6260,0.05,1.0,5,0.035,0.7,771,0
SPY190830C297,2019-08-29,2019-08-29 09:38:57,0.04,0.8,1880,0.03,0.6,6366,0.05,1.0,5,0.035,0.7,771,0
SPY190830C297,2019-08-29,2019-08-29 09:38:58,0.04,0.8,2745,0.03,0.6,7903,0.05,1.0,5,0.035,0.7,771,0
SPY190830C297,2019-08-29,2019-08-29 09:38:58,0.04,0.8,2232,0.03,0.6,7903,0.05,1.0,5,0.035,0.7,771,0
SPY190830C297,2019-08-29,2019-08-29 09:38:59,0.04,0.8,2232,0.03,0.6,7903,0.05,1.0,5,0.035,0.7,771,0
SPY190830C297,2019-08-29,2019-08-29 09:39:00,0.04,0.8,2137,0.03,0.6,8611,0.05,1.0,5,0.035,0.7,771,0
SPY190830C297,2019-08-29,2019-08-29 09:39:01,0.04,0.8,2516,0.03,0.6,9272,0.05,1.0,5,0.035,0.7,771,0
SPY190830C297,2019-08-29,2019-08-29 09:39:01,0.04,0.8,2421,0.03,0.6,9272,0.05,1.0,5,0.035,0.7,771,0
SPY190830C297,2019-08-29,2019-08-29 09:39:02,0.04,0.8,2421,0.03,0.6,9272,0.05,1.0,5,0.035,0.7,771,0
SPY190830C297,2019-08-29,2019-08-29 09:39:03,0.04,0.8,2137,0.03,0.6,7840,0.05,1.0,5,0.035,0.7,771,0
SPY190830C297,2019-08-29,2019-08-29 09:39:03,0.04,0.8,2572,0.03,0.6,8604,0.05,1.0,5,0.035,0.7,771,0
SPY190830C297,2019-08-29,2019-08-29 09:39:04,0.04,0.8,2572,0.03,0.6,8604,0.05,1.0,5,0.035,0.7,771,0
SPY190830C297,2019-08-29,2019-08-29 09:39:05,0.04,0.8,2600,0.03,0.6,7907,0.05,1.0,5,0.035,0.7,771,0
SPY190830C297,2019-08-29,2019-08-29 09:39:06,0.04,0.8,2600,0.03,0.6,7713,0.05,1.0,5,0.035,0.7,771,0
SPY190830C297,2019-08-29,2019-08-29 09:39:06,0.04,0.8,2600,0.03,0.6,8374,0.05,1.0,5,0.035,0.7,771,0
SPY190830C297,2019-08-29,2019-08-29 09:39:07,0.04,0.8,2600,0.03,0.6,7713,0.05,1.0,5,0.035,0.7,771,0
SPY190830C297,2019-08-29,2019-08-29 09:39:07,0.04,0.8,2600,0.03,0.6,8374,0.05,1.0,5,0.035,0.7,771,0
SPY190830C297,2019-08-29,2019-08-29 09:39:08,0.04,0.8,2226,0.03,0.6,7132,0.05,1.0,5,0.035,0.7,771,0
SPY190830C297,2019-08-29,2019-08-29 09:39:08,0.04,0.8,2597,0.03,0.6,7919,0.05,1.0,5,0.035,0.7,771,0
SPY190830C297,2019-08-29,2019-08-29 09:39:09,0.04,0.8,2597,0.03,0.6,7919,0.05,1.0,5,0.035,0.7,771,0
SPY190830C297,2019-08-29,2019-08-29 09:39:09,0.04,0.8,2597,0.03,0.6,8580,0.05,1.0,5,0.035,0.7,771,0
SPY190830C297,2019-08-29,2019-08-29 09:39:10,0.04,0.8,2597,0.03,0.6,7722,0.05,1.0,5,0.035,0.7,771,0
SPY190830C297,2019-08-29,2019-08-29 09:39:11,0.04,0.8,2597,0.03,0.6,7722,0.05,1.0,5,0.035,0.7,771,0
SPY190830C297,2019-08-29,2019-08-29 09:39:11,0.04,0.8,2603,0.03,0.6,7694,0.05,1.0,5,0.035,0.7,771,0
SPY190830C297,2019-08-29,2019-08-29 09:39:12,0.04,0.8,2603,0.03,0.6,7694,0.05,1.0,5,0.035,0.7,771,0
SPY190830C297,2019-08-29,2019-08-29 09:39:13,0.04,0.8,2603,0.03,0.6,7694,0.05,1.0,5,0.035,0.7,771,0
SPY190830C297,2019-08-29,2019-08-29 09:39:13,0.04,0.8,1872,0.03,0.6,6649,0.05,1.0,5,0.035,0.7,771,0
SPY190830C297,2019-08-29,2019-08-29 09:39:14,0.04,0.8,1436,0.03,0.6,5713,0.05,1.0,5,0.035,0.7,771,0
SPY190830C297,2019-08-29,2019-08-29 09:39:15,0.04,0.8,2080,0.03,0.6,7761,0.05,1.0,5,0.035,0.7,771,0
SPY190830C297,2019-08-29,2019-08-29 09:39:15,0.04,0.8,1436,0.03,0.6,6055,0.05,1.0,5,0.035,0.7,771,0
SPY190830C297,2019-08-29,2019-08-29 09:39:16,0.04,0.8,313,0.03,0.6,5149,0.05,1.0,5,0.035,0.7,771,0
SPY190830C297,2019-08-29,2019-08-29 09:39:16,0.04,0.8,1065,0.03,0.6,4692,0.05,1.0,5,0.035,0.7,771,0
SPY190830C297,2019-08-29,2019-08-29 09:39:17,0.04,0.8,1896,0.03,0.6,6916,0.05,1.0,5,0.035,0.7,771,0
SPY190830C297,2019-08-29,2019-08-29 09:39:17,0.04,0.8,1896,0.03,0.6,6416,0.05,1.0,5,0.035,0.7,771,0
SPY190830C297,2019-08-29,2019-08-29 09:39:18,0.04,0.8,2693,0.03,0.6,7981,0.05,1.0,5,0.035,0.7,771,0
SPY190830C297,2019-08-29,2019-08-29 09:39:18,0.04,0.8,1896,0.03,0.6,6916,0.05,1.0,5,0.035,0.7,771,0
SPY190830C297,2019-08-29,2019-08-29 09:39:19,0.04,0.8,2741,0.03,0.6,8492,0.05,1.0,5,0.035,0.7,771,0
SPY190830C297,2019-08-29,2019-08-29 09:39:20,0.04,0.8,2642,0.03,0.6,8492,0.05,1.0,5,0.035,0.7,771,0
SPY190830C297,2019-08-29,2019-08-29 09:39:20,0.04,0.8,2642,0.03,0.6,5123,0.05,1.0,5,0.035,0.7,771,0
SPY190830C297,2019-08-29,2019-08-29 09:39:21,0.04,0.8,1797,0.03,0.6,5123,0.05,1.0,5,0.035,0.7,771,0
SPY190830C297,2019-08-29,2019-08-29 09:39:21,0.04,0.8,2642,0.03,0.6,5123,0.05,1.0,5,0.035,0.7,771,0
SPY190830C297,2019-08-29,2019-08-29 09:39:22,0.04,0.8,2650,0.03,0.6,8487,0.05,1.0,5,0.035,0.7,771,0
SPY190830C297,2019-08-29,2019-08-29 09:39:22,0.04,0.8,2660,0.03,0.6,5903,0.05,1.0,5,0.035,0.7,771,0
SPY190830C297,2019-08-29,2019-08-29 09:39:23,0.04,0.8,3160,0.03,0.6,8193,0.05,1.0,5,0.035,0.7,771,0
SPY190830C297,2019-08-29,2019-08-29 09:39:24,0.04,0.8,3160,0.03,0.6,8193,0.05,1.0,5,0.035,0.7,771,0
SPY190830C297,2019-08-29,2019-08-29 09:39:24,0.04,0.8,3450,0.03,0.6,8259,0.05,1.0,5,0.035,0.7,771,0
SPY190830C297,2019-08-29,2019-08-29 09:39:25,0.04,0.8,3450,0.03,0.6,8259,0.05,1.0,5,0.035,0.7,771,0
SPY190830C297,2019-08-29,2019-08-29 09:39:26,0.04,0.8,1797,0.03,0.6,6203,0.05,1.0,5,0.035,0.7,771,0
SPY190830C297,2019-08-29,2019-08-29 09:39:26,0.04,0.8,2635,0.03,0.6,7753,0.05,1.0,5,0.035,0.7,771,0
SPY190830C297,2019-08-29,2019-08-29 09:39:27,0.04,0.8,2599,0.03,0.6,7753,0.05,1.0,5,0.035,0.7,771,0
SPY190830C297,2019-08-29,2019-08-29 09:39:27,0.04,0.8,2599,0.03,0.6,8253,0.05,1.0,5,0.035,0.7,771,0
SPY190830C297,2019-08-29,2019-08-29 09:39:28,0.04,0.8,1892,0.03,0.6,6303,0.05,1.0,5,0.035,0.7,771,0
SPY190830C297,2019-08-29,2019-08-29 09:39:28,0.04,0.8,1892,0.03,0.6,6203,0.05,1.0,5,0.035,0.7,771,0
SPY190830C297,2019-08-29,2019-08-29 09:39:29,0.04,0.8,1892,0.03,0.6,6303,0.05,1.0,5,0.035,0.7,771,0
SPY190830C297,2019-08-29,2019-08-29 09:39:29,0.04,0.8,1892,0.03,0.6,6709,0.05,1.0,5,0.035,0.7,771,0
SPY190830C297,2019-08-29,2019-08-29 09:39:30,0.04,0.8,1892,0.03,0.6,6709,0.05,1.0,5,0.035,0.7,771,0
SPY190830C297,2019-08-29,2019-08-29 09:39:31,0.04,0.8,1892,0.03,0.6,6709,0.05,1.0,5,0.035,0.7,771,0
SPY190830C297,2019-08-29,2019-08-29 09:39:32,0.04,0.8,1892,0.03,0.6,6709,0.05,1.0,5,0.035,0.7,771,0
SPY190830C297,2019-08-29,2019-08-29 09:39:33,0.04,0.8,1892,0.03,0.6,6472,0.05,1.0,5,0.035,0.7,771,0
SPY190830C297,2019-08-29,2019-08-29 09:39:34,0.04,0.8,2794,0.03,0.6,8527,0.05,1.0,5,0.035,0.7,771,0
SPY190830C297,2019-08-29,2019-08-29 09:39:35,0.04,0.8,2794,0.03,0.6,8527,0.05,1.0,5,0.035,0.7,771,0
SPY190830C297,2019-08-29,2019-08-29 09:39:36,0.04,0.8,2403,0.03,0.6,7745,0.05,1.0,5,0.035,0.7,771,0
SPY190830C297,2019-08-29,2019-08-29 09:39:36,0.04,0.8,2794,0.03,0.6,8527,0.05,1.0,5,0.035,0.7,771,0
SPY190830C297,2019-08-29,2019-08-29 09:39:37,0.04,0.8,2794,0.03,0.6,8527,0.05,1.0,5,0.035,0.7,771,0
SPY190830C297,2019-08-29,2019-08-29 09:39:37,0.04,0.8,1956,0.03,0.6,5243,0.05,1.0,5,0.035,0.7,771,0
SPY190830C297,2019-08-29,2019-08-29 09:39:38,0.04,0.8,2898,0.03,0.6,8088,0.05,1.0,5,0.035,0.7,771,0
SPY190830C297,2019-08-29,2019-08-29 09:39:38,0.04,0.8,2238,0.03,0.6,8082,0.05,1.0,5,0.035,0.7,771,0
SPY190830C297,2019-08-29,2019-08-29 09:39:39,0.04,0.8,2515,0.03,0.6,8095,0.05,1.0,5,0.035,0.7,771,0
SPY190830C297,2019-08-29,2019-08-29 09:39:40,0.04,0.8,2288,0.03,0.6,8344,0.05,1.0,5,0.035,0.7,771,0
SPY190830C297,2019-08-29,2019-08-29 09:39:41,0.04,0.8,2286,0.03,0.6,8321,0.05,1.0,5,0.035,0.7,771,0
SPY190830C297,2019-08-29,2019-08-29 09:39:41,0.04,0.8,2288,0.03,0.6,8344,0.05,1.0,5,0.035,0.7,771,0
SPY190830C297,2019-08-29,2019-08-29 09:39:42,0.04,0.8,1501,0.03,0.6,6776,0.05,1.0,5,0.035,0.7,771,0
SPY190830C297,2019-08-29,2019-08-29 09:39:42,0.04,0.8,2286,0.03,0.6,8321,0.05,1.0,5,0.035,0.7,771,0
SPY190830C297,2019-08-29,2019-08-29 09:39:43,0.04,0.8,1501,0.03,0.6,6776,0.05,1.0,5,0.035,0.7,771,0
SPY190830C297,2019-08-29,2019-08-29 09:39:43,0.04,0.8,2270,0.03,0.6,8340,0.05,1.0,5,0.035,0.7,771,0
SPY190830C297,2019-08-29,2019-08-29 09:39:44,0.04,0.8,2243,0.03,0.6,8339,0.05,1.0,5,0.035,0.7,771,0
SPY190830C297,2019-08-29,2019-08-29 09:39:44,0.04,0.8,2270,0.03,0.6,8340,0.05,1.0,5,0.035,0.7,771,0
SPY190830C297,2019-08-29,2019-08-29 09:39:45,0.04,0.8,1501,0.03,0.6,6776,0.05,1.0,5,0.035,0.7,771,0
SPY190830C297,2019-08-29,2019-08-29 09:39:46,0.04,0.8,2235,0.03,0.6,7838,0.05,1.0,5,0.035,0.7,771,0
SPY190830C297,2019-08-29,2019-08-29 09:39:46,0.04,0.8,2235,0.03,0.6,8338,0.05,1.0,5,0.035,0.7,771,0
SPY190830C297,2019-08-29,2019-08-29 09:39:47,0.04,0.8,2235,0.03,0.6,8338,0.05,1.0,5,0.035,0.7,771,0
SPY190830C297,2019-08-29,2019-08-29 09:39:47,0.04,0.8,1501,0.03,0.6,6776,0.05,1.0,5,0.035,0.7,771,0
SPY190830C297,2019-08-29,2019-08-29 09:39:48,0.04,0.8,1501,0.03,0.6,6776,0.05,1.0,5,0.035,0.7,771,0
SPY190830C297,2019-08-29,2019-08-29 09:39:48,0.04,0.8,2252,0.03,0.6,8338,0.05,1.0,5,0.035,0.7,771,0
SPY190830C297,2019-08-29,2019-08-29 09:39:49,0.04,0.8,2252,0.03,0.6,8338,0.05,1.0,5,0.035,0.7,771,0
SPY190830C297,2019-08-29,2019-08-29 09:39:49,0.04,0.8,1501,0.03,0.6,6776,0.05,1.0,5,0.035,0.7,771,0
SPY190830C297,2019-08-29,2019-08-29 09:39:50,0.04,0.8,2339,0.03,0.6,7752,0.03,0.6,3,0.035,0.7,774,3
SPY190830C297,2019-08-29,2019-08-29 09:39:50,0.04,0.8,1501,0.03,0.6,6776,0.05,1.0,5,0.035,0.7,771,0
SPY190830C297,2019-08-29,2019-08-29 09:39:51,0.04,0.8,2339,0.03,0.6,8510,0.03,0.6,3,0.035,0.7,774,0
SPY190830C297,2019-08-29,2019-08-29 09:39:52,0.04,0.8,2339,0.03,0.6,8510,0.03,0.6,3,0.035,0.7,774,0
SPY190830C297,2019-08-29,2019-08-29 09:39:52,0.04,0.8,2757,0.03,0.6,8504,0.03,0.6,3,0.035,0.7,774,0
SPY190830C297,2019-08-29,2019-08-29 09:39:53,0.04,0.8,2362,0.03,0.6,7746,0.03,0.6,3,0.035,0.7,774,0
SPY190830C297,2019-08-29,2019-08-29 09:39:53,0.04,0.8,2658,0.03,0.6,8504,0.03,0.6,3,0.035,0.7,774,0
SPY190830C297,2019-08-29,2019-08-29 09:39:54,0.04,0.8,1891,0.03,0.6,6457,0.03,0.6,3,0.035,0.7,774,0
SPY190830C297,2019-08-29,2019-08-29 09:39:55,0.04,0.8,1501,0.03,0.6,6287,0.03,0.6,3,0.035,0.7,774,0
SPY190830C297,2019-08-29,2019-08-29 09:39:56,0.04,0.8,2806,0.03,0.6,8524,0.03,0.6,3,0.035,0.7,774,0
SPY190830C297,2019-08-29,2019-08-29 09:39:56,0.04,0.8,2391,0.03,0.6,6957,0.03,0.6,3,0.035,0.7,774,0
SPY190830C297,2019-08-29,2019-08-29 09:39:57,0.04,0.8,4813,0.03,0.6,8525,0.03,0.6,3,0.035,0.7,774,0
SPY190830C297,2019-08-29,2019-08-29 09:39:57,0.04,0.8,4813,0.03,0.6,8472,0.03,0.6,3,0.035,0.7,774,0
SPY190830C297,2019-08-29,2019-08-29 09:39:58,0.04,0.8,4813,0.03,0.6,8472,0.03,0.6,3,0.035,0.7,774,0
SPY190830C297,2019-08-29,2019-08-29 09:39:59,0.04,0.8,2315,0.03,0.6,7959,0.03,0.6,3,0.035,0.7,774,0
SPY190830C297,2019-08-29,2019-08-29 09:39:59,0.04,0.8,4813,0.03,0.6,8459,0.03,0.6,3,0.035,0.7,774,0
SPY190830C297,2019-08-29,2019-08-29 09:40:00,0.04,0.8,2319,0.03,0.6,7959,0.03,0.6,3,0.035,0.7,774,0
SPY190830C297,2019-08-29,2019-08-29 09:40:00,0.04,0.8,2315,0.03,0.6,7959,0.03,0.6,3,0.035,0.7,774,0
SPY190830C297,2019-08-29,2019-08-29 09:40:01,0.04,0.8,2319,0.03,0.6,8459,0.03,0.6,3,0.035,0.7,774,0
SPY190830C297,2019-08-29,2019-08-29 09:40:02,0.04,0.8,2306,0.03,0.6,8275,0.03,0.6,3,0.035,0.7,774,0
SPY190830C297,2019-08-29,2019-08-29 09:40:03,0.04,0.8,1501,0.03,0.6,6969,0.03,0.6,3,0.035,0.7,774,0
SPY190830C297,2019-08-29,2019-08-29 09:40:03,0.04,0.8,1501,0.03,0.6,6712,0.03,0.6,3,0.035,0.7,774,0
SPY190830C297,2019-08-29,2019-08-29 09:40:04,0.04,0.8,1501,0.03,0.6,6969,0.03,0.6,3,0.035,0.7,774,0
SPY190830C297,2019-08-29,2019-08-29 09:40:05,0.04,0.8,2737,0.03,0.6,8546,0.03,0.6,3,0.035,0.7,774,0
SPY190830C297,2019-08-29,2019-08-29 09:40:05,0.04,0.8,2210,0.03,0.6,8546,0.03,0.6,3,0.035,0.7,774,0
SPY190830C297,2019-08-29,2019-08-29 09:40:06,0.04,0.8,1899,0.03,0.6,6469,0.03,0.6,3,0.035,0.7,774,0
SPY190830C297,2019-08-29,2019-08-29 09:40:06,0.04,0.8,1899,0.03,0.6,6969,0.03,0.6,3,0.035,0.7,774,0
SPY190830C297,2019-08-29,2019-08-29 09:40:07,0.04,0.8,2760,0.03,0.6,8546,0.03,0.6,3,0.035,0.7,774,0
SPY190830C297,2019-08-29,2019-08-29 09:40:08,0.04,0.8,2660,0.03,0.6,8546,0.03,0.6,3,0.035,0.7,774,0
SPY190830C297,2019-08-29,2019-08-29 09:40:08,0.04,0.8,2760,0.03,0.6,8546,0.03,0.6,3,0.035,0.7,774,0
SPY190830C297,2019-08-29,2019-08-29 09:40:09,0.04,0.8,2362,0.03,0.6,8546,0.03,0.6,3,0.035,0.7,774,0
SPY190830C297,2019-08-29,2019-08-29 09:40:09,0.04,0.8,2660,0.03,0.6,8546,0.03,0.6,3,0.035,0.7,774,0
SPY190830C297,2019-08-29,2019-08-29 09:40:10,0.04,0.8,2362,0.03,0.6,8546,0.03,0.6,3,0.035,0.7,774,0
SPY190830C297,2019-08-29,2019-08-29 09:40:11,0.04,0.8,2362,0.03,0.6,8546,0.03,0.6,3,0.035,0.7,774,0
SPY190830C297,2019-08-29,2019-08-29 09:40:11,0.04,0.8,1894,0.03,0.6,7168,0.03,0.6,3,0.035,0.7,774,0
SPY190830C297,2019-08-29,2019-08-29 09:40:12,0.04,0.8,1894,0.03,0.6,7168,0.03,0.6,3,0.035,0.7,774,0
SPY190830C297,2019-08-29,2019-08-29 09:40:13,0.04,0.8,2265,0.03,0.6,8749,0.03,0.6,3,0.035,0.7,774,0
SPY190830C297,2019-08-29,2019-08-29 09:40:15,0.04,0.8,2790,0.03,0.6,8552,0.03,0.6,3,0.035,0.7,774,0
SPY190830C297,2019-08-29,2019-08-29 09:40:16,0.04,0.8,1894,0.03,0.6,6974,0.03,0.6,3,0.035,0.7,774,0
SPY190830C297,2019-08-29,2019-08-29 09:40:16,0.04,0.8,2790,0.03,0.6,8552,0.03,0.6,3,0.035,0.7,774,0
SPY190830C297,2019-08-29,2019-08-29 09:40:17,0.04,0.8,1894,0.03,0.6,6719,0.03,0.6,3,0.035,0.7,774,0
SPY190830C297,2019-08-29,2019-08-29 09:40:18,0.04,0.8,4477,0.03,0.6,7823,0.03,0.6,3,0.035,0.7,774,0
SPY190830C297,2019-08-29,2019-08-29 09:40:18,0.04,0.8,4477,0.03,0.6,6249,0.03,0.6,3,0.035,0.7,774,0
SPY190830C297,2019-08-29,2019-08-29 09:40:19,0.04,0.8,3351,0.03,0.6,5753,0.03,0.6,3,0.035,0.7,774,0
SPY190830C297,2019-08-29,2019-08-29 09:40:19,0.04,0.8,2101,0.03,0.6,6268,0.03,0.6,3,0.035,0.7,774,0
SPY190830C297,2019-08-29,2019-08-29 09:40:20,0.04,0.8,1501,0.03,0.6,6698,0.03,0.6,3,0.035,0.7,774,0
SPY190830C297,2019-08-29,2019-08-29 09:40:21,0.04,0.8,2315,0.03,0.6,8259,0.03,0.6,3,0.035,0.7,774,0
SPY190830C297,2019-08-29,2019-08-29 09:40:22,0.04,0.8,1501,0.03,0.6,6698,0.03,0.6,3,0.035,0.7,774,0
SPY190830C297,2019-08-29,2019-08-29 09:40:22,0.04,0.8,2315,0.03,0.6,8259,0.03,0.6,3,0.035,0.7,774,0
SPY190830C297,2019-08-29,2019-08-29 09:40:23,0.04,0.8,3639,0.03,0.6,6698,0.03,0.6,3,0.035,0.7,774,0
SPY190830C297,2019-08-29,2019-08-29 09:40:23,0.04,0.8,2479,0.03,0.6,6198,0.03,0.6,3,0.035,0.7,774,0
SPY190830C297,2019-08-29,2019-08-29 09:40:24,0.04,0.8,3633,0.03,0.6,6698,0.03,0.6,3,0.035,0.7,774,0
SPY190830C297,2019-08-29,2019-08-29 09:40:24,0.04,0.8,2979,0.03,0.6,6698,0.03,0.6,3,0.035,0.7,774,0
SPY190830C297,2019-08-29,2019-08-29 09:40:25,0.04,0.8,2655,0.03,0.6,6491,0.03,0.6,3,0.035,0.7,774,0
SPY190830C297,2019-08-29,2019-08-29 09:40:25,0.04,0.8,3633,0.03,0.6,6150,0.03,0.6,3,0.035,0.7,774,0
SPY190830C297,2019-08-29,2019-08-29 09:40:27,0.04,0.8,3747,0.03,0.6,6491,0.03,0.6,3,0.035,0.7,774,0
SPY190830C297,2019-08-29,2019-08-29 09:40:27,0.04,0.8,3021,0.03,0.6,6491,0.03,0.6,3,0.035,0.7,774,0
SPY190830C297,2019-08-29,2019-08-29 09:40:28,0.04,0.8,2601,0.03,0.6,6491,0.03,0.6,3,0.035,0.7,774,0
SPY190830C297,2019-08-29,2019-08-29 09:40:28,0.04,0.8,3633,0.03,0.6,6491,0.03,0.6,3,0.035,0.7,774,0
SPY190830C297,2019-08-29,2019-08-29 09:40:29,0.04,0.8,1065,0.03,0.6,7759,0.03,0.6,3,0.035,0.7,774,0
SPY190830C297,2019-08-29,2019-08-29 09:40:29,0.04,0.8,2158,0.03,0.6,6491,0.03,0.6,3,0.035,0.7,774,0
SPY190830C297,2019-08-29,2019-08-29 09:40:30,0.04,0.8,1399,0.03,0.6,9343,0.03,0.6,3,0.035,0.7,774,0
SPY190830C297,2019-08-29,2019-08-29 09:40:31,0.04,0.8,1853,0.03,0.6,7594,0.03,0.6,3,0.035,0.7,774,0
SPY190830C297,2019-08-29,2019-08-29 09:40:31,0.04,0.8,1594,0.03,0.6,6513,0.03,0.6,3,0.035,0.7,774,0
SPY190830C297,2019-08-29,2019-08-29 09:40:32,0.04,0.8,2230,0.03,0.6,6202,0.03,0.6,3,0.035,0.7,774,0
SPY190830C297,2019-08-29,2019-08-29 09:40:32,0.04,0.8,1594,0.03,0.6,5183,0.03,0.6,3,0.035,0.7,774,0
SPY190830C297,2019-08-29,2019-08-29 09:40:33,0.04,0.8,1501,0.03,0.6,6815,0.03,0.6,3,0.035,0.7,774,0
SPY190830C297,2019-08-29,2019-08-29 09:40:33,0.04,0.8,2230,0.03,0.6,6202,0.03,0.6,3,0.035,0.7,774,0
SPY190830C297,2019-08-29,2019-08-29 09:40:34,0.04,0.8,1501,0.03,0.6,6815,0.03,0.6,3,0.035,0.7,774,0
SPY190830C297,2019-08-29,2019-08-29 09:40:34,0.04,0.8,2293,0.03,0.6,8390,0.03,0.6,3,0.035,0.7,774,0
SPY190830C297,2019-08-29,2019-08-29 09:40:35,0.04,0.8,2239,0.03,0.6,6815,0.03,0.6,3,0.035,0.7,774,0
SPY190830C297,2019-08-29,2019-08-29 09:40:35,0.04,0.8,2291,0.03,0.6,8389,0.03,0.6,3,0.035,0.7,774,0
SPY190830C297,2019-08-29,2019-08-29 09:40:36,0.04,0.8,3574,0.03,0.6,8389,0.03,0.6,3,0.035,0.7,774,0
SPY190830C297,2019-08-29,2019-08-29 09:40:37,0.04,0.8,3051,0.03,0.6,6315,0.03,0.6,3,0.035,0.7,774,0
SPY190830C297,2019-08-29,2019-08-29 09:40:37,0.04,0.8,2585,0.03,0.6,5022,0.03,0.6,3,0.035,0.7,774,0
SPY190830C297,2019-08-29,2019-08-29 09:40:38,0.04,0.8,3051,0.03,0.6,6315,0.03,0.6,3,0.035,0.7,774,0
SPY190830C297,2019-08-29,2019-08-29 09:40:38,0.04,0.8,4245,0.03,0.6,8380,0.03,0.6,3,0.035,0.7,774,0
SPY190830C297,2019-08-29,2019-08-29 09:40:39,0.04,0.8,2239,0.03,0.6,6315,0.03,0.6,3,0.035,0.7,774,0
SPY190830C297,2019-08-29,2019-08-29 09:40:39,0.04,0.8,3899,0.03,0.6,8380,0.03,0.6,3,0.035,0.7,774,0
SPY190830C297,2019-08-29,2019-08-29 09:40:40,0.04,0.8,4170,0.03,0.6,8174,0.03,0.6,3,0.035,0.7,774,0
SPY190830C297,2019-08-29,2019-08-29 09:40:40,0.04,0.8,4170,0.03,0.6,8369,0.03,0.6,3,0.035,0.7,774,0
SPY190830C297,2019-08-29,2019-08-29 09:40:41,0.04,0.8,4170,0.03,0.6,8174,0.03,0.6,3,0.035,0.7,774,0
SPY190830C297,2019-08-29,2019-08-29 09:40:42,0.04,0.8,4170,0.03,0.6,8174,0.03,0.6,3,0.035,0.7,774,0
SPY190830C297,2019-08-29,2019-08-29 09:40:43,0.04,0.8,4170,0.03,0.6,8174,0.03,0.6,3,0.035,0.7,774,0
SPY190830C297,2019-08-29,2019-08-29 09:40:44,0.04,0.8,4253,0.03,0.6,8175,0.03,0.6,3,0.035,0.7,774,0
SPY190830C297,2019-08-29,2019-08-29 09:40:45,0.04,0.8,4253,0.03,0.6,8175,0.03,0.6,3,0.035,0.7,774,0
SPY190830C297,2019-08-29,2019-08-29 09:40:46,0.04,0.8,4253,0.03,0.6,8175,0.03,0.6,3,0.035,0.7,774,0
SPY190830C297,2019-08-29,2019-08-29 09:40:47,0.04,0.8,4253,0.03,0.6,8175,0.03,0.6,3,0.035,0.7,774,0
SPY190830C297,2019-08-29,2019-08-29 09:40:48,0.04,0.8,3085,0.03,0.6,4717,0.03,0.6,3,0.035,0.7,774,0
SPY190830C297,2019-08-29,2019-08-29 09:40:49,0.04,0.8,3948,0.03,0.6,4217,0.03,0.6,3,0.035,0.7,774,0
