symbol,Date,quote_time,ask_price,norm_ask_price,ask_size,bid_price,norm_bid_price,bid_size,last_trade_price,norm_last_trade_price,last_trade_size,mark_price,norm_mark_price,volume,Volume
SPY190805P294,2019-08-02,2019-08-02 09:30:12,1.86,1.0,5,1.8,0.9677,5,1.83,0.9838,1,1.83,0.9838,3,3
SPY190805P294,2019-08-02,2019-08-02 09:30:36,1.84,0.9892,326,1.78,0.9569,49,1.84,0.9892,95,1.81,0.9731,107,104
SPY190805P294,2019-08-02,2019-08-02 09:30:46,1.88,1.0107,8,1.83,0.9838,20,1.83,0.9838,3,1.855,0.9973,112,5
SPY190805P294,2019-08-02,2019-08-02 09:30:49,1.87,1.0053,5,1.82,0.9784,50,1.83,0.9838,3,1.845,0.9919,112,0
SPY190805P294,2019-08-02,2019-08-02 09:30:53,1.87,1.0053,6,1.83,0.9838,20,1.87,1.0053,1,1.85,0.9946,114,2
SPY190805P294,2019-08-02,2019-08-02 09:30:55,1.87,1.0053,100,1.82,0.9784,100,1.87,1.0053,1,1.845,0.9919,114,0
SPY190805P294,2019-08-02,2019-08-02 09:30:56,1.89,1.0161,55,1.81,0.9731,27,1.87,1.0053,1,1.85,0.9946,114,0
SPY190805P294,2019-08-02,2019-08-02 09:30:57,1.89,1.0161,248,1.81,0.9731,27,1.87,1.0053,1,1.85,0.9946,114,0
SPY190805P294,2019-08-02,2019-08-02 09:30:58,1.87,1.0053,5,1.82,0.9784,210,1.87,1.0053,1,1.845,0.9919,114,0
SPY190805P294,2019-08-02,2019-08-02 09:30:59,1.88,1.0107,248,1.82,0.9784,92,1.87,1.0053,1,1.85,0.9946,114,0
SPY190805P294,2019-08-02,2019-08-02 09:31:01,1.94,1.043,44,1.85,0.9946,105,1.87,1.0053,1,1.895,1.0188,114,0
SPY190805P294,2019-08-02,2019-08-02 09:31:03,1.93,1.0376,10,1.88,1.0107,5,1.87,1.0053,1,1.905,1.0241,114,0
SPY190805P294,2019-08-02,2019-08-02 09:31:05,1.95,1.0483,5,1.89,1.0161,44,1.87,1.0053,1,1.92,1.0322,114,0
SPY190805P294,2019-08-02,2019-08-02 09:31:06,1.95,1.0483,5,1.9,1.0215,308,1.87,1.0053,1,1.925,1.0349,114,0
SPY190805P294,2019-08-02,2019-08-02 09:31:07,1.95,1.0483,5,1.9,1.0215,223,1.87,1.0053,1,1.925,1.0349,114,0
SPY190805P294,2019-08-02,2019-08-02 09:31:08,2.01,1.0806,154,1.93,1.0376,44,1.87,1.0053,1,1.97,1.0591,114,0
SPY190805P294,2019-08-02,2019-08-02 09:31:10,1.99,1.0698,69,1.95,1.0483,19,1.87,1.0053,1,1.97,1.0591,114,0
SPY190805P294,2019-08-02,2019-08-02 09:31:11,2.02,1.086,126,1.95,1.0483,178,1.87,1.0053,1,1.985,1.0672,114,0
SPY190805P294,2019-08-02,2019-08-02 09:31:13,2.04,1.0967,42,1.97,1.0591,100,1.87,1.0053,1,2.005,1.0779,114,0
SPY190805P294,2019-08-02,2019-08-02 09:31:14,2.06,1.1075,166,1.99,1.0698,5,2.0,1.0752,5,2.025,1.0887,119,0
SPY190805P294,2019-08-02,2019-08-02 09:31:14,2.06,1.1075,110,1.99,1.0698,5,2.0,1.0752,5,2.025,1.0887,119,5
SPY190805P294,2019-08-02,2019-08-02 09:31:16,2.15,1.1559,97,2.04,1.0967,1,2.0,1.0752,5,2.095,1.1263,119,0
SPY190805P294,2019-08-02,2019-08-02 09:31:17,2.1,1.129,36,2.04,1.0967,219,2.0,1.0752,5,2.07,1.1129,119,0
SPY190805P294,2019-08-02,2019-08-02 09:31:19,2.11,1.1344,35,2.06,1.1075,191,2.05,1.1021,2,2.085,1.1209,121,2
SPY190805P294,2019-08-02,2019-08-02 09:31:20,2.12,1.1397,30,2.06,1.1075,191,2.05,1.1021,2,2.09,1.1236,121,0
SPY190805P294,2019-08-02,2019-08-02 09:31:21,2.16,1.1612,46,2.09,1.1236,215,2.08,1.1182,2,2.125,1.1424,134,13
SPY190805P294,2019-08-02,2019-08-02 09:31:24,2.09,1.1236,8,2.05,1.1021,5,2.08,1.1182,2,2.07,1.1129,134,0
SPY190805P294,2019-08-02,2019-08-02 09:31:25,2.09,1.1236,2,2.03,1.0913,44,2.06,1.1075,1,2.06,1.1075,135,1
SPY190805P294,2019-08-02,2019-08-02 09:31:26,2.09,1.1236,5,2.04,1.0967,5,2.06,1.1075,1,2.065,1.1102,135,0
SPY190805P294,2019-08-02,2019-08-02 09:31:27,2.09,1.1236,2,2.03,1.0913,44,2.07,1.1129,1,2.06,1.1075,136,1
SPY190805P294,2019-08-02,2019-08-02 09:31:29,2.04,1.0967,5,1.97,1.0591,91,2.07,1.1129,1,2.005,1.0779,136,0
SPY190805P294,2019-08-02,2019-08-02 09:31:30,2.04,1.0967,218,1.96,1.0537,218,2.07,1.1129,1,2.0,1.0752,136,0
SPY190805P294,2019-08-02,2019-08-02 09:31:31,2.03,1.0913,228,1.97,1.0591,5,2.07,1.1129,1,2.0,1.0752,136,0
SPY190805P294,2019-08-02,2019-08-02 09:31:33,2.06,1.1075,110,2.01,1.0806,5,2.01,1.0806,3,2.035,1.094,139,3
SPY190805P294,2019-08-02,2019-08-02 09:31:34,2.06,1.1075,110,2.01,1.0806,44,2.01,1.0806,3,2.035,1.094,139,0
SPY190805P294,2019-08-02,2019-08-02 09:31:35,2.06,1.1075,1,2.02,1.086,5,2.01,1.0806,3,2.04,1.0967,139,0
SPY190805P294,2019-08-02,2019-08-02 09:31:36,2.06,1.1075,1,2.03,1.0913,5,2.01,1.0806,3,2.045,1.0994,139,0
SPY190805P294,2019-08-02,2019-08-02 09:31:37,2.06,1.1075,2,2.02,1.086,5,2.01,1.0806,3,2.04,1.0967,139,0
SPY190805P294,2019-08-02,2019-08-02 09:31:38,2.06,1.1075,44,1.99,1.0698,100,2.01,1.0806,3,2.025,1.0887,139,0
SPY190805P294,2019-08-02,2019-08-02 09:31:39,2.06,1.1075,1,2.03,1.0913,47,2.01,1.0806,3,2.045,1.0994,139,0
SPY190805P294,2019-08-02,2019-08-02 09:31:40,2.06,1.1075,1,2.03,1.0913,63,2.01,1.0806,3,2.045,1.0994,139,0
SPY190805P294,2019-08-02,2019-08-02 09:31:41,2.06,1.1075,1,2.03,1.0913,5,2.01,1.0806,3,2.045,1.0994,139,0
SPY190805P294,2019-08-02,2019-08-02 09:31:42,2.07,1.1129,218,2.03,1.0913,5,2.01,1.0806,3,2.05,1.1021,139,0
SPY190805P294,2019-08-02,2019-08-02 09:31:43,2.05,1.1021,5,1.99,1.0698,5,2.03,1.0913,5,2.02,1.086,144,5
SPY190805P294,2019-08-02,2019-08-02 09:31:43,2.08,1.1182,218,1.99,1.0698,5,2.03,1.0913,5,2.035,1.094,144,0
SPY190805P294,2019-08-02,2019-08-02 09:31:44,2.09,1.1236,1,2.02,1.086,18,2.03,1.0913,5,2.055,1.1048,144,0
SPY190805P294,2019-08-02,2019-08-02 09:31:45,2.09,1.1236,1,2.02,1.086,5,2.03,1.0913,5,2.055,1.1048,144,0
SPY190805P294,2019-08-02,2019-08-02 09:31:45,2.09,1.1236,100,2.03,1.0913,5,2.03,1.0913,5,2.06,1.1075,144,0
SPY190805P294,2019-08-02,2019-08-02 09:31:46,2.09,1.1236,100,2.03,1.0913,5,2.03,1.0913,5,2.06,1.1075,144,0
SPY190805P294,2019-08-02,2019-08-02 09:31:47,2.09,1.1236,5,2.04,1.0967,5,2.06,1.1075,1,2.065,1.1102,146,2
SPY190805P294,2019-08-02,2019-08-02 09:31:47,2.09,1.1236,5,2.03,1.0913,5,2.06,1.1075,1,2.06,1.1075,146,0
SPY190805P294,2019-08-02,2019-08-02 09:31:48,2.09,1.1236,5,1.99,1.0698,186,2.06,1.1075,1,2.04,1.0967,146,0
SPY190805P294,2019-08-02,2019-08-02 09:31:49,2.09,1.1236,4,1.99,1.0698,18,2.06,1.1075,1,2.04,1.0967,146,0
SPY190805P294,2019-08-02,2019-08-02 09:31:49,2.06,1.1075,2,2.02,1.086,100,2.06,1.1075,1,2.04,1.0967,146,0
SPY190805P294,2019-08-02,2019-08-02 09:31:50,2.09,1.1236,10,2.02,1.086,186,2.06,1.1075,2,2.055,1.1048,148,2
SPY190805P294,2019-08-02,2019-08-02 09:31:51,2.08,1.1182,159,2.01,1.0806,218,2.06,1.1075,2,2.045,1.0994,148,0
SPY190805P294,2019-08-02,2019-08-02 09:31:51,2.09,1.1236,5,1.99,1.0698,112,2.06,1.1075,2,2.04,1.0967,148,0
SPY190805P294,2019-08-02,2019-08-02 09:31:52,2.07,1.1129,5,2.02,1.086,5,2.06,1.1075,2,2.045,1.0994,148,0
SPY190805P294,2019-08-02,2019-08-02 09:31:54,2.04,1.0967,211,1.98,1.0645,5,2.06,1.1075,2,2.01,1.0806,148,0
SPY190805P294,2019-08-02,2019-08-02 09:31:58,2.07,1.1129,5,1.88,1.0107,5,1.95,1.0483,10,1.975,1.0618,158,10
SPY190805P294,2019-08-02,2019-08-02 09:31:59,1.94,1.043,90,1.84,0.9892,190,1.95,1.0483,10,1.89,1.0161,158,0
SPY190805P294,2019-08-02,2019-08-02 09:31:59,1.97,1.0591,190,1.87,1.0053,5,1.95,1.0483,10,1.92,1.0322,158,0
SPY190805P294,2019-08-02,2019-08-02 09:32:00,1.91,1.0268,190,1.8,0.9677,5,1.95,1.0483,10,1.855,0.9973,158,0
SPY190805P294,2019-08-02,2019-08-02 09:32:01,1.91,1.0268,44,1.83,0.9838,44,1.95,1.0483,10,1.87,1.0053,158,0
SPY190805P294,2019-08-02,2019-08-02 09:32:03,1.9,1.0215,105,1.79,0.9623,197,1.89,1.0161,1,1.845,0.9919,159,1
SPY190805P294,2019-08-02,2019-08-02 09:32:04,1.88,1.0107,5,1.82,0.9784,44,1.89,1.0161,1,1.85,0.9946,159,0
SPY190805P294,2019-08-02,2019-08-02 09:32:04,1.93,1.0376,100,1.83,0.9838,5,1.89,1.0161,1,1.88,1.0107,159,0
SPY190805P294,2019-08-02,2019-08-02 09:32:05,1.94,1.043,5,1.84,0.9892,5,1.89,1.0161,1,1.89,1.0161,159,0
SPY190805P294,2019-08-02,2019-08-02 09:32:11,1.84,0.9892,100,1.75,0.9408,192,1.87,1.0053,5,1.795,0.965,164,5
SPY190805P294,2019-08-02,2019-08-02 09:32:12,1.84,0.9892,242,1.77,0.9516,55,1.87,1.0053,5,1.805,0.9704,164,0
SPY190805P294,2019-08-02,2019-08-02 09:32:13,1.81,0.9731,5,1.73,0.9301,55,1.79,0.9623,3,1.77,0.9516,167,3
SPY190805P294,2019-08-02,2019-08-02 09:32:14,1.8,0.9677,232,1.73,0.9301,82,1.79,0.9623,3,1.765,0.9489,167,0
SPY190805P294,2019-08-02,2019-08-02 09:32:14,1.79,0.9623,2,1.74,0.9354,82,1.79,0.9623,3,1.765,0.9489,167,0
SPY190805P294,2019-08-02,2019-08-02 09:32:15,1.79,0.9623,10,1.76,0.9462,2,1.76,0.9462,2,1.775,0.9543,169,2
SPY190805P294,2019-08-02,2019-08-02 09:32:15,1.79,0.9623,2,1.73,0.9301,55,1.79,0.9623,3,1.76,0.9462,167,0
SPY190805P294,2019-08-02,2019-08-02 09:32:16,1.78,0.9569,10,1.73,0.9301,100,1.79,0.9623,20,1.755,0.9435,189,20
SPY190805P294,2019-08-02,2019-08-02 09:32:17,1.78,0.9569,100,1.73,0.9301,5,1.79,0.9623,20,1.755,0.9435,189,0
SPY190805P294,2019-08-02,2019-08-02 09:32:18,1.76,0.9462,5,1.73,0.9301,100,1.79,0.9623,20,1.745,0.9381,189,0
SPY190805P294,2019-08-02,2019-08-02 09:32:19,1.76,0.9462,5,1.72,0.9247,360,1.76,0.9462,5,1.74,0.9354,194,5
SPY190805P294,2019-08-02,2019-08-02 09:32:20,1.82,0.9784,99,1.74,0.9354,5,1.76,0.9462,5,1.78,0.9569,194,0
SPY190805P294,2019-08-02,2019-08-02 09:32:21,1.8,0.9677,55,1.72,0.9247,55,1.76,0.9462,5,1.76,0.9462,194,0
SPY190805P294,2019-08-02,2019-08-02 09:32:21,1.82,0.9784,99,1.73,0.9301,199,1.76,0.9462,5,1.775,0.9543,194,0
SPY190805P294,2019-08-02,2019-08-02 09:32:22,1.82,0.9784,20,1.73,0.9301,5,1.78,0.9569,2,1.775,0.9543,196,2
SPY190805P294,2019-08-02,2019-08-02 09:32:23,1.81,0.9731,454,1.73,0.9301,5,1.78,0.9569,2,1.77,0.9516,196,0
SPY190805P294,2019-08-02,2019-08-02 09:32:26,1.78,0.9569,3,1.75,0.9408,5,1.78,0.9569,2,1.765,0.9489,196,0
SPY190805P294,2019-08-02,2019-08-02 09:32:27,1.78,0.9569,3,1.73,0.9301,18,1.78,0.9569,2,1.755,0.9435,196,0
SPY190805P294,2019-08-02,2019-08-02 09:32:28,1.83,0.9838,55,1.73,0.9301,262,1.78,0.9569,2,1.78,0.9569,199,3
SPY190805P294,2019-08-02,2019-08-02 09:32:29,1.83,0.9838,5,1.73,0.9301,262,1.78,0.9569,2,1.78,0.9569,199,0
SPY190805P294,2019-08-02,2019-08-02 09:32:30,1.84,0.9892,242,1.76,0.9462,363,1.78,0.9569,2,1.8,0.9677,199,0
SPY190805P294,2019-08-02,2019-08-02 09:32:31,1.82,0.9784,11,1.77,0.9516,5,1.78,0.9569,2,1.795,0.965,199,0
SPY190805P294,2019-08-02,2019-08-02 09:32:32,1.81,0.9731,11,1.78,0.9569,5,1.78,0.9569,2,1.795,0.965,199,0
SPY190805P294,2019-08-02,2019-08-02 09:32:32,1.81,0.9731,22,1.72,0.9247,360,1.78,0.9569,2,1.765,0.9489,199,0
SPY190805P294,2019-08-02,2019-08-02 09:32:33,1.79,0.9623,11,1.73,0.9301,5,1.78,0.9569,2,1.76,0.9462,199,0
SPY190805P294,2019-08-02,2019-08-02 09:32:34,1.78,0.9569,58,1.72,0.9247,118,1.79,0.9623,1,1.75,0.9408,200,0
SPY190805P294,2019-08-02,2019-08-02 09:32:34,1.79,0.9623,11,1.71,0.9193,118,1.79,0.9623,1,1.75,0.9408,200,1
SPY190805P294,2019-08-02,2019-08-02 09:32:35,1.84,0.9892,193,1.77,0.9516,242,1.79,0.9623,1,1.805,0.9704,200,0
SPY190805P294,2019-08-02,2019-08-02 09:32:35,1.86,1.0,194,1.75,0.9408,194,1.79,0.9623,1,1.805,0.9704,200,0
SPY190805P294,2019-08-02,2019-08-02 09:32:36,1.85,0.9946,55,1.78,0.9569,242,1.79,0.9623,1,1.815,0.9758,200,0
SPY190805P294,2019-08-02,2019-08-02 09:32:37,1.85,0.9946,75,1.79,0.9623,5,1.78,0.9569,1,1.82,0.9784,201,1
SPY190805P294,2019-08-02,2019-08-02 09:32:38,1.83,0.9838,9,1.75,0.9408,119,1.78,0.9569,1,1.79,0.9623,201,0
SPY190805P294,2019-08-02,2019-08-02 09:32:38,1.83,0.9838,55,1.76,0.9462,232,1.78,0.9569,1,1.795,0.965,201,0
SPY190805P294,2019-08-02,2019-08-02 09:32:39,1.79,0.9623,100,1.74,0.9354,55,1.78,0.9569,1,1.765,0.9489,201,0
SPY190805P294,2019-08-02,2019-08-02 09:32:39,1.82,0.9784,120,1.74,0.9354,363,1.78,0.9569,1,1.78,0.9569,201,0
SPY190805P294,2019-08-02,2019-08-02 09:32:40,1.79,0.9623,1,1.75,0.9408,5,1.79,0.9623,1,1.77,0.9516,202,1
SPY190805P294,2019-08-02,2019-08-02 09:32:41,1.86,1.0,100,1.74,0.9354,100,1.79,0.9623,1,1.8,0.9677,202,0
SPY190805P294,2019-08-02,2019-08-02 09:32:42,1.81,0.9731,5,1.76,0.9462,5,1.79,0.9623,1,1.785,0.9596,202,0
SPY190805P294,2019-08-02,2019-08-02 09:32:43,1.81,0.9731,122,1.75,0.9408,242,1.79,0.9623,1,1.78,0.9569,202,0
SPY190805P294,2019-08-02,2019-08-02 09:32:43,1.81,0.9731,54,1.77,0.9516,148,1.79,0.9623,1,1.79,0.9623,202,0
SPY190805P294,2019-08-02,2019-08-02 09:32:45,1.81,0.9731,122,1.74,0.9354,122,1.79,0.9623,1,1.775,0.9543,202,0
SPY190805P294,2019-08-02,2019-08-02 09:32:46,1.81,0.9731,130,1.76,0.9462,122,1.79,0.9623,1,1.785,0.9596,202,0
SPY190805P294,2019-08-02,2019-08-02 09:32:47,1.82,0.9784,120,1.76,0.9462,5,1.79,0.9623,1,1.79,0.9623,202,0
SPY190805P294,2019-08-02,2019-08-02 09:32:48,1.79,0.9623,5,1.74,0.9354,22,1.79,0.9623,1,1.765,0.9489,202,0
SPY190805P294,2019-08-02,2019-08-02 09:32:49,1.79,0.9623,5,1.75,0.9408,5,1.79,0.9623,1,1.77,0.9516,202,0
SPY190805P294,2019-08-02,2019-08-02 09:32:50,1.8,0.9677,5,1.73,0.9301,17,1.79,0.9623,1,1.765,0.9489,202,0
SPY190805P294,2019-08-02,2019-08-02 09:32:52,1.79,0.9623,120,1.74,0.9354,61,1.79,0.9623,1,1.765,0.9489,202,0
SPY190805P294,2019-08-02,2019-08-02 09:32:52,1.78,0.9569,128,1.74,0.9354,22,1.79,0.9623,1,1.76,0.9462,202,0
SPY190805P294,2019-08-02,2019-08-02 09:32:53,1.77,0.9516,22,1.74,0.9354,11,1.79,0.9623,1,1.755,0.9435,202,0
SPY190805P294,2019-08-02,2019-08-02 09:32:54,1.77,0.9516,129,1.73,0.9301,48,1.75,0.9408,3,1.75,0.9408,205,3
SPY190805P294,2019-08-02,2019-08-02 09:32:55,1.76,0.9462,22,1.72,0.9247,232,1.76,0.9462,1,1.74,0.9354,206,1
SPY190805P294,2019-08-02,2019-08-02 09:32:55,1.76,0.9462,22,1.73,0.9301,22,1.76,0.9462,1,1.745,0.9381,206,0
SPY190805P294,2019-08-02,2019-08-02 09:32:57,1.79,0.9623,6,1.75,0.9408,115,1.76,0.9462,1,1.77,0.9516,206,0
SPY190805P294,2019-08-02,2019-08-02 09:32:58,1.81,0.9731,11,1.76,0.9462,11,1.76,0.9462,1,1.785,0.9596,206,0
SPY190805P294,2019-08-02,2019-08-02 09:32:59,1.81,0.9731,116,1.77,0.9516,11,1.76,0.9462,1,1.79,0.9623,206,0
SPY190805P294,2019-08-02,2019-08-02 09:33:00,1.83,0.9838,22,1.77,0.9516,282,1.77,0.9516,4,1.8,0.9677,210,4
SPY190805P294,2019-08-02,2019-08-02 09:33:01,1.85,0.9946,98,1.81,0.9731,107,1.77,0.9516,4,1.83,0.9838,210,0
SPY190805P294,2019-08-02,2019-08-02 09:33:02,1.85,0.9946,98,1.81,0.9731,117,1.77,0.9516,4,1.83,0.9838,210,0
SPY190805P294,2019-08-02,2019-08-02 09:33:04,1.84,0.9892,24,1.79,0.9623,1,1.86,1.0,1,1.815,0.9758,211,1
SPY190805P294,2019-08-02,2019-08-02 09:33:05,1.82,0.9784,121,1.74,0.9354,122,1.79,0.9623,1,1.78,0.9569,212,1
SPY190805P294,2019-08-02,2019-08-02 09:33:06,1.81,0.9731,5,1.77,0.9516,91,1.79,0.9623,1,1.79,0.9623,212,0
SPY190805P294,2019-08-02,2019-08-02 09:33:06,1.81,0.9731,97,1.76,0.9462,122,1.79,0.9623,1,1.785,0.9596,212,0
SPY190805P294,2019-08-02,2019-08-02 09:33:07,1.81,0.9731,120,1.76,0.9462,82,1.79,0.9623,1,1.785,0.9596,212,0
SPY190805P294,2019-08-02,2019-08-02 09:33:08,1.79,0.9623,67,1.75,0.9408,122,1.79,0.9623,1,1.77,0.9516,212,0
SPY190805P294,2019-08-02,2019-08-02 09:33:09,1.85,0.9946,110,1.78,0.9569,363,1.79,0.9623,1,1.815,0.9758,212,0
SPY190805P294,2019-08-02,2019-08-02 09:33:10,1.84,0.9892,55,1.79,0.9623,6,1.79,0.9623,1,1.815,0.9758,212,0
SPY190805P294,2019-08-02,2019-08-02 09:33:11,1.84,0.9892,5,1.71,0.9193,5,1.79,0.9623,1,1.775,0.9543,212,0
SPY190805P294,2019-08-02,2019-08-02 09:33:12,1.8,0.9677,382,1.72,0.9247,55,1.79,0.9623,1,1.76,0.9462,212,0
SPY190805P294,2019-08-02,2019-08-02 09:33:12,1.78,0.9569,118,1.73,0.9301,72,1.79,0.9623,1,1.755,0.9435,212,0
SPY190805P294,2019-08-02,2019-08-02 09:33:13,1.77,0.9516,110,1.73,0.9301,27,1.79,0.9623,1,1.75,0.9408,212,0
SPY190805P294,2019-08-02,2019-08-02 09:33:14,1.78,0.9569,30,1.73,0.9301,55,1.79,0.9623,1,1.755,0.9435,212,0
SPY190805P294,2019-08-02,2019-08-02 09:33:14,1.78,0.9569,100,1.73,0.9301,27,1.79,0.9623,1,1.755,0.9435,212,0
SPY190805P294,2019-08-02,2019-08-02 09:33:15,1.78,0.9569,82,1.74,0.9354,121,1.79,0.9623,1,1.76,0.9462,212,0
SPY190805P294,2019-08-02,2019-08-02 09:33:16,1.78,0.9569,94,1.75,0.9408,100,1.79,0.9623,1,1.765,0.9489,212,0
SPY190805P294,2019-08-02,2019-08-02 09:33:16,1.78,0.9569,22,1.75,0.9408,26,1.79,0.9623,1,1.765,0.9489,212,0
SPY190805P294,2019-08-02,2019-08-02 09:33:17,1.83,0.9838,11,1.78,0.9569,118,1.79,0.9623,1,1.805,0.9704,212,0
SPY190805P294,2019-08-02,2019-08-02 09:33:18,1.8,0.9677,117,1.75,0.9408,128,1.79,0.9623,1,1.775,0.9543,212,0
SPY190805P294,2019-08-02,2019-08-02 09:33:19,1.8,0.9677,120,1.75,0.9408,55,1.79,0.9623,1,1.775,0.9543,212,0
SPY190805P294,2019-08-02,2019-08-02 09:33:20,1.81,0.9731,5,1.74,0.9354,94,1.79,0.9623,1,1.775,0.9543,212,0
SPY190805P294,2019-08-02,2019-08-02 09:33:20,1.81,0.9731,100,1.76,0.9462,5,1.79,0.9623,1,1.785,0.9596,212,0
SPY190805P294,2019-08-02,2019-08-02 09:33:21,1.81,0.9731,22,1.77,0.9516,120,1.79,0.9623,1,1.79,0.9623,212,0
SPY190805P294,2019-08-02,2019-08-02 09:33:22,1.84,0.9892,65,1.78,0.9569,26,1.79,0.9623,1,1.81,0.9731,212,0
SPY190805P294,2019-08-02,2019-08-02 09:33:22,1.85,0.9946,115,1.8,0.9677,6,1.79,0.9623,1,1.825,0.9811,212,0
SPY190805P294,2019-08-02,2019-08-02 09:33:23,1.84,0.9892,120,1.79,0.9623,115,1.79,0.9623,1,1.815,0.9758,212,0
SPY190805P294,2019-08-02,2019-08-02 09:33:23,1.83,0.9838,130,1.77,0.9516,122,1.79,0.9623,1,1.8,0.9677,212,0
SPY190805P294,2019-08-02,2019-08-02 09:33:24,1.83,0.9838,100,1.78,0.9569,5,1.79,0.9623,1,1.805,0.9704,212,0
SPY190805P294,2019-08-02,2019-08-02 09:33:25,1.84,0.9892,132,1.77,0.9516,132,1.79,0.9623,1,1.805,0.9704,212,0
SPY190805P294,2019-08-02,2019-08-02 09:33:25,1.83,0.9838,122,1.77,0.9516,132,1.79,0.9623,1,1.8,0.9677,212,0
SPY190805P294,2019-08-02,2019-08-02 09:33:26,1.81,0.9731,1,1.76,0.9462,122,1.79,0.9623,1,1.785,0.9596,212,0
SPY190805P294,2019-08-02,2019-08-02 09:33:26,1.82,0.9784,1,1.78,0.9569,48,1.79,0.9623,1,1.8,0.9677,212,0
SPY190805P294,2019-08-02,2019-08-02 09:33:27,1.81,0.9731,119,1.76,0.9462,122,1.79,0.9623,1,1.785,0.9596,212,0
SPY190805P294,2019-08-02,2019-08-02 09:33:28,1.81,0.9731,5,1.77,0.9516,17,1.79,0.9623,1,1.79,0.9623,212,0
SPY190805P294,2019-08-02,2019-08-02 09:33:28,1.81,0.9731,5,1.79,0.9623,6,1.79,0.9623,1,1.8,0.9677,212,0
SPY190805P294,2019-08-02,2019-08-02 09:33:29,1.81,0.9731,110,1.76,0.9462,50,1.79,0.9623,1,1.785,0.9596,212,0
SPY190805P294,2019-08-02,2019-08-02 09:33:30,1.79,0.9623,6,1.75,0.9408,70,1.79,0.9623,1,1.77,0.9516,212,0
SPY190805P294,2019-08-02,2019-08-02 09:33:31,1.8,0.9677,122,1.76,0.9462,6,1.79,0.9623,1,1.78,0.9569,212,0
SPY190805P294,2019-08-02,2019-08-02 09:33:31,1.79,0.9623,122,1.75,0.9408,57,1.79,0.9623,1,1.77,0.9516,212,0
SPY190805P294,2019-08-02,2019-08-02 09:33:32,1.82,0.9784,6,1.78,0.9569,6,1.79,0.9623,1,1.8,0.9677,212,0
SPY190805P294,2019-08-02,2019-08-02 09:33:32,1.83,0.9838,101,1.78,0.9569,120,1.79,0.9623,1,1.805,0.9704,212,0
SPY190805P294,2019-08-02,2019-08-02 09:33:33,1.82,0.9784,365,1.75,0.9408,55,1.79,0.9623,1,1.785,0.9596,212,0
SPY190805P294,2019-08-02,2019-08-02 09:33:34,1.8,0.9677,242,1.75,0.9408,6,1.79,0.9623,1,1.775,0.9543,212,0
SPY190805P294,2019-08-02,2019-08-02 09:33:35,1.8,0.9677,23,1.76,0.9462,6,1.79,0.9623,1,1.78,0.9569,212,0
SPY190805P294,2019-08-02,2019-08-02 09:33:35,1.79,0.9623,100,1.76,0.9462,6,1.79,0.9623,1,1.775,0.9543,212,0
SPY190805P294,2019-08-02,2019-08-02 09:33:36,1.78,0.9569,127,1.76,0.9462,6,1.79,0.9623,1,1.77,0.9516,212,0
SPY190805P294,2019-08-02,2019-08-02 09:33:37,1.78,0.9569,128,1.76,0.9462,6,1.79,0.9623,1,1.77,0.9516,212,0
SPY190805P294,2019-08-02,2019-08-02 09:33:38,1.76,0.9462,21,1.71,0.9193,21,1.75,0.9408,5,1.735,0.9327,217,5
SPY190805P294,2019-08-02,2019-08-02 09:33:38,1.76,0.9462,120,1.72,0.9247,55,1.75,0.9408,5,1.74,0.9354,217,0
SPY190805P294,2019-08-02,2019-08-02 09:33:39,1.77,0.9516,22,1.72,0.9247,242,1.75,0.9408,5,1.745,0.9381,217,0
SPY190805P294,2019-08-02,2019-08-02 09:33:39,1.78,0.9569,11,1.73,0.9301,115,1.75,0.9408,5,1.755,0.9435,217,0
SPY190805P294,2019-08-02,2019-08-02 09:33:40,1.8,0.9677,242,1.75,0.9408,6,1.75,0.9408,5,1.775,0.9543,217,0
SPY190805P294,2019-08-02,2019-08-02 09:33:41,1.78,0.9569,100,1.74,0.9354,103,1.75,0.9408,5,1.76,0.9462,217,0
SPY190805P294,2019-08-02,2019-08-02 09:33:41,1.78,0.9569,59,1.75,0.9408,6,1.75,0.9408,5,1.765,0.9489,217,0
SPY190805P294,2019-08-02,2019-08-02 09:33:42,1.78,0.9569,22,1.74,0.9354,122,1.75,0.9408,5,1.76,0.9462,217,0
SPY190805P294,2019-08-02,2019-08-02 09:33:43,1.83,0.9838,113,1.77,0.9516,5,1.75,0.9408,5,1.8,0.9677,217,0
SPY190805P294,2019-08-02,2019-08-02 09:33:43,1.81,0.9731,118,1.76,0.9462,72,1.75,0.9408,5,1.785,0.9596,217,0
SPY190805P294,2019-08-02,2019-08-02 09:33:44,1.8,0.9677,22,1.72,0.9247,6,1.75,0.9408,5,1.76,0.9462,217,0
SPY190805P294,2019-08-02,2019-08-02 09:33:44,1.82,0.9784,122,1.78,0.9569,6,1.75,0.9408,5,1.8,0.9677,217,0
SPY190805P294,2019-08-02,2019-08-02 09:33:45,1.81,0.9731,104,1.77,0.9516,101,1.75,0.9408,5,1.79,0.9623,217,0
SPY190805P294,2019-08-02,2019-08-02 09:33:45,1.8,0.9677,106,1.72,0.9247,199,1.75,0.9408,5,1.76,0.9462,217,0
SPY190805P294,2019-08-02,2019-08-02 09:33:48,1.86,1.0,22,1.82,0.9784,122,1.75,0.9408,5,1.84,0.9892,217,0
SPY190805P294,2019-08-02,2019-08-02 09:33:48,1.84,0.9892,17,1.76,0.9462,199,1.75,0.9408,5,1.8,0.9677,217,0
SPY190805P294,2019-08-02,2019-08-02 09:33:49,1.86,1.0,22,1.82,0.9784,146,1.75,0.9408,5,1.84,0.9892,217,0
SPY190805P294,2019-08-02,2019-08-02 09:33:50,1.86,1.0,13,1.81,0.9731,66,1.75,0.9408,5,1.835,0.9865,217,0
SPY190805P294,2019-08-02,2019-08-02 09:33:51,1.87,1.0053,22,1.84,0.9892,22,1.84,0.9892,1,1.855,0.9973,218,1
SPY190805P294,2019-08-02,2019-08-02 09:33:52,1.9,1.0215,44,1.84,0.9892,44,1.84,0.9892,1,1.87,1.0053,218,0
SPY190805P294,2019-08-02,2019-08-02 09:33:54,1.89,1.0161,29,1.86,1.0,6,1.84,0.9892,1,1.875,1.008,218,0
SPY190805P294,2019-08-02,2019-08-02 09:33:55,1.9,1.0215,5,1.85,0.9946,5,1.85,0.9946,14,1.875,1.008,232,14
SPY190805P294,2019-08-02,2019-08-02 09:33:56,1.9,1.0215,52,1.84,0.9892,249,1.85,0.9946,14,1.87,1.0053,232,0
SPY190805P294,2019-08-02,2019-08-02 09:33:57,1.9,1.0215,6,1.87,1.0053,16,1.85,0.9946,14,1.885,1.0134,232,0
SPY190805P294,2019-08-02,2019-08-02 09:33:57,1.9,1.0215,8,1.87,1.0053,10,1.85,0.9946,14,1.885,1.0134,232,0
SPY190805P294,2019-08-02,2019-08-02 09:33:58,1.9,1.0215,6,1.87,1.0053,16,1.85,0.9946,14,1.885,1.0134,232,0
SPY190805P294,2019-08-02,2019-08-02 09:34:00,1.88,1.0107,115,1.83,0.9838,119,1.87,1.0053,10,1.855,0.9973,245,13
SPY190805P294,2019-08-02,2019-08-02 09:34:01,1.88,1.0107,6,1.85,0.9946,6,1.87,1.0053,10,1.865,1.0026,245,0
SPY190805P294,2019-08-02,2019-08-02 09:34:03,1.84,0.9892,86,1.81,0.9731,6,1.87,1.0053,10,1.825,0.9811,245,0
SPY190805P294,2019-08-02,2019-08-02 09:34:04,1.86,1.0,122,1.8,0.9677,122,1.84,0.9892,1,1.83,0.9838,246,1
SPY190805P294,2019-08-02,2019-08-02 09:34:08,1.77,0.9516,122,1.71,0.9193,6,1.86,1.0,1,1.74,0.9354,248,2
SPY190805P294,2019-08-02,2019-08-02 09:34:10,1.78,0.9569,100,1.73,0.9301,122,1.86,1.0,1,1.755,0.9435,248,0
SPY190805P294,2019-08-02,2019-08-02 09:34:11,1.79,0.9623,5,1.73,0.9301,121,1.86,1.0,1,1.76,0.9462,248,0
SPY190805P294,2019-08-02,2019-08-02 09:34:12,1.79,0.9623,94,1.74,0.9354,117,1.86,1.0,1,1.765,0.9489,248,0
SPY190805P294,2019-08-02,2019-08-02 09:34:13,1.79,0.9623,94,1.74,0.9354,117,1.86,1.0,1,1.765,0.9489,248,0
SPY190805P294,2019-08-02,2019-08-02 09:34:14,1.82,0.9784,120,1.78,0.9569,115,1.86,1.0,1,1.8,0.9677,248,0
SPY190805P294,2019-08-02,2019-08-02 09:34:15,1.86,1.0,79,1.79,0.9623,204,1.86,1.0,1,1.825,0.9811,248,0
SPY190805P294,2019-08-02,2019-08-02 09:34:16,1.86,1.0,20,1.81,0.9731,5,1.86,1.0,1,1.835,0.9865,248,0
SPY190805P294,2019-08-02,2019-08-02 09:34:17,1.81,0.9731,122,1.75,0.9408,78,1.8,0.9677,2,1.78,0.9569,250,2
SPY190805P294,2019-08-02,2019-08-02 09:34:19,1.8,0.9677,22,1.77,0.9516,6,1.8,0.9677,2,1.785,0.9596,250,0
SPY190805P294,2019-08-02,2019-08-02 09:34:20,1.8,0.9677,22,1.77,0.9516,6,1.8,0.9677,2,1.785,0.9596,250,0
SPY190805P294,2019-08-02,2019-08-02 09:34:21,1.82,0.9784,22,1.8,0.9677,6,1.8,0.9677,2,1.81,0.9731,250,0
SPY190805P294,2019-08-02,2019-08-02 09:34:22,1.85,0.9946,55,1.76,0.9462,100,1.8,0.9677,2,1.805,0.9704,250,0
SPY190805P294,2019-08-02,2019-08-02 09:34:22,1.85,0.9946,45,1.82,0.9784,6,1.8,0.9677,2,1.835,0.9865,250,0
SPY190805P294,2019-08-02,2019-08-02 09:34:23,1.85,0.9946,57,1.81,0.9731,122,1.8,0.9677,2,1.83,0.9838,250,0
SPY190805P294,2019-08-02,2019-08-02 09:34:23,1.85,0.9946,22,1.82,0.9784,6,1.8,0.9677,2,1.835,0.9865,250,0
SPY190805P294,2019-08-02,2019-08-02 09:34:24,1.86,1.0,6,1.83,0.9838,6,1.8,0.9677,2,1.845,0.9919,250,0
SPY190805P294,2019-08-02,2019-08-02 09:34:25,1.85,0.9946,6,1.83,0.9838,6,1.8,0.9677,2,1.84,0.9892,250,0
SPY190805P294,2019-08-02,2019-08-02 09:34:26,1.87,1.0053,48,1.84,0.9892,6,1.8,0.9677,2,1.855,0.9973,250,0
SPY190805P294,2019-08-02,2019-08-02 09:34:27,1.88,1.0107,8,1.85,0.9946,6,1.8,0.9677,2,1.865,1.0026,250,0
SPY190805P294,2019-08-02,2019-08-02 09:34:27,1.87,1.0053,6,1.84,0.9892,6,1.8,0.9677,2,1.855,0.9973,250,0
SPY190805P294,2019-08-02,2019-08-02 09:34:28,1.88,1.0107,7,1.85,0.9946,6,1.8,0.9677,2,1.865,1.0026,250,0
SPY190805P294,2019-08-02,2019-08-02 09:34:28,1.87,1.0053,7,1.84,0.9892,22,1.8,0.9677,2,1.855,0.9973,250,0
SPY190805P294,2019-08-02,2019-08-02 09:34:29,1.87,1.0053,4,1.84,0.9892,6,1.8,0.9677,2,1.855,0.9973,250,0
SPY190805P294,2019-08-02,2019-08-02 09:34:30,1.83,0.9838,118,1.8,0.9677,6,1.8,0.9677,2,1.815,0.9758,250,0
SPY190805P294,2019-08-02,2019-08-02 09:34:31,1.87,1.0053,6,1.82,0.9784,18,1.8,0.9677,2,1.845,0.9919,250,0
SPY190805P294,2019-08-02,2019-08-02 09:34:31,1.85,0.9946,6,1.8,0.9677,6,1.8,0.9677,2,1.825,0.9811,250,0
SPY190805P294,2019-08-02,2019-08-02 09:34:32,1.88,1.0107,91,1.8,0.9677,100,1.8,0.9677,2,1.84,0.9892,250,0
SPY190805P294,2019-08-02,2019-08-02 09:34:32,1.89,1.0161,18,1.86,1.0,6,1.8,0.9677,2,1.875,1.008,250,0
SPY190805P294,2019-08-02,2019-08-02 09:34:33,1.88,1.0107,6,1.86,1.0,6,1.8,0.9677,2,1.87,1.0053,250,0
SPY190805P294,2019-08-02,2019-08-02 09:34:34,1.88,1.0107,20,1.85,0.9946,6,1.8,0.9677,2,1.865,1.0026,250,0
SPY190805P294,2019-08-02,2019-08-02 09:34:34,1.87,1.0053,6,1.83,0.9838,6,1.8,0.9677,2,1.85,0.9946,250,0
SPY190805P294,2019-08-02,2019-08-02 09:34:35,1.89,1.0161,6,1.86,1.0,6,1.8,0.9677,2,1.875,1.008,250,0
SPY190805P294,2019-08-02,2019-08-02 09:34:35,1.87,1.0053,20,1.85,0.9946,6,1.8,0.9677,2,1.86,1.0,250,0
SPY190805P294,2019-08-02,2019-08-02 09:34:39,1.91,1.0268,100,1.82,0.9784,66,1.85,0.9946,50,1.865,1.0026,300,50
SPY190805P294,2019-08-02,2019-08-02 09:34:43,1.85,0.9946,100,1.78,0.9569,100,1.84,0.9892,2,1.815,0.9758,305,5
SPY190805P294,2019-08-02,2019-08-02 09:34:43,1.87,1.0053,6,1.85,0.9946,6,1.84,0.9892,2,1.86,1.0,305,0
SPY190805P294,2019-08-02,2019-08-02 09:34:45,1.89,1.0161,10,1.86,1.0,18,1.84,0.9892,2,1.875,1.008,305,0
SPY190805P294,2019-08-02,2019-08-02 09:34:46,1.89,1.0161,33,1.85,0.9946,108,1.84,0.9892,2,1.87,1.0053,305,0
SPY190805P294,2019-08-02,2019-08-02 09:34:54,1.87,1.0053,6,1.84,0.9892,6,1.84,0.9892,2,1.855,0.9973,305,0
SPY190805P294,2019-08-02,2019-08-02 09:35:01,1.84,0.9892,95,1.81,0.9731,20,1.83,0.9838,1,1.825,0.9811,308,3
SPY190805P294,2019-08-02,2019-08-02 09:35:07,1.83,0.9838,121,1.79,0.9623,6,1.83,0.9838,1,1.81,0.9731,308,0
SPY190805P294,2019-08-02,2019-08-02 09:35:09,1.85,0.9946,9,1.82,0.9784,6,1.83,0.9838,1,1.835,0.9865,308,0
SPY190805P294,2019-08-02,2019-08-02 09:35:11,1.88,1.0107,6,1.83,0.9838,221,1.83,0.9838,1,1.855,0.9973,308,0
SPY190805P294,2019-08-02,2019-08-02 09:35:12,1.86,1.0,6,1.84,0.9892,6,1.83,0.9838,1,1.85,0.9946,308,0
SPY190805P294,2019-08-02,2019-08-02 09:35:12,1.87,1.0053,120,1.84,0.9892,6,1.83,0.9838,1,1.855,0.9973,308,0
SPY190805P294,2019-08-02,2019-08-02 09:35:15,1.9,1.0215,111,1.87,1.0053,6,1.83,0.9838,1,1.885,1.0134,308,0
SPY190805P294,2019-08-02,2019-08-02 09:35:20,2.02,1.086,6,1.94,1.043,100,1.96,1.0537,2,1.98,1.0645,313,5
SPY190805P294,2019-08-02,2019-08-02 09:35:21,2.01,1.0806,60,1.97,1.0591,6,1.96,1.0537,2,1.99,1.0698,313,0
SPY190805P294,2019-08-02,2019-08-02 09:35:22,2.02,1.086,1,1.98,1.0645,6,1.96,1.0537,2,2.0,1.0752,313,0
SPY190805P294,2019-08-02,2019-08-02 09:35:23,2.12,1.1397,100,2.0,1.0752,100,2.05,1.1021,5,2.06,1.1075,319,0
SPY190805P294,2019-08-02,2019-08-02 09:35:23,2.05,1.1021,5,2.01,1.0806,117,2.05,1.1021,5,2.03,1.0913,319,6
SPY190805P294,2019-08-02,2019-08-02 09:35:27,2.09,1.1236,6,2.08,1.1182,6,2.05,1.1021,5,2.085,1.1209,319,0
SPY190805P294,2019-08-02,2019-08-02 09:35:31,2.06,1.1075,5,2.05,1.1021,6,2.05,1.1021,5,2.055,1.1048,319,0
SPY190805P294,2019-08-02,2019-08-02 09:35:32,2.08,1.1182,44,2.02,1.086,20,2.05,1.1021,5,2.05,1.1021,319,0
SPY190805P294,2019-08-02,2019-08-02 09:35:37,2.12,1.1397,27,2.09,1.1236,20,2.07,1.1129,5,2.105,1.1317,324,5
SPY190805P294,2019-08-02,2019-08-02 09:35:44,2.17,1.1666,9,2.12,1.1397,44,2.07,1.1129,5,2.145,1.1532,324,0
SPY190805P294,2019-08-02,2019-08-02 09:35:45,2.19,1.1774,6,2.15,1.1559,6,2.07,1.1129,5,2.17,1.1666,324,0
SPY190805P294,2019-08-02,2019-08-02 09:35:46,2.2,1.1827,1,2.16,1.1612,6,2.07,1.1129,5,2.18,1.172,324,0
SPY190805P294,2019-08-02,2019-08-02 09:35:47,2.2,1.1827,1,2.15,1.1559,44,2.07,1.1129,5,2.175,1.1693,324,0
SPY190805P294,2019-08-02,2019-08-02 09:35:47,2.2,1.1827,1,2.19,1.1774,20,2.2,1.1827,1,2.195,1.1801,325,1
SPY190805P294,2019-08-02,2019-08-02 09:35:48,2.25,1.2096,8,2.19,1.1774,20,2.19,1.1774,3,2.22,1.1935,336,11
SPY190805P294,2019-08-02,2019-08-02 09:35:49,2.24,1.2043,100,2.18,1.172,18,2.19,1.1774,3,2.21,1.1881,336,0
SPY190805P294,2019-08-02,2019-08-02 09:35:49,2.22,1.1935,5,2.13,1.1451,100,2.19,1.1774,3,2.175,1.1693,336,0
SPY190805P294,2019-08-02,2019-08-02 09:35:50,2.23,1.1989,5,2.18,1.172,44,2.19,1.1774,3,2.205,1.1854,336,0
SPY190805P294,2019-08-02,2019-08-02 09:35:50,2.24,1.2043,6,2.18,1.172,44,2.19,1.1774,3,2.21,1.1881,336,0
SPY190805P294,2019-08-02,2019-08-02 09:35:51,2.25,1.2096,8,2.2,1.1827,20,2.19,1.1774,3,2.225,1.1962,336,0
SPY190805P294,2019-08-02,2019-08-02 09:35:52,2.24,1.2043,102,2.17,1.1666,44,2.2,1.1827,20,2.205,1.1854,356,20
SPY190805P294,2019-08-02,2019-08-02 09:35:54,2.24,1.2043,11,2.21,1.1881,6,2.2,1.1827,20,2.225,1.1962,356,0
SPY190805P294,2019-08-02,2019-08-02 09:35:54,2.23,1.1989,118,2.19,1.1774,6,2.2,1.1827,20,2.21,1.1881,356,0
SPY190805P294,2019-08-02,2019-08-02 09:35:57,2.22,1.1935,6,2.14,1.1505,88,2.2,1.1827,20,2.18,1.172,356,0
SPY190805P294,2019-08-02,2019-08-02 09:35:57,2.22,1.1935,5,2.17,1.1666,60,2.2,1.1827,20,2.195,1.1801,356,0
SPY190805P294,2019-08-02,2019-08-02 09:36:20,2.15,1.1559,6,2.12,1.1397,6,2.16,1.1612,2,2.135,1.1478,366,10
SPY190805P294,2019-08-02,2019-08-02 09:36:24,2.08,1.1182,6,2.06,1.1075,6,2.16,1.1612,2,2.07,1.1129,366,0
SPY190805P294,2019-08-02,2019-08-02 09:36:24,2.07,1.1129,6,2.04,1.0967,6,2.16,1.1612,2,2.055,1.1048,366,0
SPY190805P294,2019-08-02,2019-08-02 09:36:25,2.08,1.1182,20,2.05,1.1021,6,2.16,1.1612,2,2.065,1.1102,366,0
SPY190805P294,2019-08-02,2019-08-02 09:36:29,2.02,1.086,110,1.97,1.0591,46,2.16,1.1612,2,1.995,1.0725,366,0
SPY190805P294,2019-08-02,2019-08-02 09:36:31,2.0,1.0752,5,1.94,1.043,50,2.16,1.1612,2,1.97,1.0591,366,0
SPY190805P294,2019-08-02,2019-08-02 09:36:32,1.97,1.0591,110,1.94,1.043,6,2.16,1.1612,2,1.955,1.051,366,0
SPY190805P294,2019-08-02,2019-08-02 09:36:32,1.97,1.0591,20,1.96,1.0537,6,2.16,1.1612,2,1.965,1.0564,366,0
SPY190805P294,2019-08-02,2019-08-02 09:36:33,1.97,1.0591,120,1.94,1.043,6,2.16,1.1612,2,1.955,1.051,366,0
SPY190805P294,2019-08-02,2019-08-02 09:36:34,1.98,1.0645,26,1.94,1.043,6,2.16,1.1612,2,1.96,1.0537,366,0
SPY190805P294,2019-08-02,2019-08-02 09:36:34,1.97,1.0591,18,1.94,1.043,6,2.16,1.1612,2,1.955,1.051,366,0
SPY190805P294,2019-08-02,2019-08-02 09:36:35,1.97,1.0591,18,1.94,1.043,6,2.16,1.1612,2,1.955,1.051,366,0
SPY190805P294,2019-08-02,2019-08-02 09:36:36,1.99,1.0698,20,1.96,1.0537,6,2.16,1.1612,2,1.975,1.0618,366,0
SPY190805P294,2019-08-02,2019-08-02 09:36:37,2.0,1.0752,6,1.97,1.0591,6,2.16,1.1612,2,1.985,1.0672,366,0
SPY190805P294,2019-08-02,2019-08-02 09:36:38,2.02,1.086,6,1.99,1.0698,6,2.16,1.1612,2,2.005,1.0779,366,0
SPY190805P294,2019-08-02,2019-08-02 09:36:39,2.03,1.0913,1,2.02,1.086,6,2.16,1.1612,2,2.025,1.0887,366,0
SPY190805P294,2019-08-02,2019-08-02 09:36:40,2.03,1.0913,1,2.0,1.0752,175,2.16,1.1612,2,2.015,1.0833,366,0
SPY190805P294,2019-08-02,2019-08-02 09:36:40,2.1,1.129,44,2.05,1.1021,3,2.03,1.0913,1,2.075,1.1155,367,1
SPY190805P294,2019-08-02,2019-08-02 09:36:41,2.12,1.1397,20,2.07,1.1129,6,2.03,1.0913,1,2.095,1.1263,367,0
SPY190805P294,2019-08-02,2019-08-02 09:36:41,2.11,1.1344,44,2.03,1.0913,44,2.03,1.0913,1,2.07,1.1129,367,0
SPY190805P294,2019-08-02,2019-08-02 09:36:42,2.1,1.129,20,2.06,1.1075,20,2.03,1.0913,1,2.08,1.1182,367,0
SPY190805P294,2019-08-02,2019-08-02 09:36:43,2.15,1.1559,20,2.08,1.1182,121,2.03,1.0913,1,2.115,1.137,367,0
SPY190805P294,2019-08-02,2019-08-02 09:36:44,2.14,1.1505,6,2.1,1.129,6,2.03,1.0913,1,2.12,1.1397,367,0
SPY190805P294,2019-08-02,2019-08-02 09:36:45,2.14,1.1505,9,2.11,1.1344,10,2.03,1.0913,1,2.125,1.1424,367,0
SPY190805P294,2019-08-02,2019-08-02 09:36:45,2.14,1.1505,9,2.1,1.129,20,2.03,1.0913,1,2.12,1.1397,367,0
SPY190805P294,2019-08-02,2019-08-02 09:36:46,2.18,1.172,6,2.14,1.1505,6,2.15,1.1559,20,2.16,1.1612,387,20
SPY190805P294,2019-08-02,2019-08-02 09:36:47,2.2,1.1827,6,2.14,1.1505,6,2.15,1.1559,20,2.17,1.1666,387,0
SPY190805P294,2019-08-02,2019-08-02 09:36:48,2.16,1.1612,6,2.13,1.1451,67,2.15,1.1559,20,2.145,1.1532,387,0
SPY190805P294,2019-08-02,2019-08-02 09:36:48,2.18,1.172,17,2.14,1.1505,20,2.15,1.1559,20,2.16,1.1612,387,0
SPY190805P294,2019-08-02,2019-08-02 09:36:49,2.17,1.1666,17,2.13,1.1451,16,2.15,1.1559,20,2.15,1.1559,387,0
SPY190805P294,2019-08-02,2019-08-02 09:36:50,2.2,1.1827,100,2.09,1.1236,44,2.15,1.1559,20,2.145,1.1532,387,0
SPY190805P294,2019-08-02,2019-08-02 09:36:50,2.14,1.1505,6,2.11,1.1344,6,2.15,1.1559,20,2.125,1.1424,387,0
SPY190805P294,2019-08-02,2019-08-02 09:36:51,2.14,1.1505,6,2.11,1.1344,6,2.15,1.1559,20,2.125,1.1424,387,0
SPY190805P294,2019-08-02,2019-08-02 09:36:51,2.14,1.1505,44,2.05,1.1021,44,2.15,1.1559,20,2.095,1.1263,387,0
SPY190805P294,2019-08-02,2019-08-02 09:36:52,2.13,1.1451,44,2.05,1.1021,44,2.15,1.1559,20,2.09,1.1236,387,0
SPY190805P294,2019-08-02,2019-08-02 09:36:53,2.1,1.129,6,2.06,1.1075,18,2.15,1.1559,20,2.08,1.1182,387,0
SPY190805P294,2019-08-02,2019-08-02 09:36:54,2.08,1.1182,6,2.03,1.0913,44,2.15,1.1559,20,2.055,1.1048,387,0
SPY190805P294,2019-08-02,2019-08-02 09:36:54,2.07,1.1129,44,1.99,1.0698,44,2.15,1.1559,20,2.03,1.0913,387,0
SPY190805P294,2019-08-02,2019-08-02 09:36:55,2.12,1.1397,12,1.95,1.0483,96,2.15,1.1559,20,2.035,1.094,387,0
SPY190805P294,2019-08-02,2019-08-02 09:36:56,2.09,1.1236,18,2.0,1.0752,18,2.15,1.1559,20,2.045,1.0994,387,0
SPY190805P294,2019-08-02,2019-08-02 09:36:56,2.07,1.1129,18,1.97,1.0591,5,2.15,1.1559,20,2.02,1.086,387,0
SPY190805P294,2019-08-02,2019-08-02 09:36:57,2.08,1.1182,6,2.03,1.0913,20,2.15,1.1559,20,2.055,1.1048,387,0
SPY190805P294,2019-08-02,2019-08-02 09:36:57,2.07,1.1129,6,2.0,1.0752,18,2.15,1.1559,20,2.035,1.094,387,0
SPY190805P294,2019-08-02,2019-08-02 09:36:58,2.08,1.1182,44,2.04,1.0967,20,2.15,1.1559,20,2.06,1.1075,387,0
SPY190805P294,2019-08-02,2019-08-02 09:36:59,2.07,1.1129,6,2.04,1.0967,5,2.15,1.1559,20,2.055,1.1048,387,0
SPY190805P294,2019-08-02,2019-08-02 09:37:00,2.1,1.129,44,2.04,1.0967,30,2.15,1.1559,20,2.07,1.1129,387,0
SPY190805P294,2019-08-02,2019-08-02 09:37:00,2.08,1.1182,6,2.04,1.0967,5,2.15,1.1559,20,2.06,1.1075,387,0
SPY190805P294,2019-08-02,2019-08-02 09:37:01,2.12,1.1397,6,2.06,1.1075,44,2.15,1.1559,20,2.09,1.1236,387,0
SPY190805P294,2019-08-02,2019-08-02 09:37:02,2.13,1.1451,6,2.08,1.1182,9,2.15,1.1559,20,2.105,1.1317,387,0
SPY190805P294,2019-08-02,2019-08-02 09:37:02,2.13,1.1451,6,2.09,1.1236,6,2.15,1.1559,20,2.11,1.1344,387,0
SPY190805P294,2019-08-02,2019-08-02 09:37:03,2.11,1.1344,6,2.04,1.0967,44,2.15,1.1559,20,2.075,1.1155,387,0
SPY190805P294,2019-08-02,2019-08-02 09:37:04,2.14,1.1505,6,2.1,1.129,8,2.15,1.1559,20,2.12,1.1397,387,0
SPY190805P294,2019-08-02,2019-08-02 09:37:05,2.15,1.1559,6,2.11,1.1344,8,2.15,1.1559,20,2.13,1.1451,387,0
SPY190805P294,2019-08-02,2019-08-02 09:37:06,2.17,1.1666,6,2.12,1.1397,10,2.15,1.1559,20,2.145,1.1532,387,0
SPY190805P294,2019-08-02,2019-08-02 09:37:07,2.17,1.1666,100,2.05,1.1021,100,2.15,1.1559,20,2.11,1.1344,387,0
SPY190805P294,2019-08-02,2019-08-02 09:37:08,2.13,1.1451,6,2.07,1.1129,6,2.15,1.1559,20,2.1,1.129,387,0
SPY190805P294,2019-08-02,2019-08-02 09:37:09,2.15,1.1559,44,2.08,1.1182,44,2.15,1.1559,20,2.115,1.137,387,0
SPY190805P294,2019-08-02,2019-08-02 09:37:10,2.12,1.1397,6,2.09,1.1236,6,2.15,1.1559,20,2.105,1.1317,387,0
SPY190805P294,2019-08-02,2019-08-02 09:37:11,2.12,1.1397,7,2.06,1.1075,116,2.15,1.1559,20,2.09,1.1236,387,0
SPY190805P294,2019-08-02,2019-08-02 09:37:13,2.09,1.1236,1,2.05,1.1021,16,2.15,1.1559,20,2.07,1.1129,387,0
SPY190805P294,2019-08-02,2019-08-02 09:37:13,2.1,1.129,6,2.06,1.1075,6,2.15,1.1559,20,2.08,1.1182,387,0
SPY190805P294,2019-08-02,2019-08-02 09:37:14,2.08,1.1182,6,2.05,1.1021,17,2.15,1.1559,20,2.065,1.1102,387,0
SPY190805P294,2019-08-02,2019-08-02 09:37:15,2.1,1.129,44,2.06,1.1075,12,2.15,1.1559,20,2.08,1.1182,387,0
SPY190805P294,2019-08-02,2019-08-02 09:37:21,2.11,1.1344,58,2.09,1.1236,6,2.15,1.1559,20,2.1,1.129,387,0
SPY190805P294,2019-08-02,2019-08-02 09:37:21,2.09,1.1236,6,2.07,1.1129,61,2.15,1.1559,20,2.08,1.1182,387,0
SPY190805P294,2019-08-02,2019-08-02 09:37:27,2.08,1.1182,6,2.06,1.1075,6,2.07,1.1129,5,2.07,1.1129,392,5
SPY190805P294,2019-08-02,2019-08-02 09:37:29,2.12,1.1397,6,2.06,1.1075,9,2.07,1.1129,5,2.09,1.1236,392,0
SPY190805P294,2019-08-02,2019-08-02 09:37:30,2.11,1.1344,6,2.08,1.1182,9,2.07,1.1129,5,2.095,1.1263,392,0
SPY190805P294,2019-08-02,2019-08-02 09:37:32,2.13,1.1451,6,2.06,1.1075,6,2.08,1.1182,19,2.095,1.1263,416,24
SPY190805P294,2019-08-02,2019-08-02 09:37:32,2.14,1.1505,18,2.07,1.1129,2,2.08,1.1182,19,2.105,1.1317,416,0
SPY190805P294,2019-08-02,2019-08-02 09:37:33,2.13,1.1451,6,2.1,1.129,40,2.08,1.1182,19,2.115,1.137,416,0
SPY190805P294,2019-08-02,2019-08-02 09:37:35,2.21,1.1881,18,2.14,1.1505,100,2.08,1.1182,19,2.175,1.1693,416,0
SPY190805P294,2019-08-02,2019-08-02 09:37:35,2.17,1.1666,6,2.13,1.1451,10,2.08,1.1182,19,2.15,1.1559,416,0
SPY190805P294,2019-08-02,2019-08-02 09:37:36,2.22,1.1935,62,2.15,1.1559,5,2.08,1.1182,19,2.185,1.1747,416,0
SPY190805P294,2019-08-02,2019-08-02 09:37:37,2.17,1.1666,6,2.14,1.1505,13,2.08,1.1182,19,2.155,1.1586,416,0
SPY190805P294,2019-08-02,2019-08-02 09:37:37,2.18,1.172,6,2.16,1.1612,5,2.08,1.1182,19,2.17,1.1666,416,0
SPY190805P294,2019-08-02,2019-08-02 09:37:38,2.19,1.1774,6,2.14,1.1505,18,2.08,1.1182,19,2.165,1.1639,416,0
SPY190805P294,2019-08-02,2019-08-02 09:37:39,2.18,1.172,109,2.13,1.1451,114,2.16,1.1612,6,2.155,1.1586,468,0
SPY190805P294,2019-08-02,2019-08-02 09:37:39,2.19,1.1774,6,2.16,1.1612,52,2.16,1.1612,6,2.175,1.1693,468,52
SPY190805P294,2019-08-02,2019-08-02 09:37:41,2.17,1.1666,56,2.08,1.1182,5,2.16,1.1612,6,2.125,1.1424,468,0
SPY190805P294,2019-08-02,2019-08-02 09:37:42,2.16,1.1612,6,2.11,1.1344,25,2.16,1.1612,6,2.135,1.1478,468,0
SPY190805P294,2019-08-02,2019-08-02 09:37:42,2.15,1.1559,100,2.1,1.129,20,2.16,1.1612,6,2.125,1.1424,468,0
SPY190805P294,2019-08-02,2019-08-02 09:37:45,2.14,1.1505,6,2.1,1.129,19,2.12,1.1397,6,2.12,1.1397,474,6
SPY190805P294,2019-08-02,2019-08-02 09:37:46,2.15,1.1559,6,2.12,1.1397,16,2.12,1.1397,6,2.135,1.1478,474,0
SPY190805P294,2019-08-02,2019-08-02 09:37:47,2.15,1.1559,6,2.12,1.1397,20,2.12,1.1397,6,2.135,1.1478,474,0
SPY190805P294,2019-08-02,2019-08-02 09:37:47,2.12,1.1397,6,2.09,1.1236,6,2.12,1.1397,6,2.105,1.1317,474,0
SPY190805P294,2019-08-02,2019-08-02 09:37:48,2.1,1.129,6,2.07,1.1129,6,2.12,1.1397,6,2.085,1.1209,474,0
SPY190805P294,2019-08-02,2019-08-02 09:37:49,2.08,1.1182,6,2.05,1.1021,6,2.12,1.1397,6,2.065,1.1102,474,0
SPY190805P294,2019-08-02,2019-08-02 09:37:49,2.09,1.1236,6,2.04,1.0967,6,2.12,1.1397,6,2.065,1.1102,474,0
SPY190805P294,2019-08-02,2019-08-02 09:37:50,2.1,1.129,6,2.07,1.1129,6,2.12,1.1397,6,2.085,1.1209,474,0
SPY190805P294,2019-08-02,2019-08-02 09:37:51,2.07,1.1129,1,2.03,1.0913,120,2.12,1.1397,6,2.05,1.1021,474,0
SPY190805P294,2019-08-02,2019-08-02 09:37:52,2.13,1.1451,85,2.1,1.129,6,2.07,1.1129,1,2.115,1.137,475,0
SPY190805P294,2019-08-02,2019-08-02 09:37:52,2.12,1.1397,44,2.06,1.1075,16,2.07,1.1129,1,2.09,1.1236,475,1
SPY190805P294,2019-08-02,2019-08-02 09:37:53,2.12,1.1397,6,2.09,1.1236,6,2.07,1.1129,1,2.105,1.1317,475,0
SPY190805P294,2019-08-02,2019-08-02 09:37:53,2.13,1.1451,44,2.09,1.1236,6,2.07,1.1129,1,2.11,1.1344,475,0
SPY190805P294,2019-08-02,2019-08-02 09:37:54,2.13,1.1451,6,2.09,1.1236,6,2.07,1.1129,1,2.11,1.1344,475,0
SPY190805P294,2019-08-02,2019-08-02 09:37:55,2.13,1.1451,44,2.09,1.1236,20,2.07,1.1129,1,2.11,1.1344,475,0
SPY190805P294,2019-08-02,2019-08-02 09:37:55,2.11,1.1344,44,2.06,1.1075,102,2.07,1.1129,1,2.085,1.1209,475,0
SPY190805P294,2019-08-02,2019-08-02 09:37:56,2.11,1.1344,6,2.08,1.1182,12,2.07,1.1129,1,2.095,1.1263,475,0
SPY190805P294,2019-08-02,2019-08-02 09:37:57,2.14,1.1505,6,2.11,1.1344,6,2.07,1.1129,1,2.125,1.1424,475,0
SPY190805P294,2019-08-02,2019-08-02 09:37:57,2.13,1.1451,85,2.08,1.1182,10,2.07,1.1129,1,2.105,1.1317,475,0
SPY190805P294,2019-08-02,2019-08-02 09:37:58,2.15,1.1559,100,2.12,1.1397,6,2.07,1.1129,1,2.135,1.1478,475,0
SPY190805P294,2019-08-02,2019-08-02 09:37:59,2.11,1.1344,107,2.07,1.1129,12,2.07,1.1129,1,2.09,1.1236,475,0
SPY190805P294,2019-08-02,2019-08-02 09:37:59,2.13,1.1451,79,2.07,1.1129,6,2.07,1.1129,1,2.1,1.129,475,0
SPY190805P294,2019-08-02,2019-08-02 09:38:01,2.08,1.1182,6,2.06,1.1075,10,2.07,1.1129,1,2.07,1.1129,475,0
SPY190805P294,2019-08-02,2019-08-02 09:38:02,2.07,1.1129,171,2.01,1.0806,120,2.06,1.1075,1,2.04,1.0967,486,11
SPY190805P294,2019-08-02,2019-08-02 09:38:03,2.09,1.1236,187,2.03,1.0913,19,2.06,1.1075,1,2.06,1.1075,486,0
SPY190805P294,2019-08-02,2019-08-02 09:38:03,2.08,1.1182,190,2.01,1.0806,5,2.06,1.1075,1,2.045,1.0994,486,0
SPY190805P294,2019-08-02,2019-08-02 09:38:04,2.06,1.1075,44,2.02,1.086,84,2.06,1.1075,1,2.04,1.0967,486,0
SPY190805P294,2019-08-02,2019-08-02 09:38:05,2.07,1.1129,120,2.02,1.086,120,2.06,1.1075,1,2.045,1.0994,486,0
SPY190805P294,2019-08-02,2019-08-02 09:38:05,2.06,1.1075,18,2.0,1.0752,70,2.06,1.1075,1,2.03,1.0913,486,0
SPY190805P294,2019-08-02,2019-08-02 09:38:06,2.04,1.0967,116,2.01,1.0806,6,2.06,1.1075,1,2.025,1.0887,486,0
SPY190805P294,2019-08-02,2019-08-02 09:38:07,2.04,1.0967,6,1.97,1.0591,6,2.06,1.1075,1,2.005,1.0779,486,0
SPY190805P294,2019-08-02,2019-08-02 09:38:08,2.02,1.086,10,2.0,1.0752,6,2.06,1.1075,1,2.01,1.0806,486,0
SPY190805P294,2019-08-02,2019-08-02 09:38:10,2.05,1.1021,100,2.0,1.0752,10,2.02,1.086,10,2.025,1.0887,498,12
SPY190805P294,2019-08-02,2019-08-02 09:38:11,2.06,1.1075,110,2.01,1.0806,120,2.02,1.086,10,2.035,1.094,498,0
SPY190805P294,2019-08-02,2019-08-02 09:38:12,2.07,1.1129,100,1.98,1.0645,97,2.01,1.0806,5,2.025,1.0887,503,5
SPY190805P294,2019-08-02,2019-08-02 09:38:13,2.09,1.1236,44,2.01,1.0806,218,2.01,1.0806,5,2.05,1.1021,503,0
SPY190805P294,2019-08-02,2019-08-02 09:38:14,2.07,1.1129,6,2.05,1.1021,112,2.01,1.0806,5,2.06,1.1075,503,0
SPY190805P294,2019-08-02,2019-08-02 09:38:15,2.12,1.1397,44,2.06,1.1075,112,2.08,1.1182,2,2.09,1.1236,505,2
SPY190805P294,2019-08-02,2019-08-02 09:38:16,2.1,1.129,17,2.07,1.1129,100,2.08,1.1182,2,2.085,1.1209,505,0
SPY190805P294,2019-08-02,2019-08-02 09:38:17,2.08,1.1182,17,2.05,1.1021,5,2.08,1.1182,2,2.065,1.1102,505,0
SPY190805P294,2019-08-02,2019-08-02 09:38:18,2.08,1.1182,17,2.05,1.1021,6,2.08,1.1182,2,2.065,1.1102,505,0
SPY190805P294,2019-08-02,2019-08-02 09:38:19,2.07,1.1129,5,2.03,1.0913,119,2.08,1.1182,2,2.05,1.1021,505,0
SPY190805P294,2019-08-02,2019-08-02 09:38:19,2.07,1.1129,5,2.04,1.0967,6,2.08,1.1182,2,2.055,1.1048,505,0
SPY190805P294,2019-08-02,2019-08-02 09:38:21,2.1,1.129,20,2.05,1.1021,130,2.08,1.1182,2,2.075,1.1155,505,0
SPY190805P294,2019-08-02,2019-08-02 09:38:22,2.1,1.129,20,2.05,1.1021,130,2.08,1.1182,2,2.075,1.1155,505,0
SPY190805P294,2019-08-02,2019-08-02 09:38:22,2.12,1.1397,100,2.04,1.0967,6,2.08,1.1182,2,2.08,1.1182,505,0
SPY190805P294,2019-08-02,2019-08-02 09:38:23,2.07,1.1129,20,2.01,1.0806,20,2.08,1.1182,2,2.04,1.0967,505,0
SPY190805P294,2019-08-02,2019-08-02 09:38:24,2.06,1.1075,44,2.01,1.0806,6,2.04,1.0967,21,2.035,1.094,534,29
SPY190805P294,2019-08-02,2019-08-02 09:38:24,2.06,1.1075,44,2.04,1.0967,6,2.08,1.1182,2,2.05,1.1021,505,0
SPY190805P294,2019-08-02,2019-08-02 09:38:25,2.06,1.1075,44,2.02,1.086,5,2.04,1.0967,21,2.04,1.0967,534,0
SPY190805P294,2019-08-02,2019-08-02 09:38:32,2.04,1.0967,100,1.97,1.0591,54,2.04,1.0967,21,2.005,1.0779,534,0
SPY190805P294,2019-08-02,2019-08-02 09:38:35,1.99,1.0698,15,1.95,1.0483,6,2.04,1.0967,21,1.97,1.0591,534,0
SPY190805P294,2019-08-02,2019-08-02 09:38:36,1.99,1.0698,94,1.93,1.0376,10,2.04,1.0967,21,1.96,1.0537,534,0
SPY190805P294,2019-08-02,2019-08-02 09:38:37,1.99,1.0698,18,1.95,1.0483,6,2.04,1.0967,21,1.97,1.0591,534,0
SPY190805P294,2019-08-02,2019-08-02 09:38:38,1.99,1.0698,6,1.9,1.0215,6,2.04,1.0967,21,1.945,1.0456,534,0
SPY190805P294,2019-08-02,2019-08-02 09:38:39,2.0,1.0752,104,1.94,1.043,6,2.04,1.0967,21,1.97,1.0591,534,0
SPY190805P294,2019-08-02,2019-08-02 09:38:39,1.99,1.0698,20,1.93,1.0376,18,2.04,1.0967,21,1.96,1.0537,534,0
SPY190805P294,2019-08-02,2019-08-02 09:38:40,2.01,1.0806,180,1.95,1.0483,6,2.04,1.0967,21,1.98,1.0645,534,0
SPY190805P294,2019-08-02,2019-08-02 09:38:41,2.0,1.0752,58,1.94,1.043,70,2.04,1.0967,21,1.97,1.0591,534,0
SPY190805P294,2019-08-02,2019-08-02 09:38:41,2.0,1.0752,110,1.95,1.0483,6,2.04,1.0967,21,1.975,1.0618,534,0
SPY190805P294,2019-08-02,2019-08-02 09:38:49,2.0,1.0752,6,1.97,1.0591,6,2.04,1.0967,21,1.985,1.0672,534,0
SPY190805P294,2019-08-02,2019-08-02 09:38:51,2.02,1.086,210,1.96,1.0537,115,2.04,1.0967,21,1.99,1.0698,534,0
SPY190805P294,2019-08-02,2019-08-02 09:38:51,2.03,1.0913,120,1.97,1.0591,124,2.04,1.0967,21,2.0,1.0752,534,0
SPY190805P294,2019-08-02,2019-08-02 09:38:53,2.02,1.086,20,1.97,1.0591,116,2.04,1.0967,21,1.995,1.0725,534,0
SPY190805P294,2019-08-02,2019-08-02 09:38:53,2.02,1.086,20,1.99,1.0698,6,2.04,1.0967,21,2.005,1.0779,534,0
SPY190805P294,2019-08-02,2019-08-02 09:38:54,2.01,1.0806,6,1.99,1.0698,6,2.04,1.0967,21,2.0,1.0752,534,0
SPY190805P294,2019-08-02,2019-08-02 09:38:54,2.03,1.0913,211,1.99,1.0698,20,2.04,1.0967,21,2.01,1.0806,534,0
SPY190805P294,2019-08-02,2019-08-02 09:38:56,2.01,1.0806,109,1.97,1.0591,6,2.04,1.0967,21,1.99,1.0698,534,0
SPY190805P294,2019-08-02,2019-08-02 09:38:56,2.0,1.0752,20,1.97,1.0591,6,2.04,1.0967,21,1.985,1.0672,534,0
SPY190805P294,2019-08-02,2019-08-02 09:38:57,2.0,1.0752,6,1.94,1.043,44,2.04,1.0967,21,1.97,1.0591,534,0
SPY190805P294,2019-08-02,2019-08-02 09:38:58,2.0,1.0752,6,1.97,1.0591,20,1.98,1.0645,6,1.985,1.0672,540,6
SPY190805P294,2019-08-02,2019-08-02 09:38:59,2.0,1.0752,6,1.97,1.0591,20,1.98,1.0645,6,1.985,1.0672,540,0
SPY190805P294,2019-08-02,2019-08-02 09:39:00,1.97,1.0591,6,1.95,1.0483,6,1.98,1.0645,6,1.96,1.0537,540,0
SPY190805P294,2019-08-02,2019-08-02 09:39:01,1.96,1.0537,6,1.92,1.0322,100,1.98,1.0645,6,1.94,1.043,540,0
SPY190805P294,2019-08-02,2019-08-02 09:39:02,1.96,1.0537,102,1.91,1.0268,72,1.98,1.0645,6,1.935,1.0403,540,0
SPY190805P294,2019-08-02,2019-08-02 09:39:04,1.93,1.0376,5,1.89,1.0161,3,1.92,1.0322,1,1.91,1.0268,541,1
SPY190805P294,2019-08-02,2019-08-02 09:39:06,1.93,1.0376,89,1.88,1.0107,120,1.92,1.0322,1,1.905,1.0241,541,0
SPY190805P294,2019-08-02,2019-08-02 09:39:07,1.92,1.0322,94,1.87,1.0053,150,1.9,1.0215,5,1.895,1.0188,546,5
SPY190805P294,2019-08-02,2019-08-02 09:39:08,1.9,1.0215,54,1.86,1.0,20,1.9,1.0215,5,1.88,1.0107,546,0
SPY190805P294,2019-08-02,2019-08-02 09:39:09,1.9,1.0215,54,1.86,1.0,20,1.9,1.0215,5,1.88,1.0107,546,0
SPY190805P294,2019-08-02,2019-08-02 09:39:09,1.91,1.0268,6,1.88,1.0107,6,1.9,1.0215,5,1.895,1.0188,546,0
SPY190805P294,2019-08-02,2019-08-02 09:39:10,1.93,1.0376,6,1.88,1.0107,6,1.9,1.0215,5,1.905,1.0241,546,0
SPY190805P294,2019-08-02,2019-08-02 09:39:11,1.92,1.0322,6,1.89,1.0161,21,1.9,1.0215,5,1.905,1.0241,546,0
SPY190805P294,2019-08-02,2019-08-02 09:39:12,1.91,1.0268,6,1.88,1.0107,20,1.9,1.0215,5,1.895,1.0188,546,0
SPY190805P294,2019-08-02,2019-08-02 09:39:12,1.91,1.0268,6,1.88,1.0107,26,1.9,1.0215,5,1.895,1.0188,546,0
SPY190805P294,2019-08-02,2019-08-02 09:39:13,1.92,1.0322,22,1.89,1.0161,6,1.9,1.0215,5,1.905,1.0241,546,0
SPY190805P294,2019-08-02,2019-08-02 09:39:13,1.91,1.0268,6,1.88,1.0107,20,1.9,1.0215,5,1.895,1.0188,546,0
SPY190805P294,2019-08-02,2019-08-02 09:39:14,1.9,1.0215,6,1.88,1.0107,6,1.89,1.0161,1,1.89,1.0161,547,1
SPY190805P294,2019-08-02,2019-08-02 09:39:15,1.89,1.0161,6,1.86,1.0,20,1.89,1.0161,1,1.875,1.008,547,0
SPY190805P294,2019-08-02,2019-08-02 09:39:15,1.89,1.0161,6,1.86,1.0,79,1.89,1.0161,1,1.875,1.008,547,0
SPY190805P294,2019-08-02,2019-08-02 09:39:16,1.89,1.0161,22,1.86,1.0,6,1.89,1.0161,1,1.875,1.008,547,0
SPY190805P294,2019-08-02,2019-08-02 09:39:17,1.9,1.0215,61,1.87,1.0053,6,1.89,1.0161,1,1.885,1.0134,547,0
SPY190805P294,2019-08-02,2019-08-02 09:39:17,1.9,1.0215,118,1.86,1.0,20,1.89,1.0161,1,1.88,1.0107,547,0
SPY190805P294,2019-08-02,2019-08-02 09:39:18,1.87,1.0053,22,1.85,0.9946,6,1.89,1.0161,1,1.86,1.0,547,0
SPY190805P294,2019-08-02,2019-08-02 09:39:19,1.88,1.0107,22,1.84,0.9892,35,1.89,1.0161,1,1.86,1.0,547,0
SPY190805P294,2019-08-02,2019-08-02 09:39:19,1.88,1.0107,5,1.84,0.9892,100,1.89,1.0161,1,1.86,1.0,547,0
SPY190805P294,2019-08-02,2019-08-02 09:39:20,1.89,1.0161,218,1.83,0.9838,60,1.89,1.0161,1,1.86,1.0,547,0
SPY190805P294,2019-08-02,2019-08-02 09:39:21,1.89,1.0161,122,1.83,0.9838,20,1.89,1.0161,1,1.86,1.0,547,0
SPY190805P294,2019-08-02,2019-08-02 09:39:21,1.89,1.0161,127,1.84,0.9892,20,1.89,1.0161,1,1.865,1.0026,547,0
SPY190805P294,2019-08-02,2019-08-02 09:39:22,1.86,1.0,6,1.84,0.9892,6,1.89,1.0161,1,1.85,0.9946,547,0
SPY190805P294,2019-08-02,2019-08-02 09:39:23,1.87,1.0053,76,1.83,0.9838,26,1.89,1.0161,1,1.85,0.9946,547,0
SPY190805P294,2019-08-02,2019-08-02 09:39:25,1.85,0.9946,6,1.83,0.9838,21,1.89,1.0161,1,1.84,0.9892,547,0
SPY190805P294,2019-08-02,2019-08-02 09:39:26,1.86,1.0,6,1.83,0.9838,48,1.89,1.0161,1,1.845,0.9919,547,0
SPY190805P294,2019-08-02,2019-08-02 09:39:27,1.87,1.0053,207,1.82,0.9784,10,1.89,1.0161,1,1.845,0.9919,547,0
SPY190805P294,2019-08-02,2019-08-02 09:39:27,1.84,0.9892,100,1.82,0.9784,10,1.89,1.0161,1,1.83,0.9838,547,0
SPY190805P294,2019-08-02,2019-08-02 09:39:28,1.81,0.9731,22,1.73,0.9301,108,1.8,0.9677,1,1.77,0.9516,548,0
SPY190805P294,2019-08-02,2019-08-02 09:39:28,1.83,0.9838,193,1.73,0.9301,108,1.8,0.9677,1,1.78,0.9569,548,1
SPY190805P294,2019-08-02,2019-08-02 09:39:29,1.81,0.9731,6,1.79,0.9623,6,1.8,0.9677,1,1.8,0.9677,548,0
SPY190805P294,2019-08-02,2019-08-02 09:39:29,1.8,0.9677,22,1.77,0.9516,6,1.8,0.9677,1,1.785,0.9596,548,0
SPY190805P294,2019-08-02,2019-08-02 09:39:30,1.8,0.9677,6,1.78,0.9569,6,1.8,0.9677,1,1.79,0.9623,548,0
SPY190805P294,2019-08-02,2019-08-02 09:39:31,1.82,0.9784,156,1.77,0.9516,52,1.8,0.9677,1,1.795,0.965,548,0
SPY190805P294,2019-08-02,2019-08-02 09:39:32,1.82,0.9784,22,1.8,0.9677,6,1.8,0.9677,1,1.81,0.9731,548,0
SPY190805P294,2019-08-02,2019-08-02 09:39:33,1.78,0.9569,22,1.75,0.9408,22,1.8,0.9677,1,1.765,0.9489,548,0
SPY190805P294,2019-08-02,2019-08-02 09:39:34,1.79,0.9623,378,1.71,0.9193,55,1.8,0.9677,1,1.75,0.9408,548,0
SPY190805P294,2019-08-02,2019-08-02 09:39:35,1.75,0.9408,64,1.71,0.9193,6,1.7,0.9139,6,1.73,0.9301,554,6
SPY190805P294,2019-08-02,2019-08-02 09:39:36,1.73,0.9301,18,1.71,0.9193,6,1.71,0.9193,6,1.72,0.9247,560,6
SPY190805P294,2019-08-02,2019-08-02 09:39:37,1.71,0.9193,14,1.69,0.9086,6,1.71,0.9193,6,1.7,0.9139,566,6
SPY190805P294,2019-08-02,2019-08-02 09:39:39,1.73,0.9301,22,1.7,0.9139,6,1.68,0.9032,2,1.715,0.922,568,2
SPY190805P294,2019-08-02,2019-08-02 09:39:40,1.75,0.9408,97,1.72,0.9247,6,1.68,0.9032,2,1.735,0.9327,568,0
SPY190805P294,2019-08-02,2019-08-02 09:39:41,1.77,0.9516,382,1.72,0.9247,22,1.68,0.9032,2,1.745,0.9381,568,0
SPY190805P294,2019-08-02,2019-08-02 09:39:42,1.84,0.9892,25,1.74,0.9354,122,1.76,0.9462,1,1.79,0.9623,570,2
SPY190805P294,2019-08-02,2019-08-02 09:39:43,1.81,0.9731,194,1.75,0.9408,55,1.76,0.9462,1,1.78,0.9569,570,0
SPY190805P294,2019-08-02,2019-08-02 09:39:44,1.84,0.9892,55,1.77,0.9516,27,1.8,0.9677,1,1.805,0.9704,571,1
SPY190805P294,2019-08-02,2019-08-02 09:39:45,1.81,0.9731,22,1.77,0.9516,100,1.8,0.9677,1,1.79,0.9623,571,0
SPY190805P294,2019-08-02,2019-08-02 09:39:45,1.79,0.9623,6,1.77,0.9516,88,1.8,0.9677,1,1.78,0.9569,571,0
SPY190805P294,2019-08-02,2019-08-02 09:39:46,1.8,0.9677,48,1.76,0.9462,114,1.8,0.9677,1,1.78,0.9569,571,0
SPY190805P294,2019-08-02,2019-08-02 09:39:47,1.77,0.9516,6,1.75,0.9408,6,1.8,0.9677,1,1.76,0.9462,571,0
SPY190805P294,2019-08-02,2019-08-02 09:39:48,1.75,0.9408,22,1.73,0.9301,6,1.8,0.9677,1,1.74,0.9354,571,0
SPY190805P294,2019-08-02,2019-08-02 09:39:48,1.76,0.9462,17,1.74,0.9354,6,1.8,0.9677,1,1.75,0.9408,571,0
SPY190805P294,2019-08-02,2019-08-02 09:39:49,1.74,0.9354,22,1.72,0.9247,6,1.8,0.9677,1,1.73,0.9301,571,0
SPY190805P294,2019-08-02,2019-08-02 09:39:50,1.77,0.9516,29,1.73,0.9301,6,1.8,0.9677,1,1.75,0.9408,571,0
SPY190805P294,2019-08-02,2019-08-02 09:39:51,1.77,0.9516,1,1.76,0.9462,6,1.8,0.9677,1,1.765,0.9489,571,0
SPY190805P294,2019-08-02,2019-08-02 09:39:52,1.79,0.9623,118,1.74,0.9354,32,1.77,0.9516,1,1.765,0.9489,572,1
SPY190805P294,2019-08-02,2019-08-02 09:39:53,1.78,0.9569,122,1.74,0.9354,12,1.77,0.9516,1,1.76,0.9462,572,0
SPY190805P294,2019-08-02,2019-08-02 09:39:55,1.77,0.9516,39,1.72,0.9247,100,1.77,0.9516,1,1.745,0.9381,572,0
SPY190805P294,2019-08-02,2019-08-02 09:39:55,1.77,0.9516,100,1.73,0.9301,62,1.77,0.9516,1,1.75,0.9408,572,0
SPY190805P294,2019-08-02,2019-08-02 09:39:56,1.78,0.9569,34,1.76,0.9462,1,1.77,0.9516,1,1.77,0.9516,572,0
SPY190805P294,2019-08-02,2019-08-02 09:39:57,1.81,0.9731,16,1.79,0.9623,6,1.79,0.9623,1,1.8,0.9677,574,2
SPY190805P294,2019-08-02,2019-08-02 09:39:58,1.82,0.9784,41,1.79,0.9623,6,1.79,0.9623,1,1.805,0.9704,574,0
SPY190805P294,2019-08-02,2019-08-02 09:39:58,1.83,0.9838,106,1.78,0.9569,17,1.79,0.9623,1,1.805,0.9704,574,0
SPY190805P294,2019-08-02,2019-08-02 09:39:59,1.85,0.9946,3,1.8,0.9677,122,1.79,0.9623,1,1.825,0.9811,574,0
SPY190805P294,2019-08-02,2019-08-02 09:40:00,1.87,1.0053,27,1.82,0.9784,121,1.85,0.9946,3,1.845,0.9919,577,3
SPY190805P294,2019-08-02,2019-08-02 09:40:00,1.85,0.9946,3,1.82,0.9784,51,1.79,0.9623,1,1.835,0.9865,574,0
SPY190805P294,2019-08-02,2019-08-02 09:40:01,1.87,1.0053,6,1.83,0.9838,100,1.85,0.9946,3,1.85,0.9946,577,0
SPY190805P294,2019-08-02,2019-08-02 09:40:02,1.88,1.0107,28,1.84,0.9892,6,1.85,0.9946,3,1.86,1.0,577,0
SPY190805P294,2019-08-02,2019-08-02 09:40:02,1.88,1.0107,85,1.85,0.9946,6,1.85,0.9946,3,1.865,1.0026,577,0
SPY190805P294,2019-08-02,2019-08-02 09:40:03,1.88,1.0107,23,1.85,0.9946,6,1.85,0.9946,3,1.865,1.0026,577,0
SPY190805P294,2019-08-02,2019-08-02 09:40:04,1.89,1.0161,20,1.86,1.0,6,1.85,0.9946,3,1.875,1.008,577,0
SPY190805P294,2019-08-02,2019-08-02 09:40:04,1.88,1.0107,9,1.85,0.9946,6,1.85,0.9946,3,1.865,1.0026,577,0
SPY190805P294,2019-08-02,2019-08-02 09:40:05,1.89,1.0161,118,1.86,1.0,6,1.85,0.9946,3,1.875,1.008,577,0
SPY190805P294,2019-08-02,2019-08-02 09:40:06,1.89,1.0161,6,1.86,1.0,50,1.85,0.9946,3,1.875,1.008,577,0
SPY190805P294,2019-08-02,2019-08-02 09:40:07,1.87,1.0053,6,1.84,0.9892,40,1.86,1.0,1,1.855,0.9973,578,1
SPY190805P294,2019-08-02,2019-08-02 09:40:08,1.87,1.0053,21,1.85,0.9946,6,1.87,1.0053,10,1.86,1.0,588,10
SPY190805P294,2019-08-02,2019-08-02 09:40:09,1.87,1.0053,21,1.85,0.9946,6,1.87,1.0053,10,1.86,1.0,588,0
SPY190805P294,2019-08-02,2019-08-02 09:40:09,1.89,1.0161,108,1.86,1.0,23,1.87,1.0053,10,1.875,1.008,588,0
SPY190805P294,2019-08-02,2019-08-02 09:40:10,1.95,1.0483,6,1.89,1.0161,32,1.87,1.0053,10,1.92,1.0322,588,0
SPY190805P294,2019-08-02,2019-08-02 09:40:10,1.92,1.0322,22,1.88,1.0107,23,1.87,1.0053,10,1.9,1.0215,588,0
SPY190805P294,2019-08-02,2019-08-02 09:40:11,1.97,1.0591,51,1.92,1.0322,64,1.87,1.0053,10,1.945,1.0456,588,0
SPY190805P294,2019-08-02,2019-08-02 09:40:12,1.95,1.0483,22,1.93,1.0376,6,1.87,1.0053,10,1.94,1.043,588,0
SPY190805P294,2019-08-02,2019-08-02 09:40:13,1.98,1.0645,28,1.96,1.0537,6,1.95,1.0483,3,1.97,1.0591,591,3
SPY190805P294,2019-08-02,2019-08-02 09:40:13,1.97,1.0591,22,1.94,1.043,22,1.87,1.0053,10,1.955,1.051,588,0
SPY190805P294,2019-08-02,2019-08-02 09:40:14,1.98,1.0645,28,1.95,1.0483,6,1.95,1.0483,3,1.965,1.0564,591,0
SPY190805P294,2019-08-02,2019-08-02 09:40:14,1.95,1.0483,20,1.93,1.0376,6,1.95,1.0483,3,1.94,1.043,591,0
SPY190805P294,2019-08-02,2019-08-02 09:40:15,1.94,1.043,20,1.92,1.0322,6,1.95,1.0483,3,1.93,1.0376,591,0
SPY190805P294,2019-08-02,2019-08-02 09:40:16,1.93,1.0376,6,1.9,1.0215,6,1.95,1.0483,3,1.915,1.0295,591,0
SPY190805P294,2019-08-02,2019-08-02 09:40:16,1.94,1.043,14,1.91,1.0268,54,1.95,1.0483,3,1.925,1.0349,591,0
SPY190805P294,2019-08-02,2019-08-02 09:40:17,1.94,1.043,22,1.9,1.0215,6,1.95,1.0483,3,1.92,1.0322,591,0
SPY190805P294,2019-08-02,2019-08-02 09:40:17,1.95,1.0483,19,1.91,1.0268,6,1.95,1.0483,3,1.93,1.0376,591,0
SPY190805P294,2019-08-02,2019-08-02 09:40:18,1.95,1.0483,62,1.89,1.0161,61,1.95,1.0483,3,1.92,1.0322,591,0
SPY190805P294,2019-08-02,2019-08-02 09:40:19,1.93,1.0376,117,1.88,1.0107,61,1.95,1.0483,3,1.905,1.0241,591,0
SPY190805P294,2019-08-02,2019-08-02 09:40:19,1.92,1.0322,57,1.89,1.0161,6,1.95,1.0483,3,1.905,1.0241,591,0
SPY190805P294,2019-08-02,2019-08-02 09:40:20,1.92,1.0322,122,1.87,1.0053,109,1.95,1.0483,3,1.895,1.0188,591,0
SPY190805P294,2019-08-02,2019-08-02 09:40:21,1.93,1.0376,64,1.91,1.0268,1,1.91,1.0268,1,1.92,1.0322,594,3
SPY190805P294,2019-08-02,2019-08-02 09:40:21,1.95,1.0483,118,1.92,1.0322,6,1.91,1.0268,1,1.935,1.0403,594,0
SPY190805P294,2019-08-02,2019-08-02 09:40:22,1.93,1.0376,16,1.9,1.0215,6,1.91,1.0268,1,1.915,1.0295,594,0
SPY190805P294,2019-08-02,2019-08-02 09:40:23,1.94,1.043,22,1.91,1.0268,6,1.91,1.0268,1,1.925,1.0349,594,0
SPY190805P294,2019-08-02,2019-08-02 09:40:24,1.94,1.043,22,1.91,1.0268,6,1.92,1.0322,200,1.925,1.0349,794,200
SPY190805P294,2019-08-02,2019-08-02 09:40:25,1.94,1.043,11,1.91,1.0268,26,1.92,1.0322,200,1.925,1.0349,794,0
SPY190805P294,2019-08-02,2019-08-02 09:40:25,1.93,1.0376,22,1.9,1.0215,27,1.92,1.0322,200,1.915,1.0295,794,0
SPY190805P294,2019-08-02,2019-08-02 09:40:26,1.94,1.043,22,1.91,1.0268,6,1.92,1.0322,200,1.925,1.0349,794,0
SPY190805P294,2019-08-02,2019-08-02 09:40:27,1.94,1.043,10,1.92,1.0322,6,1.92,1.0322,200,1.93,1.0376,794,0
SPY190805P294,2019-08-02,2019-08-02 09:40:28,1.94,1.043,10,1.91,1.0268,31,1.92,1.0322,200,1.925,1.0349,794,0
SPY190805P294,2019-08-02,2019-08-02 09:40:28,1.95,1.0483,122,1.91,1.0268,21,1.92,1.0322,200,1.93,1.0376,794,0
SPY190805P294,2019-08-02,2019-08-02 09:40:29,1.95,1.0483,22,1.91,1.0268,113,1.92,1.0322,200,1.93,1.0376,794,0
SPY190805P294,2019-08-02,2019-08-02 09:40:30,1.95,1.0483,6,1.93,1.0376,6,1.92,1.0322,200,1.94,1.043,794,0
SPY190805P294,2019-08-02,2019-08-02 09:40:31,1.97,1.0591,39,1.94,1.043,6,1.92,1.0322,200,1.955,1.051,794,0
SPY190805P294,2019-08-02,2019-08-02 09:40:31,1.99,1.0698,6,1.96,1.0537,6,1.92,1.0322,200,1.975,1.0618,794,0
SPY190805P294,2019-08-02,2019-08-02 09:40:32,1.99,1.0698,90,1.96,1.0537,22,1.92,1.0322,200,1.975,1.0618,794,0
SPY190805P294,2019-08-02,2019-08-02 09:40:32,2.0,1.0752,116,1.96,1.0537,22,1.92,1.0322,200,1.98,1.0645,794,0
SPY190805P294,2019-08-02,2019-08-02 09:40:33,2.01,1.0806,54,1.97,1.0591,72,1.92,1.0322,200,1.99,1.0698,794,0
SPY190805P294,2019-08-02,2019-08-02 09:40:33,2.01,1.0806,73,1.96,1.0537,153,1.92,1.0322,200,1.985,1.0672,794,0
SPY190805P294,2019-08-02,2019-08-02 09:40:34,2.01,1.0806,54,1.98,1.0645,1,1.98,1.0645,1,1.995,1.0725,795,1
SPY190805P294,2019-08-02,2019-08-02 09:40:35,2.01,1.0806,74,1.97,1.0591,105,1.98,1.0645,1,1.99,1.0698,795,0
SPY190805P294,2019-08-02,2019-08-02 09:40:36,2.0,1.0752,22,1.97,1.0591,32,1.98,1.0645,1,1.985,1.0672,795,0
SPY190805P294,2019-08-02,2019-08-02 09:40:36,2.0,1.0752,6,2.01,1.0806,11,2.0,1.0752,1,2.005,1.0779,796,1
SPY190805P294,2019-08-02,2019-08-02 09:40:37,2.04,1.0967,26,2.01,1.0806,89,2.0,1.0752,1,2.025,1.0887,796,0
SPY190805P294,2019-08-02,2019-08-02 09:40:38,2.02,1.086,6,1.99,1.0698,46,2.0,1.0752,1,2.005,1.0779,796,0
SPY190805P294,2019-08-02,2019-08-02 09:40:38,2.04,1.0967,20,2.01,1.0806,93,2.0,1.0752,1,2.025,1.0887,796,0
SPY190805P294,2019-08-02,2019-08-02 09:40:39,2.03,1.0913,6,2.0,1.0752,22,2.0,1.0752,1,2.015,1.0833,796,0
SPY190805P294,2019-08-02,2019-08-02 09:40:40,2.02,1.086,16,1.97,1.0591,56,2.0,1.0752,1,1.995,1.0725,796,0
SPY190805P294,2019-08-02,2019-08-02 09:40:41,2.01,1.0806,10,1.98,1.0645,9,2.0,1.0752,1,1.995,1.0725,796,0
SPY190805P294,2019-08-02,2019-08-02 09:40:42,2.0,1.0752,8,2.0,1.0752,6,2.0,1.0752,1,2.0,1.0752,796,0
SPY190805P294,2019-08-02,2019-08-02 09:40:43,2.04,1.0967,10,1.99,1.0698,100,2.0,1.0752,1,2.015,1.0833,796,0
SPY190805P294,2019-08-02,2019-08-02 09:40:44,2.04,1.0967,21,2.02,1.086,6,2.0,1.0752,1,2.03,1.0913,796,0
SPY190805P294,2019-08-02,2019-08-02 09:40:44,2.04,1.0967,10,2.02,1.086,6,2.0,1.0752,1,2.03,1.0913,796,0
SPY190805P294,2019-08-02,2019-08-02 09:40:45,2.01,1.0806,16,1.98,1.0645,22,2.0,1.0752,1,1.995,1.0725,796,0
SPY190805P294,2019-08-02,2019-08-02 09:40:45,2.02,1.086,47,2.0,1.0752,6,2.0,1.0752,1,2.01,1.0806,796,0
SPY190805P294,2019-08-02,2019-08-02 09:40:46,2.01,1.0806,12,1.98,1.0645,6,2.0,1.0752,1,1.995,1.0725,796,0
SPY190805P294,2019-08-02,2019-08-02 09:40:47,1.99,1.0698,17,1.96,1.0537,12,2.0,1.0752,1,1.975,1.0618,796,0
SPY190805P294,2019-08-02,2019-08-02 09:40:48,2.0,1.0752,35,1.98,1.0645,6,2.0,1.0752,1,1.99,1.0698,796,0
SPY190805P294,2019-08-02,2019-08-02 09:40:49,2.02,1.086,44,2.0,1.0752,6,2.0,1.0752,1,2.01,1.0806,796,0
SPY190805P294,2019-08-02,2019-08-02 09:40:50,2.04,1.0967,64,2.02,1.086,6,2.0,1.0752,1,2.03,1.0913,796,0
SPY190805P294,2019-08-02,2019-08-02 09:40:51,2.04,1.0967,89,2.02,1.086,6,2.0,1.0752,1,2.03,1.0913,796,0
SPY190805P294,2019-08-02,2019-08-02 09:40:52,2.05,1.1021,6,2.03,1.0913,24,2.04,1.0967,8,2.04,1.0967,806,0
SPY190805P294,2019-08-02,2019-08-02 09:40:52,2.04,1.0967,10,2.02,1.086,6,2.04,1.0967,8,2.03,1.0913,806,10
SPY190805P294,2019-08-02,2019-08-02 09:40:53,2.07,1.1129,45,2.04,1.0967,22,2.04,1.0967,8,2.055,1.1048,806,0
SPY190805P294,2019-08-02,2019-08-02 09:40:54,2.08,1.1182,6,2.06,1.1075,6,2.04,1.0967,8,2.07,1.1129,806,0
SPY190805P294,2019-08-02,2019-08-02 09:40:55,2.08,1.1182,43,2.06,1.1075,20,2.04,1.0967,8,2.07,1.1129,806,0
SPY190805P294,2019-08-02,2019-08-02 09:40:56,2.09,1.1236,58,2.06,1.1075,6,2.04,1.0967,8,2.075,1.1155,806,0
SPY190805P294,2019-08-02,2019-08-02 09:40:56,2.09,1.1236,6,2.06,1.1075,48,2.04,1.0967,8,2.075,1.1155,806,0
SPY190805P294,2019-08-02,2019-08-02 09:40:57,2.08,1.1182,6,2.05,1.1021,61,2.05,1.1021,2,2.065,1.1102,808,2
SPY190805P294,2019-08-02,2019-08-02 09:40:58,2.09,1.1236,6,2.07,1.1129,20,2.05,1.1021,2,2.08,1.1182,808,0
SPY190805P294,2019-08-02,2019-08-02 09:40:58,2.1,1.129,111,2.06,1.1075,30,2.05,1.1021,2,2.08,1.1182,808,0
SPY190805P294,2019-08-02,2019-08-02 09:40:59,2.08,1.1182,6,2.02,1.086,20,2.05,1.1021,2,2.05,1.1021,808,0
SPY190805P294,2019-08-02,2019-08-02 09:40:59,2.1,1.129,100,2.05,1.1021,22,2.05,1.1021,2,2.075,1.1155,808,0
SPY190805P294,2019-08-02,2019-08-02 09:41:00,2.06,1.1075,6,2.03,1.0913,6,2.05,1.1021,2,2.045,1.0994,808,0
SPY190805P294,2019-08-02,2019-08-02 09:41:01,2.06,1.1075,8,2.03,1.0913,6,2.05,1.1021,2,2.045,1.0994,808,0
SPY190805P294,2019-08-02,2019-08-02 09:41:02,2.05,1.1021,13,2.02,1.086,6,2.05,1.1021,2,2.035,1.094,808,0
SPY190805P294,2019-08-02,2019-08-02 09:41:03,2.06,1.1075,108,2.02,1.086,26,2.05,1.1021,2,2.04,1.0967,808,0
SPY190805P294,2019-08-02,2019-08-02 09:41:04,2.04,1.0967,8,2.01,1.0806,22,2.05,1.1021,2,2.025,1.0887,808,0
SPY190805P294,2019-08-02,2019-08-02 09:41:04,2.05,1.1021,8,2.03,1.0913,6,2.05,1.1021,2,2.04,1.0967,808,0
SPY190805P294,2019-08-02,2019-08-02 09:41:05,2.04,1.0967,12,1.99,1.0698,94,2.05,1.1021,2,2.015,1.0833,808,0
SPY190805P294,2019-08-02,2019-08-02 09:41:06,2.06,1.1075,8,2.03,1.0913,6,2.05,1.1021,2,2.045,1.0994,808,0
SPY190805P294,2019-08-02,2019-08-02 09:41:07,2.04,1.0967,139,2.01,1.0806,22,2.05,1.1021,2,2.025,1.0887,808,0
SPY190805P294,2019-08-02,2019-08-02 09:41:07,2.04,1.0967,5,2.01,1.0806,22,2.05,1.1021,2,2.025,1.0887,808,0
SPY190805P294,2019-08-02,2019-08-02 09:41:08,2.04,1.0967,13,2.0,1.0752,22,2.05,1.1021,2,2.02,1.086,808,0
SPY190805P294,2019-08-02,2019-08-02 09:41:08,2.04,1.0967,139,2.01,1.0806,6,2.05,1.1021,2,2.025,1.0887,808,0
SPY190805P294,2019-08-02,2019-08-02 09:41:09,2.03,1.0913,8,2.0,1.0752,22,2.05,1.1021,2,2.015,1.0833,808,0
SPY190805P294,2019-08-02,2019-08-02 09:41:10,2.04,1.0967,6,2.01,1.0806,22,2.05,1.1021,2,2.025,1.0887,808,0
SPY190805P294,2019-08-02,2019-08-02 09:41:10,2.05,1.1021,8,2.02,1.086,22,2.05,1.1021,2,2.035,1.094,808,0
SPY190805P294,2019-08-02,2019-08-02 09:41:11,2.07,1.1129,108,2.03,1.0913,28,2.05,1.1021,2,2.05,1.1021,808,0
SPY190805P294,2019-08-02,2019-08-02 09:41:12,2.08,1.1182,13,2.06,1.1075,6,2.05,1.1021,2,2.07,1.1129,808,0
SPY190805P294,2019-08-02,2019-08-02 09:41:12,2.08,1.1182,87,2.05,1.1021,22,2.05,1.1021,2,2.065,1.1102,808,0
SPY190805P294,2019-08-02,2019-08-02 09:41:13,2.08,1.1182,6,2.06,1.1075,6,2.05,1.1021,2,2.07,1.1129,808,0
SPY190805P294,2019-08-02,2019-08-02 09:41:13,2.08,1.1182,13,2.04,1.0967,40,2.05,1.1021,2,2.06,1.1075,808,0
SPY190805P294,2019-08-02,2019-08-02 09:41:14,2.05,1.1021,12,2.01,1.0806,62,2.05,1.1021,2,2.03,1.0913,808,0
SPY190805P294,2019-08-02,2019-08-02 09:41:16,2.06,1.1075,15,2.03,1.0913,6,2.05,1.1021,2,2.045,1.0994,808,0
SPY190805P294,2019-08-02,2019-08-02 09:41:18,2.06,1.1075,64,2.04,1.0967,21,2.05,1.1021,2,2.05,1.1021,808,0
SPY190805P294,2019-08-02,2019-08-02 09:41:19,2.08,1.1182,115,2.04,1.0967,21,2.05,1.1021,2,2.06,1.1075,808,0
SPY190805P294,2019-08-02,2019-08-02 09:41:21,2.07,1.1129,6,2.04,1.0967,6,2.05,1.1021,2,2.055,1.1048,808,0
SPY190805P294,2019-08-02,2019-08-02 09:41:22,2.04,1.0967,44,2.0,1.0752,48,2.05,1.1021,2,2.02,1.086,808,0
SPY190805P294,2019-08-02,2019-08-02 09:41:23,2.06,1.1075,15,2.02,1.086,6,2.05,1.1021,2,2.04,1.0967,808,0
SPY190805P294,2019-08-02,2019-08-02 09:41:25,1.98,1.0645,115,1.92,1.0322,21,2.05,1.1021,2,1.95,1.0483,808,0
SPY190805P294,2019-08-02,2019-08-02 09:41:27,2.0,1.0752,102,1.99,1.0698,6,2.05,1.1021,2,1.995,1.0725,808,0
SPY190805P294,2019-08-02,2019-08-02 09:41:28,2.0,1.0752,9,1.97,1.0591,6,2.0,1.0752,2,1.985,1.0672,819,11
SPY190805P294,2019-08-02,2019-08-02 09:41:29,2.0,1.0752,9,1.98,1.0645,20,2.0,1.0752,2,1.99,1.0698,819,0
SPY190805P294,2019-08-02,2019-08-02 09:41:30,2.0,1.0752,9,1.99,1.0698,20,2.0,1.0752,2,1.995,1.0725,819,0
SPY190805P294,2019-08-02,2019-08-02 09:41:30,2.0,1.0752,9,1.98,1.0645,20,2.0,1.0752,2,1.99,1.0698,819,0
SPY190805P294,2019-08-02,2019-08-02 09:41:31,2.0,1.0752,9,1.97,1.0591,136,2.0,1.0752,2,1.985,1.0672,819,0
SPY190805P294,2019-08-02,2019-08-02 09:41:33,2.0,1.0752,9,1.97,1.0591,48,2.0,1.0752,2,1.985,1.0672,819,0
SPY190805P294,2019-08-02,2019-08-02 09:41:33,2.0,1.0752,9,1.97,1.0591,96,2.0,1.0752,2,1.985,1.0672,819,0
SPY190805P294,2019-08-02,2019-08-02 09:41:34,1.99,1.0698,16,1.96,1.0537,44,2.0,1.0752,2,1.975,1.0618,819,0
SPY190805P294,2019-08-02,2019-08-02 09:41:35,1.99,1.0698,74,1.97,1.0591,6,2.0,1.0752,2,1.98,1.0645,819,0
SPY190805P294,2019-08-02,2019-08-02 09:41:36,1.97,1.0591,7,1.94,1.043,20,2.0,1.0752,2,1.955,1.051,819,0
SPY190805P294,2019-08-02,2019-08-02 09:41:37,1.97,1.0591,110,1.93,1.0376,297,2.0,1.0752,2,1.95,1.0483,819,0
SPY190805P294,2019-08-02,2019-08-02 09:41:38,2.0,1.0752,74,1.95,1.0483,119,2.0,1.0752,2,1.975,1.0618,819,0
SPY190805P294,2019-08-02,2019-08-02 09:41:38,1.99,1.0698,16,1.95,1.0483,22,2.0,1.0752,2,1.97,1.0591,819,0
SPY190805P294,2019-08-02,2019-08-02 09:41:40,1.98,1.0645,16,1.95,1.0483,22,2.0,1.0752,2,1.965,1.0564,819,0
SPY190805P294,2019-08-02,2019-08-02 09:41:41,2.0,1.0752,16,1.98,1.0645,19,2.0,1.0752,2,1.99,1.0698,819,0
SPY190805P294,2019-08-02,2019-08-02 09:41:41,1.99,1.0698,16,1.96,1.0537,19,2.0,1.0752,2,1.975,1.0618,819,0
SPY190805P294,2019-08-02,2019-08-02 09:41:42,2.0,1.0752,16,1.99,1.0698,67,2.0,1.0752,2,1.995,1.0725,819,0
SPY190805P294,2019-08-02,2019-08-02 09:41:44,2.0,1.0752,6,1.97,1.0591,141,2.0,1.0752,1,1.985,1.0672,858,0
SPY190805P294,2019-08-02,2019-08-02 09:41:44,2.0,1.0752,6,1.97,1.0591,5,2.0,1.0752,1,1.985,1.0672,858,39
SPY190805P294,2019-08-02,2019-08-02 09:41:46,2.02,1.086,21,1.99,1.0698,6,2.0,1.0752,1,2.005,1.0779,859,1
SPY190805P294,2019-08-02,2019-08-02 09:41:48,2.01,1.0806,72,1.94,1.043,73,2.0,1.0752,1,1.975,1.0618,859,0
SPY190805P294,2019-08-02,2019-08-02 09:41:49,1.98,1.0645,6,1.93,1.0376,19,2.0,1.0752,1,1.955,1.051,859,0
SPY190805P294,2019-08-02,2019-08-02 09:41:50,1.95,1.0483,21,1.92,1.0322,19,2.0,1.0752,1,1.935,1.0403,859,0
SPY190805P294,2019-08-02,2019-08-02 09:41:50,1.95,1.0483,21,1.91,1.0268,6,2.0,1.0752,1,1.93,1.0376,859,0
SPY190805P294,2019-08-02,2019-08-02 09:41:51,1.95,1.0483,21,1.92,1.0322,19,2.0,1.0752,1,1.935,1.0403,859,0
SPY190805P294,2019-08-02,2019-08-02 09:41:52,1.94,1.043,21,1.91,1.0268,19,2.0,1.0752,1,1.925,1.0349,859,0
SPY190805P294,2019-08-02,2019-08-02 09:41:52,1.95,1.0483,21,1.92,1.0322,21,2.0,1.0752,1,1.935,1.0403,859,0
SPY190805P294,2019-08-02,2019-08-02 09:41:53,1.95,1.0483,21,1.92,1.0322,21,2.0,1.0752,1,1.935,1.0403,859,0
SPY190805P294,2019-08-02,2019-08-02 09:41:54,1.93,1.0376,6,1.91,1.0268,22,2.0,1.0752,1,1.92,1.0322,859,0
SPY190805P294,2019-08-02,2019-08-02 09:41:55,1.93,1.0376,107,1.87,1.0053,66,2.0,1.0752,1,1.9,1.0215,859,0
SPY190805P294,2019-08-02,2019-08-02 09:41:55,1.91,1.0268,21,1.88,1.0107,122,2.0,1.0752,1,1.895,1.0188,859,0
SPY190805P294,2019-08-02,2019-08-02 09:41:56,1.92,1.0322,21,1.88,1.0107,122,2.0,1.0752,1,1.9,1.0215,859,0
SPY190805P294,2019-08-02,2019-08-02 09:41:57,1.93,1.0376,21,1.91,1.0268,22,2.0,1.0752,1,1.92,1.0322,859,0
SPY190805P294,2019-08-02,2019-08-02 09:41:58,1.94,1.043,21,1.89,1.0161,219,2.0,1.0752,1,1.915,1.0295,859,0
SPY190805P294,2019-08-02,2019-08-02 09:41:59,1.92,1.0322,6,1.9,1.0215,22,2.0,1.0752,1,1.91,1.0268,859,0
SPY190805P294,2019-08-02,2019-08-02 09:42:00,1.9,1.0215,157,1.85,0.9946,21,2.0,1.0752,1,1.875,1.008,859,0
SPY190805P294,2019-08-02,2019-08-02 09:42:01,1.9,1.0215,6,1.87,1.0053,19,2.0,1.0752,1,1.885,1.0134,859,0
SPY190805P294,2019-08-02,2019-08-02 09:42:01,1.9,1.0215,198,1.84,0.9892,156,2.0,1.0752,1,1.87,1.0053,859,0
SPY190805P294,2019-08-02,2019-08-02 09:42:03,2.11,1.1344,6,1.8,0.9677,5,2.0,1.0752,1,1.955,1.051,859,0
SPY190805P294,2019-08-02,2019-08-02 09:42:03,2.12,1.1397,3,1.89,1.0161,100,2.0,1.0752,1,2.005,1.0779,859,0
SPY190805P294,2019-08-02,2019-08-02 09:42:04,2.11,1.1344,6,1.87,1.0053,6,2.11,1.1344,20,1.99,1.0698,879,20
SPY190805P294,2019-08-02,2019-08-02 09:42:05,2.11,1.1344,6,2.07,1.1129,226,2.11,1.1344,20,2.09,1.1236,879,0
SPY190805P294,2019-08-02,2019-08-02 09:42:05,2.11,1.1344,6,2.05,1.1021,44,2.11,1.1344,20,2.08,1.1182,879,0
SPY190805P294,2019-08-02,2019-08-02 09:42:06,2.16,1.1612,100,2.07,1.1129,186,2.12,1.1397,1,2.115,1.137,883,4
SPY190805P294,2019-08-02,2019-08-02 09:42:07,2.15,1.1559,20,2.06,1.1075,20,2.12,1.1397,1,2.105,1.1317,883,0
SPY190805P294,2019-08-02,2019-08-02 09:42:07,2.11,1.1344,6,2.07,1.1129,9,2.12,1.1397,1,2.09,1.1236,883,0
SPY190805P294,2019-08-02,2019-08-02 09:42:08,2.11,1.1344,6,2.08,1.1182,9,2.12,1.1397,1,2.095,1.1263,883,0
SPY190805P294,2019-08-02,2019-08-02 09:42:09,2.12,1.1397,6,2.08,1.1182,6,2.12,1.1397,1,2.1,1.129,883,0
SPY190805P294,2019-08-02,2019-08-02 09:42:10,2.12,1.1397,6,2.07,1.1129,6,2.12,1.1397,1,2.095,1.1263,883,0
SPY190805P294,2019-08-02,2019-08-02 09:42:10,2.16,1.1612,7,2.09,1.1236,6,2.12,1.1397,1,2.125,1.1424,883,0
SPY190805P294,2019-08-02,2019-08-02 09:42:11,2.24,1.2043,100,2.12,1.1397,3,2.12,1.1397,1,2.18,1.172,883,0
SPY190805P294,2019-08-02,2019-08-02 09:42:11,2.18,1.172,5,2.09,1.1236,120,2.12,1.1397,1,2.135,1.1478,883,0
SPY190805P294,2019-08-02,2019-08-02 09:42:12,2.23,1.1989,6,2.14,1.1505,6,2.12,1.1397,1,2.185,1.1747,883,0
SPY190805P294,2019-08-02,2019-08-02 09:42:13,2.19,1.1774,7,2.14,1.1505,6,2.12,1.1397,1,2.165,1.1639,883,0
SPY190805P294,2019-08-02,2019-08-02 09:42:13,2.23,1.1989,6,2.16,1.1612,6,2.12,1.1397,1,2.195,1.1801,883,0
SPY190805P294,2019-08-02,2019-08-02 09:42:14,2.18,1.172,7,2.14,1.1505,6,2.12,1.1397,1,2.16,1.1612,883,0
SPY190805P294,2019-08-02,2019-08-02 09:42:14,2.17,1.1666,7,2.08,1.1182,20,2.12,1.1397,1,2.125,1.1424,883,0
SPY190805P294,2019-08-02,2019-08-02 09:42:15,2.17,1.1666,5,2.07,1.1129,20,2.12,1.1397,1,2.12,1.1397,883,0
SPY190805P294,2019-08-02,2019-08-02 09:42:16,2.17,1.1666,7,2.14,1.1505,6,2.12,1.1397,1,2.155,1.1586,883,0
SPY190805P294,2019-08-02,2019-08-02 09:42:16,2.19,1.1774,89,2.09,1.1236,22,2.12,1.1397,1,2.14,1.1505,883,0
SPY190805P294,2019-08-02,2019-08-02 09:42:17,2.17,1.1666,7,2.14,1.1505,6,2.12,1.1397,1,2.155,1.1586,883,0
SPY190805P294,2019-08-02,2019-08-02 09:42:18,2.14,1.1505,44,2.08,1.1182,213,2.12,1.1397,1,2.11,1.1344,883,0
SPY190805P294,2019-08-02,2019-08-02 09:42:19,2.12,1.1397,100,2.07,1.1129,6,2.12,1.1397,1,2.095,1.1263,883,0
SPY190805P294,2019-08-02,2019-08-02 09:42:19,2.11,1.1344,20,2.08,1.1182,6,2.12,1.1397,1,2.095,1.1263,883,0
SPY190805P294,2019-08-02,2019-08-02 09:42:20,2.14,1.1505,92,2.08,1.1182,6,2.12,1.1397,1,2.11,1.1344,883,0
SPY190805P294,2019-08-02,2019-08-02 09:42:21,2.11,1.1344,20,2.09,1.1236,6,2.12,1.1397,1,2.1,1.129,883,0
SPY190805P294,2019-08-02,2019-08-02 09:42:21,2.11,1.1344,20,2.07,1.1129,6,2.12,1.1397,1,2.09,1.1236,883,0
SPY190805P294,2019-08-02,2019-08-02 09:42:22,2.11,1.1344,48,2.07,1.1129,6,2.12,1.1397,1,2.09,1.1236,883,0
SPY190805P294,2019-08-02,2019-08-02 09:42:22,2.13,1.1451,116,2.08,1.1182,6,2.12,1.1397,1,2.105,1.1317,883,0
SPY190805P294,2019-08-02,2019-08-02 09:42:23,2.12,1.1397,20,2.08,1.1182,6,2.12,1.1397,1,2.1,1.129,883,0
SPY190805P294,2019-08-02,2019-08-02 09:42:24,2.12,1.1397,20,2.09,1.1236,6,2.12,1.1397,1,2.105,1.1317,883,0
SPY190805P294,2019-08-02,2019-08-02 09:42:25,2.12,1.1397,100,2.09,1.1236,10,2.12,1.1397,1,2.105,1.1317,883,0
SPY190805P294,2019-08-02,2019-08-02 09:42:25,2.13,1.1451,120,2.09,1.1236,10,2.12,1.1397,1,2.11,1.1344,883,0
SPY190805P294,2019-08-02,2019-08-02 09:42:26,2.08,1.1182,21,2.03,1.0913,44,2.09,1.1236,2,2.055,1.1048,893,2
SPY190805P294,2019-08-02,2019-08-02 09:42:26,2.11,1.1344,146,2.09,1.1236,2,2.09,1.1236,8,2.1,1.129,891,8
SPY190805P294,2019-08-02,2019-08-02 09:42:27,2.06,1.1075,21,2.0,1.0752,20,1.99,1.0698,12,2.03,1.0913,993,100
SPY190805P294,2019-08-02,2019-08-02 09:42:27,2.07,1.1129,21,2.04,1.0967,6,2.09,1.1236,2,2.055,1.1048,893,0
SPY190805P294,2019-08-02,2019-08-02 09:42:28,2.07,1.1129,21,2.02,1.086,100,2.01,1.0806,13,2.045,1.0994,1006,13
SPY190805P294,2019-08-02,2019-08-02 09:42:29,2.06,1.1075,23,2.04,1.0967,6,2.01,1.0806,13,2.05,1.1021,1006,0
SPY190805P294,2019-08-02,2019-08-02 09:42:30,2.08,1.1182,6,2.02,1.086,9,2.01,1.0806,13,2.05,1.1021,1006,0
SPY190805P294,2019-08-02,2019-08-02 09:42:31,2.08,1.1182,51,2.04,1.0967,20,2.01,1.0806,13,2.06,1.1075,1006,0
SPY190805P294,2019-08-02,2019-08-02 09:42:31,2.08,1.1182,6,2.07,1.1129,6,2.01,1.0806,13,2.075,1.1155,1006,0
SPY190805P294,2019-08-02,2019-08-02 09:42:32,2.07,1.1129,21,2.04,1.0967,20,2.01,1.0806,13,2.055,1.1048,1006,0
SPY190805P294,2019-08-02,2019-08-02 09:42:33,2.11,1.1344,44,2.05,1.1021,1,2.01,1.0806,13,2.08,1.1182,1006,0
SPY190805P294,2019-08-02,2019-08-02 09:42:33,2.07,1.1129,25,2.04,1.0967,20,2.01,1.0806,13,2.055,1.1048,1006,0
SPY190805P294,2019-08-02,2019-08-02 09:42:34,2.08,1.1182,6,2.06,1.1075,20,2.01,1.0806,13,2.07,1.1129,1006,0
SPY190805P294,2019-08-02,2019-08-02 09:42:34,2.09,1.1236,19,2.05,1.1021,1,2.01,1.0806,13,2.07,1.1129,1006,0
SPY190805P294,2019-08-02,2019-08-02 09:42:35,2.08,1.1182,28,2.05,1.1021,20,2.01,1.0806,13,2.065,1.1102,1006,0
SPY190805P294,2019-08-02,2019-08-02 09:42:36,2.09,1.1236,83,2.05,1.1021,7,2.01,1.0806,13,2.07,1.1129,1006,0
SPY190805P294,2019-08-02,2019-08-02 09:42:37,2.05,1.1021,16,2.01,1.0806,6,2.05,1.1021,1,2.03,1.0913,1007,1
SPY190805P294,2019-08-02,2019-08-02 09:42:37,2.08,1.1182,21,2.05,1.1021,7,2.01,1.0806,13,2.065,1.1102,1006,0
SPY190805P294,2019-08-02,2019-08-02 09:42:38,2.04,1.0967,20,2.02,1.086,6,2.05,1.1021,1,2.03,1.0913,1007,0
SPY190805P294,2019-08-02,2019-08-02 09:42:38,2.05,1.1021,20,2.02,1.086,6,2.05,1.1021,1,2.035,1.094,1007,0
SPY190805P294,2019-08-02,2019-08-02 09:42:39,2.05,1.1021,47,2.02,1.086,35,2.05,1.1021,1,2.035,1.094,1007,0
SPY190805P294,2019-08-02,2019-08-02 09:42:40,2.04,1.0967,134,1.98,1.0645,120,2.05,1.1021,1,2.01,1.0806,1007,0
SPY190805P294,2019-08-02,2019-08-02 09:42:40,2.05,1.1021,114,1.99,1.0698,22,2.05,1.1021,1,2.02,1.086,1007,0
SPY190805P294,2019-08-02,2019-08-02 09:42:41,2.03,1.0913,16,2.0,1.0752,20,2.05,1.1021,1,2.015,1.0833,1007,0
SPY190805P294,2019-08-02,2019-08-02 09:42:42,2.04,1.0967,16,2.01,1.0806,6,2.05,1.1021,1,2.025,1.0887,1007,0
SPY190805P294,2019-08-02,2019-08-02 09:42:43,2.05,1.1021,44,2.0,1.0752,43,2.05,1.1021,1,2.025,1.0887,1007,0
SPY190805P294,2019-08-02,2019-08-02 09:42:44,2.03,1.0913,141,1.97,1.0591,44,2.05,1.1021,1,2.0,1.0752,1007,0
SPY190805P294,2019-08-02,2019-08-02 09:42:44,2.04,1.0967,16,2.02,1.086,6,2.05,1.1021,1,2.03,1.0913,1007,0
SPY190805P294,2019-08-02,2019-08-02 09:42:45,2.02,1.086,16,1.99,1.0698,6,2.05,1.1021,1,2.005,1.0779,1007,0
SPY190805P294,2019-08-02,2019-08-02 09:42:46,2.04,1.0967,116,1.99,1.0698,46,2.05,1.1021,1,2.015,1.0833,1007,0
SPY190805P294,2019-08-02,2019-08-02 09:42:46,2.01,1.0806,6,1.99,1.0698,8,2.05,1.1021,1,2.0,1.0752,1007,0
SPY190805P294,2019-08-02,2019-08-02 09:42:47,2.05,1.1021,6,2.02,1.086,8,2.05,1.1021,1,2.035,1.094,1007,0
SPY190805P294,2019-08-02,2019-08-02 09:42:47,2.04,1.0967,54,2.01,1.0806,8,2.05,1.1021,1,2.025,1.0887,1007,0
SPY190805P294,2019-08-02,2019-08-02 09:42:48,2.07,1.1129,6,2.04,1.0967,16,2.05,1.1021,1,2.055,1.1048,1007,0
SPY190805P294,2019-08-02,2019-08-02 09:42:49,2.08,1.1182,6,2.04,1.0967,16,2.05,1.1021,1,2.06,1.1075,1007,0
SPY190805P294,2019-08-02,2019-08-02 09:42:50,2.11,1.1344,6,2.06,1.1075,103,2.05,1.1021,1,2.085,1.1209,1007,0
SPY190805P294,2019-08-02,2019-08-02 09:42:50,2.11,1.1344,6,2.07,1.1129,34,2.05,1.1021,1,2.09,1.1236,1007,0
SPY190805P294,2019-08-02,2019-08-02 09:42:51,2.12,1.1397,2,2.09,1.1236,6,2.05,1.1021,1,2.105,1.1317,1007,0
SPY190805P294,2019-08-02,2019-08-02 09:42:52,2.12,1.1397,8,2.08,1.1182,6,2.05,1.1021,1,2.1,1.129,1007,0
SPY190805P294,2019-08-02,2019-08-02 09:42:53,2.15,1.1559,5,2.1,1.129,64,2.12,1.1397,2,2.125,1.1424,1009,2
SPY190805P294,2019-08-02,2019-08-02 09:42:53,2.12,1.1397,2,2.09,1.1236,6,2.05,1.1021,1,2.105,1.1317,1007,0
SPY190805P294,2019-08-02,2019-08-02 09:42:55,2.14,1.1505,100,2.12,1.1397,6,2.12,1.1397,2,2.13,1.1451,1009,0
SPY190805P294,2019-08-02,2019-08-02 09:42:55,2.15,1.1559,105,2.05,1.1021,89,2.12,1.1397,2,2.1,1.129,1009,0
SPY190805P294,2019-08-02,2019-08-02 09:42:56,2.11,1.1344,116,2.08,1.1182,20,2.12,1.1397,2,2.095,1.1263,1009,0
SPY190805P294,2019-08-02,2019-08-02 09:42:57,2.14,1.1505,5,2.11,1.1344,18,2.12,1.1397,2,2.125,1.1424,1009,0
SPY190805P294,2019-08-02,2019-08-02 09:42:57,2.13,1.1451,8,2.1,1.129,20,2.12,1.1397,2,2.115,1.137,1009,0
SPY190805P294,2019-08-02,2019-08-02 09:42:58,2.12,1.1397,116,2.06,1.1075,120,2.12,1.1397,2,2.09,1.1236,1009,0
SPY190805P294,2019-08-02,2019-08-02 09:42:59,2.1,1.129,106,2.05,1.1021,120,2.12,1.1397,2,2.075,1.1155,1009,0
SPY190805P294,2019-08-02,2019-08-02 09:43:00,2.1,1.129,116,2.05,1.1021,114,2.12,1.1397,2,2.075,1.1155,1009,0
SPY190805P294,2019-08-02,2019-08-02 09:43:01,2.11,1.1344,16,2.08,1.1182,20,2.12,1.1397,2,2.095,1.1263,1009,0
SPY190805P294,2019-08-02,2019-08-02 09:43:01,2.11,1.1344,126,2.08,1.1182,20,2.12,1.1397,2,2.095,1.1263,1009,0
SPY190805P294,2019-08-02,2019-08-02 09:43:02,2.11,1.1344,118,2.06,1.1075,119,2.11,1.1344,6,2.085,1.1209,1015,6
SPY190805P294,2019-08-02,2019-08-02 09:43:03,2.1,1.129,5,2.0,1.0752,5,2.11,1.1344,6,2.05,1.1021,1015,0
SPY190805P294,2019-08-02,2019-08-02 09:43:04,2.07,1.1129,116,2.04,1.0967,6,2.11,1.1344,6,2.055,1.1048,1015,0
SPY190805P294,2019-08-02,2019-08-02 09:43:05,2.09,1.1236,116,2.05,1.1021,6,2.11,1.1344,6,2.07,1.1129,1015,0
SPY190805P294,2019-08-02,2019-08-02 09:43:05,2.09,1.1236,116,2.04,1.0967,54,2.11,1.1344,6,2.065,1.1102,1015,0
SPY190805P294,2019-08-02,2019-08-02 09:43:06,2.08,1.1182,116,2.03,1.0913,125,2.11,1.1344,6,2.055,1.1048,1015,0
SPY190805P294,2019-08-02,2019-08-02 09:43:07,2.08,1.1182,64,2.04,1.0967,65,2.11,1.1344,6,2.06,1.1075,1015,0
SPY190805P294,2019-08-02,2019-08-02 09:43:07,2.1,1.129,93,2.05,1.1021,116,2.11,1.1344,6,2.075,1.1155,1015,0
SPY190805P294,2019-08-02,2019-08-02 09:43:08,2.09,1.1236,55,2.05,1.1021,98,2.11,1.1344,6,2.07,1.1129,1015,0
SPY190805P294,2019-08-02,2019-08-02 09:43:09,2.07,1.1129,114,2.04,1.0967,16,2.11,1.1344,6,2.055,1.1048,1015,0
SPY190805P294,2019-08-02,2019-08-02 09:43:10,2.06,1.1075,64,2.03,1.0913,16,2.11,1.1344,6,2.045,1.0994,1015,0
SPY190805P294,2019-08-02,2019-08-02 09:43:10,2.08,1.1182,100,2.0,1.0752,6,2.11,1.1344,6,2.04,1.0967,1015,0
SPY190805P294,2019-08-02,2019-08-02 09:43:11,2.05,1.1021,39,2.01,1.0806,26,2.11,1.1344,6,2.03,1.0913,1015,0
SPY190805P294,2019-08-02,2019-08-02 09:43:11,2.04,1.0967,8,1.99,1.0698,10,2.11,1.1344,6,2.015,1.0833,1015,0
SPY190805P294,2019-08-02,2019-08-02 09:43:12,2.03,1.0913,6,1.99,1.0698,20,2.11,1.1344,6,2.01,1.0806,1015,0
SPY190805P294,2019-08-02,2019-08-02 09:43:13,2.03,1.0913,107,2.0,1.0752,6,2.11,1.1344,6,2.015,1.0833,1015,0
SPY190805P294,2019-08-02,2019-08-02 09:43:14,2.05,1.1021,12,2.0,1.0752,6,2.11,1.1344,6,2.025,1.0887,1015,0
SPY190805P294,2019-08-02,2019-08-02 09:43:15,2.05,1.1021,6,2.03,1.0913,6,2.11,1.1344,6,2.04,1.0967,1015,0
SPY190805P294,2019-08-02,2019-08-02 09:43:15,2.08,1.1182,44,2.01,1.0806,44,2.11,1.1344,6,2.045,1.0994,1015,0
SPY190805P294,2019-08-02,2019-08-02 09:43:16,2.05,1.1021,6,2.0,1.0752,20,2.11,1.1344,6,2.025,1.0887,1015,0
SPY190805P294,2019-08-02,2019-08-02 09:43:17,2.05,1.1021,16,2.01,1.0806,20,2.11,1.1344,6,2.03,1.0913,1015,0
SPY190805P294,2019-08-02,2019-08-02 09:43:17,2.03,1.0913,6,2.01,1.0806,6,2.11,1.1344,6,2.02,1.086,1015,0
SPY190805P294,2019-08-02,2019-08-02 09:43:18,2.07,1.1129,16,2.03,1.0913,20,2.11,1.1344,6,2.05,1.1021,1015,0
SPY190805P294,2019-08-02,2019-08-02 09:43:19,2.05,1.1021,16,2.02,1.086,6,2.11,1.1344,6,2.035,1.094,1015,0
SPY190805P294,2019-08-02,2019-08-02 09:43:19,2.06,1.1075,6,2.02,1.086,10,2.11,1.1344,6,2.04,1.0967,1015,0
SPY190805P294,2019-08-02,2019-08-02 09:43:20,2.04,1.0967,6,2.01,1.0806,20,2.11,1.1344,6,2.025,1.0887,1015,0
SPY190805P294,2019-08-02,2019-08-02 09:43:20,2.03,1.0913,6,2.01,1.0806,26,2.11,1.1344,6,2.02,1.086,1015,0
SPY190805P294,2019-08-02,2019-08-02 09:43:21,2.03,1.0913,6,2.01,1.0806,26,2.11,1.1344,6,2.02,1.086,1015,0
SPY190805P294,2019-08-02,2019-08-02 09:43:21,2.04,1.0967,16,2.01,1.0806,20,2.11,1.1344,6,2.025,1.0887,1015,0
SPY190805P294,2019-08-02,2019-08-02 09:43:22,2.02,1.086,6,1.99,1.0698,83,2.11,1.1344,6,2.005,1.0779,1015,0
SPY190805P294,2019-08-02,2019-08-02 09:43:23,2.02,1.086,216,1.97,1.0591,20,2.11,1.1344,6,1.995,1.0725,1015,0
SPY190805P294,2019-08-02,2019-08-02 09:43:23,2.01,1.0806,6,1.98,1.0645,26,2.11,1.1344,6,1.995,1.0725,1015,0
SPY190805P294,2019-08-02,2019-08-02 09:43:24,2.0,1.0752,43,1.97,1.0591,20,2.11,1.1344,6,1.985,1.0672,1015,0
SPY190805P294,2019-08-02,2019-08-02 09:43:25,2.01,1.0806,92,1.98,1.0645,20,2.11,1.1344,6,1.995,1.0725,1015,0
SPY190805P294,2019-08-02,2019-08-02 09:43:25,2.02,1.086,44,1.98,1.0645,6,2.11,1.1344,6,2.0,1.0752,1015,0
SPY190805P294,2019-08-02,2019-08-02 09:43:26,2.02,1.086,116,1.95,1.0483,6,2.11,1.1344,6,1.985,1.0672,1015,0
SPY190805P294,2019-08-02,2019-08-02 09:43:26,2.01,1.0806,92,1.98,1.0645,20,2.11,1.1344,6,1.995,1.0725,1015,0
SPY190805P294,2019-08-02,2019-08-02 09:43:27,2.01,1.0806,112,1.98,1.0645,20,2.11,1.1344,6,1.995,1.0725,1015,0
SPY190805P294,2019-08-02,2019-08-02 09:43:28,2.02,1.086,6,1.99,1.0698,20,2.11,1.1344,6,2.005,1.0779,1015,0
SPY190805P294,2019-08-02,2019-08-02 09:43:28,2.01,1.0806,112,1.98,1.0645,20,2.11,1.1344,6,1.995,1.0725,1015,0
SPY190805P294,2019-08-02,2019-08-02 09:43:29,2.02,1.086,6,1.99,1.0698,20,2.11,1.1344,6,2.005,1.0779,1015,0
SPY190805P294,2019-08-02,2019-08-02 09:43:30,2.04,1.0967,6,2.02,1.086,18,2.11,1.1344,6,2.03,1.0913,1015,0
SPY190805P294,2019-08-02,2019-08-02 09:43:30,2.05,1.1021,6,2.01,1.0806,18,2.11,1.1344,6,2.03,1.0913,1015,0
SPY190805P294,2019-08-02,2019-08-02 09:43:31,2.05,1.1021,116,2.01,1.0806,18,2.11,1.1344,6,2.03,1.0913,1015,0
SPY190805P294,2019-08-02,2019-08-02 09:43:32,2.02,1.086,6,2.0,1.0752,6,2.11,1.1344,6,2.01,1.0806,1015,0
SPY190805P294,2019-08-02,2019-08-02 09:43:32,2.04,1.0967,119,2.0,1.0752,24,2.11,1.1344,6,2.02,1.086,1015,0
SPY190805P294,2019-08-02,2019-08-02 09:43:33,2.06,1.1075,17,2.01,1.0806,5,2.11,1.1344,6,2.035,1.094,1015,0
SPY190805P294,2019-08-02,2019-08-02 09:43:33,2.05,1.1021,6,2.02,1.086,18,2.11,1.1344,6,2.035,1.094,1015,0
SPY190805P294,2019-08-02,2019-08-02 09:43:34,2.06,1.1075,116,2.02,1.086,77,2.11,1.1344,6,2.04,1.0967,1015,0
SPY190805P294,2019-08-02,2019-08-02 09:43:34,2.07,1.1129,6,2.05,1.1021,6,2.11,1.1344,6,2.06,1.1075,1015,0
SPY190805P294,2019-08-02,2019-08-02 09:43:35,2.07,1.1129,63,2.04,1.0967,18,2.11,1.1344,6,2.055,1.1048,1015,0
SPY190805P294,2019-08-02,2019-08-02 09:43:36,2.08,1.1182,116,2.05,1.1021,19,2.11,1.1344,6,2.065,1.1102,1015,0
SPY190805P294,2019-08-02,2019-08-02 09:43:36,2.08,1.1182,118,2.04,1.0967,29,2.11,1.1344,6,2.06,1.1075,1015,0
SPY190805P294,2019-08-02,2019-08-02 09:43:37,2.08,1.1182,126,2.03,1.0913,129,2.11,1.1344,6,2.055,1.1048,1015,0
SPY190805P294,2019-08-02,2019-08-02 09:43:37,2.08,1.1182,107,2.04,1.0967,10,2.11,1.1344,6,2.06,1.1075,1015,0
SPY190805P294,2019-08-02,2019-08-02 09:43:38,2.05,1.1021,6,2.02,1.086,19,2.11,1.1344,6,2.035,1.094,1015,0
SPY190805P294,2019-08-02,2019-08-02 09:43:38,2.11,1.1344,5,2.03,1.0913,100,2.11,1.1344,6,2.07,1.1129,1015,0
SPY190805P294,2019-08-02,2019-08-02 09:43:39,2.08,1.1182,6,2.04,1.0967,119,2.11,1.1344,6,2.06,1.1075,1015,0
SPY190805P294,2019-08-02,2019-08-02 09:43:40,2.08,1.1182,16,2.01,1.0806,100,2.11,1.1344,6,2.045,1.0994,1015,0
SPY190805P294,2019-08-02,2019-08-02 09:43:40,2.11,1.1344,28,2.03,1.0913,19,2.11,1.1344,6,2.07,1.1129,1015,0
SPY190805P294,2019-08-02,2019-08-02 09:43:41,2.11,1.1344,16,2.08,1.1182,6,2.11,1.1344,6,2.095,1.1263,1015,0
SPY190805P294,2019-08-02,2019-08-02 09:43:42,2.11,1.1344,6,2.08,1.1182,6,2.11,1.1344,6,2.095,1.1263,1015,0
SPY190805P294,2019-08-02,2019-08-02 09:43:43,2.11,1.1344,6,2.08,1.1182,44,2.11,1.1344,6,2.095,1.1263,1015,0
SPY190805P294,2019-08-02,2019-08-02 09:43:43,2.1,1.129,6,2.07,1.1129,6,2.11,1.1344,6,2.085,1.1209,1015,0
SPY190805P294,2019-08-02,2019-08-02 09:43:44,2.09,1.1236,7,2.04,1.0967,59,2.11,1.1344,6,2.065,1.1102,1015,0
SPY190805P294,2019-08-02,2019-08-02 09:43:45,2.08,1.1182,6,2.05,1.1021,12,2.11,1.1344,6,2.065,1.1102,1015,0
SPY190805P294,2019-08-02,2019-08-02 09:43:46,2.07,1.1129,6,2.04,1.0967,54,2.11,1.1344,6,2.055,1.1048,1015,0
SPY190805P294,2019-08-02,2019-08-02 09:43:46,2.07,1.1129,6,2.04,1.0967,6,2.11,1.1344,6,2.055,1.1048,1015,0
SPY190805P294,2019-08-02,2019-08-02 09:43:47,2.09,1.1236,6,2.05,1.1021,6,2.11,1.1344,6,2.07,1.1129,1015,0
SPY190805P294,2019-08-02,2019-08-02 09:43:47,2.08,1.1182,6,2.05,1.1021,6,2.11,1.1344,6,2.065,1.1102,1015,0
SPY190805P294,2019-08-02,2019-08-02 09:43:48,2.08,1.1182,6,2.05,1.1021,49,2.11,1.1344,6,2.065,1.1102,1015,0
SPY190805P294,2019-08-02,2019-08-02 09:43:49,2.08,1.1182,6,2.05,1.1021,97,2.11,1.1344,6,2.065,1.1102,1015,0
SPY190805P294,2019-08-02,2019-08-02 09:43:50,2.09,1.1236,17,2.05,1.1021,71,2.11,1.1344,6,2.07,1.1129,1015,0
SPY190805P294,2019-08-02,2019-08-02 09:43:50,2.08,1.1182,6,2.05,1.1021,6,2.11,1.1344,6,2.065,1.1102,1015,0
SPY190805P294,2019-08-02,2019-08-02 09:43:51,2.08,1.1182,6,2.05,1.1021,14,2.11,1.1344,6,2.065,1.1102,1015,0
SPY190805P294,2019-08-02,2019-08-02 09:43:52,2.09,1.1236,44,2.03,1.0913,100,2.11,1.1344,6,2.06,1.1075,1015,0
SPY190805P294,2019-08-02,2019-08-02 09:43:52,2.08,1.1182,17,2.03,1.0913,15,2.11,1.1344,6,2.055,1.1048,1015,0
SPY190805P294,2019-08-02,2019-08-02 09:43:53,2.08,1.1182,7,2.05,1.1021,14,2.11,1.1344,6,2.065,1.1102,1015,0
SPY190805P294,2019-08-02,2019-08-02 09:43:53,2.09,1.1236,7,2.06,1.1075,11,2.11,1.1344,6,2.075,1.1155,1015,0
SPY190805P294,2019-08-02,2019-08-02 09:43:54,2.09,1.1236,7,2.06,1.1075,9,2.11,1.1344,6,2.075,1.1155,1015,0
SPY190805P294,2019-08-02,2019-08-02 09:43:55,2.07,1.1129,10,2.05,1.1021,6,2.11,1.1344,6,2.06,1.1075,1015,0
SPY190805P294,2019-08-02,2019-08-02 09:43:56,2.08,1.1182,6,2.05,1.1021,7,2.11,1.1344,6,2.065,1.1102,1015,0
SPY190805P294,2019-08-02,2019-08-02 09:43:56,2.07,1.1129,6,2.05,1.1021,6,2.11,1.1344,6,2.06,1.1075,1015,0
SPY190805P294,2019-08-02,2019-08-02 09:43:57,2.1,1.129,6,2.07,1.1129,12,2.11,1.1344,6,2.085,1.1209,1015,0
SPY190805P294,2019-08-02,2019-08-02 09:43:59,2.13,1.1451,6,2.11,1.1344,6,2.11,1.1344,6,2.12,1.1397,1015,0
SPY190805P294,2019-08-02,2019-08-02 09:44:00,2.14,1.1505,6,2.12,1.1397,16,2.11,1.1344,6,2.13,1.1451,1015,0
SPY190805P294,2019-08-02,2019-08-02 09:44:00,2.15,1.1559,5,2.11,1.1344,26,2.11,1.1344,6,2.13,1.1451,1015,0
SPY190805P294,2019-08-02,2019-08-02 09:44:01,2.14,1.1505,16,2.11,1.1344,6,2.11,1.1344,6,2.125,1.1424,1015,0
SPY190805P294,2019-08-02,2019-08-02 09:44:01,2.13,1.1451,13,2.11,1.1344,6,2.11,1.1344,6,2.12,1.1397,1015,0
SPY190805P294,2019-08-02,2019-08-02 09:44:02,2.14,1.1505,74,2.1,1.129,40,2.11,1.1344,6,2.12,1.1397,1015,0
SPY190805P294,2019-08-02,2019-08-02 09:44:02,2.12,1.1397,14,2.08,1.1182,44,2.11,1.1344,6,2.1,1.129,1015,0
SPY190805P294,2019-08-02,2019-08-02 09:44:03,2.13,1.1451,23,2.1,1.129,13,2.11,1.1344,6,2.115,1.137,1015,0
SPY190805P294,2019-08-02,2019-08-02 09:44:04,2.13,1.1451,13,2.1,1.129,22,2.11,1.1344,6,2.115,1.137,1015,0
SPY190805P294,2019-08-02,2019-08-02 09:44:05,2.13,1.1451,16,2.1,1.129,22,2.11,1.1344,6,2.115,1.137,1015,0
SPY190805P294,2019-08-02,2019-08-02 09:44:05,2.12,1.1397,11,2.08,1.1182,55,2.11,1.1344,6,2.1,1.129,1015,0
SPY190805P294,2019-08-02,2019-08-02 09:44:06,2.09,1.1236,6,2.07,1.1129,6,2.11,1.1344,6,2.08,1.1182,1015,0
SPY190805P294,2019-08-02,2019-08-02 09:44:06,2.1,1.129,11,2.08,1.1182,6,2.11,1.1344,6,2.09,1.1236,1015,0
SPY190805P294,2019-08-02,2019-08-02 09:44:07,2.1,1.129,109,2.07,1.1129,6,2.11,1.1344,6,2.085,1.1209,1015,0
SPY190805P294,2019-08-02,2019-08-02 09:44:08,2.09,1.1236,5,2.07,1.1129,6,2.11,1.1344,6,2.08,1.1182,1015,0
SPY190805P294,2019-08-02,2019-08-02 09:44:08,2.11,1.1344,6,2.09,1.1236,6,2.08,1.1182,1,2.1,1.129,1016,1
SPY190805P294,2019-08-02,2019-08-02 09:44:09,2.1,1.129,15,2.08,1.1182,6,2.08,1.1182,1,2.09,1.1236,1016,0
SPY190805P294,2019-08-02,2019-08-02 09:44:10,2.11,1.1344,14,2.08,1.1182,6,2.08,1.1182,1,2.095,1.1263,1016,0
SPY190805P294,2019-08-02,2019-08-02 09:44:10,2.12,1.1397,145,2.09,1.1236,6,2.08,1.1182,1,2.105,1.1317,1016,0
SPY190805P294,2019-08-02,2019-08-02 09:44:11,2.11,1.1344,40,2.08,1.1182,26,2.08,1.1182,1,2.095,1.1263,1016,0
SPY190805P294,2019-08-02,2019-08-02 09:44:12,2.11,1.1344,11,2.09,1.1236,6,2.08,1.1182,1,2.1,1.129,1016,0
SPY190805P294,2019-08-02,2019-08-02 09:44:12,2.12,1.1397,6,2.09,1.1236,6,2.08,1.1182,1,2.105,1.1317,1016,0
SPY190805P294,2019-08-02,2019-08-02 09:44:13,2.12,1.1397,11,2.1,1.129,6,2.08,1.1182,1,2.11,1.1344,1016,0
SPY190805P294,2019-08-02,2019-08-02 09:44:14,2.1,1.129,16,2.07,1.1129,48,2.08,1.1182,1,2.085,1.1209,1016,0
SPY190805P294,2019-08-02,2019-08-02 09:44:15,2.1,1.129,5,2.09,1.1236,6,2.11,1.1344,10,2.095,1.1263,1026,10
SPY190805P294,2019-08-02,2019-08-02 09:44:15,2.1,1.129,10,2.08,1.1182,6,2.08,1.1182,1,2.09,1.1236,1016,0
SPY190805P294,2019-08-02,2019-08-02 09:44:16,2.1,1.129,43,2.01,1.0806,5,2.11,1.1344,10,2.055,1.1048,1026,0
SPY190805P294,2019-08-02,2019-08-02 09:44:17,2.1,1.129,91,2.06,1.1075,70,2.11,1.1344,10,2.08,1.1182,1026,0
SPY190805P294,2019-08-02,2019-08-02 09:44:17,2.1,1.129,5,2.08,1.1182,6,2.11,1.1344,10,2.09,1.1236,1026,0
SPY190805P294,2019-08-02,2019-08-02 09:44:18,2.09,1.1236,9,2.05,1.1021,44,2.11,1.1344,10,2.07,1.1129,1026,0
SPY190805P294,2019-08-02,2019-08-02 09:44:18,2.1,1.129,37,2.06,1.1075,85,2.11,1.1344,10,2.08,1.1182,1026,0
SPY190805P294,2019-08-02,2019-08-02 09:44:19,2.1,1.129,5,2.09,1.1236,6,2.11,1.1344,10,2.095,1.1263,1026,0
SPY190805P294,2019-08-02,2019-08-02 09:44:20,2.11,1.1344,15,2.08,1.1182,11,2.1,1.129,5,2.095,1.1263,1031,0
SPY190805P294,2019-08-02,2019-08-02 09:44:20,2.1,1.129,5,2.1,1.129,17,2.1,1.129,5,2.1,1.129,1031,5
SPY190805P294,2019-08-02,2019-08-02 09:44:21,2.11,1.1344,16,2.09,1.1236,6,2.1,1.129,5,2.1,1.129,1031,0
SPY190805P294,2019-08-02,2019-08-02 09:44:21,2.11,1.1344,6,2.08,1.1182,17,2.1,1.129,5,2.095,1.1263,1031,0
SPY190805P294,2019-08-02,2019-08-02 09:44:22,2.12,1.1397,12,2.1,1.129,6,2.1,1.129,19,2.11,1.1344,1050,19
SPY190805P294,2019-08-02,2019-08-02 09:44:23,2.11,1.1344,12,2.08,1.1182,26,2.1,1.129,19,2.095,1.1263,1050,0
SPY190805P294,2019-08-02,2019-08-02 09:44:23,2.12,1.1397,10,2.09,1.1236,18,2.1,1.129,19,2.105,1.1317,1050,0
SPY190805P294,2019-08-02,2019-08-02 09:44:24,2.12,1.1397,10,2.1,1.129,18,2.1,1.129,19,2.11,1.1344,1050,0
SPY190805P294,2019-08-02,2019-08-02 09:44:25,2.12,1.1397,10,2.08,1.1182,150,2.1,1.129,19,2.1,1.129,1050,0
SPY190805P294,2019-08-02,2019-08-02 09:44:25,2.12,1.1397,16,2.09,1.1236,43,2.1,1.129,19,2.105,1.1317,1050,0
SPY190805P294,2019-08-02,2019-08-02 09:44:26,2.12,1.1397,12,2.09,1.1236,53,2.1,1.129,19,2.105,1.1317,1050,0
SPY190805P294,2019-08-02,2019-08-02 09:44:27,2.13,1.1451,10,2.06,1.1075,66,2.1,1.129,19,2.095,1.1263,1050,0
SPY190805P294,2019-08-02,2019-08-02 09:44:27,2.12,1.1397,6,2.1,1.129,84,2.1,1.129,19,2.11,1.1344,1050,0
SPY190805P294,2019-08-02,2019-08-02 09:44:28,2.12,1.1397,12,2.06,1.1075,66,2.1,1.129,19,2.09,1.1236,1050,0
SPY190805P294,2019-08-02,2019-08-02 09:44:28,2.11,1.1344,6,2.08,1.1182,19,2.1,1.129,19,2.095,1.1263,1050,0
SPY190805P294,2019-08-02,2019-08-02 09:44:29,2.12,1.1397,6,2.08,1.1182,104,2.1,1.129,19,2.1,1.129,1050,0
SPY190805P294,2019-08-02,2019-08-02 09:44:29,2.11,1.1344,10,2.07,1.1129,119,2.1,1.129,19,2.09,1.1236,1050,0
SPY190805P294,2019-08-02,2019-08-02 09:44:30,2.13,1.1451,10,2.1,1.129,54,2.1,1.129,19,2.115,1.137,1050,0
SPY190805P294,2019-08-02,2019-08-02 09:44:31,2.15,1.1559,5,2.07,1.1129,5,2.1,1.129,19,2.11,1.1344,1050,0
SPY190805P294,2019-08-02,2019-08-02 09:44:32,2.15,1.1559,5,2.12,1.1397,5,2.1,1.129,19,2.135,1.1478,1050,0
SPY190805P294,2019-08-02,2019-08-02 09:44:32,2.15,1.1559,5,2.12,1.1397,119,2.1,1.129,19,2.135,1.1478,1050,0
SPY190805P294,2019-08-02,2019-08-02 09:44:33,2.15,1.1559,5,2.14,1.1505,79,2.1,1.129,19,2.145,1.1532,1050,0
SPY190805P294,2019-08-02,2019-08-02 09:44:34,2.15,1.1559,5,2.14,1.1505,81,2.1,1.129,19,2.145,1.1532,1050,0
SPY190805P294,2019-08-02,2019-08-02 09:44:35,2.18,1.172,86,2.15,1.1559,20,2.15,1.1559,1,2.165,1.1639,1055,5
SPY190805P294,2019-08-02,2019-08-02 09:44:35,2.15,1.1559,5,2.14,1.1505,40,2.1,1.129,19,2.145,1.1532,1050,0
SPY190805P294,2019-08-02,2019-08-02 09:44:36,2.18,1.172,6,2.15,1.1559,20,2.15,1.1559,1,2.165,1.1639,1055,0
SPY190805P294,2019-08-02,2019-08-02 09:44:37,2.17,1.1666,6,2.15,1.1559,26,2.15,1.1559,1,2.16,1.1612,1055,0
SPY190805P294,2019-08-02,2019-08-02 09:44:37,2.18,1.172,6,2.16,1.1612,7,2.15,1.1559,1,2.17,1.1666,1055,0
SPY190805P294,2019-08-02,2019-08-02 09:44:38,2.18,1.172,20,2.14,1.1505,76,2.15,1.1559,1,2.16,1.1612,1055,0
SPY190805P294,2019-08-02,2019-08-02 09:44:39,2.17,1.1666,6,2.14,1.1505,54,2.15,1.1559,1,2.155,1.1586,1055,0
SPY190805P294,2019-08-02,2019-08-02 09:44:40,2.18,1.172,6,2.16,1.1612,20,2.15,1.1559,1,2.17,1.1666,1055,0
SPY190805P294,2019-08-02,2019-08-02 09:44:41,2.18,1.172,15,2.07,1.1129,20,2.15,1.1559,1,2.125,1.1424,1055,0
SPY190805P294,2019-08-02,2019-08-02 09:44:41,2.15,1.1559,6,2.13,1.1451,6,2.15,1.1559,1,2.14,1.1505,1055,0
SPY190805P294,2019-08-02,2019-08-02 09:44:42,2.14,1.1505,29,2.09,1.1236,16,2.15,1.1559,1,2.115,1.137,1055,0
SPY190805P294,2019-08-02,2019-08-02 09:44:42,2.14,1.1505,6,2.11,1.1344,6,2.12,1.1397,6,2.125,1.1424,1061,6
SPY190805P294,2019-08-02,2019-08-02 09:44:43,2.14,1.1505,108,2.09,1.1236,103,2.12,1.1397,6,2.115,1.137,1061,0
SPY190805P294,2019-08-02,2019-08-02 09:44:44,2.14,1.1505,108,2.09,1.1236,100,2.12,1.1397,6,2.115,1.137,1061,0
SPY190805P294,2019-08-02,2019-08-02 09:44:44,2.13,1.1451,20,2.1,1.129,20,2.12,1.1397,6,2.115,1.137,1061,0
SPY190805P294,2019-08-02,2019-08-02 09:44:45,2.13,1.1451,42,2.1,1.129,20,2.12,1.1397,6,2.115,1.137,1061,0
SPY190805P294,2019-08-02,2019-08-02 09:44:45,2.13,1.1451,17,2.1,1.129,20,2.12,1.1397,6,2.115,1.137,1061,0
SPY190805P294,2019-08-02,2019-08-02 09:44:46,2.13,1.1451,17,2.11,1.1344,6,2.12,1.1397,6,2.12,1.1397,1061,0
SPY190805P294,2019-08-02,2019-08-02 09:44:47,2.12,1.1397,17,2.08,1.1182,120,2.12,1.1397,6,2.1,1.129,1061,0
SPY190805P294,2019-08-02,2019-08-02 09:44:47,2.12,1.1397,17,2.1,1.129,6,2.12,1.1397,6,2.11,1.1344,1061,0
SPY190805P294,2019-08-02,2019-08-02 09:44:48,2.13,1.1451,16,2.11,1.1344,6,2.12,1.1397,6,2.12,1.1397,1061,0
SPY190805P294,2019-08-02,2019-08-02 09:44:49,2.13,1.1451,17,2.11,1.1344,6,2.12,1.1397,6,2.12,1.1397,1061,0
SPY190805P294,2019-08-02,2019-08-02 09:44:50,2.15,1.1559,6,2.12,1.1397,79,2.12,1.1397,6,2.135,1.1478,1061,0
SPY190805P294,2019-08-02,2019-08-02 09:44:50,2.16,1.1612,79,2.12,1.1397,57,2.12,1.1397,6,2.14,1.1505,1061,0
SPY190805P294,2019-08-02,2019-08-02 09:44:51,2.17,1.1666,6,2.15,1.1559,6,2.12,1.1397,6,2.16,1.1612,1061,0
SPY190805P294,2019-08-02,2019-08-02 09:44:52,2.17,1.1666,6,2.15,1.1559,20,2.12,1.1397,6,2.16,1.1612,1061,0
SPY190805P294,2019-08-02,2019-08-02 09:44:52,2.17,1.1666,17,2.14,1.1505,118,2.12,1.1397,6,2.155,1.1586,1061,0
SPY190805P294,2019-08-02,2019-08-02 09:44:53,2.18,1.172,117,2.15,1.1559,20,2.12,1.1397,6,2.165,1.1639,1061,0
SPY190805P294,2019-08-02,2019-08-02 09:44:54,2.12,1.1397,6,2.1,1.129,26,2.12,1.1397,6,2.11,1.1344,1061,0
SPY190805P294,2019-08-02,2019-08-02 09:44:55,2.12,1.1397,6,2.1,1.129,26,2.12,1.1397,6,2.11,1.1344,1061,0
SPY190805P294,2019-08-02,2019-08-02 09:44:56,2.14,1.1505,39,2.1,1.129,20,2.12,1.1397,6,2.12,1.1397,1061,0
SPY190805P294,2019-08-02,2019-08-02 09:44:57,2.16,1.1612,36,2.13,1.1451,20,2.12,1.1397,6,2.145,1.1532,1061,0
SPY190805P294,2019-08-02,2019-08-02 09:44:57,2.17,1.1666,39,2.14,1.1505,20,2.12,1.1397,6,2.155,1.1586,1061,0
SPY190805P294,2019-08-02,2019-08-02 09:44:58,2.16,1.1612,6,2.14,1.1505,17,2.14,1.1505,5,2.15,1.1559,1066,5
SPY190805P294,2019-08-02,2019-08-02 09:44:58,2.15,1.1559,6,2.1,1.129,44,2.14,1.1505,5,2.125,1.1424,1066,0
SPY190805P294,2019-08-02,2019-08-02 09:44:59,2.12,1.1397,6,2.06,1.1075,44,2.14,1.1505,5,2.09,1.1236,1066,0
SPY190805P294,2019-08-02,2019-08-02 09:45:00,2.15,1.1559,6,2.1,1.129,44,2.14,1.1505,5,2.125,1.1424,1066,0
SPY190805P294,2019-08-02,2019-08-02 09:45:00,2.14,1.1505,6,2.12,1.1397,6,2.14,1.1505,5,2.13,1.1451,1066,0
SPY190805P294,2019-08-02,2019-08-02 09:45:01,2.16,1.1612,13,2.13,1.1451,51,2.14,1.1505,5,2.145,1.1532,1066,0
SPY190805P294,2019-08-02,2019-08-02 09:45:02,2.14,1.1505,13,2.13,1.1451,19,2.13,1.1451,20,2.135,1.1478,1086,20
SPY190805P294,2019-08-02,2019-08-02 09:45:02,2.15,1.1559,6,2.13,1.1451,20,2.14,1.1505,5,2.14,1.1505,1066,0
SPY190805P294,2019-08-02,2019-08-02 09:45:03,2.15,1.1559,62,2.12,1.1397,6,2.13,1.1451,20,2.135,1.1478,1086,0
SPY190805P294,2019-08-02,2019-08-02 09:45:05,2.18,1.172,16,2.15,1.1559,25,2.13,1.1451,20,2.165,1.1639,1086,0
SPY190805P294,2019-08-02,2019-08-02 09:45:06,2.17,1.1666,14,2.15,1.1559,6,2.13,1.1451,20,2.16,1.1612,1086,0
SPY190805P294,2019-08-02,2019-08-02 09:45:07,2.18,1.172,49,2.15,1.1559,20,2.13,1.1451,20,2.165,1.1639,1086,0
SPY190805P294,2019-08-02,2019-08-02 09:45:07,2.17,1.1666,6,2.15,1.1559,6,2.13,1.1451,20,2.16,1.1612,1086,0
SPY190805P294,2019-08-02,2019-08-02 09:45:08,2.18,1.172,41,2.14,1.1505,53,2.13,1.1451,20,2.16,1.1612,1086,0
SPY190805P294,2019-08-02,2019-08-02 09:45:09,2.19,1.1774,6,2.17,1.1666,6,2.13,1.1451,20,2.18,1.172,1086,0
SPY190805P294,2019-08-02,2019-08-02 09:45:10,2.19,1.1774,5,2.15,1.1559,50,2.13,1.1451,20,2.17,1.1666,1086,0
SPY190805P294,2019-08-02,2019-08-02 09:45:11,2.2,1.1827,15,2.17,1.1666,6,2.13,1.1451,20,2.185,1.1747,1086,0
SPY190805P294,2019-08-02,2019-08-02 09:45:11,2.2,1.1827,11,2.18,1.172,6,2.13,1.1451,20,2.19,1.1774,1086,0
SPY190805P294,2019-08-02,2019-08-02 09:45:12,2.2,1.1827,11,2.18,1.172,6,2.13,1.1451,20,2.19,1.1774,1086,0
