symbol,Date,quote_time,ask_price,norm_ask_price,ask_size,bid_price,norm_bid_price,bid_size,last_trade_price,norm_last_trade_price,last_trade_size,mark_price,norm_mark_price,volume,Volume
SPY190802C303,2019-07-31,2019-07-31 09:30:00,0.92,1.0,173,0.9,0.9782,1,0.9,0.9782,2,0.91,0.9891,69,69
SPY190802C303,2019-07-31,2019-07-31 09:30:06,0.92,1.0,166,0.9,0.9782,1,0.89,0.9673,6,0.91,0.9891,80,11
SPY190802C303,2019-07-31,2019-07-31 09:30:07,0.92,1.0,166,0.9,0.9782,1,0.89,0.9673,6,0.91,0.9891,80,0
SPY190802C303,2019-07-31,2019-07-31 09:30:08,0.92,1.0,166,0.9,0.9782,1,0.89,0.9673,6,0.91,0.9891,80,0
SPY190802C303,2019-07-31,2019-07-31 09:30:09,0.92,1.0,166,0.9,0.9782,1,0.89,0.9673,6,0.91,0.9891,80,0
SPY190802C303,2019-07-31,2019-07-31 09:30:10,0.92,1.0,166,0.9,0.9782,1,0.9,0.9782,8,0.91,0.9891,88,8
SPY190802C303,2019-07-31,2019-07-31 09:30:10,0.92,1.0,166,0.9,0.9782,1,0.9,0.9782,8,0.91,0.9891,88,0
SPY190802C303,2019-07-31,2019-07-31 09:30:11,0.91,0.9891,5,0.9,0.9782,1,0.9,0.9782,8,0.905,0.9836,88,0
SPY190802C303,2019-07-31,2019-07-31 09:30:12,0.91,0.9891,5,0.9,0.9782,1,0.9,0.9782,8,0.905,0.9836,88,0
SPY190802C303,2019-07-31,2019-07-31 09:30:13,0.91,0.9891,5,0.9,0.9782,1,0.9,0.9782,8,0.905,0.9836,88,0
SPY190802C303,2019-07-31,2019-07-31 09:30:14,0.91,0.9891,5,0.9,0.9782,40,0.87,0.9456,6,0.905,0.9836,98,10
SPY190802C303,2019-07-31,2019-07-31 09:30:15,0.91,0.9891,122,0.9,0.9782,20,0.87,0.9456,6,0.905,0.9836,98,0
SPY190802C303,2019-07-31,2019-07-31 09:30:15,0.91,0.9891,5,0.9,0.9782,20,0.87,0.9456,6,0.905,0.9836,98,0
SPY190802C303,2019-07-31,2019-07-31 09:30:16,0.91,0.9891,122,0.9,0.9782,20,0.87,0.9456,6,0.905,0.9836,98,0
SPY190802C303,2019-07-31,2019-07-31 09:30:17,0.91,0.9891,122,0.9,0.9782,20,0.87,0.9456,6,0.905,0.9836,98,0
SPY190802C303,2019-07-31,2019-07-31 09:30:18,0.91,0.9891,122,0.9,0.9782,20,0.87,0.9456,6,0.905,0.9836,98,0
SPY190802C303,2019-07-31,2019-07-31 09:30:19,0.91,0.9891,155,0.9,0.9782,20,0.87,0.9456,3,0.905,0.9836,101,3
SPY190802C303,2019-07-31,2019-07-31 09:30:20,0.91,0.9891,155,0.9,0.9782,20,0.87,0.9456,3,0.905,0.9836,101,0
SPY190802C303,2019-07-31,2019-07-31 09:30:21,0.91,0.9891,5,0.9,0.9782,40,0.87,0.9456,10,0.905,0.9836,111,10
SPY190802C303,2019-07-31,2019-07-31 09:30:21,0.91,0.9891,155,0.9,0.9782,1,0.87,0.9456,3,0.905,0.9836,101,0
SPY190802C303,2019-07-31,2019-07-31 09:30:22,0.91,0.9891,130,0.9,0.9782,20,0.86,0.9347,3,0.905,0.9836,114,3
SPY190802C303,2019-07-31,2019-07-31 09:30:23,0.89,0.9673,5,0.88,0.9565,148,0.86,0.9347,3,0.885,0.9619,114,0
SPY190802C303,2019-07-31,2019-07-31 09:30:24,0.87,0.9456,5,0.86,0.9347,223,0.87,0.9456,2,0.865,0.9402,116,2
SPY190802C303,2019-07-31,2019-07-31 09:30:24,0.88,0.9565,5,0.87,0.9456,223,0.86,0.9347,3,0.875,0.951,114,0
SPY190802C303,2019-07-31,2019-07-31 09:30:25,0.87,0.9456,163,0.86,0.9347,87,0.87,0.9456,2,0.865,0.9402,116,0
SPY190802C303,2019-07-31,2019-07-31 09:30:26,0.87,0.9456,100,0.86,0.9347,65,0.87,0.9456,2,0.865,0.9402,116,0
SPY190802C303,2019-07-31,2019-07-31 09:30:26,0.87,0.9456,163,0.86,0.9347,60,0.87,0.9456,2,0.865,0.9402,116,0
SPY190802C303,2019-07-31,2019-07-31 09:30:27,0.87,0.9456,358,0.86,0.9347,60,0.87,0.9456,2,0.865,0.9402,116,0
SPY190802C303,2019-07-31,2019-07-31 09:30:27,0.87,0.9456,358,0.86,0.9347,80,0.87,0.9456,2,0.865,0.9402,116,0
SPY190802C303,2019-07-31,2019-07-31 09:30:28,0.87,0.9456,358,0.86,0.9347,65,0.87,0.9456,2,0.865,0.9402,116,0
SPY190802C303,2019-07-31,2019-07-31 09:30:29,0.87,0.9456,5,0.86,0.9347,169,0.87,0.9456,2,0.865,0.9402,116,0
SPY190802C303,2019-07-31,2019-07-31 09:30:30,0.88,0.9565,70,0.87,0.9456,65,0.87,0.9456,2,0.875,0.951,116,0
SPY190802C303,2019-07-31,2019-07-31 09:30:30,0.88,0.9565,163,0.86,0.9347,311,0.87,0.9456,2,0.87,0.9456,116,0
SPY190802C303,2019-07-31,2019-07-31 09:30:31,0.88,0.9565,70,0.87,0.9456,60,0.87,0.9456,2,0.875,0.951,116,0
SPY190802C303,2019-07-31,2019-07-31 09:30:31,0.88,0.9565,241,0.87,0.9456,5,0.87,0.9456,2,0.875,0.951,116,0
SPY190802C303,2019-07-31,2019-07-31 09:30:32,0.88,0.9565,5,0.87,0.9456,5,0.87,0.9456,2,0.875,0.951,116,0
SPY190802C303,2019-07-31,2019-07-31 09:30:33,0.88,0.9565,163,0.87,0.9456,10,0.87,0.9456,2,0.875,0.951,116,0
SPY190802C303,2019-07-31,2019-07-31 09:30:34,0.88,0.9565,5,0.87,0.9456,10,0.87,0.9456,2,0.875,0.951,116,0
SPY190802C303,2019-07-31,2019-07-31 09:30:34,0.88,0.9565,5,0.87,0.9456,123,0.87,0.9456,2,0.875,0.951,116,0
SPY190802C303,2019-07-31,2019-07-31 09:30:35,0.88,0.9565,5,0.87,0.9456,134,0.87,0.9456,3,0.875,0.951,127,11
SPY190802C303,2019-07-31,2019-07-31 09:30:36,0.89,0.9673,453,0.87,0.9456,826,0.87,0.9456,3,0.88,0.9565,127,0
SPY190802C303,2019-07-31,2019-07-31 09:30:36,0.88,0.9565,5,0.87,0.9456,826,0.87,0.9456,3,0.875,0.951,127,0
SPY190802C303,2019-07-31,2019-07-31 09:30:37,0.89,0.9673,484,0.87,0.9456,1069,0.87,0.9456,3,0.88,0.9565,127,0
SPY190802C303,2019-07-31,2019-07-31 09:30:38,0.89,0.9673,177,0.87,0.9456,643,0.87,0.9456,3,0.88,0.9565,127,0
SPY190802C303,2019-07-31,2019-07-31 09:30:38,0.89,0.9673,163,0.88,0.9565,46,0.87,0.9456,3,0.885,0.9619,127,0
SPY190802C303,2019-07-31,2019-07-31 09:30:39,0.89,0.9673,163,0.88,0.9565,65,0.87,0.9456,3,0.885,0.9619,127,0
SPY190802C303,2019-07-31,2019-07-31 09:30:40,0.89,0.9673,223,0.88,0.9565,39,0.87,0.9456,3,0.885,0.9619,127,0
SPY190802C303,2019-07-31,2019-07-31 09:30:41,0.89,0.9673,163,0.88,0.9565,5,0.87,0.9456,3,0.885,0.9619,127,0
SPY190802C303,2019-07-31,2019-07-31 09:30:41,0.89,0.9673,163,0.88,0.9565,20,0.87,0.9456,3,0.885,0.9619,127,0
SPY190802C303,2019-07-31,2019-07-31 09:30:42,0.89,0.9673,163,0.88,0.9565,295,0.87,0.9456,3,0.885,0.9619,127,0
SPY190802C303,2019-07-31,2019-07-31 09:30:42,0.88,0.9565,5,0.87,0.9456,725,0.87,0.9456,3,0.875,0.951,127,0
SPY190802C303,2019-07-31,2019-07-31 09:30:43,0.88,0.9565,5,0.87,0.9456,100,0.87,0.9456,3,0.875,0.951,127,0
SPY190802C303,2019-07-31,2019-07-31 09:30:43,0.88,0.9565,20,0.87,0.9456,5,0.87,0.9456,3,0.875,0.951,127,0
SPY190802C303,2019-07-31,2019-07-31 09:30:44,0.88,0.9565,163,0.87,0.9456,5,0.87,0.9456,3,0.875,0.951,127,0
SPY190802C303,2019-07-31,2019-07-31 09:30:45,0.88,0.9565,163,0.87,0.9456,5,0.87,0.9456,3,0.875,0.951,127,0
SPY190802C303,2019-07-31,2019-07-31 09:30:46,0.88,0.9565,100,0.87,0.9456,185,0.87,0.9456,3,0.875,0.951,127,0
SPY190802C303,2019-07-31,2019-07-31 09:30:46,0.89,0.9673,163,0.88,0.9565,10,0.87,0.9456,3,0.885,0.9619,135,8
SPY190802C303,2019-07-31,2019-07-31 09:30:47,0.89,0.9673,45,0.88,0.9565,205,0.87,0.9456,3,0.885,0.9619,135,0
SPY190802C303,2019-07-31,2019-07-31 09:30:47,0.89,0.9673,163,0.88,0.9565,725,0.87,0.9456,3,0.885,0.9619,135,0
SPY190802C303,2019-07-31,2019-07-31 09:30:48,0.89,0.9673,45,0.88,0.9565,205,0.87,0.9456,3,0.885,0.9619,135,0
SPY190802C303,2019-07-31,2019-07-31 09:30:49,0.89,0.9673,45,0.88,0.9565,417,0.87,0.9456,3,0.885,0.9619,135,0
SPY190802C303,2019-07-31,2019-07-31 09:30:50,0.89,0.9673,100,0.88,0.9565,280,0.88,0.9565,20,0.885,0.9619,155,20
SPY190802C303,2019-07-31,2019-07-31 09:30:50,0.89,0.9673,223,0.87,0.9456,1163,0.88,0.9565,20,0.88,0.9565,155,0
SPY190802C303,2019-07-31,2019-07-31 09:30:51,0.89,0.9673,223,0.87,0.9456,1163,0.88,0.9565,20,0.88,0.9565,155,0
SPY190802C303,2019-07-31,2019-07-31 09:30:52,0.89,0.9673,57,0.88,0.9565,50,0.88,0.9565,20,0.885,0.9619,155,0
SPY190802C303,2019-07-31,2019-07-31 09:30:53,0.89,0.9673,7,0.88,0.9565,223,0.88,0.9565,20,0.885,0.9619,155,0
SPY190802C303,2019-07-31,2019-07-31 09:31:06,0.89,0.9673,12,0.88,0.9565,237,0.88,0.9565,20,0.885,0.9619,155,0
SPY190802C303,2019-07-31,2019-07-31 09:31:07,0.89,0.9673,5,0.88,0.9565,163,0.88,0.9565,20,0.885,0.9619,155,0
SPY190802C303,2019-07-31,2019-07-31 09:31:07,0.9,0.9782,763,0.88,0.9565,438,0.88,0.9565,20,0.89,0.9673,155,0
SPY190802C303,2019-07-31,2019-07-31 09:31:08,0.89,0.9673,70,0.87,0.9456,432,0.88,0.9565,20,0.88,0.9565,155,0
SPY190802C303,2019-07-31,2019-07-31 09:31:09,0.89,0.9673,130,0.87,0.9456,666,0.88,0.9565,20,0.88,0.9565,155,0
SPY190802C303,2019-07-31,2019-07-31 09:31:09,0.89,0.9673,130,0.88,0.9565,5,0.88,0.9565,20,0.885,0.9619,155,0
SPY190802C303,2019-07-31,2019-07-31 09:31:10,0.89,0.9673,243,0.87,0.9456,1131,0.88,0.9565,20,0.88,0.9565,155,0
SPY190802C303,2019-07-31,2019-07-31 09:31:10,0.89,0.9673,718,0.87,0.9456,453,0.88,0.9565,20,0.88,0.9565,155,0
SPY190802C303,2019-07-31,2019-07-31 09:31:11,0.89,0.9673,718,0.87,0.9456,453,0.88,0.9565,20,0.88,0.9565,155,0
SPY190802C303,2019-07-31,2019-07-31 09:31:12,0.89,0.9673,718,0.88,0.9565,1,0.88,0.9565,20,0.885,0.9619,155,0
SPY190802C303,2019-07-31,2019-07-31 09:31:12,0.89,0.9673,718,0.87,0.9456,453,0.88,0.9565,20,0.88,0.9565,155,0
SPY190802C303,2019-07-31,2019-07-31 09:31:13,0.89,0.9673,914,0.87,0.9456,305,0.88,0.9565,20,0.88,0.9565,155,0
SPY190802C303,2019-07-31,2019-07-31 09:31:14,0.88,0.9565,5,0.87,0.9456,1189,0.88,0.9565,20,0.875,0.951,155,0
SPY190802C303,2019-07-31,2019-07-31 09:31:15,0.89,0.9673,358,0.87,0.9456,776,0.88,0.9565,20,0.88,0.9565,155,0
SPY190802C303,2019-07-31,2019-07-31 09:31:15,0.89,0.9673,304,0.87,0.9456,875,0.88,0.9565,20,0.88,0.9565,155,0
SPY190802C303,2019-07-31,2019-07-31 09:31:16,0.89,0.9673,111,0.88,0.9565,25,0.88,0.9565,20,0.885,0.9619,155,0
SPY190802C303,2019-07-31,2019-07-31 09:31:17,0.89,0.9673,301,0.88,0.9565,66,0.88,0.9565,20,0.885,0.9619,155,0
SPY190802C303,2019-07-31,2019-07-31 09:31:18,0.89,0.9673,626,0.88,0.9565,56,0.88,0.9565,20,0.885,0.9619,155,0
SPY190802C303,2019-07-31,2019-07-31 09:31:18,0.89,0.9673,314,0.88,0.9565,43,0.88,0.9565,20,0.885,0.9619,155,0
SPY190802C303,2019-07-31,2019-07-31 09:31:19,0.89,0.9673,163,0.88,0.9565,241,0.88,0.9565,20,0.885,0.9619,155,0
SPY190802C303,2019-07-31,2019-07-31 09:31:20,0.89,0.9673,163,0.87,0.9456,682,0.88,0.9565,20,0.88,0.9565,155,0
SPY190802C303,2019-07-31,2019-07-31 09:31:20,0.89,0.9673,163,0.88,0.9565,1,0.88,0.9565,20,0.885,0.9619,155,0
SPY190802C303,2019-07-31,2019-07-31 09:31:21,0.89,0.9673,163,0.88,0.9565,30,0.88,0.9565,20,0.885,0.9619,155,0
SPY190802C303,2019-07-31,2019-07-31 09:31:22,0.89,0.9673,162,0.88,0.9565,217,0.89,0.9673,7,0.885,0.9619,162,7
SPY190802C303,2019-07-31,2019-07-31 09:31:22,0.89,0.9673,223,0.87,0.9456,738,0.88,0.9565,20,0.88,0.9565,155,0
SPY190802C303,2019-07-31,2019-07-31 09:31:23,0.89,0.9673,100,0.88,0.9565,217,0.89,0.9673,7,0.885,0.9619,162,0
SPY190802C303,2019-07-31,2019-07-31 09:31:24,0.89,0.9673,233,0.87,0.9456,1189,0.89,0.9673,7,0.88,0.9565,162,0
SPY190802C303,2019-07-31,2019-07-31 09:31:24,0.89,0.9673,132,0.87,0.9456,685,0.89,0.9673,7,0.88,0.9565,162,0
SPY190802C303,2019-07-31,2019-07-31 09:31:25,0.89,0.9673,380,0.87,0.9456,1189,0.89,0.9673,7,0.88,0.9565,162,0
SPY190802C303,2019-07-31,2019-07-31 09:31:25,0.88,0.9565,90,0.87,0.9456,417,0.89,0.9673,7,0.875,0.951,162,0
SPY190802C303,2019-07-31,2019-07-31 09:31:26,0.88,0.9565,5,0.87,0.9456,417,0.89,0.9673,7,0.875,0.951,162,0
SPY190802C303,2019-07-31,2019-07-31 09:31:26,0.89,0.9673,431,0.87,0.9456,417,0.89,0.9673,7,0.88,0.9565,162,0
SPY190802C303,2019-07-31,2019-07-31 09:31:27,0.88,0.9565,5,0.87,0.9456,417,0.89,0.9673,7,0.875,0.951,162,0
SPY190802C303,2019-07-31,2019-07-31 09:31:28,0.89,0.9673,431,0.87,0.9456,594,0.89,0.9673,7,0.88,0.9565,162,0
SPY190802C303,2019-07-31,2019-07-31 09:31:28,0.89,0.9673,431,0.87,0.9456,418,0.89,0.9673,7,0.88,0.9565,162,0
SPY190802C303,2019-07-31,2019-07-31 09:31:29,0.89,0.9673,431,0.87,0.9456,704,0.89,0.9673,7,0.88,0.9565,162,0
SPY190802C303,2019-07-31,2019-07-31 09:31:30,0.89,0.9673,5,0.88,0.9565,422,0.89,0.9673,7,0.885,0.9619,162,0
SPY190802C303,2019-07-31,2019-07-31 09:31:32,0.89,0.9673,70,0.87,0.9456,450,0.89,0.9673,7,0.88,0.9565,162,0
SPY190802C303,2019-07-31,2019-07-31 09:31:33,0.89,0.9673,5,0.88,0.9565,282,0.88,0.9565,1,0.885,0.9619,163,1
SPY190802C303,2019-07-31,2019-07-31 09:31:34,0.89,0.9673,5,0.88,0.9565,179,0.88,0.9565,1,0.885,0.9619,163,0
SPY190802C303,2019-07-31,2019-07-31 09:31:34,0.89,0.9673,5,0.88,0.9565,776,0.88,0.9565,1,0.885,0.9619,163,0
SPY190802C303,2019-07-31,2019-07-31 09:31:35,0.9,0.9782,70,0.89,0.9673,5,0.88,0.9565,1,0.895,0.9728,163,0
SPY190802C303,2019-07-31,2019-07-31 09:31:35,0.9,0.9782,100,0.89,0.9673,20,0.88,0.9565,1,0.895,0.9728,163,0
SPY190802C303,2019-07-31,2019-07-31 09:31:36,0.9,0.9782,100,0.89,0.9673,149,0.88,0.9565,1,0.895,0.9728,163,0
SPY190802C303,2019-07-31,2019-07-31 09:31:37,0.9,0.9782,135,0.89,0.9673,427,0.88,0.9565,1,0.895,0.9728,163,0
SPY190802C303,2019-07-31,2019-07-31 09:31:38,0.9,0.9782,135,0.89,0.9673,427,0.88,0.9565,1,0.895,0.9728,163,0
SPY190802C303,2019-07-31,2019-07-31 09:31:39,0.9,0.9782,100,0.89,0.9673,600,0.88,0.9565,1,0.895,0.9728,163,0
SPY190802C303,2019-07-31,2019-07-31 09:31:39,0.9,0.9782,10,0.89,0.9673,489,0.88,0.9565,1,0.895,0.9728,163,0
SPY190802C303,2019-07-31,2019-07-31 09:31:40,0.9,0.9782,100,0.89,0.9673,784,0.88,0.9565,1,0.895,0.9728,163,0
SPY190802C303,2019-07-31,2019-07-31 09:31:41,0.9,0.9782,100,0.89,0.9673,646,0.88,0.9565,1,0.895,0.9728,163,0
SPY190802C303,2019-07-31,2019-07-31 09:31:41,0.9,0.9782,142,0.89,0.9673,646,0.88,0.9565,1,0.895,0.9728,163,0
SPY190802C303,2019-07-31,2019-07-31 09:31:42,0.9,0.9782,158,0.89,0.9673,578,0.88,0.9565,1,0.895,0.9728,163,0
SPY190802C303,2019-07-31,2019-07-31 09:31:43,0.9,0.9782,95,0.89,0.9673,745,0.88,0.9565,1,0.895,0.9728,163,0
SPY190802C303,2019-07-31,2019-07-31 09:31:43,0.9,0.9782,95,0.89,0.9673,434,0.88,0.9565,1,0.895,0.9728,163,0
SPY190802C303,2019-07-31,2019-07-31 09:31:44,0.9,0.9782,95,0.89,0.9673,578,0.88,0.9565,1,0.895,0.9728,163,0
SPY190802C303,2019-07-31,2019-07-31 09:31:45,0.9,0.9782,95,0.89,0.9673,578,0.88,0.9565,1,0.895,0.9728,163,0
SPY190802C303,2019-07-31,2019-07-31 09:31:45,0.9,0.9782,95,0.89,0.9673,434,0.88,0.9565,1,0.895,0.9728,163,0
SPY190802C303,2019-07-31,2019-07-31 09:31:46,0.9,0.9782,163,0.89,0.9673,452,0.88,0.9565,1,0.895,0.9728,163,0
SPY190802C303,2019-07-31,2019-07-31 09:31:46,0.89,0.9673,6,0.88,0.9565,771,0.88,0.9565,1,0.885,0.9619,163,0
SPY190802C303,2019-07-31,2019-07-31 09:31:47,0.89,0.9673,11,0.88,0.9565,1210,0.88,0.9565,1,0.885,0.9619,163,0
SPY190802C303,2019-07-31,2019-07-31 09:31:48,0.89,0.9673,6,0.88,0.9565,736,0.88,0.9565,1,0.885,0.9619,163,0
SPY190802C303,2019-07-31,2019-07-31 09:31:48,0.89,0.9673,6,0.88,0.9565,1292,0.88,0.9565,1,0.885,0.9619,163,0
SPY190802C303,2019-07-31,2019-07-31 09:31:49,0.89,0.9673,11,0.88,0.9565,740,0.88,0.9565,1,0.885,0.9619,163,0
SPY190802C303,2019-07-31,2019-07-31 09:31:49,0.89,0.9673,11,0.88,0.9565,861,0.88,0.9565,1,0.885,0.9619,163,0
SPY190802C303,2019-07-31,2019-07-31 09:31:50,0.89,0.9673,10,0.88,0.9565,950,0.88,0.9565,1,0.885,0.9619,163,0
SPY190802C303,2019-07-31,2019-07-31 09:31:51,0.9,0.9782,163,0.88,0.9565,950,0.88,0.9565,1,0.89,0.9673,163,0
SPY190802C303,2019-07-31,2019-07-31 09:31:52,0.89,0.9673,6,0.88,0.9565,1072,0.88,0.9565,1,0.885,0.9619,163,0
SPY190802C303,2019-07-31,2019-07-31 09:31:52,0.89,0.9673,6,0.88,0.9565,848,0.88,0.9565,1,0.885,0.9619,163,0
SPY190802C303,2019-07-31,2019-07-31 09:31:53,0.89,0.9673,6,0.88,0.9565,740,0.88,0.9565,1,0.885,0.9619,163,0
SPY190802C303,2019-07-31,2019-07-31 09:31:53,0.89,0.9673,10,0.88,0.9565,863,0.88,0.9565,1,0.885,0.9619,163,0
SPY190802C303,2019-07-31,2019-07-31 09:31:54,0.89,0.9673,10,0.88,0.9565,740,0.88,0.9565,1,0.885,0.9619,163,0
SPY190802C303,2019-07-31,2019-07-31 09:31:55,0.89,0.9673,10,0.88,0.9565,740,0.89,0.9673,50,0.885,0.9619,213,50
SPY190802C303,2019-07-31,2019-07-31 09:31:55,0.89,0.9673,6,0.88,0.9565,729,0.89,0.9673,50,0.885,0.9619,213,0
SPY190802C303,2019-07-31,2019-07-31 09:31:56,0.9,0.9782,10,0.89,0.9673,123,0.89,0.9673,50,0.895,0.9728,213,0
SPY190802C303,2019-07-31,2019-07-31 09:31:56,0.9,0.9782,251,0.89,0.9673,5,0.89,0.9673,50,0.895,0.9728,213,0
SPY190802C303,2019-07-31,2019-07-31 09:31:57,0.9,0.9782,10,0.89,0.9673,141,0.89,0.9673,50,0.895,0.9728,213,0
SPY190802C303,2019-07-31,2019-07-31 09:31:57,0.9,0.9782,10,0.89,0.9673,254,0.89,0.9673,50,0.895,0.9728,213,0
SPY190802C303,2019-07-31,2019-07-31 09:31:59,0.9,0.9782,163,0.89,0.9673,80,0.89,0.9673,50,0.895,0.9728,213,0
SPY190802C303,2019-07-31,2019-07-31 09:32:00,0.89,0.9673,6,0.88,0.9565,1010,0.89,0.9673,50,0.885,0.9619,213,0
SPY190802C303,2019-07-31,2019-07-31 09:32:00,0.89,0.9673,10,0.88,0.9565,718,0.89,0.9673,50,0.885,0.9619,213,0
SPY190802C303,2019-07-31,2019-07-31 09:32:01,0.88,0.9565,6,0.87,0.9456,379,0.89,0.9673,50,0.875,0.951,213,0
SPY190802C303,2019-07-31,2019-07-31 09:32:01,0.89,0.9673,74,0.88,0.9565,20,0.89,0.9673,50,0.885,0.9619,213,0
SPY190802C303,2019-07-31,2019-07-31 09:32:02,0.88,0.9565,6,0.87,0.9456,583,0.89,0.9673,50,0.875,0.951,213,0
SPY190802C303,2019-07-31,2019-07-31 09:32:03,0.88,0.9565,100,0.87,0.9456,583,0.89,0.9673,50,0.875,0.951,213,0
SPY190802C303,2019-07-31,2019-07-31 09:32:03,0.88,0.9565,5,0.87,0.9456,623,0.89,0.9673,50,0.875,0.951,213,0
SPY190802C303,2019-07-31,2019-07-31 09:32:04,0.88,0.9565,5,0.87,0.9456,623,0.89,0.9673,50,0.875,0.951,213,0
SPY190802C303,2019-07-31,2019-07-31 09:32:04,0.88,0.9565,5,0.87,0.9456,583,0.89,0.9673,50,0.875,0.951,213,0
SPY190802C303,2019-07-31,2019-07-31 09:32:05,0.88,0.9565,5,0.87,0.9456,583,0.89,0.9673,50,0.875,0.951,213,0
SPY190802C303,2019-07-31,2019-07-31 09:32:06,0.88,0.9565,163,0.87,0.9456,139,0.89,0.9673,50,0.875,0.951,213,0
SPY190802C303,2019-07-31,2019-07-31 09:32:06,0.88,0.9565,6,0.87,0.9456,487,0.89,0.9673,50,0.875,0.951,213,0
SPY190802C303,2019-07-31,2019-07-31 09:32:07,0.88,0.9565,163,0.87,0.9456,106,0.89,0.9673,50,0.875,0.951,213,0
SPY190802C303,2019-07-31,2019-07-31 09:32:07,0.88,0.9565,163,0.87,0.9456,111,0.89,0.9673,50,0.875,0.951,213,0
SPY190802C303,2019-07-31,2019-07-31 09:32:08,0.88,0.9565,11,0.87,0.9456,5,0.89,0.9673,50,0.875,0.951,213,0
SPY190802C303,2019-07-31,2019-07-31 09:32:09,0.87,0.9456,11,0.86,0.9347,698,0.89,0.9673,50,0.865,0.9402,213,0
SPY190802C303,2019-07-31,2019-07-31 09:32:09,0.87,0.9456,11,0.85,0.9239,680,0.89,0.9673,50,0.86,0.9347,213,0
SPY190802C303,2019-07-31,2019-07-31 09:32:10,0.87,0.9456,6,0.85,0.9239,716,0.89,0.9673,50,0.86,0.9347,213,0
SPY190802C303,2019-07-31,2019-07-31 09:32:11,0.87,0.9456,163,0.85,0.9239,788,0.89,0.9673,50,0.86,0.9347,213,0
SPY190802C303,2019-07-31,2019-07-31 09:32:11,0.87,0.9456,6,0.85,0.9239,710,0.89,0.9673,50,0.86,0.9347,213,0
SPY190802C303,2019-07-31,2019-07-31 09:32:12,0.86,0.9347,5,0.85,0.9239,788,0.89,0.9673,50,0.855,0.9293,213,0
SPY190802C303,2019-07-31,2019-07-31 09:32:12,0.86,0.9347,6,0.85,0.9239,788,0.89,0.9673,50,0.855,0.9293,213,0
SPY190802C303,2019-07-31,2019-07-31 09:32:13,0.87,0.9456,457,0.85,0.9239,788,0.89,0.9673,50,0.86,0.9347,213,0
SPY190802C303,2019-07-31,2019-07-31 09:32:14,0.87,0.9456,214,0.86,0.9347,686,0.89,0.9673,50,0.865,0.9402,213,0
SPY190802C303,2019-07-31,2019-07-31 09:32:15,0.87,0.9456,5,0.86,0.9347,736,0.89,0.9673,50,0.865,0.9402,213,0
SPY190802C303,2019-07-31,2019-07-31 09:32:18,0.87,0.9456,100,0.86,0.9347,736,0.89,0.9673,50,0.865,0.9402,213,0
SPY190802C303,2019-07-31,2019-07-31 09:32:19,0.87,0.9456,163,0.86,0.9347,111,0.89,0.9673,50,0.865,0.9402,213,0
SPY190802C303,2019-07-31,2019-07-31 09:32:19,0.87,0.9456,100,0.85,0.9239,769,0.89,0.9673,50,0.86,0.9347,213,0
SPY190802C303,2019-07-31,2019-07-31 09:32:20,0.87,0.9456,163,0.86,0.9347,112,0.89,0.9673,50,0.865,0.9402,213,0
SPY190802C303,2019-07-31,2019-07-31 09:32:20,0.87,0.9456,100,0.85,0.9239,769,0.89,0.9673,50,0.86,0.9347,213,0
SPY190802C303,2019-07-31,2019-07-31 09:32:21,0.87,0.9456,163,0.86,0.9347,117,0.89,0.9673,50,0.865,0.9402,213,0
SPY190802C303,2019-07-31,2019-07-31 09:32:22,0.87,0.9456,163,0.86,0.9347,115,0.89,0.9673,50,0.865,0.9402,213,0
SPY190802C303,2019-07-31,2019-07-31 09:32:23,0.87,0.9456,283,0.86,0.9347,116,0.89,0.9673,50,0.865,0.9402,213,0
SPY190802C303,2019-07-31,2019-07-31 09:32:24,0.87,0.9456,91,0.86,0.9347,6,0.89,0.9673,50,0.865,0.9402,213,0
SPY190802C303,2019-07-31,2019-07-31 09:32:24,0.87,0.9456,163,0.86,0.9347,116,0.89,0.9673,50,0.865,0.9402,213,0
SPY190802C303,2019-07-31,2019-07-31 09:32:25,0.86,0.9347,5,0.85,0.9239,795,0.89,0.9673,50,0.855,0.9293,213,0
SPY190802C303,2019-07-31,2019-07-31 09:32:26,0.87,0.9456,778,0.85,0.9239,632,0.89,0.9673,50,0.86,0.9347,213,0
SPY190802C303,2019-07-31,2019-07-31 09:32:27,0.86,0.9347,5,0.85,0.9239,729,0.89,0.9673,50,0.855,0.9293,213,0
SPY190802C303,2019-07-31,2019-07-31 09:32:28,0.87,0.9456,5,0.86,0.9347,138,0.86,0.9347,1,0.865,0.9402,214,0
SPY190802C303,2019-07-31,2019-07-31 09:32:28,0.87,0.9456,163,0.86,0.9347,186,0.86,0.9347,1,0.865,0.9402,214,1
SPY190802C303,2019-07-31,2019-07-31 09:32:29,0.87,0.9456,347,0.85,0.9239,632,0.86,0.9347,1,0.86,0.9347,214,0
SPY190802C303,2019-07-31,2019-07-31 09:32:29,0.87,0.9456,235,0.85,0.9239,704,0.86,0.9347,1,0.86,0.9347,214,0
SPY190802C303,2019-07-31,2019-07-31 09:32:30,0.87,0.9456,235,0.85,0.9239,632,0.86,0.9347,1,0.86,0.9347,214,0
SPY190802C303,2019-07-31,2019-07-31 09:32:31,0.87,0.9456,347,0.86,0.9347,37,0.86,0.9347,1,0.865,0.9402,214,0
SPY190802C303,2019-07-31,2019-07-31 09:32:31,0.87,0.9456,111,0.86,0.9347,43,0.86,0.9347,1,0.865,0.9402,214,0
SPY190802C303,2019-07-31,2019-07-31 09:32:32,0.87,0.9456,614,0.86,0.9347,38,0.86,0.9347,10,0.865,0.9402,224,0
SPY190802C303,2019-07-31,2019-07-31 09:32:32,0.87,0.9456,751,0.86,0.9347,44,0.86,0.9347,10,0.865,0.9402,224,10
SPY190802C303,2019-07-31,2019-07-31 09:32:33,0.86,0.9347,5,0.85,0.9239,121,0.86,0.9347,10,0.855,0.9293,224,0
SPY190802C303,2019-07-31,2019-07-31 09:32:34,0.86,0.9347,812,0.85,0.9239,39,0.86,0.9347,10,0.855,0.9293,224,0
SPY190802C303,2019-07-31,2019-07-31 09:32:34,0.86,0.9347,875,0.85,0.9239,53,0.86,0.9347,10,0.855,0.9293,224,0
SPY190802C303,2019-07-31,2019-07-31 09:32:35,0.86,0.9347,525,0.85,0.9239,39,0.86,0.9347,10,0.855,0.9293,224,0
SPY190802C303,2019-07-31,2019-07-31 09:32:36,0.86,0.9347,207,0.85,0.9239,38,0.86,0.9347,10,0.855,0.9293,224,0
SPY190802C303,2019-07-31,2019-07-31 09:32:36,0.86,0.9347,414,0.85,0.9239,81,0.86,0.9347,10,0.855,0.9293,224,0
SPY190802C303,2019-07-31,2019-07-31 09:32:37,0.86,0.9347,308,0.85,0.9239,1,0.86,0.9347,10,0.855,0.9293,224,0
SPY190802C303,2019-07-31,2019-07-31 09:32:37,0.86,0.9347,308,0.85,0.9239,49,0.86,0.9347,10,0.855,0.9293,224,0
SPY190802C303,2019-07-31,2019-07-31 09:32:38,0.86,0.9347,205,0.85,0.9239,128,0.86,0.9347,10,0.855,0.9293,224,0
SPY190802C303,2019-07-31,2019-07-31 09:32:39,0.86,0.9347,377,0.85,0.9239,26,0.86,0.9347,10,0.855,0.9293,224,0
SPY190802C303,2019-07-31,2019-07-31 09:32:39,0.86,0.9347,163,0.85,0.9239,1,0.86,0.9347,10,0.855,0.9293,224,0
SPY190802C303,2019-07-31,2019-07-31 09:32:40,0.86,0.9347,304,0.85,0.9239,6,0.86,0.9347,10,0.855,0.9293,224,0
SPY190802C303,2019-07-31,2019-07-31 09:32:41,0.87,0.9456,189,0.85,0.9239,800,0.86,0.9347,10,0.86,0.9347,224,0
SPY190802C303,2019-07-31,2019-07-31 09:32:41,0.86,0.9347,7,0.85,0.9239,1217,0.86,0.9347,10,0.855,0.9293,224,0
SPY190802C303,2019-07-31,2019-07-31 09:32:42,0.86,0.9347,7,0.85,0.9239,1217,0.86,0.9347,10,0.855,0.9293,224,0
SPY190802C303,2019-07-31,2019-07-31 09:32:42,0.86,0.9347,7,0.85,0.9239,6,0.86,0.9347,10,0.855,0.9293,224,0
SPY190802C303,2019-07-31,2019-07-31 09:32:43,0.86,0.9347,7,0.85,0.9239,138,0.86,0.9347,10,0.855,0.9293,224,0
SPY190802C303,2019-07-31,2019-07-31 09:32:45,0.86,0.9347,165,0.85,0.9239,61,0.86,0.9347,10,0.855,0.9293,224,0
SPY190802C303,2019-07-31,2019-07-31 09:32:46,0.86,0.9347,165,0.85,0.9239,139,0.86,0.9347,10,0.855,0.9293,224,0
SPY190802C303,2019-07-31,2019-07-31 09:32:47,0.86,0.9347,7,0.85,0.9239,115,0.86,0.9347,10,0.855,0.9293,224,0
SPY190802C303,2019-07-31,2019-07-31 09:32:48,0.86,0.9347,100,0.85,0.9239,134,0.86,0.9347,10,0.855,0.9293,224,0
SPY190802C303,2019-07-31,2019-07-31 09:32:48,0.86,0.9347,165,0.85,0.9239,139,0.86,0.9347,10,0.855,0.9293,224,0
SPY190802C303,2019-07-31,2019-07-31 09:32:49,0.86,0.9347,42,0.85,0.9239,908,0.86,0.9347,10,0.855,0.9293,224,0
SPY190802C303,2019-07-31,2019-07-31 09:32:50,0.86,0.9347,2,0.85,0.9239,1357,0.86,0.9347,10,0.855,0.9293,224,0
SPY190802C303,2019-07-31,2019-07-31 09:32:50,0.87,0.9456,168,0.86,0.9347,91,0.86,0.9347,2,0.865,0.9402,226,2
SPY190802C303,2019-07-31,2019-07-31 09:32:51,0.87,0.9456,163,0.86,0.9347,103,0.86,0.9347,2,0.865,0.9402,226,0
SPY190802C303,2019-07-31,2019-07-31 09:32:51,0.87,0.9456,163,0.86,0.9347,66,0.86,0.9347,2,0.865,0.9402,226,0
SPY190802C303,2019-07-31,2019-07-31 09:32:52,0.87,0.9456,6,0.86,0.9347,226,0.86,0.9347,2,0.865,0.9402,226,0
SPY190802C303,2019-07-31,2019-07-31 09:32:53,0.87,0.9456,11,0.86,0.9347,1036,0.86,0.9347,2,0.865,0.9402,226,0
SPY190802C303,2019-07-31,2019-07-31 09:32:53,0.88,0.9565,163,0.87,0.9456,6,0.86,0.9347,2,0.875,0.951,226,0
SPY190802C303,2019-07-31,2019-07-31 09:32:54,0.88,0.9565,100,0.87,0.9456,901,0.86,0.9347,2,0.875,0.951,226,0
SPY190802C303,2019-07-31,2019-07-31 09:32:54,0.88,0.9565,100,0.87,0.9456,112,0.86,0.9347,2,0.875,0.951,226,0
SPY190802C303,2019-07-31,2019-07-31 09:32:55,0.89,0.9673,346,0.87,0.9456,901,0.86,0.9347,2,0.88,0.9565,226,0
SPY190802C303,2019-07-31,2019-07-31 09:32:56,0.89,0.9673,346,0.88,0.9565,5,0.86,0.9347,2,0.885,0.9619,226,0
SPY190802C303,2019-07-31,2019-07-31 09:32:57,0.89,0.9673,270,0.88,0.9565,60,0.86,0.9347,2,0.885,0.9619,226,0
SPY190802C303,2019-07-31,2019-07-31 09:32:57,0.89,0.9673,381,0.88,0.9565,91,0.86,0.9347,2,0.885,0.9619,226,0
SPY190802C303,2019-07-31,2019-07-31 09:32:58,0.89,0.9673,163,0.88,0.9565,360,0.86,0.9347,2,0.885,0.9619,226,0
SPY190802C303,2019-07-31,2019-07-31 09:32:58,0.89,0.9673,269,0.88,0.9565,91,0.86,0.9347,2,0.885,0.9619,226,0
SPY190802C303,2019-07-31,2019-07-31 09:32:59,0.9,0.9782,56,0.88,0.9565,826,0.86,0.9347,2,0.89,0.9673,226,0
SPY190802C303,2019-07-31,2019-07-31 09:32:59,0.89,0.9673,163,0.88,0.9565,509,0.86,0.9347,2,0.885,0.9619,226,0
SPY190802C303,2019-07-31,2019-07-31 09:33:00,0.9,0.9782,192,0.88,0.9565,1048,0.86,0.9347,2,0.89,0.9673,226,0
SPY190802C303,2019-07-31,2019-07-31 09:33:01,0.9,0.9782,192,0.88,0.9565,998,0.86,0.9347,2,0.89,0.9673,226,0
SPY190802C303,2019-07-31,2019-07-31 09:33:02,0.9,0.9782,192,0.89,0.9673,84,0.86,0.9347,2,0.895,0.9728,226,0
SPY190802C303,2019-07-31,2019-07-31 09:33:03,0.9,0.9782,192,0.89,0.9673,84,0.86,0.9347,2,0.895,0.9728,226,0
SPY190802C303,2019-07-31,2019-07-31 09:33:04,0.9,0.9782,311,0.89,0.9673,60,0.86,0.9347,2,0.895,0.9728,226,0
SPY190802C303,2019-07-31,2019-07-31 09:33:04,0.9,0.9782,309,0.89,0.9673,84,0.86,0.9347,2,0.895,0.9728,226,0
SPY190802C303,2019-07-31,2019-07-31 09:33:05,0.9,0.9782,364,0.89,0.9673,84,0.86,0.9347,2,0.895,0.9728,226,0
SPY190802C303,2019-07-31,2019-07-31 09:33:06,0.9,0.9782,364,0.89,0.9673,84,0.86,0.9347,2,0.895,0.9728,226,0
SPY190802C303,2019-07-31,2019-07-31 09:33:07,0.9,0.9782,364,0.89,0.9673,84,0.86,0.9347,2,0.895,0.9728,226,0
SPY190802C303,2019-07-31,2019-07-31 09:33:08,0.89,0.9673,35,0.88,0.9565,489,0.86,0.9347,2,0.885,0.9619,226,0
SPY190802C303,2019-07-31,2019-07-31 09:33:08,0.89,0.9673,198,0.88,0.9565,599,0.86,0.9347,2,0.885,0.9619,226,0
SPY190802C303,2019-07-31,2019-07-31 09:33:09,0.89,0.9673,268,0.88,0.9565,83,0.86,0.9347,2,0.885,0.9619,226,0
SPY190802C303,2019-07-31,2019-07-31 09:33:09,0.89,0.9673,198,0.88,0.9565,452,0.86,0.9347,2,0.885,0.9619,226,0
SPY190802C303,2019-07-31,2019-07-31 09:33:10,0.89,0.9673,326,0.88,0.9565,105,0.86,0.9347,2,0.885,0.9619,226,0
SPY190802C303,2019-07-31,2019-07-31 09:33:11,0.89,0.9673,392,0.87,0.9456,932,0.86,0.9347,2,0.88,0.9565,226,0
SPY190802C303,2019-07-31,2019-07-31 09:33:11,0.89,0.9673,245,0.87,0.9456,829,0.86,0.9347,2,0.88,0.9565,226,0
SPY190802C303,2019-07-31,2019-07-31 09:33:12,0.88,0.9565,83,0.87,0.9456,235,0.86,0.9347,2,0.875,0.951,226,0
SPY190802C303,2019-07-31,2019-07-31 09:33:12,0.88,0.9565,112,0.87,0.9456,761,0.86,0.9347,2,0.875,0.951,226,0
SPY190802C303,2019-07-31,2019-07-31 09:33:13,0.88,0.9565,99,0.87,0.9456,162,0.86,0.9347,2,0.875,0.951,226,0
SPY190802C303,2019-07-31,2019-07-31 09:33:14,0.88,0.9565,99,0.87,0.9456,162,0.86,0.9347,2,0.875,0.951,226,0
SPY190802C303,2019-07-31,2019-07-31 09:33:15,0.88,0.9565,101,0.87,0.9456,877,0.86,0.9347,2,0.875,0.951,226,0
SPY190802C303,2019-07-31,2019-07-31 09:33:16,0.88,0.9565,101,0.87,0.9456,1046,0.86,0.9347,2,0.875,0.951,226,0
SPY190802C303,2019-07-31,2019-07-31 09:33:17,0.88,0.9565,5,0.87,0.9456,1148,0.86,0.9347,2,0.875,0.951,226,0
SPY190802C303,2019-07-31,2019-07-31 09:33:18,0.88,0.9565,5,0.88,0.9565,114,0.86,0.9347,2,0.88,0.9565,226,0
SPY190802C303,2019-07-31,2019-07-31 09:33:18,0.88,0.9565,5,0.88,0.9565,80,0.86,0.9347,2,0.88,0.9565,226,0
SPY190802C303,2019-07-31,2019-07-31 09:33:19,0.89,0.9673,202,0.88,0.9565,341,0.86,0.9347,2,0.885,0.9619,226,0
SPY190802C303,2019-07-31,2019-07-31 09:33:19,0.89,0.9673,202,0.88,0.9565,176,0.86,0.9347,2,0.885,0.9619,226,0
SPY190802C303,2019-07-31,2019-07-31 09:33:20,0.89,0.9673,202,0.88,0.9565,600,0.86,0.9347,2,0.885,0.9619,226,0
SPY190802C303,2019-07-31,2019-07-31 09:33:20,0.89,0.9673,90,0.88,0.9565,600,0.89,0.9673,1,0.885,0.9619,227,1
SPY190802C303,2019-07-31,2019-07-31 09:33:21,0.91,0.9891,5,0.89,0.9673,526,0.89,0.9673,1,0.9,0.9782,227,0
SPY190802C303,2019-07-31,2019-07-31 09:33:22,0.91,0.9891,163,0.9,0.9782,100,0.89,0.9673,1,0.905,0.9836,227,0
SPY190802C303,2019-07-31,2019-07-31 09:33:22,0.91,0.9891,185,0.9,0.9782,72,0.89,0.9673,1,0.905,0.9836,227,0
SPY190802C303,2019-07-31,2019-07-31 09:33:23,0.91,0.9891,185,0.9,0.9782,60,0.89,0.9673,1,0.905,0.9836,227,0
SPY190802C303,2019-07-31,2019-07-31 09:33:24,0.91,0.9891,185,0.9,0.9782,106,0.89,0.9673,1,0.905,0.9836,227,0
SPY190802C303,2019-07-31,2019-07-31 09:33:24,0.91,0.9891,185,0.9,0.9782,165,0.89,0.9673,1,0.905,0.9836,227,0
SPY190802C303,2019-07-31,2019-07-31 09:33:25,0.91,0.9891,185,0.9,0.9782,165,0.89,0.9673,1,0.905,0.9836,227,0
SPY190802C303,2019-07-31,2019-07-31 09:33:26,0.91,0.9891,185,0.9,0.9782,170,0.89,0.9673,1,0.905,0.9836,227,0
SPY190802C303,2019-07-31,2019-07-31 09:33:26,0.91,0.9891,185,0.9,0.9782,150,0.89,0.9673,1,0.905,0.9836,227,0
SPY190802C303,2019-07-31,2019-07-31 09:33:27,0.91,0.9891,185,0.9,0.9782,90,0.89,0.9673,1,0.905,0.9836,227,0
SPY190802C303,2019-07-31,2019-07-31 09:33:28,0.92,1.0,224,0.91,0.9891,9,0.89,0.9673,1,0.915,0.9945,227,0
SPY190802C303,2019-07-31,2019-07-31 09:33:28,0.92,1.0,370,0.9,0.9782,1343,0.9,0.9782,12,0.91,0.9891,247,20
SPY190802C303,2019-07-31,2019-07-31 09:33:29,0.92,1.0,370,0.9,0.9782,1172,0.9,0.9782,12,0.91,0.9891,247,0
SPY190802C303,2019-07-31,2019-07-31 09:33:29,0.92,1.0,296,0.9,0.9782,1172,0.9,0.9782,12,0.91,0.9891,247,0
SPY190802C303,2019-07-31,2019-07-31 09:33:30,0.92,1.0,163,0.91,0.9891,427,0.9,0.9782,12,0.915,0.9945,247,0
SPY190802C303,2019-07-31,2019-07-31 09:33:30,0.92,1.0,216,0.91,0.9891,78,0.9,0.9782,12,0.915,0.9945,247,0
SPY190802C303,2019-07-31,2019-07-31 09:33:31,0.92,1.0,163,0.91,0.9891,427,0.9,0.9782,12,0.915,0.9945,247,0
SPY190802C303,2019-07-31,2019-07-31 09:33:32,0.92,1.0,163,0.91,0.9891,731,0.9,0.9782,12,0.915,0.9945,247,0
SPY190802C303,2019-07-31,2019-07-31 09:33:32,0.92,1.0,163,0.91,0.9891,398,0.9,0.9782,12,0.915,0.9945,247,0
SPY190802C303,2019-07-31,2019-07-31 09:33:33,0.92,1.0,163,0.91,0.9891,966,0.92,1.0,23,0.915,0.9945,275,28
SPY190802C303,2019-07-31,2019-07-31 09:33:34,0.93,1.0108,201,0.92,1.0,94,0.92,1.0,23,0.925,1.0054,275,0
SPY190802C303,2019-07-31,2019-07-31 09:33:34,0.93,1.0108,201,0.92,1.0,121,0.92,1.0,23,0.925,1.0054,275,0
SPY190802C303,2019-07-31,2019-07-31 09:33:35,0.93,1.0108,201,0.92,1.0,114,0.92,1.0,23,0.925,1.0054,275,0
SPY190802C303,2019-07-31,2019-07-31 09:33:35,0.93,1.0108,201,0.92,1.0,94,0.92,1.0,23,0.925,1.0054,275,0
SPY190802C303,2019-07-31,2019-07-31 09:33:36,0.93,1.0108,163,0.92,1.0,449,0.92,1.0,23,0.925,1.0054,275,0
SPY190802C303,2019-07-31,2019-07-31 09:33:37,0.93,1.0108,195,0.92,1.0,60,0.92,1.0,23,0.925,1.0054,275,0
SPY190802C303,2019-07-31,2019-07-31 09:33:37,0.93,1.0108,158,0.92,1.0,252,0.92,1.0,23,0.925,1.0054,275,0
SPY190802C303,2019-07-31,2019-07-31 09:33:38,0.93,1.0108,195,0.91,0.9891,791,0.92,1.0,23,0.92,1.0,275,0
SPY190802C303,2019-07-31,2019-07-31 09:33:39,0.93,1.0108,195,0.92,1.0,180,0.92,1.0,23,0.925,1.0054,275,0
SPY190802C303,2019-07-31,2019-07-31 09:33:39,0.93,1.0108,195,0.92,1.0,530,0.92,1.0,23,0.925,1.0054,275,0
SPY190802C303,2019-07-31,2019-07-31 09:33:40,0.93,1.0108,181,0.92,1.0,179,0.92,1.0,23,0.925,1.0054,275,0
SPY190802C303,2019-07-31,2019-07-31 09:33:40,0.93,1.0108,158,0.92,1.0,170,0.92,1.0,23,0.925,1.0054,275,0
SPY190802C303,2019-07-31,2019-07-31 09:33:41,0.93,1.0108,181,0.92,1.0,88,0.92,1.0,23,0.925,1.0054,275,0
SPY190802C303,2019-07-31,2019-07-31 09:33:42,0.93,1.0108,241,0.92,1.0,88,0.92,1.0,23,0.925,1.0054,275,0
SPY190802C303,2019-07-31,2019-07-31 09:33:43,0.93,1.0108,241,0.92,1.0,88,0.92,1.0,23,0.925,1.0054,275,0
SPY190802C303,2019-07-31,2019-07-31 09:33:44,0.93,1.0108,218,0.92,1.0,88,0.92,1.0,23,0.925,1.0054,275,0
SPY190802C303,2019-07-31,2019-07-31 09:33:44,0.93,1.0108,241,0.92,1.0,88,0.92,1.0,23,0.925,1.0054,275,0
SPY190802C303,2019-07-31,2019-07-31 09:33:45,0.93,1.0108,793,0.92,1.0,5,0.92,1.0,23,0.925,1.0054,275,0
SPY190802C303,2019-07-31,2019-07-31 09:33:46,0.93,1.0108,945,0.92,1.0,5,0.92,1.0,23,0.925,1.0054,275,0
SPY190802C303,2019-07-31,2019-07-31 09:33:47,0.93,1.0108,1193,0.9,0.9782,865,0.92,1.0,1,0.915,0.9945,280,5
SPY190802C303,2019-07-31,2019-07-31 09:33:48,0.92,1.0,428,0.9,0.9782,1015,0.92,1.0,1,0.91,0.9891,280,0
SPY190802C303,2019-07-31,2019-07-31 09:33:48,0.92,1.0,295,0.9,0.9782,1070,0.92,1.0,1,0.91,0.9891,280,0
SPY190802C303,2019-07-31,2019-07-31 09:33:49,0.92,1.0,288,0.91,0.9891,6,0.92,1.0,2,0.915,0.9945,285,0
SPY190802C303,2019-07-31,2019-07-31 09:33:49,0.92,1.0,288,0.9,0.9782,987,0.92,1.0,2,0.91,0.9891,285,5
SPY190802C303,2019-07-31,2019-07-31 09:33:50,0.92,1.0,288,0.91,0.9891,60,0.92,1.0,2,0.915,0.9945,285,0
SPY190802C303,2019-07-31,2019-07-31 09:33:51,0.92,1.0,237,0.91,0.9891,60,0.92,1.0,2,0.915,0.9945,285,0
SPY190802C303,2019-07-31,2019-07-31 09:33:51,0.92,1.0,237,0.91,0.9891,87,0.92,1.0,2,0.915,0.9945,285,0
SPY190802C303,2019-07-31,2019-07-31 09:33:52,0.93,1.0108,296,0.91,0.9891,250,0.92,1.0,2,0.92,1.0,285,0
SPY190802C303,2019-07-31,2019-07-31 09:33:52,0.92,1.0,237,0.91,0.9891,60,0.92,1.0,2,0.915,0.9945,285,0
SPY190802C303,2019-07-31,2019-07-31 09:33:53,0.93,1.0108,296,0.91,0.9891,618,0.92,1.0,2,0.92,1.0,285,0
SPY190802C303,2019-07-31,2019-07-31 09:33:54,0.93,1.0108,392,0.92,1.0,6,0.92,1.0,2,0.925,1.0054,285,0
SPY190802C303,2019-07-31,2019-07-31 09:33:54,0.93,1.0108,256,0.91,0.9891,225,0.92,1.0,2,0.92,1.0,285,0
SPY190802C303,2019-07-31,2019-07-31 09:33:55,0.93,1.0108,392,0.92,1.0,6,0.92,1.0,2,0.925,1.0054,285,0
SPY190802C303,2019-07-31,2019-07-31 09:33:56,0.93,1.0108,271,0.9,0.9782,1229,0.92,1.0,2,0.915,0.9945,285,0
SPY190802C303,2019-07-31,2019-07-31 09:33:56,0.92,1.0,5,0.91,0.9891,98,0.92,1.0,2,0.915,0.9945,285,0
SPY190802C303,2019-07-31,2019-07-31 09:33:57,0.92,1.0,5,0.91,0.9891,83,0.92,1.0,2,0.915,0.9945,285,0
SPY190802C303,2019-07-31,2019-07-31 09:33:57,0.92,1.0,163,0.91,0.9891,83,0.92,1.0,2,0.915,0.9945,285,0
SPY190802C303,2019-07-31,2019-07-31 09:33:58,0.92,1.0,262,0.9,0.9782,779,0.92,1.0,2,0.91,0.9891,285,0
SPY190802C303,2019-07-31,2019-07-31 09:33:58,0.92,1.0,594,0.9,0.9782,245,0.92,1.0,2,0.91,0.9891,285,0
SPY190802C303,2019-07-31,2019-07-31 09:33:59,0.91,0.9891,101,0.9,0.9782,164,0.92,1.0,2,0.905,0.9836,285,0
SPY190802C303,2019-07-31,2019-07-31 09:34:00,0.9,0.9782,6,0.89,0.9673,237,0.92,1.0,2,0.895,0.9728,285,0
SPY190802C303,2019-07-31,2019-07-31 09:34:00,0.9,0.9782,10,0.89,0.9673,163,0.92,1.0,2,0.895,0.9728,285,0
SPY190802C303,2019-07-31,2019-07-31 09:34:01,0.9,0.9782,100,0.89,0.9673,5,0.92,1.0,2,0.895,0.9728,285,0
SPY190802C303,2019-07-31,2019-07-31 09:34:01,0.89,0.9673,6,0.88,0.9565,479,0.92,1.0,2,0.885,0.9619,285,0
SPY190802C303,2019-07-31,2019-07-31 09:34:02,0.89,0.9673,6,0.88,0.9565,100,0.92,1.0,2,0.885,0.9619,285,0
SPY190802C303,2019-07-31,2019-07-31 09:34:02,0.89,0.9673,6,0.88,0.9565,167,0.92,1.0,2,0.885,0.9619,285,0
SPY190802C303,2019-07-31,2019-07-31 09:34:03,0.89,0.9673,66,0.88,0.9565,32,0.92,1.0,2,0.885,0.9619,285,0
SPY190802C303,2019-07-31,2019-07-31 09:34:04,0.89,0.9673,38,0.88,0.9565,243,0.89,0.9673,5,0.885,0.9619,290,0
SPY190802C303,2019-07-31,2019-07-31 09:34:04,0.89,0.9673,66,0.88,0.9565,32,0.89,0.9673,5,0.885,0.9619,290,5
SPY190802C303,2019-07-31,2019-07-31 09:34:05,0.89,0.9673,161,0.88,0.9565,37,0.89,0.9673,5,0.885,0.9619,290,0
SPY190802C303,2019-07-31,2019-07-31 09:34:05,0.89,0.9673,161,0.88,0.9565,87,0.89,0.9673,5,0.885,0.9619,290,0
SPY190802C303,2019-07-31,2019-07-31 09:34:06,0.89,0.9673,271,0.88,0.9565,38,0.89,0.9673,5,0.885,0.9619,290,0
SPY190802C303,2019-07-31,2019-07-31 09:34:06,0.89,0.9673,161,0.88,0.9565,37,0.89,0.9673,5,0.885,0.9619,290,0
SPY190802C303,2019-07-31,2019-07-31 09:34:07,0.89,0.9673,271,0.88,0.9565,149,0.89,0.9673,5,0.885,0.9619,290,0
SPY190802C303,2019-07-31,2019-07-31 09:34:08,0.89,0.9673,155,0.88,0.9565,6,0.89,0.9673,5,0.885,0.9619,290,0
SPY190802C303,2019-07-31,2019-07-31 09:34:08,0.89,0.9673,144,0.88,0.9565,6,0.89,0.9673,5,0.885,0.9619,290,0
SPY190802C303,2019-07-31,2019-07-31 09:34:09,0.89,0.9673,144,0.88,0.9565,37,0.89,0.9673,5,0.885,0.9619,290,0
SPY190802C303,2019-07-31,2019-07-31 09:34:10,0.89,0.9673,119,0.87,0.9456,287,0.89,0.9673,5,0.88,0.9565,290,0
SPY190802C303,2019-07-31,2019-07-31 09:34:10,0.89,0.9673,197,0.88,0.9565,22,0.89,0.9673,5,0.885,0.9619,290,0
SPY190802C303,2019-07-31,2019-07-31 09:34:11,0.9,0.9782,329,0.89,0.9673,47,0.89,0.9673,1,0.895,0.9728,291,0
SPY190802C303,2019-07-31,2019-07-31 09:34:11,0.89,0.9673,50,0.88,0.9565,763,0.89,0.9673,1,0.885,0.9619,291,1
SPY190802C303,2019-07-31,2019-07-31 09:34:12,0.9,0.9782,299,0.89,0.9673,53,0.89,0.9673,1,0.895,0.9728,291,0
SPY190802C303,2019-07-31,2019-07-31 09:34:13,0.89,0.9673,113,0.88,0.9565,141,0.89,0.9673,1,0.885,0.9619,291,0
SPY190802C303,2019-07-31,2019-07-31 09:34:13,0.9,0.9782,320,0.88,0.9565,717,0.89,0.9673,1,0.89,0.9673,291,0
SPY190802C303,2019-07-31,2019-07-31 09:34:14,0.89,0.9673,138,0.88,0.9565,141,0.89,0.9673,1,0.885,0.9619,291,0
SPY190802C303,2019-07-31,2019-07-31 09:34:15,0.9,0.9782,237,0.89,0.9673,6,0.89,0.9673,1,0.895,0.9728,291,0
SPY190802C303,2019-07-31,2019-07-31 09:34:16,0.9,0.9782,237,0.89,0.9673,26,0.89,0.9673,1,0.895,0.9728,291,0
SPY190802C303,2019-07-31,2019-07-31 09:34:16,0.9,0.9782,305,0.89,0.9673,26,0.89,0.9673,1,0.895,0.9728,291,0
SPY190802C303,2019-07-31,2019-07-31 09:34:17,0.9,0.9782,296,0.89,0.9673,9,0.89,0.9673,1,0.895,0.9728,291,0
SPY190802C303,2019-07-31,2019-07-31 09:34:18,0.9,0.9782,322,0.89,0.9673,6,0.89,0.9673,1,0.895,0.9728,291,0
SPY190802C303,2019-07-31,2019-07-31 09:34:18,0.9,0.9782,237,0.89,0.9673,26,0.89,0.9673,1,0.895,0.9728,291,0
SPY190802C303,2019-07-31,2019-07-31 09:34:19,0.9,0.9782,281,0.89,0.9673,6,0.89,0.9673,1,0.895,0.9728,291,0
SPY190802C303,2019-07-31,2019-07-31 09:34:20,0.9,0.9782,356,0.89,0.9673,26,0.89,0.9673,1,0.895,0.9728,291,0
SPY190802C303,2019-07-31,2019-07-31 09:34:21,0.9,0.9782,237,0.89,0.9673,6,0.89,0.9673,1,0.895,0.9728,291,0
SPY190802C303,2019-07-31,2019-07-31 09:34:22,0.9,0.9782,299,0.88,0.9565,393,0.89,0.9673,1,0.89,0.9673,291,0
SPY190802C303,2019-07-31,2019-07-31 09:34:22,0.9,0.9782,299,0.89,0.9673,26,0.89,0.9673,1,0.895,0.9728,291,0
SPY190802C303,2019-07-31,2019-07-31 09:34:23,0.89,0.9673,5,0.88,0.9565,124,0.89,0.9673,6,0.885,0.9619,297,6
SPY190802C303,2019-07-31,2019-07-31 09:34:24,0.89,0.9673,5,0.88,0.9565,135,0.89,0.9673,6,0.885,0.9619,297,0
SPY190802C303,2019-07-31,2019-07-31 09:34:24,0.89,0.9673,5,0.88,0.9565,114,0.89,0.9673,6,0.885,0.9619,297,0
SPY190802C303,2019-07-31,2019-07-31 09:34:25,0.89,0.9673,51,0.88,0.9565,186,0.89,0.9673,6,0.885,0.9619,297,0
SPY190802C303,2019-07-31,2019-07-31 09:34:25,0.89,0.9673,38,0.88,0.9565,167,0.89,0.9673,6,0.885,0.9619,297,0
SPY190802C303,2019-07-31,2019-07-31 09:34:26,0.89,0.9673,1,0.88,0.9565,529,0.89,0.9673,10,0.885,0.9619,307,10
SPY190802C303,2019-07-31,2019-07-31 09:34:26,0.9,0.9782,473,0.88,0.9565,135,0.89,0.9673,6,0.89,0.9673,297,0
SPY190802C303,2019-07-31,2019-07-31 09:34:27,0.9,0.9782,651,0.88,0.9565,717,0.89,0.9673,10,0.89,0.9673,307,0
SPY190802C303,2019-07-31,2019-07-31 09:34:28,0.9,0.9782,651,0.88,0.9565,686,0.89,0.9673,10,0.89,0.9673,307,0
SPY190802C303,2019-07-31,2019-07-31 09:34:28,0.9,0.9782,651,0.88,0.9565,1081,0.89,0.9673,10,0.89,0.9673,307,0
SPY190802C303,2019-07-31,2019-07-31 09:34:29,0.89,0.9673,138,0.88,0.9565,67,0.89,0.9673,10,0.885,0.9619,307,0
SPY190802C303,2019-07-31,2019-07-31 09:34:29,0.89,0.9673,31,0.88,0.9565,140,0.89,0.9673,10,0.885,0.9619,307,0
SPY190802C303,2019-07-31,2019-07-31 09:34:30,0.89,0.9673,80,0.88,0.9565,87,0.89,0.9673,10,0.885,0.9619,307,0
SPY190802C303,2019-07-31,2019-07-31 09:34:30,0.89,0.9673,82,0.88,0.9565,137,0.89,0.9673,10,0.885,0.9619,307,0
SPY190802C303,2019-07-31,2019-07-31 09:34:31,0.89,0.9673,91,0.88,0.9565,5,0.89,0.9673,10,0.885,0.9619,307,0
SPY190802C303,2019-07-31,2019-07-31 09:34:32,0.89,0.9673,26,0.88,0.9565,32,0.89,0.9673,10,0.885,0.9619,307,0
SPY190802C303,2019-07-31,2019-07-31 09:34:32,0.89,0.9673,208,0.88,0.9565,5,0.89,0.9673,10,0.885,0.9619,307,0
SPY190802C303,2019-07-31,2019-07-31 09:34:33,0.89,0.9673,66,0.88,0.9565,164,0.89,0.9673,10,0.885,0.9619,307,0
SPY190802C303,2019-07-31,2019-07-31 09:34:33,0.89,0.9673,59,0.88,0.9565,5,0.89,0.9673,10,0.885,0.9619,307,0
SPY190802C303,2019-07-31,2019-07-31 09:34:34,0.89,0.9673,1,0.88,0.9565,544,0.89,0.9673,1,0.885,0.9619,308,0
SPY190802C303,2019-07-31,2019-07-31 09:34:34,0.89,0.9673,1,0.88,0.9565,560,0.89,0.9673,1,0.885,0.9619,308,1
SPY190802C303,2019-07-31,2019-07-31 09:34:35,0.9,0.9782,886,0.88,0.9565,544,0.89,0.9673,1,0.89,0.9673,308,0
SPY190802C303,2019-07-31,2019-07-31 09:34:36,0.89,0.9673,78,0.88,0.9565,146,0.89,0.9673,1,0.885,0.9619,308,0
SPY190802C303,2019-07-31,2019-07-31 09:34:36,0.9,0.9782,528,0.88,0.9565,544,0.89,0.9673,1,0.89,0.9673,308,0
SPY190802C303,2019-07-31,2019-07-31 09:34:37,0.89,0.9673,79,0.88,0.9565,6,0.89,0.9673,1,0.885,0.9619,308,0
SPY190802C303,2019-07-31,2019-07-31 09:34:37,0.89,0.9673,81,0.87,0.9456,1095,0.89,0.9673,1,0.88,0.9565,308,0
SPY190802C303,2019-07-31,2019-07-31 09:34:38,0.89,0.9673,79,0.88,0.9565,321,0.89,0.9673,1,0.885,0.9619,308,0
SPY190802C303,2019-07-31,2019-07-31 09:34:39,0.9,0.9782,741,0.88,0.9565,606,0.89,0.9673,1,0.89,0.9673,308,0
SPY190802C303,2019-07-31,2019-07-31 09:34:40,0.89,0.9673,66,0.88,0.9565,46,0.89,0.9673,1,0.885,0.9619,308,0
SPY190802C303,2019-07-31,2019-07-31 09:34:40,0.89,0.9673,138,0.88,0.9565,28,0.89,0.9673,1,0.885,0.9619,308,0
SPY190802C303,2019-07-31,2019-07-31 09:34:41,0.89,0.9673,138,0.88,0.9565,133,0.89,0.9673,1,0.885,0.9619,308,0
SPY190802C303,2019-07-31,2019-07-31 09:34:42,0.89,0.9673,138,0.88,0.9565,133,0.89,0.9673,1,0.885,0.9619,308,0
SPY190802C303,2019-07-31,2019-07-31 09:34:43,0.89,0.9673,138,0.88,0.9565,128,0.89,0.9673,1,0.885,0.9619,308,0
SPY190802C303,2019-07-31,2019-07-31 09:34:43,0.89,0.9673,292,0.88,0.9565,20,0.89,0.9673,1,0.885,0.9619,308,0
SPY190802C303,2019-07-31,2019-07-31 09:34:44,0.89,0.9673,433,0.88,0.9565,20,0.89,0.9673,1,0.885,0.9619,308,0
SPY190802C303,2019-07-31,2019-07-31 09:34:45,0.89,0.9673,138,0.87,0.9456,914,0.89,0.9673,1,0.88,0.9565,308,0
SPY190802C303,2019-07-31,2019-07-31 09:34:45,0.89,0.9673,278,0.88,0.9565,20,0.89,0.9673,1,0.885,0.9619,308,0
SPY190802C303,2019-07-31,2019-07-31 09:34:46,0.89,0.9673,288,0.87,0.9456,830,0.89,0.9673,1,0.88,0.9565,308,0
SPY190802C303,2019-07-31,2019-07-31 09:34:47,0.88,0.9565,10,0.87,0.9456,613,0.89,0.9673,1,0.875,0.951,308,0
SPY190802C303,2019-07-31,2019-07-31 09:34:47,0.89,0.9673,547,0.87,0.9456,928,0.89,0.9673,1,0.88,0.9565,308,0
SPY190802C303,2019-07-31,2019-07-31 09:34:48,0.89,0.9673,233,0.87,0.9456,902,0.89,0.9673,1,0.88,0.9565,308,0
SPY190802C303,2019-07-31,2019-07-31 09:34:48,0.88,0.9565,5,0.87,0.9456,613,0.89,0.9673,1,0.875,0.951,308,0
SPY190802C303,2019-07-31,2019-07-31 09:34:49,0.89,0.9673,313,0.87,0.9456,931,0.89,0.9673,1,0.88,0.9565,308,0
SPY190802C303,2019-07-31,2019-07-31 09:34:49,0.89,0.9673,585,0.87,0.9456,860,0.89,0.9673,1,0.88,0.9565,308,0
SPY190802C303,2019-07-31,2019-07-31 09:34:50,0.89,0.9673,618,0.87,0.9456,1293,0.89,0.9673,1,0.88,0.9565,308,0
SPY190802C303,2019-07-31,2019-07-31 09:34:51,0.89,0.9673,263,0.87,0.9456,820,0.89,0.9673,1,0.88,0.9565,308,0
SPY190802C303,2019-07-31,2019-07-31 09:34:51,0.89,0.9673,201,0.87,0.9456,647,0.89,0.9673,1,0.88,0.9565,308,0
SPY190802C303,2019-07-31,2019-07-31 09:34:52,0.88,0.9565,6,0.87,0.9456,130,0.89,0.9673,1,0.875,0.951,308,0
SPY190802C303,2019-07-31,2019-07-31 09:34:53,0.88,0.9565,6,0.87,0.9456,130,0.89,0.9673,1,0.875,0.951,308,0
SPY190802C303,2019-07-31,2019-07-31 09:34:54,0.88,0.9565,30,0.87,0.9456,452,0.87,0.9456,150,0.875,0.951,458,0
SPY190802C303,2019-07-31,2019-07-31 09:34:54,0.88,0.9565,6,0.87,0.9456,452,0.87,0.9456,150,0.875,0.951,458,150
SPY190802C303,2019-07-31,2019-07-31 09:34:55,0.88,0.9565,30,0.87,0.9456,452,0.87,0.9456,150,0.875,0.951,458,0
SPY190802C303,2019-07-31,2019-07-31 09:34:56,0.88,0.9565,6,0.87,0.9456,547,0.87,0.9456,150,0.875,0.951,458,0
SPY190802C303,2019-07-31,2019-07-31 09:34:56,0.88,0.9565,6,0.87,0.9456,624,0.87,0.9456,150,0.875,0.951,458,0
SPY190802C303,2019-07-31,2019-07-31 09:34:57,0.88,0.9565,93,0.87,0.9456,84,0.87,0.9456,150,0.875,0.951,458,0
SPY190802C303,2019-07-31,2019-07-31 09:34:57,0.88,0.9565,6,0.87,0.9456,224,0.87,0.9456,150,0.875,0.951,458,0
SPY190802C303,2019-07-31,2019-07-31 09:34:58,0.88,0.9565,173,0.87,0.9456,5,0.87,0.9456,150,0.875,0.951,458,0
SPY190802C303,2019-07-31,2019-07-31 09:34:59,0.88,0.9565,42,0.87,0.9456,5,0.87,0.9456,150,0.875,0.951,458,0
SPY190802C303,2019-07-31,2019-07-31 09:34:59,0.9,0.9782,163,0.88,0.9565,6,0.87,0.9456,150,0.89,0.9673,458,0
SPY190802C303,2019-07-31,2019-07-31 09:35:00,0.89,0.9673,38,0.88,0.9565,237,0.87,0.9456,150,0.885,0.9619,458,0
SPY190802C303,2019-07-31,2019-07-31 09:35:00,0.9,0.9782,250,0.88,0.9565,72,0.87,0.9456,150,0.89,0.9673,458,0
SPY190802C303,2019-07-31,2019-07-31 09:35:01,0.9,0.9782,726,0.88,0.9565,546,0.87,0.9456,150,0.89,0.9673,458,0
SPY190802C303,2019-07-31,2019-07-31 09:35:02,0.9,0.9782,302,0.88,0.9565,986,0.87,0.9456,150,0.89,0.9673,458,0
SPY190802C303,2019-07-31,2019-07-31 09:35:02,0.9,0.9782,261,0.89,0.9673,15,0.87,0.9456,150,0.895,0.9728,458,0
SPY190802C303,2019-07-31,2019-07-31 09:35:03,0.9,0.9782,201,0.89,0.9673,98,0.87,0.9456,150,0.895,0.9728,458,0
SPY190802C303,2019-07-31,2019-07-31 09:35:04,0.91,0.9891,300,0.89,0.9673,440,0.87,0.9456,150,0.9,0.9782,458,0
SPY190802C303,2019-07-31,2019-07-31 09:35:04,0.91,0.9891,200,0.89,0.9673,158,0.87,0.9456,150,0.9,0.9782,458,0
SPY190802C303,2019-07-31,2019-07-31 09:35:05,0.91,0.9891,300,0.9,0.9782,6,0.87,0.9456,150,0.905,0.9836,458,0
SPY190802C303,2019-07-31,2019-07-31 09:35:06,0.91,0.9891,366,0.9,0.9782,21,0.87,0.9456,150,0.905,0.9836,458,0
SPY190802C303,2019-07-31,2019-07-31 09:35:06,0.91,0.9891,300,0.9,0.9782,21,0.87,0.9456,150,0.905,0.9836,458,0
SPY190802C303,2019-07-31,2019-07-31 09:35:07,0.91,0.9891,366,0.9,0.9782,26,0.87,0.9456,150,0.905,0.9836,458,0
SPY190802C303,2019-07-31,2019-07-31 09:35:08,0.91,0.9891,284,0.9,0.9782,26,0.87,0.9456,150,0.905,0.9836,458,0
SPY190802C303,2019-07-31,2019-07-31 09:35:08,0.91,0.9891,366,0.9,0.9782,26,0.87,0.9456,150,0.905,0.9836,458,0
SPY190802C303,2019-07-31,2019-07-31 09:35:09,0.9,0.9782,127,0.89,0.9673,54,0.87,0.9456,150,0.895,0.9728,458,0
SPY190802C303,2019-07-31,2019-07-31 09:35:09,0.9,0.9782,127,0.89,0.9673,113,0.87,0.9456,150,0.895,0.9728,458,0
SPY190802C303,2019-07-31,2019-07-31 09:35:10,0.9,0.9782,127,0.89,0.9673,54,0.87,0.9456,150,0.895,0.9728,458,0
SPY190802C303,2019-07-31,2019-07-31 09:35:11,0.9,0.9782,127,0.89,0.9673,91,0.87,0.9456,150,0.895,0.9728,458,0
SPY190802C303,2019-07-31,2019-07-31 09:35:11,0.9,0.9782,127,0.89,0.9673,112,0.87,0.9456,150,0.895,0.9728,458,0
SPY190802C303,2019-07-31,2019-07-31 09:35:12,0.9,0.9782,5,0.89,0.9673,100,0.87,0.9456,150,0.895,0.9728,458,0
SPY190802C303,2019-07-31,2019-07-31 09:35:12,0.9,0.9782,5,0.89,0.9673,116,0.87,0.9456,150,0.895,0.9728,458,0
SPY190802C303,2019-07-31,2019-07-31 09:35:13,0.91,0.9891,1176,0.89,0.9673,116,0.87,0.9456,150,0.9,0.9782,458,0
SPY190802C303,2019-07-31,2019-07-31 09:35:14,0.9,0.9782,251,0.88,0.9565,524,0.87,0.9456,150,0.89,0.9673,458,0
SPY190802C303,2019-07-31,2019-07-31 09:35:14,0.9,0.9782,138,0.89,0.9673,25,0.87,0.9456,150,0.895,0.9728,458,0
SPY190802C303,2019-07-31,2019-07-31 09:35:15,0.9,0.9782,296,0.88,0.9565,524,0.87,0.9456,150,0.89,0.9673,458,0
SPY190802C303,2019-07-31,2019-07-31 09:35:16,0.9,0.9782,778,0.88,0.9565,173,0.87,0.9456,150,0.89,0.9673,458,0
SPY190802C303,2019-07-31,2019-07-31 09:35:16,0.9,0.9782,795,0.88,0.9565,173,0.87,0.9456,150,0.89,0.9673,458,0
SPY190802C303,2019-07-31,2019-07-31 09:35:17,0.89,0.9673,279,0.87,0.9456,777,0.87,0.9456,150,0.88,0.9565,458,0
SPY190802C303,2019-07-31,2019-07-31 09:35:17,0.89,0.9673,239,0.88,0.9565,5,0.87,0.9456,150,0.885,0.9619,458,0
SPY190802C303,2019-07-31,2019-07-31 09:35:18,0.89,0.9673,6,0.88,0.9565,6,0.87,0.9456,150,0.885,0.9619,458,0
SPY190802C303,2019-07-31,2019-07-31 09:35:18,0.9,0.9782,439,0.88,0.9565,28,0.87,0.9456,150,0.89,0.9673,458,0
SPY190802C303,2019-07-31,2019-07-31 09:35:19,0.89,0.9673,152,0.88,0.9565,30,0.87,0.9456,150,0.885,0.9619,458,0
SPY190802C303,2019-07-31,2019-07-31 09:35:20,0.89,0.9673,202,0.88,0.9565,29,0.87,0.9456,150,0.885,0.9619,458,0
SPY190802C303,2019-07-31,2019-07-31 09:35:20,0.89,0.9673,202,0.88,0.9565,30,0.87,0.9456,150,0.885,0.9619,458,0
SPY190802C303,2019-07-31,2019-07-31 09:35:21,0.89,0.9673,608,0.87,0.9456,753,0.87,0.9456,150,0.88,0.9565,458,0
SPY190802C303,2019-07-31,2019-07-31 09:35:21,0.89,0.9673,516,0.87,0.9456,666,0.87,0.9456,150,0.88,0.9565,458,0
SPY190802C303,2019-07-31,2019-07-31 09:35:22,0.89,0.9673,608,0.88,0.9565,6,0.87,0.9456,150,0.885,0.9619,458,0
SPY190802C303,2019-07-31,2019-07-31 09:35:23,0.89,0.9673,545,0.88,0.9565,21,0.87,0.9456,150,0.885,0.9619,458,0
SPY190802C303,2019-07-31,2019-07-31 09:35:23,0.89,0.9673,545,0.88,0.9565,26,0.87,0.9456,150,0.885,0.9619,458,0
SPY190802C303,2019-07-31,2019-07-31 09:35:24,0.89,0.9673,545,0.88,0.9565,21,0.87,0.9456,150,0.885,0.9619,458,0
SPY190802C303,2019-07-31,2019-07-31 09:35:25,0.89,0.9673,527,0.88,0.9565,28,0.87,0.9456,150,0.885,0.9619,458,0
SPY190802C303,2019-07-31,2019-07-31 09:35:25,0.89,0.9673,545,0.88,0.9565,28,0.87,0.9456,150,0.885,0.9619,458,0
SPY190802C303,2019-07-31,2019-07-31 09:35:26,0.89,0.9673,188,0.87,0.9456,6,0.87,0.9456,150,0.88,0.9565,458,0
SPY190802C303,2019-07-31,2019-07-31 09:35:27,0.88,0.9565,225,0.87,0.9456,28,0.87,0.9456,150,0.875,0.951,458,0
SPY190802C303,2019-07-31,2019-07-31 09:35:27,0.88,0.9565,225,0.87,0.9456,362,0.87,0.9456,150,0.875,0.951,458,0
SPY190802C303,2019-07-31,2019-07-31 09:35:28,0.89,0.9673,594,0.87,0.9456,799,0.87,0.9456,150,0.88,0.9565,458,0
SPY190802C303,2019-07-31,2019-07-31 09:35:29,0.89,0.9673,261,0.88,0.9565,112,0.87,0.9456,150,0.885,0.9619,458,0
SPY190802C303,2019-07-31,2019-07-31 09:35:30,0.9,0.9782,459,0.89,0.9673,6,0.87,0.9456,150,0.895,0.9728,458,0
SPY190802C303,2019-07-31,2019-07-31 09:35:30,0.89,0.9673,36,0.88,0.9565,112,0.87,0.9456,150,0.885,0.9619,458,0
SPY190802C303,2019-07-31,2019-07-31 09:35:31,0.9,0.9782,301,0.89,0.9673,11,0.87,0.9456,150,0.895,0.9728,458,0
SPY190802C303,2019-07-31,2019-07-31 09:35:31,0.9,0.9782,433,0.89,0.9673,8,0.87,0.9456,150,0.895,0.9728,458,0
SPY190802C303,2019-07-31,2019-07-31 09:35:32,0.9,0.9782,158,0.89,0.9673,13,0.87,0.9456,150,0.895,0.9728,458,0
SPY190802C303,2019-07-31,2019-07-31 09:35:32,0.9,0.9782,38,0.89,0.9673,547,0.87,0.9456,150,0.895,0.9728,458,0
SPY190802C303,2019-07-31,2019-07-31 09:35:33,0.9,0.9782,38,0.89,0.9673,270,0.87,0.9456,150,0.895,0.9728,458,0
SPY190802C303,2019-07-31,2019-07-31 09:35:34,0.9,0.9782,169,0.89,0.9673,2,0.87,0.9456,150,0.895,0.9728,458,0
SPY190802C303,2019-07-31,2019-07-31 09:35:35,0.9,0.9782,528,0.88,0.9565,778,0.9,0.9782,2,0.89,0.9673,460,2
SPY190802C303,2019-07-31,2019-07-31 09:35:35,0.9,0.9782,621,0.89,0.9673,20,0.87,0.9456,150,0.895,0.9728,458,0
SPY190802C303,2019-07-31,2019-07-31 09:35:36,0.9,0.9782,611,0.88,0.9565,1145,0.9,0.9782,2,0.89,0.9673,460,0
SPY190802C303,2019-07-31,2019-07-31 09:35:37,0.9,0.9782,365,0.89,0.9673,22,0.9,0.9782,2,0.895,0.9728,460,0
SPY190802C303,2019-07-31,2019-07-31 09:35:38,0.9,0.9782,319,0.88,0.9565,666,0.9,0.9782,2,0.89,0.9673,460,0
SPY190802C303,2019-07-31,2019-07-31 09:35:38,0.9,0.9782,518,0.89,0.9673,20,0.9,0.9782,2,0.895,0.9728,460,0
SPY190802C303,2019-07-31,2019-07-31 09:35:39,0.89,0.9673,6,0.88,0.9565,2,0.9,0.9782,2,0.885,0.9619,460,0
SPY190802C303,2019-07-31,2019-07-31 09:35:39,0.89,0.9673,183,0.88,0.9565,21,0.9,0.9782,2,0.885,0.9619,460,0
SPY190802C303,2019-07-31,2019-07-31 09:35:41,0.89,0.9673,581,0.87,0.9456,1148,0.9,0.9782,2,0.88,0.9565,460,0
SPY190802C303,2019-07-31,2019-07-31 09:35:41,0.89,0.9673,541,0.87,0.9456,831,0.9,0.9782,2,0.88,0.9565,460,0
SPY190802C303,2019-07-31,2019-07-31 09:35:42,0.89,0.9673,471,0.88,0.9565,1,0.9,0.9782,2,0.885,0.9619,460,0
SPY190802C303,2019-07-31,2019-07-31 09:35:43,0.89,0.9673,227,0.87,0.9456,835,0.9,0.9782,2,0.88,0.9565,460,0
SPY190802C303,2019-07-31,2019-07-31 09:35:44,0.89,0.9673,323,0.88,0.9565,7,0.9,0.9782,2,0.885,0.9619,460,0
SPY190802C303,2019-07-31,2019-07-31 09:35:44,0.89,0.9673,323,0.88,0.9565,31,0.9,0.9782,2,0.885,0.9619,460,0
SPY190802C303,2019-07-31,2019-07-31 09:35:45,0.89,0.9673,417,0.88,0.9565,7,0.9,0.9782,2,0.885,0.9619,460,0
SPY190802C303,2019-07-31,2019-07-31 09:35:46,0.89,0.9673,91,0.88,0.9565,415,0.9,0.9782,2,0.885,0.9619,460,0
SPY190802C303,2019-07-31,2019-07-31 09:35:46,0.89,0.9673,417,0.88,0.9565,6,0.9,0.9782,2,0.885,0.9619,460,0
SPY190802C303,2019-07-31,2019-07-31 09:35:47,0.9,0.9782,861,0.89,0.9673,1,0.89,0.9673,8,0.895,0.9728,468,8
SPY190802C303,2019-07-31,2019-07-31 09:35:47,0.9,0.9782,62,0.88,0.9565,400,0.9,0.9782,2,0.89,0.9673,460,0
SPY190802C303,2019-07-31,2019-07-31 09:35:48,0.89,0.9673,20,0.88,0.9565,97,0.89,0.9673,8,0.885,0.9619,468,0
SPY190802C303,2019-07-31,2019-07-31 09:35:49,0.89,0.9673,99,0.88,0.9565,137,0.89,0.9673,8,0.885,0.9619,468,0
SPY190802C303,2019-07-31,2019-07-31 09:35:49,0.89,0.9673,99,0.88,0.9565,136,0.89,0.9673,8,0.885,0.9619,468,0
SPY190802C303,2019-07-31,2019-07-31 09:35:50,0.89,0.9673,99,0.88,0.9565,137,0.89,0.9673,8,0.885,0.9619,468,0
SPY190802C303,2019-07-31,2019-07-31 09:35:50,0.89,0.9673,78,0.88,0.9565,46,0.89,0.9673,8,0.885,0.9619,468,0
SPY190802C303,2019-07-31,2019-07-31 09:35:51,0.89,0.9673,78,0.88,0.9565,94,0.89,0.9673,8,0.885,0.9619,468,0
SPY190802C303,2019-07-31,2019-07-31 09:35:52,0.89,0.9673,73,0.88,0.9565,97,0.89,0.9673,8,0.885,0.9619,468,0
SPY190802C303,2019-07-31,2019-07-31 09:35:52,0.89,0.9673,73,0.88,0.9565,76,0.89,0.9673,8,0.885,0.9619,468,0
SPY190802C303,2019-07-31,2019-07-31 09:35:53,0.89,0.9673,55,0.88,0.9565,86,0.89,0.9673,8,0.885,0.9619,468,0
SPY190802C303,2019-07-31,2019-07-31 09:35:54,0.89,0.9673,111,0.88,0.9565,87,0.89,0.9673,8,0.885,0.9619,468,0
SPY190802C303,2019-07-31,2019-07-31 09:35:54,0.9,0.9782,1005,0.88,0.9565,440,0.89,0.9673,8,0.89,0.9673,468,0
SPY190802C303,2019-07-31,2019-07-31 09:35:55,0.9,0.9782,1148,0.88,0.9565,381,0.89,0.9673,8,0.89,0.9673,468,0
SPY190802C303,2019-07-31,2019-07-31 09:35:56,0.9,0.9782,448,0.89,0.9673,6,0.89,0.9673,8,0.895,0.9728,468,0
SPY190802C303,2019-07-31,2019-07-31 09:35:57,0.9,0.9782,514,0.89,0.9673,26,0.89,0.9673,8,0.895,0.9728,468,0
SPY190802C303,2019-07-31,2019-07-31 09:35:57,0.9,0.9782,1239,0.89,0.9673,26,0.89,0.9673,8,0.895,0.9728,468,0
SPY190802C303,2019-07-31,2019-07-31 09:35:58,0.89,0.9673,582,0.88,0.9565,8,0.89,0.9673,2,0.885,0.9619,470,2
SPY190802C303,2019-07-31,2019-07-31 09:35:59,0.89,0.9673,1180,0.87,0.9456,268,0.89,0.9673,2,0.88,0.9565,470,0
SPY190802C303,2019-07-31,2019-07-31 09:35:59,0.89,0.9673,615,0.87,0.9456,624,0.89,0.9673,2,0.88,0.9565,470,0
SPY190802C303,2019-07-31,2019-07-31 09:36:00,0.88,0.9565,5,0.87,0.9456,268,0.89,0.9673,2,0.875,0.951,470,0
SPY190802C303,2019-07-31,2019-07-31 09:36:00,0.88,0.9565,5,0.87,0.9456,66,0.89,0.9673,2,0.875,0.951,470,0
SPY190802C303,2019-07-31,2019-07-31 09:36:01,0.89,0.9673,1082,0.87,0.9456,150,0.89,0.9673,2,0.88,0.9565,470,0
SPY190802C303,2019-07-31,2019-07-31 09:36:02,0.89,0.9673,446,0.88,0.9565,26,0.89,0.9673,2,0.885,0.9619,470,0
SPY190802C303,2019-07-31,2019-07-31 09:36:02,0.89,0.9673,387,0.88,0.9565,22,0.89,0.9673,2,0.885,0.9619,470,0
SPY190802C303,2019-07-31,2019-07-31 09:36:03,0.89,0.9673,505,0.87,0.9456,828,0.89,0.9673,2,0.88,0.9565,470,0
SPY190802C303,2019-07-31,2019-07-31 09:36:04,0.89,0.9673,505,0.88,0.9565,27,0.89,0.9673,2,0.885,0.9619,470,0
SPY190802C303,2019-07-31,2019-07-31 09:36:05,0.89,0.9673,505,0.88,0.9565,40,0.89,0.9673,2,0.885,0.9619,472,2
SPY190802C303,2019-07-31,2019-07-31 09:36:05,0.89,0.9673,376,0.88,0.9565,40,0.89,0.9673,2,0.885,0.9619,472,0
SPY190802C303,2019-07-31,2019-07-31 09:36:06,0.89,0.9673,481,0.88,0.9565,40,0.89,0.9673,2,0.885,0.9619,472,0
SPY190802C303,2019-07-31,2019-07-31 09:36:06,0.89,0.9673,428,0.88,0.9565,67,0.89,0.9673,2,0.885,0.9619,472,0
SPY190802C303,2019-07-31,2019-07-31 09:36:07,0.89,0.9673,347,0.88,0.9565,40,0.89,0.9673,2,0.885,0.9619,472,0
SPY190802C303,2019-07-31,2019-07-31 09:36:08,0.89,0.9673,1037,0.88,0.9565,40,0.89,0.9673,2,0.885,0.9619,472,0
SPY190802C303,2019-07-31,2019-07-31 09:36:09,0.89,0.9673,1545,0.88,0.9565,40,0.89,0.9673,5,0.885,0.9619,482,10
SPY190802C303,2019-07-31,2019-07-31 09:36:09,0.89,0.9673,1166,0.88,0.9565,40,0.89,0.9673,2,0.885,0.9619,472,0
SPY190802C303,2019-07-31,2019-07-31 09:36:10,0.89,0.9673,1652,0.88,0.9565,38,0.88,0.9565,1,0.885,0.9619,484,2
SPY190802C303,2019-07-31,2019-07-31 09:36:11,0.89,0.9673,1652,0.88,0.9565,32,0.88,0.9565,2,0.885,0.9619,492,8
SPY190802C303,2019-07-31,2019-07-31 09:36:11,0.88,0.9565,212,0.87,0.9456,112,0.88,0.9565,1,0.875,0.951,524,32
SPY190802C303,2019-07-31,2019-07-31 09:36:12,0.89,0.9673,1531,0.87,0.9456,181,0.88,0.9565,1,0.88,0.9565,524,0
SPY190802C303,2019-07-31,2019-07-31 09:36:12,0.88,0.9565,70,0.87,0.9456,181,0.88,0.9565,1,0.875,0.951,524,0
SPY190802C303,2019-07-31,2019-07-31 09:36:13,0.88,0.9565,84,0.87,0.9456,181,0.88,0.9565,1,0.875,0.951,524,0
SPY190802C303,2019-07-31,2019-07-31 09:36:14,0.89,0.9673,362,0.87,0.9456,181,0.88,0.9565,1,0.88,0.9565,524,0
SPY190802C303,2019-07-31,2019-07-31 09:36:14,0.89,0.9673,1318,0.87,0.9456,581,0.88,0.9565,1,0.88,0.9565,524,0
SPY190802C303,2019-07-31,2019-07-31 09:36:15,0.89,0.9673,1557,0.87,0.9456,604,0.88,0.9565,1,0.88,0.9565,524,0
SPY190802C303,2019-07-31,2019-07-31 09:36:15,0.89,0.9673,660,0.87,0.9456,480,0.88,0.9565,1,0.88,0.9565,524,0
SPY190802C303,2019-07-31,2019-07-31 09:36:16,0.89,0.9673,971,0.87,0.9456,540,0.88,0.9565,1,0.88,0.9565,524,0
SPY190802C303,2019-07-31,2019-07-31 09:36:16,0.89,0.9673,971,0.88,0.9565,6,0.88,0.9565,1,0.885,0.9619,524,0
SPY190802C303,2019-07-31,2019-07-31 09:36:17,0.89,0.9673,186,0.88,0.9565,8,0.88,0.9565,1,0.885,0.9619,524,0
SPY190802C303,2019-07-31,2019-07-31 09:36:18,0.89,0.9673,275,0.88,0.9565,75,0.88,0.9565,1,0.885,0.9619,524,0
SPY190802C303,2019-07-31,2019-07-31 09:36:18,0.89,0.9673,284,0.88,0.9565,8,0.88,0.9565,1,0.885,0.9619,524,0
SPY190802C303,2019-07-31,2019-07-31 09:36:19,0.89,0.9673,229,0.88,0.9565,104,0.88,0.9565,1,0.885,0.9619,524,0
SPY190802C303,2019-07-31,2019-07-31 09:36:19,0.89,0.9673,185,0.88,0.9565,104,0.88,0.9565,1,0.885,0.9619,524,0
SPY190802C303,2019-07-31,2019-07-31 09:36:20,0.9,0.9782,528,0.89,0.9673,6,0.88,0.9565,1,0.895,0.9728,525,1
SPY190802C303,2019-07-31,2019-07-31 09:36:21,0.9,0.9782,329,0.89,0.9673,67,0.88,0.9565,1,0.895,0.9728,525,0
SPY190802C303,2019-07-31,2019-07-31 09:36:21,0.9,0.9782,258,0.89,0.9673,29,0.88,0.9565,1,0.895,0.9728,525,0
SPY190802C303,2019-07-31,2019-07-31 09:36:22,0.9,0.9782,329,0.89,0.9673,67,0.88,0.9565,1,0.895,0.9728,525,0
SPY190802C303,2019-07-31,2019-07-31 09:36:23,0.9,0.9782,616,0.88,0.9565,881,0.88,0.9565,1,0.89,0.9673,525,0
SPY190802C303,2019-07-31,2019-07-31 09:36:23,0.9,0.9782,616,0.89,0.9673,6,0.88,0.9565,1,0.895,0.9728,525,0
SPY190802C303,2019-07-31,2019-07-31 09:36:24,0.9,0.9782,649,0.88,0.9565,881,0.88,0.9565,1,0.89,0.9673,525,0
SPY190802C303,2019-07-31,2019-07-31 09:36:25,0.9,0.9782,760,0.89,0.9673,20,0.88,0.9565,1,0.895,0.9728,525,0
SPY190802C303,2019-07-31,2019-07-31 09:36:26,0.9,0.9782,808,0.89,0.9673,50,0.88,0.9565,1,0.895,0.9728,525,0
SPY190802C303,2019-07-31,2019-07-31 09:36:26,0.9,0.9782,808,0.88,0.9565,896,0.88,0.9565,1,0.89,0.9673,525,0
SPY190802C303,2019-07-31,2019-07-31 09:36:27,0.9,0.9782,655,0.89,0.9673,5,0.88,0.9565,1,0.895,0.9728,525,0
SPY190802C303,2019-07-31,2019-07-31 09:36:28,0.9,0.9782,655,0.88,0.9565,1312,0.88,0.9565,1,0.89,0.9673,525,0
SPY190802C303,2019-07-31,2019-07-31 09:36:29,0.9,0.9782,554,0.89,0.9673,102,0.88,0.9565,1,0.895,0.9728,525,0
SPY190802C303,2019-07-31,2019-07-31 09:36:29,0.9,0.9782,383,0.88,0.9565,673,0.88,0.9565,1,0.89,0.9673,525,0
SPY190802C303,2019-07-31,2019-07-31 09:36:30,0.9,0.9782,383,0.89,0.9673,59,0.88,0.9565,1,0.895,0.9728,525,0
SPY190802C303,2019-07-31,2019-07-31 09:36:30,0.9,0.9782,638,0.89,0.9673,40,0.88,0.9565,1,0.895,0.9728,525,0
SPY190802C303,2019-07-31,2019-07-31 09:36:31,0.9,0.9782,669,0.89,0.9673,1,0.88,0.9565,1,0.895,0.9728,525,0
SPY190802C303,2019-07-31,2019-07-31 09:36:31,0.9,0.9782,669,0.89,0.9673,63,0.88,0.9565,1,0.895,0.9728,525,0
SPY190802C303,2019-07-31,2019-07-31 09:36:32,0.9,0.9782,735,0.89,0.9673,1,0.88,0.9565,1,0.895,0.9728,525,0
SPY190802C303,2019-07-31,2019-07-31 09:36:33,0.9,0.9782,417,0.89,0.9673,26,0.88,0.9565,1,0.895,0.9728,525,0
SPY190802C303,2019-07-31,2019-07-31 09:36:33,0.9,0.9782,417,0.89,0.9673,42,0.88,0.9565,1,0.895,0.9728,525,0
SPY190802C303,2019-07-31,2019-07-31 09:36:34,0.9,0.9782,728,0.89,0.9673,1,0.88,0.9565,1,0.895,0.9728,525,0
SPY190802C303,2019-07-31,2019-07-31 09:36:34,0.9,0.9782,417,0.89,0.9673,72,0.88,0.9565,1,0.895,0.9728,525,0
SPY190802C303,2019-07-31,2019-07-31 09:36:35,0.9,0.9782,649,0.89,0.9673,70,0.88,0.9565,1,0.895,0.9728,525,0
SPY190802C303,2019-07-31,2019-07-31 09:36:36,0.9,0.9782,649,0.89,0.9673,28,0.88,0.9565,1,0.895,0.9728,525,0
SPY190802C303,2019-07-31,2019-07-31 09:36:37,0.9,0.9782,618,0.88,0.9565,798,0.88,0.9565,1,0.89,0.9673,525,0
SPY190802C303,2019-07-31,2019-07-31 09:36:37,0.9,0.9782,1114,0.89,0.9673,28,0.88,0.9565,1,0.895,0.9728,525,0
SPY190802C303,2019-07-31,2019-07-31 09:36:38,0.9,0.9782,556,0.89,0.9673,20,0.88,0.9565,1,0.895,0.9728,525,0
SPY190802C303,2019-07-31,2019-07-31 09:36:39,0.89,0.9673,10,0.89,0.9673,54,0.88,0.9565,1,0.89,0.9673,525,0
SPY190802C303,2019-07-31,2019-07-31 09:36:39,0.9,0.9782,556,0.89,0.9673,56,0.88,0.9565,1,0.895,0.9728,525,0
SPY190802C303,2019-07-31,2019-07-31 09:36:40,0.89,0.9673,115,0.88,0.9565,226,0.88,0.9565,1,0.885,0.9619,525,0
SPY190802C303,2019-07-31,2019-07-31 09:36:41,0.89,0.9673,115,0.88,0.9565,226,0.88,0.9565,1,0.885,0.9619,525,0
SPY190802C303,2019-07-31,2019-07-31 09:36:42,0.89,0.9673,92,0.88,0.9565,260,0.88,0.9565,1,0.885,0.9619,525,0
SPY190802C303,2019-07-31,2019-07-31 09:36:42,0.89,0.9673,1,0.88,0.9565,758,0.88,0.9565,1,0.885,0.9619,525,0
SPY190802C303,2019-07-31,2019-07-31 09:36:43,0.89,0.9673,27,0.88,0.9565,626,0.88,0.9565,1,0.885,0.9619,525,0
SPY190802C303,2019-07-31,2019-07-31 09:36:44,0.89,0.9673,40,0.88,0.9565,626,0.88,0.9565,1,0.885,0.9619,525,0
SPY190802C303,2019-07-31,2019-07-31 09:36:44,0.89,0.9673,1,0.88,0.9565,586,0.88,0.9565,1,0.885,0.9619,525,0
SPY190802C303,2019-07-31,2019-07-31 09:36:45,0.89,0.9673,12,0.88,0.9565,523,0.88,0.9565,1,0.885,0.9619,527,2
SPY190802C303,2019-07-31,2019-07-31 09:36:46,0.89,0.9673,12,0.88,0.9565,1396,0.88,0.9565,1,0.885,0.9619,527,0
SPY190802C303,2019-07-31,2019-07-31 09:36:46,0.89,0.9673,12,0.88,0.9565,545,0.88,0.9565,1,0.885,0.9619,527,0
SPY190802C303,2019-07-31,2019-07-31 09:36:47,0.89,0.9673,12,0.88,0.9565,1396,0.88,0.9565,1,0.885,0.9619,527,0
SPY190802C303,2019-07-31,2019-07-31 09:36:48,0.89,0.9673,1,0.88,0.9565,1545,0.88,0.9565,1,0.885,0.9619,527,0
SPY190802C303,2019-07-31,2019-07-31 09:36:48,0.89,0.9673,1,0.88,0.9565,1342,0.88,0.9565,1,0.885,0.9619,527,0
SPY190802C303,2019-07-31,2019-07-31 09:36:49,0.89,0.9673,1,0.88,0.9565,1342,0.88,0.9565,1,0.885,0.9619,527,0
SPY190802C303,2019-07-31,2019-07-31 09:36:50,0.89,0.9673,1,0.88,0.9565,1224,0.88,0.9565,1,0.885,0.9619,527,0
SPY190802C303,2019-07-31,2019-07-31 09:36:50,0.89,0.9673,1,0.88,0.9565,1145,0.88,0.9565,1,0.885,0.9619,527,0
SPY190802C303,2019-07-31,2019-07-31 09:36:51,0.89,0.9673,1,0.88,0.9565,1018,0.88,0.9565,1,0.885,0.9619,527,0
SPY190802C303,2019-07-31,2019-07-31 09:36:52,0.89,0.9673,1,0.89,0.9673,1,0.89,0.9673,1,0.89,0.9673,529,2
SPY190802C303,2019-07-31,2019-07-31 09:36:53,0.9,0.9782,694,0.89,0.9673,105,0.89,0.9673,1,0.895,0.9728,529,0
SPY190802C303,2019-07-31,2019-07-31 09:36:53,0.9,0.9782,333,0.89,0.9673,105,0.89,0.9673,1,0.895,0.9728,529,0
SPY190802C303,2019-07-31,2019-07-31 09:36:54,0.9,0.9782,722,0.89,0.9673,105,0.89,0.9673,1,0.895,0.9728,529,0
SPY190802C303,2019-07-31,2019-07-31 09:36:55,0.9,0.9782,722,0.89,0.9673,105,0.9,0.9782,4,0.895,0.9728,533,0
SPY190802C303,2019-07-31,2019-07-31 09:36:55,0.9,0.9782,722,0.89,0.9673,105,0.9,0.9782,4,0.895,0.9728,533,4
SPY190802C303,2019-07-31,2019-07-31 09:36:56,0.9,0.9782,786,0.89,0.9673,105,0.9,0.9782,4,0.895,0.9728,533,0
SPY190802C303,2019-07-31,2019-07-31 09:36:57,0.9,0.9782,800,0.89,0.9673,105,0.9,0.9782,4,0.895,0.9728,533,0
SPY190802C303,2019-07-31,2019-07-31 09:36:57,0.9,0.9782,722,0.89,0.9673,105,0.9,0.9782,4,0.895,0.9728,533,0
SPY190802C303,2019-07-31,2019-07-31 09:36:58,0.9,0.9782,886,0.89,0.9673,26,0.89,0.9673,19,0.895,0.9728,552,19
SPY190802C303,2019-07-31,2019-07-31 09:36:59,0.9,0.9782,706,0.89,0.9673,26,0.89,0.9673,19,0.895,0.9728,552,0
SPY190802C303,2019-07-31,2019-07-31 09:37:00,0.9,0.9782,728,0.89,0.9673,26,0.89,0.9673,19,0.895,0.9728,552,0
SPY190802C303,2019-07-31,2019-07-31 09:37:00,0.9,0.9782,973,0.89,0.9673,26,0.89,0.9673,19,0.895,0.9728,552,0
SPY190802C303,2019-07-31,2019-07-31 09:37:01,0.9,0.9782,280,0.89,0.9673,126,0.89,0.9673,19,0.895,0.9728,552,0
SPY190802C303,2019-07-31,2019-07-31 09:37:02,0.9,0.9782,124,0.89,0.9673,128,0.89,0.9673,19,0.895,0.9728,552,0
SPY190802C303,2019-07-31,2019-07-31 09:37:03,0.9,0.9782,184,0.89,0.9673,111,0.89,0.9673,19,0.895,0.9728,552,0
SPY190802C303,2019-07-31,2019-07-31 09:37:04,0.9,0.9782,215,0.89,0.9673,167,0.89,0.9673,19,0.895,0.9728,552,0
SPY190802C303,2019-07-31,2019-07-31 09:37:04,0.9,0.9782,215,0.89,0.9673,164,0.89,0.9673,19,0.895,0.9728,552,0
SPY190802C303,2019-07-31,2019-07-31 09:37:05,0.9,0.9782,215,0.89,0.9673,182,0.89,0.9673,19,0.895,0.9728,552,0
SPY190802C303,2019-07-31,2019-07-31 09:37:06,0.9,0.9782,326,0.89,0.9673,26,0.89,0.9673,19,0.895,0.9728,552,0
SPY190802C303,2019-07-31,2019-07-31 09:37:06,0.9,0.9782,215,0.89,0.9673,163,0.89,0.9673,19,0.895,0.9728,552,0
SPY190802C303,2019-07-31,2019-07-31 09:37:07,0.9,0.9782,135,0.89,0.9673,26,0.89,0.9673,19,0.895,0.9728,552,0
SPY190802C303,2019-07-31,2019-07-31 09:37:08,0.9,0.9782,381,0.89,0.9673,26,0.9,0.9782,1,0.895,0.9728,553,0
SPY190802C303,2019-07-31,2019-07-31 09:37:08,0.9,0.9782,215,0.89,0.9673,59,0.9,0.9782,1,0.895,0.9728,553,1
SPY190802C303,2019-07-31,2019-07-31 09:37:09,0.9,0.9782,552,0.89,0.9673,26,0.9,0.9782,1,0.895,0.9728,553,0
SPY190802C303,2019-07-31,2019-07-31 09:37:09,0.9,0.9782,539,0.89,0.9673,26,0.9,0.9782,1,0.895,0.9728,553,0
SPY190802C303,2019-07-31,2019-07-31 09:37:10,0.9,0.9782,180,0.89,0.9673,26,0.9,0.9782,1,0.895,0.9728,553,0
SPY190802C303,2019-07-31,2019-07-31 09:37:11,0.9,0.9782,7,0.89,0.9673,189,0.9,0.9782,1,0.895,0.9728,553,0
SPY190802C303,2019-07-31,2019-07-31 09:37:11,0.9,0.9782,102,0.89,0.9673,70,0.9,0.9782,1,0.895,0.9728,553,0
SPY190802C303,2019-07-31,2019-07-31 09:37:12,0.9,0.9782,11,0.89,0.9673,262,0.9,0.9782,1,0.895,0.9728,553,0
SPY190802C303,2019-07-31,2019-07-31 09:37:13,0.9,0.9782,107,0.89,0.9673,761,0.9,0.9782,1,0.895,0.9728,553,0
SPY190802C303,2019-07-31,2019-07-31 09:37:13,0.9,0.9782,107,0.89,0.9673,262,0.9,0.9782,1,0.895,0.9728,553,0
SPY190802C303,2019-07-31,2019-07-31 09:37:14,0.9,0.9782,107,0.89,0.9673,741,0.9,0.9782,1,0.895,0.9728,553,0
SPY190802C303,2019-07-31,2019-07-31 09:37:15,0.9,0.9782,107,0.89,0.9673,741,0.9,0.9782,1,0.895,0.9728,553,0
SPY190802C303,2019-07-31,2019-07-31 09:37:16,0.9,0.9782,119,0.89,0.9673,741,0.9,0.9782,1,0.895,0.9728,553,0
SPY190802C303,2019-07-31,2019-07-31 09:37:17,0.9,0.9782,121,0.89,0.9673,100,0.9,0.9782,1,0.895,0.9728,553,0
SPY190802C303,2019-07-31,2019-07-31 09:37:18,0.9,0.9782,119,0.89,0.9673,69,0.9,0.9782,1,0.895,0.9728,553,0
SPY190802C303,2019-07-31,2019-07-31 09:37:19,0.9,0.9782,177,0.89,0.9673,26,0.9,0.9782,1,0.895,0.9728,553,0
SPY190802C303,2019-07-31,2019-07-31 09:37:20,0.9,0.9782,177,0.89,0.9673,26,0.9,0.9782,1,0.895,0.9728,553,0
SPY190802C303,2019-07-31,2019-07-31 09:37:21,0.9,0.9782,285,0.89,0.9673,26,0.9,0.9782,1,0.895,0.9728,553,0
SPY190802C303,2019-07-31,2019-07-31 09:37:21,0.9,0.9782,258,0.89,0.9673,26,0.9,0.9782,1,0.895,0.9728,553,0
SPY190802C303,2019-07-31,2019-07-31 09:37:22,0.9,0.9782,425,0.89,0.9673,26,0.9,0.9782,1,0.895,0.9728,553,0
SPY190802C303,2019-07-31,2019-07-31 09:37:23,0.9,0.9782,452,0.89,0.9673,73,0.9,0.9782,1,0.895,0.9728,553,0
SPY190802C303,2019-07-31,2019-07-31 09:37:23,0.9,0.9782,411,0.89,0.9673,77,0.9,0.9782,1,0.895,0.9728,553,0
SPY190802C303,2019-07-31,2019-07-31 09:37:24,0.9,0.9782,107,0.89,0.9673,52,0.9,0.9782,1,0.895,0.9728,553,0
SPY190802C303,2019-07-31,2019-07-31 09:37:25,0.9,0.9782,182,0.89,0.9673,119,0.9,0.9782,1,0.895,0.9728,553,0
SPY190802C303,2019-07-31,2019-07-31 09:37:25,0.9,0.9782,182,0.89,0.9673,105,0.9,0.9782,1,0.895,0.9728,553,0
SPY190802C303,2019-07-31,2019-07-31 09:37:26,0.9,0.9782,182,0.89,0.9673,165,0.9,0.9782,1,0.895,0.9728,553,0
SPY190802C303,2019-07-31,2019-07-31 09:37:27,0.9,0.9782,242,0.89,0.9673,162,0.9,0.9782,1,0.895,0.9728,553,0
SPY190802C303,2019-07-31,2019-07-31 09:37:27,0.9,0.9782,242,0.89,0.9673,165,0.9,0.9782,1,0.895,0.9728,553,0
SPY190802C303,2019-07-31,2019-07-31 09:37:28,0.9,0.9782,331,0.89,0.9673,86,0.9,0.9782,1,0.895,0.9728,553,0
SPY190802C303,2019-07-31,2019-07-31 09:37:29,0.9,0.9782,331,0.89,0.9673,26,0.9,0.9782,1,0.895,0.9728,553,0
SPY190802C303,2019-07-31,2019-07-31 09:37:29,0.9,0.9782,242,0.89,0.9673,32,0.9,0.9782,1,0.895,0.9728,553,0
SPY190802C303,2019-07-31,2019-07-31 09:37:30,0.9,0.9782,242,0.89,0.9673,72,0.9,0.9782,1,0.895,0.9728,553,0
SPY190802C303,2019-07-31,2019-07-31 09:37:30,0.9,0.9782,710,0.89,0.9673,26,0.9,0.9782,1,0.895,0.9728,553,0
SPY190802C303,2019-07-31,2019-07-31 09:37:31,0.9,0.9782,1201,0.89,0.9673,26,0.9,0.9782,1,0.895,0.9728,553,0
SPY190802C303,2019-07-31,2019-07-31 09:37:32,0.9,0.9782,1051,0.89,0.9673,26,0.9,0.9782,1,0.895,0.9728,553,0
SPY190802C303,2019-07-31,2019-07-31 09:37:33,0.9,0.9782,838,0.89,0.9673,26,0.9,0.9782,1,0.895,0.9728,553,0
SPY190802C303,2019-07-31,2019-07-31 09:37:34,0.9,0.9782,500,0.89,0.9673,36,0.9,0.9782,1,0.895,0.9728,553,0
SPY190802C303,2019-07-31,2019-07-31 09:37:34,0.9,0.9782,683,0.89,0.9673,36,0.9,0.9782,1,0.895,0.9728,553,0
SPY190802C303,2019-07-31,2019-07-31 09:37:35,0.9,0.9782,100,0.89,0.9673,262,0.9,0.9782,1,0.895,0.9728,553,0
SPY190802C303,2019-07-31,2019-07-31 09:37:36,0.9,0.9782,100,0.89,0.9673,800,0.9,0.9782,1,0.895,0.9728,553,0
SPY190802C303,2019-07-31,2019-07-31 09:37:37,0.9,0.9782,30,0.89,0.9673,420,0.9,0.9782,1,0.895,0.9728,553,0
SPY190802C303,2019-07-31,2019-07-31 09:37:38,0.9,0.9782,752,0.89,0.9673,153,0.9,0.9782,1,0.895,0.9728,553,0
SPY190802C303,2019-07-31,2019-07-31 09:37:38,0.9,0.9782,198,0.89,0.9673,153,0.9,0.9782,1,0.895,0.9728,553,0
SPY190802C303,2019-07-31,2019-07-31 09:37:39,0.9,0.9782,373,0.89,0.9673,153,0.9,0.9782,1,0.895,0.9728,553,0
SPY190802C303,2019-07-31,2019-07-31 09:37:40,0.9,0.9782,148,0.89,0.9673,153,0.9,0.9782,1,0.895,0.9728,553,0
SPY190802C303,2019-07-31,2019-07-31 09:37:41,0.9,0.9782,11,0.89,0.9673,729,0.89,0.9673,3,0.895,0.9728,556,3
SPY190802C303,2019-07-31,2019-07-31 09:37:42,0.9,0.9782,5,0.89,0.9673,429,0.89,0.9673,3,0.895,0.9728,556,0
SPY190802C303,2019-07-31,2019-07-31 09:37:42,0.9,0.9782,5,0.89,0.9673,592,0.89,0.9673,3,0.895,0.9728,556,0
SPY190802C303,2019-07-31,2019-07-31 09:37:43,0.9,0.9782,2,0.89,0.9673,1382,0.89,0.9673,3,0.895,0.9728,556,0
SPY190802C303,2019-07-31,2019-07-31 09:37:44,0.9,0.9782,2,0.89,0.9673,1382,0.89,0.9673,3,0.895,0.9728,556,0
SPY190802C303,2019-07-31,2019-07-31 09:37:45,0.9,0.9782,2,0.89,0.9673,1432,0.9,0.9782,2,0.895,0.9728,558,2
SPY190802C303,2019-07-31,2019-07-31 09:37:46,0.9,0.9782,1,0.89,0.9673,1454,0.9,0.9782,2,0.895,0.9728,558,0
SPY190802C303,2019-07-31,2019-07-31 09:37:46,0.9,0.9782,1,0.89,0.9673,1432,0.9,0.9782,2,0.895,0.9728,558,0
SPY190802C303,2019-07-31,2019-07-31 09:37:47,0.91,0.9891,258,0.9,0.9782,98,0.9,0.9782,1,0.905,0.9836,559,1
SPY190802C303,2019-07-31,2019-07-31 09:37:48,0.91,0.9891,203,0.9,0.9782,116,0.9,0.9782,1,0.905,0.9836,559,0
SPY190802C303,2019-07-31,2019-07-31 09:37:49,0.91,0.9891,203,0.9,0.9782,191,0.9,0.9782,1,0.905,0.9836,559,0
SPY190802C303,2019-07-31,2019-07-31 09:37:49,0.91,0.9891,203,0.9,0.9782,116,0.9,0.9782,1,0.905,0.9836,559,0
SPY190802C303,2019-07-31,2019-07-31 09:37:50,0.91,0.9891,203,0.9,0.9782,512,0.91,0.9891,1,0.905,0.9836,560,1
SPY190802C303,2019-07-31,2019-07-31 09:37:50,0.91,0.9891,203,0.9,0.9782,706,0.91,0.9891,1,0.905,0.9836,560,0
SPY190802C303,2019-07-31,2019-07-31 09:37:51,0.91,0.9891,119,0.9,0.9782,762,0.91,0.9891,1,0.905,0.9836,560,0
SPY190802C303,2019-07-31,2019-07-31 09:37:52,0.91,0.9891,7,0.9,0.9782,1117,0.91,0.9891,1,0.905,0.9836,560,0
SPY190802C303,2019-07-31,2019-07-31 09:37:53,0.91,0.9891,7,0.9,0.9782,957,0.91,0.9891,1,0.905,0.9836,560,0
SPY190802C303,2019-07-31,2019-07-31 09:37:54,0.91,0.9891,200,0.9,0.9782,600,0.91,0.9891,1,0.905,0.9836,560,0
SPY190802C303,2019-07-31,2019-07-31 09:37:55,0.91,0.9891,119,0.9,0.9782,741,0.91,0.9891,1,0.905,0.9836,560,0
SPY190802C303,2019-07-31,2019-07-31 09:37:56,0.91,0.9891,119,0.9,0.9782,741,0.91,0.9891,1,0.905,0.9836,560,0
SPY190802C303,2019-07-31,2019-07-31 09:37:57,0.91,0.9891,119,0.9,0.9782,791,0.91,0.9891,1,0.905,0.9836,560,0
SPY190802C303,2019-07-31,2019-07-31 09:37:58,0.91,0.9891,147,0.9,0.9782,422,0.91,0.9891,1,0.905,0.9836,560,0
SPY190802C303,2019-07-31,2019-07-31 09:37:59,0.91,0.9891,134,0.9,0.9782,422,0.91,0.9891,1,0.905,0.9836,560,0
SPY190802C303,2019-07-31,2019-07-31 09:38:00,0.91,0.9891,30,0.9,0.9782,775,0.91,0.9891,1,0.905,0.9836,560,0
SPY190802C303,2019-07-31,2019-07-31 09:38:01,0.91,0.9891,302,0.9,0.9782,223,0.91,0.9891,1,0.905,0.9836,560,0
SPY190802C303,2019-07-31,2019-07-31 09:38:02,0.91,0.9891,268,0.9,0.9782,227,0.91,0.9891,1,0.905,0.9836,560,0
SPY190802C303,2019-07-31,2019-07-31 09:38:03,0.91,0.9891,140,0.9,0.9782,267,0.91,0.9891,1,0.905,0.9836,560,0
SPY190802C303,2019-07-31,2019-07-31 09:38:03,0.91,0.9891,2,0.9,0.9782,1050,0.91,0.9891,1,0.905,0.9836,560,0
SPY190802C303,2019-07-31,2019-07-31 09:38:04,0.91,0.9891,96,0.9,0.9782,1058,0.91,0.9891,1,0.905,0.9836,560,0
SPY190802C303,2019-07-31,2019-07-31 09:38:05,0.91,0.9891,7,0.9,0.9782,1226,0.91,0.9891,1,0.905,0.9836,560,0
SPY190802C303,2019-07-31,2019-07-31 09:38:06,0.91,0.9891,2,0.9,0.9782,1226,0.91,0.9891,1,0.905,0.9836,560,0
SPY190802C303,2019-07-31,2019-07-31 09:38:07,0.91,0.9891,2,0.9,0.9782,1199,0.91,0.9891,1,0.905,0.9836,560,0
SPY190802C303,2019-07-31,2019-07-31 09:38:08,0.91,0.9891,2,0.9,0.9782,696,0.91,0.9891,1,0.905,0.9836,560,0
SPY190802C303,2019-07-31,2019-07-31 09:38:08,0.91,0.9891,2,0.9,0.9782,1188,0.91,0.9891,1,0.905,0.9836,560,0
SPY190802C303,2019-07-31,2019-07-31 09:38:09,0.91,0.9891,2,0.9,0.9782,696,0.91,0.9891,1,0.905,0.9836,560,0
SPY190802C303,2019-07-31,2019-07-31 09:38:10,0.91,0.9891,2,0.9,0.9782,830,0.91,0.9891,1,0.905,0.9836,560,0
SPY190802C303,2019-07-31,2019-07-31 09:38:10,0.91,0.9891,2,0.9,0.9782,799,0.91,0.9891,1,0.905,0.9836,560,0
SPY190802C303,2019-07-31,2019-07-31 09:38:11,0.91,0.9891,2,0.9,0.9782,799,0.91,0.9891,1,0.905,0.9836,560,0
SPY190802C303,2019-07-31,2019-07-31 09:38:12,0.91,0.9891,2,0.9,0.9782,696,0.91,0.9891,1,0.905,0.9836,560,0
SPY190802C303,2019-07-31,2019-07-31 09:38:12,0.91,0.9891,2,0.9,0.9782,799,0.91,0.9891,1,0.905,0.9836,560,0
SPY190802C303,2019-07-31,2019-07-31 09:38:13,0.92,1.0,186,0.91,0.9891,5,0.91,0.9891,2,0.915,0.9945,562,2
SPY190802C303,2019-07-31,2019-07-31 09:38:14,0.92,1.0,399,0.91,0.9891,50,0.91,0.9891,2,0.915,0.9945,562,0
SPY190802C303,2019-07-31,2019-07-31 09:38:14,0.92,1.0,291,0.91,0.9891,65,0.91,0.9891,2,0.915,0.9945,562,0
SPY190802C303,2019-07-31,2019-07-31 09:38:15,0.92,1.0,291,0.91,0.9891,88,0.91,0.9891,2,0.915,0.9945,562,0
SPY190802C303,2019-07-31,2019-07-31 09:38:16,0.92,1.0,291,0.91,0.9891,110,0.91,0.9891,2,0.915,0.9945,562,0
SPY190802C303,2019-07-31,2019-07-31 09:38:16,0.92,1.0,225,0.91,0.9891,116,0.91,0.9891,2,0.915,0.9945,562,0
SPY190802C303,2019-07-31,2019-07-31 09:38:17,0.92,1.0,201,0.91,0.9891,117,0.91,0.9891,2,0.915,0.9945,562,0
SPY190802C303,2019-07-31,2019-07-31 09:38:18,0.92,1.0,201,0.91,0.9891,133,0.91,0.9891,2,0.915,0.9945,562,0
SPY190802C303,2019-07-31,2019-07-31 09:38:18,0.92,1.0,353,0.91,0.9891,133,0.91,0.9891,2,0.915,0.9945,562,0
SPY190802C303,2019-07-31,2019-07-31 09:38:19,0.92,1.0,201,0.91,0.9891,133,0.91,0.9891,2,0.915,0.9945,562,0
SPY190802C303,2019-07-31,2019-07-31 09:38:19,0.92,1.0,201,0.91,0.9891,73,0.91,0.9891,2,0.915,0.9945,562,0
SPY190802C303,2019-07-31,2019-07-31 09:38:20,0.92,1.0,301,0.91,0.9891,67,0.91,0.9891,2,0.915,0.9945,562,0
SPY190802C303,2019-07-31,2019-07-31 09:38:21,0.92,1.0,301,0.91,0.9891,37,0.91,0.9891,2,0.915,0.9945,562,0
SPY190802C303,2019-07-31,2019-07-31 09:38:22,0.92,1.0,301,0.91,0.9891,687,0.91,0.9891,2,0.915,0.9945,562,0
SPY190802C303,2019-07-31,2019-07-31 09:38:23,0.92,1.0,192,0.91,0.9891,638,0.91,0.9891,2,0.915,0.9945,562,0
SPY190802C303,2019-07-31,2019-07-31 09:38:23,0.92,1.0,192,0.91,0.9891,438,0.91,0.9891,2,0.915,0.9945,562,0
SPY190802C303,2019-07-31,2019-07-31 09:38:24,0.92,1.0,446,0.91,0.9891,743,0.91,0.9891,2,0.915,0.9945,562,0
SPY190802C303,2019-07-31,2019-07-31 09:38:25,0.92,1.0,178,0.91,0.9891,651,0.91,0.9891,2,0.915,0.9945,562,0
SPY190802C303,2019-07-31,2019-07-31 09:38:25,0.92,1.0,335,0.91,0.9891,743,0.91,0.9891,2,0.915,0.9945,562,0
SPY190802C303,2019-07-31,2019-07-31 09:38:26,0.92,1.0,335,0.91,0.9891,778,0.91,0.9891,2,0.915,0.9945,562,0
SPY190802C303,2019-07-31,2019-07-31 09:38:27,0.92,1.0,178,0.91,0.9891,778,0.91,0.9891,2,0.915,0.9945,562,0
SPY190802C303,2019-07-31,2019-07-31 09:38:28,0.92,1.0,178,0.91,0.9891,778,0.91,0.9891,2,0.915,0.9945,562,0
SPY190802C303,2019-07-31,2019-07-31 09:38:29,0.92,1.0,1,0.91,0.9891,778,0.91,0.9891,2,0.915,0.9945,562,0
SPY190802C303,2019-07-31,2019-07-31 09:38:30,0.93,1.0108,502,0.91,0.9891,754,0.91,0.9891,2,0.92,1.0,562,0
SPY190802C303,2019-07-31,2019-07-31 09:38:30,0.93,1.0108,502,0.91,0.9891,801,0.91,0.9891,2,0.92,1.0,562,0
SPY190802C303,2019-07-31,2019-07-31 09:38:31,0.93,1.0108,502,0.91,0.9891,778,0.91,0.9891,2,0.92,1.0,562,0
SPY190802C303,2019-07-31,2019-07-31 09:38:32,0.92,1.0,10,0.91,0.9891,778,0.91,0.9891,2,0.915,0.9945,562,0
SPY190802C303,2019-07-31,2019-07-31 09:38:32,0.93,1.0108,502,0.91,0.9891,672,0.91,0.9891,2,0.92,1.0,562,0
SPY190802C303,2019-07-31,2019-07-31 09:38:33,0.93,1.0108,804,0.91,0.9891,800,0.91,0.9891,2,0.92,1.0,562,0
SPY190802C303,2019-07-31,2019-07-31 09:38:34,0.92,1.0,61,0.91,0.9891,616,0.91,0.9891,2,0.915,0.9945,562,0
SPY190802C303,2019-07-31,2019-07-31 09:38:34,0.92,1.0,61,0.91,0.9891,718,0.91,0.9891,2,0.915,0.9945,562,0
SPY190802C303,2019-07-31,2019-07-31 09:38:35,0.93,1.0108,239,0.92,1.0,20,0.92,1.0,2,0.925,1.0054,564,2
SPY190802C303,2019-07-31,2019-07-31 09:38:36,0.93,1.0108,258,0.92,1.0,154,0.92,1.0,2,0.925,1.0054,564,0
SPY190802C303,2019-07-31,2019-07-31 09:38:37,0.93,1.0108,239,0.92,1.0,154,0.92,1.0,2,0.925,1.0054,564,0
SPY190802C303,2019-07-31,2019-07-31 09:38:38,0.93,1.0108,649,0.92,1.0,20,0.92,1.0,2,0.925,1.0054,564,0
SPY190802C303,2019-07-31,2019-07-31 09:38:39,0.93,1.0108,649,0.92,1.0,20,0.92,1.0,2,0.925,1.0054,564,0
SPY190802C303,2019-07-31,2019-07-31 09:38:39,0.92,1.0,6,0.91,0.9891,799,0.92,1.0,2,0.915,0.9945,564,0
SPY190802C303,2019-07-31,2019-07-31 09:38:40,0.93,1.0108,803,0.91,0.9891,799,0.92,1.0,2,0.92,1.0,564,0
SPY190802C303,2019-07-31,2019-07-31 09:38:41,0.93,1.0108,803,0.91,0.9891,790,0.92,1.0,2,0.92,1.0,564,0
SPY190802C303,2019-07-31,2019-07-31 09:38:42,0.92,1.0,168,0.91,0.9891,684,0.92,1.0,2,0.915,0.9945,564,0
SPY190802C303,2019-07-31,2019-07-31 09:38:43,0.92,1.0,5,0.91,0.9891,791,0.92,1.0,2,0.915,0.9945,564,0
SPY190802C303,2019-07-31,2019-07-31 09:38:44,0.92,1.0,137,0.91,0.9891,231,0.92,1.0,2,0.915,0.9945,564,0
SPY190802C303,2019-07-31,2019-07-31 09:38:44,0.92,1.0,137,0.91,0.9891,298,0.92,1.0,2,0.915,0.9945,564,0
SPY190802C303,2019-07-31,2019-07-31 09:38:45,0.92,1.0,134,0.91,0.9891,591,0.92,1.0,2,0.915,0.9945,564,0
SPY190802C303,2019-07-31,2019-07-31 09:38:46,0.92,1.0,353,0.91,0.9891,591,0.92,1.0,2,0.915,0.9945,564,0
SPY190802C303,2019-07-31,2019-07-31 09:38:47,0.92,1.0,465,0.91,0.9891,104,0.92,1.0,2,0.915,0.9945,564,0
SPY190802C303,2019-07-31,2019-07-31 09:38:48,0.92,1.0,399,0.91,0.9891,193,0.92,1.0,2,0.915,0.9945,564,0
SPY190802C303,2019-07-31,2019-07-31 09:38:49,0.92,1.0,662,0.91,0.9891,97,0.92,1.0,2,0.915,0.9945,564,0
SPY190802C303,2019-07-31,2019-07-31 09:38:49,0.92,1.0,662,0.9,0.9782,1342,0.92,1.0,2,0.91,0.9891,564,0
SPY190802C303,2019-07-31,2019-07-31 09:38:50,0.92,1.0,400,0.91,0.9891,103,0.92,1.0,2,0.915,0.9945,564,0
SPY190802C303,2019-07-31,2019-07-31 09:38:51,0.92,1.0,565,0.9,0.9782,1367,0.92,1.0,2,0.91,0.9891,564,0
SPY190802C303,2019-07-31,2019-07-31 09:38:51,0.92,1.0,400,0.91,0.9891,92,0.92,1.0,2,0.915,0.9945,564,0
SPY190802C303,2019-07-31,2019-07-31 09:38:52,0.92,1.0,520,0.91,0.9891,20,0.92,1.0,2,0.915,0.9945,564,0
SPY190802C303,2019-07-31,2019-07-31 09:38:53,0.91,0.9891,201,0.9,0.9782,227,0.92,1.0,2,0.905,0.9836,564,0
SPY190802C303,2019-07-31,2019-07-31 09:38:54,0.91,0.9891,201,0.9,0.9782,227,0.92,1.0,2,0.905,0.9836,564,0
SPY190802C303,2019-07-31,2019-07-31 09:38:54,0.91,0.9891,119,0.9,0.9782,382,0.92,1.0,2,0.905,0.9836,564,0
SPY190802C303,2019-07-31,2019-07-31 09:38:55,0.91,0.9891,459,0.9,0.9782,227,0.92,1.0,2,0.905,0.9836,564,0
SPY190802C303,2019-07-31,2019-07-31 09:38:56,0.91,0.9891,459,0.9,0.9782,227,0.92,1.0,2,0.905,0.9836,564,0
SPY190802C303,2019-07-31,2019-07-31 09:38:57,0.91,0.9891,459,0.9,0.9782,227,0.92,1.0,2,0.905,0.9836,564,0
SPY190802C303,2019-07-31,2019-07-31 09:38:57,0.91,0.9891,260,0.9,0.9782,85,0.92,1.0,2,0.905,0.9836,564,0
SPY190802C303,2019-07-31,2019-07-31 09:38:58,0.91,0.9891,983,0.89,0.9673,417,0.92,1.0,2,0.9,0.9782,564,0
SPY190802C303,2019-07-31,2019-07-31 09:38:59,0.9,0.9782,5,0.89,0.9673,326,0.92,1.0,2,0.895,0.9728,564,0
SPY190802C303,2019-07-31,2019-07-31 09:39:00,0.9,0.9782,163,0.89,0.9673,257,0.92,1.0,2,0.895,0.9728,564,0
SPY190802C303,2019-07-31,2019-07-31 09:39:01,0.9,0.9782,223,0.89,0.9673,257,0.92,1.0,2,0.895,0.9728,564,0
SPY190802C303,2019-07-31,2019-07-31 09:39:02,0.9,0.9782,248,0.89,0.9673,171,0.92,1.0,2,0.895,0.9728,564,0
SPY190802C303,2019-07-31,2019-07-31 09:39:02,0.9,0.9782,266,0.89,0.9673,171,0.92,1.0,2,0.895,0.9728,564,0
SPY190802C303,2019-07-31,2019-07-31 09:39:03,0.9,0.9782,606,0.89,0.9673,111,0.92,1.0,2,0.895,0.9728,564,0
SPY190802C303,2019-07-31,2019-07-31 09:39:04,0.9,0.9782,606,0.89,0.9673,171,0.92,1.0,2,0.895,0.9728,564,0
SPY190802C303,2019-07-31,2019-07-31 09:39:05,0.9,0.9782,300,0.89,0.9673,446,0.92,1.0,2,0.895,0.9728,564,0
SPY190802C303,2019-07-31,2019-07-31 09:39:06,0.9,0.9782,188,0.89,0.9673,364,0.92,1.0,2,0.895,0.9728,564,0
SPY190802C303,2019-07-31,2019-07-31 09:39:06,0.9,0.9782,248,0.89,0.9673,173,0.92,1.0,2,0.895,0.9728,564,0
SPY190802C303,2019-07-31,2019-07-31 09:39:07,0.9,0.9782,642,0.89,0.9673,173,0.92,1.0,2,0.895,0.9728,564,0
SPY190802C303,2019-07-31,2019-07-31 09:39:08,0.9,0.9782,248,0.89,0.9673,173,0.92,1.0,2,0.895,0.9728,564,0
SPY190802C303,2019-07-31,2019-07-31 09:39:09,0.9,0.9782,248,0.89,0.9673,173,0.9,0.9782,4,0.895,0.9728,568,4
SPY190802C303,2019-07-31,2019-07-31 09:39:09,0.9,0.9782,465,0.89,0.9673,224,0.9,0.9782,4,0.895,0.9728,568,0
SPY190802C303,2019-07-31,2019-07-31 09:39:10,0.9,0.9782,354,0.89,0.9673,306,0.9,0.9782,4,0.895,0.9728,568,0
SPY190802C303,2019-07-31,2019-07-31 09:39:11,0.9,0.9782,662,0.89,0.9673,284,0.9,0.9782,4,0.895,0.9728,568,0
SPY190802C303,2019-07-31,2019-07-31 09:39:12,0.9,0.9782,656,0.89,0.9673,292,0.9,0.9782,4,0.895,0.9728,568,0
SPY190802C303,2019-07-31,2019-07-31 09:39:13,0.9,0.9782,354,0.89,0.9673,292,0.9,0.9782,4,0.895,0.9728,568,0
SPY190802C303,2019-07-31,2019-07-31 09:39:14,0.9,0.9782,648,0.89,0.9673,257,0.9,0.9782,4,0.895,0.9728,568,0
SPY190802C303,2019-07-31,2019-07-31 09:39:15,0.91,0.9891,912,0.89,0.9673,439,0.9,0.9782,4,0.9,0.9782,568,0
SPY190802C303,2019-07-31,2019-07-31 09:39:15,0.91,0.9891,928,0.89,0.9673,439,0.9,0.9782,4,0.9,0.9782,568,0
SPY190802C303,2019-07-31,2019-07-31 09:39:16,0.91,0.9891,399,0.89,0.9673,924,0.9,0.9782,4,0.9,0.9782,568,0
SPY190802C303,2019-07-31,2019-07-31 09:39:16,0.91,0.9891,229,0.9,0.9782,163,0.9,0.9782,4,0.905,0.9836,568,0
SPY190802C303,2019-07-31,2019-07-31 09:39:17,0.91,0.9891,180,0.9,0.9782,223,0.9,0.9782,4,0.905,0.9836,568,0
SPY190802C303,2019-07-31,2019-07-31 09:39:18,0.92,1.0,875,0.9,0.9782,827,0.9,0.9782,4,0.91,0.9891,568,0
SPY190802C303,2019-07-31,2019-07-31 09:39:18,0.91,0.9891,109,0.9,0.9782,268,0.9,0.9782,4,0.905,0.9836,568,0
SPY190802C303,2019-07-31,2019-07-31 09:39:19,0.92,1.0,875,0.9,0.9782,827,0.9,0.9782,4,0.91,0.9891,568,0
SPY190802C303,2019-07-31,2019-07-31 09:39:20,0.91,0.9891,50,0.9,0.9782,128,0.9,0.9782,4,0.905,0.9836,568,0
SPY190802C303,2019-07-31,2019-07-31 09:39:20,0.92,1.0,875,0.9,0.9782,824,0.9,0.9782,4,0.91,0.9891,568,0
SPY190802C303,2019-07-31,2019-07-31 09:39:21,0.92,1.0,668,0.9,0.9782,938,0.9,0.9782,4,0.91,0.9891,568,0
SPY190802C303,2019-07-31,2019-07-31 09:39:22,0.91,0.9891,263,0.9,0.9782,183,0.9,0.9782,4,0.905,0.9836,568,0
SPY190802C303,2019-07-31,2019-07-31 09:39:22,0.92,1.0,964,0.9,0.9782,1188,0.9,0.9782,4,0.91,0.9891,568,0
SPY190802C303,2019-07-31,2019-07-31 09:39:23,0.91,0.9891,242,0.9,0.9782,128,0.9,0.9782,4,0.905,0.9836,568,0
SPY190802C303,2019-07-31,2019-07-31 09:39:23,0.91,0.9891,732,0.89,0.9673,705,0.9,0.9782,4,0.9,0.9782,568,0
SPY190802C303,2019-07-31,2019-07-31 09:39:24,0.91,0.9891,849,0.89,0.9673,705,0.9,0.9782,4,0.9,0.9782,568,0
SPY190802C303,2019-07-31,2019-07-31 09:39:25,0.9,0.9782,5,0.89,0.9673,430,0.9,0.9782,4,0.895,0.9728,568,0
SPY190802C303,2019-07-31,2019-07-31 09:39:26,0.9,0.9782,177,0.89,0.9673,253,0.9,0.9782,4,0.895,0.9728,568,0
SPY190802C303,2019-07-31,2019-07-31 09:39:27,0.9,0.9782,237,0.89,0.9673,253,0.9,0.9782,4,0.895,0.9728,568,0
SPY190802C303,2019-07-31,2019-07-31 09:39:28,0.9,0.9782,237,0.89,0.9673,253,0.9,0.9782,4,0.895,0.9728,568,0
SPY190802C303,2019-07-31,2019-07-31 09:39:29,0.9,0.9782,237,0.89,0.9673,214,0.9,0.9782,4,0.895,0.9728,568,0
SPY190802C303,2019-07-31,2019-07-31 09:39:30,0.9,0.9782,237,0.89,0.9673,253,0.9,0.9782,4,0.895,0.9728,568,0
SPY190802C303,2019-07-31,2019-07-31 09:39:31,0.9,0.9782,661,0.89,0.9673,253,0.9,0.9782,4,0.895,0.9728,568,0
SPY190802C303,2019-07-31,2019-07-31 09:39:31,0.9,0.9782,489,0.89,0.9673,428,0.9,0.9782,4,0.895,0.9728,568,0
SPY190802C303,2019-07-31,2019-07-31 09:39:32,0.9,0.9782,123,0.89,0.9673,249,0.9,0.9782,4,0.895,0.9728,568,0
SPY190802C303,2019-07-31,2019-07-31 09:39:33,0.91,0.9891,472,0.9,0.9782,6,0.9,0.9782,4,0.905,0.9836,568,0
SPY190802C303,2019-07-31,2019-07-31 09:39:34,0.91,0.9891,564,0.9,0.9782,26,0.9,0.9782,4,0.905,0.9836,568,0
SPY190802C303,2019-07-31,2019-07-31 09:39:34,0.91,0.9891,564,0.9,0.9782,6,0.9,0.9782,4,0.905,0.9836,568,0
SPY190802C303,2019-07-31,2019-07-31 09:39:35,0.91,0.9891,981,0.9,0.9782,39,0.9,0.9782,4,0.905,0.9836,568,0
SPY190802C303,2019-07-31,2019-07-31 09:39:36,0.9,0.9782,345,0.89,0.9673,314,0.9,0.9782,4,0.895,0.9728,568,0
SPY190802C303,2019-07-31,2019-07-31 09:39:36,0.91,0.9891,981,0.89,0.9673,197,0.9,0.9782,4,0.9,0.9782,568,0
SPY190802C303,2019-07-31,2019-07-31 09:39:37,0.91,0.9891,473,0.89,0.9673,542,0.9,0.9782,4,0.9,0.9782,568,0
SPY190802C303,2019-07-31,2019-07-31 09:39:37,0.9,0.9782,405,0.89,0.9673,221,0.9,0.9782,4,0.895,0.9728,568,0
SPY190802C303,2019-07-31,2019-07-31 09:39:38,0.9,0.9782,642,0.89,0.9673,412,0.9,0.9782,4,0.895,0.9728,568,0
SPY190802C303,2019-07-31,2019-07-31 09:39:39,0.9,0.9782,257,0.89,0.9673,412,0.9,0.9782,4,0.895,0.9728,568,0
SPY190802C303,2019-07-31,2019-07-31 09:39:40,0.9,0.9782,637,0.89,0.9673,412,0.9,0.9782,4,0.895,0.9728,568,0
SPY190802C303,2019-07-31,2019-07-31 09:39:41,0.9,0.9782,710,0.89,0.9673,257,0.9,0.9782,4,0.895,0.9728,568,0
SPY190802C303,2019-07-31,2019-07-31 09:39:42,0.9,0.9782,760,0.89,0.9673,221,0.9,0.9782,4,0.895,0.9728,568,0
SPY190802C303,2019-07-31,2019-07-31 09:39:42,0.9,0.9782,760,0.89,0.9673,257,0.9,0.9782,4,0.895,0.9728,568,0
SPY190802C303,2019-07-31,2019-07-31 09:39:43,0.9,0.9782,720,0.89,0.9673,401,0.9,0.9782,4,0.895,0.9728,568,0
SPY190802C303,2019-07-31,2019-07-31 09:39:44,0.9,0.9782,521,0.89,0.9673,452,0.9,0.9782,4,0.895,0.9728,568,0
SPY190802C303,2019-07-31,2019-07-31 09:39:44,0.9,0.9782,391,0.89,0.9673,452,0.9,0.9782,4,0.895,0.9728,568,0
SPY190802C303,2019-07-31,2019-07-31 09:39:45,0.9,0.9782,346,0.89,0.9673,254,0.9,0.9782,4,0.895,0.9728,568,0
SPY190802C303,2019-07-31,2019-07-31 09:39:46,0.9,0.9782,649,0.89,0.9673,254,0.9,0.9782,4,0.895,0.9728,568,0
SPY190802C303,2019-07-31,2019-07-31 09:39:47,0.9,0.9782,602,0.89,0.9673,442,0.9,0.9782,4,0.895,0.9728,568,0
SPY190802C303,2019-07-31,2019-07-31 09:39:48,0.9,0.9782,195,0.89,0.9673,372,0.9,0.9782,4,0.895,0.9728,568,0
SPY190802C303,2019-07-31,2019-07-31 09:39:48,0.9,0.9782,262,0.89,0.9673,453,0.9,0.9782,4,0.895,0.9728,568,0
SPY190802C303,2019-07-31,2019-07-31 09:39:49,0.9,0.9782,262,0.89,0.9673,453,0.9,0.9782,4,0.895,0.9728,568,0
SPY190802C303,2019-07-31,2019-07-31 09:39:50,0.9,0.9782,66,0.89,0.9673,426,0.9,0.9782,4,0.895,0.9728,568,0
SPY190802C303,2019-07-31,2019-07-31 09:39:50,0.9,0.9782,74,0.89,0.9673,61,0.9,0.9782,4,0.895,0.9728,568,0
SPY190802C303,2019-07-31,2019-07-31 09:39:51,0.91,0.9891,1405,0.89,0.9673,1117,0.9,0.9782,4,0.9,0.9782,568,0
SPY190802C303,2019-07-31,2019-07-31 09:39:52,0.9,0.9782,20,0.89,0.9673,832,0.9,0.9782,4,0.895,0.9728,568,0
SPY190802C303,2019-07-31,2019-07-31 09:39:53,0.91,0.9891,903,0.89,0.9673,769,0.9,0.9782,4,0.9,0.9782,568,0
SPY190802C303,2019-07-31,2019-07-31 09:39:53,0.9,0.9782,20,0.89,0.9673,769,0.9,0.9782,4,0.895,0.9728,568,0
SPY190802C303,2019-07-31,2019-07-31 09:39:54,0.9,0.9782,38,0.89,0.9673,769,0.9,0.9782,4,0.895,0.9728,568,0
SPY190802C303,2019-07-31,2019-07-31 09:39:55,0.9,0.9782,63,0.89,0.9673,360,0.9,0.9782,4,0.895,0.9728,568,0
SPY190802C303,2019-07-31,2019-07-31 09:39:55,0.9,0.9782,63,0.89,0.9673,769,0.9,0.9782,4,0.895,0.9728,568,0
SPY190802C303,2019-07-31,2019-07-31 09:39:56,0.9,0.9782,74,0.89,0.9673,667,0.9,0.9782,4,0.895,0.9728,568,0
SPY190802C303,2019-07-31,2019-07-31 09:39:56,0.9,0.9782,19,0.89,0.9673,667,0.9,0.9782,4,0.895,0.9728,568,0
SPY190802C303,2019-07-31,2019-07-31 09:39:57,0.91,0.9891,223,0.9,0.9782,5,0.9,0.9782,4,0.905,0.9836,568,0
SPY190802C303,2019-07-31,2019-07-31 09:39:58,0.9,0.9782,42,0.89,0.9673,413,0.9,0.9782,37,0.895,0.9728,617,49
SPY190802C303,2019-07-31,2019-07-31 09:39:59,0.9,0.9782,42,0.89,0.9673,776,0.9,0.9782,37,0.895,0.9728,617,0
SPY190802C303,2019-07-31,2019-07-31 09:39:59,0.9,0.9782,221,0.89,0.9673,372,0.9,0.9782,37,0.895,0.9728,617,0
SPY190802C303,2019-07-31,2019-07-31 09:40:00,0.9,0.9782,67,0.89,0.9673,1087,0.89,0.9673,2,0.895,0.9728,619,2
SPY190802C303,2019-07-31,2019-07-31 09:40:01,0.9,0.9782,63,0.89,0.9673,1087,0.89,0.9673,2,0.895,0.9728,619,0
SPY190802C303,2019-07-31,2019-07-31 09:40:02,0.9,0.9782,60,0.89,0.9673,1087,0.89,0.9673,2,0.895,0.9728,619,0
SPY190802C303,2019-07-31,2019-07-31 09:40:03,0.9,0.9782,54,0.89,0.9673,1404,0.89,0.9673,2,0.895,0.9728,619,0
SPY190802C303,2019-07-31,2019-07-31 09:40:03,0.9,0.9782,60,0.89,0.9673,1080,0.89,0.9673,2,0.895,0.9728,619,0
SPY190802C303,2019-07-31,2019-07-31 09:40:05,0.9,0.9782,54,0.89,0.9673,1279,0.89,0.9673,2,0.895,0.9728,619,0
SPY190802C303,2019-07-31,2019-07-31 09:40:05,0.9,0.9782,54,0.89,0.9673,1267,0.89,0.9673,2,0.895,0.9728,619,0
SPY190802C303,2019-07-31,2019-07-31 09:40:06,0.9,0.9782,58,0.89,0.9673,1267,0.89,0.9673,2,0.895,0.9728,619,0
SPY190802C303,2019-07-31,2019-07-31 09:40:07,0.9,0.9782,58,0.89,0.9673,1083,0.89,0.9673,2,0.895,0.9728,619,0
SPY190802C303,2019-07-31,2019-07-31 09:40:08,0.9,0.9782,42,0.89,0.9673,1402,0.9,0.9782,37,0.895,0.9728,747,0
SPY190802C303,2019-07-31,2019-07-31 09:40:08,0.9,0.9782,58,0.89,0.9673,1196,0.9,0.9782,37,0.895,0.9728,747,128
SPY190802C303,2019-07-31,2019-07-31 09:40:09,0.9,0.9782,42,0.89,0.9673,1402,0.9,0.9782,37,0.895,0.9728,747,0
SPY190802C303,2019-07-31,2019-07-31 09:40:10,0.91,0.9891,20,0.9,0.9782,731,0.9,0.9782,1,0.905,0.9836,896,149
SPY190802C303,2019-07-31,2019-07-31 09:40:10,0.91,0.9891,38,0.9,0.9782,787,0.9,0.9782,1,0.905,0.9836,896,0
SPY190802C303,2019-07-31,2019-07-31 09:40:11,0.91,0.9891,38,0.9,0.9782,787,0.9,0.9782,1,0.905,0.9836,896,0
SPY190802C303,2019-07-31,2019-07-31 09:40:12,0.91,0.9891,38,0.9,0.9782,787,0.9,0.9782,1,0.905,0.9836,896,0
SPY190802C303,2019-07-31,2019-07-31 09:40:13,0.91,0.9891,506,0.9,0.9782,481,0.9,0.9782,1,0.905,0.9836,896,0
SPY190802C303,2019-07-31,2019-07-31 09:40:13,0.91,0.9891,529,0.9,0.9782,481,0.9,0.9782,1,0.905,0.9836,896,0
SPY190802C303,2019-07-31,2019-07-31 09:40:14,0.91,0.9891,1058,0.9,0.9782,481,0.9,0.9782,1,0.905,0.9836,896,0
SPY190802C303,2019-07-31,2019-07-31 09:40:15,0.91,0.9891,204,0.9,0.9782,532,0.9,0.9782,1,0.905,0.9836,896,0
SPY190802C303,2019-07-31,2019-07-31 09:40:15,0.91,0.9891,25,0.9,0.9782,748,0.9,0.9782,1,0.905,0.9836,896,0
SPY190802C303,2019-07-31,2019-07-31 09:40:16,0.91,0.9891,26,0.9,0.9782,828,0.9,0.9782,1,0.905,0.9836,896,0
SPY190802C303,2019-07-31,2019-07-31 09:40:17,0.91,0.9891,60,0.9,0.9782,873,0.9,0.9782,1,0.905,0.9836,896,0
SPY190802C303,2019-07-31,2019-07-31 09:40:18,0.91,0.9891,10,0.9,0.9782,828,0.9,0.9782,1,0.905,0.9836,896,0
SPY190802C303,2019-07-31,2019-07-31 09:40:18,0.91,0.9891,34,0.9,0.9782,828,0.9,0.9782,1,0.905,0.9836,896,0
SPY190802C303,2019-07-31,2019-07-31 09:40:19,0.91,0.9891,246,0.9,0.9782,532,0.9,0.9782,1,0.905,0.9836,896,0
SPY190802C303,2019-07-31,2019-07-31 09:40:19,0.91,0.9891,356,0.9,0.9782,532,0.9,0.9782,1,0.905,0.9836,896,0
SPY190802C303,2019-07-31,2019-07-31 09:40:20,0.91,0.9891,356,0.9,0.9782,297,0.9,0.9782,1,0.905,0.9836,896,0
SPY190802C303,2019-07-31,2019-07-31 09:40:21,0.91,0.9891,548,0.9,0.9782,297,0.9,0.9782,1,0.905,0.9836,896,0
SPY190802C303,2019-07-31,2019-07-31 09:40:21,0.91,0.9891,548,0.9,0.9782,91,0.9,0.9782,1,0.905,0.9836,896,0
SPY190802C303,2019-07-31,2019-07-31 09:40:22,0.9,0.9782,205,0.89,0.9673,633,0.9,0.9782,1,0.895,0.9728,896,0
SPY190802C303,2019-07-31,2019-07-31 09:40:23,0.91,0.9891,723,0.89,0.9673,1014,0.9,0.9782,1,0.9,0.9782,896,0
SPY190802C303,2019-07-31,2019-07-31 09:40:23,0.91,0.9891,786,0.89,0.9673,971,0.9,0.9782,1,0.9,0.9782,896,0
SPY190802C303,2019-07-31,2019-07-31 09:40:24,0.91,0.9891,723,0.89,0.9673,971,0.9,0.9782,1,0.9,0.9782,896,0
SPY190802C303,2019-07-31,2019-07-31 09:40:25,0.91,0.9891,723,0.89,0.9673,1533,0.9,0.9782,1,0.9,0.9782,896,0
SPY190802C303,2019-07-31,2019-07-31 09:40:26,0.91,0.9891,704,0.89,0.9673,1297,0.9,0.9782,1,0.9,0.9782,896,0
SPY190802C303,2019-07-31,2019-07-31 09:40:26,0.9,0.9782,6,0.89,0.9673,995,0.9,0.9782,1,0.895,0.9728,896,0
SPY190802C303,2019-07-31,2019-07-31 09:40:27,0.91,0.9891,510,0.89,0.9673,1395,0.9,0.9782,1,0.9,0.9782,896,0
SPY190802C303,2019-07-31,2019-07-31 09:40:28,0.91,0.9891,694,0.9,0.9782,409,0.9,0.9782,1,0.905,0.9836,896,0
SPY190802C303,2019-07-31,2019-07-31 09:40:29,0.91,0.9891,332,0.9,0.9782,409,0.9,0.9782,1,0.905,0.9836,896,0
SPY190802C303,2019-07-31,2019-07-31 09:40:30,0.91,0.9891,370,0.9,0.9782,409,0.9,0.9782,1,0.905,0.9836,896,0
SPY190802C303,2019-07-31,2019-07-31 09:40:31,0.91,0.9891,259,0.9,0.9782,114,0.9,0.9782,1,0.905,0.9836,896,0
SPY190802C303,2019-07-31,2019-07-31 09:40:32,0.91,0.9891,138,0.9,0.9782,649,0.9,0.9782,1,0.905,0.9836,896,0
SPY190802C303,2019-07-31,2019-07-31 09:40:32,0.91,0.9891,138,0.9,0.9782,597,0.9,0.9782,1,0.905,0.9836,896,0
SPY190802C303,2019-07-31,2019-07-31 09:40:33,0.91,0.9891,138,0.9,0.9782,931,0.9,0.9782,1,0.905,0.9836,896,0
SPY190802C303,2019-07-31,2019-07-31 09:40:34,0.91,0.9891,138,0.9,0.9782,1031,0.9,0.9782,1,0.905,0.9836,896,0
SPY190802C303,2019-07-31,2019-07-31 09:40:35,0.91,0.9891,138,0.9,0.9782,1031,0.9,0.9782,1,0.905,0.9836,896,0
SPY190802C303,2019-07-31,2019-07-31 09:40:35,0.91,0.9891,138,0.9,0.9782,931,0.9,0.9782,1,0.905,0.9836,896,0
SPY190802C303,2019-07-31,2019-07-31 09:40:36,0.91,0.9891,138,0.9,0.9782,812,0.9,0.9782,1,0.905,0.9836,896,0
SPY190802C303,2019-07-31,2019-07-31 09:40:37,0.91,0.9891,138,0.9,0.9782,913,0.9,0.9782,1,0.905,0.9836,896,0
SPY190802C303,2019-07-31,2019-07-31 09:40:38,0.91,0.9891,138,0.9,0.9782,837,0.9,0.9782,1,0.905,0.9836,896,0
SPY190802C303,2019-07-31,2019-07-31 09:40:39,0.91,0.9891,20,0.9,0.9782,678,0.9,0.9782,1,0.905,0.9836,896,0
SPY190802C303,2019-07-31,2019-07-31 09:40:40,0.91,0.9891,90,0.9,0.9782,678,0.9,0.9782,1,0.905,0.9836,896,0
SPY190802C303,2019-07-31,2019-07-31 09:40:41,0.92,1.0,976,0.91,0.9891,15,0.9,0.9782,1,0.915,0.9945,896,0
SPY190802C303,2019-07-31,2019-07-31 09:40:42,0.91,0.9891,68,0.9,0.9782,777,0.9,0.9782,1,0.905,0.9836,896,0
SPY190802C303,2019-07-31,2019-07-31 09:40:42,0.91,0.9891,26,0.91,0.9891,15,0.9,0.9782,1,0.91,0.9891,896,0
SPY190802C303,2019-07-31,2019-07-31 09:40:43,0.91,0.9891,110,0.9,0.9782,697,0.9,0.9782,1,0.905,0.9836,896,0
SPY190802C303,2019-07-31,2019-07-31 09:40:43,0.91,0.9891,90,0.9,0.9782,697,0.9,0.9782,1,0.905,0.9836,896,0
SPY190802C303,2019-07-31,2019-07-31 09:40:44,0.91,0.9891,180,0.9,0.9782,69,0.9,0.9782,1,0.905,0.9836,896,0
SPY190802C303,2019-07-31,2019-07-31 09:40:45,0.91,0.9891,302,0.9,0.9782,89,0.9,0.9782,1,0.905,0.9836,896,0
SPY190802C303,2019-07-31,2019-07-31 09:40:45,0.91,0.9891,240,0.9,0.9782,69,0.9,0.9782,1,0.905,0.9836,896,0
SPY190802C303,2019-07-31,2019-07-31 09:40:46,0.91,0.9891,240,0.9,0.9782,86,0.9,0.9782,1,0.905,0.9836,896,0
SPY190802C303,2019-07-31,2019-07-31 09:40:47,0.91,0.9891,240,0.9,0.9782,446,0.9,0.9782,1,0.905,0.9836,896,0
SPY190802C303,2019-07-31,2019-07-31 09:40:47,0.91,0.9891,179,0.9,0.9782,365,0.9,0.9782,1,0.905,0.9836,896,0
SPY190802C303,2019-07-31,2019-07-31 09:40:48,0.91,0.9891,223,0.9,0.9782,103,0.9,0.9782,1,0.905,0.9836,896,0
SPY190802C303,2019-07-31,2019-07-31 09:40:48,0.91,0.9891,245,0.9,0.9782,98,0.9,0.9782,1,0.905,0.9836,896,0
SPY190802C303,2019-07-31,2019-07-31 09:40:49,0.91,0.9891,304,0.9,0.9782,163,0.9,0.9782,1,0.905,0.9836,896,0
SPY190802C303,2019-07-31,2019-07-31 09:40:50,0.91,0.9891,304,0.9,0.9782,163,0.9,0.9782,1,0.905,0.9836,896,0
SPY190802C303,2019-07-31,2019-07-31 09:40:51,0.91,0.9891,304,0.9,0.9782,163,0.9,0.9782,1,0.905,0.9836,896,0
SPY190802C303,2019-07-31,2019-07-31 09:40:51,0.91,0.9891,304,0.9,0.9782,223,0.9,0.9782,1,0.905,0.9836,896,0
SPY190802C303,2019-07-31,2019-07-31 09:40:52,0.91,0.9891,304,0.9,0.9782,223,0.9,0.9782,1,0.905,0.9836,896,0
SPY190802C303,2019-07-31,2019-07-31 09:40:53,0.91,0.9891,138,0.9,0.9782,617,0.9,0.9782,1,0.905,0.9836,896,0
SPY190802C303,2019-07-31,2019-07-31 09:40:54,0.91,0.9891,100,0.9,0.9782,786,0.9,0.9782,1,0.905,0.9836,896,0
SPY190802C303,2019-07-31,2019-07-31 09:40:54,0.91,0.9891,138,0.9,0.9782,807,0.9,0.9782,1,0.905,0.9836,896,0
SPY190802C303,2019-07-31,2019-07-31 09:40:55,0.91,0.9891,116,0.9,0.9782,875,0.9,0.9782,1,0.905,0.9836,896,0
SPY190802C303,2019-07-31,2019-07-31 09:40:56,0.91,0.9891,116,0.9,0.9782,918,0.9,0.9782,1,0.905,0.9836,896,0
SPY190802C303,2019-07-31,2019-07-31 09:40:56,0.91,0.9891,116,0.9,0.9782,875,0.9,0.9782,1,0.905,0.9836,896,0
SPY190802C303,2019-07-31,2019-07-31 09:40:57,0.91,0.9891,116,0.9,0.9782,839,0.9,0.9782,1,0.905,0.9836,896,0
SPY190802C303,2019-07-31,2019-07-31 09:40:58,0.92,1.0,498,0.9,0.9782,84,0.9,0.9782,1,0.91,0.9891,896,0
SPY190802C303,2019-07-31,2019-07-31 09:40:59,0.91,0.9891,54,0.9,0.9782,480,0.9,0.9782,1,0.905,0.9836,896,0
