symbol,Date,quote_time,ask_price,norm_ask_price,ask_size,bid_price,norm_bid_price,bid_size,last_trade_price,norm_last_trade_price,last_trade_size,mark_price,norm_mark_price,volume,Volume
SPY190719C296,2019-07-18,2019-07-18 09:40:14.000,1.84,1.00,8,1.83,0.9945,1,1.97,1.0706,1,1.835,0.9972,1415,1415
SPY190719C296,2019-07-18,2019-07-18 09:40:20.000,1.81,0.9836,9,1.79,0.9728,100,1.97,1.0706,1,1.80,0.9782,1415,0
SPY190719C296,2019-07-18,2019-07-18 09:40:22.000,1.82,0.9891,7,1.80,0.9782,100,1.81,0.9836,6,1.81,0.9836,1433,18
SPY190719C296,2019-07-18,2019-07-18 09:40:25.000,1.83,0.9945,66,1.80,0.9782,100,1.81,0.9836,6,1.815,0.9864,1433,0
SPY190719C296,2019-07-18,2019-07-18 09:40:27.000,1.82,0.9891,7,1.81,0.9836,3,1.81,0.9836,6,1.815,0.9864,1433,0
SPY190719C296,2019-07-18,2019-07-18 09:40:29.000,1.81,0.9836,10,1.78,0.9673,143,1.81,0.9836,6,1.795,0.9755,1433,0
SPY190719C296,2019-07-18,2019-07-18 09:40:31.000,1.80,0.9782,7,1.77,0.9619,174,1.81,0.9836,6,1.785,0.9701,1433,0
SPY190719C296,2019-07-18,2019-07-18 09:40:34.000,1.80,0.9782,8,1.78,0.9673,1,1.81,0.9836,6,1.79,0.9728,1433,0
SPY190719C296,2019-07-18,2019-07-18 09:40:34.000,1.80,0.9782,7,1.77,0.9619,100,1.81,0.9836,6,1.785,0.9701,1433,0
SPY190719C296,2019-07-18,2019-07-18 09:40:35.000,1.81,0.9836,20,1.77,0.9619,100,1.81,0.9836,6,1.79,0.9728,1433,0
SPY190719C296,2019-07-18,2019-07-18 09:40:37.000,1.79,0.9728,20,1.78,0.9673,1,1.81,0.9836,6,1.785,0.9701,1433,0
SPY190719C296,2019-07-18,2019-07-18 09:40:40.000,1.79,0.9728,12,1.77,0.9619,100,1.81,0.9836,6,1.78,0.9673,1433,0
SPY190719C296,2019-07-18,2019-07-18 09:40:41.000,1.79,0.9728,17,1.78,0.9673,1,1.81,0.9836,6,1.785,0.9701,1433,0
SPY190719C296,2019-07-18,2019-07-18 09:40:43.000,1.79,0.9728,18,1.77,0.9619,128,1.81,0.9836,6,1.78,0.9673,1433,0
SPY190719C296,2019-07-18,2019-07-18 09:40:44.000,1.81,0.9836,16,1.77,0.9619,52,1.81,0.9836,6,1.79,0.9728,1433,0
SPY190719C296,2019-07-18,2019-07-18 09:40:45.000,1.80,0.9782,2,1.77,0.9619,174,1.81,0.9836,6,1.785,0.9701,1433,0
SPY190719C296,2019-07-18,2019-07-18 09:40:47.000,1.79,0.9728,10,1.77,0.9619,100,1.79,0.9728,1,1.78,0.9673,1434,1
SPY190719C296,2019-07-18,2019-07-18 09:40:48.000,1.79,0.9728,10,1.77,0.9619,100,1.79,0.9728,1,1.78,0.9673,1434,0
SPY190719C296,2019-07-18,2019-07-18 09:40:54.000,1.77,0.9619,8,1.75,0.951,169,1.79,0.9728,1,1.76,0.9565,1434,0
SPY190719C296,2019-07-18,2019-07-18 09:40:57.000,1.78,0.9673,10,1.76,0.9565,169,1.79,0.9728,1,1.77,0.9619,1434,0
SPY190719C296,2019-07-18,2019-07-18 09:41:01.000,1.77,0.9619,18,1.75,0.951,3,1.79,0.9728,1,1.76,0.9565,1434,0
SPY190719C296,2019-07-18,2019-07-18 09:41:04.000,1.78,0.9673,54,1.74,0.9456,174,1.75,0.951,10,1.76,0.9565,1444,10
SPY190719C296,2019-07-18,2019-07-18 09:41:09.000,1.79,0.9728,12,1.74,0.9456,174,1.75,0.951,10,1.765,0.9592,1444,0
SPY190719C296,2019-07-18,2019-07-18 09:41:11.000,1.79,0.9728,18,1.78,0.9673,2,1.75,0.951,10,1.785,0.9701,1444,0
SPY190719C296,2019-07-18,2019-07-18 09:41:15.000,1.79,0.9728,22,1.78,0.9673,1,1.75,0.951,10,1.785,0.9701,1444,0
SPY190719C296,2019-07-18,2019-07-18 09:41:18.000,1.77,0.9619,16,1.76,0.9565,100,1.78,0.9673,1,1.765,0.9592,1447,3
SPY190719C296,2019-07-18,2019-07-18 09:41:21.000,1.80,0.9782,120,1.77,0.9619,100,1.78,0.9673,1,1.785,0.9701,1447,0
SPY190719C296,2019-07-18,2019-07-18 09:41:23.000,1.81,0.9836,26,1.78,0.9673,100,1.78,0.9673,1,1.795,0.9755,1447,0
SPY190719C296,2019-07-18,2019-07-18 09:41:24.000,1.81,0.9836,20,1.78,0.9673,179,1.78,0.9673,1,1.795,0.9755,1447,0
SPY190719C296,2019-07-18,2019-07-18 09:41:25.000,1.81,0.9836,20,1.78,0.9673,175,1.78,0.9673,1,1.795,0.9755,1447,0
SPY190719C296,2019-07-18,2019-07-18 09:41:25.000,1.81,0.9836,7,1.78,0.9673,168,1.78,0.9673,1,1.795,0.9755,1447,0
SPY190719C296,2019-07-18,2019-07-18 09:41:26.000,1.80,0.9782,16,1.77,0.9619,168,1.78,0.9673,1,1.785,0.9701,1447,0
SPY190719C296,2019-07-18,2019-07-18 09:41:27.000,1.78,0.9673,8,1.77,0.9619,1,1.78,0.9673,1,1.775,0.9646,1447,0
SPY190719C296,2019-07-18,2019-07-18 09:41:27.000,1.78,0.9673,1,1.77,0.9619,100,1.78,0.9673,1,1.775,0.9646,1447,0
SPY190719C296,2019-07-18,2019-07-18 09:41:28.000,1.79,0.9728,10,1.77,0.9619,1,1.78,0.9673,1,1.78,0.9673,1447,0
SPY190719C296,2019-07-18,2019-07-18 09:41:28.000,1.78,0.9673,8,1.77,0.9619,2,1.78,0.9673,1,1.775,0.9646,1447,0
SPY190719C296,2019-07-18,2019-07-18 09:41:29.000,1.79,0.9728,28,1.76,0.9565,100,1.78,0.9673,1,1.775,0.9646,1447,0
SPY190719C296,2019-07-18,2019-07-18 09:41:29.000,1.77,0.9619,10,1.76,0.9565,100,1.78,0.9673,1,1.765,0.9592,1447,0
SPY190719C296,2019-07-18,2019-07-18 09:41:30.000,1.78,0.9673,17,1.77,0.9619,1,1.78,0.9673,1,1.775,0.9646,1447,0
SPY190719C296,2019-07-18,2019-07-18 09:41:30.000,1.78,0.9673,16,1.76,0.9565,145,1.78,0.9673,1,1.77,0.9619,1447,0
SPY190719C296,2019-07-18,2019-07-18 09:41:31.000,1.78,0.9673,12,1.77,0.9619,1,1.78,0.9673,1,1.775,0.9646,1447,0
SPY190719C296,2019-07-18,2019-07-18 09:41:32.000,1.78,0.9673,12,1.77,0.9619,1,1.78,0.9673,1,1.775,0.9646,1447,0
SPY190719C296,2019-07-18,2019-07-18 09:41:32.000,1.78,0.9673,12,1.76,0.9565,169,1.78,0.9673,1,1.77,0.9619,1447,0
SPY190719C296,2019-07-18,2019-07-18 09:41:33.000,1.78,0.9673,12,1.76,0.9565,169,1.78,0.9673,1,1.77,0.9619,1447,0
SPY190719C296,2019-07-18,2019-07-18 09:41:33.000,1.78,0.9673,22,1.76,0.9565,169,1.78,0.9673,1,1.77,0.9619,1447,0
SPY190719C296,2019-07-18,2019-07-18 09:41:34.000,1.78,0.9673,22,1.76,0.9565,169,1.78,0.9673,1,1.77,0.9619,1447,0
SPY190719C296,2019-07-18,2019-07-18 09:41:35.000,1.78,0.9673,10,1.76,0.9565,169,1.78,0.9673,1,1.77,0.9619,1447,0
SPY190719C296,2019-07-18,2019-07-18 09:41:35.000,1.78,0.9673,22,1.76,0.9565,169,1.78,0.9673,1,1.77,0.9619,1447,0
SPY190719C296,2019-07-18,2019-07-18 09:41:36.000,1.79,0.9728,16,1.76,0.9565,169,1.78,0.9673,1,1.775,0.9646,1447,0
SPY190719C296,2019-07-18,2019-07-18 09:41:37.000,1.79,0.9728,16,1.77,0.9619,2,1.78,0.9673,1,1.78,0.9673,1447,0
SPY190719C296,2019-07-18,2019-07-18 09:41:37.000,1.79,0.9728,10,1.77,0.9619,10,1.78,0.9673,1,1.78,0.9673,1447,0
SPY190719C296,2019-07-18,2019-07-18 09:41:38.000,1.79,0.9728,10,1.77,0.9619,30,1.78,0.9673,1,1.78,0.9673,1447,0
SPY190719C296,2019-07-18,2019-07-18 09:41:39.000,1.81,0.9836,35,1.79,0.9728,2,1.78,0.9673,1,1.80,0.9782,1447,0
SPY190719C296,2019-07-18,2019-07-18 09:41:39.000,1.81,0.9836,53,1.79,0.9728,2,1.78,0.9673,1,1.80,0.9782,1447,0
SPY190719C296,2019-07-18,2019-07-18 09:41:40.000,1.81,0.9836,10,1.79,0.9728,2,1.78,0.9673,1,1.80,0.9782,1447,0
SPY190719C296,2019-07-18,2019-07-18 09:41:41.000,1.81,0.9836,10,1.79,0.9728,2,1.78,0.9673,1,1.80,0.9782,1447,0
SPY190719C296,2019-07-18,2019-07-18 09:41:42.000,1.81,0.9836,6,1.79,0.9728,2,1.78,0.9673,1,1.80,0.9782,1447,0
SPY190719C296,2019-07-18,2019-07-18 09:41:42.000,1.82,0.9891,8,1.80,0.9782,2,1.78,0.9673,1,1.81,0.9836,1447,0
SPY190719C296,2019-07-18,2019-07-18 09:41:43.000,1.83,0.9945,20,1.80,0.9782,168,1.80,0.9782,2,1.815,0.9864,1449,0
SPY190719C296,2019-07-18,2019-07-18 09:41:43.000,1.83,0.9945,10,1.80,0.9782,168,1.80,0.9782,2,1.815,0.9864,1449,2
SPY190719C296,2019-07-18,2019-07-18 09:41:44.000,1.83,0.9945,20,1.80,0.9782,168,1.80,0.9782,2,1.815,0.9864,1449,0
SPY190719C296,2019-07-18,2019-07-18 09:41:45.000,1.83,0.9945,20,1.80,0.9782,169,1.80,0.9782,2,1.815,0.9864,1449,0
SPY190719C296,2019-07-18,2019-07-18 09:41:45.000,1.82,0.9891,7,1.81,0.9836,1,1.80,0.9782,2,1.815,0.9864,1449,0
SPY190719C296,2019-07-18,2019-07-18 09:41:46.000,1.83,0.9945,20,1.81,0.9836,1,1.80,0.9782,2,1.82,0.9891,1449,0
SPY190719C296,2019-07-18,2019-07-18 09:41:47.000,1.81,0.9836,7,1.79,0.9728,101,1.80,0.9782,2,1.80,0.9782,1449,0
SPY190719C296,2019-07-18,2019-07-18 09:41:47.000,1.81,0.9836,7,1.79,0.9728,135,1.80,0.9782,2,1.80,0.9782,1449,0
SPY190719C296,2019-07-18,2019-07-18 09:41:48.000,1.82,0.9891,20,1.80,0.9782,2,1.80,0.9782,2,1.81,0.9836,1449,0
SPY190719C296,2019-07-18,2019-07-18 09:41:48.000,1.82,0.9891,7,1.80,0.9782,2,1.80,0.9782,2,1.81,0.9836,1449,0
SPY190719C296,2019-07-18,2019-07-18 09:41:49.000,1.82,0.9891,68,1.79,0.9728,100,1.80,0.9782,2,1.805,0.9809,1449,0
SPY190719C296,2019-07-18,2019-07-18 09:41:50.000,1.81,0.9836,8,1.80,0.9782,3,1.80,0.9782,2,1.805,0.9809,1449,0
SPY190719C296,2019-07-18,2019-07-18 09:41:50.000,1.81,0.9836,8,1.80,0.9782,1,1.80,0.9782,2,1.805,0.9809,1449,0
SPY190719C296,2019-07-18,2019-07-18 09:41:51.000,1.81,0.9836,8,1.80,0.9782,3,1.80,0.9782,2,1.805,0.9809,1449,0
SPY190719C296,2019-07-18,2019-07-18 09:41:52.000,1.81,0.9836,6,1.80,0.9782,2,1.80,0.9782,2,1.805,0.9809,1449,0
SPY190719C296,2019-07-18,2019-07-18 09:41:52.000,1.82,0.9891,10,1.79,0.9728,137,1.80,0.9782,2,1.805,0.9809,1449,0
SPY190719C296,2019-07-18,2019-07-18 09:41:53.000,1.81,0.9836,6,1.80,0.9782,2,1.80,0.9782,2,1.805,0.9809,1449,0
SPY190719C296,2019-07-18,2019-07-18 09:41:53.000,1.82,0.9891,10,1.79,0.9728,143,1.80,0.9782,2,1.805,0.9809,1449,0
SPY190719C296,2019-07-18,2019-07-18 09:41:54.000,1.82,0.9891,10,1.80,0.9782,1,1.80,0.9782,2,1.81,0.9836,1449,0
SPY190719C296,2019-07-18,2019-07-18 09:41:54.000,1.82,0.9891,10,1.80,0.9782,2,1.80,0.9782,2,1.81,0.9836,1449,0
SPY190719C296,2019-07-18,2019-07-18 09:41:55.000,1.82,0.9891,10,1.79,0.9728,174,1.80,0.9782,5,1.805,0.9809,1454,0
SPY190719C296,2019-07-18,2019-07-18 09:41:55.000,1.82,0.9891,10,1.80,0.9782,1,1.80,0.9782,5,1.81,0.9836,1454,5
SPY190719C296,2019-07-18,2019-07-18 09:41:56.000,1.82,0.9891,10,1.80,0.9782,10,1.80,0.9782,5,1.81,0.9836,1454,0
SPY190719C296,2019-07-18,2019-07-18 09:41:57.000,1.81,0.9836,7,1.79,0.9728,100,1.80,0.9782,5,1.80,0.9782,1454,0
SPY190719C296,2019-07-18,2019-07-18 09:41:57.000,1.81,0.9836,7,1.79,0.9728,169,1.80,0.9782,5,1.80,0.9782,1454,0
SPY190719C296,2019-07-18,2019-07-18 09:41:58.000,1.81,0.9836,7,1.80,0.9782,2,1.80,0.9782,5,1.805,0.9809,1454,0
SPY190719C296,2019-07-18,2019-07-18 09:41:58.000,1.81,0.9836,7,1.79,0.9728,140,1.80,0.9782,5,1.80,0.9782,1454,0
SPY190719C296,2019-07-18,2019-07-18 09:41:59.000,1.79,0.9728,7,1.78,0.9673,169,1.80,0.9782,5,1.785,0.9701,1454,0
SPY190719C296,2019-07-18,2019-07-18 09:41:59.000,1.80,0.9782,20,1.77,0.9619,169,1.80,0.9782,5,1.785,0.9701,1454,0
SPY190719C296,2019-07-18,2019-07-18 09:42:00.000,1.80,0.9782,20,1.77,0.9619,169,1.80,0.9782,5,1.785,0.9701,1454,0
SPY190719C296,2019-07-18,2019-07-18 09:42:01.000,1.81,0.9836,18,1.79,0.9728,100,1.80,0.9782,5,1.80,0.9782,1454,0
SPY190719C296,2019-07-18,2019-07-18 09:42:01.000,1.81,0.9836,15,1.80,0.9782,1,1.80,0.9782,5,1.805,0.9809,1454,0
SPY190719C296,2019-07-18,2019-07-18 09:42:02.000,1.81,0.9836,16,1.79,0.9728,2,1.80,0.9782,5,1.80,0.9782,1454,0
SPY190719C296,2019-07-18,2019-07-18 09:42:02.000,1.81,0.9836,20,1.79,0.9728,100,1.80,0.9782,5,1.80,0.9782,1454,0
SPY190719C296,2019-07-18,2019-07-18 09:42:03.000,1.83,0.9945,10,1.81,0.9836,100,1.80,0.9782,5,1.82,0.9891,1454,0
SPY190719C296,2019-07-18,2019-07-18 09:42:03.000,1.82,0.9891,6,1.80,0.9782,6,1.80,0.9782,5,1.81,0.9836,1454,0
SPY190719C296,2019-07-18,2019-07-18 09:42:04.000,1.83,0.9945,10,1.81,0.9836,100,1.80,0.9782,5,1.82,0.9891,1454,0
SPY190719C296,2019-07-18,2019-07-18 09:42:04.000,1.83,0.9945,10,1.82,0.9891,1,1.80,0.9782,5,1.825,0.9918,1454,0
SPY190719C296,2019-07-18,2019-07-18 09:42:05.000,1.83,0.9945,10,1.81,0.9836,100,1.80,0.9782,5,1.82,0.9891,1454,0
SPY190719C296,2019-07-18,2019-07-18 09:42:05.000,1.83,0.9945,10,1.82,0.9891,1,1.80,0.9782,5,1.825,0.9918,1454,0
SPY190719C296,2019-07-18,2019-07-18 09:42:06.000,1.83,0.9945,10,1.82,0.9891,1,1.80,0.9782,5,1.825,0.9918,1454,0
SPY190719C296,2019-07-18,2019-07-18 09:42:07.000,1.83,0.9945,10,1.82,0.9891,1,1.80,0.9782,5,1.825,0.9918,1454,0
SPY190719C296,2019-07-18,2019-07-18 09:42:07.000,1.83,0.9945,10,1.81,0.9836,100,1.80,0.9782,5,1.82,0.9891,1454,0
SPY190719C296,2019-07-18,2019-07-18 09:42:08.000,1.83,0.9945,10,1.81,0.9836,100,1.80,0.9782,5,1.82,0.9891,1454,0
SPY190719C296,2019-07-18,2019-07-18 09:42:08.000,1.83,0.9945,10,1.82,0.9891,1,1.80,0.9782,5,1.825,0.9918,1454,0
SPY190719C296,2019-07-18,2019-07-18 09:42:09.000,1.83,0.9945,10,1.80,0.9782,169,1.80,0.9782,5,1.815,0.9864,1454,0
SPY190719C296,2019-07-18,2019-07-18 09:42:10.000,1.84,1.00,10,1.81,0.9836,13,1.80,0.9782,5,1.825,0.9918,1454,0
SPY190719C296,2019-07-18,2019-07-18 09:42:10.000,1.84,1.00,10,1.82,0.9891,130,1.80,0.9782,5,1.83,0.9945,1454,0
SPY190719C296,2019-07-18,2019-07-18 09:42:11.000,1.84,1.00,10,1.83,0.9945,2,1.80,0.9782,5,1.835,0.9972,1454,0
SPY190719C296,2019-07-18,2019-07-18 09:42:11.000,1.84,1.00,10,1.82,0.9891,100,1.80,0.9782,5,1.83,0.9945,1454,0
SPY190719C296,2019-07-18,2019-07-18 09:42:12.000,1.84,1.00,7,1.82,0.9891,162,1.80,0.9782,5,1.83,0.9945,1454,0
SPY190719C296,2019-07-18,2019-07-18 09:42:13.000,1.83,0.9945,11,1.80,0.9782,174,1.80,0.9782,5,1.815,0.9864,1454,0
SPY190719C296,2019-07-18,2019-07-18 09:42:13.000,1.84,1.00,7,1.81,0.9836,100,1.80,0.9782,5,1.825,0.9918,1454,0
SPY190719C296,2019-07-18,2019-07-18 09:42:14.000,1.81,0.9836,8,1.79,0.9728,68,1.80,0.9782,5,1.80,0.9782,1454,0
SPY190719C296,2019-07-18,2019-07-18 09:42:14.000,1.81,0.9836,7,1.80,0.9782,1,1.80,0.9782,5,1.805,0.9809,1454,0
SPY190719C296,2019-07-18,2019-07-18 09:42:15.000,1.80,0.9782,10,1.77,0.9619,68,1.80,0.9782,5,1.785,0.9701,1454,0
SPY190719C296,2019-07-18,2019-07-18 09:42:15.000,1.81,0.9836,10,1.79,0.9728,10,1.80,0.9782,5,1.80,0.9782,1454,0
SPY190719C296,2019-07-18,2019-07-18 09:42:16.000,1.79,0.9728,1,1.75,0.951,173,1.80,0.9782,5,1.77,0.9619,1454,0
SPY190719C296,2019-07-18,2019-07-18 09:42:17.000,1.77,0.9619,10,1.75,0.951,5,1.80,0.9782,5,1.76,0.9565,1454,0
SPY190719C296,2019-07-18,2019-07-18 09:42:17.000,1.77,0.9619,10,1.75,0.951,174,1.80,0.9782,5,1.76,0.9565,1454,0
SPY190719C296,2019-07-18,2019-07-18 09:42:18.000,1.76,0.9565,29,1.74,0.9456,100,1.80,0.9782,5,1.75,0.951,1454,0
SPY190719C296,2019-07-18,2019-07-18 09:42:18.000,1.77,0.9619,10,1.74,0.9456,142,1.80,0.9782,5,1.755,0.9538,1454,0
SPY190719C296,2019-07-18,2019-07-18 09:42:19.000,1.76,0.9565,6,1.74,0.9456,100,1.80,0.9782,5,1.75,0.951,1454,0
SPY190719C296,2019-07-18,2019-07-18 09:42:19.000,1.76,0.9565,18,1.74,0.9456,141,1.80,0.9782,5,1.75,0.951,1454,0
SPY190719C296,2019-07-18,2019-07-18 09:42:20.000,1.76,0.9565,22,1.74,0.9456,1,1.80,0.9782,5,1.75,0.951,1454,0
SPY190719C296,2019-07-18,2019-07-18 09:42:21.000,1.75,0.951,10,1.72,0.9347,87,1.80,0.9782,5,1.735,0.9429,1454,0
SPY190719C296,2019-07-18,2019-07-18 09:42:21.000,1.76,0.9565,22,1.73,0.9402,100,1.80,0.9782,5,1.745,0.9483,1454,0
SPY190719C296,2019-07-18,2019-07-18 09:42:22.000,1.75,0.951,6,1.73,0.9402,15,1.75,0.951,1,1.74,0.9456,1455,1
SPY190719C296,2019-07-18,2019-07-18 09:42:22.000,1.75,0.951,10,1.73,0.9402,10,1.80,0.9782,5,1.74,0.9456,1454,0
SPY190719C296,2019-07-18,2019-07-18 09:42:23.000,1.75,0.951,8,1.74,0.9456,2,1.75,0.951,1,1.745,0.9483,1455,0
SPY190719C296,2019-07-18,2019-07-18 09:42:23.000,1.77,0.9619,45,1.73,0.9402,110,1.75,0.951,1,1.75,0.951,1456,1
SPY190719C296,2019-07-18,2019-07-18 09:42:24.000,1.77,0.9619,65,1.73,0.9402,175,1.75,0.951,1,1.75,0.951,1456,0
SPY190719C296,2019-07-18,2019-07-18 09:42:25.000,1.76,0.9565,12,1.74,0.9456,2,1.75,0.951,1,1.75,0.951,1456,0
SPY190719C296,2019-07-18,2019-07-18 09:42:25.000,1.76,0.9565,8,1.74,0.9456,2,1.75,0.951,1,1.75,0.951,1456,0
SPY190719C296,2019-07-18,2019-07-18 09:42:26.000,1.78,0.9673,17,1.74,0.9456,175,1.75,0.951,1,1.76,0.9565,1456,0
SPY190719C296,2019-07-18,2019-07-18 09:42:26.000,1.77,0.9619,12,1.74,0.9456,175,1.75,0.951,1,1.755,0.9538,1456,0
SPY190719C296,2019-07-18,2019-07-18 09:42:27.000,1.77,0.9619,12,1.75,0.951,175,1.75,0.951,1,1.76,0.9565,1456,0
SPY190719C296,2019-07-18,2019-07-18 09:42:27.000,1.78,0.9673,15,1.76,0.9565,147,1.75,0.951,1,1.77,0.9619,1456,0
SPY190719C296,2019-07-18,2019-07-18 09:42:28.000,1.78,0.9673,16,1.76,0.9565,100,1.75,0.951,1,1.77,0.9619,1456,0
SPY190719C296,2019-07-18,2019-07-18 09:42:29.000,1.79,0.9728,12,1.76,0.9565,100,1.75,0.951,1,1.775,0.9646,1456,0
SPY190719C296,2019-07-18,2019-07-18 09:42:29.000,1.79,0.9728,16,1.77,0.9619,137,1.75,0.951,1,1.78,0.9673,1456,0
SPY190719C296,2019-07-18,2019-07-18 09:42:30.000,1.79,0.9728,17,1.78,0.9673,1,1.75,0.951,1,1.785,0.9701,1456,0
SPY190719C296,2019-07-18,2019-07-18 09:42:30.000,1.79,0.9728,6,1.77,0.9619,140,1.75,0.951,1,1.78,0.9673,1456,0
SPY190719C296,2019-07-18,2019-07-18 09:42:31.000,1.78,0.9673,16,1.76,0.9565,100,1.75,0.951,1,1.77,0.9619,1456,0
SPY190719C296,2019-07-18,2019-07-18 09:42:32.000,1.80,0.9782,8,1.76,0.9565,15,1.75,0.951,1,1.78,0.9673,1456,0
SPY190719C296,2019-07-18,2019-07-18 09:42:32.000,1.79,0.9728,16,1.77,0.9619,100,1.75,0.951,1,1.78,0.9673,1456,0
SPY190719C296,2019-07-18,2019-07-18 09:42:33.000,1.79,0.9728,10,1.77,0.9619,100,1.75,0.951,1,1.78,0.9673,1456,0
SPY190719C296,2019-07-18,2019-07-18 09:42:34.000,1.79,0.9728,16,1.77,0.9619,100,1.75,0.951,1,1.78,0.9673,1456,0
SPY190719C296,2019-07-18,2019-07-18 09:42:34.000,1.79,0.9728,16,1.77,0.9619,110,1.75,0.951,1,1.78,0.9673,1456,0
SPY190719C296,2019-07-18,2019-07-18 09:42:35.000,1.79,0.9728,10,1.76,0.9565,100,1.75,0.951,1,1.775,0.9646,1456,0
SPY190719C296,2019-07-18,2019-07-18 09:42:36.000,1.79,0.9728,10,1.76,0.9565,100,1.75,0.951,1,1.775,0.9646,1456,0
SPY190719C296,2019-07-18,2019-07-18 09:42:37.000,1.78,0.9673,10,1.76,0.9565,110,1.75,0.951,1,1.77,0.9619,1456,0
SPY190719C296,2019-07-18,2019-07-18 09:42:37.000,1.78,0.9673,16,1.76,0.9565,110,1.75,0.951,1,1.77,0.9619,1456,0
SPY190719C296,2019-07-18,2019-07-18 09:42:38.000,1.78,0.9673,16,1.76,0.9565,110,1.75,0.951,1,1.77,0.9619,1456,0
SPY190719C296,2019-07-18,2019-07-18 09:42:39.000,1.78,0.9673,23,1.76,0.9565,110,1.75,0.951,1,1.77,0.9619,1456,0
SPY190719C296,2019-07-18,2019-07-18 09:42:39.000,1.78,0.9673,18,1.76,0.9565,8,1.75,0.951,1,1.77,0.9619,1456,0
SPY190719C296,2019-07-18,2019-07-18 09:42:40.000,1.79,0.9728,16,1.76,0.9565,175,1.75,0.951,1,1.775,0.9646,1456,0
SPY190719C296,2019-07-18,2019-07-18 09:42:40.000,1.80,0.9782,22,1.76,0.9565,185,1.75,0.951,1,1.78,0.9673,1456,0
SPY190719C296,2019-07-18,2019-07-18 09:42:41.000,1.80,0.9782,16,1.78,0.9673,100,1.75,0.951,1,1.79,0.9728,1456,0
SPY190719C296,2019-07-18,2019-07-18 09:42:41.000,1.79,0.9728,16,1.76,0.9565,217,1.75,0.951,1,1.775,0.9646,1456,0
SPY190719C296,2019-07-18,2019-07-18 09:42:42.000,1.81,0.9836,22,1.78,0.9673,174,1.75,0.951,1,1.795,0.9755,1456,0
SPY190719C296,2019-07-18,2019-07-18 09:42:43.000,1.80,0.9782,26,1.78,0.9673,100,1.75,0.951,1,1.79,0.9728,1456,0
SPY190719C296,2019-07-18,2019-07-18 09:42:44.000,1.79,0.9728,18,1.77,0.9619,22,1.75,0.951,1,1.78,0.9673,1456,0
SPY190719C296,2019-07-18,2019-07-18 09:42:45.000,1.78,0.9673,18,1.77,0.9619,2,1.75,0.951,1,1.775,0.9646,1456,0
SPY190719C296,2019-07-18,2019-07-18 09:42:46.000,1.78,0.9673,12,1.76,0.9565,137,1.75,0.951,1,1.77,0.9619,1456,0
SPY190719C296,2019-07-18,2019-07-18 09:42:47.000,1.78,0.9673,12,1.76,0.9565,137,1.75,0.951,1,1.77,0.9619,1456,0
SPY190719C296,2019-07-18,2019-07-18 09:42:48.000,1.79,0.9728,16,1.76,0.9565,180,1.75,0.951,1,1.775,0.9646,1456,0
SPY190719C296,2019-07-18,2019-07-18 09:42:48.000,1.80,0.9782,20,1.76,0.9565,170,1.75,0.951,1,1.78,0.9673,1456,0
SPY190719C296,2019-07-18,2019-07-18 09:42:49.000,1.80,0.9782,18,1.78,0.9673,8,1.75,0.951,1,1.79,0.9728,1456,0
SPY190719C296,2019-07-18,2019-07-18 09:42:50.000,1.80,0.9782,18,1.78,0.9673,10,1.75,0.951,1,1.79,0.9728,1456,0
SPY190719C296,2019-07-18,2019-07-18 09:42:51.000,1.80,0.9782,18,1.79,0.9728,2,1.75,0.951,1,1.795,0.9755,1456,0
SPY190719C296,2019-07-18,2019-07-18 09:42:52.000,1.81,0.9836,10,1.79,0.9728,141,1.75,0.951,1,1.80,0.9782,1456,0
SPY190719C296,2019-07-18,2019-07-18 09:42:53.000,1.81,0.9836,18,1.79,0.9728,110,1.75,0.951,1,1.80,0.9782,1456,0
SPY190719C296,2019-07-18,2019-07-18 09:42:54.000,1.80,0.9782,22,1.77,0.9619,79,1.75,0.951,1,1.785,0.9701,1456,0
SPY190719C296,2019-07-18,2019-07-18 09:42:54.000,1.79,0.9728,1,1.77,0.9619,79,1.75,0.951,1,1.78,0.9673,1456,0
SPY190719C296,2019-07-18,2019-07-18 09:42:55.000,1.80,0.9782,20,1.77,0.9619,79,1.75,0.951,1,1.785,0.9701,1456,0
SPY190719C296,2019-07-18,2019-07-18 09:42:56.000,1.80,0.9782,20,1.77,0.9619,84,1.75,0.951,1,1.785,0.9701,1456,0
SPY190719C296,2019-07-18,2019-07-18 09:42:56.000,1.80,0.9782,20,1.78,0.9673,2,1.75,0.951,1,1.79,0.9728,1456,0
SPY190719C296,2019-07-18,2019-07-18 09:42:57.000,1.80,0.9782,30,1.78,0.9673,2,1.75,0.951,1,1.79,0.9728,1456,0
SPY190719C296,2019-07-18,2019-07-18 09:42:58.000,1.80,0.9782,30,1.77,0.9619,84,1.75,0.951,1,1.785,0.9701,1456,0
SPY190719C296,2019-07-18,2019-07-18 09:42:59.000,1.79,0.9728,7,1.78,0.9673,2,1.75,0.951,1,1.785,0.9701,1456,0
SPY190719C296,2019-07-18,2019-07-18 09:42:59.000,1.79,0.9728,7,1.78,0.9673,3,1.75,0.951,1,1.785,0.9701,1456,0
SPY190719C296,2019-07-18,2019-07-18 09:43:00.000,1.80,0.9782,38,1.78,0.9673,2,1.75,0.951,1,1.79,0.9728,1456,0
SPY190719C296,2019-07-18,2019-07-18 09:43:00.000,1.79,0.9728,16,1.77,0.9619,10,1.75,0.951,1,1.78,0.9673,1456,0
SPY190719C296,2019-07-18,2019-07-18 09:43:01.000,1.80,0.9782,16,1.79,0.9728,1,1.75,0.951,1,1.795,0.9755,1456,0
SPY190719C296,2019-07-18,2019-07-18 09:43:02.000,1.81,0.9836,7,1.79,0.9728,100,1.75,0.951,1,1.80,0.9782,1456,0
SPY190719C296,2019-07-18,2019-07-18 09:43:02.000,1.81,0.9836,17,1.80,0.9782,3,1.75,0.951,1,1.805,0.9809,1456,0
SPY190719C296,2019-07-18,2019-07-18 09:43:03.000,1.81,0.9836,10,1.80,0.9782,3,1.75,0.951,1,1.805,0.9809,1456,0
SPY190719C296,2019-07-18,2019-07-18 09:43:03.000,1.81,0.9836,10,1.80,0.9782,1,1.75,0.951,1,1.805,0.9809,1456,0
SPY190719C296,2019-07-18,2019-07-18 09:43:04.000,1.80,0.9782,6,1.77,0.9619,175,1.75,0.951,1,1.785,0.9701,1456,0
SPY190719C296,2019-07-18,2019-07-18 09:43:05.000,1.81,0.9836,7,1.80,0.9782,1,1.75,0.951,1,1.805,0.9809,1456,0
SPY190719C296,2019-07-18,2019-07-18 09:43:05.000,1.81,0.9836,10,1.78,0.9673,101,1.75,0.951,1,1.795,0.9755,1456,0
SPY190719C296,2019-07-18,2019-07-18 09:43:06.000,1.81,0.9836,20,1.78,0.9673,146,1.75,0.951,1,1.795,0.9755,1456,0
SPY190719C296,2019-07-18,2019-07-18 09:43:06.000,1.81,0.9836,6,1.80,0.9782,1,1.80,0.9782,5,1.805,0.9809,1461,5
SPY190719C296,2019-07-18,2019-07-18 09:43:07.000,1.81,0.9836,10,1.79,0.9728,100,1.80,0.9782,5,1.80,0.9782,1461,0
SPY190719C296,2019-07-18,2019-07-18 09:43:07.000,1.81,0.9836,10,1.79,0.9728,54,1.80,0.9782,5,1.80,0.9782,1461,0
SPY190719C296,2019-07-18,2019-07-18 09:43:08.000,1.81,0.9836,10,1.79,0.9728,100,1.80,0.9782,5,1.80,0.9782,1461,0
SPY190719C296,2019-07-18,2019-07-18 09:43:09.000,1.81,0.9836,1,1.79,0.9728,100,1.80,0.9782,5,1.80,0.9782,1461,0
SPY190719C296,2019-07-18,2019-07-18 09:43:09.000,1.81,0.9836,10,1.79,0.9728,100,1.80,0.9782,5,1.80,0.9782,1461,0
SPY190719C296,2019-07-18,2019-07-18 09:43:10.000,1.81,0.9836,7,1.80,0.9782,1,1.80,0.9782,5,1.805,0.9809,1461,0
SPY190719C296,2019-07-18,2019-07-18 09:43:11.000,1.81,0.9836,10,1.78,0.9673,135,1.80,0.9782,5,1.795,0.9755,1461,0
SPY190719C296,2019-07-18,2019-07-18 09:43:11.000,1.80,0.9782,6,1.78,0.9673,100,1.80,0.9782,5,1.79,0.9728,1461,0
SPY190719C296,2019-07-18,2019-07-18 09:43:12.000,1.80,0.9782,1,1.78,0.9673,100,1.80,0.9782,5,1.79,0.9728,1461,0
SPY190719C296,2019-07-18,2019-07-18 09:43:13.000,1.81,0.9836,10,1.78,0.9673,100,1.80,0.9782,5,1.795,0.9755,1461,0
SPY190719C296,2019-07-18,2019-07-18 09:43:14.000,1.81,0.9836,16,1.78,0.9673,143,1.80,0.9782,5,1.795,0.9755,1461,0
SPY190719C296,2019-07-18,2019-07-18 09:43:14.000,1.80,0.9782,12,1.78,0.9673,143,1.80,0.9782,5,1.79,0.9728,1461,0
SPY190719C296,2019-07-18,2019-07-18 09:43:15.000,1.82,0.9891,15,1.79,0.9728,130,1.80,0.9782,5,1.805,0.9809,1461,0
SPY190719C296,2019-07-18,2019-07-18 09:43:15.000,1.81,0.9836,16,1.79,0.9728,100,1.80,0.9782,5,1.80,0.9782,1461,0
SPY190719C296,2019-07-18,2019-07-18 09:43:16.000,1.82,0.9891,20,1.79,0.9728,131,1.80,0.9782,5,1.805,0.9809,1461,0
SPY190719C296,2019-07-18,2019-07-18 09:43:17.000,1.81,0.9836,1,1.79,0.9728,100,1.80,0.9782,5,1.80,0.9782,1461,0
SPY190719C296,2019-07-18,2019-07-18 09:43:17.000,1.81,0.9836,1,1.80,0.9782,1,1.80,0.9782,5,1.805,0.9809,1461,0
SPY190719C296,2019-07-18,2019-07-18 09:43:18.000,1.81,0.9836,7,1.80,0.9782,1,1.80,0.9782,5,1.805,0.9809,1461,0
SPY190719C296,2019-07-18,2019-07-18 09:43:19.000,1.82,0.9891,6,1.80,0.9782,7,1.80,0.9782,5,1.81,0.9836,1461,0
SPY190719C296,2019-07-18,2019-07-18 09:43:19.000,1.81,0.9836,7,1.80,0.9782,1,1.80,0.9782,5,1.805,0.9809,1461,0
SPY190719C296,2019-07-18,2019-07-18 09:43:20.000,1.82,0.9891,6,1.80,0.9782,151,1.80,0.9782,5,1.81,0.9836,1461,0
SPY190719C296,2019-07-18,2019-07-18 09:43:21.000,1.83,0.9945,10,1.82,0.9891,1,1.80,0.9782,5,1.825,0.9918,1461,0
SPY190719C296,2019-07-18,2019-07-18 09:43:21.000,1.83,0.9945,10,1.80,0.9782,170,1.82,0.9891,1,1.815,0.9864,1462,1
SPY190719C296,2019-07-18,2019-07-18 09:43:22.000,1.83,0.9945,10,1.82,0.9891,100,1.82,0.9891,1,1.825,0.9918,1462,0
SPY190719C296,2019-07-18,2019-07-18 09:43:23.000,1.83,0.9945,10,1.82,0.9891,100,1.82,0.9891,1,1.825,0.9918,1462,0
SPY190719C296,2019-07-18,2019-07-18 09:43:23.000,1.83,0.9945,10,1.82,0.9891,1,1.82,0.9891,1,1.825,0.9918,1462,0
SPY190719C296,2019-07-18,2019-07-18 09:43:24.000,1.82,0.9891,7,1.80,0.9782,10,1.82,0.9891,1,1.81,0.9836,1462,0
SPY190719C296,2019-07-18,2019-07-18 09:43:25.000,1.82,0.9891,7,1.80,0.9782,10,1.82,0.9891,1,1.81,0.9836,1462,0
SPY190719C296,2019-07-18,2019-07-18 09:43:25.000,1.82,0.9891,7,1.79,0.9728,175,1.82,0.9891,1,1.805,0.9809,1462,0
SPY190719C296,2019-07-18,2019-07-18 09:43:26.000,1.82,0.9891,7,1.81,0.9836,1,1.82,0.9891,1,1.815,0.9864,1462,0
SPY190719C296,2019-07-18,2019-07-18 09:43:27.000,1.82,0.9891,7,1.80,0.9782,2,1.82,0.9891,1,1.81,0.9836,1462,0
SPY190719C296,2019-07-18,2019-07-18 09:43:27.000,1.82,0.9891,7,1.80,0.9782,10,1.82,0.9891,1,1.81,0.9836,1462,0
SPY190719C296,2019-07-18,2019-07-18 09:43:28.000,1.82,0.9891,7,1.79,0.9728,175,1.82,0.9891,1,1.805,0.9809,1462,0
SPY190719C296,2019-07-18,2019-07-18 09:43:28.000,1.82,0.9891,10,1.80,0.9782,2,1.82,0.9891,1,1.81,0.9836,1462,0
SPY190719C296,2019-07-18,2019-07-18 09:43:34.000,1.83,0.9945,6,1.81,0.9836,155,1.83,0.9945,1,1.82,0.9891,1463,1
SPY190719C296,2019-07-18,2019-07-18 09:43:35.000,1.84,1.00,10,1.82,0.9891,2,1.83,0.9945,1,1.83,0.9945,1463,0
SPY190719C296,2019-07-18,2019-07-18 09:43:37.000,1.84,1.00,10,1.82,0.9891,100,1.83,0.9945,1,1.83,0.9945,1463,0
SPY190719C296,2019-07-18,2019-07-18 09:43:37.000,1.84,1.00,10,1.82,0.9891,2,1.83,0.9945,1,1.83,0.9945,1463,0
SPY190719C296,2019-07-18,2019-07-18 09:43:39.000,1.84,1.00,10,1.82,0.9891,134,1.83,0.9945,1,1.83,0.9945,1463,0
SPY190719C296,2019-07-18,2019-07-18 09:43:40.000,1.84,1.00,10,1.82,0.9891,145,1.83,0.9945,1,1.83,0.9945,1463,0
SPY190719C296,2019-07-18,2019-07-18 09:43:41.000,1.85,1.0054,10,1.82,0.9891,145,1.83,0.9945,1,1.835,0.9972,1463,0
SPY190719C296,2019-07-18,2019-07-18 09:43:42.000,1.84,1.00,8,1.82,0.9891,100,1.83,0.9945,1,1.83,0.9945,1463,0
SPY190719C296,2019-07-18,2019-07-18 09:43:43.000,1.84,1.00,8,1.83,0.9945,10,1.83,0.9945,1,1.835,0.9972,1463,0
SPY190719C296,2019-07-18,2019-07-18 09:43:45.000,1.85,1.0054,10,1.84,1.00,2,1.84,1.00,1,1.845,1.0027,1465,2
SPY190719C296,2019-07-18,2019-07-18 09:43:47.000,1.84,1.00,10,1.83,0.9945,1,1.84,1.00,1,1.835,0.9972,1465,0
SPY190719C296,2019-07-18,2019-07-18 09:43:49.000,1.85,1.0054,10,1.83,0.9945,135,1.84,1.00,1,1.84,1.00,1465,0
SPY190719C296,2019-07-18,2019-07-18 09:43:51.000,1.85,1.0054,7,1.83,0.9945,7,1.84,1.00,1,1.84,1.00,1465,0
SPY190719C296,2019-07-18,2019-07-18 09:43:52.000,1.85,1.0054,1,1.83,0.9945,94,1.85,1.0054,47,1.84,1.00,1520,55
SPY190719C296,2019-07-18,2019-07-18 09:43:55.000,1.86,1.0108,7,1.84,1.00,1,1.85,1.0054,47,1.85,1.0054,1520,0
SPY190719C296,2019-07-18,2019-07-18 09:43:57.000,1.87,1.0163,10,1.85,1.0054,100,1.85,1.0054,47,1.86,1.0108,1520,0
SPY190719C296,2019-07-18,2019-07-18 09:43:59.000,1.87,1.0163,10,1.81,0.9836,173,1.87,1.0163,10,1.84,1.00,1530,10
SPY190719C296,2019-07-18,2019-07-18 09:44:01.000,1.84,1.00,1,1.81,0.9836,168,1.87,1.0163,10,1.825,0.9918,1530,0
SPY190719C296,2019-07-18,2019-07-18 09:44:03.000,1.84,1.00,8,1.83,0.9945,2,1.87,1.0163,10,1.835,0.9972,1530,0
SPY190719C296,2019-07-18,2019-07-18 09:44:04.000,1.84,1.00,7,1.82,0.9891,100,1.87,1.0163,10,1.83,0.9945,1530,0
SPY190719C296,2019-07-18,2019-07-18 09:44:05.000,1.84,1.00,8,1.83,0.9945,1,1.87,1.0163,10,1.835,0.9972,1530,0
SPY190719C296,2019-07-18,2019-07-18 09:44:06.000,1.84,1.00,8,1.82,0.9891,100,1.87,1.0163,10,1.83,0.9945,1530,0
SPY190719C296,2019-07-18,2019-07-18 09:44:07.000,1.84,1.00,9,1.82,0.9891,100,1.87,1.0163,10,1.83,0.9945,1530,0
SPY190719C296,2019-07-18,2019-07-18 09:44:08.000,1.83,0.9945,7,1.81,0.9836,170,1.87,1.0163,10,1.82,0.9891,1530,0
SPY190719C296,2019-07-18,2019-07-18 09:44:09.000,1.84,1.00,1,1.82,0.9891,159,1.87,1.0163,10,1.83,0.9945,1530,0
SPY190719C296,2019-07-18,2019-07-18 09:44:10.000,1.85,1.0054,6,1.83,0.9945,1,1.87,1.0163,10,1.84,1.00,1530,0
SPY190719C296,2019-07-18,2019-07-18 09:44:10.000,1.85,1.0054,7,1.82,0.9891,174,1.87,1.0163,10,1.835,0.9972,1530,0
SPY190719C296,2019-07-18,2019-07-18 09:44:11.000,1.85,1.0054,7,1.83,0.9945,1,1.87,1.0163,10,1.84,1.00,1530,0
SPY190719C296,2019-07-18,2019-07-18 09:44:12.000,1.87,1.0163,1,1.86,1.0108,1,1.87,1.0163,10,1.865,1.0135,1530,0
SPY190719C296,2019-07-18,2019-07-18 09:44:12.000,1.87,1.0163,1,1.85,1.0054,100,1.87,1.0163,10,1.86,1.0108,1530,0
SPY190719C296,2019-07-18,2019-07-18 09:44:13.000,1.87,1.0163,7,1.86,1.0108,1,1.86,1.0108,1,1.865,1.0135,1532,2
SPY190719C296,2019-07-18,2019-07-18 09:44:13.000,1.86,1.0108,10,1.84,1.00,10,1.86,1.0108,1,1.85,1.0054,1532,0
SPY190719C296,2019-07-18,2019-07-18 09:44:14.000,1.86,1.0108,1,1.84,1.00,110,1.86,1.0108,1,1.85,1.0054,1532,0
SPY190719C296,2019-07-18,2019-07-18 09:44:15.000,1.86,1.0108,1,1.84,1.00,174,1.86,1.0108,1,1.85,1.0054,1532,0
SPY190719C296,2019-07-18,2019-07-18 09:44:16.000,1.86,1.0108,10,1.83,0.9945,169,1.86,1.0108,1,1.845,1.0027,1532,0
SPY190719C296,2019-07-18,2019-07-18 09:44:17.000,1.86,1.0108,10,1.83,0.9945,169,1.86,1.0108,1,1.845,1.0027,1532,0
SPY190719C296,2019-07-18,2019-07-18 09:44:18.000,1.86,1.0108,10,1.83,0.9945,169,1.86,1.0108,1,1.845,1.0027,1532,0
SPY190719C296,2019-07-18,2019-07-18 09:44:19.000,1.86,1.0108,105,1.81,0.9836,5,1.86,1.0108,1,1.835,0.9972,1532,0
SPY190719C296,2019-07-18,2019-07-18 09:44:19.000,1.86,1.0108,10,1.83,0.9945,215,1.86,1.0108,1,1.845,1.0027,1532,0
SPY190719C296,2019-07-18,2019-07-18 09:44:20.000,1.83,0.9945,7,1.82,0.9891,100,1.86,1.0108,1,1.825,0.9918,1532,0
SPY190719C296,2019-07-18,2019-07-18 09:44:20.000,1.84,1.00,9,1.82,0.9891,100,1.86,1.0108,1,1.83,0.9945,1532,0
SPY190719C296,2019-07-18,2019-07-18 09:44:21.000,1.84,1.00,10,1.82,0.9891,100,1.86,1.0108,1,1.83,0.9945,1532,0
SPY190719C296,2019-07-18,2019-07-18 09:44:22.000,1.86,1.0108,20,1.82,0.9891,100,1.86,1.0108,1,1.84,1.00,1532,0
SPY190719C296,2019-07-18,2019-07-18 09:44:23.000,1.85,1.0054,7,1.84,1.00,2,1.86,1.0108,1,1.845,1.0027,1532,0
SPY190719C296,2019-07-18,2019-07-18 09:44:24.000,1.85,1.0054,9,1.83,0.9945,10,1.86,1.0108,1,1.84,1.00,1532,0
SPY190719C296,2019-07-18,2019-07-18 09:44:25.000,1.84,1.00,10,1.82,0.9891,100,1.86,1.0108,1,1.83,0.9945,1532,0
SPY190719C296,2019-07-18,2019-07-18 09:44:26.000,1.84,1.00,7,1.83,0.9945,100,1.86,1.0108,1,1.835,0.9972,1532,0
SPY190719C296,2019-07-18,2019-07-18 09:44:27.000,1.85,1.0054,6,1.82,0.9891,173,1.86,1.0108,1,1.835,0.9972,1532,0
SPY190719C296,2019-07-18,2019-07-18 09:44:28.000,1.86,1.0108,10,1.83,0.9945,174,1.86,1.0108,1,1.845,1.0027,1532,0
SPY190719C296,2019-07-18,2019-07-18 09:44:29.000,1.86,1.0108,10,1.83,0.9945,174,1.86,1.0108,1,1.845,1.0027,1532,0
SPY190719C296,2019-07-18,2019-07-18 09:44:29.000,1.87,1.0163,10,1.85,1.0054,100,1.86,1.0108,1,1.86,1.0108,1532,0
SPY190719C296,2019-07-18,2019-07-18 09:44:30.000,1.86,1.0108,7,1.84,1.00,100,1.86,1.0108,1,1.85,1.0054,1532,0
SPY190719C296,2019-07-18,2019-07-18 09:44:30.000,1.87,1.0163,10,1.85,1.0054,100,1.86,1.0108,1,1.86,1.0108,1532,0
SPY190719C296,2019-07-18,2019-07-18 09:44:32.000,1.87,1.0163,10,1.86,1.0108,1,1.86,1.0108,1,1.865,1.0135,1532,0
SPY190719C296,2019-07-18,2019-07-18 09:44:32.000,1.87,1.0163,10,1.85,1.0054,2,1.86,1.0108,1,1.86,1.0108,1532,0
SPY190719C296,2019-07-18,2019-07-18 09:44:33.000,1.87,1.0163,10,1.84,1.00,174,1.86,1.0108,1,1.855,1.0081,1532,0
SPY190719C296,2019-07-18,2019-07-18 09:44:33.000,1.87,1.0163,10,1.86,1.0108,1,1.86,1.0108,1,1.865,1.0135,1532,0
SPY190719C296,2019-07-18,2019-07-18 09:44:34.000,1.87,1.0163,10,1.84,1.00,174,1.86,1.0108,1,1.855,1.0081,1532,0
SPY190719C296,2019-07-18,2019-07-18 09:44:35.000,1.87,1.0163,10,1.85,1.0054,2,1.86,1.0108,1,1.86,1.0108,1532,0
SPY190719C296,2019-07-18,2019-07-18 09:44:35.000,1.87,1.0163,10,1.85,1.0054,3,1.86,1.0108,1,1.86,1.0108,1532,0
SPY190719C296,2019-07-18,2019-07-18 09:44:36.000,1.87,1.0163,10,1.84,1.00,169,1.86,1.0108,1,1.855,1.0081,1532,0
SPY190719C296,2019-07-18,2019-07-18 09:44:37.000,1.87,1.0163,10,1.85,1.0054,2,1.86,1.0108,1,1.86,1.0108,1532,0
SPY190719C296,2019-07-18,2019-07-18 09:44:37.000,1.87,1.0163,10,1.84,1.00,169,1.86,1.0108,1,1.855,1.0081,1532,0
SPY190719C296,2019-07-18,2019-07-18 09:44:38.000,1.87,1.0163,10,1.84,1.00,100,1.86,1.0108,1,1.855,1.0081,1532,0
SPY190719C296,2019-07-18,2019-07-18 09:44:39.000,1.87,1.0163,10,1.83,0.9945,174,1.86,1.0108,1,1.85,1.0054,1532,0
SPY190719C296,2019-07-18,2019-07-18 09:44:39.000,1.85,1.0054,8,1.83,0.9945,169,1.86,1.0108,1,1.84,1.00,1532,0
SPY190719C296,2019-07-18,2019-07-18 09:44:40.000,1.85,1.0054,10,1.83,0.9945,132,1.86,1.0108,1,1.84,1.00,1532,0
SPY190719C296,2019-07-18,2019-07-18 09:44:40.000,1.85,1.0054,6,1.83,0.9945,100,1.86,1.0108,1,1.84,1.00,1532,0
SPY190719C296,2019-07-18,2019-07-18 09:44:41.000,1.85,1.0054,10,1.83,0.9945,100,1.86,1.0108,1,1.84,1.00,1532,0
SPY190719C296,2019-07-18,2019-07-18 09:44:42.000,1.85,1.0054,6,1.84,1.00,1,1.86,1.0108,1,1.845,1.0027,1532,0
SPY190719C296,2019-07-18,2019-07-18 09:44:42.000,1.85,1.0054,10,1.83,0.9945,133,1.86,1.0108,1,1.84,1.00,1532,0
SPY190719C296,2019-07-18,2019-07-18 09:44:43.000,1.85,1.0054,6,1.84,1.00,3,1.86,1.0108,1,1.845,1.0027,1532,0
SPY190719C296,2019-07-18,2019-07-18 09:44:44.000,1.85,1.0054,6,1.83,0.9945,134,1.86,1.0108,1,1.84,1.00,1532,0
SPY190719C296,2019-07-18,2019-07-18 09:44:45.000,1.86,1.0108,10,1.83,0.9945,134,1.86,1.0108,1,1.845,1.0027,1532,0
SPY190719C296,2019-07-18,2019-07-18 09:44:46.000,1.85,1.0054,10,1.82,0.9891,100,1.86,1.0108,1,1.835,0.9972,1532,0
SPY190719C296,2019-07-18,2019-07-18 09:44:46.000,1.85,1.0054,10,1.83,0.9945,134,1.86,1.0108,1,1.84,1.00,1532,0
SPY190719C296,2019-07-18,2019-07-18 09:44:47.000,1.84,1.00,10,1.82,0.9891,100,1.86,1.0108,1,1.83,0.9945,1532,0
SPY190719C296,2019-07-18,2019-07-18 09:44:48.000,1.84,1.00,10,1.83,0.9945,1,1.86,1.0108,1,1.835,0.9972,1532,0
SPY190719C296,2019-07-18,2019-07-18 09:44:48.000,1.84,1.00,10,1.82,0.9891,12,1.86,1.0108,1,1.83,0.9945,1532,0
SPY190719C296,2019-07-18,2019-07-18 09:44:49.000,1.83,0.9945,6,1.82,0.9891,2,1.86,1.0108,1,1.825,0.9918,1532,0
SPY190719C296,2019-07-18,2019-07-18 09:44:50.000,1.85,1.0054,10,1.83,0.9945,168,1.86,1.0108,1,1.84,1.00,1532,0
SPY190719C296,2019-07-18,2019-07-18 09:44:51.000,1.86,1.0108,1,1.83,0.9945,100,1.86,1.0108,1,1.845,1.0027,1532,0
SPY190719C296,2019-07-18,2019-07-18 09:44:52.000,1.85,1.0054,10,1.81,0.9836,174,1.86,1.0108,1,1.83,0.9945,1532,0
SPY190719C296,2019-07-18,2019-07-18 09:44:52.000,1.83,0.9945,7,1.81,0.9836,168,1.86,1.0108,1,1.82,0.9891,1532,0
SPY190719C296,2019-07-18,2019-07-18 09:44:53.000,1.83,0.9945,8,1.82,0.9891,2,1.86,1.0108,1,1.825,0.9918,1532,0
SPY190719C296,2019-07-18,2019-07-18 09:44:54.000,1.83,0.9945,7,1.81,0.9836,49,1.86,1.0108,1,1.82,0.9891,1532,0
SPY190719C296,2019-07-18,2019-07-18 09:44:54.000,1.83,0.9945,10,1.80,0.9782,168,1.86,1.0108,1,1.815,0.9864,1532,0
SPY190719C296,2019-07-18,2019-07-18 09:44:55.000,1.83,0.9945,10,1.80,0.9782,168,1.86,1.0108,1,1.815,0.9864,1532,0
SPY190719C296,2019-07-18,2019-07-18 09:44:56.000,1.83,0.9945,10,1.83,0.9945,1,1.86,1.0108,1,1.83,0.9945,1532,0
SPY190719C296,2019-07-18,2019-07-18 09:44:56.000,1.84,1.00,10,1.83,0.9945,1,1.83,0.9945,1,1.835,0.9972,1533,1
SPY190719C296,2019-07-18,2019-07-18 09:44:57.000,1.85,1.0054,10,1.83,0.9945,100,1.83,0.9945,1,1.84,1.00,1533,0
SPY190719C296,2019-07-18,2019-07-18 09:44:57.000,1.85,1.0054,7,1.83,0.9945,100,1.83,0.9945,1,1.84,1.00,1533,0
SPY190719C296,2019-07-18,2019-07-18 09:44:58.000,1.84,1.00,6,1.83,0.9945,1,1.83,0.9945,1,1.835,0.9972,1533,0
SPY190719C296,2019-07-18,2019-07-18 09:44:59.000,1.86,1.0108,31,1.84,1.00,100,1.83,0.9945,1,1.85,1.0054,1533,0
SPY190719C296,2019-07-18,2019-07-18 09:44:59.000,1.87,1.0163,10,1.84,1.00,100,1.83,0.9945,1,1.855,1.0081,1533,0
SPY190719C296,2019-07-18,2019-07-18 09:45:00.000,1.87,1.0163,7,1.86,1.0108,100,1.83,0.9945,1,1.865,1.0135,1533,0
SPY190719C296,2019-07-18,2019-07-18 09:45:01.000,1.88,1.0217,10,1.86,1.0108,100,1.83,0.9945,1,1.87,1.0163,1533,0
SPY190719C296,2019-07-18,2019-07-18 09:45:01.000,1.88,1.0217,10,1.86,1.0108,101,1.83,0.9945,1,1.87,1.0163,1533,0
SPY190719C296,2019-07-18,2019-07-18 09:45:02.000,1.88,1.0217,10,1.86,1.0108,101,1.83,0.9945,1,1.87,1.0163,1533,0
SPY190719C296,2019-07-18,2019-07-18 09:45:03.000,1.88,1.0217,1,1.87,1.0163,2,1.88,1.0217,10,1.875,1.019,1543,0
SPY190719C296,2019-07-18,2019-07-18 09:45:03.000,1.88,1.0217,10,1.86,1.0108,101,1.88,1.0217,10,1.87,1.0163,1543,10
SPY190719C296,2019-07-18,2019-07-18 09:45:04.000,1.89,1.0271,8,1.87,1.0163,1,1.88,1.0217,10,1.88,1.0217,1543,0
SPY190719C296,2019-07-18,2019-07-18 09:45:04.000,1.89,1.0271,8,1.88,1.0217,1,1.88,1.0217,10,1.885,1.0244,1543,0
SPY190719C296,2019-07-18,2019-07-18 09:45:05.000,1.89,1.0271,10,1.88,1.0217,1,1.88,1.0217,10,1.885,1.0244,1543,0
SPY190719C296,2019-07-18,2019-07-18 09:45:06.000,1.89,1.0271,10,1.88,1.0217,1,1.88,1.0217,10,1.885,1.0244,1543,0
SPY190719C296,2019-07-18,2019-07-18 09:45:06.000,1.91,1.038,20,1.88,1.0217,100,1.88,1.0217,10,1.895,1.0298,1543,0
SPY190719C296,2019-07-18,2019-07-18 09:45:07.000,1.91,1.038,20,1.89,1.0271,1,1.88,1.0217,10,1.90,1.0326,1543,0
SPY190719C296,2019-07-18,2019-07-18 09:45:08.000,1.89,1.0271,7,1.86,1.0108,143,1.88,1.0217,10,1.875,1.019,1543,0
SPY190719C296,2019-07-18,2019-07-18 09:45:08.000,1.90,1.0326,7,1.88,1.0217,15,1.88,1.0217,10,1.89,1.0271,1543,0
SPY190719C296,2019-07-18,2019-07-18 09:45:09.000,1.89,1.0271,10,1.88,1.0217,1,1.88,1.0217,10,1.885,1.0244,1543,0
SPY190719C296,2019-07-18,2019-07-18 09:45:09.000,1.89,1.0271,10,1.86,1.0108,148,1.88,1.0217,1,1.875,1.019,1545,2
SPY190719C296,2019-07-18,2019-07-18 09:45:10.000,1.88,1.0217,4,1.85,1.0054,100,1.88,1.0217,1,1.865,1.0135,1545,0
SPY190719C296,2019-07-18,2019-07-18 09:45:10.000,1.89,1.0271,20,1.86,1.0108,148,1.88,1.0217,1,1.875,1.019,1545,0
SPY190719C296,2019-07-18,2019-07-18 09:45:11.000,1.87,1.0163,7,1.85,1.0054,100,1.88,1.0217,1,1.86,1.0108,1545,0
SPY190719C296,2019-07-18,2019-07-18 09:45:12.000,1.86,1.0108,10,1.83,0.9945,40,1.88,1.0217,1,1.845,1.0027,1545,0
SPY190719C296,2019-07-18,2019-07-18 09:45:13.000,1.84,1.00,10,1.82,0.9891,100,1.88,1.0217,1,1.83,0.9945,1545,0
SPY190719C296,2019-07-18,2019-07-18 09:45:13.000,1.86,1.0108,10,1.84,1.00,100,1.88,1.0217,1,1.85,1.0054,1545,0
SPY190719C296,2019-07-18,2019-07-18 09:45:14.000,1.84,1.00,10,1.82,0.9891,100,1.88,1.0217,1,1.83,0.9945,1545,0
SPY190719C296,2019-07-18,2019-07-18 09:45:15.000,1.83,0.9945,1,1.81,0.9836,101,1.88,1.0217,1,1.82,0.9891,1545,0
SPY190719C296,2019-07-18,2019-07-18 09:45:15.000,1.83,0.9945,1,1.82,0.9891,10,1.88,1.0217,1,1.825,0.9918,1545,0
SPY190719C296,2019-07-18,2019-07-18 09:45:16.000,1.83,0.9945,7,1.81,0.9836,101,1.88,1.0217,1,1.82,0.9891,1545,0
SPY190719C296,2019-07-18,2019-07-18 09:45:16.000,1.83,0.9945,9,1.82,0.9891,1,1.88,1.0217,1,1.825,0.9918,1545,0
SPY190719C296,2019-07-18,2019-07-18 09:45:17.000,1.83,0.9945,9,1.81,0.9836,100,1.88,1.0217,1,1.82,0.9891,1545,0
SPY190719C296,2019-07-18,2019-07-18 09:45:17.000,1.83,0.9945,9,1.82,0.9891,1,1.88,1.0217,1,1.825,0.9918,1545,0
SPY190719C296,2019-07-18,2019-07-18 09:45:18.000,1.83,0.9945,10,1.81,0.9836,100,1.88,1.0217,1,1.82,0.9891,1545,0
SPY190719C296,2019-07-18,2019-07-18 09:45:19.000,1.83,0.9945,10,1.81,0.9836,100,1.88,1.0217,1,1.82,0.9891,1545,0
SPY190719C296,2019-07-18,2019-07-18 09:45:19.000,1.83,0.9945,8,1.82,0.9891,1,1.88,1.0217,1,1.825,0.9918,1545,0
SPY190719C296,2019-07-18,2019-07-18 09:45:20.000,1.83,0.9945,10,1.81,0.9836,100,1.88,1.0217,1,1.82,0.9891,1545,0
SPY190719C296,2019-07-18,2019-07-18 09:45:21.000,1.82,0.9891,10,1.80,0.9782,100,1.88,1.0217,1,1.81,0.9836,1545,0
SPY190719C296,2019-07-18,2019-07-18 09:45:22.000,1.80,0.9782,10,1.78,0.9673,100,1.80,0.9782,2,1.79,0.9728,1547,2
SPY190719C296,2019-07-18,2019-07-18 09:45:22.000,1.81,0.9836,1,1.80,0.9782,2,1.88,1.0217,1,1.805,0.9809,1545,0
SPY190719C296,2019-07-18,2019-07-18 09:45:23.000,1.80,0.9782,10,1.78,0.9673,100,1.80,0.9782,2,1.79,0.9728,1547,0
SPY190719C296,2019-07-18,2019-07-18 09:45:24.000,1.79,0.9728,10,1.77,0.9619,4,1.80,0.9782,2,1.78,0.9673,1547,0
SPY190719C296,2019-07-18,2019-07-18 09:45:25.000,1.80,0.9782,1,1.78,0.9673,100,1.80,0.9782,2,1.79,0.9728,1547,0
SPY190719C296,2019-07-18,2019-07-18 09:45:26.000,1.80,0.9782,6,1.78,0.9673,100,1.80,0.9782,2,1.79,0.9728,1547,0
SPY190719C296,2019-07-18,2019-07-18 09:45:26.000,1.81,0.9836,16,1.78,0.9673,100,1.80,0.9782,2,1.795,0.9755,1547,0
SPY190719C296,2019-07-18,2019-07-18 09:45:27.000,1.80,0.9782,16,1.78,0.9673,100,1.80,0.9782,2,1.79,0.9728,1547,0
SPY190719C296,2019-07-18,2019-07-18 09:45:28.000,1.80,0.9782,18,1.78,0.9673,100,1.80,0.9782,2,1.79,0.9728,1547,0
SPY190719C296,2019-07-18,2019-07-18 09:45:28.000,1.80,0.9782,16,1.78,0.9673,100,1.80,0.9782,2,1.79,0.9728,1547,0
SPY190719C296,2019-07-18,2019-07-18 09:45:29.000,1.80,0.9782,16,1.78,0.9673,100,1.80,0.9782,2,1.79,0.9728,1547,0
SPY190719C296,2019-07-18,2019-07-18 09:45:30.000,1.79,0.9728,10,1.78,0.9673,100,1.80,0.9782,2,1.785,0.9701,1547,0
SPY190719C296,2019-07-18,2019-07-18 09:45:31.000,1.79,0.9728,10,1.78,0.9673,100,1.80,0.9782,2,1.785,0.9701,1547,0
SPY190719C296,2019-07-18,2019-07-18 09:45:32.000,1.80,0.9782,17,1.79,0.9728,3,1.80,0.9782,2,1.795,0.9755,1547,0
SPY190719C296,2019-07-18,2019-07-18 09:45:32.000,1.80,0.9782,16,1.78,0.9673,100,1.80,0.9782,2,1.79,0.9728,1547,0
SPY190719C296,2019-07-18,2019-07-18 09:45:33.000,1.80,0.9782,18,1.78,0.9673,100,1.80,0.9782,2,1.79,0.9728,1547,0
SPY190719C296,2019-07-18,2019-07-18 09:45:34.000,1.79,0.9728,7,1.78,0.9673,100,1.80,0.9782,2,1.785,0.9701,1547,0
SPY190719C296,2019-07-18,2019-07-18 09:45:34.000,1.80,0.9782,16,1.78,0.9673,1,1.80,0.9782,2,1.79,0.9728,1547,0
SPY190719C296,2019-07-18,2019-07-18 09:45:35.000,1.80,0.9782,26,1.78,0.9673,1,1.80,0.9782,2,1.79,0.9728,1547,0
SPY190719C296,2019-07-18,2019-07-18 09:45:36.000,1.80,0.9782,16,1.78,0.9673,1,1.80,0.9782,2,1.79,0.9728,1547,0
SPY190719C296,2019-07-18,2019-07-18 09:45:37.000,1.80,0.9782,16,1.78,0.9673,1,1.80,0.9782,2,1.79,0.9728,1547,0
SPY190719C296,2019-07-18,2019-07-18 09:45:38.000,1.79,0.9728,7,1.78,0.9673,1,1.80,0.9782,2,1.785,0.9701,1547,0
SPY190719C296,2019-07-18,2019-07-18 09:45:39.000,1.80,0.9782,12,1.78,0.9673,1,1.80,0.9782,2,1.79,0.9728,1547,0
SPY190719C296,2019-07-18,2019-07-18 09:45:40.000,1.81,0.9836,12,1.79,0.9728,1,1.80,0.9782,2,1.80,0.9782,1547,0
SPY190719C296,2019-07-18,2019-07-18 09:45:40.000,1.81,0.9836,12,1.78,0.9673,100,1.80,0.9782,2,1.795,0.9755,1547,0
SPY190719C296,2019-07-18,2019-07-18 09:45:41.000,1.81,0.9836,26,1.79,0.9728,2,1.80,0.9782,2,1.80,0.9782,1547,0
SPY190719C296,2019-07-18,2019-07-18 09:45:42.000,1.81,0.9836,10,1.78,0.9673,159,1.80,0.9782,2,1.795,0.9755,1547,0
SPY190719C296,2019-07-18,2019-07-18 09:45:42.000,1.81,0.9836,10,1.79,0.9728,1,1.80,0.9782,2,1.80,0.9782,1547,0
SPY190719C296,2019-07-18,2019-07-18 09:45:43.000,1.80,0.9782,8,1.78,0.9673,101,1.80,0.9782,2,1.79,0.9728,1547,0
SPY190719C296,2019-07-18,2019-07-18 09:45:44.000,1.81,0.9836,10,1.78,0.9673,101,1.80,0.9782,2,1.795,0.9755,1547,0
SPY190719C296,2019-07-18,2019-07-18 09:45:45.000,1.80,0.9782,10,1.78,0.9673,100,1.80,0.9782,2,1.79,0.9728,1547,0
SPY190719C296,2019-07-18,2019-07-18 09:45:45.000,1.81,0.9836,11,1.78,0.9673,101,1.80,0.9782,2,1.795,0.9755,1547,0
SPY190719C296,2019-07-18,2019-07-18 09:45:46.000,1.80,0.9782,10,1.78,0.9673,100,1.80,0.9782,2,1.79,0.9728,1547,0
SPY190719C296,2019-07-18,2019-07-18 09:45:47.000,1.81,0.9836,15,1.78,0.9673,100,1.80,0.9782,2,1.795,0.9755,1547,0
SPY190719C296,2019-07-18,2019-07-18 09:45:48.000,1.80,0.9782,7,1.78,0.9673,100,1.80,0.9782,2,1.79,0.9728,1547,0
SPY190719C296,2019-07-18,2019-07-18 09:45:48.000,1.81,0.9836,27,1.78,0.9673,100,1.80,0.9782,2,1.795,0.9755,1547,0
SPY190719C296,2019-07-18,2019-07-18 09:45:49.000,1.79,0.9728,22,1.76,0.9565,100,1.80,0.9782,2,1.775,0.9646,1547,0
SPY190719C296,2019-07-18,2019-07-18 09:45:49.000,1.79,0.9728,12,1.75,0.951,100,1.80,0.9782,2,1.77,0.9619,1547,0
SPY190719C296,2019-07-18,2019-07-18 09:45:50.000,1.77,0.9619,10,1.76,0.9565,10,1.80,0.9782,2,1.765,0.9592,1547,0
SPY190719C296,2019-07-18,2019-07-18 09:45:51.000,1.76,0.9565,10,1.74,0.9456,110,1.80,0.9782,2,1.75,0.951,1547,0
SPY190719C296,2019-07-18,2019-07-18 09:45:51.000,1.78,0.9673,16,1.75,0.951,100,1.80,0.9782,2,1.765,0.9592,1547,0
SPY190719C296,2019-07-18,2019-07-18 09:45:52.000,1.78,0.9673,69,1.75,0.951,100,1.80,0.9782,2,1.765,0.9592,1547,0
SPY190719C296,2019-07-18,2019-07-18 09:45:52.000,1.78,0.9673,26,1.75,0.951,100,1.80,0.9782,2,1.765,0.9592,1547,0
SPY190719C296,2019-07-18,2019-07-18 09:45:53.000,1.78,0.9673,18,1.76,0.9565,100,1.80,0.9782,2,1.77,0.9619,1547,0
SPY190719C296,2019-07-18,2019-07-18 09:45:53.000,1.78,0.9673,10,1.75,0.951,93,1.80,0.9782,2,1.765,0.9592,1547,0
SPY190719C296,2019-07-18,2019-07-18 09:45:54.000,1.78,0.9673,16,1.77,0.9619,100,1.80,0.9782,2,1.775,0.9646,1547,0
SPY190719C296,2019-07-18,2019-07-18 09:45:55.000,1.80,0.9782,16,1.77,0.9619,171,1.80,0.9782,2,1.785,0.9701,1547,0
SPY190719C296,2019-07-18,2019-07-18 09:45:55.000,1.80,0.9782,16,1.77,0.9619,166,1.80,0.9782,2,1.785,0.9701,1547,0
SPY190719C296,2019-07-18,2019-07-18 09:45:56.000,1.80,0.9782,7,1.77,0.9619,110,1.80,0.9782,2,1.785,0.9701,1547,0
SPY190719C296,2019-07-18,2019-07-18 09:45:56.000,1.81,0.9836,6,1.80,0.9782,100,1.80,0.9782,2,1.805,0.9809,1547,0
SPY190719C296,2019-07-18,2019-07-18 09:45:57.000,1.80,0.9782,10,1.77,0.9619,110,1.80,0.9782,2,1.785,0.9701,1547,0
SPY190719C296,2019-07-18,2019-07-18 09:45:58.000,1.80,0.9782,17,1.79,0.9728,1,1.80,0.9782,2,1.795,0.9755,1547,0
SPY190719C296,2019-07-18,2019-07-18 09:45:58.000,1.80,0.9782,7,1.79,0.9728,100,1.80,0.9782,2,1.795,0.9755,1547,0
SPY190719C296,2019-07-18,2019-07-18 09:45:59.000,1.80,0.9782,11,1.79,0.9728,100,1.80,0.9782,2,1.795,0.9755,1549,2
SPY190719C296,2019-07-18,2019-07-18 09:45:59.000,1.80,0.9782,16,1.79,0.9728,100,1.80,0.9782,2,1.795,0.9755,1549,0
SPY190719C296,2019-07-18,2019-07-18 09:46:00.000,1.80,0.9782,16,1.79,0.9728,100,1.80,0.9782,2,1.795,0.9755,1549,0
SPY190719C296,2019-07-18,2019-07-18 09:46:01.000,1.80,0.9782,16,1.79,0.9728,100,1.80,0.9782,2,1.795,0.9755,1549,0
SPY190719C296,2019-07-18,2019-07-18 09:46:01.000,1.80,0.9782,17,1.79,0.9728,100,1.80,0.9782,2,1.795,0.9755,1549,0
SPY190719C296,2019-07-18,2019-07-18 09:46:02.000,1.81,0.9836,42,1.79,0.9728,17,1.80,0.9782,2,1.80,0.9782,1549,0
SPY190719C296,2019-07-18,2019-07-18 09:46:03.000,1.84,1.00,120,1.80,0.9782,15,1.80,0.9782,2,1.82,0.9891,1549,0
SPY190719C296,2019-07-18,2019-07-18 09:46:03.000,1.84,1.00,110,1.81,0.9836,100,1.80,0.9782,2,1.825,0.9918,1549,0
SPY190719C296,2019-07-18,2019-07-18 09:46:04.000,1.84,1.00,110,1.81,0.9836,100,1.80,0.9782,2,1.825,0.9918,1549,0
SPY190719C296,2019-07-18,2019-07-18 09:46:04.000,1.83,0.9945,7,1.81,0.9836,101,1.80,0.9782,2,1.82,0.9891,1549,0
SPY190719C296,2019-07-18,2019-07-18 09:46:05.000,1.84,1.00,10,1.82,0.9891,100,1.80,0.9782,2,1.83,0.9945,1549,0
SPY190719C296,2019-07-18,2019-07-18 09:46:05.000,1.84,1.00,10,1.81,0.9836,93,1.80,0.9782,2,1.825,0.9918,1549,0
SPY190719C296,2019-07-18,2019-07-18 09:46:06.000,1.84,1.00,10,1.82,0.9891,100,1.80,0.9782,2,1.83,0.9945,1549,0
SPY190719C296,2019-07-18,2019-07-18 09:46:07.000,1.85,1.0054,20,1.82,0.9891,106,1.80,0.9782,2,1.835,0.9972,1549,0
SPY190719C296,2019-07-18,2019-07-18 09:46:07.000,1.85,1.0054,20,1.82,0.9891,105,1.80,0.9782,2,1.835,0.9972,1549,0
SPY190719C296,2019-07-18,2019-07-18 09:46:08.000,1.87,1.0163,7,1.84,1.00,169,1.80,0.9782,2,1.855,1.0081,1549,0
SPY190719C296,2019-07-18,2019-07-18 09:46:08.000,1.88,1.0217,10,1.84,1.00,169,1.80,0.9782,2,1.86,1.0108,1549,0
SPY190719C296,2019-07-18,2019-07-18 09:46:09.000,1.88,1.0217,10,1.86,1.0108,2,1.80,0.9782,2,1.87,1.0163,1549,0
SPY190719C296,2019-07-18,2019-07-18 09:46:09.000,1.87,1.0163,7,1.85,1.0054,169,1.80,0.9782,2,1.86,1.0108,1549,0
SPY190719C296,2019-07-18,2019-07-18 09:46:10.000,1.88,1.0217,10,1.85,1.0054,168,1.80,0.9782,2,1.865,1.0135,1549,0
SPY190719C296,2019-07-18,2019-07-18 09:46:11.000,1.87,1.0163,7,1.85,1.0054,100,1.80,0.9782,2,1.86,1.0108,1549,0
SPY190719C296,2019-07-18,2019-07-18 09:46:11.000,1.87,1.0163,10,1.85,1.0054,100,1.80,0.9782,2,1.86,1.0108,1549,0
SPY190719C296,2019-07-18,2019-07-18 09:46:12.000,1.86,1.0108,1,1.85,1.0054,100,1.80,0.9782,2,1.855,1.0081,1549,0
SPY190719C296,2019-07-18,2019-07-18 09:46:12.000,1.87,1.0163,10,1.85,1.0054,100,1.80,0.9782,2,1.86,1.0108,1549,0
SPY190719C296,2019-07-18,2019-07-18 09:46:13.000,1.87,1.0163,10,1.85,1.0054,100,1.85,1.0054,3,1.86,1.0108,1569,6
SPY190719C296,2019-07-18,2019-07-18 09:46:13.000,1.86,1.0108,10,1.85,1.0054,94,1.85,1.0054,1,1.855,1.0081,1563,14
SPY190719C296,2019-07-18,2019-07-18 09:46:14.000,1.86,1.0108,10,1.85,1.0054,100,1.85,1.0054,1,1.855,1.0081,1570,1
SPY190719C296,2019-07-18,2019-07-18 09:46:15.000,1.86,1.0108,10,1.84,1.00,157,1.85,1.0054,1,1.85,1.0054,1570,0
SPY190719C296,2019-07-18,2019-07-18 09:46:16.000,1.87,1.0163,10,1.84,1.00,157,1.85,1.0054,1,1.855,1.0081,1570,0
SPY190719C296,2019-07-18,2019-07-18 09:46:16.000,1.87,1.0163,10,1.86,1.0108,1,1.85,1.0054,1,1.865,1.0135,1570,0
SPY190719C296,2019-07-18,2019-07-18 09:46:17.000,1.87,1.0163,6,1.86,1.0108,2,1.85,1.0054,1,1.865,1.0135,1570,0
SPY190719C296,2019-07-18,2019-07-18 09:46:17.000,1.87,1.0163,10,1.86,1.0108,2,1.85,1.0054,1,1.865,1.0135,1570,0
SPY190719C296,2019-07-18,2019-07-18 09:46:18.000,1.87,1.0163,6,1.86,1.0108,2,1.85,1.0054,1,1.865,1.0135,1570,0
SPY190719C296,2019-07-18,2019-07-18 09:46:19.000,1.87,1.0163,6,1.86,1.0108,2,1.85,1.0054,1,1.865,1.0135,1570,0
SPY190719C296,2019-07-18,2019-07-18 09:46:20.000,1.87,1.0163,6,1.85,1.0054,169,1.85,1.0054,1,1.86,1.0108,1570,0
SPY190719C296,2019-07-18,2019-07-18 09:46:21.000,1.88,1.0217,10,1.85,1.0054,169,1.85,1.0054,1,1.865,1.0135,1570,0
SPY190719C296,2019-07-18,2019-07-18 09:46:21.000,1.88,1.0217,10,1.85,1.0054,174,1.85,1.0054,1,1.865,1.0135,1570,0
SPY190719C296,2019-07-18,2019-07-18 09:46:22.000,1.87,1.0163,7,1.85,1.0054,100,1.85,1.0054,1,1.86,1.0108,1570,0
SPY190719C296,2019-07-18,2019-07-18 09:46:23.000,1.88,1.0217,7,1.87,1.0163,100,1.85,1.0054,1,1.875,1.019,1570,0
SPY190719C296,2019-07-18,2019-07-18 09:46:23.000,1.89,1.0271,10,1.87,1.0163,100,1.85,1.0054,1,1.88,1.0217,1570,0
SPY190719C296,2019-07-18,2019-07-18 09:46:24.000,1.88,1.0217,1,1.86,1.0108,100,1.85,1.0054,1,1.87,1.0163,1570,0
SPY190719C296,2019-07-18,2019-07-18 09:46:24.000,1.88,1.0217,10,1.87,1.0163,100,1.85,1.0054,1,1.875,1.019,1570,0
SPY190719C296,2019-07-18,2019-07-18 09:46:25.000,1.87,1.0163,7,1.86,1.0108,100,1.85,1.0054,1,1.865,1.0135,1570,0
SPY190719C296,2019-07-18,2019-07-18 09:46:26.000,1.87,1.0163,7,1.86,1.0108,100,1.85,1.0054,1,1.865,1.0135,1570,0
SPY190719C296,2019-07-18,2019-07-18 09:46:27.000,1.87,1.0163,7,1.86,1.0108,100,1.85,1.0054,1,1.865,1.0135,1570,0
SPY190719C296,2019-07-18,2019-07-18 09:46:28.000,1.87,1.0163,10,1.85,1.0054,100,1.85,1.0054,1,1.86,1.0108,1570,0
SPY190719C296,2019-07-18,2019-07-18 09:46:29.000,1.88,1.0217,10,1.86,1.0108,2,1.85,1.0054,1,1.87,1.0163,1570,0
SPY190719C296,2019-07-18,2019-07-18 09:46:29.000,1.88,1.0217,10,1.86,1.0108,10,1.85,1.0054,1,1.87,1.0163,1570,0
SPY190719C296,2019-07-18,2019-07-18 09:46:30.000,1.87,1.0163,7,1.86,1.0108,100,1.85,1.0054,1,1.865,1.0135,1570,0
SPY190719C296,2019-07-18,2019-07-18 09:46:30.000,1.88,1.0217,10,1.86,1.0108,10,1.85,1.0054,1,1.87,1.0163,1570,0
SPY190719C296,2019-07-18,2019-07-18 09:46:31.000,1.89,1.0271,10,1.88,1.0217,100,1.85,1.0054,1,1.885,1.0244,1570,0
SPY190719C296,2019-07-18,2019-07-18 09:46:31.000,1.90,1.0326,20,1.88,1.0217,100,1.85,1.0054,1,1.89,1.0271,1570,0
SPY190719C296,2019-07-18,2019-07-18 09:46:32.000,1.90,1.0326,1,1.88,1.0217,100,1.85,1.0054,1,1.89,1.0271,1570,0
SPY190719C296,2019-07-18,2019-07-18 09:46:33.000,1.90,1.0326,1,1.89,1.0271,100,1.85,1.0054,1,1.895,1.0298,1570,0
SPY190719C296,2019-07-18,2019-07-18 09:46:34.000,1.90,1.0326,1,1.89,1.0271,100,1.85,1.0054,1,1.895,1.0298,1570,0
SPY190719C296,2019-07-18,2019-07-18 09:46:35.000,1.90,1.0326,10,1.89,1.0271,100,1.85,1.0054,1,1.895,1.0298,1570,0
SPY190719C296,2019-07-18,2019-07-18 09:46:36.000,1.90,1.0326,10,1.89,1.0271,100,1.85,1.0054,1,1.895,1.0298,1570,0
SPY190719C296,2019-07-18,2019-07-18 09:46:37.000,1.89,1.0271,1,1.87,1.0163,100,1.85,1.0054,1,1.88,1.0217,1570,0
SPY190719C296,2019-07-18,2019-07-18 09:46:38.000,1.88,1.0217,1,1.87,1.0163,100,1.85,1.0054,1,1.875,1.019,1570,0
SPY190719C296,2019-07-18,2019-07-18 09:46:38.000,1.88,1.0217,7,1.87,1.0163,100,1.85,1.0054,1,1.875,1.019,1570,0
SPY190719C296,2019-07-18,2019-07-18 09:46:39.000,1.89,1.0271,6,1.87,1.0163,130,1.85,1.0054,1,1.88,1.0217,1570,0
SPY190719C296,2019-07-18,2019-07-18 09:46:39.000,1.89,1.0271,8,1.88,1.0217,2,1.85,1.0054,1,1.885,1.0244,1570,0
SPY190719C296,2019-07-18,2019-07-18 09:46:40.000,1.87,1.0163,1,1.86,1.0108,100,1.85,1.0054,1,1.865,1.0135,1570,0
SPY190719C296,2019-07-18,2019-07-18 09:46:41.000,1.87,1.0163,7,1.86,1.0108,100,1.85,1.0054,1,1.865,1.0135,1570,0
SPY190719C296,2019-07-18,2019-07-18 09:46:41.000,1.87,1.0163,7,1.85,1.0054,167,1.85,1.0054,1,1.86,1.0108,1570,0
SPY190719C296,2019-07-18,2019-07-18 09:46:42.000,1.87,1.0163,8,1.85,1.0054,168,1.85,1.0054,1,1.86,1.0108,1570,0
SPY190719C296,2019-07-18,2019-07-18 09:46:43.000,1.87,1.0163,8,1.85,1.0054,173,1.85,1.0054,1,1.86,1.0108,1570,0
SPY190719C296,2019-07-18,2019-07-18 09:46:43.000,1.88,1.0217,10,1.86,1.0108,10,1.85,1.0054,1,1.87,1.0163,1570,0
SPY190719C296,2019-07-18,2019-07-18 09:46:44.000,1.87,1.0163,7,1.85,1.0054,174,1.85,1.0054,1,1.86,1.0108,1570,0
SPY190719C296,2019-07-18,2019-07-18 09:46:45.000,1.86,1.0108,1,1.85,1.0054,100,1.85,1.0054,1,1.855,1.0081,1570,0
SPY190719C296,2019-07-18,2019-07-18 09:46:45.000,1.87,1.0163,7,1.85,1.0054,174,1.85,1.0054,1,1.86,1.0108,1570,0
SPY190719C296,2019-07-18,2019-07-18 09:46:46.000,1.86,1.0108,1,1.85,1.0054,100,1.85,1.0054,1,1.855,1.0081,1570,0
SPY190719C296,2019-07-18,2019-07-18 09:46:47.000,1.87,1.0163,20,1.85,1.0054,100,1.85,1.0054,1,1.86,1.0108,1570,0
SPY190719C296,2019-07-18,2019-07-18 09:46:48.000,1.87,1.0163,20,1.85,1.0054,100,1.85,1.0054,1,1.86,1.0108,1570,0
SPY190719C296,2019-07-18,2019-07-18 09:46:49.000,1.87,1.0163,20,1.86,1.0108,2,1.85,1.0054,1,1.865,1.0135,1570,0
SPY190719C296,2019-07-18,2019-07-18 09:46:49.000,1.87,1.0163,20,1.85,1.0054,168,1.85,1.0054,1,1.86,1.0108,1570,0
SPY190719C296,2019-07-18,2019-07-18 09:46:50.000,1.87,1.0163,20,1.86,1.0108,2,1.85,1.0054,1,1.865,1.0135,1570,0
SPY190719C296,2019-07-18,2019-07-18 09:46:51.000,1.87,1.0163,20,1.85,1.0054,168,1.85,1.0054,1,1.86,1.0108,1570,0
SPY190719C296,2019-07-18,2019-07-18 09:46:52.000,1.87,1.0163,10,1.85,1.0054,100,1.85,1.0054,1,1.86,1.0108,1570,0
SPY190719C296,2019-07-18,2019-07-18 09:46:54.000,1.85,1.0054,10,1.83,0.9945,168,1.85,1.0054,1,1.84,1.00,1570,0
SPY190719C296,2019-07-18,2019-07-18 09:46:55.000,1.85,1.0054,10,1.83,0.9945,168,1.85,1.0054,1,1.84,1.00,1570,0
SPY190719C296,2019-07-18,2019-07-18 09:46:56.000,1.85,1.0054,10,1.84,1.00,2,1.85,1.0054,1,1.845,1.0027,1570,0
SPY190719C296,2019-07-18,2019-07-18 09:46:56.000,1.84,1.00,7,1.82,0.9891,68,1.85,1.0054,1,1.83,0.9945,1570,0
SPY190719C296,2019-07-18,2019-07-18 09:46:57.000,1.85,1.0054,10,1.81,0.9836,174,1.85,1.0054,1,1.83,0.9945,1570,0
SPY190719C296,2019-07-18,2019-07-18 09:46:58.000,1.85,1.0054,10,1.83,0.9945,168,1.85,1.0054,1,1.84,1.00,1570,0
SPY190719C296,2019-07-18,2019-07-18 09:46:59.000,1.86,1.0108,10,1.84,1.00,2,1.85,1.0054,1,1.85,1.0054,1570,0
SPY190719C296,2019-07-18,2019-07-18 09:47:00.000,1.86,1.0108,10,1.84,1.00,10,1.85,1.0054,1,1.85,1.0054,1570,0
SPY190719C296,2019-07-18,2019-07-18 09:47:00.000,1.86,1.0108,20,1.84,1.00,10,1.85,1.0054,1,1.85,1.0054,1570,0
SPY190719C296,2019-07-18,2019-07-18 09:47:01.000,1.86,1.0108,7,1.85,1.0054,1,1.85,1.0054,1,1.855,1.0081,1570,0
SPY190719C296,2019-07-18,2019-07-18 09:47:01.000,1.86,1.0108,20,1.85,1.0054,1,1.85,1.0054,1,1.855,1.0081,1570,0
SPY190719C296,2019-07-18,2019-07-18 09:47:02.000,1.86,1.0108,7,1.86,1.0108,1,1.86,1.0108,1,1.86,1.0108,1571,1
SPY190719C296,2019-07-18,2019-07-18 09:47:03.000,1.86,1.0108,7,1.86,1.0108,2,1.86,1.0108,1,1.86,1.0108,1571,0
SPY190719C296,2019-07-18,2019-07-18 09:47:03.000,1.87,1.0163,6,1.86,1.0108,2,1.86,1.0108,1,1.865,1.0135,1571,0
SPY190719C296,2019-07-18,2019-07-18 09:47:04.000,1.89,1.0271,10,1.87,1.0163,100,1.86,1.0108,1,1.88,1.0217,1571,0
SPY190719C296,2019-07-18,2019-07-18 09:47:04.000,1.87,1.0163,6,1.86,1.0108,4,1.86,1.0108,1,1.865,1.0135,1571,0
SPY190719C296,2019-07-18,2019-07-18 09:47:05.000,1.88,1.0217,7,1.86,1.0108,100,1.86,1.0108,1,1.87,1.0163,1571,0
SPY190719C296,2019-07-18,2019-07-18 09:47:06.000,1.87,1.0163,1,1.86,1.0108,100,1.86,1.0108,1,1.865,1.0135,1571,0
SPY190719C296,2019-07-18,2019-07-18 09:47:06.000,1.88,1.0217,10,1.86,1.0108,100,1.86,1.0108,1,1.87,1.0163,1571,0
SPY190719C296,2019-07-18,2019-07-18 09:47:07.000,1.87,1.0163,1,1.86,1.0108,100,1.86,1.0108,1,1.865,1.0135,1571,0
SPY190719C296,2019-07-18,2019-07-18 09:47:08.000,1.87,1.0163,1,1.86,1.0108,100,1.86,1.0108,1,1.865,1.0135,1571,0
SPY190719C296,2019-07-18,2019-07-18 09:47:08.000,1.87,1.0163,9,1.86,1.0108,1,1.86,1.0108,1,1.865,1.0135,1571,0
SPY190719C296,2019-07-18,2019-07-18 09:47:09.000,1.87,1.0163,7,1.86,1.0108,1,1.86,1.0108,1,1.865,1.0135,1571,0
SPY190719C296,2019-07-18,2019-07-18 09:47:10.000,1.87,1.0163,8,1.86,1.0108,2,1.86,1.0108,1,1.865,1.0135,1571,0
SPY190719C296,2019-07-18,2019-07-18 09:47:10.000,1.87,1.0163,7,1.86,1.0108,1,1.86,1.0108,1,1.865,1.0135,1571,0
SPY190719C296,2019-07-18,2019-07-18 09:47:11.000,1.87,1.0163,7,1.85,1.0054,169,1.86,1.0108,1,1.86,1.0108,1571,0
SPY190719C296,2019-07-18,2019-07-18 09:47:11.000,1.88,1.0217,10,1.86,1.0108,1,1.86,1.0108,1,1.87,1.0163,1571,0
SPY190719C296,2019-07-18,2019-07-18 09:47:12.000,1.87,1.0163,7,1.86,1.0108,1,1.86,1.0108,1,1.865,1.0135,1571,0
SPY190719C296,2019-07-18,2019-07-18 09:47:13.000,1.87,1.0163,10,1.84,1.00,174,1.86,1.0108,1,1.855,1.0081,1571,0
SPY190719C296,2019-07-18,2019-07-18 09:47:14.000,1.87,1.0163,10,1.84,1.00,174,1.86,1.0108,1,1.855,1.0081,1571,0
SPY190719C296,2019-07-18,2019-07-18 09:47:14.000,1.88,1.0217,10,1.86,1.0108,100,1.86,1.0108,1,1.87,1.0163,1571,0
SPY190719C296,2019-07-18,2019-07-18 09:47:15.000,1.88,1.0217,7,1.86,1.0108,141,1.86,1.0108,1,1.87,1.0163,1571,0
SPY190719C296,2019-07-18,2019-07-18 09:47:16.000,1.90,1.0326,81,1.86,1.0108,100,1.86,1.0108,1,1.88,1.0217,1571,0
SPY190719C296,2019-07-18,2019-07-18 09:47:16.000,1.88,1.0217,10,1.87,1.0163,1,1.87,1.0163,1,1.875,1.019,1573,2
SPY190719C296,2019-07-18,2019-07-18 09:47:17.000,1.88,1.0217,10,1.87,1.0163,1,1.87,1.0163,1,1.875,1.019,1573,0
SPY190719C296,2019-07-18,2019-07-18 09:47:17.000,1.89,1.0271,10,1.86,1.0108,143,1.87,1.0163,1,1.875,1.019,1574,1
SPY190719C296,2019-07-18,2019-07-18 09:47:18.000,1.88,1.0217,7,1.86,1.0108,143,1.87,1.0163,1,1.87,1.0163,1574,0
SPY190719C296,2019-07-18,2019-07-18 09:47:19.000,1.88,1.0217,7,1.86,1.0108,167,1.87,1.0163,1,1.87,1.0163,1574,0
SPY190719C296,2019-07-18,2019-07-18 09:47:19.000,1.87,1.0163,7,1.86,1.0108,167,1.87,1.0163,1,1.865,1.0135,1574,0
SPY190719C296,2019-07-18,2019-07-18 09:47:20.000,1.87,1.0163,7,1.86,1.0108,167,1.87,1.0163,1,1.865,1.0135,1574,0
SPY190719C296,2019-07-18,2019-07-18 09:47:20.000,1.87,1.0163,7,1.86,1.0108,100,1.87,1.0163,1,1.865,1.0135,1574,0
SPY190719C296,2019-07-18,2019-07-18 09:47:21.000,1.89,1.0271,6,1.87,1.0163,168,1.87,1.0163,1,1.88,1.0217,1575,0
SPY190719C296,2019-07-18,2019-07-18 09:47:21.000,1.89,1.0271,10,1.86,1.0108,100,1.87,1.0163,1,1.875,1.019,1575,1
SPY190719C296,2019-07-18,2019-07-18 09:47:22.000,1.89,1.0271,1,1.87,1.0163,168,1.87,1.0163,1,1.88,1.0217,1575,0
SPY190719C296,2019-07-18,2019-07-18 09:47:23.000,1.89,1.0271,1,1.87,1.0163,168,1.87,1.0163,1,1.88,1.0217,1575,0
SPY190719C296,2019-07-18,2019-07-18 09:47:23.000,1.89,1.0271,10,1.87,1.0163,100,1.87,1.0163,1,1.88,1.0217,1575,0
SPY190719C296,2019-07-18,2019-07-18 09:47:24.000,1.89,1.0271,10,1.87,1.0163,167,1.87,1.0163,1,1.88,1.0217,1575,0
SPY190719C296,2019-07-18,2019-07-18 09:47:25.000,1.89,1.0271,10,1.87,1.0163,167,1.87,1.0163,1,1.88,1.0217,1575,0
SPY190719C296,2019-07-18,2019-07-18 09:47:26.000,1.89,1.0271,10,1.88,1.0217,1,1.88,1.0217,1,1.885,1.0244,1577,2
SPY190719C296,2019-07-18,2019-07-18 09:47:27.000,1.89,1.0271,10,1.88,1.0217,10,1.88,1.0217,3,1.885,1.0244,1581,4
SPY190719C296,2019-07-18,2019-07-18 09:47:27.000,1.89,1.0271,10,1.88,1.0217,1,1.88,1.0217,1,1.885,1.0244,1577,0
SPY190719C296,2019-07-18,2019-07-18 09:47:28.000,1.89,1.0271,10,1.88,1.0217,2,1.88,1.0217,3,1.885,1.0244,1581,0
SPY190719C296,2019-07-18,2019-07-18 09:47:28.000,1.89,1.0271,10,1.88,1.0217,10,1.88,1.0217,3,1.885,1.0244,1581,0
SPY190719C296,2019-07-18,2019-07-18 09:47:29.000,1.89,1.0271,10,1.88,1.0217,2,1.88,1.0217,3,1.885,1.0244,1581,0
SPY190719C296,2019-07-18,2019-07-18 09:47:30.000,1.89,1.0271,10,1.88,1.0217,10,1.88,1.0217,3,1.885,1.0244,1587,3
SPY190719C296,2019-07-18,2019-07-18 09:47:30.000,1.89,1.0271,10,1.88,1.0217,13,1.88,1.0217,3,1.885,1.0244,1584,3
SPY190719C296,2019-07-18,2019-07-18 09:47:31.000,1.89,1.0271,10,1.88,1.0217,10,1.88,1.0217,3,1.885,1.0244,1587,0
SPY190719C296,2019-07-18,2019-07-18 09:47:31.000,1.89,1.0271,10,1.88,1.0217,1,1.88,1.0217,1,1.885,1.0244,1588,1
SPY190719C296,2019-07-18,2019-07-18 09:47:32.000,1.88,1.0217,3,1.88,1.0217,1,1.88,1.0217,1,1.88,1.0217,1588,0
SPY190719C296,2019-07-18,2019-07-18 09:47:32.000,1.88,1.0217,10,1.86,1.0108,100,1.88,1.0217,1,1.87,1.0163,1588,0
SPY190719C296,2019-07-18,2019-07-18 09:47:33.000,1.87,1.0163,1,1.86,1.0108,2,1.88,1.0217,1,1.865,1.0135,1588,0
SPY190719C296,2019-07-18,2019-07-18 09:47:33.000,1.87,1.0163,1,1.85,1.0054,167,1.88,1.0217,1,1.86,1.0108,1588,0
SPY190719C296,2019-07-18,2019-07-18 09:47:34.000,1.87,1.0163,1,1.86,1.0108,10,1.88,1.0217,1,1.865,1.0135,1588,0
SPY190719C296,2019-07-18,2019-07-18 09:47:35.000,1.87,1.0163,1,1.86,1.0108,4,1.88,1.0217,1,1.865,1.0135,1588,0
SPY190719C296,2019-07-18,2019-07-18 09:47:36.000,1.87,1.0163,1,1.86,1.0108,14,1.88,1.0217,1,1.865,1.0135,1588,0
SPY190719C296,2019-07-18,2019-07-18 09:47:37.000,1.89,1.0271,10,1.87,1.0163,147,1.88,1.0217,1,1.88,1.0217,1588,0
SPY190719C296,2019-07-18,2019-07-18 09:47:38.000,1.89,1.0271,10,1.87,1.0163,100,1.88,1.0217,1,1.88,1.0217,1588,0
SPY190719C296,2019-07-18,2019-07-18 09:47:39.000,1.89,1.0271,10,1.86,1.0108,100,1.88,1.0217,1,1.875,1.019,1588,0
SPY190719C296,2019-07-18,2019-07-18 09:47:39.000,1.89,1.0271,10,1.86,1.0108,154,1.88,1.0217,1,1.875,1.019,1588,0
SPY190719C296,2019-07-18,2019-07-18 09:47:40.000,1.89,1.0271,10,1.86,1.0108,142,1.88,1.0217,1,1.875,1.019,1588,0
SPY190719C296,2019-07-18,2019-07-18 09:47:40.000,1.89,1.0271,10,1.86,1.0108,100,1.88,1.0217,1,1.875,1.019,1588,0
SPY190719C296,2019-07-18,2019-07-18 09:47:41.000,1.89,1.0271,10,1.86,1.0108,167,1.88,1.0217,1,1.875,1.019,1588,0
SPY190719C296,2019-07-18,2019-07-18 09:47:42.000,1.87,1.0163,10,1.86,1.0108,100,1.88,1.0217,1,1.865,1.0135,1588,0
SPY190719C296,2019-07-18,2019-07-18 09:47:42.000,1.88,1.0217,7,1.86,1.0108,167,1.88,1.0217,1,1.87,1.0163,1588,0
SPY190719C296,2019-07-18,2019-07-18 09:47:43.000,1.87,1.0163,10,1.86,1.0108,100,1.88,1.0217,1,1.865,1.0135,1588,0
SPY190719C296,2019-07-18,2019-07-18 09:47:44.000,1.87,1.0163,10,1.85,1.0054,168,1.86,1.0108,1,1.86,1.0108,1592,0
SPY190719C296,2019-07-18,2019-07-18 09:47:44.000,1.87,1.0163,10,1.85,1.0054,100,1.86,1.0108,1,1.86,1.0108,1592,4
SPY190719C296,2019-07-18,2019-07-18 09:47:45.000,1.87,1.0163,10,1.85,1.0054,168,1.86,1.0108,1,1.86,1.0108,1592,0
SPY190719C296,2019-07-18,2019-07-18 09:47:46.000,1.86,1.0108,1,1.84,1.00,100,1.86,1.0108,1,1.85,1.0054,1592,0
SPY190719C296,2019-07-18,2019-07-18 09:47:46.000,1.87,1.0163,10,1.86,1.0108,2,1.86,1.0108,1,1.865,1.0135,1592,0
SPY190719C296,2019-07-18,2019-07-18 09:47:47.000,1.85,1.0054,7,1.84,1.00,100,1.86,1.0108,1,1.845,1.0027,1592,0
SPY190719C296,2019-07-18,2019-07-18 09:47:48.000,1.86,1.0108,10,1.84,1.00,100,1.86,1.0108,1,1.85,1.0054,1592,0
SPY190719C296,2019-07-18,2019-07-18 09:47:48.000,1.85,1.0054,7,1.84,1.00,100,1.86,1.0108,1,1.845,1.0027,1592,0
SPY190719C296,2019-07-18,2019-07-18 09:47:49.000,1.85,1.0054,7,1.84,1.00,100,1.86,1.0108,1,1.845,1.0027,1592,0
SPY190719C296,2019-07-18,2019-07-18 09:47:50.000,1.85,1.0054,1,1.85,1.0054,94,1.85,1.0054,2,1.85,1.0054,1600,8
SPY190719C296,2019-07-18,2019-07-18 09:47:51.000,1.85,1.0054,10,1.84,1.00,100,1.85,1.0054,1,1.845,1.0027,1601,0
SPY190719C296,2019-07-18,2019-07-18 09:47:51.000,1.86,1.0108,17,1.84,1.00,100,1.85,1.0054,1,1.85,1.0054,1601,1
SPY190719C296,2019-07-18,2019-07-18 09:47:52.000,1.84,1.00,1,1.83,0.9945,100,1.85,1.0054,1,1.835,0.9972,1601,0
SPY190719C296,2019-07-18,2019-07-18 09:47:52.000,1.85,1.0054,10,1.84,1.00,100,1.85,1.0054,1,1.845,1.0027,1601,0
SPY190719C296,2019-07-18,2019-07-18 09:47:53.000,1.83,0.9945,10,1.82,0.9891,100,1.83,0.9945,1,1.825,0.9918,1602,1
SPY190719C296,2019-07-18,2019-07-18 09:47:54.000,1.82,0.9891,10,1.81,0.9836,100,1.83,0.9945,1,1.815,0.9864,1602,0
SPY190719C296,2019-07-18,2019-07-18 09:47:55.000,1.82,0.9891,10,1.81,0.9836,100,1.83,0.9945,1,1.815,0.9864,1602,0
SPY190719C296,2019-07-18,2019-07-18 09:47:55.000,1.83,0.9945,7,1.82,0.9891,1,1.82,0.9891,1,1.825,0.9918,1609,7
SPY190719C296,2019-07-18,2019-07-18 09:47:56.000,1.83,0.9945,10,1.82,0.9891,1,1.82,0.9891,1,1.825,0.9918,1609,0
SPY190719C296,2019-07-18,2019-07-18 09:47:57.000,1.84,1.00,20,1.82,0.9891,1,1.82,0.9891,1,1.83,0.9945,1609,0
SPY190719C296,2019-07-18,2019-07-18 09:47:57.000,1.84,1.00,10,1.83,0.9945,100,1.82,0.9891,1,1.835,0.9972,1610,1
SPY190719C296,2019-07-18,2019-07-18 09:47:58.000,1.85,1.0054,10,1.83,0.9945,100,1.82,0.9891,1,1.84,1.00,1610,0
SPY190719C296,2019-07-18,2019-07-18 09:47:58.000,1.84,1.00,10,1.83,0.9945,100,1.82,0.9891,1,1.835,0.9972,1610,0
SPY190719C296,2019-07-18,2019-07-18 09:47:59.000,1.84,1.00,2,1.83,0.9945,100,1.82,0.9891,1,1.835,0.9972,1610,0
SPY190719C296,2019-07-18,2019-07-18 09:48:00.000,1.83,0.9945,1,1.82,0.9891,100,1.83,0.9945,1,1.825,0.9918,1633,1
SPY190719C296,2019-07-18,2019-07-18 09:48:00.000,1.83,0.9945,1,1.83,0.9945,100,1.83,0.9945,5,1.83,0.9945,1632,22
SPY190719C296,2019-07-18,2019-07-18 09:48:01.000,1.85,1.0054,7,1.83,0.9945,100,1.83,0.9945,1,1.84,1.00,1633,0
SPY190719C296,2019-07-18,2019-07-18 09:48:01.000,1.85,1.0054,7,1.84,1.00,1,1.83,0.9945,1,1.845,1.0027,1633,0
SPY190719C296,2019-07-18,2019-07-18 09:48:02.000,1.85,1.0054,7,1.84,1.00,1,1.83,0.9945,1,1.845,1.0027,1633,0
SPY190719C296,2019-07-18,2019-07-18 09:48:03.000,1.87,1.0163,10,1.86,1.0108,100,1.83,0.9945,1,1.865,1.0135,1633,0
SPY190719C296,2019-07-18,2019-07-18 09:48:03.000,1.87,1.0163,10,1.84,1.00,168,1.83,0.9945,1,1.855,1.0081,1633,0
SPY190719C296,2019-07-18,2019-07-18 09:48:04.000,1.87,1.0163,10,1.86,1.0108,100,1.83,0.9945,1,1.865,1.0135,1633,0
SPY190719C296,2019-07-18,2019-07-18 09:48:05.000,1.87,1.0163,1,1.86,1.0108,100,1.83,0.9945,1,1.865,1.0135,1633,0
SPY190719C296,2019-07-18,2019-07-18 09:48:06.000,1.87,1.0163,1,1.86,1.0108,100,1.86,1.0108,1,1.865,1.0135,1634,1
SPY190719C296,2019-07-18,2019-07-18 09:48:06.000,1.87,1.0163,1,1.86,1.0108,100,1.83,0.9945,1,1.865,1.0135,1633,0
SPY190719C296,2019-07-18,2019-07-18 09:48:07.000,1.89,1.0271,10,1.86,1.0108,100,1.86,1.0108,1,1.875,1.019,1634,0
SPY190719C296,2019-07-18,2019-07-18 09:48:07.000,1.87,1.0163,10,1.86,1.0108,168,1.86,1.0108,1,1.865,1.0135,1634,0
SPY190719C296,2019-07-18,2019-07-18 09:48:08.000,1.87,1.0163,10,1.86,1.0108,100,1.86,1.0108,1,1.865,1.0135,1634,0
SPY190719C296,2019-07-18,2019-07-18 09:48:08.000,1.87,1.0163,8,1.86,1.0108,100,1.86,1.0108,1,1.865,1.0135,1634,0
SPY190719C296,2019-07-18,2019-07-18 09:48:09.000,1.87,1.0163,7,1.86,1.0108,100,1.86,1.0108,1,1.865,1.0135,1634,0
SPY190719C296,2019-07-18,2019-07-18 09:48:10.000,1.87,1.0163,7,1.86,1.0108,100,1.86,1.0108,1,1.865,1.0135,1634,0
SPY190719C296,2019-07-18,2019-07-18 09:48:10.000,1.88,1.0217,7,1.86,1.0108,100,1.86,1.0108,1,1.87,1.0163,1634,0
SPY190719C296,2019-07-18,2019-07-18 09:48:11.000,1.88,1.0217,7,1.86,1.0108,100,1.86,1.0108,1,1.87,1.0163,1634,0
SPY190719C296,2019-07-18,2019-07-18 09:48:12.000,1.87,1.0163,10,1.85,1.0054,149,1.86,1.0108,1,1.86,1.0108,1634,0
SPY190719C296,2019-07-18,2019-07-18 09:48:12.000,1.87,1.0163,10,1.85,1.0054,159,1.86,1.0108,1,1.86,1.0108,1634,0
SPY190719C296,2019-07-18,2019-07-18 09:48:13.000,1.87,1.0163,15,1.86,1.0108,1,1.86,1.0108,1,1.865,1.0135,1634,0
SPY190719C296,2019-07-18,2019-07-18 09:48:13.000,1.87,1.0163,10,1.85,1.0054,149,1.86,1.0108,1,1.86,1.0108,1634,0
SPY190719C296,2019-07-18,2019-07-18 09:48:14.000,1.84,1.00,7,1.83,0.9945,100,1.86,1.0108,1,1.835,0.9972,1634,0
SPY190719C296,2019-07-18,2019-07-18 09:48:14.000,1.86,1.0108,7,1.83,0.9945,168,1.86,1.0108,1,1.845,1.0027,1634,0
SPY190719C296,2019-07-18,2019-07-18 09:48:15.000,1.83,0.9945,1,1.82,0.9891,100,1.86,1.0108,1,1.825,0.9918,1634,0
SPY190719C296,2019-07-18,2019-07-18 09:48:16.000,1.83,0.9945,7,1.82,0.9891,100,1.86,1.0108,1,1.825,0.9918,1634,0
SPY190719C296,2019-07-18,2019-07-18 09:48:16.000,1.83,0.9945,7,1.81,0.9836,172,1.86,1.0108,1,1.82,0.9891,1634,0
SPY190719C296,2019-07-18,2019-07-18 09:48:17.000,1.83,0.9945,7,1.81,0.9836,172,1.86,1.0108,1,1.82,0.9891,1634,0
SPY190719C296,2019-07-18,2019-07-18 09:48:18.000,1.83,0.9945,7,1.81,0.9836,172,1.86,1.0108,1,1.82,0.9891,1634,0
SPY190719C296,2019-07-18,2019-07-18 09:48:19.000,1.82,0.9891,10,1.80,0.9782,168,1.86,1.0108,1,1.81,0.9836,1634,0
SPY190719C296,2019-07-18,2019-07-18 09:48:20.000,1.82,0.9891,10,1.79,0.9728,174,1.86,1.0108,1,1.805,0.9809,1634,0
SPY190719C296,2019-07-18,2019-07-18 09:48:20.000,1.82,0.9891,10,1.80,0.9782,168,1.86,1.0108,1,1.81,0.9836,1634,0
SPY190719C296,2019-07-18,2019-07-18 09:48:21.000,1.81,0.9836,7,1.79,0.9728,174,1.86,1.0108,1,1.80,0.9782,1634,0
SPY190719C296,2019-07-18,2019-07-18 09:48:22.000,1.82,0.9891,10,1.81,0.9836,100,1.86,1.0108,1,1.815,0.9864,1634,0
SPY190719C296,2019-07-18,2019-07-18 09:48:22.000,1.82,0.9891,10,1.79,0.9728,174,1.86,1.0108,1,1.805,0.9809,1634,0
SPY190719C296,2019-07-18,2019-07-18 09:48:23.000,1.82,0.9891,7,1.79,0.9728,49,1.86,1.0108,1,1.805,0.9809,1634,0
SPY190719C296,2019-07-18,2019-07-18 09:48:24.000,1.82,0.9891,20,1.79,0.9728,168,1.86,1.0108,1,1.805,0.9809,1634,0
SPY190719C296,2019-07-18,2019-07-18 09:48:24.000,1.81,0.9836,10,1.80,0.9782,100,1.86,1.0108,1,1.805,0.9809,1634,0
SPY190719C296,2019-07-18,2019-07-18 09:48:25.000,1.81,0.9836,7,1.79,0.9728,145,1.86,1.0108,1,1.80,0.9782,1634,0
SPY190719C296,2019-07-18,2019-07-18 09:48:26.000,1.82,0.9891,10,1.80,0.9782,100,1.86,1.0108,1,1.81,0.9836,1634,0
SPY190719C296,2019-07-18,2019-07-18 09:48:27.000,1.82,0.9891,10,1.80,0.9782,100,1.86,1.0108,1,1.81,0.9836,1634,0
SPY190719C296,2019-07-18,2019-07-18 09:48:28.000,1.82,0.9891,10,1.80,0.9782,100,1.86,1.0108,1,1.81,0.9836,1634,0
SPY190719C296,2019-07-18,2019-07-18 09:48:29.000,1.81,0.9836,1,1.80,0.9782,100,1.86,1.0108,1,1.805,0.9809,1634,0
SPY190719C296,2019-07-18,2019-07-18 09:48:29.000,1.81,0.9836,7,1.79,0.9728,145,1.86,1.0108,1,1.80,0.9782,1634,0
SPY190719C296,2019-07-18,2019-07-18 09:48:30.000,1.81,0.9836,10,1.79,0.9728,145,1.86,1.0108,1,1.80,0.9782,1634,0
SPY190719C296,2019-07-18,2019-07-18 09:48:31.000,1.80,0.9782,8,1.78,0.9673,100,1.86,1.0108,1,1.79,0.9728,1634,0
SPY190719C296,2019-07-18,2019-07-18 09:48:31.000,1.80,0.9782,7,1.78,0.9673,169,1.86,1.0108,1,1.79,0.9728,1634,0
SPY190719C296,2019-07-18,2019-07-18 09:48:32.000,1.81,0.9836,17,1.78,0.9673,169,1.86,1.0108,1,1.795,0.9755,1634,0
SPY190719C296,2019-07-18,2019-07-18 09:48:32.000,1.81,0.9836,17,1.80,0.9782,1,1.86,1.0108,1,1.805,0.9809,1634,0
SPY190719C296,2019-07-18,2019-07-18 09:48:33.000,1.81,0.9836,16,1.79,0.9728,179,1.86,1.0108,1,1.80,0.9782,1634,0
SPY190719C296,2019-07-18,2019-07-18 09:48:34.000,1.81,0.9836,18,1.79,0.9728,163,1.86,1.0108,1,1.80,0.9782,1634,0
SPY190719C296,2019-07-18,2019-07-18 09:48:34.000,1.81,0.9836,16,1.80,0.9782,2,1.86,1.0108,1,1.805,0.9809,1634,0
SPY190719C296,2019-07-18,2019-07-18 09:48:35.000,1.81,0.9836,7,1.80,0.9782,1,1.86,1.0108,1,1.805,0.9809,1634,0
SPY190719C296,2019-07-18,2019-07-18 09:48:36.000,1.80,0.9782,16,1.78,0.9673,167,1.86,1.0108,1,1.79,0.9728,1634,0
SPY190719C296,2019-07-18,2019-07-18 09:48:37.000,1.81,0.9836,16,1.78,0.9673,100,1.86,1.0108,1,1.795,0.9755,1634,0
SPY190719C296,2019-07-18,2019-07-18 09:48:38.000,1.80,0.9782,16,1.78,0.9673,100,1.86,1.0108,1,1.79,0.9728,1634,0
SPY190719C296,2019-07-18,2019-07-18 09:48:39.000,1.80,0.9782,17,1.79,0.9728,2,1.86,1.0108,1,1.795,0.9755,1634,0
SPY190719C296,2019-07-18,2019-07-18 09:48:39.000,1.81,0.9836,18,1.80,0.9782,1,1.86,1.0108,1,1.805,0.9809,1634,0
SPY190719C296,2019-07-18,2019-07-18 09:48:40.000,1.81,0.9836,16,1.79,0.9728,163,1.86,1.0108,1,1.80,0.9782,1634,0
SPY190719C296,2019-07-18,2019-07-18 09:48:40.000,1.81,0.9836,18,1.80,0.9782,1,1.86,1.0108,1,1.805,0.9809,1634,0
SPY190719C296,2019-07-18,2019-07-18 09:48:41.000,1.81,0.9836,10,1.80,0.9782,1,1.86,1.0108,1,1.805,0.9809,1634,0
SPY190719C296,2019-07-18,2019-07-18 09:48:42.000,1.81,0.9836,10,1.78,0.9673,169,1.86,1.0108,1,1.795,0.9755,1634,0
SPY190719C296,2019-07-18,2019-07-18 09:48:42.000,1.80,0.9782,10,1.78,0.9673,150,1.86,1.0108,1,1.79,0.9728,1634,0
SPY190719C296,2019-07-18,2019-07-18 09:48:43.000,1.80,0.9782,10,1.79,0.9728,2,1.86,1.0108,1,1.795,0.9755,1634,0
SPY190719C296,2019-07-18,2019-07-18 09:48:43.000,1.80,0.9782,10,1.78,0.9673,162,1.86,1.0108,1,1.79,0.9728,1634,0
SPY190719C296,2019-07-18,2019-07-18 09:48:44.000,1.80,0.9782,10,1.78,0.9673,162,1.86,1.0108,1,1.79,0.9728,1634,0
SPY190719C296,2019-07-18,2019-07-18 09:48:44.000,1.80,0.9782,10,1.78,0.9673,169,1.86,1.0108,1,1.79,0.9728,1634,0
SPY190719C296,2019-07-18,2019-07-18 09:48:45.000,1.80,0.9782,10,1.78,0.9673,100,1.86,1.0108,1,1.79,0.9728,1634,0
SPY190719C296,2019-07-18,2019-07-18 09:48:46.000,1.80,0.9782,10,1.78,0.9673,100,1.86,1.0108,1,1.79,0.9728,1634,0
SPY190719C296,2019-07-18,2019-07-18 09:48:47.000,1.80,0.9782,10,1.78,0.9673,100,1.86,1.0108,1,1.79,0.9728,1634,0
SPY190719C296,2019-07-18,2019-07-18 09:48:47.000,1.80,0.9782,16,1.77,0.9619,289,1.86,1.0108,1,1.785,0.9701,1634,0
SPY190719C296,2019-07-18,2019-07-18 09:48:48.000,1.79,0.9728,7,1.78,0.9673,2,1.86,1.0108,1,1.785,0.9701,1634,0
SPY190719C296,2019-07-18,2019-07-18 09:48:49.000,1.80,0.9782,10,1.78,0.9673,130,1.86,1.0108,1,1.79,0.9728,1634,0
SPY190719C296,2019-07-18,2019-07-18 09:48:50.000,1.81,0.9836,12,1.79,0.9728,152,1.86,1.0108,1,1.80,0.9782,1634,0
SPY190719C296,2019-07-18,2019-07-18 09:48:50.000,1.82,0.9891,26,1.79,0.9728,152,1.86,1.0108,1,1.805,0.9809,1634,0
SPY190719C296,2019-07-18,2019-07-18 09:48:51.000,1.81,0.9836,12,1.79,0.9728,174,1.86,1.0108,1,1.80,0.9782,1634,0
SPY190719C296,2019-07-18,2019-07-18 09:48:52.000,1.81,0.9836,8,1.79,0.9728,148,1.86,1.0108,1,1.80,0.9782,1634,0
SPY190719C296,2019-07-18,2019-07-18 09:48:52.000,1.81,0.9836,8,1.80,0.9782,1,1.86,1.0108,1,1.805,0.9809,1634,0
SPY190719C296,2019-07-18,2019-07-18 09:48:53.000,1.81,0.9836,10,1.79,0.9728,62,1.86,1.0108,1,1.80,0.9782,1634,0
SPY190719C296,2019-07-18,2019-07-18 09:48:53.000,1.81,0.9836,1,1.79,0.9728,148,1.86,1.0108,1,1.80,0.9782,1634,0
SPY190719C296,2019-07-18,2019-07-18 09:48:54.000,1.80,0.9782,7,1.79,0.9728,1,1.86,1.0108,1,1.795,0.9755,1634,0
SPY190719C296,2019-07-18,2019-07-18 09:48:54.000,1.80,0.9782,7,1.78,0.9673,100,1.86,1.0108,1,1.79,0.9728,1634,0
SPY190719C296,2019-07-18,2019-07-18 09:48:55.000,1.81,0.9836,1,1.78,0.9673,82,1.86,1.0108,1,1.795,0.9755,1634,0
SPY190719C296,2019-07-18,2019-07-18 09:48:56.000,1.81,0.9836,7,1.80,0.9782,2,1.86,1.0108,1,1.805,0.9809,1634,0
SPY190719C296,2019-07-18,2019-07-18 09:48:57.000,1.81,0.9836,8,1.80,0.9782,1,1.86,1.0108,1,1.805,0.9809,1634,0
SPY190719C296,2019-07-18,2019-07-18 09:48:58.000,1.82,0.9891,10,1.80,0.9782,1,1.86,1.0108,1,1.81,0.9836,1634,0
SPY190719C296,2019-07-18,2019-07-18 09:48:59.000,1.83,0.9945,6,1.81,0.9836,100,1.86,1.0108,1,1.82,0.9891,1634,0
SPY190719C296,2019-07-18,2019-07-18 09:48:59.000,1.82,0.9891,1,1.79,0.9728,49,1.86,1.0108,1,1.805,0.9809,1634,0
SPY190719C296,2019-07-18,2019-07-18 09:49:00.000,1.83,0.9945,10,1.81,0.9836,100,1.86,1.0108,1,1.82,0.9891,1634,0
SPY190719C296,2019-07-18,2019-07-18 09:49:01.000,1.82,0.9891,10,1.79,0.9728,174,1.86,1.0108,1,1.805,0.9809,1634,0
SPY190719C296,2019-07-18,2019-07-18 09:49:01.000,1.83,0.9945,10,1.81,0.9836,100,1.86,1.0108,1,1.82,0.9891,1634,0
SPY190719C296,2019-07-18,2019-07-18 09:49:02.000,1.80,0.9782,10,1.78,0.9673,168,1.86,1.0108,1,1.79,0.9728,1634,0
SPY190719C296,2019-07-18,2019-07-18 09:49:03.000,1.80,0.9782,10,1.78,0.9673,168,1.86,1.0108,1,1.79,0.9728,1634,0
SPY190719C296,2019-07-18,2019-07-18 09:49:03.000,1.79,0.9728,8,1.78,0.9673,100,1.86,1.0108,1,1.785,0.9701,1634,0
SPY190719C296,2019-07-18,2019-07-18 09:49:04.000,1.79,0.9728,10,1.77,0.9619,68,1.86,1.0108,1,1.78,0.9673,1634,0
SPY190719C296,2019-07-18,2019-07-18 09:49:05.000,1.80,0.9782,16,1.77,0.9619,110,1.86,1.0108,1,1.785,0.9701,1634,0
SPY190719C296,2019-07-18,2019-07-18 09:49:05.000,1.80,0.9782,30,1.77,0.9619,110,1.86,1.0108,1,1.785,0.9701,1634,0
SPY190719C296,2019-07-18,2019-07-18 09:49:06.000,1.80,0.9782,30,1.78,0.9673,100,1.86,1.0108,1,1.79,0.9728,1634,0
SPY190719C296,2019-07-18,2019-07-18 09:49:07.000,1.79,0.9728,8,1.78,0.9673,100,1.86,1.0108,1,1.785,0.9701,1634,0
SPY190719C296,2019-07-18,2019-07-18 09:49:08.000,1.80,0.9782,20,1.78,0.9673,100,1.86,1.0108,1,1.79,0.9728,1634,0
SPY190719C296,2019-07-18,2019-07-18 09:49:09.000,1.80,0.9782,18,1.78,0.9673,110,1.86,1.0108,1,1.79,0.9728,1634,0
SPY190719C296,2019-07-18,2019-07-18 09:49:09.000,1.81,0.9836,68,1.78,0.9673,110,1.86,1.0108,1,1.795,0.9755,1634,0
SPY190719C296,2019-07-18,2019-07-18 09:49:10.000,1.81,0.9836,16,1.79,0.9728,100,1.86,1.0108,1,1.80,0.9782,1634,0
SPY190719C296,2019-07-18,2019-07-18 09:49:11.000,1.81,0.9836,18,1.79,0.9728,100,1.86,1.0108,1,1.80,0.9782,1634,0
SPY190719C296,2019-07-18,2019-07-18 09:49:11.000,1.81,0.9836,16,1.79,0.9728,100,1.86,1.0108,1,1.80,0.9782,1634,0
SPY190719C296,2019-07-18,2019-07-18 09:49:12.000,1.82,0.9891,22,1.79,0.9728,179,1.86,1.0108,1,1.805,0.9809,1634,0
SPY190719C296,2019-07-18,2019-07-18 09:49:12.000,1.81,0.9836,8,1.79,0.9728,179,1.86,1.0108,1,1.80,0.9782,1634,0
SPY190719C296,2019-07-18,2019-07-18 09:49:13.000,1.82,0.9891,53,1.79,0.9728,179,1.86,1.0108,1,1.805,0.9809,1634,0
SPY190719C296,2019-07-18,2019-07-18 09:49:14.000,1.80,0.9782,7,1.78,0.9673,169,1.86,1.0108,1,1.79,0.9728,1634,0
SPY190719C296,2019-07-18,2019-07-18 09:49:14.000,1.80,0.9782,8,1.78,0.9673,169,1.86,1.0108,1,1.79,0.9728,1634,0
SPY190719C296,2019-07-18,2019-07-18 09:49:15.000,1.81,0.9836,7,1.79,0.9728,1,1.86,1.0108,1,1.80,0.9782,1634,0
SPY190719C296,2019-07-18,2019-07-18 09:49:15.000,1.82,0.9891,85,1.78,0.9673,173,1.86,1.0108,1,1.80,0.9782,1634,0
SPY190719C296,2019-07-18,2019-07-18 09:49:16.000,1.82,0.9891,10,1.78,0.9673,174,1.86,1.0108,1,1.80,0.9782,1634,0
SPY190719C296,2019-07-18,2019-07-18 09:49:17.000,1.81,0.9836,7,1.79,0.9728,2,1.86,1.0108,1,1.80,0.9782,1634,0
SPY190719C296,2019-07-18,2019-07-18 09:49:17.000,1.81,0.9836,10,1.79,0.9728,20,1.86,1.0108,1,1.80,0.9782,1634,0
SPY190719C296,2019-07-18,2019-07-18 09:49:18.000,1.81,0.9836,7,1.80,0.9782,1,1.86,1.0108,1,1.805,0.9809,1634,0
SPY190719C296,2019-07-18,2019-07-18 09:49:18.000,1.81,0.9836,9,1.79,0.9728,170,1.86,1.0108,1,1.80,0.9782,1634,0
SPY190719C296,2019-07-18,2019-07-18 09:49:19.000,1.81,0.9836,9,1.79,0.9728,170,1.86,1.0108,1,1.80,0.9782,1634,0
SPY190719C296,2019-07-18,2019-07-18 09:49:20.000,1.82,0.9891,10,1.80,0.9782,2,1.86,1.0108,1,1.81,0.9836,1634,0
SPY190719C296,2019-07-18,2019-07-18 09:49:20.000,1.83,0.9945,1,1.81,0.9836,100,1.86,1.0108,1,1.82,0.9891,1634,0
SPY190719C296,2019-07-18,2019-07-18 09:49:21.000,1.84,1.00,10,1.81,0.9836,157,1.86,1.0108,1,1.825,0.9918,1634,0
SPY190719C296,2019-07-18,2019-07-18 09:49:22.000,1.84,1.00,37,1.81,0.9836,157,1.86,1.0108,1,1.825,0.9918,1634,0
SPY190719C296,2019-07-18,2019-07-18 09:49:23.000,1.84,1.00,38,1.81,0.9836,157,1.86,1.0108,1,1.825,0.9918,1634,0
SPY190719C296,2019-07-18,2019-07-18 09:49:23.000,1.84,1.00,83,1.81,0.9836,157,1.86,1.0108,1,1.825,0.9918,1634,0
SPY190719C296,2019-07-18,2019-07-18 09:49:24.000,1.83,0.9945,8,1.81,0.9836,100,1.86,1.0108,1,1.82,0.9891,1634,0
SPY190719C296,2019-07-18,2019-07-18 09:49:25.000,1.83,0.9945,10,1.81,0.9836,100,1.86,1.0108,1,1.82,0.9891,1634,0
SPY190719C296,2019-07-18,2019-07-18 09:49:26.000,1.83,0.9945,10,1.81,0.9836,100,1.86,1.0108,1,1.82,0.9891,1634,0
SPY190719C296,2019-07-18,2019-07-18 09:49:27.000,1.82,0.9891,8,1.81,0.9836,100,1.86,1.0108,1,1.815,0.9864,1634,0
SPY190719C296,2019-07-18,2019-07-18 09:49:27.000,1.83,0.9945,1,1.81,0.9836,100,1.86,1.0108,1,1.82,0.9891,1634,0
SPY190719C296,2019-07-18,2019-07-18 09:49:28.000,1.84,1.00,49,1.82,0.9891,100,1.86,1.0108,1,1.83,0.9945,1634,0
SPY190719C296,2019-07-18,2019-07-18 09:49:28.000,1.83,0.9945,10,1.83,0.9945,100,1.86,1.0108,1,1.83,0.9945,1634,0
SPY190719C296,2019-07-18,2019-07-18 09:49:29.000,1.83,0.9945,8,1.82,0.9891,100,1.86,1.0108,1,1.825,0.9918,1634,0
SPY190719C296,2019-07-18,2019-07-18 09:49:30.000,1.83,0.9945,8,1.82,0.9891,100,1.86,1.0108,1,1.825,0.9918,1634,0
SPY190719C296,2019-07-18,2019-07-18 09:49:31.000,1.83,0.9945,20,1.80,0.9782,100,1.82,0.9891,1,1.815,0.9864,1640,0
SPY190719C296,2019-07-18,2019-07-18 09:49:31.000,1.83,0.9945,1,1.80,0.9782,129,1.82,0.9891,1,1.815,0.9864,1640,6
SPY190719C296,2019-07-18,2019-07-18 09:49:32.000,1.81,0.9836,10,1.80,0.9782,100,1.82,0.9891,1,1.805,0.9809,1640,0
SPY190719C296,2019-07-18,2019-07-18 09:49:32.000,1.83,0.9945,110,1.81,0.9836,100,1.82,0.9891,1,1.82,0.9891,1640,0
SPY190719C296,2019-07-18,2019-07-18 09:49:33.000,1.81,0.9836,10,1.80,0.9782,100,1.82,0.9891,1,1.805,0.9809,1640,0
SPY190719C296,2019-07-18,2019-07-18 09:49:34.000,1.80,0.9782,10,1.80,0.9782,100,1.82,0.9891,1,1.80,0.9782,1640,0
SPY190719C296,2019-07-18,2019-07-18 09:49:34.000,1.81,0.9836,10,1.80,0.9782,100,1.82,0.9891,1,1.805,0.9809,1640,0
SPY190719C296,2019-07-18,2019-07-18 09:49:35.000,1.80,0.9782,18,1.79,0.9728,100,1.82,0.9891,1,1.795,0.9755,1640,0
SPY190719C296,2019-07-18,2019-07-18 09:49:36.000,1.80,0.9782,26,1.78,0.9673,100,1.82,0.9891,1,1.79,0.9728,1640,0
SPY190719C296,2019-07-18,2019-07-18 09:49:36.000,1.80,0.9782,16,1.79,0.9728,100,1.82,0.9891,1,1.795,0.9755,1640,0
SPY190719C296,2019-07-18,2019-07-18 09:49:37.000,1.80,0.9782,17,1.79,0.9728,100,1.82,0.9891,1,1.795,0.9755,1640,0
SPY190719C296,2019-07-18,2019-07-18 09:49:38.000,1.81,0.9836,16,1.79,0.9728,100,1.82,0.9891,1,1.80,0.9782,1640,0
SPY190719C296,2019-07-18,2019-07-18 09:49:38.000,1.81,0.9836,8,1.79,0.9728,100,1.82,0.9891,1,1.80,0.9782,1640,0
SPY190719C296,2019-07-18,2019-07-18 09:49:39.000,1.81,0.9836,16,1.79,0.9728,100,1.82,0.9891,1,1.80,0.9782,1640,0
SPY190719C296,2019-07-18,2019-07-18 09:49:39.000,1.81,0.9836,10,1.79,0.9728,100,1.82,0.9891,1,1.80,0.9782,1640,0
SPY190719C296,2019-07-18,2019-07-18 09:49:40.000,1.80,0.9782,17,1.79,0.9728,100,1.82,0.9891,1,1.795,0.9755,1640,0
SPY190719C296,2019-07-18,2019-07-18 09:49:40.000,1.80,0.9782,16,1.79,0.9728,100,1.82,0.9891,1,1.795,0.9755,1640,0
SPY190719C296,2019-07-18,2019-07-18 09:49:41.000,1.80,0.9782,18,1.79,0.9728,100,1.82,0.9891,1,1.795,0.9755,1640,0
SPY190719C296,2019-07-18,2019-07-18 09:49:42.000,1.80,0.9782,18,1.79,0.9728,100,1.82,0.9891,1,1.795,0.9755,1640,0
SPY190719C296,2019-07-18,2019-07-18 09:49:43.000,1.79,0.9728,10,1.78,0.9673,100,1.82,0.9891,1,1.785,0.9701,1640,0
SPY190719C296,2019-07-18,2019-07-18 09:49:43.000,1.80,0.9782,18,1.79,0.9728,1,1.82,0.9891,1,1.795,0.9755,1640,0
SPY190719C296,2019-07-18,2019-07-18 09:49:44.000,1.80,0.9782,16,1.78,0.9673,100,1.82,0.9891,1,1.79,0.9728,1640,0
SPY190719C296,2019-07-18,2019-07-18 09:49:45.000,1.79,0.9728,18,1.78,0.9673,100,1.82,0.9891,1,1.785,0.9701,1640,0
SPY190719C296,2019-07-18,2019-07-18 09:49:45.000,1.79,0.9728,18,1.77,0.9619,100,1.82,0.9891,1,1.78,0.9673,1640,0
SPY190719C296,2019-07-18,2019-07-18 09:49:46.000,1.79,0.9728,18,1.77,0.9619,100,1.82,0.9891,1,1.78,0.9673,1640,0
SPY190719C296,2019-07-18,2019-07-18 09:49:46.000,1.80,0.9782,100,1.77,0.9619,100,1.78,0.9673,1,1.785,0.9701,1641,1
SPY190719C296,2019-07-18,2019-07-18 09:49:47.000,1.78,0.9673,7,1.77,0.9619,100,1.78,0.9673,1,1.775,0.9646,1641,0
SPY190719C296,2019-07-18,2019-07-18 09:49:48.000,1.78,0.9673,7,1.77,0.9619,136,1.78,0.9673,1,1.775,0.9646,1641,0
SPY190719C296,2019-07-18,2019-07-18 09:49:48.000,1.78,0.9673,8,1.77,0.9619,100,1.78,0.9673,1,1.775,0.9646,1641,0
SPY190719C296,2019-07-18,2019-07-18 09:49:49.000,1.78,0.9673,7,1.77,0.9619,100,1.78,0.9673,1,1.775,0.9646,1641,0
SPY190719C296,2019-07-18,2019-07-18 09:49:50.000,1.78,0.9673,7,1.78,0.9673,100,1.78,0.9673,1,1.78,0.9673,1641,0
SPY190719C296,2019-07-18,2019-07-18 09:49:50.000,1.79,0.9728,8,1.78,0.9673,100,1.78,0.9673,1,1.785,0.9701,1641,0
SPY190719C296,2019-07-18,2019-07-18 09:49:51.000,1.79,0.9728,8,1.79,0.9728,100,1.78,0.9673,1,1.79,0.9728,1641,0
SPY190719C296,2019-07-18,2019-07-18 09:49:52.000,1.82,0.9891,29,1.80,0.9782,100,1.78,0.9673,1,1.81,0.9836,1641,0
SPY190719C296,2019-07-18,2019-07-18 09:49:53.000,1.81,0.9836,1,1.80,0.9782,110,1.78,0.9673,1,1.805,0.9809,1641,0
SPY190719C296,2019-07-18,2019-07-18 09:49:53.000,1.82,0.9891,64,1.80,0.9782,110,1.78,0.9673,1,1.81,0.9836,1641,0
SPY190719C296,2019-07-18,2019-07-18 09:49:54.000,1.81,0.9836,18,1.79,0.9728,100,1.78,0.9673,1,1.80,0.9782,1641,0
SPY190719C296,2019-07-18,2019-07-18 09:49:55.000,1.80,0.9782,16,1.78,0.9673,179,1.78,0.9673,1,1.79,0.9728,1641,0
SPY190719C296,2019-07-18,2019-07-18 09:49:55.000,1.80,0.9782,8,1.79,0.9728,1,1.78,0.9673,1,1.795,0.9755,1641,0
SPY190719C296,2019-07-18,2019-07-18 09:49:56.000,1.81,0.9836,18,1.79,0.9728,12,1.78,0.9673,1,1.80,0.9782,1641,0
SPY190719C296,2019-07-18,2019-07-18 09:49:56.000,1.80,0.9782,16,1.78,0.9673,179,1.78,0.9673,1,1.79,0.9728,1641,0
SPY190719C296,2019-07-18,2019-07-18 09:49:57.000,1.80,0.9782,10,1.79,0.9728,12,1.78,0.9673,1,1.795,0.9755,1641,0
SPY190719C296,2019-07-18,2019-07-18 09:49:57.000,1.81,0.9836,16,1.79,0.9728,12,1.78,0.9673,1,1.80,0.9782,1641,0
SPY190719C296,2019-07-18,2019-07-18 09:49:58.000,1.81,0.9836,6,1.79,0.9728,100,1.78,0.9673,1,1.80,0.9782,1641,0
SPY190719C296,2019-07-18,2019-07-18 09:49:58.000,1.80,0.9782,16,1.78,0.9673,169,1.78,0.9673,1,1.79,0.9728,1641,0
SPY190719C296,2019-07-18,2019-07-18 09:49:59.000,1.80,0.9782,17,1.79,0.9728,1,1.78,0.9673,1,1.795,0.9755,1641,0
SPY190719C296,2019-07-18,2019-07-18 09:50:00.000,1.80,0.9782,17,1.79,0.9728,1,1.78,0.9673,1,1.795,0.9755,1641,0
SPY190719C296,2019-07-18,2019-07-18 09:50:01.000,1.80,0.9782,16,1.78,0.9673,179,1.78,0.9673,1,1.79,0.9728,1641,0
SPY190719C296,2019-07-18,2019-07-18 09:50:02.000,1.80,0.9782,16,1.78,0.9673,179,1.78,0.9673,1,1.79,0.9728,1641,0
SPY190719C296,2019-07-18,2019-07-18 09:50:02.000,1.80,0.9782,17,1.79,0.9728,1,1.78,0.9673,1,1.795,0.9755,1641,0
SPY190719C296,2019-07-18,2019-07-18 09:50:03.000,1.80,0.9782,16,1.78,0.9673,179,1.78,0.9673,1,1.79,0.9728,1641,0
SPY190719C296,2019-07-18,2019-07-18 09:50:04.000,1.80,0.9782,16,1.78,0.9673,179,1.78,0.9673,1,1.79,0.9728,1641,0
SPY190719C296,2019-07-18,2019-07-18 09:50:05.000,1.80,0.9782,18,1.78,0.9673,179,1.78,0.9673,1,1.79,0.9728,1641,0
SPY190719C296,2019-07-18,2019-07-18 09:50:05.000,1.80,0.9782,18,1.79,0.9728,1,1.78,0.9673,1,1.795,0.9755,1641,0
SPY190719C296,2019-07-18,2019-07-18 09:50:06.000,1.79,0.9728,17,1.77,0.9619,100,1.78,0.9673,1,1.78,0.9673,1641,0
SPY190719C296,2019-07-18,2019-07-18 09:50:07.000,1.79,0.9728,17,1.77,0.9619,1,1.78,0.9673,1,1.78,0.9673,1641,0
SPY190719C296,2019-07-18,2019-07-18 09:50:08.000,1.78,0.9673,16,1.77,0.9619,1,1.78,0.9673,1,1.775,0.9646,1641,0
SPY190719C296,2019-07-18,2019-07-18 09:50:09.000,1.78,0.9673,16,1.77,0.9619,1,1.78,0.9673,1,1.775,0.9646,1641,0
SPY190719C296,2019-07-18,2019-07-18 09:50:09.000,1.80,0.9782,27,1.77,0.9619,169,1.78,0.9673,6,1.785,0.9701,1647,6
SPY190719C296,2019-07-18,2019-07-18 09:50:10.000,1.80,0.9782,16,1.78,0.9673,100,1.78,0.9673,6,1.79,0.9728,1647,0
SPY190719C296,2019-07-18,2019-07-18 09:50:11.000,1.80,0.9782,16,1.78,0.9673,100,1.78,0.9673,6,1.79,0.9728,1647,0
SPY190719C296,2019-07-18,2019-07-18 09:50:11.000,1.80,0.9782,18,1.79,0.9728,1,1.78,0.9673,6,1.795,0.9755,1647,0
SPY190719C296,2019-07-18,2019-07-18 09:50:12.000,1.80,0.9782,18,1.79,0.9728,1,1.78,0.9673,6,1.795,0.9755,1647,0
SPY190719C296,2019-07-18,2019-07-18 09:50:13.000,1.80,0.9782,18,1.79,0.9728,1,1.78,0.9673,6,1.795,0.9755,1647,0
SPY190719C296,2019-07-18,2019-07-18 09:50:14.000,1.80,0.9782,17,1.79,0.9728,1,1.78,0.9673,6,1.795,0.9755,1647,0
SPY190719C296,2019-07-18,2019-07-18 09:50:15.000,1.80,0.9782,18,1.78,0.9673,100,1.78,0.9673,6,1.79,0.9728,1647,0
SPY190719C296,2019-07-18,2019-07-18 09:50:16.000,1.80,0.9782,18,1.78,0.9673,100,1.78,0.9673,6,1.79,0.9728,1647,0
SPY190719C296,2019-07-18,2019-07-18 09:50:17.000,1.80,0.9782,18,1.79,0.9728,1,1.78,0.9673,6,1.795,0.9755,1647,0
SPY190719C296,2019-07-18,2019-07-18 09:50:18.000,1.80,0.9782,16,1.79,0.9728,1,1.79,0.9728,2,1.795,0.9755,1652,3
SPY190719C296,2019-07-18,2019-07-18 09:50:18.000,1.80,0.9782,21,1.79,0.9728,1,1.79,0.9728,1,1.795,0.9755,1649,2
SPY190719C296,2019-07-18,2019-07-18 09:50:19.000,1.79,0.9728,2,1.79,0.9728,12,1.79,0.9728,2,1.79,0.9728,1652,0
SPY190719C296,2019-07-18,2019-07-18 09:50:20.000,1.80,0.9782,17,1.79,0.9728,12,1.79,0.9728,2,1.795,0.9755,1652,0
SPY190719C296,2019-07-18,2019-07-18 09:50:20.000,1.80,0.9782,18,1.79,0.9728,12,1.79,0.9728,2,1.795,0.9755,1652,0
SPY190719C296,2019-07-18,2019-07-18 09:50:21.000,1.80,0.9782,18,1.79,0.9728,1,1.79,0.9728,2,1.795,0.9755,1654,0
SPY190719C296,2019-07-18,2019-07-18 09:50:21.000,1.80,0.9782,18,1.79,0.9728,14,1.79,0.9728,2,1.795,0.9755,1654,2
SPY190719C296,2019-07-18,2019-07-18 09:50:22.000,1.80,0.9782,18,1.79,0.9728,1,1.79,0.9728,2,1.795,0.9755,1654,0
SPY190719C296,2019-07-18,2019-07-18 09:50:23.000,1.80,0.9782,16,1.78,0.9673,100,1.79,0.9728,2,1.79,0.9728,1654,0
SPY190719C296,2019-07-18,2019-07-18 09:50:24.000,1.78,0.9673,16,1.77,0.9619,100,1.79,0.9728,2,1.775,0.9646,1654,0
SPY190719C296,2019-07-18,2019-07-18 09:50:24.000,1.79,0.9728,16,1.77,0.9619,100,1.79,0.9728,2,1.78,0.9673,1654,0
SPY190719C296,2019-07-18,2019-07-18 09:50:25.000,1.78,0.9673,7,1.77,0.9619,100,1.79,0.9728,2,1.775,0.9646,1654,0
SPY190719C296,2019-07-18,2019-07-18 09:50:25.000,1.79,0.9728,6,1.77,0.9619,100,1.79,0.9728,2,1.78,0.9673,1654,0
SPY190719C296,2019-07-18,2019-07-18 09:50:26.000,1.78,0.9673,18,1.77,0.9619,100,1.79,0.9728,2,1.775,0.9646,1654,0
SPY190719C296,2019-07-18,2019-07-18 09:50:27.000,1.78,0.9673,18,1.77,0.9619,2,1.79,0.9728,2,1.775,0.9646,1654,0
SPY190719C296,2019-07-18,2019-07-18 09:50:28.000,1.78,0.9673,18,1.77,0.9619,2,1.79,0.9728,2,1.775,0.9646,1654,0
SPY190719C296,2019-07-18,2019-07-18 09:50:29.000,1.78,0.9673,18,1.76,0.9565,180,1.79,0.9728,2,1.77,0.9619,1654,0
SPY190719C296,2019-07-18,2019-07-18 09:50:29.000,1.78,0.9673,10,1.76,0.9565,184,1.79,0.9728,2,1.77,0.9619,1654,0
SPY190719C296,2019-07-18,2019-07-18 09:50:30.000,1.79,0.9728,18,1.77,0.9619,169,1.79,0.9728,2,1.78,0.9673,1654,0
SPY190719C296,2019-07-18,2019-07-18 09:50:31.000,1.78,0.9673,17,1.77,0.9619,100,1.79,0.9728,2,1.775,0.9646,1654,0
SPY190719C296,2019-07-18,2019-07-18 09:50:31.000,1.78,0.9673,22,1.77,0.9619,100,1.79,0.9728,2,1.775,0.9646,1654,0
SPY190719C296,2019-07-18,2019-07-18 09:50:32.000,1.79,0.9728,100,1.75,0.951,100,1.79,0.9728,2,1.77,0.9619,1654,0
SPY190719C296,2019-07-18,2019-07-18 09:50:32.000,1.76,0.9565,18,1.75,0.951,1,1.79,0.9728,2,1.755,0.9538,1654,0
SPY190719C296,2019-07-18,2019-07-18 09:50:33.000,1.76,0.9565,18,1.75,0.951,1,1.79,0.9728,2,1.755,0.9538,1654,0
SPY190719C296,2019-07-18,2019-07-18 09:50:34.000,1.76,0.9565,18,1.75,0.951,1,1.79,0.9728,2,1.755,0.9538,1654,0
SPY190719C296,2019-07-18,2019-07-18 09:50:35.000,1.74,0.9456,7,1.74,0.9456,1,1.79,0.9728,2,1.74,0.9456,1654,0
SPY190719C296,2019-07-18,2019-07-18 09:50:36.000,1.75,0.951,16,1.74,0.9456,1,1.79,0.9728,2,1.745,0.9483,1654,0
SPY190719C296,2019-07-18,2019-07-18 09:50:37.000,1.74,0.9456,16,1.73,0.9402,2,1.79,0.9728,2,1.735,0.9429,1654,0
SPY190719C296,2019-07-18,2019-07-18 09:50:38.000,1.74,0.9456,16,1.73,0.9402,2,1.79,0.9728,2,1.735,0.9429,1654,0
SPY190719C296,2019-07-18,2019-07-18 09:50:39.000,1.74,0.9456,16,1.73,0.9402,2,1.79,0.9728,2,1.735,0.9429,1654,0
SPY190719C296,2019-07-18,2019-07-18 09:50:39.000,1.74,0.9456,18,1.72,0.9347,143,1.79,0.9728,2,1.73,0.9402,1654,0
SPY190719C296,2019-07-18,2019-07-18 09:50:40.000,1.74,0.9456,16,1.72,0.9347,100,1.79,0.9728,2,1.73,0.9402,1654,0
SPY190719C296,2019-07-18,2019-07-18 09:50:41.000,1.74,0.9456,16,1.72,0.9347,100,1.79,0.9728,2,1.73,0.9402,1654,0
SPY190719C296,2019-07-18,2019-07-18 09:50:41.000,1.73,0.9402,15,1.71,0.9293,6,1.79,0.9728,2,1.72,0.9347,1654,0
SPY190719C296,2019-07-18,2019-07-18 09:50:42.000,1.73,0.9402,15,1.72,0.9347,100,1.79,0.9728,2,1.725,0.9375,1654,0
SPY190719C296,2019-07-18,2019-07-18 09:50:43.000,1.72,0.9347,16,1.71,0.9293,100,1.79,0.9728,2,1.715,0.932,1654,0
SPY190719C296,2019-07-18,2019-07-18 09:50:44.000,1.72,0.9347,16,1.70,0.9239,161,1.71,0.9293,100,1.71,0.9293,1754,0
SPY190719C296,2019-07-18,2019-07-18 09:50:44.000,1.72,0.9347,16,1.70,0.9239,161,1.71,0.9293,100,1.71,0.9293,1754,100
SPY190719C296,2019-07-18,2019-07-18 09:50:45.000,1.72,0.9347,16,1.70,0.9239,161,1.71,0.9293,100,1.71,0.9293,1754,0
SPY190719C296,2019-07-18,2019-07-18 09:50:46.000,1.72,0.9347,16,1.70,0.9239,130,1.71,0.9293,100,1.71,0.9293,1754,0
SPY190719C296,2019-07-18,2019-07-18 09:50:47.000,1.71,0.9293,16,1.68,0.913,175,1.71,0.9293,100,1.695,0.9211,1754,0
SPY190719C296,2019-07-18,2019-07-18 09:50:48.000,1.71,0.9293,16,1.68,0.913,170,1.71,0.9293,100,1.695,0.9211,1754,0
SPY190719C296,2019-07-18,2019-07-18 09:50:49.000,1.70,0.9239,16,1.67,0.9076,176,1.71,0.9293,100,1.685,0.9157,1754,0
SPY190719C296,2019-07-18,2019-07-18 09:50:49.000,1.71,0.9293,70,1.68,0.913,141,1.71,0.9293,100,1.695,0.9211,1754,0
SPY190719C296,2019-07-18,2019-07-18 09:50:50.000,1.69,0.9184,18,1.67,0.9076,171,1.71,0.9293,100,1.68,0.913,1754,0
SPY190719C296,2019-07-18,2019-07-18 09:50:51.000,1.68,0.913,8,1.67,0.9076,171,1.71,0.9293,100,1.675,0.9103,1754,0
SPY190719C296,2019-07-18,2019-07-18 09:50:52.000,1.68,0.913,7,1.67,0.9076,167,1.71,0.9293,100,1.675,0.9103,1754,0
SPY190719C296,2019-07-18,2019-07-18 09:50:52.000,1.69,0.9184,16,1.67,0.9076,100,1.71,0.9293,100,1.68,0.913,1754,0
SPY190719C296,2019-07-18,2019-07-18 09:50:53.000,1.69,0.9184,16,1.67,0.9076,100,1.71,0.9293,100,1.68,0.913,1754,0
SPY190719C296,2019-07-18,2019-07-18 09:50:54.000,1.69,0.9184,16,1.67,0.9076,100,1.71,0.9293,100,1.68,0.913,1754,0
SPY190719C296,2019-07-18,2019-07-18 09:50:55.000,1.69,0.9184,16,1.67,0.9076,100,1.71,0.9293,100,1.68,0.913,1754,0
SPY190719C296,2019-07-18,2019-07-18 09:50:55.000,1.68,0.913,10,1.66,0.9021,121,1.71,0.9293,100,1.67,0.9076,1754,0
SPY190719C296,2019-07-18,2019-07-18 09:50:56.000,1.70,0.9239,46,1.68,0.913,100,1.71,0.9293,100,1.69,0.9184,1754,0
SPY190719C296,2019-07-18,2019-07-18 09:50:57.000,1.69,0.9184,16,1.68,0.913,100,1.71,0.9293,100,1.685,0.9157,1754,0
SPY190719C296,2019-07-18,2019-07-18 09:50:57.000,1.70,0.9239,16,1.68,0.913,100,1.71,0.9293,100,1.69,0.9184,1754,0
SPY190719C296,2019-07-18,2019-07-18 09:50:58.000,1.70,0.9239,16,1.68,0.913,100,1.71,0.9293,100,1.69,0.9184,1754,0
SPY190719C296,2019-07-18,2019-07-18 09:50:59.000,1.70,0.9239,10,1.68,0.913,100,1.71,0.9293,100,1.69,0.9184,1754,0
SPY190719C296,2019-07-18,2019-07-18 09:50:59.000,1.71,0.9293,6,1.69,0.9184,100,1.71,0.9293,100,1.70,0.9239,1754,0
SPY190719C296,2019-07-18,2019-07-18 09:51:00.000,1.71,0.9293,6,1.69,0.9184,100,1.71,0.9293,100,1.70,0.9239,1754,0
SPY190719C296,2019-07-18,2019-07-18 09:51:01.000,1.71,0.9293,95,1.69,0.9184,100,1.71,0.9293,100,1.70,0.9239,1754,0
SPY190719C296,2019-07-18,2019-07-18 09:51:01.000,1.71,0.9293,6,1.69,0.9184,171,1.71,0.9293,100,1.70,0.9239,1754,0
SPY190719C296,2019-07-18,2019-07-18 09:51:02.000,1.71,0.9293,8,1.69,0.9184,100,1.71,0.9293,100,1.70,0.9239,1754,0
SPY190719C296,2019-07-18,2019-07-18 09:51:03.000,1.71,0.9293,6,1.70,0.9239,100,1.71,0.9293,100,1.705,0.9266,1754,0
SPY190719C296,2019-07-18,2019-07-18 09:51:03.000,1.71,0.9293,2,1.70,0.9239,167,1.71,0.9293,100,1.705,0.9266,1754,0
SPY190719C296,2019-07-18,2019-07-18 09:51:04.000,1.73,0.9402,16,1.71,0.9293,1,1.71,0.9293,2,1.72,0.9347,1756,2
SPY190719C296,2019-07-18,2019-07-18 09:51:04.000,1.74,0.9456,16,1.72,0.9347,100,1.71,0.9293,2,1.73,0.9402,1756,0
SPY190719C296,2019-07-18,2019-07-18 09:51:05.000,1.73,0.9402,16,1.71,0.9293,100,1.71,0.9293,2,1.72,0.9347,1756,0
SPY190719C296,2019-07-18,2019-07-18 09:51:06.000,1.73,0.9402,10,1.72,0.9347,2,1.71,0.9293,2,1.725,0.9375,1756,0
SPY190719C296,2019-07-18,2019-07-18 09:51:06.000,1.73,0.9402,17,1.71,0.9293,100,1.71,0.9293,2,1.72,0.9347,1756,0
SPY190719C296,2019-07-18,2019-07-18 09:51:07.000,1.73,0.9402,16,1.72,0.9347,2,1.72,0.9347,1,1.725,0.9375,1758,2
SPY190719C296,2019-07-18,2019-07-18 09:51:07.000,1.71,0.9293,10,1.70,0.9239,100,1.72,0.9347,1,1.705,0.9266,1758,0
SPY190719C296,2019-07-18,2019-07-18 09:51:08.000,1.70,0.9239,7,1.69,0.9184,100,1.72,0.9347,1,1.695,0.9211,1758,0
SPY190719C296,2019-07-18,2019-07-18 09:51:09.000,1.71,0.9293,18,1.69,0.9184,100,1.72,0.9347,1,1.70,0.9239,1758,0
SPY190719C296,2019-07-18,2019-07-18 09:51:09.000,1.73,0.9402,71,1.71,0.9293,100,1.72,0.9347,1,1.72,0.9347,1758,0
SPY190719C296,2019-07-18,2019-07-18 09:51:10.000,1.73,0.9402,64,1.71,0.9293,100,1.72,0.9347,1,1.72,0.9347,1758,0
SPY190719C296,2019-07-18,2019-07-18 09:51:10.000,1.72,0.9347,6,1.71,0.9293,100,1.72,0.9347,1,1.715,0.932,1758,0
SPY190719C296,2019-07-18,2019-07-18 09:51:11.000,1.72,0.9347,10,1.71,0.9293,100,1.72,0.9347,1,1.715,0.932,1758,0
SPY190719C296,2019-07-18,2019-07-18 09:51:11.000,1.73,0.9402,16,1.70,0.9239,186,1.72,0.9347,1,1.715,0.932,1758,0
SPY190719C296,2019-07-18,2019-07-18 09:51:12.000,1.73,0.9402,16,1.71,0.9293,100,1.72,0.9347,1,1.72,0.9347,1758,0
SPY190719C296,2019-07-18,2019-07-18 09:51:13.000,1.73,0.9402,30,1.71,0.9293,100,1.72,0.9347,1,1.72,0.9347,1758,0
SPY190719C296,2019-07-18,2019-07-18 09:51:13.000,1.72,0.9347,2,1.70,0.9239,100,1.72,0.9347,1,1.71,0.9293,1758,0
SPY190719C296,2019-07-18,2019-07-18 09:51:14.000,1.73,0.9402,18,1.71,0.9293,100,1.72,0.9347,1,1.72,0.9347,1758,0
SPY190719C296,2019-07-18,2019-07-18 09:51:15.000,1.74,0.9456,10,1.72,0.9347,100,1.72,0.9347,1,1.73,0.9402,1758,0
SPY190719C296,2019-07-18,2019-07-18 09:51:16.000,1.75,0.951,110,1.72,0.9347,74,1.72,0.9347,1,1.735,0.9429,1758,0
SPY190719C296,2019-07-18,2019-07-18 09:51:17.000,1.74,0.9456,17,1.73,0.9402,2,1.72,0.9347,1,1.735,0.9429,1758,0
SPY190719C296,2019-07-18,2019-07-18 09:51:17.000,1.74,0.9456,11,1.73,0.9402,2,1.72,0.9347,1,1.735,0.9429,1758,0
SPY190719C296,2019-07-18,2019-07-18 09:51:18.000,1.74,0.9456,18,1.73,0.9402,1,1.72,0.9347,1,1.735,0.9429,1758,0
SPY190719C296,2019-07-18,2019-07-18 09:51:18.000,1.74,0.9456,17,1.72,0.9347,110,1.72,0.9347,1,1.73,0.9402,1758,0
SPY190719C296,2019-07-18,2019-07-18 09:51:19.000,1.74,0.9456,18,1.73,0.9402,1,1.72,0.9347,1,1.735,0.9429,1758,0
SPY190719C296,2019-07-18,2019-07-18 09:51:20.000,1.75,0.951,16,1.73,0.9402,1,1.72,0.9347,1,1.74,0.9456,1758,0
SPY190719C296,2019-07-18,2019-07-18 09:51:21.000,1.75,0.951,16,1.73,0.9402,1,1.72,0.9347,1,1.74,0.9456,1758,0
SPY190719C296,2019-07-18,2019-07-18 09:51:21.000,1.75,0.951,18,1.73,0.9402,1,1.72,0.9347,1,1.74,0.9456,1758,0
SPY190719C296,2019-07-18,2019-07-18 09:51:22.000,1.76,0.9565,16,1.73,0.9402,1,1.72,0.9347,1,1.745,0.9483,1758,0
