symbol,Date,quote_time,ask_price,norm_ask_price,ask_size,bid_price,norm_bid_price,bid_size,last_trade_price,norm_last_trade_price,last_trade_size,mark_price,norm_mark_price,volume,Volume
SPY190717C300,2019-07-16,2019-07-16 09:34:42.000,0.94,1.00,1,0.93,0.9893,54,0.92,0.9787,1,0.935,0.9946,615,615
SPY190717C300,2019-07-16,2019-07-16 09:34:43.000,0.96,1.0212,31,0.93,0.9893,130,0.94,1.00,1,0.945,1.0053,616,1
SPY190717C300,2019-07-16,2019-07-16 09:34:44.000,0.96,1.0212,11,0.94,1.00,79,0.94,1.00,1,0.95,1.0106,616,0
SPY190717C300,2019-07-16,2019-07-16 09:34:45.000,0.96,1.0212,5,0.94,1.00,110,0.94,1.00,1,0.95,1.0106,616,0
SPY190717C300,2019-07-16,2019-07-16 09:34:46.000,0.96,1.0212,5,0.95,1.0106,110,0.94,1.00,1,0.955,1.0159,616,0
SPY190717C300,2019-07-16,2019-07-16 09:34:46.000,0.96,1.0212,5,0.96,1.0212,36,0.96,1.0212,3,0.96,1.0212,621,5
SPY190717C300,2019-07-16,2019-07-16 09:34:47.000,0.98,1.0425,100,0.96,1.0212,36,0.96,1.0212,3,0.97,1.0319,621,0
SPY190717C300,2019-07-16,2019-07-16 09:34:48.000,0.98,1.0425,100,0.96,1.0212,55,0.96,1.0212,3,0.97,1.0319,621,0
SPY190717C300,2019-07-16,2019-07-16 09:34:48.000,0.99,1.0531,231,0.96,1.0212,55,0.96,1.0212,3,0.975,1.0372,621,0
SPY190717C300,2019-07-16,2019-07-16 09:34:49.000,0.99,1.0531,386,0.96,1.0212,55,0.96,1.0212,3,0.975,1.0372,621,0
SPY190717C300,2019-07-16,2019-07-16 09:34:50.000,0.99,1.0531,386,0.96,1.0212,36,0.96,1.0212,3,0.975,1.0372,621,0
SPY190717C300,2019-07-16,2019-07-16 09:34:51.000,0.99,1.0531,386,0.96,1.0212,78,0.96,1.0212,3,0.975,1.0372,621,0
SPY190717C300,2019-07-16,2019-07-16 09:34:52.000,0.99,1.0531,386,0.96,1.0212,78,0.96,1.0212,3,0.975,1.0372,621,0
SPY190717C300,2019-07-16,2019-07-16 09:34:53.000,0.99,1.0531,386,0.96,1.0212,30,0.96,1.0212,3,0.975,1.0372,621,0
SPY190717C300,2019-07-16,2019-07-16 09:34:53.000,0.98,1.0425,212,0.96,1.0212,1,0.96,1.0212,3,0.97,1.0319,621,0
SPY190717C300,2019-07-16,2019-07-16 09:34:54.000,0.97,1.0319,6,0.96,1.0212,1,0.96,1.0212,1,0.965,1.0265,622,1
SPY190717C300,2019-07-16,2019-07-16 09:34:54.000,0.98,1.0425,222,0.94,1.00,203,0.96,1.0212,1,0.96,1.0212,622,0
SPY190717C300,2019-07-16,2019-07-16 09:34:55.000,0.98,1.0425,222,0.94,1.00,181,0.96,1.0212,1,0.96,1.0212,622,0
SPY190717C300,2019-07-16,2019-07-16 09:34:56.000,0.96,1.0212,1,0.94,1.00,100,0.96,1.0212,1,0.95,1.0106,622,0
SPY190717C300,2019-07-16,2019-07-16 09:34:56.000,0.96,1.0212,1,0.95,1.0106,30,0.96,1.0212,1,0.955,1.0159,622,0
SPY190717C300,2019-07-16,2019-07-16 09:34:57.000,0.96,1.0212,1,0.95,1.0106,30,0.96,1.0212,1,0.955,1.0159,622,0
SPY190717C300,2019-07-16,2019-07-16 09:34:57.000,0.96,1.0212,1,0.95,1.0106,46,0.96,1.0212,1,0.955,1.0159,622,0
SPY190717C300,2019-07-16,2019-07-16 09:34:58.000,0.96,1.0212,1,0.95,1.0106,30,0.96,1.0212,1,0.955,1.0159,622,0
SPY190717C300,2019-07-16,2019-07-16 09:34:58.000,0.96,1.0212,1,0.95,1.0106,36,0.96,1.0212,1,0.955,1.0159,622,0
SPY190717C300,2019-07-16,2019-07-16 09:34:59.000,0.96,1.0212,1,0.95,1.0106,30,0.96,1.0212,1,0.955,1.0159,622,0
SPY190717C300,2019-07-16,2019-07-16 09:34:59.000,0.96,1.0212,1,0.95,1.0106,40,0.96,1.0212,1,0.955,1.0159,622,0
SPY190717C300,2019-07-16,2019-07-16 09:35:00.000,0.96,1.0212,1,0.95,1.0106,46,0.96,1.0212,1,0.955,1.0159,622,0
SPY190717C300,2019-07-16,2019-07-16 09:35:01.000,0.96,1.0212,1,0.95,1.0106,40,0.96,1.0212,1,0.955,1.0159,622,0
SPY190717C300,2019-07-16,2019-07-16 09:35:01.000,0.96,1.0212,1,0.95,1.0106,46,0.96,1.0212,1,0.955,1.0159,622,0
SPY190717C300,2019-07-16,2019-07-16 09:35:02.000,0.96,1.0212,1,0.95,1.0106,66,0.96,1.0212,1,0.955,1.0159,622,0
SPY190717C300,2019-07-16,2019-07-16 09:35:03.000,0.97,1.0319,100,0.95,1.0106,36,0.96,1.0212,1,0.96,1.0212,623,1
SPY190717C300,2019-07-16,2019-07-16 09:35:04.000,0.99,1.0531,222,0.96,1.0212,80,0.96,1.0212,1,0.975,1.0372,623,0
SPY190717C300,2019-07-16,2019-07-16 09:35:04.000,0.99,1.0531,285,0.96,1.0212,80,0.96,1.0212,1,0.975,1.0372,623,0
SPY190717C300,2019-07-16,2019-07-16 09:35:05.000,0.99,1.0531,222,0.96,1.0212,80,0.96,1.0212,1,0.975,1.0372,623,0
SPY190717C300,2019-07-16,2019-07-16 09:35:05.000,0.99,1.0531,206,0.96,1.0212,6,0.96,1.0212,1,0.975,1.0372,623,0
SPY190717C300,2019-07-16,2019-07-16 09:35:06.000,0.99,1.0531,373,0.96,1.0212,248,0.96,1.0212,1,0.975,1.0372,623,0
SPY190717C300,2019-07-16,2019-07-16 09:35:07.000,0.99,1.0531,373,0.96,1.0212,194,0.96,1.0212,1,0.975,1.0372,623,0
SPY190717C300,2019-07-16,2019-07-16 09:35:07.000,0.98,1.0425,100,0.96,1.0212,229,0.96,1.0212,1,0.97,1.0319,623,0
SPY190717C300,2019-07-16,2019-07-16 09:35:08.000,0.99,1.0531,265,0.96,1.0212,172,0.96,1.0212,1,0.975,1.0372,623,0
SPY190717C300,2019-07-16,2019-07-16 09:35:08.000,0.99,1.0531,265,0.97,1.0319,30,0.96,1.0212,1,0.98,1.0425,623,0
SPY190717C300,2019-07-16,2019-07-16 09:35:09.000,0.99,1.0531,100,0.97,1.0319,258,0.96,1.0212,1,0.98,1.0425,623,0
SPY190717C300,2019-07-16,2019-07-16 09:35:09.000,0.99,1.0531,100,0.98,1.0425,30,0.96,1.0212,1,0.985,1.0478,623,0
SPY190717C300,2019-07-16,2019-07-16 09:35:10.000,0.99,1.0531,100,0.98,1.0425,30,0.96,1.0212,1,0.985,1.0478,623,0
SPY190717C300,2019-07-16,2019-07-16 09:35:11.000,0.99,1.0531,100,0.98,1.0425,30,0.96,1.0212,1,0.985,1.0478,623,0
SPY190717C300,2019-07-16,2019-07-16 09:35:12.000,0.99,1.0531,100,0.98,1.0425,1,0.99,1.0531,6,0.985,1.0478,629,6
SPY190717C300,2019-07-16,2019-07-16 09:35:12.000,0.99,1.0531,100,0.98,1.0425,30,0.96,1.0212,1,0.985,1.0478,623,0
SPY190717C300,2019-07-16,2019-07-16 09:35:13.000,1.01,1.0744,100,0.99,1.0531,56,0.99,1.0531,1,1.00,1.0638,729,100
SPY190717C300,2019-07-16,2019-07-16 09:35:14.000,1.01,1.0744,37,0.98,1.0425,100,0.99,1.0531,1,0.995,1.0585,729,0
SPY190717C300,2019-07-16,2019-07-16 09:35:15.000,1.02,1.0851,222,0.99,1.0531,106,0.99,1.0531,1,1.005,1.0691,729,0
SPY190717C300,2019-07-16,2019-07-16 09:35:16.000,1.02,1.0851,222,0.99,1.0531,106,0.99,1.0531,1,1.005,1.0691,729,0
SPY190717C300,2019-07-16,2019-07-16 09:35:17.000,1.02,1.0851,199,0.99,1.0531,137,0.99,1.0531,1,1.005,1.0691,729,0
SPY190717C300,2019-07-16,2019-07-16 09:35:17.000,1.02,1.0851,189,1.00,1.0638,30,0.99,1.0531,1,1.01,1.0744,729,0
SPY190717C300,2019-07-16,2019-07-16 09:35:18.000,1.01,1.0744,1,0.99,1.0531,112,1.01,1.0744,1,1.00,1.0638,734,5
SPY190717C300,2019-07-16,2019-07-16 09:35:19.000,1.02,1.0851,174,0.99,1.0531,112,1.01,1.0744,1,1.005,1.0691,734,0
SPY190717C300,2019-07-16,2019-07-16 09:35:19.000,1.02,1.0851,10,1.00,1.0638,20,1.01,1.0744,1,1.01,1.0744,734,0
SPY190717C300,2019-07-16,2019-07-16 09:35:20.000,1.02,1.0851,72,1.00,1.0638,20,1.01,1.0744,1,1.01,1.0744,734,0
SPY190717C300,2019-07-16,2019-07-16 09:35:21.000,1.02,1.0851,162,1.00,1.0638,20,1.01,1.0744,1,1.01,1.0744,734,0
SPY190717C300,2019-07-16,2019-07-16 09:35:21.000,1.02,1.0851,172,1.00,1.0638,26,1.01,1.0744,1,1.01,1.0744,734,0
SPY190717C300,2019-07-16,2019-07-16 09:35:22.000,1.02,1.0851,162,1.00,1.0638,20,1.01,1.0744,1,1.01,1.0744,734,0
SPY190717C300,2019-07-16,2019-07-16 09:35:23.000,1.02,1.0851,128,1.00,1.0638,20,1.01,1.0744,1,1.01,1.0744,734,0
SPY190717C300,2019-07-16,2019-07-16 09:35:23.000,1.02,1.0851,128,1.00,1.0638,26,1.01,1.0744,1,1.01,1.0744,734,0
SPY190717C300,2019-07-16,2019-07-16 09:35:24.000,1.02,1.0851,128,1.00,1.0638,30,1.01,1.0744,1,1.01,1.0744,734,0
SPY190717C300,2019-07-16,2019-07-16 09:35:25.000,1.02,1.0851,173,1.00,1.0638,30,1.01,1.0744,1,1.01,1.0744,734,0
SPY190717C300,2019-07-16,2019-07-16 09:35:25.000,1.02,1.0851,143,1.00,1.0638,30,1.01,1.0744,1,1.01,1.0744,734,0
SPY190717C300,2019-07-16,2019-07-16 09:35:27.000,1.01,1.0744,110,0.99,1.0531,50,1.01,1.0744,1,1.00,1.0638,734,0
SPY190717C300,2019-07-16,2019-07-16 09:35:27.000,1.02,1.0851,173,0.99,1.0531,130,1.01,1.0744,1,1.005,1.0691,734,0
SPY190717C300,2019-07-16,2019-07-16 09:35:28.000,1.01,1.0744,100,0.99,1.0531,50,1.01,1.0744,1,1.00,1.0638,734,0
SPY190717C300,2019-07-16,2019-07-16 09:35:29.000,1.01,1.0744,100,0.99,1.0531,50,1.01,1.0744,1,1.00,1.0638,734,0
SPY190717C300,2019-07-16,2019-07-16 09:35:30.000,1.01,1.0744,210,0.98,1.0425,30,1.01,1.0744,1,0.995,1.0585,734,0
SPY190717C300,2019-07-16,2019-07-16 09:35:31.000,1.00,1.0638,37,0.98,1.0425,50,1.01,1.0744,1,0.99,1.0531,734,0
SPY190717C300,2019-07-16,2019-07-16 09:35:31.000,1.00,1.0638,27,0.98,1.0425,50,1.01,1.0744,1,0.99,1.0531,734,0
SPY190717C300,2019-07-16,2019-07-16 09:35:32.000,1.00,1.0638,27,0.98,1.0425,50,1.00,1.0638,10,0.99,1.0531,744,0
SPY190717C300,2019-07-16,2019-07-16 09:35:32.000,1.00,1.0638,27,0.98,1.0425,50,1.00,1.0638,10,0.99,1.0531,744,10
SPY190717C300,2019-07-16,2019-07-16 09:35:33.000,1.00,1.0638,12,0.98,1.0425,86,1.00,1.0638,15,0.99,1.0531,759,15
SPY190717C300,2019-07-16,2019-07-16 09:35:34.000,1.00,1.0638,12,0.99,1.0531,55,1.00,1.0638,15,0.995,1.0585,759,0
SPY190717C300,2019-07-16,2019-07-16 09:35:34.000,1.00,1.0638,12,0.99,1.0531,56,1.00,1.0638,15,0.995,1.0585,759,0
SPY190717C300,2019-07-16,2019-07-16 09:35:35.000,1.00,1.0638,12,0.99,1.0531,184,1.00,1.0638,15,0.995,1.0585,759,0
SPY190717C300,2019-07-16,2019-07-16 09:35:36.000,1.00,1.0638,12,0.99,1.0531,134,1.00,1.0638,15,0.995,1.0585,759,0
SPY190717C300,2019-07-16,2019-07-16 09:35:37.000,1.00,1.0638,12,0.99,1.0531,68,1.00,1.0638,15,0.995,1.0585,759,0
SPY190717C300,2019-07-16,2019-07-16 09:35:38.000,1.00,1.0638,12,0.99,1.0531,68,1.00,1.0638,15,0.995,1.0585,759,0
SPY190717C300,2019-07-16,2019-07-16 09:35:39.000,1.00,1.0638,12,0.99,1.0531,68,1.00,1.0638,15,0.995,1.0585,759,0
SPY190717C300,2019-07-16,2019-07-16 09:35:40.000,1.00,1.0638,12,0.99,1.0531,79,1.00,1.0638,15,0.995,1.0585,759,0
SPY190717C300,2019-07-16,2019-07-16 09:35:40.000,1.00,1.0638,12,0.99,1.0531,68,1.00,1.0638,15,0.995,1.0585,759,0
SPY190717C300,2019-07-16,2019-07-16 09:35:41.000,1.00,1.0638,12,0.99,1.0531,79,1.00,1.0638,15,0.995,1.0585,759,0
SPY190717C300,2019-07-16,2019-07-16 09:35:42.000,1.00,1.0638,12,0.98,1.0425,80,1.00,1.0638,15,0.99,1.0531,759,0
SPY190717C300,2019-07-16,2019-07-16 09:35:42.000,1.00,1.0638,12,0.99,1.0531,56,1.00,1.0638,15,0.995,1.0585,759,0
SPY190717C300,2019-07-16,2019-07-16 09:35:43.000,1.00,1.0638,12,0.99,1.0531,50,1.00,1.0638,15,0.995,1.0585,759,0
SPY190717C300,2019-07-16,2019-07-16 09:35:43.000,1.00,1.0638,12,0.99,1.0531,56,1.00,1.0638,15,0.995,1.0585,759,0
SPY190717C300,2019-07-16,2019-07-16 09:35:44.000,1.00,1.0638,12,0.98,1.0425,68,1.00,1.0638,15,0.99,1.0531,759,0
SPY190717C300,2019-07-16,2019-07-16 09:35:44.000,1.00,1.0638,12,0.99,1.0531,30,1.00,1.0638,15,0.995,1.0585,759,0
SPY190717C300,2019-07-16,2019-07-16 09:35:45.000,1.00,1.0638,12,0.98,1.0425,56,1.00,1.0638,15,0.99,1.0531,759,0
SPY190717C300,2019-07-16,2019-07-16 09:35:46.000,1.00,1.0638,12,0.99,1.0531,56,1.00,1.0638,15,0.995,1.0585,759,0
SPY190717C300,2019-07-16,2019-07-16 09:35:46.000,1.00,1.0638,12,0.99,1.0531,60,1.00,1.0638,15,0.995,1.0585,759,0
SPY190717C300,2019-07-16,2019-07-16 09:35:47.000,1.02,1.0851,100,1.00,1.0638,56,1.00,1.0638,79,1.01,1.0744,851,79
SPY190717C300,2019-07-16,2019-07-16 09:35:47.000,1.02,1.0851,100,1.00,1.0638,36,1.00,1.0638,12,1.01,1.0744,772,13
SPY190717C300,2019-07-16,2019-07-16 09:35:48.000,1.02,1.0851,110,1.00,1.0638,56,1.00,1.0638,79,1.01,1.0744,851,0
SPY190717C300,2019-07-16,2019-07-16 09:35:49.000,1.02,1.0851,100,1.00,1.0638,30,1.00,1.0638,79,1.01,1.0744,851,0
SPY190717C300,2019-07-16,2019-07-16 09:35:50.000,1.02,1.0851,175,1.00,1.0638,56,1.00,1.0638,79,1.01,1.0744,851,0
SPY190717C300,2019-07-16,2019-07-16 09:35:50.000,1.02,1.0851,180,1.00,1.0638,13,1.00,1.0638,79,1.01,1.0744,851,0
SPY190717C300,2019-07-16,2019-07-16 09:35:51.000,1.01,1.0744,100,0.99,1.0531,45,1.00,1.0638,79,1.00,1.0638,851,0
SPY190717C300,2019-07-16,2019-07-16 09:35:51.000,1.01,1.0744,100,1.00,1.0638,30,1.00,1.0638,79,1.005,1.0691,851,0
SPY190717C300,2019-07-16,2019-07-16 09:35:52.000,1.02,1.0851,175,1.00,1.0638,40,1.00,1.0638,79,1.01,1.0744,851,0
SPY190717C300,2019-07-16,2019-07-16 09:35:53.000,1.02,1.0851,175,1.00,1.0638,40,1.00,1.0638,79,1.01,1.0744,851,0
SPY190717C300,2019-07-16,2019-07-16 09:35:53.000,1.03,1.0957,110,1.01,1.0744,36,1.00,1.0638,79,1.02,1.0851,851,0
SPY190717C300,2019-07-16,2019-07-16 09:35:54.000,1.03,1.0957,175,1.01,1.0744,56,1.00,1.0638,79,1.02,1.0851,851,0
SPY190717C300,2019-07-16,2019-07-16 09:35:55.000,1.03,1.0957,190,1.01,1.0744,46,1.00,1.0638,79,1.02,1.0851,851,0
SPY190717C300,2019-07-16,2019-07-16 09:35:56.000,1.03,1.0957,190,1.01,1.0744,26,1.00,1.0638,79,1.02,1.0851,851,0
SPY190717C300,2019-07-16,2019-07-16 09:35:57.000,1.02,1.0851,100,1.00,1.0638,10,1.00,1.0638,79,1.01,1.0744,851,0
SPY190717C300,2019-07-16,2019-07-16 09:35:57.000,1.02,1.0851,190,1.00,1.0638,10,1.00,1.0638,79,1.01,1.0744,851,0
SPY190717C300,2019-07-16,2019-07-16 09:35:58.000,1.02,1.0851,100,1.00,1.0638,10,1.00,1.0638,79,1.01,1.0744,851,0
SPY190717C300,2019-07-16,2019-07-16 09:35:58.000,1.02,1.0851,100,1.00,1.0638,49,1.00,1.0638,79,1.01,1.0744,851,0
SPY190717C300,2019-07-16,2019-07-16 09:35:59.000,1.03,1.0957,100,1.01,1.0744,36,1.00,1.0638,79,1.02,1.0851,851,0
SPY190717C300,2019-07-16,2019-07-16 09:35:59.000,1.02,1.0851,100,1.00,1.0638,49,1.00,1.0638,79,1.01,1.0744,851,0
SPY190717C300,2019-07-16,2019-07-16 09:36:00.000,1.03,1.0957,100,1.01,1.0744,36,1.00,1.0638,79,1.02,1.0851,851,0
SPY190717C300,2019-07-16,2019-07-16 09:36:01.000,1.03,1.0957,100,1.01,1.0744,36,1.00,1.0638,79,1.02,1.0851,851,0
SPY190717C300,2019-07-16,2019-07-16 09:36:01.000,1.03,1.0957,100,1.01,1.0744,50,1.00,1.0638,79,1.02,1.0851,851,0
SPY190717C300,2019-07-16,2019-07-16 09:36:02.000,1.03,1.0957,100,1.01,1.0744,30,1.00,1.0638,79,1.02,1.0851,851,0
SPY190717C300,2019-07-16,2019-07-16 09:36:02.000,1.03,1.0957,100,1.01,1.0744,36,1.00,1.0638,79,1.02,1.0851,851,0
SPY190717C300,2019-07-16,2019-07-16 09:36:03.000,1.02,1.0851,36,1.00,1.0638,10,1.03,1.0957,5,1.01,1.0744,871,20
SPY190717C300,2019-07-16,2019-07-16 09:36:03.000,1.02,1.0851,19,1.00,1.0638,10,1.03,1.0957,5,1.01,1.0744,871,0
SPY190717C300,2019-07-16,2019-07-16 09:36:04.000,1.01,1.0744,100,1.00,1.0638,10,1.03,1.0957,5,1.005,1.0691,871,0
SPY190717C300,2019-07-16,2019-07-16 09:36:05.000,1.02,1.0851,56,1.00,1.0638,10,1.03,1.0957,5,1.01,1.0744,871,0
SPY190717C300,2019-07-16,2019-07-16 09:36:05.000,1.02,1.0851,141,1.00,1.0638,10,1.03,1.0957,5,1.01,1.0744,871,0
SPY190717C300,2019-07-16,2019-07-16 09:36:06.000,1.02,1.0851,135,1.00,1.0638,10,1.03,1.0957,5,1.01,1.0744,871,0
SPY190717C300,2019-07-16,2019-07-16 09:36:06.000,1.01,1.0744,145,1.00,1.0638,10,1.03,1.0957,5,1.005,1.0691,871,0
SPY190717C300,2019-07-16,2019-07-16 09:36:07.000,1.01,1.0744,145,1.00,1.0638,10,1.03,1.0957,5,1.005,1.0691,871,0
SPY190717C300,2019-07-16,2019-07-16 09:36:07.000,1.01,1.0744,145,1.00,1.0638,10,1.00,1.0638,50,1.005,1.0691,921,50
SPY190717C300,2019-07-16,2019-07-16 09:36:08.000,1.01,1.0744,145,0.98,1.0425,45,1.00,1.0638,1,0.995,1.0585,931,10
SPY190717C300,2019-07-16,2019-07-16 09:36:09.000,1.00,1.0638,35,0.98,1.0425,45,1.00,1.0638,1,0.99,1.0531,931,0
SPY190717C300,2019-07-16,2019-07-16 09:36:09.000,1.00,1.0638,105,0.98,1.0425,5,1.00,1.0638,1,0.99,1.0531,931,0
SPY190717C300,2019-07-16,2019-07-16 09:36:10.000,0.99,1.0531,135,0.98,1.0425,5,1.00,1.0638,1,0.985,1.0478,931,0
SPY190717C300,2019-07-16,2019-07-16 09:36:11.000,0.98,1.0425,1,0.96,1.0212,36,0.98,1.0425,5,0.97,1.0319,936,5
SPY190717C300,2019-07-16,2019-07-16 09:36:12.000,0.99,1.0531,135,0.96,1.0212,59,0.98,1.0425,5,0.975,1.0372,936,0
SPY190717C300,2019-07-16,2019-07-16 09:36:12.000,0.99,1.0531,106,0.96,1.0212,56,0.98,1.0425,5,0.975,1.0372,936,0
SPY190717C300,2019-07-16,2019-07-16 09:36:13.000,0.99,1.0531,106,0.96,1.0212,90,0.98,1.0425,5,0.975,1.0372,936,0
SPY190717C300,2019-07-16,2019-07-16 09:36:14.000,0.98,1.0425,6,0.96,1.0212,68,0.98,1.0425,5,0.97,1.0319,936,0
SPY190717C300,2019-07-16,2019-07-16 09:36:14.000,0.98,1.0425,20,0.96,1.0212,36,0.98,1.0425,5,0.97,1.0319,936,0
SPY190717C300,2019-07-16,2019-07-16 09:36:15.000,0.98,1.0425,100,0.96,1.0212,36,0.98,1.0425,5,0.97,1.0319,936,0
SPY190717C300,2019-07-16,2019-07-16 09:36:16.000,0.98,1.0425,110,0.96,1.0212,36,0.98,1.0425,5,0.97,1.0319,936,0
SPY190717C300,2019-07-16,2019-07-16 09:36:16.000,0.99,1.0531,93,0.96,1.0212,36,0.98,1.0425,5,0.975,1.0372,936,0
SPY190717C300,2019-07-16,2019-07-16 09:36:17.000,0.98,1.0425,110,0.95,1.0106,100,0.98,1.0425,5,0.965,1.0265,936,0
SPY190717C300,2019-07-16,2019-07-16 09:36:17.000,0.98,1.0425,110,0.96,1.0212,52,0.98,1.0425,5,0.97,1.0319,936,0
SPY190717C300,2019-07-16,2019-07-16 09:36:18.000,0.98,1.0425,110,0.96,1.0212,52,0.98,1.0425,5,0.97,1.0319,936,0
SPY190717C300,2019-07-16,2019-07-16 09:36:19.000,0.98,1.0425,110,0.96,1.0212,36,0.98,1.0425,5,0.97,1.0319,936,0
SPY190717C300,2019-07-16,2019-07-16 09:36:20.000,0.98,1.0425,110,0.95,1.0106,100,0.98,1.0425,5,0.965,1.0265,936,0
SPY190717C300,2019-07-16,2019-07-16 09:36:20.000,0.98,1.0425,110,0.96,1.0212,36,0.98,1.0425,5,0.97,1.0319,936,0
SPY190717C300,2019-07-16,2019-07-16 09:36:21.000,0.98,1.0425,110,0.96,1.0212,48,0.98,1.0425,5,0.97,1.0319,936,0
SPY190717C300,2019-07-16,2019-07-16 09:36:22.000,0.99,1.0531,182,0.96,1.0212,123,0.96,1.0212,1,0.975,1.0372,937,1
SPY190717C300,2019-07-16,2019-07-16 09:36:23.000,0.99,1.0531,100,0.97,1.0319,165,0.96,1.0212,1,0.98,1.0425,937,0
SPY190717C300,2019-07-16,2019-07-16 09:36:25.000,1.00,1.0638,177,0.98,1.0425,56,0.96,1.0212,1,0.99,1.0531,937,0
SPY190717C300,2019-07-16,2019-07-16 09:36:26.000,1.00,1.0638,177,0.98,1.0425,36,0.99,1.0531,5,0.99,1.0531,942,5
SPY190717C300,2019-07-16,2019-07-16 09:36:27.000,1.00,1.0638,177,0.98,1.0425,56,0.99,1.0531,5,0.99,1.0531,942,0
SPY190717C300,2019-07-16,2019-07-16 09:36:27.000,1.00,1.0638,177,0.98,1.0425,36,0.99,1.0531,5,0.99,1.0531,942,0
SPY190717C300,2019-07-16,2019-07-16 09:36:28.000,1.00,1.0638,177,0.98,1.0425,56,0.99,1.0531,5,0.99,1.0531,942,0
SPY190717C300,2019-07-16,2019-07-16 09:36:29.000,1.00,1.0638,177,0.98,1.0425,36,0.99,1.0531,5,0.99,1.0531,942,0
SPY190717C300,2019-07-16,2019-07-16 09:36:30.000,1.00,1.0638,177,0.98,1.0425,36,0.99,1.0531,5,0.99,1.0531,942,0
SPY190717C300,2019-07-16,2019-07-16 09:36:31.000,1.01,1.0744,188,0.98,1.0425,9,0.99,1.0531,5,0.995,1.0585,942,0
SPY190717C300,2019-07-16,2019-07-16 09:36:31.000,1.01,1.0744,183,0.97,1.0319,124,0.99,1.0531,5,0.99,1.0531,942,0
SPY190717C300,2019-07-16,2019-07-16 09:36:32.000,1.01,1.0744,188,0.98,1.0425,56,0.99,1.0531,5,0.995,1.0585,942,0
SPY190717C300,2019-07-16,2019-07-16 09:36:33.000,1.00,1.0638,138,0.98,1.0425,68,0.99,1.0531,5,0.99,1.0531,942,0
SPY190717C300,2019-07-16,2019-07-16 09:36:35.000,1.00,1.0638,150,0.98,1.0425,36,0.99,1.0531,5,0.99,1.0531,942,0
SPY190717C300,2019-07-16,2019-07-16 09:36:36.000,0.99,1.0531,100,0.97,1.0319,75,0.99,1.0531,5,0.98,1.0425,942,0
SPY190717C300,2019-07-16,2019-07-16 09:36:38.000,1.00,1.0638,140,0.97,1.0319,91,0.99,1.0531,1,0.985,1.0478,943,1
SPY190717C300,2019-07-16,2019-07-16 09:36:39.000,1.00,1.0638,110,0.97,1.0319,91,0.99,1.0531,1,0.985,1.0478,943,0
SPY190717C300,2019-07-16,2019-07-16 09:36:40.000,1.00,1.0638,100,0.98,1.0425,56,0.99,1.0531,1,0.99,1.0531,943,0
SPY190717C300,2019-07-16,2019-07-16 09:36:40.000,1.00,1.0638,172,0.98,1.0425,56,0.99,1.0531,1,0.99,1.0531,943,0
SPY190717C300,2019-07-16,2019-07-16 09:36:43.000,1.00,1.0638,12,0.99,1.0531,55,1.00,1.0638,12,0.995,1.0585,943,0
SPY190717C300,2019-07-16,2019-07-16 09:36:45.000,1.01,1.0744,184,0.98,1.0425,95,1.00,1.0638,12,0.995,1.0585,955,12
SPY190717C300,2019-07-16,2019-07-16 09:36:46.000,1.01,1.0744,134,0.98,1.0425,36,1.00,1.0638,12,0.995,1.0585,955,0
SPY190717C300,2019-07-16,2019-07-16 09:36:46.000,1.01,1.0744,100,0.99,1.0531,36,1.00,1.0638,12,1.00,1.0638,955,0
SPY190717C300,2019-07-16,2019-07-16 09:36:47.000,1.01,1.0744,100,0.99,1.0531,56,1.00,1.0638,12,1.00,1.0638,955,0
SPY190717C300,2019-07-16,2019-07-16 09:36:48.000,1.01,1.0744,100,0.99,1.0531,56,1.00,1.0638,12,1.00,1.0638,955,0
SPY190717C300,2019-07-16,2019-07-16 09:36:49.000,1.01,1.0744,100,0.99,1.0531,36,1.01,1.0744,5,1.00,1.0638,970,15
SPY190717C300,2019-07-16,2019-07-16 09:36:49.000,1.01,1.0744,100,0.99,1.0531,36,1.00,1.0638,12,1.00,1.0638,955,0
SPY190717C300,2019-07-16,2019-07-16 09:36:50.000,1.01,1.0744,100,0.99,1.0531,62,1.01,1.0744,5,1.00,1.0638,970,0
SPY190717C300,2019-07-16,2019-07-16 09:36:51.000,1.01,1.0744,100,0.99,1.0531,86,1.01,1.0744,5,1.00,1.0638,970,0
SPY190717C300,2019-07-16,2019-07-16 09:36:51.000,1.01,1.0744,100,0.99,1.0531,84,1.01,1.0744,5,1.00,1.0638,970,0
SPY190717C300,2019-07-16,2019-07-16 09:36:52.000,1.01,1.0744,100,1.00,1.0638,36,1.01,1.0744,5,1.005,1.0691,970,0
SPY190717C300,2019-07-16,2019-07-16 09:36:52.000,1.01,1.0744,1,1.00,1.0638,36,1.01,1.0744,5,1.005,1.0691,970,0
SPY190717C300,2019-07-16,2019-07-16 09:36:53.000,1.03,1.0957,100,1.01,1.0744,30,1.01,1.0744,1,1.02,1.0851,971,1
SPY190717C300,2019-07-16,2019-07-16 09:36:53.000,1.03,1.0957,173,1.01,1.0744,30,1.01,1.0744,1,1.02,1.0851,971,0
SPY190717C300,2019-07-16,2019-07-16 09:36:54.000,1.03,1.0957,173,1.01,1.0744,51,1.01,1.0744,1,1.02,1.0851,971,0
SPY190717C300,2019-07-16,2019-07-16 09:36:54.000,1.03,1.0957,173,1.01,1.0744,51,1.02,1.0851,1,1.02,1.0851,972,1
SPY190717C300,2019-07-16,2019-07-16 09:36:55.000,1.03,1.0957,100,1.01,1.0744,46,1.02,1.0851,3,1.02,1.0851,975,3
SPY190717C300,2019-07-16,2019-07-16 09:36:56.000,1.03,1.0957,100,1.01,1.0744,46,1.02,1.0851,3,1.02,1.0851,975,0
SPY190717C300,2019-07-16,2019-07-16 09:36:57.000,1.03,1.0957,110,1.01,1.0744,46,1.02,1.0851,3,1.02,1.0851,975,0
SPY190717C300,2019-07-16,2019-07-16 09:36:58.000,1.03,1.0957,110,1.02,1.0851,20,1.02,1.0851,3,1.025,1.0904,975,0
SPY190717C300,2019-07-16,2019-07-16 09:36:58.000,1.03,1.0957,110,1.02,1.0851,20,1.02,1.0851,3,1.025,1.0904,978,3
SPY190717C300,2019-07-16,2019-07-16 09:36:59.000,1.02,1.0851,20,1.00,1.0638,26,1.02,1.0851,10,1.01,1.0744,998,10
SPY190717C300,2019-07-16,2019-07-16 09:36:59.000,1.03,1.0957,177,1.02,1.0851,20,1.02,1.0851,10,1.025,1.0904,988,10
SPY190717C300,2019-07-16,2019-07-16 09:37:00.000,1.02,1.0851,20,1.00,1.0638,26,1.02,1.0851,10,1.01,1.0744,998,0
SPY190717C300,2019-07-16,2019-07-16 09:37:01.000,1.02,1.0851,200,1.00,1.0638,26,1.02,1.0851,10,1.01,1.0744,998,0
SPY190717C300,2019-07-16,2019-07-16 09:37:01.000,1.02,1.0851,210,1.00,1.0638,26,1.02,1.0851,10,1.01,1.0744,998,0
SPY190717C300,2019-07-16,2019-07-16 09:37:02.000,1.01,1.0744,164,0.98,1.0425,26,1.02,1.0851,10,0.995,1.0585,998,0
SPY190717C300,2019-07-16,2019-07-16 09:37:04.000,1.01,1.0744,174,0.98,1.0425,54,1.01,1.0744,2,0.995,1.0585,1009,11
SPY190717C300,2019-07-16,2019-07-16 09:37:05.000,1.01,1.0744,148,0.99,1.0531,36,1.01,1.0744,6,1.00,1.0638,1020,11
SPY190717C300,2019-07-16,2019-07-16 09:37:05.000,1.01,1.0744,100,0.98,1.0425,55,1.01,1.0744,2,0.995,1.0585,1009,0
SPY190717C300,2019-07-16,2019-07-16 09:37:06.000,1.01,1.0744,100,0.99,1.0531,78,1.01,1.0744,6,1.00,1.0638,1020,0
SPY190717C300,2019-07-16,2019-07-16 09:37:07.000,1.01,1.0744,199,0.98,1.0425,36,1.01,1.0744,6,0.995,1.0585,1020,0
SPY190717C300,2019-07-16,2019-07-16 09:37:07.000,1.01,1.0744,100,0.99,1.0531,45,1.01,1.0744,6,1.00,1.0638,1020,0
SPY190717C300,2019-07-16,2019-07-16 09:37:08.000,1.01,1.0744,208,0.98,1.0425,51,1.01,1.0744,6,0.995,1.0585,1020,0
SPY190717C300,2019-07-16,2019-07-16 09:37:09.000,1.01,1.0744,208,0.98,1.0425,55,1.01,1.0744,6,0.995,1.0585,1020,0
SPY190717C300,2019-07-16,2019-07-16 09:37:10.000,1.01,1.0744,208,0.98,1.0425,56,1.01,1.0744,6,0.995,1.0585,1020,0
SPY190717C300,2019-07-16,2019-07-16 09:37:10.000,1.01,1.0744,212,0.98,1.0425,56,1.00,1.0638,2,0.995,1.0585,1022,2
SPY190717C300,2019-07-16,2019-07-16 09:37:11.000,1.01,1.0744,212,0.98,1.0425,68,1.00,1.0638,2,0.995,1.0585,1022,0
SPY190717C300,2019-07-16,2019-07-16 09:37:11.000,1.01,1.0744,212,0.98,1.0425,56,1.00,1.0638,2,0.995,1.0585,1022,0
SPY190717C300,2019-07-16,2019-07-16 09:37:12.000,1.01,1.0744,212,0.98,1.0425,60,1.00,1.0638,2,0.995,1.0585,1022,0
SPY190717C300,2019-07-16,2019-07-16 09:37:13.000,0.99,1.0531,100,0.97,1.0319,30,1.00,1.0638,2,0.98,1.0425,1022,0
SPY190717C300,2019-07-16,2019-07-16 09:37:14.000,1.00,1.0638,182,0.97,1.0319,54,1.00,1.0638,2,0.985,1.0478,1022,0
SPY190717C300,2019-07-16,2019-07-16 09:37:15.000,0.99,1.0531,172,0.97,1.0319,36,1.00,1.0638,2,0.98,1.0425,1022,0
SPY190717C300,2019-07-16,2019-07-16 09:37:16.000,1.00,1.0638,207,0.97,1.0319,68,1.00,1.0638,2,0.985,1.0478,1022,0
SPY190717C300,2019-07-16,2019-07-16 09:37:17.000,1.00,1.0638,100,0.98,1.0425,30,1.00,1.0638,2,0.99,1.0531,1022,0
SPY190717C300,2019-07-16,2019-07-16 09:37:18.000,1.01,1.0744,212,0.98,1.0425,56,1.00,1.0638,2,0.995,1.0585,1022,0
SPY190717C300,2019-07-16,2019-07-16 09:37:18.000,1.01,1.0744,212,0.98,1.0425,52,1.00,1.0638,2,0.995,1.0585,1022,0
SPY190717C300,2019-07-16,2019-07-16 09:37:19.000,1.01,1.0744,212,0.98,1.0425,56,1.00,1.0638,2,0.995,1.0585,1022,0
SPY190717C300,2019-07-16,2019-07-16 09:37:20.000,1.00,1.0638,127,0.98,1.0425,30,1.00,1.0638,2,0.99,1.0531,1022,0
SPY190717C300,2019-07-16,2019-07-16 09:37:20.000,1.00,1.0638,137,0.98,1.0425,30,1.00,1.0638,2,0.99,1.0531,1022,0
SPY190717C300,2019-07-16,2019-07-16 09:37:21.000,1.00,1.0638,137,0.98,1.0425,56,1.00,1.0638,2,0.99,1.0531,1022,0
SPY190717C300,2019-07-16,2019-07-16 09:37:22.000,1.00,1.0638,137,0.98,1.0425,56,1.00,1.0638,2,0.99,1.0531,1022,0
SPY190717C300,2019-07-16,2019-07-16 09:37:23.000,1.00,1.0638,10,0.98,1.0425,56,1.00,1.0638,2,0.99,1.0531,1022,0
SPY190717C300,2019-07-16,2019-07-16 09:37:23.000,1.01,1.0744,218,0.98,1.0425,56,1.00,1.0638,2,0.995,1.0585,1022,0
SPY190717C300,2019-07-16,2019-07-16 09:37:24.000,1.01,1.0744,212,0.98,1.0425,56,1.00,1.0638,2,0.995,1.0585,1022,0
SPY190717C300,2019-07-16,2019-07-16 09:37:25.000,1.00,1.0638,72,0.97,1.0319,36,1.00,1.0638,2,0.985,1.0478,1022,0
SPY190717C300,2019-07-16,2019-07-16 09:37:28.000,1.00,1.0638,176,0.97,1.0319,85,1.00,1.0638,2,0.985,1.0478,1022,0
SPY190717C300,2019-07-16,2019-07-16 09:37:29.000,1.00,1.0638,181,0.97,1.0319,36,1.00,1.0638,2,0.985,1.0478,1022,0
SPY190717C300,2019-07-16,2019-07-16 09:37:30.000,1.00,1.0638,181,0.97,1.0319,150,1.00,1.0638,2,0.985,1.0478,1022,0
SPY190717C300,2019-07-16,2019-07-16 09:37:31.000,0.99,1.0531,6,0.98,1.0425,30,1.00,1.0638,2,0.985,1.0478,1022,0
SPY190717C300,2019-07-16,2019-07-16 09:37:32.000,0.99,1.0531,174,0.97,1.0319,30,1.00,1.0638,2,0.98,1.0425,1022,0
SPY190717C300,2019-07-16,2019-07-16 09:37:33.000,0.99,1.0531,174,0.96,1.0212,130,1.00,1.0638,2,0.975,1.0372,1022,0
SPY190717C300,2019-07-16,2019-07-16 09:37:34.000,0.99,1.0531,174,0.96,1.0212,130,1.00,1.0638,2,0.975,1.0372,1022,0
SPY190717C300,2019-07-16,2019-07-16 09:37:34.000,0.99,1.0531,204,0.96,1.0212,106,1.00,1.0638,2,0.975,1.0372,1022,0
SPY190717C300,2019-07-16,2019-07-16 09:37:35.000,0.99,1.0531,204,0.96,1.0212,106,1.00,1.0638,2,0.975,1.0372,1022,0
SPY190717C300,2019-07-16,2019-07-16 09:37:36.000,0.99,1.0531,204,0.96,1.0212,106,1.00,1.0638,2,0.975,1.0372,1022,0
SPY190717C300,2019-07-16,2019-07-16 09:37:36.000,0.99,1.0531,204,0.96,1.0212,106,0.99,1.0531,1,0.975,1.0372,1023,1
SPY190717C300,2019-07-16,2019-07-16 09:37:37.000,0.99,1.0531,204,0.96,1.0212,114,0.99,1.0531,1,0.975,1.0372,1023,0
SPY190717C300,2019-07-16,2019-07-16 09:37:38.000,0.99,1.0531,204,0.96,1.0212,164,0.99,1.0531,1,0.975,1.0372,1023,0
SPY190717C300,2019-07-16,2019-07-16 09:37:39.000,0.99,1.0531,204,0.96,1.0212,95,0.99,1.0531,1,0.975,1.0372,1023,0
SPY190717C300,2019-07-16,2019-07-16 09:37:40.000,0.97,1.0319,100,0.95,1.0106,36,0.99,1.0531,1,0.96,1.0212,1023,0
SPY190717C300,2019-07-16,2019-07-16 09:37:41.000,0.97,1.0319,100,0.95,1.0106,36,0.99,1.0531,1,0.96,1.0212,1023,0
SPY190717C300,2019-07-16,2019-07-16 09:37:42.000,0.97,1.0319,140,0.95,1.0106,36,0.99,1.0531,1,0.96,1.0212,1023,0
SPY190717C300,2019-07-16,2019-07-16 09:37:42.000,0.97,1.0319,140,0.95,1.0106,30,0.99,1.0531,1,0.96,1.0212,1023,0
SPY190717C300,2019-07-16,2019-07-16 09:37:43.000,0.97,1.0319,140,0.95,1.0106,30,0.99,1.0531,1,0.96,1.0212,1023,0
SPY190717C300,2019-07-16,2019-07-16 09:37:44.000,0.97,1.0319,146,0.95,1.0106,30,0.99,1.0531,1,0.96,1.0212,1023,0
SPY190717C300,2019-07-16,2019-07-16 09:37:44.000,0.96,1.0212,100,0.95,1.0106,30,0.99,1.0531,1,0.955,1.0159,1023,0
SPY190717C300,2019-07-16,2019-07-16 09:37:45.000,0.97,1.0319,106,0.96,1.0212,8,0.99,1.0531,1,0.965,1.0265,1023,0
SPY190717C300,2019-07-16,2019-07-16 09:37:45.000,0.97,1.0319,110,0.96,1.0212,8,0.99,1.0531,1,0.965,1.0265,1023,0
SPY190717C300,2019-07-16,2019-07-16 09:37:46.000,0.97,1.0319,100,0.96,1.0212,8,0.99,1.0531,1,0.965,1.0265,1023,0
SPY190717C300,2019-07-16,2019-07-16 09:37:47.000,0.99,1.0531,212,0.96,1.0212,30,0.99,1.0531,1,0.975,1.0372,1023,0
SPY190717C300,2019-07-16,2019-07-16 09:37:47.000,0.99,1.0531,212,0.96,1.0212,72,0.99,1.0531,1,0.975,1.0372,1023,0
SPY190717C300,2019-07-16,2019-07-16 09:37:48.000,0.98,1.0425,212,0.96,1.0212,30,0.99,1.0531,1,0.97,1.0319,1023,0
SPY190717C300,2019-07-16,2019-07-16 09:37:48.000,0.99,1.0531,212,0.96,1.0212,30,0.99,1.0531,1,0.975,1.0372,1023,0
SPY190717C300,2019-07-16,2019-07-16 09:37:49.000,0.98,1.0425,212,0.96,1.0212,30,0.99,1.0531,1,0.97,1.0319,1023,0
SPY190717C300,2019-07-16,2019-07-16 09:37:50.000,0.98,1.0425,212,0.96,1.0212,30,0.99,1.0531,1,0.97,1.0319,1023,0
SPY190717C300,2019-07-16,2019-07-16 09:37:51.000,0.98,1.0425,130,0.96,1.0212,36,0.99,1.0531,1,0.97,1.0319,1023,0
SPY190717C300,2019-07-16,2019-07-16 09:37:52.000,0.99,1.0531,222,0.96,1.0212,42,0.99,1.0531,1,0.975,1.0372,1023,0
SPY190717C300,2019-07-16,2019-07-16 09:37:52.000,0.99,1.0531,222,0.96,1.0212,72,0.99,1.0531,1,0.975,1.0372,1023,0
SPY190717C300,2019-07-16,2019-07-16 09:37:53.000,0.99,1.0531,222,0.96,1.0212,66,0.99,1.0531,1,0.975,1.0372,1023,0
SPY190717C300,2019-07-16,2019-07-16 09:37:53.000,0.99,1.0531,222,0.96,1.0212,45,0.99,1.0531,1,0.975,1.0372,1023,0
SPY190717C300,2019-07-16,2019-07-16 09:37:54.000,0.99,1.0531,222,0.96,1.0212,45,0.99,1.0531,1,0.975,1.0372,1023,0
SPY190717C300,2019-07-16,2019-07-16 09:37:55.000,0.99,1.0531,212,0.96,1.0212,30,0.99,1.0531,1,0.975,1.0372,1023,0
SPY190717C300,2019-07-16,2019-07-16 09:37:55.000,0.99,1.0531,212,0.96,1.0212,36,0.99,1.0531,1,0.975,1.0372,1023,0
SPY190717C300,2019-07-16,2019-07-16 09:37:56.000,0.99,1.0531,212,0.96,1.0212,36,0.99,1.0531,1,0.975,1.0372,1023,0
SPY190717C300,2019-07-16,2019-07-16 09:37:57.000,0.98,1.0425,133,0.96,1.0212,36,0.99,1.0531,1,0.97,1.0319,1023,0
SPY190717C300,2019-07-16,2019-07-16 09:37:58.000,0.98,1.0425,100,0.97,1.0319,36,0.99,1.0531,1,0.975,1.0372,1023,0
SPY190717C300,2019-07-16,2019-07-16 09:37:59.000,0.98,1.0425,100,0.97,1.0319,30,0.97,1.0319,10,0.975,1.0372,1033,10
SPY190717C300,2019-07-16,2019-07-16 09:38:00.000,0.98,1.0425,100,0.97,1.0319,30,0.97,1.0319,10,0.975,1.0372,1033,0
SPY190717C300,2019-07-16,2019-07-16 09:38:01.000,0.98,1.0425,100,0.97,1.0319,30,0.97,1.0319,10,0.975,1.0372,1033,0
SPY190717C300,2019-07-16,2019-07-16 09:38:02.000,0.98,1.0425,100,0.97,1.0319,30,0.97,1.0319,10,0.975,1.0372,1033,0
SPY190717C300,2019-07-16,2019-07-16 09:38:03.000,0.99,1.0531,177,0.97,1.0319,56,0.97,1.0319,10,0.98,1.0425,1033,0
SPY190717C300,2019-07-16,2019-07-16 09:38:03.000,0.98,1.0425,100,0.97,1.0319,36,0.97,1.0319,10,0.975,1.0372,1033,0
SPY190717C300,2019-07-16,2019-07-16 09:38:04.000,0.99,1.0531,177,0.97,1.0319,36,0.97,1.0319,10,0.98,1.0425,1033,0
SPY190717C300,2019-07-16,2019-07-16 09:38:05.000,0.99,1.0531,177,0.97,1.0319,56,0.97,1.0319,10,0.98,1.0425,1033,0
SPY190717C300,2019-07-16,2019-07-16 09:38:05.000,0.99,1.0531,177,0.97,1.0319,30,0.97,1.0319,10,0.98,1.0425,1033,0
SPY190717C300,2019-07-16,2019-07-16 09:38:06.000,0.99,1.0531,177,0.97,1.0319,56,0.97,1.0319,10,0.98,1.0425,1033,0
SPY190717C300,2019-07-16,2019-07-16 09:38:07.000,0.99,1.0531,177,0.97,1.0319,68,0.97,1.0319,10,0.98,1.0425,1033,0
SPY190717C300,2019-07-16,2019-07-16 09:38:07.000,0.99,1.0531,177,0.97,1.0319,56,0.97,1.0319,10,0.98,1.0425,1033,0
SPY190717C300,2019-07-16,2019-07-16 09:38:08.000,0.99,1.0531,177,0.97,1.0319,36,0.97,1.0319,10,0.98,1.0425,1033,0
SPY190717C300,2019-07-16,2019-07-16 09:38:09.000,1.00,1.0638,147,0.98,1.0425,30,0.97,1.0319,38,0.99,1.0531,1071,38
SPY190717C300,2019-07-16,2019-07-16 09:38:09.000,0.99,1.0531,177,0.97,1.0319,56,0.97,1.0319,10,0.98,1.0425,1033,0
SPY190717C300,2019-07-16,2019-07-16 09:38:10.000,1.00,1.0638,112,0.98,1.0425,30,0.97,1.0319,38,0.99,1.0531,1071,0
SPY190717C300,2019-07-16,2019-07-16 09:38:11.000,1.00,1.0638,112,0.98,1.0425,36,0.97,1.0319,38,0.99,1.0531,1071,0
SPY190717C300,2019-07-16,2019-07-16 09:38:12.000,0.99,1.0531,110,0.97,1.0319,36,0.97,1.0319,38,0.98,1.0425,1071,0
SPY190717C300,2019-07-16,2019-07-16 09:38:12.000,0.99,1.0531,100,0.97,1.0319,36,0.97,1.0319,38,0.98,1.0425,1071,0
SPY190717C300,2019-07-16,2019-07-16 09:38:13.000,0.99,1.0531,100,0.97,1.0319,36,0.97,1.0319,38,0.98,1.0425,1071,0
SPY190717C300,2019-07-16,2019-07-16 09:38:13.000,0.99,1.0531,110,0.97,1.0319,36,0.97,1.0319,38,0.98,1.0425,1071,0
SPY190717C300,2019-07-16,2019-07-16 09:38:14.000,0.99,1.0531,140,0.97,1.0319,36,0.97,1.0319,38,0.98,1.0425,1071,0
SPY190717C300,2019-07-16,2019-07-16 09:38:15.000,0.99,1.0531,140,0.97,1.0319,36,0.97,1.0319,38,0.98,1.0425,1071,0
SPY190717C300,2019-07-16,2019-07-16 09:38:16.000,0.99,1.0531,100,0.97,1.0319,36,0.97,1.0319,38,0.98,1.0425,1071,0
SPY190717C300,2019-07-16,2019-07-16 09:38:16.000,0.99,1.0531,145,0.97,1.0319,36,0.97,1.0319,38,0.98,1.0425,1071,0
SPY190717C300,2019-07-16,2019-07-16 09:38:17.000,0.99,1.0531,145,0.97,1.0319,36,0.97,1.0319,38,0.98,1.0425,1071,0
SPY190717C300,2019-07-16,2019-07-16 09:38:18.000,0.99,1.0531,170,0.97,1.0319,30,0.97,1.0319,38,0.98,1.0425,1071,0
SPY190717C300,2019-07-16,2019-07-16 09:38:18.000,0.99,1.0531,170,0.97,1.0319,36,0.97,1.0319,38,0.98,1.0425,1071,0
SPY190717C300,2019-07-16,2019-07-16 09:38:19.000,0.99,1.0531,135,0.97,1.0319,36,0.97,1.0319,38,0.98,1.0425,1071,0
SPY190717C300,2019-07-16,2019-07-16 09:38:20.000,0.99,1.0531,135,0.97,1.0319,36,0.97,1.0319,38,0.98,1.0425,1071,0
SPY190717C300,2019-07-16,2019-07-16 09:38:21.000,0.99,1.0531,135,0.97,1.0319,36,0.97,1.0319,38,0.98,1.0425,1071,0
SPY190717C300,2019-07-16,2019-07-16 09:38:22.000,0.99,1.0531,135,0.97,1.0319,36,0.97,1.0319,38,0.98,1.0425,1071,0
SPY190717C300,2019-07-16,2019-07-16 09:38:23.000,0.99,1.0531,140,0.97,1.0319,36,0.97,1.0319,38,0.98,1.0425,1071,0
SPY190717C300,2019-07-16,2019-07-16 09:38:23.000,0.99,1.0531,135,0.97,1.0319,36,0.97,1.0319,38,0.98,1.0425,1071,0
SPY190717C300,2019-07-16,2019-07-16 09:38:24.000,0.99,1.0531,135,0.97,1.0319,36,0.97,1.0319,38,0.98,1.0425,1071,0
SPY190717C300,2019-07-16,2019-07-16 09:38:25.000,0.99,1.0531,135,0.97,1.0319,36,0.97,1.0319,38,0.98,1.0425,1071,0
SPY190717C300,2019-07-16,2019-07-16 09:38:26.000,0.98,1.0425,6,0.96,1.0212,118,0.97,1.0319,38,0.97,1.0319,1071,0
SPY190717C300,2019-07-16,2019-07-16 09:38:26.000,0.98,1.0425,6,0.97,1.0319,36,0.97,1.0319,38,0.975,1.0372,1071,0
SPY190717C300,2019-07-16,2019-07-16 09:38:27.000,0.98,1.0425,6,0.97,1.0319,30,0.97,1.0319,38,0.975,1.0372,1071,0
SPY190717C300,2019-07-16,2019-07-16 09:38:28.000,0.98,1.0425,6,0.97,1.0319,30,0.97,1.0319,38,0.975,1.0372,1071,0
SPY190717C300,2019-07-16,2019-07-16 09:38:28.000,0.97,1.0319,156,0.96,1.0212,8,0.97,1.0319,38,0.965,1.0265,1071,0
SPY190717C300,2019-07-16,2019-07-16 09:38:29.000,0.97,1.0319,100,0.96,1.0212,8,0.97,1.0319,38,0.965,1.0265,1071,0
SPY190717C300,2019-07-16,2019-07-16 09:38:30.000,0.98,1.0425,6,0.96,1.0212,55,0.97,1.0319,38,0.97,1.0319,1071,0
SPY190717C300,2019-07-16,2019-07-16 09:38:30.000,0.98,1.0425,6,0.96,1.0212,90,0.97,1.0319,38,0.97,1.0319,1071,0
SPY190717C300,2019-07-16,2019-07-16 09:38:31.000,0.98,1.0425,6,0.96,1.0212,90,0.97,1.0319,38,0.97,1.0319,1071,0
SPY190717C300,2019-07-16,2019-07-16 09:38:32.000,0.98,1.0425,6,0.96,1.0212,102,0.97,1.0319,38,0.97,1.0319,1071,0
SPY190717C300,2019-07-16,2019-07-16 09:38:32.000,0.98,1.0425,6,0.96,1.0212,56,0.97,1.0319,38,0.97,1.0319,1071,0
SPY190717C300,2019-07-16,2019-07-16 09:38:33.000,0.98,1.0425,6,0.96,1.0212,10,0.97,1.0319,38,0.97,1.0319,1071,0
SPY190717C300,2019-07-16,2019-07-16 09:38:33.000,0.98,1.0425,12,0.96,1.0212,40,0.97,1.0319,38,0.97,1.0319,1071,0
SPY190717C300,2019-07-16,2019-07-16 09:38:36.000,0.98,1.0425,6,0.96,1.0212,83,0.97,1.0319,38,0.97,1.0319,1071,0
SPY190717C300,2019-07-16,2019-07-16 09:38:37.000,0.98,1.0425,6,0.97,1.0319,30,0.97,1.0319,38,0.975,1.0372,1071,0
SPY190717C300,2019-07-16,2019-07-16 09:38:38.000,0.98,1.0425,6,0.97,1.0319,56,0.97,1.0319,38,0.975,1.0372,1071,0
SPY190717C300,2019-07-16,2019-07-16 09:38:39.000,1.00,1.0638,157,0.97,1.0319,110,0.98,1.0425,6,0.985,1.0478,1077,6
SPY190717C300,2019-07-16,2019-07-16 09:38:39.000,1.00,1.0638,157,0.98,1.0425,45,1.00,1.0638,15,0.99,1.0531,1102,25
SPY190717C300,2019-07-16,2019-07-16 09:38:40.000,0.99,1.0531,100,0.98,1.0425,30,1.00,1.0638,15,0.985,1.0478,1102,0
SPY190717C300,2019-07-16,2019-07-16 09:38:40.000,1.00,1.0638,10,0.98,1.0425,85,1.00,1.0638,15,0.99,1.0531,1102,0
SPY190717C300,2019-07-16,2019-07-16 09:38:41.000,1.00,1.0638,216,0.97,1.0319,55,1.00,1.0638,15,0.985,1.0478,1102,0
SPY190717C300,2019-07-16,2019-07-16 09:38:42.000,0.99,1.0531,151,0.97,1.0319,30,1.00,1.0638,15,0.98,1.0425,1102,0
SPY190717C300,2019-07-16,2019-07-16 09:38:43.000,0.99,1.0531,151,0.97,1.0319,30,1.00,1.0638,15,0.98,1.0425,1102,0
SPY190717C300,2019-07-16,2019-07-16 09:38:44.000,0.97,1.0319,100,0.96,1.0212,8,1.00,1.0638,15,0.965,1.0265,1102,0
SPY190717C300,2019-07-16,2019-07-16 09:38:44.000,0.99,1.0531,86,0.97,1.0319,30,1.00,1.0638,15,0.98,1.0425,1102,0
SPY190717C300,2019-07-16,2019-07-16 09:38:45.000,0.98,1.0425,218,0.96,1.0212,30,1.00,1.0638,15,0.97,1.0319,1102,0
SPY190717C300,2019-07-16,2019-07-16 09:38:46.000,0.99,1.0531,212,0.96,1.0212,63,1.00,1.0638,15,0.975,1.0372,1102,0
SPY190717C300,2019-07-16,2019-07-16 09:38:46.000,0.98,1.0425,183,0.96,1.0212,36,1.00,1.0638,15,0.97,1.0319,1102,0
SPY190717C300,2019-07-16,2019-07-16 09:38:47.000,0.99,1.0531,212,0.96,1.0212,88,1.00,1.0638,15,0.975,1.0372,1102,0
SPY190717C300,2019-07-16,2019-07-16 09:38:49.000,0.99,1.0531,112,0.96,1.0212,45,1.00,1.0638,15,0.975,1.0372,1102,0
SPY190717C300,2019-07-16,2019-07-16 09:38:50.000,0.98,1.0425,11,0.96,1.0212,36,1.00,1.0638,15,0.97,1.0319,1102,0
SPY190717C300,2019-07-16,2019-07-16 09:38:51.000,0.98,1.0425,218,0.96,1.0212,30,1.00,1.0638,15,0.97,1.0319,1102,0
SPY190717C300,2019-07-16,2019-07-16 09:38:52.000,0.98,1.0425,218,0.96,1.0212,30,0.96,1.0212,25,0.97,1.0319,1102,0
SPY190717C300,2019-07-16,2019-07-16 09:38:53.000,0.98,1.0425,212,0.96,1.0212,8,0.96,1.0212,25,0.97,1.0319,1127,0
SPY190717C300,2019-07-16,2019-07-16 09:38:53.000,0.98,1.0425,212,0.96,1.0212,30,0.96,1.0212,25,0.97,1.0319,1127,25
SPY190717C300,2019-07-16,2019-07-16 09:38:55.000,0.97,1.0319,212,0.94,1.00,49,0.96,1.0212,8,0.955,1.0159,1135,8
SPY190717C300,2019-07-16,2019-07-16 09:38:56.000,0.97,1.0319,212,0.94,1.00,56,0.96,1.0212,8,0.955,1.0159,1135,0
SPY190717C300,2019-07-16,2019-07-16 09:38:57.000,0.97,1.0319,212,0.94,1.00,56,0.96,1.0212,8,0.955,1.0159,1135,0
SPY190717C300,2019-07-16,2019-07-16 09:39:01.000,0.97,1.0319,100,0.95,1.0106,50,0.96,1.0212,8,0.96,1.0212,1135,0
SPY190717C300,2019-07-16,2019-07-16 09:39:03.000,0.97,1.0319,100,0.94,1.00,74,0.96,1.0212,8,0.955,1.0159,1135,0
SPY190717C300,2019-07-16,2019-07-16 09:39:07.000,0.96,1.0212,20,0.94,1.00,36,0.96,1.0212,8,0.95,1.0106,1135,0
SPY190717C300,2019-07-16,2019-07-16 09:39:08.000,0.96,1.0212,109,0.94,1.00,30,0.96,1.0212,8,0.95,1.0106,1135,0
SPY190717C300,2019-07-16,2019-07-16 09:39:09.000,0.96,1.0212,209,0.94,1.00,30,0.96,1.0212,8,0.95,1.0106,1135,0
SPY190717C300,2019-07-16,2019-07-16 09:39:10.000,0.96,1.0212,209,0.94,1.00,30,0.96,1.0212,8,0.95,1.0106,1135,0
SPY190717C300,2019-07-16,2019-07-16 09:39:11.000,0.96,1.0212,109,0.94,1.00,36,0.96,1.0212,8,0.95,1.0106,1135,0
SPY190717C300,2019-07-16,2019-07-16 09:39:13.000,0.97,1.0319,109,0.94,1.00,114,0.96,1.0212,8,0.955,1.0159,1135,0
SPY190717C300,2019-07-16,2019-07-16 09:39:15.000,0.97,1.0319,109,0.95,1.0106,36,0.96,1.0212,8,0.96,1.0212,1135,0
SPY190717C300,2019-07-16,2019-07-16 09:39:18.000,0.97,1.0319,42,0.95,1.0106,36,0.96,1.0212,8,0.96,1.0212,1135,0
SPY190717C300,2019-07-16,2019-07-16 09:39:20.000,0.98,1.0425,182,0.96,1.0212,30,0.96,1.0212,8,0.97,1.0319,1135,0
SPY190717C300,2019-07-16,2019-07-16 09:39:22.000,0.98,1.0425,271,0.95,1.0106,116,0.96,1.0212,8,0.965,1.0265,1135,0
SPY190717C300,2019-07-16,2019-07-16 09:39:24.000,0.99,1.0531,318,0.96,1.0212,36,0.96,1.0212,8,0.975,1.0372,1135,0
SPY190717C300,2019-07-16,2019-07-16 09:39:27.000,0.99,1.0531,212,0.96,1.0212,36,0.96,1.0212,8,0.975,1.0372,1135,0
SPY190717C300,2019-07-16,2019-07-16 09:39:32.000,0.98,1.0425,222,0.95,1.0106,106,0.96,1.0212,8,0.965,1.0265,1135,0
SPY190717C300,2019-07-16,2019-07-16 09:39:37.000,0.97,1.0319,25,0.95,1.0106,36,0.96,1.0212,8,0.96,1.0212,1135,0
SPY190717C300,2019-07-16,2019-07-16 09:41:56.000,1.08,1.1489,100,1.07,1.1382,20,1.06,1.1276,10,1.075,1.1436,1380,245
SPY190717C300,2019-07-16,2019-07-16 09:41:57.000,1.07,1.1382,4,1.06,1.1276,37,1.08,1.1489,1,1.065,1.1329,1381,1
SPY190717C300,2019-07-16,2019-07-16 09:41:58.000,1.07,1.1382,4,1.06,1.1276,71,1.08,1.1489,1,1.065,1.1329,1381,0
SPY190717C300,2019-07-16,2019-07-16 09:41:59.000,1.07,1.1382,4,1.06,1.1276,107,1.08,1.1489,1,1.065,1.1329,1381,0
SPY190717C300,2019-07-16,2019-07-16 09:42:00.000,1.07,1.1382,4,1.06,1.1276,46,1.08,1.1489,1,1.065,1.1329,1381,0
SPY190717C300,2019-07-16,2019-07-16 09:42:01.000,1.07,1.1382,4,1.07,1.1382,76,1.07,1.1382,4,1.07,1.1382,1385,4
SPY190717C300,2019-07-16,2019-07-16 09:42:01.000,1.11,1.1808,96,1.07,1.1382,96,1.08,1.1489,1,1.09,1.1595,1485,100
SPY190717C300,2019-07-16,2019-07-16 09:42:02.000,1.10,1.1702,57,1.08,1.1489,20,1.08,1.1489,1,1.09,1.1595,1485,0
SPY190717C300,2019-07-16,2019-07-16 09:42:02.000,1.10,1.1702,40,1.08,1.1489,20,1.08,1.1489,1,1.09,1.1595,1485,0
SPY190717C300,2019-07-16,2019-07-16 09:42:03.000,1.11,1.1808,127,1.08,1.1489,20,1.08,1.1489,1,1.095,1.1648,1485,0
SPY190717C300,2019-07-16,2019-07-16 09:42:04.000,1.11,1.1808,110,1.08,1.1489,37,1.08,1.1489,1,1.095,1.1648,1485,0
SPY190717C300,2019-07-16,2019-07-16 09:42:04.000,1.11,1.1808,6,1.09,1.1595,67,1.09,1.1595,1,1.10,1.1702,1486,1
SPY190717C300,2019-07-16,2019-07-16 09:42:05.000,1.11,1.1808,6,1.09,1.1595,67,1.09,1.1595,1,1.10,1.1702,1486,0
SPY190717C300,2019-07-16,2019-07-16 09:42:05.000,1.12,1.1914,110,1.09,1.1595,86,1.09,1.1595,1,1.105,1.1755,1486,0
SPY190717C300,2019-07-16,2019-07-16 09:42:06.000,1.12,1.1914,100,1.09,1.1595,86,1.09,1.1595,1,1.105,1.1755,1486,0
SPY190717C300,2019-07-16,2019-07-16 09:42:06.000,1.11,1.1808,102,1.08,1.1489,36,1.09,1.1595,1,1.095,1.1648,1486,0
SPY190717C300,2019-07-16,2019-07-16 09:42:07.000,1.10,1.1702,20,1.08,1.1489,36,1.09,1.1595,1,1.09,1.1595,1486,0
SPY190717C300,2019-07-16,2019-07-16 09:42:08.000,1.09,1.1595,1,1.08,1.1489,24,1.09,1.1595,10,1.085,1.1542,1496,10
SPY190717C300,2019-07-16,2019-07-16 09:42:08.000,1.10,1.1702,74,1.07,1.1382,59,1.09,1.1595,10,1.085,1.1542,1496,0
SPY190717C300,2019-07-16,2019-07-16 09:42:09.000,1.09,1.1595,96,1.06,1.1276,37,1.09,1.1595,10,1.075,1.1436,1496,0
SPY190717C300,2019-07-16,2019-07-16 09:42:10.000,1.10,1.1702,100,1.07,1.1382,26,1.09,1.1595,10,1.085,1.1542,1496,0
SPY190717C300,2019-07-16,2019-07-16 09:42:11.000,1.10,1.1702,96,1.07,1.1382,26,1.09,1.1595,10,1.085,1.1542,1496,0
SPY190717C300,2019-07-16,2019-07-16 09:42:11.000,1.10,1.1702,125,1.06,1.1276,46,1.09,1.1595,10,1.08,1.1489,1496,0
SPY190717C300,2019-07-16,2019-07-16 09:42:12.000,1.09,1.1595,100,1.06,1.1276,49,1.09,1.1595,10,1.075,1.1436,1496,0
SPY190717C300,2019-07-16,2019-07-16 09:42:12.000,1.10,1.1702,106,1.07,1.1382,36,1.09,1.1595,10,1.085,1.1542,1496,0
SPY190717C300,2019-07-16,2019-07-16 09:42:13.000,1.09,1.1595,118,1.06,1.1276,45,1.09,1.1595,10,1.075,1.1436,1496,0
SPY190717C300,2019-07-16,2019-07-16 09:42:14.000,1.09,1.1595,110,1.06,1.1276,45,1.09,1.1595,10,1.075,1.1436,1496,0
SPY190717C300,2019-07-16,2019-07-16 09:42:14.000,1.10,1.1702,101,1.07,1.1382,20,1.08,1.1489,2,1.085,1.1542,1498,2
SPY190717C300,2019-07-16,2019-07-16 09:42:15.000,1.10,1.1702,101,1.07,1.1382,60,1.08,1.1489,2,1.085,1.1542,1498,0
SPY190717C300,2019-07-16,2019-07-16 09:42:16.000,1.10,1.1702,102,1.07,1.1382,90,1.08,1.1489,2,1.085,1.1542,1498,0
SPY190717C300,2019-07-16,2019-07-16 09:42:16.000,1.10,1.1702,101,1.07,1.1382,67,1.08,1.1489,2,1.085,1.1542,1498,0
SPY190717C300,2019-07-16,2019-07-16 09:42:17.000,1.10,1.1702,92,1.07,1.1382,113,1.08,1.1489,2,1.085,1.1542,1498,0
SPY190717C300,2019-07-16,2019-07-16 09:42:18.000,1.10,1.1702,77,1.07,1.1382,113,1.07,1.1382,10,1.085,1.1542,1508,10
SPY190717C300,2019-07-16,2019-07-16 09:42:19.000,1.08,1.1489,90,1.05,1.117,101,1.07,1.1382,10,1.065,1.1329,1508,0
SPY190717C300,2019-07-16,2019-07-16 09:42:20.000,1.07,1.1382,38,1.05,1.117,5,1.07,1.1382,10,1.06,1.1276,1508,0
SPY190717C300,2019-07-16,2019-07-16 09:42:20.000,1.07,1.1382,96,1.05,1.117,5,1.07,1.1382,10,1.06,1.1276,1508,0
SPY190717C300,2019-07-16,2019-07-16 09:42:21.000,1.07,1.1382,96,1.05,1.117,5,1.07,1.1382,10,1.06,1.1276,1508,0
SPY190717C300,2019-07-16,2019-07-16 09:42:22.000,1.07,1.1382,96,1.05,1.117,29,1.07,1.1382,10,1.06,1.1276,1508,0
SPY190717C300,2019-07-16,2019-07-16 09:42:22.000,1.07,1.1382,96,1.05,1.117,20,1.07,1.1382,10,1.06,1.1276,1508,0
SPY190717C300,2019-07-16,2019-07-16 09:42:23.000,1.07,1.1382,98,1.05,1.117,20,1.07,1.1382,10,1.06,1.1276,1508,0
SPY190717C300,2019-07-16,2019-07-16 09:42:24.000,1.07,1.1382,98,1.05,1.117,20,1.07,1.1382,10,1.06,1.1276,1508,0
SPY190717C300,2019-07-16,2019-07-16 09:42:25.000,1.07,1.1382,180,1.05,1.117,5,1.07,1.1382,10,1.06,1.1276,1508,0
SPY190717C300,2019-07-16,2019-07-16 09:42:26.000,1.05,1.117,1,1.05,1.117,5,1.04,1.1063,4,1.05,1.117,1518,10
SPY190717C300,2019-07-16,2019-07-16 09:42:27.000,1.07,1.1382,293,1.05,1.117,5,1.04,1.1063,4,1.06,1.1276,1518,0
SPY190717C300,2019-07-16,2019-07-16 09:42:27.000,1.05,1.117,1,1.05,1.117,5,1.04,1.1063,4,1.05,1.117,1518,0
SPY190717C300,2019-07-16,2019-07-16 09:42:28.000,1.07,1.1382,110,1.04,1.1063,30,1.04,1.1063,4,1.055,1.1223,1518,0
SPY190717C300,2019-07-16,2019-07-16 09:42:29.000,1.07,1.1382,274,1.04,1.1063,116,1.04,1.1063,4,1.055,1.1223,1518,0
SPY190717C300,2019-07-16,2019-07-16 09:42:29.000,1.07,1.1382,177,1.04,1.1063,90,1.04,1.1063,4,1.055,1.1223,1518,0
SPY190717C300,2019-07-16,2019-07-16 09:42:30.000,1.07,1.1382,274,1.04,1.1063,116,1.04,1.1063,4,1.055,1.1223,1518,0
SPY190717C300,2019-07-16,2019-07-16 09:42:31.000,1.07,1.1382,274,1.05,1.117,30,1.05,1.117,1,1.06,1.1276,1519,1
SPY190717C300,2019-07-16,2019-07-16 09:42:31.000,1.07,1.1382,274,1.04,1.1063,116,1.04,1.1063,4,1.055,1.1223,1518,0
SPY190717C300,2019-07-16,2019-07-16 09:42:33.000,1.06,1.1276,99,1.03,1.0957,26,1.05,1.117,1,1.045,1.1117,1519,0
SPY190717C300,2019-07-16,2019-07-16 09:42:34.000,1.05,1.117,61,1.03,1.0957,26,1.05,1.117,1,1.04,1.1063,1519,0
SPY190717C300,2019-07-16,2019-07-16 09:42:35.000,1.05,1.117,61,1.03,1.0957,26,1.05,1.117,1,1.04,1.1063,1519,0
SPY190717C300,2019-07-16,2019-07-16 09:42:35.000,1.05,1.117,99,1.03,1.0957,26,1.05,1.117,1,1.04,1.1063,1519,0
SPY190717C300,2019-07-16,2019-07-16 09:42:36.000,1.04,1.1063,98,1.03,1.0957,15,1.05,1.117,1,1.035,1.101,1519,0
SPY190717C300,2019-07-16,2019-07-16 09:42:36.000,1.05,1.117,119,1.03,1.0957,15,1.05,1.117,1,1.04,1.1063,1519,0
SPY190717C300,2019-07-16,2019-07-16 09:42:37.000,1.04,1.1063,110,1.03,1.0957,15,1.05,1.117,1,1.035,1.101,1519,0
SPY190717C300,2019-07-16,2019-07-16 09:42:38.000,1.04,1.1063,111,1.03,1.0957,15,1.05,1.117,1,1.035,1.101,1519,0
SPY190717C300,2019-07-16,2019-07-16 09:42:39.000,1.04,1.1063,130,1.03,1.0957,15,1.05,1.117,1,1.035,1.101,1519,0
SPY190717C300,2019-07-16,2019-07-16 09:42:40.000,1.04,1.1063,131,1.03,1.0957,15,1.03,1.0957,15,1.035,1.101,1534,0
SPY190717C300,2019-07-16,2019-07-16 09:42:40.000,1.03,1.0957,1,1.03,1.0957,15,1.03,1.0957,15,1.03,1.0957,1534,15
SPY190717C300,2019-07-16,2019-07-16 09:42:41.000,1.04,1.1063,181,1.01,1.0744,34,1.03,1.0957,15,1.025,1.0904,1534,0
SPY190717C300,2019-07-16,2019-07-16 09:42:42.000,1.03,1.0957,20,1.01,1.0744,73,1.03,1.0957,15,1.02,1.0851,1534,0
SPY190717C300,2019-07-16,2019-07-16 09:42:42.000,1.03,1.0957,20,1.01,1.0744,50,1.03,1.0957,15,1.02,1.0851,1534,0
SPY190717C300,2019-07-16,2019-07-16 09:42:43.000,1.03,1.0957,26,1.01,1.0744,46,1.03,1.0957,15,1.02,1.0851,1534,0
SPY190717C300,2019-07-16,2019-07-16 09:42:44.000,1.03,1.0957,20,1.01,1.0744,46,1.03,1.0957,15,1.02,1.0851,1534,0
SPY190717C300,2019-07-16,2019-07-16 09:42:45.000,1.03,1.0957,26,1.00,1.0638,127,1.03,1.0957,15,1.015,1.0797,1534,0
SPY190717C300,2019-07-16,2019-07-16 09:42:45.000,1.03,1.0957,26,1.00,1.0638,130,1.03,1.0957,15,1.015,1.0797,1534,0
SPY190717C300,2019-07-16,2019-07-16 09:42:46.000,1.03,1.0957,26,1.00,1.0638,238,1.03,1.0957,15,1.015,1.0797,1534,0
SPY190717C300,2019-07-16,2019-07-16 09:42:47.000,1.03,1.0957,46,1.00,1.0638,238,1.03,1.0957,15,1.015,1.0797,1534,0
SPY190717C300,2019-07-16,2019-07-16 09:42:47.000,1.03,1.0957,26,1.01,1.0744,26,1.03,1.0957,15,1.02,1.0851,1534,0
SPY190717C300,2019-07-16,2019-07-16 09:42:48.000,1.03,1.0957,20,1.01,1.0744,46,1.03,1.0957,15,1.02,1.0851,1534,0
SPY190717C300,2019-07-16,2019-07-16 09:42:49.000,1.03,1.0957,20,1.01,1.0744,20,1.03,1.0957,15,1.02,1.0851,1534,0
SPY190717C300,2019-07-16,2019-07-16 09:42:49.000,1.03,1.0957,26,1.01,1.0744,26,1.03,1.0957,15,1.02,1.0851,1534,0
SPY190717C300,2019-07-16,2019-07-16 09:42:50.000,1.03,1.0957,26,1.01,1.0744,46,1.03,1.0957,15,1.02,1.0851,1534,0
SPY190717C300,2019-07-16,2019-07-16 09:42:51.000,1.03,1.0957,26,1.01,1.0744,46,1.03,1.0957,15,1.02,1.0851,1534,0
SPY190717C300,2019-07-16,2019-07-16 09:42:52.000,1.03,1.0957,26,1.01,1.0744,46,1.03,1.0957,15,1.02,1.0851,1534,0
SPY190717C300,2019-07-16,2019-07-16 09:42:53.000,1.04,1.1063,1,1.02,1.0851,87,1.03,1.0957,15,1.03,1.0957,1534,0
SPY190717C300,2019-07-16,2019-07-16 09:42:54.000,1.04,1.1063,1,1.02,1.0851,87,1.03,1.0957,15,1.03,1.0957,1534,0
SPY190717C300,2019-07-16,2019-07-16 09:42:55.000,1.04,1.1063,1,1.02,1.0851,69,1.03,1.0957,15,1.03,1.0957,1534,0
SPY190717C300,2019-07-16,2019-07-16 09:42:55.000,1.04,1.1063,1,1.02,1.0851,87,1.03,1.0957,15,1.03,1.0957,1534,0
SPY190717C300,2019-07-16,2019-07-16 09:42:56.000,1.04,1.1063,1,1.02,1.0851,88,1.04,1.1063,1,1.03,1.0957,1535,1
SPY190717C300,2019-07-16,2019-07-16 09:42:56.000,1.04,1.1063,1,1.02,1.0851,178,1.04,1.1063,1,1.03,1.0957,1535,0
SPY190717C300,2019-07-16,2019-07-16 09:42:57.000,1.07,1.1382,108,1.04,1.1063,26,1.04,1.1063,1,1.055,1.1223,1536,1
SPY190717C300,2019-07-16,2019-07-16 09:42:58.000,1.07,1.1382,190,1.04,1.1063,115,1.04,1.1063,1,1.055,1.1223,1536,0
SPY190717C300,2019-07-16,2019-07-16 09:42:58.000,1.07,1.1382,108,1.04,1.1063,90,1.04,1.1063,1,1.055,1.1223,1536,0
SPY190717C300,2019-07-16,2019-07-16 09:42:59.000,1.07,1.1382,231,1.04,1.1063,115,1.04,1.1063,1,1.055,1.1223,1536,0
SPY190717C300,2019-07-16,2019-07-16 09:42:59.000,1.05,1.117,26,1.03,1.0957,26,1.04,1.1063,1,1.04,1.1063,1536,0
SPY190717C300,2019-07-16,2019-07-16 09:43:00.000,1.06,1.1276,143,1.03,1.0957,24,1.04,1.1063,1,1.045,1.1117,1536,0
SPY190717C300,2019-07-16,2019-07-16 09:43:01.000,1.07,1.1382,120,1.04,1.1063,36,1.04,1.1063,1,1.055,1.1223,1536,0
SPY190717C300,2019-07-16,2019-07-16 09:43:02.000,1.07,1.1382,120,1.04,1.1063,36,1.04,1.1063,1,1.055,1.1223,1536,0
SPY190717C300,2019-07-16,2019-07-16 09:43:02.000,1.07,1.1382,130,1.04,1.1063,36,1.04,1.1063,1,1.055,1.1223,1536,0
SPY190717C300,2019-07-16,2019-07-16 09:43:03.000,1.06,1.1276,26,1.02,1.0851,227,1.04,1.1063,1,1.04,1.1063,1536,0
SPY190717C300,2019-07-16,2019-07-16 09:43:03.000,1.06,1.1276,26,1.02,1.0851,160,1.04,1.1063,1,1.04,1.1063,1536,0
SPY190717C300,2019-07-16,2019-07-16 09:43:04.000,1.05,1.117,71,1.02,1.0851,274,1.04,1.1063,1,1.035,1.101,1536,0
SPY190717C300,2019-07-16,2019-07-16 09:43:05.000,1.05,1.117,71,1.02,1.0851,130,1.04,1.1063,1,1.035,1.101,1536,0
SPY190717C300,2019-07-16,2019-07-16 09:43:05.000,1.04,1.1063,101,1.02,1.0851,20,1.04,1.1063,1,1.03,1.0957,1536,0
SPY190717C300,2019-07-16,2019-07-16 09:43:06.000,1.04,1.1063,101,1.01,1.0744,126,1.04,1.1063,1,1.025,1.0904,1536,0
SPY190717C300,2019-07-16,2019-07-16 09:43:07.000,1.04,1.1063,101,1.01,1.0744,126,1.04,1.1063,1,1.025,1.0904,1536,0
SPY190717C300,2019-07-16,2019-07-16 09:43:08.000,1.05,1.117,227,1.02,1.0851,47,1.04,1.1063,1,1.035,1.101,1536,0
SPY190717C300,2019-07-16,2019-07-16 09:43:08.000,1.05,1.117,180,1.02,1.0851,57,1.04,1.1063,1,1.035,1.101,1536,0
SPY190717C300,2019-07-16,2019-07-16 09:43:09.000,1.05,1.117,231,1.02,1.0851,89,1.04,1.1063,1,1.035,1.101,1536,0
SPY190717C300,2019-07-16,2019-07-16 09:43:10.000,1.05,1.117,158,1.02,1.0851,58,1.04,1.1063,1,1.035,1.101,1536,0
SPY190717C300,2019-07-16,2019-07-16 09:43:11.000,1.05,1.117,286,1.02,1.0851,117,1.04,1.1063,1,1.035,1.101,1536,0
SPY190717C300,2019-07-16,2019-07-16 09:43:12.000,1.05,1.117,286,1.02,1.0851,117,1.04,1.1063,1,1.035,1.101,1536,0
SPY190717C300,2019-07-16,2019-07-16 09:43:13.000,1.05,1.117,121,1.02,1.0851,46,1.04,1.1063,1,1.035,1.101,1536,0
SPY190717C300,2019-07-16,2019-07-16 09:43:14.000,1.05,1.117,179,1.02,1.0851,94,1.04,1.1063,1,1.035,1.101,1536,0
SPY190717C300,2019-07-16,2019-07-16 09:43:14.000,1.05,1.117,121,1.02,1.0851,46,1.04,1.1063,1,1.035,1.101,1536,0
SPY190717C300,2019-07-16,2019-07-16 09:43:15.000,1.05,1.117,46,1.03,1.0957,6,1.04,1.1063,1,1.04,1.1063,1536,0
SPY190717C300,2019-07-16,2019-07-16 09:43:15.000,1.05,1.117,20,1.02,1.0851,94,1.04,1.1063,1,1.035,1.101,1536,0
SPY190717C300,2019-07-16,2019-07-16 09:43:16.000,1.05,1.117,77,1.02,1.0851,76,1.04,1.1063,1,1.035,1.101,1536,0
SPY190717C300,2019-07-16,2019-07-16 09:43:16.000,1.05,1.117,77,1.02,1.0851,90,1.04,1.1063,1,1.035,1.101,1536,0
SPY190717C300,2019-07-16,2019-07-16 09:43:17.000,1.05,1.117,24,1.03,1.0957,20,1.04,1.1063,1,1.04,1.1063,1536,0
SPY190717C300,2019-07-16,2019-07-16 09:43:18.000,1.05,1.117,30,1.03,1.0957,26,1.04,1.1063,1,1.04,1.1063,1536,0
SPY190717C300,2019-07-16,2019-07-16 09:43:18.000,1.05,1.117,46,1.03,1.0957,11,1.04,1.1063,1,1.04,1.1063,1536,0
SPY190717C300,2019-07-16,2019-07-16 09:43:19.000,1.05,1.117,72,1.03,1.0957,11,1.04,1.1063,1,1.04,1.1063,1536,0
SPY190717C300,2019-07-16,2019-07-16 09:43:20.000,1.05,1.117,46,1.03,1.0957,26,1.04,1.1063,1,1.04,1.1063,1536,0
SPY190717C300,2019-07-16,2019-07-16 09:43:20.000,1.05,1.117,41,1.03,1.0957,26,1.04,1.1063,1,1.04,1.1063,1536,0
SPY190717C300,2019-07-16,2019-07-16 09:43:21.000,1.05,1.117,46,1.03,1.0957,26,1.04,1.1063,1,1.04,1.1063,1536,0
SPY190717C300,2019-07-16,2019-07-16 09:43:21.000,1.05,1.117,41,1.03,1.0957,26,1.04,1.1063,1,1.04,1.1063,1536,0
SPY190717C300,2019-07-16,2019-07-16 09:43:22.000,1.05,1.117,115,1.02,1.0851,55,1.04,1.1063,1,1.035,1.101,1536,0
SPY190717C300,2019-07-16,2019-07-16 09:43:23.000,1.05,1.117,115,1.02,1.0851,28,1.04,1.1063,1,1.035,1.101,1536,0
SPY190717C300,2019-07-16,2019-07-16 09:43:23.000,1.05,1.117,223,1.02,1.0851,150,1.04,1.1063,1,1.035,1.101,1536,0
SPY190717C300,2019-07-16,2019-07-16 09:43:24.000,1.05,1.117,133,1.04,1.1063,7,1.04,1.1063,1,1.045,1.1117,1536,0
SPY190717C300,2019-07-16,2019-07-16 09:43:24.000,1.05,1.117,223,1.02,1.0851,150,1.04,1.1063,1,1.035,1.101,1536,0
SPY190717C300,2019-07-16,2019-07-16 09:43:25.000,1.05,1.117,13,1.04,1.1063,1,1.04,1.1063,1,1.045,1.1117,1536,0
SPY190717C300,2019-07-16,2019-07-16 09:43:25.000,1.04,1.1063,1,1.04,1.1063,1,1.04,1.1063,1,1.04,1.1063,1537,1
SPY190717C300,2019-07-16,2019-07-16 09:43:26.000,1.05,1.117,106,1.04,1.1063,1,1.04,1.1063,1,1.045,1.1117,1537,0
SPY190717C300,2019-07-16,2019-07-16 09:43:27.000,1.05,1.117,106,1.04,1.1063,1,1.04,1.1063,1,1.045,1.1117,1537,0
SPY190717C300,2019-07-16,2019-07-16 09:43:28.000,1.05,1.117,91,1.04,1.1063,1,1.04,1.1063,1,1.045,1.1117,1537,0
SPY190717C300,2019-07-16,2019-07-16 09:43:28.000,1.05,1.117,106,1.04,1.1063,1,1.04,1.1063,1,1.045,1.1117,1537,0
SPY190717C300,2019-07-16,2019-07-16 09:43:29.000,1.05,1.117,116,1.01,1.0744,49,1.04,1.1063,1,1.03,1.0957,1537,0
SPY190717C300,2019-07-16,2019-07-16 09:43:29.000,1.05,1.117,116,1.04,1.1063,1,1.04,1.1063,1,1.045,1.1117,1537,0
SPY190717C300,2019-07-16,2019-07-16 09:43:30.000,1.04,1.1063,119,1.01,1.0744,71,1.04,1.1063,1,1.025,1.0904,1537,0
SPY190717C300,2019-07-16,2019-07-16 09:43:31.000,1.03,1.0957,13,1.01,1.0744,71,1.04,1.1063,1,1.02,1.0851,1537,0
SPY190717C300,2019-07-16,2019-07-16 09:43:31.000,1.03,1.0957,13,1.02,1.0851,26,1.04,1.1063,1,1.025,1.0904,1537,0
SPY190717C300,2019-07-16,2019-07-16 09:43:32.000,1.03,1.0957,13,1.01,1.0744,91,1.04,1.1063,1,1.02,1.0851,1537,0
SPY190717C300,2019-07-16,2019-07-16 09:43:32.000,1.03,1.0957,13,1.01,1.0744,95,1.04,1.1063,1,1.02,1.0851,1537,0
SPY190717C300,2019-07-16,2019-07-16 09:43:33.000,1.03,1.0957,13,1.02,1.0851,46,1.04,1.1063,1,1.025,1.0904,1537,0
SPY190717C300,2019-07-16,2019-07-16 09:43:33.000,1.03,1.0957,13,1.01,1.0744,95,1.04,1.1063,1,1.02,1.0851,1537,0
SPY190717C300,2019-07-16,2019-07-16 09:43:34.000,1.03,1.0957,13,1.02,1.0851,87,1.04,1.1063,1,1.025,1.0904,1537,0
SPY190717C300,2019-07-16,2019-07-16 09:43:34.000,1.05,1.117,46,1.02,1.0851,87,1.03,1.0957,6,1.035,1.101,1550,13
SPY190717C300,2019-07-16,2019-07-16 09:43:35.000,1.05,1.117,75,1.03,1.0957,20,1.03,1.0957,6,1.04,1.1063,1550,0
SPY190717C300,2019-07-16,2019-07-16 09:43:36.000,1.05,1.117,75,1.03,1.0957,20,1.03,1.0957,6,1.04,1.1063,1550,0
SPY190717C300,2019-07-16,2019-07-16 09:43:36.000,1.05,1.117,26,1.03,1.0957,44,1.03,1.0957,6,1.04,1.1063,1550,0
SPY190717C300,2019-07-16,2019-07-16 09:43:37.000,1.05,1.117,96,1.03,1.0957,29,1.03,1.0957,6,1.04,1.1063,1550,0
SPY190717C300,2019-07-16,2019-07-16 09:43:37.000,1.05,1.117,46,1.03,1.0957,44,1.03,1.0957,6,1.04,1.1063,1550,0
SPY190717C300,2019-07-16,2019-07-16 09:43:38.000,1.06,1.1276,65,1.04,1.1063,26,1.03,1.0957,6,1.05,1.117,1550,0
SPY190717C300,2019-07-16,2019-07-16 09:43:39.000,1.06,1.1276,71,1.04,1.1063,34,1.03,1.0957,6,1.05,1.117,1550,0
SPY190717C300,2019-07-16,2019-07-16 09:43:39.000,1.06,1.1276,90,1.04,1.1063,20,1.03,1.0957,6,1.05,1.117,1550,0
SPY190717C300,2019-07-16,2019-07-16 09:43:40.000,1.05,1.117,76,1.02,1.0851,93,1.03,1.0957,6,1.035,1.101,1550,0
SPY190717C300,2019-07-16,2019-07-16 09:43:40.000,1.05,1.117,118,1.02,1.0851,93,1.03,1.0957,6,1.035,1.101,1550,0
SPY190717C300,2019-07-16,2019-07-16 09:43:41.000,1.05,1.117,118,1.02,1.0851,114,1.03,1.0957,6,1.035,1.101,1550,0
SPY190717C300,2019-07-16,2019-07-16 09:43:42.000,1.05,1.117,118,1.02,1.0851,76,1.03,1.0957,6,1.035,1.101,1550,0
SPY190717C300,2019-07-16,2019-07-16 09:43:42.000,1.05,1.117,118,1.03,1.0957,26,1.03,1.0957,3,1.04,1.1063,1553,3
SPY190717C300,2019-07-16,2019-07-16 09:43:43.000,1.05,1.117,26,1.03,1.0957,46,1.03,1.0957,3,1.04,1.1063,1553,0
SPY190717C300,2019-07-16,2019-07-16 09:43:43.000,1.05,1.117,43,1.03,1.0957,46,1.03,1.0957,3,1.04,1.1063,1553,0
SPY190717C300,2019-07-16,2019-07-16 09:43:44.000,1.05,1.117,55,1.03,1.0957,71,1.03,1.0957,3,1.04,1.1063,1553,0
SPY190717C300,2019-07-16,2019-07-16 09:43:45.000,1.05,1.117,93,1.03,1.0957,26,1.03,1.0957,3,1.04,1.1063,1553,0
SPY190717C300,2019-07-16,2019-07-16 09:43:45.000,1.05,1.117,93,1.03,1.0957,46,1.03,1.0957,3,1.04,1.1063,1553,0
SPY190717C300,2019-07-16,2019-07-16 09:43:46.000,1.05,1.117,109,1.03,1.0957,46,1.03,1.0957,3,1.04,1.1063,1553,0
SPY190717C300,2019-07-16,2019-07-16 09:43:46.000,1.05,1.117,93,1.03,1.0957,20,1.03,1.0957,3,1.04,1.1063,1553,0
SPY190717C300,2019-07-16,2019-07-16 09:43:47.000,1.04,1.1063,1,1.03,1.0957,28,1.04,1.1063,1,1.035,1.101,1554,1
SPY190717C300,2019-07-16,2019-07-16 09:43:47.000,1.05,1.117,109,1.03,1.0957,46,1.03,1.0957,3,1.04,1.1063,1553,0
SPY190717C300,2019-07-16,2019-07-16 09:43:48.000,1.04,1.1063,1,1.03,1.0957,28,1.04,1.1063,1,1.035,1.101,1554,0
SPY190717C300,2019-07-16,2019-07-16 09:43:49.000,1.05,1.117,124,1.03,1.0957,42,1.04,1.1063,1,1.04,1.1063,1554,0
SPY190717C300,2019-07-16,2019-07-16 09:43:50.000,1.05,1.117,124,1.03,1.0957,6,1.04,1.1063,1,1.04,1.1063,1554,0
SPY190717C300,2019-07-16,2019-07-16 09:43:50.000,1.05,1.117,124,1.03,1.0957,10,1.04,1.1063,1,1.04,1.1063,1554,0
SPY190717C300,2019-07-16,2019-07-16 09:43:51.000,1.06,1.1276,198,1.03,1.0957,93,1.04,1.1063,1,1.045,1.1117,1554,0
SPY190717C300,2019-07-16,2019-07-16 09:43:52.000,1.06,1.1276,198,1.04,1.1063,26,1.04,1.1063,1,1.05,1.117,1554,0
SPY190717C300,2019-07-16,2019-07-16 09:43:52.000,1.06,1.1276,208,1.03,1.0957,93,1.04,1.1063,1,1.045,1.1117,1554,0
SPY190717C300,2019-07-16,2019-07-16 09:43:53.000,1.06,1.1276,110,1.04,1.1063,26,1.04,1.1063,1,1.05,1.117,1554,0
SPY190717C300,2019-07-16,2019-07-16 09:43:54.000,1.05,1.117,98,1.03,1.0957,46,1.04,1.1063,1,1.04,1.1063,1554,0
SPY190717C300,2019-07-16,2019-07-16 09:43:55.000,1.05,1.117,93,1.03,1.0957,26,1.04,1.1063,1,1.04,1.1063,1554,0
SPY190717C300,2019-07-16,2019-07-16 09:43:55.000,1.05,1.117,63,1.03,1.0957,26,1.04,1.1063,1,1.04,1.1063,1554,0
SPY190717C300,2019-07-16,2019-07-16 09:43:56.000,1.05,1.117,109,1.03,1.0957,46,1.04,1.1063,1,1.04,1.1063,1554,0
SPY190717C300,2019-07-16,2019-07-16 09:43:56.000,1.05,1.117,93,1.02,1.0851,60,1.04,1.1063,1,1.035,1.101,1554,0
SPY190717C300,2019-07-16,2019-07-16 09:43:57.000,1.06,1.1276,208,1.03,1.0957,26,1.04,1.1063,1,1.045,1.1117,1554,0
SPY190717C300,2019-07-16,2019-07-16 09:43:58.000,1.06,1.1276,100,1.03,1.0957,26,1.04,1.1063,1,1.045,1.1117,1554,0
SPY190717C300,2019-07-16,2019-07-16 09:43:58.000,1.06,1.1276,110,1.03,1.0957,26,1.04,1.1063,1,1.045,1.1117,1554,0
SPY190717C300,2019-07-16,2019-07-16 09:43:59.000,1.06,1.1276,100,1.03,1.0957,26,1.04,1.1063,1,1.045,1.1117,1554,0
SPY190717C300,2019-07-16,2019-07-16 09:44:00.000,1.06,1.1276,100,1.03,1.0957,26,1.04,1.1063,1,1.045,1.1117,1554,0
SPY190717C300,2019-07-16,2019-07-16 09:44:00.000,1.06,1.1276,100,1.03,1.0957,168,1.04,1.1063,1,1.045,1.1117,1554,0
SPY190717C300,2019-07-16,2019-07-16 09:44:01.000,1.06,1.1276,100,1.03,1.0957,168,1.04,1.1063,1,1.045,1.1117,1554,0
SPY190717C300,2019-07-16,2019-07-16 09:44:02.000,1.06,1.1276,72,1.04,1.1063,26,1.04,1.1063,1,1.05,1.117,1554,0
SPY190717C300,2019-07-16,2019-07-16 09:44:03.000,1.06,1.1276,198,1.03,1.0957,100,1.04,1.1063,1,1.045,1.1117,1554,0
SPY190717C300,2019-07-16,2019-07-16 09:44:03.000,1.05,1.117,98,1.03,1.0957,46,1.04,1.1063,1,1.04,1.1063,1554,0
SPY190717C300,2019-07-16,2019-07-16 09:44:04.000,1.06,1.1276,130,1.03,1.0957,46,1.04,1.1063,1,1.045,1.1117,1554,0
SPY190717C300,2019-07-16,2019-07-16 09:44:04.000,1.05,1.117,98,1.03,1.0957,26,1.04,1.1063,1,1.04,1.1063,1554,0
SPY190717C300,2019-07-16,2019-07-16 09:44:05.000,1.05,1.117,98,1.02,1.0851,153,1.04,1.1063,1,1.035,1.101,1554,0
SPY190717C300,2019-07-16,2019-07-16 09:44:06.000,1.05,1.117,98,1.02,1.0851,153,1.04,1.1063,1,1.035,1.101,1554,0
SPY190717C300,2019-07-16,2019-07-16 09:44:07.000,1.06,1.1276,198,1.03,1.0957,100,1.04,1.1063,1,1.045,1.1117,1554,0
SPY190717C300,2019-07-16,2019-07-16 09:44:08.000,1.05,1.117,198,1.02,1.0851,158,1.04,1.1063,1,1.035,1.101,1554,0
SPY190717C300,2019-07-16,2019-07-16 09:44:08.000,1.05,1.117,98,1.03,1.0957,46,1.04,1.1063,1,1.04,1.1063,1554,0
SPY190717C300,2019-07-16,2019-07-16 09:44:09.000,1.05,1.117,108,1.02,1.0851,158,1.04,1.1063,1,1.035,1.101,1554,0
SPY190717C300,2019-07-16,2019-07-16 09:44:09.000,1.05,1.117,108,1.02,1.0851,69,1.04,1.1063,1,1.035,1.101,1554,0
SPY190717C300,2019-07-16,2019-07-16 09:44:10.000,1.05,1.117,110,1.02,1.0851,110,1.04,1.1063,1,1.035,1.101,1554,0
SPY190717C300,2019-07-16,2019-07-16 09:44:11.000,1.05,1.117,110,1.02,1.0851,168,1.04,1.1063,1,1.035,1.101,1554,0
SPY190717C300,2019-07-16,2019-07-16 09:44:11.000,1.04,1.1063,46,1.02,1.0851,46,1.04,1.1063,1,1.03,1.0957,1554,0
SPY190717C300,2019-07-16,2019-07-16 09:44:12.000,1.04,1.1063,46,1.02,1.0851,26,1.04,1.1063,1,1.03,1.0957,1554,0
SPY190717C300,2019-07-16,2019-07-16 09:44:12.000,1.04,1.1063,46,1.02,1.0851,46,1.04,1.1063,1,1.03,1.0957,1554,0
SPY190717C300,2019-07-16,2019-07-16 09:44:13.000,1.05,1.117,176,1.02,1.0851,13,1.04,1.1063,1,1.035,1.101,1554,0
SPY190717C300,2019-07-16,2019-07-16 09:44:14.000,1.05,1.117,176,1.02,1.0851,26,1.04,1.1063,1,1.035,1.101,1554,0
SPY190717C300,2019-07-16,2019-07-16 09:44:14.000,1.05,1.117,204,1.02,1.0851,153,1.04,1.1063,1,1.035,1.101,1554,0
SPY190717C300,2019-07-16,2019-07-16 09:44:15.000,1.05,1.117,204,1.02,1.0851,163,1.04,1.1063,1,1.035,1.101,1554,0
SPY190717C300,2019-07-16,2019-07-16 09:44:15.000,1.04,1.1063,26,1.02,1.0851,26,1.04,1.1063,1,1.03,1.0957,1554,0
SPY190717C300,2019-07-16,2019-07-16 09:44:16.000,1.04,1.1063,56,1.02,1.0851,26,1.04,1.1063,1,1.03,1.0957,1554,0
SPY190717C300,2019-07-16,2019-07-16 09:44:17.000,1.04,1.1063,56,1.02,1.0851,20,1.04,1.1063,1,1.03,1.0957,1554,0
SPY190717C300,2019-07-16,2019-07-16 09:44:17.000,1.04,1.1063,12,1.02,1.0851,26,1.04,1.1063,1,1.03,1.0957,1554,0
SPY190717C300,2019-07-16,2019-07-16 09:44:18.000,1.04,1.1063,12,1.02,1.0851,26,1.04,1.1063,1,1.03,1.0957,1554,0
SPY190717C300,2019-07-16,2019-07-16 09:44:18.000,1.04,1.1063,46,1.02,1.0851,26,1.04,1.1063,1,1.03,1.0957,1554,0
SPY190717C300,2019-07-16,2019-07-16 09:44:19.000,1.04,1.1063,34,1.02,1.0851,13,1.04,1.1063,1,1.03,1.0957,1554,0
SPY190717C300,2019-07-16,2019-07-16 09:44:20.000,1.04,1.1063,34,1.02,1.0851,13,1.04,1.1063,1,1.03,1.0957,1554,0
SPY190717C300,2019-07-16,2019-07-16 09:44:20.000,1.04,1.1063,46,1.01,1.0744,108,1.04,1.1063,1,1.025,1.0904,1554,0
SPY190717C300,2019-07-16,2019-07-16 09:44:21.000,1.04,1.1063,80,1.02,1.0851,26,1.04,1.1063,1,1.03,1.0957,1554,0
SPY190717C300,2019-07-16,2019-07-16 09:44:21.000,1.04,1.1063,80,1.01,1.0744,227,1.04,1.1063,1,1.025,1.0904,1554,0
SPY190717C300,2019-07-16,2019-07-16 09:44:22.000,1.04,1.1063,46,1.02,1.0851,46,1.04,1.1063,1,1.03,1.0957,1554,0
SPY190717C300,2019-07-16,2019-07-16 09:44:22.000,1.04,1.1063,85,1.01,1.0744,227,1.04,1.1063,1,1.025,1.0904,1554,0
SPY190717C300,2019-07-16,2019-07-16 09:44:23.000,1.04,1.1063,26,1.02,1.0851,46,1.04,1.1063,1,1.03,1.0957,1554,0
SPY190717C300,2019-07-16,2019-07-16 09:44:23.000,1.04,1.1063,26,1.02,1.0851,36,1.04,1.1063,1,1.03,1.0957,1554,0
SPY190717C300,2019-07-16,2019-07-16 09:44:24.000,1.04,1.1063,46,1.02,1.0851,36,1.04,1.1063,1,1.03,1.0957,1554,0
SPY190717C300,2019-07-16,2019-07-16 09:44:25.000,1.04,1.1063,20,1.02,1.0851,36,1.04,1.1063,1,1.03,1.0957,1554,0
SPY190717C300,2019-07-16,2019-07-16 09:44:26.000,1.04,1.1063,26,1.02,1.0851,60,1.04,1.1063,1,1.03,1.0957,1554,0
SPY190717C300,2019-07-16,2019-07-16 09:44:26.000,1.04,1.1063,20,1.02,1.0851,38,1.04,1.1063,1,1.03,1.0957,1554,0
SPY190717C300,2019-07-16,2019-07-16 09:44:27.000,1.04,1.1063,26,1.02,1.0851,60,1.04,1.1063,1,1.03,1.0957,1554,0
SPY190717C300,2019-07-16,2019-07-16 09:44:28.000,1.04,1.1063,46,1.02,1.0851,26,1.04,1.1063,1,1.03,1.0957,1554,0
SPY190717C300,2019-07-16,2019-07-16 09:44:28.000,1.04,1.1063,26,1.02,1.0851,26,1.04,1.1063,1,1.03,1.0957,1554,0
SPY190717C300,2019-07-16,2019-07-16 09:44:29.000,1.04,1.1063,26,1.02,1.0851,26,1.04,1.1063,1,1.03,1.0957,1554,0
SPY190717C300,2019-07-16,2019-07-16 09:44:30.000,1.04,1.1063,20,1.02,1.0851,26,1.04,1.1063,1,1.03,1.0957,1554,0
SPY190717C300,2019-07-16,2019-07-16 09:44:30.000,1.05,1.117,193,1.02,1.0851,78,1.04,1.1063,1,1.035,1.101,1554,0
SPY190717C300,2019-07-16,2019-07-16 09:44:31.000,1.05,1.117,203,1.02,1.0851,46,1.04,1.1063,1,1.035,1.101,1554,0
SPY190717C300,2019-07-16,2019-07-16 09:44:32.000,1.05,1.117,203,1.02,1.0851,46,1.04,1.1063,1,1.035,1.101,1554,0
SPY190717C300,2019-07-16,2019-07-16 09:44:33.000,1.05,1.117,208,1.02,1.0851,46,1.04,1.1063,1,1.035,1.101,1554,0
SPY190717C300,2019-07-16,2019-07-16 09:44:34.000,1.05,1.117,203,1.02,1.0851,64,1.04,1.1063,1,1.035,1.101,1554,0
SPY190717C300,2019-07-16,2019-07-16 09:44:34.000,1.05,1.117,198,1.02,1.0851,26,1.04,1.1063,1,1.035,1.101,1554,0
SPY190717C300,2019-07-16,2019-07-16 09:44:35.000,1.05,1.117,198,1.02,1.0851,26,1.04,1.1063,1,1.035,1.101,1554,0
SPY190717C300,2019-07-16,2019-07-16 09:44:36.000,1.04,1.1063,26,1.01,1.0744,120,1.04,1.1063,1,1.025,1.0904,1554,0
SPY190717C300,2019-07-16,2019-07-16 09:44:37.000,1.04,1.1063,26,1.01,1.0744,142,1.04,1.1063,1,1.025,1.0904,1554,0
SPY190717C300,2019-07-16,2019-07-16 09:44:37.000,1.04,1.1063,26,1.02,1.0851,26,1.04,1.1063,1,1.03,1.0957,1554,0
SPY190717C300,2019-07-16,2019-07-16 09:44:38.000,1.04,1.1063,26,1.01,1.0744,193,1.04,1.1063,1,1.025,1.0904,1554,0
SPY190717C300,2019-07-16,2019-07-16 09:44:38.000,1.04,1.1063,26,1.02,1.0851,26,1.04,1.1063,1,1.03,1.0957,1554,0
SPY190717C300,2019-07-16,2019-07-16 09:44:39.000,1.04,1.1063,30,1.01,1.0744,130,1.04,1.1063,1,1.025,1.0904,1554,0
SPY190717C300,2019-07-16,2019-07-16 09:44:40.000,1.04,1.1063,145,1.01,1.0744,99,1.04,1.1063,1,1.025,1.0904,1554,0
SPY190717C300,2019-07-16,2019-07-16 09:44:40.000,1.04,1.1063,145,1.01,1.0744,96,1.04,1.1063,1,1.025,1.0904,1554,0
SPY190717C300,2019-07-16,2019-07-16 09:44:41.000,1.04,1.1063,26,1.02,1.0851,26,1.04,1.1063,1,1.03,1.0957,1554,0
SPY190717C300,2019-07-16,2019-07-16 09:44:41.000,1.04,1.1063,120,1.01,1.0744,100,1.04,1.1063,1,1.025,1.0904,1554,0
SPY190717C300,2019-07-16,2019-07-16 09:44:42.000,1.04,1.1063,26,1.02,1.0851,51,1.04,1.1063,1,1.03,1.0957,1554,0
SPY190717C300,2019-07-16,2019-07-16 09:44:43.000,1.04,1.1063,26,1.02,1.0851,26,1.04,1.1063,1,1.03,1.0957,1554,0
SPY190717C300,2019-07-16,2019-07-16 09:44:44.000,1.04,1.1063,46,1.02,1.0851,26,1.04,1.1063,1,1.03,1.0957,1554,0
SPY190717C300,2019-07-16,2019-07-16 09:44:45.000,1.04,1.1063,46,1.02,1.0851,26,1.04,1.1063,1,1.03,1.0957,1554,0
SPY190717C300,2019-07-16,2019-07-16 09:44:46.000,1.04,1.1063,46,1.02,1.0851,46,1.04,1.1063,1,1.03,1.0957,1554,0
SPY190717C300,2019-07-16,2019-07-16 09:44:46.000,1.04,1.1063,26,1.02,1.0851,46,1.04,1.1063,80,1.03,1.0957,1654,100
SPY190717C300,2019-07-16,2019-07-16 09:44:47.000,1.05,1.117,106,1.01,1.0744,234,1.04,1.1063,80,1.03,1.0957,1654,0
SPY190717C300,2019-07-16,2019-07-16 09:44:48.000,1.05,1.117,106,1.01,1.0744,184,1.04,1.1063,80,1.03,1.0957,1654,0
SPY190717C300,2019-07-16,2019-07-16 09:44:49.000,1.05,1.117,108,1.02,1.0851,26,1.04,1.1063,80,1.035,1.101,1654,0
SPY190717C300,2019-07-16,2019-07-16 09:44:50.000,1.05,1.117,108,1.02,1.0851,26,1.04,1.1063,80,1.035,1.101,1654,0
SPY190717C300,2019-07-16,2019-07-16 09:44:50.000,1.05,1.117,108,1.02,1.0851,46,1.04,1.1063,80,1.035,1.101,1654,0
SPY190717C300,2019-07-16,2019-07-16 09:44:51.000,1.04,1.1063,46,1.01,1.0744,183,1.04,1.1063,80,1.025,1.0904,1654,0
SPY190717C300,2019-07-16,2019-07-16 09:44:51.000,1.05,1.117,108,1.02,1.0851,46,1.04,1.1063,80,1.035,1.101,1654,0
SPY190717C300,2019-07-16,2019-07-16 09:44:52.000,1.04,1.1063,26,1.02,1.0851,46,1.04,1.1063,80,1.03,1.0957,1654,0
SPY190717C300,2019-07-16,2019-07-16 09:44:53.000,1.05,1.117,73,1.02,1.0851,88,1.04,1.1063,80,1.035,1.101,1654,0
SPY190717C300,2019-07-16,2019-07-16 09:44:53.000,1.05,1.117,32,1.02,1.0851,46,1.04,1.1063,80,1.035,1.101,1654,0
SPY190717C300,2019-07-16,2019-07-16 09:44:54.000,1.05,1.117,167,1.02,1.0851,88,1.04,1.1063,80,1.035,1.101,1654,0
SPY190717C300,2019-07-16,2019-07-16 09:44:55.000,1.05,1.117,215,1.02,1.0851,88,1.04,1.1063,80,1.035,1.101,1654,0
SPY190717C300,2019-07-16,2019-07-16 09:44:55.000,1.05,1.117,215,1.02,1.0851,115,1.04,1.1063,80,1.035,1.101,1654,0
SPY190717C300,2019-07-16,2019-07-16 09:44:56.000,1.05,1.117,46,1.03,1.0957,46,1.04,1.1063,80,1.04,1.1063,1654,0
SPY190717C300,2019-07-16,2019-07-16 09:44:56.000,1.06,1.1276,199,1.03,1.0957,46,1.04,1.1063,80,1.045,1.1117,1654,0
SPY190717C300,2019-07-16,2019-07-16 09:44:57.000,1.05,1.117,56,1.02,1.0851,120,1.04,1.1063,80,1.035,1.101,1654,0
SPY190717C300,2019-07-16,2019-07-16 09:44:57.000,1.06,1.1276,199,1.03,1.0957,86,1.04,1.1063,80,1.045,1.1117,1654,0
SPY190717C300,2019-07-16,2019-07-16 09:44:58.000,1.05,1.117,130,1.02,1.0851,110,1.04,1.1063,80,1.035,1.101,1654,0
SPY190717C300,2019-07-16,2019-07-16 09:44:58.000,1.05,1.117,161,1.02,1.0851,120,1.04,1.1063,80,1.035,1.101,1654,0
SPY190717C300,2019-07-16,2019-07-16 09:44:59.000,1.04,1.1063,20,1.02,1.0851,100,1.04,1.1063,80,1.03,1.0957,1654,0
SPY190717C300,2019-07-16,2019-07-16 09:45:00.000,1.04,1.1063,30,1.01,1.0744,227,1.04,1.1063,80,1.025,1.0904,1654,0
SPY190717C300,2019-07-16,2019-07-16 09:45:00.000,1.04,1.1063,30,1.02,1.0851,24,1.04,1.1063,80,1.03,1.0957,1654,0
SPY190717C300,2019-07-16,2019-07-16 09:45:01.000,1.04,1.1063,46,1.02,1.0851,20,1.04,1.1063,80,1.03,1.0957,1654,0
SPY190717C300,2019-07-16,2019-07-16 09:45:02.000,1.04,1.1063,26,1.02,1.0851,20,1.04,1.1063,80,1.03,1.0957,1654,0
SPY190717C300,2019-07-16,2019-07-16 09:45:02.000,1.05,1.117,126,1.02,1.0851,20,1.04,1.1063,80,1.035,1.101,1654,0
SPY190717C300,2019-07-16,2019-07-16 09:45:03.000,1.06,1.1276,171,1.03,1.0957,73,1.04,1.1063,80,1.045,1.1117,1654,0
SPY190717C300,2019-07-16,2019-07-16 09:45:03.000,1.05,1.117,120,1.03,1.0957,24,1.04,1.1063,80,1.04,1.1063,1654,0
SPY190717C300,2019-07-16,2019-07-16 09:45:04.000,1.06,1.1276,171,1.03,1.0957,100,1.04,1.1063,80,1.045,1.1117,1654,0
SPY190717C300,2019-07-16,2019-07-16 09:45:05.000,1.06,1.1276,26,1.03,1.0957,153,1.04,1.1063,80,1.045,1.1117,1654,0
SPY190717C300,2019-07-16,2019-07-16 09:45:05.000,1.06,1.1276,171,1.03,1.0957,153,1.04,1.1063,80,1.045,1.1117,1654,0
SPY190717C300,2019-07-16,2019-07-16 09:45:06.000,1.07,1.1382,130,1.04,1.1063,78,1.04,1.1063,80,1.055,1.1223,1654,0
SPY190717C300,2019-07-16,2019-07-16 09:45:06.000,1.06,1.1276,1,1.04,1.1063,46,1.06,1.1276,20,1.05,1.117,1674,20
SPY190717C300,2019-07-16,2019-07-16 09:45:07.000,1.07,1.1382,208,1.04,1.1063,46,1.06,1.1276,20,1.055,1.1223,1674,0
SPY190717C300,2019-07-16,2019-07-16 09:45:08.000,1.08,1.1489,193,1.05,1.117,98,1.05,1.117,1,1.065,1.1329,1675,1
SPY190717C300,2019-07-16,2019-07-16 09:45:09.000,1.07,1.1382,120,1.05,1.117,26,1.05,1.117,1,1.06,1.1276,1675,0
SPY190717C300,2019-07-16,2019-07-16 09:45:09.000,1.08,1.1489,193,1.05,1.117,93,1.05,1.117,1,1.065,1.1329,1675,0
SPY190717C300,2019-07-16,2019-07-16 09:45:10.000,1.07,1.1382,196,1.02,1.0851,100,1.05,1.117,1,1.045,1.1117,1675,0
SPY190717C300,2019-07-16,2019-07-16 09:45:11.000,1.07,1.1382,120,1.05,1.117,67,1.05,1.117,1,1.06,1.1276,1675,0
SPY190717C300,2019-07-16,2019-07-16 09:45:11.000,1.07,1.1382,120,1.05,1.117,20,1.05,1.117,1,1.06,1.1276,1675,0
SPY190717C300,2019-07-16,2019-07-16 09:45:12.000,1.07,1.1382,201,1.04,1.1063,46,1.06,1.1276,2,1.055,1.1223,1677,0
SPY190717C300,2019-07-16,2019-07-16 09:45:12.000,1.07,1.1382,201,1.04,1.1063,77,1.06,1.1276,2,1.055,1.1223,1677,2
SPY190717C300,2019-07-16,2019-07-16 09:45:13.000,1.07,1.1382,201,1.04,1.1063,77,1.06,1.1276,2,1.055,1.1223,1677,0
SPY190717C300,2019-07-16,2019-07-16 09:45:13.000,1.07,1.1382,201,1.04,1.1063,46,1.06,1.1276,2,1.055,1.1223,1677,0
SPY190717C300,2019-07-16,2019-07-16 09:45:14.000,1.06,1.1276,39,1.04,1.1063,46,1.06,1.1276,2,1.05,1.117,1677,0
SPY190717C300,2019-07-16,2019-07-16 09:45:15.000,1.06,1.1276,39,1.03,1.0957,255,1.06,1.1276,2,1.045,1.1117,1677,0
SPY190717C300,2019-07-16,2019-07-16 09:45:15.000,1.06,1.1276,39,1.04,1.1063,24,1.06,1.1276,2,1.05,1.117,1677,0
SPY190717C300,2019-07-16,2019-07-16 09:45:16.000,1.06,1.1276,39,1.03,1.0957,283,1.06,1.1276,2,1.045,1.1117,1677,0
SPY190717C300,2019-07-16,2019-07-16 09:45:16.000,1.06,1.1276,39,1.03,1.0957,168,1.06,1.1276,2,1.045,1.1117,1677,0
SPY190717C300,2019-07-16,2019-07-16 09:45:17.000,1.06,1.1276,39,1.03,1.0957,106,1.06,1.1276,2,1.045,1.1117,1677,0
SPY190717C300,2019-07-16,2019-07-16 09:45:18.000,1.06,1.1276,39,1.03,1.0957,106,1.06,1.1276,2,1.045,1.1117,1677,0
SPY190717C300,2019-07-16,2019-07-16 09:45:18.000,1.06,1.1276,108,1.03,1.0957,163,1.06,1.1276,2,1.045,1.1117,1677,0
SPY190717C300,2019-07-16,2019-07-16 09:45:19.000,1.06,1.1276,108,1.03,1.0957,241,1.06,1.1276,2,1.045,1.1117,1677,0
SPY190717C300,2019-07-16,2019-07-16 09:45:19.000,1.06,1.1276,108,1.03,1.0957,163,1.06,1.1276,2,1.045,1.1117,1677,0
SPY190717C300,2019-07-16,2019-07-16 09:45:20.000,1.06,1.1276,108,1.03,1.0957,163,1.06,1.1276,2,1.045,1.1117,1677,0
SPY190717C300,2019-07-16,2019-07-16 09:45:21.000,1.06,1.1276,26,1.03,1.0957,163,1.06,1.1276,2,1.045,1.1117,1677,0
SPY190717C300,2019-07-16,2019-07-16 09:45:21.000,1.06,1.1276,24,1.04,1.1063,26,1.06,1.1276,2,1.05,1.117,1677,0
SPY190717C300,2019-07-16,2019-07-16 09:45:22.000,1.07,1.1382,120,1.04,1.1063,153,1.06,1.1276,2,1.055,1.1223,1677,0
SPY190717C300,2019-07-16,2019-07-16 09:45:23.000,1.07,1.1382,120,1.04,1.1063,153,1.06,1.1276,2,1.055,1.1223,1677,0
SPY190717C300,2019-07-16,2019-07-16 09:45:23.000,1.07,1.1382,26,1.05,1.117,46,1.06,1.1276,2,1.06,1.1276,1677,0
SPY190717C300,2019-07-16,2019-07-16 09:45:24.000,1.07,1.1382,46,1.05,1.117,36,1.06,1.1276,2,1.06,1.1276,1677,0
SPY190717C300,2019-07-16,2019-07-16 09:45:24.000,1.08,1.1489,191,1.05,1.117,35,1.06,1.1276,2,1.065,1.1329,1677,0
SPY190717C300,2019-07-16,2019-07-16 09:45:25.000,1.08,1.1489,191,1.05,1.117,153,1.06,1.1276,2,1.065,1.1329,1677,0
SPY190717C300,2019-07-16,2019-07-16 09:45:26.000,1.08,1.1489,20,1.05,1.117,195,1.06,1.1276,2,1.065,1.1329,1677,0
SPY190717C300,2019-07-16,2019-07-16 09:45:26.000,1.08,1.1489,96,1.05,1.117,153,1.06,1.1276,2,1.065,1.1329,1677,0
SPY190717C300,2019-07-16,2019-07-16 09:45:27.000,1.08,1.1489,26,1.05,1.117,333,1.06,1.1276,2,1.065,1.1329,1677,0
SPY190717C300,2019-07-16,2019-07-16 09:45:27.000,1.07,1.1382,120,1.05,1.117,91,1.06,1.1276,2,1.06,1.1276,1677,0
SPY190717C300,2019-07-16,2019-07-16 09:45:28.000,1.07,1.1382,120,1.05,1.117,26,1.06,1.1276,2,1.06,1.1276,1677,0
SPY190717C300,2019-07-16,2019-07-16 09:45:28.000,1.07,1.1382,12,1.05,1.117,36,1.06,1.1276,2,1.06,1.1276,1677,0
SPY190717C300,2019-07-16,2019-07-16 09:45:29.000,1.08,1.1489,171,1.05,1.117,26,1.06,1.1276,2,1.065,1.1329,1677,0
SPY190717C300,2019-07-16,2019-07-16 09:45:30.000,1.08,1.1489,259,1.05,1.117,56,1.06,1.1276,2,1.065,1.1329,1677,0
SPY190717C300,2019-07-16,2019-07-16 09:45:30.000,1.08,1.1489,171,1.05,1.117,26,1.06,1.1276,2,1.065,1.1329,1677,0
SPY190717C300,2019-07-16,2019-07-16 09:45:31.000,1.08,1.1489,259,1.05,1.117,74,1.06,1.1276,2,1.065,1.1329,1677,0
SPY190717C300,2019-07-16,2019-07-16 09:45:32.000,1.08,1.1489,181,1.05,1.117,74,1.06,1.1276,2,1.065,1.1329,1677,0
SPY190717C300,2019-07-16,2019-07-16 09:45:33.000,1.08,1.1489,130,1.05,1.117,74,1.06,1.1276,2,1.065,1.1329,1677,0
SPY190717C300,2019-07-16,2019-07-16 09:45:33.000,1.09,1.1595,110,1.07,1.1382,20,1.06,1.1276,2,1.08,1.1489,1677,0
SPY190717C300,2019-07-16,2019-07-16 09:45:34.000,1.09,1.1595,110,1.07,1.1382,20,1.06,1.1276,2,1.08,1.1489,1677,0
SPY190717C300,2019-07-16,2019-07-16 09:45:34.000,1.08,1.1489,20,1.05,1.117,50,1.06,1.1276,2,1.065,1.1329,1677,0
SPY190717C300,2019-07-16,2019-07-16 09:45:35.000,1.09,1.1595,100,1.05,1.117,100,1.06,1.1276,2,1.07,1.1382,1677,0
SPY190717C300,2019-07-16,2019-07-16 09:45:35.000,1.08,1.1489,20,1.05,1.117,121,1.06,1.1276,2,1.065,1.1329,1677,0
SPY190717C300,2019-07-16,2019-07-16 09:45:36.000,1.09,1.1595,100,1.07,1.1382,20,1.06,1.1276,2,1.08,1.1489,1677,0
SPY190717C300,2019-07-16,2019-07-16 09:45:37.000,1.09,1.1595,120,1.07,1.1382,20,1.06,1.1276,2,1.08,1.1489,1677,0
SPY190717C300,2019-07-16,2019-07-16 09:45:37.000,1.09,1.1595,130,1.07,1.1382,20,1.06,1.1276,2,1.08,1.1489,1677,0
SPY190717C300,2019-07-16,2019-07-16 09:45:38.000,1.09,1.1595,120,1.07,1.1382,20,1.06,1.1276,2,1.08,1.1489,1677,0
SPY190717C300,2019-07-16,2019-07-16 09:45:38.000,1.09,1.1595,120,1.07,1.1382,46,1.06,1.1276,2,1.08,1.1489,1677,0
SPY190717C300,2019-07-16,2019-07-16 09:45:39.000,1.09,1.1595,30,1.07,1.1382,26,1.06,1.1276,2,1.08,1.1489,1677,0
SPY190717C300,2019-07-16,2019-07-16 09:45:40.000,1.09,1.1595,171,1.05,1.117,50,1.06,1.1276,2,1.07,1.1382,1677,0
SPY190717C300,2019-07-16,2019-07-16 09:45:40.000,1.09,1.1595,30,1.07,1.1382,20,1.06,1.1276,2,1.08,1.1489,1677,0
SPY190717C300,2019-07-16,2019-07-16 09:45:41.000,1.08,1.1489,26,1.05,1.117,122,1.06,1.1276,2,1.065,1.1329,1677,0
SPY190717C300,2019-07-16,2019-07-16 09:45:41.000,1.08,1.1489,26,1.05,1.117,178,1.06,1.1276,2,1.065,1.1329,1677,0
SPY190717C300,2019-07-16,2019-07-16 09:45:42.000,1.08,1.1489,97,1.05,1.117,128,1.06,1.1276,2,1.065,1.1329,1677,0
SPY190717C300,2019-07-16,2019-07-16 09:45:43.000,1.08,1.1489,46,1.05,1.117,126,1.07,1.1382,12,1.065,1.1329,1702,0
SPY190717C300,2019-07-16,2019-07-16 09:45:43.000,1.08,1.1489,97,1.05,1.117,126,1.07,1.1382,12,1.065,1.1329,1702,25
SPY190717C300,2019-07-16,2019-07-16 09:45:44.000,1.08,1.1489,26,1.06,1.1276,76,1.08,1.1489,1,1.07,1.1382,1703,1
SPY190717C300,2019-07-16,2019-07-16 09:45:44.000,1.08,1.1489,46,1.05,1.117,126,1.07,1.1382,12,1.065,1.1329,1702,0
SPY190717C300,2019-07-16,2019-07-16 09:45:45.000,1.08,1.1489,100,1.06,1.1276,121,1.08,1.1489,1,1.07,1.1382,1703,0
SPY190717C300,2019-07-16,2019-07-16 09:45:46.000,1.08,1.1489,100,1.06,1.1276,20,1.08,1.1489,1,1.07,1.1382,1703,0
SPY190717C300,2019-07-16,2019-07-16 09:45:47.000,1.08,1.1489,100,1.07,1.1382,20,1.08,1.1489,1,1.075,1.1436,1703,0
SPY190717C300,2019-07-16,2019-07-16 09:45:47.000,1.09,1.1595,119,1.07,1.1382,35,1.08,1.1489,1,1.08,1.1489,1703,0
SPY190717C300,2019-07-16,2019-07-16 09:45:48.000,1.09,1.1595,119,1.07,1.1382,35,1.08,1.1489,1,1.08,1.1489,1703,0
SPY190717C300,2019-07-16,2019-07-16 09:45:48.000,1.09,1.1595,119,1.07,1.1382,20,1.08,1.1489,1,1.08,1.1489,1703,0
SPY190717C300,2019-07-16,2019-07-16 09:45:49.000,1.09,1.1595,119,1.07,1.1382,20,1.08,1.1489,1,1.08,1.1489,1703,0
SPY190717C300,2019-07-16,2019-07-16 09:45:50.000,1.09,1.1595,129,1.07,1.1382,20,1.08,1.1489,1,1.08,1.1489,1703,0
SPY190717C300,2019-07-16,2019-07-16 09:45:51.000,1.09,1.1595,129,1.07,1.1382,20,1.08,1.1489,1,1.08,1.1489,1703,0
SPY190717C300,2019-07-16,2019-07-16 09:45:51.000,1.09,1.1595,119,1.07,1.1382,20,1.08,1.1489,1,1.08,1.1489,1703,0
SPY190717C300,2019-07-16,2019-07-16 09:45:52.000,1.09,1.1595,119,1.07,1.1382,101,1.08,1.1489,1,1.08,1.1489,1703,0
SPY190717C300,2019-07-16,2019-07-16 09:45:52.000,1.09,1.1595,119,1.07,1.1382,20,1.08,1.1489,1,1.08,1.1489,1703,0
SPY190717C300,2019-07-16,2019-07-16 09:45:53.000,1.09,1.1595,26,1.07,1.1382,101,1.08,1.1489,1,1.08,1.1489,1703,0
SPY190717C300,2019-07-16,2019-07-16 09:45:54.000,1.09,1.1595,26,1.07,1.1382,101,1.08,1.1489,1,1.08,1.1489,1703,0
SPY190717C300,2019-07-16,2019-07-16 09:45:55.000,1.09,1.1595,1,1.07,1.1382,151,1.08,1.1489,1,1.08,1.1489,1703,0
SPY190717C300,2019-07-16,2019-07-16 09:45:56.000,1.09,1.1595,1,1.08,1.1489,110,1.08,1.1489,4,1.085,1.1542,1723,20
SPY190717C300,2019-07-16,2019-07-16 09:45:56.000,1.10,1.1702,6,1.08,1.1489,110,1.08,1.1489,1,1.09,1.1595,1724,1
SPY190717C300,2019-07-16,2019-07-16 09:45:57.000,1.10,1.1702,3,1.08,1.1489,115,1.08,1.1489,1,1.09,1.1595,1724,0
SPY190717C300,2019-07-16,2019-07-16 09:45:57.000,1.10,1.1702,3,1.09,1.1595,10,1.08,1.1489,1,1.095,1.1648,1724,0
SPY190717C300,2019-07-16,2019-07-16 09:45:58.000,1.10,1.1702,3,1.08,1.1489,110,1.08,1.1489,1,1.09,1.1595,1724,0
SPY190717C300,2019-07-16,2019-07-16 09:45:59.000,1.10,1.1702,3,1.09,1.1595,10,1.08,1.1489,1,1.095,1.1648,1724,0
SPY190717C300,2019-07-16,2019-07-16 09:45:59.000,1.10,1.1702,3,1.09,1.1595,16,1.08,1.1489,1,1.095,1.1648,1724,0
SPY190717C300,2019-07-16,2019-07-16 09:46:00.000,1.10,1.1702,3,1.09,1.1595,29,1.08,1.1489,1,1.095,1.1648,1724,0
SPY190717C300,2019-07-16,2019-07-16 09:46:00.000,1.10,1.1702,3,1.10,1.1702,1,1.10,1.1702,3,1.10,1.1702,1727,3
SPY190717C300,2019-07-16,2019-07-16 09:46:01.000,1.10,1.1702,3,1.09,1.1595,16,1.10,1.1702,3,1.095,1.1648,1727,0
SPY190717C300,2019-07-16,2019-07-16 09:46:01.000,1.11,1.1808,85,1.08,1.1489,10,1.10,1.1702,3,1.095,1.1648,1727,0
SPY190717C300,2019-07-16,2019-07-16 09:46:02.000,1.10,1.1702,191,1.08,1.1489,10,1.10,1.1702,1,1.09,1.1595,1728,0
SPY190717C300,2019-07-16,2019-07-16 09:46:02.000,1.10,1.1702,191,1.08,1.1489,10,1.10,1.1702,1,1.09,1.1595,1728,1
SPY190717C300,2019-07-16,2019-07-16 09:46:03.000,1.10,1.1702,191,1.08,1.1489,10,1.10,1.1702,1,1.09,1.1595,1728,0
SPY190717C300,2019-07-16,2019-07-16 09:46:04.000,1.10,1.1702,191,1.08,1.1489,10,1.10,1.1702,1,1.09,1.1595,1728,0
SPY190717C300,2019-07-16,2019-07-16 09:46:04.000,1.10,1.1702,191,1.08,1.1489,10,1.10,1.1702,5,1.09,1.1595,1735,7
SPY190717C300,2019-07-16,2019-07-16 09:46:05.000,1.09,1.1595,20,1.08,1.1489,10,1.10,1.1702,5,1.085,1.1542,1735,0
SPY190717C300,2019-07-16,2019-07-16 09:46:06.000,1.10,1.1702,75,1.08,1.1489,101,1.10,1.1702,5,1.09,1.1595,1735,0
SPY190717C300,2019-07-16,2019-07-16 09:46:06.000,1.10,1.1702,171,1.08,1.1489,10,1.10,1.1702,5,1.09,1.1595,1735,0
SPY190717C300,2019-07-16,2019-07-16 09:46:07.000,1.10,1.1702,196,1.08,1.1489,10,1.10,1.1702,5,1.09,1.1595,1735,0
SPY190717C300,2019-07-16,2019-07-16 09:46:08.000,1.09,1.1595,120,1.08,1.1489,10,1.10,1.1702,5,1.085,1.1542,1735,0
SPY190717C300,2019-07-16,2019-07-16 09:46:09.000,1.09,1.1595,120,1.08,1.1489,10,1.10,1.1702,5,1.085,1.1542,1735,0
SPY190717C300,2019-07-16,2019-07-16 09:46:10.000,1.10,1.1702,120,1.08,1.1489,10,1.10,1.1702,5,1.09,1.1595,1735,0
SPY190717C300,2019-07-16,2019-07-16 09:46:11.000,1.10,1.1702,191,1.08,1.1489,10,1.10,1.1702,5,1.09,1.1595,1735,0
SPY190717C300,2019-07-16,2019-07-16 09:46:12.000,1.10,1.1702,191,1.08,1.1489,10,1.10,1.1702,5,1.09,1.1595,1735,0
SPY190717C300,2019-07-16,2019-07-16 09:46:13.000,1.09,1.1595,26,1.06,1.1276,6,1.09,1.1595,1,1.075,1.1436,1736,1
SPY190717C300,2019-07-16,2019-07-16 09:46:13.000,1.10,1.1702,191,1.08,1.1489,10,1.10,1.1702,5,1.09,1.1595,1735,0
SPY190717C300,2019-07-16,2019-07-16 09:46:14.000,1.09,1.1595,100,1.07,1.1382,20,1.09,1.1595,1,1.08,1.1489,1736,0
SPY190717C300,2019-07-16,2019-07-16 09:46:15.000,1.10,1.1702,196,1.07,1.1382,20,1.09,1.1595,1,1.085,1.1542,1736,0
SPY190717C300,2019-07-16,2019-07-16 09:46:16.000,1.10,1.1702,196,1.07,1.1382,54,1.09,1.1595,1,1.085,1.1542,1736,0
SPY190717C300,2019-07-16,2019-07-16 09:46:16.000,1.10,1.1702,196,1.07,1.1382,96,1.09,1.1595,1,1.085,1.1542,1736,0
SPY190717C300,2019-07-16,2019-07-16 09:46:17.000,1.10,1.1702,196,1.07,1.1382,96,1.09,1.1595,1,1.085,1.1542,1736,0
SPY190717C300,2019-07-16,2019-07-16 09:46:19.000,1.09,1.1595,191,1.06,1.1276,100,1.09,1.1595,5,1.075,1.1436,1746,10
SPY190717C300,2019-07-16,2019-07-16 09:46:21.000,1.09,1.1595,120,1.07,1.1382,26,1.09,1.1595,5,1.08,1.1489,1746,0
SPY190717C300,2019-07-16,2019-07-16 09:46:21.000,1.09,1.1595,120,1.06,1.1276,110,1.09,1.1595,5,1.075,1.1436,1746,0
SPY190717C300,2019-07-16,2019-07-16 09:46:22.000,1.09,1.1595,100,1.07,1.1382,26,1.09,1.1595,5,1.08,1.1489,1746,0
SPY190717C300,2019-07-16,2019-07-16 09:46:23.000,1.09,1.1595,100,1.07,1.1382,46,1.09,1.1595,5,1.08,1.1489,1746,0
SPY190717C300,2019-07-16,2019-07-16 09:46:24.000,1.09,1.1595,100,1.07,1.1382,46,1.09,1.1595,5,1.08,1.1489,1746,0
SPY190717C300,2019-07-16,2019-07-16 09:46:24.000,1.09,1.1595,120,1.07,1.1382,55,1.09,1.1595,5,1.08,1.1489,1746,0
SPY190717C300,2019-07-16,2019-07-16 09:46:25.000,1.09,1.1595,171,1.06,1.1276,100,1.09,1.1595,5,1.075,1.1436,1746,0
SPY190717C300,2019-07-16,2019-07-16 09:46:26.000,1.09,1.1595,186,1.05,1.117,179,1.09,1.1595,5,1.07,1.1382,1746,0
SPY190717C300,2019-07-16,2019-07-16 09:46:26.000,1.09,1.1595,171,1.06,1.1276,110,1.09,1.1595,5,1.075,1.1436,1746,0
SPY190717C300,2019-07-16,2019-07-16 09:46:27.000,1.09,1.1595,130,1.06,1.1276,120,1.09,1.1595,5,1.075,1.1436,1746,0
SPY190717C300,2019-07-16,2019-07-16 09:46:27.000,1.09,1.1595,186,1.05,1.117,179,1.09,1.1595,5,1.07,1.1382,1746,0
SPY190717C300,2019-07-16,2019-07-16 09:46:28.000,1.08,1.1489,30,1.06,1.1276,26,1.09,1.1595,5,1.07,1.1382,1746,0
SPY190717C300,2019-07-16,2019-07-16 09:46:29.000,1.08,1.1489,15,1.06,1.1276,76,1.09,1.1595,5,1.07,1.1382,1746,0
SPY190717C300,2019-07-16,2019-07-16 09:46:30.000,1.08,1.1489,120,1.06,1.1276,33,1.09,1.1595,5,1.07,1.1382,1746,0
SPY190717C300,2019-07-16,2019-07-16 09:46:31.000,1.09,1.1595,202,1.06,1.1276,26,1.09,1.1595,5,1.075,1.1436,1746,0
SPY190717C300,2019-07-16,2019-07-16 09:46:32.000,1.08,1.1489,30,1.06,1.1276,26,1.09,1.1595,5,1.07,1.1382,1746,0
SPY190717C300,2019-07-16,2019-07-16 09:46:32.000,1.08,1.1489,30,1.06,1.1276,26,1.06,1.1276,2,1.07,1.1382,1748,2
SPY190717C300,2019-07-16,2019-07-16 09:46:33.000,1.08,1.1489,26,1.05,1.117,120,1.06,1.1276,2,1.065,1.1329,1748,0
SPY190717C300,2019-07-16,2019-07-16 09:46:34.000,1.09,1.1595,70,1.06,1.1276,20,1.06,1.1276,2,1.075,1.1436,1748,0
SPY190717C300,2019-07-16,2019-07-16 09:46:34.000,1.09,1.1595,46,1.06,1.1276,194,1.06,1.1276,2,1.075,1.1436,1748,0
SPY190717C300,2019-07-16,2019-07-16 09:46:35.000,1.09,1.1595,46,1.06,1.1276,194,1.06,1.1276,2,1.075,1.1436,1748,0
SPY190717C300,2019-07-16,2019-07-16 09:46:36.000,1.09,1.1595,20,1.07,1.1382,46,1.06,1.1276,2,1.08,1.1489,1748,0
SPY190717C300,2019-07-16,2019-07-16 09:46:37.000,1.08,1.1489,20,1.06,1.1276,26,1.06,1.1276,2,1.07,1.1382,1748,0
SPY190717C300,2019-07-16,2019-07-16 09:46:37.000,1.07,1.1382,20,1.05,1.117,26,1.06,1.1276,2,1.06,1.1276,1748,0
SPY190717C300,2019-07-16,2019-07-16 09:46:39.000,1.07,1.1382,20,1.05,1.117,153,1.06,1.1276,2,1.06,1.1276,1748,0
SPY190717C300,2019-07-16,2019-07-16 09:46:40.000,1.07,1.1382,20,1.05,1.117,153,1.06,1.1276,2,1.06,1.1276,1748,0
SPY190717C300,2019-07-16,2019-07-16 09:46:42.000,1.08,1.1489,49,1.05,1.117,271,1.06,1.1276,2,1.065,1.1329,1748,0
SPY190717C300,2019-07-16,2019-07-16 09:46:43.000,1.08,1.1489,49,1.05,1.117,194,1.06,1.1276,2,1.065,1.1329,1748,0
SPY190717C300,2019-07-16,2019-07-16 09:46:44.000,1.09,1.1595,20,1.06,1.1276,196,1.06,1.1276,2,1.075,1.1436,1773,25
SPY190717C300,2019-07-16,2019-07-16 09:46:49.000,1.08,1.1489,86,1.05,1.117,256,1.06,1.1276,2,1.065,1.1329,1773,0
SPY190717C300,2019-07-16,2019-07-16 09:46:51.000,1.08,1.1489,52,1.05,1.117,191,1.06,1.1276,2,1.065,1.1329,1773,0
SPY190717C300,2019-07-16,2019-07-16 09:46:54.000,1.08,1.1489,39,1.05,1.117,271,1.06,1.1276,2,1.065,1.1329,1773,0
SPY190717C300,2019-07-16,2019-07-16 09:46:55.000,1.07,1.1382,20,1.05,1.117,110,1.06,1.1276,2,1.06,1.1276,1773,0
SPY190717C300,2019-07-16,2019-07-16 09:46:57.000,1.07,1.1382,20,1.05,1.117,96,1.07,1.1382,2,1.06,1.1276,1775,2
SPY190717C300,2019-07-16,2019-07-16 09:46:59.000,1.06,1.1276,26,1.04,1.1063,37,1.07,1.1382,2,1.05,1.117,1775,0
SPY190717C300,2019-07-16,2019-07-16 09:47:01.000,1.06,1.1276,101,1.05,1.117,5,1.05,1.117,1,1.055,1.1223,1776,1
SPY190717C300,2019-07-16,2019-07-16 09:47:01.000,1.06,1.1276,72,1.05,1.117,5,1.07,1.1382,2,1.055,1.1223,1775,0
SPY190717C300,2019-07-16,2019-07-16 09:47:02.000,1.06,1.1276,101,1.03,1.0957,137,1.05,1.117,5,1.045,1.1117,1781,5
SPY190717C300,2019-07-16,2019-07-16 09:47:03.000,1.06,1.1276,225,1.03,1.0957,191,1.05,1.117,5,1.045,1.1117,1781,0
SPY190717C300,2019-07-16,2019-07-16 09:47:04.000,1.06,1.1276,225,1.03,1.0957,191,1.05,1.117,5,1.045,1.1117,1781,0
SPY190717C300,2019-07-16,2019-07-16 09:47:05.000,1.05,1.117,10,1.03,1.0957,191,1.05,1.117,5,1.04,1.1063,1781,0
SPY190717C300,2019-07-16,2019-07-16 09:47:05.000,1.05,1.117,10,1.03,1.0957,153,1.05,1.117,5,1.04,1.1063,1781,0
SPY190717C300,2019-07-16,2019-07-16 09:47:06.000,1.05,1.117,10,1.03,1.0957,145,1.04,1.1063,1,1.04,1.1063,1782,1
SPY190717C300,2019-07-16,2019-07-16 09:47:07.000,1.04,1.1063,4,1.03,1.0957,191,1.04,1.1063,1,1.035,1.101,1782,0
SPY190717C300,2019-07-16,2019-07-16 09:47:08.000,1.04,1.1063,24,1.01,1.0744,179,1.04,1.1063,1,1.025,1.0904,1782,0
SPY190717C300,2019-07-16,2019-07-16 09:47:08.000,1.04,1.1063,24,1.01,1.0744,229,1.04,1.1063,1,1.025,1.0904,1782,0
SPY190717C300,2019-07-16,2019-07-16 09:47:09.000,1.04,1.1063,46,1.01,1.0744,225,1.04,1.1063,1,1.025,1.0904,1782,0
SPY190717C300,2019-07-16,2019-07-16 09:47:10.000,1.04,1.1063,106,1.01,1.0744,140,1.04,1.1063,1,1.025,1.0904,1782,0
SPY190717C300,2019-07-16,2019-07-16 09:47:10.000,1.04,1.1063,46,1.01,1.0744,225,1.04,1.1063,1,1.025,1.0904,1782,0
SPY190717C300,2019-07-16,2019-07-16 09:47:11.000,1.04,1.1063,94,1.01,1.0744,165,1.04,1.1063,1,1.025,1.0904,1782,0
SPY190717C300,2019-07-16,2019-07-16 09:47:11.000,1.04,1.1063,106,1.01,1.0744,140,1.04,1.1063,1,1.025,1.0904,1782,0
SPY190717C300,2019-07-16,2019-07-16 09:47:12.000,1.04,1.1063,26,1.02,1.0851,26,1.04,1.1063,1,1.03,1.0957,1782,0
SPY190717C300,2019-07-16,2019-07-16 09:47:13.000,1.04,1.1063,46,1.02,1.0851,20,1.04,1.1063,1,1.03,1.0957,1782,0
SPY190717C300,2019-07-16,2019-07-16 09:47:13.000,1.04,1.1063,26,1.02,1.0851,12,1.04,1.1063,1,1.03,1.0957,1782,0
SPY190717C300,2019-07-16,2019-07-16 09:47:14.000,1.04,1.1063,73,1.01,1.0744,140,1.04,1.1063,1,1.025,1.0904,1782,0
SPY190717C300,2019-07-16,2019-07-16 09:47:15.000,1.04,1.1063,73,1.01,1.0744,237,1.04,1.1063,1,1.025,1.0904,1782,0
SPY190717C300,2019-07-16,2019-07-16 09:47:16.000,1.04,1.1063,73,1.01,1.0744,270,1.04,1.1063,1,1.025,1.0904,1782,0
SPY190717C300,2019-07-16,2019-07-16 09:47:17.000,1.02,1.0851,1,1.01,1.0744,292,1.02,1.0851,5,1.015,1.0797,1792,10
SPY190717C300,2019-07-16,2019-07-16 09:47:18.000,1.02,1.0851,1,1.01,1.0744,209,1.02,1.0851,5,1.015,1.0797,1792,0
SPY190717C300,2019-07-16,2019-07-16 09:47:18.000,1.02,1.0851,1,1.01,1.0744,271,1.02,1.0851,5,1.015,1.0797,1792,0
SPY190717C300,2019-07-16,2019-07-16 09:47:19.000,1.02,1.0851,1,1.01,1.0744,265,1.02,1.0851,5,1.015,1.0797,1792,0
SPY190717C300,2019-07-16,2019-07-16 09:47:20.000,1.04,1.1063,46,1.01,1.0744,265,1.02,1.0851,5,1.025,1.0904,1792,0
SPY190717C300,2019-07-16,2019-07-16 09:47:21.000,1.04,1.1063,46,1.01,1.0744,265,1.02,1.0851,5,1.025,1.0904,1792,0
SPY190717C300,2019-07-16,2019-07-16 09:47:21.000,1.04,1.1063,80,1.01,1.0744,265,1.02,1.0851,5,1.025,1.0904,1792,0
SPY190717C300,2019-07-16,2019-07-16 09:47:22.000,1.03,1.0957,173,1.01,1.0744,5,1.02,1.0851,5,1.02,1.0851,1792,0
SPY190717C300,2019-07-16,2019-07-16 09:47:25.000,1.03,1.0957,203,1.01,1.0744,4,1.01,1.0744,1,1.02,1.0851,1793,1
SPY190717C300,2019-07-16,2019-07-16 09:47:26.000,1.03,1.0957,193,1.01,1.0744,4,1.01,1.0744,1,1.02,1.0851,1793,0
SPY190717C300,2019-07-16,2019-07-16 09:47:27.000,1.01,1.0744,1,1.00,1.0638,10,1.01,1.0744,1,1.005,1.0691,1798,5
SPY190717C300,2019-07-16,2019-07-16 09:47:28.000,1.02,1.0851,208,1.00,1.0638,10,1.01,1.0744,1,1.01,1.0744,1798,0
SPY190717C300,2019-07-16,2019-07-16 09:47:28.000,1.01,1.0744,46,0.99,1.0531,9,1.00,1.0638,10,1.00,1.0638,1808,10
SPY190717C300,2019-07-16,2019-07-16 09:47:29.000,1.01,1.0744,26,0.99,1.0531,110,1.00,1.0638,10,1.00,1.0638,1808,0
SPY190717C300,2019-07-16,2019-07-16 09:47:30.000,1.01,1.0744,46,0.99,1.0531,46,1.00,1.0638,10,1.00,1.0638,1808,0
SPY190717C300,2019-07-16,2019-07-16 09:47:30.000,1.01,1.0744,1,0.99,1.0531,110,1.00,1.0638,10,1.00,1.0638,1808,0
SPY190717C300,2019-07-16,2019-07-16 09:47:31.000,1.01,1.0744,100,0.99,1.0531,202,1.00,1.0638,10,1.00,1.0638,1808,0
SPY190717C300,2019-07-16,2019-07-16 09:47:32.000,1.02,1.0851,120,1.00,1.0638,61,1.00,1.0638,10,1.01,1.0744,1808,0
SPY190717C300,2019-07-16,2019-07-16 09:47:33.000,1.02,1.0851,12,1.00,1.0638,61,1.00,1.0638,10,1.01,1.0744,1808,0
SPY190717C300,2019-07-16,2019-07-16 09:47:34.000,1.02,1.0851,12,1.00,1.0638,61,1.00,1.0638,10,1.01,1.0744,1808,0
SPY190717C300,2019-07-16,2019-07-16 09:47:35.000,1.02,1.0851,12,1.00,1.0638,96,1.00,1.0638,10,1.01,1.0744,1808,0
SPY190717C300,2019-07-16,2019-07-16 09:47:35.000,1.02,1.0851,46,1.00,1.0638,76,1.00,1.0638,10,1.01,1.0744,1808,0
SPY190717C300,2019-07-16,2019-07-16 09:47:37.000,1.02,1.0851,12,1.00,1.0638,110,1.00,1.0638,10,1.01,1.0744,1808,0
SPY190717C300,2019-07-16,2019-07-16 09:47:38.000,1.03,1.0957,193,1.00,1.0638,130,1.00,1.0638,10,1.015,1.0797,1808,0
SPY190717C300,2019-07-16,2019-07-16 09:47:38.000,1.03,1.0957,193,1.00,1.0638,118,1.00,1.0638,10,1.015,1.0797,1808,0
SPY190717C300,2019-07-16,2019-07-16 09:47:39.000,1.03,1.0957,266,1.00,1.0638,150,1.00,1.0638,10,1.015,1.0797,1808,0
SPY190717C300,2019-07-16,2019-07-16 09:47:40.000,1.03,1.0957,196,1.00,1.0638,137,1.00,1.0638,10,1.015,1.0797,1808,0
SPY190717C300,2019-07-16,2019-07-16 09:47:40.000,1.03,1.0957,196,1.00,1.0638,110,1.00,1.0638,10,1.015,1.0797,1808,0
SPY190717C300,2019-07-16,2019-07-16 09:47:42.000,1.02,1.0851,26,1.00,1.0638,110,1.00,1.0638,10,1.01,1.0744,1808,0
SPY190717C300,2019-07-16,2019-07-16 09:47:43.000,1.03,1.0957,198,1.00,1.0638,88,1.00,1.0638,10,1.015,1.0797,1808,0
SPY190717C300,2019-07-16,2019-07-16 09:47:44.000,1.02,1.0851,20,1.00,1.0638,88,1.00,1.0638,10,1.01,1.0744,1808,0
SPY190717C300,2019-07-16,2019-07-16 09:47:44.000,1.03,1.0957,208,1.00,1.0638,88,1.00,1.0638,10,1.015,1.0797,1808,0
SPY190717C300,2019-07-16,2019-07-16 09:47:45.000,1.02,1.0851,26,1.00,1.0638,88,1.00,1.0638,10,1.01,1.0744,1808,0
SPY190717C300,2019-07-16,2019-07-16 09:47:46.000,1.01,1.0744,10,1.00,1.0638,88,1.00,1.0638,10,1.005,1.0691,1808,0
SPY190717C300,2019-07-16,2019-07-16 09:47:47.000,1.01,1.0744,10,1.00,1.0638,1,1.00,1.0638,10,1.005,1.0691,1808,0
SPY190717C300,2019-07-16,2019-07-16 09:47:48.000,1.01,1.0744,10,1.00,1.0638,1,1.00,1.0638,10,1.005,1.0691,1808,0
SPY190717C300,2019-07-16,2019-07-16 09:47:49.000,1.01,1.0744,26,1.00,1.0638,1,1.00,1.0638,10,1.005,1.0691,1808,0
SPY190717C300,2019-07-16,2019-07-16 09:47:50.000,1.01,1.0744,30,1.00,1.0638,1,1.00,1.0638,10,1.005,1.0691,1808,0
SPY190717C300,2019-07-16,2019-07-16 09:47:50.000,1.01,1.0744,10,1.00,1.0638,1,1.00,1.0638,1,1.005,1.0691,1809,1
SPY190717C300,2019-07-16,2019-07-16 09:47:51.000,1.01,1.0744,10,0.99,1.0531,166,1.00,1.0638,1,1.00,1.0638,1809,0
SPY190717C300,2019-07-16,2019-07-16 09:47:52.000,1.01,1.0744,10,0.99,1.0531,226,1.00,1.0638,1,1.00,1.0638,1809,0
SPY190717C300,2019-07-16,2019-07-16 09:47:52.000,1.01,1.0744,10,0.99,1.0531,137,1.00,1.0638,1,1.00,1.0638,1809,0
SPY190717C300,2019-07-16,2019-07-16 09:47:53.000,1.01,1.0744,10,1.00,1.0638,91,1.00,1.0638,1,1.005,1.0691,1809,0
SPY190717C300,2019-07-16,2019-07-16 09:47:53.000,1.01,1.0744,10,1.00,1.0638,71,1.00,1.0638,1,1.005,1.0691,1809,0
SPY190717C300,2019-07-16,2019-07-16 09:47:54.000,1.01,1.0744,10,1.00,1.0638,91,1.00,1.0638,1,1.005,1.0691,1809,0
SPY190717C300,2019-07-16,2019-07-16 09:47:55.000,1.01,1.0744,10,1.00,1.0638,91,1.00,1.0638,1,1.005,1.0691,1809,0
SPY190717C300,2019-07-16,2019-07-16 09:47:56.000,1.01,1.0744,10,1.00,1.0638,112,1.00,1.0638,1,1.005,1.0691,1809,0
SPY190717C300,2019-07-16,2019-07-16 09:47:56.000,1.01,1.0744,10,1.00,1.0638,87,1.00,1.0638,1,1.005,1.0691,1809,0
SPY190717C300,2019-07-16,2019-07-16 09:47:57.000,1.01,1.0744,10,1.00,1.0638,167,1.00,1.0638,1,1.005,1.0691,1809,0
SPY190717C300,2019-07-16,2019-07-16 09:47:57.000,1.01,1.0744,10,1.00,1.0638,112,1.00,1.0638,1,1.005,1.0691,1809,0
SPY190717C300,2019-07-16,2019-07-16 09:47:58.000,1.01,1.0744,10,1.00,1.0638,153,1.00,1.0638,1,1.005,1.0691,1809,0
SPY190717C300,2019-07-16,2019-07-16 09:47:59.000,1.03,1.0957,120,1.00,1.0638,155,1.01,1.0744,3,1.015,1.0797,1819,0
SPY190717C300,2019-07-16,2019-07-16 09:47:59.000,1.03,1.0957,146,1.00,1.0638,155,1.01,1.0744,3,1.015,1.0797,1819,10
SPY190717C300,2019-07-16,2019-07-16 09:48:00.000,1.03,1.0957,174,1.01,1.0744,7,1.01,1.0744,3,1.02,1.0851,1819,0
SPY190717C300,2019-07-16,2019-07-16 09:48:01.000,1.03,1.0957,174,1.01,1.0744,7,1.01,1.0744,3,1.02,1.0851,1819,0
SPY190717C300,2019-07-16,2019-07-16 09:48:01.000,1.03,1.0957,185,1.01,1.0744,7,1.01,1.0744,3,1.02,1.0851,1819,0
SPY190717C300,2019-07-16,2019-07-16 09:48:02.000,1.03,1.0957,319,1.01,1.0744,7,1.01,1.0744,3,1.02,1.0851,1819,0
SPY190717C300,2019-07-16,2019-07-16 09:48:03.000,1.03,1.0957,187,1.01,1.0744,13,1.01,1.0744,3,1.02,1.0851,1819,0
SPY190717C300,2019-07-16,2019-07-16 09:48:03.000,1.03,1.0957,164,1.01,1.0744,13,1.01,1.0744,3,1.02,1.0851,1819,0
SPY190717C300,2019-07-16,2019-07-16 09:48:04.000,1.03,1.0957,187,1.01,1.0744,13,1.01,1.0744,3,1.02,1.0851,1819,0
SPY190717C300,2019-07-16,2019-07-16 09:48:05.000,1.03,1.0957,107,1.01,1.0744,13,1.01,1.0744,3,1.02,1.0851,1819,0
SPY190717C300,2019-07-16,2019-07-16 09:48:05.000,1.04,1.1063,26,1.01,1.0744,100,1.01,1.0744,3,1.025,1.0904,1819,0
SPY190717C300,2019-07-16,2019-07-16 09:48:06.000,1.04,1.1063,46,1.02,1.0851,95,1.01,1.0744,3,1.03,1.0957,1819,0
SPY190717C300,2019-07-16,2019-07-16 09:48:07.000,1.04,1.1063,26,1.02,1.0851,95,1.01,1.0744,3,1.03,1.0957,1819,0
SPY190717C300,2019-07-16,2019-07-16 09:48:08.000,1.04,1.1063,46,1.02,1.0851,95,1.01,1.0744,3,1.03,1.0957,1819,0
SPY190717C300,2019-07-16,2019-07-16 09:48:09.000,1.04,1.1063,46,1.02,1.0851,95,1.01,1.0744,3,1.03,1.0957,1819,0
SPY190717C300,2019-07-16,2019-07-16 09:48:10.000,1.04,1.1063,26,1.02,1.0851,95,1.01,1.0744,3,1.03,1.0957,1819,0
SPY190717C300,2019-07-16,2019-07-16 09:48:11.000,1.04,1.1063,26,1.02,1.0851,95,1.01,1.0744,3,1.03,1.0957,1819,0
SPY190717C300,2019-07-16,2019-07-16 09:48:12.000,1.04,1.1063,46,1.02,1.0851,95,1.01,1.0744,3,1.03,1.0957,1819,0
SPY190717C300,2019-07-16,2019-07-16 09:48:13.000,1.04,1.1063,46,1.02,1.0851,34,1.01,1.0744,3,1.03,1.0957,1819,0
