symbol,Date,quote_time,ask_price,norm_ask_price,ask_size,bid_price,norm_bid_price,bid_size,last_trade_price,norm_last_trade_price,last_trade_size,mark_price,norm_mark_price,volume,Volume
SPY190809P294,2019-08-08,2019-08-08 09:30:00,4.68,1.0,112,4.41,0.9423,112,6.35,1.3568,10,4.545,0.9711,0,0
SPY190809P294,2019-08-08,2019-08-08 09:30:01,4.61,0.985,5,4.54,0.97,5,6.35,1.3568,10,4.575,0.9775,0,0
SPY190809P294,2019-08-08,2019-08-08 09:30:01,6.35,1.3568,11,2.84,0.6068,11,6.35,1.3568,10,4.595,0.9818,0,0
SPY190809P294,2019-08-08,2019-08-08 09:30:02,4.7,1.0042,50,4.3,0.9188,50,6.35,1.3568,10,4.5,0.9615,0,0
SPY190809P294,2019-08-08,2019-08-08 09:30:02,4.61,0.985,100,4.46,0.9529,100,6.35,1.3568,10,4.535,0.969,0,0
SPY190809P294,2019-08-08,2019-08-08 09:30:03,4.66,0.9957,100,4.37,0.9337,100,6.35,1.3568,10,4.515,0.9647,0,0
SPY190809P294,2019-08-08,2019-08-08 09:30:04,4.7,1.0042,50,4.33,0.9252,50,6.35,1.3568,10,4.515,0.9647,0,0
SPY190809P294,2019-08-08,2019-08-08 09:30:04,4.7,1.0042,100,4.33,0.9252,100,6.35,1.3568,10,4.515,0.9647,0,0
SPY190809P294,2019-08-08,2019-08-08 09:30:05,4.58,0.9786,100,4.44,0.9487,100,6.35,1.3568,10,4.51,0.9636,0,0
SPY190809P294,2019-08-08,2019-08-08 09:30:06,4.94,1.0555,1,4.14,0.8846,1,6.35,1.3568,10,4.54,0.97,0,0
SPY190809P294,2019-08-08,2019-08-08 09:30:07,4.57,0.9764,100,4.42,0.9444,100,6.35,1.3568,10,4.495,0.9604,0,0
SPY190809P294,2019-08-08,2019-08-08 09:30:07,4.69,1.0021,50,4.29,0.9166,50,6.35,1.3568,10,4.49,0.9594,0,0
SPY190809P294,2019-08-08,2019-08-08 09:30:08,4.69,1.0021,50,4.34,0.9273,5,6.35,1.3568,10,4.515,0.9647,0,0
SPY190809P294,2019-08-08,2019-08-08 09:30:09,4.69,1.0021,162,4.34,0.9273,5,6.35,1.3568,10,4.515,0.9647,0,0
SPY190809P294,2019-08-08,2019-08-08 09:30:09,4.56,0.9743,100,4.42,0.9444,100,6.35,1.3568,10,4.49,0.9594,0,0
SPY190809P294,2019-08-08,2019-08-08 09:30:10,4.56,0.9743,100,4.42,0.9444,100,6.35,1.3568,10,4.49,0.9594,0,0
SPY190809P294,2019-08-08,2019-08-08 09:30:10,4.73,1.0106,100,4.33,0.9252,100,6.35,1.3568,10,4.53,0.9679,0,0
SPY190809P294,2019-08-08,2019-08-08 09:30:11,4.73,1.0106,100,4.33,0.9252,100,6.35,1.3568,10,4.53,0.9679,0,0
SPY190809P294,2019-08-08,2019-08-08 09:30:12,4.65,0.9935,100,4.33,0.9252,100,6.35,1.3568,10,4.49,0.9594,0,0
SPY190809P294,2019-08-08,2019-08-08 09:30:13,4.65,0.9935,100,4.33,0.9252,100,6.35,1.3568,10,4.49,0.9594,0,0
SPY190809P294,2019-08-08,2019-08-08 09:30:14,4.65,0.9935,100,4.33,0.9252,100,6.35,1.3568,10,4.49,0.9594,0,0
SPY190809P294,2019-08-08,2019-08-08 09:30:14,4.62,0.9871,100,4.32,0.923,100,6.35,1.3568,10,4.47,0.9551,0,0
SPY190809P294,2019-08-08,2019-08-08 09:30:15,4.51,0.9636,100,4.36,0.9316,100,6.35,1.3568,10,4.435,0.9476,0,0
SPY190809P294,2019-08-08,2019-08-08 09:30:15,4.66,0.9957,10,4.28,0.9145,5,6.35,1.3568,10,4.47,0.9551,0,0
SPY190809P294,2019-08-08,2019-08-08 09:30:16,4.58,0.9786,100,4.28,0.9145,100,6.35,1.3568,10,4.43,0.9465,0,0
SPY190809P294,2019-08-08,2019-08-08 09:30:16,4.58,0.9786,100,4.26,0.9102,100,6.35,1.3568,10,4.42,0.9444,0,0
SPY190809P294,2019-08-08,2019-08-08 09:30:17,4.51,0.9636,100,4.35,0.9294,100,6.35,1.3568,10,4.43,0.9465,0,0
SPY190809P294,2019-08-08,2019-08-08 09:30:17,4.75,1.0149,5,4.25,0.9081,75,6.35,1.3568,10,4.5,0.9615,0,0
SPY190809P294,2019-08-08,2019-08-08 09:30:18,4.71,1.0064,100,4.41,0.9423,100,6.35,1.3568,10,4.56,0.9743,0,0
SPY190809P294,2019-08-08,2019-08-08 09:30:18,4.67,0.9978,5,4.41,0.9423,81,6.35,1.3568,10,4.54,0.97,0,0
SPY190809P294,2019-08-08,2019-08-08 09:30:19,4.7,1.0042,100,4.39,0.938,100,6.35,1.3568,10,4.545,0.9711,0,0
SPY190809P294,2019-08-08,2019-08-08 09:30:19,4.76,1.017,65,4.46,0.9529,100,6.35,1.3568,10,4.61,0.985,0,0
SPY190809P294,2019-08-08,2019-08-08 09:30:20,4.7,1.0042,100,4.38,0.9358,1,6.35,1.3568,10,4.54,0.97,0,0
SPY190809P294,2019-08-08,2019-08-08 09:30:20,4.7,1.0042,100,4.49,0.9594,5,6.35,1.3568,10,4.595,0.9818,0,0
SPY190809P294,2019-08-08,2019-08-08 09:30:21,4.63,0.9893,100,4.47,0.9551,100,6.35,1.3568,10,4.55,0.9722,0,0
SPY190809P294,2019-08-08,2019-08-08 09:30:21,4.66,0.9957,100,4.47,0.9551,100,6.35,1.3568,10,4.565,0.9754,0,0
SPY190809P294,2019-08-08,2019-08-08 09:30:22,4.61,0.985,100,4.48,0.9572,25,6.35,1.3568,10,4.545,0.9711,0,0
SPY190809P294,2019-08-08,2019-08-08 09:30:22,4.66,0.9957,100,4.48,0.9572,100,6.35,1.3568,10,4.57,0.9764,0,0
SPY190809P294,2019-08-08,2019-08-08 09:30:23,4.66,0.9957,100,4.4,0.9401,162,6.35,1.3568,10,4.53,0.9679,0,0
SPY190809P294,2019-08-08,2019-08-08 09:30:23,4.66,0.9957,100,4.49,0.9594,5,6.35,1.3568,10,4.575,0.9775,0,0
SPY190809P294,2019-08-08,2019-08-08 09:30:24,4.66,0.9957,5,4.44,0.9487,25,6.35,1.3568,10,4.55,0.9722,0,0
SPY190809P294,2019-08-08,2019-08-08 09:30:24,4.65,0.9935,10,4.41,0.9423,25,6.35,1.3568,10,4.53,0.9679,0,0
SPY190809P294,2019-08-08,2019-08-08 09:30:25,4.65,0.9935,10,4.42,0.9444,5,6.35,1.3568,10,4.535,0.969,0,0
SPY190809P294,2019-08-08,2019-08-08 09:30:26,4.61,0.985,100,4.41,0.9423,100,6.35,1.3568,10,4.51,0.9636,0,0
SPY190809P294,2019-08-08,2019-08-08 09:30:26,4.62,0.9871,5,4.39,0.938,81,6.35,1.3568,10,4.505,0.9626,0,0
SPY190809P294,2019-08-08,2019-08-08 09:30:27,4.55,0.9722,100,4.43,0.9465,56,6.35,1.3568,10,4.49,0.9594,0,0
SPY190809P294,2019-08-08,2019-08-08 09:30:27,4.55,0.9722,5,4.42,0.9444,5,6.35,1.3568,10,4.485,0.9583,0,0
SPY190809P294,2019-08-08,2019-08-08 09:30:28,4.54,0.97,100,4.42,0.9444,5,6.35,1.3568,10,4.48,0.9572,0,0
SPY190809P294,2019-08-08,2019-08-08 09:30:28,4.54,0.97,100,4.4,0.9401,5,6.35,1.3568,10,4.47,0.9551,0,0
SPY190809P294,2019-08-08,2019-08-08 09:30:29,4.52,0.9658,100,4.36,0.9316,100,6.35,1.3568,10,4.44,0.9487,0,0
SPY190809P294,2019-08-08,2019-08-08 09:30:29,4.53,0.9679,100,4.37,0.9337,100,6.35,1.3568,10,4.45,0.9508,0,0
SPY190809P294,2019-08-08,2019-08-08 09:30:30,4.54,0.97,100,4.4,0.9401,5,6.35,1.3568,10,4.47,0.9551,0,0
SPY190809P294,2019-08-08,2019-08-08 09:30:30,4.57,0.9764,5,4.38,0.9358,5,6.35,1.3568,10,4.475,0.9561,0,0
SPY190809P294,2019-08-08,2019-08-08 09:30:31,4.55,0.9722,100,4.38,0.9358,100,6.35,1.3568,10,4.465,0.954,0,0
SPY190809P294,2019-08-08,2019-08-08 09:30:31,4.59,0.9807,60,4.33,0.9252,201,6.35,1.3568,10,4.46,0.9529,0,0
SPY190809P294,2019-08-08,2019-08-08 09:30:32,4.55,0.9722,100,4.39,0.938,100,6.35,1.3568,10,4.47,0.9551,0,0
SPY190809P294,2019-08-08,2019-08-08 09:30:32,4.54,0.97,100,4.4,0.9401,5,6.35,1.3568,10,4.47,0.9551,0,0
SPY190809P294,2019-08-08,2019-08-08 09:30:33,4.54,0.97,100,4.4,0.9401,5,6.35,1.3568,10,4.47,0.9551,0,0
SPY190809P294,2019-08-08,2019-08-08 09:30:34,4.53,0.9679,100,4.4,0.9401,5,6.35,1.3568,10,4.465,0.954,0,0
SPY190809P294,2019-08-08,2019-08-08 09:30:35,4.57,0.9764,100,4.4,0.9401,5,6.35,1.3568,10,4.485,0.9583,0,0
SPY190809P294,2019-08-08,2019-08-08 09:30:35,4.53,0.9679,100,4.4,0.9401,5,6.35,1.3568,10,4.465,0.954,0,0
SPY190809P294,2019-08-08,2019-08-08 09:30:36,4.53,0.9679,162,4.4,0.9401,5,6.35,1.3568,10,4.465,0.954,0,0
SPY190809P294,2019-08-08,2019-08-08 09:30:36,4.5,0.9615,100,4.34,0.9273,100,6.35,1.3568,10,4.42,0.9444,0,0
SPY190809P294,2019-08-08,2019-08-08 09:30:37,4.49,0.9594,100,4.35,0.9294,5,6.35,1.3568,10,4.42,0.9444,0,0
SPY190809P294,2019-08-08,2019-08-08 09:30:37,4.5,0.9615,100,4.34,0.9273,100,6.35,1.3568,10,4.42,0.9444,0,0
SPY190809P294,2019-08-08,2019-08-08 09:30:38,4.48,0.9572,100,4.35,0.9294,5,6.35,1.3568,10,4.415,0.9433,0,0
SPY190809P294,2019-08-08,2019-08-08 09:30:38,4.48,0.9572,100,4.3,0.9188,100,6.35,1.3568,10,4.39,0.938,0,0
SPY190809P294,2019-08-08,2019-08-08 09:30:39,4.49,0.9594,100,4.33,0.9252,5,6.35,1.3568,10,4.41,0.9423,0,0
SPY190809P294,2019-08-08,2019-08-08 09:30:39,4.48,0.9572,162,4.33,0.9252,5,6.35,1.3568,10,4.405,0.9412,0,0
SPY190809P294,2019-08-08,2019-08-08 09:30:40,4.47,0.9551,5,4.33,0.9252,5,6.35,1.3568,10,4.4,0.9401,0,0
SPY190809P294,2019-08-08,2019-08-08 09:30:41,4.48,0.9572,39,4.32,0.923,39,6.35,1.3568,10,4.4,0.9401,0,0
SPY190809P294,2019-08-08,2019-08-08 09:30:41,4.52,0.9658,60,4.27,0.9123,100,6.35,1.3568,10,4.395,0.9391,0,0
SPY190809P294,2019-08-08,2019-08-08 09:30:42,4.47,0.9551,100,4.33,0.9252,5,6.35,1.3568,10,4.4,0.9401,0,0
SPY190809P294,2019-08-08,2019-08-08 09:30:42,4.48,0.9572,100,4.28,0.9145,5,6.35,1.3568,10,4.38,0.9358,0,0
SPY190809P294,2019-08-08,2019-08-08 09:30:43,4.47,0.9551,100,4.33,0.9252,5,6.35,1.3568,10,4.4,0.9401,0,0
SPY190809P294,2019-08-08,2019-08-08 09:30:43,4.48,0.9572,120,4.33,0.9252,5,6.35,1.3568,10,4.405,0.9412,0,0
SPY190809P294,2019-08-08,2019-08-08 09:30:44,4.46,0.9529,5,4.33,0.9252,5,6.35,1.3568,10,4.395,0.9391,0,0
SPY190809P294,2019-08-08,2019-08-08 09:30:44,4.48,0.9572,120,4.33,0.9252,5,6.35,1.3568,10,4.405,0.9412,0,0
SPY190809P294,2019-08-08,2019-08-08 09:30:45,4.47,0.9551,100,4.33,0.9252,5,6.35,1.3568,10,4.4,0.9401,0,0
SPY190809P294,2019-08-08,2019-08-08 09:30:45,4.45,0.9508,5,4.33,0.9252,5,6.35,1.3568,10,4.39,0.938,0,0
SPY190809P294,2019-08-08,2019-08-08 09:30:46,4.47,0.9551,100,4.33,0.9252,5,6.35,1.3568,10,4.4,0.9401,0,0
SPY190809P294,2019-08-08,2019-08-08 09:30:47,4.46,0.9529,100,4.31,0.9209,25,6.35,1.3568,10,4.385,0.9369,0,0
SPY190809P294,2019-08-08,2019-08-08 09:30:47,4.48,0.9572,120,4.32,0.923,5,6.35,1.3568,10,4.4,0.9401,0,0
SPY190809P294,2019-08-08,2019-08-08 09:30:48,4.47,0.9551,100,4.32,0.923,100,6.35,1.3568,10,4.395,0.9391,0,0
SPY190809P294,2019-08-08,2019-08-08 09:30:48,4.48,0.9572,120,4.32,0.923,25,6.35,1.3568,10,4.4,0.9401,0,0
SPY190809P294,2019-08-08,2019-08-08 09:30:49,4.46,0.9529,5,4.33,0.9252,5,6.35,1.3568,10,4.395,0.9391,0,0
SPY190809P294,2019-08-08,2019-08-08 09:30:49,4.47,0.9551,5,4.33,0.9252,5,6.35,1.3568,10,4.4,0.9401,0,0
SPY190809P294,2019-08-08,2019-08-08 09:30:50,4.46,0.9529,5,4.34,0.9273,100,6.35,1.3568,10,4.4,0.9401,0,0
SPY190809P294,2019-08-08,2019-08-08 09:30:50,4.51,0.9636,100,4.35,0.9294,100,6.35,1.3568,10,4.43,0.9465,0,0
SPY190809P294,2019-08-08,2019-08-08 09:30:51,4.51,0.9636,120,4.35,0.9294,100,6.35,1.3568,10,4.43,0.9465,0,0
SPY190809P294,2019-08-08,2019-08-08 09:30:51,4.49,0.9594,5,4.36,0.9316,5,6.35,1.3568,10,4.425,0.9455,0,0
SPY190809P294,2019-08-08,2019-08-08 09:30:52,4.5,0.9615,61,4.37,0.9337,100,6.35,1.3568,10,4.435,0.9476,0,0
SPY190809P294,2019-08-08,2019-08-08 09:30:52,4.49,0.9594,5,4.37,0.9337,5,6.35,1.3568,10,4.43,0.9465,0,0
SPY190809P294,2019-08-08,2019-08-08 09:30:53,4.48,0.9572,100,4.29,0.9166,50,6.35,1.3568,10,4.385,0.9369,0,0
SPY190809P294,2019-08-08,2019-08-08 09:30:53,4.55,0.9722,100,4.37,0.9337,5,6.35,1.3568,10,4.46,0.9529,0,0
SPY190809P294,2019-08-08,2019-08-08 09:30:54,4.51,0.9636,100,4.37,0.9337,5,6.35,1.3568,10,4.44,0.9487,0,0
SPY190809P294,2019-08-08,2019-08-08 09:30:55,4.51,0.9636,100,4.33,0.9252,100,6.35,1.3568,10,4.42,0.9444,0,0
SPY190809P294,2019-08-08,2019-08-08 09:30:55,4.51,0.9636,120,4.37,0.9337,5,6.35,1.3568,10,4.44,0.9487,0,0
SPY190809P294,2019-08-08,2019-08-08 09:30:56,4.49,0.9594,100,4.33,0.9252,100,6.35,1.3568,10,4.41,0.9423,0,0
SPY190809P294,2019-08-08,2019-08-08 09:30:56,4.51,0.9636,120,4.33,0.9252,100,6.35,1.3568,10,4.42,0.9444,0,0
SPY190809P294,2019-08-08,2019-08-08 09:30:57,4.48,0.9572,5,4.33,0.9252,100,6.35,1.3568,10,4.405,0.9412,0,0
SPY190809P294,2019-08-08,2019-08-08 09:30:57,4.55,0.9722,100,4.33,0.9252,100,6.35,1.3568,10,4.44,0.9487,0,0
SPY190809P294,2019-08-08,2019-08-08 09:30:58,4.51,0.9636,100,4.36,0.9316,100,6.35,1.3568,10,4.435,0.9476,0,0
SPY190809P294,2019-08-08,2019-08-08 09:30:58,4.52,0.9658,100,4.36,0.9316,100,6.35,1.3568,10,4.44,0.9487,0,0
SPY190809P294,2019-08-08,2019-08-08 09:30:59,4.52,0.9658,100,4.36,0.9316,100,6.35,1.3568,10,4.44,0.9487,0,0
SPY190809P294,2019-08-08,2019-08-08 09:31:00,4.53,0.9679,100,4.38,0.9358,100,6.35,1.3568,10,4.455,0.9519,0,0
SPY190809P294,2019-08-08,2019-08-08 09:31:01,4.56,0.9743,5,4.28,0.9145,5,6.35,1.3568,10,4.42,0.9444,0,0
SPY190809P294,2019-08-08,2019-08-08 09:31:01,4.56,0.9743,5,4.44,0.9487,100,6.35,1.3568,10,4.5,0.9615,0,0
SPY190809P294,2019-08-08,2019-08-08 09:31:02,4.56,0.9743,5,4.35,0.9294,162,6.35,1.3568,10,4.455,0.9519,0,0
SPY190809P294,2019-08-08,2019-08-08 09:31:03,4.56,0.9743,5,4.38,0.9358,162,6.35,1.3568,10,4.47,0.9551,0,0
SPY190809P294,2019-08-08,2019-08-08 09:31:04,4.56,0.9743,5,4.42,0.9444,100,6.35,1.3568,10,4.49,0.9594,0,0
SPY190809P294,2019-08-08,2019-08-08 09:31:04,4.64,0.9914,10,4.34,0.9273,10,6.35,1.3568,10,4.49,0.9594,0,0
SPY190809P294,2019-08-08,2019-08-08 09:31:05,4.66,0.9957,10,4.49,0.9594,100,6.35,1.3568,10,4.575,0.9775,0,0
SPY190809P294,2019-08-08,2019-08-08 09:31:05,4.69,1.0021,100,4.49,0.9594,100,6.35,1.3568,10,4.59,0.9807,0,0
SPY190809P294,2019-08-08,2019-08-08 09:31:06,4.69,1.0021,5,4.5,0.9615,100,6.35,1.3568,10,4.595,0.9818,0,0
SPY190809P294,2019-08-08,2019-08-08 09:31:06,4.68,1.0,5,4.47,0.9551,162,6.35,1.3568,10,4.575,0.9775,0,0
SPY190809P294,2019-08-08,2019-08-08 09:31:07,4.68,1.0,5,4.52,0.9658,100,6.35,1.3568,10,4.6,0.9829,0,0
SPY190809P294,2019-08-08,2019-08-08 09:31:07,4.67,0.9978,5,4.53,0.9679,100,6.35,1.3568,10,4.6,0.9829,0,0
SPY190809P294,2019-08-08,2019-08-08 09:31:08,4.68,1.0,5,4.48,0.9572,100,6.35,1.3568,10,4.58,0.9786,0,0
SPY190809P294,2019-08-08,2019-08-08 09:31:08,4.69,1.0021,100,4.49,0.9594,100,6.35,1.3568,10,4.59,0.9807,0,0
SPY190809P294,2019-08-08,2019-08-08 09:31:09,4.7,1.0042,162,4.46,0.9529,162,6.35,1.3568,10,4.58,0.9786,0,0
SPY190809P294,2019-08-08,2019-08-08 09:31:09,4.7,1.0042,210,4.46,0.9529,202,6.35,1.3568,10,4.58,0.9786,0,0
SPY190809P294,2019-08-08,2019-08-08 09:31:10,4.75,1.0149,50,4.49,0.9594,64,6.35,1.3568,10,4.62,0.9871,0,0
SPY190809P294,2019-08-08,2019-08-08 09:31:10,4.7,1.0042,210,4.47,0.9551,50,6.35,1.3568,10,4.585,0.9797,0,0
SPY190809P294,2019-08-08,2019-08-08 09:31:11,4.71,1.0064,5,4.47,0.9551,50,6.35,1.3568,10,4.59,0.9807,0,0
SPY190809P294,2019-08-08,2019-08-08 09:31:11,4.72,1.0085,10,4.51,0.9636,100,6.35,1.3568,10,4.615,0.9861,0,0
SPY190809P294,2019-08-08,2019-08-08 09:31:12,4.69,1.0021,120,4.51,0.9636,160,6.35,1.3568,10,4.6,0.9829,0,0
SPY190809P294,2019-08-08,2019-08-08 09:31:12,4.69,1.0021,100,4.51,0.9636,100,6.35,1.3568,10,4.6,0.9829,0,0
SPY190809P294,2019-08-08,2019-08-08 09:31:13,4.71,1.0064,100,4.52,0.9658,5,6.35,1.3568,10,4.615,0.9861,0,0
SPY190809P294,2019-08-08,2019-08-08 09:31:14,4.71,1.0064,100,4.54,0.97,100,6.35,1.3568,10,4.625,0.9882,0,0
SPY190809P294,2019-08-08,2019-08-08 09:31:14,4.7,1.0042,2,4.51,0.9636,100,6.35,1.3568,10,4.605,0.9839,0,0
SPY190809P294,2019-08-08,2019-08-08 09:31:15,4.76,1.017,100,4.51,0.9636,201,6.35,1.3568,10,4.635,0.9903,0,0
SPY190809P294,2019-08-08,2019-08-08 09:31:15,4.69,1.0021,100,4.53,0.9679,100,6.35,1.3568,10,4.61,0.985,0,0
SPY190809P294,2019-08-08,2019-08-08 09:31:16,4.69,1.0021,103,4.49,0.9594,160,6.35,1.3568,10,4.59,0.9807,0,0
SPY190809P294,2019-08-08,2019-08-08 09:31:16,4.67,0.9978,100,4.51,0.9636,100,6.35,1.3568,10,4.59,0.9807,0,0
SPY190809P294,2019-08-08,2019-08-08 09:31:17,4.69,1.0021,100,4.53,0.9679,100,6.35,1.3568,10,4.61,0.985,0,0
SPY190809P294,2019-08-08,2019-08-08 09:31:17,4.67,0.9978,100,4.51,0.9636,100,6.35,1.3568,10,4.59,0.9807,0,0
SPY190809P294,2019-08-08,2019-08-08 09:31:18,4.65,0.9935,100,4.49,0.9594,100,6.35,1.3568,10,4.57,0.9764,0,0
SPY190809P294,2019-08-08,2019-08-08 09:31:18,4.69,1.0021,100,4.49,0.9594,100,6.35,1.3568,10,4.59,0.9807,0,0
SPY190809P294,2019-08-08,2019-08-08 09:31:19,4.65,0.9935,100,4.49,0.9594,100,6.35,1.3568,10,4.57,0.9764,0,0
SPY190809P294,2019-08-08,2019-08-08 09:31:19,4.85,1.0363,11,4.48,0.9572,100,6.35,1.3568,10,4.665,0.9967,0,0
SPY190809P294,2019-08-08,2019-08-08 09:31:20,4.64,0.9914,100,4.46,0.9529,100,6.35,1.3568,10,4.55,0.9722,0,0
SPY190809P294,2019-08-08,2019-08-08 09:31:20,4.69,1.0021,5,4.44,0.9487,160,6.35,1.3568,10,4.565,0.9754,0,0
SPY190809P294,2019-08-08,2019-08-08 09:31:21,4.61,0.985,100,4.45,0.9508,5,6.35,1.3568,10,4.53,0.9679,0,0
SPY190809P294,2019-08-08,2019-08-08 09:31:21,4.76,1.017,11,4.46,0.9529,100,6.35,1.3568,10,4.61,0.985,0,0
SPY190809P294,2019-08-08,2019-08-08 09:31:22,4.59,0.9807,100,4.43,0.9465,100,6.35,1.3568,10,4.51,0.9636,0,0
SPY190809P294,2019-08-08,2019-08-08 09:31:22,4.73,1.0106,15,4.46,0.9529,100,6.35,1.3568,10,4.595,0.9818,0,0
SPY190809P294,2019-08-08,2019-08-08 09:31:23,4.59,0.9807,10,4.46,0.9529,100,6.35,1.3568,10,4.525,0.9668,0,0
SPY190809P294,2019-08-08,2019-08-08 09:31:24,4.62,0.9871,130,4.42,0.9444,171,6.35,1.3568,10,4.52,0.9658,0,0
SPY190809P294,2019-08-08,2019-08-08 09:31:24,4.61,0.985,120,4.46,0.9529,100,6.35,1.3568,10,4.535,0.969,0,0
SPY190809P294,2019-08-08,2019-08-08 09:31:25,4.66,0.9957,100,4.48,0.9572,160,6.35,1.3568,10,4.57,0.9764,0,0
SPY190809P294,2019-08-08,2019-08-08 09:31:25,4.6,0.9829,8,4.38,0.9358,10,6.35,1.3568,10,4.49,0.9594,0,0
SPY190809P294,2019-08-08,2019-08-08 09:31:26,4.66,0.9957,120,4.52,0.9658,100,6.35,1.3568,10,4.59,0.9807,0,0
SPY190809P294,2019-08-08,2019-08-08 09:31:26,4.7,1.0042,100,4.49,0.9594,5,6.35,1.3568,10,4.595,0.9818,0,0
SPY190809P294,2019-08-08,2019-08-08 09:31:27,4.7,1.0042,175,4.49,0.9594,5,6.35,1.3568,10,4.595,0.9818,0,0
SPY190809P294,2019-08-08,2019-08-08 09:31:27,4.67,0.9978,100,4.51,0.9636,100,6.35,1.3568,10,4.59,0.9807,0,0
SPY190809P294,2019-08-08,2019-08-08 09:31:28,4.7,1.0042,100,4.52,0.9658,100,6.35,1.3568,10,4.61,0.985,0,0
SPY190809P294,2019-08-08,2019-08-08 09:31:28,4.66,0.9957,100,4.5,0.9615,5,6.35,1.3568,10,4.58,0.9786,0,0
SPY190809P294,2019-08-08,2019-08-08 09:31:29,4.66,0.9957,8,4.51,0.9636,110,6.35,1.3568,10,4.585,0.9797,0,0
SPY190809P294,2019-08-08,2019-08-08 09:31:29,4.66,0.9957,100,4.51,0.9636,110,6.35,1.3568,10,4.585,0.9797,0,0
SPY190809P294,2019-08-08,2019-08-08 09:31:30,4.66,0.9957,130,4.52,0.9658,5,6.35,1.3568,10,4.59,0.9807,0,0
SPY190809P294,2019-08-08,2019-08-08 09:31:30,4.66,0.9957,103,4.51,0.9636,110,6.35,1.3568,10,4.585,0.9797,0,0
SPY190809P294,2019-08-08,2019-08-08 09:31:31,4.65,0.9935,7,4.52,0.9658,5,6.35,1.3568,10,4.585,0.9797,0,0
SPY190809P294,2019-08-08,2019-08-08 09:31:31,4.65,0.9935,5,4.52,0.9658,5,6.35,1.3568,10,4.585,0.9797,0,0
SPY190809P294,2019-08-08,2019-08-08 09:31:32,4.67,0.9978,100,4.51,0.9636,100,6.35,1.3568,10,4.59,0.9807,0,0
SPY190809P294,2019-08-08,2019-08-08 09:31:32,4.65,0.9935,5,4.52,0.9658,5,6.35,1.3568,10,4.585,0.9797,0,0
SPY190809P294,2019-08-08,2019-08-08 09:31:33,4.65,0.9935,120,4.53,0.9679,100,6.35,1.3568,10,4.59,0.9807,0,0
SPY190809P294,2019-08-08,2019-08-08 09:31:33,4.65,0.9935,5,4.52,0.9658,100,6.35,1.3568,10,4.585,0.9797,0,0
SPY190809P294,2019-08-08,2019-08-08 09:31:34,4.65,0.9935,5,4.52,0.9658,5,6.35,1.3568,10,4.585,0.9797,0,0
SPY190809P294,2019-08-08,2019-08-08 09:31:35,4.65,0.9935,5,4.52,0.9658,5,6.35,1.3568,10,4.585,0.9797,0,0
SPY190809P294,2019-08-08,2019-08-08 09:31:35,4.67,0.9978,100,4.52,0.9658,5,6.35,1.3568,10,4.595,0.9818,0,0
SPY190809P294,2019-08-08,2019-08-08 09:31:36,4.65,0.9935,5,4.52,0.9658,5,6.35,1.3568,10,4.585,0.9797,0,0
SPY190809P294,2019-08-08,2019-08-08 09:31:37,4.65,0.9935,5,4.52,0.9658,5,6.35,1.3568,10,4.585,0.9797,0,0
SPY190809P294,2019-08-08,2019-08-08 09:31:37,4.65,0.9935,100,4.51,0.9636,38,6.35,1.3568,10,4.58,0.9786,0,0
SPY190809P294,2019-08-08,2019-08-08 09:31:38,4.66,0.9957,160,4.52,0.9658,5,6.35,1.3568,10,4.59,0.9807,0,0
SPY190809P294,2019-08-08,2019-08-08 09:31:38,4.64,0.9914,100,4.52,0.9658,5,6.35,1.3568,10,4.58,0.9786,0,0
SPY190809P294,2019-08-08,2019-08-08 09:31:39,4.64,0.9914,100,4.51,0.9636,85,6.35,1.3568,10,4.575,0.9775,0,0
SPY190809P294,2019-08-08,2019-08-08 09:31:39,4.64,0.9914,120,4.52,0.9658,5,6.35,1.3568,10,4.58,0.9786,0,0
SPY190809P294,2019-08-08,2019-08-08 09:31:40,4.64,0.9914,5,4.52,0.9658,5,6.35,1.3568,10,4.58,0.9786,0,0
SPY190809P294,2019-08-08,2019-08-08 09:31:40,4.64,0.9914,120,4.52,0.9658,5,6.35,1.3568,10,4.58,0.9786,0,0
SPY190809P294,2019-08-08,2019-08-08 09:31:41,4.64,0.9914,120,4.52,0.9658,5,6.35,1.3568,10,4.58,0.9786,0,0
SPY190809P294,2019-08-08,2019-08-08 09:31:42,4.64,0.9914,120,4.52,0.9658,5,6.35,1.3568,10,4.58,0.9786,0,0
SPY190809P294,2019-08-08,2019-08-08 09:31:43,4.64,0.9914,120,4.52,0.9658,5,6.35,1.3568,10,4.58,0.9786,0,0
SPY190809P294,2019-08-08,2019-08-08 09:31:44,4.64,0.9914,120,4.52,0.9658,5,6.35,1.3568,10,4.58,0.9786,0,0
SPY190809P294,2019-08-08,2019-08-08 09:31:44,4.64,0.9914,5,4.52,0.9658,5,6.35,1.3568,10,4.58,0.9786,0,0
SPY190809P294,2019-08-08,2019-08-08 09:31:45,4.68,1.0,10,4.5,0.9615,5,6.35,1.3568,10,4.59,0.9807,0,0
SPY190809P294,2019-08-08,2019-08-08 09:31:45,4.64,0.9914,120,4.49,0.9594,80,6.35,1.3568,10,4.565,0.9754,0,0
SPY190809P294,2019-08-08,2019-08-08 09:31:46,4.68,1.0,10,4.49,0.9594,125,6.35,1.3568,10,4.585,0.9797,0,0
SPY190809P294,2019-08-08,2019-08-08 09:31:46,4.6,0.9829,100,4.49,0.9594,38,6.35,1.3568,10,4.545,0.9711,0,0
SPY190809P294,2019-08-08,2019-08-08 09:31:47,4.6,0.9829,100,4.5,0.9615,5,6.35,1.3568,10,4.55,0.9722,0,0
SPY190809P294,2019-08-08,2019-08-08 09:31:47,4.64,0.9914,100,4.49,0.9594,100,6.35,1.3568,10,4.565,0.9754,0,0
SPY190809P294,2019-08-08,2019-08-08 09:31:48,4.64,0.9914,120,4.48,0.9572,100,6.35,1.3568,10,4.56,0.9743,0,0
SPY190809P294,2019-08-08,2019-08-08 09:31:48,4.66,0.9957,100,4.51,0.9636,100,6.35,1.3568,10,4.585,0.9797,0,0
SPY190809P294,2019-08-08,2019-08-08 09:31:49,4.65,0.9935,100,4.49,0.9594,100,6.35,1.3568,10,4.57,0.9764,0,0
SPY190809P294,2019-08-08,2019-08-08 09:31:50,4.64,0.9914,120,4.48,0.9572,100,6.35,1.3568,10,4.56,0.9743,0,0
SPY190809P294,2019-08-08,2019-08-08 09:31:50,4.64,0.9914,100,4.48,0.9572,100,6.35,1.3568,10,4.56,0.9743,0,0
SPY190809P294,2019-08-08,2019-08-08 09:31:51,4.67,0.9978,37,4.48,0.9572,100,6.35,1.3568,10,4.575,0.9775,0,0
SPY190809P294,2019-08-08,2019-08-08 09:31:51,4.62,0.9871,130,4.46,0.9529,100,6.35,1.3568,10,4.54,0.97,0,0
SPY190809P294,2019-08-08,2019-08-08 09:31:52,4.61,0.985,100,4.43,0.9465,110,6.35,1.3568,10,4.52,0.9658,0,0
SPY190809P294,2019-08-08,2019-08-08 09:31:52,4.61,0.985,5,4.45,0.9508,100,6.35,1.3568,10,4.53,0.9679,0,0
SPY190809P294,2019-08-08,2019-08-08 09:31:53,4.61,0.985,100,4.43,0.9465,100,6.35,1.3568,10,4.52,0.9658,0,0
SPY190809P294,2019-08-08,2019-08-08 09:31:53,4.62,0.9871,5,4.42,0.9444,5,6.35,1.3568,10,4.52,0.9658,0,0
SPY190809P294,2019-08-08,2019-08-08 09:31:54,4.62,0.9871,100,4.43,0.9465,100,6.35,1.3568,10,4.525,0.9668,0,0
SPY190809P294,2019-08-08,2019-08-08 09:31:54,4.59,0.9807,5,4.42,0.9444,5,6.35,1.3568,10,4.505,0.9626,0,0
SPY190809P294,2019-08-08,2019-08-08 09:31:55,4.62,0.9871,100,4.47,0.9551,100,6.35,1.3568,10,4.545,0.9711,0,0
SPY190809P294,2019-08-08,2019-08-08 09:31:55,4.63,0.9893,130,4.47,0.9551,100,6.35,1.3568,10,4.55,0.9722,0,0
SPY190809P294,2019-08-08,2019-08-08 09:31:56,4.62,0.9871,5,4.47,0.9551,100,6.35,1.3568,10,4.545,0.9711,0,0
SPY190809P294,2019-08-08,2019-08-08 09:31:56,4.61,0.985,5,4.47,0.9551,100,6.35,1.3568,10,4.54,0.97,0,0
SPY190809P294,2019-08-08,2019-08-08 09:31:57,4.61,0.985,5,4.42,0.9444,5,6.35,1.3568,10,4.515,0.9647,0,0
SPY190809P294,2019-08-08,2019-08-08 09:31:57,4.6,0.9829,100,4.44,0.9487,100,6.35,1.3568,10,4.52,0.9658,0,0
SPY190809P294,2019-08-08,2019-08-08 09:31:58,4.62,0.9871,5,4.4,0.9401,5,6.35,1.3568,10,4.51,0.9636,0,0
SPY190809P294,2019-08-08,2019-08-08 09:31:59,4.61,0.985,5,4.4,0.9401,5,6.35,1.3568,10,4.505,0.9626,0,0
SPY190809P294,2019-08-08,2019-08-08 09:32:00,4.58,0.9786,100,4.42,0.9444,100,6.35,1.3568,10,4.5,0.9615,0,0
SPY190809P294,2019-08-08,2019-08-08 09:32:00,4.58,0.9786,130,4.42,0.9444,5,6.35,1.3568,10,4.5,0.9615,0,0
SPY190809P294,2019-08-08,2019-08-08 09:32:01,4.57,0.9764,100,4.44,0.9487,100,6.35,1.3568,10,4.505,0.9626,0,0
SPY190809P294,2019-08-08,2019-08-08 09:32:01,4.56,0.9743,5,4.41,0.9423,39,6.35,1.3568,10,4.485,0.9583,0,0
SPY190809P294,2019-08-08,2019-08-08 09:32:02,4.58,0.9786,70,4.41,0.9423,39,6.35,1.3568,10,4.495,0.9604,0,0
SPY190809P294,2019-08-08,2019-08-08 09:32:03,4.59,0.9807,94,4.41,0.9423,160,6.35,1.3568,10,4.5,0.9615,0,0
SPY190809P294,2019-08-08,2019-08-08 09:32:03,4.63,0.9893,100,4.41,0.9423,201,6.35,1.3568,10,4.52,0.9658,0,0
SPY190809P294,2019-08-08,2019-08-08 09:32:04,4.63,0.9893,100,4.43,0.9465,60,6.35,1.3568,10,4.53,0.9679,0,0
SPY190809P294,2019-08-08,2019-08-08 09:32:04,4.63,0.9893,100,4.48,0.9572,100,6.35,1.3568,10,4.555,0.9732,0,0
SPY190809P294,2019-08-08,2019-08-08 09:32:05,4.61,0.985,5,4.5,0.9615,5,6.35,1.3568,10,4.555,0.9732,0,0
SPY190809P294,2019-08-08,2019-08-08 09:32:05,4.62,0.9871,5,4.49,0.9594,5,6.35,1.3568,10,4.555,0.9732,0,0
SPY190809P294,2019-08-08,2019-08-08 09:32:06,4.62,0.9871,100,4.48,0.9572,5,6.35,1.3568,10,4.55,0.9722,0,0
SPY190809P294,2019-08-08,2019-08-08 09:32:07,4.63,0.9893,100,4.49,0.9594,5,6.35,1.3568,10,4.56,0.9743,0,0
SPY190809P294,2019-08-08,2019-08-08 09:32:07,4.62,0.9871,100,4.45,0.9508,100,6.35,1.3568,10,4.535,0.969,0,0
SPY190809P294,2019-08-08,2019-08-08 09:32:08,4.6,0.9829,120,4.44,0.9487,100,6.35,1.3568,10,4.52,0.9658,0,0
SPY190809P294,2019-08-08,2019-08-08 09:32:08,4.59,0.9807,5,4.45,0.9508,5,6.35,1.3568,10,4.52,0.9658,0,0
SPY190809P294,2019-08-08,2019-08-08 09:32:09,4.6,0.9829,110,4.39,0.938,5,6.35,1.3568,10,4.495,0.9604,0,0
SPY190809P294,2019-08-08,2019-08-08 09:32:09,4.59,0.9807,5,4.42,0.9444,100,6.35,1.3568,10,4.505,0.9626,0,0
SPY190809P294,2019-08-08,2019-08-08 09:32:10,4.59,0.9807,5,4.45,0.9508,100,6.35,1.3568,10,4.52,0.9658,0,0
SPY190809P294,2019-08-08,2019-08-08 09:32:11,4.58,0.9786,10,4.43,0.9465,100,6.35,1.3568,10,4.505,0.9626,0,0
SPY190809P294,2019-08-08,2019-08-08 09:32:11,4.57,0.9764,5,4.39,0.938,50,6.35,1.3568,10,4.48,0.9572,0,0
SPY190809P294,2019-08-08,2019-08-08 09:32:12,4.56,0.9743,120,4.39,0.938,62,6.35,1.3568,10,4.475,0.9561,0,0
SPY190809P294,2019-08-08,2019-08-08 09:32:12,4.56,0.9743,5,4.39,0.938,62,6.35,1.3568,10,4.475,0.9561,0,0
SPY190809P294,2019-08-08,2019-08-08 09:32:13,4.56,0.9743,100,4.39,0.938,110,6.35,1.3568,10,4.475,0.9561,0,0
SPY190809P294,2019-08-08,2019-08-08 09:32:13,4.56,0.9743,107,4.39,0.938,110,6.35,1.3568,10,4.475,0.9561,0,0
SPY190809P294,2019-08-08,2019-08-08 09:32:14,4.56,0.9743,120,4.39,0.938,110,6.35,1.3568,10,4.475,0.9561,0,0
SPY190809P294,2019-08-08,2019-08-08 09:32:14,4.55,0.9722,7,4.36,0.9316,64,6.35,1.3568,10,4.455,0.9519,0,0
SPY190809P294,2019-08-08,2019-08-08 09:32:15,4.54,0.97,8,4.36,0.9316,60,6.35,1.3568,10,4.45,0.9508,0,0
SPY190809P294,2019-08-08,2019-08-08 09:32:15,4.54,0.97,5,4.36,0.9316,10,6.35,1.3568,10,4.45,0.9508,0,0
SPY190809P294,2019-08-08,2019-08-08 09:32:16,4.57,0.9764,100,4.35,0.9294,10,6.35,1.3568,10,4.46,0.9529,0,0
SPY190809P294,2019-08-08,2019-08-08 09:32:16,4.53,0.9679,5,4.35,0.9294,10,6.35,1.3568,10,4.44,0.9487,0,0
SPY190809P294,2019-08-08,2019-08-08 09:32:17,4.57,0.9764,160,4.35,0.9294,50,6.35,1.3568,10,4.46,0.9529,0,0
SPY190809P294,2019-08-08,2019-08-08 09:32:17,4.56,0.9743,44,4.35,0.9294,50,6.35,1.3568,10,4.455,0.9519,0,0
SPY190809P294,2019-08-08,2019-08-08 09:32:18,4.56,0.9743,8,4.35,0.9294,65,6.35,1.3568,10,4.455,0.9519,0,0
SPY190809P294,2019-08-08,2019-08-08 09:32:18,4.57,0.9764,5,4.35,0.9294,10,6.35,1.3568,10,4.46,0.9529,0,0
SPY190809P294,2019-08-08,2019-08-08 09:32:19,4.62,0.9871,50,4.41,0.9423,64,6.35,1.3568,10,4.515,0.9647,0,0
SPY190809P294,2019-08-08,2019-08-08 09:32:19,4.58,0.9786,20,4.41,0.9423,64,6.35,1.3568,10,4.495,0.9604,0,0
SPY190809P294,2019-08-08,2019-08-08 09:32:20,4.61,0.985,100,4.41,0.9423,10,6.35,1.3568,10,4.51,0.9636,0,0
SPY190809P294,2019-08-08,2019-08-08 09:32:20,4.62,0.9871,50,4.36,0.9316,21,6.35,1.3568,10,4.49,0.9594,0,0
SPY190809P294,2019-08-08,2019-08-08 09:32:21,4.6,0.9829,85,4.43,0.9465,63,6.35,1.3568,10,4.515,0.9647,0,0
SPY190809P294,2019-08-08,2019-08-08 09:32:21,4.6,0.9829,8,4.43,0.9465,64,6.35,1.3568,10,4.515,0.9647,0,0
SPY190809P294,2019-08-08,2019-08-08 09:32:22,4.6,0.9829,120,4.43,0.9465,63,6.35,1.3568,10,4.515,0.9647,0,0
SPY190809P294,2019-08-08,2019-08-08 09:32:22,4.62,0.9871,5,4.43,0.9465,50,6.35,1.3568,10,4.525,0.9668,0,0
SPY190809P294,2019-08-08,2019-08-08 09:32:23,4.61,0.985,47,4.45,0.9508,50,6.35,1.3568,10,4.53,0.9679,0,0
SPY190809P294,2019-08-08,2019-08-08 09:32:23,4.61,0.985,114,4.45,0.9508,50,6.35,1.3568,10,4.53,0.9679,0,0
SPY190809P294,2019-08-08,2019-08-08 09:32:24,4.62,0.9871,98,4.46,0.9529,50,6.35,1.3568,10,4.54,0.97,0,0
SPY190809P294,2019-08-08,2019-08-08 09:32:24,4.68,1.0,38,4.46,0.9529,10,6.35,1.3568,10,4.57,0.9764,0,0
SPY190809P294,2019-08-08,2019-08-08 09:32:25,4.64,0.9914,58,4.48,0.9572,50,6.35,1.3568,10,4.56,0.9743,0,0
SPY190809P294,2019-08-08,2019-08-08 09:32:25,4.64,0.9914,58,4.46,0.9529,50,6.35,1.3568,10,4.55,0.9722,0,0
SPY190809P294,2019-08-08,2019-08-08 09:32:26,4.63,0.9893,10,4.46,0.9529,10,6.35,1.3568,10,4.545,0.9711,0,0
SPY190809P294,2019-08-08,2019-08-08 09:32:26,4.61,0.985,5,4.46,0.9529,10,6.35,1.3568,10,4.535,0.969,0,0
SPY190809P294,2019-08-08,2019-08-08 09:32:27,4.67,0.9978,110,4.48,0.9572,62,6.35,1.3568,10,4.575,0.9775,0,0
SPY190809P294,2019-08-08,2019-08-08 09:32:27,4.67,0.9978,10,4.48,0.9572,50,6.35,1.3568,10,4.575,0.9775,0,0
SPY190809P294,2019-08-08,2019-08-08 09:32:28,4.67,0.9978,129,4.48,0.9572,62,6.35,1.3568,10,4.575,0.9775,0,0
SPY190809P294,2019-08-08,2019-08-08 09:32:28,4.66,0.9957,5,4.48,0.9572,50,6.35,1.3568,10,4.57,0.9764,0,0
SPY190809P294,2019-08-08,2019-08-08 09:32:29,4.7,1.0042,50,4.47,0.9551,10,6.35,1.3568,10,4.585,0.9797,0,0
SPY190809P294,2019-08-08,2019-08-08 09:32:29,4.69,1.0021,120,4.5,0.9615,50,6.35,1.3568,10,4.595,0.9818,0,0
SPY190809P294,2019-08-08,2019-08-08 09:32:30,4.68,1.0,20,4.48,0.9572,10,6.35,1.3568,10,4.58,0.9786,0,0
SPY190809P294,2019-08-08,2019-08-08 09:32:30,4.68,1.0,153,4.47,0.9551,50,6.35,1.3568,10,4.575,0.9775,0,0
SPY190809P294,2019-08-08,2019-08-08 09:32:31,4.73,1.0106,10,4.51,0.9636,50,6.35,1.3568,10,4.62,0.9871,0,0
SPY190809P294,2019-08-08,2019-08-08 09:32:31,4.68,1.0,28,4.51,0.9636,50,6.35,1.3568,10,4.595,0.9818,0,0
SPY190809P294,2019-08-08,2019-08-08 09:32:32,4.71,1.0064,100,4.51,0.9636,50,6.35,1.3568,10,4.61,0.985,0,0
SPY190809P294,2019-08-08,2019-08-08 09:32:33,4.75,1.0149,50,4.54,0.97,50,6.35,1.3568,10,4.645,0.9925,0,0
SPY190809P294,2019-08-08,2019-08-08 09:32:33,4.74,1.0128,66,4.54,0.97,50,6.35,1.3568,10,4.64,0.9914,0,0
SPY190809P294,2019-08-08,2019-08-08 09:32:34,4.73,1.0106,5,4.55,0.9722,10,6.35,1.3568,10,4.64,0.9914,0,0
SPY190809P294,2019-08-08,2019-08-08 09:32:34,4.74,1.0128,130,4.55,0.9722,10,6.35,1.3568,10,4.645,0.9925,0,0
SPY190809P294,2019-08-08,2019-08-08 09:32:35,4.74,1.0128,38,4.55,0.9722,10,6.35,1.3568,10,4.645,0.9925,0,0
SPY190809P294,2019-08-08,2019-08-08 09:32:35,4.77,1.0192,5,4.55,0.9722,10,6.35,1.3568,10,4.66,0.9957,0,0
SPY190809P294,2019-08-08,2019-08-08 09:32:36,4.72,1.0085,5,4.49,0.9594,11,6.35,1.3568,10,4.605,0.9839,0,0
SPY190809P294,2019-08-08,2019-08-08 09:32:36,4.71,1.0064,100,4.45,0.9508,50,6.35,1.3568,10,4.58,0.9786,0,0
SPY190809P294,2019-08-08,2019-08-08 09:32:37,4.69,1.0021,100,4.45,0.9508,50,6.35,1.3568,10,4.57,0.9764,0,0
SPY190809P294,2019-08-08,2019-08-08 09:32:37,4.71,1.0064,150,4.45,0.9508,50,6.35,1.3568,10,4.58,0.9786,0,0
SPY190809P294,2019-08-08,2019-08-08 09:32:38,4.68,1.0,5,4.44,0.9487,11,6.35,1.3568,10,4.56,0.9743,0,0
SPY190809P294,2019-08-08,2019-08-08 09:32:38,4.69,1.0021,150,4.44,0.9487,11,6.35,1.3568,10,4.565,0.9754,0,0
SPY190809P294,2019-08-08,2019-08-08 09:32:39,4.68,1.0,103,4.44,0.9487,11,6.35,1.3568,10,4.56,0.9743,0,0
SPY190809P294,2019-08-08,2019-08-08 09:32:39,4.68,1.0,20,4.42,0.9444,10,6.35,1.3568,10,4.55,0.9722,0,0
SPY190809P294,2019-08-08,2019-08-08 09:32:40,4.62,0.9871,100,4.39,0.938,11,6.35,1.3568,10,4.505,0.9626,0,0
SPY190809P294,2019-08-08,2019-08-08 09:32:40,4.64,0.9914,100,4.42,0.9444,10,6.35,1.3568,10,4.53,0.9679,0,0
SPY190809P294,2019-08-08,2019-08-08 09:32:41,4.62,0.9871,100,4.39,0.938,11,6.35,1.3568,10,4.505,0.9626,0,0
SPY190809P294,2019-08-08,2019-08-08 09:32:41,4.63,0.9893,100,4.36,0.9316,100,6.35,1.3568,10,4.495,0.9604,0,0
SPY190809P294,2019-08-08,2019-08-08 09:32:42,4.62,0.9871,100,4.4,0.9401,100,6.35,1.3568,10,4.51,0.9636,0,0
SPY190809P294,2019-08-08,2019-08-08 09:32:42,4.59,0.9807,110,4.4,0.9401,100,6.35,1.3568,10,4.495,0.9604,0,0
SPY190809P294,2019-08-08,2019-08-08 09:32:43,4.55,0.9722,171,4.4,0.9401,100,6.35,1.3568,10,4.475,0.9561,0,0
SPY190809P294,2019-08-08,2019-08-08 09:32:43,4.58,0.9786,100,4.42,0.9444,100,6.35,1.3568,10,4.5,0.9615,0,0
SPY190809P294,2019-08-08,2019-08-08 09:32:44,4.54,0.97,5,4.4,0.9401,100,6.35,1.3568,10,4.47,0.9551,0,0
SPY190809P294,2019-08-08,2019-08-08 09:32:44,4.54,0.97,5,4.33,0.9252,11,6.35,1.3568,10,4.435,0.9476,0,0
SPY190809P294,2019-08-08,2019-08-08 09:32:45,4.55,0.9722,60,4.33,0.9252,11,6.35,1.3568,10,4.44,0.9487,0,0
SPY190809P294,2019-08-08,2019-08-08 09:32:45,4.55,0.9722,100,4.44,0.9487,100,6.35,1.3568,10,4.495,0.9604,0,0
SPY190809P294,2019-08-08,2019-08-08 09:32:46,4.66,0.9957,5,4.46,0.9529,100,6.35,1.3568,10,4.56,0.9743,0,0
SPY190809P294,2019-08-08,2019-08-08 09:32:46,4.55,0.9722,100,4.44,0.9487,100,6.35,1.3568,10,4.495,0.9604,0,0
SPY190809P294,2019-08-08,2019-08-08 09:32:47,4.62,0.9871,10,4.42,0.9444,100,6.35,1.3568,10,4.52,0.9658,0,0
SPY190809P294,2019-08-08,2019-08-08 09:32:47,4.7,1.0042,5,4.4,0.9401,100,6.35,1.3568,10,4.55,0.9722,0,0
SPY190809P294,2019-08-08,2019-08-08 09:32:48,4.7,1.0042,102,4.4,0.9401,5,6.35,1.3568,10,4.55,0.9722,0,0
SPY190809P294,2019-08-08,2019-08-08 09:32:48,4.67,0.9978,10,4.44,0.9487,100,6.35,1.3568,10,4.555,0.9732,0,0
SPY190809P294,2019-08-08,2019-08-08 09:32:49,4.68,1.0,110,4.49,0.9594,100,6.35,1.3568,10,4.585,0.9797,0,0
SPY190809P294,2019-08-08,2019-08-08 09:32:49,4.68,1.0,100,4.45,0.9508,11,6.35,1.3568,10,4.565,0.9754,0,0
SPY190809P294,2019-08-08,2019-08-08 09:32:50,4.68,1.0,5,4.42,0.9444,50,6.35,1.3568,10,4.55,0.9722,0,0
SPY190809P294,2019-08-08,2019-08-08 09:32:50,4.67,0.9978,129,4.47,0.9551,100,6.35,1.3568,10,4.57,0.9764,0,0
SPY190809P294,2019-08-08,2019-08-08 09:32:51,4.67,0.9978,129,4.47,0.9551,100,6.35,1.3568,10,4.57,0.9764,0,0
SPY190809P294,2019-08-08,2019-08-08 09:32:51,4.65,0.9935,5,4.52,0.9658,100,6.35,1.3568,10,4.585,0.9797,0,0
SPY190809P294,2019-08-08,2019-08-08 09:32:52,4.65,0.9935,5,4.51,0.9636,5,6.35,1.3568,10,4.58,0.9786,0,0
SPY190809P294,2019-08-08,2019-08-08 09:32:52,4.64,0.9914,100,4.46,0.9529,100,6.35,1.3568,10,4.55,0.9722,0,0
SPY190809P294,2019-08-08,2019-08-08 09:32:53,4.64,0.9914,100,4.46,0.9529,100,6.35,1.3568,10,4.55,0.9722,0,0
SPY190809P294,2019-08-08,2019-08-08 09:32:53,4.61,0.985,100,4.46,0.9529,100,6.35,1.3568,10,4.535,0.969,0,0
SPY190809P294,2019-08-08,2019-08-08 09:32:54,4.62,0.9871,5,4.42,0.9444,5,6.35,1.3568,10,4.52,0.9658,0,0
SPY190809P294,2019-08-08,2019-08-08 09:32:54,4.61,0.985,5,4.34,0.9273,60,6.35,1.3568,10,4.475,0.9561,0,0
SPY190809P294,2019-08-08,2019-08-08 09:32:55,4.59,0.9807,144,4.47,0.9551,100,6.35,1.3568,10,4.53,0.9679,0,0
SPY190809P294,2019-08-08,2019-08-08 09:32:55,4.61,0.985,5,4.34,0.9273,60,6.35,1.3568,10,4.475,0.9561,0,0
SPY190809P294,2019-08-08,2019-08-08 09:32:56,4.61,0.985,100,4.48,0.9572,100,6.35,1.3568,10,4.545,0.9711,0,0
SPY190809P294,2019-08-08,2019-08-08 09:32:56,4.61,0.985,87,4.46,0.9529,100,6.35,1.3568,10,4.535,0.969,0,0
SPY190809P294,2019-08-08,2019-08-08 09:32:57,4.61,0.985,87,4.46,0.9529,100,6.35,1.3568,10,4.535,0.969,0,0
SPY190809P294,2019-08-08,2019-08-08 09:32:57,4.57,0.9764,100,4.41,0.9423,100,6.35,1.3568,10,4.49,0.9594,0,0
SPY190809P294,2019-08-08,2019-08-08 09:32:58,4.57,0.9764,50,4.41,0.9423,100,6.35,1.3568,10,4.49,0.9594,0,0
SPY190809P294,2019-08-08,2019-08-08 09:32:58,4.57,0.9764,150,4.41,0.9423,100,6.35,1.3568,10,4.49,0.9594,0,0
SPY190809P294,2019-08-08,2019-08-08 09:32:59,4.56,0.9743,167,4.37,0.9337,100,6.35,1.3568,10,4.465,0.954,0,0
SPY190809P294,2019-08-08,2019-08-08 09:32:59,4.56,0.9743,110,4.4,0.9401,100,6.35,1.3568,10,4.48,0.9572,0,0
SPY190809P294,2019-08-08,2019-08-08 09:33:00,4.55,0.9722,102,4.37,0.9337,100,6.35,1.3568,10,4.46,0.9529,0,0
SPY190809P294,2019-08-08,2019-08-08 09:33:01,4.65,0.9935,60,4.43,0.9465,100,6.35,1.3568,10,4.54,0.97,0,0
SPY190809P294,2019-08-08,2019-08-08 09:33:02,4.55,0.9722,100,4.44,0.9487,5,6.35,1.3568,10,4.495,0.9604,0,0
SPY190809P294,2019-08-08,2019-08-08 09:33:02,4.55,0.9722,5,4.37,0.9337,11,6.35,1.3568,10,4.46,0.9529,0,0
SPY190809P294,2019-08-08,2019-08-08 09:33:03,4.54,0.97,5,4.44,0.9487,5,6.35,1.3568,10,4.49,0.9594,0,0
SPY190809P294,2019-08-08,2019-08-08 09:33:04,4.54,0.97,100,4.42,0.9444,5,6.35,1.3568,10,4.48,0.9572,0,0
SPY190809P294,2019-08-08,2019-08-08 09:33:04,4.53,0.9679,5,4.35,0.9294,100,6.35,1.3568,10,4.44,0.9487,0,0
SPY190809P294,2019-08-08,2019-08-08 09:33:05,4.53,0.9679,5,4.35,0.9294,100,6.35,1.3568,10,4.44,0.9487,0,0
SPY190809P294,2019-08-08,2019-08-08 09:33:05,4.57,0.9764,100,4.35,0.9294,100,6.35,1.3568,10,4.46,0.9529,0,0
SPY190809P294,2019-08-08,2019-08-08 09:33:06,4.59,0.9807,160,4.35,0.9294,100,6.35,1.3568,10,4.47,0.9551,0,0
SPY190809P294,2019-08-08,2019-08-08 09:33:06,4.57,0.9764,11,4.32,0.923,5,6.35,1.3568,10,4.445,0.9497,0,0
SPY190809P294,2019-08-08,2019-08-08 09:33:07,4.49,0.9594,100,4.36,0.9316,5,6.35,1.3568,10,4.425,0.9455,0,0
SPY190809P294,2019-08-08,2019-08-08 09:33:07,4.49,0.9594,100,4.34,0.9273,100,6.35,1.3568,10,4.415,0.9433,0,0
SPY190809P294,2019-08-08,2019-08-08 09:33:08,4.47,0.9551,120,4.28,0.9145,100,6.35,1.3568,10,4.375,0.9348,0,0
SPY190809P294,2019-08-08,2019-08-08 09:33:08,4.46,0.9529,5,4.28,0.9145,100,6.35,1.3568,10,4.37,0.9337,0,0
SPY190809P294,2019-08-08,2019-08-08 09:33:09,4.46,0.9529,5,4.28,0.9145,100,6.35,1.3568,10,4.37,0.9337,0,0
SPY190809P294,2019-08-08,2019-08-08 09:33:10,4.46,0.9529,5,4.24,0.9059,100,6.35,1.3568,10,4.35,0.9294,0,0
SPY190809P294,2019-08-08,2019-08-08 09:33:10,4.46,0.9529,101,4.28,0.9145,100,6.35,1.3568,10,4.37,0.9337,0,0
SPY190809P294,2019-08-08,2019-08-08 09:33:11,4.49,0.9594,100,4.34,0.9273,100,6.35,1.3568,10,4.415,0.9433,0,0
SPY190809P294,2019-08-08,2019-08-08 09:33:12,4.48,0.9572,5,4.35,0.9294,5,6.35,1.3568,10,4.415,0.9433,0,0
SPY190809P294,2019-08-08,2019-08-08 09:33:12,4.48,0.9572,100,4.35,0.9294,100,6.35,1.3568,10,4.415,0.9433,0,0
SPY190809P294,2019-08-08,2019-08-08 09:33:13,4.47,0.9551,5,4.35,0.9294,5,6.35,1.3568,10,4.41,0.9423,0,0
SPY190809P294,2019-08-08,2019-08-08 09:33:13,4.52,0.9658,110,4.29,0.9166,100,6.35,1.3568,10,4.405,0.9412,0,0
SPY190809P294,2019-08-08,2019-08-08 09:33:14,4.47,0.9551,100,4.28,0.9145,100,6.35,1.3568,10,4.375,0.9348,0,0
SPY190809P294,2019-08-08,2019-08-08 09:33:14,4.48,0.9572,100,4.29,0.9166,100,6.35,1.3568,10,4.385,0.9369,0,0
SPY190809P294,2019-08-08,2019-08-08 09:33:15,4.44,0.9487,7,4.26,0.9102,100,6.35,1.3568,10,4.35,0.9294,0,0
SPY190809P294,2019-08-08,2019-08-08 09:33:15,4.45,0.9508,145,4.25,0.9081,100,6.35,1.3568,10,4.35,0.9294,0,0
SPY190809P294,2019-08-08,2019-08-08 09:33:16,4.44,0.9487,7,4.26,0.9102,100,6.35,1.3568,10,4.35,0.9294,0,0
SPY190809P294,2019-08-08,2019-08-08 09:33:17,4.44,0.9487,120,4.29,0.9166,1,6.35,1.3568,10,4.365,0.9326,0,0
SPY190809P294,2019-08-08,2019-08-08 09:33:17,4.43,0.9465,8,4.29,0.9166,1,6.35,1.3568,10,4.36,0.9316,0,0
SPY190809P294,2019-08-08,2019-08-08 09:33:18,4.43,0.9465,121,4.3,0.9188,100,6.35,1.3568,10,4.365,0.9326,0,0
SPY190809P294,2019-08-08,2019-08-08 09:33:18,4.42,0.9444,5,4.29,0.9166,100,6.35,1.3568,10,4.355,0.9305,0,0
SPY190809P294,2019-08-08,2019-08-08 09:33:19,4.45,0.9508,100,4.29,0.9166,100,6.35,1.3568,10,4.37,0.9337,0,0
SPY190809P294,2019-08-08,2019-08-08 09:33:19,4.49,0.9594,100,4.29,0.9166,100,6.35,1.3568,10,4.39,0.938,0,0
SPY190809P294,2019-08-08,2019-08-08 09:33:20,4.43,0.9465,5,4.29,0.9166,100,6.35,1.3568,10,4.36,0.9316,0,0
SPY190809P294,2019-08-08,2019-08-08 09:33:20,4.44,0.9487,146,4.29,0.9166,100,6.35,1.3568,10,4.365,0.9326,0,0
SPY190809P294,2019-08-08,2019-08-08 09:33:21,4.44,0.9487,5,4.29,0.9166,100,6.35,1.3568,10,4.365,0.9326,0,0
SPY190809P294,2019-08-08,2019-08-08 09:33:21,4.45,0.9508,120,4.3,0.9188,100,6.35,1.3568,10,4.375,0.9348,0,0
SPY190809P294,2019-08-08,2019-08-08 09:33:22,4.49,0.9594,100,4.3,0.9188,100,6.35,1.3568,10,4.395,0.9391,0,0
SPY190809P294,2019-08-08,2019-08-08 09:33:23,4.45,0.9508,100,4.3,0.9188,100,6.35,1.3568,10,4.375,0.9348,0,0
SPY190809P294,2019-08-08,2019-08-08 09:33:24,4.45,0.9508,146,4.3,0.9188,100,6.35,1.3568,10,4.375,0.9348,0,0
SPY190809P294,2019-08-08,2019-08-08 09:33:24,4.45,0.9508,146,4.29,0.9166,100,6.35,1.3568,10,4.37,0.9337,0,0
SPY190809P294,2019-08-08,2019-08-08 09:33:25,4.44,0.9487,100,4.29,0.9166,100,6.35,1.3568,10,4.365,0.9326,0,0
SPY190809P294,2019-08-08,2019-08-08 09:33:25,4.44,0.9487,151,4.29,0.9166,100,6.35,1.3568,10,4.365,0.9326,0,0
SPY190809P294,2019-08-08,2019-08-08 09:33:26,4.42,0.9444,5,4.29,0.9166,100,6.35,1.3568,10,4.355,0.9305,0,0
SPY190809P294,2019-08-08,2019-08-08 09:33:26,4.43,0.9465,100,4.29,0.9166,100,6.35,1.3568,10,4.36,0.9316,0,0
SPY190809P294,2019-08-08,2019-08-08 09:33:27,4.42,0.9444,5,4.29,0.9166,100,6.35,1.3568,10,4.355,0.9305,0,0
SPY190809P294,2019-08-08,2019-08-08 09:33:27,4.42,0.9444,101,4.29,0.9166,100,6.35,1.3568,10,4.355,0.9305,0,0
SPY190809P294,2019-08-08,2019-08-08 09:33:28,4.41,0.9423,5,4.29,0.9166,100,6.35,1.3568,10,4.35,0.9294,0,0
SPY190809P294,2019-08-08,2019-08-08 09:33:29,4.44,0.9487,106,4.29,0.9166,100,6.35,1.3568,10,4.365,0.9326,0,0
SPY190809P294,2019-08-08,2019-08-08 09:33:29,4.44,0.9487,158,4.29,0.9166,100,6.35,1.3568,10,4.365,0.9326,0,0
SPY190809P294,2019-08-08,2019-08-08 09:33:30,4.48,0.9572,100,4.33,0.9252,100,6.35,1.3568,10,4.405,0.9412,0,0
SPY190809P294,2019-08-08,2019-08-08 09:33:30,4.43,0.9465,5,4.29,0.9166,100,6.35,1.3568,10,4.36,0.9316,0,0
SPY190809P294,2019-08-08,2019-08-08 09:33:31,4.44,0.9487,58,4.32,0.923,100,6.35,1.3568,10,4.38,0.9358,0,0
SPY190809P294,2019-08-08,2019-08-08 09:33:31,4.44,0.9487,58,4.33,0.9252,100,6.35,1.3568,10,4.385,0.9369,0,0
SPY190809P294,2019-08-08,2019-08-08 09:33:32,4.44,0.9487,91,4.33,0.9252,100,6.35,1.3568,10,4.385,0.9369,0,0
SPY190809P294,2019-08-08,2019-08-08 09:33:32,4.44,0.9487,91,4.29,0.9166,100,6.35,1.3568,10,4.365,0.9326,0,0
SPY190809P294,2019-08-08,2019-08-08 09:33:33,4.44,0.9487,111,4.33,0.9252,100,6.35,1.3568,10,4.385,0.9369,0,0
SPY190809P294,2019-08-08,2019-08-08 09:33:34,4.44,0.9487,111,4.33,0.9252,100,6.35,1.3568,10,4.385,0.9369,0,0
SPY190809P294,2019-08-08,2019-08-08 09:33:34,4.47,0.9551,5,4.34,0.9273,5,6.35,1.3568,10,4.405,0.9412,0,0
SPY190809P294,2019-08-08,2019-08-08 09:33:35,4.5,0.9615,120,4.31,0.9209,100,6.35,1.3568,10,4.405,0.9412,0,0
SPY190809P294,2019-08-08,2019-08-08 09:33:35,4.47,0.9551,5,4.29,0.9166,1,6.35,1.3568,10,4.38,0.9358,0,0
SPY190809P294,2019-08-08,2019-08-08 09:33:36,4.45,0.9508,58,4.29,0.9166,100,6.35,1.3568,10,4.37,0.9337,0,0
SPY190809P294,2019-08-08,2019-08-08 09:33:36,4.47,0.9551,100,4.31,0.9209,100,6.35,1.3568,10,4.39,0.938,0,0
SPY190809P294,2019-08-08,2019-08-08 09:33:37,4.49,0.9594,100,4.31,0.9209,100,6.35,1.3568,10,4.4,0.9401,0,0
SPY190809P294,2019-08-08,2019-08-08 09:33:37,4.45,0.9508,5,4.31,0.9209,100,6.35,1.3568,10,4.38,0.9358,0,0
SPY190809P294,2019-08-08,2019-08-08 09:33:38,4.49,0.9594,24,4.29,0.9166,1,6.35,1.3568,10,4.39,0.938,0,0
SPY190809P294,2019-08-08,2019-08-08 09:33:38,4.47,0.9551,100,4.31,0.9209,100,6.35,1.3568,10,4.39,0.938,0,0
SPY190809P294,2019-08-08,2019-08-08 09:33:39,4.53,0.9679,100,4.33,0.9252,100,6.35,1.3568,10,4.43,0.9465,0,0
SPY190809P294,2019-08-08,2019-08-08 09:33:39,4.53,0.9679,10,4.29,0.9166,100,6.35,1.3568,10,4.41,0.9423,0,0
SPY190809P294,2019-08-08,2019-08-08 09:33:40,4.49,0.9594,100,4.33,0.9252,100,6.35,1.3568,10,4.41,0.9423,0,0
SPY190809P294,2019-08-08,2019-08-08 09:33:40,4.53,0.9679,100,4.33,0.9252,100,6.35,1.3568,10,4.43,0.9465,0,0
SPY190809P294,2019-08-08,2019-08-08 09:33:41,4.47,0.9551,5,4.33,0.9252,100,6.35,1.3568,10,4.4,0.9401,0,0
SPY190809P294,2019-08-08,2019-08-08 09:33:41,4.48,0.9572,120,4.32,0.923,100,6.35,1.3568,10,4.4,0.9401,0,0
SPY190809P294,2019-08-08,2019-08-08 09:33:42,4.46,0.9529,100,4.31,0.9209,100,6.35,1.3568,10,4.385,0.9369,0,0
SPY190809P294,2019-08-08,2019-08-08 09:33:42,4.52,0.9658,100,4.33,0.9252,100,6.35,1.3568,10,4.425,0.9455,0,0
SPY190809P294,2019-08-08,2019-08-08 09:33:43,4.45,0.9508,5,4.31,0.9209,100,6.35,1.3568,10,4.38,0.9358,0,0
SPY190809P294,2019-08-08,2019-08-08 09:33:43,4.46,0.9529,110,4.31,0.9209,100,6.35,1.3568,10,4.385,0.9369,0,0
SPY190809P294,2019-08-08,2019-08-08 09:33:44,4.45,0.9508,10,4.32,0.923,100,6.35,1.3568,10,4.385,0.9369,0,0
SPY190809P294,2019-08-08,2019-08-08 09:33:44,4.52,0.9658,100,4.33,0.9252,100,6.35,1.3568,10,4.425,0.9455,0,0
SPY190809P294,2019-08-08,2019-08-08 09:33:45,4.44,0.9487,100,4.29,0.9166,100,6.35,1.3568,10,4.365,0.9326,0,0
SPY190809P294,2019-08-08,2019-08-08 09:33:45,4.51,0.9636,100,4.3,0.9188,100,6.35,1.3568,10,4.405,0.9412,0,0
SPY190809P294,2019-08-08,2019-08-08 09:33:46,4.45,0.9508,100,4.29,0.9166,6,6.35,1.3568,10,4.37,0.9337,0,0
SPY190809P294,2019-08-08,2019-08-08 09:33:46,4.43,0.9465,5,4.29,0.9166,1,6.35,1.3568,10,4.36,0.9316,0,0
SPY190809P294,2019-08-08,2019-08-08 09:33:47,4.43,0.9465,5,4.29,0.9166,100,6.35,1.3568,10,4.36,0.9316,0,0
SPY190809P294,2019-08-08,2019-08-08 09:33:47,4.48,0.9572,120,4.29,0.9166,1,6.35,1.3568,10,4.385,0.9369,0,0
SPY190809P294,2019-08-08,2019-08-08 09:33:49,4.48,0.9572,100,4.31,0.9209,100,6.35,1.3568,10,4.395,0.9391,0,0
SPY190809P294,2019-08-08,2019-08-08 09:33:49,4.44,0.9487,100,4.29,0.9166,100,6.35,1.3568,10,4.365,0.9326,0,0
SPY190809P294,2019-08-08,2019-08-08 09:33:50,4.5,0.9615,100,4.29,0.9166,100,6.35,1.3568,10,4.395,0.9391,0,0
SPY190809P294,2019-08-08,2019-08-08 09:33:50,4.45,0.9508,100,4.31,0.9209,100,6.35,1.3568,10,4.38,0.9358,0,0
SPY190809P294,2019-08-08,2019-08-08 09:33:51,4.43,0.9465,5,4.32,0.923,100,6.35,1.3568,10,4.375,0.9348,0,0
SPY190809P294,2019-08-08,2019-08-08 09:33:51,4.44,0.9487,120,4.32,0.923,100,6.35,1.3568,10,4.38,0.9358,0,0
SPY190809P294,2019-08-08,2019-08-08 09:33:52,4.43,0.9465,5,4.33,0.9252,5,6.35,1.3568,10,4.38,0.9358,0,0
SPY190809P294,2019-08-08,2019-08-08 09:33:52,4.43,0.9465,6,4.29,0.9166,1,6.35,1.3568,10,4.36,0.9316,0,0
SPY190809P294,2019-08-08,2019-08-08 09:33:53,4.43,0.9465,100,4.29,0.9166,100,6.35,1.3568,10,4.36,0.9316,0,0
SPY190809P294,2019-08-08,2019-08-08 09:33:53,4.43,0.9465,100,4.29,0.9166,6,6.35,1.3568,10,4.36,0.9316,0,0
SPY190809P294,2019-08-08,2019-08-08 09:33:54,4.43,0.9465,102,4.29,0.9166,100,6.35,1.3568,10,4.36,0.9316,0,0
SPY190809P294,2019-08-08,2019-08-08 09:33:55,4.42,0.9444,120,4.29,0.9166,100,6.35,1.3568,10,4.355,0.9305,0,0
SPY190809P294,2019-08-08,2019-08-08 09:33:55,4.42,0.9444,103,4.29,0.9166,100,6.35,1.3568,10,4.355,0.9305,0,0
SPY190809P294,2019-08-08,2019-08-08 09:33:56,4.41,0.9423,103,4.29,0.9166,100,6.35,1.3568,10,4.35,0.9294,0,0
SPY190809P294,2019-08-08,2019-08-08 09:33:56,4.41,0.9423,100,4.29,0.9166,100,6.35,1.3568,10,4.35,0.9294,0,0
SPY190809P294,2019-08-08,2019-08-08 09:33:57,4.43,0.9465,154,4.29,0.9166,100,6.35,1.3568,10,4.36,0.9316,0,0
SPY190809P294,2019-08-08,2019-08-08 09:33:58,4.42,0.9444,8,4.29,0.9166,6,6.35,1.3568,10,4.355,0.9305,0,0
SPY190809P294,2019-08-08,2019-08-08 09:33:58,4.42,0.9444,100,4.29,0.9166,100,6.35,1.3568,10,4.355,0.9305,0,0
SPY190809P294,2019-08-08,2019-08-08 09:33:59,4.42,0.9444,122,4.29,0.9166,100,6.35,1.3568,10,4.355,0.9305,0,0
SPY190809P294,2019-08-08,2019-08-08 09:33:59,4.41,0.9423,10,4.29,0.9166,100,6.35,1.3568,10,4.35,0.9294,0,0
SPY190809P294,2019-08-08,2019-08-08 09:34:00,4.47,0.9551,100,4.29,0.9166,100,6.35,1.3568,10,4.38,0.9358,0,0
SPY190809P294,2019-08-08,2019-08-08 09:34:01,4.46,0.9529,130,4.31,0.9209,100,6.35,1.3568,10,4.385,0.9369,0,0
SPY190809P294,2019-08-08,2019-08-08 09:34:01,4.46,0.9529,130,4.29,0.9166,100,6.35,1.3568,10,4.375,0.9348,0,0
SPY190809P294,2019-08-08,2019-08-08 09:34:02,4.45,0.9508,5,4.29,0.9166,100,6.35,1.3568,10,4.37,0.9337,0,0
SPY190809P294,2019-08-08,2019-08-08 09:34:02,4.44,0.9487,100,4.29,0.9166,100,6.35,1.3568,10,4.365,0.9326,0,0
SPY190809P294,2019-08-08,2019-08-08 09:34:03,4.44,0.9487,100,4.31,0.9209,5,6.35,1.3568,10,4.375,0.9348,0,0
SPY190809P294,2019-08-08,2019-08-08 09:34:03,4.45,0.9508,100,4.3,0.9188,100,6.35,1.3568,10,4.375,0.9348,0,0
SPY190809P294,2019-08-08,2019-08-08 09:34:04,4.49,0.9594,100,4.3,0.9188,100,4.38,0.9358,1,4.395,0.9391,1,1
SPY190809P294,2019-08-08,2019-08-08 09:34:04,4.49,0.9594,130,4.31,0.9209,100,4.38,0.9358,1,4.4,0.9401,1,0
SPY190809P294,2019-08-08,2019-08-08 09:34:05,4.48,0.9572,5,4.29,0.9166,100,4.38,0.9358,1,4.385,0.9369,1,0
SPY190809P294,2019-08-08,2019-08-08 09:34:05,4.47,0.9551,100,4.31,0.9209,100,4.38,0.9358,1,4.39,0.938,1,0
SPY190809P294,2019-08-08,2019-08-08 09:34:06,4.48,0.9572,5,4.33,0.9252,100,4.38,0.9358,1,4.405,0.9412,1,0
SPY190809P294,2019-08-08,2019-08-08 09:34:06,4.52,0.9658,100,4.33,0.9252,100,4.38,0.9358,1,4.425,0.9455,1,0
SPY190809P294,2019-08-08,2019-08-08 09:34:07,4.52,0.9658,100,4.33,0.9252,100,4.38,0.9358,1,4.425,0.9455,1,0
SPY190809P294,2019-08-08,2019-08-08 09:34:08,4.48,0.9572,100,4.33,0.9252,100,4.38,0.9358,1,4.405,0.9412,1,0
SPY190809P294,2019-08-08,2019-08-08 09:34:08,4.46,0.9529,120,4.3,0.9188,100,4.38,0.9358,1,4.38,0.9358,1,0
SPY190809P294,2019-08-08,2019-08-08 09:34:09,4.45,0.9508,100,4.29,0.9166,100,4.38,0.9358,1,4.37,0.9337,1,0
SPY190809P294,2019-08-08,2019-08-08 09:34:09,4.44,0.9487,120,4.29,0.9166,6,4.38,0.9358,1,4.365,0.9326,1,0
SPY190809P294,2019-08-08,2019-08-08 09:34:10,4.51,0.9636,100,4.29,0.9166,6,4.38,0.9358,1,4.4,0.9401,1,0
SPY190809P294,2019-08-08,2019-08-08 09:34:10,4.47,0.9551,100,4.29,0.9166,6,4.38,0.9358,1,4.38,0.9358,1,0
SPY190809P294,2019-08-08,2019-08-08 09:34:11,4.44,0.9487,100,4.29,0.9166,6,4.38,0.9358,1,4.365,0.9326,1,0
SPY190809P294,2019-08-08,2019-08-08 09:34:11,4.42,0.9444,100,4.29,0.9166,100,4.38,0.9358,1,4.355,0.9305,1,0
SPY190809P294,2019-08-08,2019-08-08 09:34:12,4.52,0.9658,50,4.29,0.9166,100,4.38,0.9358,1,4.405,0.9412,1,0
SPY190809P294,2019-08-08,2019-08-08 09:34:13,4.42,0.9444,100,4.29,0.9166,1,4.38,0.9358,1,4.355,0.9305,1,0
SPY190809P294,2019-08-08,2019-08-08 09:34:13,4.42,0.9444,100,4.29,0.9166,6,4.38,0.9358,1,4.355,0.9305,1,0
SPY190809P294,2019-08-08,2019-08-08 09:34:14,4.44,0.9487,130,4.29,0.9166,100,4.38,0.9358,1,4.365,0.9326,1,0
SPY190809P294,2019-08-08,2019-08-08 09:34:15,4.5,0.9615,10,4.29,0.9166,100,4.38,0.9358,1,4.395,0.9391,1,0
SPY190809P294,2019-08-08,2019-08-08 09:34:15,4.49,0.9594,100,4.29,0.9166,6,4.38,0.9358,1,4.39,0.938,1,0
SPY190809P294,2019-08-08,2019-08-08 09:34:16,4.49,0.9594,100,4.29,0.9166,100,4.38,0.9358,1,4.39,0.938,1,0
SPY190809P294,2019-08-08,2019-08-08 09:34:16,4.47,0.9551,130,4.3,0.9188,100,4.38,0.9358,1,4.385,0.9369,1,0
SPY190809P294,2019-08-08,2019-08-08 09:34:17,4.45,0.9508,20,4.29,0.9166,1,4.38,0.9358,1,4.37,0.9337,1,0
SPY190809P294,2019-08-08,2019-08-08 09:34:17,4.45,0.9508,120,4.3,0.9188,100,4.38,0.9358,1,4.375,0.9348,1,0
SPY190809P294,2019-08-08,2019-08-08 09:34:18,4.45,0.9508,100,4.29,0.9166,100,4.38,0.9358,1,4.37,0.9337,1,0
SPY190809P294,2019-08-08,2019-08-08 09:34:18,4.51,0.9636,100,4.32,0.923,100,4.38,0.9358,1,4.415,0.9433,1,0
SPY190809P294,2019-08-08,2019-08-08 09:34:19,4.55,0.9722,160,4.29,0.9166,6,4.38,0.9358,1,4.42,0.9444,1,0
SPY190809P294,2019-08-08,2019-08-08 09:34:19,4.58,0.9786,3,4.29,0.9166,1,4.38,0.9358,1,4.435,0.9476,1,0
SPY190809P294,2019-08-08,2019-08-08 09:34:20,4.46,0.9529,120,4.29,0.9166,1,4.38,0.9358,1,4.375,0.9348,1,0
SPY190809P294,2019-08-08,2019-08-08 09:34:21,4.49,0.9594,100,4.32,0.923,100,4.38,0.9358,1,4.405,0.9412,1,0
SPY190809P294,2019-08-08,2019-08-08 09:34:21,4.49,0.9594,130,4.33,0.9252,100,4.38,0.9358,1,4.41,0.9423,1,0
SPY190809P294,2019-08-08,2019-08-08 09:34:22,4.46,0.9529,5,4.32,0.923,100,4.38,0.9358,1,4.39,0.938,1,0
SPY190809P294,2019-08-08,2019-08-08 09:34:22,4.48,0.9572,100,4.32,0.923,100,4.38,0.9358,1,4.4,0.9401,1,0
SPY190809P294,2019-08-08,2019-08-08 09:34:23,4.51,0.9636,130,4.31,0.9209,100,4.38,0.9358,1,4.41,0.9423,1,0
SPY190809P294,2019-08-08,2019-08-08 09:34:23,4.53,0.9679,10,4.32,0.923,100,4.38,0.9358,1,4.425,0.9455,1,0
SPY190809P294,2019-08-08,2019-08-08 09:34:24,4.46,0.9529,110,4.31,0.9209,100,4.38,0.9358,1,4.385,0.9369,1,0
SPY190809P294,2019-08-08,2019-08-08 09:34:24,4.46,0.9529,100,4.31,0.9209,100,4.38,0.9358,1,4.385,0.9369,1,0
SPY190809P294,2019-08-08,2019-08-08 09:34:25,4.46,0.9529,130,4.31,0.9209,100,4.38,0.9358,1,4.385,0.9369,1,0
SPY190809P294,2019-08-08,2019-08-08 09:34:25,4.45,0.9508,5,4.3,0.9188,100,4.38,0.9358,1,4.375,0.9348,1,0
SPY190809P294,2019-08-08,2019-08-08 09:34:26,4.46,0.9529,130,4.3,0.9188,100,4.38,0.9358,1,4.38,0.9358,1,0
SPY190809P294,2019-08-08,2019-08-08 09:34:27,4.52,0.9658,5,4.29,0.9166,100,4.38,0.9358,1,4.405,0.9412,1,0
SPY190809P294,2019-08-08,2019-08-08 09:34:27,4.45,0.9508,100,4.3,0.9188,100,4.38,0.9358,1,4.375,0.9348,1,0
SPY190809P294,2019-08-08,2019-08-08 09:34:28,4.46,0.9529,130,4.3,0.9188,100,4.38,0.9358,1,4.38,0.9358,1,0
SPY190809P294,2019-08-08,2019-08-08 09:34:29,4.45,0.9508,5,4.29,0.9166,100,4.38,0.9358,1,4.37,0.9337,1,0
SPY190809P294,2019-08-08,2019-08-08 09:34:29,4.53,0.9679,100,4.29,0.9166,100,4.38,0.9358,1,4.41,0.9423,1,0
SPY190809P294,2019-08-08,2019-08-08 09:34:30,4.53,0.9679,38,4.33,0.9252,100,4.38,0.9358,1,4.43,0.9465,1,0
SPY190809P294,2019-08-08,2019-08-08 09:34:30,4.56,0.9743,10,4.33,0.9252,100,4.38,0.9358,1,4.445,0.9497,1,0
SPY190809P294,2019-08-08,2019-08-08 09:34:31,4.48,0.9572,100,4.32,0.923,100,4.38,0.9358,1,4.4,0.9401,1,0
SPY190809P294,2019-08-08,2019-08-08 09:34:31,4.52,0.9658,120,4.33,0.9252,100,4.38,0.9358,1,4.425,0.9455,1,0
SPY190809P294,2019-08-08,2019-08-08 09:34:32,4.52,0.9658,100,4.3,0.9188,100,4.38,0.9358,1,4.41,0.9423,1,0
SPY190809P294,2019-08-08,2019-08-08 09:34:32,4.52,0.9658,100,4.32,0.923,100,4.38,0.9358,1,4.42,0.9444,1,0
SPY190809P294,2019-08-08,2019-08-08 09:34:33,4.45,0.9508,120,4.3,0.9188,100,4.38,0.9358,1,4.375,0.9348,1,0
SPY190809P294,2019-08-08,2019-08-08 09:34:33,4.44,0.9487,100,4.29,0.9166,6,4.38,0.9358,1,4.365,0.9326,1,0
SPY190809P294,2019-08-08,2019-08-08 09:34:34,4.45,0.9508,120,4.29,0.9166,100,4.38,0.9358,1,4.37,0.9337,1,0
SPY190809P294,2019-08-08,2019-08-08 09:34:34,4.45,0.9508,120,4.3,0.9188,100,4.38,0.9358,1,4.375,0.9348,1,0
SPY190809P294,2019-08-08,2019-08-08 09:34:35,4.45,0.9508,110,4.3,0.9188,100,4.38,0.9358,1,4.375,0.9348,1,0
SPY190809P294,2019-08-08,2019-08-08 09:34:35,4.44,0.9487,5,4.3,0.9188,100,4.38,0.9358,1,4.37,0.9337,1,0
SPY190809P294,2019-08-08,2019-08-08 09:34:36,4.44,0.9487,5,4.3,0.9188,100,4.38,0.9358,1,4.37,0.9337,1,0
SPY190809P294,2019-08-08,2019-08-08 09:34:36,4.45,0.9508,100,4.32,0.923,100,4.38,0.9358,1,4.385,0.9369,1,0
SPY190809P294,2019-08-08,2019-08-08 09:34:37,4.45,0.9508,130,4.29,0.9166,100,4.38,0.9358,1,4.37,0.9337,1,0
SPY190809P294,2019-08-08,2019-08-08 09:34:37,4.44,0.9487,5,4.29,0.9166,100,4.38,0.9358,1,4.365,0.9326,1,0
SPY190809P294,2019-08-08,2019-08-08 09:34:38,4.44,0.9487,100,4.3,0.9188,5,4.38,0.9358,1,4.37,0.9337,1,0
SPY190809P294,2019-08-08,2019-08-08 09:34:38,4.44,0.9487,5,4.3,0.9188,5,4.38,0.9358,1,4.37,0.9337,1,0
SPY190809P294,2019-08-08,2019-08-08 09:34:39,4.43,0.9465,130,4.3,0.9188,5,4.38,0.9358,1,4.365,0.9326,1,0
SPY190809P294,2019-08-08,2019-08-08 09:34:39,4.43,0.9465,100,4.29,0.9166,100,4.38,0.9358,1,4.36,0.9316,1,0
SPY190809P294,2019-08-08,2019-08-08 09:34:40,4.54,0.97,1,4.3,0.9188,5,4.38,0.9358,1,4.42,0.9444,1,0
SPY190809P294,2019-08-08,2019-08-08 09:34:40,4.43,0.9465,110,4.29,0.9166,110,4.38,0.9358,1,4.36,0.9316,1,0
SPY190809P294,2019-08-08,2019-08-08 09:34:41,4.5,0.9615,107,4.32,0.923,100,4.38,0.9358,1,4.41,0.9423,1,0
SPY190809P294,2019-08-08,2019-08-08 09:34:41,4.54,0.97,1,4.31,0.9209,100,4.38,0.9358,1,4.425,0.9455,1,0
SPY190809P294,2019-08-08,2019-08-08 09:34:42,4.49,0.9594,100,4.34,0.9273,100,4.38,0.9358,1,4.415,0.9433,1,0
SPY190809P294,2019-08-08,2019-08-08 09:34:43,4.49,0.9594,5,4.35,0.9294,5,4.38,0.9358,1,4.42,0.9444,1,0
SPY190809P294,2019-08-08,2019-08-08 09:34:44,4.49,0.9594,5,4.35,0.9294,5,4.38,0.9358,1,4.42,0.9444,1,0
SPY190809P294,2019-08-08,2019-08-08 09:34:44,4.48,0.9572,100,4.29,0.9166,1,4.38,0.9358,1,4.385,0.9369,1,0
SPY190809P294,2019-08-08,2019-08-08 09:34:45,4.46,0.9529,100,4.29,0.9166,1,4.38,0.9358,1,4.375,0.9348,1,0
SPY190809P294,2019-08-08,2019-08-08 09:34:45,4.45,0.9508,130,4.29,0.9166,1,4.38,0.9358,1,4.37,0.9337,1,0
SPY190809P294,2019-08-08,2019-08-08 09:34:46,4.44,0.9487,5,4.34,0.9273,5,4.38,0.9358,1,4.39,0.938,1,0
SPY190809P294,2019-08-08,2019-08-08 09:34:46,4.5,0.9615,10,4.29,0.9166,1,4.38,0.9358,1,4.395,0.9391,1,0
SPY190809P294,2019-08-08,2019-08-08 09:34:47,4.45,0.9508,120,4.34,0.9273,5,4.38,0.9358,1,4.395,0.9391,1,0
SPY190809P294,2019-08-08,2019-08-08 09:34:47,4.44,0.9487,5,4.34,0.9273,5,4.38,0.9358,1,4.39,0.938,1,0
SPY190809P294,2019-08-08,2019-08-08 09:34:48,4.48,0.9572,100,4.34,0.9273,100,4.38,0.9358,1,4.41,0.9423,1,0
SPY190809P294,2019-08-08,2019-08-08 09:34:48,4.49,0.9594,100,4.33,0.9252,25,4.38,0.9358,1,4.41,0.9423,1,0
SPY190809P294,2019-08-08,2019-08-08 09:34:49,4.49,0.9594,20,4.35,0.9294,5,4.38,0.9358,1,4.42,0.9444,1,0
SPY190809P294,2019-08-08,2019-08-08 09:34:50,4.54,0.97,5,4.38,0.9358,100,4.38,0.9358,1,4.46,0.9529,1,0
SPY190809P294,2019-08-08,2019-08-08 09:34:50,4.51,0.9636,100,4.35,0.9294,5,4.38,0.9358,1,4.43,0.9465,1,0
SPY190809P294,2019-08-08,2019-08-08 09:34:51,4.54,0.97,5,4.39,0.938,75,4.38,0.9358,1,4.465,0.954,1,0
SPY190809P294,2019-08-08,2019-08-08 09:34:51,4.53,0.9679,5,4.41,0.9423,100,4.38,0.9358,1,4.47,0.9551,1,0
SPY190809P294,2019-08-08,2019-08-08 09:34:52,4.53,0.9679,5,4.38,0.9358,100,4.38,0.9358,1,4.455,0.9519,1,0
SPY190809P294,2019-08-08,2019-08-08 09:34:52,4.53,0.9679,5,4.42,0.9444,5,4.38,0.9358,1,4.475,0.9561,1,0
SPY190809P294,2019-08-08,2019-08-08 09:34:53,4.59,0.9807,81,4.36,0.9316,5,4.38,0.9358,1,4.475,0.9561,1,0
SPY190809P294,2019-08-08,2019-08-08 09:34:53,4.6,0.9829,60,4.43,0.9465,100,4.38,0.9358,1,4.515,0.9647,1,0
SPY190809P294,2019-08-08,2019-08-08 09:34:54,4.6,0.9829,87,4.45,0.9508,80,4.38,0.9358,1,4.525,0.9668,1,0
SPY190809P294,2019-08-08,2019-08-08 09:34:54,4.6,0.9829,130,4.45,0.9508,100,4.38,0.9358,1,4.525,0.9668,1,0
SPY190809P294,2019-08-08,2019-08-08 09:34:55,4.6,0.9829,5,4.48,0.9572,100,4.38,0.9358,1,4.54,0.97,1,0
SPY190809P294,2019-08-08,2019-08-08 09:34:55,4.6,0.9829,51,4.48,0.9572,100,4.38,0.9358,1,4.54,0.97,1,0
SPY190809P294,2019-08-08,2019-08-08 09:34:56,4.6,0.9829,28,4.43,0.9465,100,4.38,0.9358,1,4.515,0.9647,1,0
SPY190809P294,2019-08-08,2019-08-08 09:34:56,4.6,0.9829,2,4.49,0.9594,5,4.38,0.9358,1,4.545,0.9711,1,0
SPY190809P294,2019-08-08,2019-08-08 09:34:57,4.6,0.9829,2,4.49,0.9594,100,4.38,0.9358,1,4.545,0.9711,1,0
SPY190809P294,2019-08-08,2019-08-08 09:34:57,4.6,0.9829,2,4.5,0.9615,100,4.38,0.9358,1,4.55,0.9722,1,0
SPY190809P294,2019-08-08,2019-08-08 09:34:58,4.6,0.9829,2,4.44,0.9487,5,4.38,0.9358,1,4.52,0.9658,1,0
SPY190809P294,2019-08-08,2019-08-08 09:34:58,4.6,0.9829,6,4.52,0.9658,100,4.6,0.9829,2,4.56,0.9743,3,2
SPY190809P294,2019-08-08,2019-08-08 09:34:59,4.6,0.9829,6,4.53,0.9679,5,4.6,0.9829,6,4.565,0.9754,15,12
SPY190809P294,2019-08-08,2019-08-08 09:34:59,4.6,0.9829,6,4.54,0.97,100,4.6,0.9829,6,4.57,0.9764,21,6
SPY190809P294,2019-08-08,2019-08-08 09:35:00,4.72,1.0085,59,4.55,0.9722,100,4.6,0.9829,6,4.635,0.9903,21,0
SPY190809P294,2019-08-08,2019-08-08 09:35:00,4.72,1.0085,59,4.53,0.9679,5,4.6,0.9829,6,4.625,0.9882,21,0
SPY190809P294,2019-08-08,2019-08-08 09:35:01,4.65,0.9935,5,4.5,0.9615,100,4.6,0.9829,6,4.575,0.9775,21,0
SPY190809P294,2019-08-08,2019-08-08 09:35:01,4.74,1.0128,59,4.47,0.9551,10,4.6,0.9829,6,4.605,0.9839,21,0
SPY190809P294,2019-08-08,2019-08-08 09:35:02,4.65,0.9935,100,4.5,0.9615,100,4.6,0.9829,6,4.575,0.9775,21,0
SPY190809P294,2019-08-08,2019-08-08 09:35:02,4.65,0.9935,3,4.47,0.9551,25,4.6,0.9829,6,4.56,0.9743,21,0
SPY190809P294,2019-08-08,2019-08-08 09:35:03,4.72,1.0085,50,4.47,0.9551,100,4.6,0.9829,6,4.595,0.9818,21,0
SPY190809P294,2019-08-08,2019-08-08 09:35:03,4.72,1.0085,50,4.5,0.9615,25,4.6,0.9829,6,4.61,0.985,21,0
SPY190809P294,2019-08-08,2019-08-08 09:35:04,4.65,0.9935,100,4.5,0.9615,75,4.6,0.9829,6,4.575,0.9775,21,0
SPY190809P294,2019-08-08,2019-08-08 09:35:04,4.68,1.0,100,4.52,0.9658,25,4.6,0.9829,6,4.6,0.9829,21,0
SPY190809P294,2019-08-08,2019-08-08 09:35:05,4.73,1.0106,5,4.49,0.9594,5,4.6,0.9829,6,4.61,0.985,21,0
SPY190809P294,2019-08-08,2019-08-08 09:35:05,4.74,1.0128,5,4.52,0.9658,75,4.6,0.9829,6,4.63,0.9893,21,0
SPY190809P294,2019-08-08,2019-08-08 09:35:06,4.65,0.9935,120,4.53,0.9679,100,4.6,0.9829,6,4.59,0.9807,21,0
SPY190809P294,2019-08-08,2019-08-08 09:35:06,4.65,0.9935,100,4.49,0.9594,84,4.6,0.9829,6,4.57,0.9764,21,0
SPY190809P294,2019-08-08,2019-08-08 09:35:07,4.76,1.017,10,4.46,0.9529,10,4.6,0.9829,6,4.61,0.985,21,0
SPY190809P294,2019-08-08,2019-08-08 09:35:07,4.66,0.9957,98,4.49,0.9594,5,4.6,0.9829,6,4.575,0.9775,21,0
SPY190809P294,2019-08-08,2019-08-08 09:35:08,4.65,0.9935,114,4.53,0.9679,25,4.6,0.9829,6,4.59,0.9807,21,0
SPY190809P294,2019-08-08,2019-08-08 09:35:08,4.65,0.9935,31,4.53,0.9679,100,4.6,0.9829,6,4.59,0.9807,21,0
SPY190809P294,2019-08-08,2019-08-08 09:35:09,4.65,0.9935,100,4.45,0.9508,125,4.6,0.9829,6,4.55,0.9722,21,0
SPY190809P294,2019-08-08,2019-08-08 09:35:09,4.65,0.9935,114,4.53,0.9679,79,4.6,0.9829,6,4.59,0.9807,21,0
SPY190809P294,2019-08-08,2019-08-08 09:35:10,4.76,1.017,20,4.45,0.9508,75,4.6,0.9829,6,4.605,0.9839,21,0
SPY190809P294,2019-08-08,2019-08-08 09:35:10,4.65,0.9935,100,4.45,0.9508,50,4.6,0.9829,6,4.55,0.9722,21,0
SPY190809P294,2019-08-08,2019-08-08 09:35:11,4.65,0.9935,100,4.45,0.9508,79,4.6,0.9829,6,4.55,0.9722,21,0
SPY190809P294,2019-08-08,2019-08-08 09:35:11,4.71,1.0064,213,4.46,0.9529,5,4.6,0.9829,6,4.585,0.9797,21,0
SPY190809P294,2019-08-08,2019-08-08 09:35:12,4.65,0.9935,100,4.46,0.9529,5,4.6,0.9829,6,4.555,0.9732,21,0
SPY190809P294,2019-08-08,2019-08-08 09:35:13,4.76,1.017,59,4.5,0.9615,11,4.6,0.9829,6,4.63,0.9893,21,0
SPY190809P294,2019-08-08,2019-08-08 09:35:13,4.74,1.0128,10,4.45,0.9508,75,4.6,0.9829,6,4.595,0.9818,21,0
SPY190809P294,2019-08-08,2019-08-08 09:35:14,4.76,1.017,59,4.5,0.9615,25,4.6,0.9829,6,4.63,0.9893,21,0
SPY190809P294,2019-08-08,2019-08-08 09:35:14,4.79,1.0235,10,4.52,0.9658,11,4.6,0.9829,6,4.655,0.9946,21,0
SPY190809P294,2019-08-08,2019-08-08 09:35:15,4.77,1.0192,110,4.52,0.9658,21,4.6,0.9829,6,4.645,0.9925,21,0
SPY190809P294,2019-08-08,2019-08-08 09:35:15,4.76,1.017,100,4.55,0.9722,100,4.6,0.9829,6,4.655,0.9946,21,0
SPY190809P294,2019-08-08,2019-08-08 09:35:16,4.81,1.0277,60,4.56,0.9743,25,4.6,0.9829,6,4.685,1.001,21,0
SPY190809P294,2019-08-08,2019-08-08 09:35:16,4.75,1.0149,100,4.55,0.9722,100,4.6,0.9829,6,4.65,0.9935,21,0
SPY190809P294,2019-08-08,2019-08-08 09:35:17,4.82,1.0299,100,4.62,0.9871,100,4.6,0.9829,6,4.72,1.0085,21,0
SPY190809P294,2019-08-08,2019-08-08 09:35:17,4.8,1.0256,5,4.62,0.9871,100,4.6,0.9829,6,4.71,1.0064,21,0
SPY190809P294,2019-08-08,2019-08-08 09:35:18,4.82,1.0299,100,4.62,0.9871,100,4.6,0.9829,6,4.72,1.0085,21,0
SPY190809P294,2019-08-08,2019-08-08 09:35:18,4.76,1.017,5,4.63,0.9893,5,4.6,0.9829,6,4.695,1.0032,21,0
SPY190809P294,2019-08-08,2019-08-08 09:35:19,4.84,1.0341,100,4.65,0.9935,5,4.6,0.9829,6,4.745,1.0138,21,0
SPY190809P294,2019-08-08,2019-08-08 09:35:19,4.83,1.032,100,4.64,0.9914,100,4.6,0.9829,6,4.735,1.0117,21,0
SPY190809P294,2019-08-08,2019-08-08 09:35:20,4.84,1.0341,5,4.65,0.9935,5,4.6,0.9829,6,4.745,1.0138,21,0
SPY190809P294,2019-08-08,2019-08-08 09:35:20,4.8,1.0256,100,4.65,0.9935,5,4.6,0.9829,6,4.725,1.0096,21,0
SPY190809P294,2019-08-08,2019-08-08 09:35:21,4.78,1.0213,100,4.65,0.9935,5,4.6,0.9829,6,4.715,1.0074,21,0
SPY190809P294,2019-08-08,2019-08-08 09:35:21,4.86,1.0384,1,4.65,0.9935,5,4.6,0.9829,6,4.755,1.016,21,0
SPY190809P294,2019-08-08,2019-08-08 09:35:22,4.71,1.0064,100,4.55,0.9722,100,4.6,0.9829,6,4.63,0.9893,21,0
SPY190809P294,2019-08-08,2019-08-08 09:35:22,4.75,1.0149,100,4.61,0.985,25,4.6,0.9829,6,4.68,1.0,21,0
SPY190809P294,2019-08-08,2019-08-08 09:35:23,4.71,1.0064,100,4.55,0.9722,100,4.6,0.9829,6,4.63,0.9893,21,0
SPY190809P294,2019-08-08,2019-08-08 09:35:23,4.69,1.0021,100,4.56,0.9743,5,4.6,0.9829,6,4.625,0.9882,21,0
SPY190809P294,2019-08-08,2019-08-08 09:35:24,4.7,1.0042,160,4.5,0.9615,100,4.6,0.9829,6,4.6,0.9829,21,0
SPY190809P294,2019-08-08,2019-08-08 09:35:24,4.69,1.0021,120,4.47,0.9551,1,4.6,0.9829,6,4.58,0.9786,21,0
SPY190809P294,2019-08-08,2019-08-08 09:35:25,4.65,0.9935,100,4.51,0.9636,5,4.6,0.9829,6,4.58,0.9786,21,0
SPY190809P294,2019-08-08,2019-08-08 09:35:25,4.7,1.0042,50,4.5,0.9615,25,4.6,0.9829,6,4.6,0.9829,21,0
SPY190809P294,2019-08-08,2019-08-08 09:35:26,4.65,0.9935,100,4.51,0.9636,5,4.6,0.9829,6,4.58,0.9786,21,0
SPY190809P294,2019-08-08,2019-08-08 09:35:26,4.72,1.0085,120,4.51,0.9636,5,4.6,0.9829,6,4.615,0.9861,21,0
SPY190809P294,2019-08-08,2019-08-08 09:35:27,4.65,0.9935,100,4.51,0.9636,59,4.6,0.9829,6,4.58,0.9786,21,0
SPY190809P294,2019-08-08,2019-08-08 09:35:27,4.64,0.9914,100,4.51,0.9636,59,4.6,0.9829,6,4.575,0.9775,21,0
SPY190809P294,2019-08-08,2019-08-08 09:35:28,4.62,0.9871,120,4.48,0.9572,60,4.6,0.9829,6,4.55,0.9722,21,0
SPY190809P294,2019-08-08,2019-08-08 09:35:28,4.63,0.9893,9,4.5,0.9615,5,4.6,0.9829,6,4.565,0.9754,21,0
SPY190809P294,2019-08-08,2019-08-08 09:35:29,4.61,0.985,5,4.51,0.9636,114,4.6,0.9829,6,4.56,0.9743,21,0
SPY190809P294,2019-08-08,2019-08-08 09:35:29,4.62,0.9871,120,4.48,0.9572,60,4.6,0.9829,6,4.55,0.9722,21,0
SPY190809P294,2019-08-08,2019-08-08 09:35:30,4.62,0.9871,5,4.52,0.9658,5,4.6,0.9829,6,4.57,0.9764,21,0
SPY190809P294,2019-08-08,2019-08-08 09:35:31,4.68,1.0,130,4.52,0.9658,5,4.6,0.9829,6,4.6,0.9829,21,0
SPY190809P294,2019-08-08,2019-08-08 09:35:31,4.66,0.9957,130,4.51,0.9636,55,4.6,0.9829,6,4.585,0.9797,21,0
SPY190809P294,2019-08-08,2019-08-08 09:35:32,4.65,0.9935,100,4.51,0.9636,5,4.6,0.9829,6,4.58,0.9786,21,0
SPY190809P294,2019-08-08,2019-08-08 09:35:32,4.65,0.9935,10,4.5,0.9615,100,4.6,0.9829,6,4.575,0.9775,21,0
SPY190809P294,2019-08-08,2019-08-08 09:35:33,4.63,0.9893,130,4.51,0.9636,5,4.6,0.9829,6,4.57,0.9764,21,0
SPY190809P294,2019-08-08,2019-08-08 09:35:33,4.63,0.9893,100,4.51,0.9636,5,4.6,0.9829,6,4.57,0.9764,21,0
SPY190809P294,2019-08-08,2019-08-08 09:35:34,4.62,0.9871,5,4.4,0.9401,50,4.6,0.9829,6,4.51,0.9636,21,0
SPY190809P294,2019-08-08,2019-08-08 09:35:34,4.61,0.985,130,4.4,0.9401,25,4.6,0.9829,6,4.505,0.9626,21,0
SPY190809P294,2019-08-08,2019-08-08 09:35:35,4.6,0.9829,5,4.49,0.9594,5,4.6,0.9829,6,4.545,0.9711,21,0
SPY190809P294,2019-08-08,2019-08-08 09:35:36,4.6,0.9829,8,4.49,0.9594,5,4.6,0.9829,6,4.545,0.9711,21,0
SPY190809P294,2019-08-08,2019-08-08 09:35:36,4.6,0.9829,100,4.49,0.9594,5,4.6,0.9829,6,4.545,0.9711,21,0
SPY190809P294,2019-08-08,2019-08-08 09:35:37,4.6,0.9829,100,4.49,0.9594,5,4.6,0.9829,6,4.545,0.9711,21,0
SPY190809P294,2019-08-08,2019-08-08 09:35:37,4.59,0.9807,100,4.48,0.9572,25,4.6,0.9829,6,4.535,0.969,21,0
SPY190809P294,2019-08-08,2019-08-08 09:35:38,4.57,0.9764,100,4.48,0.9572,69,4.6,0.9829,6,4.525,0.9668,21,0
SPY190809P294,2019-08-08,2019-08-08 09:35:39,4.58,0.9786,120,4.44,0.9487,5,4.6,0.9829,6,4.51,0.9636,21,0
SPY190809P294,2019-08-08,2019-08-08 09:35:39,4.56,0.9743,100,4.44,0.9487,5,4.6,0.9829,6,4.5,0.9615,21,0
SPY190809P294,2019-08-08,2019-08-08 09:35:40,4.56,0.9743,5,4.43,0.9465,25,4.6,0.9829,6,4.495,0.9604,21,0
SPY190809P294,2019-08-08,2019-08-08 09:35:40,4.58,0.9786,130,4.44,0.9487,5,4.6,0.9829,6,4.51,0.9636,21,0
SPY190809P294,2019-08-08,2019-08-08 09:35:41,4.53,0.9679,100,4.4,0.9401,5,4.6,0.9829,6,4.465,0.954,21,0
SPY190809P294,2019-08-08,2019-08-08 09:35:41,4.55,0.9722,100,4.39,0.938,100,4.6,0.9829,6,4.47,0.9551,21,0
SPY190809P294,2019-08-08,2019-08-08 09:35:42,4.55,0.9722,100,4.39,0.938,25,4.6,0.9829,6,4.47,0.9551,21,0
SPY190809P294,2019-08-08,2019-08-08 09:35:42,4.55,0.9722,100,4.4,0.9401,5,4.6,0.9829,6,4.475,0.9561,21,0
SPY190809P294,2019-08-08,2019-08-08 09:35:43,4.51,0.9636,5,4.4,0.9401,5,4.6,0.9829,6,4.455,0.9519,21,0
SPY190809P294,2019-08-08,2019-08-08 09:35:43,4.51,0.9636,5,4.39,0.938,125,4.6,0.9829,6,4.45,0.9508,21,0
SPY190809P294,2019-08-08,2019-08-08 09:35:44,4.5,0.9615,5,4.34,0.9273,25,4.6,0.9829,6,4.42,0.9444,21,0
SPY190809P294,2019-08-08,2019-08-08 09:35:44,4.51,0.9636,5,4.39,0.938,125,4.6,0.9829,6,4.45,0.9508,21,0
SPY190809P294,2019-08-08,2019-08-08 09:35:45,4.5,0.9615,100,4.34,0.9273,100,4.6,0.9829,6,4.42,0.9444,21,0
SPY190809P294,2019-08-08,2019-08-08 09:35:45,4.48,0.9572,100,4.32,0.923,100,4.6,0.9829,6,4.4,0.9401,21,0
SPY190809P294,2019-08-08,2019-08-08 09:35:46,4.48,0.9572,20,4.35,0.9294,5,4.6,0.9829,6,4.415,0.9433,21,0
SPY190809P294,2019-08-08,2019-08-08 09:35:46,4.5,0.9615,100,4.35,0.9294,5,4.6,0.9829,6,4.425,0.9455,21,0
SPY190809P294,2019-08-08,2019-08-08 09:35:47,4.5,0.9615,110,4.35,0.9294,5,4.6,0.9829,6,4.425,0.9455,21,0
SPY190809P294,2019-08-08,2019-08-08 09:35:47,4.47,0.9551,100,4.35,0.9294,25,4.6,0.9829,6,4.41,0.9423,21,0
SPY190809P294,2019-08-08,2019-08-08 09:35:48,4.5,0.9615,110,4.35,0.9294,5,4.6,0.9829,6,4.425,0.9455,21,0
SPY190809P294,2019-08-08,2019-08-08 09:35:48,4.48,0.9572,38,4.32,0.923,100,4.6,0.9829,6,4.4,0.9401,21,0
SPY190809P294,2019-08-08,2019-08-08 09:35:49,4.5,0.9615,100,4.35,0.9294,100,4.6,0.9829,6,4.425,0.9455,21,0
SPY190809P294,2019-08-08,2019-08-08 09:35:50,4.48,0.9572,130,4.35,0.9294,125,4.6,0.9829,6,4.415,0.9433,21,0
SPY190809P294,2019-08-08,2019-08-08 09:35:50,4.55,0.9722,2,4.35,0.9294,85,4.6,0.9829,6,4.45,0.9508,21,0
SPY190809P294,2019-08-08,2019-08-08 09:35:51,4.47,0.9551,130,4.35,0.9294,63,4.6,0.9829,6,4.41,0.9423,21,0
SPY190809P294,2019-08-08,2019-08-08 09:35:51,4.47,0.9551,130,4.35,0.9294,125,4.6,0.9829,6,4.41,0.9423,21,0
SPY190809P294,2019-08-08,2019-08-08 09:35:52,4.47,0.9551,11,4.35,0.9294,5,4.6,0.9829,6,4.41,0.9423,21,0
SPY190809P294,2019-08-08,2019-08-08 09:35:52,4.47,0.9551,130,4.35,0.9294,5,4.6,0.9829,6,4.41,0.9423,21,0
SPY190809P294,2019-08-08,2019-08-08 09:35:53,4.46,0.9529,110,4.34,0.9273,98,4.6,0.9829,6,4.4,0.9401,21,0
SPY190809P294,2019-08-08,2019-08-08 09:35:53,4.47,0.9551,38,4.34,0.9273,5,4.6,0.9829,6,4.405,0.9412,21,0
SPY190809P294,2019-08-08,2019-08-08 09:35:54,4.45,0.9508,120,4.34,0.9273,109,4.6,0.9829,6,4.395,0.9391,21,0
SPY190809P294,2019-08-08,2019-08-08 09:35:54,4.44,0.9487,5,4.34,0.9273,90,4.6,0.9829,6,4.39,0.938,21,0
SPY190809P294,2019-08-08,2019-08-08 09:35:55,4.44,0.9487,5,4.34,0.9273,90,4.6,0.9829,6,4.39,0.938,21,0
SPY190809P294,2019-08-08,2019-08-08 09:35:55,4.44,0.9487,8,4.34,0.9273,10,4.6,0.9829,6,4.39,0.938,21,0
SPY190809P294,2019-08-08,2019-08-08 09:35:56,4.47,0.9551,110,4.3,0.9188,100,4.6,0.9829,6,4.385,0.9369,21,0
SPY190809P294,2019-08-08,2019-08-08 09:35:56,4.44,0.9487,5,4.29,0.9166,100,4.6,0.9829,6,4.365,0.9326,21,0
SPY190809P294,2019-08-08,2019-08-08 09:35:57,4.44,0.9487,5,4.31,0.9209,5,4.6,0.9829,6,4.375,0.9348,21,0
SPY190809P294,2019-08-08,2019-08-08 09:35:57,4.44,0.9487,100,4.31,0.9209,125,4.6,0.9829,6,4.375,0.9348,21,0
SPY190809P294,2019-08-08,2019-08-08 09:35:58,4.44,0.9487,120,4.33,0.9252,5,4.6,0.9829,6,4.385,0.9369,21,0
SPY190809P294,2019-08-08,2019-08-08 09:35:58,4.43,0.9465,5,4.32,0.923,5,4.6,0.9829,6,4.375,0.9348,21,0
SPY190809P294,2019-08-08,2019-08-08 09:35:59,4.44,0.9487,120,4.33,0.9252,5,4.6,0.9829,6,4.385,0.9369,21,0
SPY190809P294,2019-08-08,2019-08-08 09:35:59,4.44,0.9487,100,4.33,0.9252,5,4.6,0.9829,6,4.385,0.9369,21,0
SPY190809P294,2019-08-08,2019-08-08 09:36:00,4.43,0.9465,5,4.33,0.9252,5,4.6,0.9829,6,4.38,0.9358,21,0
SPY190809P294,2019-08-08,2019-08-08 09:36:00,4.44,0.9487,100,4.33,0.9252,5,4.6,0.9829,6,4.385,0.9369,21,0
SPY190809P294,2019-08-08,2019-08-08 09:36:01,4.44,0.9487,120,4.33,0.9252,5,4.6,0.9829,6,4.385,0.9369,21,0
SPY190809P294,2019-08-08,2019-08-08 09:36:02,4.44,0.9487,130,4.33,0.9252,5,4.6,0.9829,6,4.385,0.9369,21,0
SPY190809P294,2019-08-08,2019-08-08 09:36:02,4.44,0.9487,120,4.33,0.9252,5,4.6,0.9829,6,4.385,0.9369,21,0
SPY190809P294,2019-08-08,2019-08-08 09:36:03,4.44,0.9487,120,4.33,0.9252,5,4.6,0.9829,6,4.385,0.9369,21,0
SPY190809P294,2019-08-08,2019-08-08 09:36:03,4.44,0.9487,120,4.33,0.9252,100,4.6,0.9829,6,4.385,0.9369,21,0
SPY190809P294,2019-08-08,2019-08-08 09:36:04,4.44,0.9487,70,4.33,0.9252,5,4.6,0.9829,6,4.385,0.9369,21,0
SPY190809P294,2019-08-08,2019-08-08 09:36:04,4.44,0.9487,75,4.3,0.9188,100,4.6,0.9829,6,4.37,0.9337,21,0
SPY190809P294,2019-08-08,2019-08-08 09:36:05,4.44,0.9487,70,4.33,0.9252,5,4.6,0.9829,6,4.385,0.9369,21,0
SPY190809P294,2019-08-08,2019-08-08 09:36:06,4.46,0.9529,100,4.3,0.9188,100,4.6,0.9829,6,4.38,0.9358,21,0
SPY190809P294,2019-08-08,2019-08-08 09:36:06,4.46,0.9529,100,4.33,0.9252,5,4.6,0.9829,6,4.395,0.9391,21,0
SPY190809P294,2019-08-08,2019-08-08 09:36:07,4.47,0.9551,122,4.31,0.9209,5,4.6,0.9829,6,4.39,0.938,21,0
SPY190809P294,2019-08-08,2019-08-08 09:36:07,4.43,0.9465,129,4.31,0.9209,5,4.6,0.9829,6,4.37,0.9337,21,0
SPY190809P294,2019-08-08,2019-08-08 09:36:08,4.42,0.9444,5,4.29,0.9166,100,4.6,0.9829,6,4.355,0.9305,21,0
SPY190809P294,2019-08-08,2019-08-08 09:36:08,4.42,0.9444,5,4.31,0.9209,5,4.6,0.9829,6,4.365,0.9326,21,0
SPY190809P294,2019-08-08,2019-08-08 09:36:09,4.43,0.9465,130,4.29,0.9166,100,4.6,0.9829,6,4.36,0.9316,21,0
SPY190809P294,2019-08-08,2019-08-08 09:36:09,4.42,0.9444,5,4.3,0.9188,5,4.6,0.9829,6,4.36,0.9316,21,0
SPY190809P294,2019-08-08,2019-08-08 09:36:10,4.45,0.9508,5,4.29,0.9166,26,4.6,0.9829,6,4.37,0.9337,21,0
SPY190809P294,2019-08-08,2019-08-08 09:36:10,4.42,0.9444,100,4.3,0.9188,5,4.6,0.9829,6,4.36,0.9316,21,0
SPY190809P294,2019-08-08,2019-08-08 09:36:11,4.44,0.9487,136,4.29,0.9166,26,4.6,0.9829,6,4.365,0.9326,21,0
SPY190809P294,2019-08-08,2019-08-08 09:36:11,4.44,0.9487,136,4.3,0.9188,5,4.6,0.9829,6,4.37,0.9337,21,0
SPY190809P294,2019-08-08,2019-08-08 09:36:12,4.42,0.9444,100,4.29,0.9166,25,4.6,0.9829,6,4.355,0.9305,21,0
SPY190809P294,2019-08-08,2019-08-08 09:36:12,4.42,0.9444,8,4.3,0.9188,5,4.6,0.9829,6,4.36,0.9316,21,0
SPY190809P294,2019-08-08,2019-08-08 09:36:13,4.41,0.9423,102,4.29,0.9166,1,4.6,0.9829,6,4.35,0.9294,21,0
SPY190809P294,2019-08-08,2019-08-08 09:36:13,4.41,0.9423,102,4.29,0.9166,125,4.6,0.9829,6,4.35,0.9294,21,0
SPY190809P294,2019-08-08,2019-08-08 09:36:14,4.4,0.9401,100,4.3,0.9188,5,4.6,0.9829,6,4.35,0.9294,21,0
SPY190809P294,2019-08-08,2019-08-08 09:36:14,4.43,0.9465,100,4.3,0.9188,5,4.6,0.9829,6,4.365,0.9326,21,0
SPY190809P294,2019-08-08,2019-08-08 09:36:15,4.38,0.9358,99,4.3,0.9188,5,4.6,0.9829,6,4.34,0.9273,21,0
SPY190809P294,2019-08-08,2019-08-08 09:36:15,4.42,0.9444,100,4.3,0.9188,5,4.6,0.9829,6,4.36,0.9316,21,0
SPY190809P294,2019-08-08,2019-08-08 09:36:16,4.38,0.9358,59,4.3,0.9188,5,4.6,0.9829,6,4.34,0.9273,21,0
SPY190809P294,2019-08-08,2019-08-08 09:36:17,4.42,0.9444,100,4.3,0.9188,5,4.6,0.9829,6,4.36,0.9316,21,0
SPY190809P294,2019-08-08,2019-08-08 09:36:18,4.41,0.9423,100,4.29,0.9166,100,4.6,0.9829,6,4.35,0.9294,21,0
SPY190809P294,2019-08-08,2019-08-08 09:36:18,4.47,0.9551,2,4.29,0.9166,1,4.6,0.9829,6,4.38,0.9358,21,0
SPY190809P294,2019-08-08,2019-08-08 09:36:19,4.43,0.9465,120,4.29,0.9166,1,4.6,0.9829,6,4.36,0.9316,24,3
SPY190809P294,2019-08-08,2019-08-08 09:36:19,4.37,0.9337,5,4.29,0.9166,1,4.33,0.9252,1,4.33,0.9252,24,0
SPY190809P294,2019-08-08,2019-08-08 09:36:20,4.36,0.9316,4,4.29,0.9166,1,4.33,0.9252,1,4.325,0.9241,24,0
SPY190809P294,2019-08-08,2019-08-08 09:36:20,4.41,0.9423,120,4.29,0.9166,1,4.33,0.9252,1,4.35,0.9294,24,0
SPY190809P294,2019-08-08,2019-08-08 09:36:21,4.38,0.9358,5,4.29,0.9166,1,4.33,0.9252,1,4.335,0.9262,24,0
SPY190809P294,2019-08-08,2019-08-08 09:36:22,4.36,0.9316,5,4.29,0.9166,1,4.33,0.9252,1,4.325,0.9241,24,0
SPY190809P294,2019-08-08,2019-08-08 09:36:22,4.36,0.9316,6,4.29,0.9166,1,4.33,0.9252,1,4.325,0.9241,24,0
SPY190809P294,2019-08-08,2019-08-08 09:36:23,4.36,0.9316,5,4.29,0.9166,1,4.33,0.9252,1,4.325,0.9241,24,0
SPY190809P294,2019-08-08,2019-08-08 09:36:23,4.36,0.9316,121,4.29,0.9166,1,4.33,0.9252,1,4.325,0.9241,24,0
SPY190809P294,2019-08-08,2019-08-08 09:36:24,4.36,0.9316,121,4.29,0.9166,1,4.33,0.9252,1,4.325,0.9241,24,0
SPY190809P294,2019-08-08,2019-08-08 09:36:25,4.34,0.9273,6,4.29,0.9166,1,4.33,0.9252,1,4.315,0.922,24,0
SPY190809P294,2019-08-08,2019-08-08 09:36:25,4.39,0.938,121,4.29,0.9166,1,4.33,0.9252,1,4.34,0.9273,24,0
SPY190809P294,2019-08-08,2019-08-08 09:36:26,4.37,0.9337,5,4.29,0.9166,1,4.33,0.9252,1,4.33,0.9252,24,0
SPY190809P294,2019-08-08,2019-08-08 09:36:26,4.38,0.9358,5,4.29,0.9166,1,4.33,0.9252,1,4.335,0.9262,24,0
SPY190809P294,2019-08-08,2019-08-08 09:36:27,4.36,0.9316,102,4.29,0.9166,1,4.33,0.9252,1,4.325,0.9241,24,0
SPY190809P294,2019-08-08,2019-08-08 09:36:28,4.36,0.9316,102,4.29,0.9166,1,4.33,0.9252,1,4.325,0.9241,24,0
SPY190809P294,2019-08-08,2019-08-08 09:36:29,4.36,0.9316,102,4.29,0.9166,1,4.33,0.9252,1,4.325,0.9241,24,0
SPY190809P294,2019-08-08,2019-08-08 09:36:29,4.35,0.9294,100,4.29,0.9166,1,4.33,0.9252,1,4.32,0.923,24,0
SPY190809P294,2019-08-08,2019-08-08 09:36:30,4.39,0.938,136,4.29,0.9166,1,4.33,0.9252,1,4.34,0.9273,24,0
SPY190809P294,2019-08-08,2019-08-08 09:36:31,4.35,0.9294,5,4.21,0.8995,125,4.29,0.9166,1,4.28,0.9145,25,0
SPY190809P294,2019-08-08,2019-08-08 09:36:31,4.36,0.9316,100,4.21,0.8995,100,4.29,0.9166,1,4.285,0.9155,25,1
SPY190809P294,2019-08-08,2019-08-08 09:36:32,4.36,0.9316,10,4.21,0.8995,63,4.29,0.9166,1,4.285,0.9155,25,0
SPY190809P294,2019-08-08,2019-08-08 09:36:32,4.37,0.9337,100,4.21,0.8995,163,4.29,0.9166,1,4.29,0.9166,25,0
SPY190809P294,2019-08-08,2019-08-08 09:36:33,4.35,0.9294,100,4.21,0.8995,142,4.29,0.9166,1,4.28,0.9145,25,0
SPY190809P294,2019-08-08,2019-08-08 09:36:34,4.35,0.9294,100,4.21,0.8995,125,4.29,0.9166,1,4.28,0.9145,25,0
SPY190809P294,2019-08-08,2019-08-08 09:36:34,4.34,0.9273,4,4.21,0.8995,100,4.29,0.9166,1,4.275,0.9134,25,0
SPY190809P294,2019-08-08,2019-08-08 09:36:35,4.36,0.9316,5,4.22,0.9017,100,4.29,0.9166,1,4.29,0.9166,25,0
SPY190809P294,2019-08-08,2019-08-08 09:36:35,4.36,0.9316,4,4.23,0.9038,100,4.29,0.9166,1,4.295,0.9177,25,0
SPY190809P294,2019-08-08,2019-08-08 09:36:36,4.37,0.9337,100,4.23,0.9038,125,4.29,0.9166,1,4.3,0.9188,25,0
SPY190809P294,2019-08-08,2019-08-08 09:36:36,4.4,0.9401,100,4.25,0.9081,100,4.29,0.9166,1,4.325,0.9241,25,0
SPY190809P294,2019-08-08,2019-08-08 09:36:37,4.37,0.9337,100,4.23,0.9038,125,4.29,0.9166,1,4.3,0.9188,25,0
SPY190809P294,2019-08-08,2019-08-08 09:36:37,4.42,0.9444,110,4.23,0.9038,125,4.29,0.9166,1,4.325,0.9241,25,0
SPY190809P294,2019-08-08,2019-08-08 09:36:38,4.37,0.9337,5,4.23,0.9038,147,4.3,0.9188,4,4.3,0.9188,29,4
SPY190809P294,2019-08-08,2019-08-08 09:36:38,4.37,0.9337,100,4.23,0.9038,147,4.3,0.9188,4,4.3,0.9188,29,0
SPY190809P294,2019-08-08,2019-08-08 09:36:39,4.38,0.9358,100,4.23,0.9038,147,4.3,0.9188,4,4.305,0.9198,29,0
SPY190809P294,2019-08-08,2019-08-08 09:36:39,4.38,0.9358,134,4.23,0.9038,147,4.3,0.9188,4,4.305,0.9198,29,0
SPY190809P294,2019-08-08,2019-08-08 09:36:40,4.36,0.9316,103,4.23,0.9038,125,4.3,0.9188,4,4.295,0.9177,29,0
SPY190809P294,2019-08-08,2019-08-08 09:36:40,4.37,0.9337,100,4.23,0.9038,147,4.3,0.9188,4,4.3,0.9188,29,0
SPY190809P294,2019-08-08,2019-08-08 09:36:41,4.36,0.9316,103,4.23,0.9038,125,4.3,0.9188,4,4.295,0.9177,29,0
SPY190809P294,2019-08-08,2019-08-08 09:36:41,4.36,0.9316,120,4.23,0.9038,132,4.3,0.9188,4,4.295,0.9177,29,0
SPY190809P294,2019-08-08,2019-08-08 09:36:42,4.39,0.938,100,4.23,0.9038,133,4.3,0.9188,4,4.31,0.9209,29,0
SPY190809P294,2019-08-08,2019-08-08 09:36:42,4.39,0.938,100,4.23,0.9038,125,4.3,0.9188,4,4.31,0.9209,29,0
SPY190809P294,2019-08-08,2019-08-08 09:36:43,4.38,0.9358,120,4.23,0.9038,146,4.3,0.9188,4,4.305,0.9198,29,0
SPY190809P294,2019-08-08,2019-08-08 09:36:43,4.36,0.9316,5,4.23,0.9038,158,4.3,0.9188,4,4.295,0.9177,29,0
SPY190809P294,2019-08-08,2019-08-08 09:36:44,4.36,0.9316,5,4.23,0.9038,158,4.3,0.9188,4,4.295,0.9177,29,0
SPY190809P294,2019-08-08,2019-08-08 09:36:45,4.36,0.9316,5,4.23,0.9038,125,4.3,0.9188,4,4.295,0.9177,29,0
SPY190809P294,2019-08-08,2019-08-08 09:36:45,4.39,0.938,100,4.23,0.9038,125,4.3,0.9188,4,4.31,0.9209,29,0
SPY190809P294,2019-08-08,2019-08-08 09:36:46,4.35,0.9294,5,4.23,0.9038,100,4.3,0.9188,4,4.29,0.9166,29,0
SPY190809P294,2019-08-08,2019-08-08 09:36:46,4.35,0.9294,124,4.23,0.9038,100,4.3,0.9188,4,4.29,0.9166,29,0
SPY190809P294,2019-08-08,2019-08-08 09:36:47,4.36,0.9316,110,4.17,0.891,100,4.3,0.9188,4,4.265,0.9113,29,0
SPY190809P294,2019-08-08,2019-08-08 09:36:47,4.34,0.9273,5,4.17,0.891,100,4.3,0.9188,4,4.255,0.9091,29,0
SPY190809P294,2019-08-08,2019-08-08 09:36:48,4.35,0.9294,5,4.17,0.891,100,4.3,0.9188,4,4.26,0.9102,29,0
SPY190809P294,2019-08-08,2019-08-08 09:36:48,4.36,0.9316,19,4.17,0.891,100,4.3,0.9188,4,4.265,0.9113,29,0
SPY190809P294,2019-08-08,2019-08-08 09:36:49,4.36,0.9316,19,4.23,0.9038,100,4.3,0.9188,4,4.295,0.9177,29,0
SPY190809P294,2019-08-08,2019-08-08 09:36:49,4.35,0.9294,120,4.23,0.9038,100,4.3,0.9188,4,4.29,0.9166,29,0
SPY190809P294,2019-08-08,2019-08-08 09:36:50,4.37,0.9337,100,4.21,0.8995,100,4.3,0.9188,4,4.29,0.9166,29,0
SPY190809P294,2019-08-08,2019-08-08 09:36:50,4.39,0.938,10,4.15,0.8867,11,4.3,0.9188,4,4.27,0.9123,29,0
SPY190809P294,2019-08-08,2019-08-08 09:36:51,4.36,0.9316,121,4.18,0.8931,100,4.3,0.9188,4,4.27,0.9123,29,0
SPY190809P294,2019-08-08,2019-08-08 09:36:51,4.36,0.9316,100,4.22,0.9017,100,4.3,0.9188,4,4.29,0.9166,29,0
SPY190809P294,2019-08-08,2019-08-08 09:36:52,4.35,0.9294,5,4.18,0.8931,100,4.3,0.9188,4,4.265,0.9113,29,0
SPY190809P294,2019-08-08,2019-08-08 09:36:52,4.35,0.9294,101,4.18,0.8931,100,4.3,0.9188,4,4.265,0.9113,29,0
SPY190809P294,2019-08-08,2019-08-08 09:36:53,4.33,0.9252,5,4.18,0.8931,100,4.3,0.9188,4,4.255,0.9091,29,0
SPY190809P294,2019-08-08,2019-08-08 09:36:53,4.34,0.9273,103,4.18,0.8931,100,4.3,0.9188,4,4.26,0.9102,29,0
SPY190809P294,2019-08-08,2019-08-08 09:36:54,4.33,0.9252,83,4.18,0.8931,100,4.3,0.9188,4,4.255,0.9091,29,0
SPY190809P294,2019-08-08,2019-08-08 09:36:55,4.33,0.9252,120,4.18,0.8931,100,4.3,0.9188,4,4.255,0.9091,29,0
SPY190809P294,2019-08-08,2019-08-08 09:36:55,4.39,0.938,100,4.14,0.8846,100,4.3,0.9188,4,4.265,0.9113,29,0
SPY190809P294,2019-08-08,2019-08-08 09:36:56,4.39,0.938,100,4.23,0.9038,100,4.3,0.9188,4,4.31,0.9209,29,0
SPY190809P294,2019-08-08,2019-08-08 09:36:56,4.39,0.938,100,4.24,0.9059,100,4.3,0.9188,4,4.315,0.922,29,0
SPY190809P294,2019-08-08,2019-08-08 09:36:57,4.38,0.9358,5,4.25,0.9081,100,4.3,0.9188,4,4.315,0.922,29,0
SPY190809P294,2019-08-08,2019-08-08 09:36:57,4.41,0.9423,100,4.26,0.9102,100,4.3,0.9188,4,4.335,0.9262,29,0
SPY190809P294,2019-08-08,2019-08-08 09:36:58,4.39,0.938,5,4.27,0.9123,5,4.3,0.9188,4,4.33,0.9252,29,0
SPY190809P294,2019-08-08,2019-08-08 09:36:58,4.4,0.9401,100,4.27,0.9123,5,4.3,0.9188,4,4.335,0.9262,29,0
SPY190809P294,2019-08-08,2019-08-08 09:36:59,4.45,0.9508,100,4.22,0.9017,100,4.3,0.9188,4,4.335,0.9262,29,0
SPY190809P294,2019-08-08,2019-08-08 09:36:59,4.45,0.9508,120,4.22,0.9017,100,4.3,0.9188,4,4.335,0.9262,29,0
SPY190809P294,2019-08-08,2019-08-08 09:37:00,4.39,0.938,5,4.25,0.9081,100,4.3,0.9188,4,4.32,0.923,29,0
SPY190809P294,2019-08-08,2019-08-08 09:37:00,4.41,0.9423,100,4.25,0.9081,100,4.3,0.9188,4,4.33,0.9252,29,0
SPY190809P294,2019-08-08,2019-08-08 09:37:01,4.49,0.9594,11,4.18,0.8931,100,4.3,0.9188,4,4.335,0.9262,29,0
SPY190809P294,2019-08-08,2019-08-08 09:37:01,4.57,0.9764,6,4.13,0.8824,11,4.3,0.9188,4,4.35,0.9294,29,0
SPY190809P294,2019-08-08,2019-08-08 09:37:02,4.48,0.9572,10,4.21,0.8995,100,4.3,0.9188,4,4.345,0.9284,29,0
SPY190809P294,2019-08-08,2019-08-08 09:37:02,4.4,0.9401,100,4.25,0.9081,100,4.3,0.9188,4,4.325,0.9241,29,0
SPY190809P294,2019-08-08,2019-08-08 09:37:03,4.44,0.9487,5,4.31,0.9209,5,4.3,0.9188,4,4.375,0.9348,29,0
SPY190809P294,2019-08-08,2019-08-08 09:37:03,4.44,0.9487,100,4.19,0.8952,60,4.3,0.9188,4,4.315,0.922,29,0
SPY190809P294,2019-08-08,2019-08-08 09:37:04,4.44,0.9487,5,4.22,0.9017,100,4.3,0.9188,4,4.33,0.9252,29,0
SPY190809P294,2019-08-08,2019-08-08 09:37:04,4.43,0.9465,100,4.25,0.9081,100,4.3,0.9188,4,4.34,0.9273,29,0
SPY190809P294,2019-08-08,2019-08-08 09:37:05,4.51,0.9636,60,4.22,0.9017,5,4.3,0.9188,4,4.365,0.9326,29,0
SPY190809P294,2019-08-08,2019-08-08 09:37:05,4.45,0.9508,100,4.3,0.9188,100,4.3,0.9188,4,4.375,0.9348,29,0
SPY190809P294,2019-08-08,2019-08-08 09:37:06,4.43,0.9465,100,4.27,0.9123,100,4.3,0.9188,4,4.35,0.9294,29,0
SPY190809P294,2019-08-08,2019-08-08 09:37:07,4.47,0.9551,110,4.23,0.9038,100,4.3,0.9188,4,4.35,0.9294,29,0
SPY190809P294,2019-08-08,2019-08-08 09:37:07,4.42,0.9444,5,4.27,0.9123,100,4.3,0.9188,4,4.345,0.9284,29,0
SPY190809P294,2019-08-08,2019-08-08 09:37:08,4.43,0.9465,100,4.24,0.9059,100,4.3,0.9188,4,4.335,0.9262,29,0
SPY190809P294,2019-08-08,2019-08-08 09:37:08,4.43,0.9465,120,4.24,0.9059,100,4.3,0.9188,4,4.335,0.9262,29,0
SPY190809P294,2019-08-08,2019-08-08 09:37:09,4.48,0.9572,100,4.32,0.923,100,4.3,0.9188,4,4.4,0.9401,29,0
SPY190809P294,2019-08-08,2019-08-08 09:37:09,4.43,0.9465,10,4.26,0.9102,100,4.3,0.9188,4,4.345,0.9284,29,0
SPY190809P294,2019-08-08,2019-08-08 09:37:10,4.49,0.9594,100,4.27,0.9123,100,4.3,0.9188,4,4.38,0.9358,29,0
SPY190809P294,2019-08-08,2019-08-08 09:37:10,4.47,0.9551,100,4.27,0.9123,100,4.3,0.9188,4,4.37,0.9337,29,0
SPY190809P294,2019-08-08,2019-08-08 09:37:11,4.48,0.9572,5,4.28,0.9145,5,4.3,0.9188,4,4.38,0.9358,29,0
SPY190809P294,2019-08-08,2019-08-08 09:37:12,4.47,0.9551,5,4.31,0.9209,100,4.3,0.9188,4,4.39,0.938,29,0
SPY190809P294,2019-08-08,2019-08-08 09:37:12,4.48,0.9572,100,4.28,0.9145,5,4.3,0.9188,4,4.38,0.9358,29,0
SPY190809P294,2019-08-08,2019-08-08 09:37:13,4.47,0.9551,116,4.31,0.9209,100,4.3,0.9188,4,4.39,0.938,29,0
SPY190809P294,2019-08-08,2019-08-08 09:37:13,4.47,0.9551,100,4.31,0.9209,100,4.3,0.9188,4,4.39,0.938,29,0
SPY190809P294,2019-08-08,2019-08-08 09:37:14,4.52,0.9658,100,4.31,0.9209,100,4.3,0.9188,4,4.415,0.9433,29,0
SPY190809P294,2019-08-08,2019-08-08 09:37:14,4.55,0.9722,120,4.34,0.9273,162,4.3,0.9188,4,4.445,0.9497,29,0
SPY190809P294,2019-08-08,2019-08-08 09:37:15,4.54,0.97,38,4.41,0.9423,100,4.3,0.9188,4,4.475,0.9561,29,0
SPY190809P294,2019-08-08,2019-08-08 09:37:15,4.55,0.9722,11,4.41,0.9423,100,4.3,0.9188,4,4.48,0.9572,29,0
SPY190809P294,2019-08-08,2019-08-08 09:37:16,4.54,0.97,52,4.41,0.9423,100,4.3,0.9188,4,4.475,0.9561,29,0
SPY190809P294,2019-08-08,2019-08-08 09:37:16,4.54,0.97,57,4.41,0.9423,100,4.3,0.9188,4,4.475,0.9561,29,0
SPY190809P294,2019-08-08,2019-08-08 09:37:17,4.61,0.985,100,4.34,0.9273,5,4.3,0.9188,4,4.475,0.9561,29,0
SPY190809P294,2019-08-08,2019-08-08 09:37:17,4.54,0.97,5,4.4,0.9401,100,4.3,0.9188,4,4.47,0.9551,29,0
SPY190809P294,2019-08-08,2019-08-08 09:37:18,4.56,0.9743,100,4.34,0.9273,100,4.3,0.9188,4,4.45,0.9508,29,0
SPY190809P294,2019-08-08,2019-08-08 09:37:18,4.57,0.9764,2,4.34,0.9273,100,4.3,0.9188,4,4.455,0.9519,29,0
SPY190809P294,2019-08-08,2019-08-08 09:37:19,4.53,0.9679,120,4.3,0.9188,100,4.3,0.9188,4,4.415,0.9433,29,0
SPY190809P294,2019-08-08,2019-08-08 09:37:19,4.52,0.9658,100,4.36,0.9316,100,4.3,0.9188,4,4.44,0.9487,29,0
SPY190809P294,2019-08-08,2019-08-08 09:37:20,4.5,0.9615,100,4.35,0.9294,100,4.3,0.9188,4,4.425,0.9455,29,0
SPY190809P294,2019-08-08,2019-08-08 09:37:20,4.5,0.9615,120,4.35,0.9294,100,4.3,0.9188,4,4.425,0.9455,29,0
SPY190809P294,2019-08-08,2019-08-08 09:37:21,4.49,0.9594,120,4.28,0.9145,100,4.3,0.9188,4,4.385,0.9369,29,0
SPY190809P294,2019-08-08,2019-08-08 09:37:21,4.49,0.9594,5,4.36,0.9316,5,4.3,0.9188,4,4.425,0.9455,29,0
SPY190809P294,2019-08-08,2019-08-08 09:37:22,4.48,0.9572,5,4.31,0.9209,100,4.3,0.9188,4,4.395,0.9391,29,0
SPY190809P294,2019-08-08,2019-08-08 09:37:22,4.48,0.9572,5,4.26,0.9102,5,4.3,0.9188,4,4.37,0.9337,29,0
SPY190809P294,2019-08-08,2019-08-08 09:37:23,4.58,0.9786,50,4.24,0.9059,50,4.3,0.9188,4,4.41,0.9423,29,0
SPY190809P294,2019-08-08,2019-08-08 09:37:23,4.48,0.9572,15,4.25,0.9081,11,4.3,0.9188,4,4.365,0.9326,29,0
SPY190809P294,2019-08-08,2019-08-08 09:37:24,4.5,0.9615,100,4.34,0.9273,100,4.3,0.9188,4,4.42,0.9444,29,0
SPY190809P294,2019-08-08,2019-08-08 09:37:24,4.5,0.9615,100,4.3,0.9188,100,4.3,0.9188,4,4.4,0.9401,29,0
SPY190809P294,2019-08-08,2019-08-08 09:37:25,4.48,0.9572,100,4.33,0.9252,100,4.3,0.9188,4,4.405,0.9412,29,0
SPY190809P294,2019-08-08,2019-08-08 09:37:25,4.52,0.9658,100,4.3,0.9188,100,4.3,0.9188,4,4.41,0.9423,29,0
SPY190809P294,2019-08-08,2019-08-08 09:37:26,4.52,0.9658,100,4.29,0.9166,100,4.3,0.9188,4,4.405,0.9412,29,0
SPY190809P294,2019-08-08,2019-08-08 09:37:26,4.49,0.9594,100,4.29,0.9166,100,4.3,0.9188,4,4.39,0.938,29,0
SPY190809P294,2019-08-08,2019-08-08 09:37:27,4.5,0.9615,5,4.36,0.9316,100,4.3,0.9188,4,4.43,0.9465,29,0
SPY190809P294,2019-08-08,2019-08-08 09:37:27,4.57,0.9764,55,4.25,0.9081,60,4.3,0.9188,4,4.41,0.9423,29,0
SPY190809P294,2019-08-08,2019-08-08 09:37:28,4.5,0.9615,5,4.33,0.9252,5,4.3,0.9188,4,4.415,0.9433,29,0
SPY190809P294,2019-08-08,2019-08-08 09:37:28,4.56,0.9743,100,4.41,0.9423,100,4.3,0.9188,4,4.485,0.9583,29,0
SPY190809P294,2019-08-08,2019-08-08 09:37:29,4.55,0.9722,5,4.42,0.9444,5,4.3,0.9188,4,4.485,0.9583,29,0
SPY190809P294,2019-08-08,2019-08-08 09:37:30,4.62,0.9871,100,4.35,0.9294,100,4.3,0.9188,4,4.485,0.9583,29,0
SPY190809P294,2019-08-08,2019-08-08 09:37:30,4.62,0.9871,11,4.31,0.9209,50,4.3,0.9188,4,4.465,0.954,29,0
SPY190809P294,2019-08-08,2019-08-08 09:37:31,4.54,0.97,100,4.37,0.9337,100,4.3,0.9188,4,4.455,0.9519,29,0
SPY190809P294,2019-08-08,2019-08-08 09:37:31,4.54,0.97,100,4.39,0.938,100,4.3,0.9188,4,4.465,0.954,29,0
SPY190809P294,2019-08-08,2019-08-08 09:37:32,4.52,0.9658,100,4.4,0.9401,5,4.3,0.9188,4,4.46,0.9529,29,0
SPY190809P294,2019-08-08,2019-08-08 09:37:32,4.53,0.9679,5,4.4,0.9401,5,4.3,0.9188,4,4.465,0.954,29,0
SPY190809P294,2019-08-08,2019-08-08 09:37:33,4.51,0.9636,5,4.35,0.9294,100,4.3,0.9188,4,4.43,0.9465,29,0
SPY190809P294,2019-08-08,2019-08-08 09:37:33,4.51,0.9636,102,4.31,0.9209,100,4.3,0.9188,4,4.41,0.9423,29,0
SPY190809P294,2019-08-08,2019-08-08 09:37:34,4.51,0.9636,102,4.31,0.9209,100,4.3,0.9188,4,4.41,0.9423,29,0
SPY190809P294,2019-08-08,2019-08-08 09:37:34,4.51,0.9636,102,4.37,0.9337,100,4.3,0.9188,4,4.44,0.9487,29,0
SPY190809P294,2019-08-08,2019-08-08 09:37:35,4.49,0.9594,102,4.33,0.9252,100,4.3,0.9188,4,4.41,0.9423,29,0
SPY190809P294,2019-08-08,2019-08-08 09:37:35,4.5,0.9615,120,4.33,0.9252,100,4.3,0.9188,4,4.415,0.9433,29,0
SPY190809P294,2019-08-08,2019-08-08 09:37:36,4.49,0.9594,120,4.33,0.9252,100,4.3,0.9188,4,4.41,0.9423,29,0
SPY190809P294,2019-08-08,2019-08-08 09:37:36,4.49,0.9594,102,4.29,0.9166,38,4.3,0.9188,4,4.39,0.938,29,0
SPY190809P294,2019-08-08,2019-08-08 09:37:37,4.48,0.9572,103,4.27,0.9123,100,4.3,0.9188,4,4.375,0.9348,29,0
SPY190809P294,2019-08-08,2019-08-08 09:37:37,4.48,0.9572,103,4.31,0.9209,100,4.3,0.9188,4,4.395,0.9391,29,0
SPY190809P294,2019-08-08,2019-08-08 09:37:38,4.48,0.9572,100,4.27,0.9123,100,4.3,0.9188,4,4.375,0.9348,29,0
SPY190809P294,2019-08-08,2019-08-08 09:37:39,4.48,0.9572,100,4.27,0.9123,100,4.3,0.9188,4,4.375,0.9348,29,0
SPY190809P294,2019-08-08,2019-08-08 09:37:39,4.45,0.9508,100,4.31,0.9209,5,4.3,0.9188,4,4.38,0.9358,29,0
SPY190809P294,2019-08-08,2019-08-08 09:37:40,4.43,0.9465,100,4.27,0.9123,100,4.3,0.9188,4,4.35,0.9294,29,0
SPY190809P294,2019-08-08,2019-08-08 09:37:40,4.44,0.9487,8,4.31,0.9209,5,4.3,0.9188,4,4.375,0.9348,29,0
SPY190809P294,2019-08-08,2019-08-08 09:37:41,4.44,0.9487,110,4.28,0.9145,100,4.3,0.9188,4,4.36,0.9316,29,0
SPY190809P294,2019-08-08,2019-08-08 09:37:41,4.51,0.9636,160,4.28,0.9145,100,4.3,0.9188,4,4.395,0.9391,29,0
SPY190809P294,2019-08-08,2019-08-08 09:37:42,4.51,0.9636,100,4.27,0.9123,100,4.3,0.9188,4,4.39,0.938,29,0
SPY190809P294,2019-08-08,2019-08-08 09:37:42,4.43,0.9465,5,4.27,0.9123,100,4.3,0.9188,4,4.35,0.9294,29,0
SPY190809P294,2019-08-08,2019-08-08 09:37:43,4.43,0.9465,10,4.27,0.9123,100,4.3,0.9188,4,4.35,0.9294,29,0
SPY190809P294,2019-08-08,2019-08-08 09:37:44,4.44,0.9487,100,4.28,0.9145,100,4.3,0.9188,4,4.36,0.9316,29,0
SPY190809P294,2019-08-08,2019-08-08 09:37:44,4.43,0.9465,10,4.23,0.9038,100,4.3,0.9188,4,4.33,0.9252,29,0
SPY190809P294,2019-08-08,2019-08-08 09:37:45,4.45,0.9508,120,4.27,0.9123,100,4.3,0.9188,4,4.36,0.9316,29,0
SPY190809P294,2019-08-08,2019-08-08 09:37:45,4.49,0.9594,100,4.27,0.9123,100,4.3,0.9188,4,4.38,0.9358,29,0
SPY190809P294,2019-08-08,2019-08-08 09:37:46,4.43,0.9465,120,4.27,0.9123,100,4.3,0.9188,4,4.35,0.9294,29,0
SPY190809P294,2019-08-08,2019-08-08 09:37:46,4.42,0.9444,5,4.28,0.9145,100,4.3,0.9188,4,4.35,0.9294,29,0
SPY190809P294,2019-08-08,2019-08-08 09:37:47,4.42,0.9444,101,4.28,0.9145,100,4.3,0.9188,4,4.35,0.9294,29,0
SPY190809P294,2019-08-08,2019-08-08 09:37:47,4.42,0.9444,5,4.28,0.9145,100,4.3,0.9188,4,4.35,0.9294,29,0
SPY190809P294,2019-08-08,2019-08-08 09:37:48,4.41,0.9423,120,4.26,0.9102,100,4.3,0.9188,4,4.335,0.9262,29,0
SPY190809P294,2019-08-08,2019-08-08 09:37:48,4.41,0.9423,5,4.26,0.9102,100,4.3,0.9188,4,4.335,0.9262,29,0
SPY190809P294,2019-08-08,2019-08-08 09:37:49,4.41,0.9423,20,4.26,0.9102,100,4.3,0.9188,4,4.335,0.9262,29,0
SPY190809P294,2019-08-08,2019-08-08 09:37:49,4.48,0.9572,100,4.3,0.9188,100,4.3,0.9188,4,4.39,0.938,29,0
SPY190809P294,2019-08-08,2019-08-08 09:37:50,4.48,0.9572,100,4.22,0.9017,60,4.3,0.9188,4,4.35,0.9294,29,0
SPY190809P294,2019-08-08,2019-08-08 09:37:50,4.51,0.9636,5,4.33,0.9252,100,4.3,0.9188,4,4.42,0.9444,29,0
SPY190809P294,2019-08-08,2019-08-08 09:37:51,4.47,0.9551,120,4.28,0.9145,100,4.3,0.9188,4,4.375,0.9348,29,0
SPY190809P294,2019-08-08,2019-08-08 09:37:51,4.46,0.9529,5,4.34,0.9273,100,4.3,0.9188,4,4.4,0.9401,29,0
SPY190809P294,2019-08-08,2019-08-08 09:37:52,4.52,0.9658,100,4.3,0.9188,100,4.3,0.9188,4,4.41,0.9423,29,0
SPY190809P294,2019-08-08,2019-08-08 09:37:52,4.55,0.9722,5,4.34,0.9273,100,4.3,0.9188,4,4.445,0.9497,29,0
SPY190809P294,2019-08-08,2019-08-08 09:37:53,4.49,0.9594,100,4.34,0.9273,100,4.3,0.9188,4,4.415,0.9433,29,0
SPY190809P294,2019-08-08,2019-08-08 09:37:54,4.55,0.9722,120,4.28,0.9145,5,4.3,0.9188,4,4.415,0.9433,29,0
SPY190809P294,2019-08-08,2019-08-08 09:37:54,4.51,0.9636,120,4.31,0.9209,100,4.3,0.9188,4,4.41,0.9423,29,0
SPY190809P294,2019-08-08,2019-08-08 09:37:55,4.5,0.9615,101,4.29,0.9166,5,4.3,0.9188,4,4.395,0.9391,29,0
SPY190809P294,2019-08-08,2019-08-08 09:37:55,4.51,0.9636,120,4.32,0.923,100,4.3,0.9188,4,4.415,0.9433,29,0
SPY190809P294,2019-08-08,2019-08-08 09:37:56,4.53,0.9679,120,4.35,0.9294,100,4.3,0.9188,4,4.44,0.9487,29,0
SPY190809P294,2019-08-08,2019-08-08 09:37:56,4.56,0.9743,5,4.32,0.923,5,4.3,0.9188,4,4.44,0.9487,29,0
SPY190809P294,2019-08-08,2019-08-08 09:37:57,4.51,0.9636,120,4.36,0.9316,100,4.3,0.9188,4,4.435,0.9476,29,0
SPY190809P294,2019-08-08,2019-08-08 09:37:57,4.51,0.9636,100,4.35,0.9294,100,4.3,0.9188,4,4.43,0.9465,29,0
SPY190809P294,2019-08-08,2019-08-08 09:37:58,4.51,0.9636,120,4.31,0.9209,140,4.3,0.9188,4,4.41,0.9423,29,0
SPY190809P294,2019-08-08,2019-08-08 09:37:58,4.51,0.9636,120,4.32,0.923,5,4.3,0.9188,4,4.415,0.9433,29,0
SPY190809P294,2019-08-08,2019-08-08 09:37:59,4.5,0.9615,120,4.34,0.9273,100,4.3,0.9188,4,4.42,0.9444,29,0
SPY190809P294,2019-08-08,2019-08-08 09:37:59,4.51,0.9636,120,4.32,0.923,5,4.3,0.9188,4,4.415,0.9433,29,0
SPY190809P294,2019-08-08,2019-08-08 09:38:00,4.51,0.9636,100,4.29,0.9166,11,4.3,0.9188,4,4.4,0.9401,29,0
SPY190809P294,2019-08-08,2019-08-08 09:38:00,4.55,0.9722,120,4.29,0.9166,11,4.3,0.9188,4,4.42,0.9444,29,0
SPY190809P294,2019-08-08,2019-08-08 09:38:01,4.54,0.97,100,4.38,0.9358,100,4.3,0.9188,4,4.46,0.9529,29,0
SPY190809P294,2019-08-08,2019-08-08 09:38:01,4.54,0.97,100,4.39,0.938,100,4.3,0.9188,4,4.465,0.954,29,0
SPY190809P294,2019-08-08,2019-08-08 09:38:02,4.51,0.9636,100,4.35,0.9294,100,4.3,0.9188,4,4.43,0.9465,29,0
SPY190809P294,2019-08-08,2019-08-08 09:38:02,4.54,0.97,120,4.32,0.923,5,4.3,0.9188,4,4.43,0.9465,29,0
SPY190809P294,2019-08-08,2019-08-08 09:38:03,4.5,0.9615,100,4.37,0.9337,100,4.3,0.9188,4,4.435,0.9476,29,0
SPY190809P294,2019-08-08,2019-08-08 09:38:03,4.5,0.9615,100,4.35,0.9294,100,4.3,0.9188,4,4.425,0.9455,29,0
SPY190809P294,2019-08-08,2019-08-08 09:38:04,4.56,0.9743,120,4.4,0.9401,100,4.3,0.9188,4,4.48,0.9572,29,0
SPY190809P294,2019-08-08,2019-08-08 09:38:04,4.5,0.9615,92,4.31,0.9209,60,4.3,0.9188,4,4.405,0.9412,29,0
SPY190809P294,2019-08-08,2019-08-08 09:38:05,4.55,0.9722,100,4.41,0.9423,5,4.3,0.9188,4,4.48,0.9572,29,0
SPY190809P294,2019-08-08,2019-08-08 09:38:05,4.54,0.97,120,4.37,0.9337,100,4.3,0.9188,4,4.455,0.9519,29,0
SPY190809P294,2019-08-08,2019-08-08 09:38:06,4.54,0.97,120,4.33,0.9252,140,4.3,0.9188,4,4.435,0.9476,29,0
SPY190809P294,2019-08-08,2019-08-08 09:38:06,4.54,0.97,120,4.4,0.9401,100,4.3,0.9188,4,4.47,0.9551,29,0
SPY190809P294,2019-08-08,2019-08-08 09:38:07,4.54,0.97,120,4.37,0.9337,100,4.3,0.9188,4,4.455,0.9519,29,0
SPY190809P294,2019-08-08,2019-08-08 09:38:08,4.54,0.97,120,4.37,0.9337,100,4.3,0.9188,4,4.455,0.9519,29,0
SPY190809P294,2019-08-08,2019-08-08 09:38:08,4.54,0.97,100,4.32,0.923,5,4.3,0.9188,4,4.43,0.9465,29,0
SPY190809P294,2019-08-08,2019-08-08 09:38:09,4.52,0.9658,100,4.32,0.923,5,4.3,0.9188,4,4.42,0.9444,29,0
SPY190809P294,2019-08-08,2019-08-08 09:38:09,4.57,0.9764,100,4.32,0.923,5,4.3,0.9188,4,4.445,0.9497,29,0
SPY190809P294,2019-08-08,2019-08-08 09:38:10,4.62,0.9871,100,4.27,0.9123,100,4.3,0.9188,4,4.445,0.9497,29,0
SPY190809P294,2019-08-08,2019-08-08 09:38:10,4.57,0.9764,100,4.35,0.9294,100,4.3,0.9188,4,4.46,0.9529,29,0
SPY190809P294,2019-08-08,2019-08-08 09:38:11,4.54,0.97,100,4.39,0.938,100,4.3,0.9188,4,4.465,0.954,29,0
SPY190809P294,2019-08-08,2019-08-08 09:38:11,4.62,0.9871,100,4.33,0.9252,60,4.3,0.9188,4,4.475,0.9561,29,0
SPY190809P294,2019-08-08,2019-08-08 09:38:12,4.55,0.9722,100,4.38,0.9358,100,4.3,0.9188,4,4.465,0.954,29,0
SPY190809P294,2019-08-08,2019-08-08 09:38:12,4.55,0.9722,100,4.39,0.938,100,4.3,0.9188,4,4.47,0.9551,29,0
SPY190809P294,2019-08-08,2019-08-08 09:38:13,4.55,0.9722,100,4.39,0.938,100,4.3,0.9188,4,4.47,0.9551,29,0
SPY190809P294,2019-08-08,2019-08-08 09:38:13,4.56,0.9743,100,4.4,0.9401,100,4.3,0.9188,4,4.48,0.9572,29,0
SPY190809P294,2019-08-08,2019-08-08 09:38:14,4.6,0.9829,100,4.37,0.9337,100,4.3,0.9188,4,4.485,0.9583,29,0
SPY190809P294,2019-08-08,2019-08-08 09:38:15,4.56,0.9743,110,4.37,0.9337,100,4.3,0.9188,4,4.465,0.954,29,0
SPY190809P294,2019-08-08,2019-08-08 09:38:15,4.56,0.9743,100,4.37,0.9337,100,4.3,0.9188,4,4.465,0.954,29,0
SPY190809P294,2019-08-08,2019-08-08 09:38:16,4.6,0.9829,100,4.37,0.9337,100,4.3,0.9188,4,4.485,0.9583,29,0
SPY190809P294,2019-08-08,2019-08-08 09:38:16,4.64,0.9914,5,4.34,0.9273,100,4.3,0.9188,4,4.49,0.9594,29,0
SPY190809P294,2019-08-08,2019-08-08 09:38:17,4.56,0.9743,5,4.38,0.9358,100,4.3,0.9188,4,4.47,0.9551,29,0
SPY190809P294,2019-08-08,2019-08-08 09:38:17,4.57,0.9764,100,4.41,0.9423,100,4.3,0.9188,4,4.49,0.9594,29,0
SPY190809P294,2019-08-08,2019-08-08 09:38:18,4.56,0.9743,100,4.35,0.9294,5,4.3,0.9188,4,4.455,0.9519,29,0
SPY190809P294,2019-08-08,2019-08-08 09:38:18,4.56,0.9743,5,4.34,0.9273,138,4.3,0.9188,4,4.45,0.9508,29,0
SPY190809P294,2019-08-08,2019-08-08 09:38:19,4.56,0.9743,100,4.38,0.9358,100,4.3,0.9188,4,4.47,0.9551,29,0
SPY190809P294,2019-08-08,2019-08-08 09:38:19,4.54,0.97,110,4.38,0.9358,100,4.3,0.9188,4,4.46,0.9529,29,0
SPY190809P294,2019-08-08,2019-08-08 09:38:20,4.53,0.9679,5,4.33,0.9252,10,4.3,0.9188,4,4.43,0.9465,29,0
SPY190809P294,2019-08-08,2019-08-08 09:38:21,4.52,0.9658,100,4.34,0.9273,142,4.3,0.9188,4,4.43,0.9465,29,0
SPY190809P294,2019-08-08,2019-08-08 09:38:21,4.52,0.9658,5,4.35,0.9294,5,4.3,0.9188,4,4.435,0.9476,29,0
SPY190809P294,2019-08-08,2019-08-08 09:38:22,4.52,0.9658,100,4.36,0.9316,100,4.3,0.9188,4,4.44,0.9487,29,0
SPY190809P294,2019-08-08,2019-08-08 09:38:22,4.53,0.9679,100,4.38,0.9358,100,4.3,0.9188,4,4.455,0.9519,29,0
SPY190809P294,2019-08-08,2019-08-08 09:38:23,4.5,0.9615,100,4.34,0.9273,100,4.3,0.9188,4,4.42,0.9444,29,0
SPY190809P294,2019-08-08,2019-08-08 09:38:23,4.52,0.9658,110,4.34,0.9273,100,4.3,0.9188,4,4.43,0.9465,29,0
SPY190809P294,2019-08-08,2019-08-08 09:38:24,4.54,0.97,100,4.33,0.9252,100,4.3,0.9188,4,4.435,0.9476,29,0
SPY190809P294,2019-08-08,2019-08-08 09:38:24,4.58,0.9786,120,4.36,0.9316,100,4.3,0.9188,4,4.47,0.9551,29,0
SPY190809P294,2019-08-08,2019-08-08 09:38:25,4.54,0.97,133,4.33,0.9252,100,4.3,0.9188,4,4.435,0.9476,29,0
SPY190809P294,2019-08-08,2019-08-08 09:38:25,4.53,0.9679,100,4.37,0.9337,100,4.3,0.9188,4,4.45,0.9508,29,0
SPY190809P294,2019-08-08,2019-08-08 09:38:26,4.53,0.9679,100,4.38,0.9358,100,4.3,0.9188,4,4.455,0.9519,29,0
SPY190809P294,2019-08-08,2019-08-08 09:38:26,4.55,0.9722,120,4.39,0.938,100,4.3,0.9188,4,4.47,0.9551,29,0
