symbol,Date,quote_time,ask_price,norm_ask_price,ask_size,bid_price,norm_bid_price,bid_size,last_trade_price,norm_last_trade_price,last_trade_size,mark_price,norm_mark_price,volume,Volume
IWM191011P141,2019-10-10,2019-10-10 09:30:00,0.16,1.0,125,0.0,0.0,0,0.0,0.0,10680,0.08,0.5,0,0
IWM191011P141,2019-10-10,2019-10-10 09:30:01,0.16,1.0,125,0.0,0.0,0,0.0,0.0,10680,0.08,0.5,0,0
IWM191011P141,2019-10-10,2019-10-10 09:30:02,0.15,0.9375,135,0.0,0.0,0,0.0,0.0,10680,0.075,0.4687,0,0
IWM191011P141,2019-10-10,2019-10-10 09:30:03,0.09,0.5625,100,0.0,0.0,0,0.0,0.0,10680,0.045,0.2812,0,0
IWM191011P141,2019-10-10,2019-10-10 09:30:04,0.09,0.5625,100,0.0,0.0,0,0.0,0.0,10680,0.045,0.2812,0,0
IWM191011P141,2019-10-10,2019-10-10 09:30:05,0.09,0.5625,100,0.0,0.0,0,0.0,0.0,10680,0.045,0.2812,0,0
IWM191011P141,2019-10-10,2019-10-10 09:30:06,0.09,0.5625,100,0.01,0.0625,2,0.0,0.0,10680,0.05,0.3125,0,0
IWM191011P141,2019-10-10,2019-10-10 09:30:06,0.09,0.5625,100,0.0,0.0,0,0.0,0.0,10680,0.045,0.2812,0,0
IWM191011P141,2019-10-10,2019-10-10 09:30:07,0.09,0.5625,100,0.01,0.0625,2,0.0,0.0,10680,0.05,0.3125,0,0
IWM191011P141,2019-10-10,2019-10-10 09:30:08,0.09,0.5625,100,0.01,0.0625,2,0.0,0.0,10680,0.05,0.3125,0,0
IWM191011P141,2019-10-10,2019-10-10 09:30:09,0.09,0.5625,100,0.01,0.0625,2,0.0,0.0,10680,0.05,0.3125,0,0
IWM191011P141,2019-10-10,2019-10-10 09:30:09,0.09,0.5625,110,0.01,0.0625,100,0.0,0.0,10680,0.05,0.3125,0,0
IWM191011P141,2019-10-10,2019-10-10 09:30:10,0.09,0.5625,110,0.01,0.0625,20,0.0,0.0,10680,0.05,0.3125,0,0
IWM191011P141,2019-10-10,2019-10-10 09:30:10,0.05,0.3125,731,0.02,0.125,707,0.0,0.0,10680,0.035,0.2187,0,0
IWM191011P141,2019-10-10,2019-10-10 09:30:11,0.04,0.25,504,0.03,0.1875,495,0.0,0.0,10680,0.035,0.2187,0,0
IWM191011P141,2019-10-10,2019-10-10 09:30:12,0.04,0.25,504,0.03,0.1875,495,0.0,0.0,10680,0.035,0.2187,0,0
IWM191011P141,2019-10-10,2019-10-10 09:30:13,0.04,0.25,504,0.03,0.1875,495,0.0,0.0,10680,0.035,0.2187,0,0
IWM191011P141,2019-10-10,2019-10-10 09:30:14,0.04,0.25,504,0.03,0.1875,495,0.0,0.0,10680,0.035,0.2187,0,0
IWM191011P141,2019-10-10,2019-10-10 09:30:15,0.04,0.25,504,0.03,0.1875,495,0.0,0.0,10680,0.035,0.2187,0,0
IWM191011P141,2019-10-10,2019-10-10 09:30:16,0.04,0.25,504,0.03,0.1875,495,0.0,0.0,10680,0.035,0.2187,0,0
IWM191011P141,2019-10-10,2019-10-10 09:30:17,0.04,0.25,979,0.02,0.125,2377,0.0,0.0,10680,0.03,0.1875,0,0
IWM191011P141,2019-10-10,2019-10-10 09:30:17,0.04,0.25,979,0.02,0.125,1695,0.0,0.0,10680,0.03,0.1875,0,0
IWM191011P141,2019-10-10,2019-10-10 09:30:18,0.04,0.25,979,0.02,0.125,2377,0.0,0.0,10680,0.03,0.1875,0,0
IWM191011P141,2019-10-10,2019-10-10 09:30:18,0.04,0.25,979,0.02,0.125,1695,0.0,0.0,10680,0.03,0.1875,0,0
IWM191011P141,2019-10-10,2019-10-10 09:30:19,0.04,0.25,1159,0.02,0.125,2596,0.0,0.0,10680,0.03,0.1875,0,0
IWM191011P141,2019-10-10,2019-10-10 09:30:20,0.04,0.25,1159,0.02,0.125,2620,0.0,0.0,10680,0.03,0.1875,0,0
IWM191011P141,2019-10-10,2019-10-10 09:30:21,0.04,0.25,1245,0.02,0.125,1815,0.0,0.0,10680,0.03,0.1875,0,0
IWM191011P141,2019-10-10,2019-10-10 09:30:21,0.04,0.25,1220,0.02,0.125,2718,0.0,0.0,10680,0.03,0.1875,0,0
IWM191011P141,2019-10-10,2019-10-10 09:30:22,0.04,0.25,1245,0.02,0.125,2800,0.0,0.0,10680,0.03,0.1875,0,0
IWM191011P141,2019-10-10,2019-10-10 09:30:22,0.04,0.25,1245,0.02,0.125,1867,0.0,0.0,10680,0.03,0.1875,0,0
IWM191011P141,2019-10-10,2019-10-10 09:30:23,0.04,0.25,1231,0.02,0.125,2024,0.0,0.0,10680,0.03,0.1875,0,0
IWM191011P141,2019-10-10,2019-10-10 09:30:23,0.04,0.25,1259,0.02,0.125,2024,0.0,0.0,10680,0.03,0.1875,0,0
IWM191011P141,2019-10-10,2019-10-10 09:30:24,0.04,0.25,1231,0.02,0.125,2024,0.0,0.0,10680,0.03,0.1875,0,0
IWM191011P141,2019-10-10,2019-10-10 09:30:25,0.04,0.25,1231,0.02,0.125,2024,0.0,0.0,10680,0.03,0.1875,0,0
IWM191011P141,2019-10-10,2019-10-10 09:30:26,0.04,0.25,1220,0.02,0.125,1568,0.0,0.0,10680,0.03,0.1875,0,0
IWM191011P141,2019-10-10,2019-10-10 09:30:27,0.04,0.25,1220,0.02,0.125,1568,0.0,0.0,10680,0.03,0.1875,0,0
IWM191011P141,2019-10-10,2019-10-10 09:30:27,0.04,0.25,1220,0.02,0.125,2352,0.0,0.0,10680,0.03,0.1875,0,0
IWM191011P141,2019-10-10,2019-10-10 09:30:28,0.04,0.25,1220,0.02,0.125,2352,0.0,0.0,10680,0.03,0.1875,0,0
IWM191011P141,2019-10-10,2019-10-10 09:30:29,0.04,0.25,1220,0.02,0.125,2352,0.0,0.0,10680,0.03,0.1875,0,0
IWM191011P141,2019-10-10,2019-10-10 09:30:30,0.04,0.25,1220,0.02,0.125,2437,0.0,0.0,10680,0.03,0.1875,0,0
IWM191011P141,2019-10-10,2019-10-10 09:30:31,0.04,0.25,1220,0.02,0.125,2437,0.0,0.0,10680,0.03,0.1875,0,0
IWM191011P141,2019-10-10,2019-10-10 09:30:31,0.04,0.25,1220,0.02,0.125,2504,0.0,0.0,10680,0.03,0.1875,0,0
IWM191011P141,2019-10-10,2019-10-10 09:30:32,0.04,0.25,1220,0.02,0.125,2594,0.0,0.0,10680,0.03,0.1875,0,0
IWM191011P141,2019-10-10,2019-10-10 09:30:33,0.04,0.25,1220,0.02,0.125,2594,0.0,0.0,10680,0.03,0.1875,0,0
IWM191011P141,2019-10-10,2019-10-10 09:30:34,0.04,0.25,1220,0.02,0.125,2594,0.0,0.0,10680,0.03,0.1875,0,0
IWM191011P141,2019-10-10,2019-10-10 09:30:35,0.04,0.25,1220,0.02,0.125,2594,0.0,0.0,10680,0.03,0.1875,0,0
IWM191011P141,2019-10-10,2019-10-10 09:30:36,0.04,0.25,1220,0.02,0.125,2594,0.0,0.0,10680,0.03,0.1875,0,0
IWM191011P141,2019-10-10,2019-10-10 09:30:37,0.04,0.25,1220,0.02,0.125,2594,0.0,0.0,10680,0.03,0.1875,0,0
IWM191011P141,2019-10-10,2019-10-10 09:30:38,0.04,0.25,1220,0.02,0.125,2594,0.0,0.0,10680,0.03,0.1875,0,0
IWM191011P141,2019-10-10,2019-10-10 09:30:39,0.04,0.25,1220,0.02,0.125,2594,0.0,0.0,10680,0.03,0.1875,0,0
IWM191011P141,2019-10-10,2019-10-10 09:30:40,0.04,0.25,700,0.02,0.125,1787,0.0,0.0,10680,0.03,0.1875,0,0
IWM191011P141,2019-10-10,2019-10-10 09:30:40,0.04,0.25,1220,0.02,0.125,2599,0.0,0.0,10680,0.03,0.1875,0,0
IWM191011P141,2019-10-10,2019-10-10 09:30:41,0.04,0.25,1220,0.02,0.125,2599,0.0,0.0,10680,0.03,0.1875,0,0
IWM191011P141,2019-10-10,2019-10-10 09:30:42,0.04,0.25,1220,0.02,0.125,2599,0.0,0.0,10680,0.03,0.1875,0,0
IWM191011P141,2019-10-10,2019-10-10 09:30:43,0.04,0.25,1220,0.02,0.125,1815,0.0,0.0,10680,0.03,0.1875,0,0
IWM191011P141,2019-10-10,2019-10-10 09:30:44,0.04,0.25,1220,0.02,0.125,2526,0.0,0.0,10680,0.03,0.1875,0,0
IWM191011P141,2019-10-10,2019-10-10 09:30:44,0.04,0.25,700,0.02,0.125,1003,0.0,0.0,10680,0.03,0.1875,0,0
IWM191011P141,2019-10-10,2019-10-10 09:30:45,0.04,0.25,700,0.02,0.125,1845,0.0,0.0,10680,0.03,0.1875,0,0
IWM191011P141,2019-10-10,2019-10-10 09:30:45,0.04,0.25,1220,0.02,0.125,2526,0.0,0.0,10680,0.03,0.1875,0,0
IWM191011P141,2019-10-10,2019-10-10 09:30:46,0.04,0.25,1220,0.02,0.125,2664,0.0,0.0,10680,0.03,0.1875,0,0
IWM191011P141,2019-10-10,2019-10-10 09:30:47,0.04,0.25,1220,0.02,0.125,2732,0.0,0.0,10680,0.03,0.1875,0,0
IWM191011P141,2019-10-10,2019-10-10 09:30:47,0.04,0.25,2468,0.02,0.125,2672,0.0,0.0,10680,0.03,0.1875,0,0
IWM191011P141,2019-10-10,2019-10-10 09:30:48,0.04,0.25,2468,0.02,0.125,2672,0.0,0.0,10680,0.03,0.1875,0,0
IWM191011P141,2019-10-10,2019-10-10 09:30:49,0.04,0.25,1582,0.02,0.125,2968,0.0,0.0,10680,0.03,0.1875,0,0
IWM191011P141,2019-10-10,2019-10-10 09:30:49,0.04,0.25,2582,0.02,0.125,3651,0.0,0.0,10680,0.03,0.1875,0,0
IWM191011P141,2019-10-10,2019-10-10 09:30:50,0.04,0.25,1527,0.02,0.125,2737,0.0,0.0,10680,0.03,0.1875,0,0
IWM191011P141,2019-10-10,2019-10-10 09:30:51,0.04,0.25,1527,0.02,0.125,2736,0.0,0.0,10680,0.03,0.1875,0,0
IWM191011P141,2019-10-10,2019-10-10 09:30:51,0.04,0.25,800,0.02,0.125,1439,0.0,0.0,10680,0.03,0.1875,0,0
IWM191011P141,2019-10-10,2019-10-10 09:30:52,0.04,0.25,2545,0.02,0.125,2437,0.0,0.0,10680,0.03,0.1875,0,0
IWM191011P141,2019-10-10,2019-10-10 09:30:53,0.04,0.25,2545,0.02,0.125,2437,0.0,0.0,10680,0.03,0.1875,0,0
IWM191011P141,2019-10-10,2019-10-10 09:30:54,0.04,0.25,2545,0.02,0.125,2437,0.0,0.0,10680,0.03,0.1875,0,0
IWM191011P141,2019-10-10,2019-10-10 09:30:54,0.04,0.25,1545,0.02,0.125,2040,0.0,0.0,10680,0.03,0.1875,0,0
IWM191011P141,2019-10-10,2019-10-10 09:30:55,0.04,0.25,1545,0.02,0.125,2040,0.0,0.0,10680,0.03,0.1875,0,0
IWM191011P141,2019-10-10,2019-10-10 09:30:55,0.04,0.25,2545,0.02,0.125,2437,0.0,0.0,10680,0.03,0.1875,0,0
IWM191011P141,2019-10-10,2019-10-10 09:30:56,0.04,0.25,2545,0.02,0.125,2437,0.0,0.0,10680,0.03,0.1875,0,0
IWM191011P141,2019-10-10,2019-10-10 09:30:57,0.04,0.25,2545,0.02,0.125,2437,0.0,0.0,10680,0.03,0.1875,0,0
IWM191011P141,2019-10-10,2019-10-10 09:30:58,0.04,0.25,2545,0.02,0.125,2557,0.0,0.0,10680,0.03,0.1875,0,0
IWM191011P141,2019-10-10,2019-10-10 09:30:58,0.04,0.25,1545,0.02,0.125,2040,0.0,0.0,10680,0.03,0.1875,0,0
IWM191011P141,2019-10-10,2019-10-10 09:30:59,0.04,0.25,2545,0.02,0.125,2557,0.0,0.0,10680,0.03,0.1875,0,0
IWM191011P141,2019-10-10,2019-10-10 09:30:59,0.04,0.25,2527,0.02,0.125,2535,0.0,0.0,10680,0.03,0.1875,0,0
IWM191011P141,2019-10-10,2019-10-10 09:31:00,0.04,0.25,2043,0.02,0.125,2068,0.0,0.0,10680,0.03,0.1875,0,0
IWM191011P141,2019-10-10,2019-10-10 09:31:00,0.04,0.25,1743,0.02,0.125,1572,0.0,0.0,10680,0.03,0.1875,0,0
IWM191011P141,2019-10-10,2019-10-10 09:31:01,0.04,0.25,1743,0.02,0.125,2068,0.0,0.0,10680,0.03,0.1875,0,0
IWM191011P141,2019-10-10,2019-10-10 09:31:02,0.04,0.25,800,0.02,0.125,1465,0.0,0.0,10680,0.03,0.1875,0,0
IWM191011P141,2019-10-10,2019-10-10 09:31:02,0.04,0.25,2546,0.02,0.125,2462,0.0,0.0,10680,0.03,0.1875,0,0
IWM191011P141,2019-10-10,2019-10-10 09:31:03,0.04,0.25,2546,0.02,0.125,2462,0.0,0.0,10680,0.03,0.1875,0,0
IWM191011P141,2019-10-10,2019-10-10 09:31:04,0.04,0.25,2341,0.02,0.125,2124,0.0,0.0,10680,0.03,0.1875,0,0
IWM191011P141,2019-10-10,2019-10-10 09:31:04,0.04,0.25,2306,0.02,0.125,2258,0.0,0.0,10680,0.03,0.1875,0,0
IWM191011P141,2019-10-10,2019-10-10 09:31:05,0.04,0.25,2306,0.02,0.125,2258,0.0,0.0,10680,0.03,0.1875,0,0
IWM191011P141,2019-10-10,2019-10-10 09:31:05,0.04,0.25,2606,0.02,0.125,2558,0.0,0.0,10680,0.03,0.1875,0,0
IWM191011P141,2019-10-10,2019-10-10 09:31:06,0.04,0.25,2329,0.02,0.125,2258,0.0,0.0,10680,0.03,0.1875,0,0
IWM191011P141,2019-10-10,2019-10-10 09:31:06,0.04,0.25,2306,0.02,0.125,2258,0.0,0.0,10680,0.03,0.1875,0,0
IWM191011P141,2019-10-10,2019-10-10 09:31:07,0.04,0.25,2329,0.02,0.125,2258,0.0,0.0,10680,0.03,0.1875,0,0
IWM191011P141,2019-10-10,2019-10-10 09:31:08,0.04,0.25,2329,0.02,0.125,1960,0.0,0.0,10680,0.03,0.1875,0,0
IWM191011P141,2019-10-10,2019-10-10 09:31:08,0.04,0.25,2329,0.02,0.125,2060,0.0,0.0,10680,0.03,0.1875,0,0
IWM191011P141,2019-10-10,2019-10-10 09:31:09,0.04,0.25,2329,0.02,0.125,2068,0.0,0.0,10680,0.03,0.1875,0,0
IWM191011P141,2019-10-10,2019-10-10 09:31:10,0.04,0.25,2329,0.02,0.125,2258,0.0,0.0,10680,0.03,0.1875,0,0
IWM191011P141,2019-10-10,2019-10-10 09:31:11,0.04,0.25,2329,0.02,0.125,2258,0.0,0.0,10680,0.03,0.1875,0,0
IWM191011P141,2019-10-10,2019-10-10 09:31:11,0.04,0.25,693,0.02,0.125,1583,0.0,0.0,10680,0.03,0.1875,0,0
IWM191011P141,2019-10-10,2019-10-10 09:31:12,0.04,0.25,793,0.02,0.125,1021,0.0,0.0,10680,0.03,0.1875,0,0
IWM191011P141,2019-10-10,2019-10-10 09:31:13,0.04,0.25,2462,0.02,0.125,3385,0.0,0.0,10680,0.03,0.1875,0,0
IWM191011P141,2019-10-10,2019-10-10 09:31:14,0.04,0.25,2329,0.02,0.125,3832,0.0,0.0,10680,0.03,0.1875,0,0
IWM191011P141,2019-10-10,2019-10-10 09:31:14,0.04,0.25,2462,0.02,0.125,3385,0.0,0.0,10680,0.03,0.1875,0,0
IWM191011P141,2019-10-10,2019-10-10 09:31:15,0.04,0.25,1329,0.02,0.125,3113,0.0,0.0,10680,0.03,0.1875,0,0
IWM191011P141,2019-10-10,2019-10-10 09:31:15,0.04,0.25,2329,0.02,0.125,3832,0.0,0.0,10680,0.03,0.1875,0,0
IWM191011P141,2019-10-10,2019-10-10 09:31:16,0.04,0.25,2329,0.02,0.125,3832,0.0,0.0,10680,0.03,0.1875,0,0
IWM191011P141,2019-10-10,2019-10-10 09:31:17,0.04,0.25,2329,0.02,0.125,3832,0.0,0.0,10680,0.03,0.1875,0,0
IWM191011P141,2019-10-10,2019-10-10 09:31:18,0.04,0.25,2329,0.02,0.125,3832,0.0,0.0,10680,0.03,0.1875,0,0
IWM191011P141,2019-10-10,2019-10-10 09:31:19,0.04,0.25,1759,0.02,0.125,2937,0.0,0.0,10680,0.03,0.1875,0,0
IWM191011P141,2019-10-10,2019-10-10 09:31:19,0.04,0.25,2329,0.02,0.125,3832,0.0,0.0,10680,0.03,0.1875,0,0
IWM191011P141,2019-10-10,2019-10-10 09:31:20,0.04,0.25,2554,0.02,0.125,3865,0.0,0.0,10680,0.03,0.1875,0,0
IWM191011P141,2019-10-10,2019-10-10 09:31:21,0.04,0.25,2554,0.02,0.125,3865,0.0,0.0,10680,0.03,0.1875,0,0
IWM191011P141,2019-10-10,2019-10-10 09:31:22,0.04,0.25,2554,0.02,0.125,3865,0.0,0.0,10680,0.03,0.1875,0,0
IWM191011P141,2019-10-10,2019-10-10 09:31:23,0.04,0.25,2554,0.02,0.125,3865,0.0,0.0,10680,0.03,0.1875,0,0
IWM191011P141,2019-10-10,2019-10-10 09:31:23,0.04,0.25,1554,0.02,0.125,3146,0.0,0.0,10680,0.03,0.1875,0,0
IWM191011P141,2019-10-10,2019-10-10 09:31:24,0.04,0.25,2554,0.02,0.125,3865,0.0,0.0,10680,0.03,0.1875,0,0
IWM191011P141,2019-10-10,2019-10-10 09:31:25,0.04,0.25,2554,0.02,0.125,3385,0.0,0.0,10680,0.03,0.1875,0,0
IWM191011P141,2019-10-10,2019-10-10 09:31:26,0.04,0.25,2554,0.02,0.125,3385,0.0,0.0,10680,0.03,0.1875,0,0
IWM191011P141,2019-10-10,2019-10-10 09:31:27,0.04,0.25,2554,0.02,0.125,3385,0.0,0.0,10680,0.03,0.1875,0,0
IWM191011P141,2019-10-10,2019-10-10 09:31:28,0.04,0.25,2554,0.02,0.125,3385,0.0,0.0,10680,0.03,0.1875,0,0
IWM191011P141,2019-10-10,2019-10-10 09:31:28,0.04,0.25,2554,0.02,0.125,3832,0.0,0.0,10680,0.03,0.1875,0,0
IWM191011P141,2019-10-10,2019-10-10 09:31:29,0.04,0.25,2554,0.02,0.125,3832,0.0,0.0,10680,0.03,0.1875,0,0
IWM191011P141,2019-10-10,2019-10-10 09:31:30,0.04,0.25,2554,0.02,0.125,3832,0.0,0.0,10680,0.03,0.1875,0,0
IWM191011P141,2019-10-10,2019-10-10 09:31:31,0.04,0.25,2554,0.02,0.125,3832,0.0,0.0,10680,0.03,0.1875,0,0
IWM191011P141,2019-10-10,2019-10-10 09:31:32,0.04,0.25,2554,0.02,0.125,3832,0.0,0.0,10680,0.03,0.1875,0,0
IWM191011P141,2019-10-10,2019-10-10 09:31:33,0.04,0.25,2554,0.02,0.125,3832,0.0,0.0,10680,0.03,0.1875,0,0
IWM191011P141,2019-10-10,2019-10-10 09:31:34,0.04,0.25,2534,0.02,0.125,2469,0.0,0.0,10680,0.03,0.1875,0,0
IWM191011P141,2019-10-10,2019-10-10 09:31:34,0.04,0.25,2554,0.02,0.125,3832,0.0,0.0,10680,0.03,0.1875,0,0
IWM191011P141,2019-10-10,2019-10-10 09:31:35,0.04,0.25,2534,0.02,0.125,2469,0.0,0.0,10680,0.03,0.1875,0,0
IWM191011P141,2019-10-10,2019-10-10 09:31:36,0.04,0.25,2554,0.02,0.125,3819,0.0,0.0,10680,0.03,0.1875,0,0
IWM191011P141,2019-10-10,2019-10-10 09:31:37,0.05,0.3125,190,0.02,0.125,3819,0.0,0.0,10680,0.035,0.2187,0,0
IWM191011P141,2019-10-10,2019-10-10 09:31:37,0.05,0.3125,190,0.02,0.125,270,0.0,0.0,10680,0.035,0.2187,0,0
IWM191011P141,2019-10-10,2019-10-10 09:31:38,0.05,0.3125,190,0.02,0.125,370,0.0,0.0,10680,0.035,0.2187,0,0
IWM191011P141,2019-10-10,2019-10-10 09:31:38,0.04,0.25,150,0.02,0.125,190,0.0,0.0,10680,0.03,0.1875,0,0
IWM191011P141,2019-10-10,2019-10-10 09:31:39,0.04,0.25,72,0.02,0.125,190,0.0,0.0,10680,0.03,0.1875,0,0
IWM191011P141,2019-10-10,2019-10-10 09:31:39,0.05,0.3125,190,0.02,0.125,364,0.0,0.0,10680,0.035,0.2187,0,0
IWM191011P141,2019-10-10,2019-10-10 09:31:40,0.05,0.3125,585,0.02,0.125,1339,0.0,0.0,10680,0.035,0.2187,0,0
IWM191011P141,2019-10-10,2019-10-10 09:31:40,0.05,0.3125,502,0.02,0.125,539,0.0,0.0,10680,0.035,0.2187,0,0
IWM191011P141,2019-10-10,2019-10-10 09:31:41,0.05,0.3125,585,0.02,0.125,1639,0.0,0.0,10680,0.035,0.2187,0,0
IWM191011P141,2019-10-10,2019-10-10 09:31:41,0.05,0.3125,585,0.02,0.125,1339,0.0,0.0,10680,0.035,0.2187,0,0
IWM191011P141,2019-10-10,2019-10-10 09:31:42,0.05,0.3125,1842,0.02,0.125,384,0.0,0.0,10680,0.035,0.2187,0,0
IWM191011P141,2019-10-10,2019-10-10 09:31:42,0.05,0.3125,1648,0.02,0.125,384,0.0,0.0,10680,0.035,0.2187,0,0
IWM191011P141,2019-10-10,2019-10-10 09:31:43,0.05,0.3125,1648,0.02,0.125,384,0.0,0.0,10680,0.035,0.2187,0,0
IWM191011P141,2019-10-10,2019-10-10 09:31:43,0.05,0.3125,1648,0.02,0.125,720,0.0,0.0,10680,0.035,0.2187,0,0
IWM191011P141,2019-10-10,2019-10-10 09:31:44,0.05,0.3125,1012,0.02,0.125,914,0.0,0.0,10680,0.035,0.2187,0,0
IWM191011P141,2019-10-10,2019-10-10 09:31:44,0.05,0.3125,1253,0.02,0.125,914,0.0,0.0,10680,0.035,0.2187,0,0
IWM191011P141,2019-10-10,2019-10-10 09:31:45,0.05,0.3125,1334,0.02,0.125,2527,0.0,0.0,10680,0.035,0.2187,0,0
IWM191011P141,2019-10-10,2019-10-10 09:31:45,0.05,0.3125,1555,0.02,0.125,2227,0.0,0.0,10680,0.035,0.2187,0,0
IWM191011P141,2019-10-10,2019-10-10 09:31:46,0.05,0.3125,1555,0.02,0.125,2227,0.0,0.0,10680,0.035,0.2187,0,0
IWM191011P141,2019-10-10,2019-10-10 09:31:47,0.05,0.3125,919,0.02,0.125,2227,0.0,0.0,10680,0.035,0.2187,0,0
IWM191011P141,2019-10-10,2019-10-10 09:31:48,0.04,0.25,3,0.02,0.125,385,0.0,0.0,10680,0.03,0.1875,0,0
IWM191011P141,2019-10-10,2019-10-10 09:31:48,0.05,0.3125,667,0.02,0.125,697,0.0,0.0,10680,0.035,0.2187,0,0
IWM191011P141,2019-10-10,2019-10-10 09:31:49,0.05,0.3125,1547,0.02,0.125,2087,0.0,0.0,10680,0.035,0.2187,0,0
IWM191011P141,2019-10-10,2019-10-10 09:31:49,0.05,0.3125,1111,0.02,0.125,720,0.0,0.0,10680,0.035,0.2187,0,0
IWM191011P141,2019-10-10,2019-10-10 09:31:50,0.04,0.25,248,0.02,0.125,1784,0.0,0.0,10680,0.03,0.1875,0,0
IWM191011P141,2019-10-10,2019-10-10 09:31:50,0.04,0.25,100,0.02,0.125,2634,0.0,0.0,10680,0.03,0.1875,0,0
IWM191011P141,2019-10-10,2019-10-10 09:31:51,0.04,0.25,659,0.02,0.125,2406,0.0,0.0,10680,0.03,0.1875,0,0
IWM191011P141,2019-10-10,2019-10-10 09:31:51,0.04,0.25,361,0.02,0.125,1604,0.0,0.0,10680,0.03,0.1875,0,0
IWM191011P141,2019-10-10,2019-10-10 09:31:52,0.04,0.25,885,0.02,0.125,2106,0.0,0.0,10680,0.03,0.1875,0,0
IWM191011P141,2019-10-10,2019-10-10 09:31:52,0.04,0.25,1862,0.02,0.125,2789,0.0,0.0,10680,0.03,0.1875,0,0
IWM191011P141,2019-10-10,2019-10-10 09:31:53,0.04,0.25,2526,0.02,0.125,3139,0.0,0.0,10680,0.03,0.1875,0,0
IWM191011P141,2019-10-10,2019-10-10 09:31:53,0.04,0.25,2488,0.02,0.125,4081,0.0,0.0,10680,0.03,0.1875,0,0
IWM191011P141,2019-10-10,2019-10-10 09:31:54,0.04,0.25,1488,0.02,0.125,3519,0.0,0.0,10680,0.03,0.1875,0,0
IWM191011P141,2019-10-10,2019-10-10 09:31:54,0.04,0.25,2488,0.02,0.125,4081,0.0,0.0,10680,0.03,0.1875,0,0
IWM191011P141,2019-10-10,2019-10-10 09:31:55,0.04,0.25,2488,0.02,0.125,4253,0.0,0.0,10680,0.03,0.1875,0,0
IWM191011P141,2019-10-10,2019-10-10 09:31:56,0.04,0.25,2488,0.02,0.125,4253,0.0,0.0,10680,0.03,0.1875,0,0
IWM191011P141,2019-10-10,2019-10-10 09:31:57,0.04,0.25,2488,0.02,0.125,4253,0.0,0.0,10680,0.03,0.1875,0,0
IWM191011P141,2019-10-10,2019-10-10 09:31:58,0.04,0.25,2488,0.02,0.125,4253,0.0,0.0,10680,0.03,0.1875,0,0
IWM191011P141,2019-10-10,2019-10-10 09:31:59,0.04,0.25,816,0.02,0.125,2645,0.0,0.0,10680,0.03,0.1875,0,0
IWM191011P141,2019-10-10,2019-10-10 09:31:59,0.04,0.25,2488,0.02,0.125,4253,0.0,0.0,10680,0.03,0.1875,0,0
IWM191011P141,2019-10-10,2019-10-10 09:32:00,0.04,0.25,1692,0.02,0.125,2095,0.0,0.0,10680,0.03,0.1875,0,0
IWM191011P141,2019-10-10,2019-10-10 09:32:00,0.04,0.25,2281,0.02,0.125,4333,0.0,0.0,10680,0.03,0.1875,0,0
IWM191011P141,2019-10-10,2019-10-10 09:32:01,0.04,0.25,1508,0.02,0.125,1848,0.0,0.0,10680,0.03,0.1875,0,0
IWM191011P141,2019-10-10,2019-10-10 09:32:01,0.04,0.25,2265,0.02,0.125,2679,0.0,0.0,10680,0.03,0.1875,0,0
IWM191011P141,2019-10-10,2019-10-10 09:32:02,0.04,0.25,1006,0.02,0.125,1749,0.0,0.0,10680,0.03,0.1875,0,0
IWM191011P141,2019-10-10,2019-10-10 09:32:02,0.04,0.25,2136,0.02,0.125,2568,0.0,0.0,10680,0.03,0.1875,0,0
IWM191011P141,2019-10-10,2019-10-10 09:32:03,0.04,0.25,2289,0.02,0.125,2694,0.0,0.0,10680,0.03,0.1875,0,0
IWM191011P141,2019-10-10,2019-10-10 09:32:04,0.04,0.25,2443,0.02,0.125,3731,0.0,0.0,10680,0.03,0.1875,0,0
IWM191011P141,2019-10-10,2019-10-10 09:32:05,0.04,0.25,2443,0.02,0.125,4220,0.0,0.0,10680,0.03,0.1875,0,0
IWM191011P141,2019-10-10,2019-10-10 09:32:06,0.04,0.25,2443,0.02,0.125,4288,0.0,0.0,10680,0.03,0.1875,0,0
IWM191011P141,2019-10-10,2019-10-10 09:32:07,0.04,0.25,2443,0.02,0.125,4288,0.0,0.0,10680,0.03,0.1875,0,0
IWM191011P141,2019-10-10,2019-10-10 09:32:08,0.04,0.25,2443,0.02,0.125,4288,0.0,0.0,10680,0.03,0.1875,0,0
IWM191011P141,2019-10-10,2019-10-10 09:32:09,0.04,0.25,2443,0.02,0.125,4288,0.0,0.0,10680,0.03,0.1875,0,0
IWM191011P141,2019-10-10,2019-10-10 09:32:10,0.04,0.25,2443,0.02,0.125,4292,0.0,0.0,10680,0.03,0.1875,0,0
IWM191011P141,2019-10-10,2019-10-10 09:32:10,0.04,0.25,2443,0.02,0.125,4288,0.0,0.0,10680,0.03,0.1875,0,0
IWM191011P141,2019-10-10,2019-10-10 09:32:11,0.04,0.25,2443,0.02,0.125,4292,0.0,0.0,10680,0.03,0.1875,0,0
IWM191011P141,2019-10-10,2019-10-10 09:32:12,0.04,0.25,2443,0.02,0.125,4292,0.0,0.0,10680,0.03,0.1875,0,0
IWM191011P141,2019-10-10,2019-10-10 09:32:13,0.04,0.25,2443,0.02,0.125,4292,0.0,0.0,10680,0.03,0.1875,0,0
IWM191011P141,2019-10-10,2019-10-10 09:32:14,0.04,0.25,2443,0.02,0.125,4292,0.0,0.0,10680,0.03,0.1875,0,0
IWM191011P141,2019-10-10,2019-10-10 09:32:15,0.04,0.25,2443,0.02,0.125,4292,0.0,0.0,10680,0.03,0.1875,0,0
IWM191011P141,2019-10-10,2019-10-10 09:32:16,0.04,0.25,2443,0.02,0.125,4292,0.0,0.0,10680,0.03,0.1875,0,0
IWM191011P141,2019-10-10,2019-10-10 09:32:17,0.04,0.25,1661,0.02,0.125,3340,0.0,0.0,10680,0.03,0.1875,0,0
IWM191011P141,2019-10-10,2019-10-10 09:32:17,0.04,0.25,1661,0.02,0.125,1943,0.0,0.0,10680,0.03,0.1875,0,0
IWM191011P141,2019-10-10,2019-10-10 09:32:18,0.04,0.25,2783,0.02,0.125,3115,0.0,0.0,10680,0.03,0.1875,0,0
IWM191011P141,2019-10-10,2019-10-10 09:32:19,0.04,0.25,2443,0.02,0.125,2698,0.0,0.0,10680,0.03,0.1875,0,0
IWM191011P141,2019-10-10,2019-10-10 09:32:19,0.04,0.25,1533,0.02,0.125,1892,0.0,0.0,10680,0.03,0.1875,0,0
IWM191011P141,2019-10-10,2019-10-10 09:32:20,0.04,0.25,2443,0.02,0.125,2698,0.0,0.0,10680,0.03,0.1875,0,0
IWM191011P141,2019-10-10,2019-10-10 09:32:20,0.04,0.25,2454,0.02,0.125,2811,0.0,0.0,10680,0.03,0.1875,0,0
IWM191011P141,2019-10-10,2019-10-10 09:32:21,0.04,0.25,2454,0.02,0.125,2811,0.0,0.0,10680,0.03,0.1875,0,0
IWM191011P141,2019-10-10,2019-10-10 09:32:22,0.04,0.25,1508,0.02,0.125,2756,0.0,0.0,10680,0.03,0.1875,0,0
IWM191011P141,2019-10-10,2019-10-10 09:32:22,0.04,0.25,2278,0.02,0.125,3671,0.0,0.0,10680,0.03,0.1875,0,0
IWM191011P141,2019-10-10,2019-10-10 09:32:23,0.04,0.25,2278,0.02,0.125,3671,0.0,0.0,10680,0.03,0.1875,0,0
IWM191011P141,2019-10-10,2019-10-10 09:32:23,0.04,0.25,2421,0.02,0.125,3817,0.0,0.0,10680,0.03,0.1875,0,0
IWM191011P141,2019-10-10,2019-10-10 09:32:24,0.04,0.25,1651,0.02,0.125,3336,0.0,0.0,10680,0.03,0.1875,0,0
IWM191011P141,2019-10-10,2019-10-10 09:32:24,0.04,0.25,2421,0.02,0.125,3817,0.0,0.0,10680,0.03,0.1875,0,0
IWM191011P141,2019-10-10,2019-10-10 09:32:25,0.04,0.25,2221,0.02,0.125,3336,0.0,0.0,10680,0.03,0.1875,0,0
IWM191011P141,2019-10-10,2019-10-10 09:32:26,0.04,0.25,2243,0.02,0.125,4235,0.0,0.0,10680,0.03,0.1875,0,0
IWM191011P141,2019-10-10,2019-10-10 09:32:27,0.04,0.25,2005,0.02,0.125,3336,0.0,0.0,10680,0.03,0.1875,0,0
IWM191011P141,2019-10-10,2019-10-10 09:32:27,0.04,0.25,2213,0.02,0.125,3336,0.0,0.0,10680,0.03,0.1875,0,0
IWM191011P141,2019-10-10,2019-10-10 09:32:28,0.04,0.25,2431,0.02,0.125,4080,0.0,0.0,10680,0.03,0.1875,0,0
IWM191011P141,2019-10-10,2019-10-10 09:32:28,0.04,0.25,1651,0.02,0.125,3140,0.0,0.0,10680,0.03,0.1875,0,0
IWM191011P141,2019-10-10,2019-10-10 09:32:29,0.04,0.25,2431,0.02,0.125,4080,0.0,0.0,10680,0.03,0.1875,0,0
IWM191011P141,2019-10-10,2019-10-10 09:32:30,0.04,0.25,2431,0.02,0.125,4080,0.0,0.0,10680,0.03,0.1875,0,0
IWM191011P141,2019-10-10,2019-10-10 09:32:31,0.04,0.25,2431,0.02,0.125,4153,0.0,0.0,10680,0.03,0.1875,0,0
IWM191011P141,2019-10-10,2019-10-10 09:32:32,0.04,0.25,2431,0.02,0.125,4153,0.0,0.0,10680,0.03,0.1875,0,0
IWM191011P141,2019-10-10,2019-10-10 09:32:33,0.04,0.25,2431,0.02,0.125,4153,0.0,0.0,10680,0.03,0.1875,0,0
IWM191011P141,2019-10-10,2019-10-10 09:32:33,0.04,0.25,1651,0.02,0.125,3213,0.0,0.0,10680,0.03,0.1875,0,0
IWM191011P141,2019-10-10,2019-10-10 09:32:34,0.04,0.25,2410,0.02,0.125,4157,0.0,0.0,10680,0.03,0.1875,0,0
IWM191011P141,2019-10-10,2019-10-10 09:32:35,0.04,0.25,2410,0.02,0.125,4157,0.0,0.0,10680,0.03,0.1875,0,0
IWM191011P141,2019-10-10,2019-10-10 09:32:36,0.04,0.25,2410,0.02,0.125,4157,0.0,0.0,10680,0.03,0.1875,0,0
IWM191011P141,2019-10-10,2019-10-10 09:32:36,0.04,0.25,2034,0.02,0.125,2610,0.0,0.0,10680,0.03,0.1875,0,0
IWM191011P141,2019-10-10,2019-10-10 09:32:37,0.04,0.25,2266,0.02,0.125,2610,0.0,0.0,10680,0.03,0.1875,0,0
IWM191011P141,2019-10-10,2019-10-10 09:32:38,0.04,0.25,2266,0.02,0.125,3978,0.0,0.0,10680,0.03,0.1875,0,0
IWM191011P141,2019-10-10,2019-10-10 09:32:39,0.04,0.25,2266,0.02,0.125,3978,0.0,0.0,10680,0.03,0.1875,0,0
IWM191011P141,2019-10-10,2019-10-10 09:32:40,0.04,0.25,2370,0.02,0.125,3978,0.0,0.0,10680,0.03,0.1875,0,0
IWM191011P141,2019-10-10,2019-10-10 09:32:40,0.04,0.25,1612,0.02,0.125,3238,0.0,0.0,10680,0.03,0.1875,0,0
IWM191011P141,2019-10-10,2019-10-10 09:32:41,0.04,0.25,2260,0.02,0.125,4018,0.0,0.0,10680,0.03,0.1875,0,0
IWM191011P141,2019-10-10,2019-10-10 09:32:41,0.04,0.25,2364,0.02,0.125,4184,0.0,0.0,10680,0.03,0.1875,0,0
IWM191011P141,2019-10-10,2019-10-10 09:32:42,0.04,0.25,2260,0.02,0.125,4018,0.0,0.0,10680,0.03,0.1875,0,0
IWM191011P141,2019-10-10,2019-10-10 09:32:43,0.04,0.25,2260,0.02,0.125,4018,0.0,0.0,10680,0.03,0.1875,0,0
IWM191011P141,2019-10-10,2019-10-10 09:32:43,0.04,0.25,2379,0.02,0.125,4196,0.0,0.0,10680,0.03,0.1875,0,0
IWM191011P141,2019-10-10,2019-10-10 09:32:44,0.04,0.25,2379,0.02,0.125,4196,0.0,0.0,10680,0.03,0.1875,0,0
IWM191011P141,2019-10-10,2019-10-10 09:32:45,0.04,0.25,1627,0.02,0.125,3250,0.0,0.0,10680,0.03,0.1875,0,0
IWM191011P141,2019-10-10,2019-10-10 09:32:46,0.04,0.25,1627,0.02,0.125,3250,0.0,0.0,10680,0.03,0.1875,0,0
IWM191011P141,2019-10-10,2019-10-10 09:32:47,0.04,0.25,1627,0.02,0.125,3250,0.0,0.0,10680,0.03,0.1875,0,0
IWM191011P141,2019-10-10,2019-10-10 09:32:48,0.04,0.25,2282,0.03,0.1875,324,0.0,0.0,10680,0.035,0.2187,0,0
IWM191011P141,2019-10-10,2019-10-10 09:32:48,0.04,0.25,2282,0.03,0.1875,208,0.0,0.0,10680,0.035,0.2187,0,0
IWM191011P141,2019-10-10,2019-10-10 09:32:49,0.04,0.25,878,0.03,0.1875,121,0.0,0.0,10680,0.035,0.2187,0,0
IWM191011P141,2019-10-10,2019-10-10 09:32:50,0.04,0.25,1239,0.02,0.125,1501,0.0,0.0,10680,0.03,0.1875,0,0
IWM191011P141,2019-10-10,2019-10-10 09:32:50,0.04,0.25,1539,0.03,0.1875,121,0.0,0.0,10680,0.035,0.2187,0,0
IWM191011P141,2019-10-10,2019-10-10 09:32:51,0.04,0.25,1951,0.02,0.125,1947,0.0,0.0,10680,0.03,0.1875,0,0
IWM191011P141,2019-10-10,2019-10-10 09:32:51,0.04,0.25,1951,0.02,0.125,3696,0.0,0.0,10680,0.03,0.1875,0,0
IWM191011P141,2019-10-10,2019-10-10 09:32:52,0.04,0.25,1951,0.02,0.125,3696,0.0,0.0,10680,0.03,0.1875,0,0
IWM191011P141,2019-10-10,2019-10-10 09:32:53,0.04,0.25,1985,0.02,0.125,3722,0.0,0.0,10680,0.03,0.1875,0,0
IWM191011P141,2019-10-10,2019-10-10 09:32:53,0.04,0.25,1951,0.02,0.125,3696,0.0,0.0,10680,0.03,0.1875,0,0
IWM191011P141,2019-10-10,2019-10-10 09:32:54,0.04,0.25,1985,0.02,0.125,4123,0.0,0.0,10680,0.03,0.1875,0,0
IWM191011P141,2019-10-10,2019-10-10 09:32:55,0.04,0.25,1985,0.02,0.125,4123,0.0,0.0,10680,0.03,0.1875,0,0
IWM191011P141,2019-10-10,2019-10-10 09:32:56,0.04,0.25,1985,0.02,0.125,4123,0.0,0.0,10680,0.03,0.1875,0,0
IWM191011P141,2019-10-10,2019-10-10 09:32:57,0.04,0.25,1985,0.02,0.125,4123,0.0,0.0,10680,0.03,0.1875,0,0
IWM191011P141,2019-10-10,2019-10-10 09:32:58,0.04,0.25,1985,0.02,0.125,4123,0.0,0.0,10680,0.03,0.1875,0,0
IWM191011P141,2019-10-10,2019-10-10 09:32:59,0.04,0.25,1985,0.02,0.125,4123,0.0,0.0,10680,0.03,0.1875,0,0
IWM191011P141,2019-10-10,2019-10-10 09:33:00,0.04,0.25,1985,0.02,0.125,4123,0.0,0.0,10680,0.03,0.1875,0,0
IWM191011P141,2019-10-10,2019-10-10 09:33:01,0.04,0.25,1985,0.02,0.125,4123,0.0,0.0,10680,0.03,0.1875,0,0
IWM191011P141,2019-10-10,2019-10-10 09:33:02,0.04,0.25,1985,0.02,0.125,4123,0.0,0.0,10680,0.03,0.1875,0,0
IWM191011P141,2019-10-10,2019-10-10 09:33:03,0.04,0.25,1373,0.02,0.125,3347,0.0,0.0,10680,0.03,0.1875,0,0
IWM191011P141,2019-10-10,2019-10-10 09:33:03,0.04,0.25,1985,0.02,0.125,4123,0.0,0.0,10680,0.03,0.1875,0,0
IWM191011P141,2019-10-10,2019-10-10 09:33:04,0.04,0.25,2373,0.02,0.125,4123,0.0,0.0,10680,0.03,0.1875,0,0
IWM191011P141,2019-10-10,2019-10-10 09:33:05,0.04,0.25,2373,0.02,0.125,4123,0.0,0.0,10680,0.03,0.1875,0,0
IWM191011P141,2019-10-10,2019-10-10 09:33:06,0.04,0.25,2373,0.02,0.125,4123,0.0,0.0,10680,0.03,0.1875,0,0
IWM191011P141,2019-10-10,2019-10-10 09:33:07,0.04,0.25,2373,0.02,0.125,4123,0.0,0.0,10680,0.03,0.1875,0,0
IWM191011P141,2019-10-10,2019-10-10 09:33:08,0.04,0.25,2373,0.02,0.125,4123,0.0,0.0,10680,0.03,0.1875,0,0
IWM191011P141,2019-10-10,2019-10-10 09:33:09,0.04,0.25,1661,0.02,0.125,3335,0.0,0.0,10680,0.03,0.1875,0,0
IWM191011P141,2019-10-10,2019-10-10 09:33:09,0.04,0.25,1697,0.02,0.125,4287,0.0,0.0,10680,0.03,0.1875,0,0
IWM191011P141,2019-10-10,2019-10-10 09:33:10,0.04,0.25,2444,0.02,0.125,4287,0.0,0.0,10680,0.03,0.1875,0,0
IWM191011P141,2019-10-10,2019-10-10 09:33:11,0.04,0.25,2444,0.02,0.125,4149,0.0,0.0,10680,0.03,0.1875,0,0
IWM191011P141,2019-10-10,2019-10-10 09:33:12,0.04,0.25,1661,0.02,0.125,3197,0.0,0.0,10680,0.03,0.1875,0,0
IWM191011P141,2019-10-10,2019-10-10 09:33:12,0.04,0.25,2704,0.02,0.125,4137,0.0,0.0,10680,0.03,0.1875,0,0
IWM191011P141,2019-10-10,2019-10-10 09:33:13,0.04,0.25,1952,0.02,0.125,1888,0.0,0.0,10680,0.03,0.1875,0,0
IWM191011P141,2019-10-10,2019-10-10 09:33:13,0.04,0.25,2736,0.02,0.125,4137,0.0,0.0,10680,0.03,0.1875,0,0
IWM191011P141,2019-10-10,2019-10-10 09:33:14,0.04,0.25,1952,0.02,0.125,1888,0.0,0.0,10680,0.03,0.1875,0,0
IWM191011P141,2019-10-10,2019-10-10 09:33:15,0.04,0.25,1952,0.02,0.125,2832,0.0,0.0,10680,0.03,0.1875,0,0
IWM191011P141,2019-10-10,2019-10-10 09:33:16,0.04,0.25,2041,0.02,0.125,2878,0.0,0.0,10680,0.03,0.1875,0,0
IWM191011P141,2019-10-10,2019-10-10 09:33:16,0.04,0.25,2682,0.02,0.125,3614,0.0,0.0,10680,0.03,0.1875,0,0
IWM191011P141,2019-10-10,2019-10-10 09:33:17,0.04,0.25,2012,0.02,0.125,2814,0.0,0.0,10680,0.03,0.1875,0,0
IWM191011P141,2019-10-10,2019-10-10 09:33:17,0.04,0.25,2012,0.02,0.125,3114,0.0,0.0,10680,0.03,0.1875,0,0
IWM191011P141,2019-10-10,2019-10-10 09:33:18,0.04,0.25,1821,0.02,0.125,1870,0.0,0.0,10680,0.03,0.1875,0,0
IWM191011P141,2019-10-10,2019-10-10 09:33:18,0.04,0.25,2124,0.02,0.125,2646,0.0,0.0,10680,0.03,0.1875,0,0
IWM191011P141,2019-10-10,2019-10-10 09:33:19,0.04,0.25,2960,0.02,0.125,2350,0.0,0.0,10680,0.03,0.1875,0,0
IWM191011P141,2019-10-10,2019-10-10 09:33:19,0.04,0.25,2220,0.02,0.125,1828,0.0,0.0,10680,0.03,0.1875,0,0
IWM191011P141,2019-10-10,2019-10-10 09:33:20,0.04,0.25,2970,0.02,0.125,2364,0.0,0.0,10680,0.03,0.1875,0,0
IWM191011P141,2019-10-10,2019-10-10 09:33:20,0.04,0.25,2320,0.02,0.125,1828,0.0,0.0,10680,0.03,0.1875,0,0
IWM191011P141,2019-10-10,2019-10-10 09:33:21,0.04,0.25,1888,0.02,0.125,1683,0.0,0.0,10680,0.03,0.1875,0,0
IWM191011P141,2019-10-10,2019-10-10 09:33:21,0.04,0.25,2898,0.02,0.125,2364,0.0,0.0,10680,0.03,0.1875,0,0
IWM191011P141,2019-10-10,2019-10-10 09:33:22,0.04,0.25,2716,0.02,0.125,2481,0.0,0.0,10680,0.03,0.1875,0,0
IWM191011P141,2019-10-10,2019-10-10 09:33:23,0.04,0.25,2839,0.02,0.125,2618,0.0,0.0,10680,0.03,0.1875,0,0
IWM191011P141,2019-10-10,2019-10-10 09:33:24,0.04,0.25,2785,0.02,0.125,2254,0.0,0.0,10680,0.03,0.1875,0,0
IWM191011P141,2019-10-10,2019-10-10 09:33:24,0.04,0.25,2839,0.02,0.125,4011,0.0,0.0,10680,0.03,0.1875,0,0
IWM191011P141,2019-10-10,2019-10-10 09:33:25,0.04,0.25,2885,0.02,0.125,2585,0.0,0.0,10680,0.03,0.1875,0,0
IWM191011P141,2019-10-10,2019-10-10 09:33:25,0.04,0.25,2885,0.02,0.125,2354,0.0,0.0,10680,0.03,0.1875,0,0
IWM191011P141,2019-10-10,2019-10-10 09:33:26,0.04,0.25,2057,0.02,0.125,3101,0.0,0.0,10680,0.03,0.1875,0,0
IWM191011P141,2019-10-10,2019-10-10 09:33:26,0.04,0.25,2885,0.02,0.125,3877,0.0,0.0,10680,0.03,0.1875,0,0
IWM191011P141,2019-10-10,2019-10-10 09:33:27,0.04,0.25,2057,0.02,0.125,3877,0.0,0.0,10680,0.03,0.1875,0,0
IWM191011P141,2019-10-10,2019-10-10 09:33:28,0.04,0.25,2916,0.02,0.125,3925,0.0,0.0,10680,0.03,0.1875,0,0
IWM191011P141,2019-10-10,2019-10-10 09:33:28,0.04,0.25,1948,0.02,0.125,3877,0.0,0.0,10680,0.03,0.1875,0,0
IWM191011P141,2019-10-10,2019-10-10 09:33:29,0.04,0.25,2536,0.02,0.125,3132,0.0,0.0,10680,0.03,0.1875,0,0
IWM191011P141,2019-10-10,2019-10-10 09:33:29,0.04,0.25,2916,0.02,0.125,3925,0.0,0.0,10680,0.03,0.1875,0,0
IWM191011P141,2019-10-10,2019-10-10 09:33:30,0.04,0.25,2536,0.02,0.125,3132,0.0,0.0,10680,0.03,0.1875,0,0
IWM191011P141,2019-10-10,2019-10-10 09:33:30,0.04,0.25,2726,0.02,0.125,3925,0.0,0.0,10680,0.03,0.1875,0,0
IWM191011P141,2019-10-10,2019-10-10 09:33:31,0.04,0.25,2014,0.02,0.125,2569,0.0,0.0,10680,0.03,0.1875,0,0
IWM191011P141,2019-10-10,2019-10-10 09:33:31,0.04,0.25,2643,0.02,0.125,2278,0.0,0.0,10680,0.03,0.1875,0,0
IWM191011P141,2019-10-10,2019-10-10 09:33:32,0.04,0.25,2777,0.02,0.125,3991,0.0,0.0,10680,0.03,0.1875,0,0
IWM191011P141,2019-10-10,2019-10-10 09:33:32,0.04,0.25,2643,0.02,0.125,2278,0.0,0.0,10680,0.03,0.1875,0,0
IWM191011P141,2019-10-10,2019-10-10 09:33:33,0.04,0.25,2872,0.02,0.125,4117,0.0,0.0,10680,0.03,0.1875,0,0
IWM191011P141,2019-10-10,2019-10-10 09:33:34,0.04,0.25,2872,0.02,0.125,4117,0.0,0.0,10680,0.03,0.1875,0,0
IWM191011P141,2019-10-10,2019-10-10 09:33:35,0.04,0.25,2379,0.02,0.125,3178,0.0,0.0,10680,0.03,0.1875,0,0
IWM191011P141,2019-10-10,2019-10-10 09:33:35,0.04,0.25,2361,0.02,0.125,2383,0.0,0.0,10680,0.03,0.1875,0,0
IWM191011P141,2019-10-10,2019-10-10 09:33:36,0.04,0.25,2261,0.02,0.125,2283,0.0,0.0,10680,0.03,0.1875,0,0
IWM191011P141,2019-10-10,2019-10-10 09:33:36,0.04,0.25,1330,0.02,0.125,2105,0.0,0.0,10680,0.03,0.1875,0,0
IWM191011P141,2019-10-10,2019-10-10 09:33:37,0.04,0.25,1792,0.02,0.125,2670,0.0,0.0,10680,0.03,0.1875,0,0
IWM191011P141,2019-10-10,2019-10-10 09:33:37,0.04,0.25,1330,0.02,0.125,2105,0.0,0.0,10680,0.03,0.1875,0,0
IWM191011P141,2019-10-10,2019-10-10 09:33:38,0.04,0.25,2384,0.02,0.125,4401,0.0,0.0,10680,0.03,0.1875,0,0
IWM191011P141,2019-10-10,2019-10-10 09:33:38,0.04,0.25,2130,0.02,0.125,2702,0.0,0.0,10680,0.03,0.1875,0,0
IWM191011P141,2019-10-10,2019-10-10 09:33:39,0.04,0.25,2384,0.02,0.125,4478,0.0,0.0,10680,0.03,0.1875,0,0
IWM191011P141,2019-10-10,2019-10-10 09:33:40,0.04,0.25,2384,0.02,0.125,3050,0.0,0.0,10680,0.03,0.1875,0,0
IWM191011P141,2019-10-10,2019-10-10 09:33:41,0.04,0.25,2384,0.02,0.125,3050,0.0,0.0,10680,0.03,0.1875,0,0
IWM191011P141,2019-10-10,2019-10-10 09:33:42,0.04,0.25,2438,0.03,0.1875,2,0.0,0.0,10680,0.035,0.2187,0,0
IWM191011P141,2019-10-10,2019-10-10 09:33:42,0.04,0.25,2573,0.02,0.125,4635,0.0,0.0,10680,0.03,0.1875,0,0
IWM191011P141,2019-10-10,2019-10-10 09:33:43,0.04,0.25,1539,0.03,0.1875,2,0.0,0.0,10680,0.035,0.2187,0,0
IWM191011P141,2019-10-10,2019-10-10 09:33:43,0.04,0.25,2438,0.03,0.1875,2,0.0,0.0,10680,0.035,0.2187,0,0
IWM191011P141,2019-10-10,2019-10-10 09:33:44,0.04,0.25,2643,0.03,0.1875,2,0.0,0.0,10680,0.035,0.2187,0,0
IWM191011P141,2019-10-10,2019-10-10 09:33:45,0.04,0.25,2643,0.03,0.1875,2,0.0,0.0,10680,0.035,0.2187,0,0
IWM191011P141,2019-10-10,2019-10-10 09:33:46,0.04,0.25,1788,0.03,0.1875,2,0.0,0.0,10680,0.035,0.2187,0,0
IWM191011P141,2019-10-10,2019-10-10 09:33:46,0.04,0.25,2589,0.03,0.1875,2,0.0,0.0,10680,0.035,0.2187,0,0
IWM191011P141,2019-10-10,2019-10-10 09:33:47,0.04,0.25,2599,0.03,0.1875,2,0.0,0.0,10680,0.035,0.2187,0,0
IWM191011P141,2019-10-10,2019-10-10 09:33:47,0.04,0.25,2088,0.03,0.1875,2,0.0,0.0,10680,0.035,0.2187,0,0
IWM191011P141,2019-10-10,2019-10-10 09:33:48,0.04,0.25,1788,0.03,0.1875,2,0.0,0.0,10680,0.035,0.2187,0,0
IWM191011P141,2019-10-10,2019-10-10 09:33:48,0.04,0.25,2599,0.03,0.1875,2,0.0,0.0,10680,0.035,0.2187,0,0
IWM191011P141,2019-10-10,2019-10-10 09:33:49,0.04,0.25,2087,0.03,0.1875,2,0.0,0.0,10680,0.035,0.2187,0,0
IWM191011P141,2019-10-10,2019-10-10 09:33:49,0.04,0.25,2599,0.03,0.1875,2,0.0,0.0,10680,0.035,0.2187,0,0
IWM191011P141,2019-10-10,2019-10-10 09:33:50,0.04,0.25,2087,0.03,0.1875,2,0.0,0.0,10680,0.035,0.2187,0,0
IWM191011P141,2019-10-10,2019-10-10 09:33:51,0.04,0.25,2419,0.03,0.1875,2,0.0,0.0,10680,0.035,0.2187,0,0
IWM191011P141,2019-10-10,2019-10-10 09:33:51,0.04,0.25,2599,0.03,0.1875,2,0.0,0.0,10680,0.035,0.2187,0,0
IWM191011P141,2019-10-10,2019-10-10 09:33:52,0.04,0.25,2419,0.03,0.1875,2,0.0,0.0,10680,0.035,0.2187,0,0
IWM191011P141,2019-10-10,2019-10-10 09:33:53,0.04,0.25,2599,0.03,0.1875,2,0.0,0.0,10680,0.035,0.2187,0,0
IWM191011P141,2019-10-10,2019-10-10 09:33:53,0.04,0.25,2431,0.03,0.1875,2,0.0,0.0,10680,0.035,0.2187,0,0
IWM191011P141,2019-10-10,2019-10-10 09:33:54,0.04,0.25,2431,0.03,0.1875,2,0.0,0.0,10680,0.035,0.2187,0,0
IWM191011P141,2019-10-10,2019-10-10 09:33:55,0.04,0.25,2785,0.03,0.1875,2,0.0,0.0,10680,0.035,0.2187,0,0
IWM191011P141,2019-10-10,2019-10-10 09:33:56,0.04,0.25,2302,0.03,0.1875,2,0.0,0.0,10680,0.035,0.2187,0,0
IWM191011P141,2019-10-10,2019-10-10 09:33:56,0.04,0.25,2919,0.03,0.1875,2,0.0,0.0,10680,0.035,0.2187,0,0
IWM191011P141,2019-10-10,2019-10-10 09:33:57,0.04,0.25,2919,0.03,0.1875,2,0.0,0.0,10680,0.035,0.2187,0,0
IWM191011P141,2019-10-10,2019-10-10 09:33:58,0.04,0.25,2978,0.03,0.1875,2,0.0,0.0,10680,0.035,0.2187,0,0
IWM191011P141,2019-10-10,2019-10-10 09:33:59,0.04,0.25,2419,0.03,0.1875,2,0.0,0.0,10680,0.035,0.2187,0,0
IWM191011P141,2019-10-10,2019-10-10 09:33:59,0.04,0.25,2313,0.03,0.1875,2,0.0,0.0,10680,0.035,0.2187,0,0
IWM191011P141,2019-10-10,2019-10-10 09:34:00,0.04,0.25,2830,0.03,0.1875,2,0.0,0.0,10680,0.035,0.2187,0,0
IWM191011P141,2019-10-10,2019-10-10 09:34:01,0.04,0.25,2830,0.03,0.1875,2,0.0,0.0,10680,0.035,0.2187,0,0
IWM191011P141,2019-10-10,2019-10-10 09:34:02,0.04,0.25,2981,0.03,0.1875,2,0.0,0.0,10680,0.035,0.2187,0,0
IWM191011P141,2019-10-10,2019-10-10 09:34:02,0.04,0.25,2830,0.03,0.1875,2,0.0,0.0,10680,0.035,0.2187,0,0
IWM191011P141,2019-10-10,2019-10-10 09:34:03,0.04,0.25,2981,0.03,0.1875,2,0.0,0.0,10680,0.035,0.2187,0,0
IWM191011P141,2019-10-10,2019-10-10 09:34:04,0.04,0.25,2981,0.03,0.1875,2,0.0,0.0,10680,0.035,0.2187,0,0
IWM191011P141,2019-10-10,2019-10-10 09:34:05,0.04,0.25,2981,0.03,0.1875,2,0.0,0.0,10680,0.035,0.2187,0,0
IWM191011P141,2019-10-10,2019-10-10 09:34:06,0.04,0.25,2981,0.03,0.1875,2,0.0,0.0,10680,0.035,0.2187,0,0
IWM191011P141,2019-10-10,2019-10-10 09:34:07,0.04,0.25,2906,0.03,0.1875,2,0.0,0.0,10680,0.035,0.2187,0,0
IWM191011P141,2019-10-10,2019-10-10 09:34:08,0.04,0.25,2906,0.03,0.1875,2,0.0,0.0,10680,0.035,0.2187,0,0
IWM191011P141,2019-10-10,2019-10-10 09:34:09,0.04,0.25,2906,0.03,0.1875,2,0.0,0.0,10680,0.035,0.2187,0,0
IWM191011P141,2019-10-10,2019-10-10 09:34:10,0.04,0.25,2070,0.03,0.1875,2,0.0,0.0,10680,0.035,0.2187,0,0
IWM191011P141,2019-10-10,2019-10-10 09:34:10,0.04,0.25,2746,0.03,0.1875,2,0.0,0.0,10680,0.035,0.2187,0,0
IWM191011P141,2019-10-10,2019-10-10 09:34:11,0.04,0.25,2746,0.03,0.1875,2,0.0,0.0,10680,0.035,0.2187,0,0
IWM191011P141,2019-10-10,2019-10-10 09:34:12,0.04,0.25,2746,0.03,0.1875,2,0.0,0.0,10680,0.035,0.2187,0,0
IWM191011P141,2019-10-10,2019-10-10 09:34:12,0.04,0.25,2898,0.03,0.1875,2,0.0,0.0,10680,0.035,0.2187,0,0
IWM191011P141,2019-10-10,2019-10-10 09:34:13,0.04,0.25,2746,0.03,0.1875,2,0.0,0.0,10680,0.035,0.2187,0,0
IWM191011P141,2019-10-10,2019-10-10 09:34:13,0.04,0.25,2898,0.03,0.1875,2,0.0,0.0,10680,0.035,0.2187,0,0
IWM191011P141,2019-10-10,2019-10-10 09:34:14,0.04,0.25,2746,0.03,0.1875,2,0.0,0.0,10680,0.035,0.2187,0,0
IWM191011P141,2019-10-10,2019-10-10 09:34:15,0.04,0.25,2896,0.03,0.1875,2,0.0,0.0,10680,0.035,0.2187,0,0
IWM191011P141,2019-10-10,2019-10-10 09:34:15,0.04,0.25,2746,0.03,0.1875,2,0.0,0.0,10680,0.035,0.2187,0,0
IWM191011P141,2019-10-10,2019-10-10 09:34:16,0.04,0.25,2896,0.03,0.1875,2,0.0,0.0,10680,0.035,0.2187,0,0
IWM191011P141,2019-10-10,2019-10-10 09:34:17,0.04,0.25,2896,0.03,0.1875,2,0.0,0.0,10680,0.035,0.2187,0,0
IWM191011P141,2019-10-10,2019-10-10 09:34:18,0.04,0.25,1771,0.03,0.1875,2,0.0,0.0,10680,0.035,0.2187,0,0
IWM191011P141,2019-10-10,2019-10-10 09:34:19,0.04,0.25,2497,0.03,0.1875,2,0.0,0.0,10680,0.035,0.2187,0,0
IWM191011P141,2019-10-10,2019-10-10 09:34:20,0.04,0.25,2069,0.03,0.1875,2,0.0,0.0,10680,0.035,0.2187,0,0
IWM191011P141,2019-10-10,2019-10-10 09:34:21,0.04,0.25,2153,0.03,0.1875,2,0.0,0.0,10680,0.035,0.2187,0,0
IWM191011P141,2019-10-10,2019-10-10 09:34:21,0.04,0.25,3010,0.03,0.1875,2,0.0,0.0,10680,0.035,0.2187,0,0
IWM191011P141,2019-10-10,2019-10-10 09:34:22,0.04,0.25,3007,0.03,0.1875,2,0.0,0.0,10680,0.035,0.2187,0,0
IWM191011P141,2019-10-10,2019-10-10 09:34:22,0.04,0.25,2153,0.03,0.1875,2,0.0,0.0,10680,0.035,0.2187,0,0
IWM191011P141,2019-10-10,2019-10-10 09:34:24,0.04,0.25,2857,0.03,0.1875,2,0.0,0.0,10680,0.035,0.2187,0,0
IWM191011P141,2019-10-10,2019-10-10 09:34:25,0.04,0.25,2996,0.03,0.1875,2,0.0,0.0,10680,0.035,0.2187,0,0
IWM191011P141,2019-10-10,2019-10-10 09:34:26,0.04,0.25,2996,0.03,0.1875,2,0.0,0.0,10680,0.035,0.2187,0,0
IWM191011P141,2019-10-10,2019-10-10 09:34:27,0.04,0.25,2996,0.03,0.1875,2,0.0,0.0,10680,0.035,0.2187,0,0
IWM191011P141,2019-10-10,2019-10-10 09:34:28,0.04,0.25,2996,0.03,0.1875,2,0.0,0.0,10680,0.035,0.2187,0,0
IWM191011P141,2019-10-10,2019-10-10 09:34:29,0.04,0.25,2996,0.03,0.1875,2,0.0,0.0,10680,0.035,0.2187,0,0
IWM191011P141,2019-10-10,2019-10-10 09:34:30,0.04,0.25,2995,0.03,0.1875,2,0.0,0.0,10680,0.035,0.2187,0,0
IWM191011P141,2019-10-10,2019-10-10 09:34:31,0.04,0.25,2995,0.03,0.1875,2,0.0,0.0,10680,0.035,0.2187,0,0
IWM191011P141,2019-10-10,2019-10-10 09:34:32,0.04,0.25,2995,0.03,0.1875,2,0.0,0.0,10680,0.035,0.2187,0,0
IWM191011P141,2019-10-10,2019-10-10 09:34:33,0.04,0.25,2856,0.03,0.1875,2,0.0,0.0,10680,0.035,0.2187,0,0
IWM191011P141,2019-10-10,2019-10-10 09:34:34,0.04,0.25,2456,0.03,0.1875,2,0.0,0.0,10680,0.035,0.2187,0,0
IWM191011P141,2019-10-10,2019-10-10 09:34:34,0.04,0.25,2841,0.03,0.1875,2,0.0,0.0,10680,0.035,0.2187,0,0
IWM191011P141,2019-10-10,2019-10-10 09:34:35,0.04,0.25,2981,0.03,0.1875,2,0.0,0.0,10680,0.035,0.2187,0,0
IWM191011P141,2019-10-10,2019-10-10 09:34:35,0.04,0.25,2841,0.03,0.1875,2,0.0,0.0,10680,0.035,0.2187,0,0
IWM191011P141,2019-10-10,2019-10-10 09:34:36,0.04,0.25,2981,0.03,0.1875,2,0.0,0.0,10680,0.035,0.2187,0,0
IWM191011P141,2019-10-10,2019-10-10 09:34:37,0.04,0.25,2981,0.03,0.1875,2,0.0,0.0,10680,0.035,0.2187,0,0
IWM191011P141,2019-10-10,2019-10-10 09:34:38,0.04,0.25,2981,0.03,0.1875,2,0.0,0.0,10680,0.035,0.2187,0,0
IWM191011P141,2019-10-10,2019-10-10 09:34:39,0.04,0.25,2981,0.03,0.1875,2,0.0,0.0,10680,0.035,0.2187,0,0
IWM191011P141,2019-10-10,2019-10-10 09:34:40,0.04,0.25,2981,0.03,0.1875,2,0.0,0.0,10680,0.035,0.2187,0,0
IWM191011P141,2019-10-10,2019-10-10 09:34:41,0.04,0.25,2981,0.03,0.1875,2,0.0,0.0,10680,0.035,0.2187,0,0
IWM191011P141,2019-10-10,2019-10-10 09:34:42,0.04,0.25,2981,0.03,0.1875,2,0.0,0.0,10680,0.035,0.2187,0,0
IWM191011P141,2019-10-10,2019-10-10 09:34:43,0.04,0.25,2981,0.03,0.1875,2,0.0,0.0,10680,0.035,0.2187,0,0
IWM191011P141,2019-10-10,2019-10-10 09:34:44,0.04,0.25,2844,0.03,0.1875,2,0.0,0.0,10680,0.035,0.2187,0,0
IWM191011P141,2019-10-10,2019-10-10 09:34:45,0.04,0.25,2844,0.03,0.1875,2,0.0,0.0,10680,0.035,0.2187,0,0
IWM191011P141,2019-10-10,2019-10-10 09:34:46,0.04,0.25,3007,0.03,0.1875,2,0.0,0.0,10680,0.035,0.2187,0,0
IWM191011P141,2019-10-10,2019-10-10 09:34:46,0.04,0.25,2844,0.03,0.1875,2,0.0,0.0,10680,0.035,0.2187,0,0
IWM191011P141,2019-10-10,2019-10-10 09:34:47,0.04,0.25,3007,0.03,0.1875,2,0.0,0.0,10680,0.035,0.2187,0,0
IWM191011P141,2019-10-10,2019-10-10 09:34:48,0.04,0.25,3007,0.03,0.1875,2,0.0,0.0,10680,0.035,0.2187,0,0
IWM191011P141,2019-10-10,2019-10-10 09:34:48,0.04,0.25,2580,0.03,0.1875,2,0.0,0.0,10680,0.035,0.2187,0,0
IWM191011P141,2019-10-10,2019-10-10 09:34:49,0.04,0.25,2886,0.03,0.1875,2,0.0,0.0,10680,0.035,0.2187,0,0
IWM191011P141,2019-10-10,2019-10-10 09:34:50,0.04,0.25,3025,0.03,0.1875,2,0.0,0.0,10680,0.035,0.2187,0,0
IWM191011P141,2019-10-10,2019-10-10 09:34:51,0.04,0.25,3025,0.03,0.1875,2,0.0,0.0,10680,0.035,0.2187,0,0
IWM191011P141,2019-10-10,2019-10-10 09:34:52,0.04,0.25,2297,0.03,0.1875,2,0.0,0.0,10680,0.035,0.2187,0,0
IWM191011P141,2019-10-10,2019-10-10 09:34:52,0.04,0.25,2166,0.03,0.1875,2,0.0,0.0,10680,0.035,0.2187,0,0
IWM191011P141,2019-10-10,2019-10-10 09:34:53,0.04,0.25,2297,0.03,0.1875,2,0.0,0.0,10680,0.035,0.2187,0,0
IWM191011P141,2019-10-10,2019-10-10 09:34:54,0.04,0.25,3025,0.03,0.1875,2,0.0,0.0,10680,0.035,0.2187,0,0
IWM191011P141,2019-10-10,2019-10-10 09:34:55,0.04,0.25,1166,0.03,0.1875,2,0.0,0.0,10680,0.035,0.2187,0,0
IWM191011P141,2019-10-10,2019-10-10 09:34:55,0.04,0.25,3025,0.03,0.1875,2,0.0,0.0,10680,0.035,0.2187,0,0
IWM191011P141,2019-10-10,2019-10-10 09:34:56,0.04,0.25,2886,0.03,0.1875,2,0.0,0.0,10680,0.035,0.2187,0,0
IWM191011P141,2019-10-10,2019-10-10 09:34:57,0.04,0.25,2723,0.03,0.1875,2,0.0,0.0,10680,0.035,0.2187,0,0
IWM191011P141,2019-10-10,2019-10-10 09:34:57,0.04,0.25,2465,0.03,0.1875,2,0.0,0.0,10680,0.035,0.2187,0,0
IWM191011P141,2019-10-10,2019-10-10 09:34:58,0.04,0.25,2102,0.03,0.1875,2,0.0,0.0,10680,0.035,0.2187,0,0
IWM191011P141,2019-10-10,2019-10-10 09:34:58,0.04,0.25,2047,0.03,0.1875,2,0.0,0.0,10680,0.035,0.2187,0,0
IWM191011P141,2019-10-10,2019-10-10 09:34:59,0.04,0.25,2102,0.03,0.1875,2,0.0,0.0,10680,0.035,0.2187,0,0
IWM191011P141,2019-10-10,2019-10-10 09:34:59,0.04,0.25,1878,0.03,0.1875,2,0.0,0.0,10680,0.035,0.2187,0,0
IWM191011P141,2019-10-10,2019-10-10 09:35:00,0.04,0.25,1555,0.03,0.1875,2,0.0,0.0,10680,0.035,0.2187,0,0
IWM191011P141,2019-10-10,2019-10-10 09:35:00,0.04,0.25,1971,0.03,0.1875,2,0.0,0.0,10680,0.035,0.2187,0,0
IWM191011P141,2019-10-10,2019-10-10 09:35:01,0.04,0.25,2513,0.03,0.1875,2,0.0,0.0,10680,0.035,0.2187,0,0
IWM191011P141,2019-10-10,2019-10-10 09:35:01,0.04,0.25,2824,0.03,0.1875,2,0.0,0.0,10680,0.035,0.2187,0,0
IWM191011P141,2019-10-10,2019-10-10 09:35:02,0.04,0.25,2824,0.03,0.1875,2,0.0,0.0,10680,0.035,0.2187,0,0
IWM191011P141,2019-10-10,2019-10-10 09:35:02,0.04,0.25,2824,0.02,0.125,1157,0.0,0.0,10680,0.03,0.1875,0,0
IWM191011P141,2019-10-10,2019-10-10 09:35:03,0.04,0.25,2862,0.02,0.125,1896,0.0,0.0,10680,0.03,0.1875,0,0
IWM191011P141,2019-10-10,2019-10-10 09:35:04,0.04,0.25,1213,0.02,0.125,500,0.0,0.0,10680,0.03,0.1875,0,0
IWM191011P141,2019-10-10,2019-10-10 09:35:04,0.04,0.25,2649,0.02,0.125,2393,0.0,0.0,10680,0.03,0.1875,0,0
IWM191011P141,2019-10-10,2019-10-10 09:35:05,0.04,0.25,1026,0.02,0.125,732,0.0,0.0,10680,0.03,0.1875,0,0
IWM191011P141,2019-10-10,2019-10-10 09:35:05,0.04,0.25,982,0.02,0.125,981,0.0,0.0,10680,0.03,0.1875,0,0
IWM191011P141,2019-10-10,2019-10-10 09:35:06,0.04,0.25,2006,0.02,0.125,981,0.0,0.0,10680,0.03,0.1875,0,0
IWM191011P141,2019-10-10,2019-10-10 09:35:07,0.03,0.1875,870,0.02,0.125,1635,0.0,0.0,10680,0.025,0.1562,0,0
IWM191011P141,2019-10-10,2019-10-10 09:35:07,0.03,0.1875,1423,0.02,0.125,3127,0.0,0.0,10680,0.025,0.1562,0,0
IWM191011P141,2019-10-10,2019-10-10 09:35:08,0.03,0.1875,1948,0.02,0.125,3127,0.0,0.0,10680,0.025,0.1562,0,0
IWM191011P141,2019-10-10,2019-10-10 09:35:09,0.03,0.1875,1948,0.02,0.125,3127,0.0,0.0,10680,0.025,0.1562,0,0
IWM191011P141,2019-10-10,2019-10-10 09:35:09,0.03,0.1875,1475,0.02,0.125,2400,0.0,0.0,10680,0.025,0.1562,0,0
IWM191011P141,2019-10-10,2019-10-10 09:35:10,0.03,0.1875,650,0.02,0.125,2120,0.0,0.0,10680,0.025,0.1562,0,0
IWM191011P141,2019-10-10,2019-10-10 09:35:10,0.03,0.1875,348,0.02,0.125,1391,0.0,0.0,10680,0.025,0.1562,0,0
IWM191011P141,2019-10-10,2019-10-10 09:35:11,0.03,0.1875,27,0.02,0.125,2381,0.0,0.0,10680,0.025,0.1562,0,0
IWM191011P141,2019-10-10,2019-10-10 09:35:11,0.03,0.1875,395,0.02,0.125,734,0.0,0.0,10680,0.025,0.1562,0,0
IWM191011P141,2019-10-10,2019-10-10 09:35:12,0.04,0.25,2719,0.02,0.125,2266,0.0,0.0,10680,0.03,0.1875,0,0
IWM191011P141,2019-10-10,2019-10-10 09:35:12,0.04,0.25,3159,0.02,0.125,2266,0.0,0.0,10680,0.03,0.1875,0,0
IWM191011P141,2019-10-10,2019-10-10 09:35:13,0.03,0.1875,771,0.02,0.125,2648,0.0,0.0,10680,0.025,0.1562,0,0
IWM191011P141,2019-10-10,2019-10-10 09:35:13,0.03,0.1875,1154,0.02,0.125,3535,0.0,0.0,10680,0.025,0.1562,0,0
IWM191011P141,2019-10-10,2019-10-10 09:35:14,0.03,0.1875,327,0.02,0.125,2648,0.0,0.0,10680,0.025,0.1562,0,0
IWM191011P141,2019-10-10,2019-10-10 09:35:14,0.03,0.1875,1249,0.02,0.125,3535,0.0,0.0,10680,0.025,0.1562,0,0
IWM191011P141,2019-10-10,2019-10-10 09:35:15,0.03,0.1875,453,0.02,0.125,3535,0.0,0.0,10680,0.025,0.1562,0,0
IWM191011P141,2019-10-10,2019-10-10 09:35:15,0.03,0.1875,371,0.02,0.125,1772,0.0,0.0,10680,0.025,0.1562,0,0
IWM191011P141,2019-10-10,2019-10-10 09:35:16,0.03,0.1875,371,0.02,0.125,2473,0.0,0.0,10680,0.025,0.1562,0,0
IWM191011P141,2019-10-10,2019-10-10 09:35:16,0.03,0.1875,263,0.02,0.125,3134,0.0,0.0,10680,0.025,0.1562,0,0
IWM191011P141,2019-10-10,2019-10-10 09:35:17,0.03,0.1875,289,0.02,0.125,3465,0.0,0.0,10680,0.025,0.1562,0,0
IWM191011P141,2019-10-10,2019-10-10 09:35:17,0.03,0.1875,308,0.02,0.125,3134,0.0,0.0,10680,0.025,0.1562,0,0
IWM191011P141,2019-10-10,2019-10-10 09:35:18,0.03,0.1875,480,0.02,0.125,3465,0.0,0.0,10680,0.025,0.1562,0,0
IWM191011P141,2019-10-10,2019-10-10 09:35:18,0.03,0.1875,428,0.02,0.125,3465,0.0,0.0,10680,0.025,0.1562,0,0
IWM191011P141,2019-10-10,2019-10-10 09:35:19,0.03,0.1875,350,0.02,0.125,3465,0.0,0.0,10680,0.025,0.1562,0,0
IWM191011P141,2019-10-10,2019-10-10 09:35:20,0.03,0.1875,270,0.02,0.125,2670,0.0,0.0,10680,0.025,0.1562,0,0
IWM191011P141,2019-10-10,2019-10-10 09:35:21,0.03,0.1875,270,0.02,0.125,3559,0.0,0.0,10680,0.025,0.1562,0,0
IWM191011P141,2019-10-10,2019-10-10 09:35:22,0.03,0.1875,270,0.02,0.125,3559,0.0,0.0,10680,0.025,0.1562,0,0
IWM191011P141,2019-10-10,2019-10-10 09:35:23,0.03,0.1875,371,0.02,0.125,3559,0.0,0.0,10680,0.025,0.1562,0,0
IWM191011P141,2019-10-10,2019-10-10 09:35:24,0.03,0.1875,270,0.02,0.125,2670,0.0,0.0,10680,0.025,0.1562,0,0
IWM191011P141,2019-10-10,2019-10-10 09:35:25,0.03,0.1875,1007,0.02,0.125,1852,0.0,0.0,10680,0.025,0.1562,0,0
IWM191011P141,2019-10-10,2019-10-10 09:35:25,0.03,0.1875,419,0.02,0.125,3559,0.0,0.0,10680,0.025,0.1562,0,0
IWM191011P141,2019-10-10,2019-10-10 09:35:26,0.03,0.1875,1095,0.02,0.125,1747,0.0,0.0,10680,0.025,0.1562,0,0
IWM191011P141,2019-10-10,2019-10-10 09:35:26,0.03,0.1875,2242,0.02,0.125,2190,0.0,0.0,10680,0.025,0.1562,0,0
IWM191011P141,2019-10-10,2019-10-10 09:35:27,0.03,0.1875,2542,0.02,0.125,3016,0.0,0.0,10680,0.025,0.1562,0,0
IWM191011P141,2019-10-10,2019-10-10 09:35:27,0.03,0.1875,2242,0.02,0.125,3016,0.0,0.0,10680,0.025,0.1562,0,0
IWM191011P141,2019-10-10,2019-10-10 09:35:28,0.03,0.1875,2242,0.02,0.125,3016,0.0,0.0,10680,0.025,0.1562,0,0
IWM191011P141,2019-10-10,2019-10-10 09:35:28,0.03,0.1875,2242,0.02,0.125,3436,0.0,0.0,10680,0.025,0.1562,0,0
IWM191011P141,2019-10-10,2019-10-10 09:35:29,0.03,0.1875,1386,0.02,0.125,3516,0.0,0.0,10680,0.025,0.1562,0,0
IWM191011P141,2019-10-10,2019-10-10 09:35:30,0.03,0.1875,1386,0.02,0.125,3516,0.0,0.0,10680,0.025,0.1562,0,0
IWM191011P141,2019-10-10,2019-10-10 09:35:31,0.03,0.1875,1386,0.02,0.125,3516,0.0,0.0,10680,0.025,0.1562,0,0
IWM191011P141,2019-10-10,2019-10-10 09:35:32,0.03,0.1875,522,0.02,0.125,2284,0.0,0.0,10680,0.025,0.1562,0,0
IWM191011P141,2019-10-10,2019-10-10 09:35:32,0.03,0.1875,337,0.02,0.125,1530,0.0,0.0,10680,0.025,0.1562,0,0
IWM191011P141,2019-10-10,2019-10-10 09:35:33,0.03,0.1875,522,0.02,0.125,2284,0.0,0.0,10680,0.025,0.1562,0,0
IWM191011P141,2019-10-10,2019-10-10 09:35:33,0.03,0.1875,873,0.02,0.125,3370,0.0,0.0,10680,0.025,0.1562,0,0
IWM191011P141,2019-10-10,2019-10-10 09:35:34,0.03,0.1875,1400,0.02,0.125,3497,0.0,0.0,10680,0.025,0.1562,0,0
IWM191011P141,2019-10-10,2019-10-10 09:35:34,0.03,0.1875,873,0.02,0.125,3370,0.0,0.0,10680,0.025,0.1562,0,0
IWM191011P141,2019-10-10,2019-10-10 09:35:35,0.03,0.1875,699,0.02,0.125,2537,0.0,0.0,10680,0.025,0.1562,0,0
IWM191011P141,2019-10-10,2019-10-10 09:35:35,0.03,0.1875,659,0.02,0.125,2537,0.0,0.0,10680,0.025,0.1562,0,0
IWM191011P141,2019-10-10,2019-10-10 09:35:36,0.03,0.1875,699,0.02,0.125,2537,0.03,0.1875,1,0.025,0.1562,1,0
IWM191011P141,2019-10-10,2019-10-10 09:35:36,0.03,0.1875,699,0.02,0.125,2537,0.03,0.1875,1,0.025,0.1562,1,1
IWM191011P141,2019-10-10,2019-10-10 09:35:37,0.04,0.25,2140,0.02,0.125,767,0.03,0.1875,1,0.03,0.1875,1,0
IWM191011P141,2019-10-10,2019-10-10 09:35:37,0.04,0.25,3265,0.02,0.125,2098,0.03,0.1875,1,0.03,0.1875,1,0
IWM191011P141,2019-10-10,2019-10-10 09:35:38,0.04,0.25,3260,0.02,0.125,2067,0.03,0.1875,1,0.03,0.1875,1,0
IWM191011P141,2019-10-10,2019-10-10 09:35:39,0.04,0.25,3260,0.02,0.125,2778,0.03,0.1875,1,0.03,0.1875,1,0
IWM191011P141,2019-10-10,2019-10-10 09:35:40,0.04,0.25,3161,0.02,0.125,2778,0.03,0.1875,1,0.03,0.1875,1,0
IWM191011P141,2019-10-10,2019-10-10 09:35:40,0.04,0.25,3230,0.02,0.125,2067,0.03,0.1875,1,0.03,0.1875,1,0
IWM191011P141,2019-10-10,2019-10-10 09:35:41,0.04,0.25,3161,0.02,0.125,2778,0.03,0.1875,1,0.03,0.1875,1,0
IWM191011P141,2019-10-10,2019-10-10 09:35:41,0.04,0.25,2809,0.02,0.125,2067,0.03,0.1875,1,0.03,0.1875,1,0
IWM191011P141,2019-10-10,2019-10-10 09:35:42,0.04,0.25,3221,0.02,0.125,2778,0.03,0.1875,1,0.03,0.1875,1,0
IWM191011P141,2019-10-10,2019-10-10 09:35:42,0.04,0.25,3221,0.02,0.125,2381,0.03,0.1875,1,0.03,0.1875,1,0
IWM191011P141,2019-10-10,2019-10-10 09:35:43,0.04,0.25,3221,0.02,0.125,2624,0.03,0.1875,1,0.03,0.1875,1,0
IWM191011P141,2019-10-10,2019-10-10 09:35:44,0.04,0.25,3221,0.02,0.125,2624,0.03,0.1875,1,0.03,0.1875,1,0
IWM191011P141,2019-10-10,2019-10-10 09:35:44,0.04,0.25,2801,0.02,0.125,2624,0.03,0.1875,1,0.03,0.1875,1,0
IWM191011P141,2019-10-10,2019-10-10 09:35:45,0.04,0.25,3221,0.02,0.125,2064,0.03,0.1875,1,0.03,0.1875,1,0
IWM191011P141,2019-10-10,2019-10-10 09:35:45,0.04,0.25,3221,0.02,0.125,2624,0.03,0.1875,1,0.03,0.1875,1,0
IWM191011P141,2019-10-10,2019-10-10 09:35:46,0.04,0.25,3119,0.02,0.125,1977,0.03,0.1875,1,0.03,0.1875,1,0
IWM191011P141,2019-10-10,2019-10-10 09:35:46,0.04,0.25,3221,0.02,0.125,2649,0.03,0.1875,1,0.03,0.1875,1,0
IWM191011P141,2019-10-10,2019-10-10 09:35:47,0.04,0.25,3119,0.02,0.125,1977,0.03,0.1875,1,0.03,0.1875,1,0
IWM191011P141,2019-10-10,2019-10-10 09:35:48,0.04,0.25,3146,0.02,0.125,2649,0.03,0.1875,1,0.03,0.1875,1,0
IWM191011P141,2019-10-10,2019-10-10 09:35:49,0.04,0.25,3221,0.02,0.125,3412,0.03,0.1875,1,0.03,0.1875,1,0
IWM191011P141,2019-10-10,2019-10-10 09:35:50,0.04,0.25,2441,0.02,0.125,2359,0.03,0.1875,1,0.03,0.1875,1,0
IWM191011P141,2019-10-10,2019-10-10 09:35:50,0.04,0.25,3216,0.02,0.125,2051,0.03,0.1875,1,0.03,0.1875,1,0
IWM191011P141,2019-10-10,2019-10-10 09:35:51,0.04,0.25,3126,0.02,0.125,2359,0.03,0.1875,1,0.03,0.1875,1,0
IWM191011P141,2019-10-10,2019-10-10 09:35:51,0.04,0.25,3505,0.02,0.125,2359,0.03,0.1875,1,0.03,0.1875,1,0
IWM191011P141,2019-10-10,2019-10-10 09:35:52,0.04,0.25,3548,0.02,0.125,2674,0.03,0.1875,1,0.03,0.1875,1,0
IWM191011P141,2019-10-10,2019-10-10 09:35:52,0.04,0.25,3126,0.02,0.125,2674,0.03,0.1875,1,0.03,0.1875,1,0
IWM191011P141,2019-10-10,2019-10-10 09:35:53,0.04,0.25,3548,0.02,0.125,2674,0.03,0.1875,1,0.03,0.1875,1,0
IWM191011P141,2019-10-10,2019-10-10 09:35:53,0.04,0.25,3552,0.02,0.125,3524,0.03,0.1875,1,0.03,0.1875,1,0
IWM191011P141,2019-10-10,2019-10-10 09:35:54,0.04,0.25,3552,0.02,0.125,3524,0.03,0.1875,1,0.03,0.1875,1,0
IWM191011P141,2019-10-10,2019-10-10 09:35:54,0.04,0.25,3148,0.02,0.125,3524,0.03,0.1875,1,0.03,0.1875,1,0
IWM191011P141,2019-10-10,2019-10-10 09:35:55,0.03,0.1875,1,0.02,0.125,3524,0.03,0.1875,1,0.025,0.1562,1,0
IWM191011P141,2019-10-10,2019-10-10 09:35:55,0.04,0.25,3260,0.02,0.125,3524,0.03,0.1875,1,0.03,0.1875,1,0
IWM191011P141,2019-10-10,2019-10-10 09:35:56,0.04,0.25,3216,0.02,0.125,3524,0.03,0.1875,1,0.03,0.1875,1,0
IWM191011P141,2019-10-10,2019-10-10 09:35:56,0.04,0.25,3216,0.02,0.125,2953,0.03,0.1875,1,0.03,0.1875,1,0
IWM191011P141,2019-10-10,2019-10-10 09:35:57,0.04,0.25,3151,0.02,0.125,2260,0.03,0.1875,1,0.03,0.1875,1,0
IWM191011P141,2019-10-10,2019-10-10 09:35:57,0.04,0.25,3115,0.02,0.125,1977,0.03,0.1875,1,0.03,0.1875,1,0
IWM191011P141,2019-10-10,2019-10-10 09:35:58,0.04,0.25,2892,0.02,0.125,1839,0.03,0.1875,1,0.03,0.1875,1,0
IWM191011P141,2019-10-10,2019-10-10 09:35:58,0.04,0.25,3151,0.02,0.125,2260,0.03,0.1875,1,0.03,0.1875,1,0
IWM191011P141,2019-10-10,2019-10-10 09:35:59,0.04,0.25,2574,0.02,0.125,2221,0.03,0.1875,1,0.03,0.1875,1,0
IWM191011P141,2019-10-10,2019-10-10 09:35:59,0.04,0.25,2949,0.02,0.125,1887,0.03,0.1875,1,0.03,0.1875,1,0
IWM191011P141,2019-10-10,2019-10-10 09:36:00,0.04,0.25,3293,0.02,0.125,2372,0.03,0.1875,1,0.03,0.1875,1,0
IWM191011P141,2019-10-10,2019-10-10 09:36:00,0.04,0.25,3196,0.02,0.125,1606,0.03,0.1875,1,0.03,0.1875,1,0
IWM191011P141,2019-10-10,2019-10-10 09:36:01,0.04,0.25,3254,0.02,0.125,3151,0.03,0.1875,1,0.03,0.1875,1,0
IWM191011P141,2019-10-10,2019-10-10 09:36:01,0.04,0.25,3303,0.02,0.125,3151,0.03,0.1875,1,0.03,0.1875,1,0
IWM191011P141,2019-10-10,2019-10-10 09:36:02,0.04,0.25,3406,0.02,0.125,3151,0.03,0.1875,1,0.03,0.1875,1,0
IWM191011P141,2019-10-10,2019-10-10 09:36:02,0.04,0.25,3254,0.02,0.125,3151,0.03,0.1875,1,0.03,0.1875,1,0
IWM191011P141,2019-10-10,2019-10-10 09:36:03,0.04,0.25,3504,0.02,0.125,1732,0.03,0.1875,1,0.03,0.1875,1,0
IWM191011P141,2019-10-10,2019-10-10 09:36:04,0.04,0.25,2771,0.02,0.125,2457,0.03,0.1875,1,0.03,0.1875,1,0
IWM191011P141,2019-10-10,2019-10-10 09:36:04,0.04,0.25,3504,0.02,0.125,2457,0.03,0.1875,1,0.03,0.1875,1,0
IWM191011P141,2019-10-10,2019-10-10 09:36:05,0.04,0.25,2385,0.02,0.125,1685,0.03,0.1875,1,0.03,0.1875,1,0
IWM191011P141,2019-10-10,2019-10-10 09:36:05,0.04,0.25,3057,0.02,0.125,1909,0.03,0.1875,1,0.03,0.1875,1,0
IWM191011P141,2019-10-10,2019-10-10 09:36:06,0.04,0.25,3167,0.02,0.125,1909,0.03,0.1875,1,0.03,0.1875,1,0
IWM191011P141,2019-10-10,2019-10-10 09:36:07,0.04,0.25,3157,0.02,0.125,1339,0.03,0.1875,1,0.03,0.1875,1,0
IWM191011P141,2019-10-10,2019-10-10 09:36:07,0.04,0.25,3167,0.02,0.125,2855,0.03,0.1875,1,0.03,0.1875,1,0
IWM191011P141,2019-10-10,2019-10-10 09:36:08,0.04,0.25,3151,0.02,0.125,2260,0.03,0.1875,1,0.03,0.1875,1,0
IWM191011P141,2019-10-10,2019-10-10 09:36:08,0.04,0.25,3157,0.02,0.125,2260,0.03,0.1875,1,0.03,0.1875,1,0
IWM191011P141,2019-10-10,2019-10-10 09:36:09,0.04,0.25,3061,0.02,0.125,2221,0.03,0.1875,1,0.03,0.1875,1,0
IWM191011P141,2019-10-10,2019-10-10 09:36:10,0.04,0.25,3167,0.02,0.125,3248,0.03,0.1875,1,0.03,0.1875,1,0
IWM191011P141,2019-10-10,2019-10-10 09:36:10,0.03,0.1875,1,0.02,0.125,2983,0.03,0.1875,1,0.025,0.1562,1,0
IWM191011P141,2019-10-10,2019-10-10 09:36:11,0.03,0.1875,1,0.02,0.125,2983,0.03,0.1875,1,0.025,0.1562,1,0
IWM191011P141,2019-10-10,2019-10-10 09:36:11,0.04,0.25,3162,0.02,0.125,3762,0.03,0.1875,1,0.03,0.1875,1,0
IWM191011P141,2019-10-10,2019-10-10 09:36:12,0.04,0.25,3162,0.02,0.125,3762,0.03,0.1875,1,0.03,0.1875,1,0
IWM191011P141,2019-10-10,2019-10-10 09:36:13,0.04,0.25,3162,0.02,0.125,3762,0.03,0.1875,1,0.03,0.1875,1,0
IWM191011P141,2019-10-10,2019-10-10 09:36:13,0.04,0.25,3162,0.02,0.125,3115,0.03,0.1875,1,0.03,0.1875,1,0
IWM191011P141,2019-10-10,2019-10-10 09:36:14,0.04,0.25,3141,0.02,0.125,2619,0.03,0.1875,1,0.03,0.1875,1,0
IWM191011P141,2019-10-10,2019-10-10 09:36:14,0.04,0.25,2385,0.02,0.125,2245,0.03,0.1875,1,0.03,0.1875,1,0
IWM191011P141,2019-10-10,2019-10-10 09:36:15,0.04,0.25,3141,0.02,0.125,2619,0.03,0.1875,1,0.03,0.1875,1,0
IWM191011P141,2019-10-10,2019-10-10 09:36:16,0.04,0.25,2732,0.02,0.125,3008,0.03,0.1875,1,0.03,0.1875,1,0
IWM191011P141,2019-10-10,2019-10-10 09:36:16,0.04,0.25,3141,0.02,0.125,3787,0.03,0.1875,1,0.03,0.1875,1,0
IWM191011P141,2019-10-10,2019-10-10 09:36:17,0.04,0.25,3141,0.02,0.125,3008,0.03,0.1875,1,0.03,0.1875,1,0
IWM191011P141,2019-10-10,2019-10-10 09:36:17,0.04,0.25,3141,0.02,0.125,3787,0.03,0.1875,1,0.03,0.1875,1,0
IWM191011P141,2019-10-10,2019-10-10 09:36:18,0.04,0.25,2385,0.02,0.125,3039,0.03,0.1875,1,0.03,0.1875,1,0
IWM191011P141,2019-10-10,2019-10-10 09:36:18,0.04,0.25,3141,0.02,0.125,3787,0.03,0.1875,1,0.03,0.1875,1,0
IWM191011P141,2019-10-10,2019-10-10 09:36:19,0.04,0.25,3154,0.02,0.125,3178,0.03,0.1875,1,0.03,0.1875,1,0
IWM191011P141,2019-10-10,2019-10-10 09:36:19,0.04,0.25,1460,0.02,0.125,3178,0.03,0.1875,1,0.03,0.1875,1,0
IWM191011P141,2019-10-10,2019-10-10 09:36:20,0.04,0.25,3094,0.02,0.125,1658,0.03,0.1875,1,0.03,0.1875,1,0
IWM191011P141,2019-10-10,2019-10-10 09:36:21,0.04,0.25,3094,0.02,0.125,1658,0.03,0.1875,1,0.03,0.1875,1,0
IWM191011P141,2019-10-10,2019-10-10 09:36:21,0.04,0.25,3094,0.02,0.125,2271,0.03,0.1875,1,0.03,0.1875,1,0
IWM191011P141,2019-10-10,2019-10-10 09:36:22,0.04,0.25,3094,0.02,0.125,2271,0.03,0.1875,1,0.03,0.1875,1,0
IWM191011P141,2019-10-10,2019-10-10 09:36:22,0.04,0.25,3094,0.02,0.125,3439,0.03,0.1875,1,0.03,0.1875,1,0
IWM191011P141,2019-10-10,2019-10-10 09:36:23,0.04,0.25,3450,0.02,0.125,2883,0.03,0.1875,1,0.03,0.1875,1,0
IWM191011P141,2019-10-10,2019-10-10 09:36:23,0.04,0.25,2769,0.02,0.125,3439,0.03,0.1875,1,0.03,0.1875,1,0
IWM191011P141,2019-10-10,2019-10-10 09:36:24,0.04,0.25,3502,0.02,0.125,2883,0.03,0.1875,1,0.03,0.1875,1,0
IWM191011P141,2019-10-10,2019-10-10 09:36:25,0.04,0.25,3046,0.02,0.125,3718,0.03,0.1875,1,0.03,0.1875,1,0
IWM191011P141,2019-10-10,2019-10-10 09:36:25,0.04,0.25,3502,0.02,0.125,3662,0.03,0.1875,1,0.03,0.1875,1,0
IWM191011P141,2019-10-10,2019-10-10 09:36:26,0.04,0.25,3264,0.02,0.125,2939,0.03,0.1875,1,0.03,0.1875,1,0
IWM191011P141,2019-10-10,2019-10-10 09:36:26,0.04,0.25,3491,0.02,0.125,2939,0.03,0.1875,1,0.03,0.1875,1,0
IWM191011P141,2019-10-10,2019-10-10 09:36:27,0.04,0.25,3491,0.02,0.125,2063,0.03,0.1875,1,0.03,0.1875,1,0
IWM191011P141,2019-10-10,2019-10-10 09:36:28,0.04,0.25,3491,0.02,0.125,3222,0.03,0.1875,1,0.03,0.1875,1,0
IWM191011P141,2019-10-10,2019-10-10 09:36:28,0.04,0.25,3491,0.02,0.125,2063,0.03,0.1875,1,0.03,0.1875,1,0
IWM191011P141,2019-10-10,2019-10-10 09:36:29,0.04,0.25,3036,0.02,0.125,3222,0.03,0.1875,1,0.03,0.1875,1,0
IWM191011P141,2019-10-10,2019-10-10 09:36:30,0.04,0.25,3036,0.02,0.125,2424,0.03,0.1875,1,0.03,0.1875,1,0
IWM191011P141,2019-10-10,2019-10-10 09:36:30,0.04,0.25,3491,0.02,0.125,2424,0.03,0.1875,1,0.03,0.1875,1,0
IWM191011P141,2019-10-10,2019-10-10 09:36:31,0.04,0.25,3491,0.02,0.125,2424,0.03,0.1875,1,0.03,0.1875,1,0
IWM191011P141,2019-10-10,2019-10-10 09:36:32,0.04,0.25,3491,0.02,0.125,2424,0.03,0.1875,1,0.03,0.1875,1,0
IWM191011P141,2019-10-10,2019-10-10 09:36:32,0.04,0.25,1903,0.02,0.125,2424,0.03,0.1875,1,0.03,0.1875,1,0
IWM191011P141,2019-10-10,2019-10-10 09:36:33,0.04,0.25,3162,0.02,0.125,2424,0.03,0.1875,1,0.03,0.1875,1,0
IWM191011P141,2019-10-10,2019-10-10 09:36:34,0.04,0.25,3162,0.02,0.125,2424,0.03,0.1875,1,0.03,0.1875,1,0
IWM191011P141,2019-10-10,2019-10-10 09:36:35,0.04,0.25,3162,0.02,0.125,3621,0.03,0.1875,1,0.03,0.1875,1,0
IWM191011P141,2019-10-10,2019-10-10 09:36:35,0.04,0.25,3162,0.02,0.125,2424,0.03,0.1875,1,0.03,0.1875,1,0
IWM191011P141,2019-10-10,2019-10-10 09:36:36,0.04,0.25,3162,0.02,0.125,3621,0.03,0.1875,1,0.03,0.1875,1,0
IWM191011P141,2019-10-10,2019-10-10 09:36:36,0.04,0.25,3356,0.02,0.125,2823,0.03,0.1875,1,0.03,0.1875,1,0
IWM191011P141,2019-10-10,2019-10-10 09:36:37,0.04,0.25,3356,0.02,0.125,2823,0.03,0.1875,1,0.03,0.1875,1,0
IWM191011P141,2019-10-10,2019-10-10 09:36:38,0.04,0.25,3356,0.02,0.125,3621,0.03,0.1875,1,0.03,0.1875,1,0
IWM191011P141,2019-10-10,2019-10-10 09:36:38,0.04,0.25,3356,0.02,0.125,2823,0.03,0.1875,1,0.03,0.1875,1,0
IWM191011P141,2019-10-10,2019-10-10 09:36:39,0.04,0.25,2390,0.02,0.125,2840,0.03,0.1875,1,0.03,0.1875,1,0
IWM191011P141,2019-10-10,2019-10-10 09:36:39,0.04,0.25,2679,0.02,0.125,2823,0.03,0.1875,1,0.03,0.1875,1,0
IWM191011P141,2019-10-10,2019-10-10 09:36:40,0.04,0.25,3503,0.02,0.125,2790,0.03,0.1875,1,0.03,0.1875,1,0
IWM191011P141,2019-10-10,2019-10-10 09:36:40,0.04,0.25,3502,0.02,0.125,2490,0.03,0.1875,1,0.03,0.1875,1,0
IWM191011P141,2019-10-10,2019-10-10 09:36:41,0.04,0.25,3502,0.02,0.125,2490,0.03,0.1875,1,0.03,0.1875,1,0
IWM191011P141,2019-10-10,2019-10-10 09:36:41,0.04,0.25,3502,0.02,0.125,2538,0.03,0.1875,1,0.03,0.1875,1,0
IWM191011P141,2019-10-10,2019-10-10 09:36:42,0.04,0.25,3211,0.02,0.125,2538,0.03,0.1875,1,0.03,0.1875,1,0
IWM191011P141,2019-10-10,2019-10-10 09:36:42,0.04,0.25,3045,0.02,0.125,2538,0.03,0.1875,1,0.03,0.1875,1,0
IWM191011P141,2019-10-10,2019-10-10 09:36:43,0.03,0.1875,1,0.02,0.125,3732,0.03,0.1875,1,0.025,0.1562,1,0
IWM191011P141,2019-10-10,2019-10-10 09:36:43,0.04,0.25,3501,0.02,0.125,2538,0.03,0.1875,1,0.03,0.1875,1,0
IWM191011P141,2019-10-10,2019-10-10 09:36:44,0.04,0.25,3168,0.02,0.125,3732,0.03,0.1875,1,0.03,0.1875,1,0
IWM191011P141,2019-10-10,2019-10-10 09:36:45,0.04,0.25,2755,0.02,0.125,2934,0.03,0.1875,1,0.03,0.1875,1,0
IWM191011P141,2019-10-10,2019-10-10 09:36:45,0.04,0.25,3044,0.02,0.125,2934,0.03,0.1875,1,0.03,0.1875,1,0
IWM191011P141,2019-10-10,2019-10-10 09:36:46,0.04,0.25,3457,0.02,0.125,3732,0.03,0.1875,1,0.03,0.1875,1,0
IWM191011P141,2019-10-10,2019-10-10 09:36:46,0.04,0.25,3042,0.02,0.125,3732,0.03,0.1875,1,0.03,0.1875,1,0
IWM191011P141,2019-10-10,2019-10-10 09:36:47,0.04,0.25,3500,0.02,0.125,2934,0.03,0.1875,1,0.03,0.1875,1,0
IWM191011P141,2019-10-10,2019-10-10 09:36:47,0.04,0.25,3398,0.02,0.125,2934,0.03,0.1875,1,0.03,0.1875,1,0
IWM191011P141,2019-10-10,2019-10-10 09:36:48,0.04,0.25,3398,0.02,0.125,3732,0.03,0.1875,1,0.03,0.1875,1,0
IWM191011P141,2019-10-10,2019-10-10 09:36:48,0.04,0.25,3499,0.02,0.125,3732,0.03,0.1875,1,0.03,0.1875,1,0
IWM191011P141,2019-10-10,2019-10-10 09:36:49,0.04,0.25,3499,0.02,0.125,2934,0.03,0.1875,1,0.03,0.1875,1,0
IWM191011P141,2019-10-10,2019-10-10 09:36:50,0.04,0.25,3500,0.02,0.125,3732,0.03,0.1875,1,0.03,0.1875,1,0
IWM191011P141,2019-10-10,2019-10-10 09:36:50,0.04,0.25,3500,0.02,0.125,2934,0.03,0.1875,1,0.03,0.1875,1,0
IWM191011P141,2019-10-10,2019-10-10 09:36:51,0.04,0.25,3044,0.02,0.125,3732,0.03,0.1875,1,0.03,0.1875,1,0
IWM191011P141,2019-10-10,2019-10-10 09:36:51,0.04,0.25,3044,0.02,0.125,2934,0.03,0.1875,1,0.03,0.1875,1,0
IWM191011P141,2019-10-10,2019-10-10 09:36:52,0.04,0.25,3210,0.02,0.125,2934,0.03,0.1875,1,0.03,0.1875,1,0
IWM191011P141,2019-10-10,2019-10-10 09:36:52,0.04,0.25,3044,0.02,0.125,2934,0.03,0.1875,1,0.03,0.1875,1,0
IWM191011P141,2019-10-10,2019-10-10 09:36:53,0.04,0.25,2892,0.02,0.125,2026,0.03,0.1875,1,0.03,0.1875,1,0
IWM191011P141,2019-10-10,2019-10-10 09:36:53,0.04,0.25,3167,0.02,0.125,2934,0.03,0.1875,1,0.03,0.1875,1,0
IWM191011P141,2019-10-10,2019-10-10 09:36:54,0.04,0.25,3041,0.02,0.125,2786,0.03,0.1875,1,0.03,0.1875,1,0
IWM191011P141,2019-10-10,2019-10-10 09:36:55,0.04,0.25,3041,0.02,0.125,3729,0.03,0.1875,1,0.03,0.1875,1,0
IWM191011P141,2019-10-10,2019-10-10 09:36:56,0.04,0.25,3041,0.02,0.125,3729,0.03,0.1875,1,0.03,0.1875,1,0
IWM191011P141,2019-10-10,2019-10-10 09:36:57,0.04,0.25,3114,0.02,0.125,2931,0.03,0.1875,1,0.03,0.1875,1,0
IWM191011P141,2019-10-10,2019-10-10 09:36:57,0.04,0.25,3041,0.02,0.125,3729,0.03,0.1875,1,0.03,0.1875,1,0
IWM191011P141,2019-10-10,2019-10-10 09:36:58,0.04,0.25,2485,0.02,0.125,2943,0.03,0.1875,1,0.03,0.1875,1,0
IWM191011P141,2019-10-10,2019-10-10 09:36:58,0.04,0.25,3114,0.02,0.125,2931,0.03,0.1875,1,0.03,0.1875,1,0
IWM191011P141,2019-10-10,2019-10-10 09:36:59,0.04,0.25,2746,0.02,0.125,2943,0.03,0.1875,1,0.03,0.1875,1,0
IWM191011P141,2019-10-10,2019-10-10 09:36:59,0.04,0.25,3336,0.02,0.125,3938,0.03,0.1875,1,0.03,0.1875,1,0
IWM191011P141,2019-10-10,2019-10-10 09:37:00,0.04,0.25,3336,0.02,0.125,3145,0.03,0.1875,1,0.03,0.1875,1,0
IWM191011P141,2019-10-10,2019-10-10 09:37:01,0.04,0.25,3351,0.02,0.125,3145,0.03,0.1875,1,0.03,0.1875,1,0
IWM191011P141,2019-10-10,2019-10-10 09:37:01,0.04,0.25,3032,0.02,0.125,3145,0.03,0.1875,1,0.03,0.1875,1,0
IWM191011P141,2019-10-10,2019-10-10 09:37:02,0.04,0.25,3351,0.02,0.125,3145,0.03,0.1875,1,0.03,0.1875,1,0
IWM191011P141,2019-10-10,2019-10-10 09:37:03,0.04,0.25,1430,0.02,0.125,3145,0.03,0.1875,1,0.03,0.1875,1,0
IWM191011P141,2019-10-10,2019-10-10 09:37:03,0.04,0.25,2263,0.02,0.125,1042,0.03,0.1875,1,0.03,0.1875,1,0
IWM191011P141,2019-10-10,2019-10-10 09:37:04,0.04,0.25,3032,0.02,0.125,2587,0.03,0.1875,1,0.03,0.1875,1,0
IWM191011P141,2019-10-10,2019-10-10 09:37:04,0.04,0.25,3205,0.02,0.125,2587,0.03,0.1875,1,0.03,0.1875,1,0
IWM191011P141,2019-10-10,2019-10-10 09:37:05,0.04,0.25,3323,0.02,0.125,2456,0.03,0.1875,1,0.03,0.1875,1,0
IWM191011P141,2019-10-10,2019-10-10 09:37:05,0.04,0.25,2901,0.02,0.125,2456,0.03,0.1875,1,0.03,0.1875,1,0
IWM191011P141,2019-10-10,2019-10-10 09:37:06,0.04,0.25,2890,0.02,0.125,2183,0.03,0.1875,1,0.03,0.1875,1,0
IWM191011P141,2019-10-10,2019-10-10 09:37:06,0.04,0.25,2890,0.02,0.125,2487,0.03,0.1875,1,0.03,0.1875,1,0
IWM191011P141,2019-10-10,2019-10-10 09:37:07,0.04,0.25,2707,0.02,0.125,2487,0.03,0.1875,1,0.03,0.1875,1,0
IWM191011P141,2019-10-10,2019-10-10 09:37:07,0.04,0.25,2896,0.02,0.125,3285,0.03,0.1875,1,0.03,0.1875,1,0
IWM191011P141,2019-10-10,2019-10-10 09:37:08,0.04,0.25,3096,0.02,0.125,3927,0.03,0.1875,1,0.03,0.1875,1,0
IWM191011P141,2019-10-10,2019-10-10 09:37:09,0.04,0.25,3027,0.02,0.125,3927,0.03,0.1875,1,0.03,0.1875,1,0
IWM191011P141,2019-10-10,2019-10-10 09:37:09,0.04,0.25,3146,0.02,0.125,2249,0.03,0.1875,1,0.03,0.1875,1,0
IWM191011P141,2019-10-10,2019-10-10 09:37:10,0.04,0.25,3146,0.02,0.125,3090,0.03,0.1875,1,0.03,0.1875,1,0
IWM191011P141,2019-10-10,2019-10-10 09:37:11,0.04,0.25,2128,0.02,0.125,1415,0.03,0.1875,1,0.03,0.1875,1,0
IWM191011P141,2019-10-10,2019-10-10 09:37:11,0.04,0.25,2876,0.02,0.125,3888,0.03,0.1875,1,0.03,0.1875,1,0
IWM191011P141,2019-10-10,2019-10-10 09:37:12,0.04,0.25,2030,0.02,0.125,2182,0.03,0.1875,1,0.03,0.1875,1,0
IWM191011P141,2019-10-10,2019-10-10 09:37:12,0.04,0.25,3096,0.02,0.125,2183,0.03,0.1875,1,0.03,0.1875,1,0
IWM191011P141,2019-10-10,2019-10-10 09:37:13,0.04,0.25,3096,0.02,0.125,2183,0.03,0.1875,1,0.03,0.1875,1,0
IWM191011P141,2019-10-10,2019-10-10 09:37:13,0.04,0.25,3096,0.02,0.125,2562,0.03,0.1875,1,0.03,0.1875,1,0
IWM191011P141,2019-10-10,2019-10-10 09:37:14,0.04,0.25,3074,0.02,0.125,2614,0.03,0.1875,1,0.03,0.1875,1,0
IWM191011P141,2019-10-10,2019-10-10 09:37:14,0.04,0.25,2708,0.02,0.125,1795,0.03,0.1875,1,0.03,0.1875,1,0
IWM191011P141,2019-10-10,2019-10-10 09:37:15,0.04,0.25,2749,0.02,0.125,2614,0.03,0.1875,1,0.03,0.1875,1,0
IWM191011P141,2019-10-10,2019-10-10 09:37:15,0.04,0.25,3055,0.02,0.125,2614,0.03,0.1875,1,0.03,0.1875,1,0
IWM191011P141,2019-10-10,2019-10-10 09:37:16,0.04,0.25,3055,0.02,0.125,3952,0.03,0.1875,1,0.03,0.1875,1,0
IWM191011P141,2019-10-10,2019-10-10 09:37:16,0.04,0.25,3055,0.02,0.125,3985,0.03,0.1875,1,0.03,0.1875,1,0
IWM191011P141,2019-10-10,2019-10-10 09:37:17,0.04,0.25,2744,0.02,0.125,3985,0.03,0.1875,1,0.03,0.1875,1,0
IWM191011P141,2019-10-10,2019-10-10 09:37:17,0.04,0.25,2744,0.02,0.125,3187,0.03,0.1875,1,0.03,0.1875,1,0
IWM191011P141,2019-10-10,2019-10-10 09:37:18,0.04,0.25,3155,0.02,0.125,3187,0.03,0.1875,1,0.03,0.1875,1,0
IWM191011P141,2019-10-10,2019-10-10 09:37:18,0.04,0.25,3056,0.02,0.125,3187,0.03,0.1875,1,0.03,0.1875,1,0
IWM191011P141,2019-10-10,2019-10-10 09:37:19,0.04,0.25,3155,0.02,0.125,3187,0.03,0.1875,1,0.03,0.1875,1,0
IWM191011P141,2019-10-10,2019-10-10 09:37:19,0.04,0.25,3056,0.02,0.125,3187,0.03,0.1875,1,0.03,0.1875,1,0
IWM191011P141,2019-10-10,2019-10-10 09:37:20,0.04,0.25,3031,0.02,0.125,2604,0.03,0.1875,1,0.03,0.1875,1,0
IWM191011P141,2019-10-10,2019-10-10 09:37:20,0.04,0.25,1704,0.02,0.125,1407,0.03,0.1875,1,0.03,0.1875,1,0
IWM191011P141,2019-10-10,2019-10-10 09:37:21,0.04,0.25,3485,0.02,0.125,2604,0.03,0.1875,1,0.03,0.1875,1,0
IWM191011P141,2019-10-10,2019-10-10 09:37:21,0.04,0.25,2159,0.02,0.125,2604,0.03,0.1875,1,0.03,0.1875,1,0
IWM191011P141,2019-10-10,2019-10-10 09:37:22,0.04,0.25,2392,0.02,0.125,2604,0.03,0.1875,1,0.03,0.1875,1,0
IWM191011P141,2019-10-10,2019-10-10 09:37:22,0.04,0.25,2658,0.02,0.125,2542,0.03,0.1875,1,0.03,0.1875,1,0
IWM191011P141,2019-10-10,2019-10-10 09:37:23,0.04,0.25,3727,0.02,0.125,2542,0.03,0.1875,1,0.03,0.1875,1,0
IWM191011P141,2019-10-10,2019-10-10 09:37:23,0.04,0.25,3434,0.02,0.125,2542,0.03,0.1875,1,0.03,0.1875,1,0
IWM191011P141,2019-10-10,2019-10-10 09:37:24,0.03,0.1875,770,0.02,0.125,3706,0.03,0.1875,1,0.025,0.1562,1,0
IWM191011P141,2019-10-10,2019-10-10 09:37:24,0.03,0.1875,1214,0.02,0.125,3706,0.03,0.1875,1,0.025,0.1562,1,0
IWM191011P141,2019-10-10,2019-10-10 09:37:25,0.03,0.1875,2359,0.02,0.125,2774,0.03,0.1875,1,0.025,0.1562,1,0
IWM191011P141,2019-10-10,2019-10-10 09:37:25,0.03,0.1875,2157,0.02,0.125,2774,0.03,0.1875,1,0.025,0.1562,1,0
IWM191011P141,2019-10-10,2019-10-10 09:37:26,0.03,0.1875,2125,0.02,0.125,3712,0.03,0.1875,1,0.025,0.1562,1,0
IWM191011P141,2019-10-10,2019-10-10 09:37:26,0.03,0.1875,2359,0.02,0.125,3712,0.03,0.1875,1,0.025,0.1562,1,0
IWM191011P141,2019-10-10,2019-10-10 09:37:27,0.03,0.1875,2125,0.02,0.125,4702,0.03,0.1875,1,0.025,0.1562,1,0
IWM191011P141,2019-10-10,2019-10-10 09:37:27,0.03,0.1875,2125,0.02,0.125,3712,0.03,0.1875,1,0.025,0.1562,1,0
IWM191011P141,2019-10-10,2019-10-10 09:37:28,0.03,0.1875,2125,0.02,0.125,4702,0.03,0.1875,1,0.025,0.1562,1,0
IWM191011P141,2019-10-10,2019-10-10 09:37:29,0.03,0.1875,2125,0.02,0.125,5253,0.03,0.1875,1,0.025,0.1562,1,0
IWM191011P141,2019-10-10,2019-10-10 09:37:30,0.03,0.1875,2125,0.02,0.125,5253,0.03,0.1875,1,0.025,0.1562,1,0
IWM191011P141,2019-10-10,2019-10-10 09:37:31,0.03,0.1875,2125,0.02,0.125,5253,0.03,0.1875,1,0.025,0.1562,1,0
IWM191011P141,2019-10-10,2019-10-10 09:37:32,0.03,0.1875,746,0.02,0.125,2619,0.03,0.1875,1,0.025,0.1562,1,0
IWM191011P141,2019-10-10,2019-10-10 09:37:32,0.03,0.1875,2125,0.02,0.125,5253,0.03,0.1875,1,0.025,0.1562,1,0
IWM191011P141,2019-10-10,2019-10-10 09:37:33,0.03,0.1875,1419,0.02,0.125,3544,0.03,0.1875,1,0.025,0.1562,1,0
IWM191011P141,2019-10-10,2019-10-10 09:37:33,0.03,0.1875,890,0.02,0.125,3590,0.03,0.1875,1,0.025,0.1562,1,0
IWM191011P141,2019-10-10,2019-10-10 09:37:34,0.03,0.1875,1307,0.02,0.125,3590,0.03,0.1875,1,0.025,0.1562,1,0
IWM191011P141,2019-10-10,2019-10-10 09:37:34,0.03,0.1875,738,0.02,0.125,4996,0.03,0.1875,1,0.025,0.1562,1,0
IWM191011P141,2019-10-10,2019-10-10 09:37:35,0.03,0.1875,307,0.02,0.125,3997,0.03,0.1875,1,0.025,0.1562,1,0
IWM191011P141,2019-10-10,2019-10-10 09:37:35,0.03,0.1875,67,0.02,0.125,4996,0.03,0.1875,1,0.025,0.1562,1,0
IWM191011P141,2019-10-10,2019-10-10 09:37:36,0.03,0.1875,67,0.02,0.125,5407,0.03,0.1875,1,0.025,0.1562,1,0
IWM191011P141,2019-10-10,2019-10-10 09:37:36,0.03,0.1875,44,0.02,0.125,5388,0.03,0.1875,1,0.025,0.1562,1,0
IWM191011P141,2019-10-10,2019-10-10 09:37:37,0.03,0.1875,44,0.02,0.125,5388,0.03,0.1875,1,0.025,0.1562,1,0
IWM191011P141,2019-10-10,2019-10-10 09:37:38,0.03,0.1875,53,0.02,0.125,5388,0.03,0.1875,1,0.025,0.1562,1,0
IWM191011P141,2019-10-10,2019-10-10 09:37:39,0.03,0.1875,53,0.02,0.125,5388,0.03,0.1875,1,0.025,0.1562,1,0
IWM191011P141,2019-10-10,2019-10-10 09:37:39,0.03,0.1875,53,0.02,0.125,4534,0.03,0.1875,1,0.025,0.1562,1,0
IWM191011P141,2019-10-10,2019-10-10 09:37:40,0.04,0.25,3154,0.02,0.125,4534,0.03,0.1875,1,0.03,0.1875,1,0
IWM191011P141,2019-10-10,2019-10-10 09:37:40,0.03,0.1875,22,0.02,0.125,4534,0.03,0.1875,1,0.025,0.1562,1,0
IWM191011P141,2019-10-10,2019-10-10 09:37:41,0.04,0.25,3347,0.02,0.125,4584,0.03,0.1875,1,0.03,0.1875,1,0
IWM191011P141,2019-10-10,2019-10-10 09:37:41,0.04,0.25,3318,0.02,0.125,5371,0.03,0.1875,1,0.03,0.1875,1,0
IWM191011P141,2019-10-10,2019-10-10 09:37:42,0.04,0.25,3376,0.02,0.125,5423,0.03,0.1875,1,0.03,0.1875,1,0
IWM191011P141,2019-10-10,2019-10-10 09:37:42,0.04,0.25,3347,0.02,0.125,4584,0.03,0.1875,1,0.03,0.1875,1,0
IWM191011P141,2019-10-10,2019-10-10 09:37:43,0.04,0.25,3345,0.02,0.125,4584,0.03,0.1875,1,0.03,0.1875,1,0
IWM191011P141,2019-10-10,2019-10-10 09:37:43,0.04,0.25,3376,0.02,0.125,5423,0.03,0.1875,1,0.03,0.1875,1,0
IWM191011P141,2019-10-10,2019-10-10 09:37:44,0.04,0.25,2733,0.02,0.125,4584,0.03,0.1875,1,0.03,0.1875,1,0
IWM191011P141,2019-10-10,2019-10-10 09:37:44,0.04,0.25,297,0.02,0.125,1270,0.03,0.1875,1,0.03,0.1875,1,0
IWM191011P141,2019-10-10,2019-10-10 09:37:45,0.04,0.25,832,0.02,0.125,1270,0.03,0.1875,1,0.03,0.1875,1,0
IWM191011P141,2019-10-10,2019-10-10 09:37:45,0.04,0.25,443,0.02,0.125,1270,0.03,0.1875,1,0.03,0.1875,1,0
IWM191011P141,2019-10-10,2019-10-10 09:37:46,0.04,0.25,758,0.02,0.125,2867,0.03,0.1875,1,0.03,0.1875,1,0
IWM191011P141,2019-10-10,2019-10-10 09:37:46,0.04,0.25,1153,0.02,0.125,2867,0.03,0.1875,1,0.03,0.1875,1,0
IWM191011P141,2019-10-10,2019-10-10 09:37:47,0.03,0.1875,540,0.02,0.125,2867,0.03,0.1875,1,0.025,0.1562,1,0
IWM191011P141,2019-10-10,2019-10-10 09:37:47,0.03,0.1875,717,0.02,0.125,2094,0.03,0.1875,1,0.025,0.1562,1,0
IWM191011P141,2019-10-10,2019-10-10 09:37:48,0.03,0.1875,1255,0.02,0.125,3504,0.03,0.1875,1,0.025,0.1562,1,0
IWM191011P141,2019-10-10,2019-10-10 09:37:48,0.03,0.1875,779,0.02,0.125,2867,0.03,0.1875,1,0.025,0.1562,1,0
IWM191011P141,2019-10-10,2019-10-10 09:37:49,0.03,0.1875,1668,0.02,0.125,4420,0.03,0.1875,1,0.025,0.1562,1,0
IWM191011P141,2019-10-10,2019-10-10 09:37:50,0.03,0.1875,1638,0.02,0.125,4420,0.03,0.1875,1,0.025,0.1562,1,0
IWM191011P141,2019-10-10,2019-10-10 09:37:50,0.03,0.1875,1668,0.02,0.125,4420,0.03,0.1875,1,0.025,0.1562,1,0
IWM191011P141,2019-10-10,2019-10-10 09:37:51,0.03,0.1875,1820,0.02,0.125,4420,0.03,0.1875,1,0.025,0.1562,1,0
IWM191011P141,2019-10-10,2019-10-10 09:37:52,0.03,0.1875,2393,0.02,0.125,4473,0.03,0.1875,1,0.025,0.1562,1,0
IWM191011P141,2019-10-10,2019-10-10 09:37:52,0.03,0.1875,2470,0.02,0.125,4473,0.03,0.1875,1,0.025,0.1562,1,0
IWM191011P141,2019-10-10,2019-10-10 09:37:53,0.03,0.1875,2470,0.02,0.125,4473,0.03,0.1875,1,0.025,0.1562,1,0
IWM191011P141,2019-10-10,2019-10-10 09:37:54,0.03,0.1875,2470,0.02,0.125,4473,0.03,0.1875,1,0.025,0.1562,1,0
IWM191011P141,2019-10-10,2019-10-10 09:37:55,0.03,0.1875,2470,0.02,0.125,4473,0.03,0.1875,1,0.025,0.1562,1,0
IWM191011P141,2019-10-10,2019-10-10 09:37:55,0.03,0.1875,2288,0.02,0.125,3012,0.03,0.1875,1,0.025,0.1562,1,0
IWM191011P141,2019-10-10,2019-10-10 09:37:56,0.03,0.1875,1181,0.02,0.125,2912,0.03,0.1875,1,0.025,0.1562,1,0
IWM191011P141,2019-10-10,2019-10-10 09:37:57,0.03,0.1875,901,0.02,0.125,1050,0.03,0.1875,1,0.025,0.1562,1,0
IWM191011P141,2019-10-10,2019-10-10 09:37:57,0.04,0.25,999,0.02,0.125,1859,0.03,0.1875,1,0.03,0.1875,1,0
IWM191011P141,2019-10-10,2019-10-10 09:37:58,0.03,0.1875,450,0.02,0.125,2132,0.03,0.1875,1,0.025,0.1562,1,0
IWM191011P141,2019-10-10,2019-10-10 09:37:58,0.04,0.25,1611,0.02,0.125,2132,0.03,0.1875,1,0.03,0.1875,1,0
IWM191011P141,2019-10-10,2019-10-10 09:37:59,0.03,0.1875,450,0.02,0.125,2132,0.03,0.1875,1,0.025,0.1562,1,0
IWM191011P141,2019-10-10,2019-10-10 09:38:00,0.04,0.25,2594,0.02,0.125,2132,0.03,0.1875,1,0.03,0.1875,1,0
IWM191011P141,2019-10-10,2019-10-10 09:38:00,0.03,0.1875,1,0.02,0.125,2132,0.03,0.1875,1,0.025,0.1562,1,0
IWM191011P141,2019-10-10,2019-10-10 09:38:01,0.04,0.25,2195,0.02,0.125,1934,0.03,0.1875,1,0.03,0.1875,1,0
IWM191011P141,2019-10-10,2019-10-10 09:38:01,0.04,0.25,3065,0.02,0.125,2804,0.03,0.1875,1,0.03,0.1875,1,0
IWM191011P141,2019-10-10,2019-10-10 09:38:02,0.04,0.25,2008,0.02,0.125,1934,0.03,0.1875,1,0.03,0.1875,1,0
IWM191011P141,2019-10-10,2019-10-10 09:38:02,0.04,0.25,3082,0.02,0.125,2804,0.03,0.1875,1,0.03,0.1875,1,0
IWM191011P141,2019-10-10,2019-10-10 09:38:03,0.04,0.25,1243,0.02,0.125,1053,0.03,0.1875,1,0.03,0.1875,1,0
IWM191011P141,2019-10-10,2019-10-10 09:38:03,0.03,0.1875,681,0.02,0.125,1053,0.03,0.1875,1,0.025,0.1562,1,0
IWM191011P141,2019-10-10,2019-10-10 09:38:04,0.03,0.1875,681,0.02,0.125,2290,0.03,0.1875,1,0.025,0.1562,1,0
IWM191011P141,2019-10-10,2019-10-10 09:38:05,0.03,0.1875,700,0.02,0.125,2634,0.03,0.1875,1,0.025,0.1562,1,0
IWM191011P141,2019-10-10,2019-10-10 09:38:05,0.03,0.1875,827,0.02,0.125,3611,0.03,0.1875,1,0.025,0.1562,1,0
IWM191011P141,2019-10-10,2019-10-10 09:38:06,0.03,0.1875,827,0.02,0.125,3611,0.03,0.1875,1,0.025,0.1562,1,0
IWM191011P141,2019-10-10,2019-10-10 09:38:06,0.03,0.1875,1827,0.02,0.125,3611,0.03,0.1875,1,0.025,0.1562,1,0
IWM191011P141,2019-10-10,2019-10-10 09:38:07,0.03,0.1875,877,0.02,0.125,3500,0.03,0.1875,1,0.025,0.1562,1,0
IWM191011P141,2019-10-10,2019-10-10 09:38:07,0.03,0.1875,1857,0.02,0.125,4253,0.03,0.1875,1,0.025,0.1562,1,0
IWM191011P141,2019-10-10,2019-10-10 09:38:08,0.03,0.1875,877,0.02,0.125,3500,0.03,0.1875,1,0.025,0.1562,1,0
IWM191011P141,2019-10-10,2019-10-10 09:38:08,0.03,0.1875,510,0.02,0.125,3338,0.03,0.1875,1,0.025,0.1562,1,0
IWM191011P141,2019-10-10,2019-10-10 09:38:09,0.03,0.1875,1002,0.02,0.125,4331,0.03,0.1875,1,0.025,0.1562,1,0
IWM191011P141,2019-10-10,2019-10-10 09:38:10,0.03,0.1875,1043,0.02,0.125,4331,0.03,0.1875,1,0.025,0.1562,1,0
IWM191011P141,2019-10-10,2019-10-10 09:38:10,0.03,0.1875,1002,0.02,0.125,4331,0.03,0.1875,1,0.025,0.1562,1,0
IWM191011P141,2019-10-10,2019-10-10 09:38:11,0.03,0.1875,1013,0.02,0.125,4331,0.03,0.1875,1,0.025,0.1562,1,0
IWM191011P141,2019-10-10,2019-10-10 09:38:12,0.03,0.1875,1013,0.02,0.125,4331,0.03,0.1875,1,0.025,0.1562,1,0
IWM191011P141,2019-10-10,2019-10-10 09:38:13,0.03,0.1875,1152,0.02,0.125,4331,0.03,0.1875,1,0.025,0.1562,1,0
IWM191011P141,2019-10-10,2019-10-10 09:38:13,0.03,0.1875,1013,0.02,0.125,4331,0.03,0.1875,1,0.025,0.1562,1,0
IWM191011P141,2019-10-10,2019-10-10 09:38:14,0.03,0.1875,1152,0.02,0.125,4331,0.03,0.1875,1,0.025,0.1562,1,0
IWM191011P141,2019-10-10,2019-10-10 09:38:15,0.03,0.1875,1152,0.02,0.125,4331,0.03,0.1875,1,0.025,0.1562,1,0
IWM191011P141,2019-10-10,2019-10-10 09:38:16,0.03,0.1875,510,0.02,0.125,2137,0.03,0.1875,1,0.025,0.1562,1,0
IWM191011P141,2019-10-10,2019-10-10 09:38:16,0.03,0.1875,785,0.02,0.125,2901,0.03,0.1875,1,0.025,0.1562,1,0
IWM191011P141,2019-10-10,2019-10-10 09:38:17,0.03,0.1875,785,0.02,0.125,2901,0.03,0.1875,1,0.025,0.1562,1,0
IWM191011P141,2019-10-10,2019-10-10 09:38:18,0.03,0.1875,941,0.02,0.125,4189,0.03,0.1875,1,0.025,0.1562,1,0
IWM191011P141,2019-10-10,2019-10-10 09:38:19,0.03,0.1875,941,0.02,0.125,4189,0.03,0.1875,1,0.025,0.1562,1,0
IWM191011P141,2019-10-10,2019-10-10 09:38:20,0.03,0.1875,1027,0.02,0.125,4342,0.03,0.1875,1,0.025,0.1562,1,0
IWM191011P141,2019-10-10,2019-10-10 09:38:20,0.03,0.1875,941,0.02,0.125,4189,0.03,0.1875,1,0.025,0.1562,1,0
IWM191011P141,2019-10-10,2019-10-10 09:38:21,0.03,0.1875,1027,0.02,0.125,4342,0.03,0.1875,1,0.025,0.1562,1,0
IWM191011P141,2019-10-10,2019-10-10 09:38:22,0.03,0.1875,1027,0.02,0.125,4342,0.03,0.1875,1,0.025,0.1562,1,0
IWM191011P141,2019-10-10,2019-10-10 09:38:23,0.03,0.1875,1226,0.02,0.125,4342,0.03,0.1875,1,0.025,0.1562,1,0
IWM191011P141,2019-10-10,2019-10-10 09:38:24,0.03,0.1875,1226,0.02,0.125,4391,0.03,0.1875,1,0.025,0.1562,1,0
IWM191011P141,2019-10-10,2019-10-10 09:38:24,0.03,0.1875,1316,0.02,0.125,4391,0.03,0.1875,1,0.025,0.1562,1,0
IWM191011P141,2019-10-10,2019-10-10 09:38:25,0.03,0.1875,1501,0.02,0.125,4373,0.03,0.1875,1,0.025,0.1562,1,0
IWM191011P141,2019-10-10,2019-10-10 09:38:26,0.03,0.1875,1542,0.02,0.125,2926,0.03,0.1875,1,0.025,0.1562,1,0
IWM191011P141,2019-10-10,2019-10-10 09:38:26,0.03,0.1875,934,0.02,0.125,2484,0.03,0.1875,1,0.025,0.1562,1,0
IWM191011P141,2019-10-10,2019-10-10 09:38:27,0.03,0.1875,1271,0.02,0.125,4389,0.03,0.1875,1,0.025,0.1562,1,0
IWM191011P141,2019-10-10,2019-10-10 09:38:27,0.03,0.1875,1452,0.02,0.125,2834,0.03,0.1875,1,0.025,0.1562,1,0
IWM191011P141,2019-10-10,2019-10-10 09:38:28,0.03,0.1875,1271,0.02,0.125,4389,0.03,0.1875,1,0.025,0.1562,1,0
IWM191011P141,2019-10-10,2019-10-10 09:38:29,0.03,0.1875,1271,0.02,0.125,4389,0.03,0.1875,1,0.025,0.1562,1,0
IWM191011P141,2019-10-10,2019-10-10 09:38:30,0.03,0.1875,1530,0.02,0.125,4462,0.03,0.1875,1,0.025,0.1562,1,0
IWM191011P141,2019-10-10,2019-10-10 09:38:30,0.03,0.1875,1271,0.02,0.125,4389,0.03,0.1875,1,0.025,0.1562,1,0
IWM191011P141,2019-10-10,2019-10-10 09:38:31,0.03,0.1875,1733,0.02,0.125,4462,0.03,0.1875,1,0.025,0.1562,1,0
IWM191011P141,2019-10-10,2019-10-10 09:38:31,0.03,0.1875,786,0.02,0.125,3464,0.03,0.1875,1,0.025,0.1562,1,0
IWM191011P141,2019-10-10,2019-10-10 09:38:32,0.03,0.1875,1433,0.02,0.125,4462,0.03,0.1875,1,0.025,0.1562,1,0
IWM191011P141,2019-10-10,2019-10-10 09:38:33,0.03,0.1875,1353,0.02,0.125,4462,0.03,0.1875,1,0.025,0.1562,1,0
IWM191011P141,2019-10-10,2019-10-10 09:38:33,0.03,0.1875,1433,0.02,0.125,4462,0.03,0.1875,1,0.025,0.1562,1,0
IWM191011P141,2019-10-10,2019-10-10 09:38:34,0.03,0.1875,1665,0.02,0.125,2776,0.03,0.1875,1,0.025,0.1562,1,0
IWM191011P141,2019-10-10,2019-10-10 09:38:34,0.03,0.1875,1929,0.02,0.125,2776,0.03,0.1875,1,0.025,0.1562,1,0
IWM191011P141,2019-10-10,2019-10-10 09:38:35,0.03,0.1875,1665,0.02,0.125,2776,0.03,0.1875,1,0.025,0.1562,1,0
IWM191011P141,2019-10-10,2019-10-10 09:38:35,0.03,0.1875,1823,0.02,0.125,2776,0.03,0.1875,1,0.025,0.1562,1,0
IWM191011P141,2019-10-10,2019-10-10 09:38:36,0.03,0.1875,1823,0.02,0.125,4164,0.03,0.1875,1,0.025,0.1562,1,0
IWM191011P141,2019-10-10,2019-10-10 09:38:37,0.03,0.1875,2042,0.02,0.125,4167,0.03,0.1875,1,0.025,0.1562,1,0
IWM191011P141,2019-10-10,2019-10-10 09:38:37,0.03,0.1875,1733,0.02,0.125,4164,0.03,0.1875,1,0.025,0.1562,1,0
IWM191011P141,2019-10-10,2019-10-10 09:38:38,0.03,0.1875,2042,0.02,0.125,4167,0.03,0.1875,1,0.025,0.1562,1,0
IWM191011P141,2019-10-10,2019-10-10 09:38:39,0.03,0.1875,2042,0.02,0.125,4167,0.03,0.1875,1,0.025,0.1562,1,0
IWM191011P141,2019-10-10,2019-10-10 09:38:40,0.03,0.1875,1371,0.02,0.125,2176,0.03,0.1875,1,0.025,0.1562,1,0
IWM191011P141,2019-10-10,2019-10-10 09:38:40,0.03,0.1875,2042,0.02,0.125,4167,0.03,0.1875,1,0.025,0.1562,1,0
IWM191011P141,2019-10-10,2019-10-10 09:38:41,0.03,0.1875,1503,0.02,0.125,2772,0.03,0.1875,1,0.025,0.1562,1,0
IWM191011P141,2019-10-10,2019-10-10 09:38:41,0.03,0.1875,1371,0.02,0.125,2772,0.03,0.1875,1,0.025,0.1562,1,0
IWM191011P141,2019-10-10,2019-10-10 09:38:42,0.03,0.1875,1474,0.02,0.125,3725,0.03,0.1875,1,0.025,0.1562,1,0
IWM191011P141,2019-10-10,2019-10-10 09:38:42,0.03,0.1875,1651,0.02,0.125,4261,0.03,0.1875,1,0.025,0.1562,1,0
IWM191011P141,2019-10-10,2019-10-10 09:38:43,0.03,0.1875,1432,0.02,0.125,4261,0.03,0.1875,1,0.025,0.1562,1,0
IWM191011P141,2019-10-10,2019-10-10 09:38:44,0.03,0.1875,1254,0.02,0.125,4261,0.03,0.1875,1,0.025,0.1562,1,0
IWM191011P141,2019-10-10,2019-10-10 09:38:44,0.03,0.1875,1344,0.02,0.125,4261,0.03,0.1875,1,0.025,0.1562,1,0
IWM191011P141,2019-10-10,2019-10-10 09:38:45,0.03,0.1875,1344,0.02,0.125,4261,0.03,0.1875,1,0.025,0.1562,1,0
IWM191011P141,2019-10-10,2019-10-10 09:38:46,0.03,0.1875,1254,0.02,0.125,4261,0.03,0.1875,1,0.025,0.1562,1,0
IWM191011P141,2019-10-10,2019-10-10 09:38:46,0.03,0.1875,1344,0.02,0.125,4261,0.03,0.1875,1,0.025,0.1562,1,0
IWM191011P141,2019-10-10,2019-10-10 09:38:47,0.03,0.1875,1036,0.02,0.125,3271,0.03,0.1875,1,0.025,0.1562,1,0
IWM191011P141,2019-10-10,2019-10-10 09:38:47,0.03,0.1875,1254,0.02,0.125,4261,0.03,0.1875,1,0.025,0.1562,1,0
IWM191011P141,2019-10-10,2019-10-10 09:38:48,0.03,0.1875,1036,0.02,0.125,3271,0.03,0.1875,1,0.025,0.1562,1,0
IWM191011P141,2019-10-10,2019-10-10 09:38:48,0.03,0.1875,1371,0.02,0.125,4261,0.03,0.1875,1,0.025,0.1562,1,0
IWM191011P141,2019-10-10,2019-10-10 09:38:49,0.03,0.1875,1281,0.02,0.125,4261,0.03,0.1875,1,0.025,0.1562,1,0
IWM191011P141,2019-10-10,2019-10-10 09:38:50,0.03,0.1875,1281,0.02,0.125,4261,0.03,0.1875,1,0.025,0.1562,1,0
IWM191011P141,2019-10-10,2019-10-10 09:38:50,0.03,0.1875,1371,0.02,0.125,4167,0.03,0.1875,1,0.025,0.1562,1,0
IWM191011P141,2019-10-10,2019-10-10 09:38:51,0.03,0.1875,788,0.02,0.125,1804,0.03,0.1875,1,0.025,0.1562,1,0
IWM191011P141,2019-10-10,2019-10-10 09:38:51,0.03,0.1875,1351,0.02,0.125,2646,0.03,0.1875,1,0.025,0.1562,1,0
IWM191011P141,2019-10-10,2019-10-10 09:38:52,0.03,0.1875,921,0.02,0.125,1784,0.03,0.1875,1,0.025,0.1562,1,0
IWM191011P141,2019-10-10,2019-10-10 09:38:52,0.03,0.1875,1247,0.02,0.125,3987,0.03,0.1875,1,0.025,0.1562,1,0
IWM191011P141,2019-10-10,2019-10-10 09:38:53,0.03,0.1875,901,0.02,0.125,3086,0.03,0.1875,1,0.025,0.1562,1,0
IWM191011P141,2019-10-10,2019-10-10 09:38:53,0.03,0.1875,1254,0.02,0.125,4066,0.03,0.1875,1,0.025,0.1562,1,0
IWM191011P141,2019-10-10,2019-10-10 09:38:54,0.03,0.1875,1224,0.02,0.125,4066,0.03,0.1875,1,0.025,0.1562,1,0
IWM191011P141,2019-10-10,2019-10-10 09:38:55,0.03,0.1875,1181,0.02,0.125,4143,0.03,0.1875,1,0.025,0.1562,1,0
IWM191011P141,2019-10-10,2019-10-10 09:38:56,0.03,0.1875,508,0.02,0.125,2882,0.03,0.1875,1,0.025,0.1562,1,0
IWM191011P141,2019-10-10,2019-10-10 09:38:56,0.03,0.1875,508,0.02,0.125,2222,0.03,0.1875,1,0.025,0.1562,1,0
IWM191011P141,2019-10-10,2019-10-10 09:38:57,0.03,0.1875,508,0.02,0.125,4158,0.03,0.1875,1,0.025,0.1562,1,0
IWM191011P141,2019-10-10,2019-10-10 09:38:57,0.03,0.1875,975,0.02,0.125,2751,0.03,0.1875,1,0.025,0.1562,1,0
IWM191011P141,2019-10-10,2019-10-10 09:38:58,0.04,0.25,2200,0.02,0.125,2883,0.03,0.1875,1,0.03,0.1875,1,0
IWM191011P141,2019-10-10,2019-10-10 09:38:58,0.03,0.1875,975,0.02,0.125,2903,0.03,0.1875,1,0.025,0.1562,1,0
IWM191011P141,2019-10-10,2019-10-10 09:38:59,0.04,0.25,3451,0.02,0.125,2921,0.03,0.1875,1,0.03,0.1875,1,0
IWM191011P141,2019-10-10,2019-10-10 09:38:59,0.04,0.25,2731,0.02,0.125,2921,0.03,0.1875,1,0.03,0.1875,1,0
IWM191011P141,2019-10-10,2019-10-10 09:39:00,0.04,0.25,3451,0.02,0.125,2944,0.03,0.1875,1,0.03,0.1875,1,0
IWM191011P141,2019-10-10,2019-10-10 09:39:01,0.04,0.25,3451,0.02,0.125,3367,0.03,0.1875,1,0.03,0.1875,1,0
IWM191011P141,2019-10-10,2019-10-10 09:39:01,0.04,0.25,3451,0.02,0.125,3820,0.03,0.1875,1,0.03,0.1875,1,0
IWM191011P141,2019-10-10,2019-10-10 09:39:02,0.04,0.25,3451,0.02,0.125,4361,0.03,0.1875,1,0.03,0.1875,1,0
IWM191011P141,2019-10-10,2019-10-10 09:39:03,0.04,0.25,3451,0.02,0.125,4361,0.03,0.1875,1,0.03,0.1875,1,0
IWM191011P141,2019-10-10,2019-10-10 09:39:04,0.04,0.25,3451,0.02,0.125,4361,0.03,0.1875,1,0.03,0.1875,1,0
IWM191011P141,2019-10-10,2019-10-10 09:39:05,0.04,0.25,3451,0.02,0.125,4341,0.03,0.1875,1,0.03,0.1875,1,0
IWM191011P141,2019-10-10,2019-10-10 09:39:06,0.04,0.25,3451,0.02,0.125,4361,0.03,0.1875,1,0.03,0.1875,1,0
IWM191011P141,2019-10-10,2019-10-10 09:39:07,0.03,0.1875,450,0.02,0.125,4361,0.03,0.1875,1,0.025,0.1562,1,0
IWM191011P141,2019-10-10,2019-10-10 09:39:07,0.03,0.1875,450,0.02,0.125,4335,0.03,0.1875,1,0.025,0.1562,1,0
IWM191011P141,2019-10-10,2019-10-10 09:39:08,0.03,0.1875,450,0.02,0.125,4355,0.03,0.1875,1,0.025,0.1562,1,0
IWM191011P141,2019-10-10,2019-10-10 09:39:09,0.03,0.1875,450,0.02,0.125,4356,0.03,0.1875,1,0.025,0.1562,1,0
IWM191011P141,2019-10-10,2019-10-10 09:39:10,0.03,0.1875,450,0.02,0.125,4356,0.03,0.1875,1,0.025,0.1562,1,0
IWM191011P141,2019-10-10,2019-10-10 09:39:11,0.03,0.1875,450,0.02,0.125,3367,0.03,0.1875,1,0.025,0.1562,1,0
IWM191011P141,2019-10-10,2019-10-10 09:39:12,0.03,0.1875,1014,0.02,0.125,4361,0.03,0.1875,1,0.025,0.1562,1,0
IWM191011P141,2019-10-10,2019-10-10 09:39:12,0.03,0.1875,589,0.02,0.125,3367,0.03,0.1875,1,0.025,0.1562,1,0
IWM191011P141,2019-10-10,2019-10-10 09:39:13,0.03,0.1875,503,0.02,0.125,4361,0.03,0.1875,1,0.025,0.1562,1,0
IWM191011P141,2019-10-10,2019-10-10 09:39:14,0.03,0.1875,503,0.02,0.125,4361,0.03,0.1875,1,0.025,0.1562,1,0
IWM191011P141,2019-10-10,2019-10-10 09:39:15,0.03,0.1875,503,0.02,0.125,4361,0.03,0.1875,1,0.025,0.1562,1,0
IWM191011P141,2019-10-10,2019-10-10 09:39:16,0.03,0.1875,503,0.02,0.125,4361,0.03,0.1875,1,0.025,0.1562,1,0
IWM191011P141,2019-10-10,2019-10-10 09:39:17,0.03,0.1875,503,0.02,0.125,4361,0.03,0.1875,1,0.025,0.1562,1,0
IWM191011P141,2019-10-10,2019-10-10 09:39:18,0.03,0.1875,450,0.02,0.125,3367,0.03,0.1875,1,0.025,0.1562,1,0
IWM191011P141,2019-10-10,2019-10-10 09:39:19,0.03,0.1875,450,0.02,0.125,4361,0.03,0.1875,1,0.025,0.1562,1,0
IWM191011P141,2019-10-10,2019-10-10 09:39:20,0.03,0.1875,450,0.02,0.125,4361,0.03,0.1875,1,0.025,0.1562,1,0
IWM191011P141,2019-10-10,2019-10-10 09:39:21,0.03,0.1875,450,0.02,0.125,4361,0.03,0.1875,1,0.025,0.1562,1,0
IWM191011P141,2019-10-10,2019-10-10 09:39:22,0.03,0.1875,450,0.02,0.125,4361,0.03,0.1875,1,0.025,0.1562,1,0
IWM191011P141,2019-10-10,2019-10-10 09:39:23,0.03,0.1875,450,0.02,0.125,4361,0.03,0.1875,1,0.025,0.1562,1,0
IWM191011P141,2019-10-10,2019-10-10 09:39:24,0.03,0.1875,450,0.02,0.125,4361,0.03,0.1875,1,0.025,0.1562,1,0
IWM191011P141,2019-10-10,2019-10-10 09:39:25,0.03,0.1875,450,0.02,0.125,4361,0.03,0.1875,1,0.025,0.1562,1,0
IWM191011P141,2019-10-10,2019-10-10 09:39:25,0.03,0.1875,503,0.02,0.125,4341,0.03,0.1875,1,0.025,0.1562,1,0
IWM191011P141,2019-10-10,2019-10-10 09:39:26,0.03,0.1875,1181,0.02,0.125,4361,0.03,0.1875,1,0.025,0.1562,1,0
IWM191011P141,2019-10-10,2019-10-10 09:39:27,0.03,0.1875,1181,0.02,0.125,4361,0.03,0.1875,1,0.025,0.1562,1,0
IWM191011P141,2019-10-10,2019-10-10 09:39:28,0.03,0.1875,1298,0.02,0.125,4341,0.03,0.1875,1,0.025,0.1562,1,0
IWM191011P141,2019-10-10,2019-10-10 09:39:28,0.03,0.1875,1393,0.02,0.125,4361,0.03,0.1875,1,0.025,0.1562,1,0
IWM191011P141,2019-10-10,2019-10-10 09:39:29,0.03,0.1875,1363,0.02,0.125,4361,0.03,0.1875,1,0.025,0.1562,1,0
IWM191011P141,2019-10-10,2019-10-10 09:39:29,0.03,0.1875,1283,0.02,0.125,2931,0.03,0.1875,1,0.025,0.1562,1,0
IWM191011P141,2019-10-10,2019-10-10 09:39:30,0.03,0.1875,1303,0.02,0.125,2931,0.03,0.1875,1,0.025,0.1562,1,0
IWM191011P141,2019-10-10,2019-10-10 09:39:30,0.03,0.1875,1303,0.02,0.125,2840,0.03,0.1875,1,0.025,0.1562,1,0
IWM191011P141,2019-10-10,2019-10-10 09:39:31,0.03,0.1875,1303,0.02,0.125,4260,0.03,0.1875,1,0.025,0.1562,1,0
IWM191011P141,2019-10-10,2019-10-10 09:39:32,0.03,0.1875,1459,0.02,0.125,4260,0.03,0.1875,1,0.025,0.1562,1,0
IWM191011P141,2019-10-10,2019-10-10 09:39:33,0.03,0.1875,1459,0.02,0.125,4260,0.03,0.1875,1,0.025,0.1562,1,0
IWM191011P141,2019-10-10,2019-10-10 09:39:33,0.03,0.1875,1545,0.02,0.125,4335,0.03,0.1875,1,0.025,0.1562,1,0
IWM191011P141,2019-10-10,2019-10-10 09:39:34,0.03,0.1875,1618,0.02,0.125,4335,0.03,0.1875,1,0.025,0.1562,1,0
IWM191011P141,2019-10-10,2019-10-10 09:39:34,0.03,0.1875,1708,0.02,0.125,4335,0.03,0.1875,1,0.025,0.1562,1,0
IWM191011P141,2019-10-10,2019-10-10 09:39:35,0.03,0.1875,1618,0.02,0.125,4335,0.03,0.1875,1,0.025,0.1562,1,0
IWM191011P141,2019-10-10,2019-10-10 09:39:36,0.03,0.1875,1618,0.02,0.125,4335,0.03,0.1875,1,0.025,0.1562,1,0
IWM191011P141,2019-10-10,2019-10-10 09:39:37,0.03,0.1875,1931,0.02,0.125,4212,0.03,0.1875,1,0.025,0.1562,1,0
IWM191011P141,2019-10-10,2019-10-10 09:39:37,0.03,0.1875,2156,0.02,0.125,4216,0.03,0.1875,1,0.025,0.1562,1,0
IWM191011P141,2019-10-10,2019-10-10 09:39:38,0.03,0.1875,2231,0.02,0.125,4212,0.03,0.1875,1,0.025,0.1562,1,0
IWM191011P141,2019-10-10,2019-10-10 09:39:38,0.03,0.1875,1850,0.02,0.125,2714,0.03,0.1875,1,0.025,0.1562,1,0
IWM191011P141,2019-10-10,2019-10-10 09:39:39,0.03,0.1875,2212,0.02,0.125,1933,0.03,0.1875,1,0.025,0.1562,1,0
IWM191011P141,2019-10-10,2019-10-10 09:39:39,0.03,0.1875,1488,0.02,0.125,1852,0.03,0.1875,1,0.025,0.1562,1,0
IWM191011P141,2019-10-10,2019-10-10 09:39:40,0.03,0.1875,1954,0.02,0.125,2708,0.03,0.1875,1,0.025,0.1562,1,0
IWM191011P141,2019-10-10,2019-10-10 09:39:40,0.03,0.1875,2254,0.02,0.125,3008,0.03,0.1875,1,0.025,0.1562,1,0
IWM191011P141,2019-10-10,2019-10-10 09:39:41,0.03,0.1875,2044,0.02,0.125,2708,0.03,0.1875,1,0.025,0.1562,1,0
IWM191011P141,2019-10-10,2019-10-10 09:39:42,0.03,0.1875,2098,0.02,0.125,2708,0.03,0.1875,1,0.025,0.1562,1,0
IWM191011P141,2019-10-10,2019-10-10 09:39:42,0.03,0.1875,2098,0.02,0.125,4062,0.03,0.1875,1,0.025,0.1562,1,0
IWM191011P141,2019-10-10,2019-10-10 09:39:43,0.03,0.1875,2098,0.02,0.125,4062,0.03,0.1875,1,0.025,0.1562,1,0
IWM191011P141,2019-10-10,2019-10-10 09:39:44,0.03,0.1875,2098,0.02,0.125,4021,0.03,0.1875,1,0.025,0.1562,1,0
IWM191011P141,2019-10-10,2019-10-10 09:39:44,0.03,0.1875,2098,0.02,0.125,4062,0.03,0.1875,1,0.025,0.1562,1,0
IWM191011P141,2019-10-10,2019-10-10 09:39:45,0.03,0.1875,2263,0.02,0.125,4021,0.03,0.1875,1,0.025,0.1562,1,0
IWM191011P141,2019-10-10,2019-10-10 09:39:46,0.03,0.1875,1407,0.02,0.125,3116,0.03,0.1875,1,0.025,0.1562,1,0
IWM191011P141,2019-10-10,2019-10-10 09:39:46,0.03,0.1875,2263,0.02,0.125,4021,0.03,0.1875,1,0.025,0.1562,1,0
IWM191011P141,2019-10-10,2019-10-10 09:39:47,0.03,0.1875,2205,0.02,0.125,2743,0.03,0.1875,1,0.025,0.1562,1,0
IWM191011P141,2019-10-10,2019-10-10 09:39:47,0.03,0.1875,1986,0.02,0.125,2743,0.03,0.1875,1,0.025,0.1562,1,0
IWM191011P141,2019-10-10,2019-10-10 09:39:48,0.03,0.1875,1986,0.02,0.125,4114,0.03,0.1875,1,0.025,0.1562,1,0
IWM191011P141,2019-10-10,2019-10-10 09:39:48,0.03,0.1875,1986,0.02,0.125,2743,0.03,0.1875,1,0.025,0.1562,1,0
IWM191011P141,2019-10-10,2019-10-10 09:39:49,0.03,0.1875,1986,0.02,0.125,4114,0.03,0.1875,1,0.025,0.1562,1,0
IWM191011P141,2019-10-10,2019-10-10 09:39:50,0.03,0.1875,1388,0.02,0.125,3133,0.03,0.1875,1,0.025,0.1562,1,0
IWM191011P141,2019-10-10,2019-10-10 09:39:50,0.03,0.1875,2186,0.02,0.125,4114,0.03,0.1875,1,0.025,0.1562,1,0
IWM191011P141,2019-10-10,2019-10-10 09:39:51,0.03,0.1875,2195,0.02,0.125,4111,0.03,0.1875,1,0.025,0.1562,1,0
IWM191011P141,2019-10-10,2019-10-10 09:39:51,0.03,0.1875,2285,0.02,0.125,4111,0.03,0.1875,1,0.025,0.1562,1,0
IWM191011P141,2019-10-10,2019-10-10 09:39:52,0.03,0.1875,2195,0.02,0.125,4111,0.03,0.1875,1,0.025,0.1562,1,0
IWM191011P141,2019-10-10,2019-10-10 09:39:53,0.03,0.1875,1478,0.02,0.125,3133,0.03,0.1875,1,0.025,0.1562,1,0
IWM191011P141,2019-10-10,2019-10-10 09:39:53,0.03,0.1875,2285,0.02,0.125,2184,0.03,0.1875,1,0.025,0.1562,1,0
IWM191011P141,2019-10-10,2019-10-10 09:39:54,0.03,0.1875,2285,0.02,0.125,2652,0.03,0.1875,1,0.025,0.1562,1,0
IWM191011P141,2019-10-10,2019-10-10 09:39:55,0.03,0.1875,2285,0.02,0.125,2652,0.03,0.1875,1,0.025,0.1562,1,0
IWM191011P141,2019-10-10,2019-10-10 09:39:56,0.03,0.1875,2183,0.02,0.125,4061,0.03,0.1875,1,0.025,0.1562,1,0
IWM191011P141,2019-10-10,2019-10-10 09:39:57,0.03,0.1875,2183,0.02,0.125,4061,0.03,0.1875,1,0.025,0.1562,1,0
IWM191011P141,2019-10-10,2019-10-10 09:39:58,0.03,0.1875,1983,0.02,0.125,4061,0.03,0.1875,1,0.025,0.1562,1,0
IWM191011P141,2019-10-10,2019-10-10 09:39:59,0.03,0.1875,1954,0.02,0.125,4061,0.03,0.1875,1,0.025,0.1562,1,0
IWM191011P141,2019-10-10,2019-10-10 09:40:00,0.03,0.1875,1954,0.02,0.125,4061,0.03,0.1875,1,0.025,0.1562,1,0
IWM191011P141,2019-10-10,2019-10-10 09:40:01,0.03,0.1875,1930,0.02,0.125,4040,0.03,0.1875,1,0.025,0.1562,1,0
IWM191011P141,2019-10-10,2019-10-10 09:40:01,0.03,0.1875,1950,0.02,0.125,4060,0.03,0.1875,1,0.025,0.1562,1,0
IWM191011P141,2019-10-10,2019-10-10 09:40:02,0.03,0.1875,1098,0.02,0.125,3088,0.03,0.1875,1,0.025,0.1562,1,0
IWM191011P141,2019-10-10,2019-10-10 09:40:02,0.03,0.1875,1159,0.02,0.125,2228,0.03,0.1875,1,0.025,0.1562,1,0
IWM191011P141,2019-10-10,2019-10-10 09:40:03,0.03,0.1875,2075,0.02,0.125,2656,0.03,0.1875,1,0.025,0.1562,1,0
IWM191011P141,2019-10-10,2019-10-10 09:40:03,0.03,0.1875,1853,0.02,0.125,2656,0.03,0.1875,1,0.025,0.1562,1,0
IWM191011P141,2019-10-10,2019-10-10 09:40:04,0.03,0.1875,2075,0.02,0.125,2773,0.03,0.1875,1,0.025,0.1562,1,0
IWM191011P141,2019-10-10,2019-10-10 09:40:05,0.03,0.1875,2075,0.02,0.125,4159,0.03,0.1875,1,0.025,0.1562,1,0
IWM191011P141,2019-10-10,2019-10-10 09:40:06,0.03,0.1875,2020,0.02,0.125,4247,0.03,0.1875,1,0.025,0.1562,1,0
IWM191011P141,2019-10-10,2019-10-10 09:40:07,0.03,0.1875,1988,0.02,0.125,4248,0.03,0.1875,1,0.025,0.1562,1,0
IWM191011P141,2019-10-10,2019-10-10 09:40:08,0.03,0.1875,1318,0.02,0.125,4325,0.03,0.1875,1,0.025,0.1562,1,0
IWM191011P141,2019-10-10,2019-10-10 09:40:08,0.03,0.1875,554,0.02,0.125,3339,0.03,0.1875,1,0.025,0.1562,1,0
IWM191011P141,2019-10-10,2019-10-10 09:40:09,0.03,0.1875,508,0.02,0.125,4325,0.03,0.1875,1,0.025,0.1562,1,0
IWM191011P141,2019-10-10,2019-10-10 09:40:09,0.03,0.1875,506,0.02,0.125,4325,0.03,0.1875,1,0.025,0.1562,1,0
IWM191011P141,2019-10-10,2019-10-10 09:40:10,0.03,0.1875,541,0.02,0.125,4325,0.03,0.1875,1,0.025,0.1562,1,0
IWM191011P141,2019-10-10,2019-10-10 09:40:10,0.03,0.1875,554,0.02,0.125,4325,0.03,0.1875,1,0.025,0.1562,1,0
IWM191011P141,2019-10-10,2019-10-10 09:40:11,0.03,0.1875,504,0.02,0.125,4325,0.03,0.1875,1,0.025,0.1562,1,0
IWM191011P141,2019-10-10,2019-10-10 09:40:12,0.03,0.1875,485,0.02,0.125,3339,0.03,0.1875,1,0.025,0.1562,1,0
IWM191011P141,2019-10-10,2019-10-10 09:40:12,0.03,0.1875,504,0.02,0.125,4325,0.03,0.1875,1,0.025,0.1562,1,0
IWM191011P141,2019-10-10,2019-10-10 09:40:13,0.03,0.1875,485,0.02,0.125,3339,0.03,0.1875,1,0.025,0.1562,1,0
IWM191011P141,2019-10-10,2019-10-10 09:40:14,0.03,0.1875,485,0.02,0.125,2862,0.03,0.1875,1,0.025,0.1562,1,0
IWM191011P141,2019-10-10,2019-10-10 09:40:15,0.03,0.1875,450,0.02,0.125,4215,0.03,0.1875,1,0.025,0.1562,1,0
IWM191011P141,2019-10-10,2019-10-10 09:40:15,0.03,0.1875,450,0.02,0.125,2757,0.03,0.1875,1,0.025,0.1562,1,0
IWM191011P141,2019-10-10,2019-10-10 09:40:16,0.03,0.1875,450,0.02,0.125,4215,0.03,0.1875,1,0.025,0.1562,1,0
IWM191011P141,2019-10-10,2019-10-10 09:40:17,0.03,0.1875,450,0.02,0.125,4216,0.03,0.1875,1,0.025,0.1562,1,0
IWM191011P141,2019-10-10,2019-10-10 09:40:18,0.03,0.1875,450,0.02,0.125,4216,0.03,0.1875,1,0.025,0.1562,1,0
IWM191011P141,2019-10-10,2019-10-10 09:40:19,0.03,0.1875,450,0.02,0.125,4196,0.03,0.1875,1,0.025,0.1562,1,0
IWM191011P141,2019-10-10,2019-10-10 09:40:20,0.03,0.1875,450,0.02,0.125,4310,0.03,0.1875,1,0.025,0.1562,1,0
IWM191011P141,2019-10-10,2019-10-10 09:40:21,0.03,0.1875,450,0.02,0.125,4310,0.03,0.1875,1,0.025,0.1562,1,0
IWM191011P141,2019-10-10,2019-10-10 09:40:22,0.03,0.1875,450,0.02,0.125,4297,0.03,0.1875,1,0.025,0.1562,1,0
IWM191011P141,2019-10-10,2019-10-10 09:40:22,0.03,0.1875,450,0.02,0.125,4317,0.03,0.1875,1,0.025,0.1562,1,0
IWM191011P141,2019-10-10,2019-10-10 09:40:23,0.03,0.1875,450,0.02,0.125,4317,0.03,0.1875,1,0.025,0.1562,1,0
