symbol,Date,quote_time,ask_price,norm_ask_price,ask_size,bid_price,norm_bid_price,bid_size,last_trade_price,norm_last_trade_price,last_trade_size,mark_price,norm_mark_price,volume,Volume
SPY190726C300,2019-07-25,2019-07-25 09:30:00,1.5,1.0,48,1.31,0.8733,537,1.45,0.9666,20,1.405,0.9366,21,21
SPY190726C300,2019-07-25,2019-07-25 09:30:14,1.44,0.96,96,1.4,0.9333,24,1.43,0.9533,2,1.42,0.9466,28,7
SPY190726C300,2019-07-25,2019-07-25 09:30:17,1.43,0.9533,5,1.39,0.9266,24,1.42,0.9466,1,1.41,0.94,29,1
SPY190726C300,2019-07-25,2019-07-25 09:30:19,1.42,0.9466,5,1.39,0.9266,56,1.42,0.9466,1,1.405,0.9366,29,0
SPY190726C300,2019-07-25,2019-07-25 09:30:27,1.39,0.9266,1,1.37,0.9133,24,1.4,0.9333,100,1.38,0.92,129,100
SPY190726C300,2019-07-25,2019-07-25 09:30:29,1.42,0.9466,104,1.39,0.9266,30,1.39,0.9266,1,1.405,0.9366,130,1
SPY190726C300,2019-07-25,2019-07-25 09:30:31,1.42,0.9466,109,1.39,0.9266,35,1.39,0.9266,1,1.405,0.9366,130,0
SPY190726C300,2019-07-25,2019-07-25 09:30:32,1.4,0.9333,110,1.37,0.9133,24,1.39,0.9266,1,1.385,0.9233,130,0
SPY190726C300,2019-07-25,2019-07-25 09:30:34,1.4,0.9333,110,1.37,0.9133,24,1.39,0.9266,1,1.385,0.9233,130,0
SPY190726C300,2019-07-25,2019-07-25 09:30:35,1.4,0.9333,108,1.37,0.9133,265,1.37,0.9133,3,1.385,0.9233,133,3
SPY190726C300,2019-07-25,2019-07-25 09:30:38,1.37,0.9133,54,1.33,0.8866,40,1.37,0.9133,3,1.35,0.9,133,0
SPY190726C300,2019-07-25,2019-07-25 09:30:40,1.35,0.9,16,1.33,0.8866,10,1.37,0.9133,3,1.34,0.8933,133,0
SPY190726C300,2019-07-25,2019-07-25 09:30:41,1.37,0.9133,72,1.34,0.8933,20,1.37,0.9133,3,1.355,0.9033,133,0
SPY190726C300,2019-07-25,2019-07-25 09:30:42,1.37,0.9133,72,1.33,0.8866,53,1.37,0.9133,3,1.35,0.9,133,0
SPY190726C300,2019-07-25,2019-07-25 09:30:44,1.39,0.9266,107,1.36,0.9066,30,1.37,0.9133,3,1.375,0.9166,133,0
SPY190726C300,2019-07-25,2019-07-25 09:30:46,1.39,0.9266,176,1.37,0.9133,20,1.37,0.9133,3,1.38,0.92,133,0
SPY190726C300,2019-07-25,2019-07-25 09:30:48,1.39,0.9266,99,1.37,0.9133,5,1.37,0.9133,3,1.38,0.92,136,3
SPY190726C300,2019-07-25,2019-07-25 09:30:50,1.38,0.92,1,1.36,0.9066,20,1.37,0.9133,3,1.37,0.9133,136,0
SPY190726C300,2019-07-25,2019-07-25 09:30:52,1.37,0.9133,92,1.33,0.8866,20,1.37,0.9133,3,1.35,0.9,136,0
SPY190726C300,2019-07-25,2019-07-25 09:30:53,1.35,0.9,1,1.33,0.8866,37,1.35,0.9,1,1.34,0.8933,137,1
SPY190726C300,2019-07-25,2019-07-25 09:30:55,1.37,0.9133,61,1.33,0.8866,130,1.35,0.9,1,1.35,0.9,137,0
SPY190726C300,2019-07-25,2019-07-25 09:30:56,1.36,0.9066,112,1.33,0.8866,10,1.35,0.9,1,1.345,0.8966,137,0
SPY190726C300,2019-07-25,2019-07-25 09:30:58,1.36,0.9066,114,1.33,0.8866,10,1.35,0.9,1,1.345,0.8966,137,0
SPY190726C300,2019-07-25,2019-07-25 09:30:59,1.35,0.9,93,1.32,0.88,66,1.33,0.8866,5,1.335,0.89,152,15
SPY190726C300,2019-07-25,2019-07-25 09:31:00,1.36,0.9066,123,1.33,0.8866,37,1.33,0.8866,5,1.345,0.8966,152,0
SPY190726C300,2019-07-25,2019-07-25 09:31:01,1.38,0.92,20,1.33,0.8866,30,1.33,0.8866,5,1.355,0.9033,152,0
SPY190726C300,2019-07-25,2019-07-25 09:31:02,1.37,0.9133,92,1.34,0.8933,53,1.33,0.8866,5,1.355,0.9033,152,0
SPY190726C300,2019-07-25,2019-07-25 09:31:02,1.38,0.92,102,1.34,0.8933,130,1.33,0.8866,5,1.36,0.9066,152,0
SPY190726C300,2019-07-25,2019-07-25 09:31:03,1.37,0.9133,78,1.35,0.9,20,1.33,0.8866,5,1.36,0.9066,152,0
SPY190726C300,2019-07-25,2019-07-25 09:31:03,1.37,0.9133,100,1.34,0.8933,30,1.33,0.8866,5,1.355,0.9033,152,0
SPY190726C300,2019-07-25,2019-07-25 09:31:04,1.37,0.9133,103,1.34,0.8933,66,1.33,0.8866,5,1.355,0.9033,152,0
SPY190726C300,2019-07-25,2019-07-25 09:31:04,1.37,0.9133,100,1.34,0.8933,66,1.33,0.8866,5,1.355,0.9033,152,0
SPY190726C300,2019-07-25,2019-07-25 09:31:05,1.36,0.9066,6,1.33,0.8866,20,1.33,0.8866,5,1.345,0.8966,152,0
SPY190726C300,2019-07-25,2019-07-25 09:31:06,1.36,0.9066,113,1.33,0.8866,30,1.33,0.8866,5,1.345,0.8966,152,0
SPY190726C300,2019-07-25,2019-07-25 09:31:06,1.36,0.9066,113,1.32,0.88,135,1.33,0.8866,5,1.34,0.8933,152,0
SPY190726C300,2019-07-25,2019-07-25 09:31:07,1.37,0.9133,116,1.34,0.8933,20,1.33,0.8866,5,1.355,0.9033,152,0
SPY190726C300,2019-07-25,2019-07-25 09:31:07,1.37,0.9133,100,1.34,0.8933,20,1.33,0.8866,5,1.355,0.9033,152,0
SPY190726C300,2019-07-25,2019-07-25 09:31:08,1.37,0.9133,116,1.34,0.8933,30,1.33,0.8866,5,1.355,0.9033,152,0
SPY190726C300,2019-07-25,2019-07-25 09:31:09,1.36,0.9066,100,1.33,0.8866,20,1.33,0.8866,5,1.345,0.8966,152,0
SPY190726C300,2019-07-25,2019-07-25 09:31:09,1.36,0.9066,100,1.33,0.8866,23,1.33,0.8866,5,1.345,0.8966,152,0
SPY190726C300,2019-07-25,2019-07-25 09:31:10,1.34,0.8933,20,1.32,0.88,6,1.33,0.8866,5,1.33,0.8866,152,0
SPY190726C300,2019-07-25,2019-07-25 09:31:10,1.36,0.9066,77,1.32,0.88,70,1.33,0.8866,5,1.34,0.8933,152,0
SPY190726C300,2019-07-25,2019-07-25 09:31:11,1.34,0.8933,20,1.32,0.88,6,1.33,0.8866,5,1.33,0.8866,152,0
SPY190726C300,2019-07-25,2019-07-25 09:31:12,1.34,0.8933,22,1.32,0.88,6,1.33,0.8866,5,1.33,0.8866,152,0
SPY190726C300,2019-07-25,2019-07-25 09:31:13,1.34,0.8933,100,1.32,0.88,6,1.33,0.8866,5,1.33,0.8866,152,0
SPY190726C300,2019-07-25,2019-07-25 09:31:13,1.34,0.8933,100,1.32,0.88,12,1.33,0.8866,5,1.33,0.8866,152,0
SPY190726C300,2019-07-25,2019-07-25 09:31:14,1.33,0.8866,1,1.3,0.8666,103,1.32,0.88,1,1.315,0.8766,160,0
SPY190726C300,2019-07-25,2019-07-25 09:31:14,1.34,0.8933,106,1.28,0.8533,100,1.32,0.88,1,1.31,0.8733,160,8
SPY190726C300,2019-07-25,2019-07-25 09:31:15,1.33,0.8866,1,1.3,0.8666,118,1.32,0.88,1,1.315,0.8766,160,0
SPY190726C300,2019-07-25,2019-07-25 09:31:15,1.33,0.8866,1,1.3,0.8666,140,1.32,0.88,1,1.315,0.8766,160,0
SPY190726C300,2019-07-25,2019-07-25 09:31:16,1.33,0.8866,1,1.32,0.88,66,1.33,0.8866,1,1.325,0.8833,164,1
SPY190726C300,2019-07-25,2019-07-25 09:31:16,1.33,0.8866,1,1.31,0.8733,168,1.31,0.8733,3,1.32,0.88,163,3
SPY190726C300,2019-07-25,2019-07-25 09:31:17,1.33,0.8866,1,1.32,0.88,116,1.33,0.8866,1,1.325,0.8833,164,0
SPY190726C300,2019-07-25,2019-07-25 09:31:18,1.35,0.9,98,1.32,0.88,8,1.33,0.8866,1,1.335,0.89,164,0
SPY190726C300,2019-07-25,2019-07-25 09:31:18,1.33,0.8866,1,1.31,0.8733,10,1.33,0.8866,1,1.32,0.88,164,0
SPY190726C300,2019-07-25,2019-07-25 09:31:19,1.34,0.8933,128,1.31,0.8733,10,1.33,0.8866,1,1.325,0.8833,164,0
SPY190726C300,2019-07-25,2019-07-25 09:31:19,1.32,0.88,5,1.29,0.86,53,1.33,0.8866,1,1.305,0.87,164,0
SPY190726C300,2019-07-25,2019-07-25 09:31:20,1.33,0.8866,212,1.3,0.8666,20,1.33,0.8866,1,1.315,0.8766,164,0
SPY190726C300,2019-07-25,2019-07-25 09:31:20,1.32,0.88,77,1.29,0.86,30,1.33,0.8866,1,1.305,0.87,164,0
SPY190726C300,2019-07-25,2019-07-25 09:31:21,1.32,0.88,6,1.29,0.86,24,1.33,0.8866,1,1.305,0.87,164,0
SPY190726C300,2019-07-25,2019-07-25 09:31:22,1.32,0.88,5,1.29,0.86,75,1.33,0.8866,1,1.305,0.87,164,0
SPY190726C300,2019-07-25,2019-07-25 09:31:23,1.32,0.88,111,1.29,0.86,22,1.33,0.8866,1,1.305,0.87,164,0
SPY190726C300,2019-07-25,2019-07-25 09:31:23,1.32,0.88,6,1.29,0.86,30,1.33,0.8866,1,1.305,0.87,164,0
SPY190726C300,2019-07-25,2019-07-25 09:31:24,1.32,0.88,120,1.29,0.86,30,1.33,0.8866,1,1.305,0.87,164,0
SPY190726C300,2019-07-25,2019-07-25 09:31:24,1.32,0.88,118,1.29,0.86,30,1.33,0.8866,1,1.305,0.87,164,0
SPY190726C300,2019-07-25,2019-07-25 09:31:25,1.32,0.88,148,1.29,0.86,30,1.33,0.8866,1,1.305,0.87,164,0
SPY190726C300,2019-07-25,2019-07-25 09:31:25,1.32,0.88,148,1.29,0.86,23,1.33,0.8866,1,1.305,0.87,164,0
SPY190726C300,2019-07-25,2019-07-25 09:31:27,1.32,0.88,223,1.29,0.86,36,1.33,0.8866,1,1.305,0.87,164,0
SPY190726C300,2019-07-25,2019-07-25 09:31:27,1.32,0.88,223,1.29,0.86,20,1.33,0.8866,1,1.305,0.87,164,0
SPY190726C300,2019-07-25,2019-07-25 09:31:28,1.32,0.88,148,1.29,0.86,13,1.33,0.8866,1,1.305,0.87,164,0
SPY190726C300,2019-07-25,2019-07-25 09:31:28,1.32,0.88,223,1.29,0.86,23,1.33,0.8866,1,1.305,0.87,164,0
SPY190726C300,2019-07-25,2019-07-25 09:31:29,1.32,0.88,130,1.29,0.86,26,1.33,0.8866,1,1.305,0.87,164,0
SPY190726C300,2019-07-25,2019-07-25 09:31:30,1.31,0.8733,110,1.27,0.8466,20,1.33,0.8866,1,1.29,0.86,164,0
SPY190726C300,2019-07-25,2019-07-25 09:31:30,1.3,0.8666,6,1.27,0.8466,20,1.3,0.8666,30,1.285,0.8566,194,30
SPY190726C300,2019-07-25,2019-07-25 09:31:31,1.3,0.8666,142,1.27,0.8466,20,1.3,0.8666,30,1.285,0.8566,194,0
SPY190726C300,2019-07-25,2019-07-25 09:31:31,1.3,0.8666,109,1.27,0.8466,20,1.3,0.8666,30,1.285,0.8566,194,0
SPY190726C300,2019-07-25,2019-07-25 09:31:32,1.3,0.8666,145,1.27,0.8466,16,1.3,0.8666,30,1.285,0.8566,194,0
SPY190726C300,2019-07-25,2019-07-25 09:31:32,1.3,0.8666,142,1.27,0.8466,20,1.3,0.8666,30,1.285,0.8566,194,0
SPY190726C300,2019-07-25,2019-07-25 09:31:33,1.3,0.8666,100,1.27,0.8466,25,1.3,0.8666,30,1.285,0.8566,194,0
SPY190726C300,2019-07-25,2019-07-25 09:31:33,1.29,0.86,36,1.25,0.8333,6,1.3,0.8666,30,1.27,0.8466,194,0
SPY190726C300,2019-07-25,2019-07-25 09:31:34,1.28,0.8533,89,1.24,0.8266,121,1.3,0.8666,30,1.26,0.84,194,0
SPY190726C300,2019-07-25,2019-07-25 09:31:35,1.27,0.8466,6,1.24,0.8266,161,1.3,0.8666,30,1.255,0.8366,194,0
SPY190726C300,2019-07-25,2019-07-25 09:31:35,1.27,0.8466,6,1.24,0.8266,121,1.3,0.8666,30,1.255,0.8366,194,0
SPY190726C300,2019-07-25,2019-07-25 09:31:36,1.26,0.84,110,1.23,0.82,36,1.3,0.8666,30,1.245,0.83,194,0
SPY190726C300,2019-07-25,2019-07-25 09:31:36,1.26,0.84,36,1.23,0.82,36,1.3,0.8666,30,1.245,0.83,194,0
SPY190726C300,2019-07-25,2019-07-25 09:31:37,1.25,0.8333,101,1.21,0.8066,62,1.3,0.8666,30,1.23,0.82,194,0
SPY190726C300,2019-07-25,2019-07-25 09:31:37,1.24,0.8266,5,1.21,0.8066,72,1.3,0.8666,30,1.225,0.8166,194,0
SPY190726C300,2019-07-25,2019-07-25 09:31:38,1.24,0.8266,5,1.21,0.8066,73,1.3,0.8666,30,1.225,0.8166,194,0
SPY190726C300,2019-07-25,2019-07-25 09:31:38,1.25,0.8333,108,1.21,0.8066,78,1.3,0.8666,30,1.23,0.82,194,0
SPY190726C300,2019-07-25,2019-07-25 09:31:39,1.24,0.8266,5,1.21,0.8066,6,1.22,0.8133,2,1.225,0.8166,196,2
SPY190726C300,2019-07-25,2019-07-25 09:31:40,1.24,0.8266,6,1.21,0.8066,46,1.22,0.8133,2,1.225,0.8166,196,0
SPY190726C300,2019-07-25,2019-07-25 09:31:40,1.24,0.8266,5,1.21,0.8066,55,1.22,0.8133,2,1.225,0.8166,196,0
SPY190726C300,2019-07-25,2019-07-25 09:31:41,1.23,0.82,1,1.22,0.8133,36,1.23,0.82,2,1.225,0.8166,198,0
SPY190726C300,2019-07-25,2019-07-25 09:31:41,1.23,0.82,1,1.22,0.8133,36,1.23,0.82,2,1.225,0.8166,198,2
SPY190726C300,2019-07-25,2019-07-25 09:31:42,1.24,0.8266,41,1.21,0.8066,55,1.23,0.82,2,1.225,0.8166,198,0
SPY190726C300,2019-07-25,2019-07-25 09:31:42,1.24,0.8266,5,1.21,0.8066,55,1.23,0.82,2,1.225,0.8166,198,0
SPY190726C300,2019-07-25,2019-07-25 09:31:43,1.24,0.8266,36,1.21,0.8066,55,1.23,0.82,2,1.225,0.8166,198,0
SPY190726C300,2019-07-25,2019-07-25 09:31:43,1.25,0.8333,113,1.21,0.8066,88,1.23,0.82,2,1.23,0.82,198,0
SPY190726C300,2019-07-25,2019-07-25 09:31:44,1.24,0.8266,6,1.22,0.8133,36,1.23,0.82,2,1.23,0.82,198,0
SPY190726C300,2019-07-25,2019-07-25 09:31:44,1.25,0.8333,138,1.22,0.8133,46,1.23,0.82,2,1.235,0.8233,198,0
SPY190726C300,2019-07-25,2019-07-25 09:31:45,1.27,0.8466,30,1.25,0.8333,30,1.25,0.8333,1,1.26,0.84,199,1
SPY190726C300,2019-07-25,2019-07-25 09:31:46,1.27,0.8466,96,1.23,0.82,30,1.25,0.8333,8,1.25,0.8333,207,8
SPY190726C300,2019-07-25,2019-07-25 09:31:46,1.28,0.8533,150,1.25,0.8333,33,1.25,0.8333,1,1.265,0.8433,199,0
SPY190726C300,2019-07-25,2019-07-25 09:31:47,1.26,0.84,86,1.23,0.82,30,1.25,0.8333,8,1.245,0.83,207,0
SPY190726C300,2019-07-25,2019-07-25 09:31:48,1.26,0.84,112,1.23,0.82,164,1.25,0.8333,8,1.245,0.83,207,0
SPY190726C300,2019-07-25,2019-07-25 09:31:48,1.27,0.8466,123,1.25,0.8333,23,1.25,0.8333,8,1.26,0.84,207,0
SPY190726C300,2019-07-25,2019-07-25 09:31:49,1.24,0.8266,36,1.21,0.8066,20,1.25,0.8333,8,1.225,0.8166,207,0
SPY190726C300,2019-07-25,2019-07-25 09:31:49,1.26,0.84,123,1.21,0.8066,133,1.25,0.8333,8,1.235,0.8233,207,0
SPY190726C300,2019-07-25,2019-07-25 09:31:50,1.23,0.82,123,1.21,0.8066,23,1.21,0.8066,1,1.22,0.8133,208,1
SPY190726C300,2019-07-25,2019-07-25 09:31:50,1.23,0.82,123,1.21,0.8066,67,1.21,0.8066,1,1.22,0.8133,208,0
SPY190726C300,2019-07-25,2019-07-25 09:31:51,1.24,0.8266,109,1.21,0.8066,67,1.21,0.8066,1,1.225,0.8166,208,0
SPY190726C300,2019-07-25,2019-07-25 09:31:52,1.23,0.82,12,1.22,0.8133,1,1.21,0.8066,1,1.225,0.8166,208,0
SPY190726C300,2019-07-25,2019-07-25 09:31:52,1.24,0.8266,102,1.21,0.8066,107,1.21,0.8066,1,1.225,0.8166,208,0
SPY190726C300,2019-07-25,2019-07-25 09:31:53,1.24,0.8266,23,1.22,0.8133,1,1.21,0.8066,1,1.23,0.82,208,0
SPY190726C300,2019-07-25,2019-07-25 09:31:54,1.24,0.8266,102,1.22,0.8133,33,1.21,0.8066,1,1.23,0.82,208,0
SPY190726C300,2019-07-25,2019-07-25 09:31:54,1.24,0.8266,23,1.22,0.8133,33,1.21,0.8066,1,1.23,0.82,208,0
SPY190726C300,2019-07-25,2019-07-25 09:31:55,1.24,0.8266,77,1.22,0.8133,33,1.21,0.8066,1,1.23,0.82,208,0
SPY190726C300,2019-07-25,2019-07-25 09:31:56,1.24,0.8266,109,1.22,0.8133,33,1.21,0.8066,1,1.23,0.82,208,0
SPY190726C300,2019-07-25,2019-07-25 09:31:56,1.22,0.8133,3,1.21,0.8066,21,1.21,0.8066,1,1.215,0.81,208,0
SPY190726C300,2019-07-25,2019-07-25 09:31:57,1.24,0.8266,51,1.22,0.8133,17,1.22,0.8133,3,1.23,0.82,211,3
SPY190726C300,2019-07-25,2019-07-25 09:31:57,1.27,0.8466,101,1.23,0.82,104,1.22,0.8133,3,1.25,0.8333,211,0
SPY190726C300,2019-07-25,2019-07-25 09:31:58,1.27,0.8466,101,1.24,0.8266,126,1.22,0.8133,3,1.255,0.8366,211,0
SPY190726C300,2019-07-25,2019-07-25 09:31:58,1.27,0.8466,60,1.25,0.8333,23,1.22,0.8133,3,1.26,0.84,211,0
SPY190726C300,2019-07-25,2019-07-25 09:31:59,1.27,0.8466,123,1.24,0.8266,137,1.22,0.8133,3,1.255,0.8366,211,0
SPY190726C300,2019-07-25,2019-07-25 09:32:00,1.27,0.8466,23,1.25,0.8333,23,1.22,0.8133,3,1.26,0.84,211,0
SPY190726C300,2019-07-25,2019-07-25 09:32:01,1.29,0.86,23,1.27,0.8466,122,1.26,0.84,2,1.28,0.8533,213,2
SPY190726C300,2019-07-25,2019-07-25 09:32:02,1.32,0.88,109,1.29,0.86,12,1.26,0.84,2,1.305,0.87,213,0
SPY190726C300,2019-07-25,2019-07-25 09:32:03,1.32,0.88,123,1.3,0.8666,27,1.3,0.8666,1,1.31,0.8733,214,0
SPY190726C300,2019-07-25,2019-07-25 09:32:03,1.32,0.88,105,1.29,0.86,59,1.3,0.8666,1,1.305,0.87,214,1
SPY190726C300,2019-07-25,2019-07-25 09:32:04,1.32,0.88,133,1.3,0.8666,53,1.3,0.8666,1,1.31,0.8733,214,0
SPY190726C300,2019-07-25,2019-07-25 09:32:05,1.32,0.88,133,1.3,0.8666,59,1.3,0.8666,1,1.31,0.8733,214,0
SPY190726C300,2019-07-25,2019-07-25 09:32:06,1.31,0.8733,23,1.29,0.86,35,1.3,0.8666,1,1.3,0.8666,214,0
SPY190726C300,2019-07-25,2019-07-25 09:32:07,1.35,0.9,29,1.32,0.88,6,1.3,0.8666,1,1.335,0.89,214,0
SPY190726C300,2019-07-25,2019-07-25 09:32:07,1.31,0.8733,23,1.29,0.86,26,1.3,0.8666,1,1.3,0.8666,214,0
SPY190726C300,2019-07-25,2019-07-25 09:32:08,1.32,0.88,123,1.29,0.86,33,1.3,0.8666,1,1.305,0.87,214,0
SPY190726C300,2019-07-25,2019-07-25 09:32:09,1.31,0.8733,29,1.29,0.86,6,1.3,0.8666,1,1.3,0.8666,214,0
SPY190726C300,2019-07-25,2019-07-25 09:32:09,1.31,0.8733,23,1.29,0.86,42,1.3,0.8666,1,1.3,0.8666,214,0
SPY190726C300,2019-07-25,2019-07-25 09:32:10,1.3,0.8666,103,1.26,0.84,70,1.3,0.8666,1,1.28,0.8533,214,0
SPY190726C300,2019-07-25,2019-07-25 09:32:11,1.31,0.8733,3,1.29,0.86,43,1.3,0.8666,1,1.3,0.8666,214,0
SPY190726C300,2019-07-25,2019-07-25 09:32:12,1.32,0.88,82,1.28,0.8533,79,1.3,0.8666,1,1.3,0.8666,214,0
SPY190726C300,2019-07-25,2019-07-25 09:32:13,1.31,0.8733,123,1.28,0.8533,72,1.3,0.8666,1,1.295,0.8633,214,0
SPY190726C300,2019-07-25,2019-07-25 09:32:13,1.31,0.8733,20,1.28,0.8533,49,1.3,0.8666,1,1.295,0.8633,214,0
SPY190726C300,2019-07-25,2019-07-25 09:32:15,1.3,0.8666,84,1.28,0.8533,34,1.3,0.8666,1,1.29,0.86,214,0
SPY190726C300,2019-07-25,2019-07-25 09:32:15,1.3,0.8666,23,1.28,0.8533,53,1.3,0.8666,1,1.29,0.86,214,0
SPY190726C300,2019-07-25,2019-07-25 09:32:16,1.3,0.8666,115,1.28,0.8533,52,1.3,0.8666,1,1.29,0.86,214,0
SPY190726C300,2019-07-25,2019-07-25 09:32:17,1.3,0.8666,52,1.28,0.8533,52,1.3,0.8666,1,1.29,0.86,214,0
SPY190726C300,2019-07-25,2019-07-25 09:32:17,1.3,0.8666,73,1.28,0.8533,34,1.3,0.8666,1,1.29,0.86,214,0
SPY190726C300,2019-07-25,2019-07-25 09:32:18,1.3,0.8666,78,1.27,0.8466,80,1.3,0.8666,1,1.285,0.8566,214,0
SPY190726C300,2019-07-25,2019-07-25 09:32:19,1.27,0.8466,123,1.24,0.8266,57,1.3,0.8666,1,1.255,0.8366,214,0
SPY190726C300,2019-07-25,2019-07-25 09:32:20,1.25,0.8333,71,1.22,0.8133,46,1.3,0.8666,1,1.235,0.8233,214,0
SPY190726C300,2019-07-25,2019-07-25 09:32:20,1.26,0.84,123,1.21,0.8066,123,1.3,0.8666,1,1.235,0.8233,214,0
SPY190726C300,2019-07-25,2019-07-25 09:32:21,1.25,0.8333,23,1.22,0.8133,16,1.3,0.8666,1,1.235,0.8233,214,0
SPY190726C300,2019-07-25,2019-07-25 09:32:21,1.25,0.8333,36,1.22,0.8133,107,1.3,0.8666,1,1.235,0.8233,214,0
SPY190726C300,2019-07-25,2019-07-25 09:32:22,1.25,0.8333,88,1.23,0.82,27,1.3,0.8666,1,1.24,0.8266,214,0
SPY190726C300,2019-07-25,2019-07-25 09:32:23,1.23,0.82,113,1.22,0.8133,6,1.3,0.8666,1,1.225,0.8166,214,0
SPY190726C300,2019-07-25,2019-07-25 09:32:23,1.22,0.8133,12,1.2,0.8,5,1.3,0.8666,1,1.21,0.8066,214,0
SPY190726C300,2019-07-25,2019-07-25 09:32:24,1.22,0.8133,27,1.2,0.8,8,1.3,0.8666,1,1.21,0.8066,214,0
SPY190726C300,2019-07-25,2019-07-25 09:32:24,1.22,0.8133,85,1.2,0.8,8,1.3,0.8666,1,1.21,0.8066,214,0
SPY190726C300,2019-07-25,2019-07-25 09:32:25,1.21,0.8066,23,1.19,0.7933,6,1.2,0.8,5,1.2,0.8,219,0
SPY190726C300,2019-07-25,2019-07-25 09:32:25,1.2,0.8,5,1.2,0.8,1,1.2,0.8,5,1.2,0.8,219,5
SPY190726C300,2019-07-25,2019-07-25 09:32:26,1.2,0.8,23,1.18,0.7866,23,1.2,0.8,5,1.19,0.7933,219,0
SPY190726C300,2019-07-25,2019-07-25 09:32:27,1.21,0.8066,5,1.18,0.7866,6,1.2,0.8,5,1.195,0.7966,219,0
SPY190726C300,2019-07-25,2019-07-25 09:32:28,1.18,0.7866,23,1.16,0.7733,36,1.2,0.8,5,1.17,0.78,219,0
SPY190726C300,2019-07-25,2019-07-25 09:32:28,1.2,0.8,23,1.18,0.7866,23,1.2,0.8,5,1.19,0.7933,219,0
SPY190726C300,2019-07-25,2019-07-25 09:32:29,1.19,0.7933,90,1.16,0.7733,36,1.2,0.8,5,1.175,0.7833,219,0
SPY190726C300,2019-07-25,2019-07-25 09:32:30,1.18,0.7866,23,1.16,0.7733,58,1.2,0.8,5,1.17,0.78,219,0
SPY190726C300,2019-07-25,2019-07-25 09:32:31,1.19,0.7933,18,1.17,0.78,15,1.2,0.8,5,1.18,0.7866,219,0
SPY190726C300,2019-07-25,2019-07-25 09:32:32,1.19,0.7933,48,1.16,0.7733,137,1.2,0.8,5,1.175,0.7833,219,0
SPY190726C300,2019-07-25,2019-07-25 09:32:33,1.19,0.7933,75,1.17,0.78,1,1.16,0.7733,5,1.18,0.7866,232,13
SPY190726C300,2019-07-25,2019-07-25 09:32:33,1.19,0.7933,48,1.16,0.7733,130,1.16,0.7733,5,1.175,0.7833,232,0
SPY190726C300,2019-07-25,2019-07-25 09:32:35,1.19,0.7933,133,1.16,0.7733,59,1.16,0.7733,5,1.175,0.7833,232,0
SPY190726C300,2019-07-25,2019-07-25 09:32:36,1.16,0.7733,30,1.14,0.76,6,1.16,0.7733,5,1.15,0.7666,232,0
SPY190726C300,2019-07-25,2019-07-25 09:32:37,1.16,0.7733,46,1.13,0.7533,96,1.16,0.7733,5,1.145,0.7633,232,0
SPY190726C300,2019-07-25,2019-07-25 09:32:38,1.16,0.7733,73,1.13,0.7533,66,1.16,0.7733,5,1.145,0.7633,232,0
SPY190726C300,2019-07-25,2019-07-25 09:32:40,1.17,0.78,26,1.14,0.76,123,1.16,0.7733,5,1.155,0.77,232,0
SPY190726C300,2019-07-25,2019-07-25 09:32:40,1.18,0.7866,45,1.14,0.76,35,1.16,0.7733,5,1.16,0.7733,232,0
SPY190726C300,2019-07-25,2019-07-25 09:32:42,1.17,0.78,68,1.14,0.76,181,1.16,0.7733,5,1.155,0.77,237,5
SPY190726C300,2019-07-25,2019-07-25 09:32:43,1.16,0.7733,135,1.13,0.7533,68,1.16,0.7733,5,1.145,0.7633,237,0
SPY190726C300,2019-07-25,2019-07-25 09:32:44,1.16,0.7733,114,1.13,0.7533,81,1.16,0.7733,5,1.145,0.7633,237,0
SPY190726C300,2019-07-25,2019-07-25 09:32:45,1.15,0.7666,120,1.12,0.7466,125,1.16,0.7733,5,1.135,0.7566,237,0
SPY190726C300,2019-07-25,2019-07-25 09:32:45,1.15,0.7666,35,1.11,0.74,114,1.16,0.7733,5,1.13,0.7533,237,0
SPY190726C300,2019-07-25,2019-07-25 09:32:46,1.15,0.7666,30,1.12,0.7466,114,1.16,0.7733,5,1.135,0.7566,237,0
SPY190726C300,2019-07-25,2019-07-25 09:32:47,1.15,0.7666,214,1.12,0.7466,25,1.16,0.7733,5,1.135,0.7566,237,0
SPY190726C300,2019-07-25,2019-07-25 09:32:47,1.15,0.7666,86,1.12,0.7466,91,1.16,0.7733,5,1.135,0.7566,237,0
SPY190726C300,2019-07-25,2019-07-25 09:32:48,1.14,0.76,30,1.12,0.7466,85,1.16,0.7733,5,1.13,0.7533,237,0
SPY190726C300,2019-07-25,2019-07-25 09:32:49,1.14,0.76,66,1.11,0.74,247,1.16,0.7733,5,1.125,0.75,237,0
SPY190726C300,2019-07-25,2019-07-25 09:32:50,1.14,0.76,66,1.11,0.74,135,1.16,0.7733,5,1.125,0.75,237,0
SPY190726C300,2019-07-25,2019-07-25 09:32:51,1.13,0.7533,127,1.1,0.7333,25,1.16,0.7733,5,1.115,0.7433,237,0
SPY190726C300,2019-07-25,2019-07-25 09:32:52,1.13,0.7533,122,1.1,0.7333,99,1.16,0.7733,5,1.115,0.7433,237,0
SPY190726C300,2019-07-25,2019-07-25 09:32:53,1.13,0.7533,122,1.1,0.7333,99,1.16,0.7733,5,1.115,0.7433,237,0
SPY190726C300,2019-07-25,2019-07-25 09:32:54,1.13,0.7533,174,1.1,0.7333,99,1.16,0.7733,5,1.115,0.7433,237,0
SPY190726C300,2019-07-25,2019-07-25 09:32:54,1.13,0.7533,201,1.1,0.7333,99,1.16,0.7733,5,1.115,0.7433,237,0
SPY190726C300,2019-07-25,2019-07-25 09:32:55,1.13,0.7533,174,1.1,0.7333,99,1.16,0.7733,5,1.115,0.7433,237,0
SPY190726C300,2019-07-25,2019-07-25 09:32:56,1.13,0.7533,174,1.1,0.7333,99,1.11,0.74,1,1.115,0.7433,238,1
SPY190726C300,2019-07-25,2019-07-25 09:32:57,1.13,0.7533,234,1.1,0.7333,89,1.11,0.74,1,1.115,0.7433,238,0
SPY190726C300,2019-07-25,2019-07-25 09:32:57,1.12,0.7466,31,1.1,0.7333,1,1.11,0.74,1,1.11,0.74,238,0
SPY190726C300,2019-07-25,2019-07-25 09:32:58,1.14,0.76,65,1.11,0.74,127,1.1,0.7333,2,1.125,0.75,241,0
SPY190726C300,2019-07-25,2019-07-25 09:32:58,1.12,0.7466,29,1.1,0.7333,60,1.1,0.7333,2,1.11,0.74,241,3
SPY190726C300,2019-07-25,2019-07-25 09:32:59,1.13,0.7533,128,1.1,0.7333,125,1.1,0.7333,2,1.115,0.7433,241,0
SPY190726C300,2019-07-25,2019-07-25 09:33:00,1.11,0.74,112,1.08,0.72,141,1.11,0.74,1,1.095,0.73,242,1
SPY190726C300,2019-07-25,2019-07-25 09:33:00,1.11,0.74,31,1.08,0.72,141,1.1,0.7333,2,1.095,0.73,241,0
SPY190726C300,2019-07-25,2019-07-25 09:33:01,1.11,0.74,70,1.08,0.72,135,1.11,0.74,1,1.095,0.73,242,0
SPY190726C300,2019-07-25,2019-07-25 09:33:02,1.11,0.74,70,1.08,0.72,125,1.11,0.74,1,1.095,0.73,242,0
SPY190726C300,2019-07-25,2019-07-25 09:33:03,1.11,0.74,73,1.08,0.72,135,1.11,0.74,1,1.095,0.73,242,0
SPY190726C300,2019-07-25,2019-07-25 09:33:03,1.11,0.74,69,1.08,0.72,167,1.11,0.74,1,1.095,0.73,242,0
SPY190726C300,2019-07-25,2019-07-25 09:33:04,1.1,0.7333,40,1.08,0.72,145,1.11,0.74,1,1.09,0.7266,242,0
SPY190726C300,2019-07-25,2019-07-25 09:33:04,1.13,0.7533,13,1.09,0.7266,13,1.11,0.74,1,1.11,0.74,242,0
SPY190726C300,2019-07-25,2019-07-25 09:33:05,1.14,0.76,25,1.12,0.7466,135,1.11,0.74,1,1.13,0.7533,242,0
SPY190726C300,2019-07-25,2019-07-25 09:33:05,1.14,0.76,25,1.12,0.7466,53,1.11,0.74,1,1.13,0.7533,242,0
SPY190726C300,2019-07-25,2019-07-25 09:33:06,1.16,0.7733,25,1.14,0.76,75,1.11,0.74,1,1.15,0.7666,242,0
SPY190726C300,2019-07-25,2019-07-25 09:33:07,1.16,0.7733,25,1.14,0.76,124,1.11,0.74,1,1.15,0.7666,242,0
SPY190726C300,2019-07-25,2019-07-25 09:33:07,1.17,0.78,55,1.14,0.76,76,1.11,0.74,1,1.155,0.77,242,0
SPY190726C300,2019-07-25,2019-07-25 09:33:08,1.2,0.8,61,1.18,0.7866,31,1.15,0.7666,1,1.19,0.7933,247,0
SPY190726C300,2019-07-25,2019-07-25 09:33:08,1.2,0.8,61,1.17,0.78,125,1.15,0.7666,1,1.185,0.79,247,5
SPY190726C300,2019-07-25,2019-07-25 09:33:09,1.18,0.7866,31,1.15,0.7666,86,1.17,0.78,1,1.165,0.7766,249,2
SPY190726C300,2019-07-25,2019-07-25 09:33:10,1.17,0.78,25,1.15,0.7666,35,1.17,0.78,1,1.16,0.7733,249,0
SPY190726C300,2019-07-25,2019-07-25 09:33:10,1.17,0.78,50,1.15,0.7666,35,1.17,0.78,1,1.16,0.7733,249,0
SPY190726C300,2019-07-25,2019-07-25 09:33:11,1.17,0.78,50,1.15,0.7666,8,1.17,0.78,1,1.16,0.7733,249,0
SPY190726C300,2019-07-25,2019-07-25 09:33:11,1.17,0.78,25,1.15,0.7666,37,1.17,0.78,1,1.16,0.7733,249,0
SPY190726C300,2019-07-25,2019-07-25 09:33:12,1.16,0.7733,29,1.15,0.7666,24,1.17,0.78,1,1.155,0.77,249,0
SPY190726C300,2019-07-25,2019-07-25 09:33:13,1.17,0.78,59,1.15,0.7666,25,1.17,0.78,1,1.16,0.7733,249,0
SPY190726C300,2019-07-25,2019-07-25 09:33:13,1.17,0.78,92,1.15,0.7666,4,1.17,0.78,1,1.16,0.7733,249,0
SPY190726C300,2019-07-25,2019-07-25 09:33:14,1.17,0.78,77,1.15,0.7666,25,1.17,0.78,1,1.16,0.7733,249,0
SPY190726C300,2019-07-25,2019-07-25 09:33:14,1.17,0.78,63,1.15,0.7666,25,1.17,0.78,1,1.16,0.7733,249,0
SPY190726C300,2019-07-25,2019-07-25 09:33:15,1.17,0.78,74,1.15,0.7666,35,1.15,0.7666,1,1.16,0.7733,250,1
SPY190726C300,2019-07-25,2019-07-25 09:33:15,1.17,0.78,59,1.15,0.7666,25,1.15,0.7666,1,1.16,0.7733,250,0
SPY190726C300,2019-07-25,2019-07-25 09:33:16,1.17,0.78,55,1.15,0.7666,25,1.17,0.78,6,1.16,0.7733,256,6
SPY190726C300,2019-07-25,2019-07-25 09:33:16,1.17,0.78,55,1.15,0.7666,25,1.17,0.78,6,1.16,0.7733,256,0
SPY190726C300,2019-07-25,2019-07-25 09:33:17,1.16,0.7733,139,1.11,0.74,5,1.15,0.7666,4,1.135,0.7566,260,4
SPY190726C300,2019-07-25,2019-07-25 09:33:18,1.15,0.7666,9,1.13,0.7533,35,1.15,0.7666,1,1.14,0.76,261,1
SPY190726C300,2019-07-25,2019-07-25 09:33:18,1.17,0.78,36,1.14,0.76,51,1.15,0.7666,1,1.155,0.77,261,0
SPY190726C300,2019-07-25,2019-07-25 09:33:19,1.17,0.78,16,1.15,0.7666,31,1.15,0.7666,1,1.16,0.7733,261,0
SPY190726C300,2019-07-25,2019-07-25 09:33:19,1.18,0.7866,20,1.16,0.7733,25,1.15,0.7666,1,1.17,0.78,261,0
SPY190726C300,2019-07-25,2019-07-25 09:33:20,1.17,0.78,46,1.15,0.7666,31,1.15,0.7666,1,1.16,0.7733,261,0
SPY190726C300,2019-07-25,2019-07-25 09:33:20,1.18,0.7866,118,1.15,0.7666,35,1.15,0.7666,1,1.165,0.7766,261,0
SPY190726C300,2019-07-25,2019-07-25 09:33:21,1.18,0.7866,105,1.15,0.7666,151,1.15,0.7666,1,1.165,0.7766,261,0
SPY190726C300,2019-07-25,2019-07-25 09:33:21,1.17,0.78,41,1.15,0.7666,98,1.15,0.7666,1,1.16,0.7733,261,0
SPY190726C300,2019-07-25,2019-07-25 09:33:22,1.17,0.78,41,1.16,0.7733,35,1.15,0.7666,1,1.165,0.7766,261,0
SPY190726C300,2019-07-25,2019-07-25 09:33:23,1.19,0.7933,16,1.16,0.7733,113,1.15,0.7666,1,1.175,0.7833,261,0
SPY190726C300,2019-07-25,2019-07-25 09:33:23,1.18,0.7866,16,1.16,0.7733,25,1.15,0.7666,1,1.17,0.78,261,0
SPY190726C300,2019-07-25,2019-07-25 09:33:24,1.19,0.7933,6,1.17,0.78,55,1.15,0.7666,1,1.18,0.7866,261,0
SPY190726C300,2019-07-25,2019-07-25 09:33:24,1.2,0.8,49,1.17,0.78,25,1.15,0.7666,1,1.185,0.79,261,0
SPY190726C300,2019-07-25,2019-07-25 09:33:25,1.2,0.8,24,1.18,0.7866,35,1.15,0.7666,1,1.19,0.7933,261,0
SPY190726C300,2019-07-25,2019-07-25 09:33:26,1.21,0.8066,6,1.19,0.7933,94,1.2,0.8,10,1.2,0.8,292,11
SPY190726C300,2019-07-25,2019-07-25 09:33:26,1.19,0.7933,1,1.18,0.7866,19,1.19,0.7933,20,1.185,0.79,281,20
SPY190726C300,2019-07-25,2019-07-25 09:33:27,1.2,0.8,28,1.18,0.7866,13,1.2,0.8,10,1.19,0.7933,292,0
SPY190726C300,2019-07-25,2019-07-25 09:33:27,1.21,0.8066,6,1.19,0.7933,54,1.2,0.8,10,1.2,0.8,292,0
SPY190726C300,2019-07-25,2019-07-25 09:33:28,1.2,0.8,68,1.17,0.78,135,1.2,0.8,10,1.185,0.79,292,0
SPY190726C300,2019-07-25,2019-07-25 09:33:28,1.2,0.8,52,1.17,0.78,131,1.2,0.8,10,1.185,0.79,292,0
SPY190726C300,2019-07-25,2019-07-25 09:33:29,1.2,0.8,45,1.15,0.7666,6,1.16,0.7733,50,1.175,0.7833,342,50
SPY190726C300,2019-07-25,2019-07-25 09:33:30,1.18,0.7866,26,1.16,0.7733,36,1.16,0.7733,50,1.17,0.78,342,0
SPY190726C300,2019-07-25,2019-07-25 09:33:32,1.21,0.8066,2,1.16,0.7733,111,1.16,0.7733,50,1.185,0.79,342,0
SPY190726C300,2019-07-25,2019-07-25 09:33:33,1.22,0.8133,84,1.19,0.7933,45,1.2,0.8,1,1.205,0.8033,343,1
SPY190726C300,2019-07-25,2019-07-25 09:33:36,1.22,0.8133,56,1.19,0.7933,130,1.22,0.8133,10,1.205,0.8033,353,10
SPY190726C300,2019-07-25,2019-07-25 09:33:37,1.22,0.8133,74,1.19,0.7933,140,1.22,0.8133,10,1.205,0.8033,353,0
SPY190726C300,2019-07-25,2019-07-25 09:33:39,1.22,0.8133,56,1.19,0.7933,65,1.22,0.8133,10,1.205,0.8033,353,0
SPY190726C300,2019-07-25,2019-07-25 09:33:42,1.22,0.8133,49,1.2,0.8,92,1.22,0.8133,10,1.21,0.8066,353,0
SPY190726C300,2019-07-25,2019-07-25 09:33:43,1.21,0.8066,19,1.2,0.8,27,1.22,0.8133,10,1.205,0.8033,353,0
SPY190726C300,2019-07-25,2019-07-25 09:33:44,1.21,0.8066,49,1.2,0.8,1,1.2,0.8,1,1.205,0.8033,354,1
SPY190726C300,2019-07-25,2019-07-25 09:33:45,1.21,0.8066,40,1.2,0.8,1,1.2,0.8,1,1.205,0.8033,356,2
SPY190726C300,2019-07-25,2019-07-25 09:33:47,1.21,0.8066,53,1.2,0.8,1,1.2,0.8,1,1.205,0.8033,357,1
SPY190726C300,2019-07-25,2019-07-25 09:33:48,1.19,0.7933,43,1.17,0.78,72,1.2,0.8,1,1.18,0.7866,358,1
SPY190726C300,2019-07-25,2019-07-25 09:33:54,1.21,0.8066,67,1.19,0.7933,41,1.19,0.7933,100,1.2,0.8,458,100
SPY190726C300,2019-07-25,2019-07-25 09:33:55,1.22,0.8133,55,1.21,0.8066,25,1.2,0.8,1,1.215,0.81,459,1
SPY190726C300,2019-07-25,2019-07-25 09:33:57,1.22,0.8133,55,1.21,0.8066,21,1.2,0.8,1,1.215,0.81,459,0
SPY190726C300,2019-07-25,2019-07-25 09:33:58,1.21,0.8066,30,1.2,0.8,25,1.2,0.8,1,1.205,0.8033,459,0
SPY190726C300,2019-07-25,2019-07-25 09:33:59,1.22,0.8133,54,1.2,0.8,25,1.22,0.8133,1,1.21,0.8066,460,1
SPY190726C300,2019-07-25,2019-07-25 09:34:00,1.22,0.8133,36,1.19,0.7933,80,1.22,0.8133,1,1.205,0.8033,460,0
SPY190726C300,2019-07-25,2019-07-25 09:34:01,1.21,0.8066,36,1.18,0.7866,125,1.22,0.8133,1,1.195,0.7966,460,0
SPY190726C300,2019-07-25,2019-07-25 09:34:02,1.22,0.8133,30,1.2,0.8,39,1.22,0.8133,1,1.21,0.8066,460,0
SPY190726C300,2019-07-25,2019-07-25 09:34:04,1.23,0.82,142,1.21,0.8066,35,1.22,0.8133,1,1.22,0.8133,460,0
SPY190726C300,2019-07-25,2019-07-25 09:34:05,1.21,0.8066,36,1.18,0.7866,130,1.22,0.8133,25,1.195,0.7966,485,25
SPY190726C300,2019-07-25,2019-07-25 09:34:06,1.22,0.8133,36,1.2,0.8,35,1.22,0.8133,25,1.21,0.8066,485,0
SPY190726C300,2019-07-25,2019-07-25 09:34:07,1.22,0.8133,36,1.2,0.8,35,1.22,0.8133,25,1.21,0.8066,485,0
SPY190726C300,2019-07-25,2019-07-25 09:34:08,1.22,0.8133,46,1.21,0.8066,13,1.22,0.8133,25,1.215,0.81,485,0
SPY190726C300,2019-07-25,2019-07-25 09:34:09,1.22,0.8133,36,1.21,0.8066,25,1.22,0.8133,25,1.215,0.81,485,0
SPY190726C300,2019-07-25,2019-07-25 09:34:10,1.22,0.8133,152,1.19,0.7933,65,1.22,0.8133,25,1.205,0.8033,485,0
SPY190726C300,2019-07-25,2019-07-25 09:34:12,1.21,0.8066,36,1.19,0.7933,9,1.22,0.8133,25,1.2,0.8,485,0
SPY190726C300,2019-07-25,2019-07-25 09:34:13,1.21,0.8066,36,1.19,0.7933,28,1.22,0.8133,25,1.2,0.8,485,0
SPY190726C300,2019-07-25,2019-07-25 09:34:15,1.22,0.8133,80,1.2,0.8,23,1.22,0.8133,25,1.21,0.8066,485,0
SPY190726C300,2019-07-25,2019-07-25 09:34:17,1.22,0.8133,71,1.19,0.7933,69,1.22,0.8133,25,1.205,0.8033,485,0
SPY190726C300,2019-07-25,2019-07-25 09:34:17,1.21,0.8066,35,1.19,0.7933,65,1.22,0.8133,25,1.2,0.8,485,0
SPY190726C300,2019-07-25,2019-07-25 09:34:18,1.21,0.8066,35,1.19,0.7933,65,1.22,0.8133,25,1.2,0.8,485,0
SPY190726C300,2019-07-25,2019-07-25 09:34:20,1.22,0.8133,71,1.2,0.8,41,1.22,0.8133,25,1.21,0.8066,485,0
SPY190726C300,2019-07-25,2019-07-25 09:34:21,1.22,0.8133,61,1.2,0.8,41,1.22,0.8133,25,1.21,0.8066,485,0
SPY190726C300,2019-07-25,2019-07-25 09:34:23,1.22,0.8133,98,1.2,0.8,25,1.22,0.8133,25,1.21,0.8066,485,0
SPY190726C300,2019-07-25,2019-07-25 09:34:24,1.22,0.8133,157,1.2,0.8,25,1.22,0.8133,25,1.21,0.8066,485,0
SPY190726C300,2019-07-25,2019-07-25 09:34:25,1.22,0.8133,71,1.2,0.8,31,1.22,0.8133,25,1.21,0.8066,485,0
SPY190726C300,2019-07-25,2019-07-25 09:34:26,1.22,0.8133,71,1.2,0.8,25,1.22,0.8133,25,1.21,0.8066,485,0
SPY190726C300,2019-07-25,2019-07-25 09:34:27,1.22,0.8133,71,1.2,0.8,35,1.2,0.8,1,1.21,0.8066,486,1
SPY190726C300,2019-07-25,2019-07-25 09:34:28,1.23,0.82,228,1.2,0.8,29,1.2,0.8,1,1.215,0.81,486,0
SPY190726C300,2019-07-25,2019-07-25 09:34:30,1.22,0.8133,104,1.2,0.8,2,1.2,0.8,1,1.21,0.8066,486,0
SPY190726C300,2019-07-25,2019-07-25 09:34:32,1.22,0.8133,19,1.2,0.8,25,1.2,0.8,1,1.21,0.8066,486,0
SPY190726C300,2019-07-25,2019-07-25 09:34:33,1.23,0.82,25,1.2,0.8,236,1.2,0.8,1,1.215,0.81,493,7
SPY190726C300,2019-07-25,2019-07-25 09:34:35,1.23,0.82,30,1.21,0.8066,39,1.2,0.8,1,1.22,0.8133,493,0
SPY190726C300,2019-07-25,2019-07-25 09:34:37,1.23,0.82,1,1.21,0.8066,93,1.2,0.8,1,1.22,0.8133,493,0
SPY190726C300,2019-07-25,2019-07-25 09:34:38,1.23,0.82,25,1.21,0.8066,135,1.2,0.8,1,1.22,0.8133,493,0
SPY190726C300,2019-07-25,2019-07-25 09:34:39,1.23,0.82,25,1.21,0.8066,35,1.2,0.8,1,1.22,0.8133,493,0
SPY190726C300,2019-07-25,2019-07-25 09:34:40,1.23,0.82,11,1.22,0.8133,19,1.2,0.8,1,1.225,0.8166,493,0
SPY190726C300,2019-07-25,2019-07-25 09:34:41,1.25,0.8333,103,1.23,0.82,25,1.23,0.82,1,1.24,0.8266,494,1
SPY190726C300,2019-07-25,2019-07-25 09:34:42,1.25,0.8333,73,1.22,0.8133,84,1.25,0.8333,2,1.235,0.8233,498,4
SPY190726C300,2019-07-25,2019-07-25 09:34:44,1.26,0.84,25,1.24,0.8266,25,1.25,0.8333,2,1.25,0.8333,498,0
SPY190726C300,2019-07-25,2019-07-25 09:34:44,1.26,0.84,30,1.24,0.8266,57,1.25,0.8333,2,1.25,0.8333,498,0
SPY190726C300,2019-07-25,2019-07-25 09:34:45,1.26,0.84,41,1.24,0.8266,55,1.25,0.8333,2,1.25,0.8333,498,0
SPY190726C300,2019-07-25,2019-07-25 09:34:46,1.26,0.84,35,1.24,0.8266,65,1.25,0.8333,2,1.25,0.8333,498,0
SPY190726C300,2019-07-25,2019-07-25 09:34:47,1.26,0.84,35,1.25,0.8333,16,1.25,0.8333,2,1.255,0.8366,498,0
SPY190726C300,2019-07-25,2019-07-25 09:34:48,1.27,0.8466,210,1.24,0.8266,55,1.25,0.8333,2,1.255,0.8366,498,0
SPY190726C300,2019-07-25,2019-07-25 09:34:49,1.27,0.8466,244,1.24,0.8266,46,1.25,0.8333,2,1.255,0.8366,498,0
SPY190726C300,2019-07-25,2019-07-25 09:34:49,1.27,0.8466,244,1.24,0.8266,32,1.25,0.8333,2,1.255,0.8366,498,0
SPY190726C300,2019-07-25,2019-07-25 09:34:50,1.26,0.84,81,1.24,0.8266,22,1.25,0.8333,2,1.25,0.8333,498,0
SPY190726C300,2019-07-25,2019-07-25 09:34:51,1.27,0.8466,223,1.24,0.8266,26,1.25,0.8333,2,1.255,0.8366,498,0
SPY190726C300,2019-07-25,2019-07-25 09:34:51,1.26,0.84,6,1.24,0.8266,26,1.25,0.8333,2,1.25,0.8333,498,0
SPY190726C300,2019-07-25,2019-07-25 09:34:53,1.26,0.84,35,1.24,0.8266,32,1.25,0.8333,2,1.25,0.8333,498,0
SPY190726C300,2019-07-25,2019-07-25 09:34:53,1.26,0.84,44,1.24,0.8266,26,1.25,0.8333,2,1.25,0.8333,498,0
SPY190726C300,2019-07-25,2019-07-25 09:34:54,1.26,0.84,88,1.23,0.82,25,1.25,0.8333,2,1.245,0.83,498,0
SPY190726C300,2019-07-25,2019-07-25 09:34:55,1.25,0.8333,93,1.22,0.8133,46,1.25,0.8333,2,1.235,0.8233,498,0
SPY190726C300,2019-07-25,2019-07-25 09:34:56,1.26,0.84,44,1.24,0.8266,35,1.25,0.8333,2,1.25,0.8333,498,0
SPY190726C300,2019-07-25,2019-07-25 09:34:56,1.25,0.8333,106,1.22,0.8133,46,1.25,0.8333,2,1.235,0.8233,498,0
SPY190726C300,2019-07-25,2019-07-25 09:34:57,1.26,0.84,19,1.24,0.8266,31,1.25,0.8333,2,1.25,0.8333,498,0
SPY190726C300,2019-07-25,2019-07-25 09:34:57,1.26,0.84,73,1.24,0.8266,25,1.25,0.8333,2,1.25,0.8333,498,0
SPY190726C300,2019-07-25,2019-07-25 09:34:58,1.25,0.8333,95,1.22,0.8133,26,1.25,0.8333,1,1.235,0.8233,499,1
SPY190726C300,2019-07-25,2019-07-25 09:34:59,1.26,0.84,44,1.24,0.8266,65,1.25,0.8333,1,1.25,0.8333,499,0
SPY190726C300,2019-07-25,2019-07-25 09:35:00,1.27,0.8466,49,1.25,0.8333,19,1.25,0.8333,1,1.26,0.84,499,0
SPY190726C300,2019-07-25,2019-07-25 09:35:01,1.26,0.84,55,1.24,0.8266,29,1.25,0.8333,1,1.25,0.8333,499,0
SPY190726C300,2019-07-25,2019-07-25 09:35:01,1.28,0.8533,138,1.25,0.8333,55,1.25,0.8333,1,1.265,0.8433,499,0
SPY190726C300,2019-07-25,2019-07-25 09:35:02,1.28,0.8533,238,1.25,0.8333,35,1.28,0.8533,100,1.265,0.8433,599,100
SPY190726C300,2019-07-25,2019-07-25 09:35:03,1.28,0.8533,253,1.25,0.8333,41,1.28,0.8533,100,1.265,0.8433,599,0
SPY190726C300,2019-07-25,2019-07-25 09:35:03,1.28,0.8533,238,1.25,0.8333,41,1.28,0.8533,100,1.265,0.8433,599,0
SPY190726C300,2019-07-25,2019-07-25 09:35:04,1.28,0.8533,238,1.25,0.8333,31,1.28,0.8533,100,1.265,0.8433,599,0
SPY190726C300,2019-07-25,2019-07-25 09:35:05,1.28,0.8533,257,1.25,0.8333,31,1.28,0.8533,100,1.265,0.8433,599,0
SPY190726C300,2019-07-25,2019-07-25 09:35:05,1.28,0.8533,249,1.25,0.8333,31,1.28,0.8533,100,1.265,0.8433,599,0
SPY190726C300,2019-07-25,2019-07-25 09:35:06,1.26,0.84,25,1.24,0.8266,29,1.28,0.8533,100,1.25,0.8333,599,0
SPY190726C300,2019-07-25,2019-07-25 09:35:07,1.26,0.84,39,1.24,0.8266,41,1.28,0.8533,100,1.25,0.8333,599,0
SPY190726C300,2019-07-25,2019-07-25 09:35:08,1.27,0.8466,6,1.24,0.8266,29,1.28,0.8533,100,1.255,0.8366,599,0
SPY190726C300,2019-07-25,2019-07-25 09:35:09,1.27,0.8466,28,1.24,0.8266,34,1.28,0.8533,100,1.255,0.8366,599,0
SPY190726C300,2019-07-25,2019-07-25 09:35:09,1.27,0.8466,184,1.24,0.8266,95,1.28,0.8533,100,1.255,0.8366,599,0
SPY190726C300,2019-07-25,2019-07-25 09:35:10,1.26,0.84,45,1.23,0.82,143,1.28,0.8533,100,1.245,0.83,599,0
SPY190726C300,2019-07-25,2019-07-25 09:35:10,1.27,0.8466,184,1.23,0.82,128,1.28,0.8533,100,1.25,0.8333,599,0
SPY190726C300,2019-07-25,2019-07-25 09:35:11,1.26,0.84,45,1.23,0.82,138,1.28,0.8533,100,1.245,0.83,599,0
SPY190726C300,2019-07-25,2019-07-25 09:35:12,1.26,0.84,62,1.23,0.82,233,1.28,0.8533,100,1.245,0.83,599,0
SPY190726C300,2019-07-25,2019-07-25 09:35:16,1.25,0.8333,29,1.23,0.82,173,1.28,0.8533,100,1.24,0.8266,599,0
SPY190726C300,2019-07-25,2019-07-25 09:35:17,1.28,0.8533,155,1.25,0.8333,103,1.28,0.8533,100,1.265,0.8433,599,0
SPY190726C300,2019-07-25,2019-07-25 09:35:17,1.26,0.84,40,1.23,0.82,173,1.28,0.8533,100,1.245,0.83,599,0
SPY190726C300,2019-07-25,2019-07-25 09:35:18,1.27,0.8466,36,1.25,0.8333,41,1.28,0.8533,100,1.26,0.84,599,0
SPY190726C300,2019-07-25,2019-07-25 09:35:19,1.27,0.8466,36,1.25,0.8333,35,1.28,0.8533,100,1.26,0.84,599,0
SPY190726C300,2019-07-25,2019-07-25 09:35:19,1.28,0.8533,130,1.25,0.8333,35,1.28,0.8533,100,1.265,0.8433,599,0
SPY190726C300,2019-07-25,2019-07-25 09:35:20,1.28,0.8533,74,1.25,0.8333,41,1.28,0.8533,100,1.265,0.8433,599,0
SPY190726C300,2019-07-25,2019-07-25 09:35:22,1.27,0.8466,172,1.25,0.8333,171,1.27,0.8466,5,1.26,0.84,604,5
SPY190726C300,2019-07-25,2019-07-25 09:35:23,1.29,0.86,9,1.28,0.8533,57,1.27,0.8466,5,1.285,0.8566,604,0
SPY190726C300,2019-07-25,2019-07-25 09:35:25,1.29,0.86,22,1.27,0.8466,147,1.27,0.8466,5,1.28,0.8533,604,0
SPY190726C300,2019-07-25,2019-07-25 09:35:29,1.27,0.8466,31,1.25,0.8333,59,1.27,0.8466,5,1.26,0.84,604,0
SPY190726C300,2019-07-25,2019-07-25 09:35:30,1.25,0.8333,31,1.23,0.82,150,1.27,0.8466,5,1.24,0.8266,604,0
SPY190726C300,2019-07-25,2019-07-25 09:35:31,1.24,0.8266,59,1.21,0.8066,243,1.27,0.8466,5,1.225,0.8166,604,0
SPY190726C300,2019-07-25,2019-07-25 09:35:32,1.24,0.8266,59,1.21,0.8066,414,1.27,0.8466,5,1.225,0.8166,604,0
SPY190726C300,2019-07-25,2019-07-25 09:35:33,1.23,0.82,55,1.21,0.8066,25,1.27,0.8466,5,1.22,0.8133,604,0
SPY190726C300,2019-07-25,2019-07-25 09:35:34,1.22,0.8133,1,1.21,0.8066,25,1.22,0.8133,2,1.215,0.81,606,2
SPY190726C300,2019-07-25,2019-07-25 09:35:34,1.23,0.82,71,1.21,0.8066,31,1.27,0.8466,5,1.22,0.8133,604,0
SPY190726C300,2019-07-25,2019-07-25 09:35:35,1.23,0.82,99,1.21,0.8066,25,1.22,0.8133,2,1.22,0.8133,606,0
SPY190726C300,2019-07-25,2019-07-25 09:35:36,1.24,0.8266,36,1.21,0.8066,119,1.22,0.8133,2,1.225,0.8166,606,0
SPY190726C300,2019-07-25,2019-07-25 09:35:36,1.23,0.82,36,1.21,0.8066,25,1.22,0.8133,2,1.22,0.8133,606,0
SPY190726C300,2019-07-25,2019-07-25 09:35:37,1.23,0.82,36,1.21,0.8066,29,1.22,0.8133,2,1.22,0.8133,606,0
SPY190726C300,2019-07-25,2019-07-25 09:35:37,1.23,0.82,59,1.21,0.8066,29,1.22,0.8133,2,1.22,0.8133,606,0
SPY190726C300,2019-07-25,2019-07-25 09:35:38,1.23,0.82,59,1.21,0.8066,29,1.22,0.8133,2,1.22,0.8133,606,0
SPY190726C300,2019-07-25,2019-07-25 09:35:39,1.23,0.82,59,1.21,0.8066,39,1.22,0.8133,2,1.22,0.8133,606,0
SPY190726C300,2019-07-25,2019-07-25 09:35:39,1.23,0.82,25,1.21,0.8066,97,1.22,0.8133,2,1.22,0.8133,606,0
SPY190726C300,2019-07-25,2019-07-25 09:35:40,1.23,0.82,25,1.21,0.8066,221,1.22,0.8133,2,1.22,0.8133,606,0
SPY190726C300,2019-07-25,2019-07-25 09:35:41,1.24,0.8266,56,1.22,0.8133,29,1.22,0.8133,2,1.23,0.82,606,0
SPY190726C300,2019-07-25,2019-07-25 09:35:42,1.24,0.8266,56,1.22,0.8133,29,1.22,0.8133,2,1.23,0.82,606,0
SPY190726C300,2019-07-25,2019-07-25 09:35:43,1.24,0.8266,56,1.21,0.8066,89,1.22,0.8133,2,1.225,0.8166,606,0
SPY190726C300,2019-07-25,2019-07-25 09:35:43,1.24,0.8266,56,1.21,0.8066,183,1.22,0.8133,2,1.225,0.8166,606,0
SPY190726C300,2019-07-25,2019-07-25 09:35:44,1.23,0.82,56,1.2,0.8,183,1.22,0.8133,2,1.215,0.81,606,0
SPY190726C300,2019-07-25,2019-07-25 09:35:45,1.23,0.82,29,1.21,0.8066,41,1.22,0.8133,2,1.22,0.8133,606,0
SPY190726C300,2019-07-25,2019-07-25 09:35:46,1.23,0.82,25,1.21,0.8066,110,1.22,0.8133,2,1.22,0.8133,606,0
SPY190726C300,2019-07-25,2019-07-25 09:35:46,1.23,0.82,29,1.21,0.8066,58,1.22,0.8133,2,1.22,0.8133,606,0
SPY190726C300,2019-07-25,2019-07-25 09:35:47,1.23,0.82,180,1.2,0.8,44,1.22,0.8133,2,1.215,0.81,606,0
SPY190726C300,2019-07-25,2019-07-25 09:35:48,1.22,0.8133,35,1.2,0.8,115,1.22,0.8133,2,1.21,0.8066,606,0
SPY190726C300,2019-07-25,2019-07-25 09:35:49,1.23,0.82,54,1.2,0.8,166,1.22,0.8133,2,1.215,0.81,608,2
SPY190726C300,2019-07-25,2019-07-25 09:35:50,1.24,0.8266,61,1.21,0.8066,156,1.22,0.8133,2,1.225,0.8166,608,0
SPY190726C300,2019-07-25,2019-07-25 09:35:52,1.24,0.8266,59,1.22,0.8133,73,1.22,0.8133,2,1.23,0.82,608,0
SPY190726C300,2019-07-25,2019-07-25 09:35:52,1.24,0.8266,59,1.22,0.8133,25,1.22,0.8133,2,1.23,0.82,608,0
SPY190726C300,2019-07-25,2019-07-25 09:35:53,1.23,0.82,46,1.2,0.8,170,1.22,0.8133,2,1.215,0.81,608,0
SPY190726C300,2019-07-25,2019-07-25 09:35:54,1.23,0.82,59,1.21,0.8066,21,1.22,0.8133,2,1.22,0.8133,608,0
SPY190726C300,2019-07-25,2019-07-25 09:35:55,1.22,0.8133,145,1.2,0.8,5,1.22,0.8133,2,1.21,0.8066,608,0
SPY190726C300,2019-07-25,2019-07-25 09:35:56,1.21,0.8066,55,1.2,0.8,5,1.22,0.8133,2,1.205,0.8033,608,0
SPY190726C300,2019-07-25,2019-07-25 09:35:56,1.21,0.8066,35,1.2,0.8,5,1.22,0.8133,2,1.205,0.8033,608,0
SPY190726C300,2019-07-25,2019-07-25 09:35:57,1.22,0.8133,122,1.2,0.8,5,1.22,0.8133,2,1.21,0.8066,608,0
SPY190726C300,2019-07-25,2019-07-25 09:35:58,1.2,0.8,105,1.17,0.78,115,1.2,0.8,5,1.185,0.79,613,5
SPY190726C300,2019-07-25,2019-07-25 09:35:59,1.2,0.8,55,1.17,0.78,158,1.2,0.8,5,1.185,0.79,613,0
SPY190726C300,2019-07-25,2019-07-25 09:36:00,1.2,0.8,55,1.17,0.78,158,1.2,0.8,5,1.185,0.79,613,0
SPY190726C300,2019-07-25,2019-07-25 09:36:00,1.18,0.7866,55,1.16,0.7733,71,1.2,0.8,5,1.17,0.78,613,0
SPY190726C300,2019-07-25,2019-07-25 09:36:01,1.19,0.7933,1,1.17,0.78,45,1.18,0.7866,10,1.18,0.7866,623,10
SPY190726C300,2019-07-25,2019-07-25 09:36:02,1.19,0.7933,1,1.17,0.78,56,1.18,0.7866,10,1.18,0.7866,623,0
SPY190726C300,2019-07-25,2019-07-25 09:36:03,1.22,0.8133,54,1.19,0.7933,10,1.19,0.7933,1,1.205,0.8033,624,1
SPY190726C300,2019-07-25,2019-07-25 09:36:03,1.19,0.7933,1,1.18,0.7866,36,1.18,0.7866,10,1.185,0.79,623,0
SPY190726C300,2019-07-25,2019-07-25 09:36:04,1.21,0.8066,36,1.19,0.7933,25,1.19,0.7933,1,1.2,0.8,624,0
SPY190726C300,2019-07-25,2019-07-25 09:36:05,1.2,0.8,25,1.17,0.78,125,1.19,0.7933,1,1.185,0.79,624,0
SPY190726C300,2019-07-25,2019-07-25 09:36:06,1.2,0.8,25,1.17,0.78,138,1.19,0.7933,1,1.185,0.79,624,0
SPY190726C300,2019-07-25,2019-07-25 09:36:06,1.21,0.8066,10,1.19,0.7933,25,1.19,0.7933,1,1.2,0.8,624,0
SPY190726C300,2019-07-25,2019-07-25 09:36:07,1.2,0.8,36,1.17,0.78,80,1.19,0.7933,1,1.185,0.79,624,0
SPY190726C300,2019-07-25,2019-07-25 09:36:08,1.2,0.8,35,1.18,0.7866,66,1.19,0.7933,1,1.19,0.7933,624,0
SPY190726C300,2019-07-25,2019-07-25 09:36:08,1.2,0.8,45,1.18,0.7866,52,1.19,0.7933,1,1.19,0.7933,624,0
SPY190726C300,2019-07-25,2019-07-25 09:36:09,1.21,0.8066,45,1.19,0.7933,25,1.19,0.7933,1,1.2,0.8,624,0
SPY190726C300,2019-07-25,2019-07-25 09:36:10,1.21,0.8066,36,1.18,0.7866,25,1.19,0.7933,1,1.195,0.7966,624,0
SPY190726C300,2019-07-25,2019-07-25 09:36:10,1.2,0.8,43,1.18,0.7866,25,1.19,0.7933,1,1.19,0.7933,624,0
SPY190726C300,2019-07-25,2019-07-25 09:36:11,1.21,0.8066,55,1.19,0.7933,25,1.19,0.7933,1,1.2,0.8,624,0
SPY190726C300,2019-07-25,2019-07-25 09:36:12,1.21,0.8066,55,1.2,0.8,1,1.2,0.8,10,1.205,0.8033,634,10
SPY190726C300,2019-07-25,2019-07-25 09:36:12,1.21,0.8066,65,1.19,0.7933,74,1.19,0.7933,1,1.2,0.8,624,0
SPY190726C300,2019-07-25,2019-07-25 09:36:13,1.21,0.8066,41,1.19,0.7933,116,1.2,0.8,10,1.2,0.8,634,0
SPY190726C300,2019-07-25,2019-07-25 09:36:13,1.21,0.8066,71,1.19,0.7933,83,1.2,0.8,10,1.2,0.8,634,0
SPY190726C300,2019-07-25,2019-07-25 09:36:14,1.22,0.8133,31,1.21,0.8066,28,1.2,0.8,10,1.215,0.81,634,0
SPY190726C300,2019-07-25,2019-07-25 09:36:15,1.23,0.82,155,1.2,0.8,118,1.2,0.8,10,1.215,0.81,634,0
SPY190726C300,2019-07-25,2019-07-25 09:36:15,1.23,0.82,55,1.21,0.8066,35,1.2,0.8,10,1.22,0.8133,634,0
SPY190726C300,2019-07-25,2019-07-25 09:36:16,1.23,0.82,55,1.21,0.8066,25,1.2,0.8,10,1.22,0.8133,634,0
SPY190726C300,2019-07-25,2019-07-25 09:36:17,1.24,0.8266,261,1.21,0.8066,25,1.2,0.8,10,1.225,0.8166,634,0
SPY190726C300,2019-07-25,2019-07-25 09:36:18,1.23,0.82,125,1.21,0.8066,28,1.2,0.8,10,1.22,0.8133,634,0
SPY190726C300,2019-07-25,2019-07-25 09:36:19,1.21,0.8066,8,1.2,0.8,1,1.2,0.8,10,1.205,0.8033,634,0
SPY190726C300,2019-07-25,2019-07-25 09:36:19,1.22,0.8133,6,1.2,0.8,74,1.2,0.8,10,1.21,0.8066,634,0
SPY190726C300,2019-07-25,2019-07-25 09:36:20,1.24,0.8266,240,1.21,0.8066,35,1.2,0.8,10,1.225,0.8166,634,0
SPY190726C300,2019-07-25,2019-07-25 09:36:21,1.22,0.8133,28,1.2,0.8,157,1.2,0.8,10,1.21,0.8066,634,0
SPY190726C300,2019-07-25,2019-07-25 09:36:21,1.24,0.8266,31,1.21,0.8066,41,1.2,0.8,10,1.225,0.8166,634,0
SPY190726C300,2019-07-25,2019-07-25 09:36:22,1.22,0.8133,100,1.21,0.8066,113,1.2,0.8,10,1.215,0.81,634,0
SPY190726C300,2019-07-25,2019-07-25 09:36:22,1.23,0.82,8,1.21,0.8066,113,1.2,0.8,10,1.22,0.8133,634,0
SPY190726C300,2019-07-25,2019-07-25 09:36:23,1.21,0.8066,100,1.2,0.8,1,1.2,0.8,10,1.205,0.8033,634,0
SPY190726C300,2019-07-25,2019-07-25 09:36:24,1.21,0.8066,6,1.2,0.8,26,1.2,0.8,10,1.205,0.8033,634,0
SPY190726C300,2019-07-25,2019-07-25 09:36:24,1.21,0.8066,1,1.2,0.8,26,1.2,0.8,10,1.205,0.8033,634,0
SPY190726C300,2019-07-25,2019-07-25 09:36:25,1.21,0.8066,31,1.2,0.8,1,1.2,0.8,10,1.205,0.8033,634,0
SPY190726C300,2019-07-25,2019-07-25 09:36:26,1.2,0.8,22,1.18,0.7866,114,1.2,0.8,1,1.19,0.7933,635,0
SPY190726C300,2019-07-25,2019-07-25 09:36:26,1.21,0.8066,46,1.18,0.7866,125,1.2,0.8,1,1.195,0.7966,635,1
SPY190726C300,2019-07-25,2019-07-25 09:36:27,1.2,0.8,22,1.18,0.7866,114,1.2,0.8,1,1.19,0.7933,635,0
SPY190726C300,2019-07-25,2019-07-25 09:36:27,1.2,0.8,25,1.18,0.7866,106,1.2,0.8,3,1.19,0.7933,640,5
SPY190726C300,2019-07-25,2019-07-25 09:36:28,1.2,0.8,25,1.18,0.7866,112,1.2,0.8,3,1.19,0.7933,640,0
SPY190726C300,2019-07-25,2019-07-25 09:36:28,1.2,0.8,28,1.18,0.7866,117,1.2,0.8,3,1.19,0.7933,640,0
SPY190726C300,2019-07-25,2019-07-25 09:36:29,1.2,0.8,58,1.18,0.7866,117,1.2,0.8,3,1.19,0.7933,640,0
SPY190726C300,2019-07-25,2019-07-25 09:36:30,1.2,0.8,58,1.18,0.7866,109,1.2,0.8,3,1.19,0.7933,640,0
SPY190726C300,2019-07-25,2019-07-25 09:36:30,1.2,0.8,58,1.18,0.7866,103,1.2,0.8,3,1.19,0.7933,640,0
SPY190726C300,2019-07-25,2019-07-25 09:36:31,1.2,0.8,68,1.18,0.7866,96,1.2,0.8,3,1.19,0.7933,640,0
SPY190726C300,2019-07-25,2019-07-25 09:36:32,1.2,0.8,68,1.18,0.7866,111,1.2,0.8,3,1.19,0.7933,640,0
SPY190726C300,2019-07-25,2019-07-25 09:36:33,1.21,0.8066,101,1.18,0.7866,25,1.2,0.8,3,1.195,0.7966,640,0
SPY190726C300,2019-07-25,2019-07-25 09:36:33,1.2,0.8,68,1.18,0.7866,96,1.2,0.8,3,1.19,0.7933,640,0
SPY190726C300,2019-07-25,2019-07-25 09:36:34,1.21,0.8066,126,1.18,0.7866,109,1.2,0.8,3,1.195,0.7966,640,0
SPY190726C300,2019-07-25,2019-07-25 09:36:34,1.2,0.8,31,1.19,0.7933,31,1.2,0.8,3,1.195,0.7966,640,0
SPY190726C300,2019-07-25,2019-07-25 09:36:35,1.2,0.8,49,1.18,0.7866,25,1.2,0.8,3,1.19,0.7933,640,0
SPY190726C300,2019-07-25,2019-07-25 09:36:35,1.2,0.8,55,1.18,0.7866,109,1.2,0.8,3,1.19,0.7933,640,0
SPY190726C300,2019-07-25,2019-07-25 09:36:36,1.19,0.7933,35,1.17,0.78,179,1.2,0.8,3,1.18,0.7866,640,0
SPY190726C300,2019-07-25,2019-07-25 09:36:38,1.2,0.8,156,1.17,0.78,183,1.2,0.8,3,1.185,0.79,640,0
SPY190726C300,2019-07-25,2019-07-25 09:36:38,1.2,0.8,38,1.18,0.7866,68,1.2,0.8,3,1.19,0.7933,640,0
SPY190726C300,2019-07-25,2019-07-25 09:36:39,1.2,0.8,38,1.18,0.7866,68,1.2,0.8,3,1.19,0.7933,640,0
SPY190726C300,2019-07-25,2019-07-25 09:36:40,1.2,0.8,1,1.19,0.7933,96,1.2,0.8,1,1.195,0.7966,642,2
SPY190726C300,2019-07-25,2019-07-25 09:36:40,1.21,0.8066,28,1.2,0.8,23,1.2,0.8,1,1.205,0.8033,642,0
SPY190726C300,2019-07-25,2019-07-25 09:36:41,1.21,0.8066,38,1.19,0.7933,114,1.21,0.8066,5,1.2,0.8,648,6
SPY190726C300,2019-07-25,2019-07-25 09:36:41,1.21,0.8066,28,1.19,0.7933,133,1.2,0.8,1,1.2,0.8,642,0
SPY190726C300,2019-07-25,2019-07-25 09:36:42,1.21,0.8066,58,1.19,0.7933,29,1.19,0.7933,3,1.2,0.8,658,10
SPY190726C300,2019-07-25,2019-07-25 09:36:43,1.21,0.8066,149,1.18,0.7866,123,1.19,0.7933,3,1.195,0.7966,658,0
SPY190726C300,2019-07-25,2019-07-25 09:36:44,1.2,0.8,45,1.18,0.7866,150,1.19,0.7933,3,1.19,0.7933,658,0
SPY190726C300,2019-07-25,2019-07-25 09:36:44,1.2,0.8,45,1.18,0.7866,135,1.19,0.7933,3,1.19,0.7933,658,0
SPY190726C300,2019-07-25,2019-07-25 09:36:45,1.2,0.8,45,1.18,0.7866,150,1.19,0.7933,3,1.19,0.7933,658,0
SPY190726C300,2019-07-25,2019-07-25 09:36:46,1.22,0.8133,130,1.2,0.8,119,1.2,0.8,1,1.21,0.8066,659,0
SPY190726C300,2019-07-25,2019-07-25 09:36:46,1.22,0.8133,130,1.19,0.7933,25,1.2,0.8,1,1.205,0.8033,659,1
SPY190726C300,2019-07-25,2019-07-25 09:36:47,1.22,0.8133,25,1.21,0.8066,25,1.2,0.8,1,1.215,0.81,659,0
SPY190726C300,2019-07-25,2019-07-25 09:36:48,1.22,0.8133,59,1.19,0.7933,171,1.2,0.8,1,1.205,0.8033,659,0
SPY190726C300,2019-07-25,2019-07-25 09:36:49,1.22,0.8133,155,1.19,0.7933,171,1.2,0.8,1,1.205,0.8033,659,0
SPY190726C300,2019-07-25,2019-07-25 09:36:49,1.22,0.8133,46,1.2,0.8,25,1.2,0.8,1,1.21,0.8066,659,0
SPY190726C300,2019-07-25,2019-07-25 09:36:50,1.21,0.8066,25,1.19,0.7933,140,1.2,0.8,1,1.2,0.8,659,0
SPY190726C300,2019-07-25,2019-07-25 09:36:51,1.22,0.8133,59,1.2,0.8,39,1.2,0.8,1,1.21,0.8066,659,0
SPY190726C300,2019-07-25,2019-07-25 09:36:51,1.22,0.8133,61,1.2,0.8,25,1.2,0.8,1,1.21,0.8066,659,0
SPY190726C300,2019-07-25,2019-07-25 09:36:52,1.21,0.8066,25,1.19,0.7933,156,1.2,0.8,1,1.2,0.8,659,0
SPY190726C300,2019-07-25,2019-07-25 09:36:53,1.21,0.8066,155,1.18,0.7866,135,1.2,0.8,1,1.195,0.7966,659,0
SPY190726C300,2019-07-25,2019-07-25 09:36:53,1.21,0.8066,155,1.18,0.7866,145,1.2,0.8,1,1.195,0.7966,659,0
SPY190726C300,2019-07-25,2019-07-25 09:36:54,1.21,0.8066,42,1.19,0.7933,25,1.2,0.8,1,1.2,0.8,659,0
SPY190726C300,2019-07-25,2019-07-25 09:36:54,1.2,0.8,31,1.19,0.7933,25,1.2,0.8,1,1.195,0.7966,659,0
SPY190726C300,2019-07-25,2019-07-25 09:36:55,1.21,0.8066,67,1.18,0.7866,145,1.2,0.8,1,1.195,0.7966,659,0
SPY190726C300,2019-07-25,2019-07-25 09:36:56,1.2,0.8,125,1.18,0.7866,4,1.19,0.7933,1,1.19,0.7933,660,0
SPY190726C300,2019-07-25,2019-07-25 09:36:56,1.2,0.8,35,1.18,0.7866,125,1.19,0.7933,1,1.19,0.7933,660,1
SPY190726C300,2019-07-25,2019-07-25 09:36:57,1.2,0.8,155,1.18,0.7866,41,1.19,0.7933,1,1.19,0.7933,660,0
SPY190726C300,2019-07-25,2019-07-25 09:36:57,1.21,0.8066,125,1.18,0.7866,180,1.19,0.7933,1,1.195,0.7966,660,0
SPY190726C300,2019-07-25,2019-07-25 09:36:58,1.21,0.8066,125,1.19,0.7933,42,1.19,0.7933,1,1.2,0.8,660,0
SPY190726C300,2019-07-25,2019-07-25 09:36:59,1.22,0.8133,155,1.19,0.7933,136,1.19,0.7933,1,1.205,0.8033,660,0
SPY190726C300,2019-07-25,2019-07-25 09:37:00,1.21,0.8066,25,1.19,0.7933,162,1.19,0.7933,1,1.2,0.8,660,0
SPY190726C300,2019-07-25,2019-07-25 09:37:01,1.21,0.8066,29,1.19,0.7933,146,1.19,0.7933,1,1.2,0.8,660,0
SPY190726C300,2019-07-25,2019-07-25 09:37:02,1.22,0.8133,130,1.19,0.7933,151,1.19,0.7933,1,1.205,0.8033,660,0
SPY190726C300,2019-07-25,2019-07-25 09:37:03,1.21,0.8066,6,1.2,0.8,25,1.19,0.7933,1,1.205,0.8033,660,0
SPY190726C300,2019-07-25,2019-07-25 09:37:03,1.21,0.8066,29,1.2,0.8,23,1.19,0.7933,1,1.205,0.8033,660,0
SPY190726C300,2019-07-25,2019-07-25 09:37:04,1.22,0.8133,66,1.2,0.8,39,1.19,0.7933,1,1.21,0.8066,660,0
SPY190726C300,2019-07-25,2019-07-25 09:37:04,1.22,0.8133,155,1.2,0.8,23,1.19,0.7933,1,1.21,0.8066,660,0
SPY190726C300,2019-07-25,2019-07-25 09:37:05,1.22,0.8133,36,1.2,0.8,39,1.19,0.7933,1,1.21,0.8066,660,0
SPY190726C300,2019-07-25,2019-07-25 09:37:06,1.23,0.82,67,1.21,0.8066,25,1.19,0.7933,1,1.22,0.8133,660,0
SPY190726C300,2019-07-25,2019-07-25 09:37:06,1.22,0.8133,55,1.21,0.8066,13,1.19,0.7933,1,1.215,0.81,660,0
SPY190726C300,2019-07-25,2019-07-25 09:37:07,1.22,0.8133,49,1.21,0.8066,25,1.19,0.7933,1,1.215,0.81,660,0
SPY190726C300,2019-07-25,2019-07-25 09:37:08,1.22,0.8133,49,1.2,0.8,18,1.19,0.7933,1,1.21,0.8066,660,0
SPY190726C300,2019-07-25,2019-07-25 09:37:08,1.21,0.8066,13,1.19,0.7933,81,1.19,0.7933,1,1.2,0.8,660,0
SPY190726C300,2019-07-25,2019-07-25 09:37:09,1.21,0.8066,59,1.19,0.7933,25,1.19,0.7933,1,1.2,0.8,660,0
SPY190726C300,2019-07-25,2019-07-25 09:37:09,1.21,0.8066,65,1.19,0.7933,25,1.19,0.7933,1,1.2,0.8,660,0
SPY190726C300,2019-07-25,2019-07-25 09:37:10,1.21,0.8066,59,1.19,0.7933,25,1.19,0.7933,1,1.2,0.8,660,0
SPY190726C300,2019-07-25,2019-07-25 09:37:11,1.22,0.8133,61,1.2,0.8,41,1.19,0.7933,1,1.21,0.8066,660,0
SPY190726C300,2019-07-25,2019-07-25 09:37:12,1.22,0.8133,61,1.2,0.8,41,1.19,0.7933,1,1.21,0.8066,660,0
SPY190726C300,2019-07-25,2019-07-25 09:37:13,1.22,0.8133,59,1.19,0.7933,107,1.19,0.7933,1,1.205,0.8033,660,0
SPY190726C300,2019-07-25,2019-07-25 09:37:13,1.21,0.8066,55,1.19,0.7933,107,1.19,0.7933,1,1.2,0.8,660,0
SPY190726C300,2019-07-25,2019-07-25 09:37:14,1.21,0.8066,55,1.19,0.7933,25,1.19,0.7933,1,1.2,0.8,660,0
SPY190726C300,2019-07-25,2019-07-25 09:37:14,1.22,0.8133,155,1.19,0.7933,125,1.19,0.7933,1,1.205,0.8033,660,0
SPY190726C300,2019-07-25,2019-07-25 09:37:15,1.21,0.8066,58,1.19,0.7933,72,1.19,0.7933,1,1.2,0.8,660,0
SPY190726C300,2019-07-25,2019-07-25 09:37:16,1.21,0.8066,59,1.19,0.7933,29,1.19,0.7933,1,1.2,0.8,660,0
SPY190726C300,2019-07-25,2019-07-25 09:37:16,1.21,0.8066,68,1.19,0.7933,31,1.19,0.7933,1,1.2,0.8,660,0
SPY190726C300,2019-07-25,2019-07-25 09:37:17,1.21,0.8066,25,1.19,0.7933,81,1.19,0.7933,1,1.2,0.8,660,0
SPY190726C300,2019-07-25,2019-07-25 09:37:17,1.21,0.8066,71,1.19,0.7933,56,1.19,0.7933,1,1.2,0.8,660,0
SPY190726C300,2019-07-25,2019-07-25 09:37:18,1.21,0.8066,25,1.19,0.7933,81,1.19,0.7933,1,1.2,0.8,660,0
SPY190726C300,2019-07-25,2019-07-25 09:37:19,1.21,0.8066,46,1.19,0.7933,95,1.19,0.7933,1,1.2,0.8,660,0
SPY190726C300,2019-07-25,2019-07-25 09:37:19,1.21,0.8066,49,1.2,0.8,25,1.19,0.7933,1,1.205,0.8033,660,0
SPY190726C300,2019-07-25,2019-07-25 09:37:20,1.21,0.8066,46,1.19,0.7933,95,1.19,0.7933,1,1.2,0.8,660,0
SPY190726C300,2019-07-25,2019-07-25 09:37:21,1.2,0.8,29,1.19,0.7933,82,1.19,0.7933,1,1.195,0.7966,660,0
SPY190726C300,2019-07-25,2019-07-25 09:37:22,1.2,0.8,26,1.18,0.7866,156,1.2,0.8,1,1.19,0.7933,661,1
SPY190726C300,2019-07-25,2019-07-25 09:37:22,1.21,0.8066,155,1.19,0.7933,25,1.2,0.8,1,1.2,0.8,661,0
SPY190726C300,2019-07-25,2019-07-25 09:37:23,1.21,0.8066,155,1.19,0.7933,31,1.2,0.8,1,1.2,0.8,661,0
SPY190726C300,2019-07-25,2019-07-25 09:37:24,1.21,0.8066,61,1.19,0.7933,25,1.2,0.8,1,1.2,0.8,661,0
SPY190726C300,2019-07-25,2019-07-25 09:37:24,1.2,0.8,35,1.19,0.7933,25,1.2,0.8,1,1.195,0.7966,661,0
SPY190726C300,2019-07-25,2019-07-25 09:37:25,1.2,0.8,31,1.18,0.7866,146,1.2,0.8,1,1.19,0.7933,661,0
SPY190726C300,2019-07-25,2019-07-25 09:37:26,1.2,0.8,41,1.18,0.7866,140,1.2,0.8,1,1.19,0.7933,661,0
SPY190726C300,2019-07-25,2019-07-25 09:37:26,1.21,0.8066,61,1.19,0.7933,25,1.2,0.8,1,1.2,0.8,661,0
SPY190726C300,2019-07-25,2019-07-25 09:37:27,1.21,0.8066,65,1.19,0.7933,25,1.2,0.8,1,1.2,0.8,661,0
SPY190726C300,2019-07-25,2019-07-25 09:37:28,1.2,0.8,61,1.18,0.7866,135,1.2,0.8,1,1.19,0.7933,661,0
SPY190726C300,2019-07-25,2019-07-25 09:37:29,1.2,0.8,41,1.18,0.7866,135,1.2,0.8,1,1.19,0.7933,661,0
SPY190726C300,2019-07-25,2019-07-25 09:37:30,1.2,0.8,41,1.18,0.7866,135,1.2,0.8,1,1.19,0.7933,661,0
SPY190726C300,2019-07-25,2019-07-25 09:37:31,1.2,0.8,61,1.18,0.7866,135,1.2,0.8,1,1.19,0.7933,661,0
SPY190726C300,2019-07-25,2019-07-25 09:37:32,1.18,0.7866,28,1.18,0.7866,48,1.18,0.7866,6,1.18,0.7866,671,6
SPY190726C300,2019-07-25,2019-07-25 09:37:32,1.2,0.8,71,1.18,0.7866,86,1.18,0.7866,4,1.19,0.7933,665,4
SPY190726C300,2019-07-25,2019-07-25 09:37:33,1.22,0.8133,30,1.19,0.7933,145,1.18,0.7866,6,1.205,0.8033,671,0
SPY190726C300,2019-07-25,2019-07-25 09:37:33,1.21,0.8066,23,1.19,0.7933,36,1.18,0.7866,6,1.2,0.8,671,0
SPY190726C300,2019-07-25,2019-07-25 09:37:34,1.21,0.8066,6,1.18,0.7866,125,1.18,0.7866,6,1.195,0.7966,671,0
SPY190726C300,2019-07-25,2019-07-25 09:37:35,1.22,0.8133,51,1.19,0.7933,119,1.18,0.7866,6,1.205,0.8033,671,0
SPY190726C300,2019-07-25,2019-07-25 09:37:35,1.21,0.8066,39,1.19,0.7933,119,1.18,0.7866,6,1.2,0.8,671,0
SPY190726C300,2019-07-25,2019-07-25 09:37:36,1.22,0.8133,36,1.2,0.8,25,1.18,0.7866,6,1.21,0.8066,671,0
SPY190726C300,2019-07-25,2019-07-25 09:37:36,1.21,0.8066,39,1.2,0.8,29,1.18,0.7866,6,1.205,0.8033,671,0
SPY190726C300,2019-07-25,2019-07-25 09:37:37,1.21,0.8066,25,1.2,0.8,29,1.18,0.7866,6,1.205,0.8033,671,0
SPY190726C300,2019-07-25,2019-07-25 09:37:38,1.21,0.8066,39,1.2,0.8,29,1.18,0.7866,6,1.205,0.8033,671,0
SPY190726C300,2019-07-25,2019-07-25 09:37:38,1.21,0.8066,39,1.19,0.7933,145,1.18,0.7866,6,1.2,0.8,671,0
SPY190726C300,2019-07-25,2019-07-25 09:37:39,1.21,0.8066,39,1.2,0.8,23,1.18,0.7866,6,1.205,0.8033,671,0
SPY190726C300,2019-07-25,2019-07-25 09:37:40,1.2,0.8,37,1.18,0.7866,49,1.18,0.7866,6,1.19,0.7933,671,0
SPY190726C300,2019-07-25,2019-07-25 09:37:41,1.2,0.8,214,1.18,0.7866,6,1.18,0.7866,6,1.19,0.7933,671,0
SPY190726C300,2019-07-25,2019-07-25 09:37:42,1.19,0.7933,23,1.18,0.7866,83,1.18,0.7866,6,1.185,0.79,671,0
SPY190726C300,2019-07-25,2019-07-25 09:37:42,1.2,0.8,91,1.17,0.78,48,1.18,0.7866,6,1.185,0.79,671,0
SPY190726C300,2019-07-25,2019-07-25 09:37:43,1.2,0.8,39,1.18,0.7866,83,1.18,0.7866,6,1.19,0.7933,671,0
SPY190726C300,2019-07-25,2019-07-25 09:37:44,1.19,0.7933,35,1.17,0.78,70,1.18,0.7866,6,1.18,0.7866,671,0
SPY190726C300,2019-07-25,2019-07-25 09:37:44,1.2,0.8,39,1.18,0.7866,55,1.18,0.7866,6,1.19,0.7933,671,0
SPY190726C300,2019-07-25,2019-07-25 09:37:45,1.19,0.7933,59,1.17,0.78,60,1.18,0.7866,6,1.18,0.7866,671,0
SPY190726C300,2019-07-25,2019-07-25 09:37:46,1.19,0.7933,59,1.17,0.78,60,1.18,0.7866,6,1.18,0.7866,671,0
SPY190726C300,2019-07-25,2019-07-25 09:37:46,1.19,0.7933,155,1.17,0.78,60,1.18,0.7866,6,1.18,0.7866,671,0
SPY190726C300,2019-07-25,2019-07-25 09:37:47,1.18,0.7866,33,1.17,0.78,61,1.18,0.7866,6,1.175,0.7833,671,0
SPY190726C300,2019-07-25,2019-07-25 09:37:47,1.18,0.7866,26,1.17,0.78,60,1.18,0.7866,6,1.175,0.7833,671,0
SPY190726C300,2019-07-25,2019-07-25 09:37:48,1.18,0.7866,34,1.17,0.78,31,1.18,0.7866,6,1.175,0.7833,671,0
SPY190726C300,2019-07-25,2019-07-25 09:37:48,1.18,0.7866,33,1.17,0.78,30,1.18,0.7866,6,1.175,0.7833,671,0
SPY190726C300,2019-07-25,2019-07-25 09:37:49,1.18,0.7866,37,1.17,0.78,55,1.18,0.7866,6,1.175,0.7833,671,0
SPY190726C300,2019-07-25,2019-07-25 09:37:50,1.19,0.7933,155,1.17,0.78,61,1.18,0.7866,6,1.18,0.7866,671,0
SPY190726C300,2019-07-25,2019-07-25 09:37:50,1.18,0.7866,31,1.17,0.78,55,1.18,0.7866,6,1.175,0.7833,671,0
SPY190726C300,2019-07-25,2019-07-25 09:37:51,1.19,0.7933,155,1.17,0.78,61,1.18,0.7866,6,1.18,0.7866,671,0
SPY190726C300,2019-07-25,2019-07-25 09:37:52,1.19,0.7933,155,1.17,0.78,31,1.18,0.7866,6,1.18,0.7866,671,0
SPY190726C300,2019-07-25,2019-07-25 09:37:53,1.18,0.7866,25,1.17,0.78,30,1.18,0.7866,6,1.175,0.7833,671,0
SPY190726C300,2019-07-25,2019-07-25 09:37:53,1.19,0.7933,155,1.17,0.78,31,1.18,0.7866,6,1.18,0.7866,671,0
SPY190726C300,2019-07-25,2019-07-25 09:37:54,1.19,0.7933,155,1.17,0.78,31,1.18,0.7866,6,1.18,0.7866,671,0
SPY190726C300,2019-07-25,2019-07-25 09:37:55,1.19,0.7933,155,1.17,0.78,30,1.18,0.7866,6,1.18,0.7866,671,0
SPY190726C300,2019-07-25,2019-07-25 09:37:56,1.18,0.7866,82,1.17,0.78,30,1.18,0.7866,6,1.175,0.7833,671,0
SPY190726C300,2019-07-25,2019-07-25 09:37:56,1.18,0.7866,182,1.17,0.78,30,1.18,0.7866,6,1.175,0.7833,671,0
SPY190726C300,2019-07-25,2019-07-25 09:37:57,1.18,0.7866,182,1.17,0.78,30,1.17,0.78,30,1.175,0.7833,701,30
SPY190726C300,2019-07-25,2019-07-25 09:37:58,1.17,0.78,12,1.15,0.7666,29,1.17,0.78,30,1.16,0.7733,701,0
SPY190726C300,2019-07-25,2019-07-25 09:37:58,1.18,0.7866,227,1.15,0.7666,61,1.17,0.78,30,1.165,0.7766,701,0
SPY190726C300,2019-07-25,2019-07-25 09:37:59,1.16,0.7733,147,1.14,0.76,25,1.17,0.78,30,1.15,0.7666,701,0
SPY190726C300,2019-07-25,2019-07-25 09:37:59,1.17,0.78,12,1.15,0.7666,55,1.17,0.78,30,1.16,0.7733,701,0
SPY190726C300,2019-07-25,2019-07-25 09:38:00,1.16,0.7733,179,1.14,0.76,29,1.17,0.78,30,1.15,0.7666,701,0
SPY190726C300,2019-07-25,2019-07-25 09:38:01,1.16,0.7733,187,1.14,0.76,29,1.17,0.78,30,1.15,0.7666,701,0
SPY190726C300,2019-07-25,2019-07-25 09:38:01,1.15,0.7666,39,1.14,0.76,25,1.17,0.78,30,1.145,0.7633,701,0
SPY190726C300,2019-07-25,2019-07-25 09:38:02,1.15,0.7666,25,1.13,0.7533,136,1.17,0.78,30,1.14,0.76,701,0
SPY190726C300,2019-07-25,2019-07-25 09:38:02,1.15,0.7666,39,1.14,0.76,25,1.17,0.78,30,1.145,0.7633,701,0
SPY190726C300,2019-07-25,2019-07-25 09:38:03,1.15,0.7666,190,1.13,0.7533,31,1.14,0.76,1,1.14,0.76,702,1
SPY190726C300,2019-07-25,2019-07-25 09:38:04,1.14,0.76,55,1.12,0.7466,87,1.14,0.76,1,1.13,0.7533,702,0
SPY190726C300,2019-07-25,2019-07-25 09:38:04,1.15,0.7666,193,1.12,0.7466,56,1.14,0.76,1,1.135,0.7566,702,0
SPY190726C300,2019-07-25,2019-07-25 09:38:05,1.14,0.76,89,1.12,0.7466,87,1.14,0.76,1,1.13,0.7533,702,0
SPY190726C300,2019-07-25,2019-07-25 09:38:06,1.14,0.76,89,1.12,0.7466,87,1.14,0.76,1,1.13,0.7533,702,0
SPY190726C300,2019-07-25,2019-07-25 09:38:07,1.14,0.76,89,1.12,0.7466,87,1.14,0.76,1,1.13,0.7533,702,0
SPY190726C300,2019-07-25,2019-07-25 09:38:08,1.14,0.76,75,1.13,0.7533,25,1.14,0.76,1,1.135,0.7566,702,0
SPY190726C300,2019-07-25,2019-07-25 09:38:08,1.14,0.76,75,1.12,0.7466,87,1.14,0.76,1,1.13,0.7533,702,0
SPY190726C300,2019-07-25,2019-07-25 09:38:09,1.14,0.76,89,1.12,0.7466,87,1.14,0.76,1,1.13,0.7533,702,0
SPY190726C300,2019-07-25,2019-07-25 09:38:09,1.14,0.76,109,1.12,0.7466,57,1.14,0.76,1,1.13,0.7533,702,0
SPY190726C300,2019-07-25,2019-07-25 09:38:10,1.13,0.7533,187,1.1,0.7333,35,1.13,0.7533,2,1.115,0.7433,704,2
SPY190726C300,2019-07-25,2019-07-25 09:38:11,1.12,0.7466,187,1.1,0.7333,1,1.13,0.7533,2,1.11,0.74,704,0
SPY190726C300,2019-07-25,2019-07-25 09:38:12,1.12,0.7466,252,1.1,0.7333,25,1.13,0.7533,2,1.11,0.74,704,0
SPY190726C300,2019-07-25,2019-07-25 09:38:12,1.11,0.74,70,1.1,0.7333,1,1.13,0.7533,2,1.105,0.7366,704,0
SPY190726C300,2019-07-25,2019-07-25 09:38:13,1.11,0.74,46,1.1,0.7333,1,1.13,0.7533,2,1.105,0.7366,704,0
SPY190726C300,2019-07-25,2019-07-25 09:38:13,1.11,0.74,69,1.1,0.7333,1,1.13,0.7533,2,1.105,0.7366,704,0
SPY190726C300,2019-07-25,2019-07-25 09:38:14,1.12,0.7466,130,1.1,0.7333,1,1.1,0.7333,1,1.11,0.74,705,1
SPY190726C300,2019-07-25,2019-07-25 09:38:15,1.1,0.7333,27,1.09,0.7266,49,1.1,0.7333,1,1.095,0.73,705,0
SPY190726C300,2019-07-25,2019-07-25 09:38:16,1.11,0.74,67,1.09,0.7266,44,1.09,0.7266,3,1.1,0.7333,708,3
SPY190726C300,2019-07-25,2019-07-25 09:38:17,1.11,0.74,125,1.1,0.7333,25,1.09,0.7266,3,1.105,0.7366,708,0
SPY190726C300,2019-07-25,2019-07-25 09:38:18,1.11,0.74,125,1.09,0.7266,95,1.11,0.74,2,1.1,0.7333,710,2
SPY190726C300,2019-07-25,2019-07-25 09:38:19,1.1,0.7333,213,1.08,0.72,57,1.11,0.74,2,1.09,0.7266,710,0
SPY190726C300,2019-07-25,2019-07-25 09:38:19,1.11,0.74,115,1.09,0.7266,95,1.11,0.74,2,1.1,0.7333,710,0
SPY190726C300,2019-07-25,2019-07-25 09:38:20,1.1,0.7333,213,1.08,0.72,83,1.11,0.74,2,1.09,0.7266,710,0
SPY190726C300,2019-07-25,2019-07-25 09:38:21,1.1,0.7333,170,1.08,0.72,57,1.11,0.74,2,1.09,0.7266,710,0
SPY190726C300,2019-07-25,2019-07-25 09:38:22,1.1,0.7333,254,1.08,0.72,41,1.11,0.74,2,1.09,0.7266,710,0
SPY190726C300,2019-07-25,2019-07-25 09:38:23,1.13,0.7533,153,1.1,0.7333,202,1.11,0.74,10,1.115,0.7433,722,12
SPY190726C300,2019-07-25,2019-07-25 09:38:23,1.11,0.74,2,1.09,0.7266,54,1.11,0.74,2,1.1,0.7333,710,0
SPY190726C300,2019-07-25,2019-07-25 09:38:24,1.13,0.7533,25,1.11,0.74,73,1.11,0.74,10,1.12,0.7466,722,0
SPY190726C300,2019-07-25,2019-07-25 09:38:25,1.14,0.76,201,1.11,0.74,61,1.11,0.74,10,1.125,0.75,722,0
SPY190726C300,2019-07-25,2019-07-25 09:38:25,1.14,0.76,35,1.12,0.7466,77,1.11,0.74,10,1.13,0.7533,722,0
SPY190726C300,2019-07-25,2019-07-25 09:38:26,1.13,0.7533,89,1.11,0.74,71,1.11,0.74,10,1.12,0.7466,722,0
SPY190726C300,2019-07-25,2019-07-25 09:38:27,1.15,0.7666,254,1.12,0.7466,37,1.11,0.74,10,1.135,0.7566,722,0
SPY190726C300,2019-07-25,2019-07-25 09:38:28,1.15,0.7666,242,1.13,0.7533,39,1.11,0.74,10,1.14,0.76,722,0
SPY190726C300,2019-07-25,2019-07-25 09:38:28,1.15,0.7666,254,1.13,0.7533,29,1.11,0.74,10,1.14,0.76,722,0
SPY190726C300,2019-07-25,2019-07-25 09:38:29,1.15,0.7666,3,1.14,0.76,25,1.15,0.7666,3,1.145,0.7633,725,3
SPY190726C300,2019-07-25,2019-07-25 09:38:30,1.17,0.78,25,1.15,0.7666,105,1.15,0.7666,3,1.16,0.7733,725,0
SPY190726C300,2019-07-25,2019-07-25 09:38:30,1.17,0.78,25,1.16,0.7733,71,1.15,0.7666,3,1.165,0.7766,725,0
SPY190726C300,2019-07-25,2019-07-25 09:38:31,1.21,0.8066,241,1.17,0.78,61,1.17,0.78,25,1.19,0.7933,750,25
SPY190726C300,2019-07-25,2019-07-25 09:38:32,1.21,0.8066,141,1.18,0.7866,61,1.17,0.78,25,1.195,0.7966,750,0
SPY190726C300,2019-07-25,2019-07-25 09:38:32,1.21,0.8066,145,1.19,0.7933,25,1.17,0.78,25,1.2,0.8,750,0
SPY190726C300,2019-07-25,2019-07-25 09:38:33,1.22,0.8133,94,1.18,0.7866,54,1.17,0.78,25,1.2,0.8,750,0
SPY190726C300,2019-07-25,2019-07-25 09:38:33,1.22,0.8133,30,1.19,0.7933,154,1.17,0.78,25,1.205,0.8033,750,0
SPY190726C300,2019-07-25,2019-07-25 09:38:34,1.21,0.8066,140,1.19,0.7933,25,1.17,0.78,25,1.2,0.8,750,0
SPY190726C300,2019-07-25,2019-07-25 09:38:35,1.21,0.8066,186,1.19,0.7933,65,1.17,0.78,25,1.2,0.8,750,0
SPY190726C300,2019-07-25,2019-07-25 09:38:36,1.2,0.8,25,1.18,0.7866,49,1.17,0.78,25,1.19,0.7933,750,0
SPY190726C300,2019-07-25,2019-07-25 09:38:36,1.21,0.8066,141,1.18,0.7866,49,1.17,0.78,25,1.195,0.7966,750,0
SPY190726C300,2019-07-25,2019-07-25 09:38:37,1.21,0.8066,178,1.18,0.7866,49,1.17,0.78,25,1.195,0.7966,750,0
SPY190726C300,2019-07-25,2019-07-25 09:38:38,1.2,0.8,66,1.18,0.7866,49,1.17,0.78,25,1.19,0.7933,750,0
SPY190726C300,2019-07-25,2019-07-25 09:38:39,1.22,0.8133,239,1.19,0.7933,60,1.17,0.78,25,1.205,0.8033,750,0
SPY190726C300,2019-07-25,2019-07-25 09:38:39,1.22,0.8133,239,1.2,0.8,37,1.21,0.8066,1,1.21,0.8066,801,51
SPY190726C300,2019-07-25,2019-07-25 09:38:40,1.22,0.8133,127,1.2,0.8,26,1.21,0.8066,1,1.21,0.8066,801,0
SPY190726C300,2019-07-25,2019-07-25 09:38:40,1.22,0.8133,145,1.2,0.8,28,1.21,0.8066,1,1.21,0.8066,801,0
SPY190726C300,2019-07-25,2019-07-25 09:38:41,1.22,0.8133,145,1.2,0.8,35,1.21,0.8066,1,1.21,0.8066,801,0
SPY190726C300,2019-07-25,2019-07-25 09:38:42,1.25,0.8333,6,1.23,0.82,16,1.21,0.8066,1,1.24,0.8266,801,0
SPY190726C300,2019-07-25,2019-07-25 09:38:42,1.24,0.8266,139,1.21,0.8066,100,1.21,0.8066,1,1.225,0.8166,801,0
SPY190726C300,2019-07-25,2019-07-25 09:38:43,1.27,0.8466,185,1.24,0.8266,50,1.21,0.8066,1,1.255,0.8366,801,0
SPY190726C300,2019-07-25,2019-07-25 09:38:44,1.23,0.82,5,1.21,0.8066,6,1.21,0.8066,1,1.22,0.8133,801,0
SPY190726C300,2019-07-25,2019-07-25 09:38:44,1.23,0.82,132,1.2,0.8,19,1.21,0.8066,3,1.215,0.81,804,3
SPY190726C300,2019-07-25,2019-07-25 09:38:45,1.23,0.82,227,1.21,0.8066,25,1.21,0.8066,3,1.22,0.8133,804,0
SPY190726C300,2019-07-25,2019-07-25 09:38:46,1.22,0.8133,70,1.2,0.8,42,1.21,0.8066,3,1.21,0.8066,804,0
SPY190726C300,2019-07-25,2019-07-25 09:38:46,1.23,0.82,227,1.21,0.8066,25,1.21,0.8066,3,1.22,0.8133,804,0
SPY190726C300,2019-07-25,2019-07-25 09:38:47,1.2,0.8,30,1.19,0.7933,25,1.21,0.8066,3,1.195,0.7966,804,0
SPY190726C300,2019-07-25,2019-07-25 09:38:48,1.2,0.8,25,1.19,0.7933,25,1.21,0.8066,3,1.195,0.7966,804,0
SPY190726C300,2019-07-25,2019-07-25 09:38:48,1.2,0.8,55,1.19,0.7933,31,1.2,0.8,5,1.195,0.7966,809,5
SPY190726C300,2019-07-25,2019-07-25 09:38:49,1.19,0.7933,80,1.17,0.78,35,1.19,0.7933,25,1.18,0.7866,834,25
SPY190726C300,2019-07-25,2019-07-25 09:38:50,1.18,0.7866,25,1.17,0.78,29,1.19,0.7933,25,1.175,0.7833,834,0
SPY190726C300,2019-07-25,2019-07-25 09:38:50,1.18,0.7866,226,1.16,0.7733,29,1.19,0.7933,25,1.17,0.78,834,0
SPY190726C300,2019-07-25,2019-07-25 09:38:51,1.18,0.7866,116,1.16,0.7733,31,1.19,0.7933,25,1.17,0.78,834,0
SPY190726C300,2019-07-25,2019-07-25 09:38:52,1.18,0.7866,116,1.16,0.7733,31,1.19,0.7933,25,1.17,0.78,834,0
SPY190726C300,2019-07-25,2019-07-25 09:38:53,1.17,0.78,25,1.15,0.7666,62,1.19,0.7933,25,1.16,0.7733,834,0
SPY190726C300,2019-07-25,2019-07-25 09:38:53,1.17,0.78,53,1.13,0.7533,26,1.19,0.7933,25,1.15,0.7666,834,0
SPY190726C300,2019-07-25,2019-07-25 09:38:54,1.16,0.7733,129,1.13,0.7533,82,1.19,0.7933,25,1.145,0.7633,834,0
SPY190726C300,2019-07-25,2019-07-25 09:38:54,1.16,0.7733,59,1.15,0.7666,22,1.19,0.7933,25,1.155,0.77,834,0
SPY190726C300,2019-07-25,2019-07-25 09:38:55,1.17,0.78,25,1.15,0.7666,52,1.19,0.7933,25,1.16,0.7733,834,0
SPY190726C300,2019-07-25,2019-07-25 09:38:56,1.19,0.7933,59,1.17,0.78,59,1.19,0.7933,25,1.18,0.7866,834,0
SPY190726C300,2019-07-25,2019-07-25 09:38:56,1.19,0.7933,111,1.17,0.78,23,1.19,0.7933,25,1.18,0.7866,834,0
SPY190726C300,2019-07-25,2019-07-25 09:38:57,1.18,0.7866,100,1.17,0.78,41,1.19,0.7933,25,1.175,0.7833,834,0
SPY190726C300,2019-07-25,2019-07-25 09:38:58,1.16,0.7733,31,1.14,0.76,25,1.19,0.7933,25,1.15,0.7666,834,0
SPY190726C300,2019-07-25,2019-07-25 09:38:58,1.16,0.7733,6,1.13,0.7533,67,1.19,0.7933,25,1.145,0.7633,834,0
SPY190726C300,2019-07-25,2019-07-25 09:38:59,1.15,0.7666,130,1.12,0.7466,25,1.19,0.7933,25,1.135,0.7566,834,0
SPY190726C300,2019-07-25,2019-07-25 09:39:00,1.14,0.76,47,1.12,0.7466,29,1.19,0.7933,25,1.13,0.7533,834,0
SPY190726C300,2019-07-25,2019-07-25 09:39:00,1.15,0.7666,61,1.12,0.7466,94,1.19,0.7933,25,1.135,0.7566,834,0
SPY190726C300,2019-07-25,2019-07-25 09:39:01,1.16,0.7733,27,1.13,0.7533,121,1.19,0.7933,25,1.145,0.7633,834,0
SPY190726C300,2019-07-25,2019-07-25 09:39:02,1.14,0.76,24,1.13,0.7533,29,1.13,0.7533,1,1.135,0.7566,835,1
SPY190726C300,2019-07-25,2019-07-25 09:39:03,1.18,0.7866,86,1.16,0.7733,25,1.13,0.7533,1,1.17,0.78,835,0
SPY190726C300,2019-07-25,2019-07-25 09:39:03,1.17,0.78,125,1.15,0.7666,61,1.13,0.7533,1,1.16,0.7733,835,0
SPY190726C300,2019-07-25,2019-07-25 09:39:04,1.19,0.7933,179,1.17,0.78,13,1.13,0.7533,1,1.18,0.7866,835,0
SPY190726C300,2019-07-25,2019-07-25 09:39:05,1.2,0.8,163,1.18,0.7866,24,1.13,0.7533,1,1.19,0.7933,835,0
SPY190726C300,2019-07-25,2019-07-25 09:39:06,1.19,0.7933,77,1.17,0.78,24,1.13,0.7533,1,1.18,0.7866,835,0
SPY190726C300,2019-07-25,2019-07-25 09:39:06,1.18,0.7866,25,1.17,0.78,24,1.13,0.7533,1,1.175,0.7833,835,0
SPY190726C300,2019-07-25,2019-07-25 09:39:07,1.18,0.7866,227,1.16,0.7733,2,1.13,0.7533,1,1.17,0.78,835,0
SPY190726C300,2019-07-25,2019-07-25 09:39:07,1.18,0.7866,49,1.17,0.78,2,1.13,0.7533,1,1.175,0.7833,835,0
SPY190726C300,2019-07-25,2019-07-25 09:39:08,1.19,0.7933,166,1.17,0.78,25,1.13,0.7533,1,1.18,0.7866,835,0
SPY190726C300,2019-07-25,2019-07-25 09:39:08,1.19,0.7933,136,1.18,0.7866,25,1.13,0.7533,1,1.185,0.79,835,0
SPY190726C300,2019-07-25,2019-07-25 09:39:09,1.2,0.8,69,1.18,0.7866,25,1.13,0.7533,1,1.19,0.7933,835,0
SPY190726C300,2019-07-25,2019-07-25 09:39:10,1.2,0.8,39,1.19,0.7933,25,1.13,0.7533,1,1.195,0.7966,835,0
SPY190726C300,2019-07-25,2019-07-25 09:39:10,1.21,0.8066,82,1.19,0.7933,25,1.13,0.7533,1,1.2,0.8,835,0
SPY190726C300,2019-07-25,2019-07-25 09:39:11,1.2,0.8,140,1.17,0.78,25,1.13,0.7533,1,1.185,0.79,835,0
SPY190726C300,2019-07-25,2019-07-25 09:39:12,1.19,0.7933,36,1.17,0.78,41,1.13,0.7533,1,1.18,0.7866,835,0
SPY190726C300,2019-07-25,2019-07-25 09:39:12,1.2,0.8,129,1.17,0.78,141,1.13,0.7533,1,1.185,0.79,835,0
SPY190726C300,2019-07-25,2019-07-25 09:39:13,1.19,0.7933,104,1.17,0.78,25,1.13,0.7533,1,1.18,0.7866,835,0
SPY190726C300,2019-07-25,2019-07-25 09:39:13,1.2,0.8,216,1.18,0.7866,25,1.13,0.7533,1,1.19,0.7933,835,0
SPY190726C300,2019-07-25,2019-07-25 09:39:14,1.21,0.8066,141,1.18,0.7866,36,1.13,0.7533,1,1.195,0.7966,835,0
SPY190726C300,2019-07-25,2019-07-25 09:39:15,1.21,0.8066,141,1.19,0.7933,29,1.13,0.7533,1,1.2,0.8,835,0
SPY190726C300,2019-07-25,2019-07-25 09:39:16,1.2,0.8,72,1.19,0.7933,25,1.13,0.7533,1,1.195,0.7966,835,0
SPY190726C300,2019-07-25,2019-07-25 09:39:16,1.21,0.8066,113,1.18,0.7866,56,1.13,0.7533,1,1.195,0.7966,835,0
SPY190726C300,2019-07-25,2019-07-25 09:39:17,1.2,0.8,72,1.19,0.7933,10,1.13,0.7533,1,1.195,0.7966,835,0
SPY190726C300,2019-07-25,2019-07-25 09:39:18,1.21,0.8066,135,1.19,0.7933,25,1.13,0.7533,1,1.2,0.8,835,0
SPY190726C300,2019-07-25,2019-07-25 09:39:18,1.2,0.8,31,1.19,0.7933,10,1.13,0.7533,1,1.195,0.7966,835,0
SPY190726C300,2019-07-25,2019-07-25 09:39:19,1.2,0.8,15,1.19,0.7933,25,1.13,0.7533,1,1.195,0.7966,835,0
SPY190726C300,2019-07-25,2019-07-25 09:39:20,1.22,0.8133,59,1.2,0.8,41,1.2,0.8,15,1.21,0.8066,850,15
SPY190726C300,2019-07-25,2019-07-25 09:39:20,1.22,0.8133,59,1.2,0.8,41,1.2,0.8,15,1.21,0.8066,850,0
SPY190726C300,2019-07-25,2019-07-25 09:39:21,1.2,0.8,23,1.19,0.7933,25,1.2,0.8,15,1.195,0.7966,850,0
SPY190726C300,2019-07-25,2019-07-25 09:39:21,1.22,0.8133,106,1.2,0.8,65,1.2,0.8,15,1.21,0.8066,850,0
SPY190726C300,2019-07-25,2019-07-25 09:39:22,1.21,0.8066,72,1.19,0.7933,25,1.2,0.8,15,1.2,0.8,850,0
SPY190726C300,2019-07-25,2019-07-25 09:39:23,1.21,0.8066,25,1.19,0.7933,55,1.2,0.8,15,1.2,0.8,850,0
SPY190726C300,2019-07-25,2019-07-25 09:39:24,1.2,0.8,25,1.19,0.7933,31,1.2,0.8,15,1.195,0.7966,850,0
SPY190726C300,2019-07-25,2019-07-25 09:39:24,1.2,0.8,13,1.19,0.7933,25,1.2,0.8,15,1.195,0.7966,850,0
SPY190726C300,2019-07-25,2019-07-25 09:39:25,1.2,0.8,31,1.19,0.7933,28,1.2,0.8,15,1.195,0.7966,850,0
SPY190726C300,2019-07-25,2019-07-25 09:39:25,1.2,0.8,29,1.19,0.7933,31,1.2,0.8,15,1.195,0.7966,850,0
SPY190726C300,2019-07-25,2019-07-25 09:39:26,1.2,0.8,77,1.19,0.7933,10,1.2,0.8,15,1.195,0.7966,850,0
SPY190726C300,2019-07-25,2019-07-25 09:39:26,1.21,0.8066,25,1.19,0.7933,10,1.2,0.8,15,1.2,0.8,850,0
SPY190726C300,2019-07-25,2019-07-25 09:39:27,1.23,0.82,199,1.2,0.8,34,1.2,0.8,15,1.215,0.81,850,0
SPY190726C300,2019-07-25,2019-07-25 09:39:28,1.22,0.8133,94,1.2,0.8,25,1.2,0.8,15,1.21,0.8066,850,0
SPY190726C300,2019-07-25,2019-07-25 09:39:28,1.22,0.8133,88,1.2,0.8,25,1.2,0.8,15,1.21,0.8066,850,0
SPY190726C300,2019-07-25,2019-07-25 09:39:29,1.21,0.8066,36,1.19,0.7933,29,1.2,0.8,15,1.2,0.8,850,0
SPY190726C300,2019-07-25,2019-07-25 09:39:29,1.21,0.8066,88,1.19,0.7933,10,1.2,0.8,15,1.2,0.8,850,0
SPY190726C300,2019-07-25,2019-07-25 09:39:30,1.21,0.8066,73,1.19,0.7933,25,1.2,0.8,15,1.2,0.8,850,0
SPY190726C300,2019-07-25,2019-07-25 09:39:31,1.21,0.8066,116,1.19,0.7933,25,1.2,0.8,15,1.2,0.8,850,0
SPY190726C300,2019-07-25,2019-07-25 09:39:31,1.21,0.8066,68,1.19,0.7933,25,1.2,0.8,15,1.2,0.8,850,0
SPY190726C300,2019-07-25,2019-07-25 09:39:32,1.2,0.8,35,1.19,0.7933,10,1.2,0.8,15,1.195,0.7966,850,0
SPY190726C300,2019-07-25,2019-07-25 09:39:32,1.2,0.8,69,1.19,0.7933,10,1.2,0.8,15,1.195,0.7966,850,0
SPY190726C300,2019-07-25,2019-07-25 09:39:33,1.2,0.8,39,1.19,0.7933,10,1.2,0.8,15,1.195,0.7966,850,0
SPY190726C300,2019-07-25,2019-07-25 09:39:34,1.2,0.8,39,1.19,0.7933,10,1.19,0.7933,10,1.195,0.7966,860,10
SPY190726C300,2019-07-25,2019-07-25 09:39:34,1.2,0.8,97,1.19,0.7933,31,1.19,0.7933,10,1.195,0.7966,870,10
SPY190726C300,2019-07-25,2019-07-25 09:39:35,1.2,0.8,95,1.18,0.7866,29,1.19,0.7933,10,1.19,0.7933,870,0
SPY190726C300,2019-07-25,2019-07-25 09:39:35,1.2,0.8,41,1.18,0.7866,53,1.19,0.7933,10,1.19,0.7933,870,0
SPY190726C300,2019-07-25,2019-07-25 09:39:36,1.2,0.8,196,1.17,0.78,55,1.19,0.7933,10,1.185,0.79,870,0
SPY190726C300,2019-07-25,2019-07-25 09:39:37,1.2,0.8,241,1.17,0.78,47,1.19,0.7933,10,1.185,0.79,870,0
SPY190726C300,2019-07-25,2019-07-25 09:39:37,1.2,0.8,141,1.18,0.7866,34,1.19,0.7933,10,1.19,0.7933,870,0
SPY190726C300,2019-07-25,2019-07-25 09:39:38,1.18,0.7866,78,1.16,0.7733,93,1.19,0.7933,10,1.17,0.78,870,0
SPY190726C300,2019-07-25,2019-07-25 09:39:38,1.2,0.8,241,1.17,0.78,25,1.19,0.7933,10,1.185,0.79,870,0
SPY190726C300,2019-07-25,2019-07-25 09:39:39,1.18,0.7866,82,1.16,0.7733,43,1.19,0.7933,10,1.17,0.78,870,0
SPY190726C300,2019-07-25,2019-07-25 09:39:40,1.18,0.7866,25,1.16,0.7733,61,1.19,0.7933,10,1.17,0.78,870,0
SPY190726C300,2019-07-25,2019-07-25 09:39:40,1.19,0.7933,241,1.16,0.7733,25,1.19,0.7933,10,1.175,0.7833,870,0
SPY190726C300,2019-07-25,2019-07-25 09:39:41,1.17,0.78,25,1.15,0.7666,10,1.19,0.7933,10,1.16,0.7733,870,0
SPY190726C300,2019-07-25,2019-07-25 09:39:42,1.16,0.7733,69,1.15,0.7666,10,1.19,0.7933,10,1.155,0.77,870,0
SPY190726C300,2019-07-25,2019-07-25 09:39:42,1.15,0.7666,105,1.15,0.7666,10,1.15,0.7666,10,1.15,0.7666,880,10
SPY190726C300,2019-07-25,2019-07-25 09:39:43,1.14,0.76,181,1.11,0.74,55,1.15,0.7666,10,1.125,0.75,880,0
SPY190726C300,2019-07-25,2019-07-25 09:39:44,1.12,0.7466,25,1.11,0.74,55,1.15,0.7666,10,1.115,0.7433,880,0
SPY190726C300,2019-07-25,2019-07-25 09:39:44,1.13,0.7533,49,1.11,0.74,31,1.12,0.7466,1,1.12,0.7466,881,1
SPY190726C300,2019-07-25,2019-07-25 09:39:45,1.13,0.7533,71,1.11,0.74,25,1.12,0.7466,1,1.12,0.7466,881,0
SPY190726C300,2019-07-25,2019-07-25 09:39:46,1.13,0.7533,71,1.11,0.74,25,1.12,0.7466,1,1.12,0.7466,881,0
SPY190726C300,2019-07-25,2019-07-25 09:39:46,1.13,0.7533,71,1.11,0.74,38,1.12,0.7466,1,1.12,0.7466,881,0
SPY190726C300,2019-07-25,2019-07-25 09:39:47,1.16,0.7733,161,1.12,0.7466,128,1.12,0.7466,1,1.14,0.76,882,0
SPY190726C300,2019-07-25,2019-07-25 09:39:47,1.12,0.7466,1,1.11,0.74,181,1.12,0.7466,1,1.115,0.7433,882,1
SPY190726C300,2019-07-25,2019-07-25 09:39:48,1.14,0.76,41,1.12,0.7466,100,1.12,0.7466,1,1.13,0.7533,882,0
SPY190726C300,2019-07-25,2019-07-25 09:39:49,1.15,0.7666,86,1.12,0.7466,112,1.12,0.7466,1,1.135,0.7566,882,0
SPY190726C300,2019-07-25,2019-07-25 09:39:49,1.14,0.76,55,1.12,0.7466,135,1.12,0.7466,1,1.13,0.7533,882,0
SPY190726C300,2019-07-25,2019-07-25 09:39:50,1.16,0.7733,131,1.13,0.7533,123,1.12,0.7466,1,1.145,0.7633,882,0
SPY190726C300,2019-07-25,2019-07-25 09:39:51,1.16,0.7733,131,1.14,0.76,31,1.12,0.7466,1,1.15,0.7666,882,0
SPY190726C300,2019-07-25,2019-07-25 09:39:51,1.17,0.78,25,1.15,0.7666,130,1.12,0.7466,1,1.16,0.7733,882,0
SPY190726C300,2019-07-25,2019-07-25 09:39:52,1.17,0.78,53,1.16,0.7733,12,1.12,0.7466,1,1.165,0.7766,882,0
SPY190726C300,2019-07-25,2019-07-25 09:39:53,1.17,0.78,207,1.14,0.76,52,1.12,0.7466,1,1.155,0.77,882,0
SPY190726C300,2019-07-25,2019-07-25 09:39:54,1.16,0.7733,105,1.14,0.76,31,1.12,0.7466,1,1.15,0.7666,882,0
SPY190726C300,2019-07-25,2019-07-25 09:39:54,1.16,0.7733,99,1.14,0.76,84,1.12,0.7466,1,1.15,0.7666,882,0
SPY190726C300,2019-07-25,2019-07-25 09:39:55,1.15,0.7666,1,1.14,0.76,35,1.15,0.7666,1,1.145,0.7633,883,1
SPY190726C300,2019-07-25,2019-07-25 09:39:56,1.16,0.7733,127,1.14,0.76,6,1.15,0.7666,1,1.15,0.7666,883,0
SPY190726C300,2019-07-25,2019-07-25 09:39:56,1.16,0.7733,92,1.14,0.76,71,1.15,0.7666,1,1.15,0.7666,883,0
SPY190726C300,2019-07-25,2019-07-25 09:39:57,1.14,0.76,125,1.12,0.7466,36,1.15,0.7666,1,1.13,0.7533,883,0
SPY190726C300,2019-07-25,2019-07-25 09:39:57,1.16,0.7733,35,1.14,0.76,91,1.15,0.7666,1,1.15,0.7666,883,0
SPY190726C300,2019-07-25,2019-07-25 09:39:58,1.13,0.7533,78,1.11,0.74,35,1.13,0.7533,6,1.12,0.7466,889,6
SPY190726C300,2019-07-25,2019-07-25 09:39:59,1.13,0.7533,25,1.11,0.74,126,1.13,0.7533,6,1.12,0.7466,889,0
SPY190726C300,2019-07-25,2019-07-25 09:40:01,1.12,0.7466,190,1.11,0.74,10,1.13,0.7533,6,1.115,0.7433,889,0
SPY190726C300,2019-07-25,2019-07-25 09:40:02,1.12,0.7466,5,1.11,0.74,10,1.13,0.7533,6,1.115,0.7433,889,0
SPY190726C300,2019-07-25,2019-07-25 09:40:03,1.11,0.74,1,1.1,0.7333,1,1.11,0.74,10,1.105,0.7366,899,10
SPY190726C300,2019-07-25,2019-07-25 09:40:03,1.13,0.7533,235,1.11,0.74,10,1.13,0.7533,6,1.12,0.7466,889,0
SPY190726C300,2019-07-25,2019-07-25 09:40:04,1.13,0.7533,25,1.11,0.74,386,1.11,0.74,10,1.12,0.7466,899,0
SPY190726C300,2019-07-25,2019-07-25 09:40:05,1.17,0.78,60,1.13,0.7533,404,1.11,0.74,10,1.15,0.7666,899,0
SPY190726C300,2019-07-25,2019-07-25 09:40:06,1.17,0.78,209,1.14,0.76,518,1.15,0.7666,1,1.155,0.77,902,3
SPY190726C300,2019-07-25,2019-07-25 09:40:07,1.17,0.78,109,1.15,0.7666,84,1.15,0.7666,1,1.16,0.7733,902,0
SPY190726C300,2019-07-25,2019-07-25 09:40:08,1.17,0.78,13,1.16,0.7733,33,1.15,0.7666,1,1.165,0.7766,902,0
SPY190726C300,2019-07-25,2019-07-25 09:40:08,1.18,0.7866,25,1.16,0.7733,99,1.15,0.7666,1,1.17,0.78,902,0
SPY190726C300,2019-07-25,2019-07-25 09:40:09,1.19,0.7933,75,1.18,0.7866,25,1.15,0.7666,1,1.185,0.79,902,0
SPY190726C300,2019-07-25,2019-07-25 09:40:10,1.2,0.8,141,1.18,0.7866,25,1.15,0.7666,1,1.19,0.7933,902,0
SPY190726C300,2019-07-25,2019-07-25 09:40:10,1.19,0.7933,61,1.18,0.7866,25,1.15,0.7666,1,1.185,0.79,902,0
SPY190726C300,2019-07-25,2019-07-25 09:40:11,1.19,0.7933,155,1.17,0.78,52,1.15,0.7666,1,1.18,0.7866,902,0
SPY190726C300,2019-07-25,2019-07-25 09:40:11,1.21,0.8066,141,1.18,0.7866,132,1.17,0.78,1,1.195,0.7966,903,1
SPY190726C300,2019-07-25,2019-07-25 09:40:12,1.2,0.8,46,1.18,0.7866,35,1.17,0.78,1,1.19,0.7933,903,0
SPY190726C300,2019-07-25,2019-07-25 09:40:13,1.19,0.7933,100,1.17,0.78,25,1.17,0.78,1,1.18,0.7866,903,0
SPY190726C300,2019-07-25,2019-07-25 09:40:13,1.2,0.8,160,1.18,0.7866,39,1.17,0.78,1,1.19,0.7933,903,0
SPY190726C300,2019-07-25,2019-07-25 09:40:14,1.19,0.7933,76,1.17,0.78,50,1.17,0.78,1,1.18,0.7866,903,0
SPY190726C300,2019-07-25,2019-07-25 09:40:15,1.19,0.7933,197,1.17,0.78,29,1.17,0.78,1,1.18,0.7866,903,0
SPY190726C300,2019-07-25,2019-07-25 09:40:15,1.19,0.7933,202,1.17,0.78,35,1.17,0.78,1,1.18,0.7866,903,0
SPY190726C300,2019-07-25,2019-07-25 09:40:16,1.18,0.7866,30,1.17,0.78,29,1.17,0.78,1,1.175,0.7833,903,0
SPY190726C300,2019-07-25,2019-07-25 09:40:16,1.17,0.78,25,1.16,0.7733,25,1.17,0.78,1,1.165,0.7766,903,0
SPY190726C300,2019-07-25,2019-07-25 09:40:17,1.19,0.7933,136,1.17,0.78,25,1.17,0.78,1,1.18,0.7866,903,0
SPY190726C300,2019-07-25,2019-07-25 09:40:18,1.2,0.8,30,1.18,0.7866,30,1.17,0.78,1,1.19,0.7933,903,0
SPY190726C300,2019-07-25,2019-07-25 09:40:19,1.2,0.8,135,1.18,0.7866,82,1.17,0.78,1,1.19,0.7933,903,0
SPY190726C300,2019-07-25,2019-07-25 09:40:20,1.21,0.8066,105,1.2,0.8,25,1.17,0.78,1,1.205,0.8033,903,0
SPY190726C300,2019-07-25,2019-07-25 09:40:21,1.2,0.8,47,1.18,0.7866,55,1.17,0.78,1,1.19,0.7933,903,0
SPY190726C300,2019-07-25,2019-07-25 09:40:21,1.22,0.8133,155,1.2,0.8,31,1.17,0.78,1,1.21,0.8066,903,0
SPY190726C300,2019-07-25,2019-07-25 09:40:22,1.21,0.8066,61,1.19,0.7933,25,1.17,0.78,1,1.2,0.8,903,0
SPY190726C300,2019-07-25,2019-07-25 09:40:23,1.2,0.8,25,1.19,0.7933,25,1.17,0.78,1,1.195,0.7966,903,0
SPY190726C300,2019-07-25,2019-07-25 09:40:23,1.2,0.8,55,1.18,0.7866,146,1.17,0.78,1,1.19,0.7933,903,0
SPY190726C300,2019-07-25,2019-07-25 09:40:24,1.22,0.8133,59,1.19,0.7933,49,1.19,0.7933,2,1.205,0.8033,905,2
SPY190726C300,2019-07-25,2019-07-25 09:40:24,1.21,0.8066,208,1.19,0.7933,31,1.19,0.7933,2,1.2,0.8,905,0
SPY190726C300,2019-07-25,2019-07-25 09:40:25,1.21,0.8066,208,1.19,0.7933,31,1.19,0.7933,2,1.2,0.8,905,0
SPY190726C300,2019-07-25,2019-07-25 09:40:26,1.21,0.8066,142,1.18,0.7866,141,1.19,0.7933,2,1.195,0.7966,905,0
SPY190726C300,2019-07-25,2019-07-25 09:40:26,1.21,0.8066,203,1.18,0.7866,141,1.19,0.7933,2,1.195,0.7966,905,0
SPY190726C300,2019-07-25,2019-07-25 09:40:27,1.21,0.8066,208,1.18,0.7866,105,1.19,0.7933,2,1.195,0.7966,905,0
SPY190726C300,2019-07-25,2019-07-25 09:40:28,1.23,0.82,136,1.21,0.8066,31,1.19,0.7933,2,1.22,0.8133,905,0
SPY190726C300,2019-07-25,2019-07-25 09:40:29,1.23,0.82,183,1.21,0.8066,29,1.23,0.82,2,1.22,0.8133,908,3
SPY190726C300,2019-07-25,2019-07-25 09:40:30,1.23,0.82,134,1.2,0.8,66,1.23,0.82,2,1.215,0.81,908,0
SPY190726C300,2019-07-25,2019-07-25 09:40:31,1.23,0.82,65,1.21,0.8066,31,1.23,0.82,2,1.22,0.8133,908,0
SPY190726C300,2019-07-25,2019-07-25 09:40:32,1.23,0.82,48,1.21,0.8066,67,1.23,0.82,2,1.22,0.8133,908,0
SPY190726C300,2019-07-25,2019-07-25 09:40:32,1.24,0.8266,234,1.21,0.8066,104,1.23,0.82,2,1.225,0.8166,908,0
SPY190726C300,2019-07-25,2019-07-25 09:40:33,1.24,0.8266,234,1.22,0.8133,31,1.23,0.82,2,1.23,0.82,908,0
SPY190726C300,2019-07-25,2019-07-25 09:40:34,1.24,0.8266,26,1.22,0.8133,31,1.23,0.82,2,1.23,0.82,908,0
SPY190726C300,2019-07-25,2019-07-25 09:40:34,1.24,0.8266,1,1.23,0.82,81,1.24,0.8266,1,1.235,0.8233,909,1
SPY190726C300,2019-07-25,2019-07-25 09:40:35,1.25,0.8333,61,1.23,0.82,81,1.24,0.8266,1,1.24,0.8266,909,0
SPY190726C300,2019-07-25,2019-07-25 09:40:36,1.25,0.8333,89,1.23,0.82,70,1.24,0.8266,1,1.24,0.8266,909,0
SPY190726C300,2019-07-25,2019-07-25 09:40:37,1.25,0.8333,55,1.23,0.82,41,1.24,0.8266,1,1.24,0.8266,909,0
SPY190726C300,2019-07-25,2019-07-25 09:40:38,1.25,0.8333,55,1.23,0.82,41,1.24,0.8266,1,1.24,0.8266,909,0
SPY190726C300,2019-07-25,2019-07-25 09:40:38,1.25,0.8333,99,1.23,0.82,25,1.24,0.8266,1,1.24,0.8266,909,0
SPY190726C300,2019-07-25,2019-07-25 09:40:39,1.25,0.8333,71,1.23,0.82,31,1.24,0.8266,1,1.24,0.8266,909,0
SPY190726C300,2019-07-25,2019-07-25 09:40:40,1.25,0.8333,107,1.23,0.82,31,1.24,0.8266,1,1.24,0.8266,909,0
SPY190726C300,2019-07-25,2019-07-25 09:40:41,1.25,0.8333,25,1.25,0.8333,25,1.24,0.8266,1,1.25,0.8333,909,0
SPY190726C300,2019-07-25,2019-07-25 09:40:41,1.25,0.8333,65,1.23,0.82,69,1.24,0.8266,1,1.24,0.8266,909,0
SPY190726C300,2019-07-25,2019-07-25 09:40:42,1.27,0.8466,36,1.25,0.8333,56,1.25,0.8333,3,1.26,0.84,918,9
SPY190726C300,2019-07-25,2019-07-25 09:40:42,1.27,0.8466,72,1.26,0.84,1,1.27,0.8466,63,1.265,0.8433,1043,125
SPY190726C300,2019-07-25,2019-07-25 09:40:43,1.27,0.8466,98,1.25,0.8333,114,1.27,0.8466,63,1.26,0.84,1043,0
SPY190726C300,2019-07-25,2019-07-25 09:40:44,1.27,0.8466,81,1.25,0.8333,29,1.27,0.8466,63,1.26,0.84,1043,0
SPY190726C300,2019-07-25,2019-07-25 09:40:45,1.27,0.8466,53,1.24,0.8266,139,1.27,0.8466,5,1.255,0.8366,1048,5
SPY190726C300,2019-07-25,2019-07-25 09:40:45,1.26,0.84,21,1.24,0.8266,139,1.27,0.8466,25,1.25,0.8333,1143,95
SPY190726C300,2019-07-25,2019-07-25 09:40:46,1.27,0.8466,151,1.25,0.8333,100,1.27,0.8466,25,1.26,0.84,1143,0
SPY190726C300,2019-07-25,2019-07-25 09:40:47,1.27,0.8466,61,1.25,0.8333,56,1.27,0.8466,25,1.26,0.84,1143,0
SPY190726C300,2019-07-25,2019-07-25 09:40:47,1.26,0.84,25,1.24,0.8266,196,1.27,0.8466,25,1.25,0.8333,1143,0
SPY190726C300,2019-07-25,2019-07-25 09:40:48,1.28,0.8533,113,1.26,0.84,6,1.27,0.8466,25,1.27,0.8466,1143,0
SPY190726C300,2019-07-25,2019-07-25 09:40:49,1.27,0.8466,55,1.25,0.8333,6,1.27,0.8466,25,1.26,0.84,1143,0
SPY190726C300,2019-07-25,2019-07-25 09:40:50,1.27,0.8466,125,1.24,0.8266,109,1.27,0.8466,25,1.255,0.8366,1143,0
SPY190726C300,2019-07-25,2019-07-25 09:40:51,1.27,0.8466,61,1.25,0.8333,35,1.27,0.8466,25,1.26,0.84,1143,0
SPY190726C300,2019-07-25,2019-07-25 09:40:52,1.3,0.8666,29,1.27,0.8466,107,1.27,0.8466,5,1.285,0.8566,1148,5
SPY190726C300,2019-07-25,2019-07-25 09:40:53,1.29,0.86,135,1.27,0.8466,9,1.27,0.8466,5,1.28,0.8533,1148,0
SPY190726C300,2019-07-25,2019-07-25 09:40:53,1.29,0.86,155,1.27,0.8466,11,1.27,0.8466,5,1.28,0.8533,1148,0
SPY190726C300,2019-07-25,2019-07-25 09:40:54,1.28,0.8533,36,1.27,0.8466,9,1.27,0.8466,5,1.275,0.85,1148,0
SPY190726C300,2019-07-25,2019-07-25 09:40:55,1.29,0.86,232,1.26,0.84,109,1.27,0.8466,5,1.275,0.85,1148,0
SPY190726C300,2019-07-25,2019-07-25 09:40:56,1.3,0.8666,46,1.28,0.8533,25,1.27,0.8466,5,1.29,0.86,1148,0
SPY190726C300,2019-07-25,2019-07-25 09:40:58,1.29,0.86,181,1.27,0.8466,28,1.28,0.8533,5,1.28,0.8533,1153,5
SPY190726C300,2019-07-25,2019-07-25 09:40:59,1.29,0.86,182,1.26,0.84,25,1.28,0.8533,10,1.275,0.85,1163,10
SPY190726C300,2019-07-25,2019-07-25 09:41:00,1.28,0.8533,28,1.26,0.84,93,1.28,0.8533,10,1.27,0.8466,1163,0
SPY190726C300,2019-07-25,2019-07-25 09:41:01,1.28,0.8533,45,1.26,0.84,101,1.28,0.8533,10,1.27,0.8466,1163,0
SPY190726C300,2019-07-25,2019-07-25 09:41:02,1.28,0.8533,55,1.26,0.84,101,1.28,0.8533,10,1.27,0.8466,1163,0
SPY190726C300,2019-07-25,2019-07-25 09:41:03,1.28,0.8533,32,1.26,0.84,101,1.28,0.8533,10,1.27,0.8466,1163,0
SPY190726C300,2019-07-25,2019-07-25 09:41:06,1.28,0.8533,47,1.26,0.84,101,1.28,0.8533,10,1.27,0.8466,1163,0
SPY190726C300,2019-07-25,2019-07-25 09:41:07,1.28,0.8533,182,1.26,0.84,5,1.28,0.8533,10,1.27,0.8466,1163,0
SPY190726C300,2019-07-25,2019-07-25 09:41:10,1.25,0.8333,201,1.22,0.8133,51,1.24,0.8266,1,1.235,0.8233,1169,6
SPY190726C300,2019-07-25,2019-07-25 09:41:11,1.25,0.8333,25,1.23,0.82,103,1.24,0.8266,1,1.24,0.8266,1169,0
SPY190726C300,2019-07-25,2019-07-25 09:41:12,1.24,0.8266,125,1.23,0.82,6,1.24,0.8266,1,1.235,0.8233,1169,0
SPY190726C300,2019-07-25,2019-07-25 09:41:12,1.25,0.8333,25,1.23,0.82,103,1.24,0.8266,1,1.24,0.8266,1169,0
SPY190726C300,2019-07-25,2019-07-25 09:41:13,1.24,0.8266,43,1.22,0.8133,25,1.24,0.8266,1,1.23,0.82,1169,0
SPY190726C300,2019-07-25,2019-07-25 09:41:14,1.26,0.84,122,1.24,0.8266,25,1.24,0.8266,1,1.25,0.8333,1169,0
SPY190726C300,2019-07-25,2019-07-25 09:41:15,1.26,0.84,55,1.23,0.82,155,1.24,0.8266,1,1.245,0.83,1169,0
SPY190726C300,2019-07-25,2019-07-25 09:41:16,1.27,0.8466,96,1.25,0.8333,31,1.24,0.8266,1,1.26,0.84,1169,0
SPY190726C300,2019-07-25,2019-07-25 09:41:17,1.26,0.84,25,1.24,0.8266,122,1.24,0.8266,1,1.25,0.8333,1169,0
SPY190726C300,2019-07-25,2019-07-25 09:41:18,1.23,0.82,23,1.22,0.8133,57,1.24,0.8266,1,1.225,0.8166,1169,0
SPY190726C300,2019-07-25,2019-07-25 09:41:18,1.26,0.84,217,1.24,0.8266,19,1.24,0.8266,1,1.25,0.8333,1169,0
SPY190726C300,2019-07-25,2019-07-25 09:41:19,1.23,0.82,6,1.21,0.8066,26,1.24,0.8266,1,1.22,0.8133,1169,0
SPY190726C300,2019-07-25,2019-07-25 09:41:20,1.23,0.82,6,1.2,0.8,116,1.24,0.8266,1,1.215,0.81,1169,0
SPY190726C300,2019-07-25,2019-07-25 09:41:21,1.2,0.8,13,1.18,0.7866,55,1.24,0.8266,1,1.19,0.7933,1169,0
SPY190726C300,2019-07-25,2019-07-25 09:41:21,1.2,0.8,25,1.18,0.7866,69,1.24,0.8266,1,1.19,0.7933,1169,0
SPY190726C300,2019-07-25,2019-07-25 09:41:22,1.19,0.7933,30,1.18,0.7866,39,1.24,0.8266,1,1.185,0.79,1169,0
SPY190726C300,2019-07-25,2019-07-25 09:41:23,1.21,0.8066,159,1.19,0.7933,31,1.19,0.7933,2,1.2,0.8,1171,0
SPY190726C300,2019-07-25,2019-07-25 09:41:23,1.19,0.7933,47,1.19,0.7933,13,1.19,0.7933,2,1.19,0.7933,1171,2
SPY190726C300,2019-07-25,2019-07-25 09:41:24,1.21,0.8066,55,1.19,0.7933,31,1.19,0.7933,2,1.2,0.8,1171,0
SPY190726C300,2019-07-25,2019-07-25 09:41:25,1.21,0.8066,55,1.19,0.7933,35,1.19,0.7933,2,1.2,0.8,1171,0
SPY190726C300,2019-07-25,2019-07-25 09:41:26,1.24,0.8266,236,1.22,0.8133,14,1.19,0.7933,2,1.23,0.82,1171,0
SPY190726C300,2019-07-25,2019-07-25 09:41:27,1.22,0.8133,60,1.21,0.8066,14,1.19,0.7933,2,1.215,0.81,1171,0
SPY190726C300,2019-07-25,2019-07-25 09:41:28,1.23,0.82,175,1.21,0.8066,25,1.19,0.7933,2,1.22,0.8133,1171,0
SPY190726C300,2019-07-25,2019-07-25 09:41:29,1.22,0.8133,239,1.2,0.8,25,1.19,0.7933,2,1.21,0.8066,1171,0
SPY190726C300,2019-07-25,2019-07-25 09:41:29,1.22,0.8133,148,1.2,0.8,25,1.19,0.7933,2,1.21,0.8066,1171,0
SPY190726C300,2019-07-25,2019-07-25 09:41:30,1.22,0.8133,239,1.19,0.7933,111,1.19,0.7933,2,1.205,0.8033,1171,0
SPY190726C300,2019-07-25,2019-07-25 09:41:31,1.21,0.8066,47,1.2,0.8,13,1.19,0.7933,2,1.205,0.8033,1171,0
SPY190726C300,2019-07-25,2019-07-25 09:41:31,1.22,0.8133,180,1.2,0.8,25,1.19,0.7933,2,1.21,0.8066,1171,0
SPY190726C300,2019-07-25,2019-07-25 09:41:32,1.22,0.8133,46,1.2,0.8,89,1.19,0.7933,2,1.21,0.8066,1171,0
SPY190726C300,2019-07-25,2019-07-25 09:41:32,1.22,0.8133,56,1.2,0.8,25,1.19,0.7933,2,1.21,0.8066,1171,0
SPY190726C300,2019-07-25,2019-07-25 09:41:33,1.23,0.82,239,1.2,0.8,128,1.19,0.7933,2,1.215,0.81,1171,0
SPY190726C300,2019-07-25,2019-07-25 09:41:34,1.22,0.8133,25,1.2,0.8,128,1.19,0.7933,2,1.21,0.8066,1171,0
SPY190726C300,2019-07-25,2019-07-25 09:41:34,1.22,0.8133,25,1.2,0.8,123,1.19,0.7933,2,1.21,0.8066,1171,0
SPY190726C300,2019-07-25,2019-07-25 09:41:35,1.22,0.8133,25,1.2,0.8,123,1.19,0.7933,2,1.21,0.8066,1171,0
SPY190726C300,2019-07-25,2019-07-25 09:41:36,1.21,0.8066,21,1.19,0.7933,110,1.19,0.7933,2,1.2,0.8,1171,0
SPY190726C300,2019-07-25,2019-07-25 09:41:36,1.22,0.8133,68,1.2,0.8,41,1.19,0.7933,2,1.21,0.8066,1171,0
SPY190726C300,2019-07-25,2019-07-25 09:41:37,1.21,0.8066,47,1.19,0.7933,110,1.19,0.7933,2,1.2,0.8,1171,0
SPY190726C300,2019-07-25,2019-07-25 09:41:38,1.21,0.8066,61,1.19,0.7933,110,1.19,0.7933,2,1.2,0.8,1171,0
SPY190726C300,2019-07-25,2019-07-25 09:41:38,1.21,0.8066,69,1.19,0.7933,19,1.19,0.7933,2,1.2,0.8,1171,0
SPY190726C300,2019-07-25,2019-07-25 09:41:39,1.2,0.8,17,1.18,0.7866,125,1.19,0.7933,2,1.19,0.7933,1171,0
SPY190726C300,2019-07-25,2019-07-25 09:41:40,1.21,0.8066,142,1.18,0.7866,138,1.19,0.7933,2,1.195,0.7966,1171,0
SPY190726C300,2019-07-25,2019-07-25 09:41:41,1.2,0.8,17,1.19,0.7933,31,1.19,0.7933,2,1.195,0.7966,1171,0
SPY190726C300,2019-07-25,2019-07-25 09:41:41,1.2,0.8,17,1.18,0.7866,135,1.19,0.7933,2,1.19,0.7933,1171,0
SPY190726C300,2019-07-25,2019-07-25 09:41:42,1.2,0.8,10,1.2,0.8,13,1.2,0.8,1,1.2,0.8,1199,28
SPY190726C300,2019-07-25,2019-07-25 09:41:43,1.22,0.8133,130,1.2,0.8,140,1.2,0.8,1,1.21,0.8066,1199,0
SPY190726C300,2019-07-25,2019-07-25 09:41:44,1.22,0.8133,130,1.2,0.8,140,1.2,0.8,1,1.21,0.8066,1199,0
SPY190726C300,2019-07-25,2019-07-25 09:41:45,1.22,0.8133,49,1.2,0.8,117,1.2,0.8,1,1.21,0.8066,1199,0
SPY190726C300,2019-07-25,2019-07-25 09:41:46,1.21,0.8066,133,1.19,0.7933,29,1.2,0.8,1,1.2,0.8,1199,0
SPY190726C300,2019-07-25,2019-07-25 09:41:46,1.21,0.8066,205,1.19,0.7933,29,1.2,0.8,1,1.2,0.8,1199,0
SPY190726C300,2019-07-25,2019-07-25 09:41:47,1.21,0.8066,233,1.19,0.7933,29,1.2,0.8,1,1.2,0.8,1199,0
SPY190726C300,2019-07-25,2019-07-25 09:41:48,1.21,0.8066,178,1.19,0.7933,14,1.2,0.8,1,1.2,0.8,1199,0
SPY190726C300,2019-07-25,2019-07-25 09:41:48,1.21,0.8066,178,1.19,0.7933,29,1.2,0.8,1,1.2,0.8,1199,0
SPY190726C300,2019-07-25,2019-07-25 09:41:49,1.21,0.8066,178,1.19,0.7933,35,1.2,0.8,1,1.2,0.8,1199,0
SPY190726C300,2019-07-25,2019-07-25 09:41:50,1.21,0.8066,30,1.2,0.8,25,1.2,0.8,1,1.205,0.8033,1199,0
SPY190726C300,2019-07-25,2019-07-25 09:41:51,1.21,0.8066,6,1.19,0.7933,60,1.2,0.8,1,1.2,0.8,1199,0
SPY190726C300,2019-07-25,2019-07-25 09:41:52,1.21,0.8066,136,1.2,0.8,31,1.2,0.8,1,1.205,0.8033,1199,0
SPY190726C300,2019-07-25,2019-07-25 09:41:53,1.21,0.8066,30,1.21,0.8066,25,1.2,0.8,1,1.21,0.8066,1199,0
SPY190726C300,2019-07-25,2019-07-25 09:41:53,1.23,0.82,217,1.21,0.8066,41,1.2,0.8,1,1.22,0.8133,1199,0
SPY190726C300,2019-07-25,2019-07-25 09:41:54,1.24,0.8266,212,1.22,0.8133,25,1.2,0.8,1,1.23,0.82,1199,0
SPY190726C300,2019-07-25,2019-07-25 09:41:55,1.24,0.8266,133,1.22,0.8133,39,1.2,0.8,1,1.23,0.82,1199,0
SPY190726C300,2019-07-25,2019-07-25 09:41:55,1.24,0.8266,212,1.22,0.8133,39,1.2,0.8,1,1.23,0.82,1199,0
SPY190726C300,2019-07-25,2019-07-25 09:41:56,1.24,0.8266,133,1.23,0.82,29,1.2,0.8,1,1.235,0.8233,1199,0
SPY190726C300,2019-07-25,2019-07-25 09:41:57,1.22,0.8133,187,1.21,0.8066,25,1.2,0.8,1,1.215,0.81,1199,0
SPY190726C300,2019-07-25,2019-07-25 09:41:59,1.24,0.8266,171,1.2,0.8,78,1.2,0.8,1,1.22,0.8133,1199,0
SPY190726C300,2019-07-25,2019-07-25 09:41:59,1.24,0.8266,171,1.22,0.8133,73,1.2,0.8,1,1.23,0.82,1199,0
SPY190726C300,2019-07-25,2019-07-25 09:42:00,1.24,0.8266,33,1.23,0.82,25,1.2,0.8,1,1.235,0.8233,1199,0
SPY190726C300,2019-07-25,2019-07-25 09:42:01,1.23,0.82,184,1.21,0.8066,51,1.2,0.8,1,1.22,0.8133,1199,0
SPY190726C300,2019-07-25,2019-07-25 09:42:02,1.23,0.82,184,1.21,0.8066,51,1.2,0.8,1,1.22,0.8133,1199,0
SPY190726C300,2019-07-25,2019-07-25 09:42:03,1.23,0.82,39,1.21,0.8066,8,1.2,0.8,1,1.22,0.8133,1199,0
SPY190726C300,2019-07-25,2019-07-25 09:42:03,1.23,0.82,166,1.21,0.8066,8,1.2,0.8,1,1.22,0.8133,1199,0
SPY190726C300,2019-07-25,2019-07-25 09:42:04,1.23,0.82,96,1.21,0.8066,8,1.2,0.8,1,1.22,0.8133,1199,0
SPY190726C300,2019-07-25,2019-07-25 09:42:05,1.22,0.8133,177,1.2,0.8,32,1.2,0.8,1,1.21,0.8066,1199,0
SPY190726C300,2019-07-25,2019-07-25 09:42:05,1.22,0.8133,174,1.2,0.8,25,1.2,0.8,1,1.21,0.8066,1199,0
SPY190726C300,2019-07-25,2019-07-25 09:42:06,1.21,0.8066,134,1.2,0.8,25,1.2,0.8,1,1.205,0.8033,1199,0
SPY190726C300,2019-07-25,2019-07-25 09:42:07,1.21,0.8066,52,1.2,0.8,1,1.2,0.8,1,1.205,0.8033,1199,0
SPY190726C300,2019-07-25,2019-07-25 09:42:08,1.21,0.8066,124,1.19,0.7933,41,1.2,0.8,1,1.2,0.8,1200,0
SPY190726C300,2019-07-25,2019-07-25 09:42:08,1.21,0.8066,163,1.18,0.7866,145,1.2,0.8,1,1.195,0.7966,1200,1
SPY190726C300,2019-07-25,2019-07-25 09:42:09,1.21,0.8066,98,1.19,0.7933,41,1.2,0.8,1,1.2,0.8,1200,0
SPY190726C300,2019-07-25,2019-07-25 09:42:10,1.2,0.8,117,1.18,0.7866,107,1.2,0.8,1,1.19,0.7933,1200,0
SPY190726C300,2019-07-25,2019-07-25 09:42:11,1.21,0.8066,84,1.19,0.7933,13,1.2,0.8,1,1.2,0.8,1200,0
SPY190726C300,2019-07-25,2019-07-25 09:42:11,1.23,0.82,36,1.21,0.8066,25,1.2,0.8,1,1.22,0.8133,1200,0
SPY190726C300,2019-07-25,2019-07-25 09:42:12,1.24,0.8266,36,1.21,0.8066,39,1.2,0.8,1,1.225,0.8166,1200,0
SPY190726C300,2019-07-25,2019-07-25 09:42:13,1.23,0.82,36,1.21,0.8066,45,1.2,0.8,1,1.22,0.8133,1200,0
SPY190726C300,2019-07-25,2019-07-25 09:42:13,1.24,0.8266,55,1.22,0.8133,109,1.2,0.8,1,1.23,0.82,1200,0
SPY190726C300,2019-07-25,2019-07-25 09:42:14,1.23,0.82,68,1.21,0.8066,39,1.2,0.8,1,1.22,0.8133,1200,0
SPY190726C300,2019-07-25,2019-07-25 09:42:15,1.23,0.82,55,1.21,0.8066,39,1.2,0.8,1,1.22,0.8133,1200,0
SPY190726C300,2019-07-25,2019-07-25 09:42:15,1.23,0.82,84,1.21,0.8066,39,1.2,0.8,1,1.22,0.8133,1200,0
SPY190726C300,2019-07-25,2019-07-25 09:42:16,1.23,0.82,149,1.21,0.8066,39,1.2,0.8,1,1.22,0.8133,1200,0
SPY190726C300,2019-07-25,2019-07-25 09:42:16,1.23,0.82,55,1.21,0.8066,75,1.2,0.8,1,1.22,0.8133,1200,0
SPY190726C300,2019-07-25,2019-07-25 09:42:17,1.23,0.82,85,1.21,0.8066,39,1.2,0.8,1,1.22,0.8133,1200,0
SPY190726C300,2019-07-25,2019-07-25 09:42:18,1.23,0.82,120,1.21,0.8066,39,1.2,0.8,1,1.22,0.8133,1200,0
SPY190726C300,2019-07-25,2019-07-25 09:42:18,1.22,0.8133,16,1.2,0.8,49,1.2,0.8,1,1.21,0.8066,1200,0
SPY190726C300,2019-07-25,2019-07-25 09:42:19,1.22,0.8133,43,1.2,0.8,59,1.2,0.8,1,1.21,0.8066,1200,0
SPY190726C300,2019-07-25,2019-07-25 09:42:20,1.21,0.8066,39,1.2,0.8,11,1.21,0.8066,5,1.205,0.8033,1205,5
SPY190726C300,2019-07-25,2019-07-25 09:42:20,1.21,0.8066,39,1.19,0.7933,116,1.2,0.8,1,1.2,0.8,1200,0
SPY190726C300,2019-07-25,2019-07-25 09:42:21,1.21,0.8066,36,1.2,0.8,11,1.21,0.8066,5,1.205,0.8033,1205,0
SPY190726C300,2019-07-25,2019-07-25 09:42:22,1.22,0.8133,136,1.2,0.8,25,1.21,0.8066,5,1.21,0.8066,1205,0
SPY190726C300,2019-07-25,2019-07-25 09:42:22,1.21,0.8066,36,1.2,0.8,17,1.21,0.8066,5,1.205,0.8033,1205,0
SPY190726C300,2019-07-25,2019-07-25 09:42:23,1.21,0.8066,30,1.2,0.8,25,1.21,0.8066,5,1.205,0.8033,1205,0
SPY190726C300,2019-07-25,2019-07-25 09:42:23,1.21,0.8066,34,1.2,0.8,22,1.21,0.8066,5,1.205,0.8033,1205,0
SPY190726C300,2019-07-25,2019-07-25 09:42:24,1.21,0.8066,34,1.2,0.8,22,1.21,0.8066,5,1.205,0.8033,1205,0
SPY190726C300,2019-07-25,2019-07-25 09:42:25,1.21,0.8066,49,1.19,0.7933,105,1.21,0.8066,5,1.2,0.8,1205,0
SPY190726C300,2019-07-25,2019-07-25 09:42:25,1.2,0.8,45,1.19,0.7933,105,1.21,0.8066,5,1.195,0.7966,1205,0
SPY190726C300,2019-07-25,2019-07-25 09:42:26,1.2,0.8,49,1.19,0.7933,19,1.21,0.8066,5,1.195,0.7966,1205,0
SPY190726C300,2019-07-25,2019-07-25 09:42:27,1.2,0.8,98,1.18,0.7866,71,1.21,0.8066,5,1.19,0.7933,1205,0
SPY190726C300,2019-07-25,2019-07-25 09:42:27,1.2,0.8,49,1.18,0.7866,25,1.21,0.8066,5,1.19,0.7933,1205,0
SPY190726C300,2019-07-25,2019-07-25 09:42:28,1.2,0.8,98,1.18,0.7866,71,1.21,0.8066,5,1.19,0.7933,1205,0
SPY190726C300,2019-07-25,2019-07-25 09:42:29,1.2,0.8,45,1.18,0.7866,182,1.21,0.8066,5,1.19,0.7933,1205,0
SPY190726C300,2019-07-25,2019-07-25 09:42:29,1.2,0.8,45,1.18,0.7866,104,1.21,0.8066,5,1.19,0.7933,1205,0
SPY190726C300,2019-07-25,2019-07-25 09:42:30,1.19,0.7933,30,1.18,0.7866,86,1.21,0.8066,5,1.185,0.79,1205,0
SPY190726C300,2019-07-25,2019-07-25 09:42:31,1.2,0.8,45,1.18,0.7866,113,1.21,0.8066,5,1.19,0.7933,1205,0
SPY190726C300,2019-07-25,2019-07-25 09:42:31,1.2,0.8,45,1.18,0.7866,120,1.21,0.8066,5,1.19,0.7933,1205,0
SPY190726C300,2019-07-25,2019-07-25 09:42:32,1.2,0.8,68,1.18,0.7866,113,1.21,0.8066,5,1.19,0.7933,1205,0
SPY190726C300,2019-07-25,2019-07-25 09:42:33,1.2,0.8,170,1.18,0.7866,36,1.21,0.8066,5,1.19,0.7933,1205,0
SPY190726C300,2019-07-25,2019-07-25 09:42:33,1.2,0.8,55,1.18,0.7866,123,1.21,0.8066,5,1.19,0.7933,1205,0
SPY190726C300,2019-07-25,2019-07-25 09:42:34,1.19,0.7933,34,1.18,0.7866,67,1.21,0.8066,5,1.185,0.79,1205,0
SPY190726C300,2019-07-25,2019-07-25 09:42:34,1.2,0.8,84,1.17,0.78,50,1.21,0.8066,5,1.185,0.79,1205,0
SPY190726C300,2019-07-25,2019-07-25 09:42:35,1.18,0.7866,151,1.16,0.7733,117,1.21,0.8066,5,1.17,0.78,1205,0
SPY190726C300,2019-07-25,2019-07-25 09:42:36,1.17,0.78,49,1.15,0.7666,131,1.15,0.7666,10,1.16,0.7733,1215,10
