symbol,Date,quote_time,ask_price,norm_ask_price,ask_size,bid_price,norm_bid_price,bid_size,last_trade_price,norm_last_trade_price,last_trade_size,mark_price,norm_mark_price,volume,Volume
SPY190717C302,2019-07-16,2019-07-16 09:34:42,0.12,1.0,1984,0.11,0.9166,3653,0.11,0.9166,20,0.115,0.9583,1076,1076
SPY190717C302,2019-07-16,2019-07-16 09:34:43,0.12,1.0,339,0.11,0.9166,1534,0.11,0.9166,20,0.115,0.9583,1076,0
SPY190717C302,2019-07-16,2019-07-16 09:34:44,0.12,1.0,108,0.11,0.9166,3764,0.11,0.9166,6,0.115,0.9583,1082,0
SPY190717C302,2019-07-16,2019-07-16 09:34:44,0.12,1.0,291,0.11,0.9166,3764,0.11,0.9166,6,0.115,0.9583,1082,6
SPY190717C302,2019-07-16,2019-07-16 09:34:45,0.12,1.0,10,0.11,0.9166,2792,0.11,0.9166,6,0.115,0.9583,1082,0
SPY190717C302,2019-07-16,2019-07-16 09:34:45,0.12,1.0,108,0.11,0.9166,4214,0.11,0.9166,6,0.115,0.9583,1082,0
SPY190717C302,2019-07-16,2019-07-16 09:34:46,0.12,1.0,10,0.11,0.9166,4010,0.11,0.9166,6,0.115,0.9583,1082,0
SPY190717C302,2019-07-16,2019-07-16 09:34:46,0.12,1.0,10,0.11,0.9166,3507,0.11,0.9166,6,0.115,0.9583,1082,0
SPY190717C302,2019-07-16,2019-07-16 09:34:47,0.12,1.0,5,0.11,0.9166,4010,0.12,1.0,10,0.115,0.9583,1092,10
SPY190717C302,2019-07-16,2019-07-16 09:34:48,0.12,1.0,5,0.11,0.9166,4099,0.12,1.0,10,0.115,0.9583,1092,0
SPY190717C302,2019-07-16,2019-07-16 09:34:48,0.12,1.0,25,0.11,0.9166,4099,0.12,1.0,10,0.115,0.9583,1092,0
SPY190717C302,2019-07-16,2019-07-16 09:34:49,0.12,1.0,25,0.11,0.9166,4099,0.12,1.0,10,0.115,0.9583,1092,0
SPY190717C302,2019-07-16,2019-07-16 09:34:50,0.12,1.0,25,0.11,0.9166,3983,0.12,1.0,10,0.115,0.9583,1092,0
SPY190717C302,2019-07-16,2019-07-16 09:34:50,0.12,1.0,108,0.11,0.9166,3983,0.12,1.0,10,0.115,0.9583,1092,0
SPY190717C302,2019-07-16,2019-07-16 09:34:51,0.12,1.0,108,0.11,0.9166,3983,0.12,1.0,10,0.115,0.9583,1092,0
SPY190717C302,2019-07-16,2019-07-16 09:34:52,0.12,1.0,108,0.11,0.9166,3983,0.12,1.0,10,0.115,0.9583,1092,0
SPY190717C302,2019-07-16,2019-07-16 09:34:53,0.12,1.0,137,0.11,0.9166,4027,0.12,1.0,10,0.115,0.9583,1092,0
SPY190717C302,2019-07-16,2019-07-16 09:34:53,0.12,1.0,137,0.11,0.9166,3983,0.12,1.0,10,0.115,0.9583,1092,0
SPY190717C302,2019-07-16,2019-07-16 09:34:54,0.12,1.0,137,0.11,0.9166,4027,0.12,1.0,10,0.115,0.9583,1092,0
SPY190717C302,2019-07-16,2019-07-16 09:34:55,0.12,1.0,137,0.11,0.9166,3948,0.12,1.0,10,0.115,0.9583,1092,0
SPY190717C302,2019-07-16,2019-07-16 09:34:55,0.12,1.0,137,0.11,0.9166,3693,0.12,1.0,10,0.115,0.9583,1092,0
SPY190717C302,2019-07-16,2019-07-16 09:34:56,0.12,1.0,108,0.11,0.9166,2445,0.11,0.9166,70,0.115,0.9583,1232,140
SPY190717C302,2019-07-16,2019-07-16 09:34:56,0.12,1.0,137,0.11,0.9166,3870,0.11,0.9166,70,0.115,0.9583,1232,0
SPY190717C302,2019-07-16,2019-07-16 09:34:57,0.12,1.0,137,0.11,0.9166,3402,0.12,1.0,1,0.115,0.9583,1233,1
SPY190717C302,2019-07-16,2019-07-16 09:34:58,0.12,1.0,137,0.11,0.9166,3599,0.12,1.0,1,0.115,0.9583,1233,0
SPY190717C302,2019-07-16,2019-07-16 09:34:58,0.12,1.0,137,0.11,0.9166,3402,0.12,1.0,1,0.115,0.9583,1233,0
SPY190717C302,2019-07-16,2019-07-16 09:34:59,0.12,1.0,137,0.11,0.9166,3402,0.12,1.0,1,0.115,0.9583,1233,0
SPY190717C302,2019-07-16,2019-07-16 09:35:00,0.12,1.0,108,0.11,0.9166,3021,0.12,1.0,1,0.115,0.9583,1233,0
SPY190717C302,2019-07-16,2019-07-16 09:35:01,0.12,1.0,108,0.11,0.9166,3456,0.12,1.0,1,0.115,0.9583,1233,0
SPY190717C302,2019-07-16,2019-07-16 09:35:01,0.12,1.0,118,0.11,0.9166,3849,0.12,1.0,1,0.115,0.9583,1233,0
SPY190717C302,2019-07-16,2019-07-16 09:35:02,0.12,1.0,108,0.11,0.9166,3399,0.11,0.9166,3,0.115,0.9583,1243,10
SPY190717C302,2019-07-16,2019-07-16 09:35:03,0.12,1.0,108,0.11,0.9166,3079,0.11,0.9166,3,0.115,0.9583,1243,0
SPY190717C302,2019-07-16,2019-07-16 09:35:04,0.12,1.0,108,0.11,0.9166,4064,0.11,0.9166,3,0.115,0.9583,1243,0
SPY190717C302,2019-07-16,2019-07-16 09:35:04,0.12,1.0,108,0.11,0.9166,4064,0.11,0.9166,30,0.115,0.9583,1273,30
SPY190717C302,2019-07-16,2019-07-16 09:35:05,0.12,1.0,108,0.11,0.9166,4033,0.11,0.9166,30,0.115,0.9583,1273,0
SPY190717C302,2019-07-16,2019-07-16 09:35:06,0.12,1.0,1,0.11,0.9166,3915,0.12,1.0,1,0.115,0.9583,1303,1
SPY190717C302,2019-07-16,2019-07-16 09:35:06,0.12,1.0,1,0.11,0.9166,3852,0.12,1.0,4,0.115,0.9583,1302,29
SPY190717C302,2019-07-16,2019-07-16 09:35:07,0.12,1.0,108,0.11,0.9166,3581,0.12,1.0,1,0.115,0.9583,1303,0
SPY190717C302,2019-07-16,2019-07-16 09:35:07,0.12,1.0,1,0.11,0.9166,3915,0.12,1.0,1,0.115,0.9583,1303,0
SPY190717C302,2019-07-16,2019-07-16 09:35:08,0.12,1.0,108,0.11,0.9166,3876,0.12,1.0,1,0.115,0.9583,1303,0
SPY190717C302,2019-07-16,2019-07-16 09:35:09,0.13,1.0833,940,0.12,1.0,2398,0.12,1.0,1,0.125,1.0416,1304,0
SPY190717C302,2019-07-16,2019-07-16 09:35:09,0.13,1.0833,940,0.12,1.0,407,0.12,1.0,1,0.125,1.0416,1304,1
SPY190717C302,2019-07-16,2019-07-16 09:35:10,0.13,1.0833,940,0.12,1.0,2411,0.12,1.0,1,0.125,1.0416,1304,0
SPY190717C302,2019-07-16,2019-07-16 09:35:11,0.13,1.0833,940,0.12,1.0,1870,0.12,1.0,1,0.125,1.0416,1304,0
SPY190717C302,2019-07-16,2019-07-16 09:35:11,0.13,1.0833,940,0.12,1.0,2931,0.12,1.0,1,0.125,1.0416,1304,0
SPY190717C302,2019-07-16,2019-07-16 09:35:12,0.13,1.0833,940,0.12,1.0,2572,0.12,1.0,1,0.125,1.0416,1304,0
SPY190717C302,2019-07-16,2019-07-16 09:35:13,0.13,1.0833,261,0.12,1.0,3611,0.12,1.0,1,0.125,1.0416,1304,0
SPY190717C302,2019-07-16,2019-07-16 09:35:14,0.13,1.0833,261,0.12,1.0,3696,0.12,1.0,1,0.125,1.0416,1304,0
SPY190717C302,2019-07-16,2019-07-16 09:35:14,0.13,1.0833,634,0.12,1.0,3330,0.12,1.0,1,0.125,1.0416,1304,0
SPY190717C302,2019-07-16,2019-07-16 09:35:15,0.13,1.0833,634,0.12,1.0,3585,0.13,1.0833,2,0.125,1.0416,1306,2
SPY190717C302,2019-07-16,2019-07-16 09:35:16,0.13,1.0833,634,0.12,1.0,3585,0.13,1.0833,2,0.125,1.0416,1306,0
SPY190717C302,2019-07-16,2019-07-16 09:35:16,0.13,1.0833,634,0.12,1.0,2466,0.13,1.0833,2,0.125,1.0416,1306,0
SPY190717C302,2019-07-16,2019-07-16 09:35:17,0.13,1.0833,108,0.12,1.0,3569,0.13,1.0833,2,0.125,1.0416,1306,0
SPY190717C302,2019-07-16,2019-07-16 09:35:18,0.13,1.0833,108,0.12,1.0,3569,0.13,1.0833,2,0.125,1.0416,1306,0
SPY190717C302,2019-07-16,2019-07-16 09:35:19,0.13,1.0833,108,0.12,1.0,3578,0.13,1.0833,2,0.125,1.0416,1306,0
SPY190717C302,2019-07-16,2019-07-16 09:35:20,0.13,1.0833,108,0.12,1.0,3578,0.13,1.0833,2,0.125,1.0416,1306,0
SPY190717C302,2019-07-16,2019-07-16 09:35:21,0.13,1.0833,108,0.12,1.0,3578,0.13,1.0833,2,0.125,1.0416,1306,0
SPY190717C302,2019-07-16,2019-07-16 09:35:22,0.13,1.0833,108,0.12,1.0,3578,0.13,1.0833,2,0.125,1.0416,1306,0
SPY190717C302,2019-07-16,2019-07-16 09:35:23,0.13,1.0833,108,0.12,1.0,2604,0.13,1.0833,37,0.125,1.0416,1343,0
SPY190717C302,2019-07-16,2019-07-16 09:35:23,0.13,1.0833,108,0.12,1.0,2585,0.13,1.0833,37,0.125,1.0416,1343,37
SPY190717C302,2019-07-16,2019-07-16 09:35:24,0.13,1.0833,108,0.12,1.0,3749,0.13,1.0833,37,0.125,1.0416,1343,0
SPY190717C302,2019-07-16,2019-07-16 09:35:25,0.13,1.0833,108,0.12,1.0,3749,0.13,1.0833,37,0.125,1.0416,1343,0
SPY190717C302,2019-07-16,2019-07-16 09:35:25,0.13,1.0833,108,0.12,1.0,2604,0.13,1.0833,37,0.125,1.0416,1343,0
SPY190717C302,2019-07-16,2019-07-16 09:35:26,0.13,1.0833,118,0.12,1.0,3573,0.13,1.0833,37,0.125,1.0416,1343,0
SPY190717C302,2019-07-16,2019-07-16 09:35:27,0.13,1.0833,224,0.12,1.0,3573,0.13,1.0833,37,0.125,1.0416,1343,0
SPY190717C302,2019-07-16,2019-07-16 09:35:27,0.13,1.0833,224,0.12,1.0,2475,0.13,1.0833,37,0.125,1.0416,1343,0
SPY190717C302,2019-07-16,2019-07-16 09:35:29,0.13,1.0833,118,0.12,1.0,2021,0.13,1.0833,37,0.125,1.0416,1343,0
SPY190717C302,2019-07-16,2019-07-16 09:35:30,0.13,1.0833,114,0.12,1.0,2060,0.13,1.0833,5,0.125,1.0416,1348,5
SPY190717C302,2019-07-16,2019-07-16 09:35:31,0.13,1.0833,920,0.12,1.0,2374,0.13,1.0833,5,0.125,1.0416,1348,0
SPY190717C302,2019-07-16,2019-07-16 09:35:31,0.13,1.0833,920,0.12,1.0,2037,0.13,1.0833,5,0.125,1.0416,1348,0
SPY190717C302,2019-07-16,2019-07-16 09:35:32,0.13,1.0833,920,0.12,1.0,1776,0.13,1.0833,2,0.125,1.0416,1352,0
SPY190717C302,2019-07-16,2019-07-16 09:35:32,0.13,1.0833,920,0.12,1.0,2374,0.13,1.0833,2,0.125,1.0416,1352,4
SPY190717C302,2019-07-16,2019-07-16 09:35:33,0.13,1.0833,108,0.12,1.0,3610,0.13,1.0833,2,0.125,1.0416,1352,0
SPY190717C302,2019-07-16,2019-07-16 09:35:34,0.13,1.0833,108,0.12,1.0,3593,0.13,1.0833,2,0.125,1.0416,1352,0
SPY190717C302,2019-07-16,2019-07-16 09:35:35,0.14,1.1666,3128,0.13,1.0833,1,0.13,1.0833,1,0.135,1.125,1402,50
SPY190717C302,2019-07-16,2019-07-16 09:35:36,0.14,1.1666,3139,0.13,1.0833,1,0.13,1.0833,1,0.135,1.125,1402,0
SPY190717C302,2019-07-16,2019-07-16 09:35:37,0.14,1.1666,2062,0.13,1.0833,1,0.13,1.0833,1,0.135,1.125,1402,0
SPY190717C302,2019-07-16,2019-07-16 09:35:38,0.14,1.1666,2158,0.13,1.0833,472,0.13,1.0833,1,0.135,1.125,1402,0
SPY190717C302,2019-07-16,2019-07-16 09:35:38,0.14,1.1666,2122,0.13,1.0833,472,0.13,1.0833,1,0.135,1.125,1402,0
SPY190717C302,2019-07-16,2019-07-16 09:35:39,0.14,1.1666,3150,0.13,1.0833,472,0.14,1.1666,5,0.135,1.125,1409,7
SPY190717C302,2019-07-16,2019-07-16 09:35:39,0.14,1.1666,3150,0.13,1.0833,472,0.13,1.0833,1,0.135,1.125,1402,0
SPY190717C302,2019-07-16,2019-07-16 09:35:40,0.14,1.1666,2978,0.13,1.0833,472,0.14,1.1666,5,0.135,1.125,1409,0
SPY190717C302,2019-07-16,2019-07-16 09:35:41,0.14,1.1666,3066,0.13,1.0833,472,0.14,1.1666,5,0.135,1.125,1409,0
SPY190717C302,2019-07-16,2019-07-16 09:35:42,0.14,1.1666,2362,0.13,1.0833,427,0.14,1.1666,1,0.135,1.125,1410,0
SPY190717C302,2019-07-16,2019-07-16 09:35:42,0.14,1.1666,3066,0.13,1.0833,472,0.14,1.1666,1,0.135,1.125,1410,1
SPY190717C302,2019-07-16,2019-07-16 09:35:43,0.14,1.1666,2362,0.13,1.0833,427,0.14,1.1666,1,0.135,1.125,1410,0
SPY190717C302,2019-07-16,2019-07-16 09:35:43,0.14,1.1666,2312,0.13,1.0833,427,0.14,1.1666,1,0.135,1.125,1410,0
SPY190717C302,2019-07-16,2019-07-16 09:35:44,0.14,1.1666,3228,0.13,1.0833,427,0.14,1.1666,1,0.135,1.125,1410,0
SPY190717C302,2019-07-16,2019-07-16 09:35:45,0.13,1.0833,938,0.12,1.0,2769,0.14,1.1666,1,0.125,1.0416,1410,0
SPY190717C302,2019-07-16,2019-07-16 09:35:45,0.13,1.0833,60,0.12,1.0,2277,0.14,1.1666,1,0.125,1.0416,1410,0
SPY190717C302,2019-07-16,2019-07-16 09:35:46,0.14,1.1666,2301,0.13,1.0833,369,0.14,1.1666,1,0.135,1.125,1410,0
SPY190717C302,2019-07-16,2019-07-16 09:35:47,0.14,1.1666,2598,0.13,1.0833,577,0.14,1.1666,1,0.135,1.125,1410,0
SPY190717C302,2019-07-16,2019-07-16 09:35:47,0.14,1.1666,2091,0.13,1.0833,577,0.14,1.1666,1,0.135,1.125,1410,0
SPY190717C302,2019-07-16,2019-07-16 09:35:48,0.14,1.1666,2598,0.13,1.0833,708,0.13,1.0833,1,0.135,1.125,1411,1
SPY190717C302,2019-07-16,2019-07-16 09:35:49,0.14,1.1666,2051,0.13,1.0833,377,0.13,1.0833,1,0.135,1.125,1411,0
SPY190717C302,2019-07-16,2019-07-16 09:35:49,0.14,1.1666,2282,0.13,1.0833,697,0.13,1.0833,1,0.135,1.125,1411,0
SPY190717C302,2019-07-16,2019-07-16 09:35:50,0.14,1.1666,2421,0.13,1.0833,780,0.13,1.0833,1,0.135,1.125,1411,0
SPY190717C302,2019-07-16,2019-07-16 09:35:50,0.14,1.1666,2349,0.13,1.0833,1038,0.13,1.0833,1,0.135,1.125,1411,0
SPY190717C302,2019-07-16,2019-07-16 09:35:51,0.14,1.1666,2054,0.13,1.0833,359,0.13,1.0833,1,0.135,1.125,1411,0
SPY190717C302,2019-07-16,2019-07-16 09:35:52,0.14,1.1666,1860,0.13,1.0833,359,0.13,1.0833,1,0.135,1.125,1411,0
SPY190717C302,2019-07-16,2019-07-16 09:35:52,0.14,1.1666,2447,0.13,1.0833,359,0.13,1.0833,1,0.135,1.125,1411,0
SPY190717C302,2019-07-16,2019-07-16 09:35:53,0.14,1.1666,1237,0.13,1.0833,326,0.13,1.0833,1,0.135,1.125,1411,0
SPY190717C302,2019-07-16,2019-07-16 09:35:53,0.14,1.1666,1471,0.13,1.0833,326,0.13,1.0833,1,0.135,1.125,1411,0
SPY190717C302,2019-07-16,2019-07-16 09:35:54,0.14,1.1666,1953,0.13,1.0833,1975,0.14,1.1666,2,0.135,1.125,1413,2
SPY190717C302,2019-07-16,2019-07-16 09:35:55,0.14,1.1666,2061,0.13,1.0833,1998,0.14,1.1666,2,0.135,1.125,1413,0
SPY190717C302,2019-07-16,2019-07-16 09:35:55,0.14,1.1666,1953,0.13,1.0833,1975,0.14,1.1666,2,0.135,1.125,1413,0
SPY190717C302,2019-07-16,2019-07-16 09:35:56,0.14,1.1666,1228,0.13,1.0833,782,0.14,1.1666,2,0.135,1.125,1413,0
SPY190717C302,2019-07-16,2019-07-16 09:35:57,0.14,1.1666,2216,0.13,1.0833,1537,0.14,1.1666,2,0.135,1.125,1413,0
SPY190717C302,2019-07-16,2019-07-16 09:35:57,0.14,1.1666,2632,0.13,1.0833,853,0.14,1.1666,2,0.135,1.125,1413,0
SPY190717C302,2019-07-16,2019-07-16 09:35:58,0.14,1.1666,2216,0.13,1.0833,1537,0.14,1.1666,2,0.135,1.125,1413,0
SPY190717C302,2019-07-16,2019-07-16 09:35:59,0.14,1.1666,2216,0.13,1.0833,1537,0.14,1.1666,2,0.135,1.125,1413,0
SPY190717C302,2019-07-16,2019-07-16 09:35:59,0.14,1.1666,2149,0.13,1.0833,1537,0.14,1.1666,2,0.135,1.125,1413,0
SPY190717C302,2019-07-16,2019-07-16 09:36:00,0.14,1.1666,1186,0.13,1.0833,1537,0.14,1.1666,2,0.135,1.125,1413,0
SPY190717C302,2019-07-16,2019-07-16 09:36:00,0.14,1.1666,1187,0.13,1.0833,1537,0.14,1.1666,2,0.135,1.125,1413,0
SPY190717C302,2019-07-16,2019-07-16 09:36:01,0.14,1.1666,1186,0.13,1.0833,1615,0.14,1.1666,2,0.135,1.125,1413,0
SPY190717C302,2019-07-16,2019-07-16 09:36:01,0.14,1.1666,1186,0.13,1.0833,897,0.14,1.1666,2,0.135,1.125,1413,0
SPY190717C302,2019-07-16,2019-07-16 09:36:02,0.14,1.1666,1172,0.13,1.0833,1615,0.14,1.1666,2,0.135,1.125,1413,0
SPY190717C302,2019-07-16,2019-07-16 09:36:03,0.14,1.1666,601,0.13,1.0833,853,0.14,1.1666,2,0.135,1.125,1413,0
SPY190717C302,2019-07-16,2019-07-16 09:36:04,0.14,1.1666,1407,0.13,1.0833,185,0.14,1.1666,2,0.135,1.125,1413,0
SPY190717C302,2019-07-16,2019-07-16 09:36:04,0.14,1.1666,1428,0.13,1.0833,853,0.14,1.1666,2,0.135,1.125,1413,0
SPY190717C302,2019-07-16,2019-07-16 09:36:05,0.14,1.1666,1210,0.13,1.0833,228,0.14,1.1666,2,0.135,1.125,1413,0
SPY190717C302,2019-07-16,2019-07-16 09:36:06,0.14,1.1666,1317,0.12,1.0,1775,0.14,1.1666,2,0.13,1.0833,1413,0
SPY190717C302,2019-07-16,2019-07-16 09:36:06,0.14,1.1666,1317,0.13,1.0833,153,0.14,1.1666,2,0.135,1.125,1413,0
SPY190717C302,2019-07-16,2019-07-16 09:36:07,0.14,1.1666,1317,0.12,1.0,2062,0.14,1.1666,2,0.13,1.0833,1413,0
SPY190717C302,2019-07-16,2019-07-16 09:36:08,0.13,1.0833,832,0.12,1.0,2062,0.14,1.1666,2,0.125,1.0416,1413,0
SPY190717C302,2019-07-16,2019-07-16 09:36:08,0.13,1.0833,832,0.12,1.0,1947,0.14,1.1666,2,0.125,1.0416,1413,0
SPY190717C302,2019-07-16,2019-07-16 09:36:09,0.13,1.0833,736,0.12,1.0,1000,0.14,1.1666,2,0.125,1.0416,1413,0
SPY190717C302,2019-07-16,2019-07-16 09:36:10,0.13,1.0833,845,0.12,1.0,950,0.14,1.1666,2,0.125,1.0416,1413,0
SPY190717C302,2019-07-16,2019-07-16 09:36:10,0.13,1.0833,845,0.12,1.0,980,0.14,1.1666,2,0.125,1.0416,1413,0
SPY190717C302,2019-07-16,2019-07-16 09:36:11,0.13,1.0833,1157,0.12,1.0,651,0.12,1.0,3,0.125,1.0416,1416,3
SPY190717C302,2019-07-16,2019-07-16 09:36:11,0.13,1.0833,1094,0.12,1.0,750,0.14,1.1666,2,0.125,1.0416,1413,0
SPY190717C302,2019-07-16,2019-07-16 09:36:12,0.13,1.0833,2145,0.12,1.0,617,0.12,1.0,3,0.125,1.0416,1416,0
SPY190717C302,2019-07-16,2019-07-16 09:36:13,0.13,1.0833,2342,0.12,1.0,1358,0.12,1.0,3,0.125,1.0416,1416,0
SPY190717C302,2019-07-16,2019-07-16 09:36:14,0.13,1.0833,1668,0.12,1.0,425,0.12,1.0,3,0.125,1.0416,1416,0
SPY190717C302,2019-07-16,2019-07-16 09:36:14,0.13,1.0833,2342,0.12,1.0,1721,0.12,1.0,3,0.125,1.0416,1416,0
SPY190717C302,2019-07-16,2019-07-16 09:36:15,0.13,1.0833,1658,0.12,1.0,613,0.12,1.0,1,0.125,1.0416,1417,0
SPY190717C302,2019-07-16,2019-07-16 09:36:15,0.13,1.0833,1658,0.12,1.0,613,0.12,1.0,1,0.125,1.0416,1417,1
SPY190717C302,2019-07-16,2019-07-16 09:36:16,0.13,1.0833,2074,0.12,1.0,593,0.12,1.0,1,0.125,1.0416,1417,0
SPY190717C302,2019-07-16,2019-07-16 09:36:17,0.13,1.0833,1658,0.12,1.0,593,0.12,1.0,1,0.125,1.0416,1417,0
SPY190717C302,2019-07-16,2019-07-16 09:36:17,0.13,1.0833,1829,0.12,1.0,898,0.12,1.0,1,0.125,1.0416,1417,0
SPY190717C302,2019-07-16,2019-07-16 09:36:18,0.13,1.0833,2741,0.12,1.0,1687,0.12,1.0,1,0.125,1.0416,1417,0
SPY190717C302,2019-07-16,2019-07-16 09:36:19,0.13,1.0833,2396,0.12,1.0,1463,0.12,1.0,1,0.125,1.0416,1417,0
SPY190717C302,2019-07-16,2019-07-16 09:36:19,0.13,1.0833,1896,0.12,1.0,878,0.12,1.0,1,0.125,1.0416,1417,0
SPY190717C302,2019-07-16,2019-07-16 09:36:20,0.13,1.0833,2734,0.12,1.0,1801,0.12,1.0,1,0.125,1.0416,1417,0
SPY190717C302,2019-07-16,2019-07-16 09:36:21,0.13,1.0833,2735,0.12,1.0,1915,0.12,1.0,1,0.125,1.0416,1417,0
SPY190717C302,2019-07-16,2019-07-16 09:36:22,0.13,1.0833,1829,0.12,1.0,1979,0.12,1.0,1,0.125,1.0416,1417,0
SPY190717C302,2019-07-16,2019-07-16 09:36:23,0.13,1.0833,1130,0.12,1.0,2817,0.12,1.0,1,0.125,1.0416,1417,0
SPY190717C302,2019-07-16,2019-07-16 09:36:25,0.13,1.0833,1130,0.12,1.0,3197,0.12,1.0,1,0.125,1.0416,1417,0
SPY190717C302,2019-07-16,2019-07-16 09:36:26,0.13,1.0833,1130,0.12,1.0,3124,0.12,1.0,1,0.125,1.0416,1417,0
SPY190717C302,2019-07-16,2019-07-16 09:36:27,0.13,1.0833,1035,0.12,1.0,3124,0.12,1.0,1,0.125,1.0416,1417,0
SPY190717C302,2019-07-16,2019-07-16 09:36:27,0.13,1.0833,1130,0.12,1.0,3184,0.12,1.0,1,0.125,1.0416,1417,0
SPY190717C302,2019-07-16,2019-07-16 09:36:28,0.13,1.0833,1035,0.12,1.0,3146,0.12,1.0,1,0.125,1.0416,1417,0
SPY190717C302,2019-07-16,2019-07-16 09:36:29,0.13,1.0833,1035,0.12,1.0,2926,0.12,1.0,1,0.125,1.0416,1417,0
SPY190717C302,2019-07-16,2019-07-16 09:36:29,0.13,1.0833,1130,0.12,1.0,3255,0.12,1.0,1,0.125,1.0416,1417,0
SPY190717C302,2019-07-16,2019-07-16 09:36:30,0.13,1.0833,2,0.12,1.0,3022,0.12,1.0,1,0.125,1.0416,1417,0
SPY190717C302,2019-07-16,2019-07-16 09:36:31,0.13,1.0833,108,0.12,1.0,3067,0.13,1.0833,1,0.125,1.0416,1418,1
SPY190717C302,2019-07-16,2019-07-16 09:36:31,0.13,1.0833,108,0.12,1.0,1533,0.13,1.0833,1,0.125,1.0416,1418,0
SPY190717C302,2019-07-16,2019-07-16 09:36:32,0.13,1.0833,822,0.12,1.0,2913,0.13,1.0833,1,0.125,1.0416,1418,0
SPY190717C302,2019-07-16,2019-07-16 09:36:33,0.13,1.0833,817,0.12,1.0,3028,0.13,1.0833,1,0.125,1.0416,1418,0
SPY190717C302,2019-07-16,2019-07-16 09:36:36,0.13,1.0833,1002,0.12,1.0,2085,0.13,1.0833,1,0.125,1.0416,1418,0
SPY190717C302,2019-07-16,2019-07-16 09:36:36,0.13,1.0833,1017,0.12,1.0,2595,0.13,1.0833,1,0.125,1.0416,1418,0
SPY190717C302,2019-07-16,2019-07-16 09:36:38,0.13,1.0833,946,0.12,1.0,2896,0.13,1.0833,1,0.125,1.0416,1418,0
SPY190717C302,2019-07-16,2019-07-16 09:36:39,0.13,1.0833,956,0.12,1.0,2895,0.12,1.0,1,0.125,1.0416,1419,1
SPY190717C302,2019-07-16,2019-07-16 09:36:40,0.13,1.0833,956,0.12,1.0,2892,0.12,1.0,1,0.125,1.0416,1419,0
SPY190717C302,2019-07-16,2019-07-16 09:36:43,0.13,1.0833,822,0.12,1.0,3199,0.12,1.0,1,0.125,1.0416,1420,1
SPY190717C302,2019-07-16,2019-07-16 09:36:44,0.13,1.0833,324,0.12,1.0,3157,0.12,1.0,1,0.125,1.0416,1420,0
SPY190717C302,2019-07-16,2019-07-16 09:36:45,0.13,1.0833,118,0.12,1.0,2106,0.12,1.0,1,0.125,1.0416,1420,0
SPY190717C302,2019-07-16,2019-07-16 09:36:46,0.13,1.0833,108,0.12,1.0,3523,0.12,1.0,1,0.125,1.0416,1420,0
SPY190717C302,2019-07-16,2019-07-16 09:36:47,0.13,1.0833,108,0.12,1.0,3330,0.12,1.0,1,0.125,1.0416,1420,0
SPY190717C302,2019-07-16,2019-07-16 09:36:48,0.13,1.0833,108,0.12,1.0,3537,0.12,1.0,1,0.125,1.0416,1420,0
SPY190717C302,2019-07-16,2019-07-16 09:36:48,0.13,1.0833,108,0.12,1.0,3330,0.12,1.0,1,0.125,1.0416,1420,0
SPY190717C302,2019-07-16,2019-07-16 09:36:49,0.13,1.0833,132,0.12,1.0,3398,0.12,1.0,1,0.125,1.0416,1420,0
SPY190717C302,2019-07-16,2019-07-16 09:36:50,0.13,1.0833,132,0.12,1.0,3191,0.12,1.0,1,0.125,1.0416,1420,0
SPY190717C302,2019-07-16,2019-07-16 09:36:50,0.13,1.0833,132,0.12,1.0,3310,0.12,1.0,1,0.125,1.0416,1420,0
SPY190717C302,2019-07-16,2019-07-16 09:36:51,0.13,1.0833,132,0.12,1.0,3310,0.12,1.0,1,0.125,1.0416,1420,0
SPY190717C302,2019-07-16,2019-07-16 09:36:52,0.13,1.0833,132,0.12,1.0,3286,0.12,1.0,1,0.125,1.0416,1420,0
SPY190717C302,2019-07-16,2019-07-16 09:36:52,0.13,1.0833,132,0.12,1.0,2378,0.12,1.0,1,0.125,1.0416,1420,0
SPY190717C302,2019-07-16,2019-07-16 09:36:53,0.13,1.0833,10,0.12,1.0,3379,0.12,1.0,1,0.125,1.0416,1420,0
SPY190717C302,2019-07-16,2019-07-16 09:36:53,0.13,1.0833,132,0.12,1.0,3286,0.12,1.0,1,0.125,1.0416,1420,0
SPY190717C302,2019-07-16,2019-07-16 09:36:54,0.13,1.0833,108,0.12,1.0,3587,0.12,1.0,1,0.125,1.0416,1420,0
SPY190717C302,2019-07-16,2019-07-16 09:36:55,0.13,1.0833,108,0.12,1.0,3587,0.12,1.0,1,0.125,1.0416,1420,0
SPY190717C302,2019-07-16,2019-07-16 09:36:55,0.13,1.0833,108,0.12,1.0,3587,0.13,1.0833,4,0.125,1.0416,1435,15
SPY190717C302,2019-07-16,2019-07-16 09:36:56,0.13,1.0833,108,0.12,1.0,3911,0.13,1.0833,4,0.125,1.0416,1435,0
SPY190717C302,2019-07-16,2019-07-16 09:36:57,0.13,1.0833,105,0.12,1.0,3911,0.13,1.0833,3,0.125,1.0416,1439,4
SPY190717C302,2019-07-16,2019-07-16 09:36:57,0.13,1.0833,105,0.12,1.0,3911,0.13,1.0833,3,0.125,1.0416,1439,0
SPY190717C302,2019-07-16,2019-07-16 09:36:58,0.13,1.0833,105,0.12,1.0,3707,0.13,1.0833,3,0.125,1.0416,1439,0
SPY190717C302,2019-07-16,2019-07-16 09:36:58,0.14,1.1666,2143,0.12,1.0,3707,0.13,1.0833,3,0.13,1.0833,1439,0
SPY190717C302,2019-07-16,2019-07-16 09:36:59,0.14,1.1666,2252,0.13,1.0833,878,0.13,1.0833,3,0.135,1.125,1439,0
SPY190717C302,2019-07-16,2019-07-16 09:37:00,0.14,1.1666,2659,0.13,1.0833,1192,0.13,1.0833,3,0.135,1.125,1439,0
SPY190717C302,2019-07-16,2019-07-16 09:37:00,0.14,1.1666,2547,0.13,1.0833,1411,0.13,1.0833,3,0.135,1.125,1439,0
SPY190717C302,2019-07-16,2019-07-16 09:37:01,0.14,1.1666,2659,0.13,1.0833,1192,0.13,1.0833,3,0.135,1.125,1439,0
SPY190717C302,2019-07-16,2019-07-16 09:37:02,0.14,1.1666,1869,0.13,1.0833,130,0.13,1.0833,3,0.135,1.125,1439,0
SPY190717C302,2019-07-16,2019-07-16 09:37:03,0.14,1.1666,2885,0.13,1.0833,5,0.13,1.0833,3,0.135,1.125,1439,0
SPY190717C302,2019-07-16,2019-07-16 09:37:04,0.14,1.1666,3317,0.13,1.0833,402,0.13,1.0833,3,0.135,1.125,1439,0
SPY190717C302,2019-07-16,2019-07-16 09:37:05,0.14,1.1666,2780,0.13,1.0833,412,0.13,1.0833,3,0.135,1.125,1439,0
SPY190717C302,2019-07-16,2019-07-16 09:37:06,0.14,1.1666,2780,0.13,1.0833,422,0.13,1.0833,3,0.135,1.125,1439,0
SPY190717C302,2019-07-16,2019-07-16 09:37:07,0.14,1.1666,3173,0.13,1.0833,422,0.13,1.0833,3,0.135,1.125,1439,0
SPY190717C302,2019-07-16,2019-07-16 09:37:08,0.14,1.1666,1717,0.13,1.0833,110,0.13,1.0833,3,0.135,1.125,1439,0
SPY190717C302,2019-07-16,2019-07-16 09:37:09,0.14,1.1666,2387,0.13,1.0833,110,0.13,1.0833,3,0.135,1.125,1439,0
SPY190717C302,2019-07-16,2019-07-16 09:37:10,0.14,1.1666,1806,0.13,1.0833,110,0.13,1.0833,3,0.135,1.125,1439,0
SPY190717C302,2019-07-16,2019-07-16 09:37:11,0.14,1.1666,2391,0.13,1.0833,110,0.13,1.0833,3,0.135,1.125,1439,0
SPY190717C302,2019-07-16,2019-07-16 09:37:12,0.14,1.1666,2391,0.13,1.0833,110,0.13,1.0833,3,0.135,1.125,1439,0
SPY190717C302,2019-07-16,2019-07-16 09:37:12,0.14,1.1666,3313,0.13,1.0833,110,0.13,1.0833,3,0.135,1.125,1439,0
SPY190717C302,2019-07-16,2019-07-16 09:37:13,0.13,1.0833,875,0.12,1.0,2578,0.13,1.0833,3,0.125,1.0416,1439,0
SPY190717C302,2019-07-16,2019-07-16 09:37:14,0.13,1.0833,1100,0.12,1.0,2631,0.13,1.0833,3,0.125,1.0416,1439,0
SPY190717C302,2019-07-16,2019-07-16 09:37:15,0.13,1.0833,1100,0.12,1.0,2521,0.13,1.0833,3,0.125,1.0416,1439,0
SPY190717C302,2019-07-16,2019-07-16 09:37:16,0.13,1.0833,402,0.12,1.0,1944,0.13,1.0833,3,0.125,1.0416,1439,0
SPY190717C302,2019-07-16,2019-07-16 09:37:17,0.13,1.0833,393,0.12,1.0,2783,0.13,1.0833,3,0.125,1.0416,1439,0
SPY190717C302,2019-07-16,2019-07-16 09:37:17,0.13,1.0833,343,0.12,1.0,2783,0.13,1.0833,3,0.125,1.0416,1439,0
SPY190717C302,2019-07-16,2019-07-16 09:37:18,0.13,1.0833,292,0.12,1.0,3493,0.13,1.0833,3,0.125,1.0416,1439,0
SPY190717C302,2019-07-16,2019-07-16 09:37:19,0.13,1.0833,317,0.12,1.0,1107,0.13,1.0833,3,0.125,1.0416,1439,0
SPY190717C302,2019-07-16,2019-07-16 09:37:19,0.13,1.0833,317,0.12,1.0,3499,0.13,1.0833,3,0.125,1.0416,1439,0
SPY190717C302,2019-07-16,2019-07-16 09:37:20,0.13,1.0833,340,0.12,1.0,2782,0.13,1.0833,3,0.125,1.0416,1439,0
SPY190717C302,2019-07-16,2019-07-16 09:37:21,0.13,1.0833,340,0.12,1.0,2782,0.13,1.0833,3,0.125,1.0416,1439,0
SPY190717C302,2019-07-16,2019-07-16 09:37:21,0.13,1.0833,340,0.12,1.0,3194,0.13,1.0833,3,0.125,1.0416,1439,0
SPY190717C302,2019-07-16,2019-07-16 09:37:22,0.13,1.0833,340,0.12,1.0,3187,0.13,1.0833,3,0.125,1.0416,1439,0
SPY190717C302,2019-07-16,2019-07-16 09:37:23,0.13,1.0833,340,0.12,1.0,3187,0.13,1.0833,3,0.125,1.0416,1439,0
SPY190717C302,2019-07-16,2019-07-16 09:37:24,0.13,1.0833,340,0.12,1.0,3187,0.13,1.0833,3,0.125,1.0416,1439,0
SPY190717C302,2019-07-16,2019-07-16 09:37:24,0.13,1.0833,340,0.12,1.0,3240,0.13,1.0833,3,0.125,1.0416,1439,0
SPY190717C302,2019-07-16,2019-07-16 09:37:25,0.13,1.0833,340,0.12,1.0,3240,0.13,1.0833,3,0.125,1.0416,1439,0
SPY190717C302,2019-07-16,2019-07-16 09:37:28,0.13,1.0833,452,0.12,1.0,2772,0.13,1.0833,3,0.125,1.0416,1439,0
SPY190717C302,2019-07-16,2019-07-16 09:37:30,0.13,1.0833,581,0.12,1.0,2740,0.13,1.0833,3,0.125,1.0416,1439,0
SPY190717C302,2019-07-16,2019-07-16 09:37:31,0.13,1.0833,382,0.12,1.0,2913,0.13,1.0833,3,0.125,1.0416,1439,0
SPY190717C302,2019-07-16,2019-07-16 09:37:31,0.13,1.0833,1030,0.12,1.0,2572,0.13,1.0833,3,0.125,1.0416,1439,0
SPY190717C302,2019-07-16,2019-07-16 09:37:32,0.13,1.0833,1030,0.12,1.0,2572,0.13,1.0833,3,0.125,1.0416,1439,0
SPY190717C302,2019-07-16,2019-07-16 09:37:33,0.13,1.0833,1030,0.12,1.0,1884,0.13,1.0833,3,0.125,1.0416,1439,0
SPY190717C302,2019-07-16,2019-07-16 09:37:34,0.13,1.0833,2225,0.12,1.0,1884,0.13,1.0833,3,0.125,1.0416,1439,0
SPY190717C302,2019-07-16,2019-07-16 09:37:35,0.13,1.0833,2224,0.12,1.0,1884,0.13,1.0833,3,0.125,1.0416,1439,0
SPY190717C302,2019-07-16,2019-07-16 09:37:36,0.13,1.0833,1899,0.12,1.0,1884,0.13,1.0833,3,0.125,1.0416,1439,0
SPY190717C302,2019-07-16,2019-07-16 09:37:36,0.13,1.0833,2316,0.12,1.0,1884,0.13,1.0833,3,0.125,1.0416,1439,0
SPY190717C302,2019-07-16,2019-07-16 09:37:37,0.13,1.0833,2316,0.12,1.0,1884,0.13,1.0833,3,0.125,1.0416,1439,0
SPY190717C302,2019-07-16,2019-07-16 09:37:38,0.13,1.0833,2288,0.12,1.0,1884,0.13,1.0833,3,0.125,1.0416,1439,0
SPY190717C302,2019-07-16,2019-07-16 09:37:38,0.13,1.0833,1805,0.12,1.0,1884,0.13,1.0833,3,0.125,1.0416,1439,0
SPY190717C302,2019-07-16,2019-07-16 09:37:39,0.13,1.0833,2291,0.12,1.0,1884,0.13,1.0833,3,0.125,1.0416,1439,0
SPY190717C302,2019-07-16,2019-07-16 09:37:40,0.13,1.0833,2576,0.12,1.0,888,0.13,1.0833,3,0.125,1.0416,1439,0
SPY190717C302,2019-07-16,2019-07-16 09:37:40,0.13,1.0833,2576,0.12,1.0,1121,0.13,1.0833,3,0.125,1.0416,1439,0
SPY190717C302,2019-07-16,2019-07-16 09:37:41,0.13,1.0833,2515,0.12,1.0,1446,0.13,1.0833,3,0.125,1.0416,1439,0
SPY190717C302,2019-07-16,2019-07-16 09:37:42,0.13,1.0833,3624,0.12,1.0,1561,0.13,1.0833,3,0.125,1.0416,1439,0
SPY190717C302,2019-07-16,2019-07-16 09:37:42,0.13,1.0833,2646,0.12,1.0,878,0.13,1.0833,3,0.125,1.0416,1439,0
SPY190717C302,2019-07-16,2019-07-16 09:37:43,0.13,1.0833,3691,0.12,1.0,878,0.13,1.0833,3,0.125,1.0416,1439,0
SPY190717C302,2019-07-16,2019-07-16 09:37:44,0.13,1.0833,3691,0.12,1.0,878,0.13,1.0833,3,0.125,1.0416,1439,0
SPY190717C302,2019-07-16,2019-07-16 09:37:45,0.13,1.0833,3598,0.12,1.0,1915,0.13,1.0833,3,0.125,1.0416,1439,0
SPY190717C302,2019-07-16,2019-07-16 09:37:46,0.13,1.0833,3598,0.12,1.0,1915,0.13,1.0833,3,0.125,1.0416,1439,0
SPY190717C302,2019-07-16,2019-07-16 09:37:46,0.13,1.0833,3514,0.12,1.0,1380,0.13,1.0833,3,0.125,1.0416,1439,0
SPY190717C302,2019-07-16,2019-07-16 09:37:47,0.13,1.0833,1594,0.12,1.0,1109,0.13,1.0833,3,0.125,1.0416,1439,0
SPY190717C302,2019-07-16,2019-07-16 09:37:47,0.13,1.0833,1008,0.12,1.0,2247,0.13,1.0833,3,0.125,1.0416,1439,0
SPY190717C302,2019-07-16,2019-07-16 09:37:48,0.13,1.0833,1594,0.12,1.0,1740,0.13,1.0833,3,0.125,1.0416,1439,0
SPY190717C302,2019-07-16,2019-07-16 09:37:49,0.13,1.0833,1594,0.12,1.0,1885,0.13,1.0833,3,0.125,1.0416,1439,0
SPY190717C302,2019-07-16,2019-07-16 09:37:49,0.13,1.0833,1594,0.12,1.0,2264,0.13,1.0833,3,0.125,1.0416,1439,0
SPY190717C302,2019-07-16,2019-07-16 09:37:50,0.13,1.0833,1594,0.12,1.0,2264,0.13,1.0833,3,0.125,1.0416,1439,0
SPY190717C302,2019-07-16,2019-07-16 09:37:51,0.13,1.0833,1124,0.12,1.0,906,0.13,1.0833,3,0.125,1.0416,1439,0
SPY190717C302,2019-07-16,2019-07-16 09:37:51,0.13,1.0833,1856,0.12,1.0,1412,0.13,1.0833,3,0.125,1.0416,1439,0
SPY190717C302,2019-07-16,2019-07-16 09:37:52,0.13,1.0833,1008,0.12,1.0,2239,0.13,1.0833,2,0.125,1.0416,1441,2
SPY190717C302,2019-07-16,2019-07-16 09:37:53,0.13,1.0833,1008,0.12,1.0,1540,0.13,1.0833,2,0.125,1.0416,1441,0
SPY190717C302,2019-07-16,2019-07-16 09:37:53,0.13,1.0833,1008,0.12,1.0,2539,0.13,1.0833,2,0.125,1.0416,1441,0
SPY190717C302,2019-07-16,2019-07-16 09:37:54,0.13,1.0833,1008,0.12,1.0,2102,0.13,1.0833,2,0.125,1.0416,1441,0
SPY190717C302,2019-07-16,2019-07-16 09:37:55,0.13,1.0833,1008,0.12,1.0,2102,0.13,1.0833,2,0.125,1.0416,1441,0
SPY190717C302,2019-07-16,2019-07-16 09:37:56,0.13,1.0833,1472,0.12,1.0,1953,0.13,1.0833,2,0.125,1.0416,1441,0
SPY190717C302,2019-07-16,2019-07-16 09:37:57,0.13,1.0833,2243,0.12,1.0,2274,0.13,1.0833,2,0.125,1.0416,1441,0
SPY190717C302,2019-07-16,2019-07-16 09:37:57,0.13,1.0833,2243,0.12,1.0,1953,0.13,1.0833,2,0.125,1.0416,1441,0
SPY190717C302,2019-07-16,2019-07-16 09:37:58,0.13,1.0833,2331,0.12,1.0,2262,0.13,1.0833,2,0.125,1.0416,1441,0
SPY190717C302,2019-07-16,2019-07-16 09:37:59,0.13,1.0833,2331,0.12,1.0,2128,0.12,1.0,1,0.125,1.0416,1445,4
SPY190717C302,2019-07-16,2019-07-16 09:37:59,0.13,1.0833,1835,0.12,1.0,2128,0.12,1.0,1,0.125,1.0416,1445,0
SPY190717C302,2019-07-16,2019-07-16 09:38:00,0.13,1.0833,1861,0.12,1.0,2128,0.12,1.0,1,0.125,1.0416,1445,0
SPY190717C302,2019-07-16,2019-07-16 09:38:00,0.13,1.0833,2331,0.12,1.0,2128,0.12,1.0,1,0.125,1.0416,1445,0
SPY190717C302,2019-07-16,2019-07-16 09:38:01,0.13,1.0833,2022,0.12,1.0,2265,0.12,1.0,1,0.125,1.0416,1445,0
SPY190717C302,2019-07-16,2019-07-16 09:38:02,0.13,1.0833,2020,0.12,1.0,2265,0.12,1.0,1,0.125,1.0416,1445,0
SPY190717C302,2019-07-16,2019-07-16 09:38:03,0.13,1.0833,1525,0.12,1.0,2263,0.12,1.0,1,0.125,1.0416,1445,0
SPY190717C302,2019-07-16,2019-07-16 09:38:04,0.13,1.0833,1586,0.12,1.0,2263,0.12,1.0,1,0.125,1.0416,1445,0
SPY190717C302,2019-07-16,2019-07-16 09:38:04,0.13,1.0833,1330,0.12,1.0,2263,0.12,1.0,1,0.125,1.0416,1445,0
SPY190717C302,2019-07-16,2019-07-16 09:38:05,0.13,1.0833,1330,0.12,1.0,2263,0.12,1.0,1,0.125,1.0416,1445,0
SPY190717C302,2019-07-16,2019-07-16 09:38:06,0.13,1.0833,1330,0.12,1.0,2263,0.12,1.0,1,0.125,1.0416,1445,0
SPY190717C302,2019-07-16,2019-07-16 09:38:06,0.13,1.0833,1384,0.12,1.0,2263,0.12,1.0,1,0.125,1.0416,1445,0
SPY190717C302,2019-07-16,2019-07-16 09:38:07,0.13,1.0833,1685,0.12,1.0,2263,0.12,1.0,1,0.125,1.0416,1445,0
SPY190717C302,2019-07-16,2019-07-16 09:38:07,0.13,1.0833,1384,0.12,1.0,2269,0.12,1.0,1,0.125,1.0416,1445,0
SPY190717C302,2019-07-16,2019-07-16 09:38:08,0.13,1.0833,2170,0.12,1.0,2862,0.12,1.0,1,0.125,1.0416,1445,0
SPY190717C302,2019-07-16,2019-07-16 09:38:08,0.13,1.0833,1698,0.12,1.0,2305,0.12,1.0,1,0.125,1.0416,1445,0
SPY190717C302,2019-07-16,2019-07-16 09:38:09,0.13,1.0833,2170,0.12,1.0,3006,0.12,1.0,1,0.125,1.0416,1445,0
SPY190717C302,2019-07-16,2019-07-16 09:38:10,0.13,1.0833,108,0.12,1.0,2913,0.12,1.0,1,0.125,1.0416,1445,0
SPY190717C302,2019-07-16,2019-07-16 09:38:10,0.13,1.0833,198,0.12,1.0,1280,0.12,1.0,1,0.125,1.0416,1445,0
SPY190717C302,2019-07-16,2019-07-16 09:38:11,0.13,1.0833,108,0.12,1.0,2977,0.12,1.0,1,0.125,1.0416,1445,0
SPY190717C302,2019-07-16,2019-07-16 09:38:11,0.13,1.0833,108,0.12,1.0,2913,0.12,1.0,1,0.125,1.0416,1445,0
SPY190717C302,2019-07-16,2019-07-16 09:38:12,0.13,1.0833,947,0.12,1.0,2772,0.12,1.0,1,0.125,1.0416,1445,0
SPY190717C302,2019-07-16,2019-07-16 09:38:13,0.13,1.0833,947,0.12,1.0,3032,0.12,1.0,1,0.125,1.0416,1445,0
SPY190717C302,2019-07-16,2019-07-16 09:38:13,0.13,1.0833,947,0.12,1.0,2994,0.12,1.0,1,0.125,1.0416,1445,0
SPY190717C302,2019-07-16,2019-07-16 09:38:14,0.13,1.0833,947,0.12,1.0,3161,0.12,1.0,1,0.125,1.0416,1445,0
SPY190717C302,2019-07-16,2019-07-16 09:38:14,0.13,1.0833,947,0.12,1.0,3261,0.12,1.0,1,0.125,1.0416,1445,0
SPY190717C302,2019-07-16,2019-07-16 09:38:16,0.13,1.0833,1253,0.12,1.0,2774,0.12,1.0,1,0.125,1.0416,1445,0
SPY190717C302,2019-07-16,2019-07-16 09:38:17,0.13,1.0833,1253,0.12,1.0,3592,0.12,1.0,1,0.125,1.0416,1445,0
SPY190717C302,2019-07-16,2019-07-16 09:38:17,0.13,1.0833,925,0.12,1.0,3592,0.12,1.0,1,0.125,1.0416,1445,0
SPY190717C302,2019-07-16,2019-07-16 09:38:18,0.13,1.0833,1202,0.12,1.0,3568,0.12,1.0,1,0.125,1.0416,1445,0
SPY190717C302,2019-07-16,2019-07-16 09:38:19,0.13,1.0833,1202,0.12,1.0,2774,0.12,1.0,1,0.125,1.0416,1445,0
SPY190717C302,2019-07-16,2019-07-16 09:38:19,0.13,1.0833,1107,0.12,1.0,2966,0.12,1.0,1,0.125,1.0416,1445,0
SPY190717C302,2019-07-16,2019-07-16 09:38:20,0.13,1.0833,1107,0.12,1.0,2966,0.12,1.0,1,0.125,1.0416,1445,0
SPY190717C302,2019-07-16,2019-07-16 09:38:21,0.13,1.0833,913,0.12,1.0,3497,0.12,1.0,4,0.125,1.0416,1457,12
SPY190717C302,2019-07-16,2019-07-16 09:38:22,0.13,1.0833,1011,0.12,1.0,2966,0.12,1.0,4,0.125,1.0416,1457,0
SPY190717C302,2019-07-16,2019-07-16 09:38:23,0.13,1.0833,1011,0.12,1.0,2966,0.12,1.0,4,0.125,1.0416,1457,0
SPY190717C302,2019-07-16,2019-07-16 09:38:23,0.13,1.0833,1009,0.12,1.0,2966,0.12,1.0,4,0.125,1.0416,1457,0
SPY190717C302,2019-07-16,2019-07-16 09:38:24,0.13,1.0833,1484,0.12,1.0,2968,0.12,1.0,4,0.125,1.0416,1457,0
SPY190717C302,2019-07-16,2019-07-16 09:38:24,0.13,1.0833,1484,0.12,1.0,3244,0.12,1.0,4,0.125,1.0416,1457,0
SPY190717C302,2019-07-16,2019-07-16 09:38:25,0.13,1.0833,1146,0.12,1.0,2917,0.12,1.0,4,0.125,1.0416,1457,0
SPY190717C302,2019-07-16,2019-07-16 09:38:26,0.13,1.0833,944,0.12,1.0,1862,0.12,1.0,4,0.125,1.0416,1457,0
SPY190717C302,2019-07-16,2019-07-16 09:38:26,0.13,1.0833,1120,0.12,1.0,1862,0.12,1.0,4,0.125,1.0416,1457,0
SPY190717C302,2019-07-16,2019-07-16 09:38:27,0.13,1.0833,887,0.12,1.0,2735,0.12,1.0,4,0.125,1.0416,1457,0
SPY190717C302,2019-07-16,2019-07-16 09:38:27,0.13,1.0833,1120,0.12,1.0,1862,0.12,1.0,4,0.125,1.0416,1457,0
SPY190717C302,2019-07-16,2019-07-16 09:38:28,0.13,1.0833,887,0.12,1.0,2736,0.12,1.0,4,0.125,1.0416,1457,0
SPY190717C302,2019-07-16,2019-07-16 09:38:28,0.13,1.0833,2739,0.12,1.0,1529,0.12,1.0,4,0.125,1.0416,1457,0
SPY190717C302,2019-07-16,2019-07-16 09:38:29,0.13,1.0833,1133,0.12,1.0,1192,0.12,1.0,4,0.125,1.0416,1457,0
SPY190717C302,2019-07-16,2019-07-16 09:38:29,0.13,1.0833,2806,0.12,1.0,2356,0.12,1.0,4,0.125,1.0416,1457,0
SPY190717C302,2019-07-16,2019-07-16 09:38:30,0.13,1.0833,1268,0.12,1.0,2063,0.12,1.0,4,0.125,1.0416,1457,0
SPY190717C302,2019-07-16,2019-07-16 09:38:31,0.13,1.0833,1124,0.12,1.0,1982,0.13,1.0833,9,0.125,1.0416,1467,10
SPY190717C302,2019-07-16,2019-07-16 09:38:31,0.13,1.0833,1114,0.12,1.0,2710,0.13,1.0833,9,0.125,1.0416,1467,0
SPY190717C302,2019-07-16,2019-07-16 09:38:32,0.13,1.0833,1014,0.12,1.0,2715,0.13,1.0833,9,0.125,1.0416,1467,0
SPY190717C302,2019-07-16,2019-07-16 09:38:32,0.13,1.0833,1050,0.12,1.0,2716,0.13,1.0833,9,0.125,1.0416,1467,0
SPY190717C302,2019-07-16,2019-07-16 09:38:33,0.13,1.0833,1456,0.12,1.0,1660,0.13,1.0833,9,0.125,1.0416,1467,0
SPY190717C302,2019-07-16,2019-07-16 09:38:33,0.13,1.0833,2254,0.12,1.0,2122,0.13,1.0833,9,0.125,1.0416,1467,0
SPY190717C302,2019-07-16,2019-07-16 09:38:36,0.13,1.0833,1534,0.12,1.0,2720,0.13,1.0833,9,0.125,1.0416,1467,0
SPY190717C302,2019-07-16,2019-07-16 09:38:37,0.13,1.0833,1235,0.12,1.0,2342,0.13,1.0833,9,0.125,1.0416,1467,0
SPY190717C302,2019-07-16,2019-07-16 09:38:38,0.13,1.0833,1235,0.12,1.0,2732,0.13,1.0833,9,0.125,1.0416,1467,0
SPY190717C302,2019-07-16,2019-07-16 09:38:39,0.13,1.0833,5,0.12,1.0,2514,0.13,1.0833,9,0.125,1.0416,1467,0
SPY190717C302,2019-07-16,2019-07-16 09:38:39,0.13,1.0833,5,0.12,1.0,2891,0.13,1.0833,9,0.125,1.0416,1467,0
SPY190717C302,2019-07-16,2019-07-16 09:38:40,0.13,1.0833,817,0.12,1.0,2565,0.13,1.0833,9,0.125,1.0416,1467,0
SPY190717C302,2019-07-16,2019-07-16 09:38:40,0.13,1.0833,5,0.12,1.0,2958,0.13,1.0833,9,0.125,1.0416,1467,0
SPY190717C302,2019-07-16,2019-07-16 09:38:41,0.13,1.0833,223,0.12,1.0,2774,0.13,1.0833,9,0.125,1.0416,1467,0
SPY190717C302,2019-07-16,2019-07-16 09:38:42,0.13,1.0833,860,0.12,1.0,2764,0.13,1.0833,9,0.125,1.0416,1467,0
SPY190717C302,2019-07-16,2019-07-16 09:38:42,0.13,1.0833,1509,0.12,1.0,2764,0.13,1.0833,9,0.125,1.0416,1467,0
SPY190717C302,2019-07-16,2019-07-16 09:38:43,0.13,1.0833,1450,0.12,1.0,2764,0.13,1.0833,9,0.125,1.0416,1467,0
SPY190717C302,2019-07-16,2019-07-16 09:38:44,0.13,1.0833,1622,0.12,1.0,2764,0.13,1.0833,9,0.125,1.0416,1467,0
SPY190717C302,2019-07-16,2019-07-16 09:38:44,0.13,1.0833,2098,0.12,1.0,2088,0.13,1.0833,9,0.125,1.0416,1467,0
SPY190717C302,2019-07-16,2019-07-16 09:38:45,0.13,1.0833,2323,0.12,1.0,2088,0.13,1.0833,1,0.125,1.0416,1468,1
SPY190717C302,2019-07-16,2019-07-16 09:38:46,0.13,1.0833,2217,0.12,1.0,2088,0.13,1.0833,1,0.125,1.0416,1468,0
SPY190717C302,2019-07-16,2019-07-16 09:38:46,0.13,1.0833,1245,0.12,1.0,2088,0.13,1.0833,1,0.125,1.0416,1468,0
SPY190717C302,2019-07-16,2019-07-16 09:38:47,0.13,1.0833,1682,0.12,1.0,2171,0.13,1.0833,1,0.125,1.0416,1468,0
SPY190717C302,2019-07-16,2019-07-16 09:38:48,0.13,1.0833,820,0.12,1.0,2171,0.13,1.0833,1,0.125,1.0416,1468,0
SPY190717C302,2019-07-16,2019-07-16 09:38:50,0.13,1.0833,637,0.12,1.0,2171,0.13,1.0833,1,0.125,1.0416,1468,0
SPY190717C302,2019-07-16,2019-07-16 09:38:51,0.13,1.0833,2608,0.12,1.0,1855,0.13,1.0833,1,0.125,1.0416,1468,0
SPY190717C302,2019-07-16,2019-07-16 09:38:52,0.13,1.0833,2795,0.12,1.0,1594,0.13,1.0833,5,0.125,1.0416,1473,5
SPY190717C302,2019-07-16,2019-07-16 09:38:53,0.13,1.0833,3064,0.12,1.0,2192,0.13,1.0833,5,0.125,1.0416,1473,0
SPY190717C302,2019-07-16,2019-07-16 09:38:54,0.13,1.0833,3102,0.12,1.0,2192,0.13,1.0833,5,0.125,1.0416,1473,0
SPY190717C302,2019-07-16,2019-07-16 09:38:55,0.13,1.0833,4200,0.12,1.0,1097,0.13,1.0833,5,0.125,1.0416,1473,0
SPY190717C302,2019-07-16,2019-07-16 09:38:56,0.13,1.0833,4090,0.12,1.0,1350,0.13,1.0833,5,0.125,1.0416,1473,0
SPY190717C302,2019-07-16,2019-07-16 09:38:57,0.13,1.0833,4090,0.12,1.0,1350,0.13,1.0833,5,0.125,1.0416,1473,0
SPY190717C302,2019-07-16,2019-07-16 09:39:02,0.13,1.0833,3756,0.12,1.0,1964,0.13,1.0833,5,0.125,1.0416,1473,0
SPY190717C302,2019-07-16,2019-07-16 09:39:06,0.13,1.0833,3878,0.12,1.0,1484,0.13,1.0833,5,0.125,1.0416,1473,0
SPY190717C302,2019-07-16,2019-07-16 09:39:08,0.13,1.0833,3892,0.12,1.0,1350,0.13,1.0833,5,0.125,1.0416,1473,0
SPY190717C302,2019-07-16,2019-07-16 09:39:09,0.13,1.0833,3892,0.12,1.0,876,0.13,1.0833,5,0.125,1.0416,1473,0
SPY190717C302,2019-07-16,2019-07-16 09:39:10,0.13,1.0833,3892,0.12,1.0,876,0.12,1.0,4,0.125,1.0416,1477,4
SPY190717C302,2019-07-16,2019-07-16 09:39:11,0.13,1.0833,3892,0.12,1.0,774,0.12,1.0,4,0.125,1.0416,1477,0
SPY190717C302,2019-07-16,2019-07-16 09:39:12,0.13,1.0833,3502,0.12,1.0,1233,0.12,1.0,4,0.125,1.0416,1477,0
SPY190717C302,2019-07-16,2019-07-16 09:39:14,0.13,1.0833,3674,0.12,1.0,2031,0.12,1.0,4,0.125,1.0416,1477,0
SPY190717C302,2019-07-16,2019-07-16 09:39:16,0.13,1.0833,3743,0.12,1.0,1987,0.12,1.0,4,0.125,1.0416,1477,0
SPY190717C302,2019-07-16,2019-07-16 09:39:19,0.13,1.0833,3231,0.12,1.0,2001,0.12,1.0,4,0.125,1.0416,1477,0
SPY190717C302,2019-07-16,2019-07-16 09:39:21,0.13,1.0833,2527,0.12,1.0,1416,0.12,1.0,4,0.125,1.0416,1477,0
SPY190717C302,2019-07-16,2019-07-16 09:39:23,0.13,1.0833,1188,0.12,1.0,1878,0.12,1.0,4,0.125,1.0416,1477,0
SPY190717C302,2019-07-16,2019-07-16 09:39:26,0.13,1.0833,2417,0.12,1.0,1246,0.12,1.0,4,0.125,1.0416,1477,0
SPY190717C302,2019-07-16,2019-07-16 09:39:29,0.13,1.0833,2267,0.12,1.0,2096,0.13,1.0833,10,0.125,1.0416,1487,10
SPY190717C302,2019-07-16,2019-07-16 09:39:36,0.13,1.0833,3511,0.12,1.0,1783,0.13,1.0833,10,0.125,1.0416,1487,0
SPY190717C302,2019-07-16,2019-07-16 09:41:56,0.15,1.25,420,0.14,1.1666,3117,0.14,1.1666,3,0.145,1.2083,1778,291
SPY190717C302,2019-07-16,2019-07-16 09:41:57,0.15,1.25,420,0.14,1.1666,2661,0.14,1.1666,3,0.145,1.2083,1778,0
SPY190717C302,2019-07-16,2019-07-16 09:41:58,0.15,1.25,442,0.14,1.1666,2742,0.14,1.1666,3,0.145,1.2083,1778,0
SPY190717C302,2019-07-16,2019-07-16 09:41:58,0.15,1.25,420,0.14,1.1666,2742,0.14,1.1666,3,0.145,1.2083,1778,0
SPY190717C302,2019-07-16,2019-07-16 09:41:59,0.15,1.25,442,0.14,1.1666,2742,0.14,1.1666,3,0.145,1.2083,1778,0
SPY190717C302,2019-07-16,2019-07-16 09:42:00,0.15,1.25,436,0.14,1.1666,1936,0.14,1.1666,3,0.145,1.2083,1778,0
SPY190717C302,2019-07-16,2019-07-16 09:42:00,0.15,1.25,514,0.14,1.1666,1598,0.14,1.1666,3,0.145,1.2083,1778,0
SPY190717C302,2019-07-16,2019-07-16 09:42:01,0.15,1.25,436,0.14,1.1666,2758,0.14,1.1666,3,0.145,1.2083,1778,0
SPY190717C302,2019-07-16,2019-07-16 09:42:01,0.15,1.25,231,0.14,1.1666,3444,0.14,1.1666,3,0.145,1.2083,1778,0
SPY190717C302,2019-07-16,2019-07-16 09:42:02,0.15,1.25,231,0.14,1.1666,3173,0.14,1.1666,3,0.145,1.2083,1778,0
SPY190717C302,2019-07-16,2019-07-16 09:42:03,0.15,1.25,18,0.14,1.1666,2820,0.14,1.1666,3,0.145,1.2083,1778,0
SPY190717C302,2019-07-16,2019-07-16 09:42:03,0.15,1.25,231,0.14,1.1666,3124,0.14,1.1666,3,0.145,1.2083,1778,0
SPY190717C302,2019-07-16,2019-07-16 09:42:04,0.15,1.25,18,0.14,1.1666,3681,0.14,1.1666,3,0.145,1.2083,1778,0
SPY190717C302,2019-07-16,2019-07-16 09:42:05,0.15,1.25,18,0.14,1.1666,3723,0.14,1.1666,3,0.145,1.2083,1778,0
SPY190717C302,2019-07-16,2019-07-16 09:42:06,0.15,1.25,18,0.14,1.1666,2910,0.14,1.1666,3,0.145,1.2083,1778,0
SPY190717C302,2019-07-16,2019-07-16 09:42:06,0.15,1.25,18,0.14,1.1666,2211,0.14,1.1666,3,0.145,1.2083,1778,0
SPY190717C302,2019-07-16,2019-07-16 09:42:07,0.15,1.25,218,0.14,1.1666,3568,0.14,1.1666,3,0.145,1.2083,1778,0
SPY190717C302,2019-07-16,2019-07-16 09:42:08,0.15,1.25,218,0.14,1.1666,3156,0.14,1.1666,3,0.145,1.2083,1778,0
SPY190717C302,2019-07-16,2019-07-16 09:42:08,0.15,1.25,218,0.14,1.1666,3639,0.14,1.1666,3,0.145,1.2083,1778,0
SPY190717C302,2019-07-16,2019-07-16 09:42:09,0.15,1.25,734,0.14,1.1666,2276,0.14,1.1666,3,0.145,1.2083,1778,0
SPY190717C302,2019-07-16,2019-07-16 09:42:09,0.15,1.25,460,0.14,1.1666,2214,0.14,1.1666,3,0.145,1.2083,1778,0
SPY190717C302,2019-07-16,2019-07-16 09:42:10,0.15,1.25,734,0.14,1.1666,1836,0.14,1.1666,3,0.145,1.2083,1778,0
SPY190717C302,2019-07-16,2019-07-16 09:42:11,0.15,1.25,620,0.14,1.1666,2716,0.14,1.1666,3,0.145,1.2083,1778,0
SPY190717C302,2019-07-16,2019-07-16 09:42:11,0.15,1.25,834,0.14,1.1666,1323,0.14,1.1666,3,0.145,1.2083,1778,0
SPY190717C302,2019-07-16,2019-07-16 09:42:12,0.15,1.25,353,0.14,1.1666,2297,0.14,1.1666,3,0.145,1.2083,1778,0
SPY190717C302,2019-07-16,2019-07-16 09:42:12,0.15,1.25,353,0.14,1.1666,2499,0.14,1.1666,3,0.145,1.2083,1778,0
SPY190717C302,2019-07-16,2019-07-16 09:42:13,0.15,1.25,705,0.14,1.1666,2253,0.14,1.1666,3,0.145,1.2083,1778,0
SPY190717C302,2019-07-16,2019-07-16 09:42:14,0.15,1.25,178,0.14,1.1666,2662,0.15,1.25,1,0.145,1.2083,1779,0
SPY190717C302,2019-07-16,2019-07-16 09:42:14,0.15,1.25,606,0.14,1.1666,2253,0.15,1.25,1,0.145,1.2083,1779,1
SPY190717C302,2019-07-16,2019-07-16 09:42:15,0.15,1.25,178,0.14,1.1666,2662,0.15,1.25,1,0.145,1.2083,1779,0
SPY190717C302,2019-07-16,2019-07-16 09:42:16,0.15,1.25,178,0.14,1.1666,3592,0.15,1.25,1,0.145,1.2083,1779,0
SPY190717C302,2019-07-16,2019-07-16 09:42:16,0.15,1.25,178,0.14,1.1666,3124,0.15,1.25,1,0.145,1.2083,1779,0
SPY190717C302,2019-07-16,2019-07-16 09:42:17,0.15,1.25,178,0.14,1.1666,3124,0.15,1.25,1,0.145,1.2083,1779,0
SPY190717C302,2019-07-16,2019-07-16 09:42:18,0.15,1.25,150,0.14,1.1666,3124,0.15,1.25,1,0.145,1.2083,1779,0
SPY190717C302,2019-07-16,2019-07-16 09:42:19,0.15,1.25,815,0.14,1.1666,844,0.15,1.25,1,0.145,1.2083,1779,0
SPY190717C302,2019-07-16,2019-07-16 09:42:20,0.15,1.25,2566,0.14,1.1666,844,0.15,1.25,1,0.145,1.2083,1779,0
SPY190717C302,2019-07-16,2019-07-16 09:42:20,0.15,1.25,2451,0.14,1.1666,844,0.15,1.25,1,0.145,1.2083,1779,0
SPY190717C302,2019-07-16,2019-07-16 09:42:21,0.15,1.25,1968,0.14,1.1666,844,0.15,1.25,1,0.145,1.2083,1779,0
SPY190717C302,2019-07-16,2019-07-16 09:42:22,0.15,1.25,2061,0.14,1.1666,844,0.15,1.25,1,0.145,1.2083,1779,0
SPY190717C302,2019-07-16,2019-07-16 09:42:23,0.15,1.25,3477,0.14,1.1666,1365,0.15,1.25,1,0.145,1.2083,1779,0
SPY190717C302,2019-07-16,2019-07-16 09:42:24,0.15,1.25,3854,0.14,1.1666,844,0.14,1.1666,5,0.145,1.2083,1784,5
SPY190717C302,2019-07-16,2019-07-16 09:42:24,0.15,1.25,3854,0.14,1.1666,844,0.15,1.25,1,0.145,1.2083,1779,0
SPY190717C302,2019-07-16,2019-07-16 09:42:25,0.15,1.25,3854,0.14,1.1666,844,0.14,1.1666,5,0.145,1.2083,1784,0
SPY190717C302,2019-07-16,2019-07-16 09:42:26,0.15,1.25,3854,0.14,1.1666,844,0.14,1.1666,5,0.145,1.2083,1784,0
SPY190717C302,2019-07-16,2019-07-16 09:42:27,0.15,1.25,3558,0.14,1.1666,1366,0.14,1.1666,5,0.145,1.2083,1784,0
SPY190717C302,2019-07-16,2019-07-16 09:42:27,0.15,1.25,3558,0.14,1.1666,1366,0.15,1.25,4,0.145,1.2083,1794,10
SPY190717C302,2019-07-16,2019-07-16 09:42:28,0.15,1.25,2355,0.14,1.1666,844,0.15,1.25,4,0.145,1.2083,1794,0
SPY190717C302,2019-07-16,2019-07-16 09:42:29,0.15,1.25,2355,0.14,1.1666,786,0.15,1.25,4,0.145,1.2083,1794,0
SPY190717C302,2019-07-16,2019-07-16 09:42:30,0.15,1.25,2648,0.14,1.1666,786,0.15,1.25,4,0.145,1.2083,1794,0
SPY190717C302,2019-07-16,2019-07-16 09:42:31,0.15,1.25,2361,0.14,1.1666,525,0.14,1.1666,20,0.145,1.2083,1814,20
SPY190717C302,2019-07-16,2019-07-16 09:42:32,0.15,1.25,2648,0.14,1.1666,466,0.14,1.1666,20,0.145,1.2083,1814,0
SPY190717C302,2019-07-16,2019-07-16 09:42:33,0.15,1.25,3001,0.14,1.1666,145,0.14,1.1666,20,0.145,1.2083,1814,0
SPY190717C302,2019-07-16,2019-07-16 09:42:34,0.15,1.25,3401,0.13,1.0833,2537,0.14,1.1666,20,0.14,1.1666,1814,0
SPY190717C302,2019-07-16,2019-07-16 09:42:35,0.15,1.25,3401,0.13,1.0833,2391,0.14,1.1666,20,0.14,1.1666,1814,0
SPY190717C302,2019-07-16,2019-07-16 09:42:36,0.15,1.25,3401,0.13,1.0833,2646,0.14,1.1666,20,0.14,1.1666,1814,0
SPY190717C302,2019-07-16,2019-07-16 09:42:37,0.14,1.1666,1872,0.13,1.0833,2269,0.14,1.1666,20,0.135,1.125,1814,0
SPY190717C302,2019-07-16,2019-07-16 09:42:37,0.14,1.1666,949,0.13,1.0833,2419,0.14,1.1666,20,0.135,1.125,1814,0
SPY190717C302,2019-07-16,2019-07-16 09:42:38,0.14,1.1666,1365,0.13,1.0833,1961,0.13,1.0833,5,0.135,1.125,1819,5
SPY190717C302,2019-07-16,2019-07-16 09:42:39,0.14,1.1666,2167,0.13,1.0833,2218,0.13,1.0833,5,0.135,1.125,1819,0
SPY190717C302,2019-07-16,2019-07-16 09:42:39,0.14,1.1666,3301,0.13,1.0833,2168,0.13,1.0833,5,0.135,1.125,1819,0
SPY190717C302,2019-07-16,2019-07-16 09:42:40,0.14,1.1666,3580,0.13,1.0833,2154,0.13,1.0833,5,0.135,1.125,1819,0
SPY190717C302,2019-07-16,2019-07-16 09:42:41,0.14,1.1666,3580,0.13,1.0833,2154,0.13,1.0833,5,0.135,1.125,1819,0
SPY190717C302,2019-07-16,2019-07-16 09:42:41,0.14,1.1666,3620,0.13,1.0833,2154,0.13,1.0833,5,0.135,1.125,1819,0
SPY190717C302,2019-07-16,2019-07-16 09:42:42,0.14,1.1666,3510,0.13,1.0833,2154,0.13,1.0833,5,0.135,1.125,1819,0
SPY190717C302,2019-07-16,2019-07-16 09:42:43,0.14,1.1666,3510,0.13,1.0833,2154,0.13,1.0833,5,0.135,1.125,1819,0
SPY190717C302,2019-07-16,2019-07-16 09:42:44,0.14,1.1666,3546,0.13,1.0833,2154,0.13,1.0833,5,0.135,1.125,1819,0
SPY190717C302,2019-07-16,2019-07-16 09:42:44,0.14,1.1666,3510,0.13,1.0833,2154,0.13,1.0833,5,0.135,1.125,1819,0
SPY190717C302,2019-07-16,2019-07-16 09:42:45,0.14,1.1666,3515,0.13,1.0833,2020,0.13,1.0833,5,0.135,1.125,1819,0
SPY190717C302,2019-07-16,2019-07-16 09:42:46,0.14,1.1666,3515,0.13,1.0833,2020,0.13,1.0833,5,0.135,1.125,1819,0
SPY190717C302,2019-07-16,2019-07-16 09:42:47,0.14,1.1666,3446,0.13,1.0833,2020,0.13,1.0833,5,0.135,1.125,1819,0
SPY190717C302,2019-07-16,2019-07-16 09:42:48,0.14,1.1666,3465,0.13,1.0833,2136,0.13,1.0833,5,0.135,1.125,1819,0
SPY190717C302,2019-07-16,2019-07-16 09:42:48,0.14,1.1666,2516,0.13,1.0833,2136,0.13,1.0833,5,0.135,1.125,1819,0
SPY190717C302,2019-07-16,2019-07-16 09:42:49,0.14,1.1666,3531,0.13,1.0833,2136,0.13,1.0833,5,0.135,1.125,1819,0
SPY190717C302,2019-07-16,2019-07-16 09:42:50,0.14,1.1666,3531,0.13,1.0833,2136,0.13,1.0833,5,0.135,1.125,1819,0
SPY190717C302,2019-07-16,2019-07-16 09:42:51,0.14,1.1666,3531,0.13,1.0833,2136,0.13,1.0833,5,0.135,1.125,1819,0
SPY190717C302,2019-07-16,2019-07-16 09:42:52,0.14,1.1666,3600,0.13,1.0833,2136,0.13,1.0833,5,0.135,1.125,1819,0
SPY190717C302,2019-07-16,2019-07-16 09:42:53,0.14,1.1666,898,0.13,1.0833,3255,0.13,1.0833,5,0.135,1.125,1819,0
SPY190717C302,2019-07-16,2019-07-16 09:42:54,0.14,1.1666,898,0.13,1.0833,3255,0.13,1.0833,5,0.135,1.125,1819,0
SPY190717C302,2019-07-16,2019-07-16 09:42:55,0.14,1.1666,898,0.13,1.0833,2968,0.14,1.1666,1,0.135,1.125,1820,1
SPY190717C302,2019-07-16,2019-07-16 09:42:55,0.14,1.1666,898,0.13,1.0833,3255,0.13,1.0833,5,0.135,1.125,1819,0
SPY190717C302,2019-07-16,2019-07-16 09:42:56,0.14,1.1666,898,0.13,1.0833,3255,0.14,1.1666,1,0.135,1.125,1820,0
SPY190717C302,2019-07-16,2019-07-16 09:42:56,0.14,1.1666,898,0.13,1.0833,2146,0.14,1.1666,1,0.135,1.125,1820,0
SPY190717C302,2019-07-16,2019-07-16 09:42:57,0.14,1.1666,2,0.13,1.0833,3537,0.14,1.1666,1,0.135,1.125,1820,0
SPY190717C302,2019-07-16,2019-07-16 09:42:57,0.14,1.1666,2,0.13,1.0833,3401,0.14,1.1666,1,0.135,1.125,1820,0
SPY190717C302,2019-07-16,2019-07-16 09:42:58,0.14,1.1666,2,0.13,1.0833,3875,0.14,1.1666,1,0.135,1.125,1820,0
SPY190717C302,2019-07-16,2019-07-16 09:42:59,0.14,1.1666,2,0.13,1.0833,4071,0.14,1.1666,1,0.135,1.125,1820,0
SPY190717C302,2019-07-16,2019-07-16 09:43:00,0.14,1.1666,340,0.13,1.0833,3903,0.14,1.1666,1,0.135,1.125,1820,0
SPY190717C302,2019-07-16,2019-07-16 09:43:00,0.14,1.1666,362,0.13,1.0833,3872,0.14,1.1666,1,0.135,1.125,1820,0
SPY190717C302,2019-07-16,2019-07-16 09:43:01,0.14,1.1666,138,0.13,1.0833,3842,0.14,1.1666,1,0.135,1.125,1820,0
SPY190717C302,2019-07-16,2019-07-16 09:43:02,0.14,1.1666,138,0.13,1.0833,3842,0.14,1.1666,1,0.135,1.125,1820,0
SPY190717C302,2019-07-16,2019-07-16 09:43:03,0.14,1.1666,138,0.13,1.0833,3844,0.14,1.1666,1,0.135,1.125,1820,0
SPY190717C302,2019-07-16,2019-07-16 09:43:03,0.14,1.1666,108,0.13,1.0833,3571,0.14,1.1666,1,0.135,1.125,1820,0
SPY190717C302,2019-07-16,2019-07-16 09:43:04,0.14,1.1666,422,0.13,1.0833,3571,0.14,1.1666,1,0.135,1.125,1820,0
SPY190717C302,2019-07-16,2019-07-16 09:43:04,0.14,1.1666,369,0.13,1.0833,3571,0.14,1.1666,1,0.135,1.125,1820,0
SPY190717C302,2019-07-16,2019-07-16 09:43:05,0.14,1.1666,1500,0.13,1.0833,2091,0.14,1.1666,1,0.135,1.125,1820,0
SPY190717C302,2019-07-16,2019-07-16 09:43:05,0.14,1.1666,1318,0.13,1.0833,2091,0.14,1.1666,1,0.135,1.125,1820,0
SPY190717C302,2019-07-16,2019-07-16 09:43:06,0.14,1.1666,2389,0.13,1.0833,2091,0.14,1.1666,1,0.135,1.125,1820,0
SPY190717C302,2019-07-16,2019-07-16 09:43:07,0.14,1.1666,2389,0.13,1.0833,2041,0.14,1.1666,1,0.135,1.125,1820,0
SPY190717C302,2019-07-16,2019-07-16 09:43:08,0.14,1.1666,2514,0.13,1.0833,2875,0.14,1.1666,1,0.135,1.125,1820,0
SPY190717C302,2019-07-16,2019-07-16 09:43:09,0.14,1.1666,2386,0.13,1.0833,2875,0.14,1.1666,1,0.135,1.125,1820,0
SPY190717C302,2019-07-16,2019-07-16 09:43:09,0.14,1.1666,2075,0.13,1.0833,2875,0.14,1.1666,1,0.135,1.125,1820,0
SPY190717C302,2019-07-16,2019-07-16 09:43:10,0.14,1.1666,1423,0.13,1.0833,2717,0.14,1.1666,1,0.135,1.125,1820,0
SPY190717C302,2019-07-16,2019-07-16 09:43:11,0.14,1.1666,2130,0.13,1.0833,3000,0.14,1.1666,1,0.135,1.125,1820,0
SPY190717C302,2019-07-16,2019-07-16 09:43:11,0.14,1.1666,2441,0.13,1.0833,2717,0.14,1.1666,1,0.135,1.125,1820,0
SPY190717C302,2019-07-16,2019-07-16 09:43:12,0.14,1.1666,2130,0.13,1.0833,3000,0.14,1.1666,1,0.135,1.125,1820,0
SPY190717C302,2019-07-16,2019-07-16 09:43:13,0.14,1.1666,2143,0.13,1.0833,2853,0.14,1.1666,1,0.135,1.125,1820,0
SPY190717C302,2019-07-16,2019-07-16 09:43:14,0.14,1.1666,600,0.13,1.0833,3212,0.14,1.1666,1,0.135,1.125,1820,0
SPY190717C302,2019-07-16,2019-07-16 09:43:14,0.14,1.1666,2143,0.13,1.0833,2853,0.14,1.1666,1,0.135,1.125,1820,0
SPY190717C302,2019-07-16,2019-07-16 09:43:15,0.14,1.1666,600,0.13,1.0833,2874,0.14,1.1666,1,0.135,1.125,1820,0
SPY190717C302,2019-07-16,2019-07-16 09:43:15,0.14,1.1666,1037,0.13,1.0833,2874,0.14,1.1666,1,0.135,1.125,1820,0
SPY190717C302,2019-07-16,2019-07-16 09:43:16,0.14,1.1666,616,0.13,1.0833,2634,0.14,1.1666,1,0.135,1.125,1820,0
SPY190717C302,2019-07-16,2019-07-16 09:43:17,0.14,1.1666,433,0.13,1.0833,2925,0.14,1.1666,1,0.135,1.125,1820,0
SPY190717C302,2019-07-16,2019-07-16 09:43:17,0.14,1.1666,616,0.13,1.0833,2925,0.14,1.1666,1,0.135,1.125,1820,0
SPY190717C302,2019-07-16,2019-07-16 09:43:18,0.14,1.1666,337,0.13,1.0833,2973,0.14,1.1666,90,0.135,1.125,1990,0
SPY190717C302,2019-07-16,2019-07-16 09:43:18,0.14,1.1666,337,0.13,1.0833,2851,0.14,1.1666,90,0.135,1.125,1990,170
SPY190717C302,2019-07-16,2019-07-16 09:43:19,0.14,1.1666,364,0.13,1.0833,2838,0.14,1.1666,90,0.135,1.125,1990,0
SPY190717C302,2019-07-16,2019-07-16 09:43:20,0.14,1.1666,364,0.13,1.0833,3072,0.14,1.1666,90,0.135,1.125,1990,0
SPY190717C302,2019-07-16,2019-07-16 09:43:21,0.14,1.1666,364,0.13,1.0833,2834,0.14,1.1666,90,0.135,1.125,1990,0
SPY190717C302,2019-07-16,2019-07-16 09:43:22,0.14,1.1666,630,0.13,1.0833,2748,0.14,1.1666,90,0.135,1.125,1990,0
SPY190717C302,2019-07-16,2019-07-16 09:43:22,0.14,1.1666,364,0.13,1.0833,3124,0.14,1.1666,90,0.135,1.125,1990,0
SPY190717C302,2019-07-16,2019-07-16 09:43:23,0.14,1.1666,440,0.13,1.0833,2748,0.14,1.1666,90,0.135,1.125,1990,0
SPY190717C302,2019-07-16,2019-07-16 09:43:23,0.14,1.1666,498,0.13,1.0833,2748,0.14,1.1666,90,0.135,1.125,1990,0
SPY190717C302,2019-07-16,2019-07-16 09:43:24,0.14,1.1666,208,0.13,1.0833,2168,0.14,1.1666,90,0.135,1.125,1990,0
SPY190717C302,2019-07-16,2019-07-16 09:43:25,0.14,1.1666,256,0.13,1.0833,2857,0.14,1.1666,90,0.135,1.125,1990,0
SPY190717C302,2019-07-16,2019-07-16 09:43:25,0.14,1.1666,256,0.13,1.0833,2905,0.14,1.1666,90,0.135,1.125,1990,0
SPY190717C302,2019-07-16,2019-07-16 09:43:26,0.14,1.1666,270,0.13,1.0833,2726,0.14,1.1666,90,0.135,1.125,1990,0
SPY190717C302,2019-07-16,2019-07-16 09:43:26,0.14,1.1666,415,0.13,1.0833,2571,0.14,1.1666,90,0.135,1.125,1990,0
SPY190717C302,2019-07-16,2019-07-16 09:43:27,0.14,1.1666,415,0.13,1.0833,2728,0.14,1.1666,90,0.135,1.125,1990,0
SPY190717C302,2019-07-16,2019-07-16 09:43:27,0.14,1.1666,415,0.13,1.0833,2571,0.14,1.1666,90,0.135,1.125,1990,0
SPY190717C302,2019-07-16,2019-07-16 09:43:28,0.14,1.1666,459,0.13,1.0833,2770,0.14,1.1666,90,0.135,1.125,1990,0
SPY190717C302,2019-07-16,2019-07-16 09:43:29,0.14,1.1666,1892,0.13,1.0833,1989,0.13,1.0833,2,0.135,1.125,1992,0
SPY190717C302,2019-07-16,2019-07-16 09:43:29,0.14,1.1666,618,0.13,1.0833,2700,0.13,1.0833,2,0.135,1.125,1992,2
SPY190717C302,2019-07-16,2019-07-16 09:43:30,0.14,1.1666,2139,0.13,1.0833,2472,0.13,1.0833,2,0.135,1.125,1992,0
SPY190717C302,2019-07-16,2019-07-16 09:43:30,0.14,1.1666,2139,0.13,1.0833,2422,0.13,1.0833,2,0.135,1.125,1992,0
SPY190717C302,2019-07-16,2019-07-16 09:43:31,0.14,1.1666,2459,0.13,1.0833,2422,0.13,1.0833,2,0.135,1.125,1992,0
SPY190717C302,2019-07-16,2019-07-16 09:43:31,0.14,1.1666,2222,0.13,1.0833,2401,0.13,1.0833,2,0.135,1.125,1992,0
SPY190717C302,2019-07-16,2019-07-16 09:43:32,0.14,1.1666,2094,0.13,1.0833,2401,0.13,1.0833,2,0.135,1.125,1992,0
SPY190717C302,2019-07-16,2019-07-16 09:43:32,0.14,1.1666,2094,0.13,1.0833,2251,0.13,1.0833,2,0.135,1.125,1992,0
SPY190717C302,2019-07-16,2019-07-16 09:43:33,0.14,1.1666,1704,0.13,1.0833,2907,0.13,1.0833,2,0.135,1.125,1992,0
SPY190717C302,2019-07-16,2019-07-16 09:43:34,0.14,1.1666,1704,0.13,1.0833,2907,0.13,1.0833,2,0.135,1.125,1992,0
SPY190717C302,2019-07-16,2019-07-16 09:43:34,0.14,1.1666,1151,0.13,1.0833,2067,0.14,1.1666,2,0.135,1.125,1994,2
SPY190717C302,2019-07-16,2019-07-16 09:43:35,0.14,1.1666,853,0.13,1.0833,3259,0.14,1.1666,2,0.135,1.125,1994,0
SPY190717C302,2019-07-16,2019-07-16 09:43:36,0.14,1.1666,895,0.13,1.0833,3259,0.14,1.1666,2,0.135,1.125,1994,0
SPY190717C302,2019-07-16,2019-07-16 09:43:37,0.14,1.1666,895,0.13,1.0833,3259,0.14,1.1666,2,0.135,1.125,1994,0
SPY190717C302,2019-07-16,2019-07-16 09:43:38,0.14,1.1666,292,0.13,1.0833,3635,0.14,1.1666,2,0.135,1.125,1994,0
SPY190717C302,2019-07-16,2019-07-16 09:43:39,0.14,1.1666,329,0.13,1.0833,3973,0.14,1.1666,2,0.135,1.125,1994,0
SPY190717C302,2019-07-16,2019-07-16 09:43:40,0.14,1.1666,329,0.13,1.0833,3698,0.14,1.1666,2,0.135,1.125,1994,0
SPY190717C302,2019-07-16,2019-07-16 09:43:41,0.14,1.1666,654,0.13,1.0833,3868,0.14,1.1666,2,0.135,1.125,1994,0
SPY190717C302,2019-07-16,2019-07-16 09:43:42,0.14,1.1666,756,0.13,1.0833,2604,0.14,1.1666,2,0.135,1.125,1994,0
SPY190717C302,2019-07-16,2019-07-16 09:43:42,0.14,1.1666,756,0.13,1.0833,3698,0.14,1.1666,2,0.135,1.125,1994,0
SPY190717C302,2019-07-16,2019-07-16 09:43:43,0.14,1.1666,1001,0.13,1.0833,3832,0.14,1.1666,2,0.135,1.125,1994,0
SPY190717C302,2019-07-16,2019-07-16 09:43:43,0.14,1.1666,756,0.13,1.0833,2994,0.14,1.1666,2,0.135,1.125,1994,0
SPY190717C302,2019-07-16,2019-07-16 09:43:44,0.14,1.1666,451,0.13,1.0833,3782,0.14,1.1666,2,0.135,1.125,1994,0
SPY190717C302,2019-07-16,2019-07-16 09:43:44,0.14,1.1666,796,0.13,1.0833,3782,0.14,1.1666,2,0.135,1.125,1994,0
SPY190717C302,2019-07-16,2019-07-16 09:43:45,0.14,1.1666,546,0.13,1.0833,3380,0.14,1.1666,2,0.135,1.125,1994,0
SPY190717C302,2019-07-16,2019-07-16 09:43:46,0.14,1.1666,546,0.13,1.0833,3380,0.14,1.1666,2,0.135,1.125,1994,0
SPY190717C302,2019-07-16,2019-07-16 09:43:46,0.14,1.1666,826,0.13,1.0833,2593,0.14,1.1666,2,0.135,1.125,1994,0
SPY190717C302,2019-07-16,2019-07-16 09:43:47,0.14,1.1666,826,0.13,1.0833,3368,0.14,1.1666,2,0.135,1.125,1994,0
SPY190717C302,2019-07-16,2019-07-16 09:43:48,0.14,1.1666,788,0.13,1.0833,3340,0.14,1.1666,2,0.135,1.125,1994,0
SPY190717C302,2019-07-16,2019-07-16 09:43:48,0.14,1.1666,606,0.13,1.0833,3052,0.14,1.1666,2,0.135,1.125,1994,0
SPY190717C302,2019-07-16,2019-07-16 09:43:49,0.14,1.1666,808,0.13,1.0833,3390,0.14,1.1666,2,0.135,1.125,1994,0
SPY190717C302,2019-07-16,2019-07-16 09:43:50,0.14,1.1666,808,0.13,1.0833,3390,0.14,1.1666,2,0.135,1.125,1994,0
SPY190717C302,2019-07-16,2019-07-16 09:43:50,0.14,1.1666,808,0.13,1.0833,3052,0.14,1.1666,2,0.135,1.125,1994,0
SPY190717C302,2019-07-16,2019-07-16 09:43:51,0.14,1.1666,451,0.13,1.0833,3192,0.14,1.1666,2,0.135,1.125,1994,0
SPY190717C302,2019-07-16,2019-07-16 09:43:51,0.14,1.1666,451,0.13,1.0833,2679,0.14,1.1666,2,0.135,1.125,1994,0
SPY190717C302,2019-07-16,2019-07-16 09:43:52,0.14,1.1666,329,0.13,1.0833,3204,0.14,1.1666,2,0.135,1.125,1994,0
SPY190717C302,2019-07-16,2019-07-16 09:43:53,0.14,1.1666,592,0.13,1.0833,3348,0.14,1.1666,2,0.135,1.125,1994,0
SPY190717C302,2019-07-16,2019-07-16 09:43:53,0.14,1.1666,329,0.13,1.0833,3204,0.14,1.1666,2,0.135,1.125,1994,0
SPY190717C302,2019-07-16,2019-07-16 09:43:54,0.14,1.1666,407,0.13,1.0833,2262,0.14,1.1666,2,0.135,1.125,1994,0
SPY190717C302,2019-07-16,2019-07-16 09:43:54,0.14,1.1666,511,0.13,1.0833,2438,0.14,1.1666,2,0.135,1.125,1994,0
SPY190717C302,2019-07-16,2019-07-16 09:43:55,0.14,1.1666,511,0.13,1.0833,2554,0.14,1.1666,2,0.135,1.125,1994,0
SPY190717C302,2019-07-16,2019-07-16 09:43:56,0.14,1.1666,121,0.13,1.0833,2089,0.14,1.1666,2,0.135,1.125,1994,0
SPY190717C302,2019-07-16,2019-07-16 09:43:56,0.14,1.1666,511,0.13,1.0833,2343,0.14,1.1666,2,0.135,1.125,1994,0
SPY190717C302,2019-07-16,2019-07-16 09:43:57,0.14,1.1666,121,0.13,1.0833,2993,0.14,1.1666,2,0.135,1.125,1994,0
SPY190717C302,2019-07-16,2019-07-16 09:43:57,0.14,1.1666,330,0.13,1.0833,1757,0.14,1.1666,2,0.135,1.125,1994,0
SPY190717C302,2019-07-16,2019-07-16 09:43:58,0.14,1.1666,330,0.13,1.0833,2833,0.14,1.1666,2,0.135,1.125,1994,0
SPY190717C302,2019-07-16,2019-07-16 09:43:59,0.14,1.1666,330,0.13,1.0833,3017,0.14,1.1666,10,0.135,1.125,2004,10
SPY190717C302,2019-07-16,2019-07-16 09:43:59,0.14,1.1666,330,0.13,1.0833,2731,0.14,1.1666,10,0.135,1.125,2004,0
SPY190717C302,2019-07-16,2019-07-16 09:44:00,0.14,1.1666,330,0.13,1.0833,3129,0.14,1.1666,10,0.135,1.125,2004,0
SPY190717C302,2019-07-16,2019-07-16 09:44:01,0.14,1.1666,330,0.13,1.0833,3618,0.14,1.1666,10,0.135,1.125,2004,0
SPY190717C302,2019-07-16,2019-07-16 09:44:01,0.14,1.1666,330,0.13,1.0833,3129,0.14,1.1666,10,0.135,1.125,2004,0
SPY190717C302,2019-07-16,2019-07-16 09:44:02,0.14,1.1666,330,0.13,1.0833,3618,0.14,1.1666,10,0.135,1.125,2004,0
SPY190717C302,2019-07-16,2019-07-16 09:44:02,0.14,1.1666,330,0.13,1.0833,3625,0.14,1.1666,10,0.135,1.125,2004,0
SPY190717C302,2019-07-16,2019-07-16 09:44:03,0.14,1.1666,198,0.13,1.0833,2234,0.14,1.1666,10,0.135,1.125,2004,0
SPY190717C302,2019-07-16,2019-07-16 09:44:04,0.14,1.1666,198,0.13,1.0833,1342,0.14,1.1666,10,0.135,1.125,2004,0
SPY190717C302,2019-07-16,2019-07-16 09:44:04,0.14,1.1666,535,0.13,1.0833,2117,0.14,1.1666,10,0.135,1.125,2004,0
SPY190717C302,2019-07-16,2019-07-16 09:44:05,0.14,1.1666,535,0.13,1.0833,2219,0.14,1.1666,10,0.135,1.125,2004,0
SPY190717C302,2019-07-16,2019-07-16 09:44:05,0.14,1.1666,1030,0.13,1.0833,2219,0.14,1.1666,10,0.135,1.125,2004,0
SPY190717C302,2019-07-16,2019-07-16 09:44:06,0.14,1.1666,1030,0.13,1.0833,2219,0.14,1.1666,10,0.135,1.125,2004,0
SPY190717C302,2019-07-16,2019-07-16 09:44:07,0.14,1.1666,606,0.13,1.0833,1157,0.14,1.1666,10,0.135,1.125,2004,0
SPY190717C302,2019-07-16,2019-07-16 09:44:07,0.14,1.1666,641,0.13,1.0833,1882,0.14,1.1666,10,0.135,1.125,2004,0
SPY190717C302,2019-07-16,2019-07-16 09:44:08,0.14,1.1666,1098,0.13,1.0833,2166,0.14,1.1666,1,0.135,1.125,2005,1
SPY190717C302,2019-07-16,2019-07-16 09:44:08,0.14,1.1666,927,0.13,1.0833,1882,0.14,1.1666,10,0.135,1.125,2004,0
SPY190717C302,2019-07-16,2019-07-16 09:44:09,0.14,1.1666,2398,0.13,1.0833,2072,0.14,1.1666,1,0.135,1.125,2005,0
SPY190717C302,2019-07-16,2019-07-16 09:44:10,0.14,1.1666,1713,0.13,1.0833,1522,0.14,1.1666,1,0.135,1.125,2005,0
SPY190717C302,2019-07-16,2019-07-16 09:44:10,0.14,1.1666,2562,0.13,1.0833,2072,0.14,1.1666,1,0.135,1.125,2005,0
SPY190717C302,2019-07-16,2019-07-16 09:44:11,0.14,1.1666,2562,0.13,1.0833,1872,0.14,1.1666,1,0.135,1.125,2005,0
SPY190717C302,2019-07-16,2019-07-16 09:44:11,0.14,1.1666,2562,0.13,1.0833,2072,0.14,1.1666,1,0.135,1.125,2005,0
SPY190717C302,2019-07-16,2019-07-16 09:44:12,0.14,1.1666,2562,0.13,1.0833,1872,0.14,1.1666,1,0.135,1.125,2005,0
SPY190717C302,2019-07-16,2019-07-16 09:44:13,0.14,1.1666,2003,0.13,1.0833,1872,0.14,1.1666,1,0.135,1.125,2005,0
SPY190717C302,2019-07-16,2019-07-16 09:44:13,0.14,1.1666,2562,0.13,1.0833,1872,0.14,1.1666,1,0.135,1.125,2005,0
SPY190717C302,2019-07-16,2019-07-16 09:44:14,0.14,1.1666,2050,0.13,1.0833,1473,0.14,1.1666,1,0.135,1.125,2005,0
SPY190717C302,2019-07-16,2019-07-16 09:44:14,0.14,1.1666,1720,0.13,1.0833,1473,0.14,1.1666,1,0.135,1.125,2005,0
SPY190717C302,2019-07-16,2019-07-16 09:44:15,0.14,1.1666,2760,0.13,1.0833,1467,0.14,1.1666,1,0.135,1.125,2005,0
SPY190717C302,2019-07-16,2019-07-16 09:44:15,0.14,1.1666,1720,0.13,1.0833,1467,0.14,1.1666,1,0.135,1.125,2005,0
SPY190717C302,2019-07-16,2019-07-16 09:44:16,0.14,1.1666,2760,0.13,1.0833,1467,0.14,1.1666,1,0.135,1.125,2005,0
SPY190717C302,2019-07-16,2019-07-16 09:44:17,0.14,1.1666,1836,0.13,1.0833,908,0.14,1.1666,1,0.135,1.125,2005,0
SPY190717C302,2019-07-16,2019-07-16 09:44:17,0.14,1.1666,1836,0.13,1.0833,1567,0.14,1.1666,1,0.135,1.125,2005,0
SPY190717C302,2019-07-16,2019-07-16 09:44:18,0.14,1.1666,1836,0.13,1.0833,1567,0.14,1.1666,1,0.135,1.125,2005,0
SPY190717C302,2019-07-16,2019-07-16 09:44:19,0.14,1.1666,1836,0.13,1.0833,1567,0.13,1.0833,4,0.135,1.125,2009,4
SPY190717C302,2019-07-16,2019-07-16 09:44:19,0.14,1.1666,1836,0.13,1.0833,1493,0.13,1.0833,4,0.135,1.125,2009,0
SPY190717C302,2019-07-16,2019-07-16 09:44:20,0.14,1.1666,1836,0.13,1.0833,1493,0.13,1.0833,4,0.135,1.125,2009,0
SPY190717C302,2019-07-16,2019-07-16 09:44:20,0.14,1.1666,2996,0.13,1.0833,1438,0.13,1.0833,4,0.135,1.125,2009,0
SPY190717C302,2019-07-16,2019-07-16 09:44:21,0.14,1.1666,4270,0.13,1.0833,1469,0.13,1.0833,4,0.135,1.125,2009,0
SPY190717C302,2019-07-16,2019-07-16 09:44:22,0.14,1.1666,4270,0.13,1.0833,1469,0.13,1.0833,4,0.135,1.125,2009,0
SPY190717C302,2019-07-16,2019-07-16 09:44:22,0.14,1.1666,4191,0.13,1.0833,1469,0.13,1.0833,4,0.135,1.125,2009,0
SPY190717C302,2019-07-16,2019-07-16 09:44:23,0.14,1.1666,4191,0.13,1.0833,1469,0.13,1.0833,4,0.135,1.125,2009,0
SPY190717C302,2019-07-16,2019-07-16 09:44:24,0.14,1.1666,4191,0.13,1.0833,1469,0.14,1.1666,1,0.135,1.125,2010,0
SPY190717C302,2019-07-16,2019-07-16 09:44:24,0.14,1.1666,4191,0.13,1.0833,1469,0.14,1.1666,1,0.135,1.125,2010,1
SPY190717C302,2019-07-16,2019-07-16 09:44:25,0.14,1.1666,3290,0.13,1.0833,1979,0.14,1.1666,1,0.135,1.125,2010,0
SPY190717C302,2019-07-16,2019-07-16 09:44:25,0.14,1.1666,2936,0.13,1.0833,1246,0.14,1.1666,1,0.135,1.125,2010,0
SPY190717C302,2019-07-16,2019-07-16 09:44:26,0.14,1.1666,2626,0.13,1.0833,1391,0.14,1.1666,1,0.135,1.125,2010,0
SPY190717C302,2019-07-16,2019-07-16 09:44:27,0.14,1.1666,4179,0.13,1.0833,1979,0.14,1.1666,1,0.135,1.125,2010,0
SPY190717C302,2019-07-16,2019-07-16 09:44:27,0.14,1.1666,4349,0.13,1.0833,1469,0.14,1.1666,1,0.135,1.125,2010,0
SPY190717C302,2019-07-16,2019-07-16 09:44:28,0.14,1.1666,4349,0.13,1.0833,1469,0.13,1.0833,1,0.135,1.125,2011,1
SPY190717C302,2019-07-16,2019-07-16 09:44:28,0.14,1.1666,4398,0.13,1.0833,1469,0.13,1.0833,1,0.135,1.125,2011,0
SPY190717C302,2019-07-16,2019-07-16 09:44:29,0.14,1.1666,4398,0.13,1.0833,1469,0.13,1.0833,1,0.135,1.125,2011,0
SPY190717C302,2019-07-16,2019-07-16 09:44:30,0.14,1.1666,4327,0.13,1.0833,1807,0.13,1.0833,1,0.135,1.125,2011,0
SPY190717C302,2019-07-16,2019-07-16 09:44:30,0.14,1.1666,4037,0.13,1.0833,1807,0.13,1.0833,1,0.135,1.125,2011,0
SPY190717C302,2019-07-16,2019-07-16 09:44:31,0.14,1.1666,4037,0.13,1.0833,1807,0.13,1.0833,1,0.135,1.125,2011,0
SPY190717C302,2019-07-16,2019-07-16 09:44:32,0.14,1.1666,4037,0.13,1.0833,1807,0.13,1.0833,1,0.135,1.125,2011,0
SPY190717C302,2019-07-16,2019-07-16 09:44:33,0.14,1.1666,3160,0.13,1.0833,1536,0.13,1.0833,1,0.135,1.125,2011,0
SPY190717C302,2019-07-16,2019-07-16 09:44:33,0.14,1.1666,2799,0.13,1.0833,1536,0.13,1.0833,1,0.135,1.125,2011,0
SPY190717C302,2019-07-16,2019-07-16 09:44:34,0.14,1.1666,3089,0.13,1.0833,1536,0.13,1.0833,1,0.135,1.125,2011,0
SPY190717C302,2019-07-16,2019-07-16 09:44:35,0.14,1.1666,3160,0.13,1.0833,1731,0.13,1.0833,1,0.135,1.125,2011,0
SPY190717C302,2019-07-16,2019-07-16 09:44:35,0.14,1.1666,3160,0.13,1.0833,1620,0.13,1.0833,1,0.135,1.125,2011,0
SPY190717C302,2019-07-16,2019-07-16 09:44:36,0.14,1.1666,3082,0.13,1.0833,1531,0.13,1.0833,1,0.135,1.125,2011,0
SPY190717C302,2019-07-16,2019-07-16 09:44:37,0.14,1.1666,3082,0.13,1.0833,1300,0.13,1.0833,1,0.135,1.125,2011,0
SPY190717C302,2019-07-16,2019-07-16 09:44:38,0.14,1.1666,3124,0.13,1.0833,1300,0.13,1.0833,175,0.135,1.125,2196,185
SPY190717C302,2019-07-16,2019-07-16 09:44:38,0.14,1.1666,3124,0.13,1.0833,1180,0.13,1.0833,175,0.135,1.125,2196,0
SPY190717C302,2019-07-16,2019-07-16 09:44:39,0.14,1.1666,3075,0.13,1.0833,1180,0.13,1.0833,175,0.135,1.125,2196,0
SPY190717C302,2019-07-16,2019-07-16 09:44:39,0.14,1.1666,3130,0.13,1.0833,1180,0.13,1.0833,175,0.135,1.125,2196,0
SPY190717C302,2019-07-16,2019-07-16 09:44:40,0.14,1.1666,3130,0.13,1.0833,1180,0.13,1.0833,175,0.135,1.125,2196,0
SPY190717C302,2019-07-16,2019-07-16 09:44:41,0.14,1.1666,3026,0.13,1.0833,1180,0.13,1.0833,175,0.135,1.125,2196,0
SPY190717C302,2019-07-16,2019-07-16 09:44:42,0.14,1.1666,2955,0.13,1.0833,1224,0.13,1.0833,175,0.135,1.125,2196,0
SPY190717C302,2019-07-16,2019-07-16 09:44:43,0.14,1.1666,3026,0.13,1.0833,1224,0.13,1.0833,175,0.135,1.125,2196,0
SPY190717C302,2019-07-16,2019-07-16 09:44:43,0.14,1.1666,2955,0.13,1.0833,1224,0.13,1.0833,175,0.135,1.125,2196,0
SPY190717C302,2019-07-16,2019-07-16 09:44:45,0.14,1.1666,3026,0.13,1.0833,1375,0.13,1.0833,175,0.135,1.125,2196,0
SPY190717C302,2019-07-16,2019-07-16 09:44:46,0.14,1.1666,3026,0.13,1.0833,1375,0.13,1.0833,175,0.135,1.125,2196,0
SPY190717C302,2019-07-16,2019-07-16 09:44:47,0.14,1.1666,3026,0.13,1.0833,1375,0.13,1.0833,80,0.135,1.125,2296,100
SPY190717C302,2019-07-16,2019-07-16 09:44:48,0.14,1.1666,3026,0.13,1.0833,1035,0.13,1.0833,80,0.135,1.125,2296,0
SPY190717C302,2019-07-16,2019-07-16 09:44:48,0.14,1.1666,2709,0.13,1.0833,1224,0.13,1.0833,80,0.135,1.125,2296,0
SPY190717C302,2019-07-16,2019-07-16 09:44:49,0.14,1.1666,2709,0.13,1.0833,1300,0.13,1.0833,80,0.135,1.125,2296,0
SPY190717C302,2019-07-16,2019-07-16 09:44:50,0.14,1.1666,2709,0.13,1.0833,1300,0.13,1.0833,80,0.135,1.125,2296,0
SPY190717C302,2019-07-16,2019-07-16 09:44:51,0.14,1.1666,2709,0.13,1.0833,1300,0.13,1.0833,80,0.135,1.125,2296,0
SPY190717C302,2019-07-16,2019-07-16 09:44:51,0.14,1.1666,2780,0.13,1.0833,1300,0.13,1.0833,80,0.135,1.125,2296,0
SPY190717C302,2019-07-16,2019-07-16 09:44:52,0.14,1.1666,2780,0.13,1.0833,1180,0.13,1.0833,80,0.135,1.125,2296,0
SPY190717C302,2019-07-16,2019-07-16 09:44:52,0.14,1.1666,2709,0.13,1.0833,1224,0.13,1.0833,80,0.135,1.125,2296,0
SPY190717C302,2019-07-16,2019-07-16 09:44:53,0.14,1.1666,4021,0.13,1.0833,1985,0.13,1.0833,80,0.135,1.125,2296,0
SPY190717C302,2019-07-16,2019-07-16 09:44:53,0.14,1.1666,2333,0.13,1.0833,1224,0.13,1.0833,80,0.135,1.125,2296,0
SPY190717C302,2019-07-16,2019-07-16 09:44:54,0.14,1.1666,4021,0.13,1.0833,1985,0.13,1.0833,80,0.135,1.125,2296,0
SPY190717C302,2019-07-16,2019-07-16 09:44:55,0.14,1.1666,4021,0.13,1.0833,1985,0.13,1.0833,80,0.135,1.125,2296,0
SPY190717C302,2019-07-16,2019-07-16 09:44:55,0.14,1.1666,4092,0.13,1.0833,1985,0.13,1.0833,80,0.135,1.125,2296,0
SPY190717C302,2019-07-16,2019-07-16 09:44:56,0.14,1.1666,1147,0.13,1.0833,1294,0.13,1.0833,80,0.135,1.125,2296,0
SPY190717C302,2019-07-16,2019-07-16 09:44:56,0.14,1.1666,1715,0.13,1.0833,1993,0.13,1.0833,80,0.135,1.125,2296,0
SPY190717C302,2019-07-16,2019-07-16 09:44:57,0.14,1.1666,4024,0.13,1.0833,1947,0.13,1.0833,80,0.135,1.125,2296,0
SPY190717C302,2019-07-16,2019-07-16 09:44:57,0.14,1.1666,731,0.13,1.0833,1210,0.13,1.0833,80,0.135,1.125,2296,0
SPY190717C302,2019-07-16,2019-07-16 09:44:58,0.14,1.1666,3802,0.13,1.0833,1947,0.13,1.0833,80,0.135,1.125,2296,0
SPY190717C302,2019-07-16,2019-07-16 09:44:59,0.14,1.1666,3700,0.13,1.0833,1947,0.13,1.0833,80,0.135,1.125,2296,0
SPY190717C302,2019-07-16,2019-07-16 09:44:59,0.14,1.1666,3924,0.13,1.0833,1555,0.13,1.0833,80,0.135,1.125,2296,0
SPY190717C302,2019-07-16,2019-07-16 09:45:00,0.14,1.1666,3192,0.13,1.0833,1391,0.13,1.0833,80,0.135,1.125,2296,0
SPY190717C302,2019-07-16,2019-07-16 09:45:01,0.14,1.1666,4374,0.13,1.0833,1424,0.13,1.0833,80,0.135,1.125,2296,0
SPY190717C302,2019-07-16,2019-07-16 09:45:01,0.14,1.1666,3928,0.13,1.0833,1420,0.13,1.0833,80,0.135,1.125,2296,0
SPY190717C302,2019-07-16,2019-07-16 09:45:02,0.14,1.1666,1629,0.13,1.0833,1868,0.13,1.0833,80,0.135,1.125,2296,0
SPY190717C302,2019-07-16,2019-07-16 09:45:02,0.14,1.1666,3928,0.13,1.0833,1420,0.13,1.0833,80,0.135,1.125,2296,0
SPY190717C302,2019-07-16,2019-07-16 09:45:03,0.14,1.1666,1327,0.13,1.0833,1947,0.13,1.0833,80,0.135,1.125,2296,0
SPY190717C302,2019-07-16,2019-07-16 09:45:04,0.14,1.1666,1847,0.13,1.0833,1520,0.13,1.0833,80,0.135,1.125,2296,0
SPY190717C302,2019-07-16,2019-07-16 09:45:05,0.14,1.1666,651,0.13,1.0833,1171,0.13,1.0833,80,0.135,1.125,2296,0
SPY190717C302,2019-07-16,2019-07-16 09:45:05,0.14,1.1666,1847,0.13,1.0833,1996,0.13,1.0833,80,0.135,1.125,2296,0
SPY190717C302,2019-07-16,2019-07-16 09:45:06,0.14,1.1666,651,0.13,1.0833,1870,0.13,1.0833,80,0.135,1.125,2296,0
SPY190717C302,2019-07-16,2019-07-16 09:45:06,0.14,1.1666,484,0.13,1.0833,2102,0.13,1.0833,80,0.135,1.125,2296,0
SPY190717C302,2019-07-16,2019-07-16 09:45:07,0.14,1.1666,445,0.13,1.0833,2534,0.13,1.0833,80,0.135,1.125,2296,0
SPY190717C302,2019-07-16,2019-07-16 09:45:07,0.14,1.1666,408,0.13,1.0833,2534,0.13,1.0833,80,0.135,1.125,2296,0
SPY190717C302,2019-07-16,2019-07-16 09:45:08,0.14,1.1666,10,0.13,1.0833,1494,0.13,1.0833,80,0.135,1.125,2296,0
SPY190717C302,2019-07-16,2019-07-16 09:45:09,0.14,1.1666,5,0.13,1.0833,3160,0.13,1.0833,80,0.135,1.125,2296,0
SPY190717C302,2019-07-16,2019-07-16 09:45:09,0.14,1.1666,201,0.13,1.0833,2713,0.13,1.0833,80,0.135,1.125,2296,0
SPY190717C302,2019-07-16,2019-07-16 09:45:10,0.14,1.1666,528,0.13,1.0833,2592,0.14,1.1666,1,0.135,1.125,2297,0
SPY190717C302,2019-07-16,2019-07-16 09:45:10,0.14,1.1666,434,0.13,1.0833,2158,0.14,1.1666,1,0.135,1.125,2297,1
SPY190717C302,2019-07-16,2019-07-16 09:45:11,0.14,1.1666,5,0.13,1.0833,2383,0.14,1.1666,1,0.135,1.125,2297,0
SPY190717C302,2019-07-16,2019-07-16 09:45:11,0.14,1.1666,5,0.13,1.0833,2926,0.14,1.1666,1,0.135,1.125,2297,0
SPY190717C302,2019-07-16,2019-07-16 09:45:12,0.14,1.1666,340,0.13,1.0833,2400,0.14,1.1666,1,0.135,1.125,2297,0
SPY190717C302,2019-07-16,2019-07-16 09:45:13,0.14,1.1666,529,0.13,1.0833,2390,0.14,1.1666,1,0.135,1.125,2297,0
SPY190717C302,2019-07-16,2019-07-16 09:45:13,0.14,1.1666,495,0.13,1.0833,2400,0.14,1.1666,1,0.135,1.125,2297,0
SPY190717C302,2019-07-16,2019-07-16 09:45:14,0.14,1.1666,529,0.13,1.0833,2388,0.14,1.1666,1,0.135,1.125,2297,0
SPY190717C302,2019-07-16,2019-07-16 09:45:15,0.14,1.1666,758,0.13,1.0833,2188,0.14,1.1666,1,0.135,1.125,2297,0
SPY190717C302,2019-07-16,2019-07-16 09:45:15,0.14,1.1666,529,0.13,1.0833,2188,0.14,1.1666,1,0.135,1.125,2297,0
SPY190717C302,2019-07-16,2019-07-16 09:45:16,0.14,1.1666,2172,0.13,1.0833,1663,0.14,1.1666,1,0.135,1.125,2297,0
SPY190717C302,2019-07-16,2019-07-16 09:45:17,0.14,1.1666,2172,0.13,1.0833,1688,0.14,1.1666,1,0.135,1.125,2297,0
SPY190717C302,2019-07-16,2019-07-16 09:45:18,0.14,1.1666,2959,0.13,1.0833,1647,0.14,1.1666,1,0.135,1.125,2297,0
SPY190717C302,2019-07-16,2019-07-16 09:45:18,0.14,1.1666,2072,0.13,1.0833,1647,0.14,1.1666,1,0.135,1.125,2297,0
SPY190717C302,2019-07-16,2019-07-16 09:45:19,0.14,1.1666,2959,0.13,1.0833,1647,0.14,1.1666,1,0.135,1.125,2297,0
SPY190717C302,2019-07-16,2019-07-16 09:45:20,0.14,1.1666,1971,0.13,1.0833,1956,0.14,1.1666,1,0.135,1.125,2297,0
SPY190717C302,2019-07-16,2019-07-16 09:45:20,0.14,1.1666,2959,0.13,1.0833,1647,0.14,1.1666,1,0.135,1.125,2297,0
SPY190717C302,2019-07-16,2019-07-16 09:45:21,0.14,1.1666,810,0.13,1.0833,2094,0.14,1.1666,1,0.135,1.125,2297,0
SPY190717C302,2019-07-16,2019-07-16 09:45:22,0.14,1.1666,1758,0.13,1.0833,2190,0.14,1.1666,1,0.135,1.125,2297,0
SPY190717C302,2019-07-16,2019-07-16 09:45:22,0.14,1.1666,1758,0.13,1.0833,1825,0.14,1.1666,1,0.135,1.125,2297,0
SPY190717C302,2019-07-16,2019-07-16 09:45:23,0.14,1.1666,520,0.13,1.0833,3053,0.14,1.1666,1,0.135,1.125,2297,0
SPY190717C302,2019-07-16,2019-07-16 09:45:23,0.14,1.1666,520,0.13,1.0833,2202,0.14,1.1666,1,0.135,1.125,2297,0
SPY190717C302,2019-07-16,2019-07-16 09:45:24,0.14,1.1666,478,0.13,1.0833,3182,0.14,1.1666,1,0.135,1.125,2297,0
SPY190717C302,2019-07-16,2019-07-16 09:45:25,0.14,1.1666,437,0.13,1.0833,3182,0.14,1.1666,1,0.135,1.125,2297,0
SPY190717C302,2019-07-16,2019-07-16 09:45:26,0.14,1.1666,5,0.13,1.0833,3085,0.14,1.1666,1,0.135,1.125,2297,0
SPY190717C302,2019-07-16,2019-07-16 09:45:27,0.14,1.1666,362,0.13,1.0833,3085,0.14,1.1666,1,0.135,1.125,2297,0
SPY190717C302,2019-07-16,2019-07-16 09:45:27,0.14,1.1666,362,0.13,1.0833,2352,0.14,1.1666,1,0.135,1.125,2297,0
SPY190717C302,2019-07-16,2019-07-16 09:45:28,0.14,1.1666,362,0.13,1.0833,3081,0.14,1.1666,1,0.135,1.125,2297,0
SPY190717C302,2019-07-16,2019-07-16 09:45:29,0.14,1.1666,362,0.13,1.0833,3081,0.14,1.1666,1,0.135,1.125,2297,0
SPY190717C302,2019-07-16,2019-07-16 09:45:30,0.14,1.1666,362,0.13,1.0833,2945,0.14,1.1666,1,0.135,1.125,2297,0
SPY190717C302,2019-07-16,2019-07-16 09:45:31,0.14,1.1666,453,0.13,1.0833,3082,0.14,1.1666,1,0.135,1.125,2297,0
SPY190717C302,2019-07-16,2019-07-16 09:45:32,0.14,1.1666,453,0.13,1.0833,3082,0.14,1.1666,1,0.135,1.125,2297,0
SPY190717C302,2019-07-16,2019-07-16 09:45:33,0.14,1.1666,453,0.13,1.0833,3082,0.14,1.1666,1,0.135,1.125,2297,0
SPY190717C302,2019-07-16,2019-07-16 09:45:33,0.14,1.1666,5,0.13,1.0833,3139,0.14,1.1666,1,0.135,1.125,2297,0
SPY190717C302,2019-07-16,2019-07-16 09:45:34,0.14,1.1666,5,0.13,1.0833,2872,0.14,1.1666,1,0.135,1.125,2297,0
SPY190717C302,2019-07-16,2019-07-16 09:45:34,0.14,1.1666,5,0.13,1.0833,3139,0.14,1.1666,1,0.135,1.125,2297,0
SPY190717C302,2019-07-16,2019-07-16 09:45:35,0.14,1.1666,118,0.13,1.0833,2966,0.14,1.1666,1,0.135,1.125,2297,0
SPY190717C302,2019-07-16,2019-07-16 09:45:36,0.14,1.1666,118,0.13,1.0833,2723,0.14,1.1666,1,0.135,1.125,2297,0
SPY190717C302,2019-07-16,2019-07-16 09:45:36,0.14,1.1666,118,0.13,1.0833,2713,0.14,1.1666,1,0.135,1.125,2297,0
SPY190717C302,2019-07-16,2019-07-16 09:45:37,0.14,1.1666,118,0.13,1.0833,2723,0.14,1.1666,1,0.135,1.125,2297,0
SPY190717C302,2019-07-16,2019-07-16 09:45:38,0.14,1.1666,118,0.13,1.0833,3417,0.14,1.1666,1,0.135,1.125,2297,0
SPY190717C302,2019-07-16,2019-07-16 09:45:38,0.14,1.1666,118,0.13,1.0833,3108,0.14,1.1666,1,0.135,1.125,2297,0
SPY190717C302,2019-07-16,2019-07-16 09:45:39,0.14,1.1666,5,0.13,1.0833,3395,0.14,1.1666,1,0.135,1.125,2297,0
SPY190717C302,2019-07-16,2019-07-16 09:45:40,0.14,1.1666,5,0.13,1.0833,3395,0.14,1.1666,1,0.135,1.125,2297,0
SPY190717C302,2019-07-16,2019-07-16 09:45:40,0.14,1.1666,118,0.13,1.0833,3000,0.14,1.1666,1,0.135,1.125,2297,0
SPY190717C302,2019-07-16,2019-07-16 09:45:41,0.14,1.1666,118,0.13,1.0833,2536,0.14,1.1666,1,0.135,1.125,2297,0
SPY190717C302,2019-07-16,2019-07-16 09:45:42,0.14,1.1666,118,0.13,1.0833,2536,0.14,1.1666,1,0.135,1.125,2297,0
SPY190717C302,2019-07-16,2019-07-16 09:45:43,0.14,1.1666,118,0.13,1.0833,2804,0.14,1.1666,1,0.135,1.125,2297,0
SPY190717C302,2019-07-16,2019-07-16 09:45:43,0.14,1.1666,118,0.13,1.0833,2645,0.14,1.1666,1,0.135,1.125,2297,0
SPY190717C302,2019-07-16,2019-07-16 09:45:44,0.14,1.1666,5,0.13,1.0833,2536,0.14,1.1666,1,0.135,1.125,2297,0
SPY190717C302,2019-07-16,2019-07-16 09:45:44,0.14,1.1666,118,0.13,1.0833,2536,0.14,1.1666,1,0.135,1.125,2297,0
SPY190717C302,2019-07-16,2019-07-16 09:45:45,0.15,1.25,3860,0.14,1.1666,296,0.14,1.1666,5,0.145,1.2083,2302,0
SPY190717C302,2019-07-16,2019-07-16 09:45:45,0.14,1.1666,5,0.14,1.1666,296,0.14,1.1666,5,0.14,1.1666,2302,5
SPY190717C302,2019-07-16,2019-07-16 09:45:46,0.15,1.25,3428,0.14,1.1666,392,0.14,1.1666,5,0.145,1.2083,2302,0
SPY190717C302,2019-07-16,2019-07-16 09:45:47,0.15,1.25,3973,0.14,1.1666,981,0.14,1.1666,5,0.145,1.2083,2302,0
SPY190717C302,2019-07-16,2019-07-16 09:45:47,0.15,1.25,3850,0.14,1.1666,981,0.14,1.1666,5,0.145,1.2083,2302,0
SPY190717C302,2019-07-16,2019-07-16 09:45:48,0.15,1.25,3973,0.14,1.1666,981,0.14,1.1666,5,0.145,1.2083,2302,0
SPY190717C302,2019-07-16,2019-07-16 09:45:48,0.15,1.25,4028,0.14,1.1666,981,0.14,1.1666,5,0.145,1.2083,2302,0
SPY190717C302,2019-07-16,2019-07-16 09:45:49,0.15,1.25,4028,0.14,1.1666,981,0.14,1.1666,5,0.145,1.2083,2302,0
SPY190717C302,2019-07-16,2019-07-16 09:45:50,0.15,1.25,4441,0.14,1.1666,981,0.14,1.1666,5,0.145,1.2083,2302,0
SPY190717C302,2019-07-16,2019-07-16 09:45:51,0.15,1.25,4151,0.14,1.1666,981,0.14,1.1666,5,0.145,1.2083,2302,0
SPY190717C302,2019-07-16,2019-07-16 09:45:52,0.15,1.25,2801,0.14,1.1666,981,0.15,1.25,118,0.145,1.2083,2597,295
SPY190717C302,2019-07-16,2019-07-16 09:45:53,0.15,1.25,3506,0.14,1.1666,981,0.15,1.25,118,0.145,1.2083,2597,0
SPY190717C302,2019-07-16,2019-07-16 09:45:54,0.15,1.25,4110,0.14,1.1666,981,0.15,1.25,118,0.145,1.2083,2597,0
SPY190717C302,2019-07-16,2019-07-16 09:45:54,0.15,1.25,3554,0.14,1.1666,838,0.15,1.25,118,0.145,1.2083,2597,0
SPY190717C302,2019-07-16,2019-07-16 09:45:55,0.15,1.25,1402,0.14,1.1666,2170,0.15,1.25,118,0.145,1.2083,2597,0
SPY190717C302,2019-07-16,2019-07-16 09:45:55,0.15,1.25,1272,0.14,1.1666,2170,0.15,1.25,118,0.145,1.2083,2597,0
SPY190717C302,2019-07-16,2019-07-16 09:45:56,0.15,1.25,1513,0.14,1.1666,2467,0.15,1.25,118,0.145,1.2083,2597,0
SPY190717C302,2019-07-16,2019-07-16 09:45:57,0.15,1.25,519,0.14,1.1666,2467,0.15,1.25,118,0.145,1.2083,2597,0
SPY190717C302,2019-07-16,2019-07-16 09:45:57,0.15,1.25,519,0.14,1.1666,2620,0.15,1.25,118,0.145,1.2083,2597,0
SPY190717C302,2019-07-16,2019-07-16 09:45:58,0.15,1.25,519,0.14,1.1666,2620,0.15,1.25,118,0.145,1.2083,2597,0
SPY190717C302,2019-07-16,2019-07-16 09:45:58,0.15,1.25,826,0.14,1.1666,2670,0.15,1.25,118,0.145,1.2083,2597,0
SPY190717C302,2019-07-16,2019-07-16 09:45:59,0.15,1.25,826,0.14,1.1666,2670,0.15,1.25,118,0.145,1.2083,2597,0
SPY190717C302,2019-07-16,2019-07-16 09:46:00,0.15,1.25,439,0.14,1.1666,2589,0.15,1.25,118,0.145,1.2083,2597,0
SPY190717C302,2019-07-16,2019-07-16 09:46:01,0.15,1.25,439,0.14,1.1666,2075,0.15,1.25,118,0.145,1.2083,2597,0
SPY190717C302,2019-07-16,2019-07-16 09:46:01,0.15,1.25,472,0.14,1.1666,2794,0.15,1.25,118,0.145,1.2083,2597,0
SPY190717C302,2019-07-16,2019-07-16 09:46:02,0.15,1.25,1552,0.14,1.1666,1746,0.15,1.25,118,0.145,1.2083,2597,0
SPY190717C302,2019-07-16,2019-07-16 09:46:02,0.15,1.25,2481,0.14,1.1666,1746,0.14,1.1666,2,0.145,1.2083,2599,2
SPY190717C302,2019-07-16,2019-07-16 09:46:03,0.15,1.25,2481,0.14,1.1666,1584,0.14,1.1666,2,0.145,1.2083,2599,0
SPY190717C302,2019-07-16,2019-07-16 09:46:04,0.15,1.25,2481,0.14,1.1666,1584,0.14,1.1666,2,0.145,1.2083,2599,0
SPY190717C302,2019-07-16,2019-07-16 09:46:05,0.15,1.25,2481,0.14,1.1666,2028,0.14,1.1666,1,0.145,1.2083,2600,1
SPY190717C302,2019-07-16,2019-07-16 09:46:05,0.15,1.25,2544,0.14,1.1666,1892,0.14,1.1666,1,0.145,1.2083,2600,0
SPY190717C302,2019-07-16,2019-07-16 09:46:06,0.15,1.25,954,0.14,1.1666,2493,0.14,1.1666,1,0.145,1.2083,2600,0
SPY190717C302,2019-07-16,2019-07-16 09:46:06,0.15,1.25,929,0.14,1.1666,1844,0.14,1.1666,1,0.145,1.2083,2600,0
SPY190717C302,2019-07-16,2019-07-16 09:46:07,0.15,1.25,3173,0.14,1.1666,1593,0.14,1.1666,1,0.145,1.2083,2600,0
SPY190717C302,2019-07-16,2019-07-16 09:46:07,0.15,1.25,2264,0.14,1.1666,1216,0.14,1.1666,1,0.145,1.2083,2600,0
SPY190717C302,2019-07-16,2019-07-16 09:46:08,0.15,1.25,3236,0.14,1.1666,1593,0.14,1.1666,1,0.145,1.2083,2600,0
SPY190717C302,2019-07-16,2019-07-16 09:46:09,0.15,1.25,3520,0.14,1.1666,1808,0.14,1.1666,1,0.145,1.2083,2600,0
SPY190717C302,2019-07-16,2019-07-16 09:46:09,0.15,1.25,3457,0.14,1.1666,1808,0.14,1.1666,1,0.145,1.2083,2600,0
SPY190717C302,2019-07-16,2019-07-16 09:46:10,0.15,1.25,2876,0.14,1.1666,2210,0.14,1.1666,1,0.145,1.2083,2600,0
SPY190717C302,2019-07-16,2019-07-16 09:46:11,0.15,1.25,2876,0.14,1.1666,2191,0.14,1.1666,1,0.145,1.2083,2600,0
SPY190717C302,2019-07-16,2019-07-16 09:46:11,0.15,1.25,3214,0.14,1.1666,2548,0.14,1.1666,1,0.145,1.2083,2600,0
SPY190717C302,2019-07-16,2019-07-16 09:46:12,0.15,1.25,3214,0.14,1.1666,2191,0.14,1.1666,1,0.145,1.2083,2600,0
SPY190717C302,2019-07-16,2019-07-16 09:46:12,0.15,1.25,3214,0.14,1.1666,2174,0.14,1.1666,1,0.145,1.2083,2600,0
SPY190717C302,2019-07-16,2019-07-16 09:46:13,0.15,1.25,3100,0.14,1.1666,440,0.14,1.1666,1,0.145,1.2083,2600,0
SPY190717C302,2019-07-16,2019-07-16 09:46:13,0.15,1.25,3561,0.14,1.1666,2174,0.14,1.1666,1,0.145,1.2083,2600,0
SPY190717C302,2019-07-16,2019-07-16 09:46:14,0.15,1.25,3304,0.14,1.1666,1337,0.14,1.1666,1,0.145,1.2083,2600,0
SPY190717C302,2019-07-16,2019-07-16 09:46:14,0.15,1.25,3137,0.14,1.1666,1337,0.14,1.1666,1,0.145,1.2083,2600,0
SPY190717C302,2019-07-16,2019-07-16 09:46:16,0.15,1.25,3301,0.14,1.1666,1452,0.14,1.1666,1,0.145,1.2083,2600,0
SPY190717C302,2019-07-16,2019-07-16 09:46:16,0.15,1.25,2518,0.14,1.1666,1452,0.14,1.1666,1,0.145,1.2083,2600,0
SPY190717C302,2019-07-16,2019-07-16 09:46:17,0.15,1.25,3081,0.14,1.1666,1452,0.14,1.1666,1,0.145,1.2083,2600,0
SPY190717C302,2019-07-16,2019-07-16 09:46:19,0.15,1.25,2111,0.14,1.1666,1460,0.14,1.1666,1,0.145,1.2083,2600,0
SPY190717C302,2019-07-16,2019-07-16 09:46:21,0.15,1.25,2210,0.14,1.1666,1083,0.14,1.1666,1,0.145,1.2083,2600,0
SPY190717C302,2019-07-16,2019-07-16 09:46:22,0.15,1.25,2210,0.14,1.1666,1083,0.14,1.1666,1,0.145,1.2083,2600,0
SPY190717C302,2019-07-16,2019-07-16 09:46:23,0.15,1.25,3621,0.14,1.1666,1584,0.14,1.1666,1,0.145,1.2083,2601,0
SPY190717C302,2019-07-16,2019-07-16 09:46:23,0.15,1.25,3727,0.14,1.1666,1584,0.14,1.1666,1,0.145,1.2083,2601,1
SPY190717C302,2019-07-16,2019-07-16 09:46:24,0.15,1.25,3400,0.14,1.1666,1902,0.14,1.1666,1,0.145,1.2083,2601,0
SPY190717C302,2019-07-16,2019-07-16 09:46:25,0.15,1.25,3400,0.14,1.1666,1584,0.14,1.1666,1,0.145,1.2083,2601,0
SPY190717C302,2019-07-16,2019-07-16 09:46:25,0.15,1.25,1954,0.14,1.1666,292,0.14,1.1666,1,0.145,1.2083,2601,0
SPY190717C302,2019-07-16,2019-07-16 09:46:26,0.15,1.25,1984,0.14,1.1666,332,0.14,1.1666,1,0.145,1.2083,2601,0
SPY190717C302,2019-07-16,2019-07-16 09:46:26,0.15,1.25,2241,0.14,1.1666,332,0.14,1.1666,1,0.145,1.2083,2601,0
SPY190717C302,2019-07-16,2019-07-16 09:46:27,0.15,1.25,2948,0.14,1.1666,513,0.14,1.1666,1,0.145,1.2083,2601,0
SPY190717C302,2019-07-16,2019-07-16 09:46:27,0.15,1.25,3354,0.14,1.1666,1083,0.14,1.1666,1,0.145,1.2083,2601,0
SPY190717C302,2019-07-16,2019-07-16 09:46:28,0.15,1.25,2948,0.14,1.1666,801,0.14,1.1666,1,0.145,1.2083,2601,0
SPY190717C302,2019-07-16,2019-07-16 09:46:29,0.15,1.25,2688,0.14,1.1666,801,0.14,1.1666,1,0.145,1.2083,2601,0
SPY190717C302,2019-07-16,2019-07-16 09:46:29,0.15,1.25,2698,0.14,1.1666,801,0.14,1.1666,1,0.145,1.2083,2601,0
SPY190717C302,2019-07-16,2019-07-16 09:46:31,0.15,1.25,2688,0.14,1.1666,801,0.14,1.1666,1,0.145,1.2083,2601,0
SPY190717C302,2019-07-16,2019-07-16 09:46:32,0.15,1.25,4915,0.14,1.1666,801,0.14,1.1666,1,0.145,1.2083,2601,0
SPY190717C302,2019-07-16,2019-07-16 09:46:32,0.15,1.25,3706,0.14,1.1666,801,0.14,1.1666,1,0.145,1.2083,2601,0
SPY190717C302,2019-07-16,2019-07-16 09:46:33,0.15,1.25,4274,0.14,1.1666,801,0.14,1.1666,1,0.145,1.2083,2601,0
SPY190717C302,2019-07-16,2019-07-16 09:46:34,0.15,1.25,1666,0.14,1.1666,1353,0.14,1.1666,1,0.145,1.2083,2601,0
SPY190717C302,2019-07-16,2019-07-16 09:46:34,0.15,1.25,3048,0.14,1.1666,1097,0.14,1.1666,1,0.145,1.2083,2601,0
SPY190717C302,2019-07-16,2019-07-16 09:46:35,0.15,1.25,1833,0.14,1.1666,1368,0.14,1.1666,1,0.145,1.2083,2601,0
SPY190717C302,2019-07-16,2019-07-16 09:46:36,0.15,1.25,1833,0.14,1.1666,1368,0.14,1.1666,1,0.145,1.2083,2601,0
SPY190717C302,2019-07-16,2019-07-16 09:46:37,0.15,1.25,2448,0.14,1.1666,469,0.14,1.1666,1,0.145,1.2083,2601,0
SPY190717C302,2019-07-16,2019-07-16 09:46:37,0.15,1.25,2673,0.14,1.1666,39,0.14,1.1666,1,0.145,1.2083,2601,0
SPY190717C302,2019-07-16,2019-07-16 09:46:39,0.15,1.25,3940,0.14,1.1666,357,0.14,1.1666,1,0.145,1.2083,2601,0
SPY190717C302,2019-07-16,2019-07-16 09:46:40,0.15,1.25,4259,0.14,1.1666,357,0.14,1.1666,1,0.145,1.2083,2601,0
SPY190717C302,2019-07-16,2019-07-16 09:46:40,0.15,1.25,4360,0.14,1.1666,357,0.14,1.1666,1,0.145,1.2083,2601,0
SPY190717C302,2019-07-16,2019-07-16 09:46:42,0.15,1.25,4783,0.14,1.1666,576,0.14,1.1666,1,0.145,1.2083,2601,0
SPY190717C302,2019-07-16,2019-07-16 09:46:43,0.15,1.25,5509,0.14,1.1666,576,0.14,1.1666,1,0.145,1.2083,2601,0
SPY190717C302,2019-07-16,2019-07-16 09:46:43,0.15,1.25,4700,0.14,1.1666,576,0.14,1.1666,1,0.145,1.2083,2601,0
SPY190717C302,2019-07-16,2019-07-16 09:46:44,0.15,1.25,4421,0.14,1.1666,272,0.14,1.1666,1,0.145,1.2083,2601,0
SPY190717C302,2019-07-16,2019-07-16 09:46:45,0.15,1.25,4147,0.14,1.1666,1000,0.14,1.1666,1,0.145,1.2083,2601,0
SPY190717C302,2019-07-16,2019-07-16 09:46:51,0.15,1.25,5307,0.14,1.1666,96,0.14,1.1666,1,0.145,1.2083,2601,0
SPY190717C302,2019-07-16,2019-07-16 09:46:53,0.15,1.25,5268,0.14,1.1666,138,0.14,1.1666,1,0.145,1.2083,2601,0
SPY190717C302,2019-07-16,2019-07-16 09:46:54,0.15,1.25,5331,0.14,1.1666,138,0.14,1.1666,1,0.145,1.2083,2601,0
SPY190717C302,2019-07-16,2019-07-16 09:46:57,0.15,1.25,5164,0.14,1.1666,118,0.14,1.1666,1,0.145,1.2083,2601,0
SPY190717C302,2019-07-16,2019-07-16 09:46:57,0.15,1.25,3936,0.14,1.1666,10,0.14,1.1666,1,0.145,1.2083,2601,0
SPY190717C302,2019-07-16,2019-07-16 09:47:00,0.15,1.25,6141,0.14,1.1666,1,0.14,1.1666,1,0.145,1.2083,2601,0
SPY190717C302,2019-07-16,2019-07-16 09:47:01,0.15,1.25,6141,0.14,1.1666,1,0.14,1.1666,1,0.145,1.2083,2601,0
SPY190717C302,2019-07-16,2019-07-16 09:47:02,0.15,1.25,6205,0.14,1.1666,1,0.14,1.1666,1,0.145,1.2083,2601,0
SPY190717C302,2019-07-16,2019-07-16 09:47:04,0.15,1.25,6205,0.14,1.1666,1,0.14,1.1666,1,0.145,1.2083,2601,0
SPY190717C302,2019-07-16,2019-07-16 09:47:05,0.15,1.25,6205,0.14,1.1666,1,0.14,1.1666,1,0.145,1.2083,2601,0
SPY190717C302,2019-07-16,2019-07-16 09:47:06,0.15,1.25,6205,0.14,1.1666,1,0.14,1.1666,1,0.145,1.2083,2601,0
SPY190717C302,2019-07-16,2019-07-16 09:47:07,0.15,1.25,6205,0.14,1.1666,1,0.14,1.1666,1,0.145,1.2083,2601,0
SPY190717C302,2019-07-16,2019-07-16 09:47:08,0.14,1.1666,3221,0.13,1.0833,326,0.14,1.1666,1,0.135,1.125,2602,0
SPY190717C302,2019-07-16,2019-07-16 09:47:08,0.14,1.1666,2773,0.13,1.0833,870,0.14,1.1666,1,0.135,1.125,2602,1
SPY190717C302,2019-07-16,2019-07-16 09:47:09,0.14,1.1666,3221,0.13,1.0833,326,0.14,1.1666,1,0.135,1.125,2602,0
SPY190717C302,2019-07-16,2019-07-16 09:47:10,0.14,1.1666,4076,0.13,1.0833,138,0.14,1.1666,1,0.135,1.125,2602,0
SPY190717C302,2019-07-16,2019-07-16 09:47:11,0.14,1.1666,4491,0.13,1.0833,138,0.14,1.1666,1,0.135,1.125,2602,0
SPY190717C302,2019-07-16,2019-07-16 09:47:12,0.14,1.1666,4491,0.13,1.0833,1018,0.14,1.1666,1,0.135,1.125,2602,0
SPY190717C302,2019-07-16,2019-07-16 09:47:12,0.14,1.1666,3866,0.13,1.0833,450,0.14,1.1666,1,0.135,1.125,2602,0
SPY190717C302,2019-07-16,2019-07-16 09:47:13,0.14,1.1666,3866,0.13,1.0833,450,0.14,1.1666,1,0.135,1.125,2602,0
SPY190717C302,2019-07-16,2019-07-16 09:47:14,0.14,1.1666,3866,0.13,1.0833,228,0.14,1.1666,1,0.135,1.125,2602,0
SPY190717C302,2019-07-16,2019-07-16 09:47:15,0.14,1.1666,3866,0.13,1.0833,228,0.14,1.1666,1,0.135,1.125,2602,0
SPY190717C302,2019-07-16,2019-07-16 09:47:17,0.14,1.1666,3939,0.13,1.0833,402,0.14,1.1666,1,0.135,1.125,2602,0
SPY190717C302,2019-07-16,2019-07-16 09:47:18,0.14,1.1666,3939,0.13,1.0833,402,0.14,1.1666,1,0.135,1.125,2602,0
SPY190717C302,2019-07-16,2019-07-16 09:47:19,0.14,1.1666,4694,0.13,1.0833,402,0.14,1.1666,1,0.135,1.125,2602,0
SPY190717C302,2019-07-16,2019-07-16 09:47:20,0.14,1.1666,4694,0.13,1.0833,402,0.14,1.1666,1,0.135,1.125,2602,0
SPY190717C302,2019-07-16,2019-07-16 09:47:21,0.14,1.1666,4694,0.13,1.0833,402,0.14,1.1666,1,0.135,1.125,2602,0
SPY190717C302,2019-07-16,2019-07-16 09:47:22,0.13,1.0833,467,0.12,1.0,2522,0.14,1.1666,1,0.125,1.0416,2602,0
SPY190717C302,2019-07-16,2019-07-16 09:47:23,0.13,1.0833,412,0.12,1.0,3075,0.14,1.1666,1,0.125,1.0416,2602,0
SPY190717C302,2019-07-16,2019-07-16 09:47:25,0.13,1.0833,637,0.12,1.0,2522,0.14,1.1666,1,0.125,1.0416,2602,0
SPY190717C302,2019-07-16,2019-07-16 09:47:26,0.13,1.0833,1981,0.12,1.0,2512,0.14,1.1666,1,0.125,1.0416,2602,0
SPY190717C302,2019-07-16,2019-07-16 09:47:27,0.13,1.0833,3236,0.12,1.0,2109,0.12,1.0,1,0.125,1.0416,2603,1
SPY190717C302,2019-07-16,2019-07-16 09:47:27,0.13,1.0833,1643,0.12,1.0,2262,0.14,1.1666,1,0.125,1.0416,2602,0
SPY190717C302,2019-07-16,2019-07-16 09:47:28,0.13,1.0833,3236,0.12,1.0,2059,0.12,1.0,1,0.125,1.0416,2604,1
SPY190717C302,2019-07-16,2019-07-16 09:47:29,0.13,1.0833,3352,0.12,1.0,2059,0.12,1.0,1,0.125,1.0416,2604,0
SPY190717C302,2019-07-16,2019-07-16 09:47:29,0.13,1.0833,3106,0.12,1.0,2845,0.12,1.0,1,0.125,1.0416,2604,0
SPY190717C302,2019-07-16,2019-07-16 09:47:30,0.13,1.0833,3492,0.12,1.0,2201,0.12,1.0,1,0.125,1.0416,2604,0
SPY190717C302,2019-07-16,2019-07-16 09:47:31,0.13,1.0833,2403,0.12,1.0,1759,0.12,1.0,1,0.125,1.0416,2604,0
SPY190717C302,2019-07-16,2019-07-16 09:47:31,0.13,1.0833,2415,0.12,1.0,2473,0.12,1.0,1,0.125,1.0416,2604,0
SPY190717C302,2019-07-16,2019-07-16 09:47:33,0.13,1.0833,2551,0.12,1.0,2345,0.12,1.0,1,0.125,1.0416,2604,0
SPY190717C302,2019-07-16,2019-07-16 09:47:34,0.13,1.0833,1736,0.12,1.0,2345,0.12,1.0,1,0.125,1.0416,2605,1
SPY190717C302,2019-07-16,2019-07-16 09:47:35,0.13,1.0833,1466,0.12,1.0,2284,0.12,1.0,1,0.125,1.0416,2606,0
SPY190717C302,2019-07-16,2019-07-16 09:47:35,0.13,1.0833,1466,0.12,1.0,2284,0.12,1.0,1,0.125,1.0416,2606,1
SPY190717C302,2019-07-16,2019-07-16 09:47:36,0.13,1.0833,2553,0.12,1.0,2284,0.12,1.0,1,0.125,1.0416,2606,0
SPY190717C302,2019-07-16,2019-07-16 09:47:37,0.13,1.0833,618,0.12,1.0,2004,0.12,1.0,1,0.125,1.0416,2606,0
SPY190717C302,2019-07-16,2019-07-16 09:47:38,0.13,1.0833,865,0.12,1.0,2004,0.12,1.0,1,0.125,1.0416,2606,0
SPY190717C302,2019-07-16,2019-07-16 09:47:39,0.13,1.0833,1120,0.12,1.0,3048,0.12,1.0,1,0.125,1.0416,2606,0
SPY190717C302,2019-07-16,2019-07-16 09:47:39,0.13,1.0833,865,0.12,1.0,3047,0.12,1.0,1,0.125,1.0416,2606,0
SPY190717C302,2019-07-16,2019-07-16 09:47:40,0.13,1.0833,899,0.12,1.0,2597,0.12,1.0,1,0.125,1.0416,2606,0
SPY190717C302,2019-07-16,2019-07-16 09:47:41,0.13,1.0833,865,0.12,1.0,2925,0.12,1.0,1,0.125,1.0416,2606,0
SPY190717C302,2019-07-16,2019-07-16 09:47:42,0.13,1.0833,1133,0.12,1.0,2447,0.12,1.0,1,0.125,1.0416,2606,0
SPY190717C302,2019-07-16,2019-07-16 09:47:43,0.13,1.0833,1454,0.12,1.0,2284,0.12,1.0,1,0.125,1.0416,2606,0
SPY190717C302,2019-07-16,2019-07-16 09:47:43,0.13,1.0833,865,0.12,1.0,2274,0.12,1.0,1,0.125,1.0416,2606,0
SPY190717C302,2019-07-16,2019-07-16 09:47:44,0.13,1.0833,1454,0.12,1.0,2284,0.12,1.0,1,0.125,1.0416,2606,0
SPY190717C302,2019-07-16,2019-07-16 09:47:45,0.13,1.0833,1454,0.12,1.0,2353,0.12,1.0,1,0.125,1.0416,2606,0
SPY190717C302,2019-07-16,2019-07-16 09:47:45,0.13,1.0833,1487,0.12,1.0,2353,0.12,1.0,1,0.125,1.0416,2606,0
SPY190717C302,2019-07-16,2019-07-16 09:47:46,0.13,1.0833,1571,0.12,1.0,2808,0.12,1.0,1,0.125,1.0416,2606,0
SPY190717C302,2019-07-16,2019-07-16 09:47:47,0.13,1.0833,2740,0.12,1.0,1764,0.12,1.0,1,0.125,1.0416,2606,0
SPY190717C302,2019-07-16,2019-07-16 09:47:47,0.13,1.0833,2729,0.12,1.0,2353,0.12,1.0,1,0.125,1.0416,2606,0
SPY190717C302,2019-07-16,2019-07-16 09:47:48,0.13,1.0833,2740,0.12,1.0,1764,0.12,1.0,1,0.125,1.0416,2606,0
SPY190717C302,2019-07-16,2019-07-16 09:47:49,0.13,1.0833,3822,0.12,1.0,1959,0.12,1.0,1,0.125,1.0416,2606,0
SPY190717C302,2019-07-16,2019-07-16 09:47:50,0.13,1.0833,2517,0.12,1.0,1516,0.12,1.0,1,0.125,1.0416,2606,0
SPY190717C302,2019-07-16,2019-07-16 09:47:50,0.13,1.0833,3822,0.12,1.0,1962,0.12,1.0,1,0.125,1.0416,2606,0
SPY190717C302,2019-07-16,2019-07-16 09:47:51,0.13,1.0833,3191,0.12,1.0,2446,0.12,1.0,1,0.125,1.0416,2606,0
SPY190717C302,2019-07-16,2019-07-16 09:47:51,0.13,1.0833,3614,0.12,1.0,2424,0.12,1.0,1,0.125,1.0416,2606,0
SPY190717C302,2019-07-16,2019-07-16 09:47:52,0.13,1.0833,3096,0.12,1.0,2642,0.12,1.0,1,0.125,1.0416,2606,0
SPY190717C302,2019-07-16,2019-07-16 09:47:53,0.13,1.0833,3096,0.12,1.0,2661,0.12,1.0,1,0.125,1.0416,2606,0
SPY190717C302,2019-07-16,2019-07-16 09:47:53,0.13,1.0833,3096,0.12,1.0,2642,0.12,1.0,1,0.125,1.0416,2606,0
SPY190717C302,2019-07-16,2019-07-16 09:47:54,0.13,1.0833,3096,0.12,1.0,2642,0.12,1.0,1,0.125,1.0416,2606,0
SPY190717C302,2019-07-16,2019-07-16 09:47:55,0.13,1.0833,2205,0.12,1.0,2301,0.12,1.0,1,0.125,1.0416,2606,0
SPY190717C302,2019-07-16,2019-07-16 09:47:56,0.13,1.0833,2823,0.12,1.0,2646,0.12,1.0,1,0.125,1.0416,2606,0
SPY190717C302,2019-07-16,2019-07-16 09:47:56,0.13,1.0833,2957,0.12,1.0,2646,0.12,1.0,1,0.125,1.0416,2606,0
SPY190717C302,2019-07-16,2019-07-16 09:47:57,0.13,1.0833,2120,0.12,1.0,2646,0.12,1.0,1,0.125,1.0416,2606,0
SPY190717C302,2019-07-16,2019-07-16 09:47:58,0.13,1.0833,2191,0.12,1.0,3073,0.12,1.0,1,0.125,1.0416,2606,0
SPY190717C302,2019-07-16,2019-07-16 09:47:59,0.13,1.0833,212,0.12,1.0,2764,0.12,1.0,1,0.125,1.0416,2606,0
SPY190717C302,2019-07-16,2019-07-16 09:47:59,0.13,1.0833,2191,0.12,1.0,2938,0.12,1.0,1,0.125,1.0416,2606,0
SPY190717C302,2019-07-16,2019-07-16 09:48:00,0.13,1.0833,554,0.12,1.0,2664,0.12,1.0,1,0.125,1.0416,2606,0
SPY190717C302,2019-07-16,2019-07-16 09:48:00,0.13,1.0833,738,0.12,1.0,2664,0.12,1.0,1,0.125,1.0416,2606,0
SPY190717C302,2019-07-16,2019-07-16 09:48:01,0.13,1.0833,869,0.12,1.0,2719,0.12,1.0,1,0.125,1.0416,2606,0
SPY190717C302,2019-07-16,2019-07-16 09:48:02,0.13,1.0833,1116,0.12,1.0,2719,0.12,1.0,1,0.125,1.0416,2606,0
SPY190717C302,2019-07-16,2019-07-16 09:48:03,0.13,1.0833,885,0.12,1.0,3165,0.12,1.0,1,0.125,1.0416,2606,0
SPY190717C302,2019-07-16,2019-07-16 09:48:03,0.13,1.0833,1311,0.12,1.0,3011,0.12,1.0,1,0.125,1.0416,2606,0
SPY190717C302,2019-07-16,2019-07-16 09:48:04,0.13,1.0833,885,0.12,1.0,3165,0.12,1.0,1,0.125,1.0416,2606,0
SPY190717C302,2019-07-16,2019-07-16 09:48:05,0.13,1.0833,55,0.12,1.0,2055,0.12,1.0,1,0.125,1.0416,2606,0
SPY190717C302,2019-07-16,2019-07-16 09:48:05,0.13,1.0833,55,0.12,1.0,2755,0.12,1.0,1,0.125,1.0416,2606,0
SPY190717C302,2019-07-16,2019-07-16 09:48:06,0.13,1.0833,55,0.12,1.0,3093,0.12,1.0,1,0.125,1.0416,2606,0
SPY190717C302,2019-07-16,2019-07-16 09:48:07,0.13,1.0833,55,0.12,1.0,3093,0.12,1.0,1,0.125,1.0416,2606,0
SPY190717C302,2019-07-16,2019-07-16 09:48:07,0.13,1.0833,160,0.12,1.0,3093,0.12,1.0,1,0.125,1.0416,2606,0
SPY190717C302,2019-07-16,2019-07-16 09:48:08,0.13,1.0833,118,0.12,1.0,3093,0.12,1.0,1,0.125,1.0416,2606,0
SPY190717C302,2019-07-16,2019-07-16 09:48:09,0.13,1.0833,48,0.12,1.0,3304,0.12,1.0,1,0.125,1.0416,2606,0
SPY190717C302,2019-07-16,2019-07-16 09:48:09,0.13,1.0833,48,0.12,1.0,3093,0.12,1.0,1,0.125,1.0416,2606,0
SPY190717C302,2019-07-16,2019-07-16 09:48:10,0.13,1.0833,118,0.12,1.0,3093,0.12,1.0,1,0.125,1.0416,2606,0
SPY190717C302,2019-07-16,2019-07-16 09:48:11,0.13,1.0833,118,0.12,1.0,3093,0.12,1.0,1,0.125,1.0416,2606,0
SPY190717C302,2019-07-16,2019-07-16 09:48:12,0.13,1.0833,159,0.12,1.0,3093,0.12,1.0,1,0.125,1.0416,2606,0
SPY190717C302,2019-07-16,2019-07-16 09:48:13,0.13,1.0833,159,0.12,1.0,3093,0.12,1.0,1,0.125,1.0416,2606,0
SPY190717C302,2019-07-16,2019-07-16 09:48:14,0.13,1.0833,159,0.12,1.0,3093,0.12,1.0,1,0.125,1.0416,2606,0
SPY190717C302,2019-07-16,2019-07-16 09:48:15,0.13,1.0833,159,0.12,1.0,3093,0.12,1.0,1,0.125,1.0416,2606,0
SPY190717C302,2019-07-16,2019-07-16 09:48:16,0.13,1.0833,159,0.12,1.0,3093,0.14,1.1666,1,0.125,1.0416,2609,3
SPY190717C302,2019-07-16,2019-07-16 09:48:16,0.13,1.0833,159,0.12,1.0,3093,0.12,1.0,1,0.125,1.0416,2606,0
SPY190717C302,2019-07-16,2019-07-16 09:48:17,0.13,1.0833,159,0.12,1.0,3290,0.14,1.1666,1,0.125,1.0416,2609,0
SPY190717C302,2019-07-16,2019-07-16 09:48:17,0.13,1.0833,5,0.12,1.0,4097,0.14,1.1666,1,0.125,1.0416,2609,0
SPY190717C302,2019-07-16,2019-07-16 09:48:18,0.13,1.0833,5,0.12,1.0,4097,0.14,1.1666,1,0.125,1.0416,2609,0
SPY190717C302,2019-07-16,2019-07-16 09:48:19,0.13,1.0833,118,0.12,1.0,4097,0.14,1.1666,1,0.125,1.0416,2609,0
SPY190717C302,2019-07-16,2019-07-16 09:48:20,0.13,1.0833,5,0.12,1.0,2214,0.14,1.1666,1,0.125,1.0416,2609,0
SPY190717C302,2019-07-16,2019-07-16 09:48:20,0.13,1.0833,118,0.12,1.0,4097,0.14,1.1666,1,0.125,1.0416,2609,0
SPY190717C302,2019-07-16,2019-07-16 09:48:21,0.13,1.0833,5,0.12,1.0,4214,0.14,1.1666,1,0.125,1.0416,2609,0
SPY190717C302,2019-07-16,2019-07-16 09:48:22,0.13,1.0833,5,0.12,1.0,4214,0.14,1.1666,1,0.125,1.0416,2609,0
SPY190717C302,2019-07-16,2019-07-16 09:48:22,0.13,1.0833,118,0.12,1.0,4214,0.14,1.1666,1,0.125,1.0416,2609,0
SPY190717C302,2019-07-16,2019-07-16 09:48:23,0.13,1.0833,118,0.12,1.0,4448,0.14,1.1666,1,0.125,1.0416,2609,0
SPY190717C302,2019-07-16,2019-07-16 09:48:24,0.13,1.0833,118,0.12,1.0,4448,0.14,1.1666,1,0.125,1.0416,2609,0
SPY190717C302,2019-07-16,2019-07-16 09:48:25,0.13,1.0833,118,0.12,1.0,4448,0.14,1.1666,1,0.125,1.0416,2609,0
SPY190717C302,2019-07-16,2019-07-16 09:48:26,0.13,1.0833,118,0.12,1.0,4448,0.14,1.1666,1,0.125,1.0416,2609,0
SPY190717C302,2019-07-16,2019-07-16 09:48:27,0.13,1.0833,118,0.12,1.0,4448,0.14,1.1666,1,0.125,1.0416,2609,0
SPY190717C302,2019-07-16,2019-07-16 09:48:28,0.13,1.0833,118,0.12,1.0,3878,0.14,1.1666,1,0.125,1.0416,2609,0
SPY190717C302,2019-07-16,2019-07-16 09:48:29,0.13,1.0833,159,0.12,1.0,4822,0.14,1.1666,1,0.125,1.0416,2609,0
SPY190717C302,2019-07-16,2019-07-16 09:48:29,0.13,1.0833,118,0.12,1.0,3878,0.14,1.1666,1,0.125,1.0416,2609,0
SPY190717C302,2019-07-16,2019-07-16 09:48:30,0.13,1.0833,159,0.12,1.0,4628,0.14,1.1666,1,0.125,1.0416,2609,0
SPY190717C302,2019-07-16,2019-07-16 09:48:30,0.13,1.0833,159,0.12,1.0,4513,0.14,1.1666,1,0.125,1.0416,2609,0
SPY190717C302,2019-07-16,2019-07-16 09:48:31,0.13,1.0833,159,0.12,1.0,4628,0.14,1.1666,1,0.125,1.0416,2609,0
SPY190717C302,2019-07-16,2019-07-16 09:48:32,0.14,1.1666,600,0.13,1.0833,1803,0.13,1.0833,5,0.135,1.125,2630,21
SPY190717C302,2019-07-16,2019-07-16 09:48:32,0.14,1.1666,600,0.13,1.0833,2283,0.13,1.0833,5,0.135,1.125,2630,0
SPY190717C302,2019-07-16,2019-07-16 09:48:33,0.14,1.1666,628,0.13,1.0833,3453,0.13,1.0833,5,0.135,1.125,2630,0
SPY190717C302,2019-07-16,2019-07-16 09:48:34,0.14,1.1666,721,0.13,1.0833,3059,0.13,1.0833,5,0.135,1.125,2630,0
SPY190717C302,2019-07-16,2019-07-16 09:48:35,0.14,1.1666,852,0.13,1.0833,3059,0.13,1.0833,5,0.135,1.125,2630,0
