symbol,Date,quote_time,ask_price,norm_ask_price,ask_size,bid_price,norm_bid_price,bid_size,last_trade_price,norm_last_trade_price,last_trade_size,mark_price,norm_mark_price,volume,Volume
SPY190802P299,2019-08-01,2019-08-01 09:30:28.000,1.97,1.00,5,1.94,0.9847,20,1.95,0.9898,2,1.955,0.9923,119,119
SPY190802P299,2019-08-01,2019-08-01 09:30:31.000,1.98,1.005,131,1.94,0.9847,20,1.95,0.9898,2,1.96,0.9949,119,0
SPY190802P299,2019-08-01,2019-08-01 09:30:32.000,1.98,1.005,131,1.94,0.9847,20,1.95,0.9898,2,1.96,0.9949,119,0
SPY190802P299,2019-08-01,2019-08-01 09:30:33.000,1.98,1.005,131,1.94,0.9847,20,1.95,0.9898,2,1.96,0.9949,119,0
SPY190802P299,2019-08-01,2019-08-01 09:30:34.000,1.98,1.005,98,1.93,0.9796,100,1.95,0.9898,2,1.955,0.9923,119,0
SPY190802P299,2019-08-01,2019-08-01 09:30:34.000,1.97,1.00,5,1.93,0.9796,128,1.95,0.9898,2,1.95,0.9898,119,0
SPY190802P299,2019-08-01,2019-08-01 09:30:35.000,1.96,0.9949,5,1.92,0.9746,98,1.95,0.9898,2,1.94,0.9847,119,0
SPY190802P299,2019-08-01,2019-08-01 09:30:36.000,1.97,1.00,37,1.92,0.9746,98,1.95,0.9898,2,1.945,0.9873,119,0
SPY190802P299,2019-08-01,2019-08-01 09:30:36.000,1.96,0.9949,5,1.92,0.9746,98,1.95,0.9898,2,1.94,0.9847,119,0
SPY190802P299,2019-08-01,2019-08-01 09:30:37.000,1.99,1.0101,165,1.94,0.9847,98,1.95,0.9898,1,1.965,0.9974,120,1
SPY190802P299,2019-08-01,2019-08-01 09:30:37.000,1.98,1.005,98,1.94,0.9847,70,1.95,0.9898,2,1.96,0.9949,119,0
SPY190802P299,2019-08-01,2019-08-01 09:30:38.000,1.99,1.0101,165,1.95,0.9898,70,1.95,0.9898,1,1.97,1.00,120,0
SPY190802P299,2019-08-01,2019-08-01 09:30:38.000,1.99,1.0101,100,1.96,0.9949,98,1.96,0.9949,2,1.975,1.0025,122,2
SPY190802P299,2019-08-01,2019-08-01 09:30:39.000,1.99,1.0101,100,1.97,1.00,55,1.96,0.9949,2,1.98,1.005,122,0
SPY190802P299,2019-08-01,2019-08-01 09:30:39.000,1.99,1.0101,100,1.96,0.9949,20,1.96,0.9949,2,1.975,1.0025,122,0
SPY190802P299,2019-08-01,2019-08-01 09:30:40.000,1.99,1.0101,100,1.97,1.00,5,1.96,0.9949,2,1.98,1.005,122,0
SPY190802P299,2019-08-01,2019-08-01 09:30:41.000,1.99,1.0101,100,1.96,0.9949,45,1.96,0.9949,2,1.975,1.0025,122,0
SPY190802P299,2019-08-01,2019-08-01 09:30:42.000,1.99,1.0101,173,1.94,0.9847,51,1.96,0.9949,2,1.965,0.9974,122,0
SPY190802P299,2019-08-01,2019-08-01 09:30:42.000,1.98,1.005,5,1.94,0.9847,100,1.96,0.9949,2,1.96,0.9949,122,0
SPY190802P299,2019-08-01,2019-08-01 09:30:43.000,1.97,1.00,5,1.93,0.9796,98,1.96,0.9949,2,1.95,0.9898,122,0
SPY190802P299,2019-08-01,2019-08-01 09:30:43.000,1.98,1.005,122,1.93,0.9796,98,1.96,0.9949,2,1.955,0.9923,122,0
SPY190802P299,2019-08-01,2019-08-01 09:30:44.000,1.98,1.005,190,1.94,0.9847,20,1.95,0.9898,6,1.96,0.9949,128,6
SPY190802P299,2019-08-01,2019-08-01 09:30:45.000,1.97,1.00,5,1.94,0.9847,20,1.95,0.9898,6,1.955,0.9923,128,0
SPY190802P299,2019-08-01,2019-08-01 09:30:46.000,1.94,0.9847,5,1.91,0.9695,20,1.95,0.9898,6,1.925,0.9771,128,0
SPY190802P299,2019-08-01,2019-08-01 09:30:46.000,1.95,0.9898,20,1.90,0.9644,83,1.95,0.9898,6,1.925,0.9771,128,0
SPY190802P299,2019-08-01,2019-08-01 09:30:47.000,1.94,0.9847,5,1.90,0.9644,100,1.95,0.9898,6,1.92,0.9746,128,0
SPY190802P299,2019-08-01,2019-08-01 09:30:48.000,1.94,0.9847,70,1.89,0.9593,16,1.95,0.9898,6,1.915,0.972,128,0
SPY190802P299,2019-08-01,2019-08-01 09:30:48.000,1.94,0.9847,53,1.90,0.9644,100,1.95,0.9898,6,1.92,0.9746,128,0
SPY190802P299,2019-08-01,2019-08-01 09:30:49.000,1.95,0.9898,98,1.90,0.9644,100,1.95,0.9898,6,1.925,0.9771,128,0
SPY190802P299,2019-08-01,2019-08-01 09:30:50.000,1.94,0.9847,100,1.89,0.9593,93,1.95,0.9898,6,1.915,0.972,128,0
SPY190802P299,2019-08-01,2019-08-01 09:30:50.000,1.94,0.9847,100,1.90,0.9644,100,1.95,0.9898,6,1.92,0.9746,128,0
SPY190802P299,2019-08-01,2019-08-01 09:30:51.000,1.94,0.9847,104,1.90,0.9644,98,1.92,0.9746,2,1.92,0.9746,130,2
SPY190802P299,2019-08-01,2019-08-01 09:30:51.000,1.94,0.9847,104,1.90,0.9644,98,1.92,0.9746,2,1.92,0.9746,130,0
SPY190802P299,2019-08-01,2019-08-01 09:30:52.000,1.93,0.9796,120,1.89,0.9593,26,1.92,0.9746,2,1.91,0.9695,130,0
SPY190802P299,2019-08-01,2019-08-01 09:30:52.000,1.93,0.9796,120,1.89,0.9593,46,1.92,0.9746,2,1.91,0.9695,130,0
SPY190802P299,2019-08-01,2019-08-01 09:30:53.000,1.91,0.9695,1,1.88,0.9543,143,1.91,0.9695,1,1.895,0.9619,131,1
SPY190802P299,2019-08-01,2019-08-01 09:30:53.000,1.91,0.9695,1,1.88,0.9543,122,1.92,0.9746,2,1.895,0.9619,130,0
SPY190802P299,2019-08-01,2019-08-01 09:30:54.000,1.94,0.9847,6,1.91,0.9695,20,1.91,0.9695,1,1.925,0.9771,131,0
SPY190802P299,2019-08-01,2019-08-01 09:30:55.000,1.94,0.9847,6,1.92,0.9746,20,1.91,0.9695,1,1.93,0.9796,131,0
SPY190802P299,2019-08-01,2019-08-01 09:30:55.000,1.95,0.9898,65,1.92,0.9746,25,1.91,0.9695,1,1.935,0.9822,131,0
SPY190802P299,2019-08-01,2019-08-01 09:30:56.000,1.94,0.9847,180,1.88,0.9543,200,1.92,0.9746,1,1.91,0.9695,132,1
SPY190802P299,2019-08-01,2019-08-01 09:30:56.000,1.92,0.9746,5,1.89,0.9593,27,1.92,0.9746,1,1.905,0.967,132,0
SPY190802P299,2019-08-01,2019-08-01 09:30:57.000,1.90,0.9644,100,1.89,0.9593,23,1.92,0.9746,1,1.895,0.9619,132,0
SPY190802P299,2019-08-01,2019-08-01 09:30:58.000,1.90,0.9644,100,1.87,0.9492,105,1.92,0.9746,1,1.885,0.9568,132,0
SPY190802P299,2019-08-01,2019-08-01 09:30:58.000,1.90,0.9644,100,1.89,0.9593,20,1.92,0.9746,1,1.895,0.9619,132,0
SPY190802P299,2019-08-01,2019-08-01 09:30:59.000,1.90,0.9644,100,1.88,0.9543,118,1.92,0.9746,1,1.89,0.9593,132,0
SPY190802P299,2019-08-01,2019-08-01 09:30:59.000,1.90,0.9644,100,1.88,0.9543,180,1.92,0.9746,1,1.89,0.9593,132,0
SPY190802P299,2019-08-01,2019-08-01 09:31:00.000,1.90,0.9644,100,1.87,0.9492,180,1.92,0.9746,1,1.885,0.9568,132,0
SPY190802P299,2019-08-01,2019-08-01 09:31:00.000,1.90,0.9644,100,1.88,0.9543,20,1.92,0.9746,1,1.89,0.9593,132,0
SPY190802P299,2019-08-01,2019-08-01 09:31:01.000,1.90,0.9644,100,1.87,0.9492,100,1.92,0.9746,1,1.885,0.9568,132,0
SPY190802P299,2019-08-01,2019-08-01 09:31:02.000,1.89,0.9593,2,1.87,0.9492,96,1.92,0.9746,1,1.88,0.9543,132,0
SPY190802P299,2019-08-01,2019-08-01 09:31:02.000,1.89,0.9593,2,1.87,0.9492,200,1.92,0.9746,1,1.88,0.9543,132,0
SPY190802P299,2019-08-01,2019-08-01 09:31:03.000,1.89,0.9593,2,1.87,0.9492,95,1.92,0.9746,1,1.88,0.9543,132,0
SPY190802P299,2019-08-01,2019-08-01 09:31:04.000,1.89,0.9593,2,1.87,0.9492,95,1.92,0.9746,1,1.88,0.9543,132,0
SPY190802P299,2019-08-01,2019-08-01 09:31:05.000,1.89,0.9593,2,1.87,0.9492,95,1.92,0.9746,1,1.88,0.9543,132,0
SPY190802P299,2019-08-01,2019-08-01 09:31:05.000,1.88,0.9543,1,1.86,0.9441,100,1.88,0.9543,10,1.87,0.9492,143,11
SPY190802P299,2019-08-01,2019-08-01 09:31:06.000,1.88,0.9543,1,1.85,0.939,112,1.88,0.9543,10,1.865,0.9467,143,0
SPY190802P299,2019-08-01,2019-08-01 09:31:07.000,1.88,0.9543,1,1.85,0.939,106,1.88,0.9543,10,1.865,0.9467,143,0
SPY190802P299,2019-08-01,2019-08-01 09:31:08.000,1.88,0.9543,1,1.85,0.939,110,1.88,0.9543,10,1.865,0.9467,143,0
SPY190802P299,2019-08-01,2019-08-01 09:31:08.000,1.88,0.9543,1,1.85,0.939,106,1.88,0.9543,10,1.865,0.9467,143,0
SPY190802P299,2019-08-01,2019-08-01 09:31:09.000,1.88,0.9543,1,1.85,0.939,110,1.88,0.9543,10,1.865,0.9467,143,0
SPY190802P299,2019-08-01,2019-08-01 09:31:10.000,1.87,0.9492,5,1.83,0.9289,80,1.88,0.9543,10,1.85,0.939,143,0
SPY190802P299,2019-08-01,2019-08-01 09:31:10.000,1.88,0.9543,1,1.85,0.939,100,1.88,0.9543,10,1.865,0.9467,143,0
SPY190802P299,2019-08-01,2019-08-01 09:31:11.000,1.88,0.9543,1,1.85,0.939,61,1.88,0.9543,10,1.865,0.9467,143,0
SPY190802P299,2019-08-01,2019-08-01 09:31:11.000,1.88,0.9543,70,1.85,0.939,20,1.88,0.9543,10,1.865,0.9467,143,0
SPY190802P299,2019-08-01,2019-08-01 09:31:12.000,1.88,0.9543,1,1.85,0.939,43,1.88,0.9543,10,1.865,0.9467,143,0
SPY190802P299,2019-08-01,2019-08-01 09:31:12.000,1.88,0.9543,1,1.85,0.939,252,1.85,0.939,17,1.865,0.9467,160,17
SPY190802P299,2019-08-01,2019-08-01 09:31:13.000,1.88,0.9543,1,1.85,0.939,236,1.85,0.939,17,1.865,0.9467,160,0
SPY190802P299,2019-08-01,2019-08-01 09:31:14.000,1.87,0.9492,5,1.85,0.939,77,1.86,0.9441,5,1.86,0.9441,165,0
SPY190802P299,2019-08-01,2019-08-01 09:31:14.000,1.87,0.9492,5,1.86,0.9441,20,1.86,0.9441,5,1.865,0.9467,165,5
SPY190802P299,2019-08-01,2019-08-01 09:31:16.000,1.87,0.9492,5,1.85,0.939,77,1.86,0.9441,5,1.86,0.9441,165,0
SPY190802P299,2019-08-01,2019-08-01 09:31:17.000,1.87,0.9492,5,1.83,0.9289,160,1.86,0.9441,5,1.85,0.939,165,0
SPY190802P299,2019-08-01,2019-08-01 09:31:17.000,1.87,0.9492,5,1.84,0.934,20,1.86,0.9441,5,1.855,0.9416,165,0
SPY190802P299,2019-08-01,2019-08-01 09:31:18.000,1.87,0.9492,5,1.85,0.939,81,1.86,0.9441,5,1.86,0.9441,165,0
SPY190802P299,2019-08-01,2019-08-01 09:31:19.000,1.87,0.9492,5,1.85,0.939,83,1.86,0.9441,5,1.86,0.9441,165,0
SPY190802P299,2019-08-01,2019-08-01 09:31:20.000,1.86,0.9441,1,1.84,0.934,100,1.85,0.939,1,1.85,0.939,169,4
SPY190802P299,2019-08-01,2019-08-01 09:31:21.000,1.87,0.9492,5,1.86,0.9441,1,1.86,0.9441,1,1.865,0.9467,170,1
SPY190802P299,2019-08-01,2019-08-01 09:31:21.000,1.86,0.9441,1,1.85,0.939,20,1.85,0.939,1,1.855,0.9416,169,0
SPY190802P299,2019-08-01,2019-08-01 09:31:22.000,1.87,0.9492,5,1.85,0.939,61,1.86,0.9441,1,1.86,0.9441,170,0
SPY190802P299,2019-08-01,2019-08-01 09:31:23.000,1.86,0.9441,100,1.80,0.9137,100,1.86,0.9441,1,1.83,0.9289,170,0
SPY190802P299,2019-08-01,2019-08-01 09:31:24.000,1.84,0.934,5,1.81,0.9187,41,1.85,0.939,100,1.825,0.9263,270,100
SPY190802P299,2019-08-01,2019-08-01 09:31:25.000,1.85,0.939,50,1.81,0.9187,39,1.85,0.939,100,1.83,0.9289,270,0
SPY190802P299,2019-08-01,2019-08-01 09:31:26.000,1.85,0.939,5,1.83,0.9289,126,1.85,0.939,10,1.84,0.934,280,0
SPY190802P299,2019-08-01,2019-08-01 09:31:26.000,1.86,0.9441,67,1.83,0.9289,126,1.85,0.939,10,1.845,0.9365,280,10
SPY190802P299,2019-08-01,2019-08-01 09:31:27.000,1.85,0.939,5,1.82,0.9238,50,1.85,0.939,10,1.835,0.9314,280,0
SPY190802P299,2019-08-01,2019-08-01 09:31:28.000,1.85,0.939,75,1.81,0.9187,100,1.85,0.939,10,1.83,0.9289,280,0
SPY190802P299,2019-08-01,2019-08-01 09:31:28.000,1.85,0.939,5,1.82,0.9238,30,1.85,0.939,10,1.835,0.9314,280,0
SPY190802P299,2019-08-01,2019-08-01 09:31:29.000,1.85,0.939,110,1.81,0.9187,110,1.85,0.939,10,1.83,0.9289,280,0
SPY190802P299,2019-08-01,2019-08-01 09:31:29.000,1.85,0.939,75,1.81,0.9187,100,1.85,0.939,10,1.83,0.9289,280,0
SPY190802P299,2019-08-01,2019-08-01 09:31:30.000,1.85,0.939,152,1.81,0.9187,110,1.85,0.939,10,1.83,0.9289,280,0
SPY190802P299,2019-08-01,2019-08-01 09:31:30.000,1.85,0.939,100,1.81,0.9187,107,1.85,0.939,10,1.83,0.9289,280,0
SPY190802P299,2019-08-01,2019-08-01 09:31:31.000,1.85,0.939,5,1.81,0.9187,110,1.85,0.939,10,1.83,0.9289,280,0
SPY190802P299,2019-08-01,2019-08-01 09:31:31.000,1.85,0.939,5,1.82,0.9238,180,1.85,0.939,10,1.835,0.9314,280,0
SPY190802P299,2019-08-01,2019-08-01 09:31:32.000,1.85,0.939,5,1.82,0.9238,18,1.85,0.939,10,1.835,0.9314,280,0
SPY190802P299,2019-08-01,2019-08-01 09:31:32.000,1.85,0.939,5,1.82,0.9238,227,1.85,0.939,10,1.835,0.9314,280,0
SPY190802P299,2019-08-01,2019-08-01 09:31:33.000,1.85,0.939,5,1.81,0.9187,130,1.81,0.9187,2,1.83,0.9289,282,2
SPY190802P299,2019-08-01,2019-08-01 09:31:34.000,1.85,0.939,5,1.82,0.9238,100,1.83,0.9289,1,1.835,0.9314,283,1
SPY190802P299,2019-08-01,2019-08-01 09:31:34.000,1.85,0.939,5,1.81,0.9187,100,1.83,0.9289,1,1.83,0.9289,283,0
SPY190802P299,2019-08-01,2019-08-01 09:31:35.000,1.84,0.934,6,1.81,0.9187,100,1.83,0.9289,1,1.825,0.9263,283,0
SPY190802P299,2019-08-01,2019-08-01 09:31:35.000,1.84,0.934,1,1.81,0.9187,30,1.83,0.9289,1,1.825,0.9263,283,0
SPY190802P299,2019-08-01,2019-08-01 09:31:36.000,1.83,0.9289,85,1.79,0.9086,130,1.83,0.9289,1,1.81,0.9187,283,0
SPY190802P299,2019-08-01,2019-08-01 09:31:36.000,1.83,0.9289,115,1.79,0.9086,130,1.83,0.9289,1,1.81,0.9187,283,0
SPY190802P299,2019-08-01,2019-08-01 09:31:37.000,1.83,0.9289,115,1.79,0.9086,130,1.83,0.9289,1,1.81,0.9187,283,0
SPY190802P299,2019-08-01,2019-08-01 09:31:38.000,1.83,0.9289,115,1.79,0.9086,50,1.80,0.9137,3,1.81,0.9187,286,3
SPY190802P299,2019-08-01,2019-08-01 09:31:38.000,1.83,0.9289,115,1.79,0.9086,130,1.83,0.9289,1,1.81,0.9187,283,0
SPY190802P299,2019-08-01,2019-08-01 09:31:39.000,1.81,0.9187,5,1.77,0.8984,100,1.80,0.9137,3,1.79,0.9086,286,0
SPY190802P299,2019-08-01,2019-08-01 09:31:40.000,1.81,0.9187,5,1.78,0.9035,30,1.80,0.9137,3,1.795,0.9111,286,0
SPY190802P299,2019-08-01,2019-08-01 09:31:41.000,1.80,0.9137,1,1.78,0.9035,30,1.80,0.9137,3,1.79,0.9086,286,0
SPY190802P299,2019-08-01,2019-08-01 09:31:41.000,1.79,0.9086,5,1.74,0.8832,130,1.80,0.9137,3,1.765,0.8959,286,0
SPY190802P299,2019-08-01,2019-08-01 09:31:42.000,1.78,0.9035,5,1.74,0.8832,55,1.80,0.9137,3,1.76,0.8934,286,0
SPY190802P299,2019-08-01,2019-08-01 09:31:43.000,1.79,0.9086,50,1.75,0.8883,100,1.80,0.9137,3,1.77,0.8984,286,0
SPY190802P299,2019-08-01,2019-08-01 09:31:43.000,1.79,0.9086,5,1.76,0.8934,30,1.80,0.9137,3,1.775,0.901,286,0
SPY190802P299,2019-08-01,2019-08-01 09:31:44.000,1.79,0.9086,5,1.76,0.8934,130,1.80,0.9137,3,1.775,0.901,286,0
SPY190802P299,2019-08-01,2019-08-01 09:31:44.000,1.78,0.9035,5,1.74,0.8832,100,1.80,0.9137,3,1.76,0.8934,286,0
SPY190802P299,2019-08-01,2019-08-01 09:31:45.000,1.80,0.9137,30,1.76,0.8934,30,1.80,0.9137,3,1.78,0.9035,286,0
SPY190802P299,2019-08-01,2019-08-01 09:31:45.000,1.82,0.9238,71,1.78,0.9035,129,1.80,0.9137,3,1.80,0.9137,286,0
SPY190802P299,2019-08-01,2019-08-01 09:31:46.000,1.83,0.9289,149,1.80,0.9137,6,1.80,0.9137,3,1.815,0.9213,286,0
SPY190802P299,2019-08-01,2019-08-01 09:31:46.000,1.83,0.9289,5,1.79,0.9086,5,1.83,0.9289,5,1.81,0.9187,291,5
SPY190802P299,2019-08-01,2019-08-01 09:31:47.000,1.83,0.9289,5,1.79,0.9086,50,1.83,0.9289,5,1.81,0.9187,291,0
SPY190802P299,2019-08-01,2019-08-01 09:31:48.000,1.82,0.9238,280,1.78,0.9035,30,1.83,0.9289,5,1.80,0.9137,291,0
SPY190802P299,2019-08-01,2019-08-01 09:31:48.000,1.81,0.9187,30,1.78,0.9035,30,1.83,0.9289,5,1.795,0.9111,291,0
SPY190802P299,2019-08-01,2019-08-01 09:31:49.000,1.80,0.9137,100,1.76,0.8934,50,1.78,0.9035,2,1.78,0.9035,293,2
SPY190802P299,2019-08-01,2019-08-01 09:31:50.000,1.81,0.9187,154,1.77,0.8984,36,1.78,0.9035,2,1.79,0.9086,293,0
SPY190802P299,2019-08-01,2019-08-01 09:31:50.000,1.81,0.9187,50,1.78,0.9035,130,1.78,0.9035,2,1.795,0.9111,293,0
SPY190802P299,2019-08-01,2019-08-01 09:31:51.000,1.82,0.9238,6,1.79,0.9086,38,1.78,0.9035,2,1.805,0.9162,293,0
SPY190802P299,2019-08-01,2019-08-01 09:31:51.000,1.81,0.9187,52,1.77,0.8984,142,1.78,0.9035,2,1.79,0.9086,293,0
SPY190802P299,2019-08-01,2019-08-01 09:31:52.000,1.84,0.934,5,1.80,0.9137,126,1.79,0.9086,1,1.82,0.9238,294,1
SPY190802P299,2019-08-01,2019-08-01 09:31:52.000,1.86,0.9441,45,1.80,0.9137,126,1.79,0.9086,1,1.83,0.9289,294,0
SPY190802P299,2019-08-01,2019-08-01 09:31:53.000,1.86,0.9441,61,1.82,0.9238,45,1.79,0.9086,1,1.84,0.934,294,0
SPY190802P299,2019-08-01,2019-08-01 09:31:54.000,1.85,0.939,1,1.82,0.9238,50,1.85,0.939,2,1.835,0.9314,296,0
SPY190802P299,2019-08-01,2019-08-01 09:31:54.000,1.86,0.9441,100,1.81,0.9187,100,1.85,0.939,2,1.835,0.9314,296,2
SPY190802P299,2019-08-01,2019-08-01 09:31:55.000,1.87,0.9492,46,1.81,0.9187,100,1.83,0.9289,1,1.84,0.934,297,1
SPY190802P299,2019-08-01,2019-08-01 09:31:55.000,1.86,0.9441,77,1.81,0.9187,182,1.83,0.9289,1,1.835,0.9314,297,0
SPY190802P299,2019-08-01,2019-08-01 09:31:56.000,1.88,0.9543,8,1.86,0.9441,36,1.83,0.9289,1,1.87,0.9492,297,0
SPY190802P299,2019-08-01,2019-08-01 09:31:56.000,1.92,0.9746,6,1.88,0.9543,100,1.90,0.9644,2,1.90,0.9644,448,151
SPY190802P299,2019-08-01,2019-08-01 09:31:57.000,1.94,0.9847,6,1.91,0.9695,9,1.90,0.9644,2,1.925,0.9771,448,0
SPY190802P299,2019-08-01,2019-08-01 09:31:58.000,1.94,0.9847,6,1.92,0.9746,6,1.90,0.9644,2,1.93,0.9796,448,0
SPY190802P299,2019-08-01,2019-08-01 09:31:58.000,1.93,0.9796,36,1.89,0.9593,2,1.90,0.9644,2,1.91,0.9695,448,0
SPY190802P299,2019-08-01,2019-08-01 09:31:59.000,1.95,0.9898,6,1.90,0.9644,6,1.90,0.9644,2,1.925,0.9771,448,0
SPY190802P299,2019-08-01,2019-08-01 09:31:59.000,1.93,0.9796,11,1.88,0.9543,165,1.90,0.9644,2,1.905,0.967,448,0
SPY190802P299,2019-08-01,2019-08-01 09:32:00.000,1.96,0.9949,31,1.92,0.9746,20,1.90,0.9644,2,1.94,0.9847,448,0
SPY190802P299,2019-08-01,2019-08-01 09:32:00.000,1.94,0.9847,5,1.90,0.9644,24,1.90,0.9644,2,1.92,0.9746,448,0
SPY190802P299,2019-08-01,2019-08-01 09:32:01.000,1.97,1.00,5,1.92,0.9746,105,1.90,0.9644,2,1.945,0.9873,448,0
SPY190802P299,2019-08-01,2019-08-01 09:32:02.000,1.98,1.005,5,1.95,0.9898,3,1.90,0.9644,2,1.965,0.9974,448,0
SPY190802P299,2019-08-01,2019-08-01 09:32:02.000,1.98,1.005,58,1.93,0.9796,120,1.90,0.9644,2,1.955,0.9923,448,0
SPY190802P299,2019-08-01,2019-08-01 09:32:03.000,1.96,0.9949,5,1.92,0.9746,120,1.90,0.9644,2,1.94,0.9847,448,0
SPY190802P299,2019-08-01,2019-08-01 09:32:03.000,1.96,0.9949,5,1.92,0.9746,24,1.90,0.9644,2,1.94,0.9847,448,0
SPY190802P299,2019-08-01,2019-08-01 09:32:04.000,1.97,1.00,56,1.94,0.9847,20,1.95,0.9898,2,1.955,0.9923,450,0
SPY190802P299,2019-08-01,2019-08-01 09:32:04.000,1.96,0.9949,6,1.92,0.9746,6,1.95,0.9898,2,1.94,0.9847,450,2
SPY190802P299,2019-08-01,2019-08-01 09:32:05.000,2.00,1.0152,5,1.97,1.00,6,1.95,0.9898,2,1.985,1.0076,450,0
SPY190802P299,2019-08-01,2019-08-01 09:32:05.000,2.00,1.0152,2,1.99,1.0101,6,2.00,1.0152,2,1.995,1.0126,459,9
SPY190802P299,2019-08-01,2019-08-01 09:32:06.000,2.00,1.0152,2,1.99,1.0101,2,2.00,1.0152,2,1.995,1.0126,471,12
SPY190802P299,2019-08-01,2019-08-01 09:32:07.000,1.98,1.005,20,1.94,0.9847,20,1.98,1.005,3,1.96,0.9949,488,0
SPY190802P299,2019-08-01,2019-08-01 09:32:07.000,1.99,1.0101,20,1.94,0.9847,20,1.98,1.005,3,1.965,0.9974,488,17
SPY190802P299,2019-08-01,2019-08-01 09:32:08.000,1.99,1.0101,6,1.95,0.9898,33,1.98,1.005,3,1.97,1.00,488,0
SPY190802P299,2019-08-01,2019-08-01 09:32:08.000,1.99,1.0101,24,1.93,0.9796,100,1.98,1.005,3,1.96,0.9949,488,0
SPY190802P299,2019-08-01,2019-08-01 09:32:09.000,1.99,1.0101,5,1.95,0.9898,9,1.98,1.005,3,1.97,1.00,488,0
SPY190802P299,2019-08-01,2019-08-01 09:32:09.000,1.97,1.00,6,1.95,0.9898,9,1.98,1.005,3,1.96,0.9949,488,0
SPY190802P299,2019-08-01,2019-08-01 09:32:10.000,1.98,1.005,42,1.95,0.9898,12,1.98,1.005,3,1.965,0.9974,488,0
SPY190802P299,2019-08-01,2019-08-01 09:32:11.000,1.97,1.00,5,1.96,0.9949,26,1.98,1.005,3,1.965,0.9974,488,0
SPY190802P299,2019-08-01,2019-08-01 09:32:11.000,1.99,1.0101,6,1.97,1.00,9,1.97,1.00,3,1.98,1.005,492,4
SPY190802P299,2019-08-01,2019-08-01 09:32:12.000,1.97,1.00,6,1.95,0.9898,6,1.97,1.00,3,1.96,0.9949,492,0
SPY190802P299,2019-08-01,2019-08-01 09:32:12.000,1.97,1.00,12,1.94,0.9847,12,1.97,1.00,3,1.955,0.9923,492,0
SPY190802P299,2019-08-01,2019-08-01 09:32:13.000,1.96,0.9949,6,1.93,0.9796,6,1.97,1.00,3,1.945,0.9873,492,0
SPY190802P299,2019-08-01,2019-08-01 09:32:14.000,1.94,0.9847,2,1.93,0.9796,4,1.93,0.9796,2,1.935,0.9822,494,2
SPY190802P299,2019-08-01,2019-08-01 09:32:14.000,1.94,0.9847,8,1.92,0.9746,6,1.93,0.9796,2,1.93,0.9796,494,0
SPY190802P299,2019-08-01,2019-08-01 09:32:15.000,1.93,0.9796,8,1.92,0.9746,6,1.93,0.9796,2,1.925,0.9771,494,0
SPY190802P299,2019-08-01,2019-08-01 09:32:15.000,1.93,0.9796,6,1.91,0.9695,9,1.93,0.9796,2,1.92,0.9746,494,0
SPY190802P299,2019-08-01,2019-08-01 09:32:16.000,1.94,0.9847,6,1.92,0.9746,3,1.93,0.9796,2,1.93,0.9796,494,0
SPY190802P299,2019-08-01,2019-08-01 09:32:16.000,1.93,0.9796,6,1.92,0.9746,6,1.93,0.9796,2,1.925,0.9771,494,0
SPY190802P299,2019-08-01,2019-08-01 09:32:17.000,1.90,0.9644,2,1.89,0.9593,2,1.93,0.9796,2,1.895,0.9619,494,0
SPY190802P299,2019-08-01,2019-08-01 09:32:17.000,1.90,0.9644,27,1.88,0.9543,31,1.93,0.9796,2,1.89,0.9593,494,0
SPY190802P299,2019-08-01,2019-08-01 09:32:18.000,1.91,0.9695,6,1.87,0.9492,22,1.93,0.9796,2,1.89,0.9593,494,0
SPY190802P299,2019-08-01,2019-08-01 09:32:19.000,1.90,0.9644,5,1.86,0.9441,100,1.93,0.9796,2,1.88,0.9543,494,0
SPY190802P299,2019-08-01,2019-08-01 09:32:19.000,1.91,0.9695,98,1.88,0.9543,3,1.93,0.9796,2,1.895,0.9619,494,0
SPY190802P299,2019-08-01,2019-08-01 09:32:20.000,1.90,0.9644,12,1.88,0.9543,12,1.93,0.9796,2,1.89,0.9593,494,0
SPY190802P299,2019-08-01,2019-08-01 09:32:20.000,1.91,0.9695,24,1.87,0.9492,26,1.93,0.9796,2,1.89,0.9593,494,0
SPY190802P299,2019-08-01,2019-08-01 09:32:21.000,1.89,0.9593,2,1.88,0.9543,8,1.93,0.9796,2,1.885,0.9568,494,0
SPY190802P299,2019-08-01,2019-08-01 09:32:22.000,1.87,0.9492,12,1.84,0.934,12,1.93,0.9796,2,1.855,0.9416,494,0
SPY190802P299,2019-08-01,2019-08-01 09:32:22.000,1.89,0.9593,6,1.87,0.9492,6,1.93,0.9796,2,1.88,0.9543,494,0
SPY190802P299,2019-08-01,2019-08-01 09:32:23.000,1.86,0.9441,12,1.83,0.9289,20,1.93,0.9796,2,1.845,0.9365,494,0
SPY190802P299,2019-08-01,2019-08-01 09:32:24.000,1.86,0.9441,6,1.84,0.934,6,1.93,0.9796,2,1.85,0.939,494,0
SPY190802P299,2019-08-01,2019-08-01 09:32:25.000,1.91,0.9695,110,1.87,0.9492,24,1.93,0.9796,2,1.89,0.9593,494,0
SPY190802P299,2019-08-01,2019-08-01 09:32:25.000,1.90,0.9644,75,1.87,0.9492,6,1.93,0.9796,2,1.885,0.9568,494,0
SPY190802P299,2019-08-01,2019-08-01 09:32:26.000,1.90,0.9644,14,1.88,0.9543,14,1.93,0.9796,2,1.89,0.9593,494,0
SPY190802P299,2019-08-01,2019-08-01 09:32:27.000,1.89,0.9593,6,1.88,0.9543,9,1.93,0.9796,2,1.885,0.9568,494,0
SPY190802P299,2019-08-01,2019-08-01 09:32:27.000,1.90,0.9644,6,1.88,0.9543,6,1.93,0.9796,2,1.89,0.9593,494,0
SPY190802P299,2019-08-01,2019-08-01 09:32:28.000,1.92,0.9746,75,1.90,0.9644,6,1.93,0.9796,2,1.91,0.9695,494,0
SPY190802P299,2019-08-01,2019-08-01 09:32:28.000,1.89,0.9593,2,1.88,0.9543,28,1.93,0.9796,2,1.885,0.9568,494,0
SPY190802P299,2019-08-01,2019-08-01 09:32:29.000,1.93,0.9796,1,1.90,0.9644,3,1.93,0.9796,2,1.915,0.972,494,0
SPY190802P299,2019-08-01,2019-08-01 09:32:29.000,1.92,0.9746,6,1.90,0.9644,9,1.93,0.9796,2,1.91,0.9695,494,0
SPY190802P299,2019-08-01,2019-08-01 09:32:30.000,1.93,0.9796,14,1.91,0.9695,14,1.93,0.9796,2,1.92,0.9746,494,0
SPY190802P299,2019-08-01,2019-08-01 09:32:31.000,1.92,0.9746,6,1.90,0.9644,14,1.93,0.9796,2,1.91,0.9695,494,0
SPY190802P299,2019-08-01,2019-08-01 09:32:31.000,1.92,0.9746,8,1.91,0.9695,15,1.91,0.9695,7,1.915,0.972,501,7
SPY190802P299,2019-08-01,2019-08-01 09:32:32.000,1.93,0.9796,20,1.88,0.9543,10,1.91,0.9695,1,1.905,0.967,502,0
SPY190802P299,2019-08-01,2019-08-01 09:32:32.000,1.92,0.9746,5,1.88,0.9543,120,1.91,0.9695,1,1.90,0.9644,502,1
SPY190802P299,2019-08-01,2019-08-01 09:32:33.000,1.89,0.9593,6,1.87,0.9492,6,1.91,0.9695,1,1.88,0.9543,502,0
SPY190802P299,2019-08-01,2019-08-01 09:32:33.000,1.91,0.9695,6,1.86,0.9441,6,1.91,0.9695,1,1.885,0.9568,502,0
SPY190802P299,2019-08-01,2019-08-01 09:32:34.000,1.89,0.9593,12,1.87,0.9492,12,1.91,0.9695,1,1.88,0.9543,502,0
SPY190802P299,2019-08-01,2019-08-01 09:32:35.000,1.89,0.9593,5,1.85,0.939,24,1.91,0.9695,1,1.87,0.9492,502,0
SPY190802P299,2019-08-01,2019-08-01 09:32:35.000,1.88,0.9543,6,1.86,0.9441,39,1.91,0.9695,1,1.87,0.9492,502,0
SPY190802P299,2019-08-01,2019-08-01 09:32:36.000,1.89,0.9593,5,1.86,0.9441,20,1.91,0.9695,1,1.875,0.9517,502,0
SPY190802P299,2019-08-01,2019-08-01 09:32:36.000,1.92,0.9746,10,1.88,0.9543,26,1.91,0.9695,1,1.90,0.9644,502,0
SPY190802P299,2019-08-01,2019-08-01 09:32:37.000,1.91,0.9695,38,1.88,0.9543,26,1.91,0.9695,1,1.895,0.9619,502,0
SPY190802P299,2019-08-01,2019-08-01 09:32:37.000,1.90,0.9644,30,1.86,0.9441,30,1.91,0.9695,1,1.88,0.9543,502,0
SPY190802P299,2019-08-01,2019-08-01 09:32:38.000,1.89,0.9593,14,1.87,0.9492,34,1.91,0.9695,1,1.88,0.9543,502,0
SPY190802P299,2019-08-01,2019-08-01 09:32:38.000,1.89,0.9593,6,1.86,0.9441,26,1.91,0.9695,1,1.875,0.9517,502,0
SPY190802P299,2019-08-01,2019-08-01 09:32:39.000,1.89,0.9593,8,1.88,0.9543,14,1.91,0.9695,1,1.885,0.9568,502,0
SPY190802P299,2019-08-01,2019-08-01 09:32:40.000,1.89,0.9593,8,1.88,0.9543,8,1.91,0.9695,1,1.885,0.9568,502,0
SPY190802P299,2019-08-01,2019-08-01 09:32:40.000,1.93,0.9796,30,1.88,0.9543,21,1.91,0.9695,1,1.905,0.967,502,0
SPY190802P299,2019-08-01,2019-08-01 09:32:41.000,1.92,0.9746,6,1.89,0.9593,16,1.91,0.9695,1,1.905,0.967,502,0
SPY190802P299,2019-08-01,2019-08-01 09:32:41.000,1.91,0.9695,6,1.89,0.9593,6,1.91,0.9695,1,1.90,0.9644,502,0
SPY190802P299,2019-08-01,2019-08-01 09:32:42.000,1.91,0.9695,12,1.89,0.9593,6,1.91,0.9695,1,1.90,0.9644,502,0
SPY190802P299,2019-08-01,2019-08-01 09:32:42.000,1.91,0.9695,6,1.89,0.9593,10,1.91,0.9695,1,1.90,0.9644,502,0
SPY190802P299,2019-08-01,2019-08-01 09:32:43.000,1.90,0.9644,8,1.89,0.9593,3,1.91,0.9695,1,1.895,0.9619,502,0
SPY190802P299,2019-08-01,2019-08-01 09:32:44.000,1.92,0.9746,44,1.89,0.9593,30,1.91,0.9695,1,1.905,0.967,502,0
SPY190802P299,2019-08-01,2019-08-01 09:32:44.000,1.93,0.9796,6,1.90,0.9644,6,1.91,0.9695,1,1.915,0.972,502,0
SPY190802P299,2019-08-01,2019-08-01 09:32:45.000,1.93,0.9796,50,1.91,0.9695,100,1.93,0.9796,1,1.92,0.9746,503,1
SPY190802P299,2019-08-01,2019-08-01 09:32:45.000,1.93,0.9796,50,1.89,0.9593,36,1.91,0.9695,1,1.91,0.9695,502,0
SPY190802P299,2019-08-01,2019-08-01 09:32:46.000,1.94,0.9847,12,1.92,0.9746,15,1.93,0.9796,1,1.93,0.9796,503,0
SPY190802P299,2019-08-01,2019-08-01 09:32:46.000,1.96,0.9949,6,1.93,0.9796,6,1.93,0.9796,1,1.945,0.9873,503,0
SPY190802P299,2019-08-01,2019-08-01 09:32:47.000,1.93,0.9796,6,1.91,0.9695,38,1.93,0.9796,1,1.92,0.9746,503,0
SPY190802P299,2019-08-01,2019-08-01 09:32:47.000,1.94,0.9847,44,1.91,0.9695,38,1.93,0.9796,1,1.925,0.9771,503,0
SPY190802P299,2019-08-01,2019-08-01 09:32:48.000,1.96,0.9949,24,1.91,0.9695,24,1.93,0.9796,1,1.935,0.9822,503,0
SPY190802P299,2019-08-01,2019-08-01 09:32:49.000,1.95,0.9898,6,1.92,0.9746,6,1.93,0.9796,1,1.935,0.9822,503,0
SPY190802P299,2019-08-01,2019-08-01 09:32:49.000,1.95,0.9898,100,1.91,0.9695,32,1.93,0.9796,1,1.93,0.9796,503,0
SPY190802P299,2019-08-01,2019-08-01 09:32:50.000,1.93,0.9796,20,1.90,0.9644,24,1.93,0.9796,1,1.915,0.972,503,0
SPY190802P299,2019-08-01,2019-08-01 09:32:50.000,1.93,0.9796,8,1.90,0.9644,28,1.93,0.9796,1,1.915,0.972,503,0
SPY190802P299,2019-08-01,2019-08-01 09:32:51.000,1.96,0.9949,6,1.94,0.9847,18,1.93,0.9796,1,1.95,0.9898,503,0
SPY190802P299,2019-08-01,2019-08-01 09:32:51.000,1.94,0.9847,6,1.91,0.9695,39,1.93,0.9796,1,1.925,0.9771,503,0
SPY190802P299,2019-08-01,2019-08-01 09:32:52.000,2.00,1.0152,105,1.94,0.9847,1,1.93,0.9796,1,1.97,1.00,503,0
SPY190802P299,2019-08-01,2019-08-01 09:32:52.000,1.97,1.00,6,1.94,0.9847,6,1.93,0.9796,1,1.955,0.9923,503,0
SPY190802P299,2019-08-01,2019-08-01 09:32:53.000,1.99,1.0101,6,1.95,0.9898,9,1.93,0.9796,1,1.97,1.00,503,0
SPY190802P299,2019-08-01,2019-08-01 09:32:53.000,1.99,1.0101,12,1.96,0.9949,32,1.93,0.9796,1,1.975,1.0025,503,0
SPY190802P299,2019-08-01,2019-08-01 09:32:54.000,1.97,1.00,2,1.96,0.9949,32,1.93,0.9796,1,1.965,0.9974,503,0
SPY190802P299,2019-08-01,2019-08-01 09:32:55.000,1.97,1.00,6,1.94,0.9847,9,1.96,0.9949,5,1.955,0.9923,508,5
SPY190802P299,2019-08-01,2019-08-01 09:32:55.000,1.98,1.005,6,1.95,0.9898,6,1.93,0.9796,1,1.965,0.9974,503,0
SPY190802P299,2019-08-01,2019-08-01 09:32:56.000,1.96,0.9949,8,1.94,0.9847,33,1.96,0.9949,5,1.95,0.9898,508,0
SPY190802P299,2019-08-01,2019-08-01 09:32:56.000,1.96,0.9949,50,1.95,0.9898,6,1.96,0.9949,5,1.955,0.9923,508,0
SPY190802P299,2019-08-01,2019-08-01 09:32:57.000,1.97,1.00,6,1.94,0.9847,6,1.96,0.9949,5,1.955,0.9923,508,0
SPY190802P299,2019-08-01,2019-08-01 09:32:57.000,1.97,1.00,6,1.95,0.9898,20,1.96,0.9949,5,1.96,0.9949,508,0
SPY190802P299,2019-08-01,2019-08-01 09:32:58.000,1.98,1.005,12,1.96,0.9949,6,1.96,0.9949,5,1.97,1.00,508,0
SPY190802P299,2019-08-01,2019-08-01 09:32:58.000,1.98,1.005,12,1.95,0.9898,32,1.96,0.9949,5,1.965,0.9974,508,0
SPY190802P299,2019-08-01,2019-08-01 09:32:59.000,1.99,1.0101,113,1.95,0.9898,10,1.96,0.9949,5,1.97,1.00,508,0
SPY190802P299,2019-08-01,2019-08-01 09:33:00.000,1.98,1.005,5,1.95,0.9898,6,1.96,0.9949,5,1.965,0.9974,508,0
SPY190802P299,2019-08-01,2019-08-01 09:33:00.000,1.98,1.005,6,1.96,0.9949,6,1.96,0.9949,5,1.97,1.00,508,0
SPY190802P299,2019-08-01,2019-08-01 09:33:01.000,1.97,1.00,2,1.94,0.9847,100,1.96,0.9949,5,1.955,0.9923,508,0
SPY190802P299,2019-08-01,2019-08-01 09:33:01.000,1.98,1.005,5,1.96,0.9949,6,1.96,0.9949,5,1.97,1.00,508,0
SPY190802P299,2019-08-01,2019-08-01 09:33:02.000,1.94,0.9847,6,1.91,0.9695,20,1.96,0.9949,5,1.925,0.9771,508,0
SPY190802P299,2019-08-01,2019-08-01 09:33:02.000,1.97,1.00,32,1.93,0.9796,12,1.96,0.9949,5,1.95,0.9898,508,0
SPY190802P299,2019-08-01,2019-08-01 09:33:03.000,1.93,0.9796,8,1.91,0.9695,8,1.96,0.9949,5,1.92,0.9746,508,0
SPY190802P299,2019-08-01,2019-08-01 09:33:04.000,1.94,0.9847,120,1.90,0.9644,6,1.96,0.9949,5,1.92,0.9746,508,0
SPY190802P299,2019-08-01,2019-08-01 09:33:05.000,1.92,0.9746,5,1.89,0.9593,20,1.96,0.9949,5,1.905,0.967,508,0
SPY190802P299,2019-08-01,2019-08-01 09:33:05.000,1.93,0.9796,100,1.89,0.9593,20,1.96,0.9949,5,1.91,0.9695,508,0
SPY190802P299,2019-08-01,2019-08-01 09:33:06.000,1.91,0.9695,100,1.87,0.9492,24,1.96,0.9949,5,1.89,0.9593,508,0
SPY190802P299,2019-08-01,2019-08-01 09:33:06.000,1.92,0.9746,98,1.87,0.9492,24,1.96,0.9949,5,1.895,0.9619,508,0
SPY190802P299,2019-08-01,2019-08-01 09:33:07.000,1.90,0.9644,26,1.86,0.9441,20,1.96,0.9949,5,1.88,0.9543,508,0
SPY190802P299,2019-08-01,2019-08-01 09:33:07.000,1.89,0.9593,6,1.86,0.9441,6,1.96,0.9949,5,1.875,0.9517,508,0
SPY190802P299,2019-08-01,2019-08-01 09:33:08.000,1.89,0.9593,106,1.85,0.939,26,1.96,0.9949,5,1.87,0.9492,508,0
SPY190802P299,2019-08-01,2019-08-01 09:33:09.000,1.87,0.9492,2,1.86,0.9441,8,1.96,0.9949,5,1.865,0.9467,508,0
SPY190802P299,2019-08-01,2019-08-01 09:33:09.000,1.88,0.9543,6,1.85,0.939,6,1.96,0.9949,5,1.865,0.9467,508,0
SPY190802P299,2019-08-01,2019-08-01 09:33:10.000,1.88,0.9543,8,1.87,0.9492,6,1.96,0.9949,5,1.875,0.9517,508,0
SPY190802P299,2019-08-01,2019-08-01 09:33:10.000,1.89,0.9593,6,1.86,0.9441,6,1.96,0.9949,5,1.875,0.9517,508,0
SPY190802P299,2019-08-01,2019-08-01 09:33:11.000,1.90,0.9644,6,1.87,0.9492,26,1.96,0.9949,5,1.885,0.9568,508,0
SPY190802P299,2019-08-01,2019-08-01 09:33:11.000,1.90,0.9644,120,1.87,0.9492,6,1.96,0.9949,5,1.885,0.9568,508,0
SPY190802P299,2019-08-01,2019-08-01 09:33:12.000,1.92,0.9746,6,1.86,0.9441,100,1.96,0.9949,5,1.89,0.9593,508,0
SPY190802P299,2019-08-01,2019-08-01 09:33:12.000,1.91,0.9695,62,1.88,0.9543,6,1.96,0.9949,5,1.895,0.9619,508,0
SPY190802P299,2019-08-01,2019-08-01 09:33:13.000,1.87,0.9492,6,1.85,0.939,26,1.96,0.9949,5,1.86,0.9441,508,0
SPY190802P299,2019-08-01,2019-08-01 09:33:13.000,1.87,0.9492,6,1.85,0.939,6,1.96,0.9949,5,1.86,0.9441,508,0
SPY190802P299,2019-08-01,2019-08-01 09:33:14.000,1.86,0.9441,8,1.85,0.939,6,1.96,0.9949,5,1.855,0.9416,508,0
SPY190802P299,2019-08-01,2019-08-01 09:33:15.000,1.88,0.9543,20,1.86,0.9441,6,1.96,0.9949,5,1.87,0.9492,508,0
SPY190802P299,2019-08-01,2019-08-01 09:33:15.000,1.89,0.9593,106,1.87,0.9492,6,1.96,0.9949,5,1.88,0.9543,508,0
SPY190802P299,2019-08-01,2019-08-01 09:33:16.000,1.88,0.9543,6,1.86,0.9441,6,1.96,0.9949,5,1.87,0.9492,508,0
SPY190802P299,2019-08-01,2019-08-01 09:33:16.000,1.89,0.9593,151,1.86,0.9441,6,1.96,0.9949,5,1.875,0.9517,508,0
SPY190802P299,2019-08-01,2019-08-01 09:33:17.000,1.88,0.9543,100,1.85,0.939,6,1.96,0.9949,5,1.865,0.9467,508,0
SPY190802P299,2019-08-01,2019-08-01 09:33:17.000,1.88,0.9543,24,1.85,0.939,6,1.96,0.9949,5,1.865,0.9467,508,0
SPY190802P299,2019-08-01,2019-08-01 09:33:18.000,1.87,0.9492,6,1.84,0.934,6,1.96,0.9949,5,1.855,0.9416,508,0
SPY190802P299,2019-08-01,2019-08-01 09:33:19.000,1.85,0.939,2,1.84,0.934,6,1.96,0.9949,5,1.845,0.9365,508,0
SPY190802P299,2019-08-01,2019-08-01 09:33:19.000,1.86,0.9441,100,1.83,0.9289,14,1.96,0.9949,5,1.845,0.9365,508,0
SPY190802P299,2019-08-01,2019-08-01 09:33:20.000,1.85,0.939,6,1.83,0.9289,36,1.96,0.9949,5,1.84,0.934,508,0
SPY190802P299,2019-08-01,2019-08-01 09:33:20.000,1.86,0.9441,6,1.84,0.934,6,1.96,0.9949,5,1.85,0.939,508,0
SPY190802P299,2019-08-01,2019-08-01 09:33:21.000,1.85,0.939,30,1.82,0.9238,8,1.85,0.939,2,1.835,0.9314,513,0
SPY190802P299,2019-08-01,2019-08-01 09:33:21.000,1.85,0.939,5,1.81,0.9187,100,1.85,0.939,2,1.83,0.9289,513,5
SPY190802P299,2019-08-01,2019-08-01 09:33:22.000,1.85,0.939,80,1.82,0.9238,130,1.85,0.939,2,1.835,0.9314,513,0
SPY190802P299,2019-08-01,2019-08-01 09:33:23.000,1.85,0.939,6,1.84,0.934,6,1.85,0.939,2,1.845,0.9365,513,0
SPY190802P299,2019-08-01,2019-08-01 09:33:23.000,1.85,0.939,39,1.83,0.9289,6,1.85,0.939,2,1.84,0.934,513,0
SPY190802P299,2019-08-01,2019-08-01 09:33:24.000,1.85,0.939,80,1.82,0.9238,42,1.85,0.939,2,1.835,0.9314,513,0
SPY190802P299,2019-08-01,2019-08-01 09:33:25.000,1.85,0.939,6,1.83,0.9289,6,1.85,0.939,2,1.84,0.934,513,0
SPY190802P299,2019-08-01,2019-08-01 09:33:25.000,1.86,0.9441,6,1.84,0.934,6,1.85,0.939,2,1.85,0.939,513,0
SPY190802P299,2019-08-01,2019-08-01 09:33:26.000,1.85,0.939,5,1.83,0.9289,6,1.85,0.939,2,1.84,0.934,513,0
SPY190802P299,2019-08-01,2019-08-01 09:33:26.000,1.84,0.934,8,1.81,0.9187,6,1.85,0.939,2,1.825,0.9263,513,0
SPY190802P299,2019-08-01,2019-08-01 09:33:27.000,1.83,0.9289,6,1.78,0.9035,100,1.85,0.939,2,1.805,0.9162,513,0
SPY190802P299,2019-08-01,2019-08-01 09:33:27.000,1.81,0.9187,6,1.79,0.9086,36,1.85,0.939,2,1.80,0.9137,513,0
SPY190802P299,2019-08-01,2019-08-01 09:33:28.000,1.82,0.9238,76,1.79,0.9086,36,1.85,0.939,2,1.805,0.9162,513,0
SPY190802P299,2019-08-01,2019-08-01 09:33:29.000,1.81,0.9187,6,1.79,0.9086,6,1.85,0.939,2,1.80,0.9137,513,0
SPY190802P299,2019-08-01,2019-08-01 09:33:29.000,1.80,0.9137,6,1.78,0.9035,6,1.85,0.939,2,1.79,0.9086,513,0
SPY190802P299,2019-08-01,2019-08-01 09:33:30.000,1.80,0.9137,14,1.79,0.9086,30,1.85,0.939,2,1.795,0.9111,513,0
SPY190802P299,2019-08-01,2019-08-01 09:33:30.000,1.81,0.9187,61,1.78,0.9035,30,1.85,0.939,2,1.795,0.9111,513,0
SPY190802P299,2019-08-01,2019-08-01 09:33:31.000,1.82,0.9238,6,1.79,0.9086,36,1.85,0.939,2,1.805,0.9162,513,0
SPY190802P299,2019-08-01,2019-08-01 09:33:32.000,1.81,0.9187,110,1.78,0.9035,30,1.85,0.939,2,1.795,0.9111,513,0
SPY190802P299,2019-08-01,2019-08-01 09:33:32.000,1.81,0.9187,6,1.79,0.9086,6,1.85,0.939,2,1.80,0.9137,513,0
SPY190802P299,2019-08-01,2019-08-01 09:33:33.000,1.80,0.9137,110,1.76,0.8934,100,1.85,0.939,2,1.78,0.9035,513,0
SPY190802P299,2019-08-01,2019-08-01 09:33:33.000,1.80,0.9137,6,1.78,0.9035,30,1.85,0.939,2,1.79,0.9086,513,0
SPY190802P299,2019-08-01,2019-08-01 09:33:34.000,1.79,0.9086,6,1.77,0.8984,36,1.85,0.939,2,1.78,0.9035,513,0
SPY190802P299,2019-08-01,2019-08-01 09:33:35.000,1.78,0.9035,14,1.76,0.8934,42,1.78,0.9035,100,1.77,0.8984,613,0
SPY190802P299,2019-08-01,2019-08-01 09:33:35.000,1.79,0.9086,6,1.78,0.9035,1,1.78,0.9035,100,1.785,0.906,613,100
SPY190802P299,2019-08-01,2019-08-01 09:33:36.000,1.78,0.9035,14,1.76,0.8934,44,1.78,0.9035,100,1.77,0.8984,613,0
SPY190802P299,2019-08-01,2019-08-01 09:33:36.000,1.77,0.8984,8,1.76,0.8934,2,1.78,0.9035,100,1.765,0.8959,613,0
SPY190802P299,2019-08-01,2019-08-01 09:33:37.000,1.79,0.9086,15,1.74,0.8832,100,1.78,0.9035,100,1.765,0.8959,613,0
SPY190802P299,2019-08-01,2019-08-01 09:33:37.000,1.77,0.8984,8,1.76,0.8934,8,1.78,0.9035,100,1.765,0.8959,613,0
SPY190802P299,2019-08-01,2019-08-01 09:33:38.000,1.78,0.9035,6,1.75,0.8883,30,1.78,0.9035,100,1.765,0.8959,613,0
SPY190802P299,2019-08-01,2019-08-01 09:33:38.000,1.77,0.8984,19,1.74,0.8832,109,1.78,0.9035,100,1.755,0.8908,613,0
SPY190802P299,2019-08-01,2019-08-01 09:33:39.000,1.77,0.8984,17,1.70,0.8629,139,1.78,0.9035,100,1.735,0.8807,613,0
SPY190802P299,2019-08-01,2019-08-01 09:33:40.000,1.75,0.8883,113,1.70,0.8629,100,1.78,0.9035,100,1.725,0.8756,613,0
SPY190802P299,2019-08-01,2019-08-01 09:33:40.000,1.74,0.8832,14,1.72,0.873,20,1.73,0.8781,1,1.73,0.8781,614,1
SPY190802P299,2019-08-01,2019-08-01 09:33:41.000,1.73,0.8781,6,1.71,0.868,117,1.73,0.8781,1,1.72,0.873,614,0
SPY190802P299,2019-08-01,2019-08-01 09:33:41.000,1.73,0.8781,17,1.71,0.868,17,1.73,0.8781,1,1.72,0.873,614,0
SPY190802P299,2019-08-01,2019-08-01 09:33:42.000,1.72,0.873,6,1.71,0.868,47,1.73,0.8781,1,1.715,0.8705,614,0
SPY190802P299,2019-08-01,2019-08-01 09:33:42.000,1.72,0.873,6,1.71,0.868,17,1.73,0.8781,1,1.715,0.8705,614,0
SPY190802P299,2019-08-01,2019-08-01 09:33:43.000,1.71,0.868,17,1.69,0.8578,117,1.73,0.8781,1,1.70,0.8629,614,0
SPY190802P299,2019-08-01,2019-08-01 09:33:43.000,1.70,0.8629,17,1.69,0.8578,30,1.73,0.8781,1,1.695,0.8604,614,0
SPY190802P299,2019-08-01,2019-08-01 09:33:44.000,1.70,0.8629,6,1.68,0.8527,6,1.73,0.8781,1,1.69,0.8578,614,0
SPY190802P299,2019-08-01,2019-08-01 09:33:45.000,1.70,0.8629,59,1.66,0.8426,130,1.73,0.8781,1,1.68,0.8527,614,0
SPY190802P299,2019-08-01,2019-08-01 09:33:45.000,1.69,0.8578,22,1.68,0.8527,2,1.66,0.8426,4,1.685,0.8553,618,4
SPY190802P299,2019-08-01,2019-08-01 09:33:46.000,1.69,0.8578,8,1.67,0.8477,18,1.66,0.8426,4,1.68,0.8527,618,0
SPY190802P299,2019-08-01,2019-08-01 09:33:46.000,1.69,0.8578,8,1.67,0.8477,114,1.66,0.8426,4,1.68,0.8527,618,0
SPY190802P299,2019-08-01,2019-08-01 09:33:47.000,1.69,0.8578,101,1.65,0.8375,175,1.67,0.8477,26,1.67,0.8477,744,126
SPY190802P299,2019-08-01,2019-08-01 09:33:47.000,1.68,0.8527,8,1.66,0.8426,14,1.66,0.8426,4,1.67,0.8477,618,0
SPY190802P299,2019-08-01,2019-08-01 09:33:48.000,1.69,0.8578,9,1.67,0.8477,14,1.67,0.8477,26,1.68,0.8527,744,0
SPY190802P299,2019-08-01,2019-08-01 09:33:48.000,1.69,0.8578,25,1.67,0.8477,22,1.67,0.8477,26,1.68,0.8527,744,0
SPY190802P299,2019-08-01,2019-08-01 09:33:49.000,1.76,0.8934,100,1.68,0.8527,8,1.67,0.8477,26,1.72,0.873,744,0
SPY190802P299,2019-08-01,2019-08-01 09:33:50.000,1.72,0.873,8,1.70,0.8629,30,1.67,0.8477,26,1.71,0.868,744,0
SPY190802P299,2019-08-01,2019-08-01 09:33:50.000,1.74,0.8832,36,1.71,0.868,6,1.67,0.8477,26,1.725,0.8756,744,0
SPY190802P299,2019-08-01,2019-08-01 09:33:51.000,1.73,0.8781,119,1.70,0.8629,160,1.67,0.8477,26,1.715,0.8705,744,0
SPY190802P299,2019-08-01,2019-08-01 09:33:52.000,1.74,0.8832,31,1.72,0.873,24,1.67,0.8477,26,1.73,0.8781,744,0
SPY190802P299,2019-08-01,2019-08-01 09:33:52.000,1.72,0.873,14,1.70,0.8629,130,1.67,0.8477,26,1.71,0.868,744,0
SPY190802P299,2019-08-01,2019-08-01 09:33:53.000,1.73,0.8781,20,1.71,0.868,222,1.67,0.8477,26,1.72,0.873,744,0
SPY190802P299,2019-08-01,2019-08-01 09:33:53.000,1.72,0.873,20,1.70,0.8629,6,1.67,0.8477,26,1.71,0.868,744,0
SPY190802P299,2019-08-01,2019-08-01 09:33:54.000,1.72,0.873,28,1.70,0.8629,173,1.67,0.8477,26,1.71,0.868,744,0
SPY190802P299,2019-08-01,2019-08-01 09:33:55.000,1.72,0.873,17,1.70,0.8629,133,1.67,0.8477,26,1.71,0.868,744,0
SPY190802P299,2019-08-01,2019-08-01 09:33:55.000,1.72,0.873,6,1.70,0.8629,173,1.67,0.8477,26,1.71,0.868,744,0
SPY190802P299,2019-08-01,2019-08-01 09:33:56.000,1.73,0.8781,27,1.72,0.873,8,1.67,0.8477,26,1.725,0.8756,744,0
SPY190802P299,2019-08-01,2019-08-01 09:33:56.000,1.72,0.873,17,1.70,0.8629,133,1.67,0.8477,26,1.71,0.868,744,0
SPY190802P299,2019-08-01,2019-08-01 09:33:57.000,1.72,0.873,17,1.70,0.8629,30,1.67,0.8477,26,1.71,0.868,744,0
SPY190802P299,2019-08-01,2019-08-01 09:34:00.000,1.72,0.873,17,1.69,0.8578,126,1.67,0.8477,26,1.705,0.8654,744,0
SPY190802P299,2019-08-01,2019-08-01 09:34:01.000,1.70,0.8629,6,1.69,0.8578,6,1.67,0.8477,26,1.695,0.8604,744,0
SPY190802P299,2019-08-01,2019-08-01 09:34:01.000,1.72,0.873,25,1.70,0.8629,6,1.67,0.8477,26,1.71,0.868,744,0
SPY190802P299,2019-08-01,2019-08-01 09:34:02.000,1.72,0.873,17,1.68,0.8527,217,1.67,0.8477,26,1.70,0.8629,744,0
SPY190802P299,2019-08-01,2019-08-01 09:34:02.000,1.72,0.873,27,1.69,0.8578,220,1.67,0.8477,26,1.705,0.8654,744,0
SPY190802P299,2019-08-01,2019-08-01 09:34:03.000,1.72,0.873,20,1.70,0.8629,6,1.67,0.8477,26,1.71,0.868,744,0
SPY190802P299,2019-08-01,2019-08-01 09:34:03.000,1.71,0.868,17,1.68,0.8527,105,1.67,0.8477,26,1.695,0.8604,744,0
SPY190802P299,2019-08-01,2019-08-01 09:34:38.000,1.68,0.8527,15,1.67,0.8477,6,1.64,0.8324,1,1.675,0.8502,765,0
SPY190802P299,2019-08-01,2019-08-01 09:34:38.000,1.67,0.8477,25,1.65,0.8375,77,1.64,0.8324,1,1.66,0.8426,765,21
SPY190802P299,2019-08-01,2019-08-01 09:34:39.000,1.69,0.8578,2,1.68,0.8527,6,1.64,0.8324,1,1.685,0.8553,765,0
SPY190802P299,2019-08-01,2019-08-01 09:34:40.000,1.69,0.8578,2,1.68,0.8527,121,1.64,0.8324,1,1.685,0.8553,765,0
SPY190802P299,2019-08-01,2019-08-01 09:34:40.000,1.69,0.8578,2,1.68,0.8527,101,1.64,0.8324,1,1.685,0.8553,765,0
SPY190802P299,2019-08-01,2019-08-01 09:34:41.000,1.70,0.8629,17,1.67,0.8477,232,1.64,0.8324,1,1.685,0.8553,765,0
SPY190802P299,2019-08-01,2019-08-01 09:34:41.000,1.70,0.8629,21,1.68,0.8527,79,1.64,0.8324,1,1.69,0.8578,765,0
SPY190802P299,2019-08-01,2019-08-01 09:34:42.000,1.72,0.873,23,1.69,0.8578,85,1.64,0.8324,1,1.705,0.8654,765,0
SPY190802P299,2019-08-01,2019-08-01 09:34:42.000,1.72,0.873,23,1.70,0.8629,80,1.64,0.8324,1,1.71,0.868,765,0
SPY190802P299,2019-08-01,2019-08-01 09:34:43.000,1.72,0.873,17,1.69,0.8578,153,1.64,0.8324,1,1.705,0.8654,765,0
SPY190802P299,2019-08-01,2019-08-01 09:34:43.000,1.72,0.873,17,1.70,0.8629,30,1.64,0.8324,1,1.71,0.868,765,0
SPY190802P299,2019-08-01,2019-08-01 09:34:44.000,1.72,0.873,18,1.69,0.8578,148,1.64,0.8324,1,1.705,0.8654,765,0
SPY190802P299,2019-08-01,2019-08-01 09:34:45.000,1.71,0.868,27,1.69,0.8578,210,1.64,0.8324,1,1.70,0.8629,765,0
SPY190802P299,2019-08-01,2019-08-01 09:34:45.000,1.71,0.868,8,1.70,0.8629,53,1.71,0.868,1,1.705,0.8654,766,1
SPY190802P299,2019-08-01,2019-08-01 09:34:46.000,1.72,0.873,6,1.71,0.868,39,1.71,0.868,1,1.715,0.8705,766,0
SPY190802P299,2019-08-01,2019-08-01 09:34:46.000,1.72,0.873,17,1.70,0.8629,54,1.71,0.868,1,1.71,0.868,766,0
SPY190802P299,2019-08-01,2019-08-01 09:34:47.000,1.70,0.8629,17,1.68,0.8527,36,1.71,0.868,1,1.69,0.8578,766,0
SPY190802P299,2019-08-01,2019-08-01 09:34:47.000,1.71,0.868,6,1.70,0.8629,68,1.71,0.868,1,1.705,0.8654,766,0
SPY190802P299,2019-08-01,2019-08-01 09:34:48.000,1.71,0.868,93,1.68,0.8527,99,1.71,0.868,1,1.695,0.8604,766,0
SPY190802P299,2019-08-01,2019-08-01 09:34:48.000,1.70,0.8629,23,1.69,0.8578,6,1.71,0.868,1,1.695,0.8604,766,0
SPY190802P299,2019-08-01,2019-08-01 09:34:49.000,1.72,0.873,83,1.70,0.8629,6,1.71,0.868,1,1.71,0.868,766,0
SPY190802P299,2019-08-01,2019-08-01 09:34:50.000,1.69,0.8578,30,1.65,0.8375,30,1.71,0.868,1,1.67,0.8477,766,0
SPY190802P299,2019-08-01,2019-08-01 09:34:50.000,1.70,0.8629,117,1.64,0.8324,182,1.71,0.868,1,1.67,0.8477,766,0
SPY190802P299,2019-08-01,2019-08-01 09:34:51.000,1.73,0.8781,6,1.67,0.8477,18,1.71,0.868,1,1.70,0.8629,766,0
SPY190802P299,2019-08-01,2019-08-01 09:34:51.000,1.68,0.8527,14,1.67,0.8477,22,1.71,0.868,1,1.675,0.8502,766,0
SPY190802P299,2019-08-01,2019-08-01 09:34:52.000,1.71,0.868,30,1.66,0.8426,30,1.71,0.868,1,1.685,0.8553,766,0
SPY190802P299,2019-08-01,2019-08-01 09:34:52.000,1.68,0.8527,6,1.66,0.8426,73,1.71,0.868,1,1.67,0.8477,766,0
SPY190802P299,2019-08-01,2019-08-01 09:34:53.000,1.68,0.8527,2,1.67,0.8477,30,1.71,0.868,1,1.675,0.8502,766,0
SPY190802P299,2019-08-01,2019-08-01 09:34:53.000,1.68,0.8527,6,1.66,0.8426,110,1.71,0.868,1,1.67,0.8477,766,0
SPY190802P299,2019-08-01,2019-08-01 09:34:54.000,1.68,0.8527,8,1.67,0.8477,24,1.71,0.868,1,1.675,0.8502,766,0
SPY190802P299,2019-08-01,2019-08-01 09:34:55.000,1.68,0.8527,14,1.67,0.8477,24,1.71,0.868,1,1.675,0.8502,766,0
SPY190802P299,2019-08-01,2019-08-01 09:34:55.000,1.70,0.8629,127,1.67,0.8477,24,1.71,0.868,1,1.685,0.8553,766,0
SPY190802P299,2019-08-01,2019-08-01 09:34:56.000,1.69,0.8578,21,1.67,0.8477,9,1.71,0.868,1,1.68,0.8527,766,0
SPY190802P299,2019-08-01,2019-08-01 09:34:56.000,1.71,0.868,67,1.69,0.8578,18,1.71,0.868,1,1.70,0.8629,766,0
SPY190802P299,2019-08-01,2019-08-01 09:34:57.000,1.71,0.868,100,1.65,0.8375,18,1.71,0.868,1,1.68,0.8527,766,0
SPY190802P299,2019-08-01,2019-08-01 09:34:58.000,1.72,0.873,100,1.66,0.8426,18,1.71,0.868,1,1.69,0.8578,766,0
SPY190802P299,2019-08-01,2019-08-01 09:34:58.000,1.69,0.8578,14,1.67,0.8477,86,1.71,0.868,1,1.68,0.8527,766,0
SPY190802P299,2019-08-01,2019-08-01 09:34:59.000,1.68,0.8527,8,1.67,0.8477,43,1.71,0.868,1,1.675,0.8502,766,0
SPY190802P299,2019-08-01,2019-08-01 09:35:00.000,1.68,0.8527,8,1.68,0.8527,18,1.71,0.868,1,1.68,0.8527,766,0
SPY190802P299,2019-08-01,2019-08-01 09:35:00.000,1.68,0.8527,5,1.65,0.8375,107,1.71,0.868,1,1.665,0.8451,766,0
SPY190802P299,2019-08-01,2019-08-01 09:35:01.000,1.70,0.8629,89,1.66,0.8426,39,1.71,0.868,1,1.68,0.8527,766,0
SPY190802P299,2019-08-01,2019-08-01 09:35:02.000,1.68,0.8527,6,1.66,0.8426,20,1.71,0.868,1,1.67,0.8477,766,0
SPY190802P299,2019-08-01,2019-08-01 09:35:02.000,1.68,0.8527,14,1.66,0.8426,18,1.71,0.868,1,1.67,0.8477,766,0
SPY190802P299,2019-08-01,2019-08-01 09:35:03.000,1.69,0.8578,21,1.66,0.8426,20,1.71,0.868,1,1.675,0.8502,766,0
SPY190802P299,2019-08-01,2019-08-01 09:35:03.000,1.69,0.8578,87,1.66,0.8426,68,1.71,0.868,1,1.675,0.8502,766,0
SPY190802P299,2019-08-01,2019-08-01 09:35:04.000,1.68,0.8527,30,1.65,0.8375,48,1.65,0.8375,18,1.665,0.8451,786,20
SPY190802P299,2019-08-01,2019-08-01 09:35:04.000,1.67,0.8477,27,1.65,0.8375,32,1.71,0.868,1,1.66,0.8426,766,0
SPY190802P299,2019-08-01,2019-08-01 09:35:05.000,1.66,0.8426,6,1.64,0.8324,18,1.65,0.8375,18,1.65,0.8375,786,0
SPY190802P299,2019-08-01,2019-08-01 09:35:05.000,1.66,0.8426,20,1.64,0.8324,18,1.65,0.8375,18,1.65,0.8375,786,0
SPY190802P299,2019-08-01,2019-08-01 09:35:06.000,1.66,0.8426,37,1.64,0.8324,18,1.65,0.8375,18,1.65,0.8375,786,0
SPY190802P299,2019-08-01,2019-08-01 09:35:07.000,1.67,0.8477,6,1.65,0.8375,21,1.65,0.8375,18,1.66,0.8426,786,0
SPY190802P299,2019-08-01,2019-08-01 09:35:07.000,1.66,0.8426,20,1.64,0.8324,18,1.65,0.8375,18,1.65,0.8375,786,0
SPY190802P299,2019-08-01,2019-08-01 09:35:08.000,1.68,0.8527,121,1.65,0.8375,38,1.65,0.8375,18,1.665,0.8451,786,0
SPY190802P299,2019-08-01,2019-08-01 09:35:08.000,1.67,0.8477,8,1.65,0.8375,2,1.65,0.8375,18,1.66,0.8426,786,0
SPY190802P299,2019-08-01,2019-08-01 09:35:09.000,1.68,0.8527,8,1.67,0.8477,8,1.65,0.8375,18,1.675,0.8502,786,0
SPY190802P299,2019-08-01,2019-08-01 09:35:09.000,1.68,0.8527,121,1.65,0.8375,38,1.65,0.8375,18,1.665,0.8451,786,0
SPY190802P299,2019-08-01,2019-08-01 09:35:10.000,1.68,0.8527,8,1.67,0.8477,8,1.65,0.8375,18,1.675,0.8502,786,0
SPY190802P299,2019-08-01,2019-08-01 09:35:10.000,1.68,0.8527,65,1.66,0.8426,18,1.65,0.8375,18,1.67,0.8477,786,0
SPY190802P299,2019-08-01,2019-08-01 09:35:11.000,1.69,0.8578,101,1.67,0.8477,18,1.65,0.8375,18,1.68,0.8527,786,0
SPY190802P299,2019-08-01,2019-08-01 09:35:12.000,1.70,0.8629,6,1.67,0.8477,100,1.71,0.868,30,1.685,0.8553,816,30
SPY190802P299,2019-08-01,2019-08-01 09:35:12.000,1.70,0.8629,17,1.68,0.8527,22,1.65,0.8375,18,1.69,0.8578,786,0
SPY190802P299,2019-08-01,2019-08-01 09:35:13.000,1.71,0.868,107,1.68,0.8527,56,1.71,0.868,30,1.695,0.8604,816,0
SPY190802P299,2019-08-01,2019-08-01 09:35:13.000,1.70,0.8629,8,1.69,0.8578,8,1.71,0.868,30,1.695,0.8604,816,0
SPY190802P299,2019-08-01,2019-08-01 09:35:14.000,1.69,0.8578,20,1.67,0.8477,41,1.71,0.868,30,1.68,0.8527,816,0
SPY190802P299,2019-08-01,2019-08-01 09:35:14.000,1.71,0.868,91,1.68,0.8527,86,1.71,0.868,30,1.695,0.8604,816,0
SPY190802P299,2019-08-01,2019-08-01 09:35:15.000,1.68,0.8527,6,1.67,0.8477,41,1.71,0.868,30,1.675,0.8502,816,0
SPY190802P299,2019-08-01,2019-08-01 09:35:15.000,1.69,0.8578,81,1.66,0.8426,118,1.71,0.868,30,1.675,0.8502,816,0
SPY190802P299,2019-08-01,2019-08-01 09:35:16.000,1.69,0.8578,46,1.67,0.8477,82,1.71,0.868,30,1.68,0.8527,816,0
SPY190802P299,2019-08-01,2019-08-01 09:35:17.000,1.70,0.8629,24,1.68,0.8527,23,1.71,0.868,30,1.69,0.8578,816,0
SPY190802P299,2019-08-01,2019-08-01 09:35:17.000,1.69,0.8578,26,1.67,0.8477,82,1.71,0.868,30,1.68,0.8527,816,0
SPY190802P299,2019-08-01,2019-08-01 09:35:18.000,1.69,0.8578,6,1.67,0.8477,6,1.71,0.868,30,1.68,0.8527,816,0
SPY190802P299,2019-08-01,2019-08-01 09:35:18.000,1.70,0.8629,24,1.68,0.8527,48,1.71,0.868,30,1.69,0.8578,816,0
SPY190802P299,2019-08-01,2019-08-01 09:35:19.000,1.69,0.8578,6,1.67,0.8477,49,1.71,0.868,30,1.68,0.8527,816,0
SPY190802P299,2019-08-01,2019-08-01 09:35:19.000,1.70,0.8629,138,1.67,0.8477,15,1.71,0.868,30,1.685,0.8553,816,0
SPY190802P299,2019-08-01,2019-08-01 09:35:20.000,1.69,0.8578,6,1.67,0.8477,56,1.71,0.868,30,1.68,0.8527,816,0
SPY190802P299,2019-08-01,2019-08-01 09:35:21.000,1.69,0.8578,23,1.67,0.8477,24,1.71,0.868,30,1.68,0.8527,816,0
SPY190802P299,2019-08-01,2019-08-01 09:35:21.000,1.70,0.8629,39,1.66,0.8426,5,1.71,0.868,30,1.68,0.8527,816,0
SPY190802P299,2019-08-01,2019-08-01 09:35:22.000,1.69,0.8578,28,1.67,0.8477,32,1.71,0.868,30,1.68,0.8527,816,0
SPY190802P299,2019-08-01,2019-08-01 09:35:23.000,1.69,0.8578,6,1.67,0.8477,24,1.71,0.868,30,1.68,0.8527,816,0
SPY190802P299,2019-08-01,2019-08-01 09:35:24.000,1.67,0.8477,34,1.66,0.8426,3,1.71,0.868,30,1.665,0.8451,816,0
SPY190802P299,2019-08-01,2019-08-01 09:35:24.000,1.68,0.8527,86,1.66,0.8426,3,1.71,0.868,30,1.67,0.8477,816,0
SPY190802P299,2019-08-01,2019-08-01 09:35:25.000,1.68,0.8527,68,1.66,0.8426,3,1.71,0.868,30,1.67,0.8477,816,0
SPY190802P299,2019-08-01,2019-08-01 09:35:25.000,1.67,0.8477,17,1.66,0.8426,3,1.66,0.8426,3,1.665,0.8451,819,3
SPY190802P299,2019-08-01,2019-08-01 09:35:26.000,1.66,0.8426,100,1.65,0.8375,18,1.66,0.8426,3,1.655,0.8401,819,0
SPY190802P299,2019-08-01,2019-08-01 09:35:26.000,1.66,0.8426,20,1.66,0.8426,3,1.66,0.8426,3,1.66,0.8426,819,0
SPY190802P299,2019-08-01,2019-08-01 09:35:27.000,1.66,0.8426,129,1.65,0.8375,18,1.66,0.8426,3,1.655,0.8401,819,0
SPY190802P299,2019-08-01,2019-08-01 09:35:28.000,1.66,0.8426,100,1.65,0.8375,18,1.66,0.8426,3,1.655,0.8401,819,0
SPY190802P299,2019-08-01,2019-08-01 09:35:29.000,1.66,0.8426,100,1.65,0.8375,83,1.66,0.8426,3,1.655,0.8401,819,0
SPY190802P299,2019-08-01,2019-08-01 09:35:29.000,1.66,0.8426,109,1.65,0.8375,1,1.66,0.8426,3,1.655,0.8401,819,0
SPY190802P299,2019-08-01,2019-08-01 09:35:30.000,1.66,0.8426,109,1.65,0.8375,1,1.66,0.8426,3,1.655,0.8401,819,0
SPY190802P299,2019-08-01,2019-08-01 09:35:30.000,1.66,0.8426,128,1.65,0.8375,1,1.66,0.8426,3,1.655,0.8401,819,0
SPY190802P299,2019-08-01,2019-08-01 09:35:31.000,1.65,0.8375,17,1.63,0.8274,45,1.65,0.8375,1,1.64,0.8324,821,1
SPY190802P299,2019-08-01,2019-08-01 09:35:31.000,1.66,0.8426,157,1.65,0.8375,1,1.66,0.8426,1,1.655,0.8401,820,1
SPY190802P299,2019-08-01,2019-08-01 09:35:32.000,1.66,0.8426,8,1.64,0.8324,14,1.65,0.8375,1,1.65,0.8375,821,0
SPY190802P299,2019-08-01,2019-08-01 09:35:33.000,1.65,0.8375,10,1.63,0.8274,54,1.65,0.8375,1,1.64,0.8324,821,0
SPY190802P299,2019-08-01,2019-08-01 09:35:33.000,1.65,0.8375,10,1.63,0.8274,66,1.65,0.8375,1,1.64,0.8324,821,0
SPY190802P299,2019-08-01,2019-08-01 09:35:34.000,1.65,0.8375,6,1.63,0.8274,42,1.64,0.8324,5,1.64,0.8324,828,0
SPY190802P299,2019-08-01,2019-08-01 09:35:34.000,1.65,0.8375,15,1.62,0.8223,6,1.64,0.8324,5,1.635,0.8299,828,7
SPY190802P299,2019-08-01,2019-08-01 09:35:35.000,1.64,0.8324,21,1.63,0.8274,30,1.64,0.8324,5,1.635,0.8299,828,0
SPY190802P299,2019-08-01,2019-08-01 09:35:35.000,1.64,0.8324,14,1.63,0.8274,38,1.64,0.8324,5,1.635,0.8299,828,0
SPY190802P299,2019-08-01,2019-08-01 09:35:36.000,1.64,0.8324,16,1.62,0.8223,56,1.63,0.8274,6,1.63,0.8274,842,14
SPY190802P299,2019-08-01,2019-08-01 09:35:37.000,1.64,0.8324,28,1.62,0.8223,56,1.63,0.8274,6,1.63,0.8274,865,23
SPY190802P299,2019-08-01,2019-08-01 09:35:37.000,1.64,0.8324,34,1.62,0.8223,56,1.63,0.8274,6,1.63,0.8274,842,0
SPY190802P299,2019-08-01,2019-08-01 09:35:38.000,1.63,0.8274,71,1.61,0.8172,6,1.63,0.8274,1,1.62,0.8223,916,51
SPY190802P299,2019-08-01,2019-08-01 09:35:39.000,1.63,0.8274,17,1.60,0.8121,118,1.63,0.8274,1,1.615,0.8197,916,0
SPY190802P299,2019-08-01,2019-08-01 09:35:39.000,1.64,0.8324,30,1.62,0.8223,75,1.63,0.8274,1,1.63,0.8274,916,0
SPY190802P299,2019-08-01,2019-08-01 09:35:40.000,1.66,0.8426,22,1.64,0.8324,6,1.63,0.8274,1,1.65,0.8375,916,0
SPY190802P299,2019-08-01,2019-08-01 09:35:40.000,1.66,0.8426,6,1.64,0.8324,6,1.63,0.8274,1,1.65,0.8375,916,0
SPY190802P299,2019-08-01,2019-08-01 09:35:41.000,1.68,0.8527,9,1.66,0.8426,114,1.63,0.8274,1,1.67,0.8477,916,0
SPY190802P299,2019-08-01,2019-08-01 09:35:42.000,1.68,0.8527,6,1.64,0.8324,12,1.63,0.8274,1,1.66,0.8426,916,0
SPY190802P299,2019-08-01,2019-08-01 09:35:42.000,1.67,0.8477,6,1.65,0.8375,36,1.63,0.8274,1,1.66,0.8426,916,0
SPY190802P299,2019-08-01,2019-08-01 09:35:43.000,1.64,0.8324,12,1.62,0.8223,108,1.63,0.8274,1,1.63,0.8274,916,0
SPY190802P299,2019-08-01,2019-08-01 09:35:43.000,1.65,0.8375,20,1.63,0.8274,118,1.63,0.8274,1,1.64,0.8324,916,0
SPY190802P299,2019-08-01,2019-08-01 09:35:44.000,1.64,0.8324,46,1.62,0.8223,122,1.63,0.8274,1,1.63,0.8274,916,0
SPY190802P299,2019-08-01,2019-08-01 09:35:44.000,1.65,0.8375,77,1.63,0.8274,21,1.63,0.8274,1,1.64,0.8324,916,0
SPY190802P299,2019-08-01,2019-08-01 09:35:46.000,1.64,0.8324,8,1.63,0.8274,18,1.63,0.8274,1,1.635,0.8299,916,0
SPY190802P299,2019-08-01,2019-08-01 09:35:47.000,1.64,0.8324,19,1.62,0.8223,84,1.63,0.8274,1,1.63,0.8274,916,0
SPY190802P299,2019-08-01,2019-08-01 09:35:48.000,1.64,0.8324,39,1.63,0.8274,1,1.63,0.8274,1,1.635,0.8299,917,0
SPY190802P299,2019-08-01,2019-08-01 09:35:48.000,1.65,0.8375,6,1.63,0.8274,18,1.63,0.8274,1,1.64,0.8324,917,1
SPY190802P299,2019-08-01,2019-08-01 09:35:49.000,1.64,0.8324,8,1.62,0.8223,127,1.63,0.8274,1,1.63,0.8274,917,0
SPY190802P299,2019-08-01,2019-08-01 09:35:49.000,1.64,0.8324,8,1.63,0.8274,20,1.63,0.8274,1,1.635,0.8299,917,0
SPY190802P299,2019-08-01,2019-08-01 09:35:50.000,1.64,0.8324,6,1.62,0.8223,132,1.63,0.8274,1,1.63,0.8274,917,0
SPY190802P299,2019-08-01,2019-08-01 09:35:50.000,1.63,0.8274,15,1.61,0.8172,9,1.63,0.8274,1,1.62,0.8223,917,0
SPY190802P299,2019-08-01,2019-08-01 09:35:51.000,1.63,0.8274,24,1.61,0.8172,77,1.63,0.8274,1,1.62,0.8223,917,0
SPY190802P299,2019-08-01,2019-08-01 09:35:52.000,1.62,0.8223,6,1.61,0.8172,18,1.63,0.8274,1,1.615,0.8197,917,0
SPY190802P299,2019-08-01,2019-08-01 09:35:52.000,1.63,0.8274,15,1.61,0.8172,82,1.63,0.8274,1,1.62,0.8223,917,0
SPY190802P299,2019-08-01,2019-08-01 09:35:53.000,1.62,0.8223,6,1.60,0.8121,142,1.63,0.8274,1,1.61,0.8172,917,0
SPY190802P299,2019-08-01,2019-08-01 09:35:53.000,1.62,0.8223,14,1.61,0.8172,84,1.63,0.8274,1,1.615,0.8197,917,0
SPY190802P299,2019-08-01,2019-08-01 09:35:54.000,1.64,0.8324,6,1.62,0.8223,6,1.63,0.8274,1,1.63,0.8274,917,0
SPY190802P299,2019-08-01,2019-08-01 09:35:55.000,1.64,0.8324,17,1.62,0.8223,69,1.63,0.8274,1,1.63,0.8274,917,0
SPY190802P299,2019-08-01,2019-08-01 09:35:55.000,1.64,0.8324,82,1.61,0.8172,100,1.63,0.8274,1,1.625,0.8248,917,0
SPY190802P299,2019-08-01,2019-08-01 09:35:56.000,1.64,0.8324,22,1.61,0.8172,127,1.63,0.8274,1,1.625,0.8248,917,0
SPY190802P299,2019-08-01,2019-08-01 09:35:56.000,1.64,0.8324,5,1.61,0.8172,114,1.63,0.8274,1,1.625,0.8248,917,0
SPY190802P299,2019-08-01,2019-08-01 09:35:57.000,1.64,0.8324,6,1.62,0.8223,100,1.64,0.8324,4,1.63,0.8274,927,10
SPY190802P299,2019-08-01,2019-08-01 09:35:57.000,1.64,0.8324,39,1.62,0.8223,79,1.63,0.8274,1,1.63,0.8274,917,0
SPY190802P299,2019-08-01,2019-08-01 09:35:58.000,1.65,0.8375,14,1.63,0.8274,93,1.64,0.8324,4,1.64,0.8324,927,0
SPY190802P299,2019-08-01,2019-08-01 09:35:58.000,1.65,0.8375,19,1.63,0.8274,17,1.64,0.8324,4,1.64,0.8324,927,0
SPY190802P299,2019-08-01,2019-08-01 09:35:59.000,1.65,0.8375,2,1.64,0.8324,47,1.64,0.8324,4,1.645,0.835,927,0
SPY190802P299,2019-08-01,2019-08-01 09:36:00.000,1.68,0.8527,6,1.67,0.8477,18,1.64,0.8324,4,1.675,0.8502,927,0
SPY190802P299,2019-08-01,2019-08-01 09:36:00.000,1.69,0.8578,19,1.67,0.8477,2,1.64,0.8324,4,1.68,0.8527,927,0
SPY190802P299,2019-08-01,2019-08-01 09:36:01.000,1.67,0.8477,24,1.61,0.8172,190,1.64,0.8324,4,1.64,0.8324,927,0
SPY190802P299,2019-08-01,2019-08-01 09:36:01.000,1.67,0.8477,14,1.66,0.8426,4,1.64,0.8324,4,1.665,0.8451,927,0
SPY190802P299,2019-08-01,2019-08-01 09:36:02.000,1.66,0.8426,19,1.64,0.8324,100,1.64,0.8324,4,1.65,0.8375,927,0
SPY190802P299,2019-08-01,2019-08-01 09:36:03.000,1.66,0.8426,6,1.65,0.8375,9,1.64,0.8324,4,1.655,0.8401,927,0
SPY190802P299,2019-08-01,2019-08-01 09:36:03.000,1.66,0.8426,19,1.64,0.8324,98,1.64,0.8324,4,1.65,0.8375,927,0
SPY190802P299,2019-08-01,2019-08-01 09:36:04.000,1.65,0.8375,8,1.64,0.8324,50,1.64,0.8324,4,1.645,0.835,927,0
SPY190802P299,2019-08-01,2019-08-01 09:36:04.000,1.66,0.8426,14,1.65,0.8375,25,1.64,0.8324,4,1.655,0.8401,927,0
SPY190802P299,2019-08-01,2019-08-01 09:36:05.000,1.66,0.8426,39,1.64,0.8324,56,1.64,0.8324,4,1.65,0.8375,927,0
SPY190802P299,2019-08-01,2019-08-01 09:36:05.000,1.65,0.8375,6,1.64,0.8324,56,1.64,0.8324,4,1.645,0.835,927,0
SPY190802P299,2019-08-01,2019-08-01 09:36:06.000,1.64,0.8324,8,1.63,0.8274,2,1.64,0.8324,4,1.635,0.8299,927,0
SPY190802P299,2019-08-01,2019-08-01 09:36:06.000,1.65,0.8375,6,1.64,0.8324,56,1.64,0.8324,4,1.645,0.835,927,0
SPY190802P299,2019-08-01,2019-08-01 09:36:07.000,1.65,0.8375,55,1.62,0.8223,68,1.64,0.8324,4,1.635,0.8299,927,0
SPY190802P299,2019-08-01,2019-08-01 09:36:08.000,1.64,0.8324,2,1.61,0.8172,81,1.64,0.8324,4,1.625,0.8248,927,0
SPY190802P299,2019-08-01,2019-08-01 09:36:08.000,1.64,0.8324,22,1.62,0.8223,104,1.64,0.8324,4,1.63,0.8274,927,0
SPY190802P299,2019-08-01,2019-08-01 09:36:09.000,1.64,0.8324,2,1.63,0.8274,27,1.64,0.8324,4,1.635,0.8299,927,0
SPY190802P299,2019-08-01,2019-08-01 09:36:09.000,1.64,0.8324,2,1.61,0.8172,81,1.64,0.8324,4,1.625,0.8248,927,0
SPY190802P299,2019-08-01,2019-08-01 09:36:10.000,1.65,0.8375,12,1.63,0.8274,49,1.64,0.8324,4,1.64,0.8324,927,0
SPY190802P299,2019-08-01,2019-08-01 09:36:10.000,1.65,0.8375,26,1.63,0.8274,69,1.64,0.8324,4,1.64,0.8324,927,0
SPY190802P299,2019-08-01,2019-08-01 09:36:11.000,1.65,0.8375,27,1.63,0.8274,51,1.64,0.8324,4,1.64,0.8324,927,0
SPY190802P299,2019-08-01,2019-08-01 09:36:11.000,1.65,0.8375,47,1.63,0.8274,71,1.64,0.8324,4,1.64,0.8324,927,0
SPY190802P299,2019-08-01,2019-08-01 09:36:12.000,1.65,0.8375,47,1.63,0.8274,71,1.64,0.8324,4,1.64,0.8324,927,0
SPY190802P299,2019-08-01,2019-08-01 09:36:12.000,1.65,0.8375,6,1.63,0.8274,6,1.64,0.8324,4,1.64,0.8324,927,0
SPY190802P299,2019-08-01,2019-08-01 09:36:13.000,1.64,0.8324,8,1.63,0.8274,24,1.64,0.8324,4,1.635,0.8299,927,0
SPY190802P299,2019-08-01,2019-08-01 09:36:14.000,1.64,0.8324,116,1.61,0.8172,104,1.64,0.8324,4,1.625,0.8248,927,0
SPY190802P299,2019-08-01,2019-08-01 09:36:14.000,1.64,0.8324,131,1.61,0.8172,18,1.64,0.8324,4,1.625,0.8248,927,0
SPY190802P299,2019-08-01,2019-08-01 09:36:15.000,1.64,0.8324,126,1.63,0.8274,6,1.64,0.8324,4,1.635,0.8299,927,0
SPY190802P299,2019-08-01,2019-08-01 09:36:15.000,1.65,0.8375,14,1.64,0.8324,1,1.64,0.8324,1,1.645,0.835,928,1
SPY190802P299,2019-08-01,2019-08-01 09:36:16.000,1.66,0.8426,19,1.64,0.8324,43,1.64,0.8324,1,1.65,0.8375,928,0
SPY190802P299,2019-08-01,2019-08-01 09:36:16.000,1.64,0.8324,6,1.63,0.8274,20,1.64,0.8324,1,1.635,0.8299,928,0
SPY190802P299,2019-08-01,2019-08-01 09:36:17.000,1.65,0.8375,6,1.63,0.8274,74,1.64,0.8324,1,1.64,0.8324,928,0
SPY190802P299,2019-08-01,2019-08-01 09:36:18.000,1.65,0.8375,6,1.63,0.8274,74,1.64,0.8324,1,1.64,0.8324,928,0
SPY190802P299,2019-08-01,2019-08-01 09:36:18.000,1.65,0.8375,6,1.63,0.8274,54,1.64,0.8324,1,1.64,0.8324,928,0
SPY190802P299,2019-08-01,2019-08-01 09:36:19.000,1.65,0.8375,8,1.64,0.8324,19,1.64,0.8324,1,1.645,0.835,928,0
SPY190802P299,2019-08-01,2019-08-01 09:36:19.000,1.65,0.8375,8,1.63,0.8274,62,1.64,0.8324,1,1.64,0.8324,928,0
SPY190802P299,2019-08-01,2019-08-01 09:36:20.000,1.65,0.8375,14,1.63,0.8274,18,1.64,0.8324,1,1.64,0.8324,928,0
SPY190802P299,2019-08-01,2019-08-01 09:36:20.000,1.65,0.8375,61,1.64,0.8324,19,1.64,0.8324,1,1.645,0.835,928,0
SPY190802P299,2019-08-01,2019-08-01 09:36:21.000,1.65,0.8375,48,1.64,0.8324,20,1.64,0.8324,1,1.645,0.835,928,0
SPY190802P299,2019-08-01,2019-08-01 09:36:21.000,1.66,0.8426,6,1.65,0.8375,9,1.64,0.8324,1,1.655,0.8401,928,0
SPY190802P299,2019-08-01,2019-08-01 09:36:22.000,1.67,0.8477,133,1.65,0.8375,24,1.64,0.8324,1,1.66,0.8426,928,0
SPY190802P299,2019-08-01,2019-08-01 09:36:23.000,1.67,0.8477,133,1.65,0.8375,24,1.64,0.8324,1,1.66,0.8426,928,0
SPY190802P299,2019-08-01,2019-08-01 09:36:23.000,1.67,0.8477,6,1.66,0.8426,18,1.64,0.8324,1,1.665,0.8451,928,0
SPY190802P299,2019-08-01,2019-08-01 09:36:24.000,1.68,0.8527,6,1.66,0.8426,18,1.64,0.8324,1,1.67,0.8477,928,0
SPY190802P299,2019-08-01,2019-08-01 09:36:24.000,1.69,0.8578,6,1.67,0.8477,25,1.68,0.8527,8,1.68,0.8527,936,8
SPY190802P299,2019-08-01,2019-08-01 09:36:25.000,1.70,0.8629,28,1.69,0.8578,9,1.70,0.8629,1,1.695,0.8604,937,1
SPY190802P299,2019-08-01,2019-08-01 09:36:25.000,1.71,0.868,8,1.69,0.8578,8,1.71,0.868,5,1.70,0.8629,942,5
SPY190802P299,2019-08-01,2019-08-01 09:36:26.000,1.71,0.868,8,1.70,0.8629,9,1.71,0.868,5,1.705,0.8654,942,0
SPY190802P299,2019-08-01,2019-08-01 09:36:26.000,1.71,0.868,8,1.70,0.8629,20,1.71,0.868,5,1.705,0.8654,942,0
SPY190802P299,2019-08-01,2019-08-01 09:36:27.000,1.71,0.868,10,1.70,0.8629,18,1.71,0.868,5,1.705,0.8654,942,0
SPY190802P299,2019-08-01,2019-08-01 09:36:28.000,1.72,0.873,6,1.71,0.868,10,1.71,0.868,5,1.715,0.8705,942,0
SPY190802P299,2019-08-01,2019-08-01 09:36:28.000,1.72,0.873,10,1.71,0.868,16,1.71,0.868,5,1.715,0.8705,942,0
SPY190802P299,2019-08-01,2019-08-01 09:36:29.000,1.74,0.8832,6,1.72,0.873,15,1.71,0.868,5,1.73,0.8781,942,0
SPY190802P299,2019-08-01,2019-08-01 09:36:29.000,1.77,0.8984,50,1.72,0.873,45,1.71,0.868,5,1.745,0.8857,942,0
SPY190802P299,2019-08-01,2019-08-01 09:36:30.000,1.76,0.8934,6,1.73,0.8781,117,1.71,0.868,5,1.745,0.8857,942,0
SPY190802P299,2019-08-01,2019-08-01 09:36:30.000,1.76,0.8934,6,1.73,0.8781,124,1.71,0.868,5,1.745,0.8857,942,0
SPY190802P299,2019-08-01,2019-08-01 09:36:31.000,1.75,0.8883,6,1.74,0.8832,11,1.71,0.868,5,1.745,0.8857,942,0
SPY190802P299,2019-08-01,2019-08-01 09:36:32.000,1.75,0.8883,2,1.73,0.8781,8,1.71,0.868,5,1.74,0.8832,942,0
SPY190802P299,2019-08-01,2019-08-01 09:36:32.000,1.75,0.8883,20,1.72,0.873,78,1.71,0.868,5,1.735,0.8807,942,0
SPY190802P299,2019-08-01,2019-08-01 09:36:33.000,1.74,0.8832,116,1.71,0.868,54,1.71,0.868,5,1.725,0.8756,942,0
SPY190802P299,2019-08-01,2019-08-01 09:36:33.000,1.73,0.8781,6,1.72,0.873,15,1.71,0.868,5,1.725,0.8756,942,0
SPY190802P299,2019-08-01,2019-08-01 09:36:34.000,1.72,0.873,6,1.71,0.868,48,1.71,0.868,5,1.715,0.8705,942,0
SPY190802P299,2019-08-01,2019-08-01 09:36:34.000,1.73,0.8781,8,1.72,0.873,18,1.71,0.868,5,1.725,0.8756,942,0
SPY190802P299,2019-08-01,2019-08-01 09:36:35.000,1.74,0.8832,19,1.71,0.868,63,1.71,0.868,5,1.725,0.8756,942,0
SPY190802P299,2019-08-01,2019-08-01 09:36:36.000,1.74,0.8832,6,1.73,0.8781,23,1.71,0.868,5,1.735,0.8807,942,0
SPY190802P299,2019-08-01,2019-08-01 09:36:36.000,1.74,0.8832,3,1.73,0.8781,29,1.71,0.868,5,1.735,0.8807,942,0
SPY190802P299,2019-08-01,2019-08-01 09:36:37.000,1.75,0.8883,119,1.73,0.8781,37,1.71,0.868,5,1.74,0.8832,942,0
SPY190802P299,2019-08-01,2019-08-01 09:36:37.000,1.73,0.8781,6,1.71,0.868,6,1.71,0.868,5,1.72,0.873,942,0
SPY190802P299,2019-08-01,2019-08-01 09:36:38.000,1.73,0.8781,6,1.71,0.868,24,1.71,0.868,5,1.72,0.873,942,0
SPY190802P299,2019-08-01,2019-08-01 09:36:38.000,1.74,0.8832,119,1.71,0.868,24,1.71,0.868,1,1.725,0.8756,943,1
SPY190802P299,2019-08-01,2019-08-01 09:36:39.000,1.72,0.873,8,1.71,0.868,26,1.71,0.868,1,1.715,0.8705,943,0
SPY190802P299,2019-08-01,2019-08-01 09:36:40.000,1.72,0.873,110,1.70,0.8629,18,1.71,0.868,1,1.71,0.868,943,0
SPY190802P299,2019-08-01,2019-08-01 09:36:40.000,1.73,0.8781,107,1.72,0.873,6,1.71,0.868,1,1.725,0.8756,943,0
SPY190802P299,2019-08-01,2019-08-01 09:36:41.000,1.72,0.873,2,1.71,0.868,23,1.72,0.873,1,1.715,0.8705,944,0
SPY190802P299,2019-08-01,2019-08-01 09:36:41.000,1.72,0.873,2,1.71,0.868,23,1.72,0.873,1,1.715,0.8705,944,1
SPY190802P299,2019-08-01,2019-08-01 09:36:42.000,1.73,0.8781,56,1.71,0.868,34,1.72,0.873,1,1.72,0.873,944,0
SPY190802P299,2019-08-01,2019-08-01 09:36:43.000,1.73,0.8781,37,1.72,0.873,29,1.72,0.873,1,1.725,0.8756,944,0
SPY190802P299,2019-08-01,2019-08-01 09:36:44.000,1.74,0.8832,33,1.73,0.8781,2,1.72,0.873,1,1.735,0.8807,944,0
SPY190802P299,2019-08-01,2019-08-01 09:36:44.000,1.74,0.8832,29,1.72,0.873,28,1.72,0.873,1,1.73,0.8781,944,0
SPY190802P299,2019-08-01,2019-08-01 09:36:45.000,1.74,0.8832,93,1.72,0.873,23,1.72,0.873,1,1.73,0.8781,944,0
SPY190802P299,2019-08-01,2019-08-01 09:36:46.000,1.74,0.8832,14,1.72,0.873,62,1.72,0.873,1,1.73,0.8781,944,0
SPY190802P299,2019-08-01,2019-08-01 09:36:46.000,1.75,0.8883,186,1.73,0.8781,51,1.72,0.873,1,1.74,0.8832,944,0
SPY190802P299,2019-08-01,2019-08-01 09:36:47.000,1.74,0.8832,14,1.72,0.873,62,1.72,0.873,1,1.73,0.8781,944,0
SPY190802P299,2019-08-01,2019-08-01 09:36:48.000,1.74,0.8832,8,1.73,0.8781,18,1.72,0.873,1,1.735,0.8807,944,0
SPY190802P299,2019-08-01,2019-08-01 09:36:48.000,1.75,0.8883,112,1.73,0.8781,18,1.72,0.873,1,1.74,0.8832,944,0
SPY190802P299,2019-08-01,2019-08-01 09:36:49.000,1.73,0.8781,39,1.71,0.868,6,1.72,0.873,1,1.72,0.873,944,0
SPY190802P299,2019-08-01,2019-08-01 09:36:49.000,1.73,0.8781,39,1.70,0.8629,54,1.72,0.873,1,1.715,0.8705,944,0
SPY190802P299,2019-08-01,2019-08-01 09:36:50.000,1.74,0.8832,8,1.73,0.8781,18,1.72,0.873,1,1.735,0.8807,944,0
SPY190802P299,2019-08-01,2019-08-01 09:36:50.000,1.74,0.8832,8,1.73,0.8781,24,1.72,0.873,1,1.735,0.8807,944,0
SPY190802P299,2019-08-01,2019-08-01 09:36:51.000,1.74,0.8832,14,1.72,0.873,14,1.72,0.873,1,1.73,0.8781,944,0
SPY190802P299,2019-08-01,2019-08-01 09:36:51.000,1.75,0.8883,119,1.73,0.8781,22,1.72,0.873,1,1.74,0.8832,944,0
SPY190802P299,2019-08-01,2019-08-01 09:36:52.000,1.75,0.8883,130,1.74,0.8832,1,1.72,0.873,1,1.745,0.8857,944,0
SPY190802P299,2019-08-01,2019-08-01 09:36:52.000,1.74,0.8832,2,1.73,0.8781,22,1.72,0.873,1,1.735,0.8807,944,0
SPY190802P299,2019-08-01,2019-08-01 09:36:53.000,1.74,0.8832,22,1.71,0.868,30,1.74,0.8832,1,1.725,0.8756,948,4
SPY190802P299,2019-08-01,2019-08-01 09:36:54.000,1.75,0.8883,119,1.73,0.8781,27,1.74,0.8832,1,1.74,0.8832,948,0
SPY190802P299,2019-08-01,2019-08-01 09:36:54.000,1.74,0.8832,70,1.72,0.873,43,1.74,0.8832,1,1.73,0.8781,948,0
SPY190802P299,2019-08-01,2019-08-01 09:36:55.000,1.74,0.8832,54,1.72,0.873,74,1.74,0.8832,1,1.73,0.8781,948,0
SPY190802P299,2019-08-01,2019-08-01 09:36:55.000,1.74,0.8832,72,1.72,0.873,38,1.74,0.8832,1,1.73,0.8781,948,0
SPY190802P299,2019-08-01,2019-08-01 09:36:56.000,1.71,0.868,25,1.71,0.868,18,1.74,0.8832,1,1.71,0.868,948,0
SPY190802P299,2019-08-01,2019-08-01 09:36:56.000,1.73,0.8781,70,1.71,0.868,24,1.74,0.8832,1,1.72,0.873,948,0
SPY190802P299,2019-08-01,2019-08-01 09:36:57.000,1.70,0.8629,54,1.68,0.8527,18,1.74,0.8832,1,1.69,0.8578,948,0
SPY190802P299,2019-08-01,2019-08-01 09:36:58.000,1.72,0.873,119,1.70,0.8629,18,1.74,0.8832,1,1.71,0.868,948,0
SPY190802P299,2019-08-01,2019-08-01 09:36:58.000,1.71,0.868,12,1.68,0.8527,36,1.74,0.8832,1,1.695,0.8604,948,0
SPY190802P299,2019-08-01,2019-08-01 09:36:59.000,1.72,0.873,24,1.70,0.8629,46,1.74,0.8832,1,1.71,0.868,948,0
SPY190802P299,2019-08-01,2019-08-01 09:36:59.000,1.73,0.8781,106,1.70,0.8629,76,1.74,0.8832,1,1.715,0.8705,948,0
SPY190802P299,2019-08-01,2019-08-01 09:37:00.000,1.73,0.8781,119,1.70,0.8629,46,1.74,0.8832,1,1.715,0.8705,948,0
SPY190802P299,2019-08-01,2019-08-01 09:37:00.000,1.72,0.873,14,1.71,0.868,34,1.74,0.8832,1,1.715,0.8705,948,0
SPY190802P299,2019-08-01,2019-08-01 09:37:01.000,1.72,0.873,2,1.71,0.868,50,1.74,0.8832,1,1.715,0.8705,948,0
SPY190802P299,2019-08-01,2019-08-01 09:37:02.000,1.72,0.873,122,1.70,0.8629,19,1.74,0.8832,1,1.71,0.868,948,0
SPY190802P299,2019-08-01,2019-08-01 09:37:02.000,1.73,0.8781,119,1.71,0.868,24,1.74,0.8832,1,1.72,0.873,948,0
SPY190802P299,2019-08-01,2019-08-01 09:37:03.000,1.70,0.8629,2,1.69,0.8578,37,1.74,0.8832,1,1.695,0.8604,948,0
SPY190802P299,2019-08-01,2019-08-01 09:37:03.000,1.71,0.868,2,1.70,0.8629,17,1.74,0.8832,1,1.705,0.8654,948,0
SPY190802P299,2019-08-01,2019-08-01 09:37:04.000,1.72,0.873,19,1.70,0.8629,18,1.74,0.8832,1,1.71,0.868,948,0
SPY190802P299,2019-08-01,2019-08-01 09:37:04.000,1.72,0.873,19,1.70,0.8629,44,1.74,0.8832,1,1.71,0.868,948,0
SPY190802P299,2019-08-01,2019-08-01 09:37:05.000,1.73,0.8781,69,1.71,0.868,15,1.74,0.8832,1,1.72,0.873,948,0
SPY190802P299,2019-08-01,2019-08-01 09:37:05.000,1.73,0.8781,119,1.71,0.868,22,1.74,0.8832,1,1.72,0.873,948,0
SPY190802P299,2019-08-01,2019-08-01 09:37:06.000,1.72,0.873,53,1.70,0.8629,62,1.74,0.8832,1,1.71,0.868,948,0
SPY190802P299,2019-08-01,2019-08-01 09:37:06.000,1.72,0.873,12,1.70,0.8629,62,1.74,0.8832,1,1.71,0.868,948,0
SPY190802P299,2019-08-01,2019-08-01 09:37:07.000,1.72,0.873,11,1.71,0.868,19,1.74,0.8832,1,1.715,0.8705,948,0
SPY190802P299,2019-08-01,2019-08-01 09:37:08.000,1.73,0.8781,119,1.71,0.868,25,1.71,0.868,1,1.72,0.873,949,1
SPY190802P299,2019-08-01,2019-08-01 09:37:08.000,1.72,0.873,52,1.70,0.8629,6,1.74,0.8832,1,1.71,0.868,948,0
SPY190802P299,2019-08-01,2019-08-01 09:37:09.000,1.73,0.8781,78,1.72,0.873,2,1.71,0.868,1,1.725,0.8756,949,0
SPY190802P299,2019-08-01,2019-08-01 09:37:09.000,1.73,0.8781,50,1.70,0.8629,54,1.71,0.868,1,1.715,0.8705,949,0
SPY190802P299,2019-08-01,2019-08-01 09:37:10.000,1.74,0.8832,117,1.72,0.873,31,1.71,0.868,1,1.73,0.8781,949,0
SPY190802P299,2019-08-01,2019-08-01 09:37:10.000,1.74,0.8832,165,1.70,0.8629,54,1.71,0.868,1,1.72,0.873,949,0
SPY190802P299,2019-08-01,2019-08-01 09:37:11.000,1.74,0.8832,53,1.72,0.873,23,1.71,0.868,1,1.73,0.8781,949,0
SPY190802P299,2019-08-01,2019-08-01 09:37:12.000,1.73,0.8781,10,1.72,0.873,8,1.71,0.868,1,1.725,0.8756,949,0
SPY190802P299,2019-08-01,2019-08-01 09:37:12.000,1.74,0.8832,10,1.72,0.873,23,1.71,0.868,1,1.73,0.8781,949,0
SPY190802P299,2019-08-01,2019-08-01 09:37:13.000,1.74,0.8832,14,1.72,0.873,78,1.71,0.868,1,1.73,0.8781,949,0
SPY190802P299,2019-08-01,2019-08-01 09:37:13.000,1.74,0.8832,45,1.71,0.868,65,1.71,0.868,1,1.725,0.8756,949,0
SPY190802P299,2019-08-01,2019-08-01 09:37:14.000,1.76,0.8934,131,1.74,0.8832,22,1.74,0.8832,1,1.75,0.8883,950,1
SPY190802P299,2019-08-01,2019-08-01 09:37:14.000,1.75,0.8883,8,1.74,0.8832,19,1.71,0.868,1,1.745,0.8857,949,0
SPY190802P299,2019-08-01,2019-08-01 09:37:15.000,1.75,0.8883,19,1.74,0.8832,22,1.74,0.8832,1,1.745,0.8857,950,0
SPY190802P299,2019-08-01,2019-08-01 09:37:15.000,1.75,0.8883,6,1.74,0.8832,67,1.74,0.8832,1,1.745,0.8857,950,0
SPY190802P299,2019-08-01,2019-08-01 09:37:16.000,1.74,0.8832,6,1.73,0.8781,18,1.74,0.8832,1,1.735,0.8807,950,0
SPY190802P299,2019-08-01,2019-08-01 09:37:17.000,1.75,0.8883,26,1.74,0.8832,18,1.73,0.8781,1,1.745,0.8857,951,1
SPY190802P299,2019-08-01,2019-08-01 09:37:18.000,1.76,0.8934,119,1.74,0.8832,18,1.73,0.8781,1,1.75,0.8883,951,0
SPY190802P299,2019-08-01,2019-08-01 09:37:18.000,1.75,0.8883,29,1.74,0.8832,26,1.74,0.8832,1,1.745,0.8857,962,11
SPY190802P299,2019-08-01,2019-08-01 09:37:19.000,1.75,0.8883,8,1.74,0.8832,26,1.74,0.8832,1,1.745,0.8857,962,0
SPY190802P299,2019-08-01,2019-08-01 09:37:20.000,1.75,0.8883,10,1.73,0.8781,60,1.74,0.8832,1,1.74,0.8832,962,0
SPY190802P299,2019-08-01,2019-08-01 09:37:20.000,1.75,0.8883,6,1.74,0.8832,45,1.74,0.8832,1,1.745,0.8857,962,0
SPY190802P299,2019-08-01,2019-08-01 09:37:21.000,1.76,0.8934,19,1.75,0.8883,48,1.74,0.8832,1,1.755,0.8908,962,0
SPY190802P299,2019-08-01,2019-08-01 09:37:21.000,1.75,0.8883,6,1.74,0.8832,81,1.74,0.8832,1,1.745,0.8857,962,0
SPY190802P299,2019-08-01,2019-08-01 09:37:22.000,1.77,0.8984,10,1.75,0.8883,81,1.74,0.8832,1,1.76,0.8934,962,0
SPY190802P299,2019-08-01,2019-08-01 09:37:22.000,1.77,0.8984,14,1.75,0.8883,81,1.74,0.8832,1,1.76,0.8934,962,0
SPY190802P299,2019-08-01,2019-08-01 09:37:23.000,1.77,0.8984,8,1.76,0.8934,45,1.74,0.8832,1,1.765,0.8959,962,0
SPY190802P299,2019-08-01,2019-08-01 09:37:24.000,1.77,0.8984,6,1.75,0.8883,36,1.74,0.8832,1,1.76,0.8934,962,0
SPY190802P299,2019-08-01,2019-08-01 09:37:24.000,1.77,0.8984,8,1.76,0.8934,25,1.74,0.8832,1,1.765,0.8959,962,0
SPY190802P299,2019-08-01,2019-08-01 09:37:25.000,1.77,0.8984,6,1.75,0.8883,57,1.74,0.8832,1,1.76,0.8934,962,0
SPY190802P299,2019-08-01,2019-08-01 09:37:25.000,1.76,0.8934,6,1.75,0.8883,62,1.74,0.8832,1,1.755,0.8908,962,0
SPY190802P299,2019-08-01,2019-08-01 09:37:26.000,1.77,0.8984,19,1.75,0.8883,21,1.74,0.8832,1,1.76,0.8934,962,0
SPY190802P299,2019-08-01,2019-08-01 09:37:26.000,1.75,0.8883,6,1.74,0.8832,29,1.74,0.8832,1,1.745,0.8857,962,0
SPY190802P299,2019-08-01,2019-08-01 09:37:27.000,1.76,0.8934,6,1.75,0.8883,21,1.74,0.8832,1,1.755,0.8908,962,0
SPY190802P299,2019-08-01,2019-08-01 09:37:27.000,1.77,0.8984,19,1.75,0.8883,39,1.74,0.8832,1,1.76,0.8934,962,0
SPY190802P299,2019-08-01,2019-08-01 09:37:28.000,1.77,0.8984,6,1.75,0.8883,71,1.74,0.8832,1,1.76,0.8934,962,0
SPY190802P299,2019-08-01,2019-08-01 09:37:29.000,1.77,0.8984,10,1.76,0.8934,23,1.74,0.8832,1,1.765,0.8959,962,0
SPY190802P299,2019-08-01,2019-08-01 09:37:29.000,1.77,0.8984,10,1.75,0.8883,59,1.74,0.8832,1,1.76,0.8934,962,0
SPY190802P299,2019-08-01,2019-08-01 09:37:30.000,1.77,0.8984,22,1.75,0.8883,48,1.74,0.8832,1,1.76,0.8934,962,0
SPY190802P299,2019-08-01,2019-08-01 09:37:30.000,1.76,0.8934,6,1.74,0.8832,111,1.74,0.8832,1,1.75,0.8883,962,0
SPY190802P299,2019-08-01,2019-08-01 09:37:31.000,1.79,0.9086,22,1.77,0.8984,74,1.74,0.8832,1,1.78,0.9035,962,0
SPY190802P299,2019-08-01,2019-08-01 09:37:31.000,1.78,0.9035,6,1.76,0.8934,75,1.74,0.8832,1,1.77,0.8984,962,0
SPY190802P299,2019-08-01,2019-08-01 09:37:32.000,1.79,0.9086,30,1.77,0.8984,74,1.74,0.8832,1,1.78,0.9035,962,0
SPY190802P299,2019-08-01,2019-08-01 09:37:32.000,1.78,0.9035,6,1.77,0.8984,74,1.74,0.8832,1,1.775,0.901,962,0
SPY190802P299,2019-08-01,2019-08-01 09:37:33.000,1.79,0.9086,30,1.77,0.8984,90,1.74,0.8832,1,1.78,0.9035,962,0
SPY190802P299,2019-08-01,2019-08-01 09:37:34.000,1.80,0.9137,6,1.78,0.9035,17,1.74,0.8832,1,1.79,0.9086,962,0
SPY190802P299,2019-08-01,2019-08-01 09:37:34.000,1.80,0.9137,39,1.79,0.9086,9,1.74,0.8832,1,1.795,0.9111,962,0
SPY190802P299,2019-08-01,2019-08-01 09:37:35.000,1.80,0.9137,24,1.78,0.9035,18,1.74,0.8832,1,1.79,0.9086,962,0
SPY190802P299,2019-08-01,2019-08-01 09:37:35.000,1.79,0.9086,8,1.78,0.9035,18,1.74,0.8832,1,1.785,0.906,962,0
SPY190802P299,2019-08-01,2019-08-01 09:37:36.000,1.79,0.9086,38,1.77,0.8984,123,1.74,0.8832,1,1.78,0.9035,962,0
SPY190802P299,2019-08-01,2019-08-01 09:37:36.000,1.79,0.9086,26,1.77,0.8984,132,1.74,0.8832,1,1.78,0.9035,962,0
SPY190802P299,2019-08-01,2019-08-01 09:37:37.000,1.78,0.9035,19,1.77,0.8984,30,1.74,0.8832,1,1.775,0.901,962,0
SPY190802P299,2019-08-01,2019-08-01 09:37:37.000,1.78,0.9035,6,1.77,0.8984,123,1.74,0.8832,1,1.775,0.901,962,0
SPY190802P299,2019-08-01,2019-08-01 09:37:38.000,1.78,0.9035,19,1.77,0.8984,30,1.74,0.8832,1,1.775,0.901,962,0
SPY190802P299,2019-08-01,2019-08-01 09:37:39.000,1.77,0.8984,35,1.75,0.8883,41,1.74,0.8832,1,1.76,0.8934,962,0
SPY190802P299,2019-08-01,2019-08-01 09:37:39.000,1.78,0.9035,36,1.75,0.8883,19,1.74,0.8832,1,1.765,0.8959,962,0
SPY190802P299,2019-08-01,2019-08-01 09:37:40.000,1.78,0.9035,36,1.76,0.8934,36,1.74,0.8832,1,1.77,0.8984,962,0
SPY190802P299,2019-08-01,2019-08-01 09:37:40.000,1.78,0.9035,30,1.76,0.8934,55,1.74,0.8832,1,1.77,0.8984,962,0
SPY190802P299,2019-08-01,2019-08-01 09:37:41.000,1.79,0.9086,23,1.77,0.8984,18,1.74,0.8832,1,1.78,0.9035,962,0
SPY190802P299,2019-08-01,2019-08-01 09:37:42.000,1.79,0.9086,49,1.77,0.8984,45,1.74,0.8832,1,1.78,0.9035,962,0
SPY190802P299,2019-08-01,2019-08-01 09:37:42.000,1.79,0.9086,49,1.77,0.8984,51,1.74,0.8832,1,1.78,0.9035,962,0
SPY190802P299,2019-08-01,2019-08-01 09:37:43.000,1.79,0.9086,13,1.76,0.8934,97,1.74,0.8832,1,1.775,0.901,962,0
SPY190802P299,2019-08-01,2019-08-01 09:37:43.000,1.79,0.9086,46,1.77,0.8984,51,1.74,0.8832,1,1.78,0.9035,962,0
SPY190802P299,2019-08-01,2019-08-01 09:37:44.000,1.78,0.9035,23,1.77,0.8984,2,1.74,0.8832,1,1.775,0.901,962,0
SPY190802P299,2019-08-01,2019-08-01 09:37:44.000,1.78,0.9035,6,1.77,0.8984,18,1.74,0.8832,1,1.775,0.901,962,0
SPY190802P299,2019-08-01,2019-08-01 09:37:45.000,1.78,0.9035,32,1.76,0.8934,62,1.74,0.8832,1,1.77,0.8984,962,0
SPY190802P299,2019-08-01,2019-08-01 09:37:45.000,1.78,0.9035,52,1.76,0.8934,82,1.74,0.8832,1,1.77,0.8984,962,0
SPY190802P299,2019-08-01,2019-08-01 09:37:46.000,1.78,0.9035,2,1.76,0.8934,72,1.74,0.8832,1,1.77,0.8984,962,0
SPY190802P299,2019-08-01,2019-08-01 09:37:47.000,1.79,0.9086,20,1.77,0.8984,48,1.79,0.9086,1,1.78,0.9035,963,0
SPY190802P299,2019-08-01,2019-08-01 09:37:47.000,1.79,0.9086,6,1.77,0.8984,6,1.79,0.9086,1,1.78,0.9035,963,1
SPY190802P299,2019-08-01,2019-08-01 09:37:48.000,1.78,0.9035,10,1.77,0.8984,19,1.79,0.9086,1,1.775,0.901,963,0
SPY190802P299,2019-08-01,2019-08-01 09:37:48.000,1.78,0.9035,2,1.76,0.8934,100,1.79,0.9086,1,1.77,0.8984,963,0
SPY190802P299,2019-08-01,2019-08-01 09:37:49.000,1.79,0.9086,7,1.77,0.8984,50,1.79,0.9086,1,1.78,0.9035,963,0
SPY190802P299,2019-08-01,2019-08-01 09:37:50.000,1.77,0.8984,19,1.75,0.8883,23,1.79,0.9086,1,1.76,0.8934,963,0
SPY190802P299,2019-08-01,2019-08-01 09:37:51.000,1.77,0.8984,34,1.75,0.8883,18,1.79,0.9086,1,1.76,0.8934,963,0
SPY190802P299,2019-08-01,2019-08-01 09:37:52.000,1.77,0.8984,39,1.75,0.8883,2,1.79,0.9086,1,1.76,0.8934,963,0
SPY190802P299,2019-08-01,2019-08-01 09:37:53.000,1.76,0.8934,19,1.75,0.8883,2,1.79,0.9086,1,1.755,0.8908,963,0
SPY190802P299,2019-08-01,2019-08-01 09:37:53.000,1.77,0.8984,29,1.75,0.8883,2,1.79,0.9086,1,1.76,0.8934,963,0
SPY190802P299,2019-08-01,2019-08-01 09:37:54.000,1.75,0.8883,19,1.74,0.8832,8,1.79,0.9086,1,1.745,0.8857,963,0
SPY190802P299,2019-08-01,2019-08-01 09:37:54.000,1.76,0.8934,27,1.74,0.8832,18,1.79,0.9086,1,1.75,0.8883,963,0
SPY190802P299,2019-08-01,2019-08-01 09:37:55.000,1.75,0.8883,19,1.73,0.8781,62,1.79,0.9086,1,1.74,0.8832,963,0
SPY190802P299,2019-08-01,2019-08-01 09:37:56.000,1.76,0.8934,50,1.74,0.8832,29,1.79,0.9086,1,1.75,0.8883,963,0
SPY190802P299,2019-08-01,2019-08-01 09:37:56.000,1.76,0.8934,50,1.74,0.8832,14,1.79,0.9086,1,1.75,0.8883,963,0
SPY190802P299,2019-08-01,2019-08-01 09:37:57.000,1.75,0.8883,41,1.73,0.8781,74,1.75,0.8883,2,1.74,0.8832,965,0
SPY190802P299,2019-08-01,2019-08-01 09:37:57.000,1.75,0.8883,8,1.74,0.8832,18,1.75,0.8883,2,1.745,0.8857,965,2
SPY190802P299,2019-08-01,2019-08-01 09:37:58.000,1.76,0.8934,73,1.73,0.8781,68,1.75,0.8883,2,1.745,0.8857,965,0
SPY190802P299,2019-08-01,2019-08-01 09:37:59.000,1.74,0.8832,17,1.73,0.8781,68,1.75,0.8883,2,1.735,0.8807,965,0
SPY190802P299,2019-08-01,2019-08-01 09:37:59.000,1.72,0.873,6,1.70,0.8629,59,1.72,0.873,1,1.71,0.868,966,1
SPY190802P299,2019-08-01,2019-08-01 09:38:00.000,1.72,0.873,19,1.70,0.8629,79,1.72,0.873,1,1.71,0.868,966,0
SPY190802P299,2019-08-01,2019-08-01 09:38:01.000,1.75,0.8883,40,1.73,0.8781,51,1.72,0.873,1,1.74,0.8832,966,0
SPY190802P299,2019-08-01,2019-08-01 09:38:01.000,1.74,0.8832,13,1.71,0.868,85,1.72,0.873,1,1.725,0.8756,966,0
SPY190802P299,2019-08-01,2019-08-01 09:38:02.000,1.77,0.8984,19,1.75,0.8883,18,1.75,0.8883,6,1.76,0.8934,972,6
SPY190802P299,2019-08-01,2019-08-01 09:38:02.000,1.77,0.8984,37,1.74,0.8832,94,1.75,0.8883,6,1.755,0.8908,972,0
SPY190802P299,2019-08-01,2019-08-01 09:38:03.000,1.76,0.8934,37,1.73,0.8781,80,1.75,0.8883,6,1.745,0.8857,972,0
SPY190802P299,2019-08-01,2019-08-01 09:38:04.000,1.76,0.8934,32,1.74,0.8832,36,1.75,0.8883,6,1.75,0.8883,972,0
SPY190802P299,2019-08-01,2019-08-01 09:38:04.000,1.76,0.8934,43,1.74,0.8832,36,1.75,0.8883,6,1.75,0.8883,972,0
SPY190802P299,2019-08-01,2019-08-01 09:38:05.000,1.76,0.8934,21,1.74,0.8832,18,1.75,0.8883,6,1.75,0.8883,972,0
SPY190802P299,2019-08-01,2019-08-01 09:38:05.000,1.75,0.8883,32,1.73,0.8781,59,1.75,0.8883,6,1.74,0.8832,972,0
SPY190802P299,2019-08-01,2019-08-01 09:38:06.000,1.75,0.8883,6,1.74,0.8832,18,1.75,0.8883,6,1.745,0.8857,972,0
SPY190802P299,2019-08-01,2019-08-01 09:38:06.000,1.76,0.8934,6,1.74,0.8832,18,1.75,0.8883,6,1.75,0.8883,972,0
SPY190802P299,2019-08-01,2019-08-01 09:38:07.000,1.76,0.8934,20,1.74,0.8832,20,1.75,0.8883,6,1.75,0.8883,972,0
SPY190802P299,2019-08-01,2019-08-01 09:38:07.000,1.76,0.8934,57,1.72,0.873,41,1.75,0.8883,6,1.74,0.8832,972,0
SPY190802P299,2019-08-01,2019-08-01 09:38:08.000,1.74,0.8832,10,1.73,0.8781,21,1.75,0.8883,6,1.735,0.8807,972,0
SPY190802P299,2019-08-01,2019-08-01 09:38:08.000,1.75,0.8883,26,1.73,0.8781,21,1.75,0.8883,6,1.74,0.8832,972,0
SPY190802P299,2019-08-01,2019-08-01 09:38:09.000,1.74,0.8832,43,1.72,0.873,35,1.75,0.8883,6,1.73,0.8781,972,0
SPY190802P299,2019-08-01,2019-08-01 09:38:10.000,1.73,0.8781,10,1.71,0.868,24,1.75,0.8883,6,1.72,0.873,972,0
SPY190802P299,2019-08-01,2019-08-01 09:38:10.000,1.72,0.873,39,1.70,0.8629,62,1.75,0.8883,6,1.71,0.868,972,0
SPY190802P299,2019-08-01,2019-08-01 09:38:11.000,1.72,0.873,43,1.70,0.8629,44,1.75,0.8883,6,1.71,0.868,972,0
SPY190802P299,2019-08-01,2019-08-01 09:38:11.000,1.73,0.8781,41,1.71,0.868,18,1.75,0.8883,6,1.72,0.873,972,0
SPY190802P299,2019-08-01,2019-08-01 09:38:12.000,1.72,0.873,19,1.70,0.8629,44,1.75,0.8883,6,1.71,0.868,972,0
SPY190802P299,2019-08-01,2019-08-01 09:38:13.000,1.71,0.868,20,1.70,0.8629,18,1.75,0.8883,6,1.705,0.8654,972,0
SPY190802P299,2019-08-01,2019-08-01 09:38:13.000,1.71,0.868,26,1.70,0.8629,18,1.75,0.8883,6,1.705,0.8654,972,0
SPY190802P299,2019-08-01,2019-08-01 09:38:14.000,1.71,0.868,26,1.70,0.8629,6,1.75,0.8883,6,1.705,0.8654,972,0
SPY190802P299,2019-08-01,2019-08-01 09:38:15.000,1.70,0.8629,22,1.69,0.8578,18,1.75,0.8883,6,1.695,0.8604,972,0
SPY190802P299,2019-08-01,2019-08-01 09:38:16.000,1.70,0.8629,19,1.68,0.8527,6,1.75,0.8883,6,1.69,0.8578,972,0
SPY190802P299,2019-08-01,2019-08-01 09:38:17.000,1.70,0.8629,19,1.68,0.8527,36,1.75,0.8883,6,1.69,0.8578,972,0
SPY190802P299,2019-08-01,2019-08-01 09:38:17.000,1.71,0.868,82,1.67,0.8477,14,1.75,0.8883,6,1.69,0.8578,972,0
SPY190802P299,2019-08-01,2019-08-01 09:38:18.000,1.70,0.8629,24,1.68,0.8527,36,1.75,0.8883,6,1.69,0.8578,972,0
SPY190802P299,2019-08-01,2019-08-01 09:38:18.000,1.69,0.8578,37,1.68,0.8527,36,1.75,0.8883,6,1.685,0.8553,972,0
SPY190802P299,2019-08-01,2019-08-01 09:38:19.000,1.69,0.8578,19,1.66,0.8426,118,1.75,0.8883,6,1.675,0.8502,972,0
SPY190802P299,2019-08-01,2019-08-01 09:38:20.000,1.68,0.8527,28,1.66,0.8426,50,1.75,0.8883,6,1.67,0.8477,972,0
SPY190802P299,2019-08-01,2019-08-01 09:38:21.000,1.69,0.8578,41,1.68,0.8527,6,1.75,0.8883,6,1.685,0.8553,972,0
SPY190802P299,2019-08-01,2019-08-01 09:38:21.000,1.68,0.8527,28,1.66,0.8426,50,1.75,0.8883,6,1.67,0.8477,972,0
SPY190802P299,2019-08-01,2019-08-01 09:38:22.000,1.70,0.8629,46,1.68,0.8527,36,1.75,0.8883,6,1.69,0.8578,972,0
SPY190802P299,2019-08-01,2019-08-01 09:38:22.000,1.70,0.8629,26,1.68,0.8527,6,1.75,0.8883,6,1.69,0.8578,972,0
SPY190802P299,2019-08-01,2019-08-01 09:38:23.000,1.69,0.8578,8,1.68,0.8527,6,1.75,0.8883,6,1.685,0.8553,972,0
SPY190802P299,2019-08-01,2019-08-01 09:38:23.000,1.69,0.8578,6,1.68,0.8527,36,1.75,0.8883,6,1.685,0.8553,972,0
SPY190802P299,2019-08-01,2019-08-01 09:38:24.000,1.70,0.8629,32,1.68,0.8527,42,1.75,0.8883,6,1.69,0.8578,972,0
SPY190802P299,2019-08-01,2019-08-01 09:38:24.000,1.70,0.8629,25,1.68,0.8527,42,1.69,0.8578,2,1.69,0.8578,977,5
SPY190802P299,2019-08-01,2019-08-01 09:38:25.000,1.70,0.8629,26,1.68,0.8527,42,1.69,0.8578,2,1.69,0.8578,977,0
SPY190802P299,2019-08-01,2019-08-01 09:38:26.000,1.71,0.868,11,1.70,0.8629,20,1.69,0.8578,2,1.705,0.8654,977,0
SPY190802P299,2019-08-01,2019-08-01 09:38:26.000,1.70,0.8629,26,1.69,0.8578,14,1.69,0.8578,2,1.695,0.8604,977,0
SPY190802P299,2019-08-01,2019-08-01 09:38:27.000,1.72,0.873,13,1.70,0.8629,14,1.69,0.8578,2,1.71,0.868,977,0
SPY190802P299,2019-08-01,2019-08-01 09:38:27.000,1.72,0.873,17,1.70,0.8629,14,1.69,0.8578,2,1.71,0.868,977,0
SPY190802P299,2019-08-01,2019-08-01 09:38:28.000,1.70,0.8629,30,1.69,0.8578,47,1.69,0.8578,2,1.695,0.8604,977,0
SPY190802P299,2019-08-01,2019-08-01 09:38:28.000,1.71,0.868,10,1.68,0.8527,50,1.69,0.8578,2,1.695,0.8604,977,0
SPY190802P299,2019-08-01,2019-08-01 09:38:29.000,1.73,0.8781,21,1.71,0.868,48,1.71,0.868,5,1.72,0.873,982,5
SPY190802P299,2019-08-01,2019-08-01 09:38:29.000,1.73,0.8781,33,1.71,0.868,48,1.71,0.868,5,1.72,0.873,982,0
SPY190802P299,2019-08-01,2019-08-01 09:38:30.000,1.73,0.8781,13,1.71,0.868,68,1.71,0.868,5,1.72,0.873,982,0
SPY190802P299,2019-08-01,2019-08-01 09:38:31.000,1.75,0.8883,16,1.73,0.8781,22,1.71,0.868,5,1.74,0.8832,982,0
SPY190802P299,2019-08-01,2019-08-01 09:38:31.000,1.73,0.8781,6,1.73,0.8781,15,1.71,0.868,5,1.73,0.8781,982,0
SPY190802P299,2019-08-01,2019-08-01 09:38:32.000,1.73,0.8781,6,1.71,0.868,74,1.71,0.868,5,1.72,0.873,982,0
SPY190802P299,2019-08-01,2019-08-01 09:38:32.000,1.73,0.8781,30,1.71,0.868,76,1.71,0.868,5,1.72,0.873,982,0
SPY190802P299,2019-08-01,2019-08-01 09:38:33.000,1.73,0.8781,10,1.71,0.868,74,1.71,0.868,5,1.72,0.873,982,0
SPY190802P299,2019-08-01,2019-08-01 09:38:34.000,1.73,0.8781,10,1.71,0.868,74,1.71,0.868,5,1.72,0.873,982,0
SPY190802P299,2019-08-01,2019-08-01 09:38:34.000,1.72,0.873,17,1.70,0.8629,168,1.71,0.868,1,1.71,0.868,983,1
SPY190802P299,2019-08-01,2019-08-01 09:38:35.000,1.73,0.8781,10,1.71,0.868,72,1.71,0.868,1,1.72,0.873,983,0
SPY190802P299,2019-08-01,2019-08-01 09:38:35.000,1.73,0.8781,6,1.71,0.868,8,1.71,0.868,1,1.72,0.873,983,0
SPY190802P299,2019-08-01,2019-08-01 09:38:36.000,1.73,0.8781,20,1.71,0.868,60,1.71,0.868,1,1.72,0.873,983,0
SPY190802P299,2019-08-01,2019-08-01 09:38:36.000,1.73,0.8781,6,1.71,0.868,52,1.71,0.868,1,1.72,0.873,983,0
SPY190802P299,2019-08-01,2019-08-01 09:38:37.000,1.74,0.8832,20,1.73,0.8781,18,1.71,0.868,1,1.735,0.8807,983,0
SPY190802P299,2019-08-01,2019-08-01 09:38:37.000,1.75,0.8883,14,1.73,0.8781,62,1.71,0.868,1,1.74,0.8832,983,0
SPY190802P299,2019-08-01,2019-08-01 09:38:38.000,1.74,0.8832,14,1.73,0.8781,56,1.71,0.868,1,1.735,0.8807,983,0
SPY190802P299,2019-08-01,2019-08-01 09:38:39.000,1.74,0.8832,6,1.73,0.8781,54,1.71,0.868,1,1.735,0.8807,983,0
SPY190802P299,2019-08-01,2019-08-01 09:38:39.000,1.75,0.8883,17,1.73,0.8781,54,1.71,0.868,1,1.74,0.8832,983,0
SPY190802P299,2019-08-01,2019-08-01 09:38:40.000,1.75,0.8883,19,1.73,0.8781,62,1.71,0.868,1,1.74,0.8832,983,0
SPY190802P299,2019-08-01,2019-08-01 09:38:40.000,1.76,0.8934,13,1.74,0.8832,54,1.71,0.868,1,1.75,0.8883,983,0
SPY190802P299,2019-08-01,2019-08-01 09:38:41.000,1.75,0.8883,19,1.74,0.8832,29,1.71,0.868,1,1.745,0.8857,983,0
SPY190802P299,2019-08-01,2019-08-01 09:38:41.000,1.76,0.8934,19,1.74,0.8832,59,1.71,0.868,1,1.75,0.8883,983,0
SPY190802P299,2019-08-01,2019-08-01 09:38:42.000,1.76,0.8934,18,1.74,0.8832,71,1.71,0.868,1,1.75,0.8883,983,0
SPY190802P299,2019-08-01,2019-08-01 09:38:43.000,1.74,0.8832,10,1.72,0.873,57,1.71,0.868,1,1.73,0.8781,983,0
SPY190802P299,2019-08-01,2019-08-01 09:38:43.000,1.76,0.8934,18,1.72,0.873,105,1.71,0.868,1,1.74,0.8832,983,0
SPY190802P299,2019-08-01,2019-08-01 09:38:44.000,1.75,0.8883,31,1.72,0.873,68,1.71,0.868,1,1.735,0.8807,983,0
SPY190802P299,2019-08-01,2019-08-01 09:38:44.000,1.75,0.8883,31,1.73,0.8781,18,1.71,0.868,1,1.74,0.8832,983,0
SPY190802P299,2019-08-01,2019-08-01 09:38:45.000,1.73,0.8781,16,1.71,0.868,20,1.71,0.868,1,1.72,0.873,983,0
SPY190802P299,2019-08-01,2019-08-01 09:38:45.000,1.72,0.873,3,1.71,0.868,14,1.71,0.868,1,1.715,0.8705,983,0
SPY190802P299,2019-08-01,2019-08-01 09:38:46.000,1.73,0.8781,14,1.71,0.868,64,1.71,0.868,1,1.72,0.873,983,0
SPY190802P299,2019-08-01,2019-08-01 09:38:47.000,1.73,0.8781,6,1.71,0.868,50,1.71,0.868,1,1.72,0.873,983,0
SPY190802P299,2019-08-01,2019-08-01 09:38:47.000,1.72,0.873,14,1.71,0.868,64,1.71,0.868,1,1.715,0.8705,983,0
SPY190802P299,2019-08-01,2019-08-01 09:38:48.000,1.72,0.873,2,1.71,0.868,58,1.71,0.868,1,1.715,0.8705,983,0
SPY190802P299,2019-08-01,2019-08-01 09:38:48.000,1.73,0.8781,6,1.71,0.868,50,1.71,0.868,1,1.72,0.873,983,0
SPY190802P299,2019-08-01,2019-08-01 09:38:49.000,1.73,0.8781,6,1.71,0.868,50,1.71,0.868,1,1.72,0.873,983,0
SPY190802P299,2019-08-01,2019-08-01 09:38:50.000,1.74,0.8832,23,1.71,0.868,50,1.71,0.868,1,1.725,0.8756,983,0
SPY190802P299,2019-08-01,2019-08-01 09:38:50.000,1.73,0.8781,28,1.71,0.868,50,1.71,0.868,1,1.72,0.873,983,0
SPY190802P299,2019-08-01,2019-08-01 09:38:51.000,1.73,0.8781,18,1.71,0.868,46,1.71,0.868,1,1.72,0.873,983,0
SPY190802P299,2019-08-01,2019-08-01 09:38:52.000,1.72,0.873,4,1.71,0.868,44,1.71,0.868,1,1.715,0.8705,983,0
SPY190802P299,2019-08-01,2019-08-01 09:38:52.000,1.73,0.8781,26,1.70,0.8629,125,1.71,0.868,1,1.715,0.8705,983,0
SPY190802P299,2019-08-01,2019-08-01 09:38:53.000,1.72,0.873,20,1.70,0.8629,39,1.71,0.868,1,1.71,0.868,983,0
SPY190802P299,2019-08-01,2019-08-01 09:38:54.000,1.69,0.8578,6,1.68,0.8527,45,1.71,0.868,1,1.685,0.8553,983,0
SPY190802P299,2019-08-01,2019-08-01 09:38:54.000,1.71,0.868,19,1.70,0.8629,39,1.71,0.868,1,1.705,0.8654,983,0
SPY190802P299,2019-08-01,2019-08-01 09:38:55.000,1.72,0.873,76,1.69,0.8578,70,1.71,0.868,1,1.705,0.8654,983,0
SPY190802P299,2019-08-01,2019-08-01 09:38:55.000,1.70,0.8629,30,1.68,0.8527,48,1.71,0.868,1,1.69,0.8578,983,0
SPY190802P299,2019-08-01,2019-08-01 09:38:56.000,1.70,0.8629,50,1.68,0.8527,67,1.71,0.868,1,1.69,0.8578,983,0
SPY190802P299,2019-08-01,2019-08-01 09:38:57.000,1.69,0.8578,47,1.67,0.8477,18,1.71,0.868,1,1.68,0.8527,983,0
SPY190802P299,2019-08-01,2019-08-01 09:38:57.000,1.71,0.868,31,1.67,0.8477,18,1.71,0.868,1,1.69,0.8578,983,0
SPY190802P299,2019-08-01,2019-08-01 09:38:58.000,1.70,0.8629,19,1.68,0.8527,48,1.71,0.868,1,1.69,0.8578,983,0
SPY190802P299,2019-08-01,2019-08-01 09:38:58.000,1.70,0.8629,53,1.68,0.8527,82,1.71,0.868,1,1.69,0.8578,983,0
SPY190802P299,2019-08-01,2019-08-01 09:38:59.000,1.69,0.8578,31,1.67,0.8477,18,1.71,0.868,1,1.68,0.8527,983,0
SPY190802P299,2019-08-01,2019-08-01 09:39:00.000,1.67,0.8477,42,1.65,0.8375,51,1.71,0.868,1,1.66,0.8426,983,0
SPY190802P299,2019-08-01,2019-08-01 09:39:00.000,1.68,0.8527,30,1.66,0.8426,47,1.71,0.868,1,1.67,0.8477,983,0
SPY190802P299,2019-08-01,2019-08-01 09:39:01.000,1.67,0.8477,43,1.65,0.8375,15,1.71,0.868,1,1.66,0.8426,983,0
SPY190802P299,2019-08-01,2019-08-01 09:39:01.000,1.65,0.8375,19,1.63,0.8274,125,1.71,0.868,1,1.64,0.8324,983,0
SPY190802P299,2019-08-01,2019-08-01 09:39:02.000,1.65,0.8375,20,1.63,0.8274,48,1.71,0.868,1,1.64,0.8324,983,0
SPY190802P299,2019-08-01,2019-08-01 09:39:03.000,1.65,0.8375,41,1.63,0.8274,74,1.71,0.868,1,1.64,0.8324,983,0
SPY190802P299,2019-08-01,2019-08-01 09:39:03.000,1.64,0.8324,6,1.61,0.8172,118,1.61,0.8172,5,1.625,0.8248,993,10
SPY190802P299,2019-08-01,2019-08-01 09:39:04.000,1.62,0.8223,22,1.60,0.8121,89,1.61,0.8172,5,1.61,0.8172,993,0
SPY190802P299,2019-08-01,2019-08-01 09:39:04.000,1.63,0.8274,40,1.61,0.8172,112,1.61,0.8172,5,1.62,0.8223,993,0
SPY190802P299,2019-08-01,2019-08-01 09:39:05.000,1.61,0.8172,8,1.58,0.802,102,1.61,0.8172,5,1.595,0.8096,993,0
SPY190802P299,2019-08-01,2019-08-01 09:39:05.000,1.60,0.8121,16,1.58,0.802,138,1.61,0.8172,5,1.59,0.8071,993,0
SPY190802P299,2019-08-01,2019-08-01 09:39:06.000,1.60,0.8121,14,1.58,0.802,93,1.61,0.8172,5,1.59,0.8071,993,0
SPY190802P299,2019-08-01,2019-08-01 09:39:07.000,1.58,0.802,2,1.57,0.7969,62,1.61,0.8172,5,1.575,0.7994,993,0
SPY190802P299,2019-08-01,2019-08-01 09:39:07.000,1.59,0.8071,26,1.57,0.7969,56,1.61,0.8172,5,1.58,0.802,993,0
SPY190802P299,2019-08-01,2019-08-01 09:39:08.000,1.57,0.7969,6,1.57,0.7969,58,1.57,0.7969,15,1.57,0.7969,1033,40
SPY190802P299,2019-08-01,2019-08-01 09:39:08.000,1.59,0.8071,12,1.57,0.7969,49,1.61,0.8172,5,1.58,0.802,993,0
SPY190802P299,2019-08-01,2019-08-01 09:39:09.000,1.57,0.7969,2,1.55,0.7868,30,1.57,0.7969,15,1.56,0.7918,1033,0
SPY190802P299,2019-08-01,2019-08-01 09:39:09.000,1.58,0.802,21,1.56,0.7918,58,1.57,0.7969,15,1.57,0.7969,1033,0
SPY190802P299,2019-08-01,2019-08-01 09:39:10.000,1.57,0.7969,14,1.55,0.7868,92,1.57,0.7969,15,1.56,0.7918,1033,0
SPY190802P299,2019-08-01,2019-08-01 09:39:10.000,1.57,0.7969,2,1.56,0.7918,25,1.57,0.7969,15,1.565,0.7944,1033,0
SPY190802P299,2019-08-01,2019-08-01 09:39:11.000,1.57,0.7969,14,1.56,0.7918,18,1.57,0.7969,15,1.565,0.7944,1033,0
SPY190802P299,2019-08-01,2019-08-01 09:39:12.000,1.59,0.8071,12,1.56,0.7918,119,1.58,0.802,1,1.575,0.7994,1043,0
SPY190802P299,2019-08-01,2019-08-01 09:39:12.000,1.59,0.8071,50,1.56,0.7918,18,1.58,0.802,1,1.575,0.7994,1043,10
SPY190802P299,2019-08-01,2019-08-01 09:39:13.000,1.57,0.7969,14,1.56,0.7918,51,1.58,0.802,1,1.565,0.7944,1043,0
SPY190802P299,2019-08-01,2019-08-01 09:39:13.000,1.57,0.7969,14,1.56,0.7918,46,1.58,0.802,1,1.565,0.7944,1043,0
SPY190802P299,2019-08-01,2019-08-01 09:39:14.000,1.57,0.7969,10,1.56,0.7918,52,1.58,0.802,1,1.565,0.7944,1043,0
SPY190802P299,2019-08-01,2019-08-01 09:39:14.000,1.57,0.7969,26,1.56,0.7918,18,1.58,0.802,1,1.565,0.7944,1043,0
SPY190802P299,2019-08-01,2019-08-01 09:39:15.000,1.57,0.7969,10,1.56,0.7918,18,1.58,0.802,1,1.565,0.7944,1043,0
SPY190802P299,2019-08-01,2019-08-01 09:39:15.000,1.57,0.7969,2,1.55,0.7868,142,1.58,0.802,1,1.56,0.7918,1043,0
SPY190802P299,2019-08-01,2019-08-01 09:39:16.000,1.58,0.802,10,1.56,0.7918,18,1.58,0.802,1,1.57,0.7969,1043,0
SPY190802P299,2019-08-01,2019-08-01 09:39:17.000,1.57,0.7969,10,1.56,0.7918,23,1.58,0.802,1,1.565,0.7944,1043,0
SPY190802P299,2019-08-01,2019-08-01 09:39:17.000,1.57,0.7969,23,1.56,0.7918,18,1.58,0.802,1,1.565,0.7944,1043,0
SPY190802P299,2019-08-01,2019-08-01 09:39:18.000,1.59,0.8071,127,1.56,0.7918,140,1.58,0.802,1,1.575,0.7994,1043,0
SPY190802P299,2019-08-01,2019-08-01 09:39:18.000,1.57,0.7969,1,1.54,0.7817,18,1.58,0.802,1,1.555,0.7893,1043,0
SPY190802P299,2019-08-01,2019-08-01 09:39:19.000,1.59,0.8071,127,1.56,0.7918,140,1.57,0.7969,1,1.575,0.7994,1044,1
SPY190802P299,2019-08-01,2019-08-01 09:39:19.000,1.60,0.8121,10,1.58,0.802,118,1.57,0.7969,1,1.59,0.8071,1044,0
SPY190802P299,2019-08-01,2019-08-01 09:39:20.000,1.61,0.8172,19,1.59,0.8071,90,1.57,0.7969,1,1.60,0.8121,1044,0
SPY190802P299,2019-08-01,2019-08-01 09:39:20.000,1.61,0.8172,13,1.59,0.8071,100,1.57,0.7969,1,1.60,0.8121,1044,0
SPY190802P299,2019-08-01,2019-08-01 09:39:21.000,1.60,0.8121,6,1.59,0.8071,9,1.57,0.7969,1,1.595,0.8096,1044,0
SPY190802P299,2019-08-01,2019-08-01 09:39:22.000,1.61,0.8172,16,1.59,0.8071,9,1.60,0.8121,1,1.60,0.8121,1045,1
SPY190802P299,2019-08-01,2019-08-01 09:39:22.000,1.61,0.8172,39,1.59,0.8071,57,1.60,0.8121,1,1.60,0.8121,1045,0
SPY190802P299,2019-08-01,2019-08-01 09:39:23.000,1.61,0.8172,1,1.60,0.8121,9,1.60,0.8121,1,1.605,0.8147,1045,0
SPY190802P299,2019-08-01,2019-08-01 09:39:23.000,1.62,0.8223,139,1.59,0.8071,119,1.60,0.8121,1,1.605,0.8147,1045,0
SPY190802P299,2019-08-01,2019-08-01 09:39:24.000,1.60,0.8121,8,1.59,0.8071,66,1.60,0.8121,1,1.595,0.8096,1045,0
SPY190802P299,2019-08-01,2019-08-01 09:39:25.000,1.59,0.8071,6,1.58,0.802,9,1.60,0.8121,1,1.585,0.8045,1045,0
SPY190802P299,2019-08-01,2019-08-01 09:39:25.000,1.59,0.8071,6,1.57,0.7969,44,1.60,0.8121,1,1.58,0.802,1045,0
SPY190802P299,2019-08-01,2019-08-01 09:39:26.000,1.59,0.8071,7,1.56,0.7918,138,1.59,0.8071,10,1.575,0.7994,1055,0
SPY190802P299,2019-08-01,2019-08-01 09:39:26.000,1.60,0.8121,8,1.58,0.802,18,1.59,0.8071,10,1.59,0.8071,1055,10
SPY190802P299,2019-08-01,2019-08-01 09:39:27.000,1.58,0.802,7,1.56,0.7918,131,1.59,0.8071,10,1.57,0.7969,1055,0
SPY190802P299,2019-08-01,2019-08-01 09:39:27.000,1.58,0.802,20,1.55,0.7868,137,1.59,0.8071,10,1.565,0.7944,1055,0
SPY190802P299,2019-08-01,2019-08-01 09:39:28.000,1.56,0.7918,6,1.55,0.7868,168,1.59,0.8071,10,1.555,0.7893,1055,0
SPY190802P299,2019-08-01,2019-08-01 09:39:28.000,1.56,0.7918,2,1.55,0.7868,40,1.59,0.8071,10,1.555,0.7893,1055,0
SPY190802P299,2019-08-01,2019-08-01 09:39:29.000,1.57,0.7969,8,1.56,0.7918,25,1.56,0.7918,1,1.565,0.7944,1056,1
SPY190802P299,2019-08-01,2019-08-01 09:39:30.000,1.58,0.802,37,1.56,0.7918,25,1.56,0.7918,1,1.57,0.7969,1056,0
SPY190802P299,2019-08-01,2019-08-01 09:39:30.000,1.57,0.7969,6,1.57,0.7969,23,1.56,0.7918,1,1.57,0.7969,1056,0
SPY190802P299,2019-08-01,2019-08-01 09:39:31.000,1.59,0.8071,6,1.57,0.7969,64,1.56,0.7918,1,1.58,0.802,1056,0
SPY190802P299,2019-08-01,2019-08-01 09:39:31.000,1.59,0.8071,17,1.57,0.7969,23,1.56,0.7918,1,1.58,0.802,1056,0
SPY190802P299,2019-08-01,2019-08-01 09:39:32.000,1.60,0.8121,14,1.58,0.802,30,1.56,0.7918,1,1.59,0.8071,1056,0
SPY190802P299,2019-08-01,2019-08-01 09:39:32.000,1.61,0.8172,126,1.58,0.802,6,1.56,0.7918,1,1.595,0.8096,1056,0
SPY190802P299,2019-08-01,2019-08-01 09:39:33.000,1.60,0.8121,21,1.58,0.802,111,1.56,0.7918,1,1.59,0.8071,1056,0
SPY190802P299,2019-08-01,2019-08-01 09:39:34.000,1.59,0.8071,17,1.58,0.802,58,1.56,0.7918,1,1.585,0.8045,1056,0
SPY190802P299,2019-08-01,2019-08-01 09:39:35.000,1.59,0.8071,20,1.58,0.802,24,1.56,0.7918,1,1.585,0.8045,1056,0
SPY190802P299,2019-08-01,2019-08-01 09:39:35.000,1.59,0.8071,57,1.57,0.7969,9,1.56,0.7918,1,1.58,0.802,1056,0
SPY190802P299,2019-08-01,2019-08-01 09:39:36.000,1.59,0.8071,10,1.58,0.802,18,1.59,0.8071,40,1.585,0.8045,1096,0
SPY190802P299,2019-08-01,2019-08-01 09:39:36.000,1.59,0.8071,10,1.58,0.802,25,1.59,0.8071,40,1.585,0.8045,1096,40
SPY190802P299,2019-08-01,2019-08-01 09:39:37.000,1.59,0.8071,10,1.58,0.802,19,1.59,0.8071,40,1.585,0.8045,1096,0
SPY190802P299,2019-08-01,2019-08-01 09:39:38.000,1.59,0.8071,10,1.58,0.802,18,1.59,0.8071,40,1.585,0.8045,1096,0
SPY190802P299,2019-08-01,2019-08-01 09:39:38.000,1.59,0.8071,6,1.58,0.802,18,1.59,0.8071,40,1.585,0.8045,1096,0
SPY190802P299,2019-08-01,2019-08-01 09:39:39.000,1.60,0.8121,19,1.58,0.802,129,1.59,0.8071,40,1.59,0.8071,1096,0
SPY190802P299,2019-08-01,2019-08-01 09:39:39.000,1.60,0.8121,19,1.58,0.802,25,1.59,0.8071,40,1.59,0.8071,1096,0
SPY190802P299,2019-08-01,2019-08-01 09:39:40.000,1.60,0.8121,27,1.58,0.802,129,1.59,0.8071,40,1.59,0.8071,1096,0
SPY190802P299,2019-08-01,2019-08-01 09:39:41.000,1.60,0.8121,8,1.59,0.8071,25,1.59,0.8071,40,1.595,0.8096,1096,0
SPY190802P299,2019-08-01,2019-08-01 09:39:41.000,1.60,0.8121,14,1.59,0.8071,19,1.59,0.8071,40,1.595,0.8096,1096,0
SPY190802P299,2019-08-01,2019-08-01 09:39:42.000,1.60,0.8121,2,1.59,0.8071,106,1.59,0.8071,40,1.595,0.8096,1096,0
SPY190802P299,2019-08-01,2019-08-01 09:39:42.000,1.60,0.8121,2,1.59,0.8071,85,1.59,0.8071,40,1.595,0.8096,1096,0
SPY190802P299,2019-08-01,2019-08-01 09:39:43.000,1.60,0.8121,30,1.59,0.8071,18,1.59,0.8071,40,1.595,0.8096,1096,0
SPY190802P299,2019-08-01,2019-08-01 09:39:43.000,1.60,0.8121,39,1.59,0.8071,18,1.59,0.8071,40,1.595,0.8096,1096,0
SPY190802P299,2019-08-01,2019-08-01 09:39:44.000,1.60,0.8121,6,1.58,0.802,97,1.59,0.8071,40,1.59,0.8071,1096,0
SPY190802P299,2019-08-01,2019-08-01 09:39:44.000,1.59,0.8071,10,1.59,0.8071,18,1.59,0.8071,40,1.59,0.8071,1096,0
SPY190802P299,2019-08-01,2019-08-01 09:39:45.000,1.59,0.8071,6,1.58,0.802,111,1.59,0.8071,40,1.585,0.8045,1096,0
SPY190802P299,2019-08-01,2019-08-01 09:39:46.000,1.59,0.8071,8,1.58,0.802,43,1.59,0.8071,40,1.585,0.8045,1096,0
SPY190802P299,2019-08-01,2019-08-01 09:39:46.000,1.60,0.8121,14,1.59,0.8071,25,1.59,0.8071,40,1.595,0.8096,1096,0
SPY190802P299,2019-08-01,2019-08-01 09:39:47.000,1.59,0.8071,8,1.58,0.802,22,1.59,0.8071,6,1.585,0.8045,1102,6
SPY190802P299,2019-08-01,2019-08-01 09:39:47.000,1.59,0.8071,8,1.58,0.802,43,1.59,0.8071,40,1.585,0.8045,1096,0
SPY190802P299,2019-08-01,2019-08-01 09:39:48.000,1.59,0.8071,8,1.59,0.8071,18,1.59,0.8071,6,1.59,0.8071,1102,0
SPY190802P299,2019-08-01,2019-08-01 09:39:49.000,1.61,0.8172,21,1.59,0.8071,67,1.59,0.8071,6,1.60,0.8121,1102,0
SPY190802P299,2019-08-01,2019-08-01 09:39:49.000,1.61,0.8172,54,1.59,0.8071,25,1.59,0.8071,6,1.60,0.8121,1102,0
SPY190802P299,2019-08-01,2019-08-01 09:39:50.000,1.61,0.8172,54,1.59,0.8071,93,1.59,0.8071,6,1.60,0.8121,1102,0
SPY190802P299,2019-08-01,2019-08-01 09:39:50.000,1.62,0.8223,19,1.60,0.8121,63,1.59,0.8071,6,1.61,0.8172,1102,0
SPY190802P299,2019-08-01,2019-08-01 09:39:51.000,1.62,0.8223,22,1.60,0.8121,122,1.59,0.8071,6,1.61,0.8172,1102,0
SPY190802P299,2019-08-01,2019-08-01 09:39:52.000,1.63,0.8274,6,1.62,0.8223,9,1.62,0.8223,2,1.625,0.8248,1104,2
SPY190802P299,2019-08-01,2019-08-01 09:39:52.000,1.63,0.8274,10,1.62,0.8223,77,1.62,0.8223,2,1.625,0.8248,1104,0
SPY190802P299,2019-08-01,2019-08-01 09:39:53.000,1.64,0.8324,19,1.62,0.8223,97,1.62,0.8223,2,1.63,0.8274,1104,0
SPY190802P299,2019-08-01,2019-08-01 09:39:53.000,1.63,0.8274,6,1.62,0.8223,97,1.62,0.8223,2,1.625,0.8248,1104,0
SPY190802P299,2019-08-01,2019-08-01 09:39:54.000,1.63,0.8274,6,1.62,0.8223,105,1.62,0.8223,2,1.625,0.8248,1104,0
SPY190802P299,2019-08-01,2019-08-01 09:39:54.000,1.64,0.8324,44,1.62,0.8223,105,1.62,0.8223,2,1.63,0.8274,1104,0
SPY190802P299,2019-08-01,2019-08-01 09:39:55.000,1.64,0.8324,11,1.63,0.8274,18,1.63,0.8274,1,1.635,0.8299,1111,7
