symbol,Date,quote_time,ask_price,norm_ask_price,ask_size,bid_price,norm_bid_price,bid_size,last_trade_price,norm_last_trade_price,last_trade_size,mark_price,norm_mark_price,volume,Volume
SPY190712C299,2019-07-10,2019-07-10 00:45:18,0.56,1.0,370,0.54,0.9642,35,0.48,0.8571,5,0.55,0.9821,0,0
SPY190712C299,2019-07-10,2019-07-10 00:45:22,0.56,1.0,370,0.54,0.9642,35,0.48,0.8571,5,0.55,0.9821,0,0
SPY190712C299,2019-07-10,2019-07-10 00:45:26,0.56,1.0,370,0.54,0.9642,35,0.48,0.8571,5,0.55,0.9821,0,0
SPY190712C299,2019-07-10,2019-07-10 00:45:35,0.56,1.0,370,0.54,0.9642,35,0.48,0.8571,5,0.55,0.9821,0,0
SPY190712C299,2019-07-10,2019-07-10 00:45:37,0.56,1.0,370,0.54,0.9642,35,0.48,0.8571,5,0.55,0.9821,0,0
SPY190712C299,2019-07-10,2019-07-10 00:45:40,0.56,1.0,370,0.54,0.9642,35,0.48,0.8571,5,0.55,0.9821,0,0
SPY190712C299,2019-07-10,2019-07-10 00:45:43,0.56,1.0,370,0.54,0.9642,35,0.48,0.8571,5,0.55,0.9821,0,0
SPY190712C299,2019-07-10,2019-07-10 00:45:47,0.56,1.0,370,0.54,0.9642,35,0.48,0.8571,5,0.55,0.9821,0,0
SPY190712C299,2019-07-10,2019-07-10 00:45:50,0.56,1.0,370,0.54,0.9642,35,0.48,0.8571,5,0.55,0.9821,0,0
SPY190712C299,2019-07-10,2019-07-10 00:45:53,0.56,1.0,370,0.54,0.9642,35,0.48,0.8571,5,0.55,0.9821,0,0
SPY190712C299,2019-07-10,2019-07-10 00:45:56,0.56,1.0,370,0.54,0.9642,35,0.48,0.8571,5,0.55,0.9821,0,0
SPY190712C299,2019-07-10,2019-07-10 00:46:02,0.56,1.0,370,0.54,0.9642,35,0.48,0.8571,5,0.55,0.9821,0,0
SPY190712C299,2019-07-10,2019-07-10 00:46:05,0.56,1.0,370,0.54,0.9642,35,0.48,0.8571,5,0.55,0.9821,0,0
SPY190712C299,2019-07-10,2019-07-10 00:46:11,0.56,1.0,370,0.54,0.9642,35,0.48,0.8571,5,0.55,0.9821,0,0
SPY190712C299,2019-07-10,2019-07-10 00:46:15,0.56,1.0,370,0.54,0.9642,35,0.48,0.8571,5,0.55,0.9821,0,0
SPY190712C299,2019-07-10,2019-07-10 00:46:18,0.56,1.0,370,0.54,0.9642,35,0.48,0.8571,5,0.55,0.9821,0,0
SPY190712C299,2019-07-10,2019-07-10 00:46:25,0.56,1.0,370,0.54,0.9642,35,0.48,0.8571,5,0.55,0.9821,0,0
SPY190712C299,2019-07-10,2019-07-10 00:46:28,0.56,1.0,370,0.54,0.9642,35,0.48,0.8571,5,0.55,0.9821,0,0
SPY190712C299,2019-07-10,2019-07-10 00:46:32,0.56,1.0,370,0.54,0.9642,35,0.48,0.8571,5,0.55,0.9821,0,0
SPY190712C299,2019-07-10,2019-07-10 00:46:35,0.56,1.0,370,0.54,0.9642,35,0.48,0.8571,5,0.55,0.9821,0,0
SPY190712C299,2019-07-10,2019-07-10 00:46:38,0.56,1.0,370,0.54,0.9642,35,0.48,0.8571,5,0.55,0.9821,0,0
SPY190712C299,2019-07-10,2019-07-10 00:46:44,0.56,1.0,370,0.54,0.9642,35,0.48,0.8571,5,0.55,0.9821,0,0
SPY190712C299,2019-07-10,2019-07-10 00:46:46,0.56,1.0,370,0.54,0.9642,35,0.48,0.8571,5,0.55,0.9821,0,0
SPY190712C299,2019-07-10,2019-07-10 00:46:49,0.56,1.0,370,0.54,0.9642,35,0.48,0.8571,5,0.55,0.9821,0,0
SPY190712C299,2019-07-10,2019-07-10 00:46:52,0.56,1.0,370,0.54,0.9642,35,0.48,0.8571,5,0.55,0.9821,0,0
SPY190712C299,2019-07-10,2019-07-10 00:46:55,0.56,1.0,370,0.54,0.9642,35,0.48,0.8571,5,0.55,0.9821,0,0
SPY190712C299,2019-07-10,2019-07-10 00:47:02,0.56,1.0,370,0.54,0.9642,35,0.48,0.8571,5,0.55,0.9821,0,0
SPY190712C299,2019-07-10,2019-07-10 00:47:05,0.56,1.0,370,0.54,0.9642,35,0.48,0.8571,5,0.55,0.9821,0,0
SPY190712C299,2019-07-10,2019-07-10 00:47:08,0.56,1.0,370,0.54,0.9642,35,0.48,0.8571,5,0.55,0.9821,0,0
SPY190712C299,2019-07-10,2019-07-10 00:47:11,0.56,1.0,370,0.54,0.9642,35,0.48,0.8571,5,0.55,0.9821,0,0
SPY190712C299,2019-07-10,2019-07-10 00:47:14,0.56,1.0,370,0.54,0.9642,35,0.48,0.8571,5,0.55,0.9821,0,0
SPY190712C299,2019-07-10,2019-07-10 00:47:17,0.56,1.0,370,0.54,0.9642,35,0.48,0.8571,5,0.55,0.9821,0,0
SPY190712C299,2019-07-10,2019-07-10 00:47:20,0.56,1.0,370,0.54,0.9642,35,0.48,0.8571,5,0.55,0.9821,0,0
SPY190712C299,2019-07-10,2019-07-10 00:47:23,0.56,1.0,370,0.54,0.9642,35,0.48,0.8571,5,0.55,0.9821,0,0
SPY190712C299,2019-07-10,2019-07-10 00:47:27,0.56,1.0,370,0.54,0.9642,35,0.48,0.8571,5,0.55,0.9821,0,0
SPY190712C299,2019-07-10,2019-07-10 00:47:30,0.56,1.0,370,0.54,0.9642,35,0.48,0.8571,5,0.55,0.9821,0,0
SPY190712C299,2019-07-10,2019-07-10 00:47:34,0.56,1.0,370,0.54,0.9642,35,0.48,0.8571,5,0.55,0.9821,0,0
SPY190712C299,2019-07-10,2019-07-10 00:47:37,0.56,1.0,370,0.54,0.9642,35,0.48,0.8571,5,0.55,0.9821,0,0
SPY190712C299,2019-07-10,2019-07-10 00:47:44,0.56,1.0,370,0.54,0.9642,35,0.48,0.8571,5,0.55,0.9821,0,0
SPY190712C299,2019-07-10,2019-07-10 00:47:47,0.56,1.0,370,0.54,0.9642,35,0.48,0.8571,5,0.55,0.9821,0,0
SPY190712C299,2019-07-10,2019-07-10 00:47:50,0.56,1.0,370,0.54,0.9642,35,0.48,0.8571,5,0.55,0.9821,0,0
SPY190712C299,2019-07-10,2019-07-10 00:47:53,0.56,1.0,370,0.54,0.9642,35,0.48,0.8571,5,0.55,0.9821,0,0
SPY190712C299,2019-07-10,2019-07-10 00:47:56,0.56,1.0,370,0.54,0.9642,35,0.48,0.8571,5,0.55,0.9821,0,0
SPY190712C299,2019-07-10,2019-07-10 00:48:00,0.56,1.0,370,0.54,0.9642,35,0.48,0.8571,5,0.55,0.9821,0,0
SPY190712C299,2019-07-10,2019-07-10 00:48:05,0.56,1.0,370,0.54,0.9642,35,0.48,0.8571,5,0.55,0.9821,0,0
SPY190712C299,2019-07-10,2019-07-10 00:48:08,0.56,1.0,370,0.54,0.9642,35,0.48,0.8571,5,0.55,0.9821,0,0
SPY190712C299,2019-07-10,2019-07-10 00:48:11,0.56,1.0,370,0.54,0.9642,35,0.48,0.8571,5,0.55,0.9821,0,0
SPY190712C299,2019-07-10,2019-07-10 00:48:14,0.56,1.0,370,0.54,0.9642,35,0.48,0.8571,5,0.55,0.9821,0,0
SPY190712C299,2019-07-10,2019-07-10 00:48:19,0.56,1.0,370,0.54,0.9642,35,0.48,0.8571,5,0.55,0.9821,0,0
SPY190712C299,2019-07-10,2019-07-10 00:48:26,0.56,1.0,370,0.54,0.9642,35,0.48,0.8571,5,0.55,0.9821,0,0
SPY190712C299,2019-07-10,2019-07-10 00:48:30,0.56,1.0,370,0.54,0.9642,35,0.48,0.8571,5,0.55,0.9821,0,0
SPY190712C299,2019-07-10,2019-07-10 00:48:35,0.56,1.0,370,0.54,0.9642,35,0.48,0.8571,5,0.55,0.9821,0,0
SPY190712C299,2019-07-10,2019-07-10 00:48:40,0.56,1.0,370,0.54,0.9642,35,0.48,0.8571,5,0.55,0.9821,0,0
SPY190712C299,2019-07-10,2019-07-10 00:48:45,0.56,1.0,370,0.54,0.9642,35,0.48,0.8571,5,0.55,0.9821,0,0
SPY190712C299,2019-07-10,2019-07-10 00:48:54,0.56,1.0,370,0.54,0.9642,35,0.48,0.8571,5,0.55,0.9821,0,0
SPY190712C299,2019-07-10,2019-07-10 00:48:57,0.56,1.0,370,0.54,0.9642,35,0.48,0.8571,5,0.55,0.9821,0,0
SPY190712C299,2019-07-10,2019-07-10 00:49:06,0.56,1.0,370,0.54,0.9642,35,0.48,0.8571,5,0.55,0.9821,0,0
SPY190712C299,2019-07-10,2019-07-10 00:49:16,0.56,1.0,370,0.54,0.9642,35,0.48,0.8571,5,0.55,0.9821,0,0
SPY190712C299,2019-07-10,2019-07-10 00:49:21,0.56,1.0,370,0.54,0.9642,35,0.48,0.8571,5,0.55,0.9821,0,0
SPY190712C299,2019-07-10,2019-07-10 00:49:26,0.56,1.0,370,0.54,0.9642,35,0.48,0.8571,5,0.55,0.9821,0,0
SPY190712C299,2019-07-10,2019-07-10 00:49:35,0.56,1.0,370,0.54,0.9642,35,0.48,0.8571,5,0.55,0.9821,0,0
SPY190712C299,2019-07-10,2019-07-10 00:49:44,0.56,1.0,370,0.54,0.9642,35,0.48,0.8571,5,0.55,0.9821,0,0
SPY190712C299,2019-07-10,2019-07-10 00:49:50,0.56,1.0,370,0.54,0.9642,35,0.48,0.8571,5,0.55,0.9821,0,0
SPY190712C299,2019-07-10,2019-07-10 00:49:56,0.56,1.0,370,0.54,0.9642,35,0.48,0.8571,5,0.55,0.9821,0,0
SPY190712C299,2019-07-10,2019-07-10 00:50:02,0.56,1.0,370,0.54,0.9642,35,0.48,0.8571,5,0.55,0.9821,0,0
SPY190712C299,2019-07-10,2019-07-10 00:50:08,0.56,1.0,370,0.54,0.9642,35,0.48,0.8571,5,0.55,0.9821,0,0
SPY190712C299,2019-07-10,2019-07-10 00:50:12,0.56,1.0,370,0.54,0.9642,35,0.48,0.8571,5,0.55,0.9821,0,0
SPY190712C299,2019-07-10,2019-07-10 00:50:17,0.56,1.0,370,0.54,0.9642,35,0.48,0.8571,5,0.55,0.9821,0,0
SPY190712C299,2019-07-10,2019-07-10 00:50:22,0.56,1.0,370,0.54,0.9642,35,0.48,0.8571,5,0.55,0.9821,0,0
SPY190712C299,2019-07-10,2019-07-10 00:50:28,0.56,1.0,370,0.54,0.9642,35,0.48,0.8571,5,0.55,0.9821,0,0
SPY190712C299,2019-07-10,2019-07-10 00:50:40,0.56,1.0,370,0.54,0.9642,35,0.48,0.8571,5,0.55,0.9821,0,0
SPY190712C299,2019-07-10,2019-07-10 00:50:45,0.56,1.0,370,0.54,0.9642,35,0.48,0.8571,5,0.55,0.9821,0,0
SPY190712C299,2019-07-10,2019-07-10 00:50:56,0.56,1.0,370,0.54,0.9642,35,0.48,0.8571,5,0.55,0.9821,0,0
SPY190712C299,2019-07-10,2019-07-10 00:51:02,0.56,1.0,370,0.54,0.9642,35,0.48,0.8571,5,0.55,0.9821,0,0
SPY190712C299,2019-07-10,2019-07-10 00:51:06,0.56,1.0,370,0.54,0.9642,35,0.48,0.8571,5,0.55,0.9821,0,0
SPY190712C299,2019-07-10,2019-07-10 00:51:09,0.56,1.0,370,0.54,0.9642,35,0.48,0.8571,5,0.55,0.9821,0,0
SPY190712C299,2019-07-10,2019-07-10 00:51:13,0.56,1.0,370,0.54,0.9642,35,0.48,0.8571,5,0.55,0.9821,0,0
SPY190712C299,2019-07-10,2019-07-10 00:51:15,0.56,1.0,370,0.54,0.9642,35,0.48,0.8571,5,0.55,0.9821,0,0
SPY190712C299,2019-07-10,2019-07-10 00:51:18,0.56,1.0,370,0.54,0.9642,35,0.48,0.8571,5,0.55,0.9821,0,0
SPY190712C299,2019-07-10,2019-07-10 00:51:20,0.56,1.0,370,0.54,0.9642,35,0.48,0.8571,5,0.55,0.9821,0,0
SPY190712C299,2019-07-10,2019-07-10 00:51:23,0.56,1.0,370,0.54,0.9642,35,0.48,0.8571,5,0.55,0.9821,0,0
SPY190712C299,2019-07-10,2019-07-10 00:51:25,0.56,1.0,370,0.54,0.9642,35,0.48,0.8571,5,0.55,0.9821,0,0
SPY190712C299,2019-07-10,2019-07-10 00:51:28,0.56,1.0,370,0.54,0.9642,35,0.48,0.8571,5,0.55,0.9821,0,0
SPY190712C299,2019-07-10,2019-07-10 00:51:31,0.56,1.0,370,0.54,0.9642,35,0.48,0.8571,5,0.55,0.9821,0,0
SPY190712C299,2019-07-10,2019-07-10 00:51:34,0.56,1.0,370,0.54,0.9642,35,0.48,0.8571,5,0.55,0.9821,0,0
SPY190712C299,2019-07-10,2019-07-10 00:51:37,0.56,1.0,370,0.54,0.9642,35,0.48,0.8571,5,0.55,0.9821,0,0
SPY190712C299,2019-07-10,2019-07-10 00:51:40,0.56,1.0,370,0.54,0.9642,35,0.48,0.8571,5,0.55,0.9821,0,0
SPY190712C299,2019-07-10,2019-07-10 00:51:44,0.56,1.0,370,0.54,0.9642,35,0.48,0.8571,5,0.55,0.9821,0,0
SPY190712C299,2019-07-10,2019-07-10 00:51:47,0.56,1.0,370,0.54,0.9642,35,0.48,0.8571,5,0.55,0.9821,0,0
SPY190712C299,2019-07-10,2019-07-10 00:51:57,0.56,1.0,370,0.54,0.9642,35,0.48,0.8571,5,0.55,0.9821,0,0
SPY190712C299,2019-07-10,2019-07-10 00:51:58,0.56,1.0,370,0.54,0.9642,35,0.48,0.8571,5,0.55,0.9821,0,0
SPY190712C299,2019-07-10,2019-07-10 00:52:02,0.56,1.0,370,0.54,0.9642,35,0.48,0.8571,5,0.55,0.9821,0,0
SPY190712C299,2019-07-10,2019-07-10 00:52:05,0.56,1.0,370,0.54,0.9642,35,0.48,0.8571,5,0.55,0.9821,0,0
SPY190712C299,2019-07-10,2019-07-10 00:52:09,0.56,1.0,370,0.54,0.9642,35,0.48,0.8571,5,0.55,0.9821,0,0
SPY190712C299,2019-07-10,2019-07-10 00:52:12,0.56,1.0,370,0.54,0.9642,35,0.48,0.8571,5,0.55,0.9821,0,0
SPY190712C299,2019-07-10,2019-07-10 00:52:15,0.56,1.0,370,0.54,0.9642,35,0.48,0.8571,5,0.55,0.9821,0,0
SPY190712C299,2019-07-10,2019-07-10 00:52:18,0.56,1.0,370,0.54,0.9642,35,0.48,0.8571,5,0.55,0.9821,0,0
SPY190712C299,2019-07-10,2019-07-10 00:52:21,0.56,1.0,370,0.54,0.9642,35,0.48,0.8571,5,0.55,0.9821,0,0
SPY190712C299,2019-07-10,2019-07-10 00:52:25,0.56,1.0,370,0.54,0.9642,35,0.48,0.8571,5,0.55,0.9821,0,0
SPY190712C299,2019-07-10,2019-07-10 00:52:28,0.56,1.0,370,0.54,0.9642,35,0.48,0.8571,5,0.55,0.9821,0,0
SPY190712C299,2019-07-10,2019-07-10 00:52:31,0.56,1.0,370,0.54,0.9642,35,0.48,0.8571,5,0.55,0.9821,0,0
SPY190712C299,2019-07-10,2019-07-10 00:52:34,0.56,1.0,370,0.54,0.9642,35,0.48,0.8571,5,0.55,0.9821,0,0
SPY190712C299,2019-07-10,2019-07-10 00:52:39,0.56,1.0,370,0.54,0.9642,35,0.48,0.8571,5,0.55,0.9821,0,0
SPY190712C299,2019-07-10,2019-07-10 00:52:43,0.56,1.0,370,0.54,0.9642,35,0.48,0.8571,5,0.55,0.9821,0,0
SPY190712C299,2019-07-10,2019-07-10 00:52:46,0.56,1.0,370,0.54,0.9642,35,0.48,0.8571,5,0.55,0.9821,0,0
SPY190712C299,2019-07-10,2019-07-10 00:52:49,0.56,1.0,370,0.54,0.9642,35,0.48,0.8571,5,0.55,0.9821,0,0
SPY190712C299,2019-07-10,2019-07-10 00:52:56,0.56,1.0,370,0.54,0.9642,35,0.48,0.8571,5,0.55,0.9821,0,0
SPY190712C299,2019-07-10,2019-07-10 00:53:01,0.56,1.0,370,0.54,0.9642,35,0.48,0.8571,5,0.55,0.9821,0,0
SPY190712C299,2019-07-10,2019-07-10 00:53:06,0.56,1.0,370,0.54,0.9642,35,0.48,0.8571,5,0.55,0.9821,0,0
SPY190712C299,2019-07-10,2019-07-10 00:53:11,0.56,1.0,370,0.54,0.9642,35,0.48,0.8571,5,0.55,0.9821,0,0
SPY190712C299,2019-07-10,2019-07-10 00:53:16,0.56,1.0,370,0.54,0.9642,35,0.48,0.8571,5,0.55,0.9821,0,0
SPY190712C299,2019-07-10,2019-07-10 00:53:21,0.56,1.0,370,0.54,0.9642,35,0.48,0.8571,5,0.55,0.9821,0,0
SPY190712C299,2019-07-10,2019-07-10 00:53:27,0.56,1.0,370,0.54,0.9642,35,0.48,0.8571,5,0.55,0.9821,0,0
SPY190712C299,2019-07-10,2019-07-10 00:53:32,0.56,1.0,370,0.54,0.9642,35,0.48,0.8571,5,0.55,0.9821,0,0
SPY190712C299,2019-07-10,2019-07-10 00:53:37,0.56,1.0,370,0.54,0.9642,35,0.48,0.8571,5,0.55,0.9821,0,0
SPY190712C299,2019-07-10,2019-07-10 00:53:38,0.56,1.0,370,0.54,0.9642,35,0.48,0.8571,5,0.55,0.9821,0,0
SPY190712C299,2019-07-10,2019-07-10 00:53:44,0.56,1.0,370,0.54,0.9642,35,0.48,0.8571,5,0.55,0.9821,0,0
SPY190712C299,2019-07-10,2019-07-10 00:53:49,0.56,1.0,370,0.54,0.9642,35,0.48,0.8571,5,0.55,0.9821,0,0
SPY190712C299,2019-07-10,2019-07-10 00:53:59,0.56,1.0,370,0.54,0.9642,35,0.48,0.8571,5,0.55,0.9821,0,0
SPY190712C299,2019-07-10,2019-07-10 00:54:04,0.56,1.0,370,0.54,0.9642,35,0.48,0.8571,5,0.55,0.9821,0,0
SPY190712C299,2019-07-10,2019-07-10 00:54:09,0.56,1.0,370,0.54,0.9642,35,0.48,0.8571,5,0.55,0.9821,0,0
SPY190712C299,2019-07-10,2019-07-10 00:54:15,0.56,1.0,370,0.54,0.9642,35,0.48,0.8571,5,0.55,0.9821,0,0
SPY190712C299,2019-07-10,2019-07-10 00:54:21,0.56,1.0,370,0.54,0.9642,35,0.48,0.8571,5,0.55,0.9821,0,0
SPY190712C299,2019-07-10,2019-07-10 00:54:25,0.56,1.0,370,0.54,0.9642,35,0.48,0.8571,5,0.55,0.9821,0,0
SPY190712C299,2019-07-10,2019-07-10 00:54:35,0.56,1.0,370,0.54,0.9642,35,0.48,0.8571,5,0.55,0.9821,0,0
SPY190712C299,2019-07-10,2019-07-10 00:54:41,0.56,1.0,370,0.54,0.9642,35,0.48,0.8571,5,0.55,0.9821,0,0
SPY190712C299,2019-07-10,2019-07-10 00:55:04,0.56,1.0,370,0.54,0.9642,35,0.48,0.8571,5,0.55,0.9821,0,0
SPY190712C299,2019-07-10,2019-07-10 00:55:15,0.56,1.0,370,0.54,0.9642,35,0.48,0.8571,5,0.55,0.9821,0,0
SPY190712C299,2019-07-10,2019-07-10 00:55:21,0.56,1.0,370,0.54,0.9642,35,0.48,0.8571,5,0.55,0.9821,0,0
SPY190712C299,2019-07-10,2019-07-10 00:55:26,0.56,1.0,370,0.54,0.9642,35,0.48,0.8571,5,0.55,0.9821,0,0
SPY190712C299,2019-07-10,2019-07-10 00:55:32,0.56,1.0,370,0.54,0.9642,35,0.48,0.8571,5,0.55,0.9821,0,0
SPY190712C299,2019-07-10,2019-07-10 00:55:33,0.56,1.0,370,0.54,0.9642,35,0.48,0.8571,5,0.55,0.9821,0,0
SPY190712C299,2019-07-10,2019-07-10 00:55:40,0.56,1.0,370,0.54,0.9642,35,0.48,0.8571,5,0.55,0.9821,0,0
SPY190712C299,2019-07-10,2019-07-10 00:55:47,0.56,1.0,370,0.54,0.9642,35,0.48,0.8571,5,0.55,0.9821,0,0
SPY190712C299,2019-07-10,2019-07-10 00:55:55,0.56,1.0,370,0.54,0.9642,35,0.48,0.8571,5,0.55,0.9821,0,0
SPY190712C299,2019-07-10,2019-07-10 00:55:59,0.56,1.0,370,0.54,0.9642,35,0.48,0.8571,5,0.55,0.9821,0,0
SPY190712C299,2019-07-10,2019-07-10 00:56:03,0.56,1.0,370,0.54,0.9642,35,0.48,0.8571,5,0.55,0.9821,0,0
SPY190712C299,2019-07-10,2019-07-10 00:56:07,0.56,1.0,370,0.54,0.9642,35,0.48,0.8571,5,0.55,0.9821,0,0
SPY190712C299,2019-07-10,2019-07-10 00:56:11,0.56,1.0,370,0.54,0.9642,35,0.48,0.8571,5,0.55,0.9821,0,0
SPY190712C299,2019-07-10,2019-07-10 00:56:14,0.56,1.0,370,0.54,0.9642,35,0.48,0.8571,5,0.55,0.9821,0,0
SPY190712C299,2019-07-10,2019-07-10 00:56:21,0.56,1.0,370,0.54,0.9642,35,0.48,0.8571,5,0.55,0.9821,0,0
SPY190712C299,2019-07-10,2019-07-10 00:56:24,0.56,1.0,370,0.54,0.9642,35,0.48,0.8571,5,0.55,0.9821,0,0
SPY190712C299,2019-07-10,2019-07-10 00:56:28,0.56,1.0,370,0.54,0.9642,35,0.48,0.8571,5,0.55,0.9821,0,0
SPY190712C299,2019-07-10,2019-07-10 00:56:31,0.56,1.0,370,0.54,0.9642,35,0.48,0.8571,5,0.55,0.9821,0,0
SPY190712C299,2019-07-10,2019-07-10 00:56:33,0.56,1.0,370,0.54,0.9642,35,0.48,0.8571,5,0.55,0.9821,0,0
SPY190712C299,2019-07-10,2019-07-10 00:56:36,0.56,1.0,370,0.54,0.9642,35,0.48,0.8571,5,0.55,0.9821,0,0
SPY190712C299,2019-07-10,2019-07-10 00:56:39,0.56,1.0,370,0.54,0.9642,35,0.48,0.8571,5,0.55,0.9821,0,0
SPY190712C299,2019-07-10,2019-07-10 00:56:43,0.56,1.0,370,0.54,0.9642,35,0.48,0.8571,5,0.55,0.9821,0,0
SPY190712C299,2019-07-10,2019-07-10 00:56:46,0.56,1.0,370,0.54,0.9642,35,0.48,0.8571,5,0.55,0.9821,0,0
SPY190712C299,2019-07-10,2019-07-10 00:56:49,0.56,1.0,370,0.54,0.9642,35,0.48,0.8571,5,0.55,0.9821,0,0
SPY190712C299,2019-07-10,2019-07-10 00:56:52,0.56,1.0,370,0.54,0.9642,35,0.48,0.8571,5,0.55,0.9821,0,0
SPY190712C299,2019-07-10,2019-07-10 00:56:56,0.56,1.0,370,0.54,0.9642,35,0.48,0.8571,5,0.55,0.9821,0,0
SPY190712C299,2019-07-10,2019-07-10 00:57:00,0.56,1.0,370,0.54,0.9642,35,0.48,0.8571,5,0.55,0.9821,0,0
SPY190712C299,2019-07-10,2019-07-10 00:57:03,0.56,1.0,370,0.54,0.9642,35,0.48,0.8571,5,0.55,0.9821,0,0
SPY190712C299,2019-07-10,2019-07-10 00:57:08,0.56,1.0,370,0.54,0.9642,35,0.48,0.8571,5,0.55,0.9821,0,0
SPY190712C299,2019-07-10,2019-07-10 00:57:09,0.56,1.0,370,0.54,0.9642,35,0.48,0.8571,5,0.55,0.9821,0,0
SPY190712C299,2019-07-10,2019-07-10 00:57:13,0.56,1.0,370,0.54,0.9642,35,0.48,0.8571,5,0.55,0.9821,0,0
SPY190712C299,2019-07-10,2019-07-10 00:57:16,0.56,1.0,370,0.54,0.9642,35,0.48,0.8571,5,0.55,0.9821,0,0
SPY190712C299,2019-07-10,2019-07-10 00:57:20,0.56,1.0,370,0.54,0.9642,35,0.48,0.8571,5,0.55,0.9821,0,0
SPY190712C299,2019-07-10,2019-07-10 00:57:23,0.56,1.0,370,0.54,0.9642,35,0.48,0.8571,5,0.55,0.9821,0,0
SPY190712C299,2019-07-10,2019-07-10 00:57:26,0.56,1.0,370,0.54,0.9642,35,0.48,0.8571,5,0.55,0.9821,0,0
SPY190712C299,2019-07-10,2019-07-10 00:57:29,0.56,1.0,370,0.54,0.9642,35,0.48,0.8571,5,0.55,0.9821,0,0
SPY190712C299,2019-07-10,2019-07-10 00:57:36,0.56,1.0,370,0.54,0.9642,35,0.48,0.8571,5,0.55,0.9821,0,0
SPY190712C299,2019-07-10,2019-07-10 00:57:43,0.56,1.0,370,0.54,0.9642,35,0.48,0.8571,5,0.55,0.9821,0,0
SPY190712C299,2019-07-10,2019-07-10 00:57:49,0.56,1.0,370,0.54,0.9642,35,0.48,0.8571,5,0.55,0.9821,0,0
SPY190712C299,2019-07-10,2019-07-10 00:57:58,0.56,1.0,370,0.54,0.9642,35,0.48,0.8571,5,0.55,0.9821,0,0
SPY190712C299,2019-07-10,2019-07-10 00:58:03,0.56,1.0,370,0.54,0.9642,35,0.48,0.8571,5,0.55,0.9821,0,0
SPY190712C299,2019-07-10,2019-07-10 00:58:18,0.56,1.0,370,0.54,0.9642,35,0.48,0.8571,5,0.55,0.9821,0,0
SPY190712C299,2019-07-10,2019-07-10 00:58:24,0.56,1.0,370,0.54,0.9642,35,0.48,0.8571,5,0.55,0.9821,0,0
SPY190712C299,2019-07-10,2019-07-10 00:58:25,0.56,1.0,370,0.54,0.9642,35,0.48,0.8571,5,0.55,0.9821,0,0
SPY190712C299,2019-07-10,2019-07-10 00:58:28,0.56,1.0,370,0.54,0.9642,35,0.48,0.8571,5,0.55,0.9821,0,0
SPY190712C299,2019-07-10,2019-07-10 00:58:36,0.56,1.0,370,0.54,0.9642,35,0.48,0.8571,5,0.55,0.9821,0,0
SPY190712C299,2019-07-10,2019-07-10 00:58:48,0.56,1.0,370,0.54,0.9642,35,0.48,0.8571,5,0.55,0.9821,0,0
SPY190712C299,2019-07-10,2019-07-10 00:59:03,0.56,1.0,370,0.54,0.9642,35,0.48,0.8571,5,0.55,0.9821,0,0
SPY190712C299,2019-07-10,2019-07-10 00:59:49,0.56,1.0,370,0.54,0.9642,35,0.48,0.8571,5,0.55,0.9821,0,0
SPY190712C299,2019-07-10,2019-07-10 01:00:03,0.56,1.0,370,0.54,0.9642,35,0.48,0.8571,5,0.55,0.9821,0,0
SPY190712C299,2019-07-10,2019-07-10 01:00:10,0.56,1.0,370,0.54,0.9642,35,0.48,0.8571,5,0.55,0.9821,0,0
SPY190712C299,2019-07-10,2019-07-10 01:00:21,0.56,1.0,370,0.54,0.9642,35,0.48,0.8571,5,0.55,0.9821,0,0
SPY190712C299,2019-07-10,2019-07-10 01:00:43,0.56,1.0,370,0.54,0.9642,35,0.48,0.8571,5,0.55,0.9821,0,0
SPY190712C299,2019-07-10,2019-07-10 01:01:00,0.56,1.0,370,0.54,0.9642,35,0.48,0.8571,5,0.55,0.9821,0,0
SPY190712C299,2019-07-10,2019-07-10 01:01:04,0.56,1.0,370,0.54,0.9642,35,0.48,0.8571,5,0.55,0.9821,0,0
SPY190712C299,2019-07-10,2019-07-10 01:01:05,0.56,1.0,370,0.54,0.9642,35,0.48,0.8571,5,0.55,0.9821,0,0
SPY190712C299,2019-07-10,2019-07-10 01:01:12,0.56,1.0,370,0.54,0.9642,35,0.48,0.8571,5,0.55,0.9821,0,0
SPY190712C299,2019-07-10,2019-07-10 01:01:19,0.56,1.0,370,0.54,0.9642,35,0.48,0.8571,5,0.55,0.9821,0,0
SPY190712C299,2019-07-10,2019-07-10 01:01:23,0.56,1.0,370,0.54,0.9642,35,0.48,0.8571,5,0.55,0.9821,0,0
SPY190712C299,2019-07-10,2019-07-10 01:01:25,0.56,1.0,370,0.54,0.9642,35,0.48,0.8571,5,0.55,0.9821,0,0
SPY190712C299,2019-07-10,2019-07-10 01:01:33,0.56,1.0,370,0.54,0.9642,35,0.48,0.8571,5,0.55,0.9821,0,0
SPY190712C299,2019-07-10,2019-07-10 01:01:40,0.56,1.0,370,0.54,0.9642,35,0.48,0.8571,5,0.55,0.9821,0,0
SPY190712C299,2019-07-10,2019-07-10 01:01:43,0.56,1.0,370,0.54,0.9642,35,0.48,0.8571,5,0.55,0.9821,0,0
SPY190712C299,2019-07-10,2019-07-10 01:01:54,0.56,1.0,370,0.54,0.9642,35,0.48,0.8571,5,0.55,0.9821,0,0
SPY190712C299,2019-07-10,2019-07-10 01:01:57,0.56,1.0,370,0.54,0.9642,35,0.48,0.8571,5,0.55,0.9821,0,0
SPY190712C299,2019-07-10,2019-07-10 01:02:01,0.56,1.0,370,0.54,0.9642,35,0.48,0.8571,5,0.55,0.9821,0,0
SPY190712C299,2019-07-10,2019-07-10 01:02:05,0.56,1.0,370,0.54,0.9642,35,0.48,0.8571,5,0.55,0.9821,0,0
SPY190712C299,2019-07-10,2019-07-10 01:02:10,0.56,1.0,370,0.54,0.9642,35,0.48,0.8571,5,0.55,0.9821,0,0
SPY190712C299,2019-07-10,2019-07-10 01:02:15,0.56,1.0,370,0.54,0.9642,35,0.48,0.8571,5,0.55,0.9821,0,0
SPY190712C299,2019-07-10,2019-07-10 01:02:18,0.56,1.0,370,0.54,0.9642,35,0.48,0.8571,5,0.55,0.9821,0,0
SPY190712C299,2019-07-10,2019-07-10 01:02:22,0.56,1.0,370,0.54,0.9642,35,0.48,0.8571,5,0.55,0.9821,0,0
SPY190712C299,2019-07-10,2019-07-10 01:02:25,0.56,1.0,370,0.54,0.9642,35,0.48,0.8571,5,0.55,0.9821,0,0
SPY190712C299,2019-07-10,2019-07-10 01:02:29,0.56,1.0,370,0.54,0.9642,35,0.48,0.8571,5,0.55,0.9821,0,0
SPY190712C299,2019-07-10,2019-07-10 01:02:37,0.56,1.0,370,0.54,0.9642,35,0.48,0.8571,5,0.55,0.9821,0,0
SPY190712C299,2019-07-10,2019-07-10 01:02:40,0.56,1.0,370,0.54,0.9642,35,0.48,0.8571,5,0.55,0.9821,0,0
SPY190712C299,2019-07-10,2019-07-10 01:02:43,0.56,1.0,370,0.54,0.9642,35,0.48,0.8571,5,0.55,0.9821,0,0
SPY190712C299,2019-07-10,2019-07-10 01:02:46,0.56,1.0,370,0.54,0.9642,35,0.48,0.8571,5,0.55,0.9821,0,0
SPY190712C299,2019-07-10,2019-07-10 01:02:49,0.56,1.0,370,0.54,0.9642,35,0.48,0.8571,5,0.55,0.9821,0,0
SPY190712C299,2019-07-10,2019-07-10 01:03:00,0.56,1.0,370,0.54,0.9642,35,0.48,0.8571,5,0.55,0.9821,0,0
SPY190712C299,2019-07-10,2019-07-10 01:03:01,0.56,1.0,370,0.54,0.9642,35,0.48,0.8571,5,0.55,0.9821,0,0
SPY190712C299,2019-07-10,2019-07-10 01:03:07,0.56,1.0,370,0.54,0.9642,35,0.48,0.8571,5,0.55,0.9821,0,0
SPY190712C299,2019-07-10,2019-07-10 01:03:13,0.56,1.0,370,0.54,0.9642,35,0.48,0.8571,5,0.55,0.9821,0,0
SPY190712C299,2019-07-10,2019-07-10 01:03:19,0.56,1.0,370,0.54,0.9642,35,0.48,0.8571,5,0.55,0.9821,0,0
SPY190712C299,2019-07-10,2019-07-10 01:03:23,0.56,1.0,370,0.54,0.9642,35,0.48,0.8571,5,0.55,0.9821,0,0
SPY190712C299,2019-07-10,2019-07-10 01:03:28,0.56,1.0,370,0.54,0.9642,35,0.48,0.8571,5,0.55,0.9821,0,0
SPY190712C299,2019-07-10,2019-07-10 01:03:38,0.56,1.0,370,0.54,0.9642,35,0.48,0.8571,5,0.55,0.9821,0,0
SPY190712C299,2019-07-10,2019-07-10 01:03:44,0.56,1.0,370,0.54,0.9642,35,0.48,0.8571,5,0.55,0.9821,0,0
SPY190712C299,2019-07-10,2019-07-10 01:03:51,0.56,1.0,370,0.54,0.9642,35,0.48,0.8571,5,0.55,0.9821,0,0
SPY190712C299,2019-07-10,2019-07-10 01:03:56,0.56,1.0,370,0.54,0.9642,35,0.48,0.8571,5,0.55,0.9821,0,0
SPY190712C299,2019-07-10,2019-07-10 01:04:03,0.56,1.0,370,0.54,0.9642,35,0.48,0.8571,5,0.55,0.9821,0,0
SPY190712C299,2019-07-10,2019-07-10 01:04:08,0.56,1.0,370,0.54,0.9642,35,0.48,0.8571,5,0.55,0.9821,0,0
SPY190712C299,2019-07-10,2019-07-10 01:04:13,0.56,1.0,370,0.54,0.9642,35,0.48,0.8571,5,0.55,0.9821,0,0
SPY190712C299,2019-07-10,2019-07-10 01:04:20,0.56,1.0,370,0.54,0.9642,35,0.48,0.8571,5,0.55,0.9821,0,0
SPY190712C299,2019-07-10,2019-07-10 01:04:28,0.56,1.0,370,0.54,0.9642,35,0.48,0.8571,5,0.55,0.9821,0,0
SPY190712C299,2019-07-10,2019-07-10 01:04:37,0.56,1.0,370,0.54,0.9642,35,0.48,0.8571,5,0.55,0.9821,0,0
SPY190712C299,2019-07-10,2019-07-10 01:04:45,0.56,1.0,370,0.54,0.9642,35,0.48,0.8571,5,0.55,0.9821,0,0
SPY190712C299,2019-07-10,2019-07-10 01:04:53,0.56,1.0,370,0.54,0.9642,35,0.48,0.8571,5,0.55,0.9821,0,0
SPY190712C299,2019-07-10,2019-07-10 01:05:00,0.56,1.0,370,0.54,0.9642,35,0.48,0.8571,5,0.55,0.9821,0,0
SPY190712C299,2019-07-10,2019-07-10 01:05:09,0.56,1.0,370,0.54,0.9642,35,0.48,0.8571,5,0.55,0.9821,0,0
SPY190712C299,2019-07-10,2019-07-10 01:05:18,0.56,1.0,370,0.54,0.9642,35,0.48,0.8571,5,0.55,0.9821,0,0
SPY190712C299,2019-07-10,2019-07-10 01:05:26,0.56,1.0,370,0.54,0.9642,35,0.48,0.8571,5,0.55,0.9821,0,0
SPY190712C299,2019-07-10,2019-07-10 01:05:33,0.56,1.0,370,0.54,0.9642,35,0.48,0.8571,5,0.55,0.9821,0,0
SPY190712C299,2019-07-10,2019-07-10 01:05:40,0.56,1.0,370,0.54,0.9642,35,0.48,0.8571,5,0.55,0.9821,0,0
SPY190712C299,2019-07-10,2019-07-10 01:05:47,0.56,1.0,370,0.54,0.9642,35,0.48,0.8571,5,0.55,0.9821,0,0
SPY190712C299,2019-07-10,2019-07-10 01:05:54,0.56,1.0,370,0.54,0.9642,35,0.48,0.8571,5,0.55,0.9821,0,0
SPY190712C299,2019-07-10,2019-07-10 01:06:01,0.56,1.0,370,0.54,0.9642,35,0.48,0.8571,5,0.55,0.9821,0,0
SPY190712C299,2019-07-10,2019-07-10 01:06:08,0.56,1.0,370,0.54,0.9642,35,0.48,0.8571,5,0.55,0.9821,0,0
SPY190712C299,2019-07-10,2019-07-10 01:06:20,0.56,1.0,370,0.54,0.9642,35,0.48,0.8571,5,0.55,0.9821,0,0
SPY190712C299,2019-07-10,2019-07-10 01:06:30,0.56,1.0,370,0.54,0.9642,35,0.48,0.8571,5,0.55,0.9821,0,0
SPY190712C299,2019-07-10,2019-07-10 01:06:35,0.56,1.0,370,0.54,0.9642,35,0.48,0.8571,5,0.55,0.9821,0,0
SPY190712C299,2019-07-10,2019-07-10 01:06:43,0.56,1.0,370,0.54,0.9642,35,0.48,0.8571,5,0.55,0.9821,0,0
SPY190712C299,2019-07-10,2019-07-10 01:06:52,0.56,1.0,370,0.54,0.9642,35,0.48,0.8571,5,0.55,0.9821,0,0
SPY190712C299,2019-07-10,2019-07-10 01:06:56,0.56,1.0,370,0.54,0.9642,35,0.48,0.8571,5,0.55,0.9821,0,0
SPY190712C299,2019-07-10,2019-07-10 01:07:01,0.56,1.0,370,0.54,0.9642,35,0.48,0.8571,5,0.55,0.9821,0,0
SPY190712C299,2019-07-10,2019-07-10 01:07:04,0.56,1.0,370,0.54,0.9642,35,0.48,0.8571,5,0.55,0.9821,0,0
SPY190712C299,2019-07-10,2019-07-10 01:07:08,0.56,1.0,370,0.54,0.9642,35,0.48,0.8571,5,0.55,0.9821,0,0
SPY190712C299,2019-07-10,2019-07-10 01:07:16,0.56,1.0,370,0.54,0.9642,35,0.48,0.8571,5,0.55,0.9821,0,0
SPY190712C299,2019-07-10,2019-07-10 01:07:20,0.56,1.0,370,0.54,0.9642,35,0.48,0.8571,5,0.55,0.9821,0,0
SPY190712C299,2019-07-10,2019-07-10 01:07:27,0.56,1.0,370,0.54,0.9642,35,0.48,0.8571,5,0.55,0.9821,0,0
SPY190712C299,2019-07-10,2019-07-10 01:07:31,0.56,1.0,370,0.54,0.9642,35,0.48,0.8571,5,0.55,0.9821,0,0
SPY190712C299,2019-07-10,2019-07-10 01:07:35,0.56,1.0,370,0.54,0.9642,35,0.48,0.8571,5,0.55,0.9821,0,0
SPY190712C299,2019-07-10,2019-07-10 01:07:39,0.56,1.0,370,0.54,0.9642,35,0.48,0.8571,5,0.55,0.9821,0,0
SPY190712C299,2019-07-10,2019-07-10 01:07:45,0.56,1.0,370,0.54,0.9642,35,0.48,0.8571,5,0.55,0.9821,0,0
SPY190712C299,2019-07-10,2019-07-10 01:07:49,0.56,1.0,370,0.54,0.9642,35,0.48,0.8571,5,0.55,0.9821,0,0
SPY190712C299,2019-07-10,2019-07-10 01:07:53,0.56,1.0,370,0.54,0.9642,35,0.48,0.8571,5,0.55,0.9821,0,0
SPY190712C299,2019-07-10,2019-07-10 01:07:57,0.56,1.0,370,0.54,0.9642,35,0.48,0.8571,5,0.55,0.9821,0,0
SPY190712C299,2019-07-10,2019-07-10 01:08:01,0.56,1.0,370,0.54,0.9642,35,0.48,0.8571,5,0.55,0.9821,0,0
SPY190712C299,2019-07-10,2019-07-10 03:04:22,0.56,1.0,370,0.54,0.9642,35,0.48,0.8571,5,0.55,0.9821,0,0
SPY190712C299,2019-07-10,2019-07-10 03:04:23,0.56,1.0,370,0.54,0.9642,35,0.48,0.8571,5,0.55,0.9821,0,0
SPY190712C299,2019-07-10,2019-07-10 03:04:24,0.56,1.0,370,0.54,0.9642,35,0.48,0.8571,5,0.55,0.9821,0,0
SPY190712C299,2019-07-10,2019-07-10 03:04:25,0.56,1.0,370,0.54,0.9642,35,0.48,0.8571,5,0.55,0.9821,0,0
SPY190712C299,2019-07-10,2019-07-10 03:04:26,0.56,1.0,370,0.54,0.9642,35,0.48,0.8571,5,0.55,0.9821,0,0
SPY190712C299,2019-07-10,2019-07-10 03:04:27,0.56,1.0,370,0.54,0.9642,35,0.48,0.8571,5,0.55,0.9821,0,0
SPY190712C299,2019-07-10,2019-07-10 03:04:28,0.56,1.0,370,0.54,0.9642,35,0.48,0.8571,5,0.55,0.9821,0,0
SPY190712C299,2019-07-10,2019-07-10 03:04:29,0.56,1.0,370,0.54,0.9642,35,0.48,0.8571,5,0.55,0.9821,0,0
SPY190712C299,2019-07-10,2019-07-10 03:04:30,0.56,1.0,370,0.54,0.9642,35,0.48,0.8571,5,0.55,0.9821,0,0
SPY190712C299,2019-07-10,2019-07-10 03:04:31,0.56,1.0,370,0.54,0.9642,35,0.48,0.8571,5,0.55,0.9821,0,0
SPY190712C299,2019-07-10,2019-07-10 03:04:32,0.56,1.0,370,0.54,0.9642,35,0.48,0.8571,5,0.55,0.9821,0,0
SPY190712C299,2019-07-10,2019-07-10 03:04:33,0.56,1.0,370,0.54,0.9642,35,0.48,0.8571,5,0.55,0.9821,0,0
SPY190712C299,2019-07-10,2019-07-10 03:04:34,0.56,1.0,370,0.54,0.9642,35,0.48,0.8571,5,0.55,0.9821,0,0
SPY190712C299,2019-07-10,2019-07-10 03:04:35,0.56,1.0,370,0.54,0.9642,35,0.48,0.8571,5,0.55,0.9821,0,0
SPY190712C299,2019-07-10,2019-07-10 03:04:36,0.56,1.0,370,0.54,0.9642,35,0.48,0.8571,5,0.55,0.9821,0,0
SPY190712C299,2019-07-10,2019-07-10 03:04:37,0.56,1.0,370,0.54,0.9642,35,0.48,0.8571,5,0.55,0.9821,0,0
SPY190712C299,2019-07-10,2019-07-10 03:04:38,0.56,1.0,370,0.54,0.9642,35,0.48,0.8571,5,0.55,0.9821,0,0
SPY190712C299,2019-07-10,2019-07-10 03:04:39,0.56,1.0,370,0.54,0.9642,35,0.48,0.8571,5,0.55,0.9821,0,0
SPY190712C299,2019-07-10,2019-07-10 03:04:40,0.56,1.0,370,0.54,0.9642,35,0.48,0.8571,5,0.55,0.9821,0,0
SPY190712C299,2019-07-10,2019-07-10 03:04:41,0.56,1.0,370,0.54,0.9642,35,0.48,0.8571,5,0.55,0.9821,0,0
SPY190712C299,2019-07-10,2019-07-10 03:04:42,0.56,1.0,370,0.54,0.9642,35,0.48,0.8571,5,0.55,0.9821,0,0
SPY190712C299,2019-07-10,2019-07-10 03:04:43,0.56,1.0,370,0.54,0.9642,35,0.48,0.8571,5,0.55,0.9821,0,0
SPY190712C299,2019-07-10,2019-07-10 03:04:44,0.56,1.0,370,0.54,0.9642,35,0.48,0.8571,5,0.55,0.9821,0,0
SPY190712C299,2019-07-10,2019-07-10 03:04:45,0.56,1.0,370,0.54,0.9642,35,0.48,0.8571,5,0.55,0.9821,0,0
SPY190712C299,2019-07-10,2019-07-10 03:04:46,0.56,1.0,370,0.54,0.9642,35,0.48,0.8571,5,0.55,0.9821,0,0
SPY190712C299,2019-07-10,2019-07-10 03:04:47,0.56,1.0,370,0.54,0.9642,35,0.48,0.8571,5,0.55,0.9821,0,0
SPY190712C299,2019-07-10,2019-07-10 03:04:48,0.56,1.0,370,0.54,0.9642,35,0.48,0.8571,5,0.55,0.9821,0,0
SPY190712C299,2019-07-10,2019-07-10 03:04:49,0.56,1.0,370,0.54,0.9642,35,0.48,0.8571,5,0.55,0.9821,0,0
SPY190712C299,2019-07-10,2019-07-10 03:04:50,0.56,1.0,370,0.54,0.9642,35,0.48,0.8571,5,0.55,0.9821,0,0
SPY190712C299,2019-07-10,2019-07-10 03:04:51,0.56,1.0,370,0.54,0.9642,35,0.48,0.8571,5,0.55,0.9821,0,0
SPY190712C299,2019-07-10,2019-07-10 03:04:52,0.56,1.0,370,0.54,0.9642,35,0.48,0.8571,5,0.55,0.9821,0,0
SPY190712C299,2019-07-10,2019-07-10 03:04:53,0.56,1.0,370,0.54,0.9642,35,0.48,0.8571,5,0.55,0.9821,0,0
SPY190712C299,2019-07-10,2019-07-10 03:04:54,0.56,1.0,370,0.54,0.9642,35,0.48,0.8571,5,0.55,0.9821,0,0
SPY190712C299,2019-07-10,2019-07-10 03:04:55,0.56,1.0,370,0.54,0.9642,35,0.48,0.8571,5,0.55,0.9821,0,0
SPY190712C299,2019-07-10,2019-07-10 03:04:56,0.56,1.0,370,0.54,0.9642,35,0.48,0.8571,5,0.55,0.9821,0,0
SPY190712C299,2019-07-10,2019-07-10 03:04:57,0.56,1.0,370,0.54,0.9642,35,0.48,0.8571,5,0.55,0.9821,0,0
SPY190712C299,2019-07-10,2019-07-10 03:04:58,0.56,1.0,370,0.54,0.9642,35,0.48,0.8571,5,0.55,0.9821,0,0
SPY190712C299,2019-07-10,2019-07-10 03:04:59,0.56,1.0,370,0.54,0.9642,35,0.48,0.8571,5,0.55,0.9821,0,0
SPY190712C299,2019-07-10,2019-07-10 03:05:00,0.56,1.0,370,0.54,0.9642,35,0.48,0.8571,5,0.55,0.9821,0,0
SPY190712C299,2019-07-10,2019-07-10 03:05:01,0.56,1.0,370,0.54,0.9642,35,0.48,0.8571,5,0.55,0.9821,0,0
SPY190712C299,2019-07-10,2019-07-10 03:05:02,0.56,1.0,370,0.54,0.9642,35,0.48,0.8571,5,0.55,0.9821,0,0
SPY190712C299,2019-07-10,2019-07-10 03:05:03,0.56,1.0,370,0.54,0.9642,35,0.48,0.8571,5,0.55,0.9821,0,0
SPY190712C299,2019-07-10,2019-07-10 03:05:04,0.56,1.0,370,0.54,0.9642,35,0.48,0.8571,5,0.55,0.9821,0,0
SPY190712C299,2019-07-10,2019-07-10 03:05:05,0.56,1.0,370,0.54,0.9642,35,0.48,0.8571,5,0.55,0.9821,0,0
SPY190712C299,2019-07-10,2019-07-10 03:05:06,0.56,1.0,370,0.54,0.9642,35,0.48,0.8571,5,0.55,0.9821,0,0
SPY190712C299,2019-07-10,2019-07-10 03:05:07,0.56,1.0,370,0.54,0.9642,35,0.48,0.8571,5,0.55,0.9821,0,0
SPY190712C299,2019-07-10,2019-07-10 03:05:08,0.56,1.0,370,0.54,0.9642,35,0.48,0.8571,5,0.55,0.9821,0,0
SPY190712C299,2019-07-10,2019-07-10 03:05:09,0.56,1.0,370,0.54,0.9642,35,0.48,0.8571,5,0.55,0.9821,0,0
SPY190712C299,2019-07-10,2019-07-10 03:05:10,0.56,1.0,370,0.54,0.9642,35,0.48,0.8571,5,0.55,0.9821,0,0
SPY190712C299,2019-07-10,2019-07-10 03:05:11,0.56,1.0,370,0.54,0.9642,35,0.48,0.8571,5,0.55,0.9821,0,0
SPY190712C299,2019-07-10,2019-07-10 03:05:12,0.56,1.0,370,0.54,0.9642,35,0.48,0.8571,5,0.55,0.9821,0,0
SPY190712C299,2019-07-10,2019-07-10 03:05:13,0.56,1.0,370,0.54,0.9642,35,0.48,0.8571,5,0.55,0.9821,0,0
SPY190712C299,2019-07-10,2019-07-10 03:05:14,0.56,1.0,370,0.54,0.9642,35,0.48,0.8571,5,0.55,0.9821,0,0
SPY190712C299,2019-07-10,2019-07-10 03:05:15,0.56,1.0,370,0.54,0.9642,35,0.48,0.8571,5,0.55,0.9821,0,0
SPY190712C299,2019-07-10,2019-07-10 03:05:16,0.56,1.0,370,0.54,0.9642,35,0.48,0.8571,5,0.55,0.9821,0,0
SPY190712C299,2019-07-10,2019-07-10 03:05:17,0.56,1.0,370,0.54,0.9642,35,0.48,0.8571,5,0.55,0.9821,0,0
SPY190712C299,2019-07-10,2019-07-10 03:05:18,0.56,1.0,370,0.54,0.9642,35,0.48,0.8571,5,0.55,0.9821,0,0
SPY190712C299,2019-07-10,2019-07-10 03:05:19,0.56,1.0,370,0.54,0.9642,35,0.48,0.8571,5,0.55,0.9821,0,0
SPY190712C299,2019-07-10,2019-07-10 03:05:20,0.56,1.0,370,0.54,0.9642,35,0.48,0.8571,5,0.55,0.9821,0,0
SPY190712C299,2019-07-10,2019-07-10 03:05:21,0.56,1.0,370,0.54,0.9642,35,0.48,0.8571,5,0.55,0.9821,0,0
SPY190712C299,2019-07-10,2019-07-10 03:05:22,0.56,1.0,370,0.54,0.9642,35,0.48,0.8571,5,0.55,0.9821,0,0
SPY190712C299,2019-07-10,2019-07-10 03:05:23,0.56,1.0,370,0.54,0.9642,35,0.48,0.8571,5,0.55,0.9821,0,0
SPY190712C299,2019-07-10,2019-07-10 03:05:24,0.56,1.0,370,0.54,0.9642,35,0.48,0.8571,5,0.55,0.9821,0,0
SPY190712C299,2019-07-10,2019-07-10 03:05:25,0.56,1.0,370,0.54,0.9642,35,0.48,0.8571,5,0.55,0.9821,0,0
SPY190712C299,2019-07-10,2019-07-10 03:05:26,0.56,1.0,370,0.54,0.9642,35,0.48,0.8571,5,0.55,0.9821,0,0
SPY190712C299,2019-07-10,2019-07-10 03:05:27,0.56,1.0,370,0.54,0.9642,35,0.48,0.8571,5,0.55,0.9821,0,0
SPY190712C299,2019-07-10,2019-07-10 03:05:28,0.56,1.0,370,0.54,0.9642,35,0.48,0.8571,5,0.55,0.9821,0,0
SPY190712C299,2019-07-10,2019-07-10 03:05:29,0.56,1.0,370,0.54,0.9642,35,0.48,0.8571,5,0.55,0.9821,0,0
SPY190712C299,2019-07-10,2019-07-10 03:05:30,0.56,1.0,370,0.54,0.9642,35,0.48,0.8571,5,0.55,0.9821,0,0
SPY190712C299,2019-07-10,2019-07-10 03:05:31,0.56,1.0,370,0.54,0.9642,35,0.48,0.8571,5,0.55,0.9821,0,0
SPY190712C299,2019-07-10,2019-07-10 03:05:32,0.56,1.0,370,0.54,0.9642,35,0.48,0.8571,5,0.55,0.9821,0,0
SPY190712C299,2019-07-10,2019-07-10 03:05:33,0.56,1.0,370,0.54,0.9642,35,0.48,0.8571,5,0.55,0.9821,0,0
SPY190712C299,2019-07-10,2019-07-10 03:05:34,0.56,1.0,370,0.54,0.9642,35,0.48,0.8571,5,0.55,0.9821,0,0
SPY190712C299,2019-07-10,2019-07-10 03:05:35,0.56,1.0,370,0.54,0.9642,35,0.48,0.8571,5,0.55,0.9821,0,0
SPY190712C299,2019-07-10,2019-07-10 03:05:36,0.56,1.0,370,0.54,0.9642,35,0.48,0.8571,5,0.55,0.9821,0,0
SPY190712C299,2019-07-10,2019-07-10 03:05:37,0.56,1.0,370,0.54,0.9642,35,0.48,0.8571,5,0.55,0.9821,0,0
SPY190712C299,2019-07-10,2019-07-10 03:05:38,0.56,1.0,370,0.54,0.9642,35,0.48,0.8571,5,0.55,0.9821,0,0
SPY190712C299,2019-07-10,2019-07-10 03:05:39,0.56,1.0,370,0.54,0.9642,35,0.48,0.8571,5,0.55,0.9821,0,0
SPY190712C299,2019-07-10,2019-07-10 03:05:40,0.56,1.0,370,0.54,0.9642,35,0.48,0.8571,5,0.55,0.9821,0,0
SPY190712C299,2019-07-10,2019-07-10 03:05:41,0.56,1.0,370,0.54,0.9642,35,0.48,0.8571,5,0.55,0.9821,0,0
SPY190712C299,2019-07-10,2019-07-10 03:05:42,0.56,1.0,370,0.54,0.9642,35,0.48,0.8571,5,0.55,0.9821,0,0
SPY190712C299,2019-07-10,2019-07-10 03:05:43,0.56,1.0,370,0.54,0.9642,35,0.48,0.8571,5,0.55,0.9821,0,0
SPY190712C299,2019-07-10,2019-07-10 03:05:44,0.56,1.0,370,0.54,0.9642,35,0.48,0.8571,5,0.55,0.9821,0,0
SPY190712C299,2019-07-10,2019-07-10 03:05:45,0.56,1.0,370,0.54,0.9642,35,0.48,0.8571,5,0.55,0.9821,0,0
SPY190712C299,2019-07-10,2019-07-10 03:05:46,0.56,1.0,370,0.54,0.9642,35,0.48,0.8571,5,0.55,0.9821,0,0
SPY190712C299,2019-07-10,2019-07-10 03:05:47,0.56,1.0,370,0.54,0.9642,35,0.48,0.8571,5,0.55,0.9821,0,0
SPY190712C299,2019-07-10,2019-07-10 03:05:48,0.56,1.0,370,0.54,0.9642,35,0.48,0.8571,5,0.55,0.9821,0,0
SPY190712C299,2019-07-10,2019-07-10 03:05:49,0.56,1.0,370,0.54,0.9642,35,0.48,0.8571,5,0.55,0.9821,0,0
SPY190712C299,2019-07-10,2019-07-10 03:05:50,0.56,1.0,370,0.54,0.9642,35,0.48,0.8571,5,0.55,0.9821,0,0
SPY190712C299,2019-07-10,2019-07-10 03:05:51,0.56,1.0,370,0.54,0.9642,35,0.48,0.8571,5,0.55,0.9821,0,0
SPY190712C299,2019-07-10,2019-07-10 03:05:52,0.56,1.0,370,0.54,0.9642,35,0.48,0.8571,5,0.55,0.9821,0,0
SPY190712C299,2019-07-10,2019-07-10 03:05:53,0.56,1.0,370,0.54,0.9642,35,0.48,0.8571,5,0.55,0.9821,0,0
SPY190712C299,2019-07-10,2019-07-10 03:05:54,0.56,1.0,370,0.54,0.9642,35,0.48,0.8571,5,0.55,0.9821,0,0
SPY190712C299,2019-07-10,2019-07-10 03:05:55,0.56,1.0,370,0.54,0.9642,35,0.48,0.8571,5,0.55,0.9821,0,0
SPY190712C299,2019-07-10,2019-07-10 03:05:56,0.56,1.0,370,0.54,0.9642,35,0.48,0.8571,5,0.55,0.9821,0,0
SPY190712C299,2019-07-10,2019-07-10 03:05:57,0.56,1.0,370,0.54,0.9642,35,0.48,0.8571,5,0.55,0.9821,0,0
SPY190712C299,2019-07-10,2019-07-10 03:05:58,0.56,1.0,370,0.54,0.9642,35,0.48,0.8571,5,0.55,0.9821,0,0
SPY190712C299,2019-07-10,2019-07-10 03:05:59,0.56,1.0,370,0.54,0.9642,35,0.48,0.8571,5,0.55,0.9821,0,0
SPY190712C299,2019-07-10,2019-07-10 03:06:00,0.56,1.0,370,0.54,0.9642,35,0.48,0.8571,5,0.55,0.9821,0,0
SPY190712C299,2019-07-10,2019-07-10 03:06:01,0.56,1.0,370,0.54,0.9642,35,0.48,0.8571,5,0.55,0.9821,0,0
SPY190712C299,2019-07-10,2019-07-10 03:06:02,0.56,1.0,370,0.54,0.9642,35,0.48,0.8571,5,0.55,0.9821,0,0
SPY190712C299,2019-07-10,2019-07-10 03:06:03,0.56,1.0,370,0.54,0.9642,35,0.48,0.8571,5,0.55,0.9821,0,0
SPY190712C299,2019-07-10,2019-07-10 03:06:04,0.56,1.0,370,0.54,0.9642,35,0.48,0.8571,5,0.55,0.9821,0,0
SPY190712C299,2019-07-10,2019-07-10 03:06:05,0.56,1.0,370,0.54,0.9642,35,0.48,0.8571,5,0.55,0.9821,0,0
SPY190712C299,2019-07-10,2019-07-10 03:06:06,0.56,1.0,370,0.54,0.9642,35,0.48,0.8571,5,0.55,0.9821,0,0
SPY190712C299,2019-07-10,2019-07-10 03:06:07,0.56,1.0,370,0.54,0.9642,35,0.48,0.8571,5,0.55,0.9821,0,0
SPY190712C299,2019-07-10,2019-07-10 03:06:08,0.56,1.0,370,0.54,0.9642,35,0.48,0.8571,5,0.55,0.9821,0,0
SPY190712C299,2019-07-10,2019-07-10 03:06:09,0.56,1.0,370,0.54,0.9642,35,0.48,0.8571,5,0.55,0.9821,0,0
SPY190712C299,2019-07-10,2019-07-10 03:06:10,0.56,1.0,370,0.54,0.9642,35,0.48,0.8571,5,0.55,0.9821,0,0
SPY190712C299,2019-07-10,2019-07-10 03:06:11,0.56,1.0,370,0.54,0.9642,35,0.48,0.8571,5,0.55,0.9821,0,0
SPY190712C299,2019-07-10,2019-07-10 03:06:12,0.56,1.0,370,0.54,0.9642,35,0.48,0.8571,5,0.55,0.9821,0,0
SPY190712C299,2019-07-10,2019-07-10 03:06:13,0.56,1.0,370,0.54,0.9642,35,0.48,0.8571,5,0.55,0.9821,0,0
SPY190712C299,2019-07-10,2019-07-10 03:06:14,0.56,1.0,370,0.54,0.9642,35,0.48,0.8571,5,0.55,0.9821,0,0
SPY190712C299,2019-07-10,2019-07-10 03:06:15,0.56,1.0,370,0.54,0.9642,35,0.48,0.8571,5,0.55,0.9821,0,0
SPY190712C299,2019-07-10,2019-07-10 03:06:16,0.56,1.0,370,0.54,0.9642,35,0.48,0.8571,5,0.55,0.9821,0,0
SPY190712C299,2019-07-10,2019-07-10 03:06:17,0.56,1.0,370,0.54,0.9642,35,0.48,0.8571,5,0.55,0.9821,0,0
SPY190712C299,2019-07-10,2019-07-10 03:06:18,0.56,1.0,370,0.54,0.9642,35,0.48,0.8571,5,0.55,0.9821,0,0
SPY190712C299,2019-07-10,2019-07-10 03:06:19,0.56,1.0,370,0.54,0.9642,35,0.48,0.8571,5,0.55,0.9821,0,0
SPY190712C299,2019-07-10,2019-07-10 03:06:20,0.56,1.0,370,0.54,0.9642,35,0.48,0.8571,5,0.55,0.9821,0,0
SPY190712C299,2019-07-10,2019-07-10 03:06:21,0.56,1.0,370,0.54,0.9642,35,0.48,0.8571,5,0.55,0.9821,0,0
SPY190712C299,2019-07-10,2019-07-10 03:06:22,0.56,1.0,370,0.54,0.9642,35,0.48,0.8571,5,0.55,0.9821,0,0
SPY190712C299,2019-07-10,2019-07-10 03:06:23,0.56,1.0,370,0.54,0.9642,35,0.48,0.8571,5,0.55,0.9821,0,0
SPY190712C299,2019-07-10,2019-07-10 03:06:24,0.56,1.0,370,0.54,0.9642,35,0.48,0.8571,5,0.55,0.9821,0,0
SPY190712C299,2019-07-10,2019-07-10 03:06:25,0.56,1.0,370,0.54,0.9642,35,0.48,0.8571,5,0.55,0.9821,0,0
SPY190712C299,2019-07-10,2019-07-10 03:06:26,0.56,1.0,370,0.54,0.9642,35,0.48,0.8571,5,0.55,0.9821,0,0
SPY190712C299,2019-07-10,2019-07-10 03:06:27,0.56,1.0,370,0.54,0.9642,35,0.48,0.8571,5,0.55,0.9821,0,0
SPY190712C299,2019-07-10,2019-07-10 03:06:28,0.56,1.0,370,0.54,0.9642,35,0.48,0.8571,5,0.55,0.9821,0,0
SPY190712C299,2019-07-10,2019-07-10 03:06:29,0.56,1.0,370,0.54,0.9642,35,0.48,0.8571,5,0.55,0.9821,0,0
SPY190712C299,2019-07-10,2019-07-10 03:06:30,0.56,1.0,370,0.54,0.9642,35,0.48,0.8571,5,0.55,0.9821,0,0
SPY190712C299,2019-07-10,2019-07-10 03:06:31,0.56,1.0,370,0.54,0.9642,35,0.48,0.8571,5,0.55,0.9821,0,0
SPY190712C299,2019-07-10,2019-07-10 03:06:32,0.56,1.0,370,0.54,0.9642,35,0.48,0.8571,5,0.55,0.9821,0,0
SPY190712C299,2019-07-10,2019-07-10 03:06:33,0.56,1.0,370,0.54,0.9642,35,0.48,0.8571,5,0.55,0.9821,0,0
SPY190712C299,2019-07-10,2019-07-10 03:06:34,0.56,1.0,370,0.54,0.9642,35,0.48,0.8571,5,0.55,0.9821,0,0
SPY190712C299,2019-07-10,2019-07-10 03:06:35,0.56,1.0,370,0.54,0.9642,35,0.48,0.8571,5,0.55,0.9821,0,0
SPY190712C299,2019-07-10,2019-07-10 03:06:36,0.56,1.0,370,0.54,0.9642,35,0.48,0.8571,5,0.55,0.9821,0,0
SPY190712C299,2019-07-10,2019-07-10 03:06:37,0.56,1.0,370,0.54,0.9642,35,0.48,0.8571,5,0.55,0.9821,0,0
SPY190712C299,2019-07-10,2019-07-10 03:06:38,0.56,1.0,370,0.54,0.9642,35,0.48,0.8571,5,0.55,0.9821,0,0
SPY190712C299,2019-07-10,2019-07-10 03:06:39,0.56,1.0,370,0.54,0.9642,35,0.48,0.8571,5,0.55,0.9821,0,0
SPY190712C299,2019-07-10,2019-07-10 03:06:40,0.56,1.0,370,0.54,0.9642,35,0.48,0.8571,5,0.55,0.9821,0,0
SPY190712C299,2019-07-10,2019-07-10 03:06:41,0.56,1.0,370,0.54,0.9642,35,0.48,0.8571,5,0.55,0.9821,0,0
SPY190712C299,2019-07-10,2019-07-10 03:06:42,0.56,1.0,370,0.54,0.9642,35,0.48,0.8571,5,0.55,0.9821,0,0
SPY190712C299,2019-07-10,2019-07-10 03:06:43,0.56,1.0,370,0.54,0.9642,35,0.48,0.8571,5,0.55,0.9821,0,0
SPY190712C299,2019-07-10,2019-07-10 03:06:44,0.56,1.0,370,0.54,0.9642,35,0.48,0.8571,5,0.55,0.9821,0,0
SPY190712C299,2019-07-10,2019-07-10 03:06:45,0.56,1.0,370,0.54,0.9642,35,0.48,0.8571,5,0.55,0.9821,0,0
SPY190712C299,2019-07-10,2019-07-10 03:06:46,0.56,1.0,370,0.54,0.9642,35,0.48,0.8571,5,0.55,0.9821,0,0
SPY190712C299,2019-07-10,2019-07-10 03:06:47,0.56,1.0,370,0.54,0.9642,35,0.48,0.8571,5,0.55,0.9821,0,0
SPY190712C299,2019-07-10,2019-07-10 03:06:48,0.56,1.0,370,0.54,0.9642,35,0.48,0.8571,5,0.55,0.9821,0,0
SPY190712C299,2019-07-10,2019-07-10 03:06:49,0.56,1.0,370,0.54,0.9642,35,0.48,0.8571,5,0.55,0.9821,0,0
SPY190712C299,2019-07-10,2019-07-10 03:06:50,0.56,1.0,370,0.54,0.9642,35,0.48,0.8571,5,0.55,0.9821,0,0
SPY190712C299,2019-07-10,2019-07-10 03:06:51,0.56,1.0,370,0.54,0.9642,35,0.48,0.8571,5,0.55,0.9821,0,0
SPY190712C299,2019-07-10,2019-07-10 03:06:52,0.56,1.0,370,0.54,0.9642,35,0.48,0.8571,5,0.55,0.9821,0,0
SPY190712C299,2019-07-10,2019-07-10 03:06:53,0.56,1.0,370,0.54,0.9642,35,0.48,0.8571,5,0.55,0.9821,0,0
SPY190712C299,2019-07-10,2019-07-10 03:06:54,0.56,1.0,370,0.54,0.9642,35,0.48,0.8571,5,0.55,0.9821,0,0
SPY190712C299,2019-07-10,2019-07-10 03:06:55,0.56,1.0,370,0.54,0.9642,35,0.48,0.8571,5,0.55,0.9821,0,0
SPY190712C299,2019-07-10,2019-07-10 03:06:56,0.56,1.0,370,0.54,0.9642,35,0.48,0.8571,5,0.55,0.9821,0,0
SPY190712C299,2019-07-10,2019-07-10 03:06:57,0.56,1.0,370,0.54,0.9642,35,0.48,0.8571,5,0.55,0.9821,0,0
SPY190712C299,2019-07-10,2019-07-10 03:06:58,0.56,1.0,370,0.54,0.9642,35,0.48,0.8571,5,0.55,0.9821,0,0
SPY190712C299,2019-07-10,2019-07-10 03:06:59,0.56,1.0,370,0.54,0.9642,35,0.48,0.8571,5,0.55,0.9821,0,0
SPY190712C299,2019-07-10,2019-07-10 03:07:00,0.56,1.0,370,0.54,0.9642,35,0.48,0.8571,5,0.55,0.9821,0,0
SPY190712C299,2019-07-10,2019-07-10 03:07:01,0.56,1.0,370,0.54,0.9642,35,0.48,0.8571,5,0.55,0.9821,0,0
SPY190712C299,2019-07-10,2019-07-10 03:07:02,0.56,1.0,370,0.54,0.9642,35,0.48,0.8571,5,0.55,0.9821,0,0
SPY190712C299,2019-07-10,2019-07-10 03:07:03,0.56,1.0,370,0.54,0.9642,35,0.48,0.8571,5,0.55,0.9821,0,0
SPY190712C299,2019-07-10,2019-07-10 03:07:04,0.56,1.0,370,0.54,0.9642,35,0.48,0.8571,5,0.55,0.9821,0,0
SPY190712C299,2019-07-10,2019-07-10 03:07:05,0.56,1.0,370,0.54,0.9642,35,0.48,0.8571,5,0.55,0.9821,0,0
SPY190712C299,2019-07-10,2019-07-10 03:07:06,0.56,1.0,370,0.54,0.9642,35,0.48,0.8571,5,0.55,0.9821,0,0
SPY190712C299,2019-07-10,2019-07-10 03:07:07,0.56,1.0,370,0.54,0.9642,35,0.48,0.8571,5,0.55,0.9821,0,0
SPY190712C299,2019-07-10,2019-07-10 03:07:08,0.56,1.0,370,0.54,0.9642,35,0.48,0.8571,5,0.55,0.9821,0,0
SPY190712C299,2019-07-10,2019-07-10 03:07:09,0.56,1.0,370,0.54,0.9642,35,0.48,0.8571,5,0.55,0.9821,0,0
SPY190712C299,2019-07-10,2019-07-10 03:07:10,0.56,1.0,370,0.54,0.9642,35,0.48,0.8571,5,0.55,0.9821,0,0
SPY190712C299,2019-07-10,2019-07-10 03:07:11,0.56,1.0,370,0.54,0.9642,35,0.48,0.8571,5,0.55,0.9821,0,0
SPY190712C299,2019-07-10,2019-07-10 03:07:12,0.56,1.0,370,0.54,0.9642,35,0.48,0.8571,5,0.55,0.9821,0,0
SPY190712C299,2019-07-10,2019-07-10 03:07:13,0.56,1.0,370,0.54,0.9642,35,0.48,0.8571,5,0.55,0.9821,0,0
SPY190712C299,2019-07-10,2019-07-10 03:07:14,0.56,1.0,370,0.54,0.9642,35,0.48,0.8571,5,0.55,0.9821,0,0
SPY190712C299,2019-07-10,2019-07-10 03:07:15,0.56,1.0,370,0.54,0.9642,35,0.48,0.8571,5,0.55,0.9821,0,0
SPY190712C299,2019-07-10,2019-07-10 03:07:16,0.56,1.0,370,0.54,0.9642,35,0.48,0.8571,5,0.55,0.9821,0,0
SPY190712C299,2019-07-10,2019-07-10 03:07:17,0.56,1.0,370,0.54,0.9642,35,0.48,0.8571,5,0.55,0.9821,0,0
SPY190712C299,2019-07-10,2019-07-10 03:07:18,0.56,1.0,370,0.54,0.9642,35,0.48,0.8571,5,0.55,0.9821,0,0
SPY190712C299,2019-07-10,2019-07-10 03:07:19,0.56,1.0,370,0.54,0.9642,35,0.48,0.8571,5,0.55,0.9821,0,0
SPY190712C299,2019-07-10,2019-07-10 03:07:20,0.56,1.0,370,0.54,0.9642,35,0.48,0.8571,5,0.55,0.9821,0,0
SPY190712C299,2019-07-10,2019-07-10 03:07:21,0.56,1.0,370,0.54,0.9642,35,0.48,0.8571,5,0.55,0.9821,0,0
SPY190712C299,2019-07-10,2019-07-10 03:07:22,0.56,1.0,370,0.54,0.9642,35,0.48,0.8571,5,0.55,0.9821,0,0
SPY190712C299,2019-07-10,2019-07-10 03:07:23,0.56,1.0,370,0.54,0.9642,35,0.48,0.8571,5,0.55,0.9821,0,0
SPY190712C299,2019-07-10,2019-07-10 03:07:24,0.56,1.0,370,0.54,0.9642,35,0.48,0.8571,5,0.55,0.9821,0,0
SPY190712C299,2019-07-10,2019-07-10 03:07:25,0.56,1.0,370,0.54,0.9642,35,0.48,0.8571,5,0.55,0.9821,0,0
SPY190712C299,2019-07-10,2019-07-10 03:07:26,0.56,1.0,370,0.54,0.9642,35,0.48,0.8571,5,0.55,0.9821,0,0
SPY190712C299,2019-07-10,2019-07-10 03:07:27,0.56,1.0,370,0.54,0.9642,35,0.48,0.8571,5,0.55,0.9821,0,0
SPY190712C299,2019-07-10,2019-07-10 03:07:28,0.56,1.0,370,0.54,0.9642,35,0.48,0.8571,5,0.55,0.9821,0,0
SPY190712C299,2019-07-10,2019-07-10 03:07:29,0.56,1.0,370,0.54,0.9642,35,0.48,0.8571,5,0.55,0.9821,0,0
SPY190712C299,2019-07-10,2019-07-10 03:07:30,0.56,1.0,370,0.54,0.9642,35,0.48,0.8571,5,0.55,0.9821,0,0
SPY190712C299,2019-07-10,2019-07-10 03:07:31,0.56,1.0,370,0.54,0.9642,35,0.48,0.8571,5,0.55,0.9821,0,0
SPY190712C299,2019-07-10,2019-07-10 03:07:32,0.56,1.0,370,0.54,0.9642,35,0.48,0.8571,5,0.55,0.9821,0,0
SPY190712C299,2019-07-10,2019-07-10 03:07:33,0.56,1.0,370,0.54,0.9642,35,0.48,0.8571,5,0.55,0.9821,0,0
SPY190712C299,2019-07-10,2019-07-10 03:07:34,0.56,1.0,370,0.54,0.9642,35,0.48,0.8571,5,0.55,0.9821,0,0
SPY190712C299,2019-07-10,2019-07-10 03:07:35,0.56,1.0,370,0.54,0.9642,35,0.48,0.8571,5,0.55,0.9821,0,0
SPY190712C299,2019-07-10,2019-07-10 03:07:36,0.56,1.0,370,0.54,0.9642,35,0.48,0.8571,5,0.55,0.9821,0,0
SPY190712C299,2019-07-10,2019-07-10 03:07:37,0.56,1.0,370,0.54,0.9642,35,0.48,0.8571,5,0.55,0.9821,0,0
SPY190712C299,2019-07-10,2019-07-10 03:07:38,0.56,1.0,370,0.54,0.9642,35,0.48,0.8571,5,0.55,0.9821,0,0
SPY190712C299,2019-07-10,2019-07-10 03:07:39,0.56,1.0,370,0.54,0.9642,35,0.48,0.8571,5,0.55,0.9821,0,0
SPY190712C299,2019-07-10,2019-07-10 03:07:40,0.56,1.0,370,0.54,0.9642,35,0.48,0.8571,5,0.55,0.9821,0,0
SPY190712C299,2019-07-10,2019-07-10 03:07:41,0.56,1.0,370,0.54,0.9642,35,0.48,0.8571,5,0.55,0.9821,0,0
SPY190712C299,2019-07-10,2019-07-10 03:07:42,0.56,1.0,370,0.54,0.9642,35,0.48,0.8571,5,0.55,0.9821,0,0
SPY190712C299,2019-07-10,2019-07-10 03:07:43,0.56,1.0,370,0.54,0.9642,35,0.48,0.8571,5,0.55,0.9821,0,0
SPY190712C299,2019-07-10,2019-07-10 03:07:44,0.56,1.0,370,0.54,0.9642,35,0.48,0.8571,5,0.55,0.9821,0,0
SPY190712C299,2019-07-10,2019-07-10 03:07:45,0.56,1.0,370,0.54,0.9642,35,0.48,0.8571,5,0.55,0.9821,0,0
SPY190712C299,2019-07-10,2019-07-10 03:07:46,0.56,1.0,370,0.54,0.9642,35,0.48,0.8571,5,0.55,0.9821,0,0
SPY190712C299,2019-07-10,2019-07-10 03:07:47,0.56,1.0,370,0.54,0.9642,35,0.48,0.8571,5,0.55,0.9821,0,0
SPY190712C299,2019-07-10,2019-07-10 03:07:48,0.56,1.0,370,0.54,0.9642,35,0.48,0.8571,5,0.55,0.9821,0,0
SPY190712C299,2019-07-10,2019-07-10 03:07:49,0.56,1.0,370,0.54,0.9642,35,0.48,0.8571,5,0.55,0.9821,0,0
SPY190712C299,2019-07-10,2019-07-10 03:07:50,0.56,1.0,370,0.54,0.9642,35,0.48,0.8571,5,0.55,0.9821,0,0
SPY190712C299,2019-07-10,2019-07-10 03:07:51,0.56,1.0,370,0.54,0.9642,35,0.48,0.8571,5,0.55,0.9821,0,0
SPY190712C299,2019-07-10,2019-07-10 03:07:52,0.56,1.0,370,0.54,0.9642,35,0.48,0.8571,5,0.55,0.9821,0,0
SPY190712C299,2019-07-10,2019-07-10 03:07:53,0.56,1.0,370,0.54,0.9642,35,0.48,0.8571,5,0.55,0.9821,0,0
SPY190712C299,2019-07-10,2019-07-10 03:07:54,0.56,1.0,370,0.54,0.9642,35,0.48,0.8571,5,0.55,0.9821,0,0
SPY190712C299,2019-07-10,2019-07-10 03:07:55,0.56,1.0,370,0.54,0.9642,35,0.48,0.8571,5,0.55,0.9821,0,0
SPY190712C299,2019-07-10,2019-07-10 09:27:23,0.56,1.0,370,0.54,0.9642,35,0.48,0.8571,5,0.55,0.9821,0,0
SPY190712C299,2019-07-10,2019-07-10 09:27:24,0.56,1.0,370,0.54,0.9642,35,0.48,0.8571,5,0.55,0.9821,0,0
SPY190712C299,2019-07-10,2019-07-10 09:29:34,0.93,1.6607,98,0.91,1.625,4,0.91,1.625,1,0.92,1.6428,0,0
SPY190712C299,2019-07-10,2019-07-10 09:29:35,0.93,1.6607,105,0.92,1.6428,3,0.92,1.6428,1,0.925,1.6517,0,0
SPY190712C299,2019-07-10,2019-07-10 09:29:36,0.93,1.6607,105,0.91,1.625,170,0.92,1.6428,3,0.92,1.6428,0,0
SPY190712C299,2019-07-10,2019-07-10 09:29:36,0.92,1.6428,26,0.91,1.625,5,0.92,1.6428,3,0.915,1.6339,0,0
SPY190712C299,2019-07-10,2019-07-10 09:29:37,0.92,1.6428,26,0.91,1.625,125,0.92,1.6428,3,0.915,1.6339,0,0
SPY190712C299,2019-07-10,2019-07-10 09:29:38,0.91,1.625,1,0.9,1.6071,291,0.91,1.625,1,0.905,1.616,0,0
SPY190712C299,2019-07-10,2019-07-10 09:29:38,0.92,1.6428,25,0.91,1.625,108,0.92,1.6428,3,0.915,1.6339,0,0
SPY190712C299,2019-07-10,2019-07-10 09:29:39,0.93,1.6607,338,0.91,1.625,85,0.91,1.625,1,0.92,1.6428,0,0
SPY190712C299,2019-07-10,2019-07-10 09:29:40,0.92,1.6428,6,0.91,1.625,5,0.92,1.6428,2,0.915,1.6339,0,0
SPY190712C299,2019-07-10,2019-07-10 09:29:40,0.92,1.6428,16,0.91,1.625,23,0.92,1.6428,2,0.915,1.6339,0,0
SPY190712C299,2019-07-10,2019-07-10 09:29:41,0.92,1.6428,16,0.91,1.625,175,0.92,1.6428,2,0.915,1.6339,0,0
SPY190712C299,2019-07-10,2019-07-10 09:29:41,0.92,1.6428,16,0.91,1.625,175,0.92,1.6428,10,0.915,1.6339,0,0
SPY190712C299,2019-07-10,2019-07-10 09:29:42,0.93,1.6607,1,0.92,1.6428,5,0.92,1.6428,10,0.925,1.6517,0,0
SPY190712C299,2019-07-10,2019-07-10 09:29:43,0.93,1.6607,1,0.91,1.625,352,0.92,1.6428,6,0.92,1.6428,0,0
SPY190712C299,2019-07-10,2019-07-10 09:29:43,0.93,1.6607,1,0.92,1.6428,259,0.92,1.6428,10,0.925,1.6517,0,0
SPY190712C299,2019-07-10,2019-07-10 09:29:44,0.93,1.6607,216,0.9,1.6071,230,0.92,1.6428,6,0.915,1.6339,0,0
SPY190712C299,2019-07-10,2019-07-10 09:29:45,0.93,1.6607,40,0.91,1.625,175,0.93,1.6607,1,0.92,1.6428,0,0
SPY190712C299,2019-07-10,2019-07-10 09:29:45,0.93,1.6607,56,0.92,1.6428,1,0.92,1.6428,6,0.925,1.6517,0,0
SPY190712C299,2019-07-10,2019-07-10 09:29:46,0.93,1.6607,85,0.91,1.625,176,0.92,1.6428,10,0.92,1.6428,0,0
SPY190712C299,2019-07-10,2019-07-10 09:29:46,0.94,1.6785,73,0.91,1.625,17,0.92,1.6428,10,0.925,1.6517,0,0
SPY190712C299,2019-07-10,2019-07-10 09:29:47,0.94,1.6785,73,0.92,1.6428,75,0.92,1.6428,10,0.93,1.6607,0,0
SPY190712C299,2019-07-10,2019-07-10 09:29:48,0.94,1.6785,73,0.93,1.6607,73,0.92,1.6428,10,0.935,1.6696,0,0
SPY190712C299,2019-07-10,2019-07-10 09:29:49,0.94,1.6785,73,0.93,1.6607,169,0.92,1.6428,10,0.935,1.6696,0,0
SPY190712C299,2019-07-10,2019-07-10 09:29:49,0.94,1.6785,6,0.93,1.6607,338,0.92,1.6428,10,0.935,1.6696,0,0
SPY190712C299,2019-07-10,2019-07-10 09:29:50,0.94,1.6785,6,0.93,1.6607,338,0.93,1.6607,5,0.935,1.6696,0,0
SPY190712C299,2019-07-10,2019-07-10 09:29:51,0.94,1.6785,6,0.93,1.6607,338,0.93,1.6607,5,0.935,1.6696,0,0
SPY190712C299,2019-07-10,2019-07-10 09:29:51,0.97,1.7321,23,0.94,1.6785,172,0.95,1.6964,1,0.955,1.7053,0,0
SPY190712C299,2019-07-10,2019-07-10 09:29:52,0.97,1.7321,60,0.95,1.6964,223,0.95,1.6964,1,0.96,1.7142,0,0
SPY190712C299,2019-07-10,2019-07-10 09:29:53,0.97,1.7321,66,0.95,1.6964,331,0.95,1.6964,1,0.96,1.7142,0,0
SPY190712C299,2019-07-10,2019-07-10 09:29:54,0.97,1.7321,1,0.95,1.6964,5,0.95,1.6964,1,0.96,1.7142,0,0
SPY190712C299,2019-07-10,2019-07-10 09:29:54,0.96,1.7142,23,0.94,1.6785,312,0.95,1.6964,1,0.95,1.6964,0,0
SPY190712C299,2019-07-10,2019-07-10 09:29:55,0.96,1.7142,61,0.95,1.6964,23,0.95,1.6964,1,0.955,1.7053,0,0
SPY190712C299,2019-07-10,2019-07-10 09:29:56,0.96,1.7142,23,0.95,1.6964,5,0.95,1.6964,1,0.955,1.7053,0,0
SPY190712C299,2019-07-10,2019-07-10 09:29:56,0.96,1.7142,23,0.95,1.6964,3,0.95,1.6964,2,0.955,1.7053,0,0
SPY190712C299,2019-07-10,2019-07-10 09:29:57,0.95,1.6964,23,0.94,1.6785,119,0.96,1.7142,20,0.945,1.6875,0,0
SPY190712C299,2019-07-10,2019-07-10 09:29:57,0.96,1.7142,73,0.95,1.6964,5,0.96,1.7142,20,0.955,1.7053,0,0
SPY190712C299,2019-07-10,2019-07-10 09:29:58,0.96,1.7142,146,0.94,1.6785,599,0.96,1.7142,20,0.95,1.6964,0,0
SPY190712C299,2019-07-10,2019-07-10 09:30:00,0.95,1.6964,50,0.94,1.6785,120,0.96,1.7142,20,0.945,1.6875,0,0
SPY190712C299,2019-07-10,2019-07-10 09:30:00,0.96,1.7142,50,0.94,1.6785,120,0.96,1.7142,20,0.95,1.6964,0,0
SPY190712C299,2019-07-10,2019-07-10 09:30:01,0.95,1.6964,395,0.94,1.6785,1,0.96,1.7142,20,0.945,1.6875,0,0
SPY190712C299,2019-07-10,2019-07-10 09:30:02,0.96,1.7142,233,0.94,1.6785,123,0.96,1.7142,20,0.95,1.6964,0,0
SPY190712C299,2019-07-10,2019-07-10 09:30:03,0.97,1.7321,118,0.95,1.6964,23,0.96,1.7142,20,0.96,1.7142,0,0
SPY190712C299,2019-07-10,2019-07-10 09:30:03,0.97,1.7321,131,0.95,1.6964,23,0.96,1.7142,20,0.96,1.7142,0,0
SPY190712C299,2019-07-10,2019-07-10 09:30:04,0.97,1.7321,131,0.95,1.6964,5,0.96,1.7142,20,0.96,1.7142,0,0
SPY190712C299,2019-07-10,2019-07-10 09:30:04,0.97,1.7321,29,0.96,1.7142,63,0.96,1.7142,20,0.965,1.7232,0,0
SPY190712C299,2019-07-10,2019-07-10 09:30:05,0.99,1.7678,141,0.96,1.7142,5,0.96,1.7142,1,0.975,1.741,0,0
SPY190712C299,2019-07-10,2019-07-10 09:30:05,0.97,1.7321,29,0.96,1.7142,5,0.96,1.7142,20,0.965,1.7232,0,0
SPY190712C299,2019-07-10,2019-07-10 09:30:06,0.99,1.7678,141,0.96,1.7142,229,0.96,1.7142,1,0.975,1.741,0,0
SPY190712C299,2019-07-10,2019-07-10 09:30:06,0.98,1.75,23,0.97,1.7321,119,0.97,1.7321,1,0.975,1.741,0,0
SPY190712C299,2019-07-10,2019-07-10 09:30:07,0.98,1.75,23,0.97,1.7321,119,0.97,1.7321,1,0.975,1.741,0,0
SPY190712C299,2019-07-10,2019-07-10 09:30:08,0.99,1.7678,23,0.98,1.75,23,0.97,1.7321,1,0.985,1.7589,0,0
SPY190712C299,2019-07-10,2019-07-10 09:30:08,0.99,1.7678,78,0.97,1.7321,119,0.97,1.7321,1,0.98,1.75,0,0
SPY190712C299,2019-07-10,2019-07-10 09:30:09,1.0,1.7857,452,0.98,1.75,74,0.99,1.7678,1,0.99,1.7678,0,0
SPY190712C299,2019-07-10,2019-07-10 09:30:09,0.99,1.7678,23,0.98,1.75,23,0.97,1.7321,1,0.985,1.7589,0,0
SPY190712C299,2019-07-10,2019-07-10 09:30:10,1.0,1.7857,79,0.98,1.75,124,0.99,1.7678,1,0.99,1.7678,0,0
SPY190712C299,2019-07-10,2019-07-10 09:30:10,1.0,1.7857,10,0.98,1.75,10,0.99,1.7678,1,0.99,1.7678,0,0
SPY190712C299,2019-07-10,2019-07-10 09:30:11,1.0,1.7857,60,0.99,1.7678,1,0.99,1.7678,3,0.995,1.7767,0,0
SPY190712C299,2019-07-10,2019-07-10 09:30:12,1.0,1.7857,102,0.98,1.75,204,0.99,1.7678,3,0.99,1.7678,0,0
SPY190712C299,2019-07-10,2019-07-10 09:30:12,1.0,1.7857,102,0.98,1.75,184,0.99,1.7678,3,0.99,1.7678,0,0
SPY190712C299,2019-07-10,2019-07-10 09:30:13,1.0,1.7857,60,0.98,1.75,119,0.99,1.7678,3,0.99,1.7678,0,0
SPY190712C299,2019-07-10,2019-07-10 09:30:13,1.0,1.7857,124,0.98,1.75,119,1.0,1.7857,40,0.99,1.7678,0,0
SPY190712C299,2019-07-10,2019-07-10 09:30:14,0.99,1.7678,21,0.98,1.75,22,0.99,1.7678,2,0.985,1.7589,0,0
SPY190712C299,2019-07-10,2019-07-10 09:30:14,1.0,1.7857,172,0.98,1.75,72,0.99,1.7678,2,0.99,1.7678,0,0
SPY190712C299,2019-07-10,2019-07-10 09:30:15,1.0,1.7857,172,0.98,1.75,34,0.99,1.7678,2,0.99,1.7678,0,0
SPY190712C299,2019-07-10,2019-07-10 09:30:15,1.0,1.7857,172,0.98,1.75,72,0.99,1.7678,2,0.99,1.7678,0,0
SPY190712C299,2019-07-10,2019-07-10 09:30:16,1.0,1.7857,172,0.98,1.75,34,0.98,1.75,1,0.99,1.7678,0,0
SPY190712C299,2019-07-10,2019-07-10 09:30:17,1.0,1.7857,4,0.99,1.7678,50,0.98,1.75,1,0.995,1.7767,0,0
SPY190712C299,2019-07-10,2019-07-10 09:30:17,1.0,1.7857,4,0.98,1.75,87,0.98,1.75,1,0.99,1.7678,0,0
SPY190712C299,2019-07-10,2019-07-10 09:30:18,1.0,1.7857,4,0.99,1.7678,75,0.98,1.75,1,0.995,1.7767,0,0
SPY190712C299,2019-07-10,2019-07-10 09:30:19,1.0,1.7857,4,0.99,1.7678,47,0.99,1.7678,1,0.995,1.7767,0,0
SPY190712C299,2019-07-10,2019-07-10 09:30:20,1.0,1.7857,4,0.99,1.7678,44,0.99,1.7678,1,0.995,1.7767,0,0
SPY190712C299,2019-07-10,2019-07-10 09:30:20,1.0,1.7857,4,0.99,1.7678,47,0.99,1.7678,1,0.995,1.7767,0,0
SPY190712C299,2019-07-10,2019-07-10 09:30:21,1.0,1.7857,4,0.99,1.7678,44,1.0,1.7857,2,0.995,1.7767,0,0
SPY190712C299,2019-07-10,2019-07-10 09:30:21,1.0,1.7857,4,0.99,1.7678,70,1.0,1.7857,2,0.995,1.7767,0,0
SPY190712C299,2019-07-10,2019-07-10 09:30:22,1.0,1.7857,4,0.99,1.7678,77,1.0,1.7857,2,0.995,1.7767,0,0
SPY190712C299,2019-07-10,2019-07-10 09:30:23,1.0,1.7857,4,0.99,1.7678,77,1.0,1.7857,4,0.995,1.7767,0,0
SPY190712C299,2019-07-10,2019-07-10 09:30:23,1.02,1.8214,23,0.99,1.7678,53,1.0,1.7857,4,1.005,1.7946,0,0
SPY190712C299,2019-07-10,2019-07-10 09:30:24,1.02,1.8214,169,1.01,1.8035,45,1.0,1.7857,4,1.015,1.8125,0,0
SPY190712C299,2019-07-10,2019-07-10 09:30:24,1.02,1.8214,169,1.0,1.7857,117,1.0,1.7857,4,1.01,1.8035,0,0
SPY190712C299,2019-07-10,2019-07-10 09:30:25,1.03,1.8392,105,1.02,1.8214,34,1.01,1.8035,2,1.025,1.8303,0,0
SPY190712C299,2019-07-10,2019-07-10 09:30:25,1.03,1.8392,150,1.0,1.7857,50,1.01,1.8035,2,1.015,1.8125,0,0
SPY190712C299,2019-07-10,2019-07-10 09:30:26,1.03,1.8392,538,1.01,1.8035,64,1.01,1.8035,2,1.02,1.8214,0,0
SPY190712C299,2019-07-10,2019-07-10 09:30:26,1.02,1.8214,44,1.01,1.8035,7,1.01,1.8035,2,1.015,1.8125,0,0
SPY190712C299,2019-07-10,2019-07-10 09:30:27,1.03,1.8392,50,1.01,1.8035,23,1.01,1.8035,2,1.02,1.8214,0,0
SPY190712C299,2019-07-10,2019-07-10 09:30:28,1.02,1.8214,166,1.0,1.7857,114,1.01,1.8035,2,1.01,1.8035,0,0
SPY190712C299,2019-07-10,2019-07-10 09:30:28,1.02,1.8214,56,1.0,1.7857,114,1.01,1.8035,2,1.01,1.8035,0,0
SPY190712C299,2019-07-10,2019-07-10 09:30:29,1.02,1.8214,94,1.0,1.7857,137,1.01,1.8035,2,1.01,1.8035,0,0
SPY190712C299,2019-07-10,2019-07-10 09:30:29,1.02,1.8214,166,1.0,1.7857,126,1.01,1.8035,2,1.01,1.8035,0,0
SPY190712C299,2019-07-10,2019-07-10 09:30:30,1.02,1.8214,94,1.0,1.7857,137,1.01,1.8035,2,1.01,1.8035,0,0
SPY190712C299,2019-07-10,2019-07-10 09:30:30,1.02,1.8214,167,1.0,1.7857,84,1.01,1.8035,2,1.01,1.8035,0,0
SPY190712C299,2019-07-10,2019-07-10 09:30:31,1.02,1.8214,79,1.0,1.7857,145,1.02,1.8214,45,1.01,1.8035,0,0
SPY190712C299,2019-07-10,2019-07-10 09:30:32,1.02,1.8214,73,1.01,1.8035,39,1.02,1.8214,45,1.015,1.8125,0,0
SPY190712C299,2019-07-10,2019-07-10 09:30:33,1.04,1.8571,496,1.01,1.8035,128,1.02,1.8214,45,1.025,1.8303,0,0
SPY190712C299,2019-07-10,2019-07-10 09:30:33,1.03,1.8392,111,1.02,1.8214,10,1.02,1.8214,45,1.025,1.8303,0,0
SPY190712C299,2019-07-10,2019-07-10 09:30:34,1.03,1.8392,29,1.02,1.8214,34,1.02,1.8214,45,1.025,1.8303,0,0
SPY190712C299,2019-07-10,2019-07-10 09:30:34,1.03,1.8392,116,1.01,1.8035,77,1.02,1.8214,45,1.02,1.8214,0,0
SPY190712C299,2019-07-10,2019-07-10 09:30:35,1.03,1.8392,79,1.01,1.8035,158,1.02,1.8214,45,1.02,1.8214,0,0
SPY190712C299,2019-07-10,2019-07-10 09:30:35,1.03,1.8392,79,1.02,1.8214,29,1.02,1.8214,45,1.025,1.8303,0,0
SPY190712C299,2019-07-10,2019-07-10 09:30:36,1.04,1.8571,478,1.02,1.8214,35,1.02,1.8214,45,1.03,1.8392,0,0
SPY190712C299,2019-07-10,2019-07-10 09:30:36,1.04,1.8571,600,1.02,1.8214,47,1.02,1.8214,45,1.03,1.8392,0,0
SPY190712C299,2019-07-10,2019-07-10 09:30:37,1.04,1.8571,600,1.02,1.8214,47,1.02,1.8214,45,1.03,1.8392,0,0
SPY190712C299,2019-07-10,2019-07-10 09:30:38,1.03,1.8392,1,1.02,1.8214,47,1.03,1.8392,1,1.025,1.8303,0,0
SPY190712C299,2019-07-10,2019-07-10 09:30:38,1.04,1.8571,340,1.02,1.8214,47,1.02,1.8214,45,1.03,1.8392,0,0
SPY190712C299,2019-07-10,2019-07-10 09:30:39,1.04,1.8571,396,1.03,1.8392,30,1.03,1.8392,1,1.035,1.8482,0,0
SPY190712C299,2019-07-10,2019-07-10 09:30:40,1.04,1.8571,315,1.03,1.8392,30,1.03,1.8392,1,1.035,1.8482,0,0
SPY190712C299,2019-07-10,2019-07-10 09:30:41,1.04,1.8571,377,1.03,1.8392,29,1.03,1.8392,1,1.035,1.8482,0,0
SPY190712C299,2019-07-10,2019-07-10 09:30:42,1.04,1.8571,302,1.03,1.8392,29,1.03,1.8392,1,1.035,1.8482,0,0
SPY190712C299,2019-07-10,2019-07-10 09:30:42,1.05,1.875,100,1.03,1.8392,29,1.03,1.8392,1,1.04,1.8571,0,0
SPY190712C299,2019-07-10,2019-07-10 09:30:43,1.05,1.875,352,1.03,1.8392,81,1.03,1.8392,1,1.04,1.8571,0,0
SPY190712C299,2019-07-10,2019-07-10 09:30:43,1.05,1.875,352,1.03,1.8392,63,1.03,1.8392,1,1.04,1.8571,0,0
SPY190712C299,2019-07-10,2019-07-10 09:30:44,1.05,1.875,557,1.03,1.8392,81,1.03,1.8392,1,1.04,1.8571,0,0
SPY190712C299,2019-07-10,2019-07-10 09:30:44,1.04,1.8571,1,1.03,1.8392,98,1.04,1.8571,30,1.035,1.8482,0,0
SPY190712C299,2019-07-10,2019-07-10 09:30:45,1.05,1.875,117,1.03,1.8392,29,1.04,1.8571,20,1.04,1.8571,0,0
SPY190712C299,2019-07-10,2019-07-10 09:30:45,1.05,1.875,597,1.03,1.8392,98,1.04,1.8571,30,1.04,1.8571,0,0
SPY190712C299,2019-07-10,2019-07-10 09:30:46,1.04,1.8571,2,1.03,1.8392,52,1.03,1.8392,1,1.035,1.8482,0,0
SPY190712C299,2019-07-10,2019-07-10 09:30:47,1.04,1.8571,29,1.03,1.8392,52,1.03,1.8392,10,1.035,1.8482,0,0
SPY190712C299,2019-07-10,2019-07-10 09:30:47,1.03,1.8392,114,1.03,1.8392,29,1.03,1.8392,1,1.03,1.8392,0,0
SPY190712C299,2019-07-10,2019-07-10 09:30:48,1.03,1.8392,153,1.02,1.8214,10,1.03,1.8392,1,1.025,1.8303,0,0
SPY190712C299,2019-07-10,2019-07-10 09:30:48,1.03,1.8392,328,1.02,1.8214,10,1.02,1.8214,25,1.025,1.8303,0,0
SPY190712C299,2019-07-10,2019-07-10 09:30:49,1.03,1.8392,328,1.02,1.8214,10,1.02,1.8214,1,1.025,1.8303,0,0
SPY190712C299,2019-07-10,2019-07-10 09:30:49,1.03,1.8392,328,1.01,1.8035,48,1.02,1.8214,1,1.02,1.8214,0,0
SPY190712C299,2019-07-10,2019-07-10 09:30:50,1.02,1.8214,23,1.01,1.8035,42,1.02,1.8214,1,1.015,1.8125,0,0
SPY190712C299,2019-07-10,2019-07-10 09:30:50,1.03,1.8392,328,1.01,1.8035,42,1.02,1.8214,1,1.02,1.8214,0,0
SPY190712C299,2019-07-10,2019-07-10 09:30:51,1.03,1.8392,248,1.01,1.8035,16,1.03,1.8392,10,1.02,1.8214,0,0
SPY190712C299,2019-07-10,2019-07-10 09:30:52,1.03,1.8392,471,1.01,1.8035,16,1.01,1.8035,20,1.02,1.8214,0,0
SPY190712C299,2019-07-10,2019-07-10 09:30:52,1.02,1.8214,23,1.01,1.8035,29,1.01,1.8035,20,1.015,1.8125,0,0
SPY190712C299,2019-07-10,2019-07-10 09:30:53,1.02,1.8214,2,1.01,1.8035,16,1.01,1.8035,20,1.015,1.8125,0,0
SPY190712C299,2019-07-10,2019-07-10 09:30:53,1.02,1.8214,2,1.01,1.8035,29,1.01,1.8035,20,1.015,1.8125,0,0
SPY190712C299,2019-07-10,2019-07-10 09:30:54,1.02,1.8214,2,1.01,1.8035,162,1.01,1.8035,20,1.015,1.8125,0,0
SPY190712C299,2019-07-10,2019-07-10 09:30:54,1.02,1.8214,2,1.01,1.8035,202,1.01,1.8035,20,1.015,1.8125,0,0
SPY190712C299,2019-07-10,2019-07-10 09:30:55,1.02,1.8214,2,1.01,1.8035,92,1.01,1.8035,20,1.015,1.8125,0,0
SPY190712C299,2019-07-10,2019-07-10 09:30:55,1.02,1.8214,2,1.01,1.8035,176,1.01,1.8035,20,1.015,1.8125,0,0
SPY190712C299,2019-07-10,2019-07-10 09:30:56,1.02,1.8214,2,1.01,1.8035,53,1.01,1.8035,20,1.015,1.8125,0,0
SPY190712C299,2019-07-10,2019-07-10 09:30:56,1.02,1.8214,2,1.01,1.8035,79,1.01,1.8035,3,1.015,1.8125,0,0
SPY190712C299,2019-07-10,2019-07-10 09:30:57,1.02,1.8214,2,1.01,1.8035,113,1.02,1.8214,10,1.015,1.8125,0,0
SPY190712C299,2019-07-10,2019-07-10 09:30:58,1.02,1.8214,4,1.01,1.8035,155,1.02,1.8214,10,1.015,1.8125,0,0
SPY190712C299,2019-07-10,2019-07-10 09:30:58,1.02,1.8214,4,1.01,1.8035,121,1.02,1.8214,10,1.015,1.8125,0,0
SPY190712C299,2019-07-10,2019-07-10 09:30:59,1.02,1.8214,4,1.01,1.8035,155,1.02,1.8214,10,1.015,1.8125,0,0
SPY190712C299,2019-07-10,2019-07-10 09:30:59,1.02,1.8214,4,1.01,1.8035,156,1.02,1.8214,10,1.015,1.8125,0,0
SPY190712C299,2019-07-10,2019-07-10 09:31:00,1.02,1.8214,4,1.02,1.8214,47,1.02,1.8214,2,1.02,1.8214,0,0
SPY190712C299,2019-07-10,2019-07-10 09:31:01,1.02,1.8214,4,1.02,1.8214,52,1.02,1.8214,2,1.02,1.8214,0,0
SPY190712C299,2019-07-10,2019-07-10 09:31:01,1.02,1.8214,4,1.02,1.8214,31,1.02,1.8214,2,1.02,1.8214,0,0
SPY190712C299,2019-07-10,2019-07-10 09:31:02,1.02,1.8214,4,1.02,1.8214,43,1.02,1.8214,2,1.02,1.8214,0,0
SPY190712C299,2019-07-10,2019-07-10 09:31:02,1.02,1.8214,4,1.02,1.8214,45,1.02,1.8214,1,1.02,1.8214,0,0
SPY190712C299,2019-07-10,2019-07-10 09:31:03,1.03,1.8392,50,1.02,1.8214,30,1.02,1.8214,50,1.025,1.8303,0,0
SPY190712C299,2019-07-10,2019-07-10 09:31:03,1.02,1.8214,4,1.02,1.8214,31,1.02,1.8214,1,1.02,1.8214,0,0
SPY190712C299,2019-07-10,2019-07-10 09:31:04,1.03,1.8392,35,1.02,1.8214,30,1.03,1.8392,15,1.025,1.8303,0,0
SPY190712C299,2019-07-10,2019-07-10 09:31:04,1.04,1.8571,418,1.02,1.8214,30,1.02,1.8214,1,1.03,1.8392,0,0
SPY190712C299,2019-07-10,2019-07-10 09:31:05,1.03,1.8392,96,1.02,1.8214,30,1.02,1.8214,1,1.025,1.8303,0,0
SPY190712C299,2019-07-10,2019-07-10 09:31:06,1.03,1.8392,23,1.02,1.8214,30,1.02,1.8214,1,1.025,1.8303,0,0
SPY190712C299,2019-07-10,2019-07-10 09:31:06,1.03,1.8392,29,1.02,1.8214,30,1.02,1.8214,1,1.025,1.8303,0,0
SPY190712C299,2019-07-10,2019-07-10 09:31:07,1.03,1.8392,23,1.02,1.8214,30,1.02,1.8214,1,1.025,1.8303,0,0
SPY190712C299,2019-07-10,2019-07-10 09:31:08,1.03,1.8392,23,1.02,1.8214,38,1.02,1.8214,1,1.025,1.8303,0,0
SPY190712C299,2019-07-10,2019-07-10 09:31:08,1.03,1.8392,23,1.02,1.8214,39,1.02,1.8214,1,1.025,1.8303,0,0
SPY190712C299,2019-07-10,2019-07-10 09:31:09,1.04,1.8571,175,1.03,1.8392,10,1.02,1.8214,1,1.035,1.8482,0,0
SPY190712C299,2019-07-10,2019-07-10 09:31:10,1.04,1.8571,175,1.03,1.8392,10,1.02,1.8214,1,1.035,1.8482,0,0
SPY190712C299,2019-07-10,2019-07-10 09:31:10,1.04,1.8571,175,1.03,1.8392,60,1.02,1.8214,1,1.035,1.8482,0,0
SPY190712C299,2019-07-10,2019-07-10 09:31:11,1.04,1.8571,2,1.03,1.8392,84,1.02,1.8214,1,1.035,1.8482,0,0
SPY190712C299,2019-07-10,2019-07-10 09:31:11,1.04,1.8571,2,1.03,1.8392,78,1.02,1.8214,1,1.035,1.8482,0,0
SPY190712C299,2019-07-10,2019-07-10 09:31:12,1.04,1.8571,1,1.03,1.8392,78,1.04,1.8571,2,1.035,1.8482,0,0
SPY190712C299,2019-07-10,2019-07-10 09:31:12,1.05,1.875,317,1.03,1.8392,113,1.04,1.8571,2,1.04,1.8571,0,0
SPY190712C299,2019-07-10,2019-07-10 09:31:13,1.05,1.875,317,1.04,1.8571,6,1.04,1.8571,2,1.045,1.866,0,0
SPY190712C299,2019-07-10,2019-07-10 09:31:13,1.05,1.875,317,1.03,1.8392,113,1.04,1.8571,2,1.04,1.8571,0,0
SPY190712C299,2019-07-10,2019-07-10 09:31:14,1.05,1.875,317,1.03,1.8392,123,1.05,1.875,1,1.04,1.8571,0,0
SPY190712C299,2019-07-10,2019-07-10 09:31:15,1.04,1.8571,29,1.03,1.8392,122,1.05,1.875,1,1.035,1.8482,0,0
SPY190712C299,2019-07-10,2019-07-10 09:31:15,1.04,1.8571,29,1.03,1.8392,123,1.05,1.875,1,1.035,1.8482,0,0
SPY190712C299,2019-07-10,2019-07-10 09:31:16,1.05,1.875,1,1.04,1.8571,104,1.03,1.8392,3,1.045,1.866,0,0
SPY190712C299,2019-07-10,2019-07-10 09:31:16,1.05,1.875,148,1.03,1.8392,89,1.03,1.8392,3,1.04,1.8571,0,0
SPY190712C299,2019-07-10,2019-07-10 09:31:17,1.05,1.875,23,1.04,1.8571,128,1.03,1.8392,3,1.045,1.866,0,0
SPY190712C299,2019-07-10,2019-07-10 09:31:17,1.05,1.875,46,1.04,1.8571,128,1.03,1.8392,3,1.045,1.866,0,0
SPY190712C299,2019-07-10,2019-07-10 09:31:18,1.05,1.875,6,1.04,1.8571,128,1.03,1.8392,3,1.045,1.866,0,0
SPY190712C299,2019-07-10,2019-07-10 09:31:18,1.05,1.875,1,1.04,1.8571,129,1.03,1.8392,3,1.045,1.866,0,0
SPY190712C299,2019-07-10,2019-07-10 09:31:19,1.06,1.8928,145,1.05,1.875,110,1.05,1.875,1,1.055,1.8839,0,0
SPY190712C299,2019-07-10,2019-07-10 09:31:20,1.06,1.8928,2,1.05,1.875,110,1.05,1.875,1,1.055,1.8839,0,0
SPY190712C299,2019-07-10,2019-07-10 09:31:20,1.05,1.875,5,1.03,1.8392,145,1.05,1.875,1,1.04,1.8571,0,0
SPY190712C299,2019-07-10,2019-07-10 09:31:21,1.05,1.875,43,1.04,1.8571,25,1.05,1.875,2,1.045,1.866,0,0
SPY190712C299,2019-07-10,2019-07-10 09:31:21,1.05,1.875,106,1.03,1.8392,226,1.05,1.875,2,1.04,1.8571,0,0
SPY190712C299,2019-07-10,2019-07-10 09:31:22,1.05,1.875,157,1.04,1.8571,31,1.03,1.8392,1,1.045,1.866,0,0
SPY190712C299,2019-07-10,2019-07-10 09:31:22,1.05,1.875,174,1.03,1.8392,243,1.03,1.8392,1,1.04,1.8571,0,0
SPY190712C299,2019-07-10,2019-07-10 09:31:23,1.05,1.875,107,1.04,1.8571,3,1.05,1.875,1,1.045,1.866,0,0
SPY190712C299,2019-07-10,2019-07-10 09:31:24,1.05,1.875,107,1.04,1.8571,3,1.05,1.875,1,1.045,1.866,0,0
SPY190712C299,2019-07-10,2019-07-10 09:31:24,1.05,1.875,107,1.04,1.8571,60,1.05,1.875,1,1.045,1.866,0,0
SPY190712C299,2019-07-10,2019-07-10 09:31:25,1.05,1.875,23,1.04,1.8571,60,1.05,1.875,1,1.045,1.866,0,0
SPY190712C299,2019-07-10,2019-07-10 09:31:25,1.05,1.875,107,1.04,1.8571,33,1.05,1.875,1,1.045,1.866,0,0
SPY190712C299,2019-07-10,2019-07-10 09:31:26,1.06,1.8928,426,1.05,1.875,3,1.06,1.8928,1,1.055,1.8839,0,0
SPY190712C299,2019-07-10,2019-07-10 09:31:27,1.06,1.8928,426,1.05,1.875,3,1.06,1.8928,1,1.055,1.8839,0,0
SPY190712C299,2019-07-10,2019-07-10 09:31:28,1.05,1.875,165,1.04,1.8571,3,1.05,1.875,1,1.045,1.866,0,0
SPY190712C299,2019-07-10,2019-07-10 09:31:29,1.05,1.875,110,1.04,1.8571,3,1.05,1.875,1,1.045,1.866,0,0
SPY190712C299,2019-07-10,2019-07-10 09:31:29,1.05,1.875,165,1.04,1.8571,3,1.05,1.875,1,1.045,1.866,0,0
SPY190712C299,2019-07-10,2019-07-10 09:31:30,1.05,1.875,85,1.04,1.8571,3,1.05,1.875,17,1.045,1.866,0,0
SPY190712C299,2019-07-10,2019-07-10 09:31:31,1.05,1.875,59,1.04,1.8571,3,1.05,1.875,17,1.045,1.866,0,0
SPY190712C299,2019-07-10,2019-07-10 09:31:31,1.05,1.875,29,1.04,1.8571,32,1.05,1.875,17,1.045,1.866,0,0
SPY190712C299,2019-07-10,2019-07-10 09:31:32,1.05,1.875,6,1.04,1.8571,3,1.05,1.875,25,1.045,1.866,0,0
SPY190712C299,2019-07-10,2019-07-10 09:31:32,1.05,1.875,6,1.04,1.8571,67,1.05,1.875,25,1.045,1.866,0,0
SPY190712C299,2019-07-10,2019-07-10 09:31:33,1.05,1.875,6,1.04,1.8571,259,1.05,1.875,25,1.045,1.866,0,0
SPY190712C299,2019-07-10,2019-07-10 09:31:33,1.05,1.875,6,1.04,1.8571,431,1.05,1.875,25,1.045,1.866,0,0
SPY190712C299,2019-07-10,2019-07-10 09:31:34,1.05,1.875,2,1.04,1.8571,431,1.05,1.875,25,1.045,1.866,0,0
SPY190712C299,2019-07-10,2019-07-10 09:31:34,1.05,1.875,2,1.04,1.8571,610,1.05,1.875,25,1.045,1.866,0,0
SPY190712C299,2019-07-10,2019-07-10 09:31:35,1.05,1.875,2,1.04,1.8571,530,1.05,1.875,25,1.045,1.866,0,0
SPY190712C299,2019-07-10,2019-07-10 09:31:36,1.05,1.875,2,1.04,1.8571,630,1.05,1.875,25,1.045,1.866,0,0
SPY190712C299,2019-07-10,2019-07-10 09:31:36,1.05,1.875,2,1.04,1.8571,467,1.05,1.875,25,1.045,1.866,0,0
SPY190712C299,2019-07-10,2019-07-10 09:31:37,1.05,1.875,2,1.04,1.8571,137,1.05,1.875,25,1.045,1.866,0,0
SPY190712C299,2019-07-10,2019-07-10 09:31:37,1.05,1.875,2,1.04,1.8571,254,1.05,1.875,25,1.045,1.866,0,0
SPY190712C299,2019-07-10,2019-07-10 09:31:38,1.05,1.875,2,1.04,1.8571,254,1.04,1.8571,1,1.045,1.866,0,0
SPY190712C299,2019-07-10,2019-07-10 09:31:39,1.05,1.875,23,1.04,1.8571,299,1.04,1.8571,10,1.045,1.866,0,0
SPY190712C299,2019-07-10,2019-07-10 09:31:39,1.05,1.875,29,1.04,1.8571,299,1.04,1.8571,10,1.045,1.866,0,0
SPY190712C299,2019-07-10,2019-07-10 09:31:40,1.05,1.875,29,1.04,1.8571,109,1.04,1.8571,10,1.045,1.866,0,0
SPY190712C299,2019-07-10,2019-07-10 09:31:41,1.05,1.875,2,1.04,1.8571,132,1.04,1.8571,10,1.045,1.866,0,0
SPY190712C299,2019-07-10,2019-07-10 09:31:41,1.05,1.875,57,1.04,1.8571,77,1.05,1.875,1,1.045,1.866,0,0
SPY190712C299,2019-07-10,2019-07-10 09:31:42,1.05,1.875,26,1.04,1.8571,31,1.04,1.8571,4,1.045,1.866,0,0
SPY190712C299,2019-07-10,2019-07-10 09:31:42,1.05,1.875,26,1.04,1.8571,54,1.04,1.8571,4,1.045,1.866,0,0
SPY190712C299,2019-07-10,2019-07-10 09:31:43,1.05,1.875,1,1.04,1.8571,100,1.04,1.8571,6,1.045,1.866,0,0
SPY190712C299,2019-07-10,2019-07-10 09:31:43,1.05,1.875,1,1.04,1.8571,139,1.04,1.8571,6,1.045,1.866,0,0
SPY190712C299,2019-07-10,2019-07-10 09:31:44,1.05,1.875,1,1.04,1.8571,139,1.04,1.8571,6,1.045,1.866,0,0
SPY190712C299,2019-07-10,2019-07-10 09:31:45,1.05,1.875,1,1.04,1.8571,139,1.04,1.8571,6,1.045,1.866,0,0
SPY190712C299,2019-07-10,2019-07-10 09:31:45,1.06,1.8928,7,1.05,1.875,511,1.05,1.875,1,1.055,1.8839,0,0
SPY190712C299,2019-07-10,2019-07-10 09:31:46,1.06,1.8928,7,1.05,1.875,735,1.05,1.875,10,1.055,1.8839,0,0
SPY190712C299,2019-07-10,2019-07-10 09:31:46,1.06,1.8928,7,1.05,1.875,687,1.05,1.875,1,1.055,1.8839,0,0
SPY190712C299,2019-07-10,2019-07-10 09:31:47,1.06,1.8928,7,1.05,1.875,874,1.05,1.875,10,1.055,1.8839,0,0
SPY190712C299,2019-07-10,2019-07-10 09:31:47,1.06,1.8928,7,1.05,1.875,864,1.05,1.875,10,1.055,1.8839,0,0
SPY190712C299,2019-07-10,2019-07-10 09:31:48,1.06,1.8928,7,1.05,1.875,864,1.06,1.8928,1,1.055,1.8839,0,0
SPY190712C299,2019-07-10,2019-07-10 09:31:49,1.08,1.9285,247,1.07,1.9107,31,1.07,1.9107,24,1.075,1.9196,0,0
SPY190712C299,2019-07-10,2019-07-10 09:31:49,1.06,1.8928,7,1.05,1.875,588,1.06,1.8928,1,1.055,1.8839,0,0
SPY190712C299,2019-07-10,2019-07-10 09:31:50,1.08,1.9285,80,1.07,1.9107,61,1.07,1.9107,24,1.075,1.9196,0,0
SPY190712C299,2019-07-10,2019-07-10 09:31:50,1.08,1.9285,80,1.07,1.9107,111,1.07,1.9107,24,1.075,1.9196,0,0
SPY190712C299,2019-07-10,2019-07-10 09:31:51,1.08,1.9285,80,1.07,1.9107,61,1.07,1.9107,24,1.075,1.9196,0,0
SPY190712C299,2019-07-10,2019-07-10 09:31:52,1.08,1.9285,80,1.07,1.9107,61,1.07,1.9107,24,1.075,1.9196,0,0
SPY190712C299,2019-07-10,2019-07-10 09:31:52,1.08,1.9285,80,1.07,1.9107,61,1.07,1.9107,3,1.075,1.9196,0,0
SPY190712C299,2019-07-10,2019-07-10 09:31:53,1.08,1.9285,80,1.07,1.9107,186,1.07,1.9107,3,1.075,1.9196,0,0
SPY190712C299,2019-07-10,2019-07-10 09:31:53,1.08,1.9285,80,1.07,1.9107,166,1.07,1.9107,3,1.075,1.9196,0,0
SPY190712C299,2019-07-10,2019-07-10 09:31:54,1.08,1.9285,80,1.07,1.9107,171,1.07,1.9107,3,1.075,1.9196,0,0
SPY190712C299,2019-07-10,2019-07-10 09:31:55,1.08,1.9285,76,1.07,1.9107,117,1.08,1.9285,4,1.075,1.9196,0,0
SPY190712C299,2019-07-10,2019-07-10 09:31:56,1.08,1.9285,76,1.07,1.9107,86,1.08,1.9285,4,1.075,1.9196,0,0
SPY190712C299,2019-07-10,2019-07-10 09:31:57,1.08,1.9285,74,1.07,1.9107,152,1.08,1.9285,2,1.075,1.9196,0,0
SPY190712C299,2019-07-10,2019-07-10 09:31:57,1.08,1.9285,76,1.07,1.9107,152,1.08,1.9285,2,1.075,1.9196,0,0
SPY190712C299,2019-07-10,2019-07-10 09:31:58,1.08,1.9285,74,1.07,1.9107,140,1.08,1.9285,2,1.075,1.9196,0,0
SPY190712C299,2019-07-10,2019-07-10 09:31:59,1.08,1.9285,74,1.07,1.9107,132,1.07,1.9107,1,1.075,1.9196,0,0
SPY190712C299,2019-07-10,2019-07-10 09:31:59,1.08,1.9285,74,1.07,1.9107,129,1.07,1.9107,1,1.075,1.9196,0,0
SPY190712C299,2019-07-10,2019-07-10 09:32:00,1.08,1.9285,74,1.07,1.9107,121,1.07,1.9107,1,1.075,1.9196,0,0
SPY190712C299,2019-07-10,2019-07-10 09:32:01,1.08,1.9285,74,1.07,1.9107,80,1.07,1.9107,1,1.075,1.9196,0,0
SPY190712C299,2019-07-10,2019-07-10 09:32:02,1.08,1.9285,74,1.07,1.9107,110,1.07,1.9107,1,1.075,1.9196,0,0
SPY190712C299,2019-07-10,2019-07-10 09:32:03,1.08,1.9285,74,1.07,1.9107,19,1.07,1.9107,1,1.075,1.9196,0,0
SPY190712C299,2019-07-10,2019-07-10 09:32:03,1.08,1.9285,74,1.07,1.9107,61,1.07,1.9107,1,1.075,1.9196,0,0
SPY190712C299,2019-07-10,2019-07-10 09:32:04,1.08,1.9285,74,1.06,1.8928,102,1.08,1.9285,1,1.07,1.9107,0,0
SPY190712C299,2019-07-10,2019-07-10 09:32:04,1.08,1.9285,74,1.06,1.8928,116,1.07,1.9107,1,1.07,1.9107,0,0
SPY190712C299,2019-07-10,2019-07-10 09:32:05,1.08,1.9285,176,1.07,1.9107,26,1.07,1.9107,25,1.075,1.9196,0,0
SPY190712C299,2019-07-10,2019-07-10 09:32:05,1.08,1.9285,74,1.07,1.9107,26,1.07,1.9107,3,1.075,1.9196,0,0
SPY190712C299,2019-07-10,2019-07-10 09:32:06,1.08,1.9285,74,1.07,1.9107,76,1.07,1.9107,1,1.075,1.9196,0,0
SPY190712C299,2019-07-10,2019-07-10 09:32:07,1.08,1.9285,74,1.07,1.9107,48,1.07,1.9107,1,1.075,1.9196,0,0
SPY190712C299,2019-07-10,2019-07-10 09:32:07,1.08,1.9285,74,1.07,1.9107,80,1.07,1.9107,8,1.075,1.9196,0,0
SPY190712C299,2019-07-10,2019-07-10 09:32:08,1.08,1.9285,74,1.07,1.9107,80,1.07,1.9107,8,1.075,1.9196,0,0
SPY190712C299,2019-07-10,2019-07-10 09:32:08,1.08,1.9285,74,1.07,1.9107,50,1.08,1.9285,48,1.075,1.9196,0,0
SPY190712C299,2019-07-10,2019-07-10 09:32:09,1.08,1.9285,74,1.07,1.9107,25,1.08,1.9285,48,1.075,1.9196,0,0
SPY190712C299,2019-07-10,2019-07-10 09:32:09,1.08,1.9285,74,1.07,1.9107,47,1.08,1.9285,48,1.075,1.9196,0,0
SPY190712C299,2019-07-10,2019-07-10 09:32:10,1.08,1.9285,74,1.07,1.9107,36,1.08,1.9285,48,1.075,1.9196,0,0
SPY190712C299,2019-07-10,2019-07-10 09:32:11,1.08,1.9285,74,1.07,1.9107,43,1.07,1.9107,1,1.075,1.9196,0,0
SPY190712C299,2019-07-10,2019-07-10 09:32:11,1.08,1.9285,74,1.07,1.9107,62,1.07,1.9107,1,1.075,1.9196,0,0
SPY190712C299,2019-07-10,2019-07-10 09:32:12,1.08,1.9285,74,1.07,1.9107,62,1.07,1.9107,1,1.075,1.9196,0,0
SPY190712C299,2019-07-10,2019-07-10 09:32:12,1.08,1.9285,74,1.07,1.9107,139,1.07,1.9107,1,1.075,1.9196,0,0
SPY190712C299,2019-07-10,2019-07-10 09:32:13,1.08,1.9285,74,1.07,1.9107,168,1.07,1.9107,4,1.075,1.9196,0,0
SPY190712C299,2019-07-10,2019-07-10 09:32:13,1.08,1.9285,74,1.07,1.9107,139,1.07,1.9107,4,1.075,1.9196,0,0
SPY190712C299,2019-07-10,2019-07-10 09:32:14,1.09,1.9464,132,1.07,1.9107,48,1.08,1.9285,71,1.08,1.9285,0,0
SPY190712C299,2019-07-10,2019-07-10 09:32:14,1.09,1.9464,164,1.07,1.9107,87,1.08,1.9285,71,1.08,1.9285,0,0
SPY190712C299,2019-07-10,2019-07-10 09:32:15,1.09,1.9464,131,1.07,1.9107,87,1.08,1.9285,5,1.08,1.9285,0,0
SPY190712C299,2019-07-10,2019-07-10 09:32:15,1.09,1.9464,78,1.08,1.9285,23,1.08,1.9285,5,1.085,1.9375,0,0
SPY190712C299,2019-07-10,2019-07-10 09:32:16,1.09,1.9464,29,1.08,1.9285,23,1.09,1.9464,5,1.085,1.9375,0,0
SPY190712C299,2019-07-10,2019-07-10 09:32:17,1.09,1.9464,85,1.08,1.9285,17,1.09,1.9464,5,1.085,1.9375,0,0
SPY190712C299,2019-07-10,2019-07-10 09:32:17,1.09,1.9464,85,1.08,1.9285,47,1.09,1.9464,5,1.085,1.9375,0,0
SPY190712C299,2019-07-10,2019-07-10 09:32:18,1.09,1.9464,85,1.08,1.9285,44,1.08,1.9285,2,1.085,1.9375,0,0
SPY190712C299,2019-07-10,2019-07-10 09:32:18,1.09,1.9464,57,1.08,1.9285,47,1.08,1.9285,2,1.085,1.9375,0,0
SPY190712C299,2019-07-10,2019-07-10 09:32:19,1.1,1.9642,10,1.09,1.9464,55,1.08,1.9285,5,1.095,1.9553,0,0
SPY190712C299,2019-07-10,2019-07-10 09:32:19,1.1,1.9642,603,1.08,1.9285,60,1.08,1.9285,5,1.09,1.9464,0,0
SPY190712C299,2019-07-10,2019-07-10 09:32:20,1.1,1.9642,34,1.09,1.9464,85,1.08,1.9285,5,1.095,1.9553,0,0
SPY190712C299,2019-07-10,2019-07-10 09:32:20,1.1,1.9642,1,1.09,1.9464,85,1.1,1.9642,3,1.095,1.9553,0,0
SPY190712C299,2019-07-10,2019-07-10 09:32:21,1.11,1.9821,169,1.09,1.9464,85,1.11,1.9821,87,1.1,1.9642,0,0
SPY190712C299,2019-07-10,2019-07-10 09:32:21,1.11,1.9821,134,1.1,1.9642,46,1.11,1.9821,87,1.105,1.9732,0,0
SPY190712C299,2019-07-10,2019-07-10 09:32:22,1.11,1.9821,134,1.1,1.9642,62,1.11,1.9821,87,1.105,1.9732,0,0
SPY190712C299,2019-07-10,2019-07-10 09:32:22,1.11,1.9821,134,1.1,1.9642,104,1.11,1.9821,87,1.105,1.9732,0,0
SPY190712C299,2019-07-10,2019-07-10 09:32:23,1.11,1.9821,134,1.1,1.9642,180,1.11,1.9821,87,1.105,1.9732,0,0
SPY190712C299,2019-07-10,2019-07-10 09:32:24,1.11,1.9821,134,1.1,1.9642,194,1.11,1.9821,87,1.105,1.9732,0,0
SPY190712C299,2019-07-10,2019-07-10 09:32:24,1.11,1.9821,134,1.1,1.9642,180,1.11,1.9821,87,1.105,1.9732,0,0
SPY190712C299,2019-07-10,2019-07-10 09:32:25,1.11,1.9821,134,1.1,1.9642,196,1.11,1.9821,87,1.105,1.9732,0,0
SPY190712C299,2019-07-10,2019-07-10 09:32:25,1.12,2.0,83,1.1,1.9642,196,1.11,1.9821,15,1.11,1.9821,0,0
SPY190712C299,2019-07-10,2019-07-10 09:32:26,1.12,2.0,83,1.1,1.9642,196,1.11,1.9821,15,1.11,1.9821,0,0
SPY190712C299,2019-07-10,2019-07-10 09:32:26,1.12,2.0,83,1.1,1.9642,315,1.11,1.9821,15,1.11,1.9821,0,0
SPY190712C299,2019-07-10,2019-07-10 09:32:27,1.12,2.0,83,1.11,1.9821,4,1.12,2.0,35,1.115,1.991,0,0
SPY190712C299,2019-07-10,2019-07-10 09:32:27,1.12,2.0,83,1.1,1.9642,315,1.12,2.0,35,1.11,1.9821,0,0
SPY190712C299,2019-07-10,2019-07-10 09:32:28,1.12,2.0,83,1.11,1.9821,4,1.12,2.0,2,1.115,1.991,0,0
SPY190712C299,2019-07-10,2019-07-10 09:32:29,1.12,2.0,32,1.11,1.9821,56,1.12,2.0,2,1.115,1.991,0,0
SPY190712C299,2019-07-10,2019-07-10 09:32:30,1.12,2.0,32,1.11,1.9821,56,1.12,2.0,2,1.115,1.991,0,0
SPY190712C299,2019-07-10,2019-07-10 09:32:30,1.12,2.0,32,1.11,1.9821,33,1.12,2.0,2,1.115,1.991,0,0
SPY190712C299,2019-07-10,2019-07-10 09:32:31,1.12,2.0,62,1.11,1.9821,63,1.12,2.0,2,1.115,1.991,0,0
SPY190712C299,2019-07-10,2019-07-10 09:32:31,1.12,2.0,29,1.11,1.9821,26,1.12,2.0,2,1.115,1.991,0,0
SPY190712C299,2019-07-10,2019-07-10 09:32:32,1.12,2.0,62,1.11,1.9821,63,1.12,2.0,2,1.115,1.991,0,0
SPY190712C299,2019-07-10,2019-07-10 09:32:33,1.12,2.0,100,1.11,1.9821,63,1.12,2.0,10,1.115,1.991,0,0
SPY190712C299,2019-07-10,2019-07-10 09:32:33,1.12,2.0,112,1.11,1.9821,63,1.12,2.0,10,1.115,1.991,0,0
SPY190712C299,2019-07-10,2019-07-10 09:32:34,1.12,2.0,105,1.11,1.9821,63,1.12,2.0,10,1.115,1.991,0,0
SPY190712C299,2019-07-10,2019-07-10 09:32:34,1.12,2.0,100,1.11,1.9821,4,1.12,2.0,10,1.115,1.991,0,0
SPY190712C299,2019-07-10,2019-07-10 09:32:36,1.12,2.0,100,1.11,1.9821,33,1.12,2.0,10,1.115,1.991,0,0
SPY190712C299,2019-07-10,2019-07-10 09:32:37,1.12,2.0,86,1.11,1.9821,35,1.12,2.0,10,1.115,1.991,0,0
SPY190712C299,2019-07-10,2019-07-10 09:32:37,1.12,2.0,2,1.11,1.9821,35,1.12,2.0,10,1.115,1.991,0,0
SPY190712C299,2019-07-10,2019-07-10 09:32:38,1.12,2.0,2,1.11,1.9821,63,1.12,2.0,10,1.115,1.991,0,0
SPY190712C299,2019-07-10,2019-07-10 09:32:38,1.12,2.0,32,1.11,1.9821,86,1.11,1.9821,8,1.115,1.991,0,0
SPY190712C299,2019-07-10,2019-07-10 09:32:39,1.12,2.0,2,1.11,1.9821,144,1.11,1.9821,8,1.115,1.991,0,0
SPY190712C299,2019-07-10,2019-07-10 09:32:40,1.13,2.0178,160,1.12,2.0,31,1.12,2.0,2,1.125,2.0089,0,0
SPY190712C299,2019-07-10,2019-07-10 09:32:40,1.13,2.0178,135,1.12,2.0,35,1.12,2.0,2,1.125,2.0089,0,0
SPY190712C299,2019-07-10,2019-07-10 09:32:41,1.13,2.0178,31,1.12,2.0,61,1.13,2.0178,15,1.125,2.0089,0,0
SPY190712C299,2019-07-10,2019-07-10 09:32:41,1.13,2.0178,127,1.12,2.0,64,1.13,2.0178,15,1.125,2.0089,0,0
SPY190712C299,2019-07-10,2019-07-10 09:32:42,1.13,2.0178,31,1.12,2.0,91,1.13,2.0178,15,1.125,2.0089,0,0
SPY190712C299,2019-07-10,2019-07-10 09:32:42,1.13,2.0178,31,1.12,2.0,84,1.13,2.0178,15,1.125,2.0089,0,0
SPY190712C299,2019-07-10,2019-07-10 09:32:43,1.13,2.0178,31,1.12,2.0,126,1.13,2.0178,15,1.125,2.0089,0,0
SPY190712C299,2019-07-10,2019-07-10 09:32:44,1.14,2.0357,317,1.12,2.0,126,1.13,2.0178,15,1.13,2.0178,0,0
SPY190712C299,2019-07-10,2019-07-10 09:32:44,1.13,2.0178,32,1.12,2.0,134,1.13,2.0178,15,1.125,2.0089,0,0
SPY190712C299,2019-07-10,2019-07-10 09:32:45,1.13,2.0178,27,1.12,2.0,136,1.13,2.0178,4,1.125,2.0089,0,0
SPY190712C299,2019-07-10,2019-07-10 09:32:46,1.13,2.0178,29,1.12,2.0,138,1.13,2.0178,4,1.125,2.0089,0,0
SPY190712C299,2019-07-10,2019-07-10 09:32:47,1.13,2.0178,29,1.12,2.0,59,1.13,2.0178,1,1.125,2.0089,0,0
SPY190712C299,2019-07-10,2019-07-10 09:32:47,1.13,2.0178,29,1.12,2.0,139,1.13,2.0178,4,1.125,2.0089,0,0
SPY190712C299,2019-07-10,2019-07-10 09:32:48,1.13,2.0178,50,1.12,2.0,89,1.13,2.0178,1,1.125,2.0089,0,0
SPY190712C299,2019-07-10,2019-07-10 09:32:48,1.13,2.0178,80,1.12,2.0,59,1.13,2.0178,1,1.125,2.0089,0,0
SPY190712C299,2019-07-10,2019-07-10 09:32:49,1.13,2.0178,79,1.12,2.0,89,1.13,2.0178,1,1.125,2.0089,0,0
SPY190712C299,2019-07-10,2019-07-10 09:32:50,1.13,2.0178,79,1.12,2.0,89,1.13,2.0178,2,1.125,2.0089,0,0
SPY190712C299,2019-07-10,2019-07-10 09:32:51,1.13,2.0178,50,1.12,2.0,28,1.13,2.0178,50,1.125,2.0089,0,0
SPY190712C299,2019-07-10,2019-07-10 09:32:51,1.13,2.0178,1,1.12,2.0,34,1.13,2.0178,50,1.125,2.0089,0,0
SPY190712C299,2019-07-10,2019-07-10 09:32:52,1.15,2.0535,184,1.12,2.0,28,1.12,2.0,3,1.135,2.0267,0,0
SPY190712C299,2019-07-10,2019-07-10 09:32:53,1.14,2.0357,23,1.13,2.0178,32,1.12,2.0,3,1.135,2.0267,0,0
SPY190712C299,2019-07-10,2019-07-10 09:32:54,1.14,2.0357,25,1.13,2.0178,32,1.12,2.0,3,1.135,2.0267,0,0
SPY190712C299,2019-07-10,2019-07-10 09:32:54,1.14,2.0357,25,1.13,2.0178,75,1.12,2.0,3,1.135,2.0267,0,0
SPY190712C299,2019-07-10,2019-07-10 09:32:55,1.14,2.0357,25,1.13,2.0178,75,1.12,2.0,3,1.135,2.0267,0,0
SPY190712C299,2019-07-10,2019-07-10 09:32:56,1.14,2.0357,31,1.13,2.0178,75,1.13,2.0178,10,1.135,2.0267,0,0
SPY190712C299,2019-07-10,2019-07-10 09:32:56,1.14,2.0357,25,1.13,2.0178,105,1.13,2.0178,10,1.135,2.0267,0,0
SPY190712C299,2019-07-10,2019-07-10 09:32:57,1.15,2.0535,432,1.13,2.0178,105,1.13,2.0178,10,1.14,2.0357,0,0
SPY190712C299,2019-07-10,2019-07-10 09:32:58,1.14,2.0357,1,1.13,2.0178,36,1.14,2.0357,40,1.135,2.0267,0,0
SPY190712C299,2019-07-10,2019-07-10 09:32:58,1.15,2.0535,244,1.13,2.0178,72,1.14,2.0357,40,1.14,2.0357,0,0
SPY190712C299,2019-07-10,2019-07-10 09:32:59,1.15,2.0535,123,1.14,2.0357,25,1.14,2.0357,40,1.145,2.0446,0,0
SPY190712C299,2019-07-10,2019-07-10 09:32:59,1.15,2.0535,133,1.13,2.0178,65,1.14,2.0357,40,1.14,2.0357,0,0
SPY190712C299,2019-07-10,2019-07-10 09:33:00,1.15,2.0535,352,1.14,2.0357,25,1.14,2.0357,5,1.145,2.0446,0,0
SPY190712C299,2019-07-10,2019-07-10 09:33:01,1.15,2.0535,352,1.14,2.0357,20,1.14,2.0357,5,1.145,2.0446,0,0
SPY190712C299,2019-07-10,2019-07-10 09:33:02,1.15,2.0535,372,1.14,2.0357,22,1.14,2.0357,5,1.145,2.0446,0,0
SPY190712C299,2019-07-10,2019-07-10 09:33:02,1.15,2.0535,512,1.14,2.0357,9,1.14,2.0357,3,1.145,2.0446,0,0
SPY190712C299,2019-07-10,2019-07-10 09:33:03,1.15,2.0535,512,1.14,2.0357,9,1.14,2.0357,3,1.145,2.0446,0,0
SPY190712C299,2019-07-10,2019-07-10 09:33:03,1.14,2.0357,259,1.12,2.0,60,1.13,2.0178,13,1.13,2.0178,0,0
SPY190712C299,2019-07-10,2019-07-10 09:33:04,1.13,2.0178,114,1.12,2.0,99,1.13,2.0178,13,1.125,2.0089,0,0
SPY190712C299,2019-07-10,2019-07-10 09:33:04,1.13,2.0178,114,1.12,2.0,60,1.13,2.0178,13,1.125,2.0089,0,0
SPY190712C299,2019-07-10,2019-07-10 09:33:05,1.14,2.0357,283,1.12,2.0,60,1.13,2.0178,5,1.13,2.0178,0,0
SPY190712C299,2019-07-10,2019-07-10 09:33:06,1.14,2.0357,585,1.12,2.0,60,1.14,2.0357,1,1.13,2.0178,0,0
SPY190712C299,2019-07-10,2019-07-10 09:33:07,1.14,2.0357,1,1.12,2.0,149,1.14,2.0357,1,1.13,2.0178,0,0
SPY190712C299,2019-07-10,2019-07-10 09:33:07,1.15,2.0535,300,1.12,2.0,387,1.13,2.0178,6,1.135,2.0267,0,0
SPY190712C299,2019-07-10,2019-07-10 09:33:08,1.15,2.0535,164,1.13,2.0178,50,1.13,2.0178,6,1.14,2.0357,0,0
SPY190712C299,2019-07-10,2019-07-10 09:33:08,1.15,2.0535,15,1.14,2.0357,46,1.13,2.0178,6,1.145,2.0446,0,0
SPY190712C299,2019-07-10,2019-07-10 09:33:09,1.15,2.0535,238,1.13,2.0178,54,1.15,2.0535,2,1.14,2.0357,0,0
SPY190712C299,2019-07-10,2019-07-10 09:33:09,1.15,2.0535,328,1.14,2.0357,14,1.15,2.0535,2,1.145,2.0446,0,0
SPY190712C299,2019-07-10,2019-07-10 09:33:10,1.15,2.0535,77,1.14,2.0357,4,1.15,2.0535,2,1.145,2.0446,0,0
SPY190712C299,2019-07-10,2019-07-10 09:33:10,1.15,2.0535,328,1.14,2.0357,4,1.15,2.0535,2,1.145,2.0446,0,0
SPY190712C299,2019-07-10,2019-07-10 09:33:11,1.15,2.0535,101,1.14,2.0357,25,1.15,2.0535,2,1.145,2.0446,0,0
SPY190712C299,2019-07-10,2019-07-10 09:33:12,1.15,2.0535,29,1.14,2.0357,51,1.15,2.0535,2,1.145,2.0446,0,0
SPY190712C299,2019-07-10,2019-07-10 09:33:13,1.15,2.0535,60,1.14,2.0357,68,1.15,2.0535,2,1.145,2.0446,0,0
SPY190712C299,2019-07-10,2019-07-10 09:33:13,1.15,2.0535,100,1.14,2.0357,81,1.15,2.0535,2,1.145,2.0446,0,0
SPY190712C299,2019-07-10,2019-07-10 09:33:14,1.15,2.0535,60,1.14,2.0357,25,1.14,2.0357,34,1.145,2.0446,0,0
SPY190712C299,2019-07-10,2019-07-10 09:33:14,1.15,2.0535,56,1.14,2.0357,68,1.14,2.0357,34,1.145,2.0446,0,0
SPY190712C299,2019-07-10,2019-07-10 09:33:15,1.15,2.0535,56,1.14,2.0357,40,1.14,2.0357,34,1.145,2.0446,0,0
SPY190712C299,2019-07-10,2019-07-10 09:33:15,1.15,2.0535,55,1.13,2.0178,29,1.14,2.0357,34,1.14,2.0357,0,0
SPY190712C299,2019-07-10,2019-07-10 09:33:16,1.15,2.0535,56,1.14,2.0357,51,1.14,2.0357,34,1.145,2.0446,0,0
SPY190712C299,2019-07-10,2019-07-10 09:33:16,1.15,2.0535,69,1.14,2.0357,40,1.15,2.0535,3,1.145,2.0446,0,0
SPY190712C299,2019-07-10,2019-07-10 09:33:17,1.15,2.0535,202,1.14,2.0357,26,1.15,2.0535,3,1.145,2.0446,0,0
SPY190712C299,2019-07-10,2019-07-10 09:33:18,1.14,2.0357,73,1.13,2.0178,46,1.15,2.0535,5,1.135,2.0267,0,0
SPY190712C299,2019-07-10,2019-07-10 09:33:18,1.14,2.0357,125,1.13,2.0178,81,1.15,2.0535,5,1.135,2.0267,0,0
SPY190712C299,2019-07-10,2019-07-10 09:33:19,1.13,2.0178,173,1.12,2.0,60,1.12,2.0,1,1.125,2.0089,0,0
SPY190712C299,2019-07-10,2019-07-10 09:33:19,1.13,2.0178,107,1.12,2.0,60,1.12,2.0,1,1.125,2.0089,0,0
SPY190712C299,2019-07-10,2019-07-10 09:33:20,1.14,2.0357,123,1.12,2.0,99,1.12,2.0,1,1.13,2.0178,0,0
SPY190712C299,2019-07-10,2019-07-10 09:33:20,1.14,2.0357,308,1.13,2.0178,10,1.12,2.0,1,1.135,2.0267,0,0
SPY190712C299,2019-07-10,2019-07-10 09:33:21,1.14,2.0357,308,1.13,2.0178,10,1.13,2.0178,2,1.135,2.0267,0,0
SPY190712C299,2019-07-10,2019-07-10 09:33:21,1.14,2.0357,308,1.12,2.0,112,1.13,2.0178,2,1.13,2.0178,0,0
SPY190712C299,2019-07-10,2019-07-10 09:33:22,1.13,2.0178,29,1.12,2.0,112,1.13,2.0178,2,1.125,2.0089,0,0
SPY190712C299,2019-07-10,2019-07-10 09:33:22,1.14,2.0357,308,1.12,2.0,122,1.13,2.0178,2,1.13,2.0178,0,0
SPY190712C299,2019-07-10,2019-07-10 09:33:23,1.13,2.0178,66,1.12,2.0,95,1.14,2.0357,15,1.125,2.0089,0,0
SPY190712C299,2019-07-10,2019-07-10 09:33:24,1.13,2.0178,296,1.12,2.0,60,1.12,2.0,10,1.125,2.0089,0,0
SPY190712C299,2019-07-10,2019-07-10 09:33:24,1.13,2.0178,207,1.12,2.0,60,1.14,2.0357,15,1.125,2.0089,0,0
SPY190712C299,2019-07-10,2019-07-10 09:33:25,1.11,1.9821,71,1.1,1.9642,43,1.12,2.0,1,1.105,1.9732,0,0
SPY190712C299,2019-07-10,2019-07-10 09:33:25,1.13,2.0178,526,1.12,2.0,60,1.13,2.0178,4,1.125,2.0089,0,0
SPY190712C299,2019-07-10,2019-07-10 09:33:26,1.11,1.9821,50,1.1,1.9642,12,1.11,1.9821,1,1.105,1.9732,0,0
SPY190712C299,2019-07-10,2019-07-10 09:33:26,1.11,1.9821,180,1.1,1.9642,43,1.12,2.0,1,1.105,1.9732,0,0
SPY190712C299,2019-07-10,2019-07-10 09:33:27,1.12,2.0,107,1.11,1.9821,33,1.11,1.9821,5,1.115,1.991,0,0
SPY190712C299,2019-07-10,2019-07-10 09:33:27,1.11,1.9821,98,1.1,1.9642,68,1.11,1.9821,1,1.105,1.9732,0,0
SPY190712C299,2019-07-10,2019-07-10 09:33:28,1.12,2.0,166,1.11,1.9821,33,1.11,1.9821,5,1.115,1.991,0,0
SPY190712C299,2019-07-10,2019-07-10 09:33:29,1.11,1.9821,100,1.1,1.9642,12,1.11,1.9821,1,1.105,1.9732,0,0
SPY190712C299,2019-07-10,2019-07-10 09:33:29,1.12,2.0,50,1.11,1.9821,35,1.11,1.9821,5,1.115,1.991,0,0
SPY190712C299,2019-07-10,2019-07-10 09:33:30,1.11,1.9821,50,1.1,1.9642,86,1.11,1.9821,10,1.105,1.9732,0,0
SPY190712C299,2019-07-10,2019-07-10 09:33:30,1.11,1.9821,116,1.1,1.9642,53,1.11,1.9821,10,1.105,1.9732,0,0
SPY190712C299,2019-07-10,2019-07-10 09:33:31,1.11,1.9821,116,1.1,1.9642,12,1.11,1.9821,10,1.105,1.9732,0,0
SPY190712C299,2019-07-10,2019-07-10 09:33:32,1.11,1.9821,107,1.1,1.9642,1,1.11,1.9821,10,1.105,1.9732,0,0
SPY190712C299,2019-07-10,2019-07-10 09:33:32,1.11,1.9821,116,1.1,1.9642,1,1.11,1.9821,10,1.105,1.9732,0,0
SPY190712C299,2019-07-10,2019-07-10 09:33:33,1.1,1.9642,203,1.09,1.9464,38,1.1,1.9642,1,1.095,1.9553,0,0
SPY190712C299,2019-07-10,2019-07-10 09:33:33,1.1,1.9642,427,1.08,1.9285,62,1.1,1.9642,1,1.09,1.9464,0,0
SPY190712C299,2019-07-10,2019-07-10 09:33:34,1.09,1.9464,140,1.08,1.9285,11,1.08,1.9285,21,1.085,1.9375,0,0
SPY190712C299,2019-07-10,2019-07-10 09:33:34,1.09,1.9464,302,1.08,1.9285,8,1.08,1.9285,21,1.085,1.9375,0,0
SPY190712C299,2019-07-10,2019-07-10 09:33:35,1.08,1.9285,103,1.07,1.9107,4,1.08,1.9285,8,1.075,1.9196,0,0
SPY190712C299,2019-07-10,2019-07-10 09:33:35,1.09,1.9464,279,1.08,1.9285,8,1.08,1.9285,21,1.085,1.9375,0,0
SPY190712C299,2019-07-10,2019-07-10 09:33:36,1.08,1.9285,122,1.06,1.8928,111,1.08,1.9285,8,1.07,1.9107,0,0
SPY190712C299,2019-07-10,2019-07-10 09:33:37,1.08,1.9285,97,1.07,1.9107,29,1.08,1.9285,1,1.075,1.9196,0,0
SPY190712C299,2019-07-10,2019-07-10 09:33:37,1.08,1.9285,122,1.06,1.8928,39,1.06,1.8928,1,1.07,1.9107,0,0
SPY190712C299,2019-07-10,2019-07-10 09:33:38,1.08,1.9285,94,1.06,1.8928,170,1.08,1.9285,1,1.07,1.9107,0,0
SPY190712C299,2019-07-10,2019-07-10 09:33:38,1.08,1.9285,74,1.06,1.8928,170,1.08,1.9285,1,1.07,1.9107,0,0
SPY190712C299,2019-07-10,2019-07-10 09:33:39,1.08,1.9285,149,1.06,1.8928,68,1.08,1.9285,1,1.07,1.9107,0,0
SPY190712C299,2019-07-10,2019-07-10 09:33:39,1.08,1.9285,117,1.06,1.8928,170,1.08,1.9285,1,1.07,1.9107,0,0
SPY190712C299,2019-07-10,2019-07-10 09:33:40,1.08,1.9285,279,1.06,1.8928,60,1.08,1.9285,1,1.07,1.9107,0,0
SPY190712C299,2019-07-10,2019-07-10 09:33:41,1.07,1.9107,98,1.06,1.8928,34,1.06,1.8928,5,1.065,1.9017,0,0
SPY190712C299,2019-07-10,2019-07-10 09:33:41,1.08,1.9285,149,1.06,1.8928,60,1.06,1.8928,5,1.07,1.9107,0,0
SPY190712C299,2019-07-10,2019-07-10 09:33:42,1.07,1.9107,178,1.06,1.8928,34,1.06,1.8928,5,1.065,1.9017,0,0
SPY190712C299,2019-07-10,2019-07-10 09:33:42,1.07,1.9107,52,1.06,1.8928,34,1.06,1.8928,5,1.065,1.9017,0,0
SPY190712C299,2019-07-10,2019-07-10 09:33:43,1.07,1.9107,135,1.06,1.8928,34,1.06,1.8928,5,1.065,1.9017,0,0
SPY190712C299,2019-07-10,2019-07-10 09:33:44,1.07,1.9107,135,1.06,1.8928,34,1.07,1.9107,20,1.065,1.9017,0,0
SPY190712C299,2019-07-10,2019-07-10 09:33:45,1.07,1.9107,135,1.06,1.8928,34,1.07,1.9107,20,1.065,1.9017,0,0
SPY190712C299,2019-07-10,2019-07-10 09:33:45,1.07,1.9107,135,1.06,1.8928,34,1.06,1.8928,2,1.065,1.9017,0,0
SPY190712C299,2019-07-10,2019-07-10 09:33:46,1.07,1.9107,263,1.06,1.8928,34,1.06,1.8928,2,1.065,1.9017,0,0
SPY190712C299,2019-07-10,2019-07-10 09:33:46,1.07,1.9107,135,1.06,1.8928,34,1.06,1.8928,2,1.065,1.9017,0,0
SPY190712C299,2019-07-10,2019-07-10 09:33:47,1.07,1.9107,263,1.06,1.8928,7,1.06,1.8928,3,1.065,1.9017,0,0
SPY190712C299,2019-07-10,2019-07-10 09:33:47,1.06,1.8928,124,1.04,1.8571,4,1.06,1.8928,4,1.05,1.875,0,0
SPY190712C299,2019-07-10,2019-07-10 09:33:48,1.05,1.875,29,1.04,1.8571,34,1.04,1.8571,10,1.045,1.866,0,0
SPY190712C299,2019-07-10,2019-07-10 09:33:49,1.04,1.8571,30,1.03,1.8392,54,1.04,1.8571,10,1.035,1.8482,0,0
SPY190712C299,2019-07-10,2019-07-10 09:33:50,1.03,1.8392,23,1.02,1.8214,6,1.02,1.8214,2,1.025,1.8303,0,0
SPY190712C299,2019-07-10,2019-07-10 09:33:50,1.04,1.8571,245,1.03,1.8392,54,1.04,1.8571,10,1.035,1.8482,0,0
SPY190712C299,2019-07-10,2019-07-10 09:33:51,1.04,1.8571,133,1.02,1.8214,53,1.02,1.8214,2,1.03,1.8392,0,0
SPY190712C299,2019-07-10,2019-07-10 09:33:51,1.04,1.8571,91,1.02,1.8214,173,1.02,1.8214,2,1.03,1.8392,0,0
SPY190712C299,2019-07-10,2019-07-10 09:33:52,1.04,1.8571,91,1.02,1.8214,173,1.02,1.8214,2,1.03,1.8392,0,0
SPY190712C299,2019-07-10,2019-07-10 09:33:53,1.04,1.8571,91,1.02,1.8214,173,1.02,1.8214,2,1.03,1.8392,0,0
SPY190712C299,2019-07-10,2019-07-10 09:33:53,1.04,1.8571,35,1.03,1.8392,29,1.04,1.8571,1,1.035,1.8482,0,0
SPY190712C299,2019-07-10,2019-07-10 09:33:54,1.04,1.8571,35,1.03,1.8392,29,1.04,1.8571,1,1.035,1.8482,0,0
SPY190712C299,2019-07-10,2019-07-10 09:33:54,1.04,1.8571,24,1.03,1.8392,90,1.04,1.8571,1,1.035,1.8482,0,0
SPY190712C299,2019-07-10,2019-07-10 09:33:55,1.04,1.8571,97,1.02,1.8214,203,1.04,1.8571,1,1.03,1.8392,0,0
SPY190712C299,2019-07-10,2019-07-10 09:33:55,1.04,1.8571,79,1.03,1.8392,15,1.04,1.8571,1,1.035,1.8482,0,0
SPY190712C299,2019-07-10,2019-07-10 09:33:56,1.04,1.8571,79,1.03,1.8392,66,1.04,1.8571,1,1.035,1.8482,0,0
SPY190712C299,2019-07-10,2019-07-10 09:33:56,1.04,1.8571,79,1.03,1.8392,53,1.04,1.8571,1,1.035,1.8482,0,0
SPY190712C299,2019-07-10,2019-07-10 09:33:57,1.04,1.8571,79,1.03,1.8392,53,1.04,1.8571,1,1.035,1.8482,0,0
SPY190712C299,2019-07-10,2019-07-10 09:33:58,1.04,1.8571,130,1.02,1.8214,202,1.04,1.8571,1,1.03,1.8392,0,0
SPY190712C299,2019-07-10,2019-07-10 09:33:58,1.04,1.8571,130,1.02,1.8214,256,1.04,1.8571,1,1.03,1.8392,0,0
SPY190712C299,2019-07-10,2019-07-10 09:33:59,1.05,1.875,33,1.04,1.8571,130,1.04,1.8571,1,1.045,1.866,0,0
SPY190712C299,2019-07-10,2019-07-10 09:34:00,1.04,1.8571,1,1.03,1.8392,158,1.04,1.8571,1,1.035,1.8482,0,0
SPY190712C299,2019-07-10,2019-07-10 09:34:00,1.05,1.875,80,1.03,1.8392,56,1.04,1.8571,1,1.04,1.8571,0,0
SPY190712C299,2019-07-10,2019-07-10 09:34:01,1.05,1.875,52,1.04,1.8571,25,1.04,1.8571,1,1.045,1.866,0,0
SPY190712C299,2019-07-10,2019-07-10 09:34:02,1.05,1.875,29,1.03,1.8392,94,1.04,1.8571,1,1.04,1.8571,0,0
SPY190712C299,2019-07-10,2019-07-10 09:34:02,1.06,1.8928,113,1.03,1.8392,94,1.04,1.8571,1,1.045,1.866,0,0
SPY190712C299,2019-07-10,2019-07-10 09:34:03,1.06,1.8928,163,1.04,1.8571,104,1.04,1.8571,1,1.05,1.875,0,0
SPY190712C299,2019-07-10,2019-07-10 09:34:04,1.06,1.8928,26,1.05,1.875,74,1.06,1.8928,4,1.055,1.8839,0,0
SPY190712C299,2019-07-10,2019-07-10 09:34:04,1.06,1.8928,29,1.05,1.875,23,1.06,1.8928,3,1.055,1.8839,0,0
SPY190712C299,2019-07-10,2019-07-10 09:34:05,1.06,1.8928,26,1.05,1.875,182,1.06,1.8928,4,1.055,1.8839,0,0
SPY190712C299,2019-07-10,2019-07-10 09:34:05,1.06,1.8928,26,1.06,1.8928,35,1.06,1.8928,1,1.06,1.8928,0,0
SPY190712C299,2019-07-10,2019-07-10 09:34:06,1.08,1.9285,50,1.07,1.9107,109,1.06,1.8928,1,1.075,1.9196,0,0
SPY190712C299,2019-07-10,2019-07-10 09:34:06,1.06,1.8928,26,1.06,1.8928,40,1.08,1.9285,7,1.06,1.8928,0,0
SPY190712C299,2019-07-10,2019-07-10 09:34:07,1.08,1.9285,26,1.06,1.8928,26,1.08,1.9285,2,1.07,1.9107,0,0
SPY190712C299,2019-07-10,2019-07-10 09:34:07,1.07,1.9107,27,1.05,1.875,76,1.08,1.9285,2,1.06,1.8928,0,0
SPY190712C299,2019-07-10,2019-07-10 09:34:08,1.07,1.9107,106,1.05,1.875,10,1.08,1.9285,2,1.06,1.8928,0,0
SPY190712C299,2019-07-10,2019-07-10 09:34:08,1.08,1.9285,26,1.06,1.8928,5,1.08,1.9285,2,1.07,1.9107,0,0
SPY190712C299,2019-07-10,2019-07-10 09:34:09,1.09,1.9464,3,1.07,1.9107,967,1.08,1.9285,20,1.08,1.9285,0,0
SPY190712C299,2019-07-10,2019-07-10 09:34:10,1.09,1.9464,3,1.08,1.9285,154,1.08,1.9285,1,1.085,1.9375,0,0
SPY190712C299,2019-07-10,2019-07-10 09:34:10,1.09,1.9464,188,1.08,1.9285,10,1.08,1.9285,5,1.085,1.9375,0,0
SPY190712C299,2019-07-10,2019-07-10 09:34:11,1.09,1.9464,105,1.08,1.9285,112,1.08,1.9285,5,1.085,1.9375,0,0
SPY190712C299,2019-07-10,2019-07-10 09:34:12,1.08,1.9285,28,1.07,1.9107,96,1.08,1.9285,5,1.075,1.9196,0,0
SPY190712C299,2019-07-10,2019-07-10 09:34:12,1.08,1.9285,47,1.07,1.9107,23,1.08,1.9285,5,1.075,1.9196,0,0
SPY190712C299,2019-07-10,2019-07-10 09:34:13,1.09,1.9464,369,1.07,1.9107,63,1.08,1.9285,5,1.08,1.9285,0,0
SPY190712C299,2019-07-10,2019-07-10 09:34:13,1.09,1.9464,188,1.07,1.9107,84,1.08,1.9285,5,1.08,1.9285,0,0
SPY190712C299,2019-07-10,2019-07-10 09:34:14,1.08,1.9285,129,1.06,1.8928,69,1.08,1.9285,5,1.07,1.9107,0,0
SPY190712C299,2019-07-10,2019-07-10 09:34:14,1.08,1.9285,174,1.07,1.9107,10,1.08,1.9285,5,1.075,1.9196,0,0
SPY190712C299,2019-07-10,2019-07-10 09:34:15,1.08,1.9285,92,1.07,1.9107,10,1.08,1.9285,5,1.075,1.9196,0,0
SPY190712C299,2019-07-10,2019-07-10 09:34:16,1.08,1.9285,187,1.07,1.9107,10,1.07,1.9107,5,1.075,1.9196,0,0
SPY190712C299,2019-07-10,2019-07-10 09:34:16,1.07,1.9107,148,1.06,1.8928,5,1.07,1.9107,10,1.065,1.9017,0,0
SPY190712C299,2019-07-10,2019-07-10 09:34:17,1.07,1.9107,238,1.05,1.875,24,1.06,1.8928,5,1.06,1.8928,0,0
SPY190712C299,2019-07-10,2019-07-10 09:34:17,1.06,1.8928,84,1.05,1.875,59,1.06,1.8928,5,1.055,1.8839,0,0
SPY190712C299,2019-07-10,2019-07-10 09:34:18,1.06,1.8928,29,1.05,1.875,118,1.06,1.8928,5,1.055,1.8839,0,0
SPY190712C299,2019-07-10,2019-07-10 09:34:18,1.07,1.9107,105,1.05,1.875,29,1.06,1.8928,5,1.06,1.8928,0,0
SPY190712C299,2019-07-10,2019-07-10 09:34:19,1.06,1.8928,29,1.05,1.875,118,1.06,1.8928,5,1.055,1.8839,0,0
SPY190712C299,2019-07-10,2019-07-10 09:34:19,1.08,1.9285,150,1.06,1.8928,10,1.06,1.8928,5,1.07,1.9107,0,0
SPY190712C299,2019-07-10,2019-07-10 09:34:20,1.08,1.9285,21,1.07,1.9107,131,1.06,1.8928,5,1.075,1.9196,0,0
SPY190712C299,2019-07-10,2019-07-10 09:34:20,1.08,1.9285,29,1.07,1.9107,111,1.06,1.8928,5,1.075,1.9196,0,0
SPY190712C299,2019-07-10,2019-07-10 09:34:21,1.08,1.9285,5,1.07,1.9107,111,1.06,1.8928,5,1.075,1.9196,0,0
SPY190712C299,2019-07-10,2019-07-10 09:34:22,1.09,1.9464,29,1.07,1.9107,1261,1.08,1.9285,4,1.08,1.9285,0,0
SPY190712C299,2019-07-10,2019-07-10 09:34:22,1.1,1.9642,111,1.08,1.9285,110,1.08,1.9285,4,1.09,1.9464,0,0
SPY190712C299,2019-07-10,2019-07-10 09:34:23,1.1,1.9642,4,1.09,1.9464,73,1.1,1.9642,2,1.095,1.9553,0,0
SPY190712C299,2019-07-10,2019-07-10 09:34:23,1.09,1.9464,28,1.08,1.9285,110,1.08,1.9285,4,1.085,1.9375,0,0
SPY190712C299,2019-07-10,2019-07-10 09:34:24,1.1,1.9642,28,1.09,1.9464,91,1.1,1.9642,2,1.095,1.9553,0,0
SPY190712C299,2019-07-10,2019-07-10 09:34:24,1.1,1.9642,4,1.09,1.9464,46,1.1,1.9642,2,1.095,1.9553,0,0
