symbol,Date,quote_time,ask_price,norm_ask_price,ask_size,bid_price,norm_bid_price,bid_size,last_trade_price,norm_last_trade_price,last_trade_size,mark_price,norm_mark_price,volume,Volume
SPY190812P293,2019-08-09,2019-08-09 09:30:00,1.85,1.0,5,1.68,0.9081,10,1.68,0.9081,6,1.765,0.954,10,10
SPY190812P293,2019-08-09,2019-08-09 09:30:00,1.85,1.0,5,1.5,0.8108,1,1.68,0.9081,6,1.675,0.9054,10,0
SPY190812P293,2019-08-09,2019-08-09 09:30:01,1.76,0.9513,100,1.68,0.9081,100,1.68,0.9081,6,1.72,0.9297,10,0
SPY190812P293,2019-08-09,2019-08-09 09:30:01,1.78,0.9621,100,1.69,0.9135,100,1.68,0.9081,6,1.735,0.9378,10,0
SPY190812P293,2019-08-09,2019-08-09 09:30:02,1.77,0.9567,40,1.72,0.9297,40,1.68,0.9081,6,1.745,0.9432,10,0
SPY190812P293,2019-08-09,2019-08-09 09:30:03,1.78,0.9621,100,1.72,0.9297,40,1.68,0.9081,6,1.75,0.9459,10,0
SPY190812P293,2019-08-09,2019-08-09 09:30:04,1.79,0.9675,56,1.68,0.9081,56,1.68,0.9081,6,1.735,0.9378,10,0
SPY190812P293,2019-08-09,2019-08-09 09:30:04,1.79,0.9675,56,1.67,0.9027,56,1.68,0.9081,6,1.73,0.9351,10,0
SPY190812P293,2019-08-09,2019-08-09 09:30:05,1.78,0.9621,3,1.67,0.9027,56,1.68,0.9081,6,1.725,0.9324,10,0
SPY190812P293,2019-08-09,2019-08-09 09:30:05,1.75,0.9459,48,1.69,0.9135,44,1.68,0.9081,6,1.72,0.9297,10,0
SPY190812P293,2019-08-09,2019-08-09 09:30:06,1.75,0.9459,48,1.69,0.9135,44,1.68,0.9081,6,1.72,0.9297,10,0
SPY190812P293,2019-08-09,2019-08-09 09:30:07,1.75,0.9459,48,1.69,0.9135,44,1.68,0.9081,6,1.72,0.9297,10,0
SPY190812P293,2019-08-09,2019-08-09 09:30:08,1.75,0.9459,48,1.69,0.9135,44,1.68,0.9081,6,1.72,0.9297,10,0
SPY190812P293,2019-08-09,2019-08-09 09:30:09,1.75,0.9459,48,1.68,0.9081,48,1.68,0.9081,6,1.715,0.927,10,0
SPY190812P293,2019-08-09,2019-08-09 09:30:09,1.75,0.9459,48,1.69,0.9135,44,1.68,0.9081,6,1.72,0.9297,10,0
SPY190812P293,2019-08-09,2019-08-09 09:30:10,1.75,0.9459,48,1.68,0.9081,48,1.68,0.9081,6,1.715,0.927,10,0
SPY190812P293,2019-08-09,2019-08-09 09:30:11,1.75,0.9459,48,1.69,0.9135,22,1.77,0.9567,6,1.72,0.9297,16,6
SPY190812P293,2019-08-09,2019-08-09 09:30:11,1.75,0.9459,48,1.69,0.9135,22,1.68,0.9081,6,1.72,0.9297,10,0
SPY190812P293,2019-08-09,2019-08-09 09:30:12,1.75,0.9459,48,1.69,0.9135,22,1.77,0.9567,6,1.72,0.9297,16,0
SPY190812P293,2019-08-09,2019-08-09 09:30:13,1.75,0.9459,48,1.69,0.9135,22,1.74,0.9405,1,1.72,0.9297,17,1
SPY190812P293,2019-08-09,2019-08-09 09:30:13,1.75,0.9459,48,1.69,0.9135,48,1.74,0.9405,1,1.72,0.9297,17,0
SPY190812P293,2019-08-09,2019-08-09 09:30:14,1.75,0.9459,48,1.69,0.9135,183,1.74,0.9405,1,1.72,0.9297,17,0
SPY190812P293,2019-08-09,2019-08-09 09:30:15,1.75,0.9459,48,1.69,0.9135,183,1.74,0.9405,1,1.72,0.9297,17,0
SPY190812P293,2019-08-09,2019-08-09 09:30:16,1.75,0.9459,48,1.69,0.9135,183,1.74,0.9405,1,1.72,0.9297,17,0
SPY190812P293,2019-08-09,2019-08-09 09:30:17,1.75,0.9459,48,1.69,0.9135,183,1.74,0.9405,1,1.72,0.9297,17,0
SPY190812P293,2019-08-09,2019-08-09 09:30:18,1.74,0.9405,5,1.7,0.9189,40,1.74,0.9405,1,1.72,0.9297,17,0
SPY190812P293,2019-08-09,2019-08-09 09:30:19,1.75,0.9459,100,1.7,0.9189,40,1.74,0.9405,1,1.725,0.9324,17,0
SPY190812P293,2019-08-09,2019-08-09 09:30:20,1.77,0.9567,137,1.73,0.9351,124,1.74,0.9405,1,1.75,0.9459,17,0
SPY190812P293,2019-08-09,2019-08-09 09:30:20,1.75,0.9459,40,1.71,0.9243,137,1.74,0.9405,1,1.73,0.9351,17,0
SPY190812P293,2019-08-09,2019-08-09 09:30:21,1.78,0.9621,5,1.74,0.9405,137,1.74,0.9405,1,1.76,0.9513,17,0
SPY190812P293,2019-08-09,2019-08-09 09:30:21,1.79,0.9675,5,1.76,0.9513,5,1.74,0.9405,1,1.775,0.9594,17,0
SPY190812P293,2019-08-09,2019-08-09 09:30:22,1.76,0.9513,6,1.74,0.9405,50,1.74,0.9405,1,1.75,0.9459,17,0
SPY190812P293,2019-08-09,2019-08-09 09:30:22,1.75,0.9459,5,1.72,0.9297,48,1.74,0.9405,1,1.735,0.9378,17,0
SPY190812P293,2019-08-09,2019-08-09 09:30:23,1.75,0.9459,50,1.73,0.9351,6,1.74,0.9405,1,1.74,0.9405,17,0
SPY190812P293,2019-08-09,2019-08-09 09:30:23,1.75,0.9459,60,1.72,0.9297,5,1.74,0.9405,1,1.735,0.9378,17,0
SPY190812P293,2019-08-09,2019-08-09 09:30:24,1.74,0.9405,137,1.7,0.9189,6,1.72,0.9297,40,1.72,0.9297,67,40
SPY190812P293,2019-08-09,2019-08-09 09:30:24,1.73,0.9351,1,1.71,0.9243,6,1.72,0.9297,10,1.72,0.9297,27,10
SPY190812P293,2019-08-09,2019-08-09 09:30:25,1.72,0.9297,40,1.69,0.9135,96,1.72,0.9297,40,1.705,0.9216,67,0
SPY190812P293,2019-08-09,2019-08-09 09:30:25,1.72,0.9297,5,1.69,0.9135,97,1.72,0.9297,40,1.705,0.9216,67,0
SPY190812P293,2019-08-09,2019-08-09 09:30:26,1.73,0.9351,40,1.69,0.9135,91,1.72,0.9297,40,1.71,0.9243,67,0
SPY190812P293,2019-08-09,2019-08-09 09:30:26,1.73,0.9351,90,1.69,0.9135,91,1.72,0.9297,40,1.71,0.9243,67,0
SPY190812P293,2019-08-09,2019-08-09 09:30:27,1.73,0.9351,137,1.69,0.9135,100,1.72,0.9297,40,1.71,0.9243,67,0
SPY190812P293,2019-08-09,2019-08-09 09:30:27,1.72,0.9297,5,1.69,0.9135,90,1.72,0.9297,40,1.705,0.9216,67,0
SPY190812P293,2019-08-09,2019-08-09 09:30:28,1.73,0.9351,54,1.7,0.9189,137,1.72,0.9297,40,1.715,0.927,67,0
SPY190812P293,2019-08-09,2019-08-09 09:30:28,1.72,0.9297,5,1.69,0.9135,90,1.72,0.9297,40,1.705,0.9216,67,0
SPY190812P293,2019-08-09,2019-08-09 09:30:29,1.73,0.9351,1,1.7,0.9189,137,1.72,0.9297,40,1.715,0.927,67,0
SPY190812P293,2019-08-09,2019-08-09 09:30:30,1.73,0.9351,1,1.71,0.9243,136,1.72,0.9297,40,1.72,0.9297,67,0
SPY190812P293,2019-08-09,2019-08-09 09:30:30,1.73,0.9351,1,1.72,0.9297,6,1.72,0.9297,40,1.725,0.9324,67,0
SPY190812P293,2019-08-09,2019-08-09 09:30:31,1.73,0.9351,1,1.71,0.9243,106,1.72,0.9297,40,1.72,0.9297,67,0
SPY190812P293,2019-08-09,2019-08-09 09:30:31,1.73,0.9351,1,1.7,0.9189,73,1.72,0.9297,40,1.715,0.927,67,0
SPY190812P293,2019-08-09,2019-08-09 09:30:32,1.76,0.9513,100,1.72,0.9297,1,1.72,0.9297,5,1.74,0.9405,73,6
SPY190812P293,2019-08-09,2019-08-09 09:30:32,1.77,0.9567,184,1.73,0.9351,5,1.72,0.9297,5,1.75,0.9459,73,0
SPY190812P293,2019-08-09,2019-08-09 09:30:33,1.74,0.9405,81,1.7,0.9189,78,1.72,0.9297,5,1.72,0.9297,73,0
SPY190812P293,2019-08-09,2019-08-09 09:30:33,1.74,0.9405,132,1.71,0.9243,137,1.72,0.9297,5,1.725,0.9324,73,0
SPY190812P293,2019-08-09,2019-08-09 09:30:34,1.74,0.9405,137,1.7,0.9189,97,1.72,0.9297,5,1.72,0.9297,73,0
SPY190812P293,2019-08-09,2019-08-09 09:30:34,1.74,0.9405,117,1.72,0.9297,1,1.7,0.9189,2,1.73,0.9351,78,5
SPY190812P293,2019-08-09,2019-08-09 09:30:35,1.75,0.9459,168,1.71,0.9243,5,1.73,0.9351,1,1.73,0.9351,79,0
SPY190812P293,2019-08-09,2019-08-09 09:30:35,1.73,0.9351,1,1.7,0.9189,48,1.73,0.9351,1,1.715,0.927,79,1
SPY190812P293,2019-08-09,2019-08-09 09:30:36,1.73,0.9351,6,1.71,0.9243,6,1.73,0.9351,1,1.72,0.9297,79,0
SPY190812P293,2019-08-09,2019-08-09 09:30:36,1.74,0.9405,5,1.71,0.9243,5,1.73,0.9351,1,1.725,0.9324,79,0
SPY190812P293,2019-08-09,2019-08-09 09:30:37,1.73,0.9351,5,1.7,0.9189,218,1.73,0.9351,1,1.715,0.927,79,0
SPY190812P293,2019-08-09,2019-08-09 09:30:38,1.73,0.9351,5,1.69,0.9135,40,1.73,0.9351,2,1.71,0.9243,81,2
SPY190812P293,2019-08-09,2019-08-09 09:30:38,1.74,0.9405,5,1.7,0.9189,132,1.73,0.9351,2,1.72,0.9297,81,0
SPY190812P293,2019-08-09,2019-08-09 09:30:39,1.74,0.9405,6,1.72,0.9297,6,1.73,0.9351,2,1.73,0.9351,81,0
SPY190812P293,2019-08-09,2019-08-09 09:30:39,1.74,0.9405,5,1.72,0.9297,6,1.73,0.9351,2,1.73,0.9351,81,0
SPY190812P293,2019-08-09,2019-08-09 09:30:40,1.75,0.9459,106,1.71,0.9243,137,1.73,0.9351,2,1.73,0.9351,81,0
SPY190812P293,2019-08-09,2019-08-09 09:30:40,1.74,0.9405,5,1.71,0.9243,137,1.73,0.9351,2,1.725,0.9324,81,0
SPY190812P293,2019-08-09,2019-08-09 09:30:41,1.75,0.9459,10,1.72,0.9297,5,1.73,0.9351,2,1.735,0.9378,81,0
SPY190812P293,2019-08-09,2019-08-09 09:30:41,1.75,0.9459,10,1.71,0.9243,40,1.73,0.9351,2,1.73,0.9351,81,0
SPY190812P293,2019-08-09,2019-08-09 09:30:42,1.74,0.9405,72,1.71,0.9243,50,1.73,0.9351,2,1.725,0.9324,81,0
SPY190812P293,2019-08-09,2019-08-09 09:30:42,1.75,0.9459,10,1.72,0.9297,5,1.73,0.9351,2,1.735,0.9378,81,0
SPY190812P293,2019-08-09,2019-08-09 09:30:43,1.73,0.9351,130,1.69,0.9135,48,1.73,0.9351,2,1.71,0.9243,81,0
SPY190812P293,2019-08-09,2019-08-09 09:30:43,1.72,0.9297,6,1.69,0.9135,6,1.73,0.9351,2,1.705,0.9216,81,0
SPY190812P293,2019-08-09,2019-08-09 09:30:44,1.73,0.9351,135,1.69,0.9135,135,1.73,0.9351,2,1.71,0.9243,81,0
SPY190812P293,2019-08-09,2019-08-09 09:30:44,1.72,0.9297,6,1.69,0.9135,6,1.73,0.9351,2,1.705,0.9216,81,0
SPY190812P293,2019-08-09,2019-08-09 09:30:45,1.72,0.9297,9,1.69,0.9135,6,1.73,0.9351,2,1.705,0.9216,81,0
SPY190812P293,2019-08-09,2019-08-09 09:30:45,1.72,0.9297,6,1.7,0.9189,5,1.73,0.9351,2,1.71,0.9243,81,0
SPY190812P293,2019-08-09,2019-08-09 09:30:46,1.72,0.9297,84,1.69,0.9135,6,1.73,0.9351,2,1.705,0.9216,81,0
SPY190812P293,2019-08-09,2019-08-09 09:30:46,1.73,0.9351,5,1.68,0.9081,32,1.73,0.9351,2,1.705,0.9216,81,0
SPY190812P293,2019-08-09,2019-08-09 09:30:47,1.73,0.9351,97,1.69,0.9135,137,1.73,0.9351,2,1.71,0.9243,81,0
SPY190812P293,2019-08-09,2019-08-09 09:30:47,1.74,0.9405,5,1.71,0.9243,124,1.73,0.9351,2,1.725,0.9324,81,0
SPY190812P293,2019-08-09,2019-08-09 09:30:48,1.74,0.9405,43,1.7,0.9189,64,1.73,0.9351,2,1.72,0.9297,81,0
SPY190812P293,2019-08-09,2019-08-09 09:30:48,1.74,0.9405,43,1.7,0.9189,100,1.73,0.9351,2,1.72,0.9297,81,0
SPY190812P293,2019-08-09,2019-08-09 09:30:49,1.73,0.9351,5,1.7,0.9189,137,1.73,0.9351,2,1.715,0.927,81,0
SPY190812P293,2019-08-09,2019-08-09 09:30:49,1.74,0.9405,5,1.7,0.9189,137,1.73,0.9351,2,1.72,0.9297,81,0
SPY190812P293,2019-08-09,2019-08-09 09:30:50,1.72,0.9297,5,1.69,0.9135,137,1.73,0.9351,2,1.705,0.9216,81,0
SPY190812P293,2019-08-09,2019-08-09 09:30:50,1.74,0.9405,90,1.69,0.9135,137,1.73,0.9351,2,1.715,0.927,81,0
SPY190812P293,2019-08-09,2019-08-09 09:30:51,1.72,0.9297,6,1.69,0.9135,137,1.73,0.9351,2,1.705,0.9216,81,0
SPY190812P293,2019-08-09,2019-08-09 09:30:51,1.72,0.9297,6,1.69,0.9135,88,1.73,0.9351,2,1.705,0.9216,81,0
SPY190812P293,2019-08-09,2019-08-09 09:30:52,1.72,0.9297,6,1.7,0.9189,6,1.73,0.9351,2,1.71,0.9243,81,0
SPY190812P293,2019-08-09,2019-08-09 09:30:53,1.72,0.9297,1,1.7,0.9189,137,1.73,0.9351,2,1.71,0.9243,81,0
SPY190812P293,2019-08-09,2019-08-09 09:30:53,1.72,0.9297,1,1.71,0.9243,6,1.73,0.9351,2,1.715,0.927,81,0
SPY190812P293,2019-08-09,2019-08-09 09:30:54,1.72,0.9297,1,1.7,0.9189,44,1.73,0.9351,2,1.71,0.9243,81,0
SPY190812P293,2019-08-09,2019-08-09 09:30:55,1.72,0.9297,1,1.69,0.9135,173,1.73,0.9351,2,1.705,0.9216,81,0
SPY190812P293,2019-08-09,2019-08-09 09:30:56,1.72,0.9297,1,1.69,0.9135,173,1.73,0.9351,2,1.705,0.9216,81,0
SPY190812P293,2019-08-09,2019-08-09 09:30:56,1.72,0.9297,6,1.69,0.9135,173,1.73,0.9351,2,1.705,0.9216,81,0
SPY190812P293,2019-08-09,2019-08-09 09:30:57,1.72,0.9297,6,1.69,0.9135,173,1.73,0.9351,2,1.705,0.9216,81,0
SPY190812P293,2019-08-09,2019-08-09 09:30:58,1.72,0.9297,6,1.7,0.9189,6,1.73,0.9351,2,1.71,0.9243,81,0
SPY190812P293,2019-08-09,2019-08-09 09:30:59,1.72,0.9297,92,1.69,0.9135,185,1.73,0.9351,2,1.705,0.9216,81,0
SPY190812P293,2019-08-09,2019-08-09 09:30:59,1.72,0.9297,6,1.7,0.9189,6,1.73,0.9351,2,1.71,0.9243,81,0
SPY190812P293,2019-08-09,2019-08-09 09:31:00,1.72,0.9297,6,1.69,0.9135,5,1.73,0.9351,2,1.705,0.9216,81,0
SPY190812P293,2019-08-09,2019-08-09 09:31:00,1.72,0.9297,6,1.69,0.9135,100,1.73,0.9351,2,1.705,0.9216,81,0
SPY190812P293,2019-08-09,2019-08-09 09:31:01,1.71,0.9243,5,1.66,0.8972,10,1.73,0.9351,2,1.685,0.9108,81,0
SPY190812P293,2019-08-09,2019-08-09 09:31:01,1.71,0.9243,93,1.67,0.9027,92,1.73,0.9351,2,1.69,0.9135,81,0
SPY190812P293,2019-08-09,2019-08-09 09:31:02,1.7,0.9189,5,1.67,0.9027,92,1.73,0.9351,2,1.685,0.9108,81,0
SPY190812P293,2019-08-09,2019-08-09 09:31:03,1.69,0.9135,5,1.65,0.8918,137,1.73,0.9351,2,1.67,0.9027,81,0
SPY190812P293,2019-08-09,2019-08-09 09:31:03,1.7,0.9189,5,1.67,0.9027,57,1.73,0.9351,2,1.685,0.9108,81,0
SPY190812P293,2019-08-09,2019-08-09 09:31:04,1.69,0.9135,5,1.65,0.8918,97,1.73,0.9351,2,1.67,0.9027,81,0
SPY190812P293,2019-08-09,2019-08-09 09:31:05,1.68,0.9081,5,1.65,0.8918,5,1.73,0.9351,2,1.665,0.9,81,0
SPY190812P293,2019-08-09,2019-08-09 09:31:06,1.67,0.9027,3,1.64,0.8864,122,1.73,0.9351,2,1.655,0.8945,81,0
SPY190812P293,2019-08-09,2019-08-09 09:31:06,1.68,0.9081,45,1.65,0.8918,5,1.73,0.9351,2,1.665,0.9,81,0
SPY190812P293,2019-08-09,2019-08-09 09:31:07,1.67,0.9027,135,1.64,0.8864,137,1.73,0.9351,2,1.655,0.8945,81,0
SPY190812P293,2019-08-09,2019-08-09 09:31:07,1.67,0.9027,5,1.64,0.8864,137,1.73,0.9351,2,1.655,0.8945,81,0
SPY190812P293,2019-08-09,2019-08-09 09:31:08,1.66,0.8972,76,1.63,0.881,184,1.73,0.9351,2,1.645,0.8891,81,0
SPY190812P293,2019-08-09,2019-08-09 09:31:09,1.65,0.8918,1,1.63,0.881,150,1.65,0.8918,20,1.64,0.8864,101,20
SPY190812P293,2019-08-09,2019-08-09 09:31:09,1.66,0.8972,76,1.63,0.881,137,1.73,0.9351,2,1.645,0.8891,81,0
SPY190812P293,2019-08-09,2019-08-09 09:31:10,1.67,0.9027,135,1.63,0.881,125,1.65,0.8918,20,1.65,0.8918,101,0
SPY190812P293,2019-08-09,2019-08-09 09:31:11,1.66,0.8972,9,1.63,0.881,125,1.65,0.8918,20,1.645,0.8891,101,0
SPY190812P293,2019-08-09,2019-08-09 09:31:11,1.66,0.8972,9,1.63,0.881,139,1.65,0.8918,20,1.645,0.8891,101,0
SPY190812P293,2019-08-09,2019-08-09 09:31:12,1.66,0.8972,6,1.63,0.881,141,1.65,0.8918,20,1.645,0.8891,101,0
SPY190812P293,2019-08-09,2019-08-09 09:31:13,1.65,0.8918,6,1.63,0.881,141,1.65,0.8918,20,1.64,0.8864,101,0
SPY190812P293,2019-08-09,2019-08-09 09:31:13,1.66,0.8972,6,1.63,0.881,141,1.65,0.8918,20,1.645,0.8891,101,0
SPY190812P293,2019-08-09,2019-08-09 09:31:14,1.66,0.8972,122,1.63,0.881,257,1.65,0.8918,20,1.645,0.8891,101,0
SPY190812P293,2019-08-09,2019-08-09 09:31:14,1.65,0.8918,3,1.63,0.881,257,1.65,0.8918,20,1.64,0.8864,101,0
SPY190812P293,2019-08-09,2019-08-09 09:31:15,1.65,0.8918,3,1.63,0.881,257,1.65,0.8918,20,1.64,0.8864,101,0
SPY190812P293,2019-08-09,2019-08-09 09:31:16,1.65,0.8918,3,1.63,0.881,191,1.65,0.8918,20,1.64,0.8864,101,0
SPY190812P293,2019-08-09,2019-08-09 09:31:16,1.65,0.8918,3,1.63,0.881,217,1.65,0.8918,20,1.64,0.8864,101,0
SPY190812P293,2019-08-09,2019-08-09 09:31:17,1.65,0.8918,3,1.63,0.881,217,1.65,0.8918,20,1.64,0.8864,101,0
SPY190812P293,2019-08-09,2019-08-09 09:31:17,1.65,0.8918,3,1.63,0.881,152,1.65,0.8918,3,1.64,0.8864,107,6
SPY190812P293,2019-08-09,2019-08-09 09:31:18,1.67,0.9027,120,1.63,0.881,100,1.65,0.8918,3,1.65,0.8918,107,0
SPY190812P293,2019-08-09,2019-08-09 09:31:18,1.68,0.9081,5,1.63,0.881,10,1.65,0.8918,3,1.655,0.8945,107,0
SPY190812P293,2019-08-09,2019-08-09 09:31:19,1.66,0.8972,130,1.63,0.881,100,1.65,0.8918,3,1.645,0.8891,107,0
SPY190812P293,2019-08-09,2019-08-09 09:31:20,1.65,0.8918,20,1.62,0.8756,5,1.65,0.8918,3,1.635,0.8837,107,0
SPY190812P293,2019-08-09,2019-08-09 09:31:20,1.65,0.8918,5,1.62,0.8756,5,1.65,0.8918,3,1.635,0.8837,107,0
SPY190812P293,2019-08-09,2019-08-09 09:31:21,1.64,0.8864,6,1.62,0.8756,129,1.65,0.8918,3,1.63,0.881,107,0
SPY190812P293,2019-08-09,2019-08-09 09:31:21,1.65,0.8918,20,1.62,0.8756,129,1.65,0.8918,3,1.635,0.8837,107,0
SPY190812P293,2019-08-09,2019-08-09 09:31:22,1.65,0.8918,100,1.62,0.8756,205,1.65,0.8918,3,1.635,0.8837,107,0
SPY190812P293,2019-08-09,2019-08-09 09:31:22,1.65,0.8918,100,1.62,0.8756,129,1.65,0.8918,3,1.635,0.8837,107,0
SPY190812P293,2019-08-09,2019-08-09 09:31:23,1.65,0.8918,110,1.63,0.881,91,1.65,0.8918,1,1.64,0.8864,108,1
SPY190812P293,2019-08-09,2019-08-09 09:31:23,1.65,0.8918,110,1.63,0.881,100,1.65,0.8918,1,1.64,0.8864,108,0
SPY190812P293,2019-08-09,2019-08-09 09:31:24,1.65,0.8918,110,1.63,0.881,100,1.64,0.8864,1,1.64,0.8864,109,1
SPY190812P293,2019-08-09,2019-08-09 09:31:24,1.65,0.8918,110,1.63,0.881,100,1.64,0.8864,1,1.64,0.8864,109,0
SPY190812P293,2019-08-09,2019-08-09 09:31:25,1.65,0.8918,56,1.62,0.8756,80,1.64,0.8864,1,1.635,0.8837,109,0
SPY190812P293,2019-08-09,2019-08-09 09:31:25,1.65,0.8918,99,1.62,0.8756,109,1.64,0.8864,1,1.635,0.8837,109,0
SPY190812P293,2019-08-09,2019-08-09 09:31:26,1.63,0.881,6,1.62,0.8756,71,1.64,0.8864,1,1.625,0.8783,109,0
SPY190812P293,2019-08-09,2019-08-09 09:31:26,1.64,0.8864,6,1.62,0.8756,81,1.64,0.8864,1,1.63,0.881,109,0
SPY190812P293,2019-08-09,2019-08-09 09:31:27,1.64,0.8864,5,1.62,0.8756,12,1.64,0.8864,1,1.63,0.881,109,0
SPY190812P293,2019-08-09,2019-08-09 09:31:27,1.63,0.881,6,1.62,0.8756,6,1.64,0.8864,1,1.625,0.8783,109,0
SPY190812P293,2019-08-09,2019-08-09 09:31:28,1.65,0.8918,99,1.63,0.881,6,1.64,0.8864,1,1.64,0.8864,109,0
SPY190812P293,2019-08-09,2019-08-09 09:31:28,1.65,0.8918,6,1.63,0.881,46,1.64,0.8864,1,1.64,0.8864,109,0
SPY190812P293,2019-08-09,2019-08-09 09:31:29,1.65,0.8918,6,1.63,0.881,103,1.64,0.8864,1,1.64,0.8864,109,0
SPY190812P293,2019-08-09,2019-08-09 09:31:29,1.65,0.8918,6,1.63,0.881,46,1.64,0.8864,1,1.64,0.8864,109,0
SPY190812P293,2019-08-09,2019-08-09 09:31:30,1.67,0.9027,6,1.65,0.8918,6,1.64,0.8864,1,1.66,0.8972,109,0
SPY190812P293,2019-08-09,2019-08-09 09:31:30,1.67,0.9027,93,1.64,0.8864,109,1.64,0.8864,1,1.655,0.8945,109,0
SPY190812P293,2019-08-09,2019-08-09 09:31:31,1.68,0.9081,5,1.66,0.8972,6,1.64,0.8864,1,1.67,0.9027,109,0
SPY190812P293,2019-08-09,2019-08-09 09:31:31,1.67,0.9027,6,1.65,0.8918,6,1.64,0.8864,1,1.66,0.8972,109,0
SPY190812P293,2019-08-09,2019-08-09 09:31:32,1.69,0.9135,6,1.67,0.9027,6,1.64,0.8864,1,1.68,0.9081,109,0
SPY190812P293,2019-08-09,2019-08-09 09:31:33,1.7,0.9189,6,1.68,0.9081,6,1.64,0.8864,1,1.69,0.9135,109,0
SPY190812P293,2019-08-09,2019-08-09 09:31:34,1.72,0.9297,8,1.69,0.9135,161,1.64,0.8864,1,1.705,0.9216,109,0
SPY190812P293,2019-08-09,2019-08-09 09:31:34,1.71,0.9243,6,1.68,0.9081,135,1.64,0.8864,1,1.695,0.9162,109,0
SPY190812P293,2019-08-09,2019-08-09 09:31:35,1.72,0.9297,8,1.7,0.9189,35,1.64,0.8864,1,1.71,0.9243,109,0
SPY190812P293,2019-08-09,2019-08-09 09:31:35,1.72,0.9297,38,1.69,0.9135,161,1.64,0.8864,1,1.705,0.9216,109,0
SPY190812P293,2019-08-09,2019-08-09 09:31:36,1.72,0.9297,3,1.7,0.9189,161,1.64,0.8864,1,1.71,0.9243,109,0
SPY190812P293,2019-08-09,2019-08-09 09:31:36,1.73,0.9351,1,1.72,0.9297,1,1.72,0.9297,1,1.725,0.9324,113,4
SPY190812P293,2019-08-09,2019-08-09 09:31:37,1.73,0.9351,1,1.72,0.9297,1,1.72,0.9297,1,1.725,0.9324,113,0
SPY190812P293,2019-08-09,2019-08-09 09:31:37,1.73,0.9351,6,1.71,0.9243,126,1.72,0.9297,1,1.72,0.9297,114,1
SPY190812P293,2019-08-09,2019-08-09 09:31:38,1.75,0.9459,15,1.72,0.9297,50,1.73,0.9351,1,1.735,0.9378,115,1
SPY190812P293,2019-08-09,2019-08-09 09:31:38,1.73,0.9351,1,1.71,0.9243,104,1.72,0.9297,1,1.72,0.9297,114,0
SPY190812P293,2019-08-09,2019-08-09 09:31:39,1.75,0.9459,15,1.73,0.9351,69,1.73,0.9351,1,1.74,0.9405,115,0
SPY190812P293,2019-08-09,2019-08-09 09:31:39,1.75,0.9459,38,1.72,0.9297,120,1.73,0.9351,1,1.735,0.9378,115,0
SPY190812P293,2019-08-09,2019-08-09 09:31:40,1.75,0.9459,15,1.73,0.9351,13,1.73,0.9351,1,1.74,0.9405,115,0
SPY190812P293,2019-08-09,2019-08-09 09:31:40,1.75,0.9459,51,1.72,0.9297,160,1.73,0.9351,1,1.735,0.9378,115,0
SPY190812P293,2019-08-09,2019-08-09 09:31:41,1.74,0.9405,81,1.71,0.9243,5,1.73,0.9351,1,1.725,0.9324,115,0
SPY190812P293,2019-08-09,2019-08-09 09:31:41,1.75,0.9459,69,1.73,0.9351,25,1.73,0.9351,1,1.74,0.9405,115,0
SPY190812P293,2019-08-09,2019-08-09 09:31:42,1.74,0.9405,5,1.71,0.9243,18,1.73,0.9351,1,1.725,0.9324,115,0
SPY190812P293,2019-08-09,2019-08-09 09:31:42,1.73,0.9351,5,1.71,0.9243,6,1.73,0.9351,1,1.72,0.9297,115,0
SPY190812P293,2019-08-09,2019-08-09 09:31:43,1.74,0.9405,5,1.71,0.9243,9,1.73,0.9351,1,1.725,0.9324,115,0
SPY190812P293,2019-08-09,2019-08-09 09:31:43,1.75,0.9459,100,1.72,0.9297,24,1.73,0.9351,1,1.735,0.9378,115,0
SPY190812P293,2019-08-09,2019-08-09 09:31:44,1.75,0.9459,10,1.72,0.9297,64,1.73,0.9351,1,1.735,0.9378,115,0
SPY190812P293,2019-08-09,2019-08-09 09:31:44,1.75,0.9459,10,1.72,0.9297,129,1.73,0.9351,1,1.735,0.9378,115,0
SPY190812P293,2019-08-09,2019-08-09 09:31:45,1.75,0.9459,10,1.73,0.9351,6,1.73,0.9351,1,1.74,0.9405,115,0
SPY190812P293,2019-08-09,2019-08-09 09:31:45,1.75,0.9459,10,1.73,0.9351,38,1.73,0.9351,1,1.74,0.9405,115,0
SPY190812P293,2019-08-09,2019-08-09 09:31:46,1.75,0.9459,5,1.74,0.9405,6,1.73,0.9351,1,1.745,0.9432,115,0
SPY190812P293,2019-08-09,2019-08-09 09:31:46,1.75,0.9459,5,1.74,0.9405,15,1.73,0.9351,1,1.745,0.9432,115,0
SPY190812P293,2019-08-09,2019-08-09 09:31:47,1.76,0.9513,5,1.73,0.9351,110,1.75,0.9459,5,1.745,0.9432,120,0
SPY190812P293,2019-08-09,2019-08-09 09:31:47,1.75,0.9459,5,1.74,0.9405,15,1.75,0.9459,5,1.745,0.9432,120,5
SPY190812P293,2019-08-09,2019-08-09 09:31:48,1.77,0.9567,100,1.73,0.9351,130,1.75,0.9459,5,1.75,0.9459,120,0
SPY190812P293,2019-08-09,2019-08-09 09:31:49,1.76,0.9513,5,1.73,0.9351,66,1.75,0.9459,5,1.745,0.9432,120,0
SPY190812P293,2019-08-09,2019-08-09 09:31:49,1.77,0.9567,5,1.74,0.9405,3,1.75,0.9459,5,1.755,0.9486,120,0
SPY190812P293,2019-08-09,2019-08-09 09:31:50,1.76,0.9513,5,1.75,0.9459,6,1.75,0.9459,5,1.755,0.9486,120,0
SPY190812P293,2019-08-09,2019-08-09 09:31:51,1.76,0.9513,5,1.74,0.9405,9,1.75,0.9459,5,1.75,0.9459,120,0
SPY190812P293,2019-08-09,2019-08-09 09:31:51,1.76,0.9513,5,1.74,0.9405,6,1.75,0.9459,5,1.75,0.9459,120,0
SPY190812P293,2019-08-09,2019-08-09 09:31:52,1.77,0.9567,100,1.75,0.9459,6,1.75,0.9459,5,1.76,0.9513,120,0
SPY190812P293,2019-08-09,2019-08-09 09:31:52,1.76,0.9513,5,1.74,0.9405,9,1.75,0.9459,5,1.75,0.9459,120,0
SPY190812P293,2019-08-09,2019-08-09 09:31:53,1.77,0.9567,17,1.75,0.9459,6,1.75,0.9459,5,1.76,0.9513,120,0
SPY190812P293,2019-08-09,2019-08-09 09:31:54,1.76,0.9513,5,1.74,0.9405,13,1.75,0.9459,5,1.75,0.9459,120,0
SPY190812P293,2019-08-09,2019-08-09 09:31:55,1.75,0.9459,1,1.75,0.9459,6,1.75,0.9459,2,1.75,0.9459,122,2
SPY190812P293,2019-08-09,2019-08-09 09:31:55,1.75,0.9459,1,1.74,0.9405,25,1.75,0.9459,2,1.745,0.9432,122,0
SPY190812P293,2019-08-09,2019-08-09 09:31:56,1.75,0.9459,1,1.74,0.9405,1,1.75,0.9459,2,1.745,0.9432,122,0
SPY190812P293,2019-08-09,2019-08-09 09:31:56,1.75,0.9459,6,1.74,0.9405,6,1.75,0.9459,2,1.745,0.9432,122,0
SPY190812P293,2019-08-09,2019-08-09 09:31:57,1.75,0.9459,1,1.74,0.9405,7,1.75,0.9459,2,1.745,0.9432,122,0
SPY190812P293,2019-08-09,2019-08-09 09:31:57,1.75,0.9459,1,1.74,0.9405,6,1.75,0.9459,2,1.745,0.9432,122,0
SPY190812P293,2019-08-09,2019-08-09 09:31:58,1.74,0.9405,45,1.7,0.9189,25,1.75,0.9459,2,1.72,0.9297,122,0
SPY190812P293,2019-08-09,2019-08-09 09:31:58,1.74,0.9405,45,1.73,0.9351,8,1.75,0.9459,2,1.735,0.9378,122,0
SPY190812P293,2019-08-09,2019-08-09 09:31:59,1.73,0.9351,71,1.7,0.9189,6,1.75,0.9459,2,1.715,0.927,122,0
SPY190812P293,2019-08-09,2019-08-09 09:31:59,1.73,0.9351,84,1.71,0.9243,6,1.75,0.9459,2,1.72,0.9297,122,0
SPY190812P293,2019-08-09,2019-08-09 09:32:00,1.72,0.9297,6,1.71,0.9243,6,1.75,0.9459,2,1.715,0.927,122,0
SPY190812P293,2019-08-09,2019-08-09 09:32:01,1.72,0.9297,5,1.7,0.9189,6,1.75,0.9459,2,1.71,0.9243,122,0
SPY190812P293,2019-08-09,2019-08-09 09:32:01,1.73,0.9351,100,1.7,0.9189,12,1.75,0.9459,2,1.715,0.927,122,0
SPY190812P293,2019-08-09,2019-08-09 09:32:02,1.72,0.9297,5,1.69,0.9135,87,1.75,0.9459,2,1.705,0.9216,122,0
SPY190812P293,2019-08-09,2019-08-09 09:32:02,1.73,0.9351,100,1.7,0.9189,6,1.75,0.9459,2,1.715,0.927,122,0
SPY190812P293,2019-08-09,2019-08-09 09:32:03,1.72,0.9297,106,1.7,0.9189,6,1.75,0.9459,2,1.71,0.9243,122,0
SPY190812P293,2019-08-09,2019-08-09 09:32:03,1.72,0.9297,8,1.7,0.9189,6,1.75,0.9459,2,1.71,0.9243,122,0
SPY190812P293,2019-08-09,2019-08-09 09:32:04,1.73,0.9351,50,1.71,0.9243,6,1.75,0.9459,2,1.72,0.9297,122,0
SPY190812P293,2019-08-09,2019-08-09 09:32:04,1.71,0.9243,6,1.7,0.9189,6,1.75,0.9459,2,1.705,0.9216,122,0
SPY190812P293,2019-08-09,2019-08-09 09:32:05,1.7,0.9189,6,1.67,0.9027,6,1.75,0.9459,2,1.685,0.9108,122,0
SPY190812P293,2019-08-09,2019-08-09 09:32:05,1.7,0.9189,6,1.67,0.9027,29,1.75,0.9459,2,1.685,0.9108,122,0
SPY190812P293,2019-08-09,2019-08-09 09:32:06,1.69,0.9135,103,1.66,0.8972,6,1.75,0.9459,2,1.675,0.9054,122,0
SPY190812P293,2019-08-09,2019-08-09 09:32:06,1.69,0.9135,7,1.66,0.8972,6,1.75,0.9459,2,1.675,0.9054,122,0
SPY190812P293,2019-08-09,2019-08-09 09:32:07,1.68,0.9081,6,1.66,0.8972,12,1.75,0.9459,2,1.67,0.9027,122,0
SPY190812P293,2019-08-09,2019-08-09 09:32:07,1.68,0.9081,6,1.65,0.8918,65,1.75,0.9459,2,1.665,0.9,122,0
SPY190812P293,2019-08-09,2019-08-09 09:32:08,1.69,0.9135,97,1.65,0.8918,97,1.75,0.9459,2,1.67,0.9027,122,0
SPY190812P293,2019-08-09,2019-08-09 09:32:08,1.69,0.9135,97,1.66,0.8972,6,1.75,0.9459,2,1.675,0.9054,122,0
SPY190812P293,2019-08-09,2019-08-09 09:32:09,1.69,0.9135,124,1.66,0.8972,21,1.75,0.9459,2,1.675,0.9054,122,0
SPY190812P293,2019-08-09,2019-08-09 09:32:09,1.67,0.9027,6,1.66,0.8972,6,1.75,0.9459,2,1.665,0.9,122,0
SPY190812P293,2019-08-09,2019-08-09 09:32:10,1.68,0.9081,100,1.67,0.9027,1,1.67,0.9027,1,1.675,0.9054,124,2
SPY190812P293,2019-08-09,2019-08-09 09:32:10,1.68,0.9081,115,1.66,0.8972,6,1.75,0.9459,2,1.67,0.9027,122,0
SPY190812P293,2019-08-09,2019-08-09 09:32:11,1.69,0.9135,17,1.66,0.8972,34,1.67,0.9027,1,1.675,0.9054,124,0
SPY190812P293,2019-08-09,2019-08-09 09:32:11,1.69,0.9135,117,1.66,0.8972,6,1.67,0.9027,1,1.675,0.9054,124,0
SPY190812P293,2019-08-09,2019-08-09 09:32:12,1.68,0.9081,5,1.66,0.8972,12,1.67,0.9027,1,1.67,0.9027,124,0
SPY190812P293,2019-08-09,2019-08-09 09:32:12,1.67,0.9027,6,1.65,0.8918,6,1.67,0.9027,1,1.66,0.8972,124,0
SPY190812P293,2019-08-09,2019-08-09 09:32:13,1.66,0.8972,19,1.64,0.8864,6,1.67,0.9027,1,1.65,0.8918,124,0
SPY190812P293,2019-08-09,2019-08-09 09:32:14,1.66,0.8972,72,1.64,0.8864,6,1.66,0.8972,1,1.65,0.8918,125,0
SPY190812P293,2019-08-09,2019-08-09 09:32:14,1.66,0.8972,72,1.64,0.8864,6,1.66,0.8972,1,1.65,0.8918,125,1
SPY190812P293,2019-08-09,2019-08-09 09:32:15,1.67,0.9027,86,1.65,0.8918,6,1.67,0.9027,1,1.66,0.8972,128,3
SPY190812P293,2019-08-09,2019-08-09 09:32:15,1.68,0.9081,56,1.66,0.8972,6,1.67,0.9027,1,1.67,0.9027,128,0
SPY190812P293,2019-08-09,2019-08-09 09:32:16,1.68,0.9081,3,1.66,0.8972,150,1.67,0.9027,1,1.67,0.9027,128,0
SPY190812P293,2019-08-09,2019-08-09 09:32:16,1.68,0.9081,3,1.66,0.8972,132,1.67,0.9027,1,1.67,0.9027,128,0
SPY190812P293,2019-08-09,2019-08-09 09:32:17,1.7,0.9189,5,1.69,0.9135,6,1.68,0.9081,1,1.695,0.9162,132,0
SPY190812P293,2019-08-09,2019-08-09 09:32:17,1.71,0.9243,23,1.68,0.9081,1,1.68,0.9081,1,1.695,0.9162,132,4
SPY190812P293,2019-08-09,2019-08-09 09:32:18,1.71,0.9243,19,1.68,0.9081,6,1.68,0.9081,1,1.695,0.9162,132,0
SPY190812P293,2019-08-09,2019-08-09 09:32:18,1.71,0.9243,22,1.68,0.9081,6,1.68,0.9081,1,1.695,0.9162,132,0
SPY190812P293,2019-08-09,2019-08-09 09:32:19,1.71,0.9243,114,1.68,0.9081,6,1.68,0.9081,1,1.695,0.9162,132,0
SPY190812P293,2019-08-09,2019-08-09 09:32:19,1.7,0.9189,100,1.68,0.9081,6,1.68,0.9081,1,1.69,0.9135,132,0
SPY190812P293,2019-08-09,2019-08-09 09:32:20,1.7,0.9189,100,1.67,0.9027,90,1.68,0.9081,1,1.685,0.9108,132,0
SPY190812P293,2019-08-09,2019-08-09 09:32:20,1.69,0.9135,5,1.68,0.9081,7,1.68,0.9081,1,1.685,0.9108,132,0
SPY190812P293,2019-08-09,2019-08-09 09:32:21,1.7,0.9189,5,1.68,0.9081,29,1.68,0.9081,1,1.69,0.9135,132,0
SPY190812P293,2019-08-09,2019-08-09 09:32:21,1.7,0.9189,6,1.67,0.9027,111,1.68,0.9081,1,1.685,0.9108,132,0
SPY190812P293,2019-08-09,2019-08-09 09:32:22,1.7,0.9189,28,1.68,0.9081,35,1.68,0.9081,1,1.69,0.9135,132,0
SPY190812P293,2019-08-09,2019-08-09 09:32:22,1.7,0.9189,105,1.68,0.9081,6,1.68,0.9081,1,1.69,0.9135,132,0
SPY190812P293,2019-08-09,2019-08-09 09:32:23,1.71,0.9243,114,1.68,0.9081,35,1.68,0.9081,1,1.695,0.9162,132,0
SPY190812P293,2019-08-09,2019-08-09 09:32:23,1.7,0.9189,129,1.68,0.9081,35,1.68,0.9081,1,1.69,0.9135,132,0
SPY190812P293,2019-08-09,2019-08-09 09:32:24,1.71,0.9243,110,1.69,0.9135,6,1.68,0.9081,1,1.7,0.9189,132,0
SPY190812P293,2019-08-09,2019-08-09 09:32:24,1.7,0.9189,12,1.69,0.9135,1,1.68,0.9081,1,1.695,0.9162,132,0
SPY190812P293,2019-08-09,2019-08-09 09:32:25,1.71,0.9243,73,1.69,0.9135,1,1.68,0.9081,1,1.7,0.9189,132,0
SPY190812P293,2019-08-09,2019-08-09 09:32:25,1.72,0.9297,100,1.7,0.9189,6,1.68,0.9081,1,1.71,0.9243,132,0
SPY190812P293,2019-08-09,2019-08-09 09:32:26,1.72,0.9297,100,1.7,0.9189,6,1.68,0.9081,1,1.71,0.9243,132,0
SPY190812P293,2019-08-09,2019-08-09 09:32:26,1.72,0.9297,6,1.7,0.9189,143,1.68,0.9081,1,1.71,0.9243,132,0
SPY190812P293,2019-08-09,2019-08-09 09:32:27,1.72,0.9297,6,1.71,0.9243,53,1.68,0.9081,1,1.715,0.927,132,0
SPY190812P293,2019-08-09,2019-08-09 09:32:27,1.72,0.9297,1,1.71,0.9243,7,1.68,0.9081,1,1.715,0.927,132,0
SPY190812P293,2019-08-09,2019-08-09 09:32:28,1.73,0.9351,50,1.71,0.9243,47,1.68,0.9081,1,1.72,0.9297,132,0
SPY190812P293,2019-08-09,2019-08-09 09:32:28,1.72,0.9297,6,1.71,0.9243,12,1.68,0.9081,1,1.715,0.927,132,0
SPY190812P293,2019-08-09,2019-08-09 09:32:29,1.74,0.9405,12,1.72,0.9297,41,1.68,0.9081,1,1.73,0.9351,132,0
SPY190812P293,2019-08-09,2019-08-09 09:32:29,1.74,0.9405,11,1.73,0.9351,12,1.68,0.9081,1,1.735,0.9378,132,0
SPY190812P293,2019-08-09,2019-08-09 09:32:30,1.75,0.9459,115,1.73,0.9351,6,1.68,0.9081,1,1.74,0.9405,132,0
SPY190812P293,2019-08-09,2019-08-09 09:32:30,1.76,0.9513,5,1.73,0.9351,46,1.68,0.9081,1,1.745,0.9432,132,0
SPY190812P293,2019-08-09,2019-08-09 09:32:31,1.76,0.9513,5,1.73,0.9351,28,1.68,0.9081,1,1.745,0.9432,132,0
SPY190812P293,2019-08-09,2019-08-09 09:32:31,1.76,0.9513,6,1.73,0.9351,86,1.68,0.9081,1,1.745,0.9432,132,0
SPY190812P293,2019-08-09,2019-08-09 09:32:32,1.76,0.9513,12,1.74,0.9405,6,1.68,0.9081,1,1.75,0.9459,132,0
SPY190812P293,2019-08-09,2019-08-09 09:32:32,1.75,0.9459,5,1.73,0.9351,6,1.68,0.9081,1,1.74,0.9405,132,0
SPY190812P293,2019-08-09,2019-08-09 09:32:33,1.75,0.9459,99,1.72,0.9297,154,1.75,0.9459,1,1.735,0.9378,133,1
SPY190812P293,2019-08-09,2019-08-09 09:32:33,1.74,0.9405,11,1.71,0.9243,88,1.75,0.9459,1,1.725,0.9324,134,1
SPY190812P293,2019-08-09,2019-08-09 09:32:34,1.73,0.9351,18,1.71,0.9243,100,1.75,0.9459,1,1.72,0.9297,134,0
SPY190812P293,2019-08-09,2019-08-09 09:32:34,1.74,0.9405,12,1.72,0.9297,40,1.75,0.9459,1,1.73,0.9351,134,0
SPY190812P293,2019-08-09,2019-08-09 09:32:35,1.73,0.9351,6,1.71,0.9243,94,1.75,0.9459,1,1.72,0.9297,134,0
SPY190812P293,2019-08-09,2019-08-09 09:32:35,1.73,0.9351,6,1.71,0.9243,67,1.75,0.9459,1,1.72,0.9297,134,0
SPY190812P293,2019-08-09,2019-08-09 09:32:36,1.72,0.9297,6,1.71,0.9243,12,1.75,0.9459,1,1.715,0.927,134,0
SPY190812P293,2019-08-09,2019-08-09 09:32:36,1.72,0.9297,6,1.69,0.9135,6,1.71,0.9243,12,1.705,0.9216,146,12
SPY190812P293,2019-08-09,2019-08-09 09:32:37,1.71,0.9243,6,1.69,0.9135,6,1.71,0.9243,14,1.7,0.9189,174,28
SPY190812P293,2019-08-09,2019-08-09 09:32:37,1.71,0.9243,6,1.69,0.9135,40,1.71,0.9243,14,1.7,0.9189,174,0
SPY190812P293,2019-08-09,2019-08-09 09:32:38,1.72,0.9297,110,1.69,0.9135,40,1.71,0.9243,14,1.705,0.9216,174,0
SPY190812P293,2019-08-09,2019-08-09 09:32:39,1.72,0.9297,103,1.7,0.9189,6,1.71,0.9243,14,1.71,0.9243,174,0
SPY190812P293,2019-08-09,2019-08-09 09:32:39,1.72,0.9297,103,1.69,0.9135,65,1.71,0.9243,14,1.705,0.9216,174,0
SPY190812P293,2019-08-09,2019-08-09 09:32:40,1.72,0.9297,103,1.69,0.9135,110,1.71,0.9243,14,1.705,0.9216,174,0
SPY190812P293,2019-08-09,2019-08-09 09:32:40,1.72,0.9297,103,1.7,0.9189,6,1.71,0.9243,14,1.71,0.9243,174,0
SPY190812P293,2019-08-09,2019-08-09 09:32:41,1.74,0.9405,54,1.7,0.9189,6,1.71,0.9243,14,1.72,0.9297,174,0
SPY190812P293,2019-08-09,2019-08-09 09:32:41,1.73,0.9351,17,1.7,0.9189,43,1.71,0.9243,14,1.715,0.927,174,0
SPY190812P293,2019-08-09,2019-08-09 09:32:42,1.72,0.9297,5,1.7,0.9189,43,1.71,0.9243,14,1.71,0.9243,174,0
SPY190812P293,2019-08-09,2019-08-09 09:32:42,1.73,0.9351,114,1.71,0.9243,6,1.71,0.9243,14,1.72,0.9297,174,0
SPY190812P293,2019-08-09,2019-08-09 09:32:43,1.69,0.9135,9,1.66,0.8972,93,1.71,0.9243,14,1.675,0.9054,174,0
SPY190812P293,2019-08-09,2019-08-09 09:32:43,1.71,0.9243,60,1.7,0.9189,43,1.71,0.9243,14,1.705,0.9216,174,0
SPY190812P293,2019-08-09,2019-08-09 09:32:44,1.69,0.9135,6,1.65,0.8918,118,1.71,0.9243,14,1.67,0.9027,174,0
SPY190812P293,2019-08-09,2019-08-09 09:32:45,1.68,0.9081,5,1.65,0.8918,37,1.71,0.9243,14,1.665,0.9,174,0
SPY190812P293,2019-08-09,2019-08-09 09:32:45,1.67,0.9027,6,1.65,0.8918,55,1.71,0.9243,14,1.66,0.8972,174,0
SPY190812P293,2019-08-09,2019-08-09 09:32:46,1.66,0.8972,5,1.65,0.8918,10,1.71,0.9243,14,1.655,0.8945,174,0
SPY190812P293,2019-08-09,2019-08-09 09:32:46,1.68,0.9081,5,1.65,0.8918,10,1.71,0.9243,14,1.665,0.9,174,0
SPY190812P293,2019-08-09,2019-08-09 09:32:47,1.66,0.8972,7,1.65,0.8918,10,1.71,0.9243,14,1.655,0.8945,174,0
SPY190812P293,2019-08-09,2019-08-09 09:32:47,1.66,0.8972,114,1.65,0.8918,10,1.71,0.9243,14,1.655,0.8945,174,0
SPY190812P293,2019-08-09,2019-08-09 09:32:48,1.65,0.8918,17,1.64,0.8864,7,1.65,0.8918,10,1.645,0.8891,184,0
SPY190812P293,2019-08-09,2019-08-09 09:32:48,1.66,0.8972,114,1.64,0.8864,7,1.65,0.8918,10,1.65,0.8918,184,10
SPY190812P293,2019-08-09,2019-08-09 09:32:49,1.65,0.8918,17,1.64,0.8864,7,1.65,0.8918,10,1.645,0.8891,184,0
SPY190812P293,2019-08-09,2019-08-09 09:32:50,1.65,0.8918,17,1.64,0.8864,7,1.65,0.8918,10,1.645,0.8891,184,0
SPY190812P293,2019-08-09,2019-08-09 09:32:51,1.65,0.8918,13,1.63,0.881,6,1.65,0.8918,10,1.64,0.8864,184,0
SPY190812P293,2019-08-09,2019-08-09 09:32:51,1.65,0.8918,69,1.62,0.8756,65,1.65,0.8918,10,1.635,0.8837,184,0
SPY190812P293,2019-08-09,2019-08-09 09:32:52,1.65,0.8918,59,1.63,0.881,6,1.65,0.8918,10,1.64,0.8864,184,0
SPY190812P293,2019-08-09,2019-08-09 09:32:52,1.65,0.8918,40,1.63,0.881,6,1.65,0.8918,10,1.64,0.8864,184,0
SPY190812P293,2019-08-09,2019-08-09 09:32:53,1.64,0.8864,9,1.62,0.8756,6,1.65,0.8918,10,1.63,0.881,184,0
SPY190812P293,2019-08-09,2019-08-09 09:32:53,1.64,0.8864,6,1.62,0.8756,46,1.65,0.8918,10,1.63,0.881,184,0
SPY190812P293,2019-08-09,2019-08-09 09:32:54,1.64,0.8864,6,1.62,0.8756,12,1.65,0.8918,10,1.63,0.881,184,0
SPY190812P293,2019-08-09,2019-08-09 09:32:54,1.65,0.8918,129,1.62,0.8756,11,1.65,0.8918,10,1.635,0.8837,184,0
SPY190812P293,2019-08-09,2019-08-09 09:32:55,1.63,0.881,6,1.61,0.8702,138,1.65,0.8918,10,1.62,0.8756,184,0
SPY190812P293,2019-08-09,2019-08-09 09:32:55,1.64,0.8864,6,1.62,0.8756,12,1.65,0.8918,10,1.63,0.881,184,0
SPY190812P293,2019-08-09,2019-08-09 09:32:56,1.63,0.881,6,1.6,0.8648,40,1.65,0.8918,10,1.615,0.8729,184,0
SPY190812P293,2019-08-09,2019-08-09 09:32:56,1.63,0.881,11,1.6,0.8648,46,1.65,0.8918,10,1.615,0.8729,184,0
SPY190812P293,2019-08-09,2019-08-09 09:32:57,1.62,0.8756,18,1.6,0.8648,52,1.65,0.8918,10,1.61,0.8702,184,0
SPY190812P293,2019-08-09,2019-08-09 09:32:57,1.61,0.8702,6,1.6,0.8648,28,1.65,0.8918,10,1.605,0.8675,184,0
SPY190812P293,2019-08-09,2019-08-09 09:32:58,1.62,0.8756,6,1.6,0.8648,52,1.65,0.8918,10,1.61,0.8702,184,0
SPY190812P293,2019-08-09,2019-08-09 09:32:58,1.62,0.8756,6,1.61,0.8702,12,1.65,0.8918,10,1.615,0.8729,184,0
SPY190812P293,2019-08-09,2019-08-09 09:32:59,1.62,0.8756,12,1.6,0.8648,28,1.65,0.8918,10,1.61,0.8702,184,0
SPY190812P293,2019-08-09,2019-08-09 09:33:00,1.63,0.881,114,1.6,0.8648,6,1.65,0.8918,10,1.615,0.8729,184,0
SPY190812P293,2019-08-09,2019-08-09 09:33:00,1.62,0.8756,6,1.6,0.8648,28,1.65,0.8918,10,1.61,0.8702,184,0
SPY190812P293,2019-08-09,2019-08-09 09:33:01,1.62,0.8756,6,1.6,0.8648,6,1.65,0.8918,10,1.61,0.8702,184,0
SPY190812P293,2019-08-09,2019-08-09 09:33:01,1.63,0.881,122,1.6,0.8648,175,1.65,0.8918,10,1.615,0.8729,184,0
SPY190812P293,2019-08-09,2019-08-09 09:33:02,1.64,0.8864,6,1.62,0.8756,6,1.65,0.8918,10,1.63,0.881,184,0
SPY190812P293,2019-08-09,2019-08-09 09:33:02,1.62,0.8756,6,1.61,0.8702,6,1.65,0.8918,10,1.615,0.8729,184,0
SPY190812P293,2019-08-09,2019-08-09 09:33:03,1.64,0.8864,6,1.62,0.8756,46,1.65,0.8918,10,1.63,0.881,184,0
SPY190812P293,2019-08-09,2019-08-09 09:33:03,1.65,0.8918,114,1.62,0.8756,46,1.65,0.8918,10,1.635,0.8837,184,0
SPY190812P293,2019-08-09,2019-08-09 09:33:04,1.64,0.8864,6,1.62,0.8756,46,1.65,0.8918,10,1.63,0.881,184,0
SPY190812P293,2019-08-09,2019-08-09 09:33:04,1.65,0.8918,100,1.62,0.8756,50,1.65,0.8918,10,1.635,0.8837,184,0
SPY190812P293,2019-08-09,2019-08-09 09:33:05,1.65,0.8918,35,1.63,0.881,46,1.65,0.8918,10,1.64,0.8864,184,0
SPY190812P293,2019-08-09,2019-08-09 09:33:05,1.65,0.8918,36,1.62,0.8756,105,1.65,0.8918,10,1.635,0.8837,184,0
SPY190812P293,2019-08-09,2019-08-09 09:33:06,1.65,0.8918,80,1.63,0.881,46,1.63,0.881,1,1.64,0.8864,185,1
SPY190812P293,2019-08-09,2019-08-09 09:33:06,1.64,0.8864,10,1.62,0.8756,6,1.63,0.881,1,1.63,0.881,185,0
SPY190812P293,2019-08-09,2019-08-09 09:33:07,1.62,0.8756,6,1.6,0.8648,158,1.63,0.881,1,1.61,0.8702,186,1
SPY190812P293,2019-08-09,2019-08-09 09:33:07,1.63,0.881,6,1.6,0.8648,158,1.63,0.881,1,1.615,0.8729,185,0
SPY190812P293,2019-08-09,2019-08-09 09:33:08,1.63,0.881,115,1.6,0.8648,161,1.63,0.881,1,1.615,0.8729,186,0
SPY190812P293,2019-08-09,2019-08-09 09:33:09,1.62,0.8756,6,1.6,0.8648,125,1.63,0.881,1,1.61,0.8702,186,0
SPY190812P293,2019-08-09,2019-08-09 09:33:09,1.63,0.881,115,1.6,0.8648,108,1.63,0.881,1,1.615,0.8729,186,0
SPY190812P293,2019-08-09,2019-08-09 09:33:10,1.63,0.881,115,1.6,0.8648,125,1.63,0.881,1,1.615,0.8729,186,0
SPY190812P293,2019-08-09,2019-08-09 09:33:11,1.64,0.8864,6,1.61,0.8702,40,1.63,0.881,1,1.625,0.8783,186,0
SPY190812P293,2019-08-09,2019-08-09 09:33:11,1.63,0.881,5,1.61,0.8702,10,1.63,0.881,1,1.62,0.8756,186,0
SPY190812P293,2019-08-09,2019-08-09 09:33:12,1.63,0.881,58,1.61,0.8702,6,1.63,0.881,1,1.62,0.8756,186,0
SPY190812P293,2019-08-09,2019-08-09 09:33:12,1.64,0.8864,5,1.62,0.8756,6,1.62,0.8756,1,1.63,0.881,187,1
SPY190812P293,2019-08-09,2019-08-09 09:33:13,1.64,0.8864,5,1.62,0.8756,7,1.62,0.8756,1,1.63,0.881,187,0
SPY190812P293,2019-08-09,2019-08-09 09:33:13,1.68,0.9081,40,1.63,0.881,6,1.62,0.8756,1,1.655,0.8945,187,0
SPY190812P293,2019-08-09,2019-08-09 09:33:14,1.67,0.9027,111,1.64,0.8864,6,1.62,0.8756,1,1.655,0.8945,187,0
SPY190812P293,2019-08-09,2019-08-09 09:33:14,1.66,0.8972,3,1.64,0.8864,95,1.62,0.8756,1,1.65,0.8918,187,0
SPY190812P293,2019-08-09,2019-08-09 09:33:15,1.68,0.9081,6,1.65,0.8918,49,1.62,0.8756,1,1.665,0.9,187,0
SPY190812P293,2019-08-09,2019-08-09 09:33:15,1.68,0.9081,6,1.65,0.8918,138,1.62,0.8756,1,1.665,0.9,187,0
SPY190812P293,2019-08-09,2019-08-09 09:33:16,1.67,0.9027,6,1.65,0.8918,71,1.62,0.8756,1,1.66,0.8972,187,0
SPY190812P293,2019-08-09,2019-08-09 09:33:16,1.68,0.9081,5,1.66,0.8972,13,1.62,0.8756,1,1.67,0.9027,187,0
SPY190812P293,2019-08-09,2019-08-09 09:33:17,1.67,0.9027,5,1.66,0.8972,1,1.66,0.8972,1,1.665,0.9,188,0
SPY190812P293,2019-08-09,2019-08-09 09:33:17,1.67,0.9027,6,1.66,0.8972,13,1.66,0.8972,1,1.665,0.9,188,1
SPY190812P293,2019-08-09,2019-08-09 09:33:18,1.65,0.8918,7,1.64,0.8864,18,1.66,0.8972,1,1.645,0.8891,188,0
SPY190812P293,2019-08-09,2019-08-09 09:33:18,1.66,0.8972,6,1.63,0.881,50,1.66,0.8972,1,1.645,0.8891,188,0
SPY190812P293,2019-08-09,2019-08-09 09:33:19,1.65,0.8918,10,1.64,0.8864,8,1.66,0.8972,1,1.645,0.8891,188,0
SPY190812P293,2019-08-09,2019-08-09 09:33:20,1.65,0.8918,6,1.64,0.8864,13,1.66,0.8972,1,1.645,0.8891,188,0
SPY190812P293,2019-08-09,2019-08-09 09:33:21,1.65,0.8918,6,1.64,0.8864,13,1.66,0.8972,1,1.645,0.8891,188,0
SPY190812P293,2019-08-09,2019-08-09 09:33:21,1.65,0.8918,1,1.64,0.8864,53,1.66,0.8972,1,1.645,0.8891,188,0
SPY190812P293,2019-08-09,2019-08-09 09:33:22,1.66,0.8972,10,1.65,0.8918,13,1.66,0.8972,1,1.655,0.8945,188,0
SPY190812P293,2019-08-09,2019-08-09 09:33:22,1.65,0.8918,6,1.64,0.8864,25,1.66,0.8972,1,1.645,0.8891,188,0
SPY190812P293,2019-08-09,2019-08-09 09:33:23,1.64,0.8864,6,1.64,0.8864,25,1.66,0.8972,1,1.64,0.8864,188,0
SPY190812P293,2019-08-09,2019-08-09 09:33:23,1.64,0.8864,6,1.62,0.8756,114,1.66,0.8972,1,1.63,0.881,188,0
SPY190812P293,2019-08-09,2019-08-09 09:33:24,1.65,0.8918,10,1.61,0.8702,26,1.66,0.8972,1,1.63,0.881,188,0
SPY190812P293,2019-08-09,2019-08-09 09:33:24,1.63,0.881,15,1.61,0.8702,46,1.66,0.8972,1,1.62,0.8756,188,0
SPY190812P293,2019-08-09,2019-08-09 09:33:25,1.64,0.8864,44,1.62,0.8756,28,1.63,0.881,5,1.63,0.881,198,0
SPY190812P293,2019-08-09,2019-08-09 09:33:25,1.66,0.8972,30,1.61,0.8702,42,1.63,0.881,5,1.635,0.8837,198,10
SPY190812P293,2019-08-09,2019-08-09 09:33:26,1.65,0.8918,137,1.62,0.8756,51,1.63,0.881,5,1.635,0.8837,198,0
SPY190812P293,2019-08-09,2019-08-09 09:33:27,1.65,0.8918,137,1.62,0.8756,65,1.63,0.881,5,1.635,0.8837,198,0
SPY190812P293,2019-08-09,2019-08-09 09:33:27,1.63,0.881,10,1.61,0.8702,29,1.63,0.881,5,1.62,0.8756,198,0
SPY190812P293,2019-08-09,2019-08-09 09:33:28,1.65,0.8918,105,1.62,0.8756,9,1.63,0.881,5,1.635,0.8837,198,0
SPY190812P293,2019-08-09,2019-08-09 09:33:28,1.63,0.881,10,1.61,0.8702,50,1.63,0.881,5,1.62,0.8756,198,0
SPY190812P293,2019-08-09,2019-08-09 09:33:29,1.66,0.8972,10,1.64,0.8864,10,1.63,0.881,5,1.65,0.8918,198,0
SPY190812P293,2019-08-09,2019-08-09 09:33:29,1.66,0.8972,6,1.64,0.8864,6,1.63,0.881,5,1.65,0.8918,198,0
SPY190812P293,2019-08-09,2019-08-09 09:33:30,1.66,0.8972,100,1.64,0.8864,25,1.63,0.881,5,1.65,0.8918,198,0
SPY190812P293,2019-08-09,2019-08-09 09:33:30,1.67,0.9027,5,1.64,0.8864,101,1.63,0.881,5,1.655,0.8945,198,0
SPY190812P293,2019-08-09,2019-08-09 09:33:31,1.67,0.9027,17,1.64,0.8864,105,1.63,0.881,5,1.655,0.8945,198,0
SPY190812P293,2019-08-09,2019-08-09 09:33:31,1.67,0.9027,137,1.64,0.8864,51,1.63,0.881,5,1.655,0.8945,198,0
SPY190812P293,2019-08-09,2019-08-09 09:33:32,1.68,0.9081,139,1.65,0.8918,6,1.63,0.881,5,1.665,0.9,198,0
SPY190812P293,2019-08-09,2019-08-09 09:33:32,1.67,0.9027,137,1.65,0.8918,10,1.63,0.881,5,1.66,0.8972,198,0
SPY190812P293,2019-08-09,2019-08-09 09:33:33,1.67,0.9027,49,1.65,0.8918,6,1.63,0.881,5,1.66,0.8972,198,0
SPY190812P293,2019-08-09,2019-08-09 09:33:34,1.68,0.9081,139,1.65,0.8918,6,1.63,0.881,5,1.665,0.9,198,0
SPY190812P293,2019-08-09,2019-08-09 09:33:34,1.68,0.9081,6,1.65,0.8918,6,1.63,0.881,5,1.665,0.9,198,0
SPY190812P293,2019-08-09,2019-08-09 09:33:35,1.68,0.9081,7,1.66,0.8972,6,1.63,0.881,5,1.67,0.9027,198,0
SPY190812P293,2019-08-09,2019-08-09 09:33:35,1.68,0.9081,100,1.67,0.9027,25,1.63,0.881,5,1.675,0.9054,198,0
SPY190812P293,2019-08-09,2019-08-09 09:33:36,1.68,0.9081,100,1.66,0.8972,25,1.63,0.881,5,1.67,0.9027,198,0
SPY190812P293,2019-08-09,2019-08-09 09:33:36,1.68,0.9081,137,1.65,0.8918,45,1.63,0.881,5,1.665,0.9,198,0
SPY190812P293,2019-08-09,2019-08-09 09:33:37,1.67,0.9027,5,1.65,0.8918,55,1.63,0.881,5,1.66,0.8972,198,0
SPY190812P293,2019-08-09,2019-08-09 09:33:38,1.69,0.9135,100,1.66,0.8972,6,1.63,0.881,5,1.675,0.9054,198,0
SPY190812P293,2019-08-09,2019-08-09 09:33:38,1.67,0.9027,58,1.65,0.8918,20,1.63,0.881,5,1.66,0.8972,198,0
SPY190812P293,2019-08-09,2019-08-09 09:33:39,1.68,0.9081,3,1.66,0.8972,15,1.63,0.881,5,1.67,0.9027,198,0
SPY190812P293,2019-08-09,2019-08-09 09:33:39,1.68,0.9081,4,1.67,0.9027,24,1.63,0.881,5,1.675,0.9054,198,0
SPY190812P293,2019-08-09,2019-08-09 09:33:40,1.69,0.9135,100,1.68,0.9081,6,1.63,0.881,5,1.685,0.9108,198,0
SPY190812P293,2019-08-09,2019-08-09 09:33:40,1.69,0.9135,116,1.67,0.9027,19,1.63,0.881,5,1.68,0.9081,198,0
SPY190812P293,2019-08-09,2019-08-09 09:33:41,1.7,0.9189,122,1.68,0.9081,6,1.63,0.881,5,1.69,0.9135,198,0
SPY190812P293,2019-08-09,2019-08-09 09:33:41,1.7,0.9189,21,1.68,0.9081,19,1.63,0.881,5,1.69,0.9135,198,0
SPY190812P293,2019-08-09,2019-08-09 09:33:42,1.7,0.9189,111,1.67,0.9027,40,1.63,0.881,5,1.685,0.9108,198,0
SPY190812P293,2019-08-09,2019-08-09 09:33:42,1.7,0.9189,102,1.68,0.9081,6,1.63,0.881,5,1.69,0.9135,198,0
SPY190812P293,2019-08-09,2019-08-09 09:33:43,1.7,0.9189,98,1.68,0.9081,6,1.63,0.881,5,1.69,0.9135,198,0
SPY190812P293,2019-08-09,2019-08-09 09:33:43,1.7,0.9189,111,1.68,0.9081,6,1.63,0.881,5,1.69,0.9135,198,0
SPY190812P293,2019-08-09,2019-08-09 09:33:44,1.7,0.9189,97,1.67,0.9027,30,1.63,0.881,5,1.685,0.9108,198,0
SPY190812P293,2019-08-09,2019-08-09 09:33:44,1.7,0.9189,111,1.67,0.9027,60,1.63,0.881,5,1.685,0.9108,198,0
SPY190812P293,2019-08-09,2019-08-09 09:33:45,1.71,0.9243,52,1.68,0.9081,40,1.63,0.881,5,1.695,0.9162,198,0
SPY190812P293,2019-08-09,2019-08-09 09:33:45,1.71,0.9243,75,1.69,0.9135,25,1.63,0.881,5,1.7,0.9189,198,0
SPY190812P293,2019-08-09,2019-08-09 09:33:46,1.68,0.9081,6,1.66,0.8972,25,1.63,0.881,5,1.67,0.9027,198,0
SPY190812P293,2019-08-09,2019-08-09 09:33:46,1.7,0.9189,10,1.68,0.9081,29,1.63,0.881,5,1.69,0.9135,198,0
SPY190812P293,2019-08-09,2019-08-09 09:33:47,1.67,0.9027,131,1.63,0.881,15,1.63,0.881,5,1.65,0.8918,198,0
SPY190812P293,2019-08-09,2019-08-09 09:33:47,1.68,0.9081,6,1.65,0.8918,25,1.63,0.881,5,1.665,0.9,198,0
SPY190812P293,2019-08-09,2019-08-09 09:33:48,1.65,0.8918,6,1.63,0.881,11,1.63,0.881,5,1.64,0.8864,198,0
SPY190812P293,2019-08-09,2019-08-09 09:33:48,1.66,0.8972,6,1.64,0.8864,6,1.63,0.881,5,1.65,0.8918,198,0
SPY190812P293,2019-08-09,2019-08-09 09:33:49,1.64,0.8864,7,1.63,0.881,4,1.63,0.881,5,1.635,0.8837,198,0
SPY190812P293,2019-08-09,2019-08-09 09:33:49,1.64,0.8864,9,1.61,0.8702,13,1.63,0.881,5,1.625,0.8783,198,0
SPY190812P293,2019-08-09,2019-08-09 09:33:50,1.64,0.8864,138,1.61,0.8702,25,1.63,0.881,5,1.625,0.8783,198,0
SPY190812P293,2019-08-09,2019-08-09 09:33:50,1.63,0.881,10,1.61,0.8702,25,1.63,0.881,5,1.62,0.8756,198,0
SPY190812P293,2019-08-09,2019-08-09 09:33:51,1.63,0.881,7,1.61,0.8702,21,1.63,0.881,5,1.62,0.8756,198,0
SPY190812P293,2019-08-09,2019-08-09 09:33:51,1.63,0.881,10,1.61,0.8702,29,1.63,0.881,5,1.62,0.8756,198,0
SPY190812P293,2019-08-09,2019-08-09 09:33:52,1.62,0.8756,4,1.61,0.8702,4,1.63,0.881,5,1.615,0.8729,198,0
SPY190812P293,2019-08-09,2019-08-09 09:33:53,1.63,0.881,7,1.61,0.8702,13,1.63,0.881,5,1.62,0.8756,198,0
SPY190812P293,2019-08-09,2019-08-09 09:33:53,1.64,0.8864,6,1.61,0.8702,27,1.63,0.881,5,1.625,0.8783,198,0
SPY190812P293,2019-08-09,2019-08-09 09:33:54,1.62,0.8756,10,1.6,0.8648,35,1.63,0.881,5,1.61,0.8702,198,0
SPY190812P293,2019-08-09,2019-08-09 09:33:55,1.62,0.8756,95,1.6,0.8648,31,1.63,0.881,5,1.61,0.8702,198,0
SPY190812P293,2019-08-09,2019-08-09 09:33:55,1.62,0.8756,100,1.6,0.8648,19,1.63,0.881,5,1.61,0.8702,198,0
SPY190812P293,2019-08-09,2019-08-09 09:33:56,1.63,0.881,103,1.61,0.8702,6,1.63,0.881,5,1.62,0.8756,198,0
SPY190812P293,2019-08-09,2019-08-09 09:33:56,1.62,0.8756,5,1.59,0.8594,100,1.63,0.881,5,1.605,0.8675,198,0
SPY190812P293,2019-08-09,2019-08-09 09:33:57,1.61,0.8702,4,1.6,0.8648,4,1.63,0.881,5,1.605,0.8675,198,0
SPY190812P293,2019-08-09,2019-08-09 09:33:57,1.61,0.8702,4,1.6,0.8648,10,1.63,0.881,5,1.605,0.8675,198,0
SPY190812P293,2019-08-09,2019-08-09 09:33:58,1.62,0.8756,6,1.6,0.8648,4,1.63,0.881,5,1.61,0.8702,198,0
SPY190812P293,2019-08-09,2019-08-09 09:33:58,1.62,0.8756,84,1.6,0.8648,10,1.63,0.881,5,1.61,0.8702,198,0
SPY190812P293,2019-08-09,2019-08-09 09:33:59,1.62,0.8756,84,1.6,0.8648,6,1.63,0.881,5,1.61,0.8702,198,0
SPY190812P293,2019-08-09,2019-08-09 09:33:59,1.63,0.881,121,1.6,0.8648,6,1.63,0.881,5,1.615,0.8729,198,0
SPY190812P293,2019-08-09,2019-08-09 09:34:00,1.63,0.881,6,1.61,0.8702,6,1.63,0.881,5,1.62,0.8756,198,0
SPY190812P293,2019-08-09,2019-08-09 09:34:00,1.63,0.881,106,1.61,0.8702,9,1.63,0.881,5,1.62,0.8756,198,0
SPY190812P293,2019-08-09,2019-08-09 09:34:01,1.63,0.881,6,1.6,0.8648,6,1.63,0.881,5,1.615,0.8729,198,0
SPY190812P293,2019-08-09,2019-08-09 09:34:01,1.62,0.8756,11,1.59,0.8594,163,1.62,0.8756,8,1.605,0.8675,206,8
SPY190812P293,2019-08-09,2019-08-09 09:34:02,1.61,0.8702,6,1.6,0.8648,6,1.62,0.8756,8,1.605,0.8675,206,0
SPY190812P293,2019-08-09,2019-08-09 09:34:02,1.62,0.8756,11,1.59,0.8594,163,1.62,0.8756,8,1.605,0.8675,206,0
SPY190812P293,2019-08-09,2019-08-09 09:34:03,1.61,0.8702,11,1.59,0.8594,6,1.62,0.8756,8,1.6,0.8648,206,0
SPY190812P293,2019-08-09,2019-08-09 09:34:03,1.61,0.8702,11,1.59,0.8594,144,1.62,0.8756,8,1.6,0.8648,206,0
SPY190812P293,2019-08-09,2019-08-09 09:34:04,1.61,0.8702,6,1.59,0.8594,6,1.62,0.8756,8,1.6,0.8648,206,0
SPY190812P293,2019-08-09,2019-08-09 09:34:04,1.61,0.8702,50,1.59,0.8594,10,1.62,0.8756,8,1.6,0.8648,206,0
SPY190812P293,2019-08-09,2019-08-09 09:34:05,1.6,0.8648,6,1.57,0.8486,19,1.62,0.8756,8,1.585,0.8567,206,0
SPY190812P293,2019-08-09,2019-08-09 09:34:05,1.6,0.8648,5,1.59,0.8594,3,1.62,0.8756,8,1.595,0.8621,206,0
SPY190812P293,2019-08-09,2019-08-09 09:34:06,1.59,0.8594,4,1.58,0.854,7,1.62,0.8756,8,1.585,0.8567,206,0
SPY190812P293,2019-08-09,2019-08-09 09:34:06,1.59,0.8594,6,1.57,0.8486,10,1.62,0.8756,8,1.58,0.854,206,0
SPY190812P293,2019-08-09,2019-08-09 09:34:07,1.59,0.8594,11,1.57,0.8486,4,1.62,0.8756,8,1.58,0.854,206,0
SPY190812P293,2019-08-09,2019-08-09 09:34:07,1.59,0.8594,6,1.57,0.8486,6,1.62,0.8756,8,1.58,0.854,206,0
SPY190812P293,2019-08-09,2019-08-09 09:34:08,1.59,0.8594,74,1.57,0.8486,6,1.59,0.8594,4,1.58,0.854,210,4
SPY190812P293,2019-08-09,2019-08-09 09:34:08,1.59,0.8594,11,1.57,0.8486,6,1.62,0.8756,8,1.58,0.854,206,0
SPY190812P293,2019-08-09,2019-08-09 09:34:09,1.59,0.8594,74,1.57,0.8486,6,1.59,0.8594,4,1.58,0.854,210,0
SPY190812P293,2019-08-09,2019-08-09 09:34:10,1.59,0.8594,45,1.57,0.8486,6,1.59,0.8594,4,1.58,0.854,210,0
SPY190812P293,2019-08-09,2019-08-09 09:34:10,1.59,0.8594,11,1.57,0.8486,6,1.59,0.8594,4,1.58,0.854,210,0
SPY190812P293,2019-08-09,2019-08-09 09:34:11,1.6,0.8648,1,1.59,0.8594,7,1.59,0.8594,10,1.595,0.8621,220,10
SPY190812P293,2019-08-09,2019-08-09 09:34:11,1.62,0.8756,91,1.59,0.8594,104,1.59,0.8594,10,1.605,0.8675,220,0
SPY190812P293,2019-08-09,2019-08-09 09:34:12,1.62,0.8756,113,1.59,0.8594,44,1.59,0.8594,10,1.605,0.8675,220,0
SPY190812P293,2019-08-09,2019-08-09 09:34:12,1.62,0.8756,113,1.59,0.8594,40,1.59,0.8594,10,1.605,0.8675,220,0
SPY190812P293,2019-08-09,2019-08-09 09:34:13,1.61,0.8702,10,1.59,0.8594,50,1.59,0.8594,10,1.6,0.8648,220,0
SPY190812P293,2019-08-09,2019-08-09 09:34:13,1.62,0.8756,5,1.6,0.8648,6,1.6,0.8648,5,1.61,0.8702,225,5
SPY190812P293,2019-08-09,2019-08-09 09:34:14,1.63,0.881,86,1.61,0.8702,40,1.6,0.8648,5,1.62,0.8756,225,0
SPY190812P293,2019-08-09,2019-08-09 09:34:14,1.62,0.8756,91,1.61,0.8702,40,1.6,0.8648,5,1.615,0.8729,225,0
SPY190812P293,2019-08-09,2019-08-09 09:34:15,1.61,0.8702,1,1.6,0.8648,6,1.6,0.8648,5,1.605,0.8675,225,0
SPY190812P293,2019-08-09,2019-08-09 09:34:15,1.63,0.881,103,1.61,0.8702,43,1.6,0.8648,5,1.62,0.8756,225,0
SPY190812P293,2019-08-09,2019-08-09 09:34:16,1.62,0.8756,10,1.6,0.8648,78,1.61,0.8702,6,1.61,0.8702,231,0
SPY190812P293,2019-08-09,2019-08-09 09:34:16,1.62,0.8756,4,1.6,0.8648,68,1.61,0.8702,6,1.61,0.8702,231,6
SPY190812P293,2019-08-09,2019-08-09 09:34:17,1.62,0.8756,10,1.61,0.8702,4,1.61,0.8702,6,1.615,0.8729,231,0
SPY190812P293,2019-08-09,2019-08-09 09:34:17,1.63,0.881,6,1.6,0.8648,68,1.61,0.8702,6,1.615,0.8729,231,0
SPY190812P293,2019-08-09,2019-08-09 09:34:18,1.63,0.881,5,1.62,0.8756,8,1.61,0.8702,6,1.625,0.8783,231,0
SPY190812P293,2019-08-09,2019-08-09 09:34:18,1.64,0.8864,6,1.61,0.8702,80,1.61,0.8702,6,1.625,0.8783,231,0
SPY190812P293,2019-08-09,2019-08-09 09:34:19,1.62,0.8756,84,1.6,0.8648,8,1.61,0.8702,6,1.61,0.8702,231,0
SPY190812P293,2019-08-09,2019-08-09 09:34:19,1.61,0.8702,6,1.59,0.8594,64,1.61,0.8702,6,1.6,0.8648,231,0
SPY190812P293,2019-08-09,2019-08-09 09:34:20,1.61,0.8702,6,1.59,0.8594,122,1.61,0.8702,6,1.6,0.8648,231,0
SPY190812P293,2019-08-09,2019-08-09 09:34:20,1.62,0.8756,72,1.6,0.8648,24,1.61,0.8702,6,1.61,0.8702,231,0
SPY190812P293,2019-08-09,2019-08-09 09:34:21,1.61,0.8702,6,1.59,0.8594,68,1.61,0.8702,6,1.6,0.8648,231,0
SPY190812P293,2019-08-09,2019-08-09 09:34:22,1.61,0.8702,41,1.6,0.8648,26,1.61,0.8702,6,1.605,0.8675,231,0
SPY190812P293,2019-08-09,2019-08-09 09:34:22,1.6,0.8648,7,1.59,0.8594,32,1.61,0.8702,6,1.595,0.8621,231,0
SPY190812P293,2019-08-09,2019-08-09 09:34:23,1.6,0.8648,10,1.59,0.8594,32,1.61,0.8702,6,1.595,0.8621,231,0
SPY190812P293,2019-08-09,2019-08-09 09:34:23,1.6,0.8648,10,1.57,0.8486,63,1.61,0.8702,6,1.585,0.8567,231,0
SPY190812P293,2019-08-09,2019-08-09 09:34:24,1.59,0.8594,6,1.56,0.8432,138,1.61,0.8702,6,1.575,0.8513,231,0
SPY190812P293,2019-08-09,2019-08-09 09:34:25,1.58,0.854,6,1.56,0.8432,25,1.61,0.8702,6,1.57,0.8486,231,0
SPY190812P293,2019-08-09,2019-08-09 09:34:25,1.58,0.854,9,1.57,0.8486,13,1.61,0.8702,6,1.575,0.8513,231,0
SPY190812P293,2019-08-09,2019-08-09 09:34:26,1.59,0.8594,6,1.57,0.8486,25,1.61,0.8702,6,1.58,0.854,231,0
SPY190812P293,2019-08-09,2019-08-09 09:34:26,1.59,0.8594,6,1.57,0.8486,14,1.61,0.8702,6,1.58,0.854,231,0
SPY190812P293,2019-08-09,2019-08-09 09:34:27,1.6,0.8648,115,1.58,0.854,10,1.61,0.8702,6,1.59,0.8594,231,0
SPY190812P293,2019-08-09,2019-08-09 09:34:27,1.61,0.8702,91,1.59,0.8594,6,1.61,0.8702,6,1.6,0.8648,231,0
SPY190812P293,2019-08-09,2019-08-09 09:34:28,1.61,0.8702,74,1.59,0.8594,25,1.61,0.8702,6,1.6,0.8648,231,0
SPY190812P293,2019-08-09,2019-08-09 09:34:28,1.61,0.8702,6,1.59,0.8594,25,1.61,0.8702,6,1.6,0.8648,231,0
SPY190812P293,2019-08-09,2019-08-09 09:34:29,1.61,0.8702,6,1.59,0.8594,25,1.61,0.8702,6,1.6,0.8648,231,0
SPY190812P293,2019-08-09,2019-08-09 09:34:30,1.62,0.8756,121,1.58,0.854,165,1.61,0.8702,6,1.6,0.8648,231,0
SPY190812P293,2019-08-09,2019-08-09 09:34:30,1.62,0.8756,121,1.59,0.8594,50,1.61,0.8702,6,1.605,0.8675,231,0
SPY190812P293,2019-08-09,2019-08-09 09:34:31,1.61,0.8702,5,1.58,0.854,80,1.61,0.8702,6,1.595,0.8621,231,0
SPY190812P293,2019-08-09,2019-08-09 09:34:31,1.62,0.8756,106,1.59,0.8594,40,1.61,0.8702,6,1.605,0.8675,231,0
SPY190812P293,2019-08-09,2019-08-09 09:34:32,1.6,0.8648,6,1.57,0.8486,77,1.61,0.8702,6,1.585,0.8567,231,0
SPY190812P293,2019-08-09,2019-08-09 09:34:32,1.61,0.8702,45,1.58,0.854,65,1.61,0.8702,6,1.595,0.8621,231,0
SPY190812P293,2019-08-09,2019-08-09 09:34:33,1.6,0.8648,106,1.57,0.8486,51,1.61,0.8702,6,1.585,0.8567,231,0
SPY190812P293,2019-08-09,2019-08-09 09:34:33,1.59,0.8594,6,1.57,0.8486,45,1.61,0.8702,6,1.58,0.854,231,0
SPY190812P293,2019-08-09,2019-08-09 09:34:34,1.58,0.854,10,1.56,0.8432,29,1.61,0.8702,6,1.57,0.8486,231,0
SPY190812P293,2019-08-09,2019-08-09 09:34:35,1.59,0.8594,14,1.56,0.8432,40,1.61,0.8702,6,1.575,0.8513,231,0
SPY190812P293,2019-08-09,2019-08-09 09:34:35,1.59,0.8594,13,1.57,0.8486,25,1.61,0.8702,6,1.58,0.854,231,0
SPY190812P293,2019-08-09,2019-08-09 09:34:36,1.59,0.8594,14,1.56,0.8432,40,1.61,0.8702,6,1.575,0.8513,231,0
SPY190812P293,2019-08-09,2019-08-09 09:34:36,1.59,0.8594,110,1.57,0.8486,6,1.61,0.8702,6,1.58,0.854,231,0
SPY190812P293,2019-08-09,2019-08-09 09:34:37,1.58,0.854,6,1.56,0.8432,50,1.61,0.8702,6,1.57,0.8486,231,0
SPY190812P293,2019-08-09,2019-08-09 09:34:37,1.58,0.854,4,1.57,0.8486,4,1.61,0.8702,6,1.575,0.8513,231,0
SPY190812P293,2019-08-09,2019-08-09 09:34:38,1.58,0.854,96,1.56,0.8432,28,1.61,0.8702,6,1.57,0.8486,231,0
SPY190812P293,2019-08-09,2019-08-09 09:34:38,1.58,0.854,49,1.56,0.8432,28,1.61,0.8702,6,1.57,0.8486,231,0
SPY190812P293,2019-08-09,2019-08-09 09:34:39,1.57,0.8486,6,1.55,0.8378,37,1.61,0.8702,6,1.56,0.8432,231,0
SPY190812P293,2019-08-09,2019-08-09 09:34:39,1.58,0.854,140,1.56,0.8432,28,1.61,0.8702,6,1.57,0.8486,231,0
SPY190812P293,2019-08-09,2019-08-09 09:34:40,1.58,0.854,135,1.56,0.8432,1,1.61,0.8702,6,1.57,0.8486,231,0
SPY190812P293,2019-08-09,2019-08-09 09:34:40,1.58,0.854,160,1.55,0.8378,40,1.61,0.8702,6,1.565,0.8459,231,0
SPY190812P293,2019-08-09,2019-08-09 09:34:41,1.57,0.8486,11,1.55,0.8378,40,1.61,0.8702,6,1.56,0.8432,231,0
SPY190812P293,2019-08-09,2019-08-09 09:34:41,1.57,0.8486,68,1.55,0.8378,40,1.61,0.8702,6,1.56,0.8432,231,0
SPY190812P293,2019-08-09,2019-08-09 09:34:42,1.55,0.8378,1,1.54,0.8324,11,1.55,0.8378,1,1.545,0.8351,242,0
SPY190812P293,2019-08-09,2019-08-09 09:34:42,1.56,0.8432,1,1.55,0.8378,16,1.55,0.8378,1,1.555,0.8405,242,11
SPY190812P293,2019-08-09,2019-08-09 09:34:43,1.55,0.8378,6,1.54,0.8324,11,1.55,0.8378,1,1.545,0.8351,242,0
SPY190812P293,2019-08-09,2019-08-09 09:34:43,1.56,0.8432,146,1.54,0.8324,11,1.55,0.8378,1,1.55,0.8378,242,0
SPY190812P293,2019-08-09,2019-08-09 09:34:44,1.55,0.8378,10,1.54,0.8324,9,1.55,0.8378,1,1.545,0.8351,242,0
SPY190812P293,2019-08-09,2019-08-09 09:34:44,1.55,0.8378,10,1.54,0.8324,12,1.55,0.8378,1,1.545,0.8351,242,0
SPY190812P293,2019-08-09,2019-08-09 09:34:45,1.54,0.8324,63,1.54,0.8324,9,1.54,0.8324,9,1.54,0.8324,251,0
SPY190812P293,2019-08-09,2019-08-09 09:34:45,1.55,0.8378,115,1.54,0.8324,9,1.54,0.8324,9,1.545,0.8351,251,9
SPY190812P293,2019-08-09,2019-08-09 09:34:46,1.54,0.8324,58,1.52,0.8216,25,1.53,0.827,1,1.53,0.827,349,23
SPY190812P293,2019-08-09,2019-08-09 09:34:46,1.54,0.8324,63,1.53,0.827,23,1.53,0.827,75,1.535,0.8297,326,75
SPY190812P293,2019-08-09,2019-08-09 09:34:47,1.53,0.827,6,1.52,0.8216,19,1.53,0.827,1,1.525,0.8243,349,0
SPY190812P293,2019-08-09,2019-08-09 09:34:47,1.53,0.827,96,1.52,0.8216,19,1.53,0.827,1,1.525,0.8243,349,0
SPY190812P293,2019-08-09,2019-08-09 09:34:48,1.53,0.827,10,1.52,0.8216,19,1.53,0.827,1,1.525,0.8243,349,0
SPY190812P293,2019-08-09,2019-08-09 09:34:48,1.54,0.8324,12,1.52,0.8216,19,1.53,0.827,1,1.53,0.827,349,0
SPY190812P293,2019-08-09,2019-08-09 09:34:49,1.53,0.827,10,1.52,0.8216,6,1.53,0.827,1,1.525,0.8243,349,0
SPY190812P293,2019-08-09,2019-08-09 09:34:49,1.53,0.827,10,1.52,0.8216,19,1.53,0.827,1,1.525,0.8243,349,0
SPY190812P293,2019-08-09,2019-08-09 09:34:50,1.54,0.8324,5,1.52,0.8216,46,1.53,0.827,10,1.53,0.827,359,0
SPY190812P293,2019-08-09,2019-08-09 09:34:50,1.58,0.854,44,1.53,0.827,44,1.53,0.827,10,1.555,0.8405,359,10
SPY190812P293,2019-08-09,2019-08-09 09:34:51,1.53,0.827,4,1.51,0.8162,63,1.53,0.827,10,1.52,0.8216,359,0
SPY190812P293,2019-08-09,2019-08-09 09:34:51,1.53,0.827,6,1.51,0.8162,96,1.53,0.827,10,1.52,0.8216,359,0
SPY190812P293,2019-08-09,2019-08-09 09:34:52,1.53,0.827,100,1.51,0.8162,13,1.53,0.827,10,1.52,0.8216,359,0
SPY190812P293,2019-08-09,2019-08-09 09:34:52,1.53,0.827,6,1.51,0.8162,19,1.53,0.827,10,1.52,0.8216,359,0
SPY190812P293,2019-08-09,2019-08-09 09:34:53,1.53,0.827,100,1.51,0.8162,6,1.53,0.827,10,1.52,0.8216,359,0
SPY190812P293,2019-08-09,2019-08-09 09:34:53,1.53,0.827,100,1.51,0.8162,19,1.53,0.827,10,1.52,0.8216,359,0
SPY190812P293,2019-08-09,2019-08-09 09:34:54,1.52,0.8216,10,1.51,0.8162,6,1.53,0.827,10,1.515,0.8189,359,0
SPY190812P293,2019-08-09,2019-08-09 09:34:54,1.52,0.8216,4,1.51,0.8162,6,1.53,0.827,10,1.515,0.8189,359,0
SPY190812P293,2019-08-09,2019-08-09 09:34:55,1.52,0.8216,4,1.5,0.8108,100,1.53,0.827,10,1.51,0.8162,359,0
SPY190812P293,2019-08-09,2019-08-09 09:34:55,1.52,0.8216,6,1.51,0.8162,6,1.53,0.827,10,1.515,0.8189,359,0
SPY190812P293,2019-08-09,2019-08-09 09:34:57,1.52,0.8216,9,1.5,0.8108,4,1.53,0.827,10,1.51,0.8162,359,0
SPY190812P293,2019-08-09,2019-08-09 09:34:58,1.52,0.8216,114,1.5,0.8108,3,1.53,0.827,10,1.51,0.8162,359,0
SPY190812P293,2019-08-09,2019-08-09 09:34:59,1.52,0.8216,6,1.5,0.8108,6,1.53,0.827,10,1.51,0.8162,359,0
SPY190812P293,2019-08-09,2019-08-09 09:34:59,1.51,0.8162,5,1.5,0.8108,10,1.53,0.827,10,1.505,0.8135,359,0
SPY190812P293,2019-08-09,2019-08-09 09:35:00,1.51,0.8162,1,1.5,0.8108,3,1.51,0.8162,2,1.505,0.8135,361,2
SPY190812P293,2019-08-09,2019-08-09 09:35:00,1.53,0.827,6,1.5,0.8108,10,1.53,0.827,10,1.515,0.8189,359,0
SPY190812P293,2019-08-09,2019-08-09 09:35:01,1.51,0.8162,6,1.5,0.8108,3,1.51,0.8162,2,1.505,0.8135,361,0
SPY190812P293,2019-08-09,2019-08-09 09:35:02,1.53,0.827,100,1.5,0.8108,3,1.51,0.8162,2,1.515,0.8189,361,0
SPY190812P293,2019-08-09,2019-08-09 09:35:02,1.53,0.827,74,1.5,0.8108,7,1.51,0.8162,2,1.515,0.8189,361,0
SPY190812P293,2019-08-09,2019-08-09 09:35:03,1.53,0.827,6,1.51,0.8162,6,1.51,0.8162,2,1.52,0.8216,361,0
SPY190812P293,2019-08-09,2019-08-09 09:35:06,1.55,0.8378,6,1.53,0.827,97,1.51,0.8162,2,1.54,0.8324,361,0
SPY190812P293,2019-08-09,2019-08-09 09:35:07,1.56,0.8432,104,1.53,0.827,5,1.51,0.8162,2,1.545,0.8351,361,0
SPY190812P293,2019-08-09,2019-08-09 09:35:07,1.54,0.8324,6,1.52,0.8216,275,1.51,0.8162,2,1.53,0.827,361,0
SPY190812P293,2019-08-09,2019-08-09 09:35:08,1.54,0.8324,6,1.52,0.8216,240,1.51,0.8162,2,1.53,0.827,361,0
SPY190812P293,2019-08-09,2019-08-09 09:35:09,1.55,0.8378,21,1.53,0.827,6,1.51,0.8162,2,1.54,0.8324,361,0
SPY190812P293,2019-08-09,2019-08-09 09:35:09,1.54,0.8324,10,1.53,0.827,6,1.51,0.8162,2,1.535,0.8297,361,0
SPY190812P293,2019-08-09,2019-08-09 09:35:10,1.56,0.8432,6,1.54,0.8324,6,1.51,0.8162,2,1.55,0.8378,361,0
SPY190812P293,2019-08-09,2019-08-09 09:35:10,1.56,0.8432,10,1.54,0.8324,6,1.51,0.8162,2,1.55,0.8378,361,0
SPY190812P293,2019-08-09,2019-08-09 09:35:11,1.55,0.8378,6,1.53,0.827,86,1.51,0.8162,2,1.54,0.8324,361,0
SPY190812P293,2019-08-09,2019-08-09 09:35:11,1.56,0.8432,10,1.54,0.8324,6,1.51,0.8162,2,1.55,0.8378,361,0
SPY190812P293,2019-08-09,2019-08-09 09:35:12,1.55,0.8378,6,1.52,0.8216,165,1.51,0.8162,2,1.535,0.8297,361,0
SPY190812P293,2019-08-09,2019-08-09 09:35:12,1.54,0.8324,6,1.51,0.8162,72,1.51,0.8162,2,1.525,0.8243,361,0
SPY190812P293,2019-08-09,2019-08-09 09:35:13,1.54,0.8324,5,1.51,0.8162,70,1.54,0.8324,1,1.525,0.8243,362,0
SPY190812P293,2019-08-09,2019-08-09 09:35:13,1.54,0.8324,103,1.51,0.8162,88,1.54,0.8324,1,1.525,0.8243,362,1
SPY190812P293,2019-08-09,2019-08-09 09:35:14,1.52,0.8216,6,1.5,0.8108,107,1.54,0.8324,1,1.51,0.8162,362,0
SPY190812P293,2019-08-09,2019-08-09 09:35:14,1.52,0.8216,4,1.5,0.8108,80,1.54,0.8324,1,1.51,0.8162,362,0
SPY190812P293,2019-08-09,2019-08-09 09:35:15,1.53,0.827,50,1.51,0.8162,65,1.54,0.8324,1,1.52,0.8216,362,0
SPY190812P293,2019-08-09,2019-08-09 09:35:15,1.53,0.827,9,1.5,0.8108,81,1.54,0.8324,1,1.515,0.8189,362,0
SPY190812P293,2019-08-09,2019-08-09 09:35:16,1.52,0.8216,4,1.5,0.8108,95,1.54,0.8324,1,1.51,0.8162,362,0
SPY190812P293,2019-08-09,2019-08-09 09:35:16,1.52,0.8216,12,1.5,0.8108,81,1.54,0.8324,1,1.51,0.8162,362,0
SPY190812P293,2019-08-09,2019-08-09 09:35:17,1.52,0.8216,10,1.5,0.8108,84,1.54,0.8324,1,1.51,0.8162,362,0
SPY190812P293,2019-08-09,2019-08-09 09:35:17,1.53,0.827,104,1.5,0.8108,3,1.54,0.8324,1,1.515,0.8189,362,0
SPY190812P293,2019-08-09,2019-08-09 09:35:18,1.51,0.8162,12,1.5,0.8108,3,1.54,0.8324,1,1.505,0.8135,362,0
SPY190812P293,2019-08-09,2019-08-09 09:35:18,1.53,0.827,154,1.5,0.8108,3,1.54,0.8324,1,1.515,0.8189,362,0
SPY190812P293,2019-08-09,2019-08-09 09:35:19,1.52,0.8216,117,1.5,0.8108,3,1.54,0.8324,1,1.51,0.8162,362,0
SPY190812P293,2019-08-09,2019-08-09 09:35:19,1.52,0.8216,6,1.5,0.8108,3,1.54,0.8324,1,1.51,0.8162,362,0
SPY190812P293,2019-08-09,2019-08-09 09:35:20,1.52,0.8216,115,1.5,0.8108,51,1.54,0.8324,1,1.51,0.8162,362,0
SPY190812P293,2019-08-09,2019-08-09 09:35:21,1.54,0.8324,5,1.5,0.8108,199,1.54,0.8324,1,1.52,0.8216,362,0
SPY190812P293,2019-08-09,2019-08-09 09:35:21,1.52,0.8216,4,1.5,0.8108,33,1.54,0.8324,1,1.51,0.8162,362,0
SPY190812P293,2019-08-09,2019-08-09 09:35:22,1.53,0.827,6,1.51,0.8162,6,1.54,0.8324,1,1.52,0.8216,362,0
SPY190812P293,2019-08-09,2019-08-09 09:35:22,1.54,0.8324,146,1.5,0.8108,78,1.54,0.8324,1,1.52,0.8216,362,0
SPY190812P293,2019-08-09,2019-08-09 09:35:23,1.52,0.8216,1,1.5,0.8108,67,1.54,0.8324,1,1.51,0.8162,362,0
SPY190812P293,2019-08-09,2019-08-09 09:35:23,1.52,0.8216,4,1.5,0.8108,60,1.54,0.8324,1,1.51,0.8162,362,0
SPY190812P293,2019-08-09,2019-08-09 09:35:25,1.53,0.827,9,1.5,0.8108,125,1.54,0.8324,1,1.515,0.8189,362,0
SPY190812P293,2019-08-09,2019-08-09 09:35:25,1.53,0.827,6,1.51,0.8162,6,1.54,0.8324,1,1.52,0.8216,362,0
SPY190812P293,2019-08-09,2019-08-09 09:35:26,1.53,0.827,142,1.5,0.8108,113,1.54,0.8324,1,1.515,0.8189,362,0
SPY190812P293,2019-08-09,2019-08-09 09:35:26,1.52,0.8216,10,1.5,0.8108,113,1.54,0.8324,1,1.51,0.8162,362,0
SPY190812P293,2019-08-09,2019-08-09 09:35:27,1.52,0.8216,9,1.5,0.8108,103,1.54,0.8324,1,1.51,0.8162,362,0
SPY190812P293,2019-08-09,2019-08-09 09:35:27,1.52,0.8216,6,1.5,0.8108,102,1.54,0.8324,1,1.51,0.8162,362,0
SPY190812P293,2019-08-09,2019-08-09 09:35:28,1.52,0.8216,6,1.5,0.8108,91,1.54,0.8324,1,1.51,0.8162,362,0
SPY190812P293,2019-08-09,2019-08-09 09:35:28,1.52,0.8216,10,1.5,0.8108,31,1.54,0.8324,1,1.51,0.8162,362,0
SPY190812P293,2019-08-09,2019-08-09 09:35:29,1.52,0.8216,62,1.5,0.8108,7,1.54,0.8324,1,1.51,0.8162,362,0
SPY190812P293,2019-08-09,2019-08-09 09:35:29,1.52,0.8216,10,1.5,0.8108,7,1.54,0.8324,1,1.51,0.8162,362,0
SPY190812P293,2019-08-09,2019-08-09 09:35:30,1.51,0.8162,6,1.5,0.8108,7,1.54,0.8324,1,1.505,0.8135,362,0
SPY190812P293,2019-08-09,2019-08-09 09:35:30,1.52,0.8216,77,1.5,0.8108,7,1.54,0.8324,1,1.51,0.8162,362,0
SPY190812P293,2019-08-09,2019-08-09 09:35:31,1.51,0.8162,4,1.5,0.8108,3,1.54,0.8324,1,1.505,0.8135,362,0
SPY190812P293,2019-08-09,2019-08-09 09:35:32,1.52,0.8216,152,1.5,0.8108,3,1.54,0.8324,1,1.51,0.8162,362,0
SPY190812P293,2019-08-09,2019-08-09 09:35:32,1.51,0.8162,6,1.5,0.8108,3,1.54,0.8324,1,1.505,0.8135,362,0
SPY190812P293,2019-08-09,2019-08-09 09:35:33,1.51,0.8162,93,1.5,0.8108,3,1.54,0.8324,1,1.505,0.8135,362,0
SPY190812P293,2019-08-09,2019-08-09 09:35:34,1.51,0.8162,93,1.5,0.8108,3,1.54,0.8324,1,1.505,0.8135,362,0
SPY190812P293,2019-08-09,2019-08-09 09:35:35,1.51,0.8162,93,1.5,0.8108,3,1.54,0.8324,1,1.505,0.8135,362,0
SPY190812P293,2019-08-09,2019-08-09 09:35:36,1.51,0.8162,93,1.5,0.8108,3,1.54,0.8324,1,1.505,0.8135,362,0
SPY190812P293,2019-08-09,2019-08-09 09:35:37,1.5,0.8108,4,1.48,0.8,82,1.5,0.8108,1,1.49,0.8054,366,4
SPY190812P293,2019-08-09,2019-08-09 09:35:37,1.5,0.8108,4,1.49,0.8054,4,1.5,0.8108,1,1.495,0.8081,366,0
SPY190812P293,2019-08-09,2019-08-09 09:35:38,1.52,0.8216,58,1.49,0.8054,6,1.5,0.8108,1,1.505,0.8135,366,0
SPY190812P293,2019-08-09,2019-08-09 09:35:38,1.51,0.8162,6,1.48,0.8,74,1.5,0.8108,1,1.495,0.8081,366,0
SPY190812P293,2019-08-09,2019-08-09 09:35:39,1.51,0.8162,6,1.48,0.8,56,1.5,0.8108,1,1.495,0.8081,366,0
SPY190812P293,2019-08-09,2019-08-09 09:35:39,1.5,0.8108,6,1.48,0.8,106,1.5,0.8108,1,1.49,0.8054,366,0
SPY190812P293,2019-08-09,2019-08-09 09:35:40,1.51,0.8162,102,1.48,0.8,47,1.5,0.8108,1,1.495,0.8081,366,0
SPY190812P293,2019-08-09,2019-08-09 09:35:40,1.5,0.8108,6,1.48,0.8,56,1.5,0.8108,1,1.49,0.8054,366,0
SPY190812P293,2019-08-09,2019-08-09 09:35:41,1.51,0.8162,102,1.48,0.8,105,1.5,0.8108,1,1.495,0.8081,366,0
SPY190812P293,2019-08-09,2019-08-09 09:35:41,1.51,0.8162,102,1.48,0.8,90,1.5,0.8108,1,1.495,0.8081,366,0
SPY190812P293,2019-08-09,2019-08-09 09:35:42,1.5,0.8108,6,1.48,0.8,50,1.5,0.8108,1,1.49,0.8054,366,0
SPY190812P293,2019-08-09,2019-08-09 09:35:42,1.5,0.8108,9,1.48,0.8,50,1.5,0.8108,1,1.49,0.8054,366,0
SPY190812P293,2019-08-09,2019-08-09 09:35:43,1.5,0.8108,7,1.48,0.8,55,1.5,0.8108,1,1.49,0.8054,366,0
SPY190812P293,2019-08-09,2019-08-09 09:35:43,1.5,0.8108,39,1.48,0.8,10,1.5,0.8108,1,1.49,0.8054,366,0
SPY190812P293,2019-08-09,2019-08-09 09:35:44,1.51,0.8162,6,1.49,0.8054,5,1.5,0.8108,1,1.5,0.8108,366,0
SPY190812P293,2019-08-09,2019-08-09 09:35:44,1.5,0.8108,6,1.48,0.8,110,1.5,0.8108,1,1.49,0.8054,366,0
SPY190812P293,2019-08-09,2019-08-09 09:35:45,1.51,0.8162,4,1.5,0.8108,4,1.5,0.8108,1,1.505,0.8135,366,0
SPY190812P293,2019-08-09,2019-08-09 09:35:45,1.51,0.8162,6,1.5,0.8108,10,1.5,0.8108,1,1.505,0.8135,366,0
SPY190812P293,2019-08-09,2019-08-09 09:35:46,1.51,0.8162,4,1.5,0.8108,4,1.5,0.8108,1,1.505,0.8135,366,0
SPY190812P293,2019-08-09,2019-08-09 09:35:46,1.51,0.8162,9,1.49,0.8054,116,1.5,0.8108,1,1.5,0.8108,366,0
SPY190812P293,2019-08-09,2019-08-09 09:35:47,1.5,0.8108,9,1.48,0.8,56,1.5,0.8108,1,1.49,0.8054,366,0
SPY190812P293,2019-08-09,2019-08-09 09:35:47,1.51,0.8162,9,1.49,0.8054,118,1.5,0.8108,1,1.5,0.8108,366,0
SPY190812P293,2019-08-09,2019-08-09 09:35:48,1.5,0.8108,9,1.48,0.8,56,1.5,0.8108,1,1.49,0.8054,366,0
SPY190812P293,2019-08-09,2019-08-09 09:35:48,1.5,0.8108,7,1.47,0.7945,5,1.5,0.8108,1,1.485,0.8027,366,0
SPY190812P293,2019-08-09,2019-08-09 09:35:49,1.49,0.8054,7,1.48,0.8,1,1.5,0.8108,1,1.485,0.8027,366,0
SPY190812P293,2019-08-09,2019-08-09 09:35:50,1.49,0.8054,10,1.48,0.8,1,1.5,0.8108,1,1.485,0.8027,366,0
SPY190812P293,2019-08-09,2019-08-09 09:35:50,1.49,0.8054,7,1.48,0.8,1,1.5,0.8108,1,1.485,0.8027,366,0
SPY190812P293,2019-08-09,2019-08-09 09:35:51,1.5,0.8108,9,1.47,0.7945,90,1.48,0.8,1,1.485,0.8027,368,1
SPY190812P293,2019-08-09,2019-08-09 09:35:51,1.49,0.8054,6,1.48,0.8,1,1.49,0.8054,1,1.485,0.8027,367,1
SPY190812P293,2019-08-09,2019-08-09 09:35:52,1.48,0.8,4,1.47,0.7945,85,1.48,0.8,1,1.475,0.7972,368,0
SPY190812P293,2019-08-09,2019-08-09 09:35:52,1.49,0.8054,6,1.47,0.7945,40,1.48,0.8,1,1.48,0.8,368,0
SPY190812P293,2019-08-09,2019-08-09 09:35:53,1.48,0.8,4,1.47,0.7945,85,1.48,0.8,1,1.475,0.7972,368,0
SPY190812P293,2019-08-09,2019-08-09 09:35:54,1.48,0.8,4,1.47,0.7945,80,1.48,0.8,1,1.475,0.7972,368,0
SPY190812P293,2019-08-09,2019-08-09 09:35:55,1.48,0.8,4,1.47,0.7945,99,1.48,0.8,1,1.475,0.7972,368,0
SPY190812P293,2019-08-09,2019-08-09 09:35:55,1.48,0.8,4,1.47,0.7945,84,1.48,0.8,1,1.475,0.7972,368,0
SPY190812P293,2019-08-09,2019-08-09 09:35:56,1.49,0.8054,4,1.48,0.8,88,1.48,0.8,1,1.485,0.8027,374,6
SPY190812P293,2019-08-09,2019-08-09 09:35:56,1.51,0.8162,102,1.48,0.8,120,1.48,0.8,1,1.495,0.8081,374,0
SPY190812P293,2019-08-09,2019-08-09 09:35:57,1.5,0.8108,6,1.48,0.8,95,1.48,0.8,1,1.49,0.8054,374,0
SPY190812P293,2019-08-09,2019-08-09 09:35:57,1.51,0.8162,102,1.48,0.8,67,1.48,0.8,1,1.495,0.8081,374,0
SPY190812P293,2019-08-09,2019-08-09 09:35:58,1.5,0.8108,10,1.49,0.8054,4,1.48,0.8,1,1.495,0.8081,374,0
SPY190812P293,2019-08-09,2019-08-09 09:35:59,1.5,0.8108,9,1.47,0.7945,160,1.48,0.8,1,1.485,0.8027,374,0
SPY190812P293,2019-08-09,2019-08-09 09:35:59,1.5,0.8108,13,1.48,0.8,75,1.48,0.8,1,1.49,0.8054,374,0
SPY190812P293,2019-08-09,2019-08-09 09:36:00,1.49,0.8054,6,1.47,0.7945,165,1.48,0.8,1,1.48,0.8,374,0
SPY190812P293,2019-08-09,2019-08-09 09:36:00,1.49,0.8054,7,1.47,0.7945,165,1.48,0.8,1,1.48,0.8,374,0
SPY190812P293,2019-08-09,2019-08-09 09:36:01,1.5,0.8108,95,1.47,0.7945,115,1.49,0.8054,1,1.485,0.8027,375,1
SPY190812P293,2019-08-09,2019-08-09 09:36:01,1.49,0.8054,10,1.47,0.7945,115,1.49,0.8054,1,1.48,0.8,375,0
SPY190812P293,2019-08-09,2019-08-09 09:36:02,1.5,0.8108,41,1.48,0.8,4,1.49,0.8054,1,1.49,0.8054,375,0
SPY190812P293,2019-08-09,2019-08-09 09:36:02,1.49,0.8054,10,1.47,0.7945,115,1.49,0.8054,1,1.48,0.8,375,0
SPY190812P293,2019-08-09,2019-08-09 09:36:03,1.49,0.8054,6,1.47,0.7945,199,1.49,0.8054,1,1.48,0.8,375,0
SPY190812P293,2019-08-09,2019-08-09 09:36:03,1.5,0.8108,41,1.48,0.8,4,1.49,0.8054,1,1.49,0.8054,375,0
SPY190812P293,2019-08-09,2019-08-09 09:36:04,1.49,0.8054,6,1.47,0.7945,89,1.49,0.8054,1,1.48,0.8,375,0
SPY190812P293,2019-08-09,2019-08-09 09:36:04,1.49,0.8054,6,1.47,0.7945,100,1.49,0.8054,1,1.48,0.8,375,0
SPY190812P293,2019-08-09,2019-08-09 09:36:05,1.49,0.8054,50,1.47,0.7945,25,1.49,0.8054,1,1.48,0.8,375,0
SPY190812P293,2019-08-09,2019-08-09 09:36:05,1.49,0.8054,97,1.46,0.7891,279,1.49,0.8054,1,1.475,0.7972,375,0
SPY190812P293,2019-08-09,2019-08-09 09:36:06,1.48,0.8,6,1.46,0.7891,172,1.49,0.8054,1,1.47,0.7945,375,0
SPY190812P293,2019-08-09,2019-08-09 09:36:06,1.49,0.8054,97,1.46,0.7891,279,1.49,0.8054,1,1.475,0.7972,375,0
SPY190812P293,2019-08-09,2019-08-09 09:36:07,1.49,0.8054,106,1.46,0.7891,127,1.49,0.8054,1,1.475,0.7972,375,0
SPY190812P293,2019-08-09,2019-08-09 09:36:07,1.49,0.8054,106,1.46,0.7891,172,1.49,0.8054,1,1.475,0.7972,375,0
SPY190812P293,2019-08-09,2019-08-09 09:36:08,1.48,0.8,6,1.46,0.7891,124,1.49,0.8054,1,1.47,0.7945,375,0
SPY190812P293,2019-08-09,2019-08-09 09:36:08,1.49,0.8054,106,1.46,0.7891,127,1.49,0.8054,1,1.475,0.7972,375,0
SPY190812P293,2019-08-09,2019-08-09 09:36:09,1.5,0.8108,69,1.48,0.8,4,1.49,0.8054,1,1.49,0.8054,375,0
SPY190812P293,2019-08-09,2019-08-09 09:36:09,1.49,0.8054,107,1.46,0.7891,100,1.49,0.8054,1,1.475,0.7972,375,0
SPY190812P293,2019-08-09,2019-08-09 09:36:10,1.5,0.8108,6,1.48,0.8,6,1.49,0.8054,1,1.49,0.8054,375,0
SPY190812P293,2019-08-09,2019-08-09 09:36:10,1.5,0.8108,10,1.48,0.8,10,1.49,0.8054,1,1.49,0.8054,375,0
SPY190812P293,2019-08-09,2019-08-09 09:36:11,1.5,0.8108,6,1.48,0.8,6,1.49,0.8054,1,1.49,0.8054,375,0
SPY190812P293,2019-08-09,2019-08-09 09:36:11,1.52,0.8216,21,1.49,0.8054,98,1.49,0.8054,1,1.505,0.8135,375,0
SPY190812P293,2019-08-09,2019-08-09 09:36:12,1.52,0.8216,10,1.5,0.8108,10,1.49,0.8054,1,1.51,0.8162,375,0
SPY190812P293,2019-08-09,2019-08-09 09:36:12,1.52,0.8216,6,1.5,0.8108,6,1.49,0.8054,1,1.51,0.8162,375,0
SPY190812P293,2019-08-09,2019-08-09 09:36:13,1.52,0.8216,6,1.49,0.8054,167,1.49,0.8054,1,1.505,0.8135,375,0
SPY190812P293,2019-08-09,2019-08-09 09:36:13,1.52,0.8216,6,1.5,0.8108,6,1.49,0.8054,1,1.51,0.8162,375,0
SPY190812P293,2019-08-09,2019-08-09 09:36:14,1.52,0.8216,6,1.49,0.8054,175,1.49,0.8054,1,1.505,0.8135,375,0
SPY190812P293,2019-08-09,2019-08-09 09:36:14,1.53,0.827,6,1.51,0.8162,25,1.49,0.8054,1,1.52,0.8216,375,0
SPY190812P293,2019-08-09,2019-08-09 09:36:15,1.53,0.827,6,1.51,0.8162,97,1.49,0.8054,1,1.52,0.8216,375,0
SPY190812P293,2019-08-09,2019-08-09 09:36:15,1.53,0.827,10,1.51,0.8162,32,1.49,0.8054,1,1.52,0.8216,375,0
SPY190812P293,2019-08-09,2019-08-09 09:36:16,1.53,0.827,6,1.51,0.8162,97,1.49,0.8054,1,1.52,0.8216,375,0
SPY190812P293,2019-08-09,2019-08-09 09:36:16,1.53,0.827,9,1.51,0.8162,133,1.49,0.8054,1,1.52,0.8216,375,0
SPY190812P293,2019-08-09,2019-08-09 09:36:17,1.54,0.8324,99,1.52,0.8216,25,1.49,0.8054,1,1.53,0.827,375,0
SPY190812P293,2019-08-09,2019-08-09 09:36:17,1.54,0.8324,5,1.52,0.8216,10,1.49,0.8054,1,1.53,0.827,375,0
SPY190812P293,2019-08-09,2019-08-09 09:36:18,1.53,0.827,1,1.52,0.8216,10,1.54,0.8324,1,1.525,0.8243,376,1
SPY190812P293,2019-08-09,2019-08-09 09:36:19,1.55,0.8378,6,1.53,0.827,88,1.54,0.8324,1,1.54,0.8324,376,0
SPY190812P293,2019-08-09,2019-08-09 09:36:19,1.55,0.8378,6,1.53,0.827,6,1.54,0.8324,1,1.54,0.8324,376,0
SPY190812P293,2019-08-09,2019-08-09 09:36:20,1.56,0.8432,7,1.54,0.8324,28,1.54,0.8324,1,1.55,0.8378,376,0
SPY190812P293,2019-08-09,2019-08-09 09:36:20,1.56,0.8432,57,1.53,0.827,6,1.54,0.8324,1,1.545,0.8351,376,0
SPY190812P293,2019-08-09,2019-08-09 09:36:21,1.55,0.8378,6,1.53,0.827,6,1.54,0.8324,1,1.54,0.8324,376,0
SPY190812P293,2019-08-09,2019-08-09 09:36:21,1.55,0.8378,6,1.53,0.827,82,1.54,0.8324,1,1.54,0.8324,376,0
SPY190812P293,2019-08-09,2019-08-09 09:36:22,1.55,0.8378,5,1.53,0.827,25,1.54,0.8324,1,1.54,0.8324,376,0
SPY190812P293,2019-08-09,2019-08-09 09:36:23,1.58,0.854,115,1.55,0.8378,6,1.54,0.8324,1,1.565,0.8459,376,0
SPY190812P293,2019-08-09,2019-08-09 09:36:23,1.55,0.8378,8,1.54,0.8324,6,1.54,0.8324,1,1.545,0.8351,376,0
SPY190812P293,2019-08-09,2019-08-09 09:36:24,1.58,0.854,105,1.55,0.8378,128,1.54,0.8324,1,1.565,0.8459,376,0
SPY190812P293,2019-08-09,2019-08-09 09:36:24,1.57,0.8486,4,1.55,0.8378,89,1.54,0.8324,1,1.56,0.8432,376,0
SPY190812P293,2019-08-09,2019-08-09 09:36:25,1.59,0.8594,100,1.57,0.8486,1,1.54,0.8324,1,1.58,0.854,376,0
SPY190812P293,2019-08-09,2019-08-09 09:36:25,1.58,0.854,6,1.56,0.8432,3,1.54,0.8324,1,1.57,0.8486,376,0
SPY190812P293,2019-08-09,2019-08-09 09:36:26,1.6,0.8648,6,1.57,0.8486,13,1.54,0.8324,1,1.585,0.8567,376,0
SPY190812P293,2019-08-09,2019-08-09 09:36:26,1.63,0.881,27,1.57,0.8486,24,1.54,0.8324,1,1.6,0.8648,376,0
SPY190812P293,2019-08-09,2019-08-09 09:36:27,1.58,0.854,50,1.57,0.8486,13,1.54,0.8324,1,1.575,0.8513,376,0
SPY190812P293,2019-08-09,2019-08-09 09:36:27,1.58,0.854,10,1.56,0.8432,25,1.54,0.8324,1,1.57,0.8486,376,0
SPY190812P293,2019-08-09,2019-08-09 09:36:28,1.58,0.854,50,1.56,0.8432,31,1.54,0.8324,1,1.57,0.8486,376,0
SPY190812P293,2019-08-09,2019-08-09 09:36:29,1.57,0.8486,137,1.55,0.8378,25,1.54,0.8324,1,1.56,0.8432,376,0
SPY190812P293,2019-08-09,2019-08-09 09:36:29,1.57,0.8486,111,1.56,0.8432,25,1.54,0.8324,1,1.565,0.8459,376,0
SPY190812P293,2019-08-09,2019-08-09 09:36:30,1.56,0.8432,6,1.54,0.8324,56,1.54,0.8324,1,1.55,0.8378,376,0
SPY190812P293,2019-08-09,2019-08-09 09:36:30,1.56,0.8432,15,1.55,0.8378,25,1.54,0.8324,1,1.555,0.8405,376,0
SPY190812P293,2019-08-09,2019-08-09 09:36:31,1.55,0.8378,12,1.51,0.8162,6,1.52,0.8216,25,1.53,0.827,426,0
SPY190812P293,2019-08-09,2019-08-09 09:36:31,1.55,0.8378,46,1.52,0.8216,6,1.52,0.8216,25,1.535,0.8297,426,50
SPY190812P293,2019-08-09,2019-08-09 09:36:32,1.54,0.8324,144,1.52,0.8216,6,1.54,0.8324,1,1.53,0.827,428,2
SPY190812P293,2019-08-09,2019-08-09 09:36:32,1.54,0.8324,140,1.52,0.8216,10,1.54,0.8324,1,1.53,0.827,428,0
SPY190812P293,2019-08-09,2019-08-09 09:36:33,1.53,0.827,100,1.51,0.8162,6,1.54,0.8324,1,1.52,0.8216,428,0
SPY190812P293,2019-08-09,2019-08-09 09:36:33,1.53,0.827,40,1.52,0.8216,10,1.54,0.8324,1,1.525,0.8243,428,0
SPY190812P293,2019-08-09,2019-08-09 09:36:34,1.51,0.8162,8,1.49,0.8054,3,1.54,0.8324,1,1.5,0.8108,428,0
SPY190812P293,2019-08-09,2019-08-09 09:36:34,1.52,0.8216,92,1.5,0.8108,6,1.54,0.8324,1,1.51,0.8162,428,0
SPY190812P293,2019-08-09,2019-08-09 09:36:35,1.51,0.8162,44,1.5,0.8108,7,1.5,0.8108,1,1.505,0.8135,435,7
SPY190812P293,2019-08-09,2019-08-09 09:36:35,1.53,0.827,6,1.5,0.8108,6,1.54,0.8324,1,1.515,0.8189,428,0
SPY190812P293,2019-08-09,2019-08-09 09:36:36,1.5,0.8108,1,1.49,0.8054,26,1.5,0.8108,1,1.495,0.8081,436,1
SPY190812P293,2019-08-09,2019-08-09 09:36:36,1.51,0.8162,124,1.49,0.8054,25,1.5,0.8108,1,1.5,0.8108,436,0
SPY190812P293,2019-08-09,2019-08-09 09:36:37,1.51,0.8162,124,1.49,0.8054,25,1.5,0.8108,1,1.5,0.8108,436,0
SPY190812P293,2019-08-09,2019-08-09 09:36:37,1.5,0.8108,55,1.48,0.8,114,1.5,0.8108,1,1.49,0.8054,436,0
SPY190812P293,2019-08-09,2019-08-09 09:36:38,1.5,0.8108,23,1.49,0.8054,6,1.5,0.8108,1,1.495,0.8081,436,0
SPY190812P293,2019-08-09,2019-08-09 09:36:38,1.5,0.8108,19,1.48,0.8,60,1.5,0.8108,1,1.49,0.8054,436,0
SPY190812P293,2019-08-09,2019-08-09 09:36:39,1.49,0.8054,10,1.48,0.8,6,1.5,0.8108,1,1.485,0.8027,436,0
SPY190812P293,2019-08-09,2019-08-09 09:36:39,1.49,0.8054,145,1.47,0.7945,25,1.5,0.8108,1,1.48,0.8,436,0
SPY190812P293,2019-08-09,2019-08-09 09:36:40,1.5,0.8108,55,1.48,0.8,6,1.5,0.8108,1,1.49,0.8054,436,0
SPY190812P293,2019-08-09,2019-08-09 09:36:40,1.49,0.8054,50,1.46,0.7891,50,1.5,0.8108,1,1.475,0.7972,436,0
SPY190812P293,2019-08-09,2019-08-09 09:36:41,1.5,0.8108,63,1.49,0.8054,6,1.5,0.8108,1,1.495,0.8081,436,0
SPY190812P293,2019-08-09,2019-08-09 09:36:41,1.51,0.8162,130,1.48,0.8,6,1.5,0.8108,1,1.495,0.8081,436,0
SPY190812P293,2019-08-09,2019-08-09 09:36:42,1.49,0.8054,121,1.46,0.7891,213,1.5,0.8108,1,1.475,0.7972,436,0
SPY190812P293,2019-08-09,2019-08-09 09:36:43,1.49,0.8054,23,1.47,0.7945,6,1.5,0.8108,1,1.48,0.8,436,0
SPY190812P293,2019-08-09,2019-08-09 09:36:43,1.5,0.8108,119,1.47,0.7945,63,1.5,0.8108,1,1.485,0.8027,436,0
SPY190812P293,2019-08-09,2019-08-09 09:36:44,1.48,0.8,10,1.47,0.7945,4,1.5,0.8108,1,1.475,0.7972,436,0
SPY190812P293,2019-08-09,2019-08-09 09:36:44,1.49,0.8054,100,1.46,0.7891,237,1.5,0.8108,1,1.475,0.7972,436,0
SPY190812P293,2019-08-09,2019-08-09 09:36:45,1.48,0.8,10,1.47,0.7945,10,1.5,0.8108,1,1.475,0.7972,436,0
SPY190812P293,2019-08-09,2019-08-09 09:36:45,1.49,0.8054,125,1.47,0.7945,10,1.5,0.8108,1,1.48,0.8,436,0
SPY190812P293,2019-08-09,2019-08-09 09:36:46,1.49,0.8054,125,1.46,0.7891,188,1.5,0.8108,1,1.475,0.7972,436,0
SPY190812P293,2019-08-09,2019-08-09 09:36:46,1.48,0.8,6,1.47,0.7945,6,1.5,0.8108,1,1.475,0.7972,436,0
SPY190812P293,2019-08-09,2019-08-09 09:36:47,1.49,0.8054,124,1.46,0.7891,106,1.5,0.8108,1,1.475,0.7972,436,0
SPY190812P293,2019-08-09,2019-08-09 09:36:47,1.49,0.8054,106,1.46,0.7891,113,1.5,0.8108,1,1.475,0.7972,436,0
SPY190812P293,2019-08-09,2019-08-09 09:36:48,1.49,0.8054,162,1.46,0.7891,113,1.5,0.8108,1,1.475,0.7972,436,0
SPY190812P293,2019-08-09,2019-08-09 09:36:49,1.48,0.8,1,1.46,0.7891,110,1.5,0.8108,1,1.47,0.7945,436,0
SPY190812P293,2019-08-09,2019-08-09 09:36:49,1.48,0.8,4,1.46,0.7891,110,1.5,0.8108,1,1.47,0.7945,436,0
SPY190812P293,2019-08-09,2019-08-09 09:36:50,1.48,0.8,6,1.47,0.7945,4,1.5,0.8108,1,1.475,0.7972,436,0
SPY190812P293,2019-08-09,2019-08-09 09:36:50,1.48,0.8,4,1.47,0.7945,4,1.5,0.8108,1,1.475,0.7972,436,0
SPY190812P293,2019-08-09,2019-08-09 09:36:51,1.48,0.8,4,1.47,0.7945,1,1.5,0.8108,1,1.475,0.7972,436,0
SPY190812P293,2019-08-09,2019-08-09 09:36:51,1.5,0.8108,19,1.48,0.8,2,1.5,0.8108,1,1.49,0.8054,436,0
SPY190812P293,2019-08-09,2019-08-09 09:36:52,1.49,0.8054,124,1.48,0.8,2,1.5,0.8108,1,1.485,0.8027,436,0
SPY190812P293,2019-08-09,2019-08-09 09:36:52,1.49,0.8054,6,1.48,0.8,2,1.5,0.8108,1,1.485,0.8027,436,0
SPY190812P293,2019-08-09,2019-08-09 09:36:53,1.48,0.8,7,1.46,0.7891,125,1.48,0.8,2,1.47,0.7945,438,0
SPY190812P293,2019-08-09,2019-08-09 09:36:53,1.48,0.8,1,1.46,0.7891,3,1.48,0.8,2,1.47,0.7945,438,2
SPY190812P293,2019-08-09,2019-08-09 09:36:54,1.49,0.8054,6,1.47,0.7945,6,1.48,0.8,2,1.48,0.8,438,0
SPY190812P293,2019-08-09,2019-08-09 09:36:55,1.49,0.8054,120,1.47,0.7945,10,1.48,0.8,2,1.48,0.8,438,0
SPY190812P293,2019-08-09,2019-08-09 09:36:55,1.49,0.8054,120,1.47,0.7945,6,1.48,0.8,2,1.48,0.8,438,0
SPY190812P293,2019-08-09,2019-08-09 09:36:56,1.49,0.8054,120,1.47,0.7945,10,1.48,0.8,2,1.48,0.8,438,0
SPY190812P293,2019-08-09,2019-08-09 09:36:56,1.49,0.8054,162,1.46,0.7891,152,1.48,0.8,2,1.475,0.7972,438,0
SPY190812P293,2019-08-09,2019-08-09 09:36:57,1.48,0.8,4,1.47,0.7945,1,1.48,0.8,2,1.475,0.7972,438,0
SPY190812P293,2019-08-09,2019-08-09 09:36:57,1.49,0.8054,162,1.46,0.7891,152,1.48,0.8,2,1.475,0.7972,438,0
SPY190812P293,2019-08-09,2019-08-09 09:36:58,1.48,0.8,1,1.47,0.7945,10,1.48,0.8,2,1.475,0.7972,438,0
SPY190812P293,2019-08-09,2019-08-09 09:36:58,1.48,0.8,4,1.47,0.7945,4,1.48,0.8,2,1.475,0.7972,438,0
SPY190812P293,2019-08-09,2019-08-09 09:36:59,1.49,0.8054,171,1.46,0.7891,90,1.48,0.8,3,1.475,0.7972,441,3
SPY190812P293,2019-08-09,2019-08-09 09:36:59,1.47,0.7945,4,1.46,0.7891,70,1.48,0.8,2,1.465,0.7918,438,0
SPY190812P293,2019-08-09,2019-08-09 09:37:00,1.47,0.7945,4,1.45,0.7837,152,1.48,0.8,3,1.46,0.7891,441,0
SPY190812P293,2019-08-09,2019-08-09 09:37:00,1.48,0.8,68,1.46,0.7891,90,1.48,0.8,3,1.47,0.7945,441,0
SPY190812P293,2019-08-09,2019-08-09 09:37:01,1.47,0.7945,4,1.46,0.7891,6,1.48,0.8,3,1.465,0.7918,441,0
SPY190812P293,2019-08-09,2019-08-09 09:37:02,1.48,0.8,162,1.45,0.7837,5,1.45,0.7837,1,1.465,0.7918,443,2
SPY190812P293,2019-08-09,2019-08-09 09:37:02,1.46,0.7891,56,1.43,0.7729,6,1.45,0.7837,1,1.445,0.781,443,0
SPY190812P293,2019-08-09,2019-08-09 09:37:03,1.45,0.7837,6,1.43,0.7729,6,1.45,0.7837,1,1.44,0.7783,443,0
SPY190812P293,2019-08-09,2019-08-09 09:37:03,1.45,0.7837,79,1.43,0.7729,6,1.45,0.7837,1,1.44,0.7783,443,0
SPY190812P293,2019-08-09,2019-08-09 09:37:04,1.45,0.7837,79,1.43,0.7729,9,1.45,0.7837,1,1.44,0.7783,443,0
SPY190812P293,2019-08-09,2019-08-09 09:37:05,1.45,0.7837,115,1.43,0.7729,7,1.45,0.7837,1,1.44,0.7783,443,0
SPY190812P293,2019-08-09,2019-08-09 09:37:05,1.45,0.7837,50,1.43,0.7729,6,1.45,0.7837,1,1.44,0.7783,443,0
SPY190812P293,2019-08-09,2019-08-09 09:37:06,1.44,0.7783,1,1.43,0.7729,7,1.45,0.7837,1,1.435,0.7756,443,0
SPY190812P293,2019-08-09,2019-08-09 09:37:06,1.45,0.7837,6,1.43,0.7729,6,1.45,0.7837,1,1.44,0.7783,443,0
SPY190812P293,2019-08-09,2019-08-09 09:37:07,1.45,0.7837,99,1.43,0.7729,6,1.45,0.7837,1,1.44,0.7783,443,0
SPY190812P293,2019-08-09,2019-08-09 09:37:07,1.45,0.7837,99,1.42,0.7675,100,1.45,0.7837,1,1.435,0.7756,443,0
SPY190812P293,2019-08-09,2019-08-09 09:37:08,1.44,0.7783,151,1.43,0.7729,6,1.44,0.7783,2,1.435,0.7756,445,0
SPY190812P293,2019-08-09,2019-08-09 09:37:08,1.44,0.7783,151,1.42,0.7675,6,1.44,0.7783,2,1.43,0.7729,445,2
SPY190812P293,2019-08-09,2019-08-09 09:37:09,1.46,0.7891,125,1.43,0.7729,7,1.44,0.7783,2,1.445,0.781,445,0
SPY190812P293,2019-08-09,2019-08-09 09:37:09,1.45,0.7837,9,1.43,0.7729,9,1.44,0.7783,2,1.44,0.7783,445,0
SPY190812P293,2019-08-09,2019-08-09 09:37:10,1.44,0.7783,2,1.43,0.7729,6,1.44,0.7783,2,1.435,0.7756,445,0
SPY190812P293,2019-08-09,2019-08-09 09:37:11,1.44,0.7783,2,1.43,0.7729,9,1.44,0.7783,2,1.435,0.7756,445,0
SPY190812P293,2019-08-09,2019-08-09 09:37:11,1.44,0.7783,2,1.43,0.7729,6,1.44,0.7783,2,1.435,0.7756,445,0
SPY190812P293,2019-08-09,2019-08-09 09:37:12,1.44,0.7783,2,1.43,0.7729,10,1.44,0.7783,2,1.435,0.7756,445,0
SPY190812P293,2019-08-09,2019-08-09 09:37:12,1.44,0.7783,4,1.43,0.7729,10,1.44,0.7783,2,1.435,0.7756,445,0
SPY190812P293,2019-08-09,2019-08-09 09:37:13,1.44,0.7783,2,1.43,0.7729,10,1.44,0.7783,2,1.435,0.7756,445,0
SPY190812P293,2019-08-09,2019-08-09 09:37:14,1.44,0.7783,2,1.43,0.7729,6,1.44,0.7783,2,1.435,0.7756,445,0
SPY190812P293,2019-08-09,2019-08-09 09:37:14,1.44,0.7783,2,1.42,0.7675,154,1.44,0.7783,2,1.43,0.7729,445,0
SPY190812P293,2019-08-09,2019-08-09 09:37:15,1.44,0.7783,2,1.43,0.7729,6,1.44,0.7783,2,1.435,0.7756,445,0
SPY190812P293,2019-08-09,2019-08-09 09:37:16,1.44,0.7783,2,1.42,0.7675,6,1.44,0.7783,2,1.43,0.7729,445,0
SPY190812P293,2019-08-09,2019-08-09 09:37:17,1.43,0.7729,58,1.42,0.7675,6,1.44,0.7783,1,1.425,0.7702,446,1
SPY190812P293,2019-08-09,2019-08-09 09:37:17,1.43,0.7729,58,1.42,0.7675,6,1.44,0.7783,1,1.425,0.7702,446,0
SPY190812P293,2019-08-09,2019-08-09 09:37:18,1.43,0.7729,58,1.42,0.7675,6,1.44,0.7783,1,1.425,0.7702,446,0
SPY190812P293,2019-08-09,2019-08-09 09:37:18,1.43,0.7729,65,1.41,0.7621,135,1.44,0.7783,1,1.42,0.7675,446,0
SPY190812P293,2019-08-09,2019-08-09 09:37:19,1.43,0.7729,112,1.41,0.7621,43,1.44,0.7783,1,1.42,0.7675,446,0
SPY190812P293,2019-08-09,2019-08-09 09:37:19,1.42,0.7675,15,1.41,0.7621,43,1.44,0.7783,1,1.415,0.7648,446,0
SPY190812P293,2019-08-09,2019-08-09 09:37:20,1.43,0.7729,265,1.4,0.7567,53,1.44,0.7783,1,1.415,0.7648,446,0
SPY190812P293,2019-08-09,2019-08-09 09:37:20,1.42,0.7675,115,1.4,0.7567,32,1.44,0.7783,1,1.41,0.7621,446,0
SPY190812P293,2019-08-09,2019-08-09 09:37:21,1.42,0.7675,109,1.4,0.7567,32,1.44,0.7783,1,1.41,0.7621,446,0
SPY190812P293,2019-08-09,2019-08-09 09:37:21,1.42,0.7675,127,1.4,0.7567,26,1.44,0.7783,1,1.41,0.7621,446,0
SPY190812P293,2019-08-09,2019-08-09 09:37:22,1.4,0.7567,1,1.4,0.7567,37,1.4,0.7567,1,1.4,0.7567,534,38
SPY190812P293,2019-08-09,2019-08-09 09:37:22,1.42,0.7675,127,1.4,0.7567,37,1.4,0.7567,50,1.41,0.7621,496,50
SPY190812P293,2019-08-09,2019-08-09 09:37:23,1.4,0.7567,50,1.39,0.7513,104,1.4,0.7567,1,1.395,0.754,534,0
SPY190812P293,2019-08-09,2019-08-09 09:37:23,1.4,0.7567,50,1.36,0.7351,200,1.4,0.7567,1,1.38,0.7459,534,0
SPY190812P293,2019-08-09,2019-08-09 09:37:24,1.4,0.7567,50,1.37,0.7405,100,1.4,0.7567,1,1.385,0.7486,534,0
SPY190812P293,2019-08-09,2019-08-09 09:37:24,1.42,0.7675,75,1.38,0.7459,6,1.4,0.7567,1,1.4,0.7567,534,0
SPY190812P293,2019-08-09,2019-08-09 09:37:25,1.39,0.7513,95,1.36,0.7351,100,1.39,0.7513,7,1.375,0.7432,547,0
SPY190812P293,2019-08-09,2019-08-09 09:37:25,1.4,0.7567,141,1.39,0.7513,6,1.39,0.7513,7,1.395,0.754,547,13
SPY190812P293,2019-08-09,2019-08-09 09:37:26,1.38,0.7459,77,1.37,0.7405,7,1.39,0.7513,7,1.375,0.7432,547,0
SPY190812P293,2019-08-09,2019-08-09 09:37:26,1.38,0.7459,77,1.37,0.7405,10,1.39,0.7513,7,1.375,0.7432,547,0
SPY190812P293,2019-08-09,2019-08-09 09:37:27,1.38,0.7459,77,1.37,0.7405,6,1.39,0.7513,7,1.375,0.7432,547,0
SPY190812P293,2019-08-09,2019-08-09 09:37:28,1.38,0.7459,70,1.36,0.7351,6,1.39,0.7513,7,1.37,0.7405,547,0
SPY190812P293,2019-08-09,2019-08-09 09:37:28,1.38,0.7459,77,1.37,0.7405,6,1.39,0.7513,7,1.375,0.7432,547,0
SPY190812P293,2019-08-09,2019-08-09 09:37:29,1.36,0.7351,14,1.36,0.7351,6,1.39,0.7513,7,1.36,0.7351,547,0
SPY190812P293,2019-08-09,2019-08-09 09:37:29,1.37,0.7405,64,1.36,0.7351,6,1.39,0.7513,7,1.365,0.7378,547,0
SPY190812P293,2019-08-09,2019-08-09 09:37:30,1.37,0.7405,64,1.36,0.7351,6,1.39,0.7513,7,1.365,0.7378,547,0
SPY190812P293,2019-08-09,2019-08-09 09:37:31,1.36,0.7351,4,1.35,0.7297,9,1.39,0.7513,7,1.355,0.7324,547,0
SPY190812P293,2019-08-09,2019-08-09 09:37:31,1.36,0.7351,4,1.35,0.7297,10,1.39,0.7513,7,1.355,0.7324,547,0
SPY190812P293,2019-08-09,2019-08-09 09:37:32,1.36,0.7351,27,1.35,0.7297,9,1.35,0.7297,9,1.355,0.7324,556,9
SPY190812P293,2019-08-09,2019-08-09 09:37:32,1.36,0.7351,4,1.35,0.7297,9,1.39,0.7513,7,1.355,0.7324,547,0
SPY190812P293,2019-08-09,2019-08-09 09:37:33,1.35,0.7297,4,1.34,0.7243,16,1.35,0.7297,9,1.345,0.727,556,0
SPY190812P293,2019-08-09,2019-08-09 09:37:33,1.36,0.7351,156,1.34,0.7243,16,1.35,0.7297,9,1.35,0.7297,556,0
SPY190812P293,2019-08-09,2019-08-09 09:37:34,1.36,0.7351,21,1.32,0.7135,60,1.34,0.7243,1,1.34,0.7243,567,0
SPY190812P293,2019-08-09,2019-08-09 09:37:34,1.35,0.7297,52,1.34,0.7243,20,1.34,0.7243,1,1.345,0.727,567,11
SPY190812P293,2019-08-09,2019-08-09 09:37:35,1.35,0.7297,85,1.33,0.7189,28,1.33,0.7189,1,1.34,0.7243,568,1
SPY190812P293,2019-08-09,2019-08-09 09:37:35,1.35,0.7297,85,1.33,0.7189,6,1.34,0.7243,1,1.34,0.7243,567,0
SPY190812P293,2019-08-09,2019-08-09 09:37:36,1.34,0.7243,10,1.33,0.7189,4,1.33,0.7189,1,1.335,0.7216,568,0
SPY190812P293,2019-08-09,2019-08-09 09:37:36,1.35,0.7297,85,1.34,0.7243,1,1.33,0.7189,1,1.345,0.727,568,0
SPY190812P293,2019-08-09,2019-08-09 09:37:37,1.34,0.7243,156,1.32,0.7135,32,1.33,0.7189,1,1.33,0.7189,568,0
SPY190812P293,2019-08-09,2019-08-09 09:37:37,1.34,0.7243,7,1.33,0.7189,1,1.33,0.7189,1,1.335,0.7216,568,0
SPY190812P293,2019-08-09,2019-08-09 09:37:38,1.33,0.7189,6,1.31,0.7081,18,1.33,0.7189,1,1.32,0.7135,568,0
SPY190812P293,2019-08-09,2019-08-09 09:37:38,1.33,0.7189,156,1.31,0.7081,18,1.33,0.7189,1,1.32,0.7135,568,0
SPY190812P293,2019-08-09,2019-08-09 09:37:39,1.33,0.7189,156,1.31,0.7081,18,1.33,0.7189,1,1.32,0.7135,568,0
SPY190812P293,2019-08-09,2019-08-09 09:37:39,1.32,0.7135,181,1.3,0.7027,103,1.31,0.7081,1,1.31,0.7081,587,19
SPY190812P293,2019-08-09,2019-08-09 09:37:40,1.31,0.7081,1,1.3,0.7027,103,1.31,0.7081,1,1.305,0.7054,587,0
SPY190812P293,2019-08-09,2019-08-09 09:37:40,1.31,0.7081,8,1.3,0.7027,67,1.31,0.7081,1,1.305,0.7054,587,0
SPY190812P293,2019-08-09,2019-08-09 09:37:41,1.31,0.7081,7,1.3,0.7027,103,1.31,0.7081,1,1.305,0.7054,587,0
SPY190812P293,2019-08-09,2019-08-09 09:37:41,1.31,0.7081,8,1.3,0.7027,103,1.31,0.7081,1,1.305,0.7054,587,0
SPY190812P293,2019-08-09,2019-08-09 09:37:42,1.31,0.7081,6,1.3,0.7027,103,1.31,0.7081,1,1.305,0.7054,587,0
SPY190812P293,2019-08-09,2019-08-09 09:37:43,1.31,0.7081,6,1.29,0.6972,78,1.31,0.7081,1,1.3,0.7027,587,0
SPY190812P293,2019-08-09,2019-08-09 09:37:43,1.31,0.7081,6,1.29,0.6972,109,1.31,0.7081,1,1.3,0.7027,587,0
SPY190812P293,2019-08-09,2019-08-09 09:37:44,1.31,0.7081,3,1.29,0.6972,67,1.31,0.7081,1,1.3,0.7027,587,0
SPY190812P293,2019-08-09,2019-08-09 09:37:45,1.3,0.7027,2,1.29,0.6972,8,1.31,0.7081,1,1.295,0.7,587,0
SPY190812P293,2019-08-09,2019-08-09 09:37:45,1.3,0.7027,2,1.29,0.6972,33,1.31,0.7081,1,1.295,0.7,587,0
SPY190812P293,2019-08-09,2019-08-09 09:37:46,1.3,0.7027,2,1.28,0.6918,109,1.31,0.7081,1,1.29,0.6972,587,0
SPY190812P293,2019-08-09,2019-08-09 09:37:46,1.3,0.7027,2,1.29,0.6972,128,1.31,0.7081,1,1.295,0.7,587,0
SPY190812P293,2019-08-09,2019-08-09 09:37:47,1.3,0.7027,2,1.27,0.6864,258,1.31,0.7081,1,1.285,0.6945,587,0
SPY190812P293,2019-08-09,2019-08-09 09:37:47,1.29,0.6972,14,1.28,0.6918,8,1.31,0.7081,1,1.285,0.6945,587,0
SPY190812P293,2019-08-09,2019-08-09 09:37:48,1.29,0.6972,14,1.28,0.6918,8,1.31,0.7081,1,1.285,0.6945,587,0
SPY190812P293,2019-08-09,2019-08-09 09:37:49,1.29,0.6972,6,1.28,0.6918,1,1.31,0.7081,1,1.285,0.6945,587,0
SPY190812P293,2019-08-09,2019-08-09 09:37:50,1.29,0.6972,4,1.27,0.6864,109,1.31,0.7081,1,1.28,0.6918,587,0
SPY190812P293,2019-08-09,2019-08-09 09:37:50,1.28,0.6918,6,1.26,0.681,265,1.31,0.7081,1,1.27,0.6864,587,0
SPY190812P293,2019-08-09,2019-08-09 09:37:51,1.28,0.6918,6,1.26,0.681,276,1.31,0.7081,1,1.27,0.6864,587,0
SPY190812P293,2019-08-09,2019-08-09 09:37:52,1.27,0.6864,2,1.26,0.681,308,1.31,0.7081,1,1.265,0.6837,587,0
SPY190812P293,2019-08-09,2019-08-09 09:37:52,1.28,0.6918,14,1.26,0.681,276,1.31,0.7081,1,1.27,0.6864,587,0
SPY190812P293,2019-08-09,2019-08-09 09:37:53,1.27,0.6864,6,1.25,0.6756,7,1.31,0.7081,1,1.26,0.681,587,0
SPY190812P293,2019-08-09,2019-08-09 09:37:53,1.27,0.6864,2,1.26,0.681,159,1.31,0.7081,1,1.265,0.6837,587,0
SPY190812P293,2019-08-09,2019-08-09 09:37:54,1.27,0.6864,8,1.25,0.6756,8,1.31,0.7081,1,1.26,0.681,587,0
SPY190812P293,2019-08-09,2019-08-09 09:37:54,1.27,0.6864,6,1.25,0.6756,92,1.31,0.7081,1,1.26,0.681,587,0
SPY190812P293,2019-08-09,2019-08-09 09:37:55,1.27,0.6864,14,1.25,0.6756,5,1.31,0.7081,1,1.26,0.681,587,0
SPY190812P293,2019-08-09,2019-08-09 09:37:55,1.26,0.681,6,1.25,0.6756,92,1.31,0.7081,1,1.255,0.6783,587,0
SPY190812P293,2019-08-09,2019-08-09 09:37:56,1.26,0.681,6,1.25,0.6756,5,1.24,0.6702,7,1.255,0.6783,600,13
SPY190812P293,2019-08-09,2019-08-09 09:37:56,1.26,0.681,7,1.25,0.6756,5,1.31,0.7081,1,1.255,0.6783,587,0
SPY190812P293,2019-08-09,2019-08-09 09:37:57,1.27,0.6864,37,1.25,0.6756,5,1.24,0.6702,7,1.26,0.681,600,0
SPY190812P293,2019-08-09,2019-08-09 09:37:57,1.27,0.6864,67,1.25,0.6756,14,1.25,0.6756,6,1.26,0.681,607,7
SPY190812P293,2019-08-09,2019-08-09 09:37:58,1.27,0.6864,91,1.24,0.6702,262,1.24,0.6702,5,1.255,0.6783,612,5
SPY190812P293,2019-08-09,2019-08-09 09:37:58,1.26,0.681,8,1.25,0.6756,8,1.25,0.6756,6,1.255,0.6783,607,0
SPY190812P293,2019-08-09,2019-08-09 09:37:59,1.26,0.681,6,1.25,0.6756,6,1.26,0.681,20,1.255,0.6783,632,20
SPY190812P293,2019-08-09,2019-08-09 09:38:00,1.27,0.6864,6,1.25,0.6756,71,1.25,0.6756,1,1.26,0.681,633,0
SPY190812P293,2019-08-09,2019-08-09 09:38:00,1.27,0.6864,6,1.26,0.681,6,1.25,0.6756,1,1.265,0.6837,633,1
SPY190812P293,2019-08-09,2019-08-09 09:38:01,1.27,0.6864,90,1.25,0.6756,136,1.27,0.6864,2,1.26,0.681,635,2
SPY190812P293,2019-08-09,2019-08-09 09:38:01,1.27,0.6864,90,1.26,0.681,22,1.27,0.6864,15,1.265,0.6837,653,18
SPY190812P293,2019-08-09,2019-08-09 09:38:02,1.27,0.6864,90,1.27,0.6864,20,1.26,0.681,1,1.27,0.6864,656,3
SPY190812P293,2019-08-09,2019-08-09 09:38:03,1.28,0.6918,1,1.27,0.6864,19,1.26,0.681,1,1.275,0.6891,656,0
SPY190812P293,2019-08-09,2019-08-09 09:38:04,1.3,0.7027,6,1.28,0.6918,1,1.28,0.6918,1,1.29,0.6972,657,1
SPY190812P293,2019-08-09,2019-08-09 09:38:04,1.3,0.7027,9,1.27,0.6864,165,1.28,0.6918,1,1.285,0.6945,657,0
SPY190812P293,2019-08-09,2019-08-09 09:38:05,1.31,0.7081,8,1.29,0.6972,119,1.28,0.6918,1,1.3,0.7027,658,1
SPY190812P293,2019-08-09,2019-08-09 09:38:06,1.31,0.7081,9,1.29,0.6972,90,1.28,0.6918,1,1.3,0.7027,658,0
SPY190812P293,2019-08-09,2019-08-09 09:38:06,1.31,0.7081,6,1.3,0.7027,3,1.28,0.6918,1,1.305,0.7054,658,0
SPY190812P293,2019-08-09,2019-08-09 09:38:07,1.32,0.7135,6,1.3,0.7027,5,1.32,0.7135,2,1.31,0.7081,663,5
SPY190812P293,2019-08-09,2019-08-09 09:38:07,1.3,0.7027,6,1.28,0.6918,10,1.32,0.7135,2,1.29,0.6972,663,0
SPY190812P293,2019-08-09,2019-08-09 09:38:08,1.3,0.7027,6,1.28,0.6918,93,1.32,0.7135,2,1.29,0.6972,663,0
SPY190812P293,2019-08-09,2019-08-09 09:38:08,1.3,0.7027,6,1.28,0.6918,113,1.32,0.7135,2,1.29,0.6972,663,0
SPY190812P293,2019-08-09,2019-08-09 09:38:09,1.3,0.7027,10,1.28,0.6918,113,1.32,0.7135,2,1.29,0.6972,663,0
SPY190812P293,2019-08-09,2019-08-09 09:38:09,1.32,0.7135,1,1.3,0.7027,9,1.32,0.7135,13,1.31,0.7081,676,13
SPY190812P293,2019-08-09,2019-08-09 09:38:10,1.32,0.7135,10,1.3,0.7027,29,1.32,0.7135,13,1.31,0.7081,676,0
SPY190812P293,2019-08-09,2019-08-09 09:38:10,1.33,0.7189,6,1.31,0.7081,30,1.32,0.7135,13,1.32,0.7135,676,0
SPY190812P293,2019-08-09,2019-08-09 09:38:11,1.33,0.7189,4,1.31,0.7081,126,1.32,0.7135,13,1.32,0.7135,676,0
SPY190812P293,2019-08-09,2019-08-09 09:38:11,1.33,0.7189,10,1.3,0.7027,486,1.32,0.7135,13,1.315,0.7108,676,0
SPY190812P293,2019-08-09,2019-08-09 09:38:12,1.33,0.7189,8,1.31,0.7081,112,1.32,0.7135,13,1.32,0.7135,676,0
SPY190812P293,2019-08-09,2019-08-09 09:38:12,1.33,0.7189,8,1.31,0.7081,126,1.32,0.7135,13,1.32,0.7135,676,0
SPY190812P293,2019-08-09,2019-08-09 09:38:13,1.32,0.7135,6,1.3,0.7027,52,1.32,0.7135,13,1.31,0.7081,676,0
SPY190812P293,2019-08-09,2019-08-09 09:38:13,1.32,0.7135,6,1.3,0.7027,123,1.32,0.7135,13,1.31,0.7081,676,0
SPY190812P293,2019-08-09,2019-08-09 09:38:14,1.33,0.7189,67,1.3,0.7027,52,1.32,0.7135,13,1.315,0.7108,676,0
SPY190812P293,2019-08-09,2019-08-09 09:38:14,1.32,0.7135,7,1.3,0.7027,52,1.32,0.7135,13,1.31,0.7081,676,0
SPY190812P293,2019-08-09,2019-08-09 09:38:15,1.32,0.7135,7,1.3,0.7027,84,1.32,0.7135,13,1.31,0.7081,676,0
SPY190812P293,2019-08-09,2019-08-09 09:38:16,1.32,0.7135,6,1.3,0.7027,84,1.32,0.7135,13,1.31,0.7081,676,0
SPY190812P293,2019-08-09,2019-08-09 09:38:17,1.31,0.7081,6,1.29,0.6972,88,1.32,0.7135,13,1.3,0.7027,676,0
SPY190812P293,2019-08-09,2019-08-09 09:38:17,1.3,0.7027,106,1.25,0.6756,300,1.32,0.7135,13,1.275,0.6891,676,0
SPY190812P293,2019-08-09,2019-08-09 09:38:18,1.29,0.6972,137,1.27,0.6864,14,1.32,0.7135,13,1.28,0.6918,676,0
SPY190812P293,2019-08-09,2019-08-09 09:38:20,1.28,0.6918,14,1.27,0.6864,5,1.32,0.7135,13,1.275,0.6891,676,0
SPY190812P293,2019-08-09,2019-08-09 09:38:24,1.34,0.7243,121,1.32,0.7135,10,1.31,0.7081,1,1.33,0.7189,677,0
SPY190812P293,2019-08-09,2019-08-09 09:38:24,1.34,0.7243,121,1.32,0.7135,6,1.31,0.7081,1,1.33,0.7189,677,1
SPY190812P293,2019-08-09,2019-08-09 09:38:25,1.34,0.7243,115,1.32,0.7135,6,1.33,0.7189,1,1.33,0.7189,682,5
SPY190812P293,2019-08-09,2019-08-09 09:38:25,1.34,0.7243,121,1.32,0.7135,10,1.31,0.7081,1,1.33,0.7189,677,0
SPY190812P293,2019-08-09,2019-08-09 09:38:26,1.34,0.7243,115,1.33,0.7189,6,1.33,0.7189,1,1.335,0.7216,682,0
SPY190812P293,2019-08-09,2019-08-09 09:38:27,1.34,0.7243,115,1.33,0.7189,6,1.33,0.7189,1,1.335,0.7216,682,0
SPY190812P293,2019-08-09,2019-08-09 09:38:27,1.35,0.7297,106,1.33,0.7189,9,1.33,0.7189,1,1.34,0.7243,682,0
SPY190812P293,2019-08-09,2019-08-09 09:38:28,1.35,0.7297,54,1.33,0.7189,100,1.33,0.7189,1,1.34,0.7243,682,0
SPY190812P293,2019-08-09,2019-08-09 09:38:28,1.35,0.7297,12,1.33,0.7189,161,1.33,0.7189,1,1.34,0.7243,682,0
SPY190812P293,2019-08-09,2019-08-09 09:38:29,1.35,0.7297,4,1.33,0.7189,100,1.33,0.7189,1,1.34,0.7243,682,0
SPY190812P293,2019-08-09,2019-08-09 09:38:29,1.35,0.7297,4,1.33,0.7189,129,1.33,0.7189,1,1.34,0.7243,682,0
SPY190812P293,2019-08-09,2019-08-09 09:38:30,1.35,0.7297,6,1.34,0.7243,6,1.33,0.7189,1,1.345,0.727,682,0
SPY190812P293,2019-08-09,2019-08-09 09:38:30,1.36,0.7351,215,1.33,0.7189,109,1.33,0.7189,1,1.345,0.727,682,0
SPY190812P293,2019-08-09,2019-08-09 09:38:31,1.35,0.7297,17,1.33,0.7189,27,1.33,0.7189,1,1.34,0.7243,682,0
SPY190812P293,2019-08-09,2019-08-09 09:38:31,1.36,0.7351,218,1.33,0.7189,27,1.33,0.7189,1,1.345,0.727,682,0
SPY190812P293,2019-08-09,2019-08-09 09:38:32,1.34,0.7243,6,1.33,0.7189,4,1.34,0.7243,1,1.335,0.7216,687,1
SPY190812P293,2019-08-09,2019-08-09 09:38:32,1.35,0.7297,6,1.34,0.7243,4,1.34,0.7243,3,1.345,0.727,686,4
SPY190812P293,2019-08-09,2019-08-09 09:38:33,1.34,0.7243,17,1.33,0.7189,27,1.34,0.7243,1,1.335,0.7216,687,0
SPY190812P293,2019-08-09,2019-08-09 09:38:33,1.34,0.7243,6,1.33,0.7189,4,1.34,0.7243,1,1.335,0.7216,687,0
SPY190812P293,2019-08-09,2019-08-09 09:38:34,1.33,0.7189,12,1.32,0.7135,74,1.33,0.7189,4,1.325,0.7162,691,4
SPY190812P293,2019-08-09,2019-08-09 09:38:34,1.34,0.7243,17,1.33,0.7189,4,1.34,0.7243,1,1.335,0.7216,687,0
SPY190812P293,2019-08-09,2019-08-09 09:38:35,1.33,0.7189,114,1.31,0.7081,6,1.33,0.7189,4,1.32,0.7135,691,0
SPY190812P293,2019-08-09,2019-08-09 09:38:36,1.33,0.7189,114,1.31,0.7081,31,1.33,0.7189,4,1.32,0.7135,691,0
SPY190812P293,2019-08-09,2019-08-09 09:38:36,1.32,0.7135,64,1.3,0.7027,72,1.33,0.7189,4,1.31,0.7081,691,0
SPY190812P293,2019-08-09,2019-08-09 09:38:37,1.32,0.7135,4,1.31,0.7081,7,1.33,0.7189,4,1.315,0.7108,691,0
SPY190812P293,2019-08-09,2019-08-09 09:38:37,1.33,0.7189,159,1.31,0.7081,7,1.33,0.7189,4,1.32,0.7135,691,0
SPY190812P293,2019-08-09,2019-08-09 09:38:38,1.34,0.7243,16,1.32,0.7135,6,1.33,0.7189,4,1.33,0.7189,691,0
SPY190812P293,2019-08-09,2019-08-09 09:38:39,1.33,0.7189,1,1.32,0.7135,7,1.33,0.7189,4,1.325,0.7162,691,0
SPY190812P293,2019-08-09,2019-08-09 09:38:39,1.34,0.7243,144,1.32,0.7135,6,1.33,0.7189,4,1.33,0.7189,691,0
SPY190812P293,2019-08-09,2019-08-09 09:38:40,1.34,0.7243,144,1.32,0.7135,6,1.33,0.7189,4,1.33,0.7189,691,0
SPY190812P293,2019-08-09,2019-08-09 09:38:40,1.34,0.7243,16,1.33,0.7189,6,1.33,0.7189,4,1.335,0.7216,691,0
SPY190812P293,2019-08-09,2019-08-09 09:38:41,1.34,0.7243,16,1.32,0.7135,114,1.33,0.7189,4,1.33,0.7189,691,0
SPY190812P293,2019-08-09,2019-08-09 09:38:41,1.34,0.7243,16,1.31,0.7081,73,1.33,0.7189,4,1.325,0.7162,691,0
SPY190812P293,2019-08-09,2019-08-09 09:38:42,1.34,0.7243,16,1.31,0.7081,83,1.33,0.7189,4,1.325,0.7162,691,0
SPY190812P293,2019-08-09,2019-08-09 09:38:42,1.34,0.7243,16,1.31,0.7081,172,1.32,0.7135,2,1.325,0.7162,693,2
SPY190812P293,2019-08-09,2019-08-09 09:38:43,1.34,0.7243,16,1.32,0.7135,125,1.32,0.7135,2,1.33,0.7189,693,0
SPY190812P293,2019-08-09,2019-08-09 09:38:43,1.34,0.7243,59,1.32,0.7135,125,1.32,0.7135,2,1.33,0.7189,693,0
SPY190812P293,2019-08-09,2019-08-09 09:38:44,1.34,0.7243,59,1.32,0.7135,125,1.32,0.7135,2,1.33,0.7189,693,0
SPY190812P293,2019-08-09,2019-08-09 09:38:45,1.34,0.7243,16,1.32,0.7135,6,1.32,0.7135,2,1.33,0.7189,693,0
